市场代码,合约代码,时间,最新,持仓,增仓,成交额,成交量,开仓,平仓,成交类型,方向,买一价,买二价,买三价,买四价,买五价,卖一价,卖二价,卖三价,卖四价,卖五价,买一量,买二量,买三量,买四量,买五量,卖一量,卖二量,卖三量,卖四量,卖五量
zc,TA305,2012-06-20 07:46:55.337,0.0000,1454,0,0.0000,0.0000,0,0,空换,S,0.0000,0.0000,0.0000,0.0000,0.0000,0.0000,0.0000,0.0000,0.0000,0.0000,0,0,0,0,0,0,0,0,0,0
zc,TA305,2012-06-20 08:17:57.820,0.0000,1454,0,0.0000,0.0000,0,0,空换,S,0.0000,0.0000,0.0000,0.0000,0.0000,0.0000,0.0000,0.0000,0.0000,0.0000,0,0,0,0,0,0,0,0,0,0
zc,TA305,2012-06-20 08:27:57.820,0.0000,1454,0,0.0000,0.0000,0,0,空换,S,0.0000,0.0000,0.0000,0.0000,0.0000,0.0000,0.0000,0.0000,0.0000,0.0000,0,0,0,0,0,0,0,0,0,0
zc,TA305,2012-06-20 08:33:57.803,0.0000,1454,0,0.0000,0.0000,0,0,空换,S,0.0000,0.0000,0.0000,0.0000,0.0000,0.0000,0.0000,0.0000,0.0000,0.0000,0,0,0,0,0,0,0,0,0,0
zc,TA305,2012-06-20 09:00:00.757,7428.0000,1452,-2,0.0000,2.0000,0,2,双平,B,7424.0000,0.0000,0.0000,0.0000,0.0000,7792.0000,0.0000,0.0000,0.0000,0.0000,12,0,0,0,0,3,0,0,0,0
zc,TA305,2012-06-20 09:00:01.570,7428.0000,1452,0,0.0000,0.0000,0,0,多换,B,7428.0000,0.0000,0.0000,0.0000,0.0000,7444.0000,0.0000,0.0000,0.0000,0.0000,9,0,0,0,0,3,0,0,0,0
zc,TA305,2012-06-20 09:00:03.303,7428.0000,1452,0,0.0000,0.0000,0,0,多换,B,7432.0000,0.0000,0.0000,0.0000,0.0000,7446.0000,0.0000,0.0000,0.0000,0.0000,2,0,0,0,0,3,0,0,0,0
zc,TA305,2012-06-20 09:00:04.803,7428.0000,1452,0,0.0000,0.0000,0,0,多换,B,7434.0000,0.0000,0.0000,0.0000,0.0000,7444.0000,0.0000,0.0000,0.0000,0.0000,1,0,0,0,0,1,0,0,0,0
zc,TA305,2012-06-20 09:00:05.273,7428.0000,1452,0,0.0000,0.0000,0,0,多换,B,7436.0000,0.0000,0.0000,0.0000,0.0000,7446.0000,0.0000,0.0000,0.0000,0.0000,1,0,0,0,0,3,0,0,0,0
zc,TA305,2012-06-20 09:00:06.007,7428.0000,1452,0,0.0000,0.0000,0,0,多换,B,7434.0000,0.0000,0.0000,0.0000,0.0000,7446.0000,0.0000,0.0000,0.0000,0.0000,1,0,0,0,0,3,0,0,0,0
zc,TA305,2012-06-20 09:00:07.273,7428.0000,1452,0,0.0000,0.0000,0,0,多换,B,7436.0000,0.0000,0.0000,0.0000,0.0000,7446.0000,0.0000,0.0000,0.0000,0.0000,1,0,0,0,0,3,0,0,0,0
zc,TA305,2012-06-20 09:00:07.757,7428.0000,1452,0,0.0000,0.0000,0,0,多换,B,7438.0000,0.0000,0.0000,0.0000,0.0000,7448.0000,0.0000,0.0000,0.0000,0.0000,1,0,0,0,0,3,0,0,0,0
zc,TA305,2012-06-20 09:00:09.273,7428.0000,1452,0,0.0000,0.0000,0,0,多换,B,7440.0000,0.0000,0.0000,0.0000,0.0000,7444.0000,0.0000,0.0000,0.0000,0.0000,2,0,0,0,0,3,0,0,0,0
zc,TA305,2012-06-20 09:00:09.757,7428.0000,1452,0,0.0000,0.0000,0,0,多换,B,7434.0000,0.0000,0.0000,0.0000,0.0000,7450.0000,0.0000,0.0000,0.0000,0.0000,1,0,0,0,0,3,0,0,0,0
zc,TA305,2012-06-20 09:00:10.523,7428.0000,1452,0,0.0000,0.0000,0,0,多换,B,7438.0000,0.0000,0.0000,0.0000,0.0000,7450.0000,0.0000,0.0000,0.0000,0.0000,1,0,0,0,0,3,0,0,0,0
zc,TA305,2012-06-20 09:00:10.757,7428.0000,1452,0,0.0000,0.0000,0,0,多换,B,7436.0000,0.0000,0.0000,0.0000,0.0000,7446.0000,0.0000,0.0000,0.0000,0.0000,3,0,0,0,0,1,0,0,0,0
zc,TA305,2012-06-20 09:00:11.477,7428.0000,1452,0,0.0000,0.0000,0,0,多换,B,7438.0000,0.0000,0.0000,0.0000,0.0000,7444.0000,0.0000,0.0000,0.0000,0.0000,2,0,0,0,0,3,0,0,0,0
zc,TA305,2012-06-20 09:00:11.977,7428.0000,1452,0,0.0000,0.0000,0,0,多换,B,7438.0000,0.0000,0.0000,0.0000,0.0000,7450.0000,0.0000,0.0000,0.0000,0.0000,1,0,0,0,0,4,0,0,0,0
zc,TA305,2012-06-20 09:00:12.993,7428.0000,1452,0,0.0000,0.0000,0,0,多换,B,7436.0000,0.0000,0.0000,0.0000,0.0000,7448.0000,0.0000,0.0000,0.0000,0.0000,1,0,0,0,0,1,0,0,0,0
zc,TA305,2012-06-20 09:00:13.507,7428.0000,1452,0,0.0000,0.0000,0,0,多换,B,7438.0000,0.0000,0.0000,0.0000,0.0000,7446.0000,0.0000,0.0000,0.0000,0.0000,2,0,0,0,0,3,0,0,0,0
zc,TA305,2012-06-20 09:00:14.243,7428.0000,1452,0,0.0000,0.0000,0,0,多换,B,7436.0000,0.0000,0.0000,0.0000,0.0000,7446.0000,0.0000,0.0000,0.0000,0.0000,2,0,0,0,0,3,0,0,0,0
zc,TA305,2012-06-20 09:00:14.477,7428.0000,1452,0,0.0000,0.0000,0,0,多换,B,7436.0000,0.0000,0.0000,0.0000,0.0000,7442.0000,0.0000,0.0000,0.0000,0.0000,2,0,0,0,0,3,0,0,0,0
zc,TA305,2012-06-20 09:00:15.227,7428.0000,1452,0,0.0000,0.0000,0,0,多换,B,7430.0000,0.0000,0.0000,0.0000,0.0000,7440.0000,0.0000,0.0000,0.0000,0.0000,1,0,0,0,0,3,0,0,0,0
zc,TA305,2012-06-20 09:00:15.743,7428.0000,1452,0,0.0000,0.0000,0,0,多换,B,7430.0000,0.0000,0.0000,0.0000,0.0000,7438.0000,0.0000,0.0000,0.0000,0.0000,2,0,0,0,0,3,0,0,0,0
zc,TA305,2012-06-20 09:00:16.210,7428.0000,1452,0,0.0000,0.0000,0,0,多换,B,7428.0000,0.0000,0.0000,0.0000,0.0000,7438.0000,0.0000,0.0000,0.0000,0.0000,1,0,0,0,0,3,0,0,0,0
zc,TA305,2012-06-20 09:00:16.697,7428.0000,1452,0,0.0000,0.0000,0,0,多换,B,7428.0000,0.0000,0.0000,0.0000,0.0000,7438.0000,0.0000,0.0000,0.0000,0.0000,2,0,0,0,0,3,0,0,0,0
zc,TA305,2012-06-20 09:00:17.507,7428.0000,1452,0,0.0000,0.0000,0,0,多换,B,7428.0000,0.0000,0.0000,0.0000,0.0000,7436.0000,0.0000,0.0000,0.0000,0.0000,2,0,0,0,0,2,0,0,0,0
zc,TA305,2012-06-20 09:00:18.227,7428.0000,1452,0,0.0000,0.0000,0,0,多换,B,7424.0000,0.0000,0.0000,0.0000,0.0000,7438.0000,0.0000,0.0000,0.0000,0.0000,1,0,0,0,0,3,0,0,0,0
zc,TA305,2012-06-20 09:00:18.447,7428.0000,1452,0,0.0000,0.0000,0,0,多换,B,7426.0000,0.0000,0.0000,0.0000,0.0000,7430.0000,0.0000,0.0000,0.0000,0.0000,2,0,0,0,0,10,0,0,0,0
zc,TA305,2012-06-20 09:00:20.243,7428.0000,1452,0,0.0000,0.0000,0,0,多换,B,7428.0000,0.0000,0.0000,0.0000,0.0000,7430.0000,0.0000,0.0000,0.0000,0.0000,1,0,0,0,0,10,0,0,0,0
zc,TA305,2012-06-20 09:00:21.743,7428.0000,1452,0,0.0000,0.0000,0,0,多换,B,7428.0000,0.0000,0.0000,0.0000,0.0000,7430.0000,0.0000,0.0000,0.0000,0.0000,3,0,0,0,0,10,0,0,0,0
zc,TA305,2012-06-20 09:00:23.007,7430.0000,1448,-4,0.0000,4.0000,0,4,双平,B,7428.0000,0.0000,0.0000,0.0000,0.0000,7430.0000,0.0000,0.0000,0.0000,0.0000,3,0,0,0,0,8,0,0,0,0
zc,TA305,2012-06-20 09:00:23.757,7430.0000,1444,-4,0.0000,4.0000,0,4,双平,B,7428.0000,0.0000,0.0000,0.0000,0.0000,7430.0000,0.0000,0.0000,0.0000,0.0000,1,0,0,0,0,6,0,0,0,0
zc,TA305,2012-06-20 09:00:25.757,7430.0000,1444,0,0.0000,0.0000,0,0,多换,B,7426.0000,0.0000,0.0000,0.0000,0.0000,7430.0000,0.0000,0.0000,0.0000,0.0000,1,0,0,0,0,6,0,0,0,0
zc,TA305,2012-06-20 09:00:26.243,7430.0000,1444,0,0.0000,0.0000,0,0,多换,B,7428.0000,0.0000,0.0000,0.0000,0.0000,7430.0000,0.0000,0.0000,0.0000,0.0000,1,0,0,0,0,6,0,0,0,0
zc,TA305,2012-06-20 09:00:27.757,7430.0000,1444,0,0.0000,0.0000,0,0,多换,B,7426.0000,0.0000,0.0000,0.0000,0.0000,7430.0000,0.0000,0.0000,0.0000,0.0000,1,0,0,0,0,6,0,0,0,0
zc,TA305,2012-06-20 09:00:32.993,7430.0000,1444,0,0.0000,0.0000,0,0,多换,B,7424.0000,0.0000,0.0000,0.0000,0.0000,7430.0000,0.0000,0.0000,0.0000,0.0000,1,0,0,0,0,6,0,0,0,0
zc,TA305,2012-06-20 09:00:34.493,7430.0000,1444,0,0.0000,0.0000,0,0,多换,B,7422.0000,0.0000,0.0000,0.0000,0.0000,7430.0000,0.0000,0.0000,0.0000,0.0000,1,0,0,0,0,6,0,0,0,0
zc,TA305,2012-06-20 09:00:34.960,7430.0000,1444,0,0.0000,0.0000,0,0,多换,B,7424.0000,0.0000,0.0000,0.0000,0.0000,7430.0000,0.0000,0.0000,0.0000,0.0000,1,0,0,0,0,6,0,0,0,0
zc,TA305,2012-06-20 09:00:35.757,7430.0000,1444,0,0.0000,8.0000,4,4,多换,B,7424.0000,0.0000,0.0000,0.0000,0.0000,7430.0000,0.0000,0.0000,0.0000,0.0000,1,0,0,0,0,2,0,0,0,0
zc,TA305,2012-06-20 09:00:36.243,7430.0000,1444,0,0.0000,0.0000,0,0,多换,B,7422.0000,0.0000,0.0000,0.0000,0.0000,7430.0000,0.0000,0.0000,0.0000,0.0000,3,0,0,0,0,2,0,0,0,0
zc,TA305,2012-06-20 09:00:36.960,7430.0000,1444,0,0.0000,0.0000,0,0,多换,B,7420.0000,0.0000,0.0000,0.0000,0.0000,7430.0000,0.0000,0.0000,0.0000,0.0000,1,0,0,0,0,2,0,0,0,0
zc,TA305,2012-06-20 09:00:37.447,7430.0000,1444,0,0.0000,0.0000,0,0,多换,B,7420.0000,0.0000,0.0000,0.0000,0.0000,7430.0000,0.0000,0.0000,0.0000,0.0000,1,0,0,0,0,4,0,0,0,0
zc,TA305,2012-06-20 09:00:38.257,7430.0000,1444,0,0.0000,0.0000,0,0,多换,B,7418.0000,0.0000,0.0000,0.0000,0.0000,7430.0000,0.0000,0.0000,0.0000,0.0000,1,0,0,0,0,5,0,0,0,0
zc,TA305,2012-06-20 09:00:38.710,7430.0000,1444,0,0.0000,0.0000,0,0,多换,B,7418.0000,0.0000,0.0000,0.0000,0.0000,7428.0000,0.0000,0.0000,0.0000,0.0000,1,0,0,0,0,2,0,0,0,0
zc,TA305,2012-06-20 09:00:40.710,7430.0000,1446,2,0.0000,2.0000,2,0,双开,B,7418.0000,0.0000,0.0000,0.0000,0.0000,7428.0000,0.0000,0.0000,0.0000,0.0000,1,0,0,0,0,1,0,0,0,0
zc,TA305,2012-06-20 09:00:42.947,7430.0000,1446,0,0.0000,0.0000,0,0,多换,B,7418.0000,0.0000,0.0000,0.0000,0.0000,7430.0000,0.0000,0.0000,0.0000,0.0000,1,0,0,0,0,2,0,0,0,0
zc,TA305,2012-06-20 09:00:43.727,7430.0000,1446,0,0.0000,0.0000,0,0,多换,B,7418.0000,0.0000,0.0000,0.0000,0.0000,7430.0000,0.0000,0.0000,0.0000,0.0000,1,0,0,0,0,3,0,0,0,0
zc,TA305,2012-06-20 09:00:44.147,7430.0000,1446,0,0.0000,0.0000,0,0,多换,B,7418.0000,0.0000,0.0000,0.0000,0.0000,7428.0000,0.0000,0.0000,0.0000,0.0000,1,0,0,0,0,1,0,0,0,0
zc,TA305,2012-06-20 09:00:45.007,7430.0000,1446,0,0.0000,0.0000,0,0,多换,B,7414.0000,0.0000,0.0000,0.0000,0.0000,7426.0000,0.0000,0.0000,0.0000,0.0000,1,0,0,0,0,3,0,0,0,0
zc,TA305,2012-06-20 09:00:45.743,7430.0000,1446,0,0.0000,0.0000,0,0,多换,B,7414.0000,0.0000,0.0000,0.0000,0.0000,7424.0000,0.0000,0.0000,0.0000,0.0000,1,0,0,0,0,1,0,0,0,0
zc,TA305,2012-06-20 09:00:46.447,7430.0000,1446,0,0.0000,0.0000,0,0,多换,B,7418.0000,0.0000,0.0000,0.0000,0.0000,7428.0000,0.0000,0.0000,0.0000,0.0000,1,0,0,0,0,1,0,0,0,0
zc,TA305,2012-06-20 09:00:47.210,7430.0000,1446,0,0.0000,0.0000,0,0,多换,B,7416.0000,0.0000,0.0000,0.0000,0.0000,7428.0000,0.0000,0.0000,0.0000,0.0000,1,0,0,0,0,1,0,0,0,0
zc,TA305,2012-06-20 09:00:48.210,7430.0000,1446,0,0.0000,0.0000,0,0,多换,B,7416.0000,0.0000,0.0000,0.0000,0.0000,7428.0000,0.0000,0.0000,0.0000,0.0000,1,0,0,0,0,2,0,0,0,0
zc,TA305,2012-06-20 09:00:48.743,7430.0000,1446,0,0.0000,0.0000,0,0,多换,B,7416.0000,0.0000,0.0000,0.0000,0.0000,7428.0000,0.0000,0.0000,0.0000,0.0000,1,0,0,0,0,4,0,0,0,0
zc,TA305,2012-06-20 09:00:49.210,7430.0000,1446,0,0.0000,0.0000,0,0,多换,B,7416.0000,0.0000,0.0000,0.0000,0.0000,7426.0000,0.0000,0.0000,0.0000,0.0000,1,0,0,0,0,1,0,0,0,0
zc,TA305,2012-06-20 09:00:51.447,7430.0000,1446,0,0.0000,0.0000,0,0,多换,B,7414.0000,0.0000,0.0000,0.0000,0.0000,7426.0000,0.0000,0.0000,0.0000,0.0000,3,0,0,0,0,1,0,0,0,0
zc,TA305,2012-06-20 09:00:51.977,7430.0000,1446,0,0.0000,0.0000,0,0,多换,B,7416.0000,0.0000,0.0000,0.0000,0.0000,7426.0000,0.0000,0.0000,0.0000,0.0000,1,0,0,0,0,1,0,0,0,0
zc,TA305,2012-06-20 09:00:54.227,7430.0000,1446,0,0.0000,0.0000,0,0,多换,B,7418.0000,0.0000,0.0000,0.0000,0.0000,7428.0000,0.0000,0.0000,0.0000,0.0000,1,0,0,0,0,1,0,0,0,0
zc,TA305,2012-06-20 09:00:54.743,7430.0000,1446,0,0.0000,0.0000,0,0,多换,B,7416.0000,0.0000,0.0000,0.0000,0.0000,7426.0000,0.0000,0.0000,0.0000,0.0000,1,0,0,0,0,1,0,0,0,0
zc,TA305,2012-06-20 09:00:55.960,7430.0000,1446,0,0.0000,0.0000,0,0,多换,B,7414.0000,0.0000,0.0000,0.0000,0.0000,7426.0000,0.0000,0.0000,0.0000,0.0000,3,0,0,0,0,4,0,0,0,0
zc,TA305,2012-06-20 09:00:56.727,7430.0000,1446,0,0.0000,0.0000,0,0,多换,B,7414.0000,0.0000,0.0000,0.0000,0.0000,7426.0000,0.0000,0.0000,0.0000,0.0000,1,0,0,0,0,3,0,0,0,0
zc,TA305,2012-06-20 09:00:57.243,7430.0000,1446,0,0.0000,0.0000,0,0,多换,B,7416.0000,0.0000,0.0000,0.0000,0.0000,7424.0000,0.0000,0.0000,0.0000,0.0000,1,0,0,0,0,1,0,0,0,0
zc,TA305,2012-06-20 09:00:57.850,7430.0000,1446,0,0.0000,0.0000,0,0,多换,B,7414.0000,0.0000,0.0000,0.0000,0.0000,7424.0000,0.0000,0.0000,0.0000,0.0000,1,0,0,0,0,1,0,0,0,0
zc,TA305,2012-06-20 09:00:58.007,7430.0000,1446,0,0.0000,0.0000,0,0,多换,B,7414.0000,0.0000,0.0000,0.0000,0.0000,7424.0000,0.0000,0.0000,0.0000,0.0000,1,0,0,0,0,1,0,0,0,0
zc,TA305,2012-06-20 09:00:58.697,7430.0000,1446,0,0.0000,0.0000,0,0,多换,B,7414.0000,0.0000,0.0000,0.0000,0.0000,7428.0000,0.0000,0.0000,0.0000,0.0000,1,0,0,0,0,4,0,0,0,0
zc,TA305,2012-06-20 09:00:59.460,7430.0000,1446,0,0.0000,0.0000,0,0,多换,B,7414.0000,0.0000,0.0000,0.0000,0.0000,7426.0000,0.0000,0.0000,0.0000,0.0000,1,0,0,0,0,4,0,0,0,0
zc,TA305,2012-06-20 09:00:59.930,7430.0000,1446,0,0.0000,0.0000,0,0,多换,B,7414.0000,0.0000,0.0000,0.0000,0.0000,7424.0000,0.0000,0.0000,0.0000,0.0000,1,0,0,0,0,1,0,0,0,0
zc,TA305,2012-06-20 09:01:01.930,7430.0000,1446,0,0.0000,0.0000,0,0,多换,B,7414.0000,0.0000,0.0000,0.0000,0.0000,7428.0000,0.0000,0.0000,0.0000,0.0000,1,0,0,0,0,1,0,0,0,0
zc,TA305,2012-06-20 09:01:03.180,7430.0000,1446,0,0.0000,0.0000,0,0,多换,B,7414.0000,0.0000,0.0000,0.0000,0.0000,7428.0000,0.0000,0.0000,0.0000,0.0000,1,0,0,0,0,2,0,0,0,0
zc,TA305,2012-06-20 09:01:03.993,7430.0000,1446,0,0.0000,0.0000,0,0,多换,B,7414.0000,0.0000,0.0000,0.0000,0.0000,7426.0000,0.0000,0.0000,0.0000,0.0000,1,0,0,0,0,3,0,0,0,0
zc,TA305,2012-06-20 09:01:04.710,7430.0000,1446,0,0.0000,0.0000,0,0,多换,B,7414.0000,0.0000,0.0000,0.0000,0.0000,7426.0000,0.0000,0.0000,0.0000,0.0000,1,0,0,0,0,1,0,0,0,0
zc,TA305,2012-06-20 09:01:05.493,7430.0000,1446,0,0.0000,0.0000,0,0,多换,B,7418.0000,0.0000,0.0000,0.0000,0.0000,7428.0000,0.0000,0.0000,0.0000,0.0000,1,0,0,0,0,2,0,0,0,0
zc,TA305,2012-06-20 09:01:05.960,7430.0000,1446,0,0.0000,0.0000,0,0,多换,B,7416.0000,0.0000,0.0000,0.0000,0.0000,7428.0000,0.0000,0.0000,0.0000,0.0000,1,0,0,0,0,5,0,0,0,0
zc,TA305,2012-06-20 09:01:06.460,7430.0000,1446,0,0.0000,0.0000,0,0,多换,B,7416.0000,0.0000,0.0000,0.0000,0.0000,7428.0000,0.0000,0.0000,0.0000,0.0000,1,0,0,0,0,4,0,0,0,0
zc,TA305,2012-06-20 09:01:07.163,7430.0000,1446,0,0.0000,0.0000,0,0,多换,B,7416.0000,0.0000,0.0000,0.0000,0.0000,7426.0000,0.0000,0.0000,0.0000,0.0000,1,0,0,0,0,1,0,0,0,0
zc,TA305,2012-06-20 09:01:07.710,7430.0000,1446,0,0.0000,0.0000,0,0,多换,B,7418.0000,0.0000,0.0000,0.0000,0.0000,7426.0000,0.0000,0.0000,0.0000,0.0000,1,0,0,0,0,1,0,0,0,0
zc,TA305,2012-06-20 09:01:08.447,7430.0000,1446,0,0.0000,0.0000,0,0,多换,B,7416.0000,0.0000,0.0000,0.0000,0.0000,7428.0000,0.0000,0.0000,0.0000,0.0000,1,0,0,0,0,1,0,0,0,0
zc,TA305,2012-06-20 09:01:08.993,7430.0000,1446,0,0.0000,0.0000,0,0,多换,B,7416.0000,0.0000,0.0000,0.0000,0.0000,7428.0000,0.0000,0.0000,0.0000,0.0000,1,0,0,0,0,5,0,0,0,0
zc,TA305,2012-06-20 09:01:09.663,7430.0000,1446,0,0.0000,0.0000,0,0,多换,B,7420.0000,0.0000,0.0000,0.0000,0.0000,7428.0000,0.0000,0.0000,0.0000,0.0000,1,0,0,0,0,1,0,0,0,0
zc,TA305,2012-06-20 09:01:15.210,7430.0000,1446,0,0.0000,0.0000,0,0,多换,B,7418.0000,0.0000,0.0000,0.0000,0.0000,7428.0000,0.0000,0.0000,0.0000,0.0000,1,0,0,0,0,1,0,0,0,0
zc,TA305,2012-06-20 09:01:15.680,7430.0000,1446,0,0.0000,0.0000,0,0,多换,B,7418.0000,0.0000,0.0000,0.0000,0.0000,7428.0000,0.0000,0.0000,0.0000,0.0000,1,0,0,0,0,2,0,0,0,0
zc,TA305,2012-06-20 09:01:16.460,7430.0000,1446,0,0.0000,0.0000,0,0,多换,B,7422.0000,0.0000,0.0000,0.0000,0.0000,7428.0000,0.0000,0.0000,0.0000,0.0000,1,0,0,0,0,1,0,0,0,0
zc,TA305,2012-06-20 09:01:16.960,7430.0000,1446,0,0.0000,0.0000,0,0,多换,B,7424.0000,0.0000,0.0000,0.0000,0.0000,7428.0000,0.0000,0.0000,0.0000,0.0000,1,0,0,0,0,1,0,0,0,0
zc,TA305,2012-06-20 09:01:21.947,7428.0000,1446,0,0.0000,2.0000,1,1,空换,S,7426.0000,0.0000,0.0000,0.0000,0.0000,7430.0000,0.0000,0.0000,0.0000,0.0000,1,0,0,0,0,2,0,0,0,0
zc,TA305,2012-06-20 09:01:22.727,7428.0000,1446,0,0.0000,0.0000,0,0,空换,S,7424.0000,0.0000,0.0000,0.0000,0.0000,7430.0000,0.0000,0.0000,0.0000,0.0000,2,0,0,0,0,2,0,0,0,0
zc,TA305,2012-06-20 09:01:23.210,7428.0000,1446,0,0.0000,0.0000,0,0,空换,S,7424.0000,0.0000,0.0000,0.0000,0.0000,7430.0000,0.0000,0.0000,0.0000,0.0000,1,0,0,0,0,2,0,0,0,0
zc,TA305,2012-06-20 09:01:23.977,7428.0000,1446,0,0.0000,0.0000,0,0,空换,S,7426.0000,0.0000,0.0000,0.0000,0.0000,7430.0000,0.0000,0.0000,0.0000,0.0000,1,0,0,0,0,2,0,0,0,0
zc,TA305,2012-06-20 09:01:24.430,7428.0000,1446,0,0.0000,0.0000,0,0,空换,S,7424.0000,0.0000,0.0000,0.0000,0.0000,7430.0000,0.0000,0.0000,0.0000,0.0000,1,0,0,0,0,2,0,0,0,0
zc,TA305,2012-06-20 09:01:25.210,7428.0000,1446,0,0.0000,0.0000,0,0,空换,S,7426.0000,0.0000,0.0000,0.0000,0.0000,7430.0000,0.0000,0.0000,0.0000,0.0000,1,0,0,0,0,2,0,0,0,0
zc,TA305,2012-06-20 09:01:27.710,7428.0000,1446,0,0.0000,0.0000,0,0,空换,S,7428.0000,0.0000,0.0000,0.0000,0.0000,7430.0000,0.0000,0.0000,0.0000,0.0000,1,0,0,0,0,2,0,0,0,0
zc,TA305,2012-06-20 09:01:35.210,7430.0000,1442,-4,0.0000,4.0000,0,4,双平,B,7428.0000,0.0000,0.0000,0.0000,0.0000,7438.0000,0.0000,0.0000,0.0000,0.0000,1,0,0,0,0,2,0,0,0,0
zc,TA305,2012-06-20 09:01:37.697,7430.0000,1442,0,0.0000,0.0000,0,0,多换,B,7430.0000,0.0000,0.0000,0.0000,0.0000,7438.0000,0.0000,0.0000,0.0000,0.0000,1,0,0,0,0,1,0,0,0,0
zc,TA305,2012-06-20 09:01:38.430,7430.0000,1442,0,0.0000,0.0000,0,0,多换,B,7426.0000,0.0000,0.0000,0.0000,0.0000,7440.0000,0.0000,0.0000,0.0000,0.0000,1,0,0,0,0,1,0,0,0,0
zc,TA305,2012-06-20 09:01:38.930,7430.0000,1442,0,0.0000,0.0000,0,0,多换,B,7430.0000,0.0000,0.0000,0.0000,0.0000,7440.0000,0.0000,0.0000,0.0000,0.0000,1,0,0,0,0,2,0,0,0,0
zc,TA305,2012-06-20 09:01:42.477,7430.0000,1442,0,0.0000,0.0000,0,0,多换,B,7428.0000,0.0000,0.0000,0.0000,0.0000,7438.0000,0.0000,0.0000,0.0000,0.0000,1,0,0,0,0,1,0,0,0,0
zc,TA305,2012-06-20 09:01:42.977,7430.0000,1442,0,0.0000,0.0000,0,0,多换,B,7430.0000,0.0000,0.0000,0.0000,0.0000,7440.0000,0.0000,0.0000,0.0000,0.0000,1,0,0,0,0,2,0,0,0,0
zc,TA305,2012-06-20 09:01:43.727,7430.0000,1442,0,0.0000,0.0000,0,0,多换,B,7426.0000,0.0000,0.0000,0.0000,0.0000,7436.0000,0.0000,0.0000,0.0000,0.0000,1,0,0,0,0,1,0,0,0,0
zc,TA305,2012-06-20 09:01:45.197,7430.0000,1442,0,0.0000,0.0000,0,0,多换,B,7426.0000,0.0000,0.0000,0.0000,0.0000,7436.0000,0.0000,0.0000,0.0000,0.0000,1,0,0,0,0,2,0,0,0,0
zc,TA305,2012-06-20 09:01:45.993,7430.0000,1442,0,0.0000,0.0000,0,0,多换,B,7428.0000,0.0000,0.0000,0.0000,0.0000,7436.0000,0.0000,0.0000,0.0000,0.0000,1,0,0,0,0,1,0,0,0,0
zc,TA305,2012-06-20 09:01:46.913,7430.0000,1442,0,0.0000,0.0000,0,0,多换,B,7428.0000,0.0000,0.0000,0.0000,0.0000,7438.0000,0.0000,0.0000,0.0000,0.0000,1,0,0,0,0,1,0,0,0,0
zc,TA305,2012-06-20 09:01:47.663,7430.0000,1442,0,0.0000,0.0000,0,0,多换,B,7428.0000,0.0000,0.0000,0.0000,0.0000,7438.0000,0.0000,0.0000,0.0000,0.0000,1,0,0,0,0,2,0,0,0,0
zc,TA305,2012-06-20 09:01:49.447,7430.0000,1442,0,0.0000,0.0000,0,0,多换,B,7428.0000,0.0000,0.0000,0.0000,0.0000,7438.0000,0.0000,0.0000,0.0000,0.0000,1,0,0,0,0,1,0,0,0,0
zc,TA305,2012-06-20 09:01:50.007,7430.0000,1442,0,0.0000,0.0000,0,0,多换,B,7430.0000,0.0000,0.0000,0.0000,0.0000,7440.0000,0.0000,0.0000,0.0000,0.0000,1,0,0,0,0,1,0,0,0,0
zc,TA305,2012-06-20 09:01:50.413,7430.0000,1442,0,0.0000,0.0000,0,0,多换,B,7428.0000,0.0000,0.0000,0.0000,0.0000,7438.0000,0.0000,0.0000,0.0000,0.0000,1,0,0,0,0,1,0,0,0,0
zc,TA305,2012-06-20 09:01:51.243,7430.0000,1442,0,0.0000,0.0000,0,0,多换,B,7430.0000,0.0000,0.0000,0.0000,0.0000,7438.0000,0.0000,0.0000,0.0000,0.0000,1,0,0,0,0,1,0,0,0,0
zc,TA305,2012-06-20 09:01:51.710,7430.0000,1442,0,0.0000,0.0000,0,0,多换,B,7430.0000,0.0000,0.0000,0.0000,0.0000,7440.0000,0.0000,0.0000,0.0000,0.0000,1,0,0,0,0,1,0,0,0,0
zc,TA305,2012-06-20 09:01:52.180,7430.0000,1442,0,0.0000,0.0000,0,0,多换,B,7430.0000,0.0000,0.0000,0.0000,0.0000,7440.0000,0.0000,0.0000,0.0000,0.0000,1,0,0,0,0,2,0,0,0,0
zc,TA305,2012-06-20 09:01:56.163,7430.0000,1442,0,0.0000,0.0000,0,0,多换,B,7432.0000,0.0000,0.0000,0.0000,0.0000,7440.0000,0.0000,0.0000,0.0000,0.0000,1,0,0,0,0,1,0,0,0,0
zc,TA305,2012-06-20 09:01:56.930,7430.0000,1442,0,0.0000,0.0000,0,0,多换,B,7432.0000,0.0000,0.0000,0.0000,0.0000,7442.0000,0.0000,0.0000,0.0000,0.0000,1,0,0,0,0,1,0,0,0,0
zc,TA305,2012-06-20 09:01:57.447,7430.0000,1442,0,0.0000,0.0000,0,0,多换,B,7432.0000,0.0000,0.0000,0.0000,0.0000,7442.0000,0.0000,0.0000,0.0000,0.0000,1,0,0,0,0,2,0,0,0,0
zc,TA305,2012-06-20 09:01:59.947,7430.0000,1442,0,0.0000,0.0000,0,0,多换,B,7434.0000,0.0000,0.0000,0.0000,0.0000,7442.0000,0.0000,0.0000,0.0000,0.0000,1,0,0,0,0,1,0,0,0,0
zc,TA305,2012-06-20 09:02:00.960,7430.0000,1442,0,0.0000,0.0000,0,0,多换,B,7434.0000,0.0000,0.0000,0.0000,0.0000,7444.0000,0.0000,0.0000,0.0000,0.0000,1,0,0,0,0,1,0,0,0,0
zc,TA305,2012-06-20 09:02:01.460,7430.0000,1442,0,0.0000,0.0000,0,0,多换,B,7430.0000,0.0000,0.0000,0.0000,0.0000,7440.0000,0.0000,0.0000,0.0000,0.0000,1,0,0,0,0,1,0,0,0,0
zc,TA305,2012-06-20 09:02:02.477,7442.0000,1458,16,0.0000,16.0000,16,0,双开,B,7442.0000,0.0000,0.0000,0.0000,0.0000,7444.0000,0.0000,0.0000,0.0000,0.0000,2,0,0,0,0,3,0,0,0,0
zc,TA305,2012-06-20 09:02:02.930,7442.0000,1460,2,0.0000,2.0000,2,0,双开,B,7442.0000,0.0000,0.0000,0.0000,0.0000,7444.0000,0.0000,0.0000,0.0000,0.0000,1,0,0,0,0,3,0,0,0,0
zc,TA305,2012-06-20 09:02:03.413,7442.0000,1460,0,0.0000,0.0000,0,0,多换,B,7442.0000,0.0000,0.0000,0.0000,0.0000,7444.0000,0.0000,0.0000,0.0000,0.0000,1,0,0,0,0,5,0,0,0,0
zc,TA305,2012-06-20 09:02:03.947,7442.0000,1462,2,0.0000,2.0000,2,0,双开,B,7432.0000,0.0000,0.0000,0.0000,0.0000,7444.0000,0.0000,0.0000,0.0000,0.0000,1,0,0,0,0,4,0,0,0,0
zc,TA305,2012-06-20 09:02:04.663,7442.0000,1462,0,0.0000,0.0000,0,0,多换,B,7432.0000,0.0000,0.0000,0.0000,0.0000,7444.0000,0.0000,0.0000,0.0000,0.0000,3,0,0,0,0,4,0,0,0,0
zc,TA305,2012-06-20 09:02:05.493,7442.0000,1462,0,0.0000,0.0000,0,0,多换,B,7432.0000,0.0000,0.0000,0.0000,0.0000,7442.0000,0.0000,0.0000,0.0000,0.0000,2,0,0,0,0,2,0,0,0,0
zc,TA305,2012-06-20 09:02:06.210,7442.0000,1462,0,0.0000,0.0000,0,0,多换,B,7432.0000,0.0000,0.0000,0.0000,0.0000,7444.0000,0.0000,0.0000,0.0000,0.0000,1,0,0,0,0,3,0,0,0,0
zc,TA305,2012-06-20 09:02:06.710,7442.0000,1462,0,0.0000,0.0000,0,0,多换,B,7430.0000,0.0000,0.0000,0.0000,0.0000,7442.0000,0.0000,0.0000,0.0000,0.0000,1,0,0,0,0,1,0,0,0,0
zc,TA305,2012-06-20 09:02:07.493,7442.0000,1462,0,0.0000,0.0000,0,0,多换,B,7430.0000,0.0000,0.0000,0.0000,0.0000,7444.0000,0.0000,0.0000,0.0000,0.0000,3,0,0,0,0,2,0,0,0,0
zc,TA305,2012-06-20 09:02:08.007,7442.0000,1462,0,0.0000,0.0000,0,0,多换,B,7430.0000,0.0000,0.0000,0.0000,0.0000,7444.0000,0.0000,0.0000,0.0000,0.0000,3,0,0,0,0,3,0,0,0,0
zc,TA305,2012-06-20 09:02:08.710,7442.0000,1462,0,0.0000,0.0000,0,0,多换,B,7430.0000,0.0000,0.0000,0.0000,0.0000,7442.0000,0.0000,0.0000,0.0000,0.0000,1,0,0,0,0,2,0,0,0,0
zc,TA305,2012-06-20 09:02:09.180,7442.0000,1462,0,0.0000,0.0000,0,0,多换,B,7432.0000,0.0000,0.0000,0.0000,0.0000,7444.0000,0.0000,0.0000,0.0000,0.0000,3,0,0,0,0,4,0,0,0,0
zc,TA305,2012-06-20 09:02:12.710,7442.0000,1462,0,0.0000,0.0000,0,0,多换,B,7442.0000,0.0000,0.0000,0.0000,0.0000,7444.0000,0.0000,0.0000,0.0000,0.0000,1,0,0,0,0,4,0,0,0,0
zc,TA305,2012-06-20 09:02:13.197,7442.0000,1464,2,0.0000,2.0000,2,0,双开,B,7432.0000,0.0000,0.0000,0.0000,0.0000,7444.0000,0.0000,0.0000,0.0000,0.0000,3,0,0,0,0,3,0,0,0,0
zc,TA305,2012-06-20 09:02:17.460,7442.0000,1464,0,0.0000,0.0000,0,0,多换,B,7432.0000,0.0000,0.0000,0.0000,0.0000,7444.0000,0.0000,0.0000,0.0000,0.0000,2,0,0,0,0,3,0,0,0,0
zc,TA305,2012-06-20 09:02:18.197,7444.0000,1480,16,0.0000,16.0000,16,0,双开,B,7444.0000,0.0000,0.0000,0.0000,0.0000,7446.0000,0.0000,0.0000,0.0000,0.0000,2,0,0,0,0,2,0,0,0,0
zc,TA305,2012-06-20 09:02:18.710,7444.0000,1482,2,0.0000,2.0000,2,0,双开,B,7444.0000,0.0000,0.0000,0.0000,0.0000,7448.0000,0.0000,0.0000,0.0000,0.0000,1,0,0,0,0,2,0,0,0,0
zc,TA305,2012-06-20 09:02:19.947,7444.0000,1482,0,0.0000,0.0000,0,0,多换,B,7444.0000,0.0000,0.0000,0.0000,0.0000,7448.0000,0.0000,0.0000,0.0000,0.0000,1,0,0,0,0,3,0,0,0,0
zc,TA305,2012-06-20 09:02:21.663,7444.0000,1482,0,0.0000,2.0000,1,1,多换,B,7436.0000,0.0000,0.0000,0.0000,0.0000,7448.0000,0.0000,0.0000,0.0000,0.0000,1,0,0,0,0,3,0,0,0,0
zc,TA305,2012-06-20 09:02:22.147,7444.0000,1482,0,0.0000,0.0000,0,0,多换,B,7438.0000,0.0000,0.0000,0.0000,0.0000,7448.0000,0.0000,0.0000,0.0000,0.0000,2,0,0,0,0,4,0,0,0,0
zc,TA305,2012-06-20 09:02:24.163,7444.0000,1482,0,0.0000,0.0000,0,0,多换,B,7438.0000,0.0000,0.0000,0.0000,0.0000,7448.0000,0.0000,0.0000,0.0000,0.0000,3,0,0,0,0,2,0,0,0,0
zc,TA305,2012-06-20 09:02:24.697,7444.0000,1482,0,0.0000,0.0000,0,0,多换,B,7436.0000,0.0000,0.0000,0.0000,0.0000,7448.0000,0.0000,0.0000,0.0000,0.0000,1,0,0,0,0,4,0,0,0,0
zc,TA305,2012-06-20 09:02:25.413,7444.0000,1482,0,0.0000,0.0000,0,0,多换,B,7438.0000,0.0000,0.0000,0.0000,0.0000,7448.0000,0.0000,0.0000,0.0000,0.0000,2,0,0,0,0,4,0,0,0,0
zc,TA305,2012-06-20 09:02:26.697,7444.0000,1482,0,0.0000,0.0000,0,0,多换,B,7438.0000,0.0000,0.0000,0.0000,0.0000,7448.0000,0.0000,0.0000,0.0000,0.0000,3,0,0,0,0,2,0,0,0,0
zc,TA305,2012-06-20 09:02:27.197,7444.0000,1482,0,0.0000,0.0000,0,0,多换,B,7438.0000,0.0000,0.0000,0.0000,0.0000,7448.0000,0.0000,0.0000,0.0000,0.0000,1,0,0,0,0,2,0,0,0,0
zc,TA305,2012-06-20 09:02:27.947,7444.0000,1482,0,0.0000,0.0000,0,0,多换,B,7440.0000,0.0000,0.0000,0.0000,0.0000,7448.0000,0.0000,0.0000,0.0000,0.0000,2,0,0,0,0,2,0,0,0,0
zc,TA305,2012-06-20 09:02:28.680,7444.0000,1482,0,0.0000,0.0000,0,0,多换,B,7438.0000,0.0000,0.0000,0.0000,0.0000,7448.0000,0.0000,0.0000,0.0000,0.0000,1,0,0,0,0,2,0,0,0,0
zc,TA305,2012-06-20 09:02:29.180,7444.0000,1482,0,0.0000,0.0000,0,0,多换,B,7440.0000,0.0000,0.0000,0.0000,0.0000,7448.0000,0.0000,0.0000,0.0000,0.0000,2,0,0,0,0,2,0,0,0,0
zc,TA305,2012-06-20 09:02:29.897,7444.0000,1482,0,0.0000,0.0000,0,0,多换,B,7440.0000,0.0000,0.0000,0.0000,0.0000,7448.0000,0.0000,0.0000,0.0000,0.0000,1,0,0,0,0,2,0,0,0,0
zc,TA305,2012-06-20 09:02:30.460,7444.0000,1482,0,0.0000,0.0000,0,0,多换,B,7440.0000,0.0000,0.0000,0.0000,0.0000,7448.0000,0.0000,0.0000,0.0000,0.0000,1,0,0,0,0,1,0,0,0,0
zc,TA305,2012-06-20 09:02:31.697,7444.0000,1482,0,0.0000,0.0000,0,0,多换,B,7442.0000,0.0000,0.0000,0.0000,0.0000,7448.0000,0.0000,0.0000,0.0000,0.0000,2,0,0,0,0,2,0,0,0,0
zc,TA305,2012-06-20 09:02:35.727,7444.0000,1482,0,0.0000,0.0000,0,0,多换,B,7442.0000,0.0000,0.0000,0.0000,0.0000,7448.0000,0.0000,0.0000,0.0000,0.0000,1,0,0,0,0,1,0,0,0,0
zc,TA305,2012-06-20 09:02:36.493,7444.0000,1482,0,0.0000,0.0000,0,0,多换,B,7440.0000,0.0000,0.0000,0.0000,0.0000,7448.0000,0.0000,0.0000,0.0000,0.0000,1,0,0,0,0,2,0,0,0,0
zc,TA305,2012-06-20 09:02:36.930,7444.0000,1482,0,0.0000,0.0000,0,0,多换,B,7442.0000,0.0000,0.0000,0.0000,0.0000,7448.0000,0.0000,0.0000,0.0000,0.0000,2,0,0,0,0,2,0,0,0,0
zc,TA305,2012-06-20 09:02:38.197,7444.0000,1482,0,0.0000,0.0000,0,0,多换,B,7444.0000,0.0000,0.0000,0.0000,0.0000,7448.0000,0.0000,0.0000,0.0000,0.0000,2,0,0,0,0,1,0,0,0,0
zc,TA305,2012-06-20 09:02:47.197,7444.0000,1482,0,0.0000,0.0000,0,0,多换,B,7444.0000,0.0000,0.0000,0.0000,0.0000,7448.0000,0.0000,0.0000,0.0000,0.0000,2,0,0,0,0,2,0,0,0,0
zc,TA305,2012-06-20 09:02:47.647,7444.0000,1482,0,0.0000,0.0000,0,0,多换,B,7440.0000,0.0000,0.0000,0.0000,0.0000,7448.0000,0.0000,0.0000,0.0000,0.0000,1,0,0,0,0,2,0,0,0,0
zc,TA305,2012-06-20 09:02:48.180,7444.0000,1482,0,0.0000,0.0000,0,0,多换,B,7442.0000,0.0000,0.0000,0.0000,0.0000,7448.0000,0.0000,0.0000,0.0000,0.0000,2,0,0,0,0,2,0,0,0,0
zc,TA305,2012-06-20 09:02:49.710,7444.0000,1482,0,0.0000,0.0000,0,0,多换,B,7442.0000,0.0000,0.0000,0.0000,0.0000,7448.0000,0.0000,0.0000,0.0000,0.0000,1,0,0,0,0,2,0,0,0,0
zc,TA305,2012-06-20 09:02:50.460,7444.0000,1482,0,0.0000,0.0000,0,0,多换,B,7444.0000,0.0000,0.0000,0.0000,0.0000,7448.0000,0.0000,0.0000,0.0000,0.0000,2,0,0,0,0,2,0,0,0,0
zc,TA305,2012-06-20 09:02:56.993,7444.0000,1482,0,0.0000,0.0000,0,0,多换,B,7444.0000,0.0000,0.0000,0.0000,0.0000,7446.0000,0.0000,0.0000,0.0000,0.0000,2,0,0,0,0,1,0,0,0,0
zc,TA305,2012-06-20 09:02:58.897,7444.0000,1482,0,0.0000,2.0000,1,1,多换,B,7444.0000,0.0000,0.0000,0.0000,0.0000,7448.0000,0.0000,0.0000,0.0000,0.0000,1,0,0,0,0,2,0,0,0,0
zc,TA305,2012-06-20 09:02:59.477,7444.0000,1482,0,0.0000,0.0000,0,0,多换,B,7442.0000,0.0000,0.0000,0.0000,0.0000,7448.0000,0.0000,0.0000,0.0000,0.0000,1,0,0,0,0,2,0,0,0,0
zc,TA305,2012-06-20 09:03:00.197,7444.0000,1482,0,0.0000,0.0000,0,0,多换,B,7442.0000,0.0000,0.0000,0.0000,0.0000,7448.0000,0.0000,0.0000,0.0000,0.0000,2,0,0,0,0,2,0,0,0,0
zc,TA305,2012-06-20 09:03:00.710,7444.0000,1482,0,0.0000,0.0000,0,0,多换,B,7442.0000,0.0000,0.0000,0.0000,0.0000,7446.0000,0.0000,0.0000,0.0000,0.0000,1,0,0,0,0,1,0,0,0,0
zc,TA305,2012-06-20 09:03:01.697,7444.0000,1482,0,0.0000,0.0000,0,0,多换,B,7438.0000,0.0000,0.0000,0.0000,0.0000,7446.0000,0.0000,0.0000,0.0000,0.0000,1,0,0,0,0,1,0,0,0,0
zc,TA305,2012-06-20 09:03:02.477,7444.0000,1482,0,0.0000,0.0000,0,0,多换,B,7436.0000,0.0000,0.0000,0.0000,0.0000,7446.0000,0.0000,0.0000,0.0000,0.0000,1,0,0,0,0,1,0,0,0,0
zc,TA305,2012-06-20 09:03:02.947,7444.0000,1482,0,0.0000,0.0000,0,0,多换,B,7438.0000,0.0000,0.0000,0.0000,0.0000,7446.0000,0.0000,0.0000,0.0000,0.0000,1,0,0,0,0,1,0,0,0,0
zc,TA305,2012-06-20 09:03:05.697,7444.0000,1482,0,0.0000,0.0000,0,0,多换,B,7438.0000,0.0000,0.0000,0.0000,0.0000,7444.0000,0.0000,0.0000,0.0000,0.0000,1,0,0,0,0,1,0,0,0,0
zc,TA305,2012-06-20 09:03:06.147,7444.0000,1482,0,0.0000,0.0000,0,0,多换,B,7434.0000,0.0000,0.0000,0.0000,0.0000,7444.0000,0.0000,0.0000,0.0000,0.0000,1,0,0,0,0,1,0,0,0,0
zc,TA305,2012-06-20 09:03:06.680,7444.0000,1482,0,0.0000,0.0000,0,0,多换,B,7436.0000,0.0000,0.0000,0.0000,0.0000,7444.0000,0.0000,0.0000,0.0000,0.0000,1,0,0,0,0,1,0,0,0,0
zc,TA305,2012-06-20 09:03:07.493,7444.0000,1482,0,0.0000,0.0000,0,0,多换,B,7436.0000,0.0000,0.0000,0.0000,0.0000,7442.0000,0.0000,0.0000,0.0000,0.0000,2,0,0,0,0,1,0,0,0,0
zc,TA305,2012-06-20 09:03:08.210,7444.0000,1482,0,0.0000,0.0000,0,0,多换,B,7436.0000,0.0000,0.0000,0.0000,0.0000,7442.0000,0.0000,0.0000,0.0000,0.0000,1,0,0,0,0,1,0,0,0,0
zc,TA305,2012-06-20 09:03:08.727,7444.0000,1482,0,0.0000,0.0000,0,0,多换,B,7436.0000,0.0000,0.0000,0.0000,0.0000,7440.0000,0.0000,0.0000,0.0000,0.0000,1,0,0,0,0,1,0,0,0,0
zc,TA305,2012-06-20 09:03:09.977,7444.0000,1482,0,0.0000,0.0000,0,0,多换,B,7436.0000,0.0000,0.0000,0.0000,0.0000,7442.0000,0.0000,0.0000,0.0000,0.0000,1,0,0,0,0,1,0,0,0,0
zc,TA305,2012-06-20 09:03:10.727,7444.0000,1482,0,0.0000,0.0000,0,0,多换,B,7432.0000,0.0000,0.0000,0.0000,0.0000,7440.0000,0.0000,0.0000,0.0000,0.0000,1,0,0,0,0,1,0,0,0,0
zc,TA305,2012-06-20 09:03:11.460,7444.0000,1482,0,0.0000,0.0000,0,0,多换,B,7434.0000,0.0000,0.0000,0.0000,0.0000,7440.0000,0.0000,0.0000,0.0000,0.0000,1,0,0,0,0,1,0,0,0,0
zc,TA305,2012-06-20 09:03:11.960,7444.0000,1482,0,0.0000,0.0000,0,0,多换,B,7434.0000,0.0000,0.0000,0.0000,0.0000,7440.0000,0.0000,0.0000,0.0000,0.0000,2,0,0,0,0,1,0,0,0,0
zc,TA305,2012-06-20 09:03:12.447,7444.0000,1482,0,0.0000,0.0000,0,0,多换,B,7432.0000,0.0000,0.0000,0.0000,0.0000,7440.0000,0.0000,0.0000,0.0000,0.0000,3,0,0,0,0,1,0,0,0,0
zc,TA305,2012-06-20 09:03:13.507,7444.0000,1482,0,0.0000,0.0000,0,0,多换,B,7432.0000,0.0000,0.0000,0.0000,0.0000,7440.0000,0.0000,0.0000,0.0000,0.0000,1,0,0,0,0,1,0,0,0,0
zc,TA305,2012-06-20 09:03:13.977,7444.0000,1482,0,0.0000,0.0000,0,0,多换,B,7432.0000,0.0000,0.0000,0.0000,0.0000,7438.0000,0.0000,0.0000,0.0000,0.0000,1,0,0,0,0,1,0,0,0,0
zc,TA305,2012-06-20 09:03:14.743,7432.0000,1482,0,0.0000,2.0000,1,1,空换,S,7434.0000,0.0000,0.0000,0.0000,0.0000,7440.0000,0.0000,0.0000,0.0000,0.0000,3,0,0,0,0,1,0,0,0,0
zc,TA305,2012-06-20 09:03:17.227,7432.0000,1482,0,0.0000,0.0000,0,0,空换,S,7432.0000,0.0000,0.0000,0.0000,0.0000,7438.0000,0.0000,0.0000,0.0000,0.0000,2,0,0,0,0,1,0,0,0,0
zc,TA305,2012-06-20 09:03:17.663,7432.0000,1482,0,0.0000,0.0000,0,0,空换,S,7432.0000,0.0000,0.0000,0.0000,0.0000,7440.0000,0.0000,0.0000,0.0000,0.0000,2,0,0,0,0,1,0,0,0,0
zc,TA305,2012-06-20 09:03:18.447,7432.0000,1482,0,0.0000,0.0000,0,0,空换,S,7434.0000,0.0000,0.0000,0.0000,0.0000,7440.0000,0.0000,0.0000,0.0000,0.0000,1,0,0,0,0,1,0,0,0,0
zc,TA305,2012-06-20 09:03:19.697,7432.0000,1482,0,0.0000,0.0000,0,0,空换,S,7432.0000,0.0000,0.0000,0.0000,0.0000,7440.0000,0.0000,0.0000,0.0000,0.0000,2,0,0,0,0,3,0,0,0,0
zc,TA305,2012-06-20 09:03:21.697,7432.0000,1482,0,0.0000,0.0000,0,0,空换,S,7432.0000,0.0000,0.0000,0.0000,0.0000,7440.0000,0.0000,0.0000,0.0000,0.0000,3,0,0,0,0,3,0,0,0,0
zc,TA305,2012-06-20 09:03:24.163,7432.0000,1482,0,0.0000,0.0000,0,0,空换,S,7430.0000,0.0000,0.0000,0.0000,0.0000,7440.0000,0.0000,0.0000,0.0000,0.0000,2,0,0,0,0,4,0,0,0,0
zc,TA305,2012-06-20 09:03:24.680,7432.0000,1482,0,0.0000,0.0000,0,0,空换,S,7430.0000,0.0000,0.0000,0.0000,0.0000,7440.0000,0.0000,0.0000,0.0000,0.0000,2,0,0,0,0,2,0,0,0,0
zc,TA305,2012-06-20 09:03:25.383,7432.0000,1482,0,0.0000,0.0000,0,0,空换,S,7430.0000,0.0000,0.0000,0.0000,0.0000,7438.0000,0.0000,0.0000,0.0000,0.0000,2,0,0,0,0,2,0,0,0,0
zc,TA305,2012-06-20 09:03:25.960,7432.0000,1482,0,0.0000,0.0000,0,0,空换,S,7430.0000,0.0000,0.0000,0.0000,0.0000,7438.0000,0.0000,0.0000,0.0000,0.0000,1,0,0,0,0,2,0,0,0,0
zc,TA305,2012-06-20 09:03:26.680,7432.0000,1482,0,0.0000,0.0000,0,0,空换,S,7430.0000,0.0000,0.0000,0.0000,0.0000,7438.0000,0.0000,0.0000,0.0000,0.0000,1,0,0,0,0,3,0,0,0,0
zc,TA305,2012-06-20 09:03:27.210,7432.0000,1482,0,0.0000,0.0000,0,0,空换,S,7430.0000,0.0000,0.0000,0.0000,0.0000,7438.0000,0.0000,0.0000,0.0000,0.0000,3,0,0,0,0,3,0,0,0,0
zc,TA305,2012-06-20 09:03:27.977,7432.0000,1482,0,0.0000,0.0000,0,0,空换,S,7428.0000,0.0000,0.0000,0.0000,0.0000,7438.0000,0.0000,0.0000,0.0000,0.0000,1,0,0,0,0,3,0,0,0,0
zc,TA305,2012-06-20 09:03:28.413,7432.0000,1482,0,0.0000,0.0000,0,0,空换,S,7428.0000,0.0000,0.0000,0.0000,0.0000,7438.0000,0.0000,0.0000,0.0000,0.0000,1,0,0,0,0,1,0,0,0,0
zc,TA305,2012-06-20 09:03:29.147,7432.0000,1482,0,0.0000,0.0000,0,0,空换,S,7428.0000,0.0000,0.0000,0.0000,0.0000,7436.0000,0.0000,0.0000,0.0000,0.0000,1,0,0,0,0,2,0,0,0,0
zc,TA305,2012-06-20 09:03:30.930,7432.0000,1482,0,0.0000,0.0000,0,0,空换,S,7430.0000,0.0000,0.0000,0.0000,0.0000,7436.0000,0.0000,0.0000,0.0000,0.0000,3,0,0,0,0,2,0,0,0,0
zc,TA305,2012-06-20 09:03:31.477,7432.0000,1482,0,0.0000,0.0000,0,0,空换,S,7430.0000,0.0000,0.0000,0.0000,0.0000,7440.0000,0.0000,0.0000,0.0000,0.0000,3,0,0,0,0,2,0,0,0,0
zc,TA305,2012-06-20 09:03:32.197,7432.0000,1482,0,0.0000,0.0000,0,0,空换,S,7426.0000,0.0000,0.0000,0.0000,0.0000,7436.0000,0.0000,0.0000,0.0000,0.0000,2,0,0,0,0,1,0,0,0,0
zc,TA305,2012-06-20 09:03:32.647,7432.0000,1482,0,0.0000,0.0000,0,0,空换,S,7426.0000,0.0000,0.0000,0.0000,0.0000,7436.0000,0.0000,0.0000,0.0000,0.0000,3,0,0,0,0,1,0,0,0,0
zc,TA305,2012-06-20 09:03:33.430,7432.0000,1482,0,0.0000,0.0000,0,0,空换,S,7426.0000,0.0000,0.0000,0.0000,0.0000,7434.0000,0.0000,0.0000,0.0000,0.0000,3,0,0,0,0,2,0,0,0,0
zc,TA305,2012-06-20 09:03:39.413,7434.0000,1484,2,0.0000,2.0000,2,0,双开,B,7426.0000,0.0000,0.0000,0.0000,0.0000,7434.0000,0.0000,0.0000,0.0000,0.0000,3,0,0,0,0,1,0,0,0,0
zc,TA305,2012-06-20 09:03:40.617,7434.0000,1484,0,0.0000,0.0000,0,0,多换,B,7428.0000,0.0000,0.0000,0.0000,0.0000,7434.0000,0.0000,0.0000,0.0000,0.0000,1,0,0,0,0,1,0,0,0,0
zc,TA305,2012-06-20 09:03:54.477,7434.0000,1484,0,0.0000,0.0000,0,0,多换,B,7426.0000,0.0000,0.0000,0.0000,0.0000,7434.0000,0.0000,0.0000,0.0000,0.0000,1,0,0,0,0,2,0,0,0,0
zc,TA305,2012-06-20 09:03:55.197,7434.0000,1484,0,0.0000,0.0000,0,0,多换,B,7426.0000,0.0000,0.0000,0.0000,0.0000,7434.0000,0.0000,0.0000,0.0000,0.0000,1,0,0,0,0,1,0,0,0,0
zc,TA305,2012-06-20 09:03:55.710,7434.0000,1484,0,0.0000,0.0000,0,0,多换,B,7426.0000,0.0000,0.0000,0.0000,0.0000,7432.0000,0.0000,0.0000,0.0000,0.0000,1,0,0,0,0,1,0,0,0,0
zc,TA305,2012-06-20 09:04:04.007,7434.0000,1484,0,0.0000,0.0000,0,0,多换,B,7428.0000,0.0000,0.0000,0.0000,0.0000,7432.0000,0.0000,0.0000,0.0000,0.0000,1,0,0,0,0,1,0,0,0,0
zc,TA305,2012-06-20 09:04:04.447,7434.0000,1484,0,0.0000,0.0000,0,0,多换,B,7428.0000,0.0000,0.0000,0.0000,0.0000,7436.0000,0.0000,0.0000,0.0000,0.0000,1,0,0,0,0,1,0,0,0,0
zc,TA305,2012-06-20 09:04:05.163,7434.0000,1484,0,0.0000,0.0000,0,0,多换,B,7428.0000,0.0000,0.0000,0.0000,0.0000,7434.0000,0.0000,0.0000,0.0000,0.0000,1,0,0,0,0,1,0,0,0,0
zc,TA305,2012-06-20 09:04:13.930,7434.0000,1484,0,0.0000,0.0000,0,0,多换,B,7430.0000,0.0000,0.0000,0.0000,0.0000,7434.0000,0.0000,0.0000,0.0000,0.0000,1,0,0,0,0,1,0,0,0,0
zc,TA305,2012-06-20 09:04:14.447,7434.0000,1484,0,0.0000,0.0000,0,0,多换,B,7430.0000,0.0000,0.0000,0.0000,0.0000,7438.0000,0.0000,0.0000,0.0000,0.0000,1,0,0,0,0,1,0,0,0,0
zc,TA305,2012-06-20 09:04:14.977,7434.0000,1484,0,0.0000,0.0000,0,0,多换,B,7430.0000,0.0000,0.0000,0.0000,0.0000,7436.0000,0.0000,0.0000,0.0000,0.0000,1,0,0,0,0,1,0,0,0,0
zc,TA305,2012-06-20 09:04:15.757,7434.0000,1484,0,0.0000,0.0000,0,0,多换,B,7432.0000,0.0000,0.0000,0.0000,0.0000,7436.0000,0.0000,0.0000,0.0000,0.0000,1,0,0,0,0,1,0,0,0,0
zc,TA305,2012-06-20 09:04:16.180,7434.0000,1484,0,0.0000,0.0000,0,0,多换,B,7432.0000,0.0000,0.0000,0.0000,0.0000,7440.0000,0.0000,0.0000,0.0000,0.0000,1,0,0,0,0,2,0,0,0,0
zc,TA305,2012-06-20 09:04:16.947,7434.0000,1484,0,0.0000,0.0000,0,0,多换,B,7430.0000,0.0000,0.0000,0.0000,0.0000,7438.0000,0.0000,0.0000,0.0000,0.0000,1,0,0,0,0,1,0,0,0,0
zc,TA305,2012-06-20 09:04:17.477,7434.0000,1484,0,0.0000,0.0000,0,0,多换,B,7432.0000,0.0000,0.0000,0.0000,0.0000,7438.0000,0.0000,0.0000,0.0000,0.0000,1,0,0,0,0,1,0,0,0,0
zc,TA305,2012-06-20 09:04:29.697,7434.0000,1484,0,0.0000,0.0000,0,0,多换,B,7434.0000,0.0000,0.0000,0.0000,0.0000,7438.0000,0.0000,0.0000,0.0000,0.0000,1,0,0,0,0,1,0,0,0,0
zc,TA305,2012-06-20 09:04:30.447,7434.0000,1484,0,0.0000,0.0000,0,0,多换,B,7434.0000,0.0000,0.0000,0.0000,0.0000,7442.0000,0.0000,0.0000,0.0000,0.0000,1,0,0,0,0,2,0,0,0,0
zc,TA305,2012-06-20 09:04:30.913,7434.0000,1484,0,0.0000,0.0000,0,0,多换,B,7434.0000,0.0000,0.0000,0.0000,0.0000,7440.0000,0.0000,0.0000,0.0000,0.0000,1,0,0,0,0,1,0,0,0,0
zc,TA305,2012-06-20 09:04:33.197,7434.0000,1484,0,0.0000,0.0000,0,0,多换,B,7434.0000,0.0000,0.0000,0.0000,0.0000,7440.0000,0.0000,0.0000,0.0000,0.0000,1,0,0,0,0,2,0,0,0,0
zc,TA305,2012-06-20 09:04:33.947,7440.0000,1486,2,0.0000,2.0000,2,0,双开,B,7434.0000,0.0000,0.0000,0.0000,0.0000,7440.0000,0.0000,0.0000,0.0000,0.0000,1,0,0,0,0,1,0,0,0,0
zc,TA305,2012-06-20 09:04:37.007,7440.0000,1486,0,0.0000,0.0000,0,0,多换,B,7432.0000,0.0000,0.0000,0.0000,0.0000,7440.0000,0.0000,0.0000,0.0000,0.0000,1,0,0,0,0,2,0,0,0,0
zc,TA305,2012-06-20 09:04:37.507,7440.0000,1486,0,0.0000,0.0000,0,0,多换,B,7432.0000,0.0000,0.0000,0.0000,0.0000,7440.0000,0.0000,0.0000,0.0000,0.0000,1,0,0,0,0,1,0,0,0,0
zc,TA305,2012-06-20 09:04:37.993,7440.0000,1486,0,0.0000,0.0000,0,0,多换,B,7434.0000,0.0000,0.0000,0.0000,0.0000,7440.0000,0.0000,0.0000,0.0000,0.0000,1,0,0,0,0,1,0,0,0,0
zc,TA305,2012-06-20 09:04:40.960,7440.0000,1486,0,0.0000,0.0000,0,0,多换,B,7432.0000,0.0000,0.0000,0.0000,0.0000,7440.0000,0.0000,0.0000,0.0000,0.0000,1,0,0,0,0,1,0,0,0,0
zc,TA305,2012-06-20 09:04:41.397,7440.0000,1486,0,0.0000,0.0000,0,0,多换,B,7432.0000,0.0000,0.0000,0.0000,0.0000,7438.0000,0.0000,0.0000,0.0000,0.0000,1,0,0,0,0,1,0,0,0,0
zc,TA305,2012-06-20 09:04:43.647,7440.0000,1486,0,0.0000,0.0000,0,0,多换,B,7432.0000,0.0000,0.0000,0.0000,0.0000,7434.0000,0.0000,0.0000,0.0000,0.0000,1,0,0,0,0,1,0,0,0,0
zc,TA305,2012-06-20 09:04:57.977,7432.0000,1486,0,0.0000,2.0000,1,1,空换,S,7430.0000,0.0000,0.0000,0.0000,0.0000,7432.0000,0.0000,0.0000,0.0000,0.0000,3,0,0,0,0,1,0,0,0,0
zc,TA305,2012-06-20 09:05:03.663,7432.0000,1486,0,0.0000,2.0000,1,1,空换,S,7430.0000,0.0000,0.0000,0.0000,0.0000,7434.0000,0.0000,0.0000,0.0000,0.0000,2,0,0,0,0,1,0,0,0,0
zc,TA305,2012-06-20 09:05:26.947,7432.0000,1486,0,0.0000,0.0000,0,0,空换,S,7432.0000,0.0000,0.0000,0.0000,0.0000,7434.0000,0.0000,0.0000,0.0000,0.0000,2,0,0,0,0,1,0,0,0,0
zc,TA305,2012-06-20 09:05:29.243,7432.0000,1486,0,0.0000,0.0000,0,0,空换,S,7430.0000,0.0000,0.0000,0.0000,0.0000,7434.0000,0.0000,0.0000,0.0000,0.0000,2,0,0,0,0,1,0,0,0,0
zc,TA305,2012-06-20 09:05:29.710,7434.0000,1486,0,0.0000,2.0000,1,1,多换,B,7430.0000,0.0000,0.0000,0.0000,0.0000,7440.0000,0.0000,0.0000,0.0000,0.0000,2,0,0,0,0,3,0,0,0,0
zc,TA305,2012-06-20 09:05:30.697,7434.0000,1486,0,0.0000,0.0000,0,0,多换,B,7432.0000,0.0000,0.0000,0.0000,0.0000,7440.0000,0.0000,0.0000,0.0000,0.0000,2,0,0,0,0,4,0,0,0,0
zc,TA305,2012-06-20 09:05:38.493,7434.0000,1486,0,0.0000,0.0000,0,0,多换,B,7430.0000,0.0000,0.0000,0.0000,0.0000,7438.0000,0.0000,0.0000,0.0000,0.0000,2,0,0,0,0,1,0,0,0,0
zc,TA305,2012-06-20 09:05:38.977,7434.0000,1486,0,0.0000,0.0000,0,0,多换,B,7432.0000,0.0000,0.0000,0.0000,0.0000,7440.0000,0.0000,0.0000,0.0000,0.0000,1,0,0,0,0,5,0,0,0,0
zc,TA305,2012-06-20 09:05:42.697,7434.0000,1486,0,0.0000,0.0000,0,0,多换,B,7432.0000,0.0000,0.0000,0.0000,0.0000,7440.0000,0.0000,0.0000,0.0000,0.0000,2,0,0,0,0,5,0,0,0,0
zc,TA305,2012-06-20 09:05:58.447,7434.0000,1486,0,0.0000,0.0000,0,0,多换,B,7432.0000,0.0000,0.0000,0.0000,0.0000,7440.0000,0.0000,0.0000,0.0000,0.0000,2,0,0,0,0,4,0,0,0,0
zc,TA305,2012-06-20 09:05:58.947,7434.0000,1486,0,0.0000,0.0000,0,0,多换,B,7434.0000,0.0000,0.0000,0.0000,0.0000,7440.0000,0.0000,0.0000,0.0000,0.0000,2,0,0,0,0,3,0,0,0,0
zc,TA305,2012-06-20 09:06:00.680,7434.0000,1486,0,0.0000,0.0000,0,0,多换,B,7434.0000,0.0000,0.0000,0.0000,0.0000,7440.0000,0.0000,0.0000,0.0000,0.0000,1,0,0,0,0,3,0,0,0,0
zc,TA305,2012-06-20 09:06:03.680,7440.0000,1486,0,0.0000,2.0000,1,1,多换,B,7432.0000,0.0000,0.0000,0.0000,0.0000,7440.0000,0.0000,0.0000,0.0000,0.0000,2,0,0,0,0,2,0,0,0,0
zc,TA305,2012-06-20 09:06:04.227,7440.0000,1486,0,0.0000,0.0000,0,0,多换,B,7434.0000,0.0000,0.0000,0.0000,0.0000,7440.0000,0.0000,0.0000,0.0000,0.0000,2,0,0,0,0,2,0,0,0,0
zc,TA305,2012-06-20 09:06:05.460,7440.0000,1486,0,0.0000,0.0000,0,0,多换,B,7432.0000,0.0000,0.0000,0.0000,0.0000,7440.0000,0.0000,0.0000,0.0000,0.0000,2,0,0,0,0,3,0,0,0,0
zc,TA305,2012-06-20 09:06:06.163,7440.0000,1486,0,0.0000,0.0000,0,0,多换,B,7432.0000,0.0000,0.0000,0.0000,0.0000,7440.0000,0.0000,0.0000,0.0000,0.0000,2,0,0,0,0,4,0,0,0,0
zc,TA305,2012-06-20 09:06:10.493,7440.0000,1486,0,0.0000,0.0000,0,0,多换,B,7430.0000,0.0000,0.0000,0.0000,0.0000,7440.0000,0.0000,0.0000,0.0000,0.0000,2,0,0,0,0,4,0,0,0,0
zc,TA305,2012-06-20 09:06:13.227,7440.0000,1486,0,0.0000,0.0000,0,0,多换,B,7430.0000,0.0000,0.0000,0.0000,0.0000,7438.0000,0.0000,0.0000,0.0000,0.0000,2,0,0,0,0,1,0,0,0,0
zc,TA305,2012-06-20 09:06:13.913,7440.0000,1486,0,0.0000,0.0000,0,0,多换,B,7430.0000,0.0000,0.0000,0.0000,0.0000,7438.0000,0.0000,0.0000,0.0000,0.0000,2,0,0,0,0,2,0,0,0,0
zc,TA305,2012-06-20 09:06:18.257,7440.0000,1486,0,0.0000,0.0000,0,0,多换,B,7430.0000,0.0000,0.0000,0.0000,0.0000,7438.0000,0.0000,0.0000,0.0000,0.0000,2,0,0,0,0,1,0,0,0,0
zc,TA305,2012-06-20 09:06:19.430,7440.0000,1486,0,0.0000,0.0000,0,0,多换,B,7430.0000,0.0000,0.0000,0.0000,0.0000,7438.0000,0.0000,0.0000,0.0000,0.0000,2,0,0,0,0,2,0,0,0,0
zc,TA305,2012-06-20 09:06:23.960,7440.0000,1486,0,0.0000,0.0000,0,0,多换,B,7428.0000,0.0000,0.0000,0.0000,0.0000,7438.0000,0.0000,0.0000,0.0000,0.0000,2,0,0,0,0,2,0,0,0,0
zc,TA305,2012-06-20 09:06:24.413,7440.0000,1486,0,0.0000,0.0000,0,0,多换,B,7428.0000,0.0000,0.0000,0.0000,0.0000,7436.0000,0.0000,0.0000,0.0000,0.0000,2,0,0,0,0,1,0,0,0,0
zc,TA305,2012-06-20 09:06:24.930,7440.0000,1486,0,0.0000,0.0000,0,0,多换,B,7428.0000,0.0000,0.0000,0.0000,0.0000,7436.0000,0.0000,0.0000,0.0000,0.0000,2,0,0,0,0,2,0,0,0,0
zc,TA305,2012-06-20 09:06:26.977,7440.0000,1486,0,0.0000,0.0000,0,0,多换,B,7426.0000,0.0000,0.0000,0.0000,0.0000,7434.0000,0.0000,0.0000,0.0000,0.0000,2,0,0,0,0,1,0,0,0,0
zc,TA305,2012-06-20 09:06:27.947,7440.0000,1486,0,0.0000,0.0000,0,0,多换,B,7426.0000,0.0000,0.0000,0.0000,0.0000,7434.0000,0.0000,0.0000,0.0000,0.0000,2,0,0,0,0,2,0,0,0,0
zc,TA305,2012-06-20 09:06:30.913,7440.0000,1486,0,0.0000,0.0000,0,0,多换,B,7424.0000,0.0000,0.0000,0.0000,0.0000,7432.0000,0.0000,0.0000,0.0000,0.0000,2,0,0,0,0,1,0,0,0,0
zc,TA305,2012-06-20 09:06:32.147,7440.0000,1486,0,0.0000,0.0000,0,0,多换,B,7424.0000,0.0000,0.0000,0.0000,0.0000,7432.0000,0.0000,0.0000,0.0000,0.0000,2,0,0,0,0,2,0,0,0,0
zc,TA305,2012-06-20 09:06:52.930,7424.0000,1486,0,0.0000,2.0000,1,1,空换,S,7424.0000,0.0000,0.0000,0.0000,0.0000,7432.0000,0.0000,0.0000,0.0000,0.0000,1,0,0,0,0,2,0,0,0,0
zc,TA305,2012-06-20 09:06:53.477,7424.0000,1486,0,0.0000,0.0000,0,0,空换,S,7426.0000,0.0000,0.0000,0.0000,0.0000,7432.0000,0.0000,0.0000,0.0000,0.0000,1,0,0,0,0,1,0,0,0,0
zc,TA305,2012-06-20 09:06:54.180,7424.0000,1486,0,0.0000,0.0000,0,0,空换,S,7426.0000,0.0000,0.0000,0.0000,0.0000,7434.0000,0.0000,0.0000,0.0000,0.0000,1,0,0,0,0,1,0,0,0,0
zc,TA305,2012-06-20 09:06:54.397,7424.0000,1486,0,0.0000,0.0000,0,0,空换,S,7426.0000,0.0000,0.0000,0.0000,0.0000,7434.0000,0.0000,0.0000,0.0000,0.0000,1,0,0,0,0,2,0,0,0,0
zc,TA305,2012-06-20 09:06:57.180,7424.0000,1486,0,0.0000,0.0000,0,0,空换,S,7424.0000,0.0000,0.0000,0.0000,0.0000,7434.0000,0.0000,0.0000,0.0000,0.0000,1,0,0,0,0,2,0,0,0,0
zc,TA305,2012-06-20 09:06:58.147,7424.0000,1486,0,0.0000,0.0000,0,0,空换,S,7424.0000,0.0000,0.0000,0.0000,0.0000,7432.0000,0.0000,0.0000,0.0000,0.0000,1,0,0,0,0,2,0,0,0,0
zc,TA305,2012-06-20 09:07:20.273,7424.0000,1486,0,0.0000,0.0000,0,0,空换,S,7426.0000,0.0000,0.0000,0.0000,0.0000,7432.0000,0.0000,0.0000,0.0000,0.0000,1,0,0,0,0,1,0,0,0,0
zc,TA305,2012-06-20 09:07:20.947,7424.0000,1486,0,0.0000,0.0000,0,0,空换,S,7426.0000,0.0000,0.0000,0.0000,0.0000,7434.0000,0.0000,0.0000,0.0000,0.0000,1,0,0,0,0,1,0,0,0,0
zc,TA305,2012-06-20 09:07:21.460,7424.0000,1486,0,0.0000,0.0000,0,0,空换,S,7426.0000,0.0000,0.0000,0.0000,0.0000,7434.0000,0.0000,0.0000,0.0000,0.0000,1,0,0,0,0,2,0,0,0,0
zc,TA305,2012-06-20 09:07:22.727,7424.0000,1486,0,0.0000,0.0000,0,0,空换,S,7424.0000,0.0000,0.0000,0.0000,0.0000,7434.0000,0.0000,0.0000,0.0000,0.0000,1,0,0,0,0,2,0,0,0,0
zc,TA305,2012-06-20 09:07:23.257,7424.0000,1486,0,0.0000,0.0000,0,0,空换,S,7428.0000,0.0000,0.0000,0.0000,0.0000,7434.0000,0.0000,0.0000,0.0000,0.0000,1,0,0,0,0,1,0,0,0,0
zc,TA305,2012-06-20 09:07:23.977,7424.0000,1486,0,0.0000,0.0000,0,0,空换,S,7428.0000,0.0000,0.0000,0.0000,0.0000,7436.0000,0.0000,0.0000,0.0000,0.0000,1,0,0,0,0,1,0,0,0,0
zc,TA305,2012-06-20 09:07:24.447,7424.0000,1486,0,0.0000,0.0000,0,0,空换,S,7428.0000,0.0000,0.0000,0.0000,0.0000,7436.0000,0.0000,0.0000,0.0000,0.0000,1,0,0,0,0,2,0,0,0,0
zc,TA305,2012-06-20 09:07:25.210,7424.0000,1486,0,0.0000,0.0000,0,0,空换,S,7424.0000,0.0000,0.0000,0.0000,0.0000,7434.0000,0.0000,0.0000,0.0000,0.0000,1,0,0,0,0,1,0,0,0,0
zc,TA305,2012-06-20 09:07:25.977,7424.0000,1486,0,0.0000,0.0000,0,0,空换,S,7424.0000,0.0000,0.0000,0.0000,0.0000,7434.0000,0.0000,0.0000,0.0000,0.0000,1,0,0,0,0,2,0,0,0,0
zc,TA305,2012-06-20 09:07:27.180,7424.0000,1486,0,0.0000,4.0000,2,2,空换,S,7422.0000,0.0000,0.0000,0.0000,0.0000,7424.0000,0.0000,0.0000,0.0000,0.0000,1,0,0,0,0,3,0,0,0,0
zc,TA305,2012-06-20 09:07:27.697,7424.0000,1486,0,0.0000,2.0000,1,1,空换,S,7422.0000,0.0000,0.0000,0.0000,0.0000,7424.0000,0.0000,0.0000,0.0000,0.0000,1,0,0,0,0,2,0,0,0,0
zc,TA305,2012-06-20 09:07:28.430,7424.0000,1486,0,0.0000,4.0000,2,2,空换,S,7422.0000,0.0000,0.0000,0.0000,0.0000,7434.0000,0.0000,0.0000,0.0000,0.0000,3,0,0,0,0,1,0,0,0,0
zc,TA305,2012-06-20 09:07:28.913,7424.0000,1486,0,0.0000,0.0000,0,0,空换,S,7422.0000,0.0000,0.0000,0.0000,0.0000,7434.0000,0.0000,0.0000,0.0000,0.0000,3,0,0,0,0,2,0,0,0,0
zc,TA305,2012-06-20 09:07:30.493,7424.0000,1486,0,0.0000,0.0000,0,0,空换,S,7422.0000,0.0000,0.0000,0.0000,0.0000,7432.0000,0.0000,0.0000,0.0000,0.0000,3,0,0,0,0,1,0,0,0,0
zc,TA305,2012-06-20 09:07:33.007,7424.0000,1486,0,0.0000,0.0000,0,0,空换,S,7422.0000,0.0000,0.0000,0.0000,0.0000,7430.0000,0.0000,0.0000,0.0000,0.0000,2,0,0,0,0,1,0,0,0,0
zc,TA305,2012-06-20 09:07:33.680,7424.0000,1486,0,0.0000,0.0000,0,0,空换,S,7420.0000,0.0000,0.0000,0.0000,0.0000,7430.0000,0.0000,0.0000,0.0000,0.0000,1,0,0,0,0,1,0,0,0,0
zc,TA305,2012-06-20 09:07:34.930,7424.0000,1486,0,0.0000,0.0000,0,0,空换,S,7420.0000,0.0000,0.0000,0.0000,0.0000,7430.0000,0.0000,0.0000,0.0000,0.0000,3,0,0,0,0,1,0,0,0,0
zc,TA305,2012-06-20 09:08:01.197,7424.0000,1486,0,0.0000,0.0000,0,0,空换,S,7422.0000,0.0000,0.0000,0.0000,0.0000,7432.0000,0.0000,0.0000,0.0000,0.0000,2,0,0,0,0,1,0,0,0,0
zc,TA305,2012-06-20 09:08:02.413,7424.0000,1486,0,0.0000,0.0000,0,0,空换,S,7422.0000,0.0000,0.0000,0.0000,0.0000,7432.0000,0.0000,0.0000,0.0000,0.0000,4,0,0,0,0,1,0,0,0,0
zc,TA305,2012-06-20 09:08:03.680,7424.0000,1486,0,0.0000,0.0000,0,0,空换,S,7422.0000,0.0000,0.0000,0.0000,0.0000,7432.0000,0.0000,0.0000,0.0000,0.0000,3,0,0,0,0,1,0,0,0,0
zc,TA305,2012-06-20 09:08:03.930,7424.0000,1486,0,0.0000,0.0000,0,0,空换,S,7422.0000,0.0000,0.0000,0.0000,0.0000,7432.0000,0.0000,0.0000,0.0000,0.0000,1,0,0,0,0,1,0,0,0,0
zc,TA305,2012-06-20 09:08:06.460,7424.0000,1486,0,0.0000,0.0000,0,0,空换,S,7422.0000,0.0000,0.0000,0.0000,0.0000,7432.0000,0.0000,0.0000,0.0000,0.0000,2,0,0,0,0,1,0,0,0,0
zc,TA305,2012-06-20 09:08:06.960,7424.0000,1486,0,0.0000,0.0000,0,0,空换,S,7422.0000,0.0000,0.0000,0.0000,0.0000,7430.0000,0.0000,0.0000,0.0000,0.0000,3,0,0,0,0,1,0,0,0,0
zc,TA305,2012-06-20 09:08:07.710,7424.0000,1486,0,0.0000,0.0000,0,0,空换,S,7422.0000,0.0000,0.0000,0.0000,0.0000,7430.0000,0.0000,0.0000,0.0000,0.0000,1,0,0,0,0,1,0,0,0,0
zc,TA305,2012-06-20 09:08:25.710,7424.0000,1486,0,0.0000,0.0000,0,0,空换,S,7422.0000,0.0000,0.0000,0.0000,0.0000,7428.0000,0.0000,0.0000,0.0000,0.0000,1,0,0,0,0,1,0,0,0,0
zc,TA305,2012-06-20 09:08:32.180,7424.0000,1486,0,0.0000,0.0000,0,0,空换,S,7422.0000,0.0000,0.0000,0.0000,0.0000,7426.0000,0.0000,0.0000,0.0000,0.0000,1,0,0,0,0,1,0,0,0,0
zc,TA305,2012-06-20 09:08:35.227,7424.0000,1486,0,0.0000,0.0000,0,0,空换,S,7422.0000,0.0000,0.0000,0.0000,0.0000,7424.0000,0.0000,0.0000,0.0000,0.0000,1,0,0,0,0,1,0,0,0,0
zc,TA305,2012-06-20 09:08:35.633,7422.0000,1486,0,0.0000,2.0000,1,1,空换,S,7414.0000,0.0000,0.0000,0.0000,0.0000,7424.0000,0.0000,0.0000,0.0000,0.0000,1,0,0,0,0,1,0,0,0,0
zc,TA305,2012-06-20 09:08:36.397,7422.0000,1486,0,0.0000,0.0000,0,0,空换,S,7414.0000,0.0000,0.0000,0.0000,0.0000,7424.0000,0.0000,0.0000,0.0000,0.0000,3,0,0,0,0,1,0,0,0,0
zc,TA305,2012-06-20 09:08:40.697,7422.0000,1486,0,0.0000,0.0000,0,0,空换,S,7414.0000,0.0000,0.0000,0.0000,0.0000,7424.0000,0.0000,0.0000,0.0000,0.0000,13,0,0,0,0,1,0,0,0,0
zc,TA305,2012-06-20 09:08:41.930,7422.0000,1486,0,0.0000,0.0000,0,0,空换,S,7414.0000,0.0000,0.0000,0.0000,0.0000,7424.0000,0.0000,0.0000,0.0000,0.0000,3,0,0,0,0,1,0,0,0,0
zc,TA305,2012-06-20 09:08:49.477,7422.0000,1486,0,0.0000,0.0000,0,0,空换,S,7414.0000,0.0000,0.0000,0.0000,0.0000,7424.0000,0.0000,0.0000,0.0000,0.0000,2,0,0,0,0,1,0,0,0,0
zc,TA305,2012-06-20 09:08:50.210,7422.0000,1486,0,0.0000,0.0000,0,0,空换,S,7412.0000,0.0000,0.0000,0.0000,0.0000,7422.0000,0.0000,0.0000,0.0000,0.0000,1,0,0,0,0,1,0,0,0,0
zc,TA305,2012-06-20 09:08:50.647,7422.0000,1486,0,0.0000,0.0000,0,0,空换,S,7412.0000,0.0000,0.0000,0.0000,0.0000,7422.0000,0.0000,0.0000,0.0000,0.0000,3,0,0,0,0,1,0,0,0,0
zc,TA305,2012-06-20 09:08:51.947,7422.0000,1486,0,0.0000,0.0000,0,0,空换,S,7412.0000,0.0000,0.0000,0.0000,0.0000,7424.0000,0.0000,0.0000,0.0000,0.0000,3,0,0,0,0,1,0,0,0,0
zc,TA305,2012-06-20 09:08:54.460,7422.0000,1486,0,0.0000,0.0000,0,0,空换,S,7414.0000,0.0000,0.0000,0.0000,0.0000,7424.0000,0.0000,0.0000,0.0000,0.0000,1,0,0,0,0,1,0,0,0,0
zc,TA305,2012-06-20 09:08:54.977,7422.0000,1486,0,0.0000,0.0000,0,0,空换,S,7412.0000,0.0000,0.0000,0.0000,0.0000,7424.0000,0.0000,0.0000,0.0000,0.0000,1,0,0,0,0,1,0,0,0,0
zc,TA305,2012-06-20 09:08:55.993,7422.0000,1486,0,0.0000,0.0000,0,0,空换,S,7412.0000,0.0000,0.0000,0.0000,0.0000,7422.0000,0.0000,0.0000,0.0000,0.0000,3,0,0,0,0,1,0,0,0,0
zc,TA305,2012-06-20 09:08:56.977,7422.0000,1486,0,0.0000,0.0000,0,0,空换,S,7412.0000,0.0000,0.0000,0.0000,0.0000,7420.0000,0.0000,0.0000,0.0000,0.0000,2,0,0,0,0,1,0,0,0,0
zc,TA305,2012-06-20 09:08:57.413,7422.0000,1486,0,0.0000,0.0000,0,0,空换,S,7412.0000,0.0000,0.0000,0.0000,0.0000,7422.0000,0.0000,0.0000,0.0000,0.0000,1,0,0,0,0,1,0,0,0,0
zc,TA305,2012-06-20 09:08:58.697,7422.0000,1486,0,0.0000,0.0000,0,0,空换,S,7412.0000,0.0000,0.0000,0.0000,0.0000,7422.0000,0.0000,0.0000,0.0000,0.0000,3,0,0,0,0,1,0,0,0,0
zc,TA305,2012-06-20 09:08:59.210,7422.0000,1486,0,0.0000,0.0000,0,0,空换,S,7412.0000,0.0000,0.0000,0.0000,0.0000,7420.0000,0.0000,0.0000,0.0000,0.0000,2,0,0,0,0,1,0,0,0,0
zc,TA305,2012-06-20 09:08:59.930,7422.0000,1486,0,0.0000,0.0000,0,0,空换,S,7410.0000,0.0000,0.0000,0.0000,0.0000,7420.0000,0.0000,0.0000,0.0000,0.0000,1,0,0,0,0,1,0,0,0,0
zc,TA305,2012-06-20 09:09:00.447,7422.0000,1486,0,0.0000,0.0000,0,0,空换,S,7410.0000,0.0000,0.0000,0.0000,0.0000,7420.0000,0.0000,0.0000,0.0000,0.0000,13,0,0,0,0,1,0,0,0,0
zc,TA305,2012-06-20 09:09:03.897,7422.0000,1486,0,0.0000,0.0000,0,0,空换,S,7410.0000,0.0000,0.0000,0.0000,0.0000,7420.0000,0.0000,0.0000,0.0000,0.0000,3,0,0,0,0,1,0,0,0,0
zc,TA305,2012-06-20 09:09:05.180,7422.0000,1486,0,0.0000,0.0000,0,0,空换,S,7410.0000,0.0000,0.0000,0.0000,0.0000,7420.0000,0.0000,0.0000,0.0000,0.0000,13,0,0,0,0,1,0,0,0,0
zc,TA305,2012-06-20 09:09:05.993,7422.0000,1486,0,0.0000,0.0000,0,0,空换,S,7412.0000,0.0000,0.0000,0.0000,0.0000,7422.0000,0.0000,0.0000,0.0000,0.0000,11,0,0,0,0,2,0,0,0,0
zc,TA305,2012-06-20 09:09:06.647,7422.0000,1486,0,0.0000,0.0000,0,0,空换,S,7412.0000,0.0000,0.0000,0.0000,0.0000,7422.0000,0.0000,0.0000,0.0000,0.0000,11,0,0,0,0,1,0,0,0,0
zc,TA305,2012-06-20 09:09:07.947,7422.0000,1486,0,0.0000,0.0000,0,0,空换,S,7412.0000,0.0000,0.0000,0.0000,0.0000,7422.0000,0.0000,0.0000,0.0000,0.0000,13,0,0,0,0,1,0,0,0,0
zc,TA305,2012-06-20 09:09:08.227,7422.0000,1486,0,0.0000,0.0000,0,0,空换,S,7414.0000,0.0000,0.0000,0.0000,0.0000,7424.0000,0.0000,0.0000,0.0000,0.0000,10,0,0,0,0,1,0,0,0,0
zc,TA305,2012-06-20 09:09:08.993,7422.0000,1486,0,0.0000,0.0000,0,0,空换,S,7414.0000,0.0000,0.0000,0.0000,0.0000,7424.0000,0.0000,0.0000,0.0000,0.0000,11,0,0,0,0,1,0,0,0,0
zc,TA305,2012-06-20 09:09:09.460,7422.0000,1486,0,0.0000,0.0000,0,0,空换,S,7414.0000,0.0000,0.0000,0.0000,0.0000,7424.0000,0.0000,0.0000,0.0000,0.0000,13,0,0,0,0,1,0,0,0,0
zc,TA305,2012-06-20 09:09:12.180,7422.0000,1486,0,0.0000,0.0000,0,0,空换,S,7416.0000,0.0000,0.0000,0.0000,0.0000,7424.0000,0.0000,0.0000,0.0000,0.0000,1,0,0,0,0,1,0,0,0,0
zc,TA305,2012-06-20 09:09:12.727,7422.0000,1486,0,0.0000,0.0000,0,0,空换,S,7416.0000,0.0000,0.0000,0.0000,0.0000,7426.0000,0.0000,0.0000,0.0000,0.0000,2,0,0,0,0,1,0,0,0,0
zc,TA305,2012-06-20 09:09:13.743,7422.0000,1486,0,0.0000,0.0000,0,0,空换,S,7416.0000,0.0000,0.0000,0.0000,0.0000,7426.0000,0.0000,0.0000,0.0000,0.0000,4,0,0,0,0,1,0,0,0,0
zc,TA305,2012-06-20 09:09:14.460,7422.0000,1486,0,0.0000,0.0000,0,0,空换,S,7418.0000,0.0000,0.0000,0.0000,0.0000,7426.0000,0.0000,0.0000,0.0000,0.0000,1,0,0,0,0,1,0,0,0,0
zc,TA305,2012-06-20 09:09:16.460,7422.0000,1486,0,0.0000,0.0000,0,0,空换,S,7416.0000,0.0000,0.0000,0.0000,0.0000,7426.0000,0.0000,0.0000,0.0000,0.0000,4,0,0,0,0,1,0,0,0,0
zc,TA305,2012-06-20 09:09:26.977,7422.0000,1486,0,0.0000,0.0000,0,0,空换,S,7416.0000,0.0000,0.0000,0.0000,0.0000,7426.0000,0.0000,0.0000,0.0000,0.0000,3,0,0,0,0,1,0,0,0,0
zc,TA305,2012-06-20 09:09:27.447,7422.0000,1486,0,0.0000,0.0000,0,0,空换,S,7416.0000,0.0000,0.0000,0.0000,0.0000,7426.0000,0.0000,0.0000,0.0000,0.0000,1,0,0,0,0,1,0,0,0,0
zc,TA305,2012-06-20 09:09:29.947,7422.0000,1486,0,0.0000,0.0000,0,0,空换,S,7418.0000,0.0000,0.0000,0.0000,0.0000,7426.0000,0.0000,0.0000,0.0000,0.0000,1,0,0,0,0,1,0,0,0,0
zc,TA305,2012-06-20 09:09:31.680,7422.0000,1486,0,0.0000,0.0000,0,0,空换,S,7416.0000,0.0000,0.0000,0.0000,0.0000,7426.0000,0.0000,0.0000,0.0000,0.0000,1,0,0,0,0,1,0,0,0,0
zc,TA305,2012-06-20 09:09:32.460,7422.0000,1486,0,0.0000,0.0000,0,0,空换,S,7416.0000,0.0000,0.0000,0.0000,0.0000,7424.0000,0.0000,0.0000,0.0000,0.0000,1,0,0,0,0,1,0,0,0,0
zc,TA305,2012-06-20 09:09:33.960,7422.0000,1486,0,0.0000,0.0000,0,0,空换,S,7416.0000,0.0000,0.0000,0.0000,0.0000,7426.0000,0.0000,0.0000,0.0000,0.0000,2,0,0,0,0,1,0,0,0,0
zc,TA305,2012-06-20 09:09:34.697,7422.0000,1486,0,0.0000,0.0000,0,0,空换,S,7416.0000,0.0000,0.0000,0.0000,0.0000,7426.0000,0.0000,0.0000,0.0000,0.0000,4,0,0,0,0,1,0,0,0,0
zc,TA305,2012-06-20 09:09:36.477,7422.0000,1486,0,0.0000,0.0000,0,0,空换,S,7418.0000,0.0000,0.0000,0.0000,0.0000,7426.0000,0.0000,0.0000,0.0000,0.0000,1,0,0,0,0,1,0,0,0,0
zc,TA305,2012-06-20 09:09:37.273,7422.0000,1486,0,0.0000,0.0000,0,0,空换,S,7416.0000,0.0000,0.0000,0.0000,0.0000,7424.0000,0.0000,0.0000,0.0000,0.0000,3,0,0,0,0,1,0,0,0,0
zc,TA305,2012-06-20 09:09:37.697,7422.0000,1486,0,0.0000,0.0000,0,0,空换,S,7416.0000,0.0000,0.0000,0.0000,0.0000,7424.0000,0.0000,0.0000,0.0000,0.0000,1,0,0,0,0,1,0,0,0,0
zc,TA305,2012-06-20 09:09:39.697,7422.0000,1486,0,0.0000,0.0000,0,0,空换,S,7414.0000,0.0000,0.0000,0.0000,0.0000,7424.0000,0.0000,0.0000,0.0000,0.0000,4,0,0,0,0,1,0,0,0,0
zc,TA305,2012-06-20 09:09:52.197,7422.0000,1486,0,0.0000,0.0000,0,0,空换,S,7414.0000,0.0000,0.0000,0.0000,0.0000,7422.0000,0.0000,0.0000,0.0000,0.0000,3,0,0,0,0,1,0,0,0,0
zc,TA305,2012-06-20 09:09:52.930,7422.0000,1486,0,0.0000,0.0000,0,0,空换,S,7414.0000,0.0000,0.0000,0.0000,0.0000,7422.0000,0.0000,0.0000,0.0000,0.0000,1,0,0,0,0,1,0,0,0,0
zc,TA305,2012-06-20 09:09:53.460,7422.0000,1486,0,0.0000,0.0000,0,0,空换,S,7416.0000,0.0000,0.0000,0.0000,0.0000,7424.0000,0.0000,0.0000,0.0000,0.0000,1,0,0,0,0,2,0,0,0,0
zc,TA305,2012-06-20 09:09:53.960,7422.0000,1486,0,0.0000,0.0000,0,0,空换,S,7416.0000,0.0000,0.0000,0.0000,0.0000,7424.0000,0.0000,0.0000,0.0000,0.0000,1,0,0,0,0,1,0,0,0,0
zc,TA305,2012-06-20 09:09:55.960,7422.0000,1486,0,0.0000,0.0000,0,0,空换,S,7414.0000,0.0000,0.0000,0.0000,0.0000,7424.0000,0.0000,0.0000,0.0000,0.0000,2,0,0,0,0,1,0,0,0,0
zc,TA305,2012-06-20 09:09:56.413,7422.0000,1486,0,0.0000,0.0000,0,0,空换,S,7414.0000,0.0000,0.0000,0.0000,0.0000,7424.0000,0.0000,0.0000,0.0000,0.0000,4,0,0,0,0,1,0,0,0,0
zc,TA305,2012-06-20 09:09:59.460,7422.0000,1486,0,0.0000,0.0000,0,0,空换,S,7414.0000,0.0000,0.0000,0.0000,0.0000,7422.0000,0.0000,0.0000,0.0000,0.0000,3,0,0,0,0,1,0,0,0,0
zc,TA305,2012-06-20 09:10:00.460,7422.0000,1486,0,0.0000,0.0000,0,0,空换,S,7414.0000,0.0000,0.0000,0.0000,0.0000,7422.0000,0.0000,0.0000,0.0000,0.0000,1,0,0,0,0,1,0,0,0,0
zc,TA305,2012-06-20 09:10:03.947,7422.0000,1486,0,0.0000,0.0000,0,0,空换,S,7414.0000,0.0000,0.0000,0.0000,0.0000,7424.0000,0.0000,0.0000,0.0000,0.0000,2,0,0,0,0,1,0,0,0,0
zc,TA305,2012-06-20 09:10:04.710,7422.0000,1486,0,0.0000,0.0000,0,0,空换,S,7414.0000,0.0000,0.0000,0.0000,0.0000,7424.0000,0.0000,0.0000,0.0000,0.0000,1,0,0,0,0,1,0,0,0,0
zc,TA305,2012-06-20 09:10:05.257,7422.0000,1486,0,0.0000,0.0000,0,0,空换,S,7414.0000,0.0000,0.0000,0.0000,0.0000,7422.0000,0.0000,0.0000,0.0000,0.0000,1,0,0,0,0,1,0,0,0,0
zc,TA305,2012-06-20 09:10:07.960,7422.0000,1486,0,0.0000,0.0000,0,0,空换,S,7414.0000,0.0000,0.0000,0.0000,0.0000,7420.0000,0.0000,0.0000,0.0000,0.0000,1,0,0,0,0,1,0,0,0,0
zc,TA305,2012-06-20 09:10:09.007,7422.0000,1486,0,0.0000,0.0000,0,0,空换,S,7412.0000,0.0000,0.0000,0.0000,0.0000,7420.0000,0.0000,0.0000,0.0000,0.0000,1,0,0,0,0,1,0,0,0,0
zc,TA305,2012-06-20 09:10:10.180,7422.0000,1486,0,0.0000,0.0000,0,0,空换,S,7414.0000,0.0000,0.0000,0.0000,0.0000,7420.0000,0.0000,0.0000,0.0000,0.0000,1,0,0,0,0,1,0,0,0,0
zc,TA305,2012-06-20 09:10:15.947,7422.0000,1486,0,0.0000,0.0000,0,0,空换,S,7414.0000,0.0000,0.0000,0.0000,0.0000,7422.0000,0.0000,0.0000,0.0000,0.0000,1,0,0,0,0,1,0,0,0,0
zc,TA305,2012-06-20 09:10:19.947,7422.0000,1486,0,0.0000,0.0000,0,0,空换,S,7416.0000,0.0000,0.0000,0.0000,0.0000,7422.0000,0.0000,0.0000,0.0000,0.0000,1,0,0,0,0,1,0,0,0,0
zc,TA305,2012-06-20 09:10:20.727,7422.0000,1486,0,0.0000,0.0000,0,0,空换,S,7414.0000,0.0000,0.0000,0.0000,0.0000,7420.0000,0.0000,0.0000,0.0000,0.0000,1,0,0,0,0,1,0,0,0,0
zc,TA305,2012-06-20 09:10:21.210,7422.0000,1486,0,0.0000,0.0000,0,0,空换,S,7416.0000,0.0000,0.0000,0.0000,0.0000,7424.0000,0.0000,0.0000,0.0000,0.0000,1,0,0,0,0,1,0,0,0,0
zc,TA305,2012-06-20 09:10:25.430,7422.0000,1486,0,0.0000,0.0000,0,0,空换,S,7414.0000,0.0000,0.0000,0.0000,0.0000,7424.0000,0.0000,0.0000,0.0000,0.0000,1,0,0,0,0,1,0,0,0,0
zc,TA305,2012-06-20 09:10:25.977,7422.0000,1486,0,0.0000,0.0000,0,0,空换,S,7414.0000,0.0000,0.0000,0.0000,0.0000,7424.0000,0.0000,0.0000,0.0000,0.0000,2,0,0,0,0,1,0,0,0,0
zc,TA305,2012-06-20 09:10:26.697,7422.0000,1486,0,0.0000,0.0000,0,0,空换,S,7414.0000,0.0000,0.0000,0.0000,0.0000,7424.0000,0.0000,0.0000,0.0000,0.0000,4,0,0,0,0,1,0,0,0,0
zc,TA305,2012-06-20 09:10:27.227,7422.0000,1486,0,0.0000,0.0000,0,0,空换,S,7414.0000,0.0000,0.0000,0.0000,0.0000,7422.0000,0.0000,0.0000,0.0000,0.0000,3,0,0,0,0,1,0,0,0,0
zc,TA305,2012-06-20 09:10:27.680,7422.0000,1486,0,0.0000,0.0000,0,0,空换,S,7414.0000,0.0000,0.0000,0.0000,0.0000,7422.0000,0.0000,0.0000,0.0000,0.0000,1,0,0,0,0,1,0,0,0,0
zc,TA305,2012-06-20 09:10:30.913,7422.0000,1486,0,0.0000,0.0000,0,0,空换,S,7416.0000,0.0000,0.0000,0.0000,0.0000,7422.0000,0.0000,0.0000,0.0000,0.0000,1,0,0,0,0,1,0,0,0,0
zc,TA305,2012-06-20 09:10:31.710,7422.0000,1486,0,0.0000,0.0000,0,0,空换,S,7414.0000,0.0000,0.0000,0.0000,0.0000,7422.0000,0.0000,0.0000,0.0000,0.0000,1,0,0,0,0,1,0,0,0,0
zc,TA305,2012-06-20 09:10:32.227,7422.0000,1486,0,0.0000,0.0000,0,0,空换,S,7414.0000,0.0000,0.0000,0.0000,0.0000,7424.0000,0.0000,0.0000,0.0000,0.0000,1,0,0,0,0,1,0,0,0,0
zc,TA305,2012-06-20 09:10:33.477,7422.0000,1486,0,0.0000,0.0000,0,0,空换,S,7414.0000,0.0000,0.0000,0.0000,0.0000,7420.0000,0.0000,0.0000,0.0000,0.0000,3,0,0,0,0,1,0,0,0,0
zc,TA305,2012-06-20 09:10:33.930,7422.0000,1486,0,0.0000,0.0000,0,0,空换,S,7414.0000,0.0000,0.0000,0.0000,0.0000,7420.0000,0.0000,0.0000,0.0000,0.0000,1,0,0,0,0,1,0,0,0,0
zc,TA305,2012-06-20 09:10:36.210,7422.0000,1486,0,0.0000,0.0000,0,0,空换,S,7414.0000,0.0000,0.0000,0.0000,0.0000,7422.0000,0.0000,0.0000,0.0000,0.0000,1,0,0,0,0,1,0,0,0,0
zc,TA305,2012-06-20 09:10:37.460,7422.0000,1486,0,0.0000,0.0000,0,0,空换,S,7414.0000,0.0000,0.0000,0.0000,0.0000,7424.0000,0.0000,0.0000,0.0000,0.0000,1,0,0,0,0,1,0,0,0,0
zc,TA305,2012-06-20 09:10:37.993,7422.0000,1486,0,0.0000,0.0000,0,0,空换,S,7414.0000,0.0000,0.0000,0.0000,0.0000,7420.0000,0.0000,0.0000,0.0000,0.0000,1,0,0,0,0,1,0,0,0,0
zc,TA305,2012-06-20 09:10:39.477,7422.0000,1486,0,0.0000,0.0000,0,0,空换,S,7416.0000,0.0000,0.0000,0.0000,0.0000,7422.0000,0.0000,0.0000,0.0000,0.0000,1,0,0,0,0,1,0,0,0,0
zc,TA305,2012-06-20 09:10:44.197,7422.0000,1486,0,0.0000,0.0000,0,0,空换,S,7414.0000,0.0000,0.0000,0.0000,0.0000,7422.0000,0.0000,0.0000,0.0000,0.0000,1,0,0,0,0,1,0,0,0,0
zc,TA305,2012-06-20 09:10:44.710,7422.0000,1486,0,0.0000,0.0000,0,0,空换,S,7416.0000,0.0000,0.0000,0.0000,0.0000,7424.0000,0.0000,0.0000,0.0000,0.0000,1,0,0,0,0,2,0,0,0,0
zc,TA305,2012-06-20 09:10:45.210,7422.0000,1486,0,0.0000,0.0000,0,0,空换,S,7416.0000,0.0000,0.0000,0.0000,0.0000,7424.0000,0.0000,0.0000,0.0000,0.0000,1,0,0,0,0,1,0,0,0,0
zc,TA305,2012-06-20 09:10:46.477,7422.0000,1486,0,0.0000,0.0000,0,0,空换,S,7416.0000,0.0000,0.0000,0.0000,0.0000,7422.0000,0.0000,0.0000,0.0000,0.0000,1,0,0,0,0,1,0,0,0,0
zc,TA305,2012-06-20 09:10:47.947,7422.0000,1486,0,0.0000,0.0000,0,0,空换,S,7416.0000,0.0000,0.0000,0.0000,0.0000,7424.0000,0.0000,0.0000,0.0000,0.0000,1,0,0,0,0,1,0,0,0,0
zc,TA305,2012-06-20 09:10:55.930,7422.0000,1486,0,0.0000,0.0000,0,0,空换,S,7418.0000,0.0000,0.0000,0.0000,0.0000,7424.0000,0.0000,0.0000,0.0000,0.0000,1,0,0,0,0,1,0,0,0,0
zc,TA305,2012-06-20 09:10:57.697,7422.0000,1486,0,0.0000,0.0000,0,0,空换,S,7416.0000,0.0000,0.0000,0.0000,0.0000,7424.0000,0.0000,0.0000,0.0000,0.0000,1,0,0,0,0,1,0,0,0,0
zc,TA305,2012-06-20 09:10:58.397,7422.0000,1486,0,0.0000,0.0000,0,0,空换,S,7418.0000,0.0000,0.0000,0.0000,0.0000,7424.0000,0.0000,0.0000,0.0000,0.0000,1,0,0,0,0,1,0,0,0,0
zc,TA305,2012-06-20 09:10:58.930,7422.0000,1486,0,0.0000,0.0000,0,0,空换,S,7416.0000,0.0000,0.0000,0.0000,0.0000,7424.0000,0.0000,0.0000,0.0000,0.0000,1,0,0,0,0,1,0,0,0,0
zc,TA305,2012-06-20 09:10:59.930,7422.0000,1486,0,0.0000,0.0000,0,0,空换,S,7418.0000,0.0000,0.0000,0.0000,0.0000,7424.0000,0.0000,0.0000,0.0000,0.0000,1,0,0,0,0,1,0,0,0,0
zc,TA305,2012-06-20 09:11:01.197,7422.0000,1486,0,0.0000,0.0000,0,0,空换,S,7416.0000,0.0000,0.0000,0.0000,0.0000,7424.0000,0.0000,0.0000,0.0000,0.0000,1,0,0,0,0,1,0,0,0,0
zc,TA305,2012-06-20 09:11:01.697,7422.0000,1486,0,0.0000,0.0000,0,0,空换,S,7416.0000,0.0000,0.0000,0.0000,0.0000,7422.0000,0.0000,0.0000,0.0000,0.0000,1,0,0,0,0,4,0,0,0,0
zc,TA305,2012-06-20 09:11:03.430,7422.0000,1486,0,0.0000,0.0000,0,0,空换,S,7414.0000,0.0000,0.0000,0.0000,0.0000,7422.0000,0.0000,0.0000,0.0000,0.0000,1,0,0,0,0,4,0,0,0,0
zc,TA305,2012-06-20 09:11:03.993,7422.0000,1486,0,0.0000,0.0000,0,0,空换,S,7414.0000,0.0000,0.0000,0.0000,0.0000,7422.0000,0.0000,0.0000,0.0000,0.0000,1,0,0,0,0,5,0,0,0,0
zc,TA305,2012-06-20 09:11:04.697,7422.0000,1486,0,0.0000,0.0000,0,0,空换,S,7416.0000,0.0000,0.0000,0.0000,0.0000,7422.0000,0.0000,0.0000,0.0000,0.0000,1,0,0,0,0,5,0,0,0,0
zc,TA305,2012-06-20 09:11:09.227,7422.0000,1486,0,0.0000,0.0000,0,0,空换,S,7416.0000,0.0000,0.0000,0.0000,0.0000,7422.0000,0.0000,0.0000,0.0000,0.0000,1,0,0,0,0,4,0,0,0,0
zc,TA305,2012-06-20 09:11:13.727,7422.0000,1486,0,0.0000,0.0000,0,0,空换,S,7416.0000,0.0000,0.0000,0.0000,0.0000,7422.0000,0.0000,0.0000,0.0000,0.0000,1,0,0,0,0,5,0,0,0,0
zc,TA305,2012-06-20 09:11:16.710,7422.0000,1486,0,0.0000,0.0000,0,0,空换,S,7416.0000,0.0000,0.0000,0.0000,0.0000,7420.0000,0.0000,0.0000,0.0000,0.0000,1,0,0,0,0,1,0,0,0,0
zc,TA305,2012-06-20 09:11:17.447,7422.0000,1486,0,0.0000,0.0000,0,0,空换,S,7416.0000,0.0000,0.0000,0.0000,0.0000,7422.0000,0.0000,0.0000,0.0000,0.0000,1,0,0,0,0,6,0,0,0,0
zc,TA305,2012-06-20 09:11:17.883,7422.0000,1486,0,0.0000,0.0000,0,0,空换,S,7416.0000,0.0000,0.0000,0.0000,0.0000,7422.0000,0.0000,0.0000,0.0000,0.0000,1,0,0,0,0,5,0,0,0,0
zc,TA305,2012-06-20 09:11:20.727,7422.0000,1486,0,0.0000,0.0000,0,0,空换,S,7416.0000,0.0000,0.0000,0.0000,0.0000,7420.0000,0.0000,0.0000,0.0000,0.0000,1,0,0,0,0,1,0,0,0,0
zc,TA305,2012-06-20 09:11:22.947,7422.0000,1486,0,0.0000,0.0000,0,0,空换,S,7416.0000,0.0000,0.0000,0.0000,0.0000,7422.0000,0.0000,0.0000,0.0000,0.0000,1,0,0,0,0,4,0,0,0,0
zc,TA305,2012-06-20 09:11:24.447,7422.0000,1486,0,0.0000,0.0000,0,0,空换,S,7418.0000,0.0000,0.0000,0.0000,0.0000,7422.0000,0.0000,0.0000,0.0000,0.0000,1,0,0,0,0,4,0,0,0,0
zc,TA305,2012-06-20 09:11:34.147,7418.0000,1484,-2,0.0000,2.0000,0,2,双平,S,7418.0000,0.0000,0.0000,0.0000,0.0000,7422.0000,0.0000,0.0000,0.0000,0.0000,1,0,0,0,0,4,0,0,0,0
zc,TA305,2012-06-20 09:11:38.697,7418.0000,1484,0,0.0000,0.0000,0,0,空换,S,7418.0000,0.0000,0.0000,0.0000,0.0000,7422.0000,0.0000,0.0000,0.0000,0.0000,1,0,0,0,0,5,0,0,0,0
zc,TA305,2012-06-20 09:11:39.197,7418.0000,1484,0,0.0000,0.0000,0,0,空换,S,7418.0000,0.0000,0.0000,0.0000,0.0000,7422.0000,0.0000,0.0000,0.0000,0.0000,1,0,0,0,0,4,0,0,0,0
zc,TA305,2012-06-20 09:11:43.913,7422.0000,1484,0,0.0000,2.0000,1,1,多换,B,7418.0000,0.0000,0.0000,0.0000,0.0000,7422.0000,0.0000,0.0000,0.0000,0.0000,1,0,0,0,0,3,0,0,0,0
zc,TA305,2012-06-20 09:11:47.210,7422.0000,1484,0,0.0000,0.0000,0,0,多换,B,7418.0000,0.0000,0.0000,0.0000,0.0000,7422.0000,0.0000,0.0000,0.0000,0.0000,1,0,0,0,0,4,0,0,0,0
zc,TA305,2012-06-20 09:11:48.977,7422.0000,1484,0,0.0000,0.0000,0,0,多换,B,7418.0000,0.0000,0.0000,0.0000,0.0000,7422.0000,0.0000,0.0000,0.0000,0.0000,1,0,0,0,0,3,0,0,0,0
zc,TA305,2012-06-20 09:11:49.430,7422.0000,1484,0,0.0000,0.0000,0,0,多换,B,7416.0000,0.0000,0.0000,0.0000,0.0000,7422.0000,0.0000,0.0000,0.0000,0.0000,1,0,0,0,0,3,0,0,0,0
zc,TA305,2012-06-20 09:11:50.180,7422.0000,1484,0,0.0000,0.0000,0,0,多换,B,7416.0000,0.0000,0.0000,0.0000,0.0000,7422.0000,0.0000,0.0000,0.0000,0.0000,2,0,0,0,0,3,0,0,0,0
zc,TA305,2012-06-20 09:11:50.697,7422.0000,1484,0,0.0000,0.0000,0,0,多换,B,7416.0000,0.0000,0.0000,0.0000,0.0000,7422.0000,0.0000,0.0000,0.0000,0.0000,3,0,0,0,0,3,0,0,0,0
zc,TA305,2012-06-20 09:11:51.493,7422.0000,1484,0,0.0000,0.0000,0,0,多换,B,7416.0000,0.0000,0.0000,0.0000,0.0000,7422.0000,0.0000,0.0000,0.0000,0.0000,1,0,0,0,0,3,0,0,0,0
zc,TA305,2012-06-20 09:11:52.913,7422.0000,1484,0,0.0000,0.0000,0,0,多换,B,7418.0000,0.0000,0.0000,0.0000,0.0000,7422.0000,0.0000,0.0000,0.0000,0.0000,1,0,0,0,0,3,0,0,0,0
zc,TA305,2012-06-20 09:11:54.663,7422.0000,1484,0,0.0000,0.0000,0,0,多换,B,7416.0000,0.0000,0.0000,0.0000,0.0000,7422.0000,0.0000,0.0000,0.0000,0.0000,1,0,0,0,0,3,0,0,0,0
zc,TA305,2012-06-20 09:11:55.210,7422.0000,1484,0,0.0000,0.0000,0,0,多换,B,7418.0000,0.0000,0.0000,0.0000,0.0000,7422.0000,0.0000,0.0000,0.0000,0.0000,1,0,0,0,0,3,0,0,0,0
zc,TA305,2012-06-20 09:12:00.163,7422.0000,1484,0,0.0000,0.0000,0,0,多换,B,7418.0000,0.0000,0.0000,0.0000,0.0000,7422.0000,0.0000,0.0000,0.0000,0.0000,1,0,0,0,0,3,0,0,0,0
zc,TA305,2012-06-20 09:12:00.663,7422.0000,1484,0,0.0000,0.0000,0,0,多换,B,7420.0000,0.0000,0.0000,0.0000,0.0000,7422.0000,0.0000,0.0000,0.0000,0.0000,1,0,0,0,0,3,0,0,0,0
zc,TA305,2012-06-20 09:12:09.647,7422.0000,1484,0,0.0000,2.0000,1,1,多换,B,7420.0000,0.0000,0.0000,0.0000,0.0000,7422.0000,0.0000,0.0000,0.0000,0.0000,1,0,0,0,0,2,0,0,0,0
zc,TA305,2012-06-20 09:12:19.930,7422.0000,1484,0,0.0000,4.0000,2,2,多换,B,7418.0000,0.0000,0.0000,0.0000,0.0000,7426.0000,0.0000,0.0000,0.0000,0.0000,10,0,0,0,0,1,0,0,0,0
zc,TA305,2012-06-20 09:12:21.680,7422.0000,1484,0,0.0000,0.0000,0,0,多换,B,7418.0000,0.0000,0.0000,0.0000,0.0000,7424.0000,0.0000,0.0000,0.0000,0.0000,10,0,0,0,0,1,0,0,0,0
zc,TA305,2012-06-20 09:12:22.180,7422.0000,1484,0,0.0000,0.0000,0,0,多换,B,7418.0000,0.0000,0.0000,0.0000,0.0000,7426.0000,0.0000,0.0000,0.0000,0.0000,10,0,0,0,0,1,0,0,0,0
zc,TA305,2012-06-20 09:12:23.447,7422.0000,1484,0,0.0000,0.0000,0,0,多换,B,7418.0000,0.0000,0.0000,0.0000,0.0000,7424.0000,0.0000,0.0000,0.0000,0.0000,10,0,0,0,0,1,0,0,0,0
zc,TA305,2012-06-20 09:12:23.947,7422.0000,1484,0,0.0000,0.0000,0,0,多换,B,7418.0000,0.0000,0.0000,0.0000,0.0000,7426.0000,0.0000,0.0000,0.0000,0.0000,10,0,0,0,0,2,0,0,0,0
zc,TA305,2012-06-20 09:12:24.397,7422.0000,1484,0,0.0000,0.0000,0,0,多换,B,7418.0000,0.0000,0.0000,0.0000,0.0000,7426.0000,0.0000,0.0000,0.0000,0.0000,10,0,0,0,0,1,0,0,0,0
zc,TA305,2012-06-20 09:12:27.947,7422.0000,1484,0,0.0000,0.0000,0,0,多换,B,7418.0000,0.0000,0.0000,0.0000,0.0000,7424.0000,0.0000,0.0000,0.0000,0.0000,10,0,0,0,0,1,0,0,0,0
zc,TA305,2012-06-20 09:12:32.697,7422.0000,1484,0,0.0000,0.0000,0,0,多换,B,7418.0000,0.0000,0.0000,0.0000,0.0000,7422.0000,0.0000,0.0000,0.0000,0.0000,10,0,0,0,0,1,0,0,0,0
zc,TA305,2012-06-20 09:12:33.447,7422.0000,1484,0,0.0000,0.0000,0,0,多换,B,7418.0000,0.0000,0.0000,0.0000,0.0000,7424.0000,0.0000,0.0000,0.0000,0.0000,10,0,0,0,0,2,0,0,0,0
zc,TA305,2012-06-20 09:12:33.960,7422.0000,1484,0,0.0000,0.0000,0,0,多换,B,7416.0000,0.0000,0.0000,0.0000,0.0000,7424.0000,0.0000,0.0000,0.0000,0.0000,10,0,0,0,0,1,0,0,0,0
zc,TA305,2012-06-20 09:12:35.647,7422.0000,1484,0,0.0000,0.0000,0,0,多换,B,7416.0000,0.0000,0.0000,0.0000,0.0000,7424.0000,0.0000,0.0000,0.0000,0.0000,7,0,0,0,0,1,0,0,0,0
zc,TA305,2012-06-20 09:12:36.163,7422.0000,1484,0,0.0000,0.0000,0,0,多换,B,7416.0000,0.0000,0.0000,0.0000,0.0000,7422.0000,0.0000,0.0000,0.0000,0.0000,8,0,0,0,0,1,0,0,0,0
zc,TA305,2012-06-20 09:12:36.680,7422.0000,1484,0,0.0000,0.0000,0,0,多换,B,7416.0000,0.0000,0.0000,0.0000,0.0000,7424.0000,0.0000,0.0000,0.0000,0.0000,7,0,0,0,0,2,0,0,0,0
zc,TA305,2012-06-20 09:12:37.413,7422.0000,1484,0,0.0000,0.0000,0,0,多换,B,7416.0000,0.0000,0.0000,0.0000,0.0000,7424.0000,0.0000,0.0000,0.0000,0.0000,9,0,0,0,0,2,0,0,0,0
zc,TA305,2012-06-20 09:12:37.883,7422.0000,1484,0,0.0000,0.0000,0,0,多换,B,7416.0000,0.0000,0.0000,0.0000,0.0000,7424.0000,0.0000,0.0000,0.0000,0.0000,9,0,0,0,0,1,0,0,0,0
zc,TA305,2012-06-20 09:12:38.397,7422.0000,1484,0,0.0000,0.0000,0,0,多换,B,7416.0000,0.0000,0.0000,0.0000,0.0000,7424.0000,0.0000,0.0000,0.0000,0.0000,10,0,0,0,0,1,0,0,0,0
zc,TA305,2012-06-20 09:12:45.163,7422.0000,1484,0,0.0000,0.0000,0,0,多换,B,7418.0000,0.0000,0.0000,0.0000,0.0000,7424.0000,0.0000,0.0000,0.0000,0.0000,10,0,0,0,0,1,0,0,0,0
zc,TA305,2012-06-20 09:12:46.430,7422.0000,1484,0,0.0000,0.0000,0,0,多换,B,7416.0000,0.0000,0.0000,0.0000,0.0000,7424.0000,0.0000,0.0000,0.0000,0.0000,10,0,0,0,0,1,0,0,0,0
zc,TA305,2012-06-20 09:12:49.663,7422.0000,1484,0,0.0000,0.0000,0,0,多换,B,7416.0000,0.0000,0.0000,0.0000,0.0000,7422.0000,0.0000,0.0000,0.0000,0.0000,10,0,0,0,0,1,0,0,0,0
zc,TA305,2012-06-20 09:12:56.477,7422.0000,1484,0,0.0000,0.0000,0,0,多换,B,7416.0000,0.0000,0.0000,0.0000,0.0000,7420.0000,0.0000,0.0000,0.0000,0.0000,10,0,0,0,0,1,0,0,0,0
zc,TA305,2012-06-20 09:13:03.210,7422.0000,1484,0,0.0000,0.0000,0,0,多换,B,7416.0000,0.0000,0.0000,0.0000,0.0000,7420.0000,0.0000,0.0000,0.0000,0.0000,1,0,0,0,0,1,0,0,0,0
zc,TA305,2012-06-20 09:13:03.663,7422.0000,1484,0,0.0000,0.0000,0,0,多换,B,7414.0000,0.0000,0.0000,0.0000,0.0000,7420.0000,0.0000,0.0000,0.0000,0.0000,10,0,0,0,0,1,0,0,0,0
zc,TA305,2012-06-20 09:13:16.743,7422.0000,1484,0,0.0000,0.0000,0,0,多换,B,7414.0000,0.0000,0.0000,0.0000,0.0000,7418.0000,0.0000,0.0000,0.0000,0.0000,10,0,0,0,0,1,0,0,0,0
zc,TA305,2012-06-20 09:13:18.447,7414.0000,1484,0,0.0000,2.0000,1,1,空换,S,7414.0000,0.0000,0.0000,0.0000,0.0000,7418.0000,0.0000,0.0000,0.0000,0.0000,9,0,0,0,0,1,0,0,0,0
zc,TA305,2012-06-20 09:13:31.430,7414.0000,1484,0,0.0000,0.0000,0,0,空换,S,7414.0000,0.0000,0.0000,0.0000,0.0000,7420.0000,0.0000,0.0000,0.0000,0.0000,9,0,0,0,0,1,0,0,0,0
zc,TA305,2012-06-20 09:13:32.680,7414.0000,1484,0,0.0000,10.0000,5,5,空换,S,7414.0000,0.0000,0.0000,0.0000,0.0000,7420.0000,0.0000,0.0000,0.0000,0.0000,4,0,0,0,0,1,0,0,0,0
zc,TA305,2012-06-20 09:13:34.947,7414.0000,1484,0,0.0000,0.0000,0,0,空换,S,7414.0000,0.0000,0.0000,0.0000,0.0000,7418.0000,0.0000,0.0000,0.0000,0.0000,4,0,0,0,0,1,0,0,0,0
zc,TA305,2012-06-20 09:13:37.710,7414.0000,1484,0,0.0000,0.0000,0,0,空换,S,7414.0000,0.0000,0.0000,0.0000,0.0000,7420.0000,0.0000,0.0000,0.0000,0.0000,4,0,0,0,0,1,0,0,0,0
zc,TA305,2012-06-20 09:13:39.960,7414.0000,1484,0,0.0000,0.0000,0,0,空换,S,7412.0000,0.0000,0.0000,0.0000,0.0000,7418.0000,0.0000,0.0000,0.0000,0.0000,4,0,0,0,0,1,0,0,0,0
zc,TA305,2012-06-20 09:13:44.290,7414.0000,1484,0,0.0000,0.0000,0,0,空换,S,7410.0000,0.0000,0.0000,0.0000,0.0000,7416.0000,0.0000,0.0000,0.0000,0.0000,4,0,0,0,0,1,0,0,0,0
zc,TA305,2012-06-20 09:13:44.913,7414.0000,1484,0,0.0000,0.0000,0,0,空换,S,7412.0000,0.0000,0.0000,0.0000,0.0000,7416.0000,0.0000,0.0000,0.0000,0.0000,4,0,0,0,0,1,0,0,0,0
zc,TA305,2012-06-20 09:13:49.447,7416.0000,1484,0,0.0000,10.0000,5,5,多换,B,7412.0000,0.0000,0.0000,0.0000,0.0000,7416.0000,0.0000,0.0000,0.0000,0.0000,4,0,0,0,0,5,0,0,0,0
zc,TA305,2012-06-20 09:13:49.897,7416.0000,1484,0,0.0000,0.0000,0,0,多换,B,7412.0000,0.0000,0.0000,0.0000,0.0000,7416.0000,0.0000,0.0000,0.0000,0.0000,4,0,0,0,0,7,0,0,0,0
zc,TA305,2012-06-20 09:13:51.447,7416.0000,1484,0,0.0000,0.0000,0,0,多换,B,7412.0000,0.0000,0.0000,0.0000,0.0000,7416.0000,0.0000,0.0000,0.0000,0.0000,4,0,0,0,0,2,0,0,0,0
zc,TA305,2012-06-20 09:13:51.647,7416.0000,1484,0,0.0000,0.0000,0,0,多换,B,7410.0000,0.0000,0.0000,0.0000,0.0000,7416.0000,0.0000,0.0000,0.0000,0.0000,4,0,0,0,0,2,0,0,0,0
zc,TA305,2012-06-20 09:13:52.507,7416.0000,1484,0,0.0000,0.0000,0,0,多换,B,7410.0000,0.0000,0.0000,0.0000,0.0000,7418.0000,0.0000,0.0000,0.0000,0.0000,4,0,0,0,0,7,0,0,0,0
zc,TA305,2012-06-20 09:13:53.697,7416.0000,1484,0,0.0000,0.0000,0,0,多换,B,7412.0000,0.0000,0.0000,0.0000,0.0000,7418.0000,0.0000,0.0000,0.0000,0.0000,4,0,0,0,0,7,0,0,0,0
zc,TA305,2012-06-20 09:13:56.413,7418.0000,1494,10,0.0000,10.0000,10,0,双开,B,7412.0000,0.0000,0.0000,0.0000,0.0000,7418.0000,0.0000,0.0000,0.0000,0.0000,4,0,0,0,0,2,0,0,0,0
zc,TA305,2012-06-20 09:14:02.210,7418.0000,1494,0,0.0000,0.0000,0,0,多换,B,7412.0000,0.0000,0.0000,0.0000,0.0000,7416.0000,0.0000,0.0000,0.0000,0.0000,4,0,0,0,0,2,0,0,0,0
zc,TA305,2012-06-20 09:14:13.430,7418.0000,1494,0,0.0000,0.0000,0,0,多换,B,7412.0000,0.0000,0.0000,0.0000,0.0000,7418.0000,0.0000,0.0000,0.0000,0.0000,4,0,0,0,0,2,0,0,0,0
zc,TA305,2012-06-20 09:14:15.243,7418.0000,1494,0,0.0000,0.0000,0,0,多换,B,7412.0000,0.0000,0.0000,0.0000,0.0000,7416.0000,0.0000,0.0000,0.0000,0.0000,4,0,0,0,0,2,0,0,0,0
zc,TA305,2012-06-20 09:14:16.663,7418.0000,1494,0,0.0000,0.0000,0,0,多换,B,7410.0000,0.0000,0.0000,0.0000,0.0000,7416.0000,0.0000,0.0000,0.0000,0.0000,4,0,0,0,0,2,0,0,0,0
zc,TA305,2012-06-20 09:14:17.430,7418.0000,1494,0,0.0000,0.0000,0,0,多换,B,7412.0000,0.0000,0.0000,0.0000,0.0000,7416.0000,0.0000,0.0000,0.0000,0.0000,1,0,0,0,0,2,0,0,0,0
zc,TA305,2012-06-20 09:14:17.947,7418.0000,1494,0,0.0000,0.0000,0,0,多换,B,7412.0000,0.0000,0.0000,0.0000,0.0000,7416.0000,0.0000,0.0000,0.0000,0.0000,4,0,0,0,0,2,0,0,0,0
zc,TA305,2012-06-20 09:14:18.460,7418.0000,1494,0,0.0000,0.0000,0,0,多换,B,7412.0000,0.0000,0.0000,0.0000,0.0000,7418.0000,0.0000,0.0000,0.0000,0.0000,4,0,0,0,0,2,0,0,0,0
zc,TA305,2012-06-20 09:14:22.243,7418.0000,1494,0,0.0000,0.0000,0,0,多换,B,7412.0000,0.0000,0.0000,0.0000,0.0000,7416.0000,0.0000,0.0000,0.0000,0.0000,4,0,0,0,0,2,0,0,0,0
zc,TA305,2012-06-20 09:14:23.163,7418.0000,1494,0,0.0000,0.0000,0,0,多换,B,7410.0000,0.0000,0.0000,0.0000,0.0000,7416.0000,0.0000,0.0000,0.0000,0.0000,4,0,0,0,0,2,0,0,0,0
zc,TA305,2012-06-20 09:14:24.210,7418.0000,1494,0,0.0000,0.0000,0,0,多换,B,7412.0000,0.0000,0.0000,0.0000,0.0000,7416.0000,0.0000,0.0000,0.0000,0.0000,1,0,0,0,0,2,0,0,0,0
zc,TA305,2012-06-20 09:14:24.913,7418.0000,1494,0,0.0000,0.0000,0,0,多换,B,7412.0000,0.0000,0.0000,0.0000,0.0000,7416.0000,0.0000,0.0000,0.0000,0.0000,3,0,0,0,0,2,0,0,0,0
zc,TA305,2012-06-20 09:14:26.210,7418.0000,1494,0,0.0000,0.0000,0,0,多换,B,7410.0000,0.0000,0.0000,0.0000,0.0000,7418.0000,0.0000,0.0000,0.0000,0.0000,9,0,0,0,0,2,0,0,0,0
zc,TA305,2012-06-20 09:14:26.680,7418.0000,1494,0,0.0000,0.0000,0,0,多换,B,7410.0000,0.0000,0.0000,0.0000,0.0000,7418.0000,0.0000,0.0000,0.0000,0.0000,12,0,0,0,0,2,0,0,0,0
zc,TA305,2012-06-20 09:14:28.930,7418.0000,1494,0,0.0000,0.0000,0,0,多换,B,7410.0000,0.0000,0.0000,0.0000,0.0000,7418.0000,0.0000,0.0000,0.0000,0.0000,10,0,0,0,0,2,0,0,0,0
zc,TA305,2012-06-20 09:14:29.697,7418.0000,1494,0,0.0000,0.0000,0,0,多换,B,7412.0000,0.0000,0.0000,0.0000,0.0000,7416.0000,0.0000,0.0000,0.0000,0.0000,4,0,0,0,0,2,0,0,0,0
zc,TA305,2012-06-20 09:14:30.197,7418.0000,1494,0,0.0000,0.0000,0,0,多换,B,7410.0000,0.0000,0.0000,0.0000,0.0000,7416.0000,0.0000,0.0000,0.0000,0.0000,4,0,0,0,0,2,0,0,0,0
zc,TA305,2012-06-20 09:14:33.460,7418.0000,1494,0,0.0000,0.0000,0,0,多换,B,7410.0000,0.0000,0.0000,0.0000,0.0000,7418.0000,0.0000,0.0000,0.0000,0.0000,5,0,0,0,0,3,0,0,0,0
zc,TA305,2012-06-20 09:14:34.227,7418.0000,1494,0,0.0000,0.0000,0,0,多换,B,7410.0000,0.0000,0.0000,0.0000,0.0000,7416.0000,0.0000,0.0000,0.0000,0.0000,4,0,0,0,0,2,0,0,0,0
zc,TA305,2012-06-20 09:14:34.697,7418.0000,1494,0,0.0000,0.0000,0,0,多换,B,7412.0000,0.0000,0.0000,0.0000,0.0000,7416.0000,0.0000,0.0000,0.0000,0.0000,4,0,0,0,0,2,0,0,0,0
zc,TA305,2012-06-20 09:14:35.430,7418.0000,1494,0,0.0000,0.0000,0,0,多换,B,7410.0000,0.0000,0.0000,0.0000,0.0000,7416.0000,0.0000,0.0000,0.0000,0.0000,4,0,0,0,0,2,0,0,0,0
zc,TA305,2012-06-20 09:14:36.477,7418.0000,1494,0,0.0000,0.0000,0,0,多换,B,7412.0000,0.0000,0.0000,0.0000,0.0000,7416.0000,0.0000,0.0000,0.0000,0.0000,4,0,0,0,0,2,0,0,0,0
zc,TA305,2012-06-20 09:15:00.930,7418.0000,1494,0,0.0000,0.0000,0,0,多换,B,7410.0000,0.0000,0.0000,0.0000,0.0000,7416.0000,0.0000,0.0000,0.0000,0.0000,4,0,0,0,0,2,0,0,0,0
zc,TA305,2012-06-20 09:15:03.210,7418.0000,1494,0,0.0000,0.0000,0,0,多换,B,7410.0000,0.0000,0.0000,0.0000,0.0000,7414.0000,0.0000,0.0000,0.0000,0.0000,4,0,0,0,0,2,0,0,0,0
zc,TA305,2012-06-20 09:15:08.163,7418.0000,1496,2,0.0000,2.0000,2,0,双开,B,7410.0000,0.0000,0.0000,0.0000,0.0000,7414.0000,0.0000,0.0000,0.0000,0.0000,4,0,0,0,0,1,0,0,0,0
zc,TA305,2012-06-20 09:15:20.913,7418.0000,1496,0,0.0000,0.0000,0,0,多换,B,7410.0000,0.0000,0.0000,0.0000,0.0000,7416.0000,0.0000,0.0000,0.0000,0.0000,4,0,0,0,0,2,0,0,0,0
zc,TA305,2012-06-20 09:15:21.413,7418.0000,1496,0,0.0000,0.0000,0,0,多换,B,7410.0000,0.0000,0.0000,0.0000,0.0000,7416.0000,0.0000,0.0000,0.0000,0.0000,4,0,0,0,0,1,0,0,0,0
zc,TA305,2012-06-20 09:15:22.180,7418.0000,1496,0,0.0000,0.0000,0,0,多换,B,7410.0000,0.0000,0.0000,0.0000,0.0000,7414.0000,0.0000,0.0000,0.0000,0.0000,4,0,0,0,0,1,0,0,0,0
zc,TA305,2012-06-20 09:15:22.710,7418.0000,1496,0,0.0000,0.0000,0,0,多换,B,7410.0000,0.0000,0.0000,0.0000,0.0000,7416.0000,0.0000,0.0000,0.0000,0.0000,4,0,0,0,0,1,0,0,0,0
zc,TA305,2012-06-20 09:15:24.913,7418.0000,1496,0,0.0000,0.0000,0,0,多换,B,7410.0000,0.0000,0.0000,0.0000,0.0000,7414.0000,0.0000,0.0000,0.0000,0.0000,4,0,0,0,0,1,0,0,0,0
zc,TA305,2012-06-20 09:15:29.663,7418.0000,1496,0,0.0000,0.0000,0,0,多换,B,7408.0000,0.0000,0.0000,0.0000,0.0000,7414.0000,0.0000,0.0000,0.0000,0.0000,4,0,0,0,0,1,0,0,0,0
zc,TA305,2012-06-20 09:15:31.477,7418.0000,1496,0,0.0000,0.0000,0,0,多换,B,7408.0000,0.0000,0.0000,0.0000,0.0000,7416.0000,0.0000,0.0000,0.0000,0.0000,10,0,0,0,0,2,0,0,0,0
zc,TA305,2012-06-20 09:15:32.197,7418.0000,1496,0,0.0000,0.0000,0,0,多换,B,7408.0000,0.0000,0.0000,0.0000,0.0000,7416.0000,0.0000,0.0000,0.0000,0.0000,4,0,0,0,0,1,0,0,0,0
zc,TA305,2012-06-20 09:15:32.727,7418.0000,1496,0,0.0000,0.0000,0,0,多换,B,7408.0000,0.0000,0.0000,0.0000,0.0000,7416.0000,0.0000,0.0000,0.0000,0.0000,10,0,0,0,0,1,0,0,0,0
zc,TA305,2012-06-20 09:15:33.413,7418.0000,1496,0,0.0000,0.0000,0,0,多换,B,7408.0000,0.0000,0.0000,0.0000,0.0000,7416.0000,0.0000,0.0000,0.0000,0.0000,12,0,0,0,0,1,0,0,0,0
zc,TA305,2012-06-20 09:15:33.947,7418.0000,1496,0,0.0000,0.0000,0,0,多换,B,7410.0000,0.0000,0.0000,0.0000,0.0000,7416.0000,0.0000,0.0000,0.0000,0.0000,4,0,0,0,0,1,0,0,0,0
zc,TA305,2012-06-20 09:15:37.460,7418.0000,1496,0,0.0000,0.0000,0,0,多换,B,7408.0000,0.0000,0.0000,0.0000,0.0000,7414.0000,0.0000,0.0000,0.0000,0.0000,4,0,0,0,0,1,0,0,0,0
zc,TA305,2012-06-20 09:15:41.397,7418.0000,1496,0,0.0000,0.0000,0,0,多换,B,7410.0000,0.0000,0.0000,0.0000,0.0000,7414.0000,0.0000,0.0000,0.0000,0.0000,4,0,0,0,0,1,0,0,0,0
zc,TA305,2012-06-20 09:15:43.163,7418.0000,1496,0,0.0000,0.0000,0,0,多换,B,7408.0000,0.0000,0.0000,0.0000,0.0000,7414.0000,0.0000,0.0000,0.0000,0.0000,4,0,0,0,0,1,0,0,0,0
zc,TA305,2012-06-20 09:15:43.960,7418.0000,1496,0,0.0000,0.0000,0,0,多换,B,7408.0000,0.0000,0.0000,0.0000,0.0000,7412.0000,0.0000,0.0000,0.0000,0.0000,4,0,0,0,0,1,0,0,0,0
zc,TA305,2012-06-20 09:15:57.180,7418.0000,1496,0,0.0000,0.0000,0,0,多换,B,7406.0000,0.0000,0.0000,0.0000,0.0000,7412.0000,0.0000,0.0000,0.0000,0.0000,4,0,0,0,0,1,0,0,0,0
zc,TA305,2012-06-20 09:15:58.960,7418.0000,1496,0,0.0000,0.0000,0,0,多换,B,7404.0000,0.0000,0.0000,0.0000,0.0000,7412.0000,0.0000,0.0000,0.0000,0.0000,12,0,0,0,0,1,0,0,0,0
zc,TA305,2012-06-20 09:16:00.227,7418.0000,1496,0,0.0000,0.0000,0,0,多换,B,7402.0000,0.0000,0.0000,0.0000,0.0000,7410.0000,0.0000,0.0000,0.0000,0.0000,12,0,0,0,0,1,0,0,0,0
zc,TA305,2012-06-20 09:16:02.180,7418.0000,1496,0,0.0000,0.0000,0,0,多换,B,7404.0000,0.0000,0.0000,0.0000,0.0000,7410.0000,0.0000,0.0000,0.0000,0.0000,4,0,0,0,0,1,0,0,0,0
zc,TA305,2012-06-20 09:16:03.697,7418.0000,1496,0,0.0000,0.0000,0,0,多换,B,7404.0000,0.0000,0.0000,0.0000,0.0000,7412.0000,0.0000,0.0000,0.0000,0.0000,6,0,0,0,0,2,0,0,0,0
zc,TA305,2012-06-20 09:16:04.447,7418.0000,1496,0,0.0000,0.0000,0,0,多换,B,7404.0000,0.0000,0.0000,0.0000,0.0000,7410.0000,0.0000,0.0000,0.0000,0.0000,4,0,0,0,0,1,0,0,0,0
zc,TA305,2012-06-20 09:16:06.710,7410.0000,1500,4,0.0000,4.0000,4,0,双开,S,7404.0000,0.0000,0.0000,0.0000,0.0000,7412.0000,0.0000,0.0000,0.0000,0.0000,7,0,0,0,0,1,0,0,0,0
zc,TA305,2012-06-20 09:16:07.447,7410.0000,1500,0,0.0000,0.0000,0,0,空换,S,7404.0000,0.0000,0.0000,0.0000,0.0000,7412.0000,0.0000,0.0000,0.0000,0.0000,4,0,0,0,0,1,0,0,0,0
zc,TA305,2012-06-20 09:16:07.930,7410.0000,1500,0,0.0000,0.0000,0,0,空换,S,7404.0000,0.0000,0.0000,0.0000,0.0000,7414.0000,0.0000,0.0000,0.0000,0.0000,11,0,0,0,0,4,0,0,0,0
zc,TA305,2012-06-20 09:16:08.663,7410.0000,1500,0,0.0000,0.0000,0,0,空换,S,7404.0000,0.0000,0.0000,0.0000,0.0000,7414.0000,0.0000,0.0000,0.0000,0.0000,12,0,0,0,0,4,0,0,0,0
zc,TA305,2012-06-20 09:16:09.197,7410.0000,1500,0,0.0000,0.0000,0,0,空换,S,7404.0000,0.0000,0.0000,0.0000,0.0000,7412.0000,0.0000,0.0000,0.0000,0.0000,12,0,0,0,0,2,0,0,0,0
zc,TA305,2012-06-20 09:16:10.947,7410.0000,1500,0,0.0000,0.0000,0,0,空换,S,7404.0000,0.0000,0.0000,0.0000,0.0000,7412.0000,0.0000,0.0000,0.0000,0.0000,8,0,0,0,0,2,0,0,0,0
zc,TA305,2012-06-20 09:16:11.697,7410.0000,1500,0,0.0000,0.0000,0,0,空换,S,7406.0000,0.0000,0.0000,0.0000,0.0000,7412.0000,0.0000,0.0000,0.0000,0.0000,4,0,0,0,0,1,0,0,0,0
zc,TA305,2012-06-20 09:16:12.210,7410.0000,1500,0,0.0000,0.0000,0,0,空换,S,7406.0000,0.0000,0.0000,0.0000,0.0000,7412.0000,0.0000,0.0000,0.0000,0.0000,4,0,0,0,0,4,0,0,0,0
zc,TA305,2012-06-20 09:16:16.447,7410.0000,1500,0,0.0000,0.0000,0,0,空换,S,7404.0000,0.0000,0.0000,0.0000,0.0000,7412.0000,0.0000,0.0000,0.0000,0.0000,12,0,0,0,0,4,0,0,0,0
zc,TA305,2012-06-20 09:16:18.633,7412.0000,1504,4,0.0000,4.0000,4,0,双开,B,7404.0000,0.0000,0.0000,0.0000,0.0000,7412.0000,0.0000,0.0000,0.0000,0.0000,12,0,0,0,0,2,0,0,0,0
zc,TA305,2012-06-20 09:16:22.180,7412.0000,1504,0,0.0000,0.0000,0,0,多换,B,7406.0000,0.0000,0.0000,0.0000,0.0000,7414.0000,0.0000,0.0000,0.0000,0.0000,2,0,0,0,0,3,0,0,0,0
zc,TA305,2012-06-20 09:16:22.413,7412.0000,1504,0,0.0000,0.0000,0,0,多换,B,7404.0000,0.0000,0.0000,0.0000,0.0000,7414.0000,0.0000,0.0000,0.0000,0.0000,12,0,0,0,0,2,0,0,0,0
zc,TA305,2012-06-20 09:16:24.697,7412.0000,1504,0,0.0000,0.0000,0,0,多换,B,7404.0000,0.0000,0.0000,0.0000,0.0000,7414.0000,0.0000,0.0000,0.0000,0.0000,9,0,0,0,0,2,0,0,0,0
zc,TA305,2012-06-20 09:16:25.430,7412.0000,1504,0,0.0000,0.0000,0,0,多换,B,7404.0000,0.0000,0.0000,0.0000,0.0000,7414.0000,0.0000,0.0000,0.0000,0.0000,12,0,0,0,0,2,0,0,0,0
zc,TA305,2012-06-20 09:16:25.947,7412.0000,1504,0,0.0000,0.0000,0,0,多换,B,7406.0000,0.0000,0.0000,0.0000,0.0000,7414.0000,0.0000,0.0000,0.0000,0.0000,3,0,0,0,0,2,0,0,0,0
zc,TA305,2012-06-20 09:16:27.633,7412.0000,1504,0,0.0000,0.0000,0,0,多换,B,7406.0000,0.0000,0.0000,0.0000,0.0000,7414.0000,0.0000,0.0000,0.0000,0.0000,8,0,0,0,0,2,0,0,0,0
zc,TA305,2012-06-20 09:16:29.697,7412.0000,1504,0,0.0000,0.0000,0,0,多换,B,7408.0000,0.0000,0.0000,0.0000,0.0000,7414.0000,0.0000,0.0000,0.0000,0.0000,2,0,0,0,0,2,0,0,0,0
zc,TA305,2012-06-20 09:16:35.913,7412.0000,1504,0,0.0000,0.0000,0,0,多换,B,7406.0000,0.0000,0.0000,0.0000,0.0000,7412.0000,0.0000,0.0000,0.0000,0.0000,6,0,0,0,0,2,0,0,0,0
zc,TA305,2012-06-20 09:16:39.180,7412.0000,1504,0,0.0000,0.0000,0,0,多换,B,7408.0000,0.0000,0.0000,0.0000,0.0000,7414.0000,0.0000,0.0000,0.0000,0.0000,2,0,0,0,0,2,0,0,0,0
zc,TA305,2012-06-20 09:16:45.197,7412.0000,1504,0,0.0000,0.0000,0,0,多换,B,7410.0000,0.0000,0.0000,0.0000,0.0000,7416.0000,0.0000,0.0000,0.0000,0.0000,2,0,0,0,0,2,0,0,0,0
zc,TA305,2012-06-20 09:16:46.947,7412.0000,1504,0,0.0000,0.0000,0,0,多换,B,7408.0000,0.0000,0.0000,0.0000,0.0000,7416.0000,0.0000,0.0000,0.0000,0.0000,2,0,0,0,0,2,0,0,0,0
zc,TA305,2012-06-20 09:16:49.197,7412.0000,1504,0,0.0000,0.0000,0,0,多换,B,7410.0000,0.0000,0.0000,0.0000,0.0000,7416.0000,0.0000,0.0000,0.0000,0.0000,2,0,0,0,0,2,0,0,0,0
zc,TA305,2012-06-20 09:16:49.697,7412.0000,1504,0,0.0000,0.0000,0,0,多换,B,7408.0000,0.0000,0.0000,0.0000,0.0000,7416.0000,0.0000,0.0000,0.0000,0.0000,2,0,0,0,0,2,0,0,0,0
zc,TA305,2012-06-20 09:16:50.383,7412.0000,1504,0,0.0000,0.0000,0,0,多换,B,7408.0000,0.0000,0.0000,0.0000,0.0000,7416.0000,0.0000,0.0000,0.0000,0.0000,2,0,0,0,0,3,0,0,0,0
zc,TA305,2012-06-20 09:17:02.413,7412.0000,1504,0,0.0000,0.0000,0,0,多换,B,7410.0000,0.0000,0.0000,0.0000,0.0000,7416.0000,0.0000,0.0000,0.0000,0.0000,2,0,0,0,0,3,0,0,0,0
zc,TA305,2012-06-20 09:17:23.413,7412.0000,1504,0,0.0000,0.0000,0,0,多换,B,7410.0000,0.0000,0.0000,0.0000,0.0000,7416.0000,0.0000,0.0000,0.0000,0.0000,1,0,0,0,0,3,0,0,0,0
zc,TA305,2012-06-20 09:17:23.947,7412.0000,1504,0,0.0000,0.0000,0,0,多换,B,7408.0000,0.0000,0.0000,0.0000,0.0000,7414.0000,0.0000,0.0000,0.0000,0.0000,6,0,0,0,0,2,0,0,0,0
zc,TA305,2012-06-20 09:17:36.930,7412.0000,1504,0,0.0000,0.0000,0,0,多换,B,7408.0000,0.0000,0.0000,0.0000,0.0000,7414.0000,0.0000,0.0000,0.0000,0.0000,2,0,0,0,0,2,0,0,0,0
zc,TA305,2012-06-20 09:17:44.663,7412.0000,1504,0,0.0000,0.0000,0,0,多换,B,7406.0000,0.0000,0.0000,0.0000,0.0000,7414.0000,0.0000,0.0000,0.0000,0.0000,2,0,0,0,0,2,0,0,0,0
zc,TA305,2012-06-20 09:17:45.163,7412.0000,1504,0,0.0000,0.0000,0,0,多换,B,7406.0000,0.0000,0.0000,0.0000,0.0000,7414.0000,0.0000,0.0000,0.0000,0.0000,2,0,0,0,0,3,0,0,0,0
zc,TA305,2012-06-20 09:17:47.397,7412.0000,1504,0,0.0000,0.0000,0,0,多换,B,7406.0000,0.0000,0.0000,0.0000,0.0000,7412.0000,0.0000,0.0000,0.0000,0.0000,2,0,0,0,0,2,0,0,0,0
zc,TA305,2012-06-20 09:17:51.180,7412.0000,1504,0,0.0000,0.0000,0,0,多换,B,7404.0000,0.0000,0.0000,0.0000,0.0000,7410.0000,0.0000,0.0000,0.0000,0.0000,6,0,0,0,0,2,0,0,0,0
zc,TA305,2012-06-20 09:17:54.697,7412.0000,1504,0,0.0000,0.0000,0,0,多换,B,7404.0000,0.0000,0.0000,0.0000,0.0000,7410.0000,0.0000,0.0000,0.0000,0.0000,2,0,0,0,0,2,0,0,0,0
zc,TA305,2012-06-20 09:18:08.960,7412.0000,1504,0,0.0000,0.0000,0,0,多换,B,7402.0000,0.0000,0.0000,0.0000,0.0000,7410.0000,0.0000,0.0000,0.0000,0.0000,2,0,0,0,0,3,0,0,0,0
zc,TA305,2012-06-20 09:18:09.430,7412.0000,1504,0,0.0000,0.0000,0,0,多换,B,7402.0000,0.0000,0.0000,0.0000,0.0000,7408.0000,0.0000,0.0000,0.0000,0.0000,2,0,0,0,0,1,0,0,0,0
zc,TA305,2012-06-20 09:18:10.197,7412.0000,1504,0,0.0000,0.0000,0,0,多换,B,7402.0000,0.0000,0.0000,0.0000,0.0000,7408.0000,0.0000,0.0000,0.0000,0.0000,2,0,0,0,0,3,0,0,0,0
zc,TA305,2012-06-20 09:18:10.743,7412.0000,1504,0,0.0000,0.0000,0,0,多换,B,7398.0000,0.0000,0.0000,0.0000,0.0000,7404.0000,0.0000,0.0000,0.0000,0.0000,2,0,0,0,0,2,0,0,0,0
zc,TA305,2012-06-20 09:18:11.447,7412.0000,1504,0,0.0000,0.0000,0,0,多换,B,7398.0000,0.0000,0.0000,0.0000,0.0000,7402.0000,0.0000,0.0000,0.0000,0.0000,2,0,0,0,0,1,0,0,0,0
zc,TA305,2012-06-20 09:18:11.960,7412.0000,1504,0,0.0000,0.0000,0,0,多换,B,7396.0000,0.0000,0.0000,0.0000,0.0000,7402.0000,0.0000,0.0000,0.0000,0.0000,2,0,0,0,0,2,0,0,0,0
zc,TA305,2012-06-20 09:18:14.447,7412.0000,1504,0,0.0000,0.0000,0,0,多换,B,7398.0000,0.0000,0.0000,0.0000,0.0000,7404.0000,0.0000,0.0000,0.0000,0.0000,2,0,0,0,0,2,0,0,0,0
zc,TA305,2012-06-20 09:18:14.947,7412.0000,1504,0,0.0000,0.0000,0,0,多换,B,7396.0000,0.0000,0.0000,0.0000,0.0000,7404.0000,0.0000,0.0000,0.0000,0.0000,2,0,0,0,0,3,0,0,0,0
zc,TA305,2012-06-20 09:18:15.697,7412.0000,1504,0,0.0000,0.0000,0,0,多换,B,7398.0000,0.0000,0.0000,0.0000,0.0000,7404.0000,0.0000,0.0000,0.0000,0.0000,2,0,0,0,0,2,0,0,0,0
zc,TA305,2012-06-20 09:18:16.913,7412.0000,1504,0,0.0000,0.0000,0,0,多换,B,7398.0000,0.0000,0.0000,0.0000,0.0000,7404.0000,0.0000,0.0000,0.0000,0.0000,2,0,0,0,0,1,0,0,0,0
zc,TA305,2012-06-20 09:18:17.447,7412.0000,1504,0,0.0000,0.0000,0,0,多换,B,7400.0000,0.0000,0.0000,0.0000,0.0000,7406.0000,0.0000,0.0000,0.0000,0.0000,2,0,0,0,0,3,0,0,0,0
zc,TA305,2012-06-20 09:18:18.227,7412.0000,1504,0,0.0000,0.0000,0,0,多换,B,7400.0000,0.0000,0.0000,0.0000,0.0000,7404.0000,0.0000,0.0000,0.0000,0.0000,1,0,0,0,0,1,0,0,0,0
zc,TA305,2012-06-20 09:18:18.710,7412.0000,1504,0,0.0000,0.0000,0,0,多换,B,7398.0000,0.0000,0.0000,0.0000,0.0000,7404.0000,0.0000,0.0000,0.0000,0.0000,2,0,0,0,0,1,0,0,0,0
zc,TA305,2012-06-20 09:18:19.227,7412.0000,1504,0,0.0000,0.0000,0,0,多换,B,7398.0000,0.0000,0.0000,0.0000,0.0000,7404.0000,0.0000,0.0000,0.0000,0.0000,2,0,0,0,0,2,0,0,0,0
zc,TA305,2012-06-20 09:18:22.163,7412.0000,1504,0,0.0000,0.0000,0,0,多换,B,7398.0000,0.0000,0.0000,0.0000,0.0000,7404.0000,0.0000,0.0000,0.0000,0.0000,2,0,0,0,0,1,0,0,0,0
zc,TA305,2012-06-20 09:18:22.697,7412.0000,1504,0,0.0000,0.0000,0,0,多换,B,7400.0000,0.0000,0.0000,0.0000,0.0000,7406.0000,0.0000,0.0000,0.0000,0.0000,1,0,0,0,0,3,0,0,0,0
zc,TA305,2012-06-20 09:18:23.960,7412.0000,1504,0,0.0000,0.0000,0,0,多换,B,7398.0000,0.0000,0.0000,0.0000,0.0000,7406.0000,0.0000,0.0000,0.0000,0.0000,2,0,0,0,0,3,0,0,0,0
zc,TA305,2012-06-20 09:18:24.447,7412.0000,1504,0,0.0000,0.0000,0,0,多换,B,7400.0000,0.0000,0.0000,0.0000,0.0000,7406.0000,0.0000,0.0000,0.0000,0.0000,2,0,0,0,0,3,0,0,0,0
zc,TA305,2012-06-20 09:18:24.960,7412.0000,1504,0,0.0000,0.0000,0,0,多换,B,7398.0000,0.0000,0.0000,0.0000,0.0000,7404.0000,0.0000,0.0000,0.0000,0.0000,2,0,0,0,0,2,0,0,0,0
zc,TA305,2012-06-20 09:18:28.210,7412.0000,1504,0,0.0000,0.0000,0,0,多换,B,7400.0000,0.0000,0.0000,0.0000,0.0000,7406.0000,0.0000,0.0000,0.0000,0.0000,2,0,0,0,0,2,0,0,0,0
zc,TA305,2012-06-20 09:18:29.930,7412.0000,1504,0,0.0000,0.0000,0,0,多换,B,7400.0000,0.0000,0.0000,0.0000,0.0000,7406.0000,0.0000,0.0000,0.0000,0.0000,2,0,0,0,0,3,0,0,0,0
zc,TA305,2012-06-20 09:18:33.460,7412.0000,1504,0,0.0000,0.0000,0,0,多换,B,7398.0000,0.0000,0.0000,0.0000,0.0000,7404.0000,0.0000,0.0000,0.0000,0.0000,2,0,0,0,0,2,0,0,0,0
zc,TA305,2012-06-20 09:18:34.133,7412.0000,1504,0,0.0000,0.0000,0,0,多换,B,7400.0000,0.0000,0.0000,0.0000,0.0000,7404.0000,0.0000,0.0000,0.0000,0.0000,1,0,0,0,0,2,0,0,0,0
zc,TA305,2012-06-20 09:18:34.460,7412.0000,1504,0,0.0000,0.0000,0,0,多换,B,7400.0000,0.0000,0.0000,0.0000,0.0000,7404.0000,0.0000,0.0000,0.0000,0.0000,1,0,0,0,0,3,0,0,0,0
zc,TA305,2012-06-20 09:18:40.663,7412.0000,1504,0,0.0000,0.0000,0,0,多换,B,7400.0000,0.0000,0.0000,0.0000,0.0000,7402.0000,0.0000,0.0000,0.0000,0.0000,1,0,0,0,0,1,0,0,0,0
zc,TA305,2012-06-20 09:18:41.147,7400.0000,1506,2,0.0000,2.0000,2,0,双开,S,7398.0000,0.0000,0.0000,0.0000,0.0000,7402.0000,0.0000,0.0000,0.0000,0.0000,2,0,0,0,0,1,0,0,0,0
zc,TA305,2012-06-20 09:18:48.947,7400.0000,1506,0,0.0000,0.0000,0,0,空换,S,7396.0000,0.0000,0.0000,0.0000,0.0000,7402.0000,0.0000,0.0000,0.0000,0.0000,2,0,0,0,0,3,0,0,0,0
zc,TA305,2012-06-20 09:18:49.397,7400.0000,1506,0,0.0000,0.0000,0,0,空换,S,7396.0000,0.0000,0.0000,0.0000,0.0000,7398.0000,0.0000,0.0000,0.0000,0.0000,2,0,0,0,0,2,0,0,0,0
zc,TA305,2012-06-20 09:18:50.633,7398.0000,1502,-4,0.0000,4.0000,0,4,双平,S,7394.0000,0.0000,0.0000,0.0000,0.0000,7402.0000,0.0000,0.0000,0.0000,0.0000,8,0,0,0,0,3,0,0,0,0
zc,TA305,2012-06-20 09:18:51.477,7398.0000,1502,0,0.0000,0.0000,0,0,空换,S,7394.0000,0.0000,0.0000,0.0000,0.0000,7400.0000,0.0000,0.0000,0.0000,0.0000,8,0,0,0,0,1,0,0,0,0
zc,TA305,2012-06-20 09:18:51.960,7398.0000,1502,0,0.0000,0.0000,0,0,空换,S,7392.0000,0.0000,0.0000,0.0000,0.0000,7400.0000,0.0000,0.0000,0.0000,0.0000,8,0,0,0,0,1,0,0,0,0
zc,TA305,2012-06-20 09:18:53.460,7398.0000,1502,0,0.0000,0.0000,0,0,空换,S,7392.0000,0.0000,0.0000,0.0000,0.0000,7398.0000,0.0000,0.0000,0.0000,0.0000,8,0,0,0,0,1,0,0,0,0
zc,TA305,2012-06-20 09:18:54.447,7398.0000,1502,0,0.0000,0.0000,0,0,空换,S,7392.0000,0.0000,0.0000,0.0000,0.0000,7400.0000,0.0000,0.0000,0.0000,0.0000,8,0,0,0,0,3,0,0,0,0
zc,TA305,2012-06-20 09:18:55.210,7398.0000,1502,0,0.0000,0.0000,0,0,空换,S,7390.0000,0.0000,0.0000,0.0000,0.0000,7400.0000,0.0000,0.0000,0.0000,0.0000,8,0,0,0,0,3,0,0,0,0
zc,TA305,2012-06-20 09:18:55.710,7398.0000,1502,0,0.0000,0.0000,0,0,空换,S,7390.0000,0.0000,0.0000,0.0000,0.0000,7398.0000,0.0000,0.0000,0.0000,0.0000,8,0,0,0,0,3,0,0,0,0
zc,TA305,2012-06-20 09:18:56.447,7398.0000,1502,0,0.0000,0.0000,0,0,空换,S,7390.0000,0.0000,0.0000,0.0000,0.0000,7396.0000,0.0000,0.0000,0.0000,0.0000,8,0,0,0,0,1,0,0,0,0
zc,TA305,2012-06-20 09:18:56.947,7398.0000,1502,0,0.0000,0.0000,0,0,空换,S,7390.0000,0.0000,0.0000,0.0000,0.0000,7394.0000,0.0000,0.0000,0.0000,0.0000,8,0,0,0,0,1,0,0,0,0
zc,TA305,2012-06-20 09:18:57.697,7398.0000,1502,0,0.0000,0.0000,0,0,空换,S,7390.0000,0.0000,0.0000,0.0000,0.0000,7396.0000,0.0000,0.0000,0.0000,0.0000,8,0,0,0,0,1,0,0,0,0
zc,TA305,2012-06-20 09:18:58.147,7398.0000,1502,0,0.0000,0.0000,0,0,空换,S,7388.0000,0.0000,0.0000,0.0000,0.0000,7396.0000,0.0000,0.0000,0.0000,0.0000,8,0,0,0,0,3,0,0,0,0
zc,TA305,2012-06-20 09:18:59.163,7398.0000,1502,0,0.0000,0.0000,0,0,空换,S,7388.0000,0.0000,0.0000,0.0000,0.0000,7396.0000,0.0000,0.0000,0.0000,0.0000,8,0,0,0,0,2,0,0,0,0
zc,TA305,2012-06-20 09:19:01.477,7398.0000,1502,0,0.0000,0.0000,0,0,空换,S,7388.0000,0.0000,0.0000,0.0000,0.0000,7398.0000,0.0000,0.0000,0.0000,0.0000,8,0,0,0,0,3,0,0,0,0
zc,TA305,2012-06-20 09:19:01.947,7398.0000,1502,0,0.0000,0.0000,0,0,空换,S,7390.0000,0.0000,0.0000,0.0000,0.0000,7398.0000,0.0000,0.0000,0.0000,0.0000,8,0,0,0,0,3,0,0,0,0
zc,TA305,2012-06-20 09:19:04.413,7398.0000,1504,2,0.0000,2.0000,2,0,双开,S,7390.0000,0.0000,0.0000,0.0000,0.0000,7398.0000,0.0000,0.0000,0.0000,0.0000,8,0,0,0,0,2,0,0,0,0
zc,TA305,2012-06-20 09:19:05.163,7398.0000,1504,0,0.0000,0.0000,0,0,空换,S,7390.0000,0.0000,0.0000,0.0000,0.0000,7398.0000,0.0000,0.0000,0.0000,0.0000,8,0,0,0,0,3,0,0,0,0
zc,TA305,2012-06-20 09:19:06.180,7398.0000,1504,0,0.0000,0.0000,0,0,空换,S,7390.0000,0.0000,0.0000,0.0000,0.0000,7398.0000,0.0000,0.0000,0.0000,0.0000,10,0,0,0,0,2,0,0,0,0
zc,TA305,2012-06-20 09:19:07.180,7398.0000,1504,0,0.0000,0.0000,0,0,空换,S,7390.0000,0.0000,0.0000,0.0000,0.0000,7398.0000,0.0000,0.0000,0.0000,0.0000,8,0,0,0,0,2,0,0,0,0
zc,TA305,2012-06-20 09:19:09.447,7398.0000,1504,0,0.0000,0.0000,0,0,空换,S,7392.0000,0.0000,0.0000,0.0000,0.0000,7400.0000,0.0000,0.0000,0.0000,0.0000,7,0,0,0,0,2,0,0,0,0
zc,TA305,2012-06-20 09:19:09.947,7398.0000,1504,0,0.0000,0.0000,0,0,空换,S,7390.0000,0.0000,0.0000,0.0000,0.0000,7398.0000,0.0000,0.0000,0.0000,0.0000,10,0,0,0,0,2,0,0,0,0
zc,TA305,2012-06-20 09:19:10.710,7398.0000,1504,0,0.0000,0.0000,0,0,空换,S,7390.0000,0.0000,0.0000,0.0000,0.0000,7400.0000,0.0000,0.0000,0.0000,0.0000,11,0,0,0,0,3,0,0,0,0
zc,TA305,2012-06-20 09:19:11.197,7398.0000,1504,0,0.0000,0.0000,0,0,空换,S,7392.0000,0.0000,0.0000,0.0000,0.0000,7400.0000,0.0000,0.0000,0.0000,0.0000,4,0,0,0,0,3,0,0,0,0
zc,TA305,2012-06-20 09:19:11.897,7398.0000,1504,0,0.0000,0.0000,0,0,空换,S,7392.0000,0.0000,0.0000,0.0000,0.0000,7400.0000,0.0000,0.0000,0.0000,0.0000,8,0,0,0,0,2,0,0,0,0
zc,TA305,2012-06-20 09:19:16.430,7398.0000,1504,0,0.0000,0.0000,0,0,空换,S,7392.0000,0.0000,0.0000,0.0000,0.0000,7400.0000,0.0000,0.0000,0.0000,0.0000,9,0,0,0,0,2,0,0,0,0
zc,TA305,2012-06-20 09:19:18.163,7398.0000,1504,0,0.0000,0.0000,0,0,空换,S,7392.0000,0.0000,0.0000,0.0000,0.0000,7402.0000,0.0000,0.0000,0.0000,0.0000,9,0,0,0,0,2,0,0,0,0
zc,TA305,2012-06-20 09:19:18.947,7398.0000,1504,0,0.0000,0.0000,0,0,空换,S,7394.0000,0.0000,0.0000,0.0000,0.0000,7402.0000,0.0000,0.0000,0.0000,0.0000,8,0,0,0,0,2,0,0,0,0
zc,TA305,2012-06-20 09:19:20.413,7398.0000,1504,0,0.0000,0.0000,0,0,空换,S,7394.0000,0.0000,0.0000,0.0000,0.0000,7402.0000,0.0000,0.0000,0.0000,0.0000,8,0,0,0,0,3,0,0,0,0
zc,TA305,2012-06-20 09:19:22.930,7398.0000,1504,0,0.0000,0.0000,0,0,空换,S,7394.0000,0.0000,0.0000,0.0000,0.0000,7400.0000,0.0000,0.0000,0.0000,0.0000,8,0,0,0,0,1,0,0,0,0
zc,TA305,2012-06-20 09:19:23.507,7398.0000,1504,0,0.0000,0.0000,0,0,空换,S,7396.0000,0.0000,0.0000,0.0000,0.0000,7402.0000,0.0000,0.0000,0.0000,0.0000,8,0,0,0,0,1,0,0,0,0
zc,TA305,2012-06-20 09:19:24.710,7398.0000,1504,0,0.0000,0.0000,0,0,空换,S,7396.0000,0.0000,0.0000,0.0000,0.0000,7404.0000,0.0000,0.0000,0.0000,0.0000,8,0,0,0,0,3,0,0,0,0
zc,TA305,2012-06-20 09:19:27.507,7398.0000,1504,0,0.0000,0.0000,0,0,空换,S,7394.0000,0.0000,0.0000,0.0000,0.0000,7404.0000,0.0000,0.0000,0.0000,0.0000,8,0,0,0,0,3,0,0,0,0
zc,TA305,2012-06-20 09:19:27.993,7398.0000,1504,0,0.0000,0.0000,0,0,空换,S,7396.0000,0.0000,0.0000,0.0000,0.0000,7404.0000,0.0000,0.0000,0.0000,0.0000,1,0,0,0,0,3,0,0,0,0
zc,TA305,2012-06-20 09:19:28.710,7398.0000,1504,0,0.0000,0.0000,0,0,空换,S,7396.0000,0.0000,0.0000,0.0000,0.0000,7404.0000,0.0000,0.0000,0.0000,0.0000,8,0,0,0,0,3,0,0,0,0
zc,TA305,2012-06-20 09:19:29.710,7398.0000,1504,0,0.0000,0.0000,0,0,空换,S,7394.0000,0.0000,0.0000,0.0000,0.0000,7402.0000,0.0000,0.0000,0.0000,0.0000,8,0,0,0,0,2,0,0,0,0
zc,TA305,2012-06-20 09:19:33.477,7398.0000,1504,0,0.0000,0.0000,0,0,空换,S,7396.0000,0.0000,0.0000,0.0000,0.0000,7404.0000,0.0000,0.0000,0.0000,0.0000,3,0,0,0,0,3,0,0,0,0
zc,TA305,2012-06-20 09:19:33.697,7398.0000,1504,0,0.0000,0.0000,0,0,空换,S,7396.0000,0.0000,0.0000,0.0000,0.0000,7404.0000,0.0000,0.0000,0.0000,0.0000,4,0,0,0,0,3,0,0,0,0
zc,TA305,2012-06-20 09:19:34.960,7398.0000,1504,0,0.0000,0.0000,0,0,空换,S,7394.0000,0.0000,0.0000,0.0000,0.0000,7402.0000,0.0000,0.0000,0.0000,0.0000,8,0,0,0,0,1,0,0,0,0
zc,TA305,2012-06-20 09:19:36.743,7398.0000,1504,0,0.0000,0.0000,0,0,空换,S,7396.0000,0.0000,0.0000,0.0000,0.0000,7404.0000,0.0000,0.0000,0.0000,0.0000,1,0,0,0,0,3,0,0,0,0
zc,TA305,2012-06-20 09:19:37.430,7398.0000,1504,0,0.0000,0.0000,0,0,空换,S,7396.0000,0.0000,0.0000,0.0000,0.0000,7404.0000,0.0000,0.0000,0.0000,0.0000,7,0,0,0,0,3,0,0,0,0
zc,TA305,2012-06-20 09:19:37.960,7398.0000,1504,0,0.0000,0.0000,0,0,空换,S,7396.0000,0.0000,0.0000,0.0000,0.0000,7404.0000,0.0000,0.0000,0.0000,0.0000,2,0,0,0,0,3,0,0,0,0
zc,TA305,2012-06-20 09:19:38.460,7398.0000,1504,0,0.0000,0.0000,0,0,空换,S,7394.0000,0.0000,0.0000,0.0000,0.0000,7402.0000,0.0000,0.0000,0.0000,0.0000,8,0,0,0,0,2,0,0,0,0
zc,TA305,2012-06-20 09:19:40.773,7398.0000,1504,0,0.0000,0.0000,0,0,空换,S,7396.0000,0.0000,0.0000,0.0000,0.0000,7404.0000,0.0000,0.0000,0.0000,0.0000,3,0,0,0,0,3,0,0,0,0
zc,TA305,2012-06-20 09:19:41.413,7398.0000,1504,0,0.0000,0.0000,0,0,空换,S,7396.0000,0.0000,0.0000,0.0000,0.0000,7404.0000,0.0000,0.0000,0.0000,0.0000,6,0,0,0,0,3,0,0,0,0
zc,TA305,2012-06-20 09:19:41.930,7398.0000,1504,0,0.0000,0.0000,0,0,空换,S,7396.0000,0.0000,0.0000,0.0000,0.0000,7404.0000,0.0000,0.0000,0.0000,0.0000,5,0,0,0,0,3,0,0,0,0
zc,TA305,2012-06-20 09:19:42.947,7398.0000,1504,0,0.0000,0.0000,0,0,空换,S,7396.0000,0.0000,0.0000,0.0000,0.0000,7404.0000,0.0000,0.0000,0.0000,0.0000,8,0,0,0,0,3,0,0,0,0
zc,TA305,2012-06-20 09:19:47.727,7398.0000,1504,0,0.0000,0.0000,0,0,空换,S,7396.0000,0.0000,0.0000,0.0000,0.0000,7404.0000,0.0000,0.0000,0.0000,0.0000,8,0,0,0,0,2,0,0,0,0
zc,TA305,2012-06-20 09:19:53.227,7398.0000,1504,0,0.0000,0.0000,0,0,空换,S,7396.0000,0.0000,0.0000,0.0000,0.0000,7404.0000,0.0000,0.0000,0.0000,0.0000,8,0,0,0,0,3,0,0,0,0
zc,TA305,2012-06-20 09:19:55.493,7398.0000,1504,0,0.0000,0.0000,0,0,空换,S,7396.0000,0.0000,0.0000,0.0000,0.0000,7404.0000,0.0000,0.0000,0.0000,0.0000,8,0,0,0,0,2,0,0,0,0
zc,TA305,2012-06-20 09:19:57.680,7398.0000,1504,0,0.0000,0.0000,0,0,空换,S,7396.0000,0.0000,0.0000,0.0000,0.0000,7404.0000,0.0000,0.0000,0.0000,0.0000,8,0,0,0,0,3,0,0,0,0
zc,TA305,2012-06-20 09:19:57.947,7398.0000,1504,0,0.0000,0.0000,0,0,空换,S,7396.0000,0.0000,0.0000,0.0000,0.0000,7404.0000,0.0000,0.0000,0.0000,0.0000,8,0,0,0,0,3,0,0,0,0
zc,TA305,2012-06-20 09:20:06.460,7398.0000,1504,0,0.0000,0.0000,0,0,空换,S,7394.0000,0.0000,0.0000,0.0000,0.0000,7402.0000,0.0000,0.0000,0.0000,0.0000,8,0,0,0,0,2,0,0,0,0
zc,TA305,2012-06-20 09:20:06.930,7398.0000,1504,0,0.0000,0.0000,0,0,空换,S,7394.0000,0.0000,0.0000,0.0000,0.0000,7402.0000,0.0000,0.0000,0.0000,0.0000,8,0,0,0,0,1,0,0,0,0
