市场代码,合约代码,时间,最新,持仓,增仓,成交额,成交量,开仓,平仓,成交类型,方向,买一价,买二价,买三价,买四价,买五价,卖一价,卖二价,卖三价,卖四价,卖五价,买一量,买二量,买三量,买四量,买五量,卖一量,卖二量,卖三量,卖四量,卖五量
zc,TA301,2012-06-20 07:44:55.337,0.0000,161508,0,0.0000,0.0000,0,0,空换,S,0.0000,0.0000,0.0000,0.0000,0.0000,0.0000,0.0000,0.0000,0.0000,0.0000,0,0,0,0,0,0,0,0,0,0
zc,TA301,2012-06-20 07:53:56.600,0.0000,161508,0,0.0000,0.0000,0,0,空换,S,0.0000,0.0000,0.0000,0.0000,0.0000,0.0000,0.0000,0.0000,0.0000,0.0000,0,0,0,0,0,0,0,0,0,0
zc,TA301,2012-06-20 07:54:56.600,0.0000,161508,0,0.0000,0.0000,0,0,空换,S,0.0000,0.0000,0.0000,0.0000,0.0000,0.0000,0.0000,0.0000,0.0000,0.0000,0,0,0,0,0,0,0,0,0,0
zc,TA301,2012-06-20 07:56:56.600,0.0000,161508,0,0.0000,0.0000,0,0,空换,S,0.0000,0.0000,0.0000,0.0000,0.0000,0.0000,0.0000,0.0000,0.0000,0.0000,0,0,0,0,0,0,0,0,0,0
zc,TA301,2012-06-20 07:57:56.600,0.0000,161508,0,0.0000,0.0000,0,0,空换,S,0.0000,0.0000,0.0000,0.0000,0.0000,0.0000,0.0000,0.0000,0.0000,0.0000,0,0,0,0,0,0,0,0,0,0
zc,TA301,2012-06-20 07:58:56.600,0.0000,161508,0,0.0000,0.0000,0,0,空换,S,0.0000,0.0000,0.0000,0.0000,0.0000,0.0000,0.0000,0.0000,0.0000,0.0000,0,0,0,0,0,0,0,0,0,0
zc,TA301,2012-06-20 07:59:56.600,0.0000,161508,0,0.0000,0.0000,0,0,空换,S,0.0000,0.0000,0.0000,0.0000,0.0000,0.0000,0.0000,0.0000,0.0000,0.0000,0,0,0,0,0,0,0,0,0,0
zc,TA301,2012-06-20 08:00:56.600,0.0000,161508,0,0.0000,0.0000,0,0,空换,S,0.0000,0.0000,0.0000,0.0000,0.0000,0.0000,0.0000,0.0000,0.0000,0.0000,0,0,0,0,0,0,0,0,0,0
zc,TA301,2012-06-20 08:01:56.600,0.0000,161508,0,0.0000,0.0000,0,0,空换,S,0.0000,0.0000,0.0000,0.0000,0.0000,0.0000,0.0000,0.0000,0.0000,0.0000,0,0,0,0,0,0,0,0,0,0
zc,TA301,2012-06-20 08:41:57.837,0.0000,161508,0,0.0000,0.0000,0,0,空换,S,0.0000,0.0000,0.0000,0.0000,0.0000,0.0000,0.0000,0.0000,0.0000,0.0000,0,0,0,0,0,0,0,0,0,0
zc,TA301,2012-06-20 08:43:57.837,0.0000,161508,0,0.0000,0.0000,0,0,空换,S,0.0000,0.0000,0.0000,0.0000,0.0000,0.0000,0.0000,0.0000,0.0000,0.0000,0,0,0,0,0,0,0,0,0,0
zc,TA301,2012-06-20 08:45:57.837,0.0000,161508,0,0.0000,0.0000,0,0,空换,S,0.0000,0.0000,0.0000,0.0000,0.0000,0.0000,0.0000,0.0000,0.0000,0.0000,0,0,0,0,0,0,0,0,0,0
zc,TA301,2012-06-20 08:46:57.837,0.0000,161508,0,0.0000,0.0000,0,0,空换,S,0.0000,0.0000,0.0000,0.0000,0.0000,0.0000,0.0000,0.0000,0.0000,0.0000,0,0,0,0,0,0,0,0,0,0
zc,TA301,2012-06-20 08:47:57.837,0.0000,161508,0,0.0000,0.0000,0,0,空换,S,0.0000,0.0000,0.0000,0.0000,0.0000,0.0000,0.0000,0.0000,0.0000,0.0000,0,0,0,0,0,0,0,0,0,0
zc,TA301,2012-06-20 08:48:57.837,0.0000,161508,0,0.0000,0.0000,0,0,空换,S,0.0000,0.0000,0.0000,0.0000,0.0000,0.0000,0.0000,0.0000,0.0000,0.0000,0,0,0,0,0,0,0,0,0,0
zc,TA301,2012-06-20 08:50:57.837,0.0000,161508,0,0.0000,0.0000,0,0,空换,S,0.0000,0.0000,0.0000,0.0000,0.0000,0.0000,0.0000,0.0000,0.0000,0.0000,0,0,0,0,0,0,0,0,0,0
zc,TA301,2012-06-20 08:51:57.837,0.0000,161508,0,0.0000,0.0000,0,0,空换,S,0.0000,0.0000,0.0000,0.0000,0.0000,0.0000,0.0000,0.0000,0.0000,0.0000,0,0,0,0,0,0,0,0,0,0
zc,TA301,2012-06-20 08:53:57.820,0.0000,161508,0,0.0000,0.0000,0,0,空换,S,0.0000,0.0000,0.0000,0.0000,0.0000,0.0000,0.0000,0.0000,0.0000,0.0000,0,0,0,0,0,0,0,0,0,0
zc,TA301,2012-06-20 08:54:57.850,0.0000,161508,0,0.0000,0.0000,0,0,空换,S,0.0000,0.0000,0.0000,0.0000,0.0000,0.0000,0.0000,0.0000,0.0000,0.0000,0,0,0,0,0,0,0,0,0,0
zc,TA301,2012-06-20 08:55:00.850,0.0000,161508,0,0.0000,0.0000,0,0,空换,S,0.0000,0.0000,0.0000,0.0000,0.0000,0.0000,0.0000,0.0000,0.0000,0.0000,0,0,0,0,0,0,0,0,0,0
zc,TA301,2012-06-20 08:55:04.337,0.0000,161508,0,0.0000,0.0000,0,0,空换,S,0.0000,0.0000,0.0000,0.0000,0.0000,0.0000,0.0000,0.0000,0.0000,0.0000,0,0,0,0,0,0,0,0,0,0
zc,TA301,2012-06-20 08:55:15.820,0.0000,161508,0,0.0000,0.0000,0,0,空换,S,0.0000,0.0000,0.0000,0.0000,0.0000,0.0000,0.0000,0.0000,0.0000,0.0000,0,0,0,0,0,0,0,0,0,0
zc,TA301,2012-06-20 08:55:22.320,0.0000,161508,0,0.0000,0.0000,0,0,空换,S,0.0000,0.0000,0.0000,0.0000,0.0000,0.0000,0.0000,0.0000,0.0000,0.0000,0,0,0,0,0,0,0,0,0,0
zc,TA301,2012-06-20 08:55:27.070,0.0000,161508,0,0.0000,0.0000,0,0,空换,S,0.0000,0.0000,0.0000,0.0000,0.0000,0.0000,0.0000,0.0000,0.0000,0.0000,0,0,0,0,0,0,0,0,0,0
zc,TA301,2012-06-20 08:55:28.570,0.0000,161508,0,0.0000,0.0000,0,0,空换,S,0.0000,0.0000,0.0000,0.0000,0.0000,0.0000,0.0000,0.0000,0.0000,0.0000,0,0,0,0,0,0,0,0,0,0
zc,TA301,2012-06-20 08:55:33.087,0.0000,161508,0,0.0000,0.0000,0,0,空换,S,0.0000,0.0000,0.0000,0.0000,0.0000,0.0000,0.0000,0.0000,0.0000,0.0000,0,0,0,0,0,0,0,0,0,0
zc,TA301,2012-06-20 08:55:37.320,0.0000,161508,0,0.0000,0.0000,0,0,空换,S,0.0000,0.0000,0.0000,0.0000,0.0000,0.0000,0.0000,0.0000,0.0000,0.0000,0,0,0,0,0,0,0,0,0,0
zc,TA301,2012-06-20 08:55:37.820,0.0000,161508,0,0.0000,0.0000,0,0,空换,S,0.0000,0.0000,0.0000,0.0000,0.0000,0.0000,0.0000,0.0000,0.0000,0.0000,0,0,0,0,0,0,0,0,0,0
zc,TA301,2012-06-20 08:55:38.320,0.0000,161508,0,0.0000,0.0000,0,0,空换,S,0.0000,0.0000,0.0000,0.0000,0.0000,0.0000,0.0000,0.0000,0.0000,0.0000,0,0,0,0,0,0,0,0,0,0
zc,TA301,2012-06-20 08:55:57.837,0.0000,161508,0,0.0000,0.0000,0,0,空换,S,0.0000,0.0000,0.0000,0.0000,0.0000,0.0000,0.0000,0.0000,0.0000,0.0000,0,0,0,0,0,0,0,0,0,0
zc,TA301,2012-06-20 08:56:57.820,0.0000,161508,0,0.0000,0.0000,0,0,空换,S,0.0000,0.0000,0.0000,0.0000,0.0000,0.0000,0.0000,0.0000,0.0000,0.0000,0,0,0,0,0,0,0,0,0,0
zc,TA301,2012-06-20 08:57:56.570,0.0000,161508,0,0.0000,0.0000,0,0,空换,S,0.0000,0.0000,0.0000,0.0000,0.0000,0.0000,0.0000,0.0000,0.0000,0.0000,0,0,0,0,0,0,0,0,0,0
zc,TA301,2012-06-20 08:57:57.820,0.0000,161508,0,0.0000,0.0000,0,0,空换,S,0.0000,0.0000,0.0000,0.0000,0.0000,0.0000,0.0000,0.0000,0.0000,0.0000,0,0,0,0,0,0,0,0,0,0
zc,TA301,2012-06-20 08:58:57.820,0.0000,161508,0,0.0000,0.0000,0,0,空换,S,0.0000,0.0000,0.0000,0.0000,0.0000,0.0000,0.0000,0.0000,0.0000,0.0000,0,0,0,0,0,0,0,0,0,0
zc,TA301,2012-06-20 08:59:00.320,7316.0000,161564,56,0.0000,392.0000,224,168,多开,B,7314.0000,0.0000,0.0000,0.0000,0.0000,7316.0000,0.0000,0.0000,0.0000,0.0000,11,0,0,0,0,255,0,0,0,0
zc,TA301,2012-06-20 09:00:00.100,7316.0000,161564,0,0.0000,0.0000,0,0,多换,B,7314.0000,0.0000,0.0000,0.0000,0.0000,7316.0000,0.0000,0.0000,0.0000,0.0000,11,0,0,0,0,258,0,0,0,0
zc,TA301,2012-06-20 09:00:00.743,7316.0000,161560,-4,0.0000,96.0000,46,50,空平,B,7312.0000,0.0000,0.0000,0.0000,0.0000,7316.0000,0.0000,0.0000,0.0000,0.0000,41,0,0,0,0,220,0,0,0,0
zc,TA301,2012-06-20 09:00:01.540,7316.0000,161498,-62,0.0000,648.0000,293,355,空平,B,7316.0000,0.0000,0.0000,0.0000,0.0000,7318.0000,0.0000,0.0000,0.0000,0.0000,9,0,0,0,0,11,0,0,0,0
zc,TA301,2012-06-20 09:00:03.273,7320.0000,161466,-32,0.0000,264.0000,116,148,空平,B,7318.0000,0.0000,0.0000,0.0000,0.0000,7320.0000,0.0000,0.0000,0.0000,0.0000,2,0,0,0,0,90,0,0,0,0
zc,TA301,2012-06-20 09:00:04.773,7316.0000,161422,-44,0.0000,48.0000,2,46,多平,S,7316.0000,0.0000,0.0000,0.0000,0.0000,7318.0000,0.0000,0.0000,0.0000,0.0000,33,0,0,0,0,1,0,0,0,0
zc,TA301,2012-06-20 09:00:05.243,7320.0000,161406,-16,0.0000,72.0000,28,44,空平,B,7318.0000,0.0000,0.0000,0.0000,0.0000,7320.0000,0.0000,0.0000,0.0000,0.0000,13,0,0,0,0,42,0,0,0,0
zc,TA301,2012-06-20 09:00:05.993,7318.0000,161386,-20,0.0000,80.0000,30,50,多平,S,7318.0000,0.0000,0.0000,0.0000,0.0000,7320.0000,0.0000,0.0000,0.0000,0.0000,2,0,0,0,0,42,0,0,0,0
zc,TA301,2012-06-20 09:00:06.727,7320.0000,161388,2,0.0000,36.0000,19,17,多开,B,7318.0000,0.0000,0.0000,0.0000,0.0000,7320.0000,0.0000,0.0000,0.0000,0.0000,2,0,0,0,0,36,0,0,0,0
zc,TA301,2012-06-20 09:00:07.243,7320.0000,161380,-8,0.0000,54.0000,23,31,空平,B,7318.0000,0.0000,0.0000,0.0000,0.0000,7320.0000,0.0000,0.0000,0.0000,0.0000,6,0,0,0,0,11,0,0,0,0
zc,TA301,2012-06-20 09:00:07.727,7318.0000,161372,-8,0.0000,46.0000,19,27,多平,S,7320.0000,0.0000,0.0000,0.0000,0.0000,7322.0000,0.0000,0.0000,0.0000,0.0000,13,0,0,0,0,22,0,0,0,0
zc,TA301,2012-06-20 09:00:08.447,7320.0000,161350,-22,0.0000,22.0000,0,22,双平,B,7320.0000,0.0000,0.0000,0.0000,0.0000,7322.0000,0.0000,0.0000,0.0000,0.0000,9,0,0,0,0,6,0,0,0,0
zc,TA301,2012-06-20 09:00:09.243,7318.0000,161322,-28,0.0000,86.0000,29,57,多平,S,7316.0000,0.0000,0.0000,0.0000,0.0000,7318.0000,0.0000,0.0000,0.0000,0.0000,41,0,0,0,0,6,0,0,0,0
zc,TA301,2012-06-20 09:00:09.743,7316.0000,161322,0,0.0000,28.0000,14,14,空换,S,7316.0000,0.0000,0.0000,0.0000,0.0000,7322.0000,0.0000,0.0000,0.0000,0.0000,42,0,0,0,0,13,0,0,0,0
zc,TA301,2012-06-20 09:00:10.493,7320.0000,161314,-8,0.0000,14.0000,3,11,空平,B,7320.0000,0.0000,0.0000,0.0000,0.0000,7322.0000,0.0000,0.0000,0.0000,0.0000,2,0,0,0,0,13,0,0,0,0
zc,TA301,2012-06-20 09:00:10.743,7322.0000,161300,-14,0.0000,40.0000,13,27,空平,B,7318.0000,0.0000,0.0000,0.0000,0.0000,7320.0000,0.0000,0.0000,0.0000,0.0000,5,0,0,0,0,7,0,0,0,0
zc,TA301,2012-06-20 09:00:11.447,7318.0000,161310,10,0.0000,18.0000,14,4,空开,S,7316.0000,0.0000,0.0000,0.0000,0.0000,7318.0000,0.0000,0.0000,0.0000,0.0000,111,0,0,0,0,10,0,0,0,0
zc,TA301,2012-06-20 09:00:11.960,7320.0000,161308,-2,0.0000,50.0000,24,26,空平,B,7320.0000,0.0000,0.0000,0.0000,0.0000,7322.0000,0.0000,0.0000,0.0000,0.0000,20,0,0,0,0,53,0,0,0,0
zc,TA301,2012-06-20 09:00:12.977,7320.0000,161266,-42,0.0000,48.0000,3,45,空平,B,7318.0000,0.0000,0.0000,0.0000,0.0000,7320.0000,0.0000,0.0000,0.0000,0.0000,2,0,0,0,0,36,0,0,0,0
zc,TA301,2012-06-20 09:00:13.477,7320.0000,161258,-8,0.0000,14.0000,3,11,空平,B,7318.0000,0.0000,0.0000,0.0000,0.0000,7320.0000,0.0000,0.0000,0.0000,0.0000,4,0,0,0,0,35,0,0,0,0
zc,TA301,2012-06-20 09:00:14.210,7316.0000,161188,-70,0.0000,88.0000,9,79,多平,S,7316.0000,0.0000,0.0000,0.0000,0.0000,7318.0000,0.0000,0.0000,0.0000,0.0000,96,0,0,0,0,10,0,0,0,0
zc,TA301,2012-06-20 09:00:14.447,7316.0000,161012,-176,0.0000,198.0000,11,187,多平,S,7314.0000,0.0000,0.0000,0.0000,0.0000,7316.0000,0.0000,0.0000,0.0000,0.0000,16,0,0,0,0,3,0,0,0,0
zc,TA301,2012-06-20 09:00:15.197,7314.0000,161006,-6,0.0000,36.0000,15,21,多平,S,7312.0000,0.0000,0.0000,0.0000,0.0000,7314.0000,0.0000,0.0000,0.0000,0.0000,20,0,0,0,0,84,0,0,0,0
zc,TA301,2012-06-20 09:00:15.727,7312.0000,160992,-14,0.0000,98.0000,42,56,多平,S,7310.0000,0.0000,0.0000,0.0000,0.0000,7312.0000,0.0000,0.0000,0.0000,0.0000,30,0,0,0,0,53,0,0,0,0
zc,TA301,2012-06-20 09:00:16.197,7312.0000,160934,-58,0.0000,68.0000,5,63,多平,S,7310.0000,0.0000,0.0000,0.0000,0.0000,7312.0000,0.0000,0.0000,0.0000,0.0000,12,0,0,0,0,19,0,0,0,0
zc,TA301,2012-06-20 09:00:16.663,7310.0000,160916,-18,0.0000,24.0000,3,21,多平,S,7308.0000,0.0000,0.0000,0.0000,0.0000,7312.0000,0.0000,0.0000,0.0000,0.0000,23,0,0,0,0,26,0,0,0,0
zc,TA301,2012-06-20 09:00:17.477,7310.0000,160916,0,0.0000,2.0000,1,1,空换,S,7308.0000,0.0000,0.0000,0.0000,0.0000,7310.0000,0.0000,0.0000,0.0000,0.0000,23,0,0,0,0,2,0,0,0,0
zc,TA301,2012-06-20 09:00:18.210,7310.0000,160914,-2,0.0000,56.0000,27,29,多平,S,7308.0000,0.0000,0.0000,0.0000,0.0000,7312.0000,0.0000,0.0000,0.0000,0.0000,1,0,0,0,0,26,0,0,0,0
zc,TA301,2012-06-20 09:00:18.413,7308.0000,160906,-8,0.0000,32.0000,12,20,多平,S,7308.0000,0.0000,0.0000,0.0000,0.0000,7312.0000,0.0000,0.0000,0.0000,0.0000,16,0,0,0,0,25,0,0,0,0
zc,TA301,2012-06-20 09:00:19.507,7308.0000,160906,0,0.0000,22.0000,11,11,空换,S,7308.0000,0.0000,0.0000,0.0000,0.0000,7310.0000,0.0000,0.0000,0.0000,0.0000,6,0,0,0,0,3,0,0,0,0
zc,TA301,2012-06-20 09:00:20.227,7310.0000,160906,0,0.0000,26.0000,13,13,多换,B,7310.0000,0.0000,0.0000,0.0000,0.0000,7312.0000,0.0000,0.0000,0.0000,0.0000,13,0,0,0,0,22,0,0,0,0
zc,TA301,2012-06-20 09:00:20.977,7310.0000,160906,0,0.0000,16.0000,8,8,多换,B,7310.0000,0.0000,0.0000,0.0000,0.0000,7312.0000,0.0000,0.0000,0.0000,0.0000,7,0,0,0,0,33,0,0,0,0
zc,TA301,2012-06-20 09:00:21.727,7310.0000,160880,-26,0.0000,44.0000,9,35,空平,B,7310.0000,0.0000,0.0000,0.0000,0.0000,7312.0000,0.0000,0.0000,0.0000,0.0000,1,0,0,0,0,12,0,0,0,0
zc,TA301,2012-06-20 09:00:22.180,7310.0000,160878,-2,0.0000,4.0000,1,3,空平,B,7310.0000,0.0000,0.0000,0.0000,0.0000,7312.0000,0.0000,0.0000,0.0000,0.0000,12,0,0,0,0,8,0,0,0,0
zc,TA301,2012-06-20 09:00:22.993,7312.0000,160886,8,0.0000,68.0000,38,30,多开,B,7312.0000,0.0000,0.0000,0.0000,0.0000,7314.0000,0.0000,0.0000,0.0000,0.0000,24,0,0,0,0,93,0,0,0,0
zc,TA301,2012-06-20 09:00:23.727,7310.0000,160856,-30,0.0000,82.0000,26,56,多平,S,7312.0000,0.0000,0.0000,0.0000,0.0000,7314.0000,0.0000,0.0000,0.0000,0.0000,3,0,0,0,0,93,0,0,0,0
zc,TA301,2012-06-20 09:00:24.197,7312.0000,160852,-4,0.0000,20.0000,8,12,空平,B,7312.0000,0.0000,0.0000,0.0000,0.0000,7314.0000,0.0000,0.0000,0.0000,0.0000,21,0,0,0,0,90,0,0,0,0
zc,TA301,2012-06-20 09:00:24.947,7314.0000,160850,-2,0.0000,94.0000,46,48,空平,B,7312.0000,0.0000,0.0000,0.0000,0.0000,7314.0000,0.0000,0.0000,0.0000,0.0000,6,0,0,0,0,61,0,0,0,0
zc,TA301,2012-06-20 09:00:25.727,7314.0000,160838,-12,0.0000,48.0000,18,30,空平,B,7310.0000,0.0000,0.0000,0.0000,0.0000,7314.0000,0.0000,0.0000,0.0000,0.0000,3,0,0,0,0,56,0,0,0,0
zc,TA301,2012-06-20 09:00:26.210,7314.0000,160838,0,0.0000,0.0000,0,0,多换,B,7312.0000,0.0000,0.0000,0.0000,0.0000,7314.0000,0.0000,0.0000,0.0000,0.0000,24,0,0,0,0,61,0,0,0,0
zc,TA301,2012-06-20 09:00:27.210,7314.0000,160828,-10,0.0000,14.0000,2,12,空平,B,7312.0000,0.0000,0.0000,0.0000,0.0000,7314.0000,0.0000,0.0000,0.0000,0.0000,20,0,0,0,0,58,0,0,0,0
zc,TA301,2012-06-20 09:00:27.727,7312.0000,160818,-10,0.0000,62.0000,26,36,多平,S,7310.0000,0.0000,0.0000,0.0000,0.0000,7312.0000,0.0000,0.0000,0.0000,0.0000,23,0,0,0,0,94,0,0,0,0
zc,TA301,2012-06-20 09:00:28.197,7312.0000,160814,-4,0.0000,12.0000,4,8,多平,S,7310.0000,0.0000,0.0000,0.0000,0.0000,7312.0000,0.0000,0.0000,0.0000,0.0000,26,0,0,0,0,102,0,0,0,0
zc,TA301,2012-06-20 09:00:28.960,7312.0000,160808,-6,0.0000,20.0000,7,13,多平,S,7310.0000,0.0000,0.0000,0.0000,0.0000,7312.0000,0.0000,0.0000,0.0000,0.0000,24,0,0,0,0,89,0,0,0,0
zc,TA301,2012-06-20 09:00:29.447,7310.0000,160796,-12,0.0000,66.0000,27,39,多平,S,7310.0000,0.0000,0.0000,0.0000,0.0000,7312.0000,0.0000,0.0000,0.0000,0.0000,34,0,0,0,0,66,0,0,0,0
zc,TA301,2012-06-20 09:00:30.210,7312.0000,160752,-44,0.0000,84.0000,20,64,空平,B,7310.0000,0.0000,0.0000,0.0000,0.0000,7312.0000,0.0000,0.0000,0.0000,0.0000,26,0,0,0,0,37,0,0,0,0
zc,TA301,2012-06-20 09:00:30.897,7310.0000,160748,-4,0.0000,50.0000,23,27,多平,S,7310.0000,0.0000,0.0000,0.0000,0.0000,7312.0000,0.0000,0.0000,0.0000,0.0000,18,0,0,0,0,66,0,0,0,0
zc,TA301,2012-06-20 09:00:31.697,7310.0000,160836,88,0.0000,102.0000,95,7,空开,S,7310.0000,0.0000,0.0000,0.0000,0.0000,7312.0000,0.0000,0.0000,0.0000,0.0000,17,0,0,0,0,15,0,0,0,0
zc,TA301,2012-06-20 09:00:32.430,7310.0000,160838,2,0.0000,34.0000,18,16,空开,S,7310.0000,0.0000,0.0000,0.0000,0.0000,7312.0000,0.0000,0.0000,0.0000,0.0000,2,0,0,0,0,7,0,0,0,0
zc,TA301,2012-06-20 09:00:32.960,7310.0000,160856,18,0.0000,30.0000,24,6,空开,S,7308.0000,0.0000,0.0000,0.0000,0.0000,7310.0000,0.0000,0.0000,0.0000,0.0000,10,0,0,0,0,8,0,0,0,0
zc,TA301,2012-06-20 09:00:33.727,7310.0000,160854,-2,0.0000,4.0000,1,3,多平,S,7308.0000,0.0000,0.0000,0.0000,0.0000,7310.0000,0.0000,0.0000,0.0000,0.0000,16,0,0,0,0,7,0,0,0,0
zc,TA301,2012-06-20 09:00:34.477,7306.0000,160872,18,0.0000,28.0000,23,5,空开,S,7306.0000,0.0000,0.0000,0.0000,0.0000,7310.0000,0.0000,0.0000,0.0000,0.0000,3,0,0,0,0,8,0,0,0,0
zc,TA301,2012-06-20 09:00:34.947,7308.0000,160870,-2,0.0000,4.0000,1,3,空平,B,7308.0000,0.0000,0.0000,0.0000,0.0000,7310.0000,0.0000,0.0000,0.0000,0.0000,1,0,0,0,0,17,0,0,0,0
zc,TA301,2012-06-20 09:00:35.727,7308.0000,160880,10,0.0000,28.0000,19,9,多开,B,7308.0000,0.0000,0.0000,0.0000,0.0000,7310.0000,0.0000,0.0000,0.0000,0.0000,1,0,0,0,0,6,0,0,0,0
zc,TA301,2012-06-20 09:00:36.227,7308.0000,160880,0,0.0000,2.0000,1,1,多换,B,7306.0000,0.0000,0.0000,0.0000,0.0000,7308.0000,0.0000,0.0000,0.0000,0.0000,3,0,0,0,0,2,0,0,0,0
zc,TA301,2012-06-20 09:00:36.930,7308.0000,160862,-18,0.0000,54.0000,18,36,空平,B,7304.0000,0.0000,0.0000,0.0000,0.0000,7308.0000,0.0000,0.0000,0.0000,0.0000,2,0,0,0,0,6,0,0,0,0
zc,TA301,2012-06-20 09:00:37.430,7306.0000,160860,-2,0.0000,22.0000,10,12,多平,S,7304.0000,0.0000,0.0000,0.0000,0.0000,7308.0000,0.0000,0.0000,0.0000,0.0000,2,0,0,0,0,112,0,0,0,0
zc,TA301,2012-06-20 09:00:38.227,7304.0000,160856,-4,0.0000,8.0000,2,6,多平,S,7302.0000,0.0000,0.0000,0.0000,0.0000,7304.0000,0.0000,0.0000,0.0000,0.0000,91,0,0,0,0,6,0,0,0,0
zc,TA301,2012-06-20 09:00:38.697,7304.0000,160858,2,0.0000,6.0000,4,2,空开,S,7302.0000,0.0000,0.0000,0.0000,0.0000,7304.0000,0.0000,0.0000,0.0000,0.0000,89,0,0,0,0,5,0,0,0,0
zc,TA301,2012-06-20 09:00:39.447,7302.0000,160858,0,0.0000,2.0000,1,1,空换,S,7302.0000,0.0000,0.0000,0.0000,0.0000,7304.0000,0.0000,0.0000,0.0000,0.0000,88,0,0,0,0,5,0,0,0,0
zc,TA301,2012-06-20 09:00:40.697,7302.0000,160856,-2,0.0000,6.0000,2,4,多平,S,7302.0000,0.0000,0.0000,0.0000,0.0000,7304.0000,0.0000,0.0000,0.0000,0.0000,92,0,0,0,0,10,0,0,0,0
zc,TA301,2012-06-20 09:00:41.460,7302.0000,160818,-38,0.0000,50.0000,6,44,多平,S,7302.0000,0.0000,0.0000,0.0000,0.0000,7304.0000,0.0000,0.0000,0.0000,0.0000,75,0,0,0,0,6,0,0,0,0
zc,TA301,2012-06-20 09:00:42.227,7302.0000,160822,4,0.0000,40.0000,22,18,空开,S,7302.0000,0.0000,0.0000,0.0000,0.0000,7306.0000,0.0000,0.0000,0.0000,0.0000,66,0,0,0,0,34,0,0,0,0
zc,TA301,2012-06-20 09:00:42.947,7306.0000,160820,-2,0.0000,18.0000,8,10,空平,B,7302.0000,0.0000,0.0000,0.0000,0.0000,7306.0000,0.0000,0.0000,0.0000,0.0000,64,0,0,0,0,39,0,0,0,0
zc,TA301,2012-06-20 09:00:43.727,7304.0000,160836,16,0.0000,62.0000,39,23,空开,S,7302.0000,0.0000,0.0000,0.0000,0.0000,7304.0000,0.0000,0.0000,0.0000,0.0000,63,0,0,0,0,1,0,0,0,0
zc,TA301,2012-06-20 09:00:44.133,7302.0000,160838,2,0.0000,24.0000,13,11,空开,S,7302.0000,0.0000,0.0000,0.0000,0.0000,7304.0000,0.0000,0.0000,0.0000,0.0000,53,0,0,0,0,9,0,0,0,0
zc,TA301,2012-06-20 09:00:44.977,7300.0000,160894,56,0.0000,214.0000,135,79,空开,S,7298.0000,0.0000,0.0000,0.0000,0.0000,7300.0000,0.0000,0.0000,0.0000,0.0000,9,0,0,0,0,16,0,0,0,0
zc,TA301,2012-06-20 09:00:45.710,7304.0000,160876,-18,0.0000,64.0000,23,41,空平,B,7298.0000,0.0000,0.0000,0.0000,0.0000,7304.0000,0.0000,0.0000,0.0000,0.0000,6,0,0,0,0,9,0,0,0,0
zc,TA301,2012-06-20 09:00:46.413,7302.0000,160876,0,0.0000,10.0000,5,5,空换,S,7302.0000,0.0000,0.0000,0.0000,0.0000,7304.0000,0.0000,0.0000,0.0000,0.0000,1,0,0,0,0,56,0,0,0,0
zc,TA301,2012-06-20 09:00:47.180,7302.0000,160878,2,0.0000,6.0000,4,2,空开,S,7300.0000,0.0000,0.0000,0.0000,0.0000,7304.0000,0.0000,0.0000,0.0000,0.0000,1,0,0,0,0,53,0,0,0,0
zc,TA301,2012-06-20 09:00:47.430,7302.0000,160880,2,0.0000,4.0000,3,1,空开,S,7300.0000,0.0000,0.0000,0.0000,0.0000,7304.0000,0.0000,0.0000,0.0000,0.0000,1,0,0,0,0,54,0,0,0,0
zc,TA301,2012-06-20 09:00:48.180,7302.0000,160878,-2,0.0000,2.0000,0,2,双平,S,7300.0000,0.0000,0.0000,0.0000,0.0000,7302.0000,0.0000,0.0000,0.0000,0.0000,1,0,0,0,0,1,0,0,0,0
zc,TA301,2012-06-20 09:00:48.743,7304.0000,160884,6,0.0000,10.0000,8,2,多开,B,7300.0000,0.0000,0.0000,0.0000,0.0000,7302.0000,0.0000,0.0000,0.0000,0.0000,1,0,0,0,0,13,0,0,0,0
zc,TA301,2012-06-20 09:00:49.197,7302.0000,160884,0,0.0000,10.0000,5,5,空换,S,7300.0000,0.0000,0.0000,0.0000,0.0000,7302.0000,0.0000,0.0000,0.0000,0.0000,2,0,0,0,0,8,0,0,0,0
zc,TA301,2012-06-20 09:00:50.257,7302.0000,160886,2,0.0000,12.0000,7,5,空开,S,7300.0000,0.0000,0.0000,0.0000,0.0000,7302.0000,0.0000,0.0000,0.0000,0.0000,2,0,0,0,0,23,0,0,0,0
zc,TA301,2012-06-20 09:00:50.897,7302.0000,160888,2,0.0000,6.0000,4,2,空开,S,7300.0000,0.0000,0.0000,0.0000,0.0000,7302.0000,0.0000,0.0000,0.0000,0.0000,1,0,0,0,0,20,0,0,0,0
zc,TA301,2012-06-20 09:00:51.430,7302.0000,160890,2,0.0000,4.0000,3,1,空开,S,7298.0000,0.0000,0.0000,0.0000,0.0000,7302.0000,0.0000,0.0000,0.0000,0.0000,5,0,0,0,0,33,0,0,0,0
zc,TA301,2012-06-20 09:00:51.947,7302.0000,160896,6,0.0000,10.0000,8,2,空开,S,7300.0000,0.0000,0.0000,0.0000,0.0000,7302.0000,0.0000,0.0000,0.0000,0.0000,3,0,0,0,0,12,0,0,0,0
zc,TA301,2012-06-20 09:00:52.663,7302.0000,160900,4,0.0000,14.0000,9,5,空开,S,7300.0000,0.0000,0.0000,0.0000,0.0000,7302.0000,0.0000,0.0000,0.0000,0.0000,1,0,0,0,0,7,0,0,0,0
zc,TA301,2012-06-20 09:00:53.430,7300.0000,160900,0,0.0000,14.0000,7,7,空换,S,7300.0000,0.0000,0.0000,0.0000,0.0000,7302.0000,0.0000,0.0000,0.0000,0.0000,3,0,0,0,0,2,0,0,0,0
zc,TA301,2012-06-20 09:00:54.197,7300.0000,160902,2,0.0000,10.0000,6,4,空开,S,7302.0000,0.0000,0.0000,0.0000,0.0000,7304.0000,0.0000,0.0000,0.0000,0.0000,1,0,0,0,0,32,0,0,0,0
zc,TA301,2012-06-20 09:00:54.710,7302.0000,160904,2,0.0000,18.0000,10,8,多开,B,7300.0000,0.0000,0.0000,0.0000,0.0000,7302.0000,0.0000,0.0000,0.0000,0.0000,2,0,0,0,0,8,0,0,0,0
zc,TA301,2012-06-20 09:00:55.430,7302.0000,160902,-2,0.0000,6.0000,2,4,空平,B,7300.0000,0.0000,0.0000,0.0000,0.0000,7302.0000,0.0000,0.0000,0.0000,0.0000,2,0,0,0,0,30,0,0,0,0
zc,TA301,2012-06-20 09:00:55.930,7300.0000,160902,0,0.0000,6.0000,3,3,空换,S,7298.0000,0.0000,0.0000,0.0000,0.0000,7300.0000,0.0000,0.0000,0.0000,0.0000,12,0,0,0,0,12,0,0,0,0
zc,TA301,2012-06-20 09:00:56.710,7300.0000,160902,0,0.0000,0.0000,0,0,空换,S,7298.0000,0.0000,0.0000,0.0000,0.0000,7300.0000,0.0000,0.0000,0.0000,0.0000,12,0,0,0,0,13,0,0,0,0
zc,TA301,2012-06-20 09:00:57.210,7300.0000,160882,-20,0.0000,26.0000,3,23,多平,S,7300.0000,0.0000,0.0000,0.0000,0.0000,7302.0000,0.0000,0.0000,0.0000,0.0000,1,0,0,0,0,30,0,0,0,0
zc,TA301,2012-06-20 09:00:57.977,7302.0000,160872,-10,0.0000,24.0000,7,17,空平,B,7298.0000,0.0000,0.0000,0.0000,0.0000,7302.0000,0.0000,0.0000,0.0000,0.0000,4,0,0,0,0,33,0,0,0,0
zc,TA301,2012-06-20 09:00:58.697,7300.0000,160880,8,0.0000,8.0000,8,0,双开,S,7298.0000,0.0000,0.0000,0.0000,0.0000,7302.0000,0.0000,0.0000,0.0000,0.0000,24,0,0,0,0,15,0,0,0,0
zc,TA301,2012-06-20 09:00:59.430,7300.0000,160880,0,0.0000,4.0000,2,2,空换,S,7298.0000,0.0000,0.0000,0.0000,0.0000,7300.0000,0.0000,0.0000,0.0000,0.0000,24,0,0,0,0,7,0,0,0,0
zc,TA301,2012-06-20 09:00:59.913,7300.0000,160880,0,0.0000,8.0000,4,4,空换,S,7298.0000,0.0000,0.0000,0.0000,0.0000,7300.0000,0.0000,0.0000,0.0000,0.0000,23,0,0,0,0,4,0,0,0,0
zc,TA301,2012-06-20 09:01:00.430,7300.0000,160880,0,0.0000,0.0000,0,0,空换,S,7298.0000,0.0000,0.0000,0.0000,0.0000,7300.0000,0.0000,0.0000,0.0000,0.0000,24,0,0,0,0,4,0,0,0,0
zc,TA301,2012-06-20 09:01:01.197,7300.0000,160880,0,0.0000,8.0000,4,4,空换,S,7298.0000,0.0000,0.0000,0.0000,0.0000,7300.0000,0.0000,0.0000,0.0000,0.0000,23,0,0,0,0,1,0,0,0,0
zc,TA301,2012-06-20 09:01:01.913,7298.0000,160828,-52,0.0000,66.0000,7,59,多平,S,7298.0000,0.0000,0.0000,0.0000,0.0000,7304.0000,0.0000,0.0000,0.0000,0.0000,16,0,0,0,0,7,0,0,0,0
zc,TA301,2012-06-20 09:01:02.710,7304.0000,160832,4,0.0000,4.0000,4,0,双开,B,7298.0000,0.0000,0.0000,0.0000,0.0000,7304.0000,0.0000,0.0000,0.0000,0.0000,21,0,0,0,0,6,0,0,0,0
zc,TA301,2012-06-20 09:01:03.163,7300.0000,160830,-2,0.0000,6.0000,2,4,多平,S,7298.0000,0.0000,0.0000,0.0000,0.0000,7304.0000,0.0000,0.0000,0.0000,0.0000,10,0,0,0,0,32,0,0,0,0
zc,TA301,2012-06-20 09:01:03.960,7298.0000,160828,-2,0.0000,10.0000,4,6,多平,S,7298.0000,0.0000,0.0000,0.0000,0.0000,7300.0000,0.0000,0.0000,0.0000,0.0000,5,0,0,0,0,4,0,0,0,0
zc,TA301,2012-06-20 09:01:04.710,7300.0000,160820,-8,0.0000,12.0000,2,10,空平,B,7298.0000,0.0000,0.0000,0.0000,0.0000,7300.0000,0.0000,0.0000,0.0000,0.0000,8,0,0,0,0,1,0,0,0,0
zc,TA301,2012-06-20 09:01:05.477,7304.0000,160908,88,0.0000,154.0000,121,33,多开,B,7302.0000,0.0000,0.0000,0.0000,0.0000,7304.0000,0.0000,0.0000,0.0000,0.0000,7,0,0,0,0,8,0,0,0,0
zc,TA301,2012-06-20 09:01:05.930,7300.0000,160922,14,0.0000,46.0000,30,16,空开,S,7300.0000,0.0000,0.0000,0.0000,0.0000,7302.0000,0.0000,0.0000,0.0000,0.0000,13,0,0,0,0,11,0,0,0,0
zc,TA301,2012-06-20 09:01:06.447,7300.0000,160922,0,0.0000,0.0000,0,0,空换,S,7300.0000,0.0000,0.0000,0.0000,0.0000,7302.0000,0.0000,0.0000,0.0000,0.0000,15,0,0,0,0,12,0,0,0,0
zc,TA301,2012-06-20 09:01:07.163,7302.0000,160918,-4,0.0000,24.0000,10,14,空平,B,7300.0000,0.0000,0.0000,0.0000,0.0000,7302.0000,0.0000,0.0000,0.0000,0.0000,15,0,0,0,0,11,0,0,0,0
zc,TA301,2012-06-20 09:01:07.680,7302.0000,160940,22,0.0000,26.0000,24,2,多开,B,7302.0000,0.0000,0.0000,0.0000,0.0000,7304.0000,0.0000,0.0000,0.0000,0.0000,3,0,0,0,0,12,0,0,0,0
zc,TA301,2012-06-20 09:01:08.413,7302.0000,160946,6,0.0000,8.0000,7,1,多开,B,7300.0000,0.0000,0.0000,0.0000,0.0000,7304.0000,0.0000,0.0000,0.0000,0.0000,15,0,0,0,0,6,0,0,0,0
zc,TA301,2012-06-20 09:01:08.960,7302.0000,160946,0,0.0000,0.0000,0,0,多换,B,7300.0000,0.0000,0.0000,0.0000,0.0000,7302.0000,0.0000,0.0000,0.0000,0.0000,35,0,0,0,0,5,0,0,0,0
zc,TA301,2012-06-20 09:01:09.633,7306.0000,160940,-6,0.0000,44.0000,19,25,空平,B,7304.0000,0.0000,0.0000,0.0000,0.0000,7306.0000,0.0000,0.0000,0.0000,0.0000,8,0,0,0,0,8,0,0,0,0
zc,TA301,2012-06-20 09:01:10.477,7304.0000,160954,14,0.0000,26.0000,20,6,空开,S,7304.0000,0.0000,0.0000,0.0000,0.0000,7306.0000,0.0000,0.0000,0.0000,0.0000,9,0,0,0,0,13,0,0,0,0
zc,TA301,2012-06-20 09:01:11.180,7304.0000,160956,2,0.0000,2.0000,2,0,双开,S,7304.0000,0.0000,0.0000,0.0000,0.0000,7306.0000,0.0000,0.0000,0.0000,0.0000,30,0,0,0,0,12,0,0,0,0
zc,TA301,2012-06-20 09:01:11.663,7304.0000,160974,18,0.0000,28.0000,23,5,空开,S,7304.0000,0.0000,0.0000,0.0000,0.0000,7306.0000,0.0000,0.0000,0.0000,0.0000,17,0,0,0,0,6,0,0,0,0
zc,TA301,2012-06-20 09:01:12.493,7306.0000,160974,0,0.0000,8.0000,4,4,多换,B,7304.0000,0.0000,0.0000,0.0000,0.0000,7306.0000,0.0000,0.0000,0.0000,0.0000,16,0,0,0,0,3,0,0,0,0
zc,TA301,2012-06-20 09:01:12.960,7306.0000,160972,-2,0.0000,6.0000,2,4,空平,B,7304.0000,0.0000,0.0000,0.0000,0.0000,7306.0000,0.0000,0.0000,0.0000,0.0000,15,0,0,0,0,11,0,0,0,0
zc,TA301,2012-06-20 09:01:13.680,7306.0000,160972,0,0.0000,16.0000,8,8,多换,B,7304.0000,0.0000,0.0000,0.0000,0.0000,7306.0000,0.0000,0.0000,0.0000,0.0000,15,0,0,0,0,3,0,0,0,0
zc,TA301,2012-06-20 09:01:14.397,7308.0000,160962,-10,0.0000,34.0000,12,22,空平,B,7304.0000,0.0000,0.0000,0.0000,0.0000,7308.0000,0.0000,0.0000,0.0000,0.0000,14,0,0,0,0,20,0,0,0,0
zc,TA301,2012-06-20 09:01:15.197,7304.0000,160964,2,0.0000,32.0000,17,15,空开,S,7302.0000,0.0000,0.0000,0.0000,0.0000,7306.0000,0.0000,0.0000,0.0000,0.0000,7,0,0,0,0,1,0,0,0,0
zc,TA301,2012-06-20 09:01:15.647,7306.0000,160964,0,0.0000,2.0000,1,1,多换,B,7302.0000,0.0000,0.0000,0.0000,0.0000,7308.0000,0.0000,0.0000,0.0000,0.0000,6,0,0,0,0,27,0,0,0,0
zc,TA301,2012-06-20 09:01:16.430,7308.0000,160966,2,0.0000,2.0000,2,0,双开,B,7306.0000,0.0000,0.0000,0.0000,0.0000,7308.0000,0.0000,0.0000,0.0000,0.0000,70,0,0,0,0,32,0,0,0,0
zc,TA301,2012-06-20 09:01:16.930,7308.0000,161062,96,0.0000,140.0000,118,22,多开,B,7308.0000,0.0000,0.0000,0.0000,0.0000,7310.0000,0.0000,0.0000,0.0000,0.0000,15,0,0,0,0,24,0,0,0,0
zc,TA301,2012-06-20 09:01:17.663,7308.0000,161062,0,0.0000,0.0000,0,0,多换,B,7308.0000,0.0000,0.0000,0.0000,0.0000,7310.0000,0.0000,0.0000,0.0000,0.0000,16,0,0,0,0,24,0,0,0,0
zc,TA301,2012-06-20 09:01:17.930,7310.0000,161060,-2,0.0000,4.0000,1,3,空平,B,7308.0000,0.0000,0.0000,0.0000,0.0000,7310.0000,0.0000,0.0000,0.0000,0.0000,18,0,0,0,0,22,0,0,0,0
zc,TA301,2012-06-20 09:01:18.960,7312.0000,161020,-40,0.0000,42.0000,1,41,空平,B,7308.0000,0.0000,0.0000,0.0000,0.0000,7312.0000,0.0000,0.0000,0.0000,0.0000,25,0,0,0,0,10,0,0,0,0
zc,TA301,2012-06-20 09:01:19.413,7310.0000,161018,-2,0.0000,6.0000,2,4,多平,S,7308.0000,0.0000,0.0000,0.0000,0.0000,7312.0000,0.0000,0.0000,0.0000,0.0000,23,0,0,0,0,39,0,0,0,0
zc,TA301,2012-06-20 09:01:19.913,7310.0000,161012,-6,0.0000,12.0000,3,9,多平,S,7308.0000,0.0000,0.0000,0.0000,0.0000,7310.0000,0.0000,0.0000,0.0000,0.0000,24,0,0,0,0,17,0,0,0,0
zc,TA301,2012-06-20 09:01:20.430,7308.0000,161010,-2,0.0000,16.0000,7,9,多平,S,7308.0000,0.0000,0.0000,0.0000,0.0000,7312.0000,0.0000,0.0000,0.0000,0.0000,23,0,0,0,0,27,0,0,0,0
zc,TA301,2012-06-20 09:01:21.197,7308.0000,161008,-2,0.0000,22.0000,10,12,多平,S,7308.0000,0.0000,0.0000,0.0000,0.0000,7312.0000,0.0000,0.0000,0.0000,0.0000,18,0,0,0,0,32,0,0,0,0
zc,TA301,2012-06-20 09:01:21.913,7310.0000,160866,-142,0.0000,142.0000,0,142,双平,B,7310.0000,0.0000,0.0000,0.0000,0.0000,7312.0000,0.0000,0.0000,0.0000,0.0000,7,0,0,0,0,39,0,0,0,0
zc,TA301,2012-06-20 09:01:22.697,7312.0000,160896,30,0.0000,90.0000,60,30,多开,B,7306.0000,0.0000,0.0000,0.0000,0.0000,7312.0000,0.0000,0.0000,0.0000,0.0000,9,0,0,0,0,29,0,0,0,0
zc,TA301,2012-06-20 09:01:23.180,7312.0000,160904,8,0.0000,18.0000,13,5,多开,B,7308.0000,0.0000,0.0000,0.0000,0.0000,7310.0000,0.0000,0.0000,0.0000,0.0000,9,0,0,0,0,1,0,0,0,0
zc,TA301,2012-06-20 09:01:23.947,7312.0000,160904,0,0.0000,16.0000,8,8,多换,B,7310.0000,0.0000,0.0000,0.0000,0.0000,7312.0000,0.0000,0.0000,0.0000,0.0000,1,0,0,0,0,32,0,0,0,0
zc,TA301,2012-06-20 09:01:24.397,7312.0000,160910,6,0.0000,14.0000,10,4,多开,B,7308.0000,0.0000,0.0000,0.0000,0.0000,7312.0000,0.0000,0.0000,0.0000,0.0000,8,0,0,0,0,31,0,0,0,0
zc,TA301,2012-06-20 09:01:25.180,7312.0000,160918,8,0.0000,30.0000,19,11,多开,B,7310.0000,0.0000,0.0000,0.0000,0.0000,7312.0000,0.0000,0.0000,0.0000,0.0000,3,0,0,0,0,18,0,0,0,0
zc,TA301,2012-06-20 09:01:25.680,7312.0000,160914,-4,0.0000,16.0000,6,10,空平,B,7310.0000,0.0000,0.0000,0.0000,0.0000,7312.0000,0.0000,0.0000,0.0000,0.0000,4,0,0,0,0,11,0,0,0,0
zc,TA301,2012-06-20 09:01:26.430,7310.0000,160912,-2,0.0000,2.0000,0,2,双平,S,7310.0000,0.0000,0.0000,0.0000,0.0000,7312.0000,0.0000,0.0000,0.0000,0.0000,11,0,0,0,0,11,0,0,0,0
zc,TA301,2012-06-20 09:01:26.897,7312.0000,160902,-10,0.0000,12.0000,1,11,空平,B,7310.0000,0.0000,0.0000,0.0000,0.0000,7312.0000,0.0000,0.0000,0.0000,0.0000,11,0,0,0,0,6,0,0,0,0
zc,TA301,2012-06-20 09:01:27.680,7312.0000,160890,-12,0.0000,22.0000,5,17,空平,B,7312.0000,0.0000,0.0000,0.0000,0.0000,7314.0000,0.0000,0.0000,0.0000,0.0000,7,0,0,0,0,60,0,0,0,0
zc,TA301,2012-06-20 09:01:28.147,7312.0000,160890,0,0.0000,6.0000,3,3,多换,B,7312.0000,0.0000,0.0000,0.0000,0.0000,7314.0000,0.0000,0.0000,0.0000,0.0000,39,0,0,0,0,66,0,0,0,0
zc,TA301,2012-06-20 09:01:28.897,7312.0000,160874,-16,0.0000,34.0000,9,25,空平,B,7312.0000,0.0000,0.0000,0.0000,0.0000,7314.0000,0.0000,0.0000,0.0000,0.0000,29,0,0,0,0,64,0,0,0,0
zc,TA301,2012-06-20 09:01:29.447,7314.0000,160898,24,0.0000,36.0000,30,6,多开,B,7312.0000,0.0000,0.0000,0.0000,0.0000,7314.0000,0.0000,0.0000,0.0000,0.0000,50,0,0,0,0,79,0,0,0,0
zc,TA301,2012-06-20 09:01:30.727,7312.0000,160916,18,0.0000,30.0000,24,6,空开,S,7312.0000,0.0000,0.0000,0.0000,0.0000,7314.0000,0.0000,0.0000,0.0000,0.0000,38,0,0,0,0,65,0,0,0,0
zc,TA301,2012-06-20 09:01:30.897,7312.0000,160910,-6,0.0000,12.0000,3,9,多平,S,7312.0000,0.0000,0.0000,0.0000,0.0000,7314.0000,0.0000,0.0000,0.0000,0.0000,35,0,0,0,0,65,0,0,0,0
zc,TA301,2012-06-20 09:01:31.663,7312.0000,160912,2,0.0000,12.0000,7,5,空开,S,7312.0000,0.0000,0.0000,0.0000,0.0000,7314.0000,0.0000,0.0000,0.0000,0.0000,29,0,0,0,0,59,0,0,0,0
zc,TA301,2012-06-20 09:01:32.210,7314.0000,160894,-18,0.0000,30.0000,6,24,空平,B,7312.0000,0.0000,0.0000,0.0000,0.0000,7314.0000,0.0000,0.0000,0.0000,0.0000,19,0,0,0,0,52,0,0,0,0
zc,TA301,2012-06-20 09:01:33.197,7314.0000,160892,-2,0.0000,14.0000,6,8,空平,B,7312.0000,0.0000,0.0000,0.0000,0.0000,7314.0000,0.0000,0.0000,0.0000,0.0000,38,0,0,0,0,40,0,0,0,0
zc,TA301,2012-06-20 09:01:33.430,7314.0000,160878,-14,0.0000,14.0000,0,14,双平,B,7312.0000,0.0000,0.0000,0.0000,0.0000,7314.0000,0.0000,0.0000,0.0000,0.0000,38,0,0,0,0,33,0,0,0,0
zc,TA301,2012-06-20 09:01:34.430,7314.0000,160878,0,0.0000,4.0000,2,2,多换,B,7312.0000,0.0000,0.0000,0.0000,0.0000,7314.0000,0.0000,0.0000,0.0000,0.0000,39,0,0,0,0,31,0,0,0,0
zc,TA301,2012-06-20 09:01:35.197,7312.0000,160834,-44,0.0000,48.0000,2,46,多平,S,7312.0000,0.0000,0.0000,0.0000,0.0000,7314.0000,0.0000,0.0000,0.0000,0.0000,48,0,0,0,0,22,0,0,0,0
zc,TA301,2012-06-20 09:01:35.883,7314.0000,160834,0,0.0000,28.0000,14,14,多换,B,7312.0000,0.0000,0.0000,0.0000,0.0000,7314.0000,0.0000,0.0000,0.0000,0.0000,47,0,0,0,0,10,0,0,0,0
zc,TA301,2012-06-20 09:01:36.430,7314.0000,160822,-12,0.0000,18.0000,3,15,空平,B,7312.0000,0.0000,0.0000,0.0000,0.0000,7314.0000,0.0000,0.0000,0.0000,0.0000,42,0,0,0,0,1,0,0,0,0
zc,TA301,2012-06-20 09:01:37.163,7312.0000,160822,0,0.0000,16.0000,8,8,空换,S,7312.0000,0.0000,0.0000,0.0000,0.0000,7314.0000,0.0000,0.0000,0.0000,0.0000,55,0,0,0,0,2,0,0,0,0
zc,TA301,2012-06-20 09:01:37.663,7316.0000,160824,2,0.0000,12.0000,7,5,多开,B,7314.0000,0.0000,0.0000,0.0000,0.0000,7316.0000,0.0000,0.0000,0.0000,0.0000,4,0,0,0,0,35,0,0,0,0
zc,TA301,2012-06-20 09:01:38.413,7310.0000,160902,78,0.0000,202.0000,140,62,空开,S,7312.0000,0.0000,0.0000,0.0000,0.0000,7316.0000,0.0000,0.0000,0.0000,0.0000,5,0,0,0,0,35,0,0,0,0
zc,TA301,2012-06-20 09:01:38.913,7316.0000,160902,0,0.0000,2.0000,1,1,多换,B,7314.0000,0.0000,0.0000,0.0000,0.0000,7316.0000,0.0000,0.0000,0.0000,0.0000,7,0,0,0,0,34,0,0,0,0
zc,TA301,2012-06-20 09:01:39.697,7314.0000,160904,2,0.0000,2.0000,2,0,双开,S,7314.0000,0.0000,0.0000,0.0000,0.0000,7316.0000,0.0000,0.0000,0.0000,0.0000,7,0,0,0,0,37,0,0,0,0
zc,TA301,2012-06-20 09:01:40.430,7314.0000,160886,-18,0.0000,32.0000,7,25,多平,S,7314.0000,0.0000,0.0000,0.0000,0.0000,7316.0000,0.0000,0.0000,0.0000,0.0000,3,0,0,0,0,39,0,0,0,0
zc,TA301,2012-06-20 09:01:41.197,7316.0000,160896,10,0.0000,14.0000,12,2,多开,B,7314.0000,0.0000,0.0000,0.0000,0.0000,7316.0000,0.0000,0.0000,0.0000,0.0000,4,0,0,0,0,32,0,0,0,0
zc,TA301,2012-06-20 09:01:41.710,7314.0000,160894,-2,0.0000,4.0000,1,3,多平,S,7314.0000,0.0000,0.0000,0.0000,0.0000,7316.0000,0.0000,0.0000,0.0000,0.0000,2,0,0,0,0,32,0,0,0,0
zc,TA301,2012-06-20 09:01:42.447,7314.0000,160924,30,0.0000,64.0000,47,17,空开,S,7312.0000,0.0000,0.0000,0.0000,0.0000,7314.0000,0.0000,0.0000,0.0000,0.0000,15,0,0,0,0,1,0,0,0,0
zc,TA301,2012-06-20 09:01:42.960,7316.0000,160920,-4,0.0000,14.0000,5,9,空平,B,7314.0000,0.0000,0.0000,0.0000,0.0000,7316.0000,0.0000,0.0000,0.0000,0.0000,1,0,0,0,0,2,0,0,0,0
zc,TA301,2012-06-20 09:01:43.697,7312.0000,160918,-2,0.0000,36.0000,17,19,多平,S,7310.0000,0.0000,0.0000,0.0000,0.0000,7312.0000,0.0000,0.0000,0.0000,0.0000,25,0,0,0,0,33,0,0,0,0
zc,TA301,2012-06-20 09:01:44.163,7310.0000,160914,-4,0.0000,26.0000,11,15,多平,S,7310.0000,0.0000,0.0000,0.0000,0.0000,7312.0000,0.0000,0.0000,0.0000,0.0000,24,0,0,0,0,22,0,0,0,0
zc,TA301,2012-06-20 09:01:45.180,7312.0000,160914,0,0.0000,6.0000,3,3,多换,B,7310.0000,0.0000,0.0000,0.0000,0.0000,7312.0000,0.0000,0.0000,0.0000,0.0000,24,0,0,0,0,20,0,0,0,0
zc,TA301,2012-06-20 09:01:45.960,7312.0000,160916,2,0.0000,40.0000,21,19,多开,B,7312.0000,0.0000,0.0000,0.0000,0.0000,7314.0000,0.0000,0.0000,0.0000,0.0000,296,0,0,0,0,8,0,0,0,0
zc,TA301,2012-06-20 09:01:46.477,7314.0000,160918,2,0.0000,2.0000,2,0,双开,B,7312.0000,0.0000,0.0000,0.0000,0.0000,7314.0000,0.0000,0.0000,0.0000,0.0000,308,0,0,0,0,16,0,0,0,0
zc,TA301,2012-06-20 09:01:46.913,7314.0000,160920,2,0.0000,6.0000,4,2,多开,B,7312.0000,0.0000,0.0000,0.0000,0.0000,7314.0000,0.0000,0.0000,0.0000,0.0000,310,0,0,0,0,15,0,0,0,0
zc,TA301,2012-06-20 09:01:47.647,7312.0000,160926,6,0.0000,12.0000,9,3,空开,S,7312.0000,0.0000,0.0000,0.0000,0.0000,7314.0000,0.0000,0.0000,0.0000,0.0000,310,0,0,0,0,11,0,0,0,0
zc,TA301,2012-06-20 09:01:48.147,7314.0000,160926,0,0.0000,4.0000,2,2,多换,B,7312.0000,0.0000,0.0000,0.0000,0.0000,7314.0000,0.0000,0.0000,0.0000,0.0000,310,0,0,0,0,9,0,0,0,0
zc,TA301,2012-06-20 09:01:48.913,7314.0000,160930,4,0.0000,80.0000,42,38,多开,B,7312.0000,0.0000,0.0000,0.0000,0.0000,7314.0000,0.0000,0.0000,0.0000,0.0000,286,0,0,0,0,27,0,0,0,0
zc,TA301,2012-06-20 09:01:49.413,7314.0000,160984,54,0.0000,54.0000,54,0,双开,B,7312.0000,0.0000,0.0000,0.0000,0.0000,7316.0000,0.0000,0.0000,0.0000,0.0000,286,0,0,0,0,7,0,0,0,0
zc,TA301,2012-06-20 09:01:49.993,7314.0000,160984,0,0.0000,0.0000,0,0,多换,B,7314.0000,0.0000,0.0000,0.0000,0.0000,7316.0000,0.0000,0.0000,0.0000,0.0000,1,0,0,0,0,9,0,0,0,0
zc,TA301,2012-06-20 09:01:50.383,7314.0000,160984,0,0.0000,4.0000,2,2,多换,B,7312.0000,0.0000,0.0000,0.0000,0.0000,7314.0000,0.0000,0.0000,0.0000,0.0000,286,0,0,0,0,1,0,0,0,0
zc,TA301,2012-06-20 09:01:51.210,7314.0000,160986,2,0.0000,4.0000,3,1,多开,B,7314.0000,0.0000,0.0000,0.0000,0.0000,7316.0000,0.0000,0.0000,0.0000,0.0000,4,0,0,0,0,10,0,0,0,0
zc,TA301,2012-06-20 09:01:51.697,7314.0000,160986,0,0.0000,0.0000,0,0,多换,B,7314.0000,0.0000,0.0000,0.0000,0.0000,7316.0000,0.0000,0.0000,0.0000,0.0000,6,0,0,0,0,8,0,0,0,0
zc,TA301,2012-06-20 09:01:52.180,7316.0000,160988,2,0.0000,2.0000,2,0,双开,B,7314.0000,0.0000,0.0000,0.0000,0.0000,7316.0000,0.0000,0.0000,0.0000,0.0000,6,0,0,0,0,10,0,0,0,0
zc,TA301,2012-06-20 09:01:52.930,7314.0000,160992,4,0.0000,32.0000,18,14,空开,S,7314.0000,0.0000,0.0000,0.0000,0.0000,7316.0000,0.0000,0.0000,0.0000,0.0000,12,0,0,0,0,4,0,0,0,0
zc,TA301,2012-06-20 09:01:53.727,7314.0000,160992,0,0.0000,12.0000,6,6,空换,S,7314.0000,0.0000,0.0000,0.0000,0.0000,7316.0000,0.0000,0.0000,0.0000,0.0000,9,0,0,0,0,8,0,0,0,0
zc,TA301,2012-06-20 09:01:54.460,7314.0000,160992,0,0.0000,0.0000,0,0,空换,S,7314.0000,0.0000,0.0000,0.0000,0.0000,7316.0000,0.0000,0.0000,0.0000,0.0000,9,0,0,0,0,34,0,0,0,0
zc,TA301,2012-06-20 09:01:54.913,7314.0000,160990,-2,0.0000,6.0000,2,4,多平,S,7314.0000,0.0000,0.0000,0.0000,0.0000,7316.0000,0.0000,0.0000,0.0000,0.0000,9,0,0,0,0,6,0,0,0,0
zc,TA301,2012-06-20 09:01:55.647,7316.0000,160990,0,0.0000,8.0000,4,4,多换,B,7314.0000,0.0000,0.0000,0.0000,0.0000,7316.0000,0.0000,0.0000,0.0000,0.0000,10,0,0,0,0,3,0,0,0,0
zc,TA301,2012-06-20 09:01:56.147,7316.0000,160990,0,0.0000,10.0000,5,5,多换,B,7316.0000,0.0000,0.0000,0.0000,0.0000,7318.0000,0.0000,0.0000,0.0000,0.0000,3,0,0,0,0,26,0,0,0,0
zc,TA301,2012-06-20 09:01:56.913,7316.0000,160992,2,0.0000,6.0000,4,2,多开,B,7316.0000,0.0000,0.0000,0.0000,0.0000,7318.0000,0.0000,0.0000,0.0000,0.0000,6,0,0,0,0,26,0,0,0,0
zc,TA301,2012-06-20 09:01:58.180,7316.0000,160986,-6,0.0000,10.0000,2,8,空平,B,7316.0000,0.0000,0.0000,0.0000,0.0000,7318.0000,0.0000,0.0000,0.0000,0.0000,6,0,0,0,0,23,0,0,0,0
zc,TA301,2012-06-20 09:01:58.710,7316.0000,160986,0,0.0000,0.0000,0,0,多换,B,7316.0000,0.0000,0.0000,0.0000,0.0000,7318.0000,0.0000,0.0000,0.0000,0.0000,7,0,0,0,0,23,0,0,0,0
zc,TA301,2012-06-20 09:01:59.460,7316.0000,160972,-14,0.0000,14.0000,0,14,双平,B,7316.0000,0.0000,0.0000,0.0000,0.0000,7318.0000,0.0000,0.0000,0.0000,0.0000,5,0,0,0,0,18,0,0,0,0
zc,TA301,2012-06-20 09:01:59.930,7318.0000,160976,4,0.0000,38.0000,21,17,多开,B,7318.0000,0.0000,0.0000,0.0000,0.0000,7320.0000,0.0000,0.0000,0.0000,0.0000,8,0,0,0,0,46,0,0,0,0
zc,TA301,2012-06-20 09:02:00.947,7320.0000,160980,4,0.0000,8.0000,6,2,多开,B,7318.0000,0.0000,0.0000,0.0000,0.0000,7320.0000,0.0000,0.0000,0.0000,0.0000,10,0,0,0,0,43,0,0,0,0
zc,TA301,2012-06-20 09:02:01.430,7316.0000,161008,28,0.0000,40.0000,34,6,空开,S,7314.0000,0.0000,0.0000,0.0000,0.0000,7316.0000,0.0000,0.0000,0.0000,0.0000,15,0,0,0,0,380,0,0,0,0
zc,TA301,2012-06-20 09:02:02.447,7316.0000,161024,16,0.0000,152.0000,84,68,空开,S,7314.0000,0.0000,0.0000,0.0000,0.0000,7316.0000,0.0000,0.0000,0.0000,0.0000,17,0,0,0,0,304,0,0,0,0
zc,TA301,2012-06-20 09:02:02.913,7316.0000,161028,4,0.0000,8.0000,6,2,空开,S,7314.0000,0.0000,0.0000,0.0000,0.0000,7316.0000,0.0000,0.0000,0.0000,0.0000,16,0,0,0,0,300,0,0,0,0
zc,TA301,2012-06-20 09:02:03.413,7316.0000,161064,36,0.0000,90.0000,63,27,空开,S,7314.0000,0.0000,0.0000,0.0000,0.0000,7316.0000,0.0000,0.0000,0.0000,0.0000,22,0,0,0,0,255,0,0,0,0
zc,TA301,2012-06-20 09:02:03.913,7316.0000,161092,28,0.0000,28.0000,28,0,双开,S,7314.0000,0.0000,0.0000,0.0000,0.0000,7316.0000,0.0000,0.0000,0.0000,0.0000,29,0,0,0,0,242,0,0,0,0
zc,TA301,2012-06-20 09:02:04.647,7316.0000,161134,42,0.0000,44.0000,43,1,空开,S,7314.0000,0.0000,0.0000,0.0000,0.0000,7316.0000,0.0000,0.0000,0.0000,0.0000,28,0,0,0,0,221,0,0,0,0
zc,TA301,2012-06-20 09:02:05.477,7314.0000,161194,60,0.0000,98.0000,79,19,空开,S,7312.0000,0.0000,0.0000,0.0000,0.0000,7314.0000,0.0000,0.0000,0.0000,0.0000,29,0,0,0,0,7,0,0,0,0
zc,TA301,2012-06-20 09:02:06.180,7314.0000,161194,0,0.0000,14.0000,7,7,空换,S,7314.0000,0.0000,0.0000,0.0000,0.0000,7316.0000,0.0000,0.0000,0.0000,0.0000,1,0,0,0,0,192,0,0,0,0
zc,TA301,2012-06-20 09:02:06.680,7314.0000,161188,-6,0.0000,6.0000,0,6,双平,S,7312.0000,0.0000,0.0000,0.0000,0.0000,7314.0000,0.0000,0.0000,0.0000,0.0000,32,0,0,0,0,1,0,0,0,0
zc,TA301,2012-06-20 09:02:07.460,7316.0000,161266,78,0.0000,80.0000,79,1,多开,B,7312.0000,0.0000,0.0000,0.0000,0.0000,7316.0000,0.0000,0.0000,0.0000,0.0000,27,0,0,0,0,153,0,0,0,0
zc,TA301,2012-06-20 09:02:07.993,7314.0000,161268,2,0.0000,12.0000,7,5,空开,S,7312.0000,0.0000,0.0000,0.0000,0.0000,7316.0000,0.0000,0.0000,0.0000,0.0000,24,0,0,0,0,152,0,0,0,0
zc,TA301,2012-06-20 09:02:08.697,7314.0000,161276,8,0.0000,16.0000,12,4,空开,S,7312.0000,0.0000,0.0000,0.0000,0.0000,7314.0000,0.0000,0.0000,0.0000,0.0000,10,0,0,0,0,2,0,0,0,0
zc,TA301,2012-06-20 09:02:09.147,7316.0000,161278,2,0.0000,26.0000,14,12,多开,B,7314.0000,0.0000,0.0000,0.0000,0.0000,7316.0000,0.0000,0.0000,0.0000,0.0000,1,0,0,0,0,136,0,0,0,0
zc,TA301,2012-06-20 09:02:10.197,7316.0000,161286,8,0.0000,32.0000,20,12,多开,B,7314.0000,0.0000,0.0000,0.0000,0.0000,7316.0000,0.0000,0.0000,0.0000,0.0000,2,0,0,0,0,120,0,0,0,0
zc,TA301,2012-06-20 09:02:10.460,7316.0000,161286,0,0.0000,2.0000,1,1,多换,B,7314.0000,0.0000,0.0000,0.0000,0.0000,7316.0000,0.0000,0.0000,0.0000,0.0000,3,0,0,0,0,119,0,0,0,0
zc,TA301,2012-06-20 09:02:11.447,7314.0000,161312,26,0.0000,26.0000,26,0,双开,S,7314.0000,0.0000,0.0000,0.0000,0.0000,7316.0000,0.0000,0.0000,0.0000,0.0000,2,0,0,0,0,107,0,0,0,0
zc,TA301,2012-06-20 09:02:11.947,7314.0000,161312,0,0.0000,2.0000,1,1,空换,S,7314.0000,0.0000,0.0000,0.0000,0.0000,7316.0000,0.0000,0.0000,0.0000,0.0000,8,0,0,0,0,108,0,0,0,0
zc,TA301,2012-06-20 09:02:12.697,7316.0000,161314,2,0.0000,4.0000,3,1,多开,B,7314.0000,0.0000,0.0000,0.0000,0.0000,7316.0000,0.0000,0.0000,0.0000,0.0000,2,0,0,0,0,111,0,0,0,0
zc,TA301,2012-06-20 09:02:13.163,7314.0000,161322,8,0.0000,10.0000,9,1,空开,S,7314.0000,0.0000,0.0000,0.0000,0.0000,7316.0000,0.0000,0.0000,0.0000,0.0000,7,0,0,0,0,107,0,0,0,0
zc,TA301,2012-06-20 09:02:14.447,7314.0000,161322,0,0.0000,0.0000,0,0,空换,S,7314.0000,0.0000,0.0000,0.0000,0.0000,7316.0000,0.0000,0.0000,0.0000,0.0000,25,0,0,0,0,108,0,0,0,0
zc,TA301,2012-06-20 09:02:14.930,7314.0000,161320,-2,0.0000,6.0000,2,4,多平,S,7314.0000,0.0000,0.0000,0.0000,0.0000,7316.0000,0.0000,0.0000,0.0000,0.0000,22,0,0,0,0,108,0,0,0,0
zc,TA301,2012-06-20 09:02:15.430,7314.0000,161306,-14,0.0000,18.0000,2,16,多平,S,7314.0000,0.0000,0.0000,0.0000,0.0000,7316.0000,0.0000,0.0000,0.0000,0.0000,17,0,0,0,0,106,0,0,0,0
zc,TA301,2012-06-20 09:02:16.133,7316.0000,161306,0,0.0000,16.0000,8,8,多换,B,7314.0000,0.0000,0.0000,0.0000,0.0000,7316.0000,0.0000,0.0000,0.0000,0.0000,17,0,0,0,0,97,0,0,0,0
zc,TA301,2012-06-20 09:02:16.663,7314.0000,161316,10,0.0000,14.0000,12,2,空开,S,7314.0000,0.0000,0.0000,0.0000,0.0000,7316.0000,0.0000,0.0000,0.0000,0.0000,10,0,0,0,0,97,0,0,0,0
zc,TA301,2012-06-20 09:02:17.430,7316.0000,161322,6,0.0000,36.0000,21,15,多开,B,7314.0000,0.0000,0.0000,0.0000,0.0000,7316.0000,0.0000,0.0000,0.0000,0.0000,4,0,0,0,0,94,0,0,0,0
zc,TA301,2012-06-20 09:02:18.180,7316.0000,161338,16,0.0000,18.0000,17,1,多开,B,7314.0000,0.0000,0.0000,0.0000,0.0000,7316.0000,0.0000,0.0000,0.0000,0.0000,12,0,0,0,0,87,0,0,0,0
zc,TA301,2012-06-20 09:02:18.680,7316.0000,161328,-10,0.0000,180.0000,85,95,空平,B,7316.0000,0.0000,0.0000,0.0000,0.0000,7318.0000,0.0000,0.0000,0.0000,0.0000,214,0,0,0,0,15,0,0,0,0
zc,TA301,2012-06-20 09:02:19.413,7316.0000,161326,-2,0.0000,6.0000,2,4,空平,B,7316.0000,0.0000,0.0000,0.0000,0.0000,7318.0000,0.0000,0.0000,0.0000,0.0000,212,0,0,0,0,15,0,0,0,0
zc,TA301,2012-06-20 09:02:19.930,7316.0000,161326,0,0.0000,2.0000,1,1,多换,B,7316.0000,0.0000,0.0000,0.0000,0.0000,7318.0000,0.0000,0.0000,0.0000,0.0000,211,0,0,0,0,15,0,0,0,0
zc,TA301,2012-06-20 09:02:20.447,7316.0000,161320,-6,0.0000,10.0000,2,8,空平,B,7316.0000,0.0000,0.0000,0.0000,0.0000,7318.0000,0.0000,0.0000,0.0000,0.0000,209,0,0,0,0,14,0,0,0,0
zc,TA301,2012-06-20 09:02:20.883,7318.0000,161316,-4,0.0000,6.0000,1,5,空平,B,7316.0000,0.0000,0.0000,0.0000,0.0000,7318.0000,0.0000,0.0000,0.0000,0.0000,208,0,0,0,0,13,0,0,0,0
zc,TA301,2012-06-20 09:02:21.647,7318.0000,161316,0,0.0000,0.0000,0,0,多换,B,7316.0000,0.0000,0.0000,0.0000,0.0000,7318.0000,0.0000,0.0000,0.0000,0.0000,608,0,0,0,0,18,0,0,0,0
zc,TA301,2012-06-20 09:02:22.133,7318.0000,161316,0,0.0000,0.0000,0,0,多换,B,7316.0000,0.0000,0.0000,0.0000,0.0000,7318.0000,0.0000,0.0000,0.0000,0.0000,608,0,0,0,0,19,0,0,0,0
zc,TA301,2012-06-20 09:02:22.897,7318.0000,161316,0,0.0000,4.0000,2,2,多换,B,7316.0000,0.0000,0.0000,0.0000,0.0000,7318.0000,0.0000,0.0000,0.0000,0.0000,608,0,0,0,0,19,0,0,0,0
zc,TA301,2012-06-20 09:02:23.413,7318.0000,161328,12,0.0000,34.0000,23,11,多开,B,7316.0000,0.0000,0.0000,0.0000,0.0000,7318.0000,0.0000,0.0000,0.0000,0.0000,608,0,0,0,0,2,0,0,0,0
zc,TA301,2012-06-20 09:02:24.133,7318.0000,161332,4,0.0000,4.0000,4,0,双开,B,7318.0000,0.0000,0.0000,0.0000,0.0000,7320.0000,0.0000,0.0000,0.0000,0.0000,5,0,0,0,0,63,0,0,0,0
zc,TA301,2012-06-20 09:02:24.680,7318.0000,161342,10,0.0000,14.0000,12,2,多开,B,7316.0000,0.0000,0.0000,0.0000,0.0000,7318.0000,0.0000,0.0000,0.0000,0.0000,607,0,0,0,0,10,0,0,0,0
zc,TA301,2012-06-20 09:02:25.397,7316.0000,161338,-4,0.0000,4.0000,0,4,双平,S,7316.0000,0.0000,0.0000,0.0000,0.0000,7318.0000,0.0000,0.0000,0.0000,0.0000,605,0,0,0,0,12,0,0,0,0
zc,TA301,2012-06-20 09:02:25.947,7318.0000,161352,14,0.0000,14.0000,14,0,双开,B,7316.0000,0.0000,0.0000,0.0000,0.0000,7318.0000,0.0000,0.0000,0.0000,0.0000,608,0,0,0,0,6,0,0,0,0
zc,TA301,2012-06-20 09:02:26.663,7320.0000,161196,-156,0.0000,200.0000,22,178,空平,B,7318.0000,0.0000,0.0000,0.0000,0.0000,7320.0000,0.0000,0.0000,0.0000,0.0000,15,0,0,0,0,23,0,0,0,0
zc,TA301,2012-06-20 09:02:27.180,7318.0000,161196,0,0.0000,8.0000,4,4,空换,S,7318.0000,0.0000,0.0000,0.0000,0.0000,7320.0000,0.0000,0.0000,0.0000,0.0000,12,0,0,0,0,19,0,0,0,0
zc,TA301,2012-06-20 09:02:27.913,7320.0000,161108,-88,0.0000,132.0000,22,110,空平,B,7316.0000,0.0000,0.0000,0.0000,0.0000,7320.0000,0.0000,0.0000,0.0000,0.0000,574,0,0,0,0,24,0,0,0,0
zc,TA301,2012-06-20 09:02:28.647,7320.0000,161108,0,0.0000,10.0000,5,5,多换,B,7318.0000,0.0000,0.0000,0.0000,0.0000,7320.0000,0.0000,0.0000,0.0000,0.0000,5,0,0,0,0,33,0,0,0,0
zc,TA301,2012-06-20 09:02:29.147,7320.0000,161108,0,0.0000,32.0000,16,16,多换,B,7316.0000,0.0000,0.0000,0.0000,0.0000,7320.0000,0.0000,0.0000,0.0000,0.0000,575,0,0,0,0,39,0,0,0,0
zc,TA301,2012-06-20 09:02:29.867,7320.0000,161192,84,0.0000,158.0000,121,37,多开,B,7320.0000,0.0000,0.0000,0.0000,0.0000,7322.0000,0.0000,0.0000,0.0000,0.0000,134,0,0,0,0,29,0,0,0,0
zc,TA301,2012-06-20 09:02:30.447,7320.0000,161192,0,0.0000,4.0000,2,2,多换,B,7320.0000,0.0000,0.0000,0.0000,0.0000,7322.0000,0.0000,0.0000,0.0000,0.0000,133,0,0,0,0,11,0,0,0,0
zc,TA301,2012-06-20 09:02:31.163,7322.0000,161196,4,0.0000,8.0000,6,2,多开,B,7320.0000,0.0000,0.0000,0.0000,0.0000,7322.0000,0.0000,0.0000,0.0000,0.0000,130,0,0,0,0,10,0,0,0,0
zc,TA301,2012-06-20 09:02:31.663,7320.0000,161200,4,0.0000,4.0000,4,0,双开,S,7320.0000,0.0000,0.0000,0.0000,0.0000,7322.0000,0.0000,0.0000,0.0000,0.0000,133,0,0,0,0,23,0,0,0,0
zc,TA301,2012-06-20 09:02:32.383,7320.0000,161268,68,0.0000,70.0000,69,1,空开,S,7320.0000,0.0000,0.0000,0.0000,0.0000,7322.0000,0.0000,0.0000,0.0000,0.0000,104,0,0,0,0,34,0,0,0,0
zc,TA301,2012-06-20 09:02:32.930,7320.0000,161260,-8,0.0000,48.0000,20,28,多平,S,7320.0000,0.0000,0.0000,0.0000,0.0000,7322.0000,0.0000,0.0000,0.0000,0.0000,123,0,0,0,0,13,0,0,0,0
zc,TA301,2012-06-20 09:02:33.663,7320.0000,161260,0,0.0000,6.0000,3,3,空换,S,7320.0000,0.0000,0.0000,0.0000,0.0000,7322.0000,0.0000,0.0000,0.0000,0.0000,123,0,0,0,0,12,0,0,0,0
zc,TA301,2012-06-20 09:02:34.133,7322.0000,161262,2,0.0000,2.0000,2,0,双开,B,7320.0000,0.0000,0.0000,0.0000,0.0000,7322.0000,0.0000,0.0000,0.0000,0.0000,123,0,0,0,0,11,0,0,0,0
zc,TA301,2012-06-20 09:02:35.197,7322.0000,161262,0,0.0000,8.0000,4,4,多换,B,7320.0000,0.0000,0.0000,0.0000,0.0000,7322.0000,0.0000,0.0000,0.0000,0.0000,123,0,0,0,0,11,0,0,0,0
zc,TA301,2012-06-20 09:02:35.697,7322.0000,161296,34,0.0000,58.0000,46,12,多开,B,7322.0000,0.0000,0.0000,0.0000,0.0000,7324.0000,0.0000,0.0000,0.0000,0.0000,1,0,0,0,0,82,0,0,0,0
zc,TA301,2012-06-20 09:02:36.460,7322.0000,161310,14,0.0000,64.0000,39,25,多开,B,7320.0000,0.0000,0.0000,0.0000,0.0000,7322.0000,0.0000,0.0000,0.0000,0.0000,121,0,0,0,0,2,0,0,0,0
zc,TA301,2012-06-20 09:02:36.913,7322.0000,161312,2,0.0000,4.0000,3,1,多开,B,7320.0000,0.0000,0.0000,0.0000,0.0000,7322.0000,0.0000,0.0000,0.0000,0.0000,120,0,0,0,0,2,0,0,0,0
zc,TA301,2012-06-20 09:02:37.697,7322.0000,161416,104,0.0000,104.0000,104,0,双开,B,7320.0000,0.0000,0.0000,0.0000,0.0000,7322.0000,0.0000,0.0000,0.0000,0.0000,119,0,0,0,0,53,0,0,0,0
zc,TA301,2012-06-20 09:02:38.180,7324.0000,161422,6,0.0000,30.0000,18,12,多开,B,7322.0000,0.0000,0.0000,0.0000,0.0000,7324.0000,0.0000,0.0000,0.0000,0.0000,311,0,0,0,0,140,0,0,0,0
zc,TA301,2012-06-20 09:02:38.930,7324.0000,161420,-2,0.0000,18.0000,8,10,空平,B,7322.0000,0.0000,0.0000,0.0000,0.0000,7324.0000,0.0000,0.0000,0.0000,0.0000,303,0,0,0,0,134,0,0,0,0
zc,TA301,2012-06-20 09:02:39.413,7322.0000,161630,210,0.0000,216.0000,213,3,空开,S,7322.0000,0.0000,0.0000,0.0000,0.0000,7324.0000,0.0000,0.0000,0.0000,0.0000,196,0,0,0,0,76,0,0,0,0
zc,TA301,2012-06-20 09:02:39.897,7322.0000,161692,62,0.0000,64.0000,63,1,空开,S,7322.0000,0.0000,0.0000,0.0000,0.0000,7324.0000,0.0000,0.0000,0.0000,0.0000,186,0,0,0,0,60,0,0,0,0
zc,TA301,2012-06-20 09:02:40.647,7322.0000,161746,54,0.0000,76.0000,65,11,空开,S,7322.0000,0.0000,0.0000,0.0000,0.0000,7324.0000,0.0000,0.0000,0.0000,0.0000,155,0,0,0,0,42,0,0,0,0
zc,TA301,2012-06-20 09:02:41.383,7324.0000,161746,0,0.0000,14.0000,7,7,多换,B,7322.0000,0.0000,0.0000,0.0000,0.0000,7324.0000,0.0000,0.0000,0.0000,0.0000,155,0,0,0,0,35,0,0,0,0
zc,TA301,2012-06-20 09:02:41.930,7322.0000,161768,22,0.0000,24.0000,23,1,空开,S,7322.0000,0.0000,0.0000,0.0000,0.0000,7324.0000,0.0000,0.0000,0.0000,0.0000,154,0,0,0,0,24,0,0,0,0
zc,TA301,2012-06-20 09:02:43.133,7324.0000,161772,4,0.0000,10.0000,7,3,多开,B,7322.0000,0.0000,0.0000,0.0000,0.0000,7324.0000,0.0000,0.0000,0.0000,0.0000,154,0,0,0,0,19,0,0,0,0
zc,TA301,2012-06-20 09:02:43.883,7324.0000,161772,0,0.0000,8.0000,4,4,多换,B,7322.0000,0.0000,0.0000,0.0000,0.0000,7324.0000,0.0000,0.0000,0.0000,0.0000,155,0,0,0,0,97,0,0,0,0
zc,TA301,2012-06-20 09:02:44.413,7322.0000,161786,14,0.0000,120.0000,67,53,空开,S,7322.0000,0.0000,0.0000,0.0000,0.0000,7324.0000,0.0000,0.0000,0.0000,0.0000,152,0,0,0,0,40,0,0,0,0
zc,TA301,2012-06-20 09:02:45.147,7322.0000,161788,2,0.0000,6.0000,4,2,空开,S,7322.0000,0.0000,0.0000,0.0000,0.0000,7324.0000,0.0000,0.0000,0.0000,0.0000,25,0,0,0,0,39,0,0,0,0
zc,TA301,2012-06-20 09:02:45.930,7324.0000,161780,-8,0.0000,10.0000,1,9,空平,B,7322.0000,0.0000,0.0000,0.0000,0.0000,7324.0000,0.0000,0.0000,0.0000,0.0000,27,0,0,0,0,37,0,0,0,0
zc,TA301,2012-06-20 09:02:46.413,7322.0000,161780,0,0.0000,30.0000,15,15,空换,S,7322.0000,0.0000,0.0000,0.0000,0.0000,7324.0000,0.0000,0.0000,0.0000,0.0000,27,0,0,0,0,23,0,0,0,0
zc,TA301,2012-06-20 09:02:47.163,7322.0000,161734,-46,0.0000,96.0000,25,71,多平,S,7320.0000,0.0000,0.0000,0.0000,0.0000,7322.0000,0.0000,0.0000,0.0000,0.0000,127,0,0,0,0,24,0,0,0,0
zc,TA301,2012-06-20 09:02:47.633,7322.0000,161730,-4,0.0000,8.0000,2,6,多平,S,7320.0000,0.0000,0.0000,0.0000,0.0000,7322.0000,0.0000,0.0000,0.0000,0.0000,127,0,0,0,0,21,0,0,0,0
zc,TA301,2012-06-20 09:02:48.163,7322.0000,161730,0,0.0000,0.0000,0,0,空换,S,7320.0000,0.0000,0.0000,0.0000,0.0000,7322.0000,0.0000,0.0000,0.0000,0.0000,128,0,0,0,0,22,0,0,0,0
zc,TA301,2012-06-20 09:02:49.697,7322.0000,161680,-50,0.0000,50.0000,0,50,双平,S,7322.0000,0.0000,0.0000,0.0000,0.0000,7324.0000,0.0000,0.0000,0.0000,0.0000,152,0,0,0,0,18,0,0,0,0
zc,TA301,2012-06-20 09:02:50.447,7322.0000,161568,-112,0.0000,200.0000,44,156,多平,S,7322.0000,0.0000,0.0000,0.0000,0.0000,7324.0000,0.0000,0.0000,0.0000,0.0000,53,0,0,0,0,22,0,0,0,0
zc,TA301,2012-06-20 09:02:50.913,7322.0000,161562,-6,0.0000,38.0000,16,22,多平,S,7322.0000,0.0000,0.0000,0.0000,0.0000,7324.0000,0.0000,0.0000,0.0000,0.0000,34,0,0,0,0,27,0,0,0,0
zc,TA301,2012-06-20 09:02:51.633,7322.0000,161556,-6,0.0000,38.0000,16,22,多平,S,7322.0000,0.0000,0.0000,0.0000,0.0000,7324.0000,0.0000,0.0000,0.0000,0.0000,78,0,0,0,0,19,0,0,0,0
zc,TA301,2012-06-20 09:02:52.147,7322.0000,161554,-2,0.0000,2.0000,0,2,双平,S,7322.0000,0.0000,0.0000,0.0000,0.0000,7324.0000,0.0000,0.0000,0.0000,0.0000,77,0,0,0,0,19,0,0,0,0
zc,TA301,2012-06-20 09:02:52.913,7324.0000,161542,-12,0.0000,30.0000,9,21,空平,B,7322.0000,0.0000,0.0000,0.0000,0.0000,7324.0000,0.0000,0.0000,0.0000,0.0000,66,0,0,0,0,16,0,0,0,0
zc,TA301,2012-06-20 09:02:56.243,7324.0000,161560,18,0.0000,66.0000,42,24,多开,B,7322.0000,0.0000,0.0000,0.0000,0.0000,7324.0000,0.0000,0.0000,0.0000,0.0000,52,0,0,0,0,21,0,0,0,0
zc,TA301,2012-06-20 09:02:56.977,7322.0000,161560,0,0.0000,2.0000,1,1,空换,S,7322.0000,0.0000,0.0000,0.0000,0.0000,7324.0000,0.0000,0.0000,0.0000,0.0000,55,0,0,0,0,53,0,0,0,0
zc,TA301,2012-06-20 09:02:57.837,7324.0000,161626,66,0.0000,108.0000,87,21,多开,B,7322.0000,0.0000,0.0000,0.0000,0.0000,7324.0000,0.0000,0.0000,0.0000,0.0000,7,0,0,0,0,36,0,0,0,0
zc,TA301,2012-06-20 09:02:58.180,7322.0000,161634,8,0.0000,22.0000,15,7,空开,S,7320.0000,0.0000,0.0000,0.0000,0.0000,7322.0000,0.0000,0.0000,0.0000,0.0000,122,0,0,0,0,19,0,0,0,0
zc,TA301,2012-06-20 09:02:58.883,7322.0000,161626,-8,0.0000,20.0000,6,14,多平,S,7320.0000,0.0000,0.0000,0.0000,0.0000,7322.0000,0.0000,0.0000,0.0000,0.0000,122,0,0,0,0,12,0,0,0,0
zc,TA301,2012-06-20 09:02:59.447,7322.0000,161630,4,0.0000,24.0000,14,10,空开,S,7320.0000,0.0000,0.0000,0.0000,0.0000,7322.0000,0.0000,0.0000,0.0000,0.0000,122,0,0,0,0,3,0,0,0,0
zc,TA301,2012-06-20 09:03:00.163,7322.0000,161636,6,0.0000,16.0000,11,5,空开,S,7322.0000,0.0000,0.0000,0.0000,0.0000,7324.0000,0.0000,0.0000,0.0000,0.0000,1,0,0,0,0,76,0,0,0,0
zc,TA301,2012-06-20 09:03:00.697,7320.0000,161834,198,0.0000,206.0000,202,4,空开,S,7320.0000,0.0000,0.0000,0.0000,0.0000,7322.0000,0.0000,0.0000,0.0000,0.0000,26,0,0,0,0,16,0,0,0,0
zc,TA301,2012-06-20 09:03:01.447,7320.0000,161840,6,0.0000,54.0000,30,24,空开,S,7318.0000,0.0000,0.0000,0.0000,0.0000,7322.0000,0.0000,0.0000,0.0000,0.0000,7,0,0,0,0,23,0,0,0,0
zc,TA301,2012-06-20 09:03:01.680,7322.0000,161840,0,0.0000,2.0000,1,1,多换,B,7318.0000,0.0000,0.0000,0.0000,0.0000,7320.0000,0.0000,0.0000,0.0000,0.0000,7,0,0,0,0,5,0,0,0,0
zc,TA301,2012-06-20 09:03:02.447,7318.0000,161834,-6,0.0000,16.0000,5,11,多平,S,7316.0000,0.0000,0.0000,0.0000,0.0000,7318.0000,0.0000,0.0000,0.0000,0.0000,22,0,0,0,0,76,0,0,0,0
zc,TA301,2012-06-20 09:03:02.930,7318.0000,161834,0,0.0000,2.0000,1,1,空换,S,7316.0000,0.0000,0.0000,0.0000,0.0000,7318.0000,0.0000,0.0000,0.0000,0.0000,22,0,0,0,0,78,0,0,0,0
zc,TA301,2012-06-20 09:03:03.647,7318.0000,161832,-2,0.0000,2.0000,0,2,双平,S,7316.0000,0.0000,0.0000,0.0000,0.0000,7318.0000,0.0000,0.0000,0.0000,0.0000,22,0,0,0,0,90,0,0,0,0
zc,TA301,2012-06-20 09:03:04.133,7316.0000,161832,0,0.0000,10.0000,5,5,空换,S,7316.0000,0.0000,0.0000,0.0000,0.0000,7318.0000,0.0000,0.0000,0.0000,0.0000,17,0,0,0,0,91,0,0,0,0
zc,TA301,2012-06-20 09:03:05.210,7316.0000,161826,-6,0.0000,16.0000,5,11,多平,S,7316.0000,0.0000,0.0000,0.0000,0.0000,7318.0000,0.0000,0.0000,0.0000,0.0000,10,0,0,0,0,72,0,0,0,0
zc,TA301,2012-06-20 09:03:05.663,7318.0000,161834,8,0.0000,14.0000,11,3,多开,B,7314.0000,0.0000,0.0000,0.0000,0.0000,7316.0000,0.0000,0.0000,0.0000,0.0000,10,0,0,0,0,30,0,0,0,0
zc,TA301,2012-06-20 09:03:06.133,7318.0000,161836,2,0.0000,2.0000,2,0,双开,B,7314.0000,0.0000,0.0000,0.0000,0.0000,7316.0000,0.0000,0.0000,0.0000,0.0000,10,0,0,0,0,39,0,0,0,0
zc,TA301,2012-06-20 09:03:06.663,7314.0000,161836,0,0.0000,2.0000,1,1,空换,S,7314.0000,0.0000,0.0000,0.0000,0.0000,7316.0000,0.0000,0.0000,0.0000,0.0000,9,0,0,0,0,39,0,0,0,0
zc,TA301,2012-06-20 09:03:07.460,7316.0000,161816,-20,0.0000,78.0000,29,49,空平,B,7316.0000,0.0000,0.0000,0.0000,0.0000,7318.0000,0.0000,0.0000,0.0000,0.0000,3,0,0,0,0,29,0,0,0,0
zc,TA301,2012-06-20 09:03:08.197,7314.0000,161810,-6,0.0000,14.0000,4,10,多平,S,7312.0000,0.0000,0.0000,0.0000,0.0000,7314.0000,0.0000,0.0000,0.0000,0.0000,11,0,0,0,0,44,0,0,0,0
zc,TA301,2012-06-20 09:03:08.727,7314.0000,161810,0,0.0000,12.0000,6,6,空换,S,7312.0000,0.0000,0.0000,0.0000,0.0000,7314.0000,0.0000,0.0000,0.0000,0.0000,11,0,0,0,0,44,0,0,0,0
zc,TA301,2012-06-20 09:03:09.430,7312.0000,161810,0,0.0000,8.0000,4,4,空换,S,7312.0000,0.0000,0.0000,0.0000,0.0000,7314.0000,0.0000,0.0000,0.0000,0.0000,10,0,0,0,0,41,0,0,0,0
zc,TA301,2012-06-20 09:03:09.977,7314.0000,161808,-2,0.0000,46.0000,22,24,空平,B,7312.0000,0.0000,0.0000,0.0000,0.0000,7314.0000,0.0000,0.0000,0.0000,0.0000,12,0,0,0,0,18,0,0,0,0
zc,TA301,2012-06-20 09:03:10.697,7314.0000,161816,8,0.0000,22.0000,15,7,多开,B,7312.0000,0.0000,0.0000,0.0000,0.0000,7314.0000,0.0000,0.0000,0.0000,0.0000,6,0,0,0,0,32,0,0,0,0
zc,TA301,2012-06-20 09:03:11.430,7312.0000,161788,-28,0.0000,40.0000,6,34,多平,S,7312.0000,0.0000,0.0000,0.0000,0.0000,7314.0000,0.0000,0.0000,0.0000,0.0000,2,0,0,0,0,19,0,0,0,0
zc,TA301,2012-06-20 09:03:11.930,7312.0000,161788,0,0.0000,8.0000,4,4,空换,S,7312.0000,0.0000,0.0000,0.0000,0.0000,7314.0000,0.0000,0.0000,0.0000,0.0000,1,0,0,0,0,18,0,0,0,0
zc,TA301,2012-06-20 09:03:12.430,7312.0000,161790,2,0.0000,2.0000,2,0,双开,S,7310.0000,0.0000,0.0000,0.0000,0.0000,7312.0000,0.0000,0.0000,0.0000,0.0000,9,0,0,0,0,6,0,0,0,0
zc,TA301,2012-06-20 09:03:13.477,7302.0000,162114,324,0.0000,1000.0000,662,338,空开,S,7302.0000,0.0000,0.0000,0.0000,0.0000,7312.0000,0.0000,0.0000,0.0000,0.0000,14,0,0,0,0,8,0,0,0,0
zc,TA301,2012-06-20 09:03:13.947,7310.0000,162114,0,0.0000,12.0000,6,6,多换,B,7302.0000,0.0000,0.0000,0.0000,0.0000,7310.0000,0.0000,0.0000,0.0000,0.0000,14,0,0,0,0,3,0,0,0,0
zc,TA301,2012-06-20 09:03:14.727,7312.0000,162120,6,0.0000,60.0000,33,27,多开,B,7312.0000,0.0000,0.0000,0.0000,0.0000,7314.0000,0.0000,0.0000,0.0000,0.0000,72,0,0,0,0,17,0,0,0,0
zc,TA301,2012-06-20 09:03:15.197,7312.0000,162148,28,0.0000,30.0000,29,1,多开,B,7312.0000,0.0000,0.0000,0.0000,0.0000,7314.0000,0.0000,0.0000,0.0000,0.0000,63,0,0,0,0,5,0,0,0,0
zc,TA301,2012-06-20 09:03:15.897,7312.0000,162174,26,0.0000,58.0000,42,16,多开,B,7312.0000,0.0000,0.0000,0.0000,0.0000,7314.0000,0.0000,0.0000,0.0000,0.0000,34,0,0,0,0,16,0,0,0,0
zc,TA301,2012-06-20 09:03:16.413,7312.0000,162174,0,0.0000,42.0000,21,21,多换,B,7312.0000,0.0000,0.0000,0.0000,0.0000,7314.0000,0.0000,0.0000,0.0000,0.0000,13,0,0,0,0,7,0,0,0,0
zc,TA301,2012-06-20 09:03:17.197,7312.0000,162180,6,0.0000,26.0000,16,10,多开,B,7310.0000,0.0000,0.0000,0.0000,0.0000,7312.0000,0.0000,0.0000,0.0000,0.0000,2,0,0,0,0,2,0,0,0,0
zc,TA301,2012-06-20 09:03:17.647,7312.0000,162182,2,0.0000,2.0000,2,0,双开,B,7310.0000,0.0000,0.0000,0.0000,0.0000,7314.0000,0.0000,0.0000,0.0000,0.0000,2,0,0,0,0,5,0,0,0,0
zc,TA301,2012-06-20 09:03:18.413,7312.0000,162182,0,0.0000,0.0000,0,0,多换,B,7312.0000,0.0000,0.0000,0.0000,0.0000,7314.0000,0.0000,0.0000,0.0000,0.0000,1,0,0,0,0,7,0,0,0,0
zc,TA301,2012-06-20 09:03:18.913,7312.0000,162182,0,0.0000,0.0000,0,0,多换,B,7312.0000,0.0000,0.0000,0.0000,0.0000,7314.0000,0.0000,0.0000,0.0000,0.0000,1,0,0,0,0,9,0,0,0,0
zc,TA301,2012-06-20 09:03:19.663,7312.0000,162184,2,0.0000,2.0000,2,0,双开,B,7310.0000,0.0000,0.0000,0.0000,0.0000,7312.0000,0.0000,0.0000,0.0000,0.0000,2,0,0,0,0,10,0,0,0,0
zc,TA301,2012-06-20 09:03:20.430,7312.0000,162184,0,0.0000,2.0000,1,1,多换,B,7310.0000,0.0000,0.0000,0.0000,0.0000,7312.0000,0.0000,0.0000,0.0000,0.0000,2,0,0,0,0,9,0,0,0,0
zc,TA301,2012-06-20 09:03:21.163,7312.0000,162184,0,0.0000,2.0000,1,1,多换,B,7310.0000,0.0000,0.0000,0.0000,0.0000,7312.0000,0.0000,0.0000,0.0000,0.0000,2,0,0,0,0,28,0,0,0,0
zc,TA301,2012-06-20 09:03:21.680,7312.0000,162184,0,0.0000,8.0000,4,4,多换,B,7310.0000,0.0000,0.0000,0.0000,0.0000,7312.0000,0.0000,0.0000,0.0000,0.0000,11,0,0,0,0,73,0,0,0,0
zc,TA301,2012-06-20 09:03:22.383,7310.0000,162186,2,0.0000,4.0000,3,1,空开,S,7310.0000,0.0000,0.0000,0.0000,0.0000,7312.0000,0.0000,0.0000,0.0000,0.0000,9,0,0,0,0,74,0,0,0,0
zc,TA301,2012-06-20 09:03:22.883,7310.0000,162184,-2,0.0000,2.0000,0,2,双平,S,7310.0000,0.0000,0.0000,0.0000,0.0000,7312.0000,0.0000,0.0000,0.0000,0.0000,8,0,0,0,0,86,0,0,0,0
zc,TA301,2012-06-20 09:03:23.383,7312.0000,162192,8,0.0000,12.0000,10,2,多开,B,7310.0000,0.0000,0.0000,0.0000,0.0000,7312.0000,0.0000,0.0000,0.0000,0.0000,8,0,0,0,0,80,0,0,0,0
zc,TA301,2012-06-20 09:03:24.133,7310.0000,162184,-8,0.0000,24.0000,8,16,多平,S,7308.0000,0.0000,0.0000,0.0000,0.0000,7310.0000,0.0000,0.0000,0.0000,0.0000,3,0,0,0,0,45,0,0,0,0
zc,TA301,2012-06-20 09:03:24.663,7310.0000,162184,0,0.0000,2.0000,1,1,空换,S,7308.0000,0.0000,0.0000,0.0000,0.0000,7310.0000,0.0000,0.0000,0.0000,0.0000,3,0,0,0,0,44,0,0,0,0
zc,TA301,2012-06-20 09:03:25.367,7310.0000,162184,0,0.0000,2.0000,1,1,空换,S,7308.0000,0.0000,0.0000,0.0000,0.0000,7310.0000,0.0000,0.0000,0.0000,0.0000,3,0,0,0,0,46,0,0,0,0
zc,TA301,2012-06-20 09:03:25.947,7308.0000,162194,10,0.0000,14.0000,12,2,空开,S,7308.0000,0.0000,0.0000,0.0000,0.0000,7310.0000,0.0000,0.0000,0.0000,0.0000,3,0,0,0,0,45,0,0,0,0
zc,TA301,2012-06-20 09:03:26.663,7308.0000,162194,0,0.0000,2.0000,1,1,空换,S,7308.0000,0.0000,0.0000,0.0000,0.0000,7310.0000,0.0000,0.0000,0.0000,0.0000,1,0,0,0,0,59,0,0,0,0
zc,TA301,2012-06-20 09:03:27.197,7308.0000,162194,0,0.0000,0.0000,0,0,空换,S,7308.0000,0.0000,0.0000,0.0000,0.0000,7310.0000,0.0000,0.0000,0.0000,0.0000,3,0,0,0,0,59,0,0,0,0
zc,TA301,2012-06-20 09:03:27.947,7308.0000,162258,64,0.0000,86.0000,75,11,空开,S,7306.0000,0.0000,0.0000,0.0000,0.0000,7308.0000,0.0000,0.0000,0.0000,0.0000,13,0,0,0,0,18,0,0,0,0
zc,TA301,2012-06-20 09:03:28.413,7308.0000,162260,2,0.0000,2.0000,2,0,双开,S,7306.0000,0.0000,0.0000,0.0000,0.0000,7308.0000,0.0000,0.0000,0.0000,0.0000,13,0,0,0,0,18,0,0,0,0
zc,TA301,2012-06-20 09:03:30.147,7308.0000,162264,4,0.0000,4.0000,4,0,双开,S,7306.0000,0.0000,0.0000,0.0000,0.0000,7308.0000,0.0000,0.0000,0.0000,0.0000,13,0,0,0,0,16,0,0,0,0
zc,TA301,2012-06-20 09:03:30.897,7308.0000,162272,8,0.0000,36.0000,22,14,空开,S,7308.0000,0.0000,0.0000,0.0000,0.0000,7310.0000,0.0000,0.0000,0.0000,0.0000,5,0,0,0,0,45,0,0,0,0
zc,TA301,2012-06-20 09:03:31.460,7308.0000,162270,-2,0.0000,2.0000,0,2,双平,S,7308.0000,0.0000,0.0000,0.0000,0.0000,7310.0000,0.0000,0.0000,0.0000,0.0000,4,0,0,0,0,45,0,0,0,0
zc,TA301,2012-06-20 09:03:32.163,7306.0000,162260,-10,0.0000,66.0000,28,38,多平,S,7304.0000,0.0000,0.0000,0.0000,0.0000,7306.0000,0.0000,0.0000,0.0000,0.0000,12,0,0,0,0,366,0,0,0,0
zc,TA301,2012-06-20 09:03:32.633,7306.0000,162236,-24,0.0000,106.0000,41,65,多平,S,7304.0000,0.0000,0.0000,0.0000,0.0000,7306.0000,0.0000,0.0000,0.0000,0.0000,18,0,0,0,0,313,0,0,0,0
zc,TA301,2012-06-20 09:03:33.413,7306.0000,162236,0,0.0000,20.0000,10,10,空换,S,7304.0000,0.0000,0.0000,0.0000,0.0000,7306.0000,0.0000,0.0000,0.0000,0.0000,19,0,0,0,0,303,0,0,0,0
zc,TA301,2012-06-20 09:03:33.663,7306.0000,162234,-2,0.0000,14.0000,6,8,多平,S,7304.0000,0.0000,0.0000,0.0000,0.0000,7306.0000,0.0000,0.0000,0.0000,0.0000,19,0,0,0,0,296,0,0,0,0
zc,TA301,2012-06-20 09:03:34.413,7306.0000,162230,-4,0.0000,4.0000,0,4,双平,S,7304.0000,0.0000,0.0000,0.0000,0.0000,7306.0000,0.0000,0.0000,0.0000,0.0000,19,0,0,0,0,294,0,0,0,0
zc,TA301,2012-06-20 09:03:35.133,7304.0000,162234,4,0.0000,10.0000,7,3,空开,S,7304.0000,0.0000,0.0000,0.0000,0.0000,7306.0000,0.0000,0.0000,0.0000,0.0000,16,0,0,0,0,292,0,0,0,0
zc,TA301,2012-06-20 09:03:35.633,7306.0000,162234,0,0.0000,10.0000,5,5,多换,B,7304.0000,0.0000,0.0000,0.0000,0.0000,7306.0000,0.0000,0.0000,0.0000,0.0000,16,0,0,0,0,287,0,0,0,0
zc,TA301,2012-06-20 09:03:36.350,7306.0000,162234,0,0.0000,30.0000,15,15,多换,B,7304.0000,0.0000,0.0000,0.0000,0.0000,7306.0000,0.0000,0.0000,0.0000,0.0000,16,0,0,0,0,272,0,0,0,0
zc,TA301,2012-06-20 09:03:36.897,7306.0000,162230,-4,0.0000,14.0000,5,9,空平,B,7304.0000,0.0000,0.0000,0.0000,0.0000,7306.0000,0.0000,0.0000,0.0000,0.0000,16,0,0,0,0,265,0,0,0,0
zc,TA301,2012-06-20 09:03:37.617,7304.0000,162250,20,0.0000,88.0000,54,34,空开,S,7304.0000,0.0000,0.0000,0.0000,0.0000,7306.0000,0.0000,0.0000,0.0000,0.0000,11,0,0,0,0,249,0,0,0,0
zc,TA301,2012-06-20 09:03:38.147,7306.0000,162250,0,0.0000,6.0000,3,3,多换,B,7304.0000,0.0000,0.0000,0.0000,0.0000,7306.0000,0.0000,0.0000,0.0000,0.0000,62,0,0,0,0,246,0,0,0,0
zc,TA301,2012-06-20 09:03:38.633,7306.0000,162248,-2,0.0000,2.0000,0,2,双平,B,7304.0000,0.0000,0.0000,0.0000,0.0000,7306.0000,0.0000,0.0000,0.0000,0.0000,66,0,0,0,0,245,0,0,0,0
zc,TA301,2012-06-20 09:03:39.413,7306.0000,162240,-8,0.0000,14.0000,3,11,空平,B,7304.0000,0.0000,0.0000,0.0000,0.0000,7306.0000,0.0000,0.0000,0.0000,0.0000,75,0,0,0,0,241,0,0,0,0
zc,TA301,2012-06-20 09:03:39.947,7304.0000,162240,0,0.0000,22.0000,11,11,空换,S,7304.0000,0.0000,0.0000,0.0000,0.0000,7306.0000,0.0000,0.0000,0.0000,0.0000,75,0,0,0,0,240,0,0,0,0
zc,TA301,2012-06-20 09:03:40.617,7304.0000,162230,-10,0.0000,34.0000,12,22,多平,S,7304.0000,0.0000,0.0000,0.0000,0.0000,7306.0000,0.0000,0.0000,0.0000,0.0000,74,0,0,0,0,235,0,0,0,0
zc,TA301,2012-06-20 09:03:41.117,7306.0000,162230,0,0.0000,2.0000,1,1,多换,B,7304.0000,0.0000,0.0000,0.0000,0.0000,7306.0000,0.0000,0.0000,0.0000,0.0000,74,0,0,0,0,234,0,0,0,0
zc,TA301,2012-06-20 09:03:41.897,7306.0000,162230,0,0.0000,6.0000,3,3,多换,B,7304.0000,0.0000,0.0000,0.0000,0.0000,7306.0000,0.0000,0.0000,0.0000,0.0000,73,0,0,0,0,231,0,0,0,0
zc,TA301,2012-06-20 09:03:42.447,7306.0000,162222,-8,0.0000,14.0000,3,11,空平,B,7304.0000,0.0000,0.0000,0.0000,0.0000,7306.0000,0.0000,0.0000,0.0000,0.0000,59,0,0,0,0,230,0,0,0,0
zc,TA301,2012-06-20 09:03:43.133,7304.0000,162226,4,0.0000,4.0000,4,0,双开,S,7304.0000,0.0000,0.0000,0.0000,0.0000,7306.0000,0.0000,0.0000,0.0000,0.0000,57,0,0,0,0,230,0,0,0,0
zc,TA301,2012-06-20 09:03:43.647,7304.0000,162248,22,0.0000,26.0000,24,2,空开,S,7304.0000,0.0000,0.0000,0.0000,0.0000,7306.0000,0.0000,0.0000,0.0000,0.0000,45,0,0,0,0,229,0,0,0,0
zc,TA301,2012-06-20 09:03:44.163,7304.0000,162248,0,0.0000,0.0000,0,0,空换,S,7304.0000,0.0000,0.0000,0.0000,0.0000,7306.0000,0.0000,0.0000,0.0000,0.0000,49,0,0,0,0,229,0,0,0,0
zc,TA301,2012-06-20 09:03:44.977,7306.0000,162268,20,0.0000,60.0000,40,20,多开,B,7304.0000,0.0000,0.0000,0.0000,0.0000,7306.0000,0.0000,0.0000,0.0000,0.0000,30,0,0,0,0,219,0,0,0,0
zc,TA301,2012-06-20 09:03:45.647,7304.0000,162266,-2,0.0000,10.0000,4,6,多平,S,7304.0000,0.0000,0.0000,0.0000,0.0000,7306.0000,0.0000,0.0000,0.0000,0.0000,34,0,0,0,0,217,0,0,0,0
zc,TA301,2012-06-20 09:03:46.197,7306.0000,162284,18,0.0000,100.0000,59,41,多开,B,7304.0000,0.0000,0.0000,0.0000,0.0000,7306.0000,0.0000,0.0000,0.0000,0.0000,24,0,0,0,0,177,0,0,0,0
zc,TA301,2012-06-20 09:03:46.897,7304.0000,162286,2,0.0000,2.0000,2,0,双开,S,7304.0000,0.0000,0.0000,0.0000,0.0000,7306.0000,0.0000,0.0000,0.0000,0.0000,23,0,0,0,0,177,0,0,0,0
zc,TA301,2012-06-20 09:03:47.430,7304.0000,162286,0,0.0000,0.0000,0,0,空换,S,7304.0000,0.0000,0.0000,0.0000,0.0000,7306.0000,0.0000,0.0000,0.0000,0.0000,27,0,0,0,0,177,0,0,0,0
zc,TA301,2012-06-20 09:03:47.930,7306.0000,162284,-2,0.0000,10.0000,4,6,空平,B,7304.0000,0.0000,0.0000,0.0000,0.0000,7306.0000,0.0000,0.0000,0.0000,0.0000,27,0,0,0,0,174,0,0,0,0
zc,TA301,2012-06-20 09:03:49.180,7304.0000,162286,2,0.0000,2.0000,2,0,双开,S,7304.0000,0.0000,0.0000,0.0000,0.0000,7306.0000,0.0000,0.0000,0.0000,0.0000,26,0,0,0,0,174,0,0,0,0
zc,TA301,2012-06-20 09:03:49.947,7304.0000,162284,-2,0.0000,20.0000,9,11,多平,S,7304.0000,0.0000,0.0000,0.0000,0.0000,7306.0000,0.0000,0.0000,0.0000,0.0000,24,0,0,0,0,166,0,0,0,0
zc,TA301,2012-06-20 09:03:50.163,7304.0000,162278,-6,0.0000,6.0000,0,6,双平,S,7304.0000,0.0000,0.0000,0.0000,0.0000,7306.0000,0.0000,0.0000,0.0000,0.0000,23,0,0,0,0,166,0,0,0,0
zc,TA301,2012-06-20 09:03:50.913,7306.0000,162276,-2,0.0000,4.0000,1,3,空平,B,7304.0000,0.0000,0.0000,0.0000,0.0000,7306.0000,0.0000,0.0000,0.0000,0.0000,23,0,0,0,0,165,0,0,0,0
zc,TA301,2012-06-20 09:03:52.197,7306.0000,162276,0,0.0000,0.0000,0,0,多换,B,7304.0000,0.0000,0.0000,0.0000,0.0000,7306.0000,0.0000,0.0000,0.0000,0.0000,25,0,0,0,0,165,0,0,0,0
zc,TA301,2012-06-20 09:03:52.697,7304.0000,162274,-2,0.0000,2.0000,0,2,双平,S,7304.0000,0.0000,0.0000,0.0000,0.0000,7306.0000,0.0000,0.0000,0.0000,0.0000,24,0,0,0,0,168,0,0,0,0
zc,TA301,2012-06-20 09:03:53.397,7304.0000,162266,-8,0.0000,22.0000,7,15,多平,S,7304.0000,0.0000,0.0000,0.0000,0.0000,7306.0000,0.0000,0.0000,0.0000,0.0000,13,0,0,0,0,168,0,0,0,0
zc,TA301,2012-06-20 09:03:53.897,7304.0000,162266,0,0.0000,2.0000,1,1,空换,S,7304.0000,0.0000,0.0000,0.0000,0.0000,7306.0000,0.0000,0.0000,0.0000,0.0000,14,0,0,0,0,216,0,0,0,0
zc,TA301,2012-06-20 09:03:54.447,7304.0000,162284,18,0.0000,30.0000,24,6,空开,S,7302.0000,0.0000,0.0000,0.0000,0.0000,7304.0000,0.0000,0.0000,0.0000,0.0000,85,0,0,0,0,28,0,0,0,0
zc,TA301,2012-06-20 09:03:55.180,7304.0000,162286,2,0.0000,2.0000,2,0,双开,S,7302.0000,0.0000,0.0000,0.0000,0.0000,7304.0000,0.0000,0.0000,0.0000,0.0000,91,0,0,0,0,31,0,0,0,0
zc,TA301,2012-06-20 09:03:55.697,7304.0000,162286,0,0.0000,2.0000,1,1,空换,S,7302.0000,0.0000,0.0000,0.0000,0.0000,7304.0000,0.0000,0.0000,0.0000,0.0000,91,0,0,0,0,31,0,0,0,0
zc,TA301,2012-06-20 09:03:56.430,7302.0000,162312,26,0.0000,88.0000,57,31,空开,S,7302.0000,0.0000,0.0000,0.0000,0.0000,7304.0000,0.0000,0.0000,0.0000,0.0000,85,0,0,0,0,30,0,0,0,0
zc,TA301,2012-06-20 09:03:56.913,7302.0000,162312,0,0.0000,0.0000,0,0,空换,S,7302.0000,0.0000,0.0000,0.0000,0.0000,7304.0000,0.0000,0.0000,0.0000,0.0000,79,0,0,0,0,30,0,0,0,0
zc,TA301,2012-06-20 09:03:57.413,7302.0000,162312,0,0.0000,0.0000,0,0,空换,S,7302.0000,0.0000,0.0000,0.0000,0.0000,7304.0000,0.0000,0.0000,0.0000,0.0000,79,0,0,0,0,31,0,0,0,0
zc,TA301,2012-06-20 09:03:57.930,7302.0000,162312,0,0.0000,2.0000,1,1,空换,S,7302.0000,0.0000,0.0000,0.0000,0.0000,7304.0000,0.0000,0.0000,0.0000,0.0000,79,0,0,0,0,31,0,0,0,0
zc,TA301,2012-06-20 09:03:58.727,7302.0000,162316,4,0.0000,6.0000,5,1,空开,S,7302.0000,0.0000,0.0000,0.0000,0.0000,7304.0000,0.0000,0.0000,0.0000,0.0000,95,0,0,0,0,29,0,0,0,0
zc,TA301,2012-06-20 09:03:59.180,7302.0000,162318,2,0.0000,12.0000,7,5,空开,S,7302.0000,0.0000,0.0000,0.0000,0.0000,7304.0000,0.0000,0.0000,0.0000,0.0000,100,0,0,0,0,30,0,0,0,0
zc,TA301,2012-06-20 09:03:59.680,7302.0000,162424,106,0.0000,158.0000,132,26,空开,S,7302.0000,0.0000,0.0000,0.0000,0.0000,7304.0000,0.0000,0.0000,0.0000,0.0000,81,0,0,0,0,21,0,0,0,0
zc,TA301,2012-06-20 09:04:00.413,7302.0000,162424,0,0.0000,0.0000,0,0,空换,S,7302.0000,0.0000,0.0000,0.0000,0.0000,7304.0000,0.0000,0.0000,0.0000,0.0000,84,0,0,0,0,21,0,0,0,0
zc,TA301,2012-06-20 09:04:00.913,7302.0000,162424,0,0.0000,10.0000,5,5,空换,S,7302.0000,0.0000,0.0000,0.0000,0.0000,7304.0000,0.0000,0.0000,0.0000,0.0000,79,0,0,0,0,21,0,0,0,0
zc,TA301,2012-06-20 09:04:01.447,7304.0000,162440,16,0.0000,24.0000,20,4,多开,B,7302.0000,0.0000,0.0000,0.0000,0.0000,7304.0000,0.0000,0.0000,0.0000,0.0000,77,0,0,0,0,11,0,0,0,0
zc,TA301,2012-06-20 09:04:01.913,7302.0000,162440,0,0.0000,10.0000,5,5,空换,S,7302.0000,0.0000,0.0000,0.0000,0.0000,7304.0000,0.0000,0.0000,0.0000,0.0000,73,0,0,0,0,11,0,0,0,0
zc,TA301,2012-06-20 09:04:02.647,7304.0000,162444,4,0.0000,4.0000,4,0,双开,B,7302.0000,0.0000,0.0000,0.0000,0.0000,7304.0000,0.0000,0.0000,0.0000,0.0000,73,0,0,0,0,9,0,0,0,0
zc,TA301,2012-06-20 09:04:03.180,7304.0000,162444,0,0.0000,16.0000,8,8,多换,B,7302.0000,0.0000,0.0000,0.0000,0.0000,7304.0000,0.0000,0.0000,0.0000,0.0000,74,0,0,0,0,1,0,0,0,0
zc,TA301,2012-06-20 09:04:03.977,7306.0000,162444,0,0.0000,8.0000,4,4,多换,B,7304.0000,0.0000,0.0000,0.0000,0.0000,7306.0000,0.0000,0.0000,0.0000,0.0000,211,0,0,0,0,216,0,0,0,0
zc,TA301,2012-06-20 09:04:05.163,7306.0000,162444,0,0.0000,0.0000,0,0,多换,B,7304.0000,0.0000,0.0000,0.0000,0.0000,7306.0000,0.0000,0.0000,0.0000,0.0000,227,0,0,0,0,216,0,0,0,0
zc,TA301,2012-06-20 09:04:05.663,7304.0000,162444,0,0.0000,2.0000,1,1,空换,S,7304.0000,0.0000,0.0000,0.0000,0.0000,7306.0000,0.0000,0.0000,0.0000,0.0000,235,0,0,0,0,216,0,0,0,0
zc,TA301,2012-06-20 09:04:06.163,7306.0000,162444,0,0.0000,2.0000,1,1,多换,B,7304.0000,0.0000,0.0000,0.0000,0.0000,7306.0000,0.0000,0.0000,0.0000,0.0000,238,0,0,0,0,214,0,0,0,0
zc,TA301,2012-06-20 09:04:06.897,7306.0000,162444,0,0.0000,66.0000,33,33,多换,B,7304.0000,0.0000,0.0000,0.0000,0.0000,7306.0000,0.0000,0.0000,0.0000,0.0000,238,0,0,0,0,181,0,0,0,0
zc,TA301,2012-06-20 09:04:07.447,7304.0000,162434,-10,0.0000,14.0000,2,12,多平,S,7304.0000,0.0000,0.0000,0.0000,0.0000,7306.0000,0.0000,0.0000,0.0000,0.0000,238,0,0,0,0,177,0,0,0,0
zc,TA301,2012-06-20 09:04:07.913,7306.0000,162416,-18,0.0000,18.0000,0,18,双平,B,7304.0000,0.0000,0.0000,0.0000,0.0000,7306.0000,0.0000,0.0000,0.0000,0.0000,245,0,0,0,0,168,0,0,0,0
zc,TA301,2012-06-20 09:04:08.663,7306.0000,162386,-30,0.0000,58.0000,14,44,空平,B,7304.0000,0.0000,0.0000,0.0000,0.0000,7306.0000,0.0000,0.0000,0.0000,0.0000,237,0,0,0,0,139,0,0,0,0
zc,TA301,2012-06-20 09:04:09.163,7306.0000,162380,-6,0.0000,106.0000,50,56,空平,B,7304.0000,0.0000,0.0000,0.0000,0.0000,7306.0000,0.0000,0.0000,0.0000,0.0000,226,0,0,0,0,107,0,0,0,0
zc,TA301,2012-06-20 09:04:09.960,7306.0000,162378,-2,0.0000,30.0000,14,16,空平,B,7304.0000,0.0000,0.0000,0.0000,0.0000,7306.0000,0.0000,0.0000,0.0000,0.0000,242,0,0,0,0,92,0,0,0,0
zc,TA301,2012-06-20 09:04:10.413,7306.0000,162356,-22,0.0000,24.0000,1,23,空平,B,7304.0000,0.0000,0.0000,0.0000,0.0000,7306.0000,0.0000,0.0000,0.0000,0.0000,241,0,0,0,0,80,0,0,0,0
zc,TA301,2012-06-20 09:04:11.147,7304.0000,162346,-10,0.0000,18.0000,4,14,多平,S,7304.0000,0.0000,0.0000,0.0000,0.0000,7306.0000,0.0000,0.0000,0.0000,0.0000,246,0,0,0,0,73,0,0,0,0
zc,TA301,2012-06-20 09:04:11.430,7306.0000,162332,-14,0.0000,22.0000,4,18,空平,B,7304.0000,0.0000,0.0000,0.0000,0.0000,7306.0000,0.0000,0.0000,0.0000,0.0000,245,0,0,0,0,62,0,0,0,0
zc,TA301,2012-06-20 09:04:12.147,7306.0000,162326,-6,0.0000,62.0000,28,34,空平,B,7304.0000,0.0000,0.0000,0.0000,0.0000,7306.0000,0.0000,0.0000,0.0000,0.0000,291,0,0,0,0,31,0,0,0,0
zc,TA301,2012-06-20 09:04:12.663,7306.0000,162382,56,0.0000,56.0000,56,0,双开,B,7304.0000,0.0000,0.0000,0.0000,0.0000,7306.0000,0.0000,0.0000,0.0000,0.0000,264,0,0,0,0,4,0,0,0,0
zc,TA301,2012-06-20 09:04:13.413,7306.0000,162382,0,0.0000,6.0000,3,3,多换,B,7304.0000,0.0000,0.0000,0.0000,0.0000,7306.0000,0.0000,0.0000,0.0000,0.0000,273,0,0,0,0,3,0,0,0,0
zc,TA301,2012-06-20 09:04:13.913,7306.0000,162386,4,0.0000,6.0000,5,1,多开,B,7306.0000,0.0000,0.0000,0.0000,0.0000,7308.0000,0.0000,0.0000,0.0000,0.0000,1,0,0,0,0,3,0,0,0,0
zc,TA301,2012-06-20 09:04:14.430,7306.0000,162386,0,0.0000,0.0000,0,0,多换,B,7306.0000,0.0000,0.0000,0.0000,0.0000,7308.0000,0.0000,0.0000,0.0000,0.0000,5,0,0,0,0,3,0,0,0,0
zc,TA301,2012-06-20 09:04:14.960,7308.0000,162384,-2,0.0000,12.0000,5,7,空平,B,7306.0000,0.0000,0.0000,0.0000,0.0000,7308.0000,0.0000,0.0000,0.0000,0.0000,6,0,0,0,0,1,0,0,0,0
zc,TA301,2012-06-20 09:04:15.727,7308.0000,162386,2,0.0000,2.0000,2,0,双开,B,7308.0000,0.0000,0.0000,0.0000,0.0000,7310.0000,0.0000,0.0000,0.0000,0.0000,1,0,0,0,0,48,0,0,0,0
zc,TA301,2012-06-20 09:04:16.913,7308.0000,162386,0,0.0000,2.0000,1,1,多换,B,7306.0000,0.0000,0.0000,0.0000,0.0000,7310.0000,0.0000,0.0000,0.0000,0.0000,9,0,0,0,0,47,0,0,0,0
zc,TA301,2012-06-20 09:04:17.447,7308.0000,162388,2,0.0000,2.0000,2,0,双开,B,7308.0000,0.0000,0.0000,0.0000,0.0000,7310.0000,0.0000,0.0000,0.0000,0.0000,5,0,0,0,0,48,0,0,0,0
zc,TA301,2012-06-20 09:04:18.197,7308.0000,162388,0,0.0000,2.0000,1,1,多换,B,7308.0000,0.0000,0.0000,0.0000,0.0000,7310.0000,0.0000,0.0000,0.0000,0.0000,6,0,0,0,0,48,0,0,0,0
zc,TA301,2012-06-20 09:04:18.680,7308.0000,162388,0,0.0000,0.0000,0,0,多换,B,7308.0000,0.0000,0.0000,0.0000,0.0000,7310.0000,0.0000,0.0000,0.0000,0.0000,6,0,0,0,0,47,0,0,0,0
zc,TA301,2012-06-20 09:04:19.180,7310.0000,162388,0,0.0000,2.0000,1,1,多换,B,7308.0000,0.0000,0.0000,0.0000,0.0000,7310.0000,0.0000,0.0000,0.0000,0.0000,406,0,0,0,0,45,0,0,0,0
zc,TA301,2012-06-20 09:04:21.430,7310.0000,162388,0,0.0000,4.0000,2,2,多换,B,7308.0000,0.0000,0.0000,0.0000,0.0000,7310.0000,0.0000,0.0000,0.0000,0.0000,405,0,0,0,0,47,0,0,0,0
zc,TA301,2012-06-20 09:04:21.897,7308.0000,162350,-38,0.0000,44.0000,3,41,多平,S,7308.0000,0.0000,0.0000,0.0000,0.0000,7310.0000,0.0000,0.0000,0.0000,0.0000,404,0,0,0,0,26,0,0,0,0
zc,TA301,2012-06-20 09:04:22.727,7308.0000,162266,-84,0.0000,92.0000,4,88,多平,S,7308.0000,0.0000,0.0000,0.0000,0.0000,7310.0000,0.0000,0.0000,0.0000,0.0000,360,0,0,0,0,24,0,0,0,0
zc,TA301,2012-06-20 09:04:23.180,7310.0000,162264,-2,0.0000,4.0000,1,3,空平,B,7308.0000,0.0000,0.0000,0.0000,0.0000,7310.0000,0.0000,0.0000,0.0000,0.0000,361,0,0,0,0,17,0,0,0,0
zc,TA301,2012-06-20 09:04:23.913,7308.0000,162244,-20,0.0000,20.0000,0,20,双平,S,7308.0000,0.0000,0.0000,0.0000,0.0000,7310.0000,0.0000,0.0000,0.0000,0.0000,352,0,0,0,0,18,0,0,0,0
zc,TA301,2012-06-20 09:04:24.197,7310.0000,162244,0,0.0000,2.0000,1,1,多换,B,7308.0000,0.0000,0.0000,0.0000,0.0000,7310.0000,0.0000,0.0000,0.0000,0.0000,354,0,0,0,0,16,0,0,0,0
zc,TA301,2012-06-20 09:04:25.180,7310.0000,162242,-2,0.0000,4.0000,1,3,空平,B,7308.0000,0.0000,0.0000,0.0000,0.0000,7310.0000,0.0000,0.0000,0.0000,0.0000,354,0,0,0,0,14,0,0,0,0
zc,TA301,2012-06-20 09:04:26.133,7310.0000,162238,-4,0.0000,14.0000,5,9,空平,B,7308.0000,0.0000,0.0000,0.0000,0.0000,7310.0000,0.0000,0.0000,0.0000,0.0000,352,0,0,0,0,10,0,0,0,0
zc,TA301,2012-06-20 09:04:26.710,7310.0000,162242,4,0.0000,28.0000,16,12,多开,B,7308.0000,0.0000,0.0000,0.0000,0.0000,7312.0000,0.0000,0.0000,0.0000,0.0000,349,0,0,0,0,59,0,0,0,0
zc,TA301,2012-06-20 09:04:27.447,7310.0000,162242,0,0.0000,0.0000,0,0,多换,B,7308.0000,0.0000,0.0000,0.0000,0.0000,7310.0000,0.0000,0.0000,0.0000,0.0000,350,0,0,0,0,2,0,0,0,0
zc,TA301,2012-06-20 09:04:27.930,7310.0000,162242,0,0.0000,0.0000,0,0,多换,B,7308.0000,0.0000,0.0000,0.0000,0.0000,7310.0000,0.0000,0.0000,0.0000,0.0000,351,0,0,0,0,2,0,0,0,0
zc,TA301,2012-06-20 09:04:28.430,7310.0000,162244,2,0.0000,2.0000,2,0,双开,B,7308.0000,0.0000,0.0000,0.0000,0.0000,7310.0000,0.0000,0.0000,0.0000,0.0000,351,0,0,0,0,3,0,0,0,0
zc,TA301,2012-06-20 09:04:29.147,7310.0000,162246,2,0.0000,2.0000,2,0,双开,B,7308.0000,0.0000,0.0000,0.0000,0.0000,7310.0000,0.0000,0.0000,0.0000,0.0000,351,0,0,0,0,2,0,0,0,0
zc,TA301,2012-06-20 09:04:29.680,7310.0000,162242,-4,0.0000,4.0000,0,4,双平,B,7310.0000,0.0000,0.0000,0.0000,0.0000,7312.0000,0.0000,0.0000,0.0000,0.0000,48,0,0,0,0,61,0,0,0,0
zc,TA301,2012-06-20 09:04:30.447,7310.0000,162224,-18,0.0000,24.0000,3,21,空平,B,7310.0000,0.0000,0.0000,0.0000,0.0000,7312.0000,0.0000,0.0000,0.0000,0.0000,37,0,0,0,0,60,0,0,0,0
zc,TA301,2012-06-20 09:04:31.647,7312.0000,162226,2,0.0000,2.0000,2,0,双开,B,7310.0000,0.0000,0.0000,0.0000,0.0000,7312.0000,0.0000,0.0000,0.0000,0.0000,37,0,0,0,0,59,0,0,0,0
zc,TA301,2012-06-20 09:04:32.663,7310.0000,162200,-26,0.0000,26.0000,0,26,双平,S,7310.0000,0.0000,0.0000,0.0000,0.0000,7312.0000,0.0000,0.0000,0.0000,0.0000,24,0,0,0,0,57,0,0,0,0
zc,TA301,2012-06-20 09:04:33.180,7310.0000,162176,-24,0.0000,28.0000,2,26,多平,S,7310.0000,0.0000,0.0000,0.0000,0.0000,7312.0000,0.0000,0.0000,0.0000,0.0000,10,0,0,0,0,71,0,0,0,0
zc,TA301,2012-06-20 09:04:33.947,7312.0000,162178,2,0.0000,2.0000,2,0,双开,B,7310.0000,0.0000,0.0000,0.0000,0.0000,7312.0000,0.0000,0.0000,0.0000,0.0000,11,0,0,0,0,62,0,0,0,0
zc,TA301,2012-06-20 09:04:34.447,7310.0000,162192,14,0.0000,34.0000,24,10,空开,S,7310.0000,0.0000,0.0000,0.0000,0.0000,7312.0000,0.0000,0.0000,0.0000,0.0000,5,0,0,0,0,57,0,0,0,0
zc,TA301,2012-06-20 09:04:35.680,7310.0000,162192,0,0.0000,6.0000,3,3,空换,S,7310.0000,0.0000,0.0000,0.0000,0.0000,7312.0000,0.0000,0.0000,0.0000,0.0000,3,0,0,0,0,58,0,0,0,0
zc,TA301,2012-06-20 09:04:36.147,7312.0000,162200,8,0.0000,8.0000,8,0,双开,B,7310.0000,0.0000,0.0000,0.0000,0.0000,7312.0000,0.0000,0.0000,0.0000,0.0000,2,0,0,0,0,55,0,0,0,0
zc,TA301,2012-06-20 09:04:36.977,7310.0000,162200,0,0.0000,6.0000,3,3,空换,S,7308.0000,0.0000,0.0000,0.0000,0.0000,7310.0000,0.0000,0.0000,0.0000,0.0000,357,0,0,0,0,1,0,0,0,0
zc,TA301,2012-06-20 09:04:37.477,7310.0000,162196,-4,0.0000,4.0000,0,4,双平,S,7310.0000,0.0000,0.0000,0.0000,0.0000,7312.0000,0.0000,0.0000,0.0000,0.0000,1,0,0,0,0,55,0,0,0,0
zc,TA301,2012-06-20 09:04:37.960,7310.0000,162196,0,0.0000,0.0000,0,0,空换,S,7310.0000,0.0000,0.0000,0.0000,0.0000,7312.0000,0.0000,0.0000,0.0000,0.0000,10,0,0,0,0,55,0,0,0,0
zc,TA301,2012-06-20 09:04:38.710,7310.0000,162196,0,0.0000,12.0000,6,6,空换,S,7310.0000,0.0000,0.0000,0.0000,0.0000,7312.0000,0.0000,0.0000,0.0000,0.0000,5,0,0,0,0,75,0,0,0,0
zc,TA301,2012-06-20 09:04:39.163,7312.0000,162198,2,0.0000,2.0000,2,0,双开,B,7310.0000,0.0000,0.0000,0.0000,0.0000,7312.0000,0.0000,0.0000,0.0000,0.0000,5,0,0,0,0,74,0,0,0,0
zc,TA301,2012-06-20 09:04:39.663,7310.0000,162200,2,0.0000,2.0000,2,0,双开,S,7310.0000,0.0000,0.0000,0.0000,0.0000,7312.0000,0.0000,0.0000,0.0000,0.0000,5,0,0,0,0,74,0,0,0,0
zc,TA301,2012-06-20 09:04:40.413,7310.0000,162200,0,0.0000,6.0000,3,3,空换,S,7310.0000,0.0000,0.0000,0.0000,0.0000,7312.0000,0.0000,0.0000,0.0000,0.0000,2,0,0,0,0,71,0,0,0,0
zc,TA301,2012-06-20 09:04:40.930,7310.0000,162200,0,0.0000,4.0000,2,2,空换,S,7308.0000,0.0000,0.0000,0.0000,0.0000,7310.0000,0.0000,0.0000,0.0000,0.0000,356,0,0,0,0,24,0,0,0,0
zc,TA301,2012-06-20 09:04:41.397,7308.0000,162200,0,0.0000,16.0000,8,8,空换,S,7308.0000,0.0000,0.0000,0.0000,0.0000,7310.0000,0.0000,0.0000,0.0000,0.0000,353,0,0,0,0,19,0,0,0,0
zc,TA301,2012-06-20 09:04:42.163,7310.0000,162200,0,0.0000,2.0000,1,1,多换,B,7308.0000,0.0000,0.0000,0.0000,0.0000,7310.0000,0.0000,0.0000,0.0000,0.0000,353,0,0,0,0,18,0,0,0,0
zc,TA301,2012-06-20 09:04:42.680,7310.0000,162200,0,0.0000,2.0000,1,1,多换,B,7308.0000,0.0000,0.0000,0.0000,0.0000,7310.0000,0.0000,0.0000,0.0000,0.0000,353,0,0,0,0,35,0,0,0,0
zc,TA301,2012-06-20 09:04:43.180,7310.0000,162200,0,0.0000,2.0000,1,1,多换,B,7308.0000,0.0000,0.0000,0.0000,0.0000,7310.0000,0.0000,0.0000,0.0000,0.0000,352,0,0,0,0,47,0,0,0,0
zc,TA301,2012-06-20 09:04:43.647,7310.0000,162200,0,0.0000,6.0000,3,3,多换,B,7308.0000,0.0000,0.0000,0.0000,0.0000,7310.0000,0.0000,0.0000,0.0000,0.0000,352,0,0,0,0,53,0,0,0,0
zc,TA301,2012-06-20 09:04:44.413,7308.0000,162198,-2,0.0000,2.0000,0,2,双平,S,7308.0000,0.0000,0.0000,0.0000,0.0000,7310.0000,0.0000,0.0000,0.0000,0.0000,351,0,0,0,0,113,0,0,0,0
zc,TA301,2012-06-20 09:04:45.180,7308.0000,162198,0,0.0000,2.0000,1,1,空换,S,7308.0000,0.0000,0.0000,0.0000,0.0000,7310.0000,0.0000,0.0000,0.0000,0.0000,350,0,0,0,0,113,0,0,0,0
zc,TA301,2012-06-20 09:04:45.680,7308.0000,162198,0,0.0000,0.0000,0,0,空换,S,7308.0000,0.0000,0.0000,0.0000,0.0000,7310.0000,0.0000,0.0000,0.0000,0.0000,350,0,0,0,0,114,0,0,0,0
zc,TA301,2012-06-20 09:04:46.680,7310.0000,162198,0,0.0000,2.0000,1,1,多换,B,7308.0000,0.0000,0.0000,0.0000,0.0000,7310.0000,0.0000,0.0000,0.0000,0.0000,350,0,0,0,0,113,0,0,0,0
zc,TA301,2012-06-20 09:04:47.397,7310.0000,162198,0,0.0000,4.0000,2,2,多换,B,7308.0000,0.0000,0.0000,0.0000,0.0000,7310.0000,0.0000,0.0000,0.0000,0.0000,350,0,0,0,0,111,0,0,0,0
zc,TA301,2012-06-20 09:04:47.930,7308.0000,162192,-6,0.0000,6.0000,0,6,双平,S,7308.0000,0.0000,0.0000,0.0000,0.0000,7310.0000,0.0000,0.0000,0.0000,0.0000,347,0,0,0,0,111,0,0,0,0
zc,TA301,2012-06-20 09:04:48.710,7310.0000,162084,-108,0.0000,150.0000,21,129,空平,B,7308.0000,0.0000,0.0000,0.0000,0.0000,7310.0000,0.0000,0.0000,0.0000,0.0000,292,0,0,0,0,85,0,0,0,0
zc,TA301,2012-06-20 09:04:49.197,7308.0000,162006,-78,0.0000,78.0000,0,78,双平,S,7308.0000,0.0000,0.0000,0.0000,0.0000,7310.0000,0.0000,0.0000,0.0000,0.0000,283,0,0,0,0,101,0,0,0,0
zc,TA301,2012-06-20 09:04:50.430,7308.0000,161982,-24,0.0000,24.0000,0,24,双平,S,7308.0000,0.0000,0.0000,0.0000,0.0000,7310.0000,0.0000,0.0000,0.0000,0.0000,271,0,0,0,0,101,0,0,0,0
zc,TA301,2012-06-20 09:04:50.897,7308.0000,161918,-64,0.0000,148.0000,42,106,多平,S,7308.0000,0.0000,0.0000,0.0000,0.0000,7310.0000,0.0000,0.0000,0.0000,0.0000,197,0,0,0,0,109,0,0,0,0
zc,TA301,2012-06-20 09:04:51.697,7308.0000,161918,0,0.0000,52.0000,26,26,空换,S,7308.0000,0.0000,0.0000,0.0000,0.0000,7310.0000,0.0000,0.0000,0.0000,0.0000,171,0,0,0,0,90,0,0,0,0
zc,TA301,2012-06-20 09:04:52.197,7308.0000,161916,-2,0.0000,2.0000,0,2,双平,S,7308.0000,0.0000,0.0000,0.0000,0.0000,7310.0000,0.0000,0.0000,0.0000,0.0000,182,0,0,0,0,90,0,0,0,0
zc,TA301,2012-06-20 09:04:52.897,7308.0000,161916,0,0.0000,4.0000,2,2,空换,S,7308.0000,0.0000,0.0000,0.0000,0.0000,7310.0000,0.0000,0.0000,0.0000,0.0000,181,0,0,0,0,90,0,0,0,0
zc,TA301,2012-06-20 09:04:53.413,7308.0000,161916,0,0.0000,0.0000,0,0,空换,S,7308.0000,0.0000,0.0000,0.0000,0.0000,7310.0000,0.0000,0.0000,0.0000,0.0000,181,0,0,0,0,91,0,0,0,0
zc,TA301,2012-06-20 09:04:54.663,7308.0000,161916,0,0.0000,0.0000,0,0,空换,S,7308.0000,0.0000,0.0000,0.0000,0.0000,7310.0000,0.0000,0.0000,0.0000,0.0000,180,0,0,0,0,91,0,0,0,0
zc,TA301,2012-06-20 09:04:55.180,7308.0000,161916,0,0.0000,0.0000,0,0,空换,S,7308.0000,0.0000,0.0000,0.0000,0.0000,7310.0000,0.0000,0.0000,0.0000,0.0000,180,0,0,0,0,92,0,0,0,0
zc,TA301,2012-06-20 09:04:55.663,7308.0000,161914,-2,0.0000,2.0000,0,2,双平,S,7308.0000,0.0000,0.0000,0.0000,0.0000,7310.0000,0.0000,0.0000,0.0000,0.0000,179,0,0,0,0,95,0,0,0,0
zc,TA301,2012-06-20 09:04:56.413,7308.0000,161914,0,0.0000,2.0000,1,1,空换,S,7308.0000,0.0000,0.0000,0.0000,0.0000,7310.0000,0.0000,0.0000,0.0000,0.0000,179,0,0,0,0,94,0,0,0,0
zc,TA301,2012-06-20 09:04:56.897,7308.0000,161914,0,0.0000,2.0000,1,1,空换,S,7308.0000,0.0000,0.0000,0.0000,0.0000,7310.0000,0.0000,0.0000,0.0000,0.0000,200,0,0,0,0,113,0,0,0,0
zc,TA301,2012-06-20 09:04:57.977,7308.0000,161912,-2,0.0000,14.0000,6,8,多平,S,7308.0000,0.0000,0.0000,0.0000,0.0000,7310.0000,0.0000,0.0000,0.0000,0.0000,193,0,0,0,0,120,0,0,0,0
zc,TA301,2012-06-20 09:04:58.680,7308.0000,161912,0,0.0000,4.0000,2,2,空换,S,7308.0000,0.0000,0.0000,0.0000,0.0000,7310.0000,0.0000,0.0000,0.0000,0.0000,191,0,0,0,0,118,0,0,0,0
zc,TA301,2012-06-20 09:04:59.180,7308.0000,161912,0,0.0000,0.0000,0,0,空换,S,7308.0000,0.0000,0.0000,0.0000,0.0000,7310.0000,0.0000,0.0000,0.0000,0.0000,191,0,0,0,0,119,0,0,0,0
zc,TA301,2012-06-20 09:05:00.147,7308.0000,161912,0,0.0000,6.0000,3,3,空换,S,7308.0000,0.0000,0.0000,0.0000,0.0000,7310.0000,0.0000,0.0000,0.0000,0.0000,188,0,0,0,0,116,0,0,0,0
zc,TA301,2012-06-20 09:05:00.647,7308.0000,161908,-4,0.0000,4.0000,0,4,双平,S,7308.0000,0.0000,0.0000,0.0000,0.0000,7310.0000,0.0000,0.0000,0.0000,0.0000,186,0,0,0,0,116,0,0,0,0
zc,TA301,2012-06-20 09:05:01.117,7308.0000,161908,0,0.0000,0.0000,0,0,空换,S,7308.0000,0.0000,0.0000,0.0000,0.0000,7310.0000,0.0000,0.0000,0.0000,0.0000,188,0,0,0,0,116,0,0,0,0
zc,TA301,2012-06-20 09:05:01.647,7308.0000,161908,0,0.0000,2.0000,1,1,空换,S,7308.0000,0.0000,0.0000,0.0000,0.0000,7310.0000,0.0000,0.0000,0.0000,0.0000,187,0,0,0,0,115,0,0,0,0
zc,TA301,2012-06-20 09:05:02.947,7308.0000,161908,0,0.0000,0.0000,0,0,空换,S,7308.0000,0.0000,0.0000,0.0000,0.0000,7310.0000,0.0000,0.0000,0.0000,0.0000,188,0,0,0,0,115,0,0,0,0
zc,TA301,2012-06-20 09:05:03.663,7310.0000,161908,0,0.0000,2.0000,1,1,多换,B,7308.0000,0.0000,0.0000,0.0000,0.0000,7310.0000,0.0000,0.0000,0.0000,0.0000,189,0,0,0,0,115,0,0,0,0
zc,TA301,2012-06-20 09:05:04.397,7308.0000,161908,0,0.0000,6.0000,3,3,空换,S,7308.0000,0.0000,0.0000,0.0000,0.0000,7310.0000,0.0000,0.0000,0.0000,0.0000,187,0,0,0,0,114,0,0,0,0
zc,TA301,2012-06-20 09:05:04.710,7308.0000,161906,-2,0.0000,2.0000,0,2,双平,S,7308.0000,0.0000,0.0000,0.0000,0.0000,7310.0000,0.0000,0.0000,0.0000,0.0000,186,0,0,0,0,101,0,0,0,0
zc,TA301,2012-06-20 09:05:05.447,7308.0000,161896,-10,0.0000,10.0000,0,10,双平,S,7308.0000,0.0000,0.0000,0.0000,0.0000,7310.0000,0.0000,0.0000,0.0000,0.0000,182,0,0,0,0,101,0,0,0,0
zc,TA301,2012-06-20 09:05:06.663,7308.0000,161896,0,0.0000,66.0000,33,33,空换,S,7308.0000,0.0000,0.0000,0.0000,0.0000,7310.0000,0.0000,0.0000,0.0000,0.0000,149,0,0,0,0,94,0,0,0,0
zc,TA301,2012-06-20 09:05:07.210,7308.0000,161896,0,0.0000,10.0000,5,5,空换,S,7308.0000,0.0000,0.0000,0.0000,0.0000,7310.0000,0.0000,0.0000,0.0000,0.0000,144,0,0,0,0,95,0,0,0,0
zc,TA301,2012-06-20 09:05:07.697,7310.0000,161908,12,0.0000,12.0000,12,0,双开,B,7308.0000,0.0000,0.0000,0.0000,0.0000,7310.0000,0.0000,0.0000,0.0000,0.0000,145,0,0,0,0,88,0,0,0,0
zc,TA301,2012-06-20 09:05:08.913,7310.0000,161908,0,0.0000,2.0000,1,1,多换,B,7308.0000,0.0000,0.0000,0.0000,0.0000,7310.0000,0.0000,0.0000,0.0000,0.0000,145,0,0,0,0,87,0,0,0,0
zc,TA301,2012-06-20 09:05:09.663,7310.0000,161900,-8,0.0000,10.0000,1,9,空平,B,7308.0000,0.0000,0.0000,0.0000,0.0000,7310.0000,0.0000,0.0000,0.0000,0.0000,141,0,0,0,0,86,0,0,0,0
zc,TA301,2012-06-20 09:05:10.960,7308.0000,161898,-2,0.0000,4.0000,1,3,多平,S,7308.0000,0.0000,0.0000,0.0000,0.0000,7310.0000,0.0000,0.0000,0.0000,0.0000,139,0,0,0,0,85,0,0,0,0
zc,TA301,2012-06-20 09:05:11.460,7310.0000,161898,0,0.0000,2.0000,1,1,多换,B,7308.0000,0.0000,0.0000,0.0000,0.0000,7310.0000,0.0000,0.0000,0.0000,0.0000,139,0,0,0,0,84,0,0,0,0
zc,TA301,2012-06-20 09:05:12.397,7310.0000,161898,0,0.0000,0.0000,0,0,多换,B,7308.0000,0.0000,0.0000,0.0000,0.0000,7310.0000,0.0000,0.0000,0.0000,0.0000,145,0,0,0,0,84,0,0,0,0
zc,TA301,2012-06-20 09:05:13.180,7310.0000,161902,4,0.0000,16.0000,10,6,多开,B,7308.0000,0.0000,0.0000,0.0000,0.0000,7310.0000,0.0000,0.0000,0.0000,0.0000,145,0,0,0,0,77,0,0,0,0
zc,TA301,2012-06-20 09:05:13.697,7308.0000,161862,-40,0.0000,40.0000,0,40,双平,S,7308.0000,0.0000,0.0000,0.0000,0.0000,7310.0000,0.0000,0.0000,0.0000,0.0000,126,0,0,0,0,77,0,0,0,0
zc,TA301,2012-06-20 09:05:14.430,7308.0000,161862,0,0.0000,0.0000,0,0,空换,S,7308.0000,0.0000,0.0000,0.0000,0.0000,7310.0000,0.0000,0.0000,0.0000,0.0000,131,0,0,0,0,81,0,0,0,0
zc,TA301,2012-06-20 09:05:14.947,7310.0000,161846,-16,0.0000,24.0000,4,20,空平,B,7308.0000,0.0000,0.0000,0.0000,0.0000,7310.0000,0.0000,0.0000,0.0000,0.0000,121,0,0,0,0,81,0,0,0,0
zc,TA301,2012-06-20 09:05:15.680,7310.0000,161846,0,0.0000,0.0000,0,0,多换,B,7308.0000,0.0000,0.0000,0.0000,0.0000,7310.0000,0.0000,0.0000,0.0000,0.0000,121,0,0,0,0,121,0,0,0,0
zc,TA301,2012-06-20 09:05:16.430,7308.0000,161842,-4,0.0000,4.0000,0,4,双平,S,7308.0000,0.0000,0.0000,0.0000,0.0000,7310.0000,0.0000,0.0000,0.0000,0.0000,119,0,0,0,0,122,0,0,0,0
zc,TA301,2012-06-20 09:05:17.413,7308.0000,161826,-16,0.0000,16.0000,0,16,双平,S,7308.0000,0.0000,0.0000,0.0000,0.0000,7310.0000,0.0000,0.0000,0.0000,0.0000,111,0,0,0,0,122,0,0,0,0
zc,TA301,2012-06-20 09:05:17.913,7308.0000,161826,0,0.0000,0.0000,0,0,空换,S,7308.0000,0.0000,0.0000,0.0000,0.0000,7310.0000,0.0000,0.0000,0.0000,0.0000,110,0,0,0,0,122,0,0,0,0
zc,TA301,2012-06-20 09:05:18.930,7308.0000,161818,-8,0.0000,8.0000,0,8,双平,S,7308.0000,0.0000,0.0000,0.0000,0.0000,7310.0000,0.0000,0.0000,0.0000,0.0000,106,0,0,0,0,122,0,0,0,0
zc,TA301,2012-06-20 09:05:19.697,7308.0000,161818,0,0.0000,0.0000,0,0,空换,S,7308.0000,0.0000,0.0000,0.0000,0.0000,7310.0000,0.0000,0.0000,0.0000,0.0000,126,0,0,0,0,122,0,0,0,0
zc,TA301,2012-06-20 09:05:20.210,7310.0000,161822,4,0.0000,4.0000,4,0,双开,B,7308.0000,0.0000,0.0000,0.0000,0.0000,7310.0000,0.0000,0.0000,0.0000,0.0000,126,0,0,0,0,120,0,0,0,0
zc,TA301,2012-06-20 09:05:20.930,7310.0000,161816,-6,0.0000,14.0000,4,10,空平,B,7308.0000,0.0000,0.0000,0.0000,0.0000,7310.0000,0.0000,0.0000,0.0000,0.0000,121,0,0,0,0,118,0,0,0,0
zc,TA301,2012-06-20 09:05:22.180,7310.0000,161818,2,0.0000,4.0000,3,1,多开,B,7308.0000,0.0000,0.0000,0.0000,0.0000,7310.0000,0.0000,0.0000,0.0000,0.0000,120,0,0,0,0,118,0,0,0,0
zc,TA301,2012-06-20 09:05:22.697,7310.0000,161818,0,0.0000,0.0000,0,0,多换,B,7308.0000,0.0000,0.0000,0.0000,0.0000,7310.0000,0.0000,0.0000,0.0000,0.0000,120,0,0,0,0,119,0,0,0,0
zc,TA301,2012-06-20 09:05:25.180,7310.0000,161794,-24,0.0000,24.0000,0,24,双平,B,7308.0000,0.0000,0.0000,0.0000,0.0000,7310.0000,0.0000,0.0000,0.0000,0.0000,116,0,0,0,0,107,0,0,0,0
zc,TA301,2012-06-20 09:05:25.430,7310.0000,161794,0,0.0000,126.0000,63,63,多换,B,7308.0000,0.0000,0.0000,0.0000,0.0000,7310.0000,0.0000,0.0000,0.0000,0.0000,119,0,0,0,0,40,0,0,0,0
zc,TA301,2012-06-20 09:05:26.180,7310.0000,161800,6,0.0000,6.0000,6,0,双开,B,7308.0000,0.0000,0.0000,0.0000,0.0000,7310.0000,0.0000,0.0000,0.0000,0.0000,119,0,0,0,0,49,0,0,0,0
zc,TA301,2012-06-20 09:05:26.930,7310.0000,161892,92,0.0000,98.0000,95,3,多开,B,7310.0000,0.0000,0.0000,0.0000,0.0000,7312.0000,0.0000,0.0000,0.0000,0.0000,2,0,0,0,0,56,0,0,0,0
zc,TA301,2012-06-20 09:05:27.430,7310.0000,161892,0,0.0000,0.0000,0,0,多换,B,7310.0000,0.0000,0.0000,0.0000,0.0000,7312.0000,0.0000,0.0000,0.0000,0.0000,15,0,0,0,0,56,0,0,0,0
zc,TA301,2012-06-20 09:05:28.163,7310.0000,161892,0,0.0000,0.0000,0,0,多换,B,7310.0000,0.0000,0.0000,0.0000,0.0000,7312.0000,0.0000,0.0000,0.0000,0.0000,16,0,0,0,0,56,0,0,0,0
zc,TA301,2012-06-20 09:05:28.430,7310.0000,161892,0,0.0000,0.0000,0,0,多换,B,7310.0000,0.0000,0.0000,0.0000,0.0000,7312.0000,0.0000,0.0000,0.0000,0.0000,17,0,0,0,0,56,0,0,0,0
zc,TA301,2012-06-20 09:05:29.210,7308.0000,161922,30,0.0000,36.0000,33,3,空开,S,7308.0000,0.0000,0.0000,0.0000,0.0000,7310.0000,0.0000,0.0000,0.0000,0.0000,117,0,0,0,0,13,0,0,0,0
zc,TA301,2012-06-20 09:05:29.680,7310.0000,161922,0,0.0000,26.0000,13,13,多换,B,7310.0000,0.0000,0.0000,0.0000,0.0000,7312.0000,0.0000,0.0000,0.0000,0.0000,7,0,0,0,0,55,0,0,0,0
zc,TA301,2012-06-20 09:05:30.680,7310.0000,161920,-2,0.0000,4.0000,1,3,空平,B,7310.0000,0.0000,0.0000,0.0000,0.0000,7312.0000,0.0000,0.0000,0.0000,0.0000,27,0,0,0,0,55,0,0,0,0
zc,TA301,2012-06-20 09:05:31.460,7310.0000,161910,-10,0.0000,10.0000,0,10,双平,B,7310.0000,0.0000,0.0000,0.0000,0.0000,7312.0000,0.0000,0.0000,0.0000,0.0000,26,0,0,0,0,55,0,0,0,0
zc,TA301,2012-06-20 09:05:32.180,7312.0000,161910,0,0.0000,14.0000,7,7,多换,B,7310.0000,0.0000,0.0000,0.0000,0.0000,7312.0000,0.0000,0.0000,0.0000,0.0000,26,0,0,0,0,48,0,0,0,0
zc,TA301,2012-06-20 09:05:32.680,7312.0000,161942,32,0.0000,44.0000,38,6,多开,B,7310.0000,0.0000,0.0000,0.0000,0.0000,7312.0000,0.0000,0.0000,0.0000,0.0000,35,0,0,0,0,36,0,0,0,0
zc,TA301,2012-06-20 09:05:33.430,7312.0000,161942,0,0.0000,0.0000,0,0,多换,B,7310.0000,0.0000,0.0000,0.0000,0.0000,7312.0000,0.0000,0.0000,0.0000,0.0000,36,0,0,0,0,37,0,0,0,0
zc,TA301,2012-06-20 09:05:33.897,7310.0000,161942,0,0.0000,2.0000,1,1,空换,S,7310.0000,0.0000,0.0000,0.0000,0.0000,7312.0000,0.0000,0.0000,0.0000,0.0000,35,0,0,0,0,37,0,0,0,0
zc,TA301,2012-06-20 09:05:34.897,7310.0000,161942,0,0.0000,0.0000,0,0,空换,S,7310.0000,0.0000,0.0000,0.0000,0.0000,7312.0000,0.0000,0.0000,0.0000,0.0000,43,0,0,0,0,37,0,0,0,0
zc,TA301,2012-06-20 09:05:35.447,7310.0000,161942,0,0.0000,0.0000,0,0,空换,S,7310.0000,0.0000,0.0000,0.0000,0.0000,7312.0000,0.0000,0.0000,0.0000,0.0000,47,0,0,0,0,37,0,0,0,0
zc,TA301,2012-06-20 09:05:35.930,7312.0000,161944,2,0.0000,2.0000,2,0,双开,B,7310.0000,0.0000,0.0000,0.0000,0.0000,7312.0000,0.0000,0.0000,0.0000,0.0000,47,0,0,0,0,36,0,0,0,0
zc,TA301,2012-06-20 09:05:37.647,7312.0000,161952,8,0.0000,8.0000,8,0,双开,B,7310.0000,0.0000,0.0000,0.0000,0.0000,7312.0000,0.0000,0.0000,0.0000,0.0000,47,0,0,0,0,32,0,0,0,0
zc,TA301,2012-06-20 09:05:38.460,7310.0000,162028,76,0.0000,76.0000,76,0,双开,S,7308.0000,0.0000,0.0000,0.0000,0.0000,7310.0000,0.0000,0.0000,0.0000,0.0000,146,0,0,0,0,22,0,0,0,0
zc,TA301,2012-06-20 09:05:38.947,7312.0000,162034,6,0.0000,48.0000,27,21,多开,B,7310.0000,0.0000,0.0000,0.0000,0.0000,7312.0000,0.0000,0.0000,0.0000,0.0000,3,0,0,0,0,31,0,0,0,0
zc,TA301,2012-06-20 09:05:39.647,7312.0000,162034,0,0.0000,0.0000,0,0,多换,B,7310.0000,0.0000,0.0000,0.0000,0.0000,7312.0000,0.0000,0.0000,0.0000,0.0000,3,0,0,0,0,32,0,0,0,0
zc,TA301,2012-06-20 09:05:40.210,7312.0000,162034,0,0.0000,0.0000,0,0,多换,B,7310.0000,0.0000,0.0000,0.0000,0.0000,7312.0000,0.0000,0.0000,0.0000,0.0000,1,0,0,0,0,32,0,0,0,0
zc,TA301,2012-06-20 09:05:41.460,7312.0000,162044,10,0.0000,10.0000,10,0,双开,B,7310.0000,0.0000,0.0000,0.0000,0.0000,7312.0000,0.0000,0.0000,0.0000,0.0000,1,0,0,0,0,27,0,0,0,0
zc,TA301,2012-06-20 09:05:42.680,7312.0000,162044,0,0.0000,0.0000,0,0,多换,B,7310.0000,0.0000,0.0000,0.0000,0.0000,7312.0000,0.0000,0.0000,0.0000,0.0000,4,0,0,0,0,27,0,0,0,0
zc,TA301,2012-06-20 09:05:43.430,7312.0000,162044,0,0.0000,0.0000,0,0,多换,B,7310.0000,0.0000,0.0000,0.0000,0.0000,7312.0000,0.0000,0.0000,0.0000,0.0000,4,0,0,0,0,36,0,0,0,0
zc,TA301,2012-06-20 09:05:44.397,7310.0000,162052,8,0.0000,30.0000,19,11,空开,S,7310.0000,0.0000,0.0000,0.0000,0.0000,7312.0000,0.0000,0.0000,0.0000,0.0000,6,0,0,0,0,27,0,0,0,0
zc,TA301,2012-06-20 09:05:45.180,7312.0000,162054,2,0.0000,2.0000,2,0,双开,B,7310.0000,0.0000,0.0000,0.0000,0.0000,7312.0000,0.0000,0.0000,0.0000,0.0000,6,0,0,0,0,26,0,0,0,0
zc,TA301,2012-06-20 09:05:45.710,7312.0000,162054,0,0.0000,0.0000,0,0,多换,B,7310.0000,0.0000,0.0000,0.0000,0.0000,7312.0000,0.0000,0.0000,0.0000,0.0000,6,0,0,0,0,27,0,0,0,0
zc,TA301,2012-06-20 09:05:46.913,7312.0000,162054,0,0.0000,0.0000,0,0,多换,B,7310.0000,0.0000,0.0000,0.0000,0.0000,7312.0000,0.0000,0.0000,0.0000,0.0000,16,0,0,0,0,28,0,0,0,0
zc,TA301,2012-06-20 09:05:47.430,7312.0000,162056,2,0.0000,10.0000,6,4,多开,B,7310.0000,0.0000,0.0000,0.0000,0.0000,7312.0000,0.0000,0.0000,0.0000,0.0000,16,0,0,0,0,23,0,0,0,0
zc,TA301,2012-06-20 09:05:48.647,7312.0000,162054,-2,0.0000,8.0000,3,5,空平,B,7310.0000,0.0000,0.0000,0.0000,0.0000,7312.0000,0.0000,0.0000,0.0000,0.0000,17,0,0,0,0,29,0,0,0,0
zc,TA301,2012-06-20 09:05:49.197,7310.0000,162042,-12,0.0000,12.0000,0,12,双平,S,7310.0000,0.0000,0.0000,0.0000,0.0000,7312.0000,0.0000,0.0000,0.0000,0.0000,16,0,0,0,0,29,0,0,0,0
zc,TA301,2012-06-20 09:05:49.680,7310.0000,162042,0,0.0000,0.0000,0,0,空换,S,7310.0000,0.0000,0.0000,0.0000,0.0000,7312.0000,0.0000,0.0000,0.0000,0.0000,17,0,0,0,0,29,0,0,0,0
zc,TA301,2012-06-20 09:05:50.930,7310.0000,162042,0,0.0000,4.0000,2,2,空换,S,7310.0000,0.0000,0.0000,0.0000,0.0000,7312.0000,0.0000,0.0000,0.0000,0.0000,16,0,0,0,0,29,0,0,0,0
zc,TA301,2012-06-20 09:05:51.430,7310.0000,162042,0,0.0000,0.0000,0,0,空换,S,7310.0000,0.0000,0.0000,0.0000,0.0000,7312.0000,0.0000,0.0000,0.0000,0.0000,24,0,0,0,0,29,0,0,0,0
zc,TA301,2012-06-20 09:05:52.383,7310.0000,162040,-2,0.0000,2.0000,0,2,双平,S,7310.0000,0.0000,0.0000,0.0000,0.0000,7312.0000,0.0000,0.0000,0.0000,0.0000,28,0,0,0,0,29,0,0,0,0
zc,TA301,2012-06-20 09:05:53.163,7310.0000,162040,0,0.0000,0.0000,0,0,空换,S,7310.0000,0.0000,0.0000,0.0000,0.0000,7312.0000,0.0000,0.0000,0.0000,0.0000,28,0,0,0,0,34,0,0,0,0
zc,TA301,2012-06-20 09:05:54.147,7310.0000,162038,-2,0.0000,2.0000,0,2,双平,S,7310.0000,0.0000,0.0000,0.0000,0.0000,7312.0000,0.0000,0.0000,0.0000,0.0000,27,0,0,0,0,34,0,0,0,0
zc,TA301,2012-06-20 09:05:54.897,7310.0000,162038,0,0.0000,0.0000,0,0,空换,S,7310.0000,0.0000,0.0000,0.0000,0.0000,7312.0000,0.0000,0.0000,0.0000,0.0000,34,0,0,0,0,34,0,0,0,0
zc,TA301,2012-06-20 09:05:55.397,7310.0000,162038,0,0.0000,0.0000,0,0,空换,S,7310.0000,0.0000,0.0000,0.0000,0.0000,7312.0000,0.0000,0.0000,0.0000,0.0000,35,0,0,0,0,34,0,0,0,0
zc,TA301,2012-06-20 09:05:56.133,7312.0000,162038,0,0.0000,8.0000,4,4,多换,B,7310.0000,0.0000,0.0000,0.0000,0.0000,7312.0000,0.0000,0.0000,0.0000,0.0000,35,0,0,0,0,30,0,0,0,0
zc,TA301,2012-06-20 09:05:56.413,7312.0000,162038,0,0.0000,0.0000,0,0,多换,B,7310.0000,0.0000,0.0000,0.0000,0.0000,7312.0000,0.0000,0.0000,0.0000,0.0000,35,0,0,0,0,31,0,0,0,0
zc,TA301,2012-06-20 09:05:57.867,7312.0000,162028,-10,0.0000,34.0000,12,22,空平,B,7310.0000,0.0000,0.0000,0.0000,0.0000,7312.0000,0.0000,0.0000,0.0000,0.0000,41,0,0,0,0,14,0,0,0,0
zc,TA301,2012-06-20 09:05:58.430,7312.0000,162028,0,0.0000,28.0000,14,14,多换,B,7310.0000,0.0000,0.0000,0.0000,0.0000,7314.0000,0.0000,0.0000,0.0000,0.0000,37,0,0,0,0,59,0,0,0,0
zc,TA301,2012-06-20 09:05:58.913,7312.0000,162028,0,0.0000,0.0000,0,0,多换,B,7312.0000,0.0000,0.0000,0.0000,0.0000,7314.0000,0.0000,0.0000,0.0000,0.0000,3,0,0,0,0,59,0,0,0,0
zc,TA301,2012-06-20 09:06:00.147,7312.0000,162028,0,0.0000,0.0000,0,0,多换,B,7312.0000,0.0000,0.0000,0.0000,0.0000,7314.0000,0.0000,0.0000,0.0000,0.0000,3,0,0,0,0,69,0,0,0,0
zc,TA301,2012-06-20 09:06:00.663,7312.0000,162028,0,0.0000,4.0000,2,2,多换,B,7312.0000,0.0000,0.0000,0.0000,0.0000,7314.0000,0.0000,0.0000,0.0000,0.0000,1,0,0,0,0,69,0,0,0,0
zc,TA301,2012-06-20 09:06:03.647,7310.0000,162030,2,0.0000,24.0000,13,11,空开,S,7310.0000,0.0000,0.0000,0.0000,0.0000,7314.0000,0.0000,0.0000,0.0000,0.0000,27,0,0,0,0,69,0,0,0,0
zc,TA301,2012-06-20 09:06:04.197,7310.0000,162030,0,0.0000,0.0000,0,0,空换,S,7312.0000,0.0000,0.0000,0.0000,0.0000,7314.0000,0.0000,0.0000,0.0000,0.0000,9,0,0,0,0,69,0,0,0,0
zc,TA301,2012-06-20 09:06:04.647,7312.0000,162030,0,0.0000,8.0000,4,4,多换,B,7312.0000,0.0000,0.0000,0.0000,0.0000,7314.0000,0.0000,0.0000,0.0000,0.0000,6,0,0,0,0,69,0,0,0,0
zc,TA301,2012-06-20 09:06:05.430,7312.0000,162030,0,0.0000,12.0000,6,6,多换,B,7310.0000,0.0000,0.0000,0.0000,0.0000,7312.0000,0.0000,0.0000,0.0000,0.0000,27,0,0,0,0,14,0,0,0,0
zc,TA301,2012-06-20 09:06:06.663,7312.0000,162030,0,0.0000,0.0000,0,0,多换,B,7310.0000,0.0000,0.0000,0.0000,0.0000,7312.0000,0.0000,0.0000,0.0000,0.0000,27,0,0,0,0,23,0,0,0,0
zc,TA301,2012-06-20 09:06:07.133,7312.0000,162030,0,0.0000,0.0000,0,0,多换,B,7310.0000,0.0000,0.0000,0.0000,0.0000,7312.0000,0.0000,0.0000,0.0000,0.0000,27,0,0,0,0,28,0,0,0,0
zc,TA301,2012-06-20 09:06:07.710,7312.0000,162030,0,0.0000,2.0000,1,1,多换,B,7310.0000,0.0000,0.0000,0.0000,0.0000,7312.0000,0.0000,0.0000,0.0000,0.0000,24,0,0,0,0,28,0,0,0,0
zc,TA301,2012-06-20 09:06:08.430,7312.0000,161986,-44,0.0000,56.0000,6,50,空平,B,7310.0000,0.0000,0.0000,0.0000,0.0000,7312.0000,0.0000,0.0000,0.0000,0.0000,24,0,0,0,0,1,0,0,0,0
zc,TA301,2012-06-20 09:06:09.197,7312.0000,161986,0,0.0000,0.0000,0,0,多换,B,7310.0000,0.0000,0.0000,0.0000,0.0000,7312.0000,0.0000,0.0000,0.0000,0.0000,24,0,0,0,0,27,0,0,0,0
zc,TA301,2012-06-20 09:06:09.680,7312.0000,161986,0,0.0000,0.0000,0,0,多换,B,7310.0000,0.0000,0.0000,0.0000,0.0000,7312.0000,0.0000,0.0000,0.0000,0.0000,24,0,0,0,0,30,0,0,0,0
