市场代码,合约代码,时间,最新,持仓,增仓,成交额,成交量,开仓,平仓,成交类型,方向,买一价,买二价,买三价,买四价,买五价,卖一价,卖二价,卖三价,卖四价,卖五价,买一量,买二量,买三量,买四量,买五量,卖一量,卖二量,卖三量,卖四量,卖五量
zc,TA209,2012-06-20 07:55:56.600,0.0000,404910,0,0.0000,0.0000,0,0,空换,S,0.0000,0.0000,0.0000,0.0000,0.0000,0.0000,0.0000,0.0000,0.0000,0.0000,0,0,0,0,0,0,0,0,0,0
zc,TA209,2012-06-20 08:35:57.803,0.0000,404910,0,0.0000,0.0000,0,0,空换,S,0.0000,0.0000,0.0000,0.0000,0.0000,0.0000,0.0000,0.0000,0.0000,0.0000,0,0,0,0,0,0,0,0,0,0
zc,TA209,2012-06-20 08:40:57.837,0.0000,404910,0,0.0000,0.0000,0,0,空换,S,0.0000,0.0000,0.0000,0.0000,0.0000,0.0000,0.0000,0.0000,0.0000,0.0000,0,0,0,0,0,0,0,0,0,0
zc,TA209,2012-06-20 08:42:57.837,0.0000,404910,0,0.0000,0.0000,0,0,空换,S,0.0000,0.0000,0.0000,0.0000,0.0000,0.0000,0.0000,0.0000,0.0000,0.0000,0,0,0,0,0,0,0,0,0,0
zc,TA209,2012-06-20 08:55:00.850,0.0000,404910,0,0.0000,0.0000,0,0,空换,S,0.0000,0.0000,0.0000,0.0000,0.0000,0.0000,0.0000,0.0000,0.0000,0.0000,0,0,0,0,0,0,0,0,0,0
zc,TA209,2012-06-20 08:55:01.600,0.0000,404910,0,0.0000,0.0000,0,0,空换,S,0.0000,0.0000,0.0000,0.0000,0.0000,0.0000,0.0000,0.0000,0.0000,0.0000,0,0,0,0,0,0,0,0,0,0
zc,TA209,2012-06-20 08:55:17.820,0.0000,404910,0,0.0000,0.0000,0,0,空换,S,0.0000,0.0000,0.0000,0.0000,0.0000,0.0000,0.0000,0.0000,0.0000,0.0000,0,0,0,0,0,0,0,0,0,0
zc,TA209,2012-06-20 08:55:19.570,0.0000,404910,0,0.0000,0.0000,0,0,空换,S,0.0000,0.0000,0.0000,0.0000,0.0000,0.0000,0.0000,0.0000,0.0000,0.0000,0,0,0,0,0,0,0,0,0,0
zc,TA209,2012-06-20 08:55:25.320,0.0000,404910,0,0.0000,0.0000,0,0,空换,S,0.0000,0.0000,0.0000,0.0000,0.0000,0.0000,0.0000,0.0000,0.0000,0.0000,0,0,0,0,0,0,0,0,0,0
zc,TA209,2012-06-20 08:55:40.570,0.0000,404910,0,0.0000,0.0000,0,0,空换,S,0.0000,0.0000,0.0000,0.0000,0.0000,0.0000,0.0000,0.0000,0.0000,0.0000,0,0,0,0,0,0,0,0,0,0
zc,TA209,2012-06-20 08:55:54.337,0.0000,404910,0,0.0000,0.0000,0,0,空换,S,0.0000,0.0000,0.0000,0.0000,0.0000,0.0000,0.0000,0.0000,0.0000,0.0000,0,0,0,0,0,0,0,0,0,0
zc,TA209,2012-06-20 08:56:02.070,0.0000,404910,0,0.0000,0.0000,0,0,空换,S,0.0000,0.0000,0.0000,0.0000,0.0000,0.0000,0.0000,0.0000,0.0000,0.0000,0,0,0,0,0,0,0,0,0,0
zc,TA209,2012-06-20 08:56:06.570,0.0000,404910,0,0.0000,0.0000,0,0,空换,S,0.0000,0.0000,0.0000,0.0000,0.0000,0.0000,0.0000,0.0000,0.0000,0.0000,0,0,0,0,0,0,0,0,0,0
zc,TA209,2012-06-20 08:56:19.820,0.0000,404910,0,0.0000,0.0000,0,0,空换,S,0.0000,0.0000,0.0000,0.0000,0.0000,0.0000,0.0000,0.0000,0.0000,0.0000,0,0,0,0,0,0,0,0,0,0
zc,TA209,2012-06-20 08:56:20.337,0.0000,404910,0,0.0000,0.0000,0,0,空换,S,0.0000,0.0000,0.0000,0.0000,0.0000,0.0000,0.0000,0.0000,0.0000,0.0000,0,0,0,0,0,0,0,0,0,0
zc,TA209,2012-06-20 08:56:21.070,0.0000,404910,0,0.0000,0.0000,0,0,空换,S,0.0000,0.0000,0.0000,0.0000,0.0000,0.0000,0.0000,0.0000,0.0000,0.0000,0,0,0,0,0,0,0,0,0,0
zc,TA209,2012-06-20 08:56:23.337,0.0000,404910,0,0.0000,0.0000,0,0,空换,S,0.0000,0.0000,0.0000,0.0000,0.0000,0.0000,0.0000,0.0000,0.0000,0.0000,0,0,0,0,0,0,0,0,0,0
zc,TA209,2012-06-20 08:58:31.820,0.0000,404910,0,0.0000,0.0000,0,0,空换,S,0.0000,0.0000,0.0000,0.0000,0.0000,0.0000,0.0000,0.0000,0.0000,0.0000,0,0,0,0,0,0,0,0,0,0
zc,TA209,2012-06-20 08:58:41.570,0.0000,404910,0,0.0000,0.0000,0,0,空换,S,0.0000,0.0000,0.0000,0.0000,0.0000,0.0000,0.0000,0.0000,0.0000,0.0000,0,0,0,0,0,0,0,0,0,0
zc,TA209,2012-06-20 08:58:53.087,0.0000,404910,0,0.0000,0.0000,0,0,空换,S,0.0000,0.0000,0.0000,0.0000,0.0000,0.0000,0.0000,0.0000,0.0000,0.0000,0,0,0,0,0,0,0,0,0,0
zc,TA209,2012-06-20 08:59:00.290,7334.0000,405460,550,0.0000,2630.0000,1590,1040,多开,B,7334.0000,0.0000,0.0000,0.0000,0.0000,7336.0000,0.0000,0.0000,0.0000,0.0000,166,0,0,0,0,3,0,0,0,0
zc,TA209,2012-06-20 09:00:00.087,7334.0000,405460,0,0.0000,0.0000,0,0,多换,B,7334.0000,0.0000,0.0000,0.0000,0.0000,7336.0000,0.0000,0.0000,0.0000,0.0000,177,0,0,0,0,3,0,0,0,0
zc,TA209,2012-06-20 09:00:00.727,7336.0000,405380,-80,0.0000,438.0000,179,259,空平,B,7338.0000,0.0000,0.0000,0.0000,0.0000,7340.0000,0.0000,0.0000,0.0000,0.0000,1,0,0,0,0,160,0,0,0,0
zc,TA209,2012-06-20 09:00:01.523,7340.0000,405532,152,0.0000,1352.0000,752,600,多开,B,7340.0000,0.0000,0.0000,0.0000,0.0000,7342.0000,0.0000,0.0000,0.0000,0.0000,170,0,0,0,0,123,0,0,0,0
zc,TA209,2012-06-20 09:00:03.243,7340.0000,405144,-388,0.0000,1202.0000,407,795,空平,B,7340.0000,0.0000,0.0000,0.0000,0.0000,7344.0000,0.0000,0.0000,0.0000,0.0000,199,0,0,0,0,77,0,0,0,0
zc,TA209,2012-06-20 09:00:04.743,7344.0000,404926,-218,0.0000,632.0000,207,425,空平,B,7344.0000,0.0000,0.0000,0.0000,0.0000,7346.0000,0.0000,0.0000,0.0000,0.0000,7,0,0,0,0,1,0,0,0,0
zc,TA209,2012-06-20 09:00:05.227,7346.0000,405162,236,0.0000,414.0000,325,89,多开,B,7344.0000,0.0000,0.0000,0.0000,0.0000,7346.0000,0.0000,0.0000,0.0000,0.0000,18,0,0,0,0,51,0,0,0,0
zc,TA209,2012-06-20 09:00:05.960,7348.0000,405326,164,0.0000,364.0000,264,100,多开,B,7346.0000,0.0000,0.0000,0.0000,0.0000,7348.0000,0.0000,0.0000,0.0000,0.0000,28,0,0,0,0,28,0,0,0,0
zc,TA209,2012-06-20 09:00:06.710,7346.0000,405484,158,0.0000,460.0000,309,151,空开,S,7346.0000,0.0000,0.0000,0.0000,0.0000,7348.0000,0.0000,0.0000,0.0000,0.0000,2,0,0,0,0,20,0,0,0,0
zc,TA209,2012-06-20 09:00:07.210,7346.0000,405510,26,0.0000,224.0000,125,99,空开,S,7344.0000,0.0000,0.0000,0.0000,0.0000,7346.0000,0.0000,0.0000,0.0000,0.0000,14,0,0,0,0,134,0,0,0,0
zc,TA209,2012-06-20 09:00:07.710,7344.0000,405358,-152,0.0000,176.0000,12,164,多平,S,7344.0000,0.0000,0.0000,0.0000,0.0000,7346.0000,0.0000,0.0000,0.0000,0.0000,17,0,0,0,0,109,0,0,0,0
zc,TA209,2012-06-20 09:00:08.430,7346.0000,405212,-146,0.0000,292.0000,73,219,空平,B,7346.0000,0.0000,0.0000,0.0000,0.0000,7348.0000,0.0000,0.0000,0.0000,0.0000,30,0,0,0,0,7,0,0,0,0
zc,TA209,2012-06-20 09:00:09.210,7344.0000,405184,-28,0.0000,276.0000,124,152,多平,S,7344.0000,0.0000,0.0000,0.0000,0.0000,7346.0000,0.0000,0.0000,0.0000,0.0000,10,0,0,0,0,12,0,0,0,0
zc,TA209,2012-06-20 09:00:09.710,7344.0000,405178,-6,0.0000,622.0000,308,314,多平,S,7342.0000,0.0000,0.0000,0.0000,0.0000,7344.0000,0.0000,0.0000,0.0000,0.0000,63,0,0,0,0,283,0,0,0,0
zc,TA209,2012-06-20 09:00:10.460,7344.0000,405196,18,0.0000,276.0000,147,129,空开,S,7342.0000,0.0000,0.0000,0.0000,0.0000,7344.0000,0.0000,0.0000,0.0000,0.0000,2,0,0,0,0,259,0,0,0,0
zc,TA209,2012-06-20 09:00:10.710,7342.0000,405154,-42,0.0000,146.0000,52,94,多平,S,7340.0000,0.0000,0.0000,0.0000,0.0000,7342.0000,0.0000,0.0000,0.0000,0.0000,186,0,0,0,0,9,0,0,0,0
zc,TA209,2012-06-20 09:00:11.430,7344.0000,405014,-140,0.0000,212.0000,36,176,空平,B,7340.0000,0.0000,0.0000,0.0000,0.0000,7342.0000,0.0000,0.0000,0.0000,0.0000,160,0,0,0,0,10,0,0,0,0
zc,TA209,2012-06-20 09:00:11.930,7340.0000,405018,4,0.0000,200.0000,102,98,空开,S,7340.0000,0.0000,0.0000,0.0000,0.0000,7342.0000,0.0000,0.0000,0.0000,0.0000,96,0,0,0,0,53,0,0,0,0
zc,TA209,2012-06-20 09:00:12.947,7340.0000,404982,-36,0.0000,306.0000,135,171,多平,S,7338.0000,0.0000,0.0000,0.0000,0.0000,7340.0000,0.0000,0.0000,0.0000,0.0000,271,0,0,0,0,49,0,0,0,0
zc,TA209,2012-06-20 09:00:13.460,7340.0000,404946,-36,0.0000,112.0000,38,74,多平,S,7338.0000,0.0000,0.0000,0.0000,0.0000,7340.0000,0.0000,0.0000,0.0000,0.0000,273,0,0,0,0,38,0,0,0,0
zc,TA209,2012-06-20 09:00:14.197,7340.0000,404842,-104,0.0000,204.0000,50,154,多平,S,7338.0000,0.0000,0.0000,0.0000,0.0000,7340.0000,0.0000,0.0000,0.0000,0.0000,279,0,0,0,0,331,0,0,0,0
zc,TA209,2012-06-20 09:00:14.413,7338.0000,404980,138,0.0000,378.0000,258,120,空开,S,7338.0000,0.0000,0.0000,0.0000,0.0000,7340.0000,0.0000,0.0000,0.0000,0.0000,92,0,0,0,0,462,0,0,0,0
zc,TA209,2012-06-20 09:00:15.163,7340.0000,404924,-56,0.0000,80.0000,12,68,空平,B,7338.0000,0.0000,0.0000,0.0000,0.0000,7340.0000,0.0000,0.0000,0.0000,0.0000,82,0,0,0,0,444,0,0,0,0
zc,TA209,2012-06-20 09:00:15.697,7338.0000,404766,-158,0.0000,262.0000,52,210,多平,S,7338.0000,0.0000,0.0000,0.0000,0.0000,7340.0000,0.0000,0.0000,0.0000,0.0000,33,0,0,0,0,339,0,0,0,0
zc,TA209,2012-06-20 09:00:16.180,7336.0000,404680,-86,0.0000,218.0000,66,152,多平,S,7336.0000,0.0000,0.0000,0.0000,0.0000,7338.0000,0.0000,0.0000,0.0000,0.0000,398,0,0,0,0,110,0,0,0,0
zc,TA209,2012-06-20 09:00:16.647,7338.0000,404670,-10,0.0000,12.0000,1,11,空平,B,7336.0000,0.0000,0.0000,0.0000,0.0000,7338.0000,0.0000,0.0000,0.0000,0.0000,398,0,0,0,0,511,0,0,0,0
zc,TA209,2012-06-20 09:00:17.460,7336.0000,404654,-16,0.0000,106.0000,45,61,多平,S,7336.0000,0.0000,0.0000,0.0000,0.0000,7338.0000,0.0000,0.0000,0.0000,0.0000,349,0,0,0,0,521,0,0,0,0
zc,TA209,2012-06-20 09:00:18.197,7336.0000,404608,-46,0.0000,146.0000,50,96,多平,S,7336.0000,0.0000,0.0000,0.0000,0.0000,7338.0000,0.0000,0.0000,0.0000,0.0000,276,0,0,0,0,461,0,0,0,0
zc,TA209,2012-06-20 09:00:18.397,7336.0000,404574,-34,0.0000,284.0000,125,159,多平,S,7336.0000,0.0000,0.0000,0.0000,0.0000,7338.0000,0.0000,0.0000,0.0000,0.0000,188,0,0,0,0,415,0,0,0,0
zc,TA209,2012-06-20 09:00:19.477,7336.0000,404482,-92,0.0000,338.0000,123,215,多平,S,7336.0000,0.0000,0.0000,0.0000,0.0000,7338.0000,0.0000,0.0000,0.0000,0.0000,104,0,0,0,0,338,0,0,0,0
zc,TA209,2012-06-20 09:00:20.197,7338.0000,404564,82,0.0000,356.0000,219,137,多开,B,7334.0000,0.0000,0.0000,0.0000,0.0000,7338.0000,0.0000,0.0000,0.0000,0.0000,162,0,0,0,0,316,0,0,0,0
zc,TA209,2012-06-20 09:00:20.960,7336.0000,404636,72,0.0000,188.0000,130,58,空开,S,7334.0000,0.0000,0.0000,0.0000,0.0000,7336.0000,0.0000,0.0000,0.0000,0.0000,99,0,0,0,0,6,0,0,0,0
zc,TA209,2012-06-20 09:00:21.710,7336.0000,404544,-92,0.0000,130.0000,19,111,多平,S,7336.0000,0.0000,0.0000,0.0000,0.0000,7338.0000,0.0000,0.0000,0.0000,0.0000,52,0,0,0,0,270,0,0,0,0
zc,TA209,2012-06-20 09:00:22.147,7338.0000,404542,-2,0.0000,4.0000,1,3,空平,B,7336.0000,0.0000,0.0000,0.0000,0.0000,7338.0000,0.0000,0.0000,0.0000,0.0000,52,0,0,0,0,269,0,0,0,0
zc,TA209,2012-06-20 09:00:22.960,7336.0000,404502,-40,0.0000,212.0000,86,126,多平,S,7336.0000,0.0000,0.0000,0.0000,0.0000,7338.0000,0.0000,0.0000,0.0000,0.0000,132,0,0,0,0,209,0,0,0,0
zc,TA209,2012-06-20 09:00:23.710,7336.0000,404494,-8,0.0000,40.0000,16,24,多平,S,7336.0000,0.0000,0.0000,0.0000,0.0000,7338.0000,0.0000,0.0000,0.0000,0.0000,140,0,0,0,0,209,0,0,0,0
zc,TA209,2012-06-20 09:00:24.180,7336.0000,404226,-268,0.0000,540.0000,136,404,多平,S,7336.0000,0.0000,0.0000,0.0000,0.0000,7338.0000,0.0000,0.0000,0.0000,0.0000,3,0,0,0,0,102,0,0,0,0
zc,TA209,2012-06-20 09:00:24.930,7338.0000,404108,-118,0.0000,320.0000,101,219,空平,B,7338.0000,0.0000,0.0000,0.0000,0.0000,7340.0000,0.0000,0.0000,0.0000,0.0000,11,0,0,0,0,456,0,0,0,0
zc,TA209,2012-06-20 09:00:25.710,7338.0000,403648,-460,0.0000,492.0000,16,476,空平,B,7338.0000,0.0000,0.0000,0.0000,0.0000,7340.0000,0.0000,0.0000,0.0000,0.0000,142,0,0,0,0,456,0,0,0,0
zc,TA209,2012-06-20 09:00:26.180,7338.0000,403438,-210,0.0000,340.0000,65,275,空平,B,7336.0000,0.0000,0.0000,0.0000,0.0000,7338.0000,0.0000,0.0000,0.0000,0.0000,93,0,0,0,0,27,0,0,0,0
zc,TA209,2012-06-20 09:00:27.210,7336.0000,403406,-32,0.0000,48.0000,8,40,多平,S,7336.0000,0.0000,0.0000,0.0000,0.0000,7338.0000,0.0000,0.0000,0.0000,0.0000,78,0,0,0,0,125,0,0,0,0
zc,TA209,2012-06-20 09:00:27.710,7338.0000,403518,112,0.0000,232.0000,172,60,多开,B,7336.0000,0.0000,0.0000,0.0000,0.0000,7338.0000,0.0000,0.0000,0.0000,0.0000,77,0,0,0,0,29,0,0,0,0
zc,TA209,2012-06-20 09:00:28.180,7338.0000,403528,10,0.0000,112.0000,61,51,多开,B,7338.0000,0.0000,0.0000,0.0000,0.0000,7340.0000,0.0000,0.0000,0.0000,0.0000,79,0,0,0,0,700,0,0,0,0
zc,TA209,2012-06-20 09:00:28.947,7338.0000,403402,-126,0.0000,270.0000,72,198,空平,B,7336.0000,0.0000,0.0000,0.0000,0.0000,7338.0000,0.0000,0.0000,0.0000,0.0000,21,0,0,0,0,4,0,0,0,0
zc,TA209,2012-06-20 09:00:29.430,7340.0000,403378,-24,0.0000,72.0000,24,48,空平,B,7338.0000,0.0000,0.0000,0.0000,0.0000,7340.0000,0.0000,0.0000,0.0000,0.0000,7,0,0,0,0,696,0,0,0,0
zc,TA209,2012-06-20 09:00:30.197,7338.0000,403376,-2,0.0000,48.0000,23,25,多平,S,7336.0000,0.0000,0.0000,0.0000,0.0000,7338.0000,0.0000,0.0000,0.0000,0.0000,45,0,0,0,0,43,0,0,0,0
zc,TA209,2012-06-20 09:00:30.897,7338.0000,403382,6,0.0000,32.0000,19,13,空开,S,7336.0000,0.0000,0.0000,0.0000,0.0000,7338.0000,0.0000,0.0000,0.0000,0.0000,41,0,0,0,0,44,0,0,0,0
zc,TA209,2012-06-20 09:00:31.680,7336.0000,403330,-52,0.0000,158.0000,53,105,多平,S,7334.0000,0.0000,0.0000,0.0000,0.0000,7336.0000,0.0000,0.0000,0.0000,0.0000,51,0,0,0,0,69,0,0,0,0
zc,TA209,2012-06-20 09:00:32.413,7334.0000,403312,-18,0.0000,212.0000,97,115,多平,S,7332.0000,0.0000,0.0000,0.0000,0.0000,7334.0000,0.0000,0.0000,0.0000,0.0000,67,0,0,0,0,4,0,0,0,0
zc,TA209,2012-06-20 09:00:32.947,7334.0000,403330,18,0.0000,28.0000,23,5,空开,S,7332.0000,0.0000,0.0000,0.0000,0.0000,7334.0000,0.0000,0.0000,0.0000,0.0000,60,0,0,0,0,7,0,0,0,0
zc,TA209,2012-06-20 09:00:33.697,7338.0000,403376,46,0.0000,100.0000,73,27,多开,B,7336.0000,0.0000,0.0000,0.0000,0.0000,7338.0000,0.0000,0.0000,0.0000,0.0000,8,0,0,0,0,61,0,0,0,0
zc,TA209,2012-06-20 09:00:34.447,7332.0000,403350,-26,0.0000,74.0000,24,50,多平,S,7332.0000,0.0000,0.0000,0.0000,0.0000,7334.0000,0.0000,0.0000,0.0000,0.0000,19,0,0,0,0,6,0,0,0,0
zc,TA209,2012-06-20 09:00:34.913,7332.0000,403360,10,0.0000,46.0000,28,18,空开,S,7330.0000,0.0000,0.0000,0.0000,0.0000,7332.0000,0.0000,0.0000,0.0000,0.0000,140,0,0,0,0,42,0,0,0,0
zc,TA209,2012-06-20 09:00:35.710,7334.0000,403396,36,0.0000,364.0000,200,164,多开,B,7330.0000,0.0000,0.0000,0.0000,0.0000,7334.0000,0.0000,0.0000,0.0000,0.0000,81,0,0,0,0,8,0,0,0,0
zc,TA209,2012-06-20 09:00:36.197,7332.0000,403316,-80,0.0000,268.0000,94,174,多平,S,7328.0000,0.0000,0.0000,0.0000,0.0000,7332.0000,0.0000,0.0000,0.0000,0.0000,11,0,0,0,0,6,0,0,0,0
zc,TA209,2012-06-20 09:00:36.913,7330.0000,403710,394,0.0000,774.0000,584,190,空开,S,7326.0000,0.0000,0.0000,0.0000,0.0000,7330.0000,0.0000,0.0000,0.0000,0.0000,82,0,0,0,0,4,0,0,0,0
zc,TA209,2012-06-20 09:00:37.413,7326.0000,403594,-116,0.0000,150.0000,17,133,多平,S,7326.0000,0.0000,0.0000,0.0000,0.0000,7334.0000,0.0000,0.0000,0.0000,0.0000,65,0,0,0,0,1,0,0,0,0
zc,TA209,2012-06-20 09:00:38.197,7326.0000,403582,-12,0.0000,22.0000,5,17,多平,S,7326.0000,0.0000,0.0000,0.0000,0.0000,7330.0000,0.0000,0.0000,0.0000,0.0000,97,0,0,0,0,5,0,0,0,0
zc,TA209,2012-06-20 09:00:38.680,7326.0000,403552,-30,0.0000,70.0000,20,50,多平,S,7326.0000,0.0000,0.0000,0.0000,0.0000,7328.0000,0.0000,0.0000,0.0000,0.0000,80,0,0,0,0,22,0,0,0,0
zc,TA209,2012-06-20 09:00:39.430,7328.0000,403498,-54,0.0000,184.0000,65,119,空平,B,7328.0000,0.0000,0.0000,0.0000,0.0000,7330.0000,0.0000,0.0000,0.0000,0.0000,58,0,0,0,0,4,0,0,0,0
zc,TA209,2012-06-20 09:00:40.680,7328.0000,403504,6,0.0000,248.0000,127,121,多开,B,7328.0000,0.0000,0.0000,0.0000,0.0000,7330.0000,0.0000,0.0000,0.0000,0.0000,99,0,0,0,0,22,0,0,0,0
zc,TA209,2012-06-20 09:00:41.447,7330.0000,403490,-14,0.0000,336.0000,161,175,空平,B,7330.0000,0.0000,0.0000,0.0000,0.0000,7332.0000,0.0000,0.0000,0.0000,0.0000,4,0,0,0,0,9,0,0,0,0
zc,TA209,2012-06-20 09:00:42.197,7330.0000,403430,-60,0.0000,142.0000,41,101,空平,B,7328.0000,0.0000,0.0000,0.0000,0.0000,7330.0000,0.0000,0.0000,0.0000,0.0000,1,0,0,0,0,4,0,0,0,0
zc,TA209,2012-06-20 09:00:42.930,7328.0000,403376,-54,0.0000,70.0000,8,62,多平,S,7326.0000,0.0000,0.0000,0.0000,0.0000,7328.0000,0.0000,0.0000,0.0000,0.0000,104,0,0,0,0,9,0,0,0,0
zc,TA209,2012-06-20 09:00:43.697,7326.0000,403442,66,0.0000,234.0000,150,84,空开,S,7324.0000,0.0000,0.0000,0.0000,0.0000,7326.0000,0.0000,0.0000,0.0000,0.0000,12,0,0,0,0,498,0,0,0,0
zc,TA209,2012-06-20 09:00:44.117,7326.0000,403460,18,0.0000,70.0000,44,26,空开,S,7324.0000,0.0000,0.0000,0.0000,0.0000,7326.0000,0.0000,0.0000,0.0000,0.0000,20,0,0,0,0,471,0,0,0,0
zc,TA209,2012-06-20 09:00:44.960,7324.0000,403464,4,0.0000,134.0000,69,65,空开,S,7322.0000,0.0000,0.0000,0.0000,0.0000,7324.0000,0.0000,0.0000,0.0000,0.0000,37,0,0,0,0,91,0,0,0,0
zc,TA209,2012-06-20 09:00:45.697,7324.0000,403470,6,0.0000,30.0000,18,12,空开,S,7322.0000,0.0000,0.0000,0.0000,0.0000,7324.0000,0.0000,0.0000,0.0000,0.0000,46,0,0,0,0,80,0,0,0,0
zc,TA209,2012-06-20 09:00:46.397,7322.0000,403494,24,0.0000,46.0000,35,11,空开,S,7322.0000,0.0000,0.0000,0.0000,0.0000,7324.0000,0.0000,0.0000,0.0000,0.0000,32,0,0,0,0,90,0,0,0,0
zc,TA209,2012-06-20 09:00:47.147,7322.0000,403512,18,0.0000,76.0000,47,29,空开,S,7322.0000,0.0000,0.0000,0.0000,0.0000,7324.0000,0.0000,0.0000,0.0000,0.0000,4,0,0,0,0,80,0,0,0,0
zc,TA209,2012-06-20 09:00:47.430,7324.0000,403484,-28,0.0000,164.0000,68,96,空平,B,7322.0000,0.0000,0.0000,0.0000,0.0000,7324.0000,0.0000,0.0000,0.0000,0.0000,43,0,0,0,0,47,0,0,0,0
zc,TA209,2012-06-20 09:00:48.147,7322.0000,403466,-18,0.0000,68.0000,25,43,多平,S,7322.0000,0.0000,0.0000,0.0000,0.0000,7324.0000,0.0000,0.0000,0.0000,0.0000,12,0,0,0,0,40,0,0,0,0
zc,TA209,2012-06-20 09:00:48.710,7324.0000,403544,78,0.0000,108.0000,93,15,多开,B,7324.0000,0.0000,0.0000,0.0000,0.0000,7326.0000,0.0000,0.0000,0.0000,0.0000,42,0,0,0,0,484,0,0,0,0
zc,TA209,2012-06-20 09:00:49.180,7324.0000,403566,22,0.0000,24.0000,23,1,多开,B,7324.0000,0.0000,0.0000,0.0000,0.0000,7326.0000,0.0000,0.0000,0.0000,0.0000,36,0,0,0,0,483,0,0,0,0
zc,TA209,2012-06-20 09:00:50.243,7324.0000,403656,90,0.0000,264.0000,177,87,多开,B,7320.0000,0.0000,0.0000,0.0000,0.0000,7324.0000,0.0000,0.0000,0.0000,0.0000,164,0,0,0,0,104,0,0,0,0
zc,TA209,2012-06-20 09:00:50.883,7320.0000,403662,6,0.0000,96.0000,51,45,空开,S,7320.0000,0.0000,0.0000,0.0000,0.0000,7322.0000,0.0000,0.0000,0.0000,0.0000,159,0,0,0,0,5,0,0,0,0
zc,TA209,2012-06-20 09:00:51.413,7320.0000,403742,80,0.0000,110.0000,95,15,空开,S,7320.0000,0.0000,0.0000,0.0000,0.0000,7322.0000,0.0000,0.0000,0.0000,0.0000,202,0,0,0,0,12,0,0,0,0
zc,TA209,2012-06-20 09:00:51.930,7326.0000,404290,548,0.0000,634.0000,591,43,多开,B,7322.0000,0.0000,0.0000,0.0000,0.0000,7326.0000,0.0000,0.0000,0.0000,0.0000,1,0,0,0,0,276,0,0,0,0
zc,TA209,2012-06-20 09:00:52.633,7326.0000,404294,4,0.0000,36.0000,20,16,多开,B,7322.0000,0.0000,0.0000,0.0000,0.0000,7324.0000,0.0000,0.0000,0.0000,0.0000,68,0,0,0,0,48,0,0,0,0
zc,TA209,2012-06-20 09:00:53.413,7322.0000,404290,-4,0.0000,34.0000,15,19,多平,S,7322.0000,0.0000,0.0000,0.0000,0.0000,7324.0000,0.0000,0.0000,0.0000,0.0000,73,0,0,0,0,58,0,0,0,0
zc,TA209,2012-06-20 09:00:54.180,7324.0000,404260,-30,0.0000,160.0000,65,95,空平,B,7322.0000,0.0000,0.0000,0.0000,0.0000,7324.0000,0.0000,0.0000,0.0000,0.0000,19,0,0,0,0,41,0,0,0,0
zc,TA209,2012-06-20 09:00:54.697,7322.0000,404228,-32,0.0000,138.0000,53,85,多平,S,7322.0000,0.0000,0.0000,0.0000,0.0000,7324.0000,0.0000,0.0000,0.0000,0.0000,43,0,0,0,0,23,0,0,0,0
zc,TA209,2012-06-20 09:00:55.413,7322.0000,404236,8,0.0000,168.0000,88,80,空开,S,7320.0000,0.0000,0.0000,0.0000,0.0000,7322.0000,0.0000,0.0000,0.0000,0.0000,148,0,0,0,0,25,0,0,0,0
zc,TA209,2012-06-20 09:00:55.913,7322.0000,404262,26,0.0000,70.0000,48,22,空开,S,7320.0000,0.0000,0.0000,0.0000,0.0000,7322.0000,0.0000,0.0000,0.0000,0.0000,143,0,0,0,0,5,0,0,0,0
zc,TA209,2012-06-20 09:00:56.697,7324.0000,404252,-10,0.0000,30.0000,10,20,空平,B,7322.0000,0.0000,0.0000,0.0000,0.0000,7324.0000,0.0000,0.0000,0.0000,0.0000,27,0,0,0,0,21,0,0,0,0
zc,TA209,2012-06-20 09:00:57.180,7322.0000,404276,24,0.0000,84.0000,54,30,空开,S,7320.0000,0.0000,0.0000,0.0000,0.0000,7322.0000,0.0000,0.0000,0.0000,0.0000,148,0,0,0,0,67,0,0,0,0
zc,TA209,2012-06-20 09:00:57.960,7320.0000,404290,14,0.0000,68.0000,41,27,空开,S,7320.0000,0.0000,0.0000,0.0000,0.0000,7322.0000,0.0000,0.0000,0.0000,0.0000,178,0,0,0,0,66,0,0,0,0
zc,TA209,2012-06-20 09:00:58.680,7326.0000,404448,158,0.0000,278.0000,218,60,多开,B,7324.0000,0.0000,0.0000,0.0000,0.0000,7326.0000,0.0000,0.0000,0.0000,0.0000,22,0,0,0,0,314,0,0,0,0
zc,TA209,2012-06-20 09:00:59.413,7324.0000,404478,30,0.0000,40.0000,35,5,空开,S,7324.0000,0.0000,0.0000,0.0000,0.0000,7326.0000,0.0000,0.0000,0.0000,0.0000,59,0,0,0,0,319,0,0,0,0
zc,TA209,2012-06-20 09:00:59.897,7324.0000,404472,-6,0.0000,134.0000,64,70,多平,S,7324.0000,0.0000,0.0000,0.0000,0.0000,7326.0000,0.0000,0.0000,0.0000,0.0000,96,0,0,0,0,514,0,0,0,0
zc,TA209,2012-06-20 09:01:00.413,7326.0000,404474,2,0.0000,128.0000,65,63,多开,B,7324.0000,0.0000,0.0000,0.0000,0.0000,7326.0000,0.0000,0.0000,0.0000,0.0000,87,0,0,0,0,510,0,0,0,0
zc,TA209,2012-06-20 09:01:01.163,7326.0000,404446,-28,0.0000,92.0000,32,60,空平,B,7324.0000,0.0000,0.0000,0.0000,0.0000,7326.0000,0.0000,0.0000,0.0000,0.0000,101,0,0,0,0,524,0,0,0,0
zc,TA209,2012-06-20 09:01:01.897,7326.0000,404524,78,0.0000,350.0000,214,136,多开,B,7324.0000,0.0000,0.0000,0.0000,0.0000,7326.0000,0.0000,0.0000,0.0000,0.0000,66,0,0,0,0,459,0,0,0,0
zc,TA209,2012-06-20 09:01:02.697,7326.0000,404634,110,0.0000,114.0000,112,2,多开,B,7324.0000,0.0000,0.0000,0.0000,0.0000,7326.0000,0.0000,0.0000,0.0000,0.0000,73,0,0,0,0,406,0,0,0,0
zc,TA209,2012-06-20 09:01:03.133,7324.0000,404708,74,0.0000,240.0000,157,83,空开,S,7322.0000,0.0000,0.0000,0.0000,0.0000,7324.0000,0.0000,0.0000,0.0000,0.0000,88,0,0,0,0,61,0,0,0,0
zc,TA209,2012-06-20 09:01:03.947,7326.0000,404766,58,0.0000,178.0000,118,60,多开,B,7322.0000,0.0000,0.0000,0.0000,0.0000,7326.0000,0.0000,0.0000,0.0000,0.0000,89,0,0,0,0,371,0,0,0,0
zc,TA209,2012-06-20 09:01:04.680,7326.0000,404794,28,0.0000,104.0000,66,38,多开,B,7324.0000,0.0000,0.0000,0.0000,0.0000,7326.0000,0.0000,0.0000,0.0000,0.0000,3,0,0,0,0,322,0,0,0,0
zc,TA209,2012-06-20 09:01:05.447,7324.0000,404928,134,0.0000,412.0000,273,139,空开,S,7322.0000,0.0000,0.0000,0.0000,0.0000,7324.0000,0.0000,0.0000,0.0000,0.0000,147,0,0,0,0,75,0,0,0,0
zc,TA209,2012-06-20 09:01:05.913,7324.0000,404864,-64,0.0000,158.0000,47,111,多平,S,7322.0000,0.0000,0.0000,0.0000,0.0000,7324.0000,0.0000,0.0000,0.0000,0.0000,140,0,0,0,0,30,0,0,0,0
zc,TA209,2012-06-20 09:01:06.447,7322.0000,404868,4,0.0000,10.0000,7,3,空开,S,7322.0000,0.0000,0.0000,0.0000,0.0000,7324.0000,0.0000,0.0000,0.0000,0.0000,136,0,0,0,0,58,0,0,0,0
zc,TA209,2012-06-20 09:01:07.147,7324.0000,404686,-182,0.0000,232.0000,25,207,空平,B,7322.0000,0.0000,0.0000,0.0000,0.0000,7324.0000,0.0000,0.0000,0.0000,0.0000,148,0,0,0,0,10,0,0,0,0
zc,TA209,2012-06-20 09:01:07.663,7322.0000,404684,-2,0.0000,24.0000,11,13,多平,S,7322.0000,0.0000,0.0000,0.0000,0.0000,7324.0000,0.0000,0.0000,0.0000,0.0000,197,0,0,0,0,5,0,0,0,0
zc,TA209,2012-06-20 09:01:08.383,7324.0000,404628,-56,0.0000,206.0000,75,131,空平,B,7322.0000,0.0000,0.0000,0.0000,0.0000,7326.0000,0.0000,0.0000,0.0000,0.0000,111,0,0,0,0,301,0,0,0,0
zc,TA209,2012-06-20 09:01:08.930,7322.0000,404654,26,0.0000,32.0000,29,3,空开,S,7324.0000,0.0000,0.0000,0.0000,0.0000,7326.0000,0.0000,0.0000,0.0000,0.0000,112,0,0,0,0,306,0,0,0,0
zc,TA209,2012-06-20 09:01:09.617,7324.0000,404680,26,0.0000,44.0000,35,9,多开,B,7324.0000,0.0000,0.0000,0.0000,0.0000,7326.0000,0.0000,0.0000,0.0000,0.0000,107,0,0,0,0,295,0,0,0,0
zc,TA209,2012-06-20 09:01:10.447,7324.0000,404908,228,0.0000,616.0000,422,194,多开,B,7324.0000,0.0000,0.0000,0.0000,0.0000,7326.0000,0.0000,0.0000,0.0000,0.0000,154,0,0,0,0,8,0,0,0,0
zc,TA209,2012-06-20 09:01:11.147,7328.0000,404686,-222,0.0000,486.0000,132,354,空平,B,7328.0000,0.0000,0.0000,0.0000,0.0000,7330.0000,0.0000,0.0000,0.0000,0.0000,274,0,0,0,0,1557,0,0,0,0
zc,TA209,2012-06-20 09:01:11.633,7328.0000,404664,-22,0.0000,42.0000,10,32,空平,B,7328.0000,0.0000,0.0000,0.0000,0.0000,7330.0000,0.0000,0.0000,0.0000,0.0000,254,0,0,0,0,1551,0,0,0,0
zc,TA209,2012-06-20 09:01:12.477,7328.0000,404656,-8,0.0000,34.0000,13,21,空平,B,7328.0000,0.0000,0.0000,0.0000,0.0000,7330.0000,0.0000,0.0000,0.0000,0.0000,241,0,0,0,0,1534,0,0,0,0
zc,TA209,2012-06-20 09:01:12.947,7328.0000,404708,52,0.0000,300.0000,176,124,多开,B,7328.0000,0.0000,0.0000,0.0000,0.0000,7330.0000,0.0000,0.0000,0.0000,0.0000,121,0,0,0,0,1512,0,0,0,0
zc,TA209,2012-06-20 09:01:13.663,7330.0000,404638,-70,0.0000,120.0000,25,95,空平,B,7328.0000,0.0000,0.0000,0.0000,0.0000,7330.0000,0.0000,0.0000,0.0000,0.0000,74,0,0,0,0,1492,0,0,0,0
zc,TA209,2012-06-20 09:01:14.367,7330.0000,404580,-58,0.0000,76.0000,9,67,空平,B,7328.0000,0.0000,0.0000,0.0000,0.0000,7330.0000,0.0000,0.0000,0.0000,0.0000,43,0,0,0,0,1483,0,0,0,0
zc,TA209,2012-06-20 09:01:15.163,7328.0000,404978,398,0.0000,622.0000,510,112,空开,S,7326.0000,0.0000,0.0000,0.0000,0.0000,7328.0000,0.0000,0.0000,0.0000,0.0000,2,0,0,0,0,13,0,0,0,0
zc,TA209,2012-06-20 09:01:15.633,7328.0000,404974,-4,0.0000,20.0000,8,12,多平,S,7324.0000,0.0000,0.0000,0.0000,0.0000,7328.0000,0.0000,0.0000,0.0000,0.0000,84,0,0,0,0,47,0,0,0,0
zc,TA209,2012-06-20 09:01:16.413,7328.0000,404974,0,0.0000,12.0000,6,6,空换,S,7326.0000,0.0000,0.0000,0.0000,0.0000,7328.0000,0.0000,0.0000,0.0000,0.0000,6,0,0,0,0,148,0,0,0,0
zc,TA209,2012-06-20 09:01:16.913,7328.0000,404968,-6,0.0000,308.0000,151,157,多平,S,7326.0000,0.0000,0.0000,0.0000,0.0000,7328.0000,0.0000,0.0000,0.0000,0.0000,15,0,0,0,0,154,0,0,0,0
zc,TA209,2012-06-20 09:01:17.647,7328.0000,404924,-44,0.0000,70.0000,13,57,多平,S,7326.0000,0.0000,0.0000,0.0000,0.0000,7328.0000,0.0000,0.0000,0.0000,0.0000,16,0,0,0,0,122,0,0,0,0
zc,TA209,2012-06-20 09:01:17.930,7328.0000,404920,-4,0.0000,14.0000,5,9,多平,S,7326.0000,0.0000,0.0000,0.0000,0.0000,7328.0000,0.0000,0.0000,0.0000,0.0000,20,0,0,0,0,126,0,0,0,0
zc,TA209,2012-06-20 09:01:18.930,7328.0000,404950,30,0.0000,288.0000,159,129,空开,S,7328.0000,0.0000,0.0000,0.0000,0.0000,7330.0000,0.0000,0.0000,0.0000,0.0000,112,0,0,0,0,1465,0,0,0,0
zc,TA209,2012-06-20 09:01:19.413,7330.0000,405024,74,0.0000,248.0000,161,87,多开,B,7328.0000,0.0000,0.0000,0.0000,0.0000,7330.0000,0.0000,0.0000,0.0000,0.0000,1,0,0,0,0,1457,0,0,0,0
zc,TA209,2012-06-20 09:01:19.897,7328.0000,404972,-52,0.0000,80.0000,14,66,多平,S,7326.0000,0.0000,0.0000,0.0000,0.0000,7328.0000,0.0000,0.0000,0.0000,0.0000,43,0,0,0,0,17,0,0,0,0
zc,TA209,2012-06-20 09:01:20.413,7328.0000,404946,-26,0.0000,54.0000,14,40,多平,S,7328.0000,0.0000,0.0000,0.0000,0.0000,7330.0000,0.0000,0.0000,0.0000,0.0000,1,0,0,0,0,1456,0,0,0,0
zc,TA209,2012-06-20 09:01:21.180,7330.0000,405022,76,0.0000,252.0000,164,88,多开,B,7326.0000,0.0000,0.0000,0.0000,0.0000,7330.0000,0.0000,0.0000,0.0000,0.0000,29,0,0,0,0,1314,0,0,0,0
zc,TA209,2012-06-20 09:01:21.897,7328.0000,405090,68,0.0000,242.0000,155,87,空开,S,7328.0000,0.0000,0.0000,0.0000,0.0000,7330.0000,0.0000,0.0000,0.0000,0.0000,7,0,0,0,0,1224,0,0,0,0
zc,TA209,2012-06-20 09:01:22.680,7330.0000,405210,120,0.0000,190.0000,155,35,多开,B,7326.0000,0.0000,0.0000,0.0000,0.0000,7330.0000,0.0000,0.0000,0.0000,0.0000,16,0,0,0,0,1199,0,0,0,0
zc,TA209,2012-06-20 09:01:23.163,7328.0000,405248,38,0.0000,42.0000,40,2,空开,S,7328.0000,0.0000,0.0000,0.0000,0.0000,7330.0000,0.0000,0.0000,0.0000,0.0000,35,0,0,0,0,1183,0,0,0,0
zc,TA209,2012-06-20 09:01:23.930,7330.0000,405282,34,0.0000,36.0000,35,1,多开,B,7328.0000,0.0000,0.0000,0.0000,0.0000,7330.0000,0.0000,0.0000,0.0000,0.0000,34,0,0,0,0,1172,0,0,0,0
zc,TA209,2012-06-20 09:01:24.383,7330.0000,405350,68,0.0000,150.0000,109,41,多开,B,7328.0000,0.0000,0.0000,0.0000,0.0000,7330.0000,0.0000,0.0000,0.0000,0.0000,32,0,0,0,0,1099,0,0,0,0
zc,TA209,2012-06-20 09:01:25.163,7330.0000,405370,20,0.0000,42.0000,31,11,多开,B,7328.0000,0.0000,0.0000,0.0000,0.0000,7330.0000,0.0000,0.0000,0.0000,0.0000,43,0,0,0,0,1085,0,0,0,0
zc,TA209,2012-06-20 09:01:25.680,7330.0000,405420,50,0.0000,54.0000,52,2,多开,B,7328.0000,0.0000,0.0000,0.0000,0.0000,7330.0000,0.0000,0.0000,0.0000,0.0000,46,0,0,0,0,1062,0,0,0,0
zc,TA209,2012-06-20 09:01:26.413,7328.0000,405498,78,0.0000,132.0000,105,27,空开,S,7328.0000,0.0000,0.0000,0.0000,0.0000,7330.0000,0.0000,0.0000,0.0000,0.0000,63,0,0,0,0,1102,0,0,0,0
zc,TA209,2012-06-20 09:01:26.883,7330.0000,405614,116,0.0000,154.0000,135,19,多开,B,7328.0000,0.0000,0.0000,0.0000,0.0000,7330.0000,0.0000,0.0000,0.0000,0.0000,64,0,0,0,0,1031,0,0,0,0
zc,TA209,2012-06-20 09:01:27.647,7330.0000,405634,20,0.0000,52.0000,36,16,多开,B,7328.0000,0.0000,0.0000,0.0000,0.0000,7330.0000,0.0000,0.0000,0.0000,0.0000,58,0,0,0,0,1012,0,0,0,0
zc,TA209,2012-06-20 09:01:28.133,7330.0000,405674,40,0.0000,40.0000,40,0,双开,B,7328.0000,0.0000,0.0000,0.0000,0.0000,7330.0000,0.0000,0.0000,0.0000,0.0000,57,0,0,0,0,996,0,0,0,0
zc,TA209,2012-06-20 09:01:28.883,7328.0000,405714,40,0.0000,70.0000,55,15,空开,S,7328.0000,0.0000,0.0000,0.0000,0.0000,7330.0000,0.0000,0.0000,0.0000,0.0000,186,0,0,0,0,1014,0,0,0,0
zc,TA209,2012-06-20 09:01:29.430,7330.0000,405922,208,0.0000,234.0000,221,13,多开,B,7328.0000,0.0000,0.0000,0.0000,0.0000,7330.0000,0.0000,0.0000,0.0000,0.0000,202,0,0,0,0,915,0,0,0,0
zc,TA209,2012-06-20 09:01:30.727,7330.0000,406644,722,0.0000,902.0000,812,90,多开,B,7328.0000,0.0000,0.0000,0.0000,0.0000,7330.0000,0.0000,0.0000,0.0000,0.0000,236,0,0,0,0,480,0,0,0,0
zc,TA209,2012-06-20 09:01:30.897,7330.0000,407192,548,0.0000,632.0000,590,42,多开,B,7328.0000,0.0000,0.0000,0.0000,0.0000,7330.0000,0.0000,0.0000,0.0000,0.0000,236,0,0,0,0,168,0,0,0,0
zc,TA209,2012-06-20 09:01:31.647,7330.0000,407242,50,0.0000,106.0000,78,28,多开,B,7328.0000,0.0000,0.0000,0.0000,0.0000,7330.0000,0.0000,0.0000,0.0000,0.0000,211,0,0,0,0,121,0,0,0,0
zc,TA209,2012-06-20 09:01:32.197,7332.0000,407466,224,0.0000,272.0000,248,24,多开,B,7330.0000,0.0000,0.0000,0.0000,0.0000,7332.0000,0.0000,0.0000,0.0000,0.0000,90,0,0,0,0,41,0,0,0,0
zc,TA209,2012-06-20 09:01:33.197,7330.0000,407472,6,0.0000,22.0000,14,8,空开,S,7330.0000,0.0000,0.0000,0.0000,0.0000,7332.0000,0.0000,0.0000,0.0000,0.0000,115,0,0,0,0,34,0,0,0,0
zc,TA209,2012-06-20 09:01:33.430,7330.0000,407516,44,0.0000,102.0000,73,29,空开,S,7330.0000,0.0000,0.0000,0.0000,0.0000,7332.0000,0.0000,0.0000,0.0000,0.0000,126,0,0,0,0,49,0,0,0,0
zc,TA209,2012-06-20 09:01:34.430,7332.0000,407514,-2,0.0000,80.0000,39,41,空平,B,7330.0000,0.0000,0.0000,0.0000,0.0000,7332.0000,0.0000,0.0000,0.0000,0.0000,125,0,0,0,0,10,0,0,0,0
zc,TA209,2012-06-20 09:01:35.180,7332.0000,407388,-126,0.0000,180.0000,27,153,空平,B,7332.0000,0.0000,0.0000,0.0000,0.0000,7334.0000,0.0000,0.0000,0.0000,0.0000,79,0,0,0,0,13,0,0,0,0
zc,TA209,2012-06-20 09:01:35.883,7332.0000,407408,20,0.0000,28.0000,24,4,多开,B,7332.0000,0.0000,0.0000,0.0000,0.0000,7334.0000,0.0000,0.0000,0.0000,0.0000,88,0,0,0,0,63,0,0,0,0
zc,TA209,2012-06-20 09:01:36.397,7334.0000,407422,14,0.0000,70.0000,42,28,多开,B,7332.0000,0.0000,0.0000,0.0000,0.0000,7334.0000,0.0000,0.0000,0.0000,0.0000,86,0,0,0,0,100,0,0,0,0
zc,TA209,2012-06-20 09:01:37.147,7334.0000,407430,8,0.0000,18.0000,13,5,多开,B,7332.0000,0.0000,0.0000,0.0000,0.0000,7334.0000,0.0000,0.0000,0.0000,0.0000,81,0,0,0,0,98,0,0,0,0
zc,TA209,2012-06-20 09:01:37.647,7332.0000,407430,0,0.0000,14.0000,7,7,空换,S,7332.0000,0.0000,0.0000,0.0000,0.0000,7334.0000,0.0000,0.0000,0.0000,0.0000,80,0,0,0,0,125,0,0,0,0
zc,TA209,2012-06-20 09:01:38.397,7334.0000,407404,-26,0.0000,172.0000,73,99,空平,B,7332.0000,0.0000,0.0000,0.0000,0.0000,7334.0000,0.0000,0.0000,0.0000,0.0000,91,0,0,0,0,107,0,0,0,0
zc,TA209,2012-06-20 09:01:38.883,7332.0000,407398,-6,0.0000,38.0000,16,22,多平,S,7332.0000,0.0000,0.0000,0.0000,0.0000,7334.0000,0.0000,0.0000,0.0000,0.0000,92,0,0,0,0,94,0,0,0,0
zc,TA209,2012-06-20 09:01:39.697,7334.0000,407374,-24,0.0000,32.0000,4,28,空平,B,7332.0000,0.0000,0.0000,0.0000,0.0000,7334.0000,0.0000,0.0000,0.0000,0.0000,93,0,0,0,0,80,0,0,0,0
zc,TA209,2012-06-20 09:01:40.413,7332.0000,407468,94,0.0000,372.0000,233,139,空开,S,7332.0000,0.0000,0.0000,0.0000,0.0000,7334.0000,0.0000,0.0000,0.0000,0.0000,25,0,0,0,0,42,0,0,0,0
zc,TA209,2012-06-20 09:01:41.180,7334.0000,407480,12,0.0000,12.0000,12,0,双开,B,7332.0000,0.0000,0.0000,0.0000,0.0000,7334.0000,0.0000,0.0000,0.0000,0.0000,27,0,0,0,0,36,0,0,0,0
zc,TA209,2012-06-20 09:01:41.697,7334.0000,407492,12,0.0000,60.0000,36,24,多开,B,7332.0000,0.0000,0.0000,0.0000,0.0000,7334.0000,0.0000,0.0000,0.0000,0.0000,59,0,0,0,0,26,0,0,0,0
zc,TA209,2012-06-20 09:01:42.430,7334.0000,407490,-2,0.0000,82.0000,40,42,空平,B,7334.0000,0.0000,0.0000,0.0000,0.0000,7336.0000,0.0000,0.0000,0.0000,0.0000,11,0,0,0,0,304,0,0,0,0
zc,TA209,2012-06-20 09:01:42.930,7334.0000,407514,24,0.0000,150.0000,87,63,多开,B,7332.0000,0.0000,0.0000,0.0000,0.0000,7334.0000,0.0000,0.0000,0.0000,0.0000,9,0,0,0,0,193,0,0,0,0
zc,TA209,2012-06-20 09:01:43.663,7332.0000,407548,34,0.0000,62.0000,48,14,空开,S,7330.0000,0.0000,0.0000,0.0000,0.0000,7332.0000,0.0000,0.0000,0.0000,0.0000,224,0,0,0,0,29,0,0,0,0
zc,TA209,2012-06-20 09:01:44.147,7332.0000,407506,-42,0.0000,206.0000,82,124,多平,S,7330.0000,0.0000,0.0000,0.0000,0.0000,7332.0000,0.0000,0.0000,0.0000,0.0000,224,0,0,0,0,404,0,0,0,0
zc,TA209,2012-06-20 09:01:45.180,7332.0000,407396,-110,0.0000,168.0000,29,139,多平,S,7330.0000,0.0000,0.0000,0.0000,0.0000,7332.0000,0.0000,0.0000,0.0000,0.0000,185,0,0,0,0,358,0,0,0,0
zc,TA209,2012-06-20 09:01:45.947,7332.0000,407644,248,0.0000,384.0000,316,68,空开,S,7330.0000,0.0000,0.0000,0.0000,0.0000,7332.0000,0.0000,0.0000,0.0000,0.0000,182,0,0,0,0,170,0,0,0,0
zc,TA209,2012-06-20 09:01:46.460,7334.0000,407984,340,0.0000,354.0000,347,7,多开,B,7332.0000,0.0000,0.0000,0.0000,0.0000,7334.0000,0.0000,0.0000,0.0000,0.0000,44,0,0,0,0,228,0,0,0,0
zc,TA209,2012-06-20 09:01:46.897,7334.0000,408020,36,0.0000,36.0000,36,0,双开,B,7332.0000,0.0000,0.0000,0.0000,0.0000,7334.0000,0.0000,0.0000,0.0000,0.0000,43,0,0,0,0,222,0,0,0,0
zc,TA209,2012-06-20 09:01:47.633,7332.0000,408046,26,0.0000,30.0000,28,2,空开,S,7332.0000,0.0000,0.0000,0.0000,0.0000,7334.0000,0.0000,0.0000,0.0000,0.0000,52,0,0,0,0,210,0,0,0,0
zc,TA209,2012-06-20 09:01:48.147,7332.0000,408082,36,0.0000,42.0000,39,3,空开,S,7332.0000,0.0000,0.0000,0.0000,0.0000,7334.0000,0.0000,0.0000,0.0000,0.0000,40,0,0,0,0,197,0,0,0,0
zc,TA209,2012-06-20 09:01:48.897,7332.0000,408098,16,0.0000,22.0000,19,3,空开,S,7332.0000,0.0000,0.0000,0.0000,0.0000,7334.0000,0.0000,0.0000,0.0000,0.0000,63,0,0,0,0,127,0,0,0,0
zc,TA209,2012-06-20 09:01:49.397,7334.0000,408122,24,0.0000,34.0000,29,5,多开,B,7332.0000,0.0000,0.0000,0.0000,0.0000,7334.0000,0.0000,0.0000,0.0000,0.0000,58,0,0,0,0,116,0,0,0,0
zc,TA209,2012-06-20 09:01:49.960,7334.0000,408346,224,0.0000,292.0000,258,34,多开,B,7334.0000,0.0000,0.0000,0.0000,0.0000,7336.0000,0.0000,0.0000,0.0000,0.0000,30,0,0,0,0,276,0,0,0,0
zc,TA209,2012-06-20 09:01:50.367,7334.0000,408348,2,0.0000,8.0000,5,3,多开,B,7334.0000,0.0000,0.0000,0.0000,0.0000,7336.0000,0.0000,0.0000,0.0000,0.0000,40,0,0,0,0,275,0,0,0,0
zc,TA209,2012-06-20 09:01:51.180,7334.0000,408456,108,0.0000,220.0000,164,56,多开,B,7332.0000,0.0000,0.0000,0.0000,0.0000,7334.0000,0.0000,0.0000,0.0000,0.0000,49,0,0,0,0,293,0,0,0,0
zc,TA209,2012-06-20 09:01:51.663,7336.0000,409010,554,0.0000,598.0000,576,22,多开,B,7332.0000,0.0000,0.0000,0.0000,0.0000,7336.0000,0.0000,0.0000,0.0000,0.0000,50,0,0,0,0,278,0,0,0,0
zc,TA209,2012-06-20 09:01:52.163,7334.0000,408980,-30,0.0000,44.0000,7,37,多平,S,7332.0000,0.0000,0.0000,0.0000,0.0000,7334.0000,0.0000,0.0000,0.0000,0.0000,12,0,0,0,0,178,0,0,0,0
zc,TA209,2012-06-20 09:01:52.913,7334.0000,408928,-52,0.0000,68.0000,8,60,多平,S,7332.0000,0.0000,0.0000,0.0000,0.0000,7334.0000,0.0000,0.0000,0.0000,0.0000,60,0,0,0,0,217,0,0,0,0
zc,TA209,2012-06-20 09:01:53.697,7334.0000,408910,-18,0.0000,438.0000,210,228,多平,S,7334.0000,0.0000,0.0000,0.0000,0.0000,7336.0000,0.0000,0.0000,0.0000,0.0000,40,0,0,0,0,329,0,0,0,0
zc,TA209,2012-06-20 09:01:54.460,7334.0000,408912,2,0.0000,86.0000,44,42,空开,S,7334.0000,0.0000,0.0000,0.0000,0.0000,7336.0000,0.0000,0.0000,0.0000,0.0000,33,0,0,0,0,312,0,0,0,0
zc,TA209,2012-06-20 09:01:54.897,7334.0000,408924,12,0.0000,20.0000,16,4,空开,S,7334.0000,0.0000,0.0000,0.0000,0.0000,7336.0000,0.0000,0.0000,0.0000,0.0000,31,0,0,0,0,306,0,0,0,0
zc,TA209,2012-06-20 09:01:55.633,7334.0000,409142,218,0.0000,282.0000,250,32,空开,S,7334.0000,0.0000,0.0000,0.0000,0.0000,7336.0000,0.0000,0.0000,0.0000,0.0000,15,0,0,0,0,181,0,0,0,0
zc,TA209,2012-06-20 09:01:56.117,7336.0000,409154,12,0.0000,60.0000,36,24,多开,B,7334.0000,0.0000,0.0000,0.0000,0.0000,7336.0000,0.0000,0.0000,0.0000,0.0000,28,0,0,0,0,163,0,0,0,0
zc,TA209,2012-06-20 09:01:56.897,7336.0000,409156,2,0.0000,58.0000,30,28,多开,B,7334.0000,0.0000,0.0000,0.0000,0.0000,7336.0000,0.0000,0.0000,0.0000,0.0000,28,0,0,0,0,135,0,0,0,0
zc,TA209,2012-06-20 09:01:57.430,7336.0000,409360,204,0.0000,276.0000,240,36,多开,B,7336.0000,0.0000,0.0000,0.0000,0.0000,7338.0000,0.0000,0.0000,0.0000,0.0000,17,0,0,0,0,108,0,0,0,0
zc,TA209,2012-06-20 09:01:58.163,7336.0000,409360,0,0.0000,10.0000,5,5,多换,B,7336.0000,0.0000,0.0000,0.0000,0.0000,7338.0000,0.0000,0.0000,0.0000,0.0000,62,0,0,0,0,108,0,0,0,0
zc,TA209,2012-06-20 09:01:58.697,7338.0000,409360,0,0.0000,8.0000,4,4,多换,B,7336.0000,0.0000,0.0000,0.0000,0.0000,7338.0000,0.0000,0.0000,0.0000,0.0000,61,0,0,0,0,116,0,0,0,0
zc,TA209,2012-06-20 09:01:59.447,7336.0000,409372,12,0.0000,18.0000,15,3,空开,S,7336.0000,0.0000,0.0000,0.0000,0.0000,7338.0000,0.0000,0.0000,0.0000,0.0000,159,0,0,0,0,114,0,0,0,0
zc,TA209,2012-06-20 09:01:59.913,7336.0000,409372,0,0.0000,2.0000,1,1,空换,S,7336.0000,0.0000,0.0000,0.0000,0.0000,7338.0000,0.0000,0.0000,0.0000,0.0000,178,0,0,0,0,113,0,0,0,0
zc,TA209,2012-06-20 09:02:00.930,7336.0000,409318,-54,0.0000,86.0000,16,70,多平,S,7336.0000,0.0000,0.0000,0.0000,0.0000,7338.0000,0.0000,0.0000,0.0000,0.0000,157,0,0,0,0,112,0,0,0,0
zc,TA209,2012-06-20 09:02:01.413,7338.0000,409306,-12,0.0000,78.0000,33,45,空平,B,7336.0000,0.0000,0.0000,0.0000,0.0000,7338.0000,0.0000,0.0000,0.0000,0.0000,140,0,0,0,0,130,0,0,0,0
zc,TA209,2012-06-20 09:02:02.447,7336.0000,409304,-2,0.0000,16.0000,7,9,多平,S,7336.0000,0.0000,0.0000,0.0000,0.0000,7338.0000,0.0000,0.0000,0.0000,0.0000,135,0,0,0,0,157,0,0,0,0
zc,TA209,2012-06-20 09:02:02.913,7338.0000,409270,-34,0.0000,50.0000,8,42,空平,B,7336.0000,0.0000,0.0000,0.0000,0.0000,7338.0000,0.0000,0.0000,0.0000,0.0000,167,0,0,0,0,154,0,0,0,0
zc,TA209,2012-06-20 09:02:03.397,7338.0000,409244,-26,0.0000,162.0000,68,94,空平,B,7336.0000,0.0000,0.0000,0.0000,0.0000,7338.0000,0.0000,0.0000,0.0000,0.0000,156,0,0,0,0,139,0,0,0,0
zc,TA209,2012-06-20 09:02:03.897,7336.0000,409212,-32,0.0000,64.0000,16,48,多平,S,7336.0000,0.0000,0.0000,0.0000,0.0000,7338.0000,0.0000,0.0000,0.0000,0.0000,140,0,0,0,0,245,0,0,0,0
zc,TA209,2012-06-20 09:02:04.647,7338.0000,409204,-8,0.0000,22.0000,7,15,空平,B,7336.0000,0.0000,0.0000,0.0000,0.0000,7338.0000,0.0000,0.0000,0.0000,0.0000,138,0,0,0,0,242,0,0,0,0
zc,TA209,2012-06-20 09:02:05.447,7336.0000,409074,-130,0.0000,382.0000,126,256,多平,S,7334.0000,0.0000,0.0000,0.0000,0.0000,7336.0000,0.0000,0.0000,0.0000,0.0000,42,0,0,0,0,82,0,0,0,0
zc,TA209,2012-06-20 09:02:06.163,7336.0000,408982,-92,0.0000,114.0000,11,103,多平,S,7334.0000,0.0000,0.0000,0.0000,0.0000,7336.0000,0.0000,0.0000,0.0000,0.0000,47,0,0,0,0,163,0,0,0,0
zc,TA209,2012-06-20 09:02:06.663,7336.0000,408978,-4,0.0000,210.0000,103,107,多平,S,7334.0000,0.0000,0.0000,0.0000,0.0000,7336.0000,0.0000,0.0000,0.0000,0.0000,44,0,0,0,0,65,0,0,0,0
zc,TA209,2012-06-20 09:02:07.430,7338.0000,409102,124,0.0000,516.0000,320,196,多开,B,7336.0000,0.0000,0.0000,0.0000,0.0000,7338.0000,0.0000,0.0000,0.0000,0.0000,3,0,0,0,0,68,0,0,0,0
zc,TA209,2012-06-20 09:02:07.977,7336.0000,409136,34,0.0000,58.0000,46,12,空开,S,7334.0000,0.0000,0.0000,0.0000,0.0000,7336.0000,0.0000,0.0000,0.0000,0.0000,61,0,0,0,0,1,0,0,0,0
zc,TA209,2012-06-20 09:02:08.663,7334.0000,409154,18,0.0000,50.0000,34,16,空开,S,7334.0000,0.0000,0.0000,0.0000,0.0000,7336.0000,0.0000,0.0000,0.0000,0.0000,44,0,0,0,0,1,0,0,0,0
zc,TA209,2012-06-20 09:02:09.133,7336.0000,409142,-12,0.0000,24.0000,6,18,空平,B,7336.0000,0.0000,0.0000,0.0000,0.0000,7338.0000,0.0000,0.0000,0.0000,0.0000,121,0,0,0,0,59,0,0,0,0
zc,TA209,2012-06-20 09:02:10.180,7338.0000,409142,0,0.0000,42.0000,21,21,多换,B,7336.0000,0.0000,0.0000,0.0000,0.0000,7338.0000,0.0000,0.0000,0.0000,0.0000,120,0,0,0,0,49,0,0,0,0
zc,TA209,2012-06-20 09:02:10.430,7338.0000,409142,0,0.0000,6.0000,3,3,多换,B,7336.0000,0.0000,0.0000,0.0000,0.0000,7338.0000,0.0000,0.0000,0.0000,0.0000,124,0,0,0,0,43,0,0,0,0
zc,TA209,2012-06-20 09:02:11.447,7336.0000,409066,-76,0.0000,106.0000,15,91,多平,S,7336.0000,0.0000,0.0000,0.0000,0.0000,7338.0000,0.0000,0.0000,0.0000,0.0000,95,0,0,0,0,22,0,0,0,0
zc,TA209,2012-06-20 09:02:11.913,7338.0000,409036,-30,0.0000,78.0000,24,54,空平,B,7338.0000,0.0000,0.0000,0.0000,0.0000,7340.0000,0.0000,0.0000,0.0000,0.0000,7,0,0,0,0,1085,0,0,0,0
zc,TA209,2012-06-20 09:02:12.680,7338.0000,409044,8,0.0000,26.0000,17,9,多开,B,7336.0000,0.0000,0.0000,0.0000,0.0000,7338.0000,0.0000,0.0000,0.0000,0.0000,84,0,0,0,0,25,0,0,0,0
zc,TA209,2012-06-20 09:02:13.147,7336.0000,409044,0,0.0000,4.0000,2,2,空换,S,7336.0000,0.0000,0.0000,0.0000,0.0000,7338.0000,0.0000,0.0000,0.0000,0.0000,83,0,0,0,0,92,0,0,0,0
zc,TA209,2012-06-20 09:02:13.913,7338.0000,409044,0,0.0000,4.0000,2,2,多换,B,7336.0000,0.0000,0.0000,0.0000,0.0000,7338.0000,0.0000,0.0000,0.0000,0.0000,93,0,0,0,0,258,0,0,0,0
zc,TA209,2012-06-20 09:02:14.430,7336.0000,409038,-6,0.0000,14.0000,4,10,多平,S,7336.0000,0.0000,0.0000,0.0000,0.0000,7338.0000,0.0000,0.0000,0.0000,0.0000,127,0,0,0,0,257,0,0,0,0
zc,TA209,2012-06-20 09:02:14.913,7336.0000,409110,72,0.0000,252.0000,162,90,空开,S,7336.0000,0.0000,0.0000,0.0000,0.0000,7338.0000,0.0000,0.0000,0.0000,0.0000,90,0,0,0,0,164,0,0,0,0
zc,TA209,2012-06-20 09:02:15.430,7338.0000,409156,46,0.0000,62.0000,54,8,多开,B,7336.0000,0.0000,0.0000,0.0000,0.0000,7338.0000,0.0000,0.0000,0.0000,0.0000,108,0,0,0,0,138,0,0,0,0
zc,TA209,2012-06-20 09:02:16.133,7338.0000,409170,14,0.0000,194.0000,104,90,多开,B,7336.0000,0.0000,0.0000,0.0000,0.0000,7338.0000,0.0000,0.0000,0.0000,0.0000,121,0,0,0,0,43,0,0,0,0
zc,TA209,2012-06-20 09:02:16.663,7338.0000,409172,2,0.0000,72.0000,37,35,多开,B,7336.0000,0.0000,0.0000,0.0000,0.0000,7338.0000,0.0000,0.0000,0.0000,0.0000,120,0,0,0,0,10,0,0,0,0
zc,TA209,2012-06-20 09:02:17.397,7338.0000,409172,0,0.0000,44.0000,22,22,多换,B,7338.0000,0.0000,0.0000,0.0000,0.0000,7340.0000,0.0000,0.0000,0.0000,0.0000,4,0,0,0,0,1040,0,0,0,0
zc,TA209,2012-06-20 09:02:18.163,7338.0000,409174,2,0.0000,26.0000,14,12,多开,B,7338.0000,0.0000,0.0000,0.0000,0.0000,7340.0000,0.0000,0.0000,0.0000,0.0000,12,0,0,0,0,1038,0,0,0,0
zc,TA209,2012-06-20 09:02:18.663,7336.0000,409350,176,0.0000,328.0000,252,76,空开,S,7336.0000,0.0000,0.0000,0.0000,0.0000,7340.0000,0.0000,0.0000,0.0000,0.0000,30,0,0,0,0,1018,0,0,0,0
zc,TA209,2012-06-20 09:02:19.397,7340.0000,409336,-14,0.0000,30.0000,8,22,空平,B,7338.0000,0.0000,0.0000,0.0000,0.0000,7340.0000,0.0000,0.0000,0.0000,0.0000,16,0,0,0,0,1007,0,0,0,0
zc,TA209,2012-06-20 09:02:19.913,7338.0000,409380,44,0.0000,56.0000,50,6,空开,S,7336.0000,0.0000,0.0000,0.0000,0.0000,7338.0000,0.0000,0.0000,0.0000,0.0000,37,0,0,0,0,42,0,0,0,0
zc,TA209,2012-06-20 09:02:20.430,7338.0000,409386,6,0.0000,6.0000,6,0,双开,S,7336.0000,0.0000,0.0000,0.0000,0.0000,7338.0000,0.0000,0.0000,0.0000,0.0000,51,0,0,0,0,240,0,0,0,0
zc,TA209,2012-06-20 09:02:20.883,7336.0000,409390,4,0.0000,22.0000,13,9,空开,S,7336.0000,0.0000,0.0000,0.0000,0.0000,7338.0000,0.0000,0.0000,0.0000,0.0000,53,0,0,0,0,244,0,0,0,0
zc,TA209,2012-06-20 09:02:21.633,7338.0000,409446,56,0.0000,68.0000,62,6,多开,B,7336.0000,0.0000,0.0000,0.0000,0.0000,7338.0000,0.0000,0.0000,0.0000,0.0000,71,0,0,0,0,219,0,0,0,0
zc,TA209,2012-06-20 09:02:22.117,7338.0000,409464,18,0.0000,18.0000,18,0,双开,B,7336.0000,0.0000,0.0000,0.0000,0.0000,7338.0000,0.0000,0.0000,0.0000,0.0000,71,0,0,0,0,236,0,0,0,0
zc,TA209,2012-06-20 09:02:22.883,7338.0000,409466,2,0.0000,18.0000,10,8,多开,B,7336.0000,0.0000,0.0000,0.0000,0.0000,7338.0000,0.0000,0.0000,0.0000,0.0000,65,0,0,0,0,231,0,0,0,0
zc,TA209,2012-06-20 09:02:23.413,7338.0000,409410,-56,0.0000,108.0000,26,82,空平,B,7336.0000,0.0000,0.0000,0.0000,0.0000,7338.0000,0.0000,0.0000,0.0000,0.0000,14,0,0,0,0,236,0,0,0,0
zc,TA209,2012-06-20 09:02:24.117,7336.0000,409414,4,0.0000,40.0000,22,18,空开,S,7336.0000,0.0000,0.0000,0.0000,0.0000,7338.0000,0.0000,0.0000,0.0000,0.0000,28,0,0,0,0,227,0,0,0,0
zc,TA209,2012-06-20 09:02:24.647,7338.0000,409426,12,0.0000,16.0000,14,2,多开,B,7336.0000,0.0000,0.0000,0.0000,0.0000,7338.0000,0.0000,0.0000,0.0000,0.0000,23,0,0,0,0,228,0,0,0,0
zc,TA209,2012-06-20 09:02:25.383,7338.0000,409574,148,0.0000,148.0000,148,0,双开,B,7336.0000,0.0000,0.0000,0.0000,0.0000,7338.0000,0.0000,0.0000,0.0000,0.0000,24,0,0,0,0,155,0,0,0,0
zc,TA209,2012-06-20 09:02:25.930,7338.0000,409596,22,0.0000,22.0000,22,0,双开,B,7336.0000,0.0000,0.0000,0.0000,0.0000,7338.0000,0.0000,0.0000,0.0000,0.0000,41,0,0,0,0,154,0,0,0,0
zc,TA209,2012-06-20 09:02:26.647,7338.0000,409628,32,0.0000,120.0000,76,44,多开,B,7336.0000,0.0000,0.0000,0.0000,0.0000,7338.0000,0.0000,0.0000,0.0000,0.0000,49,0,0,0,0,126,0,0,0,0
zc,TA209,2012-06-20 09:02:27.180,7338.0000,409628,0,0.0000,12.0000,6,6,多换,B,7336.0000,0.0000,0.0000,0.0000,0.0000,7338.0000,0.0000,0.0000,0.0000,0.0000,45,0,0,0,0,124,0,0,0,0
zc,TA209,2012-06-20 09:02:27.897,7338.0000,409626,-2,0.0000,36.0000,17,19,空平,B,7336.0000,0.0000,0.0000,0.0000,0.0000,7338.0000,0.0000,0.0000,0.0000,0.0000,51,0,0,0,0,108,0,0,0,0
zc,TA209,2012-06-20 09:02:28.617,7338.0000,409618,-8,0.0000,12.0000,2,10,空平,B,7336.0000,0.0000,0.0000,0.0000,0.0000,7338.0000,0.0000,0.0000,0.0000,0.0000,73,0,0,0,0,115,0,0,0,0
zc,TA209,2012-06-20 09:02:29.133,7338.0000,409630,12,0.0000,90.0000,51,39,多开,B,7336.0000,0.0000,0.0000,0.0000,0.0000,7338.0000,0.0000,0.0000,0.0000,0.0000,62,0,0,0,0,107,0,0,0,0
zc,TA209,2012-06-20 09:02:29.850,7338.0000,409660,30,0.0000,114.0000,72,42,多开,B,7336.0000,0.0000,0.0000,0.0000,0.0000,7338.0000,0.0000,0.0000,0.0000,0.0000,93,0,0,0,0,57,0,0,0,0
zc,TA209,2012-06-20 09:02:30.430,7338.0000,409694,34,0.0000,134.0000,84,50,多开,B,7338.0000,0.0000,0.0000,0.0000,0.0000,7340.0000,0.0000,0.0000,0.0000,0.0000,34,0,0,0,0,1107,0,0,0,0
zc,TA209,2012-06-20 09:02:31.147,7338.0000,409696,2,0.0000,2.0000,2,0,双开,B,7338.0000,0.0000,0.0000,0.0000,0.0000,7340.0000,0.0000,0.0000,0.0000,0.0000,35,0,0,0,0,1108,0,0,0,0
zc,TA209,2012-06-20 09:02:31.647,7338.0000,409776,80,0.0000,84.0000,82,2,多开,B,7336.0000,0.0000,0.0000,0.0000,0.0000,7338.0000,0.0000,0.0000,0.0000,0.0000,113,0,0,0,0,13,0,0,0,0
zc,TA209,2012-06-20 09:02:32.367,7336.0000,409780,4,0.0000,22.0000,13,9,空开,S,7336.0000,0.0000,0.0000,0.0000,0.0000,7338.0000,0.0000,0.0000,0.0000,0.0000,125,0,0,0,0,32,0,0,0,0
zc,TA209,2012-06-20 09:02:32.913,7338.0000,409776,-4,0.0000,70.0000,33,37,空平,B,7336.0000,0.0000,0.0000,0.0000,0.0000,7338.0000,0.0000,0.0000,0.0000,0.0000,119,0,0,0,0,1,0,0,0,0
zc,TA209,2012-06-20 09:02:33.647,7338.0000,409774,-2,0.0000,24.0000,11,13,空平,B,7336.0000,0.0000,0.0000,0.0000,0.0000,7338.0000,0.0000,0.0000,0.0000,0.0000,119,0,0,0,0,8,0,0,0,0
zc,TA209,2012-06-20 09:02:34.117,7338.0000,409780,6,0.0000,6.0000,6,0,双开,B,7336.0000,0.0000,0.0000,0.0000,0.0000,7338.0000,0.0000,0.0000,0.0000,0.0000,120,0,0,0,0,8,0,0,0,0
zc,TA209,2012-06-20 09:02:35.180,7338.0000,409802,22,0.0000,40.0000,31,9,多开,B,7336.0000,0.0000,0.0000,0.0000,0.0000,7338.0000,0.0000,0.0000,0.0000,0.0000,138,0,0,0,0,1,0,0,0,0
zc,TA209,2012-06-20 09:02:35.663,7338.0000,409822,20,0.0000,22.0000,21,1,多开,B,7338.0000,0.0000,0.0000,0.0000,0.0000,7340.0000,0.0000,0.0000,0.0000,0.0000,8,0,0,0,0,1117,0,0,0,0
zc,TA209,2012-06-20 09:02:36.447,7338.0000,410008,186,0.0000,198.0000,192,6,多开,B,7336.0000,0.0000,0.0000,0.0000,0.0000,7338.0000,0.0000,0.0000,0.0000,0.0000,120,0,0,0,0,22,0,0,0,0
zc,TA209,2012-06-20 09:02:36.883,7338.0000,410012,4,0.0000,4.0000,4,0,双开,B,7336.0000,0.0000,0.0000,0.0000,0.0000,7338.0000,0.0000,0.0000,0.0000,0.0000,109,0,0,0,0,70,0,0,0,0
zc,TA209,2012-06-20 09:02:37.697,7338.0000,410142,130,0.0000,148.0000,139,9,多开,B,7336.0000,0.0000,0.0000,0.0000,0.0000,7338.0000,0.0000,0.0000,0.0000,0.0000,192,0,0,0,0,52,0,0,0,0
zc,TA209,2012-06-20 09:02:38.147,7338.0000,410244,102,0.0000,104.0000,103,1,多开,B,7338.0000,0.0000,0.0000,0.0000,0.0000,7340.0000,0.0000,0.0000,0.0000,0.0000,81,0,0,0,0,1124,0,0,0,0
zc,TA209,2012-06-20 09:02:38.913,7340.0000,410250,6,0.0000,40.0000,23,17,多开,B,7338.0000,0.0000,0.0000,0.0000,0.0000,7340.0000,0.0000,0.0000,0.0000,0.0000,82,0,0,0,0,1111,0,0,0,0
zc,TA209,2012-06-20 09:02:39.397,7338.0000,410458,208,0.0000,218.0000,213,5,空开,S,7338.0000,0.0000,0.0000,0.0000,0.0000,7340.0000,0.0000,0.0000,0.0000,0.0000,25,0,0,0,0,1112,0,0,0,0
zc,TA209,2012-06-20 09:02:39.897,7338.0000,410468,10,0.0000,24.0000,17,7,空开,S,7338.0000,0.0000,0.0000,0.0000,0.0000,7340.0000,0.0000,0.0000,0.0000,0.0000,76,0,0,0,0,1142,0,0,0,0
zc,TA209,2012-06-20 09:02:40.647,7338.0000,410428,-40,0.0000,134.0000,47,87,多平,S,7338.0000,0.0000,0.0000,0.0000,0.0000,7340.0000,0.0000,0.0000,0.0000,0.0000,42,0,0,0,0,1129,0,0,0,0
zc,TA209,2012-06-20 09:02:41.383,7338.0000,410428,0,0.0000,0.0000,0,0,空换,S,7338.0000,0.0000,0.0000,0.0000,0.0000,7340.0000,0.0000,0.0000,0.0000,0.0000,42,0,0,0,0,1130,0,0,0,0
zc,TA209,2012-06-20 09:02:41.913,7338.0000,410414,-14,0.0000,20.0000,3,17,多平,S,7338.0000,0.0000,0.0000,0.0000,0.0000,7340.0000,0.0000,0.0000,0.0000,0.0000,41,0,0,0,0,1123,0,0,0,0
zc,TA209,2012-06-20 09:02:42.617,7340.0000,410412,-2,0.0000,12.0000,5,7,空平,B,7338.0000,0.0000,0.0000,0.0000,0.0000,7340.0000,0.0000,0.0000,0.0000,0.0000,40,0,0,0,0,1119,0,0,0,0
zc,TA209,2012-06-20 09:02:43.133,7338.0000,410392,-20,0.0000,26.0000,3,23,多平,S,7338.0000,0.0000,0.0000,0.0000,0.0000,7340.0000,0.0000,0.0000,0.0000,0.0000,50,0,0,0,0,1118,0,0,0,0
zc,TA209,2012-06-20 09:02:43.883,7340.0000,410392,0,0.0000,24.0000,12,12,多换,B,7338.0000,0.0000,0.0000,0.0000,0.0000,7340.0000,0.0000,0.0000,0.0000,0.0000,40,0,0,0,0,1117,0,0,0,0
zc,TA209,2012-06-20 09:02:44.397,7338.0000,410394,2,0.0000,198.0000,100,98,空开,S,7338.0000,0.0000,0.0000,0.0000,0.0000,7340.0000,0.0000,0.0000,0.0000,0.0000,49,0,0,0,0,1024,0,0,0,0
zc,TA209,2012-06-20 09:02:45.147,7338.0000,410368,-26,0.0000,32.0000,3,29,多平,S,7338.0000,0.0000,0.0000,0.0000,0.0000,7340.0000,0.0000,0.0000,0.0000,0.0000,50,0,0,0,0,1015,0,0,0,0
zc,TA209,2012-06-20 09:02:45.930,7338.0000,410368,0,0.0000,6.0000,3,3,空换,S,7338.0000,0.0000,0.0000,0.0000,0.0000,7340.0000,0.0000,0.0000,0.0000,0.0000,50,0,0,0,0,1013,0,0,0,0
zc,TA209,2012-06-20 09:02:46.413,7340.0000,410364,-4,0.0000,14.0000,5,9,空平,B,7338.0000,0.0000,0.0000,0.0000,0.0000,7340.0000,0.0000,0.0000,0.0000,0.0000,75,0,0,0,0,1006,0,0,0,0
zc,TA209,2012-06-20 09:02:47.133,7338.0000,410446,82,0.0000,168.0000,125,43,空开,S,7336.0000,0.0000,0.0000,0.0000,0.0000,7338.0000,0.0000,0.0000,0.0000,0.0000,116,0,0,0,0,144,0,0,0,0
zc,TA209,2012-06-20 09:02:47.633,7338.0000,410470,24,0.0000,26.0000,25,1,空开,S,7336.0000,0.0000,0.0000,0.0000,0.0000,7338.0000,0.0000,0.0000,0.0000,0.0000,116,0,0,0,0,133,0,0,0,0
zc,TA209,2012-06-20 09:02:48.147,7338.0000,410492,22,0.0000,26.0000,24,2,空开,S,7336.0000,0.0000,0.0000,0.0000,0.0000,7338.0000,0.0000,0.0000,0.0000,0.0000,116,0,0,0,0,227,0,0,0,0
zc,TA209,2012-06-20 09:02:48.867,7338.0000,410506,14,0.0000,30.0000,22,8,空开,S,7336.0000,0.0000,0.0000,0.0000,0.0000,7338.0000,0.0000,0.0000,0.0000,0.0000,112,0,0,0,0,219,0,0,0,0
zc,TA209,2012-06-20 09:02:49.663,7338.0000,410650,144,0.0000,158.0000,151,7,空开,S,7336.0000,0.0000,0.0000,0.0000,0.0000,7338.0000,0.0000,0.0000,0.0000,0.0000,125,0,0,0,0,161,0,0,0,0
zc,TA209,2012-06-20 09:02:50.430,7336.0000,410790,140,0.0000,334.0000,237,97,空开,S,7336.0000,0.0000,0.0000,0.0000,0.0000,7338.0000,0.0000,0.0000,0.0000,0.0000,115,0,0,0,0,123,0,0,0,0
zc,TA209,2012-06-20 09:02:50.913,7338.0000,410908,118,0.0000,130.0000,124,6,多开,B,7336.0000,0.0000,0.0000,0.0000,0.0000,7338.0000,0.0000,0.0000,0.0000,0.0000,73,0,0,0,0,126,0,0,0,0
zc,TA209,2012-06-20 09:02:51.633,7338.0000,410910,2,0.0000,24.0000,13,11,多开,B,7336.0000,0.0000,0.0000,0.0000,0.0000,7338.0000,0.0000,0.0000,0.0000,0.0000,70,0,0,0,0,126,0,0,0,0
zc,TA209,2012-06-20 09:02:52.133,7336.0000,410916,6,0.0000,6.0000,6,0,双开,S,7336.0000,0.0000,0.0000,0.0000,0.0000,7338.0000,0.0000,0.0000,0.0000,0.0000,68,0,0,0,0,159,0,0,0,0
zc,TA209,2012-06-20 09:02:52.913,7338.0000,410928,12,0.0000,14.0000,13,1,多开,B,7336.0000,0.0000,0.0000,0.0000,0.0000,7338.0000,0.0000,0.0000,0.0000,0.0000,73,0,0,0,0,153,0,0,0,0
zc,TA209,2012-06-20 09:02:56.227,7336.0000,410958,30,0.0000,166.0000,98,68,空开,S,7336.0000,0.0000,0.0000,0.0000,0.0000,7338.0000,0.0000,0.0000,0.0000,0.0000,19,0,0,0,0,210,0,0,0,0
zc,TA209,2012-06-20 09:02:56.977,7336.0000,410968,10,0.0000,50.0000,30,20,空开,S,7334.0000,0.0000,0.0000,0.0000,0.0000,7336.0000,0.0000,0.0000,0.0000,0.0000,176,0,0,0,0,278,0,0,0,0
zc,TA209,2012-06-20 09:02:58.163,7336.0000,410962,-6,0.0000,128.0000,61,67,多平,S,7334.0000,0.0000,0.0000,0.0000,0.0000,7336.0000,0.0000,0.0000,0.0000,0.0000,157,0,0,0,0,271,0,0,0,0
zc,TA209,2012-06-20 09:02:58.883,7334.0000,410978,16,0.0000,22.0000,19,3,空开,S,7334.0000,0.0000,0.0000,0.0000,0.0000,7336.0000,0.0000,0.0000,0.0000,0.0000,152,0,0,0,0,274,0,0,0,0
zc,TA209,2012-06-20 09:02:59.430,7334.0000,410976,-2,0.0000,12.0000,5,7,多平,S,7334.0000,0.0000,0.0000,0.0000,0.0000,7336.0000,0.0000,0.0000,0.0000,0.0000,152,0,0,0,0,269,0,0,0,0
zc,TA209,2012-06-20 09:03:00.147,7336.0000,410976,0,0.0000,18.0000,9,9,多换,B,7334.0000,0.0000,0.0000,0.0000,0.0000,7336.0000,0.0000,0.0000,0.0000,0.0000,147,0,0,0,0,270,0,0,0,0
zc,TA209,2012-06-20 09:03:00.663,7334.0000,411258,282,0.0000,334.0000,308,26,空开,S,7332.0000,0.0000,0.0000,0.0000,0.0000,7334.0000,0.0000,0.0000,0.0000,0.0000,137,0,0,0,0,37,0,0,0,0
zc,TA209,2012-06-20 09:03:01.413,7332.0000,411218,-40,0.0000,98.0000,29,69,多平,S,7332.0000,0.0000,0.0000,0.0000,0.0000,7334.0000,0.0000,0.0000,0.0000,0.0000,115,0,0,0,0,134,0,0,0,0
zc,TA209,2012-06-20 09:03:01.647,7334.0000,411218,0,0.0000,8.0000,4,4,多换,B,7332.0000,0.0000,0.0000,0.0000,0.0000,7334.0000,0.0000,0.0000,0.0000,0.0000,116,0,0,0,0,140,0,0,0,0
zc,TA209,2012-06-20 09:03:02.430,7332.0000,411224,6,0.0000,6.0000,6,0,双开,S,7332.0000,0.0000,0.0000,0.0000,0.0000,7334.0000,0.0000,0.0000,0.0000,0.0000,113,0,0,0,0,295,0,0,0,0
zc,TA209,2012-06-20 09:03:02.913,7332.0000,411226,2,0.0000,50.0000,26,24,空开,S,7332.0000,0.0000,0.0000,0.0000,0.0000,7334.0000,0.0000,0.0000,0.0000,0.0000,88,0,0,0,0,303,0,0,0,0
zc,TA209,2012-06-20 09:03:03.633,7332.0000,411250,24,0.0000,60.0000,42,18,空开,S,7332.0000,0.0000,0.0000,0.0000,0.0000,7334.0000,0.0000,0.0000,0.0000,0.0000,67,0,0,0,0,295,0,0,0,0
zc,TA209,2012-06-20 09:03:04.117,7334.0000,411284,34,0.0000,78.0000,56,22,多开,B,7332.0000,0.0000,0.0000,0.0000,0.0000,7334.0000,0.0000,0.0000,0.0000,0.0000,29,0,0,0,0,294,0,0,0,0
zc,TA209,2012-06-20 09:03:05.197,7334.0000,411330,46,0.0000,58.0000,52,6,多开,B,7332.0000,0.0000,0.0000,0.0000,0.0000,7334.0000,0.0000,0.0000,0.0000,0.0000,11,0,0,0,0,291,0,0,0,0
zc,TA209,2012-06-20 09:03:05.647,7332.0000,411320,-10,0.0000,36.0000,13,23,多平,S,7330.0000,0.0000,0.0000,0.0000,0.0000,7332.0000,0.0000,0.0000,0.0000,0.0000,131,0,0,0,0,26,0,0,0,0
zc,TA209,2012-06-20 09:03:06.133,7332.0000,411318,-2,0.0000,16.0000,7,9,多平,S,7330.0000,0.0000,0.0000,0.0000,0.0000,7332.0000,0.0000,0.0000,0.0000,0.0000,131,0,0,0,0,31,0,0,0,0
zc,TA209,2012-06-20 09:03:06.647,7330.0000,411298,-20,0.0000,66.0000,23,43,多平,S,7330.0000,0.0000,0.0000,0.0000,0.0000,7332.0000,0.0000,0.0000,0.0000,0.0000,98,0,0,0,0,41,0,0,0,0
zc,TA209,2012-06-20 09:03:07.430,7330.0000,411246,-52,0.0000,202.0000,75,127,多平,S,7328.0000,0.0000,0.0000,0.0000,0.0000,7330.0000,0.0000,0.0000,0.0000,0.0000,50,0,0,0,0,5,0,0,0,0
zc,TA209,2012-06-20 09:03:08.163,7328.0000,411230,-16,0.0000,32.0000,8,24,多平,S,7328.0000,0.0000,0.0000,0.0000,0.0000,7330.0000,0.0000,0.0000,0.0000,0.0000,42,0,0,0,0,5,0,0,0,0
zc,TA209,2012-06-20 09:03:08.697,7328.0000,411204,-26,0.0000,86.0000,30,56,多平,S,7326.0000,0.0000,0.0000,0.0000,0.0000,7328.0000,0.0000,0.0000,0.0000,0.0000,172,0,0,0,0,10,0,0,0,0
zc,TA209,2012-06-20 09:03:09.430,7328.0000,411202,-2,0.0000,2.0000,0,2,双平,S,7326.0000,0.0000,0.0000,0.0000,0.0000,7328.0000,0.0000,0.0000,0.0000,0.0000,172,0,0,0,0,13,0,0,0,0
zc,TA209,2012-06-20 09:03:09.960,7330.0000,411192,-10,0.0000,44.0000,17,27,空平,B,7328.0000,0.0000,0.0000,0.0000,0.0000,7330.0000,0.0000,0.0000,0.0000,0.0000,38,0,0,0,0,183,0,0,0,0
zc,TA209,2012-06-20 09:03:10.680,7328.0000,411250,58,0.0000,148.0000,103,45,空开,S,7326.0000,0.0000,0.0000,0.0000,0.0000,7328.0000,0.0000,0.0000,0.0000,0.0000,162,0,0,0,0,40,0,0,0,0
zc,TA209,2012-06-20 09:03:11.413,7328.0000,411256,6,0.0000,16.0000,11,5,空开,S,7326.0000,0.0000,0.0000,0.0000,0.0000,7328.0000,0.0000,0.0000,0.0000,0.0000,185,0,0,0,0,38,0,0,0,0
zc,TA209,2012-06-20 09:03:11.913,7326.0000,411282,26,0.0000,30.0000,28,2,空开,S,7326.0000,0.0000,0.0000,0.0000,0.0000,7328.0000,0.0000,0.0000,0.0000,0.0000,171,0,0,0,0,52,0,0,0,0
zc,TA209,2012-06-20 09:03:12.397,7328.0000,411296,14,0.0000,24.0000,19,5,多开,B,7326.0000,0.0000,0.0000,0.0000,0.0000,7328.0000,0.0000,0.0000,0.0000,0.0000,160,0,0,0,0,53,0,0,0,0
zc,TA209,2012-06-20 09:03:13.447,7326.0000,411162,-134,0.0000,942.0000,404,538,多平,S,7324.0000,0.0000,0.0000,0.0000,0.0000,7328.0000,0.0000,0.0000,0.0000,0.0000,79,0,0,0,0,48,0,0,0,0
zc,TA209,2012-06-20 09:03:13.913,7326.0000,411170,8,0.0000,20.0000,14,6,空开,S,7324.0000,0.0000,0.0000,0.0000,0.0000,7326.0000,0.0000,0.0000,0.0000,0.0000,79,0,0,0,0,15,0,0,0,0
zc,TA209,2012-06-20 09:03:14.697,7326.0000,411172,2,0.0000,52.0000,27,25,空开,S,7326.0000,0.0000,0.0000,0.0000,0.0000,7328.0000,0.0000,0.0000,0.0000,0.0000,13,0,0,0,0,89,0,0,0,0
zc,TA209,2012-06-20 09:03:15.180,7328.0000,411194,22,0.0000,30.0000,26,4,多开,B,7326.0000,0.0000,0.0000,0.0000,0.0000,7328.0000,0.0000,0.0000,0.0000,0.0000,1,0,0,0,0,87,0,0,0,0
zc,TA209,2012-06-20 09:03:15.897,7326.0000,411228,34,0.0000,52.0000,43,9,空开,S,7326.0000,0.0000,0.0000,0.0000,0.0000,7328.0000,0.0000,0.0000,0.0000,0.0000,12,0,0,0,0,68,0,0,0,0
zc,TA209,2012-06-20 09:03:16.397,7326.0000,411216,-12,0.0000,42.0000,15,27,多平,S,7326.0000,0.0000,0.0000,0.0000,0.0000,7328.0000,0.0000,0.0000,0.0000,0.0000,5,0,0,0,0,58,0,0,0,0
zc,TA209,2012-06-20 09:03:17.180,7326.0000,411224,8,0.0000,22.0000,15,7,空开,S,7324.0000,0.0000,0.0000,0.0000,0.0000,7326.0000,0.0000,0.0000,0.0000,0.0000,111,0,0,0,0,2,0,0,0,0
zc,TA209,2012-06-20 09:03:17.633,7326.0000,411326,102,0.0000,130.0000,116,14,空开,S,7326.0000,0.0000,0.0000,0.0000,0.0000,7328.0000,0.0000,0.0000,0.0000,0.0000,18,0,0,0,0,6,0,0,0,0
zc,TA209,2012-06-20 09:03:18.397,7328.0000,411328,2,0.0000,4.0000,3,1,多开,B,7326.0000,0.0000,0.0000,0.0000,0.0000,7328.0000,0.0000,0.0000,0.0000,0.0000,78,0,0,0,0,7,0,0,0,0
zc,TA209,2012-06-20 09:03:18.913,7326.0000,411328,0,0.0000,10.0000,5,5,空换,S,7326.0000,0.0000,0.0000,0.0000,0.0000,7328.0000,0.0000,0.0000,0.0000,0.0000,133,0,0,0,0,17,0,0,0,0
zc,TA209,2012-06-20 09:03:19.647,7326.0000,411328,0,0.0000,2.0000,1,1,空换,S,7326.0000,0.0000,0.0000,0.0000,0.0000,7328.0000,0.0000,0.0000,0.0000,0.0000,131,0,0,0,0,17,0,0,0,0
zc,TA209,2012-06-20 09:03:20.413,7326.0000,411336,8,0.0000,14.0000,11,3,空开,S,7326.0000,0.0000,0.0000,0.0000,0.0000,7328.0000,0.0000,0.0000,0.0000,0.0000,131,0,0,0,0,18,0,0,0,0
zc,TA209,2012-06-20 09:03:21.147,7326.0000,411336,0,0.0000,6.0000,3,3,空换,S,7326.0000,0.0000,0.0000,0.0000,0.0000,7328.0000,0.0000,0.0000,0.0000,0.0000,132,0,0,0,0,79,0,0,0,0
zc,TA209,2012-06-20 09:03:21.647,7326.0000,411340,4,0.0000,14.0000,9,5,空开,S,7326.0000,0.0000,0.0000,0.0000,0.0000,7328.0000,0.0000,0.0000,0.0000,0.0000,137,0,0,0,0,185,0,0,0,0
zc,TA209,2012-06-20 09:03:22.367,7328.0000,411340,0,0.0000,2.0000,1,1,多换,B,7326.0000,0.0000,0.0000,0.0000,0.0000,7328.0000,0.0000,0.0000,0.0000,0.0000,132,0,0,0,0,190,0,0,0,0
zc,TA209,2012-06-20 09:03:22.867,7328.0000,411364,24,0.0000,64.0000,44,20,多开,B,7326.0000,0.0000,0.0000,0.0000,0.0000,7328.0000,0.0000,0.0000,0.0000,0.0000,127,0,0,0,0,169,0,0,0,0
zc,TA209,2012-06-20 09:03:23.383,7326.0000,411354,-10,0.0000,34.0000,12,22,多平,S,7326.0000,0.0000,0.0000,0.0000,0.0000,7328.0000,0.0000,0.0000,0.0000,0.0000,137,0,0,0,0,178,0,0,0,0
zc,TA209,2012-06-20 09:03:24.117,7328.0000,411344,-10,0.0000,114.0000,52,62,空平,B,7326.0000,0.0000,0.0000,0.0000,0.0000,7328.0000,0.0000,0.0000,0.0000,0.0000,81,0,0,0,0,173,0,0,0,0
zc,TA209,2012-06-20 09:03:24.663,7326.0000,411332,-12,0.0000,22.0000,5,17,多平,S,7326.0000,0.0000,0.0000,0.0000,0.0000,7328.0000,0.0000,0.0000,0.0000,0.0000,71,0,0,0,0,173,0,0,0,0
zc,TA209,2012-06-20 09:03:25.367,7326.0000,411330,-2,0.0000,4.0000,1,3,多平,S,7326.0000,0.0000,0.0000,0.0000,0.0000,7328.0000,0.0000,0.0000,0.0000,0.0000,75,0,0,0,0,179,0,0,0,0
zc,TA209,2012-06-20 09:03:25.930,7326.0000,411318,-12,0.0000,34.0000,11,23,多平,S,7326.0000,0.0000,0.0000,0.0000,0.0000,7328.0000,0.0000,0.0000,0.0000,0.0000,65,0,0,0,0,174,0,0,0,0
zc,TA209,2012-06-20 09:03:26.647,7326.0000,411290,-28,0.0000,140.0000,56,84,多平,S,7324.0000,0.0000,0.0000,0.0000,0.0000,7326.0000,0.0000,0.0000,0.0000,0.0000,157,0,0,0,0,37,0,0,0,0
zc,TA209,2012-06-20 09:03:27.180,7326.0000,411290,0,0.0000,0.0000,0,0,空换,S,7324.0000,0.0000,0.0000,0.0000,0.0000,7326.0000,0.0000,0.0000,0.0000,0.0000,159,0,0,0,0,41,0,0,0,0
zc,TA209,2012-06-20 09:03:27.930,7328.0000,411464,174,0.0000,342.0000,258,84,多开,B,7326.0000,0.0000,0.0000,0.0000,0.0000,7328.0000,0.0000,0.0000,0.0000,0.0000,87,0,0,0,0,94,0,0,0,0
zc,TA209,2012-06-20 09:03:28.397,7326.0000,411578,114,0.0000,128.0000,121,7,空开,S,7326.0000,0.0000,0.0000,0.0000,0.0000,7328.0000,0.0000,0.0000,0.0000,0.0000,43,0,0,0,0,96,0,0,0,0
zc,TA209,2012-06-20 09:03:29.133,7328.0000,411582,4,0.0000,88.0000,46,42,多开,B,7326.0000,0.0000,0.0000,0.0000,0.0000,7328.0000,0.0000,0.0000,0.0000,0.0000,55,0,0,0,0,95,0,0,0,0
zc,TA209,2012-06-20 09:03:29.617,7326.0000,411580,-2,0.0000,4.0000,1,3,多平,S,7326.0000,0.0000,0.0000,0.0000,0.0000,7328.0000,0.0000,0.0000,0.0000,0.0000,63,0,0,0,0,95,0,0,0,0
zc,TA209,2012-06-20 09:03:30.133,7326.0000,411544,-36,0.0000,44.0000,4,40,多平,S,7326.0000,0.0000,0.0000,0.0000,0.0000,7328.0000,0.0000,0.0000,0.0000,0.0000,71,0,0,0,0,95,0,0,0,0
zc,TA209,2012-06-20 09:03:30.883,7328.0000,411544,0,0.0000,4.0000,2,2,多换,B,7326.0000,0.0000,0.0000,0.0000,0.0000,7328.0000,0.0000,0.0000,0.0000,0.0000,40,0,0,0,0,83,0,0,0,0
zc,TA209,2012-06-20 09:03:31.447,7326.0000,411538,-6,0.0000,16.0000,5,11,多平,S,7326.0000,0.0000,0.0000,0.0000,0.0000,7328.0000,0.0000,0.0000,0.0000,0.0000,50,0,0,0,0,79,0,0,0,0
zc,TA209,2012-06-20 09:03:32.147,7326.0000,411560,22,0.0000,24.0000,23,1,空开,S,7326.0000,0.0000,0.0000,0.0000,0.0000,7328.0000,0.0000,0.0000,0.0000,0.0000,55,0,0,0,0,94,0,0,0,0
zc,TA209,2012-06-20 09:03:32.617,7326.0000,411560,0,0.0000,40.0000,20,20,空换,S,7326.0000,0.0000,0.0000,0.0000,0.0000,7328.0000,0.0000,0.0000,0.0000,0.0000,38,0,0,0,0,94,0,0,0,0
zc,TA209,2012-06-20 09:03:33.397,7326.0000,411576,16,0.0000,34.0000,25,9,空开,S,7326.0000,0.0000,0.0000,0.0000,0.0000,7328.0000,0.0000,0.0000,0.0000,0.0000,28,0,0,0,0,93,0,0,0,0
zc,TA209,2012-06-20 09:03:33.663,7326.0000,411578,2,0.0000,6.0000,4,2,空开,S,7326.0000,0.0000,0.0000,0.0000,0.0000,7328.0000,0.0000,0.0000,0.0000,0.0000,28,0,0,0,0,191,0,0,0,0
zc,TA209,2012-06-20 09:03:34.413,7328.0000,411578,0,0.0000,2.0000,1,1,多换,B,7326.0000,0.0000,0.0000,0.0000,0.0000,7328.0000,0.0000,0.0000,0.0000,0.0000,35,0,0,0,0,190,0,0,0,0
zc,TA209,2012-06-20 09:03:35.133,7326.0000,411582,4,0.0000,8.0000,6,2,空开,S,7326.0000,0.0000,0.0000,0.0000,0.0000,7328.0000,0.0000,0.0000,0.0000,0.0000,83,0,0,0,0,192,0,0,0,0
zc,TA209,2012-06-20 09:03:35.633,7328.0000,411584,2,0.0000,10.0000,6,4,多开,B,7326.0000,0.0000,0.0000,0.0000,0.0000,7328.0000,0.0000,0.0000,0.0000,0.0000,185,0,0,0,0,192,0,0,0,0
zc,TA209,2012-06-20 09:03:36.350,7328.0000,411590,6,0.0000,6.0000,6,0,双开,B,7326.0000,0.0000,0.0000,0.0000,0.0000,7328.0000,0.0000,0.0000,0.0000,0.0000,201,0,0,0,0,192,0,0,0,0
zc,TA209,2012-06-20 09:03:36.897,7328.0000,411610,20,0.0000,84.0000,52,32,多开,B,7326.0000,0.0000,0.0000,0.0000,0.0000,7328.0000,0.0000,0.0000,0.0000,0.0000,201,0,0,0,0,160,0,0,0,0
zc,TA209,2012-06-20 09:03:37.600,7326.0000,411522,-88,0.0000,184.0000,48,136,多平,S,7326.0000,0.0000,0.0000,0.0000,0.0000,7328.0000,0.0000,0.0000,0.0000,0.0000,113,0,0,0,0,150,0,0,0,0
zc,TA209,2012-06-20 09:03:38.133,7326.0000,411522,0,0.0000,0.0000,0,0,空换,S,7326.0000,0.0000,0.0000,0.0000,0.0000,7328.0000,0.0000,0.0000,0.0000,0.0000,114,0,0,0,0,150,0,0,0,0
zc,TA209,2012-06-20 09:03:38.617,7326.0000,411524,2,0.0000,4.0000,3,1,空开,S,7326.0000,0.0000,0.0000,0.0000,0.0000,7328.0000,0.0000,0.0000,0.0000,0.0000,113,0,0,0,0,158,0,0,0,0
zc,TA209,2012-06-20 09:03:39.397,7328.0000,411520,-4,0.0000,10.0000,3,7,空平,B,7326.0000,0.0000,0.0000,0.0000,0.0000,7328.0000,0.0000,0.0000,0.0000,0.0000,109,0,0,0,0,166,0,0,0,0
zc,TA209,2012-06-20 09:03:39.947,7326.0000,411484,-36,0.0000,38.0000,1,37,多平,S,7326.0000,0.0000,0.0000,0.0000,0.0000,7328.0000,0.0000,0.0000,0.0000,0.0000,90,0,0,0,0,166,0,0,0,0
zc,TA209,2012-06-20 09:03:40.617,7328.0000,411458,-26,0.0000,32.0000,3,29,空平,B,7326.0000,0.0000,0.0000,0.0000,0.0000,7328.0000,0.0000,0.0000,0.0000,0.0000,77,0,0,0,0,163,0,0,0,0
zc,TA209,2012-06-20 09:03:41.117,7328.0000,411466,8,0.0000,8.0000,8,0,双开,B,7326.0000,0.0000,0.0000,0.0000,0.0000,7328.0000,0.0000,0.0000,0.0000,0.0000,88,0,0,0,0,159,0,0,0,0
zc,TA209,2012-06-20 09:03:41.897,7326.0000,411466,0,0.0000,10.0000,5,5,空换,S,7326.0000,0.0000,0.0000,0.0000,0.0000,7328.0000,0.0000,0.0000,0.0000,0.0000,86,0,0,0,0,167,0,0,0,0
zc,TA209,2012-06-20 09:03:42.430,7326.0000,411510,44,0.0000,192.0000,118,74,空开,S,7324.0000,0.0000,0.0000,0.0000,0.0000,7326.0000,0.0000,0.0000,0.0000,0.0000,225,0,0,0,0,404,0,0,0,0
zc,TA209,2012-06-20 09:03:43.133,7326.0000,411552,42,0.0000,42.0000,42,0,双开,S,7324.0000,0.0000,0.0000,0.0000,0.0000,7326.0000,0.0000,0.0000,0.0000,0.0000,225,0,0,0,0,392,0,0,0,0
zc,TA209,2012-06-20 09:03:43.647,7326.0000,411562,10,0.0000,14.0000,12,2,空开,S,7324.0000,0.0000,0.0000,0.0000,0.0000,7326.0000,0.0000,0.0000,0.0000,0.0000,225,0,0,0,0,387,0,0,0,0
zc,TA209,2012-06-20 09:03:44.147,7326.0000,411564,2,0.0000,8.0000,5,3,空开,S,7324.0000,0.0000,0.0000,0.0000,0.0000,7326.0000,0.0000,0.0000,0.0000,0.0000,224,0,0,0,0,387,0,0,0,0
zc,TA209,2012-06-20 09:03:44.960,7326.0000,411562,-2,0.0000,4.0000,1,3,多平,S,7324.0000,0.0000,0.0000,0.0000,0.0000,7326.0000,0.0000,0.0000,0.0000,0.0000,223,0,0,0,0,386,0,0,0,0
zc,TA209,2012-06-20 09:03:45.647,7326.0000,411580,18,0.0000,40.0000,29,11,空开,S,7324.0000,0.0000,0.0000,0.0000,0.0000,7326.0000,0.0000,0.0000,0.0000,0.0000,220,0,0,0,0,375,0,0,0,0
zc,TA209,2012-06-20 09:03:46.197,7326.0000,411584,4,0.0000,52.0000,28,24,空开,S,7324.0000,0.0000,0.0000,0.0000,0.0000,7326.0000,0.0000,0.0000,0.0000,0.0000,216,0,0,0,0,353,0,0,0,0
zc,TA209,2012-06-20 09:03:46.897,7326.0000,411624,40,0.0000,54.0000,47,7,空开,S,7324.0000,0.0000,0.0000,0.0000,0.0000,7326.0000,0.0000,0.0000,0.0000,0.0000,230,0,0,0,0,330,0,0,0,0
zc,TA209,2012-06-20 09:03:47.430,7324.0000,411636,12,0.0000,18.0000,15,3,空开,S,7324.0000,0.0000,0.0000,0.0000,0.0000,7326.0000,0.0000,0.0000,0.0000,0.0000,229,0,0,0,0,325,0,0,0,0
zc,TA209,2012-06-20 09:03:47.913,7326.0000,411676,40,0.0000,40.0000,40,0,双开,B,7324.0000,0.0000,0.0000,0.0000,0.0000,7326.0000,0.0000,0.0000,0.0000,0.0000,229,0,0,0,0,305,0,0,0,0
zc,TA209,2012-06-20 09:03:48.647,7324.0000,411656,-20,0.0000,20.0000,0,20,双平,S,7324.0000,0.0000,0.0000,0.0000,0.0000,7326.0000,0.0000,0.0000,0.0000,0.0000,219,0,0,0,0,305,0,0,0,0
zc,TA209,2012-06-20 09:03:49.180,7324.0000,411656,0,0.0000,4.0000,2,2,空换,S,7324.0000,0.0000,0.0000,0.0000,0.0000,7326.0000,0.0000,0.0000,0.0000,0.0000,219,0,0,0,0,305,0,0,0,0
zc,TA209,2012-06-20 09:03:49.930,7324.0000,411654,-2,0.0000,10.0000,4,6,多平,S,7324.0000,0.0000,0.0000,0.0000,0.0000,7326.0000,0.0000,0.0000,0.0000,0.0000,215,0,0,0,0,306,0,0,0,0
zc,TA209,2012-06-20 09:03:50.163,7324.0000,411622,-32,0.0000,48.0000,8,40,多平,S,7324.0000,0.0000,0.0000,0.0000,0.0000,7326.0000,0.0000,0.0000,0.0000,0.0000,193,0,0,0,0,305,0,0,0,0
zc,TA209,2012-06-20 09:03:50.897,7324.0000,411624,2,0.0000,52.0000,27,25,空开,S,7324.0000,0.0000,0.0000,0.0000,0.0000,7326.0000,0.0000,0.0000,0.0000,0.0000,168,0,0,0,0,305,0,0,0,0
zc,TA209,2012-06-20 09:03:51.397,7326.0000,411630,6,0.0000,12.0000,9,3,多开,B,7324.0000,0.0000,0.0000,0.0000,0.0000,7326.0000,0.0000,0.0000,0.0000,0.0000,182,0,0,0,0,301,0,0,0,0
zc,TA209,2012-06-20 09:03:52.180,7326.0000,411654,24,0.0000,536.0000,280,256,多开,B,7324.0000,0.0000,0.0000,0.0000,0.0000,7326.0000,0.0000,0.0000,0.0000,0.0000,118,0,0,0,0,106,0,0,0,0
zc,TA209,2012-06-20 09:03:52.697,7324.0000,411652,-2,0.0000,44.0000,21,23,多平,S,7324.0000,0.0000,0.0000,0.0000,0.0000,7326.0000,0.0000,0.0000,0.0000,0.0000,99,0,0,0,0,105,0,0,0,0
zc,TA209,2012-06-20 09:03:53.397,7324.0000,411648,-4,0.0000,12.0000,4,8,多平,S,7324.0000,0.0000,0.0000,0.0000,0.0000,7326.0000,0.0000,0.0000,0.0000,0.0000,101,0,0,0,0,110,0,0,0,0
zc,TA209,2012-06-20 09:03:53.897,7324.0000,411656,8,0.0000,72.0000,40,32,空开,S,7324.0000,0.0000,0.0000,0.0000,0.0000,7326.0000,0.0000,0.0000,0.0000,0.0000,67,0,0,0,0,111,0,0,0,0
zc,TA209,2012-06-20 09:03:54.430,7324.0000,411658,2,0.0000,6.0000,4,2,空开,S,7324.0000,0.0000,0.0000,0.0000,0.0000,7326.0000,0.0000,0.0000,0.0000,0.0000,68,0,0,0,0,116,0,0,0,0
zc,TA209,2012-06-20 09:03:55.163,7326.0000,411654,-4,0.0000,12.0000,4,8,空平,B,7324.0000,0.0000,0.0000,0.0000,0.0000,7326.0000,0.0000,0.0000,0.0000,0.0000,65,0,0,0,0,113,0,0,0,0
zc,TA209,2012-06-20 09:03:55.697,7324.0000,411652,-2,0.0000,2.0000,0,2,双平,S,7324.0000,0.0000,0.0000,0.0000,0.0000,7326.0000,0.0000,0.0000,0.0000,0.0000,64,0,0,0,0,153,0,0,0,0
zc,TA209,2012-06-20 09:03:56.413,7324.0000,411680,28,0.0000,732.0000,380,352,空开,S,7322.0000,0.0000,0.0000,0.0000,0.0000,7324.0000,0.0000,0.0000,0.0000,0.0000,75,0,0,0,0,84,0,0,0,0
zc,TA209,2012-06-20 09:03:56.897,7324.0000,411688,8,0.0000,8.0000,8,0,双开,S,7322.0000,0.0000,0.0000,0.0000,0.0000,7324.0000,0.0000,0.0000,0.0000,0.0000,79,0,0,0,0,86,0,0,0,0
zc,TA209,2012-06-20 09:03:57.397,7324.0000,411706,18,0.0000,22.0000,20,2,空开,S,7322.0000,0.0000,0.0000,0.0000,0.0000,7324.0000,0.0000,0.0000,0.0000,0.0000,84,0,0,0,0,91,0,0,0,0
zc,TA209,2012-06-20 09:03:57.913,7324.0000,411710,4,0.0000,14.0000,9,5,空开,S,7322.0000,0.0000,0.0000,0.0000,0.0000,7324.0000,0.0000,0.0000,0.0000,0.0000,85,0,0,0,0,85,0,0,0,0
zc,TA209,2012-06-20 09:03:58.710,7326.0000,411870,160,0.0000,214.0000,187,27,多开,B,7324.0000,0.0000,0.0000,0.0000,0.0000,7326.0000,0.0000,0.0000,0.0000,0.0000,76,0,0,0,0,130,0,0,0,0
zc,TA209,2012-06-20 09:03:59.180,7324.0000,411888,18,0.0000,22.0000,20,2,空开,S,7324.0000,0.0000,0.0000,0.0000,0.0000,7326.0000,0.0000,0.0000,0.0000,0.0000,98,0,0,0,0,134,0,0,0,0
zc,TA209,2012-06-20 09:03:59.663,7324.0000,411968,80,0.0000,126.0000,103,23,空开,S,7324.0000,0.0000,0.0000,0.0000,0.0000,7326.0000,0.0000,0.0000,0.0000,0.0000,86,0,0,0,0,127,0,0,0,0
zc,TA209,2012-06-20 09:04:00.397,7324.0000,412088,120,0.0000,120.0000,120,0,双开,S,7324.0000,0.0000,0.0000,0.0000,0.0000,7326.0000,0.0000,0.0000,0.0000,0.0000,46,0,0,0,0,120,0,0,0,0
zc,TA209,2012-06-20 09:04:00.913,7326.0000,412128,40,0.0000,40.0000,40,0,双开,B,7324.0000,0.0000,0.0000,0.0000,0.0000,7326.0000,0.0000,0.0000,0.0000,0.0000,41,0,0,0,0,101,0,0,0,0
zc,TA209,2012-06-20 09:04:01.447,7326.0000,412226,98,0.0000,214.0000,156,58,多开,B,7324.0000,0.0000,0.0000,0.0000,0.0000,7326.0000,0.0000,0.0000,0.0000,0.0000,14,0,0,0,0,97,0,0,0,0
zc,TA209,2012-06-20 09:04:01.913,7326.0000,412228,2,0.0000,4.0000,3,1,多开,B,7324.0000,0.0000,0.0000,0.0000,0.0000,7326.0000,0.0000,0.0000,0.0000,0.0000,14,0,0,0,0,95,0,0,0,0
zc,TA209,2012-06-20 09:04:02.633,7324.0000,412230,2,0.0000,2.0000,2,0,双开,S,7324.0000,0.0000,0.0000,0.0000,0.0000,7326.0000,0.0000,0.0000,0.0000,0.0000,18,0,0,0,0,95,0,0,0,0
zc,TA209,2012-06-20 09:04:03.147,7326.0000,412226,-4,0.0000,68.0000,32,36,空平,B,7324.0000,0.0000,0.0000,0.0000,0.0000,7326.0000,0.0000,0.0000,0.0000,0.0000,45,0,0,0,0,84,0,0,0,0
zc,TA209,2012-06-20 09:04:03.960,7326.0000,412344,118,0.0000,172.0000,145,27,多开,B,7326.0000,0.0000,0.0000,0.0000,0.0000,7328.0000,0.0000,0.0000,0.0000,0.0000,15,0,0,0,0,197,0,0,0,0
zc,TA209,2012-06-20 09:04:04.430,7324.0000,412388,44,0.0000,66.0000,55,11,空开,S,7326.0000,0.0000,0.0000,0.0000,0.0000,7328.0000,0.0000,0.0000,0.0000,0.0000,1,0,0,0,0,197,0,0,0,0
zc,TA209,2012-06-20 09:04:05.163,7324.0000,412388,0,0.0000,0.0000,0,0,空换,S,7326.0000,0.0000,0.0000,0.0000,0.0000,7328.0000,0.0000,0.0000,0.0000,0.0000,11,0,0,0,0,197,0,0,0,0
zc,TA209,2012-06-20 09:04:05.647,7326.0000,412390,2,0.0000,4.0000,3,1,多开,B,7326.0000,0.0000,0.0000,0.0000,0.0000,7328.0000,0.0000,0.0000,0.0000,0.0000,9,0,0,0,0,197,0,0,0,0
zc,TA209,2012-06-20 09:04:06.163,7328.0000,412400,10,0.0000,24.0000,17,7,多开,B,7326.0000,0.0000,0.0000,0.0000,0.0000,7328.0000,0.0000,0.0000,0.0000,0.0000,8,0,0,0,0,187,0,0,0,0
zc,TA209,2012-06-20 09:04:06.883,7328.0000,412432,32,0.0000,42.0000,37,5,多开,B,7326.0000,0.0000,0.0000,0.0000,0.0000,7328.0000,0.0000,0.0000,0.0000,0.0000,12,0,0,0,0,167,0,0,0,0
zc,TA209,2012-06-20 09:04:07.447,7326.0000,412426,-6,0.0000,134.0000,64,70,多平,S,7326.0000,0.0000,0.0000,0.0000,0.0000,7328.0000,0.0000,0.0000,0.0000,0.0000,14,0,0,0,0,17,0,0,0,0
zc,TA209,2012-06-20 09:04:07.897,7328.0000,412450,24,0.0000,42.0000,33,9,多开,B,7328.0000,0.0000,0.0000,0.0000,0.0000,7330.0000,0.0000,0.0000,0.0000,0.0000,28,0,0,0,0,326,0,0,0,0
zc,TA209,2012-06-20 09:04:08.647,7330.0000,412440,-10,0.0000,30.0000,10,20,空平,B,7328.0000,0.0000,0.0000,0.0000,0.0000,7330.0000,0.0000,0.0000,0.0000,0.0000,165,0,0,0,0,344,0,0,0,0
zc,TA209,2012-06-20 09:04:09.163,7330.0000,412414,-26,0.0000,34.0000,4,30,空平,B,7328.0000,0.0000,0.0000,0.0000,0.0000,7330.0000,0.0000,0.0000,0.0000,0.0000,164,0,0,0,0,343,0,0,0,0
zc,TA209,2012-06-20 09:04:09.960,7328.0000,412402,-12,0.0000,14.0000,1,13,多平,S,7328.0000,0.0000,0.0000,0.0000,0.0000,7330.0000,0.0000,0.0000,0.0000,0.0000,158,0,0,0,0,347,0,0,0,0
zc,TA209,2012-06-20 09:04:10.413,7330.0000,412400,-2,0.0000,22.0000,10,12,空平,B,7328.0000,0.0000,0.0000,0.0000,0.0000,7330.0000,0.0000,0.0000,0.0000,0.0000,160,0,0,0,0,346,0,0,0,0
zc,TA209,2012-06-20 09:04:11.147,7328.0000,412398,-2,0.0000,18.0000,8,10,多平,S,7328.0000,0.0000,0.0000,0.0000,0.0000,7330.0000,0.0000,0.0000,0.0000,0.0000,156,0,0,0,0,343,0,0,0,0
zc,TA209,2012-06-20 09:04:11.430,7328.0000,412400,2,0.0000,20.0000,11,9,空开,S,7328.0000,0.0000,0.0000,0.0000,0.0000,7330.0000,0.0000,0.0000,0.0000,0.0000,147,0,0,0,0,343,0,0,0,0
zc,TA209,2012-06-20 09:04:12.147,7330.0000,412400,0,0.0000,48.0000,24,24,多换,B,7328.0000,0.0000,0.0000,0.0000,0.0000,7330.0000,0.0000,0.0000,0.0000,0.0000,137,0,0,0,0,375,0,0,0,0
zc,TA209,2012-06-20 09:04:12.647,7330.0000,412400,0,0.0000,56.0000,28,28,多换,B,7328.0000,0.0000,0.0000,0.0000,0.0000,7330.0000,0.0000,0.0000,0.0000,0.0000,137,0,0,0,0,349,0,0,0,0
zc,TA209,2012-06-20 09:04:13.397,7328.0000,412400,0,0.0000,6.0000,3,3,空换,S,7328.0000,0.0000,0.0000,0.0000,0.0000,7330.0000,0.0000,0.0000,0.0000,0.0000,134,0,0,0,0,350,0,0,0,0
zc,TA209,2012-06-20 09:04:13.883,7330.0000,412402,2,0.0000,6.0000,4,2,多开,B,7328.0000,0.0000,0.0000,0.0000,0.0000,7330.0000,0.0000,0.0000,0.0000,0.0000,149,0,0,0,0,347,0,0,0,0
zc,TA209,2012-06-20 09:04:14.413,7330.0000,412426,24,0.0000,324.0000,174,150,多开,B,7328.0000,0.0000,0.0000,0.0000,0.0000,7330.0000,0.0000,0.0000,0.0000,0.0000,13,0,0,0,0,346,0,0,0,0
zc,TA209,2012-06-20 09:04:14.930,7330.0000,412426,0,0.0000,4.0000,2,2,多换,B,7328.0000,0.0000,0.0000,0.0000,0.0000,7330.0000,0.0000,0.0000,0.0000,0.0000,13,0,0,0,0,344,0,0,0,0
zc,TA209,2012-06-20 09:04:15.710,7328.0000,412416,-10,0.0000,36.0000,13,23,多平,S,7326.0000,0.0000,0.0000,0.0000,0.0000,7328.0000,0.0000,0.0000,0.0000,0.0000,68,0,0,0,0,12,0,0,0,0
zc,TA209,2012-06-20 09:04:16.163,7330.0000,412390,-26,0.0000,96.0000,35,61,空平,B,7326.0000,0.0000,0.0000,0.0000,0.0000,7328.0000,0.0000,0.0000,0.0000,0.0000,26,0,0,0,0,6,0,0,0,0
zc,TA209,2012-06-20 09:04:16.897,7330.0000,412394,4,0.0000,16.0000,10,6,多开,B,7326.0000,0.0000,0.0000,0.0000,0.0000,7330.0000,0.0000,0.0000,0.0000,0.0000,25,0,0,0,0,331,0,0,0,0
zc,TA209,2012-06-20 09:04:17.430,7328.0000,412394,0,0.0000,2.0000,1,1,空换,S,7326.0000,0.0000,0.0000,0.0000,0.0000,7328.0000,0.0000,0.0000,0.0000,0.0000,26,0,0,0,0,6,0,0,0,0
zc,TA209,2012-06-20 09:04:18.180,7326.0000,412384,-10,0.0000,28.0000,9,19,多平,S,7326.0000,0.0000,0.0000,0.0000,0.0000,7328.0000,0.0000,0.0000,0.0000,0.0000,51,0,0,0,0,12,0,0,0,0
zc,TA209,2012-06-20 09:04:18.663,7330.0000,412316,-68,0.0000,70.0000,1,69,空平,B,7328.0000,0.0000,0.0000,0.0000,0.0000,7330.0000,0.0000,0.0000,0.0000,0.0000,63,0,0,0,0,327,0,0,0,0
zc,TA209,2012-06-20 09:04:19.163,7330.0000,412316,0,0.0000,6.0000,3,3,多换,B,7328.0000,0.0000,0.0000,0.0000,0.0000,7330.0000,0.0000,0.0000,0.0000,0.0000,64,0,0,0,0,322,0,0,0,0
zc,TA209,2012-06-20 09:04:20.197,7330.0000,412316,0,0.0000,0.0000,0,0,多换,B,7328.0000,0.0000,0.0000,0.0000,0.0000,7330.0000,0.0000,0.0000,0.0000,0.0000,71,0,0,0,0,323,0,0,0,0
zc,TA209,2012-06-20 09:04:20.930,7328.0000,412316,0,0.0000,2.0000,1,1,空换,S,7328.0000,0.0000,0.0000,0.0000,0.0000,7330.0000,0.0000,0.0000,0.0000,0.0000,68,0,0,0,0,323,0,0,0,0
zc,TA209,2012-06-20 09:04:21.413,7328.0000,412316,0,0.0000,8.0000,4,4,空换,S,7328.0000,0.0000,0.0000,0.0000,0.0000,7330.0000,0.0000,0.0000,0.0000,0.0000,67,0,0,0,0,322,0,0,0,0
zc,TA209,2012-06-20 09:04:21.897,7328.0000,412294,-22,0.0000,44.0000,11,33,多平,S,7328.0000,0.0000,0.0000,0.0000,0.0000,7330.0000,0.0000,0.0000,0.0000,0.0000,45,0,0,0,0,323,0,0,0,0
zc,TA209,2012-06-20 09:04:22.710,7326.0000,412236,-58,0.0000,178.0000,60,118,多平,S,7326.0000,0.0000,0.0000,0.0000,0.0000,7330.0000,0.0000,0.0000,0.0000,0.0000,158,0,0,0,0,323,0,0,0,0
zc,TA209,2012-06-20 09:04:23.180,7330.0000,412234,-2,0.0000,2.0000,0,2,双平,B,7326.0000,0.0000,0.0000,0.0000,0.0000,7330.0000,0.0000,0.0000,0.0000,0.0000,168,0,0,0,0,322,0,0,0,0
zc,TA209,2012-06-20 09:04:23.913,7326.0000,412216,-18,0.0000,38.0000,10,28,多平,S,7326.0000,0.0000,0.0000,0.0000,0.0000,7328.0000,0.0000,0.0000,0.0000,0.0000,169,0,0,0,0,1,0,0,0,0
zc,TA209,2012-06-20 09:04:24.197,7330.0000,412218,2,0.0000,18.0000,10,8,多开,B,7328.0000,0.0000,0.0000,0.0000,0.0000,7330.0000,0.0000,0.0000,0.0000,0.0000,20,0,0,0,0,325,0,0,0,0
zc,TA209,2012-06-20 09:04:25.180,7330.0000,412202,-16,0.0000,98.0000,41,57,空平,B,7328.0000,0.0000,0.0000,0.0000,0.0000,7330.0000,0.0000,0.0000,0.0000,0.0000,24,0,0,0,0,278,0,0,0,0
zc,TA209,2012-06-20 09:04:25.367,7328.0000,412200,-2,0.0000,2.0000,0,2,双平,S,7328.0000,0.0000,0.0000,0.0000,0.0000,7330.0000,0.0000,0.0000,0.0000,0.0000,23,0,0,0,0,284,0,0,0,0
zc,TA209,2012-06-20 09:04:26.133,7328.0000,412200,0,0.0000,2.0000,1,1,空换,S,7328.0000,0.0000,0.0000,0.0000,0.0000,7330.0000,0.0000,0.0000,0.0000,0.0000,23,0,0,0,0,289,0,0,0,0
zc,TA209,2012-06-20 09:04:26.680,7328.0000,412170,-30,0.0000,56.0000,13,43,多平,S,7328.0000,0.0000,0.0000,0.0000,0.0000,7330.0000,0.0000,0.0000,0.0000,0.0000,4,0,0,0,0,292,0,0,0,0
zc,TA209,2012-06-20 09:04:27.413,7328.0000,412170,0,0.0000,8.0000,4,4,空换,S,7328.0000,0.0000,0.0000,0.0000,0.0000,7330.0000,0.0000,0.0000,0.0000,0.0000,51,0,0,0,0,338,0,0,0,0
zc,TA209,2012-06-20 09:04:27.930,7328.0000,412172,2,0.0000,2.0000,2,0,双开,S,7328.0000,0.0000,0.0000,0.0000,0.0000,7330.0000,0.0000,0.0000,0.0000,0.0000,52,0,0,0,0,338,0,0,0,0
zc,TA209,2012-06-20 09:04:28.413,7330.0000,412166,-6,0.0000,76.0000,35,41,空平,B,7328.0000,0.0000,0.0000,0.0000,0.0000,7330.0000,0.0000,0.0000,0.0000,0.0000,50,0,0,0,0,304,0,0,0,0
zc,TA209,2012-06-20 09:04:29.133,7328.0000,412286,120,0.0000,146.0000,133,13,空开,S,7328.0000,0.0000,0.0000,0.0000,0.0000,7330.0000,0.0000,0.0000,0.0000,0.0000,48,0,0,0,0,234,0,0,0,0
zc,TA209,2012-06-20 09:04:29.647,7330.0000,412300,14,0.0000,14.0000,14,0,双开,B,7328.0000,0.0000,0.0000,0.0000,0.0000,7330.0000,0.0000,0.0000,0.0000,0.0000,57,0,0,0,0,229,0,0,0,0
zc,TA209,2012-06-20 09:04:30.430,7328.0000,412302,2,0.0000,4.0000,3,1,空开,S,7328.0000,0.0000,0.0000,0.0000,0.0000,7330.0000,0.0000,0.0000,0.0000,0.0000,81,0,0,0,0,231,0,0,0,0
zc,TA209,2012-06-20 09:04:30.897,7328.0000,412302,0,0.0000,0.0000,0,0,空换,S,7328.0000,0.0000,0.0000,0.0000,0.0000,7330.0000,0.0000,0.0000,0.0000,0.0000,86,0,0,0,0,231,0,0,0,0
zc,TA209,2012-06-20 09:04:31.633,7330.0000,412292,-10,0.0000,106.0000,48,58,空平,B,7328.0000,0.0000,0.0000,0.0000,0.0000,7330.0000,0.0000,0.0000,0.0000,0.0000,85,0,0,0,0,179,0,0,0,0
zc,TA209,2012-06-20 09:04:32.133,7330.0000,412238,-54,0.0000,220.0000,83,137,空平,B,7328.0000,0.0000,0.0000,0.0000,0.0000,7330.0000,0.0000,0.0000,0.0000,0.0000,89,0,0,0,0,72,0,0,0,0
zc,TA209,2012-06-20 09:04:32.647,7330.0000,412350,112,0.0000,146.0000,129,17,多开,B,7330.0000,0.0000,0.0000,0.0000,0.0000,7332.0000,0.0000,0.0000,0.0000,0.0000,69,0,0,0,0,25,0,0,0,0
zc,TA209,2012-06-20 09:04:33.180,7328.0000,412632,282,0.0000,344.0000,313,31,空开,S,7326.0000,0.0000,0.0000,0.0000,0.0000,7328.0000,0.0000,0.0000,0.0000,0.0000,218,0,0,0,0,28,0,0,0,0
zc,TA209,2012-06-20 09:04:33.930,7328.0000,412684,52,0.0000,56.0000,54,2,空开,S,7328.0000,0.0000,0.0000,0.0000,0.0000,7330.0000,0.0000,0.0000,0.0000,0.0000,48,0,0,0,0,2,0,0,0,0
zc,TA209,2012-06-20 09:04:34.430,7328.0000,412690,6,0.0000,6.0000,6,0,双开,S,7328.0000,0.0000,0.0000,0.0000,0.0000,7330.0000,0.0000,0.0000,0.0000,0.0000,54,0,0,0,0,1,0,0,0,0
zc,TA209,2012-06-20 09:04:34.947,7328.0000,412690,0,0.0000,0.0000,0,0,空换,S,7328.0000,0.0000,0.0000,0.0000,0.0000,7330.0000,0.0000,0.0000,0.0000,0.0000,63,0,0,0,0,46,0,0,0,0
zc,TA209,2012-06-20 09:04:35.663,7330.0000,412690,0,0.0000,4.0000,2,2,多换,B,7328.0000,0.0000,0.0000,0.0000,0.0000,7330.0000,0.0000,0.0000,0.0000,0.0000,65,0,0,0,0,46,0,0,0,0
zc,TA209,2012-06-20 09:04:36.133,7330.0000,412690,0,0.0000,2.0000,1,1,多换,B,7328.0000,0.0000,0.0000,0.0000,0.0000,7330.0000,0.0000,0.0000,0.0000,0.0000,65,0,0,0,0,45,0,0,0,0
zc,TA209,2012-06-20 09:04:36.947,7330.0000,412710,20,0.0000,92.0000,56,36,多开,B,7330.0000,0.0000,0.0000,0.0000,0.0000,7332.0000,0.0000,0.0000,0.0000,0.0000,5,0,0,0,0,24,0,0,0,0
zc,TA209,2012-06-20 09:04:37.447,7330.0000,412712,2,0.0000,2.0000,2,0,双开,B,7330.0000,0.0000,0.0000,0.0000,0.0000,7332.0000,0.0000,0.0000,0.0000,0.0000,4,0,0,0,0,124,0,0,0,0
zc,TA209,2012-06-20 09:04:37.947,7330.0000,412694,-18,0.0000,78.0000,30,48,空平,B,7328.0000,0.0000,0.0000,0.0000,0.0000,7330.0000,0.0000,0.0000,0.0000,0.0000,74,0,0,0,0,98,0,0,0,0
zc,TA209,2012-06-20 09:04:38.697,7330.0000,412694,0,0.0000,2.0000,1,1,多换,B,7328.0000,0.0000,0.0000,0.0000,0.0000,7330.0000,0.0000,0.0000,0.0000,0.0000,79,0,0,0,0,97,0,0,0,0
zc,TA209,2012-06-20 09:04:39.147,7330.0000,412694,0,0.0000,4.0000,2,2,多换,B,7328.0000,0.0000,0.0000,0.0000,0.0000,7330.0000,0.0000,0.0000,0.0000,0.0000,79,0,0,0,0,96,0,0,0,0
zc,TA209,2012-06-20 09:04:39.663,7330.0000,412694,0,0.0000,4.0000,2,2,多换,B,7328.0000,0.0000,0.0000,0.0000,0.0000,7330.0000,0.0000,0.0000,0.0000,0.0000,82,0,0,0,0,128,0,0,0,0
zc,TA209,2012-06-20 09:04:40.413,7330.0000,412694,0,0.0000,0.0000,0,0,多换,B,7328.0000,0.0000,0.0000,0.0000,0.0000,7330.0000,0.0000,0.0000,0.0000,0.0000,79,0,0,0,0,128,0,0,0,0
zc,TA209,2012-06-20 09:04:40.913,7330.0000,412694,0,0.0000,0.0000,0,0,多换,B,7328.0000,0.0000,0.0000,0.0000,0.0000,7330.0000,0.0000,0.0000,0.0000,0.0000,77,0,0,0,0,136,0,0,0,0
zc,TA209,2012-06-20 09:04:41.397,7328.0000,412696,2,0.0000,2.0000,2,0,双开,S,7328.0000,0.0000,0.0000,0.0000,0.0000,7330.0000,0.0000,0.0000,0.0000,0.0000,78,0,0,0,0,152,0,0,0,0
zc,TA209,2012-06-20 09:04:42.163,7328.0000,412696,0,0.0000,0.0000,0,0,空换,S,7328.0000,0.0000,0.0000,0.0000,0.0000,7330.0000,0.0000,0.0000,0.0000,0.0000,79,0,0,0,0,152,0,0,0,0
zc,TA209,2012-06-20 09:04:42.680,7328.0000,412696,0,0.0000,0.0000,0,0,空换,S,7328.0000,0.0000,0.0000,0.0000,0.0000,7330.0000,0.0000,0.0000,0.0000,0.0000,86,0,0,0,0,155,0,0,0,0
zc,TA209,2012-06-20 09:04:43.163,7328.0000,412586,-110,0.0000,180.0000,35,145,多平,S,7326.0000,0.0000,0.0000,0.0000,0.0000,7328.0000,0.0000,0.0000,0.0000,0.0000,262,0,0,0,0,12,0,0,0,0
zc,TA209,2012-06-20 09:04:43.633,7328.0000,412586,0,0.0000,8.0000,4,4,空换,S,7326.0000,0.0000,0.0000,0.0000,0.0000,7328.0000,0.0000,0.0000,0.0000,0.0000,263,0,0,0,0,108,0,0,0,0
zc,TA209,2012-06-20 09:04:44.397,7328.0000,412616,30,0.0000,46.0000,38,8,空开,S,7326.0000,0.0000,0.0000,0.0000,0.0000,7328.0000,0.0000,0.0000,0.0000,0.0000,262,0,0,0,0,103,0,0,0,0
zc,TA209,2012-06-20 09:04:45.180,7328.0000,412626,10,0.0000,10.0000,10,0,双开,S,7326.0000,0.0000,0.0000,0.0000,0.0000,7328.0000,0.0000,0.0000,0.0000,0.0000,263,0,0,0,0,130,0,0,0,0
zc,TA209,2012-06-20 09:04:45.680,7328.0000,412630,4,0.0000,4.0000,4,0,双开,S,7326.0000,0.0000,0.0000,0.0000,0.0000,7328.0000,0.0000,0.0000,0.0000,0.0000,263,0,0,0,0,139,0,0,0,0
zc,TA209,2012-06-20 09:04:46.180,7328.0000,412636,6,0.0000,16.0000,11,5,空开,S,7326.0000,0.0000,0.0000,0.0000,0.0000,7328.0000,0.0000,0.0000,0.0000,0.0000,263,0,0,0,0,131,0,0,0,0
zc,TA209,2012-06-20 09:04:46.680,7328.0000,412690,54,0.0000,76.0000,65,11,空开,S,7326.0000,0.0000,0.0000,0.0000,0.0000,7328.0000,0.0000,0.0000,0.0000,0.0000,156,0,0,0,0,106,0,0,0,0
zc,TA209,2012-06-20 09:04:47.383,7326.0000,412692,2,0.0000,4.0000,3,1,空开,S,7326.0000,0.0000,0.0000,0.0000,0.0000,7328.0000,0.0000,0.0000,0.0000,0.0000,155,0,0,0,0,115,0,0,0,0
zc,TA209,2012-06-20 09:04:47.913,7328.0000,412732,40,0.0000,40.0000,40,0,双开,B,7326.0000,0.0000,0.0000,0.0000,0.0000,7328.0000,0.0000,0.0000,0.0000,0.0000,140,0,0,0,0,110,0,0,0,0
zc,TA209,2012-06-20 09:04:48.697,7326.0000,412564,-168,0.0000,372.0000,102,270,多平,S,7324.0000,0.0000,0.0000,0.0000,0.0000,7326.0000,0.0000,0.0000,0.0000,0.0000,111,0,0,0,0,24,0,0,0,0
zc,TA209,2012-06-20 09:04:49.197,7326.0000,412562,-2,0.0000,126.0000,62,64,多平,S,7324.0000,0.0000,0.0000,0.0000,0.0000,7326.0000,0.0000,0.0000,0.0000,0.0000,121,0,0,0,0,19,0,0,0,0
zc,TA209,2012-06-20 09:04:49.897,7326.0000,412564,2,0.0000,8.0000,5,3,空开,S,7324.0000,0.0000,0.0000,0.0000,0.0000,7326.0000,0.0000,0.0000,0.0000,0.0000,118,0,0,0,0,42,0,0,0,0
zc,TA209,2012-06-20 09:04:50.430,7326.0000,412564,0,0.0000,0.0000,0,0,空换,S,7324.0000,0.0000,0.0000,0.0000,0.0000,7326.0000,0.0000,0.0000,0.0000,0.0000,98,0,0,0,0,42,0,0,0,0
zc,TA209,2012-06-20 09:04:50.883,7326.0000,412680,116,0.0000,220.0000,168,52,空开,S,7324.0000,0.0000,0.0000,0.0000,0.0000,7326.0000,0.0000,0.0000,0.0000,0.0000,91,0,0,0,0,22,0,0,0,0
zc,TA209,2012-06-20 09:04:51.680,7326.0000,412732,52,0.0000,62.0000,57,5,空开,S,7324.0000,0.0000,0.0000,0.0000,0.0000,7326.0000,0.0000,0.0000,0.0000,0.0000,65,0,0,0,0,54,0,0,0,0
zc,TA209,2012-06-20 09:04:52.197,7326.0000,412716,-16,0.0000,40.0000,12,28,多平,S,7324.0000,0.0000,0.0000,0.0000,0.0000,7326.0000,0.0000,0.0000,0.0000,0.0000,66,0,0,0,0,34,0,0,0,0
zc,TA209,2012-06-20 09:04:52.883,7326.0000,412716,0,0.0000,24.0000,12,12,空换,S,7324.0000,0.0000,0.0000,0.0000,0.0000,7326.0000,0.0000,0.0000,0.0000,0.0000,64,0,0,0,0,22,0,0,0,0
zc,TA209,2012-06-20 09:04:53.413,7326.0000,412716,0,0.0000,12.0000,6,6,空换,S,7324.0000,0.0000,0.0000,0.0000,0.0000,7326.0000,0.0000,0.0000,0.0000,0.0000,64,0,0,0,0,24,0,0,0,0
zc,TA209,2012-06-20 09:04:53.930,7326.0000,412730,14,0.0000,14.0000,14,0,双开,S,7324.0000,0.0000,0.0000,0.0000,0.0000,7326.0000,0.0000,0.0000,0.0000,0.0000,65,0,0,0,0,22,0,0,0,0
zc,TA209,2012-06-20 09:04:54.647,7326.0000,412730,0,0.0000,0.0000,0,0,空换,S,7324.0000,0.0000,0.0000,0.0000,0.0000,7326.0000,0.0000,0.0000,0.0000,0.0000,65,0,0,0,0,13,0,0,0,0
zc,TA209,2012-06-20 09:04:55.163,7326.0000,412732,2,0.0000,2.0000,2,0,双开,S,7324.0000,0.0000,0.0000,0.0000,0.0000,7326.0000,0.0000,0.0000,0.0000,0.0000,65,0,0,0,0,22,0,0,0,0
zc,TA209,2012-06-20 09:04:55.647,7326.0000,412732,0,0.0000,0.0000,0,0,空换,S,7324.0000,0.0000,0.0000,0.0000,0.0000,7326.0000,0.0000,0.0000,0.0000,0.0000,66,0,0,0,0,23,0,0,0,0
zc,TA209,2012-06-20 09:04:56.397,7326.0000,412736,4,0.0000,4.0000,4,0,双开,S,7324.0000,0.0000,0.0000,0.0000,0.0000,7326.0000,0.0000,0.0000,0.0000,0.0000,65,0,0,0,0,32,0,0,0,0
zc,TA209,2012-06-20 09:04:56.897,7326.0000,412740,4,0.0000,4.0000,4,0,双开,S,7324.0000,0.0000,0.0000,0.0000,0.0000,7326.0000,0.0000,0.0000,0.0000,0.0000,86,0,0,0,0,46,0,0,0,0
zc,TA209,2012-06-20 09:04:57.960,7326.0000,412754,14,0.0000,20.0000,17,3,空开,S,7324.0000,0.0000,0.0000,0.0000,0.0000,7326.0000,0.0000,0.0000,0.0000,0.0000,132,0,0,0,0,43,0,0,0,0
zc,TA209,2012-06-20 09:04:58.680,7324.0000,412754,0,0.0000,4.0000,2,2,空换,S,7324.0000,0.0000,0.0000,0.0000,0.0000,7326.0000,0.0000,0.0000,0.0000,0.0000,131,0,0,0,0,43,0,0,0,0
zc,TA209,2012-06-20 09:04:59.180,7326.0000,412760,6,0.0000,6.0000,6,0,双开,B,7324.0000,0.0000,0.0000,0.0000,0.0000,7326.0000,0.0000,0.0000,0.0000,0.0000,131,0,0,0,0,41,0,0,0,0
zc,TA209,2012-06-20 09:05:00.147,7326.0000,412768,8,0.0000,12.0000,10,2,多开,B,7324.0000,0.0000,0.0000,0.0000,0.0000,7326.0000,0.0000,0.0000,0.0000,0.0000,128,0,0,0,0,65,0,0,0,0
zc,TA209,2012-06-20 09:05:01.117,7326.0000,412772,4,0.0000,4.0000,4,0,双开,B,7324.0000,0.0000,0.0000,0.0000,0.0000,7326.0000,0.0000,0.0000,0.0000,0.0000,128,0,0,0,0,63,0,0,0,0
zc,TA209,2012-06-20 09:05:01.647,7326.0000,412780,8,0.0000,10.0000,9,1,多开,B,7324.0000,0.0000,0.0000,0.0000,0.0000,7326.0000,0.0000,0.0000,0.0000,0.0000,135,0,0,0,0,89,0,0,0,0
zc,TA209,2012-06-20 09:05:02.430,7326.0000,412784,4,0.0000,8.0000,6,2,多开,B,7324.0000,0.0000,0.0000,0.0000,0.0000,7326.0000,0.0000,0.0000,0.0000,0.0000,135,0,0,0,0,85,0,0,0,0
zc,TA209,2012-06-20 09:05:02.930,7326.0000,412790,6,0.0000,6.0000,6,0,双开,B,7324.0000,0.0000,0.0000,0.0000,0.0000,7326.0000,0.0000,0.0000,0.0000,0.0000,137,0,0,0,0,83,0,0,0,0
zc,TA209,2012-06-20 09:05:03.647,7326.0000,412832,42,0.0000,42.0000,42,0,双开,B,7324.0000,0.0000,0.0000,0.0000,0.0000,7326.0000,0.0000,0.0000,0.0000,0.0000,137,0,0,0,0,62,0,0,0,0
zc,TA209,2012-06-20 09:05:04.383,7326.0000,412810,-22,0.0000,60.0000,19,41,空平,B,7324.0000,0.0000,0.0000,0.0000,0.0000,7326.0000,0.0000,0.0000,0.0000,0.0000,156,0,0,0,0,38,0,0,0,0
zc,TA209,2012-06-20 09:05:04.697,7326.0000,412878,68,0.0000,80.0000,74,6,多开,B,7326.0000,0.0000,0.0000,0.0000,0.0000,7328.0000,0.0000,0.0000,0.0000,0.0000,7,0,0,0,0,66,0,0,0,0
zc,TA209,2012-06-20 09:05:05.447,7326.0000,412880,2,0.0000,2.0000,2,0,双开,B,7326.0000,0.0000,0.0000,0.0000,0.0000,7328.0000,0.0000,0.0000,0.0000,0.0000,117,0,0,0,0,60,0,0,0,0
zc,TA209,2012-06-20 09:05:05.947,7326.0000,412882,2,0.0000,4.0000,3,1,多开,B,7326.0000,0.0000,0.0000,0.0000,0.0000,7328.0000,0.0000,0.0000,0.0000,0.0000,148,0,0,0,0,60,0,0,0,0
zc,TA209,2012-06-20 09:05:06.647,7324.0000,413028,146,0.0000,568.0000,357,211,空开,S,7324.0000,0.0000,0.0000,0.0000,0.0000,7326.0000,0.0000,0.0000,0.0000,0.0000,161,0,0,0,0,6,0,0,0,0
zc,TA209,2012-06-20 09:05:07.210,7324.0000,413032,4,0.0000,10.0000,7,3,空开,S,7324.0000,0.0000,0.0000,0.0000,0.0000,7326.0000,0.0000,0.0000,0.0000,0.0000,156,0,0,0,0,7,0,0,0,0
zc,TA209,2012-06-20 09:05:07.680,7328.0000,413044,12,0.0000,16.0000,14,2,多开,B,7328.0000,0.0000,0.0000,0.0000,0.0000,7330.0000,0.0000,0.0000,0.0000,0.0000,9,0,0,0,0,265,0,0,0,0
zc,TA209,2012-06-20 09:05:08.413,7328.0000,413044,0,0.0000,2.0000,1,1,多换,B,7328.0000,0.0000,0.0000,0.0000,0.0000,7330.0000,0.0000,0.0000,0.0000,0.0000,44,0,0,0,0,265,0,0,0,0
zc,TA209,2012-06-20 09:05:08.913,7328.0000,413044,0,0.0000,0.0000,0,0,多换,B,7328.0000,0.0000,0.0000,0.0000,0.0000,7330.0000,0.0000,0.0000,0.0000,0.0000,46,0,0,0,0,265,0,0,0,0
zc,TA209,2012-06-20 09:05:09.663,7328.0000,413044,0,0.0000,8.0000,4,4,多换,B,7328.0000,0.0000,0.0000,0.0000,0.0000,7330.0000,0.0000,0.0000,0.0000,0.0000,42,0,0,0,0,278,0,0,0,0
zc,TA209,2012-06-20 09:05:10.163,7328.0000,413090,46,0.0000,54.0000,50,4,多开,B,7328.0000,0.0000,0.0000,0.0000,0.0000,7330.0000,0.0000,0.0000,0.0000,0.0000,13,0,0,0,0,278,0,0,0,0
zc,TA209,2012-06-20 09:05:10.947,7328.0000,413092,2,0.0000,2.0000,2,0,双开,B,7326.0000,0.0000,0.0000,0.0000,0.0000,7330.0000,0.0000,0.0000,0.0000,0.0000,26,0,0,0,0,278,0,0,0,0
zc,TA209,2012-06-20 09:05:11.447,7328.0000,413092,0,0.0000,0.0000,0,0,多换,B,7326.0000,0.0000,0.0000,0.0000,0.0000,7328.0000,0.0000,0.0000,0.0000,0.0000,28,0,0,0,0,7,0,0,0,0
zc,TA209,2012-06-20 09:05:12.133,7328.0000,413082,-10,0.0000,14.0000,2,12,空平,B,7326.0000,0.0000,0.0000,0.0000,0.0000,7328.0000,0.0000,0.0000,0.0000,0.0000,28,0,0,0,0,81,0,0,0,0
zc,TA209,2012-06-20 09:05:12.383,7328.0000,413082,0,0.0000,0.0000,0,0,多换,B,7326.0000,0.0000,0.0000,0.0000,0.0000,7328.0000,0.0000,0.0000,0.0000,0.0000,29,0,0,0,0,87,0,0,0,0
zc,TA209,2012-06-20 09:05:13.180,7328.0000,413080,-2,0.0000,2.0000,0,2,双平,B,7326.0000,0.0000,0.0000,0.0000,0.0000,7328.0000,0.0000,0.0000,0.0000,0.0000,29,0,0,0,0,89,0,0,0,0
zc,TA209,2012-06-20 09:05:13.697,7326.0000,413076,-4,0.0000,4.0000,0,4,双平,S,7326.0000,0.0000,0.0000,0.0000,0.0000,7328.0000,0.0000,0.0000,0.0000,0.0000,47,0,0,0,0,90,0,0,0,0
zc,TA209,2012-06-20 09:05:14.430,7326.0000,413076,0,0.0000,0.0000,0,0,空换,S,7326.0000,0.0000,0.0000,0.0000,0.0000,7328.0000,0.0000,0.0000,0.0000,0.0000,151,0,0,0,0,91,0,0,0,0
zc,TA209,2012-06-20 09:05:14.947,7328.0000,413074,-2,0.0000,2.0000,0,2,双平,B,7326.0000,0.0000,0.0000,0.0000,0.0000,7328.0000,0.0000,0.0000,0.0000,0.0000,153,0,0,0,0,93,0,0,0,0
zc,TA209,2012-06-20 09:05:15.680,7328.0000,413054,-20,0.0000,20.0000,0,20,双平,B,7326.0000,0.0000,0.0000,0.0000,0.0000,7328.0000,0.0000,0.0000,0.0000,0.0000,143,0,0,0,0,85,0,0,0,0
zc,TA209,2012-06-20 09:05:16.413,7326.0000,413052,-2,0.0000,2.0000,0,2,双平,S,7326.0000,0.0000,0.0000,0.0000,0.0000,7328.0000,0.0000,0.0000,0.0000,0.0000,143,0,0,0,0,73,0,0,0,0
zc,TA209,2012-06-20 09:05:16.680,7326.0000,413052,0,0.0000,0.0000,0,0,空换,S,7326.0000,0.0000,0.0000,0.0000,0.0000,7328.0000,0.0000,0.0000,0.0000,0.0000,145,0,0,0,0,74,0,0,0,0
zc,TA209,2012-06-20 09:05:17.397,7326.0000,413052,0,0.0000,0.0000,0,0,空换,S,7326.0000,0.0000,0.0000,0.0000,0.0000,7328.0000,0.0000,0.0000,0.0000,0.0000,180,0,0,0,0,79,0,0,0,0
zc,TA209,2012-06-20 09:05:17.897,7328.0000,413068,16,0.0000,24.0000,20,4,多开,B,7326.0000,0.0000,0.0000,0.0000,0.0000,7328.0000,0.0000,0.0000,0.0000,0.0000,170,0,0,0,0,79,0,0,0,0
zc,TA209,2012-06-20 09:05:18.647,7328.0000,413148,80,0.0000,96.0000,88,8,多开,B,7326.0000,0.0000,0.0000,0.0000,0.0000,7328.0000,0.0000,0.0000,0.0000,0.0000,217,0,0,0,0,32,0,0,0,0
zc,TA209,2012-06-20 09:05:18.930,7328.0000,413138,-10,0.0000,58.0000,24,34,空平,B,7326.0000,0.0000,0.0000,0.0000,0.0000,7328.0000,0.0000,0.0000,0.0000,0.0000,222,0,0,0,0,4,0,0,0,0
zc,TA209,2012-06-20 09:05:19.680,7328.0000,413238,100,0.0000,110.0000,105,5,多开,B,7328.0000,0.0000,0.0000,0.0000,0.0000,7330.0000,0.0000,0.0000,0.0000,0.0000,82,0,0,0,0,298,0,0,0,0
zc,TA209,2012-06-20 09:05:20.210,7328.0000,413238,0,0.0000,0.0000,0,0,多换,B,7328.0000,0.0000,0.0000,0.0000,0.0000,7330.0000,0.0000,0.0000,0.0000,0.0000,147,0,0,0,0,298,0,0,0,0
zc,TA209,2012-06-20 09:05:20.930,7330.0000,413236,-2,0.0000,2.0000,0,2,双平,B,7328.0000,0.0000,0.0000,0.0000,0.0000,7330.0000,0.0000,0.0000,0.0000,0.0000,187,0,0,0,0,297,0,0,0,0
zc,TA209,2012-06-20 09:05:21.663,7330.0000,413248,12,0.0000,24.0000,18,6,多开,B,7328.0000,0.0000,0.0000,0.0000,0.0000,7330.0000,0.0000,0.0000,0.0000,0.0000,225,0,0,0,0,286,0,0,0,0
zc,TA209,2012-06-20 09:05:22.163,7330.0000,413248,0,0.0000,0.0000,0,0,多换,B,7328.0000,0.0000,0.0000,0.0000,0.0000,7330.0000,0.0000,0.0000,0.0000,0.0000,184,0,0,0,0,286,0,0,0,0
zc,TA209,2012-06-20 09:05:22.680,7330.0000,413248,0,0.0000,0.0000,0,0,多换,B,7328.0000,0.0000,0.0000,0.0000,0.0000,7330.0000,0.0000,0.0000,0.0000,0.0000,222,0,0,0,0,293,0,0,0,0
zc,TA209,2012-06-20 09:05:23.163,7328.0000,413248,0,0.0000,10.0000,5,5,空换,S,7328.0000,0.0000,0.0000,0.0000,0.0000,7330.0000,0.0000,0.0000,0.0000,0.0000,217,0,0,0,0,293,0,0,0,0
zc,TA209,2012-06-20 09:05:23.947,7328.0000,413248,0,0.0000,0.0000,0,0,空换,S,7328.0000,0.0000,0.0000,0.0000,0.0000,7330.0000,0.0000,0.0000,0.0000,0.0000,223,0,0,0,0,293,0,0,0,0
zc,TA209,2012-06-20 09:05:25.163,7330.0000,413284,36,0.0000,68.0000,52,16,多开,B,7328.0000,0.0000,0.0000,0.0000,0.0000,7330.0000,0.0000,0.0000,0.0000,0.0000,185,0,0,0,0,260,0,0,0,0
zc,TA209,2012-06-20 09:05:25.413,7330.0000,413304,20,0.0000,58.0000,39,19,多开,B,7328.0000,0.0000,0.0000,0.0000,0.0000,7330.0000,0.0000,0.0000,0.0000,0.0000,185,0,0,0,0,242,0,0,0,0
zc,TA209,2012-06-20 09:05:26.163,7330.0000,413304,0,0.0000,6.0000,3,3,多换,B,7328.0000,0.0000,0.0000,0.0000,0.0000,7330.0000,0.0000,0.0000,0.0000,0.0000,187,0,0,0,0,239,0,0,0,0
zc,TA209,2012-06-20 09:05:26.897,7330.0000,413308,4,0.0000,10.0000,7,3,多开,B,7328.0000,0.0000,0.0000,0.0000,0.0000,7330.0000,0.0000,0.0000,0.0000,0.0000,185,0,0,0,0,228,0,0,0,0
zc,TA209,2012-06-20 09:05:27.413,7330.0000,413308,0,0.0000,0.0000,0,0,多换,B,7328.0000,0.0000,0.0000,0.0000,0.0000,7330.0000,0.0000,0.0000,0.0000,0.0000,185,0,0,0,0,229,0,0,0,0
zc,TA209,2012-06-20 09:05:28.163,7330.0000,413324,16,0.0000,24.0000,20,4,多开,B,7328.0000,0.0000,0.0000,0.0000,0.0000,7330.0000,0.0000,0.0000,0.0000,0.0000,186,0,0,0,0,217,0,0,0,0
zc,TA209,2012-06-20 09:05:28.413,7330.0000,413348,24,0.0000,28.0000,26,2,多开,B,7328.0000,0.0000,0.0000,0.0000,0.0000,7330.0000,0.0000,0.0000,0.0000,0.0000,212,0,0,0,0,204,0,0,0,0
zc,TA209,2012-06-20 09:05:29.180,7330.0000,413544,196,0.0000,202.0000,199,3,多开,B,7328.0000,0.0000,0.0000,0.0000,0.0000,7330.0000,0.0000,0.0000,0.0000,0.0000,212,0,0,0,0,116,0,0,0,0
zc,TA209,2012-06-20 09:05:29.647,7330.0000,413580,36,0.0000,238.0000,137,101,多开,B,7330.0000,0.0000,0.0000,0.0000,0.0000,7332.0000,0.0000,0.0000,0.0000,0.0000,53,0,0,0,0,440,0,0,0,0
zc,TA209,2012-06-20 09:05:30.163,7332.0000,413584,4,0.0000,6.0000,5,1,多开,B,7330.0000,0.0000,0.0000,0.0000,0.0000,7332.0000,0.0000,0.0000,0.0000,0.0000,100,0,0,0,0,437,0,0,0,0
zc,TA209,2012-06-20 09:05:30.647,7330.0000,413584,0,0.0000,4.0000,2,2,空换,S,7330.0000,0.0000,0.0000,0.0000,0.0000,7332.0000,0.0000,0.0000,0.0000,0.0000,56,0,0,0,0,435,0,0,0,0
zc,TA209,2012-06-20 09:05:31.447,7330.0000,413594,10,0.0000,28.0000,19,9,空开,S,7330.0000,0.0000,0.0000,0.0000,0.0000,7332.0000,0.0000,0.0000,0.0000,0.0000,47,0,0,0,0,427,0,0,0,0
zc,TA209,2012-06-20 09:05:32.180,7332.0000,413620,26,0.0000,44.0000,35,9,多开,B,7330.0000,0.0000,0.0000,0.0000,0.0000,7332.0000,0.0000,0.0000,0.0000,0.0000,102,0,0,0,0,405,0,0,0,0
zc,TA209,2012-06-20 09:05:32.663,7330.0000,413642,22,0.0000,26.0000,24,2,空开,S,7330.0000,0.0000,0.0000,0.0000,0.0000,7332.0000,0.0000,0.0000,0.0000,0.0000,88,0,0,0,0,414,0,0,0,0
zc,TA209,2012-06-20 09:05:33.430,7330.0000,413650,8,0.0000,12.0000,10,2,空开,S,7330.0000,0.0000,0.0000,0.0000,0.0000,7332.0000,0.0000,0.0000,0.0000,0.0000,90,0,0,0,0,412,0,0,0,0
zc,TA209,2012-06-20 09:05:33.897,7332.0000,413654,4,0.0000,10.0000,7,3,多开,B,7330.0000,0.0000,0.0000,0.0000,0.0000,7332.0000,0.0000,0.0000,0.0000,0.0000,87,0,0,0,0,410,0,0,0,0
zc,TA209,2012-06-20 09:05:34.680,7330.0000,413654,0,0.0000,22.0000,11,11,空换,S,7330.0000,0.0000,0.0000,0.0000,0.0000,7332.0000,0.0000,0.0000,0.0000,0.0000,90,0,0,0,0,403,0,0,0,0
zc,TA209,2012-06-20 09:05:34.883,7330.0000,413716,62,0.0000,62.0000,62,0,双开,S,7330.0000,0.0000,0.0000,0.0000,0.0000,7332.0000,0.0000,0.0000,0.0000,0.0000,88,0,0,0,0,375,0,0,0,0
zc,TA209,2012-06-20 09:05:35.430,7332.0000,413730,14,0.0000,16.0000,15,1,多开,B,7330.0000,0.0000,0.0000,0.0000,0.0000,7332.0000,0.0000,0.0000,0.0000,0.0000,86,0,0,0,0,369,0,0,0,0
zc,TA209,2012-06-20 09:05:35.930,7332.0000,413734,4,0.0000,16.0000,10,6,多开,B,7330.0000,0.0000,0.0000,0.0000,0.0000,7332.0000,0.0000,0.0000,0.0000,0.0000,93,0,0,0,0,362,0,0,0,0
zc,TA209,2012-06-20 09:05:36.663,7330.0000,413736,2,0.0000,4.0000,3,1,空开,S,7330.0000,0.0000,0.0000,0.0000,0.0000,7332.0000,0.0000,0.0000,0.0000,0.0000,96,0,0,0,0,364,0,0,0,0
zc,TA209,2012-06-20 09:05:37.147,7332.0000,413734,-2,0.0000,8.0000,3,5,空平,B,7330.0000,0.0000,0.0000,0.0000,0.0000,7332.0000,0.0000,0.0000,0.0000,0.0000,35,0,0,0,0,364,0,0,0,0
zc,TA209,2012-06-20 09:05:37.633,7332.0000,413736,2,0.0000,132.0000,67,65,多开,B,7330.0000,0.0000,0.0000,0.0000,0.0000,7332.0000,0.0000,0.0000,0.0000,0.0000,34,0,0,0,0,300,0,0,0,0
zc,TA209,2012-06-20 09:05:38.430,7330.0000,413770,34,0.0000,70.0000,52,18,空开,S,7328.0000,0.0000,0.0000,0.0000,0.0000,7330.0000,0.0000,0.0000,0.0000,0.0000,200,0,0,0,0,14,0,0,0,0
zc,TA209,2012-06-20 09:05:38.913,7330.0000,413788,18,0.0000,64.0000,41,23,空开,S,7330.0000,0.0000,0.0000,0.0000,0.0000,7332.0000,0.0000,0.0000,0.0000,0.0000,8,0,0,0,0,293,0,0,0,0
zc,TA209,2012-06-20 09:05:39.647,7330.0000,413792,4,0.0000,4.0000,4,0,双开,S,7330.0000,0.0000,0.0000,0.0000,0.0000,7332.0000,0.0000,0.0000,0.0000,0.0000,7,0,0,0,0,294,0,0,0,0
zc,TA209,2012-06-20 09:05:40.197,7330.0000,413806,14,0.0000,16.0000,15,1,空开,S,7328.0000,0.0000,0.0000,0.0000,0.0000,7330.0000,0.0000,0.0000,0.0000,0.0000,160,0,0,0,0,194,0,0,0,0
zc,TA209,2012-06-20 09:05:40.883,7330.0000,413806,0,0.0000,12.0000,6,6,空换,S,7328.0000,0.0000,0.0000,0.0000,0.0000,7330.0000,0.0000,0.0000,0.0000,0.0000,167,0,0,0,0,192,0,0,0,0
zc,TA209,2012-06-20 09:05:41.430,7330.0000,413810,4,0.0000,4.0000,4,0,双开,S,7328.0000,0.0000,0.0000,0.0000,0.0000,7330.0000,0.0000,0.0000,0.0000,0.0000,166,0,0,0,0,190,0,0,0,0
zc,TA209,2012-06-20 09:05:42.180,7330.0000,413838,28,0.0000,36.0000,32,4,空开,S,7328.0000,0.0000,0.0000,0.0000,0.0000,7330.0000,0.0000,0.0000,0.0000,0.0000,135,0,0,0,0,172,0,0,0,0
zc,TA209,2012-06-20 09:05:42.663,7330.0000,413836,-2,0.0000,352.0000,175,177,多平,S,7330.0000,0.0000,0.0000,0.0000,0.0000,7332.0000,0.0000,0.0000,0.0000,0.0000,827,0,0,0,0,313,0,0,0,0
zc,TA209,2012-06-20 09:05:43.413,7330.0000,413836,0,0.0000,0.0000,0,0,空换,S,7330.0000,0.0000,0.0000,0.0000,0.0000,7332.0000,0.0000,0.0000,0.0000,0.0000,828,0,0,0,0,355,0,0,0,0
zc,TA209,2012-06-20 09:05:43.930,7330.0000,413836,0,0.0000,2.0000,1,1,空换,S,7330.0000,0.0000,0.0000,0.0000,0.0000,7332.0000,0.0000,0.0000,0.0000,0.0000,828,0,0,0,0,323,0,0,0,0
zc,TA209,2012-06-20 09:05:44.397,7332.0000,413812,-24,0.0000,40.0000,8,32,空平,B,7330.0000,0.0000,0.0000,0.0000,0.0000,7332.0000,0.0000,0.0000,0.0000,0.0000,810,0,0,0,0,323,0,0,0,0
zc,TA209,2012-06-20 09:05:45.180,7332.0000,413910,98,0.0000,102.0000,100,2,多开,B,7330.0000,0.0000,0.0000,0.0000,0.0000,7332.0000,0.0000,0.0000,0.0000,0.0000,818,0,0,0,0,273,0,0,0,0
zc,TA209,2012-06-20 09:05:45.697,7330.0000,413956,46,0.0000,60.0000,53,7,空开,S,7330.0000,0.0000,0.0000,0.0000,0.0000,7332.0000,0.0000,0.0000,0.0000,0.0000,814,0,0,0,0,247,0,0,0,0
