市场代码,合约代码,时间,最新,持仓,增仓,成交额,成交量,开仓,平仓,成交类型,方向,买一价,买二价,买三价,买四价,买五价,卖一价,卖二价,卖三价,卖四价,卖五价,买一量,买二量,买三量,买四量,买五量,卖一量,卖二量,卖三量,卖四量,卖五量
zc,WS209,2012-06-20 07:55:56.617,0.0000,219976,0,0.0000,0.0000,0,0,空换,S,0.0000,0.0000,0.0000,0.0000,0.0000,0.0000,0.0000,0.0000,0.0000,0.0000,0,0,0,0,0,0,0,0,0,0
zc,WS209,2012-06-20 08:02:57.820,0.0000,219976,0,0.0000,0.0000,0,0,空换,S,0.0000,0.0000,0.0000,0.0000,0.0000,0.0000,0.0000,0.0000,0.0000,0.0000,0,0,0,0,0,0,0,0,0,0
zc,WS209,2012-06-20 08:03:57.820,0.0000,219976,0,0.0000,0.0000,0,0,空换,S,0.0000,0.0000,0.0000,0.0000,0.0000,0.0000,0.0000,0.0000,0.0000,0.0000,0,0,0,0,0,0,0,0,0,0
zc,WS209,2012-06-20 08:40:57.850,0.0000,219976,0,0.0000,0.0000,0,0,空换,S,0.0000,0.0000,0.0000,0.0000,0.0000,0.0000,0.0000,0.0000,0.0000,0.0000,0,0,0,0,0,0,0,0,0,0
zc,WS209,2012-06-20 08:54:57.850,0.0000,219976,0,0.0000,0.0000,0,0,空换,S,0.0000,0.0000,0.0000,0.0000,0.0000,0.0000,0.0000,0.0000,0.0000,0.0000,0,0,0,0,0,0,0,0,0,0
zc,WS209,2012-06-20 08:55:01.617,0.0000,219976,0,0.0000,0.0000,0,0,空换,S,0.0000,0.0000,0.0000,0.0000,0.0000,0.0000,0.0000,0.0000,0.0000,0.0000,0,0,0,0,0,0,0,0,0,0
zc,WS209,2012-06-20 08:55:04.820,0.0000,219976,0,0.0000,0.0000,0,0,空换,S,0.0000,0.0000,0.0000,0.0000,0.0000,0.0000,0.0000,0.0000,0.0000,0.0000,0,0,0,0,0,0,0,0,0,0
zc,WS209,2012-06-20 08:55:08.570,0.0000,219976,0,0.0000,0.0000,0,0,空换,S,0.0000,0.0000,0.0000,0.0000,0.0000,0.0000,0.0000,0.0000,0.0000,0.0000,0,0,0,0,0,0,0,0,0,0
zc,WS209,2012-06-20 08:55:16.070,0.0000,219976,0,0.0000,0.0000,0,0,空换,S,0.0000,0.0000,0.0000,0.0000,0.0000,0.0000,0.0000,0.0000,0.0000,0.0000,0,0,0,0,0,0,0,0,0,0
zc,WS209,2012-06-20 08:55:36.820,0.0000,219976,0,0.0000,0.0000,0,0,空换,S,0.0000,0.0000,0.0000,0.0000,0.0000,0.0000,0.0000,0.0000,0.0000,0.0000,0,0,0,0,0,0,0,0,0,0
zc,WS209,2012-06-20 08:55:56.820,0.0000,219976,0,0.0000,0.0000,0,0,空换,S,0.0000,0.0000,0.0000,0.0000,0.0000,0.0000,0.0000,0.0000,0.0000,0.0000,0,0,0,0,0,0,0,0,0,0
zc,WS209,2012-06-20 08:55:57.837,0.0000,219976,0,0.0000,0.0000,0,0,空换,S,0.0000,0.0000,0.0000,0.0000,0.0000,0.0000,0.0000,0.0000,0.0000,0.0000,0,0,0,0,0,0,0,0,0,0
zc,WS209,2012-06-20 08:56:15.350,0.0000,219976,0,0.0000,0.0000,0,0,空换,S,0.0000,0.0000,0.0000,0.0000,0.0000,0.0000,0.0000,0.0000,0.0000,0.0000,0,0,0,0,0,0,0,0,0,0
zc,WS209,2012-06-20 08:56:22.070,0.0000,219976,0,0.0000,0.0000,0,0,空换,S,0.0000,0.0000,0.0000,0.0000,0.0000,0.0000,0.0000,0.0000,0.0000,0.0000,0,0,0,0,0,0,0,0,0,0
zc,WS209,2012-06-20 08:56:57.837,0.0000,219976,0,0.0000,0.0000,0,0,空换,S,0.0000,0.0000,0.0000,0.0000,0.0000,0.0000,0.0000,0.0000,0.0000,0.0000,0,0,0,0,0,0,0,0,0,0
zc,WS209,2012-06-20 08:57:57.837,0.0000,219976,0,0.0000,0.0000,0,0,空换,S,0.0000,0.0000,0.0000,0.0000,0.0000,0.0000,0.0000,0.0000,0.0000,0.0000,0,0,0,0,0,0,0,0,0,0
zc,WS209,2012-06-20 09:00:00.100,2436.0000,219962,-14,0.0000,94.0000,40,54,空平,B,2436.0000,0.0000,0.0000,0.0000,0.0000,2437.0000,0.0000,0.0000,0.0000,0.0000,10,0,0,0,0,1,0,0,0,0
zc,WS209,2012-06-20 09:00:00.757,2436.0000,219944,-18,0.0000,52.0000,17,35,空平,B,2435.0000,0.0000,0.0000,0.0000,0.0000,2436.0000,0.0000,0.0000,0.0000,0.0000,19,0,0,0,0,2,0,0,0,0
zc,WS209,2012-06-20 09:00:01.587,2437.0000,219954,10,0.0000,122.0000,66,56,多开,B,2437.0000,0.0000,0.0000,0.0000,0.0000,2438.0000,0.0000,0.0000,0.0000,0.0000,26,0,0,0,0,59,0,0,0,0
zc,WS209,2012-06-20 09:00:03.303,2438.0000,219956,2,0.0000,18.0000,10,8,多开,B,2437.0000,0.0000,0.0000,0.0000,0.0000,2438.0000,0.0000,0.0000,0.0000,0.0000,36,0,0,0,0,64,0,0,0,0
zc,WS209,2012-06-20 09:00:04.803,2438.0000,219978,22,0.0000,36.0000,29,7,多开,B,2437.0000,0.0000,0.0000,0.0000,0.0000,2438.0000,0.0000,0.0000,0.0000,0.0000,30,0,0,0,0,62,0,0,0,0
zc,WS209,2012-06-20 09:00:05.290,2437.0000,219984,6,0.0000,26.0000,16,10,空开,S,2437.0000,0.0000,0.0000,0.0000,0.0000,2438.0000,0.0000,0.0000,0.0000,0.0000,22,0,0,0,0,59,0,0,0,0
zc,WS209,2012-06-20 09:00:06.023,2438.0000,219986,2,0.0000,2.0000,2,0,双开,B,2437.0000,0.0000,0.0000,0.0000,0.0000,2438.0000,0.0000,0.0000,0.0000,0.0000,24,0,0,0,0,52,0,0,0,0
zc,WS209,2012-06-20 09:00:06.743,2438.0000,219990,4,0.0000,26.0000,15,11,多开,B,2437.0000,0.0000,0.0000,0.0000,0.0000,2438.0000,0.0000,0.0000,0.0000,0.0000,19,0,0,0,0,50,0,0,0,0
zc,WS209,2012-06-20 09:00:07.290,2437.0000,219992,2,0.0000,2.0000,2,0,双开,S,2437.0000,0.0000,0.0000,0.0000,0.0000,2438.0000,0.0000,0.0000,0.0000,0.0000,37,0,0,0,0,50,0,0,0,0
zc,WS209,2012-06-20 09:00:07.757,2437.0000,219994,2,0.0000,6.0000,4,2,空开,S,2437.0000,0.0000,0.0000,0.0000,0.0000,2438.0000,0.0000,0.0000,0.0000,0.0000,37,0,0,0,0,49,0,0,0,0
zc,WS209,2012-06-20 09:00:08.477,2437.0000,219994,0,0.0000,0.0000,0,0,空换,S,2437.0000,0.0000,0.0000,0.0000,0.0000,2438.0000,0.0000,0.0000,0.0000,0.0000,37,0,0,0,0,51,0,0,0,0
zc,WS209,2012-06-20 09:00:09.290,2438.0000,220070,76,0.0000,82.0000,79,3,多开,B,2437.0000,0.0000,0.0000,0.0000,0.0000,2438.0000,0.0000,0.0000,0.0000,0.0000,37,0,0,0,0,10,0,0,0,0
zc,WS209,2012-06-20 09:00:09.773,2438.0000,220064,-6,0.0000,18.0000,6,12,空平,B,2438.0000,0.0000,0.0000,0.0000,0.0000,2439.0000,0.0000,0.0000,0.0000,0.0000,1,0,0,0,0,187,0,0,0,0
zc,WS209,2012-06-20 09:00:10.523,2438.0000,220066,2,0.0000,4.0000,3,1,多开,B,2437.0000,0.0000,0.0000,0.0000,0.0000,2438.0000,0.0000,0.0000,0.0000,0.0000,64,0,0,0,0,6,0,0,0,0
zc,WS209,2012-06-20 09:00:10.773,2438.0000,220066,0,0.0000,12.0000,6,6,多换,B,2438.0000,0.0000,0.0000,0.0000,0.0000,2439.0000,0.0000,0.0000,0.0000,0.0000,13,0,0,0,0,211,0,0,0,0
zc,WS209,2012-06-20 09:00:11.493,2438.0000,220066,0,0.0000,0.0000,0,0,多换,B,2437.0000,0.0000,0.0000,0.0000,0.0000,2439.0000,0.0000,0.0000,0.0000,0.0000,74,0,0,0,0,212,0,0,0,0
zc,WS209,2012-06-20 09:00:11.993,2437.0000,220066,0,0.0000,2.0000,1,1,空换,S,2437.0000,0.0000,0.0000,0.0000,0.0000,2439.0000,0.0000,0.0000,0.0000,0.0000,73,0,0,0,0,212,0,0,0,0
zc,WS209,2012-06-20 09:00:13.007,2437.0000,220066,0,0.0000,0.0000,0,0,空换,S,2437.0000,0.0000,0.0000,0.0000,0.0000,2438.0000,0.0000,0.0000,0.0000,0.0000,83,0,0,0,0,1,0,0,0,0
zc,WS209,2012-06-20 09:00:13.523,2438.0000,220136,70,0.0000,174.0000,122,52,多开,B,2437.0000,0.0000,0.0000,0.0000,0.0000,2439.0000,0.0000,0.0000,0.0000,0.0000,2,0,0,0,0,212,0,0,0,0
zc,WS209,2012-06-20 09:00:14.243,2438.0000,220136,0,0.0000,0.0000,0,0,多换,B,2436.0000,0.0000,0.0000,0.0000,0.0000,2438.0000,0.0000,0.0000,0.0000,0.0000,2,0,0,0,0,2,0,0,0,0
zc,WS209,2012-06-20 09:00:14.477,2438.0000,220136,0,0.0000,6.0000,3,3,多换,B,2436.0000,0.0000,0.0000,0.0000,0.0000,2438.0000,0.0000,0.0000,0.0000,0.0000,2,0,0,0,0,2,0,0,0,0
zc,WS209,2012-06-20 09:00:15.227,2438.0000,220136,0,0.0000,0.0000,0,0,多换,B,2436.0000,0.0000,0.0000,0.0000,0.0000,2438.0000,0.0000,0.0000,0.0000,0.0000,3,0,0,0,0,3,0,0,0,0
zc,WS209,2012-06-20 09:00:15.757,2438.0000,220136,0,0.0000,0.0000,0,0,多换,B,2436.0000,0.0000,0.0000,0.0000,0.0000,2438.0000,0.0000,0.0000,0.0000,0.0000,18,0,0,0,0,4,0,0,0,0
zc,WS209,2012-06-20 09:00:16.210,2438.0000,220136,0,0.0000,0.0000,0,0,多换,B,2436.0000,0.0000,0.0000,0.0000,0.0000,2438.0000,0.0000,0.0000,0.0000,0.0000,1,0,0,0,0,5,0,0,0,0
zc,WS209,2012-06-20 09:00:16.697,2438.0000,220136,0,0.0000,0.0000,0,0,多换,B,2436.0000,0.0000,0.0000,0.0000,0.0000,2438.0000,0.0000,0.0000,0.0000,0.0000,1,0,0,0,0,8,0,0,0,0
zc,WS209,2012-06-20 09:00:17.523,2437.0000,220136,0,0.0000,2.0000,1,1,空换,S,2436.0000,0.0000,0.0000,0.0000,0.0000,2437.0000,0.0000,0.0000,0.0000,0.0000,1,0,0,0,0,1,0,0,0,0
zc,WS209,2012-06-20 09:00:18.243,2435.0000,220142,6,0.0000,14.0000,10,4,空开,S,2435.0000,0.0000,0.0000,0.0000,0.0000,2437.0000,0.0000,0.0000,0.0000,0.0000,31,0,0,0,0,12,0,0,0,0
zc,WS209,2012-06-20 09:00:18.447,2437.0000,220142,0,0.0000,4.0000,2,2,多换,B,2435.0000,0.0000,0.0000,0.0000,0.0000,2437.0000,0.0000,0.0000,0.0000,0.0000,31,0,0,0,0,11,0,0,0,0
zc,WS209,2012-06-20 09:00:19.540,2436.0000,220142,0,0.0000,2.0000,1,1,空换,S,2435.0000,0.0000,0.0000,0.0000,0.0000,2437.0000,0.0000,0.0000,0.0000,0.0000,26,0,0,0,0,10,0,0,0,0
zc,WS209,2012-06-20 09:00:20.243,2436.0000,220142,0,0.0000,0.0000,0,0,空换,S,2436.0000,0.0000,0.0000,0.0000,0.0000,2437.0000,0.0000,0.0000,0.0000,0.0000,1,0,0,0,0,11,0,0,0,0
zc,WS209,2012-06-20 09:00:21.007,2436.0000,220144,2,0.0000,2.0000,2,0,双开,S,2435.0000,0.0000,0.0000,0.0000,0.0000,2437.0000,0.0000,0.0000,0.0000,0.0000,17,0,0,0,0,11,0,0,0,0
zc,WS209,2012-06-20 09:00:21.757,2436.0000,220144,0,0.0000,0.0000,0,0,空换,S,2435.0000,0.0000,0.0000,0.0000,0.0000,2437.0000,0.0000,0.0000,0.0000,0.0000,16,0,0,0,0,11,0,0,0,0
zc,WS209,2012-06-20 09:00:22.197,2435.0000,220144,0,0.0000,2.0000,1,1,空换,S,2435.0000,0.0000,0.0000,0.0000,0.0000,2437.0000,0.0000,0.0000,0.0000,0.0000,16,0,0,0,0,13,0,0,0,0
zc,WS209,2012-06-20 09:00:23.023,2435.0000,220144,0,0.0000,0.0000,0,0,空换,S,2435.0000,0.0000,0.0000,0.0000,0.0000,2437.0000,0.0000,0.0000,0.0000,0.0000,35,0,0,0,0,14,0,0,0,0
zc,WS209,2012-06-20 09:00:23.757,2435.0000,220142,-2,0.0000,2.0000,0,2,双平,S,2435.0000,0.0000,0.0000,0.0000,0.0000,2437.0000,0.0000,0.0000,0.0000,0.0000,24,0,0,0,0,22,0,0,0,0
zc,WS209,2012-06-20 09:00:24.210,2436.0000,220144,2,0.0000,4.0000,3,1,多开,B,2435.0000,0.0000,0.0000,0.0000,0.0000,2436.0000,0.0000,0.0000,0.0000,0.0000,15,0,0,0,0,40,0,0,0,0
zc,WS209,2012-06-20 09:00:24.977,2435.0000,220144,0,0.0000,30.0000,15,15,空换,S,2434.0000,0.0000,0.0000,0.0000,0.0000,2435.0000,0.0000,0.0000,0.0000,0.0000,53,0,0,0,0,28,0,0,0,0
zc,WS209,2012-06-20 09:00:25.757,2435.0000,220144,0,0.0000,2.0000,1,1,空换,S,2434.0000,0.0000,0.0000,0.0000,0.0000,2435.0000,0.0000,0.0000,0.0000,0.0000,53,0,0,0,0,27,0,0,0,0
zc,WS209,2012-06-20 09:00:27.227,2435.0000,220144,0,0.0000,2.0000,1,1,空换,S,2434.0000,0.0000,0.0000,0.0000,0.0000,2435.0000,0.0000,0.0000,0.0000,0.0000,54,0,0,0,0,26,0,0,0,0
zc,WS209,2012-06-20 09:00:27.773,2435.0000,220146,2,0.0000,6.0000,4,2,空开,S,2434.0000,0.0000,0.0000,0.0000,0.0000,2435.0000,0.0000,0.0000,0.0000,0.0000,53,0,0,0,0,27,0,0,0,0
zc,WS209,2012-06-20 09:00:28.197,2434.0000,220146,0,0.0000,2.0000,1,1,空换,S,2434.0000,0.0000,0.0000,0.0000,0.0000,2435.0000,0.0000,0.0000,0.0000,0.0000,52,0,0,0,0,33,0,0,0,0
zc,WS209,2012-06-20 09:00:29.460,2435.0000,220146,0,0.0000,44.0000,22,22,多换,B,2434.0000,0.0000,0.0000,0.0000,0.0000,2435.0000,0.0000,0.0000,0.0000,0.0000,51,0,0,0,0,12,0,0,0,0
zc,WS209,2012-06-20 09:00:30.210,2434.0000,220146,0,0.0000,4.0000,2,2,空换,S,2434.0000,0.0000,0.0000,0.0000,0.0000,2435.0000,0.0000,0.0000,0.0000,0.0000,50,0,0,0,0,11,0,0,0,0
zc,WS209,2012-06-20 09:00:30.913,2434.0000,220146,0,0.0000,6.0000,3,3,空换,S,2434.0000,0.0000,0.0000,0.0000,0.0000,2435.0000,0.0000,0.0000,0.0000,0.0000,47,0,0,0,0,11,0,0,0,0
zc,WS209,2012-06-20 09:00:31.710,2435.0000,220144,-2,0.0000,2.0000,0,2,双平,B,2434.0000,0.0000,0.0000,0.0000,0.0000,2435.0000,0.0000,0.0000,0.0000,0.0000,47,0,0,0,0,10,0,0,0,0
zc,WS209,2012-06-20 09:00:32.460,2435.0000,220144,0,0.0000,0.0000,0,0,多换,B,2434.0000,0.0000,0.0000,0.0000,0.0000,2435.0000,0.0000,0.0000,0.0000,0.0000,47,0,0,0,0,11,0,0,0,0
zc,WS209,2012-06-20 09:00:32.993,2435.0000,220144,0,0.0000,0.0000,0,0,多换,B,2434.0000,0.0000,0.0000,0.0000,0.0000,2435.0000,0.0000,0.0000,0.0000,0.0000,48,0,0,0,0,52,0,0,0,0
zc,WS209,2012-06-20 09:00:33.727,2434.0000,220146,2,0.0000,2.0000,2,0,双开,S,2434.0000,0.0000,0.0000,0.0000,0.0000,2435.0000,0.0000,0.0000,0.0000,0.0000,48,0,0,0,0,53,0,0,0,0
zc,WS209,2012-06-20 09:00:34.507,2434.0000,220206,60,0.0000,72.0000,66,6,空开,S,2434.0000,0.0000,0.0000,0.0000,0.0000,2435.0000,0.0000,0.0000,0.0000,0.0000,35,0,0,0,0,81,0,0,0,0
zc,WS209,2012-06-20 09:00:34.977,2434.0000,220206,0,0.0000,64.0000,32,32,空换,S,2434.0000,0.0000,0.0000,0.0000,0.0000,2435.0000,0.0000,0.0000,0.0000,0.0000,8,0,0,0,0,49,0,0,0,0
zc,WS209,2012-06-20 09:00:35.773,2434.0000,220206,0,0.0000,6.0000,3,3,空换,S,2434.0000,0.0000,0.0000,0.0000,0.0000,2435.0000,0.0000,0.0000,0.0000,0.0000,5,0,0,0,0,59,0,0,0,0
zc,WS209,2012-06-20 09:00:36.257,2435.0000,220202,-4,0.0000,52.0000,24,28,空平,B,2433.0000,0.0000,0.0000,0.0000,0.0000,2435.0000,0.0000,0.0000,0.0000,0.0000,8,0,0,0,0,70,0,0,0,0
zc,WS209,2012-06-20 09:00:36.960,2435.0000,220202,0,0.0000,0.0000,0,0,多换,B,2433.0000,0.0000,0.0000,0.0000,0.0000,2434.0000,0.0000,0.0000,0.0000,0.0000,10,0,0,0,0,7,0,0,0,0
zc,WS209,2012-06-20 09:00:37.460,2435.0000,220202,0,0.0000,0.0000,0,0,多换,B,2433.0000,0.0000,0.0000,0.0000,0.0000,2434.0000,0.0000,0.0000,0.0000,0.0000,8,0,0,0,0,7,0,0,0,0
zc,WS209,2012-06-20 09:00:38.710,2435.0000,220202,0,0.0000,0.0000,0,0,多换,B,2433.0000,0.0000,0.0000,0.0000,0.0000,2434.0000,0.0000,0.0000,0.0000,0.0000,10,0,0,0,0,8,0,0,0,0
zc,WS209,2012-06-20 09:00:40.710,2433.0000,220204,2,0.0000,2.0000,2,0,双开,S,2433.0000,0.0000,0.0000,0.0000,0.0000,2434.0000,0.0000,0.0000,0.0000,0.0000,14,0,0,0,0,7,0,0,0,0
zc,WS209,2012-06-20 09:00:41.477,2434.0000,220206,2,0.0000,2.0000,2,0,双开,B,2433.0000,0.0000,0.0000,0.0000,0.0000,2434.0000,0.0000,0.0000,0.0000,0.0000,14,0,0,0,0,6,0,0,0,0
zc,WS209,2012-06-20 09:00:44.147,2434.0000,220206,0,0.0000,0.0000,0,0,多换,B,2433.0000,0.0000,0.0000,0.0000,0.0000,2434.0000,0.0000,0.0000,0.0000,0.0000,14,0,0,0,0,27,0,0,0,0
zc,WS209,2012-06-20 09:00:45.007,2433.0000,220220,14,0.0000,28.0000,21,7,空开,S,2432.0000,0.0000,0.0000,0.0000,0.0000,2433.0000,0.0000,0.0000,0.0000,0.0000,9,0,0,0,0,5,0,0,0,0
zc,WS209,2012-06-20 09:00:45.743,2433.0000,220220,0,0.0000,0.0000,0,0,空换,S,2432.0000,0.0000,0.0000,0.0000,0.0000,2433.0000,0.0000,0.0000,0.0000,0.0000,11,0,0,0,0,10,0,0,0,0
zc,WS209,2012-06-20 09:00:46.447,2432.0000,220226,6,0.0000,22.0000,14,8,空开,S,2431.0000,0.0000,0.0000,0.0000,0.0000,2433.0000,0.0000,0.0000,0.0000,0.0000,7,0,0,0,0,7,0,0,0,0
zc,WS209,2012-06-20 09:00:47.210,2432.0000,220226,0,0.0000,0.0000,0,0,空换,S,2431.0000,0.0000,0.0000,0.0000,0.0000,2433.0000,0.0000,0.0000,0.0000,0.0000,18,0,0,0,0,10,0,0,0,0
zc,WS209,2012-06-20 09:00:48.210,2432.0000,220226,0,0.0000,0.0000,0,0,空换,S,2431.0000,0.0000,0.0000,0.0000,0.0000,2432.0000,0.0000,0.0000,0.0000,0.0000,18,0,0,0,0,35,0,0,0,0
zc,WS209,2012-06-20 09:00:48.757,2432.0000,220228,2,0.0000,2.0000,2,0,双开,S,2431.0000,0.0000,0.0000,0.0000,0.0000,2432.0000,0.0000,0.0000,0.0000,0.0000,18,0,0,0,0,34,0,0,0,0
zc,WS209,2012-06-20 09:00:49.227,2432.0000,220228,0,0.0000,0.0000,0,0,空换,S,2431.0000,0.0000,0.0000,0.0000,0.0000,2432.0000,0.0000,0.0000,0.0000,0.0000,23,0,0,0,0,34,0,0,0,0
zc,WS209,2012-06-20 09:00:50.257,2431.0000,220242,14,0.0000,48.0000,31,17,空开,S,2430.0000,0.0000,0.0000,0.0000,0.0000,2431.0000,0.0000,0.0000,0.0000,0.0000,18,0,0,0,0,12,0,0,0,0
zc,WS209,2012-06-20 09:00:50.930,2432.0000,220262,20,0.0000,38.0000,29,9,多开,B,2430.0000,0.0000,0.0000,0.0000,0.0000,2432.0000,0.0000,0.0000,0.0000,0.0000,18,0,0,0,0,35,0,0,0,0
zc,WS209,2012-06-20 09:00:51.460,2432.0000,220262,0,0.0000,0.0000,0,0,多换,B,2431.0000,0.0000,0.0000,0.0000,0.0000,2432.0000,0.0000,0.0000,0.0000,0.0000,20,0,0,0,0,35,0,0,0,0
zc,WS209,2012-06-20 09:00:51.977,2431.0000,220262,0,0.0000,40.0000,20,20,空换,S,2430.0000,0.0000,0.0000,0.0000,0.0000,2431.0000,0.0000,0.0000,0.0000,0.0000,18,0,0,0,0,10,0,0,0,0
zc,WS209,2012-06-20 09:00:52.680,2431.0000,220260,-2,0.0000,42.0000,20,22,多平,S,2430.0000,0.0000,0.0000,0.0000,0.0000,2431.0000,0.0000,0.0000,0.0000,0.0000,17,0,0,0,0,31,0,0,0,0
zc,WS209,2012-06-20 09:00:53.460,2431.0000,220260,0,0.0000,0.0000,0,0,空换,S,2430.0000,0.0000,0.0000,0.0000,0.0000,2431.0000,0.0000,0.0000,0.0000,0.0000,19,0,0,0,0,31,0,0,0,0
zc,WS209,2012-06-20 09:00:54.243,2430.0000,220262,2,0.0000,2.0000,2,0,双开,S,2430.0000,0.0000,0.0000,0.0000,0.0000,2431.0000,0.0000,0.0000,0.0000,0.0000,23,0,0,0,0,31,0,0,0,0
zc,WS209,2012-06-20 09:00:54.743,2430.0000,220262,0,0.0000,16.0000,8,8,空换,S,2430.0000,0.0000,0.0000,0.0000,0.0000,2431.0000,0.0000,0.0000,0.0000,0.0000,23,0,0,0,0,36,0,0,0,0
zc,WS209,2012-06-20 09:00:55.447,2430.0000,220268,6,0.0000,6.0000,6,0,双开,S,2430.0000,0.0000,0.0000,0.0000,0.0000,2431.0000,0.0000,0.0000,0.0000,0.0000,20,0,0,0,0,36,0,0,0,0
zc,WS209,2012-06-20 09:00:55.960,2431.0000,220268,0,0.0000,4.0000,2,2,多换,B,2430.0000,0.0000,0.0000,0.0000,0.0000,2431.0000,0.0000,0.0000,0.0000,0.0000,39,0,0,0,0,25,0,0,0,0
zc,WS209,2012-06-20 09:00:56.743,2431.0000,220268,0,0.0000,4.0000,2,2,多换,B,2430.0000,0.0000,0.0000,0.0000,0.0000,2431.0000,0.0000,0.0000,0.0000,0.0000,40,0,0,0,0,23,0,0,0,0
zc,WS209,2012-06-20 09:00:57.243,2430.0000,220272,4,0.0000,24.0000,14,10,空开,S,2430.0000,0.0000,0.0000,0.0000,0.0000,2431.0000,0.0000,0.0000,0.0000,0.0000,28,0,0,0,0,23,0,0,0,0
zc,WS209,2012-06-20 09:00:58.007,2430.0000,220272,0,0.0000,58.0000,29,29,空换,S,2429.0000,0.0000,0.0000,0.0000,0.0000,2430.0000,0.0000,0.0000,0.0000,0.0000,1,0,0,0,0,1,0,0,0,0
zc,WS209,2012-06-20 09:00:58.710,2431.0000,220274,2,0.0000,6.0000,4,2,多开,B,2429.0000,0.0000,0.0000,0.0000,0.0000,2431.0000,0.0000,0.0000,0.0000,0.0000,21,0,0,0,0,9,0,0,0,0
zc,WS209,2012-06-20 09:00:59.477,2429.0000,220272,-2,0.0000,4.0000,1,3,多平,S,2429.0000,0.0000,0.0000,0.0000,0.0000,2430.0000,0.0000,0.0000,0.0000,0.0000,21,0,0,0,0,1,0,0,0,0
zc,WS209,2012-06-20 09:00:59.947,2429.0000,220272,0,0.0000,0.0000,0,0,空换,S,2429.0000,0.0000,0.0000,0.0000,0.0000,2430.0000,0.0000,0.0000,0.0000,0.0000,21,0,0,0,0,2,0,0,0,0
zc,WS209,2012-06-20 09:01:00.460,2429.0000,220272,0,0.0000,0.0000,0,0,空换,S,2429.0000,0.0000,0.0000,0.0000,0.0000,2430.0000,0.0000,0.0000,0.0000,0.0000,19,0,0,0,0,2,0,0,0,0
zc,WS209,2012-06-20 09:01:01.210,2430.0000,220272,0,0.0000,2.0000,1,1,多换,B,2429.0000,0.0000,0.0000,0.0000,0.0000,2430.0000,0.0000,0.0000,0.0000,0.0000,29,0,0,0,0,1,0,0,0,0
zc,WS209,2012-06-20 09:01:01.947,2429.0000,220256,-16,0.0000,16.0000,0,16,双平,S,2429.0000,0.0000,0.0000,0.0000,0.0000,2430.0000,0.0000,0.0000,0.0000,0.0000,21,0,0,0,0,1,0,0,0,0
zc,WS209,2012-06-20 09:01:02.727,2430.0000,220254,-2,0.0000,2.0000,0,2,双平,B,2431.0000,0.0000,0.0000,0.0000,0.0000,2432.0000,0.0000,0.0000,0.0000,0.0000,1,0,0,0,0,19,0,0,0,0
zc,WS209,2012-06-20 09:01:03.197,2430.0000,220254,0,0.0000,0.0000,0,0,多换,B,2431.0000,0.0000,0.0000,0.0000,0.0000,2432.0000,0.0000,0.0000,0.0000,0.0000,1,0,0,0,0,21,0,0,0,0
zc,WS209,2012-06-20 09:01:04.007,2431.0000,220254,0,0.0000,2.0000,1,1,多换,B,2430.0000,0.0000,0.0000,0.0000,0.0000,2432.0000,0.0000,0.0000,0.0000,0.0000,5,0,0,0,0,21,0,0,0,0
zc,WS209,2012-06-20 09:01:04.727,2430.0000,220254,0,0.0000,2.0000,1,1,空换,S,2430.0000,0.0000,0.0000,0.0000,0.0000,2431.0000,0.0000,0.0000,0.0000,0.0000,6,0,0,0,0,1,0,0,0,0
zc,WS209,2012-06-20 09:01:05.507,2430.0000,220254,0,0.0000,0.0000,0,0,空换,S,2430.0000,0.0000,0.0000,0.0000,0.0000,2431.0000,0.0000,0.0000,0.0000,0.0000,7,0,0,0,0,1,0,0,0,0
zc,WS209,2012-06-20 09:01:05.977,2430.0000,220254,0,0.0000,2.0000,1,1,空换,S,2430.0000,0.0000,0.0000,0.0000,0.0000,2431.0000,0.0000,0.0000,0.0000,0.0000,7,0,0,0,0,1,0,0,0,0
zc,WS209,2012-06-20 09:01:06.460,2430.0000,220254,0,0.0000,0.0000,0,0,空换,S,2430.0000,0.0000,0.0000,0.0000,0.0000,2431.0000,0.0000,0.0000,0.0000,0.0000,9,0,0,0,0,1,0,0,0,0
zc,WS209,2012-06-20 09:01:07.163,2430.0000,220254,0,0.0000,0.0000,0,0,空换,S,2430.0000,0.0000,0.0000,0.0000,0.0000,2431.0000,0.0000,0.0000,0.0000,0.0000,16,0,0,0,0,1,0,0,0,0
zc,WS209,2012-06-20 09:01:07.710,2432.0000,220256,2,0.0000,4.0000,3,1,多开,B,2430.0000,0.0000,0.0000,0.0000,0.0000,2432.0000,0.0000,0.0000,0.0000,0.0000,19,0,0,0,0,8,0,0,0,0
zc,WS209,2012-06-20 09:01:08.447,2432.0000,220256,0,0.0000,0.0000,0,0,多换,B,2430.0000,0.0000,0.0000,0.0000,0.0000,2432.0000,0.0000,0.0000,0.0000,0.0000,24,0,0,0,0,10,0,0,0,0
zc,WS209,2012-06-20 09:01:08.993,2431.0000,220256,0,0.0000,18.0000,9,9,空换,S,2430.0000,0.0000,0.0000,0.0000,0.0000,2432.0000,0.0000,0.0000,0.0000,0.0000,30,0,0,0,0,2,0,0,0,0
zc,WS209,2012-06-20 09:01:09.663,2432.0000,220252,-4,0.0000,4.0000,0,4,双平,B,2431.0000,0.0000,0.0000,0.0000,0.0000,2432.0000,0.0000,0.0000,0.0000,0.0000,1,0,0,0,0,1,0,0,0,0
zc,WS209,2012-06-20 09:01:11.680,2432.0000,220252,0,0.0000,0.0000,0,0,多换,B,2431.0000,0.0000,0.0000,0.0000,0.0000,2432.0000,0.0000,0.0000,0.0000,0.0000,1,0,0,0,0,3,0,0,0,0
zc,WS209,2012-06-20 09:01:12.493,2431.0000,220254,2,0.0000,2.0000,2,0,双开,S,2430.0000,0.0000,0.0000,0.0000,0.0000,2431.0000,0.0000,0.0000,0.0000,0.0000,53,0,0,0,0,4,0,0,0,0
zc,WS209,2012-06-20 09:01:12.960,2431.0000,220256,2,0.0000,2.0000,2,0,双开,S,2430.0000,0.0000,0.0000,0.0000,0.0000,2431.0000,0.0000,0.0000,0.0000,0.0000,79,0,0,0,0,3,0,0,0,0
zc,WS209,2012-06-20 09:01:13.680,2432.0000,220254,-2,0.0000,12.0000,5,7,空平,B,2431.0000,0.0000,0.0000,0.0000,0.0000,2432.0000,0.0000,0.0000,0.0000,0.0000,5,0,0,0,0,1,0,0,0,0
zc,WS209,2012-06-20 09:01:14.430,2432.0000,220254,0,0.0000,4.0000,2,2,多换,B,2432.0000,0.0000,0.0000,0.0000,0.0000,2433.0000,0.0000,0.0000,0.0000,0.0000,2,0,0,0,0,11,0,0,0,0
zc,WS209,2012-06-20 09:01:15.227,2432.0000,220254,0,0.0000,4.0000,2,2,多换,B,2431.0000,0.0000,0.0000,0.0000,0.0000,2433.0000,0.0000,0.0000,0.0000,0.0000,2,0,0,0,0,23,0,0,0,0
zc,WS209,2012-06-20 09:01:15.680,2432.0000,220254,0,0.0000,0.0000,0,0,多换,B,2431.0000,0.0000,0.0000,0.0000,0.0000,2433.0000,0.0000,0.0000,0.0000,0.0000,11,0,0,0,0,24,0,0,0,0
zc,WS209,2012-06-20 09:01:16.460,2432.0000,220254,0,0.0000,2.0000,1,1,多换,B,2431.0000,0.0000,0.0000,0.0000,0.0000,2433.0000,0.0000,0.0000,0.0000,0.0000,12,0,0,0,0,24,0,0,0,0
zc,WS209,2012-06-20 09:01:16.960,2431.0000,220256,2,0.0000,2.0000,2,0,双开,S,2431.0000,0.0000,0.0000,0.0000,0.0000,2433.0000,0.0000,0.0000,0.0000,0.0000,11,0,0,0,0,24,0,0,0,0
zc,WS209,2012-06-20 09:01:17.663,2431.0000,220256,0,0.0000,0.0000,0,0,空换,S,2431.0000,0.0000,0.0000,0.0000,0.0000,2432.0000,0.0000,0.0000,0.0000,0.0000,11,0,0,0,0,1,0,0,0,0
zc,WS209,2012-06-20 09:01:19.430,2432.0000,220266,10,0.0000,22.0000,16,6,多开,B,2432.0000,0.0000,0.0000,0.0000,0.0000,2433.0000,0.0000,0.0000,0.0000,0.0000,2,0,0,0,0,24,0,0,0,0
zc,WS209,2012-06-20 09:01:19.913,2432.0000,220266,0,0.0000,0.0000,0,0,多换,B,2432.0000,0.0000,0.0000,0.0000,0.0000,2433.0000,0.0000,0.0000,0.0000,0.0000,2,0,0,0,0,14,0,0,0,0
zc,WS209,2012-06-20 09:01:20.430,2432.0000,220266,0,0.0000,0.0000,0,0,多换,B,2432.0000,0.0000,0.0000,0.0000,0.0000,2433.0000,0.0000,0.0000,0.0000,0.0000,4,0,0,0,0,14,0,0,0,0
zc,WS209,2012-06-20 09:01:21.197,2432.0000,220266,0,0.0000,2.0000,1,1,多换,B,2432.0000,0.0000,0.0000,0.0000,0.0000,2433.0000,0.0000,0.0000,0.0000,0.0000,6,0,0,0,0,12,0,0,0,0
zc,WS209,2012-06-20 09:01:22.727,2432.0000,220266,0,0.0000,8.0000,4,4,多换,B,2432.0000,0.0000,0.0000,0.0000,0.0000,2433.0000,0.0000,0.0000,0.0000,0.0000,2,0,0,0,0,12,0,0,0,0
zc,WS209,2012-06-20 09:01:23.210,2432.0000,220268,2,0.0000,2.0000,2,0,双开,B,2432.0000,0.0000,0.0000,0.0000,0.0000,2433.0000,0.0000,0.0000,0.0000,0.0000,1,0,0,0,0,12,0,0,0,0
zc,WS209,2012-06-20 09:01:23.977,2432.0000,220268,0,0.0000,0.0000,0,0,多换,B,2432.0000,0.0000,0.0000,0.0000,0.0000,2433.0000,0.0000,0.0000,0.0000,0.0000,1,0,0,0,0,22,0,0,0,0
zc,WS209,2012-06-20 09:01:24.430,2432.0000,220270,2,0.0000,4.0000,3,1,多开,B,2431.0000,0.0000,0.0000,0.0000,0.0000,2433.0000,0.0000,0.0000,0.0000,0.0000,16,0,0,0,0,21,0,0,0,0
zc,WS209,2012-06-20 09:01:25.210,2433.0000,220270,0,0.0000,2.0000,1,1,多换,B,2431.0000,0.0000,0.0000,0.0000,0.0000,2432.0000,0.0000,0.0000,0.0000,0.0000,42,0,0,0,0,6,0,0,0,0
zc,WS209,2012-06-20 09:01:25.710,2432.0000,220270,0,0.0000,6.0000,3,3,空换,S,2431.0000,0.0000,0.0000,0.0000,0.0000,2432.0000,0.0000,0.0000,0.0000,0.0000,40,0,0,0,0,3,0,0,0,0
zc,WS209,2012-06-20 09:01:26.447,2432.0000,220272,2,0.0000,12.0000,7,5,空开,S,2432.0000,0.0000,0.0000,0.0000,0.0000,2433.0000,0.0000,0.0000,0.0000,0.0000,4,0,0,0,0,11,0,0,0,0
zc,WS209,2012-06-20 09:01:26.897,2432.0000,220272,0,0.0000,0.0000,0,0,空换,S,2432.0000,0.0000,0.0000,0.0000,0.0000,2433.0000,0.0000,0.0000,0.0000,0.0000,17,0,0,0,0,11,0,0,0,0
zc,WS209,2012-06-20 09:01:28.163,2432.0000,220272,0,0.0000,0.0000,0,0,空换,S,2432.0000,0.0000,0.0000,0.0000,0.0000,2433.0000,0.0000,0.0000,0.0000,0.0000,17,0,0,0,0,12,0,0,0,0
zc,WS209,2012-06-20 09:01:28.897,2432.0000,220272,0,0.0000,0.0000,0,0,空换,S,2432.0000,0.0000,0.0000,0.0000,0.0000,2433.0000,0.0000,0.0000,0.0000,0.0000,20,0,0,0,0,24,0,0,0,0
zc,WS209,2012-06-20 09:01:29.447,2432.0000,220272,0,0.0000,0.0000,0,0,空换,S,2432.0000,0.0000,0.0000,0.0000,0.0000,2433.0000,0.0000,0.0000,0.0000,0.0000,20,0,0,0,0,22,0,0,0,0
zc,WS209,2012-06-20 09:01:30.743,2432.0000,220272,0,0.0000,0.0000,0,0,空换,S,2432.0000,0.0000,0.0000,0.0000,0.0000,2433.0000,0.0000,0.0000,0.0000,0.0000,20,0,0,0,0,23,0,0,0,0
zc,WS209,2012-06-20 09:01:31.663,2433.0000,220278,6,0.0000,6.0000,6,0,双开,B,2432.0000,0.0000,0.0000,0.0000,0.0000,2433.0000,0.0000,0.0000,0.0000,0.0000,21,0,0,0,0,21,0,0,0,0
zc,WS209,2012-06-20 09:01:33.430,2433.0000,220280,2,0.0000,10.0000,6,4,多开,B,2432.0000,0.0000,0.0000,0.0000,0.0000,2433.0000,0.0000,0.0000,0.0000,0.0000,38,0,0,0,0,16,0,0,0,0
zc,WS209,2012-06-20 09:01:34.447,2433.0000,220280,0,0.0000,0.0000,0,0,多换,B,2432.0000,0.0000,0.0000,0.0000,0.0000,2433.0000,0.0000,0.0000,0.0000,0.0000,41,0,0,0,0,16,0,0,0,0
zc,WS209,2012-06-20 09:01:35.210,2433.0000,220304,24,0.0000,34.0000,29,5,多开,B,2433.0000,0.0000,0.0000,0.0000,0.0000,2434.0000,0.0000,0.0000,0.0000,0.0000,1,0,0,0,0,7,0,0,0,0
zc,WS209,2012-06-20 09:01:35.897,2433.0000,220304,0,0.0000,0.0000,0,0,多换,B,2433.0000,0.0000,0.0000,0.0000,0.0000,2434.0000,0.0000,0.0000,0.0000,0.0000,2,0,0,0,0,8,0,0,0,0
zc,WS209,2012-06-20 09:01:36.430,2434.0000,220306,2,0.0000,2.0000,2,0,双开,B,2433.0000,0.0000,0.0000,0.0000,0.0000,2434.0000,0.0000,0.0000,0.0000,0.0000,11,0,0,0,0,8,0,0,0,0
zc,WS209,2012-06-20 09:01:37.197,2433.0000,220316,10,0.0000,10.0000,10,0,双开,S,2433.0000,0.0000,0.0000,0.0000,0.0000,2434.0000,0.0000,0.0000,0.0000,0.0000,27,0,0,0,0,18,0,0,0,0
zc,WS209,2012-06-20 09:01:37.710,2434.0000,220318,2,0.0000,2.0000,2,0,双开,B,2433.0000,0.0000,0.0000,0.0000,0.0000,2434.0000,0.0000,0.0000,0.0000,0.0000,27,0,0,0,0,17,0,0,0,0
zc,WS209,2012-06-20 09:01:38.947,2434.0000,220318,0,0.0000,2.0000,1,1,多换,B,2433.0000,0.0000,0.0000,0.0000,0.0000,2434.0000,0.0000,0.0000,0.0000,0.0000,27,0,0,0,0,16,0,0,0,0
zc,WS209,2012-06-20 09:01:39.710,2434.0000,220324,6,0.0000,20.0000,13,7,多开,B,2433.0000,0.0000,0.0000,0.0000,0.0000,2434.0000,0.0000,0.0000,0.0000,0.0000,28,0,0,0,0,6,0,0,0,0
zc,WS209,2012-06-20 09:01:40.460,2433.0000,220466,142,0.0000,306.0000,224,82,空开,S,2432.0000,0.0000,0.0000,0.0000,0.0000,2433.0000,0.0000,0.0000,0.0000,0.0000,128,0,0,0,0,47,0,0,0,0
zc,WS209,2012-06-20 09:01:41.210,2433.0000,220466,0,0.0000,8.0000,4,4,空换,S,2432.0000,0.0000,0.0000,0.0000,0.0000,2433.0000,0.0000,0.0000,0.0000,0.0000,126,0,0,0,0,43,0,0,0,0
zc,WS209,2012-06-20 09:01:41.727,2433.0000,220504,38,0.0000,42.0000,40,2,空开,S,2432.0000,0.0000,0.0000,0.0000,0.0000,2433.0000,0.0000,0.0000,0.0000,0.0000,125,0,0,0,0,22,0,0,0,0
zc,WS209,2012-06-20 09:01:42.477,2433.0000,220510,6,0.0000,6.0000,6,0,双开,S,2432.0000,0.0000,0.0000,0.0000,0.0000,2433.0000,0.0000,0.0000,0.0000,0.0000,132,0,0,0,0,19,0,0,0,0
zc,WS209,2012-06-20 09:01:42.993,2433.0000,220516,6,0.0000,6.0000,6,0,双开,S,2432.0000,0.0000,0.0000,0.0000,0.0000,2433.0000,0.0000,0.0000,0.0000,0.0000,129,0,0,0,0,16,0,0,0,0
zc,WS209,2012-06-20 09:01:43.727,2433.0000,220548,32,0.0000,32.0000,32,0,双开,S,2432.0000,0.0000,0.0000,0.0000,0.0000,2434.0000,0.0000,0.0000,0.0000,0.0000,126,0,0,0,0,35,0,0,0,0
zc,WS209,2012-06-20 09:01:45.197,2433.0000,220548,0,0.0000,0.0000,0,0,空换,S,2433.0000,0.0000,0.0000,0.0000,0.0000,2434.0000,0.0000,0.0000,0.0000,0.0000,4,0,0,0,0,35,0,0,0,0
zc,WS209,2012-06-20 09:01:45.993,2433.0000,220548,0,0.0000,20.0000,10,10,空换,S,2433.0000,0.0000,0.0000,0.0000,0.0000,2434.0000,0.0000,0.0000,0.0000,0.0000,67,0,0,0,0,35,0,0,0,0
zc,WS209,2012-06-20 09:01:46.493,2433.0000,220548,0,0.0000,0.0000,0,0,空换,S,2433.0000,0.0000,0.0000,0.0000,0.0000,2434.0000,0.0000,0.0000,0.0000,0.0000,69,0,0,0,0,35,0,0,0,0
zc,WS209,2012-06-20 09:01:46.930,2433.0000,220548,0,0.0000,0.0000,0,0,空换,S,2433.0000,0.0000,0.0000,0.0000,0.0000,2434.0000,0.0000,0.0000,0.0000,0.0000,62,0,0,0,0,36,0,0,0,0
zc,WS209,2012-06-20 09:01:48.913,2433.0000,220548,0,0.0000,0.0000,0,0,空换,S,2433.0000,0.0000,0.0000,0.0000,0.0000,2434.0000,0.0000,0.0000,0.0000,0.0000,71,0,0,0,0,36,0,0,0,0
zc,WS209,2012-06-20 09:01:49.460,2433.0000,220550,2,0.0000,4.0000,3,1,空开,S,2433.0000,0.0000,0.0000,0.0000,0.0000,2434.0000,0.0000,0.0000,0.0000,0.0000,71,0,0,0,0,35,0,0,0,0
zc,WS209,2012-06-20 09:01:51.243,2433.0000,220550,0,0.0000,0.0000,0,0,空换,S,2433.0000,0.0000,0.0000,0.0000,0.0000,2434.0000,0.0000,0.0000,0.0000,0.0000,166,0,0,0,0,35,0,0,0,0
zc,WS209,2012-06-20 09:01:51.710,2433.0000,220550,0,0.0000,0.0000,0,0,空换,S,2433.0000,0.0000,0.0000,0.0000,0.0000,2434.0000,0.0000,0.0000,0.0000,0.0000,168,0,0,0,0,35,0,0,0,0
zc,WS209,2012-06-20 09:01:52.197,2434.0000,220550,0,0.0000,2.0000,1,1,多换,B,2433.0000,0.0000,0.0000,0.0000,0.0000,2434.0000,0.0000,0.0000,0.0000,0.0000,172,0,0,0,0,34,0,0,0,0
zc,WS209,2012-06-20 09:01:52.960,2434.0000,220550,0,0.0000,22.0000,11,11,多换,B,2433.0000,0.0000,0.0000,0.0000,0.0000,2434.0000,0.0000,0.0000,0.0000,0.0000,166,0,0,0,0,23,0,0,0,0
zc,WS209,2012-06-20 09:01:53.743,2434.0000,220550,0,0.0000,12.0000,6,6,多换,B,2433.0000,0.0000,0.0000,0.0000,0.0000,2434.0000,0.0000,0.0000,0.0000,0.0000,169,0,0,0,0,17,0,0,0,0
zc,WS209,2012-06-20 09:01:54.477,2434.0000,220552,2,0.0000,6.0000,4,2,多开,B,2433.0000,0.0000,0.0000,0.0000,0.0000,2434.0000,0.0000,0.0000,0.0000,0.0000,168,0,0,0,0,14,0,0,0,0
zc,WS209,2012-06-20 09:01:54.930,2434.0000,220552,0,0.0000,0.0000,0,0,多换,B,2433.0000,0.0000,0.0000,0.0000,0.0000,2434.0000,0.0000,0.0000,0.0000,0.0000,167,0,0,0,0,15,0,0,0,0
zc,WS209,2012-06-20 09:01:55.663,2434.0000,220558,6,0.0000,6.0000,6,0,双开,B,2433.0000,0.0000,0.0000,0.0000,0.0000,2434.0000,0.0000,0.0000,0.0000,0.0000,167,0,0,0,0,12,0,0,0,0
zc,WS209,2012-06-20 09:01:56.180,2434.0000,220560,2,0.0000,2.0000,2,0,双开,B,2433.0000,0.0000,0.0000,0.0000,0.0000,2434.0000,0.0000,0.0000,0.0000,0.0000,167,0,0,0,0,11,0,0,0,0
zc,WS209,2012-06-20 09:01:56.930,2434.0000,220564,4,0.0000,4.0000,4,0,双开,B,2433.0000,0.0000,0.0000,0.0000,0.0000,2434.0000,0.0000,0.0000,0.0000,0.0000,166,0,0,0,0,9,0,0,0,0
zc,WS209,2012-06-20 09:01:57.447,2434.0000,220566,2,0.0000,2.0000,2,0,双开,B,2433.0000,0.0000,0.0000,0.0000,0.0000,2434.0000,0.0000,0.0000,0.0000,0.0000,172,0,0,0,0,8,0,0,0,0
zc,WS209,2012-06-20 09:01:58.180,2434.0000,220568,2,0.0000,6.0000,4,2,多开,B,2433.0000,0.0000,0.0000,0.0000,0.0000,2434.0000,0.0000,0.0000,0.0000,0.0000,171,0,0,0,0,4,0,0,0,0
zc,WS209,2012-06-20 09:01:58.727,2434.0000,220568,0,0.0000,4.0000,2,2,多换,B,2433.0000,0.0000,0.0000,0.0000,0.0000,2434.0000,0.0000,0.0000,0.0000,0.0000,166,0,0,0,0,3,0,0,0,0
zc,WS209,2012-06-20 09:01:59.477,2433.0000,220568,0,0.0000,26.0000,13,13,空换,S,2433.0000,0.0000,0.0000,0.0000,0.0000,2434.0000,0.0000,0.0000,0.0000,0.0000,158,0,0,0,0,1,0,0,0,0
zc,WS209,2012-06-20 09:01:59.960,2433.0000,220568,0,0.0000,0.0000,0,0,空换,S,2433.0000,0.0000,0.0000,0.0000,0.0000,2434.0000,0.0000,0.0000,0.0000,0.0000,155,0,0,0,0,2,0,0,0,0
zc,WS209,2012-06-20 09:02:00.960,2433.0000,220580,12,0.0000,12.0000,12,0,双开,S,2433.0000,0.0000,0.0000,0.0000,0.0000,2434.0000,0.0000,0.0000,0.0000,0.0000,150,0,0,0,0,2,0,0,0,0
zc,WS209,2012-06-20 09:02:02.477,2433.0000,220598,18,0.0000,98.0000,58,40,空开,S,2433.0000,0.0000,0.0000,0.0000,0.0000,2434.0000,0.0000,0.0000,0.0000,0.0000,102,0,0,0,0,2,0,0,0,0
zc,WS209,2012-06-20 09:02:02.930,2434.0000,220598,0,0.0000,2.0000,1,1,多换,B,2433.0000,0.0000,0.0000,0.0000,0.0000,2434.0000,0.0000,0.0000,0.0000,0.0000,103,0,0,0,0,1,0,0,0,0
zc,WS209,2012-06-20 09:02:03.430,2434.0000,220598,0,0.0000,0.0000,0,0,多换,B,2433.0000,0.0000,0.0000,0.0000,0.0000,2434.0000,0.0000,0.0000,0.0000,0.0000,104,0,0,0,0,1,0,0,0,0
zc,WS209,2012-06-20 09:02:03.947,2434.0000,220600,2,0.0000,2.0000,2,0,双开,B,2433.0000,0.0000,0.0000,0.0000,0.0000,2434.0000,0.0000,0.0000,0.0000,0.0000,104,0,0,0,0,2,0,0,0,0
zc,WS209,2012-06-20 09:02:04.663,2433.0000,220602,2,0.0000,4.0000,3,1,空开,S,2433.0000,0.0000,0.0000,0.0000,0.0000,2434.0000,0.0000,0.0000,0.0000,0.0000,102,0,0,0,0,2,0,0,0,0
zc,WS209,2012-06-20 09:02:05.507,2433.0000,220602,0,0.0000,0.0000,0,0,空换,S,2433.0000,0.0000,0.0000,0.0000,0.0000,2434.0000,0.0000,0.0000,0.0000,0.0000,102,0,0,0,0,3,0,0,0,0
zc,WS209,2012-06-20 09:02:06.710,2433.0000,220624,22,0.0000,22.0000,22,0,双开,S,2433.0000,0.0000,0.0000,0.0000,0.0000,2434.0000,0.0000,0.0000,0.0000,0.0000,91,0,0,0,0,53,0,0,0,0
zc,WS209,2012-06-20 09:02:07.493,2433.0000,220632,8,0.0000,10.0000,9,1,空开,S,2433.0000,0.0000,0.0000,0.0000,0.0000,2434.0000,0.0000,0.0000,0.0000,0.0000,87,0,0,0,0,51,0,0,0,0
zc,WS209,2012-06-20 09:02:08.007,2434.0000,220636,4,0.0000,4.0000,4,0,双开,B,2433.0000,0.0000,0.0000,0.0000,0.0000,2434.0000,0.0000,0.0000,0.0000,0.0000,86,0,0,0,0,50,0,0,0,0
zc,WS209,2012-06-20 09:02:08.727,2434.0000,220636,0,0.0000,0.0000,0,0,多换,B,2433.0000,0.0000,0.0000,0.0000,0.0000,2434.0000,0.0000,0.0000,0.0000,0.0000,86,0,0,0,0,51,0,0,0,0
zc,WS209,2012-06-20 09:02:09.180,2433.0000,220654,18,0.0000,18.0000,18,0,双开,S,2433.0000,0.0000,0.0000,0.0000,0.0000,2434.0000,0.0000,0.0000,0.0000,0.0000,77,0,0,0,0,43,0,0,0,0
zc,WS209,2012-06-20 09:02:10.210,2433.0000,220698,44,0.0000,44.0000,44,0,双开,S,2433.0000,0.0000,0.0000,0.0000,0.0000,2434.0000,0.0000,0.0000,0.0000,0.0000,56,0,0,0,0,21,0,0,0,0
zc,WS209,2012-06-20 09:02:10.477,2433.0000,220698,0,0.0000,0.0000,0,0,空换,S,2433.0000,0.0000,0.0000,0.0000,0.0000,2434.0000,0.0000,0.0000,0.0000,0.0000,58,0,0,0,0,21,0,0,0,0
zc,WS209,2012-06-20 09:02:12.727,2434.0000,220700,2,0.0000,2.0000,2,0,双开,B,2433.0000,0.0000,0.0000,0.0000,0.0000,2434.0000,0.0000,0.0000,0.0000,0.0000,58,0,0,0,0,20,0,0,0,0
zc,WS209,2012-06-20 09:02:13.197,2433.0000,220702,2,0.0000,2.0000,2,0,双开,S,2433.0000,0.0000,0.0000,0.0000,0.0000,2434.0000,0.0000,0.0000,0.0000,0.0000,57,0,0,0,0,19,0,0,0,0
zc,WS209,2012-06-20 09:02:13.913,2434.0000,220706,4,0.0000,4.0000,4,0,双开,B,2433.0000,0.0000,0.0000,0.0000,0.0000,2434.0000,0.0000,0.0000,0.0000,0.0000,57,0,0,0,0,17,0,0,0,0
zc,WS209,2012-06-20 09:02:14.477,2433.0000,220708,2,0.0000,2.0000,2,0,双开,S,2433.0000,0.0000,0.0000,0.0000,0.0000,2434.0000,0.0000,0.0000,0.0000,0.0000,56,0,0,0,0,16,0,0,0,0
zc,WS209,2012-06-20 09:02:14.930,2434.0000,220724,16,0.0000,20.0000,18,2,多开,B,2433.0000,0.0000,0.0000,0.0000,0.0000,2434.0000,0.0000,0.0000,0.0000,0.0000,56,0,0,0,0,31,0,0,0,0
zc,WS209,2012-06-20 09:02:15.447,2434.0000,220724,0,0.0000,0.0000,0,0,多换,B,2433.0000,0.0000,0.0000,0.0000,0.0000,2434.0000,0.0000,0.0000,0.0000,0.0000,69,0,0,0,0,7,0,0,0,0
zc,WS209,2012-06-20 09:02:17.460,2434.0000,220724,0,0.0000,0.0000,0,0,多换,B,2433.0000,0.0000,0.0000,0.0000,0.0000,2434.0000,0.0000,0.0000,0.0000,0.0000,106,0,0,0,0,7,0,0,0,0
zc,WS209,2012-06-20 09:02:18.197,2433.0000,220724,0,0.0000,2.0000,1,1,空换,S,2433.0000,0.0000,0.0000,0.0000,0.0000,2434.0000,0.0000,0.0000,0.0000,0.0000,93,0,0,0,0,7,0,0,0,0
zc,WS209,2012-06-20 09:02:18.710,2433.0000,220724,0,0.0000,0.0000,0,0,空换,S,2433.0000,0.0000,0.0000,0.0000,0.0000,2434.0000,0.0000,0.0000,0.0000,0.0000,93,0,0,0,0,8,0,0,0,0
zc,WS209,2012-06-20 09:02:19.430,2434.0000,220724,0,0.0000,2.0000,1,1,多换,B,2433.0000,0.0000,0.0000,0.0000,0.0000,2434.0000,0.0000,0.0000,0.0000,0.0000,94,0,0,0,0,7,0,0,0,0
zc,WS209,2012-06-20 09:02:19.947,2434.0000,220724,0,0.0000,0.0000,0,0,多换,B,2433.0000,0.0000,0.0000,0.0000,0.0000,2434.0000,0.0000,0.0000,0.0000,0.0000,97,0,0,0,0,7,0,0,0,0
zc,WS209,2012-06-20 09:02:20.447,2434.0000,220712,-12,0.0000,14.0000,1,13,空平,B,2434.0000,0.0000,0.0000,0.0000,0.0000,2435.0000,0.0000,0.0000,0.0000,0.0000,54,0,0,0,0,95,0,0,0,0
zc,WS209,2012-06-20 09:02:20.897,2434.0000,220710,-2,0.0000,2.0000,0,2,双平,B,2434.0000,0.0000,0.0000,0.0000,0.0000,2435.0000,0.0000,0.0000,0.0000,0.0000,53,0,0,0,0,94,0,0,0,0
zc,WS209,2012-06-20 09:02:21.663,2434.0000,220614,-96,0.0000,96.0000,0,96,双平,B,2434.0000,0.0000,0.0000,0.0000,0.0000,2435.0000,0.0000,0.0000,0.0000,0.0000,6,0,0,0,0,77,0,0,0,0
zc,WS209,2012-06-20 09:02:22.147,2434.0000,220614,0,0.0000,0.0000,0,0,多换,B,2434.0000,0.0000,0.0000,0.0000,0.0000,2435.0000,0.0000,0.0000,0.0000,0.0000,6,0,0,0,0,70,0,0,0,0
zc,WS209,2012-06-20 09:02:22.897,2434.0000,220614,0,0.0000,0.0000,0,0,多换,B,2434.0000,0.0000,0.0000,0.0000,0.0000,2435.0000,0.0000,0.0000,0.0000,0.0000,6,0,0,0,0,72,0,0,0,0
zc,WS209,2012-06-20 09:02:26.697,2434.0000,220612,-2,0.0000,2.0000,0,2,双平,B,2434.0000,0.0000,0.0000,0.0000,0.0000,2435.0000,0.0000,0.0000,0.0000,0.0000,5,0,0,0,0,74,0,0,0,0
zc,WS209,2012-06-20 09:02:27.210,2434.0000,220612,0,0.0000,0.0000,0,0,多换,B,2434.0000,0.0000,0.0000,0.0000,0.0000,2435.0000,0.0000,0.0000,0.0000,0.0000,4,0,0,0,0,75,0,0,0,0
zc,WS209,2012-06-20 09:02:27.960,2435.0000,220612,0,0.0000,2.0000,1,1,多换,B,2434.0000,0.0000,0.0000,0.0000,0.0000,2435.0000,0.0000,0.0000,0.0000,0.0000,5,0,0,0,0,74,0,0,0,0
zc,WS209,2012-06-20 09:02:28.680,2435.0000,220612,0,0.0000,0.0000,0,0,多换,B,2434.0000,0.0000,0.0000,0.0000,0.0000,2435.0000,0.0000,0.0000,0.0000,0.0000,5,0,0,0,0,73,0,0,0,0
zc,WS209,2012-06-20 09:02:29.180,2434.0000,220674,62,0.0000,74.0000,68,6,空开,S,2434.0000,0.0000,0.0000,0.0000,0.0000,2435.0000,0.0000,0.0000,0.0000,0.0000,4,0,0,0,0,37,0,0,0,0
zc,WS209,2012-06-20 09:02:29.897,2434.0000,220674,0,0.0000,0.0000,0,0,空换,S,2434.0000,0.0000,0.0000,0.0000,0.0000,2435.0000,0.0000,0.0000,0.0000,0.0000,5,0,0,0,0,37,0,0,0,0
zc,WS209,2012-06-20 09:02:31.163,2434.0000,220674,0,0.0000,0.0000,0,0,空换,S,2434.0000,0.0000,0.0000,0.0000,0.0000,2435.0000,0.0000,0.0000,0.0000,0.0000,5,0,0,0,0,38,0,0,0,0
zc,WS209,2012-06-20 09:02:31.697,2434.0000,220670,-4,0.0000,4.0000,0,4,双平,S,2434.0000,0.0000,0.0000,0.0000,0.0000,2435.0000,0.0000,0.0000,0.0000,0.0000,4,0,0,0,0,46,0,0,0,0
zc,WS209,2012-06-20 09:02:32.930,2434.0000,220670,0,0.0000,4.0000,2,2,空换,S,2434.0000,0.0000,0.0000,0.0000,0.0000,2435.0000,0.0000,0.0000,0.0000,0.0000,3,0,0,0,0,38,0,0,0,0
zc,WS209,2012-06-20 09:02:33.680,2435.0000,220672,2,0.0000,8.0000,5,3,多开,B,2434.0000,0.0000,0.0000,0.0000,0.0000,2435.0000,0.0000,0.0000,0.0000,0.0000,3,0,0,0,0,34,0,0,0,0
zc,WS209,2012-06-20 09:02:34.133,2434.0000,220688,16,0.0000,18.0000,17,1,空开,S,2434.0000,0.0000,0.0000,0.0000,0.0000,2435.0000,0.0000,0.0000,0.0000,0.0000,2,0,0,0,0,25,0,0,0,0
zc,WS209,2012-06-20 09:02:35.197,2435.0000,220690,2,0.0000,2.0000,2,0,双开,B,2434.0000,0.0000,0.0000,0.0000,0.0000,2435.0000,0.0000,0.0000,0.0000,0.0000,2,0,0,0,0,32,0,0,0,0
zc,WS209,2012-06-20 09:02:35.727,2435.0000,220690,0,0.0000,0.0000,0,0,多换,B,2434.0000,0.0000,0.0000,0.0000,0.0000,2435.0000,0.0000,0.0000,0.0000,0.0000,2,0,0,0,0,33,0,0,0,0
zc,WS209,2012-06-20 09:02:36.493,2435.0000,220690,0,0.0000,0.0000,0,0,多换,B,2434.0000,0.0000,0.0000,0.0000,0.0000,2435.0000,0.0000,0.0000,0.0000,0.0000,3,0,0,0,0,33,0,0,0,0
zc,WS209,2012-06-20 09:02:36.930,2435.0000,220690,0,0.0000,0.0000,0,0,多换,B,2434.0000,0.0000,0.0000,0.0000,0.0000,2435.0000,0.0000,0.0000,0.0000,0.0000,3,0,0,0,0,34,0,0,0,0
zc,WS209,2012-06-20 09:02:37.710,2434.0000,220690,0,0.0000,8.0000,4,4,空换,S,2433.0000,0.0000,0.0000,0.0000,0.0000,2435.0000,0.0000,0.0000,0.0000,0.0000,59,0,0,0,0,30,0,0,0,0
zc,WS209,2012-06-20 09:02:38.210,2433.0000,220690,0,0.0000,4.0000,2,2,空换,S,2433.0000,0.0000,0.0000,0.0000,0.0000,2434.0000,0.0000,0.0000,0.0000,0.0000,57,0,0,0,0,2,0,0,0,0
zc,WS209,2012-06-20 09:02:38.930,2432.0000,220688,-2,0.0000,118.0000,58,60,多平,S,2432.0000,0.0000,0.0000,0.0000,0.0000,2434.0000,0.0000,0.0000,0.0000,0.0000,113,0,0,0,0,5,0,0,0,0
zc,WS209,2012-06-20 09:02:39.413,2435.0000,220706,18,0.0000,72.0000,45,27,多开,B,2433.0000,0.0000,0.0000,0.0000,0.0000,2435.0000,0.0000,0.0000,0.0000,0.0000,6,0,0,0,0,27,0,0,0,0
zc,WS209,2012-06-20 09:02:39.913,2433.0000,220704,-2,0.0000,2.0000,0,2,双平,S,2432.0000,0.0000,0.0000,0.0000,0.0000,2434.0000,0.0000,0.0000,0.0000,0.0000,115,0,0,0,0,1,0,0,0,0
zc,WS209,2012-06-20 09:02:40.663,2433.0000,220704,0,0.0000,0.0000,0,0,空换,S,2432.0000,0.0000,0.0000,0.0000,0.0000,2434.0000,0.0000,0.0000,0.0000,0.0000,113,0,0,0,0,10,0,0,0,0
zc,WS209,2012-06-20 09:02:41.397,2434.0000,220704,0,0.0000,2.0000,1,1,多换,B,2432.0000,0.0000,0.0000,0.0000,0.0000,2434.0000,0.0000,0.0000,0.0000,0.0000,120,0,0,0,0,9,0,0,0,0
zc,WS209,2012-06-20 09:02:41.930,2434.0000,220704,0,0.0000,0.0000,0,0,多换,B,2432.0000,0.0000,0.0000,0.0000,0.0000,2434.0000,0.0000,0.0000,0.0000,0.0000,122,0,0,0,0,9,0,0,0,0
zc,WS209,2012-06-20 09:02:42.617,2434.0000,220704,0,0.0000,0.0000,0,0,多换,B,2432.0000,0.0000,0.0000,0.0000,0.0000,2434.0000,0.0000,0.0000,0.0000,0.0000,124,0,0,0,0,10,0,0,0,0
zc,WS209,2012-06-20 09:02:44.413,2434.0000,220704,0,0.0000,0.0000,0,0,多换,B,2433.0000,0.0000,0.0000,0.0000,0.0000,2434.0000,0.0000,0.0000,0.0000,0.0000,1,0,0,0,0,10,0,0,0,0
zc,WS209,2012-06-20 09:02:45.163,2434.0000,220704,0,0.0000,2.0000,1,1,多换,B,2433.0000,0.0000,0.0000,0.0000,0.0000,2434.0000,0.0000,0.0000,0.0000,0.0000,2,0,0,0,0,11,0,0,0,0
zc,WS209,2012-06-20 09:02:46.413,2434.0000,220704,0,0.0000,0.0000,0,0,多换,B,2433.0000,0.0000,0.0000,0.0000,0.0000,2434.0000,0.0000,0.0000,0.0000,0.0000,2,0,0,0,0,13,0,0,0,0
zc,WS209,2012-06-20 09:02:47.663,2434.0000,220704,0,0.0000,0.0000,0,0,多换,B,2433.0000,0.0000,0.0000,0.0000,0.0000,2434.0000,0.0000,0.0000,0.0000,0.0000,3,0,0,0,0,13,0,0,0,0
zc,WS209,2012-06-20 09:02:48.883,2434.0000,220704,0,0.0000,0.0000,0,0,多换,B,2433.0000,0.0000,0.0000,0.0000,0.0000,2434.0000,0.0000,0.0000,0.0000,0.0000,5,0,0,0,0,13,0,0,0,0
zc,WS209,2012-06-20 09:02:49.727,2434.0000,220704,0,0.0000,0.0000,0,0,多换,B,2433.0000,0.0000,0.0000,0.0000,0.0000,2434.0000,0.0000,0.0000,0.0000,0.0000,5,0,0,0,0,18,0,0,0,0
zc,WS209,2012-06-20 09:02:50.477,2433.0000,220696,-8,0.0000,8.0000,0,8,双平,S,2433.0000,0.0000,0.0000,0.0000,0.0000,2434.0000,0.0000,0.0000,0.0000,0.0000,11,0,0,0,0,18,0,0,0,0
zc,WS209,2012-06-20 09:02:50.930,2433.0000,220696,0,0.0000,0.0000,0,0,空换,S,2433.0000,0.0000,0.0000,0.0000,0.0000,2434.0000,0.0000,0.0000,0.0000,0.0000,9,0,0,0,0,19,0,0,0,0
zc,WS209,2012-06-20 09:02:51.647,2434.0000,220696,0,0.0000,2.0000,1,1,多换,B,2433.0000,0.0000,0.0000,0.0000,0.0000,2434.0000,0.0000,0.0000,0.0000,0.0000,10,0,0,0,0,18,0,0,0,0
zc,WS209,2012-06-20 09:02:52.147,2434.0000,220692,-4,0.0000,4.0000,0,4,双平,B,2433.0000,0.0000,0.0000,0.0000,0.0000,2434.0000,0.0000,0.0000,0.0000,0.0000,11,0,0,0,0,16,0,0,0,0
zc,WS209,2012-06-20 09:02:52.930,2434.0000,220692,0,0.0000,0.0000,0,0,多换,B,2433.0000,0.0000,0.0000,0.0000,0.0000,2434.0000,0.0000,0.0000,0.0000,0.0000,11,0,0,0,0,15,0,0,0,0
zc,WS209,2012-06-20 09:02:56.243,2434.0000,220692,0,0.0000,2.0000,1,1,多换,B,2433.0000,0.0000,0.0000,0.0000,0.0000,2434.0000,0.0000,0.0000,0.0000,0.0000,6,0,0,0,0,55,0,0,0,0
zc,WS209,2012-06-20 09:02:56.993,2434.0000,220692,0,0.0000,0.0000,0,0,多换,B,2433.0000,0.0000,0.0000,0.0000,0.0000,2434.0000,0.0000,0.0000,0.0000,0.0000,6,0,0,0,0,45,0,0,0,0
zc,WS209,2012-06-20 09:02:58.210,2433.0000,220694,2,0.0000,2.0000,2,0,双开,S,2433.0000,0.0000,0.0000,0.0000,0.0000,2434.0000,0.0000,0.0000,0.0000,0.0000,5,0,0,0,0,14,0,0,0,0
zc,WS209,2012-06-20 09:02:58.897,2433.0000,220694,0,0.0000,0.0000,0,0,空换,S,2433.0000,0.0000,0.0000,0.0000,0.0000,2434.0000,0.0000,0.0000,0.0000,0.0000,5,0,0,0,0,17,0,0,0,0
zc,WS209,2012-06-20 09:02:59.477,2433.0000,220690,-4,0.0000,8.0000,2,6,多平,S,2433.0000,0.0000,0.0000,0.0000,0.0000,2434.0000,0.0000,0.0000,0.0000,0.0000,2,0,0,0,0,17,0,0,0,0
zc,WS209,2012-06-20 09:03:00.210,2433.0000,220688,-2,0.0000,2.0000,0,2,双平,S,2433.0000,0.0000,0.0000,0.0000,0.0000,2434.0000,0.0000,0.0000,0.0000,0.0000,1,0,0,0,0,17,0,0,0,0
zc,WS209,2012-06-20 09:03:00.727,2433.0000,220688,0,0.0000,0.0000,0,0,空换,S,2433.0000,0.0000,0.0000,0.0000,0.0000,2434.0000,0.0000,0.0000,0.0000,0.0000,1,0,0,0,0,19,0,0,0,0
zc,WS209,2012-06-20 09:03:01.460,2433.0000,220688,0,0.0000,2.0000,1,1,空换,S,2432.0000,0.0000,0.0000,0.0000,0.0000,2433.0000,0.0000,0.0000,0.0000,0.0000,121,0,0,0,0,2,0,0,0,0
zc,WS209,2012-06-20 09:03:01.710,2433.0000,220688,0,0.0000,4.0000,2,2,空换,S,2433.0000,0.0000,0.0000,0.0000,0.0000,2434.0000,0.0000,0.0000,0.0000,0.0000,1,0,0,0,0,52,0,0,0,0
zc,WS209,2012-06-20 09:03:02.493,2433.0000,220688,0,0.0000,0.0000,0,0,空换,S,2433.0000,0.0000,0.0000,0.0000,0.0000,2434.0000,0.0000,0.0000,0.0000,0.0000,1,0,0,0,0,51,0,0,0,0
zc,WS209,2012-06-20 09:03:02.960,2433.0000,220688,0,0.0000,2.0000,1,1,空换,S,2432.0000,0.0000,0.0000,0.0000,0.0000,2434.0000,0.0000,0.0000,0.0000,0.0000,113,0,0,0,0,46,0,0,0,0
zc,WS209,2012-06-20 09:03:03.647,2433.0000,220688,0,0.0000,0.0000,0,0,空换,S,2433.0000,0.0000,0.0000,0.0000,0.0000,2434.0000,0.0000,0.0000,0.0000,0.0000,1,0,0,0,0,19,0,0,0,0
zc,WS209,2012-06-20 09:03:05.210,2434.0000,220688,0,0.0000,2.0000,1,1,多换,B,2433.0000,0.0000,0.0000,0.0000,0.0000,2434.0000,0.0000,0.0000,0.0000,0.0000,1,0,0,0,0,17,0,0,0,0
zc,WS209,2012-06-20 09:03:05.710,2434.0000,220688,0,0.0000,0.0000,0,0,多换,B,2433.0000,0.0000,0.0000,0.0000,0.0000,2434.0000,0.0000,0.0000,0.0000,0.0000,9,0,0,0,0,16,0,0,0,0
zc,WS209,2012-06-20 09:03:07.507,2434.0000,220688,0,0.0000,0.0000,0,0,多换,B,2433.0000,0.0000,0.0000,0.0000,0.0000,2434.0000,0.0000,0.0000,0.0000,0.0000,2,0,0,0,0,16,0,0,0,0
zc,WS209,2012-06-20 09:03:08.743,2434.0000,220688,0,0.0000,0.0000,0,0,多换,B,2433.0000,0.0000,0.0000,0.0000,0.0000,2434.0000,0.0000,0.0000,0.0000,0.0000,3,0,0,0,0,19,0,0,0,0
zc,WS209,2012-06-20 09:03:09.993,2434.0000,220688,0,0.0000,0.0000,0,0,多换,B,2433.0000,0.0000,0.0000,0.0000,0.0000,2434.0000,0.0000,0.0000,0.0000,0.0000,11,0,0,0,0,19,0,0,0,0
zc,WS209,2012-06-20 09:03:11.477,2434.0000,220688,0,0.0000,0.0000,0,0,多换,B,2433.0000,0.0000,0.0000,0.0000,0.0000,2434.0000,0.0000,0.0000,0.0000,0.0000,3,0,0,0,0,19,0,0,0,0
zc,WS209,2012-06-20 09:03:11.960,2434.0000,220688,0,0.0000,0.0000,0,0,多换,B,2433.0000,0.0000,0.0000,0.0000,0.0000,2434.0000,0.0000,0.0000,0.0000,0.0000,3,0,0,0,0,20,0,0,0,0
zc,WS209,2012-06-20 09:03:12.460,2433.0000,220694,6,0.0000,10.0000,8,2,空开,S,2433.0000,0.0000,0.0000,0.0000,0.0000,2434.0000,0.0000,0.0000,0.0000,0.0000,5,0,0,0,0,18,0,0,0,0
zc,WS209,2012-06-20 09:03:13.977,2433.0000,220694,0,0.0000,0.0000,0,0,空换,S,2433.0000,0.0000,0.0000,0.0000,0.0000,2434.0000,0.0000,0.0000,0.0000,0.0000,6,0,0,0,0,18,0,0,0,0
zc,WS209,2012-06-20 09:03:14.757,2433.0000,220694,0,0.0000,0.0000,0,0,空换,S,2433.0000,0.0000,0.0000,0.0000,0.0000,2434.0000,0.0000,0.0000,0.0000,0.0000,6,0,0,0,0,25,0,0,0,0
zc,WS209,2012-06-20 09:03:15.197,2433.0000,220694,0,0.0000,2.0000,1,1,空换,S,2433.0000,0.0000,0.0000,0.0000,0.0000,2434.0000,0.0000,0.0000,0.0000,0.0000,7,0,0,0,0,25,0,0,0,0
zc,WS209,2012-06-20 09:03:18.930,2433.0000,220692,-2,0.0000,4.0000,1,3,多平,S,2433.0000,0.0000,0.0000,0.0000,0.0000,2434.0000,0.0000,0.0000,0.0000,0.0000,6,0,0,0,0,25,0,0,0,0
zc,WS209,2012-06-20 09:03:19.697,2433.0000,220694,2,0.0000,2.0000,2,0,双开,S,2433.0000,0.0000,0.0000,0.0000,0.0000,2434.0000,0.0000,0.0000,0.0000,0.0000,5,0,0,0,0,25,0,0,0,0
zc,WS209,2012-06-20 09:03:21.163,2433.0000,220694,0,0.0000,0.0000,0,0,空换,S,2433.0000,0.0000,0.0000,0.0000,0.0000,2434.0000,0.0000,0.0000,0.0000,0.0000,8,0,0,0,0,25,0,0,0,0
zc,WS209,2012-06-20 09:03:21.710,2433.0000,220694,0,0.0000,0.0000,0,0,空换,S,2433.0000,0.0000,0.0000,0.0000,0.0000,2434.0000,0.0000,0.0000,0.0000,0.0000,8,0,0,0,0,27,0,0,0,0
zc,WS209,2012-06-20 09:03:22.397,2433.0000,220694,0,0.0000,0.0000,0,0,空换,S,2433.0000,0.0000,0.0000,0.0000,0.0000,2434.0000,0.0000,0.0000,0.0000,0.0000,8,0,0,0,0,28,0,0,0,0
zc,WS209,2012-06-20 09:03:23.383,2433.0000,220694,0,0.0000,0.0000,0,0,空换,S,2433.0000,0.0000,0.0000,0.0000,0.0000,2434.0000,0.0000,0.0000,0.0000,0.0000,8,0,0,0,0,25,0,0,0,0
zc,WS209,2012-06-20 09:03:24.180,2433.0000,220694,0,0.0000,0.0000,0,0,空换,S,2433.0000,0.0000,0.0000,0.0000,0.0000,2434.0000,0.0000,0.0000,0.0000,0.0000,8,0,0,0,0,28,0,0,0,0
zc,WS209,2012-06-20 09:03:24.680,2433.0000,220694,0,0.0000,0.0000,0,0,空换,S,2433.0000,0.0000,0.0000,0.0000,0.0000,2434.0000,0.0000,0.0000,0.0000,0.0000,13,0,0,0,0,28,0,0,0,0
zc,WS209,2012-06-20 09:03:26.680,2433.0000,220704,10,0.0000,10.0000,10,0,双开,S,2433.0000,0.0000,0.0000,0.0000,0.0000,2434.0000,0.0000,0.0000,0.0000,0.0000,8,0,0,0,0,30,0,0,0,0
zc,WS209,2012-06-20 09:03:27.977,2433.0000,220704,0,0.0000,2.0000,1,1,空换,S,2433.0000,0.0000,0.0000,0.0000,0.0000,2434.0000,0.0000,0.0000,0.0000,0.0000,7,0,0,0,0,30,0,0,0,0
zc,WS209,2012-06-20 09:03:28.430,2433.0000,220704,0,0.0000,6.0000,3,3,空换,S,2433.0000,0.0000,0.0000,0.0000,0.0000,2434.0000,0.0000,0.0000,0.0000,0.0000,4,0,0,0,0,28,0,0,0,0
zc,WS209,2012-06-20 09:03:29.147,2433.0000,220704,0,0.0000,0.0000,0,0,空换,S,2433.0000,0.0000,0.0000,0.0000,0.0000,2434.0000,0.0000,0.0000,0.0000,0.0000,4,0,0,0,0,33,0,0,0,0
zc,WS209,2012-06-20 09:03:29.617,2433.0000,220706,2,0.0000,2.0000,2,0,双开,S,2433.0000,0.0000,0.0000,0.0000,0.0000,2434.0000,0.0000,0.0000,0.0000,0.0000,3,0,0,0,0,33,0,0,0,0
zc,WS209,2012-06-20 09:03:30.147,2433.0000,220710,4,0.0000,4.0000,4,0,双开,S,2433.0000,0.0000,0.0000,0.0000,0.0000,2434.0000,0.0000,0.0000,0.0000,0.0000,1,0,0,0,0,33,0,0,0,0
zc,WS209,2012-06-20 09:03:31.477,2433.0000,220710,0,0.0000,2.0000,1,1,空换,S,2432.0000,0.0000,0.0000,0.0000,0.0000,2434.0000,0.0000,0.0000,0.0000,0.0000,118,0,0,0,0,33,0,0,0,0
zc,WS209,2012-06-20 09:03:32.210,2433.0000,220710,0,0.0000,0.0000,0,0,空换,S,2432.0000,0.0000,0.0000,0.0000,0.0000,2434.0000,0.0000,0.0000,0.0000,0.0000,114,0,0,0,0,33,0,0,0,0
zc,WS209,2012-06-20 09:03:32.663,2433.0000,220714,4,0.0000,4.0000,4,0,双开,S,2433.0000,0.0000,0.0000,0.0000,0.0000,2434.0000,0.0000,0.0000,0.0000,0.0000,5,0,0,0,0,33,0,0,0,0
zc,WS209,2012-06-20 09:03:35.633,2434.0000,220708,-6,0.0000,6.0000,0,6,双平,B,2433.0000,0.0000,0.0000,0.0000,0.0000,2434.0000,0.0000,0.0000,0.0000,0.0000,5,0,0,0,0,30,0,0,0,0
zc,WS209,2012-06-20 09:03:36.367,2433.0000,220710,2,0.0000,2.0000,2,0,双开,S,2433.0000,0.0000,0.0000,0.0000,0.0000,2434.0000,0.0000,0.0000,0.0000,0.0000,4,0,0,0,0,30,0,0,0,0
zc,WS209,2012-06-20 09:03:37.633,2433.0000,220710,0,0.0000,10.0000,5,5,空换,S,2432.0000,0.0000,0.0000,0.0000,0.0000,2433.0000,0.0000,0.0000,0.0000,0.0000,121,0,0,0,0,11,0,0,0,0
zc,WS209,2012-06-20 09:03:38.163,2433.0000,220702,-8,0.0000,8.0000,0,8,双平,S,2432.0000,0.0000,0.0000,0.0000,0.0000,2433.0000,0.0000,0.0000,0.0000,0.0000,117,0,0,0,0,7,0,0,0,0
zc,WS209,2012-06-20 09:03:38.633,2433.0000,220702,0,0.0000,0.0000,0,0,空换,S,2432.0000,0.0000,0.0000,0.0000,0.0000,2433.0000,0.0000,0.0000,0.0000,0.0000,117,0,0,0,0,8,0,0,0,0
zc,WS209,2012-06-20 09:03:39.960,2433.0000,220698,-4,0.0000,4.0000,0,4,双平,S,2432.0000,0.0000,0.0000,0.0000,0.0000,2433.0000,0.0000,0.0000,0.0000,0.0000,115,0,0,0,0,6,0,0,0,0
zc,WS209,2012-06-20 09:03:40.633,2433.0000,220696,-2,0.0000,12.0000,5,7,多平,S,2432.0000,0.0000,0.0000,0.0000,0.0000,2434.0000,0.0000,0.0000,0.0000,0.0000,114,0,0,0,0,104,0,0,0,0
zc,WS209,2012-06-20 09:03:41.117,2433.0000,220696,0,0.0000,0.0000,0,0,空换,S,2432.0000,0.0000,0.0000,0.0000,0.0000,2434.0000,0.0000,0.0000,0.0000,0.0000,115,0,0,0,0,103,0,0,0,0
zc,WS209,2012-06-20 09:03:41.913,2433.0000,220696,0,0.0000,0.0000,0,0,空换,S,2432.0000,0.0000,0.0000,0.0000,0.0000,2434.0000,0.0000,0.0000,0.0000,0.0000,115,0,0,0,0,47,0,0,0,0
zc,WS209,2012-06-20 09:03:42.460,2433.0000,220696,0,0.0000,0.0000,0,0,空换,S,2432.0000,0.0000,0.0000,0.0000,0.0000,2434.0000,0.0000,0.0000,0.0000,0.0000,115,0,0,0,0,51,0,0,0,0
zc,WS209,2012-06-20 09:03:43.147,2433.0000,220696,0,0.0000,0.0000,0,0,空换,S,2432.0000,0.0000,0.0000,0.0000,0.0000,2433.0000,0.0000,0.0000,0.0000,0.0000,123,0,0,0,0,1,0,0,0,0
zc,WS209,2012-06-20 09:03:44.163,2433.0000,220696,0,0.0000,0.0000,0,0,空换,S,2432.0000,0.0000,0.0000,0.0000,0.0000,2433.0000,0.0000,0.0000,0.0000,0.0000,126,0,0,0,0,1,0,0,0,0
zc,WS209,2012-06-20 09:03:49.947,2433.0000,220696,0,0.0000,2.0000,1,1,空换,S,2432.0000,0.0000,0.0000,0.0000,0.0000,2434.0000,0.0000,0.0000,0.0000,0.0000,125,0,0,0,0,32,0,0,0,0
zc,WS209,2012-06-20 09:03:50.180,2433.0000,220696,0,0.0000,0.0000,0,0,空换,S,2432.0000,0.0000,0.0000,0.0000,0.0000,2434.0000,0.0000,0.0000,0.0000,0.0000,125,0,0,0,0,27,0,0,0,0
zc,WS209,2012-06-20 09:03:50.913,2433.0000,220696,0,0.0000,0.0000,0,0,空换,S,2432.0000,0.0000,0.0000,0.0000,0.0000,2433.0000,0.0000,0.0000,0.0000,0.0000,125,0,0,0,0,1,0,0,0,0
zc,WS209,2012-06-20 09:03:51.413,2434.0000,220696,0,0.0000,4.0000,2,2,多换,B,2432.0000,0.0000,0.0000,0.0000,0.0000,2434.0000,0.0000,0.0000,0.0000,0.0000,125,0,0,0,0,28,0,0,0,0
zc,WS209,2012-06-20 09:03:52.710,2434.0000,220696,0,0.0000,0.0000,0,0,多换,B,2432.0000,0.0000,0.0000,0.0000,0.0000,2434.0000,0.0000,0.0000,0.0000,0.0000,122,0,0,0,0,28,0,0,0,0
zc,WS209,2012-06-20 09:03:54.477,2434.0000,220696,0,0.0000,0.0000,0,0,多换,B,2433.0000,0.0000,0.0000,0.0000,0.0000,2434.0000,0.0000,0.0000,0.0000,0.0000,2,0,0,0,0,28,0,0,0,0
zc,WS209,2012-06-20 09:03:55.710,2434.0000,220700,4,0.0000,20.0000,12,8,多开,B,2433.0000,0.0000,0.0000,0.0000,0.0000,2434.0000,0.0000,0.0000,0.0000,0.0000,4,0,0,0,0,18,0,0,0,0
zc,WS209,2012-06-20 09:03:56.430,2434.0000,220700,0,0.0000,0.0000,0,0,多换,B,2433.0000,0.0000,0.0000,0.0000,0.0000,2434.0000,0.0000,0.0000,0.0000,0.0000,6,0,0,0,0,18,0,0,0,0
zc,WS209,2012-06-20 09:03:58.743,2434.0000,220700,0,0.0000,0.0000,0,0,多换,B,2433.0000,0.0000,0.0000,0.0000,0.0000,2434.0000,0.0000,0.0000,0.0000,0.0000,9,0,0,0,0,18,0,0,0,0
zc,WS209,2012-06-20 09:03:59.680,2434.0000,220700,0,0.0000,0.0000,0,0,多换,B,2433.0000,0.0000,0.0000,0.0000,0.0000,2434.0000,0.0000,0.0000,0.0000,0.0000,11,0,0,0,0,18,0,0,0,0
zc,WS209,2012-06-20 09:04:02.647,2434.0000,220700,0,0.0000,0.0000,0,0,多换,B,2433.0000,0.0000,0.0000,0.0000,0.0000,2434.0000,0.0000,0.0000,0.0000,0.0000,12,0,0,0,0,23,0,0,0,0
zc,WS209,2012-06-20 09:04:07.460,2434.0000,220700,0,0.0000,0.0000,0,0,多换,B,2433.0000,0.0000,0.0000,0.0000,0.0000,2434.0000,0.0000,0.0000,0.0000,0.0000,12,0,0,0,0,26,0,0,0,0
zc,WS209,2012-06-20 09:04:07.930,2434.0000,220700,0,0.0000,0.0000,0,0,多换,B,2433.0000,0.0000,0.0000,0.0000,0.0000,2434.0000,0.0000,0.0000,0.0000,0.0000,12,0,0,0,0,28,0,0,0,0
zc,WS209,2012-06-20 09:04:10.430,2434.0000,220700,0,0.0000,0.0000,0,0,多换,B,2433.0000,0.0000,0.0000,0.0000,0.0000,2434.0000,0.0000,0.0000,0.0000,0.0000,11,0,0,0,0,28,0,0,0,0
zc,WS209,2012-06-20 09:04:14.447,2434.0000,220700,0,0.0000,0.0000,0,0,多换,B,2433.0000,0.0000,0.0000,0.0000,0.0000,2434.0000,0.0000,0.0000,0.0000,0.0000,12,0,0,0,0,28,0,0,0,0
zc,WS209,2012-06-20 09:04:15.757,2433.0000,220700,0,0.0000,2.0000,1,1,空换,S,2433.0000,0.0000,0.0000,0.0000,0.0000,2434.0000,0.0000,0.0000,0.0000,0.0000,11,0,0,0,0,28,0,0,0,0
zc,WS209,2012-06-20 09:04:18.210,2434.0000,220700,0,0.0000,2.0000,1,1,多换,B,2433.0000,0.0000,0.0000,0.0000,0.0000,2434.0000,0.0000,0.0000,0.0000,0.0000,11,0,0,0,0,27,0,0,0,0
zc,WS209,2012-06-20 09:04:21.430,2434.0000,220700,0,0.0000,0.0000,0,0,多换,B,2433.0000,0.0000,0.0000,0.0000,0.0000,2434.0000,0.0000,0.0000,0.0000,0.0000,10,0,0,0,0,29,0,0,0,0
zc,WS209,2012-06-20 09:04:21.913,2433.0000,220702,2,0.0000,2.0000,2,0,双开,S,2433.0000,0.0000,0.0000,0.0000,0.0000,2434.0000,0.0000,0.0000,0.0000,0.0000,9,0,0,0,0,29,0,0,0,0
zc,WS209,2012-06-20 09:04:22.727,2433.0000,220702,0,0.0000,0.0000,0,0,空换,S,2433.0000,0.0000,0.0000,0.0000,0.0000,2434.0000,0.0000,0.0000,0.0000,0.0000,13,0,0,0,0,29,0,0,0,0
zc,WS209,2012-06-20 09:04:23.197,2433.0000,220702,0,0.0000,0.0000,0,0,空换,S,2433.0000,0.0000,0.0000,0.0000,0.0000,2434.0000,0.0000,0.0000,0.0000,0.0000,33,0,0,0,0,29,0,0,0,0
zc,WS209,2012-06-20 09:04:25.383,2433.0000,220702,0,0.0000,4.0000,2,2,空换,S,2433.0000,0.0000,0.0000,0.0000,0.0000,2434.0000,0.0000,0.0000,0.0000,0.0000,31,0,0,0,0,29,0,0,0,0
zc,WS209,2012-06-20 09:04:26.727,2433.0000,220702,0,0.0000,0.0000,0,0,空换,S,2433.0000,0.0000,0.0000,0.0000,0.0000,2434.0000,0.0000,0.0000,0.0000,0.0000,32,0,0,0,0,30,0,0,0,0
zc,WS209,2012-06-20 09:04:27.460,2434.0000,220714,12,0.0000,60.0000,36,24,多开,B,2434.0000,0.0000,0.0000,0.0000,0.0000,2435.0000,0.0000,0.0000,0.0000,0.0000,4,0,0,0,0,110,0,0,0,0
zc,WS209,2012-06-20 09:04:27.947,2434.0000,220714,0,0.0000,0.0000,0,0,多换,B,2434.0000,0.0000,0.0000,0.0000,0.0000,2435.0000,0.0000,0.0000,0.0000,0.0000,4,0,0,0,0,111,0,0,0,0
zc,WS209,2012-06-20 09:04:28.447,2434.0000,220714,0,0.0000,0.0000,0,0,多换,B,2434.0000,0.0000,0.0000,0.0000,0.0000,2435.0000,0.0000,0.0000,0.0000,0.0000,6,0,0,0,0,111,0,0,0,0
zc,WS209,2012-06-20 09:04:30.913,2434.0000,220714,0,0.0000,2.0000,1,1,多换,B,2434.0000,0.0000,0.0000,0.0000,0.0000,2435.0000,0.0000,0.0000,0.0000,0.0000,5,0,0,0,0,111,0,0,0,0
zc,WS209,2012-06-20 09:04:31.647,2434.0000,220714,0,0.0000,0.0000,0,0,多换,B,2434.0000,0.0000,0.0000,0.0000,0.0000,2435.0000,0.0000,0.0000,0.0000,0.0000,5,0,0,0,0,113,0,0,0,0
zc,WS209,2012-06-20 09:04:32.680,2435.0000,220714,0,0.0000,2.0000,1,1,多换,B,2434.0000,0.0000,0.0000,0.0000,0.0000,2435.0000,0.0000,0.0000,0.0000,0.0000,5,0,0,0,0,112,0,0,0,0
zc,WS209,2012-06-20 09:04:33.197,2435.0000,220714,0,0.0000,0.0000,0,0,多换,B,2434.0000,0.0000,0.0000,0.0000,0.0000,2435.0000,0.0000,0.0000,0.0000,0.0000,5,0,0,0,0,113,0,0,0,0
zc,WS209,2012-06-20 09:04:33.947,2435.0000,220712,-2,0.0000,2.0000,0,2,双平,B,2434.0000,0.0000,0.0000,0.0000,0.0000,2435.0000,0.0000,0.0000,0.0000,0.0000,5,0,0,0,0,112,0,0,0,0
zc,WS209,2012-06-20 09:04:34.947,2434.0000,220714,2,0.0000,2.0000,2,0,双开,S,2434.0000,0.0000,0.0000,0.0000,0.0000,2435.0000,0.0000,0.0000,0.0000,0.0000,4,0,0,0,0,112,0,0,0,0
zc,WS209,2012-06-20 09:04:35.697,2435.0000,220714,0,0.0000,2.0000,1,1,多换,B,2434.0000,0.0000,0.0000,0.0000,0.0000,2435.0000,0.0000,0.0000,0.0000,0.0000,3,0,0,0,0,111,0,0,0,0
zc,WS209,2012-06-20 09:04:36.163,2435.0000,220714,0,0.0000,2.0000,1,1,多换,B,2434.0000,0.0000,0.0000,0.0000,0.0000,2435.0000,0.0000,0.0000,0.0000,0.0000,12,0,0,0,0,110,0,0,0,0
zc,WS209,2012-06-20 09:04:37.007,2435.0000,220714,0,0.0000,2.0000,1,1,多换,B,2434.0000,0.0000,0.0000,0.0000,0.0000,2435.0000,0.0000,0.0000,0.0000,0.0000,12,0,0,0,0,109,0,0,0,0
zc,WS209,2012-06-20 09:04:37.523,2435.0000,220714,0,0.0000,6.0000,3,3,多换,B,2434.0000,0.0000,0.0000,0.0000,0.0000,2435.0000,0.0000,0.0000,0.0000,0.0000,9,0,0,0,0,106,0,0,0,0
zc,WS209,2012-06-20 09:04:38.007,2435.0000,220714,0,0.0000,2.0000,1,1,多换,B,2434.0000,0.0000,0.0000,0.0000,0.0000,2435.0000,0.0000,0.0000,0.0000,0.0000,8,0,0,0,0,105,0,0,0,0
zc,WS209,2012-06-20 09:04:38.727,2435.0000,220674,-40,0.0000,214.0000,87,127,空平,B,2435.0000,0.0000,0.0000,0.0000,0.0000,2436.0000,0.0000,0.0000,0.0000,0.0000,1,0,0,0,0,12,0,0,0,0
zc,WS209,2012-06-20 09:04:39.163,2435.0000,220674,0,0.0000,0.0000,0,0,多换,B,2435.0000,0.0000,0.0000,0.0000,0.0000,2436.0000,0.0000,0.0000,0.0000,0.0000,1,0,0,0,0,14,0,0,0,0
zc,WS209,2012-06-20 09:04:39.680,2436.0000,220648,-26,0.0000,28.0000,1,27,空平,B,2436.0000,0.0000,0.0000,0.0000,0.0000,2437.0000,0.0000,0.0000,0.0000,0.0000,1,0,0,0,0,73,0,0,0,0
zc,WS209,2012-06-20 09:04:40.447,2436.0000,220646,-2,0.0000,2.0000,0,2,双平,B,2436.0000,0.0000,0.0000,0.0000,0.0000,2437.0000,0.0000,0.0000,0.0000,0.0000,1,0,0,0,0,74,0,0,0,0
zc,WS209,2012-06-20 09:04:40.977,2436.0000,220646,0,0.0000,0.0000,0,0,多换,B,2436.0000,0.0000,0.0000,0.0000,0.0000,2437.0000,0.0000,0.0000,0.0000,0.0000,3,0,0,0,0,74,0,0,0,0
zc,WS209,2012-06-20 09:04:44.413,2437.0000,220590,-56,0.0000,148.0000,46,102,空平,B,2437.0000,0.0000,0.0000,0.0000,0.0000,2438.0000,0.0000,0.0000,0.0000,0.0000,22,0,0,0,0,118,0,0,0,0
zc,WS209,2012-06-20 09:04:45.197,2437.0000,220590,0,0.0000,2.0000,1,1,多换,B,2437.0000,0.0000,0.0000,0.0000,0.0000,2438.0000,0.0000,0.0000,0.0000,0.0000,21,0,0,0,0,120,0,0,0,0
zc,WS209,2012-06-20 09:04:46.197,2437.0000,220590,0,0.0000,0.0000,0,0,多换,B,2437.0000,0.0000,0.0000,0.0000,0.0000,2438.0000,0.0000,0.0000,0.0000,0.0000,23,0,0,0,0,120,0,0,0,0
zc,WS209,2012-06-20 09:04:46.697,2437.0000,220590,0,0.0000,0.0000,0,0,多换,B,2437.0000,0.0000,0.0000,0.0000,0.0000,2438.0000,0.0000,0.0000,0.0000,0.0000,24,0,0,0,0,120,0,0,0,0
zc,WS209,2012-06-20 09:04:47.397,2438.0000,220538,-52,0.0000,56.0000,2,54,空平,B,2437.0000,0.0000,0.0000,0.0000,0.0000,2438.0000,0.0000,0.0000,0.0000,0.0000,6,0,0,0,0,92,0,0,0,0
zc,WS209,2012-06-20 09:04:47.930,2438.0000,220532,-6,0.0000,54.0000,24,30,空平,B,2437.0000,0.0000,0.0000,0.0000,0.0000,2438.0000,0.0000,0.0000,0.0000,0.0000,29,0,0,0,0,65,0,0,0,0
zc,WS209,2012-06-20 09:04:48.727,2438.0000,220536,4,0.0000,58.0000,31,27,多开,B,2437.0000,0.0000,0.0000,0.0000,0.0000,2438.0000,0.0000,0.0000,0.0000,0.0000,39,0,0,0,0,38,0,0,0,0
zc,WS209,2012-06-20 09:04:49.210,2438.0000,220540,4,0.0000,78.0000,41,37,多开,B,2437.0000,0.0000,0.0000,0.0000,0.0000,2439.0000,0.0000,0.0000,0.0000,0.0000,34,0,0,0,0,236,0,0,0,0
zc,WS209,2012-06-20 09:04:49.913,2438.0000,220540,0,0.0000,0.0000,0,0,多换,B,2438.0000,0.0000,0.0000,0.0000,0.0000,2439.0000,0.0000,0.0000,0.0000,0.0000,3,0,0,0,0,236,0,0,0,0
zc,WS209,2012-06-20 09:04:50.447,2438.0000,220540,0,0.0000,0.0000,0,0,多换,B,2438.0000,0.0000,0.0000,0.0000,0.0000,2439.0000,0.0000,0.0000,0.0000,0.0000,3,0,0,0,0,237,0,0,0,0
zc,WS209,2012-06-20 09:04:50.897,2438.0000,220540,0,0.0000,0.0000,0,0,多换,B,2438.0000,0.0000,0.0000,0.0000,0.0000,2439.0000,0.0000,0.0000,0.0000,0.0000,3,0,0,0,0,238,0,0,0,0
zc,WS209,2012-06-20 09:04:51.697,2438.0000,220540,0,0.0000,0.0000,0,0,多换,B,2438.0000,0.0000,0.0000,0.0000,0.0000,2439.0000,0.0000,0.0000,0.0000,0.0000,3,0,0,0,0,229,0,0,0,0
zc,WS209,2012-06-20 09:04:52.210,2438.0000,220540,0,0.0000,0.0000,0,0,多换,B,2438.0000,0.0000,0.0000,0.0000,0.0000,2439.0000,0.0000,0.0000,0.0000,0.0000,7,0,0,0,0,228,0,0,0,0
zc,WS209,2012-06-20 09:04:52.897,2438.0000,220546,6,0.0000,8.0000,7,1,多开,B,2438.0000,0.0000,0.0000,0.0000,0.0000,2439.0000,0.0000,0.0000,0.0000,0.0000,2,0,0,0,0,235,0,0,0,0
zc,WS209,2012-06-20 09:04:53.430,2438.0000,220546,0,0.0000,0.0000,0,0,多换,B,2438.0000,0.0000,0.0000,0.0000,0.0000,2439.0000,0.0000,0.0000,0.0000,0.0000,24,0,0,0,0,225,0,0,0,0
zc,WS209,2012-06-20 09:04:53.947,2439.0000,220650,104,0.0000,110.0000,107,3,多开,B,2438.0000,0.0000,0.0000,0.0000,0.0000,2439.0000,0.0000,0.0000,0.0000,0.0000,17,0,0,0,0,170,0,0,0,0
zc,WS209,2012-06-20 09:04:54.663,2439.0000,220660,10,0.0000,16.0000,13,3,多开,B,2438.0000,0.0000,0.0000,0.0000,0.0000,2439.0000,0.0000,0.0000,0.0000,0.0000,7,0,0,0,0,164,0,0,0,0
zc,WS209,2012-06-20 09:04:55.180,2439.0000,220660,0,0.0000,0.0000,0,0,多换,B,2438.0000,0.0000,0.0000,0.0000,0.0000,2439.0000,0.0000,0.0000,0.0000,0.0000,5,0,0,0,0,164,0,0,0,0
zc,WS209,2012-06-20 09:04:55.663,2438.0000,220656,-4,0.0000,6.0000,1,5,多平,S,2438.0000,0.0000,0.0000,0.0000,0.0000,2439.0000,0.0000,0.0000,0.0000,0.0000,2,0,0,0,0,164,0,0,0,0
zc,WS209,2012-06-20 09:04:56.413,2439.0000,220658,2,0.0000,2.0000,2,0,双开,B,2438.0000,0.0000,0.0000,0.0000,0.0000,2439.0000,0.0000,0.0000,0.0000,0.0000,2,0,0,0,0,163,0,0,0,0
zc,WS209,2012-06-20 09:04:56.913,2439.0000,220660,2,0.0000,2.0000,2,0,双开,B,2438.0000,0.0000,0.0000,0.0000,0.0000,2439.0000,0.0000,0.0000,0.0000,0.0000,9,0,0,0,0,162,0,0,0,0
zc,WS209,2012-06-20 09:04:57.993,2438.0000,220666,6,0.0000,8.0000,7,1,空开,S,2438.0000,0.0000,0.0000,0.0000,0.0000,2439.0000,0.0000,0.0000,0.0000,0.0000,1,0,0,0,0,159,0,0,0,0
zc,WS209,2012-06-20 09:04:58.697,2438.0000,220666,0,0.0000,0.0000,0,0,空换,S,2438.0000,0.0000,0.0000,0.0000,0.0000,2439.0000,0.0000,0.0000,0.0000,0.0000,11,0,0,0,0,159,0,0,0,0
zc,WS209,2012-06-20 09:04:59.197,2439.0000,220670,4,0.0000,4.0000,4,0,双开,B,2438.0000,0.0000,0.0000,0.0000,0.0000,2439.0000,0.0000,0.0000,0.0000,0.0000,11,0,0,0,0,157,0,0,0,0
zc,WS209,2012-06-20 09:05:00.163,2438.0000,220676,6,0.0000,6.0000,6,0,双开,S,2438.0000,0.0000,0.0000,0.0000,0.0000,2439.0000,0.0000,0.0000,0.0000,0.0000,8,0,0,0,0,157,0,0,0,0
zc,WS209,2012-06-20 09:05:00.663,2439.0000,220714,38,0.0000,68.0000,53,15,多开,B,2437.0000,0.0000,0.0000,0.0000,0.0000,2439.0000,0.0000,0.0000,0.0000,0.0000,21,0,0,0,0,138,0,0,0,0
zc,WS209,2012-06-20 09:05:01.133,2438.0000,220714,0,0.0000,4.0000,2,2,空换,S,2437.0000,0.0000,0.0000,0.0000,0.0000,2439.0000,0.0000,0.0000,0.0000,0.0000,9,0,0,0,0,148,0,0,0,0
zc,WS209,2012-06-20 09:05:02.447,2439.0000,220716,2,0.0000,2.0000,2,0,双开,B,2437.0000,0.0000,0.0000,0.0000,0.0000,2438.0000,0.0000,0.0000,0.0000,0.0000,10,0,0,0,0,10,0,0,0,0
zc,WS209,2012-06-20 09:05:03.680,2439.0000,220718,2,0.0000,2.0000,2,0,双开,B,2437.0000,0.0000,0.0000,0.0000,0.0000,2438.0000,0.0000,0.0000,0.0000,0.0000,10,0,0,0,0,9,0,0,0,0
zc,WS209,2012-06-20 09:05:04.710,2439.0000,220720,2,0.0000,2.0000,2,0,双开,B,2437.0000,0.0000,0.0000,0.0000,0.0000,2438.0000,0.0000,0.0000,0.0000,0.0000,10,0,0,0,0,8,0,0,0,0
zc,WS209,2012-06-20 09:05:05.447,2438.0000,220722,2,0.0000,2.0000,2,0,双开,S,2437.0000,0.0000,0.0000,0.0000,0.0000,2438.0000,0.0000,0.0000,0.0000,0.0000,10,0,0,0,0,7,0,0,0,0
zc,WS209,2012-06-20 09:05:07.210,2438.0000,220732,10,0.0000,10.0000,10,0,双开,S,2437.0000,0.0000,0.0000,0.0000,0.0000,2438.0000,0.0000,0.0000,0.0000,0.0000,10,0,0,0,0,2,0,0,0,0
zc,WS209,2012-06-20 09:05:07.710,2437.0000,220764,32,0.0000,32.0000,32,0,双开,S,2436.0000,0.0000,0.0000,0.0000,0.0000,2437.0000,0.0000,0.0000,0.0000,0.0000,2,0,0,0,0,6,0,0,0,0
zc,WS209,2012-06-20 09:05:08.413,2436.0000,220766,2,0.0000,4.0000,3,1,空开,S,2435.0000,0.0000,0.0000,0.0000,0.0000,2436.0000,0.0000,0.0000,0.0000,0.0000,2,0,0,0,0,4,0,0,0,0
zc,WS209,2012-06-20 09:05:08.930,2436.0000,220768,2,0.0000,2.0000,2,0,双开,S,2435.0000,0.0000,0.0000,0.0000,0.0000,2436.0000,0.0000,0.0000,0.0000,0.0000,4,0,0,0,0,3,0,0,0,0
zc,WS209,2012-06-20 09:05:10.163,2436.0000,220768,0,0.0000,0.0000,0,0,空换,S,2435.0000,0.0000,0.0000,0.0000,0.0000,2436.0000,0.0000,0.0000,0.0000,0.0000,4,0,0,0,0,5,0,0,0,0
zc,WS209,2012-06-20 09:05:10.960,2436.0000,220768,0,0.0000,0.0000,0,0,空换,S,2435.0000,0.0000,0.0000,0.0000,0.0000,2437.0000,0.0000,0.0000,0.0000,0.0000,15,0,0,0,0,1,0,0,0,0
zc,WS209,2012-06-20 09:05:11.460,2436.0000,220768,0,0.0000,0.0000,0,0,空换,S,2435.0000,0.0000,0.0000,0.0000,0.0000,2437.0000,0.0000,0.0000,0.0000,0.0000,15,0,0,0,0,3,0,0,0,0
zc,WS209,2012-06-20 09:05:12.397,2436.0000,220768,0,0.0000,0.0000,0,0,空换,S,2435.0000,0.0000,0.0000,0.0000,0.0000,2437.0000,0.0000,0.0000,0.0000,0.0000,15,0,0,0,0,6,0,0,0,0
zc,WS209,2012-06-20 09:05:13.197,2437.0000,220770,2,0.0000,2.0000,2,0,双开,B,2435.0000,0.0000,0.0000,0.0000,0.0000,2437.0000,0.0000,0.0000,0.0000,0.0000,15,0,0,0,0,4,0,0,0,0
zc,WS209,2012-06-20 09:05:13.710,2437.0000,220770,0,0.0000,0.0000,0,0,多换,B,2435.0000,0.0000,0.0000,0.0000,0.0000,2436.0000,0.0000,0.0000,0.0000,0.0000,15,0,0,0,0,1,0,0,0,0
zc,WS209,2012-06-20 09:05:14.447,2436.0000,220770,0,0.0000,2.0000,1,1,空换,S,2436.0000,0.0000,0.0000,0.0000,0.0000,2437.0000,0.0000,0.0000,0.0000,0.0000,9,0,0,0,0,6,0,0,0,0
zc,WS209,2012-06-20 09:05:14.960,2436.0000,220770,0,0.0000,0.0000,0,0,空换,S,2436.0000,0.0000,0.0000,0.0000,0.0000,2437.0000,0.0000,0.0000,0.0000,0.0000,10,0,0,0,0,6,0,0,0,0
zc,WS209,2012-06-20 09:05:15.697,2437.0000,220758,-12,0.0000,20.0000,4,16,空平,B,2437.0000,0.0000,0.0000,0.0000,0.0000,2438.0000,0.0000,0.0000,0.0000,0.0000,6,0,0,0,0,9,0,0,0,0
zc,WS209,2012-06-20 09:05:16.430,2437.0000,220758,0,0.0000,0.0000,0,0,多换,B,2437.0000,0.0000,0.0000,0.0000,0.0000,2438.0000,0.0000,0.0000,0.0000,0.0000,6,0,0,0,0,14,0,0,0,0
zc,WS209,2012-06-20 09:05:17.413,2437.0000,220758,0,0.0000,0.0000,0,0,多换,B,2436.0000,0.0000,0.0000,0.0000,0.0000,2438.0000,0.0000,0.0000,0.0000,0.0000,7,0,0,0,0,16,0,0,0,0
zc,WS209,2012-06-20 09:05:17.913,2437.0000,220758,0,0.0000,0.0000,0,0,多换,B,2436.0000,0.0000,0.0000,0.0000,0.0000,2438.0000,0.0000,0.0000,0.0000,0.0000,8,0,0,0,0,21,0,0,0,0
zc,WS209,2012-06-20 09:05:18.930,2437.0000,220758,0,0.0000,0.0000,0,0,多换,B,2436.0000,0.0000,0.0000,0.0000,0.0000,2437.0000,0.0000,0.0000,0.0000,0.0000,8,0,0,0,0,3,0,0,0,0
zc,WS209,2012-06-20 09:05:19.697,2436.0000,220758,0,0.0000,4.0000,2,2,空换,S,2436.0000,0.0000,0.0000,0.0000,0.0000,2437.0000,0.0000,0.0000,0.0000,0.0000,6,0,0,0,0,3,0,0,0,0
zc,WS209,2012-06-20 09:05:20.210,2437.0000,220760,2,0.0000,2.0000,2,0,双开,B,2436.0000,0.0000,0.0000,0.0000,0.0000,2437.0000,0.0000,0.0000,0.0000,0.0000,6,0,0,0,0,2,0,0,0,0
zc,WS209,2012-06-20 09:05:20.930,2437.0000,220760,0,0.0000,0.0000,0,0,多换,B,2436.0000,0.0000,0.0000,0.0000,0.0000,2437.0000,0.0000,0.0000,0.0000,0.0000,7,0,0,0,0,5,0,0,0,0
zc,WS209,2012-06-20 09:05:21.663,2436.0000,220760,0,0.0000,2.0000,1,1,空换,S,2436.0000,0.0000,0.0000,0.0000,0.0000,2437.0000,0.0000,0.0000,0.0000,0.0000,6,0,0,0,0,5,0,0,0,0
zc,WS209,2012-06-20 09:05:22.697,2436.0000,220760,0,0.0000,0.0000,0,0,空换,S,2436.0000,0.0000,0.0000,0.0000,0.0000,2437.0000,0.0000,0.0000,0.0000,0.0000,6,0,0,0,0,6,0,0,0,0
zc,WS209,2012-06-20 09:05:23.163,2436.0000,220758,-2,0.0000,2.0000,0,2,双平,S,2436.0000,0.0000,0.0000,0.0000,0.0000,2437.0000,0.0000,0.0000,0.0000,0.0000,5,0,0,0,0,9,0,0,0,0
zc,WS209,2012-06-20 09:05:23.947,2436.0000,220756,-2,0.0000,2.0000,0,2,双平,S,2436.0000,0.0000,0.0000,0.0000,0.0000,2437.0000,0.0000,0.0000,0.0000,0.0000,5,0,0,0,0,9,0,0,0,0
zc,WS209,2012-06-20 09:05:25.180,2436.0000,220752,-4,0.0000,16.0000,6,10,多平,S,2435.0000,0.0000,0.0000,0.0000,0.0000,2436.0000,0.0000,0.0000,0.0000,0.0000,21,0,0,0,0,5,0,0,0,0
zc,WS209,2012-06-20 09:05:25.430,2436.0000,220752,0,0.0000,2.0000,1,1,空换,S,2435.0000,0.0000,0.0000,0.0000,0.0000,2436.0000,0.0000,0.0000,0.0000,0.0000,21,0,0,0,0,4,0,0,0,0
zc,WS209,2012-06-20 09:05:26.960,2436.0000,220752,0,0.0000,2.0000,1,1,空换,S,2435.0000,0.0000,0.0000,0.0000,0.0000,2436.0000,0.0000,0.0000,0.0000,0.0000,24,0,0,0,0,4,0,0,0,0
zc,WS209,2012-06-20 09:05:27.430,2436.0000,220752,0,0.0000,2.0000,1,1,空换,S,2435.0000,0.0000,0.0000,0.0000,0.0000,2436.0000,0.0000,0.0000,0.0000,0.0000,26,0,0,0,0,3,0,0,0,0
zc,WS209,2012-06-20 09:05:28.180,2436.0000,220750,-2,0.0000,6.0000,2,4,多平,S,2435.0000,0.0000,0.0000,0.0000,0.0000,2437.0000,0.0000,0.0000,0.0000,0.0000,24,0,0,0,0,10,0,0,0,0
zc,WS209,2012-06-20 09:05:28.430,2436.0000,220750,0,0.0000,0.0000,0,0,空换,S,2436.0000,0.0000,0.0000,0.0000,0.0000,2437.0000,0.0000,0.0000,0.0000,0.0000,2,0,0,0,0,10,0,0,0,0
zc,WS209,2012-06-20 09:05:29.243,2437.0000,220750,0,0.0000,4.0000,2,2,多换,B,2436.0000,0.0000,0.0000,0.0000,0.0000,2437.0000,0.0000,0.0000,0.0000,0.0000,3,0,0,0,0,8,0,0,0,0
zc,WS209,2012-06-20 09:05:30.180,2436.0000,220752,2,0.0000,2.0000,2,0,双开,S,2436.0000,0.0000,0.0000,0.0000,0.0000,2437.0000,0.0000,0.0000,0.0000,0.0000,2,0,0,0,0,11,0,0,0,0
zc,WS209,2012-06-20 09:05:30.710,2436.0000,220752,0,0.0000,2.0000,1,1,空换,S,2436.0000,0.0000,0.0000,0.0000,0.0000,2437.0000,0.0000,0.0000,0.0000,0.0000,1,0,0,0,0,11,0,0,0,0
zc,WS209,2012-06-20 09:05:32.680,2436.0000,220752,0,0.0000,2.0000,1,1,空换,S,2436.0000,0.0000,0.0000,0.0000,0.0000,2437.0000,0.0000,0.0000,0.0000,0.0000,1,0,0,0,0,11,0,0,0,0
zc,WS209,2012-06-20 09:05:34.680,2436.0000,220752,0,0.0000,0.0000,0,0,空换,S,2435.0000,0.0000,0.0000,0.0000,0.0000,2437.0000,0.0000,0.0000,0.0000,0.0000,13,0,0,0,0,14,0,0,0,0
zc,WS209,2012-06-20 09:05:35.447,2436.0000,220752,0,0.0000,0.0000,0,0,空换,S,2435.0000,0.0000,0.0000,0.0000,0.0000,2437.0000,0.0000,0.0000,0.0000,0.0000,15,0,0,0,0,14,0,0,0,0
zc,WS209,2012-06-20 09:05:36.663,2436.0000,220752,0,0.0000,0.0000,0,0,空换,S,2435.0000,0.0000,0.0000,0.0000,0.0000,2437.0000,0.0000,0.0000,0.0000,0.0000,18,0,0,0,0,18,0,0,0,0
zc,WS209,2012-06-20 09:05:37.147,2436.0000,220752,0,0.0000,0.0000,0,0,空换,S,2436.0000,0.0000,0.0000,0.0000,0.0000,2437.0000,0.0000,0.0000,0.0000,0.0000,2,0,0,0,0,19,0,0,0,0
zc,WS209,2012-06-20 09:05:37.647,2436.0000,220756,4,0.0000,4.0000,4,0,双开,S,2436.0000,0.0000,0.0000,0.0000,0.0000,2437.0000,0.0000,0.0000,0.0000,0.0000,1,0,0,0,0,19,0,0,0,0
zc,WS209,2012-06-20 09:05:38.993,2436.0000,220756,0,0.0000,0.0000,0,0,空换,S,2436.0000,0.0000,0.0000,0.0000,0.0000,2437.0000,0.0000,0.0000,0.0000,0.0000,1,0,0,0,0,22,0,0,0,0
zc,WS209,2012-06-20 09:05:40.210,2436.0000,220756,0,0.0000,2.0000,1,1,空换,S,2435.0000,0.0000,0.0000,0.0000,0.0000,2437.0000,0.0000,0.0000,0.0000,0.0000,18,0,0,0,0,22,0,0,0,0
zc,WS209,2012-06-20 09:05:41.460,2435.0000,220756,0,0.0000,2.0000,1,1,空换,S,2435.0000,0.0000,0.0000,0.0000,0.0000,2437.0000,0.0000,0.0000,0.0000,0.0000,17,0,0,0,0,22,0,0,0,0
zc,WS209,2012-06-20 09:05:42.180,2436.0000,220756,0,0.0000,2.0000,1,1,多换,B,2435.0000,0.0000,0.0000,0.0000,0.0000,2437.0000,0.0000,0.0000,0.0000,0.0000,17,0,0,0,0,21,0,0,0,0
zc,WS209,2012-06-20 09:05:43.430,2436.0000,220756,0,0.0000,0.0000,0,0,多换,B,2436.0000,0.0000,0.0000,0.0000,0.0000,2437.0000,0.0000,0.0000,0.0000,0.0000,1,0,0,0,0,21,0,0,0,0
zc,WS209,2012-06-20 09:05:43.947,2436.0000,220754,-2,0.0000,2.0000,0,2,双平,B,2436.0000,0.0000,0.0000,0.0000,0.0000,2437.0000,0.0000,0.0000,0.0000,0.0000,1,0,0,0,0,20,0,0,0,0
zc,WS209,2012-06-20 09:05:44.397,2436.0000,220754,0,0.0000,0.0000,0,0,多换,B,2436.0000,0.0000,0.0000,0.0000,0.0000,2437.0000,0.0000,0.0000,0.0000,0.0000,62,0,0,0,0,21,0,0,0,0
zc,WS209,2012-06-20 09:05:47.447,2436.0000,220762,8,0.0000,10.0000,9,1,多开,B,2436.0000,0.0000,0.0000,0.0000,0.0000,2437.0000,0.0000,0.0000,0.0000,0.0000,57,0,0,0,0,21,0,0,0,0
zc,WS209,2012-06-20 09:05:48.197,2436.0000,220762,0,0.0000,0.0000,0,0,多换,B,2436.0000,0.0000,0.0000,0.0000,0.0000,2437.0000,0.0000,0.0000,0.0000,0.0000,57,0,0,0,0,24,0,0,0,0
zc,WS209,2012-06-20 09:05:48.647,2436.0000,220762,0,0.0000,0.0000,0,0,多换,B,2436.0000,0.0000,0.0000,0.0000,0.0000,2437.0000,0.0000,0.0000,0.0000,0.0000,69,0,0,0,0,24,0,0,0,0
zc,WS209,2012-06-20 09:05:49.697,2437.0000,220776,14,0.0000,54.0000,34,20,多开,B,2437.0000,0.0000,0.0000,0.0000,0.0000,2438.0000,0.0000,0.0000,0.0000,0.0000,1,0,0,0,0,128,0,0,0,0
zc,WS209,2012-06-20 09:05:50.163,2437.0000,220778,2,0.0000,2.0000,2,0,双开,B,2437.0000,0.0000,0.0000,0.0000,0.0000,2438.0000,0.0000,0.0000,0.0000,0.0000,45,0,0,0,0,125,0,0,0,0
zc,WS209,2012-06-20 09:05:50.930,2438.0000,220778,0,0.0000,4.0000,2,2,多换,B,2437.0000,0.0000,0.0000,0.0000,0.0000,2438.0000,0.0000,0.0000,0.0000,0.0000,45,0,0,0,0,123,0,0,0,0
zc,WS209,2012-06-20 09:05:51.430,2437.0000,220780,2,0.0000,2.0000,2,0,双开,S,2437.0000,0.0000,0.0000,0.0000,0.0000,2438.0000,0.0000,0.0000,0.0000,0.0000,24,0,0,0,0,123,0,0,0,0
zc,WS209,2012-06-20 09:05:52.147,2437.0000,220780,0,0.0000,0.0000,0,0,空换,S,2437.0000,0.0000,0.0000,0.0000,0.0000,2438.0000,0.0000,0.0000,0.0000,0.0000,22,0,0,0,0,122,0,0,0,0
zc,WS209,2012-06-20 09:05:53.163,2437.0000,220780,0,0.0000,0.0000,0,0,空换,S,2437.0000,0.0000,0.0000,0.0000,0.0000,2438.0000,0.0000,0.0000,0.0000,0.0000,19,0,0,0,0,122,0,0,0,0
zc,WS209,2012-06-20 09:05:53.663,2437.0000,220780,0,0.0000,0.0000,0,0,空换,S,2437.0000,0.0000,0.0000,0.0000,0.0000,2438.0000,0.0000,0.0000,0.0000,0.0000,21,0,0,0,0,122,0,0,0,0
zc,WS209,2012-06-20 09:05:54.147,2437.0000,220780,0,0.0000,0.0000,0,0,空换,S,2436.0000,0.0000,0.0000,0.0000,0.0000,2438.0000,0.0000,0.0000,0.0000,0.0000,277,0,0,0,0,122,0,0,0,0
zc,WS209,2012-06-20 09:05:56.147,2437.0000,220780,0,0.0000,0.0000,0,0,空换,S,2437.0000,0.0000,0.0000,0.0000,0.0000,2438.0000,0.0000,0.0000,0.0000,0.0000,1,0,0,0,0,132,0,0,0,0
zc,WS209,2012-06-20 09:05:57.147,2437.0000,220780,0,0.0000,4.0000,2,2,空换,S,2437.0000,0.0000,0.0000,0.0000,0.0000,2438.0000,0.0000,0.0000,0.0000,0.0000,1,0,0,0,0,132,0,0,0,0
zc,WS209,2012-06-20 09:05:57.883,2437.0000,220780,0,0.0000,0.0000,0,0,空换,S,2437.0000,0.0000,0.0000,0.0000,0.0000,2438.0000,0.0000,0.0000,0.0000,0.0000,1,0,0,0,0,132,0,0,0,0
zc,WS209,2012-06-20 09:05:58.460,2437.0000,220780,0,0.0000,0.0000,0,0,空换,S,2437.0000,0.0000,0.0000,0.0000,0.0000,2438.0000,0.0000,0.0000,0.0000,0.0000,1,0,0,0,0,133,0,0,0,0
zc,WS209,2012-06-20 09:05:58.947,2437.0000,220780,0,0.0000,0.0000,0,0,空换,S,2437.0000,0.0000,0.0000,0.0000,0.0000,2438.0000,0.0000,0.0000,0.0000,0.0000,10,0,0,0,0,138,0,0,0,0
zc,WS209,2012-06-20 09:05:59.397,2437.0000,220780,0,0.0000,6.0000,3,3,空换,S,2437.0000,0.0000,0.0000,0.0000,0.0000,2438.0000,0.0000,0.0000,0.0000,0.0000,7,0,0,0,0,137,0,0,0,0
zc,WS209,2012-06-20 09:06:00.163,2437.0000,220780,0,0.0000,4.0000,2,2,空换,S,2437.0000,0.0000,0.0000,0.0000,0.0000,2438.0000,0.0000,0.0000,0.0000,0.0000,5,0,0,0,0,138,0,0,0,0
zc,WS209,2012-06-20 09:06:00.697,2437.0000,220790,10,0.0000,10.0000,10,0,双开,S,2436.0000,0.0000,0.0000,0.0000,0.0000,2438.0000,0.0000,0.0000,0.0000,0.0000,57,0,0,0,0,138,0,0,0,0
zc,WS209,2012-06-20 09:06:01.397,2437.0000,220792,2,0.0000,2.0000,2,0,双开,S,2436.0000,0.0000,0.0000,0.0000,0.0000,2438.0000,0.0000,0.0000,0.0000,0.0000,57,0,0,0,0,138,0,0,0,0
zc,WS209,2012-06-20 09:06:02.413,2437.0000,220792,0,0.0000,0.0000,0,0,空换,S,2436.0000,0.0000,0.0000,0.0000,0.0000,2437.0000,0.0000,0.0000,0.0000,0.0000,58,0,0,0,0,4,0,0,0,0
zc,WS209,2012-06-20 09:06:03.680,2437.0000,220792,0,0.0000,0.0000,0,0,空换,S,2436.0000,0.0000,0.0000,0.0000,0.0000,2437.0000,0.0000,0.0000,0.0000,0.0000,59,0,0,0,0,4,0,0,0,0
zc,WS209,2012-06-20 09:06:04.227,2437.0000,220794,2,0.0000,4.0000,3,1,空开,S,2436.0000,0.0000,0.0000,0.0000,0.0000,2437.0000,0.0000,0.0000,0.0000,0.0000,59,0,0,0,0,2,0,0,0,0
zc,WS209,2012-06-20 09:06:04.663,2437.0000,220794,0,0.0000,0.0000,0,0,空换,S,2436.0000,0.0000,0.0000,0.0000,0.0000,2437.0000,0.0000,0.0000,0.0000,0.0000,59,0,0,0,0,3,0,0,0,0
zc,WS209,2012-06-20 09:06:06.163,2437.0000,220798,4,0.0000,6.0000,5,1,空开,S,2437.0000,0.0000,0.0000,0.0000,0.0000,2438.0000,0.0000,0.0000,0.0000,0.0000,3,0,0,0,0,133,0,0,0,0
zc,WS209,2012-06-20 09:06:07.133,2437.0000,220800,2,0.0000,2.0000,2,0,双开,S,2437.0000,0.0000,0.0000,0.0000,0.0000,2438.0000,0.0000,0.0000,0.0000,0.0000,3,0,0,0,0,133,0,0,0,0
zc,WS209,2012-06-20 09:06:07.710,2437.0000,220802,2,0.0000,4.0000,3,1,空开,S,2437.0000,0.0000,0.0000,0.0000,0.0000,2438.0000,0.0000,0.0000,0.0000,0.0000,3,0,0,0,0,133,0,0,0,0
zc,WS209,2012-06-20 09:06:08.447,2437.0000,220802,0,0.0000,2.0000,1,1,空换,S,2437.0000,0.0000,0.0000,0.0000,0.0000,2438.0000,0.0000,0.0000,0.0000,0.0000,3,0,0,0,0,138,0,0,0,0
zc,WS209,2012-06-20 09:06:09.210,2437.0000,220802,0,0.0000,2.0000,1,1,空换,S,2437.0000,0.0000,0.0000,0.0000,0.0000,2438.0000,0.0000,0.0000,0.0000,0.0000,3,0,0,0,0,139,0,0,0,0
zc,WS209,2012-06-20 09:06:09.697,2437.0000,220802,0,0.0000,0.0000,0,0,空换,S,2437.0000,0.0000,0.0000,0.0000,0.0000,2438.0000,0.0000,0.0000,0.0000,0.0000,3,0,0,0,0,138,0,0,0,0
zc,WS209,2012-06-20 09:06:10.507,2437.0000,220800,-2,0.0000,6.0000,2,4,多平,S,2436.0000,0.0000,0.0000,0.0000,0.0000,2437.0000,0.0000,0.0000,0.0000,0.0000,92,0,0,0,0,1,0,0,0,0
zc,WS209,2012-06-20 09:06:10.897,2437.0000,220802,2,0.0000,22.0000,12,10,空开,S,2436.0000,0.0000,0.0000,0.0000,0.0000,2437.0000,0.0000,0.0000,0.0000,0.0000,103,0,0,0,0,3,0,0,0,0
zc,WS209,2012-06-20 09:06:11.413,2437.0000,220802,0,0.0000,2.0000,1,1,空换,S,2436.0000,0.0000,0.0000,0.0000,0.0000,2437.0000,0.0000,0.0000,0.0000,0.0000,102,0,0,0,0,2,0,0,0,0
zc,WS209,2012-06-20 09:06:11.930,2437.0000,220802,0,0.0000,4.0000,2,2,空换,S,2437.0000,0.0000,0.0000,0.0000,0.0000,2438.0000,0.0000,0.0000,0.0000,0.0000,28,0,0,0,0,133,0,0,0,0
zc,WS209,2012-06-20 09:06:12.710,2437.0000,220814,12,0.0000,12.0000,12,0,双开,S,2437.0000,0.0000,0.0000,0.0000,0.0000,2438.0000,0.0000,0.0000,0.0000,0.0000,22,0,0,0,0,133,0,0,0,0
zc,WS209,2012-06-20 09:06:14.383,2437.0000,220814,0,0.0000,0.0000,0,0,空换,S,2437.0000,0.0000,0.0000,0.0000,0.0000,2438.0000,0.0000,0.0000,0.0000,0.0000,22,0,0,0,0,134,0,0,0,0
zc,WS209,2012-06-20 09:06:15.147,2437.0000,220816,2,0.0000,4.0000,3,1,空开,S,2437.0000,0.0000,0.0000,0.0000,0.0000,2438.0000,0.0000,0.0000,0.0000,0.0000,20,0,0,0,0,135,0,0,0,0
zc,WS209,2012-06-20 09:06:15.680,2437.0000,220816,0,0.0000,10.0000,5,5,空换,S,2437.0000,0.0000,0.0000,0.0000,0.0000,2438.0000,0.0000,0.0000,0.0000,0.0000,15,0,0,0,0,135,0,0,0,0
zc,WS209,2012-06-20 09:06:16.397,2437.0000,220816,0,0.0000,2.0000,1,1,空换,S,2437.0000,0.0000,0.0000,0.0000,0.0000,2438.0000,0.0000,0.0000,0.0000,0.0000,14,0,0,0,0,135,0,0,0,0
zc,WS209,2012-06-20 09:06:16.897,2437.0000,220816,0,0.0000,0.0000,0,0,空换,S,2437.0000,0.0000,0.0000,0.0000,0.0000,2438.0000,0.0000,0.0000,0.0000,0.0000,15,0,0,0,0,135,0,0,0,0
zc,WS209,2012-06-20 09:06:18.697,2437.0000,220834,18,0.0000,18.0000,18,0,双开,S,2437.0000,0.0000,0.0000,0.0000,0.0000,2438.0000,0.0000,0.0000,0.0000,0.0000,6,0,0,0,0,135,0,0,0,0
zc,WS209,2012-06-20 09:06:19.447,2437.0000,220846,12,0.0000,12.0000,12,0,双开,S,2436.0000,0.0000,0.0000,0.0000,0.0000,2438.0000,0.0000,0.0000,0.0000,0.0000,58,0,0,0,0,137,0,0,0,0
zc,WS209,2012-06-20 09:06:20.210,2437.0000,220846,0,0.0000,0.0000,0,0,空换,S,2436.0000,0.0000,0.0000,0.0000,0.0000,2437.0000,0.0000,0.0000,0.0000,0.0000,59,0,0,0,0,1,0,0,0,0
zc,WS209,2012-06-20 09:06:20.697,2436.0000,220846,0,0.0000,2.0000,1,1,空换,S,2436.0000,0.0000,0.0000,0.0000,0.0000,2437.0000,0.0000,0.0000,0.0000,0.0000,58,0,0,0,0,1,0,0,0,0
zc,WS209,2012-06-20 09:06:22.663,2436.0000,220846,0,0.0000,0.0000,0,0,空换,S,2436.0000,0.0000,0.0000,0.0000,0.0000,2437.0000,0.0000,0.0000,0.0000,0.0000,58,0,0,0,0,3,0,0,0,0
zc,WS209,2012-06-20 09:06:24.430,2437.0000,220848,2,0.0000,2.0000,2,0,双开,B,2436.0000,0.0000,0.0000,0.0000,0.0000,2437.0000,0.0000,0.0000,0.0000,0.0000,58,0,0,0,0,2,0,0,0,0
zc,WS209,2012-06-20 09:06:24.930,2437.0000,220848,0,0.0000,0.0000,0,0,多换,B,2436.0000,0.0000,0.0000,0.0000,0.0000,2437.0000,0.0000,0.0000,0.0000,0.0000,2,0,0,0,0,2,0,0,0,0
zc,WS209,2012-06-20 09:06:25.680,2437.0000,220848,0,0.0000,0.0000,0,0,多换,B,2436.0000,0.0000,0.0000,0.0000,0.0000,2437.0000,0.0000,0.0000,0.0000,0.0000,7,0,0,0,0,7,0,0,0,0
zc,WS209,2012-06-20 09:06:26.460,2436.0000,220850,2,0.0000,2.0000,2,0,双开,S,2436.0000,0.0000,0.0000,0.0000,0.0000,2437.0000,0.0000,0.0000,0.0000,0.0000,6,0,0,0,0,9,0,0,0,0
zc,WS209,2012-06-20 09:06:26.977,2437.0000,220850,0,0.0000,18.0000,9,9,多换,B,2437.0000,0.0000,0.0000,0.0000,0.0000,2438.0000,0.0000,0.0000,0.0000,0.0000,1,0,0,0,0,150,0,0,0,0
zc,WS209,2012-06-20 09:06:27.447,2437.0000,220850,0,0.0000,2.0000,1,1,多换,B,2436.0000,0.0000,0.0000,0.0000,0.0000,2437.0000,0.0000,0.0000,0.0000,0.0000,6,0,0,0,0,1,0,0,0,0
zc,WS209,2012-06-20 09:06:27.960,2437.0000,220850,0,0.0000,2.0000,1,1,多换,B,2436.0000,0.0000,0.0000,0.0000,0.0000,2438.0000,0.0000,0.0000,0.0000,0.0000,6,0,0,0,0,151,0,0,0,0
zc,WS209,2012-06-20 09:06:29.147,2437.0000,220850,0,0.0000,0.0000,0,0,多换,B,2436.0000,0.0000,0.0000,0.0000,0.0000,2437.0000,0.0000,0.0000,0.0000,0.0000,6,0,0,0,0,1,0,0,0,0
zc,WS209,2012-06-20 09:06:29.633,2437.0000,220852,2,0.0000,2.0000,2,0,双开,B,2437.0000,0.0000,0.0000,0.0000,0.0000,2438.0000,0.0000,0.0000,0.0000,0.0000,2,0,0,0,0,151,0,0,0,0
zc,WS209,2012-06-20 09:06:30.397,2437.0000,220852,0,0.0000,4.0000,2,2,多换,B,2436.0000,0.0000,0.0000,0.0000,0.0000,2437.0000,0.0000,0.0000,0.0000,0.0000,6,0,0,0,0,14,0,0,0,0
zc,WS209,2012-06-20 09:06:32.147,2437.0000,220852,0,0.0000,0.0000,0,0,多换,B,2436.0000,0.0000,0.0000,0.0000,0.0000,2437.0000,0.0000,0.0000,0.0000,0.0000,6,0,0,0,0,17,0,0,0,0
zc,WS209,2012-06-20 09:06:32.897,2437.0000,220852,0,0.0000,0.0000,0,0,多换,B,2436.0000,0.0000,0.0000,0.0000,0.0000,2437.0000,0.0000,0.0000,0.0000,0.0000,6,0,0,0,0,18,0,0,0,0
zc,WS209,2012-06-20 09:06:33.180,2436.0000,220864,12,0.0000,12.0000,12,0,双开,S,2435.0000,0.0000,0.0000,0.0000,0.0000,2436.0000,0.0000,0.0000,0.0000,0.0000,24,0,0,0,0,9,0,0,0,0
zc,WS209,2012-06-20 09:06:33.947,2436.0000,220864,0,0.0000,0.0000,0,0,空换,S,2435.0000,0.0000,0.0000,0.0000,0.0000,2436.0000,0.0000,0.0000,0.0000,0.0000,24,0,0,0,0,1,0,0,0,0
zc,WS209,2012-06-20 09:06:35.663,2436.0000,220864,0,0.0000,2.0000,1,1,空换,S,2435.0000,0.0000,0.0000,0.0000,0.0000,2437.0000,0.0000,0.0000,0.0000,0.0000,24,0,0,0,0,70,0,0,0,0
zc,WS209,2012-06-20 09:06:36.147,2436.0000,220864,0,0.0000,0.0000,0,0,空换,S,2435.0000,0.0000,0.0000,0.0000,0.0000,2437.0000,0.0000,0.0000,0.0000,0.0000,24,0,0,0,0,75,0,0,0,0
zc,WS209,2012-06-20 09:06:36.913,2437.0000,220864,0,0.0000,2.0000,1,1,多换,B,2435.0000,0.0000,0.0000,0.0000,0.0000,2437.0000,0.0000,0.0000,0.0000,0.0000,22,0,0,0,0,75,0,0,0,0
zc,WS209,2012-06-20 09:06:37.897,2437.0000,220864,0,0.0000,0.0000,0,0,多换,B,2435.0000,0.0000,0.0000,0.0000,0.0000,2437.0000,0.0000,0.0000,0.0000,0.0000,29,0,0,0,0,75,0,0,0,0
zc,WS209,2012-06-20 09:06:39.147,2435.0000,220864,0,0.0000,2.0000,1,1,空换,S,2435.0000,0.0000,0.0000,0.0000,0.0000,2437.0000,0.0000,0.0000,0.0000,0.0000,28,0,0,0,0,75,0,0,0,0
zc,WS209,2012-06-20 09:06:39.663,2435.0000,220864,0,0.0000,0.0000,0,0,空换,S,2435.0000,0.0000,0.0000,0.0000,0.0000,2437.0000,0.0000,0.0000,0.0000,0.0000,29,0,0,0,0,76,0,0,0,0
zc,WS209,2012-06-20 09:06:40.133,2435.0000,220864,0,0.0000,0.0000,0,0,空换,S,2436.0000,0.0000,0.0000,0.0000,0.0000,2437.0000,0.0000,0.0000,0.0000,0.0000,1,0,0,0,0,76,0,0,0,0
zc,WS209,2012-06-20 09:06:40.897,2435.0000,220864,0,0.0000,0.0000,0,0,空换,S,2436.0000,0.0000,0.0000,0.0000,0.0000,2437.0000,0.0000,0.0000,0.0000,0.0000,1,0,0,0,0,74,0,0,0,0
zc,WS209,2012-06-20 09:06:41.163,2436.0000,220866,2,0.0000,2.0000,2,0,双开,B,2435.0000,0.0000,0.0000,0.0000,0.0000,2436.0000,0.0000,0.0000,0.0000,0.0000,30,0,0,0,0,46,0,0,0,0
zc,WS209,2012-06-20 09:06:42.430,2435.0000,220866,0,0.0000,4.0000,2,2,空换,S,2435.0000,0.0000,0.0000,0.0000,0.0000,2436.0000,0.0000,0.0000,0.0000,0.0000,28,0,0,0,0,46,0,0,0,0
zc,WS209,2012-06-20 09:06:43.680,2435.0000,220866,0,0.0000,0.0000,0,0,空换,S,2435.0000,0.0000,0.0000,0.0000,0.0000,2436.0000,0.0000,0.0000,0.0000,0.0000,28,0,0,0,0,44,0,0,0,0
zc,WS209,2012-06-20 09:06:44.947,2435.0000,220866,0,0.0000,0.0000,0,0,空换,S,2435.0000,0.0000,0.0000,0.0000,0.0000,2436.0000,0.0000,0.0000,0.0000,0.0000,28,0,0,0,0,47,0,0,0,0
zc,WS209,2012-06-20 09:06:45.930,2435.0000,220866,0,0.0000,0.0000,0,0,空换,S,2435.0000,0.0000,0.0000,0.0000,0.0000,2436.0000,0.0000,0.0000,0.0000,0.0000,28,0,0,0,0,17,0,0,0,0
zc,WS209,2012-06-20 09:06:46.413,2435.0000,220866,0,0.0000,2.0000,1,1,空换,S,2435.0000,0.0000,0.0000,0.0000,0.0000,2436.0000,0.0000,0.0000,0.0000,0.0000,27,0,0,0,0,16,0,0,0,0
zc,WS209,2012-06-20 09:06:46.913,2435.0000,220866,0,0.0000,0.0000,0,0,空换,S,2435.0000,0.0000,0.0000,0.0000,0.0000,2436.0000,0.0000,0.0000,0.0000,0.0000,27,0,0,0,0,6,0,0,0,0
zc,WS209,2012-06-20 09:06:47.430,2435.0000,220876,10,0.0000,16.0000,13,3,空开,S,2435.0000,0.0000,0.0000,0.0000,0.0000,2436.0000,0.0000,0.0000,0.0000,0.0000,21,0,0,0,0,2,0,0,0,0
zc,WS209,2012-06-20 09:06:48.180,2435.0000,220876,0,0.0000,0.0000,0,0,空换,S,2435.0000,0.0000,0.0000,0.0000,0.0000,2436.0000,0.0000,0.0000,0.0000,0.0000,21,0,0,0,0,4,0,0,0,0
zc,WS209,2012-06-20 09:06:48.947,2436.0000,220884,8,0.0000,8.0000,8,0,双开,B,2435.0000,0.0000,0.0000,0.0000,0.0000,2436.0000,0.0000,0.0000,0.0000,0.0000,18,0,0,0,0,2,0,0,0,0
zc,WS209,2012-06-20 09:06:49.430,2436.0000,220886,2,0.0000,2.0000,2,0,双开,B,2435.0000,0.0000,0.0000,0.0000,0.0000,2436.0000,0.0000,0.0000,0.0000,0.0000,18,0,0,0,0,37,0,0,0,0
zc,WS209,2012-06-20 09:06:49.913,2435.0000,220888,2,0.0000,2.0000,2,0,双开,S,2435.0000,0.0000,0.0000,0.0000,0.0000,2436.0000,0.0000,0.0000,0.0000,0.0000,17,0,0,0,0,36,0,0,0,0
zc,WS209,2012-06-20 09:06:50.413,2435.0000,220888,0,0.0000,4.0000,2,2,空换,S,2435.0000,0.0000,0.0000,0.0000,0.0000,2436.0000,0.0000,0.0000,0.0000,0.0000,15,0,0,0,0,42,0,0,0,0
zc,WS209,2012-06-20 09:06:51.180,2435.0000,220888,0,0.0000,0.0000,0,0,空换,S,2435.0000,0.0000,0.0000,0.0000,0.0000,2436.0000,0.0000,0.0000,0.0000,0.0000,15,0,0,0,0,43,0,0,0,0
zc,WS209,2012-06-20 09:06:51.680,2435.0000,220888,0,0.0000,2.0000,1,1,空换,S,2435.0000,0.0000,0.0000,0.0000,0.0000,2436.0000,0.0000,0.0000,0.0000,0.0000,14,0,0,0,0,43,0,0,0,0
zc,WS209,2012-06-20 09:06:52.197,2435.0000,220882,-6,0.0000,8.0000,1,7,多平,S,2435.0000,0.0000,0.0000,0.0000,0.0000,2436.0000,0.0000,0.0000,0.0000,0.0000,10,0,0,0,0,42,0,0,0,0
zc,WS209,2012-06-20 09:06:53.477,2435.0000,220880,-2,0.0000,6.0000,2,4,多平,S,2435.0000,0.0000,0.0000,0.0000,0.0000,2436.0000,0.0000,0.0000,0.0000,0.0000,7,0,0,0,0,40,0,0,0,0
zc,WS209,2012-06-20 09:06:54.197,2435.0000,220886,6,0.0000,14.0000,10,4,空开,S,2434.0000,0.0000,0.0000,0.0000,0.0000,2436.0000,0.0000,0.0000,0.0000,0.0000,24,0,0,0,0,33,0,0,0,0
zc,WS209,2012-06-20 09:06:54.413,2435.0000,220886,0,0.0000,0.0000,0,0,空换,S,2434.0000,0.0000,0.0000,0.0000,0.0000,2436.0000,0.0000,0.0000,0.0000,0.0000,24,0,0,0,0,34,0,0,0,0
zc,WS209,2012-06-20 09:06:55.430,2435.0000,220892,6,0.0000,6.0000,6,0,双开,S,2434.0000,0.0000,0.0000,0.0000,0.0000,2436.0000,0.0000,0.0000,0.0000,0.0000,26,0,0,0,0,34,0,0,0,0
zc,WS209,2012-06-20 09:06:55.913,2435.0000,220892,0,0.0000,0.0000,0,0,空换,S,2434.0000,0.0000,0.0000,0.0000,0.0000,2436.0000,0.0000,0.0000,0.0000,0.0000,26,0,0,0,0,35,0,0,0,0
zc,WS209,2012-06-20 09:06:56.697,2435.0000,220892,0,0.0000,0.0000,0,0,空换,S,2434.0000,0.0000,0.0000,0.0000,0.0000,2436.0000,0.0000,0.0000,0.0000,0.0000,25,0,0,0,0,35,0,0,0,0
zc,WS209,2012-06-20 09:06:57.180,2435.0000,220892,0,0.0000,0.0000,0,0,空换,S,2434.0000,0.0000,0.0000,0.0000,0.0000,2436.0000,0.0000,0.0000,0.0000,0.0000,24,0,0,0,0,35,0,0,0,0
zc,WS209,2012-06-20 09:06:58.147,2435.0000,220892,0,0.0000,0.0000,0,0,空换,S,2435.0000,0.0000,0.0000,0.0000,0.0000,2436.0000,0.0000,0.0000,0.0000,0.0000,1,0,0,0,0,14,0,0,0,0
zc,WS209,2012-06-20 09:06:58.947,2435.0000,220892,0,0.0000,2.0000,1,1,空换,S,2435.0000,0.0000,0.0000,0.0000,0.0000,2436.0000,0.0000,0.0000,0.0000,0.0000,3,0,0,0,0,16,0,0,0,0
zc,WS209,2012-06-20 09:06:59.413,2435.0000,220892,0,0.0000,0.0000,0,0,空换,S,2435.0000,0.0000,0.0000,0.0000,0.0000,2436.0000,0.0000,0.0000,0.0000,0.0000,4,0,0,0,0,16,0,0,0,0
zc,WS209,2012-06-20 09:07:03.210,2435.0000,220898,6,0.0000,6.0000,6,0,双开,S,2435.0000,0.0000,0.0000,0.0000,0.0000,2436.0000,0.0000,0.0000,0.0000,0.0000,1,0,0,0,0,18,0,0,0,0
zc,WS209,2012-06-20 09:07:03.397,2435.0000,220898,0,0.0000,0.0000,0,0,空换,S,2435.0000,0.0000,0.0000,0.0000,0.0000,2436.0000,0.0000,0.0000,0.0000,0.0000,3,0,0,0,0,18,0,0,0,0
zc,WS209,2012-06-20 09:07:04.930,2435.0000,220898,0,0.0000,0.0000,0,0,空换,S,2435.0000,0.0000,0.0000,0.0000,0.0000,2436.0000,0.0000,0.0000,0.0000,0.0000,3,0,0,0,0,39,0,0,0,0
zc,WS209,2012-06-20 09:07:08.633,2436.0000,220904,6,0.0000,6.0000,6,0,双开,B,2435.0000,0.0000,0.0000,0.0000,0.0000,2436.0000,0.0000,0.0000,0.0000,0.0000,3,0,0,0,0,36,0,0,0,0
zc,WS209,2012-06-20 09:07:09.447,2436.0000,220904,0,0.0000,0.0000,0,0,多换,B,2435.0000,0.0000,0.0000,0.0000,0.0000,2436.0000,0.0000,0.0000,0.0000,0.0000,3,0,0,0,0,30,0,0,0,0
zc,WS209,2012-06-20 09:07:09.913,2436.0000,220904,0,0.0000,0.0000,0,0,多换,B,2435.0000,0.0000,0.0000,0.0000,0.0000,2436.0000,0.0000,0.0000,0.0000,0.0000,3,0,0,0,0,29,0,0,0,0
zc,WS209,2012-06-20 09:07:10.447,2435.0000,220904,0,0.0000,2.0000,1,1,空换,S,2435.0000,0.0000,0.0000,0.0000,0.0000,2436.0000,0.0000,0.0000,0.0000,0.0000,2,0,0,0,0,18,0,0,0,0
zc,WS209,2012-06-20 09:07:12.883,2435.0000,220904,0,0.0000,0.0000,0,0,空换,S,2435.0000,0.0000,0.0000,0.0000,0.0000,2436.0000,0.0000,0.0000,0.0000,0.0000,2,0,0,0,0,19,0,0,0,0
zc,WS209,2012-06-20 09:07:13.680,2435.0000,220904,0,0.0000,0.0000,0,0,空换,S,2435.0000,0.0000,0.0000,0.0000,0.0000,2436.0000,0.0000,0.0000,0.0000,0.0000,2,0,0,0,0,37,0,0,0,0
zc,WS209,2012-06-20 09:07:14.210,2435.0000,220904,0,0.0000,0.0000,0,0,空换,S,2435.0000,0.0000,0.0000,0.0000,0.0000,2436.0000,0.0000,0.0000,0.0000,0.0000,4,0,0,0,0,37,0,0,0,0
zc,WS209,2012-06-20 09:07:14.947,2435.0000,220904,0,0.0000,0.0000,0,0,空换,S,2435.0000,0.0000,0.0000,0.0000,0.0000,2436.0000,0.0000,0.0000,0.0000,0.0000,4,0,0,0,0,49,0,0,0,0
zc,WS209,2012-06-20 09:07:15.430,2435.0000,220904,0,0.0000,0.0000,0,0,空换,S,2435.0000,0.0000,0.0000,0.0000,0.0000,2436.0000,0.0000,0.0000,0.0000,0.0000,4,0,0,0,0,47,0,0,0,0
zc,WS209,2012-06-20 09:07:16.180,2435.0000,220904,0,0.0000,6.0000,3,3,空换,S,2435.0000,0.0000,0.0000,0.0000,0.0000,2436.0000,0.0000,0.0000,0.0000,0.0000,1,0,0,0,0,47,0,0,0,0
zc,WS209,2012-06-20 09:07:16.680,2436.0000,220906,2,0.0000,2.0000,2,0,双开,B,2435.0000,0.0000,0.0000,0.0000,0.0000,2436.0000,0.0000,0.0000,0.0000,0.0000,1,0,0,0,0,46,0,0,0,0
zc,WS209,2012-06-20 09:07:17.210,2436.0000,220906,0,0.0000,0.0000,0,0,多换,B,2435.0000,0.0000,0.0000,0.0000,0.0000,2436.0000,0.0000,0.0000,0.0000,0.0000,2,0,0,0,0,46,0,0,0,0
zc,WS209,2012-06-20 09:07:19.430,2435.0000,220904,-2,0.0000,4.0000,1,3,多平,S,2434.0000,0.0000,0.0000,0.0000,0.0000,2436.0000,0.0000,0.0000,0.0000,0.0000,27,0,0,0,0,46,0,0,0,0
zc,WS209,2012-06-20 09:07:20.290,2435.0000,220904,0,0.0000,0.0000,0,0,空换,S,2435.0000,0.0000,0.0000,0.0000,0.0000,2436.0000,0.0000,0.0000,0.0000,0.0000,5,0,0,0,0,46,0,0,0,0
zc,WS209,2012-06-20 09:07:20.960,2436.0000,220906,2,0.0000,2.0000,2,0,双开,B,2435.0000,0.0000,0.0000,0.0000,0.0000,2436.0000,0.0000,0.0000,0.0000,0.0000,5,0,0,0,0,45,0,0,0,0
zc,WS209,2012-06-20 09:07:21.947,2435.0000,220908,2,0.0000,2.0000,2,0,双开,S,2435.0000,0.0000,0.0000,0.0000,0.0000,2436.0000,0.0000,0.0000,0.0000,0.0000,5,0,0,0,0,45,0,0,0,0
zc,WS209,2012-06-20 09:07:22.743,2435.0000,220908,0,0.0000,0.0000,0,0,空换,S,2435.0000,0.0000,0.0000,0.0000,0.0000,2436.0000,0.0000,0.0000,0.0000,0.0000,5,0,0,0,0,47,0,0,0,0
zc,WS209,2012-06-20 09:07:23.977,2435.0000,220908,0,0.0000,0.0000,0,0,空换,S,2435.0000,0.0000,0.0000,0.0000,0.0000,2436.0000,0.0000,0.0000,0.0000,0.0000,5,0,0,0,0,53,0,0,0,0
zc,WS209,2012-06-20 09:07:25.210,2435.0000,220908,0,0.0000,0.0000,0,0,空换,S,2435.0000,0.0000,0.0000,0.0000,0.0000,2436.0000,0.0000,0.0000,0.0000,0.0000,5,0,0,0,0,49,0,0,0,0
zc,WS209,2012-06-20 09:07:25.993,2435.0000,220908,0,0.0000,0.0000,0,0,空换,S,2435.0000,0.0000,0.0000,0.0000,0.0000,2436.0000,0.0000,0.0000,0.0000,0.0000,5,0,0,0,0,37,0,0,0,0
zc,WS209,2012-06-20 09:07:26.447,2435.0000,220908,0,0.0000,2.0000,1,1,空换,S,2435.0000,0.0000,0.0000,0.0000,0.0000,2436.0000,0.0000,0.0000,0.0000,0.0000,5,0,0,0,0,47,0,0,0,0
zc,WS209,2012-06-20 09:07:28.430,2435.0000,220918,10,0.0000,10.0000,10,0,双开,S,2434.0000,0.0000,0.0000,0.0000,0.0000,2436.0000,0.0000,0.0000,0.0000,0.0000,34,0,0,0,0,47,0,0,0,0
zc,WS209,2012-06-20 09:07:28.930,2435.0000,220918,0,0.0000,0.0000,0,0,空换,S,2435.0000,0.0000,0.0000,0.0000,0.0000,2436.0000,0.0000,0.0000,0.0000,0.0000,10,0,0,0,0,47,0,0,0,0
zc,WS209,2012-06-20 09:07:29.680,2435.0000,220918,0,0.0000,10.0000,5,5,空换,S,2435.0000,0.0000,0.0000,0.0000,0.0000,2436.0000,0.0000,0.0000,0.0000,0.0000,5,0,0,0,0,43,0,0,0,0
zc,WS209,2012-06-20 09:07:30.493,2435.0000,220918,0,0.0000,0.0000,0,0,空换,S,2435.0000,0.0000,0.0000,0.0000,0.0000,2436.0000,0.0000,0.0000,0.0000,0.0000,5,0,0,0,0,46,0,0,0,0
zc,WS209,2012-06-20 09:07:31.210,2435.0000,220920,2,0.0000,2.0000,2,0,双开,S,2435.0000,0.0000,0.0000,0.0000,0.0000,2436.0000,0.0000,0.0000,0.0000,0.0000,4,0,0,0,0,46,0,0,0,0
zc,WS209,2012-06-20 09:07:31.710,2435.0000,220920,0,0.0000,2.0000,1,1,空换,S,2435.0000,0.0000,0.0000,0.0000,0.0000,2436.0000,0.0000,0.0000,0.0000,0.0000,3,0,0,0,0,45,0,0,0,0
zc,WS209,2012-06-20 09:07:32.447,2435.0000,220920,0,0.0000,0.0000,0,0,空换,S,2435.0000,0.0000,0.0000,0.0000,0.0000,2436.0000,0.0000,0.0000,0.0000,0.0000,4,0,0,0,0,47,0,0,0,0
zc,WS209,2012-06-20 09:07:33.007,2435.0000,220930,10,0.0000,12.0000,11,1,空开,S,2434.0000,0.0000,0.0000,0.0000,0.0000,2435.0000,0.0000,0.0000,0.0000,0.0000,31,0,0,0,0,14,0,0,0,0
zc,WS209,2012-06-20 09:07:33.680,2435.0000,220930,0,0.0000,0.0000,0,0,空换,S,2434.0000,0.0000,0.0000,0.0000,0.0000,2435.0000,0.0000,0.0000,0.0000,0.0000,31,0,0,0,0,15,0,0,0,0
zc,WS209,2012-06-20 09:07:34.180,2435.0000,220930,0,0.0000,0.0000,0,0,空换,S,2434.0000,0.0000,0.0000,0.0000,0.0000,2435.0000,0.0000,0.0000,0.0000,0.0000,44,0,0,0,0,15,0,0,0,0
zc,WS209,2012-06-20 09:07:35.447,2435.0000,220930,0,0.0000,0.0000,0,0,空换,S,2434.0000,0.0000,0.0000,0.0000,0.0000,2435.0000,0.0000,0.0000,0.0000,0.0000,34,0,0,0,0,15,0,0,0,0
zc,WS209,2012-06-20 09:07:35.913,2434.0000,220932,2,0.0000,2.0000,2,0,双开,S,2434.0000,0.0000,0.0000,0.0000,0.0000,2435.0000,0.0000,0.0000,0.0000,0.0000,35,0,0,0,0,15,0,0,0,0
zc,WS209,2012-06-20 09:07:36.413,2434.0000,220932,0,0.0000,0.0000,0,0,空换,S,2434.0000,0.0000,0.0000,0.0000,0.0000,2435.0000,0.0000,0.0000,0.0000,0.0000,49,0,0,0,0,15,0,0,0,0
zc,WS209,2012-06-20 09:07:37.163,2434.0000,220932,0,0.0000,2.0000,1,1,空换,S,2434.0000,0.0000,0.0000,0.0000,0.0000,2435.0000,0.0000,0.0000,0.0000,0.0000,31,0,0,0,0,15,0,0,0,0
zc,WS209,2012-06-20 09:07:38.913,2434.0000,220932,0,0.0000,0.0000,0,0,空换,S,2434.0000,0.0000,0.0000,0.0000,0.0000,2435.0000,0.0000,0.0000,0.0000,0.0000,31,0,0,0,0,41,0,0,0,0
zc,WS209,2012-06-20 09:07:40.163,2434.0000,220932,0,0.0000,0.0000,0,0,空换,S,2434.0000,0.0000,0.0000,0.0000,0.0000,2435.0000,0.0000,0.0000,0.0000,0.0000,31,0,0,0,0,44,0,0,0,0
zc,WS209,2012-06-20 09:07:40.697,2434.0000,220964,32,0.0000,32.0000,32,0,双开,S,2434.0000,0.0000,0.0000,0.0000,0.0000,2435.0000,0.0000,0.0000,0.0000,0.0000,15,0,0,0,0,44,0,0,0,0
zc,WS209,2012-06-20 09:07:41.397,2434.0000,220964,0,0.0000,0.0000,0,0,空换,S,2434.0000,0.0000,0.0000,0.0000,0.0000,2435.0000,0.0000,0.0000,0.0000,0.0000,46,0,0,0,0,44,0,0,0,0
zc,WS209,2012-06-20 09:07:41.913,2435.0000,220964,0,0.0000,20.0000,10,10,多换,B,2434.0000,0.0000,0.0000,0.0000,0.0000,2435.0000,0.0000,0.0000,0.0000,0.0000,38,0,0,0,0,34,0,0,0,0
zc,WS209,2012-06-20 09:07:42.913,2435.0000,220964,0,0.0000,0.0000,0,0,多换,B,2434.0000,0.0000,0.0000,0.0000,0.0000,2435.0000,0.0000,0.0000,0.0000,0.0000,47,0,0,0,0,34,0,0,0,0
zc,WS209,2012-06-20 09:07:43.710,2435.0000,220964,0,0.0000,0.0000,0,0,多换,B,2434.0000,0.0000,0.0000,0.0000,0.0000,2435.0000,0.0000,0.0000,0.0000,0.0000,47,0,0,0,0,42,0,0,0,0
zc,WS209,2012-06-20 09:07:44.913,2435.0000,220964,0,0.0000,0.0000,0,0,多换,B,2434.0000,0.0000,0.0000,0.0000,0.0000,2435.0000,0.0000,0.0000,0.0000,0.0000,15,0,0,0,0,42,0,0,0,0
zc,WS209,2012-06-20 09:07:50.147,2434.0000,220964,0,0.0000,2.0000,1,1,空换,S,2434.0000,0.0000,0.0000,0.0000,0.0000,2435.0000,0.0000,0.0000,0.0000,0.0000,15,0,0,0,0,42,0,0,0,0
zc,WS209,2012-06-20 09:07:51.397,2435.0000,220966,2,0.0000,2.0000,2,0,双开,B,2434.0000,0.0000,0.0000,0.0000,0.0000,2435.0000,0.0000,0.0000,0.0000,0.0000,15,0,0,0,0,41,0,0,0,0
zc,WS209,2012-06-20 09:07:52.163,2434.0000,220968,2,0.0000,2.0000,2,0,双开,S,2434.0000,0.0000,0.0000,0.0000,0.0000,2435.0000,0.0000,0.0000,0.0000,0.0000,14,0,0,0,0,41,0,0,0,0
zc,WS209,2012-06-20 09:07:52.413,2434.0000,220968,0,0.0000,2.0000,1,1,空换,S,2434.0000,0.0000,0.0000,0.0000,0.0000,2435.0000,0.0000,0.0000,0.0000,0.0000,13,0,0,0,0,41,0,0,0,0
zc,WS209,2012-06-20 09:07:54.413,2434.0000,220968,0,0.0000,0.0000,0,0,空换,S,2434.0000,0.0000,0.0000,0.0000,0.0000,2435.0000,0.0000,0.0000,0.0000,0.0000,13,0,0,0,0,42,0,0,0,0
zc,WS209,2012-06-20 09:07:54.647,2434.0000,220970,2,0.0000,2.0000,2,0,双开,S,2434.0000,0.0000,0.0000,0.0000,0.0000,2435.0000,0.0000,0.0000,0.0000,0.0000,13,0,0,0,0,42,0,0,0,0
zc,WS209,2012-06-20 09:07:57.163,2434.0000,220970,0,0.0000,0.0000,0,0,空换,S,2434.0000,0.0000,0.0000,0.0000,0.0000,2435.0000,0.0000,0.0000,0.0000,0.0000,13,0,0,0,0,43,0,0,0,0
zc,WS209,2012-06-20 09:07:58.680,2434.0000,220972,2,0.0000,2.0000,2,0,双开,S,2434.0000,0.0000,0.0000,0.0000,0.0000,2435.0000,0.0000,0.0000,0.0000,0.0000,12,0,0,0,0,43,0,0,0,0
zc,WS209,2012-06-20 09:08:00.697,2434.0000,220972,0,0.0000,0.0000,0,0,空换,S,2434.0000,0.0000,0.0000,0.0000,0.0000,2435.0000,0.0000,0.0000,0.0000,0.0000,10,0,0,0,0,43,0,0,0,0
zc,WS209,2012-06-20 09:08:05.180,2434.0000,220972,0,0.0000,0.0000,0,0,空换,S,2434.0000,0.0000,0.0000,0.0000,0.0000,2435.0000,0.0000,0.0000,0.0000,0.0000,11,0,0,0,0,43,0,0,0,0
zc,WS209,2012-06-20 09:08:05.680,2434.0000,220972,0,0.0000,0.0000,0,0,空换,S,2434.0000,0.0000,0.0000,0.0000,0.0000,2435.0000,0.0000,0.0000,0.0000,0.0000,112,0,0,0,0,43,0,0,0,0
zc,WS209,2012-06-20 09:08:06.477,2434.0000,220972,0,0.0000,0.0000,0,0,空换,S,2434.0000,0.0000,0.0000,0.0000,0.0000,2435.0000,0.0000,0.0000,0.0000,0.0000,113,0,0,0,0,43,0,0,0,0
zc,WS209,2012-06-20 09:08:08.647,2434.0000,220972,0,0.0000,2.0000,1,1,空换,S,2434.0000,0.0000,0.0000,0.0000,0.0000,2435.0000,0.0000,0.0000,0.0000,0.0000,113,0,0,0,0,43,0,0,0,0
zc,WS209,2012-06-20 09:08:09.180,2434.0000,220972,0,0.0000,0.0000,0,0,空换,S,2434.0000,0.0000,0.0000,0.0000,0.0000,2435.0000,0.0000,0.0000,0.0000,0.0000,112,0,0,0,0,43,0,0,0,0
zc,WS209,2012-06-20 09:08:10.413,2434.0000,220972,0,0.0000,0.0000,0,0,空换,S,2434.0000,0.0000,0.0000,0.0000,0.0000,2435.0000,0.0000,0.0000,0.0000,0.0000,115,0,0,0,0,43,0,0,0,0
zc,WS209,2012-06-20 09:08:10.897,2434.0000,220972,0,0.0000,0.0000,0,0,空换,S,2434.0000,0.0000,0.0000,0.0000,0.0000,2435.0000,0.0000,0.0000,0.0000,0.0000,114,0,0,0,0,43,0,0,0,0
zc,WS209,2012-06-20 09:08:11.663,2434.0000,220972,0,0.0000,0.0000,0,0,空换,S,2434.0000,0.0000,0.0000,0.0000,0.0000,2435.0000,0.0000,0.0000,0.0000,0.0000,113,0,0,0,0,43,0,0,0,0
zc,WS209,2012-06-20 09:08:12.210,2434.0000,220972,0,0.0000,0.0000,0,0,空换,S,2434.0000,0.0000,0.0000,0.0000,0.0000,2435.0000,0.0000,0.0000,0.0000,0.0000,122,0,0,0,0,43,0,0,0,0
zc,WS209,2012-06-20 09:08:12.697,2434.0000,220972,0,0.0000,0.0000,0,0,空换,S,2434.0000,0.0000,0.0000,0.0000,0.0000,2435.0000,0.0000,0.0000,0.0000,0.0000,121,0,0,0,0,43,0,0,0,0
zc,WS209,2012-06-20 09:08:13.133,2434.0000,220972,0,0.0000,0.0000,0,0,空换,S,2434.0000,0.0000,0.0000,0.0000,0.0000,2435.0000,0.0000,0.0000,0.0000,0.0000,120,0,0,0,0,40,0,0,0,0
zc,WS209,2012-06-20 09:08:13.947,2434.0000,220972,0,0.0000,0.0000,0,0,空换,S,2434.0000,0.0000,0.0000,0.0000,0.0000,2435.0000,0.0000,0.0000,0.0000,0.0000,119,0,0,0,0,40,0,0,0,0
zc,WS209,2012-06-20 09:08:14.460,2434.0000,220972,0,0.0000,0.0000,0,0,空换,S,2434.0000,0.0000,0.0000,0.0000,0.0000,2435.0000,0.0000,0.0000,0.0000,0.0000,121,0,0,0,0,40,0,0,0,0
zc,WS209,2012-06-20 09:08:15.197,2434.0000,220972,0,0.0000,0.0000,0,0,空换,S,2434.0000,0.0000,0.0000,0.0000,0.0000,2435.0000,0.0000,0.0000,0.0000,0.0000,120,0,0,0,0,40,0,0,0,0
zc,WS209,2012-06-20 09:08:15.617,2435.0000,220980,8,0.0000,38.0000,23,15,多开,B,2434.0000,0.0000,0.0000,0.0000,0.0000,2435.0000,0.0000,0.0000,0.0000,0.0000,126,0,0,0,0,21,0,0,0,0
zc,WS209,2012-06-20 09:08:16.163,2435.0000,220960,-20,0.0000,20.0000,0,20,双平,B,2434.0000,0.0000,0.0000,0.0000,0.0000,2435.0000,0.0000,0.0000,0.0000,0.0000,122,0,0,0,0,11,0,0,0,0
zc,WS209,2012-06-20 09:08:16.913,2435.0000,220960,0,0.0000,2.0000,1,1,多换,B,2434.0000,0.0000,0.0000,0.0000,0.0000,2435.0000,0.0000,0.0000,0.0000,0.0000,39,0,0,0,0,10,0,0,0,0
zc,WS209,2012-06-20 09:08:17.447,2435.0000,220960,0,0.0000,2.0000,1,1,多换,B,2434.0000,0.0000,0.0000,0.0000,0.0000,2435.0000,0.0000,0.0000,0.0000,0.0000,43,0,0,0,0,14,0,0,0,0
