市场代码,合约代码,时间,最新,持仓,增仓,成交额,成交量,开仓,平仓,成交类型,方向,买一价,买二价,买三价,买四价,买五价,卖一价,卖二价,卖三价,卖四价,卖五价,买一量,买二量,买三量,买四量,买五量,卖一量,卖二量,卖三量,卖四量,卖五量
zc,WS301,2012-06-20 08:16:57.820,0.0000,427120,0,0.0000,0.0000,0,0,空换,S,0.0000,0.0000,0.0000,0.0000,0.0000,0.0000,0.0000,0.0000,0.0000,0.0000,0,0,0,0,0,0,0,0,0,0
zc,WS301,2012-06-20 08:44:57.867,0.0000,427120,0,0.0000,0.0000,0,0,空换,S,0.0000,0.0000,0.0000,0.0000,0.0000,0.0000,0.0000,0.0000,0.0000,0.0000,0,0,0,0,0,0,0,0,0,0
zc,WS301,2012-06-20 08:52:57.850,0.0000,427120,0,0.0000,0.0000,0,0,空换,S,0.0000,0.0000,0.0000,0.0000,0.0000,0.0000,0.0000,0.0000,0.0000,0.0000,0,0,0,0,0,0,0,0,0,0
zc,WS301,2012-06-20 08:55:00.850,0.0000,427120,0,0.0000,0.0000,0,0,空换,S,0.0000,0.0000,0.0000,0.0000,0.0000,0.0000,0.0000,0.0000,0.0000,0.0000,0,0,0,0,0,0,0,0,0,0
zc,WS301,2012-06-20 08:55:01.617,0.0000,427120,0,0.0000,0.0000,0,0,空换,S,0.0000,0.0000,0.0000,0.0000,0.0000,0.0000,0.0000,0.0000,0.0000,0.0000,0,0,0,0,0,0,0,0,0,0
zc,WS301,2012-06-20 08:55:02.587,0.0000,427120,0,0.0000,0.0000,0,0,空换,S,0.0000,0.0000,0.0000,0.0000,0.0000,0.0000,0.0000,0.0000,0.0000,0.0000,0,0,0,0,0,0,0,0,0,0
zc,WS301,2012-06-20 08:55:05.570,0.0000,427120,0,0.0000,0.0000,0,0,空换,S,0.0000,0.0000,0.0000,0.0000,0.0000,0.0000,0.0000,0.0000,0.0000,0.0000,0,0,0,0,0,0,0,0,0,0
zc,WS301,2012-06-20 08:55:09.570,0.0000,427120,0,0.0000,0.0000,0,0,空换,S,0.0000,0.0000,0.0000,0.0000,0.0000,0.0000,0.0000,0.0000,0.0000,0.0000,0,0,0,0,0,0,0,0,0,0
zc,WS301,2012-06-20 08:55:29.070,0.0000,427120,0,0.0000,0.0000,0,0,空换,S,0.0000,0.0000,0.0000,0.0000,0.0000,0.0000,0.0000,0.0000,0.0000,0.0000,0,0,0,0,0,0,0,0,0,0
zc,WS301,2012-06-20 08:55:33.087,0.0000,427120,0,0.0000,0.0000,0,0,空换,S,0.0000,0.0000,0.0000,0.0000,0.0000,0.0000,0.0000,0.0000,0.0000,0.0000,0,0,0,0,0,0,0,0,0,0
zc,WS301,2012-06-20 08:55:54.070,0.0000,427120,0,0.0000,0.0000,0,0,空换,S,0.0000,0.0000,0.0000,0.0000,0.0000,0.0000,0.0000,0.0000,0.0000,0.0000,0,0,0,0,0,0,0,0,0,0
zc,WS301,2012-06-20 08:58:56.320,0.0000,427120,0,0.0000,0.0000,0,0,空换,S,0.0000,0.0000,0.0000,0.0000,0.0000,0.0000,0.0000,0.0000,0.0000,0.0000,0,0,0,0,0,0,0,0,0,0
zc,WS301,2012-06-20 08:59:00.350,2537.0000,427392,272,0.0000,548.0000,410,138,多开,B,2537.0000,0.0000,0.0000,0.0000,0.0000,2538.0000,0.0000,0.0000,0.0000,0.0000,64,0,0,0,0,22,0,0,0,0
zc,WS301,2012-06-20 09:00:00.773,2537.0000,427406,14,0.0000,46.0000,30,16,多开,B,2537.0000,0.0000,0.0000,0.0000,0.0000,2538.0000,0.0000,0.0000,0.0000,0.0000,56,0,0,0,0,18,0,0,0,0
zc,WS301,2012-06-20 09:00:01.587,2539.0000,427426,20,0.0000,258.0000,139,119,多开,B,2538.0000,0.0000,0.0000,0.0000,0.0000,2539.0000,0.0000,0.0000,0.0000,0.0000,67,0,0,0,0,116,0,0,0,0
zc,WS301,2012-06-20 09:00:03.320,2539.0000,427622,196,0.0000,342.0000,269,73,多开,B,2539.0000,0.0000,0.0000,0.0000,0.0000,2540.0000,0.0000,0.0000,0.0000,0.0000,551,0,0,0,0,399,0,0,0,0
zc,WS301,2012-06-20 09:00:04.820,2540.0000,427618,-4,0.0000,232.0000,114,118,空平,B,2539.0000,0.0000,0.0000,0.0000,0.0000,2540.0000,0.0000,0.0000,0.0000,0.0000,555,0,0,0,0,322,0,0,0,0
zc,WS301,2012-06-20 09:00:05.290,2540.0000,427614,-4,0.0000,96.0000,46,50,空平,B,2539.0000,0.0000,0.0000,0.0000,0.0000,2540.0000,0.0000,0.0000,0.0000,0.0000,536,0,0,0,0,315,0,0,0,0
zc,WS301,2012-06-20 09:00:06.023,2540.0000,427614,0,0.0000,12.0000,6,6,多换,B,2539.0000,0.0000,0.0000,0.0000,0.0000,2540.0000,0.0000,0.0000,0.0000,0.0000,561,0,0,0,0,315,0,0,0,0
zc,WS301,2012-06-20 09:00:06.743,2540.0000,427630,16,0.0000,24.0000,20,4,多开,B,2539.0000,0.0000,0.0000,0.0000,0.0000,2540.0000,0.0000,0.0000,0.0000,0.0000,558,0,0,0,0,321,0,0,0,0
zc,WS301,2012-06-20 09:00:07.290,2539.0000,427588,-42,0.0000,114.0000,36,78,多平,S,2539.0000,0.0000,0.0000,0.0000,0.0000,2540.0000,0.0000,0.0000,0.0000,0.0000,554,0,0,0,0,264,0,0,0,0
zc,WS301,2012-06-20 09:00:07.773,2539.0000,427590,2,0.0000,36.0000,19,17,空开,S,2539.0000,0.0000,0.0000,0.0000,0.0000,2540.0000,0.0000,0.0000,0.0000,0.0000,552,0,0,0,0,247,0,0,0,0
zc,WS301,2012-06-20 09:00:08.493,2540.0000,427550,-40,0.0000,70.0000,15,55,空平,B,2539.0000,0.0000,0.0000,0.0000,0.0000,2540.0000,0.0000,0.0000,0.0000,0.0000,550,0,0,0,0,214,0,0,0,0
zc,WS301,2012-06-20 09:00:09.290,2540.0000,427632,82,0.0000,244.0000,163,81,多开,B,2539.0000,0.0000,0.0000,0.0000,0.0000,2540.0000,0.0000,0.0000,0.0000,0.0000,547,0,0,0,0,131,0,0,0,0
zc,WS301,2012-06-20 09:00:09.773,2540.0000,427644,12,0.0000,22.0000,17,5,多开,B,2539.0000,0.0000,0.0000,0.0000,0.0000,2540.0000,0.0000,0.0000,0.0000,0.0000,545,0,0,0,0,132,0,0,0,0
zc,WS301,2012-06-20 09:00:10.540,2539.0000,427646,2,0.0000,620.0000,311,309,空开,S,2539.0000,0.0000,0.0000,0.0000,0.0000,2540.0000,0.0000,0.0000,0.0000,0.0000,242,0,0,0,0,129,0,0,0,0
zc,WS301,2012-06-20 09:00:10.790,2540.0000,427842,196,0.0000,410.0000,303,107,多开,B,2540.0000,0.0000,0.0000,0.0000,0.0000,2541.0000,0.0000,0.0000,0.0000,0.0000,15,0,0,0,0,41,0,0,0,0
zc,WS301,2012-06-20 09:00:11.493,2540.0000,427874,32,0.0000,32.0000,32,0,双开,B,2539.0000,0.0000,0.0000,0.0000,0.0000,2540.0000,0.0000,0.0000,0.0000,0.0000,241,0,0,0,0,51,0,0,0,0
zc,WS301,2012-06-20 09:00:11.993,2539.0000,427920,46,0.0000,46.0000,46,0,双开,S,2539.0000,0.0000,0.0000,0.0000,0.0000,2540.0000,0.0000,0.0000,0.0000,0.0000,240,0,0,0,0,79,0,0,0,0
zc,WS301,2012-06-20 09:00:13.007,2540.0000,427946,26,0.0000,52.0000,39,13,多开,B,2539.0000,0.0000,0.0000,0.0000,0.0000,2540.0000,0.0000,0.0000,0.0000,0.0000,238,0,0,0,0,72,0,0,0,0
zc,WS301,2012-06-20 09:00:13.523,2540.0000,427830,-116,0.0000,2062.0000,973,1089,空平,B,2539.0000,0.0000,0.0000,0.0000,0.0000,2540.0000,0.0000,0.0000,0.0000,0.0000,2,0,0,0,0,61,0,0,0,0
zc,WS301,2012-06-20 09:00:14.257,2539.0000,427830,0,0.0000,18.0000,9,9,空换,S,2538.0000,0.0000,0.0000,0.0000,0.0000,2539.0000,0.0000,0.0000,0.0000,0.0000,1,0,0,0,0,6,0,0,0,0
zc,WS301,2012-06-20 09:00:14.493,2539.0000,427834,4,0.0000,18.0000,11,7,空开,S,2538.0000,0.0000,0.0000,0.0000,0.0000,2539.0000,0.0000,0.0000,0.0000,0.0000,1,0,0,0,0,112,0,0,0,0
zc,WS301,2012-06-20 09:00:15.243,2539.0000,427832,-2,0.0000,44.0000,21,23,多平,S,2538.0000,0.0000,0.0000,0.0000,0.0000,2539.0000,0.0000,0.0000,0.0000,0.0000,2,0,0,0,0,117,0,0,0,0
zc,WS301,2012-06-20 09:00:15.757,2538.0000,427832,0,0.0000,2.0000,1,1,空换,S,2538.0000,0.0000,0.0000,0.0000,0.0000,2539.0000,0.0000,0.0000,0.0000,0.0000,17,0,0,0,0,119,0,0,0,0
zc,WS301,2012-06-20 09:00:16.227,2539.0000,427812,-20,0.0000,98.0000,39,59,空平,B,2536.0000,0.0000,0.0000,0.0000,0.0000,2539.0000,0.0000,0.0000,0.0000,0.0000,143,0,0,0,0,82,0,0,0,0
zc,WS301,2012-06-20 09:00:16.710,2539.0000,427814,2,0.0000,6.0000,4,2,多开,B,2536.0000,0.0000,0.0000,0.0000,0.0000,2538.0000,0.0000,0.0000,0.0000,0.0000,143,0,0,0,0,3,0,0,0,0
zc,WS301,2012-06-20 09:00:17.523,2538.0000,427812,-2,0.0000,4.0000,1,3,多平,S,2537.0000,0.0000,0.0000,0.0000,0.0000,2538.0000,0.0000,0.0000,0.0000,0.0000,1,0,0,0,0,27,0,0,0,0
zc,WS301,2012-06-20 09:00:18.257,2538.0000,427796,-16,0.0000,334.0000,159,175,多平,S,2537.0000,0.0000,0.0000,0.0000,0.0000,2538.0000,0.0000,0.0000,0.0000,0.0000,59,0,0,0,0,26,0,0,0,0
zc,WS301,2012-06-20 09:00:18.460,2537.0000,427756,-40,0.0000,40.0000,0,40,双平,S,2537.0000,0.0000,0.0000,0.0000,0.0000,2538.0000,0.0000,0.0000,0.0000,0.0000,40,0,0,0,0,26,0,0,0,0
zc,WS301,2012-06-20 09:00:19.553,2538.0000,427708,-48,0.0000,136.0000,44,92,空平,B,2537.0000,0.0000,0.0000,0.0000,0.0000,2539.0000,0.0000,0.0000,0.0000,0.0000,15,0,0,0,0,112,0,0,0,0
zc,WS301,2012-06-20 09:00:20.257,2539.0000,427684,-24,0.0000,60.0000,18,42,空平,B,2537.0000,0.0000,0.0000,0.0000,0.0000,2539.0000,0.0000,0.0000,0.0000,0.0000,3,0,0,0,0,103,0,0,0,0
zc,WS301,2012-06-20 09:00:21.023,2537.0000,427682,-2,0.0000,18.0000,8,10,多平,S,2537.0000,0.0000,0.0000,0.0000,0.0000,2539.0000,0.0000,0.0000,0.0000,0.0000,1,0,0,0,0,101,0,0,0,0
zc,WS301,2012-06-20 09:00:21.757,2539.0000,427682,0,0.0000,24.0000,12,12,多换,B,2536.0000,0.0000,0.0000,0.0000,0.0000,2539.0000,0.0000,0.0000,0.0000,0.0000,1,0,0,0,0,96,0,0,0,0
zc,WS301,2012-06-20 09:00:22.210,2539.0000,427682,0,0.0000,0.0000,0,0,多换,B,2537.0000,0.0000,0.0000,0.0000,0.0000,2538.0000,0.0000,0.0000,0.0000,0.0000,1,0,0,0,0,200,0,0,0,0
zc,WS301,2012-06-20 09:00:23.040,2538.0000,427682,0,0.0000,4.0000,2,2,空换,S,2537.0000,0.0000,0.0000,0.0000,0.0000,2538.0000,0.0000,0.0000,0.0000,0.0000,73,0,0,0,0,224,0,0,0,0
zc,WS301,2012-06-20 09:00:23.773,2537.0000,427682,0,0.0000,6.0000,3,3,空换,S,2537.0000,0.0000,0.0000,0.0000,0.0000,2538.0000,0.0000,0.0000,0.0000,0.0000,9,0,0,0,0,223,0,0,0,0
zc,WS301,2012-06-20 09:00:24.227,2537.0000,427704,22,0.0000,38.0000,30,8,空开,S,2535.0000,0.0000,0.0000,0.0000,0.0000,2536.0000,0.0000,0.0000,0.0000,0.0000,149,0,0,0,0,136,0,0,0,0
zc,WS301,2012-06-20 09:00:24.977,2536.0000,427684,-20,0.0000,32.0000,6,26,多平,S,2535.0000,0.0000,0.0000,0.0000,0.0000,2536.0000,0.0000,0.0000,0.0000,0.0000,140,0,0,0,0,120,0,0,0,0
zc,WS301,2012-06-20 09:00:25.773,2536.0000,427684,0,0.0000,12.0000,6,6,空换,S,2535.0000,0.0000,0.0000,0.0000,0.0000,2536.0000,0.0000,0.0000,0.0000,0.0000,142,0,0,0,0,114,0,0,0,0
zc,WS301,2012-06-20 09:00:26.243,2536.0000,427684,0,0.0000,6.0000,3,3,空换,S,2535.0000,0.0000,0.0000,0.0000,0.0000,2536.0000,0.0000,0.0000,0.0000,0.0000,143,0,0,0,0,111,0,0,0,0
zc,WS301,2012-06-20 09:00:27.227,2535.0000,427682,-2,0.0000,74.0000,36,38,多平,S,2535.0000,0.0000,0.0000,0.0000,0.0000,2536.0000,0.0000,0.0000,0.0000,0.0000,112,0,0,0,0,105,0,0,0,0
zc,WS301,2012-06-20 09:00:27.773,2536.0000,427682,0,0.0000,4.0000,2,2,多换,B,2535.0000,0.0000,0.0000,0.0000,0.0000,2536.0000,0.0000,0.0000,0.0000,0.0000,112,0,0,0,0,103,0,0,0,0
zc,WS301,2012-06-20 09:00:28.210,2536.0000,427682,0,0.0000,8.0000,4,4,多换,B,2535.0000,0.0000,0.0000,0.0000,0.0000,2536.0000,0.0000,0.0000,0.0000,0.0000,115,0,0,0,0,100,0,0,0,0
zc,WS301,2012-06-20 09:00:28.960,2535.0000,427682,0,0.0000,2.0000,1,1,空换,S,2535.0000,0.0000,0.0000,0.0000,0.0000,2536.0000,0.0000,0.0000,0.0000,0.0000,134,0,0,0,0,100,0,0,0,0
zc,WS301,2012-06-20 09:00:29.460,2535.0000,427682,0,0.0000,8.0000,4,4,空换,S,2535.0000,0.0000,0.0000,0.0000,0.0000,2536.0000,0.0000,0.0000,0.0000,0.0000,130,0,0,0,0,100,0,0,0,0
zc,WS301,2012-06-20 09:00:30.227,2535.0000,427636,-46,0.0000,276.0000,115,161,多平,S,2535.0000,0.0000,0.0000,0.0000,0.0000,2536.0000,0.0000,0.0000,0.0000,0.0000,1,0,0,0,0,108,0,0,0,0
zc,WS301,2012-06-20 09:00:30.913,2535.0000,427636,0,0.0000,18.0000,9,9,空换,S,2535.0000,0.0000,0.0000,0.0000,0.0000,2536.0000,0.0000,0.0000,0.0000,0.0000,5,0,0,0,0,101,0,0,0,0
zc,WS301,2012-06-20 09:00:31.710,2535.0000,427638,2,0.0000,12.0000,7,5,空开,S,2535.0000,0.0000,0.0000,0.0000,0.0000,2536.0000,0.0000,0.0000,0.0000,0.0000,38,0,0,0,0,101,0,0,0,0
zc,WS301,2012-06-20 09:00:32.460,2536.0000,427642,4,0.0000,82.0000,43,39,多开,B,2535.0000,0.0000,0.0000,0.0000,0.0000,2536.0000,0.0000,0.0000,0.0000,0.0000,13,0,0,0,0,91,0,0,0,0
zc,WS301,2012-06-20 09:00:33.007,2535.0000,427644,2,0.0000,34.0000,18,16,空开,S,2534.0000,0.0000,0.0000,0.0000,0.0000,2535.0000,0.0000,0.0000,0.0000,0.0000,189,0,0,0,0,71,0,0,0,0
zc,WS301,2012-06-20 09:00:33.743,2535.0000,427644,0,0.0000,46.0000,23,23,空换,S,2534.0000,0.0000,0.0000,0.0000,0.0000,2535.0000,0.0000,0.0000,0.0000,0.0000,189,0,0,0,0,65,0,0,0,0
zc,WS301,2012-06-20 09:00:34.523,2535.0000,427640,-4,0.0000,66.0000,31,35,多平,S,2534.0000,0.0000,0.0000,0.0000,0.0000,2535.0000,0.0000,0.0000,0.0000,0.0000,185,0,0,0,0,63,0,0,0,0
zc,WS301,2012-06-20 09:00:34.993,2535.0000,427578,-62,0.0000,74.0000,6,68,多平,S,2534.0000,0.0000,0.0000,0.0000,0.0000,2535.0000,0.0000,0.0000,0.0000,0.0000,163,0,0,0,0,59,0,0,0,0
zc,WS301,2012-06-20 09:00:35.773,2535.0000,427578,0,0.0000,2.0000,1,1,空换,S,2534.0000,0.0000,0.0000,0.0000,0.0000,2535.0000,0.0000,0.0000,0.0000,0.0000,162,0,0,0,0,58,0,0,0,0
zc,WS301,2012-06-20 09:00:36.273,2535.0000,427568,-10,0.0000,44.0000,17,27,多平,S,2534.0000,0.0000,0.0000,0.0000,0.0000,2535.0000,0.0000,0.0000,0.0000,0.0000,157,0,0,0,0,39,0,0,0,0
zc,WS301,2012-06-20 09:00:36.977,2535.0000,427568,0,0.0000,4.0000,2,2,空换,S,2534.0000,0.0000,0.0000,0.0000,0.0000,2535.0000,0.0000,0.0000,0.0000,0.0000,157,0,0,0,0,41,0,0,0,0
zc,WS301,2012-06-20 09:00:37.460,2534.0000,427566,-2,0.0000,8.0000,3,5,多平,S,2534.0000,0.0000,0.0000,0.0000,0.0000,2535.0000,0.0000,0.0000,0.0000,0.0000,151,0,0,0,0,42,0,0,0,0
zc,WS301,2012-06-20 09:00:38.273,2534.0000,427542,-24,0.0000,72.0000,24,48,多平,S,2534.0000,0.0000,0.0000,0.0000,0.0000,2535.0000,0.0000,0.0000,0.0000,0.0000,132,0,0,0,0,23,0,0,0,0
zc,WS301,2012-06-20 09:00:38.727,2534.0000,427542,0,0.0000,0.0000,0,0,空换,S,2534.0000,0.0000,0.0000,0.0000,0.0000,2535.0000,0.0000,0.0000,0.0000,0.0000,140,0,0,0,0,23,0,0,0,0
zc,WS301,2012-06-20 09:00:39.447,2535.0000,427390,-152,0.0000,342.0000,95,247,空平,B,2534.0000,0.0000,0.0000,0.0000,0.0000,2535.0000,0.0000,0.0000,0.0000,0.0000,40,0,0,0,0,76,0,0,0,0
zc,WS301,2012-06-20 09:00:40.727,2534.0000,427428,38,0.0000,42.0000,40,2,空开,S,2534.0000,0.0000,0.0000,0.0000,0.0000,2535.0000,0.0000,0.0000,0.0000,0.0000,57,0,0,0,0,77,0,0,0,0
zc,WS301,2012-06-20 09:00:41.477,2534.0000,427418,-10,0.0000,18.0000,4,14,多平,S,2534.0000,0.0000,0.0000,0.0000,0.0000,2535.0000,0.0000,0.0000,0.0000,0.0000,57,0,0,0,0,77,0,0,0,0
zc,WS301,2012-06-20 09:00:42.257,2534.0000,427438,20,0.0000,24.0000,22,2,空开,S,2534.0000,0.0000,0.0000,0.0000,0.0000,2535.0000,0.0000,0.0000,0.0000,0.0000,67,0,0,0,0,74,0,0,0,0
zc,WS301,2012-06-20 09:00:42.960,2534.0000,427436,-2,0.0000,2.0000,0,2,双平,S,2534.0000,0.0000,0.0000,0.0000,0.0000,2535.0000,0.0000,0.0000,0.0000,0.0000,66,0,0,0,0,92,0,0,0,0
zc,WS301,2012-06-20 09:00:43.727,2535.0000,427422,-14,0.0000,24.0000,5,19,空平,B,2534.0000,0.0000,0.0000,0.0000,0.0000,2535.0000,0.0000,0.0000,0.0000,0.0000,57,0,0,0,0,90,0,0,0,0
zc,WS301,2012-06-20 09:00:44.163,2534.0000,427390,-32,0.0000,120.0000,44,76,多平,S,2533.0000,0.0000,0.0000,0.0000,0.0000,2534.0000,0.0000,0.0000,0.0000,0.0000,71,0,0,0,0,27,0,0,0,0
zc,WS301,2012-06-20 09:00:45.023,2533.0000,427386,-4,0.0000,170.0000,83,87,多平,S,2532.0000,0.0000,0.0000,0.0000,0.0000,2533.0000,0.0000,0.0000,0.0000,0.0000,76,0,0,0,0,115,0,0,0,0
zc,WS301,2012-06-20 09:00:45.757,2533.0000,427336,-50,0.0000,90.0000,20,70,多平,S,2532.0000,0.0000,0.0000,0.0000,0.0000,2533.0000,0.0000,0.0000,0.0000,0.0000,83,0,0,0,0,70,0,0,0,0
zc,WS301,2012-06-20 09:00:46.460,2532.0000,427332,-4,0.0000,148.0000,72,76,多平,S,2532.0000,0.0000,0.0000,0.0000,0.0000,2533.0000,0.0000,0.0000,0.0000,0.0000,16,0,0,0,0,70,0,0,0,0
zc,WS301,2012-06-20 09:00:47.227,2532.0000,427332,0,0.0000,2.0000,1,1,空换,S,2532.0000,0.0000,0.0000,0.0000,0.0000,2533.0000,0.0000,0.0000,0.0000,0.0000,17,0,0,0,0,70,0,0,0,0
zc,WS301,2012-06-20 09:00:47.447,2532.0000,427332,0,0.0000,0.0000,0,0,空换,S,2532.0000,0.0000,0.0000,0.0000,0.0000,2533.0000,0.0000,0.0000,0.0000,0.0000,18,0,0,0,0,72,0,0,0,0
zc,WS301,2012-06-20 09:00:48.227,2533.0000,427334,2,0.0000,6.0000,4,2,多开,B,2532.0000,0.0000,0.0000,0.0000,0.0000,2533.0000,0.0000,0.0000,0.0000,0.0000,35,0,0,0,0,90,0,0,0,0
zc,WS301,2012-06-20 09:00:48.757,2532.0000,427334,0,0.0000,28.0000,14,14,空换,S,2532.0000,0.0000,0.0000,0.0000,0.0000,2533.0000,0.0000,0.0000,0.0000,0.0000,25,0,0,0,0,139,0,0,0,0
zc,WS301,2012-06-20 09:00:49.227,2533.0000,427334,0,0.0000,8.0000,4,4,多换,B,2532.0000,0.0000,0.0000,0.0000,0.0000,2533.0000,0.0000,0.0000,0.0000,0.0000,29,0,0,0,0,138,0,0,0,0
zc,WS301,2012-06-20 09:00:50.273,2532.0000,427332,-2,0.0000,114.0000,56,58,多平,S,2531.0000,0.0000,0.0000,0.0000,0.0000,2532.0000,0.0000,0.0000,0.0000,0.0000,94,0,0,0,0,94,0,0,0,0
zc,WS301,2012-06-20 09:00:50.930,2532.0000,427316,-16,0.0000,36.0000,10,26,多平,S,2531.0000,0.0000,0.0000,0.0000,0.0000,2532.0000,0.0000,0.0000,0.0000,0.0000,84,0,0,0,0,76,0,0,0,0
zc,WS301,2012-06-20 09:00:51.460,2532.0000,427316,0,0.0000,2.0000,1,1,空换,S,2531.0000,0.0000,0.0000,0.0000,0.0000,2532.0000,0.0000,0.0000,0.0000,0.0000,104,0,0,0,0,76,0,0,0,0
zc,WS301,2012-06-20 09:00:51.993,2531.0000,427190,-126,0.0000,232.0000,53,179,多平,S,2530.0000,0.0000,0.0000,0.0000,0.0000,2531.0000,0.0000,0.0000,0.0000,0.0000,78,0,0,0,0,80,0,0,0,0
zc,WS301,2012-06-20 09:00:52.697,2531.0000,427150,-40,0.0000,106.0000,33,73,多平,S,2530.0000,0.0000,0.0000,0.0000,0.0000,2531.0000,0.0000,0.0000,0.0000,0.0000,93,0,0,0,0,27,0,0,0,0
zc,WS301,2012-06-20 09:00:53.460,2530.0000,427152,2,0.0000,28.0000,15,13,空开,S,2530.0000,0.0000,0.0000,0.0000,0.0000,2531.0000,0.0000,0.0000,0.0000,0.0000,88,0,0,0,0,171,0,0,0,0
zc,WS301,2012-06-20 09:00:54.243,2531.0000,427150,-2,0.0000,50.0000,24,26,空平,B,2530.0000,0.0000,0.0000,0.0000,0.0000,2531.0000,0.0000,0.0000,0.0000,0.0000,70,0,0,0,0,227,0,0,0,0
zc,WS301,2012-06-20 09:00:54.757,2531.0000,427138,-12,0.0000,20.0000,4,16,空平,B,2530.0000,0.0000,0.0000,0.0000,0.0000,2531.0000,0.0000,0.0000,0.0000,0.0000,65,0,0,0,0,217,0,0,0,0
zc,WS301,2012-06-20 09:00:55.447,2531.0000,427138,0,0.0000,12.0000,6,6,多换,B,2530.0000,0.0000,0.0000,0.0000,0.0000,2531.0000,0.0000,0.0000,0.0000,0.0000,60,0,0,0,0,216,0,0,0,0
zc,WS301,2012-06-20 09:00:55.977,2530.0000,427136,-2,0.0000,48.0000,23,25,多平,S,2530.0000,0.0000,0.0000,0.0000,0.0000,2531.0000,0.0000,0.0000,0.0000,0.0000,66,0,0,0,0,194,0,0,0,0
zc,WS301,2012-06-20 09:00:56.743,2530.0000,427132,-4,0.0000,12.0000,4,8,多平,S,2530.0000,0.0000,0.0000,0.0000,0.0000,2531.0000,0.0000,0.0000,0.0000,0.0000,61,0,0,0,0,196,0,0,0,0
zc,WS301,2012-06-20 09:00:57.257,2530.0000,427134,2,0.0000,8.0000,5,3,空开,S,2530.0000,0.0000,0.0000,0.0000,0.0000,2531.0000,0.0000,0.0000,0.0000,0.0000,59,0,0,0,0,194,0,0,0,0
zc,WS301,2012-06-20 09:00:58.023,2531.0000,427074,-60,0.0000,154.0000,47,107,空平,B,2530.0000,0.0000,0.0000,0.0000,0.0000,2531.0000,0.0000,0.0000,0.0000,0.0000,52,0,0,0,0,172,0,0,0,0
zc,WS301,2012-06-20 09:00:58.727,2531.0000,427082,8,0.0000,378.0000,193,185,多开,B,2531.0000,0.0000,0.0000,0.0000,0.0000,2532.0000,0.0000,0.0000,0.0000,0.0000,28,0,0,0,0,82,0,0,0,0
zc,WS301,2012-06-20 09:00:59.477,2531.0000,427082,0,0.0000,4.0000,2,2,多换,B,2531.0000,0.0000,0.0000,0.0000,0.0000,2532.0000,0.0000,0.0000,0.0000,0.0000,29,0,0,0,0,82,0,0,0,0
zc,WS301,2012-06-20 09:00:59.947,2531.0000,427084,2,0.0000,4.0000,3,1,多开,B,2531.0000,0.0000,0.0000,0.0000,0.0000,2532.0000,0.0000,0.0000,0.0000,0.0000,27,0,0,0,0,83,0,0,0,0
zc,WS301,2012-06-20 09:01:00.460,2531.0000,427084,0,0.0000,12.0000,6,6,多换,B,2531.0000,0.0000,0.0000,0.0000,0.0000,2532.0000,0.0000,0.0000,0.0000,0.0000,26,0,0,0,0,83,0,0,0,0
zc,WS301,2012-06-20 09:01:01.227,2532.0000,427084,0,0.0000,2.0000,1,1,多换,B,2531.0000,0.0000,0.0000,0.0000,0.0000,2532.0000,0.0000,0.0000,0.0000,0.0000,34,0,0,0,0,81,0,0,0,0
zc,WS301,2012-06-20 09:01:01.947,2531.0000,427084,0,0.0000,18.0000,9,9,空换,S,2531.0000,0.0000,0.0000,0.0000,0.0000,2532.0000,0.0000,0.0000,0.0000,0.0000,29,0,0,0,0,80,0,0,0,0
zc,WS301,2012-06-20 09:01:02.743,2532.0000,427084,0,0.0000,14.0000,7,7,多换,B,2531.0000,0.0000,0.0000,0.0000,0.0000,2532.0000,0.0000,0.0000,0.0000,0.0000,32,0,0,0,0,72,0,0,0,0
zc,WS301,2012-06-20 09:01:03.197,2532.0000,427084,0,0.0000,0.0000,0,0,多换,B,2531.0000,0.0000,0.0000,0.0000,0.0000,2532.0000,0.0000,0.0000,0.0000,0.0000,33,0,0,0,0,72,0,0,0,0
zc,WS301,2012-06-20 09:01:04.007,2531.0000,427092,8,0.0000,32.0000,20,12,空开,S,2531.0000,0.0000,0.0000,0.0000,0.0000,2532.0000,0.0000,0.0000,0.0000,0.0000,24,0,0,0,0,66,0,0,0,0
zc,WS301,2012-06-20 09:01:04.727,2531.0000,427092,0,0.0000,42.0000,21,21,空换,S,2531.0000,0.0000,0.0000,0.0000,0.0000,2532.0000,0.0000,0.0000,0.0000,0.0000,21,0,0,0,0,52,0,0,0,0
zc,WS301,2012-06-20 09:01:05.523,2532.0000,427092,0,0.0000,82.0000,41,41,多换,B,2531.0000,0.0000,0.0000,0.0000,0.0000,2532.0000,0.0000,0.0000,0.0000,0.0000,21,0,0,0,0,13,0,0,0,0
zc,WS301,2012-06-20 09:01:05.993,2531.0000,427092,0,0.0000,44.0000,22,22,空换,S,2531.0000,0.0000,0.0000,0.0000,0.0000,2533.0000,0.0000,0.0000,0.0000,0.0000,20,0,0,0,0,89,0,0,0,0
zc,WS301,2012-06-20 09:01:06.477,2531.0000,427098,6,0.0000,8.0000,7,1,空开,S,2531.0000,0.0000,0.0000,0.0000,0.0000,2532.0000,0.0000,0.0000,0.0000,0.0000,21,0,0,0,0,8,0,0,0,0
zc,WS301,2012-06-20 09:01:07.180,2532.0000,427114,16,0.0000,16.0000,16,0,双开,B,2532.0000,0.0000,0.0000,0.0000,0.0000,2533.0000,0.0000,0.0000,0.0000,0.0000,7,0,0,0,0,94,0,0,0,0
zc,WS301,2012-06-20 09:01:07.727,2531.0000,427116,2,0.0000,28.0000,15,13,空开,S,2531.0000,0.0000,0.0000,0.0000,0.0000,2533.0000,0.0000,0.0000,0.0000,0.0000,26,0,0,0,0,91,0,0,0,0
zc,WS301,2012-06-20 09:01:08.447,2532.0000,427118,2,0.0000,6.0000,4,2,多开,B,2531.0000,0.0000,0.0000,0.0000,0.0000,2533.0000,0.0000,0.0000,0.0000,0.0000,67,0,0,0,0,89,0,0,0,0
zc,WS301,2012-06-20 09:01:09.007,2531.0000,427114,-4,0.0000,52.0000,24,28,多平,S,2531.0000,0.0000,0.0000,0.0000,0.0000,2533.0000,0.0000,0.0000,0.0000,0.0000,58,0,0,0,0,87,0,0,0,0
zc,WS301,2012-06-20 09:01:09.680,2533.0000,427112,-2,0.0000,14.0000,6,8,空平,B,2531.0000,0.0000,0.0000,0.0000,0.0000,2533.0000,0.0000,0.0000,0.0000,0.0000,62,0,0,0,0,84,0,0,0,0
zc,WS301,2012-06-20 09:01:10.493,2533.0000,427112,0,0.0000,10.0000,5,5,多换,B,2531.0000,0.0000,0.0000,0.0000,0.0000,2533.0000,0.0000,0.0000,0.0000,0.0000,68,0,0,0,0,81,0,0,0,0
zc,WS301,2012-06-20 09:01:11.197,2532.0000,427100,-12,0.0000,24.0000,6,18,多平,S,2532.0000,0.0000,0.0000,0.0000,0.0000,2533.0000,0.0000,0.0000,0.0000,0.0000,1,0,0,0,0,81,0,0,0,0
zc,WS301,2012-06-20 09:01:11.697,2533.0000,427100,0,0.0000,16.0000,8,8,多换,B,2532.0000,0.0000,0.0000,0.0000,0.0000,2533.0000,0.0000,0.0000,0.0000,0.0000,12,0,0,0,0,73,0,0,0,0
zc,WS301,2012-06-20 09:01:12.507,2533.0000,427100,0,0.0000,28.0000,14,14,多换,B,2532.0000,0.0000,0.0000,0.0000,0.0000,2533.0000,0.0000,0.0000,0.0000,0.0000,13,0,0,0,0,68,0,0,0,0
zc,WS301,2012-06-20 09:01:12.977,2533.0000,427098,-2,0.0000,22.0000,10,12,空平,B,2532.0000,0.0000,0.0000,0.0000,0.0000,2533.0000,0.0000,0.0000,0.0000,0.0000,3,0,0,0,0,66,0,0,0,0
zc,WS301,2012-06-20 09:01:13.697,2533.0000,427116,18,0.0000,152.0000,85,67,多开,B,2533.0000,0.0000,0.0000,0.0000,0.0000,2534.0000,0.0000,0.0000,0.0000,0.0000,27,0,0,0,0,44,0,0,0,0
zc,WS301,2012-06-20 09:01:14.447,2533.0000,427116,0,0.0000,40.0000,20,20,多换,B,2533.0000,0.0000,0.0000,0.0000,0.0000,2534.0000,0.0000,0.0000,0.0000,0.0000,8,0,0,0,0,52,0,0,0,0
zc,WS301,2012-06-20 09:01:15.227,2532.0000,427126,10,0.0000,48.0000,29,19,空开,S,2532.0000,0.0000,0.0000,0.0000,0.0000,2533.0000,0.0000,0.0000,0.0000,0.0000,15,0,0,0,0,31,0,0,0,0
zc,WS301,2012-06-20 09:01:15.697,2533.0000,427128,2,0.0000,6.0000,4,2,多开,B,2532.0000,0.0000,0.0000,0.0000,0.0000,2533.0000,0.0000,0.0000,0.0000,0.0000,19,0,0,0,0,60,0,0,0,0
zc,WS301,2012-06-20 09:01:16.477,2533.0000,427132,4,0.0000,6.0000,5,1,多开,B,2532.0000,0.0000,0.0000,0.0000,0.0000,2533.0000,0.0000,0.0000,0.0000,0.0000,34,0,0,0,0,61,0,0,0,0
zc,WS301,2012-06-20 09:01:16.977,2533.0000,427162,30,0.0000,30.0000,30,0,双开,B,2532.0000,0.0000,0.0000,0.0000,0.0000,2533.0000,0.0000,0.0000,0.0000,0.0000,34,0,0,0,0,60,0,0,0,0
zc,WS301,2012-06-20 09:01:17.680,2533.0000,427166,4,0.0000,4.0000,4,0,双开,B,2532.0000,0.0000,0.0000,0.0000,0.0000,2533.0000,0.0000,0.0000,0.0000,0.0000,40,0,0,0,0,64,0,0,0,0
zc,WS301,2012-06-20 09:01:17.947,2532.0000,427178,12,0.0000,64.0000,38,26,空开,S,2532.0000,0.0000,0.0000,0.0000,0.0000,2533.0000,0.0000,0.0000,0.0000,0.0000,21,0,0,0,0,53,0,0,0,0
zc,WS301,2012-06-20 09:01:18.993,2532.0000,427178,0,0.0000,6.0000,3,3,空换,S,2532.0000,0.0000,0.0000,0.0000,0.0000,2533.0000,0.0000,0.0000,0.0000,0.0000,35,0,0,0,0,52,0,0,0,0
zc,WS301,2012-06-20 09:01:19.447,2533.0000,427188,10,0.0000,20.0000,15,5,多开,B,2532.0000,0.0000,0.0000,0.0000,0.0000,2533.0000,0.0000,0.0000,0.0000,0.0000,134,0,0,0,0,58,0,0,0,0
zc,WS301,2012-06-20 09:01:19.930,2533.0000,427188,0,0.0000,116.0000,58,58,多换,B,2533.0000,0.0000,0.0000,0.0000,0.0000,2534.0000,0.0000,0.0000,0.0000,0.0000,68,0,0,0,0,23,0,0,0,0
zc,WS301,2012-06-20 09:01:20.447,2533.0000,427188,0,0.0000,0.0000,0,0,多换,B,2533.0000,0.0000,0.0000,0.0000,0.0000,2534.0000,0.0000,0.0000,0.0000,0.0000,129,0,0,0,0,29,0,0,0,0
zc,WS301,2012-06-20 09:01:21.210,2534.0000,427188,0,0.0000,12.0000,6,6,多换,B,2533.0000,0.0000,0.0000,0.0000,0.0000,2534.0000,0.0000,0.0000,0.0000,0.0000,129,0,0,0,0,38,0,0,0,0
zc,WS301,2012-06-20 09:01:21.960,2534.0000,427186,-2,0.0000,4.0000,1,3,空平,B,2533.0000,0.0000,0.0000,0.0000,0.0000,2534.0000,0.0000,0.0000,0.0000,0.0000,131,0,0,0,0,46,0,0,0,0
zc,WS301,2012-06-20 09:01:22.743,2533.0000,427186,0,0.0000,8.0000,4,4,空换,S,2533.0000,0.0000,0.0000,0.0000,0.0000,2534.0000,0.0000,0.0000,0.0000,0.0000,130,0,0,0,0,46,0,0,0,0
zc,WS301,2012-06-20 09:01:23.210,2534.0000,427186,0,0.0000,18.0000,9,9,多换,B,2533.0000,0.0000,0.0000,0.0000,0.0000,2534.0000,0.0000,0.0000,0.0000,0.0000,141,0,0,0,0,51,0,0,0,0
zc,WS301,2012-06-20 09:01:23.993,2533.0000,427178,-8,0.0000,316.0000,154,162,多平,S,2532.0000,0.0000,0.0000,0.0000,0.0000,2533.0000,0.0000,0.0000,0.0000,0.0000,188,0,0,0,0,99,0,0,0,0
zc,WS301,2012-06-20 09:01:24.447,2533.0000,427170,-8,0.0000,18.0000,5,13,多平,S,2532.0000,0.0000,0.0000,0.0000,0.0000,2533.0000,0.0000,0.0000,0.0000,0.0000,212,0,0,0,0,90,0,0,0,0
zc,WS301,2012-06-20 09:01:25.227,2533.0000,427164,-6,0.0000,190.0000,92,98,多平,S,2533.0000,0.0000,0.0000,0.0000,0.0000,2534.0000,0.0000,0.0000,0.0000,0.0000,52,0,0,0,0,59,0,0,0,0
zc,WS301,2012-06-20 09:01:25.710,2534.0000,427168,4,0.0000,4.0000,4,0,双开,B,2533.0000,0.0000,0.0000,0.0000,0.0000,2534.0000,0.0000,0.0000,0.0000,0.0000,107,0,0,0,0,56,0,0,0,0
zc,WS301,2012-06-20 09:01:26.460,2533.0000,427190,22,0.0000,26.0000,24,2,空开,S,2533.0000,0.0000,0.0000,0.0000,0.0000,2534.0000,0.0000,0.0000,0.0000,0.0000,106,0,0,0,0,53,0,0,0,0
zc,WS301,2012-06-20 09:01:26.913,2533.0000,427190,0,0.0000,22.0000,11,11,空换,S,2533.0000,0.0000,0.0000,0.0000,0.0000,2534.0000,0.0000,0.0000,0.0000,0.0000,96,0,0,0,0,53,0,0,0,0
zc,WS301,2012-06-20 09:01:27.710,2534.0000,427188,-2,0.0000,10.0000,4,6,空平,B,2533.0000,0.0000,0.0000,0.0000,0.0000,2534.0000,0.0000,0.0000,0.0000,0.0000,93,0,0,0,0,53,0,0,0,0
zc,WS301,2012-06-20 09:01:28.180,2534.0000,427188,0,0.0000,4.0000,2,2,多换,B,2533.0000,0.0000,0.0000,0.0000,0.0000,2534.0000,0.0000,0.0000,0.0000,0.0000,94,0,0,0,0,55,0,0,0,0
zc,WS301,2012-06-20 09:01:28.913,2534.0000,427188,0,0.0000,0.0000,0,0,多换,B,2533.0000,0.0000,0.0000,0.0000,0.0000,2534.0000,0.0000,0.0000,0.0000,0.0000,95,0,0,0,0,56,0,0,0,0
zc,WS301,2012-06-20 09:01:29.460,2534.0000,427188,0,0.0000,28.0000,14,14,多换,B,2533.0000,0.0000,0.0000,0.0000,0.0000,2534.0000,0.0000,0.0000,0.0000,0.0000,94,0,0,0,0,45,0,0,0,0
zc,WS301,2012-06-20 09:01:30.743,2534.0000,427188,0,0.0000,6.0000,3,3,多换,B,2533.0000,0.0000,0.0000,0.0000,0.0000,2534.0000,0.0000,0.0000,0.0000,0.0000,98,0,0,0,0,44,0,0,0,0
zc,WS301,2012-06-20 09:01:30.913,2534.0000,427188,0,0.0000,0.0000,0,0,多换,B,2533.0000,0.0000,0.0000,0.0000,0.0000,2534.0000,0.0000,0.0000,0.0000,0.0000,100,0,0,0,0,44,0,0,0,0
zc,WS301,2012-06-20 09:01:31.680,2534.0000,427188,0,0.0000,38.0000,19,19,多换,B,2533.0000,0.0000,0.0000,0.0000,0.0000,2534.0000,0.0000,0.0000,0.0000,0.0000,101,0,0,0,0,26,0,0,0,0
zc,WS301,2012-06-20 09:01:32.227,2534.0000,427188,0,0.0000,2.0000,1,1,多换,B,2533.0000,0.0000,0.0000,0.0000,0.0000,2534.0000,0.0000,0.0000,0.0000,0.0000,125,0,0,0,0,25,0,0,0,0
zc,WS301,2012-06-20 09:01:33.210,2534.0000,427188,0,0.0000,64.0000,32,32,多换,B,2533.0000,0.0000,0.0000,0.0000,0.0000,2534.0000,0.0000,0.0000,0.0000,0.0000,140,0,0,0,0,2,0,0,0,0
zc,WS301,2012-06-20 09:01:33.447,2534.0000,427188,0,0.0000,8.0000,4,4,多换,B,2534.0000,0.0000,0.0000,0.0000,0.0000,2535.0000,0.0000,0.0000,0.0000,0.0000,16,0,0,0,0,101,0,0,0,0
zc,WS301,2012-06-20 09:01:34.460,2535.0000,427188,0,0.0000,4.0000,2,2,多换,B,2534.0000,0.0000,0.0000,0.0000,0.0000,2535.0000,0.0000,0.0000,0.0000,0.0000,32,0,0,0,0,101,0,0,0,0
zc,WS301,2012-06-20 09:01:35.227,2535.0000,427222,34,0.0000,82.0000,58,24,多开,B,2534.0000,0.0000,0.0000,0.0000,0.0000,2535.0000,0.0000,0.0000,0.0000,0.0000,35,0,0,0,0,62,0,0,0,0
zc,WS301,2012-06-20 09:01:35.897,2535.0000,427222,0,0.0000,0.0000,0,0,多换,B,2534.0000,0.0000,0.0000,0.0000,0.0000,2535.0000,0.0000,0.0000,0.0000,0.0000,38,0,0,0,0,62,0,0,0,0
zc,WS301,2012-06-20 09:01:36.447,2535.0000,427256,34,0.0000,132.0000,83,49,多开,B,2535.0000,0.0000,0.0000,0.0000,0.0000,2536.0000,0.0000,0.0000,0.0000,0.0000,36,0,0,0,0,8,0,0,0,0
zc,WS301,2012-06-20 09:01:37.210,2535.0000,427266,10,0.0000,14.0000,12,2,多开,B,2535.0000,0.0000,0.0000,0.0000,0.0000,2536.0000,0.0000,0.0000,0.0000,0.0000,29,0,0,0,0,29,0,0,0,0
zc,WS301,2012-06-20 09:01:37.727,2535.0000,427266,0,0.0000,0.0000,0,0,多换,B,2535.0000,0.0000,0.0000,0.0000,0.0000,2536.0000,0.0000,0.0000,0.0000,0.0000,32,0,0,0,0,30,0,0,0,0
zc,WS301,2012-06-20 09:01:38.447,2535.0000,427266,0,0.0000,0.0000,0,0,多换,B,2535.0000,0.0000,0.0000,0.0000,0.0000,2536.0000,0.0000,0.0000,0.0000,0.0000,33,0,0,0,0,32,0,0,0,0
zc,WS301,2012-06-20 09:01:38.947,2535.0000,427266,0,0.0000,6.0000,3,3,多换,B,2535.0000,0.0000,0.0000,0.0000,0.0000,2536.0000,0.0000,0.0000,0.0000,0.0000,32,0,0,0,0,32,0,0,0,0
zc,WS301,2012-06-20 09:01:39.727,2535.0000,427272,6,0.0000,10.0000,8,2,多开,B,2535.0000,0.0000,0.0000,0.0000,0.0000,2536.0000,0.0000,0.0000,0.0000,0.0000,27,0,0,0,0,36,0,0,0,0
zc,WS301,2012-06-20 09:01:40.460,2535.0000,427382,110,0.0000,276.0000,193,83,多开,B,2534.0000,0.0000,0.0000,0.0000,0.0000,2535.0000,0.0000,0.0000,0.0000,0.0000,135,0,0,0,0,7,0,0,0,0
zc,WS301,2012-06-20 09:01:41.227,2535.0000,427382,0,0.0000,8.0000,4,4,多换,B,2534.0000,0.0000,0.0000,0.0000,0.0000,2535.0000,0.0000,0.0000,0.0000,0.0000,136,0,0,0,0,6,0,0,0,0
zc,WS301,2012-06-20 09:01:41.743,2535.0000,427420,38,0.0000,42.0000,40,2,多开,B,2534.0000,0.0000,0.0000,0.0000,0.0000,2535.0000,0.0000,0.0000,0.0000,0.0000,136,0,0,0,0,11,0,0,0,0
zc,WS301,2012-06-20 09:01:42.493,2535.0000,427426,6,0.0000,6.0000,6,0,双开,B,2534.0000,0.0000,0.0000,0.0000,0.0000,2535.0000,0.0000,0.0000,0.0000,0.0000,136,0,0,0,0,18,0,0,0,0
zc,WS301,2012-06-20 09:01:42.993,2535.0000,427432,6,0.0000,6.0000,6,0,双开,B,2534.0000,0.0000,0.0000,0.0000,0.0000,2535.0000,0.0000,0.0000,0.0000,0.0000,136,0,0,0,0,16,0,0,0,0
zc,WS301,2012-06-20 09:01:43.743,2535.0000,427460,28,0.0000,40.0000,34,6,多开,B,2534.0000,0.0000,0.0000,0.0000,0.0000,2535.0000,0.0000,0.0000,0.0000,0.0000,137,0,0,0,0,22,0,0,0,0
zc,WS301,2012-06-20 09:01:44.180,2535.0000,427466,6,0.0000,40.0000,23,17,多开,B,2534.0000,0.0000,0.0000,0.0000,0.0000,2535.0000,0.0000,0.0000,0.0000,0.0000,138,0,0,0,0,12,0,0,0,0
zc,WS301,2012-06-20 09:01:45.210,2536.0000,427444,-22,0.0000,30.0000,4,26,空平,B,2535.0000,0.0000,0.0000,0.0000,0.0000,2536.0000,0.0000,0.0000,0.0000,0.0000,4,0,0,0,0,78,0,0,0,0
zc,WS301,2012-06-20 09:01:46.007,2535.0000,427446,2,0.0000,10.0000,6,4,空开,S,2535.0000,0.0000,0.0000,0.0000,0.0000,2536.0000,0.0000,0.0000,0.0000,0.0000,10,0,0,0,0,83,0,0,0,0
zc,WS301,2012-06-20 09:01:46.507,2536.0000,427436,-10,0.0000,12.0000,1,11,空平,B,2535.0000,0.0000,0.0000,0.0000,0.0000,2536.0000,0.0000,0.0000,0.0000,0.0000,14,0,0,0,0,83,0,0,0,0
zc,WS301,2012-06-20 09:01:46.947,2535.0000,427436,0,0.0000,28.0000,14,14,空换,S,2534.0000,0.0000,0.0000,0.0000,0.0000,2535.0000,0.0000,0.0000,0.0000,0.0000,140,0,0,0,0,6,0,0,0,0
zc,WS301,2012-06-20 09:01:47.680,2534.0000,427436,0,0.0000,4.0000,2,2,空换,S,2534.0000,0.0000,0.0000,0.0000,0.0000,2535.0000,0.0000,0.0000,0.0000,0.0000,138,0,0,0,0,6,0,0,0,0
zc,WS301,2012-06-20 09:01:48.180,2535.0000,427438,2,0.0000,28.0000,15,13,多开,B,2534.0000,0.0000,0.0000,0.0000,0.0000,2536.0000,0.0000,0.0000,0.0000,0.0000,137,0,0,0,0,83,0,0,0,0
zc,WS301,2012-06-20 09:01:48.930,2536.0000,427438,0,0.0000,2.0000,1,1,多换,B,2535.0000,0.0000,0.0000,0.0000,0.0000,2536.0000,0.0000,0.0000,0.0000,0.0000,5,0,0,0,0,82,0,0,0,0
zc,WS301,2012-06-20 09:01:49.460,2536.0000,427438,0,0.0000,4.0000,2,2,多换,B,2535.0000,0.0000,0.0000,0.0000,0.0000,2536.0000,0.0000,0.0000,0.0000,0.0000,28,0,0,0,0,75,0,0,0,0
zc,WS301,2012-06-20 09:01:50.023,2535.0000,427438,0,0.0000,12.0000,6,6,空换,S,2535.0000,0.0000,0.0000,0.0000,0.0000,2536.0000,0.0000,0.0000,0.0000,0.0000,22,0,0,0,0,106,0,0,0,0
zc,WS301,2012-06-20 09:01:50.430,2535.0000,427438,0,0.0000,4.0000,2,2,空换,S,2535.0000,0.0000,0.0000,0.0000,0.0000,2536.0000,0.0000,0.0000,0.0000,0.0000,23,0,0,0,0,110,0,0,0,0
zc,WS301,2012-06-20 09:01:51.257,2536.0000,427480,42,0.0000,52.0000,47,5,多开,B,2535.0000,0.0000,0.0000,0.0000,0.0000,2536.0000,0.0000,0.0000,0.0000,0.0000,1,0,0,0,0,108,0,0,0,0
zc,WS301,2012-06-20 09:01:51.727,2536.0000,427480,0,0.0000,0.0000,0,0,多换,B,2535.0000,0.0000,0.0000,0.0000,0.0000,2536.0000,0.0000,0.0000,0.0000,0.0000,3,0,0,0,0,108,0,0,0,0
zc,WS301,2012-06-20 09:01:52.210,2535.0000,427486,6,0.0000,8.0000,7,1,空开,S,2535.0000,0.0000,0.0000,0.0000,0.0000,2536.0000,0.0000,0.0000,0.0000,0.0000,12,0,0,0,0,107,0,0,0,0
zc,WS301,2012-06-20 09:01:52.960,2534.0000,427498,12,0.0000,68.0000,40,28,空开,S,2534.0000,0.0000,0.0000,0.0000,0.0000,2536.0000,0.0000,0.0000,0.0000,0.0000,131,0,0,0,0,129,0,0,0,0
zc,WS301,2012-06-20 09:01:53.757,2535.0000,427500,2,0.0000,14.0000,8,6,多开,B,2535.0000,0.0000,0.0000,0.0000,0.0000,2536.0000,0.0000,0.0000,0.0000,0.0000,4,0,0,0,0,125,0,0,0,0
zc,WS301,2012-06-20 09:01:54.477,2536.0000,427498,-2,0.0000,12.0000,5,7,空平,B,2535.0000,0.0000,0.0000,0.0000,0.0000,2536.0000,0.0000,0.0000,0.0000,0.0000,1,0,0,0,0,120,0,0,0,0
zc,WS301,2012-06-20 09:01:54.947,2535.0000,427498,0,0.0000,2.0000,1,1,空换,S,2534.0000,0.0000,0.0000,0.0000,0.0000,2535.0000,0.0000,0.0000,0.0000,0.0000,133,0,0,0,0,1,0,0,0,0
zc,WS301,2012-06-20 09:01:55.680,2535.0000,427506,8,0.0000,8.0000,8,0,双开,S,2534.0000,0.0000,0.0000,0.0000,0.0000,2535.0000,0.0000,0.0000,0.0000,0.0000,130,0,0,0,0,101,0,0,0,0
zc,WS301,2012-06-20 09:01:56.180,2535.0000,427642,136,0.0000,136.0000,136,0,双开,S,2534.0000,0.0000,0.0000,0.0000,0.0000,2535.0000,0.0000,0.0000,0.0000,0.0000,130,0,0,0,0,33,0,0,0,0
zc,WS301,2012-06-20 09:01:56.930,2534.0000,427644,2,0.0000,4.0000,3,1,空开,S,2534.0000,0.0000,0.0000,0.0000,0.0000,2535.0000,0.0000,0.0000,0.0000,0.0000,195,0,0,0,0,34,0,0,0,0
zc,WS301,2012-06-20 09:01:57.460,2534.0000,427644,0,0.0000,0.0000,0,0,空换,S,2534.0000,0.0000,0.0000,0.0000,0.0000,2535.0000,0.0000,0.0000,0.0000,0.0000,206,0,0,0,0,37,0,0,0,0
zc,WS301,2012-06-20 09:01:57.867,2535.0000,427702,58,0.0000,320.0000,189,131,多开,B,2534.0000,0.0000,0.0000,0.0000,0.0000,2535.0000,0.0000,0.0000,0.0000,0.0000,76,0,0,0,0,7,0,0,0,0
zc,WS301,2012-06-20 09:01:58.197,2535.0000,427706,4,0.0000,20.0000,12,8,多开,B,2535.0000,0.0000,0.0000,0.0000,0.0000,2536.0000,0.0000,0.0000,0.0000,0.0000,5,0,0,0,0,133,0,0,0,0
zc,WS301,2012-06-20 09:01:58.743,2535.0000,427706,0,0.0000,16.0000,8,8,多换,B,2534.0000,0.0000,0.0000,0.0000,0.0000,2535.0000,0.0000,0.0000,0.0000,0.0000,77,0,0,0,0,9,0,0,0,0
zc,WS301,2012-06-20 09:01:59.493,2536.0000,427698,-8,0.0000,26.0000,9,17,空平,B,2535.0000,0.0000,0.0000,0.0000,0.0000,2536.0000,0.0000,0.0000,0.0000,0.0000,3,0,0,0,0,132,0,0,0,0
zc,WS301,2012-06-20 09:01:59.977,2535.0000,427698,0,0.0000,24.0000,12,12,空换,S,2534.0000,0.0000,0.0000,0.0000,0.0000,2535.0000,0.0000,0.0000,0.0000,0.0000,78,0,0,0,0,11,0,0,0,0
zc,WS301,2012-06-20 09:02:00.977,2534.0000,427698,0,0.0000,36.0000,18,18,空换,S,2534.0000,0.0000,0.0000,0.0000,0.0000,2535.0000,0.0000,0.0000,0.0000,0.0000,74,0,0,0,0,57,0,0,0,0
zc,WS301,2012-06-20 09:02:01.460,2535.0000,427698,0,0.0000,26.0000,13,13,多换,B,2534.0000,0.0000,0.0000,0.0000,0.0000,2535.0000,0.0000,0.0000,0.0000,0.0000,75,0,0,0,0,44,0,0,0,0
zc,WS301,2012-06-20 09:02:02.493,2535.0000,427734,36,0.0000,276.0000,156,120,多开,B,2534.0000,0.0000,0.0000,0.0000,0.0000,2535.0000,0.0000,0.0000,0.0000,0.0000,4,0,0,0,0,28,0,0,0,0
zc,WS301,2012-06-20 09:02:02.947,2535.0000,427734,0,0.0000,0.0000,0,0,多换,B,2534.0000,0.0000,0.0000,0.0000,0.0000,2535.0000,0.0000,0.0000,0.0000,0.0000,5,0,0,0,0,36,0,0,0,0
zc,WS301,2012-06-20 09:02:03.430,2535.0000,427736,2,0.0000,2.0000,2,0,双开,B,2534.0000,0.0000,0.0000,0.0000,0.0000,2535.0000,0.0000,0.0000,0.0000,0.0000,6,0,0,0,0,37,0,0,0,0
zc,WS301,2012-06-20 09:02:03.960,2535.0000,427748,12,0.0000,12.0000,12,0,双开,B,2534.0000,0.0000,0.0000,0.0000,0.0000,2535.0000,0.0000,0.0000,0.0000,0.0000,8,0,0,0,0,74,0,0,0,0
zc,WS301,2012-06-20 09:02:04.680,2534.0000,427750,2,0.0000,4.0000,3,1,空开,S,2534.0000,0.0000,0.0000,0.0000,0.0000,2535.0000,0.0000,0.0000,0.0000,0.0000,8,0,0,0,0,77,0,0,0,0
zc,WS301,2012-06-20 09:02:05.507,2534.0000,427750,0,0.0000,0.0000,0,0,空换,S,2534.0000,0.0000,0.0000,0.0000,0.0000,2535.0000,0.0000,0.0000,0.0000,0.0000,9,0,0,0,0,84,0,0,0,0
zc,WS301,2012-06-20 09:02:06.227,2534.0000,427750,0,0.0000,0.0000,0,0,空换,S,2534.0000,0.0000,0.0000,0.0000,0.0000,2535.0000,0.0000,0.0000,0.0000,0.0000,10,0,0,0,0,84,0,0,0,0
zc,WS301,2012-06-20 09:02:06.710,2534.0000,427750,0,0.0000,30.0000,15,15,空换,S,2534.0000,0.0000,0.0000,0.0000,0.0000,2535.0000,0.0000,0.0000,0.0000,0.0000,54,0,0,0,0,84,0,0,0,0
zc,WS301,2012-06-20 09:02:07.507,2534.0000,427792,42,0.0000,42.0000,42,0,双开,S,2534.0000,0.0000,0.0000,0.0000,0.0000,2535.0000,0.0000,0.0000,0.0000,0.0000,50,0,0,0,0,84,0,0,0,0
zc,WS301,2012-06-20 09:02:08.023,2535.0000,427796,4,0.0000,4.0000,4,0,双开,B,2534.0000,0.0000,0.0000,0.0000,0.0000,2535.0000,0.0000,0.0000,0.0000,0.0000,49,0,0,0,0,86,0,0,0,0
zc,WS301,2012-06-20 09:02:08.727,2535.0000,427796,0,0.0000,2.0000,1,1,多换,B,2534.0000,0.0000,0.0000,0.0000,0.0000,2535.0000,0.0000,0.0000,0.0000,0.0000,50,0,0,0,0,87,0,0,0,0
zc,WS301,2012-06-20 09:02:09.197,2534.0000,427796,0,0.0000,20.0000,10,10,空换,S,2534.0000,0.0000,0.0000,0.0000,0.0000,2535.0000,0.0000,0.0000,0.0000,0.0000,143,0,0,0,0,86,0,0,0,0
zc,WS301,2012-06-20 09:02:10.210,2534.0000,427796,0,0.0000,44.0000,22,22,空换,S,2534.0000,0.0000,0.0000,0.0000,0.0000,2535.0000,0.0000,0.0000,0.0000,0.0000,122,0,0,0,0,87,0,0,0,0
zc,WS301,2012-06-20 09:02:10.477,2534.0000,427796,0,0.0000,0.0000,0,0,空换,S,2534.0000,0.0000,0.0000,0.0000,0.0000,2535.0000,0.0000,0.0000,0.0000,0.0000,125,0,0,0,0,87,0,0,0,0
zc,WS301,2012-06-20 09:02:11.477,2535.0000,427814,18,0.0000,82.0000,50,32,多开,B,2534.0000,0.0000,0.0000,0.0000,0.0000,2535.0000,0.0000,0.0000,0.0000,0.0000,133,0,0,0,0,50,0,0,0,0
zc,WS301,2012-06-20 09:02:11.960,2535.0000,427814,0,0.0000,36.0000,18,18,多换,B,2534.0000,0.0000,0.0000,0.0000,0.0000,2535.0000,0.0000,0.0000,0.0000,0.0000,233,0,0,0,0,33,0,0,0,0
zc,WS301,2012-06-20 09:02:12.727,2535.0000,427814,0,0.0000,6.0000,3,3,多换,B,2534.0000,0.0000,0.0000,0.0000,0.0000,2535.0000,0.0000,0.0000,0.0000,0.0000,233,0,0,0,0,38,0,0,0,0
zc,WS301,2012-06-20 09:02:13.197,2534.0000,427814,0,0.0000,2.0000,1,1,空换,S,2534.0000,0.0000,0.0000,0.0000,0.0000,2535.0000,0.0000,0.0000,0.0000,0.0000,232,0,0,0,0,40,0,0,0,0
zc,WS301,2012-06-20 09:02:13.930,2535.0000,427814,0,0.0000,8.0000,4,4,多换,B,2534.0000,0.0000,0.0000,0.0000,0.0000,2535.0000,0.0000,0.0000,0.0000,0.0000,232,0,0,0,0,36,0,0,0,0
zc,WS301,2012-06-20 09:02:14.477,2535.0000,427814,0,0.0000,10.0000,5,5,多换,B,2534.0000,0.0000,0.0000,0.0000,0.0000,2535.0000,0.0000,0.0000,0.0000,0.0000,231,0,0,0,0,33,0,0,0,0
zc,WS301,2012-06-20 09:02:14.930,2535.0000,427812,-2,0.0000,18.0000,8,10,空平,B,2534.0000,0.0000,0.0000,0.0000,0.0000,2535.0000,0.0000,0.0000,0.0000,0.0000,252,0,0,0,0,24,0,0,0,0
zc,WS301,2012-06-20 09:02:15.460,2535.0000,427772,-40,0.0000,50.0000,5,45,空平,B,2535.0000,0.0000,0.0000,0.0000,0.0000,2536.0000,0.0000,0.0000,0.0000,0.0000,13,0,0,0,0,145,0,0,0,0
zc,WS301,2012-06-20 09:02:16.133,2535.0000,427770,-2,0.0000,2.0000,0,2,双平,B,2535.0000,0.0000,0.0000,0.0000,0.0000,2536.0000,0.0000,0.0000,0.0000,0.0000,13,0,0,0,0,147,0,0,0,0
zc,WS301,2012-06-20 09:02:16.663,2535.0000,427770,0,0.0000,2.0000,1,1,多换,B,2535.0000,0.0000,0.0000,0.0000,0.0000,2536.0000,0.0000,0.0000,0.0000,0.0000,20,0,0,0,0,147,0,0,0,0
zc,WS301,2012-06-20 09:02:17.460,2535.0000,427768,-2,0.0000,2.0000,0,2,双平,B,2535.0000,0.0000,0.0000,0.0000,0.0000,2536.0000,0.0000,0.0000,0.0000,0.0000,19,0,0,0,0,145,0,0,0,0
zc,WS301,2012-06-20 09:02:18.210,2535.0000,427746,-22,0.0000,52.0000,15,37,空平,B,2535.0000,0.0000,0.0000,0.0000,0.0000,2536.0000,0.0000,0.0000,0.0000,0.0000,1,0,0,0,0,143,0,0,0,0
zc,WS301,2012-06-20 09:02:18.727,2535.0000,427746,0,0.0000,2.0000,1,1,多换,B,2534.0000,0.0000,0.0000,0.0000,0.0000,2535.0000,0.0000,0.0000,0.0000,0.0000,251,0,0,0,0,1,0,0,0,0
zc,WS301,2012-06-20 09:02:19.447,2535.0000,427744,-2,0.0000,6.0000,2,4,空平,B,2535.0000,0.0000,0.0000,0.0000,0.0000,2536.0000,0.0000,0.0000,0.0000,0.0000,1,0,0,0,0,145,0,0,0,0
zc,WS301,2012-06-20 09:02:19.960,2535.0000,427744,0,0.0000,12.0000,6,6,多换,B,2535.0000,0.0000,0.0000,0.0000,0.0000,2536.0000,0.0000,0.0000,0.0000,0.0000,4,0,0,0,0,145,0,0,0,0
zc,WS301,2012-06-20 09:02:20.460,2535.0000,427744,0,0.0000,2.0000,1,1,多换,B,2535.0000,0.0000,0.0000,0.0000,0.0000,2536.0000,0.0000,0.0000,0.0000,0.0000,58,0,0,0,0,138,0,0,0,0
zc,WS301,2012-06-20 09:02:20.897,2535.0000,427742,-2,0.0000,6.0000,2,4,空平,B,2535.0000,0.0000,0.0000,0.0000,0.0000,2536.0000,0.0000,0.0000,0.0000,0.0000,56,0,0,0,0,138,0,0,0,0
zc,WS301,2012-06-20 09:02:21.680,2535.0000,427802,60,0.0000,154.0000,107,47,多开,B,2534.0000,0.0000,0.0000,0.0000,0.0000,2535.0000,0.0000,0.0000,0.0000,0.0000,229,0,0,0,0,24,0,0,0,0
zc,WS301,2012-06-20 09:02:22.163,2535.0000,427850,48,0.0000,64.0000,56,8,多开,B,2535.0000,0.0000,0.0000,0.0000,0.0000,2536.0000,0.0000,0.0000,0.0000,0.0000,78,0,0,0,0,133,0,0,0,0
zc,WS301,2012-06-20 09:02:22.913,2535.0000,427850,0,0.0000,2.0000,1,1,多换,B,2535.0000,0.0000,0.0000,0.0000,0.0000,2536.0000,0.0000,0.0000,0.0000,0.0000,81,0,0,0,0,143,0,0,0,0
zc,WS301,2012-06-20 09:02:23.430,2535.0000,427850,0,0.0000,0.0000,0,0,多换,B,2535.0000,0.0000,0.0000,0.0000,0.0000,2536.0000,0.0000,0.0000,0.0000,0.0000,82,0,0,0,0,145,0,0,0,0
zc,WS301,2012-06-20 09:02:24.163,2535.0000,427850,0,0.0000,2.0000,1,1,多换,B,2535.0000,0.0000,0.0000,0.0000,0.0000,2536.0000,0.0000,0.0000,0.0000,0.0000,81,0,0,0,0,145,0,0,0,0
zc,WS301,2012-06-20 09:02:24.697,2535.0000,427850,0,0.0000,0.0000,0,0,多换,B,2535.0000,0.0000,0.0000,0.0000,0.0000,2536.0000,0.0000,0.0000,0.0000,0.0000,83,0,0,0,0,147,0,0,0,0
zc,WS301,2012-06-20 09:02:25.413,2536.0000,427850,0,0.0000,2.0000,1,1,多换,B,2535.0000,0.0000,0.0000,0.0000,0.0000,2536.0000,0.0000,0.0000,0.0000,0.0000,89,0,0,0,0,166,0,0,0,0
zc,WS301,2012-06-20 09:02:25.947,2535.0000,427858,8,0.0000,26.0000,17,9,空开,S,2535.0000,0.0000,0.0000,0.0000,0.0000,2536.0000,0.0000,0.0000,0.0000,0.0000,90,0,0,0,0,157,0,0,0,0
zc,WS301,2012-06-20 09:02:26.697,2535.0000,427858,0,0.0000,2.0000,1,1,空换,S,2535.0000,0.0000,0.0000,0.0000,0.0000,2536.0000,0.0000,0.0000,0.0000,0.0000,89,0,0,0,0,159,0,0,0,0
zc,WS301,2012-06-20 09:02:27.210,2535.0000,427858,0,0.0000,4.0000,2,2,空换,S,2535.0000,0.0000,0.0000,0.0000,0.0000,2536.0000,0.0000,0.0000,0.0000,0.0000,87,0,0,0,0,167,0,0,0,0
zc,WS301,2012-06-20 09:02:27.960,2535.0000,427858,0,0.0000,4.0000,2,2,空换,S,2535.0000,0.0000,0.0000,0.0000,0.0000,2536.0000,0.0000,0.0000,0.0000,0.0000,86,0,0,0,0,172,0,0,0,0
zc,WS301,2012-06-20 09:02:28.680,2535.0000,427858,0,0.0000,20.0000,10,10,空换,S,2535.0000,0.0000,0.0000,0.0000,0.0000,2536.0000,0.0000,0.0000,0.0000,0.0000,77,0,0,0,0,170,0,0,0,0
zc,WS301,2012-06-20 09:02:29.197,2536.0000,427860,2,0.0000,14.0000,8,6,多开,B,2535.0000,0.0000,0.0000,0.0000,0.0000,2536.0000,0.0000,0.0000,0.0000,0.0000,71,0,0,0,0,169,0,0,0,0
zc,WS301,2012-06-20 09:02:29.913,2535.0000,427860,0,0.0000,2.0000,1,1,空换,S,2535.0000,0.0000,0.0000,0.0000,0.0000,2536.0000,0.0000,0.0000,0.0000,0.0000,72,0,0,0,0,169,0,0,0,0
zc,WS301,2012-06-20 09:02:30.477,2535.0000,427866,6,0.0000,10.0000,8,2,空开,S,2535.0000,0.0000,0.0000,0.0000,0.0000,2536.0000,0.0000,0.0000,0.0000,0.0000,70,0,0,0,0,185,0,0,0,0
zc,WS301,2012-06-20 09:02:31.180,2535.0000,427866,0,0.0000,6.0000,3,3,空换,S,2535.0000,0.0000,0.0000,0.0000,0.0000,2536.0000,0.0000,0.0000,0.0000,0.0000,71,0,0,0,0,185,0,0,0,0
zc,WS301,2012-06-20 09:02:31.710,2535.0000,427866,0,0.0000,148.0000,74,74,空换,S,2534.0000,0.0000,0.0000,0.0000,0.0000,2535.0000,0.0000,0.0000,0.0000,0.0000,224,0,0,0,0,45,0,0,0,0
zc,WS301,2012-06-20 09:02:32.383,2535.0000,427866,0,0.0000,0.0000,0,0,空换,S,2534.0000,0.0000,0.0000,0.0000,0.0000,2535.0000,0.0000,0.0000,0.0000,0.0000,224,0,0,0,0,48,0,0,0,0
zc,WS301,2012-06-20 09:02:32.947,2535.0000,427864,-2,0.0000,216.0000,107,109,多平,S,2535.0000,0.0000,0.0000,0.0000,0.0000,2536.0000,0.0000,0.0000,0.0000,0.0000,17,0,0,0,0,139,0,0,0,0
zc,WS301,2012-06-20 09:02:33.680,2535.0000,427854,-10,0.0000,10.0000,0,10,双平,S,2535.0000,0.0000,0.0000,0.0000,0.0000,2536.0000,0.0000,0.0000,0.0000,0.0000,13,0,0,0,0,141,0,0,0,0
zc,WS301,2012-06-20 09:02:34.147,2535.0000,427854,0,0.0000,0.0000,0,0,空换,S,2535.0000,0.0000,0.0000,0.0000,0.0000,2536.0000,0.0000,0.0000,0.0000,0.0000,23,0,0,0,0,135,0,0,0,0
zc,WS301,2012-06-20 09:02:35.210,2535.0000,427832,-22,0.0000,72.0000,25,47,多平,S,2534.0000,0.0000,0.0000,0.0000,0.0000,2535.0000,0.0000,0.0000,0.0000,0.0000,222,0,0,0,0,16,0,0,0,0
zc,WS301,2012-06-20 09:02:35.743,2535.0000,427832,0,0.0000,2.0000,1,1,空换,S,2534.0000,0.0000,0.0000,0.0000,0.0000,2535.0000,0.0000,0.0000,0.0000,0.0000,226,0,0,0,0,87,0,0,0,0
zc,WS301,2012-06-20 09:02:36.507,2535.0000,427830,-2,0.0000,2.0000,0,2,双平,S,2534.0000,0.0000,0.0000,0.0000,0.0000,2535.0000,0.0000,0.0000,0.0000,0.0000,227,0,0,0,0,86,0,0,0,0
zc,WS301,2012-06-20 09:02:36.947,2535.0000,427850,20,0.0000,48.0000,34,14,空开,S,2534.0000,0.0000,0.0000,0.0000,0.0000,2535.0000,0.0000,0.0000,0.0000,0.0000,227,0,0,0,0,193,0,0,0,0
zc,WS301,2012-06-20 09:02:37.710,2534.0000,428178,328,0.0000,338.0000,333,5,空开,S,2534.0000,0.0000,0.0000,0.0000,0.0000,2535.0000,0.0000,0.0000,0.0000,0.0000,75,0,0,0,0,177,0,0,0,0
zc,WS301,2012-06-20 09:02:38.227,2533.0000,428350,172,0.0000,178.0000,175,3,空开,S,2533.0000,0.0000,0.0000,0.0000,0.0000,2534.0000,0.0000,0.0000,0.0000,0.0000,208,0,0,0,0,47,0,0,0,0
zc,WS301,2012-06-20 09:02:38.947,2535.0000,428566,216,0.0000,342.0000,279,63,多开,B,2533.0000,0.0000,0.0000,0.0000,0.0000,2535.0000,0.0000,0.0000,0.0000,0.0000,193,0,0,0,0,128,0,0,0,0
zc,WS301,2012-06-20 09:02:39.430,2535.0000,428576,10,0.0000,54.0000,32,22,多开,B,2535.0000,0.0000,0.0000,0.0000,0.0000,2536.0000,0.0000,0.0000,0.0000,0.0000,6,0,0,0,0,160,0,0,0,0
zc,WS301,2012-06-20 09:02:39.930,2535.0000,428576,0,0.0000,12.0000,6,6,多换,B,2534.0000,0.0000,0.0000,0.0000,0.0000,2535.0000,0.0000,0.0000,0.0000,0.0000,2,0,0,0,0,66,0,0,0,0
zc,WS301,2012-06-20 09:02:40.663,2533.0000,428572,-4,0.0000,20.0000,8,12,多平,S,2533.0000,0.0000,0.0000,0.0000,0.0000,2535.0000,0.0000,0.0000,0.0000,0.0000,195,0,0,0,0,66,0,0,0,0
zc,WS301,2012-06-20 09:02:41.397,2533.0000,428572,0,0.0000,8.0000,4,4,空换,S,2534.0000,0.0000,0.0000,0.0000,0.0000,2535.0000,0.0000,0.0000,0.0000,0.0000,8,0,0,0,0,67,0,0,0,0
zc,WS301,2012-06-20 09:02:41.930,2535.0000,428584,12,0.0000,12.0000,12,0,双开,B,2534.0000,0.0000,0.0000,0.0000,0.0000,2535.0000,0.0000,0.0000,0.0000,0.0000,10,0,0,0,0,88,0,0,0,0
zc,WS301,2012-06-20 09:02:42.633,2534.0000,428584,0,0.0000,2.0000,1,1,空换,S,2534.0000,0.0000,0.0000,0.0000,0.0000,2535.0000,0.0000,0.0000,0.0000,0.0000,40,0,0,0,0,88,0,0,0,0
zc,WS301,2012-06-20 09:02:43.147,2535.0000,428594,10,0.0000,12.0000,11,1,多开,B,2534.0000,0.0000,0.0000,0.0000,0.0000,2535.0000,0.0000,0.0000,0.0000,0.0000,39,0,0,0,0,83,0,0,0,0
zc,WS301,2012-06-20 09:02:43.897,2535.0000,428634,40,0.0000,44.0000,42,2,多开,B,2534.0000,0.0000,0.0000,0.0000,0.0000,2535.0000,0.0000,0.0000,0.0000,0.0000,37,0,0,0,0,63,0,0,0,0
zc,WS301,2012-06-20 09:02:44.430,2535.0000,428644,10,0.0000,10.0000,10,0,双开,B,2534.0000,0.0000,0.0000,0.0000,0.0000,2535.0000,0.0000,0.0000,0.0000,0.0000,37,0,0,0,0,59,0,0,0,0
zc,WS301,2012-06-20 09:02:45.180,2534.0000,428646,2,0.0000,2.0000,2,0,双开,S,2534.0000,0.0000,0.0000,0.0000,0.0000,2535.0000,0.0000,0.0000,0.0000,0.0000,36,0,0,0,0,62,0,0,0,0
zc,WS301,2012-06-20 09:02:45.947,2535.0000,428648,2,0.0000,2.0000,2,0,双开,B,2534.0000,0.0000,0.0000,0.0000,0.0000,2535.0000,0.0000,0.0000,0.0000,0.0000,36,0,0,0,0,57,0,0,0,0
zc,WS301,2012-06-20 09:02:46.430,2535.0000,428708,60,0.0000,62.0000,61,1,多开,B,2534.0000,0.0000,0.0000,0.0000,0.0000,2535.0000,0.0000,0.0000,0.0000,0.0000,36,0,0,0,0,27,0,0,0,0
zc,WS301,2012-06-20 09:02:47.197,2535.0000,428708,0,0.0000,12.0000,6,6,多换,B,2534.0000,0.0000,0.0000,0.0000,0.0000,2535.0000,0.0000,0.0000,0.0000,0.0000,33,0,0,0,0,28,0,0,0,0
zc,WS301,2012-06-20 09:02:47.663,2535.0000,428708,0,0.0000,0.0000,0,0,多换,B,2534.0000,0.0000,0.0000,0.0000,0.0000,2535.0000,0.0000,0.0000,0.0000,0.0000,35,0,0,0,0,28,0,0,0,0
zc,WS301,2012-06-20 09:02:48.197,2535.0000,428708,0,0.0000,4.0000,2,2,多换,B,2534.0000,0.0000,0.0000,0.0000,0.0000,2535.0000,0.0000,0.0000,0.0000,0.0000,35,0,0,0,0,26,0,0,0,0
zc,WS301,2012-06-20 09:02:48.883,2535.0000,428708,0,0.0000,32.0000,16,16,多换,B,2534.0000,0.0000,0.0000,0.0000,0.0000,2535.0000,0.0000,0.0000,0.0000,0.0000,34,0,0,0,0,32,0,0,0,0
zc,WS301,2012-06-20 09:02:49.727,2535.0000,428710,2,0.0000,20.0000,11,9,多开,B,2534.0000,0.0000,0.0000,0.0000,0.0000,2535.0000,0.0000,0.0000,0.0000,0.0000,34,0,0,0,0,27,0,0,0,0
zc,WS301,2012-06-20 09:02:50.493,2535.0000,428720,10,0.0000,76.0000,43,33,多开,B,2535.0000,0.0000,0.0000,0.0000,0.0000,2536.0000,0.0000,0.0000,0.0000,0.0000,6,0,0,0,0,155,0,0,0,0
zc,WS301,2012-06-20 09:02:50.930,2535.0000,428720,0,0.0000,4.0000,2,2,多换,B,2535.0000,0.0000,0.0000,0.0000,0.0000,2536.0000,0.0000,0.0000,0.0000,0.0000,4,0,0,0,0,155,0,0,0,0
zc,WS301,2012-06-20 09:02:51.647,2535.0000,428720,0,0.0000,0.0000,0,0,多换,B,2535.0000,0.0000,0.0000,0.0000,0.0000,2536.0000,0.0000,0.0000,0.0000,0.0000,5,0,0,0,0,167,0,0,0,0
zc,WS301,2012-06-20 09:02:52.163,2535.0000,428720,0,0.0000,4.0000,2,2,多换,B,2535.0000,0.0000,0.0000,0.0000,0.0000,2536.0000,0.0000,0.0000,0.0000,0.0000,6,0,0,0,0,166,0,0,0,0
zc,WS301,2012-06-20 09:02:56.257,2534.0000,428716,-4,0.0000,48.0000,22,26,多平,S,2534.0000,0.0000,0.0000,0.0000,0.0000,2535.0000,0.0000,0.0000,0.0000,0.0000,54,0,0,0,0,41,0,0,0,0
zc,WS301,2012-06-20 09:02:57.007,2535.0000,428712,-4,0.0000,24.0000,10,14,空平,B,2534.0000,0.0000,0.0000,0.0000,0.0000,2535.0000,0.0000,0.0000,0.0000,0.0000,54,0,0,0,0,31,0,0,0,0
zc,WS301,2012-06-20 09:02:58.227,2535.0000,428688,-24,0.0000,34.0000,5,29,空平,B,2534.0000,0.0000,0.0000,0.0000,0.0000,2535.0000,0.0000,0.0000,0.0000,0.0000,46,0,0,0,0,45,0,0,0,0
zc,WS301,2012-06-20 09:02:58.913,2535.0000,428692,4,0.0000,24.0000,14,10,多开,B,2534.0000,0.0000,0.0000,0.0000,0.0000,2535.0000,0.0000,0.0000,0.0000,0.0000,46,0,0,0,0,46,0,0,0,0
zc,WS301,2012-06-20 09:02:59.477,2535.0000,428704,12,0.0000,26.0000,19,7,多开,B,2534.0000,0.0000,0.0000,0.0000,0.0000,2535.0000,0.0000,0.0000,0.0000,0.0000,46,0,0,0,0,34,0,0,0,0
zc,WS301,2012-06-20 09:03:00.210,2534.0000,428702,-2,0.0000,2.0000,0,2,双平,S,2534.0000,0.0000,0.0000,0.0000,0.0000,2535.0000,0.0000,0.0000,0.0000,0.0000,49,0,0,0,0,35,0,0,0,0
zc,WS301,2012-06-20 09:03:00.727,2535.0000,428704,2,0.0000,2.0000,2,0,双开,B,2534.0000,0.0000,0.0000,0.0000,0.0000,2535.0000,0.0000,0.0000,0.0000,0.0000,49,0,0,0,0,35,0,0,0,0
zc,WS301,2012-06-20 09:03:01.460,2534.0000,428702,-2,0.0000,2.0000,0,2,双平,S,2534.0000,0.0000,0.0000,0.0000,0.0000,2535.0000,0.0000,0.0000,0.0000,0.0000,48,0,0,0,0,45,0,0,0,0
zc,WS301,2012-06-20 09:03:01.710,2534.0000,428662,-40,0.0000,96.0000,28,68,多平,S,2533.0000,0.0000,0.0000,0.0000,0.0000,2534.0000,0.0000,0.0000,0.0000,0.0000,346,0,0,0,0,33,0,0,0,0
zc,WS301,2012-06-20 09:03:02.570,2534.0000,428662,0,0.0000,2.0000,1,1,空换,S,2533.0000,0.0000,0.0000,0.0000,0.0000,2534.0000,0.0000,0.0000,0.0000,0.0000,346,0,0,0,0,32,0,0,0,0
zc,WS301,2012-06-20 09:03:02.960,2534.0000,428662,0,0.0000,10.0000,5,5,空换,S,2533.0000,0.0000,0.0000,0.0000,0.0000,2534.0000,0.0000,0.0000,0.0000,0.0000,345,0,0,0,0,27,0,0,0,0
zc,WS301,2012-06-20 09:03:03.663,2535.0000,428610,-52,0.0000,56.0000,2,54,空平,B,2534.0000,0.0000,0.0000,0.0000,0.0000,2535.0000,0.0000,0.0000,0.0000,0.0000,107,0,0,0,0,48,0,0,0,0
zc,WS301,2012-06-20 09:03:04.133,2535.0000,428610,0,0.0000,0.0000,0,0,多换,B,2534.0000,0.0000,0.0000,0.0000,0.0000,2535.0000,0.0000,0.0000,0.0000,0.0000,177,0,0,0,0,49,0,0,0,0
zc,WS301,2012-06-20 09:03:05.227,2534.0000,428610,0,0.0000,8.0000,4,4,空换,S,2534.0000,0.0000,0.0000,0.0000,0.0000,2535.0000,0.0000,0.0000,0.0000,0.0000,175,0,0,0,0,46,0,0,0,0
zc,WS301,2012-06-20 09:03:05.710,2535.0000,428632,22,0.0000,110.0000,66,44,多开,B,2535.0000,0.0000,0.0000,0.0000,0.0000,2536.0000,0.0000,0.0000,0.0000,0.0000,56,0,0,0,0,160,0,0,0,0
zc,WS301,2012-06-20 09:03:06.697,2535.0000,428632,0,0.0000,0.0000,0,0,多换,B,2535.0000,0.0000,0.0000,0.0000,0.0000,2536.0000,0.0000,0.0000,0.0000,0.0000,56,0,0,0,0,167,0,0,0,0
zc,WS301,2012-06-20 09:03:07.523,2535.0000,428704,72,0.0000,116.0000,94,22,多开,B,2534.0000,0.0000,0.0000,0.0000,0.0000,2535.0000,0.0000,0.0000,0.0000,0.0000,170,0,0,0,0,30,0,0,0,0
zc,WS301,2012-06-20 09:03:08.227,2535.0000,428706,2,0.0000,2.0000,2,0,双开,B,2534.0000,0.0000,0.0000,0.0000,0.0000,2535.0000,0.0000,0.0000,0.0000,0.0000,170,0,0,0,0,31,0,0,0,0
zc,WS301,2012-06-20 09:03:09.447,2535.0000,428708,2,0.0000,4.0000,3,1,多开,B,2534.0000,0.0000,0.0000,0.0000,0.0000,2535.0000,0.0000,0.0000,0.0000,0.0000,169,0,0,0,0,75,0,0,0,0
zc,WS301,2012-06-20 09:03:09.993,2535.0000,428860,152,0.0000,156.0000,154,2,多开,B,2535.0000,0.0000,0.0000,0.0000,0.0000,2536.0000,0.0000,0.0000,0.0000,0.0000,22,0,0,0,0,178,0,0,0,0
zc,WS301,2012-06-20 09:03:10.727,2535.0000,428860,0,0.0000,0.0000,0,0,多换,B,2535.0000,0.0000,0.0000,0.0000,0.0000,2536.0000,0.0000,0.0000,0.0000,0.0000,72,0,0,0,0,178,0,0,0,0
zc,WS301,2012-06-20 09:03:11.493,2535.0000,429018,158,0.0000,158.0000,158,0,双开,B,2534.0000,0.0000,0.0000,0.0000,0.0000,2535.0000,0.0000,0.0000,0.0000,0.0000,169,0,0,0,0,111,0,0,0,0
zc,WS301,2012-06-20 09:03:11.977,2535.0000,429018,0,0.0000,0.0000,0,0,多换,B,2534.0000,0.0000,0.0000,0.0000,0.0000,2535.0000,0.0000,0.0000,0.0000,0.0000,169,0,0,0,0,112,0,0,0,0
zc,WS301,2012-06-20 09:03:12.570,2535.0000,429224,206,0.0000,206.0000,206,0,双开,B,2534.0000,0.0000,0.0000,0.0000,0.0000,2535.0000,0.0000,0.0000,0.0000,0.0000,170,0,0,0,0,9,0,0,0,0
zc,WS301,2012-06-20 09:03:13.523,2535.0000,429226,2,0.0000,2.0000,2,0,双开,B,2534.0000,0.0000,0.0000,0.0000,0.0000,2535.0000,0.0000,0.0000,0.0000,0.0000,100,0,0,0,0,11,0,0,0,0
zc,WS301,2012-06-20 09:03:13.993,2535.0000,429228,2,0.0000,2.0000,2,0,双开,B,2534.0000,0.0000,0.0000,0.0000,0.0000,2535.0000,0.0000,0.0000,0.0000,0.0000,101,0,0,0,0,12,0,0,0,0
zc,WS301,2012-06-20 09:03:14.773,2535.0000,429244,16,0.0000,24.0000,20,4,多开,B,2534.0000,0.0000,0.0000,0.0000,0.0000,2535.0000,0.0000,0.0000,0.0000,0.0000,100,0,0,0,0,36,0,0,0,0
zc,WS301,2012-06-20 09:03:15.210,2534.0000,429232,-12,0.0000,12.0000,0,12,双平,S,2534.0000,0.0000,0.0000,0.0000,0.0000,2535.0000,0.0000,0.0000,0.0000,0.0000,94,0,0,0,0,37,0,0,0,0
zc,WS301,2012-06-20 09:03:15.913,2535.0000,429232,0,0.0000,4.0000,2,2,多换,B,2534.0000,0.0000,0.0000,0.0000,0.0000,2535.0000,0.0000,0.0000,0.0000,0.0000,93,0,0,0,0,35,0,0,0,0
zc,WS301,2012-06-20 09:03:16.413,2535.0000,429232,0,0.0000,2.0000,1,1,多换,B,2534.0000,0.0000,0.0000,0.0000,0.0000,2535.0000,0.0000,0.0000,0.0000,0.0000,93,0,0,0,0,76,0,0,0,0
zc,WS301,2012-06-20 09:03:17.227,2535.0000,429232,0,0.0000,2.0000,1,1,多换,B,2534.0000,0.0000,0.0000,0.0000,0.0000,2535.0000,0.0000,0.0000,0.0000,0.0000,93,0,0,0,0,95,0,0,0,0
zc,WS301,2012-06-20 09:03:17.663,2534.0000,429230,-2,0.0000,2.0000,0,2,双平,S,2534.0000,0.0000,0.0000,0.0000,0.0000,2535.0000,0.0000,0.0000,0.0000,0.0000,122,0,0,0,0,97,0,0,0,0
zc,WS301,2012-06-20 09:03:18.447,2534.0000,429230,0,0.0000,0.0000,0,0,空换,S,2534.0000,0.0000,0.0000,0.0000,0.0000,2535.0000,0.0000,0.0000,0.0000,0.0000,122,0,0,0,0,99,0,0,0,0
zc,WS301,2012-06-20 09:03:18.930,2535.0000,429228,-2,0.0000,2.0000,0,2,双平,B,2534.0000,0.0000,0.0000,0.0000,0.0000,2535.0000,0.0000,0.0000,0.0000,0.0000,142,0,0,0,0,100,0,0,0,0
zc,WS301,2012-06-20 09:03:19.710,2535.0000,429228,0,0.0000,0.0000,0,0,多换,B,2534.0000,0.0000,0.0000,0.0000,0.0000,2535.0000,0.0000,0.0000,0.0000,0.0000,142,0,0,0,0,170,0,0,0,0
zc,WS301,2012-06-20 09:03:20.447,2534.0000,429208,-20,0.0000,20.0000,0,20,双平,S,2534.0000,0.0000,0.0000,0.0000,0.0000,2535.0000,0.0000,0.0000,0.0000,0.0000,133,0,0,0,0,171,0,0,0,0
zc,WS301,2012-06-20 09:03:21.180,2534.0000,429208,0,0.0000,0.0000,0,0,空换,S,2534.0000,0.0000,0.0000,0.0000,0.0000,2535.0000,0.0000,0.0000,0.0000,0.0000,133,0,0,0,0,172,0,0,0,0
zc,WS301,2012-06-20 09:03:21.710,2534.0000,429206,-2,0.0000,2.0000,0,2,双平,S,2534.0000,0.0000,0.0000,0.0000,0.0000,2535.0000,0.0000,0.0000,0.0000,0.0000,132,0,0,0,0,172,0,0,0,0
zc,WS301,2012-06-20 09:03:22.413,2535.0000,429206,0,0.0000,6.0000,3,3,多换,B,2534.0000,0.0000,0.0000,0.0000,0.0000,2535.0000,0.0000,0.0000,0.0000,0.0000,132,0,0,0,0,171,0,0,0,0
zc,WS301,2012-06-20 09:03:22.897,2534.0000,429204,-2,0.0000,2.0000,0,2,双平,S,2534.0000,0.0000,0.0000,0.0000,0.0000,2535.0000,0.0000,0.0000,0.0000,0.0000,131,0,0,0,0,171,0,0,0,0
zc,WS301,2012-06-20 09:03:23.397,2534.0000,429204,0,0.0000,0.0000,0,0,空换,S,2534.0000,0.0000,0.0000,0.0000,0.0000,2535.0000,0.0000,0.0000,0.0000,0.0000,133,0,0,0,0,171,0,0,0,0
zc,WS301,2012-06-20 09:03:24.180,2535.0000,429204,0,0.0000,2.0000,1,1,多换,B,2534.0000,0.0000,0.0000,0.0000,0.0000,2535.0000,0.0000,0.0000,0.0000,0.0000,137,0,0,0,0,170,0,0,0,0
zc,WS301,2012-06-20 09:03:25.383,2534.0000,429188,-16,0.0000,16.0000,0,16,双平,S,2534.0000,0.0000,0.0000,0.0000,0.0000,2535.0000,0.0000,0.0000,0.0000,0.0000,129,0,0,0,0,172,0,0,0,0
zc,WS301,2012-06-20 09:03:26.697,2534.0000,429178,-10,0.0000,10.0000,0,10,双平,S,2534.0000,0.0000,0.0000,0.0000,0.0000,2535.0000,0.0000,0.0000,0.0000,0.0000,124,0,0,0,0,173,0,0,0,0
zc,WS301,2012-06-20 09:03:27.210,2534.0000,429178,0,0.0000,0.0000,0,0,空换,S,2534.0000,0.0000,0.0000,0.0000,0.0000,2535.0000,0.0000,0.0000,0.0000,0.0000,124,0,0,0,0,174,0,0,0,0
zc,WS301,2012-06-20 09:03:27.993,2534.0000,429178,0,0.0000,8.0000,4,4,空换,S,2534.0000,0.0000,0.0000,0.0000,0.0000,2535.0000,0.0000,0.0000,0.0000,0.0000,122,0,0,0,0,173,0,0,0,0
zc,WS301,2012-06-20 09:03:28.430,2534.0000,429178,0,0.0000,0.0000,0,0,空换,S,2534.0000,0.0000,0.0000,0.0000,0.0000,2535.0000,0.0000,0.0000,0.0000,0.0000,122,0,0,0,0,175,0,0,0,0
zc,WS301,2012-06-20 09:03:29.147,2534.0000,429112,-66,0.0000,66.0000,0,66,双平,S,2534.0000,0.0000,0.0000,0.0000,0.0000,2535.0000,0.0000,0.0000,0.0000,0.0000,89,0,0,0,0,175,0,0,0,0
zc,WS301,2012-06-20 09:03:29.633,2534.0000,429112,0,0.0000,0.0000,0,0,空换,S,2534.0000,0.0000,0.0000,0.0000,0.0000,2535.0000,0.0000,0.0000,0.0000,0.0000,89,0,0,0,0,176,0,0,0,0
zc,WS301,2012-06-20 09:03:30.163,2534.0000,429222,110,0.0000,160.0000,135,25,空开,S,2534.0000,0.0000,0.0000,0.0000,0.0000,2535.0000,0.0000,0.0000,0.0000,0.0000,9,0,0,0,0,176,0,0,0,0
zc,WS301,2012-06-20 09:03:30.930,2534.0000,429302,80,0.0000,144.0000,112,32,空开,S,2534.0000,0.0000,0.0000,0.0000,0.0000,2535.0000,0.0000,0.0000,0.0000,0.0000,8,0,0,0,0,122,0,0,0,0
zc,WS301,2012-06-20 09:03:31.493,2534.0000,429304,2,0.0000,4.0000,3,1,空开,S,2534.0000,0.0000,0.0000,0.0000,0.0000,2535.0000,0.0000,0.0000,0.0000,0.0000,6,0,0,0,0,123,0,0,0,0
zc,WS301,2012-06-20 09:03:32.210,2534.0000,429304,0,0.0000,8.0000,4,4,空换,S,2534.0000,0.0000,0.0000,0.0000,0.0000,2535.0000,0.0000,0.0000,0.0000,0.0000,2,0,0,0,0,127,0,0,0,0
zc,WS301,2012-06-20 09:03:32.680,2535.0000,429306,2,0.0000,22.0000,12,10,多开,B,2534.0000,0.0000,0.0000,0.0000,0.0000,2535.0000,0.0000,0.0000,0.0000,0.0000,154,0,0,0,0,116,0,0,0,0
zc,WS301,2012-06-20 09:03:33.430,2534.0000,429206,-100,0.0000,102.0000,1,101,多平,S,2534.0000,0.0000,0.0000,0.0000,0.0000,2535.0000,0.0000,0.0000,0.0000,0.0000,173,0,0,0,0,116,0,0,0,0
zc,WS301,2012-06-20 09:03:33.680,2534.0000,429204,-2,0.0000,14.0000,6,8,多平,S,2534.0000,0.0000,0.0000,0.0000,0.0000,2535.0000,0.0000,0.0000,0.0000,0.0000,172,0,0,0,0,110,0,0,0,0
zc,WS301,2012-06-20 09:03:34.430,2534.0000,429200,-4,0.0000,4.0000,0,4,双平,S,2534.0000,0.0000,0.0000,0.0000,0.0000,2535.0000,0.0000,0.0000,0.0000,0.0000,173,0,0,0,0,110,0,0,0,0
zc,WS301,2012-06-20 09:03:35.133,2534.0000,429200,0,0.0000,0.0000,0,0,空换,S,2534.0000,0.0000,0.0000,0.0000,0.0000,2535.0000,0.0000,0.0000,0.0000,0.0000,107,0,0,0,0,111,0,0,0,0
zc,WS301,2012-06-20 09:03:35.647,2534.0000,429200,0,0.0000,0.0000,0,0,空换,S,2534.0000,0.0000,0.0000,0.0000,0.0000,2535.0000,0.0000,0.0000,0.0000,0.0000,107,0,0,0,0,112,0,0,0,0
zc,WS301,2012-06-20 09:03:36.367,2535.0000,429200,0,0.0000,4.0000,2,2,多换,B,2534.0000,0.0000,0.0000,0.0000,0.0000,2535.0000,0.0000,0.0000,0.0000,0.0000,108,0,0,0,0,111,0,0,0,0
zc,WS301,2012-06-20 09:03:36.913,2535.0000,429200,0,0.0000,0.0000,0,0,多换,B,2534.0000,0.0000,0.0000,0.0000,0.0000,2535.0000,0.0000,0.0000,0.0000,0.0000,110,0,0,0,0,111,0,0,0,0
zc,WS301,2012-06-20 09:03:37.647,2535.0000,429200,0,0.0000,2.0000,1,1,多换,B,2534.0000,0.0000,0.0000,0.0000,0.0000,2535.0000,0.0000,0.0000,0.0000,0.0000,110,0,0,0,0,120,0,0,0,0
zc,WS301,2012-06-20 09:03:38.163,2535.0000,429198,-2,0.0000,10.0000,4,6,空平,B,2534.0000,0.0000,0.0000,0.0000,0.0000,2535.0000,0.0000,0.0000,0.0000,0.0000,109,0,0,0,0,117,0,0,0,0
zc,WS301,2012-06-20 09:03:38.633,2534.0000,429194,-4,0.0000,4.0000,0,4,双平,S,2534.0000,0.0000,0.0000,0.0000,0.0000,2535.0000,0.0000,0.0000,0.0000,0.0000,107,0,0,0,0,117,0,0,0,0
zc,WS301,2012-06-20 09:03:39.430,2534.0000,429194,0,0.0000,0.0000,0,0,空换,S,2534.0000,0.0000,0.0000,0.0000,0.0000,2535.0000,0.0000,0.0000,0.0000,0.0000,107,0,0,0,0,137,0,0,0,0
zc,WS301,2012-06-20 09:03:39.960,2535.0000,429094,-100,0.0000,106.0000,3,103,空平,B,2534.0000,0.0000,0.0000,0.0000,0.0000,2535.0000,0.0000,0.0000,0.0000,0.0000,56,0,0,0,0,136,0,0,0,0
zc,WS301,2012-06-20 09:03:40.647,2534.0000,429118,24,0.0000,148.0000,86,62,空开,S,2533.0000,0.0000,0.0000,0.0000,0.0000,2534.0000,0.0000,0.0000,0.0000,0.0000,348,0,0,0,0,74,0,0,0,0
zc,WS301,2012-06-20 09:03:41.133,2534.0000,429120,2,0.0000,2.0000,2,0,双开,S,2533.0000,0.0000,0.0000,0.0000,0.0000,2534.0000,0.0000,0.0000,0.0000,0.0000,348,0,0,0,0,73,0,0,0,0
zc,WS301,2012-06-20 09:03:41.913,2534.0000,429120,0,0.0000,134.0000,67,67,空换,S,2533.0000,0.0000,0.0000,0.0000,0.0000,2534.0000,0.0000,0.0000,0.0000,0.0000,347,0,0,0,0,17,0,0,0,0
zc,WS301,2012-06-20 09:03:42.460,2534.0000,429120,0,0.0000,0.0000,0,0,空换,S,2533.0000,0.0000,0.0000,0.0000,0.0000,2534.0000,0.0000,0.0000,0.0000,0.0000,347,0,0,0,0,20,0,0,0,0
zc,WS301,2012-06-20 09:03:43.147,2534.0000,429084,-36,0.0000,40.0000,2,38,多平,S,2534.0000,0.0000,0.0000,0.0000,0.0000,2535.0000,0.0000,0.0000,0.0000,0.0000,52,0,0,0,0,127,0,0,0,0
zc,WS301,2012-06-20 09:03:43.647,2534.0000,429084,0,0.0000,0.0000,0,0,空换,S,2534.0000,0.0000,0.0000,0.0000,0.0000,2535.0000,0.0000,0.0000,0.0000,0.0000,52,0,0,0,0,126,0,0,0,0
zc,WS301,2012-06-20 09:03:44.180,2534.0000,429084,0,0.0000,0.0000,0,0,空换,S,2534.0000,0.0000,0.0000,0.0000,0.0000,2535.0000,0.0000,0.0000,0.0000,0.0000,121,0,0,0,0,127,0,0,0,0
zc,WS301,2012-06-20 09:03:44.977,2535.0000,429084,0,0.0000,34.0000,17,17,多换,B,2534.0000,0.0000,0.0000,0.0000,0.0000,2535.0000,0.0000,0.0000,0.0000,0.0000,117,0,0,0,0,119,0,0,0,0
zc,WS301,2012-06-20 09:03:45.663,2535.0000,429084,0,0.0000,0.0000,0,0,多换,B,2534.0000,0.0000,0.0000,0.0000,0.0000,2535.0000,0.0000,0.0000,0.0000,0.0000,118,0,0,0,0,119,0,0,0,0
zc,WS301,2012-06-20 09:03:46.197,2534.0000,429080,-4,0.0000,4.0000,0,4,双平,S,2534.0000,0.0000,0.0000,0.0000,0.0000,2535.0000,0.0000,0.0000,0.0000,0.0000,118,0,0,0,0,119,0,0,0,0
zc,WS301,2012-06-20 09:03:46.913,2534.0000,429080,0,0.0000,0.0000,0,0,空换,S,2534.0000,0.0000,0.0000,0.0000,0.0000,2535.0000,0.0000,0.0000,0.0000,0.0000,123,0,0,0,0,120,0,0,0,0
zc,WS301,2012-06-20 09:03:47.447,2535.0000,429080,0,0.0000,10.0000,5,5,多换,B,2534.0000,0.0000,0.0000,0.0000,0.0000,2535.0000,0.0000,0.0000,0.0000,0.0000,123,0,0,0,0,116,0,0,0,0
zc,WS301,2012-06-20 09:03:47.930,2534.0000,429074,-6,0.0000,6.0000,0,6,双平,S,2534.0000,0.0000,0.0000,0.0000,0.0000,2535.0000,0.0000,0.0000,0.0000,0.0000,121,0,0,0,0,125,0,0,0,0
zc,WS301,2012-06-20 09:03:48.663,2534.0000,429072,-2,0.0000,2.0000,0,2,双平,S,2534.0000,0.0000,0.0000,0.0000,0.0000,2535.0000,0.0000,0.0000,0.0000,0.0000,121,0,0,0,0,125,0,0,0,0
zc,WS301,2012-06-20 09:03:49.197,2534.0000,429072,0,0.0000,0.0000,0,0,空换,S,2534.0000,0.0000,0.0000,0.0000,0.0000,2535.0000,0.0000,0.0000,0.0000,0.0000,122,0,0,0,0,121,0,0,0,0
zc,WS301,2012-06-20 09:03:49.960,2535.0000,429056,-16,0.0000,24.0000,4,20,空平,B,2534.0000,0.0000,0.0000,0.0000,0.0000,2535.0000,0.0000,0.0000,0.0000,0.0000,114,0,0,0,0,121,0,0,0,0
zc,WS301,2012-06-20 09:03:50.913,2534.0000,429046,-10,0.0000,10.0000,0,10,双平,S,2534.0000,0.0000,0.0000,0.0000,0.0000,2535.0000,0.0000,0.0000,0.0000,0.0000,109,0,0,0,0,124,0,0,0,0
zc,WS301,2012-06-20 09:03:51.413,2534.0000,429046,0,0.0000,2.0000,1,1,空换,S,2534.0000,0.0000,0.0000,0.0000,0.0000,2535.0000,0.0000,0.0000,0.0000,0.0000,114,0,0,0,0,128,0,0,0,0
zc,WS301,2012-06-20 09:03:52.197,2534.0000,429046,0,0.0000,0.0000,0,0,空换,S,2534.0000,0.0000,0.0000,0.0000,0.0000,2535.0000,0.0000,0.0000,0.0000,0.0000,124,0,0,0,0,128,0,0,0,0
zc,WS301,2012-06-20 09:03:52.710,2534.0000,429044,-2,0.0000,6.0000,2,4,多平,S,2534.0000,0.0000,0.0000,0.0000,0.0000,2535.0000,0.0000,0.0000,0.0000,0.0000,120,0,0,0,0,138,0,0,0,0
zc,WS301,2012-06-20 09:03:53.413,2534.0000,429044,0,0.0000,0.0000,0,0,空换,S,2534.0000,0.0000,0.0000,0.0000,0.0000,2535.0000,0.0000,0.0000,0.0000,0.0000,120,0,0,0,0,139,0,0,0,0
zc,WS301,2012-06-20 09:03:53.897,2534.0000,429044,0,0.0000,0.0000,0,0,空换,S,2534.0000,0.0000,0.0000,0.0000,0.0000,2535.0000,0.0000,0.0000,0.0000,0.0000,121,0,0,0,0,139,0,0,0,0
zc,WS301,2012-06-20 09:03:54.493,2535.0000,429146,102,0.0000,200.0000,151,49,多开,B,2534.0000,0.0000,0.0000,0.0000,0.0000,2535.0000,0.0000,0.0000,0.0000,0.0000,122,0,0,0,0,39,0,0,0,0
zc,WS301,2012-06-20 09:03:56.447,2534.0000,429144,-2,0.0000,6.0000,2,4,多平,S,2534.0000,0.0000,0.0000,0.0000,0.0000,2535.0000,0.0000,0.0000,0.0000,0.0000,127,0,0,0,0,39,0,0,0,0
zc,WS301,2012-06-20 09:03:56.913,2534.0000,429142,-2,0.0000,2.0000,0,2,双平,S,2534.0000,0.0000,0.0000,0.0000,0.0000,2535.0000,0.0000,0.0000,0.0000,0.0000,135,0,0,0,0,39,0,0,0,0
zc,WS301,2012-06-20 09:03:57.430,2535.0000,429142,0,0.0000,2.0000,1,1,多换,B,2534.0000,0.0000,0.0000,0.0000,0.0000,2535.0000,0.0000,0.0000,0.0000,0.0000,135,0,0,0,0,38,0,0,0,0
zc,WS301,2012-06-20 09:03:58.743,2535.0000,429142,0,0.0000,2.0000,1,1,多换,B,2534.0000,0.0000,0.0000,0.0000,0.0000,2535.0000,0.0000,0.0000,0.0000,0.0000,135,0,0,0,0,42,0,0,0,0
zc,WS301,2012-06-20 09:03:59.197,2534.0000,429138,-4,0.0000,6.0000,1,5,多平,S,2534.0000,0.0000,0.0000,0.0000,0.0000,2535.0000,0.0000,0.0000,0.0000,0.0000,133,0,0,0,0,51,0,0,0,0
zc,WS301,2012-06-20 09:03:59.680,2534.0000,429138,0,0.0000,0.0000,0,0,空换,S,2534.0000,0.0000,0.0000,0.0000,0.0000,2535.0000,0.0000,0.0000,0.0000,0.0000,135,0,0,0,0,53,0,0,0,0
zc,WS301,2012-06-20 09:04:00.413,2535.0000,429136,-2,0.0000,8.0000,3,5,空平,B,2534.0000,0.0000,0.0000,0.0000,0.0000,2535.0000,0.0000,0.0000,0.0000,0.0000,135,0,0,0,0,49,0,0,0,0
zc,WS301,2012-06-20 09:04:00.913,2535.0000,429136,0,0.0000,4.0000,2,2,多换,B,2534.0000,0.0000,0.0000,0.0000,0.0000,2535.0000,0.0000,0.0000,0.0000,0.0000,135,0,0,0,0,47,0,0,0,0
zc,WS301,2012-06-20 09:04:01.447,2535.0000,429104,-32,0.0000,40.0000,4,36,空平,B,2534.0000,0.0000,0.0000,0.0000,0.0000,2535.0000,0.0000,0.0000,0.0000,0.0000,137,0,0,0,0,27,0,0,0,0
zc,WS301,2012-06-20 09:04:01.930,2534.0000,429084,-20,0.0000,20.0000,0,20,双平,S,2534.0000,0.0000,0.0000,0.0000,0.0000,2535.0000,0.0000,0.0000,0.0000,0.0000,127,0,0,0,0,27,0,0,0,0
zc,WS301,2012-06-20 09:04:02.647,2534.0000,429044,-40,0.0000,42.0000,1,41,多平,S,2534.0000,0.0000,0.0000,0.0000,0.0000,2535.0000,0.0000,0.0000,0.0000,0.0000,109,0,0,0,0,26,0,0,0,0
zc,WS301,2012-06-20 09:04:03.180,2535.0000,429044,0,0.0000,16.0000,8,8,多换,B,2534.0000,0.0000,0.0000,0.0000,0.0000,2535.0000,0.0000,0.0000,0.0000,0.0000,109,0,0,0,0,18,0,0,0,0
zc,WS301,2012-06-20 09:04:04.007,2535.0000,429044,0,0.0000,0.0000,0,0,多换,B,2534.0000,0.0000,0.0000,0.0000,0.0000,2535.0000,0.0000,0.0000,0.0000,0.0000,110,0,0,0,0,18,0,0,0,0
zc,WS301,2012-06-20 09:04:04.460,2534.0000,429044,0,0.0000,6.0000,3,3,空换,S,2534.0000,0.0000,0.0000,0.0000,0.0000,2535.0000,0.0000,0.0000,0.0000,0.0000,107,0,0,0,0,18,0,0,0,0
zc,WS301,2012-06-20 09:04:05.180,2534.0000,429044,0,0.0000,0.0000,0,0,空换,S,2534.0000,0.0000,0.0000,0.0000,0.0000,2535.0000,0.0000,0.0000,0.0000,0.0000,107,0,0,0,0,19,0,0,0,0
zc,WS301,2012-06-20 09:04:05.663,2534.0000,429044,0,0.0000,0.0000,0,0,空换,S,2534.0000,0.0000,0.0000,0.0000,0.0000,2535.0000,0.0000,0.0000,0.0000,0.0000,108,0,0,0,0,19,0,0,0,0
zc,WS301,2012-06-20 09:04:06.180,2535.0000,429044,0,0.0000,2.0000,1,1,多换,B,2534.0000,0.0000,0.0000,0.0000,0.0000,2535.0000,0.0000,0.0000,0.0000,0.0000,110,0,0,0,0,18,0,0,0,0
zc,WS301,2012-06-20 09:04:06.897,2534.0000,429036,-8,0.0000,8.0000,0,8,双平,S,2534.0000,0.0000,0.0000,0.0000,0.0000,2535.0000,0.0000,0.0000,0.0000,0.0000,110,0,0,0,0,38,0,0,0,0
zc,WS301,2012-06-20 09:04:07.460,2535.0000,429036,0,0.0000,10.0000,5,5,多换,B,2534.0000,0.0000,0.0000,0.0000,0.0000,2535.0000,0.0000,0.0000,0.0000,0.0000,113,0,0,0,0,35,0,0,0,0
zc,WS301,2012-06-20 09:04:07.930,2535.0000,429036,0,0.0000,0.0000,0,0,多换,B,2534.0000,0.0000,0.0000,0.0000,0.0000,2535.0000,0.0000,0.0000,0.0000,0.0000,133,0,0,0,0,37,0,0,0,0
zc,WS301,2012-06-20 09:04:08.663,2534.0000,429012,-24,0.0000,24.0000,0,24,双平,S,2534.0000,0.0000,0.0000,0.0000,0.0000,2535.0000,0.0000,0.0000,0.0000,0.0000,121,0,0,0,0,37,0,0,0,0
zc,WS301,2012-06-20 09:04:09.180,2534.0000,429010,-2,0.0000,2.0000,0,2,双平,S,2534.0000,0.0000,0.0000,0.0000,0.0000,2535.0000,0.0000,0.0000,0.0000,0.0000,120,0,0,0,0,39,0,0,0,0
zc,WS301,2012-06-20 09:04:09.977,2535.0000,429010,0,0.0000,12.0000,6,6,多换,B,2534.0000,0.0000,0.0000,0.0000,0.0000,2535.0000,0.0000,0.0000,0.0000,0.0000,124,0,0,0,0,33,0,0,0,0
zc,WS301,2012-06-20 09:04:11.163,2535.0000,429010,0,0.0000,2.0000,1,1,多换,B,2534.0000,0.0000,0.0000,0.0000,0.0000,2535.0000,0.0000,0.0000,0.0000,0.0000,124,0,0,0,0,32,0,0,0,0
zc,WS301,2012-06-20 09:04:11.447,2534.0000,429004,-6,0.0000,6.0000,0,6,双平,S,2534.0000,0.0000,0.0000,0.0000,0.0000,2535.0000,0.0000,0.0000,0.0000,0.0000,121,0,0,0,0,62,0,0,0,0
zc,WS301,2012-06-20 09:04:12.663,2534.0000,429004,0,0.0000,0.0000,0,0,空换,S,2534.0000,0.0000,0.0000,0.0000,0.0000,2535.0000,0.0000,0.0000,0.0000,0.0000,128,0,0,0,0,63,0,0,0,0
zc,WS301,2012-06-20 09:04:13.413,2535.0000,429004,0,0.0000,2.0000,1,1,多换,B,2534.0000,0.0000,0.0000,0.0000,0.0000,2535.0000,0.0000,0.0000,0.0000,0.0000,128,0,0,0,0,62,0,0,0,0
zc,WS301,2012-06-20 09:04:13.930,2535.0000,429004,0,0.0000,2.0000,1,1,多换,B,2534.0000,0.0000,0.0000,0.0000,0.0000,2535.0000,0.0000,0.0000,0.0000,0.0000,128,0,0,0,0,61,0,0,0,0
zc,WS301,2012-06-20 09:04:15.757,2535.0000,429004,0,0.0000,0.0000,0,0,多换,B,2534.0000,0.0000,0.0000,0.0000,0.0000,2535.0000,0.0000,0.0000,0.0000,0.0000,128,0,0,0,0,62,0,0,0,0
zc,WS301,2012-06-20 09:04:16.180,2535.0000,429002,-2,0.0000,2.0000,0,2,双平,B,2534.0000,0.0000,0.0000,0.0000,0.0000,2535.0000,0.0000,0.0000,0.0000,0.0000,128,0,0,0,0,61,0,0,0,0
zc,WS301,2012-06-20 09:04:17.477,2535.0000,429002,0,0.0000,0.0000,0,0,多换,B,2534.0000,0.0000,0.0000,0.0000,0.0000,2535.0000,0.0000,0.0000,0.0000,0.0000,139,0,0,0,0,61,0,0,0,0
zc,WS301,2012-06-20 09:04:18.210,2535.0000,429002,0,0.0000,2.0000,1,1,多换,B,2534.0000,0.0000,0.0000,0.0000,0.0000,2535.0000,0.0000,0.0000,0.0000,0.0000,140,0,0,0,0,60,0,0,0,0
zc,WS301,2012-06-20 09:04:18.697,2535.0000,429002,0,0.0000,0.0000,0,0,多换,B,2534.0000,0.0000,0.0000,0.0000,0.0000,2535.0000,0.0000,0.0000,0.0000,0.0000,145,0,0,0,0,62,0,0,0,0
zc,WS301,2012-06-20 09:04:19.197,2535.0000,429004,2,0.0000,4.0000,3,1,多开,B,2534.0000,0.0000,0.0000,0.0000,0.0000,2535.0000,0.0000,0.0000,0.0000,0.0000,145,0,0,0,0,61,0,0,0,0
zc,WS301,2012-06-20 09:04:20.210,2535.0000,429004,0,0.0000,0.0000,0,0,多换,B,2534.0000,0.0000,0.0000,0.0000,0.0000,2535.0000,0.0000,0.0000,0.0000,0.0000,145,0,0,0,0,66,0,0,0,0
zc,WS301,2012-06-20 09:04:20.930,2535.0000,429004,0,0.0000,0.0000,0,0,多换,B,2534.0000,0.0000,0.0000,0.0000,0.0000,2535.0000,0.0000,0.0000,0.0000,0.0000,206,0,0,0,0,68,0,0,0,0
zc,WS301,2012-06-20 09:04:21.447,2535.0000,429002,-2,0.0000,4.0000,1,3,空平,B,2534.0000,0.0000,0.0000,0.0000,0.0000,2535.0000,0.0000,0.0000,0.0000,0.0000,205,0,0,0,0,67,0,0,0,0
zc,WS301,2012-06-20 09:04:22.743,2535.0000,428936,-66,0.0000,134.0000,34,100,空平,B,2535.0000,0.0000,0.0000,0.0000,0.0000,2536.0000,0.0000,0.0000,0.0000,0.0000,14,0,0,0,0,196,0,0,0,0
zc,WS301,2012-06-20 09:04:23.197,2535.0000,428932,-4,0.0000,4.0000,0,4,双平,B,2535.0000,0.0000,0.0000,0.0000,0.0000,2536.0000,0.0000,0.0000,0.0000,0.0000,13,0,0,0,0,203,0,0,0,0
zc,WS301,2012-06-20 09:04:23.930,2535.0000,428932,0,0.0000,0.0000,0,0,多换,B,2535.0000,0.0000,0.0000,0.0000,0.0000,2536.0000,0.0000,0.0000,0.0000,0.0000,43,0,0,0,0,206,0,0,0,0
zc,WS301,2012-06-20 09:04:24.210,2535.0000,428932,0,0.0000,0.0000,0,0,多换,B,2535.0000,0.0000,0.0000,0.0000,0.0000,2536.0000,0.0000,0.0000,0.0000,0.0000,42,0,0,0,0,206,0,0,0,0
zc,WS301,2012-06-20 09:04:25.197,2535.0000,428920,-12,0.0000,12.0000,0,12,双平,B,2535.0000,0.0000,0.0000,0.0000,0.0000,2536.0000,0.0000,0.0000,0.0000,0.0000,47,0,0,0,0,206,0,0,0,0
zc,WS301,2012-06-20 09:04:25.383,2535.0000,428920,0,0.0000,4.0000,2,2,多换,B,2535.0000,0.0000,0.0000,0.0000,0.0000,2536.0000,0.0000,0.0000,0.0000,0.0000,77,0,0,0,0,204,0,0,0,0
zc,WS301,2012-06-20 09:04:26.147,2535.0000,428918,-2,0.0000,4.0000,1,3,空平,B,2535.0000,0.0000,0.0000,0.0000,0.0000,2536.0000,0.0000,0.0000,0.0000,0.0000,76,0,0,0,0,204,0,0,0,0
zc,WS301,2012-06-20 09:04:27.477,2536.0000,429028,110,0.0000,460.0000,285,175,多开,B,2536.0000,0.0000,0.0000,0.0000,0.0000,2537.0000,0.0000,0.0000,0.0000,0.0000,70,0,0,0,0,152,0,0,0,0
zc,WS301,2012-06-20 09:04:27.947,2536.0000,429028,0,0.0000,0.0000,0,0,多换,B,2536.0000,0.0000,0.0000,0.0000,0.0000,2537.0000,0.0000,0.0000,0.0000,0.0000,70,0,0,0,0,159,0,0,0,0
zc,WS301,2012-06-20 09:04:28.447,2536.0000,429028,0,0.0000,10.0000,5,5,多换,B,2536.0000,0.0000,0.0000,0.0000,0.0000,2537.0000,0.0000,0.0000,0.0000,0.0000,65,0,0,0,0,160,0,0,0,0
zc,WS301,2012-06-20 09:04:29.163,2536.0000,429028,0,0.0000,16.0000,8,8,多换,B,2536.0000,0.0000,0.0000,0.0000,0.0000,2537.0000,0.0000,0.0000,0.0000,0.0000,57,0,0,0,0,161,0,0,0,0
zc,WS301,2012-06-20 09:04:29.697,2537.0000,429028,0,0.0000,2.0000,1,1,多换,B,2536.0000,0.0000,0.0000,0.0000,0.0000,2537.0000,0.0000,0.0000,0.0000,0.0000,57,0,0,0,0,160,0,0,0,0
zc,WS301,2012-06-20 09:04:30.460,2536.0000,429028,0,0.0000,12.0000,6,6,空换,S,2536.0000,0.0000,0.0000,0.0000,0.0000,2537.0000,0.0000,0.0000,0.0000,0.0000,51,0,0,0,0,160,0,0,0,0
zc,WS301,2012-06-20 09:04:30.913,2537.0000,429030,2,0.0000,4.0000,3,1,多开,B,2536.0000,0.0000,0.0000,0.0000,0.0000,2537.0000,0.0000,0.0000,0.0000,0.0000,51,0,0,0,0,158,0,0,0,0
zc,WS301,2012-06-20 09:04:31.647,2537.0000,429030,0,0.0000,0.0000,0,0,多换,B,2536.0000,0.0000,0.0000,0.0000,0.0000,2537.0000,0.0000,0.0000,0.0000,0.0000,52,0,0,0,0,158,0,0,0,0
zc,WS301,2012-06-20 09:04:32.133,2537.0000,429030,0,0.0000,0.0000,0,0,多换,B,2536.0000,0.0000,0.0000,0.0000,0.0000,2537.0000,0.0000,0.0000,0.0000,0.0000,54,0,0,0,0,158,0,0,0,0
zc,WS301,2012-06-20 09:04:33.210,2536.0000,429032,2,0.0000,16.0000,9,7,空开,S,2536.0000,0.0000,0.0000,0.0000,0.0000,2537.0000,0.0000,0.0000,0.0000,0.0000,46,0,0,0,0,158,0,0,0,0
zc,WS301,2012-06-20 09:04:33.960,2536.0000,429032,0,0.0000,0.0000,0,0,空换,S,2536.0000,0.0000,0.0000,0.0000,0.0000,2537.0000,0.0000,0.0000,0.0000,0.0000,46,0,0,0,0,157,0,0,0,0
zc,WS301,2012-06-20 09:04:34.460,2537.0000,429032,0,0.0000,2.0000,1,1,多换,B,2536.0000,0.0000,0.0000,0.0000,0.0000,2537.0000,0.0000,0.0000,0.0000,0.0000,46,0,0,0,0,156,0,0,0,0
zc,WS301,2012-06-20 09:04:34.960,2536.0000,429034,2,0.0000,2.0000,2,0,双开,S,2536.0000,0.0000,0.0000,0.0000,0.0000,2537.0000,0.0000,0.0000,0.0000,0.0000,45,0,0,0,0,153,0,0,0,0
zc,WS301,2012-06-20 09:04:35.697,2537.0000,429036,2,0.0000,52.0000,27,25,多开,B,2536.0000,0.0000,0.0000,0.0000,0.0000,2537.0000,0.0000,0.0000,0.0000,0.0000,45,0,0,0,0,127,0,0,0,0
zc,WS301,2012-06-20 09:04:36.163,2537.0000,429038,2,0.0000,2.0000,2,0,双开,B,2536.0000,0.0000,0.0000,0.0000,0.0000,2537.0000,0.0000,0.0000,0.0000,0.0000,45,0,0,0,0,139,0,0,0,0
zc,WS301,2012-06-20 09:04:37.023,2537.0000,429040,2,0.0000,6.0000,4,2,多开,B,2536.0000,0.0000,0.0000,0.0000,0.0000,2537.0000,0.0000,0.0000,0.0000,0.0000,43,0,0,0,0,137,0,0,0,0
zc,WS301,2012-06-20 09:04:37.523,2536.0000,429046,6,0.0000,26.0000,16,10,空开,S,2536.0000,0.0000,0.0000,0.0000,0.0000,2537.0000,0.0000,0.0000,0.0000,0.0000,34,0,0,0,0,135,0,0,0,0
zc,WS301,2012-06-20 09:04:38.007,2537.0000,429048,2,0.0000,2.0000,2,0,双开,B,2536.0000,0.0000,0.0000,0.0000,0.0000,2537.0000,0.0000,0.0000,0.0000,0.0000,35,0,0,0,0,134,0,0,0,0
zc,WS301,2012-06-20 09:04:38.743,2537.0000,429294,246,0.0000,472.0000,359,113,多开,B,2537.0000,0.0000,0.0000,0.0000,0.0000,2538.0000,0.0000,0.0000,0.0000,0.0000,64,0,0,0,0,95,0,0,0,0
zc,WS301,2012-06-20 09:04:39.180,2537.0000,429294,0,0.0000,0.0000,0,0,多换,B,2537.0000,0.0000,0.0000,0.0000,0.0000,2538.0000,0.0000,0.0000,0.0000,0.0000,64,0,0,0,0,98,0,0,0,0
zc,WS301,2012-06-20 09:04:39.697,2538.0000,429316,22,0.0000,244.0000,133,111,多开,B,2538.0000,0.0000,0.0000,0.0000,0.0000,2539.0000,0.0000,0.0000,0.0000,0.0000,88,0,0,0,0,334,0,0,0,0
zc,WS301,2012-06-20 09:04:40.460,2539.0000,429316,0,0.0000,10.0000,5,5,多换,B,2538.0000,0.0000,0.0000,0.0000,0.0000,2539.0000,0.0000,0.0000,0.0000,0.0000,87,0,0,0,0,331,0,0,0,0
zc,WS301,2012-06-20 09:04:40.977,2539.0000,429316,0,0.0000,0.0000,0,0,多换,B,2538.0000,0.0000,0.0000,0.0000,0.0000,2539.0000,0.0000,0.0000,0.0000,0.0000,117,0,0,0,0,340,0,0,0,0
zc,WS301,2012-06-20 09:04:41.413,2538.0000,429316,0,0.0000,16.0000,8,8,空换,S,2538.0000,0.0000,0.0000,0.0000,0.0000,2539.0000,0.0000,0.0000,0.0000,0.0000,112,0,0,0,0,338,0,0,0,0
zc,WS301,2012-06-20 09:04:42.697,2538.0000,429318,2,0.0000,2.0000,2,0,双开,S,2538.0000,0.0000,0.0000,0.0000,0.0000,2539.0000,0.0000,0.0000,0.0000,0.0000,111,0,0,0,0,338,0,0,0,0
zc,WS301,2012-06-20 09:04:43.180,2539.0000,429126,-192,0.0000,200.0000,4,196,空平,B,2538.0000,0.0000,0.0000,0.0000,0.0000,2539.0000,0.0000,0.0000,0.0000,0.0000,109,0,0,0,0,240,0,0,0,0
zc,WS301,2012-06-20 09:04:43.663,2539.0000,429134,8,0.0000,88.0000,48,40,多开,B,2538.0000,0.0000,0.0000,0.0000,0.0000,2539.0000,0.0000,0.0000,0.0000,0.0000,109,0,0,0,0,199,0,0,0,0
zc,WS301,2012-06-20 09:04:44.430,2539.0000,428672,-462,0.0000,558.0000,48,510,空平,B,2539.0000,0.0000,0.0000,0.0000,0.0000,2540.0000,0.0000,0.0000,0.0000,0.0000,41,0,0,0,0,918,0,0,0,0
zc,WS301,2012-06-20 09:04:45.197,2539.0000,428648,-24,0.0000,368.0000,172,196,空平,B,2539.0000,0.0000,0.0000,0.0000,0.0000,2540.0000,0.0000,0.0000,0.0000,0.0000,245,0,0,0,0,754,0,0,0,0
zc,WS301,2012-06-20 09:04:45.697,2540.0000,428640,-8,0.0000,10.0000,1,9,空平,B,2539.0000,0.0000,0.0000,0.0000,0.0000,2540.0000,0.0000,0.0000,0.0000,0.0000,89,0,0,0,0,750,0,0,0,0
zc,WS301,2012-06-20 09:04:46.197,2540.0000,428616,-24,0.0000,44.0000,10,34,空平,B,2539.0000,0.0000,0.0000,0.0000,0.0000,2540.0000,0.0000,0.0000,0.0000,0.0000,105,0,0,0,0,238,0,0,0,0
zc,WS301,2012-06-20 09:04:46.697,2540.0000,428584,-32,0.0000,62.0000,15,47,空平,B,2539.0000,0.0000,0.0000,0.0000,0.0000,2540.0000,0.0000,0.0000,0.0000,0.0000,104,0,0,0,0,207,0,0,0,0
zc,WS301,2012-06-20 09:04:47.397,2540.0000,428532,-52,0.0000,374.0000,161,213,空平,B,2539.0000,0.0000,0.0000,0.0000,0.0000,2540.0000,0.0000,0.0000,0.0000,0.0000,103,0,0,0,0,55,0,0,0,0
zc,WS301,2012-06-20 09:04:47.930,2540.0000,428564,32,0.0000,74.0000,53,21,多开,B,2539.0000,0.0000,0.0000,0.0000,0.0000,2540.0000,0.0000,0.0000,0.0000,0.0000,96,0,0,0,0,76,0,0,0,0
zc,WS301,2012-06-20 09:04:48.727,2540.0000,428578,14,0.0000,60.0000,37,23,多开,B,2539.0000,0.0000,0.0000,0.0000,0.0000,2540.0000,0.0000,0.0000,0.0000,0.0000,96,0,0,0,0,77,0,0,0,0
zc,WS301,2012-06-20 09:04:49.210,2540.0000,428620,42,0.0000,82.0000,62,20,多开,B,2539.0000,0.0000,0.0000,0.0000,0.0000,2540.0000,0.0000,0.0000,0.0000,0.0000,95,0,0,0,0,79,0,0,0,0
zc,WS301,2012-06-20 09:04:49.913,2540.0000,428620,0,0.0000,8.0000,4,4,多换,B,2539.0000,0.0000,0.0000,0.0000,0.0000,2540.0000,0.0000,0.0000,0.0000,0.0000,95,0,0,0,0,78,0,0,0,0
zc,WS301,2012-06-20 09:04:50.460,2540.0000,428620,0,0.0000,4.0000,2,2,多换,B,2539.0000,0.0000,0.0000,0.0000,0.0000,2540.0000,0.0000,0.0000,0.0000,0.0000,96,0,0,0,0,76,0,0,0,0
zc,WS301,2012-06-20 09:04:50.897,2540.0000,428618,-2,0.0000,34.0000,16,18,空平,B,2539.0000,0.0000,0.0000,0.0000,0.0000,2540.0000,0.0000,0.0000,0.0000,0.0000,95,0,0,0,0,66,0,0,0,0
zc,WS301,2012-06-20 09:04:51.710,2540.0000,428628,10,0.0000,148.0000,79,69,多开,B,2539.0000,0.0000,0.0000,0.0000,0.0000,2540.0000,0.0000,0.0000,0.0000,0.0000,97,0,0,0,0,1,0,0,0,0
zc,WS301,2012-06-20 09:04:52.227,2540.0000,428628,0,0.0000,4.0000,2,2,多换,B,2540.0000,0.0000,0.0000,0.0000,0.0000,2541.0000,0.0000,0.0000,0.0000,0.0000,4,0,0,0,0,76,0,0,0,0
zc,WS301,2012-06-20 09:04:52.913,2540.0000,428626,-2,0.0000,30.0000,14,16,空平,B,2539.0000,0.0000,0.0000,0.0000,0.0000,2540.0000,0.0000,0.0000,0.0000,0.0000,97,0,0,0,0,37,0,0,0,0
zc,WS301,2012-06-20 09:04:53.430,2540.0000,428626,0,0.0000,78.0000,39,39,多换,B,2540.0000,0.0000,0.0000,0.0000,0.0000,2541.0000,0.0000,0.0000,0.0000,0.0000,203,0,0,0,0,83,0,0,0,0
zc,WS301,2012-06-20 09:04:53.947,2541.0000,428756,130,0.0000,244.0000,187,57,多开,B,2541.0000,0.0000,0.0000,0.0000,0.0000,2542.0000,0.0000,0.0000,0.0000,0.0000,15,0,0,0,0,125,0,0,0,0
zc,WS301,2012-06-20 09:04:54.680,2541.0000,428748,-8,0.0000,44.0000,18,26,空平,B,2541.0000,0.0000,0.0000,0.0000,0.0000,2542.0000,0.0000,0.0000,0.0000,0.0000,3,0,0,0,0,129,0,0,0,0
zc,WS301,2012-06-20 09:04:55.197,2541.0000,428760,12,0.0000,26.0000,19,7,多开,B,2540.0000,0.0000,0.0000,0.0000,0.0000,2541.0000,0.0000,0.0000,0.0000,0.0000,225,0,0,0,0,5,0,0,0,0
zc,WS301,2012-06-20 09:04:55.680,2541.0000,428760,0,0.0000,8.0000,4,4,多换,B,2540.0000,0.0000,0.0000,0.0000,0.0000,2541.0000,0.0000,0.0000,0.0000,0.0000,222,0,0,0,0,4,0,0,0,0
zc,WS301,2012-06-20 09:04:56.430,2541.0000,428760,0,0.0000,10.0000,5,5,多换,B,2540.0000,0.0000,0.0000,0.0000,0.0000,2541.0000,0.0000,0.0000,0.0000,0.0000,221,0,0,0,0,1,0,0,0,0
zc,WS301,2012-06-20 09:04:56.930,2541.0000,428760,0,0.0000,2.0000,1,1,多换,B,2541.0000,0.0000,0.0000,0.0000,0.0000,2542.0000,0.0000,0.0000,0.0000,0.0000,7,0,0,0,0,132,0,0,0,0
zc,WS301,2012-06-20 09:04:58.007,2541.0000,428702,-58,0.0000,94.0000,18,76,空平,B,2540.0000,0.0000,0.0000,0.0000,0.0000,2541.0000,0.0000,0.0000,0.0000,0.0000,232,0,0,0,0,6,0,0,0,0
zc,WS301,2012-06-20 09:04:58.710,2540.0000,428722,20,0.0000,24.0000,22,2,空开,S,2540.0000,0.0000,0.0000,0.0000,0.0000,2541.0000,0.0000,0.0000,0.0000,0.0000,241,0,0,0,0,9,0,0,0,0
zc,WS301,2012-06-20 09:04:59.210,2541.0000,428722,0,0.0000,14.0000,7,7,多换,B,2540.0000,0.0000,0.0000,0.0000,0.0000,2541.0000,0.0000,0.0000,0.0000,0.0000,256,0,0,0,0,73,0,0,0,0
zc,WS301,2012-06-20 09:05:00.163,2541.0000,428726,4,0.0000,220.0000,112,108,多开,B,2540.0000,0.0000,0.0000,0.0000,0.0000,2541.0000,0.0000,0.0000,0.0000,0.0000,157,0,0,0,0,72,0,0,0,0
zc,WS301,2012-06-20 09:05:00.663,2541.0000,428722,-4,0.0000,294.0000,145,149,空平,B,2540.0000,0.0000,0.0000,0.0000,0.0000,2541.0000,0.0000,0.0000,0.0000,0.0000,37,0,0,0,0,105,0,0,0,0
zc,WS301,2012-06-20 09:05:01.147,2540.0000,428726,4,0.0000,182.0000,93,89,空开,S,2539.0000,0.0000,0.0000,0.0000,0.0000,2540.0000,0.0000,0.0000,0.0000,0.0000,142,0,0,0,0,60,0,0,0,0
zc,WS301,2012-06-20 09:05:01.663,2540.0000,428726,0,0.0000,6.0000,3,3,空换,S,2539.0000,0.0000,0.0000,0.0000,0.0000,2540.0000,0.0000,0.0000,0.0000,0.0000,142,0,0,0,0,67,0,0,0,0
zc,WS301,2012-06-20 09:05:02.447,2540.0000,428726,0,0.0000,16.0000,8,8,空换,S,2539.0000,0.0000,0.0000,0.0000,0.0000,2540.0000,0.0000,0.0000,0.0000,0.0000,142,0,0,0,0,86,0,0,0,0
zc,WS301,2012-06-20 09:05:02.960,2540.0000,428728,2,0.0000,176.0000,89,87,空开,S,2539.0000,0.0000,0.0000,0.0000,0.0000,2540.0000,0.0000,0.0000,0.0000,0.0000,141,0,0,0,0,4,0,0,0,0
zc,WS301,2012-06-20 09:05:03.697,2540.0000,428726,-2,0.0000,16.0000,7,9,多平,S,2539.0000,0.0000,0.0000,0.0000,0.0000,2540.0000,0.0000,0.0000,0.0000,0.0000,141,0,0,0,0,98,0,0,0,0
zc,WS301,2012-06-20 09:05:04.397,2540.0000,428726,0,0.0000,66.0000,33,33,空换,S,2539.0000,0.0000,0.0000,0.0000,0.0000,2540.0000,0.0000,0.0000,0.0000,0.0000,139,0,0,0,0,67,0,0,0,0
zc,WS301,2012-06-20 09:05:04.727,2540.0000,428726,0,0.0000,0.0000,0,0,空换,S,2539.0000,0.0000,0.0000,0.0000,0.0000,2540.0000,0.0000,0.0000,0.0000,0.0000,139,0,0,0,0,77,0,0,0,0
zc,WS301,2012-06-20 09:05:05.460,2540.0000,428724,-2,0.0000,6.0000,2,4,多平,S,2539.0000,0.0000,0.0000,0.0000,0.0000,2540.0000,0.0000,0.0000,0.0000,0.0000,138,0,0,0,0,146,0,0,0,0
zc,WS301,2012-06-20 09:05:05.960,2540.0000,428724,0,0.0000,2.0000,1,1,空换,S,2539.0000,0.0000,0.0000,0.0000,0.0000,2540.0000,0.0000,0.0000,0.0000,0.0000,140,0,0,0,0,145,0,0,0,0
zc,WS301,2012-06-20 09:05:07.227,2540.0000,428692,-32,0.0000,40.0000,4,36,多平,S,2539.0000,0.0000,0.0000,0.0000,0.0000,2540.0000,0.0000,0.0000,0.0000,0.0000,122,0,0,0,0,141,0,0,0,0
zc,WS301,2012-06-20 09:05:07.710,2538.0000,428776,84,0.0000,346.0000,215,131,空开,S,2537.0000,0.0000,0.0000,0.0000,0.0000,2538.0000,0.0000,0.0000,0.0000,0.0000,70,0,0,0,0,185,0,0,0,0
zc,WS301,2012-06-20 09:05:08.430,2537.0000,428776,0,0.0000,148.0000,74,74,空换,S,2536.0000,0.0000,0.0000,0.0000,0.0000,2537.0000,0.0000,0.0000,0.0000,0.0000,135,0,0,0,0,79,0,0,0,0
zc,WS301,2012-06-20 09:05:08.947,2537.0000,428776,0,0.0000,8.0000,4,4,空换,S,2536.0000,0.0000,0.0000,0.0000,0.0000,2537.0000,0.0000,0.0000,0.0000,0.0000,146,0,0,0,0,76,0,0,0,0
zc,WS301,2012-06-20 09:05:09.680,2536.0000,428776,0,0.0000,10.0000,5,5,空换,S,2536.0000,0.0000,0.0000,0.0000,0.0000,2537.0000,0.0000,0.0000,0.0000,0.0000,143,0,0,0,0,76,0,0,0,0
zc,WS301,2012-06-20 09:05:10.180,2538.0000,428786,10,0.0000,416.0000,213,203,多开,B,2536.0000,0.0000,0.0000,0.0000,0.0000,2538.0000,0.0000,0.0000,0.0000,0.0000,137,0,0,0,0,87,0,0,0,0
zc,WS301,2012-06-20 09:05:10.977,2538.0000,428784,-2,0.0000,10.0000,4,6,空平,B,2537.0000,0.0000,0.0000,0.0000,0.0000,2539.0000,0.0000,0.0000,0.0000,0.0000,102,0,0,0,0,20,0,0,0,0
zc,WS301,2012-06-20 09:05:11.477,2538.0000,428784,0,0.0000,0.0000,0,0,多换,B,2537.0000,0.0000,0.0000,0.0000,0.0000,2539.0000,0.0000,0.0000,0.0000,0.0000,103,0,0,0,0,22,0,0,0,0
zc,WS301,2012-06-20 09:05:12.147,2538.0000,428784,0,0.0000,0.0000,0,0,多换,B,2537.0000,0.0000,0.0000,0.0000,0.0000,2539.0000,0.0000,0.0000,0.0000,0.0000,113,0,0,0,0,25,0,0,0,0
zc,WS301,2012-06-20 09:05:12.413,2538.0000,428784,0,0.0000,0.0000,0,0,多换,B,2537.0000,0.0000,0.0000,0.0000,0.0000,2538.0000,0.0000,0.0000,0.0000,0.0000,143,0,0,0,0,5,0,0,0,0
zc,WS301,2012-06-20 09:05:13.210,2538.0000,428786,2,0.0000,2.0000,2,0,双开,B,2537.0000,0.0000,0.0000,0.0000,0.0000,2538.0000,0.0000,0.0000,0.0000,0.0000,143,0,0,0,0,4,0,0,0,0
zc,WS301,2012-06-20 09:05:13.727,2538.0000,428794,8,0.0000,8.0000,8,0,双开,B,2537.0000,0.0000,0.0000,0.0000,0.0000,2538.0000,0.0000,0.0000,0.0000,0.0000,157,0,0,0,0,6,0,0,0,0
zc,WS301,2012-06-20 09:05:14.447,2538.0000,428794,0,0.0000,14.0000,7,7,多换,B,2538.0000,0.0000,0.0000,0.0000,0.0000,2539.0000,0.0000,0.0000,0.0000,0.0000,18,0,0,0,0,40,0,0,0,0
zc,WS301,2012-06-20 09:05:14.960,2538.0000,428794,0,0.0000,0.0000,0,0,多换,B,2538.0000,0.0000,0.0000,0.0000,0.0000,2539.0000,0.0000,0.0000,0.0000,0.0000,29,0,0,0,0,40,0,0,0,0
zc,WS301,2012-06-20 09:05:15.697,2539.0000,428814,20,0.0000,90.0000,55,35,多开,B,2539.0000,0.0000,0.0000,0.0000,0.0000,2540.0000,0.0000,0.0000,0.0000,0.0000,35,0,0,0,0,110,0,0,0,0
zc,WS301,2012-06-20 09:05:16.430,2539.0000,428814,0,0.0000,0.0000,0,0,多换,B,2539.0000,0.0000,0.0000,0.0000,0.0000,2540.0000,0.0000,0.0000,0.0000,0.0000,37,0,0,0,0,110,0,0,0,0
zc,WS301,2012-06-20 09:05:16.697,2540.0000,428816,2,0.0000,156.0000,79,77,多开,B,2539.0000,0.0000,0.0000,0.0000,0.0000,2540.0000,0.0000,0.0000,0.0000,0.0000,20,0,0,0,0,52,0,0,0,0
zc,WS301,2012-06-20 09:05:17.430,2539.0000,428832,16,0.0000,68.0000,42,26,空开,S,2538.0000,0.0000,0.0000,0.0000,0.0000,2539.0000,0.0000,0.0000,0.0000,0.0000,38,0,0,0,0,33,0,0,0,0
zc,WS301,2012-06-20 09:05:17.930,2539.0000,428832,0,0.0000,0.0000,0,0,空换,S,2538.0000,0.0000,0.0000,0.0000,0.0000,2539.0000,0.0000,0.0000,0.0000,0.0000,48,0,0,0,0,44,0,0,0,0
zc,WS301,2012-06-20 09:05:18.663,2539.0000,428832,0,0.0000,4.0000,2,2,空换,S,2538.0000,0.0000,0.0000,0.0000,0.0000,2539.0000,0.0000,0.0000,0.0000,0.0000,48,0,0,0,0,48,0,0,0,0
zc,WS301,2012-06-20 09:05:18.947,2538.0000,428832,0,0.0000,2.0000,1,1,空换,S,2538.0000,0.0000,0.0000,0.0000,0.0000,2539.0000,0.0000,0.0000,0.0000,0.0000,47,0,0,0,0,140,0,0,0,0
zc,WS301,2012-06-20 09:05:19.697,2538.0000,428832,0,0.0000,4.0000,2,2,空换,S,2538.0000,0.0000,0.0000,0.0000,0.0000,2539.0000,0.0000,0.0000,0.0000,0.0000,47,0,0,0,0,143,0,0,0,0
zc,WS301,2012-06-20 09:05:20.227,2538.0000,428832,0,0.0000,2.0000,1,1,空换,S,2538.0000,0.0000,0.0000,0.0000,0.0000,2539.0000,0.0000,0.0000,0.0000,0.0000,48,0,0,0,0,143,0,0,0,0
zc,WS301,2012-06-20 09:05:20.947,2539.0000,428832,0,0.0000,6.0000,3,3,多换,B,2538.0000,0.0000,0.0000,0.0000,0.0000,2539.0000,0.0000,0.0000,0.0000,0.0000,66,0,0,0,0,144,0,0,0,0
zc,WS301,2012-06-20 09:05:21.680,2539.0000,428832,0,0.0000,2.0000,1,1,多换,B,2538.0000,0.0000,0.0000,0.0000,0.0000,2539.0000,0.0000,0.0000,0.0000,0.0000,65,0,0,0,0,146,0,0,0,0
zc,WS301,2012-06-20 09:05:22.180,2539.0000,428832,0,0.0000,2.0000,1,1,多换,B,2538.0000,0.0000,0.0000,0.0000,0.0000,2539.0000,0.0000,0.0000,0.0000,0.0000,65,0,0,0,0,145,0,0,0,0
zc,WS301,2012-06-20 09:05:22.710,2539.0000,428832,0,0.0000,14.0000,7,7,多换,B,2538.0000,0.0000,0.0000,0.0000,0.0000,2539.0000,0.0000,0.0000,0.0000,0.0000,65,0,0,0,0,140,0,0,0,0
zc,WS301,2012-06-20 09:05:23.180,2538.0000,428832,0,0.0000,2.0000,1,1,空换,S,2538.0000,0.0000,0.0000,0.0000,0.0000,2539.0000,0.0000,0.0000,0.0000,0.0000,65,0,0,0,0,153,0,0,0,0
zc,WS301,2012-06-20 09:05:23.947,2538.0000,428832,0,0.0000,22.0000,11,11,空换,S,2538.0000,0.0000,0.0000,0.0000,0.0000,2539.0000,0.0000,0.0000,0.0000,0.0000,54,0,0,0,0,154,0,0,0,0
zc,WS301,2012-06-20 09:05:24.397,2538.0000,428832,0,0.0000,0.0000,0,0,空换,S,2538.0000,0.0000,0.0000,0.0000,0.0000,2539.0000,0.0000,0.0000,0.0000,0.0000,55,0,0,0,0,154,0,0,0,0
zc,WS301,2012-06-20 09:05:25.197,2538.0000,428832,0,0.0000,4.0000,2,2,空换,S,2538.0000,0.0000,0.0000,0.0000,0.0000,2539.0000,0.0000,0.0000,0.0000,0.0000,54,0,0,0,0,157,0,0,0,0
zc,WS301,2012-06-20 09:05:25.430,2538.0000,428832,0,0.0000,2.0000,1,1,空换,S,2538.0000,0.0000,0.0000,0.0000,0.0000,2539.0000,0.0000,0.0000,0.0000,0.0000,53,0,0,0,0,157,0,0,0,0
zc,WS301,2012-06-20 09:05:26.960,2538.0000,428832,0,0.0000,0.0000,0,0,空换,S,2538.0000,0.0000,0.0000,0.0000,0.0000,2539.0000,0.0000,0.0000,0.0000,0.0000,80,0,0,0,0,157,0,0,0,0
zc,WS301,2012-06-20 09:05:27.447,2538.0000,428832,0,0.0000,2.0000,1,1,空换,S,2538.0000,0.0000,0.0000,0.0000,0.0000,2539.0000,0.0000,0.0000,0.0000,0.0000,82,0,0,0,0,144,0,0,0,0
zc,WS301,2012-06-20 09:05:28.197,2539.0000,428832,0,0.0000,2.0000,1,1,多换,B,2538.0000,0.0000,0.0000,0.0000,0.0000,2539.0000,0.0000,0.0000,0.0000,0.0000,100,0,0,0,0,141,0,0,0,0
zc,WS301,2012-06-20 09:05:28.447,2539.0000,428832,0,0.0000,0.0000,0,0,多换,B,2538.0000,0.0000,0.0000,0.0000,0.0000,2539.0000,0.0000,0.0000,0.0000,0.0000,103,0,0,0,0,143,0,0,0,0
zc,WS301,2012-06-20 09:05:29.257,2539.0000,428832,0,0.0000,4.0000,2,2,多换,B,2538.0000,0.0000,0.0000,0.0000,0.0000,2539.0000,0.0000,0.0000,0.0000,0.0000,103,0,0,0,0,141,0,0,0,0
zc,WS301,2012-06-20 09:05:29.710,2539.0000,428832,0,0.0000,16.0000,8,8,多换,B,2538.0000,0.0000,0.0000,0.0000,0.0000,2539.0000,0.0000,0.0000,0.0000,0.0000,103,0,0,0,0,133,0,0,0,0
zc,WS301,2012-06-20 09:05:30.180,2539.0000,428832,0,0.0000,4.0000,2,2,多换,B,2538.0000,0.0000,0.0000,0.0000,0.0000,2539.0000,0.0000,0.0000,0.0000,0.0000,105,0,0,0,0,133,0,0,0,0
zc,WS301,2012-06-20 09:05:30.710,2538.0000,428832,0,0.0000,2.0000,1,1,空换,S,2538.0000,0.0000,0.0000,0.0000,0.0000,2539.0000,0.0000,0.0000,0.0000,0.0000,104,0,0,0,0,253,0,0,0,0
zc,WS301,2012-06-20 09:05:31.460,2539.0000,428832,0,0.0000,18.0000,9,9,多换,B,2538.0000,0.0000,0.0000,0.0000,0.0000,2539.0000,0.0000,0.0000,0.0000,0.0000,103,0,0,0,0,246,0,0,0,0
zc,WS301,2012-06-20 09:05:32.197,2538.0000,428832,0,0.0000,2.0000,1,1,空换,S,2538.0000,0.0000,0.0000,0.0000,0.0000,2539.0000,0.0000,0.0000,0.0000,0.0000,103,0,0,0,0,247,0,0,0,0
zc,WS301,2012-06-20 09:05:32.697,2539.0000,428832,0,0.0000,6.0000,3,3,多换,B,2538.0000,0.0000,0.0000,0.0000,0.0000,2539.0000,0.0000,0.0000,0.0000,0.0000,104,0,0,0,0,246,0,0,0,0
zc,WS301,2012-06-20 09:05:33.430,2538.0000,428832,0,0.0000,24.0000,12,12,空换,S,2538.0000,0.0000,0.0000,0.0000,0.0000,2539.0000,0.0000,0.0000,0.0000,0.0000,94,0,0,0,0,246,0,0,0,0
zc,WS301,2012-06-20 09:05:33.913,2538.0000,428820,-12,0.0000,122.0000,55,67,多平,S,2538.0000,0.0000,0.0000,0.0000,0.0000,2539.0000,0.0000,0.0000,0.0000,0.0000,32,0,0,0,0,244,0,0,0,0
zc,WS301,2012-06-20 09:05:34.697,2538.0000,428886,66,0.0000,74.0000,70,4,空开,S,2537.0000,0.0000,0.0000,0.0000,0.0000,2538.0000,0.0000,0.0000,0.0000,0.0000,80,0,0,0,0,118,0,0,0,0
zc,WS301,2012-06-20 09:05:34.897,2538.0000,428902,16,0.0000,16.0000,16,0,双开,S,2537.0000,0.0000,0.0000,0.0000,0.0000,2538.0000,0.0000,0.0000,0.0000,0.0000,80,0,0,0,0,110,0,0,0,0
zc,WS301,2012-06-20 09:05:35.460,2538.0000,428904,2,0.0000,2.0000,2,0,双开,S,2537.0000,0.0000,0.0000,0.0000,0.0000,2538.0000,0.0000,0.0000,0.0000,0.0000,76,0,0,0,0,119,0,0,0,0
zc,WS301,2012-06-20 09:05:35.947,2538.0000,428916,12,0.0000,12.0000,12,0,双开,S,2537.0000,0.0000,0.0000,0.0000,0.0000,2538.0000,0.0000,0.0000,0.0000,0.0000,76,0,0,0,0,113,0,0,0,0
zc,WS301,2012-06-20 09:05:36.680,2538.0000,428916,0,0.0000,0.0000,0,0,空换,S,2537.0000,0.0000,0.0000,0.0000,0.0000,2538.0000,0.0000,0.0000,0.0000,0.0000,76,0,0,0,0,114,0,0,0,0
zc,WS301,2012-06-20 09:05:37.163,2538.0000,428918,2,0.0000,2.0000,2,0,双开,S,2537.0000,0.0000,0.0000,0.0000,0.0000,2538.0000,0.0000,0.0000,0.0000,0.0000,79,0,0,0,0,113,0,0,0,0
zc,WS301,2012-06-20 09:05:37.663,2538.0000,428922,4,0.0000,10.0000,7,3,空开,S,2537.0000,0.0000,0.0000,0.0000,0.0000,2538.0000,0.0000,0.0000,0.0000,0.0000,78,0,0,0,0,108,0,0,0,0
zc,WS301,2012-06-20 09:05:38.507,2537.0000,428922,0,0.0000,2.0000,1,1,空换,S,2537.0000,0.0000,0.0000,0.0000,0.0000,2538.0000,0.0000,0.0000,0.0000,0.0000,77,0,0,0,0,112,0,0,0,0
zc,WS301,2012-06-20 09:05:38.993,2538.0000,428926,4,0.0000,4.0000,4,0,双开,B,2537.0000,0.0000,0.0000,0.0000,0.0000,2538.0000,0.0000,0.0000,0.0000,0.0000,77,0,0,0,0,110,0,0,0,0
zc,WS301,2012-06-20 09:05:39.647,2538.0000,428926,0,0.0000,0.0000,0,0,多换,B,2537.0000,0.0000,0.0000,0.0000,0.0000,2538.0000,0.0000,0.0000,0.0000,0.0000,110,0,0,0,0,112,0,0,0,0
zc,WS301,2012-06-20 09:05:40.227,2538.0000,428932,6,0.0000,26.0000,16,10,多开,B,2537.0000,0.0000,0.0000,0.0000,0.0000,2538.0000,0.0000,0.0000,0.0000,0.0000,109,0,0,0,0,109,0,0,0,0
zc,WS301,2012-06-20 09:05:40.883,2537.0000,428932,0,0.0000,2.0000,1,1,空换,S,2537.0000,0.0000,0.0000,0.0000,0.0000,2538.0000,0.0000,0.0000,0.0000,0.0000,121,0,0,0,0,109,0,0,0,0
zc,WS301,2012-06-20 09:05:42.197,2538.0000,428936,4,0.0000,4.0000,4,0,双开,B,2537.0000,0.0000,0.0000,0.0000,0.0000,2538.0000,0.0000,0.0000,0.0000,0.0000,123,0,0,0,0,108,0,0,0,0
zc,WS301,2012-06-20 09:05:42.697,2538.0000,428980,44,0.0000,44.0000,44,0,双开,B,2537.0000,0.0000,0.0000,0.0000,0.0000,2538.0000,0.0000,0.0000,0.0000,0.0000,144,0,0,0,0,86,0,0,0,0
zc,WS301,2012-06-20 09:05:43.447,2538.0000,429082,102,0.0000,102.0000,102,0,双开,B,2537.0000,0.0000,0.0000,0.0000,0.0000,2538.0000,0.0000,0.0000,0.0000,0.0000,150,0,0,0,0,17,0,0,0,0
zc,WS301,2012-06-20 09:05:43.960,2538.0000,429048,-34,0.0000,36.0000,1,35,空平,B,2538.0000,0.0000,0.0000,0.0000,0.0000,2539.0000,0.0000,0.0000,0.0000,0.0000,62,0,0,0,0,253,0,0,0,0
zc,WS301,2012-06-20 09:05:44.413,2538.0000,429048,0,0.0000,0.0000,0,0,多换,B,2538.0000,0.0000,0.0000,0.0000,0.0000,2539.0000,0.0000,0.0000,0.0000,0.0000,64,0,0,0,0,254,0,0,0,0
zc,WS301,2012-06-20 09:05:45.180,2538.0000,429048,0,0.0000,0.0000,0,0,多换,B,2538.0000,0.0000,0.0000,0.0000,0.0000,2539.0000,0.0000,0.0000,0.0000,0.0000,116,0,0,0,0,254,0,0,0,0
zc,WS301,2012-06-20 09:05:45.710,2538.0000,429048,0,0.0000,0.0000,0,0,多换,B,2538.0000,0.0000,0.0000,0.0000,0.0000,2539.0000,0.0000,0.0000,0.0000,0.0000,318,0,0,0,0,264,0,0,0,0
zc,WS301,2012-06-20 09:05:46.133,2539.0000,429048,0,0.0000,8.0000,4,4,多换,B,2538.0000,0.0000,0.0000,0.0000,0.0000,2539.0000,0.0000,0.0000,0.0000,0.0000,318,0,0,0,0,260,0,0,0,0
zc,WS301,2012-06-20 09:05:46.930,2539.0000,429048,0,0.0000,0.0000,0,0,多换,B,2538.0000,0.0000,0.0000,0.0000,0.0000,2539.0000,0.0000,0.0000,0.0000,0.0000,320,0,0,0,0,260,0,0,0,0
zc,WS301,2012-06-20 09:05:47.447,2539.0000,429304,256,0.0000,326.0000,291,35,多开,B,2538.0000,0.0000,0.0000,0.0000,0.0000,2539.0000,0.0000,0.0000,0.0000,0.0000,317,0,0,0,0,99,0,0,0,0
zc,WS301,2012-06-20 09:05:48.197,2539.0000,429304,0,0.0000,118.0000,59,59,多换,B,2538.0000,0.0000,0.0000,0.0000,0.0000,2539.0000,0.0000,0.0000,0.0000,0.0000,258,0,0,0,0,40,0,0,0,0
zc,WS301,2012-06-20 09:05:48.663,2539.0000,429274,-30,0.0000,100.0000,35,65,空平,B,2539.0000,0.0000,0.0000,0.0000,0.0000,2540.0000,0.0000,0.0000,0.0000,0.0000,133,0,0,0,0,123,0,0,0,0
zc,WS301,2012-06-20 09:05:49.210,2539.0000,429274,0,0.0000,0.0000,0,0,多换,B,2539.0000,0.0000,0.0000,0.0000,0.0000,2540.0000,0.0000,0.0000,0.0000,0.0000,533,0,0,0,0,123,0,0,0,0
zc,WS301,2012-06-20 09:05:49.697,2540.0000,429360,86,0.0000,296.0000,191,105,多开,B,2540.0000,0.0000,0.0000,0.0000,0.0000,2541.0000,0.0000,0.0000,0.0000,0.0000,11,0,0,0,0,332,0,0,0,0
zc,WS301,2012-06-20 09:05:50.163,2540.0000,429362,2,0.0000,216.0000,109,107,多开,B,2540.0000,0.0000,0.0000,0.0000,0.0000,2541.0000,0.0000,0.0000,0.0000,0.0000,45,0,0,0,0,457,0,0,0,0
zc,WS301,2012-06-20 09:05:50.947,2540.0000,429368,6,0.0000,8.0000,7,1,多开,B,2540.0000,0.0000,0.0000,0.0000,0.0000,2541.0000,0.0000,0.0000,0.0000,0.0000,45,0,0,0,0,455,0,0,0,0
zc,WS301,2012-06-20 09:05:51.430,2540.0000,429370,2,0.0000,42.0000,22,20,多开,B,2540.0000,0.0000,0.0000,0.0000,0.0000,2541.0000,0.0000,0.0000,0.0000,0.0000,24,0,0,0,0,455,0,0,0,0
zc,WS301,2012-06-20 09:05:52.163,2540.0000,429374,4,0.0000,4.0000,4,0,双开,B,2540.0000,0.0000,0.0000,0.0000,0.0000,2541.0000,0.0000,0.0000,0.0000,0.0000,22,0,0,0,0,453,0,0,0,0
zc,WS301,2012-06-20 09:05:52.397,2540.0000,429374,0,0.0000,0.0000,0,0,多换,B,2540.0000,0.0000,0.0000,0.0000,0.0000,2541.0000,0.0000,0.0000,0.0000,0.0000,22,0,0,0,0,454,0,0,0,0
zc,WS301,2012-06-20 09:05:53.163,2540.0000,429376,2,0.0000,8.0000,5,3,多开,B,2540.0000,0.0000,0.0000,0.0000,0.0000,2541.0000,0.0000,0.0000,0.0000,0.0000,19,0,0,0,0,454,0,0,0,0
zc,WS301,2012-06-20 09:05:53.663,2540.0000,429376,0,0.0000,0.0000,0,0,多换,B,2540.0000,0.0000,0.0000,0.0000,0.0000,2541.0000,0.0000,0.0000,0.0000,0.0000,21,0,0,0,0,454,0,0,0,0
zc,WS301,2012-06-20 09:05:54.163,2540.0000,429376,0,0.0000,44.0000,22,22,多换,B,2539.0000,0.0000,0.0000,0.0000,0.0000,2540.0000,0.0000,0.0000,0.0000,0.0000,540,0,0,0,0,18,0,0,0,0
zc,WS301,2012-06-20 09:05:54.897,2540.0000,429366,-10,0.0000,12.0000,1,11,空平,B,2539.0000,0.0000,0.0000,0.0000,0.0000,2540.0000,0.0000,0.0000,0.0000,0.0000,540,0,0,0,0,48,0,0,0,0
zc,WS301,2012-06-20 09:05:55.397,2539.0000,429362,-4,0.0000,6.0000,1,5,多平,S,2539.0000,0.0000,0.0000,0.0000,0.0000,2540.0000,0.0000,0.0000,0.0000,0.0000,538,0,0,0,0,47,0,0,0,0
zc,WS301,2012-06-20 09:05:56.147,2540.0000,429362,0,0.0000,2.0000,1,1,多换,B,2539.0000,0.0000,0.0000,0.0000,0.0000,2540.0000,0.0000,0.0000,0.0000,0.0000,538,0,0,0,0,28,0,0,0,0
zc,WS301,2012-06-20 09:05:56.413,2540.0000,429362,0,0.0000,2.0000,1,1,多换,B,2539.0000,0.0000,0.0000,0.0000,0.0000,2540.0000,0.0000,0.0000,0.0000,0.0000,538,0,0,0,0,28,0,0,0,0
zc,WS301,2012-06-20 09:05:57.147,2540.0000,429376,14,0.0000,32.0000,23,9,多开,B,2539.0000,0.0000,0.0000,0.0000,0.0000,2540.0000,0.0000,0.0000,0.0000,0.0000,488,0,0,0,0,14,0,0,0,0
zc,WS301,2012-06-20 09:05:58.460,2539.0000,429338,-38,0.0000,50.0000,6,44,多平,S,2539.0000,0.0000,0.0000,0.0000,0.0000,2540.0000,0.0000,0.0000,0.0000,0.0000,466,0,0,0,0,51,0,0,0,0
zc,WS301,2012-06-20 09:05:58.960,2540.0000,429338,0,0.0000,22.0000,11,11,多换,B,2539.0000,0.0000,0.0000,0.0000,0.0000,2540.0000,0.0000,0.0000,0.0000,0.0000,465,0,0,0,0,41,0,0,0,0
zc,WS301,2012-06-20 09:05:59.413,2540.0000,429336,-2,0.0000,28.0000,13,15,空平,B,2539.0000,0.0000,0.0000,0.0000,0.0000,2540.0000,0.0000,0.0000,0.0000,0.0000,67,0,0,0,0,58,0,0,0,0
zc,WS301,2012-06-20 09:06:00.180,2539.0000,429220,-116,0.0000,248.0000,66,182,多平,S,2538.0000,0.0000,0.0000,0.0000,0.0000,2539.0000,0.0000,0.0000,0.0000,0.0000,282,0,0,0,0,25,0,0,0,0
zc,WS301,2012-06-20 09:06:00.697,2539.0000,429220,0,0.0000,64.0000,32,32,空换,S,2538.0000,0.0000,0.0000,0.0000,0.0000,2539.0000,0.0000,0.0000,0.0000,0.0000,266,0,0,0,0,13,0,0,0,0
zc,WS301,2012-06-20 09:06:01.397,2538.0000,429220,0,0.0000,24.0000,12,12,空换,S,2538.0000,0.0000,0.0000,0.0000,0.0000,2539.0000,0.0000,0.0000,0.0000,0.0000,268,0,0,0,0,5,0,0,0,0
zc,WS301,2012-06-20 09:06:01.947,2539.0000,429218,-2,0.0000,2.0000,0,2,双平,B,2538.0000,0.0000,0.0000,0.0000,0.0000,2539.0000,0.0000,0.0000,0.0000,0.0000,269,0,0,0,0,4,0,0,0,0
zc,WS301,2012-06-20 09:06:02.430,2538.0000,429220,2,0.0000,2.0000,2,0,双开,S,2538.0000,0.0000,0.0000,0.0000,0.0000,2539.0000,0.0000,0.0000,0.0000,0.0000,268,0,0,0,0,5,0,0,0,0
zc,WS301,2012-06-20 09:06:04.243,2538.0000,429220,0,0.0000,6.0000,3,3,空换,S,2538.0000,0.0000,0.0000,0.0000,0.0000,2539.0000,0.0000,0.0000,0.0000,0.0000,266,0,0,0,0,6,0,0,0,0
zc,WS301,2012-06-20 09:06:04.680,2538.0000,429220,0,0.0000,0.0000,0,0,空换,S,2538.0000,0.0000,0.0000,0.0000,0.0000,2539.0000,0.0000,0.0000,0.0000,0.0000,266,0,0,0,0,7,0,0,0,0
zc,WS301,2012-06-20 09:06:05.460,2538.0000,429220,0,0.0000,52.0000,26,26,空换,S,2538.0000,0.0000,0.0000,0.0000,0.0000,2539.0000,0.0000,0.0000,0.0000,0.0000,242,0,0,0,0,5,0,0,0,0
zc,WS301,2012-06-20 09:06:06.180,2539.0000,429220,0,0.0000,10.0000,5,5,多换,B,2539.0000,0.0000,0.0000,0.0000,0.0000,2540.0000,0.0000,0.0000,0.0000,0.0000,10,0,0,0,0,81,0,0,0,0
