市场代码,合约代码,时间,最新,持仓,增仓,成交额,成交量,开仓,平仓,成交类型,方向,买一价,买二价,买三价,买四价,买五价,卖一价,卖二价,卖三价,卖四价,卖五价,买一量,买二量,买三量,买四量,买五量,卖一量,卖二量,卖三量,卖四量,卖五量
zc,SR311,2012-06-07 08:59:02.497,0.0000,8,0,0.0000,0.0000,0,0,空换,S,0.0000,0.0000,0.0000,0.0000,0.0000,6223.0000,0.0000,0.0000,0.0000,0.0000,0,0,0,0,0,1,0,0,0,0
zc,SR311,2012-06-07 09:00:02.747,0.0000,8,0,0.0000,0.0000,0,0,空换,S,5743.0000,0.0000,0.0000,0.0000,0.0000,6218.0000,0.0000,0.0000,0.0000,0.0000,3,0,0,0,0,3,0,0,0,0
zc,SR311,2012-06-07 09:00:07.947,0.0000,8,0,0.0000,0.0000,0,0,空换,S,5746.0000,0.0000,0.0000,0.0000,0.0000,6218.0000,0.0000,0.0000,0.0000,0.0000,3,0,0,0,0,3,0,0,0,0
zc,SR311,2012-06-07 09:00:09.417,0.0000,8,0,0.0000,0.0000,0,0,空换,S,5746.0000,0.0000,0.0000,0.0000,0.0000,6216.0000,0.0000,0.0000,0.0000,0.0000,3,0,0,0,0,3,0,0,0,0
zc,SR311,2012-06-07 09:00:20.887,0.0000,8,0,0.0000,0.0000,0,0,空换,S,5751.0000,0.0000,0.0000,0.0000,0.0000,6216.0000,0.0000,0.0000,0.0000,0.0000,3,0,0,0,0,3,0,0,0,0
zc,SR311,2012-06-07 09:00:22.433,0.0000,8,0,0.0000,0.0000,0,0,空换,S,5754.0000,0.0000,0.0000,0.0000,0.0000,6216.0000,0.0000,0.0000,0.0000,0.0000,4,0,0,0,0,3,0,0,0,0
zc,SR311,2012-06-07 09:00:22.887,0.0000,8,0,0.0000,0.0000,0,0,空换,S,5754.0000,0.0000,0.0000,0.0000,0.0000,6211.0000,0.0000,0.0000,0.0000,0.0000,4,0,0,0,0,3,0,0,0,0
zc,SR311,2012-06-07 09:00:24.120,0.0000,8,0,0.0000,0.0000,0,0,空换,S,5754.0000,0.0000,0.0000,0.0000,0.0000,6210.0000,0.0000,0.0000,0.0000,0.0000,4,0,0,0,0,3,0,0,0,0
zc,SR311,2012-06-07 09:00:30.650,0.0000,8,0,0.0000,0.0000,0,0,空换,S,5754.0000,0.0000,0.0000,0.0000,0.0000,6211.0000,0.0000,0.0000,0.0000,0.0000,4,0,0,0,0,3,0,0,0,0
zc,SR311,2012-06-07 09:00:33.417,0.0000,8,0,0.0000,0.0000,0,0,空换,S,5759.0000,0.0000,0.0000,0.0000,0.0000,6211.0000,0.0000,0.0000,0.0000,0.0000,3,0,0,0,0,3,0,0,0,0
zc,SR311,2012-06-07 09:00:34.353,0.0000,8,0,0.0000,0.0000,0,0,空换,S,5759.0000,0.0000,0.0000,0.0000,0.0000,6206.0000,0.0000,0.0000,0.0000,0.0000,3,0,0,0,0,3,0,0,0,0
zc,SR311,2012-06-07 09:00:35.650,0.0000,8,0,0.0000,0.0000,0,0,空换,S,5762.0000,0.0000,0.0000,0.0000,0.0000,6206.0000,0.0000,0.0000,0.0000,0.0000,3,0,0,0,0,3,0,0,0,0
zc,SR311,2012-06-07 09:00:40.683,0.0000,8,0,0.0000,0.0000,0,0,空换,S,5767.0000,0.0000,0.0000,0.0000,0.0000,6206.0000,0.0000,0.0000,0.0000,0.0000,3,0,0,0,0,3,0,0,0,0
zc,SR311,2012-06-07 09:00:41.900,0.0000,8,0,0.0000,0.0000,0,0,空换,S,5770.0000,0.0000,0.0000,0.0000,0.0000,6206.0000,0.0000,0.0000,0.0000,0.0000,4,0,0,0,0,3,0,0,0,0
zc,SR311,2012-06-07 09:00:43.150,0.0000,8,0,0.0000,0.0000,0,0,空换,S,5770.0000,0.0000,0.0000,0.0000,0.0000,6206.0000,0.0000,0.0000,0.0000,0.0000,4,0,0,0,0,6,0,0,0,0
zc,SR311,2012-06-07 09:00:44.137,0.0000,8,0,0.0000,0.0000,0,0,空换,S,5770.0000,0.0000,0.0000,0.0000,0.0000,6206.0000,0.0000,0.0000,0.0000,0.0000,4,0,0,0,0,3,0,0,0,0
zc,SR311,2012-06-07 09:00:47.870,0.0000,8,0,0.0000,0.0000,0,0,空换,S,5775.0000,0.0000,0.0000,0.0000,0.0000,6206.0000,0.0000,0.0000,0.0000,0.0000,3,0,0,0,0,6,0,0,0,0
zc,SR311,2012-06-07 09:00:48.667,0.0000,8,0,0.0000,0.0000,0,0,空换,S,5778.0000,0.0000,0.0000,0.0000,0.0000,6206.0000,0.0000,0.0000,0.0000,0.0000,4,0,0,0,0,6,0,0,0,0
zc,SR311,2012-06-07 09:00:51.137,0.0000,8,0,0.0000,0.0000,0,0,空换,S,5778.0000,0.0000,0.0000,0.0000,0.0000,6206.0000,0.0000,0.0000,0.0000,0.0000,4,0,0,0,0,3,0,0,0,0
zc,SR311,2012-06-07 09:00:54.400,0.0000,8,0,0.0000,0.0000,0,0,空换,S,5783.0000,0.0000,0.0000,0.0000,0.0000,6206.0000,0.0000,0.0000,0.0000,0.0000,3,0,0,0,0,6,0,0,0,0
zc,SR311,2012-06-07 09:00:55.150,0.0000,8,0,0.0000,0.0000,0,0,空换,S,5786.0000,0.0000,0.0000,0.0000,0.0000,6206.0000,0.0000,0.0000,0.0000,0.0000,4,0,0,0,0,6,0,0,0,0
zc,SR311,2012-06-07 09:00:55.650,0.0000,8,0,0.0000,0.0000,0,0,空换,S,5786.0000,0.0000,0.0000,0.0000,0.0000,6206.0000,0.0000,0.0000,0.0000,0.0000,4,0,0,0,0,3,0,0,0,0
zc,SR311,2012-06-07 09:00:56.400,0.0000,8,0,0.0000,0.0000,0,0,空换,S,5786.0000,0.0000,0.0000,0.0000,0.0000,6205.0000,0.0000,0.0000,0.0000,0.0000,4,0,0,0,0,3,0,0,0,0
zc,SR311,2012-06-07 09:00:56.620,0.0000,8,0,0.0000,0.0000,0,0,空换,S,5786.0000,0.0000,0.0000,0.0000,0.0000,6206.0000,0.0000,0.0000,0.0000,0.0000,4,0,0,0,0,3,0,0,0,0
zc,SR311,2012-06-07 09:00:57.417,0.0000,8,0,0.0000,0.0000,0,0,空换,S,5786.0000,0.0000,0.0000,0.0000,0.0000,6205.0000,0.0000,0.0000,0.0000,0.0000,4,0,0,0,0,3,0,0,0,0
zc,SR311,2012-06-07 09:00:57.917,0.0000,8,0,0.0000,0.0000,0,0,空换,S,5786.0000,0.0000,0.0000,0.0000,0.0000,6223.0000,0.0000,0.0000,0.0000,0.0000,4,0,0,0,0,1,0,0,0,0
zc,SR311,2012-06-07 09:00:58.917,0.0000,8,0,0.0000,0.0000,0,0,空换,S,5786.0000,0.0000,0.0000,0.0000,0.0000,6221.0000,0.0000,0.0000,0.0000,0.0000,4,0,0,0,0,3,0,0,0,0
zc,SR311,2012-06-07 09:00:59.400,0.0000,8,0,0.0000,0.0000,0,0,空换,S,5786.0000,0.0000,0.0000,0.0000,0.0000,6218.0000,0.0000,0.0000,0.0000,0.0000,4,0,0,0,0,3,0,0,0,0
zc,SR311,2012-06-07 09:00:59.870,0.0000,8,0,0.0000,0.0000,0,0,空换,S,5786.0000,0.0000,0.0000,0.0000,0.0000,6216.0000,0.0000,0.0000,0.0000,0.0000,4,0,0,0,0,3,0,0,0,0
zc,SR311,2012-06-07 09:01:02.620,0.0000,8,0,0.0000,0.0000,0,0,空换,S,5791.0000,0.0000,0.0000,0.0000,0.0000,6216.0000,0.0000,0.0000,0.0000,0.0000,3,0,0,0,0,3,0,0,0,0
zc,SR311,2012-06-07 09:01:03.137,0.0000,8,0,0.0000,0.0000,0,0,空换,S,5794.0000,0.0000,0.0000,0.0000,0.0000,6211.0000,0.0000,0.0000,0.0000,0.0000,4,0,0,0,0,3,0,0,0,0
zc,SR311,2012-06-07 09:01:04.400,0.0000,8,0,0.0000,0.0000,0,0,空换,S,5794.0000,0.0000,0.0000,0.0000,0.0000,6210.0000,0.0000,0.0000,0.0000,0.0000,4,0,0,0,0,3,0,0,0,0
zc,SR311,2012-06-07 09:01:10.150,0.0000,8,0,0.0000,0.0000,0,0,空换,S,5799.0000,0.0000,0.0000,0.0000,0.0000,6210.0000,0.0000,0.0000,0.0000,0.0000,3,0,0,0,0,3,0,0,0,0
zc,SR311,2012-06-07 09:01:10.870,0.0000,8,0,0.0000,0.0000,0,0,空换,S,5802.0000,0.0000,0.0000,0.0000,0.0000,6205.0000,0.0000,0.0000,0.0000,0.0000,4,0,0,0,0,3,0,0,0,0
zc,SR311,2012-06-07 09:01:13.387,0.0000,8,0,0.0000,0.0000,0,0,空换,S,5805.0000,0.0000,0.0000,0.0000,0.0000,6205.0000,0.0000,0.0000,0.0000,0.0000,4,0,0,0,0,3,0,0,0,0
zc,SR311,2012-06-07 09:01:18.900,0.0000,8,0,0.0000,0.0000,0,0,空换,S,5810.0000,0.0000,0.0000,0.0000,0.0000,6205.0000,0.0000,0.0000,0.0000,0.0000,3,0,0,0,0,3,0,0,0,0
zc,SR311,2012-06-07 09:01:19.637,0.0000,8,0,0.0000,0.0000,0,0,空换,S,5813.0000,0.0000,0.0000,0.0000,0.0000,6205.0000,0.0000,0.0000,0.0000,0.0000,3,0,0,0,0,3,0,0,0,0
zc,SR311,2012-06-07 09:01:25.387,0.0000,8,0,0.0000,0.0000,0,0,空换,S,5818.0000,0.0000,0.0000,0.0000,0.0000,6205.0000,0.0000,0.0000,0.0000,0.0000,3,0,0,0,0,3,0,0,0,0
zc,SR311,2012-06-07 09:01:26.417,0.0000,8,0,0.0000,0.0000,0,0,空换,S,5821.0000,0.0000,0.0000,0.0000,0.0000,6205.0000,0.0000,0.0000,0.0000,0.0000,3,0,0,0,0,3,0,0,0,0
zc,SR311,2012-06-07 09:01:33.137,0.0000,8,0,0.0000,0.0000,0,0,空换,S,5826.0000,0.0000,0.0000,0.0000,0.0000,6025.0000,0.0000,0.0000,0.0000,0.0000,3,0,0,0,0,1,0,0,0,0
zc,SR311,2012-06-07 09:01:34.637,0.0000,8,0,0.0000,0.0000,0,0,空换,S,5829.0000,0.0000,0.0000,0.0000,0.0000,6025.0000,0.0000,0.0000,0.0000,0.0000,3,0,0,0,0,1,0,0,0,0
zc,SR311,2012-06-07 09:01:39.887,0.0000,8,0,0.0000,0.0000,0,0,空换,S,5834.0000,0.0000,0.0000,0.0000,0.0000,6025.0000,0.0000,0.0000,0.0000,0.0000,3,0,0,0,0,1,0,0,0,0
zc,SR311,2012-06-07 09:01:41.120,0.0000,8,0,0.0000,0.0000,0,0,空换,S,5837.0000,0.0000,0.0000,0.0000,0.0000,6025.0000,0.0000,0.0000,0.0000,0.0000,3,0,0,0,0,1,0,0,0,0
zc,SR311,2012-06-07 09:01:47.620,0.0000,8,0,0.0000,0.0000,0,0,空换,S,5842.0000,0.0000,0.0000,0.0000,0.0000,6025.0000,0.0000,0.0000,0.0000,0.0000,3,0,0,0,0,1,0,0,0,0
zc,SR311,2012-06-07 09:01:48.103,0.0000,8,0,0.0000,0.0000,0,0,空换,S,5844.0000,0.0000,0.0000,0.0000,0.0000,6025.0000,0.0000,0.0000,0.0000,0.0000,3,0,0,0,0,1,0,0,0,0
zc,SR311,2012-06-07 09:01:51.887,0.0000,8,0,0.0000,0.0000,0,0,空换,S,6016.0000,0.0000,0.0000,0.0000,0.0000,6025.0000,0.0000,0.0000,0.0000,0.0000,1,0,0,0,0,1,0,0,0,0
zc,SR311,2012-06-07 09:01:55.103,6025.0000,8,0,0.0000,2.0000,1,1,多换,B,0.0000,0.0000,0.0000,0.0000,0.0000,6145.0000,0.0000,0.0000,0.0000,0.0000,0,0,0,0,0,1,0,0,0,0
zc,SR311,2012-06-07 09:01:57.387,6025.0000,8,0,0.0000,0.0000,0,0,多换,B,5746.0000,0.0000,0.0000,0.0000,0.0000,6142.0000,0.0000,0.0000,0.0000,0.0000,6,0,0,0,0,2,0,0,0,0
zc,SR311,2012-06-07 09:02:02.387,6025.0000,8,0,0.0000,0.0000,0,0,多换,B,5751.0000,0.0000,0.0000,0.0000,0.0000,6142.0000,0.0000,0.0000,0.0000,0.0000,3,0,0,0,0,2,0,0,0,0
zc,SR311,2012-06-07 09:02:03.087,6025.0000,8,0,0.0000,0.0000,0,0,多换,B,5754.0000,0.0000,0.0000,0.0000,0.0000,6142.0000,0.0000,0.0000,0.0000,0.0000,6,0,0,0,0,2,0,0,0,0
zc,SR311,2012-06-07 09:02:03.650,6025.0000,8,0,0.0000,0.0000,0,0,多换,B,5754.0000,0.0000,0.0000,0.0000,0.0000,6107.0000,0.0000,0.0000,0.0000,0.0000,6,0,0,0,0,1,0,0,0,0
zc,SR311,2012-06-07 09:02:08.887,6025.0000,8,0,0.0000,0.0000,0,0,多换,B,5759.0000,0.0000,0.0000,0.0000,0.0000,6107.0000,0.0000,0.0000,0.0000,0.0000,3,0,0,0,0,1,0,0,0,0
zc,SR311,2012-06-07 09:02:10.120,6025.0000,8,0,0.0000,0.0000,0,0,多换,B,5762.0000,0.0000,0.0000,0.0000,0.0000,6107.0000,0.0000,0.0000,0.0000,0.0000,6,0,0,0,0,1,0,0,0,0
zc,SR311,2012-06-07 09:02:16.667,6025.0000,8,0,0.0000,0.0000,0,0,多换,B,5767.0000,0.0000,0.0000,0.0000,0.0000,6107.0000,0.0000,0.0000,0.0000,0.0000,3,0,0,0,0,1,0,0,0,0
zc,SR311,2012-06-07 09:02:17.120,6025.0000,8,0,0.0000,0.0000,0,0,多换,B,5770.0000,0.0000,0.0000,0.0000,0.0000,6107.0000,0.0000,0.0000,0.0000,0.0000,4,0,0,0,0,1,0,0,0,0
zc,SR311,2012-06-07 09:02:23.150,6025.0000,8,0,0.0000,0.0000,0,0,多换,B,5775.0000,0.0000,0.0000,0.0000,0.0000,6105.0000,0.0000,0.0000,0.0000,0.0000,3,0,0,0,0,1,0,0,0,0
zc,SR311,2012-06-07 09:02:23.870,6025.0000,8,0,0.0000,0.0000,0,0,多换,B,5778.0000,0.0000,0.0000,0.0000,0.0000,6105.0000,0.0000,0.0000,0.0000,0.0000,4,0,0,0,0,1,0,0,0,0
zc,SR311,2012-06-07 09:02:29.620,6025.0000,8,0,0.0000,0.0000,0,0,多换,B,5783.0000,0.0000,0.0000,0.0000,0.0000,6105.0000,0.0000,0.0000,0.0000,0.0000,3,0,0,0,0,1,0,0,0,0
zc,SR311,2012-06-07 09:02:30.837,6025.0000,8,0,0.0000,0.0000,0,0,多换,B,5786.0000,0.0000,0.0000,0.0000,0.0000,6105.0000,0.0000,0.0000,0.0000,0.0000,4,0,0,0,0,1,0,0,0,0
zc,SR311,2012-06-07 09:02:35.900,6025.0000,8,0,0.0000,0.0000,0,0,多换,B,5786.0000,0.0000,0.0000,0.0000,0.0000,6104.0000,0.0000,0.0000,0.0000,0.0000,4,0,0,0,0,1,0,0,0,0
zc,SR311,2012-06-07 09:02:38.087,6025.0000,8,0,0.0000,0.0000,0,0,多换,B,5791.0000,0.0000,0.0000,0.0000,0.0000,6104.0000,0.0000,0.0000,0.0000,0.0000,3,0,0,0,0,1,0,0,0,0
zc,SR311,2012-06-07 09:02:39.137,6025.0000,8,0,0.0000,0.0000,0,0,多换,B,5794.0000,0.0000,0.0000,0.0000,0.0000,6104.0000,0.0000,0.0000,0.0000,0.0000,4,0,0,0,0,1,0,0,0,0
zc,SR311,2012-06-07 09:02:46.587,6025.0000,8,0,0.0000,0.0000,0,0,多换,B,5799.0000,0.0000,0.0000,0.0000,0.0000,6104.0000,0.0000,0.0000,0.0000,0.0000,3,0,0,0,0,1,0,0,0,0
zc,SR311,2012-06-07 09:02:47.887,6025.0000,8,0,0.0000,0.0000,0,0,多换,B,5802.0000,0.0000,0.0000,0.0000,0.0000,6104.0000,0.0000,0.0000,0.0000,0.0000,4,0,0,0,0,1,0,0,0,0
zc,SR311,2012-06-07 09:02:54.370,6025.0000,8,0,0.0000,0.0000,0,0,多换,B,5807.0000,0.0000,0.0000,0.0000,0.0000,6104.0000,0.0000,0.0000,0.0000,0.0000,3,0,0,0,0,1,0,0,0,0
zc,SR311,2012-06-07 09:02:55.603,6025.0000,8,0,0.0000,0.0000,0,0,多换,B,5810.0000,0.0000,0.0000,0.0000,0.0000,6104.0000,0.0000,0.0000,0.0000,0.0000,4,0,0,0,0,1,0,0,0,0
zc,SR311,2012-06-07 09:02:59.137,6025.0000,8,0,0.0000,0.0000,0,0,多换,B,5810.0000,0.0000,0.0000,0.0000,0.0000,6102.0000,0.0000,0.0000,0.0000,0.0000,4,0,0,0,0,1,0,0,0,0
zc,SR311,2012-06-07 09:03:01.603,6025.0000,8,0,0.0000,0.0000,0,0,多换,B,5815.0000,0.0000,0.0000,0.0000,0.0000,6102.0000,0.0000,0.0000,0.0000,0.0000,3,0,0,0,0,1,0,0,0,0
zc,SR311,2012-06-07 09:03:02.400,6025.0000,8,0,0.0000,0.0000,0,0,多换,B,5818.0000,0.0000,0.0000,0.0000,0.0000,6102.0000,0.0000,0.0000,0.0000,0.0000,3,0,0,0,0,1,0,0,0,0
zc,SR311,2012-06-07 09:03:03.587,6025.0000,8,0,0.0000,0.0000,0,0,多换,B,5815.0000,0.0000,0.0000,0.0000,0.0000,6102.0000,0.0000,0.0000,0.0000,0.0000,3,0,0,0,0,1,0,0,0,0
zc,SR311,2012-06-07 09:03:11.137,6025.0000,8,0,0.0000,0.0000,0,0,多换,B,5815.0000,0.0000,0.0000,0.0000,0.0000,6104.0000,0.0000,0.0000,0.0000,0.0000,3,0,0,0,0,1,0,0,0,0
zc,SR311,2012-06-07 09:03:54.337,6025.0000,8,0,0.0000,0.0000,0,0,多换,B,5952.0000,0.0000,0.0000,0.0000,0.0000,6104.0000,0.0000,0.0000,0.0000,0.0000,1,0,0,0,0,1,0,0,0,0
zc,SR311,2012-06-07 09:04:04.870,6025.0000,8,0,0.0000,0.0000,0,0,多换,B,5952.0000,0.0000,0.0000,0.0000,0.0000,6092.0000,0.0000,0.0000,0.0000,0.0000,1,0,0,0,0,1,0,0,0,0
zc,SR311,2012-06-07 09:04:43.900,6025.0000,8,0,0.0000,0.0000,0,0,多换,B,5952.0000,0.0000,0.0000,0.0000,0.0000,6083.0000,0.0000,0.0000,0.0000,0.0000,1,0,0,0,0,1,0,0,0,0
zc,SR311,2012-06-07 09:06:42.120,6025.0000,8,0,0.0000,0.0000,0,0,多换,B,5952.0000,0.0000,0.0000,0.0000,0.0000,6080.0000,0.0000,0.0000,0.0000,0.0000,1,0,0,0,0,1,0,0,0,0
zc,SR311,2012-06-07 09:06:57.027,6025.0000,8,0,0.0000,0.0000,0,0,多换,B,5952.0000,0.0000,0.0000,0.0000,0.0000,6080.0000,0.0000,0.0000,0.0000,0.0000,1,0,0,0,0,1,0,0,0,0
zc,SR311,2012-06-07 09:07:07.870,6025.0000,8,0,0.0000,0.0000,0,0,多换,B,5952.0000,0.0000,0.0000,0.0000,0.0000,6083.0000,0.0000,0.0000,0.0000,0.0000,1,0,0,0,0,1,0,0,0,0
zc,SR311,2012-06-07 09:08:35.370,6025.0000,8,0,0.0000,0.0000,0,0,多换,B,5952.0000,0.0000,0.0000,0.0000,0.0000,6082.0000,0.0000,0.0000,0.0000,0.0000,1,0,0,0,0,1,0,0,0,0
zc,SR311,2012-06-07 09:08:39.650,6025.0000,8,0,0.0000,0.0000,0,0,多换,B,5952.0000,0.0000,0.0000,0.0000,0.0000,6083.0000,0.0000,0.0000,0.0000,0.0000,1,0,0,0,0,1,0,0,0,0
zc,SR311,2012-06-07 09:09:00.150,6025.0000,8,0,0.0000,0.0000,0,0,多换,B,5952.0000,0.0000,0.0000,0.0000,0.0000,6104.0000,0.0000,0.0000,0.0000,0.0000,1,0,0,0,0,1,0,0,0,0
zc,SR311,2012-06-07 09:09:11.587,6025.0000,8,0,0.0000,0.0000,0,0,多换,B,5952.0000,0.0000,0.0000,0.0000,0.0000,6087.0000,0.0000,0.0000,0.0000,0.0000,1,0,0,0,0,1,0,0,0,0
zc,SR311,2012-06-07 09:10:17.837,6025.0000,8,0,0.0000,0.0000,0,0,多换,B,5952.0000,0.0000,0.0000,0.0000,0.0000,6083.0000,0.0000,0.0000,0.0000,0.0000,1,0,0,0,0,1,0,0,0,0
zc,SR311,2012-06-07 09:10:25.323,6025.0000,8,0,0.0000,0.0000,0,0,多换,B,5952.0000,0.0000,0.0000,0.0000,0.0000,6087.0000,0.0000,0.0000,0.0000,0.0000,1,0,0,0,0,1,0,0,0,0
zc,SR311,2012-06-07 09:10:36.650,6025.0000,8,0,0.0000,0.0000,0,0,多换,B,5952.0000,0.0000,0.0000,0.0000,0.0000,6104.0000,0.0000,0.0000,0.0000,0.0000,1,0,0,0,0,1,0,0,0,0
zc,SR311,2012-06-07 09:11:29.087,6025.0000,8,0,0.0000,0.0000,0,0,多换,B,5953.0000,0.0000,0.0000,0.0000,0.0000,6104.0000,0.0000,0.0000,0.0000,0.0000,2,0,0,0,0,1,0,0,0,0
zc,SR311,2012-06-07 09:12:02.323,6025.0000,8,0,0.0000,0.0000,0,0,多换,B,5952.0000,0.0000,0.0000,0.0000,0.0000,6104.0000,0.0000,0.0000,0.0000,0.0000,1,0,0,0,0,1,0,0,0,0
zc,SR311,2012-06-07 09:12:27.573,6025.0000,8,0,0.0000,0.0000,0,0,多换,B,5952.0000,0.0000,0.0000,0.0000,0.0000,6090.0000,0.0000,0.0000,0.0000,0.0000,1,0,0,0,0,1,0,0,0,0
zc,SR311,2012-06-07 09:12:45.870,6025.0000,8,0,0.0000,0.0000,0,0,多换,B,5952.0000,0.0000,0.0000,0.0000,0.0000,6087.0000,0.0000,0.0000,0.0000,0.0000,1,0,0,0,0,1,0,0,0,0
zc,SR311,2012-06-07 09:13:00.837,6025.0000,8,0,0.0000,0.0000,0,0,多换,B,5952.0000,0.0000,0.0000,0.0000,0.0000,6090.0000,0.0000,0.0000,0.0000,0.0000,1,0,0,0,0,1,0,0,0,0
zc,SR311,2012-06-07 09:13:18.323,6025.0000,8,0,0.0000,0.0000,0,0,多换,B,6020.0000,0.0000,0.0000,0.0000,0.0000,6090.0000,0.0000,0.0000,0.0000,0.0000,3,0,0,0,0,1,0,0,0,0
zc,SR311,2012-06-07 09:14:19.603,6025.0000,8,0,0.0000,0.0000,0,0,多换,B,6020.0000,0.0000,0.0000,0.0000,0.0000,6092.0000,0.0000,0.0000,0.0000,0.0000,3,0,0,0,0,1,0,0,0,0
zc,SR311,2012-06-07 09:15:26.057,6025.0000,8,0,0.0000,0.0000,0,0,多换,B,6020.0000,0.0000,0.0000,0.0000,0.0000,6092.0000,0.0000,0.0000,0.0000,0.0000,3,0,0,0,0,1,0,0,0,0
zc,SR311,2012-06-07 09:16:40.073,6025.0000,8,0,0.0000,0.0000,0,0,多换,B,5952.0000,0.0000,0.0000,0.0000,0.0000,6092.0000,0.0000,0.0000,0.0000,0.0000,1,0,0,0,0,1,0,0,0,0
zc,SR311,2012-06-07 09:16:40.807,6025.0000,8,0,0.0000,0.0000,0,0,多换,B,5953.0000,0.0000,0.0000,0.0000,0.0000,6092.0000,0.0000,0.0000,0.0000,0.0000,3,0,0,0,0,1,0,0,0,0
zc,SR311,2012-06-07 09:17:44.307,6025.0000,8,0,0.0000,0.0000,0,0,多换,B,5952.0000,0.0000,0.0000,0.0000,0.0000,6092.0000,0.0000,0.0000,0.0000,0.0000,1,0,0,0,0,1,0,0,0,0
zc,SR311,2012-06-07 09:17:45.027,6025.0000,8,0,0.0000,0.0000,0,0,多换,B,5952.0000,0.0000,0.0000,0.0000,0.0000,6092.0000,0.0000,0.0000,0.0000,0.0000,4,0,0,0,0,1,0,0,0,0
zc,SR311,2012-06-07 09:17:49.323,6025.0000,8,0,0.0000,0.0000,0,0,多换,B,5952.0000,0.0000,0.0000,0.0000,0.0000,6092.0000,0.0000,0.0000,0.0000,0.0000,1,0,0,0,0,1,0,0,0,0
zc,SR311,2012-06-07 09:23:10.120,6025.0000,8,0,0.0000,0.0000,0,0,多换,B,5952.0000,0.0000,0.0000,0.0000,0.0000,6083.0000,0.0000,0.0000,0.0000,0.0000,1,0,0,0,0,1,0,0,0,0
zc,SR311,2012-06-07 09:23:32.057,6025.0000,8,0,0.0000,0.0000,0,0,多换,B,5952.0000,0.0000,0.0000,0.0000,0.0000,6092.0000,0.0000,0.0000,0.0000,0.0000,1,0,0,0,0,1,0,0,0,0
zc,SR311,2012-06-07 09:23:58.323,6025.0000,8,0,0.0000,0.0000,0,0,多换,B,5952.0000,0.0000,0.0000,0.0000,0.0000,6083.0000,0.0000,0.0000,0.0000,0.0000,1,0,0,0,0,1,0,0,0,0
zc,SR311,2012-06-07 09:24:14.323,6025.0000,8,0,0.0000,0.0000,0,0,多换,B,5952.0000,0.0000,0.0000,0.0000,0.0000,6092.0000,0.0000,0.0000,0.0000,0.0000,1,0,0,0,0,1,0,0,0,0
zc,SR311,2012-06-07 09:30:38.540,6025.0000,8,0,0.0000,0.0000,0,0,多换,B,5952.0000,0.0000,0.0000,0.0000,0.0000,6083.0000,0.0000,0.0000,0.0000,0.0000,1,0,0,0,0,1,0,0,0,0
zc,SR311,2012-06-07 09:30:44.307,6025.0000,8,0,0.0000,0.0000,0,0,多换,B,5952.0000,0.0000,0.0000,0.0000,0.0000,6092.0000,0.0000,0.0000,0.0000,0.0000,1,0,0,0,0,1,0,0,0,0
zc,SR311,2012-06-07 09:30:49.307,6025.0000,8,0,0.0000,0.0000,0,0,多换,B,5952.0000,0.0000,0.0000,0.0000,0.0000,6084.0000,0.0000,0.0000,0.0000,0.0000,1,0,0,0,0,1,0,0,0,0
zc,SR311,2012-06-07 09:30:59.073,6025.0000,8,0,0.0000,0.0000,0,0,多换,B,5952.0000,0.0000,0.0000,0.0000,0.0000,6092.0000,0.0000,0.0000,0.0000,0.0000,1,0,0,0,0,1,0,0,0,0
zc,SR311,2012-06-07 09:31:05.307,6025.0000,8,0,0.0000,0.0000,0,0,多换,B,5952.0000,0.0000,0.0000,0.0000,0.0000,6085.0000,0.0000,0.0000,0.0000,0.0000,1,0,0,0,0,1,0,0,0,0
zc,SR311,2012-06-07 09:31:14.087,6025.0000,8,0,0.0000,0.0000,0,0,多换,B,5952.0000,0.0000,0.0000,0.0000,0.0000,6082.0000,0.0000,0.0000,0.0000,0.0000,1,0,0,0,0,1,0,0,0,0
zc,SR311,2012-06-07 09:31:40.290,6025.0000,8,0,0.0000,0.0000,0,0,多换,B,5952.0000,0.0000,0.0000,0.0000,0.0000,6085.0000,0.0000,0.0000,0.0000,0.0000,1,0,0,0,0,1,0,0,0,0
zc,SR311,2012-06-07 09:32:06.573,6025.0000,8,0,0.0000,0.0000,0,0,多换,B,5952.0000,0.0000,0.0000,0.0000,0.0000,6081.0000,0.0000,0.0000,0.0000,0.0000,1,0,0,0,0,1,0,0,0,0
zc,SR311,2012-06-07 09:33:18.307,6025.0000,8,0,0.0000,0.0000,0,0,多换,B,5952.0000,0.0000,0.0000,0.0000,0.0000,6079.0000,0.0000,0.0000,0.0000,0.0000,1,0,0,0,0,1,0,0,0,0
zc,SR311,2012-06-07 09:33:51.073,6025.0000,8,0,0.0000,0.0000,0,0,多换,B,5952.0000,0.0000,0.0000,0.0000,0.0000,6081.0000,0.0000,0.0000,0.0000,0.0000,1,0,0,0,0,1,0,0,0,0
zc,SR311,2012-06-07 09:34:33.620,6025.0000,8,0,0.0000,0.0000,0,0,多换,B,5952.0000,0.0000,0.0000,0.0000,0.0000,6085.0000,0.0000,0.0000,0.0000,0.0000,1,0,0,0,0,1,0,0,0,0
zc,SR311,2012-06-07 09:34:38.807,6025.0000,8,0,0.0000,0.0000,0,0,多换,B,5960.0000,0.0000,0.0000,0.0000,0.0000,6085.0000,0.0000,0.0000,0.0000,0.0000,1,0,0,0,0,1,0,0,0,0
zc,SR311,2012-06-07 09:34:58.073,6025.0000,8,0,0.0000,0.0000,0,0,多换,B,5960.0000,0.0000,0.0000,0.0000,0.0000,6084.0000,0.0000,0.0000,0.0000,0.0000,1,0,0,0,0,1,0,0,0,0
zc,SR311,2012-06-07 09:36:49.307,6025.0000,8,0,0.0000,0.0000,0,0,多换,B,5960.0000,0.0000,0.0000,0.0000,0.0000,6083.0000,0.0000,0.0000,0.0000,0.0000,1,0,0,0,0,1,0,0,0,0
zc,SR311,2012-06-07 09:38:31.057,6025.0000,8,0,0.0000,0.0000,0,0,多换,B,5960.0000,0.0000,0.0000,0.0000,0.0000,6082.0000,0.0000,0.0000,0.0000,0.0000,1,0,0,0,0,1,0,0,0,0
zc,SR311,2012-06-07 09:39:06.790,6025.0000,8,0,0.0000,0.0000,0,0,多换,B,5960.0000,0.0000,0.0000,0.0000,0.0000,6081.0000,0.0000,0.0000,0.0000,0.0000,1,0,0,0,0,1,0,0,0,0
zc,SR311,2012-06-07 09:39:46.290,6025.0000,8,0,0.0000,0.0000,0,0,多换,B,5960.0000,0.0000,0.0000,0.0000,0.0000,6083.0000,0.0000,0.0000,0.0000,0.0000,1,0,0,0,0,1,0,0,0,0
zc,SR311,2012-06-07 09:40:29.290,6025.0000,8,0,0.0000,0.0000,0,0,多换,B,5960.0000,0.0000,0.0000,0.0000,0.0000,6082.0000,0.0000,0.0000,0.0000,0.0000,1,0,0,0,0,1,0,0,0,0
zc,SR311,2012-06-07 09:41:27.307,6025.0000,8,0,0.0000,0.0000,0,0,多换,B,5960.0000,0.0000,0.0000,0.0000,0.0000,6083.0000,0.0000,0.0000,0.0000,0.0000,1,0,0,0,0,1,0,0,0,0
zc,SR311,2012-06-07 09:41:52.540,6025.0000,8,0,0.0000,0.0000,0,0,多换,B,5960.0000,0.0000,0.0000,0.0000,0.0000,6084.0000,0.0000,0.0000,0.0000,0.0000,1,0,0,0,0,1,0,0,0,0
zc,SR311,2012-06-07 09:44:56.277,6025.0000,8,0,0.0000,0.0000,0,0,多换,B,5960.0000,0.0000,0.0000,0.0000,0.0000,6085.0000,0.0000,0.0000,0.0000,0.0000,1,0,0,0,0,1,0,0,0,0
zc,SR311,2012-06-07 09:47:27.790,6025.0000,8,0,0.0000,0.0000,0,0,多换,B,5960.0000,0.0000,0.0000,0.0000,0.0000,6092.0000,0.0000,0.0000,0.0000,0.0000,1,0,0,0,0,1,0,0,0,0
zc,SR311,2012-06-07 09:47:52.823,6025.0000,8,0,0.0000,0.0000,0,0,多换,B,5960.0000,0.0000,0.0000,0.0000,0.0000,6093.0000,0.0000,0.0000,0.0000,0.0000,1,0,0,0,0,1,0,0,0,0
zc,SR311,2012-06-07 09:47:59.307,6025.0000,8,0,0.0000,0.0000,0,0,多换,B,5960.0000,0.0000,0.0000,0.0000,0.0000,6099.0000,0.0000,0.0000,0.0000,0.0000,1,0,0,0,0,1,0,0,0,0
zc,SR311,2012-06-07 09:48:43.790,6025.0000,8,0,0.0000,0.0000,0,0,多换,B,5960.0000,0.0000,0.0000,0.0000,0.0000,6090.0000,0.0000,0.0000,0.0000,0.0000,1,0,0,0,0,1,0,0,0,0
zc,SR311,2012-06-07 09:48:49.510,6025.0000,8,0,0.0000,0.0000,0,0,多换,B,5988.0000,0.0000,0.0000,0.0000,0.0000,6090.0000,0.0000,0.0000,0.0000,0.0000,1,0,0,0,0,1,0,0,0,0
zc,SR311,2012-06-07 09:49:07.290,6025.0000,8,0,0.0000,0.0000,0,0,多换,B,5991.0000,0.0000,0.0000,0.0000,0.0000,6090.0000,0.0000,0.0000,0.0000,0.0000,1,0,0,0,0,1,0,0,0,0
zc,SR311,2012-06-07 09:49:17.807,6025.0000,8,0,0.0000,0.0000,0,0,多换,B,5988.0000,0.0000,0.0000,0.0000,0.0000,6090.0000,0.0000,0.0000,0.0000,0.0000,1,0,0,0,0,1,0,0,0,0
zc,SR311,2012-06-07 09:49:28.527,6025.0000,8,0,0.0000,0.0000,0,0,多换,B,5987.0000,0.0000,0.0000,0.0000,0.0000,6090.0000,0.0000,0.0000,0.0000,0.0000,1,0,0,0,0,1,0,0,0,0
zc,SR311,2012-06-07 09:49:41.307,6025.0000,8,0,0.0000,0.0000,0,0,多换,B,5986.0000,0.0000,0.0000,0.0000,0.0000,6090.0000,0.0000,0.0000,0.0000,0.0000,1,0,0,0,0,1,0,0,0,0
zc,SR311,2012-06-07 09:49:57.540,6025.0000,8,0,0.0000,0.0000,0,0,多换,B,5985.0000,0.0000,0.0000,0.0000,0.0000,6090.0000,0.0000,0.0000,0.0000,0.0000,1,0,0,0,0,1,0,0,0,0
zc,SR311,2012-06-07 09:52:05.010,6025.0000,8,0,0.0000,0.0000,0,0,多换,B,5987.0000,0.0000,0.0000,0.0000,0.0000,6090.0000,0.0000,0.0000,0.0000,0.0000,1,0,0,0,0,1,0,0,0,0
zc,SR311,2012-06-07 09:52:13.010,6025.0000,8,0,0.0000,0.0000,0,0,多换,B,5985.0000,0.0000,0.0000,0.0000,0.0000,6090.0000,0.0000,0.0000,0.0000,0.0000,1,0,0,0,0,1,0,0,0,0
zc,SR311,2012-06-07 09:52:46.540,6025.0000,8,0,0.0000,0.0000,0,0,多换,B,5983.0000,0.0000,0.0000,0.0000,0.0000,6090.0000,0.0000,0.0000,0.0000,0.0000,1,0,0,0,0,1,0,0,0,0
zc,SR311,2012-06-07 09:53:06.277,6025.0000,8,0,0.0000,0.0000,0,0,多换,B,5983.0000,0.0000,0.0000,0.0000,0.0000,6084.0000,0.0000,0.0000,0.0000,0.0000,1,0,0,0,0,1,0,0,0,0
zc,SR311,2012-06-07 09:53:45.027,6025.0000,8,0,0.0000,0.0000,0,0,多换,B,6000.0000,0.0000,0.0000,0.0000,0.0000,6084.0000,0.0000,0.0000,0.0000,0.0000,3,0,0,0,0,1,0,0,0,0
zc,SR311,2012-06-07 09:54:17.760,6025.0000,8,0,0.0000,0.0000,0,0,多换,B,6000.0000,0.0000,0.0000,0.0000,0.0000,6090.0000,0.0000,0.0000,0.0000,0.0000,3,0,0,0,0,1,0,0,0,0
zc,SR311,2012-06-07 09:54:45.510,6025.0000,8,0,0.0000,0.0000,0,0,多换,B,6000.0000,0.0000,0.0000,0.0000,0.0000,6086.0000,0.0000,0.0000,0.0000,0.0000,3,0,0,0,0,1,0,0,0,0
zc,SR311,2012-06-07 09:55:43.027,6025.0000,8,0,0.0000,0.0000,0,0,多换,B,6000.0000,0.0000,0.0000,0.0000,0.0000,6090.0000,0.0000,0.0000,0.0000,0.0000,3,0,0,0,0,1,0,0,0,0
zc,SR311,2012-06-07 09:58:45.040,6025.0000,8,0,0.0000,0.0000,0,0,多换,B,6000.0000,0.0000,0.0000,0.0000,0.0000,6096.0000,0.0000,0.0000,0.0000,0.0000,3,0,0,0,0,1,0,0,0,0
zc,SR311,2012-06-07 09:58:55.510,6025.0000,8,0,0.0000,0.0000,0,0,多换,B,6000.0000,0.0000,0.0000,0.0000,0.0000,6091.0000,0.0000,0.0000,0.0000,0.0000,3,0,0,0,0,1,0,0,0,0
zc,SR311,2012-06-07 10:01:04.307,6025.0000,8,0,0.0000,0.0000,0,0,多换,B,6000.0000,0.0000,0.0000,0.0000,0.0000,6090.0000,0.0000,0.0000,0.0000,0.0000,3,0,0,0,0,1,0,0,0,0
zc,SR311,2012-06-07 10:01:31.527,6025.0000,8,0,0.0000,0.0000,0,0,多换,B,6000.0000,0.0000,0.0000,0.0000,0.0000,6089.0000,0.0000,0.0000,0.0000,0.0000,3,0,0,0,0,1,0,0,0,0
zc,SR311,2012-06-07 10:01:45.777,6025.0000,8,0,0.0000,0.0000,0,0,多换,B,6000.0000,0.0000,0.0000,0.0000,0.0000,6088.0000,0.0000,0.0000,0.0000,0.0000,3,0,0,0,0,1,0,0,0,0
zc,SR311,2012-06-07 10:01:56.980,6025.0000,8,0,0.0000,0.0000,0,0,多换,B,6000.0000,0.0000,0.0000,0.0000,0.0000,6088.0000,0.0000,0.0000,0.0000,0.0000,3,0,0,0,0,1,0,0,0,0
zc,SR311,2012-06-07 10:02:50.260,6025.0000,8,0,0.0000,0.0000,0,0,多换,B,6000.0000,0.0000,0.0000,0.0000,0.0000,6088.0000,0.0000,0.0000,0.0000,0.0000,3,0,0,0,0,2,0,0,0,0
zc,SR311,2012-06-07 10:02:52.777,6025.0000,8,0,0.0000,0.0000,0,0,多换,B,6000.0000,0.0000,0.0000,0.0000,0.0000,6088.0000,0.0000,0.0000,0.0000,0.0000,3,0,0,0,0,1,0,0,0,0
zc,SR311,2012-06-07 10:03:04.040,6025.0000,8,0,0.0000,0.0000,0,0,多换,B,6000.0000,0.0000,0.0000,0.0000,0.0000,6089.0000,0.0000,0.0000,0.0000,0.0000,3,0,0,0,0,2,0,0,0,0
zc,SR311,2012-06-07 10:03:05.777,6025.0000,8,0,0.0000,0.0000,0,0,多换,B,6000.0000,0.0000,0.0000,0.0000,0.0000,6089.0000,0.0000,0.0000,0.0000,0.0000,3,0,0,0,0,1,0,0,0,0
zc,SR311,2012-06-07 10:03:11.027,6025.0000,8,0,0.0000,0.0000,0,0,多换,B,6000.0000,0.0000,0.0000,0.0000,0.0000,6087.0000,0.0000,0.0000,0.0000,0.0000,3,0,0,0,0,1,0,0,0,0
zc,SR311,2012-06-07 10:04:46.527,6025.0000,8,0,0.0000,0.0000,0,0,多换,B,6000.0000,0.0000,0.0000,0.0000,0.0000,6089.0000,0.0000,0.0000,0.0000,0.0000,3,0,0,0,0,1,0,0,0,0
zc,SR311,2012-06-07 10:05:10.260,6025.0000,8,0,0.0000,0.0000,0,0,多换,B,6000.0000,0.0000,0.0000,0.0000,0.0000,6089.0000,0.0000,0.0000,0.0000,0.0000,3,0,0,0,0,2,0,0,0,0
zc,SR311,2012-06-07 10:05:16.277,6025.0000,8,0,0.0000,0.0000,0,0,多换,B,6000.0000,0.0000,0.0000,0.0000,0.0000,6089.0000,0.0000,0.0000,0.0000,0.0000,3,0,0,0,0,1,0,0,0,0
zc,SR311,2012-06-07 10:05:41.527,6025.0000,8,0,0.0000,0.0000,0,0,多换,B,6000.0000,0.0000,0.0000,0.0000,0.0000,6089.0000,0.0000,0.0000,0.0000,0.0000,3,0,0,0,0,2,0,0,0,0
zc,SR311,2012-06-07 10:07:36.790,6025.0000,8,0,0.0000,0.0000,0,0,多换,B,6000.0000,0.0000,0.0000,0.0000,0.0000,6089.0000,0.0000,0.0000,0.0000,0.0000,3,0,0,0,0,1,0,0,0,0
zc,SR311,2012-06-07 10:10:27.527,6025.0000,8,0,0.0000,0.0000,0,0,多换,B,6001.0000,0.0000,0.0000,0.0000,0.0000,6093.0000,0.0000,0.0000,0.0000,0.0000,1,0,0,0,0,2,0,0,0,0
zc,SR311,2012-06-07 10:10:29.510,6025.0000,8,0,0.0000,0.0000,0,0,多换,B,6001.0000,0.0000,0.0000,0.0000,0.0000,6093.0000,0.0000,0.0000,0.0000,0.0000,1,0,0,0,0,1,0,0,0,0
zc,SR311,2012-06-07 10:10:31.057,6025.0000,8,0,0.0000,0.0000,0,0,多换,B,6000.0000,0.0000,0.0000,0.0000,0.0000,6093.0000,0.0000,0.0000,0.0000,0.0000,3,0,0,0,0,1,0,0,0,0
zc,SR311,2012-06-07 10:11:29.997,6025.0000,8,0,0.0000,0.0000,0,0,多换,B,6005.0000,0.0000,0.0000,0.0000,0.0000,6094.0000,0.0000,0.0000,0.0000,0.0000,1,0,0,0,0,1,0,0,0,0
zc,SR311,2012-06-07 10:11:49.510,6025.0000,8,0,0.0000,0.0000,0,0,多换,B,6006.0000,0.0000,0.0000,0.0000,0.0000,6096.0000,0.0000,0.0000,0.0000,0.0000,1,0,0,0,0,1,0,0,0,0
zc,SR311,2012-06-07 10:11:50.497,6025.0000,8,0,0.0000,0.0000,0,0,多换,B,6005.0000,0.0000,0.0000,0.0000,0.0000,6096.0000,0.0000,0.0000,0.0000,0.0000,1,0,0,0,0,1,0,0,0,0
zc,SR311,2012-06-07 10:12:00.260,6025.0000,8,0,0.0000,0.0000,0,0,多换,B,6000.0000,0.0000,0.0000,0.0000,0.0000,6096.0000,0.0000,0.0000,0.0000,0.0000,3,0,0,0,0,1,0,0,0,0
zc,SR311,2012-06-07 10:12:14.747,6025.0000,8,0,0.0000,0.0000,0,0,多换,B,6000.0000,0.0000,0.0000,0.0000,0.0000,6096.0000,0.0000,0.0000,0.0000,0.0000,3,0,0,0,0,2,0,0,0,0
zc,SR311,2012-06-07 10:12:37.527,6025.0000,8,0,0.0000,0.0000,0,0,多换,B,6000.0000,0.0000,0.0000,0.0000,0.0000,6096.0000,0.0000,0.0000,0.0000,0.0000,4,0,0,0,0,2,0,0,0,0
zc,SR311,2012-06-07 10:12:45.497,6025.0000,8,0,0.0000,0.0000,0,0,多换,B,6000.0000,0.0000,0.0000,0.0000,0.0000,6091.0000,0.0000,0.0000,0.0000,0.0000,4,0,0,0,0,1,0,0,0,0
zc,SR311,2012-06-07 10:12:55.260,6025.0000,8,0,0.0000,0.0000,0,0,多换,B,6000.0000,0.0000,0.0000,0.0000,0.0000,6096.0000,0.0000,0.0000,0.0000,0.0000,4,0,0,0,0,2,0,0,0,0
zc,SR311,2012-06-07 10:13:00.230,6025.0000,8,0,0.0000,0.0000,0,0,多换,B,6000.0000,0.0000,0.0000,0.0000,0.0000,6095.0000,0.0000,0.0000,0.0000,0.0000,4,0,0,0,0,1,0,0,0,0
zc,SR311,2012-06-07 10:13:10.260,6025.0000,8,0,0.0000,0.0000,0,0,多换,B,6000.0000,0.0000,0.0000,0.0000,0.0000,6093.0000,0.0000,0.0000,0.0000,0.0000,4,0,0,0,0,1,0,0,0,0
zc,SR311,2012-06-07 10:14:16.760,6025.0000,8,0,0.0000,0.0000,0,0,多换,B,6000.0000,0.0000,0.0000,0.0000,0.0000,6095.0000,0.0000,0.0000,0.0000,0.0000,4,0,0,0,0,1,0,0,0,0
zc,SR311,2012-06-07 10:14:27.260,6025.0000,8,0,0.0000,0.0000,0,0,多换,B,6000.0000,0.0000,0.0000,0.0000,0.0000,6096.0000,0.0000,0.0000,0.0000,0.0000,4,0,0,0,0,1,0,0,0,0
zc,SR311,2012-06-07 10:14:35.730,6025.0000,8,0,0.0000,0.0000,0,0,多换,B,6005.0000,0.0000,0.0000,0.0000,0.0000,6096.0000,0.0000,0.0000,0.0000,0.0000,1,0,0,0,0,1,0,0,0,0
zc,SR311,2012-06-07 10:14:37.497,6025.0000,8,0,0.0000,0.0000,0,0,多换,B,6005.0000,0.0000,0.0000,0.0000,0.0000,6097.0000,0.0000,0.0000,0.0000,0.0000,1,0,0,0,0,1,0,0,0,0
zc,SR311,2012-06-07 10:14:42.260,6025.0000,8,0,0.0000,0.0000,0,0,多换,B,6005.0000,0.0000,0.0000,0.0000,0.0000,6101.0000,0.0000,0.0000,0.0000,0.0000,1,0,0,0,0,2,0,0,0,0
zc,SR311,2012-06-07 10:14:48.497,6025.0000,8,0,0.0000,0.0000,0,0,多换,B,6005.0000,0.0000,0.0000,0.0000,0.0000,6098.0000,0.0000,0.0000,0.0000,0.0000,1,0,0,0,0,1,0,0,0,0
zc,SR311,2012-06-07 10:30:02.540,6025.0000,8,0,0.0000,0.0000,0,0,多换,B,6005.0000,0.0000,0.0000,0.0000,0.0000,6103.0000,0.0000,0.0000,0.0000,0.0000,1,0,0,0,0,2,0,0,0,0
zc,SR311,2012-06-07 10:30:04.997,6025.0000,8,0,0.0000,0.0000,0,0,多换,B,6005.0000,0.0000,0.0000,0.0000,0.0000,6103.0000,0.0000,0.0000,0.0000,0.0000,1,0,0,0,0,1,0,0,0,0
zc,SR311,2012-06-07 10:30:13.230,6025.0000,8,0,0.0000,0.0000,0,0,多换,B,6007.0000,0.0000,0.0000,0.0000,0.0000,6103.0000,0.0000,0.0000,0.0000,0.0000,1,0,0,0,0,1,0,0,0,0
zc,SR311,2012-06-07 10:30:19.997,6025.0000,8,0,0.0000,0.0000,0,0,多换,B,6008.0000,0.0000,0.0000,0.0000,0.0000,6103.0000,0.0000,0.0000,0.0000,0.0000,1,0,0,0,0,1,0,0,0,0
zc,SR311,2012-06-07 10:30:21.747,6025.0000,8,0,0.0000,0.0000,0,0,多换,B,6008.0000,0.0000,0.0000,0.0000,0.0000,6103.0000,0.0000,0.0000,0.0000,0.0000,1,0,0,0,0,2,0,0,0,0
zc,SR311,2012-06-07 10:30:26.997,6025.0000,8,0,0.0000,0.0000,0,0,多换,B,6008.0000,0.0000,0.0000,0.0000,0.0000,6101.0000,0.0000,0.0000,0.0000,0.0000,1,0,0,0,0,1,0,0,0,0
zc,SR311,2012-06-07 10:30:33.510,6025.0000,8,0,0.0000,0.0000,0,0,多换,B,6008.0000,0.0000,0.0000,0.0000,0.0000,6100.0000,0.0000,0.0000,0.0000,0.0000,1,0,0,0,0,1,0,0,0,0
zc,SR311,2012-06-07 10:30:35.997,6025.0000,8,0,0.0000,0.0000,0,0,多换,B,6008.0000,0.0000,0.0000,0.0000,0.0000,6101.0000,0.0000,0.0000,0.0000,0.0000,1,0,0,0,0,1,0,0,0,0
zc,SR311,2012-06-07 10:30:38.980,6025.0000,8,0,0.0000,0.0000,0,0,多换,B,6008.0000,0.0000,0.0000,0.0000,0.0000,6103.0000,0.0000,0.0000,0.0000,0.0000,1,0,0,0,0,2,0,0,0,0
zc,SR311,2012-06-07 10:30:43.247,6025.0000,8,0,0.0000,0.0000,0,0,多换,B,6008.0000,0.0000,0.0000,0.0000,0.0000,6102.0000,0.0000,0.0000,0.0000,0.0000,1,0,0,0,0,1,0,0,0,0
zc,SR311,2012-06-07 10:30:45.510,6025.0000,8,0,0.0000,0.0000,0,0,多换,B,6008.0000,0.0000,0.0000,0.0000,0.0000,6103.0000,0.0000,0.0000,0.0000,0.0000,1,0,0,0,0,2,0,0,0,0
zc,SR311,2012-06-07 10:30:45.997,6025.0000,8,0,0.0000,0.0000,0,0,多换,B,6008.0000,0.0000,0.0000,0.0000,0.0000,6103.0000,0.0000,0.0000,0.0000,0.0000,1,0,0,0,0,1,0,0,0,0
zc,SR311,2012-06-07 10:30:52.010,6025.0000,8,0,0.0000,0.0000,0,0,多换,B,6008.0000,0.0000,0.0000,0.0000,0.0000,6102.0000,0.0000,0.0000,0.0000,0.0000,1,0,0,0,0,1,0,0,0,0
zc,SR311,2012-06-07 10:30:52.760,6025.0000,8,0,0.0000,0.0000,0,0,多换,B,6008.0000,0.0000,0.0000,0.0000,0.0000,6103.0000,0.0000,0.0000,0.0000,0.0000,1,0,0,0,0,1,0,0,0,0
zc,SR311,2012-06-07 10:30:55.980,6025.0000,8,0,0.0000,0.0000,0,0,多换,B,6010.0000,0.0000,0.0000,0.0000,0.0000,6103.0000,0.0000,0.0000,0.0000,0.0000,1,0,0,0,0,1,0,0,0,0
zc,SR311,2012-06-07 10:30:58.747,6025.0000,8,0,0.0000,0.0000,0,0,多换,B,6010.0000,0.0000,0.0000,0.0000,0.0000,6105.0000,0.0000,0.0000,0.0000,0.0000,1,0,0,0,0,1,0,0,0,0
zc,SR311,2012-06-07 10:31:09.247,6025.0000,8,0,0.0000,0.0000,0,0,多换,B,6010.0000,0.0000,0.0000,0.0000,0.0000,6107.0000,0.0000,0.0000,0.0000,0.0000,1,0,0,0,0,1,0,0,0,0
zc,SR311,2012-06-07 10:31:09.747,6025.0000,8,0,0.0000,0.0000,0,0,多换,B,6010.0000,0.0000,0.0000,0.0000,0.0000,6111.0000,0.0000,0.0000,0.0000,0.0000,1,0,0,0,0,1,0,0,0,0
zc,SR311,2012-06-07 10:31:47.713,6025.0000,8,0,0.0000,0.0000,0,0,多换,B,6018.0000,0.0000,0.0000,0.0000,0.0000,6111.0000,0.0000,0.0000,0.0000,0.0000,1,0,0,0,0,1,0,0,0,0
zc,SR311,2012-06-07 10:32:09.510,6025.0000,8,0,0.0000,0.0000,0,0,多换,B,6019.0000,0.0000,0.0000,0.0000,0.0000,6111.0000,0.0000,0.0000,0.0000,0.0000,1,0,0,0,0,1,0,0,0,0
zc,SR311,2012-06-07 10:32:18.730,6025.0000,8,0,0.0000,0.0000,0,0,多换,B,6010.0000,0.0000,0.0000,0.0000,0.0000,6107.0000,0.0000,0.0000,0.0000,0.0000,1,0,0,0,0,1,0,0,0,0
zc,SR311,2012-06-07 10:32:31.747,6025.0000,8,0,0.0000,0.0000,0,0,多换,B,6010.0000,0.0000,0.0000,0.0000,0.0000,6105.0000,0.0000,0.0000,0.0000,0.0000,1,0,0,0,0,1,0,0,0,0
zc,SR311,2012-06-07 10:32:32.247,6025.0000,8,0,0.0000,0.0000,0,0,多换,B,6008.0000,0.0000,0.0000,0.0000,0.0000,6105.0000,0.0000,0.0000,0.0000,0.0000,1,0,0,0,0,1,0,0,0,0
zc,SR311,2012-06-07 10:32:34.010,6025.0000,8,0,0.0000,0.0000,0,0,多换,B,6007.0000,0.0000,0.0000,0.0000,0.0000,6105.0000,0.0000,0.0000,0.0000,0.0000,1,0,0,0,0,1,0,0,0,0
zc,SR311,2012-06-07 10:32:42.747,6025.0000,8,0,0.0000,0.0000,0,0,多换,B,6012.0000,0.0000,0.0000,0.0000,0.0000,6105.0000,0.0000,0.0000,0.0000,0.0000,1,0,0,0,0,1,0,0,0,0
zc,SR311,2012-06-07 10:32:46.510,6025.0000,8,0,0.0000,0.0000,0,0,多换,B,6012.0000,0.0000,0.0000,0.0000,0.0000,6107.0000,0.0000,0.0000,0.0000,0.0000,1,0,0,0,0,1,0,0,0,0
zc,SR311,2012-06-07 10:32:52.980,6025.0000,8,0,0.0000,0.0000,0,0,多换,B,6012.0000,0.0000,0.0000,0.0000,0.0000,6104.0000,0.0000,0.0000,0.0000,0.0000,1,0,0,0,0,1,0,0,0,0
zc,SR311,2012-06-07 10:32:58.980,6025.0000,8,0,0.0000,0.0000,0,0,多换,B,6012.0000,0.0000,0.0000,0.0000,0.0000,6107.0000,0.0000,0.0000,0.0000,0.0000,1,0,0,0,0,1,0,0,0,0
zc,SR311,2012-06-07 10:33:05.760,6025.0000,8,0,0.0000,0.0000,0,0,多换,B,6012.0000,0.0000,0.0000,0.0000,0.0000,6105.0000,0.0000,0.0000,0.0000,0.0000,1,0,0,0,0,1,0,0,0,0
zc,SR311,2012-06-07 10:33:06.230,6025.0000,8,0,0.0000,0.0000,0,0,多换,B,6012.0000,0.0000,0.0000,0.0000,0.0000,6107.0000,0.0000,0.0000,0.0000,0.0000,1,0,0,0,0,1,0,0,0,0
zc,SR311,2012-06-07 10:33:21.760,6025.0000,8,0,0.0000,0.0000,0,0,多换,B,6007.0000,0.0000,0.0000,0.0000,0.0000,6107.0000,0.0000,0.0000,0.0000,0.0000,1,0,0,0,0,1,0,0,0,0
zc,SR311,2012-06-07 10:34:02.213,6025.0000,8,0,0.0000,0.0000,0,0,多换,B,6008.0000,0.0000,0.0000,0.0000,0.0000,6107.0000,0.0000,0.0000,0.0000,0.0000,1,0,0,0,0,1,0,0,0,0
zc,SR311,2012-06-07 10:34:32.247,6025.0000,8,0,0.0000,0.0000,0,0,多换,B,6012.0000,0.0000,0.0000,0.0000,0.0000,6107.0000,0.0000,0.0000,0.0000,0.0000,1,0,0,0,0,1,0,0,0,0
zc,SR311,2012-06-07 10:35:07.277,6025.0000,8,0,0.0000,0.0000,0,0,多换,B,6040.0000,0.0000,0.0000,0.0000,0.0000,6107.0000,0.0000,0.0000,0.0000,0.0000,3,0,0,0,0,1,0,0,0,0
zc,SR311,2012-06-07 10:35:14.480,6025.0000,8,0,0.0000,0.0000,0,0,多换,B,6012.0000,0.0000,0.0000,0.0000,0.0000,6104.0000,0.0000,0.0000,0.0000,0.0000,1,0,0,0,0,1,0,0,0,0
zc,SR311,2012-06-07 10:35:15.510,6025.0000,8,0,0.0000,0.0000,0,0,多换,B,6012.0000,0.0000,0.0000,0.0000,0.0000,6107.0000,0.0000,0.0000,0.0000,0.0000,1,0,0,0,0,1,0,0,0,0
zc,SR311,2012-06-07 10:35:41.997,6025.0000,8,0,0.0000,0.0000,0,0,多换,B,6014.0000,0.0000,0.0000,0.0000,0.0000,6107.0000,0.0000,0.0000,0.0000,0.0000,1,0,0,0,0,1,0,0,0,0
zc,SR311,2012-06-07 10:36:00.997,6025.0000,8,0,0.0000,0.0000,0,0,多换,B,6014.0000,0.0000,0.0000,0.0000,0.0000,6111.0000,0.0000,0.0000,0.0000,0.0000,1,0,0,0,0,1,0,0,0,0
zc,SR311,2012-06-07 10:36:14.963,6025.0000,8,0,0.0000,0.0000,0,0,多换,B,6012.0000,0.0000,0.0000,0.0000,0.0000,6111.0000,0.0000,0.0000,0.0000,0.0000,1,0,0,0,0,1,0,0,0,0
zc,SR311,2012-06-07 10:36:18.010,6025.0000,8,0,0.0000,0.0000,0,0,多换,B,6012.0000,0.0000,0.0000,0.0000,0.0000,6109.0000,0.0000,0.0000,0.0000,0.0000,1,0,0,0,0,1,0,0,0,0
zc,SR311,2012-06-07 10:36:20.230,6025.0000,8,0,0.0000,0.0000,0,0,多换,B,6012.0000,0.0000,0.0000,0.0000,0.0000,6111.0000,0.0000,0.0000,0.0000,0.0000,1,0,0,0,0,1,0,0,0,0
zc,SR311,2012-06-07 10:36:27.497,6025.0000,8,0,0.0000,0.0000,0,0,多换,B,6012.0000,0.0000,0.0000,0.0000,0.0000,6111.0000,0.0000,0.0000,0.0000,0.0000,1,0,0,0,0,2,0,0,0,0
zc,SR311,2012-06-07 10:37:05.260,6025.0000,8,0,0.0000,0.0000,0,0,多换,B,6012.0000,0.0000,0.0000,0.0000,0.0000,6111.0000,0.0000,0.0000,0.0000,0.0000,1,0,0,0,0,1,0,0,0,0
zc,SR311,2012-06-07 10:37:41.997,6025.0000,8,0,0.0000,0.0000,0,0,多换,B,6015.0000,0.0000,0.0000,0.0000,0.0000,6111.0000,0.0000,0.0000,0.0000,0.0000,1,0,0,0,0,1,0,0,0,0
zc,SR311,2012-06-07 10:38:25.230,6025.0000,8,0,0.0000,0.0000,0,0,多换,B,6015.0000,0.0000,0.0000,0.0000,0.0000,6108.0000,0.0000,0.0000,0.0000,0.0000,1,0,0,0,0,1,0,0,0,0
zc,SR311,2012-06-07 10:38:54.213,6025.0000,8,0,0.0000,0.0000,0,0,多换,B,6014.0000,0.0000,0.0000,0.0000,0.0000,6108.0000,0.0000,0.0000,0.0000,0.0000,1,0,0,0,0,1,0,0,0,0
zc,SR311,2012-06-07 10:38:58.697,6025.0000,8,0,0.0000,0.0000,0,0,多换,B,6013.0000,0.0000,0.0000,0.0000,0.0000,6108.0000,0.0000,0.0000,0.0000,0.0000,1,0,0,0,0,1,0,0,0,0
zc,SR311,2012-06-07 10:39:00.980,6025.0000,8,0,0.0000,0.0000,0,0,多换,B,6012.0000,0.0000,0.0000,0.0000,0.0000,6108.0000,0.0000,0.0000,0.0000,0.0000,1,0,0,0,0,1,0,0,0,0
zc,SR311,2012-06-07 10:39:41.480,6025.0000,8,0,0.0000,0.0000,0,0,多换,B,6012.0000,0.0000,0.0000,0.0000,0.0000,6111.0000,0.0000,0.0000,0.0000,0.0000,1,0,0,0,0,1,0,0,0,0
zc,SR311,2012-06-07 10:39:53.497,6025.0000,8,0,0.0000,0.0000,0,0,多换,B,6012.0000,0.0000,0.0000,0.0000,0.0000,6111.0000,0.0000,0.0000,0.0000,0.0000,1,0,0,0,0,2,0,0,0,0
zc,SR311,2012-06-07 10:39:55.713,6025.0000,8,0,0.0000,0.0000,0,0,多换,B,6012.0000,0.0000,0.0000,0.0000,0.0000,6111.0000,0.0000,0.0000,0.0000,0.0000,1,0,0,0,0,1,0,0,0,0
zc,SR311,2012-06-07 10:39:58.997,6025.0000,8,0,0.0000,0.0000,0,0,多换,B,6012.0000,0.0000,0.0000,0.0000,0.0000,6111.0000,0.0000,0.0000,0.0000,0.0000,1,0,0,0,0,2,0,0,0,0
zc,SR311,2012-06-07 10:39:59.747,6025.0000,8,0,0.0000,0.0000,0,0,多换,B,6012.0000,0.0000,0.0000,0.0000,0.0000,6111.0000,0.0000,0.0000,0.0000,0.0000,1,0,0,0,0,1,0,0,0,0
zc,SR311,2012-06-07 10:40:04.730,6025.0000,8,0,0.0000,0.0000,0,0,多换,B,6012.0000,0.0000,0.0000,0.0000,0.0000,6110.0000,0.0000,0.0000,0.0000,0.0000,1,0,0,0,0,1,0,0,0,0
zc,SR311,2012-06-07 10:40:56.247,6025.0000,8,0,0.0000,0.0000,0,0,多换,B,6012.0000,0.0000,0.0000,0.0000,0.0000,6111.0000,0.0000,0.0000,0.0000,0.0000,1,0,0,0,0,1,0,0,0,0
zc,SR311,2012-06-07 10:41:02.947,6025.0000,8,0,0.0000,0.0000,0,0,多换,B,5989.0000,0.0000,0.0000,0.0000,0.0000,6115.0000,0.0000,0.0000,0.0000,0.0000,1,0,0,0,0,1,0,0,0,0
zc,SR311,2012-06-07 10:41:30.497,6025.0000,8,0,0.0000,0.0000,0,0,多换,B,6019.0000,0.0000,0.0000,0.0000,0.0000,6115.0000,0.0000,0.0000,0.0000,0.0000,1,0,0,0,0,1,0,0,0,0
zc,SR311,2012-06-07 10:41:34.997,6025.0000,8,0,0.0000,0.0000,0,0,多换,B,6020.0000,0.0000,0.0000,0.0000,0.0000,6115.0000,0.0000,0.0000,0.0000,0.0000,1,0,0,0,0,1,0,0,0,0
zc,SR311,2012-06-07 10:41:57.980,6025.0000,8,0,0.0000,0.0000,0,0,多换,B,6020.0000,0.0000,0.0000,0.0000,0.0000,6113.0000,0.0000,0.0000,0.0000,0.0000,1,0,0,0,0,1,0,0,0,0
zc,SR311,2012-06-07 10:42:20.747,6025.0000,8,0,0.0000,0.0000,0,0,多换,B,6020.0000,0.0000,0.0000,0.0000,0.0000,6115.0000,0.0000,0.0000,0.0000,0.0000,1,0,0,0,0,1,0,0,0,0
zc,SR311,2012-06-07 10:42:44.277,6025.0000,8,0,0.0000,0.0000,0,0,多换,B,6020.0000,0.0000,0.0000,0.0000,0.0000,6121.0000,0.0000,0.0000,0.0000,0.0000,1,0,0,0,0,1,0,0,0,0
zc,SR311,2012-06-07 10:42:44.980,6025.0000,8,0,0.0000,0.0000,0,0,多换,B,6020.0000,0.0000,0.0000,0.0000,0.0000,6122.0000,0.0000,0.0000,0.0000,0.0000,1,0,0,0,0,1,0,0,0,0
zc,SR311,2012-06-07 10:42:51.777,6025.0000,8,0,0.0000,0.0000,0,0,多换,B,6020.0000,0.0000,0.0000,0.0000,0.0000,6121.0000,0.0000,0.0000,0.0000,0.0000,1,0,0,0,0,1,0,0,0,0
zc,SR311,2012-06-07 10:42:51.963,6025.0000,8,0,0.0000,0.0000,0,0,多换,B,6020.0000,0.0000,0.0000,0.0000,0.0000,6120.0000,0.0000,0.0000,0.0000,0.0000,1,0,0,0,0,1,0,0,0,0
zc,SR311,2012-06-07 10:43:05.510,6025.0000,8,0,0.0000,0.0000,0,0,多换,B,6025.0000,0.0000,0.0000,0.0000,0.0000,6120.0000,0.0000,0.0000,0.0000,0.0000,1,0,0,0,0,1,0,0,0,0
zc,SR311,2012-06-07 10:43:06.760,6025.0000,8,0,0.0000,0.0000,0,0,多换,B,6025.0000,0.0000,0.0000,0.0000,0.0000,6118.0000,0.0000,0.0000,0.0000,0.0000,1,0,0,0,0,1,0,0,0,0
zc,SR311,2012-06-07 10:43:32.480,6025.0000,8,0,0.0000,0.0000,0,0,多换,B,6025.0000,0.0000,0.0000,0.0000,0.0000,6116.0000,0.0000,0.0000,0.0000,0.0000,1,0,0,0,0,1,0,0,0,0
zc,SR311,2012-06-07 10:43:45.980,6025.0000,8,0,0.0000,0.0000,0,0,多换,B,6020.0000,0.0000,0.0000,0.0000,0.0000,6116.0000,0.0000,0.0000,0.0000,0.0000,1,0,0,0,0,1,0,0,0,0
zc,SR311,2012-06-07 10:44:08.980,6025.0000,8,0,0.0000,0.0000,0,0,多换,B,6014.0000,0.0000,0.0000,0.0000,0.0000,6116.0000,0.0000,0.0000,0.0000,0.0000,1,0,0,0,0,1,0,0,0,0
zc,SR311,2012-06-07 10:44:09.997,6025.0000,8,0,0.0000,0.0000,0,0,多换,B,6015.0000,0.0000,0.0000,0.0000,0.0000,6116.0000,0.0000,0.0000,0.0000,0.0000,1,0,0,0,0,1,0,0,0,0
zc,SR311,2012-06-07 10:44:41.277,6025.0000,8,0,0.0000,0.0000,0,0,多换,B,6016.0000,0.0000,0.0000,0.0000,0.0000,6116.0000,0.0000,0.0000,0.0000,0.0000,1,0,0,0,0,1,0,0,0,0
zc,SR311,2012-06-07 10:44:43.760,6025.0000,8,0,0.0000,0.0000,0,0,多换,B,6015.0000,0.0000,0.0000,0.0000,0.0000,6116.0000,0.0000,0.0000,0.0000,0.0000,1,0,0,0,0,1,0,0,0,0
zc,SR311,2012-06-07 10:44:51.777,6025.0000,8,0,0.0000,0.0000,0,0,多换,B,6021.0000,0.0000,0.0000,0.0000,0.0000,6116.0000,0.0000,0.0000,0.0000,0.0000,1,0,0,0,0,1,0,0,0,0
zc,SR311,2012-06-07 10:44:56.497,6025.0000,8,0,0.0000,0.0000,0,0,多换,B,6021.0000,0.0000,0.0000,0.0000,0.0000,6115.0000,0.0000,0.0000,0.0000,0.0000,1,0,0,0,0,1,0,0,0,0
zc,SR311,2012-06-07 10:44:57.510,6025.0000,8,0,0.0000,0.0000,0,0,多换,B,6018.0000,0.0000,0.0000,0.0000,0.0000,6115.0000,0.0000,0.0000,0.0000,0.0000,1,0,0,0,0,1,0,0,0,0
zc,SR311,2012-06-07 10:45:08.730,6025.0000,8,0,0.0000,0.0000,0,0,多换,B,6018.0000,0.0000,0.0000,0.0000,0.0000,6112.0000,0.0000,0.0000,0.0000,0.0000,1,0,0,0,0,1,0,0,0,0
zc,SR311,2012-06-07 10:45:22.510,6025.0000,8,0,0.0000,0.0000,0,0,多换,B,6018.0000,0.0000,0.0000,0.0000,0.0000,6115.0000,0.0000,0.0000,0.0000,0.0000,1,0,0,0,0,1,0,0,0,0
zc,SR311,2012-06-07 10:46:10.463,6025.0000,8,0,0.0000,0.0000,0,0,多换,B,6018.0000,0.0000,0.0000,0.0000,0.0000,6113.0000,0.0000,0.0000,0.0000,0.0000,1,0,0,0,0,1,0,0,0,0
zc,SR311,2012-06-07 10:46:19.747,6025.0000,8,0,0.0000,0.0000,0,0,多换,B,6015.0000,0.0000,0.0000,0.0000,0.0000,6113.0000,0.0000,0.0000,0.0000,0.0000,1,0,0,0,0,1,0,0,0,0
zc,SR311,2012-06-07 10:46:47.247,6025.0000,8,0,0.0000,0.0000,0,0,多换,B,6015.0000,0.0000,0.0000,0.0000,0.0000,6111.0000,0.0000,0.0000,0.0000,0.0000,1,0,0,0,0,1,0,0,0,0
zc,SR311,2012-06-07 10:46:56.947,6025.0000,8,0,0.0000,0.0000,0,0,多换,B,6015.0000,0.0000,0.0000,0.0000,0.0000,6111.0000,0.0000,0.0000,0.0000,0.0000,1,0,0,0,0,1,0,0,0,0
zc,SR311,2012-06-07 10:46:58.713,6025.0000,8,0,0.0000,0.0000,0,0,多换,B,6015.0000,0.0000,0.0000,0.0000,0.0000,6113.0000,0.0000,0.0000,0.0000,0.0000,1,0,0,0,0,1,0,0,0,0
zc,SR311,2012-06-07 10:47:53.463,6025.0000,8,0,0.0000,0.0000,0,0,多换,B,6019.0000,0.0000,0.0000,0.0000,0.0000,6113.0000,0.0000,0.0000,0.0000,0.0000,1,0,0,0,0,1,0,0,0,0
zc,SR311,2012-06-07 10:48:00.713,6025.0000,8,0,0.0000,0.0000,0,0,多换,B,6020.0000,0.0000,0.0000,0.0000,0.0000,6113.0000,0.0000,0.0000,0.0000,0.0000,1,0,0,0,0,1,0,0,0,0
zc,SR311,2012-06-07 10:48:16.980,6025.0000,8,0,0.0000,0.0000,0,0,多换,B,6020.0000,0.0000,0.0000,0.0000,0.0000,6113.0000,0.0000,0.0000,0.0000,0.0000,1,0,0,0,0,2,0,0,0,0
zc,SR311,2012-06-07 10:48:20.980,6025.0000,8,0,0.0000,0.0000,0,0,多换,B,6019.0000,0.0000,0.0000,0.0000,0.0000,6113.0000,0.0000,0.0000,0.0000,0.0000,1,0,0,0,0,2,0,0,0,0
zc,SR311,2012-06-07 10:48:36.197,6025.0000,8,0,0.0000,0.0000,0,0,多换,B,6015.0000,0.0000,0.0000,0.0000,0.0000,6113.0000,0.0000,0.0000,0.0000,0.0000,1,0,0,0,0,2,0,0,0,0
zc,SR311,2012-06-07 10:48:43.713,6025.0000,8,0,0.0000,0.0000,0,0,多换,B,6015.0000,0.0000,0.0000,0.0000,0.0000,6109.0000,0.0000,0.0000,0.0000,0.0000,1,0,0,0,0,1,0,0,0,0
zc,SR311,2012-06-07 10:48:52.247,6025.0000,8,0,0.0000,0.0000,0,0,多换,B,6018.0000,0.0000,0.0000,0.0000,0.0000,6109.0000,0.0000,0.0000,0.0000,0.0000,1,0,0,0,0,1,0,0,0,0
zc,SR311,2012-06-07 10:49:06.230,6025.0000,8,0,0.0000,0.0000,0,0,多换,B,6019.0000,0.0000,0.0000,0.0000,0.0000,6109.0000,0.0000,0.0000,0.0000,0.0000,1,0,0,0,0,1,0,0,0,0
zc,SR311,2012-06-07 10:49:32.480,6025.0000,8,0,0.0000,0.0000,0,0,多换,B,6018.0000,0.0000,0.0000,0.0000,0.0000,6109.0000,0.0000,0.0000,0.0000,0.0000,1,0,0,0,0,1,0,0,0,0
zc,SR311,2012-06-07 10:49:37.497,6025.0000,8,0,0.0000,0.0000,0,0,多换,B,6020.0000,0.0000,0.0000,0.0000,0.0000,6109.0000,0.0000,0.0000,0.0000,0.0000,1,0,0,0,0,1,0,0,0,0
zc,SR311,2012-06-07 10:49:42.963,6025.0000,8,0,0.0000,0.0000,0,0,多换,B,6018.0000,0.0000,0.0000,0.0000,0.0000,6109.0000,0.0000,0.0000,0.0000,0.0000,1,0,0,0,0,1,0,0,0,0
zc,SR311,2012-06-07 10:50:07.480,6025.0000,8,0,0.0000,0.0000,0,0,多换,B,6020.0000,0.0000,0.0000,0.0000,0.0000,6109.0000,0.0000,0.0000,0.0000,0.0000,1,0,0,0,0,1,0,0,0,0
zc,SR311,2012-06-07 10:50:12.730,6025.0000,8,0,0.0000,0.0000,0,0,多换,B,6020.0000,0.0000,0.0000,0.0000,0.0000,6114.0000,0.0000,0.0000,0.0000,0.0000,1,0,0,0,0,1,0,0,0,0
zc,SR311,2012-06-07 10:50:16.713,6025.0000,8,0,0.0000,0.0000,0,0,多换,B,6018.0000,0.0000,0.0000,0.0000,0.0000,6114.0000,0.0000,0.0000,0.0000,0.0000,1,0,0,0,0,1,0,0,0,0
zc,SR311,2012-06-07 10:50:19.963,6025.0000,8,0,0.0000,0.0000,0,0,多换,B,6018.0000,0.0000,0.0000,0.0000,0.0000,6109.0000,0.0000,0.0000,0.0000,0.0000,1,0,0,0,0,1,0,0,0,0
zc,SR311,2012-06-07 10:50:21.230,6025.0000,8,0,0.0000,0.0000,0,0,多换,B,6025.0000,0.0000,0.0000,0.0000,0.0000,6109.0000,0.0000,0.0000,0.0000,0.0000,1,0,0,0,0,1,0,0,0,0
zc,SR311,2012-06-07 10:50:23.480,6025.0000,8,0,0.0000,0.0000,0,0,多换,B,6025.0000,0.0000,0.0000,0.0000,0.0000,6115.0000,0.0000,0.0000,0.0000,0.0000,1,0,0,0,0,1,0,0,0,0
zc,SR311,2012-06-07 10:50:36.463,6025.0000,8,0,0.0000,0.0000,0,0,多换,B,6025.0000,0.0000,0.0000,0.0000,0.0000,6115.0000,0.0000,0.0000,0.0000,0.0000,1,0,0,0,0,2,0,0,0,0
zc,SR311,2012-06-07 10:50:51.980,6025.0000,8,0,0.0000,0.0000,0,0,多换,B,6025.0000,0.0000,0.0000,0.0000,0.0000,6115.0000,0.0000,0.0000,0.0000,0.0000,1,0,0,0,0,1,0,0,0,0
zc,SR311,2012-06-07 10:51:14.963,6025.0000,8,0,0.0000,0.0000,0,0,多换,B,6025.0000,0.0000,0.0000,0.0000,0.0000,6115.0000,0.0000,0.0000,0.0000,0.0000,1,0,0,0,0,2,0,0,0,0
zc,SR311,2012-06-07 10:51:16.463,6025.0000,8,0,0.0000,0.0000,0,0,多换,B,6025.0000,0.0000,0.0000,0.0000,0.0000,6110.0000,0.0000,0.0000,0.0000,0.0000,1,0,0,0,0,1,0,0,0,0
zc,SR311,2012-06-07 10:51:23.747,6025.0000,8,0,0.0000,0.0000,0,0,多换,B,6025.0000,0.0000,0.0000,0.0000,0.0000,6115.0000,0.0000,0.0000,0.0000,0.0000,1,0,0,0,0,2,0,0,0,0
zc,SR311,2012-06-07 10:51:45.497,6025.0000,8,0,0.0000,0.0000,0,0,多换,B,6025.0000,0.0000,0.0000,0.0000,0.0000,6111.0000,0.0000,0.0000,0.0000,0.0000,1,0,0,0,0,1,0,0,0,0
zc,SR311,2012-06-07 10:51:47.980,6025.0000,8,0,0.0000,0.0000,0,0,多换,B,6025.0000,0.0000,0.0000,0.0000,0.0000,6115.0000,0.0000,0.0000,0.0000,0.0000,1,0,0,0,0,2,0,0,0,0
zc,SR311,2012-06-07 10:52:01.730,6025.0000,8,0,0.0000,0.0000,0,0,多换,B,6025.0000,0.0000,0.0000,0.0000,0.0000,6113.0000,0.0000,0.0000,0.0000,0.0000,1,0,0,0,0,1,0,0,0,0
zc,SR311,2012-06-07 10:52:03.947,6025.0000,8,0,0.0000,0.0000,0,0,多换,B,6025.0000,0.0000,0.0000,0.0000,0.0000,6112.0000,0.0000,0.0000,0.0000,0.0000,1,0,0,0,0,1,0,0,0,0
zc,SR311,2012-06-07 10:52:07.480,6025.0000,8,0,0.0000,0.0000,0,0,多换,B,6025.0000,0.0000,0.0000,0.0000,0.0000,6111.0000,0.0000,0.0000,0.0000,0.0000,1,0,0,0,0,1,0,0,0,0
zc,SR311,2012-06-07 10:52:13.747,6025.0000,8,0,0.0000,0.0000,0,0,多换,B,6025.0000,0.0000,0.0000,0.0000,0.0000,6105.0000,0.0000,0.0000,0.0000,0.0000,1,0,0,0,0,1,0,0,0,0
zc,SR311,2012-06-07 10:52:40.510,6025.0000,8,0,0.0000,0.0000,0,0,多换,B,6025.0000,0.0000,0.0000,0.0000,0.0000,6112.0000,0.0000,0.0000,0.0000,0.0000,1,0,0,0,0,1,0,0,0,0
zc,SR311,2012-06-07 10:52:44.947,6025.0000,8,0,0.0000,0.0000,0,0,多换,B,6025.0000,0.0000,0.0000,0.0000,0.0000,6111.0000,0.0000,0.0000,0.0000,0.0000,1,0,0,0,0,1,0,0,0,0
zc,SR311,2012-06-07 10:53:19.980,6025.0000,8,0,0.0000,0.0000,0,0,多换,B,6025.0000,0.0000,0.0000,0.0000,0.0000,6109.0000,0.0000,0.0000,0.0000,0.0000,1,0,0,0,0,1,0,0,0,0
zc,SR311,2012-06-07 10:55:11.247,6025.0000,8,0,0.0000,0.0000,0,0,多换,B,6025.0000,0.0000,0.0000,0.0000,0.0000,6103.0000,0.0000,0.0000,0.0000,0.0000,1,0,0,0,0,1,0,0,0,0
zc,SR311,2012-06-07 10:55:14.260,6025.0000,8,0,0.0000,0.0000,0,0,多换,B,6025.0000,0.0000,0.0000,0.0000,0.0000,6109.0000,0.0000,0.0000,0.0000,0.0000,1,0,0,0,0,1,0,0,0,0
zc,SR311,2012-06-07 10:55:32.997,6025.0000,8,0,0.0000,0.0000,0,0,多换,B,6025.0000,0.0000,0.0000,0.0000,0.0000,6108.0000,0.0000,0.0000,0.0000,0.0000,1,0,0,0,0,1,0,0,0,0
zc,SR311,2012-06-07 10:55:49.713,6025.0000,8,0,0.0000,0.0000,0,0,多换,B,6025.0000,0.0000,0.0000,0.0000,0.0000,6109.0000,0.0000,0.0000,0.0000,0.0000,1,0,0,0,0,1,0,0,0,0
zc,SR311,2012-06-07 10:56:40.247,6025.0000,8,0,0.0000,0.0000,0,0,多换,B,6025.0000,0.0000,0.0000,0.0000,0.0000,6114.0000,0.0000,0.0000,0.0000,0.0000,1,0,0,0,0,1,0,0,0,0
zc,SR311,2012-06-07 10:56:42.213,6025.0000,8,0,0.0000,0.0000,0,0,多换,B,6025.0000,0.0000,0.0000,0.0000,0.0000,6109.0000,0.0000,0.0000,0.0000,0.0000,1,0,0,0,0,1,0,0,0,0
zc,SR311,2012-06-07 10:58:38.697,6025.0000,8,0,0.0000,0.0000,0,0,多换,B,6025.0000,0.0000,0.0000,0.0000,0.0000,6110.0000,0.0000,0.0000,0.0000,0.0000,1,0,0,0,0,1,0,0,0,0
zc,SR311,2012-06-07 10:59:05.947,6025.0000,8,0,0.0000,0.0000,0,0,多换,B,6025.0000,0.0000,0.0000,0.0000,0.0000,6113.0000,0.0000,0.0000,0.0000,0.0000,1,0,0,0,0,1,0,0,0,0
zc,SR311,2012-06-07 10:59:17.713,6025.0000,8,0,0.0000,0.0000,0,0,多换,B,6025.0000,0.0000,0.0000,0.0000,0.0000,6114.0000,0.0000,0.0000,0.0000,0.0000,1,0,0,0,0,1,0,0,0,0
zc,SR311,2012-06-07 10:59:58.183,6025.0000,8,0,0.0000,0.0000,0,0,多换,B,6025.0000,0.0000,0.0000,0.0000,0.0000,6111.0000,0.0000,0.0000,0.0000,0.0000,1,0,0,0,0,1,0,0,0,0
zc,SR311,2012-06-07 11:01:25.697,6025.0000,8,0,0.0000,0.0000,0,0,多换,B,6025.0000,0.0000,0.0000,0.0000,0.0000,6109.0000,0.0000,0.0000,0.0000,0.0000,1,0,0,0,0,1,0,0,0,0
zc,SR311,2012-06-07 11:08:07.947,6025.0000,8,0,0.0000,0.0000,0,0,多换,B,6025.0000,0.0000,0.0000,0.0000,0.0000,6107.0000,0.0000,0.0000,0.0000,0.0000,1,0,0,0,0,1,0,0,0,0
zc,SR311,2012-06-07 11:08:08.947,6025.0000,8,0,0.0000,0.0000,0,0,多换,B,6025.0000,0.0000,0.0000,0.0000,0.0000,6109.0000,0.0000,0.0000,0.0000,0.0000,1,0,0,0,0,1,0,0,0,0
zc,SR311,2012-06-07 11:08:19.447,6025.0000,8,0,0.0000,0.0000,0,0,多换,B,6025.0000,0.0000,0.0000,0.0000,0.0000,6106.0000,0.0000,0.0000,0.0000,0.0000,1,0,0,0,0,1,0,0,0,0
zc,SR311,2012-06-07 11:08:20.433,6025.0000,8,0,0.0000,0.0000,0,0,多换,B,6025.0000,0.0000,0.0000,0.0000,0.0000,6109.0000,0.0000,0.0000,0.0000,0.0000,1,0,0,0,0,1,0,0,0,0
zc,SR311,2012-06-07 11:08:28.713,6025.0000,8,0,0.0000,0.0000,0,0,多换,B,6025.0000,0.0000,0.0000,0.0000,0.0000,6106.0000,0.0000,0.0000,0.0000,0.0000,1,0,0,0,0,1,0,0,0,0
zc,SR311,2012-06-07 11:08:30.433,6025.0000,8,0,0.0000,0.0000,0,0,多换,B,6025.0000,0.0000,0.0000,0.0000,0.0000,6109.0000,0.0000,0.0000,0.0000,0.0000,1,0,0,0,0,1,0,0,0,0
zc,SR311,2012-06-07 11:08:57.963,6025.0000,8,0,0.0000,0.0000,0,0,多换,B,6025.0000,0.0000,0.0000,0.0000,0.0000,6107.0000,0.0000,0.0000,0.0000,0.0000,1,0,0,0,0,1,0,0,0,0
zc,SR311,2012-06-07 11:09:04.213,6025.0000,8,0,0.0000,0.0000,0,0,多换,B,6025.0000,0.0000,0.0000,0.0000,0.0000,6109.0000,0.0000,0.0000,0.0000,0.0000,1,0,0,0,0,1,0,0,0,0
zc,SR311,2012-06-07 11:09:54.713,6025.0000,8,0,0.0000,0.0000,0,0,多换,B,6025.0000,0.0000,0.0000,0.0000,0.0000,6105.0000,0.0000,0.0000,0.0000,0.0000,1,0,0,0,0,1,0,0,0,0
zc,SR311,2012-06-07 11:09:55.183,6025.0000,8,0,0.0000,0.0000,0,0,多换,B,6025.0000,0.0000,0.0000,0.0000,0.0000,6107.0000,0.0000,0.0000,0.0000,0.0000,1,0,0,0,0,1,0,0,0,0
zc,SR311,2012-06-07 11:09:55.713,6025.0000,8,0,0.0000,0.0000,0,0,多换,B,6025.0000,0.0000,0.0000,0.0000,0.0000,6109.0000,0.0000,0.0000,0.0000,0.0000,1,0,0,0,0,1,0,0,0,0
zc,SR311,2012-06-07 11:09:58.433,6025.0000,8,0,0.0000,0.0000,0,0,多换,B,6025.0000,0.0000,0.0000,0.0000,0.0000,6108.0000,0.0000,0.0000,0.0000,0.0000,1,0,0,0,0,1,0,0,0,0
zc,SR311,2012-06-07 11:10:48.433,6025.0000,8,0,0.0000,0.0000,0,0,多换,B,6025.0000,0.0000,0.0000,0.0000,0.0000,6106.0000,0.0000,0.0000,0.0000,0.0000,1,0,0,0,0,1,0,0,0,0
zc,SR311,2012-06-07 11:11:27.697,6025.0000,8,0,0.0000,0.0000,0,0,多换,B,6025.0000,0.0000,0.0000,0.0000,0.0000,6104.0000,0.0000,0.0000,0.0000,0.0000,1,0,0,0,0,1,0,0,0,0
zc,SR311,2012-06-07 11:11:33.213,6025.0000,8,0,0.0000,0.0000,0,0,多换,B,6025.0000,0.0000,0.0000,0.0000,0.0000,6105.0000,0.0000,0.0000,0.0000,0.0000,1,0,0,0,0,1,0,0,0,0
zc,SR311,2012-06-07 11:11:47.447,6025.0000,8,0,0.0000,0.0000,0,0,多换,B,6025.0000,0.0000,0.0000,0.0000,0.0000,6104.0000,0.0000,0.0000,0.0000,0.0000,1,0,0,0,0,1,0,0,0,0
zc,SR311,2012-06-07 11:12:56.917,6025.0000,8,0,0.0000,0.0000,0,0,多换,B,6025.0000,0.0000,0.0000,0.0000,0.0000,6104.0000,0.0000,0.0000,0.0000,0.0000,1,0,0,0,0,1,0,0,0,0
zc,SR311,2012-06-07 11:13:24.667,6025.0000,8,0,0.0000,0.0000,0,0,多换,B,6025.0000,0.0000,0.0000,0.0000,0.0000,6101.0000,0.0000,0.0000,0.0000,0.0000,1,0,0,0,0,1,0,0,0,0
zc,SR311,2012-06-07 11:14:35.167,6025.0000,8,0,0.0000,0.0000,0,0,多换,B,6025.0000,0.0000,0.0000,0.0000,0.0000,6101.0000,0.0000,0.0000,0.0000,0.0000,1,0,0,0,0,2,0,0,0,0
zc,SR311,2012-06-07 11:14:36.463,6025.0000,8,0,0.0000,0.0000,0,0,多换,B,6025.0000,0.0000,0.0000,0.0000,0.0000,6101.0000,0.0000,0.0000,0.0000,0.0000,1,0,0,0,0,1,0,0,0,0
zc,SR311,2012-06-07 11:14:39.697,6025.0000,8,0,0.0000,0.0000,0,0,多换,B,6025.0000,0.0000,0.0000,0.0000,0.0000,6100.0000,0.0000,0.0000,0.0000,0.0000,1,0,0,0,0,1,0,0,0,0
zc,SR311,2012-06-07 11:16:29.933,6025.0000,8,0,0.0000,0.0000,0,0,多换,B,6025.0000,0.0000,0.0000,0.0000,0.0000,6100.0000,0.0000,0.0000,0.0000,0.0000,1,0,0,0,0,2,0,0,0,0
zc,SR311,2012-06-07 11:16:31.183,6025.0000,8,0,0.0000,0.0000,0,0,多换,B,6025.0000,0.0000,0.0000,0.0000,0.0000,6100.0000,0.0000,0.0000,0.0000,0.0000,1,0,0,0,0,1,0,0,0,0
zc,SR311,2012-06-07 11:16:33.947,6025.0000,8,0,0.0000,0.0000,0,0,多换,B,6025.0000,0.0000,0.0000,0.0000,0.0000,6099.0000,0.0000,0.0000,0.0000,0.0000,1,0,0,0,0,1,0,0,0,0
zc,SR311,2012-06-07 11:16:35.447,6025.0000,8,0,0.0000,0.0000,0,0,多换,B,6025.0000,0.0000,0.0000,0.0000,0.0000,6099.0000,0.0000,0.0000,0.0000,0.0000,1,0,0,0,0,2,0,0,0,0
zc,SR311,2012-06-07 11:16:36.683,6025.0000,8,0,0.0000,0.0000,0,0,多换,B,6025.0000,0.0000,0.0000,0.0000,0.0000,6099.0000,0.0000,0.0000,0.0000,0.0000,1,0,0,0,0,1,0,0,0,0
zc,SR311,2012-06-07 11:17:55.683,6025.0000,8,0,0.0000,0.0000,0,0,多换,B,6025.0000,0.0000,0.0000,0.0000,0.0000,6096.0000,0.0000,0.0000,0.0000,0.0000,1,0,0,0,0,1,0,0,0,0
zc,SR311,2012-06-07 11:18:25.183,6025.0000,8,0,0.0000,0.0000,0,0,多换,B,6025.0000,0.0000,0.0000,0.0000,0.0000,6099.0000,0.0000,0.0000,0.0000,0.0000,1,0,0,0,0,1,0,0,0,0
zc,SR311,2012-06-07 11:19:14.433,6025.0000,8,0,0.0000,0.0000,0,0,多换,B,6025.0000,0.0000,0.0000,0.0000,0.0000,6096.0000,0.0000,0.0000,0.0000,0.0000,1,0,0,0,0,1,0,0,0,0
zc,SR311,2012-06-07 11:19:15.463,6025.0000,8,0,0.0000,0.0000,0,0,多换,B,6025.0000,0.0000,0.0000,0.0000,0.0000,6099.0000,0.0000,0.0000,0.0000,0.0000,1,0,0,0,0,1,0,0,0,0
zc,SR311,2012-06-07 11:19:44.417,6025.0000,8,0,0.0000,0.0000,0,0,多换,B,6025.0000,0.0000,0.0000,0.0000,0.0000,6097.0000,0.0000,0.0000,0.0000,0.0000,1,0,0,0,0,1,0,0,0,0
zc,SR311,2012-06-07 11:20:03.417,6025.0000,8,0,0.0000,0.0000,0,0,多换,B,6025.0000,0.0000,0.0000,0.0000,0.0000,6098.0000,0.0000,0.0000,0.0000,0.0000,1,0,0,0,0,1,0,0,0,0
zc,SR311,2012-06-07 11:20:07.197,6025.0000,8,0,0.0000,0.0000,0,0,多换,B,6025.0000,0.0000,0.0000,0.0000,0.0000,6096.0000,0.0000,0.0000,0.0000,0.0000,1,0,0,0,0,1,0,0,0,0
zc,SR311,2012-06-07 11:20:44.980,6025.0000,8,0,0.0000,0.0000,0,0,多换,B,6025.0000,0.0000,0.0000,0.0000,0.0000,6094.0000,0.0000,0.0000,0.0000,0.0000,1,0,0,0,0,1,0,0,0,0
zc,SR311,2012-06-07 11:20:46.183,6025.0000,8,0,0.0000,0.0000,0,0,多换,B,6025.0000,0.0000,0.0000,0.0000,0.0000,6096.0000,0.0000,0.0000,0.0000,0.0000,1,0,0,0,0,1,0,0,0,0
zc,SR311,2012-06-07 11:20:53.917,6025.0000,8,0,0.0000,0.0000,0,0,多换,B,6025.0000,0.0000,0.0000,0.0000,0.0000,6098.0000,0.0000,0.0000,0.0000,0.0000,1,0,0,0,0,1,0,0,0,0
zc,SR311,2012-06-07 11:20:59.917,6025.0000,8,0,0.0000,0.0000,0,0,多换,B,6025.0000,0.0000,0.0000,0.0000,0.0000,6093.0000,0.0000,0.0000,0.0000,0.0000,1,0,0,0,0,1,0,0,0,0
zc,SR311,2012-06-07 11:21:11.447,6025.0000,8,0,0.0000,0.0000,0,0,多换,B,6025.0000,0.0000,0.0000,0.0000,0.0000,6098.0000,0.0000,0.0000,0.0000,0.0000,1,0,0,0,0,1,0,0,0,0
zc,SR311,2012-06-07 11:21:18.667,6025.0000,8,0,0.0000,0.0000,0,0,多换,B,6025.0000,0.0000,0.0000,0.0000,0.0000,6094.0000,0.0000,0.0000,0.0000,0.0000,1,0,0,0,0,1,0,0,0,0
zc,SR311,2012-06-07 11:21:33.947,6025.0000,8,0,0.0000,0.0000,0,0,多换,B,6025.0000,0.0000,0.0000,0.0000,0.0000,6098.0000,0.0000,0.0000,0.0000,0.0000,1,0,0,0,0,1,0,0,0,0
zc,SR311,2012-06-07 11:21:42.417,6025.0000,8,0,0.0000,0.0000,0,0,多换,B,6025.0000,0.0000,0.0000,0.0000,0.0000,6097.0000,0.0000,0.0000,0.0000,0.0000,1,0,0,0,0,1,0,0,0,0
zc,SR311,2012-06-07 11:21:47.683,6025.0000,8,0,0.0000,0.0000,0,0,多换,B,6025.0000,0.0000,0.0000,0.0000,0.0000,6095.0000,0.0000,0.0000,0.0000,0.0000,1,0,0,0,0,1,0,0,0,0
zc,SR311,2012-06-07 11:21:58.447,6025.0000,8,0,0.0000,0.0000,0,0,多换,B,6025.0000,0.0000,0.0000,0.0000,0.0000,6097.0000,0.0000,0.0000,0.0000,0.0000,1,0,0,0,0,1,0,0,0,0
zc,SR311,2012-06-07 11:24:42.650,6025.0000,8,0,0.0000,0.0000,0,0,多换,B,6025.0000,0.0000,0.0000,0.0000,0.0000,6098.0000,0.0000,0.0000,0.0000,0.0000,1,0,0,0,0,1,0,0,0,0
zc,SR311,2012-06-07 11:25:28.167,6025.0000,8,0,0.0000,0.0000,0,0,多换,B,6025.0000,0.0000,0.0000,0.0000,0.0000,6097.0000,0.0000,0.0000,0.0000,0.0000,1,0,0,0,0,1,0,0,0,0
zc,SR311,2012-06-07 11:25:30.963,6025.0000,8,0,0.0000,0.0000,0,0,多换,B,6025.0000,0.0000,0.0000,0.0000,0.0000,6098.0000,0.0000,0.0000,0.0000,0.0000,1,0,0,0,0,1,0,0,0,0
zc,SR311,2012-06-07 11:25:31.697,6025.0000,8,0,0.0000,0.0000,0,0,多换,B,6025.0000,0.0000,0.0000,0.0000,0.0000,6096.0000,0.0000,0.0000,0.0000,0.0000,1,0,0,0,0,1,0,0,0,0
zc,SR311,2012-06-07 11:25:34.917,6025.0000,8,0,0.0000,0.0000,0,0,多换,B,6025.0000,0.0000,0.0000,0.0000,0.0000,6098.0000,0.0000,0.0000,0.0000,0.0000,1,0,0,0,0,1,0,0,0,0
zc,SR311,2012-06-07 11:25:35.667,6025.0000,8,0,0.0000,0.0000,0,0,多换,B,6025.0000,0.0000,0.0000,0.0000,0.0000,6095.0000,0.0000,0.0000,0.0000,0.0000,1,0,0,0,0,1,0,0,0,0
zc,SR311,2012-06-07 11:25:38.447,6025.0000,8,0,0.0000,0.0000,0,0,多换,B,6025.0000,0.0000,0.0000,0.0000,0.0000,6098.0000,0.0000,0.0000,0.0000,0.0000,1,0,0,0,0,1,0,0,0,0
zc,SR311,2012-06-07 11:26:26.947,6025.0000,8,0,0.0000,0.0000,0,0,多换,B,6025.0000,0.0000,0.0000,0.0000,0.0000,6101.0000,0.0000,0.0000,0.0000,0.0000,1,0,0,0,0,2,0,0,0,0
zc,SR311,2012-06-07 11:26:29.197,6025.0000,8,0,0.0000,0.0000,0,0,多换,B,6025.0000,0.0000,0.0000,0.0000,0.0000,6101.0000,0.0000,0.0000,0.0000,0.0000,1,0,0,0,0,1,0,0,0,0
zc,SR311,2012-06-07 11:28:24.917,6025.0000,8,0,0.0000,0.0000,0,0,多换,B,6025.0000,0.0000,0.0000,0.0000,0.0000,6100.0000,0.0000,0.0000,0.0000,0.0000,1,0,0,0,0,1,0,0,0,0
zc,SR311,2012-06-07 11:29:33.463,6025.0000,8,0,0.0000,0.0000,0,0,多换,B,6025.0000,0.0000,0.0000,0.0000,0.0000,6098.0000,0.0000,0.0000,0.0000,0.0000,1,0,0,0,0,1,0,0,0,0
zc,SR311,2012-06-07 11:29:35.183,6025.0000,8,0,0.0000,0.0000,0,0,多换,B,6025.0000,0.0000,0.0000,0.0000,0.0000,6100.0000,0.0000,0.0000,0.0000,0.0000,1,0,0,0,0,1,0,0,0,0
zc,SR311,2012-06-07 12:21:56.837,6025.0000,8,0,0.0000,0.0000,0,0,多换,B,6025.0000,0.0000,0.0000,0.0000,0.0000,6100.0000,0.0000,0.0000,0.0000,0.0000,1,0,0,0,0,1,0,0,0,0
zc,SR311,2012-06-07 13:30:40.807,6025.0000,8,0,0.0000,0.0000,0,0,多换,B,6025.0000,0.0000,0.0000,0.0000,0.0000,6097.0000,0.0000,0.0000,0.0000,0.0000,1,0,0,0,0,1,0,0,0,0
zc,SR311,2012-06-07 13:30:42.337,6025.0000,8,0,0.0000,0.0000,0,0,多换,B,6025.0000,0.0000,0.0000,0.0000,0.0000,6100.0000,0.0000,0.0000,0.0000,0.0000,1,0,0,0,0,1,0,0,0,0
zc,SR311,2012-06-07 13:31:01.807,6025.0000,8,0,0.0000,0.0000,0,0,多换,B,6025.0000,0.0000,0.0000,0.0000,0.0000,6097.0000,0.0000,0.0000,0.0000,0.0000,1,0,0,0,0,1,0,0,0,0
zc,SR311,2012-06-07 13:31:03.073,6025.0000,8,0,0.0000,0.0000,0,0,多换,B,6025.0000,0.0000,0.0000,0.0000,0.0000,6100.0000,0.0000,0.0000,0.0000,0.0000,1,0,0,0,0,1,0,0,0,0
zc,SR311,2012-06-07 13:31:06.790,6025.0000,8,0,0.0000,0.0000,0,0,多换,B,6025.0000,0.0000,0.0000,0.0000,0.0000,6099.0000,0.0000,0.0000,0.0000,0.0000,1,0,0,0,0,1,0,0,0,0
zc,SR311,2012-06-07 13:31:10.807,6025.0000,8,0,0.0000,0.0000,0,0,多换,B,6025.0000,0.0000,0.0000,0.0000,0.0000,6100.0000,0.0000,0.0000,0.0000,0.0000,1,0,0,0,0,1,0,0,0,0
zc,SR311,2012-06-07 13:31:15.073,6025.0000,8,0,0.0000,0.0000,0,0,多换,B,6025.0000,0.0000,0.0000,0.0000,0.0000,6098.0000,0.0000,0.0000,0.0000,0.0000,1,0,0,0,0,1,0,0,0,0
zc,SR311,2012-06-07 13:31:27.353,6025.0000,8,0,0.0000,0.0000,0,0,多换,B,6025.0000,0.0000,0.0000,0.0000,0.0000,6100.0000,0.0000,0.0000,0.0000,0.0000,1,0,0,0,0,1,0,0,0,0
zc,SR311,2012-06-07 13:31:47.823,6025.0000,8,0,0.0000,0.0000,0,0,多换,B,6025.0000,0.0000,0.0000,0.0000,0.0000,6097.0000,0.0000,0.0000,0.0000,0.0000,1,0,0,0,0,1,0,0,0,0
zc,SR311,2012-06-07 13:31:48.807,6025.0000,8,0,0.0000,0.0000,0,0,多换,B,6025.0000,0.0000,0.0000,0.0000,0.0000,6100.0000,0.0000,0.0000,0.0000,0.0000,1,0,0,0,0,1,0,0,0,0
zc,SR311,2012-06-07 13:32:14.290,6025.0000,8,0,0.0000,0.0000,0,0,多换,B,6025.0000,0.0000,0.0000,0.0000,0.0000,6099.0000,0.0000,0.0000,0.0000,0.0000,1,0,0,0,0,1,0,0,0,0
zc,SR311,2012-06-07 13:34:38.057,6025.0000,8,0,0.0000,0.0000,0,0,多换,B,6025.0000,0.0000,0.0000,0.0000,0.0000,6098.0000,0.0000,0.0000,0.0000,0.0000,1,0,0,0,0,1,0,0,0,0
zc,SR311,2012-06-07 13:34:38.777,6025.0000,8,0,0.0000,0.0000,0,0,多换,B,6025.0000,0.0000,0.0000,0.0000,0.0000,6099.0000,0.0000,0.0000,0.0000,0.0000,1,0,0,0,0,1,0,0,0,0
zc,SR311,2012-06-07 13:35:09.290,6025.0000,8,0,0.0000,0.0000,0,0,多换,B,6025.0000,0.0000,0.0000,0.0000,0.0000,6098.0000,0.0000,0.0000,0.0000,0.0000,1,0,0,0,0,1,0,0,0,0
zc,SR311,2012-06-07 13:35:26.323,6025.0000,8,0,0.0000,0.0000,0,0,多换,B,6025.0000,0.0000,0.0000,0.0000,0.0000,6057.0000,0.0000,0.0000,0.0000,0.0000,1,0,0,0,0,10,0,0,0,0
zc,SR311,2012-06-07 13:38:19.823,6025.0000,8,0,0.0000,0.0000,0,0,多换,B,6025.0000,0.0000,0.0000,0.0000,0.0000,6098.0000,0.0000,0.0000,0.0000,0.0000,1,0,0,0,0,1,0,0,0,0
zc,SR311,2012-06-07 13:38:47.087,6025.0000,8,0,0.0000,0.0000,0,0,多换,B,6025.0000,0.0000,0.0000,0.0000,0.0000,6097.0000,0.0000,0.0000,0.0000,0.0000,1,0,0,0,0,1,0,0,0,0
zc,SR311,2012-06-07 13:39:02.073,6025.0000,8,0,0.0000,0.0000,0,0,多换,B,6030.0000,0.0000,0.0000,0.0000,0.0000,6097.0000,0.0000,0.0000,0.0000,0.0000,3,0,0,0,0,1,0,0,0,0
zc,SR311,2012-06-07 13:39:43.510,6025.0000,8,0,0.0000,0.0000,0,0,多换,B,6025.0000,0.0000,0.0000,0.0000,0.0000,6097.0000,0.0000,0.0000,0.0000,0.0000,1,0,0,0,0,1,0,0,0,0
zc,SR311,2012-06-07 13:40:05.027,6025.0000,8,0,0.0000,0.0000,0,0,多换,B,6025.0000,0.0000,0.0000,0.0000,0.0000,6099.0000,0.0000,0.0000,0.0000,0.0000,1,0,0,0,0,2,0,0,0,0
zc,SR311,2012-06-07 13:40:10.540,6025.0000,8,0,0.0000,0.0000,0,0,多换,B,6025.0000,0.0000,0.0000,0.0000,0.0000,6096.0000,0.0000,0.0000,0.0000,0.0000,1,0,0,0,0,1,0,0,0,0
zc,SR311,2012-06-07 13:42:27.557,6025.0000,8,0,0.0000,0.0000,0,0,多换,B,6025.0000,0.0000,0.0000,0.0000,0.0000,6096.0000,0.0000,0.0000,0.0000,0.0000,1,0,0,0,0,2,0,0,0,0
zc,SR311,2012-06-07 13:42:28.057,6025.0000,8,0,0.0000,0.0000,0,0,多换,B,6025.0000,0.0000,0.0000,0.0000,0.0000,6096.0000,0.0000,0.0000,0.0000,0.0000,1,0,0,0,0,1,0,0,0,0
zc,SR311,2012-06-07 13:45:14.807,6025.0000,8,0,0.0000,0.0000,0,0,多换,B,6025.0000,0.0000,0.0000,0.0000,0.0000,6096.0000,0.0000,0.0000,0.0000,0.0000,2,0,0,0,0,1,0,0,0,0
zc,SR311,2012-06-07 13:45:43.040,6025.0000,8,0,0.0000,0.0000,0,0,多换,B,6025.0000,0.0000,0.0000,0.0000,0.0000,6096.0000,0.0000,0.0000,0.0000,0.0000,2,0,0,0,0,2,0,0,0,0
zc,SR311,2012-06-07 13:47:24.777,6025.0000,8,0,0.0000,0.0000,0,0,多换,B,6025.0000,0.0000,0.0000,0.0000,0.0000,6096.0000,0.0000,0.0000,0.0000,0.0000,1,0,0,0,0,2,0,0,0,0
zc,SR311,2012-06-07 13:48:55.307,6025.0000,8,0,0.0000,0.0000,0,0,多换,B,6025.0000,0.0000,0.0000,0.0000,0.0000,6094.0000,0.0000,0.0000,0.0000,0.0000,1,0,0,0,0,1,0,0,0,0
zc,SR311,2012-06-07 13:49:45.337,6025.0000,8,0,0.0000,0.0000,0,0,多换,B,6025.0000,0.0000,0.0000,0.0000,0.0000,6096.0000,0.0000,0.0000,0.0000,0.0000,1,0,0,0,0,2,0,0,0,0
zc,SR311,2012-06-07 13:49:50.790,6025.0000,8,0,0.0000,0.0000,0,0,多换,B,6025.0000,0.0000,0.0000,0.0000,0.0000,6095.0000,0.0000,0.0000,0.0000,0.0000,1,0,0,0,0,1,0,0,0,0
zc,SR311,2012-06-07 13:50:00.823,6025.0000,8,0,0.0000,0.0000,0,0,多换,B,6025.0000,0.0000,0.0000,0.0000,0.0000,6096.0000,0.0000,0.0000,0.0000,0.0000,1,0,0,0,0,2,0,0,0,0
zc,SR311,2012-06-07 13:50:25.323,6025.0000,8,0,0.0000,0.0000,0,0,多换,B,6025.0000,0.0000,0.0000,0.0000,0.0000,6095.0000,0.0000,0.0000,0.0000,0.0000,1,0,0,0,0,1,0,0,0,0
zc,SR311,2012-06-07 13:50:43.837,6025.0000,8,0,0.0000,0.0000,0,0,多换,B,6025.0000,0.0000,0.0000,0.0000,0.0000,6093.0000,0.0000,0.0000,0.0000,0.0000,1,0,0,0,0,1,0,0,0,0
zc,SR311,2012-06-07 13:50:49.057,6025.0000,8,0,0.0000,0.0000,0,0,多换,B,6025.0000,0.0000,0.0000,0.0000,0.0000,6095.0000,0.0000,0.0000,0.0000,0.0000,1,0,0,0,0,1,0,0,0,0
zc,SR311,2012-06-07 13:50:53.837,6025.0000,8,0,0.0000,0.0000,0,0,多换,B,6025.0000,0.0000,0.0000,0.0000,0.0000,6092.0000,0.0000,0.0000,0.0000,0.0000,1,0,0,0,0,1,0,0,0,0
zc,SR311,2012-06-07 13:50:54.277,6025.0000,8,0,0.0000,0.0000,0,0,多换,B,6025.0000,0.0000,0.0000,0.0000,0.0000,6095.0000,0.0000,0.0000,0.0000,0.0000,1,0,0,0,0,1,0,0,0,0
zc,SR311,2012-06-07 13:51:24.807,6025.0000,8,0,0.0000,0.0000,0,0,多换,B,6025.0000,0.0000,0.0000,0.0000,0.0000,6093.0000,0.0000,0.0000,0.0000,0.0000,1,0,0,0,0,1,0,0,0,0
zc,SR311,2012-06-07 13:51:58.027,6025.0000,8,0,0.0000,0.0000,0,0,多换,B,6025.0000,0.0000,0.0000,0.0000,0.0000,6092.0000,0.0000,0.0000,0.0000,0.0000,1,0,0,0,0,1,0,0,0,0
zc,SR311,2012-06-07 13:52:07.057,6025.0000,8,0,0.0000,0.0000,0,0,多换,B,6025.0000,0.0000,0.0000,0.0000,0.0000,6093.0000,0.0000,0.0000,0.0000,0.0000,1,0,0,0,0,1,0,0,0,0
zc,SR311,2012-06-07 13:52:16.573,6025.0000,8,0,0.0000,0.0000,0,0,多换,B,6025.0000,0.0000,0.0000,0.0000,0.0000,6095.0000,0.0000,0.0000,0.0000,0.0000,1,0,0,0,0,1,0,0,0,0
zc,SR311,2012-06-07 13:52:27.277,6025.0000,8,0,0.0000,0.0000,0,0,多换,B,6025.0000,0.0000,0.0000,0.0000,0.0000,6093.0000,0.0000,0.0000,0.0000,0.0000,1,0,0,0,0,1,0,0,0,0
zc,SR311,2012-06-07 13:54:04.790,6025.0000,8,0,0.0000,0.0000,0,0,多换,B,6025.0000,0.0000,0.0000,0.0000,0.0000,6093.0000,0.0000,0.0000,0.0000,0.0000,1,0,0,0,0,2,0,0,0,0
zc,SR311,2012-06-07 13:54:08.777,6025.0000,8,0,0.0000,0.0000,0,0,多换,B,6025.0000,0.0000,0.0000,0.0000,0.0000,6093.0000,0.0000,0.0000,0.0000,0.0000,1,0,0,0,0,1,0,0,0,0
zc,SR311,2012-06-07 14:01:39.057,6025.0000,8,0,0.0000,0.0000,0,0,多换,B,6025.0000,0.0000,0.0000,0.0000,0.0000,6091.0000,0.0000,0.0000,0.0000,0.0000,1,0,0,0,0,1,0,0,0,0
zc,SR311,2012-06-07 14:01:40.057,6025.0000,8,0,0.0000,0.0000,0,0,多换,B,6025.0000,0.0000,0.0000,0.0000,0.0000,6093.0000,0.0000,0.0000,0.0000,0.0000,1,0,0,0,0,1,0,0,0,0
zc,SR311,2012-06-07 14:02:05.790,6025.0000,8,0,0.0000,0.0000,0,0,多换,B,6025.0000,0.0000,0.0000,0.0000,0.0000,6087.0000,0.0000,0.0000,0.0000,0.0000,1,0,0,0,0,1,0,0,0,0
zc,SR311,2012-06-07 14:02:07.307,6025.0000,8,0,0.0000,0.0000,0,0,多换,B,6025.0000,0.0000,0.0000,0.0000,0.0000,6093.0000,0.0000,0.0000,0.0000,0.0000,1,0,0,0,0,1,0,0,0,0
zc,SR311,2012-06-07 14:02:09.040,6025.0000,8,0,0.0000,0.0000,0,0,多换,B,6025.0000,0.0000,0.0000,0.0000,0.0000,6087.0000,0.0000,0.0000,0.0000,0.0000,1,0,0,0,0,1,0,0,0,0
zc,SR311,2012-06-07 14:02:11.807,6025.0000,8,0,0.0000,0.0000,0,0,多换,B,6025.0000,0.0000,0.0000,0.0000,0.0000,6085.0000,0.0000,0.0000,0.0000,0.0000,1,0,0,0,0,1,0,0,0,0
zc,SR311,2012-06-07 14:02:15.040,6025.0000,8,0,0.0000,0.0000,0,0,多换,B,6025.0000,0.0000,0.0000,0.0000,0.0000,6087.0000,0.0000,0.0000,0.0000,0.0000,1,0,0,0,0,1,0,0,0,0
zc,SR311,2012-06-07 14:02:15.790,6025.0000,8,0,0.0000,0.0000,0,0,多换,B,6025.0000,0.0000,0.0000,0.0000,0.0000,6091.0000,0.0000,0.0000,0.0000,0.0000,1,0,0,0,0,1,0,0,0,0
zc,SR311,2012-06-07 14:02:34.790,6025.0000,8,0,0.0000,0.0000,0,0,多换,B,6025.0000,0.0000,0.0000,0.0000,0.0000,6089.0000,0.0000,0.0000,0.0000,0.0000,1,0,0,0,0,1,0,0,0,0
zc,SR311,2012-06-07 14:02:35.290,6025.0000,8,0,0.0000,0.0000,0,0,多换,B,6025.0000,0.0000,0.0000,0.0000,0.0000,6091.0000,0.0000,0.0000,0.0000,0.0000,1,0,0,0,0,1,0,0,0,0
zc,SR311,2012-06-07 14:02:43.777,6025.0000,8,0,0.0000,0.0000,0,0,多换,B,6025.0000,0.0000,0.0000,0.0000,0.0000,6088.0000,0.0000,0.0000,0.0000,0.0000,1,0,0,0,0,1,0,0,0,0
zc,SR311,2012-06-07 14:04:13.790,6025.0000,8,0,0.0000,0.0000,0,0,多换,B,6025.0000,0.0000,0.0000,0.0000,0.0000,6086.0000,0.0000,0.0000,0.0000,0.0000,1,0,0,0,0,1,0,0,0,0
zc,SR311,2012-06-07 14:04:15.073,6025.0000,8,0,0.0000,0.0000,0,0,多换,B,6025.0000,0.0000,0.0000,0.0000,0.0000,6088.0000,0.0000,0.0000,0.0000,0.0000,1,0,0,0,0,1,0,0,0,0
zc,SR311,2012-06-07 14:04:15.510,6025.0000,8,0,0.0000,0.0000,0,0,多换,B,6025.0000,0.0000,0.0000,0.0000,0.0000,6084.0000,0.0000,0.0000,0.0000,0.0000,1,0,0,0,0,1,0,0,0,0
zc,SR311,2012-06-07 14:04:21.277,6025.0000,8,0,0.0000,0.0000,0,0,多换,B,6025.0000,0.0000,0.0000,0.0000,0.0000,6088.0000,0.0000,0.0000,0.0000,0.0000,1,0,0,0,0,1,0,0,0,0
zc,SR311,2012-06-07 14:04:26.527,6025.0000,8,0,0.0000,0.0000,0,0,多换,B,6025.0000,0.0000,0.0000,0.0000,0.0000,6086.0000,0.0000,0.0000,0.0000,0.0000,1,0,0,0,0,1,0,0,0,0
zc,SR311,2012-06-07 14:04:29.807,6025.0000,8,0,0.0000,0.0000,0,0,多换,B,6025.0000,0.0000,0.0000,0.0000,0.0000,6086.0000,0.0000,0.0000,0.0000,0.0000,1,0,0,0,0,2,0,0,0,0
zc,SR311,2012-06-07 14:04:30.540,6025.0000,8,0,0.0000,0.0000,0,0,多换,B,6025.0000,0.0000,0.0000,0.0000,0.0000,6086.0000,0.0000,0.0000,0.0000,0.0000,1,0,0,0,0,1,0,0,0,0
zc,SR311,2012-06-07 14:04:36.027,6025.0000,8,0,0.0000,0.0000,0,0,多换,B,6025.0000,0.0000,0.0000,0.0000,0.0000,6084.0000,0.0000,0.0000,0.0000,0.0000,1,0,0,0,0,1,0,0,0,0
zc,SR311,2012-06-07 14:04:49.040,6025.0000,8,0,0.0000,0.0000,0,0,多换,B,6025.0000,0.0000,0.0000,0.0000,0.0000,6080.0000,0.0000,0.0000,0.0000,0.0000,1,0,0,0,0,1,0,0,0,0
zc,SR311,2012-06-07 14:04:56.747,6025.0000,8,0,0.0000,0.0000,0,0,多换,B,6025.0000,0.0000,0.0000,0.0000,0.0000,6080.0000,0.0000,0.0000,0.0000,0.0000,1,0,0,0,0,1,0,0,0,0
zc,SR311,2012-06-07 14:05:51.247,6025.0000,8,0,0.0000,0.0000,0,0,多换,B,6025.0000,0.0000,0.0000,0.0000,0.0000,6079.0000,0.0000,0.0000,0.0000,0.0000,1,0,0,0,0,1,0,0,0,0
zc,SR311,2012-06-07 14:06:00.790,6025.0000,8,0,0.0000,0.0000,0,0,多换,B,6025.0000,0.0000,0.0000,0.0000,0.0000,6080.0000,0.0000,0.0000,0.0000,0.0000,1,0,0,0,0,1,0,0,0,0
zc,SR311,2012-06-07 14:06:06.040,6025.0000,8,0,0.0000,0.0000,0,0,多换,B,6025.0000,0.0000,0.0000,0.0000,0.0000,6077.0000,0.0000,0.0000,0.0000,0.0000,1,0,0,0,0,1,0,0,0,0
zc,SR311,2012-06-07 14:06:39.573,6025.0000,8,0,0.0000,0.0000,0,0,多换,B,6025.0000,0.0000,0.0000,0.0000,0.0000,6080.0000,0.0000,0.0000,0.0000,0.0000,1,0,0,0,0,1,0,0,0,0
zc,SR311,2012-06-07 14:12:12.040,6025.0000,8,0,0.0000,0.0000,0,0,多换,B,6025.0000,0.0000,0.0000,0.0000,0.0000,6077.0000,0.0000,0.0000,0.0000,0.0000,1,0,0,0,0,1,0,0,0,0
zc,SR311,2012-06-07 14:12:13.277,6025.0000,8,0,0.0000,0.0000,0,0,多换,B,6025.0000,0.0000,0.0000,0.0000,0.0000,6080.0000,0.0000,0.0000,0.0000,0.0000,1,0,0,0,0,1,0,0,0,0
zc,SR311,2012-06-07 14:12:15.790,6025.0000,8,0,0.0000,0.0000,0,0,多换,B,6025.0000,0.0000,0.0000,0.0000,0.0000,6076.0000,0.0000,0.0000,0.0000,0.0000,1,0,0,0,0,1,0,0,0,0
zc,SR311,2012-06-07 14:12:17.040,6025.0000,8,0,0.0000,0.0000,0,0,多换,B,6025.0000,0.0000,0.0000,0.0000,0.0000,6080.0000,0.0000,0.0000,0.0000,0.0000,1,0,0,0,0,1,0,0,0,0
zc,SR311,2012-06-07 14:12:21.307,6025.0000,8,0,0.0000,0.0000,0,0,多换,B,6025.0000,0.0000,0.0000,0.0000,0.0000,6078.0000,0.0000,0.0000,0.0000,0.0000,1,0,0,0,0,1,0,0,0,0
zc,SR311,2012-06-07 14:12:29.027,6025.0000,8,0,0.0000,0.0000,0,0,多换,B,6025.0000,0.0000,0.0000,0.0000,0.0000,6080.0000,0.0000,0.0000,0.0000,0.0000,1,0,0,0,0,1,0,0,0,0
zc,SR311,2012-06-07 14:12:54.027,6025.0000,8,0,0.0000,0.0000,0,0,多换,B,6025.0000,0.0000,0.0000,0.0000,0.0000,6076.0000,0.0000,0.0000,0.0000,0.0000,1,0,0,0,0,1,0,0,0,0
zc,SR311,2012-06-07 14:13:11.027,6025.0000,8,0,0.0000,0.0000,0,0,多换,B,6025.0000,0.0000,0.0000,0.0000,0.0000,6075.0000,0.0000,0.0000,0.0000,0.0000,1,0,0,0,0,1,0,0,0,0
zc,SR311,2012-06-07 14:20:43.527,6025.0000,8,0,0.0000,0.0000,0,0,多换,B,6025.0000,0.0000,0.0000,0.0000,0.0000,6074.0000,0.0000,0.0000,0.0000,0.0000,1,0,0,0,0,1,0,0,0,0
zc,SR311,2012-06-07 14:22:21.540,6025.0000,8,0,0.0000,0.0000,0,0,多换,B,6025.0000,0.0000,0.0000,0.0000,0.0000,6079.0000,0.0000,0.0000,0.0000,0.0000,1,0,0,0,0,1,0,0,0,0
zc,SR311,2012-06-07 14:22:36.527,6025.0000,8,0,0.0000,0.0000,0,0,多换,B,6025.0000,0.0000,0.0000,0.0000,0.0000,6077.0000,0.0000,0.0000,0.0000,0.0000,1,0,0,0,0,1,0,0,0,0
zc,SR311,2012-06-07 14:23:15.010,6025.0000,8,0,0.0000,0.0000,0,0,多换,B,6025.0000,0.0000,0.0000,0.0000,0.0000,6075.0000,0.0000,0.0000,0.0000,0.0000,1,0,0,0,0,1,0,0,0,0
zc,SR311,2012-06-07 14:23:23.247,6025.0000,8,0,0.0000,0.0000,0,0,多换,B,6025.0000,0.0000,0.0000,0.0000,0.0000,6077.0000,0.0000,0.0000,0.0000,0.0000,1,0,0,0,0,1,0,0,0,0
zc,SR311,2012-06-07 14:23:32.230,6025.0000,8,0,0.0000,0.0000,0,0,多换,B,6025.0000,0.0000,0.0000,0.0000,0.0000,6076.0000,0.0000,0.0000,0.0000,0.0000,1,0,0,0,0,1,0,0,0,0
zc,SR311,2012-06-07 14:23:53.010,6025.0000,8,0,0.0000,0.0000,0,0,多换,B,6025.0000,0.0000,0.0000,0.0000,0.0000,6077.0000,0.0000,0.0000,0.0000,0.0000,1,0,0,0,0,1,0,0,0,0
zc,SR311,2012-06-07 14:26:18.997,6025.0000,8,0,0.0000,0.0000,0,0,多换,B,6025.0000,0.0000,0.0000,0.0000,0.0000,6071.0000,0.0000,0.0000,0.0000,0.0000,1,0,0,0,0,1,0,0,0,0
zc,SR311,2012-06-07 14:26:22.980,6025.0000,8,0,0.0000,0.0000,0,0,多换,B,6025.0000,0.0000,0.0000,0.0000,0.0000,6077.0000,0.0000,0.0000,0.0000,0.0000,1,0,0,0,0,1,0,0,0,0
zc,SR311,2012-06-07 14:29:19.010,6025.0000,8,0,0.0000,0.0000,0,0,多换,B,6025.0000,0.0000,0.0000,0.0000,0.0000,6079.0000,0.0000,0.0000,0.0000,0.0000,1,0,0,0,0,1,0,0,0,0
zc,SR311,2012-06-07 14:29:24.260,6025.0000,8,0,0.0000,0.0000,0,0,多换,B,6025.0000,0.0000,0.0000,0.0000,0.0000,6077.0000,0.0000,0.0000,0.0000,0.0000,1,0,0,0,0,1,0,0,0,0
zc,SR311,2012-06-07 14:30:35.997,6025.0000,8,0,0.0000,0.0000,0,0,多换,B,6009.0000,0.0000,0.0000,0.0000,0.0000,6077.0000,0.0000,0.0000,0.0000,0.0000,1,0,0,0,0,1,0,0,0,0
zc,SR311,2012-06-07 14:30:37.997,6025.0000,8,0,0.0000,0.0000,0,0,多换,B,6008.0000,0.0000,0.0000,0.0000,0.0000,6077.0000,0.0000,0.0000,0.0000,0.0000,1,0,0,0,0,1,0,0,0,0
zc,SR311,2012-06-07 14:31:04.247,6025.0000,8,0,0.0000,0.0000,0,0,多换,B,6008.0000,0.0000,0.0000,0.0000,0.0000,6075.0000,0.0000,0.0000,0.0000,0.0000,1,0,0,0,0,1,0,0,0,0
zc,SR311,2012-06-07 14:31:13.997,6025.0000,8,0,0.0000,0.0000,0,0,多换,B,6008.0000,0.0000,0.0000,0.0000,0.0000,6077.0000,0.0000,0.0000,0.0000,0.0000,1,0,0,0,0,1,0,0,0,0
zc,SR311,2012-06-07 14:31:57.307,6025.0000,8,0,0.0000,0.0000,0,0,多换,B,6005.0000,0.0000,0.0000,0.0000,0.0000,6077.0000,0.0000,0.0000,0.0000,0.0000,1,0,0,0,0,1,0,0,0,0
zc,SR311,2012-06-07 14:32:03.497,6025.0000,8,0,0.0000,0.0000,0,0,多换,B,6004.0000,0.0000,0.0000,0.0000,0.0000,6068.0000,0.0000,0.0000,0.0000,0.0000,1,0,0,0,0,1,0,0,0,0
zc,SR311,2012-06-07 14:32:04.760,6025.0000,8,0,0.0000,0.0000,0,0,多换,B,6004.0000,0.0000,0.0000,0.0000,0.0000,6077.0000,0.0000,0.0000,0.0000,0.0000,1,0,0,0,0,1,0,0,0,0
zc,SR311,2012-06-07 14:32:05.260,6025.0000,8,0,0.0000,0.0000,0,0,多换,B,6000.0000,0.0000,0.0000,0.0000,0.0000,6067.0000,0.0000,0.0000,0.0000,0.0000,1,0,0,0,0,1,0,0,0,0
zc,SR311,2012-06-07 14:32:06.497,6025.0000,8,0,0.0000,0.0000,0,0,多换,B,6000.0000,0.0000,0.0000,0.0000,0.0000,6077.0000,0.0000,0.0000,0.0000,0.0000,1,0,0,0,0,1,0,0,0,0
zc,SR311,2012-06-07 14:32:08.510,6025.0000,8,0,0.0000,0.0000,0,0,多换,B,6001.0000,0.0000,0.0000,0.0000,0.0000,6077.0000,0.0000,0.0000,0.0000,0.0000,1,0,0,0,0,1,0,0,0,0
zc,SR311,2012-06-07 14:32:09.997,6025.0000,8,0,0.0000,0.0000,0,0,多换,B,6000.0000,0.0000,0.0000,0.0000,0.0000,6077.0000,0.0000,0.0000,0.0000,0.0000,1,0,0,0,0,1,0,0,0,0
zc,SR311,2012-06-07 14:32:21.010,6025.0000,8,0,0.0000,0.0000,0,0,多换,B,5994.0000,0.0000,0.0000,0.0000,0.0000,6063.0000,0.0000,0.0000,0.0000,0.0000,1,0,0,0,0,1,0,0,0,0
zc,SR311,2012-06-07 14:32:21.510,6025.0000,8,0,0.0000,0.0000,0,0,多换,B,5994.0000,0.0000,0.0000,0.0000,0.0000,6077.0000,0.0000,0.0000,0.0000,0.0000,1,0,0,0,0,1,0,0,0,0
zc,SR311,2012-06-07 14:32:23.747,6025.0000,8,0,0.0000,0.0000,0,0,多换,B,5998.0000,0.0000,0.0000,0.0000,0.0000,6077.0000,0.0000,0.0000,0.0000,0.0000,1,0,0,0,0,1,0,0,0,0
zc,SR311,2012-06-07 14:32:24.277,6025.0000,8,0,0.0000,0.0000,0,0,多换,B,5994.0000,0.0000,0.0000,0.0000,0.0000,6077.0000,0.0000,0.0000,0.0000,0.0000,1,0,0,0,0,1,0,0,0,0
zc,SR311,2012-06-07 14:32:29.480,6025.0000,8,0,0.0000,0.0000,0,0,多换,B,5999.0000,0.0000,0.0000,0.0000,0.0000,6077.0000,0.0000,0.0000,0.0000,0.0000,1,0,0,0,0,1,0,0,0,0
zc,SR311,2012-06-07 14:32:36.260,6025.0000,8,0,0.0000,0.0000,0,0,多换,B,5999.0000,0.0000,0.0000,0.0000,0.0000,6067.0000,0.0000,0.0000,0.0000,0.0000,1,0,0,0,0,1,0,0,0,0
zc,SR311,2012-06-07 14:32:49.480,6025.0000,8,0,0.0000,0.0000,0,0,多换,B,5999.0000,0.0000,0.0000,0.0000,0.0000,6066.0000,0.0000,0.0000,0.0000,0.0000,1,0,0,0,0,1,0,0,0,0
zc,SR311,2012-06-07 14:32:56.230,6025.0000,8,0,0.0000,0.0000,0,0,多换,B,6001.0000,0.0000,0.0000,0.0000,0.0000,6066.0000,0.0000,0.0000,0.0000,0.0000,1,0,0,0,0,1,0,0,0,0
zc,SR311,2012-06-07 14:32:57.010,6025.0000,8,0,0.0000,0.0000,0,0,多换,B,6001.0000,0.0000,0.0000,0.0000,0.0000,6067.0000,0.0000,0.0000,0.0000,0.0000,1,0,0,0,0,1,0,0,0,0
zc,SR311,2012-06-07 14:33:10.277,6025.0000,8,0,0.0000,0.0000,0,0,多换,B,5999.0000,0.0000,0.0000,0.0000,0.0000,6067.0000,0.0000,0.0000,0.0000,0.0000,1,0,0,0,0,1,0,0,0,0
zc,SR311,2012-06-07 14:33:13.510,6025.0000,8,0,0.0000,0.0000,0,0,多换,B,5994.0000,0.0000,0.0000,0.0000,0.0000,6067.0000,0.0000,0.0000,0.0000,0.0000,1,0,0,0,0,1,0,0,0,0
zc,SR311,2012-06-07 14:33:19.010,6025.0000,8,0,0.0000,0.0000,0,0,多换,B,5994.0000,0.0000,0.0000,0.0000,0.0000,6058.0000,0.0000,0.0000,0.0000,0.0000,1,0,0,0,0,1,0,0,0,0
zc,SR311,2012-06-07 14:33:24.777,6025.0000,8,0,0.0000,0.0000,0,0,多换,B,5994.0000,0.0000,0.0000,0.0000,0.0000,6067.0000,0.0000,0.0000,0.0000,0.0000,1,0,0,0,0,1,0,0,0,0
zc,SR311,2012-06-07 14:33:27.510,6025.0000,8,0,0.0000,0.0000,0,0,多换,B,5997.0000,0.0000,0.0000,0.0000,0.0000,6067.0000,0.0000,0.0000,0.0000,0.0000,1,0,0,0,0,1,0,0,0,0
zc,SR311,2012-06-07 14:33:30.010,6025.0000,8,0,0.0000,0.0000,0,0,多换,B,5994.0000,0.0000,0.0000,0.0000,0.0000,6067.0000,0.0000,0.0000,0.0000,0.0000,1,0,0,0,0,1,0,0,0,0
zc,SR311,2012-06-07 14:33:30.527,6025.0000,8,0,0.0000,0.0000,0,0,多换,B,5992.0000,0.0000,0.0000,0.0000,0.0000,6067.0000,0.0000,0.0000,0.0000,0.0000,1,0,0,0,0,1,0,0,0,0
zc,SR311,2012-06-07 14:33:31.247,6025.0000,8,0,0.0000,0.0000,0,0,多换,B,5992.0000,0.0000,0.0000,0.0000,0.0000,6056.0000,0.0000,0.0000,0.0000,0.0000,1,0,0,0,0,1,0,0,0,0
zc,SR311,2012-06-07 14:33:32.510,6025.0000,8,0,0.0000,0.0000,0,0,多换,B,5992.0000,0.0000,0.0000,0.0000,0.0000,6067.0000,0.0000,0.0000,0.0000,0.0000,1,0,0,0,0,1,0,0,0,0
zc,SR311,2012-06-07 14:33:44.510,6025.0000,8,0,0.0000,0.0000,0,0,多换,B,5994.0000,0.0000,0.0000,0.0000,0.0000,6067.0000,0.0000,0.0000,0.0000,0.0000,1,0,0,0,0,1,0,0,0,0
zc,SR311,2012-06-07 14:34:06.480,6025.0000,8,0,0.0000,0.0000,0,0,多换,B,5982.0000,0.0000,0.0000,0.0000,0.0000,6067.0000,0.0000,0.0000,0.0000,0.0000,1,0,0,0,0,1,0,0,0,0
zc,SR311,2012-06-07 14:34:11.010,6025.0000,8,0,0.0000,0.0000,0,0,多换,B,5982.0000,0.0000,0.0000,0.0000,0.0000,6062.0000,0.0000,0.0000,0.0000,0.0000,1,0,0,0,0,1,0,0,0,0
zc,SR311,2012-06-07 14:34:26.480,6025.0000,8,0,0.0000,0.0000,0,0,多换,B,5967.0000,0.0000,0.0000,0.0000,0.0000,6062.0000,0.0000,0.0000,0.0000,0.0000,1,0,0,0,0,1,0,0,0,0
zc,SR311,2012-06-07 14:35:21.980,6025.0000,8,0,0.0000,0.0000,0,0,多换,B,5978.0000,0.0000,0.0000,0.0000,0.0000,6062.0000,0.0000,0.0000,0.0000,0.0000,1,0,0,0,0,1,0,0,0,0
zc,SR311,2012-06-07 14:35:37.260,6025.0000,8,0,0.0000,0.0000,0,0,多换,B,5967.0000,0.0000,0.0000,0.0000,0.0000,6062.0000,0.0000,0.0000,0.0000,0.0000,1,0,0,0,0,1,0,0,0,0
zc,SR311,2012-06-07 14:35:54.497,6025.0000,8,0,0.0000,0.0000,0,0,多换,B,5976.0000,0.0000,0.0000,0.0000,0.0000,6062.0000,0.0000,0.0000,0.0000,0.0000,1,0,0,0,0,1,0,0,0,0
zc,SR311,2012-06-07 14:35:58.277,6025.0000,8,0,0.0000,0.0000,0,0,多换,B,5976.0000,0.0000,0.0000,0.0000,0.0000,6059.0000,0.0000,0.0000,0.0000,0.0000,1,0,0,0,0,1,0,0,0,0
zc,SR311,2012-06-07 14:36:48.290,6025.0000,8,0,0.0000,0.0000,0,0,多换,B,5976.0000,0.0000,0.0000,0.0000,0.0000,6062.0000,0.0000,0.0000,0.0000,0.0000,1,0,0,0,0,1,0,0,0,0
zc,SR311,2012-06-07 14:36:57.260,6025.0000,8,0,0.0000,0.0000,0,0,多换,B,5980.0000,0.0000,0.0000,0.0000,0.0000,6062.0000,0.0000,0.0000,0.0000,0.0000,1,0,0,0,0,1,0,0,0,0
zc,SR311,2012-06-07 14:37:15.497,6025.0000,8,0,0.0000,0.0000,0,0,多换,B,5976.0000,0.0000,0.0000,0.0000,0.0000,6062.0000,0.0000,0.0000,0.0000,0.0000,1,0,0,0,0,1,0,0,0,0
zc,SR311,2012-06-07 14:38:02.497,6025.0000,8,0,0.0000,0.0000,0,0,多换,B,5976.0000,0.0000,0.0000,0.0000,0.0000,6059.0000,0.0000,0.0000,0.0000,0.0000,1,0,0,0,0,1,0,0,0,0
zc,SR311,2012-06-07 14:39:23.247,6025.0000,8,0,0.0000,0.0000,0,0,多换,B,5977.0000,0.0000,0.0000,0.0000,0.0000,6059.0000,0.0000,0.0000,0.0000,0.0000,1,0,0,0,0,1,0,0,0,0
zc,SR311,2012-06-07 14:39:30.980,6025.0000,8,0,0.0000,0.0000,0,0,多换,B,5977.0000,0.0000,0.0000,0.0000,0.0000,6062.0000,0.0000,0.0000,0.0000,0.0000,1,0,0,0,0,1,0,0,0,0
zc,SR311,2012-06-07 14:39:52.527,6025.0000,8,0,0.0000,0.0000,0,0,多换,B,5976.0000,0.0000,0.0000,0.0000,0.0000,6062.0000,0.0000,0.0000,0.0000,0.0000,1,0,0,0,0,1,0,0,0,0
zc,SR311,2012-06-07 14:39:59.497,6025.0000,8,0,0.0000,0.0000,0,0,多换,B,5976.0000,0.0000,0.0000,0.0000,0.0000,6059.0000,0.0000,0.0000,0.0000,0.0000,1,0,0,0,0,1,0,0,0,0
zc,SR311,2012-06-07 14:40:23.997,6025.0000,8,0,0.0000,0.0000,0,0,多换,B,5967.0000,0.0000,0.0000,0.0000,0.0000,6059.0000,0.0000,0.0000,0.0000,0.0000,1,0,0,0,0,1,0,0,0,0
zc,SR311,2012-06-07 14:40:40.747,6025.0000,8,0,0.0000,0.0000,0,0,多换,B,5956.0000,0.0000,0.0000,0.0000,0.0000,6059.0000,0.0000,0.0000,0.0000,0.0000,1,0,0,0,0,1,0,0,0,0
zc,SR311,2012-06-07 14:40:48.230,6025.0000,8,0,0.0000,0.0000,0,0,多换,B,5972.0000,0.0000,0.0000,0.0000,0.0000,6059.0000,0.0000,0.0000,0.0000,0.0000,1,0,0,0,0,1,0,0,0,0
zc,SR311,2012-06-07 14:40:52.230,6025.0000,8,0,0.0000,0.0000,0,0,多换,B,5956.0000,0.0000,0.0000,0.0000,0.0000,6059.0000,0.0000,0.0000,0.0000,0.0000,1,0,0,0,0,1,0,0,0,0
zc,SR311,2012-06-07 14:40:57.777,6025.0000,8,0,0.0000,0.0000,0,0,多换,B,5974.0000,0.0000,0.0000,0.0000,0.0000,6058.0000,0.0000,0.0000,0.0000,0.0000,1,0,0,0,0,1,0,0,0,0
zc,SR311,2012-06-07 14:41:30.760,6025.0000,8,0,0.0000,0.0000,0,0,多换,B,5974.0000,0.0000,0.0000,0.0000,0.0000,6059.0000,0.0000,0.0000,0.0000,0.0000,1,0,0,0,0,1,0,0,0,0
zc,SR311,2012-06-07 14:41:59.760,6025.0000,8,0,0.0000,0.0000,0,0,多换,B,5957.0000,0.0000,0.0000,0.0000,0.0000,6052.0000,0.0000,0.0000,0.0000,0.0000,1,0,0,0,0,1,0,0,0,0
zc,SR311,2012-06-07 14:42:04.260,6025.0000,8,0,0.0000,0.0000,0,0,多换,B,5957.0000,0.0000,0.0000,0.0000,0.0000,6059.0000,0.0000,0.0000,0.0000,0.0000,1,0,0,0,0,1,0,0,0,0
zc,SR311,2012-06-07 14:42:04.747,6025.0000,8,0,0.0000,0.0000,0,0,多换,B,5974.0000,0.0000,0.0000,0.0000,0.0000,6059.0000,0.0000,0.0000,0.0000,0.0000,1,0,0,0,0,1,0,0,0,0
zc,SR311,2012-06-07 14:42:08.247,6025.0000,8,0,0.0000,0.0000,0,0,多换,B,5957.0000,0.0000,0.0000,0.0000,0.0000,6059.0000,0.0000,0.0000,0.0000,0.0000,1,0,0,0,0,1,0,0,0,0
zc,SR311,2012-06-07 14:42:17.730,6025.0000,8,0,0.0000,0.0000,0,0,多换,B,5972.0000,0.0000,0.0000,0.0000,0.0000,6059.0000,0.0000,0.0000,0.0000,0.0000,1,0,0,0,0,1,0,0,0,0
zc,SR311,2012-06-07 14:43:08.510,6025.0000,8,0,0.0000,0.0000,0,0,多换,B,5972.0000,0.0000,0.0000,0.0000,0.0000,6051.0000,0.0000,0.0000,0.0000,0.0000,1,0,0,0,0,1,0,0,0,0
zc,SR311,2012-06-07 14:43:08.997,6025.0000,8,0,0.0000,0.0000,0,0,多换,B,5957.0000,0.0000,0.0000,0.0000,0.0000,6051.0000,0.0000,0.0000,0.0000,0.0000,1,0,0,0,0,1,0,0,0,0
zc,SR311,2012-06-07 14:43:10.277,6025.0000,8,0,0.0000,0.0000,0,0,多换,B,5957.0000,0.0000,0.0000,0.0000,0.0000,6059.0000,0.0000,0.0000,0.0000,0.0000,1,0,0,0,0,1,0,0,0,0
zc,SR311,2012-06-07 14:43:18.963,6025.0000,8,0,0.0000,0.0000,0,0,多换,B,5957.0000,0.0000,0.0000,0.0000,0.0000,6052.0000,0.0000,0.0000,0.0000,0.0000,1,0,0,0,0,1,0,0,0,0
zc,SR311,2012-06-07 14:43:22.510,6025.0000,8,0,0.0000,0.0000,0,0,多换,B,5957.0000,0.0000,0.0000,0.0000,0.0000,6059.0000,0.0000,0.0000,0.0000,0.0000,1,0,0,0,0,1,0,0,0,0
zc,SR311,2012-06-07 14:43:30.997,6025.0000,8,0,0.0000,0.0000,0,0,多换,B,5968.0000,0.0000,0.0000,0.0000,0.0000,6059.0000,0.0000,0.0000,0.0000,0.0000,1,0,0,0,0,1,0,0,0,0
zc,SR311,2012-06-07 14:44:43.730,6025.0000,8,0,0.0000,0.0000,0,0,多换,B,5972.0000,0.0000,0.0000,0.0000,0.0000,6059.0000,0.0000,0.0000,0.0000,0.0000,1,0,0,0,0,1,0,0,0,0
zc,SR311,2012-06-07 14:45:09.713,6025.0000,8,0,0.0000,0.0000,0,0,多换,B,5972.0000,0.0000,0.0000,0.0000,0.0000,6058.0000,0.0000,0.0000,0.0000,0.0000,1,0,0,0,0,1,0,0,0,0
zc,SR311,2012-06-07 14:45:22.247,6025.0000,8,0,0.0000,0.0000,0,0,多换,B,5972.0000,0.0000,0.0000,0.0000,0.0000,6059.0000,0.0000,0.0000,0.0000,0.0000,1,0,0,0,0,1,0,0,0,0
zc,SR311,2012-06-07 14:45:46.213,6025.0000,8,0,0.0000,0.0000,0,0,多换,B,5973.0000,0.0000,0.0000,0.0000,0.0000,6059.0000,0.0000,0.0000,0.0000,0.0000,1,0,0,0,0,1,0,0,0,0
zc,SR311,2012-06-07 14:47:43.463,6025.0000,8,0,0.0000,0.0000,0,0,多换,B,5974.0000,0.0000,0.0000,0.0000,0.0000,6059.0000,0.0000,0.0000,0.0000,0.0000,1,0,0,0,0,1,0,0,0,0
zc,SR311,2012-06-07 14:48:44.997,6025.0000,8,0,0.0000,0.0000,0,0,多换,B,5973.0000,0.0000,0.0000,0.0000,0.0000,6059.0000,0.0000,0.0000,0.0000,0.0000,1,0,0,0,0,1,0,0,0,0
zc,SR311,2012-06-07 14:49:37.980,6025.0000,8,0,0.0000,0.0000,0,0,多换,B,5974.0000,0.0000,0.0000,0.0000,0.0000,6059.0000,0.0000,0.0000,0.0000,0.0000,1,0,0,0,0,1,0,0,0,0
zc,SR311,2012-06-07 14:50:59.997,6025.0000,8,0,0.0000,0.0000,0,0,多换,B,5979.0000,0.0000,0.0000,0.0000,0.0000,6059.0000,0.0000,0.0000,0.0000,0.0000,1,0,0,0,0,1,0,0,0,0
zc,SR311,2012-06-07 14:51:01.463,6025.0000,8,0,0.0000,0.0000,0,0,多换,B,5974.0000,0.0000,0.0000,0.0000,0.0000,6059.0000,0.0000,0.0000,0.0000,0.0000,1,0,0,0,0,1,0,0,0,0
zc,SR311,2012-06-07 14:51:22.260,6025.0000,8,0,0.0000,0.0000,0,0,多换,B,5974.0000,0.0000,0.0000,0.0000,0.0000,6062.0000,0.0000,0.0000,0.0000,0.0000,1,0,0,0,0,1,0,0,0,0
zc,SR311,2012-06-07 14:51:22.760,6025.0000,8,0,0.0000,0.0000,0,0,多换,B,5982.0000,0.0000,0.0000,0.0000,0.0000,6062.0000,0.0000,0.0000,0.0000,0.0000,1,0,0,0,0,1,0,0,0,0
zc,SR311,2012-06-07 14:51:25.747,6025.0000,8,0,0.0000,0.0000,0,0,多换,B,5974.0000,0.0000,0.0000,0.0000,0.0000,6062.0000,0.0000,0.0000,0.0000,0.0000,1,0,0,0,0,1,0,0,0,0
zc,SR311,2012-06-07 14:51:30.010,6025.0000,8,0,0.0000,0.0000,0,0,多换,B,5985.0000,0.0000,0.0000,0.0000,0.0000,6077.0000,0.0000,0.0000,0.0000,0.0000,1,0,0,0,0,2,0,0,0,0
zc,SR311,2012-06-07 14:51:30.497,6025.0000,8,0,0.0000,0.0000,0,0,多换,B,5974.0000,0.0000,0.0000,0.0000,0.0000,6077.0000,0.0000,0.0000,0.0000,0.0000,1,0,0,0,0,2,0,0,0,0
zc,SR311,2012-06-07 14:51:38.497,6025.0000,8,0,0.0000,0.0000,0,0,多换,B,5974.0000,0.0000,0.0000,0.0000,0.0000,6077.0000,0.0000,0.0000,0.0000,0.0000,1,0,0,0,0,1,0,0,0,0
zc,SR311,2012-06-07 14:51:39.260,6025.0000,8,0,0.0000,0.0000,0,0,多换,B,5988.0000,0.0000,0.0000,0.0000,0.0000,6077.0000,0.0000,0.0000,0.0000,0.0000,1,0,0,0,0,1,0,0,0,0
zc,SR311,2012-06-07 14:51:40.510,6025.0000,8,0,0.0000,0.0000,0,0,多换,B,5973.0000,0.0000,0.0000,0.0000,0.0000,6077.0000,0.0000,0.0000,0.0000,0.0000,1,0,0,0,0,1,0,0,0,0
zc,SR311,2012-06-07 14:51:43.497,6025.0000,8,0,0.0000,0.0000,0,0,多换,B,5994.0000,0.0000,0.0000,0.0000,0.0000,6077.0000,0.0000,0.0000,0.0000,0.0000,1,0,0,0,0,1,0,0,0,0
zc,SR311,2012-06-07 14:51:43.980,6025.0000,8,0,0.0000,0.0000,0,0,多换,B,5995.0000,0.0000,0.0000,0.0000,0.0000,6077.0000,0.0000,0.0000,0.0000,0.0000,1,0,0,0,0,1,0,0,0,0
zc,SR311,2012-06-07 14:51:45.247,6025.0000,8,0,0.0000,0.0000,0,0,多换,B,5973.0000,0.0000,0.0000,0.0000,0.0000,6077.0000,0.0000,0.0000,0.0000,0.0000,1,0,0,0,0,1,0,0,0,0
zc,SR311,2012-06-07 14:51:46.497,6025.0000,8,0,0.0000,0.0000,0,0,多换,B,5973.0000,0.0000,0.0000,0.0000,0.0000,6075.0000,0.0000,0.0000,0.0000,0.0000,1,0,0,0,0,1,0,0,0,0
zc,SR311,2012-06-07 14:51:47.230,6025.0000,8,0,0.0000,0.0000,0,0,多换,B,5973.0000,0.0000,0.0000,0.0000,0.0000,6077.0000,0.0000,0.0000,0.0000,0.0000,1,0,0,0,0,1,0,0,0,0
zc,SR311,2012-06-07 14:51:52.027,6025.0000,8,0,0.0000,0.0000,0,0,多换,B,5973.0000,0.0000,0.0000,0.0000,0.0000,6073.0000,0.0000,0.0000,0.0000,0.0000,1,0,0,0,0,1,0,0,0,0
zc,SR311,2012-06-07 14:51:52.730,6025.0000,8,0,0.0000,0.0000,0,0,多换,B,5973.0000,0.0000,0.0000,0.0000,0.0000,6077.0000,0.0000,0.0000,0.0000,0.0000,1,0,0,0,0,1,0,0,0,0
zc,SR311,2012-06-07 14:51:58.247,6025.0000,8,0,0.0000,0.0000,0,0,多换,B,5990.0000,0.0000,0.0000,0.0000,0.0000,6074.0000,0.0000,0.0000,0.0000,0.0000,1,0,0,0,0,1,0,0,0,0
zc,SR311,2012-06-07 14:52:07.260,6025.0000,8,0,0.0000,0.0000,0,0,多换,B,5990.0000,0.0000,0.0000,0.0000,0.0000,6077.0000,0.0000,0.0000,0.0000,0.0000,1,0,0,0,0,1,0,0,0,0
zc,SR311,2012-06-07 14:52:11.730,6025.0000,8,0,0.0000,0.0000,0,0,多换,B,5990.0000,0.0000,0.0000,0.0000,0.0000,6074.0000,0.0000,0.0000,0.0000,0.0000,1,0,0,0,0,1,0,0,0,0
zc,SR311,2012-06-07 14:52:12.463,6025.0000,8,0,0.0000,0.0000,0,0,多换,B,5990.0000,0.0000,0.0000,0.0000,0.0000,6077.0000,0.0000,0.0000,0.0000,0.0000,1,0,0,0,0,1,0,0,0,0
zc,SR311,2012-06-07 14:52:16.480,6025.0000,8,0,0.0000,0.0000,0,0,多换,B,5990.0000,0.0000,0.0000,0.0000,0.0000,6075.0000,0.0000,0.0000,0.0000,0.0000,1,0,0,0,0,1,0,0,0,0
zc,SR311,2012-06-07 14:52:17.747,6025.0000,8,0,0.0000,0.0000,0,0,多换,B,5990.0000,0.0000,0.0000,0.0000,0.0000,6074.0000,0.0000,0.0000,0.0000,0.0000,1,0,0,0,0,1,0,0,0,0
zc,SR311,2012-06-07 14:52:18.730,6025.0000,8,0,0.0000,0.0000,0,0,多换,B,5990.0000,0.0000,0.0000,0.0000,0.0000,6073.0000,0.0000,0.0000,0.0000,0.0000,1,0,0,0,0,1,0,0,0,0
zc,SR311,2012-06-07 14:52:37.730,6025.0000,8,0,0.0000,0.0000,0,0,多换,B,5990.0000,0.0000,0.0000,0.0000,0.0000,6069.0000,0.0000,0.0000,0.0000,0.0000,1,0,0,0,0,1,0,0,0,0
zc,SR311,2012-06-07 14:53:04.747,6025.0000,8,0,0.0000,0.0000,0,0,多换,B,5975.0000,0.0000,0.0000,0.0000,0.0000,6069.0000,0.0000,0.0000,0.0000,0.0000,1,0,0,0,0,1,0,0,0,0
zc,SR311,2012-06-07 14:53:05.247,6025.0000,8,0,0.0000,0.0000,0,0,多换,B,5975.0000,0.0000,0.0000,0.0000,0.0000,6068.0000,0.0000,0.0000,0.0000,0.0000,1,0,0,0,0,1,0,0,0,0
zc,SR311,2012-06-07 14:53:06.980,6025.0000,8,0,0.0000,0.0000,0,0,多换,B,5975.0000,0.0000,0.0000,0.0000,0.0000,6069.0000,0.0000,0.0000,0.0000,0.0000,1,0,0,0,0,1,0,0,0,0
zc,SR311,2012-06-07 14:53:12.463,6025.0000,8,0,0.0000,0.0000,0,0,多换,B,5975.0000,0.0000,0.0000,0.0000,0.0000,6064.0000,0.0000,0.0000,0.0000,0.0000,1,0,0,0,0,1,0,0,0,0
zc,SR311,2012-06-07 14:53:19.480,6025.0000,8,0,0.0000,0.0000,0,0,多换,B,5975.0000,0.0000,0.0000,0.0000,0.0000,6069.0000,0.0000,0.0000,0.0000,0.0000,1,0,0,0,0,1,0,0,0,0
zc,SR311,2012-06-07 14:53:24.760,6025.0000,8,0,0.0000,0.0000,0,0,多换,B,5975.0000,0.0000,0.0000,0.0000,0.0000,6055.0000,0.0000,0.0000,0.0000,0.0000,1,0,0,0,0,1,0,0,0,0
zc,SR311,2012-06-07 14:53:25.213,6025.0000,8,0,0.0000,0.0000,0,0,多换,B,5976.0000,0.0000,0.0000,0.0000,0.0000,6055.0000,0.0000,0.0000,0.0000,0.0000,1,0,0,0,0,1,0,0,0,0
zc,SR311,2012-06-07 14:53:31.777,6025.0000,8,0,0.0000,0.0000,0,0,多换,B,5976.0000,0.0000,0.0000,0.0000,0.0000,6069.0000,0.0000,0.0000,0.0000,0.0000,1,0,0,0,0,1,0,0,0,0
zc,SR311,2012-06-07 14:53:32.247,6025.0000,8,0,0.0000,0.0000,0,0,多换,B,5976.0000,0.0000,0.0000,0.0000,0.0000,6069.0000,0.0000,0.0000,0.0000,0.0000,1,0,0,0,0,2,0,0,0,0
zc,SR311,2012-06-07 14:53:32.730,6025.0000,8,0,0.0000,0.0000,0,0,多换,B,5976.0000,0.0000,0.0000,0.0000,0.0000,6069.0000,0.0000,0.0000,0.0000,0.0000,1,0,0,0,0,1,0,0,0,0
zc,SR311,2012-06-07 14:53:39.260,6025.0000,8,0,0.0000,0.0000,0,0,多换,B,5978.0000,0.0000,0.0000,0.0000,0.0000,6069.0000,0.0000,0.0000,0.0000,0.0000,1,0,0,0,0,1,0,0,0,0
zc,SR311,2012-06-07 14:53:39.963,6025.0000,8,0,0.0000,0.0000,0,0,多换,B,5978.0000,0.0000,0.0000,0.0000,0.0000,6058.0000,0.0000,0.0000,0.0000,0.0000,1,0,0,0,0,1,0,0,0,0
zc,SR311,2012-06-07 14:54:42.197,6025.0000,8,0,0.0000,0.0000,0,0,多换,B,5973.0000,0.0000,0.0000,0.0000,0.0000,6058.0000,0.0000,0.0000,0.0000,0.0000,1,0,0,0,0,1,0,0,0,0
zc,SR311,2012-06-07 14:54:52.730,6025.0000,8,0,0.0000,0.0000,0,0,多换,B,5973.0000,0.0000,0.0000,0.0000,0.0000,6077.0000,0.0000,0.0000,0.0000,0.0000,1,0,0,0,0,2,0,0,0,0
zc,SR311,2012-06-07 14:54:54.213,6025.0000,8,0,0.0000,0.0000,0,0,多换,B,5973.0000,0.0000,0.0000,0.0000,0.0000,6069.0000,0.0000,0.0000,0.0000,0.0000,1,0,0,0,0,1,0,0,0,0
zc,SR311,2012-06-07 14:54:54.747,6025.0000,8,0,0.0000,0.0000,0,0,多换,B,5979.0000,0.0000,0.0000,0.0000,0.0000,6069.0000,0.0000,0.0000,0.0000,0.0000,1,0,0,0,0,1,0,0,0,0
zc,SR311,2012-06-07 14:54:56.683,6025.0000,8,0,0.0000,0.0000,0,0,多换,B,5979.0000,0.0000,0.0000,0.0000,0.0000,6069.0000,0.0000,0.0000,0.0000,0.0000,1,0,0,0,0,1,0,0,0,0
zc,SR311,2012-06-07 14:54:57.260,6025.0000,8,0,0.0000,0.0000,0,0,多换,B,5979.0000,0.0000,0.0000,0.0000,0.0000,6077.0000,0.0000,0.0000,0.0000,0.0000,1,0,0,0,0,2,0,0,0,0
zc,SR311,2012-06-07 14:55:12.247,6025.0000,8,0,0.0000,0.0000,0,0,多换,B,5980.0000,0.0000,0.0000,0.0000,0.0000,6077.0000,0.0000,0.0000,0.0000,0.0000,1,0,0,0,0,2,0,0,0,0
zc,SR311,2012-06-07 14:55:13.497,6025.0000,8,0,0.0000,0.0000,0,0,多换,B,5979.0000,0.0000,0.0000,0.0000,0.0000,6077.0000,0.0000,0.0000,0.0000,0.0000,1,0,0,0,0,2,0,0,0,0
zc,SR311,2012-06-07 14:55:19.213,6025.0000,8,0,0.0000,0.0000,0,0,多换,B,5980.0000,0.0000,0.0000,0.0000,0.0000,6077.0000,0.0000,0.0000,0.0000,0.0000,1,0,0,0,0,2,0,0,0,0
zc,SR311,2012-06-07 14:55:22.463,6025.0000,8,0,0.0000,0.0000,0,0,多换,B,5980.0000,0.0000,0.0000,0.0000,0.0000,6077.0000,0.0000,0.0000,0.0000,0.0000,1,0,0,0,0,1,0,0,0,0
zc,SR311,2012-06-07 14:55:23.463,6025.0000,8,0,0.0000,0.0000,0,0,多换,B,5980.0000,0.0000,0.0000,0.0000,0.0000,6075.0000,0.0000,0.0000,0.0000,0.0000,1,0,0,0,0,1,0,0,0,0
zc,SR311,2012-06-07 14:55:36.260,6025.0000,8,0,0.0000,0.0000,0,0,多换,B,5980.0000,0.0000,0.0000,0.0000,0.0000,6077.0000,0.0000,0.0000,0.0000,0.0000,1,0,0,0,0,1,0,0,0,0
zc,SR311,2012-06-07 14:55:38.730,6025.0000,8,0,0.0000,0.0000,0,0,多换,B,5980.0000,0.0000,0.0000,0.0000,0.0000,6077.0000,0.0000,0.0000,0.0000,0.0000,1,0,0,0,0,2,0,0,0,0
zc,SR311,2012-06-07 14:55:44.010,6025.0000,8,0,0.0000,0.0000,0,0,多换,B,5980.0000,0.0000,0.0000,0.0000,0.0000,6075.0000,0.0000,0.0000,0.0000,0.0000,1,0,0,0,0,1,0,0,0,0
zc,SR311,2012-06-07 14:55:55.777,6025.0000,8,0,0.0000,0.0000,0,0,多换,B,5984.0000,0.0000,0.0000,0.0000,0.0000,6075.0000,0.0000,0.0000,0.0000,0.0000,1,0,0,0,0,1,0,0,0,0
zc,SR311,2012-06-07 14:56:04.777,6025.0000,8,0,0.0000,0.0000,0,0,多换,B,5980.0000,0.0000,0.0000,0.0000,0.0000,6075.0000,0.0000,0.0000,0.0000,0.0000,1,0,0,0,0,1,0,0,0,0
zc,SR311,2012-06-07 14:56:42.480,6025.0000,8,0,0.0000,0.0000,0,0,多换,B,5980.0000,0.0000,0.0000,0.0000,0.0000,6077.0000,0.0000,0.0000,0.0000,0.0000,1,0,0,0,0,2,0,0,0,0
zc,SR311,2012-06-07 14:57:04.497,6025.0000,8,0,0.0000,0.0000,0,0,多换,B,5980.0000,0.0000,0.0000,0.0000,0.0000,6061.0000,0.0000,0.0000,0.0000,0.0000,1,0,0,0,0,1,0,0,0,0
zc,SR311,2012-06-07 14:57:10.777,6025.0000,8,0,0.0000,0.0000,0,0,多换,B,5980.0000,0.0000,0.0000,0.0000,0.0000,6077.0000,0.0000,0.0000,0.0000,0.0000,1,0,0,0,0,2,0,0,0,0
zc,SR311,2012-06-07 14:57:16.027,6025.0000,8,0,0.0000,0.0000,0,0,多换,B,5980.0000,0.0000,0.0000,0.0000,0.0000,6076.0000,0.0000,0.0000,0.0000,0.0000,1,0,0,0,0,1,0,0,0,0
zc,SR311,2012-06-07 14:57:26.497,6025.0000,8,0,0.0000,0.0000,0,0,多换,B,5986.0000,0.0000,0.0000,0.0000,0.0000,6076.0000,0.0000,0.0000,0.0000,0.0000,1,0,0,0,0,1,0,0,0,0
zc,SR311,2012-06-07 14:57:34.230,6025.0000,8,0,0.0000,0.0000,0,0,多换,B,5989.0000,0.0000,0.0000,0.0000,0.0000,6077.0000,0.0000,0.0000,0.0000,0.0000,1,0,0,0,0,2,0,0,0,0
zc,SR311,2012-06-07 14:57:34.760,6025.0000,8,0,0.0000,0.0000,0,0,多换,B,5986.0000,0.0000,0.0000,0.0000,0.0000,6073.0000,0.0000,0.0000,0.0000,0.0000,1,0,0,0,0,1,0,0,0,0
zc,SR311,2012-06-07 14:57:35.980,6025.0000,8,0,0.0000,0.0000,0,0,多换,B,5986.0000,0.0000,0.0000,0.0000,0.0000,6077.0000,0.0000,0.0000,0.0000,0.0000,1,0,0,0,0,2,0,0,0,0
zc,SR311,2012-06-07 14:57:42.277,6025.0000,8,0,0.0000,0.0000,0,0,多换,B,5986.0000,0.0000,0.0000,0.0000,0.0000,6068.0000,0.0000,0.0000,0.0000,0.0000,1,0,0,0,0,1,0,0,0,0
zc,SR311,2012-06-07 14:57:47.527,6025.0000,8,0,0.0000,0.0000,0,0,多换,B,5986.0000,0.0000,0.0000,0.0000,0.0000,6073.0000,0.0000,0.0000,0.0000,0.0000,1,0,0,0,0,1,0,0,0,0
zc,SR311,2012-06-07 14:57:48.713,6025.0000,8,0,0.0000,0.0000,0,0,多换,B,5986.0000,0.0000,0.0000,0.0000,0.0000,6076.0000,0.0000,0.0000,0.0000,0.0000,1,0,0,0,0,1,0,0,0,0
zc,SR311,2012-06-07 14:58:10.480,6025.0000,8,0,0.0000,0.0000,0,0,多换,B,5986.0000,0.0000,0.0000,0.0000,0.0000,6067.0000,0.0000,0.0000,0.0000,0.0000,1,0,0,0,0,1,0,0,0,0
zc,SR311,2012-06-07 14:58:24.230,6025.0000,8,0,0.0000,0.0000,0,0,多换,B,5986.0000,0.0000,0.0000,0.0000,0.0000,6077.0000,0.0000,0.0000,0.0000,0.0000,1,0,0,0,0,1,0,0,0,0
zc,SR311,2012-06-07 14:58:33.230,6025.0000,8,0,0.0000,0.0000,0,0,多换,B,5986.0000,0.0000,0.0000,0.0000,0.0000,6074.0000,0.0000,0.0000,0.0000,0.0000,1,0,0,0,0,1,0,0,0,0
zc,SR311,2012-06-07 14:58:39.963,6025.0000,8,0,0.0000,0.0000,0,0,多换,B,5986.0000,0.0000,0.0000,0.0000,0.0000,6071.0000,0.0000,0.0000,0.0000,0.0000,1,0,0,0,0,1,0,0,0,0
zc,SR311,2012-06-07 14:58:46.527,6025.0000,8,0,0.0000,0.0000,0,0,多换,B,5986.0000,0.0000,0.0000,0.0000,0.0000,6067.0000,0.0000,0.0000,0.0000,0.0000,1,0,0,0,0,1,0,0,0,0
zc,SR311,2012-06-07 14:59:09.010,6025.0000,8,0,0.0000,0.0000,0,0,多换,B,5986.0000,0.0000,0.0000,0.0000,0.0000,6070.0000,0.0000,0.0000,0.0000,0.0000,1,0,0,0,0,1,0,0,0,0
zc,SR311,2012-06-07 14:59:09.480,6025.0000,8,0,0.0000,0.0000,0,0,多换,B,5986.0000,0.0000,0.0000,0.0000,0.0000,6066.0000,0.0000,0.0000,0.0000,0.0000,1,0,0,0,0,1,0,0,0,0
zc,SR311,2012-06-07 14:59:14.247,6025.0000,8,0,0.0000,0.0000,0,0,多换,B,5980.0000,0.0000,0.0000,0.0000,0.0000,6066.0000,0.0000,0.0000,0.0000,0.0000,1,0,0,0,0,1,0,0,0,0
zc,SR311,2012-06-07 14:59:15.010,6025.0000,8,0,0.0000,0.0000,0,0,多换,B,5989.0000,0.0000,0.0000,0.0000,0.0000,6071.0000,0.0000,0.0000,0.0000,0.0000,1,0,0,0,0,1,0,0,0,0
zc,SR311,2012-06-07 14:59:19.790,6025.0000,8,0,0.0000,0.0000,0,0,多换,B,5980.0000,0.0000,0.0000,0.0000,0.0000,6071.0000,0.0000,0.0000,0.0000,0.0000,1,0,0,0,0,1,0,0,0,0
zc,SR311,2012-06-07 14:59:25.010,6025.0000,8,0,0.0000,0.0000,0,0,多换,B,5980.0000,0.0000,0.0000,0.0000,0.0000,6066.0000,0.0000,0.0000,0.0000,0.0000,1,0,0,0,0,1,0,0,0,0
zc,SR311,2012-06-07 15:29:56.637,6025.0000,8,0,0.0000,0.0000,0,0,多换,B,5980.0000,0.0000,0.0000,0.0000,0.0000,6066.0000,0.0000,0.0000,0.0000,0.0000,1,0,0,0,0,1,0,0,0,0
zc,SR311,2012-06-07 15:42:56.620,6025.0000,8,0,0.0000,0.0000,0,0,多换,B,5980.0000,0.0000,0.0000,0.0000,0.0000,6066.0000,0.0000,0.0000,0.0000,0.0000,1,0,0,0,0,1,0,0,0,0
zc,SR311,2012-06-07 15:50:56.620,6025.0000,8,0,0.0000,0.0000,0,0,多换,B,5980.0000,0.0000,0.0000,0.0000,0.0000,6066.0000,0.0000,0.0000,0.0000,0.0000,1,0,0,0,0,1,0,0,0,0
zc,SR311,2012-06-07 15:54:56.603,6025.0000,8,0,0.0000,0.0000,0,0,多换,B,5980.0000,0.0000,0.0000,0.0000,0.0000,6066.0000,0.0000,0.0000,0.0000,0.0000,1,0,0,0,0,1,0,0,0,0
