市场代码,合约代码,时间,最新,持仓,增仓,成交额,成交量,开仓,平仓,成交类型,方向,买一价,买二价,买三价,买四价,买五价,卖一价,卖二价,卖三价,卖四价,卖五价,买一量,买二量,买三量,买四量,买五量,卖一量,卖二量,卖三量,卖四量,卖五量
zc,TA209,2012-06-07 07:52:55.573,0.0000,503492,0,0.0000,0.0000,0,0,空换,S,0.0000,0.0000,0.0000,0.0000,0.0000,0.0000,0.0000,0.0000,0.0000,0.0000,0,0,0,0,0,0,0,0,0,0
zc,TA209,2012-06-07 07:57:55.573,0.0000,503492,0,0.0000,0.0000,0,0,空换,S,0.0000,0.0000,0.0000,0.0000,0.0000,0.0000,0.0000,0.0000,0.0000,0.0000,0,0,0,0,0,0,0,0,0,0
zc,TA209,2012-06-07 07:59:55.573,0.0000,503492,0,0.0000,0.0000,0,0,空换,S,0.0000,0.0000,0.0000,0.0000,0.0000,0.0000,0.0000,0.0000,0.0000,0.0000,0,0,0,0,0,0,0,0,0,0
zc,TA209,2012-06-07 08:16:57.057,0.0000,503492,0,0.0000,0.0000,0,0,空换,S,0.0000,0.0000,0.0000,0.0000,0.0000,0.0000,0.0000,0.0000,0.0000,0.0000,0,0,0,0,0,0,0,0,0,0
zc,TA209,2012-06-07 08:25:57.057,0.0000,503492,0,0.0000,0.0000,0,0,空换,S,0.0000,0.0000,0.0000,0.0000,0.0000,0.0000,0.0000,0.0000,0.0000,0.0000,0,0,0,0,0,0,0,0,0,0
zc,TA209,2012-06-07 08:28:57.073,0.0000,503492,0,0.0000,0.0000,0,0,空换,S,0.0000,0.0000,0.0000,0.0000,0.0000,0.0000,0.0000,0.0000,0.0000,0.0000,0,0,0,0,0,0,0,0,0,0
zc,TA209,2012-06-07 08:55:00.573,0.0000,503492,0,0.0000,0.0000,0,0,空换,S,0.0000,0.0000,0.0000,0.0000,0.0000,0.0000,0.0000,0.0000,0.0000,0.0000,0,0,0,0,0,0,0,0,0,0
zc,TA209,2012-06-07 08:55:03.557,0.0000,503492,0,0.0000,0.0000,0,0,空换,S,0.0000,0.0000,0.0000,0.0000,0.0000,0.0000,0.0000,0.0000,0.0000,0.0000,0,0,0,0,0,0,0,0,0,0
zc,TA209,2012-06-07 08:55:07.057,0.0000,503492,0,0.0000,0.0000,0,0,空换,S,0.0000,0.0000,0.0000,0.0000,0.0000,0.0000,0.0000,0.0000,0.0000,0.0000,0,0,0,0,0,0,0,0,0,0
zc,TA209,2012-06-07 08:55:08.040,0.0000,503492,0,0.0000,0.0000,0,0,空换,S,0.0000,0.0000,0.0000,0.0000,0.0000,0.0000,0.0000,0.0000,0.0000,0.0000,0,0,0,0,0,0,0,0,0,0
zc,TA209,2012-06-07 08:55:15.557,0.0000,503492,0,0.0000,0.0000,0,0,空换,S,0.0000,0.0000,0.0000,0.0000,0.0000,0.0000,0.0000,0.0000,0.0000,0.0000,0,0,0,0,0,0,0,0,0,0
zc,TA209,2012-06-07 08:55:18.790,0.0000,503492,0,0.0000,0.0000,0,0,空换,S,0.0000,0.0000,0.0000,0.0000,0.0000,0.0000,0.0000,0.0000,0.0000,0.0000,0,0,0,0,0,0,0,0,0,0
zc,TA209,2012-06-07 08:55:19.290,0.0000,503492,0,0.0000,0.0000,0,0,空换,S,0.0000,0.0000,0.0000,0.0000,0.0000,0.0000,0.0000,0.0000,0.0000,0.0000,0,0,0,0,0,0,0,0,0,0
zc,TA209,2012-06-07 08:55:22.540,0.0000,503492,0,0.0000,0.0000,0,0,空换,S,0.0000,0.0000,0.0000,0.0000,0.0000,0.0000,0.0000,0.0000,0.0000,0.0000,0,0,0,0,0,0,0,0,0,0
zc,TA209,2012-06-07 08:55:23.557,0.0000,503492,0,0.0000,0.0000,0,0,空换,S,0.0000,0.0000,0.0000,0.0000,0.0000,0.0000,0.0000,0.0000,0.0000,0.0000,0,0,0,0,0,0,0,0,0,0
zc,TA209,2012-06-07 08:55:24.290,0.0000,503492,0,0.0000,0.0000,0,0,空换,S,0.0000,0.0000,0.0000,0.0000,0.0000,0.0000,0.0000,0.0000,0.0000,0.0000,0,0,0,0,0,0,0,0,0,0
zc,TA209,2012-06-07 08:55:28.040,0.0000,503492,0,0.0000,0.0000,0,0,空换,S,0.0000,0.0000,0.0000,0.0000,0.0000,0.0000,0.0000,0.0000,0.0000,0.0000,0,0,0,0,0,0,0,0,0,0
zc,TA209,2012-06-07 08:55:36.790,0.0000,503492,0,0.0000,0.0000,0,0,空换,S,0.0000,0.0000,0.0000,0.0000,0.0000,0.0000,0.0000,0.0000,0.0000,0.0000,0,0,0,0,0,0,0,0,0,0
zc,TA209,2012-06-07 08:55:37.807,0.0000,503492,0,0.0000,0.0000,0,0,空换,S,0.0000,0.0000,0.0000,0.0000,0.0000,0.0000,0.0000,0.0000,0.0000,0.0000,0,0,0,0,0,0,0,0,0,0
zc,TA209,2012-06-07 08:55:40.557,0.0000,503492,0,0.0000,0.0000,0,0,空换,S,0.0000,0.0000,0.0000,0.0000,0.0000,0.0000,0.0000,0.0000,0.0000,0.0000,0,0,0,0,0,0,0,0,0,0
zc,TA209,2012-06-07 08:55:48.540,0.0000,503492,0,0.0000,0.0000,0,0,空换,S,0.0000,0.0000,0.0000,0.0000,0.0000,0.0000,0.0000,0.0000,0.0000,0.0000,0,0,0,0,0,0,0,0,0,0
zc,TA209,2012-06-07 08:55:49.290,0.0000,503492,0,0.0000,0.0000,0,0,空换,S,0.0000,0.0000,0.0000,0.0000,0.0000,0.0000,0.0000,0.0000,0.0000,0.0000,0,0,0,0,0,0,0,0,0,0
zc,TA209,2012-06-07 08:55:49.790,0.0000,503492,0,0.0000,0.0000,0,0,空换,S,0.0000,0.0000,0.0000,0.0000,0.0000,0.0000,0.0000,0.0000,0.0000,0.0000,0,0,0,0,0,0,0,0,0,0
zc,TA209,2012-06-07 08:55:54.040,0.0000,503492,0,0.0000,0.0000,0,0,空换,S,0.0000,0.0000,0.0000,0.0000,0.0000,0.0000,0.0000,0.0000,0.0000,0.0000,0,0,0,0,0,0,0,0,0,0
zc,TA209,2012-06-07 08:56:00.040,0.0000,503492,0,0.0000,0.0000,0,0,空换,S,0.0000,0.0000,0.0000,0.0000,0.0000,0.0000,0.0000,0.0000,0.0000,0.0000,0,0,0,0,0,0,0,0,0,0
zc,TA209,2012-06-07 08:56:02.290,0.0000,503492,0,0.0000,0.0000,0,0,空换,S,0.0000,0.0000,0.0000,0.0000,0.0000,0.0000,0.0000,0.0000,0.0000,0.0000,0,0,0,0,0,0,0,0,0,0
zc,TA209,2012-06-07 08:56:06.540,0.0000,503492,0,0.0000,0.0000,0,0,空换,S,0.0000,0.0000,0.0000,0.0000,0.0000,0.0000,0.0000,0.0000,0.0000,0.0000,0,0,0,0,0,0,0,0,0,0
zc,TA209,2012-06-07 08:56:08.790,0.0000,503492,0,0.0000,0.0000,0,0,空换,S,0.0000,0.0000,0.0000,0.0000,0.0000,0.0000,0.0000,0.0000,0.0000,0.0000,0,0,0,0,0,0,0,0,0,0
zc,TA209,2012-06-07 08:56:11.540,0.0000,503492,0,0.0000,0.0000,0,0,空换,S,0.0000,0.0000,0.0000,0.0000,0.0000,0.0000,0.0000,0.0000,0.0000,0.0000,0,0,0,0,0,0,0,0,0,0
zc,TA209,2012-06-07 08:56:21.790,0.0000,503492,0,0.0000,0.0000,0,0,空换,S,0.0000,0.0000,0.0000,0.0000,0.0000,0.0000,0.0000,0.0000,0.0000,0.0000,0,0,0,0,0,0,0,0,0,0
zc,TA209,2012-06-07 08:56:24.790,0.0000,503492,0,0.0000,0.0000,0,0,空换,S,0.0000,0.0000,0.0000,0.0000,0.0000,0.0000,0.0000,0.0000,0.0000,0.0000,0,0,0,0,0,0,0,0,0,0
zc,TA209,2012-06-07 08:56:47.790,0.0000,503492,0,0.0000,0.0000,0,0,空换,S,0.0000,0.0000,0.0000,0.0000,0.0000,0.0000,0.0000,0.0000,0.0000,0.0000,0,0,0,0,0,0,0,0,0,0
zc,TA209,2012-06-07 08:56:50.557,0.0000,503492,0,0.0000,0.0000,0,0,空换,S,0.0000,0.0000,0.0000,0.0000,0.0000,0.0000,0.0000,0.0000,0.0000,0.0000,0,0,0,0,0,0,0,0,0,0
zc,TA209,2012-06-07 08:56:56.557,0.0000,503492,0,0.0000,0.0000,0,0,空换,S,0.0000,0.0000,0.0000,0.0000,0.0000,0.0000,0.0000,0.0000,0.0000,0.0000,0,0,0,0,0,0,0,0,0,0
zc,TA209,2012-06-07 08:56:58.807,0.0000,503492,0,0.0000,0.0000,0,0,空换,S,0.0000,0.0000,0.0000,0.0000,0.0000,0.0000,0.0000,0.0000,0.0000,0.0000,0,0,0,0,0,0,0,0,0,0
zc,TA209,2012-06-07 08:57:01.040,0.0000,503492,0,0.0000,0.0000,0,0,空换,S,0.0000,0.0000,0.0000,0.0000,0.0000,0.0000,0.0000,0.0000,0.0000,0.0000,0,0,0,0,0,0,0,0,0,0
zc,TA209,2012-06-07 08:57:03.540,0.0000,503492,0,0.0000,0.0000,0,0,空换,S,0.0000,0.0000,0.0000,0.0000,0.0000,0.0000,0.0000,0.0000,0.0000,0.0000,0,0,0,0,0,0,0,0,0,0
zc,TA209,2012-06-07 08:57:18.790,0.0000,503492,0,0.0000,0.0000,0,0,空换,S,0.0000,0.0000,0.0000,0.0000,0.0000,0.0000,0.0000,0.0000,0.0000,0.0000,0,0,0,0,0,0,0,0,0,0
zc,TA209,2012-06-07 08:57:19.790,0.0000,503492,0,0.0000,0.0000,0,0,空换,S,0.0000,0.0000,0.0000,0.0000,0.0000,0.0000,0.0000,0.0000,0.0000,0.0000,0,0,0,0,0,0,0,0,0,0
zc,TA209,2012-06-07 08:57:35.290,0.0000,503492,0,0.0000,0.0000,0,0,空换,S,0.0000,0.0000,0.0000,0.0000,0.0000,0.0000,0.0000,0.0000,0.0000,0.0000,0,0,0,0,0,0,0,0,0,0
zc,TA209,2012-06-07 08:58:29.790,0.0000,503492,0,0.0000,0.0000,0,0,空换,S,0.0000,0.0000,0.0000,0.0000,0.0000,0.0000,0.0000,0.0000,0.0000,0.0000,0,0,0,0,0,0,0,0,0,0
zc,TA209,2012-06-07 08:58:33.540,0.0000,503492,0,0.0000,0.0000,0,0,空换,S,0.0000,0.0000,0.0000,0.0000,0.0000,0.0000,0.0000,0.0000,0.0000,0.0000,0,0,0,0,0,0,0,0,0,0
zc,TA209,2012-06-07 08:58:57.290,0.0000,503492,0,0.0000,0.0000,0,0,空换,S,0.0000,0.0000,0.0000,0.0000,0.0000,0.0000,0.0000,0.0000,0.0000,0.0000,0,0,0,0,0,0,0,0,0,0
zc,TA209,2012-06-07 08:59:02.527,7328.0000,500928,-2564,0.0000,7270.0000,2353,4917,空平,B,7324.0000,0.0000,0.0000,0.0000,0.0000,7328.0000,0.0000,0.0000,0.0000,0.0000,1,0,0,0,0,14,0,0,0,0
zc,TA209,2012-06-07 09:00:00.947,7326.0000,501190,262,0.0000,888.0000,575,313,空开,S,7324.0000,0.0000,0.0000,0.0000,0.0000,7328.0000,0.0000,0.0000,0.0000,0.0000,1,0,0,0,0,86,0,0,0,0
zc,TA209,2012-06-07 09:00:02.777,7324.0000,501228,38,0.0000,2044.0000,1041,1003,空开,S,7324.0000,0.0000,0.0000,0.0000,0.0000,7326.0000,0.0000,0.0000,0.0000,0.0000,519,0,0,0,0,15,0,0,0,0
zc,TA209,2012-06-07 09:00:04.713,7326.0000,501200,-28,0.0000,1974.0000,973,1001,空平,B,7326.0000,0.0000,0.0000,0.0000,0.0000,7330.0000,0.0000,0.0000,0.0000,0.0000,22,0,0,0,0,159,0,0,0,0
zc,TA209,2012-06-07 09:00:06.183,7330.0000,501064,-136,0.0000,594.0000,229,365,空平,B,7330.0000,0.0000,0.0000,0.0000,0.0000,7332.0000,0.0000,0.0000,0.0000,0.0000,158,0,0,0,0,21,0,0,0,0
zc,TA209,2012-06-07 09:00:06.947,7334.0000,500720,-344,0.0000,686.0000,171,515,空平,B,7330.0000,0.0000,0.0000,0.0000,0.0000,7334.0000,0.0000,0.0000,0.0000,0.0000,237,0,0,0,0,266,0,0,0,0
zc,TA209,2012-06-07 09:00:07.980,7332.0000,500732,12,0.0000,140.0000,76,64,空开,S,7332.0000,0.0000,0.0000,0.0000,0.0000,7334.0000,0.0000,0.0000,0.0000,0.0000,38,0,0,0,0,245,0,0,0,0
zc,TA209,2012-06-07 09:00:08.197,7334.0000,500398,-334,0.0000,808.0000,237,571,空平,B,7334.0000,0.0000,0.0000,0.0000,0.0000,7336.0000,0.0000,0.0000,0.0000,0.0000,57,0,0,0,0,913,0,0,0,0
zc,TA209,2012-06-07 09:00:08.933,7332.0000,500298,-100,0.0000,406.0000,153,253,多平,S,7332.0000,0.0000,0.0000,0.0000,0.0000,7336.0000,0.0000,0.0000,0.0000,0.0000,149,0,0,0,0,952,0,0,0,0
zc,TA209,2012-06-07 09:00:09.447,7334.0000,500344,46,0.0000,228.0000,137,91,多开,B,7332.0000,0.0000,0.0000,0.0000,0.0000,7334.0000,0.0000,0.0000,0.0000,0.0000,133,0,0,0,0,280,0,0,0,0
zc,TA209,2012-06-07 09:00:10.137,7334.0000,500322,-22,0.0000,676.0000,327,349,空平,B,7332.0000,0.0000,0.0000,0.0000,0.0000,7334.0000,0.0000,0.0000,0.0000,0.0000,108,0,0,0,0,18,0,0,0,0
zc,TA209,2012-06-07 09:00:10.667,7332.0000,499804,-518,0.0000,934.0000,208,726,多平,S,7334.0000,0.0000,0.0000,0.0000,0.0000,7336.0000,0.0000,0.0000,0.0000,0.0000,1,0,0,0,0,650,0,0,0,0
zc,TA209,2012-06-07 09:00:11.433,7330.0000,499546,-258,0.0000,460.0000,101,359,多平,S,7330.0000,0.0000,0.0000,0.0000,0.0000,7332.0000,0.0000,0.0000,0.0000,0.0000,411,0,0,0,0,18,0,0,0,0
zc,TA209,2012-06-07 09:00:11.917,7332.0000,499516,-30,0.0000,216.0000,93,123,空平,B,7330.0000,0.0000,0.0000,0.0000,0.0000,7332.0000,0.0000,0.0000,0.0000,0.0000,356,0,0,0,0,14,0,0,0,0
zc,TA209,2012-06-07 09:00:12.400,7330.0000,499466,-50,0.0000,120.0000,35,85,多平,S,7330.0000,0.0000,0.0000,0.0000,0.0000,7332.0000,0.0000,0.0000,0.0000,0.0000,345,0,0,0,0,3,0,0,0,0
zc,TA209,2012-06-07 09:00:13.167,7330.0000,499478,12,0.0000,220.0000,116,104,空开,S,7330.0000,0.0000,0.0000,0.0000,0.0000,7332.0000,0.0000,0.0000,0.0000,0.0000,299,0,0,0,0,14,0,0,0,0
zc,TA209,2012-06-07 09:00:13.387,7332.0000,499504,26,0.0000,132.0000,79,53,多开,B,7330.0000,0.0000,0.0000,0.0000,0.0000,7332.0000,0.0000,0.0000,0.0000,0.0000,198,0,0,0,0,65,0,0,0,0
zc,TA209,2012-06-07 09:00:14.433,7330.0000,499386,-118,0.0000,480.0000,181,299,多平,S,7328.0000,0.0000,0.0000,0.0000,0.0000,7330.0000,0.0000,0.0000,0.0000,0.0000,667,0,0,0,0,41,0,0,0,0
zc,TA209,2012-06-07 09:00:14.887,7328.0000,499354,-32,0.0000,144.0000,56,88,多平,S,7328.0000,0.0000,0.0000,0.0000,0.0000,7330.0000,0.0000,0.0000,0.0000,0.0000,657,0,0,0,0,62,0,0,0,0
zc,TA209,2012-06-07 09:00:15.400,7330.0000,499446,92,0.0000,150.0000,121,29,多开,B,7328.0000,0.0000,0.0000,0.0000,0.0000,7330.0000,0.0000,0.0000,0.0000,0.0000,644,0,0,0,0,14,0,0,0,0
zc,TA209,2012-06-07 09:00:16.183,7328.0000,499296,-150,0.0000,316.0000,83,233,多平,S,7328.0000,0.0000,0.0000,0.0000,0.0000,7330.0000,0.0000,0.0000,0.0000,0.0000,597,0,0,0,0,3,0,0,0,0
zc,TA209,2012-06-07 09:00:17.183,7328.0000,498346,-950,0.0000,1262.0000,156,1106,多平,S,7326.0000,0.0000,0.0000,0.0000,0.0000,7328.0000,0.0000,0.0000,0.0000,0.0000,88,0,0,0,0,398,0,0,0,0
zc,TA209,2012-06-07 09:00:17.900,7326.0000,498426,80,0.0000,354.0000,217,137,空开,S,7326.0000,0.0000,0.0000,0.0000,0.0000,7328.0000,0.0000,0.0000,0.0000,0.0000,48,0,0,0,0,453,0,0,0,0
zc,TA209,2012-06-07 09:00:18.667,7328.0000,499110,684,0.0000,872.0000,778,94,多开,B,7324.0000,0.0000,0.0000,0.0000,0.0000,7326.0000,0.0000,0.0000,0.0000,0.0000,132,0,0,0,0,85,0,0,0,0
zc,TA209,2012-06-07 09:00:19.387,7326.0000,499038,-72,0.0000,226.0000,77,149,多平,S,7324.0000,0.0000,0.0000,0.0000,0.0000,7326.0000,0.0000,0.0000,0.0000,0.0000,31,0,0,0,0,107,0,0,0,0
zc,TA209,2012-06-07 09:00:19.933,7326.0000,499028,-10,0.0000,514.0000,252,262,多平,S,7324.0000,0.0000,0.0000,0.0000,0.0000,7326.0000,0.0000,0.0000,0.0000,0.0000,2,0,0,0,0,101,0,0,0,0
zc,TA209,2012-06-07 09:00:20.917,7324.0000,498922,-106,0.0000,234.0000,64,170,多平,S,7322.0000,0.0000,0.0000,0.0000,0.0000,7324.0000,0.0000,0.0000,0.0000,0.0000,25,0,0,0,0,793,0,0,0,0
zc,TA209,2012-06-07 09:00:21.417,7324.0000,498964,42,0.0000,208.0000,125,83,空开,S,7322.0000,0.0000,0.0000,0.0000,0.0000,7324.0000,0.0000,0.0000,0.0000,0.0000,32,0,0,0,0,941,0,0,0,0
zc,TA209,2012-06-07 09:00:22.463,7322.0000,499034,70,0.0000,256.0000,163,93,空开,S,7318.0000,0.0000,0.0000,0.0000,0.0000,7322.0000,0.0000,0.0000,0.0000,0.0000,1419,0,0,0,0,251,0,0,0,0
zc,TA209,2012-06-07 09:00:22.900,7322.0000,498956,-78,0.0000,112.0000,17,95,多平,S,7318.0000,0.0000,0.0000,0.0000,0.0000,7322.0000,0.0000,0.0000,0.0000,0.0000,1378,0,0,0,0,258,0,0,0,0
zc,TA209,2012-06-07 09:00:23.667,7318.0000,498944,-12,0.0000,388.0000,188,200,多平,S,7318.0000,0.0000,0.0000,0.0000,0.0000,7322.0000,0.0000,0.0000,0.0000,0.0000,1191,0,0,0,0,139,0,0,0,0
zc,TA209,2012-06-07 09:00:24.137,7318.0000,498926,-18,0.0000,36.0000,9,27,多平,S,7318.0000,0.0000,0.0000,0.0000,0.0000,7322.0000,0.0000,0.0000,0.0000,0.0000,1175,0,0,0,0,152,0,0,0,0
zc,TA209,2012-06-07 09:00:24.933,7322.0000,498710,-216,0.0000,398.0000,91,307,空平,B,7322.0000,0.0000,0.0000,0.0000,0.0000,7324.0000,0.0000,0.0000,0.0000,0.0000,122,0,0,0,0,1083,0,0,0,0
zc,TA209,2012-06-07 09:00:25.683,7322.0000,498604,-106,0.0000,230.0000,62,168,空平,B,7322.0000,0.0000,0.0000,0.0000,0.0000,7324.0000,0.0000,0.0000,0.0000,0.0000,65,0,0,0,0,1142,0,0,0,0
zc,TA209,2012-06-07 09:00:26.183,7318.0000,498312,-292,0.0000,512.0000,110,402,多平,S,7318.0000,0.0000,0.0000,0.0000,0.0000,7320.0000,0.0000,0.0000,0.0000,0.0000,1026,0,0,0,0,46,0,0,0,0
zc,TA209,2012-06-07 09:00:26.917,7320.0000,498312,0,0.0000,76.0000,38,38,多换,B,7318.0000,0.0000,0.0000,0.0000,0.0000,7320.0000,0.0000,0.0000,0.0000,0.0000,1033,0,0,0,0,25,0,0,0,0
zc,TA209,2012-06-07 09:00:27.683,7320.0000,498292,-20,0.0000,70.0000,25,45,空平,B,7318.0000,0.0000,0.0000,0.0000,0.0000,7320.0000,0.0000,0.0000,0.0000,0.0000,1020,0,0,0,0,14,0,0,0,0
zc,TA209,2012-06-07 09:00:28.183,7320.0000,498190,-102,0.0000,180.0000,39,141,空平,B,7318.0000,0.0000,0.0000,0.0000,0.0000,7320.0000,0.0000,0.0000,0.0000,0.0000,943,0,0,0,0,19,0,0,0,0
zc,TA209,2012-06-07 09:00:28.917,7318.0000,498164,-26,0.0000,484.0000,229,255,多平,S,7318.0000,0.0000,0.0000,0.0000,0.0000,7320.0000,0.0000,0.0000,0.0000,0.0000,723,0,0,0,0,2,0,0,0,0
zc,TA209,2012-06-07 09:00:29.417,7318.0000,498152,-12,0.0000,46.0000,17,29,多平,S,7318.0000,0.0000,0.0000,0.0000,0.0000,7320.0000,0.0000,0.0000,0.0000,0.0000,712,0,0,0,0,28,0,0,0,0
zc,TA209,2012-06-07 09:00:30.183,7320.0000,497162,-990,0.0000,1044.0000,27,1017,空平,B,7318.0000,0.0000,0.0000,0.0000,0.0000,7320.0000,0.0000,0.0000,0.0000,0.0000,200,0,0,0,0,73,0,0,0,0
zc,TA209,2012-06-07 09:00:30.667,7318.0000,497164,2,0.0000,78.0000,40,38,空开,S,7318.0000,0.0000,0.0000,0.0000,0.0000,7320.0000,0.0000,0.0000,0.0000,0.0000,173,0,0,0,0,64,0,0,0,0
zc,TA209,2012-06-07 09:00:31.933,7318.0000,497030,-134,0.0000,432.0000,149,283,多平,S,7318.0000,0.0000,0.0000,0.0000,0.0000,7320.0000,0.0000,0.0000,0.0000,0.0000,3,0,0,0,0,83,0,0,0,0
zc,TA209,2012-06-07 09:00:32.683,7318.0000,497166,136,0.0000,248.0000,192,56,空开,S,7316.0000,0.0000,0.0000,0.0000,0.0000,7318.0000,0.0000,0.0000,0.0000,0.0000,1505,0,0,0,0,6,0,0,0,0
zc,TA209,2012-06-07 09:00:33.433,7318.0000,497034,-132,0.0000,206.0000,37,169,多平,S,7316.0000,0.0000,0.0000,0.0000,0.0000,7318.0000,0.0000,0.0000,0.0000,0.0000,1530,0,0,0,0,245,0,0,0,0
zc,TA209,2012-06-07 09:00:33.870,7318.0000,496980,-54,0.0000,242.0000,94,148,多平,S,7316.0000,0.0000,0.0000,0.0000,0.0000,7318.0000,0.0000,0.0000,0.0000,0.0000,1556,0,0,0,0,205,0,0,0,0
zc,TA209,2012-06-07 09:00:34.370,7316.0000,496914,-66,0.0000,164.0000,49,115,多平,S,7316.0000,0.0000,0.0000,0.0000,0.0000,7318.0000,0.0000,0.0000,0.0000,0.0000,1478,0,0,0,0,189,0,0,0,0
zc,TA209,2012-06-07 09:00:35.183,7318.0000,496890,-24,0.0000,132.0000,54,78,空平,B,7316.0000,0.0000,0.0000,0.0000,0.0000,7318.0000,0.0000,0.0000,0.0000,0.0000,1416,0,0,0,0,157,0,0,0,0
zc,TA209,2012-06-07 09:00:35.650,7316.0000,496422,-468,0.0000,770.0000,151,619,多平,S,7316.0000,0.0000,0.0000,0.0000,0.0000,7318.0000,0.0000,0.0000,0.0000,0.0000,1059,0,0,0,0,137,0,0,0,0
zc,TA209,2012-06-07 09:00:36.667,7318.0000,496484,62,0.0000,154.0000,108,46,多开,B,7316.0000,0.0000,0.0000,0.0000,0.0000,7318.0000,0.0000,0.0000,0.0000,0.0000,1004,0,0,0,0,89,0,0,0,0
zc,TA209,2012-06-07 09:00:37.150,7316.0000,496426,-58,0.0000,174.0000,58,116,多平,S,7316.0000,0.0000,0.0000,0.0000,0.0000,7318.0000,0.0000,0.0000,0.0000,0.0000,964,0,0,0,0,42,0,0,0,0
zc,TA209,2012-06-07 09:00:37.637,7316.0000,496396,-30,0.0000,88.0000,29,59,多平,S,7316.0000,0.0000,0.0000,0.0000,0.0000,7318.0000,0.0000,0.0000,0.0000,0.0000,936,0,0,0,0,30,0,0,0,0
zc,TA209,2012-06-07 09:00:38.183,7318.0000,495798,-598,0.0000,686.0000,44,642,空平,B,7318.0000,0.0000,0.0000,0.0000,0.0000,7320.0000,0.0000,0.0000,0.0000,0.0000,39,0,0,0,0,394,0,0,0,0
zc,TA209,2012-06-07 09:00:38.900,7318.0000,495784,-14,0.0000,150.0000,68,82,空平,B,7316.0000,0.0000,0.0000,0.0000,0.0000,7318.0000,0.0000,0.0000,0.0000,0.0000,619,0,0,0,0,33,0,0,0,0
zc,TA209,2012-06-07 09:00:39.650,7318.0000,495560,-224,0.0000,390.0000,83,307,空平,B,7316.0000,0.0000,0.0000,0.0000,0.0000,7318.0000,0.0000,0.0000,0.0000,0.0000,492,0,0,0,0,1,0,0,0,0
zc,TA209,2012-06-07 09:00:40.183,7318.0000,495552,-8,0.0000,88.0000,40,48,空平,B,7318.0000,0.0000,0.0000,0.0000,0.0000,7320.0000,0.0000,0.0000,0.0000,0.0000,1,0,0,0,0,405,0,0,0,0
zc,TA209,2012-06-07 09:00:40.713,7318.0000,495556,4,0.0000,22.0000,13,9,多开,B,7318.0000,0.0000,0.0000,0.0000,0.0000,7320.0000,0.0000,0.0000,0.0000,0.0000,3,0,0,0,0,399,0,0,0,0
zc,TA209,2012-06-07 09:00:41.933,7318.0000,495502,-54,0.0000,108.0000,27,81,空平,B,7316.0000,0.0000,0.0000,0.0000,0.0000,7318.0000,0.0000,0.0000,0.0000,0.0000,461,0,0,0,0,13,0,0,0,0
zc,TA209,2012-06-07 09:00:42.433,7320.0000,495500,-2,0.0000,58.0000,28,30,空平,B,7318.0000,0.0000,0.0000,0.0000,0.0000,7320.0000,0.0000,0.0000,0.0000,0.0000,25,0,0,0,0,389,0,0,0,0
zc,TA209,2012-06-07 09:00:43.150,7318.0000,495502,2,0.0000,102.0000,52,50,空开,S,7318.0000,0.0000,0.0000,0.0000,0.0000,7320.0000,0.0000,0.0000,0.0000,0.0000,203,0,0,0,0,362,0,0,0,0
zc,TA209,2012-06-07 09:00:43.650,7318.0000,495318,-184,0.0000,224.0000,20,204,多平,S,7318.0000,0.0000,0.0000,0.0000,0.0000,7320.0000,0.0000,0.0000,0.0000,0.0000,141,0,0,0,0,374,0,0,0,0
zc,TA209,2012-06-07 09:00:44.137,7320.0000,495126,-192,0.0000,410.0000,109,301,空平,B,7318.0000,0.0000,0.0000,0.0000,0.0000,7320.0000,0.0000,0.0000,0.0000,0.0000,21,0,0,0,0,357,0,0,0,0
zc,TA209,2012-06-07 09:00:44.650,7318.0000,495040,-86,0.0000,192.0000,53,139,多平,S,7318.0000,0.0000,0.0000,0.0000,0.0000,7320.0000,0.0000,0.0000,0.0000,0.0000,14,0,0,0,0,354,0,0,0,0
zc,TA209,2012-06-07 09:00:45.387,7316.0000,495062,22,0.0000,88.0000,55,33,空开,S,7316.0000,0.0000,0.0000,0.0000,0.0000,7318.0000,0.0000,0.0000,0.0000,0.0000,466,0,0,0,0,2,0,0,0,0
zc,TA209,2012-06-07 09:00:45.887,7318.0000,495030,-32,0.0000,106.0000,37,69,空平,B,7316.0000,0.0000,0.0000,0.0000,0.0000,7318.0000,0.0000,0.0000,0.0000,0.0000,448,0,0,0,0,79,0,0,0,0
zc,TA209,2012-06-07 09:00:46.683,7318.0000,495012,-18,0.0000,92.0000,37,55,空平,B,7316.0000,0.0000,0.0000,0.0000,0.0000,7318.0000,0.0000,0.0000,0.0000,0.0000,414,0,0,0,0,79,0,0,0,0
zc,TA209,2012-06-07 09:00:47.167,7316.0000,494730,-282,0.0000,328.0000,23,305,多平,S,7316.0000,0.0000,0.0000,0.0000,0.0000,7318.0000,0.0000,0.0000,0.0000,0.0000,312,0,0,0,0,37,0,0,0,0
zc,TA209,2012-06-07 09:00:47.887,7320.0000,494748,18,0.0000,186.0000,102,84,多开,B,7318.0000,0.0000,0.0000,0.0000,0.0000,7320.0000,0.0000,0.0000,0.0000,0.0000,2,0,0,0,0,362,0,0,0,0
zc,TA209,2012-06-07 09:00:48.683,7320.0000,494800,52,0.0000,98.0000,75,23,多开,B,7318.0000,0.0000,0.0000,0.0000,0.0000,7320.0000,0.0000,0.0000,0.0000,0.0000,576,0,0,0,0,388,0,0,0,0
zc,TA209,2012-06-07 09:00:49.387,7318.0000,494666,-134,0.0000,292.0000,79,213,多平,S,7318.0000,0.0000,0.0000,0.0000,0.0000,7320.0000,0.0000,0.0000,0.0000,0.0000,566,0,0,0,0,292,0,0,0,0
zc,TA209,2012-06-07 09:00:49.900,7318.0000,494696,30,0.0000,44.0000,37,7,空开,S,7318.0000,0.0000,0.0000,0.0000,0.0000,7320.0000,0.0000,0.0000,0.0000,0.0000,573,0,0,0,0,284,0,0,0,0
zc,TA209,2012-06-07 09:00:50.667,7318.0000,494750,54,0.0000,84.0000,69,15,空开,S,7318.0000,0.0000,0.0000,0.0000,0.0000,7320.0000,0.0000,0.0000,0.0000,0.0000,565,0,0,0,0,275,0,0,0,0
zc,TA209,2012-06-07 09:00:51.150,7320.0000,494948,198,0.0000,238.0000,218,20,多开,B,7318.0000,0.0000,0.0000,0.0000,0.0000,7320.0000,0.0000,0.0000,0.0000,0.0000,498,0,0,0,0,232,0,0,0,0
zc,TA209,2012-06-07 09:00:51.870,7320.0000,494962,14,0.0000,66.0000,40,26,多开,B,7318.0000,0.0000,0.0000,0.0000,0.0000,7320.0000,0.0000,0.0000,0.0000,0.0000,489,0,0,0,0,237,0,0,0,0
zc,TA209,2012-06-07 09:00:52.387,7318.0000,494986,24,0.0000,52.0000,38,14,空开,S,7318.0000,0.0000,0.0000,0.0000,0.0000,7320.0000,0.0000,0.0000,0.0000,0.0000,476,0,0,0,0,243,0,0,0,0
zc,TA209,2012-06-07 09:00:53.150,7320.0000,494998,12,0.0000,236.0000,124,112,多开,B,7318.0000,0.0000,0.0000,0.0000,0.0000,7320.0000,0.0000,0.0000,0.0000,0.0000,370,0,0,0,0,262,0,0,0,0
zc,TA209,2012-06-07 09:00:53.933,7320.0000,495064,66,0.0000,88.0000,77,11,多开,B,7318.0000,0.0000,0.0000,0.0000,0.0000,7320.0000,0.0000,0.0000,0.0000,0.0000,335,0,0,0,0,254,0,0,0,0
zc,TA209,2012-06-07 09:00:54.433,7318.0000,495010,-54,0.0000,716.0000,331,385,多平,S,7316.0000,0.0000,0.0000,0.0000,0.0000,7318.0000,0.0000,0.0000,0.0000,0.0000,309,0,0,0,0,59,0,0,0,0
zc,TA209,2012-06-07 09:00:55.150,7318.0000,494958,-52,0.0000,160.0000,54,106,多平,S,7316.0000,0.0000,0.0000,0.0000,0.0000,7318.0000,0.0000,0.0000,0.0000,0.0000,309,0,0,0,0,26,0,0,0,0
zc,TA209,2012-06-07 09:00:55.667,7318.0000,494970,12,0.0000,26.0000,19,7,空开,S,7316.0000,0.0000,0.0000,0.0000,0.0000,7318.0000,0.0000,0.0000,0.0000,0.0000,807,0,0,0,0,22,0,0,0,0
zc,TA209,2012-06-07 09:00:56.400,7318.0000,494946,-24,0.0000,68.0000,22,46,多平,S,7316.0000,0.0000,0.0000,0.0000,0.0000,7318.0000,0.0000,0.0000,0.0000,0.0000,817,0,0,0,0,23,0,0,0,0
zc,TA209,2012-06-07 09:00:56.620,7318.0000,494598,-348,0.0000,450.0000,51,399,多平,S,7316.0000,0.0000,0.0000,0.0000,0.0000,7318.0000,0.0000,0.0000,0.0000,0.0000,636,0,0,0,0,71,0,0,0,0
zc,TA209,2012-06-07 09:00:57.433,7316.0000,494592,-6,0.0000,46.0000,20,26,多平,S,7316.0000,0.0000,0.0000,0.0000,0.0000,7318.0000,0.0000,0.0000,0.0000,0.0000,616,0,0,0,0,72,0,0,0,0
zc,TA209,2012-06-07 09:00:57.917,7316.0000,494370,-222,0.0000,384.0000,81,303,多平,S,7316.0000,0.0000,0.0000,0.0000,0.0000,7318.0000,0.0000,0.0000,0.0000,0.0000,531,0,0,0,0,8,0,0,0,0
zc,TA209,2012-06-07 09:00:58.947,7316.0000,494366,-4,0.0000,434.0000,215,219,多平,S,7316.0000,0.0000,0.0000,0.0000,0.0000,7320.0000,0.0000,0.0000,0.0000,0.0000,326,0,0,0,0,314,0,0,0,0
zc,TA209,2012-06-07 09:00:59.417,7320.0000,494368,2,0.0000,14.0000,8,6,多开,B,7316.0000,0.0000,0.0000,0.0000,0.0000,7318.0000,0.0000,0.0000,0.0000,0.0000,326,0,0,0,0,70,0,0,0,0
zc,TA209,2012-06-07 09:00:59.887,7316.0000,494228,-140,0.0000,250.0000,55,195,多平,S,7316.0000,0.0000,0.0000,0.0000,0.0000,7318.0000,0.0000,0.0000,0.0000,0.0000,286,0,0,0,0,1,0,0,0,0
zc,TA209,2012-06-07 09:01:00.603,7316.0000,494326,98,0.0000,184.0000,141,43,空开,S,7316.0000,0.0000,0.0000,0.0000,0.0000,7318.0000,0.0000,0.0000,0.0000,0.0000,263,0,0,0,0,69,0,0,0,0
zc,TA209,2012-06-07 09:01:01.387,7316.0000,494402,76,0.0000,182.0000,129,53,空开,S,7316.0000,0.0000,0.0000,0.0000,0.0000,7318.0000,0.0000,0.0000,0.0000,0.0000,226,0,0,0,0,110,0,0,0,0
zc,TA209,2012-06-07 09:01:01.870,7316.0000,494412,10,0.0000,20.0000,15,5,空开,S,7316.0000,0.0000,0.0000,0.0000,0.0000,7318.0000,0.0000,0.0000,0.0000,0.0000,233,0,0,0,0,114,0,0,0,0
zc,TA209,2012-06-07 09:01:02.637,7316.0000,494714,302,0.0000,444.0000,373,71,空开,S,7316.0000,0.0000,0.0000,0.0000,0.0000,7318.0000,0.0000,0.0000,0.0000,0.0000,87,0,0,0,0,88,0,0,0,0
zc,TA209,2012-06-07 09:01:03.137,7316.0000,494798,84,0.0000,170.0000,127,43,空开,S,7316.0000,0.0000,0.0000,0.0000,0.0000,7318.0000,0.0000,0.0000,0.0000,0.0000,71,0,0,0,0,36,0,0,0,0
zc,TA209,2012-06-07 09:01:03.900,7316.0000,494858,60,0.0000,82.0000,71,11,空开,S,7316.0000,0.0000,0.0000,0.0000,0.0000,7318.0000,0.0000,0.0000,0.0000,0.0000,84,0,0,0,0,50,0,0,0,0
zc,TA209,2012-06-07 09:01:04.400,7316.0000,494852,-6,0.0000,18.0000,6,12,多平,S,7316.0000,0.0000,0.0000,0.0000,0.0000,7318.0000,0.0000,0.0000,0.0000,0.0000,83,0,0,0,0,48,0,0,0,0
zc,TA209,2012-06-07 09:01:05.120,7316.0000,494802,-50,0.0000,54.0000,2,52,多平,S,7316.0000,0.0000,0.0000,0.0000,0.0000,7318.0000,0.0000,0.0000,0.0000,0.0000,57,0,0,0,0,58,0,0,0,0
zc,TA209,2012-06-07 09:01:05.637,7316.0000,494892,90,0.0000,182.0000,136,46,空开,S,7314.0000,0.0000,0.0000,0.0000,0.0000,7316.0000,0.0000,0.0000,0.0000,0.0000,1009,0,0,0,0,20,0,0,0,0
zc,TA209,2012-06-07 09:01:06.387,7316.0000,494798,-94,0.0000,360.0000,133,227,多平,S,7314.0000,0.0000,0.0000,0.0000,0.0000,7316.0000,0.0000,0.0000,0.0000,0.0000,1009,0,0,0,0,27,0,0,0,0
zc,TA209,2012-06-07 09:01:06.917,7316.0000,494794,-4,0.0000,186.0000,91,95,多平,S,7316.0000,0.0000,0.0000,0.0000,0.0000,7318.0000,0.0000,0.0000,0.0000,0.0000,129,0,0,0,0,43,0,0,0,0
zc,TA209,2012-06-07 09:01:07.603,7316.0000,494772,-22,0.0000,50.0000,14,36,多平,S,7316.0000,0.0000,0.0000,0.0000,0.0000,7318.0000,0.0000,0.0000,0.0000,0.0000,311,0,0,0,0,48,0,0,0,0
zc,TA209,2012-06-07 09:01:08.137,7316.0000,494756,-16,0.0000,24.0000,4,20,多平,S,7316.0000,0.0000,0.0000,0.0000,0.0000,7318.0000,0.0000,0.0000,0.0000,0.0000,378,0,0,0,0,47,0,0,0,0
zc,TA209,2012-06-07 09:01:08.887,7318.0000,494746,-10,0.0000,54.0000,22,32,空平,B,7316.0000,0.0000,0.0000,0.0000,0.0000,7318.0000,0.0000,0.0000,0.0000,0.0000,371,0,0,0,0,72,0,0,0,0
zc,TA209,2012-06-07 09:01:09.650,7318.0000,494648,-98,0.0000,200.0000,51,149,空平,B,7318.0000,0.0000,0.0000,0.0000,0.0000,7320.0000,0.0000,0.0000,0.0000,0.0000,43,0,0,0,0,322,0,0,0,0
zc,TA209,2012-06-07 09:01:10.150,7318.0000,494644,-4,0.0000,90.0000,43,47,空平,B,7318.0000,0.0000,0.0000,0.0000,0.0000,7320.0000,0.0000,0.0000,0.0000,0.0000,55,0,0,0,0,323,0,0,0,0
zc,TA209,2012-06-07 09:01:10.887,7318.0000,494576,-68,0.0000,84.0000,8,76,空平,B,7318.0000,0.0000,0.0000,0.0000,0.0000,7320.0000,0.0000,0.0000,0.0000,0.0000,71,0,0,0,0,323,0,0,0,0
zc,TA209,2012-06-07 09:01:12.167,7318.0000,494660,84,0.0000,350.0000,217,133,多开,B,7316.0000,0.0000,0.0000,0.0000,0.0000,7318.0000,0.0000,0.0000,0.0000,0.0000,298,0,0,0,0,2,0,0,0,0
zc,TA209,2012-06-07 09:01:12.417,7320.0000,494358,-302,0.0000,474.0000,86,388,空平,B,7316.0000,0.0000,0.0000,0.0000,0.0000,7320.0000,0.0000,0.0000,0.0000,0.0000,291,0,0,0,0,680,0,0,0,0
zc,TA209,2012-06-07 09:01:13.417,7318.0000,494284,-74,0.0000,124.0000,25,99,多平,S,7318.0000,0.0000,0.0000,0.0000,0.0000,7320.0000,0.0000,0.0000,0.0000,0.0000,95,0,0,0,0,649,0,0,0,0
zc,TA209,2012-06-07 09:01:13.667,7316.0000,493828,-456,0.0000,1154.0000,349,805,多平,S,7316.0000,0.0000,0.0000,0.0000,0.0000,7320.0000,0.0000,0.0000,0.0000,0.0000,49,0,0,0,0,647,0,0,0,0
zc,TA209,2012-06-07 09:01:14.650,7320.0000,493798,-30,0.0000,30.0000,0,30,双平,B,7318.0000,0.0000,0.0000,0.0000,0.0000,7320.0000,0.0000,0.0000,0.0000,0.0000,130,0,0,0,0,640,0,0,0,0
zc,TA209,2012-06-07 09:01:15.137,7320.0000,493602,-196,0.0000,344.0000,74,270,空平,B,7318.0000,0.0000,0.0000,0.0000,0.0000,7320.0000,0.0000,0.0000,0.0000,0.0000,36,0,0,0,0,689,0,0,0,0
zc,TA209,2012-06-07 09:01:15.917,7318.0000,493704,102,0.0000,170.0000,136,34,空开,S,7316.0000,0.0000,0.0000,0.0000,0.0000,7318.0000,0.0000,0.0000,0.0000,0.0000,17,0,0,0,0,63,0,0,0,0
zc,TA209,2012-06-07 09:01:17.213,7320.0000,494466,762,0.0000,1198.0000,980,218,多开,B,7318.0000,0.0000,0.0000,0.0000,0.0000,7320.0000,0.0000,0.0000,0.0000,0.0000,1,0,0,0,0,174,0,0,0,0
zc,TA209,2012-06-07 09:01:17.667,7318.0000,494536,70,0.0000,80.0000,75,5,空开,S,7316.0000,0.0000,0.0000,0.0000,0.0000,7318.0000,0.0000,0.0000,0.0000,0.0000,3,0,0,0,0,12,0,0,0,0
zc,TA209,2012-06-07 09:01:18.400,7318.0000,494510,-26,0.0000,32.0000,3,29,多平,S,7316.0000,0.0000,0.0000,0.0000,0.0000,7318.0000,0.0000,0.0000,0.0000,0.0000,3,0,0,0,0,12,0,0,0,0
zc,TA209,2012-06-07 09:01:18.933,7316.0000,494520,10,0.0000,30.0000,20,10,空开,S,7314.0000,0.0000,0.0000,0.0000,0.0000,7316.0000,0.0000,0.0000,0.0000,0.0000,1061,0,0,0,0,51,0,0,0,0
zc,TA209,2012-06-07 09:01:19.650,7316.0000,494528,8,0.0000,80.0000,44,36,空开,S,7314.0000,0.0000,0.0000,0.0000,0.0000,7316.0000,0.0000,0.0000,0.0000,0.0000,1052,0,0,0,0,33,0,0,0,0
zc,TA209,2012-06-07 09:01:20.387,7318.0000,494480,-48,0.0000,240.0000,96,144,空平,B,7318.0000,0.0000,0.0000,0.0000,0.0000,7320.0000,0.0000,0.0000,0.0000,0.0000,1,0,0,0,0,123,0,0,0,0
zc,TA209,2012-06-07 09:01:21.137,7320.0000,494578,98,0.0000,526.0000,312,214,多开,B,7318.0000,0.0000,0.0000,0.0000,0.0000,7320.0000,0.0000,0.0000,0.0000,0.0000,2,0,0,0,0,80,0,0,0,0
zc,TA209,2012-06-07 09:01:21.900,7318.0000,494802,224,0.0000,736.0000,480,256,空开,S,7318.0000,0.0000,0.0000,0.0000,0.0000,7320.0000,0.0000,0.0000,0.0000,0.0000,43,0,0,0,0,79,0,0,0,0
zc,TA209,2012-06-07 09:01:22.650,7320.0000,494772,-30,0.0000,190.0000,80,110,空平,B,7318.0000,0.0000,0.0000,0.0000,0.0000,7322.0000,0.0000,0.0000,0.0000,0.0000,29,0,0,0,0,314,0,0,0,0
zc,TA209,2012-06-07 09:01:22.900,7318.0000,494764,-8,0.0000,90.0000,41,49,多平,S,7316.0000,0.0000,0.0000,0.0000,0.0000,7318.0000,0.0000,0.0000,0.0000,0.0000,68,0,0,0,0,1,0,0,0,0
zc,TA209,2012-06-07 09:01:23.917,7320.0000,494768,4,0.0000,30.0000,17,13,多开,B,7316.0000,0.0000,0.0000,0.0000,0.0000,7320.0000,0.0000,0.0000,0.0000,0.0000,68,0,0,0,0,4,0,0,0,0
zc,TA209,2012-06-07 09:01:24.120,7318.0000,494812,44,0.0000,50.0000,47,3,空开,S,7316.0000,0.0000,0.0000,0.0000,0.0000,7318.0000,0.0000,0.0000,0.0000,0.0000,71,0,0,0,0,88,0,0,0,0
zc,TA209,2012-06-07 09:01:24.870,7318.0000,494818,6,0.0000,8.0000,7,1,空开,S,7316.0000,0.0000,0.0000,0.0000,0.0000,7318.0000,0.0000,0.0000,0.0000,0.0000,76,0,0,0,0,96,0,0,0,0
zc,TA209,2012-06-07 09:01:25.387,7318.0000,494832,14,0.0000,32.0000,23,9,空开,S,7316.0000,0.0000,0.0000,0.0000,0.0000,7318.0000,0.0000,0.0000,0.0000,0.0000,82,0,0,0,0,92,0,0,0,0
zc,TA209,2012-06-07 09:01:26.447,7318.0000,494994,162,0.0000,276.0000,219,57,空开,S,7318.0000,0.0000,0.0000,0.0000,0.0000,7320.0000,0.0000,0.0000,0.0000,0.0000,5,0,0,0,0,36,0,0,0,0
zc,TA209,2012-06-07 09:01:26.637,7314.0000,494712,-282,0.0000,450.0000,84,366,多平,S,7318.0000,0.0000,0.0000,0.0000,0.0000,7320.0000,0.0000,0.0000,0.0000,0.0000,2,0,0,0,0,143,0,0,0,0
zc,TA209,2012-06-07 09:01:27.400,7316.0000,494690,-22,0.0000,36.0000,7,29,空平,B,7314.0000,0.0000,0.0000,0.0000,0.0000,7316.0000,0.0000,0.0000,0.0000,0.0000,552,0,0,0,0,3,0,0,0,0
zc,TA209,2012-06-07 09:01:27.887,7316.0000,494694,4,0.0000,14.0000,9,5,多开,B,7314.0000,0.0000,0.0000,0.0000,0.0000,7318.0000,0.0000,0.0000,0.0000,0.0000,550,0,0,0,0,29,0,0,0,0
zc,TA209,2012-06-07 09:01:28.637,7318.0000,494710,16,0.0000,28.0000,22,6,多开,B,7316.0000,0.0000,0.0000,0.0000,0.0000,7318.0000,0.0000,0.0000,0.0000,0.0000,101,0,0,0,0,26,0,0,0,0
zc,TA209,2012-06-07 09:01:29.103,7318.0000,494714,4,0.0000,6.0000,5,1,多开,B,7316.0000,0.0000,0.0000,0.0000,0.0000,7318.0000,0.0000,0.0000,0.0000,0.0000,108,0,0,0,0,129,0,0,0,0
zc,TA209,2012-06-07 09:01:29.887,7318.0000,494650,-64,0.0000,202.0000,69,133,空平,B,7316.0000,0.0000,0.0000,0.0000,0.0000,7318.0000,0.0000,0.0000,0.0000,0.0000,70,0,0,0,0,82,0,0,0,0
zc,TA209,2012-06-07 09:01:30.650,7318.0000,494632,-18,0.0000,206.0000,94,112,空平,B,7316.0000,0.0000,0.0000,0.0000,0.0000,7318.0000,0.0000,0.0000,0.0000,0.0000,51,0,0,0,0,2,0,0,0,0
zc,TA209,2012-06-07 09:01:31.137,7318.0000,494634,2,0.0000,30.0000,16,14,多开,B,7316.0000,0.0000,0.0000,0.0000,0.0000,7318.0000,0.0000,0.0000,0.0000,0.0000,57,0,0,0,0,2,0,0,0,0
zc,TA209,2012-06-07 09:01:31.887,7316.0000,494628,-6,0.0000,46.0000,20,26,多平,S,7316.0000,0.0000,0.0000,0.0000,0.0000,7318.0000,0.0000,0.0000,0.0000,0.0000,59,0,0,0,0,2,0,0,0,0
zc,TA209,2012-06-07 09:01:32.620,7318.0000,494630,2,0.0000,24.0000,13,11,多开,B,7316.0000,0.0000,0.0000,0.0000,0.0000,7318.0000,0.0000,0.0000,0.0000,0.0000,59,0,0,0,0,58,0,0,0,0
zc,TA209,2012-06-07 09:01:33.137,7316.0000,494594,-36,0.0000,50.0000,7,43,多平,S,7316.0000,0.0000,0.0000,0.0000,0.0000,7318.0000,0.0000,0.0000,0.0000,0.0000,46,0,0,0,0,113,0,0,0,0
zc,TA209,2012-06-07 09:01:33.887,7316.0000,494598,4,0.0000,48.0000,26,22,空开,S,7316.0000,0.0000,0.0000,0.0000,0.0000,7318.0000,0.0000,0.0000,0.0000,0.0000,34,0,0,0,0,106,0,0,0,0
zc,TA209,2012-06-07 09:01:34.637,7316.0000,494604,6,0.0000,22.0000,14,8,空开,S,7316.0000,0.0000,0.0000,0.0000,0.0000,7318.0000,0.0000,0.0000,0.0000,0.0000,126,0,0,0,0,120,0,0,0,0
zc,TA209,2012-06-07 09:01:35.353,7318.0000,494604,0,0.0000,6.0000,3,3,多换,B,7316.0000,0.0000,0.0000,0.0000,0.0000,7318.0000,0.0000,0.0000,0.0000,0.0000,138,0,0,0,0,125,0,0,0,0
zc,TA209,2012-06-07 09:01:35.870,7316.0000,494606,2,0.0000,34.0000,18,16,空开,S,7316.0000,0.0000,0.0000,0.0000,0.0000,7318.0000,0.0000,0.0000,0.0000,0.0000,137,0,0,0,0,125,0,0,0,0
zc,TA209,2012-06-07 09:01:36.370,7318.0000,494564,-42,0.0000,44.0000,1,43,空平,B,7316.0000,0.0000,0.0000,0.0000,0.0000,7318.0000,0.0000,0.0000,0.0000,0.0000,139,0,0,0,0,112,0,0,0,0
zc,TA209,2012-06-07 09:01:37.150,7318.0000,494564,0,0.0000,0.0000,0,0,多换,B,7316.0000,0.0000,0.0000,0.0000,0.0000,7318.0000,0.0000,0.0000,0.0000,0.0000,140,0,0,0,0,116,0,0,0,0
zc,TA209,2012-06-07 09:01:37.353,7318.0000,494570,6,0.0000,28.0000,17,11,多开,B,7316.0000,0.0000,0.0000,0.0000,0.0000,7318.0000,0.0000,0.0000,0.0000,0.0000,132,0,0,0,0,112,0,0,0,0
zc,TA209,2012-06-07 09:01:38.167,7316.0000,494564,-6,0.0000,22.0000,8,14,多平,S,7316.0000,0.0000,0.0000,0.0000,0.0000,7318.0000,0.0000,0.0000,0.0000,0.0000,155,0,0,0,0,130,0,0,0,0
zc,TA209,2012-06-07 09:01:38.637,7316.0000,494474,-90,0.0000,104.0000,7,97,多平,S,7316.0000,0.0000,0.0000,0.0000,0.0000,7318.0000,0.0000,0.0000,0.0000,0.0000,110,0,0,0,0,130,0,0,0,0
zc,TA209,2012-06-07 09:01:39.370,7318.0000,494472,-2,0.0000,2.0000,0,2,双平,B,7316.0000,0.0000,0.0000,0.0000,0.0000,7318.0000,0.0000,0.0000,0.0000,0.0000,112,0,0,0,0,139,0,0,0,0
zc,TA209,2012-06-07 09:01:39.900,7316.0000,494458,-14,0.0000,14.0000,0,14,双平,S,7316.0000,0.0000,0.0000,0.0000,0.0000,7318.0000,0.0000,0.0000,0.0000,0.0000,112,0,0,0,0,160,0,0,0,0
zc,TA209,2012-06-07 09:01:40.650,7316.0000,494446,-12,0.0000,24.0000,6,18,多平,S,7316.0000,0.0000,0.0000,0.0000,0.0000,7318.0000,0.0000,0.0000,0.0000,0.0000,159,0,0,0,0,168,0,0,0,0
zc,TA209,2012-06-07 09:01:41.150,7316.0000,494236,-210,0.0000,396.0000,93,303,多平,S,7314.0000,0.0000,0.0000,0.0000,0.0000,7316.0000,0.0000,0.0000,0.0000,0.0000,650,0,0,0,0,219,0,0,0,0
zc,TA209,2012-06-07 09:01:41.900,7316.0000,494206,-30,0.0000,42.0000,6,36,多平,S,7314.0000,0.0000,0.0000,0.0000,0.0000,7316.0000,0.0000,0.0000,0.0000,0.0000,652,0,0,0,0,210,0,0,0,0
zc,TA209,2012-06-07 09:01:42.387,7316.0000,493900,-306,0.0000,322.0000,8,314,多平,S,7314.0000,0.0000,0.0000,0.0000,0.0000,7316.0000,0.0000,0.0000,0.0000,0.0000,660,0,0,0,0,56,0,0,0,0
zc,TA209,2012-06-07 09:01:43.087,7314.0000,493876,-24,0.0000,30.0000,3,27,多平,S,7314.0000,0.0000,0.0000,0.0000,0.0000,7316.0000,0.0000,0.0000,0.0000,0.0000,649,0,0,0,0,58,0,0,0,0
zc,TA209,2012-06-07 09:01:43.823,7316.0000,493922,46,0.0000,204.0000,125,79,多开,B,7314.0000,0.0000,0.0000,0.0000,0.0000,7316.0000,0.0000,0.0000,0.0000,0.0000,616,0,0,0,0,25,0,0,0,0
zc,TA209,2012-06-07 09:01:44.370,7316.0000,493930,8,0.0000,10.0000,9,1,多开,B,7314.0000,0.0000,0.0000,0.0000,0.0000,7316.0000,0.0000,0.0000,0.0000,0.0000,617,0,0,0,0,84,0,0,0,0
zc,TA209,2012-06-07 09:01:45.087,7316.0000,493932,2,0.0000,50.0000,26,24,多开,B,7314.0000,0.0000,0.0000,0.0000,0.0000,7316.0000,0.0000,0.0000,0.0000,0.0000,617,0,0,0,0,74,0,0,0,0
zc,TA209,2012-06-07 09:01:45.637,7316.0000,493872,-60,0.0000,68.0000,4,64,空平,B,7314.0000,0.0000,0.0000,0.0000,0.0000,7316.0000,0.0000,0.0000,0.0000,0.0000,615,0,0,0,0,51,0,0,0,0
zc,TA209,2012-06-07 09:01:46.417,7314.0000,493866,-6,0.0000,20.0000,7,13,多平,S,7314.0000,0.0000,0.0000,0.0000,0.0000,7316.0000,0.0000,0.0000,0.0000,0.0000,612,0,0,0,0,44,0,0,0,0
zc,TA209,2012-06-07 09:01:46.853,7316.0000,493862,-4,0.0000,24.0000,10,14,空平,B,7314.0000,0.0000,0.0000,0.0000,0.0000,7316.0000,0.0000,0.0000,0.0000,0.0000,610,0,0,0,0,43,0,0,0,0
zc,TA209,2012-06-07 09:01:47.620,7316.0000,493854,-8,0.0000,22.0000,7,15,空平,B,7314.0000,0.0000,0.0000,0.0000,0.0000,7316.0000,0.0000,0.0000,0.0000,0.0000,611,0,0,0,0,32,0,0,0,0
zc,TA209,2012-06-07 09:01:48.103,7316.0000,493834,-20,0.0000,56.0000,18,38,空平,B,7314.0000,0.0000,0.0000,0.0000,0.0000,7316.0000,0.0000,0.0000,0.0000,0.0000,611,0,0,0,0,6,0,0,0,0
zc,TA209,2012-06-07 09:01:48.887,7316.0000,493842,8,0.0000,156.0000,82,74,多开,B,7316.0000,0.0000,0.0000,0.0000,0.0000,7318.0000,0.0000,0.0000,0.0000,0.0000,43,0,0,0,0,565,0,0,0,0
zc,TA209,2012-06-07 09:01:49.337,7316.0000,493856,14,0.0000,72.0000,43,29,多开,B,7316.0000,0.0000,0.0000,0.0000,0.0000,7318.0000,0.0000,0.0000,0.0000,0.0000,143,0,0,0,0,540,0,0,0,0
zc,TA209,2012-06-07 09:01:49.870,7316.0000,493854,-2,0.0000,32.0000,15,17,空平,B,7316.0000,0.0000,0.0000,0.0000,0.0000,7318.0000,0.0000,0.0000,0.0000,0.0000,128,0,0,0,0,534,0,0,0,0
zc,TA209,2012-06-07 09:01:50.370,7318.0000,493858,4,0.0000,66.0000,35,31,多开,B,7316.0000,0.0000,0.0000,0.0000,0.0000,7318.0000,0.0000,0.0000,0.0000,0.0000,127,0,0,0,0,504,0,0,0,0
zc,TA209,2012-06-07 09:01:51.103,7318.0000,493868,10,0.0000,32.0000,21,11,多开,B,7316.0000,0.0000,0.0000,0.0000,0.0000,7318.0000,0.0000,0.0000,0.0000,0.0000,136,0,0,0,0,494,0,0,0,0
zc,TA209,2012-06-07 09:01:51.900,7318.0000,493878,10,0.0000,170.0000,90,80,多开,B,7316.0000,0.0000,0.0000,0.0000,0.0000,7318.0000,0.0000,0.0000,0.0000,0.0000,120,0,0,0,0,478,0,0,0,0
zc,TA209,2012-06-07 09:01:52.620,7318.0000,493706,-172,0.0000,350.0000,89,261,空平,B,7316.0000,0.0000,0.0000,0.0000,0.0000,7318.0000,0.0000,0.0000,0.0000,0.0000,136,0,0,0,0,316,0,0,0,0
zc,TA209,2012-06-07 09:01:53.103,7316.0000,493830,124,0.0000,166.0000,145,21,空开,S,7316.0000,0.0000,0.0000,0.0000,0.0000,7318.0000,0.0000,0.0000,0.0000,0.0000,154,0,0,0,0,236,0,0,0,0
zc,TA209,2012-06-07 09:01:53.887,7316.0000,493842,12,0.0000,94.0000,53,41,空开,S,7316.0000,0.0000,0.0000,0.0000,0.0000,7318.0000,0.0000,0.0000,0.0000,0.0000,145,0,0,0,0,201,0,0,0,0
zc,TA209,2012-06-07 09:01:54.387,7318.0000,493928,86,0.0000,120.0000,103,17,多开,B,7316.0000,0.0000,0.0000,0.0000,0.0000,7318.0000,0.0000,0.0000,0.0000,0.0000,248,0,0,0,0,143,0,0,0,0
zc,TA209,2012-06-07 09:01:55.137,7318.0000,494206,278,0.0000,290.0000,284,6,多开,B,7318.0000,0.0000,0.0000,0.0000,0.0000,7320.0000,0.0000,0.0000,0.0000,0.0000,48,0,0,0,0,760,0,0,0,0
zc,TA209,2012-06-07 09:01:55.603,7318.0000,494222,16,0.0000,38.0000,27,11,多开,B,7318.0000,0.0000,0.0000,0.0000,0.0000,7320.0000,0.0000,0.0000,0.0000,0.0000,32,0,0,0,0,763,0,0,0,0
zc,TA209,2012-06-07 09:01:56.353,7316.0000,494234,12,0.0000,76.0000,44,32,空开,S,7316.0000,0.0000,0.0000,0.0000,0.0000,7318.0000,0.0000,0.0000,0.0000,0.0000,259,0,0,0,0,23,0,0,0,0
zc,TA209,2012-06-07 09:01:57.400,7316.0000,494252,18,0.0000,44.0000,31,13,空开,S,7316.0000,0.0000,0.0000,0.0000,0.0000,7318.0000,0.0000,0.0000,0.0000,0.0000,248,0,0,0,0,43,0,0,0,0
zc,TA209,2012-06-07 09:01:58.167,7318.0000,494248,-4,0.0000,10.0000,3,7,空平,B,7316.0000,0.0000,0.0000,0.0000,0.0000,7318.0000,0.0000,0.0000,0.0000,0.0000,256,0,0,0,0,22,0,0,0,0
zc,TA209,2012-06-07 09:01:58.603,7316.0000,494248,0,0.0000,14.0000,7,7,空换,S,7316.0000,0.0000,0.0000,0.0000,0.0000,7318.0000,0.0000,0.0000,0.0000,0.0000,272,0,0,0,0,39,0,0,0,0
zc,TA209,2012-06-07 09:01:59.323,7318.0000,494226,-22,0.0000,28.0000,3,25,空平,B,7316.0000,0.0000,0.0000,0.0000,0.0000,7318.0000,0.0000,0.0000,0.0000,0.0000,280,0,0,0,0,25,0,0,0,0
zc,TA209,2012-06-07 09:01:59.853,7318.0000,494158,-68,0.0000,106.0000,19,87,空平,B,7316.0000,0.0000,0.0000,0.0000,0.0000,7318.0000,0.0000,0.0000,0.0000,0.0000,281,0,0,0,0,9,0,0,0,0
zc,TA209,2012-06-07 09:02:00.667,7318.0000,494164,6,0.0000,12.0000,9,3,多开,B,7316.0000,0.0000,0.0000,0.0000,0.0000,7318.0000,0.0000,0.0000,0.0000,0.0000,282,0,0,0,0,16,0,0,0,0
zc,TA209,2012-06-07 09:02:01.137,7318.0000,494166,2,0.0000,12.0000,7,5,多开,B,7316.0000,0.0000,0.0000,0.0000,0.0000,7318.0000,0.0000,0.0000,0.0000,0.0000,279,0,0,0,0,33,0,0,0,0
zc,TA209,2012-06-07 09:02:01.837,7318.0000,494198,32,0.0000,72.0000,52,20,多开,B,7316.0000,0.0000,0.0000,0.0000,0.0000,7318.0000,0.0000,0.0000,0.0000,0.0000,250,0,0,0,0,46,0,0,0,0
zc,TA209,2012-06-07 09:02:02.400,7316.0000,494190,-8,0.0000,120.0000,56,64,多平,S,7316.0000,0.0000,0.0000,0.0000,0.0000,7318.0000,0.0000,0.0000,0.0000,0.0000,231,0,0,0,0,12,0,0,0,0
zc,TA209,2012-06-07 09:02:03.120,7316.0000,494224,34,0.0000,76.0000,55,21,空开,S,7318.0000,0.0000,0.0000,0.0000,0.0000,7320.0000,0.0000,0.0000,0.0000,0.0000,10,0,0,0,0,669,0,0,0,0
zc,TA209,2012-06-07 09:02:03.650,7318.0000,494224,0,0.0000,12.0000,6,6,多换,B,7318.0000,0.0000,0.0000,0.0000,0.0000,7320.0000,0.0000,0.0000,0.0000,0.0000,24,0,0,0,0,669,0,0,0,0
zc,TA209,2012-06-07 09:02:04.370,7318.0000,494216,-8,0.0000,32.0000,12,20,空平,B,7318.0000,0.0000,0.0000,0.0000,0.0000,7320.0000,0.0000,0.0000,0.0000,0.0000,18,0,0,0,0,669,0,0,0,0
zc,TA209,2012-06-07 09:02:04.837,7320.0000,494144,-72,0.0000,312.0000,120,192,空平,B,7318.0000,0.0000,0.0000,0.0000,0.0000,7320.0000,0.0000,0.0000,0.0000,0.0000,45,0,0,0,0,524,0,0,0,0
zc,TA209,2012-06-07 09:02:05.650,7318.0000,494132,-12,0.0000,46.0000,17,29,多平,S,7318.0000,0.0000,0.0000,0.0000,0.0000,7320.0000,0.0000,0.0000,0.0000,0.0000,113,0,0,0,0,524,0,0,0,0
zc,TA209,2012-06-07 09:02:06.103,7318.0000,494376,244,0.0000,392.0000,318,74,空开,S,7318.0000,0.0000,0.0000,0.0000,0.0000,7320.0000,0.0000,0.0000,0.0000,0.0000,155,0,0,0,0,343,0,0,0,0
zc,TA209,2012-06-07 09:02:07.150,7318.0000,494668,292,0.0000,364.0000,328,36,空开,S,7318.0000,0.0000,0.0000,0.0000,0.0000,7320.0000,0.0000,0.0000,0.0000,0.0000,181,0,0,0,0,187,0,0,0,0
zc,TA209,2012-06-07 09:02:07.620,7318.0000,494682,14,0.0000,92.0000,53,39,空开,S,7318.0000,0.0000,0.0000,0.0000,0.0000,7320.0000,0.0000,0.0000,0.0000,0.0000,149,0,0,0,0,177,0,0,0,0
zc,TA209,2012-06-07 09:02:08.387,7318.0000,494684,2,0.0000,20.0000,11,9,空开,S,7318.0000,0.0000,0.0000,0.0000,0.0000,7320.0000,0.0000,0.0000,0.0000,0.0000,72,0,0,0,0,170,0,0,0,0
zc,TA209,2012-06-07 09:02:08.887,7320.0000,494904,220,0.0000,338.0000,279,59,多开,B,7318.0000,0.0000,0.0000,0.0000,0.0000,7320.0000,0.0000,0.0000,0.0000,0.0000,66,0,0,0,0,4,0,0,0,0
zc,TA209,2012-06-07 09:02:09.603,7320.0000,494908,4,0.0000,124.0000,64,60,多开,B,7318.0000,0.0000,0.0000,0.0000,0.0000,7320.0000,0.0000,0.0000,0.0000,0.0000,18,0,0,0,0,7,0,0,0,0
zc,TA209,2012-06-07 09:02:10.150,7320.0000,495000,92,0.0000,190.0000,141,49,多开,B,7320.0000,0.0000,0.0000,0.0000,0.0000,7322.0000,0.0000,0.0000,0.0000,0.0000,672,0,0,0,0,232,0,0,0,0
zc,TA209,2012-06-07 09:02:10.837,7320.0000,495004,4,0.0000,10.0000,7,3,多开,B,7320.0000,0.0000,0.0000,0.0000,0.0000,7322.0000,0.0000,0.0000,0.0000,0.0000,667,0,0,0,0,232,0,0,0,0
zc,TA209,2012-06-07 09:02:11.620,7322.0000,494916,-88,0.0000,140.0000,26,114,空平,B,7320.0000,0.0000,0.0000,0.0000,0.0000,7322.0000,0.0000,0.0000,0.0000,0.0000,672,0,0,0,0,182,0,0,0,0
zc,TA209,2012-06-07 09:02:12.370,7322.0000,494958,42,0.0000,208.0000,125,83,多开,B,7320.0000,0.0000,0.0000,0.0000,0.0000,7322.0000,0.0000,0.0000,0.0000,0.0000,1175,0,0,0,0,80,0,0,0,0
zc,TA209,2012-06-07 09:02:12.870,7322.0000,494950,-8,0.0000,12.0000,2,10,空平,B,7320.0000,0.0000,0.0000,0.0000,0.0000,7322.0000,0.0000,0.0000,0.0000,0.0000,1175,0,0,0,0,83,0,0,0,0
zc,TA209,2012-06-07 09:02:13.353,7322.0000,495482,532,0.0000,588.0000,560,28,多开,B,7320.0000,0.0000,0.0000,0.0000,0.0000,7322.0000,0.0000,0.0000,0.0000,0.0000,932,0,0,0,0,42,0,0,0,0
zc,TA209,2012-06-07 09:02:14.137,7322.0000,495474,-8,0.0000,78.0000,35,43,空平,B,7320.0000,0.0000,0.0000,0.0000,0.0000,7322.0000,0.0000,0.0000,0.0000,0.0000,921,0,0,0,0,16,0,0,0,0
zc,TA209,2012-06-07 09:02:14.917,7322.0000,495444,-30,0.0000,70.0000,20,50,空平,B,7322.0000,0.0000,0.0000,0.0000,0.0000,7324.0000,0.0000,0.0000,0.0000,0.0000,3,0,0,0,0,161,0,0,0,0
zc,TA209,2012-06-07 09:02:15.400,7320.0000,495490,46,0.0000,92.0000,69,23,空开,S,7320.0000,0.0000,0.0000,0.0000,0.0000,7322.0000,0.0000,0.0000,0.0000,0.0000,671,0,0,0,0,15,0,0,0,0
zc,TA209,2012-06-07 09:02:16.137,7324.0000,495474,-16,0.0000,34.0000,9,25,空平,B,7320.0000,0.0000,0.0000,0.0000,0.0000,7324.0000,0.0000,0.0000,0.0000,0.0000,668,0,0,0,0,142,0,0,0,0
zc,TA209,2012-06-07 09:02:16.697,7324.0000,495474,0,0.0000,0.0000,0,0,多换,B,7322.0000,0.0000,0.0000,0.0000,0.0000,7324.0000,0.0000,0.0000,0.0000,0.0000,103,0,0,0,0,144,0,0,0,0
zc,TA209,2012-06-07 09:02:17.137,7324.0000,495386,-88,0.0000,128.0000,20,108,空平,B,7322.0000,0.0000,0.0000,0.0000,0.0000,7324.0000,0.0000,0.0000,0.0000,0.0000,385,0,0,0,0,91,0,0,0,0
zc,TA209,2012-06-07 09:02:17.870,7324.0000,495506,120,0.0000,198.0000,159,39,多开,B,7324.0000,0.0000,0.0000,0.0000,0.0000,7326.0000,0.0000,0.0000,0.0000,0.0000,111,0,0,0,0,83,0,0,0,0
zc,TA209,2012-06-07 09:02:18.370,7324.0000,495606,100,0.0000,146.0000,123,23,多开,B,7324.0000,0.0000,0.0000,0.0000,0.0000,7326.0000,0.0000,0.0000,0.0000,0.0000,49,0,0,0,0,80,0,0,0,0
zc,TA209,2012-06-07 09:02:19.120,7326.0000,495580,-26,0.0000,52.0000,13,39,空平,B,7324.0000,0.0000,0.0000,0.0000,0.0000,7326.0000,0.0000,0.0000,0.0000,0.0000,280,0,0,0,0,56,0,0,0,0
zc,TA209,2012-06-07 09:02:19.353,7326.0000,495592,12,0.0000,202.0000,107,95,多开,B,7326.0000,0.0000,0.0000,0.0000,0.0000,7328.0000,0.0000,0.0000,0.0000,0.0000,5,0,0,0,0,106,0,0,0,0
zc,TA209,2012-06-07 09:02:20.370,7328.0000,495594,2,0.0000,30.0000,16,14,多开,B,7326.0000,0.0000,0.0000,0.0000,0.0000,7328.0000,0.0000,0.0000,0.0000,0.0000,18,0,0,0,0,94,0,0,0,0
zc,TA209,2012-06-07 09:02:20.603,7328.0000,495602,8,0.0000,38.0000,23,15,多开,B,7326.0000,0.0000,0.0000,0.0000,0.0000,7328.0000,0.0000,0.0000,0.0000,0.0000,19,0,0,0,0,88,0,0,0,0
zc,TA209,2012-06-07 09:02:21.323,7328.0000,495636,34,0.0000,40.0000,37,3,多开,B,7326.0000,0.0000,0.0000,0.0000,0.0000,7328.0000,0.0000,0.0000,0.0000,0.0000,32,0,0,0,0,69,0,0,0,0
zc,TA209,2012-06-07 09:02:21.900,7326.0000,495732,96,0.0000,144.0000,120,24,空开,S,7324.0000,0.0000,0.0000,0.0000,0.0000,7326.0000,0.0000,0.0000,0.0000,0.0000,307,0,0,0,0,31,0,0,0,0
zc,TA209,2012-06-07 09:02:22.620,7326.0000,495742,10,0.0000,16.0000,13,3,空开,S,7324.0000,0.0000,0.0000,0.0000,0.0000,7326.0000,0.0000,0.0000,0.0000,0.0000,75,0,0,0,0,24,0,0,0,0
zc,TA209,2012-06-07 09:02:23.183,7328.0000,495752,10,0.0000,122.0000,66,56,多开,B,7326.0000,0.0000,0.0000,0.0000,0.0000,7328.0000,0.0000,0.0000,0.0000,0.0000,87,0,0,0,0,106,0,0,0,0
zc,TA209,2012-06-07 09:02:23.887,7330.0000,495528,-224,0.0000,314.0000,45,269,空平,B,7326.0000,0.0000,0.0000,0.0000,0.0000,7330.0000,0.0000,0.0000,0.0000,0.0000,58,0,0,0,0,396,0,0,0,0
zc,TA209,2012-06-07 09:02:24.387,7326.0000,495520,-8,0.0000,16.0000,4,12,多平,S,7326.0000,0.0000,0.0000,0.0000,0.0000,7328.0000,0.0000,0.0000,0.0000,0.0000,60,0,0,0,0,4,0,0,0,0
zc,TA209,2012-06-07 09:02:25.150,7328.0000,495484,-36,0.0000,68.0000,16,52,空平,B,7328.0000,0.0000,0.0000,0.0000,0.0000,7330.0000,0.0000,0.0000,0.0000,0.0000,3,0,0,0,0,406,0,0,0,0
zc,TA209,2012-06-07 09:02:25.637,7330.0000,495470,-14,0.0000,48.0000,17,31,空平,B,7328.0000,0.0000,0.0000,0.0000,0.0000,7330.0000,0.0000,0.0000,0.0000,0.0000,9,0,0,0,0,391,0,0,0,0
zc,TA209,2012-06-07 09:02:26.667,7330.0000,495314,-156,0.0000,426.0000,135,291,空平,B,7328.0000,0.0000,0.0000,0.0000,0.0000,7330.0000,0.0000,0.0000,0.0000,0.0000,7,0,0,0,0,207,0,0,0,0
zc,TA209,2012-06-07 09:02:27.120,7330.0000,495306,-8,0.0000,30.0000,11,19,空平,B,7328.0000,0.0000,0.0000,0.0000,0.0000,7330.0000,0.0000,0.0000,0.0000,0.0000,6,0,0,0,0,195,0,0,0,0
zc,TA209,2012-06-07 09:02:27.917,7332.0000,495262,-44,0.0000,724.0000,340,384,空平,B,7330.0000,0.0000,0.0000,0.0000,0.0000,7332.0000,0.0000,0.0000,0.0000,0.0000,150,0,0,0,0,507,0,0,0,0
zc,TA209,2012-06-07 09:02:28.400,7332.0000,495270,8,0.0000,184.0000,96,88,多开,B,7330.0000,0.0000,0.0000,0.0000,0.0000,7332.0000,0.0000,0.0000,0.0000,0.0000,95,0,0,0,0,486,0,0,0,0
zc,TA209,2012-06-07 09:02:29.103,7332.0000,495018,-252,0.0000,572.0000,160,412,空平,B,7330.0000,0.0000,0.0000,0.0000,0.0000,7332.0000,0.0000,0.0000,0.0000,0.0000,74,0,0,0,0,245,0,0,0,0
zc,TA209,2012-06-07 09:02:29.637,7332.0000,495008,-10,0.0000,112.0000,51,61,空平,B,7330.0000,0.0000,0.0000,0.0000,0.0000,7332.0000,0.0000,0.0000,0.0000,0.0000,73,0,0,0,0,212,0,0,0,0
zc,TA209,2012-06-07 09:02:30.150,7332.0000,494596,-412,0.0000,454.0000,21,433,空平,B,7332.0000,0.0000,0.0000,0.0000,0.0000,7334.0000,0.0000,0.0000,0.0000,0.0000,12,0,0,0,0,66,0,0,0,0
zc,TA209,2012-06-07 09:02:30.853,7334.0000,494598,2,0.0000,222.0000,112,110,多开,B,7334.0000,0.0000,0.0000,0.0000,0.0000,7336.0000,0.0000,0.0000,0.0000,0.0000,68,0,0,0,0,608,0,0,0,0
zc,TA209,2012-06-07 09:02:31.353,7334.0000,494598,0,0.0000,58.0000,29,29,多换,B,7334.0000,0.0000,0.0000,0.0000,0.0000,7336.0000,0.0000,0.0000,0.0000,0.0000,62,0,0,0,0,594,0,0,0,0
zc,TA209,2012-06-07 09:02:32.120,7336.0000,494390,-208,0.0000,226.0000,9,217,空平,B,7334.0000,0.0000,0.0000,0.0000,0.0000,7336.0000,0.0000,0.0000,0.0000,0.0000,67,0,0,0,0,483,0,0,0,0
zc,TA209,2012-06-07 09:02:32.637,7336.0000,494384,-6,0.0000,290.0000,142,148,空平,B,7332.0000,0.0000,0.0000,0.0000,0.0000,7336.0000,0.0000,0.0000,0.0000,0.0000,80,0,0,0,0,470,0,0,0,0
zc,TA209,2012-06-07 09:02:33.370,7334.0000,494364,-20,0.0000,166.0000,73,93,多平,S,7332.0000,0.0000,0.0000,0.0000,0.0000,7334.0000,0.0000,0.0000,0.0000,0.0000,74,0,0,0,0,241,0,0,0,0
zc,TA209,2012-06-07 09:02:33.887,7334.0000,494180,-184,0.0000,262.0000,39,223,多平,S,7332.0000,0.0000,0.0000,0.0000,0.0000,7334.0000,0.0000,0.0000,0.0000,0.0000,47,0,0,0,0,304,0,0,0,0
zc,TA209,2012-06-07 09:02:34.620,7334.0000,494106,-74,0.0000,246.0000,86,160,多平,S,7330.0000,0.0000,0.0000,0.0000,0.0000,7332.0000,0.0000,0.0000,0.0000,0.0000,612,0,0,0,0,1,0,0,0,0
zc,TA209,2012-06-07 09:02:34.870,7332.0000,494066,-40,0.0000,166.0000,63,103,多平,S,7332.0000,0.0000,0.0000,0.0000,0.0000,7334.0000,0.0000,0.0000,0.0000,0.0000,9,0,0,0,0,127,0,0,0,0
zc,TA209,2012-06-07 09:02:35.917,7332.0000,494022,-44,0.0000,212.0000,84,128,多平,S,7330.0000,0.0000,0.0000,0.0000,0.0000,7332.0000,0.0000,0.0000,0.0000,0.0000,609,0,0,0,0,117,0,0,0,0
zc,TA209,2012-06-07 09:02:36.150,7330.0000,493996,-26,0.0000,230.0000,102,128,多平,S,7330.0000,0.0000,0.0000,0.0000,0.0000,7332.0000,0.0000,0.0000,0.0000,0.0000,605,0,0,0,0,17,0,0,0,0
zc,TA209,2012-06-07 09:02:36.870,7334.0000,493930,-66,0.0000,174.0000,54,120,空平,B,7332.0000,0.0000,0.0000,0.0000,0.0000,7334.0000,0.0000,0.0000,0.0000,0.0000,40,0,0,0,0,52,0,0,0,0
zc,TA209,2012-06-07 09:02:37.667,7334.0000,493840,-90,0.0000,182.0000,46,136,空平,B,7332.0000,0.0000,0.0000,0.0000,0.0000,7334.0000,0.0000,0.0000,0.0000,0.0000,42,0,0,0,0,33,0,0,0,0
zc,TA209,2012-06-07 09:02:38.103,7332.0000,493836,-4,0.0000,26.0000,11,15,多平,S,7332.0000,0.0000,0.0000,0.0000,0.0000,7334.0000,0.0000,0.0000,0.0000,0.0000,48,0,0,0,0,28,0,0,0,0
zc,TA209,2012-06-07 09:02:38.637,7334.0000,493860,24,0.0000,78.0000,51,27,多开,B,7332.0000,0.0000,0.0000,0.0000,0.0000,7334.0000,0.0000,0.0000,0.0000,0.0000,87,0,0,0,0,94,0,0,0,0
zc,TA209,2012-06-07 09:02:39.137,7334.0000,493846,-14,0.0000,48.0000,17,31,空平,B,7332.0000,0.0000,0.0000,0.0000,0.0000,7334.0000,0.0000,0.0000,0.0000,0.0000,83,0,0,0,0,92,0,0,0,0
zc,TA209,2012-06-07 09:02:39.853,7334.0000,493906,60,0.0000,170.0000,115,55,多开,B,7332.0000,0.0000,0.0000,0.0000,0.0000,7334.0000,0.0000,0.0000,0.0000,0.0000,91,0,0,0,0,172,0,0,0,0
zc,TA209,2012-06-07 09:02:40.370,7334.0000,493876,-30,0.0000,104.0000,37,67,空平,B,7332.0000,0.0000,0.0000,0.0000,0.0000,7334.0000,0.0000,0.0000,0.0000,0.0000,76,0,0,0,0,153,0,0,0,0
zc,TA209,2012-06-07 09:02:41.137,7334.0000,493866,-10,0.0000,64.0000,27,37,空平,B,7332.0000,0.0000,0.0000,0.0000,0.0000,7334.0000,0.0000,0.0000,0.0000,0.0000,80,0,0,0,0,105,0,0,0,0
zc,TA209,2012-06-07 09:02:41.650,7334.0000,493814,-52,0.0000,338.0000,143,195,空平,B,7334.0000,0.0000,0.0000,0.0000,0.0000,7336.0000,0.0000,0.0000,0.0000,0.0000,230,0,0,0,0,656,0,0,0,0
zc,TA209,2012-06-07 09:02:42.400,7334.0000,493828,14,0.0000,72.0000,43,29,多开,B,7334.0000,0.0000,0.0000,0.0000,0.0000,7336.0000,0.0000,0.0000,0.0000,0.0000,301,0,0,0,0,682,0,0,0,0
zc,TA209,2012-06-07 09:02:42.853,7334.0000,493826,-2,0.0000,14.0000,6,8,空平,B,7334.0000,0.0000,0.0000,0.0000,0.0000,7336.0000,0.0000,0.0000,0.0000,0.0000,309,0,0,0,0,691,0,0,0,0
zc,TA209,2012-06-07 09:02:43.637,7334.0000,493842,16,0.0000,116.0000,66,50,多开,B,7334.0000,0.0000,0.0000,0.0000,0.0000,7336.0000,0.0000,0.0000,0.0000,0.0000,414,0,0,0,0,689,0,0,0,0
zc,TA209,2012-06-07 09:02:44.120,7336.0000,493842,0,0.0000,222.0000,111,111,多换,B,7334.0000,0.0000,0.0000,0.0000,0.0000,7336.0000,0.0000,0.0000,0.0000,0.0000,449,0,0,0,0,683,0,0,0,0
zc,TA209,2012-06-07 09:02:44.870,7336.0000,493646,-196,0.0000,414.0000,109,305,空平,B,7334.0000,0.0000,0.0000,0.0000,0.0000,7336.0000,0.0000,0.0000,0.0000,0.0000,291,0,0,0,0,666,0,0,0,0
zc,TA209,2012-06-07 09:02:45.353,7334.0000,493530,-116,0.0000,172.0000,28,144,多平,S,7334.0000,0.0000,0.0000,0.0000,0.0000,7336.0000,0.0000,0.0000,0.0000,0.0000,176,0,0,0,0,613,0,0,0,0
zc,TA209,2012-06-07 09:02:46.103,7334.0000,493574,44,0.0000,220.0000,132,88,空开,S,7334.0000,0.0000,0.0000,0.0000,0.0000,7336.0000,0.0000,0.0000,0.0000,0.0000,115,0,0,0,0,594,0,0,0,0
zc,TA209,2012-06-07 09:02:46.603,7336.0000,493516,-58,0.0000,350.0000,146,204,空平,B,7334.0000,0.0000,0.0000,0.0000,0.0000,7336.0000,0.0000,0.0000,0.0000,0.0000,3,0,0,0,0,551,0,0,0,0
zc,TA209,2012-06-07 09:02:47.137,7334.0000,493510,-6,0.0000,84.0000,39,45,多平,S,7332.0000,0.0000,0.0000,0.0000,0.0000,7334.0000,0.0000,0.0000,0.0000,0.0000,63,0,0,0,0,67,0,0,0,0
zc,TA209,2012-06-07 09:02:47.917,7336.0000,493282,-228,0.0000,420.0000,96,324,空平,B,7332.0000,0.0000,0.0000,0.0000,0.0000,7336.0000,0.0000,0.0000,0.0000,0.0000,63,0,0,0,0,581,0,0,0,0
zc,TA209,2012-06-07 09:02:48.387,7334.0000,493228,-54,0.0000,182.0000,64,118,多平,S,7332.0000,0.0000,0.0000,0.0000,0.0000,7334.0000,0.0000,0.0000,0.0000,0.0000,68,0,0,0,0,10,0,0,0,0
zc,TA209,2012-06-07 09:02:49.137,7336.0000,493224,-4,0.0000,152.0000,74,78,空平,B,7334.0000,0.0000,0.0000,0.0000,0.0000,7336.0000,0.0000,0.0000,0.0000,0.0000,10,0,0,0,0,468,0,0,0,0
zc,TA209,2012-06-07 09:02:49.637,7332.0000,493216,-8,0.0000,108.0000,50,58,多平,S,7332.0000,0.0000,0.0000,0.0000,0.0000,7336.0000,0.0000,0.0000,0.0000,0.0000,72,0,0,0,0,394,0,0,0,0
zc,TA209,2012-06-07 09:02:50.387,7336.0000,493142,-74,0.0000,240.0000,83,157,空平,B,7334.0000,0.0000,0.0000,0.0000,0.0000,7336.0000,0.0000,0.0000,0.0000,0.0000,3,0,0,0,0,308,0,0,0,0
zc,TA209,2012-06-07 09:02:50.900,7332.0000,492272,-870,0.0000,1084.0000,107,977,多平,S,7330.0000,0.0000,0.0000,0.0000,0.0000,7332.0000,0.0000,0.0000,0.0000,0.0000,851,0,0,0,0,178,0,0,0,0
zc,TA209,2012-06-07 09:02:51.853,7332.0000,492254,-18,0.0000,98.0000,40,58,多平,S,7330.0000,0.0000,0.0000,0.0000,0.0000,7332.0000,0.0000,0.0000,0.0000,0.0000,854,0,0,0,0,129,0,0,0,0
zc,TA209,2012-06-07 09:02:52.400,7332.0000,492076,-178,0.0000,300.0000,61,239,多平,S,7332.0000,0.0000,0.0000,0.0000,0.0000,7334.0000,0.0000,0.0000,0.0000,0.0000,155,0,0,0,0,45,0,0,0,0
zc,TA209,2012-06-07 09:02:53.103,7334.0000,492060,-16,0.0000,112.0000,48,64,空平,B,7332.0000,0.0000,0.0000,0.0000,0.0000,7334.0000,0.0000,0.0000,0.0000,0.0000,163,0,0,0,0,2,0,0,0,0
zc,TA209,2012-06-07 09:02:53.603,7336.0000,492066,6,0.0000,48.0000,27,21,多开,B,7334.0000,0.0000,0.0000,0.0000,0.0000,7336.0000,0.0000,0.0000,0.0000,0.0000,2,0,0,0,0,797,0,0,0,0
zc,TA209,2012-06-07 09:02:54.400,7332.0000,492038,-28,0.0000,120.0000,46,74,多平,S,7332.0000,0.0000,0.0000,0.0000,0.0000,7334.0000,0.0000,0.0000,0.0000,0.0000,180,0,0,0,0,196,0,0,0,0
zc,TA209,2012-06-07 09:02:54.887,7332.0000,492038,0,0.0000,114.0000,57,57,空换,S,7332.0000,0.0000,0.0000,0.0000,0.0000,7334.0000,0.0000,0.0000,0.0000,0.0000,44,0,0,0,0,402,0,0,0,0
zc,TA209,2012-06-07 09:02:55.637,7332.0000,491418,-620,0.0000,984.0000,182,802,多平,S,7330.0000,0.0000,0.0000,0.0000,0.0000,7332.0000,0.0000,0.0000,0.0000,0.0000,848,0,0,0,0,37,0,0,0,0
zc,TA209,2012-06-07 09:02:56.120,7334.0000,491334,-84,0.0000,188.0000,52,136,空平,B,7334.0000,0.0000,0.0000,0.0000,0.0000,7336.0000,0.0000,0.0000,0.0000,0.0000,103,0,0,0,0,806,0,0,0,0
zc,TA209,2012-06-07 09:02:56.603,7334.0000,491334,0,0.0000,50.0000,25,25,多换,B,7334.0000,0.0000,0.0000,0.0000,0.0000,7336.0000,0.0000,0.0000,0.0000,0.0000,119,0,0,0,0,841,0,0,0,0
zc,TA209,2012-06-07 09:02:57.197,7336.0000,491352,18,0.0000,94.0000,56,38,多开,B,7334.0000,0.0000,0.0000,0.0000,0.0000,7336.0000,0.0000,0.0000,0.0000,0.0000,85,0,0,0,0,776,0,0,0,0
zc,TA209,2012-06-07 09:02:57.887,7334.0000,491346,-6,0.0000,118.0000,56,62,多平,S,7334.0000,0.0000,0.0000,0.0000,0.0000,7336.0000,0.0000,0.0000,0.0000,0.0000,52,0,0,0,0,766,0,0,0,0
zc,TA209,2012-06-07 09:02:58.620,7336.0000,491142,-204,0.0000,332.0000,64,268,空平,B,7334.0000,0.0000,0.0000,0.0000,0.0000,7336.0000,0.0000,0.0000,0.0000,0.0000,36,0,0,0,0,622,0,0,0,0
zc,TA209,2012-06-07 09:02:59.137,7336.0000,491042,-100,0.0000,198.0000,49,149,空平,B,7334.0000,0.0000,0.0000,0.0000,0.0000,7336.0000,0.0000,0.0000,0.0000,0.0000,30,0,0,0,0,555,0,0,0,0
zc,TA209,2012-06-07 09:02:59.887,7336.0000,491102,60,0.0000,108.0000,84,24,多开,B,7334.0000,0.0000,0.0000,0.0000,0.0000,7336.0000,0.0000,0.0000,0.0000,0.0000,25,0,0,0,0,510,0,0,0,0
zc,TA209,2012-06-07 09:03:00.387,7334.0000,490758,-344,0.0000,480.0000,68,412,多平,S,7334.0000,0.0000,0.0000,0.0000,0.0000,7336.0000,0.0000,0.0000,0.0000,0.0000,91,0,0,0,0,495,0,0,0,0
zc,TA209,2012-06-07 09:03:01.120,7336.0000,490820,62,0.0000,116.0000,89,27,多开,B,7334.0000,0.0000,0.0000,0.0000,0.0000,7336.0000,0.0000,0.0000,0.0000,0.0000,352,0,0,0,0,857,0,0,0,0
zc,TA209,2012-06-07 09:03:01.603,7336.0000,490930,110,0.0000,732.0000,421,311,多开,B,7334.0000,0.0000,0.0000,0.0000,0.0000,7336.0000,0.0000,0.0000,0.0000,0.0000,303,0,0,0,0,565,0,0,0,0
zc,TA209,2012-06-07 09:03:02.400,7336.0000,491120,190,0.0000,294.0000,242,52,多开,B,7334.0000,0.0000,0.0000,0.0000,0.0000,7336.0000,0.0000,0.0000,0.0000,0.0000,277,0,0,0,0,452,0,0,0,0
zc,TA209,2012-06-07 09:03:03.103,7336.0000,491356,236,0.0000,314.0000,275,39,多开,B,7334.0000,0.0000,0.0000,0.0000,0.0000,7336.0000,0.0000,0.0000,0.0000,0.0000,285,0,0,0,0,336,0,0,0,0
zc,TA209,2012-06-07 09:03:03.603,7336.0000,491624,268,0.0000,720.0000,494,226,多开,B,7334.0000,0.0000,0.0000,0.0000,0.0000,7336.0000,0.0000,0.0000,0.0000,0.0000,264,0,0,0,0,1,0,0,0,0
zc,TA209,2012-06-07 09:03:04.120,7338.0000,491588,-36,0.0000,134.0000,49,85,空平,B,7336.0000,0.0000,0.0000,0.0000,0.0000,7338.0000,0.0000,0.0000,0.0000,0.0000,67,0,0,0,0,868,0,0,0,0
zc,TA209,2012-06-07 09:03:04.853,7336.0000,491828,240,0.0000,286.0000,263,23,空开,S,7336.0000,0.0000,0.0000,0.0000,0.0000,7338.0000,0.0000,0.0000,0.0000,0.0000,167,0,0,0,0,735,0,0,0,0
zc,TA209,2012-06-07 09:03:05.370,7338.0000,491848,20,0.0000,166.0000,93,73,多开,B,7336.0000,0.0000,0.0000,0.0000,0.0000,7338.0000,0.0000,0.0000,0.0000,0.0000,230,0,0,0,0,662,0,0,0,0
zc,TA209,2012-06-07 09:03:06.137,7336.0000,491286,-562,0.0000,1150.0000,294,856,多平,S,7336.0000,0.0000,0.0000,0.0000,0.0000,7338.0000,0.0000,0.0000,0.0000,0.0000,15,0,0,0,0,611,0,0,0,0
zc,TA209,2012-06-07 09:03:06.650,7338.0000,491600,314,0.0000,508.0000,411,97,多开,B,7336.0000,0.0000,0.0000,0.0000,0.0000,7338.0000,0.0000,0.0000,0.0000,0.0000,24,0,0,0,0,359,0,0,0,0
zc,TA209,2012-06-07 09:03:07.387,7338.0000,491652,52,0.0000,122.0000,87,35,多开,B,7336.0000,0.0000,0.0000,0.0000,0.0000,7338.0000,0.0000,0.0000,0.0000,0.0000,37,0,0,0,0,309,0,0,0,0
zc,TA209,2012-06-07 09:03:07.887,7336.0000,491606,-46,0.0000,134.0000,44,90,多平,S,7334.0000,0.0000,0.0000,0.0000,0.0000,7336.0000,0.0000,0.0000,0.0000,0.0000,58,0,0,0,0,116,0,0,0,0
zc,TA209,2012-06-07 09:03:08.620,7336.0000,491602,-4,0.0000,14.0000,5,9,多平,S,7334.0000,0.0000,0.0000,0.0000,0.0000,7336.0000,0.0000,0.0000,0.0000,0.0000,48,0,0,0,0,175,0,0,0,0
zc,TA209,2012-06-07 09:03:09.137,7336.0000,491560,-42,0.0000,152.0000,55,97,多平,S,7334.0000,0.0000,0.0000,0.0000,0.0000,7336.0000,0.0000,0.0000,0.0000,0.0000,45,0,0,0,0,154,0,0,0,0
zc,TA209,2012-06-07 09:03:09.853,7336.0000,491502,-58,0.0000,132.0000,37,95,多平,S,7334.0000,0.0000,0.0000,0.0000,0.0000,7336.0000,0.0000,0.0000,0.0000,0.0000,26,0,0,0,0,193,0,0,0,0
zc,TA209,2012-06-07 09:03:10.400,7336.0000,491522,20,0.0000,524.0000,272,252,空开,S,7336.0000,0.0000,0.0000,0.0000,0.0000,7338.0000,0.0000,0.0000,0.0000,0.0000,16,0,0,0,0,308,0,0,0,0
zc,TA209,2012-06-07 09:03:11.150,7338.0000,491426,-96,0.0000,226.0000,65,161,空平,B,7336.0000,0.0000,0.0000,0.0000,0.0000,7338.0000,0.0000,0.0000,0.0000,0.0000,6,0,0,0,0,407,0,0,0,0
zc,TA209,2012-06-07 09:03:11.637,7336.0000,491416,-10,0.0000,26.0000,8,18,多平,S,7332.0000,0.0000,0.0000,0.0000,0.0000,7334.0000,0.0000,0.0000,0.0000,0.0000,95,0,0,0,0,2,0,0,0,0
zc,TA209,2012-06-07 09:03:12.370,7334.0000,491418,2,0.0000,10.0000,6,4,空开,S,7334.0000,0.0000,0.0000,0.0000,0.0000,7336.0000,0.0000,0.0000,0.0000,0.0000,11,0,0,0,0,132,0,0,0,0
zc,TA209,2012-06-07 09:03:12.823,7336.0000,491322,-96,0.0000,140.0000,22,118,空平,B,7334.0000,0.0000,0.0000,0.0000,0.0000,7336.0000,0.0000,0.0000,0.0000,0.0000,31,0,0,0,0,187,0,0,0,0
zc,TA209,2012-06-07 09:03:13.353,7336.0000,491304,-18,0.0000,74.0000,28,46,空平,B,7334.0000,0.0000,0.0000,0.0000,0.0000,7336.0000,0.0000,0.0000,0.0000,0.0000,29,0,0,0,0,164,0,0,0,0
zc,TA209,2012-06-07 09:03:14.103,7334.0000,491322,18,0.0000,38.0000,28,10,空开,S,7334.0000,0.0000,0.0000,0.0000,0.0000,7336.0000,0.0000,0.0000,0.0000,0.0000,14,0,0,0,0,162,0,0,0,0
zc,TA209,2012-06-07 09:03:14.650,7336.0000,491286,-36,0.0000,94.0000,29,65,空平,B,7332.0000,0.0000,0.0000,0.0000,0.0000,7334.0000,0.0000,0.0000,0.0000,0.0000,98,0,0,0,0,10,0,0,0,0
zc,TA209,2012-06-07 09:03:15.337,7334.0000,491324,38,0.0000,44.0000,41,3,空开,S,7332.0000,0.0000,0.0000,0.0000,0.0000,7334.0000,0.0000,0.0000,0.0000,0.0000,93,0,0,0,0,20,0,0,0,0
zc,TA209,2012-06-07 09:03:15.870,7332.0000,491326,2,0.0000,28.0000,15,13,空开,S,7332.0000,0.0000,0.0000,0.0000,0.0000,7334.0000,0.0000,0.0000,0.0000,0.0000,90,0,0,0,0,24,0,0,0,0
zc,TA209,2012-06-07 09:03:16.620,7334.0000,491342,16,0.0000,46.0000,31,15,多开,B,7332.0000,0.0000,0.0000,0.0000,0.0000,7334.0000,0.0000,0.0000,0.0000,0.0000,88,0,0,0,0,43,0,0,0,0
zc,TA209,2012-06-07 09:03:16.853,7334.0000,491362,20,0.0000,26.0000,23,3,多开,B,7332.0000,0.0000,0.0000,0.0000,0.0000,7334.0000,0.0000,0.0000,0.0000,0.0000,87,0,0,0,0,42,0,0,0,0
zc,TA209,2012-06-07 09:03:17.650,7334.0000,491266,-96,0.0000,164.0000,34,130,空平,B,7334.0000,0.0000,0.0000,0.0000,0.0000,7336.0000,0.0000,0.0000,0.0000,0.0000,22,0,0,0,0,411,0,0,0,0
zc,TA209,2012-06-07 09:03:18.387,7332.0000,491142,-124,0.0000,296.0000,86,210,多平,S,7330.0000,0.0000,0.0000,0.0000,0.0000,7332.0000,0.0000,0.0000,0.0000,0.0000,887,0,0,0,0,407,0,0,0,0
zc,TA209,2012-06-07 09:03:18.870,7330.0000,491004,-138,0.0000,356.0000,109,247,多平,S,7330.0000,0.0000,0.0000,0.0000,0.0000,7332.0000,0.0000,0.0000,0.0000,0.0000,875,0,0,0,0,248,0,0,0,0
zc,TA209,2012-06-07 09:03:19.587,7330.0000,491004,0,0.0000,26.0000,13,13,空换,S,7330.0000,0.0000,0.0000,0.0000,0.0000,7332.0000,0.0000,0.0000,0.0000,0.0000,823,0,0,0,0,255,0,0,0,0
zc,TA209,2012-06-07 09:03:20.120,7332.0000,490960,-44,0.0000,98.0000,27,71,空平,B,7330.0000,0.0000,0.0000,0.0000,0.0000,7332.0000,0.0000,0.0000,0.0000,0.0000,802,0,0,0,0,227,0,0,0,0
zc,TA209,2012-06-07 09:03:20.870,7330.0000,490756,-204,0.0000,226.0000,11,215,多平,S,7330.0000,0.0000,0.0000,0.0000,0.0000,7332.0000,0.0000,0.0000,0.0000,0.0000,703,0,0,0,0,231,0,0,0,0
zc,TA209,2012-06-07 09:03:21.900,7332.0000,490670,-86,0.0000,248.0000,81,167,空平,B,7330.0000,0.0000,0.0000,0.0000,0.0000,7332.0000,0.0000,0.0000,0.0000,0.0000,657,0,0,0,0,161,0,0,0,0
zc,TA209,2012-06-07 09:03:22.087,7332.0000,490568,-102,0.0000,116.0000,7,109,空平,B,7330.0000,0.0000,0.0000,0.0000,0.0000,7332.0000,0.0000,0.0000,0.0000,0.0000,606,0,0,0,0,155,0,0,0,0
zc,TA209,2012-06-07 09:03:23.103,7330.0000,490534,-34,0.0000,174.0000,70,104,多平,S,7330.0000,0.0000,0.0000,0.0000,0.0000,7332.0000,0.0000,0.0000,0.0000,0.0000,605,0,0,0,0,87,0,0,0,0
zc,TA209,2012-06-07 09:03:23.603,7330.0000,490260,-274,0.0000,306.0000,16,290,多平,S,7330.0000,0.0000,0.0000,0.0000,0.0000,7332.0000,0.0000,0.0000,0.0000,0.0000,456,0,0,0,0,94,0,0,0,0
zc,TA209,2012-06-07 09:03:24.387,7330.0000,490258,-2,0.0000,76.0000,37,39,多平,S,7330.0000,0.0000,0.0000,0.0000,0.0000,7332.0000,0.0000,0.0000,0.0000,0.0000,423,0,0,0,0,189,0,0,0,0
zc,TA209,2012-06-07 09:03:24.837,7330.0000,490118,-140,0.0000,276.0000,68,208,多平,S,7330.0000,0.0000,0.0000,0.0000,0.0000,7332.0000,0.0000,0.0000,0.0000,0.0000,286,0,0,0,0,221,0,0,0,0
zc,TA209,2012-06-07 09:03:25.667,7332.0000,490172,54,0.0000,946.0000,500,446,多开,B,7328.0000,0.0000,0.0000,0.0000,0.0000,7332.0000,0.0000,0.0000,0.0000,0.0000,28,0,0,0,0,209,0,0,0,0
zc,TA209,2012-06-07 09:03:26.120,7330.0000,490160,-12,0.0000,36.0000,12,24,多平,S,7328.0000,0.0000,0.0000,0.0000,0.0000,7330.0000,0.0000,0.0000,0.0000,0.0000,21,0,0,0,0,108,0,0,0,0
zc,TA209,2012-06-07 09:03:26.853,7328.0000,490194,34,0.0000,50.0000,42,8,空开,S,7328.0000,0.0000,0.0000,0.0000,0.0000,7330.0000,0.0000,0.0000,0.0000,0.0000,19,0,0,0,0,87,0,0,0,0
zc,TA209,2012-06-07 09:03:27.353,7328.0000,490204,10,0.0000,32.0000,21,11,空开,S,7328.0000,0.0000,0.0000,0.0000,0.0000,7330.0000,0.0000,0.0000,0.0000,0.0000,17,0,0,0,0,73,0,0,0,0
zc,TA209,2012-06-07 09:03:27.887,7328.0000,490190,-14,0.0000,62.0000,24,38,多平,S,7326.0000,0.0000,0.0000,0.0000,0.0000,7328.0000,0.0000,0.0000,0.0000,0.0000,356,0,0,0,0,17,0,0,0,0
zc,TA209,2012-06-07 09:03:28.637,7328.0000,490138,-52,0.0000,84.0000,16,68,多平,S,7326.0000,0.0000,0.0000,0.0000,0.0000,7328.0000,0.0000,0.0000,0.0000,0.0000,359,0,0,0,0,24,0,0,0,0
zc,TA209,2012-06-07 09:03:29.167,7330.0000,490144,6,0.0000,50.0000,28,22,多开,B,7328.0000,0.0000,0.0000,0.0000,0.0000,7330.0000,0.0000,0.0000,0.0000,0.0000,18,0,0,0,0,80,0,0,0,0
zc,TA209,2012-06-07 09:03:29.887,7328.0000,490150,6,0.0000,180.0000,93,87,空开,S,7326.0000,0.0000,0.0000,0.0000,0.0000,7328.0000,0.0000,0.0000,0.0000,0.0000,357,0,0,0,0,7,0,0,0,0
zc,TA209,2012-06-07 09:03:30.150,7328.0000,490140,-10,0.0000,32.0000,11,21,多平,S,7326.0000,0.0000,0.0000,0.0000,0.0000,7328.0000,0.0000,0.0000,0.0000,0.0000,362,0,0,0,0,1,0,0,0,0
zc,TA209,2012-06-07 09:03:31.150,7328.0000,490134,-6,0.0000,38.0000,16,22,多平,S,7326.0000,0.0000,0.0000,0.0000,0.0000,7328.0000,0.0000,0.0000,0.0000,0.0000,349,0,0,0,0,3,0,0,0,0
zc,TA209,2012-06-07 09:03:31.387,7326.0000,490140,6,0.0000,504.0000,255,249,空开,S,7326.0000,0.0000,0.0000,0.0000,0.0000,7330.0000,0.0000,0.0000,0.0000,0.0000,101,0,0,0,0,20,0,0,0,0
zc,TA209,2012-06-07 09:03:32.120,7326.0000,490162,22,0.0000,92.0000,57,35,空开,S,7326.0000,0.0000,0.0000,0.0000,0.0000,7328.0000,0.0000,0.0000,0.0000,0.0000,61,0,0,0,0,1,0,0,0,0
zc,TA209,2012-06-07 09:03:32.683,7326.0000,490122,-40,0.0000,132.0000,46,86,多平,S,7324.0000,0.0000,0.0000,0.0000,0.0000,7326.0000,0.0000,0.0000,0.0000,0.0000,32,0,0,0,0,47,0,0,0,0
zc,TA209,2012-06-07 09:03:33.387,7324.0000,490128,6,0.0000,60.0000,33,27,空开,S,7324.0000,0.0000,0.0000,0.0000,0.0000,7326.0000,0.0000,0.0000,0.0000,0.0000,4,0,0,0,0,52,0,0,0,0
zc,TA209,2012-06-07 09:03:34.137,7324.0000,490114,-14,0.0000,32.0000,9,23,多平,S,7324.0000,0.0000,0.0000,0.0000,0.0000,7326.0000,0.0000,0.0000,0.0000,0.0000,1,0,0,0,0,47,0,0,0,0
zc,TA209,2012-06-07 09:03:34.637,7324.0000,490114,0,0.0000,22.0000,11,11,空换,S,7324.0000,0.0000,0.0000,0.0000,0.0000,7326.0000,0.0000,0.0000,0.0000,0.0000,7,0,0,0,0,53,0,0,0,0
zc,TA209,2012-06-07 09:03:35.400,7324.0000,490104,-10,0.0000,44.0000,17,27,多平,S,7322.0000,0.0000,0.0000,0.0000,0.0000,7324.0000,0.0000,0.0000,0.0000,0.0000,75,0,0,0,0,120,0,0,0,0
zc,TA209,2012-06-07 09:03:35.870,7324.0000,490114,10,0.0000,18.0000,14,4,空开,S,7322.0000,0.0000,0.0000,0.0000,0.0000,7324.0000,0.0000,0.0000,0.0000,0.0000,114,0,0,0,0,221,0,0,0,0
zc,TA209,2012-06-07 09:03:36.637,7322.0000,490114,0,0.0000,10.0000,5,5,空换,S,7322.0000,0.0000,0.0000,0.0000,0.0000,7324.0000,0.0000,0.0000,0.0000,0.0000,111,0,0,0,0,228,0,0,0,0
zc,TA209,2012-06-07 09:03:37.103,7324.0000,490126,12,0.0000,30.0000,21,9,多开,B,7322.0000,0.0000,0.0000,0.0000,0.0000,7324.0000,0.0000,0.0000,0.0000,0.0000,109,0,0,0,0,215,0,0,0,0
zc,TA209,2012-06-07 09:03:37.587,7324.0000,490250,124,0.0000,164.0000,144,20,多开,B,7322.0000,0.0000,0.0000,0.0000,0.0000,7324.0000,0.0000,0.0000,0.0000,0.0000,85,0,0,0,0,215,0,0,0,0
zc,TA209,2012-06-07 09:03:38.400,7320.0000,490436,186,0.0000,496.0000,341,155,空开,S,7320.0000,0.0000,0.0000,0.0000,0.0000,7322.0000,0.0000,0.0000,0.0000,0.0000,442,0,0,0,0,65,0,0,0,0
zc,TA209,2012-06-07 09:03:39.137,7320.0000,490382,-54,0.0000,56.0000,1,55,多平,S,7320.0000,0.0000,0.0000,0.0000,0.0000,7322.0000,0.0000,0.0000,0.0000,0.0000,429,0,0,0,0,70,0,0,0,0
zc,TA209,2012-06-07 09:03:39.620,7320.0000,490282,-100,0.0000,182.0000,41,141,多平,S,7320.0000,0.0000,0.0000,0.0000,0.0000,7324.0000,0.0000,0.0000,0.0000,0.0000,419,0,0,0,0,273,0,0,0,0
zc,TA209,2012-06-07 09:03:40.400,7322.0000,490232,-50,0.0000,254.0000,102,152,空平,B,7320.0000,0.0000,0.0000,0.0000,0.0000,7322.0000,0.0000,0.0000,0.0000,0.0000,295,0,0,0,0,32,0,0,0,0
zc,TA209,2012-06-07 09:03:40.887,7322.0000,489752,-480,0.0000,1030.0000,275,755,空平,B,7320.0000,0.0000,0.0000,0.0000,0.0000,7322.0000,0.0000,0.0000,0.0000,0.0000,291,0,0,0,0,1,0,0,0,0
zc,TA209,2012-06-07 09:03:41.900,7320.0000,489716,-36,0.0000,40.0000,2,38,多平,S,7320.0000,0.0000,0.0000,0.0000,0.0000,7322.0000,0.0000,0.0000,0.0000,0.0000,274,0,0,0,0,5,0,0,0,0
zc,TA209,2012-06-07 09:03:42.370,7322.0000,489708,-8,0.0000,24.0000,8,16,空平,B,7320.0000,0.0000,0.0000,0.0000,0.0000,7324.0000,0.0000,0.0000,0.0000,0.0000,269,0,0,0,0,41,0,0,0,0
zc,TA209,2012-06-07 09:03:43.150,7320.0000,489702,-6,0.0000,24.0000,9,15,多平,S,7320.0000,0.0000,0.0000,0.0000,0.0000,7322.0000,0.0000,0.0000,0.0000,0.0000,270,0,0,0,0,1,0,0,0,0
zc,TA209,2012-06-07 09:03:43.620,7324.0000,489742,40,0.0000,68.0000,54,14,多开,B,7322.0000,0.0000,0.0000,0.0000,0.0000,7324.0000,0.0000,0.0000,0.0000,0.0000,71,0,0,0,0,24,0,0,0,0
zc,TA209,2012-06-07 09:03:44.417,7322.0000,489648,-94,0.0000,102.0000,4,98,多平,S,7322.0000,0.0000,0.0000,0.0000,0.0000,7324.0000,0.0000,0.0000,0.0000,0.0000,25,0,0,0,0,20,0,0,0,0
zc,TA209,2012-06-07 09:03:44.870,7322.0000,489440,-208,0.0000,228.0000,10,218,多平,S,7320.0000,0.0000,0.0000,0.0000,0.0000,7322.0000,0.0000,0.0000,0.0000,0.0000,186,0,0,0,0,3,0,0,0,0
zc,TA209,2012-06-07 09:03:45.637,7324.0000,489470,30,0.0000,74.0000,52,22,多开,B,7324.0000,0.0000,0.0000,0.0000,0.0000,7326.0000,0.0000,0.0000,0.0000,0.0000,5,0,0,0,0,65,0,0,0,0
zc,TA209,2012-06-07 09:03:46.137,7326.0000,489428,-42,0.0000,178.0000,68,110,空平,B,7320.0000,0.0000,0.0000,0.0000,0.0000,7322.0000,0.0000,0.0000,0.0000,0.0000,180,0,0,0,0,31,0,0,0,0
zc,TA209,2012-06-07 09:03:46.887,7322.0000,489362,-66,0.0000,86.0000,10,76,多平,S,7322.0000,0.0000,0.0000,0.0000,0.0000,7326.0000,0.0000,0.0000,0.0000,0.0000,84,0,0,0,0,53,0,0,0,0
zc,TA209,2012-06-07 09:03:47.667,7322.0000,489348,-14,0.0000,22.0000,4,18,多平,S,7322.0000,0.0000,0.0000,0.0000,0.0000,7324.0000,0.0000,0.0000,0.0000,0.0000,74,0,0,0,0,5,0,0,0,0
zc,TA209,2012-06-07 09:03:48.400,7320.0000,489082,-266,0.0000,280.0000,7,273,多平,S,7320.0000,0.0000,0.0000,0.0000,0.0000,7322.0000,0.0000,0.0000,0.0000,0.0000,176,0,0,0,0,124,0,0,0,0
zc,TA209,2012-06-07 09:03:48.870,7322.0000,489026,-56,0.0000,66.0000,5,61,空平,B,7320.0000,0.0000,0.0000,0.0000,0.0000,7322.0000,0.0000,0.0000,0.0000,0.0000,174,0,0,0,0,93,0,0,0,0
zc,TA209,2012-06-07 09:03:49.620,7322.0000,489024,-2,0.0000,10.0000,4,6,空平,B,7320.0000,0.0000,0.0000,0.0000,0.0000,7322.0000,0.0000,0.0000,0.0000,0.0000,177,0,0,0,0,103,0,0,0,0
zc,TA209,2012-06-07 09:03:50.103,7322.0000,489024,0,0.0000,42.0000,21,21,多换,B,7320.0000,0.0000,0.0000,0.0000,0.0000,7322.0000,0.0000,0.0000,0.0000,0.0000,177,0,0,0,0,82,0,0,0,0
zc,TA209,2012-06-07 09:03:50.887,7320.0000,489024,0,0.0000,64.0000,32,32,空换,S,7320.0000,0.0000,0.0000,0.0000,0.0000,7322.0000,0.0000,0.0000,0.0000,0.0000,149,0,0,0,0,82,0,0,0,0
zc,TA209,2012-06-07 09:03:51.370,7322.0000,488950,-74,0.0000,118.0000,22,96,空平,B,7320.0000,0.0000,0.0000,0.0000,0.0000,7322.0000,0.0000,0.0000,0.0000,0.0000,151,0,0,0,0,25,0,0,0,0
zc,TA209,2012-06-07 09:03:51.870,7322.0000,488958,8,0.0000,16.0000,12,4,多开,B,7320.0000,0.0000,0.0000,0.0000,0.0000,7322.0000,0.0000,0.0000,0.0000,0.0000,150,0,0,0,0,19,0,0,0,0
zc,TA209,2012-06-07 09:03:52.370,7322.0000,488962,4,0.0000,70.0000,37,33,多开,B,7322.0000,0.0000,0.0000,0.0000,0.0000,7324.0000,0.0000,0.0000,0.0000,0.0000,12,0,0,0,0,19,0,0,0,0
zc,TA209,2012-06-07 09:03:53.150,7320.0000,488974,12,0.0000,32.0000,22,10,空开,S,7320.0000,0.0000,0.0000,0.0000,0.0000,7324.0000,0.0000,0.0000,0.0000,0.0000,131,0,0,0,0,16,0,0,0,0
zc,TA209,2012-06-07 09:03:53.650,7322.0000,488884,-90,0.0000,110.0000,10,100,空平,B,7322.0000,0.0000,0.0000,0.0000,0.0000,7324.0000,0.0000,0.0000,0.0000,0.0000,65,0,0,0,0,53,0,0,0,0
zc,TA209,2012-06-07 09:03:54.337,7324.0000,488850,-34,0.0000,58.0000,12,46,空平,B,7322.0000,0.0000,0.0000,0.0000,0.0000,7324.0000,0.0000,0.0000,0.0000,0.0000,53,0,0,0,0,48,0,0,0,0
zc,TA209,2012-06-07 09:03:55.137,7322.0000,488780,-70,0.0000,100.0000,15,85,多平,S,7322.0000,0.0000,0.0000,0.0000,0.0000,7324.0000,0.0000,0.0000,0.0000,0.0000,22,0,0,0,0,33,0,0,0,0
zc,TA209,2012-06-07 09:03:55.637,7324.0000,488780,0,0.0000,8.0000,4,4,多换,B,7322.0000,0.0000,0.0000,0.0000,0.0000,7324.0000,0.0000,0.0000,0.0000,0.0000,19,0,0,0,0,31,0,0,0,0
zc,TA209,2012-06-07 09:03:56.370,7322.0000,488780,0,0.0000,22.0000,11,11,空换,S,7322.0000,0.0000,0.0000,0.0000,0.0000,7324.0000,0.0000,0.0000,0.0000,0.0000,29,0,0,0,0,42,0,0,0,0
zc,TA209,2012-06-07 09:03:57.620,7324.0000,488794,14,0.0000,44.0000,29,15,多开,B,7322.0000,0.0000,0.0000,0.0000,0.0000,7324.0000,0.0000,0.0000,0.0000,0.0000,29,0,0,0,0,138,0,0,0,0
zc,TA209,2012-06-07 09:03:58.150,7322.0000,488806,12,0.0000,88.0000,50,38,空开,S,7322.0000,0.0000,0.0000,0.0000,0.0000,7324.0000,0.0000,0.0000,0.0000,0.0000,10,0,0,0,0,121,0,0,0,0
zc,TA209,2012-06-07 09:03:58.587,7322.0000,488814,8,0.0000,12.0000,10,2,空开,S,7322.0000,0.0000,0.0000,0.0000,0.0000,7324.0000,0.0000,0.0000,0.0000,0.0000,6,0,0,0,0,175,0,0,0,0
zc,TA209,2012-06-07 09:03:59.087,7322.0000,488818,4,0.0000,32.0000,18,14,空开,S,7322.0000,0.0000,0.0000,0.0000,0.0000,7324.0000,0.0000,0.0000,0.0000,0.0000,40,0,0,0,0,168,0,0,0,0
zc,TA209,2012-06-07 09:03:59.887,7320.0000,488792,-26,0.0000,124.0000,49,75,多平,S,7322.0000,0.0000,0.0000,0.0000,0.0000,7324.0000,0.0000,0.0000,0.0000,0.0000,1,0,0,0,0,170,0,0,0,0
zc,TA209,2012-06-07 09:04:00.400,7322.0000,488788,-4,0.0000,30.0000,13,17,空平,B,7320.0000,0.0000,0.0000,0.0000,0.0000,7322.0000,0.0000,0.0000,0.0000,0.0000,222,0,0,0,0,492,0,0,0,0
zc,TA209,2012-06-07 09:04:01.103,7322.0000,488788,0,0.0000,20.0000,10,10,多换,B,7320.0000,0.0000,0.0000,0.0000,0.0000,7322.0000,0.0000,0.0000,0.0000,0.0000,157,0,0,0,0,484,0,0,0,0
zc,TA209,2012-06-07 09:04:01.603,7320.0000,488946,158,0.0000,256.0000,207,49,空开,S,7320.0000,0.0000,0.0000,0.0000,0.0000,7322.0000,0.0000,0.0000,0.0000,0.0000,38,0,0,0,0,500,0,0,0,0
zc,TA209,2012-06-07 09:04:02.353,7322.0000,488950,4,0.0000,32.0000,18,14,多开,B,7320.0000,0.0000,0.0000,0.0000,0.0000,7322.0000,0.0000,0.0000,0.0000,0.0000,33,0,0,0,0,490,0,0,0,0
zc,TA209,2012-06-07 09:04:02.870,7320.0000,488954,4,0.0000,18.0000,11,7,空开,S,7320.0000,0.0000,0.0000,0.0000,0.0000,7322.0000,0.0000,0.0000,0.0000,0.0000,27,0,0,0,0,493,0,0,0,0
zc,TA209,2012-06-07 09:04:03.620,7322.0000,488956,2,0.0000,192.0000,97,95,多开,B,7320.0000,0.0000,0.0000,0.0000,0.0000,7322.0000,0.0000,0.0000,0.0000,0.0000,23,0,0,0,0,411,0,0,0,0
zc,TA209,2012-06-07 09:04:04.103,7320.0000,488940,-16,0.0000,86.0000,35,51,多平,S,7320.0000,0.0000,0.0000,0.0000,0.0000,7322.0000,0.0000,0.0000,0.0000,0.0000,11,0,0,0,0,381,0,0,0,0
zc,TA209,2012-06-07 09:04:04.900,7320.0000,488922,-18,0.0000,246.0000,114,132,多平,S,7318.0000,0.0000,0.0000,0.0000,0.0000,7320.0000,0.0000,0.0000,0.0000,0.0000,69,0,0,0,0,16,0,0,0,0
zc,TA209,2012-06-07 09:04:05.650,7322.0000,488102,-820,0.0000,1020.0000,100,920,空平,B,7322.0000,0.0000,0.0000,0.0000,0.0000,7324.0000,0.0000,0.0000,0.0000,0.0000,2,0,0,0,0,57,0,0,0,0
zc,TA209,2012-06-07 09:04:05.870,7320.0000,488092,-10,0.0000,20.0000,5,15,多平,S,7318.0000,0.0000,0.0000,0.0000,0.0000,7320.0000,0.0000,0.0000,0.0000,0.0000,199,0,0,0,0,6,0,0,0,0
zc,TA209,2012-06-07 09:04:06.900,7318.0000,488018,-74,0.0000,120.0000,23,97,多平,S,7318.0000,0.0000,0.0000,0.0000,0.0000,7324.0000,0.0000,0.0000,0.0000,0.0000,188,0,0,0,0,61,0,0,0,0
zc,TA209,2012-06-07 09:04:07.417,7322.0000,487934,-84,0.0000,88.0000,2,86,空平,B,7322.0000,0.0000,0.0000,0.0000,0.0000,7324.0000,0.0000,0.0000,0.0000,0.0000,22,0,0,0,0,63,0,0,0,0
zc,TA209,2012-06-07 09:04:08.120,7320.0000,487900,-34,0.0000,94.0000,30,64,多平,S,7320.0000,0.0000,0.0000,0.0000,0.0000,7322.0000,0.0000,0.0000,0.0000,0.0000,29,0,0,0,0,14,0,0,0,0
zc,TA209,2012-06-07 09:04:08.650,7322.0000,487836,-64,0.0000,118.0000,27,91,空平,B,7320.0000,0.0000,0.0000,0.0000,0.0000,7322.0000,0.0000,0.0000,0.0000,0.0000,59,0,0,0,0,9,0,0,0,0
zc,TA209,2012-06-07 09:04:09.400,7320.0000,487846,10,0.0000,42.0000,26,16,空开,S,7320.0000,0.0000,0.0000,0.0000,0.0000,7322.0000,0.0000,0.0000,0.0000,0.0000,280,0,0,0,0,6,0,0,0,0
zc,TA209,2012-06-07 09:04:09.853,7320.0000,487836,-10,0.0000,26.0000,8,18,多平,S,7320.0000,0.0000,0.0000,0.0000,0.0000,7322.0000,0.0000,0.0000,0.0000,0.0000,276,0,0,0,0,24,0,0,0,0
zc,TA209,2012-06-07 09:04:10.370,7320.0000,487840,4,0.0000,4.0000,4,0,双开,S,7320.0000,0.0000,0.0000,0.0000,0.0000,7322.0000,0.0000,0.0000,0.0000,0.0000,277,0,0,0,0,26,0,0,0,0
zc,TA209,2012-06-07 09:04:10.870,7322.0000,487802,-38,0.0000,58.0000,10,48,空平,B,7322.0000,0.0000,0.0000,0.0000,0.0000,7324.0000,0.0000,0.0000,0.0000,0.0000,6,0,0,0,0,160,0,0,0,0
zc,TA209,2012-06-07 09:04:11.900,7324.0000,487802,0,0.0000,56.0000,28,28,多换,B,7320.0000,0.0000,0.0000,0.0000,0.0000,7324.0000,0.0000,0.0000,0.0000,0.0000,256,0,0,0,0,146,0,0,0,0
zc,TA209,2012-06-07 09:04:12.353,7322.0000,487898,96,0.0000,118.0000,107,11,空开,S,7320.0000,0.0000,0.0000,0.0000,0.0000,7322.0000,0.0000,0.0000,0.0000,0.0000,199,0,0,0,0,2,0,0,0,0
zc,TA209,2012-06-07 09:04:13.120,7320.0000,488268,370,0.0000,404.0000,387,17,空开,S,7318.0000,0.0000,0.0000,0.0000,0.0000,7320.0000,0.0000,0.0000,0.0000,0.0000,193,0,0,0,0,2,0,0,0,0
zc,TA209,2012-06-07 09:04:13.337,7320.0000,488274,6,0.0000,8.0000,7,1,空开,S,7318.0000,0.0000,0.0000,0.0000,0.0000,7320.0000,0.0000,0.0000,0.0000,0.0000,243,0,0,0,0,8,0,0,0,0
zc,TA209,2012-06-07 09:04:14.137,7322.0000,488218,-56,0.0000,68.0000,6,62,空平,B,7320.0000,0.0000,0.0000,0.0000,0.0000,7322.0000,0.0000,0.0000,0.0000,0.0000,6,0,0,0,0,52,0,0,0,0
zc,TA209,2012-06-07 09:04:14.603,7320.0000,488144,-74,0.0000,84.0000,5,79,多平,S,7320.0000,0.0000,0.0000,0.0000,0.0000,7322.0000,0.0000,0.0000,0.0000,0.0000,468,0,0,0,0,62,0,0,0,0
zc,TA209,2012-06-07 09:04:15.370,7322.0000,488052,-92,0.0000,126.0000,17,109,空平,B,7320.0000,0.0000,0.0000,0.0000,0.0000,7322.0000,0.0000,0.0000,0.0000,0.0000,417,0,0,0,0,58,0,0,0,0
zc,TA209,2012-06-07 09:04:16.103,7322.0000,488052,0,0.0000,0.0000,0,0,多换,B,7320.0000,0.0000,0.0000,0.0000,0.0000,7322.0000,0.0000,0.0000,0.0000,0.0000,417,0,0,0,0,54,0,0,0,0
zc,TA209,2012-06-07 09:04:16.900,7324.0000,487970,-82,0.0000,658.0000,288,370,空平,B,7324.0000,0.0000,0.0000,0.0000,0.0000,7326.0000,0.0000,0.0000,0.0000,0.0000,231,0,0,0,0,81,0,0,0,0
zc,TA209,2012-06-07 09:04:17.370,7324.0000,487886,-84,0.0000,134.0000,25,109,空平,B,7324.0000,0.0000,0.0000,0.0000,0.0000,7326.0000,0.0000,0.0000,0.0000,0.0000,216,0,0,0,0,49,0,0,0,0
zc,TA209,2012-06-07 09:04:18.150,7326.0000,487932,46,0.0000,172.0000,109,63,多开,B,7326.0000,0.0000,0.0000,0.0000,0.0000,7328.0000,0.0000,0.0000,0.0000,0.0000,25,0,0,0,0,84,0,0,0,0
zc,TA209,2012-06-07 09:04:18.620,7326.0000,487950,18,0.0000,36.0000,27,9,多开,B,7326.0000,0.0000,0.0000,0.0000,0.0000,7328.0000,0.0000,0.0000,0.0000,0.0000,8,0,0,0,0,79,0,0,0,0
zc,TA209,2012-06-07 09:04:19.103,7326.0000,487952,2,0.0000,20.0000,11,9,多开,B,7326.0000,0.0000,0.0000,0.0000,0.0000,7328.0000,0.0000,0.0000,0.0000,0.0000,11,0,0,0,0,82,0,0,0,0
zc,TA209,2012-06-07 09:04:19.900,7326.0000,487890,-62,0.0000,90.0000,14,76,空平,B,7324.0000,0.0000,0.0000,0.0000,0.0000,7326.0000,0.0000,0.0000,0.0000,0.0000,172,0,0,0,0,10,0,0,0,0
zc,TA209,2012-06-07 09:04:20.387,7328.0000,487866,-24,0.0000,38.0000,7,31,空平,B,7326.0000,0.0000,0.0000,0.0000,0.0000,7328.0000,0.0000,0.0000,0.0000,0.0000,7,0,0,0,0,63,0,0,0,0
zc,TA209,2012-06-07 09:04:21.150,7328.0000,487834,-32,0.0000,38.0000,3,35,空平,B,7326.0000,0.0000,0.0000,0.0000,0.0000,7328.0000,0.0000,0.0000,0.0000,0.0000,2,0,0,0,0,60,0,0,0,0
zc,TA209,2012-06-07 09:04:21.870,7328.0000,487836,2,0.0000,34.0000,18,16,多开,B,7326.0000,0.0000,0.0000,0.0000,0.0000,7328.0000,0.0000,0.0000,0.0000,0.0000,34,0,0,0,0,59,0,0,0,0
zc,TA209,2012-06-07 09:04:22.683,7328.0000,487822,-14,0.0000,34.0000,10,24,空平,B,7326.0000,0.0000,0.0000,0.0000,0.0000,7328.0000,0.0000,0.0000,0.0000,0.0000,25,0,0,0,0,51,0,0,0,0
zc,TA209,2012-06-07 09:04:22.887,7328.0000,487734,-88,0.0000,134.0000,23,111,空平,B,7328.0000,0.0000,0.0000,0.0000,0.0000,7330.0000,0.0000,0.0000,0.0000,0.0000,97,0,0,0,0,728,0,0,0,0
zc,TA209,2012-06-07 09:04:23.887,7326.0000,487734,0,0.0000,430.0000,215,215,空换,S,7324.0000,0.0000,0.0000,0.0000,0.0000,7326.0000,0.0000,0.0000,0.0000,0.0000,147,0,0,0,0,34,0,0,0,0
zc,TA209,2012-06-07 09:04:24.370,7328.0000,487874,140,0.0000,150.0000,145,5,多开,B,7328.0000,0.0000,0.0000,0.0000,0.0000,7330.0000,0.0000,0.0000,0.0000,0.0000,83,0,0,0,0,729,0,0,0,0
zc,TA209,2012-06-07 09:04:25.120,7328.0000,487880,6,0.0000,54.0000,30,24,多开,B,7328.0000,0.0000,0.0000,0.0000,0.0000,7330.0000,0.0000,0.0000,0.0000,0.0000,67,0,0,0,0,732,0,0,0,0
zc,TA209,2012-06-07 09:04:25.603,7330.0000,487900,20,0.0000,48.0000,34,14,多开,B,7328.0000,0.0000,0.0000,0.0000,0.0000,7330.0000,0.0000,0.0000,0.0000,0.0000,54,0,0,0,0,721,0,0,0,0
zc,TA209,2012-06-07 09:04:26.323,7328.0000,487902,2,0.0000,24.0000,13,11,空开,S,7328.0000,0.0000,0.0000,0.0000,0.0000,7330.0000,0.0000,0.0000,0.0000,0.0000,48,0,0,0,0,717,0,0,0,0
zc,TA209,2012-06-07 09:04:26.603,7330.0000,487946,44,0.0000,44.0000,44,0,双开,B,7328.0000,0.0000,0.0000,0.0000,0.0000,7330.0000,0.0000,0.0000,0.0000,0.0000,28,0,0,0,0,717,0,0,0,0
zc,TA209,2012-06-07 09:04:27.353,7328.0000,487946,0,0.0000,32.0000,16,16,空换,S,7328.0000,0.0000,0.0000,0.0000,0.0000,7330.0000,0.0000,0.0000,0.0000,0.0000,13,0,0,0,0,717,0,0,0,0
zc,TA209,2012-06-07 09:04:27.853,7328.0000,487942,-4,0.0000,20.0000,8,12,多平,S,7328.0000,0.0000,0.0000,0.0000,0.0000,7330.0000,0.0000,0.0000,0.0000,0.0000,30,0,0,0,0,708,0,0,0,0
zc,TA209,2012-06-07 09:04:28.637,7328.0000,487942,0,0.0000,76.0000,38,38,空换,S,7326.0000,0.0000,0.0000,0.0000,0.0000,7328.0000,0.0000,0.0000,0.0000,0.0000,22,0,0,0,0,12,0,0,0,0
zc,TA209,2012-06-07 09:04:29.120,7328.0000,487944,2,0.0000,12.0000,7,5,空开,S,7326.0000,0.0000,0.0000,0.0000,0.0000,7328.0000,0.0000,0.0000,0.0000,0.0000,86,0,0,0,0,17,0,0,0,0
zc,TA209,2012-06-07 09:04:29.870,7328.0000,487968,24,0.0000,42.0000,33,9,空开,S,7328.0000,0.0000,0.0000,0.0000,0.0000,7330.0000,0.0000,0.0000,0.0000,0.0000,2,0,0,0,0,717,0,0,0,0
zc,TA209,2012-06-07 09:04:30.603,7328.0000,487966,-2,0.0000,16.0000,7,9,多平,S,7326.0000,0.0000,0.0000,0.0000,0.0000,7328.0000,0.0000,0.0000,0.0000,0.0000,115,0,0,0,0,29,0,0,0,0
zc,TA209,2012-06-07 09:04:31.103,7328.0000,487922,-44,0.0000,58.0000,7,51,多平,S,7326.0000,0.0000,0.0000,0.0000,0.0000,7328.0000,0.0000,0.0000,0.0000,0.0000,115,0,0,0,0,8,0,0,0,0
zc,TA209,2012-06-07 09:04:31.900,7328.0000,487912,-10,0.0000,22.0000,6,16,多平,S,7326.0000,0.0000,0.0000,0.0000,0.0000,7328.0000,0.0000,0.0000,0.0000,0.0000,141,0,0,0,0,28,0,0,0,0
zc,TA209,2012-06-07 09:04:32.650,7328.0000,487896,-16,0.0000,70.0000,27,43,多平,S,7328.0000,0.0000,0.0000,0.0000,0.0000,7330.0000,0.0000,0.0000,0.0000,0.0000,36,0,0,0,0,733,0,0,0,0
zc,TA209,2012-06-07 09:04:33.103,7330.0000,487884,-12,0.0000,40.0000,14,26,空平,B,7328.0000,0.0000,0.0000,0.0000,0.0000,7330.0000,0.0000,0.0000,0.0000,0.0000,529,0,0,0,0,748,0,0,0,0
zc,TA209,2012-06-07 09:04:33.603,7328.0000,487770,-114,0.0000,126.0000,6,120,多平,S,7328.0000,0.0000,0.0000,0.0000,0.0000,7330.0000,0.0000,0.0000,0.0000,0.0000,468,0,0,0,0,752,0,0,0,0
zc,TA209,2012-06-07 09:04:34.370,7328.0000,487732,-38,0.0000,104.0000,33,71,多平,S,7328.0000,0.0000,0.0000,0.0000,0.0000,7330.0000,0.0000,0.0000,0.0000,0.0000,478,0,0,0,0,920,0,0,0,0
zc,TA209,2012-06-07 09:04:34.900,7330.0000,487800,68,0.0000,160.0000,114,46,多开,B,7328.0000,0.0000,0.0000,0.0000,0.0000,7330.0000,0.0000,0.0000,0.0000,0.0000,477,0,0,0,0,875,0,0,0,0
zc,TA209,2012-06-07 09:04:35.603,7330.0000,487704,-96,0.0000,150.0000,27,123,空平,B,7328.0000,0.0000,0.0000,0.0000,0.0000,7330.0000,0.0000,0.0000,0.0000,0.0000,473,0,0,0,0,806,0,0,0,0
zc,TA209,2012-06-07 09:04:36.353,7328.0000,487658,-46,0.0000,124.0000,39,85,多平,S,7328.0000,0.0000,0.0000,0.0000,0.0000,7330.0000,0.0000,0.0000,0.0000,0.0000,451,0,0,0,0,767,0,0,0,0
zc,TA209,2012-06-07 09:04:36.900,7330.0000,487638,-20,0.0000,172.0000,76,96,空平,B,7328.0000,0.0000,0.0000,0.0000,0.0000,7330.0000,0.0000,0.0000,0.0000,0.0000,428,0,0,0,0,701,0,0,0,0
zc,TA209,2012-06-07 09:04:37.337,7330.0000,487638,0,0.0000,0.0000,0,0,多换,B,7328.0000,0.0000,0.0000,0.0000,0.0000,7330.0000,0.0000,0.0000,0.0000,0.0000,448,0,0,0,0,701,0,0,0,0
zc,TA209,2012-06-07 09:04:38.120,7328.0000,487552,-86,0.0000,226.0000,70,156,多平,S,7328.0000,0.0000,0.0000,0.0000,0.0000,7330.0000,0.0000,0.0000,0.0000,0.0000,406,0,0,0,0,636,0,0,0,0
zc,TA209,2012-06-07 09:04:38.637,7330.0000,487592,40,0.0000,40.0000,40,0,双开,B,7328.0000,0.0000,0.0000,0.0000,0.0000,7330.0000,0.0000,0.0000,0.0000,0.0000,416,0,0,0,0,614,0,0,0,0
zc,TA209,2012-06-07 09:04:39.337,7330.0000,487570,-22,0.0000,68.0000,23,45,空平,B,7328.0000,0.0000,0.0000,0.0000,0.0000,7330.0000,0.0000,0.0000,0.0000,0.0000,383,0,0,0,0,601,0,0,0,0
zc,TA209,2012-06-07 09:04:39.837,7330.0000,487576,6,0.0000,48.0000,27,21,多开,B,7328.0000,0.0000,0.0000,0.0000,0.0000,7330.0000,0.0000,0.0000,0.0000,0.0000,379,0,0,0,0,584,0,0,0,0
zc,TA209,2012-06-07 09:04:40.587,7328.0000,487546,-30,0.0000,46.0000,8,38,多平,S,7328.0000,0.0000,0.0000,0.0000,0.0000,7330.0000,0.0000,0.0000,0.0000,0.0000,361,0,0,0,0,594,0,0,0,0
zc,TA209,2012-06-07 09:04:41.120,7330.0000,487548,2,0.0000,86.0000,44,42,多开,B,7328.0000,0.0000,0.0000,0.0000,0.0000,7330.0000,0.0000,0.0000,0.0000,0.0000,351,0,0,0,0,571,0,0,0,0
zc,TA209,2012-06-07 09:04:42.150,7328.0000,487568,20,0.0000,390.0000,205,185,空开,S,7328.0000,0.0000,0.0000,0.0000,0.0000,7330.0000,0.0000,0.0000,0.0000,0.0000,338,0,0,0,0,391,0,0,0,0
zc,TA209,2012-06-07 09:04:42.620,7328.0000,487516,-52,0.0000,384.0000,166,218,多平,S,7328.0000,0.0000,0.0000,0.0000,0.0000,7330.0000,0.0000,0.0000,0.0000,0.0000,186,0,0,0,0,358,0,0,0,0
zc,TA209,2012-06-07 09:04:43.370,7330.0000,487472,-44,0.0000,152.0000,54,98,空平,B,7328.0000,0.0000,0.0000,0.0000,0.0000,7330.0000,0.0000,0.0000,0.0000,0.0000,136,0,0,0,0,405,0,0,0,0
zc,TA209,2012-06-07 09:04:43.900,7328.0000,487472,0,0.0000,10.0000,5,5,空换,S,7328.0000,0.0000,0.0000,0.0000,0.0000,7330.0000,0.0000,0.0000,0.0000,0.0000,139,0,0,0,0,769,0,0,0,0
zc,TA209,2012-06-07 09:04:44.620,7328.0000,487392,-80,0.0000,104.0000,12,92,多平,S,7328.0000,0.0000,0.0000,0.0000,0.0000,7330.0000,0.0000,0.0000,0.0000,0.0000,88,0,0,0,0,770,0,0,0,0
zc,TA209,2012-06-07 09:04:44.870,7330.0000,487012,-380,0.0000,1178.0000,399,779,空平,B,7326.0000,0.0000,0.0000,0.0000,0.0000,7330.0000,0.0000,0.0000,0.0000,0.0000,55,0,0,0,0,299,0,0,0,0
zc,TA209,2012-06-07 09:04:45.637,7328.0000,486972,-40,0.0000,44.0000,2,42,多平,S,7326.0000,0.0000,0.0000,0.0000,0.0000,7328.0000,0.0000,0.0000,0.0000,0.0000,55,0,0,0,0,26,0,0,0,0
zc,TA209,2012-06-07 09:04:46.137,7326.0000,487002,30,0.0000,44.0000,37,7,空开,S,7326.0000,0.0000,0.0000,0.0000,0.0000,7328.0000,0.0000,0.0000,0.0000,0.0000,33,0,0,0,0,29,0,0,0,0
zc,TA209,2012-06-07 09:04:46.870,7328.0000,486958,-44,0.0000,98.0000,27,71,空平,B,7326.0000,0.0000,0.0000,0.0000,0.0000,7328.0000,0.0000,0.0000,0.0000,0.0000,33,0,0,0,0,37,0,0,0,0
zc,TA209,2012-06-07 09:04:47.370,7326.0000,486958,0,0.0000,4.0000,2,2,空换,S,7326.0000,0.0000,0.0000,0.0000,0.0000,7328.0000,0.0000,0.0000,0.0000,0.0000,160,0,0,0,0,57,0,0,0,0
zc,TA209,2012-06-07 09:04:47.853,7326.0000,486952,-6,0.0000,36.0000,15,21,多平,S,7326.0000,0.0000,0.0000,0.0000,0.0000,7328.0000,0.0000,0.0000,0.0000,0.0000,156,0,0,0,0,43,0,0,0,0
zc,TA209,2012-06-07 09:04:48.620,7328.0000,486956,4,0.0000,4.0000,4,0,双开,B,7326.0000,0.0000,0.0000,0.0000,0.0000,7328.0000,0.0000,0.0000,0.0000,0.0000,156,0,0,0,0,52,0,0,0,0
zc,TA209,2012-06-07 09:04:49.103,7328.0000,486962,6,0.0000,8.0000,7,1,多开,B,7326.0000,0.0000,0.0000,0.0000,0.0000,7328.0000,0.0000,0.0000,0.0000,0.0000,155,0,0,0,0,49,0,0,0,0
zc,TA209,2012-06-07 09:04:49.853,7326.0000,486970,8,0.0000,12.0000,10,2,空开,S,7326.0000,0.0000,0.0000,0.0000,0.0000,7328.0000,0.0000,0.0000,0.0000,0.0000,153,0,0,0,0,50,0,0,0,0
zc,TA209,2012-06-07 09:04:50.120,7328.0000,486874,-96,0.0000,142.0000,23,119,空平,B,7328.0000,0.0000,0.0000,0.0000,0.0000,7330.0000,0.0000,0.0000,0.0000,0.0000,130,0,0,0,0,637,0,0,0,0
zc,TA209,2012-06-07 09:04:50.823,7328.0000,486770,-104,0.0000,134.0000,15,119,空平,B,7328.0000,0.0000,0.0000,0.0000,0.0000,7330.0000,0.0000,0.0000,0.0000,0.0000,70,0,0,0,0,637,0,0,0,0
zc,TA209,2012-06-07 09:04:51.650,7328.0000,486886,116,0.0000,580.0000,348,232,多开,B,7328.0000,0.0000,0.0000,0.0000,0.0000,7330.0000,0.0000,0.0000,0.0000,0.0000,21,0,0,0,0,639,0,0,0,0
zc,TA209,2012-06-07 09:04:52.337,7328.0000,486886,0,0.0000,4.0000,2,2,多换,B,7328.0000,0.0000,0.0000,0.0000,0.0000,7330.0000,0.0000,0.0000,0.0000,0.0000,24,0,0,0,0,642,0,0,0,0
zc,TA209,2012-06-07 09:04:52.870,7330.0000,486822,-64,0.0000,100.0000,18,82,空平,B,7326.0000,0.0000,0.0000,0.0000,0.0000,7328.0000,0.0000,0.0000,0.0000,0.0000,11,0,0,0,0,8,0,0,0,0
zc,TA209,2012-06-07 09:04:53.307,7330.0000,486824,2,0.0000,2.0000,2,0,双开,B,7326.0000,0.0000,0.0000,0.0000,0.0000,7328.0000,0.0000,0.0000,0.0000,0.0000,11,0,0,0,0,11,0,0,0,0
zc,TA209,2012-06-07 09:04:54.120,7328.0000,486804,-20,0.0000,120.0000,50,70,多平,S,7324.0000,0.0000,0.0000,0.0000,0.0000,7328.0000,0.0000,0.0000,0.0000,0.0000,281,0,0,0,0,51,0,0,0,0
zc,TA209,2012-06-07 09:04:54.603,7328.0000,486836,32,0.0000,32.0000,32,0,双开,S,7326.0000,0.0000,0.0000,0.0000,0.0000,7328.0000,0.0000,0.0000,0.0000,0.0000,18,0,0,0,0,349,0,0,0,0
zc,TA209,2012-06-07 09:04:55.387,7326.0000,486872,36,0.0000,36.0000,36,0,双开,S,7324.0000,0.0000,0.0000,0.0000,0.0000,7326.0000,0.0000,0.0000,0.0000,0.0000,283,0,0,0,0,90,0,0,0,0
zc,TA209,2012-06-07 09:04:55.837,7326.0000,486872,0,0.0000,6.0000,3,3,空换,S,7324.0000,0.0000,0.0000,0.0000,0.0000,7326.0000,0.0000,0.0000,0.0000,0.0000,283,0,0,0,0,87,0,0,0,0
zc,TA209,2012-06-07 09:04:56.337,7324.0000,486892,20,0.0000,42.0000,31,11,空开,S,7324.0000,0.0000,0.0000,0.0000,0.0000,7326.0000,0.0000,0.0000,0.0000,0.0000,271,0,0,0,0,78,0,0,0,0
zc,TA209,2012-06-07 09:04:57.587,7324.0000,486906,14,0.0000,96.0000,55,41,空开,S,7324.0000,0.0000,0.0000,0.0000,0.0000,7326.0000,0.0000,0.0000,0.0000,0.0000,245,0,0,0,0,56,0,0,0,0
zc,TA209,2012-06-07 09:04:58.103,7326.0000,487056,150,0.0000,428.0000,289,139,多开,B,7324.0000,0.0000,0.0000,0.0000,0.0000,7326.0000,0.0000,0.0000,0.0000,0.0000,38,0,0,0,0,77,0,0,0,0
zc,TA209,2012-06-07 09:04:58.853,7324.0000,487098,42,0.0000,102.0000,72,30,空开,S,7324.0000,0.0000,0.0000,0.0000,0.0000,7326.0000,0.0000,0.0000,0.0000,0.0000,28,0,0,0,0,37,0,0,0,0
zc,TA209,2012-06-07 09:04:59.370,7326.0000,487172,74,0.0000,76.0000,75,1,多开,B,7326.0000,0.0000,0.0000,0.0000,0.0000,7328.0000,0.0000,0.0000,0.0000,0.0000,70,0,0,0,0,546,0,0,0,0
zc,TA209,2012-06-07 09:04:59.870,7326.0000,487176,4,0.0000,84.0000,44,40,多开,B,7326.0000,0.0000,0.0000,0.0000,0.0000,7328.0000,0.0000,0.0000,0.0000,0.0000,29,0,0,0,0,505,0,0,0,0
zc,TA209,2012-06-07 09:05:00.587,7328.0000,487208,32,0.0000,100.0000,66,34,多开,B,7326.0000,0.0000,0.0000,0.0000,0.0000,7328.0000,0.0000,0.0000,0.0000,0.0000,25,0,0,0,0,460,0,0,0,0
zc,TA209,2012-06-07 09:05:01.073,7326.0000,487210,2,0.0000,26.0000,14,12,空开,S,7326.0000,0.0000,0.0000,0.0000,0.0000,7328.0000,0.0000,0.0000,0.0000,0.0000,16,0,0,0,0,469,0,0,0,0
zc,TA209,2012-06-07 09:05:01.870,7326.0000,487206,-4,0.0000,46.0000,21,25,多平,S,7326.0000,0.0000,0.0000,0.0000,0.0000,7328.0000,0.0000,0.0000,0.0000,0.0000,12,0,0,0,0,452,0,0,0,0
zc,TA209,2012-06-07 09:05:02.587,7326.0000,487210,4,0.0000,44.0000,24,20,空开,S,7324.0000,0.0000,0.0000,0.0000,0.0000,7326.0000,0.0000,0.0000,0.0000,0.0000,69,0,0,0,0,18,0,0,0,0
zc,TA209,2012-06-07 09:05:03.353,7326.0000,487212,2,0.0000,18.0000,10,8,空开,S,7324.0000,0.0000,0.0000,0.0000,0.0000,7326.0000,0.0000,0.0000,0.0000,0.0000,69,0,0,0,0,13,0,0,0,0
zc,TA209,2012-06-07 09:05:03.900,7326.0000,487228,16,0.0000,50.0000,33,17,空开,S,7326.0000,0.0000,0.0000,0.0000,0.0000,7328.0000,0.0000,0.0000,0.0000,0.0000,9,0,0,0,0,441,0,0,0,0
zc,TA209,2012-06-07 09:05:04.620,7326.0000,487252,24,0.0000,42.0000,33,9,空开,S,7324.0000,0.0000,0.0000,0.0000,0.0000,7326.0000,0.0000,0.0000,0.0000,0.0000,68,0,0,0,0,201,0,0,0,0
zc,TA209,2012-06-07 09:05:05.087,7324.0000,487258,6,0.0000,16.0000,11,5,空开,S,7324.0000,0.0000,0.0000,0.0000,0.0000,7326.0000,0.0000,0.0000,0.0000,0.0000,69,0,0,0,0,200,0,0,0,0
zc,TA209,2012-06-07 09:05:05.853,7326.0000,487272,14,0.0000,14.0000,14,0,双开,B,7324.0000,0.0000,0.0000,0.0000,0.0000,7326.0000,0.0000,0.0000,0.0000,0.0000,175,0,0,0,0,196,0,0,0,0
zc,TA209,2012-06-07 09:05:06.323,7326.0000,487304,32,0.0000,32.0000,32,0,双开,B,7324.0000,0.0000,0.0000,0.0000,0.0000,7326.0000,0.0000,0.0000,0.0000,0.0000,168,0,0,0,0,189,0,0,0,0
zc,TA209,2012-06-07 09:05:07.103,7326.0000,487332,28,0.0000,34.0000,31,3,多开,B,7324.0000,0.0000,0.0000,0.0000,0.0000,7326.0000,0.0000,0.0000,0.0000,0.0000,163,0,0,0,0,185,0,0,0,0
zc,TA209,2012-06-07 09:05:07.620,7324.0000,487442,110,0.0000,332.0000,221,111,空开,S,7322.0000,0.0000,0.0000,0.0000,0.0000,7324.0000,0.0000,0.0000,0.0000,0.0000,45,0,0,0,0,33,0,0,0,0
zc,TA209,2012-06-07 09:05:08.353,7322.0000,487472,30,0.0000,34.0000,32,2,空开,S,7322.0000,0.0000,0.0000,0.0000,0.0000,7324.0000,0.0000,0.0000,0.0000,0.0000,43,0,0,0,0,20,0,0,0,0
zc,TA209,2012-06-07 09:05:08.603,7324.0000,487472,0,0.0000,16.0000,8,8,多换,B,7322.0000,0.0000,0.0000,0.0000,0.0000,7324.0000,0.0000,0.0000,0.0000,0.0000,37,0,0,0,0,78,0,0,0,0
zc,TA209,2012-06-07 09:05:09.603,7322.0000,487474,2,0.0000,16.0000,9,7,空开,S,7322.0000,0.0000,0.0000,0.0000,0.0000,7324.0000,0.0000,0.0000,0.0000,0.0000,30,0,0,0,0,78,0,0,0,0
zc,TA209,2012-06-07 09:05:10.103,7322.0000,487424,-50,0.0000,1086.0000,518,568,多平,S,7320.0000,0.0000,0.0000,0.0000,0.0000,7322.0000,0.0000,0.0000,0.0000,0.0000,106,0,0,0,0,8,0,0,0,0
zc,TA209,2012-06-07 09:05:10.587,7320.0000,487422,-2,0.0000,10.0000,4,6,多平,S,7320.0000,0.0000,0.0000,0.0000,0.0000,7322.0000,0.0000,0.0000,0.0000,0.0000,101,0,0,0,0,10,0,0,0,0
zc,TA209,2012-06-07 09:05:11.370,7322.0000,487380,-42,0.0000,156.0000,57,99,空平,B,7320.0000,0.0000,0.0000,0.0000,0.0000,7322.0000,0.0000,0.0000,0.0000,0.0000,61,0,0,0,0,5,0,0,0,0
zc,TA209,2012-06-07 09:05:12.103,7320.0000,487380,0,0.0000,48.0000,24,24,空换,S,7320.0000,0.0000,0.0000,0.0000,0.0000,7322.0000,0.0000,0.0000,0.0000,0.0000,41,0,0,0,0,5,0,0,0,0
zc,TA209,2012-06-07 09:05:12.620,7320.0000,487380,0,0.0000,4.0000,2,2,空换,S,7320.0000,0.0000,0.0000,0.0000,0.0000,7322.0000,0.0000,0.0000,0.0000,0.0000,38,0,0,0,0,11,0,0,0,0
zc,TA209,2012-06-07 09:05:13.417,7320.0000,487382,2,0.0000,12.0000,7,5,空开,S,7320.0000,0.0000,0.0000,0.0000,0.0000,7322.0000,0.0000,0.0000,0.0000,0.0000,32,0,0,0,0,36,0,0,0,0
zc,TA209,2012-06-07 09:05:13.870,7320.0000,487392,10,0.0000,14.0000,12,2,空开,S,7320.0000,0.0000,0.0000,0.0000,0.0000,7322.0000,0.0000,0.0000,0.0000,0.0000,26,0,0,0,0,49,0,0,0,0
zc,TA209,2012-06-07 09:05:14.370,7320.0000,487402,10,0.0000,94.0000,52,42,空开,S,7318.0000,0.0000,0.0000,0.0000,0.0000,7322.0000,0.0000,0.0000,0.0000,0.0000,166,0,0,0,0,48,0,0,0,0
zc,TA209,2012-06-07 09:05:15.073,7318.0000,487406,4,0.0000,10.0000,7,3,空开,S,7318.0000,0.0000,0.0000,0.0000,0.0000,7320.0000,0.0000,0.0000,0.0000,0.0000,162,0,0,0,0,13,0,0,0,0
zc,TA209,2012-06-07 09:05:15.620,7318.0000,487392,-14,0.0000,40.0000,13,27,多平,S,7318.0000,0.0000,0.0000,0.0000,0.0000,7320.0000,0.0000,0.0000,0.0000,0.0000,142,0,0,0,0,24,0,0,0,0
zc,TA209,2012-06-07 09:05:16.417,7320.0000,487362,-30,0.0000,54.0000,12,42,空平,B,7320.0000,0.0000,0.0000,0.0000,0.0000,7322.0000,0.0000,0.0000,0.0000,0.0000,5,0,0,0,0,56,0,0,0,0
zc,TA209,2012-06-07 09:05:16.870,7320.0000,487136,-226,0.0000,340.0000,57,283,空平,B,7320.0000,0.0000,0.0000,0.0000,0.0000,7322.0000,0.0000,0.0000,0.0000,0.0000,126,0,0,0,0,56,0,0,0,0
zc,TA209,2012-06-07 09:05:17.587,7320.0000,486976,-160,0.0000,186.0000,13,173,空平,B,7320.0000,0.0000,0.0000,0.0000,0.0000,7322.0000,0.0000,0.0000,0.0000,0.0000,33,0,0,0,0,56,0,0,0,0
zc,TA209,2012-06-07 09:05:18.120,7320.0000,486932,-44,0.0000,58.0000,7,51,空平,B,7320.0000,0.0000,0.0000,0.0000,0.0000,7322.0000,0.0000,0.0000,0.0000,0.0000,9,0,0,0,0,59,0,0,0,0
zc,TA209,2012-06-07 09:05:18.837,7318.0000,486922,-10,0.0000,44.0000,17,27,多平,S,7320.0000,0.0000,0.0000,0.0000,0.0000,7322.0000,0.0000,0.0000,0.0000,0.0000,1,0,0,0,0,47,0,0,0,0
zc,TA209,2012-06-07 09:05:19.353,7320.0000,486910,-12,0.0000,30.0000,9,21,空平,B,7320.0000,0.0000,0.0000,0.0000,0.0000,7322.0000,0.0000,0.0000,0.0000,0.0000,2,0,0,0,0,53,0,0,0,0
zc,TA209,2012-06-07 09:05:19.837,7318.0000,486828,-82,0.0000,142.0000,30,112,多平,S,7316.0000,0.0000,0.0000,0.0000,0.0000,7318.0000,0.0000,0.0000,0.0000,0.0000,221,0,0,0,0,52,0,0,0,0
zc,TA209,2012-06-07 09:05:20.323,7318.0000,486794,-34,0.0000,40.0000,3,37,多平,S,7316.0000,0.0000,0.0000,0.0000,0.0000,7318.0000,0.0000,0.0000,0.0000,0.0000,221,0,0,0,0,40,0,0,0,0
zc,TA209,2012-06-07 09:05:21.103,7316.0000,486796,2,0.0000,48.0000,25,23,空开,S,7316.0000,0.0000,0.0000,0.0000,0.0000,7318.0000,0.0000,0.0000,0.0000,0.0000,208,0,0,0,0,41,0,0,0,0
zc,TA209,2012-06-07 09:05:21.603,7316.0000,486714,-82,0.0000,96.0000,7,89,多平,S,7316.0000,0.0000,0.0000,0.0000,0.0000,7318.0000,0.0000,0.0000,0.0000,0.0000,159,0,0,0,0,43,0,0,0,0
zc,TA209,2012-06-07 09:05:22.337,7316.0000,486730,16,0.0000,234.0000,125,109,空开,S,7316.0000,0.0000,0.0000,0.0000,0.0000,7318.0000,0.0000,0.0000,0.0000,0.0000,82,0,0,0,0,4,0,0,0,0
zc,TA209,2012-06-07 09:05:23.027,7316.0000,486728,-2,0.0000,38.0000,18,20,多平,S,7316.0000,0.0000,0.0000,0.0000,0.0000,7318.0000,0.0000,0.0000,0.0000,0.0000,80,0,0,0,0,199,0,0,0,0
zc,TA209,2012-06-07 09:05:23.587,7318.0000,486746,18,0.0000,32.0000,25,7,多开,B,7316.0000,0.0000,0.0000,0.0000,0.0000,7318.0000,0.0000,0.0000,0.0000,0.0000,72,0,0,0,0,39,0,0,0,0
zc,TA209,2012-06-07 09:05:24.370,7316.0000,486774,28,0.0000,146.0000,87,59,空开,S,7316.0000,0.0000,0.0000,0.0000,0.0000,7318.0000,0.0000,0.0000,0.0000,0.0000,48,0,0,0,0,1,0,0,0,0
zc,TA209,2012-06-07 09:05:24.620,7316.0000,486790,16,0.0000,30.0000,23,7,空开,S,7316.0000,0.0000,0.0000,0.0000,0.0000,7320.0000,0.0000,0.0000,0.0000,0.0000,41,0,0,0,0,44,0,0,0,0
zc,TA209,2012-06-07 09:05:25.337,7316.0000,486784,-6,0.0000,28.0000,11,17,多平,S,7316.0000,0.0000,0.0000,0.0000,0.0000,7320.0000,0.0000,0.0000,0.0000,0.0000,34,0,0,0,0,50,0,0,0,0
zc,TA209,2012-06-07 09:05:25.853,7316.0000,486754,-30,0.0000,132.0000,51,81,多平,S,7314.0000,0.0000,0.0000,0.0000,0.0000,7316.0000,0.0000,0.0000,0.0000,0.0000,443,0,0,0,0,78,0,0,0,0
zc,TA209,2012-06-07 09:05:26.603,7316.0000,486756,2,0.0000,12.0000,7,5,空开,S,7314.0000,0.0000,0.0000,0.0000,0.0000,7316.0000,0.0000,0.0000,0.0000,0.0000,443,0,0,0,0,123,0,0,0,0
zc,TA209,2012-06-07 09:05:27.103,7316.0000,486760,4,0.0000,12.0000,8,4,空开,S,7314.0000,0.0000,0.0000,0.0000,0.0000,7316.0000,0.0000,0.0000,0.0000,0.0000,442,0,0,0,0,120,0,0,0,0
zc,TA209,2012-06-07 09:05:27.837,7316.0000,486768,8,0.0000,16.0000,12,4,空开,S,7314.0000,0.0000,0.0000,0.0000,0.0000,7316.0000,0.0000,0.0000,0.0000,0.0000,441,0,0,0,0,114,0,0,0,0
zc,TA209,2012-06-07 09:05:28.337,7316.0000,486788,20,0.0000,24.0000,22,2,空开,S,7314.0000,0.0000,0.0000,0.0000,0.0000,7316.0000,0.0000,0.0000,0.0000,0.0000,440,0,0,0,0,114,0,0,0,0
zc,TA209,2012-06-07 09:05:28.837,7314.0000,486760,-28,0.0000,78.0000,25,53,多平,S,7314.0000,0.0000,0.0000,0.0000,0.0000,7316.0000,0.0000,0.0000,0.0000,0.0000,426,0,0,0,0,142,0,0,0,0
zc,TA209,2012-06-07 09:05:29.587,7314.0000,486768,8,0.0000,92.0000,50,42,空开,S,7314.0000,0.0000,0.0000,0.0000,0.0000,7316.0000,0.0000,0.0000,0.0000,0.0000,396,0,0,0,0,139,0,0,0,0
zc,TA209,2012-06-07 09:05:30.073,7314.0000,486766,-2,0.0000,286.0000,142,144,多平,S,7314.0000,0.0000,0.0000,0.0000,0.0000,7316.0000,0.0000,0.0000,0.0000,0.0000,353,0,0,0,0,40,0,0,0,0
zc,TA209,2012-06-07 09:05:30.603,7316.0000,486762,-4,0.0000,128.0000,62,66,空平,B,7314.0000,0.0000,0.0000,0.0000,0.0000,7316.0000,0.0000,0.0000,0.0000,0.0000,309,0,0,0,0,20,0,0,0,0
zc,TA209,2012-06-07 09:05:31.120,7314.0000,486746,-16,0.0000,32.0000,8,24,多平,S,7314.0000,0.0000,0.0000,0.0000,0.0000,7316.0000,0.0000,0.0000,0.0000,0.0000,298,0,0,0,0,17,0,0,0,0
zc,TA209,2012-06-07 09:05:31.823,7314.0000,486748,2,0.0000,118.0000,60,58,空开,S,7314.0000,0.0000,0.0000,0.0000,0.0000,7316.0000,0.0000,0.0000,0.0000,0.0000,241,0,0,0,0,38,0,0,0,0
zc,TA209,2012-06-07 09:05:32.323,7316.0000,486752,4,0.0000,22.0000,13,9,多开,B,7314.0000,0.0000,0.0000,0.0000,0.0000,7316.0000,0.0000,0.0000,0.0000,0.0000,232,0,0,0,0,36,0,0,0,0
