市场代码,合约代码,时间,最新,持仓,增仓,成交额,成交量,开仓,平仓,成交类型,方向,买一价,买二价,买三价,买四价,买五价,卖一价,卖二价,卖三价,卖四价,卖五价,买一量,买二量,买三量,买四量,买五量,卖一量,卖二量,卖三量,卖四量,卖五量
zc,TA210,2012-06-07 08:59:02.527,0.0000,688,0,0.0000,0.0000,0,0,空换,S,7290.0000,0.0000,0.0000,0.0000,0.0000,7630.0000,0.0000,0.0000,0.0000,0.0000,3,0,0,0,0,1,0,0,0,0
zc,TA210,2012-06-07 09:00:00.963,0.0000,688,0,0.0000,0.0000,0,0,空换,S,7334.0000,0.0000,0.0000,0.0000,0.0000,7368.0000,0.0000,0.0000,0.0000,0.0000,1,0,0,0,0,1,0,0,0,0
zc,TA210,2012-06-07 09:00:02.777,0.0000,688,0,0.0000,0.0000,0,0,空换,S,7344.0000,0.0000,0.0000,0.0000,0.0000,7362.0000,0.0000,0.0000,0.0000,0.0000,1,0,0,0,0,1,0,0,0,0
zc,TA210,2012-06-07 09:00:04.730,0.0000,688,0,0.0000,0.0000,0,0,空换,S,7346.0000,0.0000,0.0000,0.0000,0.0000,7366.0000,0.0000,0.0000,0.0000,0.0000,1,0,0,0,0,1,0,0,0,0
zc,TA210,2012-06-07 09:00:06.197,0.0000,688,0,0.0000,0.0000,0,0,空换,S,7350.0000,0.0000,0.0000,0.0000,0.0000,7368.0000,0.0000,0.0000,0.0000,0.0000,1,0,0,0,0,1,0,0,0,0
zc,TA210,2012-06-07 09:00:06.947,0.0000,688,0,0.0000,0.0000,0,0,空换,S,7350.0000,0.0000,0.0000,0.0000,0.0000,7370.0000,0.0000,0.0000,0.0000,0.0000,1,0,0,0,0,1,0,0,0,0
zc,TA210,2012-06-07 09:00:07.980,0.0000,688,0,0.0000,0.0000,0,0,空换,S,7352.0000,0.0000,0.0000,0.0000,0.0000,7370.0000,0.0000,0.0000,0.0000,0.0000,1,0,0,0,0,1,0,0,0,0
zc,TA210,2012-06-07 09:00:08.197,0.0000,688,0,0.0000,0.0000,0,0,空换,S,7354.0000,0.0000,0.0000,0.0000,0.0000,7372.0000,0.0000,0.0000,0.0000,0.0000,1,0,0,0,0,1,0,0,0,0
zc,TA210,2012-06-07 09:00:08.933,0.0000,688,0,0.0000,0.0000,0,0,空换,S,7352.0000,0.0000,0.0000,0.0000,0.0000,7372.0000,0.0000,0.0000,0.0000,0.0000,1,0,0,0,0,1,0,0,0,0
zc,TA210,2012-06-07 09:00:09.447,0.0000,688,0,0.0000,0.0000,0,0,空换,S,7352.0000,0.0000,0.0000,0.0000,0.0000,7370.0000,0.0000,0.0000,0.0000,0.0000,1,0,0,0,0,1,0,0,0,0
zc,TA210,2012-06-07 09:00:10.667,0.0000,688,0,0.0000,0.0000,0,0,空换,S,7354.0000,0.0000,0.0000,0.0000,0.0000,7372.0000,0.0000,0.0000,0.0000,0.0000,1,0,0,0,0,1,0,0,0,0
zc,TA210,2012-06-07 09:00:11.433,0.0000,688,0,0.0000,0.0000,0,0,空换,S,7350.0000,0.0000,0.0000,0.0000,0.0000,7368.0000,0.0000,0.0000,0.0000,0.0000,1,0,0,0,0,1,0,0,0,0
zc,TA210,2012-06-07 09:00:14.433,0.0000,688,0,0.0000,0.0000,0,0,空换,S,7348.0000,0.0000,0.0000,0.0000,0.0000,7366.0000,0.0000,0.0000,0.0000,0.0000,1,0,0,0,0,1,0,0,0,0
zc,TA210,2012-06-07 09:00:16.183,0.0000,688,0,0.0000,0.0000,0,0,空换,S,7348.0000,0.0000,0.0000,0.0000,0.0000,7368.0000,0.0000,0.0000,0.0000,0.0000,1,0,0,0,0,1,0,0,0,0
zc,TA210,2012-06-07 09:00:17.197,0.0000,688,0,0.0000,0.0000,0,0,空换,S,7346.0000,0.0000,0.0000,0.0000,0.0000,7364.0000,0.0000,0.0000,0.0000,0.0000,1,0,0,0,0,1,0,0,0,0
zc,TA210,2012-06-07 09:00:18.683,0.0000,688,0,0.0000,0.0000,0,0,空换,S,7344.0000,0.0000,0.0000,0.0000,0.0000,7362.0000,0.0000,0.0000,0.0000,0.0000,1,0,0,0,0,1,0,0,0,0
zc,TA210,2012-06-07 09:00:19.947,0.0000,688,0,0.0000,0.0000,0,0,空换,S,7342.0000,0.0000,0.0000,0.0000,0.0000,7362.0000,0.0000,0.0000,0.0000,0.0000,1,0,0,0,0,1,0,0,0,0
zc,TA210,2012-06-07 09:00:20.933,0.0000,688,0,0.0000,0.0000,0,0,空换,S,7342.0000,0.0000,0.0000,0.0000,0.0000,7360.0000,0.0000,0.0000,0.0000,0.0000,1,0,0,0,0,1,0,0,0,0
zc,TA210,2012-06-07 09:00:22.463,0.0000,688,0,0.0000,0.0000,0,0,空换,S,7338.0000,0.0000,0.0000,0.0000,0.0000,7358.0000,0.0000,0.0000,0.0000,0.0000,1,0,0,0,0,1,0,0,0,0
zc,TA210,2012-06-07 09:00:24.933,0.0000,688,0,0.0000,0.0000,0,0,空换,S,7342.0000,0.0000,0.0000,0.0000,0.0000,7360.0000,0.0000,0.0000,0.0000,0.0000,1,0,0,0,0,1,0,0,0,0
zc,TA210,2012-06-07 09:00:26.183,0.0000,688,0,0.0000,0.0000,0,0,空换,S,7338.0000,0.0000,0.0000,0.0000,0.0000,7356.0000,0.0000,0.0000,0.0000,0.0000,1,0,0,0,0,1,0,0,0,0
zc,TA210,2012-06-07 09:00:32.697,0.0000,688,0,0.0000,0.0000,0,0,空换,S,7336.0000,0.0000,0.0000,0.0000,0.0000,7354.0000,0.0000,0.0000,0.0000,0.0000,1,0,0,0,0,1,0,0,0,0
zc,TA210,2012-06-07 09:00:38.183,0.0000,688,0,0.0000,0.0000,0,0,空换,S,7338.0000,0.0000,0.0000,0.0000,0.0000,7356.0000,0.0000,0.0000,0.0000,0.0000,1,0,0,0,0,1,0,0,0,0
zc,TA210,2012-06-07 09:00:38.917,0.0000,688,0,0.0000,0.0000,0,0,空换,S,7336.0000,0.0000,0.0000,0.0000,0.0000,7354.0000,0.0000,0.0000,0.0000,0.0000,1,0,0,0,0,1,0,0,0,0
zc,TA210,2012-06-07 09:00:40.183,0.0000,688,0,0.0000,0.0000,0,0,空换,S,7338.0000,0.0000,0.0000,0.0000,0.0000,7356.0000,0.0000,0.0000,0.0000,0.0000,1,0,0,0,0,1,0,0,0,0
zc,TA210,2012-06-07 09:00:41.933,0.0000,688,0,0.0000,0.0000,0,0,空换,S,7336.0000,0.0000,0.0000,0.0000,0.0000,7354.0000,0.0000,0.0000,0.0000,0.0000,1,0,0,0,0,1,0,0,0,0
zc,TA210,2012-06-07 09:00:42.433,0.0000,688,0,0.0000,0.0000,0,0,空换,S,7338.0000,0.0000,0.0000,0.0000,0.0000,7356.0000,0.0000,0.0000,0.0000,0.0000,1,0,0,0,0,1,0,0,0,0
zc,TA210,2012-06-07 09:00:44.150,7338.0000,688,0,0.0000,2.0000,1,1,多换,B,7330.0000,0.0000,0.0000,0.0000,0.0000,7338.0000,0.0000,0.0000,0.0000,0.0000,1,0,0,0,0,6,0,0,0,0
zc,TA210,2012-06-07 09:00:44.650,7338.0000,688,0,0.0000,12.0000,6,6,多换,B,7338.0000,0.0000,0.0000,0.0000,0.0000,7356.0000,0.0000,0.0000,0.0000,0.0000,1,0,0,0,0,1,0,0,0,0
zc,TA210,2012-06-07 09:00:45.387,7338.0000,688,0,0.0000,0.0000,0,0,多换,B,7338.0000,0.0000,0.0000,0.0000,0.0000,7354.0000,0.0000,0.0000,0.0000,0.0000,1,0,0,0,0,1,0,0,0,0
zc,TA210,2012-06-07 09:00:45.887,7338.0000,688,0,0.0000,0.0000,0,0,多换,B,7328.0000,0.0000,0.0000,0.0000,0.0000,7354.0000,0.0000,0.0000,0.0000,0.0000,1,0,0,0,0,1,0,0,0,0
zc,TA210,2012-06-07 09:00:47.900,7338.0000,688,0,0.0000,0.0000,0,0,多换,B,7330.0000,0.0000,0.0000,0.0000,0.0000,7356.0000,0.0000,0.0000,0.0000,0.0000,1,0,0,0,0,1,0,0,0,0
zc,TA210,2012-06-07 09:00:54.433,7338.0000,688,0,0.0000,0.0000,0,0,多换,B,7328.0000,0.0000,0.0000,0.0000,0.0000,7354.0000,0.0000,0.0000,0.0000,0.0000,1,0,0,0,0,1,0,0,0,0
zc,TA210,2012-06-07 09:00:58.947,7338.0000,688,0,0.0000,0.0000,0,0,多换,B,7328.0000,0.0000,0.0000,0.0000,0.0000,7356.0000,0.0000,0.0000,0.0000,0.0000,1,0,0,0,0,1,0,0,0,0
zc,TA210,2012-06-07 09:00:59.433,7338.0000,688,0,0.0000,0.0000,0,0,多换,B,7328.0000,0.0000,0.0000,0.0000,0.0000,7354.0000,0.0000,0.0000,0.0000,0.0000,1,0,0,0,0,1,0,0,0,0
zc,TA210,2012-06-07 09:01:05.650,7338.0000,688,0,0.0000,0.0000,0,0,多换,B,7326.0000,0.0000,0.0000,0.0000,0.0000,7352.0000,0.0000,0.0000,0.0000,0.0000,1,0,0,0,0,1,0,0,0,0
zc,TA210,2012-06-07 09:01:06.917,7338.0000,688,0,0.0000,0.0000,0,0,多换,B,7328.0000,0.0000,0.0000,0.0000,0.0000,7354.0000,0.0000,0.0000,0.0000,0.0000,1,0,0,0,0,1,0,0,0,0
zc,TA210,2012-06-07 09:01:09.650,7338.0000,688,0,0.0000,0.0000,0,0,多换,B,7330.0000,0.0000,0.0000,0.0000,0.0000,7356.0000,0.0000,0.0000,0.0000,0.0000,1,0,0,0,0,1,0,0,0,0
zc,TA210,2012-06-07 09:01:12.183,7338.0000,688,0,0.0000,0.0000,0,0,多换,B,7328.0000,0.0000,0.0000,0.0000,0.0000,7354.0000,0.0000,0.0000,0.0000,0.0000,1,0,0,0,0,1,0,0,0,0
zc,TA210,2012-06-07 09:01:12.417,7338.0000,688,0,0.0000,0.0000,0,0,多换,B,7328.0000,0.0000,0.0000,0.0000,0.0000,7356.0000,0.0000,0.0000,0.0000,0.0000,1,0,0,0,0,1,0,0,0,0
zc,TA210,2012-06-07 09:01:13.417,7338.0000,688,0,0.0000,0.0000,0,0,多换,B,7330.0000,0.0000,0.0000,0.0000,0.0000,7356.0000,0.0000,0.0000,0.0000,0.0000,1,0,0,0,0,1,0,0,0,0
zc,TA210,2012-06-07 09:01:13.683,7338.0000,688,0,0.0000,0.0000,0,0,多换,B,7328.0000,0.0000,0.0000,0.0000,0.0000,7356.0000,0.0000,0.0000,0.0000,0.0000,1,0,0,0,0,1,0,0,0,0
zc,TA210,2012-06-07 09:01:14.650,7338.0000,688,0,0.0000,0.0000,0,0,多换,B,7330.0000,0.0000,0.0000,0.0000,0.0000,7356.0000,0.0000,0.0000,0.0000,0.0000,1,0,0,0,0,1,0,0,0,0
zc,TA210,2012-06-07 09:01:15.917,7338.0000,688,0,0.0000,0.0000,0,0,多换,B,7328.0000,0.0000,0.0000,0.0000,0.0000,7354.0000,0.0000,0.0000,0.0000,0.0000,1,0,0,0,0,1,0,0,0,0
zc,TA210,2012-06-07 09:01:17.230,7338.0000,688,0,0.0000,0.0000,0,0,多换,B,7330.0000,0.0000,0.0000,0.0000,0.0000,7356.0000,0.0000,0.0000,0.0000,0.0000,1,0,0,0,0,1,0,0,0,0
zc,TA210,2012-06-07 09:01:17.683,7338.0000,688,0,0.0000,0.0000,0,0,多换,B,7328.0000,0.0000,0.0000,0.0000,0.0000,7354.0000,0.0000,0.0000,0.0000,0.0000,1,0,0,0,0,1,0,0,0,0
zc,TA210,2012-06-07 09:01:18.947,7338.0000,688,0,0.0000,0.0000,0,0,多换,B,7326.0000,0.0000,0.0000,0.0000,0.0000,7352.0000,0.0000,0.0000,0.0000,0.0000,1,0,0,0,0,1,0,0,0,0
zc,TA210,2012-06-07 09:01:20.400,7338.0000,688,0,0.0000,0.0000,0,0,多换,B,7330.0000,0.0000,0.0000,0.0000,0.0000,7356.0000,0.0000,0.0000,0.0000,0.0000,1,0,0,0,0,1,0,0,0,0
zc,TA210,2012-06-07 09:01:22.650,7338.0000,688,0,0.0000,0.0000,0,0,多换,B,7330.0000,0.0000,0.0000,0.0000,0.0000,7358.0000,0.0000,0.0000,0.0000,0.0000,1,0,0,0,0,1,0,0,0,0
zc,TA210,2012-06-07 09:01:22.917,7338.0000,688,0,0.0000,0.0000,0,0,多换,B,7328.0000,0.0000,0.0000,0.0000,0.0000,7354.0000,0.0000,0.0000,0.0000,0.0000,1,0,0,0,0,1,0,0,0,0
zc,TA210,2012-06-07 09:01:23.933,7338.0000,688,0,0.0000,0.0000,0,0,多换,B,7328.0000,0.0000,0.0000,0.0000,0.0000,7356.0000,0.0000,0.0000,0.0000,0.0000,1,0,0,0,0,1,0,0,0,0
zc,TA210,2012-06-07 09:01:24.120,7338.0000,688,0,0.0000,0.0000,0,0,多换,B,7328.0000,0.0000,0.0000,0.0000,0.0000,7354.0000,0.0000,0.0000,0.0000,0.0000,1,0,0,0,0,1,0,0,0,0
zc,TA210,2012-06-07 09:01:26.447,7338.0000,688,0,0.0000,0.0000,0,0,多换,B,7330.0000,0.0000,0.0000,0.0000,0.0000,7356.0000,0.0000,0.0000,0.0000,0.0000,1,0,0,0,0,1,0,0,0,0
zc,TA210,2012-06-07 09:01:27.400,7338.0000,688,0,0.0000,0.0000,0,0,多换,B,7326.0000,0.0000,0.0000,0.0000,0.0000,7352.0000,0.0000,0.0000,0.0000,0.0000,3,0,0,0,0,1,0,0,0,0
zc,TA210,2012-06-07 09:01:27.887,7338.0000,688,0,0.0000,0.0000,0,0,多换,B,7326.0000,0.0000,0.0000,0.0000,0.0000,7354.0000,0.0000,0.0000,0.0000,0.0000,1,0,0,0,0,1,0,0,0,0
zc,TA210,2012-06-07 09:01:28.637,7338.0000,688,0,0.0000,0.0000,0,0,多换,B,7328.0000,0.0000,0.0000,0.0000,0.0000,7354.0000,0.0000,0.0000,0.0000,0.0000,1,0,0,0,0,1,0,0,0,0
zc,TA210,2012-06-07 09:01:35.370,7338.0000,688,0,0.0000,0.0000,0,0,多换,B,7328.0000,0.0000,0.0000,0.0000,0.0000,7354.0000,0.0000,0.0000,0.0000,0.0000,6,0,0,0,0,1,0,0,0,0
zc,TA210,2012-06-07 09:01:37.150,7338.0000,688,0,0.0000,0.0000,0,0,多换,B,7328.0000,0.0000,0.0000,0.0000,0.0000,7354.0000,0.0000,0.0000,0.0000,0.0000,3,0,0,0,0,1,0,0,0,0
zc,TA210,2012-06-07 09:01:37.353,7338.0000,688,0,0.0000,0.0000,0,0,多换,B,7328.0000,0.0000,0.0000,0.0000,0.0000,7354.0000,0.0000,0.0000,0.0000,0.0000,1,0,0,0,0,1,0,0,0,0
zc,TA210,2012-06-07 09:01:40.650,7338.0000,688,0,0.0000,0.0000,0,0,多换,B,7328.0000,0.0000,0.0000,0.0000,0.0000,7354.0000,0.0000,0.0000,0.0000,0.0000,3,0,0,0,0,1,0,0,0,0
zc,TA210,2012-06-07 09:01:41.150,7338.0000,688,0,0.0000,0.0000,0,0,多换,B,7326.0000,0.0000,0.0000,0.0000,0.0000,7352.0000,0.0000,0.0000,0.0000,0.0000,6,0,0,0,0,1,0,0,0,0
zc,TA210,2012-06-07 09:01:46.870,7338.0000,688,0,0.0000,0.0000,0,0,多换,B,7326.0000,0.0000,0.0000,0.0000,0.0000,7352.0000,0.0000,0.0000,0.0000,0.0000,5,0,0,0,0,1,0,0,0,0
zc,TA210,2012-06-07 09:01:47.620,7338.0000,688,0,0.0000,0.0000,0,0,多换,B,7326.0000,0.0000,0.0000,0.0000,0.0000,7352.0000,0.0000,0.0000,0.0000,0.0000,6,0,0,0,0,1,0,0,0,0
zc,TA210,2012-06-07 09:01:48.103,7338.0000,688,0,0.0000,0.0000,0,0,多换,B,7326.0000,0.0000,0.0000,0.0000,0.0000,7352.0000,0.0000,0.0000,0.0000,0.0000,1,0,0,0,0,1,0,0,0,0
zc,TA210,2012-06-07 09:01:48.900,7338.0000,688,0,0.0000,0.0000,0,0,多换,B,7328.0000,0.0000,0.0000,0.0000,0.0000,7354.0000,0.0000,0.0000,0.0000,0.0000,1,0,0,0,0,1,0,0,0,0
zc,TA210,2012-06-07 09:01:53.887,7338.0000,688,0,0.0000,0.0000,0,0,多换,B,7328.0000,0.0000,0.0000,0.0000,0.0000,7354.0000,0.0000,0.0000,0.0000,0.0000,2,0,0,0,0,1,0,0,0,0
zc,TA210,2012-06-07 09:01:54.387,7338.0000,688,0,0.0000,0.0000,0,0,多换,B,7328.0000,0.0000,0.0000,0.0000,0.0000,7354.0000,0.0000,0.0000,0.0000,0.0000,1,0,0,0,0,1,0,0,0,0
zc,TA210,2012-06-07 09:01:55.137,7338.0000,688,0,0.0000,0.0000,0,0,多换,B,7330.0000,0.0000,0.0000,0.0000,0.0000,7356.0000,0.0000,0.0000,0.0000,0.0000,1,0,0,0,0,1,0,0,0,0
zc,TA210,2012-06-07 09:01:56.353,7338.0000,688,0,0.0000,0.0000,0,0,多换,B,7328.0000,0.0000,0.0000,0.0000,0.0000,7354.0000,0.0000,0.0000,0.0000,0.0000,6,0,0,0,0,1,0,0,0,0
zc,TA210,2012-06-07 09:01:58.167,7338.0000,688,0,0.0000,0.0000,0,0,多换,B,7328.0000,0.0000,0.0000,0.0000,0.0000,7354.0000,0.0000,0.0000,0.0000,0.0000,4,0,0,0,0,1,0,0,0,0
zc,TA210,2012-06-07 09:01:58.603,7338.0000,688,0,0.0000,0.0000,0,0,多换,B,7330.0000,0.0000,0.0000,0.0000,0.0000,7354.0000,0.0000,0.0000,0.0000,0.0000,5,0,0,0,0,1,0,0,0,0
zc,TA210,2012-06-07 09:02:03.120,7338.0000,688,0,0.0000,0.0000,0,0,多换,B,7330.0000,0.0000,0.0000,0.0000,0.0000,7356.0000,0.0000,0.0000,0.0000,0.0000,6,0,0,0,0,1,0,0,0,0
zc,TA210,2012-06-07 09:02:05.650,7338.0000,688,0,0.0000,0.0000,0,0,多换,B,7330.0000,0.0000,0.0000,0.0000,0.0000,7356.0000,0.0000,0.0000,0.0000,0.0000,1,0,0,0,0,1,0,0,0,0
zc,TA210,2012-06-07 09:02:09.620,7338.0000,688,0,0.0000,0.0000,0,0,多换,B,7330.0000,0.0000,0.0000,0.0000,0.0000,7356.0000,0.0000,0.0000,0.0000,0.0000,4,0,0,0,0,1,0,0,0,0
zc,TA210,2012-06-07 09:02:10.150,7338.0000,688,0,0.0000,0.0000,0,0,多换,B,7332.0000,0.0000,0.0000,0.0000,0.0000,7358.0000,0.0000,0.0000,0.0000,0.0000,1,0,0,0,0,1,0,0,0,0
zc,TA210,2012-06-07 09:02:14.933,7338.0000,688,0,0.0000,0.0000,0,0,多换,B,7334.0000,0.0000,0.0000,0.0000,0.0000,7360.0000,0.0000,0.0000,0.0000,0.0000,1,0,0,0,0,1,0,0,0,0
zc,TA210,2012-06-07 09:02:15.400,7338.0000,688,0,0.0000,0.0000,0,0,多换,B,7332.0000,0.0000,0.0000,0.0000,0.0000,7358.0000,0.0000,0.0000,0.0000,0.0000,1,0,0,0,0,1,0,0,0,0
zc,TA210,2012-06-07 09:02:16.137,7338.0000,688,0,0.0000,0.0000,0,0,多换,B,7332.0000,0.0000,0.0000,0.0000,0.0000,7360.0000,0.0000,0.0000,0.0000,0.0000,1,0,0,0,0,1,0,0,0,0
zc,TA210,2012-06-07 09:02:16.697,7338.0000,688,0,0.0000,0.0000,0,0,多换,B,7334.0000,0.0000,0.0000,0.0000,0.0000,7360.0000,0.0000,0.0000,0.0000,0.0000,1,0,0,0,0,1,0,0,0,0
zc,TA210,2012-06-07 09:02:17.870,7338.0000,688,0,0.0000,0.0000,0,0,多换,B,7336.0000,0.0000,0.0000,0.0000,0.0000,7362.0000,0.0000,0.0000,0.0000,0.0000,1,0,0,0,0,1,0,0,0,0
zc,TA210,2012-06-07 09:02:19.370,7338.0000,688,0,0.0000,0.0000,0,0,多换,B,7338.0000,0.0000,0.0000,0.0000,0.0000,7364.0000,0.0000,0.0000,0.0000,0.0000,1,0,0,0,0,1,0,0,0,0
zc,TA210,2012-06-07 09:02:21.917,7338.0000,688,0,0.0000,0.0000,0,0,多换,B,7336.0000,0.0000,0.0000,0.0000,0.0000,7362.0000,0.0000,0.0000,0.0000,0.0000,1,0,0,0,0,1,0,0,0,0
zc,TA210,2012-06-07 09:02:23.183,7338.0000,688,0,0.0000,0.0000,0,0,多换,B,7338.0000,0.0000,0.0000,0.0000,0.0000,7364.0000,0.0000,0.0000,0.0000,0.0000,1,0,0,0,0,1,0,0,0,0
zc,TA210,2012-06-07 09:02:23.887,7338.0000,688,0,0.0000,0.0000,0,0,多换,B,7338.0000,0.0000,0.0000,0.0000,0.0000,7366.0000,0.0000,0.0000,0.0000,0.0000,1,0,0,0,0,1,0,0,0,0
zc,TA210,2012-06-07 09:02:24.387,7338.0000,688,0,0.0000,0.0000,0,0,多换,B,7338.0000,0.0000,0.0000,0.0000,0.0000,7364.0000,0.0000,0.0000,0.0000,0.0000,1,0,0,0,0,1,0,0,0,0
zc,TA210,2012-06-07 09:02:25.150,7338.0000,688,0,0.0000,0.0000,0,0,多换,B,7340.0000,0.0000,0.0000,0.0000,0.0000,7366.0000,0.0000,0.0000,0.0000,0.0000,1,0,0,0,0,1,0,0,0,0
zc,TA210,2012-06-07 09:02:27.917,7338.0000,688,0,0.0000,0.0000,0,0,多换,B,7342.0000,0.0000,0.0000,0.0000,0.0000,7368.0000,0.0000,0.0000,0.0000,0.0000,1,0,0,0,0,1,0,0,0,0
zc,TA210,2012-06-07 09:02:30.167,7338.0000,688,0,0.0000,0.0000,0,0,多换,B,7344.0000,0.0000,0.0000,0.0000,0.0000,7370.0000,0.0000,0.0000,0.0000,0.0000,1,0,0,0,0,1,0,0,0,0
zc,TA210,2012-06-07 09:02:30.870,7338.0000,688,0,0.0000,0.0000,0,0,多换,B,7346.0000,0.0000,0.0000,0.0000,0.0000,7372.0000,0.0000,0.0000,0.0000,0.0000,1,0,0,0,0,1,0,0,0,0
zc,TA210,2012-06-07 09:02:32.637,7338.0000,688,0,0.0000,0.0000,0,0,多换,B,7344.0000,0.0000,0.0000,0.0000,0.0000,7372.0000,0.0000,0.0000,0.0000,0.0000,1,0,0,0,0,1,0,0,0,0
zc,TA210,2012-06-07 09:02:33.370,7338.0000,688,0,0.0000,0.0000,0,0,多换,B,7344.0000,0.0000,0.0000,0.0000,0.0000,7370.0000,0.0000,0.0000,0.0000,0.0000,6,0,0,0,0,1,0,0,0,0
zc,TA210,2012-06-07 09:02:33.900,7338.0000,688,0,0.0000,0.0000,0,0,多换,B,7346.0000,0.0000,0.0000,0.0000,0.0000,7370.0000,0.0000,0.0000,0.0000,0.0000,5,0,0,0,0,1,0,0,0,0
zc,TA210,2012-06-07 09:02:34.637,7338.0000,688,0,0.0000,0.0000,0,0,多换,B,7346.0000,0.0000,0.0000,0.0000,0.0000,7368.0000,0.0000,0.0000,0.0000,0.0000,5,0,0,0,0,1,0,0,0,0
zc,TA210,2012-06-07 09:02:34.887,7338.0000,688,0,0.0000,0.0000,0,0,多换,B,7346.0000,0.0000,0.0000,0.0000,0.0000,7370.0000,0.0000,0.0000,0.0000,0.0000,5,0,0,0,0,1,0,0,0,0
zc,TA210,2012-06-07 09:02:35.933,7338.0000,688,0,0.0000,0.0000,0,0,多换,B,7346.0000,0.0000,0.0000,0.0000,0.0000,7368.0000,0.0000,0.0000,0.0000,0.0000,5,0,0,0,0,1,0,0,0,0
zc,TA210,2012-06-07 09:02:36.870,7338.0000,688,0,0.0000,0.0000,0,0,多换,B,7348.0000,0.0000,0.0000,0.0000,0.0000,7370.0000,0.0000,0.0000,0.0000,0.0000,5,0,0,0,0,1,0,0,0,0
zc,TA210,2012-06-07 09:02:37.667,7338.0000,688,0,0.0000,0.0000,0,0,多换,B,7350.0000,0.0000,0.0000,0.0000,0.0000,7370.0000,0.0000,0.0000,0.0000,0.0000,5,0,0,0,0,1,0,0,0,0
zc,TA210,2012-06-07 09:02:41.137,7338.0000,688,0,0.0000,0.0000,0,0,多换,B,7348.0000,0.0000,0.0000,0.0000,0.0000,7370.0000,0.0000,0.0000,0.0000,0.0000,5,0,0,0,0,1,0,0,0,0
zc,TA210,2012-06-07 09:02:41.650,7338.0000,688,0,0.0000,0.0000,0,0,多换,B,7352.0000,0.0000,0.0000,0.0000,0.0000,7372.0000,0.0000,0.0000,0.0000,0.0000,1,0,0,0,0,1,0,0,0,0
zc,TA210,2012-06-07 09:02:42.400,7338.0000,688,0,0.0000,0.0000,0,0,多换,B,7352.0000,0.0000,0.0000,0.0000,0.0000,7372.0000,0.0000,0.0000,0.0000,0.0000,2,0,0,0,0,1,0,0,0,0
zc,TA210,2012-06-07 09:02:42.870,7338.0000,688,0,0.0000,0.0000,0,0,多换,B,7350.0000,0.0000,0.0000,0.0000,0.0000,7372.0000,0.0000,0.0000,0.0000,0.0000,7,0,0,0,0,1,0,0,0,0
zc,TA210,2012-06-07 09:02:44.887,7338.0000,688,0,0.0000,0.0000,0,0,多换,B,7354.0000,0.0000,0.0000,0.0000,0.0000,7372.0000,0.0000,0.0000,0.0000,0.0000,7,0,0,0,0,1,0,0,0,0
zc,TA210,2012-06-07 09:02:46.103,7338.0000,688,0,0.0000,0.0000,0,0,多换,B,7354.0000,0.0000,0.0000,0.0000,0.0000,7372.0000,0.0000,0.0000,0.0000,0.0000,1,0,0,0,0,1,0,0,0,0
zc,TA210,2012-06-07 09:02:46.603,7338.0000,688,0,0.0000,0.0000,0,0,多换,B,7352.0000,0.0000,0.0000,0.0000,0.0000,7372.0000,0.0000,0.0000,0.0000,0.0000,5,0,0,0,0,1,0,0,0,0
zc,TA210,2012-06-07 09:02:47.137,7338.0000,688,0,0.0000,0.0000,0,0,多换,B,7352.0000,0.0000,0.0000,0.0000,0.0000,7370.0000,0.0000,0.0000,0.0000,0.0000,4,0,0,0,0,1,0,0,0,0
zc,TA210,2012-06-07 09:02:47.917,7338.0000,688,0,0.0000,0.0000,0,0,多换,B,7354.0000,0.0000,0.0000,0.0000,0.0000,7372.0000,0.0000,0.0000,0.0000,0.0000,7,0,0,0,0,1,0,0,0,0
zc,TA210,2012-06-07 09:02:48.387,7338.0000,688,0,0.0000,0.0000,0,0,多换,B,7354.0000,0.0000,0.0000,0.0000,0.0000,7370.0000,0.0000,0.0000,0.0000,0.0000,7,0,0,0,0,1,0,0,0,0
zc,TA210,2012-06-07 09:02:49.137,7338.0000,688,0,0.0000,0.0000,0,0,多换,B,7354.0000,0.0000,0.0000,0.0000,0.0000,7372.0000,0.0000,0.0000,0.0000,0.0000,7,0,0,0,0,1,0,0,0,0
zc,TA210,2012-06-07 09:02:50.400,7338.0000,688,0,0.0000,0.0000,0,0,多换,B,7356.0000,0.0000,0.0000,0.0000,0.0000,7372.0000,0.0000,0.0000,0.0000,0.0000,7,0,0,0,0,1,0,0,0,0
zc,TA210,2012-06-07 09:02:50.900,7338.0000,688,0,0.0000,0.0000,0,0,多换,B,7352.0000,0.0000,0.0000,0.0000,0.0000,7368.0000,0.0000,0.0000,0.0000,0.0000,6,0,0,0,0,1,0,0,0,0
zc,TA210,2012-06-07 09:02:51.870,7338.0000,688,0,0.0000,0.0000,0,0,多换,B,7354.0000,0.0000,0.0000,0.0000,0.0000,7368.0000,0.0000,0.0000,0.0000,0.0000,1,0,0,0,0,1,0,0,0,0
zc,TA210,2012-06-07 09:02:52.400,7338.0000,688,0,0.0000,0.0000,0,0,多换,B,7354.0000,0.0000,0.0000,0.0000,0.0000,7370.0000,0.0000,0.0000,0.0000,0.0000,2,0,0,0,0,1,0,0,0,0
zc,TA210,2012-06-07 09:02:53.120,7338.0000,688,0,0.0000,0.0000,0,0,多换,B,7356.0000,0.0000,0.0000,0.0000,0.0000,7370.0000,0.0000,0.0000,0.0000,0.0000,3,0,0,0,0,1,0,0,0,0
zc,TA210,2012-06-07 09:02:53.620,7338.0000,688,0,0.0000,0.0000,0,0,多换,B,7356.0000,0.0000,0.0000,0.0000,0.0000,7372.0000,0.0000,0.0000,0.0000,0.0000,5,0,0,0,0,1,0,0,0,0
zc,TA210,2012-06-07 09:02:54.400,7338.0000,688,0,0.0000,0.0000,0,0,多换,B,7352.0000,0.0000,0.0000,0.0000,0.0000,7370.0000,0.0000,0.0000,0.0000,0.0000,7,0,0,0,0,1,0,0,0,0
zc,TA210,2012-06-07 09:02:55.637,7338.0000,688,0,0.0000,0.0000,0,0,多换,B,7354.0000,0.0000,0.0000,0.0000,0.0000,7368.0000,0.0000,0.0000,0.0000,0.0000,1,0,0,0,0,1,0,0,0,0
zc,TA210,2012-06-07 09:02:56.120,7338.0000,688,0,0.0000,0.0000,0,0,多换,B,7354.0000,0.0000,0.0000,0.0000,0.0000,7372.0000,0.0000,0.0000,0.0000,0.0000,1,0,0,0,0,1,0,0,0,0
zc,TA210,2012-06-07 09:02:56.603,7338.0000,688,0,0.0000,0.0000,0,0,多换,B,7352.0000,0.0000,0.0000,0.0000,0.0000,7372.0000,0.0000,0.0000,0.0000,0.0000,7,0,0,0,0,1,0,0,0,0
zc,TA210,2012-06-07 09:02:58.620,7338.0000,688,0,0.0000,0.0000,0,0,多换,B,7356.0000,0.0000,0.0000,0.0000,0.0000,7372.0000,0.0000,0.0000,0.0000,0.0000,3,0,0,0,0,1,0,0,0,0
zc,TA210,2012-06-07 09:02:59.150,7338.0000,688,0,0.0000,0.0000,0,0,多换,B,7352.0000,0.0000,0.0000,0.0000,0.0000,7372.0000,0.0000,0.0000,0.0000,0.0000,7,0,0,0,0,1,0,0,0,0
zc,TA210,2012-06-07 09:02:59.887,7338.0000,688,0,0.0000,0.0000,0,0,多换,B,7354.0000,0.0000,0.0000,0.0000,0.0000,7372.0000,0.0000,0.0000,0.0000,0.0000,6,0,0,0,0,1,0,0,0,0
zc,TA210,2012-06-07 09:03:01.120,7338.0000,688,0,0.0000,0.0000,0,0,多换,B,7358.0000,0.0000,0.0000,0.0000,0.0000,7372.0000,0.0000,0.0000,0.0000,0.0000,7,0,0,0,0,1,0,0,0,0
zc,TA210,2012-06-07 09:03:01.620,7338.0000,688,0,0.0000,0.0000,0,0,多换,B,7358.0000,0.0000,0.0000,0.0000,0.0000,7372.0000,0.0000,0.0000,0.0000,0.0000,6,0,0,0,0,1,0,0,0,0
zc,TA210,2012-06-07 09:03:02.417,7338.0000,688,0,0.0000,0.0000,0,0,多换,B,7356.0000,0.0000,0.0000,0.0000,0.0000,7372.0000,0.0000,0.0000,0.0000,0.0000,1,0,0,0,0,1,0,0,0,0
zc,TA210,2012-06-07 09:03:03.103,7338.0000,688,0,0.0000,0.0000,0,0,多换,B,7354.0000,0.0000,0.0000,0.0000,0.0000,7372.0000,0.0000,0.0000,0.0000,0.0000,7,0,0,0,0,1,0,0,0,0
zc,TA210,2012-06-07 09:03:03.620,7338.0000,688,0,0.0000,0.0000,0,0,多换,B,7360.0000,0.0000,0.0000,0.0000,0.0000,7372.0000,0.0000,0.0000,0.0000,0.0000,7,0,0,0,0,1,0,0,0,0
zc,TA210,2012-06-07 09:03:04.120,7338.0000,688,0,0.0000,0.0000,0,0,多换,B,7360.0000,0.0000,0.0000,0.0000,0.0000,7374.0000,0.0000,0.0000,0.0000,0.0000,7,0,0,0,0,1,0,0,0,0
zc,TA210,2012-06-07 09:03:06.137,7338.0000,688,0,0.0000,0.0000,0,0,多换,B,7358.0000,0.0000,0.0000,0.0000,0.0000,7374.0000,0.0000,0.0000,0.0000,0.0000,7,0,0,0,0,1,0,0,0,0
zc,TA210,2012-06-07 09:03:06.667,7338.0000,688,0,0.0000,0.0000,0,0,多换,B,7358.0000,0.0000,0.0000,0.0000,0.0000,7374.0000,0.0000,0.0000,0.0000,0.0000,3,0,0,0,0,1,0,0,0,0
zc,TA210,2012-06-07 09:03:07.400,7338.0000,688,0,0.0000,0.0000,0,0,多换,B,7358.0000,0.0000,0.0000,0.0000,0.0000,7374.0000,0.0000,0.0000,0.0000,0.0000,4,0,0,0,0,1,0,0,0,0
zc,TA210,2012-06-07 09:03:07.887,7338.0000,688,0,0.0000,0.0000,0,0,多换,B,7358.0000,0.0000,0.0000,0.0000,0.0000,7372.0000,0.0000,0.0000,0.0000,0.0000,3,0,0,0,0,1,0,0,0,0
zc,TA210,2012-06-07 09:03:08.637,7338.0000,688,0,0.0000,0.0000,0,0,多换,B,7358.0000,0.0000,0.0000,0.0000,0.0000,7372.0000,0.0000,0.0000,0.0000,0.0000,1,0,0,0,0,1,0,0,0,0
zc,TA210,2012-06-07 09:03:09.150,7338.0000,688,0,0.0000,0.0000,0,0,多换,B,7356.0000,0.0000,0.0000,0.0000,0.0000,7372.0000,0.0000,0.0000,0.0000,0.0000,7,0,0,0,0,1,0,0,0,0
zc,TA210,2012-06-07 09:03:10.417,7338.0000,688,0,0.0000,0.0000,0,0,多换,B,7356.0000,0.0000,0.0000,0.0000,0.0000,7374.0000,0.0000,0.0000,0.0000,0.0000,5,0,0,0,0,1,0,0,0,0
zc,TA210,2012-06-07 09:03:11.650,7338.0000,688,0,0.0000,0.0000,0,0,多换,B,7356.0000,0.0000,0.0000,0.0000,0.0000,7370.0000,0.0000,0.0000,0.0000,0.0000,5,0,0,0,0,1,0,0,0,0
zc,TA210,2012-06-07 09:03:12.370,7338.0000,688,0,0.0000,0.0000,0,0,多换,B,7356.0000,0.0000,0.0000,0.0000,0.0000,7372.0000,0.0000,0.0000,0.0000,0.0000,5,0,0,0,0,1,0,0,0,0
zc,TA210,2012-06-07 09:03:13.353,7338.0000,688,0,0.0000,0.0000,0,0,多换,B,7358.0000,0.0000,0.0000,0.0000,0.0000,7372.0000,0.0000,0.0000,0.0000,0.0000,2,0,0,0,0,1,0,0,0,0
zc,TA210,2012-06-07 09:03:14.120,7338.0000,688,0,0.0000,0.0000,0,0,多换,B,7358.0000,0.0000,0.0000,0.0000,0.0000,7372.0000,0.0000,0.0000,0.0000,0.0000,1,0,0,0,0,1,0,0,0,0
zc,TA210,2012-06-07 09:03:14.650,7338.0000,688,0,0.0000,0.0000,0,0,多换,B,7356.0000,0.0000,0.0000,0.0000,0.0000,7370.0000,0.0000,0.0000,0.0000,0.0000,5,0,0,0,0,1,0,0,0,0
zc,TA210,2012-06-07 09:03:15.337,7338.0000,688,0,0.0000,0.0000,0,0,多换,B,7356.0000,0.0000,0.0000,0.0000,0.0000,7370.0000,0.0000,0.0000,0.0000,0.0000,1,0,0,0,0,1,0,0,0,0
zc,TA210,2012-06-07 09:03:15.870,7338.0000,688,0,0.0000,0.0000,0,0,多换,B,7358.0000,0.0000,0.0000,0.0000,0.0000,7370.0000,0.0000,0.0000,0.0000,0.0000,1,0,0,0,0,1,0,0,0,0
zc,TA210,2012-06-07 09:03:16.620,7338.0000,688,0,0.0000,0.0000,0,0,多换,B,7356.0000,0.0000,0.0000,0.0000,0.0000,7370.0000,0.0000,0.0000,0.0000,0.0000,6,0,0,0,0,1,0,0,0,0
zc,TA210,2012-06-07 09:03:17.667,7338.0000,688,0,0.0000,0.0000,0,0,多换,B,7358.0000,0.0000,0.0000,0.0000,0.0000,7372.0000,0.0000,0.0000,0.0000,0.0000,2,0,0,0,0,1,0,0,0,0
zc,TA210,2012-06-07 09:03:18.400,7338.0000,688,0,0.0000,0.0000,0,0,多换,B,7356.0000,0.0000,0.0000,0.0000,0.0000,7368.0000,0.0000,0.0000,0.0000,0.0000,1,0,0,0,0,1,0,0,0,0
zc,TA210,2012-06-07 09:03:18.887,7338.0000,688,0,0.0000,0.0000,0,0,多换,B,7354.0000,0.0000,0.0000,0.0000,0.0000,7368.0000,0.0000,0.0000,0.0000,0.0000,7,0,0,0,0,1,0,0,0,0
zc,TA210,2012-06-07 09:03:19.603,7370.0000,688,0,0.0000,14.0000,7,7,多换,B,7354.0000,0.0000,0.0000,0.0000,0.0000,7370.0000,0.0000,0.0000,0.0000,0.0000,7,0,0,0,0,1,0,0,0,0
zc,TA210,2012-06-07 09:03:26.137,7370.0000,688,0,0.0000,0.0000,0,0,多换,B,7354.0000,0.0000,0.0000,0.0000,0.0000,7368.0000,0.0000,0.0000,0.0000,0.0000,7,0,0,0,0,1,0,0,0,0
zc,TA210,2012-06-07 09:03:27.887,7370.0000,688,0,0.0000,0.0000,0,0,多换,B,7354.0000,0.0000,0.0000,0.0000,0.0000,7366.0000,0.0000,0.0000,0.0000,0.0000,7,0,0,0,0,1,0,0,0,0
zc,TA210,2012-06-07 09:03:29.167,7370.0000,688,0,0.0000,0.0000,0,0,多换,B,7354.0000,0.0000,0.0000,0.0000,0.0000,7368.0000,0.0000,0.0000,0.0000,0.0000,7,0,0,0,0,1,0,0,0,0
zc,TA210,2012-06-07 09:03:29.887,7370.0000,688,0,0.0000,0.0000,0,0,多换,B,7352.0000,0.0000,0.0000,0.0000,0.0000,7366.0000,0.0000,0.0000,0.0000,0.0000,7,0,0,0,0,1,0,0,0,0
zc,TA210,2012-06-07 09:03:31.400,7370.0000,688,0,0.0000,0.0000,0,0,多换,B,7352.0000,0.0000,0.0000,0.0000,0.0000,7368.0000,0.0000,0.0000,0.0000,0.0000,7,0,0,0,0,1,0,0,0,0
zc,TA210,2012-06-07 09:03:32.120,7370.0000,688,0,0.0000,0.0000,0,0,多换,B,7350.0000,0.0000,0.0000,0.0000,0.0000,7366.0000,0.0000,0.0000,0.0000,0.0000,7,0,0,0,0,1,0,0,0,0
zc,TA210,2012-06-07 09:03:32.683,7370.0000,688,0,0.0000,0.0000,0,0,多换,B,7350.0000,0.0000,0.0000,0.0000,0.0000,7364.0000,0.0000,0.0000,0.0000,0.0000,7,0,0,0,0,1,0,0,0,0
zc,TA210,2012-06-07 09:03:35.417,7370.0000,688,0,0.0000,0.0000,0,0,多换,B,7350.0000,0.0000,0.0000,0.0000,0.0000,7362.0000,0.0000,0.0000,0.0000,0.0000,7,0,0,0,0,1,0,0,0,0
zc,TA210,2012-06-07 09:03:37.603,7370.0000,688,0,0.0000,0.0000,0,0,多换,B,7350.0000,0.0000,0.0000,0.0000,0.0000,7362.0000,0.0000,0.0000,0.0000,0.0000,2,0,0,0,0,1,0,0,0,0
zc,TA210,2012-06-07 09:03:38.417,7370.0000,688,0,0.0000,0.0000,0,0,多换,B,7346.0000,0.0000,0.0000,0.0000,0.0000,7360.0000,0.0000,0.0000,0.0000,0.0000,7,0,0,0,0,1,0,0,0,0
zc,TA210,2012-06-07 09:03:39.620,7370.0000,688,0,0.0000,0.0000,0,0,多换,B,7346.0000,0.0000,0.0000,0.0000,0.0000,7362.0000,0.0000,0.0000,0.0000,0.0000,7,0,0,0,0,1,0,0,0,0
zc,TA210,2012-06-07 09:03:40.400,7370.0000,688,0,0.0000,0.0000,0,0,多换,B,7346.0000,0.0000,0.0000,0.0000,0.0000,7360.0000,0.0000,0.0000,0.0000,0.0000,7,0,0,0,0,1,0,0,0,0
zc,TA210,2012-06-07 09:03:41.900,7370.0000,688,0,0.0000,0.0000,0,0,多换,B,7344.0000,0.0000,0.0000,0.0000,0.0000,7360.0000,0.0000,0.0000,0.0000,0.0000,1,0,0,0,0,1,0,0,0,0
zc,TA210,2012-06-07 09:03:42.370,7370.0000,688,0,0.0000,0.0000,0,0,多换,B,7344.0000,0.0000,0.0000,0.0000,0.0000,7362.0000,0.0000,0.0000,0.0000,0.0000,1,0,0,0,0,1,0,0,0,0
zc,TA210,2012-06-07 09:03:43.150,7370.0000,688,0,0.0000,0.0000,0,0,多换,B,7344.0000,0.0000,0.0000,0.0000,0.0000,7360.0000,0.0000,0.0000,0.0000,0.0000,1,0,0,0,0,1,0,0,0,0
zc,TA210,2012-06-07 09:03:43.620,7370.0000,688,0,0.0000,0.0000,0,0,多换,B,7342.0000,0.0000,0.0000,0.0000,0.0000,7362.0000,0.0000,0.0000,0.0000,0.0000,1,0,0,0,0,1,0,0,0,0
zc,TA210,2012-06-07 09:03:44.417,7370.0000,688,0,0.0000,0.0000,0,0,多换,B,7344.0000,0.0000,0.0000,0.0000,0.0000,7362.0000,0.0000,0.0000,0.0000,0.0000,1,0,0,0,0,1,0,0,0,0
zc,TA210,2012-06-07 09:03:44.887,7370.0000,688,0,0.0000,0.0000,0,0,多换,B,7342.0000,0.0000,0.0000,0.0000,0.0000,7360.0000,0.0000,0.0000,0.0000,0.0000,1,0,0,0,0,1,0,0,0,0
zc,TA210,2012-06-07 09:03:45.637,7370.0000,688,0,0.0000,0.0000,0,0,多换,B,7342.0000,0.0000,0.0000,0.0000,0.0000,7364.0000,0.0000,0.0000,0.0000,0.0000,1,0,0,0,0,11,0,0,0,0
zc,TA210,2012-06-07 09:03:46.150,7370.0000,688,0,0.0000,0.0000,0,0,多换,B,7338.0000,0.0000,0.0000,0.0000,0.0000,7360.0000,0.0000,0.0000,0.0000,0.0000,7,0,0,0,0,1,0,0,0,0
zc,TA210,2012-06-07 09:03:46.900,7370.0000,688,0,0.0000,0.0000,0,0,多换,B,7338.0000,0.0000,0.0000,0.0000,0.0000,7364.0000,0.0000,0.0000,0.0000,0.0000,7,0,0,0,0,1,0,0,0,0
zc,TA210,2012-06-07 09:03:47.667,7370.0000,688,0,0.0000,0.0000,0,0,多换,B,7346.0000,0.0000,0.0000,0.0000,0.0000,7360.0000,0.0000,0.0000,0.0000,0.0000,7,0,0,0,0,3,0,0,0,0
zc,TA210,2012-06-07 09:03:48.417,7370.0000,688,0,0.0000,0.0000,0,0,多换,B,7346.0000,0.0000,0.0000,0.0000,0.0000,7358.0000,0.0000,0.0000,0.0000,0.0000,7,0,0,0,0,3,0,0,0,0
zc,TA210,2012-06-07 09:03:52.370,7370.0000,688,0,0.0000,0.0000,0,0,多换,B,7346.0000,0.0000,0.0000,0.0000,0.0000,7360.0000,0.0000,0.0000,0.0000,0.0000,7,0,0,0,0,3,0,0,0,0
zc,TA210,2012-06-07 09:04:00.417,7370.0000,688,0,0.0000,0.0000,0,0,多换,B,7346.0000,0.0000,0.0000,0.0000,0.0000,7358.0000,0.0000,0.0000,0.0000,0.0000,7,0,0,0,0,3,0,0,0,0
zc,TA210,2012-06-07 09:04:01.120,7370.0000,688,0,0.0000,0.0000,0,0,多换,B,7346.0000,0.0000,0.0000,0.0000,0.0000,7358.0000,0.0000,0.0000,0.0000,0.0000,6,0,0,0,0,3,0,0,0,0
zc,TA210,2012-06-07 09:04:01.620,7370.0000,688,0,0.0000,0.0000,0,0,多换,B,7344.0000,0.0000,0.0000,0.0000,0.0000,7358.0000,0.0000,0.0000,0.0000,0.0000,1,0,0,0,0,3,0,0,0,0
zc,TA210,2012-06-07 09:04:02.887,7370.0000,688,0,0.0000,0.0000,0,0,多换,B,7342.0000,0.0000,0.0000,0.0000,0.0000,7358.0000,0.0000,0.0000,0.0000,0.0000,2,0,0,0,0,3,0,0,0,0
zc,TA210,2012-06-07 09:04:03.637,7370.0000,688,0,0.0000,0.0000,0,0,多换,B,7340.0000,0.0000,0.0000,0.0000,0.0000,7358.0000,0.0000,0.0000,0.0000,0.0000,1,0,0,0,0,3,0,0,0,0
zc,TA210,2012-06-07 09:04:04.900,7370.0000,688,0,0.0000,0.0000,0,0,多换,B,7340.0000,0.0000,0.0000,0.0000,0.0000,7356.0000,0.0000,0.0000,0.0000,0.0000,1,0,0,0,0,3,0,0,0,0
zc,TA210,2012-06-07 09:04:05.667,7370.0000,688,0,0.0000,0.0000,0,0,多换,B,7340.0000,0.0000,0.0000,0.0000,0.0000,7360.0000,0.0000,0.0000,0.0000,0.0000,1,0,0,0,0,3,0,0,0,0
zc,TA210,2012-06-07 09:04:05.870,7370.0000,688,0,0.0000,0.0000,0,0,多换,B,7342.0000,0.0000,0.0000,0.0000,0.0000,7356.0000,0.0000,0.0000,0.0000,0.0000,1,0,0,0,0,3,0,0,0,0
zc,TA210,2012-06-07 09:04:06.900,7370.0000,688,0,0.0000,0.0000,0,0,多换,B,7340.0000,0.0000,0.0000,0.0000,0.0000,7360.0000,0.0000,0.0000,0.0000,0.0000,1,0,0,0,0,3,0,0,0,0
zc,TA210,2012-06-07 09:04:08.137,7370.0000,688,0,0.0000,0.0000,0,0,多换,B,7340.0000,0.0000,0.0000,0.0000,0.0000,7358.0000,0.0000,0.0000,0.0000,0.0000,1,0,0,0,0,3,0,0,0,0
zc,TA210,2012-06-07 09:04:08.650,7370.0000,688,0,0.0000,0.0000,0,0,多换,B,7342.0000,0.0000,0.0000,0.0000,0.0000,7358.0000,0.0000,0.0000,0.0000,0.0000,1,0,0,0,0,3,0,0,0,0
zc,TA210,2012-06-07 09:04:09.400,7370.0000,688,0,0.0000,0.0000,0,0,多换,B,7340.0000,0.0000,0.0000,0.0000,0.0000,7358.0000,0.0000,0.0000,0.0000,0.0000,1,0,0,0,0,3,0,0,0,0
zc,TA210,2012-06-07 09:04:09.853,7370.0000,688,0,0.0000,0.0000,0,0,多换,B,7340.0000,0.0000,0.0000,0.0000,0.0000,7358.0000,0.0000,0.0000,0.0000,0.0000,1,0,0,0,0,1,0,0,0,0
zc,TA210,2012-06-07 09:04:10.387,7370.0000,688,0,0.0000,0.0000,0,0,多换,B,7340.0000,0.0000,0.0000,0.0000,0.0000,7358.0000,0.0000,0.0000,0.0000,0.0000,1,0,0,0,0,3,0,0,0,0
zc,TA210,2012-06-07 09:04:10.887,7370.0000,688,0,0.0000,0.0000,0,0,多换,B,7340.0000,0.0000,0.0000,0.0000,0.0000,7360.0000,0.0000,0.0000,0.0000,0.0000,1,0,0,0,0,3,0,0,0,0
zc,TA210,2012-06-07 09:04:12.370,7370.0000,688,0,0.0000,0.0000,0,0,多换,B,7340.0000,0.0000,0.0000,0.0000,0.0000,7358.0000,0.0000,0.0000,0.0000,0.0000,1,0,0,0,0,1,0,0,0,0
zc,TA210,2012-06-07 09:04:13.120,7370.0000,688,0,0.0000,0.0000,0,0,多换,B,7340.0000,0.0000,0.0000,0.0000,0.0000,7356.0000,0.0000,0.0000,0.0000,0.0000,1,0,0,0,0,2,0,0,0,0
zc,TA210,2012-06-07 09:04:13.337,7370.0000,688,0,0.0000,0.0000,0,0,多换,B,7342.0000,0.0000,0.0000,0.0000,0.0000,7356.0000,0.0000,0.0000,0.0000,0.0000,5,0,0,0,0,3,0,0,0,0
zc,TA210,2012-06-07 09:04:14.150,7370.0000,688,0,0.0000,0.0000,0,0,多换,B,7342.0000,0.0000,0.0000,0.0000,0.0000,7358.0000,0.0000,0.0000,0.0000,0.0000,5,0,0,0,0,3,0,0,0,0
zc,TA210,2012-06-07 09:04:14.620,7370.0000,688,0,0.0000,0.0000,0,0,多换,B,7344.0000,0.0000,0.0000,0.0000,0.0000,7358.0000,0.0000,0.0000,0.0000,0.0000,4,0,0,0,0,3,0,0,0,0
zc,TA210,2012-06-07 09:04:15.370,7370.0000,688,0,0.0000,0.0000,0,0,多换,B,7342.0000,0.0000,0.0000,0.0000,0.0000,7358.0000,0.0000,0.0000,0.0000,0.0000,3,0,0,0,0,3,0,0,0,0
zc,TA210,2012-06-07 09:04:16.900,7370.0000,688,0,0.0000,0.0000,0,0,多换,B,7342.0000,0.0000,0.0000,0.0000,0.0000,7362.0000,0.0000,0.0000,0.0000,0.0000,3,0,0,0,0,3,0,0,0,0
zc,TA210,2012-06-07 09:04:18.167,7370.0000,688,0,0.0000,0.0000,0,0,多换,B,7342.0000,0.0000,0.0000,0.0000,0.0000,7364.0000,0.0000,0.0000,0.0000,0.0000,3,0,0,0,0,3,0,0,0,0
zc,TA210,2012-06-07 09:04:19.917,7370.0000,688,0,0.0000,0.0000,0,0,多换,B,7342.0000,0.0000,0.0000,0.0000,0.0000,7362.0000,0.0000,0.0000,0.0000,0.0000,3,0,0,0,0,1,0,0,0,0
zc,TA210,2012-06-07 09:04:20.387,7370.0000,688,0,0.0000,0.0000,0,0,多换,B,7346.0000,0.0000,0.0000,0.0000,0.0000,7364.0000,0.0000,0.0000,0.0000,0.0000,1,0,0,0,0,3,0,0,0,0
zc,TA210,2012-06-07 09:04:22.887,7370.0000,688,0,0.0000,0.0000,0,0,多换,B,7346.0000,0.0000,0.0000,0.0000,0.0000,7366.0000,0.0000,0.0000,0.0000,0.0000,1,0,0,0,0,3,0,0,0,0
zc,TA210,2012-06-07 09:04:23.900,7370.0000,688,0,0.0000,0.0000,0,0,多换,B,7346.0000,0.0000,0.0000,0.0000,0.0000,7362.0000,0.0000,0.0000,0.0000,0.0000,1,0,0,0,0,3,0,0,0,0
zc,TA210,2012-06-07 09:04:24.387,7370.0000,688,0,0.0000,0.0000,0,0,多换,B,7346.0000,0.0000,0.0000,0.0000,0.0000,7366.0000,0.0000,0.0000,0.0000,0.0000,1,0,0,0,0,3,0,0,0,0
zc,TA210,2012-06-07 09:04:25.137,7370.0000,688,0,0.0000,0.0000,0,0,多换,B,7348.0000,0.0000,0.0000,0.0000,0.0000,7366.0000,0.0000,0.0000,0.0000,0.0000,5,0,0,0,0,3,0,0,0,0
zc,TA210,2012-06-07 09:04:25.620,7370.0000,688,0,0.0000,0.0000,0,0,多换,B,7348.0000,0.0000,0.0000,0.0000,0.0000,7366.0000,0.0000,0.0000,0.0000,0.0000,6,0,0,0,0,3,0,0,0,0
zc,TA210,2012-06-07 09:04:27.370,7370.0000,688,0,0.0000,0.0000,0,0,多换,B,7348.0000,0.0000,0.0000,0.0000,0.0000,7366.0000,0.0000,0.0000,0.0000,0.0000,9,0,0,0,0,3,0,0,0,0
zc,TA210,2012-06-07 09:04:27.853,7370.0000,688,0,0.0000,0.0000,0,0,多换,B,7348.0000,0.0000,0.0000,0.0000,0.0000,7366.0000,0.0000,0.0000,0.0000,0.0000,10,0,0,0,0,3,0,0,0,0
zc,TA210,2012-06-07 09:04:28.637,7370.0000,688,0,0.0000,0.0000,0,0,多换,B,7348.0000,0.0000,0.0000,0.0000,0.0000,7364.0000,0.0000,0.0000,0.0000,0.0000,10,0,0,0,0,3,0,0,0,0
zc,TA210,2012-06-07 09:04:29.120,7370.0000,688,0,0.0000,0.0000,0,0,多换,B,7348.0000,0.0000,0.0000,0.0000,0.0000,7364.0000,0.0000,0.0000,0.0000,0.0000,8,0,0,0,0,3,0,0,0,0
zc,TA210,2012-06-07 09:04:29.870,7370.0000,688,0,0.0000,0.0000,0,0,多换,B,7348.0000,0.0000,0.0000,0.0000,0.0000,7366.0000,0.0000,0.0000,0.0000,0.0000,7,0,0,0,0,3,0,0,0,0
zc,TA210,2012-06-07 09:04:30.603,7370.0000,688,0,0.0000,0.0000,0,0,多换,B,7348.0000,0.0000,0.0000,0.0000,0.0000,7364.0000,0.0000,0.0000,0.0000,0.0000,7,0,0,0,0,3,0,0,0,0
zc,TA210,2012-06-07 09:04:31.120,7370.0000,688,0,0.0000,0.0000,0,0,多换,B,7348.0000,0.0000,0.0000,0.0000,0.0000,7364.0000,0.0000,0.0000,0.0000,0.0000,4,0,0,0,0,3,0,0,0,0
zc,TA210,2012-06-07 09:04:31.900,7370.0000,688,0,0.0000,0.0000,0,0,多换,B,7348.0000,0.0000,0.0000,0.0000,0.0000,7364.0000,0.0000,0.0000,0.0000,0.0000,3,0,0,0,0,3,0,0,0,0
zc,TA210,2012-06-07 09:04:32.650,7370.0000,688,0,0.0000,0.0000,0,0,多换,B,7348.0000,0.0000,0.0000,0.0000,0.0000,7366.0000,0.0000,0.0000,0.0000,0.0000,3,0,0,0,0,3,0,0,0,0
zc,TA210,2012-06-07 09:04:33.603,7370.0000,688,0,0.0000,0.0000,0,0,多换,B,7348.0000,0.0000,0.0000,0.0000,0.0000,7366.0000,0.0000,0.0000,0.0000,0.0000,4,0,0,0,0,3,0,0,0,0
zc,TA210,2012-06-07 09:04:36.900,7370.0000,688,0,0.0000,0.0000,0,0,多换,B,7348.0000,0.0000,0.0000,0.0000,0.0000,7366.0000,0.0000,0.0000,0.0000,0.0000,3,0,0,0,0,3,0,0,0,0
zc,TA210,2012-06-07 09:04:38.120,7370.0000,688,0,0.0000,0.0000,0,0,多换,B,7348.0000,0.0000,0.0000,0.0000,0.0000,7366.0000,0.0000,0.0000,0.0000,0.0000,3,0,0,0,0,9,0,0,0,0
zc,TA210,2012-06-07 09:04:38.637,7370.0000,688,0,0.0000,0.0000,0,0,多换,B,7348.0000,0.0000,0.0000,0.0000,0.0000,7366.0000,0.0000,0.0000,0.0000,0.0000,8,0,0,0,0,3,0,0,0,0
zc,TA210,2012-06-07 09:04:39.353,7370.0000,688,0,0.0000,0.0000,0,0,多换,B,7348.0000,0.0000,0.0000,0.0000,0.0000,7366.0000,0.0000,0.0000,0.0000,0.0000,7,0,0,0,0,3,0,0,0,0
zc,TA210,2012-06-07 09:04:39.853,7370.0000,688,0,0.0000,0.0000,0,0,多换,B,7348.0000,0.0000,0.0000,0.0000,0.0000,7366.0000,0.0000,0.0000,0.0000,0.0000,6,0,0,0,0,3,0,0,0,0
zc,TA210,2012-06-07 09:04:40.603,7370.0000,688,0,0.0000,0.0000,0,0,多换,B,7348.0000,0.0000,0.0000,0.0000,0.0000,7366.0000,0.0000,0.0000,0.0000,0.0000,5,0,0,0,0,3,0,0,0,0
zc,TA210,2012-06-07 09:04:42.620,7370.0000,688,0,0.0000,0.0000,0,0,多换,B,7348.0000,0.0000,0.0000,0.0000,0.0000,7366.0000,0.0000,0.0000,0.0000,0.0000,4,0,0,0,0,3,0,0,0,0
zc,TA210,2012-06-07 09:04:43.917,7370.0000,688,0,0.0000,0.0000,0,0,多换,B,7348.0000,0.0000,0.0000,0.0000,0.0000,7366.0000,0.0000,0.0000,0.0000,0.0000,3,0,0,0,0,3,0,0,0,0
zc,TA210,2012-06-07 09:04:45.637,7370.0000,688,0,0.0000,0.0000,0,0,多换,B,7348.0000,0.0000,0.0000,0.0000,0.0000,7364.0000,0.0000,0.0000,0.0000,0.0000,3,0,0,0,0,3,0,0,0,0
zc,TA210,2012-06-07 09:04:49.120,7370.0000,688,0,0.0000,0.0000,0,0,多换,B,7348.0000,0.0000,0.0000,0.0000,0.0000,7364.0000,0.0000,0.0000,0.0000,0.0000,4,0,0,0,0,3,0,0,0,0
zc,TA210,2012-06-07 09:04:50.120,7370.0000,688,0,0.0000,0.0000,0,0,多换,B,7348.0000,0.0000,0.0000,0.0000,0.0000,7366.0000,0.0000,0.0000,0.0000,0.0000,4,0,0,0,0,3,0,0,0,0
zc,TA210,2012-06-07 09:04:52.870,7370.0000,688,0,0.0000,0.0000,0,0,多换,B,7348.0000,0.0000,0.0000,0.0000,0.0000,7364.0000,0.0000,0.0000,0.0000,0.0000,4,0,0,0,0,3,0,0,0,0
zc,TA210,2012-06-07 09:04:55.387,7370.0000,688,0,0.0000,0.0000,0,0,多换,B,7348.0000,0.0000,0.0000,0.0000,0.0000,7362.0000,0.0000,0.0000,0.0000,0.0000,4,0,0,0,0,3,0,0,0,0
zc,TA210,2012-06-07 09:04:58.103,7370.0000,688,0,0.0000,0.0000,0,0,多换,B,7348.0000,0.0000,0.0000,0.0000,0.0000,7362.0000,0.0000,0.0000,0.0000,0.0000,4,0,0,0,0,3,0,0,0,0
zc,TA210,2012-06-07 09:04:58.870,7370.0000,688,0,0.0000,0.0000,0,0,多换,B,7348.0000,0.0000,0.0000,0.0000,0.0000,7362.0000,0.0000,0.0000,0.0000,0.0000,5,0,0,0,0,3,0,0,0,0
zc,TA210,2012-06-07 09:04:59.370,7370.0000,688,0,0.0000,0.0000,0,0,多换,B,7348.0000,0.0000,0.0000,0.0000,0.0000,7364.0000,0.0000,0.0000,0.0000,0.0000,5,0,0,0,0,3,0,0,0,0
zc,TA210,2012-06-07 09:05:00.603,7370.0000,688,0,0.0000,0.0000,0,0,多换,B,7348.0000,0.0000,0.0000,0.0000,0.0000,7364.0000,0.0000,0.0000,0.0000,0.0000,7,0,0,0,0,3,0,0,0,0
zc,TA210,2012-06-07 09:05:01.870,7370.0000,688,0,0.0000,0.0000,0,0,多换,B,7348.0000,0.0000,0.0000,0.0000,0.0000,7364.0000,0.0000,0.0000,0.0000,0.0000,3,0,0,0,0,3,0,0,0,0
zc,TA210,2012-06-07 09:05:02.587,7370.0000,688,0,0.0000,0.0000,0,0,多换,B,7348.0000,0.0000,0.0000,0.0000,0.0000,7362.0000,0.0000,0.0000,0.0000,0.0000,3,0,0,0,0,3,0,0,0,0
zc,TA210,2012-06-07 09:05:03.917,7370.0000,688,0,0.0000,0.0000,0,0,多换,B,7348.0000,0.0000,0.0000,0.0000,0.0000,7364.0000,0.0000,0.0000,0.0000,0.0000,3,0,0,0,0,3,0,0,0,0
zc,TA210,2012-06-07 09:05:04.620,7370.0000,688,0,0.0000,0.0000,0,0,多换,B,7348.0000,0.0000,0.0000,0.0000,0.0000,7362.0000,0.0000,0.0000,0.0000,0.0000,3,0,0,0,0,3,0,0,0,0
zc,TA210,2012-06-07 09:05:07.637,7370.0000,688,0,0.0000,0.0000,0,0,多换,B,7348.0000,0.0000,0.0000,0.0000,0.0000,7360.0000,0.0000,0.0000,0.0000,0.0000,3,0,0,0,0,3,0,0,0,0
zc,TA210,2012-06-07 09:05:10.120,7370.0000,688,0,0.0000,0.0000,0,0,多换,B,7348.0000,0.0000,0.0000,0.0000,0.0000,7358.0000,0.0000,0.0000,0.0000,0.0000,3,0,0,0,0,3,0,0,0,0
zc,TA210,2012-06-07 09:05:15.087,7370.0000,688,0,0.0000,0.0000,0,0,多换,B,7344.0000,0.0000,0.0000,0.0000,0.0000,7356.0000,0.0000,0.0000,0.0000,0.0000,7,0,0,0,0,3,0,0,0,0
zc,TA210,2012-06-07 09:05:16.417,7370.0000,688,0,0.0000,0.0000,0,0,多换,B,7344.0000,0.0000,0.0000,0.0000,0.0000,7358.0000,0.0000,0.0000,0.0000,0.0000,7,0,0,0,0,3,0,0,0,0
zc,TA210,2012-06-07 09:05:16.870,7370.0000,688,0,0.0000,0.0000,0,0,多换,B,7342.0000,0.0000,0.0000,0.0000,0.0000,7358.0000,0.0000,0.0000,0.0000,0.0000,6,0,0,0,0,3,0,0,0,0
zc,TA210,2012-06-07 09:05:19.837,7370.0000,688,0,0.0000,0.0000,0,0,多换,B,7340.0000,0.0000,0.0000,0.0000,0.0000,7354.0000,0.0000,0.0000,0.0000,0.0000,4,0,0,0,0,3,0,0,0,0
zc,TA210,2012-06-07 09:05:20.337,7370.0000,688,0,0.0000,0.0000,0,0,多换,B,7340.0000,0.0000,0.0000,0.0000,0.0000,7354.0000,0.0000,0.0000,0.0000,0.0000,3,0,0,0,0,3,0,0,0,0
zc,TA210,2012-06-07 09:05:21.120,7370.0000,688,0,0.0000,0.0000,0,0,多换,B,7340.0000,0.0000,0.0000,0.0000,0.0000,7354.0000,0.0000,0.0000,0.0000,0.0000,5,0,0,0,0,3,0,0,0,0
zc,TA210,2012-06-07 09:05:21.620,7370.0000,688,0,0.0000,0.0000,0,0,多换,B,7338.0000,0.0000,0.0000,0.0000,0.0000,7354.0000,0.0000,0.0000,0.0000,0.0000,7,0,0,0,0,3,0,0,0,0
zc,TA210,2012-06-07 09:05:24.370,7370.0000,688,0,0.0000,0.0000,0,0,多换,B,7338.0000,0.0000,0.0000,0.0000,0.0000,7354.0000,0.0000,0.0000,0.0000,0.0000,7,0,0,0,0,1,0,0,0,0
zc,TA210,2012-06-07 09:05:24.637,7370.0000,688,0,0.0000,0.0000,0,0,多换,B,7338.0000,0.0000,0.0000,0.0000,0.0000,7356.0000,0.0000,0.0000,0.0000,0.0000,7,0,0,0,0,3,0,0,0,0
zc,TA210,2012-06-07 09:05:25.853,7370.0000,688,0,0.0000,0.0000,0,0,多换,B,7338.0000,0.0000,0.0000,0.0000,0.0000,7352.0000,0.0000,0.0000,0.0000,0.0000,7,0,0,0,0,3,0,0,0,0
zc,TA210,2012-06-07 09:05:32.870,7370.0000,688,0,0.0000,0.0000,0,0,多换,B,7336.0000,0.0000,0.0000,0.0000,0.0000,7352.0000,0.0000,0.0000,0.0000,0.0000,7,0,0,0,0,3,0,0,0,0
zc,TA210,2012-06-07 09:05:33.620,7370.0000,688,0,0.0000,0.0000,0,0,多换,B,7336.0000,0.0000,0.0000,0.0000,0.0000,7354.0000,0.0000,0.0000,0.0000,0.0000,7,0,0,0,0,3,0,0,0,0
zc,TA210,2012-06-07 09:05:34.900,7370.0000,688,0,0.0000,0.0000,0,0,多换,B,7336.0000,0.0000,0.0000,0.0000,0.0000,7352.0000,0.0000,0.0000,0.0000,0.0000,7,0,0,0,0,3,0,0,0,0
zc,TA210,2012-06-07 09:05:38.400,7370.0000,688,0,0.0000,0.0000,0,0,多换,B,7336.0000,0.0000,0.0000,0.0000,0.0000,7350.0000,0.0000,0.0000,0.0000,0.0000,7,0,0,0,0,3,0,0,0,0
zc,TA210,2012-06-07 09:05:38.870,7370.0000,688,0,0.0000,0.0000,0,0,多换,B,7336.0000,0.0000,0.0000,0.0000,0.0000,7352.0000,0.0000,0.0000,0.0000,0.0000,7,0,0,0,0,3,0,0,0,0
zc,TA210,2012-06-07 09:05:39.353,7370.0000,688,0,0.0000,0.0000,0,0,多换,B,7336.0000,0.0000,0.0000,0.0000,0.0000,7350.0000,0.0000,0.0000,0.0000,0.0000,7,0,0,0,0,3,0,0,0,0
zc,TA210,2012-06-07 09:05:40.120,7370.0000,688,0,0.0000,0.0000,0,0,多换,B,7336.0000,0.0000,0.0000,0.0000,0.0000,7352.0000,0.0000,0.0000,0.0000,0.0000,7,0,0,0,0,3,0,0,0,0
zc,TA210,2012-06-07 09:05:40.603,7370.0000,688,0,0.0000,0.0000,0,0,多换,B,7336.0000,0.0000,0.0000,0.0000,0.0000,7350.0000,0.0000,0.0000,0.0000,0.0000,7,0,0,0,0,2,0,0,0,0
zc,TA210,2012-06-07 09:05:41.353,7370.0000,688,0,0.0000,0.0000,0,0,多换,B,7336.0000,0.0000,0.0000,0.0000,0.0000,7352.0000,0.0000,0.0000,0.0000,0.0000,7,0,0,0,0,3,0,0,0,0
zc,TA210,2012-06-07 09:05:42.917,7370.0000,688,0,0.0000,0.0000,0,0,多换,B,7336.0000,0.0000,0.0000,0.0000,0.0000,7350.0000,0.0000,0.0000,0.0000,0.0000,7,0,0,0,0,3,0,0,0,0
zc,TA210,2012-06-07 09:05:49.073,7370.0000,688,0,0.0000,0.0000,0,0,多换,B,7336.0000,0.0000,0.0000,0.0000,0.0000,7350.0000,0.0000,0.0000,0.0000,0.0000,6,0,0,0,0,3,0,0,0,0
zc,TA210,2012-06-07 09:05:49.650,7370.0000,688,0,0.0000,0.0000,0,0,多换,B,7336.0000,0.0000,0.0000,0.0000,0.0000,7352.0000,0.0000,0.0000,0.0000,0.0000,6,0,0,0,0,3,0,0,0,0
zc,TA210,2012-06-07 09:05:50.387,7370.0000,688,0,0.0000,0.0000,0,0,多换,B,7338.0000,0.0000,0.0000,0.0000,0.0000,7350.0000,0.0000,0.0000,0.0000,0.0000,2,0,0,0,0,3,0,0,0,0
zc,TA210,2012-06-07 09:05:50.853,7370.0000,688,0,0.0000,0.0000,0,0,多换,B,7336.0000,0.0000,0.0000,0.0000,0.0000,7350.0000,0.0000,0.0000,0.0000,0.0000,7,0,0,0,0,3,0,0,0,0
zc,TA210,2012-06-07 09:05:51.870,7370.0000,688,0,0.0000,0.0000,0,0,多换,B,7336.0000,0.0000,0.0000,0.0000,0.0000,7352.0000,0.0000,0.0000,0.0000,0.0000,7,0,0,0,0,3,0,0,0,0
zc,TA210,2012-06-07 09:05:53.087,7370.0000,688,0,0.0000,0.0000,0,0,多换,B,7338.0000,0.0000,0.0000,0.0000,0.0000,7352.0000,0.0000,0.0000,0.0000,0.0000,7,0,0,0,0,3,0,0,0,0
zc,TA210,2012-06-07 09:05:53.853,7370.0000,688,0,0.0000,0.0000,0,0,多换,B,7338.0000,0.0000,0.0000,0.0000,0.0000,7350.0000,0.0000,0.0000,0.0000,0.0000,7,0,0,0,0,3,0,0,0,0
zc,TA210,2012-06-07 09:05:54.837,7370.0000,688,0,0.0000,0.0000,0,0,多换,B,7338.0000,0.0000,0.0000,0.0000,0.0000,7352.0000,0.0000,0.0000,0.0000,0.0000,7,0,0,0,0,3,0,0,0,0
zc,TA210,2012-06-07 09:05:57.887,7370.0000,688,0,0.0000,0.0000,0,0,多换,B,7338.0000,0.0000,0.0000,0.0000,0.0000,7350.0000,0.0000,0.0000,0.0000,0.0000,4,0,0,0,0,4,0,0,0,0
zc,TA210,2012-06-07 09:05:59.103,7370.0000,688,0,0.0000,0.0000,0,0,多换,B,7338.0000,0.0000,0.0000,0.0000,0.0000,7350.0000,0.0000,0.0000,0.0000,0.0000,3,0,0,0,0,4,0,0,0,0
zc,TA210,2012-06-07 09:05:59.870,7370.0000,688,0,0.0000,0.0000,0,0,多换,B,7338.0000,0.0000,0.0000,0.0000,0.0000,7350.0000,0.0000,0.0000,0.0000,0.0000,2,0,0,0,0,4,0,0,0,0
zc,TA210,2012-06-07 09:06:00.323,7370.0000,688,0,0.0000,0.0000,0,0,多换,B,7338.0000,0.0000,0.0000,0.0000,0.0000,7350.0000,0.0000,0.0000,0.0000,0.0000,1,0,0,0,0,4,0,0,0,0
zc,TA210,2012-06-07 09:06:00.887,7370.0000,688,0,0.0000,0.0000,0,0,多换,B,7336.0000,0.0000,0.0000,0.0000,0.0000,7350.0000,0.0000,0.0000,0.0000,0.0000,7,0,0,0,0,4,0,0,0,0
zc,TA210,2012-06-07 09:06:03.603,7370.0000,688,0,0.0000,0.0000,0,0,多换,B,7338.0000,0.0000,0.0000,0.0000,0.0000,7350.0000,0.0000,0.0000,0.0000,0.0000,1,0,0,0,0,4,0,0,0,0
zc,TA210,2012-06-07 09:06:04.073,7370.0000,688,0,0.0000,0.0000,0,0,多换,B,7338.0000,0.0000,0.0000,0.0000,0.0000,7350.0000,0.0000,0.0000,0.0000,0.0000,3,0,0,0,0,4,0,0,0,0
zc,TA210,2012-06-07 09:06:06.650,7370.0000,688,0,0.0000,0.0000,0,0,多换,B,7336.0000,0.0000,0.0000,0.0000,0.0000,7354.0000,0.0000,0.0000,0.0000,0.0000,7,0,0,0,0,3,0,0,0,0
zc,TA210,2012-06-07 09:06:07.087,7370.0000,688,0,0.0000,0.0000,0,0,多换,B,7338.0000,0.0000,0.0000,0.0000,0.0000,7350.0000,0.0000,0.0000,0.0000,0.0000,7,0,0,0,0,2,0,0,0,0
zc,TA210,2012-06-07 09:06:07.603,7370.0000,688,0,0.0000,0.0000,0,0,多换,B,7338.0000,0.0000,0.0000,0.0000,0.0000,7350.0000,0.0000,0.0000,0.0000,0.0000,7,0,0,0,0,3,0,0,0,0
zc,TA210,2012-06-07 09:06:08.387,7370.0000,688,0,0.0000,0.0000,0,0,多换,B,7338.0000,0.0000,0.0000,0.0000,0.0000,7352.0000,0.0000,0.0000,0.0000,0.0000,7,0,0,0,0,2,0,0,0,0
zc,TA210,2012-06-07 09:06:09.120,7370.0000,688,0,0.0000,0.0000,0,0,多换,B,7338.0000,0.0000,0.0000,0.0000,0.0000,7352.0000,0.0000,0.0000,0.0000,0.0000,7,0,0,0,0,3,0,0,0,0
zc,TA210,2012-06-07 09:06:09.620,7370.0000,688,0,0.0000,0.0000,0,0,多换,B,7338.0000,0.0000,0.0000,0.0000,0.0000,7352.0000,0.0000,0.0000,0.0000,0.0000,7,0,0,0,0,4,0,0,0,0
zc,TA210,2012-06-07 09:06:10.103,7370.0000,688,0,0.0000,0.0000,0,0,多换,B,7340.0000,0.0000,0.0000,0.0000,0.0000,7352.0000,0.0000,0.0000,0.0000,0.0000,4,0,0,0,0,4,0,0,0,0
zc,TA210,2012-06-07 09:06:12.603,7370.0000,688,0,0.0000,0.0000,0,0,多换,B,7338.0000,0.0000,0.0000,0.0000,0.0000,7352.0000,0.0000,0.0000,0.0000,0.0000,7,0,0,0,0,4,0,0,0,0
zc,TA210,2012-06-07 09:06:15.853,7370.0000,688,0,0.0000,0.0000,0,0,多换,B,7336.0000,0.0000,0.0000,0.0000,0.0000,7352.0000,0.0000,0.0000,0.0000,0.0000,7,0,0,0,0,4,0,0,0,0
zc,TA210,2012-06-07 09:06:17.603,7370.0000,688,0,0.0000,0.0000,0,0,多换,B,7336.0000,0.0000,0.0000,0.0000,0.0000,7352.0000,0.0000,0.0000,0.0000,0.0000,7,0,0,0,0,1,0,0,0,0
zc,TA210,2012-06-07 09:06:18.853,7370.0000,688,0,0.0000,0.0000,0,0,多换,B,7336.0000,0.0000,0.0000,0.0000,0.0000,7354.0000,0.0000,0.0000,0.0000,0.0000,7,0,0,0,0,3,0,0,0,0
zc,TA210,2012-06-07 09:06:21.120,7370.0000,688,0,0.0000,0.0000,0,0,多换,B,7338.0000,0.0000,0.0000,0.0000,0.0000,7354.0000,0.0000,0.0000,0.0000,0.0000,4,0,0,0,0,3,0,0,0,0
zc,TA210,2012-06-07 09:06:21.823,7370.0000,688,0,0.0000,0.0000,0,0,多换,B,7338.0000,0.0000,0.0000,0.0000,0.0000,7354.0000,0.0000,0.0000,0.0000,0.0000,7,0,0,0,0,3,0,0,0,0
zc,TA210,2012-06-07 09:06:24.387,7370.0000,688,0,0.0000,0.0000,0,0,多换,B,7338.0000,0.0000,0.0000,0.0000,0.0000,7356.0000,0.0000,0.0000,0.0000,0.0000,7,0,0,0,0,3,0,0,0,0
zc,TA210,2012-06-07 09:06:25.353,7370.0000,688,0,0.0000,0.0000,0,0,多换,B,7338.0000,0.0000,0.0000,0.0000,0.0000,7356.0000,0.0000,0.0000,0.0000,0.0000,8,0,0,0,0,3,0,0,0,0
zc,TA210,2012-06-07 09:06:26.150,7370.0000,688,0,0.0000,0.0000,0,0,多换,B,7340.0000,0.0000,0.0000,0.0000,0.0000,7356.0000,0.0000,0.0000,0.0000,0.0000,6,0,0,0,0,3,0,0,0,0
zc,TA210,2012-06-07 09:06:26.637,7370.0000,688,0,0.0000,0.0000,0,0,多换,B,7340.0000,0.0000,0.0000,0.0000,0.0000,7356.0000,0.0000,0.0000,0.0000,0.0000,5,0,0,0,0,3,0,0,0,0
zc,TA210,2012-06-07 09:06:27.887,7370.0000,688,0,0.0000,0.0000,0,0,多换,B,7340.0000,0.0000,0.0000,0.0000,0.0000,7356.0000,0.0000,0.0000,0.0000,0.0000,3,0,0,0,0,3,0,0,0,0
zc,TA210,2012-06-07 09:06:28.400,7370.0000,688,0,0.0000,0.0000,0,0,多换,B,7340.0000,0.0000,0.0000,0.0000,0.0000,7356.0000,0.0000,0.0000,0.0000,0.0000,4,0,0,0,0,3,0,0,0,0
zc,TA210,2012-06-07 09:06:29.620,7370.0000,688,0,0.0000,0.0000,0,0,多换,B,7340.0000,0.0000,0.0000,0.0000,0.0000,7356.0000,0.0000,0.0000,0.0000,0.0000,1,0,0,0,0,3,0,0,0,0
zc,TA210,2012-06-07 09:06:32.650,7370.0000,688,0,0.0000,0.0000,0,0,多换,B,7342.0000,0.0000,0.0000,0.0000,0.0000,7358.0000,0.0000,0.0000,0.0000,0.0000,1,0,0,0,0,3,0,0,0,0
zc,TA210,2012-06-07 09:06:33.103,7370.0000,688,0,0.0000,0.0000,0,0,多换,B,7342.0000,0.0000,0.0000,0.0000,0.0000,7358.0000,0.0000,0.0000,0.0000,0.0000,8,0,0,0,0,3,0,0,0,0
zc,TA210,2012-06-07 09:06:33.887,7370.0000,688,0,0.0000,0.0000,0,0,多换,B,7344.0000,0.0000,0.0000,0.0000,0.0000,7360.0000,0.0000,0.0000,0.0000,0.0000,1,0,0,0,0,3,0,0,0,0
zc,TA210,2012-06-07 09:06:34.337,7370.0000,688,0,0.0000,0.0000,0,0,多换,B,7344.0000,0.0000,0.0000,0.0000,0.0000,7360.0000,0.0000,0.0000,0.0000,0.0000,8,0,0,0,0,3,0,0,0,0
zc,TA210,2012-06-07 09:06:35.387,7370.0000,688,0,0.0000,0.0000,0,0,多换,B,7346.0000,0.0000,0.0000,0.0000,0.0000,7360.0000,0.0000,0.0000,0.0000,0.0000,3,0,0,0,0,3,0,0,0,0
zc,TA210,2012-06-07 09:06:38.103,7370.0000,688,0,0.0000,0.0000,0,0,多换,B,7346.0000,0.0000,0.0000,0.0000,0.0000,7358.0000,0.0000,0.0000,0.0000,0.0000,3,0,0,0,0,2,0,0,0,0
zc,TA210,2012-06-07 09:06:38.650,7370.0000,688,0,0.0000,0.0000,0,0,多换,B,7346.0000,0.0000,0.0000,0.0000,0.0000,7358.0000,0.0000,0.0000,0.0000,0.0000,4,0,0,0,0,1,0,0,0,0
zc,TA210,2012-06-07 09:06:39.387,7370.0000,688,0,0.0000,0.0000,0,0,多换,B,7346.0000,0.0000,0.0000,0.0000,0.0000,7358.0000,0.0000,0.0000,0.0000,0.0000,4,0,0,0,0,3,0,0,0,0
zc,TA210,2012-06-07 09:06:39.853,7370.0000,688,0,0.0000,0.0000,0,0,多换,B,7346.0000,0.0000,0.0000,0.0000,0.0000,7358.0000,0.0000,0.0000,0.0000,0.0000,4,0,0,0,0,1,0,0,0,0
zc,TA210,2012-06-07 09:06:40.620,7370.0000,688,0,0.0000,0.0000,0,0,多换,B,7346.0000,0.0000,0.0000,0.0000,0.0000,7358.0000,0.0000,0.0000,0.0000,0.0000,3,0,0,0,0,1,0,0,0,0
zc,TA210,2012-06-07 09:06:40.853,7370.0000,688,0,0.0000,0.0000,0,0,多换,B,7346.0000,0.0000,0.0000,0.0000,0.0000,7358.0000,0.0000,0.0000,0.0000,0.0000,2,0,0,0,0,1,0,0,0,0
zc,TA210,2012-06-07 09:06:42.837,7370.0000,688,0,0.0000,0.0000,0,0,多换,B,7344.0000,0.0000,0.0000,0.0000,0.0000,7358.0000,0.0000,0.0000,0.0000,0.0000,8,0,0,0,0,1,0,0,0,0
zc,TA210,2012-06-07 09:06:47.853,7370.0000,688,0,0.0000,0.0000,0,0,多换,B,7346.0000,0.0000,0.0000,0.0000,0.0000,7358.0000,0.0000,0.0000,0.0000,0.0000,1,0,0,0,0,1,0,0,0,0
zc,TA210,2012-06-07 09:06:49.087,7370.0000,688,0,0.0000,0.0000,0,0,多换,B,7344.0000,0.0000,0.0000,0.0000,0.0000,7358.0000,0.0000,0.0000,0.0000,0.0000,8,0,0,0,0,1,0,0,0,0
zc,TA210,2012-06-07 09:06:50.103,7370.0000,688,0,0.0000,0.0000,0,0,多换,B,7346.0000,0.0000,0.0000,0.0000,0.0000,7358.0000,0.0000,0.0000,0.0000,0.0000,7,0,0,0,0,1,0,0,0,0
zc,TA210,2012-06-07 09:06:51.073,7370.0000,688,0,0.0000,0.0000,0,0,多换,B,7346.0000,0.0000,0.0000,0.0000,0.0000,7358.0000,0.0000,0.0000,0.0000,0.0000,6,0,0,0,0,1,0,0,0,0
zc,TA210,2012-06-07 09:06:54.103,7370.0000,688,0,0.0000,0.0000,0,0,多换,B,7346.0000,0.0000,0.0000,0.0000,0.0000,7362.0000,0.0000,0.0000,0.0000,0.0000,8,0,0,0,0,3,0,0,0,0
zc,TA210,2012-06-07 09:06:54.823,7370.0000,688,0,0.0000,0.0000,0,0,多换,B,7346.0000,0.0000,0.0000,0.0000,0.0000,7362.0000,0.0000,0.0000,0.0000,0.0000,3,0,0,0,0,3,0,0,0,0
zc,TA210,2012-06-07 09:06:55.103,7370.0000,688,0,0.0000,0.0000,0,0,多换,B,7346.0000,0.0000,0.0000,0.0000,0.0000,7362.0000,0.0000,0.0000,0.0000,0.0000,8,0,0,0,0,3,0,0,0,0
zc,TA210,2012-06-07 09:06:57.027,7370.0000,688,0,0.0000,0.0000,0,0,多换,B,7346.0000,0.0000,0.0000,0.0000,0.0000,7362.0000,0.0000,0.0000,0.0000,0.0000,3,0,0,0,0,3,0,0,0,0
zc,TA210,2012-06-07 09:06:57.870,7370.0000,688,0,0.0000,0.0000,0,0,多换,B,7346.0000,0.0000,0.0000,0.0000,0.0000,7360.0000,0.0000,0.0000,0.0000,0.0000,2,0,0,0,0,3,0,0,0,0
zc,TA210,2012-06-07 09:06:58.353,7370.0000,688,0,0.0000,0.0000,0,0,多换,B,7346.0000,0.0000,0.0000,0.0000,0.0000,7360.0000,0.0000,0.0000,0.0000,0.0000,1,0,0,0,0,3,0,0,0,0
zc,TA210,2012-06-07 09:06:58.837,7370.0000,688,0,0.0000,0.0000,0,0,多换,B,7346.0000,0.0000,0.0000,0.0000,0.0000,7360.0000,0.0000,0.0000,0.0000,0.0000,1,0,0,0,0,4,0,0,0,0
zc,TA210,2012-06-07 09:07:00.323,7370.0000,688,0,0.0000,0.0000,0,0,多换,B,7346.0000,0.0000,0.0000,0.0000,0.0000,7360.0000,0.0000,0.0000,0.0000,0.0000,2,0,0,0,0,4,0,0,0,0
zc,TA210,2012-06-07 09:07:01.853,7370.0000,688,0,0.0000,0.0000,0,0,多换,B,7346.0000,0.0000,0.0000,0.0000,0.0000,7360.0000,0.0000,0.0000,0.0000,0.0000,7,0,0,0,0,4,0,0,0,0
zc,TA210,2012-06-07 09:07:07.917,7370.0000,688,0,0.0000,0.0000,0,0,多换,B,7346.0000,0.0000,0.0000,0.0000,0.0000,7358.0000,0.0000,0.0000,0.0000,0.0000,7,0,0,0,0,3,0,0,0,0
zc,TA210,2012-06-07 09:07:16.837,7370.0000,688,0,0.0000,0.0000,0,0,多换,B,7346.0000,0.0000,0.0000,0.0000,0.0000,7358.0000,0.0000,0.0000,0.0000,0.0000,6,0,0,0,0,3,0,0,0,0
zc,TA210,2012-06-07 09:07:17.807,7370.0000,688,0,0.0000,0.0000,0,0,多换,B,7344.0000,0.0000,0.0000,0.0000,0.0000,7358.0000,0.0000,0.0000,0.0000,0.0000,7,0,0,0,0,3,0,0,0,0
zc,TA210,2012-06-07 09:07:24.587,7370.0000,688,0,0.0000,0.0000,0,0,多换,B,7344.0000,0.0000,0.0000,0.0000,0.0000,7356.0000,0.0000,0.0000,0.0000,0.0000,7,0,0,0,0,3,0,0,0,0
zc,TA210,2012-06-07 09:07:25.323,7370.0000,688,0,0.0000,0.0000,0,0,多换,B,7344.0000,0.0000,0.0000,0.0000,0.0000,7356.0000,0.0000,0.0000,0.0000,0.0000,7,0,0,0,0,1,0,0,0,0
zc,TA210,2012-06-07 09:07:25.837,7370.0000,688,0,0.0000,0.0000,0,0,多换,B,7344.0000,0.0000,0.0000,0.0000,0.0000,7358.0000,0.0000,0.0000,0.0000,0.0000,7,0,0,0,0,3,0,0,0,0
zc,TA210,2012-06-07 09:07:27.853,7370.0000,688,0,0.0000,0.0000,0,0,多换,B,7344.0000,0.0000,0.0000,0.0000,0.0000,7356.0000,0.0000,0.0000,0.0000,0.0000,7,0,0,0,0,3,0,0,0,0
zc,TA210,2012-06-07 09:07:28.323,7370.0000,688,0,0.0000,0.0000,0,0,多换,B,7344.0000,0.0000,0.0000,0.0000,0.0000,7356.0000,0.0000,0.0000,0.0000,0.0000,2,0,0,0,0,3,0,0,0,0
zc,TA210,2012-06-07 09:07:28.807,7370.0000,688,0,0.0000,0.0000,0,0,多换,B,7342.0000,0.0000,0.0000,0.0000,0.0000,7356.0000,0.0000,0.0000,0.0000,0.0000,7,0,0,0,0,3,0,0,0,0
zc,TA210,2012-06-07 09:07:29.370,7370.0000,688,0,0.0000,0.0000,0,0,多换,B,7344.0000,0.0000,0.0000,0.0000,0.0000,7356.0000,0.0000,0.0000,0.0000,0.0000,7,0,0,0,0,3,0,0,0,0
zc,TA210,2012-06-07 09:07:30.073,7370.0000,688,0,0.0000,0.0000,0,0,多换,B,7342.0000,0.0000,0.0000,0.0000,0.0000,7356.0000,0.0000,0.0000,0.0000,0.0000,7,0,0,0,0,3,0,0,0,0
zc,TA210,2012-06-07 09:07:51.823,7370.0000,688,0,0.0000,0.0000,0,0,多换,B,7342.0000,0.0000,0.0000,0.0000,0.0000,7356.0000,0.0000,0.0000,0.0000,0.0000,6,0,0,0,0,3,0,0,0,0
zc,TA210,2012-06-07 09:07:52.620,7370.0000,688,0,0.0000,0.0000,0,0,多换,B,7342.0000,0.0000,0.0000,0.0000,0.0000,7356.0000,0.0000,0.0000,0.0000,0.0000,5,0,0,0,0,3,0,0,0,0
zc,TA210,2012-06-07 09:07:53.137,7370.0000,688,0,0.0000,0.0000,0,0,多换,B,7342.0000,0.0000,0.0000,0.0000,0.0000,7356.0000,0.0000,0.0000,0.0000,0.0000,4,0,0,0,0,3,0,0,0,0
zc,TA210,2012-06-07 09:07:54.087,7370.0000,688,0,0.0000,0.0000,0,0,多换,B,7344.0000,0.0000,0.0000,0.0000,0.0000,7356.0000,0.0000,0.0000,0.0000,0.0000,3,0,0,0,0,3,0,0,0,0
zc,TA210,2012-06-07 09:07:57.853,7370.0000,688,0,0.0000,0.0000,0,0,多换,B,7344.0000,0.0000,0.0000,0.0000,0.0000,7354.0000,0.0000,0.0000,0.0000,0.0000,3,0,0,0,0,3,0,0,0,0
zc,TA210,2012-06-07 09:08:11.370,7370.0000,688,0,0.0000,0.0000,0,0,多换,B,7344.0000,0.0000,0.0000,0.0000,0.0000,7356.0000,0.0000,0.0000,0.0000,0.0000,3,0,0,0,0,3,0,0,0,0
zc,TA210,2012-06-07 09:08:11.870,7370.0000,688,0,0.0000,0.0000,0,0,多换,B,7344.0000,0.0000,0.0000,0.0000,0.0000,7354.0000,0.0000,0.0000,0.0000,0.0000,3,0,0,0,0,3,0,0,0,0
zc,TA210,2012-06-07 09:08:17.837,7354.0000,688,0,0.0000,2.0000,1,1,空换,S,7344.0000,0.0000,0.0000,0.0000,0.0000,7354.0000,0.0000,0.0000,0.0000,0.0000,3,0,0,0,0,2,0,0,0,0
zc,TA210,2012-06-07 09:08:24.353,7354.0000,688,0,0.0000,0.0000,0,0,空换,S,7344.0000,0.0000,0.0000,0.0000,0.0000,7356.0000,0.0000,0.0000,0.0000,0.0000,3,0,0,0,0,2,0,0,0,0
zc,TA210,2012-06-07 09:08:26.587,7354.0000,688,0,0.0000,0.0000,0,0,空换,S,7344.0000,0.0000,0.0000,0.0000,0.0000,7354.0000,0.0000,0.0000,0.0000,0.0000,3,0,0,0,0,2,0,0,0,0
zc,TA210,2012-06-07 09:08:30.087,7354.0000,688,0,0.0000,0.0000,0,0,空换,S,7344.0000,0.0000,0.0000,0.0000,0.0000,7356.0000,0.0000,0.0000,0.0000,0.0000,3,0,0,0,0,2,0,0,0,0
zc,TA210,2012-06-07 09:08:30.887,7354.0000,688,0,0.0000,0.0000,0,0,空换,S,7344.0000,0.0000,0.0000,0.0000,0.0000,7354.0000,0.0000,0.0000,0.0000,0.0000,3,0,0,0,0,1,0,0,0,0
zc,TA210,2012-06-07 09:08:31.087,7354.0000,688,0,0.0000,0.0000,0,0,空换,S,7344.0000,0.0000,0.0000,0.0000,0.0000,7354.0000,0.0000,0.0000,0.0000,0.0000,3,0,0,0,0,2,0,0,0,0
zc,TA210,2012-06-07 09:08:31.837,7354.0000,688,0,0.0000,0.0000,0,0,空换,S,7344.0000,0.0000,0.0000,0.0000,0.0000,7356.0000,0.0000,0.0000,0.0000,0.0000,3,0,0,0,0,2,0,0,0,0
zc,TA210,2012-06-07 09:08:34.837,7354.0000,688,0,0.0000,0.0000,0,0,空换,S,7344.0000,0.0000,0.0000,0.0000,0.0000,7358.0000,0.0000,0.0000,0.0000,0.0000,3,0,0,0,0,2,0,0,0,0
zc,TA210,2012-06-07 09:08:38.620,7354.0000,688,0,0.0000,0.0000,0,0,空换,S,7344.0000,0.0000,0.0000,0.0000,0.0000,7356.0000,0.0000,0.0000,0.0000,0.0000,3,0,0,0,0,2,0,0,0,0
zc,TA210,2012-06-07 09:08:39.683,7354.0000,688,0,0.0000,0.0000,0,0,空换,S,7344.0000,0.0000,0.0000,0.0000,0.0000,7358.0000,0.0000,0.0000,0.0000,0.0000,3,0,0,0,0,2,0,0,0,0
zc,TA210,2012-06-07 09:08:42.103,7354.0000,688,0,0.0000,0.0000,0,0,空换,S,7344.0000,0.0000,0.0000,0.0000,0.0000,7358.0000,0.0000,0.0000,0.0000,0.0000,4,0,0,0,0,2,0,0,0,0
zc,TA210,2012-06-07 09:08:42.853,7354.0000,688,0,0.0000,0.0000,0,0,空换,S,7344.0000,0.0000,0.0000,0.0000,0.0000,7358.0000,0.0000,0.0000,0.0000,0.0000,5,0,0,0,0,2,0,0,0,0
zc,TA210,2012-06-07 09:08:43.137,7354.0000,688,0,0.0000,0.0000,0,0,空换,S,7344.0000,0.0000,0.0000,0.0000,0.0000,7360.0000,0.0000,0.0000,0.0000,0.0000,11,0,0,0,0,3,0,0,0,0
zc,TA210,2012-06-07 09:08:43.887,7354.0000,688,0,0.0000,0.0000,0,0,空换,S,7344.0000,0.0000,0.0000,0.0000,0.0000,7360.0000,0.0000,0.0000,0.0000,0.0000,3,0,0,0,0,3,0,0,0,0
zc,TA210,2012-06-07 09:08:44.323,7354.0000,688,0,0.0000,0.0000,0,0,空换,S,7344.0000,0.0000,0.0000,0.0000,0.0000,7360.0000,0.0000,0.0000,0.0000,0.0000,4,0,0,0,0,3,0,0,0,0
zc,TA210,2012-06-07 09:08:45.620,7354.0000,688,0,0.0000,0.0000,0,0,空换,S,7344.0000,0.0000,0.0000,0.0000,0.0000,7360.0000,0.0000,0.0000,0.0000,0.0000,3,0,0,0,0,3,0,0,0,0
zc,TA210,2012-06-07 09:08:46.853,7354.0000,688,0,0.0000,0.0000,0,0,空换,S,7344.0000,0.0000,0.0000,0.0000,0.0000,7358.0000,0.0000,0.0000,0.0000,0.0000,3,0,0,0,0,2,0,0,0,0
zc,TA210,2012-06-07 09:08:51.103,7354.0000,688,0,0.0000,0.0000,0,0,空换,S,7344.0000,0.0000,0.0000,0.0000,0.0000,7360.0000,0.0000,0.0000,0.0000,0.0000,4,0,0,0,0,3,0,0,0,0
zc,TA210,2012-06-07 09:08:52.853,7354.0000,688,0,0.0000,0.0000,0,0,空换,S,7344.0000,0.0000,0.0000,0.0000,0.0000,7360.0000,0.0000,0.0000,0.0000,0.0000,5,0,0,0,0,3,0,0,0,0
zc,TA210,2012-06-07 09:08:54.603,7354.0000,688,0,0.0000,0.0000,0,0,空换,S,7344.0000,0.0000,0.0000,0.0000,0.0000,7360.0000,0.0000,0.0000,0.0000,0.0000,11,0,0,0,0,3,0,0,0,0
zc,TA210,2012-06-07 09:08:55.870,7354.0000,688,0,0.0000,0.0000,0,0,空换,S,7346.0000,0.0000,0.0000,0.0000,0.0000,7360.0000,0.0000,0.0000,0.0000,0.0000,2,0,0,0,0,1,0,0,0,0
zc,TA210,2012-06-07 09:08:56.353,7354.0000,688,0,0.0000,0.0000,0,0,空换,S,7346.0000,0.0000,0.0000,0.0000,0.0000,7360.0000,0.0000,0.0000,0.0000,0.0000,3,0,0,0,0,1,0,0,0,0
zc,TA210,2012-06-07 09:08:58.387,7354.0000,688,0,0.0000,0.0000,0,0,空换,S,7346.0000,0.0000,0.0000,0.0000,0.0000,7360.0000,0.0000,0.0000,0.0000,0.0000,2,0,0,0,0,3,0,0,0,0
zc,TA210,2012-06-07 09:08:58.870,7354.0000,688,0,0.0000,0.0000,0,0,空换,S,7346.0000,0.0000,0.0000,0.0000,0.0000,7360.0000,0.0000,0.0000,0.0000,0.0000,7,0,0,0,0,3,0,0,0,0
zc,TA210,2012-06-07 09:09:00.167,7354.0000,688,0,0.0000,0.0000,0,0,空换,S,7346.0000,0.0000,0.0000,0.0000,0.0000,7360.0000,0.0000,0.0000,0.0000,0.0000,4,0,0,0,0,3,0,0,0,0
zc,TA210,2012-06-07 09:09:00.917,7354.0000,688,0,0.0000,0.0000,0,0,空换,S,7346.0000,0.0000,0.0000,0.0000,0.0000,7360.0000,0.0000,0.0000,0.0000,0.0000,1,0,0,0,0,1,0,0,0,0
zc,TA210,2012-06-07 09:09:01.337,7354.0000,688,0,0.0000,0.0000,0,0,空换,S,7346.0000,0.0000,0.0000,0.0000,0.0000,7360.0000,0.0000,0.0000,0.0000,0.0000,8,0,0,0,0,1,0,0,0,0
zc,TA210,2012-06-07 09:09:02.587,7354.0000,688,0,0.0000,0.0000,0,0,空换,S,7346.0000,0.0000,0.0000,0.0000,0.0000,7360.0000,0.0000,0.0000,0.0000,0.0000,2,0,0,0,0,1,0,0,0,0
zc,TA210,2012-06-07 09:09:03.853,7354.0000,688,0,0.0000,0.0000,0,0,空换,S,7346.0000,0.0000,0.0000,0.0000,0.0000,7360.0000,0.0000,0.0000,0.0000,0.0000,3,0,0,0,0,1,0,0,0,0
zc,TA210,2012-06-07 09:09:04.337,7354.0000,688,0,0.0000,0.0000,0,0,空换,S,7346.0000,0.0000,0.0000,0.0000,0.0000,7360.0000,0.0000,0.0000,0.0000,0.0000,6,0,0,0,0,1,0,0,0,0
zc,TA210,2012-06-07 09:09:05.120,7354.0000,688,0,0.0000,0.0000,0,0,空换,S,7346.0000,0.0000,0.0000,0.0000,0.0000,7360.0000,0.0000,0.0000,0.0000,0.0000,7,0,0,0,0,1,0,0,0,0
zc,TA210,2012-06-07 09:09:05.650,7354.0000,688,0,0.0000,0.0000,0,0,空换,S,7348.0000,0.0000,0.0000,0.0000,0.0000,7364.0000,0.0000,0.0000,0.0000,0.0000,1,0,0,0,0,2,0,0,0,0
zc,TA210,2012-06-07 09:09:06.400,7354.0000,688,0,0.0000,0.0000,0,0,空换,S,7360.0000,0.0000,0.0000,0.0000,0.0000,7364.0000,0.0000,0.0000,0.0000,0.0000,2,0,0,0,0,2,0,0,0,0
zc,TA210,2012-06-07 09:09:07.887,7354.0000,688,0,0.0000,0.0000,0,0,空换,S,7360.0000,0.0000,0.0000,0.0000,0.0000,7362.0000,0.0000,0.0000,0.0000,0.0000,2,0,0,0,0,2,0,0,0,0
zc,TA210,2012-06-07 09:09:08.650,7354.0000,688,0,0.0000,0.0000,0,0,空换,S,7360.0000,0.0000,0.0000,0.0000,0.0000,7362.0000,0.0000,0.0000,0.0000,0.0000,2,0,0,0,0,3,0,0,0,0
zc,TA210,2012-06-07 09:09:09.103,7362.0000,688,0,0.0000,6.0000,3,3,多换,B,7360.0000,0.0000,0.0000,0.0000,0.0000,7364.0000,0.0000,0.0000,0.0000,0.0000,2,0,0,0,0,1,0,0,0,0
zc,TA210,2012-06-07 09:09:28.353,7362.0000,688,0,0.0000,0.0000,0,0,多换,B,7360.0000,0.0000,0.0000,0.0000,0.0000,7362.0000,0.0000,0.0000,0.0000,0.0000,2,0,0,0,0,1,0,0,0,0
zc,TA210,2012-06-07 09:09:32.870,7360.0000,688,0,0.0000,4.0000,2,2,空换,S,7348.0000,0.0000,0.0000,0.0000,0.0000,7362.0000,0.0000,0.0000,0.0000,0.0000,7,0,0,0,0,1,0,0,0,0
zc,TA210,2012-06-07 09:09:33.637,7360.0000,688,0,0.0000,0.0000,0,0,空换,S,7348.0000,0.0000,0.0000,0.0000,0.0000,7360.0000,0.0000,0.0000,0.0000,0.0000,7,0,0,0,0,1,0,0,0,0
zc,TA210,2012-06-07 09:09:35.353,7360.0000,688,0,0.0000,0.0000,0,0,空换,S,7348.0000,0.0000,0.0000,0.0000,0.0000,7360.0000,0.0000,0.0000,0.0000,0.0000,5,0,0,0,0,1,0,0,0,0
zc,TA210,2012-06-07 09:09:37.120,7360.0000,688,0,0.0000,0.0000,0,0,空换,S,7348.0000,0.0000,0.0000,0.0000,0.0000,7362.0000,0.0000,0.0000,0.0000,0.0000,5,0,0,0,0,1,0,0,0,0
zc,TA210,2012-06-07 09:09:38.073,7360.0000,688,0,0.0000,0.0000,0,0,空换,S,7348.0000,0.0000,0.0000,0.0000,0.0000,7362.0000,0.0000,0.0000,0.0000,0.0000,4,0,0,0,0,1,0,0,0,0
zc,TA210,2012-06-07 09:09:38.823,7360.0000,688,0,0.0000,0.0000,0,0,空换,S,7348.0000,0.0000,0.0000,0.0000,0.0000,7362.0000,0.0000,0.0000,0.0000,0.0000,5,0,0,0,0,1,0,0,0,0
zc,TA210,2012-06-07 09:09:40.573,7360.0000,688,0,0.0000,0.0000,0,0,空换,S,7348.0000,0.0000,0.0000,0.0000,0.0000,7362.0000,0.0000,0.0000,0.0000,0.0000,6,0,0,0,0,1,0,0,0,0
zc,TA210,2012-06-07 09:09:43.120,7360.0000,688,0,0.0000,0.0000,0,0,空换,S,7348.0000,0.0000,0.0000,0.0000,0.0000,7360.0000,0.0000,0.0000,0.0000,0.0000,4,0,0,0,0,1,0,0,0,0
zc,TA210,2012-06-07 09:09:43.887,7360.0000,688,0,0.0000,0.0000,0,0,空换,S,7348.0000,0.0000,0.0000,0.0000,0.0000,7360.0000,0.0000,0.0000,0.0000,0.0000,1,0,0,0,0,1,0,0,0,0
zc,TA210,2012-06-07 09:09:44.387,7360.0000,688,0,0.0000,0.0000,0,0,空换,S,7348.0000,0.0000,0.0000,0.0000,0.0000,7360.0000,0.0000,0.0000,0.0000,0.0000,3,0,0,0,0,1,0,0,0,0
zc,TA210,2012-06-07 09:09:45.073,7360.0000,688,0,0.0000,0.0000,0,0,空换,S,7348.0000,0.0000,0.0000,0.0000,0.0000,7360.0000,0.0000,0.0000,0.0000,0.0000,2,0,0,0,0,1,0,0,0,0
zc,TA210,2012-06-07 09:09:45.587,7360.0000,688,0,0.0000,0.0000,0,0,空换,S,7346.0000,0.0000,0.0000,0.0000,0.0000,7360.0000,0.0000,0.0000,0.0000,0.0000,4,0,0,0,0,1,0,0,0,0
zc,TA210,2012-06-07 09:09:47.353,7360.0000,688,0,0.0000,0.0000,0,0,空换,S,7346.0000,0.0000,0.0000,0.0000,0.0000,7360.0000,0.0000,0.0000,0.0000,0.0000,3,0,0,0,0,1,0,0,0,0
zc,TA210,2012-06-07 09:09:50.120,7360.0000,688,0,0.0000,0.0000,0,0,空换,S,7346.0000,0.0000,0.0000,0.0000,0.0000,7360.0000,0.0000,0.0000,0.0000,0.0000,1,0,0,0,0,1,0,0,0,0
zc,TA210,2012-06-07 09:09:50.790,7360.0000,688,0,0.0000,0.0000,0,0,空换,S,7346.0000,0.0000,0.0000,0.0000,0.0000,7360.0000,0.0000,0.0000,0.0000,0.0000,7,0,0,0,0,1,0,0,0,0
zc,TA210,2012-06-07 09:09:54.307,7360.0000,688,0,0.0000,0.0000,0,0,空换,S,7344.0000,0.0000,0.0000,0.0000,0.0000,7360.0000,0.0000,0.0000,0.0000,0.0000,7,0,0,0,0,1,0,0,0,0
zc,TA210,2012-06-07 09:09:54.837,7360.0000,688,0,0.0000,0.0000,0,0,空换,S,7346.0000,0.0000,0.0000,0.0000,0.0000,7360.0000,0.0000,0.0000,0.0000,0.0000,1,0,0,0,0,1,0,0,0,0
zc,TA210,2012-06-07 09:09:58.837,7360.0000,688,0,0.0000,0.0000,0,0,空换,S,7346.0000,0.0000,0.0000,0.0000,0.0000,7358.0000,0.0000,0.0000,0.0000,0.0000,1,0,0,0,0,1,0,0,0,0
zc,TA210,2012-06-07 09:10:20.087,7360.0000,688,0,0.0000,0.0000,0,0,空换,S,7346.0000,0.0000,0.0000,0.0000,0.0000,7358.0000,0.0000,0.0000,0.0000,0.0000,2,0,0,0,0,1,0,0,0,0
zc,TA210,2012-06-07 09:10:20.823,7360.0000,688,0,0.0000,0.0000,0,0,空换,S,7346.0000,0.0000,0.0000,0.0000,0.0000,7358.0000,0.0000,0.0000,0.0000,0.0000,1,0,0,0,0,1,0,0,0,0
zc,TA210,2012-06-07 09:10:21.323,7360.0000,688,0,0.0000,0.0000,0,0,空换,S,7346.0000,0.0000,0.0000,0.0000,0.0000,7356.0000,0.0000,0.0000,0.0000,0.0000,1,0,0,0,0,3,0,0,0,0
zc,TA210,2012-06-07 09:10:31.853,7360.0000,688,0,0.0000,0.0000,0,0,空换,S,7346.0000,0.0000,0.0000,0.0000,0.0000,7358.0000,0.0000,0.0000,0.0000,0.0000,1,0,0,0,0,3,0,0,0,0
zc,TA210,2012-06-07 09:10:32.353,7360.0000,688,0,0.0000,0.0000,0,0,空换,S,7346.0000,0.0000,0.0000,0.0000,0.0000,7358.0000,0.0000,0.0000,0.0000,0.0000,2,0,0,0,0,3,0,0,0,0
zc,TA210,2012-06-07 09:10:35.057,7360.0000,688,0,0.0000,0.0000,0,0,空换,S,7348.0000,0.0000,0.0000,0.0000,0.0000,7358.0000,0.0000,0.0000,0.0000,0.0000,3,0,0,0,0,3,0,0,0,0
zc,TA210,2012-06-07 09:10:36.667,7360.0000,688,0,0.0000,0.0000,0,0,空换,S,7346.0000,0.0000,0.0000,0.0000,0.0000,7358.0000,0.0000,0.0000,0.0000,0.0000,2,0,0,0,0,3,0,0,0,0
zc,TA210,2012-06-07 09:10:37.573,7360.0000,688,0,0.0000,0.0000,0,0,空换,S,7346.0000,0.0000,0.0000,0.0000,0.0000,7358.0000,0.0000,0.0000,0.0000,0.0000,5,0,0,0,0,3,0,0,0,0
zc,TA210,2012-06-07 09:10:38.887,7360.0000,688,0,0.0000,0.0000,0,0,空换,S,7346.0000,0.0000,0.0000,0.0000,0.0000,7358.0000,0.0000,0.0000,0.0000,0.0000,6,0,0,0,0,3,0,0,0,0
zc,TA210,2012-06-07 09:10:39.603,7360.0000,688,0,0.0000,0.0000,0,0,空换,S,7346.0000,0.0000,0.0000,0.0000,0.0000,7358.0000,0.0000,0.0000,0.0000,0.0000,8,0,0,0,0,3,0,0,0,0
zc,TA210,2012-06-07 09:10:39.887,7360.0000,688,0,0.0000,0.0000,0,0,空换,S,7346.0000,0.0000,0.0000,0.0000,0.0000,7358.0000,0.0000,0.0000,0.0000,0.0000,1,0,0,0,0,3,0,0,0,0
zc,TA210,2012-06-07 09:10:45.087,7360.0000,688,0,0.0000,0.0000,0,0,空换,S,7346.0000,0.0000,0.0000,0.0000,0.0000,7358.0000,0.0000,0.0000,0.0000,0.0000,8,0,0,0,0,3,0,0,0,0
zc,TA210,2012-06-07 09:10:49.073,7360.0000,688,0,0.0000,0.0000,0,0,空换,S,7348.0000,0.0000,0.0000,0.0000,0.0000,7358.0000,0.0000,0.0000,0.0000,0.0000,3,0,0,0,0,3,0,0,0,0
zc,TA210,2012-06-07 09:11:01.587,7360.0000,688,0,0.0000,0.0000,0,0,空换,S,7348.0000,0.0000,0.0000,0.0000,0.0000,7358.0000,0.0000,0.0000,0.0000,0.0000,4,0,0,0,0,3,0,0,0,0
zc,TA210,2012-06-07 09:11:02.870,7360.0000,688,0,0.0000,0.0000,0,0,空换,S,7348.0000,0.0000,0.0000,0.0000,0.0000,7360.0000,0.0000,0.0000,0.0000,0.0000,4,0,0,0,0,3,0,0,0,0
zc,TA210,2012-06-07 09:11:03.387,7360.0000,688,0,0.0000,0.0000,0,0,空换,S,7348.0000,0.0000,0.0000,0.0000,0.0000,7358.0000,0.0000,0.0000,0.0000,0.0000,3,0,0,0,0,1,0,0,0,0
zc,TA210,2012-06-07 09:11:03.870,7360.0000,688,0,0.0000,0.0000,0,0,空换,S,7348.0000,0.0000,0.0000,0.0000,0.0000,7360.0000,0.0000,0.0000,0.0000,0.0000,3,0,0,0,0,3,0,0,0,0
zc,TA210,2012-06-07 09:11:08.103,7360.0000,688,0,0.0000,0.0000,0,0,空换,S,7348.0000,0.0000,0.0000,0.0000,0.0000,7360.0000,0.0000,0.0000,0.0000,0.0000,5,0,0,0,0,3,0,0,0,0
zc,TA210,2012-06-07 09:11:09.103,7360.0000,688,0,0.0000,0.0000,0,0,空换,S,7348.0000,0.0000,0.0000,0.0000,0.0000,7358.0000,0.0000,0.0000,0.0000,0.0000,5,0,0,0,0,3,0,0,0,0
zc,TA210,2012-06-07 09:11:09.887,7360.0000,688,0,0.0000,0.0000,0,0,空换,S,7348.0000,0.0000,0.0000,0.0000,0.0000,7360.0000,0.0000,0.0000,0.0000,0.0000,5,0,0,0,0,3,0,0,0,0
zc,TA210,2012-06-07 09:11:10.353,7360.0000,688,0,0.0000,0.0000,0,0,空换,S,7348.0000,0.0000,0.0000,0.0000,0.0000,7360.0000,0.0000,0.0000,0.0000,0.0000,3,0,0,0,0,3,0,0,0,0
zc,TA210,2012-06-07 09:11:12.337,7360.0000,688,0,0.0000,0.0000,0,0,空换,S,7348.0000,0.0000,0.0000,0.0000,0.0000,7358.0000,0.0000,0.0000,0.0000,0.0000,3,0,0,0,0,1,0,0,0,0
zc,TA210,2012-06-07 09:11:17.637,7360.0000,688,0,0.0000,0.0000,0,0,空换,S,7348.0000,0.0000,0.0000,0.0000,0.0000,7356.0000,0.0000,0.0000,0.0000,0.0000,3,0,0,0,0,1,0,0,0,0
zc,TA210,2012-06-07 09:11:22.557,7360.0000,688,0,0.0000,0.0000,0,0,空换,S,7348.0000,0.0000,0.0000,0.0000,0.0000,7356.0000,0.0000,0.0000,0.0000,0.0000,4,0,0,0,0,1,0,0,0,0
zc,TA210,2012-06-07 09:11:23.870,7360.0000,688,0,0.0000,0.0000,0,0,空换,S,7348.0000,0.0000,0.0000,0.0000,0.0000,7358.0000,0.0000,0.0000,0.0000,0.0000,4,0,0,0,0,1,0,0,0,0
zc,TA210,2012-06-07 09:11:26.823,7360.0000,688,0,0.0000,0.0000,0,0,空换,S,7348.0000,0.0000,0.0000,0.0000,0.0000,7358.0000,0.0000,0.0000,0.0000,0.0000,3,0,0,0,0,1,0,0,0,0
zc,TA210,2012-06-07 09:11:30.837,7360.0000,688,0,0.0000,0.0000,0,0,空换,S,7348.0000,0.0000,0.0000,0.0000,0.0000,7358.0000,0.0000,0.0000,0.0000,0.0000,4,0,0,0,0,1,0,0,0,0
zc,TA210,2012-06-07 09:11:34.823,7360.0000,688,0,0.0000,0.0000,0,0,空换,S,7348.0000,0.0000,0.0000,0.0000,0.0000,7358.0000,0.0000,0.0000,0.0000,0.0000,3,0,0,0,0,1,0,0,0,0
zc,TA210,2012-06-07 09:11:35.837,7358.0000,688,0,0.0000,2.0000,1,1,空换,S,7348.0000,0.0000,0.0000,0.0000,0.0000,7360.0000,0.0000,0.0000,0.0000,0.0000,3,0,0,0,0,3,0,0,0,0
zc,TA210,2012-06-07 09:11:38.323,7358.0000,688,0,0.0000,0.0000,0,0,空换,S,7348.0000,0.0000,0.0000,0.0000,0.0000,7360.0000,0.0000,0.0000,0.0000,0.0000,5,0,0,0,0,3,0,0,0,0
zc,TA210,2012-06-07 09:11:42.620,7358.0000,688,0,0.0000,0.0000,0,0,空换,S,7348.0000,0.0000,0.0000,0.0000,0.0000,7360.0000,0.0000,0.0000,0.0000,0.0000,6,0,0,0,0,3,0,0,0,0
zc,TA210,2012-06-07 09:11:43.087,7358.0000,688,0,0.0000,0.0000,0,0,空换,S,7348.0000,0.0000,0.0000,0.0000,0.0000,7360.0000,0.0000,0.0000,0.0000,0.0000,10,0,0,0,0,3,0,0,0,0
zc,TA210,2012-06-07 09:11:44.087,7358.0000,688,0,0.0000,0.0000,0,0,空换,S,7348.0000,0.0000,0.0000,0.0000,0.0000,7362.0000,0.0000,0.0000,0.0000,0.0000,11,0,0,0,0,3,0,0,0,0
zc,TA210,2012-06-07 09:11:46.887,7358.0000,688,0,0.0000,0.0000,0,0,空换,S,7348.0000,0.0000,0.0000,0.0000,0.0000,7360.0000,0.0000,0.0000,0.0000,0.0000,10,0,0,0,0,2,0,0,0,0
zc,TA210,2012-06-07 09:11:47.573,7358.0000,688,0,0.0000,0.0000,0,0,空换,S,7348.0000,0.0000,0.0000,0.0000,0.0000,7360.0000,0.0000,0.0000,0.0000,0.0000,10,0,0,0,0,3,0,0,0,0
zc,TA210,2012-06-07 09:11:48.073,7358.0000,688,0,0.0000,0.0000,0,0,空换,S,7348.0000,0.0000,0.0000,0.0000,0.0000,7360.0000,0.0000,0.0000,0.0000,0.0000,9,0,0,0,0,3,0,0,0,0
zc,TA210,2012-06-07 09:11:48.933,7358.0000,688,0,0.0000,0.0000,0,0,空换,S,7350.0000,0.0000,0.0000,0.0000,0.0000,7362.0000,0.0000,0.0000,0.0000,0.0000,1,0,0,0,0,3,0,0,0,0
zc,TA210,2012-06-07 09:12:05.103,7358.0000,688,0,0.0000,0.0000,0,0,空换,S,7352.0000,0.0000,0.0000,0.0000,0.0000,7362.0000,0.0000,0.0000,0.0000,0.0000,2,0,0,0,0,3,0,0,0,0
zc,TA210,2012-06-07 09:12:08.853,7358.0000,688,0,0.0000,0.0000,0,0,空换,S,7352.0000,0.0000,0.0000,0.0000,0.0000,7360.0000,0.0000,0.0000,0.0000,0.0000,2,0,0,0,0,3,0,0,0,0
zc,TA210,2012-06-07 09:12:16.620,7358.0000,688,0,0.0000,0.0000,0,0,空换,S,7352.0000,0.0000,0.0000,0.0000,0.0000,7358.0000,0.0000,0.0000,0.0000,0.0000,2,0,0,0,0,3,0,0,0,0
zc,TA210,2012-06-07 09:12:30.120,7358.0000,688,0,0.0000,0.0000,0,0,空换,S,7352.0000,0.0000,0.0000,0.0000,0.0000,7356.0000,0.0000,0.0000,0.0000,0.0000,2,0,0,0,0,3,0,0,0,0
zc,TA210,2012-06-07 09:12:33.637,7358.0000,688,0,0.0000,0.0000,0,0,空换,S,7352.0000,0.0000,0.0000,0.0000,0.0000,7358.0000,0.0000,0.0000,0.0000,0.0000,2,0,0,0,0,3,0,0,0,0
zc,TA210,2012-06-07 09:12:37.823,7358.0000,688,0,0.0000,0.0000,0,0,空换,S,7352.0000,0.0000,0.0000,0.0000,0.0000,7356.0000,0.0000,0.0000,0.0000,0.0000,2,0,0,0,0,3,0,0,0,0
zc,TA210,2012-06-07 09:12:42.370,7358.0000,688,0,0.0000,0.0000,0,0,空换,S,7352.0000,0.0000,0.0000,0.0000,0.0000,7354.0000,0.0000,0.0000,0.0000,0.0000,2,0,0,0,0,3,0,0,0,0
zc,TA210,2012-06-07 09:12:49.603,7352.0000,688,0,0.0000,4.0000,2,2,空换,S,7348.0000,0.0000,0.0000,0.0000,0.0000,7354.0000,0.0000,0.0000,0.0000,0.0000,3,0,0,0,0,1,0,0,0,0
zc,TA210,2012-06-07 09:12:49.853,7352.0000,688,0,0.0000,0.0000,0,0,空换,S,7348.0000,0.0000,0.0000,0.0000,0.0000,7352.0000,0.0000,0.0000,0.0000,0.0000,3,0,0,0,0,1,0,0,0,0
zc,TA210,2012-06-07 09:12:55.353,7352.0000,688,0,0.0000,0.0000,0,0,空换,S,7348.0000,0.0000,0.0000,0.0000,0.0000,7350.0000,0.0000,0.0000,0.0000,0.0000,3,0,0,0,0,1,0,0,0,0
zc,TA210,2012-06-07 09:13:00.870,7348.0000,688,0,0.0000,2.0000,1,1,空换,S,7348.0000,0.0000,0.0000,0.0000,0.0000,7350.0000,0.0000,0.0000,0.0000,0.0000,2,0,0,0,0,1,0,0,0,0
zc,TA210,2012-06-07 09:13:01.603,7348.0000,688,0,0.0000,0.0000,0,0,空换,S,7348.0000,0.0000,0.0000,0.0000,0.0000,7352.0000,0.0000,0.0000,0.0000,0.0000,2,0,0,0,0,1,0,0,0,0
zc,TA210,2012-06-07 09:13:02.603,7348.0000,688,0,0.0000,0.0000,0,0,空换,S,7348.0000,0.0000,0.0000,0.0000,0.0000,7354.0000,0.0000,0.0000,0.0000,0.0000,2,0,0,0,0,1,0,0,0,0
zc,TA210,2012-06-07 09:13:16.103,7348.0000,688,0,0.0000,0.0000,0,0,空换,S,7348.0000,0.0000,0.0000,0.0000,0.0000,7352.0000,0.0000,0.0000,0.0000,0.0000,2,0,0,0,0,1,0,0,0,0
zc,TA210,2012-06-07 09:13:19.620,7348.0000,688,0,0.0000,0.0000,0,0,空换,S,7348.0000,0.0000,0.0000,0.0000,0.0000,7354.0000,0.0000,0.0000,0.0000,0.0000,2,0,0,0,0,1,0,0,0,0
zc,TA210,2012-06-07 09:13:21.323,7348.0000,688,0,0.0000,0.0000,0,0,空换,S,7342.0000,0.0000,0.0000,0.0000,0.0000,7354.0000,0.0000,0.0000,0.0000,0.0000,7,0,0,0,0,1,0,0,0,0
zc,TA210,2012-06-07 09:13:22.337,7348.0000,688,0,0.0000,0.0000,0,0,空换,S,7340.0000,0.0000,0.0000,0.0000,0.0000,7354.0000,0.0000,0.0000,0.0000,0.0000,7,0,0,0,0,1,0,0,0,0
zc,TA210,2012-06-07 09:13:28.103,7348.0000,688,0,0.0000,0.0000,0,0,空换,S,7340.0000,0.0000,0.0000,0.0000,0.0000,7356.0000,0.0000,0.0000,0.0000,0.0000,8,0,0,0,0,1,0,0,0,0
zc,TA210,2012-06-07 09:13:28.807,7348.0000,688,0,0.0000,0.0000,0,0,空换,S,7342.0000,0.0000,0.0000,0.0000,0.0000,7356.0000,0.0000,0.0000,0.0000,0.0000,1,0,0,0,0,1,0,0,0,0
zc,TA210,2012-06-07 09:13:32.353,7348.0000,688,0,0.0000,0.0000,0,0,空换,S,7342.0000,0.0000,0.0000,0.0000,0.0000,7356.0000,0.0000,0.0000,0.0000,0.0000,8,0,0,0,0,1,0,0,0,0
zc,TA210,2012-06-07 09:13:32.823,7348.0000,688,0,0.0000,0.0000,0,0,空换,S,7342.0000,0.0000,0.0000,0.0000,0.0000,7356.0000,0.0000,0.0000,0.0000,0.0000,1,0,0,0,0,1,0,0,0,0
zc,TA210,2012-06-07 09:13:52.290,7348.0000,688,0,0.0000,0.0000,0,0,空换,S,7342.0000,0.0000,0.0000,0.0000,0.0000,7356.0000,0.0000,0.0000,0.0000,0.0000,2,0,0,0,0,1,0,0,0,0
zc,TA210,2012-06-07 09:13:52.823,7348.0000,688,0,0.0000,0.0000,0,0,空换,S,7342.0000,0.0000,0.0000,0.0000,0.0000,7356.0000,0.0000,0.0000,0.0000,0.0000,3,0,0,0,0,1,0,0,0,0
zc,TA210,2012-06-07 09:13:53.353,7348.0000,688,0,0.0000,0.0000,0,0,空换,S,7342.0000,0.0000,0.0000,0.0000,0.0000,7358.0000,0.0000,0.0000,0.0000,0.0000,4,0,0,0,0,1,0,0,0,0
zc,TA210,2012-06-07 09:13:55.587,7348.0000,688,0,0.0000,0.0000,0,0,空换,S,7342.0000,0.0000,0.0000,0.0000,0.0000,7358.0000,0.0000,0.0000,0.0000,0.0000,2,0,0,0,0,1,0,0,0,0
zc,TA210,2012-06-07 09:13:57.837,7348.0000,688,0,0.0000,0.0000,0,0,空换,S,7342.0000,0.0000,0.0000,0.0000,0.0000,7358.0000,0.0000,0.0000,0.0000,0.0000,9,0,0,0,0,1,0,0,0,0
zc,TA210,2012-06-07 09:14:15.120,7348.0000,688,0,0.0000,0.0000,0,0,空换,S,7342.0000,0.0000,0.0000,0.0000,0.0000,7356.0000,0.0000,0.0000,0.0000,0.0000,8,0,0,0,0,1,0,0,0,0
zc,TA210,2012-06-07 09:14:29.587,7348.0000,688,0,0.0000,0.0000,0,0,空换,S,7342.0000,0.0000,0.0000,0.0000,0.0000,7356.0000,0.0000,0.0000,0.0000,0.0000,11,0,0,0,0,1,0,0,0,0
zc,TA210,2012-06-07 09:14:30.823,7348.0000,688,0,0.0000,0.0000,0,0,空换,S,7342.0000,0.0000,0.0000,0.0000,0.0000,7354.0000,0.0000,0.0000,0.0000,0.0000,11,0,0,0,0,1,0,0,0,0
zc,TA210,2012-06-07 09:14:41.353,7348.0000,688,0,0.0000,0.0000,0,0,空换,S,7342.0000,0.0000,0.0000,0.0000,0.0000,7356.0000,0.0000,0.0000,0.0000,0.0000,11,0,0,0,0,1,0,0,0,0
zc,TA210,2012-06-07 09:15:09.103,7348.0000,688,0,0.0000,0.0000,0,0,空换,S,7342.0000,0.0000,0.0000,0.0000,0.0000,7358.0000,0.0000,0.0000,0.0000,0.0000,12,0,0,0,0,1,0,0,0,0
zc,TA210,2012-06-07 09:15:10.103,7348.0000,688,0,0.0000,0.0000,0,0,空换,S,7342.0000,0.0000,0.0000,0.0000,0.0000,7356.0000,0.0000,0.0000,0.0000,0.0000,11,0,0,0,0,1,0,0,0,0
zc,TA210,2012-06-07 09:15:26.837,7348.0000,688,0,0.0000,0.0000,0,0,空换,S,7342.0000,0.0000,0.0000,0.0000,0.0000,7358.0000,0.0000,0.0000,0.0000,0.0000,12,0,0,0,0,1,0,0,0,0
zc,TA210,2012-06-07 09:15:31.650,7348.0000,688,0,0.0000,0.0000,0,0,空换,S,7342.0000,0.0000,0.0000,0.0000,0.0000,7356.0000,0.0000,0.0000,0.0000,0.0000,11,0,0,0,0,1,0,0,0,0
zc,TA210,2012-06-07 09:15:32.073,7348.0000,688,0,0.0000,0.0000,0,0,空换,S,7342.0000,0.0000,0.0000,0.0000,0.0000,7358.0000,0.0000,0.0000,0.0000,0.0000,12,0,0,0,0,1,0,0,0,0
zc,TA210,2012-06-07 09:16:01.307,7348.0000,688,0,0.0000,0.0000,0,0,空换,S,7342.0000,0.0000,0.0000,0.0000,0.0000,7358.0000,0.0000,0.0000,0.0000,0.0000,9,0,0,0,0,1,0,0,0,0
zc,TA210,2012-06-07 09:16:02.307,7348.0000,688,0,0.0000,0.0000,0,0,空换,S,7342.0000,0.0000,0.0000,0.0000,0.0000,7358.0000,0.0000,0.0000,0.0000,0.0000,5,0,0,0,0,1,0,0,0,0
zc,TA210,2012-06-07 09:16:06.337,7348.0000,688,0,0.0000,0.0000,0,0,空换,S,7344.0000,0.0000,0.0000,0.0000,0.0000,7360.0000,0.0000,0.0000,0.0000,0.0000,1,0,0,0,0,1,0,0,0,0
zc,TA210,2012-06-07 09:16:12.087,7348.0000,688,0,0.0000,0.0000,0,0,空换,S,7346.0000,0.0000,0.0000,0.0000,0.0000,7362.0000,0.0000,0.0000,0.0000,0.0000,1,0,0,0,0,1,0,0,0,0
zc,TA210,2012-06-07 09:16:12.540,7348.0000,688,0,0.0000,0.0000,0,0,空换,S,7346.0000,0.0000,0.0000,0.0000,0.0000,7362.0000,0.0000,0.0000,0.0000,0.0000,2,0,0,0,0,1,0,0,0,0
zc,TA210,2012-06-07 09:16:13.040,7348.0000,688,0,0.0000,0.0000,0,0,空换,S,7346.0000,0.0000,0.0000,0.0000,0.0000,7362.0000,0.0000,0.0000,0.0000,0.0000,9,0,0,0,0,1,0,0,0,0
zc,TA210,2012-06-07 09:16:14.353,7348.0000,688,0,0.0000,0.0000,0,0,空换,S,7346.0000,0.0000,0.0000,0.0000,0.0000,7362.0000,0.0000,0.0000,0.0000,0.0000,2,0,0,0,0,1,0,0,0,0
zc,TA210,2012-06-07 09:16:18.557,7348.0000,688,0,0.0000,0.0000,0,0,空换,S,7346.0000,0.0000,0.0000,0.0000,0.0000,7362.0000,0.0000,0.0000,0.0000,0.0000,3,0,0,0,0,1,0,0,0,0
zc,TA210,2012-06-07 09:16:19.057,7348.0000,688,0,0.0000,0.0000,0,0,空换,S,7346.0000,0.0000,0.0000,0.0000,0.0000,7362.0000,0.0000,0.0000,0.0000,0.0000,2,0,0,0,0,1,0,0,0,0
zc,TA210,2012-06-07 09:16:25.290,7348.0000,688,0,0.0000,0.0000,0,0,空换,S,7346.0000,0.0000,0.0000,0.0000,0.0000,7362.0000,0.0000,0.0000,0.0000,0.0000,3,0,0,0,0,1,0,0,0,0
zc,TA210,2012-06-07 09:16:26.540,7348.0000,688,0,0.0000,0.0000,0,0,空换,S,7346.0000,0.0000,0.0000,0.0000,0.0000,7362.0000,0.0000,0.0000,0.0000,0.0000,9,0,0,0,0,1,0,0,0,0
zc,TA210,2012-06-07 09:16:29.837,7348.0000,688,0,0.0000,0.0000,0,0,空换,S,7346.0000,0.0000,0.0000,0.0000,0.0000,7360.0000,0.0000,0.0000,0.0000,0.0000,8,0,0,0,0,1,0,0,0,0
zc,TA210,2012-06-07 09:17:01.040,7348.0000,688,0,0.0000,0.0000,0,0,空换,S,7346.0000,0.0000,0.0000,0.0000,0.0000,7360.0000,0.0000,0.0000,0.0000,0.0000,3,0,0,0,0,1,0,0,0,0
zc,TA210,2012-06-07 09:17:01.807,7348.0000,688,0,0.0000,0.0000,0,0,空换,S,7346.0000,0.0000,0.0000,0.0000,0.0000,7360.0000,0.0000,0.0000,0.0000,0.0000,1,0,0,0,0,1,0,0,0,0
zc,TA210,2012-06-07 09:17:06.323,7348.0000,688,0,0.0000,0.0000,0,0,空换,S,7346.0000,0.0000,0.0000,0.0000,0.0000,7360.0000,0.0000,0.0000,0.0000,0.0000,2,0,0,0,0,1,0,0,0,0
zc,TA210,2012-06-07 09:17:07.557,7348.0000,688,0,0.0000,0.0000,0,0,空换,S,7346.0000,0.0000,0.0000,0.0000,0.0000,7360.0000,0.0000,0.0000,0.0000,0.0000,1,0,0,0,0,1,0,0,0,0
zc,TA210,2012-06-07 09:17:08.290,7348.0000,688,0,0.0000,0.0000,0,0,空换,S,7346.0000,0.0000,0.0000,0.0000,0.0000,7360.0000,0.0000,0.0000,0.0000,0.0000,6,0,0,0,0,1,0,0,0,0
zc,TA210,2012-06-07 09:17:10.337,7348.0000,688,0,0.0000,0.0000,0,0,空换,S,7346.0000,0.0000,0.0000,0.0000,0.0000,7360.0000,0.0000,0.0000,0.0000,0.0000,1,0,0,0,0,1,0,0,0,0
zc,TA210,2012-06-07 09:17:12.807,7348.0000,688,0,0.0000,0.0000,0,0,空换,S,7346.0000,0.0000,0.0000,0.0000,0.0000,7360.0000,0.0000,0.0000,0.0000,0.0000,8,0,0,0,0,1,0,0,0,0
zc,TA210,2012-06-07 09:17:15.103,7348.0000,688,0,0.0000,0.0000,0,0,空换,S,7346.0000,0.0000,0.0000,0.0000,0.0000,7358.0000,0.0000,0.0000,0.0000,0.0000,8,0,0,0,0,1,0,0,0,0
zc,TA210,2012-06-07 09:17:18.103,7348.0000,688,0,0.0000,0.0000,0,0,空换,S,7346.0000,0.0000,0.0000,0.0000,0.0000,7358.0000,0.0000,0.0000,0.0000,0.0000,1,0,0,0,0,1,0,0,0,0
zc,TA210,2012-06-07 09:17:20.807,7348.0000,688,0,0.0000,0.0000,0,0,空换,S,7346.0000,0.0000,0.0000,0.0000,0.0000,7358.0000,0.0000,0.0000,0.0000,0.0000,8,0,0,0,0,1,0,0,0,0
zc,TA210,2012-06-07 09:17:24.040,7348.0000,688,0,0.0000,0.0000,0,0,空换,S,7346.0000,0.0000,0.0000,0.0000,0.0000,7358.0000,0.0000,0.0000,0.0000,0.0000,1,0,0,0,0,1,0,0,0,0
zc,TA210,2012-06-07 09:17:29.573,7348.0000,688,0,0.0000,0.0000,0,0,空换,S,7346.0000,0.0000,0.0000,0.0000,0.0000,7360.0000,0.0000,0.0000,0.0000,0.0000,1,0,0,0,0,1,0,0,0,0
zc,TA210,2012-06-07 09:17:30.087,7348.0000,688,0,0.0000,0.0000,0,0,空换,S,7346.0000,0.0000,0.0000,0.0000,0.0000,7358.0000,0.0000,0.0000,0.0000,0.0000,1,0,0,0,0,1,0,0,0,0
zc,TA210,2012-06-07 09:17:54.823,7348.0000,688,0,0.0000,0.0000,0,0,空换,S,7346.0000,0.0000,0.0000,0.0000,0.0000,7356.0000,0.0000,0.0000,0.0000,0.0000,1,0,0,0,0,1,0,0,0,0
zc,TA210,2012-06-07 09:17:55.307,7348.0000,688,0,0.0000,0.0000,0,0,空换,S,7344.0000,0.0000,0.0000,0.0000,0.0000,7356.0000,0.0000,0.0000,0.0000,0.0000,7,0,0,0,0,1,0,0,0,0
zc,TA210,2012-06-07 09:18:00.790,7348.0000,688,0,0.0000,0.0000,0,0,空换,S,7342.0000,0.0000,0.0000,0.0000,0.0000,7356.0000,0.0000,0.0000,0.0000,0.0000,7,0,0,0,0,1,0,0,0,0
zc,TA210,2012-06-07 09:18:04.823,7348.0000,688,0,0.0000,0.0000,0,0,空换,S,7342.0000,0.0000,0.0000,0.0000,0.0000,7354.0000,0.0000,0.0000,0.0000,0.0000,7,0,0,0,0,1,0,0,0,0
zc,TA210,2012-06-07 09:18:08.573,7348.0000,688,0,0.0000,0.0000,0,0,空换,S,7342.0000,0.0000,0.0000,0.0000,0.0000,7352.0000,0.0000,0.0000,0.0000,0.0000,3,0,0,0,0,1,0,0,0,0
zc,TA210,2012-06-07 09:18:10.823,7348.0000,688,0,0.0000,0.0000,0,0,空换,S,7340.0000,0.0000,0.0000,0.0000,0.0000,7352.0000,0.0000,0.0000,0.0000,0.0000,7,0,0,0,0,1,0,0,0,0
zc,TA210,2012-06-07 09:18:13.603,7348.0000,688,0,0.0000,0.0000,0,0,空换,S,7340.0000,0.0000,0.0000,0.0000,0.0000,7350.0000,0.0000,0.0000,0.0000,0.0000,7,0,0,0,0,1,0,0,0,0
zc,TA210,2012-06-07 09:18:19.887,7348.0000,688,0,0.0000,0.0000,0,0,空换,S,7338.0000,0.0000,0.0000,0.0000,0.0000,7348.0000,0.0000,0.0000,0.0000,0.0000,7,0,0,0,0,1,0,0,0,0
zc,TA210,2012-06-07 09:18:21.837,7348.0000,688,0,0.0000,0.0000,0,0,空换,S,7338.0000,0.0000,0.0000,0.0000,0.0000,7346.0000,0.0000,0.0000,0.0000,0.0000,7,0,0,0,0,1,0,0,0,0
zc,TA210,2012-06-07 09:18:23.307,7348.0000,688,0,0.0000,0.0000,0,0,空换,S,7336.0000,0.0000,0.0000,0.0000,0.0000,7346.0000,0.0000,0.0000,0.0000,0.0000,7,0,0,0,0,1,0,0,0,0
zc,TA210,2012-06-07 09:18:25.853,7348.0000,688,0,0.0000,0.0000,0,0,空换,S,7336.0000,0.0000,0.0000,0.0000,0.0000,7344.0000,0.0000,0.0000,0.0000,0.0000,7,0,0,0,0,1,0,0,0,0
zc,TA210,2012-06-07 09:18:28.120,7348.0000,688,0,0.0000,0.0000,0,0,空换,S,7336.0000,0.0000,0.0000,0.0000,0.0000,7342.0000,0.0000,0.0000,0.0000,0.0000,7,0,0,0,0,1,0,0,0,0
zc,TA210,2012-06-07 09:18:28.587,7348.0000,688,0,0.0000,0.0000,0,0,空换,S,7336.0000,0.0000,0.0000,0.0000,0.0000,7344.0000,0.0000,0.0000,0.0000,0.0000,7,0,0,0,0,1,0,0,0,0
zc,TA210,2012-06-07 09:18:29.370,7348.0000,688,0,0.0000,0.0000,0,0,空换,S,7334.0000,0.0000,0.0000,0.0000,0.0000,7346.0000,0.0000,0.0000,0.0000,0.0000,7,0,0,0,0,1,0,0,0,0
zc,TA210,2012-06-07 09:18:31.087,7348.0000,688,0,0.0000,0.0000,0,0,空换,S,7336.0000,0.0000,0.0000,0.0000,0.0000,7346.0000,0.0000,0.0000,0.0000,0.0000,7,0,0,0,0,1,0,0,0,0
zc,TA210,2012-06-07 09:18:32.807,7348.0000,688,0,0.0000,0.0000,0,0,空换,S,7336.0000,0.0000,0.0000,0.0000,0.0000,7344.0000,0.0000,0.0000,0.0000,0.0000,7,0,0,0,0,1,0,0,0,0
zc,TA210,2012-06-07 09:18:33.290,7348.0000,688,0,0.0000,0.0000,0,0,空换,S,7336.0000,0.0000,0.0000,0.0000,0.0000,7346.0000,0.0000,0.0000,0.0000,0.0000,7,0,0,0,0,1,0,0,0,0
zc,TA210,2012-06-07 09:18:33.837,7348.0000,688,0,0.0000,0.0000,0,0,空换,S,7336.0000,0.0000,0.0000,0.0000,0.0000,7344.0000,0.0000,0.0000,0.0000,0.0000,7,0,0,0,0,1,0,0,0,0
zc,TA210,2012-06-07 09:18:34.587,7348.0000,688,0,0.0000,0.0000,0,0,空换,S,7336.0000,0.0000,0.0000,0.0000,0.0000,7346.0000,0.0000,0.0000,0.0000,0.0000,7,0,0,0,0,1,0,0,0,0
zc,TA210,2012-06-07 09:18:35.637,7348.0000,688,0,0.0000,0.0000,0,0,空换,S,7336.0000,0.0000,0.0000,0.0000,0.0000,7348.0000,0.0000,0.0000,0.0000,0.0000,5,0,0,0,0,1,0,0,0,0
zc,TA210,2012-06-07 09:18:36.823,7348.0000,688,0,0.0000,0.0000,0,0,空换,S,7338.0000,0.0000,0.0000,0.0000,0.0000,7348.0000,0.0000,0.0000,0.0000,0.0000,7,0,0,0,0,1,0,0,0,0
zc,TA210,2012-06-07 09:18:38.573,7348.0000,688,0,0.0000,0.0000,0,0,空换,S,7338.0000,0.0000,0.0000,0.0000,0.0000,7346.0000,0.0000,0.0000,0.0000,0.0000,7,0,0,0,0,1,0,0,0,0
zc,TA210,2012-06-07 09:18:40.353,7348.0000,688,0,0.0000,0.0000,0,0,空换,S,7338.0000,0.0000,0.0000,0.0000,0.0000,7348.0000,0.0000,0.0000,0.0000,0.0000,7,0,0,0,0,1,0,0,0,0
zc,TA210,2012-06-07 09:18:47.057,7348.0000,688,0,0.0000,0.0000,0,0,空换,S,7336.0000,0.0000,0.0000,0.0000,0.0000,7348.0000,0.0000,0.0000,0.0000,0.0000,7,0,0,0,0,1,0,0,0,0
zc,TA210,2012-06-07 09:18:48.837,7348.0000,688,0,0.0000,0.0000,0,0,空换,S,7336.0000,0.0000,0.0000,0.0000,0.0000,7346.0000,0.0000,0.0000,0.0000,0.0000,7,0,0,0,0,1,0,0,0,0
zc,TA210,2012-06-07 09:18:50.073,7348.0000,688,0,0.0000,0.0000,0,0,空换,S,7334.0000,0.0000,0.0000,0.0000,0.0000,7346.0000,0.0000,0.0000,0.0000,0.0000,7,0,0,0,0,1,0,0,0,0
zc,TA210,2012-06-07 09:18:54.073,7348.0000,688,0,0.0000,0.0000,0,0,空换,S,7334.0000,0.0000,0.0000,0.0000,0.0000,7344.0000,0.0000,0.0000,0.0000,0.0000,7,0,0,0,0,1,0,0,0,0
zc,TA210,2012-06-07 09:18:55.837,7348.0000,688,0,0.0000,0.0000,0,0,空换,S,7334.0000,0.0000,0.0000,0.0000,0.0000,7342.0000,0.0000,0.0000,0.0000,0.0000,7,0,0,0,0,1,0,0,0,0
zc,TA210,2012-06-07 09:18:57.573,7348.0000,688,0,0.0000,0.0000,0,0,空换,S,7334.0000,0.0000,0.0000,0.0000,0.0000,7340.0000,0.0000,0.0000,0.0000,0.0000,2,0,0,0,0,1,0,0,0,0
zc,TA210,2012-06-07 09:18:58.027,7348.0000,688,0,0.0000,0.0000,0,0,空换,S,7334.0000,0.0000,0.0000,0.0000,0.0000,7340.0000,0.0000,0.0000,0.0000,0.0000,7,0,0,0,0,1,0,0,0,0
zc,TA210,2012-06-07 09:19:01.837,7348.0000,688,0,0.0000,0.0000,0,0,空换,S,7334.0000,0.0000,0.0000,0.0000,0.0000,7342.0000,0.0000,0.0000,0.0000,0.0000,5,0,0,0,0,1,0,0,0,0
zc,TA210,2012-06-07 09:19:02.620,7348.0000,688,0,0.0000,0.0000,0,0,空换,S,7334.0000,0.0000,0.0000,0.0000,0.0000,7340.0000,0.0000,0.0000,0.0000,0.0000,5,0,0,0,0,1,0,0,0,0
zc,TA210,2012-06-07 09:19:02.853,7348.0000,688,0,0.0000,0.0000,0,0,空换,S,7334.0000,0.0000,0.0000,0.0000,0.0000,7340.0000,0.0000,0.0000,0.0000,0.0000,3,0,0,0,0,1,0,0,0,0
zc,TA210,2012-06-07 09:19:03.587,7348.0000,688,0,0.0000,0.0000,0,0,空换,S,7334.0000,0.0000,0.0000,0.0000,0.0000,7340.0000,0.0000,0.0000,0.0000,0.0000,7,0,0,0,0,1,0,0,0,0
zc,TA210,2012-06-07 09:19:04.057,7348.0000,688,0,0.0000,0.0000,0,0,空换,S,7332.0000,0.0000,0.0000,0.0000,0.0000,7340.0000,0.0000,0.0000,0.0000,0.0000,7,0,0,0,0,1,0,0,0,0
zc,TA210,2012-06-07 09:19:05.353,7348.0000,688,0,0.0000,0.0000,0,0,空换,S,7332.0000,0.0000,0.0000,0.0000,0.0000,7342.0000,0.0000,0.0000,0.0000,0.0000,7,0,0,0,0,1,0,0,0,0
zc,TA210,2012-06-07 09:19:06.557,7348.0000,688,0,0.0000,0.0000,0,0,空换,S,7334.0000,0.0000,0.0000,0.0000,0.0000,7342.0000,0.0000,0.0000,0.0000,0.0000,7,0,0,0,0,1,0,0,0,0
zc,TA210,2012-06-07 09:19:07.587,7348.0000,688,0,0.0000,0.0000,0,0,空换,S,7334.0000,0.0000,0.0000,0.0000,0.0000,7340.0000,0.0000,0.0000,0.0000,0.0000,7,0,0,0,0,1,0,0,0,0
zc,TA210,2012-06-07 09:19:08.103,7348.0000,688,0,0.0000,0.0000,0,0,空换,S,7334.0000,0.0000,0.0000,0.0000,0.0000,7342.0000,0.0000,0.0000,0.0000,0.0000,7,0,0,0,0,1,0,0,0,0
zc,TA210,2012-06-07 09:19:11.870,7348.0000,688,0,0.0000,0.0000,0,0,空换,S,7336.0000,0.0000,0.0000,0.0000,0.0000,7342.0000,0.0000,0.0000,0.0000,0.0000,7,0,0,0,0,1,0,0,0,0
zc,TA210,2012-06-07 09:19:12.823,7348.0000,688,0,0.0000,0.0000,0,0,空换,S,7338.0000,0.0000,0.0000,0.0000,0.0000,7342.0000,0.0000,0.0000,0.0000,0.0000,7,0,0,0,0,1,0,0,0,0
zc,TA210,2012-06-07 09:19:13.337,7348.0000,688,0,0.0000,0.0000,0,0,空换,S,7338.0000,0.0000,0.0000,0.0000,0.0000,7344.0000,0.0000,0.0000,0.0000,0.0000,7,0,0,0,0,1,0,0,0,0
zc,TA210,2012-06-07 09:19:14.603,7348.0000,688,0,0.0000,0.0000,0,0,空换,S,7338.0000,0.0000,0.0000,0.0000,0.0000,7346.0000,0.0000,0.0000,0.0000,0.0000,7,0,0,0,0,1,0,0,0,0
zc,TA210,2012-06-07 09:19:18.137,7348.0000,688,0,0.0000,0.0000,0,0,空换,S,7338.0000,0.0000,0.0000,0.0000,0.0000,7344.0000,0.0000,0.0000,0.0000,0.0000,7,0,0,0,0,1,0,0,0,0
zc,TA210,2012-06-07 09:19:20.837,7348.0000,688,0,0.0000,0.0000,0,0,空换,S,7338.0000,0.0000,0.0000,0.0000,0.0000,7344.0000,0.0000,0.0000,0.0000,0.0000,3,0,0,0,0,1,0,0,0,0
zc,TA210,2012-06-07 09:19:21.307,7348.0000,688,0,0.0000,0.0000,0,0,空换,S,7336.0000,0.0000,0.0000,0.0000,0.0000,7344.0000,0.0000,0.0000,0.0000,0.0000,3,0,0,0,0,1,0,0,0,0
zc,TA210,2012-06-07 09:19:23.120,7348.0000,688,0,0.0000,0.0000,0,0,空换,S,7336.0000,0.0000,0.0000,0.0000,0.0000,7346.0000,0.0000,0.0000,0.0000,0.0000,3,0,0,0,0,1,0,0,0,0
zc,TA210,2012-06-07 09:19:24.353,7348.0000,688,0,0.0000,0.0000,0,0,空换,S,7336.0000,0.0000,0.0000,0.0000,0.0000,7344.0000,0.0000,0.0000,0.0000,0.0000,4,0,0,0,0,1,0,0,0,0
zc,TA210,2012-06-07 09:19:26.040,7348.0000,688,0,0.0000,0.0000,0,0,空换,S,7334.0000,0.0000,0.0000,0.0000,0.0000,7344.0000,0.0000,0.0000,0.0000,0.0000,5,0,0,0,0,1,0,0,0,0
zc,TA210,2012-06-07 09:19:27.823,7348.0000,688,0,0.0000,0.0000,0,0,空换,S,7336.0000,0.0000,0.0000,0.0000,0.0000,7344.0000,0.0000,0.0000,0.0000,0.0000,1,0,0,0,0,1,0,0,0,0
zc,TA210,2012-06-07 09:19:28.323,7348.0000,688,0,0.0000,0.0000,0,0,空换,S,7336.0000,0.0000,0.0000,0.0000,0.0000,7344.0000,0.0000,0.0000,0.0000,0.0000,5,0,0,0,0,1,0,0,0,0
zc,TA210,2012-06-07 09:19:30.057,7348.0000,688,0,0.0000,0.0000,0,0,空换,S,7336.0000,0.0000,0.0000,0.0000,0.0000,7344.0000,0.0000,0.0000,0.0000,0.0000,4,0,0,0,0,1,0,0,0,0
zc,TA210,2012-06-07 09:19:30.323,7348.0000,688,0,0.0000,0.0000,0,0,空换,S,7336.0000,0.0000,0.0000,0.0000,0.0000,7344.0000,0.0000,0.0000,0.0000,0.0000,5,0,0,0,0,1,0,0,0,0
zc,TA210,2012-06-07 09:19:33.837,7348.0000,688,0,0.0000,0.0000,0,0,空换,S,7334.0000,0.0000,0.0000,0.0000,0.0000,7344.0000,0.0000,0.0000,0.0000,0.0000,5,0,0,0,0,1,0,0,0,0
zc,TA210,2012-06-07 09:19:36.573,7348.0000,688,0,0.0000,0.0000,0,0,空换,S,7334.0000,0.0000,0.0000,0.0000,0.0000,7342.0000,0.0000,0.0000,0.0000,0.0000,5,0,0,0,0,1,0,0,0,0
zc,TA210,2012-06-07 09:19:41.057,7348.0000,688,0,0.0000,0.0000,0,0,空换,S,7328.0000,0.0000,0.0000,0.0000,0.0000,7342.0000,0.0000,0.0000,0.0000,0.0000,5,0,0,0,0,1,0,0,0,0
zc,TA210,2012-06-07 09:19:43.323,7348.0000,688,0,0.0000,0.0000,0,0,空换,S,7328.0000,0.0000,0.0000,0.0000,0.0000,7344.0000,0.0000,0.0000,0.0000,0.0000,6,0,0,0,0,1,0,0,0,0
zc,TA210,2012-06-07 09:19:44.323,7348.0000,688,0,0.0000,0.0000,0,0,空换,S,7330.0000,0.0000,0.0000,0.0000,0.0000,7342.0000,0.0000,0.0000,0.0000,0.0000,1,0,0,0,0,1,0,0,0,0
zc,TA210,2012-06-07 09:19:48.823,7348.0000,688,0,0.0000,0.0000,0,0,空换,S,7328.0000,0.0000,0.0000,0.0000,0.0000,7342.0000,0.0000,0.0000,0.0000,0.0000,5,0,0,0,0,1,0,0,0,0
zc,TA210,2012-06-07 09:19:49.557,7348.0000,688,0,0.0000,0.0000,0,0,空换,S,7328.0000,0.0000,0.0000,0.0000,0.0000,7340.0000,0.0000,0.0000,0.0000,0.0000,5,0,0,0,0,1,0,0,0,0
zc,TA210,2012-06-07 09:19:50.057,7348.0000,688,0,0.0000,0.0000,0,0,空换,S,7326.0000,0.0000,0.0000,0.0000,0.0000,7340.0000,0.0000,0.0000,0.0000,0.0000,5,0,0,0,0,1,0,0,0,0
zc,TA210,2012-06-07 09:19:50.837,7348.0000,688,0,0.0000,0.0000,0,0,空换,S,7326.0000,0.0000,0.0000,0.0000,0.0000,7338.0000,0.0000,0.0000,0.0000,0.0000,5,0,0,0,0,1,0,0,0,0
zc,TA210,2012-06-07 09:19:52.073,7348.0000,688,0,0.0000,0.0000,0,0,空换,S,7324.0000,0.0000,0.0000,0.0000,0.0000,7338.0000,0.0000,0.0000,0.0000,0.0000,5,0,0,0,0,1,0,0,0,0
zc,TA210,2012-06-07 09:19:52.573,7348.0000,688,0,0.0000,0.0000,0,0,空换,S,7324.0000,0.0000,0.0000,0.0000,0.0000,7340.0000,0.0000,0.0000,0.0000,0.0000,6,0,0,0,0,1,0,0,0,0
zc,TA210,2012-06-07 09:19:53.103,7348.0000,688,0,0.0000,0.0000,0,0,空换,S,7326.0000,0.0000,0.0000,0.0000,0.0000,7340.0000,0.0000,0.0000,0.0000,0.0000,1,0,0,0,0,1,0,0,0,0
zc,TA210,2012-06-07 09:19:54.073,7348.0000,688,0,0.0000,0.0000,0,0,空换,S,7326.0000,0.0000,0.0000,0.0000,0.0000,7340.0000,0.0000,0.0000,0.0000,0.0000,6,0,0,0,0,1,0,0,0,0
zc,TA210,2012-06-07 09:19:55.853,7348.0000,688,0,0.0000,0.0000,0,0,空换,S,7324.0000,0.0000,0.0000,0.0000,0.0000,7336.0000,0.0000,0.0000,0.0000,0.0000,5,0,0,0,0,1,0,0,0,0
zc,TA210,2012-06-07 09:19:56.573,7348.0000,688,0,0.0000,0.0000,0,0,空换,S,7324.0000,0.0000,0.0000,0.0000,0.0000,7338.0000,0.0000,0.0000,0.0000,0.0000,5,0,0,0,0,1,0,0,0,0
zc,TA210,2012-06-07 09:19:57.120,7348.0000,688,0,0.0000,0.0000,0,0,空换,S,7324.0000,0.0000,0.0000,0.0000,0.0000,7336.0000,0.0000,0.0000,0.0000,0.0000,5,0,0,0,0,1,0,0,0,0
zc,TA210,2012-06-07 09:19:57.837,7348.0000,688,0,0.0000,0.0000,0,0,空换,S,7322.0000,0.0000,0.0000,0.0000,0.0000,7336.0000,0.0000,0.0000,0.0000,0.0000,5,0,0,0,0,1,0,0,0,0
zc,TA210,2012-06-07 09:19:59.807,7348.0000,688,0,0.0000,0.0000,0,0,空换,S,7324.0000,0.0000,0.0000,0.0000,0.0000,7336.0000,0.0000,0.0000,0.0000,0.0000,1,0,0,0,0,1,0,0,0,0
zc,TA210,2012-06-07 09:20:00.587,7348.0000,688,0,0.0000,0.0000,0,0,空换,S,7322.0000,0.0000,0.0000,0.0000,0.0000,7336.0000,0.0000,0.0000,0.0000,0.0000,6,0,0,0,0,1,0,0,0,0
zc,TA210,2012-06-07 09:20:03.307,7348.0000,688,0,0.0000,0.0000,0,0,空换,S,7322.0000,0.0000,0.0000,0.0000,0.0000,7336.0000,0.0000,0.0000,0.0000,0.0000,2,0,0,0,0,1,0,0,0,0
zc,TA210,2012-06-07 09:20:03.837,7348.0000,688,0,0.0000,0.0000,0,0,空换,S,7324.0000,0.0000,0.0000,0.0000,0.0000,7336.0000,0.0000,0.0000,0.0000,0.0000,2,0,0,0,0,1,0,0,0,0
zc,TA210,2012-06-07 09:20:05.603,7348.0000,688,0,0.0000,0.0000,0,0,空换,S,7324.0000,0.0000,0.0000,0.0000,0.0000,7338.0000,0.0000,0.0000,0.0000,0.0000,3,0,0,0,0,1,0,0,0,0
zc,TA210,2012-06-07 09:20:08.587,7348.0000,688,0,0.0000,0.0000,0,0,空换,S,7326.0000,0.0000,0.0000,0.0000,0.0000,7340.0000,0.0000,0.0000,0.0000,0.0000,1,0,0,0,0,1,0,0,0,0
zc,TA210,2012-06-07 09:20:08.823,7348.0000,688,0,0.0000,0.0000,0,0,空换,S,7326.0000,0.0000,0.0000,0.0000,0.0000,7340.0000,0.0000,0.0000,0.0000,0.0000,2,0,0,0,0,1,0,0,0,0
zc,TA210,2012-06-07 09:20:11.103,7348.0000,688,0,0.0000,0.0000,0,0,空换,S,7326.0000,0.0000,0.0000,0.0000,0.0000,7338.0000,0.0000,0.0000,0.0000,0.0000,1,0,0,0,0,1,0,0,0,0
zc,TA210,2012-06-07 09:20:11.837,7348.0000,688,0,0.0000,0.0000,0,0,空换,S,7326.0000,0.0000,0.0000,0.0000,0.0000,7340.0000,0.0000,0.0000,0.0000,0.0000,2,0,0,0,0,1,0,0,0,0
zc,TA210,2012-06-07 09:20:12.573,7348.0000,688,0,0.0000,0.0000,0,0,空换,S,7326.0000,0.0000,0.0000,0.0000,0.0000,7338.0000,0.0000,0.0000,0.0000,0.0000,1,0,0,0,0,1,0,0,0,0
zc,TA210,2012-06-07 09:20:13.603,7348.0000,688,0,0.0000,0.0000,0,0,空换,S,7326.0000,0.0000,0.0000,0.0000,0.0000,7340.0000,0.0000,0.0000,0.0000,0.0000,2,0,0,0,0,1,0,0,0,0
zc,TA210,2012-06-07 09:20:15.837,7348.0000,688,0,0.0000,0.0000,0,0,空换,S,7326.0000,0.0000,0.0000,0.0000,0.0000,7338.0000,0.0000,0.0000,0.0000,0.0000,1,0,0,0,0,1,0,0,0,0
zc,TA210,2012-06-07 09:20:18.103,7348.0000,688,0,0.0000,0.0000,0,0,空换,S,7326.0000,0.0000,0.0000,0.0000,0.0000,7336.0000,0.0000,0.0000,0.0000,0.0000,1,0,0,0,0,1,0,0,0,0
zc,TA210,2012-06-07 09:20:18.807,7348.0000,688,0,0.0000,0.0000,0,0,空换,S,7324.0000,0.0000,0.0000,0.0000,0.0000,7338.0000,0.0000,0.0000,0.0000,0.0000,2,0,0,0,0,1,0,0,0,0
zc,TA210,2012-06-07 09:20:20.087,7348.0000,688,0,0.0000,0.0000,0,0,空换,S,7324.0000,0.0000,0.0000,0.0000,0.0000,7338.0000,0.0000,0.0000,0.0000,0.0000,3,0,0,0,0,1,0,0,0,0
zc,TA210,2012-06-07 09:20:20.323,7348.0000,688,0,0.0000,0.0000,0,0,空换,S,7324.0000,0.0000,0.0000,0.0000,0.0000,7338.0000,0.0000,0.0000,0.0000,0.0000,4,0,0,0,0,1,0,0,0,0
zc,TA210,2012-06-07 09:20:22.073,7348.0000,688,0,0.0000,0.0000,0,0,空换,S,7324.0000,0.0000,0.0000,0.0000,0.0000,7336.0000,0.0000,0.0000,0.0000,0.0000,3,0,0,0,0,1,0,0,0,0
zc,TA210,2012-06-07 09:20:23.807,7348.0000,688,0,0.0000,0.0000,0,0,空换,S,7324.0000,0.0000,0.0000,0.0000,0.0000,7336.0000,0.0000,0.0000,0.0000,0.0000,4,0,0,0,0,1,0,0,0,0
zc,TA210,2012-06-07 09:20:24.323,7348.0000,688,0,0.0000,0.0000,0,0,空换,S,7324.0000,0.0000,0.0000,0.0000,0.0000,7336.0000,0.0000,0.0000,0.0000,0.0000,2,0,0,0,0,1,0,0,0,0
zc,TA210,2012-06-07 09:20:24.790,7348.0000,688,0,0.0000,0.0000,0,0,空换,S,7324.0000,0.0000,0.0000,0.0000,0.0000,7336.0000,0.0000,0.0000,0.0000,0.0000,3,0,0,0,0,1,0,0,0,0
zc,TA210,2012-06-07 09:20:25.573,7348.0000,688,0,0.0000,0.0000,0,0,空换,S,7324.0000,0.0000,0.0000,0.0000,0.0000,7336.0000,0.0000,0.0000,0.0000,0.0000,2,0,0,0,0,1,0,0,0,0
zc,TA210,2012-06-07 09:20:26.087,7348.0000,688,0,0.0000,0.0000,0,0,空换,S,7324.0000,0.0000,0.0000,0.0000,0.0000,7338.0000,0.0000,0.0000,0.0000,0.0000,4,0,0,0,0,1,0,0,0,0
zc,TA210,2012-06-07 09:20:26.823,7348.0000,688,0,0.0000,0.0000,0,0,空换,S,7324.0000,0.0000,0.0000,0.0000,0.0000,7338.0000,0.0000,0.0000,0.0000,0.0000,8,0,0,0,0,1,0,0,0,0
zc,TA210,2012-06-07 09:20:27.823,7348.0000,688,0,0.0000,0.0000,0,0,空换,S,7326.0000,0.0000,0.0000,0.0000,0.0000,7338.0000,0.0000,0.0000,0.0000,0.0000,1,0,0,0,0,1,0,0,0,0
zc,TA210,2012-06-07 09:20:28.337,7348.0000,688,0,0.0000,0.0000,0,0,空换,S,7324.0000,0.0000,0.0000,0.0000,0.0000,7336.0000,0.0000,0.0000,0.0000,0.0000,7,0,0,0,0,1,0,0,0,0
zc,TA210,2012-06-07 09:20:35.823,7348.0000,688,0,0.0000,0.0000,0,0,空换,S,7324.0000,0.0000,0.0000,0.0000,0.0000,7334.0000,0.0000,0.0000,0.0000,0.0000,2,0,0,0,0,1,0,0,0,0
zc,TA210,2012-06-07 09:20:37.073,7348.0000,688,0,0.0000,0.0000,0,0,空换,S,7324.0000,0.0000,0.0000,0.0000,0.0000,7332.0000,0.0000,0.0000,0.0000,0.0000,2,0,0,0,0,1,0,0,0,0
zc,TA210,2012-06-07 09:20:38.323,7348.0000,688,0,0.0000,0.0000,0,0,空换,S,7324.0000,0.0000,0.0000,0.0000,0.0000,7330.0000,0.0000,0.0000,0.0000,0.0000,2,0,0,0,0,1,0,0,0,0
zc,TA210,2012-06-07 09:20:38.853,7348.0000,688,0,0.0000,0.0000,0,0,空换,S,7324.0000,0.0000,0.0000,0.0000,0.0000,7328.0000,0.0000,0.0000,0.0000,0.0000,2,0,0,0,0,1,0,0,0,0
zc,TA210,2012-06-07 09:20:41.353,7348.0000,688,0,0.0000,0.0000,0,0,空换,S,7324.0000,0.0000,0.0000,0.0000,0.0000,7330.0000,0.0000,0.0000,0.0000,0.0000,2,0,0,0,0,1,0,0,0,0
zc,TA210,2012-06-07 09:20:43.057,7348.0000,688,0,0.0000,0.0000,0,0,空换,S,7324.0000,0.0000,0.0000,0.0000,0.0000,7328.0000,0.0000,0.0000,0.0000,0.0000,2,0,0,0,0,1,0,0,0,0
zc,TA210,2012-06-07 09:20:46.573,7348.0000,688,0,0.0000,0.0000,0,0,空换,S,7324.0000,0.0000,0.0000,0.0000,0.0000,7330.0000,0.0000,0.0000,0.0000,0.0000,2,0,0,0,0,1,0,0,0,0
zc,TA210,2012-06-07 09:20:47.337,7348.0000,688,0,0.0000,0.0000,0,0,空换,S,7324.0000,0.0000,0.0000,0.0000,0.0000,7326.0000,0.0000,0.0000,0.0000,0.0000,2,0,0,0,0,1,0,0,0,0
zc,TA210,2012-06-07 09:20:48.057,7348.0000,688,0,0.0000,0.0000,0,0,空换,S,7324.0000,0.0000,0.0000,0.0000,0.0000,7328.0000,0.0000,0.0000,0.0000,0.0000,2,0,0,0,0,1,0,0,0,0
zc,TA210,2012-06-07 09:20:49.103,7348.0000,688,0,0.0000,0.0000,0,0,空换,S,7324.0000,0.0000,0.0000,0.0000,0.0000,7330.0000,0.0000,0.0000,0.0000,0.0000,2,0,0,0,0,1,0,0,0,0
zc,TA210,2012-06-07 09:20:50.823,7348.0000,688,0,0.0000,0.0000,0,0,空换,S,7324.0000,0.0000,0.0000,0.0000,0.0000,7332.0000,0.0000,0.0000,0.0000,0.0000,2,0,0,0,0,1,0,0,0,0
zc,TA210,2012-06-07 09:20:53.057,7348.0000,688,0,0.0000,0.0000,0,0,空换,S,7324.0000,0.0000,0.0000,0.0000,0.0000,7334.0000,0.0000,0.0000,0.0000,0.0000,2,0,0,0,0,1,0,0,0,0
zc,TA210,2012-06-07 09:20:54.323,7348.0000,688,0,0.0000,0.0000,0,0,空换,S,7324.0000,0.0000,0.0000,0.0000,0.0000,7332.0000,0.0000,0.0000,0.0000,0.0000,2,0,0,0,0,1,0,0,0,0
zc,TA210,2012-06-07 09:20:57.573,7348.0000,688,0,0.0000,0.0000,0,0,空换,S,7324.0000,0.0000,0.0000,0.0000,0.0000,7330.0000,0.0000,0.0000,0.0000,0.0000,2,0,0,0,0,1,0,0,0,0
zc,TA210,2012-06-07 09:20:58.337,7348.0000,688,0,0.0000,0.0000,0,0,空换,S,7324.0000,0.0000,0.0000,0.0000,0.0000,7332.0000,0.0000,0.0000,0.0000,0.0000,2,0,0,0,0,1,0,0,0,0
zc,TA210,2012-06-07 09:20:59.790,7348.0000,688,0,0.0000,0.0000,0,0,空换,S,7324.0000,0.0000,0.0000,0.0000,0.0000,7330.0000,0.0000,0.0000,0.0000,0.0000,2,0,0,0,0,1,0,0,0,0
