市场代码,合约代码,时间,最新,持仓,增仓,成交额,成交量,开仓,平仓,成交类型,方向,买一价,买二价,买三价,买四价,买五价,卖一价,卖二价,卖三价,卖四价,卖五价,买一量,买二量,买三量,买四量,买五量,卖一量,卖二量,卖三量,卖四量,卖五量
zc,TA305,2012-06-07 07:56:55.587,0.0000,642,0,0.0000,0.0000,0,0,空换,S,0.0000,0.0000,0.0000,0.0000,0.0000,0.0000,0.0000,0.0000,0.0000,0.0000,0,0,0,0,0,0,0,0,0,0
zc,TA305,2012-06-07 08:12:57.073,0.0000,642,0,0.0000,0.0000,0,0,空换,S,0.0000,0.0000,0.0000,0.0000,0.0000,0.0000,0.0000,0.0000,0.0000,0.0000,0,0,0,0,0,0,0,0,0,0
zc,TA305,2012-06-07 08:21:57.057,0.0000,642,0,0.0000,0.0000,0,0,空换,S,0.0000,0.0000,0.0000,0.0000,0.0000,0.0000,0.0000,0.0000,0.0000,0.0000,0,0,0,0,0,0,0,0,0,0
zc,TA305,2012-06-07 08:38:57.073,0.0000,642,0,0.0000,0.0000,0,0,空换,S,0.0000,0.0000,0.0000,0.0000,0.0000,0.0000,0.0000,0.0000,0.0000,0.0000,0,0,0,0,0,0,0,0,0,0
zc,TA305,2012-06-07 08:42:57.073,0.0000,642,0,0.0000,0.0000,0,0,空换,S,0.0000,0.0000,0.0000,0.0000,0.0000,0.0000,0.0000,0.0000,0.0000,0.0000,0,0,0,0,0,0,0,0,0,0
zc,TA305,2012-06-07 08:48:57.057,0.0000,642,0,0.0000,0.0000,0,0,空换,S,0.0000,0.0000,0.0000,0.0000,0.0000,0.0000,0.0000,0.0000,0.0000,0.0000,0,0,0,0,0,0,0,0,0,0
zc,TA305,2012-06-07 08:57:57.057,0.0000,642,0,0.0000,0.0000,0,0,空换,S,0.0000,0.0000,0.0000,0.0000,0.0000,0.0000,0.0000,0.0000,0.0000,0.0000,0,0,0,0,0,0,0,0,0,0
zc,TA305,2012-06-07 08:59:02.540,0.0000,642,0,0.0000,0.0000,0,0,空换,S,7330.0000,0.0000,0.0000,0.0000,0.0000,7400.0000,0.0000,0.0000,0.0000,0.0000,4,0,0,0,0,1,0,0,0,0
zc,TA305,2012-06-07 09:00:01.010,0.0000,642,0,0.0000,0.0000,0,0,空换,S,7366.0000,0.0000,0.0000,0.0000,0.0000,7400.0000,0.0000,0.0000,0.0000,0.0000,9,0,0,0,0,1,0,0,0,0
zc,TA305,2012-06-07 09:00:04.760,0.0000,642,0,0.0000,0.0000,0,0,空换,S,7380.0000,0.0000,0.0000,0.0000,0.0000,7400.0000,0.0000,0.0000,0.0000,0.0000,1,0,0,0,0,1,0,0,0,0
zc,TA305,2012-06-07 09:00:06.230,0.0000,642,0,0.0000,0.0000,0,0,空换,S,7394.0000,0.0000,0.0000,0.0000,0.0000,7400.0000,0.0000,0.0000,0.0000,0.0000,1,0,0,0,0,1,0,0,0,0
zc,TA305,2012-06-07 09:00:06.997,0.0000,642,0,0.0000,0.0000,0,0,空换,S,7388.0000,0.0000,0.0000,0.0000,0.0000,7400.0000,0.0000,0.0000,0.0000,0.0000,1,0,0,0,0,1,0,0,0,0
zc,TA305,2012-06-07 09:00:08.027,0.0000,642,0,0.0000,0.0000,0,0,空换,S,7392.0000,0.0000,0.0000,0.0000,0.0000,7400.0000,0.0000,0.0000,0.0000,0.0000,1,0,0,0,0,1,0,0,0,0
zc,TA305,2012-06-07 09:00:09.497,0.0000,642,0,0.0000,0.0000,0,0,空换,S,7390.0000,0.0000,0.0000,0.0000,0.0000,7400.0000,0.0000,0.0000,0.0000,0.0000,1,0,0,0,0,1,0,0,0,0
zc,TA305,2012-06-07 09:00:10.167,0.0000,642,0,0.0000,0.0000,0,0,空换,S,7392.0000,0.0000,0.0000,0.0000,0.0000,7400.0000,0.0000,0.0000,0.0000,0.0000,1,0,0,0,0,1,0,0,0,0
zc,TA305,2012-06-07 09:00:13.197,0.0000,642,0,0.0000,0.0000,0,0,空换,S,7390.0000,0.0000,0.0000,0.0000,0.0000,7400.0000,0.0000,0.0000,0.0000,0.0000,1,0,0,0,0,1,0,0,0,0
zc,TA305,2012-06-07 09:00:13.417,0.0000,642,0,0.0000,0.0000,0,0,空换,S,7392.0000,0.0000,0.0000,0.0000,0.0000,7400.0000,0.0000,0.0000,0.0000,0.0000,1,0,0,0,0,1,0,0,0,0
zc,TA305,2012-06-07 09:00:14.480,0.0000,642,0,0.0000,0.0000,0,0,空换,S,7390.0000,0.0000,0.0000,0.0000,0.0000,7400.0000,0.0000,0.0000,0.0000,0.0000,1,0,0,0,0,2,0,0,0,0
zc,TA305,2012-06-07 09:00:15.447,0.0000,642,0,0.0000,0.0000,0,0,空换,S,7390.0000,0.0000,0.0000,0.0000,0.0000,7400.0000,0.0000,0.0000,0.0000,0.0000,1,0,0,0,0,1,0,0,0,0
zc,TA305,2012-06-07 09:00:16.230,0.0000,642,0,0.0000,0.0000,0,0,空换,S,7390.0000,0.0000,0.0000,0.0000,0.0000,7400.0000,0.0000,0.0000,0.0000,0.0000,1,0,0,0,0,2,0,0,0,0
zc,TA305,2012-06-07 09:00:19.417,0.0000,642,0,0.0000,0.0000,0,0,空换,S,7390.0000,0.0000,0.0000,0.0000,0.0000,7400.0000,0.0000,0.0000,0.0000,0.0000,1,0,0,0,0,1,0,0,0,0
zc,TA305,2012-06-07 09:00:19.997,0.0000,642,0,0.0000,0.0000,0,0,空换,S,7392.0000,0.0000,0.0000,0.0000,0.0000,7400.0000,0.0000,0.0000,0.0000,0.0000,1,0,0,0,0,1,0,0,0,0
zc,TA305,2012-06-07 09:00:20.963,0.0000,642,0,0.0000,0.0000,0,0,空换,S,7388.0000,0.0000,0.0000,0.0000,0.0000,7398.0000,0.0000,0.0000,0.0000,0.0000,1,0,0,0,0,1,0,0,0,0
zc,TA305,2012-06-07 09:00:22.497,0.0000,642,0,0.0000,0.0000,0,0,空换,S,7388.0000,0.0000,0.0000,0.0000,0.0000,7390.0000,0.0000,0.0000,0.0000,0.0000,1,0,0,0,0,1,0,0,0,0
zc,TA305,2012-06-07 09:00:22.917,7390.0000,642,0,0.0000,2.0000,1,1,多换,B,7386.0000,0.0000,0.0000,0.0000,0.0000,7398.0000,0.0000,0.0000,0.0000,0.0000,1,0,0,0,0,1,0,0,0,0
zc,TA305,2012-06-07 09:00:24.167,7390.0000,642,0,0.0000,0.0000,0,0,多换,B,7382.0000,0.0000,0.0000,0.0000,0.0000,7394.0000,0.0000,0.0000,0.0000,0.0000,1,0,0,0,0,1,0,0,0,0
zc,TA305,2012-06-07 09:00:25.697,7390.0000,642,0,0.0000,0.0000,0,0,多换,B,7380.0000,0.0000,0.0000,0.0000,0.0000,7394.0000,0.0000,0.0000,0.0000,0.0000,1,0,0,0,0,1,0,0,0,0
zc,TA305,2012-06-07 09:00:26.947,7390.0000,642,0,0.0000,0.0000,0,0,多换,B,7380.0000,0.0000,0.0000,0.0000,0.0000,7392.0000,0.0000,0.0000,0.0000,0.0000,1,0,0,0,0,1,0,0,0,0
zc,TA305,2012-06-07 09:00:29.463,7390.0000,642,0,0.0000,0.0000,0,0,多换,B,7380.0000,0.0000,0.0000,0.0000,0.0000,7394.0000,0.0000,0.0000,0.0000,0.0000,1,0,0,0,0,1,0,0,0,0
zc,TA305,2012-06-07 09:00:30.213,7390.0000,642,0,0.0000,0.0000,0,0,多换,B,7382.0000,0.0000,0.0000,0.0000,0.0000,7394.0000,0.0000,0.0000,0.0000,0.0000,1,0,0,0,0,1,0,0,0,0
zc,TA305,2012-06-07 09:00:30.697,7390.0000,642,0,0.0000,0.0000,0,0,多换,B,7380.0000,0.0000,0.0000,0.0000,0.0000,7394.0000,0.0000,0.0000,0.0000,0.0000,1,0,0,0,0,1,0,0,0,0
zc,TA305,2012-06-07 09:00:34.400,7390.0000,642,0,0.0000,0.0000,0,0,多换,B,7384.0000,0.0000,0.0000,0.0000,0.0000,7396.0000,0.0000,0.0000,0.0000,0.0000,1,0,0,0,0,1,0,0,0,0
zc,TA305,2012-06-07 09:00:35.197,7390.0000,642,0,0.0000,0.0000,0,0,多换,B,7380.0000,0.0000,0.0000,0.0000,0.0000,7396.0000,0.0000,0.0000,0.0000,0.0000,1,0,0,0,0,1,0,0,0,0
zc,TA305,2012-06-07 09:00:35.697,7390.0000,642,0,0.0000,0.0000,0,0,多换,B,7382.0000,0.0000,0.0000,0.0000,0.0000,7394.0000,0.0000,0.0000,0.0000,0.0000,1,0,0,0,0,1,0,0,0,0
zc,TA305,2012-06-07 09:00:38.947,7390.0000,642,0,0.0000,0.0000,0,0,多换,B,7380.0000,0.0000,0.0000,0.0000,0.0000,7392.0000,0.0000,0.0000,0.0000,0.0000,1,0,0,0,0,1,0,0,0,0
zc,TA305,2012-06-07 09:00:42.480,7390.0000,642,0,0.0000,0.0000,0,0,多换,B,7378.0000,0.0000,0.0000,0.0000,0.0000,7394.0000,0.0000,0.0000,0.0000,0.0000,1,0,0,0,0,1,0,0,0,0
zc,TA305,2012-06-07 09:00:43.183,7390.0000,642,0,0.0000,0.0000,0,0,多换,B,7382.0000,0.0000,0.0000,0.0000,0.0000,7394.0000,0.0000,0.0000,0.0000,0.0000,1,0,0,0,0,1,0,0,0,0
zc,TA305,2012-06-07 09:00:43.683,7392.0000,650,8,0.0000,8.0000,8,0,双开,B,7392.0000,0.0000,0.0000,0.0000,0.0000,7394.0000,0.0000,0.0000,0.0000,0.0000,6,0,0,0,0,1,0,0,0,0
zc,TA305,2012-06-07 09:00:44.183,7392.0000,650,0,0.0000,0.0000,0,0,多换,B,7392.0000,0.0000,0.0000,0.0000,0.0000,7398.0000,0.0000,0.0000,0.0000,0.0000,6,0,0,0,0,1,0,0,0,0
zc,TA305,2012-06-07 09:00:46.713,7392.0000,650,0,0.0000,0.0000,0,0,多换,B,7392.0000,0.0000,0.0000,0.0000,0.0000,7394.0000,0.0000,0.0000,0.0000,0.0000,6,0,0,0,0,1,0,0,0,0
zc,TA305,2012-06-07 09:00:47.197,7392.0000,650,0,0.0000,0.0000,0,0,多换,B,7392.0000,0.0000,0.0000,0.0000,0.0000,7396.0000,0.0000,0.0000,0.0000,0.0000,6,0,0,0,0,1,0,0,0,0
zc,TA305,2012-06-07 09:00:48.713,7392.0000,650,0,0.0000,0.0000,0,0,多换,B,7392.0000,0.0000,0.0000,0.0000,0.0000,7398.0000,0.0000,0.0000,0.0000,0.0000,6,0,0,0,0,1,0,0,0,0
zc,TA305,2012-06-07 09:00:50.713,7392.0000,650,0,0.0000,0.0000,0,0,多换,B,7392.0000,0.0000,0.0000,0.0000,0.0000,7396.0000,0.0000,0.0000,0.0000,0.0000,6,0,0,0,0,1,0,0,0,0
zc,TA305,2012-06-07 09:00:51.887,7392.0000,650,0,0.0000,0.0000,0,0,多换,B,7394.0000,0.0000,0.0000,0.0000,0.0000,7396.0000,0.0000,0.0000,0.0000,0.0000,1,0,0,0,0,1,0,0,0,0
zc,TA305,2012-06-07 09:00:52.400,7394.0000,652,2,0.0000,2.0000,2,0,双开,B,7392.0000,0.0000,0.0000,0.0000,0.0000,7396.0000,0.0000,0.0000,0.0000,0.0000,6,0,0,0,0,1,0,0,0,0
zc,TA305,2012-06-07 09:00:57.947,7394.0000,652,0,0.0000,0.0000,0,0,多换,B,7392.0000,0.0000,0.0000,0.0000,0.0000,7394.0000,0.0000,0.0000,0.0000,0.0000,6,0,0,0,0,1,0,0,0,0
zc,TA305,2012-06-07 09:01:05.137,7392.0000,664,12,0.0000,12.0000,12,0,双开,S,7384.0000,0.0000,0.0000,0.0000,0.0000,7392.0000,0.0000,0.0000,0.0000,0.0000,1,0,0,0,0,2,0,0,0,0
zc,TA305,2012-06-07 09:01:10.917,7392.0000,664,0,0.0000,0.0000,0,0,空换,S,7386.0000,0.0000,0.0000,0.0000,0.0000,7392.0000,0.0000,0.0000,0.0000,0.0000,1,0,0,0,0,2,0,0,0,0
zc,TA305,2012-06-07 09:01:15.167,7392.0000,664,0,0.0000,0.0000,0,0,空换,S,7388.0000,0.0000,0.0000,0.0000,0.0000,7392.0000,0.0000,0.0000,0.0000,0.0000,1,0,0,0,0,2,0,0,0,0
zc,TA305,2012-06-07 09:01:15.947,7392.0000,664,0,0.0000,0.0000,0,0,空换,S,7388.0000,0.0000,0.0000,0.0000,0.0000,7398.0000,0.0000,0.0000,0.0000,0.0000,1,0,0,0,0,1,0,0,0,0
zc,TA305,2012-06-07 09:01:17.260,7392.0000,664,0,0.0000,0.0000,0,0,空换,S,7386.0000,0.0000,0.0000,0.0000,0.0000,7398.0000,0.0000,0.0000,0.0000,0.0000,1,0,0,0,0,1,0,0,0,0
zc,TA305,2012-06-07 09:01:17.713,7392.0000,664,0,0.0000,0.0000,0,0,空换,S,7388.0000,0.0000,0.0000,0.0000,0.0000,7398.0000,0.0000,0.0000,0.0000,0.0000,1,0,0,0,0,1,0,0,0,0
zc,TA305,2012-06-07 09:01:18.433,7392.0000,664,0,0.0000,0.0000,0,0,空换,S,7386.0000,0.0000,0.0000,0.0000,0.0000,7398.0000,0.0000,0.0000,0.0000,0.0000,1,0,0,0,0,1,0,0,0,0
zc,TA305,2012-06-07 09:01:18.980,7392.0000,664,0,0.0000,0.0000,0,0,空换,S,7386.0000,0.0000,0.0000,0.0000,0.0000,7396.0000,0.0000,0.0000,0.0000,0.0000,1,0,0,0,0,1,0,0,0,0
zc,TA305,2012-06-07 09:01:22.697,7392.0000,664,0,0.0000,0.0000,0,0,空换,S,7386.0000,0.0000,0.0000,0.0000,0.0000,7398.0000,0.0000,0.0000,0.0000,0.0000,1,0,0,0,0,1,0,0,0,0
zc,TA305,2012-06-07 09:01:22.947,7392.0000,664,0,0.0000,0.0000,0,0,空换,S,7388.0000,0.0000,0.0000,0.0000,0.0000,7398.0000,0.0000,0.0000,0.0000,0.0000,1,0,0,0,0,1,0,0,0,0
zc,TA305,2012-06-07 09:01:24.917,7392.0000,664,0,0.0000,0.0000,0,0,空换,S,7390.0000,0.0000,0.0000,0.0000,0.0000,7400.0000,0.0000,0.0000,0.0000,0.0000,1,0,0,0,0,1,0,0,0,0
zc,TA305,2012-06-07 09:01:27.933,7398.0000,666,2,0.0000,2.0000,2,0,双开,B,7398.0000,0.0000,0.0000,0.0000,0.0000,7400.0000,0.0000,0.0000,0.0000,0.0000,9,0,0,0,0,10,0,0,0,0
zc,TA305,2012-06-07 09:01:29.917,7398.0000,666,0,0.0000,0.0000,0,0,多换,B,7398.0000,0.0000,0.0000,0.0000,0.0000,7402.0000,0.0000,0.0000,0.0000,0.0000,9,0,0,0,0,10,0,0,0,0
zc,TA305,2012-06-07 09:01:33.900,7398.0000,666,0,0.0000,0.0000,0,0,多换,B,7398.0000,0.0000,0.0000,0.0000,0.0000,7402.0000,0.0000,0.0000,0.0000,0.0000,9,0,0,0,0,3,0,0,0,0
zc,TA305,2012-06-07 09:01:35.400,7398.0000,666,0,0.0000,0.0000,0,0,多换,B,7398.0000,0.0000,0.0000,0.0000,0.0000,7404.0000,0.0000,0.0000,0.0000,0.0000,9,0,0,0,0,10,0,0,0,0
zc,TA305,2012-06-07 09:01:39.400,7398.0000,666,0,0.0000,0.0000,0,0,多换,B,7398.0000,0.0000,0.0000,0.0000,0.0000,7402.0000,0.0000,0.0000,0.0000,0.0000,9,0,0,0,0,1,0,0,0,0
zc,TA305,2012-06-07 09:01:41.197,7398.0000,666,0,0.0000,0.0000,0,0,多换,B,7398.0000,0.0000,0.0000,0.0000,0.0000,7400.0000,0.0000,0.0000,0.0000,0.0000,9,0,0,0,0,1,0,0,0,0
zc,TA305,2012-06-07 09:01:43.853,7398.0000,666,0,0.0000,0.0000,0,0,多换,B,7398.0000,0.0000,0.0000,0.0000,0.0000,7402.0000,0.0000,0.0000,0.0000,0.0000,9,0,0,0,0,1,0,0,0,0
zc,TA305,2012-06-07 09:01:44.400,7398.0000,666,0,0.0000,0.0000,0,0,多换,B,7398.0000,0.0000,0.0000,0.0000,0.0000,7400.0000,0.0000,0.0000,0.0000,0.0000,9,0,0,0,0,1,0,0,0,0
zc,TA305,2012-06-07 09:01:48.137,7398.0000,668,2,0.0000,2.0000,2,0,双开,B,7398.0000,0.0000,0.0000,0.0000,0.0000,7402.0000,0.0000,0.0000,0.0000,0.0000,8,0,0,0,0,3,0,0,0,0
zc,TA305,2012-06-07 09:01:48.933,7398.0000,670,2,0.0000,2.0000,2,0,双开,B,7398.0000,0.0000,0.0000,0.0000,0.0000,7404.0000,0.0000,0.0000,0.0000,0.0000,7,0,0,0,0,10,0,0,0,0
zc,TA305,2012-06-07 09:01:49.370,7398.0000,670,0,0.0000,0.0000,0,0,多换,B,7398.0000,0.0000,0.0000,0.0000,0.0000,7400.0000,0.0000,0.0000,0.0000,0.0000,7,0,0,0,0,1,0,0,0,0
zc,TA305,2012-06-07 09:01:49.900,7398.0000,684,14,0.0000,14.0000,14,0,双开,B,7388.0000,0.0000,0.0000,0.0000,0.0000,7404.0000,0.0000,0.0000,0.0000,0.0000,1,0,0,0,0,8,0,0,0,0
zc,TA305,2012-06-07 09:01:50.400,7398.0000,684,0,0.0000,0.0000,0,0,多换,B,7388.0000,0.0000,0.0000,0.0000,0.0000,7402.0000,0.0000,0.0000,0.0000,0.0000,1,0,0,0,0,1,0,0,0,0
zc,TA305,2012-06-07 09:01:51.150,7398.0000,684,0,0.0000,0.0000,0,0,多换,B,7390.0000,0.0000,0.0000,0.0000,0.0000,7402.0000,0.0000,0.0000,0.0000,0.0000,1,0,0,0,0,1,0,0,0,0
zc,TA305,2012-06-07 09:01:51.917,7398.0000,684,0,0.0000,0.0000,0,0,多换,B,7390.0000,0.0000,0.0000,0.0000,0.0000,7404.0000,0.0000,0.0000,0.0000,0.0000,1,0,0,0,0,8,0,0,0,0
zc,TA305,2012-06-07 09:01:52.650,7398.0000,684,0,0.0000,0.0000,0,0,多换,B,7390.0000,0.0000,0.0000,0.0000,0.0000,7402.0000,0.0000,0.0000,0.0000,0.0000,1,0,0,0,0,4,0,0,0,0
zc,TA305,2012-06-07 09:01:53.120,7398.0000,684,0,0.0000,0.0000,0,0,多换,B,7390.0000,0.0000,0.0000,0.0000,0.0000,7402.0000,0.0000,0.0000,0.0000,0.0000,1,0,0,0,0,3,0,0,0,0
zc,TA305,2012-06-07 09:01:53.933,7398.0000,684,0,0.0000,0.0000,0,0,多换,B,7392.0000,0.0000,0.0000,0.0000,0.0000,7404.0000,0.0000,0.0000,0.0000,0.0000,1,0,0,0,0,8,0,0,0,0
zc,TA305,2012-06-07 09:01:54.417,7398.0000,684,0,0.0000,0.0000,0,0,多换,B,7390.0000,0.0000,0.0000,0.0000,0.0000,7404.0000,0.0000,0.0000,0.0000,0.0000,1,0,0,0,0,8,0,0,0,0
zc,TA305,2012-06-07 09:01:55.183,7398.0000,684,0,0.0000,0.0000,0,0,多换,B,7392.0000,0.0000,0.0000,0.0000,0.0000,7404.0000,0.0000,0.0000,0.0000,0.0000,1,0,0,0,0,8,0,0,0,0
zc,TA305,2012-06-07 09:01:57.400,7398.0000,684,0,0.0000,0.0000,0,0,多换,B,7392.0000,0.0000,0.0000,0.0000,0.0000,7404.0000,0.0000,0.0000,0.0000,0.0000,1,0,0,0,0,7,0,0,0,0
zc,TA305,2012-06-07 09:01:58.183,7398.0000,684,0,0.0000,0.0000,0,0,多换,B,7392.0000,0.0000,0.0000,0.0000,0.0000,7404.0000,0.0000,0.0000,0.0000,0.0000,1,0,0,0,0,8,0,0,0,0
zc,TA305,2012-06-07 09:01:58.650,7398.0000,684,0,0.0000,0.0000,0,0,多换,B,7394.0000,0.0000,0.0000,0.0000,0.0000,7406.0000,0.0000,0.0000,0.0000,0.0000,1,0,0,0,0,8,0,0,0,0
zc,TA305,2012-06-07 09:02:05.683,7398.0000,684,0,0.0000,0.0000,0,0,多换,B,7390.0000,0.0000,0.0000,0.0000,0.0000,7400.0000,0.0000,0.0000,0.0000,0.0000,1,0,0,0,0,2,0,0,0,0
zc,TA305,2012-06-07 09:02:08.417,7398.0000,684,0,0.0000,0.0000,0,0,多换,B,7392.0000,0.0000,0.0000,0.0000,0.0000,7400.0000,0.0000,0.0000,0.0000,0.0000,1,0,0,0,0,2,0,0,0,0
zc,TA305,2012-06-07 09:02:09.650,7398.0000,684,0,0.0000,0.0000,0,0,多换,B,7394.0000,0.0000,0.0000,0.0000,0.0000,7400.0000,0.0000,0.0000,0.0000,0.0000,1,0,0,0,0,2,0,0,0,0
zc,TA305,2012-06-07 09:02:11.667,7398.0000,684,0,0.0000,0.0000,0,0,多换,B,7392.0000,0.0000,0.0000,0.0000,0.0000,7400.0000,0.0000,0.0000,0.0000,0.0000,1,0,0,0,0,2,0,0,0,0
zc,TA305,2012-06-07 09:02:14.963,7398.0000,684,0,0.0000,0.0000,0,0,多换,B,7394.0000,0.0000,0.0000,0.0000,0.0000,7400.0000,0.0000,0.0000,0.0000,0.0000,1,0,0,0,0,2,0,0,0,0
zc,TA305,2012-06-07 09:02:20.637,7398.0000,684,0,0.0000,0.0000,0,0,多换,B,7396.0000,0.0000,0.0000,0.0000,0.0000,7400.0000,0.0000,0.0000,0.0000,0.0000,1,0,0,0,0,2,0,0,0,0
zc,TA305,2012-06-07 09:02:21.947,7398.0000,684,0,0.0000,0.0000,0,0,多换,B,7394.0000,0.0000,0.0000,0.0000,0.0000,7400.0000,0.0000,0.0000,0.0000,0.0000,1,0,0,0,0,2,0,0,0,0
zc,TA305,2012-06-07 09:02:24.433,7398.0000,684,0,0.0000,0.0000,0,0,多换,B,7396.0000,0.0000,0.0000,0.0000,0.0000,7400.0000,0.0000,0.0000,0.0000,0.0000,1,0,0,0,0,2,0,0,0,0
zc,TA305,2012-06-07 09:02:25.183,7398.0000,684,0,0.0000,0.0000,0,0,多换,B,7398.0000,0.0000,0.0000,0.0000,0.0000,7400.0000,0.0000,0.0000,0.0000,0.0000,1,0,0,0,0,2,0,0,0,0
zc,TA305,2012-06-07 09:02:27.963,7400.0000,684,0,0.0000,4.0000,2,2,多换,B,7398.0000,0.0000,0.0000,0.0000,0.0000,7412.0000,0.0000,0.0000,0.0000,0.0000,1,0,0,0,0,8,0,0,0,0
zc,TA305,2012-06-07 09:02:29.103,7400.0000,684,0,0.0000,0.0000,0,0,多换,B,7398.0000,0.0000,0.0000,0.0000,0.0000,7410.0000,0.0000,0.0000,0.0000,0.0000,1,0,0,0,0,1,0,0,0,0
zc,TA305,2012-06-07 09:02:31.400,7400.0000,684,0,0.0000,0.0000,0,0,多换,B,7400.0000,0.0000,0.0000,0.0000,0.0000,7412.0000,0.0000,0.0000,0.0000,0.0000,1,0,0,0,0,1,0,0,0,0
zc,TA305,2012-06-07 09:02:33.933,7400.0000,684,0,0.0000,0.0000,0,0,多换,B,7402.0000,0.0000,0.0000,0.0000,0.0000,7414.0000,0.0000,0.0000,0.0000,0.0000,1,0,0,0,0,1,0,0,0,0
zc,TA305,2012-06-07 09:02:35.963,7400.0000,684,0,0.0000,0.0000,0,0,多换,B,7402.0000,0.0000,0.0000,0.0000,0.0000,7416.0000,0.0000,0.0000,0.0000,0.0000,1,0,0,0,0,1,0,0,0,0
zc,TA305,2012-06-07 09:02:36.917,7400.0000,684,0,0.0000,0.0000,0,0,多换,B,7404.0000,0.0000,0.0000,0.0000,0.0000,7416.0000,0.0000,0.0000,0.0000,0.0000,1,0,0,0,0,1,0,0,0,0
zc,TA305,2012-06-07 09:02:37.713,7400.0000,684,0,0.0000,0.0000,0,0,多换,B,7406.0000,0.0000,0.0000,0.0000,0.0000,7418.0000,0.0000,0.0000,0.0000,0.0000,1,0,0,0,0,1,0,0,0,0
zc,TA305,2012-06-07 09:02:41.183,7400.0000,684,0,0.0000,0.0000,0,0,多换,B,7404.0000,0.0000,0.0000,0.0000,0.0000,7418.0000,0.0000,0.0000,0.0000,0.0000,1,0,0,0,0,1,0,0,0,0
zc,TA305,2012-06-07 09:02:41.697,7400.0000,684,0,0.0000,0.0000,0,0,多换,B,7406.0000,0.0000,0.0000,0.0000,0.0000,7418.0000,0.0000,0.0000,0.0000,0.0000,1,0,0,0,0,1,0,0,0,0
zc,TA305,2012-06-07 09:02:42.900,7400.0000,684,0,0.0000,0.0000,0,0,多换,B,7404.0000,0.0000,0.0000,0.0000,0.0000,7416.0000,0.0000,0.0000,0.0000,0.0000,1,0,0,0,0,1,0,0,0,0
zc,TA305,2012-06-07 09:02:43.667,7400.0000,684,0,0.0000,0.0000,0,0,多换,B,7404.0000,0.0000,0.0000,0.0000,0.0000,7418.0000,0.0000,0.0000,0.0000,0.0000,1,0,0,0,0,1,0,0,0,0
zc,TA305,2012-06-07 09:02:44.137,7400.0000,684,0,0.0000,0.0000,0,0,多换,B,7404.0000,0.0000,0.0000,0.0000,0.0000,7416.0000,0.0000,0.0000,0.0000,0.0000,1,0,0,0,0,1,0,0,0,0
zc,TA305,2012-06-07 09:02:44.917,7400.0000,684,0,0.0000,0.0000,0,0,多换,B,7408.0000,0.0000,0.0000,0.0000,0.0000,7420.0000,0.0000,0.0000,0.0000,0.0000,1,0,0,0,0,1,0,0,0,0
zc,TA305,2012-06-07 09:02:46.637,7400.0000,684,0,0.0000,0.0000,0,0,多换,B,7406.0000,0.0000,0.0000,0.0000,0.0000,7420.0000,0.0000,0.0000,0.0000,0.0000,1,0,0,0,0,1,0,0,0,0
zc,TA305,2012-06-07 09:02:47.167,7400.0000,684,0,0.0000,0.0000,0,0,多换,B,7406.0000,0.0000,0.0000,0.0000,0.0000,7418.0000,0.0000,0.0000,0.0000,0.0000,1,0,0,0,0,1,0,0,0,0
zc,TA305,2012-06-07 09:02:47.963,7400.0000,684,0,0.0000,0.0000,0,0,多换,B,7408.0000,0.0000,0.0000,0.0000,0.0000,7420.0000,0.0000,0.0000,0.0000,0.0000,1,0,0,0,0,1,0,0,0,0
zc,TA305,2012-06-07 09:02:49.183,7400.0000,684,0,0.0000,0.0000,0,0,多换,B,7408.0000,0.0000,0.0000,0.0000,0.0000,7422.0000,0.0000,0.0000,0.0000,0.0000,1,0,0,0,0,1,0,0,0,0
zc,TA305,2012-06-07 09:02:50.433,7400.0000,684,0,0.0000,0.0000,0,0,多换,B,7410.0000,0.0000,0.0000,0.0000,0.0000,7422.0000,0.0000,0.0000,0.0000,0.0000,1,0,0,0,0,1,0,0,0,0
zc,TA305,2012-06-07 09:02:50.947,7400.0000,684,0,0.0000,0.0000,0,0,多换,B,7406.0000,0.0000,0.0000,0.0000,0.0000,7420.0000,0.0000,0.0000,0.0000,0.0000,1,0,0,0,0,1,0,0,0,0
zc,TA305,2012-06-07 09:02:51.900,7400.0000,684,0,0.0000,0.0000,0,0,多换,B,7408.0000,0.0000,0.0000,0.0000,0.0000,7420.0000,0.0000,0.0000,0.0000,0.0000,1,0,0,0,0,1,0,0,0,0
zc,TA305,2012-06-07 09:02:53.150,7400.0000,684,0,0.0000,0.0000,0,0,多换,B,7410.0000,0.0000,0.0000,0.0000,0.0000,7422.0000,0.0000,0.0000,0.0000,0.0000,1,0,0,0,0,1,0,0,0,0
zc,TA305,2012-06-07 09:02:54.447,7400.0000,684,0,0.0000,0.0000,0,0,多换,B,7406.0000,0.0000,0.0000,0.0000,0.0000,7422.0000,0.0000,0.0000,0.0000,0.0000,1,0,0,0,0,1,0,0,0,0
zc,TA305,2012-06-07 09:02:55.683,7400.0000,684,0,0.0000,0.0000,0,0,多换,B,7408.0000,0.0000,0.0000,0.0000,0.0000,7420.0000,0.0000,0.0000,0.0000,0.0000,1,0,0,0,0,1,0,0,0,0
zc,TA305,2012-06-07 09:02:56.637,7400.0000,684,0,0.0000,0.0000,0,0,多换,B,7406.0000,0.0000,0.0000,0.0000,0.0000,7424.0000,0.0000,0.0000,0.0000,0.0000,1,0,0,0,0,1,0,0,0,0
zc,TA305,2012-06-07 09:02:57.230,7400.0000,684,0,0.0000,0.0000,0,0,多换,B,7406.0000,0.0000,0.0000,0.0000,0.0000,7420.0000,0.0000,0.0000,0.0000,0.0000,1,0,0,0,0,1,0,0,0,0
zc,TA305,2012-06-07 09:02:58.650,7400.0000,684,0,0.0000,0.0000,0,0,多换,B,7410.0000,0.0000,0.0000,0.0000,0.0000,7424.0000,0.0000,0.0000,0.0000,0.0000,1,0,0,0,0,1,0,0,0,0
zc,TA305,2012-06-07 09:02:59.183,7400.0000,684,0,0.0000,0.0000,0,0,多换,B,7406.0000,0.0000,0.0000,0.0000,0.0000,7420.0000,0.0000,0.0000,0.0000,0.0000,1,0,0,0,0,1,0,0,0,0
zc,TA305,2012-06-07 09:02:59.933,7400.0000,684,0,0.0000,0.0000,0,0,多换,B,7408.0000,0.0000,0.0000,0.0000,0.0000,7420.0000,0.0000,0.0000,0.0000,0.0000,1,0,0,0,0,1,0,0,0,0
zc,TA305,2012-06-07 09:03:01.150,7400.0000,684,0,0.0000,0.0000,0,0,多换,B,7412.0000,0.0000,0.0000,0.0000,0.0000,7424.0000,0.0000,0.0000,0.0000,0.0000,1,0,0,0,0,1,0,0,0,0
zc,TA305,2012-06-07 09:03:02.447,7400.0000,684,0,0.0000,0.0000,0,0,多换,B,7410.0000,0.0000,0.0000,0.0000,0.0000,7422.0000,0.0000,0.0000,0.0000,0.0000,1,0,0,0,0,1,0,0,0,0
zc,TA305,2012-06-07 09:03:03.137,7400.0000,684,0,0.0000,0.0000,0,0,多换,B,7408.0000,0.0000,0.0000,0.0000,0.0000,7422.0000,0.0000,0.0000,0.0000,0.0000,1,0,0,0,0,1,0,0,0,0
zc,TA305,2012-06-07 09:03:03.650,7400.0000,684,0,0.0000,0.0000,0,0,多换,B,7414.0000,0.0000,0.0000,0.0000,0.0000,7426.0000,0.0000,0.0000,0.0000,0.0000,1,0,0,0,0,1,0,0,0,0
zc,TA305,2012-06-07 09:03:04.137,7412.0000,678,-6,0.0000,6.0000,0,6,双平,B,7412.0000,0.0000,0.0000,0.0000,0.0000,7426.0000,0.0000,0.0000,0.0000,0.0000,1,0,0,0,0,1,0,0,0,0
zc,TA305,2012-06-07 09:03:06.167,7412.0000,678,0,0.0000,0.0000,0,0,多换,B,7410.0000,0.0000,0.0000,0.0000,0.0000,7422.0000,0.0000,0.0000,0.0000,0.0000,1,0,0,0,0,1,0,0,0,0
zc,TA305,2012-06-07 09:03:09.183,7412.0000,678,0,0.0000,0.0000,0,0,多换,B,7408.0000,0.0000,0.0000,0.0000,0.0000,7422.0000,0.0000,0.0000,0.0000,0.0000,1,0,0,0,0,1,0,0,0,0
zc,TA305,2012-06-07 09:03:09.887,7412.0000,678,0,0.0000,0.0000,0,0,多换,B,7408.0000,0.0000,0.0000,0.0000,0.0000,7420.0000,0.0000,0.0000,0.0000,0.0000,1,0,0,0,0,1,0,0,0,0
zc,TA305,2012-06-07 09:03:13.387,7412.0000,678,0,0.0000,0.0000,0,0,多换,B,7410.0000,0.0000,0.0000,0.0000,0.0000,7422.0000,0.0000,0.0000,0.0000,0.0000,1,0,0,0,0,1,0,0,0,0
zc,TA305,2012-06-07 09:03:14.683,7412.0000,678,0,0.0000,0.0000,0,0,多换,B,7408.0000,0.0000,0.0000,0.0000,0.0000,7422.0000,0.0000,0.0000,0.0000,0.0000,1,0,0,0,0,1,0,0,0,0
zc,TA305,2012-06-07 09:03:15.900,7412.0000,678,0,0.0000,0.0000,0,0,多换,B,7410.0000,0.0000,0.0000,0.0000,0.0000,7422.0000,0.0000,0.0000,0.0000,0.0000,1,0,0,0,0,1,0,0,0,0
zc,TA305,2012-06-07 09:03:16.650,7412.0000,678,0,0.0000,0.0000,0,0,多换,B,7408.0000,0.0000,0.0000,0.0000,0.0000,7420.0000,0.0000,0.0000,0.0000,0.0000,1,0,0,0,0,1,0,0,0,0
zc,TA305,2012-06-07 09:03:17.697,7412.0000,678,0,0.0000,0.0000,0,0,多换,B,7410.0000,0.0000,0.0000,0.0000,0.0000,7422.0000,0.0000,0.0000,0.0000,0.0000,1,0,0,0,0,1,0,0,0,0
zc,TA305,2012-06-07 09:03:18.433,7412.0000,678,0,0.0000,0.0000,0,0,多换,B,7408.0000,0.0000,0.0000,0.0000,0.0000,7422.0000,0.0000,0.0000,0.0000,0.0000,1,0,0,0,0,2,0,0,0,0
zc,TA305,2012-06-07 09:03:18.917,7412.0000,678,0,0.0000,0.0000,0,0,多换,B,7406.0000,0.0000,0.0000,0.0000,0.0000,7420.0000,0.0000,0.0000,0.0000,0.0000,1,0,0,0,0,1,0,0,0,0
zc,TA305,2012-06-07 09:03:26.887,7412.0000,678,0,0.0000,0.0000,0,0,多换,B,7406.0000,0.0000,0.0000,0.0000,0.0000,7418.0000,0.0000,0.0000,0.0000,0.0000,1,0,0,0,0,1,0,0,0,0
zc,TA305,2012-06-07 09:03:29.933,7412.0000,678,0,0.0000,0.0000,0,0,多换,B,7404.0000,0.0000,0.0000,0.0000,0.0000,7416.0000,0.0000,0.0000,0.0000,0.0000,1,0,0,0,0,1,0,0,0,0
zc,TA305,2012-06-07 09:03:32.167,7412.0000,678,0,0.0000,0.0000,0,0,多换,B,7402.0000,0.0000,0.0000,0.0000,0.0000,7414.0000,0.0000,0.0000,0.0000,0.0000,1,0,0,0,0,1,0,0,0,0
zc,TA305,2012-06-07 09:03:32.713,7412.0000,678,0,0.0000,0.0000,0,0,多换,B,7402.0000,0.0000,0.0000,0.0000,0.0000,7416.0000,0.0000,0.0000,0.0000,0.0000,1,0,0,0,0,1,0,0,0,0
zc,TA305,2012-06-07 09:03:33.417,7412.0000,678,0,0.0000,0.0000,0,0,多换,B,7402.0000,0.0000,0.0000,0.0000,0.0000,7414.0000,0.0000,0.0000,0.0000,0.0000,1,0,0,0,0,1,0,0,0,0
zc,TA305,2012-06-07 09:03:38.463,7412.0000,678,0,0.0000,0.0000,0,0,多换,B,7398.0000,0.0000,0.0000,0.0000,0.0000,7412.0000,0.0000,0.0000,0.0000,0.0000,1,0,0,0,0,1,0,0,0,0
zc,TA305,2012-06-07 09:03:41.947,7412.0000,678,0,0.0000,0.0000,0,0,多换,B,7396.0000,0.0000,0.0000,0.0000,0.0000,7408.0000,0.0000,0.0000,0.0000,0.0000,1,0,0,0,0,1,0,0,0,0
zc,TA305,2012-06-07 09:03:43.667,7412.0000,678,0,0.0000,0.0000,0,0,多换,B,7394.0000,0.0000,0.0000,0.0000,0.0000,7408.0000,0.0000,0.0000,0.0000,0.0000,1,0,0,0,0,1,0,0,0,0
zc,TA305,2012-06-07 09:03:44.463,7412.0000,678,0,0.0000,0.0000,0,0,多换,B,7396.0000,0.0000,0.0000,0.0000,0.0000,7408.0000,0.0000,0.0000,0.0000,0.0000,1,0,0,0,0,1,0,0,0,0
zc,TA305,2012-06-07 09:03:44.933,7412.0000,678,0,0.0000,0.0000,0,0,多换,B,7394.0000,0.0000,0.0000,0.0000,0.0000,7406.0000,0.0000,0.0000,0.0000,0.0000,1,0,0,0,0,1,0,0,0,0
zc,TA305,2012-06-07 09:03:45.667,7412.0000,678,0,0.0000,0.0000,0,0,多换,B,7394.0000,0.0000,0.0000,0.0000,0.0000,7408.0000,0.0000,0.0000,0.0000,0.0000,1,0,0,0,0,1,0,0,0,0
zc,TA305,2012-06-07 09:03:46.183,7412.0000,678,0,0.0000,0.0000,0,0,多换,B,7390.0000,0.0000,0.0000,0.0000,0.0000,7410.0000,0.0000,0.0000,0.0000,0.0000,1,0,0,0,0,1,0,0,0,0
zc,TA305,2012-06-07 09:03:47.713,7412.0000,678,0,0.0000,0.0000,0,0,多换,B,7398.0000,0.0000,0.0000,0.0000,0.0000,7410.0000,0.0000,0.0000,0.0000,0.0000,1,0,0,0,0,1,0,0,0,0
zc,TA305,2012-06-07 09:03:57.040,7412.0000,678,0,0.0000,0.0000,0,0,多换,B,7398.0000,0.0000,0.0000,0.0000,0.0000,7410.0000,0.0000,0.0000,0.0000,0.0000,1,0,0,0,0,1,0,0,0,0
zc,TA305,2012-06-07 09:04:01.650,7412.0000,678,0,0.0000,0.0000,0,0,多换,B,7396.0000,0.0000,0.0000,0.0000,0.0000,7410.0000,0.0000,0.0000,0.0000,0.0000,1,0,0,0,0,1,0,0,0,0
zc,TA305,2012-06-07 09:04:02.387,7412.0000,678,0,0.0000,0.0000,0,0,多换,B,7396.0000,0.0000,0.0000,0.0000,0.0000,7408.0000,0.0000,0.0000,0.0000,0.0000,1,0,0,0,0,1,0,0,0,0
zc,TA305,2012-06-07 09:04:02.917,7412.0000,678,0,0.0000,0.0000,0,0,多换,B,7394.0000,0.0000,0.0000,0.0000,0.0000,7406.0000,0.0000,0.0000,0.0000,0.0000,1,0,0,0,0,1,0,0,0,0
zc,TA305,2012-06-07 09:04:03.667,7412.0000,678,0,0.0000,0.0000,0,0,多换,B,7392.0000,0.0000,0.0000,0.0000,0.0000,7406.0000,0.0000,0.0000,0.0000,0.0000,1,0,0,0,0,1,0,0,0,0
zc,TA305,2012-06-07 09:04:04.947,7412.0000,678,0,0.0000,0.0000,0,0,多换,B,7392.0000,0.0000,0.0000,0.0000,0.0000,7404.0000,0.0000,0.0000,0.0000,0.0000,1,0,0,0,0,1,0,0,0,0
zc,TA305,2012-06-07 09:04:05.697,7412.0000,678,0,0.0000,0.0000,0,0,多换,B,7392.0000,0.0000,0.0000,0.0000,0.0000,7406.0000,0.0000,0.0000,0.0000,0.0000,1,0,0,0,0,1,0,0,0,0
zc,TA305,2012-06-07 09:04:05.917,7412.0000,678,0,0.0000,0.0000,0,0,多换,B,7394.0000,0.0000,0.0000,0.0000,0.0000,7406.0000,0.0000,0.0000,0.0000,0.0000,1,0,0,0,0,1,0,0,0,0
zc,TA305,2012-06-07 09:04:06.947,7412.0000,678,0,0.0000,0.0000,0,0,多换,B,7392.0000,0.0000,0.0000,0.0000,0.0000,7406.0000,0.0000,0.0000,0.0000,0.0000,1,0,0,0,0,1,0,0,0,0
zc,TA305,2012-06-07 09:04:08.683,7412.0000,678,0,0.0000,0.0000,0,0,多换,B,7394.0000,0.0000,0.0000,0.0000,0.0000,7406.0000,0.0000,0.0000,0.0000,0.0000,1,0,0,0,0,1,0,0,0,0
zc,TA305,2012-06-07 09:04:09.433,7412.0000,678,0,0.0000,0.0000,0,0,多换,B,7392.0000,0.0000,0.0000,0.0000,0.0000,7406.0000,0.0000,0.0000,0.0000,0.0000,1,0,0,0,0,1,0,0,0,0
zc,TA305,2012-06-07 09:04:09.887,7412.0000,678,0,0.0000,0.0000,0,0,多换,B,7392.0000,0.0000,0.0000,0.0000,0.0000,7404.0000,0.0000,0.0000,0.0000,0.0000,1,0,0,0,0,1,0,0,0,0
zc,TA305,2012-06-07 09:04:10.917,7412.0000,678,0,0.0000,0.0000,0,0,多换,B,7392.0000,0.0000,0.0000,0.0000,0.0000,7406.0000,0.0000,0.0000,0.0000,0.0000,1,0,0,0,0,1,0,0,0,0
zc,TA305,2012-06-07 09:04:11.933,7412.0000,678,0,0.0000,0.0000,0,0,多换,B,7392.0000,0.0000,0.0000,0.0000,0.0000,7408.0000,0.0000,0.0000,0.0000,0.0000,1,0,0,0,0,1,0,0,0,0
zc,TA305,2012-06-07 09:04:12.400,7412.0000,678,0,0.0000,0.0000,0,0,多换,B,7392.0000,0.0000,0.0000,0.0000,0.0000,7404.0000,0.0000,0.0000,0.0000,0.0000,1,0,0,0,0,1,0,0,0,0
zc,TA305,2012-06-07 09:04:13.150,7412.0000,678,0,0.0000,0.0000,0,0,多换,B,7392.0000,0.0000,0.0000,0.0000,0.0000,7406.0000,0.0000,0.0000,0.0000,0.0000,1,0,0,0,0,1,0,0,0,0
zc,TA305,2012-06-07 09:04:13.370,7412.0000,678,0,0.0000,0.0000,0,0,多换,B,7394.0000,0.0000,0.0000,0.0000,0.0000,7406.0000,0.0000,0.0000,0.0000,0.0000,1,0,0,0,0,1,0,0,0,0
zc,TA305,2012-06-07 09:04:14.650,7412.0000,678,0,0.0000,0.0000,0,0,多换,B,7396.0000,0.0000,0.0000,0.0000,0.0000,7408.0000,0.0000,0.0000,0.0000,0.0000,1,0,0,0,0,1,0,0,0,0
zc,TA305,2012-06-07 09:04:15.400,7412.0000,678,0,0.0000,0.0000,0,0,多换,B,7394.0000,0.0000,0.0000,0.0000,0.0000,7408.0000,0.0000,0.0000,0.0000,0.0000,1,0,0,0,0,1,0,0,0,0
zc,TA305,2012-06-07 09:04:17.400,7412.0000,678,0,0.0000,0.0000,0,0,多换,B,7394.0000,0.0000,0.0000,0.0000,0.0000,7410.0000,0.0000,0.0000,0.0000,0.0000,1,0,0,0,0,1,0,0,0,0
zc,TA305,2012-06-07 09:04:19.947,7412.0000,678,0,0.0000,0.0000,0,0,多换,B,7394.0000,0.0000,0.0000,0.0000,0.0000,7408.0000,0.0000,0.0000,0.0000,0.0000,1,0,0,0,0,1,0,0,0,0
zc,TA305,2012-06-07 09:04:20.433,7412.0000,678,0,0.0000,0.0000,0,0,多换,B,7398.0000,0.0000,0.0000,0.0000,0.0000,7410.0000,0.0000,0.0000,0.0000,0.0000,1,0,0,0,0,1,0,0,0,0
zc,TA305,2012-06-07 09:04:22.933,7412.0000,678,0,0.0000,0.0000,0,0,多换,B,7398.0000,0.0000,0.0000,0.0000,0.0000,7412.0000,0.0000,0.0000,0.0000,0.0000,1,0,0,0,0,2,0,0,0,0
zc,TA305,2012-06-07 09:04:25.167,7412.0000,678,0,0.0000,0.0000,0,0,多换,B,7400.0000,0.0000,0.0000,0.0000,0.0000,7412.0000,0.0000,0.0000,0.0000,0.0000,1,0,0,0,0,2,0,0,0,0
zc,TA305,2012-06-07 09:04:31.933,7412.0000,678,0,0.0000,0.0000,0,0,多换,B,7398.0000,0.0000,0.0000,0.0000,0.0000,7412.0000,0.0000,0.0000,0.0000,0.0000,1,0,0,0,0,2,0,0,0,0
zc,TA305,2012-06-07 09:04:33.637,7412.0000,678,0,0.0000,0.0000,0,0,多换,B,7400.0000,0.0000,0.0000,0.0000,0.0000,7412.0000,0.0000,0.0000,0.0000,0.0000,1,0,0,0,0,2,0,0,0,0
zc,TA305,2012-06-07 09:04:36.947,7412.0000,678,0,0.0000,0.0000,0,0,多换,B,7398.0000,0.0000,0.0000,0.0000,0.0000,7412.0000,0.0000,0.0000,0.0000,0.0000,1,0,0,0,0,2,0,0,0,0
zc,TA305,2012-06-07 09:04:38.150,7412.0000,678,0,0.0000,0.0000,0,0,多换,B,7398.0000,0.0000,0.0000,0.0000,0.0000,7410.0000,0.0000,0.0000,0.0000,0.0000,1,0,0,0,0,1,0,0,0,0
zc,TA305,2012-06-07 09:04:38.667,7412.0000,678,0,0.0000,0.0000,0,0,多换,B,7400.0000,0.0000,0.0000,0.0000,0.0000,7412.0000,0.0000,0.0000,0.0000,0.0000,1,0,0,0,0,2,0,0,0,0
zc,TA305,2012-06-07 09:04:43.947,7412.0000,678,0,0.0000,0.0000,0,0,多换,B,7398.0000,0.0000,0.0000,0.0000,0.0000,7412.0000,0.0000,0.0000,0.0000,0.0000,1,0,0,0,0,2,0,0,0,0
zc,TA305,2012-06-07 09:04:44.917,7412.0000,678,0,0.0000,0.0000,0,0,多换,B,7398.0000,0.0000,0.0000,0.0000,0.0000,7412.0000,0.0000,0.0000,0.0000,0.0000,1,0,0,0,0,1,0,0,0,0
zc,TA305,2012-06-07 09:04:46.167,7412.0000,678,0,0.0000,0.0000,0,0,多换,B,7398.0000,0.0000,0.0000,0.0000,0.0000,7410.0000,0.0000,0.0000,0.0000,0.0000,1,0,0,0,0,1,0,0,0,0
zc,TA305,2012-06-07 09:04:46.887,7412.0000,678,0,0.0000,0.0000,0,0,多换,B,7398.0000,0.0000,0.0000,0.0000,0.0000,7412.0000,0.0000,0.0000,0.0000,0.0000,1,0,0,0,0,1,0,0,0,0
zc,TA305,2012-06-07 09:04:47.400,7412.0000,678,0,0.0000,0.0000,0,0,多换,B,7398.0000,0.0000,0.0000,0.0000,0.0000,7410.0000,0.0000,0.0000,0.0000,0.0000,1,0,0,0,0,1,0,0,0,0
zc,TA305,2012-06-07 09:04:49.150,7412.0000,678,0,0.0000,0.0000,0,0,多换,B,7400.0000,0.0000,0.0000,0.0000,0.0000,7412.0000,0.0000,0.0000,0.0000,0.0000,1,0,0,0,0,1,0,0,0,0
zc,TA305,2012-06-07 09:04:53.337,7412.0000,678,0,0.0000,0.0000,0,0,多换,B,7400.0000,0.0000,0.0000,0.0000,0.0000,7412.0000,0.0000,0.0000,0.0000,0.0000,1,0,0,0,0,2,0,0,0,0
zc,TA305,2012-06-07 09:04:57.040,7412.0000,678,0,0.0000,0.0000,0,0,多换,B,7398.0000,0.0000,0.0000,0.0000,0.0000,7410.0000,0.0000,0.0000,0.0000,0.0000,1,0,0,0,0,1,0,0,0,0
zc,TA305,2012-06-07 09:04:57.620,7412.0000,678,0,0.0000,0.0000,0,0,多换,B,7398.0000,0.0000,0.0000,0.0000,0.0000,7412.0000,0.0000,0.0000,0.0000,0.0000,1,0,0,0,0,2,0,0,0,0
zc,TA305,2012-06-07 09:04:58.137,7412.0000,678,0,0.0000,0.0000,0,0,多换,B,7400.0000,0.0000,0.0000,0.0000,0.0000,7412.0000,0.0000,0.0000,0.0000,0.0000,1,0,0,0,0,2,0,0,0,0
zc,TA305,2012-06-07 09:05:01.917,7412.0000,678,0,0.0000,0.0000,0,0,多换,B,7398.0000,0.0000,0.0000,0.0000,0.0000,7412.0000,0.0000,0.0000,0.0000,0.0000,1,0,0,0,0,2,0,0,0,0
zc,TA305,2012-06-07 09:05:05.120,7412.0000,678,0,0.0000,0.0000,0,0,多换,B,7398.0000,0.0000,0.0000,0.0000,0.0000,7410.0000,0.0000,0.0000,0.0000,0.0000,1,0,0,0,0,1,0,0,0,0
zc,TA305,2012-06-07 09:05:10.150,7412.0000,678,0,0.0000,0.0000,0,0,多换,B,7396.0000,0.0000,0.0000,0.0000,0.0000,7412.0000,0.0000,0.0000,0.0000,0.0000,1,0,0,0,0,2,0,0,0,0
zc,TA305,2012-06-07 09:05:11.387,7412.0000,678,0,0.0000,0.0000,0,0,多换,B,7398.0000,0.0000,0.0000,0.0000,0.0000,7412.0000,0.0000,0.0000,0.0000,0.0000,1,0,0,0,0,2,0,0,0,0
zc,TA305,2012-06-07 09:05:12.120,7412.0000,678,0,0.0000,0.0000,0,0,多换,B,7398.0000,0.0000,0.0000,0.0000,0.0000,7410.0000,0.0000,0.0000,0.0000,0.0000,1,0,0,0,0,1,0,0,0,0
zc,TA305,2012-06-07 09:05:13.447,7412.0000,678,0,0.0000,0.0000,0,0,多换,B,7396.0000,0.0000,0.0000,0.0000,0.0000,7408.0000,0.0000,0.0000,0.0000,0.0000,1,0,0,0,0,1,0,0,0,0
zc,TA305,2012-06-07 09:05:15.637,7412.0000,678,0,0.0000,0.0000,0,0,多换,B,7396.0000,0.0000,0.0000,0.0000,0.0000,7406.0000,0.0000,0.0000,0.0000,0.0000,1,0,0,0,0,1,0,0,0,0
zc,TA305,2012-06-07 09:05:16.900,7412.0000,678,0,0.0000,0.0000,0,0,多换,B,7394.0000,0.0000,0.0000,0.0000,0.0000,7404.0000,0.0000,0.0000,0.0000,0.0000,1,0,0,0,0,1,0,0,0,0
zc,TA305,2012-06-07 09:05:19.870,7412.0000,678,0,0.0000,0.0000,0,0,多换,B,7392.0000,0.0000,0.0000,0.0000,0.0000,7402.0000,0.0000,0.0000,0.0000,0.0000,1,0,0,0,0,1,0,0,0,0
zc,TA305,2012-06-07 09:05:21.637,7412.0000,678,0,0.0000,0.0000,0,0,多换,B,7390.0000,0.0000,0.0000,0.0000,0.0000,7400.0000,0.0000,0.0000,0.0000,0.0000,1,0,0,0,0,1,0,0,0,0
zc,TA305,2012-06-07 09:05:32.900,7412.0000,678,0,0.0000,0.0000,0,0,多换,B,7388.0000,0.0000,0.0000,0.0000,0.0000,7398.0000,0.0000,0.0000,0.0000,0.0000,1,0,0,0,0,1,0,0,0,0
zc,TA305,2012-06-07 09:05:50.417,7412.0000,678,0,0.0000,0.0000,0,0,多换,B,7390.0000,0.0000,0.0000,0.0000,0.0000,7400.0000,0.0000,0.0000,0.0000,0.0000,1,0,0,0,0,1,0,0,0,0
zc,TA305,2012-06-07 09:05:50.887,7412.0000,678,0,0.0000,0.0000,0,0,多换,B,7388.0000,0.0000,0.0000,0.0000,0.0000,7400.0000,0.0000,0.0000,0.0000,0.0000,1,0,0,0,0,1,0,0,0,0
zc,TA305,2012-06-07 09:05:52.620,7412.0000,678,0,0.0000,0.0000,0,0,多换,B,7388.0000,0.0000,0.0000,0.0000,0.0000,7398.0000,0.0000,0.0000,0.0000,0.0000,1,0,0,0,0,1,0,0,0,0
zc,TA305,2012-06-07 09:05:53.120,7412.0000,678,0,0.0000,0.0000,0,0,多换,B,7390.0000,0.0000,0.0000,0.0000,0.0000,7400.0000,0.0000,0.0000,0.0000,0.0000,1,0,0,0,0,1,0,0,0,0
zc,TA305,2012-06-07 09:05:57.057,7412.0000,678,0,0.0000,0.0000,0,0,多换,B,7390.0000,0.0000,0.0000,0.0000,0.0000,7400.0000,0.0000,0.0000,0.0000,0.0000,1,0,0,0,0,1,0,0,0,0
zc,TA305,2012-06-07 09:06:00.917,7412.0000,678,0,0.0000,0.0000,0,0,多换,B,7388.0000,0.0000,0.0000,0.0000,0.0000,7400.0000,0.0000,0.0000,0.0000,0.0000,1,0,0,0,0,1,0,0,0,0
zc,TA305,2012-06-07 09:06:01.620,7412.0000,678,0,0.0000,0.0000,0,0,多换,B,7388.0000,0.0000,0.0000,0.0000,0.0000,7398.0000,0.0000,0.0000,0.0000,0.0000,1,0,0,0,0,1,0,0,0,0
zc,TA305,2012-06-07 09:06:03.637,7412.0000,678,0,0.0000,0.0000,0,0,多换,B,7390.0000,0.0000,0.0000,0.0000,0.0000,7400.0000,0.0000,0.0000,0.0000,0.0000,1,0,0,0,0,1,0,0,0,0
zc,TA305,2012-06-07 09:06:06.683,7412.0000,678,0,0.0000,0.0000,0,0,多换,B,7388.0000,0.0000,0.0000,0.0000,0.0000,7398.0000,0.0000,0.0000,0.0000,0.0000,1,0,0,0,0,1,0,0,0,0
zc,TA305,2012-06-07 09:06:07.137,7412.0000,678,0,0.0000,0.0000,0,0,多换,B,7390.0000,0.0000,0.0000,0.0000,0.0000,7400.0000,0.0000,0.0000,0.0000,0.0000,1,0,0,0,0,1,0,0,0,0
zc,TA305,2012-06-07 09:06:10.137,7412.0000,678,0,0.0000,0.0000,0,0,多换,B,7392.0000,0.0000,0.0000,0.0000,0.0000,7402.0000,0.0000,0.0000,0.0000,0.0000,1,0,0,0,0,1,0,0,0,0
zc,TA305,2012-06-07 09:06:12.637,7412.0000,678,0,0.0000,0.0000,0,0,多换,B,7390.0000,0.0000,0.0000,0.0000,0.0000,7402.0000,0.0000,0.0000,0.0000,0.0000,1,0,0,0,0,1,0,0,0,0
zc,TA305,2012-06-07 09:06:12.887,7412.0000,678,0,0.0000,0.0000,0,0,多换,B,7390.0000,0.0000,0.0000,0.0000,0.0000,7400.0000,0.0000,0.0000,0.0000,0.0000,1,0,0,0,0,1,0,0,0,0
zc,TA305,2012-06-07 09:06:13.603,7412.0000,678,0,0.0000,0.0000,0,0,多换,B,7390.0000,0.0000,0.0000,0.0000,0.0000,7402.0000,0.0000,0.0000,0.0000,0.0000,1,0,0,0,0,1,0,0,0,0
zc,TA305,2012-06-07 09:06:15.887,7412.0000,678,0,0.0000,0.0000,0,0,多换,B,7388.0000,0.0000,0.0000,0.0000,0.0000,7402.0000,0.0000,0.0000,0.0000,0.0000,1,0,0,0,0,1,0,0,0,0
zc,TA305,2012-06-07 09:06:18.120,7412.0000,678,0,0.0000,0.0000,0,0,多换,B,7388.0000,0.0000,0.0000,0.0000,0.0000,7400.0000,0.0000,0.0000,0.0000,0.0000,1,0,0,0,0,1,0,0,0,0
zc,TA305,2012-06-07 09:06:21.150,7412.0000,678,0,0.0000,0.0000,0,0,多换,B,7390.0000,0.0000,0.0000,0.0000,0.0000,7400.0000,0.0000,0.0000,0.0000,0.0000,1,0,0,0,0,1,0,0,0,0
zc,TA305,2012-06-07 09:06:26.183,7412.0000,678,0,0.0000,0.0000,0,0,多换,B,7392.0000,0.0000,0.0000,0.0000,0.0000,7402.0000,0.0000,0.0000,0.0000,0.0000,1,0,0,0,0,1,0,0,0,0
zc,TA305,2012-06-07 09:06:29.650,7412.0000,678,0,0.0000,0.0000,0,0,多换,B,7390.0000,0.0000,0.0000,0.0000,0.0000,7402.0000,0.0000,0.0000,0.0000,0.0000,1,0,0,0,0,1,0,0,0,0
zc,TA305,2012-06-07 09:06:32.683,7412.0000,678,0,0.0000,0.0000,0,0,多换,B,7390.0000,0.0000,0.0000,0.0000,0.0000,7406.0000,0.0000,0.0000,0.0000,0.0000,1,0,0,0,0,1,0,0,0,0
zc,TA305,2012-06-07 09:06:33.137,7412.0000,678,0,0.0000,0.0000,0,0,多换,B,7394.0000,0.0000,0.0000,0.0000,0.0000,7406.0000,0.0000,0.0000,0.0000,0.0000,1,0,0,0,0,1,0,0,0,0
zc,TA305,2012-06-07 09:06:34.387,7412.0000,678,0,0.0000,0.0000,0,0,多换,B,7396.0000,0.0000,0.0000,0.0000,0.0000,7406.0000,0.0000,0.0000,0.0000,0.0000,1,0,0,0,0,1,0,0,0,0
zc,TA305,2012-06-07 09:06:35.417,7412.0000,678,0,0.0000,0.0000,0,0,多换,B,7398.0000,0.0000,0.0000,0.0000,0.0000,7408.0000,0.0000,0.0000,0.0000,0.0000,1,0,0,0,0,2,0,0,0,0
zc,TA305,2012-06-07 09:06:42.870,7412.0000,678,0,0.0000,0.0000,0,0,多换,B,7396.0000,0.0000,0.0000,0.0000,0.0000,7406.0000,0.0000,0.0000,0.0000,0.0000,1,0,0,0,0,1,0,0,0,0
zc,TA305,2012-06-07 09:06:47.337,7412.0000,678,0,0.0000,0.0000,0,0,多换,B,7396.0000,0.0000,0.0000,0.0000,0.0000,7408.0000,0.0000,0.0000,0.0000,0.0000,1,0,0,0,0,2,0,0,0,0
zc,TA305,2012-06-07 09:06:47.870,7412.0000,678,0,0.0000,0.0000,0,0,多换,B,7398.0000,0.0000,0.0000,0.0000,0.0000,7408.0000,0.0000,0.0000,0.0000,0.0000,1,0,0,0,0,2,0,0,0,0
zc,TA305,2012-06-07 09:06:49.120,7412.0000,678,0,0.0000,0.0000,0,0,多换,B,7396.0000,0.0000,0.0000,0.0000,0.0000,7408.0000,0.0000,0.0000,0.0000,0.0000,1,0,0,0,0,2,0,0,0,0
zc,TA305,2012-06-07 09:06:50.137,7412.0000,678,0,0.0000,0.0000,0,0,多换,B,7398.0000,0.0000,0.0000,0.0000,0.0000,7408.0000,0.0000,0.0000,0.0000,0.0000,1,0,0,0,0,2,0,0,0,0
zc,TA305,2012-06-07 09:07:17.837,7412.0000,678,0,0.0000,0.0000,0,0,多换,B,7396.0000,0.0000,0.0000,0.0000,0.0000,7406.0000,0.0000,0.0000,0.0000,0.0000,1,0,0,0,0,1,0,0,0,0
zc,TA305,2012-06-07 09:07:28.837,7412.0000,678,0,0.0000,0.0000,0,0,多换,B,7394.0000,0.0000,0.0000,0.0000,0.0000,7406.0000,0.0000,0.0000,0.0000,0.0000,1,0,0,0,0,1,0,0,0,0
zc,TA305,2012-06-07 09:07:29.400,7412.0000,678,0,0.0000,0.0000,0,0,多换,B,7396.0000,0.0000,0.0000,0.0000,0.0000,7406.0000,0.0000,0.0000,0.0000,0.0000,1,0,0,0,0,1,0,0,0,0
zc,TA305,2012-06-07 09:07:30.087,7412.0000,678,0,0.0000,0.0000,0,0,多换,B,7394.0000,0.0000,0.0000,0.0000,0.0000,7406.0000,0.0000,0.0000,0.0000,0.0000,1,0,0,0,0,1,0,0,0,0
zc,TA305,2012-06-07 09:07:31.103,7412.0000,678,0,0.0000,0.0000,0,0,多换,B,7394.0000,0.0000,0.0000,0.0000,0.0000,7404.0000,0.0000,0.0000,0.0000,0.0000,1,0,0,0,0,1,0,0,0,0
zc,TA305,2012-06-07 09:07:57.057,7412.0000,678,0,0.0000,0.0000,0,0,多换,B,7394.0000,0.0000,0.0000,0.0000,0.0000,7404.0000,0.0000,0.0000,0.0000,0.0000,1,0,0,0,0,1,0,0,0,0
zc,TA305,2012-06-07 09:07:57.887,7412.0000,678,0,0.0000,0.0000,0,0,多换,B,7392.0000,0.0000,0.0000,0.0000,0.0000,7404.0000,0.0000,0.0000,0.0000,0.0000,1,0,0,0,0,1,0,0,0,0
zc,TA305,2012-06-07 09:08:00.120,7412.0000,678,0,0.0000,0.0000,0,0,多换,B,7392.0000,0.0000,0.0000,0.0000,0.0000,7402.0000,0.0000,0.0000,0.0000,0.0000,1,0,0,0,0,1,0,0,0,0
zc,TA305,2012-06-07 09:08:02.167,7412.0000,678,0,0.0000,0.0000,0,0,多换,B,7392.0000,0.0000,0.0000,0.0000,0.0000,7404.0000,0.0000,0.0000,0.0000,0.0000,1,0,0,0,0,1,0,0,0,0
zc,TA305,2012-06-07 09:08:06.823,7412.0000,678,0,0.0000,0.0000,0,0,多换,B,7392.0000,0.0000,0.0000,0.0000,0.0000,7402.0000,0.0000,0.0000,0.0000,0.0000,1,0,0,0,0,1,0,0,0,0
zc,TA305,2012-06-07 09:08:21.887,7412.0000,678,0,0.0000,0.0000,0,0,多换,B,7394.0000,0.0000,0.0000,0.0000,0.0000,7404.0000,0.0000,0.0000,0.0000,0.0000,1,0,0,0,0,1,0,0,0,0
zc,TA305,2012-06-07 09:08:25.637,7412.0000,678,0,0.0000,0.0000,0,0,多换,B,7392.0000,0.0000,0.0000,0.0000,0.0000,7402.0000,0.0000,0.0000,0.0000,0.0000,1,0,0,0,0,1,0,0,0,0
zc,TA305,2012-06-07 09:08:32.323,7412.0000,678,0,0.0000,0.0000,0,0,多换,B,7392.0000,0.0000,0.0000,0.0000,0.0000,7404.0000,0.0000,0.0000,0.0000,0.0000,1,0,0,0,0,1,0,0,0,0
zc,TA305,2012-06-07 09:08:34.120,7412.0000,678,0,0.0000,0.0000,0,0,多换,B,7394.0000,0.0000,0.0000,0.0000,0.0000,7404.0000,0.0000,0.0000,0.0000,0.0000,1,0,0,0,0,1,0,0,0,0
zc,TA305,2012-06-07 09:08:37.853,7412.0000,678,0,0.0000,0.0000,0,0,多换,B,7394.0000,0.0000,0.0000,0.0000,0.0000,7406.0000,0.0000,0.0000,0.0000,0.0000,1,0,0,0,0,1,0,0,0,0
zc,TA305,2012-06-07 09:08:42.120,7412.0000,678,0,0.0000,0.0000,0,0,多换,B,7396.0000,0.0000,0.0000,0.0000,0.0000,7406.0000,0.0000,0.0000,0.0000,0.0000,1,0,0,0,0,1,0,0,0,0
zc,TA305,2012-06-07 09:08:43.917,7412.0000,678,0,0.0000,0.0000,0,0,多换,B,7394.0000,0.0000,0.0000,0.0000,0.0000,7406.0000,0.0000,0.0000,0.0000,0.0000,1,0,0,0,0,1,0,0,0,0
zc,TA305,2012-06-07 09:08:44.353,7412.0000,678,0,0.0000,0.0000,0,0,多换,B,7396.0000,0.0000,0.0000,0.0000,0.0000,7406.0000,0.0000,0.0000,0.0000,0.0000,1,0,0,0,0,1,0,0,0,0
zc,TA305,2012-06-07 09:08:45.150,7412.0000,678,0,0.0000,0.0000,0,0,多换,B,7394.0000,0.0000,0.0000,0.0000,0.0000,7406.0000,0.0000,0.0000,0.0000,0.0000,1,0,0,0,0,1,0,0,0,0
zc,TA305,2012-06-07 09:08:52.870,7412.0000,678,0,0.0000,0.0000,0,0,多换,B,7396.0000,0.0000,0.0000,0.0000,0.0000,7406.0000,0.0000,0.0000,0.0000,0.0000,1,0,0,0,0,1,0,0,0,0
zc,TA305,2012-06-07 09:08:55.917,7412.0000,678,0,0.0000,0.0000,0,0,多换,B,7398.0000,0.0000,0.0000,0.0000,0.0000,7408.0000,0.0000,0.0000,0.0000,0.0000,1,0,0,0,0,2,0,0,0,0
zc,TA305,2012-06-07 09:09:00.947,7412.0000,678,0,0.0000,0.0000,0,0,多换,B,7396.0000,0.0000,0.0000,0.0000,0.0000,7408.0000,0.0000,0.0000,0.0000,0.0000,1,0,0,0,0,2,0,0,0,0
zc,TA305,2012-06-07 09:09:01.353,7412.0000,678,0,0.0000,0.0000,0,0,多换,B,7398.0000,0.0000,0.0000,0.0000,0.0000,7408.0000,0.0000,0.0000,0.0000,0.0000,1,0,0,0,0,2,0,0,0,0
zc,TA305,2012-06-07 09:09:04.370,7412.0000,678,0,0.0000,0.0000,0,0,多换,B,7398.0000,0.0000,0.0000,0.0000,0.0000,7408.0000,0.0000,0.0000,0.0000,0.0000,1,0,0,0,0,1,0,0,0,0
zc,TA305,2012-06-07 09:09:06.433,7412.0000,678,0,0.0000,0.0000,0,0,多换,B,7400.0000,0.0000,0.0000,0.0000,0.0000,7408.0000,0.0000,0.0000,0.0000,0.0000,1,0,0,0,0,1,0,0,0,0
zc,TA305,2012-06-07 09:09:25.637,7412.0000,678,0,0.0000,0.0000,0,0,多换,B,7402.0000,0.0000,0.0000,0.0000,0.0000,7408.0000,0.0000,0.0000,0.0000,0.0000,1,0,0,0,0,1,0,0,0,0
zc,TA305,2012-06-07 09:09:32.387,7412.0000,680,2,0.0000,2.0000,2,0,双开,B,7402.0000,0.0000,0.0000,0.0000,0.0000,7412.0000,0.0000,0.0000,0.0000,0.0000,1,0,0,0,0,2,0,0,0,0
zc,TA305,2012-06-07 09:09:32.887,7412.0000,680,0,0.0000,0.0000,0,0,多换,B,7400.0000,0.0000,0.0000,0.0000,0.0000,7410.0000,0.0000,0.0000,0.0000,0.0000,1,0,0,0,0,1,0,0,0,0
zc,TA305,2012-06-07 09:09:44.417,7412.0000,686,6,0.0000,8.0000,7,1,多开,B,7400.0000,0.0000,0.0000,0.0000,0.0000,7412.0000,0.0000,0.0000,0.0000,0.0000,1,0,0,0,0,1,0,0,0,0
zc,TA305,2012-06-07 09:09:45.637,7412.0000,686,0,0.0000,0.0000,0,0,多换,B,7400.0000,0.0000,0.0000,0.0000,0.0000,7410.0000,0.0000,0.0000,0.0000,0.0000,1,0,0,0,0,1,0,0,0,0
zc,TA305,2012-06-07 09:09:53.603,7412.0000,686,0,0.0000,0.0000,0,0,多换,B,7402.0000,0.0000,0.0000,0.0000,0.0000,7410.0000,0.0000,0.0000,0.0000,0.0000,1,0,0,0,0,1,0,0,0,0
zc,TA305,2012-06-07 09:09:54.337,7412.0000,686,0,0.0000,0.0000,0,0,多换,B,7400.0000,0.0000,0.0000,0.0000,0.0000,7408.0000,0.0000,0.0000,0.0000,0.0000,1,0,0,0,0,1,0,0,0,0
zc,TA305,2012-06-07 09:10:00.137,7412.0000,686,0,0.0000,0.0000,0,0,多换,B,7398.0000,0.0000,0.0000,0.0000,0.0000,7406.0000,0.0000,0.0000,0.0000,0.0000,1,0,0,0,0,1,0,0,0,0
zc,TA305,2012-06-07 09:10:02.853,7412.0000,686,0,0.0000,0.0000,0,0,多换,B,7400.0000,0.0000,0.0000,0.0000,0.0000,7408.0000,0.0000,0.0000,0.0000,0.0000,1,0,0,0,0,1,0,0,0,0
zc,TA305,2012-06-07 09:10:17.337,7412.0000,686,0,0.0000,0.0000,0,0,多换,B,7400.0000,0.0000,0.0000,0.0000,0.0000,7410.0000,0.0000,0.0000,0.0000,0.0000,1,0,0,0,0,1,0,0,0,0
zc,TA305,2012-06-07 09:10:20.120,7412.0000,686,0,0.0000,0.0000,0,0,多换,B,7402.0000,0.0000,0.0000,0.0000,0.0000,7410.0000,0.0000,0.0000,0.0000,0.0000,1,0,0,0,0,1,0,0,0,0
zc,TA305,2012-06-07 09:10:20.853,7412.0000,686,0,0.0000,0.0000,0,0,多换,B,7400.0000,0.0000,0.0000,0.0000,0.0000,7410.0000,0.0000,0.0000,0.0000,0.0000,1,0,0,0,0,1,0,0,0,0
zc,TA305,2012-06-07 09:10:21.353,7412.0000,686,0,0.0000,0.0000,0,0,多换,B,7400.0000,0.0000,0.0000,0.0000,0.0000,7408.0000,0.0000,0.0000,0.0000,0.0000,1,0,0,0,0,1,0,0,0,0
zc,TA305,2012-06-07 09:10:26.637,7412.0000,686,0,0.0000,0.0000,0,0,多换,B,7400.0000,0.0000,0.0000,0.0000,0.0000,7410.0000,0.0000,0.0000,0.0000,0.0000,1,0,0,0,0,1,0,0,0,0
zc,TA305,2012-06-07 09:10:32.387,7412.0000,686,0,0.0000,0.0000,0,0,多换,B,7402.0000,0.0000,0.0000,0.0000,0.0000,7410.0000,0.0000,0.0000,0.0000,0.0000,1,0,0,0,0,1,0,0,0,0
zc,TA305,2012-06-07 09:10:33.353,7412.0000,686,0,0.0000,0.0000,0,0,多换,B,7402.0000,0.0000,0.0000,0.0000,0.0000,7412.0000,0.0000,0.0000,0.0000,0.0000,1,0,0,0,0,1,0,0,0,0
zc,TA305,2012-06-07 09:10:35.087,7412.0000,686,0,0.0000,0.0000,0,0,多换,B,7404.0000,0.0000,0.0000,0.0000,0.0000,7412.0000,0.0000,0.0000,0.0000,0.0000,1,0,0,0,0,1,0,0,0,0
zc,TA305,2012-06-07 09:10:36.697,7412.0000,686,0,0.0000,0.0000,0,0,多换,B,7402.0000,0.0000,0.0000,0.0000,0.0000,7412.0000,0.0000,0.0000,0.0000,0.0000,1,0,0,0,0,1,0,0,0,0
zc,TA305,2012-06-07 09:10:38.933,7412.0000,686,0,0.0000,0.0000,0,0,多换,B,7402.0000,0.0000,0.0000,0.0000,0.0000,7410.0000,0.0000,0.0000,0.0000,0.0000,1,0,0,0,0,1,0,0,0,0
zc,TA305,2012-06-07 09:10:39.933,7412.0000,686,0,0.0000,0.0000,0,0,多换,B,7400.0000,0.0000,0.0000,0.0000,0.0000,7408.0000,0.0000,0.0000,0.0000,0.0000,1,0,0,0,0,1,0,0,0,0
zc,TA305,2012-06-07 09:10:40.620,7412.0000,686,0,0.0000,0.0000,0,0,多换,B,7400.0000,0.0000,0.0000,0.0000,0.0000,7412.0000,0.0000,0.0000,0.0000,0.0000,1,0,0,0,0,1,0,0,0,0
zc,TA305,2012-06-07 09:10:41.120,7412.0000,686,0,0.0000,0.0000,0,0,多换,B,7400.0000,0.0000,0.0000,0.0000,0.0000,7408.0000,0.0000,0.0000,0.0000,0.0000,1,0,0,0,0,1,0,0,0,0
zc,TA305,2012-06-07 09:10:45.120,7412.0000,686,0,0.0000,0.0000,0,0,多换,B,7402.0000,0.0000,0.0000,0.0000,0.0000,7410.0000,0.0000,0.0000,0.0000,0.0000,1,0,0,0,0,1,0,0,0,0
zc,TA305,2012-06-07 09:10:49.103,7412.0000,686,0,0.0000,0.0000,0,0,多换,B,7402.0000,0.0000,0.0000,0.0000,0.0000,7412.0000,0.0000,0.0000,0.0000,0.0000,1,0,0,0,0,1,0,0,0,0
zc,TA305,2012-06-07 09:11:01.637,7412.0000,686,0,0.0000,0.0000,0,0,多换,B,7404.0000,0.0000,0.0000,0.0000,0.0000,7412.0000,0.0000,0.0000,0.0000,0.0000,1,0,0,0,0,1,0,0,0,0
zc,TA305,2012-06-07 09:11:03.433,7412.0000,686,0,0.0000,0.0000,0,0,多换,B,7402.0000,0.0000,0.0000,0.0000,0.0000,7412.0000,0.0000,0.0000,0.0000,0.0000,1,0,0,0,0,1,0,0,0,0
zc,TA305,2012-06-07 09:11:04.620,7412.0000,686,0,0.0000,0.0000,0,0,多换,B,7402.0000,0.0000,0.0000,0.0000,0.0000,7410.0000,0.0000,0.0000,0.0000,0.0000,1,0,0,0,0,1,0,0,0,0
zc,TA305,2012-06-07 09:11:06.947,7412.0000,686,0,0.0000,0.0000,0,0,多换,B,7402.0000,0.0000,0.0000,0.0000,0.0000,7412.0000,0.0000,0.0000,0.0000,0.0000,1,0,0,0,0,1,0,0,0,0
zc,TA305,2012-06-07 09:11:08.137,7412.0000,686,0,0.0000,0.0000,0,0,多换,B,7404.0000,0.0000,0.0000,0.0000,0.0000,7412.0000,0.0000,0.0000,0.0000,0.0000,1,0,0,0,0,1,0,0,0,0
zc,TA305,2012-06-07 09:11:10.400,7412.0000,686,0,0.0000,0.0000,0,0,多换,B,7402.0000,0.0000,0.0000,0.0000,0.0000,7412.0000,0.0000,0.0000,0.0000,0.0000,1,0,0,0,0,1,0,0,0,0
zc,TA305,2012-06-07 09:11:14.620,7412.0000,686,0,0.0000,0.0000,0,0,多换,B,7400.0000,0.0000,0.0000,0.0000,0.0000,7408.0000,0.0000,0.0000,0.0000,0.0000,1,0,0,0,0,1,0,0,0,0
zc,TA305,2012-06-07 09:11:16.400,7412.0000,686,0,0.0000,0.0000,0,0,多换,B,7402.0000,0.0000,0.0000,0.0000,0.0000,7412.0000,0.0000,0.0000,0.0000,0.0000,1,0,0,0,0,1,0,0,0,0
zc,TA305,2012-06-07 09:11:20.387,7412.0000,686,0,0.0000,0.0000,0,0,多换,B,7402.0000,0.0000,0.0000,0.0000,0.0000,7410.0000,0.0000,0.0000,0.0000,0.0000,1,0,0,0,0,1,0,0,0,0
zc,TA305,2012-06-07 09:11:21.853,7412.0000,686,0,0.0000,0.0000,0,0,多换,B,7402.0000,0.0000,0.0000,0.0000,0.0000,7412.0000,0.0000,0.0000,0.0000,0.0000,1,0,0,0,0,1,0,0,0,0
zc,TA305,2012-06-07 09:11:22.603,7412.0000,686,0,0.0000,0.0000,0,0,多换,B,7404.0000,0.0000,0.0000,0.0000,0.0000,7412.0000,0.0000,0.0000,0.0000,0.0000,1,0,0,0,0,1,0,0,0,0
zc,TA305,2012-06-07 09:11:26.870,7412.0000,686,0,0.0000,0.0000,0,0,多换,B,7402.0000,0.0000,0.0000,0.0000,0.0000,7412.0000,0.0000,0.0000,0.0000,0.0000,1,0,0,0,0,1,0,0,0,0
zc,TA305,2012-06-07 09:11:28.370,7412.0000,686,0,0.0000,0.0000,0,0,多换,B,7402.0000,0.0000,0.0000,0.0000,0.0000,7410.0000,0.0000,0.0000,0.0000,0.0000,1,0,0,0,0,1,0,0,0,0
zc,TA305,2012-06-07 09:11:29.603,7412.0000,686,0,0.0000,0.0000,0,0,多换,B,7402.0000,0.0000,0.0000,0.0000,0.0000,7412.0000,0.0000,0.0000,0.0000,0.0000,1,0,0,0,0,1,0,0,0,0
zc,TA305,2012-06-07 09:11:30.870,7412.0000,686,0,0.0000,0.0000,0,0,多换,B,7404.0000,0.0000,0.0000,0.0000,0.0000,7412.0000,0.0000,0.0000,0.0000,0.0000,1,0,0,0,0,1,0,0,0,0
zc,TA305,2012-06-07 09:11:34.853,7412.0000,686,0,0.0000,0.0000,0,0,多换,B,7402.0000,0.0000,0.0000,0.0000,0.0000,7410.0000,0.0000,0.0000,0.0000,0.0000,1,0,0,0,0,1,0,0,0,0
zc,TA305,2012-06-07 09:11:37.337,7412.0000,686,0,0.0000,0.0000,0,0,多换,B,7402.0000,0.0000,0.0000,0.0000,0.0000,7412.0000,0.0000,0.0000,0.0000,0.0000,1,0,0,0,0,1,0,0,0,0
zc,TA305,2012-06-07 09:11:38.353,7412.0000,686,0,0.0000,0.0000,0,0,多换,B,7404.0000,0.0000,0.0000,0.0000,0.0000,7412.0000,0.0000,0.0000,0.0000,0.0000,1,0,0,0,0,1,0,0,0,0
zc,TA305,2012-06-07 09:12:22.387,7412.0000,686,0,0.0000,0.0000,0,0,多换,B,7402.0000,0.0000,0.0000,0.0000,0.0000,7410.0000,0.0000,0.0000,0.0000,0.0000,1,0,0,0,0,1,0,0,0,0
zc,TA305,2012-06-07 09:12:35.853,7412.0000,686,0,0.0000,0.0000,0,0,多换,B,7402.0000,0.0000,0.0000,0.0000,0.0000,7408.0000,0.0000,0.0000,0.0000,0.0000,1,0,0,0,0,1,0,0,0,0
zc,TA305,2012-06-07 09:12:39.370,7412.0000,686,0,0.0000,0.0000,0,0,多换,B,7400.0000,0.0000,0.0000,0.0000,0.0000,7408.0000,0.0000,0.0000,0.0000,0.0000,1,0,0,0,0,2,0,0,0,0
zc,TA305,2012-06-07 09:12:54.353,7412.0000,686,0,0.0000,0.0000,0,0,多换,B,7398.0000,0.0000,0.0000,0.0000,0.0000,7406.0000,0.0000,0.0000,0.0000,0.0000,1,0,0,0,0,1,0,0,0,0
zc,TA305,2012-06-07 09:12:58.837,7412.0000,686,0,0.0000,0.0000,0,0,多换,B,7396.0000,0.0000,0.0000,0.0000,0.0000,7406.0000,0.0000,0.0000,0.0000,0.0000,1,0,0,0,0,1,0,0,0,0
zc,TA305,2012-06-07 09:12:59.603,7412.0000,686,0,0.0000,0.0000,0,0,多换,B,7396.0000,0.0000,0.0000,0.0000,0.0000,7404.0000,0.0000,0.0000,0.0000,0.0000,1,0,0,0,0,1,0,0,0,0
zc,TA305,2012-06-07 09:13:00.370,7412.0000,686,0,0.0000,0.0000,0,0,多换,B,7398.0000,0.0000,0.0000,0.0000,0.0000,7406.0000,0.0000,0.0000,0.0000,0.0000,1,0,0,0,0,1,0,0,0,0
zc,TA305,2012-06-07 09:13:00.917,7412.0000,686,0,0.0000,0.0000,0,0,多换,B,7396.0000,0.0000,0.0000,0.0000,0.0000,7404.0000,0.0000,0.0000,0.0000,0.0000,1,0,0,0,0,1,0,0,0,0
zc,TA305,2012-06-07 09:13:03.900,7412.0000,686,0,0.0000,0.0000,0,0,多换,B,7396.0000,0.0000,0.0000,0.0000,0.0000,7406.0000,0.0000,0.0000,0.0000,0.0000,1,0,0,0,0,1,0,0,0,0
zc,TA305,2012-06-07 09:13:04.370,7412.0000,686,0,0.0000,0.0000,0,0,多换,B,7394.0000,0.0000,0.0000,0.0000,0.0000,7402.0000,0.0000,0.0000,0.0000,0.0000,1,0,0,0,0,1,0,0,0,0
zc,TA305,2012-06-07 09:13:05.650,7412.0000,686,0,0.0000,0.0000,0,0,多换,B,7396.0000,0.0000,0.0000,0.0000,0.0000,7406.0000,0.0000,0.0000,0.0000,0.0000,1,0,0,0,0,1,0,0,0,0
zc,TA305,2012-06-07 09:13:06.150,7412.0000,686,0,0.0000,0.0000,0,0,多换,B,7394.0000,0.0000,0.0000,0.0000,0.0000,7406.0000,0.0000,0.0000,0.0000,0.0000,1,0,0,0,0,1,0,0,0,0
zc,TA305,2012-06-07 09:13:07.900,7412.0000,686,0,0.0000,0.0000,0,0,多换,B,7396.0000,0.0000,0.0000,0.0000,0.0000,7404.0000,0.0000,0.0000,0.0000,0.0000,1,0,0,0,0,1,0,0,0,0
zc,TA305,2012-06-07 09:13:17.387,7412.0000,686,0,0.0000,0.0000,0,0,多换,B,7394.0000,0.0000,0.0000,0.0000,0.0000,7402.0000,0.0000,0.0000,0.0000,0.0000,1,0,0,0,0,1,0,0,0,0
zc,TA305,2012-06-07 09:13:20.603,7412.0000,686,0,0.0000,0.0000,0,0,多换,B,7396.0000,0.0000,0.0000,0.0000,0.0000,7404.0000,0.0000,0.0000,0.0000,0.0000,1,0,0,0,0,1,0,0,0,0
zc,TA305,2012-06-07 09:13:21.370,7412.0000,686,0,0.0000,0.0000,0,0,多换,B,7398.0000,0.0000,0.0000,0.0000,0.0000,7406.0000,0.0000,0.0000,0.0000,0.0000,1,0,0,0,0,1,0,0,0,0
zc,TA305,2012-06-07 09:13:22.387,7412.0000,686,0,0.0000,0.0000,0,0,多换,B,7396.0000,0.0000,0.0000,0.0000,0.0000,7406.0000,0.0000,0.0000,0.0000,0.0000,1,0,0,0,0,1,0,0,0,0
zc,TA305,2012-06-07 09:13:32.400,7412.0000,686,0,0.0000,0.0000,0,0,多换,B,7398.0000,0.0000,0.0000,0.0000,0.0000,7406.0000,0.0000,0.0000,0.0000,0.0000,1,0,0,0,0,1,0,0,0,0
zc,TA305,2012-06-07 09:13:32.853,7412.0000,686,0,0.0000,0.0000,0,0,多换,B,7396.0000,0.0000,0.0000,0.0000,0.0000,7404.0000,0.0000,0.0000,0.0000,0.0000,1,0,0,0,0,1,0,0,0,0
zc,TA305,2012-06-07 09:13:50.603,7412.0000,686,0,0.0000,0.0000,0,0,多换,B,7396.0000,0.0000,0.0000,0.0000,0.0000,7406.0000,0.0000,0.0000,0.0000,0.0000,1,0,0,0,0,1,0,0,0,0
zc,TA305,2012-06-07 09:13:52.337,7412.0000,686,0,0.0000,0.0000,0,0,多换,B,7398.0000,0.0000,0.0000,0.0000,0.0000,7406.0000,0.0000,0.0000,0.0000,0.0000,1,0,0,0,0,1,0,0,0,0
zc,TA305,2012-06-07 09:13:55.637,7412.0000,686,0,0.0000,0.0000,0,0,多换,B,7396.0000,0.0000,0.0000,0.0000,0.0000,7404.0000,0.0000,0.0000,0.0000,0.0000,1,0,0,0,0,1,0,0,0,0
zc,TA305,2012-06-07 09:13:57.870,7412.0000,686,0,0.0000,0.0000,0,0,多换,B,7398.0000,0.0000,0.0000,0.0000,0.0000,7406.0000,0.0000,0.0000,0.0000,0.0000,1,0,0,0,0,1,0,0,0,0
zc,TA305,2012-06-07 09:14:57.057,7412.0000,686,0,0.0000,0.0000,0,0,多换,B,7398.0000,0.0000,0.0000,0.0000,0.0000,7406.0000,0.0000,0.0000,0.0000,0.0000,1,0,0,0,0,1,0,0,0,0
zc,TA305,2012-06-07 09:16:02.337,7412.0000,686,0,0.0000,0.0000,0,0,多换,B,7396.0000,0.0000,0.0000,0.0000,0.0000,7404.0000,0.0000,0.0000,0.0000,0.0000,1,0,0,0,0,1,0,0,0,0
zc,TA305,2012-06-07 09:16:06.387,7412.0000,686,0,0.0000,0.0000,0,0,多换,B,7398.0000,0.0000,0.0000,0.0000,0.0000,7406.0000,0.0000,0.0000,0.0000,0.0000,1,0,0,0,0,1,0,0,0,0
zc,TA305,2012-06-07 09:16:12.137,7412.0000,686,0,0.0000,0.0000,0,0,多换,B,7400.0000,0.0000,0.0000,0.0000,0.0000,7408.0000,0.0000,0.0000,0.0000,0.0000,1,0,0,0,0,1,0,0,0,0
zc,TA305,2012-06-07 09:16:13.087,7412.0000,686,0,0.0000,0.0000,0,0,多换,B,7402.0000,0.0000,0.0000,0.0000,0.0000,7410.0000,0.0000,0.0000,0.0000,0.0000,1,0,0,0,0,1,0,0,0,0
zc,TA305,2012-06-07 09:16:14.400,7412.0000,686,0,0.0000,0.0000,0,0,多换,B,7400.0000,0.0000,0.0000,0.0000,0.0000,7410.0000,0.0000,0.0000,0.0000,0.0000,1,0,0,0,0,1,0,0,0,0
zc,TA305,2012-06-07 09:16:18.603,7412.0000,686,0,0.0000,0.0000,0,0,多换,B,7402.0000,0.0000,0.0000,0.0000,0.0000,7410.0000,0.0000,0.0000,0.0000,0.0000,1,0,0,0,0,1,0,0,0,0
zc,TA305,2012-06-07 09:16:19.087,7412.0000,686,0,0.0000,0.0000,0,0,多换,B,7400.0000,0.0000,0.0000,0.0000,0.0000,7410.0000,0.0000,0.0000,0.0000,0.0000,1,0,0,0,0,1,0,0,0,0
zc,TA305,2012-06-07 09:16:20.837,7412.0000,686,0,0.0000,0.0000,0,0,多换,B,7400.0000,0.0000,0.0000,0.0000,0.0000,7408.0000,0.0000,0.0000,0.0000,0.0000,1,0,0,0,0,1,0,0,0,0
zc,TA305,2012-06-07 09:16:21.337,7412.0000,686,0,0.0000,0.0000,0,0,多换,B,7400.0000,0.0000,0.0000,0.0000,0.0000,7410.0000,0.0000,0.0000,0.0000,0.0000,1,0,0,0,0,1,0,0,0,0
zc,TA305,2012-06-07 09:16:25.323,7412.0000,686,0,0.0000,0.0000,0,0,多换,B,7402.0000,0.0000,0.0000,0.0000,0.0000,7410.0000,0.0000,0.0000,0.0000,0.0000,1,0,0,0,0,1,0,0,0,0
zc,TA305,2012-06-07 09:17:01.837,7412.0000,686,0,0.0000,0.0000,0,0,多换,B,7400.0000,0.0000,0.0000,0.0000,0.0000,7408.0000,0.0000,0.0000,0.0000,0.0000,1,0,0,0,0,1,0,0,0,0
zc,TA305,2012-06-07 09:17:04.103,7412.0000,686,0,0.0000,0.0000,0,0,多换,B,7400.0000,0.0000,0.0000,0.0000,0.0000,7410.0000,0.0000,0.0000,0.0000,0.0000,1,0,0,0,0,1,0,0,0,0
zc,TA305,2012-06-07 09:17:04.573,7412.0000,686,0,0.0000,0.0000,0,0,多换,B,7400.0000,0.0000,0.0000,0.0000,0.0000,7408.0000,0.0000,0.0000,0.0000,0.0000,1,0,0,0,0,1,0,0,0,0
zc,TA305,2012-06-07 09:17:06.353,7412.0000,686,0,0.0000,0.0000,0,0,多换,B,7402.0000,0.0000,0.0000,0.0000,0.0000,7410.0000,0.0000,0.0000,0.0000,0.0000,1,0,0,0,0,1,0,0,0,0
zc,TA305,2012-06-07 09:17:07.587,7412.0000,686,0,0.0000,0.0000,0,0,多换,B,7400.0000,0.0000,0.0000,0.0000,0.0000,7410.0000,0.0000,0.0000,0.0000,0.0000,1,0,0,0,0,1,0,0,0,0
zc,TA305,2012-06-07 09:17:08.337,7412.0000,686,0,0.0000,0.0000,0,0,多换,B,7402.0000,0.0000,0.0000,0.0000,0.0000,7410.0000,0.0000,0.0000,0.0000,0.0000,1,0,0,0,0,1,0,0,0,0
zc,TA305,2012-06-07 09:17:10.387,7412.0000,686,0,0.0000,0.0000,0,0,多换,B,7400.0000,0.0000,0.0000,0.0000,0.0000,7408.0000,0.0000,0.0000,0.0000,0.0000,1,0,0,0,0,1,0,0,0,0
zc,TA305,2012-06-07 09:17:12.853,7412.0000,686,0,0.0000,0.0000,0,0,多换,B,7402.0000,0.0000,0.0000,0.0000,0.0000,7410.0000,0.0000,0.0000,0.0000,0.0000,1,0,0,0,0,1,0,0,0,0
zc,TA305,2012-06-07 09:17:18.150,7412.0000,686,0,0.0000,0.0000,0,0,多换,B,7400.0000,0.0000,0.0000,0.0000,0.0000,7408.0000,0.0000,0.0000,0.0000,0.0000,1,0,0,0,0,1,0,0,0,0
zc,TA305,2012-06-07 09:17:20.853,7412.0000,686,0,0.0000,0.0000,0,0,多换,B,7402.0000,0.0000,0.0000,0.0000,0.0000,7410.0000,0.0000,0.0000,0.0000,0.0000,1,0,0,0,0,1,0,0,0,0
zc,TA305,2012-06-07 09:17:24.087,7412.0000,686,0,0.0000,0.0000,0,0,多换,B,7400.0000,0.0000,0.0000,0.0000,0.0000,7408.0000,0.0000,0.0000,0.0000,0.0000,1,0,0,0,0,1,0,0,0,0
zc,TA305,2012-06-07 09:18:00.837,7412.0000,686,0,0.0000,0.0000,0,0,多换,B,7398.0000,0.0000,0.0000,0.0000,0.0000,7406.0000,0.0000,0.0000,0.0000,0.0000,1,0,0,0,0,1,0,0,0,0
zc,TA305,2012-06-07 09:18:10.837,7412.0000,686,0,0.0000,0.0000,0,0,多换,B,7396.0000,0.0000,0.0000,0.0000,0.0000,7406.0000,0.0000,0.0000,0.0000,0.0000,1,0,0,0,0,1,0,0,0,0
zc,TA305,2012-06-07 09:18:17.103,7412.0000,686,0,0.0000,0.0000,0,0,多换,B,7396.0000,0.0000,0.0000,0.0000,0.0000,7404.0000,0.0000,0.0000,0.0000,0.0000,1,0,0,0,0,1,0,0,0,0
zc,TA305,2012-06-07 09:18:19.933,7412.0000,686,0,0.0000,0.0000,0,0,多换,B,7394.0000,0.0000,0.0000,0.0000,0.0000,7404.0000,0.0000,0.0000,0.0000,0.0000,1,0,0,0,0,1,0,0,0,0
zc,TA305,2012-06-07 09:18:23.353,7412.0000,686,0,0.0000,0.0000,0,0,多换,B,7392.0000,0.0000,0.0000,0.0000,0.0000,7404.0000,0.0000,0.0000,0.0000,0.0000,1,0,0,0,0,1,0,0,0,0
zc,TA305,2012-06-07 09:18:24.837,7412.0000,686,0,0.0000,0.0000,0,0,多换,B,7392.0000,0.0000,0.0000,0.0000,0.0000,7400.0000,0.0000,0.0000,0.0000,0.0000,1,0,0,0,0,1,0,0,0,0
zc,TA305,2012-06-07 09:18:29.400,7412.0000,686,0,0.0000,0.0000,0,0,多换,B,7390.0000,0.0000,0.0000,0.0000,0.0000,7400.0000,0.0000,0.0000,0.0000,0.0000,1,0,0,0,0,1,0,0,0,0
zc,TA305,2012-06-07 09:18:30.323,7412.0000,686,0,0.0000,0.0000,0,0,多换,B,7390.0000,0.0000,0.0000,0.0000,0.0000,7398.0000,0.0000,0.0000,0.0000,0.0000,1,0,0,0,0,1,0,0,0,0
zc,TA305,2012-06-07 09:18:31.137,7412.0000,686,0,0.0000,0.0000,0,0,多换,B,7392.0000,0.0000,0.0000,0.0000,0.0000,7400.0000,0.0000,0.0000,0.0000,0.0000,1,0,0,0,0,1,0,0,0,0
zc,TA305,2012-06-07 09:18:36.870,7412.0000,686,0,0.0000,0.0000,0,0,多换,B,7394.0000,0.0000,0.0000,0.0000,0.0000,7404.0000,0.0000,0.0000,0.0000,0.0000,1,0,0,0,0,1,0,0,0,0
zc,TA305,2012-06-07 09:18:47.087,7412.0000,686,0,0.0000,0.0000,0,0,多换,B,7392.0000,0.0000,0.0000,0.0000,0.0000,7400.0000,0.0000,0.0000,0.0000,0.0000,1,0,0,0,0,1,0,0,0,0
zc,TA305,2012-06-07 09:18:50.120,7412.0000,686,0,0.0000,0.0000,0,0,多换,B,7390.0000,0.0000,0.0000,0.0000,0.0000,7398.0000,0.0000,0.0000,0.0000,0.0000,1,0,0,0,0,1,0,0,0,0
zc,TA305,2012-06-07 09:18:50.837,7412.0000,686,0,0.0000,0.0000,0,0,多换,B,7390.0000,0.0000,0.0000,0.0000,0.0000,7400.0000,0.0000,0.0000,0.0000,0.0000,1,0,0,0,0,1,0,0,0,0
zc,TA305,2012-06-07 09:18:51.087,7412.0000,686,0,0.0000,0.0000,0,0,多换,B,7390.0000,0.0000,0.0000,0.0000,0.0000,7398.0000,0.0000,0.0000,0.0000,0.0000,1,0,0,0,0,1,0,0,0,0
zc,TA305,2012-06-07 09:18:51.853,7412.0000,686,0,0.0000,0.0000,0,0,多换,B,7390.0000,0.0000,0.0000,0.0000,0.0000,7400.0000,0.0000,0.0000,0.0000,0.0000,1,0,0,0,0,1,0,0,0,0
zc,TA305,2012-06-07 09:18:56.323,7412.0000,686,0,0.0000,0.0000,0,0,多换,B,7390.0000,0.0000,0.0000,0.0000,0.0000,7398.0000,0.0000,0.0000,0.0000,0.0000,1,0,0,0,0,1,0,0,0,0
zc,TA305,2012-06-07 09:19:04.087,7412.0000,686,0,0.0000,0.0000,0,0,多换,B,7388.0000,0.0000,0.0000,0.0000,0.0000,7396.0000,0.0000,0.0000,0.0000,0.0000,1,0,0,0,0,1,0,0,0,0
zc,TA305,2012-06-07 09:19:06.587,7412.0000,686,0,0.0000,0.0000,0,0,多换,B,7390.0000,0.0000,0.0000,0.0000,0.0000,7398.0000,0.0000,0.0000,0.0000,0.0000,1,0,0,0,0,1,0,0,0,0
zc,TA305,2012-06-07 09:19:11.900,7412.0000,686,0,0.0000,0.0000,0,0,多换,B,7392.0000,0.0000,0.0000,0.0000,0.0000,7400.0000,0.0000,0.0000,0.0000,0.0000,1,0,0,0,0,1,0,0,0,0
zc,TA305,2012-06-07 09:19:12.870,7412.0000,686,0,0.0000,0.0000,0,0,多换,B,7394.0000,0.0000,0.0000,0.0000,0.0000,7404.0000,0.0000,0.0000,0.0000,0.0000,1,0,0,0,0,11,0,0,0,0
zc,TA305,2012-06-07 09:19:13.353,7412.0000,686,0,0.0000,0.0000,0,0,多换,B,7394.0000,0.0000,0.0000,0.0000,0.0000,7404.0000,0.0000,0.0000,0.0000,0.0000,1,0,0,0,0,1,0,0,0,0
zc,TA305,2012-06-07 09:19:26.073,7412.0000,686,0,0.0000,0.0000,0,0,多换,B,7392.0000,0.0000,0.0000,0.0000,0.0000,7400.0000,0.0000,0.0000,0.0000,0.0000,1,0,0,0,0,1,0,0,0,0
zc,TA305,2012-06-07 09:19:27.073,7412.0000,686,0,0.0000,0.0000,0,0,多换,B,7392.0000,0.0000,0.0000,0.0000,0.0000,7404.0000,0.0000,0.0000,0.0000,0.0000,1,0,0,0,0,1,0,0,0,0
zc,TA305,2012-06-07 09:19:27.853,7412.0000,686,0,0.0000,0.0000,0,0,多换,B,7394.0000,0.0000,0.0000,0.0000,0.0000,7404.0000,0.0000,0.0000,0.0000,0.0000,1,0,0,0,0,1,0,0,0,0
zc,TA305,2012-06-07 09:19:31.087,7412.0000,686,0,0.0000,0.0000,0,0,多换,B,7394.0000,0.0000,0.0000,0.0000,0.0000,7402.0000,0.0000,0.0000,0.0000,0.0000,1,0,0,0,0,1,0,0,0,0
zc,TA305,2012-06-07 09:19:33.870,7412.0000,686,0,0.0000,0.0000,0,0,多换,B,7392.0000,0.0000,0.0000,0.0000,0.0000,7402.0000,0.0000,0.0000,0.0000,0.0000,1,0,0,0,0,1,0,0,0,0
zc,TA305,2012-06-07 09:19:37.073,7412.0000,686,0,0.0000,0.0000,0,0,多换,B,7392.0000,0.0000,0.0000,0.0000,0.0000,7400.0000,0.0000,0.0000,0.0000,0.0000,1,0,0,0,0,1,0,0,0,0
zc,TA305,2012-06-07 09:19:43.353,7412.0000,686,0,0.0000,0.0000,0,0,多换,B,7392.0000,0.0000,0.0000,0.0000,0.0000,7402.0000,0.0000,0.0000,0.0000,0.0000,1,0,0,0,0,1,0,0,0,0
zc,TA305,2012-06-07 09:19:43.837,7412.0000,686,0,0.0000,0.0000,0,0,多换,B,7392.0000,0.0000,0.0000,0.0000,0.0000,7400.0000,0.0000,0.0000,0.0000,0.0000,1,0,0,0,0,1,0,0,0,0
zc,TA305,2012-06-07 09:19:50.103,7412.0000,686,0,0.0000,0.0000,0,0,多换,B,7390.0000,0.0000,0.0000,0.0000,0.0000,7400.0000,0.0000,0.0000,0.0000,0.0000,1,0,0,0,0,1,0,0,0,0
zc,TA305,2012-06-07 09:19:50.853,7412.0000,686,0,0.0000,0.0000,0,0,多换,B,7390.0000,0.0000,0.0000,0.0000,0.0000,7400.0000,0.0000,0.0000,0.0000,0.0000,1,0,0,0,0,11,0,0,0,0
zc,TA305,2012-06-07 09:19:51.337,7412.0000,686,0,0.0000,0.0000,0,0,多换,B,7390.0000,0.0000,0.0000,0.0000,0.0000,7398.0000,0.0000,0.0000,0.0000,0.0000,1,0,0,0,0,1,0,0,0,0
zc,TA305,2012-06-07 09:19:52.103,7412.0000,686,0,0.0000,0.0000,0,0,多换,B,7388.0000,0.0000,0.0000,0.0000,0.0000,7398.0000,0.0000,0.0000,0.0000,0.0000,1,0,0,0,0,1,0,0,0,0
zc,TA305,2012-06-07 09:19:54.120,7412.0000,686,0,0.0000,0.0000,0,0,多换,B,7390.0000,0.0000,0.0000,0.0000,0.0000,7400.0000,0.0000,0.0000,0.0000,0.0000,1,0,0,0,0,1,0,0,0,0
zc,TA305,2012-06-07 09:19:55.900,7412.0000,686,0,0.0000,0.0000,0,0,多换,B,7388.0000,0.0000,0.0000,0.0000,0.0000,7398.0000,0.0000,0.0000,0.0000,0.0000,1,0,0,0,0,10,0,0,0,0
zc,TA305,2012-06-07 09:19:56.620,7412.0000,686,0,0.0000,0.0000,0,0,多换,B,7388.0000,0.0000,0.0000,0.0000,0.0000,7396.0000,0.0000,0.0000,0.0000,0.0000,1,0,0,0,0,1,0,0,0,0
zc,TA305,2012-06-07 09:19:57.887,7412.0000,686,0,0.0000,0.0000,0,0,多换,B,7386.0000,0.0000,0.0000,0.0000,0.0000,7396.0000,0.0000,0.0000,0.0000,0.0000,1,0,0,0,0,1,0,0,0,0
zc,TA305,2012-06-07 09:19:59.853,7412.0000,686,0,0.0000,0.0000,0,0,多换,B,7388.0000,0.0000,0.0000,0.0000,0.0000,7396.0000,0.0000,0.0000,0.0000,0.0000,1,0,0,0,0,1,0,0,0,0
zc,TA305,2012-06-07 09:20:00.620,7412.0000,686,0,0.0000,0.0000,0,0,多换,B,7386.0000,0.0000,0.0000,0.0000,0.0000,7396.0000,0.0000,0.0000,0.0000,0.0000,1,0,0,0,0,2,0,0,0,0
zc,TA305,2012-06-07 09:20:01.087,7412.0000,686,0,0.0000,0.0000,0,0,多换,B,7386.0000,0.0000,0.0000,0.0000,0.0000,7396.0000,0.0000,0.0000,0.0000,0.0000,1,0,0,0,0,3,0,0,0,0
zc,TA305,2012-06-07 09:20:02.837,7412.0000,686,0,0.0000,0.0000,0,0,多换,B,7386.0000,0.0000,0.0000,0.0000,0.0000,7396.0000,0.0000,0.0000,0.0000,0.0000,1,0,0,0,0,2,0,0,0,0
zc,TA305,2012-06-07 09:20:06.073,7412.0000,686,0,0.0000,0.0000,0,0,多换,B,7386.0000,0.0000,0.0000,0.0000,0.0000,7396.0000,0.0000,0.0000,0.0000,0.0000,1,0,0,0,0,1,0,0,0,0
zc,TA305,2012-06-07 09:20:08.870,7412.0000,686,0,0.0000,0.0000,0,0,多换,B,7388.0000,0.0000,0.0000,0.0000,0.0000,7396.0000,0.0000,0.0000,0.0000,0.0000,1,0,0,0,0,1,0,0,0,0
zc,TA305,2012-06-07 09:20:10.087,7412.0000,686,0,0.0000,0.0000,0,0,多换,B,7388.0000,0.0000,0.0000,0.0000,0.0000,7398.0000,0.0000,0.0000,0.0000,0.0000,1,0,0,0,0,18,0,0,0,0
zc,TA305,2012-06-07 09:20:11.887,7412.0000,686,0,0.0000,0.0000,0,0,多换,B,7388.0000,0.0000,0.0000,0.0000,0.0000,7396.0000,0.0000,0.0000,0.0000,0.0000,1,0,0,0,0,1,0,0,0,0
zc,TA305,2012-06-07 09:20:13.650,7412.0000,686,0,0.0000,0.0000,0,0,多换,B,7386.0000,0.0000,0.0000,0.0000,0.0000,7398.0000,0.0000,0.0000,0.0000,0.0000,1,0,0,0,0,1,0,0,0,0
zc,TA305,2012-06-07 09:20:14.087,7412.0000,686,0,0.0000,0.0000,0,0,多换,B,7386.0000,0.0000,0.0000,0.0000,0.0000,7394.0000,0.0000,0.0000,0.0000,0.0000,1,0,0,0,0,1,0,0,0,0
zc,TA305,2012-06-07 09:20:14.887,7412.0000,686,0,0.0000,0.0000,0,0,多换,B,7386.0000,0.0000,0.0000,0.0000,0.0000,7398.0000,0.0000,0.0000,0.0000,0.0000,1,0,0,0,0,1,0,0,0,0
zc,TA305,2012-06-07 09:20:15.103,7412.0000,686,0,0.0000,0.0000,0,0,多换,B,7386.0000,0.0000,0.0000,0.0000,0.0000,7398.0000,0.0000,0.0000,0.0000,0.0000,1,0,0,0,0,4,0,0,0,0
zc,TA305,2012-06-07 09:20:15.887,7412.0000,686,0,0.0000,0.0000,0,0,多换,B,7388.0000,0.0000,0.0000,0.0000,0.0000,7398.0000,0.0000,0.0000,0.0000,0.0000,1,0,0,0,0,4,0,0,0,0
zc,TA305,2012-06-07 09:20:16.370,7412.0000,686,0,0.0000,0.0000,0,0,多换,B,7386.0000,0.0000,0.0000,0.0000,0.0000,7398.0000,0.0000,0.0000,0.0000,0.0000,1,0,0,0,0,4,0,0,0,0
zc,TA305,2012-06-07 09:20:18.120,7412.0000,686,0,0.0000,0.0000,0,0,多换,B,7386.0000,0.0000,0.0000,0.0000,0.0000,7398.0000,0.0000,0.0000,0.0000,0.0000,1,0,0,0,0,9,0,0,0,0
zc,TA305,2012-06-07 09:20:18.837,7412.0000,686,0,0.0000,0.0000,0,0,多换,B,7386.0000,0.0000,0.0000,0.0000,0.0000,7398.0000,0.0000,0.0000,0.0000,0.0000,1,0,0,0,0,4,0,0,0,0
zc,TA305,2012-06-07 09:20:19.370,7412.0000,686,0,0.0000,0.0000,0,0,多换,B,7386.0000,0.0000,0.0000,0.0000,0.0000,7396.0000,0.0000,0.0000,0.0000,0.0000,1,0,0,0,0,2,0,0,0,0
zc,TA305,2012-06-07 09:20:20.353,7412.0000,686,0,0.0000,0.0000,0,0,多换,B,7388.0000,0.0000,0.0000,0.0000,0.0000,7396.0000,0.0000,0.0000,0.0000,0.0000,1,0,0,0,0,2,0,0,0,0
zc,TA305,2012-06-07 09:20:24.353,7412.0000,686,0,0.0000,0.0000,0,0,多换,B,7386.0000,0.0000,0.0000,0.0000,0.0000,7396.0000,0.0000,0.0000,0.0000,0.0000,1,0,0,0,0,2,0,0,0,0
zc,TA305,2012-06-07 09:20:24.823,7412.0000,686,0,0.0000,0.0000,0,0,多换,B,7388.0000,0.0000,0.0000,0.0000,0.0000,7396.0000,0.0000,0.0000,0.0000,0.0000,1,0,0,0,0,2,0,0,0,0
zc,TA305,2012-06-07 09:20:25.603,7412.0000,686,0,0.0000,0.0000,0,0,多换,B,7386.0000,0.0000,0.0000,0.0000,0.0000,7396.0000,0.0000,0.0000,0.0000,0.0000,1,0,0,0,0,2,0,0,0,0
zc,TA305,2012-06-07 09:20:26.137,7412.0000,686,0,0.0000,0.0000,0,0,多换,B,7388.0000,0.0000,0.0000,0.0000,0.0000,7396.0000,0.0000,0.0000,0.0000,0.0000,1,0,0,0,0,2,0,0,0,0
zc,TA305,2012-06-07 09:20:27.387,7412.0000,686,0,0.0000,0.0000,0,0,多换,B,7388.0000,0.0000,0.0000,0.0000,0.0000,7398.0000,0.0000,0.0000,0.0000,0.0000,1,0,0,0,0,4,0,0,0,0
zc,TA305,2012-06-07 09:20:27.853,7412.0000,686,0,0.0000,0.0000,0,0,多换,B,7390.0000,0.0000,0.0000,0.0000,0.0000,7398.0000,0.0000,0.0000,0.0000,0.0000,1,0,0,0,0,4,0,0,0,0
zc,TA305,2012-06-07 09:20:28.387,7412.0000,686,0,0.0000,0.0000,0,0,多换,B,7388.0000,0.0000,0.0000,0.0000,0.0000,7398.0000,0.0000,0.0000,0.0000,0.0000,1,0,0,0,0,14,0,0,0,0
zc,TA305,2012-06-07 09:20:31.353,7412.0000,686,0,0.0000,0.0000,0,0,多换,B,7388.0000,0.0000,0.0000,0.0000,0.0000,7396.0000,0.0000,0.0000,0.0000,0.0000,1,0,0,0,0,1,0,0,0,0
zc,TA305,2012-06-07 09:20:33.103,7412.0000,686,0,0.0000,0.0000,0,0,多换,B,7388.0000,0.0000,0.0000,0.0000,0.0000,7396.0000,0.0000,0.0000,0.0000,0.0000,1,0,0,0,0,11,0,0,0,0
zc,TA305,2012-06-07 09:20:35.073,7412.0000,686,0,0.0000,0.0000,0,0,多换,B,7388.0000,0.0000,0.0000,0.0000,0.0000,7396.0000,0.0000,0.0000,0.0000,0.0000,2,0,0,0,0,11,0,0,0,0
zc,TA305,2012-06-07 09:20:35.870,7412.0000,686,0,0.0000,0.0000,0,0,多换,B,7388.0000,0.0000,0.0000,0.0000,0.0000,7396.0000,0.0000,0.0000,0.0000,0.0000,1,0,0,0,0,13,0,0,0,0
zc,TA305,2012-06-07 09:20:36.323,7412.0000,686,0,0.0000,0.0000,0,0,多换,B,7388.0000,0.0000,0.0000,0.0000,0.0000,7396.0000,0.0000,0.0000,0.0000,0.0000,1,0,0,0,0,20,0,0,0,0
zc,TA305,2012-06-07 09:20:37.120,7412.0000,686,0,0.0000,0.0000,0,0,多换,B,7388.0000,0.0000,0.0000,0.0000,0.0000,7394.0000,0.0000,0.0000,0.0000,0.0000,1,0,0,0,0,10,0,0,0,0
zc,TA305,2012-06-07 09:20:38.370,7412.0000,686,0,0.0000,0.0000,0,0,多换,B,7388.0000,0.0000,0.0000,0.0000,0.0000,7392.0000,0.0000,0.0000,0.0000,0.0000,1,0,0,0,0,10,0,0,0,0
zc,TA305,2012-06-07 09:20:38.900,7388.0000,688,2,0.0000,2.0000,2,0,双开,S,7382.0000,0.0000,0.0000,0.0000,0.0000,7388.0000,0.0000,0.0000,0.0000,0.0000,1,0,0,0,0,13,0,0,0,0
zc,TA305,2012-06-07 09:20:39.620,7388.0000,688,0,0.0000,0.0000,0,0,空换,S,7382.0000,0.0000,0.0000,0.0000,0.0000,7388.0000,0.0000,0.0000,0.0000,0.0000,1,0,0,0,0,14,0,0,0,0
zc,TA305,2012-06-07 09:20:40.137,7388.0000,688,0,0.0000,0.0000,0,0,空换,S,7382.0000,0.0000,0.0000,0.0000,0.0000,7386.0000,0.0000,0.0000,0.0000,0.0000,1,0,0,0,0,2,0,0,0,0
zc,TA305,2012-06-07 09:20:41.417,7388.0000,688,0,0.0000,0.0000,0,0,空换,S,7382.0000,0.0000,0.0000,0.0000,0.0000,7388.0000,0.0000,0.0000,0.0000,0.0000,2,0,0,0,0,1,0,0,0,0
zc,TA305,2012-06-07 09:20:41.837,7388.0000,688,0,0.0000,0.0000,0,0,空换,S,7382.0000,0.0000,0.0000,0.0000,0.0000,7388.0000,0.0000,0.0000,0.0000,0.0000,1,0,0,0,0,2,0,0,0,0
zc,TA305,2012-06-07 09:20:42.603,7388.0000,688,0,0.0000,0.0000,0,0,空换,S,7382.0000,0.0000,0.0000,0.0000,0.0000,7388.0000,0.0000,0.0000,0.0000,0.0000,1,0,0,0,0,3,0,0,0,0
zc,TA305,2012-06-07 09:20:46.620,7388.0000,688,0,0.0000,0.0000,0,0,空换,S,7382.0000,0.0000,0.0000,0.0000,0.0000,7388.0000,0.0000,0.0000,0.0000,0.0000,1,0,0,0,0,4,0,0,0,0
zc,TA305,2012-06-07 09:20:47.353,7388.0000,688,0,0.0000,0.0000,0,0,空换,S,7382.0000,0.0000,0.0000,0.0000,0.0000,7388.0000,0.0000,0.0000,0.0000,0.0000,1,0,0,0,0,14,0,0,0,0
zc,TA305,2012-06-07 09:20:48.103,7388.0000,688,0,0.0000,0.0000,0,0,空换,S,7382.0000,0.0000,0.0000,0.0000,0.0000,7384.0000,0.0000,0.0000,0.0000,0.0000,1,0,0,0,0,1,0,0,0,0
zc,TA305,2012-06-07 09:20:48.620,7388.0000,688,0,0.0000,0.0000,0,0,空换,S,7382.0000,0.0000,0.0000,0.0000,0.0000,7388.0000,0.0000,0.0000,0.0000,0.0000,1,0,0,0,0,3,0,0,0,0
zc,TA305,2012-06-07 09:20:51.323,7388.0000,688,0,0.0000,0.0000,0,0,空换,S,7382.0000,0.0000,0.0000,0.0000,0.0000,7388.0000,0.0000,0.0000,0.0000,0.0000,1,0,0,0,0,1,0,0,0,0
zc,TA305,2012-06-07 09:20:52.603,7388.0000,688,0,0.0000,0.0000,0,0,空换,S,7382.0000,0.0000,0.0000,0.0000,0.0000,7388.0000,0.0000,0.0000,0.0000,0.0000,1,0,0,0,0,9,0,0,0,0
zc,TA305,2012-06-07 09:20:53.120,7388.0000,688,0,0.0000,0.0000,0,0,空换,S,7382.0000,0.0000,0.0000,0.0000,0.0000,7388.0000,0.0000,0.0000,0.0000,0.0000,1,0,0,0,0,2,0,0,0,0
zc,TA305,2012-06-07 09:20:53.603,7388.0000,688,0,0.0000,0.0000,0,0,空换,S,7382.0000,0.0000,0.0000,0.0000,0.0000,7388.0000,0.0000,0.0000,0.0000,0.0000,1,0,0,0,0,1,0,0,0,0
zc,TA305,2012-06-07 09:20:54.870,7388.0000,688,0,0.0000,0.0000,0,0,空换,S,7382.0000,0.0000,0.0000,0.0000,0.0000,7388.0000,0.0000,0.0000,0.0000,0.0000,2,0,0,0,0,1,0,0,0,0
zc,TA305,2012-06-07 09:20:55.853,7388.0000,688,0,0.0000,0.0000,0,0,空换,S,7382.0000,0.0000,0.0000,0.0000,0.0000,7388.0000,0.0000,0.0000,0.0000,0.0000,1,0,0,0,0,2,0,0,0,0
zc,TA305,2012-06-07 09:20:57.027,7388.0000,688,0,0.0000,0.0000,0,0,空换,S,7382.0000,0.0000,0.0000,0.0000,0.0000,7388.0000,0.0000,0.0000,0.0000,0.0000,1,0,0,0,0,2,0,0,0,0
zc,TA305,2012-06-07 09:20:57.137,7388.0000,688,0,0.0000,0.0000,0,0,空换,S,7382.0000,0.0000,0.0000,0.0000,0.0000,7388.0000,0.0000,0.0000,0.0000,0.0000,1,0,0,0,0,1,0,0,0,0
zc,TA305,2012-06-07 09:20:59.370,7388.0000,688,0,0.0000,0.0000,0,0,空换,S,7382.0000,0.0000,0.0000,0.0000,0.0000,7390.0000,0.0000,0.0000,0.0000,0.0000,1,0,0,0,0,6,0,0,0,0
zc,TA305,2012-06-07 09:21:00.587,7388.0000,688,0,0.0000,0.0000,0,0,空换,S,7382.0000,0.0000,0.0000,0.0000,0.0000,7390.0000,0.0000,0.0000,0.0000,0.0000,1,0,0,0,0,5,0,0,0,0
zc,TA305,2012-06-07 09:21:01.900,7388.0000,688,0,0.0000,0.0000,0,0,空换,S,7382.0000,0.0000,0.0000,0.0000,0.0000,7390.0000,0.0000,0.0000,0.0000,0.0000,2,0,0,0,0,4,0,0,0,0
zc,TA305,2012-06-07 09:21:03.557,7388.0000,688,0,0.0000,0.0000,0,0,空换,S,7382.0000,0.0000,0.0000,0.0000,0.0000,7390.0000,0.0000,0.0000,0.0000,0.0000,2,0,0,0,0,3,0,0,0,0
zc,TA305,2012-06-07 09:21:04.637,7388.0000,688,0,0.0000,0.0000,0,0,空换,S,7382.0000,0.0000,0.0000,0.0000,0.0000,7390.0000,0.0000,0.0000,0.0000,0.0000,1,0,0,0,0,3,0,0,0,0
zc,TA305,2012-06-07 09:21:05.057,7388.0000,688,0,0.0000,0.0000,0,0,空换,S,7382.0000,0.0000,0.0000,0.0000,0.0000,7390.0000,0.0000,0.0000,0.0000,0.0000,1,0,0,0,0,2,0,0,0,0
zc,TA305,2012-06-07 09:21:06.353,7388.0000,688,0,0.0000,0.0000,0,0,空换,S,7382.0000,0.0000,0.0000,0.0000,0.0000,7390.0000,0.0000,0.0000,0.0000,0.0000,1,0,0,0,0,1,0,0,0,0
zc,TA305,2012-06-07 09:21:07.603,7388.0000,688,0,0.0000,0.0000,0,0,空换,S,7384.0000,0.0000,0.0000,0.0000,0.0000,7392.0000,0.0000,0.0000,0.0000,0.0000,1,0,0,0,0,13,0,0,0,0
zc,TA305,2012-06-07 09:21:09.353,7388.0000,688,0,0.0000,0.0000,0,0,空换,S,7384.0000,0.0000,0.0000,0.0000,0.0000,7396.0000,0.0000,0.0000,0.0000,0.0000,1,0,0,0,0,10,0,0,0,0
zc,TA305,2012-06-07 09:21:10.603,7388.0000,688,0,0.0000,0.0000,0,0,空换,S,7386.0000,0.0000,0.0000,0.0000,0.0000,7396.0000,0.0000,0.0000,0.0000,0.0000,1,0,0,0,0,10,0,0,0,0
zc,TA305,2012-06-07 09:21:11.137,7388.0000,688,0,0.0000,0.0000,0,0,空换,S,7386.0000,0.0000,0.0000,0.0000,0.0000,7396.0000,0.0000,0.0000,0.0000,0.0000,1,0,0,0,0,19,0,0,0,0
zc,TA305,2012-06-07 09:21:11.637,7388.0000,688,0,0.0000,0.0000,0,0,空换,S,7386.0000,0.0000,0.0000,0.0000,0.0000,7396.0000,0.0000,0.0000,0.0000,0.0000,1,0,0,0,0,11,0,0,0,0
zc,TA305,2012-06-07 09:21:12.353,7388.0000,688,0,0.0000,0.0000,0,0,空换,S,7386.0000,0.0000,0.0000,0.0000,0.0000,7394.0000,0.0000,0.0000,0.0000,0.0000,1,0,0,0,0,1,0,0,0,0
zc,TA305,2012-06-07 09:21:12.887,7388.0000,688,0,0.0000,0.0000,0,0,空换,S,7388.0000,0.0000,0.0000,0.0000,0.0000,7396.0000,0.0000,0.0000,0.0000,0.0000,1,0,0,0,0,10,0,0,0,0
zc,TA305,2012-06-07 09:21:14.167,7388.0000,688,0,0.0000,0.0000,0,0,空换,S,7386.0000,0.0000,0.0000,0.0000,0.0000,7396.0000,0.0000,0.0000,0.0000,0.0000,1,0,0,0,0,10,0,0,0,0
zc,TA305,2012-06-07 09:21:17.167,7388.0000,688,0,0.0000,0.0000,0,0,空换,S,7386.0000,0.0000,0.0000,0.0000,0.0000,7396.0000,0.0000,0.0000,0.0000,0.0000,1,0,0,0,0,20,0,0,0,0
zc,TA305,2012-06-07 09:21:18.073,7388.0000,688,0,0.0000,0.0000,0,0,空换,S,7384.0000,0.0000,0.0000,0.0000,0.0000,7396.0000,0.0000,0.0000,0.0000,0.0000,1,0,0,0,0,20,0,0,0,0
zc,TA305,2012-06-07 09:21:19.887,7388.0000,688,0,0.0000,0.0000,0,0,空换,S,7384.0000,0.0000,0.0000,0.0000,0.0000,7396.0000,0.0000,0.0000,0.0000,0.0000,1,0,0,0,0,10,0,0,0,0
zc,TA305,2012-06-07 09:21:20.637,7388.0000,688,0,0.0000,0.0000,0,0,空换,S,7388.0000,0.0000,0.0000,0.0000,0.0000,7396.0000,0.0000,0.0000,0.0000,0.0000,1,0,0,0,0,10,0,0,0,0
zc,TA305,2012-06-07 09:21:21.103,7388.0000,688,0,0.0000,0.0000,0,0,空换,S,7386.0000,0.0000,0.0000,0.0000,0.0000,7396.0000,0.0000,0.0000,0.0000,0.0000,1,0,0,0,0,10,0,0,0,0
zc,TA305,2012-06-07 09:21:21.870,7388.0000,688,0,0.0000,0.0000,0,0,空换,S,7386.0000,0.0000,0.0000,0.0000,0.0000,7394.0000,0.0000,0.0000,0.0000,0.0000,1,0,0,0,0,3,0,0,0,0
zc,TA305,2012-06-07 09:21:22.353,7388.0000,688,0,0.0000,0.0000,0,0,空换,S,7384.0000,0.0000,0.0000,0.0000,0.0000,7392.0000,0.0000,0.0000,0.0000,0.0000,1,0,0,0,0,3,0,0,0,0
zc,TA305,2012-06-07 09:21:22.823,7388.0000,688,0,0.0000,0.0000,0,0,空换,S,7386.0000,0.0000,0.0000,0.0000,0.0000,7396.0000,0.0000,0.0000,0.0000,0.0000,1,0,0,0,0,10,0,0,0,0
zc,TA305,2012-06-07 09:21:25.837,7388.0000,688,0,0.0000,0.0000,0,0,空换,S,7386.0000,0.0000,0.0000,0.0000,0.0000,7394.0000,0.0000,0.0000,0.0000,0.0000,1,0,0,0,0,5,0,0,0,0
zc,TA305,2012-06-07 09:21:26.307,7388.0000,688,0,0.0000,0.0000,0,0,空换,S,7386.0000,0.0000,0.0000,0.0000,0.0000,7394.0000,0.0000,0.0000,0.0000,0.0000,1,0,0,0,0,4,0,0,0,0
zc,TA305,2012-06-07 09:21:27.387,7388.0000,688,0,0.0000,0.0000,0,0,空换,S,7386.0000,0.0000,0.0000,0.0000,0.0000,7394.0000,0.0000,0.0000,0.0000,0.0000,1,0,0,0,0,1,0,0,0,0
zc,TA305,2012-06-07 09:21:28.637,7388.0000,688,0,0.0000,0.0000,0,0,空换,S,7384.0000,0.0000,0.0000,0.0000,0.0000,7392.0000,0.0000,0.0000,0.0000,0.0000,1,0,0,0,0,5,0,0,0,0
zc,TA305,2012-06-07 09:21:29.120,7388.0000,688,0,0.0000,0.0000,0,0,空换,S,7384.0000,0.0000,0.0000,0.0000,0.0000,7394.0000,0.0000,0.0000,0.0000,0.0000,1,0,0,0,0,9,0,0,0,0
zc,TA305,2012-06-07 09:21:29.887,7388.0000,688,0,0.0000,0.0000,0,0,空换,S,7384.0000,0.0000,0.0000,0.0000,0.0000,7394.0000,0.0000,0.0000,0.0000,0.0000,1,0,0,0,0,10,0,0,0,0
zc,TA305,2012-06-07 09:21:30.103,7388.0000,688,0,0.0000,0.0000,0,0,空换,S,7386.0000,0.0000,0.0000,0.0000,0.0000,7394.0000,0.0000,0.0000,0.0000,0.0000,1,0,0,0,0,19,0,0,0,0
zc,TA305,2012-06-07 09:21:34.057,7388.0000,688,0,0.0000,0.0000,0,0,空换,S,7386.0000,0.0000,0.0000,0.0000,0.0000,7394.0000,0.0000,0.0000,0.0000,0.0000,1,0,0,0,0,16,0,0,0,0
zc,TA305,2012-06-07 09:21:34.853,7388.0000,688,0,0.0000,0.0000,0,0,空换,S,7388.0000,0.0000,0.0000,0.0000,0.0000,7394.0000,0.0000,0.0000,0.0000,0.0000,1,0,0,0,0,16,0,0,0,0
zc,TA305,2012-06-07 09:21:35.323,7388.0000,688,0,0.0000,0.0000,0,0,空换,S,7388.0000,0.0000,0.0000,0.0000,0.0000,7394.0000,0.0000,0.0000,0.0000,0.0000,1,0,0,0,0,15,0,0,0,0
zc,TA305,2012-06-07 09:21:38.103,7388.0000,688,0,0.0000,0.0000,0,0,空换,S,7388.0000,0.0000,0.0000,0.0000,0.0000,7394.0000,0.0000,0.0000,0.0000,0.0000,1,0,0,0,0,12,0,0,0,0
zc,TA305,2012-06-07 09:21:40.387,7388.0000,688,0,0.0000,0.0000,0,0,空换,S,7388.0000,0.0000,0.0000,0.0000,0.0000,7394.0000,0.0000,0.0000,0.0000,0.0000,1,0,0,0,0,14,0,0,0,0
zc,TA305,2012-06-07 09:21:46.603,7388.0000,688,0,0.0000,0.0000,0,0,空换,S,7388.0000,0.0000,0.0000,0.0000,0.0000,7394.0000,0.0000,0.0000,0.0000,0.0000,1,0,0,0,0,12,0,0,0,0
zc,TA305,2012-06-07 09:21:48.587,7388.0000,688,0,0.0000,0.0000,0,0,空换,S,7388.0000,0.0000,0.0000,0.0000,0.0000,7394.0000,0.0000,0.0000,0.0000,0.0000,1,0,0,0,0,19,0,0,0,0
zc,TA305,2012-06-07 09:21:49.637,7388.0000,688,0,0.0000,0.0000,0,0,空换,S,7388.0000,0.0000,0.0000,0.0000,0.0000,7394.0000,0.0000,0.0000,0.0000,0.0000,1,0,0,0,0,29,0,0,0,0
zc,TA305,2012-06-07 09:21:50.307,7388.0000,688,0,0.0000,0.0000,0,0,空换,S,7388.0000,0.0000,0.0000,0.0000,0.0000,7392.0000,0.0000,0.0000,0.0000,0.0000,1,0,0,0,0,1,0,0,0,0
zc,TA305,2012-06-07 09:21:51.087,7388.0000,688,0,0.0000,0.0000,0,0,空换,S,7388.0000,0.0000,0.0000,0.0000,0.0000,7392.0000,0.0000,0.0000,0.0000,0.0000,1,0,0,0,0,6,0,0,0,0
zc,TA305,2012-06-07 09:21:52.620,7388.0000,688,0,0.0000,0.0000,0,0,空换,S,7388.0000,0.0000,0.0000,0.0000,0.0000,7392.0000,0.0000,0.0000,0.0000,0.0000,1,0,0,0,0,5,0,0,0,0
zc,TA305,2012-06-07 09:21:53.637,7388.0000,688,0,0.0000,0.0000,0,0,空换,S,7388.0000,0.0000,0.0000,0.0000,0.0000,7394.0000,0.0000,0.0000,0.0000,0.0000,1,0,0,0,0,19,0,0,0,0
zc,TA305,2012-06-07 09:21:54.370,7388.0000,688,0,0.0000,0.0000,0,0,空换,S,7388.0000,0.0000,0.0000,0.0000,0.0000,7392.0000,0.0000,0.0000,0.0000,0.0000,1,0,0,0,0,10,0,0,0,0
zc,TA305,2012-06-07 09:21:54.837,7388.0000,688,0,0.0000,0.0000,0,0,空换,S,7388.0000,0.0000,0.0000,0.0000,0.0000,7390.0000,0.0000,0.0000,0.0000,0.0000,1,0,0,0,0,19,0,0,0,0
zc,TA305,2012-06-07 09:21:56.073,7388.0000,688,0,0.0000,0.0000,0,0,空换,S,7384.0000,0.0000,0.0000,0.0000,0.0000,7390.0000,0.0000,0.0000,0.0000,0.0000,1,0,0,0,0,19,0,0,0,0
zc,TA305,2012-06-07 09:21:58.370,7388.0000,688,0,0.0000,0.0000,0,0,空换,S,7384.0000,0.0000,0.0000,0.0000,0.0000,7390.0000,0.0000,0.0000,0.0000,0.0000,1,0,0,0,0,29,0,0,0,0
zc,TA305,2012-06-07 09:21:58.837,7388.0000,688,0,0.0000,0.0000,0,0,空换,S,7384.0000,0.0000,0.0000,0.0000,0.0000,7388.0000,0.0000,0.0000,0.0000,0.0000,1,0,0,0,0,10,0,0,0,0
zc,TA305,2012-06-07 09:22:01.870,7388.0000,690,2,0.0000,2.0000,2,0,双开,S,7384.0000,0.0000,0.0000,0.0000,0.0000,7388.0000,0.0000,0.0000,0.0000,0.0000,1,0,0,0,0,28,0,0,0,0
zc,TA305,2012-06-07 09:22:02.853,7388.0000,690,0,0.0000,0.0000,0,0,空换,S,7384.0000,0.0000,0.0000,0.0000,0.0000,7388.0000,0.0000,0.0000,0.0000,0.0000,1,0,0,0,0,19,0,0,0,0
zc,TA305,2012-06-07 09:22:03.603,7388.0000,690,0,0.0000,0.0000,0,0,空换,S,7384.0000,0.0000,0.0000,0.0000,0.0000,7386.0000,0.0000,0.0000,0.0000,0.0000,1,0,0,0,0,19,0,0,0,0
zc,TA305,2012-06-07 09:22:05.353,7384.0000,690,0,0.0000,2.0000,1,1,空换,S,7378.0000,0.0000,0.0000,0.0000,0.0000,7386.0000,0.0000,0.0000,0.0000,0.0000,1,0,0,0,0,18,0,0,0,0
zc,TA305,2012-06-07 09:22:06.603,7384.0000,690,0,0.0000,0.0000,0,0,空换,S,7378.0000,0.0000,0.0000,0.0000,0.0000,7386.0000,0.0000,0.0000,0.0000,0.0000,1,0,0,0,0,1,0,0,0,0
zc,TA305,2012-06-07 09:22:07.103,7384.0000,690,0,0.0000,0.0000,0,0,空换,S,7378.0000,0.0000,0.0000,0.0000,0.0000,7388.0000,0.0000,0.0000,0.0000,0.0000,1,0,0,0,0,18,0,0,0,0
zc,TA305,2012-06-07 09:22:07.650,7386.0000,692,2,0.0000,2.0000,2,0,双开,B,7378.0000,0.0000,0.0000,0.0000,0.0000,7388.0000,0.0000,0.0000,0.0000,0.0000,1,0,0,0,0,26,0,0,0,0
zc,TA305,2012-06-07 09:22:08.087,7386.0000,692,0,0.0000,0.0000,0,0,多换,B,7376.0000,0.0000,0.0000,0.0000,0.0000,7384.0000,0.0000,0.0000,0.0000,0.0000,1,0,0,0,0,17,0,0,0,0
zc,TA305,2012-06-07 09:22:10.540,7386.0000,692,0,0.0000,0.0000,0,0,多换,B,7376.0000,0.0000,0.0000,0.0000,0.0000,7384.0000,0.0000,0.0000,0.0000,0.0000,1,0,0,0,0,16,0,0,0,0
zc,TA305,2012-06-07 09:22:11.120,7386.0000,692,0,0.0000,0.0000,0,0,多换,B,7376.0000,0.0000,0.0000,0.0000,0.0000,7384.0000,0.0000,0.0000,0.0000,0.0000,1,0,0,0,0,14,0,0,0,0
zc,TA305,2012-06-07 09:22:11.870,7386.0000,692,0,0.0000,0.0000,0,0,多换,B,7376.0000,0.0000,0.0000,0.0000,0.0000,7386.0000,0.0000,0.0000,0.0000,0.0000,1,0,0,0,0,1,0,0,0,0
zc,TA305,2012-06-07 09:22:14.337,7386.0000,692,0,0.0000,0.0000,0,0,多换,B,7376.0000,0.0000,0.0000,0.0000,0.0000,7384.0000,0.0000,0.0000,0.0000,0.0000,1,0,0,0,0,1,0,0,0,0
zc,TA305,2012-06-07 09:22:15.337,7386.0000,692,0,0.0000,0.0000,0,0,多换,B,7378.0000,0.0000,0.0000,0.0000,0.0000,7386.0000,0.0000,0.0000,0.0000,0.0000,1,0,0,0,0,1,0,0,0,0
zc,TA305,2012-06-07 09:22:15.870,7386.0000,692,0,0.0000,0.0000,0,0,多换,B,7378.0000,0.0000,0.0000,0.0000,0.0000,7388.0000,0.0000,0.0000,0.0000,0.0000,1,0,0,0,0,17,0,0,0,0
zc,TA305,2012-06-07 09:22:16.603,7386.0000,692,0,0.0000,0.0000,0,0,多换,B,7376.0000,0.0000,0.0000,0.0000,0.0000,7386.0000,0.0000,0.0000,0.0000,0.0000,1,0,0,0,0,2,0,0,0,0
zc,TA305,2012-06-07 09:22:17.620,7386.0000,692,0,0.0000,0.0000,0,0,多换,B,7378.0000,0.0000,0.0000,0.0000,0.0000,7386.0000,0.0000,0.0000,0.0000,0.0000,1,0,0,0,0,2,0,0,0,0
zc,TA305,2012-06-07 09:22:18.353,7386.0000,692,0,0.0000,0.0000,0,0,多换,B,7376.0000,0.0000,0.0000,0.0000,0.0000,7386.0000,0.0000,0.0000,0.0000,0.0000,1,0,0,0,0,2,0,0,0,0
zc,TA305,2012-06-07 09:22:18.853,7386.0000,692,0,0.0000,0.0000,0,0,多换,B,7376.0000,0.0000,0.0000,0.0000,0.0000,7384.0000,0.0000,0.0000,0.0000,0.0000,1,0,0,0,0,1,0,0,0,0
zc,TA305,2012-06-07 09:22:19.887,7386.0000,692,0,0.0000,0.0000,0,0,多换,B,7376.0000,0.0000,0.0000,0.0000,0.0000,7386.0000,0.0000,0.0000,0.0000,0.0000,1,0,0,0,0,5,0,0,0,0
zc,TA305,2012-06-07 09:22:23.573,7386.0000,692,0,0.0000,0.0000,0,0,多换,B,7376.0000,0.0000,0.0000,0.0000,0.0000,7388.0000,0.0000,0.0000,0.0000,0.0000,1,0,0,0,0,6,0,0,0,0
zc,TA305,2012-06-07 09:22:23.853,7386.0000,692,0,0.0000,0.0000,0,0,多换,B,7378.0000,0.0000,0.0000,0.0000,0.0000,7388.0000,0.0000,0.0000,0.0000,0.0000,1,0,0,0,0,6,0,0,0,0
zc,TA305,2012-06-07 09:22:24.603,7386.0000,692,0,0.0000,0.0000,0,0,多换,B,7378.0000,0.0000,0.0000,0.0000,0.0000,7388.0000,0.0000,0.0000,0.0000,0.0000,1,0,0,0,0,5,0,0,0,0
zc,TA305,2012-06-07 09:22:25.837,7386.0000,692,0,0.0000,0.0000,0,0,多换,B,7380.0000,0.0000,0.0000,0.0000,0.0000,7388.0000,0.0000,0.0000,0.0000,0.0000,1,0,0,0,0,5,0,0,0,0
zc,TA305,2012-06-07 09:22:26.370,7386.0000,692,0,0.0000,0.0000,0,0,多换,B,7378.0000,0.0000,0.0000,0.0000,0.0000,7388.0000,0.0000,0.0000,0.0000,0.0000,1,0,0,0,0,5,0,0,0,0
zc,TA305,2012-06-07 09:22:33.137,7386.0000,692,0,0.0000,0.0000,0,0,多换,B,7378.0000,0.0000,0.0000,0.0000,0.0000,7386.0000,0.0000,0.0000,0.0000,0.0000,1,0,0,0,0,3,0,0,0,0
zc,TA305,2012-06-07 09:22:34.807,7386.0000,692,0,0.0000,0.0000,0,0,多换,B,7378.0000,0.0000,0.0000,0.0000,0.0000,7386.0000,0.0000,0.0000,0.0000,0.0000,1,0,0,0,0,1,0,0,0,0
zc,TA305,2012-06-07 09:22:35.353,7386.0000,692,0,0.0000,0.0000,0,0,多换,B,7380.0000,0.0000,0.0000,0.0000,0.0000,7388.0000,0.0000,0.0000,0.0000,0.0000,1,0,0,0,0,5,0,0,0,0
zc,TA305,2012-06-07 09:22:35.917,7386.0000,692,0,0.0000,0.0000,0,0,多换,B,7382.0000,0.0000,0.0000,0.0000,0.0000,7390.0000,0.0000,0.0000,0.0000,0.0000,1,0,0,0,0,17,0,0,0,0
zc,TA305,2012-06-07 09:22:37.103,7386.0000,692,0,0.0000,0.0000,0,0,多换,B,7382.0000,0.0000,0.0000,0.0000,0.0000,7384.0000,0.0000,0.0000,0.0000,0.0000,1,0,0,0,0,1,0,0,0,0
zc,TA305,2012-06-07 09:22:38.073,7384.0000,692,0,0.0000,2.0000,1,1,空换,S,7382.0000,0.0000,0.0000,0.0000,0.0000,7390.0000,0.0000,0.0000,0.0000,0.0000,1,0,0,0,0,17,0,0,0,0
zc,TA305,2012-06-07 09:22:49.337,7384.0000,692,0,0.0000,0.0000,0,0,空换,S,7382.0000,0.0000,0.0000,0.0000,0.0000,7390.0000,0.0000,0.0000,0.0000,0.0000,1,0,0,0,0,5,0,0,0,0
zc,TA305,2012-06-07 09:22:50.057,7384.0000,692,0,0.0000,0.0000,0,0,空换,S,7382.0000,0.0000,0.0000,0.0000,0.0000,7390.0000,0.0000,0.0000,0.0000,0.0000,1,0,0,0,0,4,0,0,0,0
zc,TA305,2012-06-07 09:22:50.620,7384.0000,692,0,0.0000,0.0000,0,0,空换,S,7382.0000,0.0000,0.0000,0.0000,0.0000,7388.0000,0.0000,0.0000,0.0000,0.0000,1,0,0,0,0,1,0,0,0,0
zc,TA305,2012-06-07 09:22:52.853,7384.0000,692,0,0.0000,0.0000,0,0,空换,S,7382.0000,0.0000,0.0000,0.0000,0.0000,7390.0000,0.0000,0.0000,0.0000,0.0000,1,0,0,0,0,1,0,0,0,0
zc,TA305,2012-06-07 09:22:55.353,7384.0000,692,0,0.0000,0.0000,0,0,空换,S,7384.0000,0.0000,0.0000,0.0000,0.0000,7390.0000,0.0000,0.0000,0.0000,0.0000,1,0,0,0,0,1,0,0,0,0
zc,TA305,2012-06-07 09:22:57.387,7384.0000,692,0,0.0000,0.0000,0,0,空换,S,7386.0000,0.0000,0.0000,0.0000,0.0000,7392.0000,0.0000,0.0000,0.0000,0.0000,1,0,0,0,0,1,0,0,0,0
zc,TA305,2012-06-07 09:22:59.853,7384.0000,692,0,0.0000,0.0000,0,0,空换,S,7384.0000,0.0000,0.0000,0.0000,0.0000,7392.0000,0.0000,0.0000,0.0000,0.0000,1,0,0,0,0,1,0,0,0,0
zc,TA305,2012-06-07 09:23:15.837,7384.0000,692,0,0.0000,0.0000,0,0,空换,S,7384.0000,0.0000,0.0000,0.0000,0.0000,7390.0000,0.0000,0.0000,0.0000,0.0000,1,0,0,0,0,1,0,0,0,0
zc,TA305,2012-06-07 09:23:36.087,7384.0000,692,0,0.0000,0.0000,0,0,空换,S,7384.0000,0.0000,0.0000,0.0000,0.0000,7392.0000,0.0000,0.0000,0.0000,0.0000,1,0,0,0,0,1,0,0,0,0
zc,TA305,2012-06-07 09:23:36.620,7384.0000,692,0,0.0000,0.0000,0,0,空换,S,7384.0000,0.0000,0.0000,0.0000,0.0000,7390.0000,0.0000,0.0000,0.0000,0.0000,1,0,0,0,0,1,0,0,0,0
zc,TA305,2012-06-07 09:23:39.637,7384.0000,692,0,0.0000,0.0000,0,0,空换,S,7386.0000,0.0000,0.0000,0.0000,0.0000,7392.0000,0.0000,0.0000,0.0000,0.0000,1,0,0,0,0,1,0,0,0,0
zc,TA305,2012-06-07 09:23:40.150,7384.0000,692,0,0.0000,0.0000,0,0,空换,S,7384.0000,0.0000,0.0000,0.0000,0.0000,7392.0000,0.0000,0.0000,0.0000,0.0000,1,0,0,0,0,1,0,0,0,0
zc,TA305,2012-06-07 09:23:41.353,7384.0000,692,0,0.0000,0.0000,0,0,空换,S,7384.0000,0.0000,0.0000,0.0000,0.0000,7390.0000,0.0000,0.0000,0.0000,0.0000,1,0,0,0,0,1,0,0,0,0
zc,TA305,2012-06-07 09:23:46.853,7384.0000,692,0,0.0000,0.0000,0,0,空换,S,7382.0000,0.0000,0.0000,0.0000,0.0000,7388.0000,0.0000,0.0000,0.0000,0.0000,1,0,0,0,0,1,0,0,0,0
zc,TA305,2012-06-07 09:23:51.887,7384.0000,692,0,0.0000,0.0000,0,0,空换,S,7382.0000,0.0000,0.0000,0.0000,0.0000,7390.0000,0.0000,0.0000,0.0000,0.0000,1,0,0,0,0,1,0,0,0,0
zc,TA305,2012-06-07 09:23:55.620,7384.0000,692,0,0.0000,0.0000,0,0,空换,S,7384.0000,0.0000,0.0000,0.0000,0.0000,7390.0000,0.0000,0.0000,0.0000,0.0000,1,0,0,0,0,1,0,0,0,0
zc,TA305,2012-06-07 09:23:55.870,7384.0000,692,0,0.0000,0.0000,0,0,空换,S,7382.0000,0.0000,0.0000,0.0000,0.0000,7390.0000,0.0000,0.0000,0.0000,0.0000,1,0,0,0,0,1,0,0,0,0
zc,TA305,2012-06-07 09:24:08.103,7384.0000,692,0,0.0000,0.0000,0,0,空换,S,7382.0000,0.0000,0.0000,0.0000,0.0000,7388.0000,0.0000,0.0000,0.0000,0.0000,1,0,0,0,0,1,0,0,0,0
zc,TA305,2012-06-07 09:24:09.103,7384.0000,692,0,0.0000,0.0000,0,0,空换,S,7382.0000,0.0000,0.0000,0.0000,0.0000,7390.0000,0.0000,0.0000,0.0000,0.0000,1,0,0,0,0,1,0,0,0,0
zc,TA305,2012-06-07 09:24:11.603,7384.0000,692,0,0.0000,0.0000,0,0,空换,S,7382.0000,0.0000,0.0000,0.0000,0.0000,7388.0000,0.0000,0.0000,0.0000,0.0000,1,0,0,0,0,1,0,0,0,0
zc,TA305,2012-06-07 09:24:13.307,7384.0000,692,0,0.0000,0.0000,0,0,空换,S,7382.0000,0.0000,0.0000,0.0000,0.0000,7390.0000,0.0000,0.0000,0.0000,0.0000,1,0,0,0,0,1,0,0,0,0
zc,TA305,2012-06-07 09:24:13.870,7384.0000,692,0,0.0000,0.0000,0,0,空换,S,7384.0000,0.0000,0.0000,0.0000,0.0000,7390.0000,0.0000,0.0000,0.0000,0.0000,1,0,0,0,0,1,0,0,0,0
zc,TA305,2012-06-07 09:24:14.370,7384.0000,692,0,0.0000,0.0000,0,0,空换,S,7382.0000,0.0000,0.0000,0.0000,0.0000,7390.0000,0.0000,0.0000,0.0000,0.0000,1,0,0,0,0,1,0,0,0,0
zc,TA305,2012-06-07 09:24:15.087,7386.0000,692,0,0.0000,2.0000,1,1,多换,B,7382.0000,0.0000,0.0000,0.0000,0.0000,7390.0000,0.0000,0.0000,0.0000,0.0000,1,0,0,0,0,1,0,0,0,0
zc,TA305,2012-06-07 09:24:18.323,7384.0000,692,0,0.0000,4.0000,2,2,空换,S,7380.0000,0.0000,0.0000,0.0000,0.0000,7390.0000,0.0000,0.0000,0.0000,0.0000,1,0,0,0,0,1,0,0,0,0
zc,TA305,2012-06-07 09:24:20.103,7384.0000,692,0,0.0000,0.0000,0,0,空换,S,7380.0000,0.0000,0.0000,0.0000,0.0000,7390.0000,0.0000,0.0000,0.0000,0.0000,1,0,0,0,0,2,0,0,0,0
zc,TA305,2012-06-07 09:24:21.790,7384.0000,692,0,0.0000,0.0000,0,0,空换,S,7380.0000,0.0000,0.0000,0.0000,0.0000,7388.0000,0.0000,0.0000,0.0000,0.0000,1,0,0,0,0,1,0,0,0,0
zc,TA305,2012-06-07 09:24:26.837,7384.0000,692,0,0.0000,0.0000,0,0,空换,S,7378.0000,0.0000,0.0000,0.0000,0.0000,7388.0000,0.0000,0.0000,0.0000,0.0000,1,0,0,0,0,1,0,0,0,0
zc,TA305,2012-06-07 09:24:29.603,7384.0000,692,0,0.0000,0.0000,0,0,空换,S,7378.0000,0.0000,0.0000,0.0000,0.0000,7386.0000,0.0000,0.0000,0.0000,0.0000,1,0,0,0,0,1,0,0,0,0
zc,TA305,2012-06-07 09:24:30.073,7384.0000,692,0,0.0000,0.0000,0,0,空换,S,7378.0000,0.0000,0.0000,0.0000,0.0000,7388.0000,0.0000,0.0000,0.0000,0.0000,1,0,0,0,0,1,0,0,0,0
zc,TA305,2012-06-07 09:24:34.073,7384.0000,692,0,0.0000,0.0000,0,0,空换,S,7378.0000,0.0000,0.0000,0.0000,0.0000,7386.0000,0.0000,0.0000,0.0000,0.0000,1,0,0,0,0,1,0,0,0,0
zc,TA305,2012-06-07 09:24:34.587,7384.0000,692,0,0.0000,0.0000,0,0,空换,S,7378.0000,0.0000,0.0000,0.0000,0.0000,7388.0000,0.0000,0.0000,0.0000,0.0000,1,0,0,0,0,1,0,0,0,0
zc,TA305,2012-06-07 09:24:36.853,7384.0000,692,0,0.0000,0.0000,0,0,空换,S,7378.0000,0.0000,0.0000,0.0000,0.0000,7386.0000,0.0000,0.0000,0.0000,0.0000,1,0,0,0,0,1,0,0,0,0
zc,TA305,2012-06-07 09:24:50.120,7384.0000,692,0,0.0000,0.0000,0,0,空换,S,7380.0000,0.0000,0.0000,0.0000,0.0000,7388.0000,0.0000,0.0000,0.0000,0.0000,1,0,0,0,0,1,0,0,0,0
zc,TA305,2012-06-07 09:25:05.087,7384.0000,692,0,0.0000,0.0000,0,0,空换,S,7382.0000,0.0000,0.0000,0.0000,0.0000,7390.0000,0.0000,0.0000,0.0000,0.0000,1,0,0,0,0,1,0,0,0,0
zc,TA305,2012-06-07 09:25:16.323,7384.0000,692,0,0.0000,0.0000,0,0,空换,S,7380.0000,0.0000,0.0000,0.0000,0.0000,7390.0000,0.0000,0.0000,0.0000,0.0000,1,0,0,0,0,1,0,0,0,0
zc,TA305,2012-06-07 09:25:17.807,7384.0000,692,0,0.0000,0.0000,0,0,空换,S,7380.0000,0.0000,0.0000,0.0000,0.0000,7388.0000,0.0000,0.0000,0.0000,0.0000,1,0,0,0,0,1,0,0,0,0
zc,TA305,2012-06-07 09:25:18.353,7384.0000,692,0,0.0000,0.0000,0,0,空换,S,7380.0000,0.0000,0.0000,0.0000,0.0000,7390.0000,0.0000,0.0000,0.0000,0.0000,1,0,0,0,0,1,0,0,0,0
zc,TA305,2012-06-07 09:25:21.823,7384.0000,692,0,0.0000,0.0000,0,0,空换,S,7382.0000,0.0000,0.0000,0.0000,0.0000,7390.0000,0.0000,0.0000,0.0000,0.0000,1,0,0,0,0,1,0,0,0,0
zc,TA305,2012-06-07 09:25:22.837,7384.0000,692,0,0.0000,0.0000,0,0,空换,S,7380.0000,0.0000,0.0000,0.0000,0.0000,7388.0000,0.0000,0.0000,0.0000,0.0000,1,0,0,0,0,1,0,0,0,0
zc,TA305,2012-06-07 09:25:25.573,7384.0000,692,0,0.0000,0.0000,0,0,空换,S,7380.0000,0.0000,0.0000,0.0000,0.0000,7390.0000,0.0000,0.0000,0.0000,0.0000,1,0,0,0,0,1,0,0,0,0
zc,TA305,2012-06-07 09:25:26.353,7384.0000,692,0,0.0000,0.0000,0,0,空换,S,7382.0000,0.0000,0.0000,0.0000,0.0000,7390.0000,0.0000,0.0000,0.0000,0.0000,1,0,0,0,0,1,0,0,0,0
zc,TA305,2012-06-07 09:25:29.573,7384.0000,692,0,0.0000,0.0000,0,0,空换,S,7380.0000,0.0000,0.0000,0.0000,0.0000,7388.0000,0.0000,0.0000,0.0000,0.0000,1,0,0,0,0,1,0,0,0,0
zc,TA305,2012-06-07 09:25:34.353,7384.0000,692,0,0.0000,0.0000,0,0,空换,S,7380.0000,0.0000,0.0000,0.0000,0.0000,7390.0000,0.0000,0.0000,0.0000,0.0000,1,0,0,0,0,1,0,0,0,0
zc,TA305,2012-06-07 09:25:38.587,7384.0000,692,0,0.0000,0.0000,0,0,空换,S,7382.0000,0.0000,0.0000,0.0000,0.0000,7390.0000,0.0000,0.0000,0.0000,0.0000,1,0,0,0,0,1,0,0,0,0
zc,TA305,2012-06-07 09:25:42.573,7384.0000,692,0,0.0000,0.0000,0,0,空换,S,7380.0000,0.0000,0.0000,0.0000,0.0000,7390.0000,0.0000,0.0000,0.0000,0.0000,1,0,0,0,0,1,0,0,0,0
zc,TA305,2012-06-07 09:25:43.823,7384.0000,692,0,0.0000,0.0000,0,0,空换,S,7382.0000,0.0000,0.0000,0.0000,0.0000,7390.0000,0.0000,0.0000,0.0000,0.0000,1,0,0,0,0,1,0,0,0,0
zc,TA305,2012-06-07 09:25:47.323,7384.0000,692,0,0.0000,0.0000,0,0,空换,S,7382.0000,0.0000,0.0000,0.0000,0.0000,7392.0000,0.0000,0.0000,0.0000,0.0000,1,0,0,0,0,1,0,0,0,0
zc,TA305,2012-06-07 09:25:47.823,7384.0000,692,0,0.0000,0.0000,0,0,空换,S,7384.0000,0.0000,0.0000,0.0000,0.0000,7392.0000,0.0000,0.0000,0.0000,0.0000,1,0,0,0,0,1,0,0,0,0
zc,TA305,2012-06-07 09:25:50.103,7384.0000,692,0,0.0000,0.0000,0,0,空换,S,7386.0000,0.0000,0.0000,0.0000,0.0000,7394.0000,0.0000,0.0000,0.0000,0.0000,1,0,0,0,0,1,0,0,0,0
zc,TA305,2012-06-07 09:25:51.353,7384.0000,692,0,0.0000,0.0000,0,0,空换,S,7384.0000,0.0000,0.0000,0.0000,0.0000,7394.0000,0.0000,0.0000,0.0000,0.0000,1,0,0,0,0,1,0,0,0,0
zc,TA305,2012-06-07 09:25:52.823,7384.0000,692,0,0.0000,0.0000,0,0,空换,S,7384.0000,0.0000,0.0000,0.0000,0.0000,7392.0000,0.0000,0.0000,0.0000,0.0000,1,0,0,0,0,1,0,0,0,0
zc,TA305,2012-06-07 09:25:54.587,7384.0000,692,0,0.0000,0.0000,0,0,空换,S,7386.0000,0.0000,0.0000,0.0000,0.0000,7394.0000,0.0000,0.0000,0.0000,0.0000,1,0,0,0,0,1,0,0,0,0
zc,TA305,2012-06-07 09:26:14.853,7384.0000,692,0,0.0000,0.0000,0,0,空换,S,7388.0000,0.0000,0.0000,0.0000,0.0000,7396.0000,0.0000,0.0000,0.0000,0.0000,1,0,0,0,0,2,0,0,0,0
zc,TA305,2012-06-07 09:26:17.073,7384.0000,692,0,0.0000,0.0000,0,0,空换,S,7386.0000,0.0000,0.0000,0.0000,0.0000,7396.0000,0.0000,0.0000,0.0000,0.0000,1,0,0,0,0,2,0,0,0,0
zc,TA305,2012-06-07 09:26:17.587,7384.0000,692,0,0.0000,0.0000,0,0,空换,S,7386.0000,0.0000,0.0000,0.0000,0.0000,7394.0000,0.0000,0.0000,0.0000,0.0000,1,0,0,0,0,1,0,0,0,0
zc,TA305,2012-06-07 09:26:24.323,7384.0000,692,0,0.0000,0.0000,0,0,空换,S,7388.0000,0.0000,0.0000,0.0000,0.0000,7396.0000,0.0000,0.0000,0.0000,0.0000,1,0,0,0,0,2,0,0,0,0
zc,TA305,2012-06-07 09:26:25.103,7384.0000,692,0,0.0000,0.0000,0,0,空换,S,7386.0000,0.0000,0.0000,0.0000,0.0000,7396.0000,0.0000,0.0000,0.0000,0.0000,1,0,0,0,0,2,0,0,0,0
zc,TA305,2012-06-07 09:26:26.087,7384.0000,692,0,0.0000,0.0000,0,0,空换,S,7386.0000,0.0000,0.0000,0.0000,0.0000,7396.0000,0.0000,0.0000,0.0000,0.0000,1,0,0,0,0,1,0,0,0,0
zc,TA305,2012-06-07 09:26:26.900,7384.0000,692,0,0.0000,0.0000,0,0,空换,S,7390.0000,0.0000,0.0000,0.0000,0.0000,7396.0000,0.0000,0.0000,0.0000,0.0000,1,0,0,0,0,1,0,0,0,0
zc,TA305,2012-06-07 09:26:31.620,7396.0000,690,-2,0.0000,2.0000,0,2,双平,B,7390.0000,0.0000,0.0000,0.0000,0.0000,7398.0000,0.0000,0.0000,0.0000,0.0000,1,0,0,0,0,1,0,0,0,0
zc,TA305,2012-06-07 09:26:32.900,7396.0000,690,0,0.0000,0.0000,0,0,多换,B,7388.0000,0.0000,0.0000,0.0000,0.0000,7396.0000,0.0000,0.0000,0.0000,0.0000,1,0,0,0,0,1,0,0,0,0
zc,TA305,2012-06-07 09:26:33.400,7396.0000,690,0,0.0000,0.0000,0,0,多换,B,7388.0000,0.0000,0.0000,0.0000,0.0000,7400.0000,0.0000,0.0000,0.0000,0.0000,1,0,0,0,0,1,0,0,0,0
zc,TA305,2012-06-07 09:26:33.853,7396.0000,690,0,0.0000,0.0000,0,0,多换,B,7392.0000,0.0000,0.0000,0.0000,0.0000,7400.0000,0.0000,0.0000,0.0000,0.0000,1,0,0,0,0,1,0,0,0,0
zc,TA305,2012-06-07 09:26:57.837,7396.0000,690,0,0.0000,0.0000,0,0,多换,B,7388.0000,0.0000,0.0000,0.0000,0.0000,7398.0000,0.0000,0.0000,0.0000,0.0000,1,0,0,0,0,1,0,0,0,0
zc,TA305,2012-06-07 09:26:58.323,7396.0000,690,0,0.0000,0.0000,0,0,多换,B,7388.0000,0.0000,0.0000,0.0000,0.0000,7400.0000,0.0000,0.0000,0.0000,0.0000,1,0,0,0,0,1,0,0,0,0
zc,TA305,2012-06-07 09:26:59.620,7396.0000,690,0,0.0000,0.0000,0,0,多换,B,7388.0000,0.0000,0.0000,0.0000,0.0000,7398.0000,0.0000,0.0000,0.0000,0.0000,1,0,0,0,0,1,0,0,0,0
zc,TA305,2012-06-07 09:27:00.087,7396.0000,690,0,0.0000,0.0000,0,0,多换,B,7388.0000,0.0000,0.0000,0.0000,0.0000,7400.0000,0.0000,0.0000,0.0000,0.0000,1,0,0,0,0,1,0,0,0,0
zc,TA305,2012-06-07 09:27:03.603,7396.0000,690,0,0.0000,0.0000,0,0,多换,B,7392.0000,0.0000,0.0000,0.0000,0.0000,7400.0000,0.0000,0.0000,0.0000,0.0000,1,0,0,0,0,1,0,0,0,0
zc,TA305,2012-06-07 09:27:08.870,7396.0000,690,0,0.0000,0.0000,0,0,多换,B,7388.0000,0.0000,0.0000,0.0000,0.0000,7398.0000,0.0000,0.0000,0.0000,0.0000,1,0,0,0,0,1,0,0,0,0
zc,TA305,2012-06-07 09:27:11.087,7396.0000,690,0,0.0000,0.0000,0,0,多换,B,7388.0000,0.0000,0.0000,0.0000,0.0000,7398.0000,0.0000,0.0000,0.0000,0.0000,1,0,0,0,0,2,0,0,0,0
zc,TA305,2012-06-07 09:27:12.337,7396.0000,690,0,0.0000,0.0000,0,0,多换,B,7388.0000,0.0000,0.0000,0.0000,0.0000,7398.0000,0.0000,0.0000,0.0000,0.0000,1,0,0,0,0,1,0,0,0,0
zc,TA305,2012-06-07 09:27:15.433,7396.0000,690,0,0.0000,0.0000,0,0,多换,B,7386.0000,0.0000,0.0000,0.0000,0.0000,7394.0000,0.0000,0.0000,0.0000,0.0000,1,0,0,0,0,1,0,0,0,0
zc,TA305,2012-06-07 09:27:17.870,7396.0000,690,0,0.0000,0.0000,0,0,多换,B,7384.0000,0.0000,0.0000,0.0000,0.0000,7394.0000,0.0000,0.0000,0.0000,0.0000,1,0,0,0,0,1,0,0,0,0
zc,TA305,2012-06-07 09:27:20.587,7396.0000,690,0,0.0000,0.0000,0,0,多换,B,7384.0000,0.0000,0.0000,0.0000,0.0000,7396.0000,0.0000,0.0000,0.0000,0.0000,1,0,0,0,0,1,0,0,0,0
zc,TA305,2012-06-07 09:27:21.870,7396.0000,690,0,0.0000,0.0000,0,0,多换,B,7388.0000,0.0000,0.0000,0.0000,0.0000,7396.0000,0.0000,0.0000,0.0000,0.0000,1,0,0,0,0,1,0,0,0,0
zc,TA305,2012-06-07 09:27:24.587,7396.0000,690,0,0.0000,0.0000,0,0,多换,B,7388.0000,0.0000,0.0000,0.0000,0.0000,7392.0000,0.0000,0.0000,0.0000,0.0000,1,0,0,0,0,1,0,0,0,0
zc,TA305,2012-06-07 09:27:25.603,7396.0000,690,0,0.0000,0.0000,0,0,多换,B,7388.0000,0.0000,0.0000,0.0000,0.0000,7394.0000,0.0000,0.0000,0.0000,0.0000,1,0,0,0,0,1,0,0,0,0
zc,TA305,2012-06-07 09:27:28.837,7396.0000,690,0,0.0000,0.0000,0,0,多换,B,7388.0000,0.0000,0.0000,0.0000,0.0000,7392.0000,0.0000,0.0000,0.0000,0.0000,1,0,0,0,0,1,0,0,0,0
zc,TA305,2012-06-07 09:27:34.323,7396.0000,690,0,0.0000,0.0000,0,0,多换,B,7388.0000,0.0000,0.0000,0.0000,0.0000,7390.0000,0.0000,0.0000,0.0000,0.0000,1,0,0,0,0,1,0,0,0,0
zc,TA305,2012-06-07 09:27:40.323,7388.0000,692,2,0.0000,2.0000,2,0,双开,S,7382.0000,0.0000,0.0000,0.0000,0.0000,7392.0000,0.0000,0.0000,0.0000,0.0000,1,0,0,0,0,1,0,0,0,0
zc,TA305,2012-06-07 09:27:43.637,7388.0000,692,0,0.0000,0.0000,0,0,空换,S,7380.0000,0.0000,0.0000,0.0000,0.0000,7390.0000,0.0000,0.0000,0.0000,0.0000,1,0,0,0,0,1,0,0,0,0
zc,TA305,2012-06-07 09:27:48.323,7388.0000,692,0,0.0000,0.0000,0,0,空换,S,7380.0000,0.0000,0.0000,0.0000,0.0000,7392.0000,0.0000,0.0000,0.0000,0.0000,1,0,0,0,0,1,0,0,0,0
zc,TA305,2012-06-07 09:27:52.323,7388.0000,692,0,0.0000,0.0000,0,0,空换,S,7380.0000,0.0000,0.0000,0.0000,0.0000,7392.0000,0.0000,0.0000,0.0000,0.0000,1,0,0,0,0,2,0,0,0,0
zc,TA305,2012-06-07 09:27:56.620,7388.0000,692,0,0.0000,0.0000,0,0,空换,S,7380.0000,0.0000,0.0000,0.0000,0.0000,7390.0000,0.0000,0.0000,0.0000,0.0000,1,0,0,0,0,1,0,0,0,0
zc,TA305,2012-06-07 09:28:09.370,7388.0000,692,0,0.0000,0.0000,0,0,空换,S,7380.0000,0.0000,0.0000,0.0000,0.0000,7392.0000,0.0000,0.0000,0.0000,0.0000,1,0,0,0,0,1,0,0,0,0
zc,TA305,2012-06-07 09:28:10.073,7388.0000,692,0,0.0000,0.0000,0,0,空换,S,7380.0000,0.0000,0.0000,0.0000,0.0000,7392.0000,0.0000,0.0000,0.0000,0.0000,1,0,0,0,0,2,0,0,0,0
zc,TA305,2012-06-07 09:28:10.837,7388.0000,692,0,0.0000,0.0000,0,0,空换,S,7380.0000,0.0000,0.0000,0.0000,0.0000,7392.0000,0.0000,0.0000,0.0000,0.0000,1,0,0,0,0,1,0,0,0,0
zc,TA305,2012-06-07 09:28:11.120,7388.0000,692,0,0.0000,0.0000,0,0,空换,S,7380.0000,0.0000,0.0000,0.0000,0.0000,7390.0000,0.0000,0.0000,0.0000,0.0000,1,0,0,0,0,1,0,0,0,0
zc,TA305,2012-06-07 09:28:11.823,7388.0000,692,0,0.0000,0.0000,0,0,空换,S,7380.0000,0.0000,0.0000,0.0000,0.0000,7392.0000,0.0000,0.0000,0.0000,0.0000,1,0,0,0,0,1,0,0,0,0
zc,TA305,2012-06-07 09:28:36.603,7388.0000,692,0,0.0000,0.0000,0,0,空换,S,7382.0000,0.0000,0.0000,0.0000,0.0000,7392.0000,0.0000,0.0000,0.0000,0.0000,1,0,0,0,0,1,0,0,0,0
zc,TA305,2012-06-07 09:28:37.103,7388.0000,692,0,0.0000,0.0000,0,0,空换,S,7380.0000,0.0000,0.0000,0.0000,0.0000,7390.0000,0.0000,0.0000,0.0000,0.0000,1,0,0,0,0,1,0,0,0,0
zc,TA305,2012-06-07 09:28:55.073,7388.0000,692,0,0.0000,0.0000,0,0,空换,S,7382.0000,0.0000,0.0000,0.0000,0.0000,7392.0000,0.0000,0.0000,0.0000,0.0000,1,0,0,0,0,1,0,0,0,0
zc,TA305,2012-06-07 09:28:55.323,7388.0000,692,0,0.0000,0.0000,0,0,空换,S,7380.0000,0.0000,0.0000,0.0000,0.0000,7392.0000,0.0000,0.0000,0.0000,0.0000,1,0,0,0,0,1,0,0,0,0
zc,TA305,2012-06-07 09:28:56.073,7388.0000,692,0,0.0000,0.0000,0,0,空换,S,7382.0000,0.0000,0.0000,0.0000,0.0000,7392.0000,0.0000,0.0000,0.0000,0.0000,1,0,0,0,0,1,0,0,0,0
