市场代码,合约代码,时间,最新,持仓,增仓,成交额,成交量,开仓,平仓,成交类型,方向,买一价,买二价,买三价,买四价,买五价,卖一价,卖二价,卖三价,卖四价,卖五价,买一量,买二量,买三量,买四量,买五量,卖一量,卖二量,卖三量,卖四量,卖五量
zc,TA301,2012-06-07 07:43:55.587,0.0000,103732,0,0.0000,0.0000,0,0,空换,S,0.0000,0.0000,0.0000,0.0000,0.0000,0.0000,0.0000,0.0000,0.0000,0.0000,0,0,0,0,0,0,0,0,0,0
zc,TA301,2012-06-07 08:02:55.573,0.0000,103732,0,0.0000,0.0000,0,0,空换,S,0.0000,0.0000,0.0000,0.0000,0.0000,0.0000,0.0000,0.0000,0.0000,0.0000,0,0,0,0,0,0,0,0,0,0
zc,TA301,2012-06-07 08:03:57.073,0.0000,103732,0,0.0000,0.0000,0,0,空换,S,0.0000,0.0000,0.0000,0.0000,0.0000,0.0000,0.0000,0.0000,0.0000,0.0000,0,0,0,0,0,0,0,0,0,0
zc,TA301,2012-06-07 08:04:57.073,0.0000,103732,0,0.0000,0.0000,0,0,空换,S,0.0000,0.0000,0.0000,0.0000,0.0000,0.0000,0.0000,0.0000,0.0000,0.0000,0,0,0,0,0,0,0,0,0,0
zc,TA301,2012-06-07 08:06:57.073,0.0000,103732,0,0.0000,0.0000,0,0,空换,S,0.0000,0.0000,0.0000,0.0000,0.0000,0.0000,0.0000,0.0000,0.0000,0.0000,0,0,0,0,0,0,0,0,0,0
zc,TA301,2012-06-07 08:07:57.073,0.0000,103732,0,0.0000,0.0000,0,0,空换,S,0.0000,0.0000,0.0000,0.0000,0.0000,0.0000,0.0000,0.0000,0.0000,0.0000,0,0,0,0,0,0,0,0,0,0
zc,TA301,2012-06-07 08:08:57.073,0.0000,103732,0,0.0000,0.0000,0,0,空换,S,0.0000,0.0000,0.0000,0.0000,0.0000,0.0000,0.0000,0.0000,0.0000,0.0000,0,0,0,0,0,0,0,0,0,0
zc,TA301,2012-06-07 08:10:57.057,0.0000,103732,0,0.0000,0.0000,0,0,空换,S,0.0000,0.0000,0.0000,0.0000,0.0000,0.0000,0.0000,0.0000,0.0000,0.0000,0,0,0,0,0,0,0,0,0,0
zc,TA301,2012-06-07 08:11:57.057,0.0000,103732,0,0.0000,0.0000,0,0,空换,S,0.0000,0.0000,0.0000,0.0000,0.0000,0.0000,0.0000,0.0000,0.0000,0.0000,0,0,0,0,0,0,0,0,0,0
zc,TA301,2012-06-07 08:14:57.073,0.0000,103732,0,0.0000,0.0000,0,0,空换,S,0.0000,0.0000,0.0000,0.0000,0.0000,0.0000,0.0000,0.0000,0.0000,0.0000,0,0,0,0,0,0,0,0,0,0
zc,TA301,2012-06-07 08:18:57.057,0.0000,103732,0,0.0000,0.0000,0,0,空换,S,0.0000,0.0000,0.0000,0.0000,0.0000,0.0000,0.0000,0.0000,0.0000,0.0000,0,0,0,0,0,0,0,0,0,0
zc,TA301,2012-06-07 08:19:57.057,0.0000,103732,0,0.0000,0.0000,0,0,空换,S,0.0000,0.0000,0.0000,0.0000,0.0000,0.0000,0.0000,0.0000,0.0000,0.0000,0,0,0,0,0,0,0,0,0,0
zc,TA301,2012-06-07 08:20:57.057,0.0000,103732,0,0.0000,0.0000,0,0,空换,S,0.0000,0.0000,0.0000,0.0000,0.0000,0.0000,0.0000,0.0000,0.0000,0.0000,0,0,0,0,0,0,0,0,0,0
zc,TA301,2012-06-07 08:23:57.073,0.0000,103732,0,0.0000,0.0000,0,0,空换,S,0.0000,0.0000,0.0000,0.0000,0.0000,0.0000,0.0000,0.0000,0.0000,0.0000,0,0,0,0,0,0,0,0,0,0
zc,TA301,2012-06-07 08:24:57.057,0.0000,103732,0,0.0000,0.0000,0,0,空换,S,0.0000,0.0000,0.0000,0.0000,0.0000,0.0000,0.0000,0.0000,0.0000,0.0000,0,0,0,0,0,0,0,0,0,0
zc,TA301,2012-06-07 08:29:57.073,0.0000,103732,0,0.0000,0.0000,0,0,空换,S,0.0000,0.0000,0.0000,0.0000,0.0000,0.0000,0.0000,0.0000,0.0000,0.0000,0,0,0,0,0,0,0,0,0,0
zc,TA301,2012-06-07 08:30:57.057,0.0000,103732,0,0.0000,0.0000,0,0,空换,S,0.0000,0.0000,0.0000,0.0000,0.0000,0.0000,0.0000,0.0000,0.0000,0.0000,0,0,0,0,0,0,0,0,0,0
zc,TA301,2012-06-07 08:31:57.057,0.0000,103732,0,0.0000,0.0000,0,0,空换,S,0.0000,0.0000,0.0000,0.0000,0.0000,0.0000,0.0000,0.0000,0.0000,0.0000,0,0,0,0,0,0,0,0,0,0
zc,TA301,2012-06-07 08:32:57.057,0.0000,103732,0,0.0000,0.0000,0,0,空换,S,0.0000,0.0000,0.0000,0.0000,0.0000,0.0000,0.0000,0.0000,0.0000,0.0000,0,0,0,0,0,0,0,0,0,0
zc,TA301,2012-06-07 08:33:57.057,0.0000,103732,0,0.0000,0.0000,0,0,空换,S,0.0000,0.0000,0.0000,0.0000,0.0000,0.0000,0.0000,0.0000,0.0000,0.0000,0,0,0,0,0,0,0,0,0,0
zc,TA301,2012-06-07 08:34:57.073,0.0000,103732,0,0.0000,0.0000,0,0,空换,S,0.0000,0.0000,0.0000,0.0000,0.0000,0.0000,0.0000,0.0000,0.0000,0.0000,0,0,0,0,0,0,0,0,0,0
zc,TA301,2012-06-07 08:35:57.073,0.0000,103732,0,0.0000,0.0000,0,0,空换,S,0.0000,0.0000,0.0000,0.0000,0.0000,0.0000,0.0000,0.0000,0.0000,0.0000,0,0,0,0,0,0,0,0,0,0
zc,TA301,2012-06-07 08:37:57.073,0.0000,103732,0,0.0000,0.0000,0,0,空换,S,0.0000,0.0000,0.0000,0.0000,0.0000,0.0000,0.0000,0.0000,0.0000,0.0000,0,0,0,0,0,0,0,0,0,0
zc,TA301,2012-06-07 08:39:57.073,0.0000,103732,0,0.0000,0.0000,0,0,空换,S,0.0000,0.0000,0.0000,0.0000,0.0000,0.0000,0.0000,0.0000,0.0000,0.0000,0,0,0,0,0,0,0,0,0,0
zc,TA301,2012-06-07 08:40:57.073,0.0000,103732,0,0.0000,0.0000,0,0,空换,S,0.0000,0.0000,0.0000,0.0000,0.0000,0.0000,0.0000,0.0000,0.0000,0.0000,0,0,0,0,0,0,0,0,0,0
zc,TA301,2012-06-07 08:41:57.073,0.0000,103732,0,0.0000,0.0000,0,0,空换,S,0.0000,0.0000,0.0000,0.0000,0.0000,0.0000,0.0000,0.0000,0.0000,0.0000,0,0,0,0,0,0,0,0,0,0
zc,TA301,2012-06-07 08:45:57.073,0.0000,103732,0,0.0000,0.0000,0,0,空换,S,0.0000,0.0000,0.0000,0.0000,0.0000,0.0000,0.0000,0.0000,0.0000,0.0000,0,0,0,0,0,0,0,0,0,0
zc,TA301,2012-06-07 08:46:57.057,0.0000,103732,0,0.0000,0.0000,0,0,空换,S,0.0000,0.0000,0.0000,0.0000,0.0000,0.0000,0.0000,0.0000,0.0000,0.0000,0,0,0,0,0,0,0,0,0,0
zc,TA301,2012-06-07 08:49:57.057,0.0000,103732,0,0.0000,0.0000,0,0,空换,S,0.0000,0.0000,0.0000,0.0000,0.0000,0.0000,0.0000,0.0000,0.0000,0.0000,0,0,0,0,0,0,0,0,0,0
zc,TA301,2012-06-07 08:50:57.057,0.0000,103732,0,0.0000,0.0000,0,0,空换,S,0.0000,0.0000,0.0000,0.0000,0.0000,0.0000,0.0000,0.0000,0.0000,0.0000,0,0,0,0,0,0,0,0,0,0
zc,TA301,2012-06-07 08:51:57.057,0.0000,103732,0,0.0000,0.0000,0,0,空换,S,0.0000,0.0000,0.0000,0.0000,0.0000,0.0000,0.0000,0.0000,0.0000,0.0000,0,0,0,0,0,0,0,0,0,0
zc,TA301,2012-06-07 08:52:57.073,0.0000,103732,0,0.0000,0.0000,0,0,空换,S,0.0000,0.0000,0.0000,0.0000,0.0000,0.0000,0.0000,0.0000,0.0000,0.0000,0,0,0,0,0,0,0,0,0,0
zc,TA301,2012-06-07 08:54:57.057,0.0000,103732,0,0.0000,0.0000,0,0,空换,S,0.0000,0.0000,0.0000,0.0000,0.0000,0.0000,0.0000,0.0000,0.0000,0.0000,0,0,0,0,0,0,0,0,0,0
zc,TA301,2012-06-07 08:55:00.573,0.0000,103732,0,0.0000,0.0000,0,0,空换,S,0.0000,0.0000,0.0000,0.0000,0.0000,0.0000,0.0000,0.0000,0.0000,0.0000,0,0,0,0,0,0,0,0,0,0
zc,TA301,2012-06-07 08:55:42.557,0.0000,103732,0,0.0000,0.0000,0,0,空换,S,0.0000,0.0000,0.0000,0.0000,0.0000,0.0000,0.0000,0.0000,0.0000,0.0000,0,0,0,0,0,0,0,0,0,0
zc,TA301,2012-06-07 08:55:44.307,0.0000,103732,0,0.0000,0.0000,0,0,空换,S,0.0000,0.0000,0.0000,0.0000,0.0000,0.0000,0.0000,0.0000,0.0000,0.0000,0,0,0,0,0,0,0,0,0,0
zc,TA301,2012-06-07 08:55:56.040,0.0000,103732,0,0.0000,0.0000,0,0,空换,S,0.0000,0.0000,0.0000,0.0000,0.0000,0.0000,0.0000,0.0000,0.0000,0.0000,0,0,0,0,0,0,0,0,0,0
zc,TA301,2012-06-07 08:55:57.040,0.0000,103732,0,0.0000,0.0000,0,0,空换,S,0.0000,0.0000,0.0000,0.0000,0.0000,0.0000,0.0000,0.0000,0.0000,0.0000,0,0,0,0,0,0,0,0,0,0
zc,TA301,2012-06-07 08:56:08.807,0.0000,103732,0,0.0000,0.0000,0,0,空换,S,0.0000,0.0000,0.0000,0.0000,0.0000,0.0000,0.0000,0.0000,0.0000,0.0000,0,0,0,0,0,0,0,0,0,0
zc,TA301,2012-06-07 08:56:14.290,0.0000,103732,0,0.0000,0.0000,0,0,空换,S,0.0000,0.0000,0.0000,0.0000,0.0000,0.0000,0.0000,0.0000,0.0000,0.0000,0,0,0,0,0,0,0,0,0,0
zc,TA301,2012-06-07 08:56:18.790,0.0000,103732,0,0.0000,0.0000,0,0,空换,S,0.0000,0.0000,0.0000,0.0000,0.0000,0.0000,0.0000,0.0000,0.0000,0.0000,0,0,0,0,0,0,0,0,0,0
zc,TA301,2012-06-07 08:56:21.790,0.0000,103732,0,0.0000,0.0000,0,0,空换,S,0.0000,0.0000,0.0000,0.0000,0.0000,0.0000,0.0000,0.0000,0.0000,0.0000,0,0,0,0,0,0,0,0,0,0
zc,TA301,2012-06-07 08:56:23.790,0.0000,103732,0,0.0000,0.0000,0,0,空换,S,0.0000,0.0000,0.0000,0.0000,0.0000,0.0000,0.0000,0.0000,0.0000,0.0000,0,0,0,0,0,0,0,0,0,0
zc,TA301,2012-06-07 08:56:57.057,0.0000,103732,0,0.0000,0.0000,0,0,空换,S,0.0000,0.0000,0.0000,0.0000,0.0000,0.0000,0.0000,0.0000,0.0000,0.0000,0,0,0,0,0,0,0,0,0,0
zc,TA301,2012-06-07 08:58:09.790,0.0000,103732,0,0.0000,0.0000,0,0,空换,S,0.0000,0.0000,0.0000,0.0000,0.0000,0.0000,0.0000,0.0000,0.0000,0.0000,0,0,0,0,0,0,0,0,0,0
zc,TA301,2012-06-07 08:58:10.540,0.0000,103732,0,0.0000,0.0000,0,0,空换,S,0.0000,0.0000,0.0000,0.0000,0.0000,0.0000,0.0000,0.0000,0.0000,0.0000,0,0,0,0,0,0,0,0,0,0
zc,TA301,2012-06-07 08:58:22.790,0.0000,103732,0,0.0000,0.0000,0,0,空换,S,0.0000,0.0000,0.0000,0.0000,0.0000,0.0000,0.0000,0.0000,0.0000,0.0000,0,0,0,0,0,0,0,0,0,0
zc,TA301,2012-06-07 08:59:57.040,7300.0000,103920,188,0.0000,1102.0000,645,457,多开,B,7298.0000,0.0000,0.0000,0.0000,0.0000,7300.0000,0.0000,0.0000,0.0000,0.0000,5,0,0,0,0,171,0,0,0,0
zc,TA301,2012-06-07 09:00:00.980,7300.0000,104000,80,0.0000,182.0000,131,51,多开,B,7290.0000,0.0000,0.0000,0.0000,0.0000,7298.0000,0.0000,0.0000,0.0000,0.0000,65,0,0,0,0,69,0,0,0,0
zc,TA301,2012-06-07 09:00:02.807,7300.0000,104020,20,0.0000,294.0000,157,137,多开,B,7298.0000,0.0000,0.0000,0.0000,0.0000,7300.0000,0.0000,0.0000,0.0000,0.0000,23,0,0,0,0,169,0,0,0,0
zc,TA301,2012-06-07 09:00:04.747,7296.0000,103952,-68,0.0000,314.0000,123,191,多平,S,7292.0000,0.0000,0.0000,0.0000,0.0000,7296.0000,0.0000,0.0000,0.0000,0.0000,2,0,0,0,0,3,0,0,0,0
zc,TA301,2012-06-07 09:00:06.213,7296.0000,103988,36,0.0000,124.0000,80,44,空开,S,7296.0000,0.0000,0.0000,0.0000,0.0000,7300.0000,0.0000,0.0000,0.0000,0.0000,2,0,0,0,0,140,0,0,0,0
zc,TA301,2012-06-07 09:00:06.963,7292.0000,103824,-164,0.0000,258.0000,47,211,多平,S,7290.0000,0.0000,0.0000,0.0000,0.0000,7298.0000,0.0000,0.0000,0.0000,0.0000,74,0,0,0,0,1,0,0,0,0
zc,TA301,2012-06-07 09:00:07.997,7298.0000,103808,-16,0.0000,40.0000,12,28,空平,B,7298.0000,0.0000,0.0000,0.0000,0.0000,7300.0000,0.0000,0.0000,0.0000,0.0000,3,0,0,0,0,127,0,0,0,0
zc,TA301,2012-06-07 09:00:08.213,7298.0000,103804,-4,0.0000,8.0000,2,6,空平,B,7298.0000,0.0000,0.0000,0.0000,0.0000,7300.0000,0.0000,0.0000,0.0000,0.0000,3,0,0,0,0,127,0,0,0,0
zc,TA301,2012-06-07 09:00:08.947,7292.0000,103788,-16,0.0000,46.0000,15,31,多平,S,7292.0000,0.0000,0.0000,0.0000,0.0000,7300.0000,0.0000,0.0000,0.0000,0.0000,2,0,0,0,0,125,0,0,0,0
zc,TA301,2012-06-07 09:00:09.480,7292.0000,103784,-4,0.0000,6.0000,1,5,多平,S,7292.0000,0.0000,0.0000,0.0000,0.0000,7298.0000,0.0000,0.0000,0.0000,0.0000,3,0,0,0,0,6,0,0,0,0
zc,TA301,2012-06-07 09:00:10.150,7298.0000,103782,-2,0.0000,6.0000,2,4,空平,B,7292.0000,0.0000,0.0000,0.0000,0.0000,7298.0000,0.0000,0.0000,0.0000,0.0000,22,0,0,0,0,4,0,0,0,0
zc,TA301,2012-06-07 09:00:10.683,7300.0000,103754,-28,0.0000,48.0000,10,38,空平,B,7294.0000,0.0000,0.0000,0.0000,0.0000,7298.0000,0.0000,0.0000,0.0000,0.0000,1,0,0,0,0,46,0,0,0,0
zc,TA301,2012-06-07 09:00:11.447,7292.0000,103742,-12,0.0000,24.0000,6,18,多平,S,7292.0000,0.0000,0.0000,0.0000,0.0000,7298.0000,0.0000,0.0000,0.0000,0.0000,13,0,0,0,0,46,0,0,0,0
zc,TA301,2012-06-07 09:00:11.933,7298.0000,103708,-34,0.0000,44.0000,5,39,空平,B,7292.0000,0.0000,0.0000,0.0000,0.0000,7298.0000,0.0000,0.0000,0.0000,0.0000,9,0,0,0,0,34,0,0,0,0
zc,TA301,2012-06-07 09:00:12.400,7292.0000,103708,0,0.0000,4.0000,2,2,空换,S,7292.0000,0.0000,0.0000,0.0000,0.0000,7298.0000,0.0000,0.0000,0.0000,0.0000,9,0,0,0,0,34,0,0,0,0
zc,TA301,2012-06-07 09:00:13.183,7298.0000,103676,-32,0.0000,50.0000,9,41,空平,B,7290.0000,0.0000,0.0000,0.0000,0.0000,7298.0000,0.0000,0.0000,0.0000,0.0000,62,0,0,0,0,27,0,0,0,0
zc,TA301,2012-06-07 09:00:13.400,7290.0000,103678,2,0.0000,2.0000,2,0,双开,S,7292.0000,0.0000,0.0000,0.0000,0.0000,7298.0000,0.0000,0.0000,0.0000,0.0000,1,0,0,0,0,27,0,0,0,0
zc,TA301,2012-06-07 09:00:14.463,7296.0000,103680,2,0.0000,4.0000,3,1,多开,B,7290.0000,0.0000,0.0000,0.0000,0.0000,7292.0000,0.0000,0.0000,0.0000,0.0000,57,0,0,0,0,3,0,0,0,0
zc,TA301,2012-06-07 09:00:14.900,7292.0000,103678,-2,0.0000,4.0000,1,3,多平,S,7290.0000,0.0000,0.0000,0.0000,0.0000,7292.0000,0.0000,0.0000,0.0000,0.0000,57,0,0,0,0,2,0,0,0,0
zc,TA301,2012-06-07 09:00:15.417,7292.0000,103678,0,0.0000,8.0000,4,4,空换,S,7290.0000,0.0000,0.0000,0.0000,0.0000,7296.0000,0.0000,0.0000,0.0000,0.0000,65,0,0,0,0,3,0,0,0,0
zc,TA301,2012-06-07 09:00:16.197,7292.0000,103674,-4,0.0000,4.0000,0,4,双平,S,7290.0000,0.0000,0.0000,0.0000,0.0000,7292.0000,0.0000,0.0000,0.0000,0.0000,68,0,0,0,0,98,0,0,0,0
zc,TA301,2012-06-07 09:00:17.213,7290.0000,103666,-8,0.0000,28.0000,10,18,多平,S,7290.0000,0.0000,0.0000,0.0000,0.0000,7292.0000,0.0000,0.0000,0.0000,0.0000,56,0,0,0,0,93,0,0,0,0
zc,TA301,2012-06-07 09:00:17.917,7292.0000,103628,-38,0.0000,74.0000,18,56,空平,B,7290.0000,0.0000,0.0000,0.0000,0.0000,7292.0000,0.0000,0.0000,0.0000,0.0000,52,0,0,0,0,61,0,0,0,0
zc,TA301,2012-06-07 09:00:18.683,7290.0000,103624,-4,0.0000,122.0000,59,63,多平,S,7290.0000,0.0000,0.0000,0.0000,0.0000,7292.0000,0.0000,0.0000,0.0000,0.0000,5,0,0,0,0,51,0,0,0,0
zc,TA301,2012-06-07 09:00:19.400,7290.0000,103640,16,0.0000,114.0000,65,49,空开,S,7290.0000,0.0000,0.0000,0.0000,0.0000,7294.0000,0.0000,0.0000,0.0000,0.0000,4,0,0,0,0,4,0,0,0,0
zc,TA301,2012-06-07 09:00:19.963,7292.0000,103650,10,0.0000,36.0000,23,13,多开,B,7292.0000,0.0000,0.0000,0.0000,0.0000,7294.0000,0.0000,0.0000,0.0000,0.0000,20,0,0,0,0,2,0,0,0,0
zc,TA301,2012-06-07 09:00:20.947,7290.0000,103706,56,0.0000,58.0000,57,1,空开,S,7288.0000,0.0000,0.0000,0.0000,0.0000,7290.0000,0.0000,0.0000,0.0000,0.0000,34,0,0,0,0,21,0,0,0,0
zc,TA301,2012-06-07 09:00:21.417,7290.0000,103714,8,0.0000,8.0000,8,0,双开,S,7288.0000,0.0000,0.0000,0.0000,0.0000,7290.0000,0.0000,0.0000,0.0000,0.0000,33,0,0,0,0,57,0,0,0,0
zc,TA301,2012-06-07 09:00:22.480,7288.0000,103744,30,0.0000,78.0000,54,24,空开,S,7288.0000,0.0000,0.0000,0.0000,0.0000,7290.0000,0.0000,0.0000,0.0000,0.0000,16,0,0,0,0,45,0,0,0,0
zc,TA301,2012-06-07 09:00:22.900,7288.0000,103772,28,0.0000,30.0000,29,1,空开,S,7288.0000,0.0000,0.0000,0.0000,0.0000,7290.0000,0.0000,0.0000,0.0000,0.0000,15,0,0,0,0,31,0,0,0,0
zc,TA301,2012-06-07 09:00:23.683,7288.0000,103776,4,0.0000,6.0000,5,1,空开,S,7288.0000,0.0000,0.0000,0.0000,0.0000,7290.0000,0.0000,0.0000,0.0000,0.0000,15,0,0,0,0,29,0,0,0,0
zc,TA301,2012-06-07 09:00:24.150,7286.0000,103776,0,0.0000,38.0000,19,19,空换,S,7284.0000,0.0000,0.0000,0.0000,0.0000,7286.0000,0.0000,0.0000,0.0000,0.0000,2,0,0,0,0,11,0,0,0,0
zc,TA301,2012-06-07 09:00:24.947,7286.0000,103776,0,0.0000,4.0000,2,2,空换,S,7284.0000,0.0000,0.0000,0.0000,0.0000,7286.0000,0.0000,0.0000,0.0000,0.0000,5,0,0,0,0,10,0,0,0,0
zc,TA301,2012-06-07 09:00:25.683,7286.0000,103762,-14,0.0000,22.0000,4,18,多平,S,7284.0000,0.0000,0.0000,0.0000,0.0000,7286.0000,0.0000,0.0000,0.0000,0.0000,2,0,0,0,0,7,0,0,0,0
zc,TA301,2012-06-07 09:00:26.197,7284.0000,103756,-6,0.0000,10.0000,2,8,多平,S,7282.0000,0.0000,0.0000,0.0000,0.0000,7286.0000,0.0000,0.0000,0.0000,0.0000,19,0,0,0,0,5,0,0,0,0
zc,TA301,2012-06-07 09:00:26.933,7286.0000,103756,0,0.0000,2.0000,1,1,多换,B,7282.0000,0.0000,0.0000,0.0000,0.0000,7284.0000,0.0000,0.0000,0.0000,0.0000,19,0,0,0,0,1,0,0,0,0
zc,TA301,2012-06-07 09:00:27.683,7282.0000,103756,0,0.0000,10.0000,5,5,空换,S,7282.0000,0.0000,0.0000,0.0000,0.0000,7284.0000,0.0000,0.0000,0.0000,0.0000,14,0,0,0,0,3,0,0,0,0
zc,TA301,2012-06-07 09:00:28.183,7282.0000,103756,0,0.0000,16.0000,8,8,空换,S,7282.0000,0.0000,0.0000,0.0000,0.0000,7284.0000,0.0000,0.0000,0.0000,0.0000,7,0,0,0,0,2,0,0,0,0
zc,TA301,2012-06-07 09:00:28.933,7282.0000,103756,0,0.0000,10.0000,5,5,空换,S,7282.0000,0.0000,0.0000,0.0000,0.0000,7284.0000,0.0000,0.0000,0.0000,0.0000,12,0,0,0,0,2,0,0,0,0
zc,TA301,2012-06-07 09:00:29.433,7282.0000,103752,-4,0.0000,10.0000,3,7,多平,S,7282.0000,0.0000,0.0000,0.0000,0.0000,7286.0000,0.0000,0.0000,0.0000,0.0000,29,0,0,0,0,4,0,0,0,0
zc,TA301,2012-06-07 09:00:30.197,7282.0000,103756,4,0.0000,4.0000,4,0,双开,S,7284.0000,0.0000,0.0000,0.0000,0.0000,7286.0000,0.0000,0.0000,0.0000,0.0000,1,0,0,0,0,4,0,0,0,0
zc,TA301,2012-06-07 09:00:30.683,7282.0000,103756,0,0.0000,10.0000,5,5,空换,S,7282.0000,0.0000,0.0000,0.0000,0.0000,7286.0000,0.0000,0.0000,0.0000,0.0000,24,0,0,0,0,8,0,0,0,0
zc,TA301,2012-06-07 09:00:31.947,7286.0000,103736,-20,0.0000,30.0000,5,25,空平,B,7282.0000,0.0000,0.0000,0.0000,0.0000,7286.0000,0.0000,0.0000,0.0000,0.0000,12,0,0,0,0,7,0,0,0,0
zc,TA301,2012-06-07 09:00:32.713,7282.0000,103724,-12,0.0000,26.0000,7,19,多平,S,7282.0000,0.0000,0.0000,0.0000,0.0000,7286.0000,0.0000,0.0000,0.0000,0.0000,6,0,0,0,0,6,0,0,0,0
zc,TA301,2012-06-07 09:00:33.433,7282.0000,103722,-2,0.0000,2.0000,0,2,双平,S,7282.0000,0.0000,0.0000,0.0000,0.0000,7286.0000,0.0000,0.0000,0.0000,0.0000,7,0,0,0,0,6,0,0,0,0
zc,TA301,2012-06-07 09:00:33.887,7286.0000,103712,-10,0.0000,20.0000,5,15,空平,B,7282.0000,0.0000,0.0000,0.0000,0.0000,7286.0000,0.0000,0.0000,0.0000,0.0000,14,0,0,0,0,3,0,0,0,0
zc,TA301,2012-06-07 09:00:34.387,7286.0000,103712,0,0.0000,6.0000,3,3,多换,B,7286.0000,0.0000,0.0000,0.0000,0.0000,7288.0000,0.0000,0.0000,0.0000,0.0000,12,0,0,0,0,57,0,0,0,0
zc,TA301,2012-06-07 09:00:35.197,7288.0000,103712,0,0.0000,26.0000,13,13,多换,B,7282.0000,0.0000,0.0000,0.0000,0.0000,7288.0000,0.0000,0.0000,0.0000,0.0000,16,0,0,0,0,56,0,0,0,0
zc,TA301,2012-06-07 09:00:35.667,7286.0000,103714,2,0.0000,4.0000,3,1,空开,S,7284.0000,0.0000,0.0000,0.0000,0.0000,7286.0000,0.0000,0.0000,0.0000,0.0000,5,0,0,0,0,22,0,0,0,0
zc,TA301,2012-06-07 09:00:36.667,7286.0000,103714,0,0.0000,4.0000,2,2,空换,S,7284.0000,0.0000,0.0000,0.0000,0.0000,7286.0000,0.0000,0.0000,0.0000,0.0000,5,0,0,0,0,20,0,0,0,0
zc,TA301,2012-06-07 09:00:37.150,7286.0000,103714,0,0.0000,14.0000,7,7,空换,S,7284.0000,0.0000,0.0000,0.0000,0.0000,7286.0000,0.0000,0.0000,0.0000,0.0000,5,0,0,0,0,21,0,0,0,0
zc,TA301,2012-06-07 09:00:37.650,7286.0000,103714,0,0.0000,8.0000,4,4,空换,S,7284.0000,0.0000,0.0000,0.0000,0.0000,7286.0000,0.0000,0.0000,0.0000,0.0000,5,0,0,0,0,32,0,0,0,0
zc,TA301,2012-06-07 09:00:38.197,7284.0000,103714,0,0.0000,2.0000,1,1,空换,S,7284.0000,0.0000,0.0000,0.0000,0.0000,7286.0000,0.0000,0.0000,0.0000,0.0000,8,0,0,0,0,32,0,0,0,0
zc,TA301,2012-06-07 09:00:38.933,7284.0000,103712,-2,0.0000,14.0000,6,8,多平,S,7282.0000,0.0000,0.0000,0.0000,0.0000,7284.0000,0.0000,0.0000,0.0000,0.0000,36,0,0,0,0,15,0,0,0,0
zc,TA301,2012-06-07 09:00:39.667,7284.0000,103712,0,0.0000,8.0000,4,4,空换,S,7282.0000,0.0000,0.0000,0.0000,0.0000,7284.0000,0.0000,0.0000,0.0000,0.0000,33,0,0,0,0,17,0,0,0,0
zc,TA301,2012-06-07 09:00:40.197,7284.0000,103712,0,0.0000,10.0000,5,5,空换,S,7282.0000,0.0000,0.0000,0.0000,0.0000,7284.0000,0.0000,0.0000,0.0000,0.0000,35,0,0,0,0,16,0,0,0,0
zc,TA301,2012-06-07 09:00:40.713,7284.0000,103712,0,0.0000,0.0000,0,0,空换,S,7282.0000,0.0000,0.0000,0.0000,0.0000,7284.0000,0.0000,0.0000,0.0000,0.0000,37,0,0,0,0,16,0,0,0,0
zc,TA301,2012-06-07 09:00:41.947,7284.0000,103712,0,0.0000,40.0000,20,20,空换,S,7282.0000,0.0000,0.0000,0.0000,0.0000,7284.0000,0.0000,0.0000,0.0000,0.0000,27,0,0,0,0,3,0,0,0,0
zc,TA301,2012-06-07 09:00:42.447,7282.0000,103768,56,0.0000,68.0000,62,6,空开,S,7282.0000,0.0000,0.0000,0.0000,0.0000,7286.0000,0.0000,0.0000,0.0000,0.0000,3,0,0,0,0,54,0,0,0,0
zc,TA301,2012-06-07 09:00:43.167,7282.0000,103768,0,0.0000,2.0000,1,1,空换,S,7284.0000,0.0000,0.0000,0.0000,0.0000,7286.0000,0.0000,0.0000,0.0000,0.0000,2,0,0,0,0,54,0,0,0,0
zc,TA301,2012-06-07 09:00:43.667,7282.0000,103744,-24,0.0000,40.0000,8,32,多平,S,7280.0000,0.0000,0.0000,0.0000,0.0000,7282.0000,0.0000,0.0000,0.0000,0.0000,33,0,0,0,0,2,0,0,0,0
zc,TA301,2012-06-07 09:00:44.167,7284.0000,103746,2,0.0000,8.0000,5,3,多开,B,7284.0000,0.0000,0.0000,0.0000,0.0000,7286.0000,0.0000,0.0000,0.0000,0.0000,6,0,0,0,0,52,0,0,0,0
zc,TA301,2012-06-07 09:00:44.667,7284.0000,103746,0,0.0000,0.0000,0,0,多换,B,7284.0000,0.0000,0.0000,0.0000,0.0000,7286.0000,0.0000,0.0000,0.0000,0.0000,8,0,0,0,0,52,0,0,0,0
zc,TA301,2012-06-07 09:00:45.400,7284.0000,103746,0,0.0000,22.0000,11,11,多换,B,7284.0000,0.0000,0.0000,0.0000,0.0000,7286.0000,0.0000,0.0000,0.0000,0.0000,7,0,0,0,0,44,0,0,0,0
zc,TA301,2012-06-07 09:00:45.887,7284.0000,103748,2,0.0000,12.0000,7,5,多开,B,7284.0000,0.0000,0.0000,0.0000,0.0000,7286.0000,0.0000,0.0000,0.0000,0.0000,1,0,0,0,0,55,0,0,0,0
zc,TA301,2012-06-07 09:00:46.697,7284.0000,103748,0,0.0000,2.0000,1,1,多换,B,7280.0000,0.0000,0.0000,0.0000,0.0000,7282.0000,0.0000,0.0000,0.0000,0.0000,37,0,0,0,0,2,0,0,0,0
zc,TA301,2012-06-07 09:00:47.183,7284.0000,103744,-4,0.0000,8.0000,2,6,空平,B,7282.0000,0.0000,0.0000,0.0000,0.0000,7284.0000,0.0000,0.0000,0.0000,0.0000,1,0,0,0,0,5,0,0,0,0
zc,TA301,2012-06-07 09:00:47.917,7284.0000,103744,0,0.0000,18.0000,9,9,多换,B,7282.0000,0.0000,0.0000,0.0000,0.0000,7284.0000,0.0000,0.0000,0.0000,0.0000,17,0,0,0,0,3,0,0,0,0
zc,TA301,2012-06-07 09:00:48.697,7284.0000,103744,0,0.0000,12.0000,6,6,多换,B,7284.0000,0.0000,0.0000,0.0000,0.0000,7286.0000,0.0000,0.0000,0.0000,0.0000,6,0,0,0,0,52,0,0,0,0
zc,TA301,2012-06-07 09:00:49.400,7286.0000,103744,0,0.0000,10.0000,5,5,多换,B,7284.0000,0.0000,0.0000,0.0000,0.0000,7286.0000,0.0000,0.0000,0.0000,0.0000,2,0,0,0,0,51,0,0,0,0
zc,TA301,2012-06-07 09:00:49.900,7284.0000,103744,0,0.0000,4.0000,2,2,空换,S,7284.0000,0.0000,0.0000,0.0000,0.0000,7286.0000,0.0000,0.0000,0.0000,0.0000,3,0,0,0,0,51,0,0,0,0
zc,TA301,2012-06-07 09:00:50.683,7282.0000,103744,0,0.0000,20.0000,10,10,空换,S,7282.0000,0.0000,0.0000,0.0000,0.0000,7284.0000,0.0000,0.0000,0.0000,0.0000,14,0,0,0,0,26,0,0,0,0
zc,TA301,2012-06-07 09:00:51.167,7284.0000,103736,-8,0.0000,8.0000,0,8,双平,B,7282.0000,0.0000,0.0000,0.0000,0.0000,7284.0000,0.0000,0.0000,0.0000,0.0000,15,0,0,0,0,24,0,0,0,0
zc,TA301,2012-06-07 09:00:51.870,7284.0000,103752,16,0.0000,24.0000,20,4,多开,B,7282.0000,0.0000,0.0000,0.0000,0.0000,7284.0000,0.0000,0.0000,0.0000,0.0000,6,0,0,0,0,22,0,0,0,0
zc,TA301,2012-06-07 09:00:52.387,7282.0000,103740,-12,0.0000,20.0000,4,16,多平,S,7282.0000,0.0000,0.0000,0.0000,0.0000,7284.0000,0.0000,0.0000,0.0000,0.0000,5,0,0,0,0,20,0,0,0,0
zc,TA301,2012-06-07 09:00:53.167,7284.0000,103734,-6,0.0000,12.0000,3,9,空平,B,7280.0000,0.0000,0.0000,0.0000,0.0000,7284.0000,0.0000,0.0000,0.0000,0.0000,46,0,0,0,0,19,0,0,0,0
zc,TA301,2012-06-07 09:00:53.947,7282.0000,103734,0,0.0000,8.0000,4,4,空换,S,7282.0000,0.0000,0.0000,0.0000,0.0000,7284.0000,0.0000,0.0000,0.0000,0.0000,10,0,0,0,0,19,0,0,0,0
zc,TA301,2012-06-07 09:00:54.447,7284.0000,103734,0,0.0000,4.0000,2,2,多换,B,7282.0000,0.0000,0.0000,0.0000,0.0000,7284.0000,0.0000,0.0000,0.0000,0.0000,10,0,0,0,0,17,0,0,0,0
zc,TA301,2012-06-07 09:00:55.667,7282.0000,103730,-4,0.0000,6.0000,1,5,多平,S,7282.0000,0.0000,0.0000,0.0000,0.0000,7284.0000,0.0000,0.0000,0.0000,0.0000,13,0,0,0,0,18,0,0,0,0
zc,TA301,2012-06-07 09:00:56.417,7282.0000,103716,-14,0.0000,18.0000,2,16,多平,S,7282.0000,0.0000,0.0000,0.0000,0.0000,7284.0000,0.0000,0.0000,0.0000,0.0000,6,0,0,0,0,17,0,0,0,0
zc,TA301,2012-06-07 09:00:56.637,7284.0000,103716,0,0.0000,2.0000,1,1,多换,B,7282.0000,0.0000,0.0000,0.0000,0.0000,7284.0000,0.0000,0.0000,0.0000,0.0000,8,0,0,0,0,16,0,0,0,0
zc,TA301,2012-06-07 09:00:57.433,7284.0000,103716,0,0.0000,22.0000,11,11,多换,B,7282.0000,0.0000,0.0000,0.0000,0.0000,7284.0000,0.0000,0.0000,0.0000,0.0000,8,0,0,0,0,7,0,0,0,0
zc,TA301,2012-06-07 09:00:57.933,7282.0000,103716,0,0.0000,18.0000,9,9,空换,S,7280.0000,0.0000,0.0000,0.0000,0.0000,7282.0000,0.0000,0.0000,0.0000,0.0000,44,0,0,0,0,22,0,0,0,0
zc,TA301,2012-06-07 09:00:58.963,7282.0000,103716,0,0.0000,2.0000,1,1,空换,S,7280.0000,0.0000,0.0000,0.0000,0.0000,7282.0000,0.0000,0.0000,0.0000,0.0000,44,0,0,0,0,43,0,0,0,0
zc,TA301,2012-06-07 09:00:59.447,7282.0000,103716,0,0.0000,2.0000,1,1,空换,S,7280.0000,0.0000,0.0000,0.0000,0.0000,7282.0000,0.0000,0.0000,0.0000,0.0000,44,0,0,0,0,62,0,0,0,0
zc,TA301,2012-06-07 09:00:59.900,7282.0000,103716,0,0.0000,4.0000,2,2,空换,S,7280.0000,0.0000,0.0000,0.0000,0.0000,7282.0000,0.0000,0.0000,0.0000,0.0000,44,0,0,0,0,60,0,0,0,0
zc,TA301,2012-06-07 09:01:01.400,7280.0000,103710,-6,0.0000,8.0000,1,7,多平,S,7280.0000,0.0000,0.0000,0.0000,0.0000,7282.0000,0.0000,0.0000,0.0000,0.0000,43,0,0,0,0,57,0,0,0,0
zc,TA301,2012-06-07 09:01:01.887,7282.0000,103710,0,0.0000,2.0000,1,1,多换,B,7280.0000,0.0000,0.0000,0.0000,0.0000,7282.0000,0.0000,0.0000,0.0000,0.0000,44,0,0,0,0,56,0,0,0,0
zc,TA301,2012-06-07 09:01:02.637,7280.0000,103728,18,0.0000,28.0000,23,5,空开,S,7280.0000,0.0000,0.0000,0.0000,0.0000,7282.0000,0.0000,0.0000,0.0000,0.0000,31,0,0,0,0,55,0,0,0,0
zc,TA301,2012-06-07 09:01:03.137,7280.0000,103728,0,0.0000,6.0000,3,3,空换,S,7280.0000,0.0000,0.0000,0.0000,0.0000,7282.0000,0.0000,0.0000,0.0000,0.0000,50,0,0,0,0,60,0,0,0,0
zc,TA301,2012-06-07 09:01:03.917,7282.0000,103728,0,0.0000,2.0000,1,1,多换,B,7280.0000,0.0000,0.0000,0.0000,0.0000,7282.0000,0.0000,0.0000,0.0000,0.0000,50,0,0,0,0,56,0,0,0,0
zc,TA301,2012-06-07 09:01:04.417,7282.0000,103728,0,0.0000,28.0000,14,14,多换,B,7280.0000,0.0000,0.0000,0.0000,0.0000,7282.0000,0.0000,0.0000,0.0000,0.0000,66,0,0,0,0,46,0,0,0,0
zc,TA301,2012-06-07 09:01:05.120,7282.0000,103728,0,0.0000,2.0000,1,1,多换,B,7280.0000,0.0000,0.0000,0.0000,0.0000,7282.0000,0.0000,0.0000,0.0000,0.0000,65,0,0,0,0,49,0,0,0,0
zc,TA301,2012-06-07 09:01:05.650,7280.0000,103730,2,0.0000,102.0000,52,50,空开,S,7280.0000,0.0000,0.0000,0.0000,0.0000,7282.0000,0.0000,0.0000,0.0000,0.0000,15,0,0,0,0,49,0,0,0,0
zc,TA301,2012-06-07 09:01:06.400,7282.0000,103730,0,0.0000,4.0000,2,2,多换,B,7280.0000,0.0000,0.0000,0.0000,0.0000,7282.0000,0.0000,0.0000,0.0000,0.0000,16,0,0,0,0,47,0,0,0,0
zc,TA301,2012-06-07 09:01:06.933,7280.0000,103732,2,0.0000,6.0000,4,2,空开,S,7280.0000,0.0000,0.0000,0.0000,0.0000,7282.0000,0.0000,0.0000,0.0000,0.0000,23,0,0,0,0,47,0,0,0,0
zc,TA301,2012-06-07 09:01:07.620,7280.0000,103734,2,0.0000,8.0000,5,3,空开,S,7280.0000,0.0000,0.0000,0.0000,0.0000,7282.0000,0.0000,0.0000,0.0000,0.0000,20,0,0,0,0,46,0,0,0,0
zc,TA301,2012-06-07 09:01:08.137,7280.0000,103736,2,0.0000,2.0000,2,0,双开,S,7280.0000,0.0000,0.0000,0.0000,0.0000,7282.0000,0.0000,0.0000,0.0000,0.0000,20,0,0,0,0,46,0,0,0,0
zc,TA301,2012-06-07 09:01:08.900,7280.0000,103736,0,0.0000,4.0000,2,2,空换,S,7280.0000,0.0000,0.0000,0.0000,0.0000,7282.0000,0.0000,0.0000,0.0000,0.0000,32,0,0,0,0,46,0,0,0,0
zc,TA301,2012-06-07 09:01:09.667,7280.0000,103716,-20,0.0000,36.0000,8,28,多平,S,7280.0000,0.0000,0.0000,0.0000,0.0000,7282.0000,0.0000,0.0000,0.0000,0.0000,22,0,0,0,0,31,0,0,0,0
zc,TA301,2012-06-07 09:01:10.167,7280.0000,103730,14,0.0000,78.0000,46,32,空开,S,7280.0000,0.0000,0.0000,0.0000,0.0000,7282.0000,0.0000,0.0000,0.0000,0.0000,19,0,0,0,0,7,0,0,0,0
zc,TA301,2012-06-07 09:01:10.900,7282.0000,103770,40,0.0000,58.0000,49,9,多开,B,7282.0000,0.0000,0.0000,0.0000,0.0000,7284.0000,0.0000,0.0000,0.0000,0.0000,6,0,0,0,0,25,0,0,0,0
zc,TA301,2012-06-07 09:01:12.183,7282.0000,103768,-2,0.0000,10.0000,4,6,空平,B,7282.0000,0.0000,0.0000,0.0000,0.0000,7284.0000,0.0000,0.0000,0.0000,0.0000,4,0,0,0,0,27,0,0,0,0
zc,TA301,2012-06-07 09:01:12.433,7284.0000,103768,0,0.0000,4.0000,2,2,多换,B,7282.0000,0.0000,0.0000,0.0000,0.0000,7284.0000,0.0000,0.0000,0.0000,0.0000,12,0,0,0,0,23,0,0,0,0
zc,TA301,2012-06-07 09:01:13.433,7284.0000,103768,0,0.0000,0.0000,0,0,多换,B,7282.0000,0.0000,0.0000,0.0000,0.0000,7284.0000,0.0000,0.0000,0.0000,0.0000,22,0,0,0,0,13,0,0,0,0
zc,TA301,2012-06-07 09:01:13.697,7282.0000,103772,4,0.0000,6.0000,5,1,空开,S,7282.0000,0.0000,0.0000,0.0000,0.0000,7284.0000,0.0000,0.0000,0.0000,0.0000,12,0,0,0,0,13,0,0,0,0
zc,TA301,2012-06-07 09:01:14.667,7284.0000,103772,0,0.0000,20.0000,10,10,多换,B,7282.0000,0.0000,0.0000,0.0000,0.0000,7284.0000,0.0000,0.0000,0.0000,0.0000,26,0,0,0,0,3,0,0,0,0
zc,TA301,2012-06-07 09:01:15.150,7284.0000,103772,0,0.0000,8.0000,4,4,多换,B,7284.0000,0.0000,0.0000,0.0000,0.0000,7286.0000,0.0000,0.0000,0.0000,0.0000,7,0,0,0,0,22,0,0,0,0
zc,TA301,2012-06-07 09:01:15.933,7284.0000,103774,2,0.0000,2.0000,2,0,双开,B,7284.0000,0.0000,0.0000,0.0000,0.0000,7286.0000,0.0000,0.0000,0.0000,0.0000,10,0,0,0,0,25,0,0,0,0
zc,TA301,2012-06-07 09:01:17.247,7286.0000,103794,20,0.0000,40.0000,30,10,多开,B,7282.0000,0.0000,0.0000,0.0000,0.0000,7286.0000,0.0000,0.0000,0.0000,0.0000,19,0,0,0,0,13,0,0,0,0
zc,TA301,2012-06-07 09:01:17.697,7284.0000,103794,0,0.0000,4.0000,2,2,空换,S,7284.0000,0.0000,0.0000,0.0000,0.0000,7286.0000,0.0000,0.0000,0.0000,0.0000,1,0,0,0,0,15,0,0,0,0
zc,TA301,2012-06-07 09:01:18.417,7284.0000,103796,2,0.0000,6.0000,4,2,空开,S,7282.0000,0.0000,0.0000,0.0000,0.0000,7286.0000,0.0000,0.0000,0.0000,0.0000,18,0,0,0,0,13,0,0,0,0
zc,TA301,2012-06-07 09:01:18.963,7284.0000,103796,0,0.0000,0.0000,0,0,空换,S,7282.0000,0.0000,0.0000,0.0000,0.0000,7284.0000,0.0000,0.0000,0.0000,0.0000,19,0,0,0,0,10,0,0,0,0
zc,TA301,2012-06-07 09:01:19.650,7284.0000,103810,14,0.0000,14.0000,14,0,双开,S,7282.0000,0.0000,0.0000,0.0000,0.0000,7284.0000,0.0000,0.0000,0.0000,0.0000,14,0,0,0,0,11,0,0,0,0
zc,TA301,2012-06-07 09:01:20.417,7282.0000,103810,0,0.0000,2.0000,1,1,空换,S,7282.0000,0.0000,0.0000,0.0000,0.0000,7284.0000,0.0000,0.0000,0.0000,0.0000,16,0,0,0,0,8,0,0,0,0
zc,TA301,2012-06-07 09:01:21.150,7282.0000,103804,-6,0.0000,10.0000,2,8,多平,S,7282.0000,0.0000,0.0000,0.0000,0.0000,7284.0000,0.0000,0.0000,0.0000,0.0000,15,0,0,0,0,6,0,0,0,0
zc,TA301,2012-06-07 09:01:21.917,7284.0000,103800,-4,0.0000,10.0000,3,7,空平,B,7282.0000,0.0000,0.0000,0.0000,0.0000,7284.0000,0.0000,0.0000,0.0000,0.0000,22,0,0,0,0,2,0,0,0,0
zc,TA301,2012-06-07 09:01:22.683,7284.0000,103796,-4,0.0000,4.0000,0,4,双平,B,7282.0000,0.0000,0.0000,0.0000,0.0000,7286.0000,0.0000,0.0000,0.0000,0.0000,23,0,0,0,0,11,0,0,0,0
zc,TA301,2012-06-07 09:01:22.933,7286.0000,103796,0,0.0000,2.0000,1,1,多换,B,7284.0000,0.0000,0.0000,0.0000,0.0000,7286.0000,0.0000,0.0000,0.0000,0.0000,2,0,0,0,0,11,0,0,0,0
zc,TA301,2012-06-07 09:01:23.947,7284.0000,103802,6,0.0000,16.0000,11,5,空开,S,7284.0000,0.0000,0.0000,0.0000,0.0000,7286.0000,0.0000,0.0000,0.0000,0.0000,4,0,0,0,0,10,0,0,0,0
zc,TA301,2012-06-07 09:01:24.137,7284.0000,103802,0,0.0000,2.0000,1,1,空换,S,7284.0000,0.0000,0.0000,0.0000,0.0000,7286.0000,0.0000,0.0000,0.0000,0.0000,19,0,0,0,0,10,0,0,0,0
zc,TA301,2012-06-07 09:01:24.887,7286.0000,103796,-6,0.0000,20.0000,7,13,空平,B,7286.0000,0.0000,0.0000,0.0000,0.0000,7288.0000,0.0000,0.0000,0.0000,0.0000,44,0,0,0,0,24,0,0,0,0
zc,TA301,2012-06-07 09:01:25.400,7286.0000,103796,0,0.0000,2.0000,1,1,多换,B,7286.0000,0.0000,0.0000,0.0000,0.0000,7288.0000,0.0000,0.0000,0.0000,0.0000,44,0,0,0,0,24,0,0,0,0
zc,TA301,2012-06-07 09:01:26.463,7286.0000,103796,0,0.0000,6.0000,3,3,多换,B,7286.0000,0.0000,0.0000,0.0000,0.0000,7288.0000,0.0000,0.0000,0.0000,0.0000,53,0,0,0,0,18,0,0,0,0
zc,TA301,2012-06-07 09:01:26.650,7286.0000,103882,86,0.0000,102.0000,94,8,多开,B,7286.0000,0.0000,0.0000,0.0000,0.0000,7288.0000,0.0000,0.0000,0.0000,0.0000,2,0,0,0,0,18,0,0,0,0
zc,TA301,2012-06-07 09:01:27.417,7288.0000,103878,-4,0.0000,10.0000,3,7,空平,B,7286.0000,0.0000,0.0000,0.0000,0.0000,7288.0000,0.0000,0.0000,0.0000,0.0000,2,0,0,0,0,16,0,0,0,0
zc,TA301,2012-06-07 09:01:27.917,7286.0000,103874,-4,0.0000,6.0000,1,5,多平,S,7284.0000,0.0000,0.0000,0.0000,0.0000,7286.0000,0.0000,0.0000,0.0000,0.0000,42,0,0,0,0,12,0,0,0,0
zc,TA301,2012-06-07 09:01:28.650,7286.0000,103874,0,0.0000,2.0000,1,1,空换,S,7284.0000,0.0000,0.0000,0.0000,0.0000,7286.0000,0.0000,0.0000,0.0000,0.0000,42,0,0,0,0,11,0,0,0,0
zc,TA301,2012-06-07 09:01:29.900,7284.0000,103870,-4,0.0000,46.0000,21,25,多平,S,7284.0000,0.0000,0.0000,0.0000,0.0000,7288.0000,0.0000,0.0000,0.0000,0.0000,40,0,0,0,0,13,0,0,0,0
zc,TA301,2012-06-07 09:01:30.667,7288.0000,103870,0,0.0000,4.0000,2,2,多换,B,7286.0000,0.0000,0.0000,0.0000,0.0000,7288.0000,0.0000,0.0000,0.0000,0.0000,2,0,0,0,0,22,0,0,0,0
zc,TA301,2012-06-07 09:01:31.137,7288.0000,103870,0,0.0000,8.0000,4,4,多换,B,7286.0000,0.0000,0.0000,0.0000,0.0000,7288.0000,0.0000,0.0000,0.0000,0.0000,2,0,0,0,0,20,0,0,0,0
zc,TA301,2012-06-07 09:01:31.900,7288.0000,103870,0,0.0000,0.0000,0,0,多换,B,7286.0000,0.0000,0.0000,0.0000,0.0000,7288.0000,0.0000,0.0000,0.0000,0.0000,3,0,0,0,0,20,0,0,0,0
zc,TA301,2012-06-07 09:01:32.637,7286.0000,103870,0,0.0000,2.0000,1,1,空换,S,7286.0000,0.0000,0.0000,0.0000,0.0000,7288.0000,0.0000,0.0000,0.0000,0.0000,9,0,0,0,0,20,0,0,0,0
zc,TA301,2012-06-07 09:01:33.150,7288.0000,103870,0,0.0000,16.0000,8,8,多换,B,7286.0000,0.0000,0.0000,0.0000,0.0000,7288.0000,0.0000,0.0000,0.0000,0.0000,8,0,0,0,0,14,0,0,0,0
zc,TA301,2012-06-07 09:01:33.887,7288.0000,103870,0,0.0000,22.0000,11,11,多换,B,7286.0000,0.0000,0.0000,0.0000,0.0000,7288.0000,0.0000,0.0000,0.0000,0.0000,8,0,0,0,0,3,0,0,0,0
zc,TA301,2012-06-07 09:01:35.387,7288.0000,103870,0,0.0000,46.0000,23,23,多换,B,7288.0000,0.0000,0.0000,0.0000,0.0000,7290.0000,0.0000,0.0000,0.0000,0.0000,32,0,0,0,0,107,0,0,0,0
zc,TA301,2012-06-07 09:01:35.887,7288.0000,103888,18,0.0000,18.0000,18,0,双开,B,7288.0000,0.0000,0.0000,0.0000,0.0000,7290.0000,0.0000,0.0000,0.0000,0.0000,24,0,0,0,0,50,0,0,0,0
zc,TA301,2012-06-07 09:01:36.370,7288.0000,103888,0,0.0000,12.0000,6,6,多换,B,7288.0000,0.0000,0.0000,0.0000,0.0000,7290.0000,0.0000,0.0000,0.0000,0.0000,22,0,0,0,0,50,0,0,0,0
zc,TA301,2012-06-07 09:01:37.167,7288.0000,103928,40,0.0000,40.0000,40,0,双开,B,7288.0000,0.0000,0.0000,0.0000,0.0000,7290.0000,0.0000,0.0000,0.0000,0.0000,2,0,0,0,0,50,0,0,0,0
zc,TA301,2012-06-07 09:01:37.387,7288.0000,103932,4,0.0000,8.0000,6,2,多开,B,7286.0000,0.0000,0.0000,0.0000,0.0000,7290.0000,0.0000,0.0000,0.0000,0.0000,10,0,0,0,0,51,0,0,0,0
zc,TA301,2012-06-07 09:01:38.167,7288.0000,103944,12,0.0000,12.0000,12,0,双开,B,7286.0000,0.0000,0.0000,0.0000,0.0000,7290.0000,0.0000,0.0000,0.0000,0.0000,10,0,0,0,0,45,0,0,0,0
zc,TA301,2012-06-07 09:01:38.637,7290.0000,103944,0,0.0000,2.0000,1,1,多换,B,7286.0000,0.0000,0.0000,0.0000,0.0000,7290.0000,0.0000,0.0000,0.0000,0.0000,10,0,0,0,0,44,0,0,0,0
zc,TA301,2012-06-07 09:01:39.387,7290.0000,103944,0,0.0000,0.0000,0,0,多换,B,7286.0000,0.0000,0.0000,0.0000,0.0000,7288.0000,0.0000,0.0000,0.0000,0.0000,10,0,0,0,0,1,0,0,0,0
zc,TA301,2012-06-07 09:01:39.917,7290.0000,103954,10,0.0000,12.0000,11,1,多开,B,7286.0000,0.0000,0.0000,0.0000,0.0000,7290.0000,0.0000,0.0000,0.0000,0.0000,12,0,0,0,0,39,0,0,0,0
zc,TA301,2012-06-07 09:01:40.667,7290.0000,103954,0,0.0000,0.0000,0,0,多换,B,7288.0000,0.0000,0.0000,0.0000,0.0000,7290.0000,0.0000,0.0000,0.0000,0.0000,2,0,0,0,0,39,0,0,0,0
zc,TA301,2012-06-07 09:01:41.183,7288.0000,103952,-2,0.0000,8.0000,3,5,多平,S,7286.0000,0.0000,0.0000,0.0000,0.0000,7288.0000,0.0000,0.0000,0.0000,0.0000,11,0,0,0,0,7,0,0,0,0
zc,TA301,2012-06-07 09:01:41.917,7288.0000,103960,8,0.0000,10.0000,9,1,空开,S,7286.0000,0.0000,0.0000,0.0000,0.0000,7288.0000,0.0000,0.0000,0.0000,0.0000,11,0,0,0,0,4,0,0,0,0
zc,TA301,2012-06-07 09:01:42.387,7288.0000,103976,16,0.0000,16.0000,16,0,双开,S,7286.0000,0.0000,0.0000,0.0000,0.0000,7288.0000,0.0000,0.0000,0.0000,0.0000,11,0,0,0,0,30,0,0,0,0
zc,TA301,2012-06-07 09:01:43.103,7288.0000,103978,2,0.0000,2.0000,2,0,双开,S,7286.0000,0.0000,0.0000,0.0000,0.0000,7288.0000,0.0000,0.0000,0.0000,0.0000,14,0,0,0,0,29,0,0,0,0
zc,TA301,2012-06-07 09:01:43.837,7288.0000,104032,54,0.0000,58.0000,56,2,空开,S,7286.0000,0.0000,0.0000,0.0000,0.0000,7288.0000,0.0000,0.0000,0.0000,0.0000,13,0,0,0,0,1,0,0,0,0
zc,TA301,2012-06-07 09:01:44.387,7288.0000,104034,2,0.0000,2.0000,2,0,双开,S,7286.0000,0.0000,0.0000,0.0000,0.0000,7288.0000,0.0000,0.0000,0.0000,0.0000,13,0,0,0,0,4,0,0,0,0
zc,TA301,2012-06-07 09:01:45.103,7288.0000,104040,6,0.0000,6.0000,6,0,双开,S,7286.0000,0.0000,0.0000,0.0000,0.0000,7288.0000,0.0000,0.0000,0.0000,0.0000,13,0,0,0,0,4,0,0,0,0
zc,TA301,2012-06-07 09:01:45.637,7286.0000,104050,10,0.0000,12.0000,11,1,空开,S,7286.0000,0.0000,0.0000,0.0000,0.0000,7288.0000,0.0000,0.0000,0.0000,0.0000,7,0,0,0,0,4,0,0,0,0
zc,TA301,2012-06-07 09:01:46.417,7286.0000,104050,0,0.0000,0.0000,0,0,空换,S,7286.0000,0.0000,0.0000,0.0000,0.0000,7288.0000,0.0000,0.0000,0.0000,0.0000,7,0,0,0,0,6,0,0,0,0
zc,TA301,2012-06-07 09:01:46.870,7286.0000,104050,0,0.0000,4.0000,2,2,空换,S,7286.0000,0.0000,0.0000,0.0000,0.0000,7288.0000,0.0000,0.0000,0.0000,0.0000,5,0,0,0,0,6,0,0,0,0
zc,TA301,2012-06-07 09:01:47.637,7288.0000,104056,6,0.0000,8.0000,7,1,多开,B,7286.0000,0.0000,0.0000,0.0000,0.0000,7288.0000,0.0000,0.0000,0.0000,0.0000,10,0,0,0,0,6,0,0,0,0
zc,TA301,2012-06-07 09:01:48.120,7286.0000,104056,0,0.0000,20.0000,10,10,空换,S,7284.0000,0.0000,0.0000,0.0000,0.0000,7288.0000,0.0000,0.0000,0.0000,0.0000,68,0,0,0,0,6,0,0,0,0
zc,TA301,2012-06-07 09:01:48.917,7288.0000,104064,8,0.0000,22.0000,15,7,多开,B,7284.0000,0.0000,0.0000,0.0000,0.0000,7290.0000,0.0000,0.0000,0.0000,0.0000,68,0,0,0,0,32,0,0,0,0
zc,TA301,2012-06-07 09:01:49.353,7290.0000,104066,2,0.0000,2.0000,2,0,双开,B,7284.0000,0.0000,0.0000,0.0000,0.0000,7286.0000,0.0000,0.0000,0.0000,0.0000,68,0,0,0,0,1,0,0,0,0
zc,TA301,2012-06-07 09:01:49.887,7284.0000,104066,0,0.0000,8.0000,4,4,空换,S,7284.0000,0.0000,0.0000,0.0000,0.0000,7290.0000,0.0000,0.0000,0.0000,0.0000,61,0,0,0,0,32,0,0,0,0
zc,TA301,2012-06-07 09:01:50.387,7284.0000,104066,0,0.0000,0.0000,0,0,空换,S,7284.0000,0.0000,0.0000,0.0000,0.0000,7288.0000,0.0000,0.0000,0.0000,0.0000,61,0,0,0,0,1,0,0,0,0
zc,TA301,2012-06-07 09:01:51.120,7284.0000,104066,0,0.0000,0.0000,0,0,空换,S,7286.0000,0.0000,0.0000,0.0000,0.0000,7288.0000,0.0000,0.0000,0.0000,0.0000,4,0,0,0,0,1,0,0,0,0
zc,TA301,2012-06-07 09:01:51.917,7290.0000,104082,16,0.0000,22.0000,19,3,多开,B,7286.0000,0.0000,0.0000,0.0000,0.0000,7290.0000,0.0000,0.0000,0.0000,0.0000,6,0,0,0,0,24,0,0,0,0
zc,TA301,2012-06-07 09:01:52.637,7290.0000,104082,0,0.0000,0.0000,0,0,多换,B,7286.0000,0.0000,0.0000,0.0000,0.0000,7288.0000,0.0000,0.0000,0.0000,0.0000,8,0,0,0,0,4,0,0,0,0
zc,TA301,2012-06-07 09:01:53.103,7288.0000,104082,0,0.0000,2.0000,1,1,空换,S,7286.0000,0.0000,0.0000,0.0000,0.0000,7288.0000,0.0000,0.0000,0.0000,0.0000,8,0,0,0,0,3,0,0,0,0
zc,TA301,2012-06-07 09:01:53.900,7290.0000,104086,4,0.0000,14.0000,9,5,多开,B,7288.0000,0.0000,0.0000,0.0000,0.0000,7290.0000,0.0000,0.0000,0.0000,0.0000,1,0,0,0,0,22,0,0,0,0
zc,TA301,2012-06-07 09:01:54.400,7288.0000,104084,-2,0.0000,2.0000,0,2,双平,S,7286.0000,0.0000,0.0000,0.0000,0.0000,7290.0000,0.0000,0.0000,0.0000,0.0000,7,0,0,0,0,22,0,0,0,0
zc,TA301,2012-06-07 09:01:55.167,7288.0000,104084,0,0.0000,0.0000,0,0,空换,S,7288.0000,0.0000,0.0000,0.0000,0.0000,7290.0000,0.0000,0.0000,0.0000,0.0000,1,0,0,0,0,22,0,0,0,0
zc,TA301,2012-06-07 09:01:55.620,7290.0000,104060,-24,0.0000,28.0000,2,26,空平,B,7288.0000,0.0000,0.0000,0.0000,0.0000,7290.0000,0.0000,0.0000,0.0000,0.0000,6,0,0,0,0,8,0,0,0,0
zc,TA301,2012-06-07 09:01:57.073,7288.0000,104060,0,0.0000,2.0000,1,1,空换,S,7288.0000,0.0000,0.0000,0.0000,0.0000,7290.0000,0.0000,0.0000,0.0000,0.0000,5,0,0,0,0,8,0,0,0,0
zc,TA301,2012-06-07 09:01:57.400,7290.0000,104060,0,0.0000,2.0000,1,1,多换,B,7288.0000,0.0000,0.0000,0.0000,0.0000,7290.0000,0.0000,0.0000,0.0000,0.0000,5,0,0,0,0,7,0,0,0,0
zc,TA301,2012-06-07 09:01:58.183,7288.0000,104060,0,0.0000,4.0000,2,2,空换,S,7288.0000,0.0000,0.0000,0.0000,0.0000,7290.0000,0.0000,0.0000,0.0000,0.0000,3,0,0,0,0,8,0,0,0,0
zc,TA301,2012-06-07 09:01:58.620,7290.0000,104064,4,0.0000,16.0000,10,6,多开,B,7290.0000,0.0000,0.0000,0.0000,0.0000,7292.0000,0.0000,0.0000,0.0000,0.0000,18,0,0,0,0,80,0,0,0,0
zc,TA301,2012-06-07 09:01:59.323,7290.0000,104064,0,0.0000,0.0000,0,0,多换,B,7290.0000,0.0000,0.0000,0.0000,0.0000,7292.0000,0.0000,0.0000,0.0000,0.0000,20,0,0,0,0,80,0,0,0,0
zc,TA301,2012-06-07 09:01:59.853,7290.0000,104064,0,0.0000,2.0000,1,1,多换,B,7290.0000,0.0000,0.0000,0.0000,0.0000,7292.0000,0.0000,0.0000,0.0000,0.0000,39,0,0,0,0,69,0,0,0,0
zc,TA301,2012-06-07 09:02:00.667,7290.0000,104074,10,0.0000,14.0000,12,2,多开,B,7290.0000,0.0000,0.0000,0.0000,0.0000,7292.0000,0.0000,0.0000,0.0000,0.0000,33,0,0,0,0,76,0,0,0,0
zc,TA301,2012-06-07 09:02:01.150,7290.0000,104078,4,0.0000,14.0000,9,5,多开,B,7290.0000,0.0000,0.0000,0.0000,0.0000,7292.0000,0.0000,0.0000,0.0000,0.0000,27,0,0,0,0,78,0,0,0,0
zc,TA301,2012-06-07 09:02:02.400,7290.0000,104090,12,0.0000,32.0000,22,10,多开,B,7290.0000,0.0000,0.0000,0.0000,0.0000,7292.0000,0.0000,0.0000,0.0000,0.0000,11,0,0,0,0,72,0,0,0,0
zc,TA301,2012-06-07 09:02:03.137,7290.0000,104120,30,0.0000,46.0000,38,8,多开,B,7290.0000,0.0000,0.0000,0.0000,0.0000,7292.0000,0.0000,0.0000,0.0000,0.0000,16,0,0,0,0,52,0,0,0,0
zc,TA301,2012-06-07 09:02:03.667,7292.0000,104120,0,0.0000,6.0000,3,3,多换,B,7290.0000,0.0000,0.0000,0.0000,0.0000,7292.0000,0.0000,0.0000,0.0000,0.0000,15,0,0,0,0,51,0,0,0,0
zc,TA301,2012-06-07 09:02:04.370,7292.0000,104114,-6,0.0000,6.0000,0,6,双平,B,7290.0000,0.0000,0.0000,0.0000,0.0000,7292.0000,0.0000,0.0000,0.0000,0.0000,15,0,0,0,0,48,0,0,0,0
zc,TA301,2012-06-07 09:02:05.667,7286.0000,104176,62,0.0000,102.0000,82,20,空开,S,7286.0000,0.0000,0.0000,0.0000,0.0000,7292.0000,0.0000,0.0000,0.0000,0.0000,211,0,0,0,0,49,0,0,0,0
zc,TA301,2012-06-07 09:02:06.120,7292.0000,104178,2,0.0000,8.0000,5,3,多开,B,7286.0000,0.0000,0.0000,0.0000,0.0000,7290.0000,0.0000,0.0000,0.0000,0.0000,211,0,0,0,0,1,0,0,0,0
zc,TA301,2012-06-07 09:02:07.167,7286.0000,104154,-24,0.0000,26.0000,1,25,多平,S,7286.0000,0.0000,0.0000,0.0000,0.0000,7290.0000,0.0000,0.0000,0.0000,0.0000,211,0,0,0,0,6,0,0,0,0
zc,TA301,2012-06-07 09:02:07.637,7286.0000,104148,-6,0.0000,22.0000,8,14,多平,S,7286.0000,0.0000,0.0000,0.0000,0.0000,7290.0000,0.0000,0.0000,0.0000,0.0000,203,0,0,0,0,5,0,0,0,0
zc,TA301,2012-06-07 09:02:08.400,7292.0000,104148,0,0.0000,14.0000,7,7,多换,B,7288.0000,0.0000,0.0000,0.0000,0.0000,7292.0000,0.0000,0.0000,0.0000,0.0000,4,0,0,0,0,47,0,0,0,0
zc,TA301,2012-06-07 09:02:08.887,7292.0000,104148,0,0.0000,4.0000,2,2,多换,B,7288.0000,0.0000,0.0000,0.0000,0.0000,7292.0000,0.0000,0.0000,0.0000,0.0000,4,0,0,0,0,47,0,0,0,0
zc,TA301,2012-06-07 09:02:09.637,7286.0000,104142,-6,0.0000,40.0000,17,23,多平,S,7290.0000,0.0000,0.0000,0.0000,0.0000,7292.0000,0.0000,0.0000,0.0000,0.0000,3,0,0,0,0,47,0,0,0,0
zc,TA301,2012-06-07 09:02:10.167,7290.0000,104148,6,0.0000,6.0000,6,0,双开,B,7290.0000,0.0000,0.0000,0.0000,0.0000,7292.0000,0.0000,0.0000,0.0000,0.0000,4,0,0,0,0,48,0,0,0,0
zc,TA301,2012-06-07 09:02:10.853,7290.0000,104148,0,0.0000,0.0000,0,0,多换,B,7290.0000,0.0000,0.0000,0.0000,0.0000,7292.0000,0.0000,0.0000,0.0000,0.0000,4,0,0,0,0,58,0,0,0,0
zc,TA301,2012-06-07 09:02:11.637,7290.0000,104152,4,0.0000,8.0000,6,2,多开,B,7288.0000,0.0000,0.0000,0.0000,0.0000,7292.0000,0.0000,0.0000,0.0000,0.0000,2,0,0,0,0,59,0,0,0,0
zc,TA301,2012-06-07 09:02:12.387,7290.0000,104152,0,0.0000,0.0000,0,0,多换,B,7288.0000,0.0000,0.0000,0.0000,0.0000,7290.0000,0.0000,0.0000,0.0000,0.0000,42,0,0,0,0,1,0,0,0,0
zc,TA301,2012-06-07 09:02:12.887,7288.0000,104152,0,0.0000,2.0000,1,1,空换,S,7288.0000,0.0000,0.0000,0.0000,0.0000,7290.0000,0.0000,0.0000,0.0000,0.0000,55,0,0,0,0,1,0,0,0,0
zc,TA301,2012-06-07 09:02:13.370,7290.0000,104154,2,0.0000,2.0000,2,0,双开,B,7288.0000,0.0000,0.0000,0.0000,0.0000,7292.0000,0.0000,0.0000,0.0000,0.0000,41,0,0,0,0,75,0,0,0,0
zc,TA301,2012-06-07 09:02:14.150,7288.0000,104152,-2,0.0000,2.0000,0,2,双平,S,7288.0000,0.0000,0.0000,0.0000,0.0000,7290.0000,0.0000,0.0000,0.0000,0.0000,42,0,0,0,0,2,0,0,0,0
zc,TA301,2012-06-07 09:02:14.947,7290.0000,104140,-12,0.0000,18.0000,3,15,空平,B,7290.0000,0.0000,0.0000,0.0000,0.0000,7292.0000,0.0000,0.0000,0.0000,0.0000,15,0,0,0,0,75,0,0,0,0
zc,TA301,2012-06-07 09:02:15.417,7290.0000,104140,0,0.0000,0.0000,0,0,多换,B,7290.0000,0.0000,0.0000,0.0000,0.0000,7292.0000,0.0000,0.0000,0.0000,0.0000,17,0,0,0,0,77,0,0,0,0
zc,TA301,2012-06-07 09:02:16.150,7290.0000,104140,0,0.0000,0.0000,0,0,多换,B,7290.0000,0.0000,0.0000,0.0000,0.0000,7292.0000,0.0000,0.0000,0.0000,0.0000,17,0,0,0,0,76,0,0,0,0
zc,TA301,2012-06-07 09:02:16.730,7290.0000,104140,0,0.0000,0.0000,0,0,多换,B,7290.0000,0.0000,0.0000,0.0000,0.0000,7292.0000,0.0000,0.0000,0.0000,0.0000,32,0,0,0,0,76,0,0,0,0
zc,TA301,2012-06-07 09:02:17.137,7290.0000,104142,2,0.0000,2.0000,2,0,双开,B,7290.0000,0.0000,0.0000,0.0000,0.0000,7292.0000,0.0000,0.0000,0.0000,0.0000,31,0,0,0,0,76,0,0,0,0
zc,TA301,2012-06-07 09:02:17.887,7290.0000,104112,-30,0.0000,90.0000,30,60,空平,B,7290.0000,0.0000,0.0000,0.0000,0.0000,7292.0000,0.0000,0.0000,0.0000,0.0000,12,0,0,0,0,37,0,0,0,0
zc,TA301,2012-06-07 09:02:19.120,7290.0000,104112,0,0.0000,0.0000,0,0,多换,B,7290.0000,0.0000,0.0000,0.0000,0.0000,7292.0000,0.0000,0.0000,0.0000,0.0000,13,0,0,0,0,37,0,0,0,0
zc,TA301,2012-06-07 09:02:19.400,7292.0000,104040,-72,0.0000,74.0000,1,73,空平,B,7292.0000,0.0000,0.0000,0.0000,0.0000,7294.0000,0.0000,0.0000,0.0000,0.0000,1,0,0,0,0,4,0,0,0,0
zc,TA301,2012-06-07 09:02:20.620,7292.0000,104040,0,0.0000,12.0000,6,6,多换,B,7292.0000,0.0000,0.0000,0.0000,0.0000,7294.0000,0.0000,0.0000,0.0000,0.0000,14,0,0,0,0,4,0,0,0,0
zc,TA301,2012-06-07 09:02:21.337,7292.0000,104044,4,0.0000,6.0000,5,1,多开,B,7292.0000,0.0000,0.0000,0.0000,0.0000,7294.0000,0.0000,0.0000,0.0000,0.0000,11,0,0,0,0,4,0,0,0,0
zc,TA301,2012-06-07 09:02:21.933,7290.0000,104044,0,0.0000,24.0000,12,12,空换,S,7290.0000,0.0000,0.0000,0.0000,0.0000,7292.0000,0.0000,0.0000,0.0000,0.0000,34,0,0,0,0,29,0,0,0,0
zc,TA301,2012-06-07 09:02:22.620,7292.0000,104040,-4,0.0000,8.0000,2,6,空平,B,7290.0000,0.0000,0.0000,0.0000,0.0000,7292.0000,0.0000,0.0000,0.0000,0.0000,34,0,0,0,0,25,0,0,0,0
zc,TA301,2012-06-07 09:02:23.197,7292.0000,104040,0,0.0000,20.0000,10,10,多换,B,7290.0000,0.0000,0.0000,0.0000,0.0000,7292.0000,0.0000,0.0000,0.0000,0.0000,44,0,0,0,0,16,0,0,0,0
zc,TA301,2012-06-07 09:02:23.917,7292.0000,104010,-30,0.0000,32.0000,1,31,空平,B,7290.0000,0.0000,0.0000,0.0000,0.0000,7294.0000,0.0000,0.0000,0.0000,0.0000,40,0,0,0,0,4,0,0,0,0
zc,TA301,2012-06-07 09:02:24.417,7294.0000,104006,-4,0.0000,4.0000,0,4,双平,B,7292.0000,0.0000,0.0000,0.0000,0.0000,7294.0000,0.0000,0.0000,0.0000,0.0000,7,0,0,0,0,2,0,0,0,0
zc,TA301,2012-06-07 09:02:25.167,7296.0000,104004,-2,0.0000,6.0000,2,4,空平,B,7294.0000,0.0000,0.0000,0.0000,0.0000,7296.0000,0.0000,0.0000,0.0000,0.0000,8,0,0,0,0,19,0,0,0,0
zc,TA301,2012-06-07 09:02:25.637,7294.0000,104000,-4,0.0000,4.0000,0,4,双平,S,7294.0000,0.0000,0.0000,0.0000,0.0000,7296.0000,0.0000,0.0000,0.0000,0.0000,6,0,0,0,0,19,0,0,0,0
zc,TA301,2012-06-07 09:02:26.667,7296.0000,104000,0,0.0000,2.0000,1,1,多换,B,7294.0000,0.0000,0.0000,0.0000,0.0000,7296.0000,0.0000,0.0000,0.0000,0.0000,6,0,0,0,0,18,0,0,0,0
zc,TA301,2012-06-07 09:02:27.120,7296.0000,103998,-2,0.0000,2.0000,0,2,双平,B,7294.0000,0.0000,0.0000,0.0000,0.0000,7296.0000,0.0000,0.0000,0.0000,0.0000,6,0,0,0,0,17,0,0,0,0
zc,TA301,2012-06-07 09:02:27.947,7296.0000,103960,-38,0.0000,40.0000,1,39,空平,B,7296.0000,0.0000,0.0000,0.0000,0.0000,7298.0000,0.0000,0.0000,0.0000,0.0000,2,0,0,0,0,51,0,0,0,0
zc,TA301,2012-06-07 09:02:28.400,7296.0000,103960,0,0.0000,0.0000,0,0,多换,B,7296.0000,0.0000,0.0000,0.0000,0.0000,7298.0000,0.0000,0.0000,0.0000,0.0000,4,0,0,0,0,51,0,0,0,0
zc,TA301,2012-06-07 09:02:29.103,7296.0000,103964,4,0.0000,8.0000,6,2,多开,B,7296.0000,0.0000,0.0000,0.0000,0.0000,7298.0000,0.0000,0.0000,0.0000,0.0000,4,0,0,0,0,49,0,0,0,0
zc,TA301,2012-06-07 09:02:29.637,7296.0000,103964,0,0.0000,2.0000,1,1,多换,B,7296.0000,0.0000,0.0000,0.0000,0.0000,7298.0000,0.0000,0.0000,0.0000,0.0000,3,0,0,0,0,49,0,0,0,0
zc,TA301,2012-06-07 09:02:30.183,7296.0000,103964,0,0.0000,2.0000,1,1,多换,B,7296.0000,0.0000,0.0000,0.0000,0.0000,7298.0000,0.0000,0.0000,0.0000,0.0000,7,0,0,0,0,49,0,0,0,0
zc,TA301,2012-06-07 09:02:30.887,7298.0000,103922,-42,0.0000,76.0000,17,59,空平,B,7296.0000,0.0000,0.0000,0.0000,0.0000,7298.0000,0.0000,0.0000,0.0000,0.0000,6,0,0,0,0,11,0,0,0,0
zc,TA301,2012-06-07 09:02:31.370,7298.0000,103942,20,0.0000,22.0000,21,1,多开,B,7298.0000,0.0000,0.0000,0.0000,0.0000,7300.0000,0.0000,0.0000,0.0000,0.0000,33,0,0,0,0,68,0,0,0,0
zc,TA301,2012-06-07 09:02:32.120,7300.0000,103942,0,0.0000,4.0000,2,2,多换,B,7298.0000,0.0000,0.0000,0.0000,0.0000,7300.0000,0.0000,0.0000,0.0000,0.0000,37,0,0,0,0,66,0,0,0,0
zc,TA301,2012-06-07 09:02:33.387,7300.0000,103948,6,0.0000,16.0000,11,5,多开,B,7298.0000,0.0000,0.0000,0.0000,0.0000,7300.0000,0.0000,0.0000,0.0000,0.0000,59,0,0,0,0,58,0,0,0,0
zc,TA301,2012-06-07 09:02:33.917,7302.0000,104042,94,0.0000,116.0000,105,11,多开,B,7300.0000,0.0000,0.0000,0.0000,0.0000,7302.0000,0.0000,0.0000,0.0000,0.0000,24,0,0,0,0,24,0,0,0,0
zc,TA301,2012-06-07 09:02:34.650,7302.0000,104042,0,0.0000,0.0000,0,0,多换,B,7300.0000,0.0000,0.0000,0.0000,0.0000,7302.0000,0.0000,0.0000,0.0000,0.0000,32,0,0,0,0,25,0,0,0,0
zc,TA301,2012-06-07 09:02:34.887,7302.0000,104042,0,0.0000,2.0000,1,1,多换,B,7300.0000,0.0000,0.0000,0.0000,0.0000,7302.0000,0.0000,0.0000,0.0000,0.0000,32,0,0,0,0,11,0,0,0,0
zc,TA301,2012-06-07 09:02:35.947,7302.0000,104044,2,0.0000,34.0000,18,16,多开,B,7300.0000,0.0000,0.0000,0.0000,0.0000,7302.0000,0.0000,0.0000,0.0000,0.0000,33,0,0,0,0,5,0,0,0,0
zc,TA301,2012-06-07 09:02:36.167,7300.0000,104096,52,0.0000,54.0000,53,1,空开,S,7300.0000,0.0000,0.0000,0.0000,0.0000,7304.0000,0.0000,0.0000,0.0000,0.0000,49,0,0,0,0,8,0,0,0,0
zc,TA301,2012-06-07 09:02:36.900,7302.0000,104096,0,0.0000,4.0000,2,2,多换,B,7302.0000,0.0000,0.0000,0.0000,0.0000,7304.0000,0.0000,0.0000,0.0000,0.0000,7,0,0,0,0,16,0,0,0,0
zc,TA301,2012-06-07 09:02:37.683,7304.0000,104136,40,0.0000,48.0000,44,4,多开,B,7304.0000,0.0000,0.0000,0.0000,0.0000,7306.0000,0.0000,0.0000,0.0000,0.0000,14,0,0,0,0,40,0,0,0,0
zc,TA301,2012-06-07 09:02:38.103,7304.0000,104152,16,0.0000,16.0000,16,0,双开,B,7304.0000,0.0000,0.0000,0.0000,0.0000,7306.0000,0.0000,0.0000,0.0000,0.0000,6,0,0,0,0,53,0,0,0,0
zc,TA301,2012-06-07 09:02:38.650,7300.0000,104150,-2,0.0000,42.0000,20,22,多平,S,7304.0000,0.0000,0.0000,0.0000,0.0000,7306.0000,0.0000,0.0000,0.0000,0.0000,27,0,0,0,0,53,0,0,0,0
zc,TA301,2012-06-07 09:02:39.137,7306.0000,104168,18,0.0000,28.0000,23,5,多开,B,7304.0000,0.0000,0.0000,0.0000,0.0000,7306.0000,0.0000,0.0000,0.0000,0.0000,26,0,0,0,0,40,0,0,0,0
zc,TA301,2012-06-07 09:02:39.853,7306.0000,104186,18,0.0000,40.0000,29,11,多开,B,7304.0000,0.0000,0.0000,0.0000,0.0000,7306.0000,0.0000,0.0000,0.0000,0.0000,24,0,0,0,0,82,0,0,0,0
zc,TA301,2012-06-07 09:02:40.370,7304.0000,104184,-2,0.0000,36.0000,17,19,多平,S,7304.0000,0.0000,0.0000,0.0000,0.0000,7306.0000,0.0000,0.0000,0.0000,0.0000,6,0,0,0,0,77,0,0,0,0
zc,TA301,2012-06-07 09:02:41.150,7306.0000,104206,22,0.0000,36.0000,29,7,多开,B,7302.0000,0.0000,0.0000,0.0000,0.0000,7306.0000,0.0000,0.0000,0.0000,0.0000,114,0,0,0,0,61,0,0,0,0
zc,TA301,2012-06-07 09:02:41.683,7306.0000,104208,2,0.0000,4.0000,3,1,多开,B,7304.0000,0.0000,0.0000,0.0000,0.0000,7306.0000,0.0000,0.0000,0.0000,0.0000,1,0,0,0,0,59,0,0,0,0
zc,TA301,2012-06-07 09:02:42.400,7306.0000,104208,0,0.0000,6.0000,3,3,多换,B,7304.0000,0.0000,0.0000,0.0000,0.0000,7306.0000,0.0000,0.0000,0.0000,0.0000,2,0,0,0,0,56,0,0,0,0
zc,TA301,2012-06-07 09:02:42.887,7304.0000,104208,0,0.0000,10.0000,5,5,空换,S,7302.0000,0.0000,0.0000,0.0000,0.0000,7304.0000,0.0000,0.0000,0.0000,0.0000,84,0,0,0,0,11,0,0,0,0
zc,TA301,2012-06-07 09:02:43.650,7302.0000,104144,-64,0.0000,126.0000,31,95,多平,S,7302.0000,0.0000,0.0000,0.0000,0.0000,7306.0000,0.0000,0.0000,0.0000,0.0000,84,0,0,0,0,4,0,0,0,0
zc,TA301,2012-06-07 09:02:44.120,7306.0000,104146,2,0.0000,12.0000,7,5,多开,B,7302.0000,0.0000,0.0000,0.0000,0.0000,7304.0000,0.0000,0.0000,0.0000,0.0000,81,0,0,0,0,1,0,0,0,0
zc,TA301,2012-06-07 09:02:44.887,7306.0000,104168,22,0.0000,40.0000,31,9,多开,B,7306.0000,0.0000,0.0000,0.0000,0.0000,7308.0000,0.0000,0.0000,0.0000,0.0000,12,0,0,0,0,23,0,0,0,0
zc,TA301,2012-06-07 09:02:45.370,7306.0000,104168,0,0.0000,10.0000,5,5,多换,B,7306.0000,0.0000,0.0000,0.0000,0.0000,7308.0000,0.0000,0.0000,0.0000,0.0000,11,0,0,0,0,19,0,0,0,0
zc,TA301,2012-06-07 09:02:46.120,7308.0000,104184,16,0.0000,24.0000,20,4,多开,B,7306.0000,0.0000,0.0000,0.0000,0.0000,7308.0000,0.0000,0.0000,0.0000,0.0000,1,0,0,0,0,10,0,0,0,0
zc,TA301,2012-06-07 09:02:46.620,7306.0000,104190,6,0.0000,22.0000,14,8,空开,S,7304.0000,0.0000,0.0000,0.0000,0.0000,7308.0000,0.0000,0.0000,0.0000,0.0000,5,0,0,0,0,13,0,0,0,0
zc,TA301,2012-06-07 09:02:47.167,7304.0000,104202,12,0.0000,16.0000,14,2,空开,S,7304.0000,0.0000,0.0000,0.0000,0.0000,7306.0000,0.0000,0.0000,0.0000,0.0000,4,0,0,0,0,7,0,0,0,0
zc,TA301,2012-06-07 09:02:47.933,7306.0000,104198,-4,0.0000,14.0000,5,9,空平,B,7306.0000,0.0000,0.0000,0.0000,0.0000,7308.0000,0.0000,0.0000,0.0000,0.0000,47,0,0,0,0,7,0,0,0,0
zc,TA301,2012-06-07 09:02:48.400,7308.0000,104198,0,0.0000,6.0000,3,3,多换,B,7306.0000,0.0000,0.0000,0.0000,0.0000,7308.0000,0.0000,0.0000,0.0000,0.0000,51,0,0,0,0,9,0,0,0,0
zc,TA301,2012-06-07 09:02:49.167,7308.0000,104210,12,0.0000,38.0000,25,13,多开,B,7306.0000,0.0000,0.0000,0.0000,0.0000,7310.0000,0.0000,0.0000,0.0000,0.0000,50,0,0,0,0,30,0,0,0,0
zc,TA301,2012-06-07 09:02:49.650,7306.0000,104210,0,0.0000,24.0000,12,12,空换,S,7306.0000,0.0000,0.0000,0.0000,0.0000,7310.0000,0.0000,0.0000,0.0000,0.0000,48,0,0,0,0,21,0,0,0,0
zc,TA301,2012-06-07 09:02:50.400,7308.0000,104292,82,0.0000,116.0000,99,17,多开,B,7308.0000,0.0000,0.0000,0.0000,0.0000,7310.0000,0.0000,0.0000,0.0000,0.0000,11,0,0,0,0,15,0,0,0,0
zc,TA301,2012-06-07 09:02:50.917,7308.0000,104320,28,0.0000,34.0000,31,3,多开,B,7304.0000,0.0000,0.0000,0.0000,0.0000,7308.0000,0.0000,0.0000,0.0000,0.0000,6,0,0,0,0,15,0,0,0,0
zc,TA301,2012-06-07 09:02:51.887,7308.0000,104328,8,0.0000,8.0000,8,0,双开,B,7306.0000,0.0000,0.0000,0.0000,0.0000,7308.0000,0.0000,0.0000,0.0000,0.0000,1,0,0,0,0,14,0,0,0,0
zc,TA301,2012-06-07 09:02:52.417,7306.0000,104344,16,0.0000,16.0000,16,0,双开,S,7306.0000,0.0000,0.0000,0.0000,0.0000,7308.0000,0.0000,0.0000,0.0000,0.0000,2,0,0,0,0,1,0,0,0,0
zc,TA301,2012-06-07 09:02:53.137,7308.0000,104344,0,0.0000,6.0000,3,3,多换,B,7308.0000,0.0000,0.0000,0.0000,0.0000,7310.0000,0.0000,0.0000,0.0000,0.0000,3,0,0,0,0,13,0,0,0,0
zc,TA301,2012-06-07 09:02:53.637,7308.0000,104344,0,0.0000,0.0000,0,0,多换,B,7308.0000,0.0000,0.0000,0.0000,0.0000,7310.0000,0.0000,0.0000,0.0000,0.0000,5,0,0,0,0,12,0,0,0,0
zc,TA301,2012-06-07 09:02:54.417,7308.0000,104344,0,0.0000,46.0000,23,23,多换,B,7304.0000,0.0000,0.0000,0.0000,0.0000,7310.0000,0.0000,0.0000,0.0000,0.0000,71,0,0,0,0,13,0,0,0,0
zc,TA301,2012-06-07 09:02:54.887,7308.0000,104348,4,0.0000,6.0000,5,1,多开,B,7304.0000,0.0000,0.0000,0.0000,0.0000,7310.0000,0.0000,0.0000,0.0000,0.0000,71,0,0,0,0,11,0,0,0,0
zc,TA301,2012-06-07 09:02:55.650,7308.0000,104340,-8,0.0000,16.0000,4,12,空平,B,7306.0000,0.0000,0.0000,0.0000,0.0000,7308.0000,0.0000,0.0000,0.0000,0.0000,1,0,0,0,0,14,0,0,0,0
zc,TA301,2012-06-07 09:02:56.137,7308.0000,104340,0,0.0000,0.0000,0,0,多换,B,7306.0000,0.0000,0.0000,0.0000,0.0000,7308.0000,0.0000,0.0000,0.0000,0.0000,1,0,0,0,0,12,0,0,0,0
zc,TA301,2012-06-07 09:02:56.620,7308.0000,104402,62,0.0000,126.0000,94,32,多开,B,7304.0000,0.0000,0.0000,0.0000,0.0000,7312.0000,0.0000,0.0000,0.0000,0.0000,71,0,0,0,0,20,0,0,0,0
zc,TA301,2012-06-07 09:02:57.213,7308.0000,104402,0,0.0000,0.0000,0,0,多换,B,7304.0000,0.0000,0.0000,0.0000,0.0000,7308.0000,0.0000,0.0000,0.0000,0.0000,71,0,0,0,0,1,0,0,0,0
zc,TA301,2012-06-07 09:02:57.887,7308.0000,104402,0,0.0000,8.0000,4,4,多换,B,7304.0000,0.0000,0.0000,0.0000,0.0000,7308.0000,0.0000,0.0000,0.0000,0.0000,71,0,0,0,0,2,0,0,0,0
zc,TA301,2012-06-07 09:02:58.637,7308.0000,104402,0,0.0000,6.0000,3,3,多换,B,7308.0000,0.0000,0.0000,0.0000,0.0000,7312.0000,0.0000,0.0000,0.0000,0.0000,3,0,0,0,0,21,0,0,0,0
zc,TA301,2012-06-07 09:02:59.150,7308.0000,104402,0,0.0000,8.0000,4,4,多换,B,7304.0000,0.0000,0.0000,0.0000,0.0000,7308.0000,0.0000,0.0000,0.0000,0.0000,77,0,0,0,0,1,0,0,0,0
zc,TA301,2012-06-07 09:02:59.900,7308.0000,104402,0,0.0000,2.0000,1,1,多换,B,7306.0000,0.0000,0.0000,0.0000,0.0000,7308.0000,0.0000,0.0000,0.0000,0.0000,6,0,0,0,0,4,0,0,0,0
zc,TA301,2012-06-07 09:03:00.387,7308.0000,104400,-2,0.0000,44.0000,21,23,空平,B,7306.0000,0.0000,0.0000,0.0000,0.0000,7308.0000,0.0000,0.0000,0.0000,0.0000,6,0,0,0,0,5,0,0,0,0
zc,TA301,2012-06-07 09:03:01.137,7310.0000,104402,2,0.0000,50.0000,26,24,多开,B,7310.0000,0.0000,0.0000,0.0000,0.0000,7312.0000,0.0000,0.0000,0.0000,0.0000,9,0,0,0,0,23,0,0,0,0
zc,TA301,2012-06-07 09:03:01.620,7310.0000,104402,0,0.0000,6.0000,3,3,多换,B,7310.0000,0.0000,0.0000,0.0000,0.0000,7312.0000,0.0000,0.0000,0.0000,0.0000,6,0,0,0,0,23,0,0,0,0
zc,TA301,2012-06-07 09:03:02.433,7310.0000,104414,12,0.0000,12.0000,12,0,双开,B,7308.0000,0.0000,0.0000,0.0000,0.0000,7310.0000,0.0000,0.0000,0.0000,0.0000,1,0,0,0,0,2,0,0,0,0
zc,TA301,2012-06-07 09:03:03.120,7306.0000,104416,2,0.0000,12.0000,7,5,空开,S,7306.0000,0.0000,0.0000,0.0000,0.0000,7310.0000,0.0000,0.0000,0.0000,0.0000,9,0,0,0,0,2,0,0,0,0
zc,TA301,2012-06-07 09:03:03.637,7312.0000,104448,32,0.0000,82.0000,57,25,多开,B,7312.0000,0.0000,0.0000,0.0000,0.0000,7314.0000,0.0000,0.0000,0.0000,0.0000,30,0,0,0,0,53,0,0,0,0
zc,TA301,2012-06-07 09:03:04.137,7312.0000,104448,0,0.0000,8.0000,4,4,多换,B,7312.0000,0.0000,0.0000,0.0000,0.0000,7314.0000,0.0000,0.0000,0.0000,0.0000,36,0,0,0,0,52,0,0,0,0
zc,TA301,2012-06-07 09:03:04.870,7312.0000,104448,0,0.0000,2.0000,1,1,多换,B,7312.0000,0.0000,0.0000,0.0000,0.0000,7314.0000,0.0000,0.0000,0.0000,0.0000,36,0,0,0,0,52,0,0,0,0
zc,TA301,2012-06-07 09:03:05.370,7312.0000,104468,20,0.0000,24.0000,22,2,多开,B,7312.0000,0.0000,0.0000,0.0000,0.0000,7314.0000,0.0000,0.0000,0.0000,0.0000,24,0,0,0,0,53,0,0,0,0
zc,TA301,2012-06-07 09:03:06.150,7310.0000,104526,58,0.0000,112.0000,85,27,空开,S,7310.0000,0.0000,0.0000,0.0000,0.0000,7312.0000,0.0000,0.0000,0.0000,0.0000,13,0,0,0,0,25,0,0,0,0
zc,TA301,2012-06-07 09:03:06.667,7310.0000,104532,6,0.0000,12.0000,9,3,空开,S,7310.0000,0.0000,0.0000,0.0000,0.0000,7312.0000,0.0000,0.0000,0.0000,0.0000,8,0,0,0,0,62,0,0,0,0
zc,TA301,2012-06-07 09:03:07.400,7312.0000,104540,8,0.0000,14.0000,11,3,多开,B,7310.0000,0.0000,0.0000,0.0000,0.0000,7312.0000,0.0000,0.0000,0.0000,0.0000,9,0,0,0,0,62,0,0,0,0
zc,TA301,2012-06-07 09:03:07.900,7312.0000,104544,4,0.0000,6.0000,5,1,多开,B,7310.0000,0.0000,0.0000,0.0000,0.0000,7312.0000,0.0000,0.0000,0.0000,0.0000,3,0,0,0,0,60,0,0,0,0
zc,TA301,2012-06-07 09:03:08.637,7310.0000,104578,34,0.0000,104.0000,69,35,空开,S,7310.0000,0.0000,0.0000,0.0000,0.0000,7312.0000,0.0000,0.0000,0.0000,0.0000,1,0,0,0,0,20,0,0,0,0
zc,TA301,2012-06-07 09:03:09.167,7312.0000,104584,6,0.0000,32.0000,19,13,多开,B,7308.0000,0.0000,0.0000,0.0000,0.0000,7312.0000,0.0000,0.0000,0.0000,0.0000,13,0,0,0,0,8,0,0,0,0
zc,TA301,2012-06-07 09:03:09.870,7310.0000,104574,-10,0.0000,10.0000,0,10,双平,S,7308.0000,0.0000,0.0000,0.0000,0.0000,7310.0000,0.0000,0.0000,0.0000,0.0000,8,0,0,0,0,11,0,0,0,0
zc,TA301,2012-06-07 09:03:10.433,7310.0000,104568,-6,0.0000,10.0000,2,8,多平,S,7308.0000,0.0000,0.0000,0.0000,0.0000,7310.0000,0.0000,0.0000,0.0000,0.0000,7,0,0,0,0,7,0,0,0,0
zc,TA301,2012-06-07 09:03:11.150,7310.0000,104568,0,0.0000,0.0000,0,0,空换,S,7308.0000,0.0000,0.0000,0.0000,0.0000,7310.0000,0.0000,0.0000,0.0000,0.0000,7,0,0,0,0,8,0,0,0,0
zc,TA301,2012-06-07 09:03:11.650,7310.0000,104566,-2,0.0000,6.0000,2,4,多平,S,7308.0000,0.0000,0.0000,0.0000,0.0000,7310.0000,0.0000,0.0000,0.0000,0.0000,5,0,0,0,0,8,0,0,0,0
zc,TA301,2012-06-07 09:03:12.387,7310.0000,104564,-2,0.0000,8.0000,3,5,多平,S,7308.0000,0.0000,0.0000,0.0000,0.0000,7310.0000,0.0000,0.0000,0.0000,0.0000,5,0,0,0,0,7,0,0,0,0
zc,TA301,2012-06-07 09:03:12.823,7310.0000,104564,0,0.0000,4.0000,2,2,空换,S,7308.0000,0.0000,0.0000,0.0000,0.0000,7310.0000,0.0000,0.0000,0.0000,0.0000,5,0,0,0,0,6,0,0,0,0
zc,TA301,2012-06-07 09:03:13.370,7310.0000,104570,6,0.0000,20.0000,13,7,空开,S,7310.0000,0.0000,0.0000,0.0000,0.0000,7312.0000,0.0000,0.0000,0.0000,0.0000,2,0,0,0,0,18,0,0,0,0
zc,TA301,2012-06-07 09:03:14.120,7310.0000,104572,2,0.0000,8.0000,5,3,空开,S,7310.0000,0.0000,0.0000,0.0000,0.0000,7312.0000,0.0000,0.0000,0.0000,0.0000,1,0,0,0,0,18,0,0,0,0
zc,TA301,2012-06-07 09:03:14.667,7310.0000,104576,4,0.0000,6.0000,5,1,空开,S,7308.0000,0.0000,0.0000,0.0000,0.0000,7312.0000,0.0000,0.0000,0.0000,0.0000,5,0,0,0,0,21,0,0,0,0
zc,TA301,2012-06-07 09:03:15.353,7308.0000,104576,0,0.0000,8.0000,4,4,空换,S,7308.0000,0.0000,0.0000,0.0000,0.0000,7312.0000,0.0000,0.0000,0.0000,0.0000,1,0,0,0,0,21,0,0,0,0
zc,TA301,2012-06-07 09:03:15.887,7312.0000,104576,0,0.0000,4.0000,2,2,多换,B,7310.0000,0.0000,0.0000,0.0000,0.0000,7312.0000,0.0000,0.0000,0.0000,0.0000,1,0,0,0,0,19,0,0,0,0
zc,TA301,2012-06-07 09:03:16.637,7306.0000,104572,-4,0.0000,14.0000,5,9,多平,S,7308.0000,0.0000,0.0000,0.0000,0.0000,7310.0000,0.0000,0.0000,0.0000,0.0000,6,0,0,0,0,1,0,0,0,0
zc,TA301,2012-06-07 09:03:16.870,7310.0000,104570,-2,0.0000,2.0000,0,2,双平,B,7308.0000,0.0000,0.0000,0.0000,0.0000,7310.0000,0.0000,0.0000,0.0000,0.0000,6,0,0,0,0,17,0,0,0,0
zc,TA301,2012-06-07 09:03:17.683,7310.0000,104582,12,0.0000,48.0000,30,18,多开,B,7310.0000,0.0000,0.0000,0.0000,0.0000,7312.0000,0.0000,0.0000,0.0000,0.0000,2,0,0,0,0,17,0,0,0,0
zc,TA301,2012-06-07 09:03:18.417,7310.0000,104582,0,0.0000,4.0000,2,2,多换,B,7308.0000,0.0000,0.0000,0.0000,0.0000,7310.0000,0.0000,0.0000,0.0000,0.0000,1,0,0,0,0,2,0,0,0,0
zc,TA301,2012-06-07 09:03:18.900,7306.0000,104632,50,0.0000,72.0000,61,11,空开,S,7306.0000,0.0000,0.0000,0.0000,0.0000,7310.0000,0.0000,0.0000,0.0000,0.0000,98,0,0,0,0,14,0,0,0,0
zc,TA301,2012-06-07 09:03:19.603,7306.0000,104632,0,0.0000,22.0000,11,11,空换,S,7306.0000,0.0000,0.0000,0.0000,0.0000,7310.0000,0.0000,0.0000,0.0000,0.0000,105,0,0,0,0,24,0,0,0,0
zc,TA301,2012-06-07 09:03:20.120,7306.0000,104632,0,0.0000,0.0000,0,0,空换,S,7306.0000,0.0000,0.0000,0.0000,0.0000,7310.0000,0.0000,0.0000,0.0000,0.0000,105,0,0,0,0,26,0,0,0,0
zc,TA301,2012-06-07 09:03:20.887,7310.0000,104632,0,0.0000,6.0000,3,3,多换,B,7306.0000,0.0000,0.0000,0.0000,0.0000,7310.0000,0.0000,0.0000,0.0000,0.0000,105,0,0,0,0,102,0,0,0,0
zc,TA301,2012-06-07 09:03:21.900,7310.0000,104656,24,0.0000,24.0000,24,0,双开,B,7306.0000,0.0000,0.0000,0.0000,0.0000,7310.0000,0.0000,0.0000,0.0000,0.0000,105,0,0,0,0,104,0,0,0,0
zc,TA301,2012-06-07 09:03:22.103,7310.0000,104658,2,0.0000,4.0000,3,1,多开,B,7306.0000,0.0000,0.0000,0.0000,0.0000,7310.0000,0.0000,0.0000,0.0000,0.0000,104,0,0,0,0,104,0,0,0,0
zc,TA301,2012-06-07 09:03:23.120,7306.0000,104658,0,0.0000,20.0000,10,10,空换,S,7306.0000,0.0000,0.0000,0.0000,0.0000,7310.0000,0.0000,0.0000,0.0000,0.0000,94,0,0,0,0,107,0,0,0,0
zc,TA301,2012-06-07 09:03:23.620,7306.0000,104658,0,0.0000,2.0000,1,1,空换,S,7306.0000,0.0000,0.0000,0.0000,0.0000,7310.0000,0.0000,0.0000,0.0000,0.0000,93,0,0,0,0,107,0,0,0,0
zc,TA301,2012-06-07 09:03:24.853,7306.0000,104660,2,0.0000,4.0000,3,1,空开,S,7306.0000,0.0000,0.0000,0.0000,0.0000,7310.0000,0.0000,0.0000,0.0000,0.0000,91,0,0,0,0,107,0,0,0,0
zc,TA301,2012-06-07 09:03:25.683,7306.0000,104662,2,0.0000,2.0000,2,0,双开,S,7306.0000,0.0000,0.0000,0.0000,0.0000,7310.0000,0.0000,0.0000,0.0000,0.0000,90,0,0,0,0,109,0,0,0,0
zc,TA301,2012-06-07 09:03:26.150,7306.0000,104724,62,0.0000,62.0000,62,0,双开,S,7306.0000,0.0000,0.0000,0.0000,0.0000,7308.0000,0.0000,0.0000,0.0000,0.0000,59,0,0,0,0,4,0,0,0,0
zc,TA301,2012-06-07 09:03:26.870,7306.0000,104724,0,0.0000,4.0000,2,2,空换,S,7306.0000,0.0000,0.0000,0.0000,0.0000,7308.0000,0.0000,0.0000,0.0000,0.0000,57,0,0,0,0,18,0,0,0,0
zc,TA301,2012-06-07 09:03:27.353,7306.0000,104724,0,0.0000,0.0000,0,0,空换,S,7306.0000,0.0000,0.0000,0.0000,0.0000,7308.0000,0.0000,0.0000,0.0000,0.0000,57,0,0,0,0,35,0,0,0,0
zc,TA301,2012-06-07 09:03:27.900,7306.0000,104752,28,0.0000,30.0000,29,1,空开,S,7306.0000,0.0000,0.0000,0.0000,0.0000,7308.0000,0.0000,0.0000,0.0000,0.0000,42,0,0,0,0,32,0,0,0,0
zc,TA301,2012-06-07 09:03:28.637,7306.0000,104756,4,0.0000,28.0000,16,12,空开,S,7306.0000,0.0000,0.0000,0.0000,0.0000,7308.0000,0.0000,0.0000,0.0000,0.0000,28,0,0,0,0,35,0,0,0,0
zc,TA301,2012-06-07 09:03:29.183,7306.0000,104766,10,0.0000,10.0000,10,0,双开,S,7306.0000,0.0000,0.0000,0.0000,0.0000,7308.0000,0.0000,0.0000,0.0000,0.0000,27,0,0,0,0,32,0,0,0,0
zc,TA301,2012-06-07 09:03:29.917,7306.0000,104812,46,0.0000,54.0000,50,4,空开,S,7304.0000,0.0000,0.0000,0.0000,0.0000,7306.0000,0.0000,0.0000,0.0000,0.0000,20,0,0,0,0,15,0,0,0,0
zc,TA301,2012-06-07 09:03:30.167,7304.0000,104812,0,0.0000,2.0000,1,1,空换,S,7304.0000,0.0000,0.0000,0.0000,0.0000,7306.0000,0.0000,0.0000,0.0000,0.0000,19,0,0,0,0,14,0,0,0,0
zc,TA301,2012-06-07 09:03:31.167,7306.0000,104812,0,0.0000,6.0000,3,3,多换,B,7304.0000,0.0000,0.0000,0.0000,0.0000,7306.0000,0.0000,0.0000,0.0000,0.0000,17,0,0,0,0,17,0,0,0,0
zc,TA301,2012-06-07 09:03:31.417,7304.0000,104812,0,0.0000,2.0000,1,1,空换,S,7304.0000,0.0000,0.0000,0.0000,0.0000,7306.0000,0.0000,0.0000,0.0000,0.0000,16,0,0,0,0,15,0,0,0,0
zc,TA301,2012-06-07 09:03:32.137,7304.0000,104808,-4,0.0000,32.0000,14,18,多平,S,7302.0000,0.0000,0.0000,0.0000,0.0000,7304.0000,0.0000,0.0000,0.0000,0.0000,80,0,0,0,0,1,0,0,0,0
zc,TA301,2012-06-07 09:03:32.697,7306.0000,104810,2,0.0000,12.0000,7,5,多开,B,7302.0000,0.0000,0.0000,0.0000,0.0000,7304.0000,0.0000,0.0000,0.0000,0.0000,80,0,0,0,0,2,0,0,0,0
zc,TA301,2012-06-07 09:03:33.400,7302.0000,104808,-2,0.0000,2.0000,0,2,双平,S,7302.0000,0.0000,0.0000,0.0000,0.0000,7304.0000,0.0000,0.0000,0.0000,0.0000,79,0,0,0,0,4,0,0,0,0
zc,TA301,2012-06-07 09:03:34.137,7302.0000,104808,0,0.0000,6.0000,3,3,空换,S,7302.0000,0.0000,0.0000,0.0000,0.0000,7304.0000,0.0000,0.0000,0.0000,0.0000,76,0,0,0,0,2,0,0,0,0
zc,TA301,2012-06-07 09:03:34.637,7302.0000,104806,-2,0.0000,18.0000,8,10,多平,S,7302.0000,0.0000,0.0000,0.0000,0.0000,7304.0000,0.0000,0.0000,0.0000,0.0000,68,0,0,0,0,1,0,0,0,0
zc,TA301,2012-06-07 09:03:35.433,7304.0000,104808,2,0.0000,2.0000,2,0,双开,B,7302.0000,0.0000,0.0000,0.0000,0.0000,7304.0000,0.0000,0.0000,0.0000,0.0000,68,0,0,0,0,7,0,0,0,0
zc,TA301,2012-06-07 09:03:35.870,7302.0000,104788,-20,0.0000,20.0000,0,20,双平,S,7302.0000,0.0000,0.0000,0.0000,0.0000,7304.0000,0.0000,0.0000,0.0000,0.0000,58,0,0,0,0,18,0,0,0,0
zc,TA301,2012-06-07 09:03:37.120,7304.0000,104784,-4,0.0000,8.0000,2,6,空平,B,7302.0000,0.0000,0.0000,0.0000,0.0000,7304.0000,0.0000,0.0000,0.0000,0.0000,55,0,0,0,0,17,0,0,0,0
zc,TA301,2012-06-07 09:03:37.603,7302.0000,104788,4,0.0000,110.0000,57,53,空开,S,7302.0000,0.0000,0.0000,0.0000,0.0000,7304.0000,0.0000,0.0000,0.0000,0.0000,2,0,0,0,0,81,0,0,0,0
zc,TA301,2012-06-07 09:03:38.433,7298.0000,104876,88,0.0000,94.0000,91,3,空开,S,7298.0000,0.0000,0.0000,0.0000,0.0000,7302.0000,0.0000,0.0000,0.0000,0.0000,25,0,0,0,0,21,0,0,0,0
zc,TA301,2012-06-07 09:03:39.137,7298.0000,104876,0,0.0000,2.0000,1,1,空换,S,7298.0000,0.0000,0.0000,0.0000,0.0000,7302.0000,0.0000,0.0000,0.0000,0.0000,24,0,0,0,0,22,0,0,0,0
zc,TA301,2012-06-07 09:03:39.637,7302.0000,104886,10,0.0000,12.0000,11,1,多开,B,7298.0000,0.0000,0.0000,0.0000,0.0000,7302.0000,0.0000,0.0000,0.0000,0.0000,24,0,0,0,0,1,0,0,0,0
zc,TA301,2012-06-07 09:03:40.417,7302.0000,104886,0,0.0000,0.0000,0,0,多换,B,7298.0000,0.0000,0.0000,0.0000,0.0000,7302.0000,0.0000,0.0000,0.0000,0.0000,24,0,0,0,0,17,0,0,0,0
zc,TA301,2012-06-07 09:03:40.900,7304.0000,104866,-20,0.0000,20.0000,0,20,双平,B,7298.0000,0.0000,0.0000,0.0000,0.0000,7302.0000,0.0000,0.0000,0.0000,0.0000,24,0,0,0,0,2,0,0,0,0
zc,TA301,2012-06-07 09:03:41.917,7298.0000,104866,0,0.0000,50.0000,25,25,空换,S,7296.0000,0.0000,0.0000,0.0000,0.0000,7298.0000,0.0000,0.0000,0.0000,0.0000,1,0,0,0,0,35,0,0,0,0
zc,TA301,2012-06-07 09:03:43.167,7298.0000,104866,0,0.0000,12.0000,6,6,空换,S,7296.0000,0.0000,0.0000,0.0000,0.0000,7298.0000,0.0000,0.0000,0.0000,0.0000,1,0,0,0,0,29,0,0,0,0
zc,TA301,2012-06-07 09:03:43.650,7296.0000,104866,0,0.0000,2.0000,1,1,空换,S,7296.0000,0.0000,0.0000,0.0000,0.0000,7298.0000,0.0000,0.0000,0.0000,0.0000,4,0,0,0,0,29,0,0,0,0
zc,TA301,2012-06-07 09:03:44.433,7296.0000,104858,-8,0.0000,8.0000,0,8,双平,S,7296.0000,0.0000,0.0000,0.0000,0.0000,7298.0000,0.0000,0.0000,0.0000,0.0000,1,0,0,0,0,29,0,0,0,0
zc,TA301,2012-06-07 09:03:44.900,7298.0000,104844,-14,0.0000,18.0000,2,16,空平,B,7294.0000,0.0000,0.0000,0.0000,0.0000,7296.0000,0.0000,0.0000,0.0000,0.0000,1,0,0,0,0,3,0,0,0,0
zc,TA301,2012-06-07 09:03:45.667,7296.0000,104838,-6,0.0000,6.0000,0,6,双平,S,7296.0000,0.0000,0.0000,0.0000,0.0000,7298.0000,0.0000,0.0000,0.0000,0.0000,2,0,0,0,0,23,0,0,0,0
zc,TA301,2012-06-07 09:03:46.167,7298.0000,104782,-56,0.0000,58.0000,1,57,空平,B,7292.0000,0.0000,0.0000,0.0000,0.0000,7300.0000,0.0000,0.0000,0.0000,0.0000,1,0,0,0,0,8,0,0,0,0
zc,TA301,2012-06-07 09:03:46.917,7298.0000,104782,0,0.0000,0.0000,0,0,多换,B,7294.0000,0.0000,0.0000,0.0000,0.0000,7300.0000,0.0000,0.0000,0.0000,0.0000,1,0,0,0,0,3,0,0,0,0
zc,TA301,2012-06-07 09:03:47.683,7294.0000,104778,-4,0.0000,6.0000,1,5,多平,S,7298.0000,0.0000,0.0000,0.0000,0.0000,7300.0000,0.0000,0.0000,0.0000,0.0000,99,0,0,0,0,3,0,0,0,0
zc,TA301,2012-06-07 09:03:48.433,7298.0000,104778,0,0.0000,22.0000,11,11,多换,B,7298.0000,0.0000,0.0000,0.0000,0.0000,7300.0000,0.0000,0.0000,0.0000,0.0000,88,0,0,0,0,8,0,0,0,0
zc,TA301,2012-06-07 09:03:48.870,7298.0000,104778,0,0.0000,10.0000,5,5,多换,B,7298.0000,0.0000,0.0000,0.0000,0.0000,7300.0000,0.0000,0.0000,0.0000,0.0000,83,0,0,0,0,10,0,0,0,0
zc,TA301,2012-06-07 09:03:49.637,7300.0000,104778,0,0.0000,4.0000,2,2,多换,B,7298.0000,0.0000,0.0000,0.0000,0.0000,7300.0000,0.0000,0.0000,0.0000,0.0000,82,0,0,0,0,9,0,0,0,0
zc,TA301,2012-06-07 09:03:50.103,7298.0000,104778,0,0.0000,12.0000,6,6,空换,S,7298.0000,0.0000,0.0000,0.0000,0.0000,7300.0000,0.0000,0.0000,0.0000,0.0000,76,0,0,0,0,21,0,0,0,0
zc,TA301,2012-06-07 09:03:50.900,7298.0000,104778,0,0.0000,2.0000,1,1,空换,S,7298.0000,0.0000,0.0000,0.0000,0.0000,7300.0000,0.0000,0.0000,0.0000,0.0000,75,0,0,0,0,22,0,0,0,0
zc,TA301,2012-06-07 09:03:51.370,7298.0000,104778,0,0.0000,4.0000,2,2,空换,S,7298.0000,0.0000,0.0000,0.0000,0.0000,7300.0000,0.0000,0.0000,0.0000,0.0000,73,0,0,0,0,23,0,0,0,0
zc,TA301,2012-06-07 09:03:51.870,7300.0000,104796,18,0.0000,18.0000,18,0,双开,B,7298.0000,0.0000,0.0000,0.0000,0.0000,7300.0000,0.0000,0.0000,0.0000,0.0000,65,0,0,0,0,22,0,0,0,0
zc,TA301,2012-06-07 09:03:52.387,7298.0000,104812,16,0.0000,18.0000,17,1,空开,S,7298.0000,0.0000,0.0000,0.0000,0.0000,7300.0000,0.0000,0.0000,0.0000,0.0000,56,0,0,0,0,18,0,0,0,0
zc,TA301,2012-06-07 09:03:53.167,7298.0000,104812,0,0.0000,2.0000,1,1,空换,S,7298.0000,0.0000,0.0000,0.0000,0.0000,7300.0000,0.0000,0.0000,0.0000,0.0000,55,0,0,0,0,18,0,0,0,0
zc,TA301,2012-06-07 09:03:53.650,7300.0000,104812,0,0.0000,8.0000,4,4,多换,B,7298.0000,0.0000,0.0000,0.0000,0.0000,7300.0000,0.0000,0.0000,0.0000,0.0000,53,0,0,0,0,26,0,0,0,0
zc,TA301,2012-06-07 09:03:54.353,7300.0000,104830,18,0.0000,20.0000,19,1,多开,B,7298.0000,0.0000,0.0000,0.0000,0.0000,7300.0000,0.0000,0.0000,0.0000,0.0000,44,0,0,0,0,25,0,0,0,0
zc,TA301,2012-06-07 09:03:55.137,7300.0000,104828,-2,0.0000,2.0000,0,2,双平,B,7298.0000,0.0000,0.0000,0.0000,0.0000,7300.0000,0.0000,0.0000,0.0000,0.0000,46,0,0,0,0,24,0,0,0,0
zc,TA301,2012-06-07 09:03:55.637,7298.0000,104842,14,0.0000,14.0000,14,0,双开,S,7298.0000,0.0000,0.0000,0.0000,0.0000,7300.0000,0.0000,0.0000,0.0000,0.0000,40,0,0,0,0,23,0,0,0,0
zc,TA301,2012-06-07 09:03:56.370,7300.0000,104844,2,0.0000,2.0000,2,0,双开,B,7298.0000,0.0000,0.0000,0.0000,0.0000,7300.0000,0.0000,0.0000,0.0000,0.0000,40,0,0,0,0,23,0,0,0,0
zc,TA301,2012-06-07 09:03:57.637,7298.0000,104844,0,0.0000,20.0000,10,10,空换,S,7298.0000,0.0000,0.0000,0.0000,0.0000,7300.0000,0.0000,0.0000,0.0000,0.0000,30,0,0,0,0,24,0,0,0,0
zc,TA301,2012-06-07 09:03:58.150,7300.0000,104846,2,0.0000,2.0000,2,0,双开,B,7298.0000,0.0000,0.0000,0.0000,0.0000,7300.0000,0.0000,0.0000,0.0000,0.0000,30,0,0,0,0,24,0,0,0,0
zc,TA301,2012-06-07 09:03:59.087,7300.0000,104844,-2,0.0000,32.0000,15,17,空平,B,7298.0000,0.0000,0.0000,0.0000,0.0000,7300.0000,0.0000,0.0000,0.0000,0.0000,30,0,0,0,0,11,0,0,0,0
zc,TA301,2012-06-07 09:03:59.887,7298.0000,104848,4,0.0000,6.0000,5,1,空开,S,7298.0000,0.0000,0.0000,0.0000,0.0000,7300.0000,0.0000,0.0000,0.0000,0.0000,29,0,0,0,0,9,0,0,0,0
zc,TA301,2012-06-07 09:04:00.433,7298.0000,104848,0,0.0000,0.0000,0,0,空换,S,7298.0000,0.0000,0.0000,0.0000,0.0000,7300.0000,0.0000,0.0000,0.0000,0.0000,29,0,0,0,0,30,0,0,0,0
zc,TA301,2012-06-07 09:04:01.120,7298.0000,104854,6,0.0000,46.0000,26,20,空开,S,7298.0000,0.0000,0.0000,0.0000,0.0000,7300.0000,0.0000,0.0000,0.0000,0.0000,6,0,0,0,0,30,0,0,0,0
zc,TA301,2012-06-07 09:04:01.620,7298.0000,104872,18,0.0000,20.0000,19,1,空开,S,7296.0000,0.0000,0.0000,0.0000,0.0000,7300.0000,0.0000,0.0000,0.0000,0.0000,1,0,0,0,0,25,0,0,0,0
zc,TA301,2012-06-07 09:04:02.370,7298.0000,104872,0,0.0000,0.0000,0,0,空换,S,7296.0000,0.0000,0.0000,0.0000,0.0000,7298.0000,0.0000,0.0000,0.0000,0.0000,1,0,0,0,0,4,0,0,0,0
zc,TA301,2012-06-07 09:04:02.887,7296.0000,104872,0,0.0000,4.0000,2,2,空换,S,7294.0000,0.0000,0.0000,0.0000,0.0000,7296.0000,0.0000,0.0000,0.0000,0.0000,3,0,0,0,0,54,0,0,0,0
zc,TA301,2012-06-07 09:04:03.637,7296.0000,104870,-2,0.0000,28.0000,13,15,多平,S,7294.0000,0.0000,0.0000,0.0000,0.0000,7296.0000,0.0000,0.0000,0.0000,0.0000,1,0,0,0,0,43,0,0,0,0
zc,TA301,2012-06-07 09:04:04.103,7294.0000,104866,-4,0.0000,4.0000,0,4,双平,S,7294.0000,0.0000,0.0000,0.0000,0.0000,7296.0000,0.0000,0.0000,0.0000,0.0000,2,0,0,0,0,55,0,0,0,0
zc,TA301,2012-06-07 09:04:04.933,7294.0000,104866,0,0.0000,0.0000,0,0,空换,S,7292.0000,0.0000,0.0000,0.0000,0.0000,7294.0000,0.0000,0.0000,0.0000,0.0000,3,0,0,0,0,6,0,0,0,0
zc,TA301,2012-06-07 09:04:05.683,7296.0000,104774,-92,0.0000,102.0000,5,97,空平,B,7294.0000,0.0000,0.0000,0.0000,0.0000,7296.0000,0.0000,0.0000,0.0000,0.0000,2,0,0,0,0,13,0,0,0,0
zc,TA301,2012-06-07 09:04:05.887,7296.0000,104774,0,0.0000,0.0000,0,0,多换,B,7294.0000,0.0000,0.0000,0.0000,0.0000,7296.0000,0.0000,0.0000,0.0000,0.0000,1,0,0,0,0,13,0,0,0,0
zc,TA301,2012-06-07 09:04:06.933,7296.0000,104772,-2,0.0000,6.0000,2,4,空平,B,7292.0000,0.0000,0.0000,0.0000,0.0000,7296.0000,0.0000,0.0000,0.0000,0.0000,1,0,0,0,0,11,0,0,0,0
zc,TA301,2012-06-07 09:04:07.417,7294.0000,104772,0,0.0000,2.0000,1,1,空换,S,7294.0000,0.0000,0.0000,0.0000,0.0000,7296.0000,0.0000,0.0000,0.0000,0.0000,22,0,0,0,0,11,0,0,0,0
zc,TA301,2012-06-07 09:04:08.150,7296.0000,104764,-8,0.0000,10.0000,1,9,空平,B,7292.0000,0.0000,0.0000,0.0000,0.0000,7296.0000,0.0000,0.0000,0.0000,0.0000,30,0,0,0,0,6,0,0,0,0
zc,TA301,2012-06-07 09:04:08.667,7296.0000,104764,0,0.0000,2.0000,1,1,多换,B,7294.0000,0.0000,0.0000,0.0000,0.0000,7296.0000,0.0000,0.0000,0.0000,0.0000,1,0,0,0,0,5,0,0,0,0
zc,TA301,2012-06-07 09:04:09.417,7292.0000,104748,-16,0.0000,16.0000,0,16,双平,S,7292.0000,0.0000,0.0000,0.0000,0.0000,7296.0000,0.0000,0.0000,0.0000,0.0000,86,0,0,0,0,4,0,0,0,0
zc,TA301,2012-06-07 09:04:09.870,7294.0000,104746,-2,0.0000,4.0000,1,3,空平,B,7292.0000,0.0000,0.0000,0.0000,0.0000,7294.0000,0.0000,0.0000,0.0000,0.0000,85,0,0,0,0,23,0,0,0,0
zc,TA301,2012-06-07 09:04:10.387,7294.0000,104746,0,0.0000,2.0000,1,1,多换,B,7292.0000,0.0000,0.0000,0.0000,0.0000,7294.0000,0.0000,0.0000,0.0000,0.0000,85,0,0,0,0,22,0,0,0,0
zc,TA301,2012-06-07 09:04:10.900,7294.0000,104702,-44,0.0000,44.0000,0,44,双平,B,7294.0000,0.0000,0.0000,0.0000,0.0000,7296.0000,0.0000,0.0000,0.0000,0.0000,6,0,0,0,0,4,0,0,0,0
zc,TA301,2012-06-07 09:04:11.917,7296.0000,104696,-6,0.0000,6.0000,0,6,双平,B,7292.0000,0.0000,0.0000,0.0000,0.0000,7298.0000,0.0000,0.0000,0.0000,0.0000,60,0,0,0,0,11,0,0,0,0
zc,TA301,2012-06-07 09:04:12.387,7294.0000,104694,-2,0.0000,4.0000,1,3,多平,S,7292.0000,0.0000,0.0000,0.0000,0.0000,7294.0000,0.0000,0.0000,0.0000,0.0000,59,0,0,0,0,1,0,0,0,0
zc,TA301,2012-06-07 09:04:13.137,7294.0000,104692,-2,0.0000,2.0000,0,2,双平,S,7292.0000,0.0000,0.0000,0.0000,0.0000,7296.0000,0.0000,0.0000,0.0000,0.0000,1,0,0,0,0,2,0,0,0,0
zc,TA301,2012-06-07 09:04:13.353,7294.0000,104692,0,0.0000,0.0000,0,0,空换,S,7294.0000,0.0000,0.0000,0.0000,0.0000,7296.0000,0.0000,0.0000,0.0000,0.0000,5,0,0,0,0,2,0,0,0,0
zc,TA301,2012-06-07 09:04:14.167,7296.0000,104692,0,0.0000,2.0000,1,1,多换,B,7294.0000,0.0000,0.0000,0.0000,0.0000,7296.0000,0.0000,0.0000,0.0000,0.0000,5,0,0,0,0,1,0,0,0,0
zc,TA301,2012-06-07 09:04:14.637,7296.0000,104692,0,0.0000,4.0000,2,2,多换,B,7296.0000,0.0000,0.0000,0.0000,0.0000,7298.0000,0.0000,0.0000,0.0000,0.0000,4,0,0,0,0,10,0,0,0,0
zc,TA301,2012-06-07 09:04:15.387,7294.0000,104694,2,0.0000,10.0000,6,4,空开,S,7294.0000,0.0000,0.0000,0.0000,0.0000,7298.0000,0.0000,0.0000,0.0000,0.0000,3,0,0,0,0,15,0,0,0,0
zc,TA301,2012-06-07 09:04:16.103,7296.0000,104694,0,0.0000,2.0000,1,1,多换,B,7294.0000,0.0000,0.0000,0.0000,0.0000,7298.0000,0.0000,0.0000,0.0000,0.0000,3,0,0,0,0,15,0,0,0,0
zc,TA301,2012-06-07 09:04:16.917,7296.0000,104694,0,0.0000,0.0000,0,0,多换,B,7296.0000,0.0000,0.0000,0.0000,0.0000,7298.0000,0.0000,0.0000,0.0000,0.0000,57,0,0,0,0,10,0,0,0,0
zc,TA301,2012-06-07 09:04:17.387,7298.0000,104672,-22,0.0000,22.0000,0,22,双平,B,7296.0000,0.0000,0.0000,0.0000,0.0000,7300.0000,0.0000,0.0000,0.0000,0.0000,46,0,0,0,0,45,0,0,0,0
zc,TA301,2012-06-07 09:04:18.183,7298.0000,104672,0,0.0000,2.0000,1,1,多换,B,7298.0000,0.0000,0.0000,0.0000,0.0000,7300.0000,0.0000,0.0000,0.0000,0.0000,25,0,0,0,0,45,0,0,0,0
zc,TA301,2012-06-07 09:04:18.620,7298.0000,104672,0,0.0000,0.0000,0,0,多换,B,7298.0000,0.0000,0.0000,0.0000,0.0000,7300.0000,0.0000,0.0000,0.0000,0.0000,8,0,0,0,0,45,0,0,0,0
zc,TA301,2012-06-07 09:04:19.120,7298.0000,104668,-4,0.0000,4.0000,0,4,双平,B,7298.0000,0.0000,0.0000,0.0000,0.0000,7300.0000,0.0000,0.0000,0.0000,0.0000,11,0,0,0,0,45,0,0,0,0
zc,TA301,2012-06-07 09:04:19.933,7298.0000,104666,-2,0.0000,2.0000,0,2,双平,B,7296.0000,0.0000,0.0000,0.0000,0.0000,7298.0000,0.0000,0.0000,0.0000,0.0000,42,0,0,0,0,9,0,0,0,0
zc,TA301,2012-06-07 09:04:20.400,7300.0000,104654,-12,0.0000,22.0000,5,17,空平,B,7298.0000,0.0000,0.0000,0.0000,0.0000,7300.0000,0.0000,0.0000,0.0000,0.0000,8,0,0,0,0,44,0,0,0,0
zc,TA301,2012-06-07 09:04:21.150,7300.0000,104654,0,0.0000,0.0000,0,0,多换,B,7298.0000,0.0000,0.0000,0.0000,0.0000,7300.0000,0.0000,0.0000,0.0000,0.0000,3,0,0,0,0,44,0,0,0,0
zc,TA301,2012-06-07 09:04:21.887,7300.0000,104654,0,0.0000,0.0000,0,0,多换,B,7298.0000,0.0000,0.0000,0.0000,0.0000,7300.0000,0.0000,0.0000,0.0000,0.0000,35,0,0,0,0,44,0,0,0,0
zc,TA301,2012-06-07 09:04:22.683,7300.0000,104652,-2,0.0000,8.0000,3,5,空平,B,7298.0000,0.0000,0.0000,0.0000,0.0000,7300.0000,0.0000,0.0000,0.0000,0.0000,26,0,0,0,0,40,0,0,0,0
zc,TA301,2012-06-07 09:04:22.917,7300.0000,104604,-48,0.0000,80.0000,16,64,空平,B,7300.0000,0.0000,0.0000,0.0000,0.0000,7302.0000,0.0000,0.0000,0.0000,0.0000,2,0,0,0,0,6,0,0,0,0
zc,TA301,2012-06-07 09:04:23.900,7300.0000,104604,0,0.0000,0.0000,0,0,多换,B,7298.0000,0.0000,0.0000,0.0000,0.0000,7300.0000,0.0000,0.0000,0.0000,0.0000,1,0,0,0,0,2,0,0,0,0
zc,TA301,2012-06-07 09:04:24.400,7300.0000,104604,0,0.0000,0.0000,0,0,多换,B,7300.0000,0.0000,0.0000,0.0000,0.0000,7302.0000,0.0000,0.0000,0.0000,0.0000,2,0,0,0,0,6,0,0,0,0
zc,TA301,2012-06-07 09:04:25.150,7300.0000,104604,0,0.0000,6.0000,3,3,多换,B,7300.0000,0.0000,0.0000,0.0000,0.0000,7302.0000,0.0000,0.0000,0.0000,0.0000,10,0,0,0,0,6,0,0,0,0
zc,TA301,2012-06-07 09:04:25.620,7300.0000,104604,0,0.0000,0.0000,0,0,多换,B,7300.0000,0.0000,0.0000,0.0000,0.0000,7302.0000,0.0000,0.0000,0.0000,0.0000,11,0,0,0,0,6,0,0,0,0
zc,TA301,2012-06-07 09:04:26.337,7300.0000,104602,-2,0.0000,6.0000,2,4,空平,B,7300.0000,0.0000,0.0000,0.0000,0.0000,7302.0000,0.0000,0.0000,0.0000,0.0000,10,0,0,0,0,4,0,0,0,0
zc,TA301,2012-06-07 09:04:26.620,7300.0000,104602,0,0.0000,0.0000,0,0,多换,B,7300.0000,0.0000,0.0000,0.0000,0.0000,7302.0000,0.0000,0.0000,0.0000,0.0000,10,0,0,0,0,5,0,0,0,0
zc,TA301,2012-06-07 09:04:27.370,7302.0000,104602,0,0.0000,2.0000,1,1,多换,B,7300.0000,0.0000,0.0000,0.0000,0.0000,7302.0000,0.0000,0.0000,0.0000,0.0000,10,0,0,0,0,5,0,0,0,0
zc,TA301,2012-06-07 09:04:27.853,7302.0000,104602,0,0.0000,0.0000,0,0,多换,B,7300.0000,0.0000,0.0000,0.0000,0.0000,7302.0000,0.0000,0.0000,0.0000,0.0000,11,0,0,0,0,5,0,0,0,0
zc,TA301,2012-06-07 09:04:28.650,7302.0000,104602,0,0.0000,0.0000,0,0,多换,B,7300.0000,0.0000,0.0000,0.0000,0.0000,7302.0000,0.0000,0.0000,0.0000,0.0000,7,0,0,0,0,8,0,0,0,0
zc,TA301,2012-06-07 09:04:29.137,7300.0000,104606,4,0.0000,4.0000,4,0,双开,S,7300.0000,0.0000,0.0000,0.0000,0.0000,7302.0000,0.0000,0.0000,0.0000,0.0000,5,0,0,0,0,6,0,0,0,0
zc,TA301,2012-06-07 09:04:29.887,7300.0000,104606,0,0.0000,2.0000,1,1,空换,S,7300.0000,0.0000,0.0000,0.0000,0.0000,7302.0000,0.0000,0.0000,0.0000,0.0000,6,0,0,0,0,6,0,0,0,0
zc,TA301,2012-06-07 09:04:30.620,7300.0000,104606,0,0.0000,0.0000,0,0,空换,S,7300.0000,0.0000,0.0000,0.0000,0.0000,7302.0000,0.0000,0.0000,0.0000,0.0000,4,0,0,0,0,8,0,0,0,0
zc,TA301,2012-06-07 09:04:31.120,7300.0000,104606,0,0.0000,6.0000,3,3,空换,S,7300.0000,0.0000,0.0000,0.0000,0.0000,7302.0000,0.0000,0.0000,0.0000,0.0000,1,0,0,0,0,8,0,0,0,0
zc,TA301,2012-06-07 09:04:31.917,7300.0000,104598,-8,0.0000,8.0000,0,8,双平,S,7298.0000,0.0000,0.0000,0.0000,0.0000,7302.0000,0.0000,0.0000,0.0000,0.0000,4,0,0,0,0,13,0,0,0,0
zc,TA301,2012-06-07 09:04:32.667,7300.0000,104598,0,0.0000,0.0000,0,0,空换,S,7300.0000,0.0000,0.0000,0.0000,0.0000,7302.0000,0.0000,0.0000,0.0000,0.0000,1,0,0,0,0,18,0,0,0,0
zc,TA301,2012-06-07 09:04:33.103,7300.0000,104596,-2,0.0000,2.0000,0,2,双平,S,7300.0000,0.0000,0.0000,0.0000,0.0000,7302.0000,0.0000,0.0000,0.0000,0.0000,2,0,0,0,0,18,0,0,0,0
zc,TA301,2012-06-07 09:04:33.620,7300.0000,104596,0,0.0000,0.0000,0,0,空换,S,7300.0000,0.0000,0.0000,0.0000,0.0000,7302.0000,0.0000,0.0000,0.0000,0.0000,3,0,0,0,0,18,0,0,0,0
zc,TA301,2012-06-07 09:04:34.370,7300.0000,104594,-2,0.0000,2.0000,0,2,双平,S,7300.0000,0.0000,0.0000,0.0000,0.0000,7302.0000,0.0000,0.0000,0.0000,0.0000,2,0,0,0,0,18,0,0,0,0
zc,TA301,2012-06-07 09:04:34.917,7300.0000,104592,-2,0.0000,2.0000,0,2,双平,S,7300.0000,0.0000,0.0000,0.0000,0.0000,7302.0000,0.0000,0.0000,0.0000,0.0000,6,0,0,0,0,18,0,0,0,0
zc,TA301,2012-06-07 09:04:36.370,7302.0000,104592,0,0.0000,8.0000,4,4,多换,B,7300.0000,0.0000,0.0000,0.0000,0.0000,7302.0000,0.0000,0.0000,0.0000,0.0000,6,0,0,0,0,14,0,0,0,0
zc,TA301,2012-06-07 09:04:36.917,7302.0000,104598,6,0.0000,18.0000,12,6,多开,B,7298.0000,0.0000,0.0000,0.0000,0.0000,7302.0000,0.0000,0.0000,0.0000,0.0000,19,0,0,0,0,13,0,0,0,0
zc,TA301,2012-06-07 09:04:37.353,7302.0000,104598,0,0.0000,0.0000,0,0,多换,B,7298.0000,0.0000,0.0000,0.0000,0.0000,7302.0000,0.0000,0.0000,0.0000,0.0000,19,0,0,0,0,14,0,0,0,0
zc,TA301,2012-06-07 09:04:38.137,7302.0000,104598,0,0.0000,0.0000,0,0,多换,B,7298.0000,0.0000,0.0000,0.0000,0.0000,7300.0000,0.0000,0.0000,0.0000,0.0000,19,0,0,0,0,6,0,0,0,0
zc,TA301,2012-06-07 09:04:38.650,7300.0000,104586,-12,0.0000,12.0000,0,12,双平,S,7300.0000,0.0000,0.0000,0.0000,0.0000,7302.0000,0.0000,0.0000,0.0000,0.0000,5,0,0,0,0,14,0,0,0,0
zc,TA301,2012-06-07 09:04:39.353,7300.0000,104586,0,0.0000,2.0000,1,1,空换,S,7300.0000,0.0000,0.0000,0.0000,0.0000,7302.0000,0.0000,0.0000,0.0000,0.0000,4,0,0,0,0,14,0,0,0,0
zc,TA301,2012-06-07 09:04:39.853,7300.0000,104586,0,0.0000,0.0000,0,0,空换,S,7300.0000,0.0000,0.0000,0.0000,0.0000,7302.0000,0.0000,0.0000,0.0000,0.0000,3,0,0,0,0,9,0,0,0,0
zc,TA301,2012-06-07 09:04:40.603,7300.0000,104586,0,0.0000,2.0000,1,1,空换,S,7300.0000,0.0000,0.0000,0.0000,0.0000,7302.0000,0.0000,0.0000,0.0000,0.0000,2,0,0,0,0,9,0,0,0,0
zc,TA301,2012-06-07 09:04:42.620,7300.0000,104588,2,0.0000,8.0000,5,3,空开,S,7300.0000,0.0000,0.0000,0.0000,0.0000,7302.0000,0.0000,0.0000,0.0000,0.0000,6,0,0,0,0,6,0,0,0,0
zc,TA301,2012-06-07 09:04:43.933,7300.0000,104590,2,0.0000,2.0000,2,0,双开,S,7300.0000,0.0000,0.0000,0.0000,0.0000,7302.0000,0.0000,0.0000,0.0000,0.0000,5,0,0,0,0,12,0,0,0,0
zc,TA301,2012-06-07 09:04:44.620,7300.0000,104590,0,0.0000,10.0000,5,5,空换,S,7300.0000,0.0000,0.0000,0.0000,0.0000,7302.0000,0.0000,0.0000,0.0000,0.0000,5,0,0,0,0,12,0,0,0,0
zc,TA301,2012-06-07 09:04:44.900,7302.0000,104592,2,0.0000,24.0000,13,11,多开,B,7298.0000,0.0000,0.0000,0.0000,0.0000,7304.0000,0.0000,0.0000,0.0000,0.0000,17,0,0,0,0,31,0,0,0,0
zc,TA301,2012-06-07 09:04:45.650,7302.0000,104592,0,0.0000,0.0000,0,0,多换,B,7298.0000,0.0000,0.0000,0.0000,0.0000,7304.0000,0.0000,0.0000,0.0000,0.0000,17,0,0,0,0,36,0,0,0,0
zc,TA301,2012-06-07 09:04:46.150,7302.0000,104592,0,0.0000,0.0000,0,0,多换,B,7298.0000,0.0000,0.0000,0.0000,0.0000,7300.0000,0.0000,0.0000,0.0000,0.0000,17,0,0,0,0,7,0,0,0,0
zc,TA301,2012-06-07 09:04:46.887,7300.0000,104592,0,0.0000,14.0000,7,7,空换,S,7298.0000,0.0000,0.0000,0.0000,0.0000,7304.0000,0.0000,0.0000,0.0000,0.0000,15,0,0,0,0,36,0,0,0,0
zc,TA301,2012-06-07 09:04:47.387,7300.0000,104592,0,0.0000,0.0000,0,0,空换,S,7298.0000,0.0000,0.0000,0.0000,0.0000,7300.0000,0.0000,0.0000,0.0000,0.0000,15,0,0,0,0,2,0,0,0,0
zc,TA301,2012-06-07 09:04:47.870,7300.0000,104594,2,0.0000,4.0000,3,1,空开,S,7298.0000,0.0000,0.0000,0.0000,0.0000,7300.0000,0.0000,0.0000,0.0000,0.0000,14,0,0,0,0,1,0,0,0,0
zc,TA301,2012-06-07 09:04:48.637,7298.0000,104592,-2,0.0000,10.0000,4,6,多平,S,7298.0000,0.0000,0.0000,0.0000,0.0000,7300.0000,0.0000,0.0000,0.0000,0.0000,9,0,0,0,0,1,0,0,0,0
zc,TA301,2012-06-07 09:04:49.120,7300.0000,104592,0,0.0000,2.0000,1,1,多换,B,7300.0000,0.0000,0.0000,0.0000,0.0000,7304.0000,0.0000,0.0000,0.0000,0.0000,1,0,0,0,0,36,0,0,0,0
zc,TA301,2012-06-07 09:04:49.870,7304.0000,104592,0,0.0000,8.0000,4,4,多换,B,7300.0000,0.0000,0.0000,0.0000,0.0000,7304.0000,0.0000,0.0000,0.0000,0.0000,1,0,0,0,0,32,0,0,0,0
zc,TA301,2012-06-07 09:04:50.137,7304.0000,104592,0,0.0000,0.0000,0,0,多换,B,7300.0000,0.0000,0.0000,0.0000,0.0000,7304.0000,0.0000,0.0000,0.0000,0.0000,2,0,0,0,0,32,0,0,0,0
zc,TA301,2012-06-07 09:04:50.837,7300.0000,104592,0,0.0000,4.0000,2,2,空换,S,7300.0000,0.0000,0.0000,0.0000,0.0000,7304.0000,0.0000,0.0000,0.0000,0.0000,5,0,0,0,0,32,0,0,0,0
zc,TA301,2012-06-07 09:04:52.353,7300.0000,104592,0,0.0000,8.0000,4,4,空换,S,7300.0000,0.0000,0.0000,0.0000,0.0000,7304.0000,0.0000,0.0000,0.0000,0.0000,3,0,0,0,0,50,0,0,0,0
zc,TA301,2012-06-07 09:04:52.887,7300.0000,104592,0,0.0000,0.0000,0,0,空换,S,7300.0000,0.0000,0.0000,0.0000,0.0000,7304.0000,0.0000,0.0000,0.0000,0.0000,1,0,0,0,0,55,0,0,0,0
zc,TA301,2012-06-07 09:04:53.323,7300.0000,104592,0,0.0000,0.0000,0,0,空换,S,7300.0000,0.0000,0.0000,0.0000,0.0000,7302.0000,0.0000,0.0000,0.0000,0.0000,1,0,0,0,0,1,0,0,0,0
zc,TA301,2012-06-07 09:04:54.120,7300.0000,104592,0,0.0000,0.0000,0,0,空换,S,7300.0000,0.0000,0.0000,0.0000,0.0000,7302.0000,0.0000,0.0000,0.0000,0.0000,1,0,0,0,0,15,0,0,0,0
zc,TA301,2012-06-07 09:04:55.400,7300.0000,104592,0,0.0000,0.0000,0,0,空换,S,7300.0000,0.0000,0.0000,0.0000,0.0000,7302.0000,0.0000,0.0000,0.0000,0.0000,1,0,0,0,0,20,0,0,0,0
zc,TA301,2012-06-07 09:04:55.853,7300.0000,104592,0,0.0000,0.0000,0,0,空换,S,7300.0000,0.0000,0.0000,0.0000,0.0000,7302.0000,0.0000,0.0000,0.0000,0.0000,1,0,0,0,0,21,0,0,0,0
zc,TA301,2012-06-07 09:04:57.603,7300.0000,104588,-4,0.0000,4.0000,0,4,双平,S,7298.0000,0.0000,0.0000,0.0000,0.0000,7302.0000,0.0000,0.0000,0.0000,0.0000,22,0,0,0,0,23,0,0,0,0
zc,TA301,2012-06-07 09:04:58.120,7302.0000,104592,4,0.0000,4.0000,4,0,双开,B,7300.0000,0.0000,0.0000,0.0000,0.0000,7302.0000,0.0000,0.0000,0.0000,0.0000,1,0,0,0,0,21,0,0,0,0
zc,TA301,2012-06-07 09:04:58.870,7302.0000,104592,0,0.0000,0.0000,0,0,多换,B,7300.0000,0.0000,0.0000,0.0000,0.0000,7302.0000,0.0000,0.0000,0.0000,0.0000,2,0,0,0,0,21,0,0,0,0
zc,TA301,2012-06-07 09:04:59.387,7302.0000,104592,0,0.0000,0.0000,0,0,多换,B,7300.0000,0.0000,0.0000,0.0000,0.0000,7302.0000,0.0000,0.0000,0.0000,0.0000,2,0,0,0,0,19,0,0,0,0
zc,TA301,2012-06-07 09:05:00.603,7302.0000,104592,0,0.0000,2.0000,1,1,多换,B,7300.0000,0.0000,0.0000,0.0000,0.0000,7302.0000,0.0000,0.0000,0.0000,0.0000,4,0,0,0,0,18,0,0,0,0
zc,TA301,2012-06-07 09:05:01.887,7300.0000,104592,0,0.0000,8.0000,4,4,空换,S,7298.0000,0.0000,0.0000,0.0000,0.0000,7302.0000,0.0000,0.0000,0.0000,0.0000,24,0,0,0,0,18,0,0,0,0
zc,TA301,2012-06-07 09:05:02.603,7300.0000,104592,0,0.0000,0.0000,0,0,空换,S,7298.0000,0.0000,0.0000,0.0000,0.0000,7302.0000,0.0000,0.0000,0.0000,0.0000,22,0,0,0,0,21,0,0,0,0
zc,TA301,2012-06-07 09:05:03.933,7300.0000,104592,0,0.0000,0.0000,0,0,空换,S,7298.0000,0.0000,0.0000,0.0000,0.0000,7302.0000,0.0000,0.0000,0.0000,0.0000,24,0,0,0,0,18,0,0,0,0
zc,TA301,2012-06-07 09:05:04.637,7300.0000,104592,0,0.0000,0.0000,0,0,空换,S,7298.0000,0.0000,0.0000,0.0000,0.0000,7302.0000,0.0000,0.0000,0.0000,0.0000,22,0,0,0,0,23,0,0,0,0
zc,TA301,2012-06-07 09:05:05.103,7302.0000,104598,6,0.0000,6.0000,6,0,双开,B,7298.0000,0.0000,0.0000,0.0000,0.0000,7300.0000,0.0000,0.0000,0.0000,0.0000,22,0,0,0,0,2,0,0,0,0
zc,TA301,2012-06-07 09:05:05.853,7302.0000,104598,0,0.0000,0.0000,0,0,多换,B,7298.0000,0.0000,0.0000,0.0000,0.0000,7300.0000,0.0000,0.0000,0.0000,0.0000,22,0,0,0,0,6,0,0,0,0
zc,TA301,2012-06-07 09:05:06.337,7302.0000,104598,0,0.0000,0.0000,0,0,多换,B,7298.0000,0.0000,0.0000,0.0000,0.0000,7300.0000,0.0000,0.0000,0.0000,0.0000,23,0,0,0,0,7,0,0,0,0
zc,TA301,2012-06-07 09:05:07.103,7300.0000,104598,0,0.0000,4.0000,2,2,空换,S,7298.0000,0.0000,0.0000,0.0000,0.0000,7300.0000,0.0000,0.0000,0.0000,0.0000,24,0,0,0,0,5,0,0,0,0
zc,TA301,2012-06-07 09:05:07.650,7300.0000,104598,0,0.0000,2.0000,1,1,空换,S,7298.0000,0.0000,0.0000,0.0000,0.0000,7300.0000,0.0000,0.0000,0.0000,0.0000,24,0,0,0,0,9,0,0,0,0
zc,TA301,2012-06-07 09:05:08.370,7300.0000,104598,0,0.0000,4.0000,2,2,空换,S,7298.0000,0.0000,0.0000,0.0000,0.0000,7300.0000,0.0000,0.0000,0.0000,0.0000,24,0,0,0,0,7,0,0,0,0
zc,TA301,2012-06-07 09:05:10.137,7298.0000,104610,12,0.0000,52.0000,32,20,空开,S,7296.0000,0.0000,0.0000,0.0000,0.0000,7298.0000,0.0000,0.0000,0.0000,0.0000,30,0,0,0,0,2,0,0,0,0
zc,TA301,2012-06-07 09:05:11.370,7296.0000,104620,10,0.0000,62.0000,36,26,空开,S,7298.0000,0.0000,0.0000,0.0000,0.0000,7300.0000,0.0000,0.0000,0.0000,0.0000,2,0,0,0,0,5,0,0,0,0
zc,TA301,2012-06-07 09:05:12.120,7296.0000,104620,0,0.0000,0.0000,0,0,空换,S,7298.0000,0.0000,0.0000,0.0000,0.0000,7300.0000,0.0000,0.0000,0.0000,0.0000,2,0,0,0,0,16,0,0,0,0
zc,TA301,2012-06-07 09:05:12.637,7296.0000,104620,0,0.0000,2.0000,1,1,空换,S,7298.0000,0.0000,0.0000,0.0000,0.0000,7300.0000,0.0000,0.0000,0.0000,0.0000,1,0,0,0,0,37,0,0,0,0
zc,TA301,2012-06-07 09:05:13.433,7298.0000,104620,0,0.0000,2.0000,1,1,多换,B,7296.0000,0.0000,0.0000,0.0000,0.0000,7298.0000,0.0000,0.0000,0.0000,0.0000,29,0,0,0,0,4,0,0,0,0
zc,TA301,2012-06-07 09:05:13.887,7298.0000,104620,0,0.0000,0.0000,0,0,多换,B,7296.0000,0.0000,0.0000,0.0000,0.0000,7298.0000,0.0000,0.0000,0.0000,0.0000,29,0,0,0,0,5,0,0,0,0
zc,TA301,2012-06-07 09:05:14.387,7298.0000,104620,0,0.0000,0.0000,0,0,多换,B,7296.0000,0.0000,0.0000,0.0000,0.0000,7298.0000,0.0000,0.0000,0.0000,0.0000,29,0,0,0,0,45,0,0,0,0
zc,TA301,2012-06-07 09:05:15.087,7296.0000,104620,0,0.0000,4.0000,2,2,空换,S,7296.0000,0.0000,0.0000,0.0000,0.0000,7298.0000,0.0000,0.0000,0.0000,0.0000,27,0,0,0,0,73,0,0,0,0
zc,TA301,2012-06-07 09:05:15.620,7296.0000,104620,0,0.0000,0.0000,0,0,空换,S,7296.0000,0.0000,0.0000,0.0000,0.0000,7298.0000,0.0000,0.0000,0.0000,0.0000,27,0,0,0,0,84,0,0,0,0
zc,TA301,2012-06-07 09:05:16.433,7296.0000,104620,0,0.0000,2.0000,1,1,空换,S,7296.0000,0.0000,0.0000,0.0000,0.0000,7298.0000,0.0000,0.0000,0.0000,0.0000,26,0,0,0,0,62,0,0,0,0
zc,TA301,2012-06-07 09:05:16.887,7296.0000,104672,52,0.0000,52.0000,52,0,双开,S,7294.0000,0.0000,0.0000,0.0000,0.0000,7296.0000,0.0000,0.0000,0.0000,0.0000,6,0,0,0,0,1,0,0,0,0
zc,TA301,2012-06-07 09:05:18.120,7296.0000,104672,0,0.0000,0.0000,0,0,空换,S,7294.0000,0.0000,0.0000,0.0000,0.0000,7296.0000,0.0000,0.0000,0.0000,0.0000,6,0,0,0,0,15,0,0,0,0
zc,TA301,2012-06-07 09:05:19.853,7294.0000,104672,0,0.0000,12.0000,6,6,空换,S,7292.0000,0.0000,0.0000,0.0000,0.0000,7294.0000,0.0000,0.0000,0.0000,0.0000,4,0,0,0,0,4,0,0,0,0
zc,TA301,2012-06-07 09:05:20.337,7292.0000,104674,2,0.0000,6.0000,4,2,空开,S,7292.0000,0.0000,0.0000,0.0000,0.0000,7294.0000,0.0000,0.0000,0.0000,0.0000,3,0,0,0,0,8,0,0,0,0
zc,TA301,2012-06-07 09:05:21.120,7292.0000,104674,0,0.0000,0.0000,0,0,空换,S,7292.0000,0.0000,0.0000,0.0000,0.0000,7294.0000,0.0000,0.0000,0.0000,0.0000,5,0,0,0,0,8,0,0,0,0
zc,TA301,2012-06-07 09:05:21.620,7292.0000,104684,10,0.0000,12.0000,11,1,空开,S,7290.0000,0.0000,0.0000,0.0000,0.0000,7292.0000,0.0000,0.0000,0.0000,0.0000,92,0,0,0,0,19,0,0,0,0
zc,TA301,2012-06-07 09:05:23.040,7290.0000,104686,2,0.0000,4.0000,3,1,空开,S,7290.0000,0.0000,0.0000,0.0000,0.0000,7292.0000,0.0000,0.0000,0.0000,0.0000,91,0,0,0,0,19,0,0,0,0
zc,TA301,2012-06-07 09:05:23.587,7290.0000,104686,0,0.0000,0.0000,0,0,空换,S,7290.0000,0.0000,0.0000,0.0000,0.0000,7292.0000,0.0000,0.0000,0.0000,0.0000,91,0,0,0,0,21,0,0,0,0
zc,TA301,2012-06-07 09:05:24.387,7290.0000,104686,0,0.0000,4.0000,2,2,空换,S,7290.0000,0.0000,0.0000,0.0000,0.0000,7292.0000,0.0000,0.0000,0.0000,0.0000,89,0,0,0,0,23,0,0,0,0
zc,TA301,2012-06-07 09:05:24.650,7290.0000,104692,6,0.0000,8.0000,7,1,空开,S,7290.0000,0.0000,0.0000,0.0000,0.0000,7292.0000,0.0000,0.0000,0.0000,0.0000,88,0,0,0,0,20,0,0,0,0
zc,TA301,2012-06-07 09:05:25.337,7290.0000,104712,20,0.0000,24.0000,22,2,空开,S,7290.0000,0.0000,0.0000,0.0000,0.0000,7292.0000,0.0000,0.0000,0.0000,0.0000,76,0,0,0,0,20,0,0,0,0
zc,TA301,2012-06-07 09:05:25.870,7290.0000,104714,2,0.0000,6.0000,4,2,空开,S,7290.0000,0.0000,0.0000,0.0000,0.0000,7292.0000,0.0000,0.0000,0.0000,0.0000,74,0,0,0,0,19,0,0,0,0
zc,TA301,2012-06-07 09:05:26.603,7290.0000,104714,0,0.0000,8.0000,4,4,空换,S,7290.0000,0.0000,0.0000,0.0000,0.0000,7292.0000,0.0000,0.0000,0.0000,0.0000,70,0,0,0,0,19,0,0,0,0
zc,TA301,2012-06-07 09:05:27.103,7290.0000,104720,6,0.0000,86.0000,46,40,空开,S,7290.0000,0.0000,0.0000,0.0000,0.0000,7292.0000,0.0000,0.0000,0.0000,0.0000,27,0,0,0,0,19,0,0,0,0
zc,TA301,2012-06-07 09:05:27.837,7292.0000,104724,4,0.0000,8.0000,6,2,多开,B,7290.0000,0.0000,0.0000,0.0000,0.0000,7292.0000,0.0000,0.0000,0.0000,0.0000,25,0,0,0,0,17,0,0,0,0
zc,TA301,2012-06-07 09:05:29.587,7292.0000,104728,4,0.0000,4.0000,4,0,双开,B,7290.0000,0.0000,0.0000,0.0000,0.0000,7292.0000,0.0000,0.0000,0.0000,0.0000,24,0,0,0,0,16,0,0,0,0
zc,TA301,2012-06-07 09:05:30.603,7290.0000,104728,0,0.0000,2.0000,1,1,空换,S,7290.0000,0.0000,0.0000,0.0000,0.0000,7292.0000,0.0000,0.0000,0.0000,0.0000,23,0,0,0,0,17,0,0,0,0
zc,TA301,2012-06-07 09:05:32.337,7290.0000,104730,2,0.0000,6.0000,4,2,空开,S,7290.0000,0.0000,0.0000,0.0000,0.0000,7292.0000,0.0000,0.0000,0.0000,0.0000,21,0,0,0,0,14,0,0,0,0
zc,TA301,2012-06-07 09:05:32.887,7290.0000,104690,-40,0.0000,42.0000,1,41,多平,S,7288.0000,0.0000,0.0000,0.0000,0.0000,7290.0000,0.0000,0.0000,0.0000,0.0000,45,0,0,0,0,20,0,0,0,0
zc,TA301,2012-06-07 09:05:33.637,7288.0000,104690,0,0.0000,12.0000,6,6,空换,S,7288.0000,0.0000,0.0000,0.0000,0.0000,7290.0000,0.0000,0.0000,0.0000,0.0000,45,0,0,0,0,18,0,0,0,0
zc,TA301,2012-06-07 09:05:34.087,7288.0000,104690,0,0.0000,2.0000,1,1,空换,S,7288.0000,0.0000,0.0000,0.0000,0.0000,7290.0000,0.0000,0.0000,0.0000,0.0000,44,0,0,0,0,18,0,0,0,0
zc,TA301,2012-06-07 09:05:34.917,7288.0000,104690,0,0.0000,6.0000,3,3,空换,S,7288.0000,0.0000,0.0000,0.0000,0.0000,7290.0000,0.0000,0.0000,0.0000,0.0000,39,0,0,0,0,16,0,0,0,0
zc,TA301,2012-06-07 09:05:35.307,7290.0000,104690,0,0.0000,2.0000,1,1,多换,B,7288.0000,0.0000,0.0000,0.0000,0.0000,7290.0000,0.0000,0.0000,0.0000,0.0000,39,0,0,0,0,15,0,0,0,0
zc,TA301,2012-06-07 09:05:35.853,7290.0000,104688,-2,0.0000,2.0000,0,2,双平,B,7288.0000,0.0000,0.0000,0.0000,0.0000,7290.0000,0.0000,0.0000,0.0000,0.0000,39,0,0,0,0,14,0,0,0,0
zc,TA301,2012-06-07 09:05:36.323,7290.0000,104688,0,0.0000,0.0000,0,0,多换,B,7288.0000,0.0000,0.0000,0.0000,0.0000,7290.0000,0.0000,0.0000,0.0000,0.0000,40,0,0,0,0,14,0,0,0,0
zc,TA301,2012-06-07 09:05:37.650,7290.0000,104688,0,0.0000,0.0000,0,0,多换,B,7288.0000,0.0000,0.0000,0.0000,0.0000,7290.0000,0.0000,0.0000,0.0000,0.0000,39,0,0,0,0,28,0,0,0,0
zc,TA301,2012-06-07 09:05:38.887,7290.0000,104688,0,0.0000,0.0000,0,0,多换,B,7288.0000,0.0000,0.0000,0.0000,0.0000,7290.0000,0.0000,0.0000,0.0000,0.0000,39,0,0,0,0,16,0,0,0,0
zc,TA301,2012-06-07 09:05:39.370,7288.0000,104688,0,0.0000,4.0000,2,2,空换,S,7288.0000,0.0000,0.0000,0.0000,0.0000,7290.0000,0.0000,0.0000,0.0000,0.0000,37,0,0,0,0,21,0,0,0,0
zc,TA301,2012-06-07 09:05:40.137,7288.0000,104688,0,0.0000,0.0000,0,0,空换,S,7288.0000,0.0000,0.0000,0.0000,0.0000,7290.0000,0.0000,0.0000,0.0000,0.0000,37,0,0,0,0,16,0,0,0,0
zc,TA301,2012-06-07 09:05:40.620,7288.0000,104690,2,0.0000,2.0000,2,0,双开,S,7288.0000,0.0000,0.0000,0.0000,0.0000,7290.0000,0.0000,0.0000,0.0000,0.0000,36,0,0,0,0,28,0,0,0,0
zc,TA301,2012-06-07 09:05:41.370,7288.0000,104690,0,0.0000,28.0000,14,14,空换,S,7288.0000,0.0000,0.0000,0.0000,0.0000,7290.0000,0.0000,0.0000,0.0000,0.0000,29,0,0,0,0,20,0,0,0,0
zc,TA301,2012-06-07 09:05:41.837,7288.0000,104690,0,0.0000,0.0000,0,0,空换,S,7288.0000,0.0000,0.0000,0.0000,0.0000,7290.0000,0.0000,0.0000,0.0000,0.0000,30,0,0,0,0,20,0,0,0,0
zc,TA301,2012-06-07 09:05:42.603,7288.0000,104690,0,0.0000,10.0000,5,5,空换,S,7288.0000,0.0000,0.0000,0.0000,0.0000,7290.0000,0.0000,0.0000,0.0000,0.0000,29,0,0,0,0,19,0,0,0,0
zc,TA301,2012-06-07 09:05:42.933,7288.0000,104690,0,0.0000,0.0000,0,0,空换,S,7288.0000,0.0000,0.0000,0.0000,0.0000,7290.0000,0.0000,0.0000,0.0000,0.0000,58,0,0,0,0,28,0,0,0,0
zc,TA301,2012-06-07 09:05:43.650,7288.0000,104690,0,0.0000,64.0000,32,32,空换,S,7288.0000,0.0000,0.0000,0.0000,0.0000,7290.0000,0.0000,0.0000,0.0000,0.0000,27,0,0,0,0,45,0,0,0,0
zc,TA301,2012-06-07 09:05:44.870,7288.0000,104692,2,0.0000,2.0000,2,0,双开,S,7288.0000,0.0000,0.0000,0.0000,0.0000,7290.0000,0.0000,0.0000,0.0000,0.0000,27,0,0,0,0,45,0,0,0,0
zc,TA301,2012-06-07 09:05:46.073,7288.0000,104692,0,0.0000,2.0000,1,1,空换,S,7288.0000,0.0000,0.0000,0.0000,0.0000,7290.0000,0.0000,0.0000,0.0000,0.0000,26,0,0,0,0,45,0,0,0,0
zc,TA301,2012-06-07 09:05:46.573,7288.0000,104692,0,0.0000,4.0000,2,2,空换,S,7288.0000,0.0000,0.0000,0.0000,0.0000,7290.0000,0.0000,0.0000,0.0000,0.0000,24,0,0,0,0,46,0,0,0,0
zc,TA301,2012-06-07 09:05:47.073,7288.0000,104690,-2,0.0000,2.0000,0,2,双平,S,7288.0000,0.0000,0.0000,0.0000,0.0000,7290.0000,0.0000,0.0000,0.0000,0.0000,24,0,0,0,0,45,0,0,0,0
zc,TA301,2012-06-07 09:05:47.870,7288.0000,104690,0,0.0000,0.0000,0,0,空换,S,7288.0000,0.0000,0.0000,0.0000,0.0000,7290.0000,0.0000,0.0000,0.0000,0.0000,24,0,0,0,0,46,0,0,0,0
zc,TA301,2012-06-07 09:05:48.370,7288.0000,104690,0,0.0000,8.0000,4,4,空换,S,7288.0000,0.0000,0.0000,0.0000,0.0000,7290.0000,0.0000,0.0000,0.0000,0.0000,20,0,0,0,0,42,0,0,0,0
zc,TA301,2012-06-07 09:05:49.087,7288.0000,104718,28,0.0000,28.0000,28,0,双开,S,7288.0000,0.0000,0.0000,0.0000,0.0000,7290.0000,0.0000,0.0000,0.0000,0.0000,6,0,0,0,0,37,0,0,0,0
zc,TA301,2012-06-07 09:05:49.667,7288.0000,104718,0,0.0000,0.0000,0,0,空换,S,7288.0000,0.0000,0.0000,0.0000,0.0000,7290.0000,0.0000,0.0000,0.0000,0.0000,6,0,0,0,0,38,0,0,0,0
zc,TA301,2012-06-07 09:05:50.400,7290.0000,104690,-28,0.0000,96.0000,34,62,空平,B,7290.0000,0.0000,0.0000,0.0000,0.0000,7292.0000,0.0000,0.0000,0.0000,0.0000,2,0,0,0,0,28,0,0,0,0
zc,TA301,2012-06-07 09:05:50.870,7290.0000,104692,2,0.0000,6.0000,4,2,多开,B,7288.0000,0.0000,0.0000,0.0000,0.0000,7292.0000,0.0000,0.0000,0.0000,0.0000,7,0,0,0,0,36,0,0,0,0
zc,TA301,2012-06-07 09:05:51.637,7290.0000,104692,0,0.0000,0.0000,0,0,多换,B,7288.0000,0.0000,0.0000,0.0000,0.0000,7292.0000,0.0000,0.0000,0.0000,0.0000,8,0,0,0,0,39,0,0,0,0
zc,TA301,2012-06-07 09:05:51.887,7290.0000,104692,0,0.0000,0.0000,0,0,多换,B,7288.0000,0.0000,0.0000,0.0000,0.0000,7292.0000,0.0000,0.0000,0.0000,0.0000,8,0,0,0,0,12,0,0,0,0
zc,TA301,2012-06-07 09:05:52.603,7290.0000,104692,0,0.0000,0.0000,0,0,多换,B,7288.0000,0.0000,0.0000,0.0000,0.0000,7290.0000,0.0000,0.0000,0.0000,0.0000,9,0,0,0,0,1,0,0,0,0
zc,TA301,2012-06-07 09:05:53.103,7290.0000,104690,-2,0.0000,2.0000,0,2,双平,B,7290.0000,0.0000,0.0000,0.0000,0.0000,7292.0000,0.0000,0.0000,0.0000,0.0000,13,0,0,0,0,12,0,0,0,0
zc,TA301,2012-06-07 09:05:53.853,7290.0000,104690,0,0.0000,0.0000,0,0,多换,B,7290.0000,0.0000,0.0000,0.0000,0.0000,7292.0000,0.0000,0.0000,0.0000,0.0000,13,0,0,0,0,15,0,0,0,0
zc,TA301,2012-06-07 09:05:54.323,7290.0000,104690,0,0.0000,0.0000,0,0,多换,B,7290.0000,0.0000,0.0000,0.0000,0.0000,7292.0000,0.0000,0.0000,0.0000,0.0000,13,0,0,0,0,27,0,0,0,0
zc,TA301,2012-06-07 09:05:54.853,7292.0000,104692,2,0.0000,6.0000,4,2,多开,B,7290.0000,0.0000,0.0000,0.0000,0.0000,7292.0000,0.0000,0.0000,0.0000,0.0000,12,0,0,0,0,11,0,0,0,0
zc,TA301,2012-06-07 09:05:57.183,7292.0000,104708,16,0.0000,16.0000,16,0,双开,B,7290.0000,0.0000,0.0000,0.0000,0.0000,7292.0000,0.0000,0.0000,0.0000,0.0000,17,0,0,0,0,14,0,0,0,0
zc,TA301,2012-06-07 09:05:57.900,7290.0000,104704,-4,0.0000,26.0000,11,15,多平,S,7290.0000,0.0000,0.0000,0.0000,0.0000,7292.0000,0.0000,0.0000,0.0000,0.0000,4,0,0,0,0,24,0,0,0,0
zc,TA301,2012-06-07 09:05:58.337,7290.0000,104704,0,0.0000,0.0000,0,0,空换,S,7290.0000,0.0000,0.0000,0.0000,0.0000,7292.0000,0.0000,0.0000,0.0000,0.0000,4,0,0,0,0,52,0,0,0,0
zc,TA301,2012-06-07 09:05:59.120,7290.0000,104730,26,0.0000,26.0000,26,0,双开,S,7290.0000,0.0000,0.0000,0.0000,0.0000,7292.0000,0.0000,0.0000,0.0000,0.0000,3,0,0,0,0,78,0,0,0,0
zc,TA301,2012-06-07 09:05:59.870,7290.0000,104732,2,0.0000,2.0000,2,0,双开,S,7290.0000,0.0000,0.0000,0.0000,0.0000,7292.0000,0.0000,0.0000,0.0000,0.0000,2,0,0,0,0,77,0,0,0,0
zc,TA301,2012-06-07 09:06:00.323,7290.0000,104734,2,0.0000,4.0000,3,1,空开,S,7290.0000,0.0000,0.0000,0.0000,0.0000,7292.0000,0.0000,0.0000,0.0000,0.0000,1,0,0,0,0,76,0,0,0,0
zc,TA301,2012-06-07 09:06:00.900,7290.0000,104736,2,0.0000,2.0000,2,0,双开,S,7288.0000,0.0000,0.0000,0.0000,0.0000,7292.0000,0.0000,0.0000,0.0000,0.0000,17,0,0,0,0,75,0,0,0,0
zc,TA301,2012-06-07 09:06:01.603,7290.0000,104736,0,0.0000,0.0000,0,0,空换,S,7288.0000,0.0000,0.0000,0.0000,0.0000,7290.0000,0.0000,0.0000,0.0000,0.0000,17,0,0,0,0,2,0,0,0,0
zc,TA301,2012-06-07 09:06:02.387,7290.0000,104736,0,0.0000,2.0000,1,1,空换,S,7288.0000,0.0000,0.0000,0.0000,0.0000,7290.0000,0.0000,0.0000,0.0000,0.0000,17,0,0,0,0,1,0,0,0,0
zc,TA301,2012-06-07 09:06:03.620,7290.0000,104736,0,0.0000,6.0000,3,3,空换,S,7290.0000,0.0000,0.0000,0.0000,0.0000,7292.0000,0.0000,0.0000,0.0000,0.0000,1,0,0,0,0,75,0,0,0,0
zc,TA301,2012-06-07 09:06:04.087,7290.0000,104736,0,0.0000,0.0000,0,0,空换,S,7290.0000,0.0000,0.0000,0.0000,0.0000,7292.0000,0.0000,0.0000,0.0000,0.0000,3,0,0,0,0,75,0,0,0,0
zc,TA301,2012-06-07 09:06:05.120,7292.0000,104736,0,0.0000,2.0000,1,1,多换,B,7290.0000,0.0000,0.0000,0.0000,0.0000,7292.0000,0.0000,0.0000,0.0000,0.0000,3,0,0,0,0,74,0,0,0,0
zc,TA301,2012-06-07 09:06:05.853,7292.0000,104738,2,0.0000,2.0000,2,0,双开,B,7290.0000,0.0000,0.0000,0.0000,0.0000,7292.0000,0.0000,0.0000,0.0000,0.0000,3,0,0,0,0,73,0,0,0,0
