市场代码,合约代码,时间,最新,持仓,增仓,成交额,成交量,开仓,平仓,成交类型,方向,买一价,买二价,买三价,买四价,买五价,卖一价,卖二价,卖三价,卖四价,卖五价,买一量,买二量,买三量,买四量,买五量,卖一量,卖二量,卖三量,卖四量,卖五量
zc,WS209,2012-06-07 07:43:55.603,0.0000,238480,0,0.0000,0.0000,0,0,空换,S,0.0000,0.0000,0.0000,0.0000,0.0000,0.0000,0.0000,0.0000,0.0000,0.0000,0,0,0,0,0,0,0,0,0,0
zc,WS209,2012-06-07 07:45:55.603,0.0000,238480,0,0.0000,0.0000,0,0,空换,S,0.0000,0.0000,0.0000,0.0000,0.0000,0.0000,0.0000,0.0000,0.0000,0.0000,0,0,0,0,0,0,0,0,0,0
zc,WS209,2012-06-07 07:52:55.587,0.0000,238480,0,0.0000,0.0000,0,0,空换,S,0.0000,0.0000,0.0000,0.0000,0.0000,0.0000,0.0000,0.0000,0.0000,0.0000,0,0,0,0,0,0,0,0,0,0
zc,WS209,2012-06-07 07:53:55.587,0.0000,238480,0,0.0000,0.0000,0,0,空换,S,0.0000,0.0000,0.0000,0.0000,0.0000,0.0000,0.0000,0.0000,0.0000,0.0000,0,0,0,0,0,0,0,0,0,0
zc,WS209,2012-06-07 07:57:55.587,0.0000,238480,0,0.0000,0.0000,0,0,空换,S,0.0000,0.0000,0.0000,0.0000,0.0000,0.0000,0.0000,0.0000,0.0000,0.0000,0,0,0,0,0,0,0,0,0,0
zc,WS209,2012-06-07 07:59:55.587,0.0000,238480,0,0.0000,0.0000,0,0,空换,S,0.0000,0.0000,0.0000,0.0000,0.0000,0.0000,0.0000,0.0000,0.0000,0.0000,0,0,0,0,0,0,0,0,0,0
zc,WS209,2012-06-07 08:03:57.087,0.0000,238480,0,0.0000,0.0000,0,0,空换,S,0.0000,0.0000,0.0000,0.0000,0.0000,0.0000,0.0000,0.0000,0.0000,0.0000,0,0,0,0,0,0,0,0,0,0
zc,WS209,2012-06-07 08:08:57.073,0.0000,238480,0,0.0000,0.0000,0,0,空换,S,0.0000,0.0000,0.0000,0.0000,0.0000,0.0000,0.0000,0.0000,0.0000,0.0000,0,0,0,0,0,0,0,0,0,0
zc,WS209,2012-06-07 08:17:57.073,0.0000,238480,0,0.0000,0.0000,0,0,空换,S,0.0000,0.0000,0.0000,0.0000,0.0000,0.0000,0.0000,0.0000,0.0000,0.0000,0,0,0,0,0,0,0,0,0,0
zc,WS209,2012-06-07 08:19:57.073,0.0000,238480,0,0.0000,0.0000,0,0,空换,S,0.0000,0.0000,0.0000,0.0000,0.0000,0.0000,0.0000,0.0000,0.0000,0.0000,0,0,0,0,0,0,0,0,0,0
zc,WS209,2012-06-07 08:24:57.073,0.0000,238480,0,0.0000,0.0000,0,0,空换,S,0.0000,0.0000,0.0000,0.0000,0.0000,0.0000,0.0000,0.0000,0.0000,0.0000,0,0,0,0,0,0,0,0,0,0
zc,WS209,2012-06-07 08:28:57.073,0.0000,238480,0,0.0000,0.0000,0,0,空换,S,0.0000,0.0000,0.0000,0.0000,0.0000,0.0000,0.0000,0.0000,0.0000,0.0000,0,0,0,0,0,0,0,0,0,0
zc,WS209,2012-06-07 08:30:57.073,0.0000,238480,0,0.0000,0.0000,0,0,空换,S,0.0000,0.0000,0.0000,0.0000,0.0000,0.0000,0.0000,0.0000,0.0000,0.0000,0,0,0,0,0,0,0,0,0,0
zc,WS209,2012-06-07 08:40:57.073,0.0000,238480,0,0.0000,0.0000,0,0,空换,S,0.0000,0.0000,0.0000,0.0000,0.0000,0.0000,0.0000,0.0000,0.0000,0.0000,0,0,0,0,0,0,0,0,0,0
zc,WS209,2012-06-07 08:46:57.057,0.0000,238480,0,0.0000,0.0000,0,0,空换,S,0.0000,0.0000,0.0000,0.0000,0.0000,0.0000,0.0000,0.0000,0.0000,0.0000,0,0,0,0,0,0,0,0,0,0
zc,WS209,2012-06-07 08:52:57.073,0.0000,238480,0,0.0000,0.0000,0,0,空换,S,0.0000,0.0000,0.0000,0.0000,0.0000,0.0000,0.0000,0.0000,0.0000,0.0000,0,0,0,0,0,0,0,0,0,0
zc,WS209,2012-06-07 08:55:00.587,0.0000,238480,0,0.0000,0.0000,0,0,空换,S,0.0000,0.0000,0.0000,0.0000,0.0000,0.0000,0.0000,0.0000,0.0000,0.0000,0,0,0,0,0,0,0,0,0,0
zc,WS209,2012-06-07 08:55:01.323,0.0000,238480,0,0.0000,0.0000,0,0,空换,S,0.0000,0.0000,0.0000,0.0000,0.0000,0.0000,0.0000,0.0000,0.0000,0.0000,0,0,0,0,0,0,0,0,0,0
zc,WS209,2012-06-07 08:55:01.823,0.0000,238480,0,0.0000,0.0000,0,0,空换,S,0.0000,0.0000,0.0000,0.0000,0.0000,0.0000,0.0000,0.0000,0.0000,0.0000,0,0,0,0,0,0,0,0,0,0
zc,WS209,2012-06-07 08:55:02.573,0.0000,238480,0,0.0000,0.0000,0,0,空换,S,0.0000,0.0000,0.0000,0.0000,0.0000,0.0000,0.0000,0.0000,0.0000,0.0000,0,0,0,0,0,0,0,0,0,0
zc,WS209,2012-06-07 08:55:03.557,0.0000,238480,0,0.0000,0.0000,0,0,空换,S,0.0000,0.0000,0.0000,0.0000,0.0000,0.0000,0.0000,0.0000,0.0000,0.0000,0,0,0,0,0,0,0,0,0,0
zc,WS209,2012-06-07 08:55:06.307,0.0000,238480,0,0.0000,0.0000,0,0,空换,S,0.0000,0.0000,0.0000,0.0000,0.0000,0.0000,0.0000,0.0000,0.0000,0.0000,0,0,0,0,0,0,0,0,0,0
zc,WS209,2012-06-07 08:55:17.290,0.0000,238480,0,0.0000,0.0000,0,0,空换,S,0.0000,0.0000,0.0000,0.0000,0.0000,0.0000,0.0000,0.0000,0.0000,0.0000,0,0,0,0,0,0,0,0,0,0
zc,WS209,2012-06-07 08:55:49.307,0.0000,238480,0,0.0000,0.0000,0,0,空换,S,0.0000,0.0000,0.0000,0.0000,0.0000,0.0000,0.0000,0.0000,0.0000,0.0000,0,0,0,0,0,0,0,0,0,0
zc,WS209,2012-06-07 08:55:56.040,0.0000,238480,0,0.0000,0.0000,0,0,空换,S,0.0000,0.0000,0.0000,0.0000,0.0000,0.0000,0.0000,0.0000,0.0000,0.0000,0,0,0,0,0,0,0,0,0,0
zc,WS209,2012-06-07 08:55:57.057,0.0000,238480,0,0.0000,0.0000,0,0,空换,S,0.0000,0.0000,0.0000,0.0000,0.0000,0.0000,0.0000,0.0000,0.0000,0.0000,0,0,0,0,0,0,0,0,0,0
zc,WS209,2012-06-07 08:56:01.057,0.0000,238480,0,0.0000,0.0000,0,0,空换,S,0.0000,0.0000,0.0000,0.0000,0.0000,0.0000,0.0000,0.0000,0.0000,0.0000,0,0,0,0,0,0,0,0,0,0
zc,WS209,2012-06-07 08:56:10.540,0.0000,238480,0,0.0000,0.0000,0,0,空换,S,0.0000,0.0000,0.0000,0.0000,0.0000,0.0000,0.0000,0.0000,0.0000,0.0000,0,0,0,0,0,0,0,0,0,0
zc,WS209,2012-06-07 08:56:26.540,0.0000,238480,0,0.0000,0.0000,0,0,空换,S,0.0000,0.0000,0.0000,0.0000,0.0000,0.0000,0.0000,0.0000,0.0000,0.0000,0,0,0,0,0,0,0,0,0,0
zc,WS209,2012-06-07 08:56:38.790,0.0000,238480,0,0.0000,0.0000,0,0,空换,S,0.0000,0.0000,0.0000,0.0000,0.0000,0.0000,0.0000,0.0000,0.0000,0.0000,0,0,0,0,0,0,0,0,0,0
zc,WS209,2012-06-07 08:56:48.790,0.0000,238480,0,0.0000,0.0000,0,0,空换,S,0.0000,0.0000,0.0000,0.0000,0.0000,0.0000,0.0000,0.0000,0.0000,0.0000,0,0,0,0,0,0,0,0,0,0
zc,WS209,2012-06-07 08:58:18.790,0.0000,238480,0,0.0000,0.0000,0,0,空换,S,0.0000,0.0000,0.0000,0.0000,0.0000,0.0000,0.0000,0.0000,0.0000,0.0000,0,0,0,0,0,0,0,0,0,0
zc,WS209,2012-06-07 08:58:48.790,0.0000,238480,0,0.0000,0.0000,0,0,空换,S,0.0000,0.0000,0.0000,0.0000,0.0000,0.0000,0.0000,0.0000,0.0000,0.0000,0,0,0,0,0,0,0,0,0,0
zc,WS209,2012-06-07 08:59:57.057,2436.0000,238500,20,0.0000,110.0000,65,45,多开,B,2435.0000,0.0000,0.0000,0.0000,0.0000,2436.0000,0.0000,0.0000,0.0000,0.0000,4,0,0,0,0,5,0,0,0,0
zc,WS209,2012-06-07 09:00:01.027,2437.0000,238516,16,0.0000,76.0000,46,30,多开,B,2437.0000,0.0000,0.0000,0.0000,0.0000,2438.0000,0.0000,0.0000,0.0000,0.0000,6,0,0,0,0,9,0,0,0,0
zc,WS209,2012-06-07 09:00:04.777,2437.0000,238666,150,0.0000,284.0000,217,67,多开,B,2436.0000,0.0000,0.0000,0.0000,0.0000,2437.0000,0.0000,0.0000,0.0000,0.0000,105,0,0,0,0,1,0,0,0,0
zc,WS209,2012-06-07 09:00:06.247,2437.0000,238710,44,0.0000,74.0000,59,15,多开,B,2436.0000,0.0000,0.0000,0.0000,0.0000,2437.0000,0.0000,0.0000,0.0000,0.0000,71,0,0,0,0,6,0,0,0,0
zc,WS209,2012-06-07 09:00:06.997,2436.0000,238732,22,0.0000,32.0000,27,5,空开,S,2436.0000,0.0000,0.0000,0.0000,0.0000,2437.0000,0.0000,0.0000,0.0000,0.0000,60,0,0,0,0,17,0,0,0,0
zc,WS209,2012-06-07 09:00:08.027,2436.0000,238740,8,0.0000,34.0000,21,13,空开,S,2436.0000,0.0000,0.0000,0.0000,0.0000,2437.0000,0.0000,0.0000,0.0000,0.0000,57,0,0,0,0,14,0,0,0,0
zc,WS209,2012-06-07 09:00:08.230,2437.0000,238742,2,0.0000,6.0000,4,2,多开,B,2436.0000,0.0000,0.0000,0.0000,0.0000,2437.0000,0.0000,0.0000,0.0000,0.0000,55,0,0,0,0,13,0,0,0,0
zc,WS209,2012-06-07 09:00:08.963,2437.0000,238758,16,0.0000,46.0000,31,15,多开,B,2437.0000,0.0000,0.0000,0.0000,0.0000,2438.0000,0.0000,0.0000,0.0000,0.0000,5,0,0,0,0,4,0,0,0,0
zc,WS209,2012-06-07 09:00:09.510,2436.0000,238758,0,0.0000,112.0000,56,56,空换,S,2435.0000,0.0000,0.0000,0.0000,0.0000,2436.0000,0.0000,0.0000,0.0000,0.0000,17,0,0,0,0,194,0,0,0,0
zc,WS209,2012-06-07 09:00:10.183,2435.0000,238758,0,0.0000,4.0000,2,2,空换,S,2435.0000,0.0000,0.0000,0.0000,0.0000,2436.0000,0.0000,0.0000,0.0000,0.0000,16,0,0,0,0,193,0,0,0,0
zc,WS209,2012-06-07 09:00:10.697,2435.0000,238758,0,0.0000,0.0000,0,0,空换,S,2435.0000,0.0000,0.0000,0.0000,0.0000,2436.0000,0.0000,0.0000,0.0000,0.0000,16,0,0,0,0,194,0,0,0,0
zc,WS209,2012-06-07 09:00:11.463,2435.0000,238758,0,0.0000,0.0000,0,0,空换,S,2435.0000,0.0000,0.0000,0.0000,0.0000,2436.0000,0.0000,0.0000,0.0000,0.0000,17,0,0,0,0,194,0,0,0,0
zc,WS209,2012-06-07 09:00:11.933,2435.0000,238758,0,0.0000,6.0000,3,3,空换,S,2435.0000,0.0000,0.0000,0.0000,0.0000,2436.0000,0.0000,0.0000,0.0000,0.0000,2,0,0,0,0,194,0,0,0,0
zc,WS209,2012-06-07 09:00:13.197,2435.0000,238758,0,0.0000,4.0000,2,2,空换,S,2434.0000,0.0000,0.0000,0.0000,0.0000,2436.0000,0.0000,0.0000,0.0000,0.0000,16,0,0,0,0,194,0,0,0,0
zc,WS209,2012-06-07 09:00:13.433,2435.0000,238758,0,0.0000,0.0000,0,0,空换,S,2435.0000,0.0000,0.0000,0.0000,0.0000,2436.0000,0.0000,0.0000,0.0000,0.0000,3,0,0,0,0,194,0,0,0,0
zc,WS209,2012-06-07 09:00:14.480,2435.0000,238752,-6,0.0000,10.0000,2,8,多平,S,2435.0000,0.0000,0.0000,0.0000,0.0000,2436.0000,0.0000,0.0000,0.0000,0.0000,3,0,0,0,0,194,0,0,0,0
zc,WS209,2012-06-07 09:00:14.900,2435.0000,238756,4,0.0000,4.0000,4,0,双开,S,2435.0000,0.0000,0.0000,0.0000,0.0000,2436.0000,0.0000,0.0000,0.0000,0.0000,3,0,0,0,0,196,0,0,0,0
zc,WS209,2012-06-07 09:00:16.230,2435.0000,238758,2,0.0000,24.0000,13,11,空开,S,2434.0000,0.0000,0.0000,0.0000,0.0000,2436.0000,0.0000,0.0000,0.0000,0.0000,18,0,0,0,0,189,0,0,0,0
zc,WS209,2012-06-07 09:00:17.213,2436.0000,238754,-4,0.0000,20.0000,8,12,空平,B,2434.0000,0.0000,0.0000,0.0000,0.0000,2436.0000,0.0000,0.0000,0.0000,0.0000,12,0,0,0,0,207,0,0,0,0
zc,WS209,2012-06-07 09:00:17.917,2435.0000,238756,2,0.0000,6.0000,4,2,空开,S,2434.0000,0.0000,0.0000,0.0000,0.0000,2435.0000,0.0000,0.0000,0.0000,0.0000,3,0,0,0,0,18,0,0,0,0
zc,WS209,2012-06-07 09:00:18.697,2434.0000,238754,-2,0.0000,4.0000,1,3,多平,S,2434.0000,0.0000,0.0000,0.0000,0.0000,2435.0000,0.0000,0.0000,0.0000,0.0000,1,0,0,0,0,18,0,0,0,0
zc,WS209,2012-06-07 09:00:19.433,2435.0000,238756,2,0.0000,4.0000,3,1,多开,B,2433.0000,0.0000,0.0000,0.0000,0.0000,2435.0000,0.0000,0.0000,0.0000,0.0000,26,0,0,0,0,29,0,0,0,0
zc,WS209,2012-06-07 09:00:19.997,2435.0000,238774,18,0.0000,34.0000,26,8,多开,B,2433.0000,0.0000,0.0000,0.0000,0.0000,2435.0000,0.0000,0.0000,0.0000,0.0000,19,0,0,0,0,2,0,0,0,0
zc,WS209,2012-06-07 09:00:20.980,2435.0000,238764,-10,0.0000,12.0000,1,11,空平,B,2433.0000,0.0000,0.0000,0.0000,0.0000,2435.0000,0.0000,0.0000,0.0000,0.0000,76,0,0,0,0,4,0,0,0,0
zc,WS209,2012-06-07 09:00:21.417,2435.0000,238760,-4,0.0000,6.0000,1,5,空平,B,2434.0000,0.0000,0.0000,0.0000,0.0000,2435.0000,0.0000,0.0000,0.0000,0.0000,5,0,0,0,0,19,0,0,0,0
zc,WS209,2012-06-07 09:00:22.497,2434.0000,238758,-2,0.0000,8.0000,3,5,多平,S,2434.0000,0.0000,0.0000,0.0000,0.0000,2435.0000,0.0000,0.0000,0.0000,0.0000,3,0,0,0,0,2,0,0,0,0
zc,WS209,2012-06-07 09:00:22.917,2433.0000,238756,-2,0.0000,12.0000,5,7,多平,S,2434.0000,0.0000,0.0000,0.0000,0.0000,2435.0000,0.0000,0.0000,0.0000,0.0000,1,0,0,0,0,20,0,0,0,0
zc,WS209,2012-06-07 09:00:23.683,2435.0000,238790,34,0.0000,136.0000,85,51,多开,B,2435.0000,0.0000,0.0000,0.0000,0.0000,2436.0000,0.0000,0.0000,0.0000,0.0000,30,0,0,0,0,194,0,0,0,0
zc,WS209,2012-06-07 09:00:24.183,2436.0000,238790,0,0.0000,70.0000,35,35,多换,B,2435.0000,0.0000,0.0000,0.0000,0.0000,2436.0000,0.0000,0.0000,0.0000,0.0000,7,0,0,0,0,189,0,0,0,0
zc,WS209,2012-06-07 09:00:24.963,2434.0000,238776,-14,0.0000,16.0000,1,15,多平,S,2434.0000,0.0000,0.0000,0.0000,0.0000,2436.0000,0.0000,0.0000,0.0000,0.0000,51,0,0,0,0,193,0,0,0,0
zc,WS209,2012-06-07 09:00:25.713,2436.0000,238768,-8,0.0000,22.0000,7,15,空平,B,2435.0000,0.0000,0.0000,0.0000,0.0000,2436.0000,0.0000,0.0000,0.0000,0.0000,43,0,0,0,0,185,0,0,0,0
zc,WS209,2012-06-07 09:00:26.290,2435.0000,238768,0,0.0000,2.0000,1,1,空换,S,2435.0000,0.0000,0.0000,0.0000,0.0000,2436.0000,0.0000,0.0000,0.0000,0.0000,42,0,0,0,0,185,0,0,0,0
zc,WS209,2012-06-07 09:00:27.697,2435.0000,238768,0,0.0000,0.0000,0,0,空换,S,2435.0000,0.0000,0.0000,0.0000,0.0000,2436.0000,0.0000,0.0000,0.0000,0.0000,40,0,0,0,0,184,0,0,0,0
zc,WS209,2012-06-07 09:00:28.197,2435.0000,238732,-36,0.0000,38.0000,1,37,多平,S,2435.0000,0.0000,0.0000,0.0000,0.0000,2436.0000,0.0000,0.0000,0.0000,0.0000,27,0,0,0,0,183,0,0,0,0
zc,WS209,2012-06-07 09:00:28.933,2435.0000,238736,4,0.0000,10.0000,7,3,空开,S,2435.0000,0.0000,0.0000,0.0000,0.0000,2436.0000,0.0000,0.0000,0.0000,0.0000,1,0,0,0,0,188,0,0,0,0
zc,WS209,2012-06-07 09:00:29.463,2435.0000,238736,0,0.0000,4.0000,2,2,空换,S,2435.0000,0.0000,0.0000,0.0000,0.0000,2436.0000,0.0000,0.0000,0.0000,0.0000,2,0,0,0,0,188,0,0,0,0
zc,WS209,2012-06-07 09:00:30.213,2435.0000,238742,6,0.0000,8.0000,7,1,空开,S,2434.0000,0.0000,0.0000,0.0000,0.0000,2435.0000,0.0000,0.0000,0.0000,0.0000,30,0,0,0,0,2,0,0,0,0
zc,WS209,2012-06-07 09:00:30.697,2435.0000,238742,0,0.0000,2.0000,1,1,空换,S,2434.0000,0.0000,0.0000,0.0000,0.0000,2435.0000,0.0000,0.0000,0.0000,0.0000,31,0,0,0,0,3,0,0,0,0
zc,WS209,2012-06-07 09:00:31.947,2434.0000,238734,-8,0.0000,8.0000,0,8,双平,S,2434.0000,0.0000,0.0000,0.0000,0.0000,2435.0000,0.0000,0.0000,0.0000,0.0000,27,0,0,0,0,5,0,0,0,0
zc,WS209,2012-06-07 09:00:32.713,2434.0000,238730,-4,0.0000,4.0000,0,4,双平,S,2434.0000,0.0000,0.0000,0.0000,0.0000,2435.0000,0.0000,0.0000,0.0000,0.0000,25,0,0,0,0,6,0,0,0,0
zc,WS209,2012-06-07 09:00:33.447,2435.0000,238732,2,0.0000,4.0000,3,1,多开,B,2434.0000,0.0000,0.0000,0.0000,0.0000,2435.0000,0.0000,0.0000,0.0000,0.0000,25,0,0,0,0,4,0,0,0,0
zc,WS209,2012-06-07 09:00:33.900,2435.0000,238728,-4,0.0000,6.0000,1,5,空平,B,2434.0000,0.0000,0.0000,0.0000,0.0000,2435.0000,0.0000,0.0000,0.0000,0.0000,24,0,0,0,0,7,0,0,0,0
zc,WS209,2012-06-07 09:00:34.417,2434.0000,238696,-32,0.0000,120.0000,44,76,多平,S,2434.0000,0.0000,0.0000,0.0000,0.0000,2435.0000,0.0000,0.0000,0.0000,0.0000,11,0,0,0,0,7,0,0,0,0
zc,WS209,2012-06-07 09:00:35.213,2434.0000,238698,2,0.0000,2.0000,2,0,双开,S,2434.0000,0.0000,0.0000,0.0000,0.0000,2435.0000,0.0000,0.0000,0.0000,0.0000,6,0,0,0,0,10,0,0,0,0
zc,WS209,2012-06-07 09:00:35.697,2435.0000,238700,2,0.0000,4.0000,3,1,多开,B,2434.0000,0.0000,0.0000,0.0000,0.0000,2435.0000,0.0000,0.0000,0.0000,0.0000,7,0,0,0,0,8,0,0,0,0
zc,WS209,2012-06-07 09:00:36.683,2435.0000,238700,0,0.0000,12.0000,6,6,多换,B,2434.0000,0.0000,0.0000,0.0000,0.0000,2435.0000,0.0000,0.0000,0.0000,0.0000,21,0,0,0,0,3,0,0,0,0
zc,WS209,2012-06-07 09:00:37.167,2435.0000,238710,10,0.0000,10.0000,10,0,双开,B,2434.0000,0.0000,0.0000,0.0000,0.0000,2435.0000,0.0000,0.0000,0.0000,0.0000,3,0,0,0,0,12,0,0,0,0
zc,WS209,2012-06-07 09:00:37.650,2435.0000,238712,2,0.0000,22.0000,12,10,多开,B,2434.0000,0.0000,0.0000,0.0000,0.0000,2435.0000,0.0000,0.0000,0.0000,0.0000,3,0,0,0,0,5,0,0,0,0
zc,WS209,2012-06-07 09:00:38.213,2435.0000,238712,0,0.0000,0.0000,0,0,多换,B,2434.0000,0.0000,0.0000,0.0000,0.0000,2435.0000,0.0000,0.0000,0.0000,0.0000,13,0,0,0,0,5,0,0,0,0
zc,WS209,2012-06-07 09:00:38.963,2435.0000,238742,30,0.0000,40.0000,35,5,多开,B,2434.0000,0.0000,0.0000,0.0000,0.0000,2435.0000,0.0000,0.0000,0.0000,0.0000,13,0,0,0,0,35,0,0,0,0
zc,WS209,2012-06-07 09:00:39.667,2435.0000,238744,2,0.0000,2.0000,2,0,双开,B,2434.0000,0.0000,0.0000,0.0000,0.0000,2435.0000,0.0000,0.0000,0.0000,0.0000,13,0,0,0,0,2,0,0,0,0
zc,WS209,2012-06-07 09:00:40.213,2435.0000,238740,-4,0.0000,10.0000,3,7,空平,B,2435.0000,0.0000,0.0000,0.0000,0.0000,2436.0000,0.0000,0.0000,0.0000,0.0000,1,0,0,0,0,241,0,0,0,0
zc,WS209,2012-06-07 09:00:40.730,2435.0000,238742,2,0.0000,8.0000,5,3,多开,B,2434.0000,0.0000,0.0000,0.0000,0.0000,2436.0000,0.0000,0.0000,0.0000,0.0000,14,0,0,0,0,240,0,0,0,0
zc,WS209,2012-06-07 09:00:41.963,2435.0000,238728,-14,0.0000,22.0000,4,18,空平,B,2434.0000,0.0000,0.0000,0.0000,0.0000,2436.0000,0.0000,0.0000,0.0000,0.0000,5,0,0,0,0,240,0,0,0,0
zc,WS209,2012-06-07 09:00:42.480,2435.0000,238728,0,0.0000,2.0000,1,1,多换,B,2434.0000,0.0000,0.0000,0.0000,0.0000,2436.0000,0.0000,0.0000,0.0000,0.0000,6,0,0,0,0,69,0,0,0,0
zc,WS209,2012-06-07 09:00:43.197,2434.0000,238720,-8,0.0000,34.0000,13,21,多平,S,2433.0000,0.0000,0.0000,0.0000,0.0000,2434.0000,0.0000,0.0000,0.0000,0.0000,43,0,0,0,0,157,0,0,0,0
zc,WS209,2012-06-07 09:00:43.683,2434.0000,238720,0,0.0000,2.0000,1,1,空换,S,2433.0000,0.0000,0.0000,0.0000,0.0000,2434.0000,0.0000,0.0000,0.0000,0.0000,31,0,0,0,0,156,0,0,0,0
zc,WS209,2012-06-07 09:00:44.197,2434.0000,238720,0,0.0000,124.0000,62,62,空换,S,2433.0000,0.0000,0.0000,0.0000,0.0000,2434.0000,0.0000,0.0000,0.0000,0.0000,52,0,0,0,0,94,0,0,0,0
zc,WS209,2012-06-07 09:00:44.683,2434.0000,238720,0,0.0000,0.0000,0,0,空换,S,2433.0000,0.0000,0.0000,0.0000,0.0000,2434.0000,0.0000,0.0000,0.0000,0.0000,36,0,0,0,0,94,0,0,0,0
zc,WS209,2012-06-07 09:00:45.417,2434.0000,238720,0,0.0000,8.0000,4,4,空换,S,2433.0000,0.0000,0.0000,0.0000,0.0000,2434.0000,0.0000,0.0000,0.0000,0.0000,36,0,0,0,0,91,0,0,0,0
zc,WS209,2012-06-07 09:00:45.900,2434.0000,238720,0,0.0000,16.0000,8,8,空换,S,2433.0000,0.0000,0.0000,0.0000,0.0000,2434.0000,0.0000,0.0000,0.0000,0.0000,24,0,0,0,0,83,0,0,0,0
zc,WS209,2012-06-07 09:00:46.730,2434.0000,238718,-2,0.0000,2.0000,0,2,双平,S,2433.0000,0.0000,0.0000,0.0000,0.0000,2434.0000,0.0000,0.0000,0.0000,0.0000,24,0,0,0,0,82,0,0,0,0
zc,WS209,2012-06-07 09:00:47.197,2434.0000,238718,0,0.0000,0.0000,0,0,空换,S,2433.0000,0.0000,0.0000,0.0000,0.0000,2434.0000,0.0000,0.0000,0.0000,0.0000,24,0,0,0,0,122,0,0,0,0
zc,WS209,2012-06-07 09:00:47.917,2433.0000,238720,2,0.0000,4.0000,3,1,空开,S,2433.0000,0.0000,0.0000,0.0000,0.0000,2434.0000,0.0000,0.0000,0.0000,0.0000,22,0,0,0,0,122,0,0,0,0
zc,WS209,2012-06-07 09:00:48.730,2434.0000,238720,0,0.0000,6.0000,3,3,多换,B,2433.0000,0.0000,0.0000,0.0000,0.0000,2434.0000,0.0000,0.0000,0.0000,0.0000,22,0,0,0,0,120,0,0,0,0
zc,WS209,2012-06-07 09:00:49.400,2433.0000,238722,2,0.0000,6.0000,4,2,空开,S,2433.0000,0.0000,0.0000,0.0000,0.0000,2434.0000,0.0000,0.0000,0.0000,0.0000,19,0,0,0,0,120,0,0,0,0
zc,WS209,2012-06-07 09:00:49.900,2433.0000,238722,0,0.0000,6.0000,3,3,空换,S,2433.0000,0.0000,0.0000,0.0000,0.0000,2434.0000,0.0000,0.0000,0.0000,0.0000,16,0,0,0,0,120,0,0,0,0
zc,WS209,2012-06-07 09:00:50.713,2433.0000,238714,-8,0.0000,16.0000,4,12,多平,S,2433.0000,0.0000,0.0000,0.0000,0.0000,2434.0000,0.0000,0.0000,0.0000,0.0000,8,0,0,0,0,120,0,0,0,0
zc,WS209,2012-06-07 09:00:51.167,2433.0000,238712,-2,0.0000,6.0000,2,4,多平,S,2433.0000,0.0000,0.0000,0.0000,0.0000,2434.0000,0.0000,0.0000,0.0000,0.0000,5,0,0,0,0,109,0,0,0,0
zc,WS209,2012-06-07 09:00:51.900,2433.0000,238710,-2,0.0000,6.0000,2,4,多平,S,2433.0000,0.0000,0.0000,0.0000,0.0000,2434.0000,0.0000,0.0000,0.0000,0.0000,2,0,0,0,0,91,0,0,0,0
zc,WS209,2012-06-07 09:00:52.400,2433.0000,238744,34,0.0000,42.0000,38,4,空开,S,2433.0000,0.0000,0.0000,0.0000,0.0000,2434.0000,0.0000,0.0000,0.0000,0.0000,1,0,0,0,0,102,0,0,0,0
zc,WS209,2012-06-07 09:00:53.197,2433.0000,238746,2,0.0000,2.0000,2,0,双开,S,2432.0000,0.0000,0.0000,0.0000,0.0000,2433.0000,0.0000,0.0000,0.0000,0.0000,12,0,0,0,0,2,0,0,0,0
zc,WS209,2012-06-07 09:00:53.963,2433.0000,238758,12,0.0000,78.0000,45,33,空开,S,2432.0000,0.0000,0.0000,0.0000,0.0000,2433.0000,0.0000,0.0000,0.0000,0.0000,24,0,0,0,0,18,0,0,0,0
zc,WS209,2012-06-07 09:00:54.447,2432.0000,238758,0,0.0000,10.0000,5,5,空换,S,2432.0000,0.0000,0.0000,0.0000,0.0000,2433.0000,0.0000,0.0000,0.0000,0.0000,8,0,0,0,0,19,0,0,0,0
zc,WS209,2012-06-07 09:00:55.167,2433.0000,238758,0,0.0000,2.0000,1,1,多换,B,2432.0000,0.0000,0.0000,0.0000,0.0000,2433.0000,0.0000,0.0000,0.0000,0.0000,17,0,0,0,0,32,0,0,0,0
zc,WS209,2012-06-07 09:00:55.683,2432.0000,238758,0,0.0000,24.0000,12,12,空换,S,2432.0000,0.0000,0.0000,0.0000,0.0000,2433.0000,0.0000,0.0000,0.0000,0.0000,13,0,0,0,0,19,0,0,0,0
zc,WS209,2012-06-07 09:00:56.417,2432.0000,238746,-12,0.0000,24.0000,6,18,多平,S,2432.0000,0.0000,0.0000,0.0000,0.0000,2433.0000,0.0000,0.0000,0.0000,0.0000,3,0,0,0,0,39,0,0,0,0
zc,WS209,2012-06-07 09:00:56.637,2432.0000,238740,-6,0.0000,8.0000,1,7,多平,S,2431.0000,0.0000,0.0000,0.0000,0.0000,2433.0000,0.0000,0.0000,0.0000,0.0000,6,0,0,0,0,35,0,0,0,0
zc,WS209,2012-06-07 09:00:57.447,2433.0000,238742,2,0.0000,4.0000,3,1,多开,B,2431.0000,0.0000,0.0000,0.0000,0.0000,2433.0000,0.0000,0.0000,0.0000,0.0000,13,0,0,0,0,36,0,0,0,0
zc,WS209,2012-06-07 09:00:57.963,2433.0000,238742,0,0.0000,0.0000,0,0,多换,B,2431.0000,0.0000,0.0000,0.0000,0.0000,2433.0000,0.0000,0.0000,0.0000,0.0000,8,0,0,0,0,37,0,0,0,0
zc,WS209,2012-06-07 09:00:58.963,2433.0000,238742,0,0.0000,0.0000,0,0,多换,B,2431.0000,0.0000,0.0000,0.0000,0.0000,2432.0000,0.0000,0.0000,0.0000,0.0000,4,0,0,0,0,17,0,0,0,0
zc,WS209,2012-06-07 09:01:00.620,2432.0000,238746,4,0.0000,14.0000,9,5,空开,S,2431.0000,0.0000,0.0000,0.0000,0.0000,2432.0000,0.0000,0.0000,0.0000,0.0000,2,0,0,0,0,12,0,0,0,0
zc,WS209,2012-06-07 09:01:01.400,2431.0000,238746,0,0.0000,6.0000,3,3,空换,S,2430.0000,0.0000,0.0000,0.0000,0.0000,2431.0000,0.0000,0.0000,0.0000,0.0000,84,0,0,0,0,24,0,0,0,0
zc,WS209,2012-06-07 09:01:01.887,2431.0000,238746,0,0.0000,20.0000,10,10,空换,S,2430.0000,0.0000,0.0000,0.0000,0.0000,2431.0000,0.0000,0.0000,0.0000,0.0000,76,0,0,0,0,14,0,0,0,0
zc,WS209,2012-06-07 09:01:02.650,2431.0000,238746,0,0.0000,16.0000,8,8,空换,S,2430.0000,0.0000,0.0000,0.0000,0.0000,2431.0000,0.0000,0.0000,0.0000,0.0000,75,0,0,0,0,6,0,0,0,0
zc,WS209,2012-06-07 09:01:03.150,2431.0000,238732,-14,0.0000,14.0000,0,14,双平,S,2431.0000,0.0000,0.0000,0.0000,0.0000,2433.0000,0.0000,0.0000,0.0000,0.0000,3,0,0,0,0,23,0,0,0,0
zc,WS209,2012-06-07 09:01:03.933,2433.0000,238730,-2,0.0000,2.0000,0,2,双平,B,2431.0000,0.0000,0.0000,0.0000,0.0000,2433.0000,0.0000,0.0000,0.0000,0.0000,3,0,0,0,0,22,0,0,0,0
zc,WS209,2012-06-07 09:01:04.417,2433.0000,238730,0,0.0000,0.0000,0,0,多换,B,2431.0000,0.0000,0.0000,0.0000,0.0000,2433.0000,0.0000,0.0000,0.0000,0.0000,3,0,0,0,0,20,0,0,0,0
zc,WS209,2012-06-07 09:01:05.137,2431.0000,238730,0,0.0000,22.0000,11,11,空换,S,2431.0000,0.0000,0.0000,0.0000,0.0000,2433.0000,0.0000,0.0000,0.0000,0.0000,5,0,0,0,0,20,0,0,0,0
zc,WS209,2012-06-07 09:01:05.667,2431.0000,238730,0,0.0000,0.0000,0,0,空换,S,2431.0000,0.0000,0.0000,0.0000,0.0000,2433.0000,0.0000,0.0000,0.0000,0.0000,7,0,0,0,0,21,0,0,0,0
zc,WS209,2012-06-07 09:01:06.417,2431.0000,238728,-2,0.0000,2.0000,0,2,双平,S,2431.0000,0.0000,0.0000,0.0000,0.0000,2433.0000,0.0000,0.0000,0.0000,0.0000,6,0,0,0,0,21,0,0,0,0
zc,WS209,2012-06-07 09:01:06.933,2431.0000,238728,0,0.0000,0.0000,0,0,空换,S,2431.0000,0.0000,0.0000,0.0000,0.0000,2433.0000,0.0000,0.0000,0.0000,0.0000,6,0,0,0,0,22,0,0,0,0
zc,WS209,2012-06-07 09:01:07.620,2433.0000,238726,-2,0.0000,4.0000,1,3,空平,B,2431.0000,0.0000,0.0000,0.0000,0.0000,2433.0000,0.0000,0.0000,0.0000,0.0000,25,0,0,0,0,22,0,0,0,0
zc,WS209,2012-06-07 09:01:08.150,2432.0000,238726,0,0.0000,6.0000,3,3,空换,S,2432.0000,0.0000,0.0000,0.0000,0.0000,2433.0000,0.0000,0.0000,0.0000,0.0000,2,0,0,0,0,22,0,0,0,0
zc,WS209,2012-06-07 09:01:10.167,2432.0000,238724,-2,0.0000,8.0000,3,5,多平,S,2431.0000,0.0000,0.0000,0.0000,0.0000,2432.0000,0.0000,0.0000,0.0000,0.0000,30,0,0,0,0,98,0,0,0,0
zc,WS209,2012-06-07 09:01:10.917,2431.0000,238724,0,0.0000,20.0000,10,10,空换,S,2431.0000,0.0000,0.0000,0.0000,0.0000,2432.0000,0.0000,0.0000,0.0000,0.0000,21,0,0,0,0,98,0,0,0,0
zc,WS209,2012-06-07 09:01:12.197,2432.0000,238604,-120,0.0000,216.0000,48,168,空平,B,2431.0000,0.0000,0.0000,0.0000,0.0000,2432.0000,0.0000,0.0000,0.0000,0.0000,23,0,0,0,0,69,0,0,0,0
zc,WS209,2012-06-07 09:01:13.447,2431.0000,238604,0,0.0000,2.0000,1,1,空换,S,2431.0000,0.0000,0.0000,0.0000,0.0000,2432.0000,0.0000,0.0000,0.0000,0.0000,22,0,0,0,0,69,0,0,0,0
zc,WS209,2012-06-07 09:01:13.697,2431.0000,238604,0,0.0000,0.0000,0,0,空换,S,2431.0000,0.0000,0.0000,0.0000,0.0000,2432.0000,0.0000,0.0000,0.0000,0.0000,23,0,0,0,0,69,0,0,0,0
zc,WS209,2012-06-07 09:01:14.683,2432.0000,238602,-2,0.0000,2.0000,0,2,双平,B,2431.0000,0.0000,0.0000,0.0000,0.0000,2432.0000,0.0000,0.0000,0.0000,0.0000,27,0,0,0,0,69,0,0,0,0
zc,WS209,2012-06-07 09:01:15.167,2432.0000,238602,0,0.0000,2.0000,1,1,多换,B,2431.0000,0.0000,0.0000,0.0000,0.0000,2432.0000,0.0000,0.0000,0.0000,0.0000,28,0,0,0,0,68,0,0,0,0
zc,WS209,2012-06-07 09:01:15.947,2432.0000,238604,2,0.0000,4.0000,3,1,多开,B,2431.0000,0.0000,0.0000,0.0000,0.0000,2433.0000,0.0000,0.0000,0.0000,0.0000,27,0,0,0,0,70,0,0,0,0
zc,WS209,2012-06-07 09:01:17.277,2431.0000,238602,-2,0.0000,132.0000,65,67,多平,S,2432.0000,0.0000,0.0000,0.0000,0.0000,2433.0000,0.0000,0.0000,0.0000,0.0000,3,0,0,0,0,57,0,0,0,0
zc,WS209,2012-06-07 09:01:17.713,2431.0000,238602,0,0.0000,0.0000,0,0,空换,S,2432.0000,0.0000,0.0000,0.0000,0.0000,2433.0000,0.0000,0.0000,0.0000,0.0000,8,0,0,0,0,57,0,0,0,0
zc,WS209,2012-06-07 09:01:18.433,2431.0000,238602,0,0.0000,0.0000,0,0,空换,S,2432.0000,0.0000,0.0000,0.0000,0.0000,2433.0000,0.0000,0.0000,0.0000,0.0000,9,0,0,0,0,114,0,0,0,0
zc,WS209,2012-06-07 09:01:18.997,2432.0000,238602,0,0.0000,4.0000,2,2,多换,B,2432.0000,0.0000,0.0000,0.0000,0.0000,2433.0000,0.0000,0.0000,0.0000,0.0000,9,0,0,0,0,114,0,0,0,0
zc,WS209,2012-06-07 09:01:19.667,2432.0000,238602,0,0.0000,2.0000,1,1,多换,B,2432.0000,0.0000,0.0000,0.0000,0.0000,2433.0000,0.0000,0.0000,0.0000,0.0000,9,0,0,0,0,114,0,0,0,0
zc,WS209,2012-06-07 09:01:21.150,2432.0000,238616,14,0.0000,16.0000,15,1,多开,B,2432.0000,0.0000,0.0000,0.0000,0.0000,2433.0000,0.0000,0.0000,0.0000,0.0000,2,0,0,0,0,115,0,0,0,0
zc,WS209,2012-06-07 09:01:21.917,2432.0000,238620,4,0.0000,4.0000,4,0,双开,B,2432.0000,0.0000,0.0000,0.0000,0.0000,2433.0000,0.0000,0.0000,0.0000,0.0000,2,0,0,0,0,115,0,0,0,0
zc,WS209,2012-06-07 09:01:22.713,2432.0000,238620,0,0.0000,4.0000,2,2,多换,B,2431.0000,0.0000,0.0000,0.0000,0.0000,2433.0000,0.0000,0.0000,0.0000,0.0000,12,0,0,0,0,115,0,0,0,0
zc,WS209,2012-06-07 09:01:23.947,2432.0000,238620,0,0.0000,0.0000,0,0,多换,B,2432.0000,0.0000,0.0000,0.0000,0.0000,2433.0000,0.0000,0.0000,0.0000,0.0000,100,0,0,0,0,115,0,0,0,0
zc,WS209,2012-06-07 09:01:24.150,2432.0000,238620,0,0.0000,2.0000,1,1,多换,B,2432.0000,0.0000,0.0000,0.0000,0.0000,2433.0000,0.0000,0.0000,0.0000,0.0000,99,0,0,0,0,115,0,0,0,0
zc,WS209,2012-06-07 09:01:25.400,2432.0000,238622,2,0.0000,2.0000,2,0,双开,B,2432.0000,0.0000,0.0000,0.0000,0.0000,2433.0000,0.0000,0.0000,0.0000,0.0000,98,0,0,0,0,115,0,0,0,0
zc,WS209,2012-06-07 09:01:26.463,2432.0000,238622,0,0.0000,0.0000,0,0,多换,B,2432.0000,0.0000,0.0000,0.0000,0.0000,2433.0000,0.0000,0.0000,0.0000,0.0000,99,0,0,0,0,115,0,0,0,0
zc,WS209,2012-06-07 09:01:26.650,2433.0000,238620,-2,0.0000,2.0000,0,2,双平,B,2432.0000,0.0000,0.0000,0.0000,0.0000,2433.0000,0.0000,0.0000,0.0000,0.0000,100,0,0,0,0,114,0,0,0,0
zc,WS209,2012-06-07 09:01:27.433,2432.0000,238618,-2,0.0000,40.0000,19,21,多平,S,2432.0000,0.0000,0.0000,0.0000,0.0000,2433.0000,0.0000,0.0000,0.0000,0.0000,81,0,0,0,0,113,0,0,0,0
zc,WS209,2012-06-07 09:01:28.667,2432.0000,238624,6,0.0000,6.0000,6,0,双开,S,2432.0000,0.0000,0.0000,0.0000,0.0000,2433.0000,0.0000,0.0000,0.0000,0.0000,78,0,0,0,0,113,0,0,0,0
zc,WS209,2012-06-07 09:01:29.103,2432.0000,238624,0,0.0000,0.0000,0,0,空换,S,2432.0000,0.0000,0.0000,0.0000,0.0000,2433.0000,0.0000,0.0000,0.0000,0.0000,54,0,0,0,0,113,0,0,0,0
zc,WS209,2012-06-07 09:01:29.917,2432.0000,238624,0,0.0000,10.0000,5,5,空换,S,2432.0000,0.0000,0.0000,0.0000,0.0000,2433.0000,0.0000,0.0000,0.0000,0.0000,18,0,0,0,0,113,0,0,0,0
zc,WS209,2012-06-07 09:01:30.683,2433.0000,238626,2,0.0000,18.0000,10,8,多开,B,2432.0000,0.0000,0.0000,0.0000,0.0000,2433.0000,0.0000,0.0000,0.0000,0.0000,8,0,0,0,0,108,0,0,0,0
zc,WS209,2012-06-07 09:01:31.137,2432.0000,238662,36,0.0000,40.0000,38,2,空开,S,2431.0000,0.0000,0.0000,0.0000,0.0000,2433.0000,0.0000,0.0000,0.0000,0.0000,81,0,0,0,0,139,0,0,0,0
zc,WS209,2012-06-07 09:01:31.900,2432.0000,238658,-4,0.0000,6.0000,1,5,多平,S,2432.0000,0.0000,0.0000,0.0000,0.0000,2433.0000,0.0000,0.0000,0.0000,0.0000,4,0,0,0,0,133,0,0,0,0
zc,WS209,2012-06-07 09:01:32.637,2432.0000,238658,0,0.0000,20.0000,10,10,空换,S,2432.0000,0.0000,0.0000,0.0000,0.0000,2433.0000,0.0000,0.0000,0.0000,0.0000,1,0,0,0,0,109,0,0,0,0
zc,WS209,2012-06-07 09:01:33.150,2432.0000,238658,0,0.0000,2.0000,1,1,空换,S,2431.0000,0.0000,0.0000,0.0000,0.0000,2433.0000,0.0000,0.0000,0.0000,0.0000,76,0,0,0,0,109,0,0,0,0
zc,WS209,2012-06-07 09:01:33.900,2432.0000,238658,0,0.0000,0.0000,0,0,空换,S,2432.0000,0.0000,0.0000,0.0000,0.0000,2433.0000,0.0000,0.0000,0.0000,0.0000,45,0,0,0,0,112,0,0,0,0
zc,WS209,2012-06-07 09:01:34.650,2432.0000,238658,0,0.0000,0.0000,0,0,空换,S,2432.0000,0.0000,0.0000,0.0000,0.0000,2433.0000,0.0000,0.0000,0.0000,0.0000,46,0,0,0,0,112,0,0,0,0
zc,WS209,2012-06-07 09:01:35.400,2432.0000,238658,0,0.0000,0.0000,0,0,空换,S,2432.0000,0.0000,0.0000,0.0000,0.0000,2433.0000,0.0000,0.0000,0.0000,0.0000,2,0,0,0,0,140,0,0,0,0
zc,WS209,2012-06-07 09:01:35.900,2432.0000,238658,0,0.0000,0.0000,0,0,空换,S,2432.0000,0.0000,0.0000,0.0000,0.0000,2433.0000,0.0000,0.0000,0.0000,0.0000,4,0,0,0,0,113,0,0,0,0
zc,WS209,2012-06-07 09:01:36.387,2432.0000,238658,0,0.0000,0.0000,0,0,空换,S,2432.0000,0.0000,0.0000,0.0000,0.0000,2433.0000,0.0000,0.0000,0.0000,0.0000,15,0,0,0,0,112,0,0,0,0
zc,WS209,2012-06-07 09:01:37.167,2432.0000,238658,0,0.0000,0.0000,0,0,空换,S,2432.0000,0.0000,0.0000,0.0000,0.0000,2433.0000,0.0000,0.0000,0.0000,0.0000,20,0,0,0,0,112,0,0,0,0
zc,WS209,2012-06-07 09:01:37.400,2432.0000,238658,0,0.0000,0.0000,0,0,空换,S,2432.0000,0.0000,0.0000,0.0000,0.0000,2433.0000,0.0000,0.0000,0.0000,0.0000,24,0,0,0,0,113,0,0,0,0
zc,WS209,2012-06-07 09:01:38.167,2432.0000,238658,0,0.0000,0.0000,0,0,空换,S,2432.0000,0.0000,0.0000,0.0000,0.0000,2433.0000,0.0000,0.0000,0.0000,0.0000,12,0,0,0,0,141,0,0,0,0
zc,WS209,2012-06-07 09:01:38.650,2432.0000,238658,0,0.0000,0.0000,0,0,空换,S,2432.0000,0.0000,0.0000,0.0000,0.0000,2433.0000,0.0000,0.0000,0.0000,0.0000,13,0,0,0,0,141,0,0,0,0
zc,WS209,2012-06-07 09:01:39.917,2432.0000,238660,2,0.0000,2.0000,2,0,双开,S,2432.0000,0.0000,0.0000,0.0000,0.0000,2433.0000,0.0000,0.0000,0.0000,0.0000,16,0,0,0,0,141,0,0,0,0
zc,WS209,2012-06-07 09:01:40.697,2433.0000,238652,-8,0.0000,24.0000,8,16,空平,B,2432.0000,0.0000,0.0000,0.0000,0.0000,2433.0000,0.0000,0.0000,0.0000,0.0000,9,0,0,0,0,139,0,0,0,0
zc,WS209,2012-06-07 09:01:41.917,2432.0000,238654,2,0.0000,6.0000,4,2,空开,S,2432.0000,0.0000,0.0000,0.0000,0.0000,2433.0000,0.0000,0.0000,0.0000,0.0000,6,0,0,0,0,139,0,0,0,0
zc,WS209,2012-06-07 09:01:42.400,2432.0000,238654,0,0.0000,0.0000,0,0,空换,S,2432.0000,0.0000,0.0000,0.0000,0.0000,2433.0000,0.0000,0.0000,0.0000,0.0000,8,0,0,0,0,139,0,0,0,0
zc,WS209,2012-06-07 09:01:43.870,2432.0000,238654,0,0.0000,0.0000,0,0,空换,S,2432.0000,0.0000,0.0000,0.0000,0.0000,2433.0000,0.0000,0.0000,0.0000,0.0000,9,0,0,0,0,138,0,0,0,0
zc,WS209,2012-06-07 09:01:44.400,2432.0000,238650,-4,0.0000,8.0000,2,6,多平,S,2432.0000,0.0000,0.0000,0.0000,0.0000,2433.0000,0.0000,0.0000,0.0000,0.0000,5,0,0,0,0,134,0,0,0,0
zc,WS209,2012-06-07 09:01:45.103,2432.0000,238650,0,0.0000,0.0000,0,0,空换,S,2432.0000,0.0000,0.0000,0.0000,0.0000,2433.0000,0.0000,0.0000,0.0000,0.0000,6,0,0,0,0,135,0,0,0,0
zc,WS209,2012-06-07 09:01:45.650,2432.0000,238652,2,0.0000,6.0000,4,2,空开,S,2432.0000,0.0000,0.0000,0.0000,0.0000,2433.0000,0.0000,0.0000,0.0000,0.0000,3,0,0,0,0,135,0,0,0,0
zc,WS209,2012-06-07 09:01:46.433,2432.0000,238648,-4,0.0000,8.0000,2,6,多平,S,2431.0000,0.0000,0.0000,0.0000,0.0000,2432.0000,0.0000,0.0000,0.0000,0.0000,82,0,0,0,0,9,0,0,0,0
zc,WS209,2012-06-07 09:01:46.887,2432.0000,238648,0,0.0000,0.0000,0,0,空换,S,2431.0000,0.0000,0.0000,0.0000,0.0000,2432.0000,0.0000,0.0000,0.0000,0.0000,81,0,0,0,0,14,0,0,0,0
zc,WS209,2012-06-07 09:01:47.637,2432.0000,238646,-2,0.0000,34.0000,16,18,多平,S,2431.0000,0.0000,0.0000,0.0000,0.0000,2433.0000,0.0000,0.0000,0.0000,0.0000,67,0,0,0,0,121,0,0,0,0
zc,WS209,2012-06-07 09:01:48.150,2432.0000,238646,0,0.0000,0.0000,0,0,空换,S,2432.0000,0.0000,0.0000,0.0000,0.0000,2433.0000,0.0000,0.0000,0.0000,0.0000,32,0,0,0,0,113,0,0,0,0
zc,WS209,2012-06-07 09:01:48.933,2432.0000,238648,2,0.0000,12.0000,7,5,空开,S,2432.0000,0.0000,0.0000,0.0000,0.0000,2433.0000,0.0000,0.0000,0.0000,0.0000,26,0,0,0,0,113,0,0,0,0
zc,WS209,2012-06-07 09:01:49.370,2432.0000,238648,0,0.0000,0.0000,0,0,空换,S,2432.0000,0.0000,0.0000,0.0000,0.0000,2433.0000,0.0000,0.0000,0.0000,0.0000,23,0,0,0,0,113,0,0,0,0
zc,WS209,2012-06-07 09:01:49.900,2432.0000,238698,50,0.0000,50.0000,50,0,双开,S,2431.0000,0.0000,0.0000,0.0000,0.0000,2432.0000,0.0000,0.0000,0.0000,0.0000,38,0,0,0,0,25,0,0,0,0
zc,WS209,2012-06-07 09:01:50.400,2432.0000,238700,2,0.0000,2.0000,2,0,双开,S,2431.0000,0.0000,0.0000,0.0000,0.0000,2432.0000,0.0000,0.0000,0.0000,0.0000,57,0,0,0,0,24,0,0,0,0
zc,WS209,2012-06-07 09:01:51.150,2432.0000,238706,6,0.0000,6.0000,6,0,双开,S,2431.0000,0.0000,0.0000,0.0000,0.0000,2432.0000,0.0000,0.0000,0.0000,0.0000,57,0,0,0,0,22,0,0,0,0
zc,WS209,2012-06-07 09:01:51.933,2432.0000,238718,12,0.0000,12.0000,12,0,双开,S,2431.0000,0.0000,0.0000,0.0000,0.0000,2432.0000,0.0000,0.0000,0.0000,0.0000,53,0,0,0,0,16,0,0,0,0
zc,WS209,2012-06-07 09:01:52.667,2432.0000,238748,30,0.0000,32.0000,31,1,空开,S,2431.0000,0.0000,0.0000,0.0000,0.0000,2433.0000,0.0000,0.0000,0.0000,0.0000,47,0,0,0,0,130,0,0,0,0
zc,WS209,2012-06-07 09:01:53.137,2431.0000,238748,0,0.0000,6.0000,3,3,空换,S,2432.0000,0.0000,0.0000,0.0000,0.0000,2433.0000,0.0000,0.0000,0.0000,0.0000,1,0,0,0,0,131,0,0,0,0
zc,WS209,2012-06-07 09:01:55.637,2432.0000,238750,2,0.0000,2.0000,2,0,双开,B,2431.0000,0.0000,0.0000,0.0000,0.0000,2432.0000,0.0000,0.0000,0.0000,0.0000,43,0,0,0,0,1,0,0,0,0
zc,WS209,2012-06-07 09:01:56.370,2432.0000,238750,0,0.0000,14.0000,7,7,多换,B,2431.0000,0.0000,0.0000,0.0000,0.0000,2432.0000,0.0000,0.0000,0.0000,0.0000,41,0,0,0,0,4,0,0,0,0
zc,WS209,2012-06-07 09:01:57.417,2433.0000,238766,16,0.0000,268.0000,142,126,多开,B,2433.0000,0.0000,0.0000,0.0000,0.0000,2434.0000,0.0000,0.0000,0.0000,0.0000,66,0,0,0,0,49,0,0,0,0
zc,WS209,2012-06-07 09:01:58.197,2433.0000,238802,36,0.0000,112.0000,74,38,多开,B,2433.0000,0.0000,0.0000,0.0000,0.0000,2434.0000,0.0000,0.0000,0.0000,0.0000,10,0,0,0,0,45,0,0,0,0
zc,WS209,2012-06-07 09:01:58.667,2433.0000,238822,20,0.0000,20.0000,20,0,双开,B,2432.0000,0.0000,0.0000,0.0000,0.0000,2434.0000,0.0000,0.0000,0.0000,0.0000,8,0,0,0,0,45,0,0,0,0
zc,WS209,2012-06-07 09:01:59.337,2433.0000,238822,0,0.0000,0.0000,0,0,多换,B,2432.0000,0.0000,0.0000,0.0000,0.0000,2434.0000,0.0000,0.0000,0.0000,0.0000,8,0,0,0,0,46,0,0,0,0
zc,WS209,2012-06-07 09:01:59.853,2432.0000,238822,0,0.0000,2.0000,1,1,空换,S,2432.0000,0.0000,0.0000,0.0000,0.0000,2434.0000,0.0000,0.0000,0.0000,0.0000,8,0,0,0,0,46,0,0,0,0
zc,WS209,2012-06-07 09:02:00.683,2432.0000,238822,0,0.0000,4.0000,2,2,空换,S,2432.0000,0.0000,0.0000,0.0000,0.0000,2434.0000,0.0000,0.0000,0.0000,0.0000,7,0,0,0,0,46,0,0,0,0
zc,WS209,2012-06-07 09:02:01.150,2432.0000,238822,0,0.0000,0.0000,0,0,空换,S,2432.0000,0.0000,0.0000,0.0000,0.0000,2434.0000,0.0000,0.0000,0.0000,0.0000,27,0,0,0,0,46,0,0,0,0
zc,WS209,2012-06-07 09:02:01.853,2432.0000,238822,0,0.0000,0.0000,0,0,空换,S,2432.0000,0.0000,0.0000,0.0000,0.0000,2433.0000,0.0000,0.0000,0.0000,0.0000,17,0,0,0,0,2,0,0,0,0
zc,WS209,2012-06-07 09:02:02.400,2432.0000,238822,0,0.0000,0.0000,0,0,空换,S,2432.0000,0.0000,0.0000,0.0000,0.0000,2433.0000,0.0000,0.0000,0.0000,0.0000,17,0,0,0,0,3,0,0,0,0
zc,WS209,2012-06-07 09:02:03.150,2432.0000,238822,0,0.0000,0.0000,0,0,空换,S,2432.0000,0.0000,0.0000,0.0000,0.0000,2433.0000,0.0000,0.0000,0.0000,0.0000,17,0,0,0,0,29,0,0,0,0
zc,WS209,2012-06-07 09:02:03.667,2432.0000,238822,0,0.0000,0.0000,0,0,空换,S,2432.0000,0.0000,0.0000,0.0000,0.0000,2433.0000,0.0000,0.0000,0.0000,0.0000,18,0,0,0,0,29,0,0,0,0
zc,WS209,2012-06-07 09:02:04.387,2432.0000,238822,0,0.0000,0.0000,0,0,空换,S,2432.0000,0.0000,0.0000,0.0000,0.0000,2433.0000,0.0000,0.0000,0.0000,0.0000,21,0,0,0,0,29,0,0,0,0
zc,WS209,2012-06-07 09:02:04.853,2432.0000,238822,0,0.0000,0.0000,0,0,空换,S,2432.0000,0.0000,0.0000,0.0000,0.0000,2433.0000,0.0000,0.0000,0.0000,0.0000,23,0,0,0,0,29,0,0,0,0
zc,WS209,2012-06-07 09:02:05.697,2432.0000,238822,0,0.0000,8.0000,4,4,空换,S,2432.0000,0.0000,0.0000,0.0000,0.0000,2433.0000,0.0000,0.0000,0.0000,0.0000,21,0,0,0,0,29,0,0,0,0
zc,WS209,2012-06-07 09:02:08.433,2433.0000,238806,-16,0.0000,20.0000,2,18,空平,B,2432.0000,0.0000,0.0000,0.0000,0.0000,2433.0000,0.0000,0.0000,0.0000,0.0000,21,0,0,0,0,53,0,0,0,0
zc,WS209,2012-06-07 09:02:08.900,2433.0000,238806,0,0.0000,0.0000,0,0,多换,B,2432.0000,0.0000,0.0000,0.0000,0.0000,2433.0000,0.0000,0.0000,0.0000,0.0000,20,0,0,0,0,55,0,0,0,0
zc,WS209,2012-06-07 09:02:09.667,2432.0000,238806,0,0.0000,4.0000,2,2,空换,S,2432.0000,0.0000,0.0000,0.0000,0.0000,2433.0000,0.0000,0.0000,0.0000,0.0000,18,0,0,0,0,56,0,0,0,0
zc,WS209,2012-06-07 09:02:10.167,2432.0000,238806,0,0.0000,26.0000,13,13,空换,S,2432.0000,0.0000,0.0000,0.0000,0.0000,2433.0000,0.0000,0.0000,0.0000,0.0000,5,0,0,0,0,53,0,0,0,0
zc,WS209,2012-06-07 09:02:10.853,2432.0000,238806,0,0.0000,10.0000,5,5,空换,S,2431.0000,0.0000,0.0000,0.0000,0.0000,2432.0000,0.0000,0.0000,0.0000,0.0000,44,0,0,0,0,41,0,0,0,0
zc,WS209,2012-06-07 09:02:11.667,2432.0000,238806,0,0.0000,2.0000,1,1,空换,S,2431.0000,0.0000,0.0000,0.0000,0.0000,2432.0000,0.0000,0.0000,0.0000,0.0000,44,0,0,0,0,40,0,0,0,0
zc,WS209,2012-06-07 09:02:12.887,2432.0000,238804,-2,0.0000,4.0000,1,3,多平,S,2431.0000,0.0000,0.0000,0.0000,0.0000,2432.0000,0.0000,0.0000,0.0000,0.0000,44,0,0,0,0,38,0,0,0,0
zc,WS209,2012-06-07 09:02:13.370,2432.0000,238804,0,0.0000,16.0000,8,8,空换,S,2431.0000,0.0000,0.0000,0.0000,0.0000,2432.0000,0.0000,0.0000,0.0000,0.0000,47,0,0,0,0,30,0,0,0,0
zc,WS209,2012-06-07 09:02:14.167,2431.0000,238802,-2,0.0000,2.0000,0,2,双平,S,2431.0000,0.0000,0.0000,0.0000,0.0000,2432.0000,0.0000,0.0000,0.0000,0.0000,45,0,0,0,0,31,0,0,0,0
zc,WS209,2012-06-07 09:02:14.980,2432.0000,238802,0,0.0000,6.0000,3,3,多换,B,2431.0000,0.0000,0.0000,0.0000,0.0000,2432.0000,0.0000,0.0000,0.0000,0.0000,45,0,0,0,0,28,0,0,0,0
zc,WS209,2012-06-07 09:02:15.417,2432.0000,238802,0,0.0000,0.0000,0,0,多换,B,2431.0000,0.0000,0.0000,0.0000,0.0000,2432.0000,0.0000,0.0000,0.0000,0.0000,46,0,0,0,0,28,0,0,0,0
zc,WS209,2012-06-07 09:02:16.167,2431.0000,238802,0,0.0000,2.0000,1,1,空换,S,2431.0000,0.0000,0.0000,0.0000,0.0000,2432.0000,0.0000,0.0000,0.0000,0.0000,45,0,0,0,0,28,0,0,0,0
zc,WS209,2012-06-07 09:02:16.730,2432.0000,238798,-4,0.0000,4.0000,0,4,双平,B,2431.0000,0.0000,0.0000,0.0000,0.0000,2432.0000,0.0000,0.0000,0.0000,0.0000,45,0,0,0,0,26,0,0,0,0
zc,WS209,2012-06-07 09:02:17.900,2431.0000,238798,0,0.0000,4.0000,2,2,空换,S,2431.0000,0.0000,0.0000,0.0000,0.0000,2432.0000,0.0000,0.0000,0.0000,0.0000,44,0,0,0,0,25,0,0,0,0
zc,WS209,2012-06-07 09:02:18.370,2431.0000,238794,-4,0.0000,40.0000,18,22,多平,S,2431.0000,0.0000,0.0000,0.0000,0.0000,2432.0000,0.0000,0.0000,0.0000,0.0000,25,0,0,0,0,25,0,0,0,0
zc,WS209,2012-06-07 09:02:19.417,2431.0000,238794,0,0.0000,2.0000,1,1,空换,S,2431.0000,0.0000,0.0000,0.0000,0.0000,2432.0000,0.0000,0.0000,0.0000,0.0000,24,0,0,0,0,27,0,0,0,0
zc,WS209,2012-06-07 09:02:20.387,2431.0000,238778,-16,0.0000,48.0000,16,32,多平,S,2430.0000,0.0000,0.0000,0.0000,0.0000,2431.0000,0.0000,0.0000,0.0000,0.0000,104,0,0,0,0,2,0,0,0,0
zc,WS209,2012-06-07 09:02:20.637,2430.0000,238778,0,0.0000,6.0000,3,3,空换,S,2430.0000,0.0000,0.0000,0.0000,0.0000,2431.0000,0.0000,0.0000,0.0000,0.0000,103,0,0,0,0,2,0,0,0,0
zc,WS209,2012-06-07 09:02:21.337,2431.0000,238774,-4,0.0000,4.0000,0,4,双平,B,2430.0000,0.0000,0.0000,0.0000,0.0000,2432.0000,0.0000,0.0000,0.0000,0.0000,103,0,0,0,0,31,0,0,0,0
zc,WS209,2012-06-07 09:02:21.963,2431.0000,238774,0,0.0000,0.0000,0,0,多换,B,2431.0000,0.0000,0.0000,0.0000,0.0000,2432.0000,0.0000,0.0000,0.0000,0.0000,5,0,0,0,0,31,0,0,0,0
zc,WS209,2012-06-07 09:02:22.637,2431.0000,238774,0,0.0000,10.0000,5,5,多换,B,2430.0000,0.0000,0.0000,0.0000,0.0000,2432.0000,0.0000,0.0000,0.0000,0.0000,103,0,0,0,0,32,0,0,0,0
zc,WS209,2012-06-07 09:02:23.933,2431.0000,238774,0,0.0000,0.0000,0,0,多换,B,2430.0000,0.0000,0.0000,0.0000,0.0000,2432.0000,0.0000,0.0000,0.0000,0.0000,109,0,0,0,0,32,0,0,0,0
zc,WS209,2012-06-07 09:02:24.447,2431.0000,238774,0,0.0000,0.0000,0,0,多换,B,2430.0000,0.0000,0.0000,0.0000,0.0000,2431.0000,0.0000,0.0000,0.0000,0.0000,99,0,0,0,0,15,0,0,0,0
zc,WS209,2012-06-07 09:02:25.197,2431.0000,238774,0,0.0000,6.0000,3,3,多换,B,2430.0000,0.0000,0.0000,0.0000,0.0000,2431.0000,0.0000,0.0000,0.0000,0.0000,99,0,0,0,0,16,0,0,0,0
zc,WS209,2012-06-07 09:02:25.650,2431.0000,238774,0,0.0000,12.0000,6,6,多换,B,2430.0000,0.0000,0.0000,0.0000,0.0000,2431.0000,0.0000,0.0000,0.0000,0.0000,94,0,0,0,0,115,0,0,0,0
zc,WS209,2012-06-07 09:02:26.683,2430.0000,238784,10,0.0000,10.0000,10,0,双开,S,2430.0000,0.0000,0.0000,0.0000,0.0000,2431.0000,0.0000,0.0000,0.0000,0.0000,88,0,0,0,0,115,0,0,0,0
zc,WS209,2012-06-07 09:02:27.137,2430.0000,238784,0,0.0000,0.0000,0,0,空换,S,2430.0000,0.0000,0.0000,0.0000,0.0000,2431.0000,0.0000,0.0000,0.0000,0.0000,88,0,0,0,0,102,0,0,0,0
zc,WS209,2012-06-07 09:02:28.417,2430.0000,238750,-34,0.0000,176.0000,71,105,多平,S,2429.0000,0.0000,0.0000,0.0000,0.0000,2430.0000,0.0000,0.0000,0.0000,0.0000,14,0,0,0,0,12,0,0,0,0
zc,WS209,2012-06-07 09:02:29.120,2430.0000,238750,0,0.0000,8.0000,4,4,空换,S,2429.0000,0.0000,0.0000,0.0000,0.0000,2430.0000,0.0000,0.0000,0.0000,0.0000,16,0,0,0,0,9,0,0,0,0
zc,WS209,2012-06-07 09:02:29.650,2430.0000,238750,0,0.0000,6.0000,3,3,空换,S,2429.0000,0.0000,0.0000,0.0000,0.0000,2430.0000,0.0000,0.0000,0.0000,0.0000,16,0,0,0,0,6,0,0,0,0
zc,WS209,2012-06-07 09:02:30.887,2430.0000,238750,0,0.0000,4.0000,2,2,空换,S,2429.0000,0.0000,0.0000,0.0000,0.0000,2430.0000,0.0000,0.0000,0.0000,0.0000,17,0,0,0,0,4,0,0,0,0
zc,WS209,2012-06-07 09:02:32.120,2430.0000,238750,0,0.0000,0.0000,0,0,空换,S,2429.0000,0.0000,0.0000,0.0000,0.0000,2430.0000,0.0000,0.0000,0.0000,0.0000,17,0,0,0,0,19,0,0,0,0
zc,WS209,2012-06-07 09:02:33.933,2429.0000,238734,-16,0.0000,24.0000,4,20,多平,S,2429.0000,0.0000,0.0000,0.0000,0.0000,2430.0000,0.0000,0.0000,0.0000,0.0000,5,0,0,0,0,20,0,0,0,0
zc,WS209,2012-06-07 09:02:34.650,2430.0000,238734,0,0.0000,2.0000,1,1,多换,B,2429.0000,0.0000,0.0000,0.0000,0.0000,2430.0000,0.0000,0.0000,0.0000,0.0000,5,0,0,0,0,18,0,0,0,0
zc,WS209,2012-06-07 09:02:34.900,2429.0000,238734,0,0.0000,10.0000,5,5,空换,S,2428.0000,0.0000,0.0000,0.0000,0.0000,2430.0000,0.0000,0.0000,0.0000,0.0000,9,0,0,0,0,1,0,0,0,0
zc,WS209,2012-06-07 09:02:35.963,2429.0000,238734,0,0.0000,4.0000,2,2,空换,S,2428.0000,0.0000,0.0000,0.0000,0.0000,2430.0000,0.0000,0.0000,0.0000,0.0000,14,0,0,0,0,1,0,0,0,0
zc,WS209,2012-06-07 09:02:36.167,2430.0000,238734,0,0.0000,2.0000,1,1,多换,B,2428.0000,0.0000,0.0000,0.0000,0.0000,2430.0000,0.0000,0.0000,0.0000,0.0000,14,0,0,0,0,1,0,0,0,0
zc,WS209,2012-06-07 09:02:38.120,2430.0000,238734,0,0.0000,0.0000,0,0,多换,B,2428.0000,0.0000,0.0000,0.0000,0.0000,2430.0000,0.0000,0.0000,0.0000,0.0000,14,0,0,0,0,2,0,0,0,0
zc,WS209,2012-06-07 09:02:38.650,2430.0000,238734,0,0.0000,0.0000,0,0,多换,B,2429.0000,0.0000,0.0000,0.0000,0.0000,2430.0000,0.0000,0.0000,0.0000,0.0000,4,0,0,0,0,19,0,0,0,0
zc,WS209,2012-06-07 09:02:39.150,2430.0000,238734,0,0.0000,0.0000,0,0,多换,B,2429.0000,0.0000,0.0000,0.0000,0.0000,2430.0000,0.0000,0.0000,0.0000,0.0000,7,0,0,0,0,19,0,0,0,0
zc,WS209,2012-06-07 09:02:40.370,2430.0000,238758,24,0.0000,42.0000,33,9,多开,B,2430.0000,0.0000,0.0000,0.0000,0.0000,2431.0000,0.0000,0.0000,0.0000,0.0000,3,0,0,0,0,95,0,0,0,0
zc,WS209,2012-06-07 09:02:41.183,2430.0000,238872,114,0.0000,120.0000,117,3,多开,B,2430.0000,0.0000,0.0000,0.0000,0.0000,2431.0000,0.0000,0.0000,0.0000,0.0000,1,0,0,0,0,95,0,0,0,0
zc,WS209,2012-06-07 09:02:41.713,2430.0000,238872,0,0.0000,0.0000,0,0,多换,B,2430.0000,0.0000,0.0000,0.0000,0.0000,2431.0000,0.0000,0.0000,0.0000,0.0000,2,0,0,0,0,95,0,0,0,0
zc,WS209,2012-06-07 09:02:42.417,2429.0000,238902,30,0.0000,36.0000,33,3,空开,S,2429.0000,0.0000,0.0000,0.0000,0.0000,2431.0000,0.0000,0.0000,0.0000,0.0000,4,0,0,0,0,95,0,0,0,0
zc,WS209,2012-06-07 09:02:42.900,2429.0000,238902,0,0.0000,4.0000,2,2,空换,S,2429.0000,0.0000,0.0000,0.0000,0.0000,2430.0000,0.0000,0.0000,0.0000,0.0000,2,0,0,0,0,6,0,0,0,0
zc,WS209,2012-06-07 09:02:43.683,2429.0000,238902,0,0.0000,0.0000,0,0,空换,S,2429.0000,0.0000,0.0000,0.0000,0.0000,2430.0000,0.0000,0.0000,0.0000,0.0000,4,0,0,0,0,6,0,0,0,0
zc,WS209,2012-06-07 09:02:44.150,2430.0000,238902,0,0.0000,2.0000,1,1,多换,B,2429.0000,0.0000,0.0000,0.0000,0.0000,2430.0000,0.0000,0.0000,0.0000,0.0000,5,0,0,0,0,6,0,0,0,0
zc,WS209,2012-06-07 09:02:44.917,2429.0000,238938,36,0.0000,106.0000,71,35,空开,S,2429.0000,0.0000,0.0000,0.0000,0.0000,2430.0000,0.0000,0.0000,0.0000,0.0000,4,0,0,0,0,1,0,0,0,0
zc,WS209,2012-06-07 09:02:45.387,2431.0000,238808,-130,0.0000,134.0000,2,132,空平,B,2431.0000,0.0000,0.0000,0.0000,0.0000,2432.0000,0.0000,0.0000,0.0000,0.0000,33,0,0,0,0,29,0,0,0,0
zc,WS209,2012-06-07 09:02:46.120,2431.0000,238808,0,0.0000,4.0000,2,2,多换,B,2431.0000,0.0000,0.0000,0.0000,0.0000,2432.0000,0.0000,0.0000,0.0000,0.0000,31,0,0,0,0,29,0,0,0,0
zc,WS209,2012-06-07 09:02:46.637,2431.0000,238806,-2,0.0000,6.0000,2,4,空平,B,2431.0000,0.0000,0.0000,0.0000,0.0000,2432.0000,0.0000,0.0000,0.0000,0.0000,28,0,0,0,0,58,0,0,0,0
zc,WS209,2012-06-07 09:02:47.183,2431.0000,238804,-2,0.0000,2.0000,0,2,双平,B,2431.0000,0.0000,0.0000,0.0000,0.0000,2432.0000,0.0000,0.0000,0.0000,0.0000,27,0,0,0,0,57,0,0,0,0
zc,WS209,2012-06-07 09:02:47.963,2431.0000,238776,-28,0.0000,28.0000,0,28,双平,B,2431.0000,0.0000,0.0000,0.0000,0.0000,2432.0000,0.0000,0.0000,0.0000,0.0000,13,0,0,0,0,45,0,0,0,0
zc,WS209,2012-06-07 09:02:48.417,2431.0000,238774,-2,0.0000,2.0000,0,2,双平,B,2431.0000,0.0000,0.0000,0.0000,0.0000,2432.0000,0.0000,0.0000,0.0000,0.0000,12,0,0,0,0,45,0,0,0,0
zc,WS209,2012-06-07 09:02:49.667,2431.0000,238772,-2,0.0000,2.0000,0,2,双平,B,2431.0000,0.0000,0.0000,0.0000,0.0000,2432.0000,0.0000,0.0000,0.0000,0.0000,11,0,0,0,0,44,0,0,0,0
zc,WS209,2012-06-07 09:02:50.433,2431.0000,238770,-2,0.0000,2.0000,0,2,双平,B,2431.0000,0.0000,0.0000,0.0000,0.0000,2432.0000,0.0000,0.0000,0.0000,0.0000,10,0,0,0,0,43,0,0,0,0
zc,WS209,2012-06-07 09:02:50.947,2431.0000,238770,0,0.0000,6.0000,3,3,多换,B,2431.0000,0.0000,0.0000,0.0000,0.0000,2432.0000,0.0000,0.0000,0.0000,0.0000,7,0,0,0,0,43,0,0,0,0
zc,WS209,2012-06-07 09:02:51.900,2431.0000,238766,-4,0.0000,6.0000,1,5,空平,B,2431.0000,0.0000,0.0000,0.0000,0.0000,2432.0000,0.0000,0.0000,0.0000,0.0000,4,0,0,0,0,41,0,0,0,0
zc,WS209,2012-06-07 09:02:52.433,2431.0000,238758,-8,0.0000,8.0000,0,8,双平,B,2430.0000,0.0000,0.0000,0.0000,0.0000,2432.0000,0.0000,0.0000,0.0000,0.0000,1,0,0,0,0,37,0,0,0,0
zc,WS209,2012-06-07 09:02:53.150,2431.0000,238758,0,0.0000,0.0000,0,0,多换,B,2430.0000,0.0000,0.0000,0.0000,0.0000,2431.0000,0.0000,0.0000,0.0000,0.0000,3,0,0,0,0,8,0,0,0,0
zc,WS209,2012-06-07 09:02:53.637,2430.0000,238758,0,0.0000,2.0000,1,1,空换,S,2430.0000,0.0000,0.0000,0.0000,0.0000,2432.0000,0.0000,0.0000,0.0000,0.0000,37,0,0,0,0,29,0,0,0,0
zc,WS209,2012-06-07 09:02:54.900,2430.0000,238758,0,0.0000,0.0000,0,0,空换,S,2431.0000,0.0000,0.0000,0.0000,0.0000,2432.0000,0.0000,0.0000,0.0000,0.0000,3,0,0,0,0,27,0,0,0,0
zc,WS209,2012-06-07 09:02:55.683,2430.0000,238758,0,0.0000,0.0000,0,0,空换,S,2431.0000,0.0000,0.0000,0.0000,0.0000,2432.0000,0.0000,0.0000,0.0000,0.0000,6,0,0,0,0,37,0,0,0,0
zc,WS209,2012-06-07 09:02:56.137,2430.0000,238758,0,0.0000,0.0000,0,0,空换,S,2431.0000,0.0000,0.0000,0.0000,0.0000,2432.0000,0.0000,0.0000,0.0000,0.0000,8,0,0,0,0,38,0,0,0,0
zc,WS209,2012-06-07 09:02:57.230,2430.0000,238758,0,0.0000,4.0000,2,2,空换,S,2431.0000,0.0000,0.0000,0.0000,0.0000,2432.0000,0.0000,0.0000,0.0000,0.0000,7,0,0,0,0,38,0,0,0,0
zc,WS209,2012-06-07 09:02:57.900,2432.0000,238758,0,0.0000,2.0000,1,1,多换,B,2431.0000,0.0000,0.0000,0.0000,0.0000,2432.0000,0.0000,0.0000,0.0000,0.0000,7,0,0,0,0,37,0,0,0,0
zc,WS209,2012-06-07 09:02:58.667,2431.0000,238758,0,0.0000,2.0000,1,1,空换,S,2431.0000,0.0000,0.0000,0.0000,0.0000,2432.0000,0.0000,0.0000,0.0000,0.0000,7,0,0,0,0,37,0,0,0,0
zc,WS209,2012-06-07 09:02:59.183,2431.0000,238758,0,0.0000,0.0000,0,0,空换,S,2431.0000,0.0000,0.0000,0.0000,0.0000,2432.0000,0.0000,0.0000,0.0000,0.0000,7,0,0,0,0,47,0,0,0,0
zc,WS209,2012-06-07 09:02:59.933,2432.0000,238754,-4,0.0000,4.0000,0,4,双平,B,2431.0000,0.0000,0.0000,0.0000,0.0000,2432.0000,0.0000,0.0000,0.0000,0.0000,7,0,0,0,0,51,0,0,0,0
zc,WS209,2012-06-07 09:03:00.400,2432.0000,238754,0,0.0000,0.0000,0,0,多换,B,2431.0000,0.0000,0.0000,0.0000,0.0000,2432.0000,0.0000,0.0000,0.0000,0.0000,41,0,0,0,0,41,0,0,0,0
zc,WS209,2012-06-07 09:03:02.447,2432.0000,238754,0,0.0000,0.0000,0,0,多换,B,2431.0000,0.0000,0.0000,0.0000,0.0000,2432.0000,0.0000,0.0000,0.0000,0.0000,42,0,0,0,0,41,0,0,0,0
zc,WS209,2012-06-07 09:03:03.150,2431.0000,238754,0,0.0000,2.0000,1,1,空换,S,2431.0000,0.0000,0.0000,0.0000,0.0000,2432.0000,0.0000,0.0000,0.0000,0.0000,41,0,0,0,0,41,0,0,0,0
zc,WS209,2012-06-07 09:03:03.667,2432.0000,238750,-4,0.0000,4.0000,0,4,双平,B,2431.0000,0.0000,0.0000,0.0000,0.0000,2432.0000,0.0000,0.0000,0.0000,0.0000,42,0,0,0,0,41,0,0,0,0
zc,WS209,2012-06-07 09:03:04.150,2432.0000,238750,0,0.0000,0.0000,0,0,多换,B,2431.0000,0.0000,0.0000,0.0000,0.0000,2432.0000,0.0000,0.0000,0.0000,0.0000,47,0,0,0,0,41,0,0,0,0
zc,WS209,2012-06-07 09:03:05.387,2432.0000,238750,0,0.0000,0.0000,0,0,多换,B,2431.0000,0.0000,0.0000,0.0000,0.0000,2432.0000,0.0000,0.0000,0.0000,0.0000,48,0,0,0,0,41,0,0,0,0
zc,WS209,2012-06-07 09:03:06.167,2431.0000,238750,0,0.0000,4.0000,2,2,空换,S,2431.0000,0.0000,0.0000,0.0000,0.0000,2432.0000,0.0000,0.0000,0.0000,0.0000,47,0,0,0,0,40,0,0,0,0
zc,WS209,2012-06-07 09:03:06.683,2432.0000,238750,0,0.0000,6.0000,3,3,多换,B,2431.0000,0.0000,0.0000,0.0000,0.0000,2432.0000,0.0000,0.0000,0.0000,0.0000,47,0,0,0,0,37,0,0,0,0
zc,WS209,2012-06-07 09:03:07.917,2432.0000,238750,0,0.0000,2.0000,1,1,多换,B,2431.0000,0.0000,0.0000,0.0000,0.0000,2432.0000,0.0000,0.0000,0.0000,0.0000,47,0,0,0,0,36,0,0,0,0
zc,WS209,2012-06-07 09:03:08.650,2432.0000,238750,0,0.0000,6.0000,3,3,多换,B,2431.0000,0.0000,0.0000,0.0000,0.0000,2432.0000,0.0000,0.0000,0.0000,0.0000,47,0,0,0,0,33,0,0,0,0
zc,WS209,2012-06-07 09:03:11.167,2432.0000,238750,0,0.0000,70.0000,35,35,多换,B,2432.0000,0.0000,0.0000,0.0000,0.0000,2433.0000,0.0000,0.0000,0.0000,0.0000,466,0,0,0,0,66,0,0,0,0
zc,WS209,2012-06-07 09:03:11.667,2432.0000,238750,0,0.0000,0.0000,0,0,多换,B,2432.0000,0.0000,0.0000,0.0000,0.0000,2433.0000,0.0000,0.0000,0.0000,0.0000,467,0,0,0,0,66,0,0,0,0
zc,WS209,2012-06-07 09:03:12.400,2433.0000,238746,-4,0.0000,14.0000,5,9,空平,B,2432.0000,0.0000,0.0000,0.0000,0.0000,2433.0000,0.0000,0.0000,0.0000,0.0000,467,0,0,0,0,59,0,0,0,0
zc,WS209,2012-06-07 09:03:13.400,2432.0000,238746,0,0.0000,4.0000,2,2,空换,S,2432.0000,0.0000,0.0000,0.0000,0.0000,2433.0000,0.0000,0.0000,0.0000,0.0000,465,0,0,0,0,59,0,0,0,0
zc,WS209,2012-06-07 09:03:14.697,2433.0000,238744,-2,0.0000,2.0000,0,2,双平,B,2432.0000,0.0000,0.0000,0.0000,0.0000,2433.0000,0.0000,0.0000,0.0000,0.0000,465,0,0,0,0,58,0,0,0,0
zc,WS209,2012-06-07 09:03:15.353,2432.0000,238748,4,0.0000,4.0000,4,0,双开,S,2432.0000,0.0000,0.0000,0.0000,0.0000,2433.0000,0.0000,0.0000,0.0000,0.0000,463,0,0,0,0,58,0,0,0,0
zc,WS209,2012-06-07 09:03:15.917,2433.0000,238746,-2,0.0000,4.0000,1,3,空平,B,2432.0000,0.0000,0.0000,0.0000,0.0000,2433.0000,0.0000,0.0000,0.0000,0.0000,462,0,0,0,0,57,0,0,0,0
zc,WS209,2012-06-07 09:03:16.667,2433.0000,238746,0,0.0000,0.0000,0,0,多换,B,2432.0000,0.0000,0.0000,0.0000,0.0000,2433.0000,0.0000,0.0000,0.0000,0.0000,463,0,0,0,0,55,0,0,0,0
zc,WS209,2012-06-07 09:03:16.870,2433.0000,238746,0,0.0000,2.0000,1,1,多换,B,2432.0000,0.0000,0.0000,0.0000,0.0000,2433.0000,0.0000,0.0000,0.0000,0.0000,463,0,0,0,0,54,0,0,0,0
zc,WS209,2012-06-07 09:03:17.713,2433.0000,238746,0,0.0000,0.0000,0,0,多换,B,2432.0000,0.0000,0.0000,0.0000,0.0000,2433.0000,0.0000,0.0000,0.0000,0.0000,463,0,0,0,0,62,0,0,0,0
zc,WS209,2012-06-07 09:03:18.447,2433.0000,238744,-2,0.0000,24.0000,11,13,空平,B,2432.0000,0.0000,0.0000,0.0000,0.0000,2433.0000,0.0000,0.0000,0.0000,0.0000,463,0,0,0,0,50,0,0,0,0
zc,WS209,2012-06-07 09:03:19.620,2433.0000,238744,0,0.0000,4.0000,2,2,多换,B,2432.0000,0.0000,0.0000,0.0000,0.0000,2433.0000,0.0000,0.0000,0.0000,0.0000,463,0,0,0,0,50,0,0,0,0
zc,WS209,2012-06-07 09:03:20.887,2433.0000,238748,4,0.0000,10.0000,7,3,多开,B,2432.0000,0.0000,0.0000,0.0000,0.0000,2433.0000,0.0000,0.0000,0.0000,0.0000,461,0,0,0,0,47,0,0,0,0
zc,WS209,2012-06-07 09:03:21.917,2433.0000,238750,2,0.0000,2.0000,2,0,双开,B,2432.0000,0.0000,0.0000,0.0000,0.0000,2433.0000,0.0000,0.0000,0.0000,0.0000,461,0,0,0,0,45,0,0,0,0
zc,WS209,2012-06-07 09:03:22.103,2433.0000,238760,10,0.0000,12.0000,11,1,多开,B,2432.0000,0.0000,0.0000,0.0000,0.0000,2433.0000,0.0000,0.0000,0.0000,0.0000,461,0,0,0,0,39,0,0,0,0
zc,WS209,2012-06-07 09:03:23.120,2433.0000,238762,2,0.0000,2.0000,2,0,双开,B,2432.0000,0.0000,0.0000,0.0000,0.0000,2433.0000,0.0000,0.0000,0.0000,0.0000,461,0,0,0,0,38,0,0,0,0
zc,WS209,2012-06-07 09:03:23.620,2433.0000,238754,-8,0.0000,10.0000,1,9,空平,B,2432.0000,0.0000,0.0000,0.0000,0.0000,2433.0000,0.0000,0.0000,0.0000,0.0000,461,0,0,0,0,33,0,0,0,0
zc,WS209,2012-06-07 09:03:24.387,2433.0000,238750,-4,0.0000,4.0000,0,4,双平,B,2432.0000,0.0000,0.0000,0.0000,0.0000,2433.0000,0.0000,0.0000,0.0000,0.0000,461,0,0,0,0,31,0,0,0,0
zc,WS209,2012-06-07 09:03:24.853,2433.0000,238750,0,0.0000,2.0000,1,1,多换,B,2432.0000,0.0000,0.0000,0.0000,0.0000,2433.0000,0.0000,0.0000,0.0000,0.0000,481,0,0,0,0,27,0,0,0,0
zc,WS209,2012-06-07 09:03:25.683,2433.0000,238750,0,0.0000,0.0000,0,0,多换,B,2432.0000,0.0000,0.0000,0.0000,0.0000,2433.0000,0.0000,0.0000,0.0000,0.0000,491,0,0,0,0,27,0,0,0,0
zc,WS209,2012-06-07 09:03:26.150,2433.0000,238752,2,0.0000,2.0000,2,0,双开,B,2432.0000,0.0000,0.0000,0.0000,0.0000,2433.0000,0.0000,0.0000,0.0000,0.0000,491,0,0,0,0,26,0,0,0,0
zc,WS209,2012-06-07 09:03:26.887,2433.0000,238754,2,0.0000,24.0000,13,11,多开,B,2432.0000,0.0000,0.0000,0.0000,0.0000,2433.0000,0.0000,0.0000,0.0000,0.0000,492,0,0,0,0,14,0,0,0,0
zc,WS209,2012-06-07 09:03:27.370,2433.0000,238754,0,0.0000,4.0000,2,2,多换,B,2432.0000,0.0000,0.0000,0.0000,0.0000,2433.0000,0.0000,0.0000,0.0000,0.0000,492,0,0,0,0,12,0,0,0,0
zc,WS209,2012-06-07 09:03:27.900,2433.0000,238754,0,0.0000,0.0000,0,0,多换,B,2432.0000,0.0000,0.0000,0.0000,0.0000,2433.0000,0.0000,0.0000,0.0000,0.0000,493,0,0,0,0,12,0,0,0,0
zc,WS209,2012-06-07 09:03:28.650,2433.0000,238752,-2,0.0000,4.0000,1,3,空平,B,2432.0000,0.0000,0.0000,0.0000,0.0000,2433.0000,0.0000,0.0000,0.0000,0.0000,494,0,0,0,0,10,0,0,0,0
zc,WS209,2012-06-07 09:03:29.183,2433.0000,238746,-6,0.0000,10.0000,2,8,空平,B,2432.0000,0.0000,0.0000,0.0000,0.0000,2433.0000,0.0000,0.0000,0.0000,0.0000,493,0,0,0,0,6,0,0,0,0
zc,WS209,2012-06-07 09:03:29.947,2434.0000,238748,2,0.0000,16.0000,9,7,多开,B,2433.0000,0.0000,0.0000,0.0000,0.0000,2434.0000,0.0000,0.0000,0.0000,0.0000,1,0,0,0,0,48,0,0,0,0
zc,WS209,2012-06-07 09:03:30.167,2434.0000,238746,-2,0.0000,2.0000,0,2,双平,B,2433.0000,0.0000,0.0000,0.0000,0.0000,2434.0000,0.0000,0.0000,0.0000,0.0000,5,0,0,0,0,62,0,0,0,0
zc,WS209,2012-06-07 09:03:31.167,2434.0000,238746,0,0.0000,2.0000,1,1,多换,B,2433.0000,0.0000,0.0000,0.0000,0.0000,2434.0000,0.0000,0.0000,0.0000,0.0000,16,0,0,0,0,61,0,0,0,0
zc,WS209,2012-06-07 09:03:31.417,2434.0000,238740,-6,0.0000,10.0000,2,8,空平,B,2433.0000,0.0000,0.0000,0.0000,0.0000,2434.0000,0.0000,0.0000,0.0000,0.0000,18,0,0,0,0,56,0,0,0,0
zc,WS209,2012-06-07 09:03:32.730,2434.0000,238740,0,0.0000,0.0000,0,0,多换,B,2433.0000,0.0000,0.0000,0.0000,0.0000,2434.0000,0.0000,0.0000,0.0000,0.0000,21,0,0,0,0,56,0,0,0,0
zc,WS209,2012-06-07 09:03:33.417,2434.0000,238734,-6,0.0000,6.0000,0,6,双平,B,2433.0000,0.0000,0.0000,0.0000,0.0000,2434.0000,0.0000,0.0000,0.0000,0.0000,21,0,0,0,0,53,0,0,0,0
zc,WS209,2012-06-07 09:03:34.150,2434.0000,238734,0,0.0000,6.0000,3,3,多换,B,2433.0000,0.0000,0.0000,0.0000,0.0000,2434.0000,0.0000,0.0000,0.0000,0.0000,22,0,0,0,0,50,0,0,0,0
zc,WS209,2012-06-07 09:03:34.650,2434.0000,238734,0,0.0000,0.0000,0,0,多换,B,2433.0000,0.0000,0.0000,0.0000,0.0000,2434.0000,0.0000,0.0000,0.0000,0.0000,23,0,0,0,0,50,0,0,0,0
zc,WS209,2012-06-07 09:03:35.870,2434.0000,238734,0,0.0000,0.0000,0,0,多换,B,2433.0000,0.0000,0.0000,0.0000,0.0000,2434.0000,0.0000,0.0000,0.0000,0.0000,26,0,0,0,0,38,0,0,0,0
zc,WS209,2012-06-07 09:03:36.650,2433.0000,238732,-2,0.0000,2.0000,0,2,双平,S,2433.0000,0.0000,0.0000,0.0000,0.0000,2434.0000,0.0000,0.0000,0.0000,0.0000,25,0,0,0,0,42,0,0,0,0
zc,WS209,2012-06-07 09:03:37.120,2433.0000,238732,0,0.0000,0.0000,0,0,空换,S,2433.0000,0.0000,0.0000,0.0000,0.0000,2434.0000,0.0000,0.0000,0.0000,0.0000,25,0,0,0,0,43,0,0,0,0
zc,WS209,2012-06-07 09:03:37.603,2433.0000,238732,0,0.0000,0.0000,0,0,空换,S,2433.0000,0.0000,0.0000,0.0000,0.0000,2434.0000,0.0000,0.0000,0.0000,0.0000,26,0,0,0,0,43,0,0,0,0
zc,WS209,2012-06-07 09:03:38.463,2433.0000,238732,0,0.0000,4.0000,2,2,空换,S,2433.0000,0.0000,0.0000,0.0000,0.0000,2434.0000,0.0000,0.0000,0.0000,0.0000,25,0,0,0,0,42,0,0,0,0
zc,WS209,2012-06-07 09:03:39.150,2434.0000,238734,2,0.0000,2.0000,2,0,双开,B,2433.0000,0.0000,0.0000,0.0000,0.0000,2434.0000,0.0000,0.0000,0.0000,0.0000,26,0,0,0,0,41,0,0,0,0
zc,WS209,2012-06-07 09:03:39.637,2433.0000,238738,4,0.0000,8.0000,6,2,空开,S,2433.0000,0.0000,0.0000,0.0000,0.0000,2434.0000,0.0000,0.0000,0.0000,0.0000,22,0,0,0,0,42,0,0,0,0
zc,WS209,2012-06-07 09:03:40.417,2433.0000,238738,0,0.0000,0.0000,0,0,空换,S,2433.0000,0.0000,0.0000,0.0000,0.0000,2434.0000,0.0000,0.0000,0.0000,0.0000,23,0,0,0,0,43,0,0,0,0
zc,WS209,2012-06-07 09:03:40.900,2434.0000,238744,6,0.0000,18.0000,12,6,多开,B,2433.0000,0.0000,0.0000,0.0000,0.0000,2434.0000,0.0000,0.0000,0.0000,0.0000,18,0,0,0,0,40,0,0,0,0
zc,WS209,2012-06-07 09:03:41.947,2434.0000,238744,0,0.0000,0.0000,0,0,多换,B,2433.0000,0.0000,0.0000,0.0000,0.0000,2434.0000,0.0000,0.0000,0.0000,0.0000,23,0,0,0,0,42,0,0,0,0
zc,WS209,2012-06-07 09:03:42.387,2433.0000,238746,2,0.0000,2.0000,2,0,双开,S,2433.0000,0.0000,0.0000,0.0000,0.0000,2434.0000,0.0000,0.0000,0.0000,0.0000,25,0,0,0,0,43,0,0,0,0
zc,WS209,2012-06-07 09:03:43.183,2433.0000,238746,0,0.0000,0.0000,0,0,空换,S,2433.0000,0.0000,0.0000,0.0000,0.0000,2434.0000,0.0000,0.0000,0.0000,0.0000,25,0,0,0,0,46,0,0,0,0
zc,WS209,2012-06-07 09:03:43.667,2433.0000,238746,0,0.0000,0.0000,0,0,空换,S,2433.0000,0.0000,0.0000,0.0000,0.0000,2434.0000,0.0000,0.0000,0.0000,0.0000,25,0,0,0,0,47,0,0,0,0
zc,WS209,2012-06-07 09:03:44.463,2434.0000,238778,32,0.0000,116.0000,74,42,多开,B,2434.0000,0.0000,0.0000,0.0000,0.0000,2435.0000,0.0000,0.0000,0.0000,0.0000,3,0,0,0,0,87,0,0,0,0
zc,WS209,2012-06-07 09:03:44.933,2434.0000,238778,0,0.0000,2.0000,1,1,多换,B,2434.0000,0.0000,0.0000,0.0000,0.0000,2435.0000,0.0000,0.0000,0.0000,0.0000,3,0,0,0,0,89,0,0,0,0
zc,WS209,2012-06-07 09:03:45.683,2434.0000,238778,0,0.0000,6.0000,3,3,多换,B,2434.0000,0.0000,0.0000,0.0000,0.0000,2435.0000,0.0000,0.0000,0.0000,0.0000,5,0,0,0,0,86,0,0,0,0
zc,WS209,2012-06-07 09:03:46.197,2434.0000,238776,-2,0.0000,2.0000,0,2,双平,B,2434.0000,0.0000,0.0000,0.0000,0.0000,2435.0000,0.0000,0.0000,0.0000,0.0000,4,0,0,0,0,86,0,0,0,0
zc,WS209,2012-06-07 09:03:47.713,2434.0000,238768,-8,0.0000,8.0000,0,8,双平,B,2433.0000,0.0000,0.0000,0.0000,0.0000,2435.0000,0.0000,0.0000,0.0000,0.0000,14,0,0,0,0,82,0,0,0,0
zc,WS209,2012-06-07 09:03:48.433,2434.0000,238768,0,0.0000,0.0000,0,0,多换,B,2433.0000,0.0000,0.0000,0.0000,0.0000,2435.0000,0.0000,0.0000,0.0000,0.0000,14,0,0,0,0,282,0,0,0,0
zc,WS209,2012-06-07 09:03:48.887,2434.0000,238768,0,0.0000,0.0000,0,0,多换,B,2433.0000,0.0000,0.0000,0.0000,0.0000,2434.0000,0.0000,0.0000,0.0000,0.0000,14,0,0,0,0,1,0,0,0,0
zc,WS209,2012-06-07 09:03:49.637,2434.0000,238768,0,0.0000,20.0000,10,10,多换,B,2433.0000,0.0000,0.0000,0.0000,0.0000,2435.0000,0.0000,0.0000,0.0000,0.0000,14,0,0,0,0,287,0,0,0,0
zc,WS209,2012-06-07 09:03:50.120,2434.0000,238770,2,0.0000,10.0000,6,4,多开,B,2433.0000,0.0000,0.0000,0.0000,0.0000,2435.0000,0.0000,0.0000,0.0000,0.0000,12,0,0,0,0,325,0,0,0,0
zc,WS209,2012-06-07 09:03:50.900,2433.0000,238768,-2,0.0000,10.0000,4,6,多平,S,2433.0000,0.0000,0.0000,0.0000,0.0000,2434.0000,0.0000,0.0000,0.0000,0.0000,7,0,0,0,0,1,0,0,0,0
zc,WS209,2012-06-07 09:03:51.370,2433.0000,238768,0,0.0000,0.0000,0,0,空换,S,2433.0000,0.0000,0.0000,0.0000,0.0000,2434.0000,0.0000,0.0000,0.0000,0.0000,7,0,0,0,0,2,0,0,0,0
zc,WS209,2012-06-07 09:03:51.887,2434.0000,238770,2,0.0000,2.0000,2,0,双开,B,2433.0000,0.0000,0.0000,0.0000,0.0000,2434.0000,0.0000,0.0000,0.0000,0.0000,7,0,0,0,0,6,0,0,0,0
zc,WS209,2012-06-07 09:03:53.167,2434.0000,238772,2,0.0000,6.0000,4,2,多开,B,2433.0000,0.0000,0.0000,0.0000,0.0000,2434.0000,0.0000,0.0000,0.0000,0.0000,7,0,0,0,0,3,0,0,0,0
zc,WS209,2012-06-07 09:03:54.353,2434.0000,238772,0,0.0000,0.0000,0,0,多换,B,2433.0000,0.0000,0.0000,0.0000,0.0000,2434.0000,0.0000,0.0000,0.0000,0.0000,7,0,0,0,0,5,0,0,0,0
zc,WS209,2012-06-07 09:03:55.150,2434.0000,238772,0,0.0000,10.0000,5,5,多换,B,2434.0000,0.0000,0.0000,0.0000,0.0000,2435.0000,0.0000,0.0000,0.0000,0.0000,45,0,0,0,0,338,0,0,0,0
zc,WS209,2012-06-07 09:03:55.650,2434.0000,238772,0,0.0000,0.0000,0,0,多换,B,2434.0000,0.0000,0.0000,0.0000,0.0000,2435.0000,0.0000,0.0000,0.0000,0.0000,47,0,0,0,0,338,0,0,0,0
zc,WS209,2012-06-07 09:03:56.387,2434.0000,238772,0,0.0000,0.0000,0,0,多换,B,2434.0000,0.0000,0.0000,0.0000,0.0000,2435.0000,0.0000,0.0000,0.0000,0.0000,50,0,0,0,0,338,0,0,0,0
zc,WS209,2012-06-07 09:03:57.637,2435.0000,238772,0,0.0000,62.0000,31,31,多换,B,2434.0000,0.0000,0.0000,0.0000,0.0000,2435.0000,0.0000,0.0000,0.0000,0.0000,51,0,0,0,0,308,0,0,0,0
zc,WS209,2012-06-07 09:03:58.167,2434.0000,238778,6,0.0000,20.0000,13,7,空开,S,2434.0000,0.0000,0.0000,0.0000,0.0000,2435.0000,0.0000,0.0000,0.0000,0.0000,43,0,0,0,0,307,0,0,0,0
zc,WS209,2012-06-07 09:03:58.603,2435.0000,238778,0,0.0000,4.0000,2,2,多换,B,2434.0000,0.0000,0.0000,0.0000,0.0000,2435.0000,0.0000,0.0000,0.0000,0.0000,43,0,0,0,0,305,0,0,0,0
zc,WS209,2012-06-07 09:03:59.103,2434.0000,238780,2,0.0000,2.0000,2,0,双开,S,2434.0000,0.0000,0.0000,0.0000,0.0000,2435.0000,0.0000,0.0000,0.0000,0.0000,42,0,0,0,0,305,0,0,0,0
zc,WS209,2012-06-07 09:03:59.887,2434.0000,238780,0,0.0000,0.0000,0,0,空换,S,2434.0000,0.0000,0.0000,0.0000,0.0000,2435.0000,0.0000,0.0000,0.0000,0.0000,43,0,0,0,0,305,0,0,0,0
zc,WS209,2012-06-07 09:04:00.433,2434.0000,238782,2,0.0000,8.0000,5,3,空开,S,2434.0000,0.0000,0.0000,0.0000,0.0000,2435.0000,0.0000,0.0000,0.0000,0.0000,40,0,0,0,0,305,0,0,0,0
zc,WS209,2012-06-07 09:04:01.650,2435.0000,238782,0,0.0000,2.0000,1,1,多换,B,2434.0000,0.0000,0.0000,0.0000,0.0000,2435.0000,0.0000,0.0000,0.0000,0.0000,41,0,0,0,0,304,0,0,0,0
zc,WS209,2012-06-07 09:04:02.917,2434.0000,238784,2,0.0000,2.0000,2,0,双开,S,2434.0000,0.0000,0.0000,0.0000,0.0000,2435.0000,0.0000,0.0000,0.0000,0.0000,39,0,0,0,0,304,0,0,0,0
zc,WS209,2012-06-07 09:04:03.667,2435.0000,238778,-6,0.0000,28.0000,11,17,空平,B,2434.0000,0.0000,0.0000,0.0000,0.0000,2435.0000,0.0000,0.0000,0.0000,0.0000,38,0,0,0,0,311,0,0,0,0
zc,WS209,2012-06-07 09:04:04.120,2434.0000,238778,0,0.0000,6.0000,3,3,空换,S,2434.0000,0.0000,0.0000,0.0000,0.0000,2435.0000,0.0000,0.0000,0.0000,0.0000,36,0,0,0,0,310,0,0,0,0
zc,WS209,2012-06-07 09:04:04.947,2435.0000,238778,0,0.0000,2.0000,1,1,多换,B,2434.0000,0.0000,0.0000,0.0000,0.0000,2435.0000,0.0000,0.0000,0.0000,0.0000,36,0,0,0,0,309,0,0,0,0
zc,WS209,2012-06-07 09:04:05.697,2435.0000,238778,0,0.0000,0.0000,0,0,多换,B,2434.0000,0.0000,0.0000,0.0000,0.0000,2435.0000,0.0000,0.0000,0.0000,0.0000,46,0,0,0,0,309,0,0,0,0
zc,WS209,2012-06-07 09:04:05.917,2435.0000,238778,0,0.0000,14.0000,7,7,多换,B,2434.0000,0.0000,0.0000,0.0000,0.0000,2435.0000,0.0000,0.0000,0.0000,0.0000,46,0,0,0,0,302,0,0,0,0
zc,WS209,2012-06-07 09:04:06.963,2434.0000,238778,0,0.0000,4.0000,2,2,空换,S,2434.0000,0.0000,0.0000,0.0000,0.0000,2435.0000,0.0000,0.0000,0.0000,0.0000,46,0,0,0,0,292,0,0,0,0
zc,WS209,2012-06-07 09:04:07.433,2435.0000,238776,-2,0.0000,4.0000,1,3,空平,B,2434.0000,0.0000,0.0000,0.0000,0.0000,2435.0000,0.0000,0.0000,0.0000,0.0000,47,0,0,0,0,291,0,0,0,0
zc,WS209,2012-06-07 09:04:08.150,2435.0000,238776,0,0.0000,8.0000,4,4,多换,B,2434.0000,0.0000,0.0000,0.0000,0.0000,2435.0000,0.0000,0.0000,0.0000,0.0000,47,0,0,0,0,287,0,0,0,0
zc,WS209,2012-06-07 09:04:08.697,2434.0000,238776,0,0.0000,10.0000,5,5,空换,S,2434.0000,0.0000,0.0000,0.0000,0.0000,2435.0000,0.0000,0.0000,0.0000,0.0000,42,0,0,0,0,282,0,0,0,0
zc,WS209,2012-06-07 09:04:09.447,2433.0000,238770,-6,0.0000,110.0000,52,58,多平,S,2432.0000,0.0000,0.0000,0.0000,0.0000,2433.0000,0.0000,0.0000,0.0000,0.0000,498,0,0,0,0,96,0,0,0,0
zc,WS209,2012-06-07 09:04:09.900,2433.0000,238770,0,0.0000,4.0000,2,2,空换,S,2432.0000,0.0000,0.0000,0.0000,0.0000,2433.0000,0.0000,0.0000,0.0000,0.0000,498,0,0,0,0,94,0,0,0,0
zc,WS209,2012-06-07 09:04:10.387,2433.0000,238770,0,0.0000,188.0000,94,94,空换,S,2432.0000,0.0000,0.0000,0.0000,0.0000,2435.0000,0.0000,0.0000,0.0000,0.0000,480,0,0,0,0,286,0,0,0,0
zc,WS209,2012-06-07 09:04:10.933,2433.0000,238770,0,0.0000,0.0000,0,0,空换,S,2433.0000,0.0000,0.0000,0.0000,0.0000,2435.0000,0.0000,0.0000,0.0000,0.0000,15,0,0,0,0,275,0,0,0,0
zc,WS209,2012-06-07 09:04:11.947,2434.0000,238770,0,0.0000,2.0000,1,1,多换,B,2434.0000,0.0000,0.0000,0.0000,0.0000,2435.0000,0.0000,0.0000,0.0000,0.0000,5,0,0,0,0,275,0,0,0,0
zc,WS209,2012-06-07 09:04:14.650,2434.0000,238772,2,0.0000,2.0000,2,0,双开,B,2434.0000,0.0000,0.0000,0.0000,0.0000,2435.0000,0.0000,0.0000,0.0000,0.0000,4,0,0,0,0,276,0,0,0,0
zc,WS209,2012-06-07 09:04:15.417,2434.0000,238772,0,0.0000,2.0000,1,1,多换,B,2434.0000,0.0000,0.0000,0.0000,0.0000,2435.0000,0.0000,0.0000,0.0000,0.0000,4,0,0,0,0,278,0,0,0,0
zc,WS209,2012-06-07 09:04:16.120,2434.0000,238774,2,0.0000,2.0000,2,0,双开,B,2434.0000,0.0000,0.0000,0.0000,0.0000,2435.0000,0.0000,0.0000,0.0000,0.0000,3,0,0,0,0,278,0,0,0,0
zc,WS209,2012-06-07 09:04:16.933,2434.0000,238774,0,0.0000,10.0000,5,5,多换,B,2433.0000,0.0000,0.0000,0.0000,0.0000,2434.0000,0.0000,0.0000,0.0000,0.0000,24,0,0,0,0,15,0,0,0,0
zc,WS209,2012-06-07 09:04:17.400,2434.0000,238774,0,0.0000,10.0000,5,5,多换,B,2433.0000,0.0000,0.0000,0.0000,0.0000,2434.0000,0.0000,0.0000,0.0000,0.0000,24,0,0,0,0,13,0,0,0,0
zc,WS209,2012-06-07 09:04:18.183,2434.0000,238774,0,0.0000,0.0000,0,0,多换,B,2433.0000,0.0000,0.0000,0.0000,0.0000,2434.0000,0.0000,0.0000,0.0000,0.0000,26,0,0,0,0,24,0,0,0,0
zc,WS209,2012-06-07 09:04:19.120,2434.0000,238774,0,0.0000,2.0000,1,1,多换,B,2433.0000,0.0000,0.0000,0.0000,0.0000,2434.0000,0.0000,0.0000,0.0000,0.0000,26,0,0,0,0,23,0,0,0,0
zc,WS209,2012-06-07 09:04:19.947,2434.0000,238774,0,0.0000,4.0000,2,2,多换,B,2433.0000,0.0000,0.0000,0.0000,0.0000,2434.0000,0.0000,0.0000,0.0000,0.0000,14,0,0,0,0,21,0,0,0,0
zc,WS209,2012-06-07 09:04:20.433,2434.0000,238774,0,0.0000,0.0000,0,0,多换,B,2433.0000,0.0000,0.0000,0.0000,0.0000,2434.0000,0.0000,0.0000,0.0000,0.0000,14,0,0,0,0,30,0,0,0,0
zc,WS209,2012-06-07 09:04:21.167,2434.0000,238774,0,0.0000,0.0000,0,0,多换,B,2433.0000,0.0000,0.0000,0.0000,0.0000,2434.0000,0.0000,0.0000,0.0000,0.0000,14,0,0,0,0,31,0,0,0,0
zc,WS209,2012-06-07 09:04:21.887,2434.0000,238774,0,0.0000,0.0000,0,0,多换,B,2433.0000,0.0000,0.0000,0.0000,0.0000,2434.0000,0.0000,0.0000,0.0000,0.0000,15,0,0,0,0,33,0,0,0,0
zc,WS209,2012-06-07 09:04:22.683,2434.0000,238780,6,0.0000,24.0000,15,9,多开,B,2433.0000,0.0000,0.0000,0.0000,0.0000,2434.0000,0.0000,0.0000,0.0000,0.0000,16,0,0,0,0,22,0,0,0,0
zc,WS209,2012-06-07 09:04:22.933,2434.0000,238782,2,0.0000,12.0000,7,5,多开,B,2433.0000,0.0000,0.0000,0.0000,0.0000,2434.0000,0.0000,0.0000,0.0000,0.0000,16,0,0,0,0,16,0,0,0,0
zc,WS209,2012-06-07 09:04:23.917,2434.0000,238782,0,0.0000,0.0000,0,0,多换,B,2433.0000,0.0000,0.0000,0.0000,0.0000,2434.0000,0.0000,0.0000,0.0000,0.0000,23,0,0,0,0,17,0,0,0,0
zc,WS209,2012-06-07 09:04:24.400,2433.0000,238780,-2,0.0000,12.0000,5,7,多平,S,2433.0000,0.0000,0.0000,0.0000,0.0000,2434.0000,0.0000,0.0000,0.0000,0.0000,19,0,0,0,0,17,0,0,0,0
zc,WS209,2012-06-07 09:04:25.183,2433.0000,238780,0,0.0000,0.0000,0,0,空换,S,2433.0000,0.0000,0.0000,0.0000,0.0000,2434.0000,0.0000,0.0000,0.0000,0.0000,19,0,0,0,0,27,0,0,0,0
zc,WS209,2012-06-07 09:04:25.637,2434.0000,238780,0,0.0000,4.0000,2,2,多换,B,2433.0000,0.0000,0.0000,0.0000,0.0000,2434.0000,0.0000,0.0000,0.0000,0.0000,21,0,0,0,0,18,0,0,0,0
zc,WS209,2012-06-07 09:04:26.337,2434.0000,238780,0,0.0000,0.0000,0,0,多换,B,2433.0000,0.0000,0.0000,0.0000,0.0000,2434.0000,0.0000,0.0000,0.0000,0.0000,21,0,0,0,0,28,0,0,0,0
zc,WS209,2012-06-07 09:04:26.620,2434.0000,238780,0,0.0000,0.0000,0,0,多换,B,2433.0000,0.0000,0.0000,0.0000,0.0000,2434.0000,0.0000,0.0000,0.0000,0.0000,21,0,0,0,0,29,0,0,0,0
zc,WS209,2012-06-07 09:04:27.387,2434.0000,238780,0,0.0000,2.0000,1,1,多换,B,2433.0000,0.0000,0.0000,0.0000,0.0000,2434.0000,0.0000,0.0000,0.0000,0.0000,21,0,0,0,0,28,0,0,0,0
zc,WS209,2012-06-07 09:04:27.870,2434.0000,238770,-10,0.0000,10.0000,0,10,双平,B,2433.0000,0.0000,0.0000,0.0000,0.0000,2434.0000,0.0000,0.0000,0.0000,0.0000,21,0,0,0,0,23,0,0,0,0
zc,WS209,2012-06-07 09:04:28.650,2433.0000,238770,0,0.0000,2.0000,1,1,空换,S,2433.0000,0.0000,0.0000,0.0000,0.0000,2434.0000,0.0000,0.0000,0.0000,0.0000,20,0,0,0,0,23,0,0,0,0
zc,WS209,2012-06-07 09:04:29.900,2433.0000,238770,0,0.0000,0.0000,0,0,空换,S,2433.0000,0.0000,0.0000,0.0000,0.0000,2434.0000,0.0000,0.0000,0.0000,0.0000,20,0,0,0,0,24,0,0,0,0
zc,WS209,2012-06-07 09:04:30.637,2433.0000,238770,0,0.0000,0.0000,0,0,空换,S,2433.0000,0.0000,0.0000,0.0000,0.0000,2434.0000,0.0000,0.0000,0.0000,0.0000,21,0,0,0,0,26,0,0,0,0
zc,WS209,2012-06-07 09:04:31.947,2434.0000,238770,0,0.0000,2.0000,1,1,多换,B,2433.0000,0.0000,0.0000,0.0000,0.0000,2434.0000,0.0000,0.0000,0.0000,0.0000,21,0,0,0,0,26,0,0,0,0
zc,WS209,2012-06-07 09:04:32.683,2434.0000,238768,-2,0.0000,2.0000,0,2,双平,B,2433.0000,0.0000,0.0000,0.0000,0.0000,2434.0000,0.0000,0.0000,0.0000,0.0000,21,0,0,0,0,26,0,0,0,0
zc,WS209,2012-06-07 09:04:33.120,2433.0000,238770,2,0.0000,8.0000,5,3,空开,S,2433.0000,0.0000,0.0000,0.0000,0.0000,2434.0000,0.0000,0.0000,0.0000,0.0000,20,0,0,0,0,23,0,0,0,0
zc,WS209,2012-06-07 09:04:33.650,2434.0000,238770,0,0.0000,4.0000,2,2,多换,B,2433.0000,0.0000,0.0000,0.0000,0.0000,2434.0000,0.0000,0.0000,0.0000,0.0000,20,0,0,0,0,21,0,0,0,0
zc,WS209,2012-06-07 09:04:34.387,2434.0000,238772,2,0.0000,40.0000,21,19,多开,B,2433.0000,0.0000,0.0000,0.0000,0.0000,2434.0000,0.0000,0.0000,0.0000,0.0000,20,0,0,0,0,1,0,0,0,0
zc,WS209,2012-06-07 09:04:35.603,2434.0000,238772,0,0.0000,0.0000,0,0,多换,B,2433.0000,0.0000,0.0000,0.0000,0.0000,2434.0000,0.0000,0.0000,0.0000,0.0000,20,0,0,0,0,2,0,0,0,0
zc,WS209,2012-06-07 09:04:36.370,2434.0000,238774,2,0.0000,2.0000,2,0,双开,B,2433.0000,0.0000,0.0000,0.0000,0.0000,2434.0000,0.0000,0.0000,0.0000,0.0000,20,0,0,0,0,7,0,0,0,0
zc,WS209,2012-06-07 09:04:37.353,2433.0000,238774,0,0.0000,8.0000,4,4,空换,S,2433.0000,0.0000,0.0000,0.0000,0.0000,2434.0000,0.0000,0.0000,0.0000,0.0000,16,0,0,0,0,7,0,0,0,0
zc,WS209,2012-06-07 09:04:38.150,2433.0000,238774,0,0.0000,0.0000,0,0,空换,S,2433.0000,0.0000,0.0000,0.0000,0.0000,2434.0000,0.0000,0.0000,0.0000,0.0000,16,0,0,0,0,8,0,0,0,0
zc,WS209,2012-06-07 09:04:38.667,2433.0000,238774,0,0.0000,0.0000,0,0,空换,S,2433.0000,0.0000,0.0000,0.0000,0.0000,2434.0000,0.0000,0.0000,0.0000,0.0000,16,0,0,0,0,7,0,0,0,0
zc,WS209,2012-06-07 09:04:39.370,2433.0000,238774,0,0.0000,0.0000,0,0,空换,S,2433.0000,0.0000,0.0000,0.0000,0.0000,2434.0000,0.0000,0.0000,0.0000,0.0000,18,0,0,0,0,7,0,0,0,0
zc,WS209,2012-06-07 09:04:39.853,2433.0000,238774,0,0.0000,2.0000,1,1,空换,S,2433.0000,0.0000,0.0000,0.0000,0.0000,2434.0000,0.0000,0.0000,0.0000,0.0000,17,0,0,0,0,8,0,0,0,0
zc,WS209,2012-06-07 09:04:41.120,2433.0000,238774,0,0.0000,0.0000,0,0,空换,S,2433.0000,0.0000,0.0000,0.0000,0.0000,2434.0000,0.0000,0.0000,0.0000,0.0000,18,0,0,0,0,9,0,0,0,0
zc,WS209,2012-06-07 09:04:42.150,2434.0000,238774,0,0.0000,10.0000,5,5,多换,B,2433.0000,0.0000,0.0000,0.0000,0.0000,2434.0000,0.0000,0.0000,0.0000,0.0000,16,0,0,0,0,8,0,0,0,0
zc,WS209,2012-06-07 09:04:43.947,2434.0000,238774,0,0.0000,0.0000,0,0,多换,B,2433.0000,0.0000,0.0000,0.0000,0.0000,2434.0000,0.0000,0.0000,0.0000,0.0000,16,0,0,0,0,19,0,0,0,0
zc,WS209,2012-06-07 09:04:44.620,2433.0000,238772,-2,0.0000,4.0000,1,3,多平,S,2433.0000,0.0000,0.0000,0.0000,0.0000,2434.0000,0.0000,0.0000,0.0000,0.0000,14,0,0,0,0,20,0,0,0,0
zc,WS209,2012-06-07 09:04:44.917,2433.0000,238772,0,0.0000,0.0000,0,0,空换,S,2433.0000,0.0000,0.0000,0.0000,0.0000,2434.0000,0.0000,0.0000,0.0000,0.0000,14,0,0,0,0,29,0,0,0,0
zc,WS209,2012-06-07 09:04:45.667,2433.0000,238772,0,0.0000,0.0000,0,0,空换,S,2433.0000,0.0000,0.0000,0.0000,0.0000,2434.0000,0.0000,0.0000,0.0000,0.0000,15,0,0,0,0,29,0,0,0,0
zc,WS209,2012-06-07 09:04:46.167,2433.0000,238772,0,0.0000,0.0000,0,0,空换,S,2433.0000,0.0000,0.0000,0.0000,0.0000,2434.0000,0.0000,0.0000,0.0000,0.0000,16,0,0,0,0,30,0,0,0,0
zc,WS209,2012-06-07 09:04:46.900,2433.0000,238772,0,0.0000,0.0000,0,0,空换,S,2433.0000,0.0000,0.0000,0.0000,0.0000,2434.0000,0.0000,0.0000,0.0000,0.0000,16,0,0,0,0,32,0,0,0,0
zc,WS209,2012-06-07 09:04:49.150,2433.0000,238772,0,0.0000,0.0000,0,0,空换,S,2433.0000,0.0000,0.0000,0.0000,0.0000,2434.0000,0.0000,0.0000,0.0000,0.0000,16,0,0,0,0,33,0,0,0,0
zc,WS209,2012-06-07 09:04:49.870,2434.0000,238772,0,0.0000,4.0000,2,2,多换,B,2433.0000,0.0000,0.0000,0.0000,0.0000,2434.0000,0.0000,0.0000,0.0000,0.0000,17,0,0,0,0,36,0,0,0,0
zc,WS209,2012-06-07 09:04:50.150,2434.0000,238772,0,0.0000,0.0000,0,0,多换,B,2433.0000,0.0000,0.0000,0.0000,0.0000,2434.0000,0.0000,0.0000,0.0000,0.0000,17,0,0,0,0,46,0,0,0,0
zc,WS209,2012-06-07 09:04:51.650,2433.0000,238774,2,0.0000,4.0000,3,1,空开,S,2433.0000,0.0000,0.0000,0.0000,0.0000,2434.0000,0.0000,0.0000,0.0000,0.0000,16,0,0,0,0,46,0,0,0,0
zc,WS209,2012-06-07 09:04:52.353,2433.0000,238774,0,0.0000,0.0000,0,0,空换,S,2433.0000,0.0000,0.0000,0.0000,0.0000,2434.0000,0.0000,0.0000,0.0000,0.0000,17,0,0,0,0,46,0,0,0,0
zc,WS209,2012-06-07 09:04:52.887,2433.0000,238776,2,0.0000,2.0000,2,0,双开,S,2433.0000,0.0000,0.0000,0.0000,0.0000,2434.0000,0.0000,0.0000,0.0000,0.0000,16,0,0,0,0,46,0,0,0,0
zc,WS209,2012-06-07 09:04:54.620,2433.0000,238776,0,0.0000,24.0000,12,12,空换,S,2433.0000,0.0000,0.0000,0.0000,0.0000,2434.0000,0.0000,0.0000,0.0000,0.0000,4,0,0,0,0,46,0,0,0,0
zc,WS209,2012-06-07 09:04:55.417,2433.0000,238776,0,0.0000,0.0000,0,0,空换,S,2433.0000,0.0000,0.0000,0.0000,0.0000,2434.0000,0.0000,0.0000,0.0000,0.0000,4,0,0,0,0,56,0,0,0,0
zc,WS209,2012-06-07 09:04:55.853,2433.0000,238776,0,0.0000,0.0000,0,0,空换,S,2433.0000,0.0000,0.0000,0.0000,0.0000,2434.0000,0.0000,0.0000,0.0000,0.0000,5,0,0,0,0,58,0,0,0,0
zc,WS209,2012-06-07 09:04:56.353,2434.0000,238776,0,0.0000,2.0000,1,1,多换,B,2433.0000,0.0000,0.0000,0.0000,0.0000,2434.0000,0.0000,0.0000,0.0000,0.0000,6,0,0,0,0,57,0,0,0,0
zc,WS209,2012-06-07 09:04:59.400,2434.0000,238776,0,0.0000,0.0000,0,0,多换,B,2433.0000,0.0000,0.0000,0.0000,0.0000,2434.0000,0.0000,0.0000,0.0000,0.0000,7,0,0,0,0,57,0,0,0,0
zc,WS209,2012-06-07 09:05:00.620,2434.0000,238776,0,0.0000,0.0000,0,0,多换,B,2433.0000,0.0000,0.0000,0.0000,0.0000,2434.0000,0.0000,0.0000,0.0000,0.0000,7,0,0,0,0,58,0,0,0,0
zc,WS209,2012-06-07 09:05:01.073,2434.0000,238736,-40,0.0000,42.0000,1,41,空平,B,2433.0000,0.0000,0.0000,0.0000,0.0000,2434.0000,0.0000,0.0000,0.0000,0.0000,7,0,0,0,0,63,0,0,0,0
zc,WS209,2012-06-07 09:05:01.917,2434.0000,238736,0,0.0000,40.0000,20,20,多换,B,2433.0000,0.0000,0.0000,0.0000,0.0000,2434.0000,0.0000,0.0000,0.0000,0.0000,7,0,0,0,0,112,0,0,0,0
zc,WS209,2012-06-07 09:05:02.620,2433.0000,238734,-2,0.0000,14.0000,6,8,多平,S,2432.0000,0.0000,0.0000,0.0000,0.0000,2433.0000,0.0000,0.0000,0.0000,0.0000,477,0,0,0,0,9,0,0,0,0
zc,WS209,2012-06-07 09:05:03.353,2432.0000,238734,0,0.0000,2.0000,1,1,空换,S,2432.0000,0.0000,0.0000,0.0000,0.0000,2433.0000,0.0000,0.0000,0.0000,0.0000,476,0,0,0,0,9,0,0,0,0
zc,WS209,2012-06-07 09:05:03.933,2433.0000,238734,0,0.0000,2.0000,1,1,多换,B,2432.0000,0.0000,0.0000,0.0000,0.0000,2433.0000,0.0000,0.0000,0.0000,0.0000,478,0,0,0,0,8,0,0,0,0
zc,WS209,2012-06-07 09:05:04.650,2433.0000,238734,0,0.0000,0.0000,0,0,多换,B,2432.0000,0.0000,0.0000,0.0000,0.0000,2433.0000,0.0000,0.0000,0.0000,0.0000,480,0,0,0,0,8,0,0,0,0
zc,WS209,2012-06-07 09:05:05.137,2434.0000,238734,0,0.0000,74.0000,37,37,多换,B,2432.0000,0.0000,0.0000,0.0000,0.0000,2434.0000,0.0000,0.0000,0.0000,0.0000,480,0,0,0,0,83,0,0,0,0
zc,WS209,2012-06-07 09:05:05.870,2433.0000,238734,0,0.0000,8.0000,4,4,空换,S,2432.0000,0.0000,0.0000,0.0000,0.0000,2433.0000,0.0000,0.0000,0.0000,0.0000,480,0,0,0,0,11,0,0,0,0
zc,WS209,2012-06-07 09:05:06.337,2433.0000,238734,0,0.0000,2.0000,1,1,空换,S,2432.0000,0.0000,0.0000,0.0000,0.0000,2433.0000,0.0000,0.0000,0.0000,0.0000,480,0,0,0,0,19,0,0,0,0
zc,WS209,2012-06-07 09:05:07.120,2433.0000,238734,0,0.0000,0.0000,0,0,空换,S,2432.0000,0.0000,0.0000,0.0000,0.0000,2433.0000,0.0000,0.0000,0.0000,0.0000,480,0,0,0,0,21,0,0,0,0
zc,WS209,2012-06-07 09:05:07.650,2433.0000,238734,0,0.0000,2.0000,1,1,空换,S,2432.0000,0.0000,0.0000,0.0000,0.0000,2433.0000,0.0000,0.0000,0.0000,0.0000,480,0,0,0,0,23,0,0,0,0
zc,WS209,2012-06-07 09:05:08.620,2432.0000,238734,0,0.0000,22.0000,11,11,空换,S,2432.0000,0.0000,0.0000,0.0000,0.0000,2433.0000,0.0000,0.0000,0.0000,0.0000,475,0,0,0,0,12,0,0,0,0
zc,WS209,2012-06-07 09:05:09.620,2432.0000,238734,0,0.0000,6.0000,3,3,空换,S,2432.0000,0.0000,0.0000,0.0000,0.0000,2433.0000,0.0000,0.0000,0.0000,0.0000,472,0,0,0,0,9,0,0,0,0
zc,WS209,2012-06-07 09:05:10.150,2432.0000,238734,0,0.0000,0.0000,0,0,空换,S,2432.0000,0.0000,0.0000,0.0000,0.0000,2433.0000,0.0000,0.0000,0.0000,0.0000,472,0,0,0,0,10,0,0,0,0
zc,WS209,2012-06-07 09:05:10.587,2432.0000,238874,140,0.0000,198.0000,169,29,空开,S,2432.0000,0.0000,0.0000,0.0000,0.0000,2433.0000,0.0000,0.0000,0.0000,0.0000,373,0,0,0,0,17,0,0,0,0
zc,WS209,2012-06-07 09:05:11.400,2432.0000,238874,0,0.0000,0.0000,0,0,空换,S,2432.0000,0.0000,0.0000,0.0000,0.0000,2433.0000,0.0000,0.0000,0.0000,0.0000,373,0,0,0,0,22,0,0,0,0
zc,WS209,2012-06-07 09:05:12.137,2433.0000,238874,0,0.0000,2.0000,1,1,多换,B,2432.0000,0.0000,0.0000,0.0000,0.0000,2433.0000,0.0000,0.0000,0.0000,0.0000,373,0,0,0,0,22,0,0,0,0
zc,WS209,2012-06-07 09:05:12.637,2432.0000,238874,0,0.0000,18.0000,9,9,空换,S,2432.0000,0.0000,0.0000,0.0000,0.0000,2433.0000,0.0000,0.0000,0.0000,0.0000,364,0,0,0,0,13,0,0,0,0
zc,WS209,2012-06-07 09:05:13.447,2432.0000,238874,0,0.0000,2.0000,1,1,空换,S,2432.0000,0.0000,0.0000,0.0000,0.0000,2433.0000,0.0000,0.0000,0.0000,0.0000,363,0,0,0,0,13,0,0,0,0
zc,WS209,2012-06-07 09:05:13.887,2433.0000,238878,4,0.0000,26.0000,15,11,多开,B,2433.0000,0.0000,0.0000,0.0000,0.0000,2434.0000,0.0000,0.0000,0.0000,0.0000,3,0,0,0,0,68,0,0,0,0
zc,WS209,2012-06-07 09:05:15.103,2433.0000,238882,4,0.0000,6.0000,5,1,多开,B,2432.0000,0.0000,0.0000,0.0000,0.0000,2433.0000,0.0000,0.0000,0.0000,0.0000,363,0,0,0,0,5,0,0,0,0
zc,WS209,2012-06-07 09:05:15.637,2432.0000,238882,0,0.0000,20.0000,10,10,空换,S,2432.0000,0.0000,0.0000,0.0000,0.0000,2433.0000,0.0000,0.0000,0.0000,0.0000,353,0,0,0,0,5,0,0,0,0
zc,WS209,2012-06-07 09:05:16.447,2432.0000,238882,0,0.0000,0.0000,0,0,空换,S,2432.0000,0.0000,0.0000,0.0000,0.0000,2433.0000,0.0000,0.0000,0.0000,0.0000,353,0,0,0,0,4,0,0,0,0
zc,WS209,2012-06-07 09:05:16.900,2432.0000,238882,0,0.0000,0.0000,0,0,空换,S,2432.0000,0.0000,0.0000,0.0000,0.0000,2433.0000,0.0000,0.0000,0.0000,0.0000,351,0,0,0,0,5,0,0,0,0
zc,WS209,2012-06-07 09:05:18.137,2433.0000,238884,2,0.0000,2.0000,2,0,双开,B,2432.0000,0.0000,0.0000,0.0000,0.0000,2433.0000,0.0000,0.0000,0.0000,0.0000,351,0,0,0,0,9,0,0,0,0
zc,WS209,2012-06-07 09:05:19.370,2432.0000,238884,0,0.0000,8.0000,4,4,空换,S,2432.0000,0.0000,0.0000,0.0000,0.0000,2433.0000,0.0000,0.0000,0.0000,0.0000,346,0,0,0,0,9,0,0,0,0
zc,WS209,2012-06-07 09:05:20.337,2432.0000,238922,38,0.0000,40.0000,39,1,空开,S,2432.0000,0.0000,0.0000,0.0000,0.0000,2433.0000,0.0000,0.0000,0.0000,0.0000,326,0,0,0,0,54,0,0,0,0
zc,WS209,2012-06-07 09:05:21.120,2432.0000,238922,0,0.0000,6.0000,3,3,空换,S,2432.0000,0.0000,0.0000,0.0000,0.0000,2433.0000,0.0000,0.0000,0.0000,0.0000,324,0,0,0,0,51,0,0,0,0
zc,WS209,2012-06-07 09:05:21.650,2432.0000,238922,0,0.0000,4.0000,2,2,空换,S,2432.0000,0.0000,0.0000,0.0000,0.0000,2433.0000,0.0000,0.0000,0.0000,0.0000,322,0,0,0,0,9,0,0,0,0
zc,WS209,2012-06-07 09:05:22.353,2432.0000,238922,0,0.0000,0.0000,0,0,空换,S,2432.0000,0.0000,0.0000,0.0000,0.0000,2433.0000,0.0000,0.0000,0.0000,0.0000,322,0,0,0,0,7,0,0,0,0
zc,WS209,2012-06-07 09:05:23.040,2432.0000,238922,0,0.0000,2.0000,1,1,空换,S,2432.0000,0.0000,0.0000,0.0000,0.0000,2433.0000,0.0000,0.0000,0.0000,0.0000,321,0,0,0,0,6,0,0,0,0
zc,WS209,2012-06-07 09:05:23.603,2432.0000,238922,0,0.0000,8.0000,4,4,空换,S,2432.0000,0.0000,0.0000,0.0000,0.0000,2433.0000,0.0000,0.0000,0.0000,0.0000,324,0,0,0,0,7,0,0,0,0
zc,WS209,2012-06-07 09:05:24.387,2432.0000,238922,0,0.0000,0.0000,0,0,空换,S,2432.0000,0.0000,0.0000,0.0000,0.0000,2433.0000,0.0000,0.0000,0.0000,0.0000,324,0,0,0,0,12,0,0,0,0
zc,WS209,2012-06-07 09:05:24.650,2432.0000,238922,0,0.0000,2.0000,1,1,空换,S,2432.0000,0.0000,0.0000,0.0000,0.0000,2433.0000,0.0000,0.0000,0.0000,0.0000,323,0,0,0,0,12,0,0,0,0
zc,WS209,2012-06-07 09:05:25.353,2432.0000,238924,2,0.0000,28.0000,15,13,空开,S,2432.0000,0.0000,0.0000,0.0000,0.0000,2433.0000,0.0000,0.0000,0.0000,0.0000,309,0,0,0,0,12,0,0,0,0
zc,WS209,2012-06-07 09:05:25.870,2432.0000,238924,0,0.0000,0.0000,0,0,空换,S,2432.0000,0.0000,0.0000,0.0000,0.0000,2433.0000,0.0000,0.0000,0.0000,0.0000,310,0,0,0,0,7,0,0,0,0
zc,WS209,2012-06-07 09:05:26.620,2433.0000,238924,0,0.0000,4.0000,2,2,多换,B,2432.0000,0.0000,0.0000,0.0000,0.0000,2433.0000,0.0000,0.0000,0.0000,0.0000,309,0,0,0,0,6,0,0,0,0
zc,WS209,2012-06-07 09:05:27.837,2432.0000,239024,100,0.0000,102.0000,101,1,空开,S,2432.0000,0.0000,0.0000,0.0000,0.0000,2433.0000,0.0000,0.0000,0.0000,0.0000,258,0,0,0,0,6,0,0,0,0
zc,WS209,2012-06-07 09:05:28.337,2432.0000,239024,0,0.0000,0.0000,0,0,空换,S,2432.0000,0.0000,0.0000,0.0000,0.0000,2433.0000,0.0000,0.0000,0.0000,0.0000,278,0,0,0,0,6,0,0,0,0
zc,WS209,2012-06-07 09:05:29.603,2432.0000,239024,0,0.0000,0.0000,0,0,空换,S,2432.0000,0.0000,0.0000,0.0000,0.0000,2433.0000,0.0000,0.0000,0.0000,0.0000,278,0,0,0,0,11,0,0,0,0
zc,WS209,2012-06-07 09:05:30.073,2433.0000,239024,0,0.0000,6.0000,3,3,多换,B,2432.0000,0.0000,0.0000,0.0000,0.0000,2433.0000,0.0000,0.0000,0.0000,0.0000,277,0,0,0,0,9,0,0,0,0
zc,WS209,2012-06-07 09:05:30.620,2433.0000,239024,0,0.0000,0.0000,0,0,多换,B,2432.0000,0.0000,0.0000,0.0000,0.0000,2433.0000,0.0000,0.0000,0.0000,0.0000,277,0,0,0,0,13,0,0,0,0
zc,WS209,2012-06-07 09:05:31.837,2433.0000,239026,2,0.0000,10.0000,6,4,多开,B,2432.0000,0.0000,0.0000,0.0000,0.0000,2433.0000,0.0000,0.0000,0.0000,0.0000,277,0,0,0,0,8,0,0,0,0
zc,WS209,2012-06-07 09:05:32.337,2433.0000,239026,0,0.0000,0.0000,0,0,多换,B,2432.0000,0.0000,0.0000,0.0000,0.0000,2433.0000,0.0000,0.0000,0.0000,0.0000,277,0,0,0,0,11,0,0,0,0
zc,WS209,2012-06-07 09:05:34.917,2433.0000,239026,0,0.0000,2.0000,1,1,多换,B,2432.0000,0.0000,0.0000,0.0000,0.0000,2433.0000,0.0000,0.0000,0.0000,0.0000,277,0,0,0,0,28,0,0,0,0
zc,WS209,2012-06-07 09:05:35.323,2433.0000,239026,0,0.0000,0.0000,0,0,多换,B,2432.0000,0.0000,0.0000,0.0000,0.0000,2433.0000,0.0000,0.0000,0.0000,0.0000,277,0,0,0,0,38,0,0,0,0
zc,WS209,2012-06-07 09:05:35.853,2432.0000,239026,0,0.0000,2.0000,1,1,空换,S,2432.0000,0.0000,0.0000,0.0000,0.0000,2433.0000,0.0000,0.0000,0.0000,0.0000,276,0,0,0,0,41,0,0,0,0
zc,WS209,2012-06-07 09:05:36.323,2432.0000,239026,0,0.0000,0.0000,0,0,空换,S,2432.0000,0.0000,0.0000,0.0000,0.0000,2433.0000,0.0000,0.0000,0.0000,0.0000,276,0,0,0,0,11,0,0,0,0
zc,WS209,2012-06-07 09:05:38.417,2432.0000,239026,0,0.0000,0.0000,0,0,空换,S,2432.0000,0.0000,0.0000,0.0000,0.0000,2433.0000,0.0000,0.0000,0.0000,0.0000,276,0,0,0,0,12,0,0,0,0
zc,WS209,2012-06-07 09:05:39.387,2432.0000,239026,0,0.0000,0.0000,0,0,空换,S,2432.0000,0.0000,0.0000,0.0000,0.0000,2433.0000,0.0000,0.0000,0.0000,0.0000,276,0,0,0,0,13,0,0,0,0
zc,WS209,2012-06-07 09:05:41.853,2432.0000,239026,0,0.0000,2.0000,1,1,空换,S,2432.0000,0.0000,0.0000,0.0000,0.0000,2433.0000,0.0000,0.0000,0.0000,0.0000,275,0,0,0,0,13,0,0,0,0
zc,WS209,2012-06-07 09:05:42.603,2432.0000,239026,0,0.0000,0.0000,0,0,空换,S,2432.0000,0.0000,0.0000,0.0000,0.0000,2433.0000,0.0000,0.0000,0.0000,0.0000,276,0,0,0,0,13,0,0,0,0
zc,WS209,2012-06-07 09:05:42.933,2432.0000,239026,0,0.0000,0.0000,0,0,空换,S,2432.0000,0.0000,0.0000,0.0000,0.0000,2433.0000,0.0000,0.0000,0.0000,0.0000,274,0,0,0,0,14,0,0,0,0
zc,WS209,2012-06-07 09:05:43.650,2432.0000,239026,0,0.0000,0.0000,0,0,空换,S,2432.0000,0.0000,0.0000,0.0000,0.0000,2433.0000,0.0000,0.0000,0.0000,0.0000,273,0,0,0,0,22,0,0,0,0
zc,WS209,2012-06-07 09:05:45.353,2432.0000,239026,0,0.0000,2.0000,1,1,空换,S,2432.0000,0.0000,0.0000,0.0000,0.0000,2433.0000,0.0000,0.0000,0.0000,0.0000,272,0,0,0,0,22,0,0,0,0
zc,WS209,2012-06-07 09:05:46.573,2433.0000,239026,0,0.0000,2.0000,1,1,多换,B,2432.0000,0.0000,0.0000,0.0000,0.0000,2433.0000,0.0000,0.0000,0.0000,0.0000,272,0,0,0,0,21,0,0,0,0
zc,WS209,2012-06-07 09:05:47.087,2433.0000,239032,6,0.0000,42.0000,24,18,多开,B,2433.0000,0.0000,0.0000,0.0000,0.0000,2434.0000,0.0000,0.0000,0.0000,0.0000,19,0,0,0,0,111,0,0,0,0
zc,WS209,2012-06-07 09:05:47.870,2433.0000,239032,0,0.0000,2.0000,1,1,多换,B,2433.0000,0.0000,0.0000,0.0000,0.0000,2434.0000,0.0000,0.0000,0.0000,0.0000,19,0,0,0,0,111,0,0,0,0
zc,WS209,2012-06-07 09:05:48.370,2433.0000,238250,-782,0.0000,800.0000,9,791,空平,B,2433.0000,0.0000,0.0000,0.0000,0.0000,2434.0000,0.0000,0.0000,0.0000,0.0000,19,0,0,0,0,91,0,0,0,0
zc,WS209,2012-06-07 09:05:49.087,2433.0000,238154,-96,0.0000,118.0000,11,107,空平,B,2433.0000,0.0000,0.0000,0.0000,0.0000,2434.0000,0.0000,0.0000,0.0000,0.0000,162,0,0,0,0,81,0,0,0,0
zc,WS209,2012-06-07 09:05:49.683,2433.0000,238156,2,0.0000,2.0000,2,0,双开,B,2433.0000,0.0000,0.0000,0.0000,0.0000,2434.0000,0.0000,0.0000,0.0000,0.0000,162,0,0,0,0,81,0,0,0,0
zc,WS209,2012-06-07 09:05:50.417,2433.0000,238158,2,0.0000,2.0000,2,0,双开,B,2433.0000,0.0000,0.0000,0.0000,0.0000,2434.0000,0.0000,0.0000,0.0000,0.0000,161,0,0,0,0,82,0,0,0,0
zc,WS209,2012-06-07 09:05:51.637,2433.0000,238158,0,0.0000,2.0000,1,1,多换,B,2433.0000,0.0000,0.0000,0.0000,0.0000,2434.0000,0.0000,0.0000,0.0000,0.0000,160,0,0,0,0,82,0,0,0,0
zc,WS209,2012-06-07 09:05:51.887,2433.0000,238158,0,0.0000,0.0000,0,0,多换,B,2433.0000,0.0000,0.0000,0.0000,0.0000,2434.0000,0.0000,0.0000,0.0000,0.0000,160,0,0,0,0,86,0,0,0,0
zc,WS209,2012-06-07 09:05:54.323,2433.0000,238158,0,0.0000,6.0000,3,3,多换,B,2433.0000,0.0000,0.0000,0.0000,0.0000,2434.0000,0.0000,0.0000,0.0000,0.0000,157,0,0,0,0,87,0,0,0,0
zc,WS209,2012-06-07 09:05:54.870,2434.0000,238166,8,0.0000,12.0000,10,2,多开,B,2433.0000,0.0000,0.0000,0.0000,0.0000,2434.0000,0.0000,0.0000,0.0000,0.0000,156,0,0,0,0,82,0,0,0,0
zc,WS209,2012-06-07 09:05:55.650,2433.0000,238166,0,0.0000,2.0000,1,1,空换,S,2433.0000,0.0000,0.0000,0.0000,0.0000,2434.0000,0.0000,0.0000,0.0000,0.0000,158,0,0,0,0,82,0,0,0,0
zc,WS209,2012-06-07 09:05:58.337,2433.0000,238166,0,0.0000,0.0000,0,0,空换,S,2433.0000,0.0000,0.0000,0.0000,0.0000,2434.0000,0.0000,0.0000,0.0000,0.0000,16,0,0,0,0,86,0,0,0,0
zc,WS209,2012-06-07 09:05:59.120,2433.0000,238166,0,0.0000,4.0000,2,2,空换,S,2433.0000,0.0000,0.0000,0.0000,0.0000,2434.0000,0.0000,0.0000,0.0000,0.0000,14,0,0,0,0,88,0,0,0,0
zc,WS209,2012-06-07 09:06:01.637,2433.0000,238164,-2,0.0000,28.0000,13,15,多平,S,2432.0000,0.0000,0.0000,0.0000,0.0000,2434.0000,0.0000,0.0000,0.0000,0.0000,425,0,0,0,0,106,0,0,0,0
zc,WS209,2012-06-07 09:06:02.387,2433.0000,238164,0,0.0000,0.0000,0,0,空换,S,2432.0000,0.0000,0.0000,0.0000,0.0000,2433.0000,0.0000,0.0000,0.0000,0.0000,425,0,0,0,0,1,0,0,0,0
zc,WS209,2012-06-07 09:06:03.637,2433.0000,238164,0,0.0000,0.0000,0,0,空换,S,2432.0000,0.0000,0.0000,0.0000,0.0000,2433.0000,0.0000,0.0000,0.0000,0.0000,426,0,0,0,0,1,0,0,0,0
zc,WS209,2012-06-07 09:06:05.870,2433.0000,238164,0,0.0000,2.0000,1,1,空换,S,2432.0000,0.0000,0.0000,0.0000,0.0000,2434.0000,0.0000,0.0000,0.0000,0.0000,425,0,0,0,0,137,0,0,0,0
zc,WS209,2012-06-07 09:06:06.683,2433.0000,238162,-2,0.0000,2.0000,0,2,双平,S,2432.0000,0.0000,0.0000,0.0000,0.0000,2434.0000,0.0000,0.0000,0.0000,0.0000,424,0,0,0,0,137,0,0,0,0
zc,WS209,2012-06-07 09:06:07.137,2433.0000,238162,0,0.0000,0.0000,0,0,空换,S,2432.0000,0.0000,0.0000,0.0000,0.0000,2433.0000,0.0000,0.0000,0.0000,0.0000,424,0,0,0,0,1,0,0,0,0
zc,WS209,2012-06-07 09:06:07.620,2433.0000,238164,2,0.0000,2.0000,2,0,双开,S,2432.0000,0.0000,0.0000,0.0000,0.0000,2434.0000,0.0000,0.0000,0.0000,0.0000,424,0,0,0,0,142,0,0,0,0
zc,WS209,2012-06-07 09:06:09.120,2433.0000,238164,0,0.0000,0.0000,0,0,空换,S,2432.0000,0.0000,0.0000,0.0000,0.0000,2434.0000,0.0000,0.0000,0.0000,0.0000,425,0,0,0,0,142,0,0,0,0
zc,WS209,2012-06-07 09:06:09.650,2433.0000,238164,0,0.0000,0.0000,0,0,空换,S,2432.0000,0.0000,0.0000,0.0000,0.0000,2433.0000,0.0000,0.0000,0.0000,0.0000,425,0,0,0,0,1,0,0,0,0
zc,WS209,2012-06-07 09:06:11.370,2433.0000,238166,2,0.0000,2.0000,2,0,双开,S,2432.0000,0.0000,0.0000,0.0000,0.0000,2434.0000,0.0000,0.0000,0.0000,0.0000,425,0,0,0,0,143,0,0,0,0
zc,WS209,2012-06-07 09:06:11.853,2432.0000,238166,0,0.0000,10.0000,5,5,空换,S,2432.0000,0.0000,0.0000,0.0000,0.0000,2433.0000,0.0000,0.0000,0.0000,0.0000,420,0,0,0,0,1,0,0,0,0
zc,WS209,2012-06-07 09:06:12.637,2432.0000,238166,0,0.0000,0.0000,0,0,空换,S,2432.0000,0.0000,0.0000,0.0000,0.0000,2433.0000,0.0000,0.0000,0.0000,0.0000,420,0,0,0,0,6,0,0,0,0
zc,WS209,2012-06-07 09:06:12.900,2432.0000,238166,0,0.0000,0.0000,0,0,空换,S,2432.0000,0.0000,0.0000,0.0000,0.0000,2433.0000,0.0000,0.0000,0.0000,0.0000,420,0,0,0,0,10,0,0,0,0
zc,WS209,2012-06-07 09:06:13.620,2433.0000,238168,2,0.0000,6.0000,4,2,多开,B,2432.0000,0.0000,0.0000,0.0000,0.0000,2433.0000,0.0000,0.0000,0.0000,0.0000,420,0,0,0,0,7,0,0,0,0
zc,WS209,2012-06-07 09:06:14.853,2433.0000,238168,0,0.0000,0.0000,0,0,多换,B,2432.0000,0.0000,0.0000,0.0000,0.0000,2433.0000,0.0000,0.0000,0.0000,0.0000,420,0,0,0,0,8,0,0,0,0
zc,WS209,2012-06-07 09:06:15.337,2433.0000,238168,0,0.0000,0.0000,0,0,多换,B,2432.0000,0.0000,0.0000,0.0000,0.0000,2433.0000,0.0000,0.0000,0.0000,0.0000,420,0,0,0,0,9,0,0,0,0
zc,WS209,2012-06-07 09:06:15.900,2433.0000,238168,0,0.0000,0.0000,0,0,多换,B,2432.0000,0.0000,0.0000,0.0000,0.0000,2433.0000,0.0000,0.0000,0.0000,0.0000,420,0,0,0,0,29,0,0,0,0
zc,WS209,2012-06-07 09:06:16.587,2433.0000,238168,0,0.0000,14.0000,7,7,多换,B,2432.0000,0.0000,0.0000,0.0000,0.0000,2433.0000,0.0000,0.0000,0.0000,0.0000,415,0,0,0,0,28,0,0,0,0
zc,WS209,2012-06-07 09:06:17.120,2433.0000,238168,0,0.0000,0.0000,0,0,多换,B,2432.0000,0.0000,0.0000,0.0000,0.0000,2433.0000,0.0000,0.0000,0.0000,0.0000,415,0,0,0,0,29,0,0,0,0
zc,WS209,2012-06-07 09:06:18.120,2433.0000,238168,0,0.0000,0.0000,0,0,多换,B,2432.0000,0.0000,0.0000,0.0000,0.0000,2433.0000,0.0000,0.0000,0.0000,0.0000,416,0,0,0,0,34,0,0,0,0
zc,WS209,2012-06-07 09:06:18.870,2433.0000,238168,0,0.0000,0.0000,0,0,多换,B,2432.0000,0.0000,0.0000,0.0000,0.0000,2433.0000,0.0000,0.0000,0.0000,0.0000,416,0,0,0,0,44,0,0,0,0
zc,WS209,2012-06-07 09:06:20.137,2433.0000,238134,-34,0.0000,42.0000,4,38,空平,B,2432.0000,0.0000,0.0000,0.0000,0.0000,2433.0000,0.0000,0.0000,0.0000,0.0000,395,0,0,0,0,24,0,0,0,0
zc,WS209,2012-06-07 09:06:20.870,2433.0000,238090,-44,0.0000,48.0000,2,46,空平,B,2432.0000,0.0000,0.0000,0.0000,0.0000,2434.0000,0.0000,0.0000,0.0000,0.0000,371,0,0,0,0,144,0,0,0,0
zc,WS209,2012-06-07 09:06:22.370,2434.0000,238090,0,0.0000,2.0000,1,1,多换,B,2432.0000,0.0000,0.0000,0.0000,0.0000,2434.0000,0.0000,0.0000,0.0000,0.0000,371,0,0,0,0,143,0,0,0,0
zc,WS209,2012-06-07 09:06:23.603,2434.0000,238090,0,0.0000,0.0000,0,0,多换,B,2432.0000,0.0000,0.0000,0.0000,0.0000,2434.0000,0.0000,0.0000,0.0000,0.0000,371,0,0,0,0,142,0,0,0,0
zc,WS209,2012-06-07 09:06:26.197,2434.0000,238090,0,0.0000,0.0000,0,0,多换,B,2433.0000,0.0000,0.0000,0.0000,0.0000,2434.0000,0.0000,0.0000,0.0000,0.0000,9,0,0,0,0,142,0,0,0,0
zc,WS209,2012-06-07 09:06:27.387,2432.0000,238088,-2,0.0000,42.0000,20,22,多平,S,2432.0000,0.0000,0.0000,0.0000,0.0000,2434.0000,0.0000,0.0000,0.0000,0.0000,360,0,0,0,0,141,0,0,0,0
zc,WS209,2012-06-07 09:06:27.900,2432.0000,238088,0,0.0000,0.0000,0,0,空换,S,2432.0000,0.0000,0.0000,0.0000,0.0000,2434.0000,0.0000,0.0000,0.0000,0.0000,360,0,0,0,0,143,0,0,0,0
zc,WS209,2012-06-07 09:06:28.853,2432.0000,238088,0,0.0000,0.0000,0,0,空换,S,2432.0000,0.0000,0.0000,0.0000,0.0000,2434.0000,0.0000,0.0000,0.0000,0.0000,360,0,0,0,0,146,0,0,0,0
zc,WS209,2012-06-07 09:06:30.103,2432.0000,238088,0,0.0000,0.0000,0,0,空换,S,2432.0000,0.0000,0.0000,0.0000,0.0000,2433.0000,0.0000,0.0000,0.0000,0.0000,360,0,0,0,0,1,0,0,0,0
zc,WS209,2012-06-07 09:06:32.120,2433.0000,238090,2,0.0000,2.0000,2,0,双开,B,2432.0000,0.0000,0.0000,0.0000,0.0000,2434.0000,0.0000,0.0000,0.0000,0.0000,360,0,0,0,0,146,0,0,0,0
zc,WS209,2012-06-07 09:06:33.150,2434.0000,238090,0,0.0000,8.0000,4,4,多换,B,2432.0000,0.0000,0.0000,0.0000,0.0000,2434.0000,0.0000,0.0000,0.0000,0.0000,360,0,0,0,0,143,0,0,0,0
zc,WS209,2012-06-07 09:06:34.387,2434.0000,238090,0,0.0000,2.0000,1,1,多换,B,2432.0000,0.0000,0.0000,0.0000,0.0000,2434.0000,0.0000,0.0000,0.0000,0.0000,360,0,0,0,0,143,0,0,0,0
zc,WS209,2012-06-07 09:06:36.900,2434.0000,238090,0,0.0000,4.0000,2,2,多换,B,2432.0000,0.0000,0.0000,0.0000,0.0000,2434.0000,0.0000,0.0000,0.0000,0.0000,360,0,0,0,0,141,0,0,0,0
zc,WS209,2012-06-07 09:06:37.603,2434.0000,238090,0,0.0000,0.0000,0,0,多换,B,2433.0000,0.0000,0.0000,0.0000,0.0000,2434.0000,0.0000,0.0000,0.0000,0.0000,1,0,0,0,0,151,0,0,0,0
zc,WS209,2012-06-07 09:06:39.417,2433.0000,238092,2,0.0000,2.0000,2,0,双开,S,2432.0000,0.0000,0.0000,0.0000,0.0000,2434.0000,0.0000,0.0000,0.0000,0.0000,360,0,0,0,0,151,0,0,0,0
zc,WS209,2012-06-07 09:06:40.853,2433.0000,238092,0,0.0000,0.0000,0,0,空换,S,2432.0000,0.0000,0.0000,0.0000,0.0000,2433.0000,0.0000,0.0000,0.0000,0.0000,360,0,0,0,0,20,0,0,0,0
zc,WS209,2012-06-07 09:06:42.137,2433.0000,238092,0,0.0000,0.0000,0,0,空换,S,2432.0000,0.0000,0.0000,0.0000,0.0000,2433.0000,0.0000,0.0000,0.0000,0.0000,361,0,0,0,0,20,0,0,0,0
zc,WS209,2012-06-07 09:06:43.353,2433.0000,238096,4,0.0000,4.0000,4,0,双开,S,2432.0000,0.0000,0.0000,0.0000,0.0000,2433.0000,0.0000,0.0000,0.0000,0.0000,361,0,0,0,0,18,0,0,0,0
zc,WS209,2012-06-07 09:06:43.837,2433.0000,238098,2,0.0000,2.0000,2,0,双开,S,2432.0000,0.0000,0.0000,0.0000,0.0000,2433.0000,0.0000,0.0000,0.0000,0.0000,361,0,0,0,0,17,0,0,0,0
zc,WS209,2012-06-07 09:06:44.587,2433.0000,238100,2,0.0000,4.0000,3,1,空开,S,2432.0000,0.0000,0.0000,0.0000,0.0000,2433.0000,0.0000,0.0000,0.0000,0.0000,360,0,0,0,0,15,0,0,0,0
zc,WS209,2012-06-07 09:06:45.073,2433.0000,238100,0,0.0000,2.0000,1,1,空换,S,2432.0000,0.0000,0.0000,0.0000,0.0000,2433.0000,0.0000,0.0000,0.0000,0.0000,359,0,0,0,0,14,0,0,0,0
zc,WS209,2012-06-07 09:06:45.823,2433.0000,238100,0,0.0000,28.0000,14,14,空换,S,2432.0000,0.0000,0.0000,0.0000,0.0000,2434.0000,0.0000,0.0000,0.0000,0.0000,345,0,0,0,0,161,0,0,0,0
zc,WS209,2012-06-07 09:06:46.853,2433.0000,238100,0,0.0000,0.0000,0,0,空换,S,2432.0000,0.0000,0.0000,0.0000,0.0000,2433.0000,0.0000,0.0000,0.0000,0.0000,345,0,0,0,0,2,0,0,0,0
zc,WS209,2012-06-07 09:06:47.353,2433.0000,238098,-2,0.0000,2.0000,0,2,双平,S,2432.0000,0.0000,0.0000,0.0000,0.0000,2433.0000,0.0000,0.0000,0.0000,0.0000,345,0,0,0,0,1,0,0,0,0
zc,WS209,2012-06-07 09:06:48.353,2433.0000,238098,0,0.0000,0.0000,0,0,空换,S,2432.0000,0.0000,0.0000,0.0000,0.0000,2433.0000,0.0000,0.0000,0.0000,0.0000,345,0,0,0,0,4,0,0,0,0
zc,WS209,2012-06-07 09:06:49.620,2433.0000,238098,0,0.0000,2.0000,1,1,空换,S,2432.0000,0.0000,0.0000,0.0000,0.0000,2433.0000,0.0000,0.0000,0.0000,0.0000,345,0,0,0,0,4,0,0,0,0
zc,WS209,2012-06-07 09:06:50.837,2433.0000,238098,0,0.0000,8.0000,4,4,空换,S,2433.0000,0.0000,0.0000,0.0000,0.0000,2434.0000,0.0000,0.0000,0.0000,0.0000,7,0,0,0,0,165,0,0,0,0
zc,WS209,2012-06-07 09:06:51.087,2433.0000,238098,0,0.0000,0.0000,0,0,空换,S,2433.0000,0.0000,0.0000,0.0000,0.0000,2434.0000,0.0000,0.0000,0.0000,0.0000,11,0,0,0,0,166,0,0,0,0
zc,WS209,2012-06-07 09:06:52.370,2433.0000,238098,0,0.0000,0.0000,0,0,空换,S,2433.0000,0.0000,0.0000,0.0000,0.0000,2434.0000,0.0000,0.0000,0.0000,0.0000,14,0,0,0,0,164,0,0,0,0
zc,WS209,2012-06-07 09:06:53.620,2433.0000,238156,58,0.0000,62.0000,60,2,空开,S,2432.0000,0.0000,0.0000,0.0000,0.0000,2433.0000,0.0000,0.0000,0.0000,0.0000,346,0,0,0,0,70,0,0,0,0
zc,WS209,2012-06-07 09:06:54.120,2433.0000,238216,60,0.0000,60.0000,60,0,双开,S,2432.0000,0.0000,0.0000,0.0000,0.0000,2433.0000,0.0000,0.0000,0.0000,0.0000,346,0,0,0,0,40,0,0,0,0
zc,WS209,2012-06-07 09:06:54.837,2433.0000,238236,20,0.0000,22.0000,21,1,空开,S,2432.0000,0.0000,0.0000,0.0000,0.0000,2433.0000,0.0000,0.0000,0.0000,0.0000,345,0,0,0,0,30,0,0,0,0
zc,WS209,2012-06-07 09:06:57.307,2433.0000,238238,2,0.0000,4.0000,3,1,空开,S,2432.0000,0.0000,0.0000,0.0000,0.0000,2433.0000,0.0000,0.0000,0.0000,0.0000,344,0,0,0,0,28,0,0,0,0
zc,WS209,2012-06-07 09:07:00.337,2432.0000,238238,0,0.0000,8.0000,4,4,空换,S,2432.0000,0.0000,0.0000,0.0000,0.0000,2433.0000,0.0000,0.0000,0.0000,0.0000,340,0,0,0,0,28,0,0,0,0
zc,WS209,2012-06-07 09:07:00.573,2432.0000,238238,0,0.0000,0.0000,0,0,空换,S,2432.0000,0.0000,0.0000,0.0000,0.0000,2433.0000,0.0000,0.0000,0.0000,0.0000,340,0,0,0,0,29,0,0,0,0
zc,WS209,2012-06-07 09:07:01.353,2433.0000,238238,0,0.0000,2.0000,1,1,多换,B,2432.0000,0.0000,0.0000,0.0000,0.0000,2433.0000,0.0000,0.0000,0.0000,0.0000,262,0,0,0,0,142,0,0,0,0
zc,WS209,2012-06-07 09:07:02.603,2433.0000,238254,16,0.0000,16.0000,16,0,双开,B,2432.0000,0.0000,0.0000,0.0000,0.0000,2433.0000,0.0000,0.0000,0.0000,0.0000,262,0,0,0,0,134,0,0,0,0
zc,WS209,2012-06-07 09:07:03.587,2433.0000,238254,0,0.0000,0.0000,0,0,多换,B,2432.0000,0.0000,0.0000,0.0000,0.0000,2433.0000,0.0000,0.0000,0.0000,0.0000,262,0,0,0,0,139,0,0,0,0
zc,WS209,2012-06-07 09:07:04.603,2433.0000,238254,0,0.0000,0.0000,0,0,多换,B,2432.0000,0.0000,0.0000,0.0000,0.0000,2433.0000,0.0000,0.0000,0.0000,0.0000,262,0,0,0,0,140,0,0,0,0
zc,WS209,2012-06-07 09:07:07.120,2433.0000,238254,0,0.0000,0.0000,0,0,多换,B,2432.0000,0.0000,0.0000,0.0000,0.0000,2433.0000,0.0000,0.0000,0.0000,0.0000,262,0,0,0,0,146,0,0,0,0
zc,WS209,2012-06-07 09:07:07.933,2433.0000,238254,0,0.0000,0.0000,0,0,多换,B,2432.0000,0.0000,0.0000,0.0000,0.0000,2433.0000,0.0000,0.0000,0.0000,0.0000,262,0,0,0,0,148,0,0,0,0
zc,WS209,2012-06-07 09:07:08.353,2433.0000,238254,0,0.0000,0.0000,0,0,多换,B,2432.0000,0.0000,0.0000,0.0000,0.0000,2433.0000,0.0000,0.0000,0.0000,0.0000,262,0,0,0,0,149,0,0,0,0
zc,WS209,2012-06-07 09:07:08.837,2433.0000,238254,0,0.0000,0.0000,0,0,多换,B,2432.0000,0.0000,0.0000,0.0000,0.0000,2433.0000,0.0000,0.0000,0.0000,0.0000,262,0,0,0,0,189,0,0,0,0
zc,WS209,2012-06-07 09:07:10.137,2432.0000,238254,0,0.0000,20.0000,10,10,空换,S,2432.0000,0.0000,0.0000,0.0000,0.0000,2433.0000,0.0000,0.0000,0.0000,0.0000,252,0,0,0,0,179,0,0,0,0
zc,WS209,2012-06-07 09:07:10.573,2432.0000,238266,12,0.0000,20.0000,16,4,空开,S,2432.0000,0.0000,0.0000,0.0000,0.0000,2433.0000,0.0000,0.0000,0.0000,0.0000,242,0,0,0,0,180,0,0,0,0
zc,WS209,2012-06-07 09:07:11.087,2432.0000,238282,16,0.0000,16.0000,16,0,双开,S,2432.0000,0.0000,0.0000,0.0000,0.0000,2433.0000,0.0000,0.0000,0.0000,0.0000,234,0,0,0,0,207,0,0,0,0
zc,WS209,2012-06-07 09:07:11.587,2432.0000,238284,2,0.0000,2.0000,2,0,双开,S,2432.0000,0.0000,0.0000,0.0000,0.0000,2433.0000,0.0000,0.0000,0.0000,0.0000,233,0,0,0,0,206,0,0,0,0
zc,WS209,2012-06-07 09:07:12.087,2432.0000,238284,0,0.0000,200.0000,100,100,空换,S,2432.0000,0.0000,0.0000,0.0000,0.0000,2433.0000,0.0000,0.0000,0.0000,0.0000,133,0,0,0,0,206,0,0,0,0
zc,WS209,2012-06-07 09:07:14.917,2432.0000,238522,238,0.0000,270.0000,254,16,空开,S,2431.0000,0.0000,0.0000,0.0000,0.0000,2432.0000,0.0000,0.0000,0.0000,0.0000,90,0,0,0,0,3,0,0,0,0
zc,WS209,2012-06-07 09:07:16.103,2431.0000,238524,2,0.0000,2.0000,2,0,双开,S,2431.0000,0.0000,0.0000,0.0000,0.0000,2432.0000,0.0000,0.0000,0.0000,0.0000,91,0,0,0,0,5,0,0,0,0
zc,WS209,2012-06-07 09:07:16.853,2431.0000,238524,0,0.0000,2.0000,1,1,空换,S,2431.0000,0.0000,0.0000,0.0000,0.0000,2432.0000,0.0000,0.0000,0.0000,0.0000,90,0,0,0,0,5,0,0,0,0
zc,WS209,2012-06-07 09:07:18.837,2431.0000,238524,0,0.0000,10.0000,5,5,空换,S,2431.0000,0.0000,0.0000,0.0000,0.0000,2432.0000,0.0000,0.0000,0.0000,0.0000,85,0,0,0,0,5,0,0,0,0
zc,WS209,2012-06-07 09:07:19.620,2431.0000,238522,-2,0.0000,2.0000,0,2,双平,S,2431.0000,0.0000,0.0000,0.0000,0.0000,2432.0000,0.0000,0.0000,0.0000,0.0000,84,0,0,0,0,6,0,0,0,0
zc,WS209,2012-06-07 09:07:20.103,2432.0000,238516,-6,0.0000,14.0000,4,10,空平,B,2431.0000,0.0000,0.0000,0.0000,0.0000,2433.0000,0.0000,0.0000,0.0000,0.0000,77,0,0,0,0,303,0,0,0,0
zc,WS209,2012-06-07 09:07:20.620,2432.0000,238514,-2,0.0000,2.0000,0,2,双平,B,2431.0000,0.0000,0.0000,0.0000,0.0000,2433.0000,0.0000,0.0000,0.0000,0.0000,76,0,0,0,0,303,0,0,0,0
zc,WS209,2012-06-07 09:07:21.370,2432.0000,238514,0,0.0000,0.0000,0,0,多换,B,2431.0000,0.0000,0.0000,0.0000,0.0000,2432.0000,0.0000,0.0000,0.0000,0.0000,6,0,0,0,0,1,0,0,0,0
zc,WS209,2012-06-07 09:07:22.557,2431.0000,238514,0,0.0000,2.0000,1,1,空换,S,2431.0000,0.0000,0.0000,0.0000,0.0000,2432.0000,0.0000,0.0000,0.0000,0.0000,5,0,0,0,0,1,0,0,0,0
zc,WS209,2012-06-07 09:07:24.103,2431.0000,238514,0,0.0000,0.0000,0,0,空换,S,2431.0000,0.0000,0.0000,0.0000,0.0000,2432.0000,0.0000,0.0000,0.0000,0.0000,5,0,0,0,0,2,0,0,0,0
zc,WS209,2012-06-07 09:07:25.870,2432.0000,238516,2,0.0000,16.0000,9,7,多开,B,2432.0000,0.0000,0.0000,0.0000,0.0000,2433.0000,0.0000,0.0000,0.0000,0.0000,2,0,0,0,0,347,0,0,0,0
zc,WS209,2012-06-07 09:07:26.637,2431.0000,238516,0,0.0000,14.0000,7,7,空换,S,2430.0000,0.0000,0.0000,0.0000,0.0000,2431.0000,0.0000,0.0000,0.0000,0.0000,40,0,0,0,0,9,0,0,0,0
zc,WS209,2012-06-07 09:07:27.087,2431.0000,238516,0,0.0000,4.0000,2,2,空换,S,2430.0000,0.0000,0.0000,0.0000,0.0000,2431.0000,0.0000,0.0000,0.0000,0.0000,42,0,0,0,0,7,0,0,0,0
zc,WS209,2012-06-07 09:07:27.887,2431.0000,238516,0,0.0000,4.0000,2,2,空换,S,2430.0000,0.0000,0.0000,0.0000,0.0000,2431.0000,0.0000,0.0000,0.0000,0.0000,38,0,0,0,0,5,0,0,0,0
zc,WS209,2012-06-07 09:07:28.337,2431.0000,238516,0,0.0000,0.0000,0,0,空换,S,2430.0000,0.0000,0.0000,0.0000,0.0000,2431.0000,0.0000,0.0000,0.0000,0.0000,38,0,0,0,0,7,0,0,0,0
