市场代码,合约代码,时间,最新,持仓,增仓,成交额,成交量,开仓,平仓,成交类型,方向,买一价,买二价,买三价,买四价,买五价,卖一价,卖二价,卖三价,卖四价,卖五价,买一量,买二量,买三量,买四量,买五量,卖一量,卖二量,卖三量,卖四量,卖五量
zc,WS301,2012-06-07 07:41:59.603,0.0000,471516,0,0.0000,0.0000,0,0,空换,S,0.0000,0.0000,0.0000,0.0000,0.0000,0.0000,0.0000,0.0000,0.0000,0.0000,0,0,0,0,0,0,0,0,0,0
zc,WS301,2012-06-07 07:42:55.603,0.0000,471516,0,0.0000,0.0000,0,0,空换,S,0.0000,0.0000,0.0000,0.0000,0.0000,0.0000,0.0000,0.0000,0.0000,0.0000,0,0,0,0,0,0,0,0,0,0
zc,WS301,2012-06-07 07:44:55.603,0.0000,471516,0,0.0000,0.0000,0,0,空换,S,0.0000,0.0000,0.0000,0.0000,0.0000,0.0000,0.0000,0.0000,0.0000,0.0000,0,0,0,0,0,0,0,0,0,0
zc,WS301,2012-06-07 07:47:55.603,0.0000,471516,0,0.0000,0.0000,0,0,空换,S,0.0000,0.0000,0.0000,0.0000,0.0000,0.0000,0.0000,0.0000,0.0000,0.0000,0,0,0,0,0,0,0,0,0,0
zc,WS301,2012-06-07 07:49:55.587,0.0000,471516,0,0.0000,0.0000,0,0,空换,S,0.0000,0.0000,0.0000,0.0000,0.0000,0.0000,0.0000,0.0000,0.0000,0.0000,0,0,0,0,0,0,0,0,0,0
zc,WS301,2012-06-07 07:51:55.587,0.0000,471516,0,0.0000,0.0000,0,0,空换,S,0.0000,0.0000,0.0000,0.0000,0.0000,0.0000,0.0000,0.0000,0.0000,0.0000,0,0,0,0,0,0,0,0,0,0
zc,WS301,2012-06-07 07:58:55.587,0.0000,471516,0,0.0000,0.0000,0,0,空换,S,0.0000,0.0000,0.0000,0.0000,0.0000,0.0000,0.0000,0.0000,0.0000,0.0000,0,0,0,0,0,0,0,0,0,0
zc,WS301,2012-06-07 08:00:55.587,0.0000,471516,0,0.0000,0.0000,0,0,空换,S,0.0000,0.0000,0.0000,0.0000,0.0000,0.0000,0.0000,0.0000,0.0000,0.0000,0,0,0,0,0,0,0,0,0,0
zc,WS301,2012-06-07 08:01:55.587,0.0000,471516,0,0.0000,0.0000,0,0,空换,S,0.0000,0.0000,0.0000,0.0000,0.0000,0.0000,0.0000,0.0000,0.0000,0.0000,0,0,0,0,0,0,0,0,0,0
zc,WS301,2012-06-07 08:15:57.073,0.0000,471516,0,0.0000,0.0000,0,0,空换,S,0.0000,0.0000,0.0000,0.0000,0.0000,0.0000,0.0000,0.0000,0.0000,0.0000,0,0,0,0,0,0,0,0,0,0
zc,WS301,2012-06-07 08:22:57.073,0.0000,471516,0,0.0000,0.0000,0,0,空换,S,0.0000,0.0000,0.0000,0.0000,0.0000,0.0000,0.0000,0.0000,0.0000,0.0000,0,0,0,0,0,0,0,0,0,0
zc,WS301,2012-06-07 08:25:57.073,0.0000,471516,0,0.0000,0.0000,0,0,空换,S,0.0000,0.0000,0.0000,0.0000,0.0000,0.0000,0.0000,0.0000,0.0000,0.0000,0,0,0,0,0,0,0,0,0,0
zc,WS301,2012-06-07 08:27:57.073,0.0000,471516,0,0.0000,0.0000,0,0,空换,S,0.0000,0.0000,0.0000,0.0000,0.0000,0.0000,0.0000,0.0000,0.0000,0.0000,0,0,0,0,0,0,0,0,0,0
zc,WS301,2012-06-07 08:43:57.073,0.0000,471516,0,0.0000,0.0000,0,0,空换,S,0.0000,0.0000,0.0000,0.0000,0.0000,0.0000,0.0000,0.0000,0.0000,0.0000,0,0,0,0,0,0,0,0,0,0
zc,WS301,2012-06-07 08:55:00.587,0.0000,471516,0,0.0000,0.0000,0,0,空换,S,0.0000,0.0000,0.0000,0.0000,0.0000,0.0000,0.0000,0.0000,0.0000,0.0000,0,0,0,0,0,0,0,0,0,0
zc,WS301,2012-06-07 08:55:01.323,0.0000,471516,0,0.0000,0.0000,0,0,空换,S,0.0000,0.0000,0.0000,0.0000,0.0000,0.0000,0.0000,0.0000,0.0000,0.0000,0,0,0,0,0,0,0,0,0,0
zc,WS301,2012-06-07 08:55:01.823,0.0000,471516,0,0.0000,0.0000,0,0,空换,S,0.0000,0.0000,0.0000,0.0000,0.0000,0.0000,0.0000,0.0000,0.0000,0.0000,0,0,0,0,0,0,0,0,0,0
zc,WS301,2012-06-07 08:55:02.573,0.0000,471516,0,0.0000,0.0000,0,0,空换,S,0.0000,0.0000,0.0000,0.0000,0.0000,0.0000,0.0000,0.0000,0.0000,0.0000,0,0,0,0,0,0,0,0,0,0
zc,WS301,2012-06-07 08:56:59.290,0.0000,471516,0,0.0000,0.0000,0,0,空换,S,0.0000,0.0000,0.0000,0.0000,0.0000,0.0000,0.0000,0.0000,0.0000,0.0000,0,0,0,0,0,0,0,0,0,0
zc,WS301,2012-06-07 08:57:46.040,0.0000,471516,0,0.0000,0.0000,0,0,空换,S,0.0000,0.0000,0.0000,0.0000,0.0000,0.0000,0.0000,0.0000,0.0000,0.0000,0,0,0,0,0,0,0,0,0,0
zc,WS301,2012-06-07 08:58:57.057,0.0000,471516,0,0.0000,0.0000,0,0,空换,S,0.0000,0.0000,0.0000,0.0000,0.0000,0.0000,0.0000,0.0000,0.0000,0.0000,0,0,0,0,0,0,0,0,0,0
zc,WS301,2012-06-07 08:58:58.290,0.0000,471516,0,0.0000,0.0000,0,0,空换,S,0.0000,0.0000,0.0000,0.0000,0.0000,0.0000,0.0000,0.0000,0.0000,0.0000,0,0,0,0,0,0,0,0,0,0
zc,WS301,2012-06-07 09:00:01.040,2538.0000,472440,924,0.0000,3060.0000,1992,1068,多开,B,2538.0000,0.0000,0.0000,0.0000,0.0000,2539.0000,0.0000,0.0000,0.0000,0.0000,5,0,0,0,0,433,0,0,0,0
zc,WS301,2012-06-07 09:00:04.790,2538.0000,472528,88,0.0000,1080.0000,584,496,多开,B,2538.0000,0.0000,0.0000,0.0000,0.0000,2539.0000,0.0000,0.0000,0.0000,0.0000,1,0,0,0,0,411,0,0,0,0
zc,WS301,2012-06-07 09:00:06.260,2538.0000,472418,-110,0.0000,194.0000,42,152,空平,B,2537.0000,0.0000,0.0000,0.0000,0.0000,2538.0000,0.0000,0.0000,0.0000,0.0000,5,0,0,0,0,100,0,0,0,0
zc,WS301,2012-06-07 09:00:07.010,2537.0000,472418,0,0.0000,58.0000,29,29,空换,S,2537.0000,0.0000,0.0000,0.0000,0.0000,2538.0000,0.0000,0.0000,0.0000,0.0000,115,0,0,0,0,142,0,0,0,0
zc,WS301,2012-06-07 09:00:08.040,2538.0000,472402,-16,0.0000,36.0000,10,26,空平,B,2537.0000,0.0000,0.0000,0.0000,0.0000,2538.0000,0.0000,0.0000,0.0000,0.0000,162,0,0,0,0,139,0,0,0,0
zc,WS301,2012-06-07 09:00:08.247,2538.0000,472402,0,0.0000,16.0000,8,8,多换,B,2537.0000,0.0000,0.0000,0.0000,0.0000,2538.0000,0.0000,0.0000,0.0000,0.0000,161,0,0,0,0,307,0,0,0,0
zc,WS301,2012-06-07 09:00:08.963,2537.0000,472384,-18,0.0000,38.0000,10,28,多平,S,2537.0000,0.0000,0.0000,0.0000,0.0000,2538.0000,0.0000,0.0000,0.0000,0.0000,154,0,0,0,0,307,0,0,0,0
zc,WS301,2012-06-07 09:00:09.510,2538.0000,472384,0,0.0000,60.0000,30,30,多换,B,2537.0000,0.0000,0.0000,0.0000,0.0000,2538.0000,0.0000,0.0000,0.0000,0.0000,151,0,0,0,0,300,0,0,0,0
zc,WS301,2012-06-07 09:00:10.183,2537.0000,472488,104,0.0000,110.0000,107,3,空开,S,2537.0000,0.0000,0.0000,0.0000,0.0000,2538.0000,0.0000,0.0000,0.0000,0.0000,102,0,0,0,0,321,0,0,0,0
zc,WS301,2012-06-07 09:00:10.697,2537.0000,472476,-12,0.0000,26.0000,7,19,多平,S,2537.0000,0.0000,0.0000,0.0000,0.0000,2538.0000,0.0000,0.0000,0.0000,0.0000,47,0,0,0,0,316,0,0,0,0
zc,WS301,2012-06-07 09:00:11.463,2538.0000,472472,-4,0.0000,16.0000,6,10,空平,B,2537.0000,0.0000,0.0000,0.0000,0.0000,2538.0000,0.0000,0.0000,0.0000,0.0000,42,0,0,0,0,365,0,0,0,0
zc,WS301,2012-06-07 09:00:11.947,2537.0000,472452,-20,0.0000,212.0000,96,116,多平,S,2536.0000,0.0000,0.0000,0.0000,0.0000,2537.0000,0.0000,0.0000,0.0000,0.0000,136,0,0,0,0,45,0,0,0,0
zc,WS301,2012-06-07 09:00:12.417,2537.0000,472452,0,0.0000,22.0000,11,11,空换,S,2536.0000,0.0000,0.0000,0.0000,0.0000,2537.0000,0.0000,0.0000,0.0000,0.0000,130,0,0,0,0,58,0,0,0,0
zc,WS301,2012-06-07 09:00:13.213,2537.0000,472456,4,0.0000,52.0000,28,24,空开,S,2536.0000,0.0000,0.0000,0.0000,0.0000,2537.0000,0.0000,0.0000,0.0000,0.0000,118,0,0,0,0,47,0,0,0,0
zc,WS301,2012-06-07 09:00:13.433,2537.0000,472456,0,0.0000,40.0000,20,20,空换,S,2536.0000,0.0000,0.0000,0.0000,0.0000,2537.0000,0.0000,0.0000,0.0000,0.0000,119,0,0,0,0,90,0,0,0,0
zc,WS301,2012-06-07 09:00:14.497,2536.0000,472526,70,0.0000,506.0000,288,218,空开,S,2536.0000,0.0000,0.0000,0.0000,0.0000,2537.0000,0.0000,0.0000,0.0000,0.0000,71,0,0,0,0,10,0,0,0,0
zc,WS301,2012-06-07 09:00:14.917,2536.0000,472526,0,0.0000,32.0000,16,16,空换,S,2536.0000,0.0000,0.0000,0.0000,0.0000,2537.0000,0.0000,0.0000,0.0000,0.0000,56,0,0,0,0,11,0,0,0,0
zc,WS301,2012-06-07 09:00:15.447,2536.0000,472526,0,0.0000,2.0000,1,1,空换,S,2536.0000,0.0000,0.0000,0.0000,0.0000,2537.0000,0.0000,0.0000,0.0000,0.0000,55,0,0,0,0,13,0,0,0,0
zc,WS301,2012-06-07 09:00:16.230,2536.0000,472530,4,0.0000,26.0000,15,11,空开,S,2536.0000,0.0000,0.0000,0.0000,0.0000,2537.0000,0.0000,0.0000,0.0000,0.0000,50,0,0,0,0,56,0,0,0,0
zc,WS301,2012-06-07 09:00:17.213,2536.0000,472564,34,0.0000,112.0000,73,39,空开,S,2536.0000,0.0000,0.0000,0.0000,0.0000,2537.0000,0.0000,0.0000,0.0000,0.0000,29,0,0,0,0,31,0,0,0,0
zc,WS301,2012-06-07 09:00:17.933,2536.0000,472540,-24,0.0000,112.0000,44,68,多平,S,2535.0000,0.0000,0.0000,0.0000,0.0000,2536.0000,0.0000,0.0000,0.0000,0.0000,414,0,0,0,0,66,0,0,0,0
zc,WS301,2012-06-07 09:00:18.697,2536.0000,472522,-18,0.0000,20.0000,1,19,多平,S,2535.0000,0.0000,0.0000,0.0000,0.0000,2536.0000,0.0000,0.0000,0.0000,0.0000,415,0,0,0,0,63,0,0,0,0
zc,WS301,2012-06-07 09:00:19.433,2536.0000,472522,0,0.0000,4.0000,2,2,空换,S,2535.0000,0.0000,0.0000,0.0000,0.0000,2536.0000,0.0000,0.0000,0.0000,0.0000,415,0,0,0,0,74,0,0,0,0
zc,WS301,2012-06-07 09:00:20.010,2535.0000,472628,106,0.0000,516.0000,311,205,空开,S,2535.0000,0.0000,0.0000,0.0000,0.0000,2536.0000,0.0000,0.0000,0.0000,0.0000,370,0,0,0,0,2,0,0,0,0
zc,WS301,2012-06-07 09:00:20.997,2535.0000,472632,4,0.0000,94.0000,49,45,空开,S,2535.0000,0.0000,0.0000,0.0000,0.0000,2536.0000,0.0000,0.0000,0.0000,0.0000,361,0,0,0,0,4,0,0,0,0
zc,WS301,2012-06-07 09:00:21.433,2537.0000,472630,-2,0.0000,16.0000,7,9,空平,B,2535.0000,0.0000,0.0000,0.0000,0.0000,2536.0000,0.0000,0.0000,0.0000,0.0000,365,0,0,0,0,24,0,0,0,0
zc,WS301,2012-06-07 09:00:22.510,2536.0000,472674,44,0.0000,48.0000,46,2,空开,S,2536.0000,0.0000,0.0000,0.0000,0.0000,2537.0000,0.0000,0.0000,0.0000,0.0000,1,0,0,0,0,15,0,0,0,0
zc,WS301,2012-06-07 09:00:22.933,2535.0000,472666,-8,0.0000,76.0000,34,42,多平,S,2535.0000,0.0000,0.0000,0.0000,0.0000,2536.0000,0.0000,0.0000,0.0000,0.0000,327,0,0,0,0,75,0,0,0,0
zc,WS301,2012-06-07 09:00:23.697,2536.0000,472636,-30,0.0000,194.0000,82,112,空平,B,2536.0000,0.0000,0.0000,0.0000,0.0000,2537.0000,0.0000,0.0000,0.0000,0.0000,4,0,0,0,0,32,0,0,0,0
zc,WS301,2012-06-07 09:00:24.183,2536.0000,472542,-94,0.0000,102.0000,4,98,空平,B,2536.0000,0.0000,0.0000,0.0000,0.0000,2537.0000,0.0000,0.0000,0.0000,0.0000,34,0,0,0,0,83,0,0,0,0
zc,WS301,2012-06-07 09:00:24.963,2536.0000,472462,-80,0.0000,112.0000,16,96,空平,B,2536.0000,0.0000,0.0000,0.0000,0.0000,2537.0000,0.0000,0.0000,0.0000,0.0000,197,0,0,0,0,86,0,0,0,0
zc,WS301,2012-06-07 09:00:25.730,2537.0000,472479,17,0.0000,546.0000,282,265,多开,B,2537.0000,0.0000,0.0000,0.0000,0.0000,2538.0000,0.0000,0.0000,0.0000,0.0000,48,0,0,0,0,434,0,0,0,0
zc,WS301,2012-06-07 09:00:26.290,2537.0000,472478,-1,0.0000,4.0000,2,3,空平,B,2537.0000,0.0000,0.0000,0.0000,0.0000,2538.0000,0.0000,0.0000,0.0000,0.0000,67,0,0,0,0,466,0,0,0,0
zc,WS301,2012-06-07 09:00:26.963,2537.0000,472478,0,0.0000,26.0000,13,13,多换,B,2537.0000,0.0000,0.0000,0.0000,0.0000,2538.0000,0.0000,0.0000,0.0000,0.0000,54,0,0,0,0,466,0,0,0,0
zc,WS301,2012-06-07 09:00:27.697,2538.0000,472478,0,0.0000,34.0000,17,17,多换,B,2537.0000,0.0000,0.0000,0.0000,0.0000,2538.0000,0.0000,0.0000,0.0000,0.0000,39,0,0,0,0,464,0,0,0,0
zc,WS301,2012-06-07 09:00:28.197,2537.0000,472478,0,0.0000,68.0000,34,34,空换,S,2537.0000,0.0000,0.0000,0.0000,0.0000,2538.0000,0.0000,0.0000,0.0000,0.0000,25,0,0,0,0,446,0,0,0,0
zc,WS301,2012-06-07 09:00:28.947,2537.0000,472438,-40,0.0000,56.0000,8,48,多平,S,2536.0000,0.0000,0.0000,0.0000,0.0000,2537.0000,0.0000,0.0000,0.0000,0.0000,114,0,0,0,0,41,0,0,0,0
zc,WS301,2012-06-07 09:00:29.463,2536.0000,472538,100,0.0000,100.0000,100,0,双开,S,2536.0000,0.0000,0.0000,0.0000,0.0000,2537.0000,0.0000,0.0000,0.0000,0.0000,69,0,0,0,0,41,0,0,0,0
zc,WS301,2012-06-07 09:00:30.230,2537.0000,472534,-4,0.0000,16.0000,6,10,空平,B,2536.0000,0.0000,0.0000,0.0000,0.0000,2537.0000,0.0000,0.0000,0.0000,0.0000,80,0,0,0,0,42,0,0,0,0
zc,WS301,2012-06-07 09:00:30.697,2536.0000,472536,2,0.0000,12.0000,7,5,空开,S,2536.0000,0.0000,0.0000,0.0000,0.0000,2537.0000,0.0000,0.0000,0.0000,0.0000,78,0,0,0,0,59,0,0,0,0
zc,WS301,2012-06-07 09:00:31.963,2537.0000,472536,0,0.0000,40.0000,20,20,多换,B,2536.0000,0.0000,0.0000,0.0000,0.0000,2537.0000,0.0000,0.0000,0.0000,0.0000,63,0,0,0,0,65,0,0,0,0
zc,WS301,2012-06-07 09:00:32.713,2537.0000,472536,0,0.0000,10.0000,5,5,多换,B,2536.0000,0.0000,0.0000,0.0000,0.0000,2537.0000,0.0000,0.0000,0.0000,0.0000,67,0,0,0,0,63,0,0,0,0
zc,WS301,2012-06-07 09:00:33.447,2537.0000,472536,0,0.0000,0.0000,0,0,多换,B,2536.0000,0.0000,0.0000,0.0000,0.0000,2537.0000,0.0000,0.0000,0.0000,0.0000,58,0,0,0,0,62,0,0,0,0
zc,WS301,2012-06-07 09:00:33.900,2536.0000,472536,0,0.0000,12.0000,6,6,空换,S,2536.0000,0.0000,0.0000,0.0000,0.0000,2537.0000,0.0000,0.0000,0.0000,0.0000,64,0,0,0,0,63,0,0,0,0
zc,WS301,2012-06-07 09:00:34.417,2537.0000,472600,64,0.0000,130.0000,97,33,多开,B,2536.0000,0.0000,0.0000,0.0000,0.0000,2537.0000,0.0000,0.0000,0.0000,0.0000,10,0,0,0,0,59,0,0,0,0
zc,WS301,2012-06-07 09:00:35.230,2536.0000,472602,2,0.0000,18.0000,10,8,空开,S,2536.0000,0.0000,0.0000,0.0000,0.0000,2537.0000,0.0000,0.0000,0.0000,0.0000,3,0,0,0,0,64,0,0,0,0
zc,WS301,2012-06-07 09:00:35.713,2536.0000,472602,0,0.0000,4.0000,2,2,空换,S,2536.0000,0.0000,0.0000,0.0000,0.0000,2537.0000,0.0000,0.0000,0.0000,0.0000,7,0,0,0,0,62,0,0,0,0
zc,WS301,2012-06-07 09:00:36.697,2536.0000,472516,-86,0.0000,100.0000,7,93,多平,S,2536.0000,0.0000,0.0000,0.0000,0.0000,2537.0000,0.0000,0.0000,0.0000,0.0000,54,0,0,0,0,71,0,0,0,0
zc,WS301,2012-06-07 09:00:37.183,2536.0000,472570,54,0.0000,110.0000,82,28,空开,S,2535.0000,0.0000,0.0000,0.0000,0.0000,2537.0000,0.0000,0.0000,0.0000,0.0000,342,0,0,0,0,101,0,0,0,0
zc,WS301,2012-06-07 09:00:37.667,2537.0000,472584,14,0.0000,34.0000,24,10,多开,B,2535.0000,0.0000,0.0000,0.0000,0.0000,2536.0000,0.0000,0.0000,0.0000,0.0000,242,0,0,0,0,240,0,0,0,0
zc,WS301,2012-06-07 09:00:38.213,2536.0000,472664,80,0.0000,224.0000,152,72,空开,S,2535.0000,0.0000,0.0000,0.0000,0.0000,2536.0000,0.0000,0.0000,0.0000,0.0000,253,0,0,0,0,131,0,0,0,0
zc,WS301,2012-06-07 09:00:38.963,2536.0000,472950,286,0.0000,502.0000,394,108,空开,S,2535.0000,0.0000,0.0000,0.0000,0.0000,2536.0000,0.0000,0.0000,0.0000,0.0000,109,0,0,0,0,35,0,0,0,0
zc,WS301,2012-06-07 09:00:39.683,2537.0000,472948,-2,0.0000,238.0000,118,120,空平,B,2535.0000,0.0000,0.0000,0.0000,0.0000,2537.0000,0.0000,0.0000,0.0000,0.0000,94,0,0,0,0,27,0,0,0,0
zc,WS301,2012-06-07 09:00:40.230,2536.0000,472952,4,0.0000,6.0000,5,1,空开,S,2536.0000,0.0000,0.0000,0.0000,0.0000,2537.0000,0.0000,0.0000,0.0000,0.0000,16,0,0,0,0,107,0,0,0,0
zc,WS301,2012-06-07 09:00:40.747,2535.0000,472962,10,0.0000,46.0000,28,18,空开,S,2535.0000,0.0000,0.0000,0.0000,0.0000,2537.0000,0.0000,0.0000,0.0000,0.0000,86,0,0,0,0,103,0,0,0,0
zc,WS301,2012-06-07 09:00:41.980,2537.0000,472968,6,0.0000,66.0000,36,30,多开,B,2536.0000,0.0000,0.0000,0.0000,0.0000,2537.0000,0.0000,0.0000,0.0000,0.0000,1,0,0,0,0,123,0,0,0,0
zc,WS301,2012-06-07 09:00:42.497,2537.0000,472968,0,0.0000,46.0000,23,23,多换,B,2536.0000,0.0000,0.0000,0.0000,0.0000,2537.0000,0.0000,0.0000,0.0000,0.0000,2,0,0,0,0,98,0,0,0,0
zc,WS301,2012-06-07 09:00:43.213,2536.0000,472964,-4,0.0000,466.0000,231,235,多平,S,2536.0000,0.0000,0.0000,0.0000,0.0000,2537.0000,0.0000,0.0000,0.0000,0.0000,19,0,0,0,0,40,0,0,0,0
zc,WS301,2012-06-07 09:00:43.697,2536.0000,472964,0,0.0000,32.0000,16,16,空换,S,2536.0000,0.0000,0.0000,0.0000,0.0000,2537.0000,0.0000,0.0000,0.0000,0.0000,7,0,0,0,0,43,0,0,0,0
zc,WS301,2012-06-07 09:00:44.197,2537.0000,473074,110,0.0000,124.0000,117,7,多开,B,2536.0000,0.0000,0.0000,0.0000,0.0000,2537.0000,0.0000,0.0000,0.0000,0.0000,29,0,0,0,0,41,0,0,0,0
zc,WS301,2012-06-07 09:00:44.683,2536.0000,473074,0,0.0000,34.0000,17,17,空换,S,2536.0000,0.0000,0.0000,0.0000,0.0000,2537.0000,0.0000,0.0000,0.0000,0.0000,12,0,0,0,0,141,0,0,0,0
zc,WS301,2012-06-07 09:00:45.417,2537.0000,473082,8,0.0000,10.0000,9,1,多开,B,2536.0000,0.0000,0.0000,0.0000,0.0000,2537.0000,0.0000,0.0000,0.0000,0.0000,12,0,0,0,0,138,0,0,0,0
zc,WS301,2012-06-07 09:00:45.917,2537.0000,473100,18,0.0000,20.0000,19,1,多开,B,2535.0000,0.0000,0.0000,0.0000,0.0000,2537.0000,0.0000,0.0000,0.0000,0.0000,74,0,0,0,0,133,0,0,0,0
zc,WS301,2012-06-07 09:00:46.730,2537.0000,473100,0,0.0000,0.0000,0,0,多换,B,2535.0000,0.0000,0.0000,0.0000,0.0000,2536.0000,0.0000,0.0000,0.0000,0.0000,73,0,0,0,0,76,0,0,0,0
zc,WS301,2012-06-07 09:00:47.213,2535.0000,473084,-16,0.0000,148.0000,66,82,多平,S,2534.0000,0.0000,0.0000,0.0000,0.0000,2535.0000,0.0000,0.0000,0.0000,0.0000,57,0,0,0,0,128,0,0,0,0
zc,WS301,2012-06-07 09:00:47.917,2534.0000,473084,0,0.0000,10.0000,5,5,空换,S,2534.0000,0.0000,0.0000,0.0000,0.0000,2535.0000,0.0000,0.0000,0.0000,0.0000,65,0,0,0,0,125,0,0,0,0
zc,WS301,2012-06-07 09:00:48.730,2535.0000,473024,-60,0.0000,104.0000,22,82,空平,B,2534.0000,0.0000,0.0000,0.0000,0.0000,2535.0000,0.0000,0.0000,0.0000,0.0000,65,0,0,0,0,74,0,0,0,0
zc,WS301,2012-06-07 09:00:49.400,2534.0000,473018,-6,0.0000,24.0000,9,15,多平,S,2534.0000,0.0000,0.0000,0.0000,0.0000,2535.0000,0.0000,0.0000,0.0000,0.0000,63,0,0,0,0,74,0,0,0,0
zc,WS301,2012-06-07 09:00:49.917,2534.0000,473018,0,0.0000,34.0000,17,17,空换,S,2534.0000,0.0000,0.0000,0.0000,0.0000,2535.0000,0.0000,0.0000,0.0000,0.0000,33,0,0,0,0,72,0,0,0,0
zc,WS301,2012-06-07 09:00:50.730,2534.0000,473018,0,0.0000,6.0000,3,3,空换,S,2534.0000,0.0000,0.0000,0.0000,0.0000,2535.0000,0.0000,0.0000,0.0000,0.0000,22,0,0,0,0,72,0,0,0,0
zc,WS301,2012-06-07 09:00:51.183,2535.0000,472918,-100,0.0000,104.0000,2,102,空平,B,2534.0000,0.0000,0.0000,0.0000,0.0000,2535.0000,0.0000,0.0000,0.0000,0.0000,20,0,0,0,0,30,0,0,0,0
zc,WS301,2012-06-07 09:00:51.900,2534.0000,472902,-16,0.0000,40.0000,12,28,多平,S,2534.0000,0.0000,0.0000,0.0000,0.0000,2535.0000,0.0000,0.0000,0.0000,0.0000,12,0,0,0,0,11,0,0,0,0
zc,WS301,2012-06-07 09:00:52.417,2534.0000,472910,8,0.0000,58.0000,33,25,空开,S,2534.0000,0.0000,0.0000,0.0000,0.0000,2535.0000,0.0000,0.0000,0.0000,0.0000,3,0,0,0,0,22,0,0,0,0
zc,WS301,2012-06-07 09:00:53.213,2535.0000,472870,-40,0.0000,50.0000,5,45,空平,B,2533.0000,0.0000,0.0000,0.0000,0.0000,2534.0000,0.0000,0.0000,0.0000,0.0000,87,0,0,0,0,2,0,0,0,0
zc,WS301,2012-06-07 09:00:53.980,2535.0000,472860,-10,0.0000,26.0000,8,18,空平,B,2535.0000,0.0000,0.0000,0.0000,0.0000,2536.0000,0.0000,0.0000,0.0000,0.0000,12,0,0,0,0,619,0,0,0,0
zc,WS301,2012-06-07 09:00:54.463,2534.0000,472830,-30,0.0000,64.0000,17,47,多平,S,2534.0000,0.0000,0.0000,0.0000,0.0000,2536.0000,0.0000,0.0000,0.0000,0.0000,8,0,0,0,0,618,0,0,0,0
zc,WS301,2012-06-07 09:00:55.183,2534.0000,472830,0,0.0000,0.0000,0,0,空换,S,2534.0000,0.0000,0.0000,0.0000,0.0000,2535.0000,0.0000,0.0000,0.0000,0.0000,17,0,0,0,0,14,0,0,0,0
zc,WS301,2012-06-07 09:00:55.683,2534.0000,472828,-2,0.0000,18.0000,8,10,多平,S,2534.0000,0.0000,0.0000,0.0000,0.0000,2535.0000,0.0000,0.0000,0.0000,0.0000,13,0,0,0,0,9,0,0,0,0
zc,WS301,2012-06-07 09:00:56.433,2534.0000,472826,-2,0.0000,4.0000,1,3,多平,S,2534.0000,0.0000,0.0000,0.0000,0.0000,2535.0000,0.0000,0.0000,0.0000,0.0000,6,0,0,0,0,148,0,0,0,0
zc,WS301,2012-06-07 09:00:56.650,2534.0000,472820,-6,0.0000,6.0000,0,6,双平,S,2534.0000,0.0000,0.0000,0.0000,0.0000,2535.0000,0.0000,0.0000,0.0000,0.0000,3,0,0,0,0,215,0,0,0,0
zc,WS301,2012-06-07 09:00:57.057,2535.0000,472902,82,0.0000,100.0000,91,9,多开,B,2534.0000,0.0000,0.0000,0.0000,0.0000,2535.0000,0.0000,0.0000,0.0000,0.0000,3,0,0,0,0,166,0,0,0,0
zc,WS301,2012-06-07 09:00:57.447,2534.0000,472908,6,0.0000,26.0000,16,10,空开,S,2534.0000,0.0000,0.0000,0.0000,0.0000,2535.0000,0.0000,0.0000,0.0000,0.0000,9,0,0,0,0,164,0,0,0,0
zc,WS301,2012-06-07 09:00:57.980,2534.0000,473108,200,0.0000,212.0000,206,6,空开,S,2534.0000,0.0000,0.0000,0.0000,0.0000,2535.0000,0.0000,0.0000,0.0000,0.0000,4,0,0,0,0,64,0,0,0,0
zc,WS301,2012-06-07 09:00:58.980,2534.0000,473112,4,0.0000,30.0000,17,13,空开,S,2533.0000,0.0000,0.0000,0.0000,0.0000,2534.0000,0.0000,0.0000,0.0000,0.0000,94,0,0,0,0,21,0,0,0,0
zc,WS301,2012-06-07 09:00:59.447,2533.0000,473112,0,0.0000,10.0000,5,5,空换,S,2533.0000,0.0000,0.0000,0.0000,0.0000,2534.0000,0.0000,0.0000,0.0000,0.0000,140,0,0,0,0,22,0,0,0,0
zc,WS301,2012-06-07 09:00:59.900,2533.0000,473112,0,0.0000,12.0000,6,6,空换,S,2533.0000,0.0000,0.0000,0.0000,0.0000,2534.0000,0.0000,0.0000,0.0000,0.0000,158,0,0,0,0,24,0,0,0,0
zc,WS301,2012-06-07 09:01:00.620,2534.0000,473114,2,0.0000,44.0000,23,21,多开,B,2533.0000,0.0000,0.0000,0.0000,0.0000,2534.0000,0.0000,0.0000,0.0000,0.0000,180,0,0,0,0,111,0,0,0,0
zc,WS301,2012-06-07 09:01:01.417,2534.0000,473120,6,0.0000,6.0000,6,0,双开,B,2533.0000,0.0000,0.0000,0.0000,0.0000,2534.0000,0.0000,0.0000,0.0000,0.0000,176,0,0,0,0,126,0,0,0,0
zc,WS301,2012-06-07 09:01:01.900,2534.0000,473138,18,0.0000,24.0000,21,3,多开,B,2533.0000,0.0000,0.0000,0.0000,0.0000,2534.0000,0.0000,0.0000,0.0000,0.0000,175,0,0,0,0,117,0,0,0,0
zc,WS301,2012-06-07 09:01:02.650,2534.0000,473118,-20,0.0000,78.0000,29,49,空平,B,2533.0000,0.0000,0.0000,0.0000,0.0000,2534.0000,0.0000,0.0000,0.0000,0.0000,143,0,0,0,0,16,0,0,0,0
zc,WS301,2012-06-07 09:01:03.167,2534.0000,473080,-38,0.0000,38.0000,0,38,双平,B,2534.0000,0.0000,0.0000,0.0000,0.0000,2535.0000,0.0000,0.0000,0.0000,0.0000,135,0,0,0,0,123,0,0,0,0
zc,WS301,2012-06-07 09:01:03.933,2534.0000,473040,-40,0.0000,42.0000,1,41,空平,B,2534.0000,0.0000,0.0000,0.0000,0.0000,2535.0000,0.0000,0.0000,0.0000,0.0000,182,0,0,0,0,127,0,0,0,0
zc,WS301,2012-06-07 09:01:04.433,2535.0000,473060,20,0.0000,20.0000,20,0,双开,B,2534.0000,0.0000,0.0000,0.0000,0.0000,2535.0000,0.0000,0.0000,0.0000,0.0000,182,0,0,0,0,117,0,0,0,0
zc,WS301,2012-06-07 09:01:05.150,2534.0000,472822,-238,0.0000,256.0000,9,247,多平,S,2534.0000,0.0000,0.0000,0.0000,0.0000,2535.0000,0.0000,0.0000,0.0000,0.0000,57,0,0,0,0,114,0,0,0,0
zc,WS301,2012-06-07 09:01:05.667,2534.0000,472822,0,0.0000,0.0000,0,0,空换,S,2534.0000,0.0000,0.0000,0.0000,0.0000,2535.0000,0.0000,0.0000,0.0000,0.0000,63,0,0,0,0,115,0,0,0,0
zc,WS301,2012-06-07 09:01:06.417,2535.0000,472828,6,0.0000,42.0000,24,18,多开,B,2534.0000,0.0000,0.0000,0.0000,0.0000,2535.0000,0.0000,0.0000,0.0000,0.0000,47,0,0,0,0,65,0,0,0,0
zc,WS301,2012-06-07 09:01:06.947,2535.0000,472828,0,0.0000,10.0000,5,5,多换,B,2534.0000,0.0000,0.0000,0.0000,0.0000,2535.0000,0.0000,0.0000,0.0000,0.0000,45,0,0,0,0,87,0,0,0,0
zc,WS301,2012-06-07 09:01:07.620,2535.0000,472828,0,0.0000,22.0000,11,11,多换,B,2534.0000,0.0000,0.0000,0.0000,0.0000,2535.0000,0.0000,0.0000,0.0000,0.0000,37,0,0,0,0,85,0,0,0,0
zc,WS301,2012-06-07 09:01:08.150,2534.0000,472830,2,0.0000,16.0000,9,7,空开,S,2534.0000,0.0000,0.0000,0.0000,0.0000,2535.0000,0.0000,0.0000,0.0000,0.0000,87,0,0,0,0,85,0,0,0,0
zc,WS301,2012-06-07 09:01:08.900,2534.0000,472830,0,0.0000,6.0000,3,3,空换,S,2534.0000,0.0000,0.0000,0.0000,0.0000,2535.0000,0.0000,0.0000,0.0000,0.0000,86,0,0,0,0,85,0,0,0,0
zc,WS301,2012-06-07 09:01:09.667,2535.0000,472836,6,0.0000,18.0000,12,6,多开,B,2534.0000,0.0000,0.0000,0.0000,0.0000,2535.0000,0.0000,0.0000,0.0000,0.0000,129,0,0,0,0,81,0,0,0,0
zc,WS301,2012-06-07 09:01:10.183,2534.0000,472834,-2,0.0000,118.0000,58,60,多平,S,2534.0000,0.0000,0.0000,0.0000,0.0000,2535.0000,0.0000,0.0000,0.0000,0.0000,81,0,0,0,0,101,0,0,0,0
zc,WS301,2012-06-07 09:01:10.933,2535.0000,472728,-106,0.0000,416.0000,155,261,空平,B,2534.0000,0.0000,0.0000,0.0000,0.0000,2535.0000,0.0000,0.0000,0.0000,0.0000,105,0,0,0,0,95,0,0,0,0
zc,WS301,2012-06-07 09:01:12.197,2535.0000,472776,48,0.0000,300.0000,174,126,多开,B,2534.0000,0.0000,0.0000,0.0000,0.0000,2535.0000,0.0000,0.0000,0.0000,0.0000,24,0,0,0,0,70,0,0,0,0
zc,WS301,2012-06-07 09:01:12.447,2535.0000,472782,6,0.0000,14.0000,10,4,多开,B,2534.0000,0.0000,0.0000,0.0000,0.0000,2535.0000,0.0000,0.0000,0.0000,0.0000,24,0,0,0,0,63,0,0,0,0
zc,WS301,2012-06-07 09:01:13.447,2535.0000,472786,4,0.0000,4.0000,4,0,双开,B,2534.0000,0.0000,0.0000,0.0000,0.0000,2535.0000,0.0000,0.0000,0.0000,0.0000,23,0,0,0,0,62,0,0,0,0
zc,WS301,2012-06-07 09:01:13.713,2535.0000,472796,10,0.0000,20.0000,15,5,多开,B,2534.0000,0.0000,0.0000,0.0000,0.0000,2535.0000,0.0000,0.0000,0.0000,0.0000,36,0,0,0,0,55,0,0,0,0
zc,WS301,2012-06-07 09:01:14.683,2535.0000,472800,4,0.0000,8.0000,6,2,多开,B,2534.0000,0.0000,0.0000,0.0000,0.0000,2535.0000,0.0000,0.0000,0.0000,0.0000,36,0,0,0,0,52,0,0,0,0
zc,WS301,2012-06-07 09:01:15.183,2535.0000,472810,10,0.0000,24.0000,17,7,多开,B,2534.0000,0.0000,0.0000,0.0000,0.0000,2535.0000,0.0000,0.0000,0.0000,0.0000,33,0,0,0,0,47,0,0,0,0
zc,WS301,2012-06-07 09:01:15.963,2534.0000,472806,-4,0.0000,34.0000,15,19,多平,S,2534.0000,0.0000,0.0000,0.0000,0.0000,2535.0000,0.0000,0.0000,0.0000,0.0000,38,0,0,0,0,14,0,0,0,0
zc,WS301,2012-06-07 09:01:17.290,2535.0000,472822,16,0.0000,150.0000,83,67,多开,B,2535.0000,0.0000,0.0000,0.0000,0.0000,2536.0000,0.0000,0.0000,0.0000,0.0000,105,0,0,0,0,585,0,0,0,0
zc,WS301,2012-06-07 09:01:17.713,2536.0000,472822,0,0.0000,20.0000,10,10,多换,B,2535.0000,0.0000,0.0000,0.0000,0.0000,2536.0000,0.0000,0.0000,0.0000,0.0000,103,0,0,0,0,592,0,0,0,0
zc,WS301,2012-06-07 09:01:18.447,2536.0000,472822,0,0.0000,2.0000,1,1,多换,B,2535.0000,0.0000,0.0000,0.0000,0.0000,2536.0000,0.0000,0.0000,0.0000,0.0000,134,0,0,0,0,591,0,0,0,0
zc,WS301,2012-06-07 09:01:18.997,2536.0000,472822,0,0.0000,32.0000,16,16,多换,B,2535.0000,0.0000,0.0000,0.0000,0.0000,2536.0000,0.0000,0.0000,0.0000,0.0000,119,0,0,0,0,590,0,0,0,0
zc,WS301,2012-06-07 09:01:19.667,2536.0000,472822,0,0.0000,6.0000,3,3,多换,B,2535.0000,0.0000,0.0000,0.0000,0.0000,2536.0000,0.0000,0.0000,0.0000,0.0000,120,0,0,0,0,587,0,0,0,0
zc,WS301,2012-06-07 09:01:20.417,2536.0000,472822,0,0.0000,0.0000,0,0,多换,B,2535.0000,0.0000,0.0000,0.0000,0.0000,2536.0000,0.0000,0.0000,0.0000,0.0000,122,0,0,0,0,587,0,0,0,0
zc,WS301,2012-06-07 09:01:21.167,2536.0000,472816,-6,0.0000,22.0000,8,14,空平,B,2535.0000,0.0000,0.0000,0.0000,0.0000,2536.0000,0.0000,0.0000,0.0000,0.0000,127,0,0,0,0,591,0,0,0,0
zc,WS301,2012-06-07 09:01:21.933,2536.0000,472774,-42,0.0000,48.0000,3,45,空平,B,2535.0000,0.0000,0.0000,0.0000,0.0000,2536.0000,0.0000,0.0000,0.0000,0.0000,128,0,0,0,0,568,0,0,0,0
zc,WS301,2012-06-07 09:01:22.713,2535.0000,472800,26,0.0000,30.0000,28,2,空开,S,2535.0000,0.0000,0.0000,0.0000,0.0000,2536.0000,0.0000,0.0000,0.0000,0.0000,115,0,0,0,0,566,0,0,0,0
zc,WS301,2012-06-07 09:01:22.963,2536.0000,472800,0,0.0000,14.0000,7,7,多换,B,2535.0000,0.0000,0.0000,0.0000,0.0000,2536.0000,0.0000,0.0000,0.0000,0.0000,113,0,0,0,0,565,0,0,0,0
zc,WS301,2012-06-07 09:01:23.963,2536.0000,472800,0,0.0000,2.0000,1,1,多换,B,2535.0000,0.0000,0.0000,0.0000,0.0000,2536.0000,0.0000,0.0000,0.0000,0.0000,113,0,0,0,0,664,0,0,0,0
zc,WS301,2012-06-07 09:01:24.150,2535.0000,472802,2,0.0000,12.0000,7,5,空开,S,2535.0000,0.0000,0.0000,0.0000,0.0000,2536.0000,0.0000,0.0000,0.0000,0.0000,109,0,0,0,0,661,0,0,0,0
zc,WS301,2012-06-07 09:01:24.917,2536.0000,472802,0,0.0000,6.0000,3,3,多换,B,2535.0000,0.0000,0.0000,0.0000,0.0000,2536.0000,0.0000,0.0000,0.0000,0.0000,119,0,0,0,0,667,0,0,0,0
zc,WS301,2012-06-07 09:01:25.417,2536.0000,472804,2,0.0000,6.0000,4,2,多开,B,2535.0000,0.0000,0.0000,0.0000,0.0000,2536.0000,0.0000,0.0000,0.0000,0.0000,117,0,0,0,0,694,0,0,0,0
zc,WS301,2012-06-07 09:01:26.480,2535.0000,472804,0,0.0000,22.0000,11,11,空换,S,2535.0000,0.0000,0.0000,0.0000,0.0000,2536.0000,0.0000,0.0000,0.0000,0.0000,121,0,0,0,0,682,0,0,0,0
zc,WS301,2012-06-07 09:01:26.667,2535.0000,472804,0,0.0000,4.0000,2,2,空换,S,2535.0000,0.0000,0.0000,0.0000,0.0000,2536.0000,0.0000,0.0000,0.0000,0.0000,119,0,0,0,0,684,0,0,0,0
zc,WS301,2012-06-07 09:01:27.433,2535.0000,472842,38,0.0000,48.0000,43,5,空开,S,2535.0000,0.0000,0.0000,0.0000,0.0000,2536.0000,0.0000,0.0000,0.0000,0.0000,100,0,0,0,0,660,0,0,0,0
zc,WS301,2012-06-07 09:01:27.947,2536.0000,472842,0,0.0000,122.0000,61,61,多换,B,2535.0000,0.0000,0.0000,0.0000,0.0000,2536.0000,0.0000,0.0000,0.0000,0.0000,101,0,0,0,0,609,0,0,0,0
zc,WS301,2012-06-07 09:01:28.667,2535.0000,472854,12,0.0000,34.0000,23,11,空开,S,2535.0000,0.0000,0.0000,0.0000,0.0000,2536.0000,0.0000,0.0000,0.0000,0.0000,98,0,0,0,0,596,0,0,0,0
zc,WS301,2012-06-07 09:01:29.120,2536.0000,472882,28,0.0000,72.0000,50,22,多开,B,2535.0000,0.0000,0.0000,0.0000,0.0000,2536.0000,0.0000,0.0000,0.0000,0.0000,51,0,0,0,0,582,0,0,0,0
zc,WS301,2012-06-07 09:01:29.933,2535.0000,472868,-14,0.0000,84.0000,35,49,多平,S,2535.0000,0.0000,0.0000,0.0000,0.0000,2536.0000,0.0000,0.0000,0.0000,0.0000,15,0,0,0,0,562,0,0,0,0
zc,WS301,2012-06-07 09:01:30.697,2535.0000,472868,0,0.0000,34.0000,17,17,空换,S,2535.0000,0.0000,0.0000,0.0000,0.0000,2536.0000,0.0000,0.0000,0.0000,0.0000,5,0,0,0,0,564,0,0,0,0
zc,WS301,2012-06-07 09:01:31.150,2535.0000,473008,140,0.0000,154.0000,147,7,空开,S,2534.0000,0.0000,0.0000,0.0000,0.0000,2535.0000,0.0000,0.0000,0.0000,0.0000,62,0,0,0,0,97,0,0,0,0
zc,WS301,2012-06-07 09:01:31.917,2535.0000,473154,146,0.0000,150.0000,148,2,空开,S,2534.0000,0.0000,0.0000,0.0000,0.0000,2535.0000,0.0000,0.0000,0.0000,0.0000,66,0,0,0,0,23,0,0,0,0
zc,WS301,2012-06-07 09:01:32.650,2536.0000,473350,196,0.0000,268.0000,232,36,多开,B,2535.0000,0.0000,0.0000,0.0000,0.0000,2536.0000,0.0000,0.0000,0.0000,0.0000,1,0,0,0,0,536,0,0,0,0
zc,WS301,2012-06-07 09:01:33.167,2534.0000,473350,0,0.0000,6.0000,3,3,空换,S,2534.0000,0.0000,0.0000,0.0000,0.0000,2536.0000,0.0000,0.0000,0.0000,0.0000,61,0,0,0,0,536,0,0,0,0
zc,WS301,2012-06-07 09:01:33.917,2536.0000,473350,0,0.0000,604.0000,302,302,多换,B,2535.0000,0.0000,0.0000,0.0000,0.0000,2536.0000,0.0000,0.0000,0.0000,0.0000,51,0,0,0,0,244,0,0,0,0
zc,WS301,2012-06-07 09:01:34.650,2536.0000,473350,0,0.0000,6.0000,3,3,多换,B,2535.0000,0.0000,0.0000,0.0000,0.0000,2536.0000,0.0000,0.0000,0.0000,0.0000,102,0,0,0,0,241,0,0,0,0
zc,WS301,2012-06-07 09:01:35.417,2535.0000,473594,244,0.0000,244.0000,244,0,双开,S,2534.0000,0.0000,0.0000,0.0000,0.0000,2535.0000,0.0000,0.0000,0.0000,0.0000,67,0,0,0,0,29,0,0,0,0
zc,WS301,2012-06-07 09:01:35.900,2535.0000,473650,56,0.0000,118.0000,87,31,空开,S,2534.0000,0.0000,0.0000,0.0000,0.0000,2535.0000,0.0000,0.0000,0.0000,0.0000,106,0,0,0,0,1,0,0,0,0
zc,WS301,2012-06-07 09:01:36.400,2536.0000,473650,0,0.0000,6.0000,3,3,多换,B,2535.0000,0.0000,0.0000,0.0000,0.0000,2536.0000,0.0000,0.0000,0.0000,0.0000,8,0,0,0,0,212,0,0,0,0
zc,WS301,2012-06-07 09:01:37.183,2536.0000,473650,0,0.0000,0.0000,0,0,多换,B,2535.0000,0.0000,0.0000,0.0000,0.0000,2536.0000,0.0000,0.0000,0.0000,0.0000,13,0,0,0,0,234,0,0,0,0
zc,WS301,2012-06-07 09:01:37.417,2535.0000,473650,0,0.0000,18.0000,9,9,空换,S,2535.0000,0.0000,0.0000,0.0000,0.0000,2536.0000,0.0000,0.0000,0.0000,0.0000,12,0,0,0,0,226,0,0,0,0
zc,WS301,2012-06-07 09:01:38.183,2535.0000,473652,2,0.0000,24.0000,13,11,空开,S,2534.0000,0.0000,0.0000,0.0000,0.0000,2535.0000,0.0000,0.0000,0.0000,0.0000,119,0,0,0,0,195,0,0,0,0
zc,WS301,2012-06-07 09:01:38.650,2535.0000,473652,0,0.0000,8.0000,4,4,空换,S,2534.0000,0.0000,0.0000,0.0000,0.0000,2535.0000,0.0000,0.0000,0.0000,0.0000,120,0,0,0,0,193,0,0,0,0
zc,WS301,2012-06-07 09:01:39.400,2535.0000,473652,0,0.0000,14.0000,7,7,空换,S,2534.0000,0.0000,0.0000,0.0000,0.0000,2535.0000,0.0000,0.0000,0.0000,0.0000,120,0,0,0,0,187,0,0,0,0
zc,WS301,2012-06-07 09:01:39.933,2535.0000,473650,-2,0.0000,24.0000,11,13,多平,S,2534.0000,0.0000,0.0000,0.0000,0.0000,2535.0000,0.0000,0.0000,0.0000,0.0000,122,0,0,0,0,176,0,0,0,0
zc,WS301,2012-06-07 09:01:40.697,2535.0000,473644,-6,0.0000,20.0000,7,13,多平,S,2534.0000,0.0000,0.0000,0.0000,0.0000,2535.0000,0.0000,0.0000,0.0000,0.0000,115,0,0,0,0,168,0,0,0,0
zc,WS301,2012-06-07 09:01:41.213,2535.0000,473644,0,0.0000,2.0000,1,1,空换,S,2534.0000,0.0000,0.0000,0.0000,0.0000,2535.0000,0.0000,0.0000,0.0000,0.0000,115,0,0,0,0,167,0,0,0,0
zc,WS301,2012-06-07 09:01:41.933,2535.0000,473644,0,0.0000,14.0000,7,7,空换,S,2534.0000,0.0000,0.0000,0.0000,0.0000,2535.0000,0.0000,0.0000,0.0000,0.0000,121,0,0,0,0,160,0,0,0,0
zc,WS301,2012-06-07 09:01:42.400,2534.0000,473640,-4,0.0000,8.0000,2,6,多平,S,2534.0000,0.0000,0.0000,0.0000,0.0000,2535.0000,0.0000,0.0000,0.0000,0.0000,121,0,0,0,0,167,0,0,0,0
zc,WS301,2012-06-07 09:01:43.103,2535.0000,473588,-52,0.0000,58.0000,3,55,空平,B,2534.0000,0.0000,0.0000,0.0000,0.0000,2535.0000,0.0000,0.0000,0.0000,0.0000,121,0,0,0,0,159,0,0,0,0
zc,WS301,2012-06-07 09:01:43.870,2534.0000,473588,0,0.0000,4.0000,2,2,空换,S,2534.0000,0.0000,0.0000,0.0000,0.0000,2535.0000,0.0000,0.0000,0.0000,0.0000,121,0,0,0,0,158,0,0,0,0
zc,WS301,2012-06-07 09:01:44.417,2535.0000,473558,-30,0.0000,90.0000,30,60,空平,B,2534.0000,0.0000,0.0000,0.0000,0.0000,2535.0000,0.0000,0.0000,0.0000,0.0000,112,0,0,0,0,124,0,0,0,0
zc,WS301,2012-06-07 09:01:45.120,2535.0000,473558,0,0.0000,24.0000,12,12,多换,B,2534.0000,0.0000,0.0000,0.0000,0.0000,2535.0000,0.0000,0.0000,0.0000,0.0000,113,0,0,0,0,113,0,0,0,0
zc,WS301,2012-06-07 09:01:45.650,2535.0000,473558,0,0.0000,0.0000,0,0,多换,B,2534.0000,0.0000,0.0000,0.0000,0.0000,2535.0000,0.0000,0.0000,0.0000,0.0000,111,0,0,0,0,114,0,0,0,0
zc,WS301,2012-06-07 09:01:46.433,2534.0000,473544,-14,0.0000,22.0000,4,18,多平,S,2534.0000,0.0000,0.0000,0.0000,0.0000,2535.0000,0.0000,0.0000,0.0000,0.0000,235,0,0,0,0,123,0,0,0,0
zc,WS301,2012-06-07 09:01:46.887,2535.0000,473542,-2,0.0000,4.0000,1,3,空平,B,2534.0000,0.0000,0.0000,0.0000,0.0000,2535.0000,0.0000,0.0000,0.0000,0.0000,237,0,0,0,0,128,0,0,0,0
zc,WS301,2012-06-07 09:01:47.650,2534.0000,473352,-190,0.0000,262.0000,36,226,多平,S,2534.0000,0.0000,0.0000,0.0000,0.0000,2535.0000,0.0000,0.0000,0.0000,0.0000,229,0,0,0,0,8,0,0,0,0
zc,WS301,2012-06-07 09:01:48.167,2535.0000,473660,308,0.0000,318.0000,313,5,多开,B,2535.0000,0.0000,0.0000,0.0000,0.0000,2536.0000,0.0000,0.0000,0.0000,0.0000,47,0,0,0,0,1269,0,0,0,0
zc,WS301,2012-06-07 09:01:48.947,2535.0000,473674,14,0.0000,24.0000,19,5,多开,B,2535.0000,0.0000,0.0000,0.0000,0.0000,2536.0000,0.0000,0.0000,0.0000,0.0000,55,0,0,0,0,1263,0,0,0,0
zc,WS301,2012-06-07 09:01:49.387,2536.0000,473674,0,0.0000,4.0000,2,2,多换,B,2535.0000,0.0000,0.0000,0.0000,0.0000,2536.0000,0.0000,0.0000,0.0000,0.0000,22,0,0,0,0,1273,0,0,0,0
zc,WS301,2012-06-07 09:01:49.917,2535.0000,473722,48,0.0000,48.0000,48,0,双开,S,2534.0000,0.0000,0.0000,0.0000,0.0000,2535.0000,0.0000,0.0000,0.0000,0.0000,230,0,0,0,0,2,0,0,0,0
zc,WS301,2012-06-07 09:01:50.400,2535.0000,473724,2,0.0000,2.0000,2,0,双开,S,2534.0000,0.0000,0.0000,0.0000,0.0000,2535.0000,0.0000,0.0000,0.0000,0.0000,234,0,0,0,0,47,0,0,0,0
zc,WS301,2012-06-07 09:01:51.150,2535.0000,473726,2,0.0000,2.0000,2,0,双开,S,2534.0000,0.0000,0.0000,0.0000,0.0000,2535.0000,0.0000,0.0000,0.0000,0.0000,245,0,0,0,0,97,0,0,0,0
zc,WS301,2012-06-07 09:01:51.933,2535.0000,473736,10,0.0000,12.0000,11,1,空开,S,2534.0000,0.0000,0.0000,0.0000,0.0000,2535.0000,0.0000,0.0000,0.0000,0.0000,246,0,0,0,0,111,0,0,0,0
zc,WS301,2012-06-07 09:01:52.683,2535.0000,473816,80,0.0000,100.0000,90,10,空开,S,2534.0000,0.0000,0.0000,0.0000,0.0000,2535.0000,0.0000,0.0000,0.0000,0.0000,249,0,0,0,0,66,0,0,0,0
zc,WS301,2012-06-07 09:01:53.137,2534.0000,473816,0,0.0000,16.0000,8,8,空换,S,2534.0000,0.0000,0.0000,0.0000,0.0000,2535.0000,0.0000,0.0000,0.0000,0.0000,224,0,0,0,0,65,0,0,0,0
zc,WS301,2012-06-07 09:01:53.933,2534.0000,473816,0,0.0000,6.0000,3,3,空换,S,2534.0000,0.0000,0.0000,0.0000,0.0000,2535.0000,0.0000,0.0000,0.0000,0.0000,223,0,0,0,0,65,0,0,0,0
zc,WS301,2012-06-07 09:01:54.433,2534.0000,473816,0,0.0000,122.0000,61,61,空换,S,2534.0000,0.0000,0.0000,0.0000,0.0000,2535.0000,0.0000,0.0000,0.0000,0.0000,222,0,0,0,0,26,0,0,0,0
zc,WS301,2012-06-07 09:01:55.183,2534.0000,473822,6,0.0000,26.0000,16,10,空开,S,2534.0000,0.0000,0.0000,0.0000,0.0000,2535.0000,0.0000,0.0000,0.0000,0.0000,221,0,0,0,0,21,0,0,0,0
zc,WS301,2012-06-07 09:01:55.650,2535.0000,473818,-4,0.0000,16.0000,6,10,空平,B,2534.0000,0.0000,0.0000,0.0000,0.0000,2535.0000,0.0000,0.0000,0.0000,0.0000,225,0,0,0,0,16,0,0,0,0
zc,WS301,2012-06-07 09:01:56.387,2535.0000,473740,-78,0.0000,210.0000,66,144,空平,B,2534.0000,0.0000,0.0000,0.0000,0.0000,2535.0000,0.0000,0.0000,0.0000,0.0000,236,0,0,0,0,17,0,0,0,0
zc,WS301,2012-06-07 09:01:57.433,2535.0000,473724,-16,0.0000,66.0000,25,41,空平,B,2535.0000,0.0000,0.0000,0.0000,0.0000,2536.0000,0.0000,0.0000,0.0000,0.0000,109,0,0,0,0,1222,0,0,0,0
zc,WS301,2012-06-07 09:01:58.197,2536.0000,473652,-72,0.0000,114.0000,21,93,空平,B,2535.0000,0.0000,0.0000,0.0000,0.0000,2536.0000,0.0000,0.0000,0.0000,0.0000,103,0,0,0,0,1222,0,0,0,0
zc,WS301,2012-06-07 09:01:58.667,2535.0000,473652,0,0.0000,34.0000,17,17,空换,S,2535.0000,0.0000,0.0000,0.0000,0.0000,2536.0000,0.0000,0.0000,0.0000,0.0000,114,0,0,0,0,1222,0,0,0,0
zc,WS301,2012-06-07 09:01:59.337,2535.0000,473652,0,0.0000,22.0000,11,11,空换,S,2535.0000,0.0000,0.0000,0.0000,0.0000,2536.0000,0.0000,0.0000,0.0000,0.0000,103,0,0,0,0,1222,0,0,0,0
zc,WS301,2012-06-07 09:01:59.870,2535.0000,473652,0,0.0000,10.0000,5,5,空换,S,2535.0000,0.0000,0.0000,0.0000,0.0000,2536.0000,0.0000,0.0000,0.0000,0.0000,131,0,0,0,0,1222,0,0,0,0
zc,WS301,2012-06-07 09:02:00.683,2535.0000,473654,2,0.0000,206.0000,104,102,空开,S,2535.0000,0.0000,0.0000,0.0000,0.0000,2536.0000,0.0000,0.0000,0.0000,0.0000,28,0,0,0,0,1222,0,0,0,0
zc,WS301,2012-06-07 09:02:01.150,2536.0000,473654,0,0.0000,2.0000,1,1,多换,B,2535.0000,0.0000,0.0000,0.0000,0.0000,2536.0000,0.0000,0.0000,0.0000,0.0000,28,0,0,0,0,1223,0,0,0,0
zc,WS301,2012-06-07 09:02:01.870,2535.0000,473654,0,0.0000,56.0000,28,28,空换,S,2534.0000,0.0000,0.0000,0.0000,0.0000,2535.0000,0.0000,0.0000,0.0000,0.0000,277,0,0,0,0,139,0,0,0,0
zc,WS301,2012-06-07 09:02:02.417,2535.0000,473654,0,0.0000,0.0000,0,0,空换,S,2534.0000,0.0000,0.0000,0.0000,0.0000,2535.0000,0.0000,0.0000,0.0000,0.0000,277,0,0,0,0,330,0,0,0,0
zc,WS301,2012-06-07 09:02:03.150,2535.0000,473654,0,0.0000,28.0000,14,14,空换,S,2534.0000,0.0000,0.0000,0.0000,0.0000,2535.0000,0.0000,0.0000,0.0000,0.0000,270,0,0,0,0,337,0,0,0,0
zc,WS301,2012-06-07 09:02:03.683,2535.0000,473654,0,0.0000,12.0000,6,6,空换,S,2534.0000,0.0000,0.0000,0.0000,0.0000,2535.0000,0.0000,0.0000,0.0000,0.0000,269,0,0,0,0,341,0,0,0,0
zc,WS301,2012-06-07 09:02:04.387,2534.0000,473654,0,0.0000,46.0000,23,23,空换,S,2534.0000,0.0000,0.0000,0.0000,0.0000,2535.0000,0.0000,0.0000,0.0000,0.0000,269,0,0,0,0,321,0,0,0,0
zc,WS301,2012-06-07 09:02:04.853,2535.0000,473654,0,0.0000,4.0000,2,2,多换,B,2534.0000,0.0000,0.0000,0.0000,0.0000,2535.0000,0.0000,0.0000,0.0000,0.0000,271,0,0,0,0,320,0,0,0,0
zc,WS301,2012-06-07 09:02:05.713,2535.0000,473654,0,0.0000,0.0000,0,0,多换,B,2534.0000,0.0000,0.0000,0.0000,0.0000,2535.0000,0.0000,0.0000,0.0000,0.0000,271,0,0,0,0,321,0,0,0,0
zc,WS301,2012-06-07 09:02:06.137,2535.0000,473654,0,0.0000,0.0000,0,0,多换,B,2534.0000,0.0000,0.0000,0.0000,0.0000,2535.0000,0.0000,0.0000,0.0000,0.0000,274,0,0,0,0,321,0,0,0,0
zc,WS301,2012-06-07 09:02:07.167,2535.0000,473654,0,0.0000,8.0000,4,4,多换,B,2534.0000,0.0000,0.0000,0.0000,0.0000,2535.0000,0.0000,0.0000,0.0000,0.0000,274,0,0,0,0,327,0,0,0,0
zc,WS301,2012-06-07 09:02:07.637,2535.0000,473654,0,0.0000,30.0000,15,15,多换,B,2534.0000,0.0000,0.0000,0.0000,0.0000,2535.0000,0.0000,0.0000,0.0000,0.0000,274,0,0,0,0,314,0,0,0,0
zc,WS301,2012-06-07 09:02:08.433,2535.0000,473636,-18,0.0000,80.0000,31,49,空平,B,2534.0000,0.0000,0.0000,0.0000,0.0000,2535.0000,0.0000,0.0000,0.0000,0.0000,259,0,0,0,0,279,0,0,0,0
zc,WS301,2012-06-07 09:02:08.900,2534.0000,473736,100,0.0000,102.0000,101,1,空开,S,2534.0000,0.0000,0.0000,0.0000,0.0000,2535.0000,0.0000,0.0000,0.0000,0.0000,209,0,0,0,0,278,0,0,0,0
zc,WS301,2012-06-07 09:02:09.667,2535.0000,473736,0,0.0000,4.0000,2,2,多换,B,2534.0000,0.0000,0.0000,0.0000,0.0000,2535.0000,0.0000,0.0000,0.0000,0.0000,210,0,0,0,0,276,0,0,0,0
zc,WS301,2012-06-07 09:02:10.183,2534.0000,473702,-34,0.0000,400.0000,183,217,多平,S,2534.0000,0.0000,0.0000,0.0000,0.0000,2535.0000,0.0000,0.0000,0.0000,0.0000,17,0,0,0,0,276,0,0,0,0
zc,WS301,2012-06-07 09:02:10.870,2534.0000,473724,22,0.0000,174.0000,98,76,空开,S,2533.0000,0.0000,0.0000,0.0000,0.0000,2534.0000,0.0000,0.0000,0.0000,0.0000,193,0,0,0,0,162,0,0,0,0
zc,WS301,2012-06-07 09:02:11.683,2534.0000,473746,22,0.0000,24.0000,23,1,空开,S,2533.0000,0.0000,0.0000,0.0000,0.0000,2534.0000,0.0000,0.0000,0.0000,0.0000,193,0,0,0,0,152,0,0,0,0
zc,WS301,2012-06-07 09:02:12.400,2534.0000,473750,4,0.0000,64.0000,34,30,空开,S,2533.0000,0.0000,0.0000,0.0000,0.0000,2534.0000,0.0000,0.0000,0.0000,0.0000,183,0,0,0,0,130,0,0,0,0
zc,WS301,2012-06-07 09:02:12.887,2534.0000,473750,0,0.0000,0.0000,0,0,空换,S,2533.0000,0.0000,0.0000,0.0000,0.0000,2534.0000,0.0000,0.0000,0.0000,0.0000,183,0,0,0,0,180,0,0,0,0
zc,WS301,2012-06-07 09:02:13.387,2533.0000,473756,6,0.0000,14.0000,10,4,空开,S,2533.0000,0.0000,0.0000,0.0000,0.0000,2534.0000,0.0000,0.0000,0.0000,0.0000,182,0,0,0,0,174,0,0,0,0
zc,WS301,2012-06-07 09:02:14.167,2533.0000,473758,2,0.0000,2.0000,2,0,双开,S,2533.0000,0.0000,0.0000,0.0000,0.0000,2534.0000,0.0000,0.0000,0.0000,0.0000,182,0,0,0,0,175,0,0,0,0
zc,WS301,2012-06-07 09:02:15.417,2533.0000,473762,4,0.0000,4.0000,4,0,双开,S,2533.0000,0.0000,0.0000,0.0000,0.0000,2534.0000,0.0000,0.0000,0.0000,0.0000,180,0,0,0,0,175,0,0,0,0
zc,WS301,2012-06-07 09:02:16.747,2533.0000,473762,0,0.0000,0.0000,0,0,空换,S,2533.0000,0.0000,0.0000,0.0000,0.0000,2534.0000,0.0000,0.0000,0.0000,0.0000,181,0,0,0,0,175,0,0,0,0
zc,WS301,2012-06-07 09:02:17.137,2533.0000,473766,4,0.0000,28.0000,16,12,空开,S,2533.0000,0.0000,0.0000,0.0000,0.0000,2534.0000,0.0000,0.0000,0.0000,0.0000,169,0,0,0,0,173,0,0,0,0
zc,WS301,2012-06-07 09:02:18.387,2533.0000,473812,46,0.0000,52.0000,49,3,空开,S,2533.0000,0.0000,0.0000,0.0000,0.0000,2534.0000,0.0000,0.0000,0.0000,0.0000,143,0,0,0,0,175,0,0,0,0
zc,WS301,2012-06-07 09:02:19.137,2533.0000,473812,0,0.0000,22.0000,11,11,空换,S,2533.0000,0.0000,0.0000,0.0000,0.0000,2534.0000,0.0000,0.0000,0.0000,0.0000,132,0,0,0,0,175,0,0,0,0
zc,WS301,2012-06-07 09:02:19.417,2534.0000,473834,22,0.0000,28.0000,25,3,多开,B,2533.0000,0.0000,0.0000,0.0000,0.0000,2534.0000,0.0000,0.0000,0.0000,0.0000,126,0,0,0,0,167,0,0,0,0
zc,WS301,2012-06-07 09:02:20.400,2534.0000,473836,2,0.0000,4.0000,3,1,多开,B,2533.0000,0.0000,0.0000,0.0000,0.0000,2534.0000,0.0000,0.0000,0.0000,0.0000,116,0,0,0,0,167,0,0,0,0
zc,WS301,2012-06-07 09:02:20.650,2533.0000,473836,0,0.0000,28.0000,14,14,空换,S,2533.0000,0.0000,0.0000,0.0000,0.0000,2534.0000,0.0000,0.0000,0.0000,0.0000,103,0,0,0,0,167,0,0,0,0
zc,WS301,2012-06-07 09:02:21.353,2533.0000,473836,0,0.0000,48.0000,24,24,空换,S,2533.0000,0.0000,0.0000,0.0000,0.0000,2534.0000,0.0000,0.0000,0.0000,0.0000,79,0,0,0,0,175,0,0,0,0
zc,WS301,2012-06-07 09:02:21.980,2534.0000,473838,2,0.0000,6.0000,4,2,多开,B,2533.0000,0.0000,0.0000,0.0000,0.0000,2534.0000,0.0000,0.0000,0.0000,0.0000,99,0,0,0,0,175,0,0,0,0
zc,WS301,2012-06-07 09:02:22.650,2533.0000,473816,-22,0.0000,168.0000,73,95,多平,S,2533.0000,0.0000,0.0000,0.0000,0.0000,2534.0000,0.0000,0.0000,0.0000,0.0000,15,0,0,0,0,175,0,0,0,0
zc,WS301,2012-06-07 09:02:23.213,2533.0000,473794,-22,0.0000,62.0000,20,42,多平,S,2533.0000,0.0000,0.0000,0.0000,0.0000,2534.0000,0.0000,0.0000,0.0000,0.0000,15,0,0,0,0,173,0,0,0,0
zc,WS301,2012-06-07 09:02:23.933,2533.0000,473794,0,0.0000,2.0000,1,1,空换,S,2533.0000,0.0000,0.0000,0.0000,0.0000,2534.0000,0.0000,0.0000,0.0000,0.0000,17,0,0,0,0,193,0,0,0,0
zc,WS301,2012-06-07 09:02:24.463,2533.0000,473814,20,0.0000,44.0000,32,12,空开,S,2532.0000,0.0000,0.0000,0.0000,0.0000,2534.0000,0.0000,0.0000,0.0000,0.0000,40,0,0,0,0,203,0,0,0,0
zc,WS301,2012-06-07 09:02:25.197,2533.0000,473808,-6,0.0000,8.0000,1,7,多平,S,2532.0000,0.0000,0.0000,0.0000,0.0000,2533.0000,0.0000,0.0000,0.0000,0.0000,52,0,0,0,0,165,0,0,0,0
zc,WS301,2012-06-07 09:02:25.650,2533.0000,473802,-6,0.0000,10.0000,2,8,多平,S,2532.0000,0.0000,0.0000,0.0000,0.0000,2533.0000,0.0000,0.0000,0.0000,0.0000,144,0,0,0,0,199,0,0,0,0
zc,WS301,2012-06-07 09:02:26.683,2533.0000,473800,-2,0.0000,4.0000,1,3,多平,S,2532.0000,0.0000,0.0000,0.0000,0.0000,2533.0000,0.0000,0.0000,0.0000,0.0000,137,0,0,0,0,198,0,0,0,0
zc,WS301,2012-06-07 09:02:27.137,2533.0000,473800,0,0.0000,6.0000,3,3,空换,S,2532.0000,0.0000,0.0000,0.0000,0.0000,2533.0000,0.0000,0.0000,0.0000,0.0000,137,0,0,0,0,196,0,0,0,0
zc,WS301,2012-06-07 09:02:27.980,2532.0000,473832,32,0.0000,48.0000,40,8,空开,S,2532.0000,0.0000,0.0000,0.0000,0.0000,2533.0000,0.0000,0.0000,0.0000,0.0000,113,0,0,0,0,199,0,0,0,0
zc,WS301,2012-06-07 09:02:28.433,2532.0000,473656,-176,0.0000,226.0000,25,201,多平,S,2531.0000,0.0000,0.0000,0.0000,0.0000,2532.0000,0.0000,0.0000,0.0000,0.0000,149,0,0,0,0,38,0,0,0,0
zc,WS301,2012-06-07 09:02:29.137,2532.0000,473648,-8,0.0000,16.0000,4,12,多平,S,2531.0000,0.0000,0.0000,0.0000,0.0000,2532.0000,0.0000,0.0000,0.0000,0.0000,154,0,0,0,0,39,0,0,0,0
zc,WS301,2012-06-07 09:02:29.650,2532.0000,473640,-8,0.0000,12.0000,2,10,多平,S,2531.0000,0.0000,0.0000,0.0000,0.0000,2532.0000,0.0000,0.0000,0.0000,0.0000,148,0,0,0,0,36,0,0,0,0
zc,WS301,2012-06-07 09:02:30.183,2532.0000,473640,0,0.0000,0.0000,0,0,空换,S,2531.0000,0.0000,0.0000,0.0000,0.0000,2532.0000,0.0000,0.0000,0.0000,0.0000,168,0,0,0,0,44,0,0,0,0
zc,WS301,2012-06-07 09:02:30.900,2532.0000,473634,-6,0.0000,6.0000,0,6,双平,S,2531.0000,0.0000,0.0000,0.0000,0.0000,2532.0000,0.0000,0.0000,0.0000,0.0000,166,0,0,0,0,41,0,0,0,0
zc,WS301,2012-06-07 09:02:31.400,2532.0000,473634,0,0.0000,2.0000,1,1,空换,S,2531.0000,0.0000,0.0000,0.0000,0.0000,2532.0000,0.0000,0.0000,0.0000,0.0000,167,0,0,0,0,40,0,0,0,0
zc,WS301,2012-06-07 09:02:32.137,2531.0000,473620,-14,0.0000,42.0000,14,28,多平,S,2531.0000,0.0000,0.0000,0.0000,0.0000,2532.0000,0.0000,0.0000,0.0000,0.0000,157,0,0,0,0,30,0,0,0,0
zc,WS301,2012-06-07 09:02:32.650,2531.0000,473620,0,0.0000,0.0000,0,0,空换,S,2531.0000,0.0000,0.0000,0.0000,0.0000,2532.0000,0.0000,0.0000,0.0000,0.0000,158,0,0,0,0,37,0,0,0,0
zc,WS301,2012-06-07 09:02:33.387,2532.0000,473598,-22,0.0000,146.0000,62,84,空平,B,2531.0000,0.0000,0.0000,0.0000,0.0000,2532.0000,0.0000,0.0000,0.0000,0.0000,89,0,0,0,0,40,0,0,0,0
zc,WS301,2012-06-07 09:02:33.947,2532.0000,473600,2,0.0000,18.0000,10,8,多开,B,2531.0000,0.0000,0.0000,0.0000,0.0000,2532.0000,0.0000,0.0000,0.0000,0.0000,82,0,0,0,0,33,0,0,0,0
zc,WS301,2012-06-07 09:02:34.667,2531.0000,473588,-12,0.0000,16.0000,2,14,多平,S,2531.0000,0.0000,0.0000,0.0000,0.0000,2532.0000,0.0000,0.0000,0.0000,0.0000,80,0,0,0,0,26,0,0,0,0
zc,WS301,2012-06-07 09:02:34.917,2531.0000,473520,-68,0.0000,156.0000,44,112,多平,S,2531.0000,0.0000,0.0000,0.0000,0.0000,2532.0000,0.0000,0.0000,0.0000,0.0000,4,0,0,0,0,25,0,0,0,0
zc,WS301,2012-06-07 09:02:35.980,2532.0000,473438,-82,0.0000,118.0000,18,100,空平,B,2531.0000,0.0000,0.0000,0.0000,0.0000,2532.0000,0.0000,0.0000,0.0000,0.0000,55,0,0,0,0,13,0,0,0,0
zc,WS301,2012-06-07 09:02:36.167,2532.0000,473412,-26,0.0000,32.0000,3,29,空平,B,2531.0000,0.0000,0.0000,0.0000,0.0000,2532.0000,0.0000,0.0000,0.0000,0.0000,91,0,0,0,0,14,0,0,0,0
zc,WS301,2012-06-07 09:02:36.917,2532.0000,473398,-14,0.0000,24.0000,5,19,空平,B,2531.0000,0.0000,0.0000,0.0000,0.0000,2532.0000,0.0000,0.0000,0.0000,0.0000,135,0,0,0,0,11,0,0,0,0
zc,WS301,2012-06-07 09:02:37.713,2531.0000,473390,-8,0.0000,70.0000,31,39,多平,S,2531.0000,0.0000,0.0000,0.0000,0.0000,2532.0000,0.0000,0.0000,0.0000,0.0000,102,0,0,0,0,10,0,0,0,0
zc,WS301,2012-06-07 09:02:38.120,2531.0000,473390,0,0.0000,0.0000,0,0,空换,S,2531.0000,0.0000,0.0000,0.0000,0.0000,2532.0000,0.0000,0.0000,0.0000,0.0000,119,0,0,0,0,10,0,0,0,0
zc,WS301,2012-06-07 09:02:38.667,2532.0000,473392,2,0.0000,2.0000,2,0,双开,B,2531.0000,0.0000,0.0000,0.0000,0.0000,2532.0000,0.0000,0.0000,0.0000,0.0000,120,0,0,0,0,9,0,0,0,0
zc,WS301,2012-06-07 09:02:39.870,2532.0000,473396,4,0.0000,4.0000,4,0,双开,B,2531.0000,0.0000,0.0000,0.0000,0.0000,2532.0000,0.0000,0.0000,0.0000,0.0000,121,0,0,0,0,7,0,0,0,0
zc,WS301,2012-06-07 09:02:40.387,2532.0000,473434,38,0.0000,58.0000,48,10,多开,B,2532.0000,0.0000,0.0000,0.0000,0.0000,2533.0000,0.0000,0.0000,0.0000,0.0000,2,0,0,0,0,110,0,0,0,0
zc,WS301,2012-06-07 09:02:41.197,2533.0000,473548,114,0.0000,120.0000,117,3,多开,B,2532.0000,0.0000,0.0000,0.0000,0.0000,2533.0000,0.0000,0.0000,0.0000,0.0000,3,0,0,0,0,71,0,0,0,0
zc,WS301,2012-06-07 09:02:41.730,2531.0000,473548,0,0.0000,10.0000,5,5,空换,S,2532.0000,0.0000,0.0000,0.0000,0.0000,2533.0000,0.0000,0.0000,0.0000,0.0000,6,0,0,0,0,107,0,0,0,0
zc,WS301,2012-06-07 09:02:42.433,2533.0000,473554,6,0.0000,18.0000,12,6,多开,B,2531.0000,0.0000,0.0000,0.0000,0.0000,2533.0000,0.0000,0.0000,0.0000,0.0000,133,0,0,0,0,106,0,0,0,0
zc,WS301,2012-06-07 09:02:42.917,2533.0000,473544,-10,0.0000,16.0000,3,13,空平,B,2531.0000,0.0000,0.0000,0.0000,0.0000,2532.0000,0.0000,0.0000,0.0000,0.0000,133,0,0,0,0,12,0,0,0,0
zc,WS301,2012-06-07 09:02:43.683,2533.0000,473544,0,0.0000,0.0000,0,0,多换,B,2531.0000,0.0000,0.0000,0.0000,0.0000,2532.0000,0.0000,0.0000,0.0000,0.0000,133,0,0,0,0,14,0,0,0,0
zc,WS301,2012-06-07 09:02:44.150,2533.0000,473542,-2,0.0000,2.0000,0,2,双平,B,2531.0000,0.0000,0.0000,0.0000,0.0000,2532.0000,0.0000,0.0000,0.0000,0.0000,184,0,0,0,0,13,0,0,0,0
zc,WS301,2012-06-07 09:02:44.933,2532.0000,473542,0,0.0000,26.0000,13,13,空换,S,2532.0000,0.0000,0.0000,0.0000,0.0000,2533.0000,0.0000,0.0000,0.0000,0.0000,1,0,0,0,0,114,0,0,0,0
zc,WS301,2012-06-07 09:02:45.387,2532.0000,473542,0,0.0000,4.0000,2,2,空换,S,2532.0000,0.0000,0.0000,0.0000,0.0000,2533.0000,0.0000,0.0000,0.0000,0.0000,4,0,0,0,0,112,0,0,0,0
zc,WS301,2012-06-07 09:02:46.137,2532.0000,473542,0,0.0000,0.0000,0,0,空换,S,2532.0000,0.0000,0.0000,0.0000,0.0000,2533.0000,0.0000,0.0000,0.0000,0.0000,6,0,0,0,0,112,0,0,0,0
zc,WS301,2012-06-07 09:02:46.650,2532.0000,473540,-2,0.0000,6.0000,2,4,多平,S,2532.0000,0.0000,0.0000,0.0000,0.0000,2533.0000,0.0000,0.0000,0.0000,0.0000,42,0,0,0,0,112,0,0,0,0
zc,WS301,2012-06-07 09:02:47.183,2532.0000,473540,0,0.0000,2.0000,1,1,空换,S,2532.0000,0.0000,0.0000,0.0000,0.0000,2533.0000,0.0000,0.0000,0.0000,0.0000,44,0,0,0,0,112,0,0,0,0
zc,WS301,2012-06-07 09:02:47.980,2532.0000,473518,-22,0.0000,24.0000,1,23,多平,S,2532.0000,0.0000,0.0000,0.0000,0.0000,2533.0000,0.0000,0.0000,0.0000,0.0000,31,0,0,0,0,86,0,0,0,0
zc,WS301,2012-06-07 09:02:48.417,2532.0000,473518,0,0.0000,0.0000,0,0,空换,S,2532.0000,0.0000,0.0000,0.0000,0.0000,2533.0000,0.0000,0.0000,0.0000,0.0000,32,0,0,0,0,87,0,0,0,0
zc,WS301,2012-06-07 09:02:49.667,2532.0000,473526,8,0.0000,14.0000,11,3,空开,S,2532.0000,0.0000,0.0000,0.0000,0.0000,2533.0000,0.0000,0.0000,0.0000,0.0000,45,0,0,0,0,82,0,0,0,0
zc,WS301,2012-06-07 09:02:50.447,2533.0000,473530,4,0.0000,80.0000,42,38,多开,B,2532.0000,0.0000,0.0000,0.0000,0.0000,2533.0000,0.0000,0.0000,0.0000,0.0000,66,0,0,0,0,43,0,0,0,0
zc,WS301,2012-06-07 09:02:50.963,2533.0000,473532,2,0.0000,2.0000,2,0,双开,B,2532.0000,0.0000,0.0000,0.0000,0.0000,2533.0000,0.0000,0.0000,0.0000,0.0000,65,0,0,0,0,42,0,0,0,0
zc,WS301,2012-06-07 09:02:51.917,2532.0000,473548,16,0.0000,22.0000,19,3,空开,S,2532.0000,0.0000,0.0000,0.0000,0.0000,2533.0000,0.0000,0.0000,0.0000,0.0000,63,0,0,0,0,34,0,0,0,0
zc,WS301,2012-06-07 09:02:52.433,2532.0000,473540,-8,0.0000,44.0000,18,26,多平,S,2532.0000,0.0000,0.0000,0.0000,0.0000,2533.0000,0.0000,0.0000,0.0000,0.0000,41,0,0,0,0,34,0,0,0,0
zc,WS301,2012-06-07 09:02:53.167,2532.0000,473520,-20,0.0000,82.0000,31,51,多平,S,2531.0000,0.0000,0.0000,0.0000,0.0000,2532.0000,0.0000,0.0000,0.0000,0.0000,176,0,0,0,0,13,0,0,0,0
zc,WS301,2012-06-07 09:02:53.650,2533.0000,473538,18,0.0000,94.0000,56,38,多开,B,2533.0000,0.0000,0.0000,0.0000,0.0000,2534.0000,0.0000,0.0000,0.0000,0.0000,59,0,0,0,0,28,0,0,0,0
zc,WS301,2012-06-07 09:02:54.447,2533.0000,473538,0,0.0000,6.0000,3,3,多换,B,2533.0000,0.0000,0.0000,0.0000,0.0000,2534.0000,0.0000,0.0000,0.0000,0.0000,74,0,0,0,0,29,0,0,0,0
zc,WS301,2012-06-07 09:02:54.917,2533.0000,473546,8,0.0000,10.0000,9,1,多开,B,2533.0000,0.0000,0.0000,0.0000,0.0000,2534.0000,0.0000,0.0000,0.0000,0.0000,69,0,0,0,0,29,0,0,0,0
zc,WS301,2012-06-07 09:02:55.697,2533.0000,473546,0,0.0000,10.0000,5,5,多换,B,2533.0000,0.0000,0.0000,0.0000,0.0000,2534.0000,0.0000,0.0000,0.0000,0.0000,67,0,0,0,0,29,0,0,0,0
zc,WS301,2012-06-07 09:02:56.637,2533.0000,473546,0,0.0000,0.0000,0,0,多换,B,2533.0000,0.0000,0.0000,0.0000,0.0000,2534.0000,0.0000,0.0000,0.0000,0.0000,70,0,0,0,0,29,0,0,0,0
zc,WS301,2012-06-07 09:02:57.087,2533.0000,473546,0,0.0000,2.0000,1,1,多换,B,2533.0000,0.0000,0.0000,0.0000,0.0000,2534.0000,0.0000,0.0000,0.0000,0.0000,69,0,0,0,0,79,0,0,0,0
zc,WS301,2012-06-07 09:02:57.247,2533.0000,473546,0,0.0000,40.0000,20,20,多换,B,2533.0000,0.0000,0.0000,0.0000,0.0000,2534.0000,0.0000,0.0000,0.0000,0.0000,49,0,0,0,0,79,0,0,0,0
zc,WS301,2012-06-07 09:02:57.900,2534.0000,473546,0,0.0000,2.0000,1,1,多换,B,2533.0000,0.0000,0.0000,0.0000,0.0000,2534.0000,0.0000,0.0000,0.0000,0.0000,49,0,0,0,0,98,0,0,0,0
zc,WS301,2012-06-07 09:02:58.667,2533.0000,473548,2,0.0000,6.0000,4,2,空开,S,2533.0000,0.0000,0.0000,0.0000,0.0000,2534.0000,0.0000,0.0000,0.0000,0.0000,46,0,0,0,0,98,0,0,0,0
zc,WS301,2012-06-07 09:02:59.197,2534.0000,473560,12,0.0000,52.0000,32,20,多开,B,2533.0000,0.0000,0.0000,0.0000,0.0000,2534.0000,0.0000,0.0000,0.0000,0.0000,53,0,0,0,0,73,0,0,0,0
zc,WS301,2012-06-07 09:02:59.947,2534.0000,473560,0,0.0000,8.0000,4,4,多换,B,2533.0000,0.0000,0.0000,0.0000,0.0000,2534.0000,0.0000,0.0000,0.0000,0.0000,50,0,0,0,0,81,0,0,0,0
zc,WS301,2012-06-07 09:03:00.417,2534.0000,473600,40,0.0000,162.0000,101,61,多开,B,2534.0000,0.0000,0.0000,0.0000,0.0000,2535.0000,0.0000,0.0000,0.0000,0.0000,919,0,0,0,0,336,0,0,0,0
zc,WS301,2012-06-07 09:03:01.167,2534.0000,473600,0,0.0000,40.0000,20,20,多换,B,2534.0000,0.0000,0.0000,0.0000,0.0000,2535.0000,0.0000,0.0000,0.0000,0.0000,920,0,0,0,0,336,0,0,0,0
zc,WS301,2012-06-07 09:03:01.637,2535.0000,473600,0,0.0000,4.0000,2,2,多换,B,2534.0000,0.0000,0.0000,0.0000,0.0000,2535.0000,0.0000,0.0000,0.0000,0.0000,924,0,0,0,0,335,0,0,0,0
zc,WS301,2012-06-07 09:03:03.150,2535.0000,473602,2,0.0000,30.0000,16,14,多开,B,2534.0000,0.0000,0.0000,0.0000,0.0000,2535.0000,0.0000,0.0000,0.0000,0.0000,970,0,0,0,0,333,0,0,0,0
zc,WS301,2012-06-07 09:03:03.667,2535.0000,473602,0,0.0000,22.0000,11,11,多换,B,2534.0000,0.0000,0.0000,0.0000,0.0000,2535.0000,0.0000,0.0000,0.0000,0.0000,960,0,0,0,0,332,0,0,0,0
zc,WS301,2012-06-07 09:03:04.150,2535.0000,473562,-40,0.0000,46.0000,3,43,空平,B,2534.0000,0.0000,0.0000,0.0000,0.0000,2535.0000,0.0000,0.0000,0.0000,0.0000,959,0,0,0,0,312,0,0,0,0
zc,WS301,2012-06-07 09:03:04.870,2535.0000,473562,0,0.0000,0.0000,0,0,多换,B,2534.0000,0.0000,0.0000,0.0000,0.0000,2535.0000,0.0000,0.0000,0.0000,0.0000,969,0,0,0,0,312,0,0,0,0
zc,WS301,2012-06-07 09:03:05.387,2534.0000,473562,0,0.0000,372.0000,186,186,空换,S,2534.0000,0.0000,0.0000,0.0000,0.0000,2535.0000,0.0000,0.0000,0.0000,0.0000,798,0,0,0,0,311,0,0,0,0
zc,WS301,2012-06-07 09:03:06.183,2534.0000,473564,2,0.0000,28.0000,15,13,空开,S,2534.0000,0.0000,0.0000,0.0000,0.0000,2535.0000,0.0000,0.0000,0.0000,0.0000,788,0,0,0,0,308,0,0,0,0
zc,WS301,2012-06-07 09:03:06.683,2534.0000,473564,0,0.0000,100.0000,50,50,空换,S,2534.0000,0.0000,0.0000,0.0000,0.0000,2535.0000,0.0000,0.0000,0.0000,0.0000,768,0,0,0,0,278,0,0,0,0
zc,WS301,2012-06-07 09:03:07.417,2535.0000,473520,-44,0.0000,48.0000,2,46,空平,B,2534.0000,0.0000,0.0000,0.0000,0.0000,2535.0000,0.0000,0.0000,0.0000,0.0000,768,0,0,0,0,255,0,0,0,0
zc,WS301,2012-06-07 09:03:07.917,2535.0000,473520,0,0.0000,22.0000,11,11,多换,B,2534.0000,0.0000,0.0000,0.0000,0.0000,2535.0000,0.0000,0.0000,0.0000,0.0000,768,0,0,0,0,244,0,0,0,0
zc,WS301,2012-06-07 09:03:08.650,2535.0000,473520,0,0.0000,20.0000,10,10,多换,B,2534.0000,0.0000,0.0000,0.0000,0.0000,2535.0000,0.0000,0.0000,0.0000,0.0000,772,0,0,0,0,234,0,0,0,0
zc,WS301,2012-06-07 09:03:09.197,2535.0000,473520,0,0.0000,0.0000,0,0,多换,B,2534.0000,0.0000,0.0000,0.0000,0.0000,2535.0000,0.0000,0.0000,0.0000,0.0000,772,0,0,0,0,233,0,0,0,0
zc,WS301,2012-06-07 09:03:09.887,2535.0000,473520,0,0.0000,2.0000,1,1,多换,B,2534.0000,0.0000,0.0000,0.0000,0.0000,2535.0000,0.0000,0.0000,0.0000,0.0000,773,0,0,0,0,233,0,0,0,0
zc,WS301,2012-06-07 09:03:10.433,2535.0000,473520,0,0.0000,2.0000,1,1,多换,B,2534.0000,0.0000,0.0000,0.0000,0.0000,2535.0000,0.0000,0.0000,0.0000,0.0000,775,0,0,0,0,244,0,0,0,0
zc,WS301,2012-06-07 09:03:11.183,2535.0000,473520,0,0.0000,4.0000,2,2,多换,B,2534.0000,0.0000,0.0000,0.0000,0.0000,2535.0000,0.0000,0.0000,0.0000,0.0000,786,0,0,0,0,245,0,0,0,0
zc,WS301,2012-06-07 09:03:11.667,2534.0000,473518,-2,0.0000,6.0000,2,4,多平,S,2534.0000,0.0000,0.0000,0.0000,0.0000,2535.0000,0.0000,0.0000,0.0000,0.0000,785,0,0,0,0,242,0,0,0,0
zc,WS301,2012-06-07 09:03:12.400,2535.0000,473516,-2,0.0000,4.0000,1,3,空平,B,2534.0000,0.0000,0.0000,0.0000,0.0000,2535.0000,0.0000,0.0000,0.0000,0.0000,785,0,0,0,0,249,0,0,0,0
zc,WS301,2012-06-07 09:03:12.837,2535.0000,473506,-10,0.0000,14.0000,2,12,空平,B,2534.0000,0.0000,0.0000,0.0000,0.0000,2535.0000,0.0000,0.0000,0.0000,0.0000,785,0,0,0,0,242,0,0,0,0
zc,WS301,2012-06-07 09:03:13.400,2535.0000,473504,-2,0.0000,14.0000,6,8,空平,B,2534.0000,0.0000,0.0000,0.0000,0.0000,2535.0000,0.0000,0.0000,0.0000,0.0000,785,0,0,0,0,237,0,0,0,0
zc,WS301,2012-06-07 09:03:14.137,2535.0000,473504,0,0.0000,12.0000,6,6,多换,B,2534.0000,0.0000,0.0000,0.0000,0.0000,2535.0000,0.0000,0.0000,0.0000,0.0000,785,0,0,0,0,233,0,0,0,0
zc,WS301,2012-06-07 09:03:14.697,2535.0000,473504,0,0.0000,0.0000,0,0,多换,B,2534.0000,0.0000,0.0000,0.0000,0.0000,2535.0000,0.0000,0.0000,0.0000,0.0000,786,0,0,0,0,236,0,0,0,0
zc,WS301,2012-06-07 09:03:15.370,2535.0000,473504,0,0.0000,20.0000,10,10,多换,B,2534.0000,0.0000,0.0000,0.0000,0.0000,2535.0000,0.0000,0.0000,0.0000,0.0000,787,0,0,0,0,226,0,0,0,0
zc,WS301,2012-06-07 09:03:16.667,2535.0000,473504,0,0.0000,6.0000,3,3,多换,B,2534.0000,0.0000,0.0000,0.0000,0.0000,2535.0000,0.0000,0.0000,0.0000,0.0000,788,0,0,0,0,217,0,0,0,0
zc,WS301,2012-06-07 09:03:16.887,2535.0000,473504,0,0.0000,0.0000,0,0,多换,B,2534.0000,0.0000,0.0000,0.0000,0.0000,2535.0000,0.0000,0.0000,0.0000,0.0000,788,0,0,0,0,237,0,0,0,0
zc,WS301,2012-06-07 09:03:17.713,2535.0000,473512,8,0.0000,28.0000,18,10,多开,B,2534.0000,0.0000,0.0000,0.0000,0.0000,2535.0000,0.0000,0.0000,0.0000,0.0000,789,0,0,0,0,235,0,0,0,0
zc,WS301,2012-06-07 09:03:18.447,2535.0000,473512,0,0.0000,10.0000,5,5,多换,B,2534.0000,0.0000,0.0000,0.0000,0.0000,2535.0000,0.0000,0.0000,0.0000,0.0000,789,0,0,0,0,231,0,0,0,0
zc,WS301,2012-06-07 09:03:18.917,2535.0000,473512,0,0.0000,50.0000,25,25,多换,B,2534.0000,0.0000,0.0000,0.0000,0.0000,2535.0000,0.0000,0.0000,0.0000,0.0000,819,0,0,0,0,211,0,0,0,0
zc,WS301,2012-06-07 09:03:19.620,2535.0000,473486,-26,0.0000,30.0000,2,28,空平,B,2534.0000,0.0000,0.0000,0.0000,0.0000,2535.0000,0.0000,0.0000,0.0000,0.0000,819,0,0,0,0,205,0,0,0,0
zc,WS301,2012-06-07 09:03:20.120,2535.0000,473486,0,0.0000,4.0000,2,2,多换,B,2534.0000,0.0000,0.0000,0.0000,0.0000,2535.0000,0.0000,0.0000,0.0000,0.0000,821,0,0,0,0,204,0,0,0,0
zc,WS301,2012-06-07 09:03:20.900,2535.0000,473486,0,0.0000,24.0000,12,12,多换,B,2534.0000,0.0000,0.0000,0.0000,0.0000,2535.0000,0.0000,0.0000,0.0000,0.0000,810,0,0,0,0,202,0,0,0,0
zc,WS301,2012-06-07 09:03:21.917,2535.0000,473486,0,0.0000,14.0000,7,7,多换,B,2534.0000,0.0000,0.0000,0.0000,0.0000,2535.0000,0.0000,0.0000,0.0000,0.0000,814,0,0,0,0,196,0,0,0,0
zc,WS301,2012-06-07 09:03:22.120,2535.0000,473490,4,0.0000,114.0000,59,55,多开,B,2534.0000,0.0000,0.0000,0.0000,0.0000,2535.0000,0.0000,0.0000,0.0000,0.0000,814,0,0,0,0,139,0,0,0,0
zc,WS301,2012-06-07 09:03:23.137,2535.0000,473468,-22,0.0000,112.0000,45,67,空平,B,2534.0000,0.0000,0.0000,0.0000,0.0000,2535.0000,0.0000,0.0000,0.0000,0.0000,814,0,0,0,0,101,0,0,0,0
zc,WS301,2012-06-07 09:03:23.637,2535.0000,473494,26,0.0000,114.0000,70,44,多开,B,2534.0000,0.0000,0.0000,0.0000,0.0000,2535.0000,0.0000,0.0000,0.0000,0.0000,810,0,0,0,0,45,0,0,0,0
zc,WS301,2012-06-07 09:03:24.400,2535.0000,473496,2,0.0000,6.0000,4,2,多开,B,2534.0000,0.0000,0.0000,0.0000,0.0000,2535.0000,0.0000,0.0000,0.0000,0.0000,813,0,0,0,0,43,0,0,0,0
zc,WS301,2012-06-07 09:03:24.870,2535.0000,473494,-2,0.0000,86.0000,42,44,空平,B,2535.0000,0.0000,0.0000,0.0000,0.0000,2536.0000,0.0000,0.0000,0.0000,0.0000,20,0,0,0,0,1220,0,0,0,0
zc,WS301,2012-06-07 09:03:25.697,2536.0000,473494,0,0.0000,2.0000,1,1,多换,B,2535.0000,0.0000,0.0000,0.0000,0.0000,2536.0000,0.0000,0.0000,0.0000,0.0000,57,0,0,0,0,1220,0,0,0,0
zc,WS301,2012-06-07 09:03:26.150,2536.0000,473494,0,0.0000,2.0000,1,1,多换,B,2535.0000,0.0000,0.0000,0.0000,0.0000,2536.0000,0.0000,0.0000,0.0000,0.0000,63,0,0,0,0,1228,0,0,0,0
zc,WS301,2012-06-07 09:03:26.900,2535.0000,473484,-10,0.0000,32.0000,11,21,多平,S,2535.0000,0.0000,0.0000,0.0000,0.0000,2536.0000,0.0000,0.0000,0.0000,0.0000,71,0,0,0,0,1206,0,0,0,0
zc,WS301,2012-06-07 09:03:27.387,2536.0000,473472,-12,0.0000,12.0000,0,12,双平,B,2535.0000,0.0000,0.0000,0.0000,0.0000,2536.0000,0.0000,0.0000,0.0000,0.0000,71,0,0,0,0,1198,0,0,0,0
zc,WS301,2012-06-07 09:03:27.917,2536.0000,473472,0,0.0000,40.0000,20,20,多换,B,2535.0000,0.0000,0.0000,0.0000,0.0000,2536.0000,0.0000,0.0000,0.0000,0.0000,122,0,0,0,0,1178,0,0,0,0
zc,WS301,2012-06-07 09:03:28.650,2536.0000,473472,0,0.0000,4.0000,2,2,多换,B,2535.0000,0.0000,0.0000,0.0000,0.0000,2536.0000,0.0000,0.0000,0.0000,0.0000,121,0,0,0,0,1175,0,0,0,0
zc,WS301,2012-06-07 09:03:29.197,2536.0000,473472,0,0.0000,0.0000,0,0,多换,B,2535.0000,0.0000,0.0000,0.0000,0.0000,2536.0000,0.0000,0.0000,0.0000,0.0000,121,0,0,0,0,1171,0,0,0,0
zc,WS301,2012-06-07 09:03:29.947,2535.0000,473472,0,0.0000,2.0000,1,1,空换,S,2535.0000,0.0000,0.0000,0.0000,0.0000,2536.0000,0.0000,0.0000,0.0000,0.0000,214,0,0,0,0,1165,0,0,0,0
zc,WS301,2012-06-07 09:03:30.183,2536.0000,473470,-2,0.0000,18.0000,8,10,空平,B,2535.0000,0.0000,0.0000,0.0000,0.0000,2536.0000,0.0000,0.0000,0.0000,0.0000,219,0,0,0,0,1156,0,0,0,0
zc,WS301,2012-06-07 09:03:31.167,2536.0000,473470,0,0.0000,10.0000,5,5,多换,B,2535.0000,0.0000,0.0000,0.0000,0.0000,2536.0000,0.0000,0.0000,0.0000,0.0000,220,0,0,0,0,1152,0,0,0,0
zc,WS301,2012-06-07 09:03:31.433,2536.0000,473460,-10,0.0000,90.0000,40,50,空平,B,2535.0000,0.0000,0.0000,0.0000,0.0000,2536.0000,0.0000,0.0000,0.0000,0.0000,187,0,0,0,0,1141,0,0,0,0
zc,WS301,2012-06-07 09:03:32.167,2536.0000,473466,6,0.0000,148.0000,77,71,多开,B,2535.0000,0.0000,0.0000,0.0000,0.0000,2536.0000,0.0000,0.0000,0.0000,0.0000,189,0,0,0,0,1068,0,0,0,0
zc,WS301,2012-06-07 09:03:32.730,2536.0000,473466,0,0.0000,12.0000,6,6,多换,B,2535.0000,0.0000,0.0000,0.0000,0.0000,2536.0000,0.0000,0.0000,0.0000,0.0000,190,0,0,0,0,1062,0,0,0,0
zc,WS301,2012-06-07 09:03:33.433,2536.0000,473466,0,0.0000,2.0000,1,1,多换,B,2535.0000,0.0000,0.0000,0.0000,0.0000,2536.0000,0.0000,0.0000,0.0000,0.0000,191,0,0,0,0,1061,0,0,0,0
zc,WS301,2012-06-07 09:03:34.167,2536.0000,473466,0,0.0000,0.0000,0,0,多换,B,2535.0000,0.0000,0.0000,0.0000,0.0000,2536.0000,0.0000,0.0000,0.0000,0.0000,192,0,0,0,0,1061,0,0,0,0
zc,WS301,2012-06-07 09:03:34.650,2536.0000,473464,-2,0.0000,2.0000,0,2,双平,B,2535.0000,0.0000,0.0000,0.0000,0.0000,2536.0000,0.0000,0.0000,0.0000,0.0000,193,0,0,0,0,1066,0,0,0,0
zc,WS301,2012-06-07 09:03:35.433,2536.0000,473464,0,0.0000,0.0000,0,0,多换,B,2535.0000,0.0000,0.0000,0.0000,0.0000,2536.0000,0.0000,0.0000,0.0000,0.0000,203,0,0,0,0,1070,0,0,0,0
zc,WS301,2012-06-07 09:03:35.887,2536.0000,473464,0,0.0000,2.0000,1,1,多换,B,2535.0000,0.0000,0.0000,0.0000,0.0000,2536.0000,0.0000,0.0000,0.0000,0.0000,203,0,0,0,0,1071,0,0,0,0
zc,WS301,2012-06-07 09:03:36.650,2536.0000,473464,0,0.0000,0.0000,0,0,多换,B,2535.0000,0.0000,0.0000,0.0000,0.0000,2536.0000,0.0000,0.0000,0.0000,0.0000,204,0,0,0,0,1071,0,0,0,0
zc,WS301,2012-06-07 09:03:37.137,2536.0000,473464,0,0.0000,10.0000,5,5,多换,B,2535.0000,0.0000,0.0000,0.0000,0.0000,2536.0000,0.0000,0.0000,0.0000,0.0000,205,0,0,0,0,1066,0,0,0,0
zc,WS301,2012-06-07 09:03:37.620,2536.0000,473464,0,0.0000,2.0000,1,1,多换,B,2535.0000,0.0000,0.0000,0.0000,0.0000,2536.0000,0.0000,0.0000,0.0000,0.0000,215,0,0,0,0,1065,0,0,0,0
zc,WS301,2012-06-07 09:03:38.463,2535.0000,473466,2,0.0000,4.0000,3,1,空开,S,2535.0000,0.0000,0.0000,0.0000,0.0000,2536.0000,0.0000,0.0000,0.0000,0.0000,214,0,0,0,0,1060,0,0,0,0
zc,WS301,2012-06-07 09:03:39.150,2536.0000,473466,0,0.0000,14.0000,7,7,多换,B,2535.0000,0.0000,0.0000,0.0000,0.0000,2536.0000,0.0000,0.0000,0.0000,0.0000,214,0,0,0,0,1053,0,0,0,0
zc,WS301,2012-06-07 09:03:39.650,2535.0000,473466,0,0.0000,2.0000,1,1,空换,S,2535.0000,0.0000,0.0000,0.0000,0.0000,2536.0000,0.0000,0.0000,0.0000,0.0000,213,0,0,0,0,1057,0,0,0,0
zc,WS301,2012-06-07 09:03:40.433,2536.0000,473456,-10,0.0000,10.0000,0,10,双平,B,2535.0000,0.0000,0.0000,0.0000,0.0000,2536.0000,0.0000,0.0000,0.0000,0.0000,217,0,0,0,0,1052,0,0,0,0
zc,WS301,2012-06-07 09:03:40.917,2536.0000,473454,-2,0.0000,24.0000,11,13,空平,B,2535.0000,0.0000,0.0000,0.0000,0.0000,2536.0000,0.0000,0.0000,0.0000,0.0000,217,0,0,0,0,1037,0,0,0,0
zc,WS301,2012-06-07 09:03:41.963,2536.0000,473454,0,0.0000,0.0000,0,0,多换,B,2535.0000,0.0000,0.0000,0.0000,0.0000,2536.0000,0.0000,0.0000,0.0000,0.0000,222,0,0,0,0,1037,0,0,0,0
zc,WS301,2012-06-07 09:03:42.387,2536.0000,473454,0,0.0000,12.0000,6,6,多换,B,2535.0000,0.0000,0.0000,0.0000,0.0000,2536.0000,0.0000,0.0000,0.0000,0.0000,230,0,0,0,0,1032,0,0,0,0
zc,WS301,2012-06-07 09:03:43.183,2536.0000,473456,2,0.0000,12.0000,7,5,多开,B,2535.0000,0.0000,0.0000,0.0000,0.0000,2536.0000,0.0000,0.0000,0.0000,0.0000,240,0,0,0,0,1027,0,0,0,0
zc,WS301,2012-06-07 09:03:44.480,2536.0000,473456,0,0.0000,4.0000,2,2,多换,B,2535.0000,0.0000,0.0000,0.0000,0.0000,2536.0000,0.0000,0.0000,0.0000,0.0000,246,0,0,0,0,1025,0,0,0,0
zc,WS301,2012-06-07 09:03:44.947,2536.0000,473456,0,0.0000,16.0000,8,8,多换,B,2535.0000,0.0000,0.0000,0.0000,0.0000,2536.0000,0.0000,0.0000,0.0000,0.0000,237,0,0,0,0,1017,0,0,0,0
zc,WS301,2012-06-07 09:03:45.683,2535.0000,473444,-12,0.0000,44.0000,16,28,多平,S,2535.0000,0.0000,0.0000,0.0000,0.0000,2536.0000,0.0000,0.0000,0.0000,0.0000,220,0,0,0,0,1017,0,0,0,0
zc,WS301,2012-06-07 09:03:46.197,2535.0000,473444,0,0.0000,0.0000,0,0,空换,S,2535.0000,0.0000,0.0000,0.0000,0.0000,2536.0000,0.0000,0.0000,0.0000,0.0000,221,0,0,0,0,1017,0,0,0,0
zc,WS301,2012-06-07 09:03:46.933,2536.0000,473444,0,0.0000,4.0000,2,2,多换,B,2535.0000,0.0000,0.0000,0.0000,0.0000,2536.0000,0.0000,0.0000,0.0000,0.0000,231,0,0,0,0,1015,0,0,0,0
zc,WS301,2012-06-07 09:03:47.730,2536.0000,473436,-8,0.0000,38.0000,15,23,空平,B,2535.0000,0.0000,0.0000,0.0000,0.0000,2536.0000,0.0000,0.0000,0.0000,0.0000,228,0,0,0,0,1000,0,0,0,0
zc,WS301,2012-06-07 09:03:48.887,2536.0000,473436,0,0.0000,0.0000,0,0,多换,B,2535.0000,0.0000,0.0000,0.0000,0.0000,2536.0000,0.0000,0.0000,0.0000,0.0000,258,0,0,0,0,1000,0,0,0,0
zc,WS301,2012-06-07 09:03:49.637,2536.0000,473434,-2,0.0000,6.0000,2,4,空平,B,2535.0000,0.0000,0.0000,0.0000,0.0000,2536.0000,0.0000,0.0000,0.0000,0.0000,258,0,0,0,0,998,0,0,0,0
zc,WS301,2012-06-07 09:03:50.120,2535.0000,473438,4,0.0000,8.0000,6,2,空开,S,2535.0000,0.0000,0.0000,0.0000,0.0000,2536.0000,0.0000,0.0000,0.0000,0.0000,255,0,0,0,0,997,0,0,0,0
zc,WS301,2012-06-07 09:03:50.917,2535.0000,473438,0,0.0000,0.0000,0,0,空换,S,2535.0000,0.0000,0.0000,0.0000,0.0000,2536.0000,0.0000,0.0000,0.0000,0.0000,253,0,0,0,0,997,0,0,0,0
zc,WS301,2012-06-07 09:03:51.387,2536.0000,473438,0,0.0000,64.0000,32,32,多换,B,2535.0000,0.0000,0.0000,0.0000,0.0000,2536.0000,0.0000,0.0000,0.0000,0.0000,253,0,0,0,0,990,0,0,0,0
zc,WS301,2012-06-07 09:03:51.887,2536.0000,473438,0,0.0000,6.0000,3,3,多换,B,2535.0000,0.0000,0.0000,0.0000,0.0000,2536.0000,0.0000,0.0000,0.0000,0.0000,252,0,0,0,0,987,0,0,0,0
zc,WS301,2012-06-07 09:03:52.387,2535.0000,473438,0,0.0000,4.0000,2,2,空换,S,2535.0000,0.0000,0.0000,0.0000,0.0000,2536.0000,0.0000,0.0000,0.0000,0.0000,301,0,0,0,0,987,0,0,0,0
zc,WS301,2012-06-07 09:03:53.183,2535.0000,473438,0,0.0000,48.0000,24,24,空换,S,2535.0000,0.0000,0.0000,0.0000,0.0000,2536.0000,0.0000,0.0000,0.0000,0.0000,285,0,0,0,0,982,0,0,0,0
zc,WS301,2012-06-07 09:03:54.370,2536.0000,473430,-8,0.0000,10.0000,1,9,空平,B,2535.0000,0.0000,0.0000,0.0000,0.0000,2536.0000,0.0000,0.0000,0.0000,0.0000,285,0,0,0,0,977,0,0,0,0
zc,WS301,2012-06-07 09:03:55.167,2536.0000,473430,0,0.0000,20.0000,10,10,多换,B,2535.0000,0.0000,0.0000,0.0000,0.0000,2536.0000,0.0000,0.0000,0.0000,0.0000,342,0,0,0,0,967,0,0,0,0
zc,WS301,2012-06-07 09:03:55.650,2536.0000,473430,0,0.0000,10.0000,5,5,多换,B,2535.0000,0.0000,0.0000,0.0000,0.0000,2536.0000,0.0000,0.0000,0.0000,0.0000,344,0,0,0,0,985,0,0,0,0
zc,WS301,2012-06-07 09:03:56.387,2536.0000,473430,0,0.0000,2.0000,1,1,多换,B,2535.0000,0.0000,0.0000,0.0000,0.0000,2536.0000,0.0000,0.0000,0.0000,0.0000,344,0,0,0,0,984,0,0,0,0
zc,WS301,2012-06-07 09:03:57.650,2536.0000,473406,-24,0.0000,24.0000,0,24,双平,B,2535.0000,0.0000,0.0000,0.0000,0.0000,2536.0000,0.0000,0.0000,0.0000,0.0000,333,0,0,0,0,975,0,0,0,0
zc,WS301,2012-06-07 09:03:58.167,2536.0000,473404,-2,0.0000,38.0000,18,20,空平,B,2535.0000,0.0000,0.0000,0.0000,0.0000,2536.0000,0.0000,0.0000,0.0000,0.0000,332,0,0,0,0,956,0,0,0,0
zc,WS301,2012-06-07 09:03:58.603,2536.0000,473400,-4,0.0000,6.0000,1,5,空平,B,2535.0000,0.0000,0.0000,0.0000,0.0000,2536.0000,0.0000,0.0000,0.0000,0.0000,340,0,0,0,0,953,0,0,0,0
zc,WS301,2012-06-07 09:03:59.103,2536.0000,473400,0,0.0000,0.0000,0,0,多换,B,2535.0000,0.0000,0.0000,0.0000,0.0000,2536.0000,0.0000,0.0000,0.0000,0.0000,341,0,0,0,0,953,0,0,0,0
zc,WS301,2012-06-07 09:04:00.433,2536.0000,473398,-2,0.0000,36.0000,17,19,空平,B,2535.0000,0.0000,0.0000,0.0000,0.0000,2536.0000,0.0000,0.0000,0.0000,0.0000,539,0,0,0,0,935,0,0,0,0
zc,WS301,2012-06-07 09:04:01.137,2536.0000,473392,-6,0.0000,16.0000,5,11,空平,B,2535.0000,0.0000,0.0000,0.0000,0.0000,2536.0000,0.0000,0.0000,0.0000,0.0000,539,0,0,0,0,928,0,0,0,0
zc,WS301,2012-06-07 09:04:01.667,2536.0000,473390,-2,0.0000,6.0000,2,4,空平,B,2535.0000,0.0000,0.0000,0.0000,0.0000,2536.0000,0.0000,0.0000,0.0000,0.0000,538,0,0,0,0,967,0,0,0,0
zc,WS301,2012-06-07 09:04:02.933,2536.0000,473390,0,0.0000,32.0000,16,16,多换,B,2535.0000,0.0000,0.0000,0.0000,0.0000,2536.0000,0.0000,0.0000,0.0000,0.0000,538,0,0,0,0,951,0,0,0,0
zc,WS301,2012-06-07 09:04:03.683,2536.0000,473364,-26,0.0000,28.0000,1,27,空平,B,2535.0000,0.0000,0.0000,0.0000,0.0000,2536.0000,0.0000,0.0000,0.0000,0.0000,546,0,0,0,0,936,0,0,0,0
zc,WS301,2012-06-07 09:04:04.120,2536.0000,473364,0,0.0000,10.0000,5,5,多换,B,2535.0000,0.0000,0.0000,0.0000,0.0000,2536.0000,0.0000,0.0000,0.0000,0.0000,546,0,0,0,0,931,0,0,0,0
zc,WS301,2012-06-07 09:04:04.963,2536.0000,473364,0,0.0000,16.0000,8,8,多换,B,2535.0000,0.0000,0.0000,0.0000,0.0000,2536.0000,0.0000,0.0000,0.0000,0.0000,546,0,0,0,0,931,0,0,0,0
zc,WS301,2012-06-07 09:04:05.713,2535.0000,473366,2,0.0000,202.0000,102,100,空开,S,2535.0000,0.0000,0.0000,0.0000,0.0000,2536.0000,0.0000,0.0000,0.0000,0.0000,545,0,0,0,0,831,0,0,0,0
zc,WS301,2012-06-07 09:04:05.917,2536.0000,473366,0,0.0000,6.0000,3,3,多换,B,2535.0000,0.0000,0.0000,0.0000,0.0000,2536.0000,0.0000,0.0000,0.0000,0.0000,546,0,0,0,0,788,0,0,0,0
zc,WS301,2012-06-07 09:04:07.433,2536.0000,473366,0,0.0000,54.0000,27,27,多换,B,2535.0000,0.0000,0.0000,0.0000,0.0000,2536.0000,0.0000,0.0000,0.0000,0.0000,546,0,0,0,0,761,0,0,0,0
zc,WS301,2012-06-07 09:04:08.150,2536.0000,473360,-6,0.0000,310.0000,152,158,空平,B,2535.0000,0.0000,0.0000,0.0000,0.0000,2536.0000,0.0000,0.0000,0.0000,0.0000,542,0,0,0,0,606,0,0,0,0
zc,WS301,2012-06-07 09:04:08.777,2535.0000,473362,2,0.0000,96.0000,49,47,空开,S,2535.0000,0.0000,0.0000,0.0000,0.0000,2536.0000,0.0000,0.0000,0.0000,0.0000,497,0,0,0,0,604,0,0,0,0
zc,WS301,2012-06-07 09:04:09.463,2536.0000,473360,-2,0.0000,314.0000,156,158,空平,B,2535.0000,0.0000,0.0000,0.0000,0.0000,2536.0000,0.0000,0.0000,0.0000,0.0000,485,0,0,0,0,477,0,0,0,0
zc,WS301,2012-06-07 09:04:09.900,2536.0000,473360,0,0.0000,420.0000,210,210,多换,B,2535.0000,0.0000,0.0000,0.0000,0.0000,2536.0000,0.0000,0.0000,0.0000,0.0000,484,0,0,0,0,267,0,0,0,0
zc,WS301,2012-06-07 09:04:10.400,2536.0000,473554,194,0.0000,512.0000,353,159,多开,B,2535.0000,0.0000,0.0000,0.0000,0.0000,2536.0000,0.0000,0.0000,0.0000,0.0000,490,0,0,0,0,75,0,0,0,0
zc,WS301,2012-06-07 09:04:10.947,2536.0000,473578,24,0.0000,152.0000,88,64,多开,B,2536.0000,0.0000,0.0000,0.0000,0.0000,2537.0000,0.0000,0.0000,0.0000,0.0000,194,0,0,0,0,180,0,0,0,0
zc,WS301,2012-06-07 09:04:11.963,2536.0000,473578,0,0.0000,2.0000,1,1,多换,B,2536.0000,0.0000,0.0000,0.0000,0.0000,2537.0000,0.0000,0.0000,0.0000,0.0000,349,0,0,0,0,189,0,0,0,0
zc,WS301,2012-06-07 09:04:12.417,2536.0000,473578,0,0.0000,8.0000,4,4,多换,B,2536.0000,0.0000,0.0000,0.0000,0.0000,2537.0000,0.0000,0.0000,0.0000,0.0000,215,0,0,0,0,188,0,0,0,0
zc,WS301,2012-06-07 09:04:13.167,2537.0000,473578,0,0.0000,50.0000,25,25,多换,B,2536.0000,0.0000,0.0000,0.0000,0.0000,2537.0000,0.0000,0.0000,0.0000,0.0000,215,0,0,0,0,167,0,0,0,0
zc,WS301,2012-06-07 09:04:13.370,2537.0000,473638,60,0.0000,400.0000,230,170,多开,B,2536.0000,0.0000,0.0000,0.0000,0.0000,2537.0000,0.0000,0.0000,0.0000,0.0000,215,0,0,0,0,62,0,0,0,0
zc,WS301,2012-06-07 09:04:14.167,2536.0000,473638,0,0.0000,2.0000,1,1,空换,S,2536.0000,0.0000,0.0000,0.0000,0.0000,2537.0000,0.0000,0.0000,0.0000,0.0000,221,0,0,0,0,62,0,0,0,0
zc,WS301,2012-06-07 09:04:14.667,2537.0000,473638,0,0.0000,4.0000,2,2,多换,B,2536.0000,0.0000,0.0000,0.0000,0.0000,2537.0000,0.0000,0.0000,0.0000,0.0000,222,0,0,0,0,60,0,0,0,0
zc,WS301,2012-06-07 09:04:15.417,2537.0000,473638,0,0.0000,2.0000,1,1,多换,B,2536.0000,0.0000,0.0000,0.0000,0.0000,2537.0000,0.0000,0.0000,0.0000,0.0000,265,0,0,0,0,59,0,0,0,0
zc,WS301,2012-06-07 09:04:16.120,2537.0000,473638,0,0.0000,2.0000,1,1,多换,B,2536.0000,0.0000,0.0000,0.0000,0.0000,2537.0000,0.0000,0.0000,0.0000,0.0000,271,0,0,0,0,58,0,0,0,0
zc,WS301,2012-06-07 09:04:16.947,2537.0000,473636,-2,0.0000,2.0000,0,2,双平,B,2536.0000,0.0000,0.0000,0.0000,0.0000,2537.0000,0.0000,0.0000,0.0000,0.0000,304,0,0,0,0,71,0,0,0,0
zc,WS301,2012-06-07 09:04:17.417,2537.0000,473624,-12,0.0000,20.0000,4,16,空平,B,2536.0000,0.0000,0.0000,0.0000,0.0000,2537.0000,0.0000,0.0000,0.0000,0.0000,304,0,0,0,0,111,0,0,0,0
zc,WS301,2012-06-07 09:04:18.197,2537.0000,473624,0,0.0000,12.0000,6,6,多换,B,2536.0000,0.0000,0.0000,0.0000,0.0000,2537.0000,0.0000,0.0000,0.0000,0.0000,304,0,0,0,0,106,0,0,0,0
zc,WS301,2012-06-07 09:04:18.637,2537.0000,473624,0,0.0000,2.0000,1,1,多换,B,2536.0000,0.0000,0.0000,0.0000,0.0000,2537.0000,0.0000,0.0000,0.0000,0.0000,304,0,0,0,0,107,0,0,0,0
zc,WS301,2012-06-07 09:04:19.137,2537.0000,473624,0,0.0000,8.0000,4,4,多换,B,2536.0000,0.0000,0.0000,0.0000,0.0000,2537.0000,0.0000,0.0000,0.0000,0.0000,232,0,0,0,0,184,0,0,0,0
zc,WS301,2012-06-07 09:04:19.963,2536.0000,473594,-30,0.0000,470.0000,220,250,多平,S,2535.0000,0.0000,0.0000,0.0000,0.0000,2536.0000,0.0000,0.0000,0.0000,0.0000,396,0,0,0,0,91,0,0,0,0
zc,WS301,2012-06-07 09:04:20.433,2536.0000,473604,10,0.0000,20.0000,15,5,空开,S,2535.0000,0.0000,0.0000,0.0000,0.0000,2536.0000,0.0000,0.0000,0.0000,0.0000,388,0,0,0,0,81,0,0,0,0
zc,WS301,2012-06-07 09:04:21.167,2536.0000,473608,4,0.0000,4.0000,4,0,双开,S,2535.0000,0.0000,0.0000,0.0000,0.0000,2536.0000,0.0000,0.0000,0.0000,0.0000,389,0,0,0,0,89,0,0,0,0
zc,WS301,2012-06-07 09:04:21.900,2536.0000,473616,8,0.0000,8.0000,8,0,双开,S,2535.0000,0.0000,0.0000,0.0000,0.0000,2536.0000,0.0000,0.0000,0.0000,0.0000,388,0,0,0,0,137,0,0,0,0
zc,WS301,2012-06-07 09:04:22.697,2536.0000,473632,16,0.0000,16.0000,16,0,双开,S,2535.0000,0.0000,0.0000,0.0000,0.0000,2536.0000,0.0000,0.0000,0.0000,0.0000,388,0,0,0,0,131,0,0,0,0
zc,WS301,2012-06-07 09:04:23.917,2536.0000,473642,10,0.0000,10.0000,10,0,双开,S,2535.0000,0.0000,0.0000,0.0000,0.0000,2536.0000,0.0000,0.0000,0.0000,0.0000,388,0,0,0,0,126,0,0,0,0
zc,WS301,2012-06-07 09:04:24.400,2536.0000,473644,2,0.0000,4.0000,3,1,空开,S,2535.0000,0.0000,0.0000,0.0000,0.0000,2536.0000,0.0000,0.0000,0.0000,0.0000,393,0,0,0,0,124,0,0,0,0
zc,WS301,2012-06-07 09:04:25.183,2536.0000,473668,24,0.0000,24.0000,24,0,双开,S,2535.0000,0.0000,0.0000,0.0000,0.0000,2536.0000,0.0000,0.0000,0.0000,0.0000,395,0,0,0,0,112,0,0,0,0
zc,WS301,2012-06-07 09:04:25.637,2536.0000,473680,12,0.0000,12.0000,12,0,双开,S,2535.0000,0.0000,0.0000,0.0000,0.0000,2536.0000,0.0000,0.0000,0.0000,0.0000,396,0,0,0,0,126,0,0,0,0
zc,WS301,2012-06-07 09:04:26.337,2536.0000,473692,12,0.0000,16.0000,14,2,空开,S,2535.0000,0.0000,0.0000,0.0000,0.0000,2536.0000,0.0000,0.0000,0.0000,0.0000,396,0,0,0,0,118,0,0,0,0
zc,WS301,2012-06-07 09:04:26.637,2536.0000,473692,0,0.0000,0.0000,0,0,空换,S,2535.0000,0.0000,0.0000,0.0000,0.0000,2536.0000,0.0000,0.0000,0.0000,0.0000,406,0,0,0,0,119,0,0,0,0
zc,WS301,2012-06-07 09:04:27.387,2536.0000,473692,0,0.0000,30.0000,15,15,空换,S,2535.0000,0.0000,0.0000,0.0000,0.0000,2536.0000,0.0000,0.0000,0.0000,0.0000,405,0,0,0,0,120,0,0,0,0
zc,WS301,2012-06-07 09:04:27.870,2536.0000,473692,0,0.0000,16.0000,8,8,空换,S,2535.0000,0.0000,0.0000,0.0000,0.0000,2536.0000,0.0000,0.0000,0.0000,0.0000,408,0,0,0,0,112,0,0,0,0
zc,WS301,2012-06-07 09:04:29.137,2536.0000,473692,0,0.0000,52.0000,26,26,空换,S,2535.0000,0.0000,0.0000,0.0000,0.0000,2536.0000,0.0000,0.0000,0.0000,0.0000,398,0,0,0,0,96,0,0,0,0
zc,WS301,2012-06-07 09:04:29.900,2536.0000,473692,0,0.0000,12.0000,6,6,空换,S,2535.0000,0.0000,0.0000,0.0000,0.0000,2536.0000,0.0000,0.0000,0.0000,0.0000,398,0,0,0,0,103,0,0,0,0
zc,WS301,2012-06-07 09:04:30.637,2536.0000,473690,-2,0.0000,6.0000,2,4,多平,S,2535.0000,0.0000,0.0000,0.0000,0.0000,2536.0000,0.0000,0.0000,0.0000,0.0000,398,0,0,0,0,105,0,0,0,0
zc,WS301,2012-06-07 09:04:31.947,2536.0000,473690,0,0.0000,12.0000,6,6,空换,S,2535.0000,0.0000,0.0000,0.0000,0.0000,2536.0000,0.0000,0.0000,0.0000,0.0000,398,0,0,0,0,101,0,0,0,0
zc,WS301,2012-06-07 09:04:32.683,2536.0000,473690,0,0.0000,24.0000,12,12,空换,S,2535.0000,0.0000,0.0000,0.0000,0.0000,2536.0000,0.0000,0.0000,0.0000,0.0000,398,0,0,0,0,94,0,0,0,0
zc,WS301,2012-06-07 09:04:33.120,2536.0000,473690,0,0.0000,2.0000,1,1,空换,S,2535.0000,0.0000,0.0000,0.0000,0.0000,2536.0000,0.0000,0.0000,0.0000,0.0000,397,0,0,0,0,93,0,0,0,0
zc,WS301,2012-06-07 09:04:33.650,2536.0000,473690,0,0.0000,0.0000,0,0,空换,S,2535.0000,0.0000,0.0000,0.0000,0.0000,2536.0000,0.0000,0.0000,0.0000,0.0000,397,0,0,0,0,96,0,0,0,0
zc,WS301,2012-06-07 09:04:34.387,2536.0000,473690,0,0.0000,22.0000,11,11,空换,S,2535.0000,0.0000,0.0000,0.0000,0.0000,2536.0000,0.0000,0.0000,0.0000,0.0000,388,0,0,0,0,85,0,0,0,0
zc,WS301,2012-06-07 09:04:34.917,2536.0000,473690,0,0.0000,2.0000,1,1,空换,S,2535.0000,0.0000,0.0000,0.0000,0.0000,2536.0000,0.0000,0.0000,0.0000,0.0000,387,0,0,0,0,84,0,0,0,0
zc,WS301,2012-06-07 09:04:35.620,2536.0000,473690,0,0.0000,6.0000,3,3,空换,S,2535.0000,0.0000,0.0000,0.0000,0.0000,2536.0000,0.0000,0.0000,0.0000,0.0000,387,0,0,0,0,94,0,0,0,0
zc,WS301,2012-06-07 09:04:36.387,2536.0000,473690,0,0.0000,22.0000,11,11,空换,S,2535.0000,0.0000,0.0000,0.0000,0.0000,2536.0000,0.0000,0.0000,0.0000,0.0000,389,0,0,0,0,85,0,0,0,0
zc,WS301,2012-06-07 09:04:36.947,2536.0000,473690,0,0.0000,8.0000,4,4,空换,S,2535.0000,0.0000,0.0000,0.0000,0.0000,2536.0000,0.0000,0.0000,0.0000,0.0000,389,0,0,0,0,81,0,0,0,0
zc,WS301,2012-06-07 09:04:37.370,2535.0000,473688,-2,0.0000,8.0000,3,5,多平,S,2535.0000,0.0000,0.0000,0.0000,0.0000,2536.0000,0.0000,0.0000,0.0000,0.0000,386,0,0,0,0,80,0,0,0,0
zc,WS301,2012-06-07 09:04:38.150,2535.0000,473688,0,0.0000,0.0000,0,0,空换,S,2535.0000,0.0000,0.0000,0.0000,0.0000,2536.0000,0.0000,0.0000,0.0000,0.0000,386,0,0,0,0,163,0,0,0,0
zc,WS301,2012-06-07 09:04:38.683,2536.0000,473678,-10,0.0000,18.0000,4,14,空平,B,2535.0000,0.0000,0.0000,0.0000,0.0000,2536.0000,0.0000,0.0000,0.0000,0.0000,386,0,0,0,0,153,0,0,0,0
zc,WS301,2012-06-07 09:04:39.370,2536.0000,473678,0,0.0000,24.0000,12,12,多换,B,2535.0000,0.0000,0.0000,0.0000,0.0000,2536.0000,0.0000,0.0000,0.0000,0.0000,386,0,0,0,0,144,0,0,0,0
zc,WS301,2012-06-07 09:04:39.870,2535.0000,473668,-10,0.0000,60.0000,25,35,多平,S,2535.0000,0.0000,0.0000,0.0000,0.0000,2536.0000,0.0000,0.0000,0.0000,0.0000,357,0,0,0,0,174,0,0,0,0
zc,WS301,2012-06-07 09:04:40.603,2535.0000,473668,0,0.0000,2.0000,1,1,空换,S,2535.0000,0.0000,0.0000,0.0000,0.0000,2536.0000,0.0000,0.0000,0.0000,0.0000,356,0,0,0,0,183,0,0,0,0
zc,WS301,2012-06-07 09:04:41.120,2536.0000,473668,0,0.0000,4.0000,2,2,多换,B,2535.0000,0.0000,0.0000,0.0000,0.0000,2536.0000,0.0000,0.0000,0.0000,0.0000,355,0,0,0,0,185,0,0,0,0
zc,WS301,2012-06-07 09:04:42.150,2536.0000,473668,0,0.0000,0.0000,0,0,多换,B,2535.0000,0.0000,0.0000,0.0000,0.0000,2536.0000,0.0000,0.0000,0.0000,0.0000,381,0,0,0,0,188,0,0,0,0
zc,WS301,2012-06-07 09:04:42.637,2535.0000,473668,0,0.0000,400.0000,200,200,空换,S,2535.0000,0.0000,0.0000,0.0000,0.0000,2536.0000,0.0000,0.0000,0.0000,0.0000,180,0,0,0,0,206,0,0,0,0
zc,WS301,2012-06-07 09:04:43.370,2535.0000,473668,0,0.0000,8.0000,4,4,空换,S,2535.0000,0.0000,0.0000,0.0000,0.0000,2536.0000,0.0000,0.0000,0.0000,0.0000,176,0,0,0,0,208,0,0,0,0
zc,WS301,2012-06-07 09:04:43.963,2534.0000,474086,418,0.0000,518.0000,468,50,空开,S,2534.0000,0.0000,0.0000,0.0000,0.0000,2535.0000,0.0000,0.0000,0.0000,0.0000,693,0,0,0,0,340,0,0,0,0
zc,WS301,2012-06-07 09:04:44.637,2534.0000,474086,0,0.0000,48.0000,24,24,空换,S,2534.0000,0.0000,0.0000,0.0000,0.0000,2535.0000,0.0000,0.0000,0.0000,0.0000,669,0,0,0,0,343,0,0,0,0
zc,WS301,2012-06-07 09:04:44.917,2535.0000,474086,0,0.0000,6.0000,3,3,多换,B,2534.0000,0.0000,0.0000,0.0000,0.0000,2535.0000,0.0000,0.0000,0.0000,0.0000,668,0,0,0,0,353,0,0,0,0
zc,WS301,2012-06-07 09:04:45.667,2535.0000,474086,0,0.0000,42.0000,21,21,多换,B,2534.0000,0.0000,0.0000,0.0000,0.0000,2535.0000,0.0000,0.0000,0.0000,0.0000,668,0,0,0,0,333,0,0,0,0
zc,WS301,2012-06-07 09:04:46.183,2534.0000,474086,0,0.0000,14.0000,7,7,空换,S,2534.0000,0.0000,0.0000,0.0000,0.0000,2535.0000,0.0000,0.0000,0.0000,0.0000,664,0,0,0,0,334,0,0,0,0
zc,WS301,2012-06-07 09:04:47.400,2534.0000,474086,0,0.0000,0.0000,0,0,空换,S,2534.0000,0.0000,0.0000,0.0000,0.0000,2535.0000,0.0000,0.0000,0.0000,0.0000,684,0,0,0,0,336,0,0,0,0
zc,WS301,2012-06-07 09:04:49.150,2535.0000,474086,0,0.0000,4.0000,2,2,多换,B,2534.0000,0.0000,0.0000,0.0000,0.0000,2535.0000,0.0000,0.0000,0.0000,0.0000,683,0,0,0,0,334,0,0,0,0
zc,WS301,2012-06-07 09:04:49.887,2534.0000,474082,-4,0.0000,6.0000,1,5,多平,S,2534.0000,0.0000,0.0000,0.0000,0.0000,2535.0000,0.0000,0.0000,0.0000,0.0000,680,0,0,0,0,340,0,0,0,0
zc,WS301,2012-06-07 09:04:50.837,2534.0000,474082,0,0.0000,40.0000,20,20,空换,S,2534.0000,0.0000,0.0000,0.0000,0.0000,2535.0000,0.0000,0.0000,0.0000,0.0000,660,0,0,0,0,341,0,0,0,0
zc,WS301,2012-06-07 09:04:51.667,2535.0000,474080,-2,0.0000,12.0000,5,7,空平,B,2534.0000,0.0000,0.0000,0.0000,0.0000,2535.0000,0.0000,0.0000,0.0000,0.0000,659,0,0,0,0,351,0,0,0,0
zc,WS301,2012-06-07 09:04:52.370,2535.0000,474080,0,0.0000,10.0000,5,5,多换,B,2534.0000,0.0000,0.0000,0.0000,0.0000,2535.0000,0.0000,0.0000,0.0000,0.0000,659,0,0,0,0,346,0,0,0,0
zc,WS301,2012-06-07 09:04:52.900,2535.0000,474080,0,0.0000,0.0000,0,0,多换,B,2534.0000,0.0000,0.0000,0.0000,0.0000,2535.0000,0.0000,0.0000,0.0000,0.0000,660,0,0,0,0,346,0,0,0,0
zc,WS301,2012-06-07 09:04:53.337,2534.0000,474082,2,0.0000,2.0000,2,0,双开,S,2534.0000,0.0000,0.0000,0.0000,0.0000,2535.0000,0.0000,0.0000,0.0000,0.0000,659,0,0,0,0,346,0,0,0,0
zc,WS301,2012-06-07 09:04:54.137,2535.0000,474082,0,0.0000,4.0000,2,2,多换,B,2534.0000,0.0000,0.0000,0.0000,0.0000,2535.0000,0.0000,0.0000,0.0000,0.0000,659,0,0,0,0,354,0,0,0,0
zc,WS301,2012-06-07 09:04:54.620,2535.0000,474082,0,0.0000,2.0000,1,1,多换,B,2534.0000,0.0000,0.0000,0.0000,0.0000,2535.0000,0.0000,0.0000,0.0000,0.0000,657,0,0,0,0,353,0,0,0,0
zc,WS301,2012-06-07 09:04:55.417,2534.0000,474082,0,0.0000,36.0000,18,18,空换,S,2534.0000,0.0000,0.0000,0.0000,0.0000,2535.0000,0.0000,0.0000,0.0000,0.0000,647,0,0,0,0,406,0,0,0,0
zc,WS301,2012-06-07 09:04:55.870,2535.0000,474082,0,0.0000,6.0000,3,3,多换,B,2534.0000,0.0000,0.0000,0.0000,0.0000,2535.0000,0.0000,0.0000,0.0000,0.0000,650,0,0,0,0,408,0,0,0,0
zc,WS301,2012-06-07 09:04:56.353,2535.0000,474080,-2,0.0000,4.0000,1,3,空平,B,2534.0000,0.0000,0.0000,0.0000,0.0000,2535.0000,0.0000,0.0000,0.0000,0.0000,651,0,0,0,0,406,0,0,0,0
zc,WS301,2012-06-07 09:04:57.620,2535.0000,474076,-4,0.0000,10.0000,3,7,空平,B,2534.0000,0.0000,0.0000,0.0000,0.0000,2535.0000,0.0000,0.0000,0.0000,0.0000,650,0,0,0,0,408,0,0,0,0
zc,WS301,2012-06-07 09:04:58.150,2535.0000,474076,0,0.0000,0.0000,0,0,多换,B,2534.0000,0.0000,0.0000,0.0000,0.0000,2535.0000,0.0000,0.0000,0.0000,0.0000,650,0,0,0,0,410,0,0,0,0
zc,WS301,2012-06-07 09:04:59.400,2535.0000,474076,0,0.0000,262.0000,131,131,多换,B,2534.0000,0.0000,0.0000,0.0000,0.0000,2535.0000,0.0000,0.0000,0.0000,0.0000,524,0,0,0,0,408,0,0,0,0
zc,WS301,2012-06-07 09:04:59.870,2534.0000,474076,0,0.0000,4.0000,2,2,空换,S,2534.0000,0.0000,0.0000,0.0000,0.0000,2535.0000,0.0000,0.0000,0.0000,0.0000,523,0,0,0,0,408,0,0,0,0
zc,WS301,2012-06-07 09:05:00.620,2535.0000,473966,-110,0.0000,110.0000,0,110,双平,B,2534.0000,0.0000,0.0000,0.0000,0.0000,2535.0000,0.0000,0.0000,0.0000,0.0000,527,0,0,0,0,356,0,0,0,0
zc,WS301,2012-06-07 09:05:01.087,2535.0000,473924,-42,0.0000,42.0000,0,42,双平,B,2534.0000,0.0000,0.0000,0.0000,0.0000,2535.0000,0.0000,0.0000,0.0000,0.0000,526,0,0,0,0,336,0,0,0,0
zc,WS301,2012-06-07 09:05:01.933,2535.0000,473884,-40,0.0000,54.0000,7,47,空平,B,2534.0000,0.0000,0.0000,0.0000,0.0000,2535.0000,0.0000,0.0000,0.0000,0.0000,521,0,0,0,0,315,0,0,0,0
zc,WS301,2012-06-07 09:05:02.637,2534.0000,473758,-126,0.0000,138.0000,6,132,多平,S,2534.0000,0.0000,0.0000,0.0000,0.0000,2535.0000,0.0000,0.0000,0.0000,0.0000,508,0,0,0,0,253,0,0,0,0
zc,WS301,2012-06-07 09:05:03.370,2535.0000,473758,0,0.0000,6.0000,3,3,多换,B,2534.0000,0.0000,0.0000,0.0000,0.0000,2535.0000,0.0000,0.0000,0.0000,0.0000,518,0,0,0,0,200,0,0,0,0
zc,WS301,2012-06-07 09:05:03.933,2535.0000,473754,-4,0.0000,50.0000,23,27,空平,B,2534.0000,0.0000,0.0000,0.0000,0.0000,2535.0000,0.0000,0.0000,0.0000,0.0000,523,0,0,0,0,191,0,0,0,0
zc,WS301,2012-06-07 09:05:04.650,2534.0000,473754,0,0.0000,600.0000,300,300,空换,S,2534.0000,0.0000,0.0000,0.0000,0.0000,2535.0000,0.0000,0.0000,0.0000,0.0000,224,0,0,0,0,191,0,0,0,0
zc,WS301,2012-06-07 09:05:05.137,2534.0000,473696,-58,0.0000,142.0000,42,100,多平,S,2534.0000,0.0000,0.0000,0.0000,0.0000,2535.0000,0.0000,0.0000,0.0000,0.0000,184,0,0,0,0,162,0,0,0,0
zc,WS301,2012-06-07 09:05:05.870,2534.0000,473682,-14,0.0000,422.0000,204,218,多平,S,2533.0000,0.0000,0.0000,0.0000,0.0000,2534.0000,0.0000,0.0000,0.0000,0.0000,104,0,0,0,0,11,0,0,0,0
zc,WS301,2012-06-07 09:05:06.353,2534.0000,473680,-2,0.0000,2.0000,0,2,双平,S,2533.0000,0.0000,0.0000,0.0000,0.0000,2534.0000,0.0000,0.0000,0.0000,0.0000,103,0,0,0,0,29,0,0,0,0
zc,WS301,2012-06-07 09:05:07.120,2533.0000,473680,0,0.0000,2.0000,1,1,空换,S,2533.0000,0.0000,0.0000,0.0000,0.0000,2534.0000,0.0000,0.0000,0.0000,0.0000,103,0,0,0,0,30,0,0,0,0
zc,WS301,2012-06-07 09:05:07.667,2534.0000,473678,-2,0.0000,2.0000,0,2,双平,B,2533.0000,0.0000,0.0000,0.0000,0.0000,2534.0000,0.0000,0.0000,0.0000,0.0000,102,0,0,0,0,52,0,0,0,0
zc,WS301,2012-06-07 09:05:08.370,2534.0000,473678,0,0.0000,4.0000,2,2,多换,B,2533.0000,0.0000,0.0000,0.0000,0.0000,2534.0000,0.0000,0.0000,0.0000,0.0000,102,0,0,0,0,71,0,0,0,0
zc,WS301,2012-06-07 09:05:08.620,2533.0000,473676,-2,0.0000,24.0000,11,13,多平,S,2533.0000,0.0000,0.0000,0.0000,0.0000,2534.0000,0.0000,0.0000,0.0000,0.0000,96,0,0,0,0,82,0,0,0,0
zc,WS301,2012-06-07 09:05:09.620,2533.0000,473670,-6,0.0000,10.0000,2,8,多平,S,2533.0000,0.0000,0.0000,0.0000,0.0000,2534.0000,0.0000,0.0000,0.0000,0.0000,93,0,0,0,0,785,0,0,0,0
zc,WS301,2012-06-07 09:05:10.167,2534.0000,473670,0,0.0000,2.0000,1,1,多换,B,2533.0000,0.0000,0.0000,0.0000,0.0000,2534.0000,0.0000,0.0000,0.0000,0.0000,93,0,0,0,0,785,0,0,0,0
zc,WS301,2012-06-07 09:05:10.603,2533.0000,473832,162,0.0000,286.0000,224,62,空开,S,2533.0000,0.0000,0.0000,0.0000,0.0000,2534.0000,0.0000,0.0000,0.0000,0.0000,56,0,0,0,0,768,0,0,0,0
zc,WS301,2012-06-07 09:05:11.400,2534.0000,473834,2,0.0000,36.0000,19,17,多开,B,2533.0000,0.0000,0.0000,0.0000,0.0000,2534.0000,0.0000,0.0000,0.0000,0.0000,101,0,0,0,0,763,0,0,0,0
zc,WS301,2012-06-07 09:05:12.137,2533.0000,473850,16,0.0000,40.0000,28,12,空开,S,2533.0000,0.0000,0.0000,0.0000,0.0000,2534.0000,0.0000,0.0000,0.0000,0.0000,81,0,0,0,0,764,0,0,0,0
zc,WS301,2012-06-07 09:05:12.637,2533.0000,473832,-18,0.0000,44.0000,13,31,多平,S,2533.0000,0.0000,0.0000,0.0000,0.0000,2534.0000,0.0000,0.0000,0.0000,0.0000,59,0,0,0,0,764,0,0,0,0
zc,WS301,2012-06-07 09:05:13.447,2533.0000,473828,-4,0.0000,4.0000,0,4,双平,S,2533.0000,0.0000,0.0000,0.0000,0.0000,2534.0000,0.0000,0.0000,0.0000,0.0000,58,0,0,0,0,764,0,0,0,0
zc,WS301,2012-06-07 09:05:13.900,2533.0000,473824,-4,0.0000,4.0000,0,4,双平,S,2533.0000,0.0000,0.0000,0.0000,0.0000,2534.0000,0.0000,0.0000,0.0000,0.0000,57,0,0,0,0,764,0,0,0,0
zc,WS301,2012-06-07 09:05:14.387,2533.0000,473788,-36,0.0000,52.0000,8,44,多平,S,2533.0000,0.0000,0.0000,0.0000,0.0000,2534.0000,0.0000,0.0000,0.0000,0.0000,49,0,0,0,0,767,0,0,0,0
zc,WS301,2012-06-07 09:05:15.120,2533.0000,473728,-60,0.0000,98.0000,19,79,多平,S,2532.0000,0.0000,0.0000,0.0000,0.0000,2533.0000,0.0000,0.0000,0.0000,0.0000,152,0,0,0,0,51,0,0,0,0
zc,WS301,2012-06-07 09:05:15.637,2533.0000,473728,0,0.0000,4.0000,2,2,空换,S,2532.0000,0.0000,0.0000,0.0000,0.0000,2533.0000,0.0000,0.0000,0.0000,0.0000,160,0,0,0,0,57,0,0,0,0
zc,WS301,2012-06-07 09:05:16.447,2534.0000,473616,-112,0.0000,116.0000,2,114,空平,B,2533.0000,0.0000,0.0000,0.0000,0.0000,2534.0000,0.0000,0.0000,0.0000,0.0000,44,0,0,0,0,767,0,0,0,0
zc,WS301,2012-06-07 09:05:16.917,2533.0000,473610,-6,0.0000,8.0000,1,7,多平,S,2533.0000,0.0000,0.0000,0.0000,0.0000,2534.0000,0.0000,0.0000,0.0000,0.0000,40,0,0,0,0,767,0,0,0,0
zc,WS301,2012-06-07 09:05:17.603,2533.0000,473610,0,0.0000,0.0000,0,0,空换,S,2533.0000,0.0000,0.0000,0.0000,0.0000,2534.0000,0.0000,0.0000,0.0000,0.0000,45,0,0,0,0,767,0,0,0,0
zc,WS301,2012-06-07 09:05:18.137,2533.0000,473530,-80,0.0000,92.0000,6,86,多平,S,2532.0000,0.0000,0.0000,0.0000,0.0000,2533.0000,0.0000,0.0000,0.0000,0.0000,151,0,0,0,0,54,0,0,0,0
zc,WS301,2012-06-07 09:05:18.837,2533.0000,473530,0,0.0000,2.0000,1,1,空换,S,2532.0000,0.0000,0.0000,0.0000,0.0000,2533.0000,0.0000,0.0000,0.0000,0.0000,151,0,0,0,0,56,0,0,0,0
zc,WS301,2012-06-07 09:05:19.887,2533.0000,473530,0,0.0000,0.0000,0,0,空换,S,2532.0000,0.0000,0.0000,0.0000,0.0000,2533.0000,0.0000,0.0000,0.0000,0.0000,152,0,0,0,0,56,0,0,0,0
zc,WS301,2012-06-07 09:05:20.353,2533.0000,473528,-2,0.0000,42.0000,20,22,多平,S,2532.0000,0.0000,0.0000,0.0000,0.0000,2533.0000,0.0000,0.0000,0.0000,0.0000,197,0,0,0,0,55,0,0,0,0
zc,WS301,2012-06-07 09:05:21.137,2532.0000,473524,-4,0.0000,8.0000,2,6,多平,S,2532.0000,0.0000,0.0000,0.0000,0.0000,2533.0000,0.0000,0.0000,0.0000,0.0000,194,0,0,0,0,54,0,0,0,0
zc,WS301,2012-06-07 09:05:21.650,2533.0000,473524,0,0.0000,104.0000,52,52,多换,B,2532.0000,0.0000,0.0000,0.0000,0.0000,2533.0000,0.0000,0.0000,0.0000,0.0000,192,0,0,0,0,4,0,0,0,0
zc,WS301,2012-06-07 09:05:22.353,2533.0000,473536,12,0.0000,20.0000,16,4,多开,B,2532.0000,0.0000,0.0000,0.0000,0.0000,2533.0000,0.0000,0.0000,0.0000,0.0000,192,0,0,0,0,2,0,0,0,0
zc,WS301,2012-06-07 09:05:23.057,2533.0000,473538,2,0.0000,2.0000,2,0,双开,B,2532.0000,0.0000,0.0000,0.0000,0.0000,2533.0000,0.0000,0.0000,0.0000,0.0000,192,0,0,0,0,1,0,0,0,0
zc,WS301,2012-06-07 09:05:23.603,2532.0000,473532,-6,0.0000,8.0000,1,7,多平,S,2532.0000,0.0000,0.0000,0.0000,0.0000,2533.0000,0.0000,0.0000,0.0000,0.0000,200,0,0,0,0,1,0,0,0,0
zc,WS301,2012-06-07 09:05:24.400,2532.0000,473532,0,0.0000,0.0000,0,0,空换,S,2532.0000,0.0000,0.0000,0.0000,0.0000,2533.0000,0.0000,0.0000,0.0000,0.0000,203,0,0,0,0,5,0,0,0,0
zc,WS301,2012-06-07 09:05:24.650,2533.0000,473532,0,0.0000,2.0000,1,1,多换,B,2532.0000,0.0000,0.0000,0.0000,0.0000,2533.0000,0.0000,0.0000,0.0000,0.0000,203,0,0,0,0,5,0,0,0,0
zc,WS301,2012-06-07 09:05:25.353,2532.0000,473512,-20,0.0000,20.0000,0,20,双平,S,2532.0000,0.0000,0.0000,0.0000,0.0000,2533.0000,0.0000,0.0000,0.0000,0.0000,199,0,0,0,0,5,0,0,0,0
zc,WS301,2012-06-07 09:05:25.887,2533.0000,473498,-14,0.0000,14.0000,0,14,双平,B,2533.0000,0.0000,0.0000,0.0000,0.0000,2534.0000,0.0000,0.0000,0.0000,0.0000,48,0,0,0,0,748,0,0,0,0
zc,WS301,2012-06-07 09:05:26.620,2533.0000,473492,-6,0.0000,12.0000,3,9,空平,B,2533.0000,0.0000,0.0000,0.0000,0.0000,2534.0000,0.0000,0.0000,0.0000,0.0000,82,0,0,0,0,750,0,0,0,0
zc,WS301,2012-06-07 09:05:27.120,2534.0000,473448,-44,0.0000,46.0000,1,45,空平,B,2533.0000,0.0000,0.0000,0.0000,0.0000,2534.0000,0.0000,0.0000,0.0000,0.0000,60,0,0,0,0,749,0,0,0,0
zc,WS301,2012-06-07 09:05:27.853,2533.0000,473418,-30,0.0000,72.0000,21,51,多平,S,2533.0000,0.0000,0.0000,0.0000,0.0000,2534.0000,0.0000,0.0000,0.0000,0.0000,24,0,0,0,0,748,0,0,0,0
zc,WS301,2012-06-07 09:05:28.353,2534.0000,473418,0,0.0000,2.0000,1,1,多换,B,2533.0000,0.0000,0.0000,0.0000,0.0000,2534.0000,0.0000,0.0000,0.0000,0.0000,29,0,0,0,0,747,0,0,0,0
zc,WS301,2012-06-07 09:05:28.853,2533.0000,473380,-38,0.0000,42.0000,2,40,多平,S,2533.0000,0.0000,0.0000,0.0000,0.0000,2534.0000,0.0000,0.0000,0.0000,0.0000,86,0,0,0,0,749,0,0,0,0
zc,WS301,2012-06-07 09:05:29.603,2533.0000,473378,-2,0.0000,12.0000,5,7,多平,S,2533.0000,0.0000,0.0000,0.0000,0.0000,2534.0000,0.0000,0.0000,0.0000,0.0000,98,0,0,0,0,754,0,0,0,0
zc,WS301,2012-06-07 09:05:30.087,2533.0000,473394,16,0.0000,22.0000,19,3,空开,S,2533.0000,0.0000,0.0000,0.0000,0.0000,2534.0000,0.0000,0.0000,0.0000,0.0000,88,0,0,0,0,755,0,0,0,0
zc,WS301,2012-06-07 09:05:30.620,2534.0000,473394,0,0.0000,8.0000,4,4,多换,B,2533.0000,0.0000,0.0000,0.0000,0.0000,2534.0000,0.0000,0.0000,0.0000,0.0000,85,0,0,0,0,754,0,0,0,0
zc,WS301,2012-06-07 09:05:31.137,2533.0000,473398,4,0.0000,32.0000,18,14,空开,S,2533.0000,0.0000,0.0000,0.0000,0.0000,2534.0000,0.0000,0.0000,0.0000,0.0000,69,0,0,0,0,755,0,0,0,0
zc,WS301,2012-06-07 09:05:31.837,2533.0000,473448,50,0.0000,52.0000,51,1,空开,S,2533.0000,0.0000,0.0000,0.0000,0.0000,2534.0000,0.0000,0.0000,0.0000,0.0000,44,0,0,0,0,754,0,0,0,0
zc,WS301,2012-06-07 09:05:32.337,2533.0000,473450,2,0.0000,2.0000,2,0,双开,S,2533.0000,0.0000,0.0000,0.0000,0.0000,2534.0000,0.0000,0.0000,0.0000,0.0000,55,0,0,0,0,755,0,0,0,0
zc,WS301,2012-06-07 09:05:32.900,2533.0000,473452,2,0.0000,20.0000,11,9,空开,S,2533.0000,0.0000,0.0000,0.0000,0.0000,2534.0000,0.0000,0.0000,0.0000,0.0000,45,0,0,0,0,755,0,0,0,0
zc,WS301,2012-06-07 09:05:34.103,2533.0000,473452,0,0.0000,64.0000,32,32,空换,S,2533.0000,0.0000,0.0000,0.0000,0.0000,2534.0000,0.0000,0.0000,0.0000,0.0000,13,0,0,0,0,757,0,0,0,0
zc,WS301,2012-06-07 09:05:34.933,2533.0000,473430,-22,0.0000,28.0000,3,25,多平,S,2532.0000,0.0000,0.0000,0.0000,0.0000,2533.0000,0.0000,0.0000,0.0000,0.0000,248,0,0,0,0,18,0,0,0,0
zc,WS301,2012-06-07 09:05:35.323,2533.0000,473430,0,0.0000,2.0000,1,1,空换,S,2532.0000,0.0000,0.0000,0.0000,0.0000,2533.0000,0.0000,0.0000,0.0000,0.0000,1248,0,0,0,0,27,0,0,0,0
zc,WS301,2012-06-07 09:05:35.870,2533.0000,473430,0,0.0000,2.0000,1,1,空换,S,2532.0000,0.0000,0.0000,0.0000,0.0000,2533.0000,0.0000,0.0000,0.0000,0.0000,1248,0,0,0,0,31,0,0,0,0
zc,WS301,2012-06-07 09:05:36.337,2533.0000,473376,-54,0.0000,64.0000,5,59,多平,S,2533.0000,0.0000,0.0000,0.0000,0.0000,2534.0000,0.0000,0.0000,0.0000,0.0000,86,0,0,0,0,760,0,0,0,0
zc,WS301,2012-06-07 09:05:37.120,2533.0000,473370,-6,0.0000,8.0000,1,7,多平,S,2533.0000,0.0000,0.0000,0.0000,0.0000,2534.0000,0.0000,0.0000,0.0000,0.0000,115,0,0,0,0,755,0,0,0,0
zc,WS301,2012-06-07 09:05:37.667,2533.0000,473368,-2,0.0000,2.0000,0,2,双平,S,2533.0000,0.0000,0.0000,0.0000,0.0000,2534.0000,0.0000,0.0000,0.0000,0.0000,208,0,0,0,0,755,0,0,0,0
zc,WS301,2012-06-07 09:05:38.417,2533.0000,473364,-4,0.0000,4.0000,0,4,双平,S,2533.0000,0.0000,0.0000,0.0000,0.0000,2534.0000,0.0000,0.0000,0.0000,0.0000,209,0,0,0,0,755,0,0,0,0
zc,WS301,2012-06-07 09:05:38.887,2533.0000,473358,-6,0.0000,6.0000,0,6,双平,S,2533.0000,0.0000,0.0000,0.0000,0.0000,2534.0000,0.0000,0.0000,0.0000,0.0000,212,0,0,0,0,755,0,0,0,0
zc,WS301,2012-06-07 09:05:40.137,2533.0000,473350,-8,0.0000,8.0000,0,8,双平,S,2533.0000,0.0000,0.0000,0.0000,0.0000,2534.0000,0.0000,0.0000,0.0000,0.0000,211,0,0,0,0,755,0,0,0,0
zc,WS301,2012-06-07 09:05:41.370,2533.0000,473348,-2,0.0000,4.0000,1,3,多平,S,2533.0000,0.0000,0.0000,0.0000,0.0000,2534.0000,0.0000,0.0000,0.0000,0.0000,209,0,0,0,0,755,0,0,0,0
zc,WS301,2012-06-07 09:05:41.853,2533.0000,473346,-2,0.0000,24.0000,11,13,多平,S,2533.0000,0.0000,0.0000,0.0000,0.0000,2534.0000,0.0000,0.0000,0.0000,0.0000,197,0,0,0,0,755,0,0,0,0
zc,WS301,2012-06-07 09:05:42.620,2533.0000,473346,0,0.0000,2.0000,1,1,空换,S,2533.0000,0.0000,0.0000,0.0000,0.0000,2534.0000,0.0000,0.0000,0.0000,0.0000,197,0,0,0,0,755,0,0,0,0
zc,WS301,2012-06-07 09:05:42.947,2533.0000,473340,-6,0.0000,6.0000,0,6,双平,S,2533.0000,0.0000,0.0000,0.0000,0.0000,2534.0000,0.0000,0.0000,0.0000,0.0000,194,0,0,0,0,755,0,0,0,0
zc,WS301,2012-06-07 09:05:43.667,2533.0000,473338,-2,0.0000,2.0000,0,2,双平,S,2533.0000,0.0000,0.0000,0.0000,0.0000,2534.0000,0.0000,0.0000,0.0000,0.0000,193,0,0,0,0,755,0,0,0,0
zc,WS301,2012-06-07 09:05:44.103,2533.0000,473314,-24,0.0000,24.0000,0,24,双平,S,2533.0000,0.0000,0.0000,0.0000,0.0000,2534.0000,0.0000,0.0000,0.0000,0.0000,187,0,0,0,0,755,0,0,0,0
zc,WS301,2012-06-07 09:05:44.887,2534.0000,473314,0,0.0000,2.0000,1,1,多换,B,2533.0000,0.0000,0.0000,0.0000,0.0000,2534.0000,0.0000,0.0000,0.0000,0.0000,187,0,0,0,0,754,0,0,0,0
zc,WS301,2012-06-07 09:05:45.353,2533.0000,473312,-2,0.0000,2.0000,0,2,双平,S,2533.0000,0.0000,0.0000,0.0000,0.0000,2534.0000,0.0000,0.0000,0.0000,0.0000,186,0,0,0,0,755,0,0,0,0
zc,WS301,2012-06-07 09:05:46.587,2534.0000,473310,-2,0.0000,4.0000,1,3,空平,B,2533.0000,0.0000,0.0000,0.0000,0.0000,2534.0000,0.0000,0.0000,0.0000,0.0000,185,0,0,0,0,754,0,0,0,0
zc,WS301,2012-06-07 09:05:47.103,2534.0000,473310,0,0.0000,0.0000,0,0,多换,B,2533.0000,0.0000,0.0000,0.0000,0.0000,2534.0000,0.0000,0.0000,0.0000,0.0000,205,0,0,0,0,754,0,0,0,0
zc,WS301,2012-06-07 09:05:47.887,2534.0000,473310,0,0.0000,0.0000,0,0,多换,B,2533.0000,0.0000,0.0000,0.0000,0.0000,2534.0000,0.0000,0.0000,0.0000,0.0000,226,0,0,0,0,754,0,0,0,0
zc,WS301,2012-06-07 09:05:48.370,2533.0000,472528,-782,0.0000,800.0000,9,791,多平,S,2533.0000,0.0000,0.0000,0.0000,0.0000,2534.0000,0.0000,0.0000,0.0000,0.0000,225,0,0,0,0,754,0,0,0,0
zc,WS301,2012-06-07 09:05:49.103,2534.0000,472430,-98,0.0000,118.0000,10,108,空平,B,2533.0000,0.0000,0.0000,0.0000,0.0000,2534.0000,0.0000,0.0000,0.0000,0.0000,265,0,0,0,0,834,0,0,0,0
zc,WS301,2012-06-07 09:05:49.683,2533.0000,472424,-6,0.0000,6.0000,0,6,双平,S,2533.0000,0.0000,0.0000,0.0000,0.0000,2534.0000,0.0000,0.0000,0.0000,0.0000,268,0,0,0,0,834,0,0,0,0
zc,WS301,2012-06-07 09:05:50.433,2533.0000,472412,-12,0.0000,12.0000,0,12,双平,S,2533.0000,0.0000,0.0000,0.0000,0.0000,2534.0000,0.0000,0.0000,0.0000,0.0000,262,0,0,0,0,835,0,0,0,0
zc,WS301,2012-06-07 09:05:51.637,2534.0000,472412,0,0.0000,6.0000,3,3,多换,B,2533.0000,0.0000,0.0000,0.0000,0.0000,2534.0000,0.0000,0.0000,0.0000,0.0000,268,0,0,0,0,832,0,0,0,0
zc,WS301,2012-06-07 09:05:51.900,2534.0000,472412,0,0.0000,0.0000,0,0,多换,B,2533.0000,0.0000,0.0000,0.0000,0.0000,2534.0000,0.0000,0.0000,0.0000,0.0000,268,0,0,0,0,836,0,0,0,0
zc,WS301,2012-06-07 09:05:52.637,2533.0000,472408,-4,0.0000,4.0000,0,4,双平,S,2533.0000,0.0000,0.0000,0.0000,0.0000,2534.0000,0.0000,0.0000,0.0000,0.0000,267,0,0,0,0,836,0,0,0,0
zc,WS301,2012-06-07 09:05:53.870,2533.0000,472382,-26,0.0000,26.0000,0,26,双平,S,2533.0000,0.0000,0.0000,0.0000,0.0000,2534.0000,0.0000,0.0000,0.0000,0.0000,255,0,0,0,0,836,0,0,0,0
zc,WS301,2012-06-07 09:05:54.337,2534.0000,472382,0,0.0000,2.0000,1,1,多换,B,2533.0000,0.0000,0.0000,0.0000,0.0000,2534.0000,0.0000,0.0000,0.0000,0.0000,255,0,0,0,0,836,0,0,0,0
zc,WS301,2012-06-07 09:05:54.870,2533.0000,472382,0,0.0000,4.0000,2,2,空换,S,2533.0000,0.0000,0.0000,0.0000,0.0000,2534.0000,0.0000,0.0000,0.0000,0.0000,253,0,0,0,0,831,0,0,0,0
zc,WS301,2012-06-07 09:05:55.650,2533.0000,472380,-2,0.0000,2.0000,0,2,双平,S,2533.0000,0.0000,0.0000,0.0000,0.0000,2534.0000,0.0000,0.0000,0.0000,0.0000,253,0,0,0,0,831,0,0,0,0
zc,WS301,2012-06-07 09:05:56.103,2533.0000,472312,-68,0.0000,140.0000,36,104,多平,S,2533.0000,0.0000,0.0000,0.0000,0.0000,2534.0000,0.0000,0.0000,0.0000,0.0000,183,0,0,0,0,832,0,0,0,0
zc,WS301,2012-06-07 09:05:57.197,2533.0000,472312,0,0.0000,24.0000,12,12,空换,S,2533.0000,0.0000,0.0000,0.0000,0.0000,2534.0000,0.0000,0.0000,0.0000,0.0000,172,0,0,0,0,832,0,0,0,0
zc,WS301,2012-06-07 09:05:57.900,2533.0000,472312,0,0.0000,8.0000,4,4,空换,S,2533.0000,0.0000,0.0000,0.0000,0.0000,2534.0000,0.0000,0.0000,0.0000,0.0000,169,0,0,0,0,831,0,0,0,0
zc,WS301,2012-06-07 09:05:58.353,2533.0000,472306,-6,0.0000,338.0000,166,172,多平,S,2532.0000,0.0000,0.0000,0.0000,0.0000,2533.0000,0.0000,0.0000,0.0000,0.0000,1487,0,0,0,0,335,0,0,0,0
zc,WS301,2012-06-07 09:05:59.137,2532.0000,472302,-4,0.0000,4.0000,0,4,双平,S,2532.0000,0.0000,0.0000,0.0000,0.0000,2533.0000,0.0000,0.0000,0.0000,0.0000,1488,0,0,0,0,336,0,0,0,0
zc,WS301,2012-06-07 09:05:59.887,2533.0000,472302,0,0.0000,4.0000,2,2,多换,B,2532.0000,0.0000,0.0000,0.0000,0.0000,2533.0000,0.0000,0.0000,0.0000,0.0000,1488,0,0,0,0,339,0,0,0,0
zc,WS301,2012-06-07 09:06:00.337,2533.0000,472302,0,0.0000,48.0000,24,24,多换,B,2532.0000,0.0000,0.0000,0.0000,0.0000,2533.0000,0.0000,0.0000,0.0000,0.0000,1488,0,0,0,0,316,0,0,0,0
zc,WS301,2012-06-07 09:06:01.650,2532.0000,472116,-186,0.0000,204.0000,9,195,多平,S,2532.0000,0.0000,0.0000,0.0000,0.0000,2533.0000,0.0000,0.0000,0.0000,0.0000,1400,0,0,0,0,427,0,0,0,0
zc,WS301,2012-06-07 09:06:02.400,2532.0000,472104,-12,0.0000,12.0000,0,12,双平,S,2532.0000,0.0000,0.0000,0.0000,0.0000,2533.0000,0.0000,0.0000,0.0000,0.0000,1394,0,0,0,0,429,0,0,0,0
zc,WS301,2012-06-07 09:06:02.853,2533.0000,472104,0,0.0000,10.0000,5,5,多换,B,2532.0000,0.0000,0.0000,0.0000,0.0000,2533.0000,0.0000,0.0000,0.0000,0.0000,1394,0,0,0,0,424,0,0,0,0
zc,WS301,2012-06-07 09:06:03.650,2533.0000,472104,0,0.0000,0.0000,0,0,多换,B,2532.0000,0.0000,0.0000,0.0000,0.0000,2533.0000,0.0000,0.0000,0.0000,0.0000,1394,0,0,0,0,425,0,0,0,0
zc,WS301,2012-06-07 09:06:04.087,2532.0000,472102,-2,0.0000,102.0000,50,52,多平,S,2532.0000,0.0000,0.0000,0.0000,0.0000,2533.0000,0.0000,0.0000,0.0000,0.0000,1393,0,0,0,0,376,0,0,0,0
zc,WS301,2012-06-07 09:06:04.587,2532.0000,472102,0,0.0000,2.0000,1,1,空换,S,2532.0000,0.0000,0.0000,0.0000,0.0000,2533.0000,0.0000,0.0000,0.0000,0.0000,1392,0,0,0,0,376,0,0,0,0
zc,WS301,2012-06-07 09:06:05.120,2532.0000,472102,0,0.0000,0.0000,0,0,空换,S,2532.0000,0.0000,0.0000,0.0000,0.0000,2533.0000,0.0000,0.0000,0.0000,0.0000,1391,0,0,0,0,178,0,0,0,0
zc,WS301,2012-06-07 09:06:05.870,2532.0000,472108,6,0.0000,18.0000,12,6,空开,S,2532.0000,0.0000,0.0000,0.0000,0.0000,2533.0000,0.0000,0.0000,0.0000,0.0000,1390,0,0,0,0,171,0,0,0,0
