市场代码,合约代码,时间,最新,持仓,增仓,成交额,成交量,开仓,平仓,成交类型,方向,买一价,买二价,买三价,买四价,买五价,卖一价,卖二价,卖三价,卖四价,卖五价,买一量,买二量,买三量,买四量,买五量,卖一量,卖二量,卖三量,卖四量,卖五量
zc,TA209,2012-06-14 08:55:00.877,0.0000,534144,0,0.0000,0.0000,0,0,空换,S,0.0000,0.0000,0.0000,0.0000,0.0000,0.0000,0.0000,0.0000,0.0000,0.0000,0,0,0,0,0,0,0,0,0,0
zc,TA209,2012-06-14 08:55:01.627,0.0000,534144,0,0.0000,0.0000,0,0,空换,S,0.0000,0.0000,0.0000,0.0000,0.0000,0.0000,0.0000,0.0000,0.0000,0.0000,0,0,0,0,0,0,0,0,0,0
zc,TA209,2012-06-14 08:55:02.143,0.0000,534144,0,0.0000,0.0000,0,0,空换,S,0.0000,0.0000,0.0000,0.0000,0.0000,0.0000,0.0000,0.0000,0.0000,0.0000,0,0,0,0,0,0,0,0,0,0
zc,TA209,2012-06-14 08:55:17.610,0.0000,534144,0,0.0000,0.0000,0,0,空换,S,0.0000,0.0000,0.0000,0.0000,0.0000,0.0000,0.0000,0.0000,0.0000,0.0000,0,0,0,0,0,0,0,0,0,0
zc,TA209,2012-06-14 08:55:20.360,0.0000,534144,0,0.0000,0.0000,0,0,空换,S,0.0000,0.0000,0.0000,0.0000,0.0000,0.0000,0.0000,0.0000,0.0000,0.0000,0,0,0,0,0,0,0,0,0,0
zc,TA209,2012-06-14 08:55:28.360,0.0000,534144,0,0.0000,0.0000,0,0,空换,S,0.0000,0.0000,0.0000,0.0000,0.0000,0.0000,0.0000,0.0000,0.0000,0.0000,0,0,0,0,0,0,0,0,0,0
zc,TA209,2012-06-14 08:55:30.127,0.0000,534144,0,0.0000,0.0000,0,0,空换,S,0.0000,0.0000,0.0000,0.0000,0.0000,0.0000,0.0000,0.0000,0.0000,0.0000,0,0,0,0,0,0,0,0,0,0
zc,TA209,2012-06-14 08:57:02.877,0.0000,534144,0,0.0000,0.0000,0,0,空换,S,0.0000,0.0000,0.0000,0.0000,0.0000,0.0000,0.0000,0.0000,0.0000,0.0000,0,0,0,0,0,0,0,0,0,0
zc,TA209,2012-06-14 08:57:14.360,0.0000,534144,0,0.0000,0.0000,0,0,空换,S,0.0000,0.0000,0.0000,0.0000,0.0000,0.0000,0.0000,0.0000,0.0000,0.0000,0,0,0,0,0,0,0,0,0,0
zc,TA209,2012-06-14 08:57:18.610,0.0000,534144,0,0.0000,0.0000,0,0,空换,S,0.0000,0.0000,0.0000,0.0000,0.0000,0.0000,0.0000,0.0000,0.0000,0.0000,0,0,0,0,0,0,0,0,0,0
zc,TA209,2012-06-14 08:57:25.860,0.0000,534144,0,0.0000,0.0000,0,0,空换,S,0.0000,0.0000,0.0000,0.0000,0.0000,0.0000,0.0000,0.0000,0.0000,0.0000,0,0,0,0,0,0,0,0,0,0
zc,TA209,2012-06-14 08:57:27.360,0.0000,534144,0,0.0000,0.0000,0,0,空换,S,0.0000,0.0000,0.0000,0.0000,0.0000,0.0000,0.0000,0.0000,0.0000,0.0000,0,0,0,0,0,0,0,0,0,0
zc,TA209,2012-06-14 08:57:30.110,0.0000,534144,0,0.0000,0.0000,0,0,空换,S,0.0000,0.0000,0.0000,0.0000,0.0000,0.0000,0.0000,0.0000,0.0000,0.0000,0,0,0,0,0,0,0,0,0,0
zc,TA209,2012-06-14 08:57:37.610,0.0000,534144,0,0.0000,0.0000,0,0,空换,S,0.0000,0.0000,0.0000,0.0000,0.0000,0.0000,0.0000,0.0000,0.0000,0.0000,0,0,0,0,0,0,0,0,0,0
zc,TA209,2012-06-14 08:57:39.860,0.0000,534144,0,0.0000,0.0000,0,0,空换,S,0.0000,0.0000,0.0000,0.0000,0.0000,0.0000,0.0000,0.0000,0.0000,0.0000,0,0,0,0,0,0,0,0,0,0
zc,TA209,2012-06-14 08:57:46.360,0.0000,534144,0,0.0000,0.0000,0,0,空换,S,0.0000,0.0000,0.0000,0.0000,0.0000,0.0000,0.0000,0.0000,0.0000,0.0000,0,0,0,0,0,0,0,0,0,0
zc,TA209,2012-06-14 08:57:49.610,0.0000,534144,0,0.0000,0.0000,0,0,空换,S,0.0000,0.0000,0.0000,0.0000,0.0000,0.0000,0.0000,0.0000,0.0000,0.0000,0,0,0,0,0,0,0,0,0,0
zc,TA209,2012-06-14 08:58:21.360,0.0000,534144,0,0.0000,0.0000,0,0,空换,S,0.0000,0.0000,0.0000,0.0000,0.0000,0.0000,0.0000,0.0000,0.0000,0.0000,0,0,0,0,0,0,0,0,0,0
zc,TA209,2012-06-14 08:58:48.860,0.0000,534144,0,0.0000,0.0000,0,0,空换,S,0.0000,0.0000,0.0000,0.0000,0.0000,0.0000,0.0000,0.0000,0.0000,0.0000,0,0,0,0,0,0,0,0,0,0
zc,TA209,2012-06-14 08:59:02.080,7008.0000,533692,-452,0.0000,2636.0000,1092,1544,空平,B,7006.0000,0.0000,0.0000,0.0000,0.0000,7008.0000,0.0000,0.0000,0.0000,0.0000,111,0,0,0,0,142,0,0,0,0
zc,TA209,2012-06-14 09:00:01.533,7008.0000,533536,-156,0.0000,508.0000,176,332,空平,B,7008.0000,0.0000,0.0000,0.0000,0.0000,7010.0000,0.0000,0.0000,0.0000,0.0000,31,0,0,0,0,159,0,0,0,0
zc,TA209,2012-06-14 09:00:02.317,7008.0000,533510,-26,0.0000,432.0000,203,229,空平,B,7008.0000,0.0000,0.0000,0.0000,0.0000,7010.0000,0.0000,0.0000,0.0000,0.0000,237,0,0,0,0,143,0,0,0,0
zc,TA209,2012-06-14 09:00:03.283,7010.0000,533658,148,0.0000,638.0000,393,245,多开,B,7008.0000,0.0000,0.0000,0.0000,0.0000,7010.0000,0.0000,0.0000,0.0000,0.0000,261,0,0,0,0,15,0,0,0,0
zc,TA209,2012-06-14 09:00:03.753,7010.0000,533658,0,0.0000,280.0000,140,140,多换,B,7010.0000,0.0000,0.0000,0.0000,0.0000,7012.0000,0.0000,0.0000,0.0000,0.0000,236,0,0,0,0,63,0,0,0,0
zc,TA209,2012-06-14 09:00:04.487,7010.0000,533302,-356,0.0000,460.0000,52,408,空平,B,7010.0000,0.0000,0.0000,0.0000,0.0000,7016.0000,0.0000,0.0000,0.0000,0.0000,270,0,0,0,0,378,0,0,0,0
zc,TA209,2012-06-14 09:00:05.033,7010.0000,533042,-260,0.0000,278.0000,9,269,空平,B,7010.0000,0.0000,0.0000,0.0000,0.0000,7014.0000,0.0000,0.0000,0.0000,0.0000,227,0,0,0,0,102,0,0,0,0
zc,TA209,2012-06-14 09:00:05.487,7012.0000,533064,22,0.0000,120.0000,71,49,多开,B,7012.0000,0.0000,0.0000,0.0000,0.0000,7014.0000,0.0000,0.0000,0.0000,0.0000,40,0,0,0,0,182,0,0,0,0
zc,TA209,2012-06-14 09:00:06.470,7012.0000,533108,44,0.0000,174.0000,109,65,多开,B,7012.0000,0.0000,0.0000,0.0000,0.0000,7014.0000,0.0000,0.0000,0.0000,0.0000,23,0,0,0,0,158,0,0,0,0
zc,TA209,2012-06-14 09:00:07.033,7014.0000,532930,-178,0.0000,510.0000,166,344,空平,B,7014.0000,0.0000,0.0000,0.0000,0.0000,7016.0000,0.0000,0.0000,0.0000,0.0000,190,0,0,0,0,370,0,0,0,0
zc,TA209,2012-06-14 09:00:07.753,7016.0000,532924,-6,0.0000,36.0000,15,21,空平,B,7014.0000,0.0000,0.0000,0.0000,0.0000,7016.0000,0.0000,0.0000,0.0000,0.0000,195,0,0,0,0,367,0,0,0,0
zc,TA209,2012-06-14 09:00:08.267,7016.0000,532836,-88,0.0000,238.0000,75,163,空平,B,7014.0000,0.0000,0.0000,0.0000,0.0000,7016.0000,0.0000,0.0000,0.0000,0.0000,112,0,0,0,0,351,0,0,0,0
zc,TA209,2012-06-14 09:00:09.003,7014.0000,532710,-126,0.0000,400.0000,137,263,多平,S,7014.0000,0.0000,0.0000,0.0000,0.0000,7016.0000,0.0000,0.0000,0.0000,0.0000,84,0,0,0,0,180,0,0,0,0
zc,TA209,2012-06-14 09:00:09.720,7016.0000,532652,-58,0.0000,266.0000,104,162,空平,B,7014.0000,0.0000,0.0000,0.0000,0.0000,7016.0000,0.0000,0.0000,0.0000,0.0000,51,0,0,0,0,82,0,0,0,0
zc,TA209,2012-06-14 09:00:10.220,7016.0000,532614,-38,0.0000,154.0000,58,96,空平,B,7014.0000,0.0000,0.0000,0.0000,0.0000,7016.0000,0.0000,0.0000,0.0000,0.0000,66,0,0,0,0,58,0,0,0,0
zc,TA209,2012-06-14 09:00:11.017,7016.0000,532518,-96,0.0000,218.0000,61,157,空平,B,7016.0000,0.0000,0.0000,0.0000,0.0000,7018.0000,0.0000,0.0000,0.0000,0.0000,430,0,0,0,0,94,0,0,0,0
zc,TA209,2012-06-14 09:00:11.487,7018.0000,532378,-140,0.0000,404.0000,132,272,空平,B,7016.0000,0.0000,0.0000,0.0000,0.0000,7018.0000,0.0000,0.0000,0.0000,0.0000,416,0,0,0,0,27,0,0,0,0
zc,TA209,2012-06-14 09:00:12.253,7018.0000,532390,12,0.0000,162.0000,87,75,多开,B,7018.0000,0.0000,0.0000,0.0000,0.0000,7020.0000,0.0000,0.0000,0.0000,0.0000,264,0,0,0,0,150,0,0,0,0
zc,TA209,2012-06-14 09:00:12.957,7018.0000,532430,40,0.0000,106.0000,73,33,多开,B,7018.0000,0.0000,0.0000,0.0000,0.0000,7020.0000,0.0000,0.0000,0.0000,0.0000,271,0,0,0,0,127,0,0,0,0
zc,TA209,2012-06-14 09:00:13.457,7018.0000,532468,38,0.0000,40.0000,39,1,多开,B,7018.0000,0.0000,0.0000,0.0000,0.0000,7020.0000,0.0000,0.0000,0.0000,0.0000,269,0,0,0,0,110,0,0,0,0
zc,TA209,2012-06-14 09:00:14.237,7020.0000,532428,-40,0.0000,270.0000,115,155,空平,B,7018.0000,0.0000,0.0000,0.0000,0.0000,7020.0000,0.0000,0.0000,0.0000,0.0000,73,0,0,0,0,8,0,0,0,0
zc,TA209,2012-06-14 09:00:14.737,7020.0000,532476,48,0.0000,64.0000,56,8,多开,B,7020.0000,0.0000,0.0000,0.0000,0.0000,7022.0000,0.0000,0.0000,0.0000,0.0000,165,0,0,0,0,29,0,0,0,0
zc,TA209,2012-06-14 09:00:15.503,7022.0000,532502,26,0.0000,78.0000,52,26,多开,B,7022.0000,0.0000,0.0000,0.0000,0.0000,7024.0000,0.0000,0.0000,0.0000,0.0000,10,0,0,0,0,123,0,0,0,0
zc,TA209,2012-06-14 09:00:15.987,7020.0000,532518,16,0.0000,52.0000,34,18,空开,S,7020.0000,0.0000,0.0000,0.0000,0.0000,7024.0000,0.0000,0.0000,0.0000,0.0000,176,0,0,0,0,121,0,0,0,0
zc,TA209,2012-06-14 09:00:16.783,7022.0000,532604,86,0.0000,348.0000,217,131,多开,B,7020.0000,0.0000,0.0000,0.0000,0.0000,7022.0000,0.0000,0.0000,0.0000,0.0000,43,0,0,0,0,39,0,0,0,0
zc,TA209,2012-06-14 09:00:17.487,7022.0000,532414,-190,0.0000,300.0000,55,245,空平,B,7020.0000,0.0000,0.0000,0.0000,0.0000,7022.0000,0.0000,0.0000,0.0000,0.0000,41,0,0,0,0,39,0,0,0,0
zc,TA209,2012-06-14 09:00:18.220,7020.0000,532314,-100,0.0000,152.0000,26,126,多平,S,7020.0000,0.0000,0.0000,0.0000,0.0000,7022.0000,0.0000,0.0000,0.0000,0.0000,25,0,0,0,0,209,0,0,0,0
zc,TA209,2012-06-14 09:00:18.737,7018.0000,532292,-22,0.0000,110.0000,44,66,多平,S,7018.0000,0.0000,0.0000,0.0000,0.0000,7020.0000,0.0000,0.0000,0.0000,0.0000,272,0,0,0,0,30,0,0,0,0
zc,TA209,2012-06-14 09:00:19.457,7020.0000,532286,-6,0.0000,362.0000,178,184,空平,B,7018.0000,0.0000,0.0000,0.0000,0.0000,7020.0000,0.0000,0.0000,0.0000,0.0000,121,0,0,0,0,17,0,0,0,0
zc,TA209,2012-06-14 09:00:20.283,7016.0000,532116,-170,0.0000,350.0000,90,260,多平,S,7016.0000,0.0000,0.0000,0.0000,0.0000,7018.0000,0.0000,0.0000,0.0000,0.0000,833,0,0,0,0,102,0,0,0,0
zc,TA209,2012-06-14 09:00:20.720,7016.0000,532080,-36,0.0000,44.0000,4,40,多平,S,7016.0000,0.0000,0.0000,0.0000,0.0000,7018.0000,0.0000,0.0000,0.0000,0.0000,830,0,0,0,0,166,0,0,0,0
zc,TA209,2012-06-14 09:00:21.470,7018.0000,531964,-116,0.0000,148.0000,16,132,空平,B,7016.0000,0.0000,0.0000,0.0000,0.0000,7018.0000,0.0000,0.0000,0.0000,0.0000,822,0,0,0,0,127,0,0,0,0
zc,TA209,2012-06-14 09:00:22.253,7016.0000,531916,-48,0.0000,120.0000,36,84,多平,S,7016.0000,0.0000,0.0000,0.0000,0.0000,7018.0000,0.0000,0.0000,0.0000,0.0000,773,0,0,0,0,117,0,0,0,0
zc,TA209,2012-06-14 09:00:23.003,7016.0000,531906,-10,0.0000,88.0000,39,49,多平,S,7016.0000,0.0000,0.0000,0.0000,0.0000,7018.0000,0.0000,0.0000,0.0000,0.0000,753,0,0,0,0,93,0,0,0,0
zc,TA209,2012-06-14 09:00:23.487,7016.0000,531528,-378,0.0000,408.0000,15,393,多平,S,7016.0000,0.0000,0.0000,0.0000,0.0000,7018.0000,0.0000,0.0000,0.0000,0.0000,557,0,0,0,0,139,0,0,0,0
zc,TA209,2012-06-14 09:00:24.533,7016.0000,531174,-354,0.0000,1190.0000,418,772,多平,S,7014.0000,0.0000,0.0000,0.0000,0.0000,7016.0000,0.0000,0.0000,0.0000,0.0000,116,0,0,0,0,101,0,0,0,0
zc,TA209,2012-06-14 09:00:25.003,7014.0000,531242,68,0.0000,300.0000,184,116,空开,S,7012.0000,0.0000,0.0000,0.0000,0.0000,7014.0000,0.0000,0.0000,0.0000,0.0000,53,0,0,0,0,196,0,0,0,0
zc,TA209,2012-06-14 09:00:29.300,7012.0000,531536,294,0.0000,1882.0000,1088,794,空开,S,7008.0000,0.0000,0.0000,0.0000,0.0000,7012.0000,0.0000,0.0000,0.0000,0.0000,38,0,0,0,0,44,0,0,0,0
zc,TA209,2012-06-14 09:00:30.017,7010.0000,531484,-52,0.0000,74.0000,11,63,多平,S,7010.0000,0.0000,0.0000,0.0000,0.0000,7012.0000,0.0000,0.0000,0.0000,0.0000,56,0,0,0,0,43,0,0,0,0
zc,TA209,2012-06-14 09:00:30.517,7012.0000,531480,-4,0.0000,144.0000,70,74,空平,B,7012.0000,0.0000,0.0000,0.0000,0.0000,7014.0000,0.0000,0.0000,0.0000,0.0000,90,0,0,0,0,278,0,0,0,0
zc,TA209,2012-06-14 09:00:31.207,7012.0000,531460,-20,0.0000,136.0000,58,78,空平,B,7012.0000,0.0000,0.0000,0.0000,0.0000,7014.0000,0.0000,0.0000,0.0000,0.0000,76,0,0,0,0,225,0,0,0,0
zc,TA209,2012-06-14 09:00:31.737,7012.0000,531440,-20,0.0000,162.0000,71,91,空平,B,7012.0000,0.0000,0.0000,0.0000,0.0000,7014.0000,0.0000,0.0000,0.0000,0.0000,89,0,0,0,0,207,0,0,0,0
zc,TA209,2012-06-14 09:00:32.487,7012.0000,531486,46,0.0000,92.0000,69,23,多开,B,7012.0000,0.0000,0.0000,0.0000,0.0000,7014.0000,0.0000,0.0000,0.0000,0.0000,92,0,0,0,0,195,0,0,0,0
zc,TA209,2012-06-14 09:00:32.940,7014.0000,531438,-48,0.0000,354.0000,153,201,空平,B,7012.0000,0.0000,0.0000,0.0000,0.0000,7014.0000,0.0000,0.0000,0.0000,0.0000,31,0,0,0,0,95,0,0,0,0
zc,TA209,2012-06-14 09:00:33.783,7014.0000,531274,-164,0.0000,260.0000,48,212,空平,B,7014.0000,0.0000,0.0000,0.0000,0.0000,7016.0000,0.0000,0.0000,0.0000,0.0000,36,0,0,0,0,409,0,0,0,0
zc,TA209,2012-06-14 09:00:34.470,7012.0000,531286,12,0.0000,90.0000,51,39,空开,S,7014.0000,0.0000,0.0000,0.0000,0.0000,7016.0000,0.0000,0.0000,0.0000,0.0000,5,0,0,0,0,409,0,0,0,0
zc,TA209,2012-06-14 09:00:35.190,7012.0000,531282,-4,0.0000,58.0000,27,31,多平,S,7012.0000,0.0000,0.0000,0.0000,0.0000,7014.0000,0.0000,0.0000,0.0000,0.0000,150,0,0,0,0,51,0,0,0,0
zc,TA209,2012-06-14 09:00:35.720,7012.0000,531276,-6,0.0000,188.0000,91,97,多平,S,7012.0000,0.0000,0.0000,0.0000,0.0000,7014.0000,0.0000,0.0000,0.0000,0.0000,108,0,0,0,0,81,0,0,0,0
zc,TA209,2012-06-14 09:00:36.470,7012.0000,531196,-80,0.0000,138.0000,29,109,多平,S,7012.0000,0.0000,0.0000,0.0000,0.0000,7014.0000,0.0000,0.0000,0.0000,0.0000,94,0,0,0,0,87,0,0,0,0
zc,TA209,2012-06-14 09:00:37.003,7012.0000,531212,16,0.0000,168.0000,92,76,空开,S,7012.0000,0.0000,0.0000,0.0000,0.0000,7014.0000,0.0000,0.0000,0.0000,0.0000,52,0,0,0,0,99,0,0,0,0
zc,TA209,2012-06-14 09:00:37.707,7014.0000,531226,14,0.0000,52.0000,33,19,多开,B,7012.0000,0.0000,0.0000,0.0000,0.0000,7014.0000,0.0000,0.0000,0.0000,0.0000,110,0,0,0,0,125,0,0,0,0
zc,TA209,2012-06-14 09:00:38.207,7012.0000,531164,-62,0.0000,302.0000,120,182,多平,S,7010.0000,0.0000,0.0000,0.0000,0.0000,7012.0000,0.0000,0.0000,0.0000,0.0000,263,0,0,0,0,95,0,0,0,0
zc,TA209,2012-06-14 09:00:38.970,7010.0000,531226,62,0.0000,154.0000,108,46,空开,S,7010.0000,0.0000,0.0000,0.0000,0.0000,7012.0000,0.0000,0.0000,0.0000,0.0000,209,0,0,0,0,278,0,0,0,0
zc,TA209,2012-06-14 09:00:39.470,7010.0000,531318,92,0.0000,94.0000,93,1,空开,S,7010.0000,0.0000,0.0000,0.0000,0.0000,7012.0000,0.0000,0.0000,0.0000,0.0000,164,0,0,0,0,275,0,0,0,0
zc,TA209,2012-06-14 09:00:40.533,7012.0000,531390,72,0.0000,640.0000,356,284,多开,B,7008.0000,0.0000,0.0000,0.0000,0.0000,7010.0000,0.0000,0.0000,0.0000,0.0000,264,0,0,0,0,1,0,0,0,0
zc,TA209,2012-06-14 09:00:40.720,7010.0000,531404,14,0.0000,50.0000,32,18,空开,S,7008.0000,0.0000,0.0000,0.0000,0.0000,7010.0000,0.0000,0.0000,0.0000,0.0000,265,0,0,0,0,66,0,0,0,0
zc,TA209,2012-06-14 09:00:41.503,7010.0000,531442,38,0.0000,42.0000,40,2,空开,S,7008.0000,0.0000,0.0000,0.0000,0.0000,7010.0000,0.0000,0.0000,0.0000,0.0000,268,0,0,0,0,118,0,0,0,0
zc,TA209,2012-06-14 09:00:42.017,7010.0000,531448,6,0.0000,92.0000,49,43,空开,S,7008.0000,0.0000,0.0000,0.0000,0.0000,7010.0000,0.0000,0.0000,0.0000,0.0000,252,0,0,0,0,126,0,0,0,0
zc,TA209,2012-06-14 09:00:42.690,7010.0000,531464,16,0.0000,110.0000,63,47,空开,S,7008.0000,0.0000,0.0000,0.0000,0.0000,7010.0000,0.0000,0.0000,0.0000,0.0000,207,0,0,0,0,150,0,0,0,0
zc,TA209,2012-06-14 09:00:43.470,7010.0000,531518,54,0.0000,88.0000,71,17,空开,S,7008.0000,0.0000,0.0000,0.0000,0.0000,7010.0000,0.0000,0.0000,0.0000,0.0000,167,0,0,0,0,153,0,0,0,0
zc,TA209,2012-06-14 09:00:44.237,7008.0000,531276,-242,0.0000,342.0000,50,292,多平,S,7008.0000,0.0000,0.0000,0.0000,0.0000,7010.0000,0.0000,0.0000,0.0000,0.0000,9,0,0,0,0,144,0,0,0,0
zc,TA209,2012-06-14 09:00:44.707,7010.0000,531014,-262,0.0000,436.0000,87,349,空平,B,7008.0000,0.0000,0.0000,0.0000,0.0000,7012.0000,0.0000,0.0000,0.0000,0.0000,104,0,0,0,0,96,0,0,0,0
zc,TA209,2012-06-14 09:00:45.487,7010.0000,530944,-70,0.0000,202.0000,66,136,空平,B,7010.0000,0.0000,0.0000,0.0000,0.0000,7012.0000,0.0000,0.0000,0.0000,0.0000,22,0,0,0,0,89,0,0,0,0
zc,TA209,2012-06-14 09:00:45.940,7010.0000,530984,40,0.0000,100.0000,70,30,多开,B,7010.0000,0.0000,0.0000,0.0000,0.0000,7012.0000,0.0000,0.0000,0.0000,0.0000,88,0,0,0,0,77,0,0,0,0
zc,TA209,2012-06-14 09:00:46.657,7010.0000,531006,22,0.0000,44.0000,33,11,多开,B,7010.0000,0.0000,0.0000,0.0000,0.0000,7012.0000,0.0000,0.0000,0.0000,0.0000,221,0,0,0,0,79,0,0,0,0
zc,TA209,2012-06-14 09:00:47.237,7010.0000,531022,16,0.0000,16.0000,16,0,双开,B,7010.0000,0.0000,0.0000,0.0000,0.0000,7012.0000,0.0000,0.0000,0.0000,0.0000,216,0,0,0,0,84,0,0,0,0
zc,TA209,2012-06-14 09:00:47.707,7012.0000,530936,-86,0.0000,208.0000,61,147,空平,B,7012.0000,0.0000,0.0000,0.0000,0.0000,7014.0000,0.0000,0.0000,0.0000,0.0000,176,0,0,0,0,100,0,0,0,0
zc,TA209,2012-06-14 09:00:48.503,7012.0000,530934,-2,0.0000,34.0000,16,18,空平,B,7012.0000,0.0000,0.0000,0.0000,0.0000,7014.0000,0.0000,0.0000,0.0000,0.0000,190,0,0,0,0,109,0,0,0,0
zc,TA209,2012-06-14 09:00:49.737,7012.0000,530922,-12,0.0000,84.0000,36,48,空平,B,7012.0000,0.0000,0.0000,0.0000,0.0000,7014.0000,0.0000,0.0000,0.0000,0.0000,125,0,0,0,0,108,0,0,0,0
zc,TA209,2012-06-14 09:00:50.253,7012.0000,530948,26,0.0000,266.0000,146,120,多开,B,7010.0000,0.0000,0.0000,0.0000,0.0000,7012.0000,0.0000,0.0000,0.0000,0.0000,159,0,0,0,0,94,0,0,0,0
zc,TA209,2012-06-14 09:00:50.940,7012.0000,530954,6,0.0000,14.0000,10,4,多开,B,7010.0000,0.0000,0.0000,0.0000,0.0000,7012.0000,0.0000,0.0000,0.0000,0.0000,248,0,0,0,0,105,0,0,0,0
zc,TA209,2012-06-14 09:00:51.503,7010.0000,530952,-2,0.0000,26.0000,12,14,多平,S,7010.0000,0.0000,0.0000,0.0000,0.0000,7012.0000,0.0000,0.0000,0.0000,0.0000,241,0,0,0,0,110,0,0,0,0
zc,TA209,2012-06-14 09:00:52.253,7010.0000,530972,20,0.0000,492.0000,256,236,空开,S,7010.0000,0.0000,0.0000,0.0000,0.0000,7012.0000,0.0000,0.0000,0.0000,0.0000,149,0,0,0,0,1,0,0,0,0
zc,TA209,2012-06-14 09:00:52.767,7010.0000,530872,-100,0.0000,162.0000,31,131,多平,S,7010.0000,0.0000,0.0000,0.0000,0.0000,7012.0000,0.0000,0.0000,0.0000,0.0000,82,0,0,0,0,64,0,0,0,0
zc,TA209,2012-06-14 09:00:53.503,7012.0000,530870,-2,0.0000,222.0000,110,112,空平,B,7012.0000,0.0000,0.0000,0.0000,0.0000,7014.0000,0.0000,0.0000,0.0000,0.0000,86,0,0,0,0,40,0,0,0,0
zc,TA209,2012-06-14 09:00:54.003,7012.0000,530840,-30,0.0000,90.0000,30,60,空平,B,7012.0000,0.0000,0.0000,0.0000,0.0000,7014.0000,0.0000,0.0000,0.0000,0.0000,81,0,0,0,0,38,0,0,0,0
zc,TA209,2012-06-14 09:00:54.707,7012.0000,530846,6,0.0000,6.0000,6,0,双开,B,7012.0000,0.0000,0.0000,0.0000,0.0000,7014.0000,0.0000,0.0000,0.0000,0.0000,81,0,0,0,0,298,0,0,0,0
zc,TA209,2012-06-14 09:00:55.220,7012.0000,530952,106,0.0000,150.0000,128,22,多开,B,7012.0000,0.0000,0.0000,0.0000,0.0000,7014.0000,0.0000,0.0000,0.0000,0.0000,28,0,0,0,0,323,0,0,0,0
zc,TA209,2012-06-14 09:00:55.970,7012.0000,531024,72,0.0000,80.0000,76,4,多开,B,7010.0000,0.0000,0.0000,0.0000,0.0000,7012.0000,0.0000,0.0000,0.0000,0.0000,112,0,0,0,0,88,0,0,0,0
zc,TA209,2012-06-14 09:00:56.440,7010.0000,531076,52,0.0000,60.0000,56,4,空开,S,7010.0000,0.0000,0.0000,0.0000,0.0000,7012.0000,0.0000,0.0000,0.0000,0.0000,259,0,0,0,0,122,0,0,0,0
zc,TA209,2012-06-14 09:00:57.220,7012.0000,530966,-110,0.0000,194.0000,42,152,空平,B,7010.0000,0.0000,0.0000,0.0000,0.0000,7012.0000,0.0000,0.0000,0.0000,0.0000,328,0,0,0,0,114,0,0,0,0
zc,TA209,2012-06-14 09:00:57.720,7012.0000,530928,-38,0.0000,356.0000,159,197,空平,B,7010.0000,0.0000,0.0000,0.0000,0.0000,7012.0000,0.0000,0.0000,0.0000,0.0000,324,0,0,0,0,94,0,0,0,0
zc,TA209,2012-06-14 09:00:58.440,7012.0000,530944,16,0.0000,298.0000,157,141,多开,B,7010.0000,0.0000,0.0000,0.0000,0.0000,7012.0000,0.0000,0.0000,0.0000,0.0000,394,0,0,0,0,9,0,0,0,0
zc,TA209,2012-06-14 09:00:59.003,7012.0000,530972,28,0.0000,36.0000,32,4,多开,B,7012.0000,0.0000,0.0000,0.0000,0.0000,7014.0000,0.0000,0.0000,0.0000,0.0000,1,0,0,0,0,461,0,0,0,0
zc,TA209,2012-06-14 09:00:59.457,7012.0000,530970,-2,0.0000,4.0000,1,3,空平,B,7012.0000,0.0000,0.0000,0.0000,0.0000,7014.0000,0.0000,0.0000,0.0000,0.0000,103,0,0,0,0,461,0,0,0,0
zc,TA209,2012-06-14 09:01:00.207,7012.0000,530918,-52,0.0000,180.0000,64,116,空平,B,7012.0000,0.0000,0.0000,0.0000,0.0000,7014.0000,0.0000,0.0000,0.0000,0.0000,134,0,0,0,0,460,0,0,0,0
zc,TA209,2012-06-14 09:01:00.720,7012.0000,530884,-34,0.0000,42.0000,4,38,空平,B,7012.0000,0.0000,0.0000,0.0000,0.0000,7014.0000,0.0000,0.0000,0.0000,0.0000,134,0,0,0,0,457,0,0,0,0
zc,TA209,2012-06-14 09:01:01.457,7010.0000,531504,620,0.0000,1126.0000,873,253,空开,S,7010.0000,0.0000,0.0000,0.0000,0.0000,7014.0000,0.0000,0.0000,0.0000,0.0000,92,0,0,0,0,471,0,0,0,0
zc,TA209,2012-06-14 09:01:01.940,7012.0000,531494,-10,0.0000,48.0000,19,29,空平,B,7010.0000,0.0000,0.0000,0.0000,0.0000,7014.0000,0.0000,0.0000,0.0000,0.0000,97,0,0,0,0,473,0,0,0,0
zc,TA209,2012-06-14 09:01:03.253,7012.0000,531472,-22,0.0000,236.0000,107,129,空平,B,7012.0000,0.0000,0.0000,0.0000,0.0000,7014.0000,0.0000,0.0000,0.0000,0.0000,30,0,0,0,0,497,0,0,0,0
zc,TA209,2012-06-14 09:01:03.970,7012.0000,531520,48,0.0000,190.0000,119,71,多开,B,7012.0000,0.0000,0.0000,0.0000,0.0000,7014.0000,0.0000,0.0000,0.0000,0.0000,10,0,0,0,0,498,0,0,0,0
zc,TA209,2012-06-14 09:01:04.737,7012.0000,531510,-10,0.0000,46.0000,18,28,空平,B,7012.0000,0.0000,0.0000,0.0000,0.0000,7014.0000,0.0000,0.0000,0.0000,0.0000,58,0,0,0,0,493,0,0,0,0
zc,TA209,2012-06-14 09:01:05.440,7010.0000,531524,14,0.0000,274.0000,144,130,空开,S,7010.0000,0.0000,0.0000,0.0000,0.0000,7012.0000,0.0000,0.0000,0.0000,0.0000,152,0,0,0,0,70,0,0,0,0
zc,TA209,2012-06-14 09:01:05.690,7012.0000,531524,0,0.0000,2.0000,1,1,多换,B,7010.0000,0.0000,0.0000,0.0000,0.0000,7012.0000,0.0000,0.0000,0.0000,0.0000,153,0,0,0,0,91,0,0,0,0
zc,TA209,2012-06-14 09:01:06.440,7010.0000,531542,18,0.0000,20.0000,19,1,空开,S,7010.0000,0.0000,0.0000,0.0000,0.0000,7012.0000,0.0000,0.0000,0.0000,0.0000,248,0,0,0,0,149,0,0,0,0
zc,TA209,2012-06-14 09:01:06.940,7012.0000,531406,-136,0.0000,260.0000,62,198,空平,B,7010.0000,0.0000,0.0000,0.0000,0.0000,7012.0000,0.0000,0.0000,0.0000,0.0000,246,0,0,0,0,528,0,0,0,0
zc,TA209,2012-06-14 09:01:07.657,7012.0000,531422,16,0.0000,220.0000,118,102,多开,B,7010.0000,0.0000,0.0000,0.0000,0.0000,7012.0000,0.0000,0.0000,0.0000,0.0000,121,0,0,0,0,533,0,0,0,0
zc,TA209,2012-06-14 09:01:08.157,7010.0000,531590,168,0.0000,194.0000,181,13,空开,S,7010.0000,0.0000,0.0000,0.0000,0.0000,7012.0000,0.0000,0.0000,0.0000,0.0000,93,0,0,0,0,475,0,0,0,0
zc,TA209,2012-06-14 09:01:08.970,7010.0000,531594,4,0.0000,152.0000,78,74,空开,S,7010.0000,0.0000,0.0000,0.0000,0.0000,7012.0000,0.0000,0.0000,0.0000,0.0000,33,0,0,0,0,473,0,0,0,0
zc,TA209,2012-06-14 09:01:09.470,7012.0000,531528,-66,0.0000,1202.0000,568,634,空平,B,7012.0000,0.0000,0.0000,0.0000,0.0000,7014.0000,0.0000,0.0000,0.0000,0.0000,97,0,0,0,0,575,0,0,0,0
zc,TA209,2012-06-14 09:01:10.237,7008.0000,531340,-188,0.0000,224.0000,18,206,多平,S,7010.0000,0.0000,0.0000,0.0000,0.0000,7012.0000,0.0000,0.0000,0.0000,0.0000,20,0,0,0,0,1,0,0,0,0
zc,TA209,2012-06-14 09:01:10.690,7010.0000,531322,-18,0.0000,146.0000,64,82,空平,B,7010.0000,0.0000,0.0000,0.0000,0.0000,7012.0000,0.0000,0.0000,0.0000,0.0000,128,0,0,0,0,17,0,0,0,0
zc,TA209,2012-06-14 09:01:11.457,7010.0000,531292,-30,0.0000,272.0000,121,151,空平,B,7010.0000,0.0000,0.0000,0.0000,0.0000,7012.0000,0.0000,0.0000,0.0000,0.0000,121,0,0,0,0,196,0,0,0,0
zc,TA209,2012-06-14 09:01:11.940,7010.0000,531274,-18,0.0000,34.0000,8,26,空平,B,7010.0000,0.0000,0.0000,0.0000,0.0000,7012.0000,0.0000,0.0000,0.0000,0.0000,273,0,0,0,0,244,0,0,0,0
zc,TA209,2012-06-14 09:01:12.737,7010.0000,531266,-8,0.0000,42.0000,17,25,空平,B,7010.0000,0.0000,0.0000,0.0000,0.0000,7012.0000,0.0000,0.0000,0.0000,0.0000,428,0,0,0,0,248,0,0,0,0
zc,TA209,2012-06-14 09:01:13.190,7010.0000,531260,-6,0.0000,294.0000,144,150,空平,B,7010.0000,0.0000,0.0000,0.0000,0.0000,7012.0000,0.0000,0.0000,0.0000,0.0000,421,0,0,0,0,135,0,0,0,0
zc,TA209,2012-06-14 09:01:13.737,7012.0000,531124,-136,0.0000,404.0000,134,270,空平,B,7012.0000,0.0000,0.0000,0.0000,0.0000,7014.0000,0.0000,0.0000,0.0000,0.0000,29,0,0,0,0,452,0,0,0,0
zc,TA209,2012-06-14 09:01:14.423,7012.0000,531098,-26,0.0000,176.0000,75,101,空平,B,7012.0000,0.0000,0.0000,0.0000,0.0000,7014.0000,0.0000,0.0000,0.0000,0.0000,8,0,0,0,0,387,0,0,0,0
zc,TA209,2012-06-14 09:01:14.707,7012.0000,531090,-8,0.0000,12.0000,2,10,空平,B,7012.0000,0.0000,0.0000,0.0000,0.0000,7014.0000,0.0000,0.0000,0.0000,0.0000,193,0,0,0,0,386,0,0,0,0
zc,TA209,2012-06-14 09:01:15.487,7012.0000,531090,0,0.0000,46.0000,23,23,多换,B,7012.0000,0.0000,0.0000,0.0000,0.0000,7014.0000,0.0000,0.0000,0.0000,0.0000,301,0,0,0,0,387,0,0,0,0
zc,TA209,2012-06-14 09:01:15.957,7012.0000,531050,-40,0.0000,54.0000,7,47,空平,B,7012.0000,0.0000,0.0000,0.0000,0.0000,7014.0000,0.0000,0.0000,0.0000,0.0000,346,0,0,0,0,386,0,0,0,0
zc,TA209,2012-06-14 09:01:16.690,7012.0000,531050,0,0.0000,292.0000,146,146,多换,B,7012.0000,0.0000,0.0000,0.0000,0.0000,7014.0000,0.0000,0.0000,0.0000,0.0000,335,0,0,0,0,251,0,0,0,0
zc,TA209,2012-06-14 09:01:17.207,7016.0000,531286,236,0.0000,546.0000,391,155,多开,B,7014.0000,0.0000,0.0000,0.0000,0.0000,7016.0000,0.0000,0.0000,0.0000,0.0000,199,0,0,0,0,230,0,0,0,0
zc,TA209,2012-06-14 09:01:17.970,7014.0000,531396,110,0.0000,164.0000,137,27,空开,S,7014.0000,0.0000,0.0000,0.0000,0.0000,7016.0000,0.0000,0.0000,0.0000,0.0000,275,0,0,0,0,219,0,0,0,0
zc,TA209,2012-06-14 09:01:18.470,7014.0000,531584,188,0.0000,364.0000,276,88,空开,S,7012.0000,0.0000,0.0000,0.0000,0.0000,7014.0000,0.0000,0.0000,0.0000,0.0000,310,0,0,0,0,17,0,0,0,0
zc,TA209,2012-06-14 09:01:19.503,7014.0000,531596,12,0.0000,64.0000,38,26,空开,S,7014.0000,0.0000,0.0000,0.0000,0.0000,7016.0000,0.0000,0.0000,0.0000,0.0000,42,0,0,0,0,235,0,0,0,0
zc,TA209,2012-06-14 09:01:19.970,7014.0000,531598,2,0.0000,18.0000,10,8,空开,S,7014.0000,0.0000,0.0000,0.0000,0.0000,7016.0000,0.0000,0.0000,0.0000,0.0000,138,0,0,0,0,228,0,0,0,0
zc,TA209,2012-06-14 09:01:20.657,7016.0000,531478,-120,0.0000,484.0000,182,302,空平,B,7016.0000,0.0000,0.0000,0.0000,0.0000,7018.0000,0.0000,0.0000,0.0000,0.0000,20,0,0,0,0,113,0,0,0,0
zc,TA209,2012-06-14 09:01:21.207,7016.0000,531468,-10,0.0000,74.0000,32,42,空平,B,7016.0000,0.0000,0.0000,0.0000,0.0000,7018.0000,0.0000,0.0000,0.0000,0.0000,43,0,0,0,0,333,0,0,0,0
zc,TA209,2012-06-14 09:01:21.923,7016.0000,531504,36,0.0000,36.0000,36,0,双开,B,7016.0000,0.0000,0.0000,0.0000,0.0000,7018.0000,0.0000,0.0000,0.0000,0.0000,65,0,0,0,0,340,0,0,0,0
zc,TA209,2012-06-14 09:01:22.457,7018.0000,531522,18,0.0000,72.0000,45,27,多开,B,7016.0000,0.0000,0.0000,0.0000,0.0000,7018.0000,0.0000,0.0000,0.0000,0.0000,67,0,0,0,0,305,0,0,0,0
zc,TA209,2012-06-14 09:01:22.957,7018.0000,531534,12,0.0000,48.0000,30,18,多开,B,7016.0000,0.0000,0.0000,0.0000,0.0000,7018.0000,0.0000,0.0000,0.0000,0.0000,63,0,0,0,0,293,0,0,0,0
zc,TA209,2012-06-14 09:01:23.707,7016.0000,531556,22,0.0000,32.0000,27,5,空开,S,7016.0000,0.0000,0.0000,0.0000,0.0000,7018.0000,0.0000,0.0000,0.0000,0.0000,62,0,0,0,0,293,0,0,0,0
zc,TA209,2012-06-14 09:01:24.457,7016.0000,531500,-56,0.0000,86.0000,15,71,多平,S,7016.0000,0.0000,0.0000,0.0000,0.0000,7018.0000,0.0000,0.0000,0.0000,0.0000,32,0,0,0,0,290,0,0,0,0
zc,TA209,2012-06-14 09:01:25.003,7014.0000,531454,-46,0.0000,106.0000,30,76,多平,S,7014.0000,0.0000,0.0000,0.0000,0.0000,7016.0000,0.0000,0.0000,0.0000,0.0000,222,0,0,0,0,15,0,0,0,0
zc,TA209,2012-06-14 09:01:25.720,7014.0000,531450,-4,0.0000,14.0000,5,9,多平,S,7014.0000,0.0000,0.0000,0.0000,0.0000,7016.0000,0.0000,0.0000,0.0000,0.0000,247,0,0,0,0,53,0,0,0,0
zc,TA209,2012-06-14 09:01:26.487,7018.0000,531336,-114,0.0000,126.0000,6,120,空平,B,7016.0000,0.0000,0.0000,0.0000,0.0000,7018.0000,0.0000,0.0000,0.0000,0.0000,90,0,0,0,0,276,0,0,0,0
zc,TA209,2012-06-14 09:01:26.970,7016.0000,531334,-2,0.0000,2.0000,0,2,双平,S,7016.0000,0.0000,0.0000,0.0000,0.0000,7018.0000,0.0000,0.0000,0.0000,0.0000,107,0,0,0,0,276,0,0,0,0
zc,TA209,2012-06-14 09:01:27.487,7016.0000,531320,-14,0.0000,50.0000,18,32,多平,S,7016.0000,0.0000,0.0000,0.0000,0.0000,7018.0000,0.0000,0.0000,0.0000,0.0000,130,0,0,0,0,263,0,0,0,0
zc,TA209,2012-06-14 09:01:27.940,7018.0000,531314,-6,0.0000,42.0000,18,24,空平,B,7016.0000,0.0000,0.0000,0.0000,0.0000,7018.0000,0.0000,0.0000,0.0000,0.0000,135,0,0,0,0,248,0,0,0,0
zc,TA209,2012-06-14 09:01:28.720,7018.0000,531316,2,0.0000,26.0000,14,12,多开,B,7016.0000,0.0000,0.0000,0.0000,0.0000,7018.0000,0.0000,0.0000,0.0000,0.0000,134,0,0,0,0,239,0,0,0,0
zc,TA209,2012-06-14 09:01:29.720,7016.0000,531328,12,0.0000,284.0000,148,136,空开,S,7014.0000,0.0000,0.0000,0.0000,0.0000,7016.0000,0.0000,0.0000,0.0000,0.0000,211,0,0,0,0,94,0,0,0,0
zc,TA209,2012-06-14 09:01:30.157,7014.0000,531330,2,0.0000,32.0000,17,15,空开,S,7014.0000,0.0000,0.0000,0.0000,0.0000,7016.0000,0.0000,0.0000,0.0000,0.0000,202,0,0,0,0,94,0,0,0,0
zc,TA209,2012-06-14 09:01:30.673,7016.0000,531352,22,0.0000,100.0000,61,39,多开,B,7014.0000,0.0000,0.0000,0.0000,0.0000,7016.0000,0.0000,0.0000,0.0000,0.0000,189,0,0,0,0,44,0,0,0,0
zc,TA209,2012-06-14 09:01:31.457,7016.0000,531352,0,0.0000,4.0000,2,2,多换,B,7014.0000,0.0000,0.0000,0.0000,0.0000,7016.0000,0.0000,0.0000,0.0000,0.0000,190,0,0,0,0,45,0,0,0,0
zc,TA209,2012-06-14 09:01:31.957,7016.0000,531352,0,0.0000,12.0000,6,6,多换,B,7014.0000,0.0000,0.0000,0.0000,0.0000,7016.0000,0.0000,0.0000,0.0000,0.0000,192,0,0,0,0,40,0,0,0,0
zc,TA209,2012-06-14 09:01:32.657,7016.0000,531378,26,0.0000,80.0000,53,27,多开,B,7014.0000,0.0000,0.0000,0.0000,0.0000,7016.0000,0.0000,0.0000,0.0000,0.0000,187,0,0,0,0,13,0,0,0,0
zc,TA209,2012-06-14 09:01:32.923,7016.0000,531382,4,0.0000,6.0000,5,1,多开,B,7014.0000,0.0000,0.0000,0.0000,0.0000,7016.0000,0.0000,0.0000,0.0000,0.0000,187,0,0,0,0,15,0,0,0,0
zc,TA209,2012-06-14 09:01:33.673,7016.0000,531386,4,0.0000,30.0000,17,13,多开,B,7016.0000,0.0000,0.0000,0.0000,0.0000,7018.0000,0.0000,0.0000,0.0000,0.0000,1,0,0,0,0,308,0,0,0,0
zc,TA209,2012-06-14 09:01:34.190,7018.0000,531412,26,0.0000,94.0000,60,34,多开,B,7016.0000,0.0000,0.0000,0.0000,0.0000,7018.0000,0.0000,0.0000,0.0000,0.0000,3,0,0,0,0,295,0,0,0,0
zc,TA209,2012-06-14 09:01:34.970,7018.0000,531522,110,0.0000,428.0000,269,159,多开,B,7014.0000,0.0000,0.0000,0.0000,0.0000,7018.0000,0.0000,0.0000,0.0000,0.0000,26,0,0,0,0,305,0,0,0,0
zc,TA209,2012-06-14 09:01:35.457,7016.0000,531520,-2,0.0000,24.0000,11,13,多平,S,7016.0000,0.0000,0.0000,0.0000,0.0000,7018.0000,0.0000,0.0000,0.0000,0.0000,26,0,0,0,0,299,0,0,0,0
zc,TA209,2012-06-14 09:01:36.190,7016.0000,531450,-70,0.0000,74.0000,2,72,多平,S,7014.0000,0.0000,0.0000,0.0000,0.0000,7016.0000,0.0000,0.0000,0.0000,0.0000,22,0,0,0,0,154,0,0,0,0
zc,TA209,2012-06-14 09:01:36.690,7016.0000,531334,-116,0.0000,248.0000,66,182,多平,S,7014.0000,0.0000,0.0000,0.0000,0.0000,7016.0000,0.0000,0.0000,0.0000,0.0000,16,0,0,0,0,36,0,0,0,0
zc,TA209,2012-06-14 09:01:37.207,7016.0000,531334,0,0.0000,118.0000,59,59,空换,S,7014.0000,0.0000,0.0000,0.0000,0.0000,7016.0000,0.0000,0.0000,0.0000,0.0000,30,0,0,0,0,3,0,0,0,0
zc,TA209,2012-06-14 09:01:37.987,7016.0000,531342,8,0.0000,32.0000,20,12,空开,S,7014.0000,0.0000,0.0000,0.0000,0.0000,7016.0000,0.0000,0.0000,0.0000,0.0000,43,0,0,0,0,1,0,0,0,0
zc,TA209,2012-06-14 09:01:38.503,7016.0000,531344,2,0.0000,40.0000,21,19,空开,S,7014.0000,0.0000,0.0000,0.0000,0.0000,7016.0000,0.0000,0.0000,0.0000,0.0000,48,0,0,0,0,31,0,0,0,0
zc,TA209,2012-06-14 09:01:39.423,7016.0000,531344,0,0.0000,16.0000,8,8,空换,S,7014.0000,0.0000,0.0000,0.0000,0.0000,7016.0000,0.0000,0.0000,0.0000,0.0000,47,0,0,0,0,113,0,0,0,0
zc,TA209,2012-06-14 09:01:39.907,7016.0000,531328,-16,0.0000,22.0000,3,19,多平,S,7014.0000,0.0000,0.0000,0.0000,0.0000,7016.0000,0.0000,0.0000,0.0000,0.0000,45,0,0,0,0,205,0,0,0,0
zc,TA209,2012-06-14 09:01:40.720,7014.0000,531368,40,0.0000,120.0000,80,40,空开,S,7014.0000,0.0000,0.0000,0.0000,0.0000,7016.0000,0.0000,0.0000,0.0000,0.0000,9,0,0,0,0,190,0,0,0,0
zc,TA209,2012-06-14 09:01:41.190,7014.0000,531386,18,0.0000,28.0000,23,5,空开,S,7014.0000,0.0000,0.0000,0.0000,0.0000,7016.0000,0.0000,0.0000,0.0000,0.0000,17,0,0,0,0,180,0,0,0,0
zc,TA209,2012-06-14 09:01:41.940,7014.0000,531412,26,0.0000,72.0000,49,23,空开,S,7012.0000,0.0000,0.0000,0.0000,0.0000,7014.0000,0.0000,0.0000,0.0000,0.0000,336,0,0,0,0,118,0,0,0,0
zc,TA209,2012-06-14 09:01:42.440,7014.0000,531416,4,0.0000,18.0000,11,7,空开,S,7012.0000,0.0000,0.0000,0.0000,0.0000,7014.0000,0.0000,0.0000,0.0000,0.0000,339,0,0,0,0,121,0,0,0,0
zc,TA209,2012-06-14 09:01:42.957,7012.0000,531426,10,0.0000,18.0000,14,4,空开,S,7012.0000,0.0000,0.0000,0.0000,0.0000,7014.0000,0.0000,0.0000,0.0000,0.0000,335,0,0,0,0,124,0,0,0,0
zc,TA209,2012-06-14 09:01:43.440,7012.0000,531426,0,0.0000,4.0000,2,2,空换,S,7012.0000,0.0000,0.0000,0.0000,0.0000,7014.0000,0.0000,0.0000,0.0000,0.0000,334,0,0,0,0,124,0,0,0,0
zc,TA209,2012-06-14 09:01:44.470,7014.0000,531410,-16,0.0000,24.0000,4,20,空平,B,7012.0000,0.0000,0.0000,0.0000,0.0000,7014.0000,0.0000,0.0000,0.0000,0.0000,324,0,0,0,0,116,0,0,0,0
zc,TA209,2012-06-14 09:01:44.657,7012.0000,531380,-30,0.0000,66.0000,18,48,多平,S,7012.0000,0.0000,0.0000,0.0000,0.0000,7014.0000,0.0000,0.0000,0.0000,0.0000,313,0,0,0,0,115,0,0,0,0
zc,TA209,2012-06-14 09:01:45.457,7014.0000,531414,34,0.0000,38.0000,36,2,多开,B,7012.0000,0.0000,0.0000,0.0000,0.0000,7014.0000,0.0000,0.0000,0.0000,0.0000,313,0,0,0,0,173,0,0,0,0
zc,TA209,2012-06-14 09:01:46.207,7012.0000,531416,2,0.0000,26.0000,14,12,空开,S,7012.0000,0.0000,0.0000,0.0000,0.0000,7014.0000,0.0000,0.0000,0.0000,0.0000,309,0,0,0,0,232,0,0,0,0
zc,TA209,2012-06-14 09:01:46.720,7014.0000,531416,0,0.0000,12.0000,6,6,多换,B,7012.0000,0.0000,0.0000,0.0000,0.0000,7014.0000,0.0000,0.0000,0.0000,0.0000,307,0,0,0,0,226,0,0,0,0
zc,TA209,2012-06-14 09:01:47.407,7014.0000,531414,-2,0.0000,20.0000,9,11,空平,B,7012.0000,0.0000,0.0000,0.0000,0.0000,7014.0000,0.0000,0.0000,0.0000,0.0000,318,0,0,0,0,224,0,0,0,0
zc,TA209,2012-06-14 09:01:47.673,7012.0000,531424,10,0.0000,16.0000,13,3,空开,S,7012.0000,0.0000,0.0000,0.0000,0.0000,7014.0000,0.0000,0.0000,0.0000,0.0000,331,0,0,0,0,251,0,0,0,0
zc,TA209,2012-06-14 09:01:48.440,7012.0000,531424,0,0.0000,80.0000,40,40,空换,S,7012.0000,0.0000,0.0000,0.0000,0.0000,7014.0000,0.0000,0.0000,0.0000,0.0000,291,0,0,0,0,254,0,0,0,0
zc,TA209,2012-06-14 09:01:48.907,7012.0000,531382,-42,0.0000,100.0000,29,71,多平,S,7012.0000,0.0000,0.0000,0.0000,0.0000,7014.0000,0.0000,0.0000,0.0000,0.0000,241,0,0,0,0,255,0,0,0,0
zc,TA209,2012-06-14 09:01:49.673,7012.0000,531372,-10,0.0000,20.0000,5,15,多平,S,7012.0000,0.0000,0.0000,0.0000,0.0000,7014.0000,0.0000,0.0000,0.0000,0.0000,231,0,0,0,0,248,0,0,0,0
zc,TA209,2012-06-14 09:01:50.220,7014.0000,531392,20,0.0000,26.0000,23,3,多开,B,7012.0000,0.0000,0.0000,0.0000,0.0000,7014.0000,0.0000,0.0000,0.0000,0.0000,226,0,0,0,0,236,0,0,0,0
zc,TA209,2012-06-14 09:01:50.970,7012.0000,531386,-6,0.0000,16.0000,5,11,多平,S,7012.0000,0.0000,0.0000,0.0000,0.0000,7014.0000,0.0000,0.0000,0.0000,0.0000,222,0,0,0,0,238,0,0,0,0
zc,TA209,2012-06-14 09:01:51.423,7012.0000,531384,-2,0.0000,18.0000,8,10,多平,S,7012.0000,0.0000,0.0000,0.0000,0.0000,7014.0000,0.0000,0.0000,0.0000,0.0000,216,0,0,0,0,239,0,0,0,0
zc,TA209,2012-06-14 09:01:51.923,7012.0000,531544,160,0.0000,296.0000,228,68,空开,S,7012.0000,0.0000,0.0000,0.0000,0.0000,7014.0000,0.0000,0.0000,0.0000,0.0000,188,0,0,0,0,121,0,0,0,0
zc,TA209,2012-06-14 09:01:52.707,7012.0000,531542,-2,0.0000,54.0000,26,28,多平,S,7012.0000,0.0000,0.0000,0.0000,0.0000,7014.0000,0.0000,0.0000,0.0000,0.0000,161,0,0,0,0,121,0,0,0,0
zc,TA209,2012-06-14 09:01:53.173,7012.0000,531502,-40,0.0000,66.0000,13,53,多平,S,7012.0000,0.0000,0.0000,0.0000,0.0000,7014.0000,0.0000,0.0000,0.0000,0.0000,128,0,0,0,0,121,0,0,0,0
zc,TA209,2012-06-14 09:01:53.690,7014.0000,531624,122,0.0000,124.0000,123,1,多开,B,7012.0000,0.0000,0.0000,0.0000,0.0000,7014.0000,0.0000,0.0000,0.0000,0.0000,133,0,0,0,0,59,0,0,0,0
zc,TA209,2012-06-14 09:01:54.207,7014.0000,531618,-6,0.0000,12.0000,3,9,空平,B,7012.0000,0.0000,0.0000,0.0000,0.0000,7014.0000,0.0000,0.0000,0.0000,0.0000,129,0,0,0,0,57,0,0,0,0
zc,TA209,2012-06-14 09:01:54.923,7014.0000,531624,6,0.0000,64.0000,35,29,多开,B,7012.0000,0.0000,0.0000,0.0000,0.0000,7014.0000,0.0000,0.0000,0.0000,0.0000,117,0,0,0,0,39,0,0,0,0
zc,TA209,2012-06-14 09:01:55.470,7012.0000,531652,28,0.0000,76.0000,52,24,空开,S,7012.0000,0.0000,0.0000,0.0000,0.0000,7014.0000,0.0000,0.0000,0.0000,0.0000,117,0,0,0,0,51,0,0,0,0
zc,TA209,2012-06-14 09:01:56.190,7014.0000,531664,12,0.0000,18.0000,15,3,多开,B,7012.0000,0.0000,0.0000,0.0000,0.0000,7014.0000,0.0000,0.0000,0.0000,0.0000,140,0,0,0,0,76,0,0,0,0
zc,TA209,2012-06-14 09:01:56.690,7012.0000,531660,-4,0.0000,80.0000,38,42,多平,S,7012.0000,0.0000,0.0000,0.0000,0.0000,7014.0000,0.0000,0.0000,0.0000,0.0000,127,0,0,0,0,68,0,0,0,0
zc,TA209,2012-06-14 09:01:57.237,7012.0000,531674,14,0.0000,64.0000,39,25,空开,S,7012.0000,0.0000,0.0000,0.0000,0.0000,7014.0000,0.0000,0.0000,0.0000,0.0000,124,0,0,0,0,56,0,0,0,0
zc,TA209,2012-06-14 09:01:57.970,7014.0000,531588,-86,0.0000,248.0000,81,167,空平,B,7012.0000,0.0000,0.0000,0.0000,0.0000,7014.0000,0.0000,0.0000,0.0000,0.0000,15,0,0,0,0,47,0,0,0,0
zc,TA209,2012-06-14 09:01:58.470,7012.0000,531584,-4,0.0000,32.0000,14,18,多平,S,7010.0000,0.0000,0.0000,0.0000,0.0000,7012.0000,0.0000,0.0000,0.0000,0.0000,524,0,0,0,0,151,0,0,0,0
zc,TA209,2012-06-14 09:01:59.173,7012.0000,531588,4,0.0000,94.0000,49,45,空开,S,7010.0000,0.0000,0.0000,0.0000,0.0000,7012.0000,0.0000,0.0000,0.0000,0.0000,524,0,0,0,0,16,0,0,0,0
zc,TA209,2012-06-14 09:01:59.720,7012.0000,531594,6,0.0000,40.0000,23,17,空开,S,7010.0000,0.0000,0.0000,0.0000,0.0000,7012.0000,0.0000,0.0000,0.0000,0.0000,524,0,0,0,0,7,0,0,0,0
zc,TA209,2012-06-14 09:02:00.470,7012.0000,531566,-28,0.0000,42.0000,7,35,多平,S,7010.0000,0.0000,0.0000,0.0000,0.0000,7012.0000,0.0000,0.0000,0.0000,0.0000,507,0,0,0,0,4,0,0,0,0
zc,TA209,2012-06-14 09:02:00.987,7014.0000,531568,2,0.0000,18.0000,10,8,多开,B,7012.0000,0.0000,0.0000,0.0000,0.0000,7014.0000,0.0000,0.0000,0.0000,0.0000,7,0,0,0,0,118,0,0,0,0
zc,TA209,2012-06-14 09:02:01.753,7010.0000,531560,-8,0.0000,22.0000,7,15,多平,S,7010.0000,0.0000,0.0000,0.0000,0.0000,7012.0000,0.0000,0.0000,0.0000,0.0000,508,0,0,0,0,6,0,0,0,0
zc,TA209,2012-06-14 09:02:01.970,7010.0000,531546,-14,0.0000,22.0000,4,18,多平,S,7010.0000,0.0000,0.0000,0.0000,0.0000,7012.0000,0.0000,0.0000,0.0000,0.0000,476,0,0,0,0,4,0,0,0,0
zc,TA209,2012-06-14 09:02:03.207,7010.0000,531690,144,0.0000,290.0000,217,73,空开,S,7010.0000,0.0000,0.0000,0.0000,0.0000,7014.0000,0.0000,0.0000,0.0000,0.0000,418,0,0,0,0,64,0,0,0,0
zc,TA209,2012-06-14 09:02:03.970,7014.0000,531626,-64,0.0000,122.0000,29,93,空平,B,7010.0000,0.0000,0.0000,0.0000,0.0000,7014.0000,0.0000,0.0000,0.0000,0.0000,407,0,0,0,0,16,0,0,0,0
zc,TA209,2012-06-14 09:02:04.503,7014.0000,531672,46,0.0000,90.0000,68,22,多开,B,7014.0000,0.0000,0.0000,0.0000,0.0000,7016.0000,0.0000,0.0000,0.0000,0.0000,79,0,0,0,0,209,0,0,0,0
zc,TA209,2012-06-14 09:02:05.207,7014.0000,531690,18,0.0000,60.0000,39,21,多开,B,7014.0000,0.0000,0.0000,0.0000,0.0000,7016.0000,0.0000,0.0000,0.0000,0.0000,51,0,0,0,0,209,0,0,0,0
zc,TA209,2012-06-14 09:02:05.673,7014.0000,531792,102,0.0000,106.0000,104,2,多开,B,7010.0000,0.0000,0.0000,0.0000,0.0000,7014.0000,0.0000,0.0000,0.0000,0.0000,577,0,0,0,0,22,0,0,0,0
zc,TA209,2012-06-14 09:02:06.487,7012.0000,531790,-2,0.0000,206.0000,102,104,多平,S,7010.0000,0.0000,0.0000,0.0000,0.0000,7012.0000,0.0000,0.0000,0.0000,0.0000,482,0,0,0,0,63,0,0,0,0
zc,TA209,2012-06-14 09:02:07.220,7012.0000,531792,2,0.0000,2.0000,2,0,双开,S,7010.0000,0.0000,0.0000,0.0000,0.0000,7012.0000,0.0000,0.0000,0.0000,0.0000,483,0,0,0,0,62,0,0,0,0
zc,TA209,2012-06-14 09:02:07.720,7010.0000,531868,76,0.0000,78.0000,77,1,空开,S,7010.0000,0.0000,0.0000,0.0000,0.0000,7012.0000,0.0000,0.0000,0.0000,0.0000,455,0,0,0,0,62,0,0,0,0
zc,TA209,2012-06-14 09:02:08.423,7012.0000,531894,26,0.0000,28.0000,27,1,多开,B,7010.0000,0.0000,0.0000,0.0000,0.0000,7012.0000,0.0000,0.0000,0.0000,0.0000,454,0,0,0,0,54,0,0,0,0
zc,TA209,2012-06-14 09:02:08.957,7010.0000,531894,0,0.0000,2.0000,1,1,空换,S,7010.0000,0.0000,0.0000,0.0000,0.0000,7012.0000,0.0000,0.0000,0.0000,0.0000,453,0,0,0,0,54,0,0,0,0
zc,TA209,2012-06-14 09:02:09.657,7010.0000,531908,14,0.0000,104.0000,59,45,空开,S,7010.0000,0.0000,0.0000,0.0000,0.0000,7012.0000,0.0000,0.0000,0.0000,0.0000,409,0,0,0,0,47,0,0,0,0
zc,TA209,2012-06-14 09:02:10.157,7010.0000,531934,26,0.0000,30.0000,28,2,空开,S,7010.0000,0.0000,0.0000,0.0000,0.0000,7012.0000,0.0000,0.0000,0.0000,0.0000,397,0,0,0,0,47,0,0,0,0
zc,TA209,2012-06-14 09:02:10.940,7010.0000,532026,92,0.0000,92.0000,92,0,双开,S,7010.0000,0.0000,0.0000,0.0000,0.0000,7012.0000,0.0000,0.0000,0.0000,0.0000,369,0,0,0,0,35,0,0,0,0
zc,TA209,2012-06-14 09:02:11.457,7010.0000,532062,36,0.0000,114.0000,75,39,空开,S,7010.0000,0.0000,0.0000,0.0000,0.0000,7012.0000,0.0000,0.0000,0.0000,0.0000,335,0,0,0,0,11,0,0,0,0
zc,TA209,2012-06-14 09:02:12.190,7010.0000,532098,36,0.0000,50.0000,43,7,空开,S,7010.0000,0.0000,0.0000,0.0000,0.0000,7012.0000,0.0000,0.0000,0.0000,0.0000,321,0,0,0,0,1,0,0,0,0
zc,TA209,2012-06-14 09:02:12.720,7012.0000,532106,8,0.0000,54.0000,31,23,多开,B,7012.0000,0.0000,0.0000,0.0000,0.0000,7014.0000,0.0000,0.0000,0.0000,0.0000,2,0,0,0,0,154,0,0,0,0
zc,TA209,2012-06-14 09:02:13.503,7010.0000,532150,44,0.0000,54.0000,49,5,空开,S,7010.0000,0.0000,0.0000,0.0000,0.0000,7012.0000,0.0000,0.0000,0.0000,0.0000,279,0,0,0,0,9,0,0,0,0
zc,TA209,2012-06-14 09:02:14.003,7012.0000,532170,20,0.0000,24.0000,22,2,多开,B,7010.0000,0.0000,0.0000,0.0000,0.0000,7012.0000,0.0000,0.0000,0.0000,0.0000,276,0,0,0,0,60,0,0,0,0
zc,TA209,2012-06-14 09:02:14.957,7010.0000,532224,54,0.0000,230.0000,142,88,空开,S,7010.0000,0.0000,0.0000,0.0000,0.0000,7012.0000,0.0000,0.0000,0.0000,0.0000,170,0,0,0,0,94,0,0,0,0
zc,TA209,2012-06-14 09:02:15.503,7010.0000,532148,-76,0.0000,694.0000,309,385,多平,S,7008.0000,0.0000,0.0000,0.0000,0.0000,7010.0000,0.0000,0.0000,0.0000,0.0000,68,0,0,0,0,268,0,0,0,0
zc,TA209,2012-06-14 09:02:16.207,7010.0000,532182,34,0.0000,52.0000,43,9,空开,S,7008.0000,0.0000,0.0000,0.0000,0.0000,7010.0000,0.0000,0.0000,0.0000,0.0000,45,0,0,0,0,273,0,0,0,0
zc,TA209,2012-06-14 09:02:16.707,7006.0000,532368,186,0.0000,220.0000,203,17,空开,S,7006.0000,0.0000,0.0000,0.0000,0.0000,7008.0000,0.0000,0.0000,0.0000,0.0000,397,0,0,0,0,226,0,0,0,0
zc,TA209,2012-06-14 09:02:17.470,7006.0000,532460,92,0.0000,576.0000,334,242,空开,S,7006.0000,0.0000,0.0000,0.0000,0.0000,7008.0000,0.0000,0.0000,0.0000,0.0000,184,0,0,0,0,195,0,0,0,0
zc,TA209,2012-06-14 09:02:17.940,7008.0000,532806,346,0.0000,546.0000,446,100,多开,B,7008.0000,0.0000,0.0000,0.0000,0.0000,7010.0000,0.0000,0.0000,0.0000,0.0000,84,0,0,0,0,284,0,0,0,0
zc,TA209,2012-06-14 09:02:18.690,7006.0000,532970,164,0.0000,202.0000,183,19,空开,S,7006.0000,0.0000,0.0000,0.0000,0.0000,7008.0000,0.0000,0.0000,0.0000,0.0000,114,0,0,0,0,71,0,0,0,0
zc,TA209,2012-06-14 09:02:19.190,7006.0000,533052,82,0.0000,226.0000,154,72,空开,S,7006.0000,0.0000,0.0000,0.0000,0.0000,7008.0000,0.0000,0.0000,0.0000,0.0000,11,0,0,0,0,155,0,0,0,0
zc,TA209,2012-06-14 09:02:19.940,7004.0000,533062,10,0.0000,30.0000,20,10,空开,S,7004.0000,0.0000,0.0000,0.0000,0.0000,7006.0000,0.0000,0.0000,0.0000,0.0000,223,0,0,0,0,51,0,0,0,0
zc,TA209,2012-06-14 09:02:20.253,7006.0000,532836,-226,0.0000,362.0000,68,294,空平,B,7004.0000,0.0000,0.0000,0.0000,0.0000,7006.0000,0.0000,0.0000,0.0000,0.0000,53,0,0,0,0,93,0,0,0,0
zc,TA209,2012-06-14 09:02:21.253,7004.0000,532734,-102,0.0000,204.0000,51,153,多平,S,7004.0000,0.0000,0.0000,0.0000,0.0000,7006.0000,0.0000,0.0000,0.0000,0.0000,38,0,0,0,0,34,0,0,0,0
zc,TA209,2012-06-14 09:02:21.423,7004.0000,532714,-20,0.0000,78.0000,29,49,多平,S,7002.0000,0.0000,0.0000,0.0000,0.0000,7004.0000,0.0000,0.0000,0.0000,0.0000,592,0,0,0,0,14,0,0,0,0
zc,TA209,2012-06-14 09:02:22.190,7004.0000,532690,-24,0.0000,262.0000,119,143,多平,S,7004.0000,0.0000,0.0000,0.0000,0.0000,7006.0000,0.0000,0.0000,0.0000,0.0000,46,0,0,0,0,94,0,0,0,0
zc,TA209,2012-06-14 09:02:22.940,7004.0000,532660,-30,0.0000,64.0000,17,47,多平,S,7004.0000,0.0000,0.0000,0.0000,0.0000,7006.0000,0.0000,0.0000,0.0000,0.0000,457,0,0,0,0,91,0,0,0,0
zc,TA209,2012-06-14 09:02:23.407,7004.0000,532626,-34,0.0000,182.0000,74,108,多平,S,7004.0000,0.0000,0.0000,0.0000,0.0000,7006.0000,0.0000,0.0000,0.0000,0.0000,425,0,0,0,0,93,0,0,0,0
zc,TA209,2012-06-14 09:02:24.207,7004.0000,532592,-34,0.0000,188.0000,77,111,多平,S,7004.0000,0.0000,0.0000,0.0000,0.0000,7006.0000,0.0000,0.0000,0.0000,0.0000,335,0,0,0,0,125,0,0,0,0
zc,TA209,2012-06-14 09:02:24.707,7004.0000,532558,-34,0.0000,318.0000,142,176,多平,S,7004.0000,0.0000,0.0000,0.0000,0.0000,7006.0000,0.0000,0.0000,0.0000,0.0000,185,0,0,0,0,75,0,0,0,0
zc,TA209,2012-06-14 09:02:25.457,7004.0000,532476,-82,0.0000,110.0000,14,96,多平,S,7004.0000,0.0000,0.0000,0.0000,0.0000,7006.0000,0.0000,0.0000,0.0000,0.0000,82,0,0,0,0,105,0,0,0,0
zc,TA209,2012-06-14 09:02:25.923,7004.0000,532442,-34,0.0000,148.0000,57,91,多平,S,7004.0000,0.0000,0.0000,0.0000,0.0000,7006.0000,0.0000,0.0000,0.0000,0.0000,14,0,0,0,0,144,0,0,0,0
zc,TA209,2012-06-14 09:02:26.720,7006.0000,532406,-36,0.0000,86.0000,25,61,空平,B,7004.0000,0.0000,0.0000,0.0000,0.0000,7006.0000,0.0000,0.0000,0.0000,0.0000,2,0,0,0,0,145,0,0,0,0
zc,TA209,2012-06-14 09:02:27.173,7004.0000,532364,-42,0.0000,108.0000,33,75,多平,S,7004.0000,0.0000,0.0000,0.0000,0.0000,7006.0000,0.0000,0.0000,0.0000,0.0000,53,0,0,0,0,188,0,0,0,0
zc,TA209,2012-06-14 09:02:27.923,7004.0000,532366,2,0.0000,190.0000,96,94,空开,S,7004.0000,0.0000,0.0000,0.0000,0.0000,7006.0000,0.0000,0.0000,0.0000,0.0000,120,0,0,0,0,168,0,0,0,0
zc,TA209,2012-06-14 09:02:28.440,7004.0000,532342,-24,0.0000,254.0000,115,139,多平,S,7004.0000,0.0000,0.0000,0.0000,0.0000,7006.0000,0.0000,0.0000,0.0000,0.0000,167,0,0,0,0,33,0,0,0,0
zc,TA209,2012-06-14 09:02:29.207,7004.0000,532260,-82,0.0000,134.0000,26,108,多平,S,7004.0000,0.0000,0.0000,0.0000,0.0000,7006.0000,0.0000,0.0000,0.0000,0.0000,129,0,0,0,0,43,0,0,0,0
zc,TA209,2012-06-14 09:02:29.707,7004.0000,532278,18,0.0000,274.0000,146,128,空开,S,7004.0000,0.0000,0.0000,0.0000,0.0000,7006.0000,0.0000,0.0000,0.0000,0.0000,35,0,0,0,0,3,0,0,0,0
zc,TA209,2012-06-14 09:02:30.423,7002.0000,532336,58,0.0000,76.0000,67,9,空开,S,7002.0000,0.0000,0.0000,0.0000,0.0000,7004.0000,0.0000,0.0000,0.0000,0.0000,616,0,0,0,0,193,0,0,0,0
zc,TA209,2012-06-14 09:02:30.957,7002.0000,532336,0,0.0000,26.0000,13,13,空换,S,7002.0000,0.0000,0.0000,0.0000,0.0000,7004.0000,0.0000,0.0000,0.0000,0.0000,654,0,0,0,0,224,0,0,0,0
zc,TA209,2012-06-14 09:02:31.643,7004.0000,532338,2,0.0000,42.0000,22,20,多开,B,7002.0000,0.0000,0.0000,0.0000,0.0000,7004.0000,0.0000,0.0000,0.0000,0.0000,655,0,0,0,0,231,0,0,0,0
zc,TA209,2012-06-14 09:02:31.907,7002.0000,532342,4,0.0000,174.0000,89,85,空开,S,7002.0000,0.0000,0.0000,0.0000,0.0000,7004.0000,0.0000,0.0000,0.0000,0.0000,597,0,0,0,0,792,0,0,0,0
zc,TA209,2012-06-14 09:02:32.940,7004.0000,532312,-30,0.0000,172.0000,71,101,空平,B,7002.0000,0.0000,0.0000,0.0000,0.0000,7004.0000,0.0000,0.0000,0.0000,0.0000,530,0,0,0,0,792,0,0,0,0
zc,TA209,2012-06-14 09:02:33.470,7002.0000,532628,316,0.0000,1176.0000,746,430,空开,S,7000.0000,0.0000,0.0000,0.0000,0.0000,7002.0000,0.0000,0.0000,0.0000,0.0000,1232,0,0,0,0,215,0,0,0,0
zc,TA209,2012-06-14 09:02:33.940,7000.0000,532618,-10,0.0000,350.0000,170,180,多平,S,7000.0000,0.0000,0.0000,0.0000,0.0000,7002.0000,0.0000,0.0000,0.0000,0.0000,1066,0,0,0,0,515,0,0,0,0
zc,TA209,2012-06-14 09:02:34.673,7000.0000,532698,80,0.0000,154.0000,117,37,空开,S,7000.0000,0.0000,0.0000,0.0000,0.0000,7002.0000,0.0000,0.0000,0.0000,0.0000,1002,0,0,0,0,535,0,0,0,0
zc,TA209,2012-06-14 09:02:35.157,7000.0000,532698,0,0.0000,280.0000,140,140,空换,S,7000.0000,0.0000,0.0000,0.0000,0.0000,7002.0000,0.0000,0.0000,0.0000,0.0000,1004,0,0,0,0,425,0,0,0,0
zc,TA209,2012-06-14 09:02:35.957,7000.0000,533576,878,0.0000,1306.0000,1092,214,空开,S,7000.0000,0.0000,0.0000,0.0000,0.0000,7002.0000,0.0000,0.0000,0.0000,0.0000,481,0,0,0,0,324,0,0,0,0
zc,TA209,2012-06-14 09:02:36.457,7000.0000,534030,454,0.0000,1022.0000,738,284,空开,S,7000.0000,0.0000,0.0000,0.0000,0.0000,7002.0000,0.0000,0.0000,0.0000,0.0000,230,0,0,0,0,83,0,0,0,0
zc,TA209,2012-06-14 09:02:37.237,7000.0000,534002,-28,0.0000,532.0000,252,280,多平,S,6998.0000,0.0000,0.0000,0.0000,0.0000,7000.0000,0.0000,0.0000,0.0000,0.0000,102,0,0,0,0,67,0,0,0,0
zc,TA209,2012-06-14 09:02:37.690,7000.0000,533988,-14,0.0000,28.0000,7,21,多平,S,6998.0000,0.0000,0.0000,0.0000,0.0000,7000.0000,0.0000,0.0000,0.0000,0.0000,98,0,0,0,0,351,0,0,0,0
zc,TA209,2012-06-14 09:02:38.470,6998.0000,533820,-168,0.0000,354.0000,93,261,多平,S,6998.0000,0.0000,0.0000,0.0000,0.0000,7000.0000,0.0000,0.0000,0.0000,0.0000,165,0,0,0,0,279,0,0,0,0
zc,TA209,2012-06-14 09:02:38.893,7000.0000,533822,2,0.0000,126.0000,64,62,多开,B,6998.0000,0.0000,0.0000,0.0000,0.0000,7000.0000,0.0000,0.0000,0.0000,0.0000,133,0,0,0,0,329,0,0,0,0
zc,TA209,2012-06-14 09:02:39.690,6998.0000,533776,-46,0.0000,508.0000,231,277,多平,S,6998.0000,0.0000,0.0000,0.0000,0.0000,7000.0000,0.0000,0.0000,0.0000,0.0000,156,0,0,0,0,178,0,0,0,0
zc,TA209,2012-06-14 09:02:39.940,6998.0000,533524,-252,0.0000,512.0000,130,382,多平,S,6998.0000,0.0000,0.0000,0.0000,0.0000,7000.0000,0.0000,0.0000,0.0000,0.0000,153,0,0,0,0,53,0,0,0,0
zc,TA209,2012-06-14 09:02:40.673,6998.0000,533326,-198,0.0000,276.0000,39,237,多平,S,7000.0000,0.0000,0.0000,0.0000,0.0000,7002.0000,0.0000,0.0000,0.0000,0.0000,222,0,0,0,0,120,0,0,0,0
zc,TA209,2012-06-14 09:02:41.190,7000.0000,533266,-60,0.0000,298.0000,119,179,空平,B,7000.0000,0.0000,0.0000,0.0000,0.0000,7002.0000,0.0000,0.0000,0.0000,0.0000,180,0,0,0,0,98,0,0,0,0
zc,TA209,2012-06-14 09:02:41.893,7000.0000,533310,44,0.0000,326.0000,185,141,多开,B,7000.0000,0.0000,0.0000,0.0000,0.0000,7002.0000,0.0000,0.0000,0.0000,0.0000,29,0,0,0,0,91,0,0,0,0
zc,TA209,2012-06-14 09:02:42.457,7000.0000,533278,-32,0.0000,74.0000,21,53,空平,B,7000.0000,0.0000,0.0000,0.0000,0.0000,7002.0000,0.0000,0.0000,0.0000,0.0000,22,0,0,0,0,81,0,0,0,0
zc,TA209,2012-06-14 09:02:43.157,7002.0000,533284,6,0.0000,106.0000,56,50,多开,B,7000.0000,0.0000,0.0000,0.0000,0.0000,7002.0000,0.0000,0.0000,0.0000,0.0000,109,0,0,0,0,91,0,0,0,0
zc,TA209,2012-06-14 09:02:43.957,7000.0000,533286,2,0.0000,124.0000,63,61,空开,S,7000.0000,0.0000,0.0000,0.0000,0.0000,7002.0000,0.0000,0.0000,0.0000,0.0000,100,0,0,0,0,90,0,0,0,0
zc,TA209,2012-06-14 09:02:44.143,7000.0000,533188,-98,0.0000,140.0000,21,119,多平,S,7000.0000,0.0000,0.0000,0.0000,0.0000,7002.0000,0.0000,0.0000,0.0000,0.0000,94,0,0,0,0,69,0,0,0,0
zc,TA209,2012-06-14 09:02:44.940,7002.0000,533172,-16,0.0000,102.0000,43,59,空平,B,7000.0000,0.0000,0.0000,0.0000,0.0000,7002.0000,0.0000,0.0000,0.0000,0.0000,310,0,0,0,0,66,0,0,0,0
zc,TA209,2012-06-14 09:02:45.407,7000.0000,533166,-6,0.0000,58.0000,26,32,多平,S,7000.0000,0.0000,0.0000,0.0000,0.0000,7002.0000,0.0000,0.0000,0.0000,0.0000,304,0,0,0,0,97,0,0,0,0
zc,TA209,2012-06-14 09:02:46.173,7002.0000,533374,208,0.0000,348.0000,278,70,多开,B,7002.0000,0.0000,0.0000,0.0000,0.0000,7004.0000,0.0000,0.0000,0.0000,0.0000,193,0,0,0,0,216,0,0,0,0
zc,TA209,2012-06-14 09:02:46.690,7000.0000,533358,-16,0.0000,682.0000,333,349,多平,S,7000.0000,0.0000,0.0000,0.0000,0.0000,7002.0000,0.0000,0.0000,0.0000,0.0000,182,0,0,0,0,8,0,0,0,0
zc,TA209,2012-06-14 09:02:47.487,7002.0000,533338,-20,0.0000,138.0000,59,79,空平,B,7000.0000,0.0000,0.0000,0.0000,0.0000,7002.0000,0.0000,0.0000,0.0000,0.0000,151,0,0,0,0,25,0,0,0,0
zc,TA209,2012-06-14 09:02:47.940,7002.0000,533412,74,0.0000,114.0000,94,20,多开,B,7002.0000,0.0000,0.0000,0.0000,0.0000,7004.0000,0.0000,0.0000,0.0000,0.0000,89,0,0,0,0,228,0,0,0,0
zc,TA209,2012-06-14 09:02:48.457,7002.0000,533510,98,0.0000,112.0000,105,7,多开,B,7002.0000,0.0000,0.0000,0.0000,0.0000,7004.0000,0.0000,0.0000,0.0000,0.0000,40,0,0,0,0,224,0,0,0,0
zc,TA209,2012-06-14 09:02:49.157,7002.0000,533520,10,0.0000,30.0000,20,10,多开,B,7002.0000,0.0000,0.0000,0.0000,0.0000,7004.0000,0.0000,0.0000,0.0000,0.0000,37,0,0,0,0,223,0,0,0,0
zc,TA209,2012-06-14 09:02:49.690,7002.0000,533568,48,0.0000,124.0000,86,38,多开,B,7000.0000,0.0000,0.0000,0.0000,0.0000,7002.0000,0.0000,0.0000,0.0000,0.0000,712,0,0,0,0,84,0,0,0,0
zc,TA209,2012-06-14 09:02:50.157,7002.0000,533566,-2,0.0000,6.0000,2,4,空平,B,7000.0000,0.0000,0.0000,0.0000,0.0000,7002.0000,0.0000,0.0000,0.0000,0.0000,712,0,0,0,0,121,0,0,0,0
zc,TA209,2012-06-14 09:02:50.657,7002.0000,533610,44,0.0000,80.0000,62,18,多开,B,7000.0000,0.0000,0.0000,0.0000,0.0000,7002.0000,0.0000,0.0000,0.0000,0.0000,719,0,0,0,0,83,0,0,0,0
zc,TA209,2012-06-14 09:02:51.457,7002.0000,533568,-42,0.0000,310.0000,134,176,空平,B,7000.0000,0.0000,0.0000,0.0000,0.0000,7002.0000,0.0000,0.0000,0.0000,0.0000,714,0,0,0,0,10,0,0,0,0
zc,TA209,2012-06-14 09:02:51.923,7002.0000,533812,244,0.0000,456.0000,350,106,多开,B,7002.0000,0.0000,0.0000,0.0000,0.0000,7004.0000,0.0000,0.0000,0.0000,0.0000,5,0,0,0,0,272,0,0,0,0
zc,TA209,2012-06-14 09:02:52.690,7004.0000,533888,76,0.0000,96.0000,86,10,多开,B,7002.0000,0.0000,0.0000,0.0000,0.0000,7004.0000,0.0000,0.0000,0.0000,0.0000,255,0,0,0,0,268,0,0,0,0
zc,TA209,2012-06-14 09:02:53.157,7002.0000,533894,6,0.0000,34.0000,20,14,空开,S,7002.0000,0.0000,0.0000,0.0000,0.0000,7004.0000,0.0000,0.0000,0.0000,0.0000,252,0,0,0,0,266,0,0,0,0
zc,TA209,2012-06-14 09:02:53.957,7002.0000,533884,-10,0.0000,16.0000,3,13,多平,S,7002.0000,0.0000,0.0000,0.0000,0.0000,7004.0000,0.0000,0.0000,0.0000,0.0000,250,0,0,0,0,263,0,0,0,0
zc,TA209,2012-06-14 09:02:54.457,7004.0000,533870,-14,0.0000,94.0000,40,54,空平,B,7002.0000,0.0000,0.0000,0.0000,0.0000,7004.0000,0.0000,0.0000,0.0000,0.0000,214,0,0,0,0,271,0,0,0,0
zc,TA209,2012-06-14 09:02:55.190,7002.0000,533808,-62,0.0000,202.0000,70,132,多平,S,7002.0000,0.0000,0.0000,0.0000,0.0000,7004.0000,0.0000,0.0000,0.0000,0.0000,216,0,0,0,0,257,0,0,0,0
zc,TA209,2012-06-14 09:02:55.690,7004.0000,533806,-2,0.0000,136.0000,67,69,空平,B,7002.0000,0.0000,0.0000,0.0000,0.0000,7004.0000,0.0000,0.0000,0.0000,0.0000,218,0,0,0,0,196,0,0,0,0
zc,TA209,2012-06-14 09:02:56.173,7004.0000,533814,8,0.0000,20.0000,14,6,多开,B,7002.0000,0.0000,0.0000,0.0000,0.0000,7004.0000,0.0000,0.0000,0.0000,0.0000,221,0,0,0,0,196,0,0,0,0
zc,TA209,2012-06-14 09:02:56.923,7004.0000,533816,2,0.0000,16.0000,9,7,多开,B,7002.0000,0.0000,0.0000,0.0000,0.0000,7004.0000,0.0000,0.0000,0.0000,0.0000,219,0,0,0,0,173,0,0,0,0
zc,TA209,2012-06-14 09:02:57.423,7002.0000,533846,30,0.0000,120.0000,75,45,空开,S,7002.0000,0.0000,0.0000,0.0000,0.0000,7004.0000,0.0000,0.0000,0.0000,0.0000,190,0,0,0,0,147,0,0,0,0
zc,TA209,2012-06-14 09:02:58.173,7002.0000,533888,42,0.0000,60.0000,51,9,空开,S,7002.0000,0.0000,0.0000,0.0000,0.0000,7004.0000,0.0000,0.0000,0.0000,0.0000,181,0,0,0,0,114,0,0,0,0
zc,TA209,2012-06-14 09:02:58.407,7004.0000,533900,12,0.0000,128.0000,70,58,多开,B,7002.0000,0.0000,0.0000,0.0000,0.0000,7004.0000,0.0000,0.0000,0.0000,0.0000,256,0,0,0,0,106,0,0,0,0
zc,TA209,2012-06-14 09:02:59.157,7002.0000,533910,10,0.0000,78.0000,44,34,空开,S,7002.0000,0.0000,0.0000,0.0000,0.0000,7004.0000,0.0000,0.0000,0.0000,0.0000,219,0,0,0,0,147,0,0,0,0
zc,TA209,2012-06-14 09:02:59.690,7002.0000,533888,-22,0.0000,98.0000,38,60,多平,S,7002.0000,0.0000,0.0000,0.0000,0.0000,7004.0000,0.0000,0.0000,0.0000,0.0000,212,0,0,0,0,108,0,0,0,0
zc,TA209,2012-06-14 09:03:00.440,7002.0000,533944,56,0.0000,244.0000,150,94,空开,S,7002.0000,0.0000,0.0000,0.0000,0.0000,7004.0000,0.0000,0.0000,0.0000,0.0000,154,0,0,0,0,56,0,0,0,0
zc,TA209,2012-06-14 09:03:00.940,7004.0000,533966,22,0.0000,66.0000,44,22,多开,B,7002.0000,0.0000,0.0000,0.0000,0.0000,7004.0000,0.0000,0.0000,0.0000,0.0000,124,0,0,0,0,72,0,0,0,0
zc,TA209,2012-06-14 09:03:01.673,7004.0000,533962,-4,0.0000,18.0000,7,11,空平,B,7002.0000,0.0000,0.0000,0.0000,0.0000,7004.0000,0.0000,0.0000,0.0000,0.0000,121,0,0,0,0,84,0,0,0,0
zc,TA209,2012-06-14 09:03:02.173,7002.0000,533936,-26,0.0000,32.0000,3,29,多平,S,7002.0000,0.0000,0.0000,0.0000,0.0000,7004.0000,0.0000,0.0000,0.0000,0.0000,114,0,0,0,0,120,0,0,0,0
zc,TA209,2012-06-14 09:03:03.423,7002.0000,533662,-274,0.0000,338.0000,32,306,多平,S,7000.0000,0.0000,0.0000,0.0000,0.0000,7002.0000,0.0000,0.0000,0.0000,0.0000,712,0,0,0,0,14,0,0,0,0
zc,TA209,2012-06-14 09:03:03.940,7002.0000,533574,-88,0.0000,228.0000,70,158,多平,S,7000.0000,0.0000,0.0000,0.0000,0.0000,7002.0000,0.0000,0.0000,0.0000,0.0000,709,0,0,0,0,4,0,0,0,0
zc,TA209,2012-06-14 09:03:04.407,7004.0000,533610,36,0.0000,118.0000,77,41,多开,B,7002.0000,0.0000,0.0000,0.0000,0.0000,7004.0000,0.0000,0.0000,0.0000,0.0000,180,0,0,0,0,185,0,0,0,0
zc,TA209,2012-06-14 09:03:04.940,7002.0000,533596,-14,0.0000,30.0000,8,22,多平,S,7002.0000,0.0000,0.0000,0.0000,0.0000,7004.0000,0.0000,0.0000,0.0000,0.0000,177,0,0,0,0,147,0,0,0,0
zc,TA209,2012-06-14 09:03:05.707,7002.0000,533556,-40,0.0000,52.0000,6,46,多平,S,7002.0000,0.0000,0.0000,0.0000,0.0000,7004.0000,0.0000,0.0000,0.0000,0.0000,313,0,0,0,0,149,0,0,0,0
zc,TA209,2012-06-14 09:03:06.190,7002.0000,533422,-134,0.0000,276.0000,71,205,多平,S,7002.0000,0.0000,0.0000,0.0000,0.0000,7004.0000,0.0000,0.0000,0.0000,0.0000,256,0,0,0,0,69,0,0,0,0
zc,TA209,2012-06-14 09:03:06.673,7002.0000,533476,54,0.0000,120.0000,87,33,空开,S,7002.0000,0.0000,0.0000,0.0000,0.0000,7004.0000,0.0000,0.0000,0.0000,0.0000,200,0,0,0,0,79,0,0,0,0
zc,TA209,2012-06-14 09:03:07.407,7002.0000,533540,64,0.0000,78.0000,71,7,空开,S,7002.0000,0.0000,0.0000,0.0000,0.0000,7004.0000,0.0000,0.0000,0.0000,0.0000,215,0,0,0,0,77,0,0,0,0
zc,TA209,2012-06-14 09:03:07.940,7004.0000,533564,24,0.0000,58.0000,41,17,多开,B,7002.0000,0.0000,0.0000,0.0000,0.0000,7004.0000,0.0000,0.0000,0.0000,0.0000,209,0,0,0,0,77,0,0,0,0
zc,TA209,2012-06-14 09:03:08.690,7004.0000,533570,6,0.0000,20.0000,13,7,多开,B,7002.0000,0.0000,0.0000,0.0000,0.0000,7004.0000,0.0000,0.0000,0.0000,0.0000,210,0,0,0,0,72,0,0,0,0
zc,TA209,2012-06-14 09:03:09.190,7004.0000,533654,84,0.0000,92.0000,88,4,多开,B,7002.0000,0.0000,0.0000,0.0000,0.0000,7004.0000,0.0000,0.0000,0.0000,0.0000,169,0,0,0,0,78,0,0,0,0
zc,TA209,2012-06-14 09:03:09.940,7002.0000,533576,-78,0.0000,114.0000,18,96,多平,S,7002.0000,0.0000,0.0000,0.0000,0.0000,7004.0000,0.0000,0.0000,0.0000,0.0000,279,0,0,0,0,38,0,0,0,0
zc,TA209,2012-06-14 09:03:10.190,7002.0000,533576,0,0.0000,46.0000,23,23,空换,S,7002.0000,0.0000,0.0000,0.0000,0.0000,7004.0000,0.0000,0.0000,0.0000,0.0000,258,0,0,0,0,38,0,0,0,0
zc,TA209,2012-06-14 09:03:10.940,7004.0000,533576,0,0.0000,4.0000,2,2,多换,B,7002.0000,0.0000,0.0000,0.0000,0.0000,7004.0000,0.0000,0.0000,0.0000,0.0000,312,0,0,0,0,37,0,0,0,0
zc,TA209,2012-06-14 09:03:11.423,7004.0000,533574,-2,0.0000,98.0000,48,50,空平,B,7002.0000,0.0000,0.0000,0.0000,0.0000,7006.0000,0.0000,0.0000,0.0000,0.0000,314,0,0,0,0,78,0,0,0,0
zc,TA209,2012-06-14 09:03:12.127,7002.0000,533576,2,0.0000,36.0000,19,17,空开,S,7002.0000,0.0000,0.0000,0.0000,0.0000,7006.0000,0.0000,0.0000,0.0000,0.0000,304,0,0,0,0,77,0,0,0,0
zc,TA209,2012-06-14 09:03:13.173,7004.0000,533582,6,0.0000,6.0000,6,0,双开,B,7002.0000,0.0000,0.0000,0.0000,0.0000,7004.0000,0.0000,0.0000,0.0000,0.0000,305,0,0,0,0,2,0,0,0,0
zc,TA209,2012-06-14 09:03:13.923,7006.0000,533600,18,0.0000,22.0000,20,2,多开,B,7002.0000,0.0000,0.0000,0.0000,0.0000,7006.0000,0.0000,0.0000,0.0000,0.0000,462,0,0,0,0,68,0,0,0,0
zc,TA209,2012-06-14 09:03:14.440,7002.0000,533622,22,0.0000,32.0000,27,5,空开,S,7002.0000,0.0000,0.0000,0.0000,0.0000,7004.0000,0.0000,0.0000,0.0000,0.0000,292,0,0,0,0,2,0,0,0,0
zc,TA209,2012-06-14 09:03:14.940,7002.0000,533648,26,0.0000,34.0000,30,4,空开,S,7002.0000,0.0000,0.0000,0.0000,0.0000,7004.0000,0.0000,0.0000,0.0000,0.0000,280,0,0,0,0,87,0,0,0,0
zc,TA209,2012-06-14 09:03:15.457,7002.0000,533804,156,0.0000,160.0000,158,2,空开,S,7002.0000,0.0000,0.0000,0.0000,0.0000,7004.0000,0.0000,0.0000,0.0000,0.0000,281,0,0,0,0,12,0,0,0,0
zc,TA209,2012-06-14 09:03:16.173,7008.0000,533880,76,0.0000,108.0000,92,16,多开,B,7002.0000,0.0000,0.0000,0.0000,0.0000,7006.0000,0.0000,0.0000,0.0000,0.0000,287,0,0,0,0,2,0,0,0,0
zc,TA209,2012-06-14 09:03:16.737,7004.0000,533878,-2,0.0000,16.0000,7,9,多平,S,7004.0000,0.0000,0.0000,0.0000,0.0000,7008.0000,0.0000,0.0000,0.0000,0.0000,15,0,0,0,0,20,0,0,0,0
zc,TA209,2012-06-14 09:03:17.173,7004.0000,533898,20,0.0000,42.0000,31,11,空开,S,7006.0000,0.0000,0.0000,0.0000,0.0000,7008.0000,0.0000,0.0000,0.0000,0.0000,1,0,0,0,0,21,0,0,0,0
zc,TA209,2012-06-14 09:03:17.940,7008.0000,533900,2,0.0000,2.0000,2,0,双开,B,7006.0000,0.0000,0.0000,0.0000,0.0000,7008.0000,0.0000,0.0000,0.0000,0.0000,1,0,0,0,0,20,0,0,0,0
zc,TA209,2012-06-14 09:03:18.470,7008.0000,533866,-34,0.0000,182.0000,74,108,空平,B,7008.0000,0.0000,0.0000,0.0000,0.0000,7010.0000,0.0000,0.0000,0.0000,0.0000,309,0,0,0,0,119,0,0,0,0
zc,TA209,2012-06-14 09:03:19.173,7008.0000,533864,-2,0.0000,34.0000,16,18,空平,B,7008.0000,0.0000,0.0000,0.0000,0.0000,7010.0000,0.0000,0.0000,0.0000,0.0000,297,0,0,0,0,119,0,0,0,0
zc,TA209,2012-06-14 09:03:19.440,7008.0000,533862,-2,0.0000,32.0000,15,17,空平,B,7008.0000,0.0000,0.0000,0.0000,0.0000,7010.0000,0.0000,0.0000,0.0000,0.0000,293,0,0,0,0,121,0,0,0,0
zc,TA209,2012-06-14 09:03:20.173,7010.0000,533860,-2,0.0000,22.0000,10,12,空平,B,7008.0000,0.0000,0.0000,0.0000,0.0000,7010.0000,0.0000,0.0000,0.0000,0.0000,292,0,0,0,0,121,0,0,0,0
zc,TA209,2012-06-14 09:03:20.657,7010.0000,533868,8,0.0000,8.0000,8,0,双开,B,7008.0000,0.0000,0.0000,0.0000,0.0000,7010.0000,0.0000,0.0000,0.0000,0.0000,327,0,0,0,0,126,0,0,0,0
zc,TA209,2012-06-14 09:03:21.157,7008.0000,533868,0,0.0000,4.0000,2,2,空换,S,7008.0000,0.0000,0.0000,0.0000,0.0000,7010.0000,0.0000,0.0000,0.0000,0.0000,326,0,0,0,0,125,0,0,0,0
zc,TA209,2012-06-14 09:03:21.907,7010.0000,533812,-56,0.0000,192.0000,68,124,空平,B,7008.0000,0.0000,0.0000,0.0000,0.0000,7010.0000,0.0000,0.0000,0.0000,0.0000,293,0,0,0,0,177,0,0,0,0
zc,TA209,2012-06-14 09:03:22.440,7010.0000,533814,2,0.0000,6.0000,4,2,多开,B,7008.0000,0.0000,0.0000,0.0000,0.0000,7010.0000,0.0000,0.0000,0.0000,0.0000,295,0,0,0,0,240,0,0,0,0
zc,TA209,2012-06-14 09:03:23.173,7010.0000,533622,-192,0.0000,304.0000,56,248,空平,B,7008.0000,0.0000,0.0000,0.0000,0.0000,7010.0000,0.0000,0.0000,0.0000,0.0000,296,0,0,0,0,91,0,0,0,0
zc,TA209,2012-06-14 09:03:23.487,7010.0000,533620,-2,0.0000,64.0000,31,33,空平,B,7008.0000,0.0000,0.0000,0.0000,0.0000,7010.0000,0.0000,0.0000,0.0000,0.0000,48,0,0,0,0,84,0,0,0,0
zc,TA209,2012-06-14 09:03:24.237,7012.0000,533622,2,0.0000,196.0000,99,97,多开,B,7010.0000,0.0000,0.0000,0.0000,0.0000,7012.0000,0.0000,0.0000,0.0000,0.0000,196,0,0,0,0,47,0,0,0,0
zc,TA209,2012-06-14 09:03:24.673,7010.0000,533616,-6,0.0000,68.0000,31,37,多平,S,7010.0000,0.0000,0.0000,0.0000,0.0000,7012.0000,0.0000,0.0000,0.0000,0.0000,180,0,0,0,0,47,0,0,0,0
zc,TA209,2012-06-14 09:03:25.457,7010.0000,533654,38,0.0000,134.0000,86,48,空开,S,7010.0000,0.0000,0.0000,0.0000,0.0000,7012.0000,0.0000,0.0000,0.0000,0.0000,172,0,0,0,0,4,0,0,0,0
zc,TA209,2012-06-14 09:03:25.957,7012.0000,533670,16,0.0000,28.0000,22,6,多开,B,7012.0000,0.0000,0.0000,0.0000,0.0000,7014.0000,0.0000,0.0000,0.0000,0.0000,62,0,0,0,0,72,0,0,0,0
zc,TA209,2012-06-14 09:03:26.423,7014.0000,533662,-8,0.0000,12.0000,2,10,空平,B,7012.0000,0.0000,0.0000,0.0000,0.0000,7014.0000,0.0000,0.0000,0.0000,0.0000,149,0,0,0,0,94,0,0,0,0
zc,TA209,2012-06-14 09:03:27.143,7014.0000,533660,-2,0.0000,106.0000,52,54,空平,B,7012.0000,0.0000,0.0000,0.0000,0.0000,7014.0000,0.0000,0.0000,0.0000,0.0000,159,0,0,0,0,52,0,0,0,0
zc,TA209,2012-06-14 09:03:27.690,7012.0000,533722,62,0.0000,144.0000,103,41,空开,S,7012.0000,0.0000,0.0000,0.0000,0.0000,7016.0000,0.0000,0.0000,0.0000,0.0000,159,0,0,0,0,302,0,0,0,0
zc,TA209,2012-06-14 09:03:28.470,7016.0000,533750,28,0.0000,106.0000,67,39,多开,B,7014.0000,0.0000,0.0000,0.0000,0.0000,7016.0000,0.0000,0.0000,0.0000,0.0000,22,0,0,0,0,251,0,0,0,0
zc,TA209,2012-06-14 09:03:28.957,7016.0000,533838,88,0.0000,132.0000,110,22,多开,B,7014.0000,0.0000,0.0000,0.0000,0.0000,7016.0000,0.0000,0.0000,0.0000,0.0000,5,0,0,0,0,219,0,0,0,0
zc,TA209,2012-06-14 09:03:29.673,7016.0000,533950,112,0.0000,160.0000,136,24,多开,B,7014.0000,0.0000,0.0000,0.0000,0.0000,7016.0000,0.0000,0.0000,0.0000,0.0000,18,0,0,0,0,167,0,0,0,0
zc,TA209,2012-06-14 09:03:30.173,7018.0000,534076,126,0.0000,358.0000,242,116,多开,B,7014.0000,0.0000,0.0000,0.0000,0.0000,7018.0000,0.0000,0.0000,0.0000,0.0000,24,0,0,0,0,100,0,0,0,0
zc,TA209,2012-06-14 09:03:30.877,7016.0000,534110,34,0.0000,46.0000,40,6,空开,S,7016.0000,0.0000,0.0000,0.0000,0.0000,7018.0000,0.0000,0.0000,0.0000,0.0000,24,0,0,0,0,85,0,0,0,0
zc,TA209,2012-06-14 09:03:31.157,7018.0000,534100,-10,0.0000,14.0000,2,12,空平,B,7016.0000,0.0000,0.0000,0.0000,0.0000,7018.0000,0.0000,0.0000,0.0000,0.0000,204,0,0,0,0,80,0,0,0,0
zc,TA209,2012-06-14 09:03:31.923,7018.0000,534222,122,0.0000,186.0000,154,32,多开,B,7018.0000,0.0000,0.0000,0.0000,0.0000,7020.0000,0.0000,0.0000,0.0000,0.0000,58,0,0,0,0,345,0,0,0,0
zc,TA209,2012-06-14 09:03:32.423,7018.0000,534238,16,0.0000,48.0000,32,16,多开,B,7018.0000,0.0000,0.0000,0.0000,0.0000,7020.0000,0.0000,0.0000,0.0000,0.0000,63,0,0,0,0,344,0,0,0,0
zc,TA209,2012-06-14 09:03:33.190,7018.0000,534274,36,0.0000,120.0000,78,42,多开,B,7018.0000,0.0000,0.0000,0.0000,0.0000,7020.0000,0.0000,0.0000,0.0000,0.0000,66,0,0,0,0,296,0,0,0,0
zc,TA209,2012-06-14 09:03:33.643,7020.0000,534352,78,0.0000,198.0000,138,60,多开,B,7018.0000,0.0000,0.0000,0.0000,0.0000,7020.0000,0.0000,0.0000,0.0000,0.0000,80,0,0,0,0,234,0,0,0,0
zc,TA209,2012-06-14 09:03:34.440,7020.0000,534286,-66,0.0000,174.0000,54,120,空平,B,7018.0000,0.0000,0.0000,0.0000,0.0000,7020.0000,0.0000,0.0000,0.0000,0.0000,122,0,0,0,0,162,0,0,0,0
zc,TA209,2012-06-14 09:03:34.957,7020.0000,534156,-130,0.0000,342.0000,106,236,空平,B,7020.0000,0.0000,0.0000,0.0000,0.0000,7022.0000,0.0000,0.0000,0.0000,0.0000,175,0,0,0,0,135,0,0,0,0
zc,TA209,2012-06-14 09:03:35.457,7020.0000,534120,-36,0.0000,130.0000,47,83,空平,B,7020.0000,0.0000,0.0000,0.0000,0.0000,7022.0000,0.0000,0.0000,0.0000,0.0000,276,0,0,0,0,112,0,0,0,0
zc,TA209,2012-06-14 09:03:36.157,7022.0000,534166,46,0.0000,236.0000,141,95,多开,B,7022.0000,0.0000,0.0000,0.0000,0.0000,7024.0000,0.0000,0.0000,0.0000,0.0000,26,0,0,0,0,123,0,0,0,0
zc,TA209,2012-06-14 09:03:36.423,7022.0000,534232,66,0.0000,114.0000,90,24,多开,B,7022.0000,0.0000,0.0000,0.0000,0.0000,7024.0000,0.0000,0.0000,0.0000,0.0000,143,0,0,0,0,113,0,0,0,0
zc,TA209,2012-06-14 09:03:37.173,7024.0000,534278,46,0.0000,170.0000,108,62,多开,B,7022.0000,0.0000,0.0000,0.0000,0.0000,7024.0000,0.0000,0.0000,0.0000,0.0000,188,0,0,0,0,150,0,0,0,0
zc,TA209,2012-06-14 09:03:37.657,7024.0000,534418,140,0.0000,474.0000,307,167,多开,B,7022.0000,0.0000,0.0000,0.0000,0.0000,7024.0000,0.0000,0.0000,0.0000,0.0000,213,0,0,0,0,94,0,0,0,0
zc,TA209,2012-06-14 09:03:38.423,7024.0000,534576,158,0.0000,232.0000,195,37,多开,B,7022.0000,0.0000,0.0000,0.0000,0.0000,7024.0000,0.0000,0.0000,0.0000,0.0000,195,0,0,0,0,1,0,0,0,0
zc,TA209,2012-06-14 09:03:38.940,7024.0000,534540,-36,0.0000,46.0000,5,41,空平,B,7024.0000,0.0000,0.0000,0.0000,0.0000,7026.0000,0.0000,0.0000,0.0000,0.0000,163,0,0,0,0,28,0,0,0,0
zc,TA209,2012-06-14 09:03:39.657,7024.0000,534576,36,0.0000,140.0000,88,52,多开,B,7024.0000,0.0000,0.0000,0.0000,0.0000,7026.0000,0.0000,0.0000,0.0000,0.0000,171,0,0,0,0,32,0,0,0,0
zc,TA209,2012-06-14 09:03:40.190,7028.0000,534630,54,0.0000,186.0000,120,66,多开,B,7026.0000,0.0000,0.0000,0.0000,0.0000,7028.0000,0.0000,0.0000,0.0000,0.0000,31,0,0,0,0,134,0,0,0,0
zc,TA209,2012-06-14 09:03:40.907,7026.0000,534692,62,0.0000,222.0000,142,80,空开,S,7026.0000,0.0000,0.0000,0.0000,0.0000,7028.0000,0.0000,0.0000,0.0000,0.0000,83,0,0,0,0,95,0,0,0,0
zc,TA209,2012-06-14 09:03:41.720,7028.0000,534582,-110,0.0000,200.0000,45,155,空平,B,7028.0000,0.0000,0.0000,0.0000,0.0000,7030.0000,0.0000,0.0000,0.0000,0.0000,307,0,0,0,0,63,0,0,0,0
zc,TA209,2012-06-14 09:03:41.907,7028.0000,534576,-6,0.0000,40.0000,17,23,空平,B,7028.0000,0.0000,0.0000,0.0000,0.0000,7030.0000,0.0000,0.0000,0.0000,0.0000,552,0,0,0,0,58,0,0,0,0
zc,TA209,2012-06-14 09:03:42.643,7028.0000,534548,-28,0.0000,162.0000,67,95,空平,B,7028.0000,0.0000,0.0000,0.0000,0.0000,7030.0000,0.0000,0.0000,0.0000,0.0000,361,0,0,0,0,14,0,0,0,0
zc,TA209,2012-06-14 09:03:43.190,7030.0000,534544,-4,0.0000,52.0000,24,28,空平,B,7028.0000,0.0000,0.0000,0.0000,0.0000,7030.0000,0.0000,0.0000,0.0000,0.0000,388,0,0,0,0,16,0,0,0,0
zc,TA209,2012-06-14 09:03:43.940,7032.0000,534550,6,0.0000,76.0000,41,35,多开,B,7030.0000,0.0000,0.0000,0.0000,0.0000,7032.0000,0.0000,0.0000,0.0000,0.0000,12,0,0,0,0,59,0,0,0,0
zc,TA209,2012-06-14 09:03:44.673,7032.0000,534580,30,0.0000,198.0000,114,84,多开,B,7030.0000,0.0000,0.0000,0.0000,0.0000,7032.0000,0.0000,0.0000,0.0000,0.0000,224,0,0,0,0,184,0,0,0,0
zc,TA209,2012-06-14 09:03:45.407,7030.0000,534528,-52,0.0000,292.0000,120,172,多平,S,7030.0000,0.0000,0.0000,0.0000,0.0000,7032.0000,0.0000,0.0000,0.0000,0.0000,206,0,0,0,0,76,0,0,0,0
zc,TA209,2012-06-14 09:03:45.940,7030.0000,534606,78,0.0000,228.0000,153,75,空开,S,7030.0000,0.0000,0.0000,0.0000,0.0000,7032.0000,0.0000,0.0000,0.0000,0.0000,194,0,0,0,0,10,0,0,0,0
zc,TA209,2012-06-14 09:03:46.707,7032.0000,534628,22,0.0000,130.0000,76,54,多开,B,7032.0000,0.0000,0.0000,0.0000,0.0000,7034.0000,0.0000,0.0000,0.0000,0.0000,140,0,0,0,0,82,0,0,0,0
zc,TA209,2012-06-14 09:03:47.173,7034.0000,534654,26,0.0000,640.0000,333,307,多开,B,7032.0000,0.0000,0.0000,0.0000,0.0000,7034.0000,0.0000,0.0000,0.0000,0.0000,187,0,0,0,0,23,0,0,0,0
zc,TA209,2012-06-14 09:03:47.690,7034.0000,534470,-184,0.0000,226.0000,21,205,空平,B,7034.0000,0.0000,0.0000,0.0000,0.0000,7036.0000,0.0000,0.0000,0.0000,0.0000,7,0,0,0,0,71,0,0,0,0
zc,TA209,2012-06-14 09:03:48.190,7032.0000,534536,66,0.0000,362.0000,214,148,空开,S,7032.0000,0.0000,0.0000,0.0000,0.0000,7034.0000,0.0000,0.0000,0.0000,0.0000,85,0,0,0,0,130,0,0,0,0
zc,TA209,2012-06-14 09:03:48.957,7032.0000,534360,-176,0.0000,368.0000,96,272,多平,S,7030.0000,0.0000,0.0000,0.0000,0.0000,7032.0000,0.0000,0.0000,0.0000,0.0000,114,0,0,0,0,136,0,0,0,0
zc,TA209,2012-06-14 09:03:49.440,7032.0000,534358,-2,0.0000,30.0000,14,16,多平,S,7030.0000,0.0000,0.0000,0.0000,0.0000,7032.0000,0.0000,0.0000,0.0000,0.0000,122,0,0,0,0,446,0,0,0,0
zc,TA209,2012-06-14 09:03:50.190,7028.0000,534238,-120,0.0000,632.0000,256,376,多平,S,7028.0000,0.0000,0.0000,0.0000,0.0000,7030.0000,0.0000,0.0000,0.0000,0.0000,131,0,0,0,0,20,0,0,0,0
zc,TA209,2012-06-14 09:03:50.673,7030.0000,534312,74,0.0000,338.0000,206,132,多开,B,7030.0000,0.0000,0.0000,0.0000,0.0000,7032.0000,0.0000,0.0000,0.0000,0.0000,69,0,0,0,0,348,0,0,0,0
zc,TA209,2012-06-14 09:03:51.440,7030.0000,534366,54,0.0000,120.0000,87,33,多开,B,7030.0000,0.0000,0.0000,0.0000,0.0000,7032.0000,0.0000,0.0000,0.0000,0.0000,38,0,0,0,0,364,0,0,0,0
zc,TA209,2012-06-14 09:03:52.237,7030.0000,534550,184,0.0000,304.0000,244,60,多开,B,7028.0000,0.0000,0.0000,0.0000,0.0000,7030.0000,0.0000,0.0000,0.0000,0.0000,136,0,0,0,0,197,0,0,0,0
zc,TA209,2012-06-14 09:03:52.423,7030.0000,534668,118,0.0000,166.0000,142,24,多开,B,7028.0000,0.0000,0.0000,0.0000,0.0000,7030.0000,0.0000,0.0000,0.0000,0.0000,106,0,0,0,0,244,0,0,0,0
zc,TA209,2012-06-14 09:03:53.237,7028.0000,534700,32,0.0000,84.0000,58,26,空开,S,7028.0000,0.0000,0.0000,0.0000,0.0000,7030.0000,0.0000,0.0000,0.0000,0.0000,109,0,0,0,0,237,0,0,0,0
zc,TA209,2012-06-14 09:03:53.643,7030.0000,534718,18,0.0000,194.0000,106,88,多开,B,7028.0000,0.0000,0.0000,0.0000,0.0000,7030.0000,0.0000,0.0000,0.0000,0.0000,90,0,0,0,0,204,0,0,0,0
zc,TA209,2012-06-14 09:03:54.407,7028.0000,534756,38,0.0000,142.0000,90,52,空开,S,7028.0000,0.0000,0.0000,0.0000,0.0000,7030.0000,0.0000,0.0000,0.0000,0.0000,47,0,0,0,0,258,0,0,0,0
zc,TA209,2012-06-14 09:03:54.957,7030.0000,534706,-50,0.0000,232.0000,91,141,空平,B,7026.0000,0.0000,0.0000,0.0000,0.0000,7030.0000,0.0000,0.0000,0.0000,0.0000,508,0,0,0,0,214,0,0,0,0
zc,TA209,2012-06-14 09:03:55.673,7028.0000,534694,-12,0.0000,28.0000,8,20,多平,S,7028.0000,0.0000,0.0000,0.0000,0.0000,7030.0000,0.0000,0.0000,0.0000,0.0000,209,0,0,0,0,212,0,0,0,0
zc,TA209,2012-06-14 09:03:56.207,7030.0000,534742,48,0.0000,654.0000,351,303,多开,B,7030.0000,0.0000,0.0000,0.0000,0.0000,7032.0000,0.0000,0.0000,0.0000,0.0000,81,0,0,0,0,187,0,0,0,0
zc,TA209,2012-06-14 09:03:56.987,7028.0000,534914,172,0.0000,254.0000,213,41,空开,S,7028.0000,0.0000,0.0000,0.0000,0.0000,7032.0000,0.0000,0.0000,0.0000,0.0000,355,0,0,0,0,237,0,0,0,0
zc,TA209,2012-06-14 09:03:57.457,7030.0000,534900,-14,0.0000,40.0000,13,27,空平,B,7028.0000,0.0000,0.0000,0.0000,0.0000,7030.0000,0.0000,0.0000,0.0000,0.0000,366,0,0,0,0,1,0,0,0,0
zc,TA209,2012-06-14 09:03:57.940,7032.0000,534882,-18,0.0000,58.0000,20,38,空平,B,7030.0000,0.0000,0.0000,0.0000,0.0000,7032.0000,0.0000,0.0000,0.0000,0.0000,2,0,0,0,0,277,0,0,0,0
zc,TA209,2012-06-14 09:03:58.707,7028.0000,534702,-180,0.0000,214.0000,17,197,多平,S,7028.0000,0.0000,0.0000,0.0000,0.0000,7030.0000,0.0000,0.0000,0.0000,0.0000,409,0,0,0,0,45,0,0,0,0
zc,TA209,2012-06-14 09:03:59.517,7030.0000,534354,-348,0.0000,852.0000,252,600,空平,B,7030.0000,0.0000,0.0000,0.0000,0.0000,7032.0000,0.0000,0.0000,0.0000,0.0000,63,0,0,0,0,261,0,0,0,0
zc,TA209,2012-06-14 09:03:59.957,7030.0000,534244,-110,0.0000,146.0000,18,128,空平,B,7030.0000,0.0000,0.0000,0.0000,0.0000,7032.0000,0.0000,0.0000,0.0000,0.0000,46,0,0,0,0,263,0,0,0,0
zc,TA209,2012-06-14 09:04:00.673,7030.0000,534246,2,0.0000,106.0000,54,52,多开,B,7030.0000,0.0000,0.0000,0.0000,0.0000,7032.0000,0.0000,0.0000,0.0000,0.0000,1,0,0,0,0,262,0,0,0,0
zc,TA209,2012-06-14 09:04:01.173,7030.0000,534240,-6,0.0000,118.0000,56,62,空平,B,7030.0000,0.0000,0.0000,0.0000,0.0000,7032.0000,0.0000,0.0000,0.0000,0.0000,68,0,0,0,0,249,0,0,0,0
zc,TA209,2012-06-14 09:04:01.907,7030.0000,534306,66,0.0000,182.0000,124,58,多开,B,7030.0000,0.0000,0.0000,0.0000,0.0000,7032.0000,0.0000,0.0000,0.0000,0.0000,110,0,0,0,0,243,0,0,0,0
zc,TA209,2012-06-14 09:04:03.143,7032.0000,534364,58,0.0000,862.0000,460,402,多开,B,7032.0000,0.0000,0.0000,0.0000,0.0000,7034.0000,0.0000,0.0000,0.0000,0.0000,312,0,0,0,0,147,0,0,0,0
zc,TA209,2012-06-14 09:04:03.970,7034.0000,534292,-72,0.0000,330.0000,129,201,空平,B,7034.0000,0.0000,0.0000,0.0000,0.0000,7036.0000,0.0000,0.0000,0.0000,0.0000,104,0,0,0,0,100,0,0,0,0
zc,TA209,2012-06-14 09:04:04.423,7034.0000,534300,8,0.0000,310.0000,159,151,多开,B,7034.0000,0.0000,0.0000,0.0000,0.0000,7036.0000,0.0000,0.0000,0.0000,0.0000,199,0,0,0,0,30,0,0,0,0
zc,TA209,2012-06-14 09:04:05.207,7036.0000,534408,108,0.0000,156.0000,132,24,多开,B,7036.0000,0.0000,0.0000,0.0000,0.0000,7038.0000,0.0000,0.0000,0.0000,0.0000,94,0,0,0,0,199,0,0,0,0
zc,TA209,2012-06-14 09:04:05.673,7038.0000,534412,4,0.0000,62.0000,33,29,多开,B,7036.0000,0.0000,0.0000,0.0000,0.0000,7038.0000,0.0000,0.0000,0.0000,0.0000,96,0,0,0,0,188,0,0,0,0
zc,TA209,2012-06-14 09:04:06.143,7036.0000,534446,34,0.0000,174.0000,104,70,空开,S,7036.0000,0.0000,0.0000,0.0000,0.0000,7038.0000,0.0000,0.0000,0.0000,0.0000,172,0,0,0,0,143,0,0,0,0
zc,TA209,2012-06-14 09:04:06.690,7040.0000,534912,466,0.0000,694.0000,580,114,多开,B,7038.0000,0.0000,0.0000,0.0000,0.0000,7040.0000,0.0000,0.0000,0.0000,0.0000,195,0,0,0,0,1,0,0,0,0
zc,TA209,2012-06-14 09:04:07.487,7040.0000,534956,44,0.0000,298.0000,171,127,多开,B,7042.0000,0.0000,0.0000,0.0000,0.0000,7044.0000,0.0000,0.0000,0.0000,0.0000,5,0,0,0,0,33,0,0,0,0
zc,TA209,2012-06-14 09:04:07.923,7042.0000,534964,8,0.0000,58.0000,33,25,多开,B,7042.0000,0.0000,0.0000,0.0000,0.0000,7044.0000,0.0000,0.0000,0.0000,0.0000,89,0,0,0,0,31,0,0,0,0
zc,TA209,2012-06-14 09:04:08.707,7044.0000,534806,-158,0.0000,492.0000,167,325,空平,B,7042.0000,0.0000,0.0000,0.0000,0.0000,7044.0000,0.0000,0.0000,0.0000,0.0000,3,0,0,0,0,45,0,0,0,0
zc,TA209,2012-06-14 09:04:09.190,7044.0000,534832,26,0.0000,180.0000,103,77,多开,B,7042.0000,0.0000,0.0000,0.0000,0.0000,7044.0000,0.0000,0.0000,0.0000,0.0000,12,0,0,0,0,74,0,0,0,0
zc,TA209,2012-06-14 09:04:09.720,7042.0000,535086,254,0.0000,302.0000,278,24,空开,S,7040.0000,0.0000,0.0000,0.0000,0.0000,7042.0000,0.0000,0.0000,0.0000,0.0000,84,0,0,0,0,291,0,0,0,0
zc,TA209,2012-06-14 09:04:10.440,7040.0000,535146,60,0.0000,456.0000,258,198,空开,S,7038.0000,0.0000,0.0000,0.0000,0.0000,7042.0000,0.0000,0.0000,0.0000,0.0000,364,0,0,0,0,311,0,0,0,0
zc,TA209,2012-06-14 09:04:10.987,7040.0000,535060,-86,0.0000,438.0000,176,262,多平,S,7038.0000,0.0000,0.0000,0.0000,0.0000,7040.0000,0.0000,0.0000,0.0000,0.0000,358,0,0,0,0,1,0,0,0,0
zc,TA209,2012-06-14 09:04:11.753,7040.0000,535120,60,0.0000,408.0000,234,174,空开,S,7038.0000,0.0000,0.0000,0.0000,0.0000,7040.0000,0.0000,0.0000,0.0000,0.0000,243,0,0,0,0,34,0,0,0,0
zc,TA209,2012-06-14 09:04:12.457,7038.0000,535152,32,0.0000,212.0000,122,90,空开,S,7038.0000,0.0000,0.0000,0.0000,0.0000,7040.0000,0.0000,0.0000,0.0000,0.0000,196,0,0,0,0,48,0,0,0,0
zc,TA209,2012-06-14 09:04:13.220,7038.0000,535048,-104,0.0000,266.0000,81,185,多平,S,7038.0000,0.0000,0.0000,0.0000,0.0000,7042.0000,0.0000,0.0000,0.0000,0.0000,173,0,0,0,0,184,0,0,0,0
zc,TA209,2012-06-14 09:04:13.690,7040.0000,535118,70,0.0000,116.0000,93,23,多开,B,7040.0000,0.0000,0.0000,0.0000,0.0000,7042.0000,0.0000,0.0000,0.0000,0.0000,96,0,0,0,0,205,0,0,0,0
zc,TA209,2012-06-14 09:04:14.470,7038.0000,535262,144,0.0000,464.0000,304,160,空开,S,7038.0000,0.0000,0.0000,0.0000,0.0000,7040.0000,0.0000,0.0000,0.0000,0.0000,49,0,0,0,0,7,0,0,0,0
zc,TA209,2012-06-14 09:04:14.970,7040.0000,535260,-2,0.0000,182.0000,90,92,空平,B,7038.0000,0.0000,0.0000,0.0000,0.0000,7040.0000,0.0000,0.0000,0.0000,0.0000,47,0,0,0,0,10,0,0,0,0
zc,TA209,2012-06-14 09:04:15.737,7038.0000,535420,160,0.0000,668.0000,414,254,空开,S,7036.0000,0.0000,0.0000,0.0000,0.0000,7038.0000,0.0000,0.0000,0.0000,0.0000,94,0,0,0,0,116,0,0,0,0
zc,TA209,2012-06-14 09:04:16.423,7038.0000,535406,-14,0.0000,22.0000,4,18,多平,S,7036.0000,0.0000,0.0000,0.0000,0.0000,7038.0000,0.0000,0.0000,0.0000,0.0000,101,0,0,0,0,110,0,0,0,0
zc,TA209,2012-06-14 09:04:16.940,7038.0000,535338,-68,0.0000,170.0000,51,119,多平,S,7036.0000,0.0000,0.0000,0.0000,0.0000,7038.0000,0.0000,0.0000,0.0000,0.0000,71,0,0,0,0,54,0,0,0,0
zc,TA209,2012-06-14 09:04:17.393,7036.0000,535300,-38,0.0000,92.0000,27,65,多平,S,7036.0000,0.0000,0.0000,0.0000,0.0000,7038.0000,0.0000,0.0000,0.0000,0.0000,53,0,0,0,0,30,0,0,0,0
zc,TA209,2012-06-14 09:04:18.173,7038.0000,535324,24,0.0000,80.0000,52,28,多开,B,7036.0000,0.0000,0.0000,0.0000,0.0000,7038.0000,0.0000,0.0000,0.0000,0.0000,44,0,0,0,0,12,0,0,0,0
zc,TA209,2012-06-14 09:04:18.720,7034.0000,535246,-78,0.0000,530.0000,226,304,多平,S,7032.0000,0.0000,0.0000,0.0000,0.0000,7034.0000,0.0000,0.0000,0.0000,0.0000,147,0,0,0,0,257,0,0,0,0
zc,TA209,2012-06-14 09:04:19.440,7034.0000,535212,-34,0.0000,66.0000,16,50,多平,S,7032.0000,0.0000,0.0000,0.0000,0.0000,7034.0000,0.0000,0.0000,0.0000,0.0000,147,0,0,0,0,226,0,0,0,0
zc,TA209,2012-06-14 09:04:19.970,7034.0000,534612,-600,0.0000,1184.0000,292,892,多平,S,7028.0000,0.0000,0.0000,0.0000,0.0000,7032.0000,0.0000,0.0000,0.0000,0.0000,65,0,0,0,0,1,0,0,0,0
zc,TA209,2012-06-14 09:04:20.690,7032.0000,534622,10,0.0000,108.0000,59,49,空开,S,7030.0000,0.0000,0.0000,0.0000,0.0000,7032.0000,0.0000,0.0000,0.0000,0.0000,45,0,0,0,0,301,0,0,0,0
zc,TA209,2012-06-14 09:04:21.143,7030.0000,534636,14,0.0000,42.0000,28,14,空开,S,7030.0000,0.0000,0.0000,0.0000,0.0000,7032.0000,0.0000,0.0000,0.0000,0.0000,37,0,0,0,0,291,0,0,0,0
zc,TA209,2012-06-14 09:04:21.893,7030.0000,534616,-20,0.0000,140.0000,60,80,多平,S,7030.0000,0.0000,0.0000,0.0000,0.0000,7032.0000,0.0000,0.0000,0.0000,0.0000,161,0,0,0,0,235,0,0,0,0
zc,TA209,2012-06-14 09:04:22.173,7030.0000,534582,-34,0.0000,94.0000,30,64,多平,S,7030.0000,0.0000,0.0000,0.0000,0.0000,7032.0000,0.0000,0.0000,0.0000,0.0000,146,0,0,0,0,205,0,0,0,0
zc,TA209,2012-06-14 09:04:22.957,7030.0000,534592,10,0.0000,16.0000,13,3,空开,S,7030.0000,0.0000,0.0000,0.0000,0.0000,7032.0000,0.0000,0.0000,0.0000,0.0000,163,0,0,0,0,204,0,0,0,0
zc,TA209,2012-06-14 09:04:23.690,7030.0000,534600,8,0.0000,8.0000,8,0,双开,S,7030.0000,0.0000,0.0000,0.0000,0.0000,7032.0000,0.0000,0.0000,0.0000,0.0000,159,0,0,0,0,204,0,0,0,0
zc,TA209,2012-06-14 09:04:24.190,7030.0000,534746,146,0.0000,290.0000,218,72,空开,S,7030.0000,0.0000,0.0000,0.0000,0.0000,7032.0000,0.0000,0.0000,0.0000,0.0000,12,0,0,0,0,255,0,0,0,0
zc,TA209,2012-06-14 09:04:24.957,7030.0000,534732,-14,0.0000,102.0000,44,58,多平,S,7028.0000,0.0000,0.0000,0.0000,0.0000,7030.0000,0.0000,0.0000,0.0000,0.0000,72,0,0,0,0,183,0,0,0,0
zc,TA209,2012-06-14 09:04:25.207,7030.0000,534726,-6,0.0000,12.0000,3,9,多平,S,7028.0000,0.0000,0.0000,0.0000,0.0000,7030.0000,0.0000,0.0000,0.0000,0.0000,96,0,0,0,0,180,0,0,0,0
zc,TA209,2012-06-14 09:04:25.923,7028.0000,534720,-6,0.0000,22.0000,8,14,多平,S,7028.0000,0.0000,0.0000,0.0000,0.0000,7030.0000,0.0000,0.0000,0.0000,0.0000,98,0,0,0,0,210,0,0,0,0
zc,TA209,2012-06-14 09:04:26.423,7030.0000,534642,-78,0.0000,90.0000,6,84,空平,B,7028.0000,0.0000,0.0000,0.0000,0.0000,7030.0000,0.0000,0.0000,0.0000,0.0000,95,0,0,0,0,176,0,0,0,0
zc,TA209,2012-06-14 09:04:27.157,7028.0000,534436,-206,0.0000,234.0000,14,220,多平,S,7028.0000,0.0000,0.0000,0.0000,0.0000,7030.0000,0.0000,0.0000,0.0000,0.0000,86,0,0,0,0,116,0,0,0,0
zc,TA209,2012-06-14 09:04:27.440,7028.0000,534462,26,0.0000,32.0000,29,3,空开,S,7028.0000,0.0000,0.0000,0.0000,0.0000,7030.0000,0.0000,0.0000,0.0000,0.0000,75,0,0,0,0,113,0,0,0,0
zc,TA209,2012-06-14 09:04:28.207,7030.0000,534544,82,0.0000,440.0000,261,179,多开,B,7028.0000,0.0000,0.0000,0.0000,0.0000,7030.0000,0.0000,0.0000,0.0000,0.0000,2,0,0,0,0,8,0,0,0,0
zc,TA209,2012-06-14 09:04:28.940,7030.0000,534564,20,0.0000,24.0000,22,2,多开,B,7028.0000,0.0000,0.0000,0.0000,0.0000,7030.0000,0.0000,0.0000,0.0000,0.0000,164,0,0,0,0,4,0,0,0,0
zc,TA209,2012-06-14 09:04:29.487,7030.0000,534582,18,0.0000,252.0000,135,117,多开,B,7030.0000,0.0000,0.0000,0.0000,0.0000,7032.0000,0.0000,0.0000,0.0000,0.0000,224,0,0,0,0,227,0,0,0,0
zc,TA209,2012-06-14 09:04:30.173,7030.0000,534572,-10,0.0000,48.0000,19,29,空平,B,7030.0000,0.0000,0.0000,0.0000,0.0000,7032.0000,0.0000,0.0000,0.0000,0.0000,212,0,0,0,0,225,0,0,0,0
zc,TA209,2012-06-14 09:04:30.707,7030.0000,534528,-44,0.0000,46.0000,1,45,空平,B,7030.0000,0.0000,0.0000,0.0000,0.0000,7032.0000,0.0000,0.0000,0.0000,0.0000,308,0,0,0,0,209,0,0,0,0
zc,TA209,2012-06-14 09:04:31.440,7030.0000,534480,-48,0.0000,182.0000,67,115,空平,B,7030.0000,0.0000,0.0000,0.0000,0.0000,7032.0000,0.0000,0.0000,0.0000,0.0000,291,0,0,0,0,147,0,0,0,0
zc,TA209,2012-06-14 09:04:31.987,7032.0000,534222,-258,0.0000,314.0000,28,286,空平,B,7032.0000,0.0000,0.0000,0.0000,0.0000,7034.0000,0.0000,0.0000,0.0000,0.0000,35,0,0,0,0,167,0,0,0,0
zc,TA209,2012-06-14 09:04:32.440,7032.0000,534222,0,0.0000,34.0000,17,17,多换,B,7032.0000,0.0000,0.0000,0.0000,0.0000,7034.0000,0.0000,0.0000,0.0000,0.0000,73,0,0,0,0,167,0,0,0,0
zc,TA209,2012-06-14 09:04:32.923,7032.0000,534242,20,0.0000,60.0000,40,20,多开,B,7032.0000,0.0000,0.0000,0.0000,0.0000,7034.0000,0.0000,0.0000,0.0000,0.0000,79,0,0,0,0,169,0,0,0,0
zc,TA209,2012-06-14 09:04:33.673,7032.0000,534262,20,0.0000,32.0000,26,6,多开,B,7032.0000,0.0000,0.0000,0.0000,0.0000,7034.0000,0.0000,0.0000,0.0000,0.0000,196,0,0,0,0,164,0,0,0,0
zc,TA209,2012-06-14 09:04:34.673,7032.0000,534290,28,0.0000,76.0000,52,24,多开,B,7032.0000,0.0000,0.0000,0.0000,0.0000,7034.0000,0.0000,0.0000,0.0000,0.0000,192,0,0,0,0,147,0,0,0,0
zc,TA209,2012-06-14 09:04:35.190,7032.0000,534266,-24,0.0000,392.0000,184,208,空平,B,7030.0000,0.0000,0.0000,0.0000,0.0000,7032.0000,0.0000,0.0000,0.0000,0.0000,339,0,0,0,0,224,0,0,0,0
zc,TA209,2012-06-14 09:04:35.643,7032.0000,534262,-4,0.0000,14.0000,5,9,空平,B,7030.0000,0.0000,0.0000,0.0000,0.0000,7032.0000,0.0000,0.0000,0.0000,0.0000,339,0,0,0,0,292,0,0,0,0
zc,TA209,2012-06-14 09:04:36.457,7032.0000,534260,-2,0.0000,10.0000,4,6,空平,B,7030.0000,0.0000,0.0000,0.0000,0.0000,7032.0000,0.0000,0.0000,0.0000,0.0000,338,0,0,0,0,289,0,0,0,0
zc,TA209,2012-06-14 09:04:36.940,7032.0000,534248,-12,0.0000,20.0000,4,16,空平,B,7030.0000,0.0000,0.0000,0.0000,0.0000,7032.0000,0.0000,0.0000,0.0000,0.0000,334,0,0,0,0,284,0,0,0,0
zc,TA209,2012-06-14 09:04:37.643,7032.0000,534232,-16,0.0000,50.0000,17,33,空平,B,7030.0000,0.0000,0.0000,0.0000,0.0000,7032.0000,0.0000,0.0000,0.0000,0.0000,330,0,0,0,0,277,0,0,0,0
zc,TA209,2012-06-14 09:04:37.893,7032.0000,534192,-40,0.0000,52.0000,6,46,空平,B,7030.0000,0.0000,0.0000,0.0000,0.0000,7032.0000,0.0000,0.0000,0.0000,0.0000,342,0,0,0,0,314,0,0,0,0
zc,TA209,2012-06-14 09:04:38.673,7030.0000,534188,-4,0.0000,24.0000,10,14,多平,S,7030.0000,0.0000,0.0000,0.0000,0.0000,7032.0000,0.0000,0.0000,0.0000,0.0000,330,0,0,0,0,314,0,0,0,0
zc,TA209,2012-06-14 09:04:39.487,7032.0000,534148,-40,0.0000,90.0000,25,65,空平,B,7030.0000,0.0000,0.0000,0.0000,0.0000,7032.0000,0.0000,0.0000,0.0000,0.0000,318,0,0,0,0,358,0,0,0,0
zc,TA209,2012-06-14 09:04:39.957,7032.0000,534138,-10,0.0000,16.0000,3,13,空平,B,7030.0000,0.0000,0.0000,0.0000,0.0000,7032.0000,0.0000,0.0000,0.0000,0.0000,328,0,0,0,0,349,0,0,0,0
zc,TA209,2012-06-14 09:04:40.690,7032.0000,534116,-22,0.0000,44.0000,11,33,空平,B,7030.0000,0.0000,0.0000,0.0000,0.0000,7032.0000,0.0000,0.0000,0.0000,0.0000,326,0,0,0,0,330,0,0,0,0
zc,TA209,2012-06-14 09:04:41.190,7032.0000,534064,-52,0.0000,196.0000,72,124,空平,B,7030.0000,0.0000,0.0000,0.0000,0.0000,7032.0000,0.0000,0.0000,0.0000,0.0000,271,0,0,0,0,298,0,0,0,0
zc,TA209,2012-06-14 09:04:41.957,7032.0000,533718,-346,0.0000,622.0000,138,484,空平,B,7030.0000,0.0000,0.0000,0.0000,0.0000,7032.0000,0.0000,0.0000,0.0000,0.0000,253,0,0,0,0,10,0,0,0,0
zc,TA209,2012-06-14 09:04:42.457,7034.0000,533780,62,0.0000,340.0000,201,139,多开,B,7034.0000,0.0000,0.0000,0.0000,0.0000,7036.0000,0.0000,0.0000,0.0000,0.0000,3,0,0,0,0,116,0,0,0,0
zc,TA209,2012-06-14 09:04:42.940,7032.0000,533782,2,0.0000,2.0000,2,0,双开,S,7032.0000,0.0000,0.0000,0.0000,0.0000,7034.0000,0.0000,0.0000,0.0000,0.0000,495,0,0,0,0,58,0,0,0,0
zc,TA209,2012-06-14 09:04:43.457,7032.0000,533790,8,0.0000,12.0000,10,2,空开,S,7032.0000,0.0000,0.0000,0.0000,0.0000,7034.0000,0.0000,0.0000,0.0000,0.0000,519,0,0,0,0,149,0,0,0,0
zc,TA209,2012-06-14 09:04:44.440,7032.0000,534050,260,0.0000,274.0000,267,7,空开,S,7032.0000,0.0000,0.0000,0.0000,0.0000,7034.0000,0.0000,0.0000,0.0000,0.0000,462,0,0,0,0,120,0,0,0,0
zc,TA209,2012-06-14 09:04:44.737,7034.0000,533900,-150,0.0000,204.0000,27,177,空平,B,7032.0000,0.0000,0.0000,0.0000,0.0000,7034.0000,0.0000,0.0000,0.0000,0.0000,362,0,0,0,0,120,0,0,0,0
zc,TA209,2012-06-14 09:04:45.440,7034.0000,533974,74,0.0000,280.0000,177,103,多开,B,7034.0000,0.0000,0.0000,0.0000,0.0000,7036.0000,0.0000,0.0000,0.0000,0.0000,361,0,0,0,0,122,0,0,0,0
zc,TA209,2012-06-14 09:04:45.923,7034.0000,533980,6,0.0000,18.0000,12,6,多开,B,7034.0000,0.0000,0.0000,0.0000,0.0000,7036.0000,0.0000,0.0000,0.0000,0.0000,380,0,0,0,0,123,0,0,0,0
zc,TA209,2012-06-14 09:04:46.457,7036.0000,534024,44,0.0000,50.0000,47,3,多开,B,7034.0000,0.0000,0.0000,0.0000,0.0000,7036.0000,0.0000,0.0000,0.0000,0.0000,386,0,0,0,0,115,0,0,0,0
zc,TA209,2012-06-14 09:04:47.173,7034.0000,534040,16,0.0000,20.0000,18,2,空开,S,7034.0000,0.0000,0.0000,0.0000,0.0000,7036.0000,0.0000,0.0000,0.0000,0.0000,430,0,0,0,0,112,0,0,0,0
zc,TA209,2012-06-14 09:04:47.643,7036.0000,534060,20,0.0000,48.0000,34,14,多开,B,7034.0000,0.0000,0.0000,0.0000,0.0000,7036.0000,0.0000,0.0000,0.0000,0.0000,423,0,0,0,0,95,0,0,0,0
zc,TA209,2012-06-14 09:04:48.207,7036.0000,534066,6,0.0000,8.0000,7,1,多开,B,7034.0000,0.0000,0.0000,0.0000,0.0000,7036.0000,0.0000,0.0000,0.0000,0.0000,427,0,0,0,0,92,0,0,0,0
zc,TA209,2012-06-14 09:04:48.673,7036.0000,534122,56,0.0000,112.0000,84,28,多开,B,7034.0000,0.0000,0.0000,0.0000,0.0000,7036.0000,0.0000,0.0000,0.0000,0.0000,381,0,0,0,0,114,0,0,0,0
zc,TA209,2012-06-14 09:04:49.407,7036.0000,534162,40,0.0000,44.0000,42,2,多开,B,7034.0000,0.0000,0.0000,0.0000,0.0000,7036.0000,0.0000,0.0000,0.0000,0.0000,380,0,0,0,0,105,0,0,0,0
zc,TA209,2012-06-14 09:04:49.907,7036.0000,534164,2,0.0000,6.0000,4,2,多开,B,7034.0000,0.0000,0.0000,0.0000,0.0000,7036.0000,0.0000,0.0000,0.0000,0.0000,380,0,0,0,0,102,0,0,0,0
zc,TA209,2012-06-14 09:04:50.690,7038.0000,534172,8,0.0000,290.0000,149,141,多开,B,7036.0000,0.0000,0.0000,0.0000,0.0000,7038.0000,0.0000,0.0000,0.0000,0.0000,140,0,0,0,0,255,0,0,0,0
zc,TA209,2012-06-14 09:04:51.190,7036.0000,534188,16,0.0000,514.0000,265,249,空开,S,7036.0000,0.0000,0.0000,0.0000,0.0000,7038.0000,0.0000,0.0000,0.0000,0.0000,136,0,0,0,0,21,0,0,0,0
zc,TA209,2012-06-14 09:04:51.627,7038.0000,534202,14,0.0000,32.0000,23,9,多开,B,7036.0000,0.0000,0.0000,0.0000,0.0000,7038.0000,0.0000,0.0000,0.0000,0.0000,166,0,0,0,0,15,0,0,0,0
zc,TA209,2012-06-14 09:04:52.423,7038.0000,534250,48,0.0000,52.0000,50,2,多开,B,7038.0000,0.0000,0.0000,0.0000,0.0000,7040.0000,0.0000,0.0000,0.0000,0.0000,35,0,0,0,0,396,0,0,0,0
zc,TA209,2012-06-14 09:04:52.940,7038.0000,534306,56,0.0000,80.0000,68,12,多开,B,7036.0000,0.0000,0.0000,0.0000,0.0000,7038.0000,0.0000,0.0000,0.0000,0.0000,221,0,0,0,0,13,0,0,0,0
zc,TA209,2012-06-14 09:04:53.673,7038.0000,534316,10,0.0000,64.0000,37,27,多开,B,7036.0000,0.0000,0.0000,0.0000,0.0000,7038.0000,0.0000,0.0000,0.0000,0.0000,225,0,0,0,0,46,0,0,0,0
zc,TA209,2012-06-14 09:04:53.907,7040.0000,534326,10,0.0000,108.0000,59,49,多开,B,7036.0000,0.0000,0.0000,0.0000,0.0000,7040.0000,0.0000,0.0000,0.0000,0.0000,228,0,0,0,0,408,0,0,0,0
zc,TA209,2012-06-14 09:04:54.673,7040.0000,534336,10,0.0000,40.0000,25,15,多开,B,7038.0000,0.0000,0.0000,0.0000,0.0000,7040.0000,0.0000,0.0000,0.0000,0.0000,21,0,0,0,0,441,0,0,0,0
zc,TA209,2012-06-14 09:04:55.207,7040.0000,534370,34,0.0000,36.0000,35,1,多开,B,7038.0000,0.0000,0.0000,0.0000,0.0000,7040.0000,0.0000,0.0000,0.0000,0.0000,7,0,0,0,0,437,0,0,0,0
zc,TA209,2012-06-14 09:04:55.957,7040.0000,534324,-46,0.0000,408.0000,181,227,空平,B,7038.0000,0.0000,0.0000,0.0000,0.0000,7040.0000,0.0000,0.0000,0.0000,0.0000,32,0,0,0,0,199,0,0,0,0
zc,TA209,2012-06-14 09:04:56.407,7038.0000,534428,104,0.0000,138.0000,121,17,空开,S,7038.0000,0.0000,0.0000,0.0000,0.0000,7040.0000,0.0000,0.0000,0.0000,0.0000,40,0,0,0,0,141,0,0,0,0
zc,TA209,2012-06-14 09:04:56.923,7040.0000,534628,200,0.0000,226.0000,213,13,多开,B,7038.0000,0.0000,0.0000,0.0000,0.0000,7040.0000,0.0000,0.0000,0.0000,0.0000,87,0,0,0,0,30,0,0,0,0
zc,TA209,2012-06-14 09:04:57.643,7038.0000,534752,124,0.0000,222.0000,173,49,空开,S,7038.0000,0.0000,0.0000,0.0000,0.0000,7040.0000,0.0000,0.0000,0.0000,0.0000,72,0,0,0,0,40,0,0,0,0
zc,TA209,2012-06-14 09:04:58.173,7040.0000,534740,-12,0.0000,332.0000,160,172,空平,B,7038.0000,0.0000,0.0000,0.0000,0.0000,7042.0000,0.0000,0.0000,0.0000,0.0000,61,0,0,0,0,164,0,0,0,0
zc,TA209,2012-06-14 09:04:58.970,7038.0000,534832,92,0.0000,148.0000,120,28,空开,S,7038.0000,0.0000,0.0000,0.0000,0.0000,7040.0000,0.0000,0.0000,0.0000,0.0000,39,0,0,0,0,5,0,0,0,0
zc,TA209,2012-06-14 09:04:59.423,7038.0000,534828,-4,0.0000,70.0000,33,37,多平,S,7038.0000,0.0000,0.0000,0.0000,0.0000,7040.0000,0.0000,0.0000,0.0000,0.0000,28,0,0,0,0,113,0,0,0,0
zc,TA209,2012-06-14 09:04:59.940,7038.0000,534818,-10,0.0000,74.0000,32,42,多平,S,7038.0000,0.0000,0.0000,0.0000,0.0000,7040.0000,0.0000,0.0000,0.0000,0.0000,39,0,0,0,0,326,0,0,0,0
zc,TA209,2012-06-14 09:05:00.440,7040.0000,534870,52,0.0000,58.0000,55,3,多开,B,7038.0000,0.0000,0.0000,0.0000,0.0000,7040.0000,0.0000,0.0000,0.0000,0.0000,49,0,0,0,0,309,0,0,0,0
zc,TA209,2012-06-14 09:05:01.220,7038.0000,535082,212,0.0000,284.0000,248,36,空开,S,7036.0000,0.0000,0.0000,0.0000,0.0000,7038.0000,0.0000,0.0000,0.0000,0.0000,178,0,0,0,0,63,0,0,0,0
zc,TA209,2012-06-14 09:05:01.673,7038.0000,535156,74,0.0000,104.0000,89,15,空开,S,7036.0000,0.0000,0.0000,0.0000,0.0000,7038.0000,0.0000,0.0000,0.0000,0.0000,167,0,0,0,0,231,0,0,0,0
zc,TA209,2012-06-14 09:05:02.377,7038.0000,535168,12,0.0000,58.0000,35,23,空开,S,7036.0000,0.0000,0.0000,0.0000,0.0000,7038.0000,0.0000,0.0000,0.0000,0.0000,154,0,0,0,0,285,0,0,0,0
zc,TA209,2012-06-14 09:05:02.987,7038.0000,535162,-6,0.0000,184.0000,89,95,多平,S,7036.0000,0.0000,0.0000,0.0000,0.0000,7038.0000,0.0000,0.0000,0.0000,0.0000,43,0,0,0,0,254,0,0,0,0
zc,TA209,2012-06-14 09:05:03.690,7038.0000,535150,-12,0.0000,132.0000,60,72,多平,S,7034.0000,0.0000,0.0000,0.0000,0.0000,7036.0000,0.0000,0.0000,0.0000,0.0000,369,0,0,0,0,43,0,0,0,0
zc,TA209,2012-06-14 09:05:04.173,7036.0000,535122,-28,0.0000,54.0000,13,41,多平,S,7034.0000,0.0000,0.0000,0.0000,0.0000,7036.0000,0.0000,0.0000,0.0000,0.0000,365,0,0,0,0,98,0,0,0,0
zc,TA209,2012-06-14 09:05:04.923,7036.0000,535116,-6,0.0000,46.0000,20,26,多平,S,7034.0000,0.0000,0.0000,0.0000,0.0000,7036.0000,0.0000,0.0000,0.0000,0.0000,355,0,0,0,0,195,0,0,0,0
zc,TA209,2012-06-14 09:05:05.407,7034.0000,535162,46,0.0000,52.0000,49,3,空开,S,7034.0000,0.0000,0.0000,0.0000,0.0000,7036.0000,0.0000,0.0000,0.0000,0.0000,335,0,0,0,0,206,0,0,0,0
zc,TA209,2012-06-14 09:05:05.940,7036.0000,535164,2,0.0000,58.0000,30,28,多开,B,7034.0000,0.0000,0.0000,0.0000,0.0000,7036.0000,0.0000,0.0000,0.0000,0.0000,319,0,0,0,0,238,0,0,0,0
zc,TA209,2012-06-14 09:05:06.673,7034.0000,535168,4,0.0000,106.0000,55,51,空开,S,7034.0000,0.0000,0.0000,0.0000,0.0000,7036.0000,0.0000,0.0000,0.0000,0.0000,265,0,0,0,0,250,0,0,0,0
zc,TA209,2012-06-14 09:05:07.157,7036.0000,535128,-40,0.0000,114.0000,37,77,空平,B,7034.0000,0.0000,0.0000,0.0000,0.0000,7036.0000,0.0000,0.0000,0.0000,0.0000,235,0,0,0,0,226,0,0,0,0
zc,TA209,2012-06-14 09:05:07.957,7034.0000,535184,56,0.0000,56.0000,56,0,双开,S,7034.0000,0.0000,0.0000,0.0000,0.0000,7036.0000,0.0000,0.0000,0.0000,0.0000,204,0,0,0,0,267,0,0,0,0
zc,TA209,2012-06-14 09:05:08.440,7034.0000,535248,64,0.0000,96.0000,80,16,空开,S,7034.0000,0.0000,0.0000,0.0000,0.0000,7036.0000,0.0000,0.0000,0.0000,0.0000,161,0,0,0,0,267,0,0,0,0
zc,TA209,2012-06-14 09:05:09.190,7036.0000,535230,-18,0.0000,438.0000,210,228,空平,B,7034.0000,0.0000,0.0000,0.0000,0.0000,7036.0000,0.0000,0.0000,0.0000,0.0000,53,0,0,0,0,235,0,0,0,0
zc,TA209,2012-06-14 09:05:09.970,7034.0000,535142,-88,0.0000,386.0000,149,237,多平,S,7032.0000,0.0000,0.0000,0.0000,0.0000,7034.0000,0.0000,0.0000,0.0000,0.0000,150,0,0,0,0,2,0,0,0,0
zc,TA209,2012-06-14 09:05:10.737,7034.0000,535108,-34,0.0000,258.0000,112,146,多平,S,7034.0000,0.0000,0.0000,0.0000,0.0000,7036.0000,0.0000,0.0000,0.0000,0.0000,457,0,0,0,0,4,0,0,0,0
zc,TA209,2012-06-14 09:05:11.173,7038.0000,535134,26,0.0000,132.0000,79,53,多开,B,7036.0000,0.0000,0.0000,0.0000,0.0000,7038.0000,0.0000,0.0000,0.0000,0.0000,160,0,0,0,0,181,0,0,0,0
zc,TA209,2012-06-14 09:05:11.893,7036.0000,535192,58,0.0000,74.0000,66,8,空开,S,7036.0000,0.0000,0.0000,0.0000,0.0000,7038.0000,0.0000,0.0000,0.0000,0.0000,136,0,0,0,0,181,0,0,0,0
zc,TA209,2012-06-14 09:05:12.190,7036.0000,535288,96,0.0000,234.0000,165,69,空开,S,7036.0000,0.0000,0.0000,0.0000,0.0000,7038.0000,0.0000,0.0000,0.0000,0.0000,81,0,0,0,0,123,0,0,0,0
zc,TA209,2012-06-14 09:05:12.923,7036.0000,535254,-34,0.0000,88.0000,27,61,多平,S,7036.0000,0.0000,0.0000,0.0000,0.0000,7038.0000,0.0000,0.0000,0.0000,0.0000,43,0,0,0,0,120,0,0,0,0
zc,TA209,2012-06-14 09:05:13.393,7036.0000,535206,-48,0.0000,156.0000,54,102,多平,S,7036.0000,0.0000,0.0000,0.0000,0.0000,7038.0000,0.0000,0.0000,0.0000,0.0000,29,0,0,0,0,225,0,0,0,0
zc,TA209,2012-06-14 09:05:14.173,7036.0000,535076,-130,0.0000,132.0000,1,131,多平,S,7034.0000,0.0000,0.0000,0.0000,0.0000,7036.0000,0.0000,0.0000,0.0000,0.0000,599,0,0,0,0,5,0,0,0,0
zc,TA209,2012-06-14 09:05:14.690,7036.0000,535106,30,0.0000,102.0000,66,36,空开,S,7036.0000,0.0000,0.0000,0.0000,0.0000,7038.0000,0.0000,0.0000,0.0000,0.0000,10,0,0,0,0,235,0,0,0,0
zc,TA209,2012-06-14 09:05:15.190,7036.0000,535120,14,0.0000,16.0000,15,1,空开,S,7036.0000,0.0000,0.0000,0.0000,0.0000,7038.0000,0.0000,0.0000,0.0000,0.0000,73,0,0,0,0,239,0,0,0,0
zc,TA209,2012-06-14 09:05:15.907,7038.0000,535148,28,0.0000,42.0000,35,7,多开,B,7036.0000,0.0000,0.0000,0.0000,0.0000,7038.0000,0.0000,0.0000,0.0000,0.0000,107,0,0,0,0,178,0,0,0,0
zc,TA209,2012-06-14 09:05:16.423,7036.0000,535170,22,0.0000,54.0000,38,16,空开,S,7036.0000,0.0000,0.0000,0.0000,0.0000,7038.0000,0.0000,0.0000,0.0000,0.0000,83,0,0,0,0,177,0,0,0,0
zc,TA209,2012-06-14 09:05:17.207,7036.0000,535210,40,0.0000,56.0000,48,8,空开,S,7036.0000,0.0000,0.0000,0.0000,0.0000,7038.0000,0.0000,0.0000,0.0000,0.0000,57,0,0,0,0,181,0,0,0,0
zc,TA209,2012-06-14 09:05:17.423,7036.0000,535218,8,0.0000,14.0000,11,3,空开,S,7036.0000,0.0000,0.0000,0.0000,0.0000,7038.0000,0.0000,0.0000,0.0000,0.0000,53,0,0,0,0,179,0,0,0,0
zc,TA209,2012-06-14 09:05:18.173,7038.0000,535240,22,0.0000,44.0000,33,11,多开,B,7036.0000,0.0000,0.0000,0.0000,0.0000,7038.0000,0.0000,0.0000,0.0000,0.0000,34,0,0,0,0,179,0,0,0,0
zc,TA209,2012-06-14 09:05:18.673,7036.0000,535262,22,0.0000,36.0000,29,7,空开,S,7036.0000,0.0000,0.0000,0.0000,0.0000,7038.0000,0.0000,0.0000,0.0000,0.0000,33,0,0,0,0,180,0,0,0,0
zc,TA209,2012-06-14 09:05:19.393,7036.0000,535274,12,0.0000,24.0000,18,6,空开,S,7036.0000,0.0000,0.0000,0.0000,0.0000,7038.0000,0.0000,0.0000,0.0000,0.0000,23,0,0,0,0,183,0,0,0,0
zc,TA209,2012-06-14 09:05:19.923,7036.0000,535300,26,0.0000,28.0000,27,1,空开,S,7036.0000,0.0000,0.0000,0.0000,0.0000,7038.0000,0.0000,0.0000,0.0000,0.0000,20,0,0,0,0,176,0,0,0,0
zc,TA209,2012-06-14 09:05:20.690,7036.0000,535304,4,0.0000,4.0000,4,0,双开,S,7036.0000,0.0000,0.0000,0.0000,0.0000,7038.0000,0.0000,0.0000,0.0000,0.0000,19,0,0,0,0,182,0,0,0,0
zc,TA209,2012-06-14 09:05:21.457,7036.0000,535338,34,0.0000,56.0000,45,11,空开,S,7034.0000,0.0000,0.0000,0.0000,0.0000,7036.0000,0.0000,0.0000,0.0000,0.0000,613,0,0,0,0,102,0,0,0,0
zc,TA209,2012-06-14 09:05:21.940,7036.0000,535346,8,0.0000,16.0000,12,4,空开,S,7034.0000,0.0000,0.0000,0.0000,0.0000,7036.0000,0.0000,0.0000,0.0000,0.0000,621,0,0,0,0,127,0,0,0,0
zc,TA209,2012-06-14 09:05:22.690,7034.0000,535350,4,0.0000,4.0000,4,0,双开,S,7034.0000,0.0000,0.0000,0.0000,0.0000,7036.0000,0.0000,0.0000,0.0000,0.0000,618,0,0,0,0,160,0,0,0,0
zc,TA209,2012-06-14 09:05:23.220,7034.0000,535356,6,0.0000,12.0000,9,3,空开,S,7034.0000,0.0000,0.0000,0.0000,0.0000,7036.0000,0.0000,0.0000,0.0000,0.0000,614,0,0,0,0,182,0,0,0,0
zc,TA209,2012-06-14 09:05:23.940,7034.0000,535358,2,0.0000,16.0000,9,7,空开,S,7034.0000,0.0000,0.0000,0.0000,0.0000,7036.0000,0.0000,0.0000,0.0000,0.0000,609,0,0,0,0,208,0,0,0,0
zc,TA209,2012-06-14 09:05:24.157,7036.0000,535376,18,0.0000,18.0000,18,0,双开,B,7034.0000,0.0000,0.0000,0.0000,0.0000,7036.0000,0.0000,0.0000,0.0000,0.0000,609,0,0,0,0,253,0,0,0,0
zc,TA209,2012-06-14 09:05:25.157,7036.0000,535428,52,0.0000,152.0000,102,50,多开,B,7034.0000,0.0000,0.0000,0.0000,0.0000,7036.0000,0.0000,0.0000,0.0000,0.0000,432,0,0,0,0,231,0,0,0,0
zc,TA209,2012-06-14 09:05:25.393,7036.0000,535438,10,0.0000,18.0000,14,4,多开,B,7034.0000,0.0000,0.0000,0.0000,0.0000,7036.0000,0.0000,0.0000,0.0000,0.0000,424,0,0,0,0,235,0,0,0,0
zc,TA209,2012-06-14 09:05:26.207,7034.0000,535480,42,0.0000,52.0000,47,5,空开,S,7034.0000,0.0000,0.0000,0.0000,0.0000,7036.0000,0.0000,0.0000,0.0000,0.0000,423,0,0,0,0,214,0,0,0,0
zc,TA209,2012-06-14 09:05:26.673,7034.0000,535482,2,0.0000,10.0000,6,4,空开,S,7034.0000,0.0000,0.0000,0.0000,0.0000,7036.0000,0.0000,0.0000,0.0000,0.0000,420,0,0,0,0,216,0,0,0,0
zc,TA209,2012-06-14 09:05:27.157,7034.0000,535482,0,0.0000,26.0000,13,13,空换,S,7034.0000,0.0000,0.0000,0.0000,0.0000,7036.0000,0.0000,0.0000,0.0000,0.0000,407,0,0,0,0,228,0,0,0,0
zc,TA209,2012-06-14 09:05:27.907,7034.0000,535488,6,0.0000,6.0000,6,0,双开,S,7034.0000,0.0000,0.0000,0.0000,0.0000,7036.0000,0.0000,0.0000,0.0000,0.0000,404,0,0,0,0,228,0,0,0,0
zc,TA209,2012-06-14 09:05:28.393,7036.0000,535512,24,0.0000,36.0000,30,6,多开,B,7034.0000,0.0000,0.0000,0.0000,0.0000,7036.0000,0.0000,0.0000,0.0000,0.0000,390,0,0,0,0,242,0,0,0,0
zc,TA209,2012-06-14 09:05:29.143,7034.0000,535718,206,0.0000,208.0000,207,1,空开,S,7034.0000,0.0000,0.0000,0.0000,0.0000,7036.0000,0.0000,0.0000,0.0000,0.0000,296,0,0,0,0,252,0,0,0,0
zc,TA209,2012-06-14 09:05:29.690,7036.0000,535774,56,0.0000,296.0000,176,120,多开,B,7034.0000,0.0000,0.0000,0.0000,0.0000,7036.0000,0.0000,0.0000,0.0000,0.0000,180,0,0,0,0,242,0,0,0,0
zc,TA209,2012-06-14 09:05:30.440,7034.0000,535786,12,0.0000,34.0000,23,11,空开,S,7034.0000,0.0000,0.0000,0.0000,0.0000,7036.0000,0.0000,0.0000,0.0000,0.0000,198,0,0,0,0,246,0,0,0,0
zc,TA209,2012-06-14 09:05:30.673,7034.0000,535828,42,0.0000,64.0000,53,11,空开,S,7034.0000,0.0000,0.0000,0.0000,0.0000,7036.0000,0.0000,0.0000,0.0000,0.0000,166,0,0,0,0,249,0,0,0,0
zc,TA209,2012-06-14 09:05:31.457,7034.0000,535952,124,0.0000,140.0000,132,8,空开,S,7034.0000,0.0000,0.0000,0.0000,0.0000,7036.0000,0.0000,0.0000,0.0000,0.0000,100,0,0,0,0,252,0,0,0,0
zc,TA209,2012-06-14 09:05:31.907,7034.0000,536008,56,0.0000,118.0000,87,31,空开,S,7034.0000,0.0000,0.0000,0.0000,0.0000,7036.0000,0.0000,0.0000,0.0000,0.0000,176,0,0,0,0,263,0,0,0,0
zc,TA209,2012-06-14 09:05:32.643,7034.0000,536098,90,0.0000,112.0000,101,11,空开,S,7034.0000,0.0000,0.0000,0.0000,0.0000,7036.0000,0.0000,0.0000,0.0000,0.0000,121,0,0,0,0,263,0,0,0,0
zc,TA209,2012-06-14 09:05:33.143,7034.0000,535998,-100,0.0000,122.0000,11,111,多平,S,7034.0000,0.0000,0.0000,0.0000,0.0000,7036.0000,0.0000,0.0000,0.0000,0.0000,61,0,0,0,0,268,0,0,0,0
zc,TA209,2012-06-14 09:05:33.657,7032.0000,535878,-120,0.0000,124.0000,2,122,多平,S,7032.0000,0.0000,0.0000,0.0000,0.0000,7034.0000,0.0000,0.0000,0.0000,0.0000,175,0,0,0,0,23,0,0,0,0
zc,TA209,2012-06-14 09:05:34.457,7036.0000,536098,220,0.0000,280.0000,250,30,多开,B,7034.0000,0.0000,0.0000,0.0000,0.0000,7036.0000,0.0000,0.0000,0.0000,0.0000,19,0,0,0,0,272,0,0,0,0
zc,TA209,2012-06-14 09:05:34.923,7034.0000,535902,-196,0.0000,246.0000,25,221,多平,S,7034.0000,0.0000,0.0000,0.0000,0.0000,7036.0000,0.0000,0.0000,0.0000,0.0000,25,0,0,0,0,273,0,0,0,0
zc,TA209,2012-06-14 09:05:35.673,7034.0000,535900,-2,0.0000,2.0000,0,2,双平,S,7034.0000,0.0000,0.0000,0.0000,0.0000,7036.0000,0.0000,0.0000,0.0000,0.0000,25,0,0,0,0,275,0,0,0,0
zc,TA209,2012-06-14 09:05:36.143,7034.0000,535900,0,0.0000,40.0000,20,20,空换,S,7034.0000,0.0000,0.0000,0.0000,0.0000,7036.0000,0.0000,0.0000,0.0000,0.0000,131,0,0,0,0,299,0,0,0,0
zc,TA209,2012-06-14 09:05:36.957,7034.0000,535904,4,0.0000,22.0000,13,9,空开,S,7034.0000,0.0000,0.0000,0.0000,0.0000,7036.0000,0.0000,0.0000,0.0000,0.0000,185,0,0,0,0,322,0,0,0,0
zc,TA209,2012-06-14 09:05:37.173,7034.0000,535896,-8,0.0000,28.0000,10,18,多平,S,7034.0000,0.0000,0.0000,0.0000,0.0000,7036.0000,0.0000,0.0000,0.0000,0.0000,175,0,0,0,0,322,0,0,0,0
zc,TA209,2012-06-14 09:05:37.970,7034.0000,535890,-6,0.0000,58.0000,26,32,多平,S,7034.0000,0.0000,0.0000,0.0000,0.0000,7036.0000,0.0000,0.0000,0.0000,0.0000,81,0,0,0,0,329,0,0,0,0
