市场代码,合约代码,时间,最新,持仓,增仓,成交额,成交量,开仓,平仓,成交类型,方向,买一价,买二价,买三价,买四价,买五价,卖一价,卖二价,卖三价,卖四价,卖五价,买一量,买二量,买三量,买四量,买五量,卖一量,卖二量,卖三量,卖四量,卖五量
zc,TA301,2012-06-14 07:49:00.067,0.0000,160274,0,0.0000,0.0000,0,0,空换,S,0.0000,0.0000,0.0000,0.0000,0.0000,0.0000,0.0000,0.0000,0.0000,0.0000,0,0,0,0,0,0,0,0,0,0
zc,TA301,2012-06-14 08:00:00.893,0.0000,160274,0,0.0000,0.0000,0,0,空换,S,0.0000,0.0000,0.0000,0.0000,0.0000,0.0000,0.0000,0.0000,0.0000,0.0000,0,0,0,0,0,0,0,0,0,0
zc,TA301,2012-06-14 08:03:02.893,0.0000,160274,0,0.0000,0.0000,0,0,空换,S,0.0000,0.0000,0.0000,0.0000,0.0000,0.0000,0.0000,0.0000,0.0000,0.0000,0,0,0,0,0,0,0,0,0,0
zc,TA301,2012-06-14 08:05:02.877,0.0000,160274,0,0.0000,0.0000,0,0,空换,S,0.0000,0.0000,0.0000,0.0000,0.0000,0.0000,0.0000,0.0000,0.0000,0.0000,0,0,0,0,0,0,0,0,0,0
zc,TA301,2012-06-14 08:14:02.877,0.0000,160274,0,0.0000,0.0000,0,0,空换,S,0.0000,0.0000,0.0000,0.0000,0.0000,0.0000,0.0000,0.0000,0.0000,0.0000,0,0,0,0,0,0,0,0,0,0
zc,TA301,2012-06-14 08:16:02.877,0.0000,160274,0,0.0000,0.0000,0,0,空换,S,0.0000,0.0000,0.0000,0.0000,0.0000,0.0000,0.0000,0.0000,0.0000,0.0000,0,0,0,0,0,0,0,0,0,0
zc,TA301,2012-06-14 08:23:02.877,0.0000,160274,0,0.0000,0.0000,0,0,空换,S,0.0000,0.0000,0.0000,0.0000,0.0000,0.0000,0.0000,0.0000,0.0000,0.0000,0,0,0,0,0,0,0,0,0,0
zc,TA301,2012-06-14 08:48:02.877,0.0000,160274,0,0.0000,0.0000,0,0,空换,S,0.0000,0.0000,0.0000,0.0000,0.0000,0.0000,0.0000,0.0000,0.0000,0.0000,0,0,0,0,0,0,0,0,0,0
zc,TA301,2012-06-14 08:55:01.627,0.0000,160274,0,0.0000,0.0000,0,0,空换,S,0.0000,0.0000,0.0000,0.0000,0.0000,0.0000,0.0000,0.0000,0.0000,0.0000,0,0,0,0,0,0,0,0,0,0
zc,TA301,2012-06-14 08:55:02.157,0.0000,160274,0,0.0000,0.0000,0,0,空换,S,0.0000,0.0000,0.0000,0.0000,0.0000,0.0000,0.0000,0.0000,0.0000,0.0000,0,0,0,0,0,0,0,0,0,0
zc,TA301,2012-06-14 08:55:39.860,0.0000,160274,0,0.0000,0.0000,0,0,空换,S,0.0000,0.0000,0.0000,0.0000,0.0000,0.0000,0.0000,0.0000,0.0000,0.0000,0,0,0,0,0,0,0,0,0,0
zc,TA301,2012-06-14 08:55:40.360,0.0000,160274,0,0.0000,0.0000,0,0,空换,S,0.0000,0.0000,0.0000,0.0000,0.0000,0.0000,0.0000,0.0000,0.0000,0.0000,0,0,0,0,0,0,0,0,0,0
zc,TA301,2012-06-14 08:55:46.877,0.0000,160274,0,0.0000,0.0000,0,0,空换,S,0.0000,0.0000,0.0000,0.0000,0.0000,0.0000,0.0000,0.0000,0.0000,0.0000,0,0,0,0,0,0,0,0,0,0
zc,TA301,2012-06-14 08:55:47.877,0.0000,160274,0,0.0000,0.0000,0,0,空换,S,0.0000,0.0000,0.0000,0.0000,0.0000,0.0000,0.0000,0.0000,0.0000,0.0000,0,0,0,0,0,0,0,0,0,0
zc,TA301,2012-06-14 08:56:03.610,0.0000,160274,0,0.0000,0.0000,0,0,空换,S,0.0000,0.0000,0.0000,0.0000,0.0000,0.0000,0.0000,0.0000,0.0000,0.0000,0,0,0,0,0,0,0,0,0,0
zc,TA301,2012-06-14 08:56:12.860,0.0000,160274,0,0.0000,0.0000,0,0,空换,S,0.0000,0.0000,0.0000,0.0000,0.0000,0.0000,0.0000,0.0000,0.0000,0.0000,0,0,0,0,0,0,0,0,0,0
zc,TA301,2012-06-14 08:56:16.110,0.0000,160274,0,0.0000,0.0000,0,0,空换,S,0.0000,0.0000,0.0000,0.0000,0.0000,0.0000,0.0000,0.0000,0.0000,0.0000,0,0,0,0,0,0,0,0,0,0
zc,TA301,2012-06-14 08:56:37.127,0.0000,160274,0,0.0000,0.0000,0,0,空换,S,0.0000,0.0000,0.0000,0.0000,0.0000,0.0000,0.0000,0.0000,0.0000,0.0000,0,0,0,0,0,0,0,0,0,0
zc,TA301,2012-06-14 08:56:48.110,0.0000,160274,0,0.0000,0.0000,0,0,空换,S,0.0000,0.0000,0.0000,0.0000,0.0000,0.0000,0.0000,0.0000,0.0000,0.0000,0,0,0,0,0,0,0,0,0,0
zc,TA301,2012-06-14 08:56:50.610,0.0000,160274,0,0.0000,0.0000,0,0,空换,S,0.0000,0.0000,0.0000,0.0000,0.0000,0.0000,0.0000,0.0000,0.0000,0.0000,0,0,0,0,0,0,0,0,0,0
zc,TA301,2012-06-14 08:57:10.610,0.0000,160274,0,0.0000,0.0000,0,0,空换,S,0.0000,0.0000,0.0000,0.0000,0.0000,0.0000,0.0000,0.0000,0.0000,0.0000,0,0,0,0,0,0,0,0,0,0
zc,TA301,2012-06-14 08:58:05.610,0.0000,160274,0,0.0000,0.0000,0,0,空换,S,0.0000,0.0000,0.0000,0.0000,0.0000,0.0000,0.0000,0.0000,0.0000,0.0000,0,0,0,0,0,0,0,0,0,0
zc,TA301,2012-06-14 08:58:19.360,0.0000,160274,0,0.0000,0.0000,0,0,空换,S,0.0000,0.0000,0.0000,0.0000,0.0000,0.0000,0.0000,0.0000,0.0000,0.0000,0,0,0,0,0,0,0,0,0,0
zc,TA301,2012-06-14 08:58:27.860,0.0000,160274,0,0.0000,0.0000,0,0,空换,S,0.0000,0.0000,0.0000,0.0000,0.0000,0.0000,0.0000,0.0000,0.0000,0.0000,0,0,0,0,0,0,0,0,0,0
zc,TA301,2012-06-14 08:58:40.860,0.0000,160274,0,0.0000,0.0000,0,0,空换,S,0.0000,0.0000,0.0000,0.0000,0.0000,0.0000,0.0000,0.0000,0.0000,0.0000,0,0,0,0,0,0,0,0,0,0
zc,TA301,2012-06-14 08:58:44.110,0.0000,160274,0,0.0000,0.0000,0,0,空换,S,0.0000,0.0000,0.0000,0.0000,0.0000,0.0000,0.0000,0.0000,0.0000,0.0000,0,0,0,0,0,0,0,0,0,0
zc,TA301,2012-06-14 08:58:53.860,0.0000,160274,0,0.0000,0.0000,0,0,空换,S,0.0000,0.0000,0.0000,0.0000,0.0000,0.0000,0.0000,0.0000,0.0000,0.0000,0,0,0,0,0,0,0,0,0,0
zc,TA301,2012-06-14 08:59:02.110,7026.0000,160234,-40,0.0000,240.0000,100,140,空平,B,7026.0000,0.0000,0.0000,0.0000,0.0000,7028.0000,0.0000,0.0000,0.0000,0.0000,6,0,0,0,0,334,0,0,0,0
zc,TA301,2012-06-14 09:00:00.907,7026.0000,160246,12,0.0000,12.0000,12,0,双开,B,7024.0000,0.0000,0.0000,0.0000,0.0000,7026.0000,0.0000,0.0000,0.0000,0.0000,13,0,0,0,0,14,0,0,0,0
zc,TA301,2012-06-14 09:00:01.567,7022.0000,160280,34,0.0000,116.0000,75,41,空开,S,7022.0000,0.0000,0.0000,0.0000,0.0000,7026.0000,0.0000,0.0000,0.0000,0.0000,38,0,0,0,0,32,0,0,0,0
zc,TA301,2012-06-14 09:00:02.347,7024.0000,160322,42,0.0000,156.0000,99,57,多开,B,7022.0000,0.0000,0.0000,0.0000,0.0000,7024.0000,0.0000,0.0000,0.0000,0.0000,20,0,0,0,0,5,0,0,0,0
zc,TA301,2012-06-14 09:00:03.317,7026.0000,160312,-10,0.0000,250.0000,120,130,空平,B,7026.0000,0.0000,0.0000,0.0000,0.0000,7028.0000,0.0000,0.0000,0.0000,0.0000,28,0,0,0,0,324,0,0,0,0
zc,TA301,2012-06-14 09:00:03.783,7026.0000,160318,6,0.0000,14.0000,10,4,多开,B,7026.0000,0.0000,0.0000,0.0000,0.0000,7028.0000,0.0000,0.0000,0.0000,0.0000,21,0,0,0,0,324,0,0,0,0
zc,TA301,2012-06-14 09:00:04.503,7026.0000,160324,6,0.0000,22.0000,14,8,多开,B,7026.0000,0.0000,0.0000,0.0000,0.0000,7028.0000,0.0000,0.0000,0.0000,0.0000,10,0,0,0,0,324,0,0,0,0
zc,TA301,2012-06-14 09:00:05.067,7026.0000,160334,10,0.0000,24.0000,17,7,多开,B,7024.0000,0.0000,0.0000,0.0000,0.0000,7026.0000,0.0000,0.0000,0.0000,0.0000,4,0,0,0,0,2,0,0,0,0
zc,TA301,2012-06-14 09:00:05.517,7028.0000,160328,-6,0.0000,32.0000,13,19,空平,B,7024.0000,0.0000,0.0000,0.0000,0.0000,7028.0000,0.0000,0.0000,0.0000,0.0000,5,0,0,0,0,311,0,0,0,0
zc,TA301,2012-06-14 09:00:06.487,7028.0000,160330,2,0.0000,2.0000,2,0,双开,B,7024.0000,0.0000,0.0000,0.0000,0.0000,7026.0000,0.0000,0.0000,0.0000,0.0000,5,0,0,0,0,6,0,0,0,0
zc,TA301,2012-06-14 09:00:07.067,7024.0000,160294,-36,0.0000,56.0000,10,46,多平,S,7024.0000,0.0000,0.0000,0.0000,0.0000,7026.0000,0.0000,0.0000,0.0000,0.0000,19,0,0,0,0,2,0,0,0,0
zc,TA301,2012-06-14 09:00:07.783,7028.0000,160296,2,0.0000,10.0000,6,4,多开,B,7024.0000,0.0000,0.0000,0.0000,0.0000,7028.0000,0.0000,0.0000,0.0000,0.0000,23,0,0,0,0,309,0,0,0,0
zc,TA301,2012-06-14 09:00:08.283,7024.0000,160394,98,0.0000,174.0000,136,38,空开,S,7022.0000,0.0000,0.0000,0.0000,0.0000,7024.0000,0.0000,0.0000,0.0000,0.0000,6,0,0,0,0,170,0,0,0,0
zc,TA301,2012-06-14 09:00:09.003,7024.0000,160396,2,0.0000,26.0000,14,12,空开,S,7022.0000,0.0000,0.0000,0.0000,0.0000,7024.0000,0.0000,0.0000,0.0000,0.0000,4,0,0,0,0,208,0,0,0,0
zc,TA301,2012-06-14 09:00:09.737,7024.0000,160398,2,0.0000,46.0000,24,22,空开,S,7022.0000,0.0000,0.0000,0.0000,0.0000,7024.0000,0.0000,0.0000,0.0000,0.0000,3,0,0,0,0,189,0,0,0,0
zc,TA301,2012-06-14 09:00:10.220,7024.0000,160402,4,0.0000,28.0000,16,12,空开,S,7022.0000,0.0000,0.0000,0.0000,0.0000,7024.0000,0.0000,0.0000,0.0000,0.0000,3,0,0,0,0,177,0,0,0,0
zc,TA301,2012-06-14 09:00:11.050,7024.0000,160446,44,0.0000,104.0000,74,30,空开,S,7022.0000,0.0000,0.0000,0.0000,0.0000,7024.0000,0.0000,0.0000,0.0000,0.0000,3,0,0,0,0,126,0,0,0,0
zc,TA301,2012-06-14 09:00:11.503,7024.0000,160442,-4,0.0000,154.0000,75,79,多平,S,7022.0000,0.0000,0.0000,0.0000,0.0000,7024.0000,0.0000,0.0000,0.0000,0.0000,11,0,0,0,0,49,0,0,0,0
zc,TA301,2012-06-14 09:00:12.267,7024.0000,160424,-18,0.0000,64.0000,23,41,多平,S,7022.0000,0.0000,0.0000,0.0000,0.0000,7024.0000,0.0000,0.0000,0.0000,0.0000,102,0,0,0,0,17,0,0,0,0
zc,TA301,2012-06-14 09:00:13.487,7024.0000,160390,-34,0.0000,34.0000,0,34,双平,S,7024.0000,0.0000,0.0000,0.0000,0.0000,7026.0000,0.0000,0.0000,0.0000,0.0000,3,0,0,0,0,8,0,0,0,0
zc,TA301,2012-06-14 09:00:14.253,7024.0000,160390,0,0.0000,2.0000,1,1,空换,S,7024.0000,0.0000,0.0000,0.0000,0.0000,7026.0000,0.0000,0.0000,0.0000,0.0000,4,0,0,0,0,8,0,0,0,0
zc,TA301,2012-06-14 09:00:14.767,7026.0000,160392,2,0.0000,16.0000,9,7,多开,B,7026.0000,0.0000,0.0000,0.0000,0.0000,7028.0000,0.0000,0.0000,0.0000,0.0000,2,0,0,0,0,309,0,0,0,0
zc,TA301,2012-06-14 09:00:15.517,7026.0000,160398,6,0.0000,20.0000,13,7,多开,B,7026.0000,0.0000,0.0000,0.0000,0.0000,7028.0000,0.0000,0.0000,0.0000,0.0000,10,0,0,0,0,302,0,0,0,0
zc,TA301,2012-06-14 09:00:16.017,7026.0000,160398,0,0.0000,2.0000,1,1,多换,B,7026.0000,0.0000,0.0000,0.0000,0.0000,7028.0000,0.0000,0.0000,0.0000,0.0000,20,0,0,0,0,302,0,0,0,0
zc,TA301,2012-06-14 09:00:16.800,7026.0000,160266,-132,0.0000,192.0000,30,162,空平,B,7024.0000,0.0000,0.0000,0.0000,0.0000,7028.0000,0.0000,0.0000,0.0000,0.0000,62,0,0,0,0,281,0,0,0,0
zc,TA301,2012-06-14 09:00:17.487,7026.0000,160266,0,0.0000,0.0000,0,0,多换,B,7024.0000,0.0000,0.0000,0.0000,0.0000,7028.0000,0.0000,0.0000,0.0000,0.0000,60,0,0,0,0,281,0,0,0,0
zc,TA301,2012-06-14 09:00:18.253,7026.0000,160226,-40,0.0000,46.0000,3,43,空平,B,7024.0000,0.0000,0.0000,0.0000,0.0000,7026.0000,0.0000,0.0000,0.0000,0.0000,45,0,0,0,0,2,0,0,0,0
zc,TA301,2012-06-14 09:00:18.767,7028.0000,160226,0,0.0000,24.0000,12,12,多换,B,7024.0000,0.0000,0.0000,0.0000,0.0000,7028.0000,0.0000,0.0000,0.0000,0.0000,19,0,0,0,0,271,0,0,0,0
zc,TA301,2012-06-14 09:00:19.487,7026.0000,160226,0,0.0000,2.0000,1,1,空换,S,7026.0000,0.0000,0.0000,0.0000,0.0000,7028.0000,0.0000,0.0000,0.0000,0.0000,1,0,0,0,0,271,0,0,0,0
zc,TA301,2012-06-14 09:00:20.317,7026.0000,160228,2,0.0000,4.0000,3,1,空开,S,7024.0000,0.0000,0.0000,0.0000,0.0000,7028.0000,0.0000,0.0000,0.0000,0.0000,19,0,0,0,0,279,0,0,0,0
zc,TA301,2012-06-14 09:00:20.737,7028.0000,160228,0,0.0000,8.0000,4,4,多换,B,7026.0000,0.0000,0.0000,0.0000,0.0000,7028.0000,0.0000,0.0000,0.0000,0.0000,1,0,0,0,0,275,0,0,0,0
zc,TA301,2012-06-14 09:00:21.487,7028.0000,160230,2,0.0000,4.0000,3,1,多开,B,7026.0000,0.0000,0.0000,0.0000,0.0000,7028.0000,0.0000,0.0000,0.0000,0.0000,5,0,0,0,0,273,0,0,0,0
zc,TA301,2012-06-14 09:00:22.267,7024.0000,160276,46,0.0000,90.0000,68,22,空开,S,7024.0000,0.0000,0.0000,0.0000,0.0000,7026.0000,0.0000,0.0000,0.0000,0.0000,5,0,0,0,0,1,0,0,0,0
zc,TA301,2012-06-14 09:00:23.003,7026.0000,160278,2,0.0000,2.0000,2,0,双开,B,7024.0000,0.0000,0.0000,0.0000,0.0000,7026.0000,0.0000,0.0000,0.0000,0.0000,5,0,0,0,0,1,0,0,0,0
zc,TA301,2012-06-14 09:00:23.487,7026.0000,160278,0,0.0000,2.0000,1,1,多换,B,7024.0000,0.0000,0.0000,0.0000,0.0000,7026.0000,0.0000,0.0000,0.0000,0.0000,5,0,0,0,0,1,0,0,0,0
zc,TA301,2012-06-14 09:00:24.567,7026.0000,160286,8,0.0000,12.0000,10,2,多开,B,7024.0000,0.0000,0.0000,0.0000,0.0000,7026.0000,0.0000,0.0000,0.0000,0.0000,4,0,0,0,0,26,0,0,0,0
zc,TA301,2012-06-14 09:00:25.017,7026.0000,160312,26,0.0000,68.0000,47,21,多开,B,7024.0000,0.0000,0.0000,0.0000,0.0000,7026.0000,0.0000,0.0000,0.0000,0.0000,4,0,0,0,0,3,0,0,0,0
zc,TA301,2012-06-14 09:00:29.330,7024.0000,160388,76,0.0000,178.0000,127,51,空开,S,7020.0000,0.0000,0.0000,0.0000,0.0000,7024.0000,0.0000,0.0000,0.0000,0.0000,103,0,0,0,0,5,0,0,0,0
zc,TA301,2012-06-14 09:00:30.033,7020.0000,160386,-2,0.0000,4.0000,1,3,多平,S,7020.0000,0.0000,0.0000,0.0000,0.0000,7024.0000,0.0000,0.0000,0.0000,0.0000,111,0,0,0,0,4,0,0,0,0
zc,TA301,2012-06-14 09:00:30.550,7024.0000,160384,-2,0.0000,22.0000,10,12,空平,B,7022.0000,0.0000,0.0000,0.0000,0.0000,7024.0000,0.0000,0.0000,0.0000,0.0000,10,0,0,0,0,3,0,0,0,0
zc,TA301,2012-06-14 09:00:31.220,7026.0000,160384,0,0.0000,12.0000,6,6,多换,B,7024.0000,0.0000,0.0000,0.0000,0.0000,7026.0000,0.0000,0.0000,0.0000,0.0000,1,0,0,0,0,21,0,0,0,0
zc,TA301,2012-06-14 09:00:31.753,7022.0000,160384,0,0.0000,6.0000,3,3,空换,S,7022.0000,0.0000,0.0000,0.0000,0.0000,7026.0000,0.0000,0.0000,0.0000,0.0000,7,0,0,0,0,9,0,0,0,0
zc,TA301,2012-06-14 09:00:32.503,7022.0000,160388,4,0.0000,12.0000,8,4,空开,S,7022.0000,0.0000,0.0000,0.0000,0.0000,7026.0000,0.0000,0.0000,0.0000,0.0000,5,0,0,0,0,7,0,0,0,0
zc,TA301,2012-06-14 09:00:32.940,7022.0000,160362,-26,0.0000,32.0000,3,29,多平,S,7022.0000,0.0000,0.0000,0.0000,0.0000,7026.0000,0.0000,0.0000,0.0000,0.0000,9,0,0,0,0,7,0,0,0,0
zc,TA301,2012-06-14 09:00:33.817,7026.0000,160360,-2,0.0000,4.0000,1,3,空平,B,7024.0000,0.0000,0.0000,0.0000,0.0000,7026.0000,0.0000,0.0000,0.0000,0.0000,8,0,0,0,0,6,0,0,0,0
zc,TA301,2012-06-14 09:00:34.470,7024.0000,160360,0,0.0000,4.0000,2,2,空换,S,7024.0000,0.0000,0.0000,0.0000,0.0000,7026.0000,0.0000,0.0000,0.0000,0.0000,7,0,0,0,0,6,0,0,0,0
zc,TA301,2012-06-14 09:00:35.220,7022.0000,160352,-8,0.0000,22.0000,7,15,多平,S,7022.0000,0.0000,0.0000,0.0000,0.0000,7026.0000,0.0000,0.0000,0.0000,0.0000,2,0,0,0,0,6,0,0,0,0
zc,TA301,2012-06-14 09:00:35.737,7026.0000,160350,-2,0.0000,2.0000,0,2,双平,B,7022.0000,0.0000,0.0000,0.0000,0.0000,7026.0000,0.0000,0.0000,0.0000,0.0000,2,0,0,0,0,5,0,0,0,0
zc,TA301,2012-06-14 09:00:36.487,7024.0000,160322,-28,0.0000,66.0000,19,47,多平,S,7020.0000,0.0000,0.0000,0.0000,0.0000,7024.0000,0.0000,0.0000,0.0000,0.0000,20,0,0,0,0,3,0,0,0,0
zc,TA301,2012-06-14 09:00:37.017,7020.0000,160314,-8,0.0000,42.0000,17,25,多平,S,7022.0000,0.0000,0.0000,0.0000,0.0000,7024.0000,0.0000,0.0000,0.0000,0.0000,1,0,0,0,0,3,0,0,0,0
zc,TA301,2012-06-14 09:00:37.707,7024.0000,160306,-8,0.0000,30.0000,11,19,空平,B,7022.0000,0.0000,0.0000,0.0000,0.0000,7024.0000,0.0000,0.0000,0.0000,0.0000,18,0,0,0,0,1,0,0,0,0
zc,TA301,2012-06-14 09:00:38.237,7024.0000,160308,2,0.0000,2.0000,2,0,双开,B,7022.0000,0.0000,0.0000,0.0000,0.0000,7024.0000,0.0000,0.0000,0.0000,0.0000,1,0,0,0,0,6,0,0,0,0
zc,TA301,2012-06-14 09:00:39.003,7020.0000,160316,8,0.0000,18.0000,13,5,空开,S,7020.0000,0.0000,0.0000,0.0000,0.0000,7022.0000,0.0000,0.0000,0.0000,0.0000,32,0,0,0,0,13,0,0,0,0
zc,TA301,2012-06-14 09:00:39.487,7022.0000,160316,0,0.0000,8.0000,4,4,多换,B,7020.0000,0.0000,0.0000,0.0000,0.0000,7022.0000,0.0000,0.0000,0.0000,0.0000,33,0,0,0,0,11,0,0,0,0
zc,TA301,2012-06-14 09:00:40.567,7022.0000,160298,-18,0.0000,28.0000,5,23,空平,B,7020.0000,0.0000,0.0000,0.0000,0.0000,7022.0000,0.0000,0.0000,0.0000,0.0000,16,0,0,0,0,1,0,0,0,0
zc,TA301,2012-06-14 09:00:40.737,7022.0000,160300,2,0.0000,2.0000,2,0,双开,B,7020.0000,0.0000,0.0000,0.0000,0.0000,7022.0000,0.0000,0.0000,0.0000,0.0000,16,0,0,0,0,1,0,0,0,0
zc,TA301,2012-06-14 09:00:41.517,7022.0000,160302,2,0.0000,2.0000,2,0,双开,B,7020.0000,0.0000,0.0000,0.0000,0.0000,7022.0000,0.0000,0.0000,0.0000,0.0000,16,0,0,0,0,2,0,0,0,0
zc,TA301,2012-06-14 09:00:42.033,7024.0000,160344,42,0.0000,62.0000,52,10,多开,B,7020.0000,0.0000,0.0000,0.0000,0.0000,7024.0000,0.0000,0.0000,0.0000,0.0000,5,0,0,0,0,3,0,0,0,0
zc,TA301,2012-06-14 09:00:42.720,7018.0000,160332,-12,0.0000,50.0000,19,31,多平,S,7016.0000,0.0000,0.0000,0.0000,0.0000,7018.0000,0.0000,0.0000,0.0000,0.0000,53,0,0,0,0,8,0,0,0,0
zc,TA301,2012-06-14 09:00:43.487,7018.0000,160330,-2,0.0000,10.0000,4,6,多平,S,7016.0000,0.0000,0.0000,0.0000,0.0000,7018.0000,0.0000,0.0000,0.0000,0.0000,53,0,0,0,0,12,0,0,0,0
zc,TA301,2012-06-14 09:00:44.253,7018.0000,160330,0,0.0000,0.0000,0,0,空换,S,7016.0000,0.0000,0.0000,0.0000,0.0000,7018.0000,0.0000,0.0000,0.0000,0.0000,51,0,0,0,0,12,0,0,0,0
zc,TA301,2012-06-14 09:00:44.737,7016.0000,160328,-2,0.0000,26.0000,12,14,多平,S,7016.0000,0.0000,0.0000,0.0000,0.0000,7020.0000,0.0000,0.0000,0.0000,0.0000,45,0,0,0,0,2,0,0,0,0
zc,TA301,2012-06-14 09:00:45.503,7022.0000,160312,-16,0.0000,34.0000,9,25,空平,B,7018.0000,0.0000,0.0000,0.0000,0.0000,7022.0000,0.0000,0.0000,0.0000,0.0000,4,0,0,0,0,1,0,0,0,0
zc,TA301,2012-06-14 09:00:45.957,7016.0000,160286,-26,0.0000,44.0000,9,35,多平,S,7018.0000,0.0000,0.0000,0.0000,0.0000,7022.0000,0.0000,0.0000,0.0000,0.0000,9,0,0,0,0,3,0,0,0,0
zc,TA301,2012-06-14 09:00:46.673,7016.0000,160286,0,0.0000,22.0000,11,11,空换,S,7016.0000,0.0000,0.0000,0.0000,0.0000,7022.0000,0.0000,0.0000,0.0000,0.0000,9,0,0,0,0,4,0,0,0,0
zc,TA301,2012-06-14 09:00:47.267,7016.0000,160286,0,0.0000,0.0000,0,0,空换,S,7016.0000,0.0000,0.0000,0.0000,0.0000,7018.0000,0.0000,0.0000,0.0000,0.0000,9,0,0,0,0,3,0,0,0,0
zc,TA301,2012-06-14 09:00:47.737,7018.0000,160290,4,0.0000,20.0000,12,8,多开,B,7018.0000,0.0000,0.0000,0.0000,0.0000,7022.0000,0.0000,0.0000,0.0000,0.0000,19,0,0,0,0,3,0,0,0,0
zc,TA301,2012-06-14 09:00:48.533,7018.0000,160290,0,0.0000,2.0000,1,1,多换,B,7020.0000,0.0000,0.0000,0.0000,0.0000,7022.0000,0.0000,0.0000,0.0000,0.0000,1,0,0,0,0,6,0,0,0,0
zc,TA301,2012-06-14 09:00:49.767,7018.0000,160276,-14,0.0000,26.0000,6,20,空平,B,7018.0000,0.0000,0.0000,0.0000,0.0000,7020.0000,0.0000,0.0000,0.0000,0.0000,29,0,0,0,0,10,0,0,0,0
zc,TA301,2012-06-14 09:00:50.267,7020.0000,160276,0,0.0000,2.0000,1,1,多换,B,7018.0000,0.0000,0.0000,0.0000,0.0000,7020.0000,0.0000,0.0000,0.0000,0.0000,22,0,0,0,0,9,0,0,0,0
zc,TA301,2012-06-14 09:00:50.957,7020.0000,160276,0,0.0000,0.0000,0,0,多换,B,7018.0000,0.0000,0.0000,0.0000,0.0000,7020.0000,0.0000,0.0000,0.0000,0.0000,23,0,0,0,0,9,0,0,0,0
zc,TA301,2012-06-14 09:00:51.533,7018.0000,160276,0,0.0000,10.0000,5,5,空换,S,7016.0000,0.0000,0.0000,0.0000,0.0000,7018.0000,0.0000,0.0000,0.0000,0.0000,8,0,0,0,0,3,0,0,0,0
zc,TA301,2012-06-14 09:00:52.283,7020.0000,160258,-18,0.0000,28.0000,5,23,空平,B,7016.0000,0.0000,0.0000,0.0000,0.0000,7018.0000,0.0000,0.0000,0.0000,0.0000,15,0,0,0,0,1,0,0,0,0
zc,TA301,2012-06-14 09:00:52.800,7018.0000,160198,-60,0.0000,76.0000,8,68,多平,S,7020.0000,0.0000,0.0000,0.0000,0.0000,7022.0000,0.0000,0.0000,0.0000,0.0000,32,0,0,0,0,7,0,0,0,0
zc,TA301,2012-06-14 09:00:53.533,7022.0000,160200,2,0.0000,4.0000,3,1,多开,B,7020.0000,0.0000,0.0000,0.0000,0.0000,7022.0000,0.0000,0.0000,0.0000,0.0000,41,0,0,0,0,4,0,0,0,0
zc,TA301,2012-06-14 09:00:54.033,7022.0000,160206,6,0.0000,10.0000,8,2,多开,B,7020.0000,0.0000,0.0000,0.0000,0.0000,7022.0000,0.0000,0.0000,0.0000,0.0000,37,0,0,0,0,3,0,0,0,0
zc,TA301,2012-06-14 09:00:54.720,7020.0000,160210,4,0.0000,6.0000,5,1,空开,S,7020.0000,0.0000,0.0000,0.0000,0.0000,7022.0000,0.0000,0.0000,0.0000,0.0000,34,0,0,0,0,3,0,0,0,0
zc,TA301,2012-06-14 09:00:55.220,7020.0000,160212,2,0.0000,10.0000,6,4,空开,S,7020.0000,0.0000,0.0000,0.0000,0.0000,7022.0000,0.0000,0.0000,0.0000,0.0000,29,0,0,0,0,3,0,0,0,0
zc,TA301,2012-06-14 09:00:56.003,7020.0000,160220,8,0.0000,22.0000,15,7,空开,S,7020.0000,0.0000,0.0000,0.0000,0.0000,7022.0000,0.0000,0.0000,0.0000,0.0000,8,0,0,0,0,5,0,0,0,0
zc,TA301,2012-06-14 09:00:56.470,7020.0000,160220,0,0.0000,22.0000,11,11,空换,S,7018.0000,0.0000,0.0000,0.0000,0.0000,7020.0000,0.0000,0.0000,0.0000,0.0000,19,0,0,0,0,23,0,0,0,0
zc,TA301,2012-06-14 09:00:57.237,7018.0000,160220,0,0.0000,2.0000,1,1,空换,S,7018.0000,0.0000,0.0000,0.0000,0.0000,7020.0000,0.0000,0.0000,0.0000,0.0000,19,0,0,0,0,24,0,0,0,0
zc,TA301,2012-06-14 09:00:57.737,7020.0000,160200,-20,0.0000,32.0000,6,26,空平,B,7018.0000,0.0000,0.0000,0.0000,0.0000,7020.0000,0.0000,0.0000,0.0000,0.0000,9,0,0,0,0,48,0,0,0,0
zc,TA301,2012-06-14 09:00:58.457,7020.0000,160204,4,0.0000,6.0000,5,1,多开,B,7018.0000,0.0000,0.0000,0.0000,0.0000,7020.0000,0.0000,0.0000,0.0000,0.0000,12,0,0,0,0,48,0,0,0,0
zc,TA301,2012-06-14 09:00:59.033,7018.0000,160204,0,0.0000,52.0000,26,26,空换,S,7018.0000,0.0000,0.0000,0.0000,0.0000,7020.0000,0.0000,0.0000,0.0000,0.0000,14,0,0,0,0,23,0,0,0,0
zc,TA301,2012-06-14 09:00:59.457,7020.0000,160206,2,0.0000,2.0000,2,0,双开,B,7018.0000,0.0000,0.0000,0.0000,0.0000,7020.0000,0.0000,0.0000,0.0000,0.0000,18,0,0,0,0,23,0,0,0,0
zc,TA301,2012-06-14 09:01:00.220,7020.0000,160232,26,0.0000,34.0000,30,4,多开,B,7018.0000,0.0000,0.0000,0.0000,0.0000,7020.0000,0.0000,0.0000,0.0000,0.0000,17,0,0,0,0,8,0,0,0,0
zc,TA301,2012-06-14 09:01:00.720,7020.0000,160230,-2,0.0000,6.0000,2,4,空平,B,7018.0000,0.0000,0.0000,0.0000,0.0000,7020.0000,0.0000,0.0000,0.0000,0.0000,28,0,0,0,0,6,0,0,0,0
zc,TA301,2012-06-14 09:01:01.470,7020.0000,160236,6,0.0000,12.0000,9,3,多开,B,7020.0000,0.0000,0.0000,0.0000,0.0000,7022.0000,0.0000,0.0000,0.0000,0.0000,2,0,0,0,0,3,0,0,0,0
zc,TA301,2012-06-14 09:01:01.957,7018.0000,160270,34,0.0000,80.0000,57,23,空开,S,7016.0000,0.0000,0.0000,0.0000,0.0000,7022.0000,0.0000,0.0000,0.0000,0.0000,108,0,0,0,0,3,0,0,0,0
zc,TA301,2012-06-14 09:01:03.283,7018.0000,160256,-14,0.0000,22.0000,4,18,多平,S,7020.0000,0.0000,0.0000,0.0000,0.0000,7022.0000,0.0000,0.0000,0.0000,0.0000,1,0,0,0,0,3,0,0,0,0
zc,TA301,2012-06-14 09:01:04.003,7018.0000,160258,2,0.0000,6.0000,4,2,空开,S,7018.0000,0.0000,0.0000,0.0000,0.0000,7022.0000,0.0000,0.0000,0.0000,0.0000,10,0,0,0,0,3,0,0,0,0
zc,TA301,2012-06-14 09:01:04.753,7018.0000,160260,2,0.0000,12.0000,7,5,空开,S,7018.0000,0.0000,0.0000,0.0000,0.0000,7022.0000,0.0000,0.0000,0.0000,0.0000,27,0,0,0,0,3,0,0,0,0
zc,TA301,2012-06-14 09:01:05.457,7018.0000,160256,-4,0.0000,18.0000,7,11,多平,S,7018.0000,0.0000,0.0000,0.0000,0.0000,7022.0000,0.0000,0.0000,0.0000,0.0000,13,0,0,0,0,3,0,0,0,0
zc,TA301,2012-06-14 09:01:05.690,7018.0000,160256,0,0.0000,4.0000,2,2,空换,S,7018.0000,0.0000,0.0000,0.0000,0.0000,7022.0000,0.0000,0.0000,0.0000,0.0000,13,0,0,0,0,3,0,0,0,0
zc,TA301,2012-06-14 09:01:06.470,7018.0000,160256,0,0.0000,0.0000,0,0,空换,S,7020.0000,0.0000,0.0000,0.0000,0.0000,7022.0000,0.0000,0.0000,0.0000,0.0000,1,0,0,0,0,3,0,0,0,0
zc,TA301,2012-06-14 09:01:08.987,7016.0000,160272,16,0.0000,38.0000,27,11,空开,S,7016.0000,0.0000,0.0000,0.0000,0.0000,7018.0000,0.0000,0.0000,0.0000,0.0000,117,0,0,0,0,3,0,0,0,0
zc,TA301,2012-06-14 09:01:09.503,7018.0000,160182,-90,0.0000,102.0000,6,96,空平,B,7018.0000,0.0000,0.0000,0.0000,0.0000,7020.0000,0.0000,0.0000,0.0000,0.0000,1,0,0,0,0,1,0,0,0,0
zc,TA301,2012-06-14 09:01:10.267,7020.0000,160202,20,0.0000,26.0000,23,3,多开,B,7020.0000,0.0000,0.0000,0.0000,0.0000,7022.0000,0.0000,0.0000,0.0000,0.0000,37,0,0,0,0,3,0,0,0,0
zc,TA301,2012-06-14 09:01:11.470,7020.0000,160202,0,0.0000,0.0000,0,0,多换,B,7020.0000,0.0000,0.0000,0.0000,0.0000,7022.0000,0.0000,0.0000,0.0000,0.0000,47,0,0,0,0,3,0,0,0,0
zc,TA301,2012-06-14 09:01:11.957,7020.0000,160204,2,0.0000,6.0000,4,2,多开,B,7020.0000,0.0000,0.0000,0.0000,0.0000,7022.0000,0.0000,0.0000,0.0000,0.0000,44,0,0,0,0,5,0,0,0,0
zc,TA301,2012-06-14 09:01:12.737,7020.0000,160204,0,0.0000,4.0000,2,2,多换,B,7020.0000,0.0000,0.0000,0.0000,0.0000,7022.0000,0.0000,0.0000,0.0000,0.0000,42,0,0,0,0,5,0,0,0,0
zc,TA301,2012-06-14 09:01:13.220,7022.0000,160210,6,0.0000,10.0000,8,2,多开,B,7022.0000,0.0000,0.0000,0.0000,0.0000,7024.0000,0.0000,0.0000,0.0000,0.0000,8,0,0,0,0,109,0,0,0,0
zc,TA301,2012-06-14 09:01:13.767,7022.0000,160206,-4,0.0000,36.0000,16,20,空平,B,7020.0000,0.0000,0.0000,0.0000,0.0000,7024.0000,0.0000,0.0000,0.0000,0.0000,44,0,0,0,0,106,0,0,0,0
zc,TA301,2012-06-14 09:01:14.440,7020.0000,160206,0,0.0000,28.0000,14,14,空换,S,7022.0000,0.0000,0.0000,0.0000,0.0000,7024.0000,0.0000,0.0000,0.0000,0.0000,2,0,0,0,0,106,0,0,0,0
zc,TA301,2012-06-14 09:01:15.503,7020.0000,160208,2,0.0000,2.0000,2,0,双开,S,7022.0000,0.0000,0.0000,0.0000,0.0000,7024.0000,0.0000,0.0000,0.0000,0.0000,2,0,0,0,0,106,0,0,0,0
zc,TA301,2012-06-14 09:01:15.987,7020.0000,160208,0,0.0000,8.0000,4,4,空换,S,7020.0000,0.0000,0.0000,0.0000,0.0000,7024.0000,0.0000,0.0000,0.0000,0.0000,34,0,0,0,0,106,0,0,0,0
zc,TA301,2012-06-14 09:01:16.707,7020.0000,160208,0,0.0000,0.0000,0,0,空换,S,7020.0000,0.0000,0.0000,0.0000,0.0000,7024.0000,0.0000,0.0000,0.0000,0.0000,36,0,0,0,0,106,0,0,0,0
zc,TA301,2012-06-14 09:01:17.237,7022.0000,160208,0,0.0000,8.0000,4,4,多换,B,7022.0000,0.0000,0.0000,0.0000,0.0000,7024.0000,0.0000,0.0000,0.0000,0.0000,5,0,0,0,0,104,0,0,0,0
zc,TA301,2012-06-14 09:01:18.503,7022.0000,160220,12,0.0000,458.0000,235,223,多开,B,7018.0000,0.0000,0.0000,0.0000,0.0000,7022.0000,0.0000,0.0000,0.0000,0.0000,15,0,0,0,0,2,0,0,0,0
zc,TA301,2012-06-14 09:01:19.533,7022.0000,160224,4,0.0000,4.0000,4,0,双开,B,7022.0000,0.0000,0.0000,0.0000,0.0000,7024.0000,0.0000,0.0000,0.0000,0.0000,20,0,0,0,0,104,0,0,0,0
zc,TA301,2012-06-14 09:01:19.987,7024.0000,160226,2,0.0000,10.0000,6,4,多开,B,7022.0000,0.0000,0.0000,0.0000,0.0000,7024.0000,0.0000,0.0000,0.0000,0.0000,19,0,0,0,0,103,0,0,0,0
zc,TA301,2012-06-14 09:01:20.690,7022.0000,160226,0,0.0000,34.0000,17,17,空换,S,7022.0000,0.0000,0.0000,0.0000,0.0000,7024.0000,0.0000,0.0000,0.0000,0.0000,6,0,0,0,0,88,0,0,0,0
zc,TA301,2012-06-14 09:01:21.207,7022.0000,160230,4,0.0000,10.0000,7,3,空开,S,7022.0000,0.0000,0.0000,0.0000,0.0000,7024.0000,0.0000,0.0000,0.0000,0.0000,21,0,0,0,0,88,0,0,0,0
zc,TA301,2012-06-14 09:01:21.940,7022.0000,160230,0,0.0000,0.0000,0,0,空换,S,7022.0000,0.0000,0.0000,0.0000,0.0000,7024.0000,0.0000,0.0000,0.0000,0.0000,22,0,0,0,0,88,0,0,0,0
zc,TA301,2012-06-14 09:01:22.470,7024.0000,160238,8,0.0000,10.0000,9,1,多开,B,7022.0000,0.0000,0.0000,0.0000,0.0000,7024.0000,0.0000,0.0000,0.0000,0.0000,52,0,0,0,0,83,0,0,0,0
zc,TA301,2012-06-14 09:01:22.970,7024.0000,160236,-2,0.0000,12.0000,5,7,空平,B,7022.0000,0.0000,0.0000,0.0000,0.0000,7024.0000,0.0000,0.0000,0.0000,0.0000,47,0,0,0,0,78,0,0,0,0
zc,TA301,2012-06-14 09:01:24.457,7024.0000,160260,24,0.0000,68.0000,46,22,多开,B,7022.0000,0.0000,0.0000,0.0000,0.0000,7024.0000,0.0000,0.0000,0.0000,0.0000,44,0,0,0,0,70,0,0,0,0
zc,TA301,2012-06-14 09:01:25.017,7024.0000,160268,8,0.0000,8.0000,8,0,双开,B,7022.0000,0.0000,0.0000,0.0000,0.0000,7024.0000,0.0000,0.0000,0.0000,0.0000,36,0,0,0,0,66,0,0,0,0
zc,TA301,2012-06-14 09:01:25.753,7024.0000,160398,130,0.0000,136.0000,133,3,多开,B,7024.0000,0.0000,0.0000,0.0000,0.0000,7026.0000,0.0000,0.0000,0.0000,0.0000,33,0,0,0,0,37,0,0,0,0
zc,TA301,2012-06-14 09:01:26.503,7024.0000,160400,2,0.0000,2.0000,2,0,双开,B,7024.0000,0.0000,0.0000,0.0000,0.0000,7026.0000,0.0000,0.0000,0.0000,0.0000,42,0,0,0,0,9,0,0,0,0
zc,TA301,2012-06-14 09:01:26.970,7024.0000,160400,0,0.0000,0.0000,0,0,多换,B,7024.0000,0.0000,0.0000,0.0000,0.0000,7026.0000,0.0000,0.0000,0.0000,0.0000,44,0,0,0,0,9,0,0,0,0
zc,TA301,2012-06-14 09:01:27.487,7024.0000,160400,0,0.0000,0.0000,0,0,多换,B,7024.0000,0.0000,0.0000,0.0000,0.0000,7026.0000,0.0000,0.0000,0.0000,0.0000,45,0,0,0,0,8,0,0,0,0
zc,TA301,2012-06-14 09:01:27.957,7026.0000,160400,0,0.0000,4.0000,2,2,多换,B,7024.0000,0.0000,0.0000,0.0000,0.0000,7026.0000,0.0000,0.0000,0.0000,0.0000,90,0,0,0,0,6,0,0,0,0
zc,TA301,2012-06-14 09:01:28.737,7026.0000,160400,0,0.0000,0.0000,0,0,多换,B,7024.0000,0.0000,0.0000,0.0000,0.0000,7026.0000,0.0000,0.0000,0.0000,0.0000,92,0,0,0,0,6,0,0,0,0
zc,TA301,2012-06-14 09:01:29.753,7026.0000,160402,2,0.0000,8.0000,5,3,多开,B,7024.0000,0.0000,0.0000,0.0000,0.0000,7026.0000,0.0000,0.0000,0.0000,0.0000,91,0,0,0,0,30,0,0,0,0
zc,TA301,2012-06-14 09:01:30.173,7024.0000,160408,6,0.0000,24.0000,15,9,空开,S,7024.0000,0.0000,0.0000,0.0000,0.0000,7026.0000,0.0000,0.0000,0.0000,0.0000,88,0,0,0,0,18,0,0,0,0
zc,TA301,2012-06-14 09:01:30.673,7026.0000,160348,-60,0.0000,68.0000,4,64,空平,B,7024.0000,0.0000,0.0000,0.0000,0.0000,7026.0000,0.0000,0.0000,0.0000,0.0000,89,0,0,0,0,4,0,0,0,0
zc,TA301,2012-06-14 09:01:31.470,7026.0000,160348,0,0.0000,0.0000,0,0,多换,B,7024.0000,0.0000,0.0000,0.0000,0.0000,7026.0000,0.0000,0.0000,0.0000,0.0000,97,0,0,0,0,5,0,0,0,0
zc,TA301,2012-06-14 09:01:31.957,7026.0000,160348,0,0.0000,12.0000,6,6,多换,B,7024.0000,0.0000,0.0000,0.0000,0.0000,7026.0000,0.0000,0.0000,0.0000,0.0000,98,0,0,0,0,7,0,0,0,0
zc,TA301,2012-06-14 09:01:32.673,7026.0000,160348,0,0.0000,12.0000,6,6,多换,B,7024.0000,0.0000,0.0000,0.0000,0.0000,7026.0000,0.0000,0.0000,0.0000,0.0000,93,0,0,0,0,6,0,0,0,0
zc,TA301,2012-06-14 09:01:32.940,7026.0000,160348,0,0.0000,0.0000,0,0,多换,B,7024.0000,0.0000,0.0000,0.0000,0.0000,7026.0000,0.0000,0.0000,0.0000,0.0000,93,0,0,0,0,7,0,0,0,0
zc,TA301,2012-06-14 09:01:33.707,7026.0000,160358,10,0.0000,22.0000,16,6,多开,B,7024.0000,0.0000,0.0000,0.0000,0.0000,7026.0000,0.0000,0.0000,0.0000,0.0000,88,0,0,0,0,3,0,0,0,0
zc,TA301,2012-06-14 09:01:34.220,7026.0000,160360,2,0.0000,8.0000,5,3,多开,B,7026.0000,0.0000,0.0000,0.0000,0.0000,7028.0000,0.0000,0.0000,0.0000,0.0000,1,0,0,0,0,264,0,0,0,0
zc,TA301,2012-06-14 09:01:35.003,7024.0000,160374,14,0.0000,60.0000,37,23,空开,S,7024.0000,0.0000,0.0000,0.0000,0.0000,7028.0000,0.0000,0.0000,0.0000,0.0000,62,0,0,0,0,268,0,0,0,0
zc,TA301,2012-06-14 09:01:35.470,7024.0000,160372,-2,0.0000,56.0000,27,29,多平,S,7024.0000,0.0000,0.0000,0.0000,0.0000,7028.0000,0.0000,0.0000,0.0000,0.0000,35,0,0,0,0,266,0,0,0,0
zc,TA301,2012-06-14 09:01:36.220,7026.0000,160370,-2,0.0000,12.0000,5,7,空平,B,7024.0000,0.0000,0.0000,0.0000,0.0000,7026.0000,0.0000,0.0000,0.0000,0.0000,35,0,0,0,0,1,0,0,0,0
zc,TA301,2012-06-14 09:01:36.690,7026.0000,160370,0,0.0000,202.0000,101,101,多换,B,7024.0000,0.0000,0.0000,0.0000,0.0000,7026.0000,0.0000,0.0000,0.0000,0.0000,35,0,0,0,0,81,0,0,0,0
zc,TA301,2012-06-14 09:01:37.207,7026.0000,160370,0,0.0000,2.0000,1,1,多换,B,7024.0000,0.0000,0.0000,0.0000,0.0000,7026.0000,0.0000,0.0000,0.0000,0.0000,34,0,0,0,0,83,0,0,0,0
zc,TA301,2012-06-14 09:01:38.003,7026.0000,160370,0,0.0000,4.0000,2,2,多换,B,7024.0000,0.0000,0.0000,0.0000,0.0000,7026.0000,0.0000,0.0000,0.0000,0.0000,34,0,0,0,0,81,0,0,0,0
zc,TA301,2012-06-14 09:01:38.517,7026.0000,160376,6,0.0000,166.0000,86,80,多开,B,7026.0000,0.0000,0.0000,0.0000,0.0000,7028.0000,0.0000,0.0000,0.0000,0.0000,19,0,0,0,0,261,0,0,0,0
zc,TA301,2012-06-14 09:01:39.440,7028.0000,160378,2,0.0000,12.0000,7,5,多开,B,7026.0000,0.0000,0.0000,0.0000,0.0000,7028.0000,0.0000,0.0000,0.0000,0.0000,14,0,0,0,0,261,0,0,0,0
zc,TA301,2012-06-14 09:01:39.923,7026.0000,160398,20,0.0000,44.0000,32,12,空开,S,7024.0000,0.0000,0.0000,0.0000,0.0000,7026.0000,0.0000,0.0000,0.0000,0.0000,43,0,0,0,0,6,0,0,0,0
zc,TA301,2012-06-14 09:01:40.737,7026.0000,160398,0,0.0000,0.0000,0,0,空换,S,7024.0000,0.0000,0.0000,0.0000,0.0000,7026.0000,0.0000,0.0000,0.0000,0.0000,43,0,0,0,0,97,0,0,0,0
zc,TA301,2012-06-14 09:01:41.207,7026.0000,160388,-10,0.0000,22.0000,6,16,多平,S,7024.0000,0.0000,0.0000,0.0000,0.0000,7026.0000,0.0000,0.0000,0.0000,0.0000,50,0,0,0,0,86,0,0,0,0
zc,TA301,2012-06-14 09:01:41.957,7026.0000,160388,0,0.0000,0.0000,0,0,空换,S,7024.0000,0.0000,0.0000,0.0000,0.0000,7026.0000,0.0000,0.0000,0.0000,0.0000,50,0,0,0,0,91,0,0,0,0
zc,TA301,2012-06-14 09:01:42.440,7024.0000,160388,0,0.0000,2.0000,1,1,空换,S,7024.0000,0.0000,0.0000,0.0000,0.0000,7026.0000,0.0000,0.0000,0.0000,0.0000,49,0,0,0,0,92,0,0,0,0
zc,TA301,2012-06-14 09:01:42.970,7026.0000,160388,0,0.0000,2.0000,1,1,多换,B,7024.0000,0.0000,0.0000,0.0000,0.0000,7026.0000,0.0000,0.0000,0.0000,0.0000,50,0,0,0,0,91,0,0,0,0
zc,TA301,2012-06-14 09:01:43.440,7026.0000,160388,0,0.0000,0.0000,0,0,多换,B,7024.0000,0.0000,0.0000,0.0000,0.0000,7026.0000,0.0000,0.0000,0.0000,0.0000,50,0,0,0,0,126,0,0,0,0
zc,TA301,2012-06-14 09:01:44.470,7026.0000,160386,-2,0.0000,4.0000,1,3,空平,B,7024.0000,0.0000,0.0000,0.0000,0.0000,7026.0000,0.0000,0.0000,0.0000,0.0000,51,0,0,0,0,124,0,0,0,0
zc,TA301,2012-06-14 09:01:44.657,7024.0000,160382,-4,0.0000,22.0000,9,13,多平,S,7024.0000,0.0000,0.0000,0.0000,0.0000,7026.0000,0.0000,0.0000,0.0000,0.0000,43,0,0,0,0,134,0,0,0,0
zc,TA301,2012-06-14 09:01:45.457,7024.0000,160382,0,0.0000,2.0000,1,1,空换,S,7024.0000,0.0000,0.0000,0.0000,0.0000,7026.0000,0.0000,0.0000,0.0000,0.0000,42,0,0,0,0,133,0,0,0,0
zc,TA301,2012-06-14 09:01:46.220,7024.0000,160382,0,0.0000,20.0000,10,10,空换,S,7024.0000,0.0000,0.0000,0.0000,0.0000,7026.0000,0.0000,0.0000,0.0000,0.0000,32,0,0,0,0,123,0,0,0,0
zc,TA301,2012-06-14 09:01:46.737,7024.0000,160380,-2,0.0000,8.0000,3,5,多平,S,7024.0000,0.0000,0.0000,0.0000,0.0000,7026.0000,0.0000,0.0000,0.0000,0.0000,28,0,0,0,0,120,0,0,0,0
zc,TA301,2012-06-14 09:01:47.407,7024.0000,160356,-24,0.0000,40.0000,8,32,多平,S,7024.0000,0.0000,0.0000,0.0000,0.0000,7026.0000,0.0000,0.0000,0.0000,0.0000,19,0,0,0,0,108,0,0,0,0
zc,TA301,2012-06-14 09:01:47.673,7024.0000,160356,0,0.0000,2.0000,1,1,空换,S,7024.0000,0.0000,0.0000,0.0000,0.0000,7026.0000,0.0000,0.0000,0.0000,0.0000,18,0,0,0,0,109,0,0,0,0
zc,TA301,2012-06-14 09:01:48.457,7026.0000,160356,0,0.0000,2.0000,1,1,多换,B,7024.0000,0.0000,0.0000,0.0000,0.0000,7026.0000,0.0000,0.0000,0.0000,0.0000,33,0,0,0,0,108,0,0,0,0
zc,TA301,2012-06-14 09:01:48.907,7026.0000,160356,0,0.0000,22.0000,11,11,多换,B,7024.0000,0.0000,0.0000,0.0000,0.0000,7026.0000,0.0000,0.0000,0.0000,0.0000,34,0,0,0,0,98,0,0,0,0
zc,TA301,2012-06-14 09:01:49.673,7024.0000,160356,0,0.0000,4.0000,2,2,空换,S,7024.0000,0.0000,0.0000,0.0000,0.0000,7026.0000,0.0000,0.0000,0.0000,0.0000,34,0,0,0,0,98,0,0,0,0
zc,TA301,2012-06-14 09:01:50.220,7024.0000,160358,2,0.0000,2.0000,2,0,双开,S,7024.0000,0.0000,0.0000,0.0000,0.0000,7026.0000,0.0000,0.0000,0.0000,0.0000,33,0,0,0,0,98,0,0,0,0
zc,TA301,2012-06-14 09:01:50.987,7024.0000,160360,2,0.0000,4.0000,3,1,空开,S,7024.0000,0.0000,0.0000,0.0000,0.0000,7026.0000,0.0000,0.0000,0.0000,0.0000,32,0,0,0,0,97,0,0,0,0
zc,TA301,2012-06-14 09:01:51.440,7024.0000,160360,0,0.0000,2.0000,1,1,空换,S,7024.0000,0.0000,0.0000,0.0000,0.0000,7026.0000,0.0000,0.0000,0.0000,0.0000,31,0,0,0,0,97,0,0,0,0
zc,TA301,2012-06-14 09:01:51.940,7024.0000,160360,0,0.0000,0.0000,0,0,空换,S,7024.0000,0.0000,0.0000,0.0000,0.0000,7026.0000,0.0000,0.0000,0.0000,0.0000,32,0,0,0,0,97,0,0,0,0
zc,TA301,2012-06-14 09:01:52.707,7024.0000,160360,0,0.0000,4.0000,2,2,空换,S,7024.0000,0.0000,0.0000,0.0000,0.0000,7026.0000,0.0000,0.0000,0.0000,0.0000,36,0,0,0,0,97,0,0,0,0
zc,TA301,2012-06-14 09:01:53.690,7024.0000,160368,8,0.0000,30.0000,19,11,空开,S,7024.0000,0.0000,0.0000,0.0000,0.0000,7026.0000,0.0000,0.0000,0.0000,0.0000,21,0,0,0,0,97,0,0,0,0
zc,TA301,2012-06-14 09:01:54.940,7026.0000,160368,0,0.0000,2.0000,1,1,多换,B,7024.0000,0.0000,0.0000,0.0000,0.0000,7026.0000,0.0000,0.0000,0.0000,0.0000,23,0,0,0,0,96,0,0,0,0
zc,TA301,2012-06-14 09:01:56.190,7026.0000,160368,0,0.0000,8.0000,4,4,多换,B,7024.0000,0.0000,0.0000,0.0000,0.0000,7026.0000,0.0000,0.0000,0.0000,0.0000,24,0,0,0,0,92,0,0,0,0
zc,TA301,2012-06-14 09:01:56.690,7024.0000,160400,32,0.0000,38.0000,35,3,空开,S,7024.0000,0.0000,0.0000,0.0000,0.0000,7026.0000,0.0000,0.0000,0.0000,0.0000,6,0,0,0,0,90,0,0,0,0
zc,TA301,2012-06-14 09:01:58.003,7024.0000,160396,-4,0.0000,12.0000,4,8,多平,S,7022.0000,0.0000,0.0000,0.0000,0.0000,7024.0000,0.0000,0.0000,0.0000,0.0000,68,0,0,0,0,4,0,0,0,0
zc,TA301,2012-06-14 09:01:58.487,7024.0000,160396,0,0.0000,0.0000,0,0,空换,S,7022.0000,0.0000,0.0000,0.0000,0.0000,7024.0000,0.0000,0.0000,0.0000,0.0000,54,0,0,0,0,21,0,0,0,0
zc,TA301,2012-06-14 09:01:59.173,7024.0000,160396,0,0.0000,10.0000,5,5,空换,S,7022.0000,0.0000,0.0000,0.0000,0.0000,7024.0000,0.0000,0.0000,0.0000,0.0000,54,0,0,0,0,17,0,0,0,0
zc,TA301,2012-06-14 09:01:59.720,7024.0000,160396,0,0.0000,4.0000,2,2,空换,S,7022.0000,0.0000,0.0000,0.0000,0.0000,7024.0000,0.0000,0.0000,0.0000,0.0000,53,0,0,0,0,16,0,0,0,0
zc,TA301,2012-06-14 09:02:00.487,7022.0000,160398,2,0.0000,2.0000,2,0,双开,S,7022.0000,0.0000,0.0000,0.0000,0.0000,7024.0000,0.0000,0.0000,0.0000,0.0000,52,0,0,0,0,16,0,0,0,0
zc,TA301,2012-06-14 09:02:01.003,7022.0000,160398,0,0.0000,0.0000,0,0,空换,S,7022.0000,0.0000,0.0000,0.0000,0.0000,7024.0000,0.0000,0.0000,0.0000,0.0000,59,0,0,0,0,16,0,0,0,0
zc,TA301,2012-06-14 09:02:01.783,7024.0000,160398,0,0.0000,22.0000,11,11,多换,B,7022.0000,0.0000,0.0000,0.0000,0.0000,7024.0000,0.0000,0.0000,0.0000,0.0000,52,0,0,0,0,5,0,0,0,0
zc,TA301,2012-06-14 09:02:01.987,7024.0000,160398,0,0.0000,0.0000,0,0,多换,B,7022.0000,0.0000,0.0000,0.0000,0.0000,7024.0000,0.0000,0.0000,0.0000,0.0000,52,0,0,0,0,6,0,0,0,0
zc,TA301,2012-06-14 09:02:03.220,7022.0000,160392,-6,0.0000,38.0000,16,22,多平,S,7022.0000,0.0000,0.0000,0.0000,0.0000,7026.0000,0.0000,0.0000,0.0000,0.0000,40,0,0,0,0,92,0,0,0,0
zc,TA301,2012-06-14 09:02:03.970,7022.0000,160392,0,0.0000,44.0000,22,22,空换,S,7022.0000,0.0000,0.0000,0.0000,0.0000,7026.0000,0.0000,0.0000,0.0000,0.0000,18,0,0,0,0,92,0,0,0,0
zc,TA301,2012-06-14 09:02:04.533,7022.0000,160370,-22,0.0000,26.0000,2,24,多平,S,7024.0000,0.0000,0.0000,0.0000,0.0000,7026.0000,0.0000,0.0000,0.0000,0.0000,14,0,0,0,0,92,0,0,0,0
zc,TA301,2012-06-14 09:02:05.220,7022.0000,160370,0,0.0000,0.0000,0,0,空换,S,7024.0000,0.0000,0.0000,0.0000,0.0000,7026.0000,0.0000,0.0000,0.0000,0.0000,19,0,0,0,0,92,0,0,0,0
zc,TA301,2012-06-14 09:02:05.690,7022.0000,160370,0,0.0000,0.0000,0,0,空换,S,7024.0000,0.0000,0.0000,0.0000,0.0000,7026.0000,0.0000,0.0000,0.0000,0.0000,6,0,0,0,0,92,0,0,0,0
zc,TA301,2012-06-14 09:02:06.517,7024.0000,160382,12,0.0000,12.0000,12,0,双开,B,7022.0000,0.0000,0.0000,0.0000,0.0000,7026.0000,0.0000,0.0000,0.0000,0.0000,6,0,0,0,0,96,0,0,0,0
zc,TA301,2012-06-14 09:02:07.220,7022.0000,160382,0,0.0000,2.0000,1,1,空换,S,7022.0000,0.0000,0.0000,0.0000,0.0000,7024.0000,0.0000,0.0000,0.0000,0.0000,5,0,0,0,0,2,0,0,0,0
zc,TA301,2012-06-14 09:02:07.720,7022.0000,160382,0,0.0000,2.0000,1,1,空换,S,7022.0000,0.0000,0.0000,0.0000,0.0000,7024.0000,0.0000,0.0000,0.0000,0.0000,5,0,0,0,0,4,0,0,0,0
zc,TA301,2012-06-14 09:02:08.440,7024.0000,160380,-2,0.0000,2.0000,0,2,双平,B,7022.0000,0.0000,0.0000,0.0000,0.0000,7024.0000,0.0000,0.0000,0.0000,0.0000,5,0,0,0,0,3,0,0,0,0
zc,TA301,2012-06-14 09:02:08.970,7022.0000,160380,0,0.0000,4.0000,2,2,空换,S,7022.0000,0.0000,0.0000,0.0000,0.0000,7024.0000,0.0000,0.0000,0.0000,0.0000,5,0,0,0,0,2,0,0,0,0
zc,TA301,2012-06-14 09:02:09.673,7024.0000,160384,4,0.0000,4.0000,4,0,双开,B,7022.0000,0.0000,0.0000,0.0000,0.0000,7026.0000,0.0000,0.0000,0.0000,0.0000,5,0,0,0,0,96,0,0,0,0
zc,TA301,2012-06-14 09:02:10.173,7022.0000,160384,0,0.0000,6.0000,3,3,空换,S,7022.0000,0.0000,0.0000,0.0000,0.0000,7024.0000,0.0000,0.0000,0.0000,0.0000,3,0,0,0,0,1,0,0,0,0
zc,TA301,2012-06-14 09:02:10.970,7022.0000,160382,-2,0.0000,6.0000,2,4,多平,S,7020.0000,0.0000,0.0000,0.0000,0.0000,7022.0000,0.0000,0.0000,0.0000,0.0000,132,0,0,0,0,1,0,0,0,0
zc,TA301,2012-06-14 09:02:11.487,7022.0000,160378,-4,0.0000,4.0000,0,4,双平,S,7022.0000,0.0000,0.0000,0.0000,0.0000,7024.0000,0.0000,0.0000,0.0000,0.0000,6,0,0,0,0,1,0,0,0,0
zc,TA301,2012-06-14 09:02:12.190,7022.0000,160378,0,0.0000,0.0000,0,0,空换,S,7022.0000,0.0000,0.0000,0.0000,0.0000,7024.0000,0.0000,0.0000,0.0000,0.0000,7,0,0,0,0,1,0,0,0,0
zc,TA301,2012-06-14 09:02:12.753,7022.0000,160378,0,0.0000,0.0000,0,0,空换,S,7022.0000,0.0000,0.0000,0.0000,0.0000,7024.0000,0.0000,0.0000,0.0000,0.0000,9,0,0,0,0,22,0,0,0,0
zc,TA301,2012-06-14 09:02:13.517,7022.0000,160378,0,0.0000,10.0000,5,5,空换,S,7022.0000,0.0000,0.0000,0.0000,0.0000,7024.0000,0.0000,0.0000,0.0000,0.0000,3,0,0,0,0,25,0,0,0,0
zc,TA301,2012-06-14 09:02:14.017,7022.0000,160378,0,0.0000,0.0000,0,0,空换,S,7022.0000,0.0000,0.0000,0.0000,0.0000,7024.0000,0.0000,0.0000,0.0000,0.0000,8,0,0,0,0,6,0,0,0,0
zc,TA301,2012-06-14 09:02:14.987,7024.0000,160380,2,0.0000,12.0000,7,5,多开,B,7022.0000,0.0000,0.0000,0.0000,0.0000,7024.0000,0.0000,0.0000,0.0000,0.0000,12,0,0,0,0,21,0,0,0,0
zc,TA301,2012-06-14 09:02:15.533,7022.0000,160402,22,0.0000,24.0000,23,1,空开,S,7020.0000,0.0000,0.0000,0.0000,0.0000,7022.0000,0.0000,0.0000,0.0000,0.0000,119,0,0,0,0,1,0,0,0,0
zc,TA301,2012-06-14 09:02:16.207,7022.0000,160402,0,0.0000,0.0000,0,0,空换,S,7020.0000,0.0000,0.0000,0.0000,0.0000,7022.0000,0.0000,0.0000,0.0000,0.0000,118,0,0,0,0,1,0,0,0,0
zc,TA301,2012-06-14 09:02:16.737,7022.0000,160404,2,0.0000,2.0000,2,0,双开,S,7020.0000,0.0000,0.0000,0.0000,0.0000,7022.0000,0.0000,0.0000,0.0000,0.0000,118,0,0,0,0,2,0,0,0,0
zc,TA301,2012-06-14 09:02:17.487,7020.0000,160406,2,0.0000,56.0000,29,27,空开,S,7020.0000,0.0000,0.0000,0.0000,0.0000,7022.0000,0.0000,0.0000,0.0000,0.0000,90,0,0,0,0,26,0,0,0,0
zc,TA301,2012-06-14 09:02:17.970,7022.0000,160406,0,0.0000,42.0000,21,21,多换,B,7020.0000,0.0000,0.0000,0.0000,0.0000,7022.0000,0.0000,0.0000,0.0000,0.0000,70,0,0,0,0,16,0,0,0,0
zc,TA301,2012-06-14 09:02:18.707,7022.0000,160410,4,0.0000,6.0000,5,1,多开,B,7020.0000,0.0000,0.0000,0.0000,0.0000,7022.0000,0.0000,0.0000,0.0000,0.0000,70,0,0,0,0,24,0,0,0,0
zc,TA301,2012-06-14 09:02:19.190,7020.0000,160440,30,0.0000,30.0000,30,0,双开,S,7020.0000,0.0000,0.0000,0.0000,0.0000,7022.0000,0.0000,0.0000,0.0000,0.0000,55,0,0,0,0,22,0,0,0,0
zc,TA301,2012-06-14 09:02:19.970,7022.0000,160448,8,0.0000,12.0000,10,2,多开,B,7020.0000,0.0000,0.0000,0.0000,0.0000,7022.0000,0.0000,0.0000,0.0000,0.0000,55,0,0,0,0,34,0,0,0,0
zc,TA301,2012-06-14 09:02:20.267,7022.0000,160468,20,0.0000,30.0000,25,5,多开,B,7020.0000,0.0000,0.0000,0.0000,0.0000,7022.0000,0.0000,0.0000,0.0000,0.0000,42,0,0,0,0,30,0,0,0,0
zc,TA301,2012-06-14 09:02:21.253,7020.0000,160508,40,0.0000,48.0000,44,4,空开,S,7020.0000,0.0000,0.0000,0.0000,0.0000,7022.0000,0.0000,0.0000,0.0000,0.0000,18,0,0,0,0,27,0,0,0,0
zc,TA301,2012-06-14 09:02:21.440,7020.0000,160500,-8,0.0000,36.0000,14,22,多平,S,7018.0000,0.0000,0.0000,0.0000,0.0000,7022.0000,0.0000,0.0000,0.0000,0.0000,16,0,0,0,0,35,0,0,0,0
zc,TA301,2012-06-14 09:02:22.220,7020.0000,160500,0,0.0000,0.0000,0,0,空换,S,7018.0000,0.0000,0.0000,0.0000,0.0000,7022.0000,0.0000,0.0000,0.0000,0.0000,16,0,0,0,0,33,0,0,0,0
zc,TA301,2012-06-14 09:02:22.957,7018.0000,160504,4,0.0000,6.0000,5,1,空开,S,7018.0000,0.0000,0.0000,0.0000,0.0000,7020.0000,0.0000,0.0000,0.0000,0.0000,15,0,0,0,0,1,0,0,0,0
zc,TA301,2012-06-14 09:02:23.423,7018.0000,160504,0,0.0000,0.0000,0,0,空换,S,7018.0000,0.0000,0.0000,0.0000,0.0000,7020.0000,0.0000,0.0000,0.0000,0.0000,15,0,0,0,0,2,0,0,0,0
zc,TA301,2012-06-14 09:02:24.220,7018.0000,160502,-2,0.0000,28.0000,13,15,多平,S,7018.0000,0.0000,0.0000,0.0000,0.0000,7020.0000,0.0000,0.0000,0.0000,0.0000,2,0,0,0,0,3,0,0,0,0
zc,TA301,2012-06-14 09:02:24.737,7016.0000,160502,0,0.0000,18.0000,9,9,空换,S,7016.0000,0.0000,0.0000,0.0000,0.0000,7020.0000,0.0000,0.0000,0.0000,0.0000,122,0,0,0,0,4,0,0,0,0
zc,TA301,2012-06-14 09:02:25.470,7016.0000,160502,0,0.0000,0.0000,0,0,空换,S,7016.0000,0.0000,0.0000,0.0000,0.0000,7018.0000,0.0000,0.0000,0.0000,0.0000,122,0,0,0,0,2,0,0,0,0
zc,TA301,2012-06-14 09:02:25.957,7016.0000,160500,-2,0.0000,232.0000,115,117,多平,S,7016.0000,0.0000,0.0000,0.0000,0.0000,7018.0000,0.0000,0.0000,0.0000,0.0000,6,0,0,0,0,1,0,0,0,0
zc,TA301,2012-06-14 09:02:26.753,7016.0000,160504,4,0.0000,16.0000,10,6,空开,S,7014.0000,0.0000,0.0000,0.0000,0.0000,7016.0000,0.0000,0.0000,0.0000,0.0000,9,0,0,0,0,10,0,0,0,0
zc,TA301,2012-06-14 09:02:27.207,7016.0000,160506,2,0.0000,6.0000,4,2,空开,S,7014.0000,0.0000,0.0000,0.0000,0.0000,7016.0000,0.0000,0.0000,0.0000,0.0000,18,0,0,0,0,8,0,0,0,0
zc,TA301,2012-06-14 09:02:27.940,7016.0000,160504,-2,0.0000,16.0000,7,9,多平,S,7014.0000,0.0000,0.0000,0.0000,0.0000,7018.0000,0.0000,0.0000,0.0000,0.0000,10,0,0,0,0,2,0,0,0,0
zc,TA301,2012-06-14 09:02:28.440,7014.0000,160502,-2,0.0000,6.0000,2,4,多平,S,7014.0000,0.0000,0.0000,0.0000,0.0000,7018.0000,0.0000,0.0000,0.0000,0.0000,7,0,0,0,0,2,0,0,0,0
zc,TA301,2012-06-14 09:02:29.220,7014.0000,160434,-68,0.0000,86.0000,9,77,多平,S,7014.0000,0.0000,0.0000,0.0000,0.0000,7018.0000,0.0000,0.0000,0.0000,0.0000,1,0,0,0,0,2,0,0,0,0
zc,TA301,2012-06-14 09:02:29.737,7014.0000,160440,6,0.0000,10.0000,8,2,空开,S,7014.0000,0.0000,0.0000,0.0000,0.0000,7018.0000,0.0000,0.0000,0.0000,0.0000,8,0,0,0,0,3,0,0,0,0
zc,TA301,2012-06-14 09:02:30.440,7018.0000,160440,0,0.0000,2.0000,1,1,多换,B,7012.0000,0.0000,0.0000,0.0000,0.0000,7018.0000,0.0000,0.0000,0.0000,0.0000,22,0,0,0,0,3,0,0,0,0
zc,TA301,2012-06-14 09:02:30.970,7018.0000,160440,0,0.0000,0.0000,0,0,多换,B,7012.0000,0.0000,0.0000,0.0000,0.0000,7014.0000,0.0000,0.0000,0.0000,0.0000,14,0,0,0,0,3,0,0,0,0
zc,TA301,2012-06-14 09:02:31.673,7018.0000,160440,0,0.0000,0.0000,0,0,多换,B,7012.0000,0.0000,0.0000,0.0000,0.0000,7014.0000,0.0000,0.0000,0.0000,0.0000,14,0,0,0,0,25,0,0,0,0
zc,TA301,2012-06-14 09:02:31.923,7014.0000,160442,2,0.0000,14.0000,8,6,空开,S,7012.0000,0.0000,0.0000,0.0000,0.0000,7014.0000,0.0000,0.0000,0.0000,0.0000,12,0,0,0,0,20,0,0,0,0
zc,TA301,2012-06-14 09:02:32.957,7014.0000,160484,42,0.0000,42.0000,42,0,双开,S,7014.0000,0.0000,0.0000,0.0000,0.0000,7018.0000,0.0000,0.0000,0.0000,0.0000,29,0,0,0,0,206,0,0,0,0
zc,TA301,2012-06-14 09:02:33.487,7016.0000,160488,4,0.0000,4.0000,4,0,双开,B,7014.0000,0.0000,0.0000,0.0000,0.0000,7016.0000,0.0000,0.0000,0.0000,0.0000,29,0,0,0,0,1,0,0,0,0
zc,TA301,2012-06-14 09:02:33.957,7014.0000,160488,0,0.0000,2.0000,1,1,空换,S,7014.0000,0.0000,0.0000,0.0000,0.0000,7016.0000,0.0000,0.0000,0.0000,0.0000,29,0,0,0,0,2,0,0,0,0
zc,TA301,2012-06-14 09:02:34.690,7014.0000,160488,0,0.0000,2.0000,1,1,空换,S,7014.0000,0.0000,0.0000,0.0000,0.0000,7016.0000,0.0000,0.0000,0.0000,0.0000,28,0,0,0,0,2,0,0,0,0
zc,TA301,2012-06-14 09:02:35.173,7014.0000,160496,8,0.0000,8.0000,8,0,双开,S,7014.0000,0.0000,0.0000,0.0000,0.0000,7016.0000,0.0000,0.0000,0.0000,0.0000,24,0,0,0,0,2,0,0,0,0
zc,TA301,2012-06-14 09:02:35.957,7014.0000,160516,20,0.0000,20.0000,20,0,双开,S,7014.0000,0.0000,0.0000,0.0000,0.0000,7016.0000,0.0000,0.0000,0.0000,0.0000,15,0,0,0,0,2,0,0,0,0
zc,TA301,2012-06-14 09:02:36.457,7014.0000,160516,0,0.0000,2.0000,1,1,空换,S,7014.0000,0.0000,0.0000,0.0000,0.0000,7016.0000,0.0000,0.0000,0.0000,0.0000,14,0,0,0,0,2,0,0,0,0
zc,TA301,2012-06-14 09:02:37.267,7014.0000,160544,28,0.0000,36.0000,32,4,空开,S,7012.0000,0.0000,0.0000,0.0000,0.0000,7014.0000,0.0000,0.0000,0.0000,0.0000,18,0,0,0,0,3,0,0,0,0
zc,TA301,2012-06-14 09:02:37.690,7012.0000,160540,-4,0.0000,6.0000,1,5,多平,S,7012.0000,0.0000,0.0000,0.0000,0.0000,7014.0000,0.0000,0.0000,0.0000,0.0000,16,0,0,0,0,4,0,0,0,0
zc,TA301,2012-06-14 09:02:38.487,7012.0000,160552,12,0.0000,24.0000,18,6,空开,S,7012.0000,0.0000,0.0000,0.0000,0.0000,7016.0000,0.0000,0.0000,0.0000,0.0000,15,0,0,0,0,37,0,0,0,0
zc,TA301,2012-06-14 09:02:38.907,7014.0000,160554,2,0.0000,2.0000,2,0,双开,B,7012.0000,0.0000,0.0000,0.0000,0.0000,7014.0000,0.0000,0.0000,0.0000,0.0000,16,0,0,0,0,5,0,0,0,0
zc,TA301,2012-06-14 09:02:39.707,7012.0000,160548,-6,0.0000,32.0000,13,19,多平,S,7012.0000,0.0000,0.0000,0.0000,0.0000,7014.0000,0.0000,0.0000,0.0000,0.0000,1,0,0,0,0,5,0,0,0,0
zc,TA301,2012-06-14 09:02:39.957,7012.0000,160550,2,0.0000,2.0000,2,0,双开,S,7012.0000,0.0000,0.0000,0.0000,0.0000,7014.0000,0.0000,0.0000,0.0000,0.0000,1,0,0,0,0,5,0,0,0,0
zc,TA301,2012-06-14 09:02:40.707,7012.0000,160554,4,0.0000,6.0000,5,1,空开,S,7012.0000,0.0000,0.0000,0.0000,0.0000,7014.0000,0.0000,0.0000,0.0000,0.0000,1,0,0,0,0,4,0,0,0,0
zc,TA301,2012-06-14 09:02:41.207,7012.0000,160552,-2,0.0000,4.0000,1,3,多平,S,7012.0000,0.0000,0.0000,0.0000,0.0000,7014.0000,0.0000,0.0000,0.0000,0.0000,16,0,0,0,0,4,0,0,0,0
zc,TA301,2012-06-14 09:02:41.893,7012.0000,160552,0,0.0000,14.0000,7,7,空换,S,7012.0000,0.0000,0.0000,0.0000,0.0000,7014.0000,0.0000,0.0000,0.0000,0.0000,11,0,0,0,0,4,0,0,0,0
zc,TA301,2012-06-14 09:02:42.470,7012.0000,160536,-16,0.0000,24.0000,4,20,多平,S,7010.0000,0.0000,0.0000,0.0000,0.0000,7014.0000,0.0000,0.0000,0.0000,0.0000,134,0,0,0,0,61,0,0,0,0
zc,TA301,2012-06-14 09:02:43.173,7012.0000,160534,-2,0.0000,2.0000,0,2,双平,S,7010.0000,0.0000,0.0000,0.0000,0.0000,7012.0000,0.0000,0.0000,0.0000,0.0000,153,0,0,0,0,38,0,0,0,0
zc,TA301,2012-06-14 09:02:43.957,7010.0000,160536,2,0.0000,8.0000,5,3,空开,S,7010.0000,0.0000,0.0000,0.0000,0.0000,7012.0000,0.0000,0.0000,0.0000,0.0000,150,0,0,0,0,48,0,0,0,0
zc,TA301,2012-06-14 09:02:44.157,7012.0000,160402,-134,0.0000,228.0000,47,181,空平,B,7010.0000,0.0000,0.0000,0.0000,0.0000,7012.0000,0.0000,0.0000,0.0000,0.0000,47,0,0,0,0,27,0,0,0,0
zc,TA301,2012-06-14 09:02:44.957,7012.0000,160402,0,0.0000,12.0000,6,6,多换,B,7010.0000,0.0000,0.0000,0.0000,0.0000,7012.0000,0.0000,0.0000,0.0000,0.0000,41,0,0,0,0,25,0,0,0,0
zc,TA301,2012-06-14 09:02:45.407,7010.0000,160372,-30,0.0000,34.0000,2,32,多平,S,7010.0000,0.0000,0.0000,0.0000,0.0000,7012.0000,0.0000,0.0000,0.0000,0.0000,24,0,0,0,0,25,0,0,0,0
zc,TA301,2012-06-14 09:02:46.207,7012.0000,160386,14,0.0000,114.0000,64,50,多开,B,7012.0000,0.0000,0.0000,0.0000,0.0000,7014.0000,0.0000,0.0000,0.0000,0.0000,1,0,0,0,0,64,0,0,0,0
zc,TA301,2012-06-14 09:02:46.707,7010.0000,160372,-14,0.0000,32.0000,9,23,多平,S,7008.0000,0.0000,0.0000,0.0000,0.0000,7010.0000,0.0000,0.0000,0.0000,0.0000,18,0,0,0,0,25,0,0,0,0
zc,TA301,2012-06-14 09:02:47.517,7010.0000,160372,0,0.0000,40.0000,20,20,空换,S,7008.0000,0.0000,0.0000,0.0000,0.0000,7010.0000,0.0000,0.0000,0.0000,0.0000,27,0,0,0,0,9,0,0,0,0
zc,TA301,2012-06-14 09:02:47.970,7010.0000,160378,6,0.0000,42.0000,24,18,空开,S,7010.0000,0.0000,0.0000,0.0000,0.0000,7012.0000,0.0000,0.0000,0.0000,0.0000,15,0,0,0,0,2,0,0,0,0
zc,TA301,2012-06-14 09:02:48.487,7014.0000,160386,8,0.0000,126.0000,67,59,多开,B,7010.0000,0.0000,0.0000,0.0000,0.0000,7014.0000,0.0000,0.0000,0.0000,0.0000,7,0,0,0,0,43,0,0,0,0
zc,TA301,2012-06-14 09:02:49.173,7010.0000,160388,2,0.0000,2.0000,2,0,双开,S,7010.0000,0.0000,0.0000,0.0000,0.0000,7012.0000,0.0000,0.0000,0.0000,0.0000,13,0,0,0,0,2,0,0,0,0
zc,TA301,2012-06-14 09:02:49.720,7010.0000,160392,4,0.0000,12.0000,8,4,空开,S,7010.0000,0.0000,0.0000,0.0000,0.0000,7012.0000,0.0000,0.0000,0.0000,0.0000,26,0,0,0,0,7,0,0,0,0
zc,TA301,2012-06-14 09:02:50.157,7010.0000,160380,-12,0.0000,20.0000,4,16,多平,S,7010.0000,0.0000,0.0000,0.0000,0.0000,7012.0000,0.0000,0.0000,0.0000,0.0000,16,0,0,0,0,7,0,0,0,0
zc,TA301,2012-06-14 09:02:50.673,7010.0000,160372,-8,0.0000,12.0000,2,10,多平,S,7010.0000,0.0000,0.0000,0.0000,0.0000,7012.0000,0.0000,0.0000,0.0000,0.0000,13,0,0,0,0,5,0,0,0,0
zc,TA301,2012-06-14 09:02:51.487,7012.0000,160350,-22,0.0000,48.0000,13,35,空平,B,7008.0000,0.0000,0.0000,0.0000,0.0000,7012.0000,0.0000,0.0000,0.0000,0.0000,17,0,0,0,0,2,0,0,0,0
zc,TA301,2012-06-14 09:02:51.957,7006.0000,160254,-96,0.0000,400.0000,152,248,多平,S,7008.0000,0.0000,0.0000,0.0000,0.0000,7010.0000,0.0000,0.0000,0.0000,0.0000,6,0,0,0,0,10,0,0,0,0
zc,TA301,2012-06-14 09:02:52.690,7010.0000,160254,0,0.0000,2.0000,1,1,多换,B,7008.0000,0.0000,0.0000,0.0000,0.0000,7010.0000,0.0000,0.0000,0.0000,0.0000,16,0,0,0,0,17,0,0,0,0
zc,TA301,2012-06-14 09:02:53.173,7010.0000,160244,-10,0.0000,50.0000,20,30,空平,B,7008.0000,0.0000,0.0000,0.0000,0.0000,7010.0000,0.0000,0.0000,0.0000,0.0000,16,0,0,0,0,5,0,0,0,0
zc,TA301,2012-06-14 09:02:53.957,7010.0000,160244,0,0.0000,0.0000,0,0,多换,B,7008.0000,0.0000,0.0000,0.0000,0.0000,7010.0000,0.0000,0.0000,0.0000,0.0000,29,0,0,0,0,5,0,0,0,0
zc,TA301,2012-06-14 09:02:54.457,7010.0000,160246,2,0.0000,14.0000,8,6,多开,B,7008.0000,0.0000,0.0000,0.0000,0.0000,7010.0000,0.0000,0.0000,0.0000,0.0000,35,0,0,0,0,5,0,0,0,0
zc,TA301,2012-06-14 09:02:55.207,7012.0000,160246,0,0.0000,12.0000,6,6,多换,B,7010.0000,0.0000,0.0000,0.0000,0.0000,7012.0000,0.0000,0.0000,0.0000,0.0000,17,0,0,0,0,11,0,0,0,0
zc,TA301,2012-06-14 09:02:55.690,7010.0000,160246,0,0.0000,12.0000,6,6,空换,S,7010.0000,0.0000,0.0000,0.0000,0.0000,7012.0000,0.0000,0.0000,0.0000,0.0000,11,0,0,0,0,11,0,0,0,0
zc,TA301,2012-06-14 09:02:56.190,7012.0000,160244,-2,0.0000,2.0000,0,2,双平,B,7010.0000,0.0000,0.0000,0.0000,0.0000,7012.0000,0.0000,0.0000,0.0000,0.0000,14,0,0,0,0,11,0,0,0,0
zc,TA301,2012-06-14 09:02:56.923,7012.0000,160244,0,0.0000,0.0000,0,0,多换,B,7010.0000,0.0000,0.0000,0.0000,0.0000,7012.0000,0.0000,0.0000,0.0000,0.0000,32,0,0,0,0,12,0,0,0,0
zc,TA301,2012-06-14 09:02:57.423,7012.0000,160244,0,0.0000,0.0000,0,0,多换,B,7010.0000,0.0000,0.0000,0.0000,0.0000,7012.0000,0.0000,0.0000,0.0000,0.0000,42,0,0,0,0,12,0,0,0,0
zc,TA301,2012-06-14 09:02:58.190,7010.0000,160244,0,0.0000,10.0000,5,5,空换,S,7010.0000,0.0000,0.0000,0.0000,0.0000,7012.0000,0.0000,0.0000,0.0000,0.0000,37,0,0,0,0,12,0,0,0,0
zc,TA301,2012-06-14 09:02:58.440,7012.0000,160238,-6,0.0000,10.0000,2,8,空平,B,7010.0000,0.0000,0.0000,0.0000,0.0000,7012.0000,0.0000,0.0000,0.0000,0.0000,36,0,0,0,0,7,0,0,0,0
zc,TA301,2012-06-14 09:02:59.157,7010.0000,160240,2,0.0000,2.0000,2,0,双开,S,7010.0000,0.0000,0.0000,0.0000,0.0000,7012.0000,0.0000,0.0000,0.0000,0.0000,35,0,0,0,0,7,0,0,0,0
zc,TA301,2012-06-14 09:02:59.720,7010.0000,160242,2,0.0000,6.0000,4,2,空开,S,7010.0000,0.0000,0.0000,0.0000,0.0000,7012.0000,0.0000,0.0000,0.0000,0.0000,35,0,0,0,0,6,0,0,0,0
zc,TA301,2012-06-14 09:03:00.470,7012.0000,160244,2,0.0000,10.0000,6,4,多开,B,7010.0000,0.0000,0.0000,0.0000,0.0000,7012.0000,0.0000,0.0000,0.0000,0.0000,33,0,0,0,0,4,0,0,0,0
zc,TA301,2012-06-14 09:03:00.940,7010.0000,160246,2,0.0000,2.0000,2,0,双开,S,7010.0000,0.0000,0.0000,0.0000,0.0000,7012.0000,0.0000,0.0000,0.0000,0.0000,32,0,0,0,0,4,0,0,0,0
zc,TA301,2012-06-14 09:03:01.690,7012.0000,160246,0,0.0000,2.0000,1,1,多换,B,7010.0000,0.0000,0.0000,0.0000,0.0000,7012.0000,0.0000,0.0000,0.0000,0.0000,32,0,0,0,0,3,0,0,0,0
zc,TA301,2012-06-14 09:03:02.207,7012.0000,160250,4,0.0000,6.0000,5,1,多开,B,7012.0000,0.0000,0.0000,0.0000,0.0000,7014.0000,0.0000,0.0000,0.0000,0.0000,1,0,0,0,0,85,0,0,0,0
zc,TA301,2012-06-14 09:03:02.893,7012.0000,160260,10,0.0000,16.0000,13,3,多开,B,7012.0000,0.0000,0.0000,0.0000,0.0000,7014.0000,0.0000,0.0000,0.0000,0.0000,20,0,0,0,0,85,0,0,0,0
zc,TA301,2012-06-14 09:03:03.457,7012.0000,160266,6,0.0000,56.0000,31,25,多开,B,7010.0000,0.0000,0.0000,0.0000,0.0000,7012.0000,0.0000,0.0000,0.0000,0.0000,33,0,0,0,0,7,0,0,0,0
zc,TA301,2012-06-14 09:03:03.957,7012.0000,160262,-4,0.0000,4.0000,0,4,双平,B,7010.0000,0.0000,0.0000,0.0000,0.0000,7012.0000,0.0000,0.0000,0.0000,0.0000,38,0,0,0,0,5,0,0,0,0
zc,TA301,2012-06-14 09:03:04.440,7010.0000,160262,0,0.0000,10.0000,5,5,空换,S,7010.0000,0.0000,0.0000,0.0000,0.0000,7012.0000,0.0000,0.0000,0.0000,0.0000,48,0,0,0,0,30,0,0,0,0
zc,TA301,2012-06-14 09:03:04.957,7012.0000,160262,0,0.0000,2.0000,1,1,多换,B,7010.0000,0.0000,0.0000,0.0000,0.0000,7012.0000,0.0000,0.0000,0.0000,0.0000,48,0,0,0,0,29,0,0,0,0
zc,TA301,2012-06-14 09:03:05.707,7012.0000,160262,0,0.0000,2.0000,1,1,多换,B,7010.0000,0.0000,0.0000,0.0000,0.0000,7012.0000,0.0000,0.0000,0.0000,0.0000,51,0,0,0,0,28,0,0,0,0
zc,TA301,2012-06-14 09:03:06.207,7012.0000,160284,22,0.0000,22.0000,22,0,双开,B,7010.0000,0.0000,0.0000,0.0000,0.0000,7012.0000,0.0000,0.0000,0.0000,0.0000,94,0,0,0,0,17,0,0,0,0
zc,TA301,2012-06-14 09:03:06.673,7012.0000,160284,0,0.0000,2.0000,1,1,多换,B,7010.0000,0.0000,0.0000,0.0000,0.0000,7012.0000,0.0000,0.0000,0.0000,0.0000,94,0,0,0,0,16,0,0,0,0
zc,TA301,2012-06-14 09:03:07.407,7012.0000,160306,22,0.0000,24.0000,23,1,多开,B,7010.0000,0.0000,0.0000,0.0000,0.0000,7012.0000,0.0000,0.0000,0.0000,0.0000,84,0,0,0,0,15,0,0,0,0
zc,TA301,2012-06-14 09:03:07.970,7010.0000,160306,0,0.0000,2.0000,1,1,空换,S,7012.0000,0.0000,0.0000,0.0000,0.0000,7014.0000,0.0000,0.0000,0.0000,0.0000,1,0,0,0,0,80,0,0,0,0
zc,TA301,2012-06-14 09:03:08.707,7010.0000,160308,2,0.0000,2.0000,2,0,双开,S,7012.0000,0.0000,0.0000,0.0000,0.0000,7014.0000,0.0000,0.0000,0.0000,0.0000,3,0,0,0,0,80,0,0,0,0
zc,TA301,2012-06-14 09:03:09.190,7010.0000,160308,0,0.0000,0.0000,0,0,空换,S,7012.0000,0.0000,0.0000,0.0000,0.0000,7014.0000,0.0000,0.0000,0.0000,0.0000,4,0,0,0,0,80,0,0,0,0
zc,TA301,2012-06-14 09:03:09.970,7012.0000,160308,0,0.0000,8.0000,4,4,多换,B,7010.0000,0.0000,0.0000,0.0000,0.0000,7012.0000,0.0000,0.0000,0.0000,0.0000,90,0,0,0,0,6,0,0,0,0
zc,TA301,2012-06-14 09:03:10.207,7012.0000,160308,0,0.0000,0.0000,0,0,多换,B,7010.0000,0.0000,0.0000,0.0000,0.0000,7012.0000,0.0000,0.0000,0.0000,0.0000,93,0,0,0,0,9,0,0,0,0
zc,TA301,2012-06-14 09:03:10.957,7010.0000,160296,-12,0.0000,46.0000,17,29,多平,S,7010.0000,0.0000,0.0000,0.0000,0.0000,7012.0000,0.0000,0.0000,0.0000,0.0000,71,0,0,0,0,9,0,0,0,0
zc,TA301,2012-06-14 09:03:11.457,7012.0000,160294,-2,0.0000,6.0000,2,4,空平,B,7010.0000,0.0000,0.0000,0.0000,0.0000,7012.0000,0.0000,0.0000,0.0000,0.0000,81,0,0,0,0,10,0,0,0,0
zc,TA301,2012-06-14 09:03:12.143,7012.0000,160292,-2,0.0000,2.0000,0,2,双平,B,7010.0000,0.0000,0.0000,0.0000,0.0000,7012.0000,0.0000,0.0000,0.0000,0.0000,81,0,0,0,0,9,0,0,0,0
zc,TA301,2012-06-14 09:03:12.673,7012.0000,160292,0,0.0000,2.0000,1,1,多换,B,7010.0000,0.0000,0.0000,0.0000,0.0000,7012.0000,0.0000,0.0000,0.0000,0.0000,83,0,0,0,0,10,0,0,0,0
zc,TA301,2012-06-14 09:03:13.190,7012.0000,160292,0,0.0000,0.0000,0,0,多换,B,7010.0000,0.0000,0.0000,0.0000,0.0000,7012.0000,0.0000,0.0000,0.0000,0.0000,93,0,0,0,0,11,0,0,0,0
zc,TA301,2012-06-14 09:03:13.957,7012.0000,160294,2,0.0000,12.0000,7,5,多开,B,7010.0000,0.0000,0.0000,0.0000,0.0000,7012.0000,0.0000,0.0000,0.0000,0.0000,93,0,0,0,0,5,0,0,0,0
zc,TA301,2012-06-14 09:03:14.470,7012.0000,160290,-4,0.0000,10.0000,3,7,空平,B,7012.0000,0.0000,0.0000,0.0000,0.0000,7014.0000,0.0000,0.0000,0.0000,0.0000,4,0,0,0,0,79,0,0,0,0
zc,TA301,2012-06-14 09:03:14.940,7012.0000,160290,0,0.0000,0.0000,0,0,多换,B,7012.0000,0.0000,0.0000,0.0000,0.0000,7014.0000,0.0000,0.0000,0.0000,0.0000,15,0,0,0,0,80,0,0,0,0
zc,TA301,2012-06-14 09:03:15.457,7012.0000,160284,-6,0.0000,8.0000,1,7,空平,B,7012.0000,0.0000,0.0000,0.0000,0.0000,7014.0000,0.0000,0.0000,0.0000,0.0000,67,0,0,0,0,77,0,0,0,0
zc,TA301,2012-06-14 09:03:16.190,7014.0000,160286,2,0.0000,46.0000,24,22,多开,B,7012.0000,0.0000,0.0000,0.0000,0.0000,7014.0000,0.0000,0.0000,0.0000,0.0000,49,0,0,0,0,69,0,0,0,0
zc,TA301,2012-06-14 09:03:17.173,7014.0000,160286,0,0.0000,4.0000,2,2,多换,B,7012.0000,0.0000,0.0000,0.0000,0.0000,7014.0000,0.0000,0.0000,0.0000,0.0000,53,0,0,0,0,67,0,0,0,0
zc,TA301,2012-06-14 09:03:17.940,7014.0000,160286,0,0.0000,12.0000,6,6,多换,B,7012.0000,0.0000,0.0000,0.0000,0.0000,7014.0000,0.0000,0.0000,0.0000,0.0000,55,0,0,0,0,61,0,0,0,0
zc,TA301,2012-06-14 09:03:18.503,7014.0000,160286,0,0.0000,124.0000,62,62,多换,B,7014.0000,0.0000,0.0000,0.0000,0.0000,7016.0000,0.0000,0.0000,0.0000,0.0000,9,0,0,0,0,36,0,0,0,0
zc,TA301,2012-06-14 09:03:19.440,7014.0000,160286,0,0.0000,10.0000,5,5,多换,B,7014.0000,0.0000,0.0000,0.0000,0.0000,7016.0000,0.0000,0.0000,0.0000,0.0000,4,0,0,0,0,36,0,0,0,0
zc,TA301,2012-06-14 09:03:20.173,7016.0000,160288,2,0.0000,18.0000,10,8,多开,B,7014.0000,0.0000,0.0000,0.0000,0.0000,7016.0000,0.0000,0.0000,0.0000,0.0000,3,0,0,0,0,27,0,0,0,0
zc,TA301,2012-06-14 09:03:20.673,7016.0000,160288,0,0.0000,12.0000,6,6,多换,B,7014.0000,0.0000,0.0000,0.0000,0.0000,7016.0000,0.0000,0.0000,0.0000,0.0000,9,0,0,0,0,21,0,0,0,0
zc,TA301,2012-06-14 09:03:21.173,7016.0000,160288,0,0.0000,2.0000,1,1,多换,B,7014.0000,0.0000,0.0000,0.0000,0.0000,7016.0000,0.0000,0.0000,0.0000,0.0000,8,0,0,0,0,20,0,0,0,0
zc,TA301,2012-06-14 09:03:21.940,7014.0000,160360,72,0.0000,108.0000,90,18,空开,S,7014.0000,0.0000,0.0000,0.0000,0.0000,7018.0000,0.0000,0.0000,0.0000,0.0000,4,0,0,0,0,8,0,0,0,0
zc,TA301,2012-06-14 09:03:22.470,7014.0000,160360,0,0.0000,0.0000,0,0,空换,S,7014.0000,0.0000,0.0000,0.0000,0.0000,7018.0000,0.0000,0.0000,0.0000,0.0000,4,0,0,0,0,9,0,0,0,0
zc,TA301,2012-06-14 09:03:23.190,7014.0000,160360,0,0.0000,2.0000,1,1,空换,S,7014.0000,0.0000,0.0000,0.0000,0.0000,7018.0000,0.0000,0.0000,0.0000,0.0000,9,0,0,0,0,9,0,0,0,0
zc,TA301,2012-06-14 09:03:24.267,7018.0000,160356,-4,0.0000,14.0000,5,9,空平,B,7016.0000,0.0000,0.0000,0.0000,0.0000,7018.0000,0.0000,0.0000,0.0000,0.0000,14,0,0,0,0,2,0,0,0,0
zc,TA301,2012-06-14 09:03:24.707,7018.0000,160354,-2,0.0000,4.0000,1,3,空平,B,7018.0000,0.0000,0.0000,0.0000,0.0000,7020.0000,0.0000,0.0000,0.0000,0.0000,18,0,0,0,0,14,0,0,0,0
zc,TA301,2012-06-14 09:03:25.987,7018.0000,160354,0,0.0000,0.0000,0,0,多换,B,7018.0000,0.0000,0.0000,0.0000,0.0000,7020.0000,0.0000,0.0000,0.0000,0.0000,22,0,0,0,0,14,0,0,0,0
zc,TA301,2012-06-14 09:03:26.440,7018.0000,160320,-34,0.0000,34.0000,0,34,双平,B,7018.0000,0.0000,0.0000,0.0000,0.0000,7020.0000,0.0000,0.0000,0.0000,0.0000,7,0,0,0,0,9,0,0,0,0
zc,TA301,2012-06-14 09:03:27.157,7020.0000,160320,0,0.0000,16.0000,8,8,多换,B,7018.0000,0.0000,0.0000,0.0000,0.0000,7020.0000,0.0000,0.0000,0.0000,0.0000,7,0,0,0,0,1,0,0,0,0
zc,TA301,2012-06-14 09:03:27.720,7018.0000,160316,-4,0.0000,4.0000,0,4,双平,S,7020.0000,0.0000,0.0000,0.0000,0.0000,7022.0000,0.0000,0.0000,0.0000,0.0000,6,0,0,0,0,21,0,0,0,0
zc,TA301,2012-06-14 09:03:28.487,7020.0000,160314,-2,0.0000,2.0000,0,2,双平,B,7020.0000,0.0000,0.0000,0.0000,0.0000,7022.0000,0.0000,0.0000,0.0000,0.0000,7,0,0,0,0,21,0,0,0,0
zc,TA301,2012-06-14 09:03:28.957,7022.0000,160328,14,0.0000,18.0000,16,2,多开,B,7020.0000,0.0000,0.0000,0.0000,0.0000,7022.0000,0.0000,0.0000,0.0000,0.0000,12,0,0,0,0,12,0,0,0,0
zc,TA301,2012-06-14 09:03:29.690,7022.0000,160314,-14,0.0000,24.0000,5,19,空平,B,7022.0000,0.0000,0.0000,0.0000,0.0000,7024.0000,0.0000,0.0000,0.0000,0.0000,2,0,0,0,0,3,0,0,0,0
zc,TA301,2012-06-14 09:03:30.207,7024.0000,160314,0,0.0000,18.0000,9,9,多换,B,7024.0000,0.0000,0.0000,0.0000,0.0000,7026.0000,0.0000,0.0000,0.0000,0.0000,2,0,0,0,0,56,0,0,0,0
zc,TA301,2012-06-14 09:03:31.157,7024.0000,160314,0,0.0000,0.0000,0,0,多换,B,7024.0000,0.0000,0.0000,0.0000,0.0000,7026.0000,0.0000,0.0000,0.0000,0.0000,2,0,0,0,0,67,0,0,0,0
zc,TA301,2012-06-14 09:03:31.957,7024.0000,160308,-6,0.0000,10.0000,2,8,空平,B,7024.0000,0.0000,0.0000,0.0000,0.0000,7026.0000,0.0000,0.0000,0.0000,0.0000,1,0,0,0,0,54,0,0,0,0
zc,TA301,2012-06-14 09:03:32.457,7024.0000,160308,0,0.0000,6.0000,3,3,多换,B,7022.0000,0.0000,0.0000,0.0000,0.0000,7026.0000,0.0000,0.0000,0.0000,0.0000,30,0,0,0,0,53,0,0,0,0
zc,TA301,2012-06-14 09:03:33.207,7024.0000,160310,2,0.0000,4.0000,3,1,多开,B,7022.0000,0.0000,0.0000,0.0000,0.0000,7026.0000,0.0000,0.0000,0.0000,0.0000,30,0,0,0,0,52,0,0,0,0
zc,TA301,2012-06-14 09:03:33.643,7024.0000,160310,0,0.0000,0.0000,0,0,多换,B,7022.0000,0.0000,0.0000,0.0000,0.0000,7026.0000,0.0000,0.0000,0.0000,0.0000,29,0,0,0,0,52,0,0,0,0
zc,TA301,2012-06-14 09:03:34.457,7026.0000,160296,-14,0.0000,16.0000,1,15,空平,B,7022.0000,0.0000,0.0000,0.0000,0.0000,7024.0000,0.0000,0.0000,0.0000,0.0000,29,0,0,0,0,1,0,0,0,0
zc,TA301,2012-06-14 09:03:34.987,7026.0000,160288,-8,0.0000,8.0000,0,8,双平,B,7024.0000,0.0000,0.0000,0.0000,0.0000,7026.0000,0.0000,0.0000,0.0000,0.0000,23,0,0,0,0,42,0,0,0,0
zc,TA301,2012-06-14 09:03:35.487,7026.0000,160208,-80,0.0000,84.0000,2,82,空平,B,7024.0000,0.0000,0.0000,0.0000,0.0000,7028.0000,0.0000,0.0000,0.0000,0.0000,12,0,0,0,0,253,0,0,0,0
zc,TA301,2012-06-14 09:03:36.190,7024.0000,160206,-2,0.0000,4.0000,1,3,多平,S,7026.0000,0.0000,0.0000,0.0000,0.0000,7028.0000,0.0000,0.0000,0.0000,0.0000,10,0,0,0,0,253,0,0,0,0
zc,TA301,2012-06-14 09:03:36.423,7026.0000,160216,10,0.0000,32.0000,21,11,多开,B,7026.0000,0.0000,0.0000,0.0000,0.0000,7028.0000,0.0000,0.0000,0.0000,0.0000,2,0,0,0,0,239,0,0,0,0
zc,TA301,2012-06-14 09:03:37.173,7028.0000,160290,74,0.0000,134.0000,104,30,多开,B,7026.0000,0.0000,0.0000,0.0000,0.0000,7028.0000,0.0000,0.0000,0.0000,0.0000,36,0,0,0,0,175,0,0,0,0
zc,TA301,2012-06-14 09:03:37.673,7028.0000,160436,146,0.0000,362.0000,254,108,多开,B,7026.0000,0.0000,0.0000,0.0000,0.0000,7030.0000,0.0000,0.0000,0.0000,0.0000,6,0,0,0,0,17,0,0,0,0
zc,TA301,2012-06-14 09:03:38.457,7030.0000,160434,-2,0.0000,8.0000,3,5,空平,B,7028.0000,0.0000,0.0000,0.0000,0.0000,7030.0000,0.0000,0.0000,0.0000,0.0000,14,0,0,0,0,13,0,0,0,0
zc,TA301,2012-06-14 09:03:38.970,7030.0000,160434,0,0.0000,0.0000,0,0,多换,B,7028.0000,0.0000,0.0000,0.0000,0.0000,7030.0000,0.0000,0.0000,0.0000,0.0000,59,0,0,0,0,13,0,0,0,0
zc,TA301,2012-06-14 09:03:39.673,7030.0000,160410,-24,0.0000,26.0000,1,25,空平,B,7028.0000,0.0000,0.0000,0.0000,0.0000,7032.0000,0.0000,0.0000,0.0000,0.0000,58,0,0,0,0,6,0,0,0,0
zc,TA301,2012-06-14 09:03:40.207,7032.0000,160410,0,0.0000,14.0000,7,7,多换,B,7032.0000,0.0000,0.0000,0.0000,0.0000,7034.0000,0.0000,0.0000,0.0000,0.0000,28,0,0,0,0,109,0,0,0,0
zc,TA301,2012-06-14 09:03:40.907,7032.0000,160414,4,0.0000,8.0000,6,2,多开,B,7032.0000,0.0000,0.0000,0.0000,0.0000,7034.0000,0.0000,0.0000,0.0000,0.0000,25,0,0,0,0,108,0,0,0,0
zc,TA301,2012-06-14 09:03:41.753,7034.0000,160414,0,0.0000,62.0000,31,31,多换,B,7032.0000,0.0000,0.0000,0.0000,0.0000,7034.0000,0.0000,0.0000,0.0000,0.0000,17,0,0,0,0,78,0,0,0,0
zc,TA301,2012-06-14 09:03:41.907,7034.0000,160414,0,0.0000,8.0000,4,4,多换,B,7032.0000,0.0000,0.0000,0.0000,0.0000,7034.0000,0.0000,0.0000,0.0000,0.0000,18,0,0,0,0,74,0,0,0,0
zc,TA301,2012-06-14 09:03:42.657,7032.0000,160440,26,0.0000,50.0000,38,12,空开,S,7032.0000,0.0000,0.0000,0.0000,0.0000,7034.0000,0.0000,0.0000,0.0000,0.0000,18,0,0,0,0,50,0,0,0,0
zc,TA301,2012-06-14 09:03:43.207,7034.0000,160476,36,0.0000,38.0000,37,1,多开,B,7032.0000,0.0000,0.0000,0.0000,0.0000,7034.0000,0.0000,0.0000,0.0000,0.0000,23,0,0,0,0,31,0,0,0,0
zc,TA301,2012-06-14 09:03:43.970,7034.0000,160484,8,0.0000,48.0000,28,20,多开,B,7032.0000,0.0000,0.0000,0.0000,0.0000,7034.0000,0.0000,0.0000,0.0000,0.0000,25,0,0,0,0,7,0,0,0,0
zc,TA301,2012-06-14 09:03:44.707,7034.0000,160472,-12,0.0000,14.0000,1,13,空平,B,7032.0000,0.0000,0.0000,0.0000,0.0000,7034.0000,0.0000,0.0000,0.0000,0.0000,19,0,0,0,0,4,0,0,0,0
zc,TA301,2012-06-14 09:03:45.423,7034.0000,160464,-8,0.0000,8.0000,0,8,双平,B,7034.0000,0.0000,0.0000,0.0000,0.0000,7036.0000,0.0000,0.0000,0.0000,0.0000,33,0,0,0,0,49,0,0,0,0
zc,TA301,2012-06-14 09:03:45.940,7034.0000,160462,-2,0.0000,2.0000,0,2,双平,B,7034.0000,0.0000,0.0000,0.0000,0.0000,7036.0000,0.0000,0.0000,0.0000,0.0000,33,0,0,0,0,50,0,0,0,0
zc,TA301,2012-06-14 09:03:46.737,7034.0000,160460,-2,0.0000,2.0000,0,2,双平,B,7034.0000,0.0000,0.0000,0.0000,0.0000,7036.0000,0.0000,0.0000,0.0000,0.0000,172,0,0,0,0,42,0,0,0,0
zc,TA301,2012-06-14 09:03:47.207,7036.0000,160350,-110,0.0000,142.0000,16,126,空平,B,7036.0000,0.0000,0.0000,0.0000,0.0000,7038.0000,0.0000,0.0000,0.0000,0.0000,1,0,0,0,0,16,0,0,0,0
zc,TA301,2012-06-14 09:03:47.720,7036.0000,160350,0,0.0000,2.0000,1,1,多换,B,7036.0000,0.0000,0.0000,0.0000,0.0000,7038.0000,0.0000,0.0000,0.0000,0.0000,8,0,0,0,0,16,0,0,0,0
zc,TA301,2012-06-14 09:03:48.220,7036.0000,160328,-22,0.0000,32.0000,5,27,空平,B,7036.0000,0.0000,0.0000,0.0000,0.0000,7038.0000,0.0000,0.0000,0.0000,0.0000,3,0,0,0,0,3,0,0,0,0
zc,TA301,2012-06-14 09:03:48.987,7040.0000,160318,-10,0.0000,28.0000,9,19,空平,B,7036.0000,0.0000,0.0000,0.0000,0.0000,7040.0000,0.0000,0.0000,0.0000,0.0000,3,0,0,0,0,1,0,0,0,0
zc,TA301,2012-06-14 09:03:49.457,7040.0000,160320,2,0.0000,2.0000,2,0,双开,B,7038.0000,0.0000,0.0000,0.0000,0.0000,7040.0000,0.0000,0.0000,0.0000,0.0000,116,0,0,0,0,10,0,0,0,0
zc,TA301,2012-06-14 09:03:50.220,7038.0000,160364,44,0.0000,128.0000,86,42,空开,S,7038.0000,0.0000,0.0000,0.0000,0.0000,7040.0000,0.0000,0.0000,0.0000,0.0000,59,0,0,0,0,7,0,0,0,0
zc,TA301,2012-06-14 09:03:50.707,7038.0000,160364,0,0.0000,14.0000,7,7,空换,S,7038.0000,0.0000,0.0000,0.0000,0.0000,7040.0000,0.0000,0.0000,0.0000,0.0000,64,0,0,0,0,4,0,0,0,0
zc,TA301,2012-06-14 09:03:51.457,7040.0000,160366,2,0.0000,14.0000,8,6,多开,B,7038.0000,0.0000,0.0000,0.0000,0.0000,7040.0000,0.0000,0.0000,0.0000,0.0000,63,0,0,0,0,24,0,0,0,0
zc,TA301,2012-06-14 09:03:52.253,7038.0000,160368,2,0.0000,8.0000,5,3,空开,S,7038.0000,0.0000,0.0000,0.0000,0.0000,7040.0000,0.0000,0.0000,0.0000,0.0000,60,0,0,0,0,31,0,0,0,0
zc,TA301,2012-06-14 09:03:52.423,7038.0000,160364,-4,0.0000,20.0000,8,12,多平,S,7038.0000,0.0000,0.0000,0.0000,0.0000,7040.0000,0.0000,0.0000,0.0000,0.0000,52,0,0,0,0,29,0,0,0,0
zc,TA301,2012-06-14 09:03:53.253,7040.0000,160364,0,0.0000,42.0000,21,21,多换,B,7038.0000,0.0000,0.0000,0.0000,0.0000,7040.0000,0.0000,0.0000,0.0000,0.0000,33,0,0,0,0,28,0,0,0,0
zc,TA301,2012-06-14 09:03:53.673,7038.0000,160344,-20,0.0000,130.0000,55,75,多平,S,7036.0000,0.0000,0.0000,0.0000,0.0000,7040.0000,0.0000,0.0000,0.0000,0.0000,4,0,0,0,0,21,0,0,0,0
zc,TA301,2012-06-14 09:03:54.440,7036.0000,160340,-4,0.0000,26.0000,11,15,多平,S,7034.0000,0.0000,0.0000,0.0000,0.0000,7036.0000,0.0000,0.0000,0.0000,0.0000,21,0,0,0,0,2,0,0,0,0
zc,TA301,2012-06-14 09:03:54.970,7034.0000,160332,-8,0.0000,10.0000,1,9,多平,S,7034.0000,0.0000,0.0000,0.0000,0.0000,7038.0000,0.0000,0.0000,0.0000,0.0000,19,0,0,0,0,2,0,0,0,0
zc,TA301,2012-06-14 09:03:55.690,7038.0000,160336,4,0.0000,8.0000,6,2,多开,B,7034.0000,0.0000,0.0000,0.0000,0.0000,7038.0000,0.0000,0.0000,0.0000,0.0000,20,0,0,0,0,8,0,0,0,0
zc,TA301,2012-06-14 09:03:56.220,7040.0000,160356,20,0.0000,110.0000,65,45,多开,B,7038.0000,0.0000,0.0000,0.0000,0.0000,7040.0000,0.0000,0.0000,0.0000,0.0000,2,0,0,0,0,1,0,0,0,0
zc,TA301,2012-06-14 09:03:57.003,7038.0000,160368,12,0.0000,14.0000,13,1,空开,S,7038.0000,0.0000,0.0000,0.0000,0.0000,7040.0000,0.0000,0.0000,0.0000,0.0000,2,0,0,0,0,2,0,0,0,0
zc,TA301,2012-06-14 09:03:57.487,7038.0000,160368,0,0.0000,4.0000,2,2,空换,S,7036.0000,0.0000,0.0000,0.0000,0.0000,7040.0000,0.0000,0.0000,0.0000,0.0000,14,0,0,0,0,9,0,0,0,0
zc,TA301,2012-06-14 09:03:57.970,7040.0000,160368,0,0.0000,12.0000,6,6,多换,B,7036.0000,0.0000,0.0000,0.0000,0.0000,7040.0000,0.0000,0.0000,0.0000,0.0000,12,0,0,0,0,9,0,0,0,0
zc,TA301,2012-06-14 09:03:58.737,7034.0000,160366,-2,0.0000,24.0000,11,13,多平,S,7034.0000,0.0000,0.0000,0.0000,0.0000,7040.0000,0.0000,0.0000,0.0000,0.0000,20,0,0,0,0,16,0,0,0,0
zc,TA301,2012-06-14 09:03:59.550,7032.0000,160312,-54,0.0000,160.0000,53,107,多平,S,7036.0000,0.0000,0.0000,0.0000,0.0000,7040.0000,0.0000,0.0000,0.0000,0.0000,1,0,0,0,0,9,0,0,0,0
zc,TA301,2012-06-14 09:03:59.970,7038.0000,160316,4,0.0000,12.0000,8,4,多开,B,7036.0000,0.0000,0.0000,0.0000,0.0000,7038.0000,0.0000,0.0000,0.0000,0.0000,1,0,0,0,0,3,0,0,0,0
zc,TA301,2012-06-14 09:04:01.190,7036.0000,160318,2,0.0000,8.0000,5,3,空开,S,7034.0000,0.0000,0.0000,0.0000,0.0000,7036.0000,0.0000,0.0000,0.0000,0.0000,3,0,0,0,0,3,0,0,0,0
zc,TA301,2012-06-14 09:04:01.923,7036.0000,160318,0,0.0000,6.0000,3,3,空换,S,7034.0000,0.0000,0.0000,0.0000,0.0000,7038.0000,0.0000,0.0000,0.0000,0.0000,1,0,0,0,0,1,0,0,0,0
zc,TA301,2012-06-14 09:04:02.877,7038.0000,160318,0,0.0000,4.0000,2,2,多换,B,7038.0000,0.0000,0.0000,0.0000,0.0000,7040.0000,0.0000,0.0000,0.0000,0.0000,1,0,0,0,0,39,0,0,0,0
zc,TA301,2012-06-14 09:04:03.173,7036.0000,160312,-6,0.0000,8.0000,1,7,多平,S,7036.0000,0.0000,0.0000,0.0000,0.0000,7038.0000,0.0000,0.0000,0.0000,0.0000,21,0,0,0,0,1,0,0,0,0
zc,TA301,2012-06-14 09:04:04.003,7038.0000,160308,-4,0.0000,8.0000,2,6,空平,B,7038.0000,0.0000,0.0000,0.0000,0.0000,7040.0000,0.0000,0.0000,0.0000,0.0000,19,0,0,0,0,41,0,0,0,0
zc,TA301,2012-06-14 09:04:04.440,7040.0000,160306,-2,0.0000,40.0000,19,21,空平,B,7038.0000,0.0000,0.0000,0.0000,0.0000,7040.0000,0.0000,0.0000,0.0000,0.0000,50,0,0,0,0,17,0,0,0,0
zc,TA301,2012-06-14 09:04:05.220,7040.0000,160322,16,0.0000,90.0000,53,37,多开,B,7040.0000,0.0000,0.0000,0.0000,0.0000,7042.0000,0.0000,0.0000,0.0000,0.0000,20,0,0,0,0,21,0,0,0,0
zc,TA301,2012-06-14 09:04:05.690,7040.0000,160330,8,0.0000,8.0000,8,0,双开,B,7040.0000,0.0000,0.0000,0.0000,0.0000,7042.0000,0.0000,0.0000,0.0000,0.0000,16,0,0,0,0,21,0,0,0,0
zc,TA301,2012-06-14 09:04:06.143,7040.0000,160330,0,0.0000,12.0000,6,6,多换,B,7040.0000,0.0000,0.0000,0.0000,0.0000,7042.0000,0.0000,0.0000,0.0000,0.0000,11,0,0,0,0,21,0,0,0,0
zc,TA301,2012-06-14 09:04:06.720,7044.0000,160342,12,0.0000,104.0000,58,46,多开,B,7042.0000,0.0000,0.0000,0.0000,0.0000,7046.0000,0.0000,0.0000,0.0000,0.0000,9,0,0,0,0,12,0,0,0,0
zc,TA301,2012-06-14 09:04:07.517,7046.0000,160340,-2,0.0000,34.0000,16,18,空平,B,7046.0000,0.0000,0.0000,0.0000,0.0000,7048.0000,0.0000,0.0000,0.0000,0.0000,5,0,0,0,0,11,0,0,0,0
zc,TA301,2012-06-14 09:04:07.940,7048.0000,160340,0,0.0000,12.0000,6,6,多换,B,7046.0000,0.0000,0.0000,0.0000,0.0000,7048.0000,0.0000,0.0000,0.0000,0.0000,2,0,0,0,0,10,0,0,0,0
zc,TA301,2012-06-14 09:04:08.737,7048.0000,160344,4,0.0000,20.0000,12,8,多开,B,7046.0000,0.0000,0.0000,0.0000,0.0000,7050.0000,0.0000,0.0000,0.0000,0.0000,3,0,0,0,0,25,0,0,0,0
zc,TA301,2012-06-14 09:04:09.207,7048.0000,160344,0,0.0000,12.0000,6,6,多换,B,7048.0000,0.0000,0.0000,0.0000,0.0000,7050.0000,0.0000,0.0000,0.0000,0.0000,19,0,0,0,0,26,0,0,0,0
zc,TA301,2012-06-14 09:04:09.737,7048.0000,160344,0,0.0000,0.0000,0,0,多换,B,7048.0000,0.0000,0.0000,0.0000,0.0000,7050.0000,0.0000,0.0000,0.0000,0.0000,19,0,0,0,0,27,0,0,0,0
zc,TA301,2012-06-14 09:04:10.457,7048.0000,160340,-4,0.0000,16.0000,6,10,空平,B,7044.0000,0.0000,0.0000,0.0000,0.0000,7048.0000,0.0000,0.0000,0.0000,0.0000,15,0,0,0,0,1,0,0,0,0
zc,TA301,2012-06-14 09:04:11.017,7046.0000,160336,-4,0.0000,8.0000,2,6,多平,S,7046.0000,0.0000,0.0000,0.0000,0.0000,7048.0000,0.0000,0.0000,0.0000,0.0000,7,0,0,0,0,3,0,0,0,0
zc,TA301,2012-06-14 09:04:11.783,7046.0000,160310,-26,0.0000,42.0000,8,34,多平,S,7044.0000,0.0000,0.0000,0.0000,0.0000,7048.0000,0.0000,0.0000,0.0000,0.0000,15,0,0,0,0,34,0,0,0,0
zc,TA301,2012-06-14 09:04:12.470,7048.0000,160308,-2,0.0000,18.0000,8,10,空平,B,7044.0000,0.0000,0.0000,0.0000,0.0000,7046.0000,0.0000,0.0000,0.0000,0.0000,25,0,0,0,0,2,0,0,0,0
zc,TA301,2012-06-14 09:04:13.253,7044.0000,160310,2,0.0000,6.0000,4,2,空开,S,7046.0000,0.0000,0.0000,0.0000,0.0000,7048.0000,0.0000,0.0000,0.0000,0.0000,5,0,0,0,0,25,0,0,0,0
zc,TA301,2012-06-14 09:04:13.720,7046.0000,160310,0,0.0000,12.0000,6,6,多换,B,7044.0000,0.0000,0.0000,0.0000,0.0000,7048.0000,0.0000,0.0000,0.0000,0.0000,31,0,0,0,0,25,0,0,0,0
zc,TA301,2012-06-14 09:04:14.487,7044.0000,160310,0,0.0000,10.0000,5,5,空换,S,7044.0000,0.0000,0.0000,0.0000,0.0000,7048.0000,0.0000,0.0000,0.0000,0.0000,24,0,0,0,0,46,0,0,0,0
zc,TA301,2012-06-14 09:04:14.987,7048.0000,160310,0,0.0000,10.0000,5,5,多换,B,7044.0000,0.0000,0.0000,0.0000,0.0000,7048.0000,0.0000,0.0000,0.0000,0.0000,24,0,0,0,0,42,0,0,0,0
zc,TA301,2012-06-14 09:04:15.753,7046.0000,160314,4,0.0000,26.0000,15,11,空开,S,7044.0000,0.0000,0.0000,0.0000,0.0000,7046.0000,0.0000,0.0000,0.0000,0.0000,13,0,0,0,0,5,0,0,0,0
zc,TA301,2012-06-14 09:04:16.440,7044.0000,160316,2,0.0000,10.0000,6,4,空开,S,7044.0000,0.0000,0.0000,0.0000,0.0000,7046.0000,0.0000,0.0000,0.0000,0.0000,9,0,0,0,0,17,0,0,0,0
zc,TA301,2012-06-14 09:04:16.940,7046.0000,160318,2,0.0000,6.0000,4,2,多开,B,7044.0000,0.0000,0.0000,0.0000,0.0000,7046.0000,0.0000,0.0000,0.0000,0.0000,8,0,0,0,0,15,0,0,0,0
zc,TA301,2012-06-14 09:04:17.423,7044.0000,160318,0,0.0000,26.0000,13,13,空换,S,7042.0000,0.0000,0.0000,0.0000,0.0000,7044.0000,0.0000,0.0000,0.0000,0.0000,27,0,0,0,0,7,0,0,0,0
zc,TA301,2012-06-14 09:04:18.207,7044.0000,160316,-2,0.0000,8.0000,3,5,多平,S,7042.0000,0.0000,0.0000,0.0000,0.0000,7044.0000,0.0000,0.0000,0.0000,0.0000,27,0,0,0,0,5,0,0,0,0
zc,TA301,2012-06-14 09:04:18.753,7042.0000,160326,10,0.0000,58.0000,34,24,空开,S,7040.0000,0.0000,0.0000,0.0000,0.0000,7042.0000,0.0000,0.0000,0.0000,0.0000,6,0,0,0,0,6,0,0,0,0
zc,TA301,2012-06-14 09:04:19.457,7042.0000,160336,10,0.0000,40.0000,25,15,空开,S,7040.0000,0.0000,0.0000,0.0000,0.0000,7042.0000,0.0000,0.0000,0.0000,0.0000,6,0,0,0,0,26,0,0,0,0
zc,TA301,2012-06-14 09:04:19.987,7038.0000,160342,6,0.0000,22.0000,14,8,空开,S,7036.0000,0.0000,0.0000,0.0000,0.0000,7040.0000,0.0000,0.0000,0.0000,0.0000,7,0,0,0,0,1,0,0,0,0
zc,TA301,2012-06-14 09:04:20.720,7040.0000,160358,16,0.0000,48.0000,32,16,多开,B,7036.0000,0.0000,0.0000,0.0000,0.0000,7040.0000,0.0000,0.0000,0.0000,0.0000,7,0,0,0,0,12,0,0,0,0
zc,TA301,2012-06-14 09:04:21.157,7040.0000,160358,0,0.0000,0.0000,0,0,多换,B,7036.0000,0.0000,0.0000,0.0000,0.0000,7040.0000,0.0000,0.0000,0.0000,0.0000,7,0,0,0,0,29,0,0,0,0
zc,TA301,2012-06-14 09:04:21.907,7040.0000,160358,0,0.0000,0.0000,0,0,多换,B,7036.0000,0.0000,0.0000,0.0000,0.0000,7040.0000,0.0000,0.0000,0.0000,0.0000,7,0,0,0,0,40,0,0,0,0
zc,TA301,2012-06-14 09:04:22.207,7036.0000,160360,2,0.0000,2.0000,2,0,双开,S,7036.0000,0.0000,0.0000,0.0000,0.0000,7038.0000,0.0000,0.0000,0.0000,0.0000,6,0,0,0,0,21,0,0,0,0
zc,TA301,2012-06-14 09:04:22.957,7036.0000,160362,2,0.0000,2.0000,2,0,双开,S,7036.0000,0.0000,0.0000,0.0000,0.0000,7038.0000,0.0000,0.0000,0.0000,0.0000,5,0,0,0,0,21,0,0,0,0
zc,TA301,2012-06-14 09:04:23.690,7038.0000,160364,2,0.0000,4.0000,3,1,多开,B,7036.0000,0.0000,0.0000,0.0000,0.0000,7038.0000,0.0000,0.0000,0.0000,0.0000,5,0,0,0,0,20,0,0,0,0
zc,TA301,2012-06-14 09:04:24.190,7036.0000,160370,6,0.0000,10.0000,8,2,空开,S,7036.0000,0.0000,0.0000,0.0000,0.0000,7038.0000,0.0000,0.0000,0.0000,0.0000,2,0,0,0,0,49,0,0,0,0
zc,TA301,2012-06-14 09:04:24.987,7038.0000,160408,38,0.0000,38.0000,38,0,双开,B,7036.0000,0.0000,0.0000,0.0000,0.0000,7038.0000,0.0000,0.0000,0.0000,0.0000,3,0,0,0,0,34,0,0,0,0
zc,TA301,2012-06-14 09:04:25.207,7036.0000,160408,0,0.0000,2.0000,1,1,空换,S,7036.0000,0.0000,0.0000,0.0000,0.0000,7038.0000,0.0000,0.0000,0.0000,0.0000,2,0,0,0,0,56,0,0,0,0
zc,TA301,2012-06-14 09:04:25.940,7038.0000,160408,0,0.0000,2.0000,1,1,多换,B,7036.0000,0.0000,0.0000,0.0000,0.0000,7038.0000,0.0000,0.0000,0.0000,0.0000,2,0,0,0,0,68,0,0,0,0
zc,TA301,2012-06-14 09:04:26.457,7036.0000,160414,6,0.0000,6.0000,6,0,双开,S,7034.0000,0.0000,0.0000,0.0000,0.0000,7036.0000,0.0000,0.0000,0.0000,0.0000,5,0,0,0,0,7,0,0,0,0
zc,TA301,2012-06-14 09:04:27.173,7036.0000,160414,0,0.0000,0.0000,0,0,空换,S,7034.0000,0.0000,0.0000,0.0000,0.0000,7036.0000,0.0000,0.0000,0.0000,0.0000,5,0,0,0,0,27,0,0,0,0
zc,TA301,2012-06-14 09:04:27.457,7036.0000,160416,2,0.0000,2.0000,2,0,双开,S,7034.0000,0.0000,0.0000,0.0000,0.0000,7036.0000,0.0000,0.0000,0.0000,0.0000,5,0,0,0,0,26,0,0,0,0
zc,TA301,2012-06-14 09:04:28.207,7036.0000,160422,6,0.0000,6.0000,6,0,双开,S,7034.0000,0.0000,0.0000,0.0000,0.0000,7036.0000,0.0000,0.0000,0.0000,0.0000,5,0,0,0,0,23,0,0,0,0
zc,TA301,2012-06-14 09:04:28.957,7034.0000,160426,4,0.0000,4.0000,4,0,双开,S,7034.0000,0.0000,0.0000,0.0000,0.0000,7036.0000,0.0000,0.0000,0.0000,0.0000,3,0,0,0,0,23,0,0,0,0
zc,TA301,2012-06-14 09:04:29.517,7036.0000,160474,48,0.0000,48.0000,48,0,双开,B,7036.0000,0.0000,0.0000,0.0000,0.0000,7038.0000,0.0000,0.0000,0.0000,0.0000,19,0,0,0,0,57,0,0,0,0
zc,TA301,2012-06-14 09:04:30.190,7036.0000,160474,0,0.0000,0.0000,0,0,多换,B,7036.0000,0.0000,0.0000,0.0000,0.0000,7038.0000,0.0000,0.0000,0.0000,0.0000,36,0,0,0,0,57,0,0,0,0
zc,TA301,2012-06-14 09:04:30.707,7036.0000,160474,0,0.0000,10.0000,5,5,多换,B,7036.0000,0.0000,0.0000,0.0000,0.0000,7038.0000,0.0000,0.0000,0.0000,0.0000,31,0,0,0,0,57,0,0,0,0
zc,TA301,2012-06-14 09:04:31.440,7038.0000,160474,0,0.0000,28.0000,14,14,多换,B,7036.0000,0.0000,0.0000,0.0000,0.0000,7038.0000,0.0000,0.0000,0.0000,0.0000,31,0,0,0,0,43,0,0,0,0
zc,TA301,2012-06-14 09:04:32.003,7038.0000,160474,0,0.0000,6.0000,3,3,多换,B,7036.0000,0.0000,0.0000,0.0000,0.0000,7038.0000,0.0000,0.0000,0.0000,0.0000,36,0,0,0,0,42,0,0,0,0
zc,TA301,2012-06-14 09:04:32.457,7038.0000,160488,14,0.0000,44.0000,29,15,多开,B,7036.0000,0.0000,0.0000,0.0000,0.0000,7038.0000,0.0000,0.0000,0.0000,0.0000,28,0,0,0,0,28,0,0,0,0
zc,TA301,2012-06-14 09:04:32.923,7038.0000,160506,18,0.0000,24.0000,21,3,多开,B,7036.0000,0.0000,0.0000,0.0000,0.0000,7038.0000,0.0000,0.0000,0.0000,0.0000,41,0,0,0,0,27,0,0,0,0
zc,TA301,2012-06-14 09:04:33.673,7036.0000,160506,0,0.0000,8.0000,4,4,空换,S,7036.0000,0.0000,0.0000,0.0000,0.0000,7038.0000,0.0000,0.0000,0.0000,0.0000,37,0,0,0,0,28,0,0,0,0
zc,TA301,2012-06-14 09:04:34.690,7036.0000,160518,12,0.0000,22.0000,17,5,空开,S,7036.0000,0.0000,0.0000,0.0000,0.0000,7038.0000,0.0000,0.0000,0.0000,0.0000,33,0,0,0,0,28,0,0,0,0
zc,TA301,2012-06-14 09:04:35.207,7036.0000,160524,6,0.0000,6.0000,6,0,双开,S,7036.0000,0.0000,0.0000,0.0000,0.0000,7038.0000,0.0000,0.0000,0.0000,0.0000,29,0,0,0,0,28,0,0,0,0
zc,TA301,2012-06-14 09:04:35.643,7038.0000,160530,6,0.0000,6.0000,6,0,双开,B,7036.0000,0.0000,0.0000,0.0000,0.0000,7038.0000,0.0000,0.0000,0.0000,0.0000,29,0,0,0,0,26,0,0,0,0
zc,TA301,2012-06-14 09:04:36.457,7036.0000,160550,20,0.0000,20.0000,20,0,双开,S,7036.0000,0.0000,0.0000,0.0000,0.0000,7038.0000,0.0000,0.0000,0.0000,0.0000,24,0,0,0,0,28,0,0,0,0
zc,TA301,2012-06-14 09:04:36.940,7036.0000,160550,0,0.0000,2.0000,1,1,空换,S,7036.0000,0.0000,0.0000,0.0000,0.0000,7038.0000,0.0000,0.0000,0.0000,0.0000,23,0,0,0,0,29,0,0,0,0
zc,TA301,2012-06-14 09:04:37.643,7036.0000,160590,40,0.0000,42.0000,41,1,空开,S,7036.0000,0.0000,0.0000,0.0000,0.0000,7038.0000,0.0000,0.0000,0.0000,0.0000,2,0,0,0,0,36,0,0,0,0
zc,TA301,2012-06-14 09:04:37.923,7036.0000,160590,0,0.0000,10.0000,5,5,空换,S,7034.0000,0.0000,0.0000,0.0000,0.0000,7036.0000,0.0000,0.0000,0.0000,0.0000,10,0,0,0,0,6,0,0,0,0
zc,TA301,2012-06-14 09:04:39.517,7036.0000,160576,-14,0.0000,22.0000,4,18,多平,S,7036.0000,0.0000,0.0000,0.0000,0.0000,7038.0000,0.0000,0.0000,0.0000,0.0000,92,0,0,0,0,36,0,0,0,0
zc,TA301,2012-06-14 09:04:39.970,7036.0000,160566,-10,0.0000,10.0000,0,10,双平,S,7036.0000,0.0000,0.0000,0.0000,0.0000,7038.0000,0.0000,0.0000,0.0000,0.0000,87,0,0,0,0,44,0,0,0,0
zc,TA301,2012-06-14 09:04:40.690,7036.0000,160564,-2,0.0000,2.0000,0,2,双平,S,7036.0000,0.0000,0.0000,0.0000,0.0000,7038.0000,0.0000,0.0000,0.0000,0.0000,86,0,0,0,0,44,0,0,0,0
zc,TA301,2012-06-14 09:04:41.190,7038.0000,160562,-2,0.0000,6.0000,2,4,空平,B,7036.0000,0.0000,0.0000,0.0000,0.0000,7038.0000,0.0000,0.0000,0.0000,0.0000,84,0,0,0,0,48,0,0,0,0
zc,TA301,2012-06-14 09:04:41.957,7036.0000,160558,-4,0.0000,4.0000,0,4,双平,S,7036.0000,0.0000,0.0000,0.0000,0.0000,7038.0000,0.0000,0.0000,0.0000,0.0000,82,0,0,0,0,48,0,0,0,0
zc,TA301,2012-06-14 09:04:42.487,7038.0000,160540,-18,0.0000,96.0000,39,57,空平,B,7038.0000,0.0000,0.0000,0.0000,0.0000,7040.0000,0.0000,0.0000,0.0000,0.0000,2,0,0,0,0,27,0,0,0,0
zc,TA301,2012-06-14 09:04:42.970,7038.0000,160542,2,0.0000,2.0000,2,0,双开,B,7038.0000,0.0000,0.0000,0.0000,0.0000,7040.0000,0.0000,0.0000,0.0000,0.0000,2,0,0,0,0,27,0,0,0,0
zc,TA301,2012-06-14 09:04:43.470,7040.0000,160566,24,0.0000,50.0000,37,13,多开,B,7038.0000,0.0000,0.0000,0.0000,0.0000,7040.0000,0.0000,0.0000,0.0000,0.0000,3,0,0,0,0,2,0,0,0,0
zc,TA301,2012-06-14 09:04:44.457,7040.0000,160566,0,0.0000,0.0000,0,0,多换,B,7038.0000,0.0000,0.0000,0.0000,0.0000,7040.0000,0.0000,0.0000,0.0000,0.0000,3,0,0,0,0,6,0,0,0,0
zc,TA301,2012-06-14 09:04:44.753,7038.0000,160568,2,0.0000,8.0000,5,3,空开,S,7036.0000,0.0000,0.0000,0.0000,0.0000,7038.0000,0.0000,0.0000,0.0000,0.0000,92,0,0,0,0,1,0,0,0,0
zc,TA301,2012-06-14 09:04:45.470,7040.0000,160576,8,0.0000,8.0000,8,0,双开,B,7038.0000,0.0000,0.0000,0.0000,0.0000,7040.0000,0.0000,0.0000,0.0000,0.0000,30,0,0,0,0,4,0,0,0,0
zc,TA301,2012-06-14 09:04:46.470,7040.0000,160582,6,0.0000,8.0000,7,1,多开,B,7040.0000,0.0000,0.0000,0.0000,0.0000,7042.0000,0.0000,0.0000,0.0000,0.0000,66,0,0,0,0,32,0,0,0,0
zc,TA301,2012-06-14 09:04:47.643,7040.0000,160582,0,0.0000,0.0000,0,0,多换,B,7040.0000,0.0000,0.0000,0.0000,0.0000,7042.0000,0.0000,0.0000,0.0000,0.0000,86,0,0,0,0,32,0,0,0,0
zc,TA301,2012-06-14 09:04:48.220,7040.0000,160584,2,0.0000,2.0000,2,0,双开,B,7040.0000,0.0000,0.0000,0.0000,0.0000,7042.0000,0.0000,0.0000,0.0000,0.0000,86,0,0,0,0,32,0,0,0,0
zc,TA301,2012-06-14 09:04:48.707,7042.0000,160648,64,0.0000,68.0000,66,2,多开,B,7042.0000,0.0000,0.0000,0.0000,0.0000,7044.0000,0.0000,0.0000,0.0000,0.0000,29,0,0,0,0,19,0,0,0,0
zc,TA301,2012-06-14 09:04:49.407,7042.0000,160648,0,0.0000,0.0000,0,0,多换,B,7042.0000,0.0000,0.0000,0.0000,0.0000,7044.0000,0.0000,0.0000,0.0000,0.0000,30,0,0,0,0,19,0,0,0,0
zc,TA301,2012-06-14 09:04:49.923,7042.0000,160648,0,0.0000,2.0000,1,1,多换,B,7042.0000,0.0000,0.0000,0.0000,0.0000,7044.0000,0.0000,0.0000,0.0000,0.0000,29,0,0,0,0,19,0,0,0,0
zc,TA301,2012-06-14 09:04:50.720,7042.0000,160648,0,0.0000,0.0000,0,0,多换,B,7042.0000,0.0000,0.0000,0.0000,0.0000,7044.0000,0.0000,0.0000,0.0000,0.0000,30,0,0,0,0,17,0,0,0,0
zc,TA301,2012-06-14 09:04:51.190,7044.0000,160648,0,0.0000,8.0000,4,4,多换,B,7042.0000,0.0000,0.0000,0.0000,0.0000,7044.0000,0.0000,0.0000,0.0000,0.0000,28,0,0,0,0,15,0,0,0,0
zc,TA301,2012-06-14 09:04:51.657,7044.0000,160650,2,0.0000,24.0000,13,11,多开,B,7042.0000,0.0000,0.0000,0.0000,0.0000,7044.0000,0.0000,0.0000,0.0000,0.0000,17,0,0,0,0,4,0,0,0,0
zc,TA301,2012-06-14 09:04:52.440,7044.0000,160650,0,0.0000,2.0000,1,1,多换,B,7042.0000,0.0000,0.0000,0.0000,0.0000,7044.0000,0.0000,0.0000,0.0000,0.0000,18,0,0,0,0,4,0,0,0,0
zc,TA301,2012-06-14 09:04:52.957,7044.0000,160672,22,0.0000,42.0000,32,10,多开,B,7042.0000,0.0000,0.0000,0.0000,0.0000,7044.0000,0.0000,0.0000,0.0000,0.0000,8,0,0,0,0,3,0,0,0,0
zc,TA301,2012-06-14 09:04:53.690,7044.0000,160674,2,0.0000,2.0000,2,0,双开,B,7042.0000,0.0000,0.0000,0.0000,0.0000,7044.0000,0.0000,0.0000,0.0000,0.0000,8,0,0,0,0,2,0,0,0,0
zc,TA301,2012-06-14 09:04:53.940,7044.0000,160664,-10,0.0000,10.0000,0,10,双平,B,7044.0000,0.0000,0.0000,0.0000,0.0000,7046.0000,0.0000,0.0000,0.0000,0.0000,80,0,0,0,0,16,0,0,0,0
zc,TA301,2012-06-14 09:04:55.957,7044.0000,160664,0,0.0000,4.0000,2,2,多换,B,7044.0000,0.0000,0.0000,0.0000,0.0000,7046.0000,0.0000,0.0000,0.0000,0.0000,178,0,0,0,0,16,0,0,0,0
zc,TA301,2012-06-14 09:04:56.407,7046.0000,160640,-24,0.0000,28.0000,2,26,空平,B,7044.0000,0.0000,0.0000,0.0000,0.0000,7046.0000,0.0000,0.0000,0.0000,0.0000,167,0,0,0,0,15,0,0,0,0
zc,TA301,2012-06-14 09:04:56.923,7044.0000,160630,-10,0.0000,16.0000,3,13,多平,S,7044.0000,0.0000,0.0000,0.0000,0.0000,7046.0000,0.0000,0.0000,0.0000,0.0000,162,0,0,0,0,12,0,0,0,0
zc,TA301,2012-06-14 09:04:57.657,7046.0000,160644,14,0.0000,20.0000,17,3,多开,B,7044.0000,0.0000,0.0000,0.0000,0.0000,7046.0000,0.0000,0.0000,0.0000,0.0000,162,0,0,0,0,2,0,0,0,0
zc,TA301,2012-06-14 09:04:58.190,7044.0000,160616,-28,0.0000,34.0000,3,31,多平,S,7044.0000,0.0000,0.0000,0.0000,0.0000,7048.0000,0.0000,0.0000,0.0000,0.0000,47,0,0,0,0,42,0,0,0,0
zc,TA301,2012-06-14 09:04:58.987,7046.0000,160614,-2,0.0000,6.0000,2,4,空平,B,7044.0000,0.0000,0.0000,0.0000,0.0000,7048.0000,0.0000,0.0000,0.0000,0.0000,47,0,0,0,0,42,0,0,0,0
zc,TA301,2012-06-14 09:04:59.440,7046.0000,160610,-4,0.0000,16.0000,6,10,空平,B,7046.0000,0.0000,0.0000,0.0000,0.0000,7048.0000,0.0000,0.0000,0.0000,0.0000,100,0,0,0,0,47,0,0,0,0
zc,TA301,2012-06-14 09:04:59.940,7048.0000,160588,-22,0.0000,50.0000,14,36,空平,B,7046.0000,0.0000,0.0000,0.0000,0.0000,7048.0000,0.0000,0.0000,0.0000,0.0000,99,0,0,0,0,49,0,0,0,0
zc,TA301,2012-06-14 09:05:00.440,7046.0000,160590,2,0.0000,2.0000,2,0,双开,S,7046.0000,0.0000,0.0000,0.0000,0.0000,7048.0000,0.0000,0.0000,0.0000,0.0000,105,0,0,0,0,49,0,0,0,0
zc,TA301,2012-06-14 09:05:01.237,7046.0000,160608,18,0.0000,84.0000,51,33,空开,S,7046.0000,0.0000,0.0000,0.0000,0.0000,7048.0000,0.0000,0.0000,0.0000,0.0000,63,0,0,0,0,67,0,0,0,0
zc,TA301,2012-06-14 09:05:01.673,7046.0000,160620,12,0.0000,28.0000,20,8,空开,S,7046.0000,0.0000,0.0000,0.0000,0.0000,7048.0000,0.0000,0.0000,0.0000,0.0000,53,0,0,0,0,65,0,0,0,0
zc,TA301,2012-06-14 09:05:02.377,7046.0000,160622,2,0.0000,28.0000,15,13,空开,S,7046.0000,0.0000,0.0000,0.0000,0.0000,7048.0000,0.0000,0.0000,0.0000,0.0000,41,0,0,0,0,66,0,0,0,0
zc,TA301,2012-06-14 09:05:03.003,7046.0000,160652,30,0.0000,82.0000,56,26,空开,S,7044.0000,0.0000,0.0000,0.0000,0.0000,7048.0000,0.0000,0.0000,0.0000,0.0000,45,0,0,0,0,70,0,0,0,0
zc,TA301,2012-06-14 09:05:03.720,7046.0000,160652,0,0.0000,0.0000,0,0,空换,S,7044.0000,0.0000,0.0000,0.0000,0.0000,7046.0000,0.0000,0.0000,0.0000,0.0000,45,0,0,0,0,7,0,0,0,0
zc,TA301,2012-06-14 09:05:04.190,7046.0000,160650,-2,0.0000,22.0000,10,12,多平,S,7044.0000,0.0000,0.0000,0.0000,0.0000,7046.0000,0.0000,0.0000,0.0000,0.0000,44,0,0,0,0,23,0,0,0,0
zc,TA301,2012-06-14 09:05:04.940,7046.0000,160650,0,0.0000,10.0000,5,5,空换,S,7044.0000,0.0000,0.0000,0.0000,0.0000,7046.0000,0.0000,0.0000,0.0000,0.0000,44,0,0,0,0,31,0,0,0,0
zc,TA301,2012-06-14 09:05:05.407,7046.0000,160630,-20,0.0000,24.0000,2,22,多平,S,7044.0000,0.0000,0.0000,0.0000,0.0000,7046.0000,0.0000,0.0000,0.0000,0.0000,34,0,0,0,0,29,0,0,0,0
zc,TA301,2012-06-14 09:05:05.940,7046.0000,160630,0,0.0000,16.0000,8,8,空换,S,7044.0000,0.0000,0.0000,0.0000,0.0000,7046.0000,0.0000,0.0000,0.0000,0.0000,34,0,0,0,0,34,0,0,0,0
zc,TA301,2012-06-14 09:05:06.673,7044.0000,160626,-4,0.0000,4.0000,0,4,双平,S,7044.0000,0.0000,0.0000,0.0000,0.0000,7046.0000,0.0000,0.0000,0.0000,0.0000,32,0,0,0,0,37,0,0,0,0
zc,TA301,2012-06-14 09:05:07.173,7044.0000,160628,2,0.0000,68.0000,35,33,空开,S,7044.0000,0.0000,0.0000,0.0000,0.0000,7046.0000,0.0000,0.0000,0.0000,0.0000,30,0,0,0,0,33,0,0,0,0
zc,TA301,2012-06-14 09:05:07.987,7044.0000,160572,-56,0.0000,60.0000,2,58,多平,S,7042.0000,0.0000,0.0000,0.0000,0.0000,7044.0000,0.0000,0.0000,0.0000,0.0000,2,0,0,0,0,24,0,0,0,0
zc,TA301,2012-06-14 09:05:08.470,7042.0000,160578,6,0.0000,6.0000,6,0,双开,S,7040.0000,0.0000,0.0000,0.0000,0.0000,7042.0000,0.0000,0.0000,0.0000,0.0000,73,0,0,0,0,22,0,0,0,0
zc,TA301,2012-06-14 09:05:09.207,7042.0000,160590,12,0.0000,12.0000,12,0,双开,S,7040.0000,0.0000,0.0000,0.0000,0.0000,7042.0000,0.0000,0.0000,0.0000,0.0000,72,0,0,0,0,21,0,0,0,0
zc,TA301,2012-06-14 09:05:09.987,7042.0000,160598,8,0.0000,20.0000,14,6,空开,S,7040.0000,0.0000,0.0000,0.0000,0.0000,7042.0000,0.0000,0.0000,0.0000,0.0000,67,0,0,0,0,12,0,0,0,0
zc,TA301,2012-06-14 09:05:11.207,7044.0000,160622,24,0.0000,34.0000,29,5,多开,B,7040.0000,0.0000,0.0000,0.0000,0.0000,7044.0000,0.0000,0.0000,0.0000,0.0000,69,0,0,0,0,26,0,0,0,0
zc,TA301,2012-06-14 09:05:11.907,7040.0000,160632,10,0.0000,10.0000,10,0,双开,S,7042.0000,0.0000,0.0000,0.0000,0.0000,7044.0000,0.0000,0.0000,0.0000,0.0000,1,0,0,0,0,37,0,0,0,0
zc,TA301,2012-06-14 09:05:12.190,7044.0000,160632,0,0.0000,4.0000,2,2,多换,B,7042.0000,0.0000,0.0000,0.0000,0.0000,7044.0000,0.0000,0.0000,0.0000,0.0000,11,0,0,0,0,35,0,0,0,0
zc,TA301,2012-06-14 09:05:12.923,7042.0000,160634,2,0.0000,2.0000,2,0,双开,S,7042.0000,0.0000,0.0000,0.0000,0.0000,7044.0000,0.0000,0.0000,0.0000,0.0000,10,0,0,0,0,35,0,0,0,0
zc,TA301,2012-06-14 09:05:13.393,7044.0000,160632,-2,0.0000,2.0000,0,2,双平,B,7042.0000,0.0000,0.0000,0.0000,0.0000,7044.0000,0.0000,0.0000,0.0000,0.0000,10,0,0,0,0,34,0,0,0,0
zc,TA301,2012-06-14 09:05:14.207,7042.0000,160632,0,0.0000,2.0000,1,1,空换,S,7042.0000,0.0000,0.0000,0.0000,0.0000,7044.0000,0.0000,0.0000,0.0000,0.0000,9,0,0,0,0,32,0,0,0,0
zc,TA301,2012-06-14 09:05:14.720,7040.0000,160644,12,0.0000,68.0000,40,28,空开,S,7040.0000,0.0000,0.0000,0.0000,0.0000,7044.0000,0.0000,0.0000,0.0000,0.0000,64,0,0,0,0,32,0,0,0,0
zc,TA301,2012-06-14 09:05:15.207,7042.0000,160644,0,0.0000,10.0000,5,5,多换,B,7040.0000,0.0000,0.0000,0.0000,0.0000,7042.0000,0.0000,0.0000,0.0000,0.0000,65,0,0,0,0,6,0,0,0,0
zc,TA301,2012-06-14 09:05:15.923,7042.0000,160644,0,0.0000,2.0000,1,1,多换,B,7040.0000,0.0000,0.0000,0.0000,0.0000,7042.0000,0.0000,0.0000,0.0000,0.0000,64,0,0,0,0,5,0,0,0,0
zc,TA301,2012-06-14 09:05:16.440,7042.0000,160646,2,0.0000,6.0000,4,2,多开,B,7040.0000,0.0000,0.0000,0.0000,0.0000,7042.0000,0.0000,0.0000,0.0000,0.0000,62,0,0,0,0,3,0,0,0,0
zc,TA301,2012-06-14 09:05:17.237,7040.0000,160654,8,0.0000,10.0000,9,1,空开,S,7040.0000,0.0000,0.0000,0.0000,0.0000,7042.0000,0.0000,0.0000,0.0000,0.0000,77,0,0,0,0,5,0,0,0,0
zc,TA301,2012-06-14 09:05:17.440,7042.0000,160656,2,0.0000,6.0000,4,2,多开,B,7040.0000,0.0000,0.0000,0.0000,0.0000,7042.0000,0.0000,0.0000,0.0000,0.0000,74,0,0,0,0,3,0,0,0,0
zc,TA301,2012-06-14 09:05:18.207,7042.0000,160666,10,0.0000,20.0000,15,5,多开,B,7040.0000,0.0000,0.0000,0.0000,0.0000,7044.0000,0.0000,0.0000,0.0000,0.0000,65,0,0,0,0,34,0,0,0,0
zc,TA301,2012-06-14 09:05:18.690,7040.0000,160666,0,0.0000,2.0000,1,1,空换,S,7040.0000,0.0000,0.0000,0.0000,0.0000,7044.0000,0.0000,0.0000,0.0000,0.0000,66,0,0,0,0,34,0,0,0,0
zc,TA301,2012-06-14 09:05:19.393,7040.0000,160668,2,0.0000,2.0000,2,0,双开,S,7040.0000,0.0000,0.0000,0.0000,0.0000,7044.0000,0.0000,0.0000,0.0000,0.0000,65,0,0,0,0,34,0,0,0,0
zc,TA301,2012-06-14 09:05:19.940,7040.0000,160690,22,0.0000,24.0000,23,1,空开,S,7040.0000,0.0000,0.0000,0.0000,0.0000,7042.0000,0.0000,0.0000,0.0000,0.0000,54,0,0,0,0,1,0,0,0,0
zc,TA301,2012-06-14 09:05:20.707,7040.0000,160700,10,0.0000,10.0000,10,0,双开,S,7040.0000,0.0000,0.0000,0.0000,0.0000,7042.0000,0.0000,0.0000,0.0000,0.0000,49,0,0,0,0,1,0,0,0,0
zc,TA301,2012-06-14 09:05:21.470,7040.0000,160800,100,0.0000,100.0000,100,0,双开,S,7040.0000,0.0000,0.0000,0.0000,0.0000,7042.0000,0.0000,0.0000,0.0000,0.0000,8,0,0,0,0,1,0,0,0,0
zc,TA301,2012-06-14 09:05:21.957,7042.0000,160802,2,0.0000,2.0000,2,0,双开,B,7042.0000,0.0000,0.0000,0.0000,0.0000,7044.0000,0.0000,0.0000,0.0000,0.0000,9,0,0,0,0,55,0,0,0,0
zc,TA301,2012-06-14 09:05:22.707,7042.0000,160810,8,0.0000,8.0000,8,0,双开,B,7042.0000,0.0000,0.0000,0.0000,0.0000,7044.0000,0.0000,0.0000,0.0000,0.0000,6,0,0,0,0,55,0,0,0,0
zc,TA301,2012-06-14 09:05:23.237,7044.0000,160812,2,0.0000,10.0000,6,4,多开,B,7042.0000,0.0000,0.0000,0.0000,0.0000,7044.0000,0.0000,0.0000,0.0000,0.0000,3,0,0,0,0,73,0,0,0,0
zc,TA301,2012-06-14 09:05:23.957,7042.0000,160812,0,0.0000,2.0000,1,1,空换,S,7042.0000,0.0000,0.0000,0.0000,0.0000,7044.0000,0.0000,0.0000,0.0000,0.0000,3,0,0,0,0,83,0,0,0,0
zc,TA301,2012-06-14 09:05:24.173,7042.0000,160814,2,0.0000,2.0000,2,0,双开,S,7042.0000,0.0000,0.0000,0.0000,0.0000,7044.0000,0.0000,0.0000,0.0000,0.0000,2,0,0,0,0,83,0,0,0,0
zc,TA301,2012-06-14 09:05:25.190,7040.0000,160814,0,0.0000,10.0000,5,5,空换,S,7040.0000,0.0000,0.0000,0.0000,0.0000,7042.0000,0.0000,0.0000,0.0000,0.0000,19,0,0,0,0,14,0,0,0,0
zc,TA301,2012-06-14 09:05:26.207,7040.0000,160796,-18,0.0000,32.0000,7,25,多平,S,7040.0000,0.0000,0.0000,0.0000,0.0000,7042.0000,0.0000,0.0000,0.0000,0.0000,3,0,0,0,0,16,0,0,0,0
zc,TA301,2012-06-14 09:05:26.690,7038.0000,160802,6,0.0000,12.0000,9,3,空开,S,7038.0000,0.0000,0.0000,0.0000,0.0000,7042.0000,0.0000,0.0000,0.0000,0.0000,42,0,0,0,0,29,0,0,0,0
zc,TA301,2012-06-14 09:05:27.157,7042.0000,160802,0,0.0000,2.0000,1,1,多换,B,7038.0000,0.0000,0.0000,0.0000,0.0000,7042.0000,0.0000,0.0000,0.0000,0.0000,42,0,0,0,0,28,0,0,0,0
zc,TA301,2012-06-14 09:05:27.923,7042.0000,160802,0,0.0000,2.0000,1,1,多换,B,7038.0000,0.0000,0.0000,0.0000,0.0000,7042.0000,0.0000,0.0000,0.0000,0.0000,42,0,0,0,0,48,0,0,0,0
zc,TA301,2012-06-14 09:05:28.407,7042.0000,160802,0,0.0000,0.0000,0,0,多换,B,7038.0000,0.0000,0.0000,0.0000,0.0000,7042.0000,0.0000,0.0000,0.0000,0.0000,42,0,0,0,0,57,0,0,0,0
zc,TA301,2012-06-14 09:05:29.173,7042.0000,160754,-48,0.0000,122.0000,37,85,空平,B,7042.0000,0.0000,0.0000,0.0000,0.0000,7044.0000,0.0000,0.0000,0.0000,0.0000,194,0,0,0,0,110,0,0,0,0
zc,TA301,2012-06-14 09:05:29.707,7042.0000,160742,-12,0.0000,12.0000,0,12,双平,B,7042.0000,0.0000,0.0000,0.0000,0.0000,7044.0000,0.0000,0.0000,0.0000,0.0000,188,0,0,0,0,112,0,0,0,0
zc,TA301,2012-06-14 09:05:30.457,7042.0000,160742,0,0.0000,2.0000,1,1,多换,B,7042.0000,0.0000,0.0000,0.0000,0.0000,7044.0000,0.0000,0.0000,0.0000,0.0000,187,0,0,0,0,112,0,0,0,0
zc,TA301,2012-06-14 09:05:30.673,7042.0000,160740,-2,0.0000,126.0000,62,64,空平,B,7042.0000,0.0000,0.0000,0.0000,0.0000,7044.0000,0.0000,0.0000,0.0000,0.0000,124,0,0,0,0,112,0,0,0,0
zc,TA301,2012-06-14 09:05:31.457,7042.0000,160740,0,0.0000,0.0000,0,0,多换,B,7042.0000,0.0000,0.0000,0.0000,0.0000,7044.0000,0.0000,0.0000,0.0000,0.0000,124,0,0,0,0,113,0,0,0,0
zc,TA301,2012-06-14 09:05:31.923,7042.0000,160702,-38,0.0000,38.0000,0,38,双平,B,7042.0000,0.0000,0.0000,0.0000,0.0000,7044.0000,0.0000,0.0000,0.0000,0.0000,105,0,0,0,0,105,0,0,0,0
zc,TA301,2012-06-14 09:05:32.643,7042.0000,160700,-2,0.0000,2.0000,0,2,双平,B,7042.0000,0.0000,0.0000,0.0000,0.0000,7044.0000,0.0000,0.0000,0.0000,0.0000,104,0,0,0,0,108,0,0,0,0
zc,TA301,2012-06-14 09:05:33.157,7042.0000,160700,0,0.0000,0.0000,0,0,多换,B,7042.0000,0.0000,0.0000,0.0000,0.0000,7044.0000,0.0000,0.0000,0.0000,0.0000,104,0,0,0,0,109,0,0,0,0
zc,TA301,2012-06-14 09:05:33.673,7042.0000,160700,0,0.0000,0.0000,0,0,多换,B,7042.0000,0.0000,0.0000,0.0000,0.0000,7044.0000,0.0000,0.0000,0.0000,0.0000,104,0,0,0,0,114,0,0,0,0
zc,TA301,2012-06-14 09:05:34.487,7044.0000,160548,-152,0.0000,200.0000,24,176,空平,B,7042.0000,0.0000,0.0000,0.0000,0.0000,7044.0000,0.0000,0.0000,0.0000,0.0000,104,0,0,0,0,10,0,0,0,0
zc,TA301,2012-06-14 09:05:34.923,7042.0000,160516,-32,0.0000,32.0000,0,32,双平,S,7042.0000,0.0000,0.0000,0.0000,0.0000,7044.0000,0.0000,0.0000,0.0000,0.0000,89,0,0,0,0,20,0,0,0,0
zc,TA301,2012-06-14 09:05:35.673,7042.0000,160514,-2,0.0000,2.0000,0,2,双平,S,7042.0000,0.0000,0.0000,0.0000,0.0000,7044.0000,0.0000,0.0000,0.0000,0.0000,88,0,0,0,0,22,0,0,0,0
zc,TA301,2012-06-14 09:05:36.157,7044.0000,160518,4,0.0000,8.0000,6,2,多开,B,7042.0000,0.0000,0.0000,0.0000,0.0000,7044.0000,0.0000,0.0000,0.0000,0.0000,88,0,0,0,0,18,0,0,0,0
zc,TA301,2012-06-14 09:05:36.957,7044.0000,160520,2,0.0000,14.0000,8,6,多开,B,7042.0000,0.0000,0.0000,0.0000,0.0000,7044.0000,0.0000,0.0000,0.0000,0.0000,88,0,0,0,0,15,0,0,0,0
zc,TA301,2012-06-14 09:05:37.190,7044.0000,160530,10,0.0000,32.0000,21,11,多开,B,7044.0000,0.0000,0.0000,0.0000,0.0000,7046.0000,0.0000,0.0000,0.0000,0.0000,1,0,0,0,0,25,0,0,0,0
zc,TA301,2012-06-14 09:05:38.003,7044.0000,160532,2,0.0000,2.0000,2,0,双开,B,7042.0000,0.0000,0.0000,0.0000,0.0000,7044.0000,0.0000,0.0000,0.0000,0.0000,88,0,0,0,0,2,0,0,0,0
zc,TA301,2012-06-14 09:05:38.503,7044.0000,160534,2,0.0000,4.0000,3,1,多开,B,7044.0000,0.0000,0.0000,0.0000,0.0000,7046.0000,0.0000,0.0000,0.0000,0.0000,9,0,0,0,0,25,0,0,0,0
zc,TA301,2012-06-14 09:05:39.237,7042.0000,160530,-4,0.0000,22.0000,9,13,多平,S,7042.0000,0.0000,0.0000,0.0000,0.0000,7044.0000,0.0000,0.0000,0.0000,0.0000,86,0,0,0,0,11,0,0,0,0
zc,TA301,2012-06-14 09:05:39.707,7042.0000,160530,0,0.0000,2.0000,1,1,空换,S,7042.0000,0.0000,0.0000,0.0000,0.0000,7044.0000,0.0000,0.0000,0.0000,0.0000,85,0,0,0,0,11,0,0,0,0
zc,TA301,2012-06-14 09:05:41.207,7044.0000,160530,0,0.0000,4.0000,2,2,多换,B,7042.0000,0.0000,0.0000,0.0000,0.0000,7044.0000,0.0000,0.0000,0.0000,0.0000,85,0,0,0,0,9,0,0,0,0
zc,TA301,2012-06-14 09:05:41.970,7044.0000,160540,10,0.0000,28.0000,19,9,多开,B,7044.0000,0.0000,0.0000,0.0000,0.0000,7046.0000,0.0000,0.0000,0.0000,0.0000,26,0,0,0,0,25,0,0,0,0
zc,TA301,2012-06-14 09:05:42.457,7042.0000,160504,-36,0.0000,100.0000,32,68,多平,S,7042.0000,0.0000,0.0000,0.0000,0.0000,7046.0000,0.0000,0.0000,0.0000,0.0000,67,0,0,0,0,26,0,0,0,0
zc,TA301,2012-06-14 09:05:43.190,7042.0000,160504,0,0.0000,0.0000,0,0,空换,S,7044.0000,0.0000,0.0000,0.0000,0.0000,7046.0000,0.0000,0.0000,0.0000,0.0000,2,0,0,0,0,26,0,0,0,0
zc,TA301,2012-06-14 09:05:43.690,7046.0000,160508,4,0.0000,14.0000,9,5,多开,B,7042.0000,0.0000,0.0000,0.0000,0.0000,7044.0000,0.0000,0.0000,0.0000,0.0000,167,0,0,0,0,1,0,0,0,0
zc,TA301,2012-06-14 09:05:44.407,7042.0000,160508,0,0.0000,2.0000,1,1,空换,S,7042.0000,0.0000,0.0000,0.0000,0.0000,7044.0000,0.0000,0.0000,0.0000,0.0000,166,0,0,0,0,2,0,0,0,0
zc,TA301,2012-06-14 09:05:44.923,7042.0000,160504,-4,0.0000,4.0000,0,4,双平,S,7042.0000,0.0000,0.0000,0.0000,0.0000,7044.0000,0.0000,0.0000,0.0000,0.0000,164,0,0,0,0,7,0,0,0,0
zc,TA301,2012-06-14 09:05:45.423,7044.0000,160510,6,0.0000,12.0000,9,3,多开,B,7042.0000,0.0000,0.0000,0.0000,0.0000,7044.0000,0.0000,0.0000,0.0000,0.0000,163,0,0,0,0,3,0,0,0,0
zc,TA301,2012-06-14 09:05:46.190,7044.0000,160512,2,0.0000,4.0000,3,1,多开,B,7042.0000,0.0000,0.0000,0.0000,0.0000,7044.0000,0.0000,0.0000,0.0000,0.0000,163,0,0,0,0,1,0,0,0,0
zc,TA301,2012-06-14 09:05:46.707,7044.0000,160512,0,0.0000,2.0000,1,1,多换,B,7044.0000,0.0000,0.0000,0.0000,0.0000,7046.0000,0.0000,0.0000,0.0000,0.0000,99,0,0,0,0,65,0,0,0,0
zc,TA301,2012-06-14 09:05:47.440,7044.0000,160512,0,0.0000,4.0000,2,2,多换,B,7044.0000,0.0000,0.0000,0.0000,0.0000,7046.0000,0.0000,0.0000,0.0000,0.0000,97,0,0,0,0,65,0,0,0,0
zc,TA301,2012-06-14 09:05:47.673,7044.0000,160518,6,0.0000,16.0000,11,5,多开,B,7044.0000,0.0000,0.0000,0.0000,0.0000,7046.0000,0.0000,0.0000,0.0000,0.0000,90,0,0,0,0,64,0,0,0,0
zc,TA301,2012-06-14 09:05:48.470,7044.0000,160518,0,0.0000,20.0000,10,10,多换,B,7044.0000,0.0000,0.0000,0.0000,0.0000,7046.0000,0.0000,0.0000,0.0000,0.0000,80,0,0,0,0,64,0,0,0,0
zc,TA301,2012-06-14 09:05:48.957,7044.0000,160532,14,0.0000,16.0000,15,1,多开,B,7044.0000,0.0000,0.0000,0.0000,0.0000,7046.0000,0.0000,0.0000,0.0000,0.0000,73,0,0,0,0,69,0,0,0,0
zc,TA301,2012-06-14 09:05:49.707,7044.0000,160538,6,0.0000,6.0000,6,0,双开,B,7044.0000,0.0000,0.0000,0.0000,0.0000,7046.0000,0.0000,0.0000,0.0000,0.0000,70,0,0,0,0,68,0,0,0,0
zc,TA301,2012-06-14 09:05:50.173,7044.0000,160544,6,0.0000,8.0000,7,1,多开,B,7044.0000,0.0000,0.0000,0.0000,0.0000,7046.0000,0.0000,0.0000,0.0000,0.0000,86,0,0,0,0,70,0,0,0,0
zc,TA301,2012-06-14 09:05:50.673,7044.0000,160558,14,0.0000,16.0000,15,1,多开,B,7044.0000,0.0000,0.0000,0.0000,0.0000,7046.0000,0.0000,0.0000,0.0000,0.0000,78,0,0,0,0,65,0,0,0,0
zc,TA301,2012-06-14 09:05:51.457,7044.0000,160560,2,0.0000,2.0000,2,0,双开,B,7044.0000,0.0000,0.0000,0.0000,0.0000,7046.0000,0.0000,0.0000,0.0000,0.0000,77,0,0,0,0,60,0,0,0,0
zc,TA301,2012-06-14 09:05:52.673,7044.0000,160580,20,0.0000,20.0000,20,0,双开,B,7044.0000,0.0000,0.0000,0.0000,0.0000,7046.0000,0.0000,0.0000,0.0000,0.0000,77,0,0,0,0,60,0,0,0,0
zc,TA301,2012-06-14 09:05:53.190,7044.0000,160578,-2,0.0000,76.0000,37,39,空平,B,7044.0000,0.0000,0.0000,0.0000,0.0000,7046.0000,0.0000,0.0000,0.0000,0.0000,76,0,0,0,0,23,0,0,0,0
zc,TA301,2012-06-14 09:05:53.673,7046.0000,160604,26,0.0000,26.0000,26,0,双开,B,7044.0000,0.0000,0.0000,0.0000,0.0000,7046.0000,0.0000,0.0000,0.0000,0.0000,80,0,0,0,0,10,0,0,0,0
zc,TA301,2012-06-14 09:05:54.207,7044.0000,160604,0,0.0000,4.0000,2,2,空换,S,7044.0000,0.0000,0.0000,0.0000,0.0000,7046.0000,0.0000,0.0000,0.0000,0.0000,78,0,0,0,0,11,0,0,0,0
zc,TA301,2012-06-14 09:05:54.923,7044.0000,160608,4,0.0000,10.0000,7,3,空开,S,7044.0000,0.0000,0.0000,0.0000,0.0000,7046.0000,0.0000,0.0000,0.0000,0.0000,75,0,0,0,0,9,0,0,0,0
zc,TA301,2012-06-14 09:05:55.440,7046.0000,160610,2,0.0000,4.0000,3,1,多开,B,7044.0000,0.0000,0.0000,0.0000,0.0000,7046.0000,0.0000,0.0000,0.0000,0.0000,75,0,0,0,0,7,0,0,0,0
zc,TA301,2012-06-14 09:05:56.220,7046.0000,160606,-4,0.0000,24.0000,10,14,空平,B,7046.0000,0.0000,0.0000,0.0000,0.0000,7048.0000,0.0000,0.0000,0.0000,0.0000,73,0,0,0,0,170,0,0,0,0
zc,TA301,2012-06-14 09:05:57.207,7046.0000,160604,-2,0.0000,2.0000,0,2,双平,B,7046.0000,0.0000,0.0000,0.0000,0.0000,7048.0000,0.0000,0.0000,0.0000,0.0000,82,0,0,0,0,170,0,0,0,0
