市场代码,合约代码,时间,最新,持仓,增仓,成交额,成交量,开仓,平仓,成交类型,方向,买一价,买二价,买三价,买四价,买五价,卖一价,卖二价,卖三价,卖四价,卖五价,买一量,买二量,买三量,买四量,买五量,卖一量,卖二量,卖三量,卖四量,卖五量
zc,WS209,2012-06-14 07:55:00.067,0.0000,216510,0,0.0000,0.0000,0,0,空换,S,0.0000,0.0000,0.0000,0.0000,0.0000,0.0000,0.0000,0.0000,0.0000,0.0000,0,0,0,0,0,0,0,0,0,0
zc,WS209,2012-06-14 08:16:02.877,0.0000,216510,0,0.0000,0.0000,0,0,空换,S,0.0000,0.0000,0.0000,0.0000,0.0000,0.0000,0.0000,0.0000,0.0000,0.0000,0,0,0,0,0,0,0,0,0,0
zc,WS209,2012-06-14 08:17:02.877,0.0000,216510,0,0.0000,0.0000,0,0,空换,S,0.0000,0.0000,0.0000,0.0000,0.0000,0.0000,0.0000,0.0000,0.0000,0.0000,0,0,0,0,0,0,0,0,0,0
zc,WS209,2012-06-14 08:28:02.877,0.0000,216510,0,0.0000,0.0000,0,0,空换,S,0.0000,0.0000,0.0000,0.0000,0.0000,0.0000,0.0000,0.0000,0.0000,0.0000,0,0,0,0,0,0,0,0,0,0
zc,WS209,2012-06-14 08:55:02.157,0.0000,216510,0,0.0000,0.0000,0,0,空换,S,0.0000,0.0000,0.0000,0.0000,0.0000,0.0000,0.0000,0.0000,0.0000,0.0000,0,0,0,0,0,0,0,0,0,0
zc,WS209,2012-06-14 08:56:15.360,0.0000,216510,0,0.0000,0.0000,0,0,空换,S,0.0000,0.0000,0.0000,0.0000,0.0000,0.0000,0.0000,0.0000,0.0000,0.0000,0,0,0,0,0,0,0,0,0,0
zc,WS209,2012-06-14 08:56:17.110,0.0000,216510,0,0.0000,0.0000,0,0,空换,S,0.0000,0.0000,0.0000,0.0000,0.0000,0.0000,0.0000,0.0000,0.0000,0.0000,0,0,0,0,0,0,0,0,0,0
zc,WS209,2012-06-14 08:56:43.610,0.0000,216510,0,0.0000,0.0000,0,0,空换,S,0.0000,0.0000,0.0000,0.0000,0.0000,0.0000,0.0000,0.0000,0.0000,0.0000,0,0,0,0,0,0,0,0,0,0
zc,WS209,2012-06-14 08:56:46.360,0.0000,216510,0,0.0000,0.0000,0,0,空换,S,0.0000,0.0000,0.0000,0.0000,0.0000,0.0000,0.0000,0.0000,0.0000,0.0000,0,0,0,0,0,0,0,0,0,0
zc,WS209,2012-06-14 08:56:58.627,0.0000,216510,0,0.0000,0.0000,0,0,空换,S,0.0000,0.0000,0.0000,0.0000,0.0000,0.0000,0.0000,0.0000,0.0000,0.0000,0,0,0,0,0,0,0,0,0,0
zc,WS209,2012-06-14 08:57:21.360,0.0000,216510,0,0.0000,0.0000,0,0,空换,S,0.0000,0.0000,0.0000,0.0000,0.0000,0.0000,0.0000,0.0000,0.0000,0.0000,0,0,0,0,0,0,0,0,0,0
zc,WS209,2012-06-14 08:57:39.360,0.0000,216510,0,0.0000,0.0000,0,0,空换,S,0.0000,0.0000,0.0000,0.0000,0.0000,0.0000,0.0000,0.0000,0.0000,0.0000,0,0,0,0,0,0,0,0,0,0
zc,WS209,2012-06-14 08:57:53.860,0.0000,216510,0,0.0000,0.0000,0,0,空换,S,0.0000,0.0000,0.0000,0.0000,0.0000,0.0000,0.0000,0.0000,0.0000,0.0000,0,0,0,0,0,0,0,0,0,0
zc,WS209,2012-06-14 08:58:05.360,0.0000,216510,0,0.0000,0.0000,0,0,空换,S,0.0000,0.0000,0.0000,0.0000,0.0000,0.0000,0.0000,0.0000,0.0000,0.0000,0,0,0,0,0,0,0,0,0,0
zc,WS209,2012-06-14 08:58:29.127,0.0000,216510,0,0.0000,0.0000,0,0,空换,S,0.0000,0.0000,0.0000,0.0000,0.0000,0.0000,0.0000,0.0000,0.0000,0.0000,0,0,0,0,0,0,0,0,0,0
zc,WS209,2012-06-14 09:00:00.907,2433.0000,216510,0,0.0000,6.0000,3,3,多换,B,2431.0000,0.0000,0.0000,0.0000,0.0000,2433.0000,0.0000,0.0000,0.0000,0.0000,12,0,0,0,0,1,0,0,0,0
zc,WS209,2012-06-14 09:00:01.610,2433.0000,216510,0,0.0000,2.0000,1,1,多换,B,2433.0000,0.0000,0.0000,0.0000,0.0000,2434.0000,0.0000,0.0000,0.0000,0.0000,2,0,0,0,0,34,0,0,0,0
zc,WS209,2012-06-14 09:00:02.393,2432.0000,216498,-12,0.0000,24.0000,6,18,多平,S,2432.0000,0.0000,0.0000,0.0000,0.0000,2433.0000,0.0000,0.0000,0.0000,0.0000,4,0,0,0,0,5,0,0,0,0
zc,WS209,2012-06-14 09:00:03.347,2432.0000,216498,0,0.0000,2.0000,1,1,空换,S,2432.0000,0.0000,0.0000,0.0000,0.0000,2433.0000,0.0000,0.0000,0.0000,0.0000,3,0,0,0,0,7,0,0,0,0
zc,WS209,2012-06-14 09:00:03.817,2432.0000,216500,2,0.0000,2.0000,2,0,双开,S,2432.0000,0.0000,0.0000,0.0000,0.0000,2433.0000,0.0000,0.0000,0.0000,0.0000,4,0,0,0,0,8,0,0,0,0
zc,WS209,2012-06-14 09:00:04.517,2433.0000,216500,0,0.0000,2.0000,1,1,多换,B,2432.0000,0.0000,0.0000,0.0000,0.0000,2433.0000,0.0000,0.0000,0.0000,0.0000,2,0,0,0,0,7,0,0,0,0
zc,WS209,2012-06-14 09:00:05.110,2433.0000,216502,2,0.0000,14.0000,8,6,多开,B,2432.0000,0.0000,0.0000,0.0000,0.0000,2433.0000,0.0000,0.0000,0.0000,0.0000,4,0,0,0,0,46,0,0,0,0
zc,WS209,2012-06-14 09:00:05.567,2433.0000,216502,0,0.0000,20.0000,10,10,多换,B,2432.0000,0.0000,0.0000,0.0000,0.0000,2433.0000,0.0000,0.0000,0.0000,0.0000,2,0,0,0,0,44,0,0,0,0
zc,WS209,2012-06-14 09:00:06.517,2433.0000,216500,-2,0.0000,10.0000,4,6,空平,B,2432.0000,0.0000,0.0000,0.0000,0.0000,2433.0000,0.0000,0.0000,0.0000,0.0000,2,0,0,0,0,39,0,0,0,0
zc,WS209,2012-06-14 09:00:07.110,2432.0000,216502,2,0.0000,2.0000,2,0,双开,S,2432.0000,0.0000,0.0000,0.0000,0.0000,2433.0000,0.0000,0.0000,0.0000,0.0000,11,0,0,0,0,39,0,0,0,0
zc,WS209,2012-06-14 09:00:07.817,2433.0000,216502,0,0.0000,10.0000,5,5,多换,B,2432.0000,0.0000,0.0000,0.0000,0.0000,2433.0000,0.0000,0.0000,0.0000,0.0000,11,0,0,0,0,34,0,0,0,0
zc,WS209,2012-06-14 09:00:08.330,2433.0000,216502,0,0.0000,0.0000,0,0,多换,B,2432.0000,0.0000,0.0000,0.0000,0.0000,2433.0000,0.0000,0.0000,0.0000,0.0000,16,0,0,0,0,34,0,0,0,0
zc,WS209,2012-06-14 09:00:09.017,2433.0000,216502,0,0.0000,68.0000,34,34,多换,B,2433.0000,0.0000,0.0000,0.0000,0.0000,2434.0000,0.0000,0.0000,0.0000,0.0000,20,0,0,0,0,37,0,0,0,0
zc,WS209,2012-06-14 09:00:09.767,2433.0000,216502,0,0.0000,0.0000,0,0,多换,B,2433.0000,0.0000,0.0000,0.0000,0.0000,2434.0000,0.0000,0.0000,0.0000,0.0000,22,0,0,0,0,37,0,0,0,0
zc,WS209,2012-06-14 09:00:11.067,2433.0000,216502,0,0.0000,0.0000,0,0,多换,B,2433.0000,0.0000,0.0000,0.0000,0.0000,2434.0000,0.0000,0.0000,0.0000,0.0000,34,0,0,0,0,37,0,0,0,0
zc,WS209,2012-06-14 09:00:12.283,2434.0000,216496,-6,0.0000,34.0000,14,20,空平,B,2433.0000,0.0000,0.0000,0.0000,0.0000,2434.0000,0.0000,0.0000,0.0000,0.0000,35,0,0,0,0,20,0,0,0,0
zc,WS209,2012-06-14 09:00:12.970,2433.0000,216498,2,0.0000,2.0000,2,0,双开,S,2433.0000,0.0000,0.0000,0.0000,0.0000,2434.0000,0.0000,0.0000,0.0000,0.0000,32,0,0,0,0,20,0,0,0,0
zc,WS209,2012-06-14 09:00:13.533,2433.0000,216498,0,0.0000,0.0000,0,0,空换,S,2433.0000,0.0000,0.0000,0.0000,0.0000,2434.0000,0.0000,0.0000,0.0000,0.0000,40,0,0,0,0,20,0,0,0,0
zc,WS209,2012-06-14 09:00:14.283,2434.0000,216498,0,0.0000,4.0000,2,2,多换,B,2433.0000,0.0000,0.0000,0.0000,0.0000,2434.0000,0.0000,0.0000,0.0000,0.0000,38,0,0,0,0,18,0,0,0,0
zc,WS209,2012-06-14 09:00:14.800,2434.0000,216498,0,0.0000,4.0000,2,2,多换,B,2433.0000,0.0000,0.0000,0.0000,0.0000,2434.0000,0.0000,0.0000,0.0000,0.0000,36,0,0,0,0,16,0,0,0,0
zc,WS209,2012-06-14 09:00:15.533,2434.0000,216498,0,0.0000,0.0000,0,0,多换,B,2433.0000,0.0000,0.0000,0.0000,0.0000,2434.0000,0.0000,0.0000,0.0000,0.0000,37,0,0,0,0,16,0,0,0,0
zc,WS209,2012-06-14 09:00:16.830,2434.0000,216498,0,0.0000,4.0000,2,2,多换,B,2433.0000,0.0000,0.0000,0.0000,0.0000,2434.0000,0.0000,0.0000,0.0000,0.0000,1,0,0,0,0,16,0,0,0,0
zc,WS209,2012-06-14 09:00:17.503,2434.0000,216480,-18,0.0000,22.0000,2,20,空平,B,2433.0000,0.0000,0.0000,0.0000,0.0000,2434.0000,0.0000,0.0000,0.0000,0.0000,2,0,0,0,0,47,0,0,0,0
zc,WS209,2012-06-14 09:00:18.283,2434.0000,216480,0,0.0000,2.0000,1,1,多换,B,2433.0000,0.0000,0.0000,0.0000,0.0000,2434.0000,0.0000,0.0000,0.0000,0.0000,2,0,0,0,0,42,0,0,0,0
zc,WS209,2012-06-14 09:00:18.800,2434.0000,216480,0,0.0000,0.0000,0,0,多换,B,2433.0000,0.0000,0.0000,0.0000,0.0000,2434.0000,0.0000,0.0000,0.0000,0.0000,2,0,0,0,0,39,0,0,0,0
zc,WS209,2012-06-14 09:00:19.503,2434.0000,216480,0,0.0000,0.0000,0,0,多换,B,2433.0000,0.0000,0.0000,0.0000,0.0000,2434.0000,0.0000,0.0000,0.0000,0.0000,2,0,0,0,0,33,0,0,0,0
zc,WS209,2012-06-14 09:00:20.347,2434.0000,216480,0,0.0000,2.0000,1,1,多换,B,2433.0000,0.0000,0.0000,0.0000,0.0000,2434.0000,0.0000,0.0000,0.0000,0.0000,2,0,0,0,0,30,0,0,0,0
zc,WS209,2012-06-14 09:00:20.783,2434.0000,216478,-2,0.0000,2.0000,0,2,双平,B,2433.0000,0.0000,0.0000,0.0000,0.0000,2434.0000,0.0000,0.0000,0.0000,0.0000,2,0,0,0,0,27,0,0,0,0
zc,WS209,2012-06-14 09:00:21.533,2433.0000,216480,2,0.0000,2.0000,2,0,双开,S,2433.0000,0.0000,0.0000,0.0000,0.0000,2434.0000,0.0000,0.0000,0.0000,0.0000,4,0,0,0,0,24,0,0,0,0
zc,WS209,2012-06-14 09:00:22.317,2433.0000,216480,0,0.0000,0.0000,0,0,空换,S,2433.0000,0.0000,0.0000,0.0000,0.0000,2434.0000,0.0000,0.0000,0.0000,0.0000,5,0,0,0,0,24,0,0,0,0
zc,WS209,2012-06-14 09:00:23.017,2433.0000,216478,-2,0.0000,10.0000,4,6,多平,S,2432.0000,0.0000,0.0000,0.0000,0.0000,2433.0000,0.0000,0.0000,0.0000,0.0000,15,0,0,0,0,34,0,0,0,0
zc,WS209,2012-06-14 09:00:23.503,2433.0000,216478,0,0.0000,4.0000,2,2,空换,S,2432.0000,0.0000,0.0000,0.0000,0.0000,2433.0000,0.0000,0.0000,0.0000,0.0000,16,0,0,0,0,17,0,0,0,0
zc,WS209,2012-06-14 09:00:24.597,2433.0000,216478,0,0.0000,0.0000,0,0,空换,S,2432.0000,0.0000,0.0000,0.0000,0.0000,2433.0000,0.0000,0.0000,0.0000,0.0000,15,0,0,0,0,15,0,0,0,0
zc,WS209,2012-06-14 09:00:25.050,2433.0000,216478,0,0.0000,0.0000,0,0,空换,S,2432.0000,0.0000,0.0000,0.0000,0.0000,2433.0000,0.0000,0.0000,0.0000,0.0000,15,0,0,0,0,16,0,0,0,0
zc,WS209,2012-06-14 09:00:29.360,2433.0000,216478,0,0.0000,2.0000,1,1,空换,S,2432.0000,0.0000,0.0000,0.0000,0.0000,2433.0000,0.0000,0.0000,0.0000,0.0000,18,0,0,0,0,34,0,0,0,0
zc,WS209,2012-06-14 09:00:31.253,2433.0000,216478,0,0.0000,0.0000,0,0,空换,S,2432.0000,0.0000,0.0000,0.0000,0.0000,2433.0000,0.0000,0.0000,0.0000,0.0000,18,0,0,0,0,35,0,0,0,0
zc,WS209,2012-06-14 09:00:31.800,2433.0000,216418,-60,0.0000,60.0000,0,60,双平,S,2432.0000,0.0000,0.0000,0.0000,0.0000,2433.0000,0.0000,0.0000,0.0000,0.0000,18,0,0,0,0,5,0,0,0,0
zc,WS209,2012-06-14 09:00:32.503,2432.0000,216416,-2,0.0000,32.0000,15,17,多平,S,2431.0000,0.0000,0.0000,0.0000,0.0000,2432.0000,0.0000,0.0000,0.0000,0.0000,13,0,0,0,0,38,0,0,0,0
zc,WS209,2012-06-14 09:00:32.940,2431.0000,216418,2,0.0000,2.0000,2,0,双开,S,2431.0000,0.0000,0.0000,0.0000,0.0000,2432.0000,0.0000,0.0000,0.0000,0.0000,42,0,0,0,0,41,0,0,0,0
zc,WS209,2012-06-14 09:00:33.847,2431.0000,216418,0,0.0000,0.0000,0,0,空换,S,2431.0000,0.0000,0.0000,0.0000,0.0000,2432.0000,0.0000,0.0000,0.0000,0.0000,42,0,0,0,0,43,0,0,0,0
zc,WS209,2012-06-14 09:00:34.503,2431.0000,216418,0,0.0000,0.0000,0,0,空换,S,2431.0000,0.0000,0.0000,0.0000,0.0000,2432.0000,0.0000,0.0000,0.0000,0.0000,42,0,0,0,0,30,0,0,0,0
zc,WS209,2012-06-14 09:00:36.533,2431.0000,216418,0,0.0000,0.0000,0,0,空换,S,2431.0000,0.0000,0.0000,0.0000,0.0000,2432.0000,0.0000,0.0000,0.0000,0.0000,48,0,0,0,0,30,0,0,0,0
zc,WS209,2012-06-14 09:00:37.017,2431.0000,216418,0,0.0000,0.0000,0,0,空换,S,2431.0000,0.0000,0.0000,0.0000,0.0000,2432.0000,0.0000,0.0000,0.0000,0.0000,43,0,0,0,0,31,0,0,0,0
zc,WS209,2012-06-14 09:00:37.737,2431.0000,216418,0,0.0000,0.0000,0,0,空换,S,2431.0000,0.0000,0.0000,0.0000,0.0000,2432.0000,0.0000,0.0000,0.0000,0.0000,44,0,0,0,0,31,0,0,0,0
zc,WS209,2012-06-14 09:00:38.267,2431.0000,216418,0,0.0000,0.0000,0,0,空换,S,2431.0000,0.0000,0.0000,0.0000,0.0000,2432.0000,0.0000,0.0000,0.0000,0.0000,45,0,0,0,0,31,0,0,0,0
zc,WS209,2012-06-14 09:00:39.487,2431.0000,216418,0,0.0000,0.0000,0,0,空换,S,2431.0000,0.0000,0.0000,0.0000,0.0000,2432.0000,0.0000,0.0000,0.0000,0.0000,44,0,0,0,0,31,0,0,0,0
zc,WS209,2012-06-14 09:00:40.597,2431.0000,216418,0,0.0000,2.0000,1,1,空换,S,2431.0000,0.0000,0.0000,0.0000,0.0000,2432.0000,0.0000,0.0000,0.0000,0.0000,43,0,0,0,0,31,0,0,0,0
zc,WS209,2012-06-14 09:00:40.737,2431.0000,216418,0,0.0000,0.0000,0,0,空换,S,2431.0000,0.0000,0.0000,0.0000,0.0000,2432.0000,0.0000,0.0000,0.0000,0.0000,45,0,0,0,0,31,0,0,0,0
zc,WS209,2012-06-14 09:00:41.550,2431.0000,216418,0,0.0000,0.0000,0,0,空换,S,2431.0000,0.0000,0.0000,0.0000,0.0000,2432.0000,0.0000,0.0000,0.0000,0.0000,45,0,0,0,0,32,0,0,0,0
zc,WS209,2012-06-14 09:00:42.050,2431.0000,216418,0,0.0000,0.0000,0,0,空换,S,2431.0000,0.0000,0.0000,0.0000,0.0000,2432.0000,0.0000,0.0000,0.0000,0.0000,49,0,0,0,0,31,0,0,0,0
zc,WS209,2012-06-14 09:00:42.753,2431.0000,216418,0,0.0000,0.0000,0,0,空换,S,2431.0000,0.0000,0.0000,0.0000,0.0000,2432.0000,0.0000,0.0000,0.0000,0.0000,19,0,0,0,0,31,0,0,0,0
zc,WS209,2012-06-14 09:00:44.253,2431.0000,216450,32,0.0000,38.0000,35,3,空开,S,2430.0000,0.0000,0.0000,0.0000,0.0000,2431.0000,0.0000,0.0000,0.0000,0.0000,112,0,0,0,0,51,0,0,0,0
zc,WS209,2012-06-14 09:00:44.767,2431.0000,216450,0,0.0000,0.0000,0,0,空换,S,2430.0000,0.0000,0.0000,0.0000,0.0000,2431.0000,0.0000,0.0000,0.0000,0.0000,118,0,0,0,0,51,0,0,0,0
zc,WS209,2012-06-14 09:00:45.533,2431.0000,216450,0,0.0000,0.0000,0,0,空换,S,2430.0000,0.0000,0.0000,0.0000,0.0000,2431.0000,0.0000,0.0000,0.0000,0.0000,102,0,0,0,0,51,0,0,0,0
zc,WS209,2012-06-14 09:00:45.987,2430.0000,216454,4,0.0000,20.0000,12,8,空开,S,2430.0000,0.0000,0.0000,0.0000,0.0000,2431.0000,0.0000,0.0000,0.0000,0.0000,96,0,0,0,0,50,0,0,0,0
zc,WS209,2012-06-14 09:00:46.707,2430.0000,216456,2,0.0000,2.0000,2,0,双开,S,2430.0000,0.0000,0.0000,0.0000,0.0000,2431.0000,0.0000,0.0000,0.0000,0.0000,96,0,0,0,0,51,0,0,0,0
zc,WS209,2012-06-14 09:00:47.300,2431.0000,216462,6,0.0000,6.0000,6,0,双开,B,2430.0000,0.0000,0.0000,0.0000,0.0000,2431.0000,0.0000,0.0000,0.0000,0.0000,89,0,0,0,0,53,0,0,0,0
zc,WS209,2012-06-14 09:00:47.767,2431.0000,216464,2,0.0000,2.0000,2,0,双开,B,2430.0000,0.0000,0.0000,0.0000,0.0000,2431.0000,0.0000,0.0000,0.0000,0.0000,85,0,0,0,0,52,0,0,0,0
zc,WS209,2012-06-14 09:00:48.567,2431.0000,216474,10,0.0000,10.0000,10,0,双开,B,2430.0000,0.0000,0.0000,0.0000,0.0000,2431.0000,0.0000,0.0000,0.0000,0.0000,89,0,0,0,0,47,0,0,0,0
zc,WS209,2012-06-14 09:00:49.800,2432.0000,216566,92,0.0000,148.0000,120,28,多开,B,2431.0000,0.0000,0.0000,0.0000,0.0000,2432.0000,0.0000,0.0000,0.0000,0.0000,1,0,0,0,0,48,0,0,0,0
zc,WS209,2012-06-14 09:00:50.957,2431.0000,216564,-2,0.0000,2.0000,0,2,双平,S,2430.0000,0.0000,0.0000,0.0000,0.0000,2432.0000,0.0000,0.0000,0.0000,0.0000,52,0,0,0,0,48,0,0,0,0
zc,WS209,2012-06-14 09:00:51.567,2431.0000,216564,0,0.0000,0.0000,0,0,空换,S,2430.0000,0.0000,0.0000,0.0000,0.0000,2431.0000,0.0000,0.0000,0.0000,0.0000,51,0,0,0,0,4,0,0,0,0
zc,WS209,2012-06-14 09:00:52.300,2431.0000,216564,0,0.0000,0.0000,0,0,空换,S,2430.0000,0.0000,0.0000,0.0000,0.0000,2431.0000,0.0000,0.0000,0.0000,0.0000,52,0,0,0,0,23,0,0,0,0
zc,WS209,2012-06-14 09:00:52.830,2431.0000,216566,2,0.0000,2.0000,2,0,双开,S,2430.0000,0.0000,0.0000,0.0000,0.0000,2431.0000,0.0000,0.0000,0.0000,0.0000,54,0,0,0,0,22,0,0,0,0
zc,WS209,2012-06-14 09:00:53.550,2431.0000,216560,-6,0.0000,44.0000,19,25,多平,S,2431.0000,0.0000,0.0000,0.0000,0.0000,2432.0000,0.0000,0.0000,0.0000,0.0000,8,0,0,0,0,41,0,0,0,0
zc,WS209,2012-06-14 09:00:54.050,2431.0000,216560,0,0.0000,0.0000,0,0,空换,S,2431.0000,0.0000,0.0000,0.0000,0.0000,2432.0000,0.0000,0.0000,0.0000,0.0000,8,0,0,0,0,42,0,0,0,0
zc,WS209,2012-06-14 09:00:54.720,2431.0000,216562,2,0.0000,18.0000,10,8,空开,S,2430.0000,0.0000,0.0000,0.0000,0.0000,2431.0000,0.0000,0.0000,0.0000,0.0000,53,0,0,0,0,1,0,0,0,0
zc,WS209,2012-06-14 09:00:55.220,2431.0000,216562,0,0.0000,0.0000,0,0,空换,S,2430.0000,0.0000,0.0000,0.0000,0.0000,2431.0000,0.0000,0.0000,0.0000,0.0000,54,0,0,0,0,2,0,0,0,0
zc,WS209,2012-06-14 09:00:56.033,2431.0000,216562,0,0.0000,0.0000,0,0,空换,S,2430.0000,0.0000,0.0000,0.0000,0.0000,2431.0000,0.0000,0.0000,0.0000,0.0000,55,0,0,0,0,2,0,0,0,0
zc,WS209,2012-06-14 09:00:56.517,2431.0000,216564,2,0.0000,4.0000,3,1,空开,S,2430.0000,0.0000,0.0000,0.0000,0.0000,2432.0000,0.0000,0.0000,0.0000,0.0000,55,0,0,0,0,29,0,0,0,0
zc,WS209,2012-06-14 09:00:57.237,2431.0000,216564,0,0.0000,0.0000,0,0,空换,S,2430.0000,0.0000,0.0000,0.0000,0.0000,2432.0000,0.0000,0.0000,0.0000,0.0000,57,0,0,0,0,29,0,0,0,0
zc,WS209,2012-06-14 09:00:57.737,2432.0000,216564,0,0.0000,2.0000,1,1,多换,B,2430.0000,0.0000,0.0000,0.0000,0.0000,2432.0000,0.0000,0.0000,0.0000,0.0000,57,0,0,0,0,28,0,0,0,0
zc,WS209,2012-06-14 09:00:59.470,2432.0000,216564,0,0.0000,0.0000,0,0,多换,B,2430.0000,0.0000,0.0000,0.0000,0.0000,2431.0000,0.0000,0.0000,0.0000,0.0000,56,0,0,0,0,1,0,0,0,0
zc,WS209,2012-06-14 09:01:01.987,2431.0000,216560,-4,0.0000,6.0000,1,5,多平,S,2431.0000,0.0000,0.0000,0.0000,0.0000,2432.0000,0.0000,0.0000,0.0000,0.0000,28,0,0,0,0,41,0,0,0,0
zc,WS209,2012-06-14 09:01:03.317,2431.0000,216504,-56,0.0000,58.0000,1,57,多平,S,2430.0000,0.0000,0.0000,0.0000,0.0000,2432.0000,0.0000,0.0000,0.0000,0.0000,56,0,0,0,0,49,0,0,0,0
zc,WS209,2012-06-14 09:01:05.487,2431.0000,216504,0,0.0000,2.0000,1,1,空换,S,2430.0000,0.0000,0.0000,0.0000,0.0000,2432.0000,0.0000,0.0000,0.0000,0.0000,57,0,0,0,0,48,0,0,0,0
zc,WS209,2012-06-14 09:01:05.707,2431.0000,216504,0,0.0000,0.0000,0,0,空换,S,2430.0000,0.0000,0.0000,0.0000,0.0000,2431.0000,0.0000,0.0000,0.0000,0.0000,57,0,0,0,0,1,0,0,0,0
zc,WS209,2012-06-14 09:01:06.940,2431.0000,216504,0,0.0000,0.0000,0,0,空换,S,2430.0000,0.0000,0.0000,0.0000,0.0000,2432.0000,0.0000,0.0000,0.0000,0.0000,57,0,0,0,0,49,0,0,0,0
zc,WS209,2012-06-14 09:01:08.173,2431.0000,216504,0,0.0000,0.0000,0,0,空换,S,2430.0000,0.0000,0.0000,0.0000,0.0000,2431.0000,0.0000,0.0000,0.0000,0.0000,57,0,0,0,0,1,0,0,0,0
zc,WS209,2012-06-14 09:01:09.017,2431.0000,216502,-2,0.0000,2.0000,0,2,双平,S,2430.0000,0.0000,0.0000,0.0000,0.0000,2432.0000,0.0000,0.0000,0.0000,0.0000,57,0,0,0,0,49,0,0,0,0
zc,WS209,2012-06-14 09:01:09.533,2431.0000,216502,0,0.0000,0.0000,0,0,空换,S,2430.0000,0.0000,0.0000,0.0000,0.0000,2431.0000,0.0000,0.0000,0.0000,0.0000,57,0,0,0,0,1,0,0,0,0
zc,WS209,2012-06-14 09:01:10.300,2431.0000,216498,-4,0.0000,4.0000,0,4,双平,S,2430.0000,0.0000,0.0000,0.0000,0.0000,2432.0000,0.0000,0.0000,0.0000,0.0000,56,0,0,0,0,58,0,0,0,0
zc,WS209,2012-06-14 09:01:10.690,2431.0000,216498,0,0.0000,0.0000,0,0,空换,S,2430.0000,0.0000,0.0000,0.0000,0.0000,2432.0000,0.0000,0.0000,0.0000,0.0000,86,0,0,0,0,58,0,0,0,0
zc,WS209,2012-06-14 09:01:11.470,2431.0000,216498,0,0.0000,0.0000,0,0,空换,S,2430.0000,0.0000,0.0000,0.0000,0.0000,2432.0000,0.0000,0.0000,0.0000,0.0000,88,0,0,0,0,58,0,0,0,0
zc,WS209,2012-06-14 09:01:13.253,2431.0000,216498,0,0.0000,0.0000,0,0,空换,S,2431.0000,0.0000,0.0000,0.0000,0.0000,2432.0000,0.0000,0.0000,0.0000,0.0000,2,0,0,0,0,58,0,0,0,0
zc,WS209,2012-06-14 09:01:13.817,2431.0000,216498,0,0.0000,4.0000,2,2,空换,S,2430.0000,0.0000,0.0000,0.0000,0.0000,2431.0000,0.0000,0.0000,0.0000,0.0000,89,0,0,0,0,13,0,0,0,0
zc,WS209,2012-06-14 09:01:14.470,2430.0000,216498,0,0.0000,20.0000,10,10,空换,S,2430.0000,0.0000,0.0000,0.0000,0.0000,2431.0000,0.0000,0.0000,0.0000,0.0000,79,0,0,0,0,27,0,0,0,0
zc,WS209,2012-06-14 09:01:14.707,2431.0000,216492,-6,0.0000,46.0000,20,26,空平,B,2430.0000,0.0000,0.0000,0.0000,0.0000,2431.0000,0.0000,0.0000,0.0000,0.0000,82,0,0,0,0,14,0,0,0,0
zc,WS209,2012-06-14 09:01:15.517,2430.0000,216492,0,0.0000,4.0000,2,2,空换,S,2430.0000,0.0000,0.0000,0.0000,0.0000,2431.0000,0.0000,0.0000,0.0000,0.0000,80,0,0,0,0,11,0,0,0,0
zc,WS209,2012-06-14 09:01:16.017,2431.0000,216494,2,0.0000,2.0000,2,0,双开,B,2430.0000,0.0000,0.0000,0.0000,0.0000,2431.0000,0.0000,0.0000,0.0000,0.0000,80,0,0,0,0,34,0,0,0,0
zc,WS209,2012-06-14 09:01:16.707,2431.0000,216494,0,0.0000,0.0000,0,0,多换,B,2430.0000,0.0000,0.0000,0.0000,0.0000,2431.0000,0.0000,0.0000,0.0000,0.0000,83,0,0,0,0,34,0,0,0,0
zc,WS209,2012-06-14 09:01:18.550,2431.0000,216512,18,0.0000,22.0000,20,2,多开,B,2430.0000,0.0000,0.0000,0.0000,0.0000,2431.0000,0.0000,0.0000,0.0000,0.0000,82,0,0,0,0,23,0,0,0,0
zc,WS209,2012-06-14 09:01:20.017,2430.0000,216550,38,0.0000,40.0000,39,1,空开,S,2430.0000,0.0000,0.0000,0.0000,0.0000,2431.0000,0.0000,0.0000,0.0000,0.0000,67,0,0,0,0,23,0,0,0,0
zc,WS209,2012-06-14 09:01:21.220,2430.0000,216550,0,0.0000,0.0000,0,0,空换,S,2430.0000,0.0000,0.0000,0.0000,0.0000,2431.0000,0.0000,0.0000,0.0000,0.0000,70,0,0,0,0,23,0,0,0,0
zc,WS209,2012-06-14 09:01:21.957,2430.0000,216550,0,0.0000,0.0000,0,0,空换,S,2430.0000,0.0000,0.0000,0.0000,0.0000,2431.0000,0.0000,0.0000,0.0000,0.0000,69,0,0,0,0,24,0,0,0,0
zc,WS209,2012-06-14 09:01:22.487,2431.0000,216550,0,0.0000,2.0000,1,1,多换,B,2430.0000,0.0000,0.0000,0.0000,0.0000,2431.0000,0.0000,0.0000,0.0000,0.0000,79,0,0,0,0,23,0,0,0,0
zc,WS209,2012-06-14 09:01:22.970,2431.0000,216550,0,0.0000,6.0000,3,3,多换,B,2430.0000,0.0000,0.0000,0.0000,0.0000,2431.0000,0.0000,0.0000,0.0000,0.0000,79,0,0,0,0,20,0,0,0,0
zc,WS209,2012-06-14 09:01:26.987,2431.0000,216550,0,0.0000,0.0000,0,0,多换,B,2430.0000,0.0000,0.0000,0.0000,0.0000,2431.0000,0.0000,0.0000,0.0000,0.0000,80,0,0,0,0,20,0,0,0,0
zc,WS209,2012-06-14 09:01:29.753,2431.0000,216550,0,0.0000,0.0000,0,0,多换,B,2430.0000,0.0000,0.0000,0.0000,0.0000,2431.0000,0.0000,0.0000,0.0000,0.0000,80,0,0,0,0,30,0,0,0,0
zc,WS209,2012-06-14 09:01:31.503,2431.0000,216550,0,0.0000,0.0000,0,0,多换,B,2430.0000,0.0000,0.0000,0.0000,0.0000,2431.0000,0.0000,0.0000,0.0000,0.0000,80,0,0,0,0,31,0,0,0,0
zc,WS209,2012-06-14 09:01:32.970,2431.0000,216550,0,0.0000,0.0000,0,0,多换,B,2430.0000,0.0000,0.0000,0.0000,0.0000,2431.0000,0.0000,0.0000,0.0000,0.0000,80,0,0,0,0,32,0,0,0,0
zc,WS209,2012-06-14 09:01:35.033,2430.0000,216550,0,0.0000,8.0000,4,4,空换,S,2430.0000,0.0000,0.0000,0.0000,0.0000,2431.0000,0.0000,0.0000,0.0000,0.0000,77,0,0,0,0,33,0,0,0,0
zc,WS209,2012-06-14 09:01:35.487,2430.0000,216550,0,0.0000,0.0000,0,0,空换,S,2430.0000,0.0000,0.0000,0.0000,0.0000,2431.0000,0.0000,0.0000,0.0000,0.0000,78,0,0,0,0,33,0,0,0,0
zc,WS209,2012-06-14 09:01:36.237,2430.0000,216550,0,0.0000,0.0000,0,0,空换,S,2430.0000,0.0000,0.0000,0.0000,0.0000,2431.0000,0.0000,0.0000,0.0000,0.0000,78,0,0,0,0,34,0,0,0,0
zc,WS209,2012-06-14 09:01:39.440,2430.0000,216550,0,0.0000,4.0000,2,2,空换,S,2430.0000,0.0000,0.0000,0.0000,0.0000,2431.0000,0.0000,0.0000,0.0000,0.0000,76,0,0,0,0,16,0,0,0,0
zc,WS209,2012-06-14 09:01:39.957,2430.0000,216550,0,0.0000,0.0000,0,0,空换,S,2430.0000,0.0000,0.0000,0.0000,0.0000,2431.0000,0.0000,0.0000,0.0000,0.0000,77,0,0,0,0,16,0,0,0,0
zc,WS209,2012-06-14 09:01:40.737,2430.0000,216548,-2,0.0000,2.0000,0,2,双平,S,2430.0000,0.0000,0.0000,0.0000,0.0000,2431.0000,0.0000,0.0000,0.0000,0.0000,78,0,0,0,0,16,0,0,0,0
zc,WS209,2012-06-14 09:01:41.970,2430.0000,216548,0,0.0000,20.0000,10,10,空换,S,2430.0000,0.0000,0.0000,0.0000,0.0000,2431.0000,0.0000,0.0000,0.0000,0.0000,78,0,0,0,0,66,0,0,0,0
zc,WS209,2012-06-14 09:01:42.457,2430.0000,216546,-2,0.0000,2.0000,0,2,双平,S,2430.0000,0.0000,0.0000,0.0000,0.0000,2431.0000,0.0000,0.0000,0.0000,0.0000,77,0,0,0,0,66,0,0,0,0
zc,WS209,2012-06-14 09:01:42.970,2431.0000,216546,0,0.0000,2.0000,1,1,多换,B,2430.0000,0.0000,0.0000,0.0000,0.0000,2431.0000,0.0000,0.0000,0.0000,0.0000,77,0,0,0,0,65,0,0,0,0
zc,WS209,2012-06-14 09:01:43.457,2430.0000,216548,2,0.0000,2.0000,2,0,双开,S,2430.0000,0.0000,0.0000,0.0000,0.0000,2431.0000,0.0000,0.0000,0.0000,0.0000,73,0,0,0,0,65,0,0,0,0
zc,WS209,2012-06-14 09:01:44.657,2431.0000,216550,2,0.0000,2.0000,2,0,双开,B,2430.0000,0.0000,0.0000,0.0000,0.0000,2431.0000,0.0000,0.0000,0.0000,0.0000,73,0,0,0,0,64,0,0,0,0
zc,WS209,2012-06-14 09:01:48.457,2431.0000,216530,-20,0.0000,20.0000,0,20,双平,B,2430.0000,0.0000,0.0000,0.0000,0.0000,2431.0000,0.0000,0.0000,0.0000,0.0000,74,0,0,0,0,54,0,0,0,0
zc,WS209,2012-06-14 09:01:49.690,2431.0000,216532,2,0.0000,4.0000,3,1,多开,B,2430.0000,0.0000,0.0000,0.0000,0.0000,2431.0000,0.0000,0.0000,0.0000,0.0000,74,0,0,0,0,52,0,0,0,0
zc,WS209,2012-06-14 09:01:50.987,2431.0000,216532,0,0.0000,0.0000,0,0,多换,B,2430.0000,0.0000,0.0000,0.0000,0.0000,2431.0000,0.0000,0.0000,0.0000,0.0000,75,0,0,0,0,52,0,0,0,0
zc,WS209,2012-06-14 09:01:51.440,2430.0000,216534,2,0.0000,2.0000,2,0,双开,S,2430.0000,0.0000,0.0000,0.0000,0.0000,2431.0000,0.0000,0.0000,0.0000,0.0000,74,0,0,0,0,58,0,0,0,0
zc,WS209,2012-06-14 09:01:51.940,2430.0000,216534,0,0.0000,0.0000,0,0,空换,S,2430.0000,0.0000,0.0000,0.0000,0.0000,2431.0000,0.0000,0.0000,0.0000,0.0000,84,0,0,0,0,58,0,0,0,0
zc,WS209,2012-06-14 09:01:54.940,2430.0000,216534,0,0.0000,0.0000,0,0,空换,S,2430.0000,0.0000,0.0000,0.0000,0.0000,2431.0000,0.0000,0.0000,0.0000,0.0000,85,0,0,0,0,58,0,0,0,0
zc,WS209,2012-06-14 09:01:55.470,2430.0000,216534,0,0.0000,0.0000,0,0,空换,S,2430.0000,0.0000,0.0000,0.0000,0.0000,2431.0000,0.0000,0.0000,0.0000,0.0000,85,0,0,0,0,59,0,0,0,0
zc,WS209,2012-06-14 09:01:56.720,2430.0000,216534,0,0.0000,0.0000,0,0,空换,S,2430.0000,0.0000,0.0000,0.0000,0.0000,2431.0000,0.0000,0.0000,0.0000,0.0000,85,0,0,0,0,60,0,0,0,0
zc,WS209,2012-06-14 09:01:58.503,2430.0000,216534,0,0.0000,0.0000,0,0,空换,S,2430.0000,0.0000,0.0000,0.0000,0.0000,2431.0000,0.0000,0.0000,0.0000,0.0000,85,0,0,0,0,61,0,0,0,0
zc,WS209,2012-06-14 09:01:59.737,2430.0000,216534,0,0.0000,0.0000,0,0,空换,S,2430.0000,0.0000,0.0000,0.0000,0.0000,2431.0000,0.0000,0.0000,0.0000,0.0000,84,0,0,0,0,61,0,0,0,0
zc,WS209,2012-06-14 09:02:00.487,2430.0000,216534,0,0.0000,0.0000,0,0,空换,S,2430.0000,0.0000,0.0000,0.0000,0.0000,2431.0000,0.0000,0.0000,0.0000,0.0000,85,0,0,0,0,61,0,0,0,0
zc,WS209,2012-06-14 09:02:01.017,2431.0000,216538,4,0.0000,14.0000,9,5,多开,B,2430.0000,0.0000,0.0000,0.0000,0.0000,2431.0000,0.0000,0.0000,0.0000,0.0000,84,0,0,0,0,65,0,0,0,0
zc,WS209,2012-06-14 09:02:01.800,2431.0000,216538,0,0.0000,0.0000,0,0,多换,B,2430.0000,0.0000,0.0000,0.0000,0.0000,2431.0000,0.0000,0.0000,0.0000,0.0000,83,0,0,0,0,65,0,0,0,0
zc,WS209,2012-06-14 09:02:06.567,2431.0000,216538,0,0.0000,0.0000,0,0,多换,B,2430.0000,0.0000,0.0000,0.0000,0.0000,2431.0000,0.0000,0.0000,0.0000,0.0000,84,0,0,0,0,65,0,0,0,0
zc,WS209,2012-06-14 09:02:08.440,2431.0000,216538,0,0.0000,4.0000,2,2,多换,B,2430.0000,0.0000,0.0000,0.0000,0.0000,2431.0000,0.0000,0.0000,0.0000,0.0000,84,0,0,0,0,63,0,0,0,0
zc,WS209,2012-06-14 09:02:09.707,2431.0000,216538,0,0.0000,10.0000,5,5,多换,B,2430.0000,0.0000,0.0000,0.0000,0.0000,2431.0000,0.0000,0.0000,0.0000,0.0000,84,0,0,0,0,58,0,0,0,0
zc,WS209,2012-06-14 09:02:10.207,2431.0000,216538,0,0.0000,0.0000,0,0,多换,B,2430.0000,0.0000,0.0000,0.0000,0.0000,2431.0000,0.0000,0.0000,0.0000,0.0000,88,0,0,0,0,58,0,0,0,0
zc,WS209,2012-06-14 09:02:11.517,2431.0000,216538,0,0.0000,2.0000,1,1,多换,B,2430.0000,0.0000,0.0000,0.0000,0.0000,2431.0000,0.0000,0.0000,0.0000,0.0000,88,0,0,0,0,57,0,0,0,0
zc,WS209,2012-06-14 09:02:12.207,2431.0000,216538,0,0.0000,0.0000,0,0,多换,B,2430.0000,0.0000,0.0000,0.0000,0.0000,2431.0000,0.0000,0.0000,0.0000,0.0000,89,0,0,0,0,57,0,0,0,0
zc,WS209,2012-06-14 09:02:15.567,2431.0000,216538,0,0.0000,0.0000,0,0,多换,B,2430.0000,0.0000,0.0000,0.0000,0.0000,2431.0000,0.0000,0.0000,0.0000,0.0000,90,0,0,0,0,57,0,0,0,0
zc,WS209,2012-06-14 09:02:16.737,2431.0000,216478,-60,0.0000,60.0000,0,60,双平,B,2430.0000,0.0000,0.0000,0.0000,0.0000,2431.0000,0.0000,0.0000,0.0000,0.0000,90,0,0,0,0,27,0,0,0,0
zc,WS209,2012-06-14 09:02:17.517,2431.0000,216476,-2,0.0000,38.0000,18,20,空平,B,2430.0000,0.0000,0.0000,0.0000,0.0000,2431.0000,0.0000,0.0000,0.0000,0.0000,81,0,0,0,0,26,0,0,0,0
zc,WS209,2012-06-14 09:02:17.970,2431.0000,216466,-10,0.0000,10.0000,0,10,双平,B,2430.0000,0.0000,0.0000,0.0000,0.0000,2431.0000,0.0000,0.0000,0.0000,0.0000,81,0,0,0,0,21,0,0,0,0
zc,WS209,2012-06-14 09:02:18.720,2431.0000,216466,0,0.0000,0.0000,0,0,多换,B,2430.0000,0.0000,0.0000,0.0000,0.0000,2431.0000,0.0000,0.0000,0.0000,0.0000,81,0,0,0,0,20,0,0,0,0
zc,WS209,2012-06-14 09:02:19.190,2431.0000,216470,4,0.0000,6.0000,5,1,多开,B,2430.0000,0.0000,0.0000,0.0000,0.0000,2431.0000,0.0000,0.0000,0.0000,0.0000,81,0,0,0,0,17,0,0,0,0
zc,WS209,2012-06-14 09:02:19.970,2431.0000,216470,0,0.0000,2.0000,1,1,多换,B,2430.0000,0.0000,0.0000,0.0000,0.0000,2431.0000,0.0000,0.0000,0.0000,0.0000,81,0,0,0,0,16,0,0,0,0
zc,WS209,2012-06-14 09:02:20.283,2431.0000,216472,2,0.0000,2.0000,2,0,双开,B,2430.0000,0.0000,0.0000,0.0000,0.0000,2431.0000,0.0000,0.0000,0.0000,0.0000,81,0,0,0,0,16,0,0,0,0
zc,WS209,2012-06-14 09:02:21.267,2431.0000,216472,0,0.0000,0.0000,0,0,多换,B,2430.0000,0.0000,0.0000,0.0000,0.0000,2431.0000,0.0000,0.0000,0.0000,0.0000,86,0,0,0,0,16,0,0,0,0
zc,WS209,2012-06-14 09:02:21.470,2431.0000,216472,0,0.0000,0.0000,0,0,多换,B,2430.0000,0.0000,0.0000,0.0000,0.0000,2431.0000,0.0000,0.0000,0.0000,0.0000,90,0,0,0,0,16,0,0,0,0
zc,WS209,2012-06-14 09:02:22.220,2431.0000,216472,0,0.0000,2.0000,1,1,多换,B,2430.0000,0.0000,0.0000,0.0000,0.0000,2431.0000,0.0000,0.0000,0.0000,0.0000,90,0,0,0,0,20,0,0,0,0
zc,WS209,2012-06-14 09:02:22.987,2431.0000,216474,2,0.0000,12.0000,7,5,多开,B,2430.0000,0.0000,0.0000,0.0000,0.0000,2431.0000,0.0000,0.0000,0.0000,0.0000,90,0,0,0,0,14,0,0,0,0
zc,WS209,2012-06-14 09:02:23.440,2431.0000,216474,0,0.0000,2.0000,1,1,多换,B,2430.0000,0.0000,0.0000,0.0000,0.0000,2431.0000,0.0000,0.0000,0.0000,0.0000,90,0,0,0,0,13,0,0,0,0
zc,WS209,2012-06-14 09:02:24.767,2431.0000,216474,0,0.0000,8.0000,4,4,多换,B,2430.0000,0.0000,0.0000,0.0000,0.0000,2431.0000,0.0000,0.0000,0.0000,0.0000,90,0,0,0,0,9,0,0,0,0
zc,WS209,2012-06-14 09:02:25.503,2431.0000,216470,-4,0.0000,4.0000,0,4,双平,B,2430.0000,0.0000,0.0000,0.0000,0.0000,2431.0000,0.0000,0.0000,0.0000,0.0000,90,0,0,0,0,9,0,0,0,0
zc,WS209,2012-06-14 09:02:25.987,2431.0000,216468,-2,0.0000,2.0000,0,2,双平,B,2430.0000,0.0000,0.0000,0.0000,0.0000,2431.0000,0.0000,0.0000,0.0000,0.0000,94,0,0,0,0,6,0,0,0,0
zc,WS209,2012-06-14 09:02:26.783,2431.0000,216466,-2,0.0000,14.0000,6,8,空平,B,2431.0000,0.0000,0.0000,0.0000,0.0000,2432.0000,0.0000,0.0000,0.0000,0.0000,24,0,0,0,0,32,0,0,0,0
zc,WS209,2012-06-14 09:02:27.220,2431.0000,216466,0,0.0000,0.0000,0,0,多换,B,2431.0000,0.0000,0.0000,0.0000,0.0000,2432.0000,0.0000,0.0000,0.0000,0.0000,31,0,0,0,0,32,0,0,0,0
zc,WS209,2012-06-14 09:02:29.267,2431.0000,216464,-2,0.0000,2.0000,0,2,双平,B,2431.0000,0.0000,0.0000,0.0000,0.0000,2432.0000,0.0000,0.0000,0.0000,0.0000,32,0,0,0,0,33,0,0,0,0
zc,WS209,2012-06-14 09:02:31.673,2431.0000,216464,0,0.0000,0.0000,0,0,多换,B,2431.0000,0.0000,0.0000,0.0000,0.0000,2432.0000,0.0000,0.0000,0.0000,0.0000,32,0,0,0,0,35,0,0,0,0
zc,WS209,2012-06-14 09:02:32.987,2431.0000,216464,0,0.0000,0.0000,0,0,多换,B,2431.0000,0.0000,0.0000,0.0000,0.0000,2432.0000,0.0000,0.0000,0.0000,0.0000,38,0,0,0,0,35,0,0,0,0
zc,WS209,2012-06-14 09:02:35.173,2431.0000,216464,0,0.0000,0.0000,0,0,多换,B,2431.0000,0.0000,0.0000,0.0000,0.0000,2432.0000,0.0000,0.0000,0.0000,0.0000,36,0,0,0,0,35,0,0,0,0
zc,WS209,2012-06-14 09:02:37.720,2431.0000,216464,0,0.0000,0.0000,0,0,多换,B,2431.0000,0.0000,0.0000,0.0000,0.0000,2432.0000,0.0000,0.0000,0.0000,0.0000,36,0,0,0,0,55,0,0,0,0
zc,WS209,2012-06-14 09:02:38.517,2431.0000,216464,0,0.0000,0.0000,0,0,多换,B,2431.0000,0.0000,0.0000,0.0000,0.0000,2432.0000,0.0000,0.0000,0.0000,0.0000,37,0,0,0,0,55,0,0,0,0
zc,WS209,2012-06-14 09:02:38.957,2431.0000,216460,-4,0.0000,4.0000,0,4,双平,B,2431.0000,0.0000,0.0000,0.0000,0.0000,2432.0000,0.0000,0.0000,0.0000,0.0000,35,0,0,0,0,63,0,0,0,0
zc,WS209,2012-06-14 09:02:40.707,2431.0000,216460,0,0.0000,0.0000,0,0,多换,B,2431.0000,0.0000,0.0000,0.0000,0.0000,2432.0000,0.0000,0.0000,0.0000,0.0000,45,0,0,0,0,52,0,0,0,0
zc,WS209,2012-06-14 09:02:41.893,2431.0000,216460,0,0.0000,0.0000,0,0,多换,B,2431.0000,0.0000,0.0000,0.0000,0.0000,2432.0000,0.0000,0.0000,0.0000,0.0000,44,0,0,0,0,52,0,0,0,0
zc,WS209,2012-06-14 09:02:49.207,2431.0000,216460,0,0.0000,20.0000,10,10,多换,B,2431.0000,0.0000,0.0000,0.0000,0.0000,2432.0000,0.0000,0.0000,0.0000,0.0000,34,0,0,0,0,52,0,0,0,0
zc,WS209,2012-06-14 09:02:50.690,2431.0000,216460,0,0.0000,0.0000,0,0,多换,B,2431.0000,0.0000,0.0000,0.0000,0.0000,2432.0000,0.0000,0.0000,0.0000,0.0000,35,0,0,0,0,52,0,0,0,0
zc,WS209,2012-06-14 09:02:53.173,2431.0000,216460,0,0.0000,0.0000,0,0,多换,B,2431.0000,0.0000,0.0000,0.0000,0.0000,2432.0000,0.0000,0.0000,0.0000,0.0000,36,0,0,0,0,52,0,0,0,0
zc,WS209,2012-06-14 09:02:53.970,2431.0000,216456,-4,0.0000,4.0000,0,4,双平,B,2431.0000,0.0000,0.0000,0.0000,0.0000,2432.0000,0.0000,0.0000,0.0000,0.0000,34,0,0,0,0,52,0,0,0,0
zc,WS209,2012-06-14 09:02:56.190,2431.0000,216456,0,0.0000,0.0000,0,0,多换,B,2431.0000,0.0000,0.0000,0.0000,0.0000,2432.0000,0.0000,0.0000,0.0000,0.0000,35,0,0,0,0,52,0,0,0,0
zc,WS209,2012-06-14 09:02:56.940,2431.0000,216454,-2,0.0000,2.0000,0,2,双平,B,2431.0000,0.0000,0.0000,0.0000,0.0000,2432.0000,0.0000,0.0000,0.0000,0.0000,29,0,0,0,0,52,0,0,0,0
zc,WS209,2012-06-14 09:02:57.440,2432.0000,216454,0,0.0000,20.0000,10,10,多换,B,2431.0000,0.0000,0.0000,0.0000,0.0000,2432.0000,0.0000,0.0000,0.0000,0.0000,19,0,0,0,0,42,0,0,0,0
zc,WS209,2012-06-14 09:02:58.190,2432.0000,216454,0,0.0000,4.0000,2,2,多换,B,2431.0000,0.0000,0.0000,0.0000,0.0000,2432.0000,0.0000,0.0000,0.0000,0.0000,24,0,0,0,0,40,0,0,0,0
zc,WS209,2012-06-14 09:03:00.470,2432.0000,216454,0,0.0000,0.0000,0,0,多换,B,2431.0000,0.0000,0.0000,0.0000,0.0000,2432.0000,0.0000,0.0000,0.0000,0.0000,24,0,0,0,0,51,0,0,0,0
zc,WS209,2012-06-14 09:03:00.957,2431.0000,216452,-2,0.0000,2.0000,0,2,双平,S,2431.0000,0.0000,0.0000,0.0000,0.0000,2432.0000,0.0000,0.0000,0.0000,0.0000,23,0,0,0,0,50,0,0,0,0
zc,WS209,2012-06-14 09:03:01.707,2431.0000,216438,-14,0.0000,22.0000,4,18,多平,S,2431.0000,0.0000,0.0000,0.0000,0.0000,2432.0000,0.0000,0.0000,0.0000,0.0000,12,0,0,0,0,50,0,0,0,0
zc,WS209,2012-06-14 09:03:02.907,2431.0000,216436,-2,0.0000,12.0000,5,7,多平,S,2431.0000,0.0000,0.0000,0.0000,0.0000,2432.0000,0.0000,0.0000,0.0000,0.0000,6,0,0,0,0,44,0,0,0,0
zc,WS209,2012-06-14 09:03:04.470,2431.0000,216436,0,0.0000,2.0000,1,1,空换,S,2431.0000,0.0000,0.0000,0.0000,0.0000,2432.0000,0.0000,0.0000,0.0000,0.0000,5,0,0,0,0,44,0,0,0,0
zc,WS209,2012-06-14 09:03:04.957,2431.0000,216438,2,0.0000,10.0000,6,4,空开,S,2430.0000,0.0000,0.0000,0.0000,0.0000,2432.0000,0.0000,0.0000,0.0000,0.0000,968,0,0,0,0,59,0,0,0,0
zc,WS209,2012-06-14 09:03:05.720,2431.0000,216438,0,0.0000,0.0000,0,0,空换,S,2431.0000,0.0000,0.0000,0.0000,0.0000,2432.0000,0.0000,0.0000,0.0000,0.0000,1,0,0,0,0,59,0,0,0,0
zc,WS209,2012-06-14 09:03:06.207,2431.0000,216438,0,0.0000,2.0000,1,1,空换,S,2430.0000,0.0000,0.0000,0.0000,0.0000,2432.0000,0.0000,0.0000,0.0000,0.0000,968,0,0,0,0,59,0,0,0,0
zc,WS209,2012-06-14 09:03:07.423,2431.0000,216438,0,0.0000,0.0000,0,0,空换,S,2430.0000,0.0000,0.0000,0.0000,0.0000,2431.0000,0.0000,0.0000,0.0000,0.0000,969,0,0,0,0,1,0,0,0,0
zc,WS209,2012-06-14 09:03:08.720,2431.0000,216438,0,0.0000,0.0000,0,0,空换,S,2430.0000,0.0000,0.0000,0.0000,0.0000,2431.0000,0.0000,0.0000,0.0000,0.0000,969,0,0,0,0,2,0,0,0,0
zc,WS209,2012-06-14 09:03:10.003,2431.0000,216438,0,0.0000,2.0000,1,1,空换,S,2430.0000,0.0000,0.0000,0.0000,0.0000,2431.0000,0.0000,0.0000,0.0000,0.0000,968,0,0,0,0,2,0,0,0,0
zc,WS209,2012-06-14 09:03:10.957,2431.0000,216440,2,0.0000,2.0000,2,0,双开,S,2430.0000,0.0000,0.0000,0.0000,0.0000,2431.0000,0.0000,0.0000,0.0000,0.0000,968,0,0,0,0,1,0,0,0,0
zc,WS209,2012-06-14 09:03:11.457,2430.0000,216438,-2,0.0000,2.0000,0,2,双平,S,2430.0000,0.0000,0.0000,0.0000,0.0000,2431.0000,0.0000,0.0000,0.0000,0.0000,967,0,0,0,0,1,0,0,0,0
zc,WS209,2012-06-14 09:03:12.673,2431.0000,216438,0,0.0000,2.0000,1,1,多换,B,2431.0000,0.0000,0.0000,0.0000,0.0000,2432.0000,0.0000,0.0000,0.0000,0.0000,9,0,0,0,0,60,0,0,0,0
zc,WS209,2012-06-14 09:03:13.207,2431.0000,216438,0,0.0000,0.0000,0,0,多换,B,2431.0000,0.0000,0.0000,0.0000,0.0000,2432.0000,0.0000,0.0000,0.0000,0.0000,9,0,0,0,0,58,0,0,0,0
zc,WS209,2012-06-14 09:03:13.970,2431.0000,216438,0,0.0000,0.0000,0,0,多换,B,2431.0000,0.0000,0.0000,0.0000,0.0000,2432.0000,0.0000,0.0000,0.0000,0.0000,9,0,0,0,0,62,0,0,0,0
zc,WS209,2012-06-14 09:03:15.457,2431.0000,216460,22,0.0000,22.0000,22,0,双开,B,2431.0000,0.0000,0.0000,0.0000,0.0000,2432.0000,0.0000,0.0000,0.0000,0.0000,1,0,0,0,0,51,0,0,0,0
zc,WS209,2012-06-14 09:03:16.190,2431.0000,216462,2,0.0000,2.0000,2,0,双开,B,2431.0000,0.0000,0.0000,0.0000,0.0000,2432.0000,0.0000,0.0000,0.0000,0.0000,1,0,0,0,0,51,0,0,0,0
zc,WS209,2012-06-14 09:03:16.767,2431.0000,216462,0,0.0000,0.0000,0,0,多换,B,2431.0000,0.0000,0.0000,0.0000,0.0000,2432.0000,0.0000,0.0000,0.0000,0.0000,1,0,0,0,0,50,0,0,0,0
zc,WS209,2012-06-14 09:03:17.940,2431.0000,216464,2,0.0000,2.0000,2,0,双开,B,2430.0000,0.0000,0.0000,0.0000,0.0000,2432.0000,0.0000,0.0000,0.0000,0.0000,967,0,0,0,0,49,0,0,0,0
zc,WS209,2012-06-14 09:03:19.457,2431.0000,216464,0,0.0000,0.0000,0,0,多换,B,2430.0000,0.0000,0.0000,0.0000,0.0000,2432.0000,0.0000,0.0000,0.0000,0.0000,967,0,0,0,0,50,0,0,0,0
zc,WS209,2012-06-14 09:03:20.673,2431.0000,216464,0,0.0000,2.0000,1,1,多换,B,2430.0000,0.0000,0.0000,0.0000,0.0000,2432.0000,0.0000,0.0000,0.0000,0.0000,967,0,0,0,0,50,0,0,0,0
zc,WS209,2012-06-14 09:03:21.173,2431.0000,216464,0,0.0000,0.0000,0,0,多换,B,2431.0000,0.0000,0.0000,0.0000,0.0000,2432.0000,0.0000,0.0000,0.0000,0.0000,11,0,0,0,0,50,0,0,0,0
zc,WS209,2012-06-14 09:03:23.220,2431.0000,216464,0,0.0000,0.0000,0,0,多换,B,2431.0000,0.0000,0.0000,0.0000,0.0000,2432.0000,0.0000,0.0000,0.0000,0.0000,11,0,0,0,0,65,0,0,0,0
zc,WS209,2012-06-14 09:03:24.300,2431.0000,216464,0,0.0000,0.0000,0,0,多换,B,2431.0000,0.0000,0.0000,0.0000,0.0000,2432.0000,0.0000,0.0000,0.0000,0.0000,12,0,0,0,0,65,0,0,0,0
zc,WS209,2012-06-14 09:03:24.737,2431.0000,216464,0,0.0000,0.0000,0,0,多换,B,2431.0000,0.0000,0.0000,0.0000,0.0000,2432.0000,0.0000,0.0000,0.0000,0.0000,23,0,0,0,0,65,0,0,0,0
zc,WS209,2012-06-14 09:03:25.457,2431.0000,216464,0,0.0000,0.0000,0,0,多换,B,2431.0000,0.0000,0.0000,0.0000,0.0000,2432.0000,0.0000,0.0000,0.0000,0.0000,24,0,0,0,0,65,0,0,0,0
zc,WS209,2012-06-14 09:03:27.190,2431.0000,216464,0,0.0000,2.0000,1,1,多换,B,2431.0000,0.0000,0.0000,0.0000,0.0000,2432.0000,0.0000,0.0000,0.0000,0.0000,28,0,0,0,0,58,0,0,0,0
zc,WS209,2012-06-14 09:03:27.753,2431.0000,216464,0,0.0000,0.0000,0,0,多换,B,2431.0000,0.0000,0.0000,0.0000,0.0000,2432.0000,0.0000,0.0000,0.0000,0.0000,27,0,0,0,0,58,0,0,0,0
zc,WS209,2012-06-14 09:03:30.893,2431.0000,216464,0,0.0000,0.0000,0,0,多换,B,2431.0000,0.0000,0.0000,0.0000,0.0000,2432.0000,0.0000,0.0000,0.0000,0.0000,27,0,0,0,0,43,0,0,0,0
zc,WS209,2012-06-14 09:03:31.987,2431.0000,216464,0,0.0000,0.0000,0,0,多换,B,2431.0000,0.0000,0.0000,0.0000,0.0000,2432.0000,0.0000,0.0000,0.0000,0.0000,35,0,0,0,0,43,0,0,0,0
zc,WS209,2012-06-14 09:03:32.487,2432.0000,216464,0,0.0000,2.0000,1,1,多换,B,2431.0000,0.0000,0.0000,0.0000,0.0000,2432.0000,0.0000,0.0000,0.0000,0.0000,35,0,0,0,0,42,0,0,0,0
zc,WS209,2012-06-14 09:03:33.207,2432.0000,216444,-20,0.0000,20.0000,0,20,双平,B,2431.0000,0.0000,0.0000,0.0000,0.0000,2432.0000,0.0000,0.0000,0.0000,0.0000,60,0,0,0,0,32,0,0,0,0
zc,WS209,2012-06-14 09:03:35.517,2432.0000,216444,0,0.0000,4.0000,2,2,多换,B,2431.0000,0.0000,0.0000,0.0000,0.0000,2432.0000,0.0000,0.0000,0.0000,0.0000,59,0,0,0,0,30,0,0,0,0
zc,WS209,2012-06-14 09:03:36.440,2432.0000,216444,0,0.0000,0.0000,0,0,多换,B,2431.0000,0.0000,0.0000,0.0000,0.0000,2432.0000,0.0000,0.0000,0.0000,0.0000,60,0,0,0,0,30,0,0,0,0
zc,WS209,2012-06-14 09:03:37.190,2432.0000,216444,0,0.0000,0.0000,0,0,多换,B,2431.0000,0.0000,0.0000,0.0000,0.0000,2432.0000,0.0000,0.0000,0.0000,0.0000,49,0,0,0,0,30,0,0,0,0
zc,WS209,2012-06-14 09:03:37.707,2432.0000,216446,2,0.0000,6.0000,4,2,多开,B,2431.0000,0.0000,0.0000,0.0000,0.0000,2432.0000,0.0000,0.0000,0.0000,0.0000,49,0,0,0,0,27,0,0,0,0
zc,WS209,2012-06-14 09:03:38.487,2432.0000,216446,0,0.0000,2.0000,1,1,多换,B,2431.0000,0.0000,0.0000,0.0000,0.0000,2432.0000,0.0000,0.0000,0.0000,0.0000,49,0,0,0,0,26,0,0,0,0
zc,WS209,2012-06-14 09:03:38.970,2432.0000,216448,2,0.0000,52.0000,27,25,多开,B,2431.0000,0.0000,0.0000,0.0000,0.0000,2433.0000,0.0000,0.0000,0.0000,0.0000,53,0,0,0,0,14,0,0,0,0
zc,WS209,2012-06-14 09:03:39.707,2431.0000,216450,2,0.0000,2.0000,2,0,双开,S,2431.0000,0.0000,0.0000,0.0000,0.0000,2433.0000,0.0000,0.0000,0.0000,0.0000,52,0,0,0,0,15,0,0,0,0
zc,WS209,2012-06-14 09:03:40.237,2431.0000,216450,0,0.0000,0.0000,0,0,空换,S,2432.0000,0.0000,0.0000,0.0000,0.0000,2433.0000,0.0000,0.0000,0.0000,0.0000,5,0,0,0,0,16,0,0,0,0
zc,WS209,2012-06-14 09:03:40.923,2431.0000,216450,0,0.0000,0.0000,0,0,空换,S,2432.0000,0.0000,0.0000,0.0000,0.0000,2433.0000,0.0000,0.0000,0.0000,0.0000,6,0,0,0,0,16,0,0,0,0
zc,WS209,2012-06-14 09:03:41.767,2431.0000,216450,0,0.0000,0.0000,0,0,空换,S,2432.0000,0.0000,0.0000,0.0000,0.0000,2433.0000,0.0000,0.0000,0.0000,0.0000,20,0,0,0,0,16,0,0,0,0
zc,WS209,2012-06-14 09:03:41.923,2433.0000,216452,2,0.0000,2.0000,2,0,双开,B,2432.0000,0.0000,0.0000,0.0000,0.0000,2433.0000,0.0000,0.0000,0.0000,0.0000,20,0,0,0,0,15,0,0,0,0
zc,WS209,2012-06-14 09:03:42.657,2433.0000,216452,0,0.0000,0.0000,0,0,多换,B,2432.0000,0.0000,0.0000,0.0000,0.0000,2433.0000,0.0000,0.0000,0.0000,0.0000,14,0,0,0,0,22,0,0,0,0
zc,WS209,2012-06-14 09:03:43.207,2432.0000,216452,0,0.0000,2.0000,1,1,空换,S,2432.0000,0.0000,0.0000,0.0000,0.0000,2433.0000,0.0000,0.0000,0.0000,0.0000,13,0,0,0,0,22,0,0,0,0
zc,WS209,2012-06-14 09:03:43.970,2432.0000,216452,0,0.0000,0.0000,0,0,空换,S,2432.0000,0.0000,0.0000,0.0000,0.0000,2433.0000,0.0000,0.0000,0.0000,0.0000,13,0,0,0,0,21,0,0,0,0
zc,WS209,2012-06-14 09:03:47.253,2432.0000,216454,2,0.0000,2.0000,2,0,双开,S,2432.0000,0.0000,0.0000,0.0000,0.0000,2433.0000,0.0000,0.0000,0.0000,0.0000,12,0,0,0,0,21,0,0,0,0
zc,WS209,2012-06-14 09:03:47.737,2432.0000,216456,2,0.0000,2.0000,2,0,双开,S,2432.0000,0.0000,0.0000,0.0000,0.0000,2433.0000,0.0000,0.0000,0.0000,0.0000,11,0,0,0,0,21,0,0,0,0
zc,WS209,2012-06-14 09:03:49.017,2432.0000,216456,0,0.0000,0.0000,0,0,空换,S,2432.0000,0.0000,0.0000,0.0000,0.0000,2433.0000,0.0000,0.0000,0.0000,0.0000,11,0,0,0,0,22,0,0,0,0
zc,WS209,2012-06-14 09:03:49.487,2432.0000,216454,-2,0.0000,22.0000,10,12,多平,S,2431.0000,0.0000,0.0000,0.0000,0.0000,2432.0000,0.0000,0.0000,0.0000,0.0000,89,0,0,0,0,4,0,0,0,0
zc,WS209,2012-06-14 09:03:50.253,2432.0000,216452,-2,0.0000,4.0000,1,3,多平,S,2431.0000,0.0000,0.0000,0.0000,0.0000,2432.0000,0.0000,0.0000,0.0000,0.0000,89,0,0,0,0,2,0,0,0,0
zc,WS209,2012-06-14 09:03:52.267,2432.0000,216452,0,0.0000,2.0000,1,1,空换,S,2431.0000,0.0000,0.0000,0.0000,0.0000,2432.0000,0.0000,0.0000,0.0000,0.0000,89,0,0,0,0,1,0,0,0,0
zc,WS209,2012-06-14 09:03:52.440,2432.0000,216452,0,0.0000,2.0000,1,1,空换,S,2431.0000,0.0000,0.0000,0.0000,0.0000,2432.0000,0.0000,0.0000,0.0000,0.0000,89,0,0,0,0,4,0,0,0,0
zc,WS209,2012-06-14 09:03:53.253,2432.0000,216454,2,0.0000,2.0000,2,0,双开,S,2431.0000,0.0000,0.0000,0.0000,0.0000,2432.0000,0.0000,0.0000,0.0000,0.0000,89,0,0,0,0,3,0,0,0,0
zc,WS209,2012-06-14 09:03:53.707,2432.0000,216454,0,0.0000,0.0000,0,0,空换,S,2431.0000,0.0000,0.0000,0.0000,0.0000,2432.0000,0.0000,0.0000,0.0000,0.0000,89,0,0,0,0,4,0,0,0,0
zc,WS209,2012-06-14 09:03:56.267,2432.0000,216454,0,0.0000,0.0000,0,0,空换,S,2431.0000,0.0000,0.0000,0.0000,0.0000,2432.0000,0.0000,0.0000,0.0000,0.0000,91,0,0,0,0,5,0,0,0,0
zc,WS209,2012-06-14 09:03:57.517,2432.0000,216456,2,0.0000,2.0000,2,0,双开,S,2431.0000,0.0000,0.0000,0.0000,0.0000,2432.0000,0.0000,0.0000,0.0000,0.0000,93,0,0,0,0,4,0,0,0,0
zc,WS209,2012-06-14 09:03:59.580,2432.0000,216458,2,0.0000,2.0000,2,0,双开,S,2431.0000,0.0000,0.0000,0.0000,0.0000,2432.0000,0.0000,0.0000,0.0000,0.0000,92,0,0,0,0,3,0,0,0,0
zc,WS209,2012-06-14 09:04:00.003,2432.0000,216460,2,0.0000,22.0000,12,10,空开,S,2431.0000,0.0000,0.0000,0.0000,0.0000,2432.0000,0.0000,0.0000,0.0000,0.0000,82,0,0,0,0,2,0,0,0,0
zc,WS209,2012-06-14 09:04:00.690,2432.0000,216460,0,0.0000,0.0000,0,0,空换,S,2431.0000,0.0000,0.0000,0.0000,0.0000,2432.0000,0.0000,0.0000,0.0000,0.0000,92,0,0,0,0,3,0,0,0,0
zc,WS209,2012-06-14 09:04:04.033,2432.0000,216462,2,0.0000,2.0000,2,0,双开,S,2431.0000,0.0000,0.0000,0.0000,0.0000,2432.0000,0.0000,0.0000,0.0000,0.0000,92,0,0,0,0,2,0,0,0,0
zc,WS209,2012-06-14 09:04:07.567,2432.0000,216466,4,0.0000,4.0000,4,0,双开,S,2432.0000,0.0000,0.0000,0.0000,0.0000,2433.0000,0.0000,0.0000,0.0000,0.0000,7,0,0,0,0,22,0,0,0,0
zc,WS209,2012-06-14 09:04:09.753,2432.0000,216466,0,0.0000,4.0000,2,2,空换,S,2432.0000,0.0000,0.0000,0.0000,0.0000,2433.0000,0.0000,0.0000,0.0000,0.0000,8,0,0,0,0,22,0,0,0,0
zc,WS209,2012-06-14 09:04:10.487,2432.0000,216466,0,0.0000,2.0000,1,1,空换,S,2432.0000,0.0000,0.0000,0.0000,0.0000,2433.0000,0.0000,0.0000,0.0000,0.0000,7,0,0,0,0,22,0,0,0,0
zc,WS209,2012-06-14 09:04:11.067,2433.0000,216468,2,0.0000,2.0000,2,0,双开,B,2432.0000,0.0000,0.0000,0.0000,0.0000,2433.0000,0.0000,0.0000,0.0000,0.0000,7,0,0,0,0,23,0,0,0,0
zc,WS209,2012-06-14 09:04:11.817,2433.0000,216468,0,0.0000,0.0000,0,0,多换,B,2432.0000,0.0000,0.0000,0.0000,0.0000,2433.0000,0.0000,0.0000,0.0000,0.0000,8,0,0,0,0,23,0,0,0,0
zc,WS209,2012-06-14 09:04:13.300,2433.0000,216468,0,0.0000,0.0000,0,0,多换,B,2432.0000,0.0000,0.0000,0.0000,0.0000,2433.0000,0.0000,0.0000,0.0000,0.0000,8,0,0,0,0,16,0,0,0,0
zc,WS209,2012-06-14 09:04:15.767,2433.0000,216468,0,0.0000,0.0000,0,0,多换,B,2432.0000,0.0000,0.0000,0.0000,0.0000,2433.0000,0.0000,0.0000,0.0000,0.0000,9,0,0,0,0,16,0,0,0,0
zc,WS209,2012-06-14 09:04:16.957,2433.0000,216468,0,0.0000,0.0000,0,0,多换,B,2432.0000,0.0000,0.0000,0.0000,0.0000,2433.0000,0.0000,0.0000,0.0000,0.0000,12,0,0,0,0,24,0,0,0,0
zc,WS209,2012-06-14 09:04:17.457,2433.0000,216468,0,0.0000,0.0000,0,0,多换,B,2432.0000,0.0000,0.0000,0.0000,0.0000,2433.0000,0.0000,0.0000,0.0000,0.0000,14,0,0,0,0,25,0,0,0,0
zc,WS209,2012-06-14 09:04:18.207,2433.0000,216468,0,0.0000,0.0000,0,0,多换,B,2432.0000,0.0000,0.0000,0.0000,0.0000,2433.0000,0.0000,0.0000,0.0000,0.0000,14,0,0,0,0,26,0,0,0,0
zc,WS209,2012-06-14 09:04:18.783,2433.0000,216468,0,0.0000,0.0000,0,0,多换,B,2432.0000,0.0000,0.0000,0.0000,0.0000,2433.0000,0.0000,0.0000,0.0000,0.0000,15,0,0,0,0,26,0,0,0,0
zc,WS209,2012-06-14 09:04:24.207,2433.0000,216468,0,0.0000,0.0000,0,0,多换,B,2432.0000,0.0000,0.0000,0.0000,0.0000,2433.0000,0.0000,0.0000,0.0000,0.0000,23,0,0,0,0,26,0,0,0,0
zc,WS209,2012-06-14 09:04:27.457,2433.0000,216468,0,0.0000,2.0000,1,1,多换,B,2432.0000,0.0000,0.0000,0.0000,0.0000,2433.0000,0.0000,0.0000,0.0000,0.0000,23,0,0,0,0,25,0,0,0,0
zc,WS209,2012-06-14 09:04:28.970,2432.0000,216470,2,0.0000,2.0000,2,0,双开,S,2432.0000,0.0000,0.0000,0.0000,0.0000,2433.0000,0.0000,0.0000,0.0000,0.0000,22,0,0,0,0,25,0,0,0,0
zc,WS209,2012-06-14 09:04:32.457,2432.0000,216470,0,0.0000,0.0000,0,0,空换,S,2432.0000,0.0000,0.0000,0.0000,0.0000,2433.0000,0.0000,0.0000,0.0000,0.0000,23,0,0,0,0,25,0,0,0,0
zc,WS209,2012-06-14 09:04:32.940,2432.0000,216470,0,0.0000,0.0000,0,0,空换,S,2432.0000,0.0000,0.0000,0.0000,0.0000,2433.0000,0.0000,0.0000,0.0000,0.0000,25,0,0,0,0,29,0,0,0,0
zc,WS209,2012-06-14 09:04:35.220,2432.0000,216470,0,0.0000,0.0000,0,0,空换,S,2432.0000,0.0000,0.0000,0.0000,0.0000,2433.0000,0.0000,0.0000,0.0000,0.0000,24,0,0,0,0,29,0,0,0,0
zc,WS209,2012-06-14 09:04:40.707,2432.0000,216470,0,0.0000,0.0000,0,0,空换,S,2432.0000,0.0000,0.0000,0.0000,0.0000,2433.0000,0.0000,0.0000,0.0000,0.0000,25,0,0,0,0,22,0,0,0,0
zc,WS209,2012-06-14 09:04:41.190,2432.0000,216470,0,0.0000,0.0000,0,0,空换,S,2432.0000,0.0000,0.0000,0.0000,0.0000,2433.0000,0.0000,0.0000,0.0000,0.0000,26,0,0,0,0,22,0,0,0,0
zc,WS209,2012-06-14 09:04:42.987,2432.0000,216470,0,0.0000,0.0000,0,0,空换,S,2432.0000,0.0000,0.0000,0.0000,0.0000,2433.0000,0.0000,0.0000,0.0000,0.0000,27,0,0,0,0,22,0,0,0,0
zc,WS209,2012-06-14 09:04:44.470,2433.0000,216472,2,0.0000,2.0000,2,0,双开,B,2432.0000,0.0000,0.0000,0.0000,0.0000,2433.0000,0.0000,0.0000,0.0000,0.0000,27,0,0,0,0,21,0,0,0,0
zc,WS209,2012-06-14 09:04:47.643,2433.0000,216472,0,0.0000,0.0000,0,0,多换,B,2432.0000,0.0000,0.0000,0.0000,0.0000,2433.0000,0.0000,0.0000,0.0000,0.0000,27,0,0,0,0,22,0,0,0,0
zc,WS209,2012-06-14 09:04:49.923,2433.0000,216472,0,0.0000,0.0000,0,0,多换,B,2432.0000,0.0000,0.0000,0.0000,0.0000,2433.0000,0.0000,0.0000,0.0000,0.0000,28,0,0,0,0,22,0,0,0,0
zc,WS209,2012-06-14 09:04:50.737,2433.0000,216474,2,0.0000,26.0000,14,12,多开,B,2432.0000,0.0000,0.0000,0.0000,0.0000,2433.0000,0.0000,0.0000,0.0000,0.0000,28,0,0,0,0,9,0,0,0,0
zc,WS209,2012-06-14 09:04:51.207,2433.0000,216476,2,0.0000,2.0000,2,0,双开,B,2432.0000,0.0000,0.0000,0.0000,0.0000,2433.0000,0.0000,0.0000,0.0000,0.0000,29,0,0,0,0,8,0,0,0,0
zc,WS209,2012-06-14 09:04:52.457,2433.0000,216478,2,0.0000,2.0000,2,0,双开,B,2432.0000,0.0000,0.0000,0.0000,0.0000,2433.0000,0.0000,0.0000,0.0000,0.0000,29,0,0,0,0,7,0,0,0,0
zc,WS209,2012-06-14 09:04:52.987,2433.0000,216480,2,0.0000,2.0000,2,0,双开,B,2432.0000,0.0000,0.0000,0.0000,0.0000,2433.0000,0.0000,0.0000,0.0000,0.0000,29,0,0,0,0,6,0,0,0,0
zc,WS209,2012-06-14 09:04:53.970,2433.0000,216480,0,0.0000,2.0000,1,1,多换,B,2432.0000,0.0000,0.0000,0.0000,0.0000,2433.0000,0.0000,0.0000,0.0000,0.0000,29,0,0,0,0,5,0,0,0,0
zc,WS209,2012-06-14 09:04:54.690,2433.0000,216480,0,0.0000,0.0000,0,0,多换,B,2432.0000,0.0000,0.0000,0.0000,0.0000,2433.0000,0.0000,0.0000,0.0000,0.0000,28,0,0,0,0,12,0,0,0,0
zc,WS209,2012-06-14 09:04:55.207,2433.0000,216480,0,0.0000,0.0000,0,0,多换,B,2432.0000,0.0000,0.0000,0.0000,0.0000,2433.0000,0.0000,0.0000,0.0000,0.0000,33,0,0,0,0,12,0,0,0,0
zc,WS209,2012-06-14 09:04:56.407,2433.0000,216480,0,0.0000,0.0000,0,0,多换,B,2432.0000,0.0000,0.0000,0.0000,0.0000,2433.0000,0.0000,0.0000,0.0000,0.0000,33,0,0,0,0,11,0,0,0,0
zc,WS209,2012-06-14 09:04:59.003,2433.0000,216482,2,0.0000,2.0000,2,0,双开,B,2432.0000,0.0000,0.0000,0.0000,0.0000,2433.0000,0.0000,0.0000,0.0000,0.0000,33,0,0,0,0,10,0,0,0,0
zc,WS209,2012-06-14 09:05:01.253,2433.0000,216484,2,0.0000,2.0000,2,0,双开,B,2432.0000,0.0000,0.0000,0.0000,0.0000,2433.0000,0.0000,0.0000,0.0000,0.0000,33,0,0,0,0,9,0,0,0,0
zc,WS209,2012-06-14 09:05:03.033,2433.0000,216494,10,0.0000,20.0000,15,5,多开,B,2432.0000,0.0000,0.0000,0.0000,0.0000,2433.0000,0.0000,0.0000,0.0000,0.0000,34,0,0,0,0,9,0,0,0,0
zc,WS209,2012-06-14 09:05:03.753,2433.0000,216494,0,0.0000,2.0000,1,1,多换,B,2432.0000,0.0000,0.0000,0.0000,0.0000,2433.0000,0.0000,0.0000,0.0000,0.0000,44,0,0,0,0,8,0,0,0,0
zc,WS209,2012-06-14 09:05:05.957,2433.0000,216494,0,0.0000,0.0000,0,0,多换,B,2432.0000,0.0000,0.0000,0.0000,0.0000,2433.0000,0.0000,0.0000,0.0000,0.0000,43,0,0,0,0,8,0,0,0,0
zc,WS209,2012-06-14 09:05:10.003,2433.0000,216494,0,0.0000,2.0000,1,1,多换,B,2432.0000,0.0000,0.0000,0.0000,0.0000,2433.0000,0.0000,0.0000,0.0000,0.0000,43,0,0,0,0,7,0,0,0,0
zc,WS209,2012-06-14 09:05:10.753,2433.0000,216494,0,0.0000,2.0000,1,1,多换,B,2432.0000,0.0000,0.0000,0.0000,0.0000,2433.0000,0.0000,0.0000,0.0000,0.0000,43,0,0,0,0,6,0,0,0,0
zc,WS209,2012-06-14 09:05:11.940,2433.0000,216492,-2,0.0000,2.0000,0,2,双平,B,2432.0000,0.0000,0.0000,0.0000,0.0000,2433.0000,0.0000,0.0000,0.0000,0.0000,43,0,0,0,0,5,0,0,0,0
zc,WS209,2012-06-14 09:05:12.220,2433.0000,216492,0,0.0000,2.0000,1,1,多换,B,2432.0000,0.0000,0.0000,0.0000,0.0000,2433.0000,0.0000,0.0000,0.0000,0.0000,43,0,0,0,0,8,0,0,0,0
zc,WS209,2012-06-14 09:05:12.940,2433.0000,216492,0,0.0000,0.0000,0,0,多换,B,2432.0000,0.0000,0.0000,0.0000,0.0000,2433.0000,0.0000,0.0000,0.0000,0.0000,43,0,0,0,0,7,0,0,0,0
zc,WS209,2012-06-14 09:05:13.407,2433.0000,216492,0,0.0000,0.0000,0,0,多换,B,2432.0000,0.0000,0.0000,0.0000,0.0000,2433.0000,0.0000,0.0000,0.0000,0.0000,44,0,0,0,0,5,0,0,0,0
zc,WS209,2012-06-14 09:05:14.220,2433.0000,216492,0,0.0000,0.0000,0,0,多换,B,2432.0000,0.0000,0.0000,0.0000,0.0000,2433.0000,0.0000,0.0000,0.0000,0.0000,44,0,0,0,0,4,0,0,0,0
zc,WS209,2012-06-14 09:05:15.237,2433.0000,216492,0,0.0000,0.0000,0,0,多换,B,2432.0000,0.0000,0.0000,0.0000,0.0000,2433.0000,0.0000,0.0000,0.0000,0.0000,48,0,0,0,0,4,0,0,0,0
zc,WS209,2012-06-14 09:05:15.923,2433.0000,216492,0,0.0000,0.0000,0,0,多换,B,2432.0000,0.0000,0.0000,0.0000,0.0000,2433.0000,0.0000,0.0000,0.0000,0.0000,44,0,0,0,0,9,0,0,0,0
zc,WS209,2012-06-14 09:05:16.457,2432.0000,216502,10,0.0000,20.0000,15,5,空开,S,2432.0000,0.0000,0.0000,0.0000,0.0000,2433.0000,0.0000,0.0000,0.0000,0.0000,34,0,0,0,0,9,0,0,0,0
zc,WS209,2012-06-14 09:05:18.690,2432.0000,216502,0,0.0000,0.0000,0,0,空换,S,2432.0000,0.0000,0.0000,0.0000,0.0000,2433.0000,0.0000,0.0000,0.0000,0.0000,34,0,0,0,0,10,0,0,0,0
zc,WS209,2012-06-14 09:05:19.407,2432.0000,216502,0,0.0000,0.0000,0,0,空换,S,2432.0000,0.0000,0.0000,0.0000,0.0000,2433.0000,0.0000,0.0000,0.0000,0.0000,34,0,0,0,0,12,0,0,0,0
zc,WS209,2012-06-14 09:05:20.707,2432.0000,216500,-2,0.0000,2.0000,0,2,双平,S,2432.0000,0.0000,0.0000,0.0000,0.0000,2433.0000,0.0000,0.0000,0.0000,0.0000,33,0,0,0,0,11,0,0,0,0
zc,WS209,2012-06-14 09:05:21.987,2432.0000,216498,-2,0.0000,2.0000,0,2,双平,S,2432.0000,0.0000,0.0000,0.0000,0.0000,2433.0000,0.0000,0.0000,0.0000,0.0000,32,0,0,0,0,10,0,0,0,0
zc,WS209,2012-06-14 09:05:22.720,2432.0000,216498,0,0.0000,0.0000,0,0,空换,S,2432.0000,0.0000,0.0000,0.0000,0.0000,2433.0000,0.0000,0.0000,0.0000,0.0000,32,0,0,0,0,11,0,0,0,0
zc,WS209,2012-06-14 09:05:25.220,2432.0000,216498,0,0.0000,0.0000,0,0,空换,S,2432.0000,0.0000,0.0000,0.0000,0.0000,2433.0000,0.0000,0.0000,0.0000,0.0000,42,0,0,0,0,8,0,0,0,0
zc,WS209,2012-06-14 09:05:27.923,2432.0000,216498,0,0.0000,0.0000,0,0,空换,S,2432.0000,0.0000,0.0000,0.0000,0.0000,2433.0000,0.0000,0.0000,0.0000,0.0000,42,0,0,0,0,13,0,0,0,0
zc,WS209,2012-06-14 09:05:28.407,2432.0000,216498,0,0.0000,0.0000,0,0,空换,S,2432.0000,0.0000,0.0000,0.0000,0.0000,2433.0000,0.0000,0.0000,0.0000,0.0000,43,0,0,0,0,13,0,0,0,0
zc,WS209,2012-06-14 09:05:31.457,2432.0000,216498,0,0.0000,0.0000,0,0,空换,S,2432.0000,0.0000,0.0000,0.0000,0.0000,2433.0000,0.0000,0.0000,0.0000,0.0000,33,0,0,0,0,16,0,0,0,0
zc,WS209,2012-06-14 09:05:32.643,2432.0000,216498,0,0.0000,0.0000,0,0,空换,S,2432.0000,0.0000,0.0000,0.0000,0.0000,2433.0000,0.0000,0.0000,0.0000,0.0000,32,0,0,0,0,16,0,0,0,0
zc,WS209,2012-06-14 09:05:34.503,2432.0000,216498,0,0.0000,0.0000,0,0,空换,S,2432.0000,0.0000,0.0000,0.0000,0.0000,2433.0000,0.0000,0.0000,0.0000,0.0000,32,0,0,0,0,17,0,0,0,0
zc,WS209,2012-06-14 09:05:36.157,2432.0000,216492,-6,0.0000,12.0000,3,9,多平,S,2432.0000,0.0000,0.0000,0.0000,0.0000,2433.0000,0.0000,0.0000,0.0000,0.0000,26,0,0,0,0,21,0,0,0,0
zc,WS209,2012-06-14 09:05:39.707,2432.0000,216492,0,0.0000,0.0000,0,0,空换,S,2432.0000,0.0000,0.0000,0.0000,0.0000,2433.0000,0.0000,0.0000,0.0000,0.0000,24,0,0,0,0,21,0,0,0,0
zc,WS209,2012-06-14 09:05:40.940,2433.0000,216492,0,0.0000,2.0000,1,1,多换,B,2432.0000,0.0000,0.0000,0.0000,0.0000,2433.0000,0.0000,0.0000,0.0000,0.0000,24,0,0,0,0,20,0,0,0,0
zc,WS209,2012-06-14 09:05:42.487,2433.0000,216492,0,0.0000,0.0000,0,0,多换,B,2432.0000,0.0000,0.0000,0.0000,0.0000,2433.0000,0.0000,0.0000,0.0000,0.0000,24,0,0,0,0,22,0,0,0,0
zc,WS209,2012-06-14 09:05:43.720,2433.0000,216492,0,0.0000,2.0000,1,1,多换,B,2432.0000,0.0000,0.0000,0.0000,0.0000,2433.0000,0.0000,0.0000,0.0000,0.0000,24,0,0,0,0,21,0,0,0,0
zc,WS209,2012-06-14 09:05:46.737,2432.0000,216488,-4,0.0000,4.0000,0,4,双平,S,2432.0000,0.0000,0.0000,0.0000,0.0000,2433.0000,0.0000,0.0000,0.0000,0.0000,23,0,0,0,0,19,0,0,0,0
zc,WS209,2012-06-14 09:05:48.970,2433.0000,216484,-4,0.0000,4.0000,0,4,双平,B,2432.0000,0.0000,0.0000,0.0000,0.0000,2433.0000,0.0000,0.0000,0.0000,0.0000,23,0,0,0,0,17,0,0,0,0
zc,WS209,2012-06-14 09:05:51.470,2433.0000,216484,0,0.0000,0.0000,0,0,多换,B,2432.0000,0.0000,0.0000,0.0000,0.0000,2433.0000,0.0000,0.0000,0.0000,0.0000,24,0,0,0,0,17,0,0,0,0
zc,WS209,2012-06-14 09:05:51.907,2432.0000,216482,-2,0.0000,4.0000,1,3,多平,S,2432.0000,0.0000,0.0000,0.0000,0.0000,2433.0000,0.0000,0.0000,0.0000,0.0000,22,0,0,0,0,35,0,0,0,0
zc,WS209,2012-06-14 09:05:52.690,2432.0000,216482,0,0.0000,0.0000,0,0,空换,S,2432.0000,0.0000,0.0000,0.0000,0.0000,2433.0000,0.0000,0.0000,0.0000,0.0000,27,0,0,0,0,35,0,0,0,0
zc,WS209,2012-06-14 09:05:53.207,2432.0000,216482,0,0.0000,2.0000,1,1,空换,S,2432.0000,0.0000,0.0000,0.0000,0.0000,2433.0000,0.0000,0.0000,0.0000,0.0000,26,0,0,0,0,35,0,0,0,0
zc,WS209,2012-06-14 09:05:54.220,2432.0000,216482,0,0.0000,0.0000,0,0,空换,S,2432.0000,0.0000,0.0000,0.0000,0.0000,2433.0000,0.0000,0.0000,0.0000,0.0000,36,0,0,0,0,16,0,0,0,0
zc,WS209,2012-06-14 09:05:54.923,2432.0000,216482,0,0.0000,0.0000,0,0,空换,S,2432.0000,0.0000,0.0000,0.0000,0.0000,2433.0000,0.0000,0.0000,0.0000,0.0000,36,0,0,0,0,21,0,0,0,0
zc,WS209,2012-06-14 09:05:57.220,2432.0000,216482,0,0.0000,0.0000,0,0,空换,S,2432.0000,0.0000,0.0000,0.0000,0.0000,2433.0000,0.0000,0.0000,0.0000,0.0000,37,0,0,0,0,21,0,0,0,0
zc,WS209,2012-06-14 09:05:58.923,2432.0000,216482,0,0.0000,0.0000,0,0,空换,S,2432.0000,0.0000,0.0000,0.0000,0.0000,2433.0000,0.0000,0.0000,0.0000,0.0000,47,0,0,0,0,21,0,0,0,0
zc,WS209,2012-06-14 09:06:00.800,2432.0000,216482,0,0.0000,0.0000,0,0,空换,S,2432.0000,0.0000,0.0000,0.0000,0.0000,2433.0000,0.0000,0.0000,0.0000,0.0000,61,0,0,0,0,21,0,0,0,0
zc,WS209,2012-06-14 09:06:02.237,2434.0000,216472,-10,0.0000,68.0000,29,39,空平,B,2432.0000,0.0000,0.0000,0.0000,0.0000,2433.0000,0.0000,0.0000,0.0000,0.0000,72,0,0,0,0,1,0,0,0,0
zc,WS209,2012-06-14 09:06:02.907,2434.0000,216472,0,0.0000,0.0000,0,0,多换,B,2432.0000,0.0000,0.0000,0.0000,0.0000,2433.0000,0.0000,0.0000,0.0000,0.0000,72,0,0,0,0,1,0,0,0,0
zc,WS209,2012-06-14 09:06:03.487,2433.0000,216474,2,0.0000,2.0000,2,0,双开,S,2433.0000,0.0000,0.0000,0.0000,0.0000,2435.0000,0.0000,0.0000,0.0000,0.0000,2,0,0,0,0,30,0,0,0,0
zc,WS209,2012-06-14 09:06:04.207,2433.0000,216474,0,0.0000,0.0000,0,0,空换,S,2433.0000,0.0000,0.0000,0.0000,0.0000,2435.0000,0.0000,0.0000,0.0000,0.0000,16,0,0,0,0,47,0,0,0,0
zc,WS209,2012-06-14 09:06:04.690,2433.0000,216474,0,0.0000,0.0000,0,0,空换,S,2433.0000,0.0000,0.0000,0.0000,0.0000,2435.0000,0.0000,0.0000,0.0000,0.0000,17,0,0,0,0,47,0,0,0,0
zc,WS209,2012-06-14 09:06:05.970,2433.0000,216474,0,0.0000,0.0000,0,0,空换,S,2433.0000,0.0000,0.0000,0.0000,0.0000,2434.0000,0.0000,0.0000,0.0000,0.0000,18,0,0,0,0,1,0,0,0,0
zc,WS209,2012-06-14 09:06:06.440,2433.0000,216474,0,0.0000,0.0000,0,0,空换,S,2433.0000,0.0000,0.0000,0.0000,0.0000,2434.0000,0.0000,0.0000,0.0000,0.0000,20,0,0,0,0,1,0,0,0,0
zc,WS209,2012-06-14 09:06:07.237,2433.0000,216474,0,0.0000,0.0000,0,0,空换,S,2433.0000,0.0000,0.0000,0.0000,0.0000,2434.0000,0.0000,0.0000,0.0000,0.0000,1,0,0,0,0,20,0,0,0,0
zc,WS209,2012-06-14 09:06:08.957,2433.0000,216474,0,0.0000,0.0000,0,0,空换,S,2433.0000,0.0000,0.0000,0.0000,0.0000,2434.0000,0.0000,0.0000,0.0000,0.0000,2,0,0,0,0,21,0,0,0,0
zc,WS209,2012-06-14 09:06:09.707,2433.0000,216474,0,0.0000,0.0000,0,0,空换,S,2433.0000,0.0000,0.0000,0.0000,0.0000,2434.0000,0.0000,0.0000,0.0000,0.0000,2,0,0,0,0,22,0,0,0,0
zc,WS209,2012-06-14 09:06:11.173,2433.0000,216474,0,0.0000,4.0000,2,2,空换,S,2432.0000,0.0000,0.0000,0.0000,0.0000,2433.0000,0.0000,0.0000,0.0000,0.0000,71,0,0,0,0,2,0,0,0,0
zc,WS209,2012-06-14 09:06:13.970,2433.0000,216474,0,0.0000,2.0000,1,1,空换,S,2432.0000,0.0000,0.0000,0.0000,0.0000,2433.0000,0.0000,0.0000,0.0000,0.0000,71,0,0,0,0,1,0,0,0,0
zc,WS209,2012-06-14 09:06:14.707,2433.0000,216474,0,0.0000,2.0000,1,1,空换,S,2432.0000,0.0000,0.0000,0.0000,0.0000,2434.0000,0.0000,0.0000,0.0000,0.0000,71,0,0,0,0,23,0,0,0,0
zc,WS209,2012-06-14 09:06:15.190,2433.0000,216474,0,0.0000,0.0000,0,0,空换,S,2433.0000,0.0000,0.0000,0.0000,0.0000,2434.0000,0.0000,0.0000,0.0000,0.0000,4,0,0,0,0,23,0,0,0,0
zc,WS209,2012-06-14 09:06:17.970,2433.0000,216474,0,0.0000,2.0000,1,1,空换,S,2433.0000,0.0000,0.0000,0.0000,0.0000,2434.0000,0.0000,0.0000,0.0000,0.0000,4,0,0,0,0,23,0,0,0,0
zc,WS209,2012-06-14 09:06:20.440,2433.0000,216474,0,0.0000,0.0000,0,0,空换,S,2433.0000,0.0000,0.0000,0.0000,0.0000,2434.0000,0.0000,0.0000,0.0000,0.0000,5,0,0,0,0,24,0,0,0,0
zc,WS209,2012-06-14 09:06:22.970,2434.0000,216474,0,0.0000,6.0000,3,3,多换,B,2433.0000,0.0000,0.0000,0.0000,0.0000,2434.0000,0.0000,0.0000,0.0000,0.0000,5,0,0,0,0,21,0,0,0,0
zc,WS209,2012-06-14 09:06:24.783,2434.0000,216474,0,0.0000,0.0000,0,0,多换,B,2433.0000,0.0000,0.0000,0.0000,0.0000,2434.0000,0.0000,0.0000,0.0000,0.0000,19,0,0,0,0,5,0,0,0,0
zc,WS209,2012-06-14 09:06:25.470,2434.0000,216474,0,0.0000,0.0000,0,0,多换,B,2433.0000,0.0000,0.0000,0.0000,0.0000,2434.0000,0.0000,0.0000,0.0000,0.0000,24,0,0,0,0,5,0,0,0,0
zc,WS209,2012-06-14 09:06:25.753,2434.0000,216476,2,0.0000,2.0000,2,0,双开,B,2433.0000,0.0000,0.0000,0.0000,0.0000,2434.0000,0.0000,0.0000,0.0000,0.0000,24,0,0,0,0,5,0,0,0,0
zc,WS209,2012-06-14 09:06:26.503,2434.0000,216476,0,0.0000,2.0000,1,1,多换,B,2433.0000,0.0000,0.0000,0.0000,0.0000,2434.0000,0.0000,0.0000,0.0000,0.0000,23,0,0,0,0,4,0,0,0,0
zc,WS209,2012-06-14 09:06:26.987,2434.0000,216476,0,0.0000,6.0000,3,3,多换,B,2433.0000,0.0000,0.0000,0.0000,0.0000,2434.0000,0.0000,0.0000,0.0000,0.0000,21,0,0,0,0,1,0,0,0,0
zc,WS209,2012-06-14 09:06:29.987,2434.0000,216476,0,0.0000,0.0000,0,0,多换,B,2433.0000,0.0000,0.0000,0.0000,0.0000,2434.0000,0.0000,0.0000,0.0000,0.0000,21,0,0,0,0,4,0,0,0,0
zc,WS209,2012-06-14 09:06:31.707,2434.0000,216476,0,0.0000,2.0000,1,1,多换,B,2433.0000,0.0000,0.0000,0.0000,0.0000,2434.0000,0.0000,0.0000,0.0000,0.0000,20,0,0,0,0,3,0,0,0,0
zc,WS209,2012-06-14 09:06:32.220,2434.0000,216478,2,0.0000,2.0000,2,0,双开,B,2433.0000,0.0000,0.0000,0.0000,0.0000,2434.0000,0.0000,0.0000,0.0000,0.0000,20,0,0,0,0,2,0,0,0,0
zc,WS209,2012-06-14 09:06:32.673,2434.0000,216482,4,0.0000,4.0000,4,0,双开,B,2433.0000,0.0000,0.0000,0.0000,0.0000,2435.0000,0.0000,0.0000,0.0000,0.0000,18,0,0,0,0,46,0,0,0,0
zc,WS209,2012-06-14 09:06:33.423,2434.0000,216482,0,0.0000,2.0000,1,1,多换,B,2433.0000,0.0000,0.0000,0.0000,0.0000,2434.0000,0.0000,0.0000,0.0000,0.0000,18,0,0,0,0,1,0,0,0,0
zc,WS209,2012-06-14 09:06:33.673,2434.0000,216484,2,0.0000,4.0000,3,1,多开,B,2433.0000,0.0000,0.0000,0.0000,0.0000,2435.0000,0.0000,0.0000,0.0000,0.0000,18,0,0,0,0,48,0,0,0,0
zc,WS209,2012-06-14 09:06:34.940,2434.0000,216484,0,0.0000,0.0000,0,0,多换,B,2433.0000,0.0000,0.0000,0.0000,0.0000,2435.0000,0.0000,0.0000,0.0000,0.0000,18,0,0,0,0,38,0,0,0,0
zc,WS209,2012-06-14 09:06:35.707,2434.0000,216484,0,0.0000,0.0000,0,0,多换,B,2433.0000,0.0000,0.0000,0.0000,0.0000,2434.0000,0.0000,0.0000,0.0000,0.0000,18,0,0,0,0,6,0,0,0,0
zc,WS209,2012-06-14 09:06:36.207,2434.0000,216484,0,0.0000,2.0000,1,1,多换,B,2433.0000,0.0000,0.0000,0.0000,0.0000,2434.0000,0.0000,0.0000,0.0000,0.0000,18,0,0,0,0,5,0,0,0,0
zc,WS209,2012-06-14 09:06:37.487,2434.0000,216484,0,0.0000,0.0000,0,0,多换,B,2433.0000,0.0000,0.0000,0.0000,0.0000,2434.0000,0.0000,0.0000,0.0000,0.0000,19,0,0,0,0,5,0,0,0,0
zc,WS209,2012-06-14 09:06:38.003,2434.0000,216484,0,0.0000,0.0000,0,0,多换,B,2433.0000,0.0000,0.0000,0.0000,0.0000,2434.0000,0.0000,0.0000,0.0000,0.0000,21,0,0,0,0,5,0,0,0,0
zc,WS209,2012-06-14 09:06:38.707,2434.0000,216484,0,0.0000,2.0000,1,1,多换,B,2433.0000,0.0000,0.0000,0.0000,0.0000,2434.0000,0.0000,0.0000,0.0000,0.0000,21,0,0,0,0,4,0,0,0,0
zc,WS209,2012-06-14 09:06:40.190,2434.0000,216484,0,0.0000,2.0000,1,1,多换,B,2433.0000,0.0000,0.0000,0.0000,0.0000,2434.0000,0.0000,0.0000,0.0000,0.0000,21,0,0,0,0,3,0,0,0,0
zc,WS209,2012-06-14 09:06:40.457,2434.0000,216484,0,0.0000,102.0000,51,51,多换,B,2433.0000,0.0000,0.0000,0.0000,0.0000,2434.0000,0.0000,0.0000,0.0000,0.0000,7,0,0,0,0,80,0,0,0,0
zc,WS209,2012-06-14 09:06:41.690,2434.0000,216484,0,0.0000,0.0000,0,0,多换,B,2433.0000,0.0000,0.0000,0.0000,0.0000,2434.0000,0.0000,0.0000,0.0000,0.0000,9,0,0,0,0,80,0,0,0,0
zc,WS209,2012-06-14 09:06:42.673,2433.0000,216484,0,0.0000,18.0000,9,9,空换,S,2432.0000,0.0000,0.0000,0.0000,0.0000,2433.0000,0.0000,0.0000,0.0000,0.0000,66,0,0,0,0,11,0,0,0,0
zc,WS209,2012-06-14 09:06:43.457,2433.0000,216484,0,0.0000,22.0000,11,11,空换,S,2433.0000,0.0000,0.0000,0.0000,0.0000,2434.0000,0.0000,0.0000,0.0000,0.0000,1,0,0,0,0,80,0,0,0,0
zc,WS209,2012-06-14 09:06:45.207,2434.0000,216484,0,0.0000,2.0000,1,1,多换,B,2433.0000,0.0000,0.0000,0.0000,0.0000,2434.0000,0.0000,0.0000,0.0000,0.0000,1,0,0,0,0,79,0,0,0,0
zc,WS209,2012-06-14 09:06:46.440,2434.0000,216484,0,0.0000,0.0000,0,0,多换,B,2433.0000,0.0000,0.0000,0.0000,0.0000,2434.0000,0.0000,0.0000,0.0000,0.0000,1,0,0,0,0,22,0,0,0,0
zc,WS209,2012-06-14 09:06:46.690,2434.0000,216484,0,0.0000,0.0000,0,0,多换,B,2433.0000,0.0000,0.0000,0.0000,0.0000,2434.0000,0.0000,0.0000,0.0000,0.0000,1,0,0,0,0,79,0,0,0,0
zc,WS209,2012-06-14 09:06:49.657,2433.0000,216484,0,0.0000,2.0000,1,1,空换,S,2432.0000,0.0000,0.0000,0.0000,0.0000,2433.0000,0.0000,0.0000,0.0000,0.0000,66,0,0,0,0,7,0,0,0,0
zc,WS209,2012-06-14 09:06:51.423,2433.0000,216484,0,0.0000,0.0000,0,0,空换,S,2432.0000,0.0000,0.0000,0.0000,0.0000,2433.0000,0.0000,0.0000,0.0000,0.0000,68,0,0,0,0,7,0,0,0,0
zc,WS209,2012-06-14 09:06:51.923,2433.0000,216484,0,0.0000,0.0000,0,0,空换,S,2432.0000,0.0000,0.0000,0.0000,0.0000,2433.0000,0.0000,0.0000,0.0000,0.0000,70,0,0,0,0,7,0,0,0,0
zc,WS209,2012-06-14 09:06:53.173,2433.0000,216484,0,0.0000,0.0000,0,0,空换,S,2432.0000,0.0000,0.0000,0.0000,0.0000,2433.0000,0.0000,0.0000,0.0000,0.0000,69,0,0,0,0,7,0,0,0,0
zc,WS209,2012-06-14 09:06:53.423,2433.0000,216484,0,0.0000,0.0000,0,0,空换,S,2432.0000,0.0000,0.0000,0.0000,0.0000,2433.0000,0.0000,0.0000,0.0000,0.0000,55,0,0,0,0,39,0,0,0,0
zc,WS209,2012-06-14 09:06:54.143,2432.0000,216472,-12,0.0000,16.0000,2,14,多平,S,2432.0000,0.0000,0.0000,0.0000,0.0000,2433.0000,0.0000,0.0000,0.0000,0.0000,47,0,0,0,0,39,0,0,0,0
zc,WS209,2012-06-14 09:06:54.673,2432.0000,216468,-4,0.0000,4.0000,0,4,双平,S,2432.0000,0.0000,0.0000,0.0000,0.0000,2433.0000,0.0000,0.0000,0.0000,0.0000,45,0,0,0,0,78,0,0,0,0
zc,WS209,2012-06-14 09:06:55.423,2433.0000,216468,0,0.0000,80.0000,40,40,多换,B,2432.0000,0.0000,0.0000,0.0000,0.0000,2433.0000,0.0000,0.0000,0.0000,0.0000,45,0,0,0,0,38,0,0,0,0
zc,WS209,2012-06-14 09:06:55.907,2433.0000,216468,0,0.0000,0.0000,0,0,多换,B,2432.0000,0.0000,0.0000,0.0000,0.0000,2433.0000,0.0000,0.0000,0.0000,0.0000,46,0,0,0,0,38,0,0,0,0
zc,WS209,2012-06-14 09:06:58.127,2433.0000,216468,0,0.0000,2.0000,1,1,多换,B,2432.0000,0.0000,0.0000,0.0000,0.0000,2433.0000,0.0000,0.0000,0.0000,0.0000,47,0,0,0,0,37,0,0,0,0
zc,WS209,2012-06-14 09:06:59.707,2433.0000,216468,0,0.0000,0.0000,0,0,多换,B,2432.0000,0.0000,0.0000,0.0000,0.0000,2433.0000,0.0000,0.0000,0.0000,0.0000,52,0,0,0,0,37,0,0,0,0
zc,WS209,2012-06-14 09:07:02.173,2433.0000,216468,0,0.0000,0.0000,0,0,多换,B,2432.0000,0.0000,0.0000,0.0000,0.0000,2433.0000,0.0000,0.0000,0.0000,0.0000,53,0,0,0,0,37,0,0,0,0
zc,WS209,2012-06-14 09:07:06.627,2433.0000,216466,-2,0.0000,14.0000,6,8,空平,B,2432.0000,0.0000,0.0000,0.0000,0.0000,2433.0000,0.0000,0.0000,0.0000,0.0000,55,0,0,0,0,30,0,0,0,0
zc,WS209,2012-06-14 09:07:08.737,2433.0000,216466,0,0.0000,0.0000,0,0,多换,B,2432.0000,0.0000,0.0000,0.0000,0.0000,2433.0000,0.0000,0.0000,0.0000,0.0000,57,0,0,0,0,30,0,0,0,0
zc,WS209,2012-06-14 09:07:09.207,2433.0000,216466,0,0.0000,0.0000,0,0,多换,B,2432.0000,0.0000,0.0000,0.0000,0.0000,2433.0000,0.0000,0.0000,0.0000,0.0000,58,0,0,0,0,30,0,0,0,0
zc,WS209,2012-06-14 09:07:11.720,2433.0000,216466,0,0.0000,0.0000,0,0,多换,B,2432.0000,0.0000,0.0000,0.0000,0.0000,2433.0000,0.0000,0.0000,0.0000,0.0000,59,0,0,0,0,30,0,0,0,0
zc,WS209,2012-06-14 09:07:12.907,2433.0000,216466,0,0.0000,0.0000,0,0,多换,B,2432.0000,0.0000,0.0000,0.0000,0.0000,2433.0000,0.0000,0.0000,0.0000,0.0000,60,0,0,0,0,30,0,0,0,0
zc,WS209,2012-06-14 09:07:13.127,2433.0000,216466,0,0.0000,0.0000,0,0,多换,B,2432.0000,0.0000,0.0000,0.0000,0.0000,2433.0000,0.0000,0.0000,0.0000,0.0000,61,0,0,0,0,30,0,0,0,0
zc,WS209,2012-06-14 09:07:14.673,2432.0000,216402,-64,0.0000,122.0000,29,93,多平,S,2431.0000,0.0000,0.0000,0.0000,0.0000,2433.0000,0.0000,0.0000,0.0000,0.0000,129,0,0,0,0,22,0,0,0,0
zc,WS209,2012-06-14 09:07:15.690,2432.0000,216400,-2,0.0000,2.0000,0,2,双平,S,2431.0000,0.0000,0.0000,0.0000,0.0000,2432.0000,0.0000,0.0000,0.0000,0.0000,117,0,0,0,0,18,0,0,0,0
zc,WS209,2012-06-14 09:07:16.457,2433.0000,216400,0,0.0000,2.0000,1,1,多换,B,2431.0000,0.0000,0.0000,0.0000,0.0000,2432.0000,0.0000,0.0000,0.0000,0.0000,117,0,0,0,0,18,0,0,0,0
zc,WS209,2012-06-14 09:07:16.893,2433.0000,216400,0,0.0000,0.0000,0,0,多换,B,2431.0000,0.0000,0.0000,0.0000,0.0000,2432.0000,0.0000,0.0000,0.0000,0.0000,117,0,0,0,0,29,0,0,0,0
zc,WS209,2012-06-14 09:07:17.470,2433.0000,216400,0,0.0000,0.0000,0,0,多换,B,2431.0000,0.0000,0.0000,0.0000,0.0000,2432.0000,0.0000,0.0000,0.0000,0.0000,117,0,0,0,0,30,0,0,0,0
zc,WS209,2012-06-14 09:07:19.940,2433.0000,216400,0,0.0000,0.0000,0,0,多换,B,2431.0000,0.0000,0.0000,0.0000,0.0000,2432.0000,0.0000,0.0000,0.0000,0.0000,118,0,0,0,0,30,0,0,0,0
zc,WS209,2012-06-14 09:07:23.470,2433.0000,216400,0,0.0000,0.0000,0,0,多换,B,2431.0000,0.0000,0.0000,0.0000,0.0000,2432.0000,0.0000,0.0000,0.0000,0.0000,126,0,0,0,0,12,0,0,0,0
zc,WS209,2012-06-14 09:07:23.957,2433.0000,216400,0,0.0000,0.0000,0,0,多换,B,2431.0000,0.0000,0.0000,0.0000,0.0000,2432.0000,0.0000,0.0000,0.0000,0.0000,125,0,0,0,0,12,0,0,0,0
zc,WS209,2012-06-14 09:07:25.487,2433.0000,216400,0,0.0000,0.0000,0,0,多换,B,2431.0000,0.0000,0.0000,0.0000,0.0000,2432.0000,0.0000,0.0000,0.0000,0.0000,126,0,0,0,0,12,0,0,0,0
zc,WS209,2012-06-14 09:07:25.940,2432.0000,216398,-2,0.0000,2.0000,0,2,双平,S,2431.0000,0.0000,0.0000,0.0000,0.0000,2432.0000,0.0000,0.0000,0.0000,0.0000,126,0,0,0,0,11,0,0,0,0
zc,WS209,2012-06-14 09:07:26.457,2432.0000,216398,0,0.0000,0.0000,0,0,空换,S,2431.0000,0.0000,0.0000,0.0000,0.0000,2432.0000,0.0000,0.0000,0.0000,0.0000,131,0,0,0,0,11,0,0,0,0
zc,WS209,2012-06-14 09:07:28.487,2432.0000,216396,-2,0.0000,2.0000,0,2,双平,S,2431.0000,0.0000,0.0000,0.0000,0.0000,2432.0000,0.0000,0.0000,0.0000,0.0000,131,0,0,0,0,10,0,0,0,0
zc,WS209,2012-06-14 09:07:28.940,2432.0000,216396,0,0.0000,0.0000,0,0,空换,S,2431.0000,0.0000,0.0000,0.0000,0.0000,2432.0000,0.0000,0.0000,0.0000,0.0000,118,0,0,0,0,10,0,0,0,0
zc,WS209,2012-06-14 09:07:29.923,2432.0000,216396,0,0.0000,0.0000,0,0,空换,S,2431.0000,0.0000,0.0000,0.0000,0.0000,2432.0000,0.0000,0.0000,0.0000,0.0000,118,0,0,0,0,14,0,0,0,0
zc,WS209,2012-06-14 09:07:30.487,2432.0000,216396,0,0.0000,2.0000,1,1,空换,S,2431.0000,0.0000,0.0000,0.0000,0.0000,2432.0000,0.0000,0.0000,0.0000,0.0000,119,0,0,0,0,14,0,0,0,0
zc,WS209,2012-06-14 09:07:32.173,2432.0000,216396,0,0.0000,0.0000,0,0,空换,S,2431.0000,0.0000,0.0000,0.0000,0.0000,2432.0000,0.0000,0.0000,0.0000,0.0000,119,0,0,0,0,26,0,0,0,0
zc,WS209,2012-06-14 09:07:33.407,2432.0000,216396,0,0.0000,0.0000,0,0,空换,S,2431.0000,0.0000,0.0000,0.0000,0.0000,2432.0000,0.0000,0.0000,0.0000,0.0000,119,0,0,0,0,29,0,0,0,0
zc,WS209,2012-06-14 09:07:33.940,2432.0000,216396,0,0.0000,0.0000,0,0,空换,S,2431.0000,0.0000,0.0000,0.0000,0.0000,2432.0000,0.0000,0.0000,0.0000,0.0000,119,0,0,0,0,30,0,0,0,0
zc,WS209,2012-06-14 09:07:35.220,2431.0000,216396,0,0.0000,2.0000,1,1,空换,S,2431.0000,0.0000,0.0000,0.0000,0.0000,2432.0000,0.0000,0.0000,0.0000,0.0000,118,0,0,0,0,28,0,0,0,0
zc,WS209,2012-06-14 09:07:35.643,2431.0000,216396,0,0.0000,0.0000,0,0,空换,S,2431.0000,0.0000,0.0000,0.0000,0.0000,2432.0000,0.0000,0.0000,0.0000,0.0000,119,0,0,0,0,28,0,0,0,0
zc,WS209,2012-06-14 09:07:36.143,2431.0000,216396,0,0.0000,0.0000,0,0,空换,S,2431.0000,0.0000,0.0000,0.0000,0.0000,2432.0000,0.0000,0.0000,0.0000,0.0000,119,0,0,0,0,31,0,0,0,0
zc,WS209,2012-06-14 09:07:36.673,2431.0000,216396,0,0.0000,0.0000,0,0,空换,S,2431.0000,0.0000,0.0000,0.0000,0.0000,2432.0000,0.0000,0.0000,0.0000,0.0000,119,0,0,0,0,36,0,0,0,0
zc,WS209,2012-06-14 09:07:37.393,2431.0000,216396,0,0.0000,0.0000,0,0,空换,S,2431.0000,0.0000,0.0000,0.0000,0.0000,2432.0000,0.0000,0.0000,0.0000,0.0000,119,0,0,0,0,35,0,0,0,0
zc,WS209,2012-06-14 09:07:37.940,2431.0000,216396,0,0.0000,0.0000,0,0,空换,S,2431.0000,0.0000,0.0000,0.0000,0.0000,2432.0000,0.0000,0.0000,0.0000,0.0000,133,0,0,0,0,24,0,0,0,0
zc,WS209,2012-06-14 09:07:39.207,2431.0000,216396,0,0.0000,0.0000,0,0,空换,S,2431.0000,0.0000,0.0000,0.0000,0.0000,2432.0000,0.0000,0.0000,0.0000,0.0000,132,0,0,0,0,24,0,0,0,0
zc,WS209,2012-06-14 09:07:39.643,2431.0000,216396,0,0.0000,0.0000,0,0,空换,S,2431.0000,0.0000,0.0000,0.0000,0.0000,2432.0000,0.0000,0.0000,0.0000,0.0000,132,0,0,0,0,25,0,0,0,0
zc,WS209,2012-06-14 09:07:40.457,2431.0000,216396,0,0.0000,0.0000,0,0,空换,S,2431.0000,0.0000,0.0000,0.0000,0.0000,2432.0000,0.0000,0.0000,0.0000,0.0000,118,0,0,0,0,25,0,0,0,0
zc,WS209,2012-06-14 09:07:41.457,2432.0000,216396,0,0.0000,2.0000,1,1,多换,B,2431.0000,0.0000,0.0000,0.0000,0.0000,2432.0000,0.0000,0.0000,0.0000,0.0000,118,0,0,0,0,35,0,0,0,0
zc,WS209,2012-06-14 09:07:41.957,2432.0000,216396,0,0.0000,0.0000,0,0,多换,B,2431.0000,0.0000,0.0000,0.0000,0.0000,2432.0000,0.0000,0.0000,0.0000,0.0000,118,0,0,0,0,36,0,0,0,0
zc,WS209,2012-06-14 09:07:43.157,2432.0000,216396,0,0.0000,0.0000,0,0,多换,B,2431.0000,0.0000,0.0000,0.0000,0.0000,2432.0000,0.0000,0.0000,0.0000,0.0000,119,0,0,0,0,36,0,0,0,0
zc,WS209,2012-06-14 09:07:45.237,2431.0000,216396,0,0.0000,8.0000,4,4,空换,S,2431.0000,0.0000,0.0000,0.0000,0.0000,2432.0000,0.0000,0.0000,0.0000,0.0000,115,0,0,0,0,26,0,0,0,0
zc,WS209,2012-06-14 09:07:45.657,2431.0000,216396,0,0.0000,0.0000,0,0,空换,S,2431.0000,0.0000,0.0000,0.0000,0.0000,2432.0000,0.0000,0.0000,0.0000,0.0000,118,0,0,0,0,24,0,0,0,0
zc,WS209,2012-06-14 09:07:46.457,2432.0000,216396,0,0.0000,2.0000,1,1,多换,B,2431.0000,0.0000,0.0000,0.0000,0.0000,2432.0000,0.0000,0.0000,0.0000,0.0000,129,0,0,0,0,23,0,0,0,0
zc,WS209,2012-06-14 09:07:49.487,2432.0000,216396,0,0.0000,0.0000,0,0,多换,B,2431.0000,0.0000,0.0000,0.0000,0.0000,2432.0000,0.0000,0.0000,0.0000,0.0000,129,0,0,0,0,22,0,0,0,0
zc,WS209,2012-06-14 09:07:49.940,2432.0000,216396,0,0.0000,2.0000,1,1,多换,B,2431.0000,0.0000,0.0000,0.0000,0.0000,2432.0000,0.0000,0.0000,0.0000,0.0000,129,0,0,0,0,21,0,0,0,0
zc,WS209,2012-06-14 09:07:54.157,2432.0000,216396,0,0.0000,0.0000,0,0,多换,B,2431.0000,0.0000,0.0000,0.0000,0.0000,2432.0000,0.0000,0.0000,0.0000,0.0000,129,0,0,0,0,19,0,0,0,0
zc,WS209,2012-06-14 09:07:54.893,2432.0000,216396,0,0.0000,18.0000,9,9,多换,B,2431.0000,0.0000,0.0000,0.0000,0.0000,2432.0000,0.0000,0.0000,0.0000,0.0000,115,0,0,0,0,28,0,0,0,0
zc,WS209,2012-06-14 09:07:55.957,2432.0000,216396,0,0.0000,0.0000,0,0,多换,B,2431.0000,0.0000,0.0000,0.0000,0.0000,2432.0000,0.0000,0.0000,0.0000,0.0000,115,0,0,0,0,33,0,0,0,0
zc,WS209,2012-06-14 09:07:56.440,2432.0000,216396,0,0.0000,0.0000,0,0,多换,B,2431.0000,0.0000,0.0000,0.0000,0.0000,2432.0000,0.0000,0.0000,0.0000,0.0000,114,0,0,0,0,33,0,0,0,0
zc,WS209,2012-06-14 09:08:00.173,2432.0000,216396,0,0.0000,0.0000,0,0,多换,B,2431.0000,0.0000,0.0000,0.0000,0.0000,2432.0000,0.0000,0.0000,0.0000,0.0000,114,0,0,0,0,68,0,0,0,0
zc,WS209,2012-06-14 09:08:01.923,2432.0000,216396,0,0.0000,0.0000,0,0,多换,B,2431.0000,0.0000,0.0000,0.0000,0.0000,2432.0000,0.0000,0.0000,0.0000,0.0000,128,0,0,0,0,50,0,0,0,0
zc,WS209,2012-06-14 09:08:07.457,2432.0000,216396,0,0.0000,0.0000,0,0,多换,B,2431.0000,0.0000,0.0000,0.0000,0.0000,2432.0000,0.0000,0.0000,0.0000,0.0000,129,0,0,0,0,50,0,0,0,0
zc,WS209,2012-06-14 09:08:07.970,2431.0000,216396,0,0.0000,4.0000,2,2,空换,S,2431.0000,0.0000,0.0000,0.0000,0.0000,2432.0000,0.0000,0.0000,0.0000,0.0000,127,0,0,0,0,50,0,0,0,0
zc,WS209,2012-06-14 09:08:09.173,2431.0000,216396,0,0.0000,0.0000,0,0,空换,S,2431.0000,0.0000,0.0000,0.0000,0.0000,2432.0000,0.0000,0.0000,0.0000,0.0000,127,0,0,0,0,54,0,0,0,0
zc,WS209,2012-06-14 09:08:09.673,2431.0000,216396,0,0.0000,0.0000,0,0,空换,S,2431.0000,0.0000,0.0000,0.0000,0.0000,2432.0000,0.0000,0.0000,0.0000,0.0000,128,0,0,0,0,55,0,0,0,0
zc,WS209,2012-06-14 09:08:12.690,2431.0000,216396,0,0.0000,0.0000,0,0,空换,S,2431.0000,0.0000,0.0000,0.0000,0.0000,2432.0000,0.0000,0.0000,0.0000,0.0000,114,0,0,0,0,93,0,0,0,0
zc,WS209,2012-06-14 09:08:18.707,2432.0000,216396,0,0.0000,2.0000,1,1,多换,B,2431.0000,0.0000,0.0000,0.0000,0.0000,2432.0000,0.0000,0.0000,0.0000,0.0000,114,0,0,0,0,92,0,0,0,0
zc,WS209,2012-06-14 09:08:21.173,2432.0000,216284,-112,0.0000,180.0000,34,146,空平,B,2431.0000,0.0000,0.0000,0.0000,0.0000,2432.0000,0.0000,0.0000,0.0000,0.0000,114,0,0,0,0,77,0,0,0,0
zc,WS209,2012-06-14 09:08:21.923,2432.0000,216284,0,0.0000,0.0000,0,0,多换,B,2431.0000,0.0000,0.0000,0.0000,0.0000,2432.0000,0.0000,0.0000,0.0000,0.0000,116,0,0,0,0,74,0,0,0,0
zc,WS209,2012-06-14 09:08:22.407,2432.0000,216284,0,0.0000,0.0000,0,0,多换,B,2431.0000,0.0000,0.0000,0.0000,0.0000,2432.0000,0.0000,0.0000,0.0000,0.0000,116,0,0,0,0,66,0,0,0,0
zc,WS209,2012-06-14 09:08:22.940,2432.0000,216284,0,0.0000,0.0000,0,0,多换,B,2431.0000,0.0000,0.0000,0.0000,0.0000,2432.0000,0.0000,0.0000,0.0000,0.0000,117,0,0,0,0,66,0,0,0,0
zc,WS209,2012-06-14 09:08:23.923,2432.0000,216286,2,0.0000,2.0000,2,0,双开,B,2431.0000,0.0000,0.0000,0.0000,0.0000,2432.0000,0.0000,0.0000,0.0000,0.0000,117,0,0,0,0,65,0,0,0,0
zc,WS209,2012-06-14 09:08:24.907,2432.0000,216286,0,0.0000,0.0000,0,0,多换,B,2431.0000,0.0000,0.0000,0.0000,0.0000,2432.0000,0.0000,0.0000,0.0000,0.0000,116,0,0,0,0,66,0,0,0,0
zc,WS209,2012-06-14 09:08:25.157,2431.0000,216286,0,0.0000,2.0000,1,1,空换,S,2431.0000,0.0000,0.0000,0.0000,0.0000,2432.0000,0.0000,0.0000,0.0000,0.0000,115,0,0,0,0,66,0,0,0,0
zc,WS209,2012-06-14 09:08:27.657,2432.0000,216286,0,0.0000,2.0000,1,1,多换,B,2431.0000,0.0000,0.0000,0.0000,0.0000,2432.0000,0.0000,0.0000,0.0000,0.0000,118,0,0,0,0,64,0,0,0,0
zc,WS209,2012-06-14 09:08:28.173,2432.0000,216286,0,0.0000,0.0000,0,0,多换,B,2431.0000,0.0000,0.0000,0.0000,0.0000,2432.0000,0.0000,0.0000,0.0000,0.0000,115,0,0,0,0,64,0,0,0,0
zc,WS209,2012-06-14 09:08:29.190,2432.0000,216286,0,0.0000,0.0000,0,0,多换,B,2431.0000,0.0000,0.0000,0.0000,0.0000,2432.0000,0.0000,0.0000,0.0000,0.0000,115,0,0,0,0,69,0,0,0,0
zc,WS209,2012-06-14 09:08:30.407,2432.0000,216286,0,0.0000,2.0000,1,1,多换,B,2431.0000,0.0000,0.0000,0.0000,0.0000,2432.0000,0.0000,0.0000,0.0000,0.0000,115,0,0,0,0,79,0,0,0,0
zc,WS209,2012-06-14 09:08:30.923,2432.0000,216286,0,0.0000,0.0000,0,0,多换,B,2431.0000,0.0000,0.0000,0.0000,0.0000,2432.0000,0.0000,0.0000,0.0000,0.0000,115,0,0,0,0,92,0,0,0,0
zc,WS209,2012-06-14 09:08:31.643,2432.0000,216286,0,0.0000,2.0000,1,1,多换,B,2431.0000,0.0000,0.0000,0.0000,0.0000,2432.0000,0.0000,0.0000,0.0000,0.0000,115,0,0,0,0,93,0,0,0,0
zc,WS209,2012-06-14 09:08:32.643,2432.0000,216286,0,0.0000,0.0000,0,0,多换,B,2431.0000,0.0000,0.0000,0.0000,0.0000,2432.0000,0.0000,0.0000,0.0000,0.0000,116,0,0,0,0,96,0,0,0,0
zc,WS209,2012-06-14 09:08:33.173,2432.0000,216286,0,0.0000,0.0000,0,0,多换,B,2431.0000,0.0000,0.0000,0.0000,0.0000,2432.0000,0.0000,0.0000,0.0000,0.0000,116,0,0,0,0,118,0,0,0,0
zc,WS209,2012-06-14 09:08:34.127,2432.0000,216282,-4,0.0000,40.0000,18,22,空平,B,2431.0000,0.0000,0.0000,0.0000,0.0000,2432.0000,0.0000,0.0000,0.0000,0.0000,117,0,0,0,0,98,0,0,0,0
zc,WS209,2012-06-14 09:08:37.673,2432.0000,216282,0,0.0000,0.0000,0,0,多换,B,2431.0000,0.0000,0.0000,0.0000,0.0000,2432.0000,0.0000,0.0000,0.0000,0.0000,115,0,0,0,0,98,0,0,0,0
zc,WS209,2012-06-14 09:08:38.220,2432.0000,216282,0,0.0000,0.0000,0,0,多换,B,2431.0000,0.0000,0.0000,0.0000,0.0000,2432.0000,0.0000,0.0000,0.0000,0.0000,116,0,0,0,0,98,0,0,0,0
zc,WS209,2012-06-14 09:08:39.407,2431.0000,216282,0,0.0000,2.0000,1,1,空换,S,2431.0000,0.0000,0.0000,0.0000,0.0000,2432.0000,0.0000,0.0000,0.0000,0.0000,115,0,0,0,0,98,0,0,0,0
zc,WS209,2012-06-14 09:08:40.127,2432.0000,216292,10,0.0000,10.0000,10,0,双开,B,2431.0000,0.0000,0.0000,0.0000,0.0000,2432.0000,0.0000,0.0000,0.0000,0.0000,115,0,0,0,0,93,0,0,0,0
zc,WS209,2012-06-14 09:08:41.907,2432.0000,216292,0,0.0000,0.0000,0,0,多换,B,2431.0000,0.0000,0.0000,0.0000,0.0000,2432.0000,0.0000,0.0000,0.0000,0.0000,117,0,0,0,0,93,0,0,0,0
zc,WS209,2012-06-14 09:08:48.657,2432.0000,216228,-64,0.0000,200.0000,68,132,空平,B,2431.0000,0.0000,0.0000,0.0000,0.0000,2432.0000,0.0000,0.0000,0.0000,0.0000,117,0,0,0,0,24,0,0,0,0
zc,WS209,2012-06-14 09:08:49.207,2431.0000,216228,0,0.0000,20.0000,10,10,空换,S,2431.0000,0.0000,0.0000,0.0000,0.0000,2432.0000,0.0000,0.0000,0.0000,0.0000,107,0,0,0,0,24,0,0,0,0
zc,WS209,2012-06-14 09:08:50.173,2431.0000,216230,2,0.0000,2.0000,2,0,双开,S,2431.0000,0.0000,0.0000,0.0000,0.0000,2432.0000,0.0000,0.0000,0.0000,0.0000,106,0,0,0,0,24,0,0,0,0
zc,WS209,2012-06-14 09:08:53.657,2431.0000,216230,0,0.0000,0.0000,0,0,空换,S,2431.0000,0.0000,0.0000,0.0000,0.0000,2432.0000,0.0000,0.0000,0.0000,0.0000,107,0,0,0,0,24,0,0,0,0
zc,WS209,2012-06-14 09:08:54.923,2431.0000,216230,0,0.0000,0.0000,0,0,空换,S,2431.0000,0.0000,0.0000,0.0000,0.0000,2432.0000,0.0000,0.0000,0.0000,0.0000,108,0,0,0,0,24,0,0,0,0
zc,WS209,2012-06-14 09:08:57.157,2432.0000,216220,-10,0.0000,12.0000,1,11,空平,B,2431.0000,0.0000,0.0000,0.0000,0.0000,2432.0000,0.0000,0.0000,0.0000,0.0000,108,0,0,0,0,19,0,0,0,0
zc,WS209,2012-06-14 09:08:57.987,2432.0000,216208,-12,0.0000,12.0000,0,12,双平,B,2431.0000,0.0000,0.0000,0.0000,0.0000,2432.0000,0.0000,0.0000,0.0000,0.0000,108,0,0,0,0,13,0,0,0,0
zc,WS209,2012-06-14 09:08:58.923,2431.0000,216208,0,0.0000,4.0000,2,2,空换,S,2431.0000,0.0000,0.0000,0.0000,0.0000,2432.0000,0.0000,0.0000,0.0000,0.0000,106,0,0,0,0,13,0,0,0,0
zc,WS209,2012-06-14 09:08:59.423,2431.0000,216208,0,0.0000,0.0000,0,0,空换,S,2431.0000,0.0000,0.0000,0.0000,0.0000,2432.0000,0.0000,0.0000,0.0000,0.0000,107,0,0,0,0,13,0,0,0,0
zc,WS209,2012-06-14 09:09:00.157,2432.0000,216206,-2,0.0000,2.0000,0,2,双平,B,2431.0000,0.0000,0.0000,0.0000,0.0000,2432.0000,0.0000,0.0000,0.0000,0.0000,107,0,0,0,0,12,0,0,0,0
zc,WS209,2012-06-14 09:09:01.190,2432.0000,216206,0,0.0000,4.0000,2,2,多换,B,2431.0000,0.0000,0.0000,0.0000,0.0000,2432.0000,0.0000,0.0000,0.0000,0.0000,107,0,0,0,0,10,0,0,0,0
zc,WS209,2012-06-14 09:09:01.893,2432.0000,216206,0,0.0000,2.0000,1,1,多换,B,2431.0000,0.0000,0.0000,0.0000,0.0000,2432.0000,0.0000,0.0000,0.0000,0.0000,107,0,0,0,0,9,0,0,0,0
zc,WS209,2012-06-14 09:09:04.657,2432.0000,216206,0,0.0000,0.0000,0,0,多换,B,2431.0000,0.0000,0.0000,0.0000,0.0000,2432.0000,0.0000,0.0000,0.0000,0.0000,108,0,0,0,0,9,0,0,0,0
zc,WS209,2012-06-14 09:09:05.643,2432.0000,216188,-18,0.0000,18.0000,0,18,双平,B,2432.0000,0.0000,0.0000,0.0000,0.0000,2433.0000,0.0000,0.0000,0.0000,0.0000,1,0,0,0,0,20,0,0,0,0
zc,WS209,2012-06-14 09:09:07.173,2432.0000,216188,0,0.0000,0.0000,0,0,多换,B,2432.0000,0.0000,0.0000,0.0000,0.0000,2433.0000,0.0000,0.0000,0.0000,0.0000,3,0,0,0,0,20,0,0,0,0
zc,WS209,2012-06-14 09:09:07.423,2432.0000,216188,0,0.0000,0.0000,0,0,多换,B,2432.0000,0.0000,0.0000,0.0000,0.0000,2433.0000,0.0000,0.0000,0.0000,0.0000,3,0,0,0,0,10,0,0,0,0
zc,WS209,2012-06-14 09:09:08.220,2432.0000,216186,-2,0.0000,2.0000,0,2,双平,B,2432.0000,0.0000,0.0000,0.0000,0.0000,2433.0000,0.0000,0.0000,0.0000,0.0000,2,0,0,0,0,10,0,0,0,0
zc,WS209,2012-06-14 09:09:09.907,2432.0000,216186,0,0.0000,0.0000,0,0,多换,B,2432.0000,0.0000,0.0000,0.0000,0.0000,2433.0000,0.0000,0.0000,0.0000,0.0000,9,0,0,0,0,10,0,0,0,0
zc,WS209,2012-06-14 09:09:10.423,2432.0000,216186,0,0.0000,0.0000,0,0,多换,B,2432.0000,0.0000,0.0000,0.0000,0.0000,2433.0000,0.0000,0.0000,0.0000,0.0000,9,0,0,0,0,60,0,0,0,0
zc,WS209,2012-06-14 09:09:10.893,2432.0000,216186,0,0.0000,0.0000,0,0,多换,B,2432.0000,0.0000,0.0000,0.0000,0.0000,2433.0000,0.0000,0.0000,0.0000,0.0000,11,0,0,0,0,60,0,0,0,0
zc,WS209,2012-06-14 09:09:18.407,2432.0000,216186,0,0.0000,0.0000,0,0,多换,B,2432.0000,0.0000,0.0000,0.0000,0.0000,2433.0000,0.0000,0.0000,0.0000,0.0000,12,0,0,0,0,60,0,0,0,0
zc,WS209,2012-06-14 09:09:23.673,2432.0000,216186,0,0.0000,0.0000,0,0,多换,B,2432.0000,0.0000,0.0000,0.0000,0.0000,2433.0000,0.0000,0.0000,0.0000,0.0000,15,0,0,0,0,60,0,0,0,0
zc,WS209,2012-06-14 09:09:24.157,2432.0000,216186,0,0.0000,0.0000,0,0,多换,B,2432.0000,0.0000,0.0000,0.0000,0.0000,2433.0000,0.0000,0.0000,0.0000,0.0000,21,0,0,0,0,60,0,0,0,0
zc,WS209,2012-06-14 09:09:25.423,2432.0000,216186,0,0.0000,0.0000,0,0,多换,B,2432.0000,0.0000,0.0000,0.0000,0.0000,2433.0000,0.0000,0.0000,0.0000,0.0000,21,0,0,0,0,70,0,0,0,0
zc,WS209,2012-06-14 09:09:26.690,2432.0000,216182,-4,0.0000,8.0000,2,6,空平,B,2432.0000,0.0000,0.0000,0.0000,0.0000,2433.0000,0.0000,0.0000,0.0000,0.0000,17,0,0,0,0,70,0,0,0,0
zc,WS209,2012-06-14 09:09:27.690,2432.0000,216182,0,0.0000,2.0000,1,1,多换,B,2432.0000,0.0000,0.0000,0.0000,0.0000,2433.0000,0.0000,0.0000,0.0000,0.0000,16,0,0,0,0,70,0,0,0,0
zc,WS209,2012-06-14 09:09:28.643,2432.0000,216204,22,0.0000,22.0000,22,0,双开,B,2432.0000,0.0000,0.0000,0.0000,0.0000,2433.0000,0.0000,0.0000,0.0000,0.0000,5,0,0,0,0,70,0,0,0,0
zc,WS209,2012-06-14 09:09:31.690,2432.0000,216204,0,0.0000,0.0000,0,0,多换,B,2432.0000,0.0000,0.0000,0.0000,0.0000,2433.0000,0.0000,0.0000,0.0000,0.0000,5,0,0,0,0,71,0,0,0,0
zc,WS209,2012-06-14 09:09:33.423,2432.0000,216204,0,0.0000,0.0000,0,0,多换,B,2432.0000,0.0000,0.0000,0.0000,0.0000,2433.0000,0.0000,0.0000,0.0000,0.0000,5,0,0,0,0,61,0,0,0,0
zc,WS209,2012-06-14 09:09:33.940,2432.0000,216204,0,0.0000,10.0000,5,5,多换,B,2431.0000,0.0000,0.0000,0.0000,0.0000,2432.0000,0.0000,0.0000,0.0000,0.0000,112,0,0,0,0,6,0,0,0,0
zc,WS209,2012-06-14 09:09:34.753,2432.0000,216204,0,0.0000,0.0000,0,0,多换,B,2431.0000,0.0000,0.0000,0.0000,0.0000,2432.0000,0.0000,0.0000,0.0000,0.0000,122,0,0,0,0,6,0,0,0,0
zc,WS209,2012-06-14 09:09:35.893,2431.0000,216204,0,0.0000,2.0000,1,1,空换,S,2431.0000,0.0000,0.0000,0.0000,0.0000,2432.0000,0.0000,0.0000,0.0000,0.0000,121,0,0,0,0,6,0,0,0,0
zc,WS209,2012-06-14 09:09:36.190,2431.0000,216204,0,0.0000,0.0000,0,0,空换,S,2431.0000,0.0000,0.0000,0.0000,0.0000,2432.0000,0.0000,0.0000,0.0000,0.0000,121,0,0,0,0,7,0,0,0,0
zc,WS209,2012-06-14 09:09:37.457,2431.0000,216204,0,0.0000,0.0000,0,0,空换,S,2431.0000,0.0000,0.0000,0.0000,0.0000,2432.0000,0.0000,0.0000,0.0000,0.0000,121,0,0,0,0,8,0,0,0,0
zc,WS209,2012-06-14 09:09:41.190,2431.0000,216204,0,0.0000,0.0000,0,0,空换,S,2431.0000,0.0000,0.0000,0.0000,0.0000,2432.0000,0.0000,0.0000,0.0000,0.0000,121,0,0,0,0,25,0,0,0,0
zc,WS209,2012-06-14 09:09:41.657,2431.0000,216204,0,0.0000,0.0000,0,0,空换,S,2431.0000,0.0000,0.0000,0.0000,0.0000,2432.0000,0.0000,0.0000,0.0000,0.0000,121,0,0,0,0,58,0,0,0,0
zc,WS209,2012-06-14 09:09:43.957,2431.0000,216204,0,0.0000,0.0000,0,0,空换,S,2431.0000,0.0000,0.0000,0.0000,0.0000,2432.0000,0.0000,0.0000,0.0000,0.0000,123,0,0,0,0,58,0,0,0,0
zc,WS209,2012-06-14 09:09:46.423,2431.0000,216204,0,0.0000,2.0000,1,1,空换,S,2431.0000,0.0000,0.0000,0.0000,0.0000,2432.0000,0.0000,0.0000,0.0000,0.0000,122,0,0,0,0,58,0,0,0,0
zc,WS209,2012-06-14 09:09:46.940,2431.0000,216204,0,0.0000,0.0000,0,0,空换,S,2431.0000,0.0000,0.0000,0.0000,0.0000,2432.0000,0.0000,0.0000,0.0000,0.0000,122,0,0,0,0,60,0,0,0,0
zc,WS209,2012-06-14 09:09:48.657,2431.0000,216204,0,0.0000,2.0000,1,1,空换,S,2431.0000,0.0000,0.0000,0.0000,0.0000,2432.0000,0.0000,0.0000,0.0000,0.0000,121,0,0,0,0,60,0,0,0,0
zc,WS209,2012-06-14 09:09:49.173,2431.0000,216206,2,0.0000,2.0000,2,0,双开,S,2431.0000,0.0000,0.0000,0.0000,0.0000,2432.0000,0.0000,0.0000,0.0000,0.0000,120,0,0,0,0,70,0,0,0,0
zc,WS209,2012-06-14 09:09:50.407,2431.0000,216206,0,0.0000,0.0000,0,0,空换,S,2431.0000,0.0000,0.0000,0.0000,0.0000,2432.0000,0.0000,0.0000,0.0000,0.0000,120,0,0,0,0,69,0,0,0,0
zc,WS209,2012-06-14 09:09:50.940,2431.0000,216206,0,0.0000,0.0000,0,0,空换,S,2431.0000,0.0000,0.0000,0.0000,0.0000,2432.0000,0.0000,0.0000,0.0000,0.0000,121,0,0,0,0,69,0,0,0,0
zc,WS209,2012-06-14 09:09:51.673,2431.0000,216206,0,0.0000,0.0000,0,0,空换,S,2431.0000,0.0000,0.0000,0.0000,0.0000,2432.0000,0.0000,0.0000,0.0000,0.0000,120,0,0,0,0,71,0,0,0,0
zc,WS209,2012-06-14 09:09:51.923,2431.0000,216208,2,0.0000,4.0000,3,1,空开,S,2431.0000,0.0000,0.0000,0.0000,0.0000,2432.0000,0.0000,0.0000,0.0000,0.0000,118,0,0,0,0,71,0,0,0,0
zc,WS209,2012-06-14 09:09:52.643,2431.0000,216210,2,0.0000,2.0000,2,0,双开,S,2431.0000,0.0000,0.0000,0.0000,0.0000,2432.0000,0.0000,0.0000,0.0000,0.0000,117,0,0,0,0,71,0,0,0,0
zc,WS209,2012-06-14 09:09:56.673,2431.0000,216210,0,0.0000,2.0000,1,1,空换,S,2431.0000,0.0000,0.0000,0.0000,0.0000,2432.0000,0.0000,0.0000,0.0000,0.0000,116,0,0,0,0,71,0,0,0,0
zc,WS209,2012-06-14 09:09:57.237,2431.0000,216210,0,0.0000,2.0000,1,1,空换,S,2431.0000,0.0000,0.0000,0.0000,0.0000,2432.0000,0.0000,0.0000,0.0000,0.0000,115,0,0,0,0,71,0,0,0,0
zc,WS209,2012-06-14 09:09:57.657,2431.0000,216210,0,0.0000,14.0000,7,7,空换,S,2431.0000,0.0000,0.0000,0.0000,0.0000,2432.0000,0.0000,0.0000,0.0000,0.0000,107,0,0,0,0,71,0,0,0,0
zc,WS209,2012-06-14 09:09:59.690,2431.0000,216210,0,0.0000,0.0000,0,0,空换,S,2431.0000,0.0000,0.0000,0.0000,0.0000,2432.0000,0.0000,0.0000,0.0000,0.0000,107,0,0,0,0,72,0,0,0,0
zc,WS209,2012-06-14 09:10:01.957,2431.0000,216210,0,0.0000,0.0000,0,0,空换,S,2431.0000,0.0000,0.0000,0.0000,0.0000,2432.0000,0.0000,0.0000,0.0000,0.0000,108,0,0,0,0,73,0,0,0,0
zc,WS209,2012-06-14 09:10:02.907,2431.0000,216210,0,0.0000,0.0000,0,0,空换,S,2431.0000,0.0000,0.0000,0.0000,0.0000,2432.0000,0.0000,0.0000,0.0000,0.0000,108,0,0,0,0,73,0,0,0,0
zc,WS209,2012-06-14 09:10:04.237,2431.0000,216206,-4,0.0000,10.0000,3,7,多平,S,2431.0000,0.0000,0.0000,0.0000,0.0000,2432.0000,0.0000,0.0000,0.0000,0.0000,103,0,0,0,0,73,0,0,0,0
zc,WS209,2012-06-14 09:10:05.940,2431.0000,216206,0,0.0000,12.0000,6,6,空换,S,2431.0000,0.0000,0.0000,0.0000,0.0000,2432.0000,0.0000,0.0000,0.0000,0.0000,97,0,0,0,0,73,0,0,0,0
zc,WS209,2012-06-14 09:10:06.440,2431.0000,216088,-118,0.0000,194.0000,38,156,多平,S,2430.0000,0.0000,0.0000,0.0000,0.0000,2432.0000,0.0000,0.0000,0.0000,0.0000,118,0,0,0,0,31,0,0,0,0
zc,WS209,2012-06-14 09:10:07.157,2431.0000,216088,0,0.0000,0.0000,0,0,空换,S,2430.0000,0.0000,0.0000,0.0000,0.0000,2431.0000,0.0000,0.0000,0.0000,0.0000,118,0,0,0,0,1,0,0,0,0
zc,WS209,2012-06-14 09:10:09.190,2430.0000,216088,0,0.0000,2.0000,1,1,空换,S,2430.0000,0.0000,0.0000,0.0000,0.0000,2431.0000,0.0000,0.0000,0.0000,0.0000,117,0,0,0,0,1,0,0,0,0
zc,WS209,2012-06-14 09:10:10.440,2430.0000,216088,0,0.0000,0.0000,0,0,空换,S,2430.0000,0.0000,0.0000,0.0000,0.0000,2431.0000,0.0000,0.0000,0.0000,0.0000,117,0,0,0,0,12,0,0,0,0
zc,WS209,2012-06-14 09:10:11.157,2430.0000,216088,0,0.0000,0.0000,0,0,空换,S,2430.0000,0.0000,0.0000,0.0000,0.0000,2431.0000,0.0000,0.0000,0.0000,0.0000,117,0,0,0,0,17,0,0,0,0
zc,WS209,2012-06-14 09:10:11.423,2430.0000,216088,0,0.0000,0.0000,0,0,空换,S,2430.0000,0.0000,0.0000,0.0000,0.0000,2431.0000,0.0000,0.0000,0.0000,0.0000,117,0,0,0,0,18,0,0,0,0
zc,WS209,2012-06-14 09:10:12.657,2430.0000,216088,0,0.0000,0.0000,0,0,空换,S,2430.0000,0.0000,0.0000,0.0000,0.0000,2431.0000,0.0000,0.0000,0.0000,0.0000,117,0,0,0,0,19,0,0,0,0
zc,WS209,2012-06-14 09:10:15.503,2430.0000,216088,0,0.0000,0.0000,0,0,空换,S,2430.0000,0.0000,0.0000,0.0000,0.0000,2431.0000,0.0000,0.0000,0.0000,0.0000,117,0,0,0,0,22,0,0,0,0
zc,WS209,2012-06-14 09:10:16.457,2430.0000,216088,0,0.0000,0.0000,0,0,空换,S,2430.0000,0.0000,0.0000,0.0000,0.0000,2431.0000,0.0000,0.0000,0.0000,0.0000,117,0,0,0,0,23,0,0,0,0
zc,WS209,2012-06-14 09:10:19.237,2430.0000,216074,-14,0.0000,14.0000,0,14,双平,S,2430.0000,0.0000,0.0000,0.0000,0.0000,2431.0000,0.0000,0.0000,0.0000,0.0000,110,0,0,0,0,23,0,0,0,0
zc,WS209,2012-06-14 09:10:19.987,2430.0000,216074,0,0.0000,2.0000,1,1,空换,S,2430.0000,0.0000,0.0000,0.0000,0.0000,2431.0000,0.0000,0.0000,0.0000,0.0000,109,0,0,0,0,23,0,0,0,0
zc,WS209,2012-06-14 09:10:20.707,2430.0000,216060,-14,0.0000,14.0000,0,14,双平,S,2430.0000,0.0000,0.0000,0.0000,0.0000,2431.0000,0.0000,0.0000,0.0000,0.0000,102,0,0,0,0,24,0,0,0,0
zc,WS209,2012-06-14 09:10:20.957,2430.0000,216050,-10,0.0000,12.0000,1,11,多平,S,2430.0000,0.0000,0.0000,0.0000,0.0000,2431.0000,0.0000,0.0000,0.0000,0.0000,96,0,0,0,0,19,0,0,0,0
zc,WS209,2012-06-14 09:10:21.690,2430.0000,216032,-18,0.0000,24.0000,3,21,多平,S,2430.0000,0.0000,0.0000,0.0000,0.0000,2431.0000,0.0000,0.0000,0.0000,0.0000,84,0,0,0,0,37,0,0,0,0
zc,WS209,2012-06-14 09:10:22.173,2430.0000,216026,-6,0.0000,16.0000,5,11,多平,S,2430.0000,0.0000,0.0000,0.0000,0.0000,2431.0000,0.0000,0.0000,0.0000,0.0000,76,0,0,0,0,27,0,0,0,0
zc,WS209,2012-06-14 09:10:22.970,2430.0000,216026,0,0.0000,6.0000,3,3,空换,S,2430.0000,0.0000,0.0000,0.0000,0.0000,2431.0000,0.0000,0.0000,0.0000,0.0000,73,0,0,0,0,27,0,0,0,0
zc,WS209,2012-06-14 09:10:23.190,2430.0000,216020,-6,0.0000,8.0000,1,7,多平,S,2430.0000,0.0000,0.0000,0.0000,0.0000,2431.0000,0.0000,0.0000,0.0000,0.0000,65,0,0,0,0,27,0,0,0,0
zc,WS209,2012-06-14 09:10:23.957,2430.0000,216020,0,0.0000,6.0000,3,3,空换,S,2430.0000,0.0000,0.0000,0.0000,0.0000,2431.0000,0.0000,0.0000,0.0000,0.0000,62,0,0,0,0,27,0,0,0,0
zc,WS209,2012-06-14 09:10:24.487,2430.0000,216064,44,0.0000,124.0000,84,40,空开,S,2429.0000,0.0000,0.0000,0.0000,0.0000,2430.0000,0.0000,0.0000,0.0000,0.0000,56,0,0,0,0,40,0,0,0,0
zc,WS209,2012-06-14 09:10:25.173,2430.0000,216064,0,0.0000,0.0000,0,0,空换,S,2429.0000,0.0000,0.0000,0.0000,0.0000,2430.0000,0.0000,0.0000,0.0000,0.0000,70,0,0,0,0,1,0,0,0,0
zc,WS209,2012-06-14 09:10:28.237,2430.0000,216070,6,0.0000,16.0000,11,5,空开,S,2430.0000,0.0000,0.0000,0.0000,0.0000,2431.0000,0.0000,0.0000,0.0000,0.0000,9,0,0,0,0,15,0,0,0,0
zc,WS209,2012-06-14 09:10:28.707,2430.0000,216070,0,0.0000,0.0000,0,0,空换,S,2430.0000,0.0000,0.0000,0.0000,0.0000,2431.0000,0.0000,0.0000,0.0000,0.0000,9,0,0,0,0,17,0,0,0,0
zc,WS209,2012-06-14 09:10:30.440,2430.0000,216070,0,0.0000,0.0000,0,0,空换,S,2430.0000,0.0000,0.0000,0.0000,0.0000,2431.0000,0.0000,0.0000,0.0000,0.0000,11,0,0,0,0,17,0,0,0,0
zc,WS209,2012-06-14 09:10:30.893,2430.0000,216072,2,0.0000,2.0000,2,0,双开,S,2430.0000,0.0000,0.0000,0.0000,0.0000,2431.0000,0.0000,0.0000,0.0000,0.0000,10,0,0,0,0,17,0,0,0,0
zc,WS209,2012-06-14 09:10:31.440,2430.0000,216074,2,0.0000,2.0000,2,0,双开,S,2430.0000,0.0000,0.0000,0.0000,0.0000,2431.0000,0.0000,0.0000,0.0000,0.0000,9,0,0,0,0,17,0,0,0,0
zc,WS209,2012-06-14 09:10:32.157,2430.0000,216074,0,0.0000,0.0000,0,0,空换,S,2430.0000,0.0000,0.0000,0.0000,0.0000,2431.0000,0.0000,0.0000,0.0000,0.0000,9,0,0,0,0,14,0,0,0,0
zc,WS209,2012-06-14 09:10:32.423,2431.0000,216074,0,0.0000,4.0000,2,2,多换,B,2430.0000,0.0000,0.0000,0.0000,0.0000,2431.0000,0.0000,0.0000,0.0000,0.0000,8,0,0,0,0,12,0,0,0,0
zc,WS209,2012-06-14 09:10:33.673,2430.0000,216094,20,0.0000,20.0000,20,0,双开,S,2430.0000,0.0000,0.0000,0.0000,0.0000,2431.0000,0.0000,0.0000,0.0000,0.0000,8,0,0,0,0,13,0,0,0,0
zc,WS209,2012-06-14 09:10:35.440,2430.0000,216124,30,0.0000,30.0000,30,0,双开,S,2430.0000,0.0000,0.0000,0.0000,0.0000,2431.0000,0.0000,0.0000,0.0000,0.0000,23,0,0,0,0,13,0,0,0,0
zc,WS209,2012-06-14 09:10:36.237,2430.0000,216124,0,0.0000,0.0000,0,0,空换,S,2430.0000,0.0000,0.0000,0.0000,0.0000,2431.0000,0.0000,0.0000,0.0000,0.0000,23,0,0,0,0,12,0,0,0,0
zc,WS209,2012-06-14 09:10:36.707,2430.0000,216124,0,0.0000,0.0000,0,0,空换,S,2430.0000,0.0000,0.0000,0.0000,0.0000,2431.0000,0.0000,0.0000,0.0000,0.0000,20,0,0,0,0,12,0,0,0,0
zc,WS209,2012-06-14 09:10:37.220,2430.0000,216124,0,0.0000,2.0000,1,1,空换,S,2430.0000,0.0000,0.0000,0.0000,0.0000,2431.0000,0.0000,0.0000,0.0000,0.0000,18,0,0,0,0,12,0,0,0,0
zc,WS209,2012-06-14 09:10:37.720,2430.0000,216124,0,0.0000,0.0000,0,0,空换,S,2430.0000,0.0000,0.0000,0.0000,0.0000,2431.0000,0.0000,0.0000,0.0000,0.0000,12,0,0,0,0,12,0,0,0,0
zc,WS209,2012-06-14 09:10:38.423,2430.0000,216124,0,0.0000,0.0000,0,0,空换,S,2430.0000,0.0000,0.0000,0.0000,0.0000,2431.0000,0.0000,0.0000,0.0000,0.0000,10,0,0,0,0,11,0,0,0,0
zc,WS209,2012-06-14 09:10:38.940,2430.0000,216124,0,0.0000,0.0000,0,0,空换,S,2430.0000,0.0000,0.0000,0.0000,0.0000,2431.0000,0.0000,0.0000,0.0000,0.0000,5,0,0,0,0,44,0,0,0,0
zc,WS209,2012-06-14 09:10:39.737,2430.0000,216124,0,0.0000,0.0000,0,0,空换,S,2430.0000,0.0000,0.0000,0.0000,0.0000,2431.0000,0.0000,0.0000,0.0000,0.0000,5,0,0,0,0,46,0,0,0,0
zc,WS209,2012-06-14 09:10:40.173,2430.0000,216124,0,0.0000,0.0000,0,0,空换,S,2430.0000,0.0000,0.0000,0.0000,0.0000,2431.0000,0.0000,0.0000,0.0000,0.0000,6,0,0,0,0,50,0,0,0,0
zc,WS209,2012-06-14 09:10:40.643,2430.0000,216122,-2,0.0000,8.0000,3,5,多平,S,2430.0000,0.0000,0.0000,0.0000,0.0000,2431.0000,0.0000,0.0000,0.0000,0.0000,5,0,0,0,0,50,0,0,0,0
zc,WS209,2012-06-14 09:10:41.457,2430.0000,216116,-6,0.0000,8.0000,1,7,多平,S,2430.0000,0.0000,0.0000,0.0000,0.0000,2431.0000,0.0000,0.0000,0.0000,0.0000,1,0,0,0,0,50,0,0,0,0
zc,WS209,2012-06-14 09:10:42.393,2430.0000,216114,-2,0.0000,2.0000,0,2,双平,S,2429.0000,0.0000,0.0000,0.0000,0.0000,2431.0000,0.0000,0.0000,0.0000,0.0000,74,0,0,0,0,50,0,0,0,0
zc,WS209,2012-06-14 09:10:44.143,2430.0000,216114,0,0.0000,0.0000,0,0,空换,S,2429.0000,0.0000,0.0000,0.0000,0.0000,2431.0000,0.0000,0.0000,0.0000,0.0000,74,0,0,0,0,87,0,0,0,0
zc,WS209,2012-06-14 09:10:47.503,2430.0000,216114,0,0.0000,0.0000,0,0,空换,S,2429.0000,0.0000,0.0000,0.0000,0.0000,2431.0000,0.0000,0.0000,0.0000,0.0000,75,0,0,0,0,87,0,0,0,0
zc,WS209,2012-06-14 09:10:48.457,2429.0000,216112,-2,0.0000,2.0000,0,2,双平,S,2429.0000,0.0000,0.0000,0.0000,0.0000,2431.0000,0.0000,0.0000,0.0000,0.0000,74,0,0,0,0,87,0,0,0,0
zc,WS209,2012-06-14 09:10:49.753,2429.0000,216110,-2,0.0000,2.0000,0,2,双平,S,2429.0000,0.0000,0.0000,0.0000,0.0000,2431.0000,0.0000,0.0000,0.0000,0.0000,73,0,0,0,0,87,0,0,0,0
zc,WS209,2012-06-14 09:10:50.923,2429.0000,216106,-4,0.0000,4.0000,0,4,双平,S,2429.0000,0.0000,0.0000,0.0000,0.0000,2430.0000,0.0000,0.0000,0.0000,0.0000,71,0,0,0,0,10,0,0,0,0
zc,WS209,2012-06-14 09:10:51.720,2429.0000,216106,0,0.0000,0.0000,0,0,空换,S,2429.0000,0.0000,0.0000,0.0000,0.0000,2430.0000,0.0000,0.0000,0.0000,0.0000,71,0,0,0,0,11,0,0,0,0
zc,WS209,2012-06-14 09:10:52.143,2429.0000,216104,-2,0.0000,2.0000,0,2,双平,S,2429.0000,0.0000,0.0000,0.0000,0.0000,2430.0000,0.0000,0.0000,0.0000,0.0000,70,0,0,0,0,11,0,0,0,0
zc,WS209,2012-06-14 09:10:53.440,2429.0000,216102,-2,0.0000,2.0000,0,2,双平,S,2429.0000,0.0000,0.0000,0.0000,0.0000,2430.0000,0.0000,0.0000,0.0000,0.0000,69,0,0,0,0,11,0,0,0,0
zc,WS209,2012-06-14 09:10:53.957,2429.0000,216100,-2,0.0000,2.0000,0,2,双平,S,2429.0000,0.0000,0.0000,0.0000,0.0000,2430.0000,0.0000,0.0000,0.0000,0.0000,68,0,0,0,0,11,0,0,0,0
zc,WS209,2012-06-14 09:10:54.440,2430.0000,216100,0,0.0000,8.0000,4,4,多换,B,2429.0000,0.0000,0.0000,0.0000,0.0000,2430.0000,0.0000,0.0000,0.0000,0.0000,68,0,0,0,0,7,0,0,0,0
zc,WS209,2012-06-14 09:10:55.253,2429.0000,216100,0,0.0000,2.0000,1,1,空换,S,2429.0000,0.0000,0.0000,0.0000,0.0000,2430.0000,0.0000,0.0000,0.0000,0.0000,67,0,0,0,0,9,0,0,0,0
zc,WS209,2012-06-14 09:10:57.503,2429.0000,216100,0,0.0000,0.0000,0,0,空换,S,2429.0000,0.0000,0.0000,0.0000,0.0000,2430.0000,0.0000,0.0000,0.0000,0.0000,67,0,0,0,0,16,0,0,0,0
zc,WS209,2012-06-14 09:10:58.643,2429.0000,216100,0,0.0000,0.0000,0,0,空换,S,2429.0000,0.0000,0.0000,0.0000,0.0000,2430.0000,0.0000,0.0000,0.0000,0.0000,67,0,0,0,0,17,0,0,0,0
zc,WS209,2012-06-14 09:11:01.423,2429.0000,216070,-30,0.0000,30.0000,0,30,双平,S,2429.0000,0.0000,0.0000,0.0000,0.0000,2430.0000,0.0000,0.0000,0.0000,0.0000,54,0,0,0,0,17,0,0,0,0
zc,WS209,2012-06-14 09:11:03.957,2429.0000,216068,-2,0.0000,2.0000,0,2,双平,S,2429.0000,0.0000,0.0000,0.0000,0.0000,2430.0000,0.0000,0.0000,0.0000,0.0000,48,0,0,0,0,27,0,0,0,0
zc,WS209,2012-06-14 09:11:04.207,2429.0000,216068,0,0.0000,0.0000,0,0,空换,S,2429.0000,0.0000,0.0000,0.0000,0.0000,2430.0000,0.0000,0.0000,0.0000,0.0000,47,0,0,0,0,27,0,0,0,0
zc,WS209,2012-06-14 09:11:04.907,2429.0000,216068,0,0.0000,0.0000,0,0,空换,S,2429.0000,0.0000,0.0000,0.0000,0.0000,2430.0000,0.0000,0.0000,0.0000,0.0000,46,0,0,0,0,29,0,0,0,0
zc,WS209,2012-06-14 09:11:05.423,2429.0000,216068,0,0.0000,0.0000,0,0,空换,S,2429.0000,0.0000,0.0000,0.0000,0.0000,2430.0000,0.0000,0.0000,0.0000,0.0000,86,0,0,0,0,29,0,0,0,0
zc,WS209,2012-06-14 09:11:06.517,2429.0000,216068,0,0.0000,0.0000,0,0,空换,S,2429.0000,0.0000,0.0000,0.0000,0.0000,2430.0000,0.0000,0.0000,0.0000,0.0000,86,0,0,0,0,32,0,0,0,0
zc,WS209,2012-06-14 09:11:07.190,2429.0000,216068,0,0.0000,0.0000,0,0,空换,S,2429.0000,0.0000,0.0000,0.0000,0.0000,2430.0000,0.0000,0.0000,0.0000,0.0000,87,0,0,0,0,32,0,0,0,0
zc,WS209,2012-06-14 09:11:09.907,2429.0000,216068,0,0.0000,0.0000,0,0,空换,S,2429.0000,0.0000,0.0000,0.0000,0.0000,2430.0000,0.0000,0.0000,0.0000,0.0000,86,0,0,0,0,32,0,0,0,0
zc,WS209,2012-06-14 09:11:10.923,2429.0000,216068,0,0.0000,0.0000,0,0,空换,S,2429.0000,0.0000,0.0000,0.0000,0.0000,2430.0000,0.0000,0.0000,0.0000,0.0000,86,0,0,0,0,33,0,0,0,0
zc,WS209,2012-06-14 09:11:12.237,2429.0000,216068,0,0.0000,0.0000,0,0,空换,S,2429.0000,0.0000,0.0000,0.0000,0.0000,2430.0000,0.0000,0.0000,0.0000,0.0000,87,0,0,0,0,33,0,0,0,0
zc,WS209,2012-06-14 09:11:13.190,2429.0000,216068,0,0.0000,0.0000,0,0,空换,S,2429.0000,0.0000,0.0000,0.0000,0.0000,2430.0000,0.0000,0.0000,0.0000,0.0000,87,0,0,0,0,34,0,0,0,0
zc,WS209,2012-06-14 09:11:14.407,2429.0000,216068,0,0.0000,0.0000,0,0,空换,S,2429.0000,0.0000,0.0000,0.0000,0.0000,2430.0000,0.0000,0.0000,0.0000,0.0000,76,0,0,0,0,34,0,0,0,0
zc,WS209,2012-06-14 09:11:15.220,2429.0000,216068,0,0.0000,0.0000,0,0,空换,S,2429.0000,0.0000,0.0000,0.0000,0.0000,2430.0000,0.0000,0.0000,0.0000,0.0000,78,0,0,0,0,34,0,0,0,0
zc,WS209,2012-06-14 09:11:15.720,2429.0000,216040,-28,0.0000,32.0000,2,30,多平,S,2429.0000,0.0000,0.0000,0.0000,0.0000,2430.0000,0.0000,0.0000,0.0000,0.0000,72,0,0,0,0,19,0,0,0,0
zc,WS209,2012-06-14 09:11:16.207,2429.0000,216040,0,0.0000,0.0000,0,0,空换,S,2429.0000,0.0000,0.0000,0.0000,0.0000,2430.0000,0.0000,0.0000,0.0000,0.0000,73,0,0,0,0,19,0,0,0,0
zc,WS209,2012-06-14 09:11:17.393,2429.0000,216040,0,0.0000,0.0000,0,0,空换,S,2429.0000,0.0000,0.0000,0.0000,0.0000,2430.0000,0.0000,0.0000,0.0000,0.0000,88,0,0,0,0,19,0,0,0,0
zc,WS209,2012-06-14 09:11:18.207,2429.0000,216040,0,0.0000,0.0000,0,0,空换,S,2429.0000,0.0000,0.0000,0.0000,0.0000,2430.0000,0.0000,0.0000,0.0000,0.0000,89,0,0,0,0,19,0,0,0,0
zc,WS209,2012-06-14 09:11:19.407,2430.0000,216040,0,0.0000,2.0000,1,1,多换,B,2429.0000,0.0000,0.0000,0.0000,0.0000,2430.0000,0.0000,0.0000,0.0000,0.0000,89,0,0,0,0,18,0,0,0,0
zc,WS209,2012-06-14 09:11:20.423,2429.0000,216040,0,0.0000,6.0000,3,3,空换,S,2429.0000,0.0000,0.0000,0.0000,0.0000,2430.0000,0.0000,0.0000,0.0000,0.0000,86,0,0,0,0,18,0,0,0,0
zc,WS209,2012-06-14 09:11:22.157,2429.0000,216040,0,0.0000,0.0000,0,0,空换,S,2429.0000,0.0000,0.0000,0.0000,0.0000,2430.0000,0.0000,0.0000,0.0000,0.0000,87,0,0,0,0,18,0,0,0,0
zc,WS209,2012-06-14 09:11:26.207,2429.0000,216040,0,0.0000,0.0000,0,0,空换,S,2429.0000,0.0000,0.0000,0.0000,0.0000,2430.0000,0.0000,0.0000,0.0000,0.0000,88,0,0,0,0,18,0,0,0,0
zc,WS209,2012-06-14 09:11:28.470,2429.0000,216038,-2,0.0000,2.0000,0,2,双平,S,2429.0000,0.0000,0.0000,0.0000,0.0000,2430.0000,0.0000,0.0000,0.0000,0.0000,87,0,0,0,0,18,0,0,0,0
zc,WS209,2012-06-14 09:11:28.987,2429.0000,216038,0,0.0000,0.0000,0,0,空换,S,2429.0000,0.0000,0.0000,0.0000,0.0000,2430.0000,0.0000,0.0000,0.0000,0.0000,88,0,0,0,0,19,0,0,0,0
zc,WS209,2012-06-14 09:11:30.673,2429.0000,216038,0,0.0000,0.0000,0,0,空换,S,2429.0000,0.0000,0.0000,0.0000,0.0000,2430.0000,0.0000,0.0000,0.0000,0.0000,78,0,0,0,0,9,0,0,0,0
zc,WS209,2012-06-14 09:11:31.407,2429.0000,216038,0,0.0000,0.0000,0,0,空换,S,2429.0000,0.0000,0.0000,0.0000,0.0000,2430.0000,0.0000,0.0000,0.0000,0.0000,87,0,0,0,0,10,0,0,0,0
