市场代码,合约代码,时间,最新,持仓,增仓,成交额,成交量,开仓,平仓,成交类型,方向,买一价,买二价,买三价,买四价,买五价,卖一价,卖二价,卖三价,卖四价,卖五价,买一量,买二量,买三量,买四量,买五量,卖一量,卖二量,卖三量,卖四量,卖五量
zc,WS305,2012-06-14 08:04:02.893,0.0000,44330,0,0.0000,0.0000,0,0,空换,S,0.0000,0.0000,0.0000,0.0000,0.0000,0.0000,0.0000,0.0000,0.0000,0.0000,0,0,0,0,0,0,0,0,0,0
zc,WS305,2012-06-14 08:11:02.893,0.0000,44330,0,0.0000,0.0000,0,0,空换,S,0.0000,0.0000,0.0000,0.0000,0.0000,0.0000,0.0000,0.0000,0.0000,0.0000,0,0,0,0,0,0,0,0,0,0
zc,WS305,2012-06-14 08:48:02.893,0.0000,44330,0,0.0000,0.0000,0,0,空换,S,0.0000,0.0000,0.0000,0.0000,0.0000,0.0000,0.0000,0.0000,0.0000,0.0000,0,0,0,0,0,0,0,0,0,0
zc,WS305,2012-06-14 08:55:02.893,0.0000,44330,0,0.0000,0.0000,0,0,空换,S,0.0000,0.0000,0.0000,0.0000,0.0000,0.0000,0.0000,0.0000,0.0000,0.0000,0,0,0,0,0,0,0,0,0,0
zc,WS305,2012-06-14 08:57:17.110,0.0000,44330,0,0.0000,0.0000,0,0,空换,S,0.0000,0.0000,0.0000,0.0000,0.0000,0.0000,0.0000,0.0000,0.0000,0.0000,0,0,0,0,0,0,0,0,0,0
zc,WS305,2012-06-14 08:57:37.610,0.0000,44330,0,0.0000,0.0000,0,0,空换,S,0.0000,0.0000,0.0000,0.0000,0.0000,0.0000,0.0000,0.0000,0.0000,0.0000,0,0,0,0,0,0,0,0,0,0
zc,WS305,2012-06-14 08:57:54.860,0.0000,44330,0,0.0000,0.0000,0,0,空换,S,0.0000,0.0000,0.0000,0.0000,0.0000,0.0000,0.0000,0.0000,0.0000,0.0000,0,0,0,0,0,0,0,0,0,0
zc,WS305,2012-06-14 08:58:12.860,0.0000,44330,0,0.0000,0.0000,0,0,空换,S,0.0000,0.0000,0.0000,0.0000,0.0000,0.0000,0.0000,0.0000,0.0000,0.0000,0,0,0,0,0,0,0,0,0,0
zc,WS305,2012-06-14 08:58:22.610,0.0000,44330,0,0.0000,0.0000,0,0,空换,S,0.0000,0.0000,0.0000,0.0000,0.0000,0.0000,0.0000,0.0000,0.0000,0.0000,0,0,0,0,0,0,0,0,0,0
zc,WS305,2012-06-14 08:58:38.377,0.0000,44330,0,0.0000,0.0000,0,0,空换,S,0.0000,0.0000,0.0000,0.0000,0.0000,0.0000,0.0000,0.0000,0.0000,0.0000,0,0,0,0,0,0,0,0,0,0
zc,WS305,2012-06-14 08:58:50.110,0.0000,44330,0,0.0000,0.0000,0,0,空换,S,0.0000,0.0000,0.0000,0.0000,0.0000,0.0000,0.0000,0.0000,0.0000,0.0000,0,0,0,0,0,0,0,0,0,0
zc,WS305,2012-06-14 09:00:01.627,2615.0000,44330,0,0.0000,22.0000,11,11,多换,B,2614.0000,0.0000,0.0000,0.0000,0.0000,2615.0000,0.0000,0.0000,0.0000,0.0000,5,0,0,0,0,54,0,0,0,0
zc,WS305,2012-06-14 09:00:03.830,2615.0000,44230,-100,0.0000,102.0000,1,101,空平,B,2614.0000,0.0000,0.0000,0.0000,0.0000,2615.0000,0.0000,0.0000,0.0000,0.0000,5,0,0,0,0,3,0,0,0,0
zc,WS305,2012-06-14 09:00:09.033,2615.0000,44230,0,0.0000,0.0000,0,0,多换,B,2614.0000,0.0000,0.0000,0.0000,0.0000,2615.0000,0.0000,0.0000,0.0000,0.0000,5,0,0,0,0,4,0,0,0,0
zc,WS305,2012-06-14 09:00:10.220,2615.0000,44230,0,0.0000,4.0000,2,2,多换,B,2614.0000,0.0000,0.0000,0.0000,0.0000,2615.0000,0.0000,0.0000,0.0000,0.0000,5,0,0,0,0,2,0,0,0,0
zc,WS305,2012-06-14 09:00:11.080,2614.0000,44230,0,0.0000,10.0000,5,5,空换,S,2613.0000,0.0000,0.0000,0.0000,0.0000,2615.0000,0.0000,0.0000,0.0000,0.0000,5,0,0,0,0,2,0,0,0,0
zc,WS305,2012-06-14 09:00:11.517,2613.0000,44232,2,0.0000,2.0000,2,0,双开,S,2613.0000,0.0000,0.0000,0.0000,0.0000,2615.0000,0.0000,0.0000,0.0000,0.0000,4,0,0,0,0,2,0,0,0,0
zc,WS305,2012-06-14 09:00:13.550,2613.0000,44232,0,0.0000,0.0000,0,0,空换,S,2613.0000,0.0000,0.0000,0.0000,0.0000,2615.0000,0.0000,0.0000,0.0000,0.0000,4,0,0,0,0,3,0,0,0,0
zc,WS305,2012-06-14 09:00:20.800,2613.0000,44232,0,0.0000,0.0000,0,0,空换,S,2613.0000,0.0000,0.0000,0.0000,0.0000,2615.0000,0.0000,0.0000,0.0000,0.0000,14,0,0,0,0,3,0,0,0,0
zc,WS305,2012-06-14 09:00:21.550,2613.0000,44232,0,0.0000,2.0000,1,1,空换,S,2613.0000,0.0000,0.0000,0.0000,0.0000,2615.0000,0.0000,0.0000,0.0000,0.0000,13,0,0,0,0,3,0,0,0,0
zc,WS305,2012-06-14 09:00:23.033,2613.0000,44232,0,0.0000,0.0000,0,0,空换,S,2613.0000,0.0000,0.0000,0.0000,0.0000,2615.0000,0.0000,0.0000,0.0000,0.0000,13,0,0,0,0,4,0,0,0,0
zc,WS305,2012-06-14 09:00:29.393,2613.0000,44232,0,0.0000,0.0000,0,0,空换,S,2614.0000,0.0000,0.0000,0.0000,0.0000,2615.0000,0.0000,0.0000,0.0000,0.0000,1,0,0,0,0,4,0,0,0,0
zc,WS305,2012-06-14 09:00:32.533,2614.0000,44234,2,0.0000,2.0000,2,0,双开,B,2613.0000,0.0000,0.0000,0.0000,0.0000,2615.0000,0.0000,0.0000,0.0000,0.0000,13,0,0,0,0,5,0,0,0,0
zc,WS305,2012-06-14 09:00:34.533,2614.0000,44234,0,0.0000,0.0000,0,0,多换,B,2613.0000,0.0000,0.0000,0.0000,0.0000,2615.0000,0.0000,0.0000,0.0000,0.0000,13,0,0,0,0,4,0,0,0,0
zc,WS305,2012-06-14 09:00:36.550,2614.0000,44234,0,0.0000,0.0000,0,0,多换,B,2613.0000,0.0000,0.0000,0.0000,0.0000,2614.0000,0.0000,0.0000,0.0000,0.0000,13,0,0,0,0,1,0,0,0,0
zc,WS305,2012-06-14 09:00:43.517,2614.0000,44236,2,0.0000,2.0000,2,0,双开,B,2613.0000,0.0000,0.0000,0.0000,0.0000,2615.0000,0.0000,0.0000,0.0000,0.0000,13,0,0,0,0,4,0,0,0,0
zc,WS305,2012-06-14 09:00:44.267,2613.0000,44238,2,0.0000,2.0000,2,0,双开,S,2613.0000,0.0000,0.0000,0.0000,0.0000,2614.0000,0.0000,0.0000,0.0000,0.0000,12,0,0,0,0,1,0,0,0,0
zc,WS305,2012-06-14 09:00:46.017,2615.0000,44234,-4,0.0000,8.0000,2,6,空平,B,2615.0000,0.0000,0.0000,0.0000,0.0000,2616.0000,0.0000,0.0000,0.0000,0.0000,16,0,0,0,0,2,0,0,0,0
zc,WS305,2012-06-14 09:00:46.720,2615.0000,44230,-4,0.0000,4.0000,0,4,双平,B,2615.0000,0.0000,0.0000,0.0000,0.0000,2616.0000,0.0000,0.0000,0.0000,0.0000,14,0,0,0,0,2,0,0,0,0
zc,WS305,2012-06-14 09:00:48.580,2615.0000,44222,-8,0.0000,14.0000,3,11,空平,B,2615.0000,0.0000,0.0000,0.0000,0.0000,2616.0000,0.0000,0.0000,0.0000,0.0000,7,0,0,0,0,3,0,0,0,0
zc,WS305,2012-06-14 09:00:49.800,2615.0000,44222,0,0.0000,12.0000,6,6,多换,B,2615.0000,0.0000,0.0000,0.0000,0.0000,2617.0000,0.0000,0.0000,0.0000,0.0000,1,0,0,0,0,3,0,0,0,0
zc,WS305,2012-06-14 09:00:51.580,2615.0000,44222,0,0.0000,0.0000,0,0,多换,B,2615.0000,0.0000,0.0000,0.0000,0.0000,2616.0000,0.0000,0.0000,0.0000,0.0000,1,0,0,0,0,2,0,0,0,0
zc,WS305,2012-06-14 09:00:53.567,2615.0000,44222,0,0.0000,0.0000,0,0,多换,B,2615.0000,0.0000,0.0000,0.0000,0.0000,2616.0000,0.0000,0.0000,0.0000,0.0000,1,0,0,0,0,1,0,0,0,0
zc,WS305,2012-06-14 09:00:54.737,2615.0000,44222,0,0.0000,0.0000,0,0,多换,B,2615.0000,0.0000,0.0000,0.0000,0.0000,2616.0000,0.0000,0.0000,0.0000,0.0000,1,0,0,0,0,2,0,0,0,0
zc,WS305,2012-06-14 09:00:56.533,2615.0000,44222,0,0.0000,0.0000,0,0,多换,B,2615.0000,0.0000,0.0000,0.0000,0.0000,2617.0000,0.0000,0.0000,0.0000,0.0000,1,0,0,0,0,3,0,0,0,0
zc,WS305,2012-06-14 09:00:57.267,2615.0000,44222,0,0.0000,0.0000,0,0,多换,B,2615.0000,0.0000,0.0000,0.0000,0.0000,2616.0000,0.0000,0.0000,0.0000,0.0000,1,0,0,0,0,1,0,0,0,0
zc,WS305,2012-06-14 09:00:59.503,2615.0000,44222,0,0.0000,0.0000,0,0,多换,B,2615.0000,0.0000,0.0000,0.0000,0.0000,2616.0000,0.0000,0.0000,0.0000,0.0000,1,0,0,0,0,2,0,0,0,0
zc,WS305,2012-06-14 09:01:00.253,2615.0000,44222,0,0.0000,2.0000,1,1,多换,B,2613.0000,0.0000,0.0000,0.0000,0.0000,2616.0000,0.0000,0.0000,0.0000,0.0000,12,0,0,0,0,2,0,0,0,0
zc,WS305,2012-06-14 09:01:05.720,2615.0000,44222,0,0.0000,0.0000,0,0,多换,B,2613.0000,0.0000,0.0000,0.0000,0.0000,2615.0000,0.0000,0.0000,0.0000,0.0000,12,0,0,0,0,2,0,0,0,0
zc,WS305,2012-06-14 09:01:06.970,2615.0000,44222,0,0.0000,0.0000,0,0,多换,B,2613.0000,0.0000,0.0000,0.0000,0.0000,2615.0000,0.0000,0.0000,0.0000,0.0000,12,0,0,0,0,1,0,0,0,0
zc,WS305,2012-06-14 09:01:10.707,2615.0000,44222,0,0.0000,0.0000,0,0,多换,B,2613.0000,0.0000,0.0000,0.0000,0.0000,2615.0000,0.0000,0.0000,0.0000,0.0000,13,0,0,0,0,1,0,0,0,0
zc,WS305,2012-06-14 09:01:13.830,2615.0000,44222,0,0.0000,0.0000,0,0,多换,B,2613.0000,0.0000,0.0000,0.0000,0.0000,2615.0000,0.0000,0.0000,0.0000,0.0000,13,0,0,0,0,2,0,0,0,0
zc,WS305,2012-06-14 09:01:15.533,2615.0000,44222,0,0.0000,0.0000,0,0,多换,B,2613.0000,0.0000,0.0000,0.0000,0.0000,2615.0000,0.0000,0.0000,0.0000,0.0000,13,0,0,0,0,1,0,0,0,0
zc,WS305,2012-06-14 09:01:16.033,2615.0000,44226,4,0.0000,4.0000,4,0,双开,B,2613.0000,0.0000,0.0000,0.0000,0.0000,2615.0000,0.0000,0.0000,0.0000,0.0000,13,0,0,0,0,1,0,0,0,0
zc,WS305,2012-06-14 09:01:18.567,2615.0000,44216,-10,0.0000,18.0000,4,14,空平,B,2615.0000,0.0000,0.0000,0.0000,0.0000,2616.0000,0.0000,0.0000,0.0000,0.0000,2,0,0,0,0,3,0,0,0,0
zc,WS305,2012-06-14 09:01:20.033,2615.0000,44214,-2,0.0000,2.0000,0,2,双平,B,2615.0000,0.0000,0.0000,0.0000,0.0000,2616.0000,0.0000,0.0000,0.0000,0.0000,1,0,0,0,0,3,0,0,0,0
zc,WS305,2012-06-14 09:01:21.970,2615.0000,44216,2,0.0000,2.0000,2,0,双开,B,2613.0000,0.0000,0.0000,0.0000,0.0000,2616.0000,0.0000,0.0000,0.0000,0.0000,13,0,0,0,0,3,0,0,0,0
zc,WS305,2012-06-14 09:01:22.503,2615.0000,44216,0,0.0000,0.0000,0,0,多换,B,2613.0000,0.0000,0.0000,0.0000,0.0000,2616.0000,0.0000,0.0000,0.0000,0.0000,13,0,0,0,0,4,0,0,0,0
zc,WS305,2012-06-14 09:01:27.003,2616.0000,44222,6,0.0000,6.0000,6,0,双开,B,2613.0000,0.0000,0.0000,0.0000,0.0000,2616.0000,0.0000,0.0000,0.0000,0.0000,13,0,0,0,0,7,0,0,0,0
zc,WS305,2012-06-14 09:01:27.970,2616.0000,44222,0,0.0000,0.0000,0,0,多换,B,2614.0000,0.0000,0.0000,0.0000,0.0000,2616.0000,0.0000,0.0000,0.0000,0.0000,1,0,0,0,0,7,0,0,0,0
zc,WS305,2012-06-14 09:01:29.767,2616.0000,44224,2,0.0000,2.0000,2,0,双开,B,2614.0000,0.0000,0.0000,0.0000,0.0000,2616.0000,0.0000,0.0000,0.0000,0.0000,1,0,0,0,0,6,0,0,0,0
zc,WS305,2012-06-14 09:01:39.470,2616.0000,44224,0,0.0000,0.0000,0,0,多换,B,2614.0000,0.0000,0.0000,0.0000,0.0000,2616.0000,0.0000,0.0000,0.0000,0.0000,1,0,0,0,0,3,0,0,0,0
zc,WS305,2012-06-14 09:01:44.673,2616.0000,44224,0,0.0000,6.0000,3,3,多换,B,2616.0000,0.0000,0.0000,0.0000,0.0000,2617.0000,0.0000,0.0000,0.0000,0.0000,7,0,0,0,0,3,0,0,0,0
zc,WS305,2012-06-14 09:01:45.470,2616.0000,44222,-2,0.0000,2.0000,0,2,双平,B,2616.0000,0.0000,0.0000,0.0000,0.0000,2617.0000,0.0000,0.0000,0.0000,0.0000,6,0,0,0,0,3,0,0,0,0
zc,WS305,2012-06-14 09:01:54.220,2616.0000,44222,0,0.0000,0.0000,0,0,多换,B,2616.0000,0.0000,0.0000,0.0000,0.0000,2617.0000,0.0000,0.0000,0.0000,0.0000,6,0,0,0,0,4,0,0,0,0
zc,WS305,2012-06-14 09:01:58.033,2616.0000,44222,0,0.0000,12.0000,6,6,多换,B,2614.0000,0.0000,0.0000,0.0000,0.0000,2617.0000,0.0000,0.0000,0.0000,0.0000,1,0,0,0,0,2,0,0,0,0
zc,WS305,2012-06-14 09:01:58.610,2616.0000,44222,0,0.0000,0.0000,0,0,多换,B,2615.0000,0.0000,0.0000,0.0000,0.0000,2617.0000,0.0000,0.0000,0.0000,0.0000,10,0,0,0,0,2,0,0,0,0
zc,WS305,2012-06-14 09:01:59.753,2617.0000,44224,2,0.0000,2.0000,2,0,双开,B,2615.0000,0.0000,0.0000,0.0000,0.0000,2617.0000,0.0000,0.0000,0.0000,0.0000,10,0,0,0,0,4,0,0,0,0
zc,WS305,2012-06-14 09:02:01.817,2617.0000,44224,0,0.0000,0.0000,0,0,多换,B,2615.0000,0.0000,0.0000,0.0000,0.0000,2617.0000,0.0000,0.0000,0.0000,0.0000,10,0,0,0,0,8,0,0,0,0
zc,WS305,2012-06-14 09:02:11.017,2615.0000,44224,0,0.0000,4.0000,2,2,空换,S,2615.0000,0.0000,0.0000,0.0000,0.0000,2617.0000,0.0000,0.0000,0.0000,0.0000,8,0,0,0,0,8,0,0,0,0
zc,WS305,2012-06-14 09:02:12.783,2615.0000,44224,0,0.0000,0.0000,0,0,空换,S,2615.0000,0.0000,0.0000,0.0000,0.0000,2616.0000,0.0000,0.0000,0.0000,0.0000,8,0,0,0,0,1,0,0,0,0
zc,WS305,2012-06-14 09:02:13.550,2615.0000,44226,2,0.0000,2.0000,2,0,双开,S,2615.0000,0.0000,0.0000,0.0000,0.0000,2616.0000,0.0000,0.0000,0.0000,0.0000,7,0,0,0,0,1,0,0,0,0
zc,WS305,2012-06-14 09:02:16.753,2616.0000,44228,2,0.0000,2.0000,2,0,双开,B,2615.0000,0.0000,0.0000,0.0000,0.0000,2617.0000,0.0000,0.0000,0.0000,0.0000,7,0,0,0,0,8,0,0,0,0
zc,WS305,2012-06-14 09:02:17.533,2616.0000,44228,0,0.0000,0.0000,0,0,多换,B,2615.0000,0.0000,0.0000,0.0000,0.0000,2616.0000,0.0000,0.0000,0.0000,0.0000,7,0,0,0,0,3,0,0,0,0
zc,WS305,2012-06-14 09:02:18.737,2616.0000,44228,0,0.0000,0.0000,0,0,多换,B,2615.0000,0.0000,0.0000,0.0000,0.0000,2617.0000,0.0000,0.0000,0.0000,0.0000,7,0,0,0,0,8,0,0,0,0
zc,WS305,2012-06-14 09:02:23.003,2616.0000,44228,0,0.0000,0.0000,0,0,多换,B,2615.0000,0.0000,0.0000,0.0000,0.0000,2617.0000,0.0000,0.0000,0.0000,0.0000,7,0,0,0,0,85,0,0,0,0
zc,WS305,2012-06-14 09:02:24.267,2616.0000,44228,0,0.0000,0.0000,0,0,多换,B,2615.0000,0.0000,0.0000,0.0000,0.0000,2616.0000,0.0000,0.0000,0.0000,0.0000,7,0,0,0,0,1,0,0,0,0
zc,WS305,2012-06-14 09:02:25.533,2616.0000,44228,0,0.0000,0.0000,0,0,多换,B,2615.0000,0.0000,0.0000,0.0000,0.0000,2616.0000,0.0000,0.0000,0.0000,0.0000,8,0,0,0,0,81,0,0,0,0
zc,WS305,2012-06-14 09:02:26.003,2616.0000,44228,0,0.0000,0.0000,0,0,多换,B,2615.0000,0.0000,0.0000,0.0000,0.0000,2616.0000,0.0000,0.0000,0.0000,0.0000,8,0,0,0,0,1,0,0,0,0
zc,WS305,2012-06-14 09:02:33.003,2617.0000,44094,-134,0.0000,136.0000,1,135,空平,B,2615.0000,0.0000,0.0000,0.0000,0.0000,2617.0000,0.0000,0.0000,0.0000,0.0000,8,0,0,0,0,18,0,0,0,0
zc,WS305,2012-06-14 09:02:40.720,2617.0000,44094,0,0.0000,0.0000,0,0,多换,B,2615.0000,0.0000,0.0000,0.0000,0.0000,2617.0000,0.0000,0.0000,0.0000,0.0000,8,0,0,0,0,5,0,0,0,0
zc,WS305,2012-06-14 09:02:43.207,2615.0000,44094,0,0.0000,6.0000,3,3,空换,S,2615.0000,0.0000,0.0000,0.0000,0.0000,2617.0000,0.0000,0.0000,0.0000,0.0000,5,0,0,0,0,5,0,0,0,0
zc,WS305,2012-06-14 09:02:48.017,2615.0000,44094,0,0.0000,0.0000,0,0,空换,S,2615.0000,0.0000,0.0000,0.0000,0.0000,2617.0000,0.0000,0.0000,0.0000,0.0000,5,0,0,0,0,7,0,0,0,0
zc,WS305,2012-06-14 09:02:51.550,2615.0000,44094,0,0.0000,10.0000,5,5,空换,S,2614.0000,0.0000,0.0000,0.0000,0.0000,2615.0000,0.0000,0.0000,0.0000,0.0000,4,0,0,0,0,35,0,0,0,0
zc,WS305,2012-06-14 09:02:52.737,2615.0000,44094,0,0.0000,4.0000,2,2,空换,S,2614.0000,0.0000,0.0000,0.0000,0.0000,2615.0000,0.0000,0.0000,0.0000,0.0000,4,0,0,0,0,33,0,0,0,0
zc,WS305,2012-06-14 09:02:54.470,2615.0000,44092,-2,0.0000,2.0000,0,2,双平,S,2614.0000,0.0000,0.0000,0.0000,0.0000,2615.0000,0.0000,0.0000,0.0000,0.0000,4,0,0,0,0,32,0,0,0,0
zc,WS305,2012-06-14 09:02:57.457,2615.0000,44084,-8,0.0000,64.0000,28,36,多平,S,2614.0000,0.0000,0.0000,0.0000,0.0000,2617.0000,0.0000,0.0000,0.0000,0.0000,3,0,0,0,0,7,0,0,0,0
zc,WS305,2012-06-14 09:03:00.487,2615.0000,44084,0,0.0000,0.0000,0,0,空换,S,2614.0000,0.0000,0.0000,0.0000,0.0000,2617.0000,0.0000,0.0000,0.0000,0.0000,1,0,0,0,0,20,0,0,0,0
zc,WS305,2012-06-14 09:03:00.970,2615.0000,44084,0,0.0000,0.0000,0,0,空换,S,2614.0000,0.0000,0.0000,0.0000,0.0000,2616.0000,0.0000,0.0000,0.0000,0.0000,1,0,0,0,0,1,0,0,0,0
zc,WS305,2012-06-14 09:03:05.737,2615.0000,44084,0,0.0000,0.0000,0,0,空换,S,2614.0000,0.0000,0.0000,0.0000,0.0000,2616.0000,0.0000,0.0000,0.0000,0.0000,3,0,0,0,0,1,0,0,0,0
zc,WS305,2012-06-14 09:03:06.220,2615.0000,44084,0,0.0000,0.0000,0,0,空换,S,2614.0000,0.0000,0.0000,0.0000,0.0000,2616.0000,0.0000,0.0000,0.0000,0.0000,2,0,0,0,0,1,0,0,0,0
zc,WS305,2012-06-14 09:03:12.707,2615.0000,44084,0,0.0000,0.0000,0,0,空换,S,2614.0000,0.0000,0.0000,0.0000,0.0000,2616.0000,0.0000,0.0000,0.0000,0.0000,3,0,0,0,0,1,0,0,0,0
zc,WS305,2012-06-14 09:03:17.970,2615.0000,44084,0,0.0000,0.0000,0,0,空换,S,2614.0000,0.0000,0.0000,0.0000,0.0000,2616.0000,0.0000,0.0000,0.0000,0.0000,2,0,0,0,0,1,0,0,0,0
zc,WS305,2012-06-14 09:03:21.190,2615.0000,44084,0,0.0000,0.0000,0,0,空换,S,2614.0000,0.0000,0.0000,0.0000,0.0000,2616.0000,0.0000,0.0000,0.0000,0.0000,3,0,0,0,0,2,0,0,0,0
zc,WS305,2012-06-14 09:03:27.207,2615.0000,44084,0,0.0000,0.0000,0,0,空换,S,2614.0000,0.0000,0.0000,0.0000,0.0000,2616.0000,0.0000,0.0000,0.0000,0.0000,5,0,0,0,0,2,0,0,0,0
zc,WS305,2012-06-14 09:03:32.003,2614.0000,44084,0,0.0000,2.0000,1,1,空换,S,2614.0000,0.0000,0.0000,0.0000,0.0000,2616.0000,0.0000,0.0000,0.0000,0.0000,4,0,0,0,0,2,0,0,0,0
zc,WS305,2012-06-14 09:03:33.220,2614.0000,44084,0,0.0000,0.0000,0,0,空换,S,2615.0000,0.0000,0.0000,0.0000,0.0000,2616.0000,0.0000,0.0000,0.0000,0.0000,2,0,0,0,0,2,0,0,0,0
zc,WS305,2012-06-14 09:03:39.003,2616.0000,44086,2,0.0000,4.0000,3,1,多开,B,2615.0000,0.0000,0.0000,0.0000,0.0000,2617.0000,0.0000,0.0000,0.0000,0.0000,1,0,0,0,0,7,0,0,0,0
zc,WS305,2012-06-14 09:03:40.267,2616.0000,44086,0,0.0000,0.0000,0,0,多换,B,2616.0000,0.0000,0.0000,0.0000,0.0000,2617.0000,0.0000,0.0000,0.0000,0.0000,1,0,0,0,0,7,0,0,0,0
zc,WS305,2012-06-14 09:03:41.767,2616.0000,44086,0,0.0000,2.0000,1,1,多换,B,2615.0000,0.0000,0.0000,0.0000,0.0000,2617.0000,0.0000,0.0000,0.0000,0.0000,2,0,0,0,0,7,0,0,0,0
zc,WS305,2012-06-14 09:03:42.690,2616.0000,44086,0,0.0000,0.0000,0,0,多换,B,2615.0000,0.0000,0.0000,0.0000,0.0000,2617.0000,0.0000,0.0000,0.0000,0.0000,1,0,0,0,0,7,0,0,0,0
zc,WS305,2012-06-14 09:03:47.753,2616.0000,44086,0,0.0000,0.0000,0,0,多换,B,2615.0000,0.0000,0.0000,0.0000,0.0000,2617.0000,0.0000,0.0000,0.0000,0.0000,2,0,0,0,0,7,0,0,0,0
zc,WS305,2012-06-14 09:03:49.033,2616.0000,44086,0,0.0000,0.0000,0,0,多换,B,2615.0000,0.0000,0.0000,0.0000,0.0000,2616.0000,0.0000,0.0000,0.0000,0.0000,2,0,0,0,0,5,0,0,0,0
zc,WS305,2012-06-14 09:03:49.503,2616.0000,44086,0,0.0000,0.0000,0,0,多换,B,2615.0000,0.0000,0.0000,0.0000,0.0000,2616.0000,0.0000,0.0000,0.0000,0.0000,1,0,0,0,0,5,0,0,0,0
zc,WS305,2012-06-14 09:03:53.720,2616.0000,44086,0,0.0000,0.0000,0,0,多换,B,2615.0000,0.0000,0.0000,0.0000,0.0000,2616.0000,0.0000,0.0000,0.0000,0.0000,2,0,0,0,0,8,0,0,0,0
zc,WS305,2012-06-14 09:04:02.893,2616.0000,44086,0,0.0000,0.0000,0,0,多换,B,2615.0000,0.0000,0.0000,0.0000,0.0000,2616.0000,0.0000,0.0000,0.0000,0.0000,2,0,0,0,0,8,0,0,0,0
zc,WS305,2012-06-14 09:04:04.050,2616.0000,44086,0,0.0000,0.0000,0,0,多换,B,2615.0000,0.0000,0.0000,0.0000,0.0000,2616.0000,0.0000,0.0000,0.0000,0.0000,3,0,0,0,0,8,0,0,0,0
zc,WS305,2012-06-14 09:04:04.470,2616.0000,44086,0,0.0000,0.0000,0,0,多换,B,2615.0000,0.0000,0.0000,0.0000,0.0000,2616.0000,0.0000,0.0000,0.0000,0.0000,3,0,0,0,0,10,0,0,0,0
zc,WS305,2012-06-14 09:04:05.707,2616.0000,44086,0,0.0000,0.0000,0,0,多换,B,2615.0000,0.0000,0.0000,0.0000,0.0000,2616.0000,0.0000,0.0000,0.0000,0.0000,3,0,0,0,0,14,0,0,0,0
zc,WS305,2012-06-14 09:04:07.580,2616.0000,44086,0,0.0000,0.0000,0,0,多换,B,2615.0000,0.0000,0.0000,0.0000,0.0000,2616.0000,0.0000,0.0000,0.0000,0.0000,4,0,0,0,0,14,0,0,0,0
zc,WS305,2012-06-14 09:04:10.503,2615.0000,44084,-2,0.0000,6.0000,2,4,多平,S,2615.0000,0.0000,0.0000,0.0000,0.0000,2616.0000,0.0000,0.0000,0.0000,0.0000,1,0,0,0,0,14,0,0,0,0
zc,WS305,2012-06-14 09:04:11.847,2616.0000,44056,-28,0.0000,28.0000,0,28,双平,B,2616.0000,0.0000,0.0000,0.0000,0.0000,2617.0000,0.0000,0.0000,0.0000,0.0000,6,0,0,0,0,13,0,0,0,0
zc,WS305,2012-06-14 09:04:13.330,2616.0000,44056,0,0.0000,0.0000,0,0,多换,B,2616.0000,0.0000,0.0000,0.0000,0.0000,2617.0000,0.0000,0.0000,0.0000,0.0000,6,0,0,0,0,11,0,0,0,0
zc,WS305,2012-06-14 09:04:16.970,2616.0000,44056,0,0.0000,0.0000,0,0,多换,B,2616.0000,0.0000,0.0000,0.0000,0.0000,2617.0000,0.0000,0.0000,0.0000,0.0000,6,0,0,0,0,13,0,0,0,0
zc,WS305,2012-06-14 09:04:19.487,2616.0000,44056,0,0.0000,0.0000,0,0,多换,B,2616.0000,0.0000,0.0000,0.0000,0.0000,2617.0000,0.0000,0.0000,0.0000,0.0000,6,0,0,0,0,11,0,0,0,0
zc,WS305,2012-06-14 09:04:25.003,2617.0000,44056,0,0.0000,2.0000,1,1,多换,B,2616.0000,0.0000,0.0000,0.0000,0.0000,2617.0000,0.0000,0.0000,0.0000,0.0000,6,0,0,0,0,10,0,0,0,0
zc,WS305,2012-06-14 09:04:26.503,2617.0000,44056,0,0.0000,0.0000,0,0,多换,B,2616.0000,0.0000,0.0000,0.0000,0.0000,2617.0000,0.0000,0.0000,0.0000,0.0000,7,0,0,0,0,10,0,0,0,0
zc,WS305,2012-06-14 09:04:27.173,2617.0000,44058,2,0.0000,10.0000,6,4,多开,B,2616.0000,0.0000,0.0000,0.0000,0.0000,2617.0000,0.0000,0.0000,0.0000,0.0000,7,0,0,0,0,5,0,0,0,0
zc,WS305,2012-06-14 09:04:29.567,2617.0000,44060,2,0.0000,10.0000,6,4,多开,B,2616.0000,0.0000,0.0000,0.0000,0.0000,2618.0000,0.0000,0.0000,0.0000,0.0000,7,0,0,0,0,60,0,0,0,0
zc,WS305,2012-06-14 09:04:33.690,2617.0000,44060,0,0.0000,0.0000,0,0,多换,B,2616.0000,0.0000,0.0000,0.0000,0.0000,2618.0000,0.0000,0.0000,0.0000,0.0000,11,0,0,0,0,60,0,0,0,0
zc,WS305,2012-06-14 09:04:40.720,2617.0000,44060,0,0.0000,0.0000,0,0,多换,B,2616.0000,0.0000,0.0000,0.0000,0.0000,2618.0000,0.0000,0.0000,0.0000,0.0000,11,0,0,0,0,47,0,0,0,0
zc,WS305,2012-06-14 09:04:41.970,2617.0000,44060,0,0.0000,0.0000,0,0,多换,B,2616.0000,0.0000,0.0000,0.0000,0.0000,2618.0000,0.0000,0.0000,0.0000,0.0000,11,0,0,0,0,57,0,0,0,0
zc,WS305,2012-06-14 09:04:42.533,2617.0000,44060,0,0.0000,0.0000,0,0,多换,B,2616.0000,0.0000,0.0000,0.0000,0.0000,2618.0000,0.0000,0.0000,0.0000,0.0000,11,0,0,0,0,58,0,0,0,0
zc,WS305,2012-06-14 09:04:43.003,2617.0000,44060,0,0.0000,0.0000,0,0,多换,B,2616.0000,0.0000,0.0000,0.0000,0.0000,2618.0000,0.0000,0.0000,0.0000,0.0000,16,0,0,0,0,58,0,0,0,0
zc,WS305,2012-06-14 09:04:50.753,2617.0000,44060,0,0.0000,0.0000,0,0,多换,B,2616.0000,0.0000,0.0000,0.0000,0.0000,2617.0000,0.0000,0.0000,0.0000,0.0000,16,0,0,0,0,1,0,0,0,0
zc,WS305,2012-06-14 09:04:51.220,2618.0000,43946,-114,0.0000,118.0000,2,116,空平,B,2618.0000,0.0000,0.0000,0.0000,0.0000,2619.0000,0.0000,0.0000,0.0000,0.0000,1,0,0,0,0,23,0,0,0,0
zc,WS305,2012-06-14 09:04:53.720,2619.0000,43946,0,0.0000,4.0000,2,2,多换,B,2618.0000,0.0000,0.0000,0.0000,0.0000,2619.0000,0.0000,0.0000,0.0000,0.0000,1,0,0,0,0,21,0,0,0,0
zc,WS305,2012-06-14 09:04:54.720,2618.0000,43944,-2,0.0000,2.0000,0,2,双平,S,2616.0000,0.0000,0.0000,0.0000,0.0000,2618.0000,0.0000,0.0000,0.0000,0.0000,17,0,0,0,0,10,0,0,0,0
zc,WS305,2012-06-14 09:04:56.957,2618.0000,43944,0,0.0000,0.0000,0,0,空换,S,2616.0000,0.0000,0.0000,0.0000,0.0000,2618.0000,0.0000,0.0000,0.0000,0.0000,17,0,0,0,0,14,0,0,0,0
zc,WS305,2012-06-14 09:04:57.690,2618.0000,43944,0,0.0000,0.0000,0,0,空换,S,2617.0000,0.0000,0.0000,0.0000,0.0000,2618.0000,0.0000,0.0000,0.0000,0.0000,2,0,0,0,0,14,0,0,0,0
zc,WS305,2012-06-14 09:05:03.050,2618.0000,43944,0,0.0000,0.0000,0,0,空换,S,2617.0000,0.0000,0.0000,0.0000,0.0000,2618.0000,0.0000,0.0000,0.0000,0.0000,7,0,0,0,0,14,0,0,0,0
zc,WS305,2012-06-14 09:05:12.220,2618.0000,43944,0,0.0000,0.0000,0,0,空换,S,2617.0000,0.0000,0.0000,0.0000,0.0000,2618.0000,0.0000,0.0000,0.0000,0.0000,7,0,0,0,0,8,0,0,0,0
zc,WS305,2012-06-14 09:05:12.940,2618.0000,43944,0,0.0000,0.0000,0,0,空换,S,2617.0000,0.0000,0.0000,0.0000,0.0000,2618.0000,0.0000,0.0000,0.0000,0.0000,7,0,0,0,0,7,0,0,0,0
zc,WS305,2012-06-14 09:05:13.423,2618.0000,43944,0,0.0000,0.0000,0,0,空换,S,2617.0000,0.0000,0.0000,0.0000,0.0000,2618.0000,0.0000,0.0000,0.0000,0.0000,7,0,0,0,0,5,0,0,0,0
zc,WS305,2012-06-14 09:05:14.237,2618.0000,43944,0,0.0000,0.0000,0,0,空换,S,2617.0000,0.0000,0.0000,0.0000,0.0000,2618.0000,0.0000,0.0000,0.0000,0.0000,7,0,0,0,0,4,0,0,0,0
zc,WS305,2012-06-14 09:05:14.753,2618.0000,43944,0,0.0000,0.0000,0,0,空换,S,2617.0000,0.0000,0.0000,0.0000,0.0000,2618.0000,0.0000,0.0000,0.0000,0.0000,8,0,0,0,0,4,0,0,0,0
zc,WS305,2012-06-14 09:05:15.940,2618.0000,43944,0,0.0000,0.0000,0,0,空换,S,2617.0000,0.0000,0.0000,0.0000,0.0000,2618.0000,0.0000,0.0000,0.0000,0.0000,8,0,0,0,0,14,0,0,0,0
zc,WS305,2012-06-14 09:05:16.470,2617.0000,43944,0,0.0000,16.0000,8,8,空换,S,2616.0000,0.0000,0.0000,0.0000,0.0000,2618.0000,0.0000,0.0000,0.0000,0.0000,17,0,0,0,0,6,0,0,0,0
zc,WS305,2012-06-14 09:05:22.003,2618.0000,43936,-8,0.0000,22.0000,7,15,空平,B,2616.0000,0.0000,0.0000,0.0000,0.0000,2618.0000,0.0000,0.0000,0.0000,0.0000,16,0,0,0,0,16,0,0,0,0
zc,WS305,2012-06-14 09:05:24.190,2618.0000,43936,0,0.0000,0.0000,0,0,多换,B,2616.0000,0.0000,0.0000,0.0000,0.0000,2618.0000,0.0000,0.0000,0.0000,0.0000,16,0,0,0,0,18,0,0,0,0
zc,WS305,2012-06-14 09:05:25.253,2618.0000,43936,0,0.0000,0.0000,0,0,多换,B,2616.0000,0.0000,0.0000,0.0000,0.0000,2618.0000,0.0000,0.0000,0.0000,0.0000,16,0,0,0,0,6,0,0,0,0
zc,WS305,2012-06-14 09:05:26.237,2618.0000,43936,0,0.0000,0.0000,0,0,多换,B,2617.0000,0.0000,0.0000,0.0000,0.0000,2618.0000,0.0000,0.0000,0.0000,0.0000,1,0,0,0,0,6,0,0,0,0
zc,WS305,2012-06-14 09:05:27.940,2618.0000,43936,0,0.0000,0.0000,0,0,多换,B,2617.0000,0.0000,0.0000,0.0000,0.0000,2618.0000,0.0000,0.0000,0.0000,0.0000,1,0,0,0,0,9,0,0,0,0
zc,WS305,2012-06-14 09:05:29.720,2618.0000,43936,0,0.0000,0.0000,0,0,多换,B,2617.0000,0.0000,0.0000,0.0000,0.0000,2618.0000,0.0000,0.0000,0.0000,0.0000,1,0,0,0,0,6,0,0,0,0
zc,WS305,2012-06-14 09:05:31.487,2618.0000,43936,0,0.0000,0.0000,0,0,多换,B,2617.0000,0.0000,0.0000,0.0000,0.0000,2618.0000,0.0000,0.0000,0.0000,0.0000,1,0,0,0,0,18,0,0,0,0
zc,WS305,2012-06-14 09:05:33.157,2618.0000,43916,-20,0.0000,20.0000,0,20,双平,B,2617.0000,0.0000,0.0000,0.0000,0.0000,2618.0000,0.0000,0.0000,0.0000,0.0000,1,0,0,0,0,8,0,0,0,0
zc,WS305,2012-06-14 09:05:41.220,2618.0000,43916,0,0.0000,0.0000,0,0,多换,B,2617.0000,0.0000,0.0000,0.0000,0.0000,2618.0000,0.0000,0.0000,0.0000,0.0000,1,0,0,0,0,11,0,0,0,0
zc,WS305,2012-06-14 09:05:47.690,2618.0000,43916,0,0.0000,0.0000,0,0,多换,B,2617.0000,0.0000,0.0000,0.0000,0.0000,2618.0000,0.0000,0.0000,0.0000,0.0000,1,0,0,0,0,17,0,0,0,0
zc,WS305,2012-06-14 09:05:51.923,2617.0000,43916,0,0.0000,2.0000,1,1,空换,S,2616.0000,0.0000,0.0000,0.0000,0.0000,2618.0000,0.0000,0.0000,0.0000,0.0000,16,0,0,0,0,17,0,0,0,0
zc,WS305,2012-06-14 09:05:52.707,2617.0000,43916,0,0.0000,0.0000,0,0,空换,S,2617.0000,0.0000,0.0000,0.0000,0.0000,2618.0000,0.0000,0.0000,0.0000,0.0000,5,0,0,0,0,17,0,0,0,0
zc,WS305,2012-06-14 09:05:54.237,2617.0000,43916,0,0.0000,0.0000,0,0,空换,S,2617.0000,0.0000,0.0000,0.0000,0.0000,2618.0000,0.0000,0.0000,0.0000,0.0000,5,0,0,0,0,15,0,0,0,0
zc,WS305,2012-06-14 09:05:57.220,2617.0000,43916,0,0.0000,0.0000,0,0,空换,S,2617.0000,0.0000,0.0000,0.0000,0.0000,2618.0000,0.0000,0.0000,0.0000,0.0000,5,0,0,0,0,12,0,0,0,0
zc,WS305,2012-06-14 09:06:00.830,2618.0000,43896,-20,0.0000,24.0000,2,22,空平,B,2618.0000,0.0000,0.0000,0.0000,0.0000,2619.0000,0.0000,0.0000,0.0000,0.0000,9,0,0,0,0,20,0,0,0,0
zc,WS305,2012-06-14 09:06:02.253,2618.0000,43896,0,0.0000,0.0000,0,0,多换,B,2618.0000,0.0000,0.0000,0.0000,0.0000,2619.0000,0.0000,0.0000,0.0000,0.0000,9,0,0,0,0,18,0,0,0,0
zc,WS305,2012-06-14 09:06:03.067,2619.0000,43894,-2,0.0000,2.0000,0,2,双平,B,2618.0000,0.0000,0.0000,0.0000,0.0000,2619.0000,0.0000,0.0000,0.0000,0.0000,9,0,0,0,0,17,0,0,0,0
zc,WS305,2012-06-14 09:06:03.503,2619.0000,43894,0,0.0000,0.0000,0,0,多换,B,2618.0000,0.0000,0.0000,0.0000,0.0000,2619.0000,0.0000,0.0000,0.0000,0.0000,9,0,0,0,0,16,0,0,0,0
zc,WS305,2012-06-14 09:06:04.220,2619.0000,43894,0,0.0000,0.0000,0,0,多换,B,2618.0000,0.0000,0.0000,0.0000,0.0000,2619.0000,0.0000,0.0000,0.0000,0.0000,9,0,0,0,0,17,0,0,0,0
zc,WS305,2012-06-14 09:06:07.253,2618.0000,43894,0,0.0000,2.0000,1,1,空换,S,2618.0000,0.0000,0.0000,0.0000,0.0000,2619.0000,0.0000,0.0000,0.0000,0.0000,8,0,0,0,0,18,0,0,0,0
zc,WS305,2012-06-14 09:06:11.190,2618.0000,43892,-2,0.0000,4.0000,1,3,多平,S,2618.0000,0.0000,0.0000,0.0000,0.0000,2619.0000,0.0000,0.0000,0.0000,0.0000,6,0,0,0,0,19,0,0,0,0
zc,WS305,2012-06-14 09:06:14.707,2618.0000,43892,0,0.0000,0.0000,0,0,空换,S,2618.0000,0.0000,0.0000,0.0000,0.0000,2619.0000,0.0000,0.0000,0.0000,0.0000,6,0,0,0,0,18,0,0,0,0
zc,WS305,2012-06-14 09:06:24.800,2618.0000,43892,0,0.0000,0.0000,0,0,空换,S,2618.0000,0.0000,0.0000,0.0000,0.0000,2619.0000,0.0000,0.0000,0.0000,0.0000,6,0,0,0,0,16,0,0,0,0
zc,WS305,2012-06-14 09:06:30.003,2618.0000,43892,0,0.0000,0.0000,0,0,空换,S,2618.0000,0.0000,0.0000,0.0000,0.0000,2619.0000,0.0000,0.0000,0.0000,0.0000,6,0,0,0,0,15,0,0,0,0
zc,WS305,2012-06-14 09:06:34.707,2618.0000,43892,0,0.0000,0.0000,0,0,空换,S,2618.0000,0.0000,0.0000,0.0000,0.0000,2619.0000,0.0000,0.0000,0.0000,0.0000,7,0,0,0,0,15,0,0,0,0
zc,WS305,2012-06-14 09:06:40.470,2618.0000,43892,0,0.0000,0.0000,0,0,空换,S,2618.0000,0.0000,0.0000,0.0000,0.0000,2619.0000,0.0000,0.0000,0.0000,0.0000,7,0,0,0,0,17,0,0,0,0
zc,WS305,2012-06-14 09:06:42.690,2618.0000,43892,0,0.0000,2.0000,1,1,空换,S,2618.0000,0.0000,0.0000,0.0000,0.0000,2619.0000,0.0000,0.0000,0.0000,0.0000,6,0,0,0,0,18,0,0,0,0
zc,WS305,2012-06-14 09:06:43.457,2618.0000,43892,0,0.0000,0.0000,0,0,空换,S,2618.0000,0.0000,0.0000,0.0000,0.0000,2619.0000,0.0000,0.0000,0.0000,0.0000,6,0,0,0,0,17,0,0,0,0
zc,WS305,2012-06-14 09:06:49.673,2618.0000,43892,0,0.0000,0.0000,0,0,空换,S,2618.0000,0.0000,0.0000,0.0000,0.0000,2619.0000,0.0000,0.0000,0.0000,0.0000,6,0,0,0,0,18,0,0,0,0
zc,WS305,2012-06-14 09:06:51.440,2618.0000,43892,0,0.0000,0.0000,0,0,空换,S,2618.0000,0.0000,0.0000,0.0000,0.0000,2619.0000,0.0000,0.0000,0.0000,0.0000,5,0,0,0,0,18,0,0,0,0
zc,WS305,2012-06-14 09:06:52.393,2618.0000,43890,-2,0.0000,2.0000,0,2,双平,S,2618.0000,0.0000,0.0000,0.0000,0.0000,2619.0000,0.0000,0.0000,0.0000,0.0000,4,0,0,0,0,18,0,0,0,0
zc,WS305,2012-06-14 09:06:53.190,2618.0000,43882,-8,0.0000,8.0000,0,8,双平,S,2617.0000,0.0000,0.0000,0.0000,0.0000,2619.0000,0.0000,0.0000,0.0000,0.0000,5,0,0,0,0,28,0,0,0,0
zc,WS305,2012-06-14 09:06:53.457,2618.0000,43882,0,0.0000,0.0000,0,0,空换,S,2617.0000,0.0000,0.0000,0.0000,0.0000,2618.0000,0.0000,0.0000,0.0000,0.0000,5,0,0,0,0,12,0,0,0,0
zc,WS305,2012-06-14 09:06:54.690,2618.0000,43882,0,0.0000,2.0000,1,1,空换,S,2617.0000,0.0000,0.0000,0.0000,0.0000,2618.0000,0.0000,0.0000,0.0000,0.0000,5,0,0,0,0,11,0,0,0,0
zc,WS305,2012-06-14 09:06:55.457,2618.0000,43882,0,0.0000,0.0000,0,0,空换,S,2617.0000,0.0000,0.0000,0.0000,0.0000,2618.0000,0.0000,0.0000,0.0000,0.0000,5,0,0,0,0,12,0,0,0,0
zc,WS305,2012-06-14 09:07:01.690,2618.0000,43882,0,0.0000,0.0000,0,0,空换,S,2617.0000,0.0000,0.0000,0.0000,0.0000,2618.0000,0.0000,0.0000,0.0000,0.0000,5,0,0,0,0,14,0,0,0,0
zc,WS305,2012-06-14 09:07:10.440,2618.0000,43880,-2,0.0000,2.0000,0,2,双平,S,2617.0000,0.0000,0.0000,0.0000,0.0000,2618.0000,0.0000,0.0000,0.0000,0.0000,5,0,0,0,0,13,0,0,0,0
zc,WS305,2012-06-14 09:07:11.220,2618.0000,43880,0,0.0000,10.0000,5,5,空换,S,2617.0000,0.0000,0.0000,0.0000,0.0000,2618.0000,0.0000,0.0000,0.0000,0.0000,5,0,0,0,0,12,0,0,0,0
zc,WS305,2012-06-14 09:07:12.923,2618.0000,43880,0,0.0000,0.0000,0,0,空换,S,2617.0000,0.0000,0.0000,0.0000,0.0000,2618.0000,0.0000,0.0000,0.0000,0.0000,6,0,0,0,0,12,0,0,0,0
zc,WS305,2012-06-14 09:07:14.690,2617.0000,43882,2,0.0000,12.0000,7,5,空开,S,2616.0000,0.0000,0.0000,0.0000,0.0000,2618.0000,0.0000,0.0000,0.0000,0.0000,16,0,0,0,0,8,0,0,0,0
zc,WS305,2012-06-14 09:07:15.720,2617.0000,43882,0,0.0000,0.0000,0,0,空换,S,2616.0000,0.0000,0.0000,0.0000,0.0000,2617.0000,0.0000,0.0000,0.0000,0.0000,16,0,0,0,0,2,0,0,0,0
zc,WS305,2012-06-14 09:07:16.487,2617.0000,43882,0,0.0000,0.0000,0,0,空换,S,2616.0000,0.0000,0.0000,0.0000,0.0000,2617.0000,0.0000,0.0000,0.0000,0.0000,16,0,0,0,0,3,0,0,0,0
zc,WS305,2012-06-14 09:07:20.957,2617.0000,43882,0,0.0000,0.0000,0,0,空换,S,2616.0000,0.0000,0.0000,0.0000,0.0000,2617.0000,0.0000,0.0000,0.0000,0.0000,16,0,0,0,0,2,0,0,0,0
zc,WS305,2012-06-14 09:07:23.503,2617.0000,43882,0,0.0000,0.0000,0,0,空换,S,2616.0000,0.0000,0.0000,0.0000,0.0000,2617.0000,0.0000,0.0000,0.0000,0.0000,16,0,0,0,0,1,0,0,0,0
zc,WS305,2012-06-14 09:07:23.957,2617.0000,43882,0,0.0000,0.0000,0,0,空换,S,2616.0000,0.0000,0.0000,0.0000,0.0000,2617.0000,0.0000,0.0000,0.0000,0.0000,16,0,0,0,0,4,0,0,0,0
zc,WS305,2012-06-14 09:07:27.690,2617.0000,43882,0,0.0000,2.0000,1,1,空换,S,2616.0000,0.0000,0.0000,0.0000,0.0000,2617.0000,0.0000,0.0000,0.0000,0.0000,16,0,0,0,0,3,0,0,0,0
zc,WS305,2012-06-14 09:07:29.940,2617.0000,43882,0,0.0000,0.0000,0,0,空换,S,2616.0000,0.0000,0.0000,0.0000,0.0000,2617.0000,0.0000,0.0000,0.0000,0.0000,11,0,0,0,0,4,0,0,0,0
zc,WS305,2012-06-14 09:07:31.190,2616.0000,43904,22,0.0000,22.0000,22,0,双开,S,2615.0000,0.0000,0.0000,0.0000,0.0000,2616.0000,0.0000,0.0000,0.0000,0.0000,15,0,0,0,0,9,0,0,0,0
zc,WS305,2012-06-14 09:07:39.220,2616.0000,43904,0,0.0000,10.0000,5,5,空换,S,2615.0000,0.0000,0.0000,0.0000,0.0000,2616.0000,0.0000,0.0000,0.0000,0.0000,15,0,0,0,0,4,0,0,0,0
zc,WS305,2012-06-14 09:07:43.643,2615.0000,43904,0,0.0000,2.0000,1,1,空换,S,2615.0000,0.0000,0.0000,0.0000,0.0000,2616.0000,0.0000,0.0000,0.0000,0.0000,14,0,0,0,0,4,0,0,0,0
zc,WS305,2012-06-14 09:07:44.457,2615.0000,43904,0,0.0000,4.0000,2,2,空换,S,2615.0000,0.0000,0.0000,0.0000,0.0000,2616.0000,0.0000,0.0000,0.0000,0.0000,12,0,0,0,0,4,0,0,0,0
zc,WS305,2012-06-14 09:07:51.157,2615.0000,43904,0,0.0000,0.0000,0,0,空换,S,2615.0000,0.0000,0.0000,0.0000,0.0000,2616.0000,0.0000,0.0000,0.0000,0.0000,12,0,0,0,0,34,0,0,0,0
zc,WS305,2012-06-14 09:08:03.673,2615.0000,43904,0,0.0000,0.0000,0,0,空换,S,2615.0000,0.0000,0.0000,0.0000,0.0000,2616.0000,0.0000,0.0000,0.0000,0.0000,13,0,0,0,0,34,0,0,0,0
zc,WS305,2012-06-14 09:08:24.940,2616.0000,43904,0,0.0000,68.0000,34,34,多换,B,2616.0000,0.0000,0.0000,0.0000,0.0000,2617.0000,0.0000,0.0000,0.0000,0.0000,22,0,0,0,0,6,0,0,0,0
zc,WS305,2012-06-14 09:08:27.673,2616.0000,43904,0,0.0000,0.0000,0,0,多换,B,2616.0000,0.0000,0.0000,0.0000,0.0000,2617.0000,0.0000,0.0000,0.0000,0.0000,22,0,0,0,0,5,0,0,0,0
zc,WS305,2012-06-14 09:08:29.207,2616.0000,43904,0,0.0000,0.0000,0,0,多换,B,2616.0000,0.0000,0.0000,0.0000,0.0000,2617.0000,0.0000,0.0000,0.0000,0.0000,22,0,0,0,0,6,0,0,0,0
zc,WS305,2012-06-14 09:08:42.143,2616.0000,43904,0,0.0000,20.0000,10,10,多换,B,2616.0000,0.0000,0.0000,0.0000,0.0000,2617.0000,0.0000,0.0000,0.0000,0.0000,12,0,0,0,0,6,0,0,0,0
zc,WS305,2012-06-14 09:08:44.157,2616.0000,43904,0,0.0000,0.0000,0,0,多换,B,2616.0000,0.0000,0.0000,0.0000,0.0000,2617.0000,0.0000,0.0000,0.0000,0.0000,13,0,0,0,0,6,0,0,0,0
zc,WS305,2012-06-14 09:08:49.220,2616.0000,43904,0,0.0000,0.0000,0,0,多换,B,2616.0000,0.0000,0.0000,0.0000,0.0000,2617.0000,0.0000,0.0000,0.0000,0.0000,13,0,0,0,0,5,0,0,0,0
zc,WS305,2012-06-14 09:08:51.407,2616.0000,43904,0,0.0000,2.0000,1,1,多换,B,2616.0000,0.0000,0.0000,0.0000,0.0000,2617.0000,0.0000,0.0000,0.0000,0.0000,12,0,0,0,0,5,0,0,0,0
zc,WS305,2012-06-14 09:08:52.673,2616.0000,43904,0,0.0000,10.0000,5,5,多换,B,2616.0000,0.0000,0.0000,0.0000,0.0000,2617.0000,0.0000,0.0000,0.0000,0.0000,7,0,0,0,0,5,0,0,0,0
zc,WS305,2012-06-14 09:08:53.673,2616.0000,43904,0,0.0000,10.0000,5,5,多换,B,2616.0000,0.0000,0.0000,0.0000,0.0000,2617.0000,0.0000,0.0000,0.0000,0.0000,2,0,0,0,0,5,0,0,0,0
zc,WS305,2012-06-14 09:08:54.940,2616.0000,43906,2,0.0000,4.0000,3,1,多开,B,2615.0000,0.0000,0.0000,0.0000,0.0000,2616.0000,0.0000,0.0000,0.0000,0.0000,13,0,0,0,0,3,0,0,0,0
zc,WS305,2012-06-14 09:09:04.673,2616.0000,43906,0,0.0000,0.0000,0,0,多换,B,2615.0000,0.0000,0.0000,0.0000,0.0000,2616.0000,0.0000,0.0000,0.0000,0.0000,14,0,0,0,0,3,0,0,0,0
zc,WS305,2012-06-14 09:09:05.220,2616.0000,43906,0,0.0000,0.0000,0,0,多换,B,2615.0000,0.0000,0.0000,0.0000,0.0000,2616.0000,0.0000,0.0000,0.0000,0.0000,13,0,0,0,0,3,0,0,0,0
zc,WS305,2012-06-14 09:09:05.673,2616.0000,43906,0,0.0000,0.0000,0,0,多换,B,2615.0000,0.0000,0.0000,0.0000,0.0000,2616.0000,0.0000,0.0000,0.0000,0.0000,14,0,0,0,0,3,0,0,0,0
zc,WS305,2012-06-14 09:09:07.440,2616.0000,43906,0,0.0000,0.0000,0,0,多换,B,2615.0000,0.0000,0.0000,0.0000,0.0000,2617.0000,0.0000,0.0000,0.0000,0.0000,14,0,0,0,0,7,0,0,0,0
zc,WS305,2012-06-14 09:09:10.423,2616.0000,43906,0,0.0000,0.0000,0,0,多换,B,2615.0000,0.0000,0.0000,0.0000,0.0000,2616.0000,0.0000,0.0000,0.0000,0.0000,14,0,0,0,0,3,0,0,0,0
zc,WS305,2012-06-14 09:09:21.457,2616.0000,43908,2,0.0000,2.0000,2,0,双开,B,2615.0000,0.0000,0.0000,0.0000,0.0000,2616.0000,0.0000,0.0000,0.0000,0.0000,14,0,0,0,0,2,0,0,0,0
zc,WS305,2012-06-14 09:09:31.707,2616.0000,43908,0,0.0000,0.0000,0,0,多换,B,2615.0000,0.0000,0.0000,0.0000,0.0000,2616.0000,0.0000,0.0000,0.0000,0.0000,14,0,0,0,0,5,0,0,0,0
zc,WS305,2012-06-14 09:09:33.970,2616.0000,43908,0,0.0000,0.0000,0,0,多换,B,2615.0000,0.0000,0.0000,0.0000,0.0000,2616.0000,0.0000,0.0000,0.0000,0.0000,13,0,0,0,0,5,0,0,0,0
zc,WS305,2012-06-14 09:09:39.970,2615.0000,43912,4,0.0000,4.0000,4,0,双开,S,2615.0000,0.0000,0.0000,0.0000,0.0000,2616.0000,0.0000,0.0000,0.0000,0.0000,11,0,0,0,0,3,0,0,0,0
zc,WS305,2012-06-14 09:09:41.220,2615.0000,43912,0,0.0000,0.0000,0,0,空换,S,2615.0000,0.0000,0.0000,0.0000,0.0000,2616.0000,0.0000,0.0000,0.0000,0.0000,11,0,0,0,0,4,0,0,0,0
zc,WS305,2012-06-14 09:09:58.173,2615.0000,43914,2,0.0000,2.0000,2,0,双开,S,2615.0000,0.0000,0.0000,0.0000,0.0000,2616.0000,0.0000,0.0000,0.0000,0.0000,10,0,0,0,0,4,0,0,0,0
zc,WS305,2012-06-14 09:10:01.970,2615.0000,43914,0,0.0000,0.0000,0,0,空换,S,2615.0000,0.0000,0.0000,0.0000,0.0000,2616.0000,0.0000,0.0000,0.0000,0.0000,10,0,0,0,0,1,0,0,0,0
zc,WS305,2012-06-14 09:10:04.253,2615.0000,43914,0,0.0000,0.0000,0,0,空换,S,2615.0000,0.0000,0.0000,0.0000,0.0000,2616.0000,0.0000,0.0000,0.0000,0.0000,10,0,0,0,0,4,0,0,0,0
zc,WS305,2012-06-14 09:10:05.457,2615.0000,43914,0,0.0000,0.0000,0,0,空换,S,2615.0000,0.0000,0.0000,0.0000,0.0000,2616.0000,0.0000,0.0000,0.0000,0.0000,10,0,0,0,0,5,0,0,0,0
zc,WS305,2012-06-14 09:10:10.470,2615.0000,43928,14,0.0000,20.0000,17,3,空开,S,2614.0000,0.0000,0.0000,0.0000,0.0000,2615.0000,0.0000,0.0000,0.0000,0.0000,16,0,0,0,0,5,0,0,0,0
zc,WS305,2012-06-14 09:10:11.173,2615.0000,43928,0,0.0000,0.0000,0,0,空换,S,2614.0000,0.0000,0.0000,0.0000,0.0000,2615.0000,0.0000,0.0000,0.0000,0.0000,16,0,0,0,0,48,0,0,0,0
zc,WS305,2012-06-14 09:10:21.707,2615.0000,43928,0,0.0000,0.0000,0,0,空换,S,2614.0000,0.0000,0.0000,0.0000,0.0000,2615.0000,0.0000,0.0000,0.0000,0.0000,16,0,0,0,0,49,0,0,0,0
zc,WS305,2012-06-14 09:10:25.190,2614.0000,43926,-2,0.0000,4.0000,1,3,多平,S,2614.0000,0.0000,0.0000,0.0000,0.0000,2615.0000,0.0000,0.0000,0.0000,0.0000,14,0,0,0,0,2,0,0,0,0
zc,WS305,2012-06-14 09:10:28.253,2614.0000,43928,2,0.0000,2.0000,2,0,双开,S,2614.0000,0.0000,0.0000,0.0000,0.0000,2615.0000,0.0000,0.0000,0.0000,0.0000,14,0,0,0,0,2,0,0,0,0
zc,WS305,2012-06-14 09:10:29.173,2614.0000,43928,0,0.0000,2.0000,1,1,空换,S,2614.0000,0.0000,0.0000,0.0000,0.0000,2615.0000,0.0000,0.0000,0.0000,0.0000,13,0,0,0,0,2,0,0,0,0
zc,WS305,2012-06-14 09:10:30.457,2614.0000,43928,0,0.0000,0.0000,0,0,空换,S,2614.0000,0.0000,0.0000,0.0000,0.0000,2615.0000,0.0000,0.0000,0.0000,0.0000,13,0,0,0,0,1,0,0,0,0
zc,WS305,2012-06-14 09:10:34.923,2614.0000,43928,0,0.0000,2.0000,1,1,空换,S,2614.0000,0.0000,0.0000,0.0000,0.0000,2615.0000,0.0000,0.0000,0.0000,0.0000,12,0,0,0,0,1,0,0,0,0
zc,WS305,2012-06-14 09:10:52.157,2614.0000,43928,0,0.0000,0.0000,0,0,空换,S,2614.0000,0.0000,0.0000,0.0000,0.0000,2615.0000,0.0000,0.0000,0.0000,0.0000,12,0,0,0,0,2,0,0,0,0
zc,WS305,2012-06-14 09:10:57.957,2614.0000,43928,0,0.0000,0.0000,0,0,空换,S,2614.0000,0.0000,0.0000,0.0000,0.0000,2615.0000,0.0000,0.0000,0.0000,0.0000,12,0,0,0,0,3,0,0,0,0
zc,WS305,2012-06-14 09:11:02.877,2614.0000,43928,0,0.0000,0.0000,0,0,空换,S,2614.0000,0.0000,0.0000,0.0000,0.0000,2615.0000,0.0000,0.0000,0.0000,0.0000,12,0,0,0,0,3,0,0,0,0
zc,WS305,2012-06-14 09:11:10.940,2614.0000,43928,0,0.0000,2.0000,1,1,空换,S,2614.0000,0.0000,0.0000,0.0000,0.0000,2615.0000,0.0000,0.0000,0.0000,0.0000,11,0,0,0,0,3,0,0,0,0
zc,WS305,2012-06-14 09:11:15.237,2614.0000,43928,0,0.0000,4.0000,2,2,空换,S,2614.0000,0.0000,0.0000,0.0000,0.0000,2615.0000,0.0000,0.0000,0.0000,0.0000,9,0,0,0,0,3,0,0,0,0
zc,WS305,2012-06-14 09:11:29.690,2614.0000,43928,0,0.0000,0.0000,0,0,空换,S,2614.0000,0.0000,0.0000,0.0000,0.0000,2615.0000,0.0000,0.0000,0.0000,0.0000,9,0,0,0,0,4,0,0,0,0
zc,WS305,2012-06-14 09:11:30.173,2614.0000,43928,0,0.0000,4.0000,2,2,空换,S,2614.0000,0.0000,0.0000,0.0000,0.0000,2615.0000,0.0000,0.0000,0.0000,0.0000,7,0,0,0,0,4,0,0,0,0
zc,WS305,2012-06-14 09:11:31.423,2615.0000,43928,0,0.0000,2.0000,1,1,多换,B,2614.0000,0.0000,0.0000,0.0000,0.0000,2615.0000,0.0000,0.0000,0.0000,0.0000,7,0,0,0,0,3,0,0,0,0
zc,WS305,2012-06-14 09:11:32.957,2615.0000,43928,0,0.0000,0.0000,0,0,多换,B,2614.0000,0.0000,0.0000,0.0000,0.0000,2615.0000,0.0000,0.0000,0.0000,0.0000,7,0,0,0,0,25,0,0,0,0
zc,WS305,2012-06-14 09:11:34.190,2615.0000,43928,0,0.0000,0.0000,0,0,多换,B,2614.0000,0.0000,0.0000,0.0000,0.0000,2615.0000,0.0000,0.0000,0.0000,0.0000,7,0,0,0,0,24,0,0,0,0
zc,WS305,2012-06-14 09:11:34.690,2615.0000,43928,0,0.0000,0.0000,0,0,多换,B,2614.0000,0.0000,0.0000,0.0000,0.0000,2615.0000,0.0000,0.0000,0.0000,0.0000,7,0,0,0,0,22,0,0,0,0
zc,WS305,2012-06-14 09:11:35.503,2615.0000,43928,0,0.0000,0.0000,0,0,多换,B,2614.0000,0.0000,0.0000,0.0000,0.0000,2615.0000,0.0000,0.0000,0.0000,0.0000,7,0,0,0,0,20,0,0,0,0
zc,WS305,2012-06-14 09:11:36.470,2615.0000,43928,0,0.0000,0.0000,0,0,多换,B,2614.0000,0.0000,0.0000,0.0000,0.0000,2615.0000,0.0000,0.0000,0.0000,0.0000,7,0,0,0,0,19,0,0,0,0
zc,WS305,2012-06-14 09:11:36.940,2615.0000,43928,0,0.0000,0.0000,0,0,多换,B,2614.0000,0.0000,0.0000,0.0000,0.0000,2615.0000,0.0000,0.0000,0.0000,0.0000,7,0,0,0,0,18,0,0,0,0
zc,WS305,2012-06-14 09:11:37.737,2615.0000,43928,0,0.0000,0.0000,0,0,多换,B,2614.0000,0.0000,0.0000,0.0000,0.0000,2615.0000,0.0000,0.0000,0.0000,0.0000,7,0,0,0,0,3,0,0,0,0
zc,WS305,2012-06-14 09:11:41.157,2615.0000,43928,0,0.0000,0.0000,0,0,多换,B,2614.0000,0.0000,0.0000,0.0000,0.0000,2615.0000,0.0000,0.0000,0.0000,0.0000,8,0,0,0,0,3,0,0,0,0
zc,WS305,2012-06-14 09:11:48.300,2615.0000,43928,0,0.0000,0.0000,0,0,多换,B,2614.0000,0.0000,0.0000,0.0000,0.0000,2615.0000,0.0000,0.0000,0.0000,0.0000,8,0,0,0,0,4,0,0,0,0
zc,WS305,2012-06-14 09:11:54.987,2615.0000,43928,0,0.0000,0.0000,0,0,多换,B,2614.0000,0.0000,0.0000,0.0000,0.0000,2615.0000,0.0000,0.0000,0.0000,0.0000,8,0,0,0,0,5,0,0,0,0
zc,WS305,2012-06-14 09:12:19.533,2614.0000,43930,2,0.0000,2.0000,2,0,双开,S,2614.0000,0.0000,0.0000,0.0000,0.0000,2615.0000,0.0000,0.0000,0.0000,0.0000,7,0,0,0,0,5,0,0,0,0
zc,WS305,2012-06-14 09:12:37.957,2614.0000,43930,0,0.0000,0.0000,0,0,空换,S,2614.0000,0.0000,0.0000,0.0000,0.0000,2615.0000,0.0000,0.0000,0.0000,0.0000,7,0,0,0,0,7,0,0,0,0
zc,WS305,2012-06-14 09:12:52.237,2614.0000,43930,0,0.0000,6.0000,3,3,空换,S,2614.0000,0.0000,0.0000,0.0000,0.0000,2615.0000,0.0000,0.0000,0.0000,0.0000,4,0,0,0,0,7,0,0,0,0
zc,WS305,2012-06-14 09:13:00.673,2614.0000,43930,0,0.0000,0.0000,0,0,空换,S,2614.0000,0.0000,0.0000,0.0000,0.0000,2615.0000,0.0000,0.0000,0.0000,0.0000,5,0,0,0,0,7,0,0,0,0
zc,WS305,2012-06-14 09:13:08.267,2614.0000,43930,0,0.0000,0.0000,0,0,空换,S,2614.0000,0.0000,0.0000,0.0000,0.0000,2615.0000,0.0000,0.0000,0.0000,0.0000,6,0,0,0,0,7,0,0,0,0
zc,WS305,2012-06-14 09:13:17.673,2615.0000,43930,0,0.0000,2.0000,1,1,多换,B,2614.0000,0.0000,0.0000,0.0000,0.0000,2615.0000,0.0000,0.0000,0.0000,0.0000,6,0,0,0,0,6,0,0,0,0
zc,WS305,2012-06-14 09:13:22.503,2615.0000,43930,0,0.0000,0.0000,0,0,多换,B,2614.0000,0.0000,0.0000,0.0000,0.0000,2615.0000,0.0000,0.0000,0.0000,0.0000,5,0,0,0,0,6,0,0,0,0
zc,WS305,2012-06-14 09:13:25.517,2615.0000,43930,0,0.0000,0.0000,0,0,多换,B,2614.0000,0.0000,0.0000,0.0000,0.0000,2615.0000,0.0000,0.0000,0.0000,0.0000,6,0,0,0,0,6,0,0,0,0
zc,WS305,2012-06-14 09:13:36.487,2615.0000,43930,0,0.0000,2.0000,1,1,多换,B,2614.0000,0.0000,0.0000,0.0000,0.0000,2615.0000,0.0000,0.0000,0.0000,0.0000,6,0,0,0,0,5,0,0,0,0
zc,WS305,2012-06-14 09:13:38.237,2615.0000,43930,0,0.0000,2.0000,1,1,多换,B,2614.0000,0.0000,0.0000,0.0000,0.0000,2615.0000,0.0000,0.0000,0.0000,0.0000,6,0,0,0,0,4,0,0,0,0
zc,WS305,2012-06-14 09:13:45.923,2615.0000,43930,0,0.0000,0.0000,0,0,多换,B,2614.0000,0.0000,0.0000,0.0000,0.0000,2615.0000,0.0000,0.0000,0.0000,0.0000,6,0,0,0,0,5,0,0,0,0
zc,WS305,2012-06-14 09:13:48.923,2615.0000,43932,2,0.0000,2.0000,2,0,双开,B,2614.0000,0.0000,0.0000,0.0000,0.0000,2615.0000,0.0000,0.0000,0.0000,0.0000,6,0,0,0,0,4,0,0,0,0
zc,WS305,2012-06-14 09:13:55.737,2615.0000,43932,0,0.0000,0.0000,0,0,多换,B,2614.0000,0.0000,0.0000,0.0000,0.0000,2615.0000,0.0000,0.0000,0.0000,0.0000,7,0,0,0,0,4,0,0,0,0
zc,WS305,2012-06-14 09:14:03.673,2615.0000,43932,0,0.0000,0.0000,0,0,多换,B,2614.0000,0.0000,0.0000,0.0000,0.0000,2615.0000,0.0000,0.0000,0.0000,0.0000,6,0,0,0,0,4,0,0,0,0
zc,WS305,2012-06-14 09:14:32.440,2615.0000,43932,0,0.0000,0.0000,0,0,多换,B,2614.0000,0.0000,0.0000,0.0000,0.0000,2615.0000,0.0000,0.0000,0.0000,0.0000,6,0,0,0,0,5,0,0,0,0
zc,WS305,2012-06-14 09:14:43.143,2615.0000,43926,-6,0.0000,10.0000,2,8,空平,B,2615.0000,0.0000,0.0000,0.0000,0.0000,2616.0000,0.0000,0.0000,0.0000,0.0000,5,0,0,0,0,51,0,0,0,0
zc,WS305,2012-06-14 09:14:44.940,2615.0000,43926,0,0.0000,0.0000,0,0,多换,B,2615.0000,0.0000,0.0000,0.0000,0.0000,2616.0000,0.0000,0.0000,0.0000,0.0000,6,0,0,0,0,51,0,0,0,0
zc,WS305,2012-06-14 09:14:49.440,2616.0000,43950,24,0.0000,28.0000,26,2,多开,B,2615.0000,0.0000,0.0000,0.0000,0.0000,2616.0000,0.0000,0.0000,0.0000,0.0000,12,0,0,0,0,37,0,0,0,0
zc,WS305,2012-06-14 09:14:50.423,2616.0000,43964,14,0.0000,16.0000,15,1,多开,B,2615.0000,0.0000,0.0000,0.0000,0.0000,2616.0000,0.0000,0.0000,0.0000,0.0000,6,0,0,0,0,29,0,0,0,0
zc,WS305,2012-06-14 09:14:50.940,2616.0000,43988,24,0.0000,24.0000,24,0,双开,B,2615.0000,0.0000,0.0000,0.0000,0.0000,2616.0000,0.0000,0.0000,0.0000,0.0000,6,0,0,0,0,17,0,0,0,0
zc,WS305,2012-06-14 09:14:51.673,2616.0000,43988,0,0.0000,34.0000,17,17,多换,B,2616.0000,0.0000,0.0000,0.0000,0.0000,2617.0000,0.0000,0.0000,0.0000,0.0000,33,0,0,0,0,7,0,0,0,0
zc,WS305,2012-06-14 09:15:00.707,2617.0000,43990,2,0.0000,2.0000,2,0,双开,B,2616.0000,0.0000,0.0000,0.0000,0.0000,2617.0000,0.0000,0.0000,0.0000,0.0000,33,0,0,0,0,6,0,0,0,0
zc,WS305,2012-06-14 09:15:16.143,2617.0000,43988,-2,0.0000,2.0000,0,2,双平,B,2616.0000,0.0000,0.0000,0.0000,0.0000,2617.0000,0.0000,0.0000,0.0000,0.0000,33,0,0,0,0,5,0,0,0,0
zc,WS305,2012-06-14 09:15:26.423,2617.0000,43988,0,0.0000,0.0000,0,0,多换,B,2615.0000,0.0000,0.0000,0.0000,0.0000,2617.0000,0.0000,0.0000,0.0000,0.0000,3,0,0,0,0,5,0,0,0,0
zc,WS305,2012-06-14 09:15:27.440,2617.0000,43988,0,0.0000,0.0000,0,0,多换,B,2616.0000,0.0000,0.0000,0.0000,0.0000,2617.0000,0.0000,0.0000,0.0000,0.0000,1,0,0,0,0,5,0,0,0,0
zc,WS305,2012-06-14 09:15:27.987,2617.0000,43988,0,0.0000,0.0000,0,0,多换,B,2616.0000,0.0000,0.0000,0.0000,0.0000,2617.0000,0.0000,0.0000,0.0000,0.0000,2,0,0,0,0,5,0,0,0,0
zc,WS305,2012-06-14 09:15:29.673,2617.0000,43978,-10,0.0000,10.0000,0,10,双平,B,2616.0000,0.0000,0.0000,0.0000,0.0000,2618.0000,0.0000,0.0000,0.0000,0.0000,2,0,0,0,0,62,0,0,0,0
zc,WS305,2012-06-14 09:15:32.690,2617.0000,43978,0,0.0000,0.0000,0,0,多换,B,2617.0000,0.0000,0.0000,0.0000,0.0000,2618.0000,0.0000,0.0000,0.0000,0.0000,1,0,0,0,0,62,0,0,0,0
zc,WS305,2012-06-14 09:15:33.657,2618.0000,43978,0,0.0000,2.0000,1,1,多换,B,2617.0000,0.0000,0.0000,0.0000,0.0000,2618.0000,0.0000,0.0000,0.0000,0.0000,14,0,0,0,0,61,0,0,0,0
zc,WS305,2012-06-14 09:15:34.423,2618.0000,43998,20,0.0000,20.0000,20,0,双开,B,2617.0000,0.0000,0.0000,0.0000,0.0000,2618.0000,0.0000,0.0000,0.0000,0.0000,4,0,0,0,0,51,0,0,0,0
zc,WS305,2012-06-14 09:15:35.157,2618.0000,44020,22,0.0000,22.0000,22,0,双开,B,2617.0000,0.0000,0.0000,0.0000,0.0000,2618.0000,0.0000,0.0000,0.0000,0.0000,7,0,0,0,0,40,0,0,0,0
zc,WS305,2012-06-14 09:15:35.673,2618.0000,44034,14,0.0000,14.0000,14,0,双开,B,2616.0000,0.0000,0.0000,0.0000,0.0000,2618.0000,0.0000,0.0000,0.0000,0.0000,31,0,0,0,0,32,0,0,0,0
zc,WS305,2012-06-14 09:15:36.423,2618.0000,44034,0,0.0000,0.0000,0,0,多换,B,2617.0000,0.0000,0.0000,0.0000,0.0000,2618.0000,0.0000,0.0000,0.0000,0.0000,1,0,0,0,0,32,0,0,0,0
zc,WS305,2012-06-14 09:15:36.940,2618.0000,44034,0,0.0000,2.0000,1,1,多换,B,2616.0000,0.0000,0.0000,0.0000,0.0000,2617.0000,0.0000,0.0000,0.0000,0.0000,30,0,0,0,0,1,0,0,0,0
zc,WS305,2012-06-14 09:15:38.220,2619.0000,43982,-52,0.0000,66.0000,7,59,空平,B,2616.0000,0.0000,0.0000,0.0000,0.0000,2620.0000,0.0000,0.0000,0.0000,0.0000,30,0,0,0,0,28,0,0,0,0
zc,WS305,2012-06-14 09:15:39.457,2619.0000,43982,0,0.0000,0.0000,0,0,多换,B,2616.0000,0.0000,0.0000,0.0000,0.0000,2618.0000,0.0000,0.0000,0.0000,0.0000,30,0,0,0,0,1,0,0,0,0
zc,WS305,2012-06-14 09:15:40.907,2618.0000,43984,2,0.0000,2.0000,2,0,双开,S,2618.0000,0.0000,0.0000,0.0000,0.0000,2620.0000,0.0000,0.0000,0.0000,0.0000,5,0,0,0,0,28,0,0,0,0
zc,WS305,2012-06-14 09:15:42.237,2618.0000,43984,0,0.0000,0.0000,0,0,空换,S,2618.0000,0.0000,0.0000,0.0000,0.0000,2620.0000,0.0000,0.0000,0.0000,0.0000,5,0,0,0,0,29,0,0,0,0
zc,WS305,2012-06-14 09:15:44.440,2618.0000,43984,0,0.0000,0.0000,0,0,空换,S,2618.0000,0.0000,0.0000,0.0000,0.0000,2620.0000,0.0000,0.0000,0.0000,0.0000,5,0,0,0,0,31,0,0,0,0
zc,WS305,2012-06-14 09:15:51.970,2618.0000,43984,0,0.0000,0.0000,0,0,空换,S,2618.0000,0.0000,0.0000,0.0000,0.0000,2620.0000,0.0000,0.0000,0.0000,0.0000,5,0,0,0,0,29,0,0,0,0
zc,WS305,2012-06-14 09:15:52.690,2618.0000,43984,0,0.0000,0.0000,0,0,空换,S,2618.0000,0.0000,0.0000,0.0000,0.0000,2620.0000,0.0000,0.0000,0.0000,0.0000,6,0,0,0,0,29,0,0,0,0
zc,WS305,2012-06-14 09:15:54.673,2620.0000,43936,-48,0.0000,58.0000,5,53,空平,B,2620.0000,0.0000,0.0000,0.0000,0.0000,2621.0000,0.0000,0.0000,0.0000,0.0000,1,0,0,0,0,19,0,0,0,0
zc,WS305,2012-06-14 09:15:55.173,2620.0000,43936,0,0.0000,2.0000,1,1,多换,B,2618.0000,0.0000,0.0000,0.0000,0.0000,2620.0000,0.0000,0.0000,0.0000,0.0000,6,0,0,0,0,1,0,0,0,0
zc,WS305,2012-06-14 09:16:00.173,2620.0000,43936,0,0.0000,0.0000,0,0,多换,B,2618.0000,0.0000,0.0000,0.0000,0.0000,2620.0000,0.0000,0.0000,0.0000,0.0000,8,0,0,0,0,1,0,0,0,0
zc,WS305,2012-06-14 09:16:10.457,2620.0000,43936,0,0.0000,0.0000,0,0,多换,B,2618.0000,0.0000,0.0000,0.0000,0.0000,2620.0000,0.0000,0.0000,0.0000,0.0000,8,0,0,0,0,3,0,0,0,0
zc,WS305,2012-06-14 09:16:15.423,2620.0000,43936,0,0.0000,0.0000,0,0,多换,B,2618.0000,0.0000,0.0000,0.0000,0.0000,2620.0000,0.0000,0.0000,0.0000,0.0000,8,0,0,0,0,4,0,0,0,0
zc,WS305,2012-06-14 09:16:18.893,2620.0000,43936,0,0.0000,0.0000,0,0,多换,B,2618.0000,0.0000,0.0000,0.0000,0.0000,2620.0000,0.0000,0.0000,0.0000,0.0000,108,0,0,0,0,4,0,0,0,0
zc,WS305,2012-06-14 09:16:23.470,2620.0000,43936,0,0.0000,0.0000,0,0,多换,B,2618.0000,0.0000,0.0000,0.0000,0.0000,2620.0000,0.0000,0.0000,0.0000,0.0000,126,0,0,0,0,2,0,0,0,0
zc,WS305,2012-06-14 09:16:24.143,2620.0000,43936,0,0.0000,0.0000,0,0,多换,B,2618.0000,0.0000,0.0000,0.0000,0.0000,2620.0000,0.0000,0.0000,0.0000,0.0000,127,0,0,0,0,2,0,0,0,0
zc,WS305,2012-06-14 09:16:24.407,2620.0000,43936,0,0.0000,0.0000,0,0,多换,B,2618.0000,0.0000,0.0000,0.0000,0.0000,2620.0000,0.0000,0.0000,0.0000,0.0000,128,0,0,0,0,2,0,0,0,0
zc,WS305,2012-06-14 09:16:25.457,2620.0000,43936,0,0.0000,0.0000,0,0,多换,B,2618.0000,0.0000,0.0000,0.0000,0.0000,2620.0000,0.0000,0.0000,0.0000,0.0000,123,0,0,0,0,2,0,0,0,0
zc,WS305,2012-06-14 09:16:25.673,2620.0000,43936,0,0.0000,0.0000,0,0,多换,B,2618.0000,0.0000,0.0000,0.0000,0.0000,2620.0000,0.0000,0.0000,0.0000,0.0000,128,0,0,0,0,2,0,0,0,0
zc,WS305,2012-06-14 09:16:26.923,2620.0000,43936,0,0.0000,0.0000,0,0,多换,B,2618.0000,0.0000,0.0000,0.0000,0.0000,2620.0000,0.0000,0.0000,0.0000,0.0000,126,0,0,0,0,2,0,0,0,0
zc,WS305,2012-06-14 09:16:27.470,2620.0000,43936,0,0.0000,0.0000,0,0,多换,B,2618.0000,0.0000,0.0000,0.0000,0.0000,2620.0000,0.0000,0.0000,0.0000,0.0000,125,0,0,0,0,1,0,0,0,0
zc,WS305,2012-06-14 09:16:28.190,2620.0000,43936,0,0.0000,0.0000,0,0,多换,B,2618.0000,0.0000,0.0000,0.0000,0.0000,2620.0000,0.0000,0.0000,0.0000,0.0000,124,0,0,0,0,1,0,0,0,0
zc,WS305,2012-06-14 09:16:28.707,2620.0000,43936,0,0.0000,0.0000,0,0,多换,B,2618.0000,0.0000,0.0000,0.0000,0.0000,2620.0000,0.0000,0.0000,0.0000,0.0000,121,0,0,0,0,1,0,0,0,0
zc,WS305,2012-06-14 09:16:29.173,2620.0000,43936,0,0.0000,0.0000,0,0,多换,B,2618.0000,0.0000,0.0000,0.0000,0.0000,2620.0000,0.0000,0.0000,0.0000,0.0000,120,0,0,0,0,1,0,0,0,0
zc,WS305,2012-06-14 09:16:29.657,2620.0000,43936,0,0.0000,0.0000,0,0,多换,B,2618.0000,0.0000,0.0000,0.0000,0.0000,2620.0000,0.0000,0.0000,0.0000,0.0000,109,0,0,0,0,1,0,0,0,0
zc,WS305,2012-06-14 09:16:30.503,2620.0000,43936,0,0.0000,0.0000,0,0,多换,B,2618.0000,0.0000,0.0000,0.0000,0.0000,2620.0000,0.0000,0.0000,0.0000,0.0000,108,0,0,0,0,3,0,0,0,0
zc,WS305,2012-06-14 09:16:31.923,2620.0000,43936,0,0.0000,0.0000,0,0,多换,B,2618.0000,0.0000,0.0000,0.0000,0.0000,2620.0000,0.0000,0.0000,0.0000,0.0000,128,0,0,0,0,1,0,0,0,0
zc,WS305,2012-06-14 09:16:35.657,2620.0000,43936,0,0.0000,0.0000,0,0,多换,B,2619.0000,0.0000,0.0000,0.0000,0.0000,2620.0000,0.0000,0.0000,0.0000,0.0000,8,0,0,0,0,1,0,0,0,0
zc,WS305,2012-06-14 09:16:45.957,2619.0000,43936,0,0.0000,4.0000,2,2,空换,S,2619.0000,0.0000,0.0000,0.0000,0.0000,2620.0000,0.0000,0.0000,0.0000,0.0000,6,0,0,0,0,1,0,0,0,0
zc,WS305,2012-06-14 09:16:52.190,2619.0000,43936,0,0.0000,2.0000,1,1,空换,S,2619.0000,0.0000,0.0000,0.0000,0.0000,2620.0000,0.0000,0.0000,0.0000,0.0000,5,0,0,0,0,1,0,0,0,0
zc,WS305,2012-06-14 09:16:53.517,2619.0000,43936,0,0.0000,0.0000,0,0,空换,S,2619.0000,0.0000,0.0000,0.0000,0.0000,2620.0000,0.0000,0.0000,0.0000,0.0000,6,0,0,0,0,1,0,0,0,0
zc,WS305,2012-06-14 09:16:54.440,2619.0000,43936,0,0.0000,0.0000,0,0,空换,S,2619.0000,0.0000,0.0000,0.0000,0.0000,2620.0000,0.0000,0.0000,0.0000,0.0000,6,0,0,0,0,3,0,0,0,0
zc,WS305,2012-06-14 09:16:58.173,2619.0000,43936,0,0.0000,0.0000,0,0,空换,S,2619.0000,0.0000,0.0000,0.0000,0.0000,2620.0000,0.0000,0.0000,0.0000,0.0000,6,0,0,0,0,4,0,0,0,0
zc,WS305,2012-06-14 09:17:02.877,2619.0000,43936,0,0.0000,0.0000,0,0,空换,S,2619.0000,0.0000,0.0000,0.0000,0.0000,2620.0000,0.0000,0.0000,0.0000,0.0000,6,0,0,0,0,4,0,0,0,0
zc,WS305,2012-06-14 09:17:05.207,2620.0000,43938,2,0.0000,2.0000,2,0,双开,B,2619.0000,0.0000,0.0000,0.0000,0.0000,2620.0000,0.0000,0.0000,0.0000,0.0000,6,0,0,0,0,3,0,0,0,0
zc,WS305,2012-06-14 09:17:10.470,2620.0000,43938,0,0.0000,0.0000,0,0,多换,B,2619.0000,0.0000,0.0000,0.0000,0.0000,2620.0000,0.0000,0.0000,0.0000,0.0000,6,0,0,0,0,4,0,0,0,0
zc,WS305,2012-06-14 09:17:18.957,2619.0000,43938,0,0.0000,4.0000,2,2,空换,S,2619.0000,0.0000,0.0000,0.0000,0.0000,2620.0000,0.0000,0.0000,0.0000,0.0000,4,0,0,0,0,2,0,0,0,0
zc,WS305,2012-06-14 09:17:21.517,2620.0000,43938,0,0.0000,4.0000,2,2,多换,B,2620.0000,0.0000,0.0000,0.0000,0.0000,2621.0000,0.0000,0.0000,0.0000,0.0000,3,0,0,0,0,20,0,0,0,0
zc,WS305,2012-06-14 09:17:27.173,2620.0000,43938,0,0.0000,2.0000,1,1,多换,B,2620.0000,0.0000,0.0000,0.0000,0.0000,2621.0000,0.0000,0.0000,0.0000,0.0000,2,0,0,0,0,20,0,0,0,0
zc,WS305,2012-06-14 09:17:28.440,2620.0000,43938,0,0.0000,0.0000,0,0,多换,B,2620.0000,0.0000,0.0000,0.0000,0.0000,2621.0000,0.0000,0.0000,0.0000,0.0000,2,0,0,0,0,18,0,0,0,0
zc,WS305,2012-06-14 09:17:29.457,2620.0000,43938,0,0.0000,4.0000,2,2,多换,B,2619.0000,0.0000,0.0000,0.0000,0.0000,2621.0000,0.0000,0.0000,0.0000,0.0000,4,0,0,0,0,18,0,0,0,0
zc,WS305,2012-06-14 09:17:29.907,2620.0000,43938,0,0.0000,0.0000,0,0,多换,B,2619.0000,0.0000,0.0000,0.0000,0.0000,2621.0000,0.0000,0.0000,0.0000,0.0000,4,0,0,0,0,20,0,0,0,0
zc,WS305,2012-06-14 09:17:31.657,2621.0000,43900,-38,0.0000,40.0000,1,39,空平,B,2619.0000,0.0000,0.0000,0.0000,0.0000,2621.0000,0.0000,0.0000,0.0000,0.0000,4,0,0,0,0,10,0,0,0,0
zc,WS305,2012-06-14 09:17:37.923,2621.0000,43900,0,0.0000,0.0000,0,0,多换,B,2619.0000,0.0000,0.0000,0.0000,0.0000,2620.0000,0.0000,0.0000,0.0000,0.0000,4,0,0,0,0,2,0,0,0,0
zc,WS305,2012-06-14 09:17:43.440,2620.0000,43902,2,0.0000,2.0000,2,0,双开,S,2619.0000,0.0000,0.0000,0.0000,0.0000,2620.0000,0.0000,0.0000,0.0000,0.0000,5,0,0,0,0,1,0,0,0,0
zc,WS305,2012-06-14 09:17:59.207,2620.0000,43902,0,0.0000,0.0000,0,0,空换,S,2619.0000,0.0000,0.0000,0.0000,0.0000,2620.0000,0.0000,0.0000,0.0000,0.0000,5,0,0,0,0,2,0,0,0,0
zc,WS305,2012-06-14 09:18:00.957,2620.0000,43904,2,0.0000,4.0000,3,1,空开,S,2620.0000,0.0000,0.0000,0.0000,0.0000,2621.0000,0.0000,0.0000,0.0000,0.0000,1,0,0,0,0,8,0,0,0,0
zc,WS305,2012-06-14 09:18:02.877,2620.0000,43904,0,0.0000,0.0000,0,0,空换,S,2620.0000,0.0000,0.0000,0.0000,0.0000,2621.0000,0.0000,0.0000,0.0000,0.0000,1,0,0,0,0,8,0,0,0,0
zc,WS305,2012-06-14 09:18:04.003,2620.0000,43904,0,0.0000,0.0000,0,0,空换,S,2620.0000,0.0000,0.0000,0.0000,0.0000,2621.0000,0.0000,0.0000,0.0000,0.0000,1,0,0,0,0,10,0,0,0,0
zc,WS305,2012-06-14 09:18:08.423,2620.0000,43904,0,0.0000,0.0000,0,0,空换,S,2620.0000,0.0000,0.0000,0.0000,0.0000,2621.0000,0.0000,0.0000,0.0000,0.0000,1,0,0,0,0,8,0,0,0,0
zc,WS305,2012-06-14 09:18:09.753,2620.0000,43904,0,0.0000,2.0000,1,1,空换,S,2619.0000,0.0000,0.0000,0.0000,0.0000,2620.0000,0.0000,0.0000,0.0000,0.0000,7,0,0,0,0,1,0,0,0,0
zc,WS305,2012-06-14 09:18:10.423,2620.0000,43904,0,0.0000,2.0000,1,1,空换,S,2620.0000,0.0000,0.0000,0.0000,0.0000,2621.0000,0.0000,0.0000,0.0000,0.0000,1,0,0,0,0,8,0,0,0,0
zc,WS305,2012-06-14 09:18:11.423,2620.0000,43904,0,0.0000,2.0000,1,1,空换,S,2620.0000,0.0000,0.0000,0.0000,0.0000,2621.0000,0.0000,0.0000,0.0000,0.0000,20,0,0,0,0,8,0,0,0,0
zc,WS305,2012-06-14 09:18:13.300,2620.0000,43906,2,0.0000,2.0000,2,0,双开,S,2620.0000,0.0000,0.0000,0.0000,0.0000,2621.0000,0.0000,0.0000,0.0000,0.0000,19,0,0,0,0,8,0,0,0,0
zc,WS305,2012-06-14 09:18:14.470,2621.0000,43904,-2,0.0000,2.0000,0,2,双平,B,2620.0000,0.0000,0.0000,0.0000,0.0000,2621.0000,0.0000,0.0000,0.0000,0.0000,19,0,0,0,0,7,0,0,0,0
zc,WS305,2012-06-14 09:18:15.720,2621.0000,43904,0,0.0000,14.0000,7,7,多换,B,2621.0000,0.0000,0.0000,0.0000,0.0000,2622.0000,0.0000,0.0000,0.0000,0.0000,12,0,0,0,0,7,0,0,0,0
zc,WS305,2012-06-14 09:18:16.957,2622.0000,43902,-2,0.0000,2.0000,0,2,双平,B,2621.0000,0.0000,0.0000,0.0000,0.0000,2622.0000,0.0000,0.0000,0.0000,0.0000,12,0,0,0,0,6,0,0,0,0
zc,WS305,2012-06-14 09:18:20.173,2622.0000,43902,0,0.0000,0.0000,0,0,多换,B,2621.0000,0.0000,0.0000,0.0000,0.0000,2622.0000,0.0000,0.0000,0.0000,0.0000,1,0,0,0,0,6,0,0,0,0
zc,WS305,2012-06-14 09:18:21.987,2622.0000,43902,0,0.0000,0.0000,0,0,多换,B,2621.0000,0.0000,0.0000,0.0000,0.0000,2622.0000,0.0000,0.0000,0.0000,0.0000,1,0,0,0,0,7,0,0,0,0
zc,WS305,2012-06-14 09:18:25.457,2622.0000,43902,0,0.0000,2.0000,1,1,多换,B,2621.0000,0.0000,0.0000,0.0000,0.0000,2622.0000,0.0000,0.0000,0.0000,0.0000,1,0,0,0,0,6,0,0,0,0
zc,WS305,2012-06-14 09:18:26.253,2622.0000,43902,0,0.0000,0.0000,0,0,多换,B,2620.0000,0.0000,0.0000,0.0000,0.0000,2622.0000,0.0000,0.0000,0.0000,0.0000,1,0,0,0,0,6,0,0,0,0
zc,WS305,2012-06-14 09:18:26.707,2622.0000,43902,0,0.0000,0.0000,0,0,多换,B,2620.0000,0.0000,0.0000,0.0000,0.0000,2622.0000,0.0000,0.0000,0.0000,0.0000,8,0,0,0,0,6,0,0,0,0
zc,WS305,2012-06-14 09:18:27.440,2622.0000,43902,0,0.0000,0.0000,0,0,多换,B,2620.0000,0.0000,0.0000,0.0000,0.0000,2622.0000,0.0000,0.0000,0.0000,0.0000,7,0,0,0,0,6,0,0,0,0
zc,WS305,2012-06-14 09:18:27.907,2622.0000,43892,-10,0.0000,14.0000,2,12,空平,B,2622.0000,0.0000,0.0000,0.0000,0.0000,2623.0000,0.0000,0.0000,0.0000,0.0000,1,0,0,0,0,2,0,0,0,0
zc,WS305,2012-06-14 09:18:32.657,2622.0000,43892,0,0.0000,2.0000,1,1,多换,B,2621.0000,0.0000,0.0000,0.0000,0.0000,2623.0000,0.0000,0.0000,0.0000,0.0000,22,0,0,0,0,2,0,0,0,0
zc,WS305,2012-06-14 09:18:33.720,2622.0000,43892,0,0.0000,0.0000,0,0,多换,B,2622.0000,0.0000,0.0000,0.0000,0.0000,2623.0000,0.0000,0.0000,0.0000,0.0000,20,0,0,0,0,3,0,0,0,0
zc,WS305,2012-06-14 09:18:34.457,2622.0000,43892,0,0.0000,0.0000,0,0,多换,B,2621.0000,0.0000,0.0000,0.0000,0.0000,2623.0000,0.0000,0.0000,0.0000,0.0000,22,0,0,0,0,3,0,0,0,0
zc,WS305,2012-06-14 09:18:35.407,2622.0000,43892,0,0.0000,0.0000,0,0,多换,B,2622.0000,0.0000,0.0000,0.0000,0.0000,2623.0000,0.0000,0.0000,0.0000,0.0000,2,0,0,0,0,3,0,0,0,0
zc,WS305,2012-06-14 09:18:36.707,2623.0000,43890,-2,0.0000,8.0000,3,5,空平,B,2623.0000,0.0000,0.0000,0.0000,0.0000,2624.0000,0.0000,0.0000,0.0000,0.0000,19,0,0,0,0,5,0,0,0,0
zc,WS305,2012-06-14 09:18:39.157,2623.0000,43890,0,0.0000,0.0000,0,0,多换,B,2623.0000,0.0000,0.0000,0.0000,0.0000,2624.0000,0.0000,0.0000,0.0000,0.0000,20,0,0,0,0,5,0,0,0,0
zc,WS305,2012-06-14 09:18:40.157,2624.0000,43890,0,0.0000,10.0000,5,5,多换,B,2624.0000,0.0000,0.0000,0.0000,0.0000,2625.0000,0.0000,0.0000,0.0000,0.0000,1,0,0,0,0,22,0,0,0,0
zc,WS305,2012-06-14 09:18:40.657,2624.0000,43890,0,0.0000,0.0000,0,0,多换,B,2624.0000,0.0000,0.0000,0.0000,0.0000,2625.0000,0.0000,0.0000,0.0000,0.0000,2,0,0,0,0,22,0,0,0,0
zc,WS305,2012-06-14 09:18:41.487,2625.0000,43930,40,0.0000,44.0000,42,2,多开,B,2625.0000,0.0000,0.0000,0.0000,0.0000,2626.0000,0.0000,0.0000,0.0000,0.0000,17,0,0,0,0,23,0,0,0,0
zc,WS305,2012-06-14 09:18:41.957,2625.0000,43930,0,0.0000,0.0000,0,0,多换,B,2625.0000,0.0000,0.0000,0.0000,0.0000,2626.0000,0.0000,0.0000,0.0000,0.0000,14,0,0,0,0,23,0,0,0,0
zc,WS305,2012-06-14 09:18:42.720,2625.0000,43930,0,0.0000,0.0000,0,0,多换,B,2625.0000,0.0000,0.0000,0.0000,0.0000,2626.0000,0.0000,0.0000,0.0000,0.0000,7,0,0,0,0,23,0,0,0,0
zc,WS305,2012-06-14 09:18:43.253,2625.0000,43930,0,0.0000,0.0000,0,0,多换,B,2625.0000,0.0000,0.0000,0.0000,0.0000,2626.0000,0.0000,0.0000,0.0000,0.0000,1,0,0,0,0,23,0,0,0,0
zc,WS305,2012-06-14 09:18:43.673,2625.0000,43930,0,0.0000,0.0000,0,0,多换,B,2624.0000,0.0000,0.0000,0.0000,0.0000,2626.0000,0.0000,0.0000,0.0000,0.0000,5,0,0,0,0,23,0,0,0,0
zc,WS305,2012-06-14 09:18:44.923,2626.0000,43930,0,0.0000,4.0000,2,2,多换,B,2624.0000,0.0000,0.0000,0.0000,0.0000,2626.0000,0.0000,0.0000,0.0000,0.0000,5,0,0,0,0,21,0,0,0,0
zc,WS305,2012-06-14 09:18:45.970,2626.0000,43934,4,0.0000,42.0000,23,19,多开,B,2626.0000,0.0000,0.0000,0.0000,0.0000,2627.0000,0.0000,0.0000,0.0000,0.0000,9,0,0,0,0,2,0,0,0,0
zc,WS305,2012-06-14 09:18:47.673,2626.0000,43936,2,0.0000,2.0000,2,0,双开,B,2626.0000,0.0000,0.0000,0.0000,0.0000,2627.0000,0.0000,0.0000,0.0000,0.0000,8,0,0,0,0,2,0,0,0,0
zc,WS305,2012-06-14 09:18:48.407,2627.0000,43936,0,0.0000,2.0000,1,1,多换,B,2626.0000,0.0000,0.0000,0.0000,0.0000,2627.0000,0.0000,0.0000,0.0000,0.0000,8,0,0,0,0,3,0,0,0,0
zc,WS305,2012-06-14 09:18:49.457,2627.0000,43936,0,0.0000,2.0000,1,1,多换,B,2626.0000,0.0000,0.0000,0.0000,0.0000,2627.0000,0.0000,0.0000,0.0000,0.0000,8,0,0,0,0,2,0,0,0,0
zc,WS305,2012-06-14 09:18:50.657,2626.0000,43938,2,0.0000,2.0000,2,0,双开,S,2626.0000,0.0000,0.0000,0.0000,0.0000,2627.0000,0.0000,0.0000,0.0000,0.0000,7,0,0,0,0,2,0,0,0,0
zc,WS305,2012-06-14 09:18:51.157,2627.0000,43940,2,0.0000,2.0000,2,0,双开,B,2626.0000,0.0000,0.0000,0.0000,0.0000,2627.0000,0.0000,0.0000,0.0000,0.0000,7,0,0,0,0,1,0,0,0,0
zc,WS305,2012-06-14 09:18:51.923,2626.0000,43940,0,0.0000,2.0000,1,1,空换,S,2626.0000,0.0000,0.0000,0.0000,0.0000,2627.0000,0.0000,0.0000,0.0000,0.0000,6,0,0,0,0,1,0,0,0,0
zc,WS305,2012-06-14 09:18:52.957,2626.0000,43940,0,0.0000,0.0000,0,0,空换,S,2626.0000,0.0000,0.0000,0.0000,0.0000,2627.0000,0.0000,0.0000,0.0000,0.0000,8,0,0,0,0,1,0,0,0,0
zc,WS305,2012-06-14 09:18:53.940,2626.0000,43940,0,0.0000,0.0000,0,0,空换,S,2626.0000,0.0000,0.0000,0.0000,0.0000,2627.0000,0.0000,0.0000,0.0000,0.0000,9,0,0,0,0,1,0,0,0,0
zc,WS305,2012-06-14 09:18:55.457,2626.0000,43940,0,0.0000,0.0000,0,0,空换,S,2626.0000,0.0000,0.0000,0.0000,0.0000,2627.0000,0.0000,0.0000,0.0000,0.0000,6,0,0,0,0,1,0,0,0,0
zc,WS305,2012-06-14 09:18:55.923,2627.0000,43942,2,0.0000,2.0000,2,0,双开,B,2627.0000,0.0000,0.0000,0.0000,0.0000,2628.0000,0.0000,0.0000,0.0000,0.0000,14,0,0,0,0,3,0,0,0,0
zc,WS305,2012-06-14 09:18:58.923,2627.0000,43944,2,0.0000,2.0000,2,0,双开,B,2627.0000,0.0000,0.0000,0.0000,0.0000,2628.0000,0.0000,0.0000,0.0000,0.0000,13,0,0,0,0,3,0,0,0,0
zc,WS305,2012-06-14 09:18:59.173,2627.0000,43944,0,0.0000,0.0000,0,0,多换,B,2627.0000,0.0000,0.0000,0.0000,0.0000,2628.0000,0.0000,0.0000,0.0000,0.0000,57,0,0,0,0,3,0,0,0,0
zc,WS305,2012-06-14 09:18:59.970,2627.0000,43944,0,0.0000,0.0000,0,0,多换,B,2627.0000,0.0000,0.0000,0.0000,0.0000,2628.0000,0.0000,0.0000,0.0000,0.0000,93,0,0,0,0,3,0,0,0,0
zc,WS305,2012-06-14 09:19:00.923,2627.0000,43944,0,0.0000,2.0000,1,1,多换,B,2627.0000,0.0000,0.0000,0.0000,0.0000,2628.0000,0.0000,0.0000,0.0000,0.0000,92,0,0,0,0,3,0,0,0,0
zc,WS305,2012-06-14 09:19:02.940,2628.0000,43948,4,0.0000,10.0000,7,3,多开,B,2627.0000,0.0000,0.0000,0.0000,0.0000,2628.0000,0.0000,0.0000,0.0000,0.0000,92,0,0,0,0,18,0,0,0,0
zc,WS305,2012-06-14 09:19:03.173,2628.0000,43948,0,0.0000,0.0000,0,0,多换,B,2627.0000,0.0000,0.0000,0.0000,0.0000,2628.0000,0.0000,0.0000,0.0000,0.0000,92,0,0,0,0,19,0,0,0,0
zc,WS305,2012-06-14 09:19:03.893,2628.0000,43948,0,0.0000,0.0000,0,0,多换,B,2627.0000,0.0000,0.0000,0.0000,0.0000,2628.0000,0.0000,0.0000,0.0000,0.0000,93,0,0,0,0,20,0,0,0,0
zc,WS305,2012-06-14 09:19:04.923,2628.0000,43948,0,0.0000,10.0000,5,5,多换,B,2627.0000,0.0000,0.0000,0.0000,0.0000,2628.0000,0.0000,0.0000,0.0000,0.0000,93,0,0,0,0,15,0,0,0,0
zc,WS305,2012-06-14 09:19:05.643,2628.0000,43948,0,0.0000,0.0000,0,0,多换,B,2627.0000,0.0000,0.0000,0.0000,0.0000,2628.0000,0.0000,0.0000,0.0000,0.0000,94,0,0,0,0,15,0,0,0,0
zc,WS305,2012-06-14 09:19:06.190,2627.0000,43950,2,0.0000,2.0000,2,0,双开,S,2627.0000,0.0000,0.0000,0.0000,0.0000,2628.0000,0.0000,0.0000,0.0000,0.0000,93,0,0,0,0,15,0,0,0,0
zc,WS305,2012-06-14 09:19:07.923,2627.0000,43950,0,0.0000,48.0000,24,24,空换,S,2627.0000,0.0000,0.0000,0.0000,0.0000,2628.0000,0.0000,0.0000,0.0000,0.0000,69,0,0,0,0,4,0,0,0,0
zc,WS305,2012-06-14 09:19:10.173,2627.0000,43950,0,0.0000,0.0000,0,0,空换,S,2627.0000,0.0000,0.0000,0.0000,0.0000,2628.0000,0.0000,0.0000,0.0000,0.0000,69,0,0,0,0,6,0,0,0,0
zc,WS305,2012-06-14 09:19:10.707,2627.0000,43952,2,0.0000,2.0000,2,0,双开,S,2627.0000,0.0000,0.0000,0.0000,0.0000,2628.0000,0.0000,0.0000,0.0000,0.0000,68,0,0,0,0,6,0,0,0,0
zc,WS305,2012-06-14 09:19:11.143,2627.0000,43952,0,0.0000,0.0000,0,0,空换,S,2627.0000,0.0000,0.0000,0.0000,0.0000,2628.0000,0.0000,0.0000,0.0000,0.0000,68,0,0,0,0,4,0,0,0,0
zc,WS305,2012-06-14 09:19:11.923,2627.0000,43978,26,0.0000,66.0000,46,20,空开,S,2627.0000,0.0000,0.0000,0.0000,0.0000,2628.0000,0.0000,0.0000,0.0000,0.0000,35,0,0,0,0,102,0,0,0,0
zc,WS305,2012-06-14 09:19:12.143,2627.0000,43978,0,0.0000,4.0000,2,2,空换,S,2627.0000,0.0000,0.0000,0.0000,0.0000,2628.0000,0.0000,0.0000,0.0000,0.0000,33,0,0,0,0,102,0,0,0,0
zc,WS305,2012-06-14 09:19:12.893,2627.0000,43978,0,0.0000,0.0000,0,0,空换,S,2627.0000,0.0000,0.0000,0.0000,0.0000,2628.0000,0.0000,0.0000,0.0000,0.0000,33,0,0,0,0,104,0,0,0,0
zc,WS305,2012-06-14 09:19:13.423,2627.0000,43996,18,0.0000,18.0000,18,0,双开,S,2627.0000,0.0000,0.0000,0.0000,0.0000,2628.0000,0.0000,0.0000,0.0000,0.0000,24,0,0,0,0,96,0,0,0,0
zc,WS305,2012-06-14 09:19:14.190,2627.0000,44012,16,0.0000,18.0000,17,1,空开,S,2627.0000,0.0000,0.0000,0.0000,0.0000,2628.0000,0.0000,0.0000,0.0000,0.0000,15,0,0,0,0,88,0,0,0,0
zc,WS305,2012-06-14 09:19:14.690,2627.0000,44014,2,0.0000,2.0000,2,0,双开,S,2627.0000,0.0000,0.0000,0.0000,0.0000,2628.0000,0.0000,0.0000,0.0000,0.0000,14,0,0,0,0,87,0,0,0,0
zc,WS305,2012-06-14 09:19:15.423,2627.0000,44024,10,0.0000,10.0000,10,0,双开,S,2627.0000,0.0000,0.0000,0.0000,0.0000,2628.0000,0.0000,0.0000,0.0000,0.0000,9,0,0,0,0,82,0,0,0,0
zc,WS305,2012-06-14 09:19:16.157,2627.0000,44026,2,0.0000,2.0000,2,0,双开,S,2627.0000,0.0000,0.0000,0.0000,0.0000,2628.0000,0.0000,0.0000,0.0000,0.0000,8,0,0,0,0,81,0,0,0,0
zc,WS305,2012-06-14 09:19:16.423,2627.0000,44034,8,0.0000,8.0000,8,0,双开,S,2627.0000,0.0000,0.0000,0.0000,0.0000,2628.0000,0.0000,0.0000,0.0000,0.0000,4,0,0,0,0,77,0,0,0,0
zc,WS305,2012-06-14 09:19:17.173,2627.0000,44112,78,0.0000,108.0000,93,15,空开,S,2626.0000,0.0000,0.0000,0.0000,0.0000,2627.0000,0.0000,0.0000,0.0000,0.0000,11,0,0,0,0,9,0,0,0,0
zc,WS305,2012-06-14 09:19:17.643,2627.0000,44112,0,0.0000,0.0000,0,0,空换,S,2626.0000,0.0000,0.0000,0.0000,0.0000,2627.0000,0.0000,0.0000,0.0000,0.0000,11,0,0,0,0,4,0,0,0,0
zc,WS305,2012-06-14 09:19:18.423,2627.0000,44112,0,0.0000,2.0000,1,1,空换,S,2626.0000,0.0000,0.0000,0.0000,0.0000,2627.0000,0.0000,0.0000,0.0000,0.0000,11,0,0,0,0,5,0,0,0,0
zc,WS305,2012-06-14 09:19:18.643,2627.0000,44112,0,0.0000,0.0000,0,0,空换,S,2626.0000,0.0000,0.0000,0.0000,0.0000,2627.0000,0.0000,0.0000,0.0000,0.0000,11,0,0,0,0,4,0,0,0,0
zc,WS305,2012-06-14 09:19:20.657,2627.0000,44112,0,0.0000,0.0000,0,0,空换,S,2626.0000,0.0000,0.0000,0.0000,0.0000,2627.0000,0.0000,0.0000,0.0000,0.0000,13,0,0,0,0,4,0,0,0,0
zc,WS305,2012-06-14 09:19:21.673,2627.0000,44114,2,0.0000,2.0000,2,0,双开,S,2626.0000,0.0000,0.0000,0.0000,0.0000,2627.0000,0.0000,0.0000,0.0000,0.0000,13,0,0,0,0,21,0,0,0,0
zc,WS305,2012-06-14 09:19:22.440,2627.0000,44114,0,0.0000,0.0000,0,0,空换,S,2626.0000,0.0000,0.0000,0.0000,0.0000,2627.0000,0.0000,0.0000,0.0000,0.0000,13,0,0,0,0,23,0,0,0,0
zc,WS305,2012-06-14 09:19:23.457,2627.0000,44114,0,0.0000,0.0000,0,0,空换,S,2626.0000,0.0000,0.0000,0.0000,0.0000,2627.0000,0.0000,0.0000,0.0000,0.0000,13,0,0,0,0,25,0,0,0,0
zc,WS305,2012-06-14 09:19:24.643,2627.0000,44164,50,0.0000,50.0000,50,0,双开,S,2627.0000,0.0000,0.0000,0.0000,0.0000,2628.0000,0.0000,0.0000,0.0000,0.0000,5,0,0,0,0,1,0,0,0,0
zc,WS305,2012-06-14 09:19:25.923,2627.0000,44164,0,0.0000,0.0000,0,0,空换,S,2627.0000,0.0000,0.0000,0.0000,0.0000,2628.0000,0.0000,0.0000,0.0000,0.0000,5,0,0,0,0,37,0,0,0,0
zc,WS305,2012-06-14 09:19:26.690,2627.0000,44168,4,0.0000,4.0000,4,0,双开,S,2627.0000,0.0000,0.0000,0.0000,0.0000,2628.0000,0.0000,0.0000,0.0000,0.0000,4,0,0,0,0,36,0,0,0,0
zc,WS305,2012-06-14 09:19:28.190,2627.0000,44168,0,0.0000,4.0000,2,2,空换,S,2627.0000,0.0000,0.0000,0.0000,0.0000,2628.0000,0.0000,0.0000,0.0000,0.0000,2,0,0,0,0,36,0,0,0,0
zc,WS305,2012-06-14 09:19:29.157,2627.0000,44172,4,0.0000,4.0000,4,0,双开,S,2626.0000,0.0000,0.0000,0.0000,0.0000,2628.0000,0.0000,0.0000,0.0000,0.0000,11,0,0,0,0,36,0,0,0,0
zc,WS305,2012-06-14 09:19:30.407,2627.0000,44172,0,0.0000,0.0000,0,0,空换,S,2626.0000,0.0000,0.0000,0.0000,0.0000,2628.0000,0.0000,0.0000,0.0000,0.0000,13,0,0,0,0,36,0,0,0,0
zc,WS305,2012-06-14 09:19:31.767,2627.0000,44172,0,0.0000,0.0000,0,0,空换,S,2626.0000,0.0000,0.0000,0.0000,0.0000,2627.0000,0.0000,0.0000,0.0000,0.0000,11,0,0,0,0,1,0,0,0,0
zc,WS305,2012-06-14 09:19:33.190,2627.0000,44172,0,0.0000,2.0000,1,1,空换,S,2626.0000,0.0000,0.0000,0.0000,0.0000,2628.0000,0.0000,0.0000,0.0000,0.0000,13,0,0,0,0,2,0,0,0,0
zc,WS305,2012-06-14 09:19:34.440,2627.0000,44172,0,0.0000,0.0000,0,0,空换,S,2626.0000,0.0000,0.0000,0.0000,0.0000,2628.0000,0.0000,0.0000,0.0000,0.0000,14,0,0,0,0,2,0,0,0,0
zc,WS305,2012-06-14 09:19:34.940,2628.0000,44214,42,0.0000,44.0000,43,1,多开,B,2628.0000,0.0000,0.0000,0.0000,0.0000,2629.0000,0.0000,0.0000,0.0000,0.0000,3,0,0,0,0,37,0,0,0,0
zc,WS305,2012-06-14 09:19:35.707,2628.0000,44220,6,0.0000,6.0000,6,0,双开,B,2627.0000,0.0000,0.0000,0.0000,0.0000,2629.0000,0.0000,0.0000,0.0000,0.0000,20,0,0,0,0,34,0,0,0,0
zc,WS305,2012-06-14 09:19:36.720,2627.0000,44222,2,0.0000,2.0000,2,0,双开,S,2627.0000,0.0000,0.0000,0.0000,0.0000,2629.0000,0.0000,0.0000,0.0000,0.0000,19,0,0,0,0,34,0,0,0,0
zc,WS305,2012-06-14 09:19:37.907,2627.0000,44222,0,0.0000,0.0000,0,0,空换,S,2627.0000,0.0000,0.0000,0.0000,0.0000,2628.0000,0.0000,0.0000,0.0000,0.0000,19,0,0,0,0,14,0,0,0,0
zc,WS305,2012-06-14 09:19:38.423,2627.0000,44222,0,0.0000,0.0000,0,0,空换,S,2627.0000,0.0000,0.0000,0.0000,0.0000,2628.0000,0.0000,0.0000,0.0000,0.0000,19,0,0,0,0,15,0,0,0,0
zc,WS305,2012-06-14 09:19:38.907,2627.0000,44222,0,0.0000,0.0000,0,0,空换,S,2627.0000,0.0000,0.0000,0.0000,0.0000,2628.0000,0.0000,0.0000,0.0000,0.0000,19,0,0,0,0,19,0,0,0,0
zc,WS305,2012-06-14 09:19:39.657,2627.0000,44222,0,0.0000,0.0000,0,0,空换,S,2627.0000,0.0000,0.0000,0.0000,0.0000,2628.0000,0.0000,0.0000,0.0000,0.0000,19,0,0,0,0,20,0,0,0,0
zc,WS305,2012-06-14 09:19:40.143,2627.0000,44224,2,0.0000,2.0000,2,0,双开,S,2627.0000,0.0000,0.0000,0.0000,0.0000,2628.0000,0.0000,0.0000,0.0000,0.0000,18,0,0,0,0,23,0,0,0,0
zc,WS305,2012-06-14 09:19:40.643,2627.0000,44224,0,0.0000,0.0000,0,0,空换,S,2627.0000,0.0000,0.0000,0.0000,0.0000,2628.0000,0.0000,0.0000,0.0000,0.0000,18,0,0,0,0,34,0,0,0,0
zc,WS305,2012-06-14 09:19:41.907,2627.0000,44226,2,0.0000,2.0000,2,0,双开,S,2627.0000,0.0000,0.0000,0.0000,0.0000,2628.0000,0.0000,0.0000,0.0000,0.0000,17,0,0,0,0,25,0,0,0,0
zc,WS305,2012-06-14 09:19:42.457,2627.0000,44226,0,0.0000,0.0000,0,0,空换,S,2627.0000,0.0000,0.0000,0.0000,0.0000,2628.0000,0.0000,0.0000,0.0000,0.0000,17,0,0,0,0,34,0,0,0,0
zc,WS305,2012-06-14 09:19:45.173,2628.0000,44276,50,0.0000,50.0000,50,0,双开,B,2627.0000,0.0000,0.0000,0.0000,0.0000,2628.0000,0.0000,0.0000,0.0000,0.0000,17,0,0,0,0,9,0,0,0,0
zc,WS305,2012-06-14 09:19:45.940,2628.0000,44276,0,0.0000,0.0000,0,0,多换,B,2627.0000,0.0000,0.0000,0.0000,0.0000,2628.0000,0.0000,0.0000,0.0000,0.0000,17,0,0,0,0,2,0,0,0,0
zc,WS305,2012-06-14 09:19:47.190,2628.0000,44276,0,0.0000,0.0000,0,0,多换,B,2627.0000,0.0000,0.0000,0.0000,0.0000,2628.0000,0.0000,0.0000,0.0000,0.0000,17,0,0,0,0,3,0,0,0,0
zc,WS305,2012-06-14 09:19:47.673,2628.0000,44276,0,0.0000,0.0000,0,0,多换,B,2627.0000,0.0000,0.0000,0.0000,0.0000,2628.0000,0.0000,0.0000,0.0000,0.0000,19,0,0,0,0,3,0,0,0,0
zc,WS305,2012-06-14 09:19:49.440,2628.0000,44276,0,0.0000,4.0000,2,2,多换,B,2627.0000,0.0000,0.0000,0.0000,0.0000,2628.0000,0.0000,0.0000,0.0000,0.0000,20,0,0,0,0,1,0,0,0,0
zc,WS305,2012-06-14 09:19:50.440,2627.0000,44322,46,0.0000,60.0000,53,7,空开,S,2627.0000,0.0000,0.0000,0.0000,0.0000,2628.0000,0.0000,0.0000,0.0000,0.0000,26,0,0,0,0,1,0,0,0,0
zc,WS305,2012-06-14 09:19:51.207,2629.0000,44326,4,0.0000,4.0000,4,0,双开,B,2628.0000,0.0000,0.0000,0.0000,0.0000,2629.0000,0.0000,0.0000,0.0000,0.0000,19,0,0,0,0,2,0,0,0,0
zc,WS305,2012-06-14 09:19:52.457,2629.0000,44328,2,0.0000,2.0000,2,0,双开,B,2628.0000,0.0000,0.0000,0.0000,0.0000,2629.0000,0.0000,0.0000,0.0000,0.0000,19,0,0,0,0,1,0,0,0,0
zc,WS305,2012-06-14 09:19:54.157,2629.0000,44328,0,0.0000,0.0000,0,0,多换,B,2628.0000,0.0000,0.0000,0.0000,0.0000,2629.0000,0.0000,0.0000,0.0000,0.0000,19,0,0,0,0,10,0,0,0,0
zc,WS305,2012-06-14 09:19:54.690,2629.0000,44330,2,0.0000,2.0000,2,0,双开,B,2628.0000,0.0000,0.0000,0.0000,0.0000,2629.0000,0.0000,0.0000,0.0000,0.0000,19,0,0,0,0,9,0,0,0,0
zc,WS305,2012-06-14 09:19:55.173,2629.0000,44332,2,0.0000,2.0000,2,0,双开,B,2628.0000,0.0000,0.0000,0.0000,0.0000,2629.0000,0.0000,0.0000,0.0000,0.0000,19,0,0,0,0,8,0,0,0,0
zc,WS305,2012-06-14 09:19:56.487,2629.0000,44332,0,0.0000,0.0000,0,0,多换,B,2628.0000,0.0000,0.0000,0.0000,0.0000,2629.0000,0.0000,0.0000,0.0000,0.0000,19,0,0,0,0,3,0,0,0,0
zc,WS305,2012-06-14 09:19:57.487,2629.0000,44332,0,0.0000,2.0000,1,1,多换,B,2628.0000,0.0000,0.0000,0.0000,0.0000,2629.0000,0.0000,0.0000,0.0000,0.0000,19,0,0,0,0,2,0,0,0,0
zc,WS305,2012-06-14 09:19:58.220,2629.0000,44336,4,0.0000,4.0000,4,0,双开,B,2629.0000,0.0000,0.0000,0.0000,0.0000,2630.0000,0.0000,0.0000,0.0000,0.0000,1,0,0,0,0,115,0,0,0,0
zc,WS305,2012-06-14 09:19:59.673,2629.0000,44338,2,0.0000,2.0000,2,0,双开,B,2628.0000,0.0000,0.0000,0.0000,0.0000,2630.0000,0.0000,0.0000,0.0000,0.0000,19,0,0,0,0,114,0,0,0,0
zc,WS305,2012-06-14 09:20:00.423,2629.0000,44338,0,0.0000,0.0000,0,0,多换,B,2628.0000,0.0000,0.0000,0.0000,0.0000,2629.0000,0.0000,0.0000,0.0000,0.0000,19,0,0,0,0,5,0,0,0,0
zc,WS305,2012-06-14 09:20:01.003,2628.0000,44338,0,0.0000,4.0000,2,2,空换,S,2628.0000,0.0000,0.0000,0.0000,0.0000,2629.0000,0.0000,0.0000,0.0000,0.0000,17,0,0,0,0,5,0,0,0,0
zc,WS305,2012-06-14 09:20:01.407,2629.0000,44342,4,0.0000,4.0000,4,0,双开,B,2628.0000,0.0000,0.0000,0.0000,0.0000,2629.0000,0.0000,0.0000,0.0000,0.0000,17,0,0,0,0,3,0,0,0,0
zc,WS305,2012-06-14 09:20:02.893,2629.0000,44342,0,0.0000,0.0000,0,0,多换,B,2628.0000,0.0000,0.0000,0.0000,0.0000,2629.0000,0.0000,0.0000,0.0000,0.0000,17,0,0,0,0,3,0,0,0,0
zc,WS305,2012-06-14 09:20:03.737,2629.0000,44342,0,0.0000,0.0000,0,0,多换,B,2628.0000,0.0000,0.0000,0.0000,0.0000,2629.0000,0.0000,0.0000,0.0000,0.0000,18,0,0,0,0,3,0,0,0,0
zc,WS305,2012-06-14 09:20:07.143,2629.0000,44342,0,0.0000,0.0000,0,0,多换,B,2628.0000,0.0000,0.0000,0.0000,0.0000,2629.0000,0.0000,0.0000,0.0000,0.0000,19,0,0,0,0,3,0,0,0,0
zc,WS305,2012-06-14 09:20:08.393,2630.0000,44330,-12,0.0000,40.0000,14,26,空平,B,2628.0000,0.0000,0.0000,0.0000,0.0000,2630.0000,0.0000,0.0000,0.0000,0.0000,19,0,0,0,0,150,0,0,0,0
zc,WS305,2012-06-14 09:20:10.643,2630.0000,44330,0,0.0000,0.0000,0,0,多换,B,2628.0000,0.0000,0.0000,0.0000,0.0000,2630.0000,0.0000,0.0000,0.0000,0.0000,19,0,0,0,0,152,0,0,0,0
zc,WS305,2012-06-14 09:20:11.173,2630.0000,44330,0,0.0000,0.0000,0,0,多换,B,2628.0000,0.0000,0.0000,0.0000,0.0000,2630.0000,0.0000,0.0000,0.0000,0.0000,19,0,0,0,0,157,0,0,0,0
zc,WS305,2012-06-14 09:20:13.457,2630.0000,44330,0,0.0000,0.0000,0,0,多换,B,2628.0000,0.0000,0.0000,0.0000,0.0000,2629.0000,0.0000,0.0000,0.0000,0.0000,19,0,0,0,0,1,0,0,0,0
zc,WS305,2012-06-14 09:20:14.440,2630.0000,44332,2,0.0000,2.0000,2,0,双开,B,2628.0000,0.0000,0.0000,0.0000,0.0000,2629.0000,0.0000,0.0000,0.0000,0.0000,19,0,0,0,0,2,0,0,0,0
zc,WS305,2012-06-14 09:20:15.643,2630.0000,44342,10,0.0000,10.0000,10,0,双开,B,2628.0000,0.0000,0.0000,0.0000,0.0000,2630.0000,0.0000,0.0000,0.0000,0.0000,19,0,0,0,0,152,0,0,0,0
zc,WS305,2012-06-14 09:20:16.157,2629.0000,44344,2,0.0000,2.0000,2,0,双开,S,2628.0000,0.0000,0.0000,0.0000,0.0000,2629.0000,0.0000,0.0000,0.0000,0.0000,19,0,0,0,0,29,0,0,0,0
zc,WS305,2012-06-14 09:20:16.690,2629.0000,44344,0,0.0000,0.0000,0,0,空换,S,2628.0000,0.0000,0.0000,0.0000,0.0000,2629.0000,0.0000,0.0000,0.0000,0.0000,19,0,0,0,0,30,0,0,0,0
zc,WS305,2012-06-14 09:20:17.407,2629.0000,44344,0,0.0000,0.0000,0,0,空换,S,2628.0000,0.0000,0.0000,0.0000,0.0000,2629.0000,0.0000,0.0000,0.0000,0.0000,19,0,0,0,0,29,0,0,0,0
zc,WS305,2012-06-14 09:20:18.407,2630.0000,44250,-94,0.0000,386.0000,146,240,空平,B,2628.0000,0.0000,0.0000,0.0000,0.0000,2630.0000,0.0000,0.0000,0.0000,0.0000,19,0,0,0,0,23,0,0,0,0
zc,WS305,2012-06-14 09:20:19.707,2628.0000,44250,0,0.0000,2.0000,1,1,空换,S,2628.0000,0.0000,0.0000,0.0000,0.0000,2629.0000,0.0000,0.0000,0.0000,0.0000,18,0,0,0,0,1,0,0,0,0
zc,WS305,2012-06-14 09:20:22.720,2629.0000,44252,2,0.0000,2.0000,2,0,双开,B,2629.0000,0.0000,0.0000,0.0000,0.0000,2630.0000,0.0000,0.0000,0.0000,0.0000,9,0,0,0,0,18,0,0,0,0
zc,WS305,2012-06-14 09:20:22.923,2629.0000,44270,18,0.0000,68.0000,43,25,多开,B,2628.0000,0.0000,0.0000,0.0000,0.0000,2629.0000,0.0000,0.0000,0.0000,0.0000,18,0,0,0,0,2,0,0,0,0
zc,WS305,2012-06-14 09:20:23.753,2629.0000,44270,0,0.0000,0.0000,0,0,多换,B,2628.0000,0.0000,0.0000,0.0000,0.0000,2630.0000,0.0000,0.0000,0.0000,0.0000,18,0,0,0,0,28,0,0,0,0
zc,WS305,2012-06-14 09:20:24.470,2629.0000,44270,0,0.0000,0.0000,0,0,多换,B,2628.0000,0.0000,0.0000,0.0000,0.0000,2630.0000,0.0000,0.0000,0.0000,0.0000,18,0,0,0,0,29,0,0,0,0
zc,WS305,2012-06-14 09:20:24.957,2629.0000,44270,0,0.0000,0.0000,0,0,多换,B,2628.0000,0.0000,0.0000,0.0000,0.0000,2630.0000,0.0000,0.0000,0.0000,0.0000,18,0,0,0,0,31,0,0,0,0
zc,WS305,2012-06-14 09:20:30.423,2629.0000,44270,0,0.0000,0.0000,0,0,多换,B,2628.0000,0.0000,0.0000,0.0000,0.0000,2630.0000,0.0000,0.0000,0.0000,0.0000,18,0,0,0,0,34,0,0,0,0
zc,WS305,2012-06-14 09:20:33.393,2629.0000,44270,0,0.0000,0.0000,0,0,多换,B,2628.0000,0.0000,0.0000,0.0000,0.0000,2630.0000,0.0000,0.0000,0.0000,0.0000,18,0,0,0,0,39,0,0,0,0
zc,WS305,2012-06-14 09:20:41.470,2629.0000,44270,0,0.0000,0.0000,0,0,多换,B,2628.0000,0.0000,0.0000,0.0000,0.0000,2629.0000,0.0000,0.0000,0.0000,0.0000,18,0,0,0,0,14,0,0,0,0
zc,WS305,2012-06-14 09:20:42.173,2628.0000,44270,0,0.0000,4.0000,2,2,空换,S,2628.0000,0.0000,0.0000,0.0000,0.0000,2629.0000,0.0000,0.0000,0.0000,0.0000,16,0,0,0,0,15,0,0,0,0
zc,WS305,2012-06-14 09:20:44.877,2629.0000,44270,0,0.0000,2.0000,1,1,多换,B,2628.0000,0.0000,0.0000,0.0000,0.0000,2629.0000,0.0000,0.0000,0.0000,0.0000,16,0,0,0,0,14,0,0,0,0
zc,WS305,2012-06-14 09:20:45.423,2629.0000,44270,0,0.0000,0.0000,0,0,多换,B,2628.0000,0.0000,0.0000,0.0000,0.0000,2629.0000,0.0000,0.0000,0.0000,0.0000,16,0,0,0,0,17,0,0,0,0
zc,WS305,2012-06-14 09:20:45.907,2629.0000,44270,0,0.0000,0.0000,0,0,多换,B,2628.0000,0.0000,0.0000,0.0000,0.0000,2629.0000,0.0000,0.0000,0.0000,0.0000,2,0,0,0,0,17,0,0,0,0
zc,WS305,2012-06-14 09:20:48.157,2628.0000,44270,0,0.0000,4.0000,2,2,空换,S,2627.0000,0.0000,0.0000,0.0000,0.0000,2629.0000,0.0000,0.0000,0.0000,0.0000,2,0,0,0,0,15,0,0,0,0
zc,WS305,2012-06-14 09:20:48.923,2628.0000,44270,0,0.0000,0.0000,0,0,空换,S,2627.0000,0.0000,0.0000,0.0000,0.0000,2628.0000,0.0000,0.0000,0.0000,0.0000,2,0,0,0,0,1,0,0,0,0
zc,WS305,2012-06-14 09:20:52.923,2629.0000,44272,2,0.0000,6.0000,4,2,多开,B,2627.0000,0.0000,0.0000,0.0000,0.0000,2629.0000,0.0000,0.0000,0.0000,0.0000,2,0,0,0,0,14,0,0,0,0
zc,WS305,2012-06-14 09:20:54.487,2629.0000,44272,0,0.0000,0.0000,0,0,多换,B,2627.0000,0.0000,0.0000,0.0000,0.0000,2629.0000,0.0000,0.0000,0.0000,0.0000,2,0,0,0,0,15,0,0,0,0
zc,WS305,2012-06-14 09:20:56.893,2629.0000,44272,0,0.0000,0.0000,0,0,多换,B,2627.0000,0.0000,0.0000,0.0000,0.0000,2629.0000,0.0000,0.0000,0.0000,0.0000,2,0,0,0,0,16,0,0,0,0
zc,WS305,2012-06-14 09:20:58.393,2629.0000,44272,0,0.0000,0.0000,0,0,多换,B,2627.0000,0.0000,0.0000,0.0000,0.0000,2629.0000,0.0000,0.0000,0.0000,0.0000,2,0,0,0,0,17,0,0,0,0
zc,WS305,2012-06-14 09:20:59.643,2629.0000,44272,0,0.0000,0.0000,0,0,多换,B,2627.0000,0.0000,0.0000,0.0000,0.0000,2629.0000,0.0000,0.0000,0.0000,0.0000,2,0,0,0,0,20,0,0,0,0
zc,WS305,2012-06-14 09:21:00.237,2629.0000,44272,0,0.0000,0.0000,0,0,多换,B,2627.0000,0.0000,0.0000,0.0000,0.0000,2629.0000,0.0000,0.0000,0.0000,0.0000,2,0,0,0,0,34,0,0,0,0
zc,WS305,2012-06-14 09:21:01.220,2629.0000,44272,0,0.0000,0.0000,0,0,多换,B,2627.0000,0.0000,0.0000,0.0000,0.0000,2628.0000,0.0000,0.0000,0.0000,0.0000,2,0,0,0,0,2,0,0,0,0
zc,WS305,2012-06-14 09:21:01.893,2628.0000,44272,0,0.0000,2.0000,1,1,空换,S,2627.0000,0.0000,0.0000,0.0000,0.0000,2628.0000,0.0000,0.0000,0.0000,0.0000,2,0,0,0,0,1,0,0,0,0
zc,WS305,2012-06-14 09:21:02.503,2628.0000,44272,0,0.0000,0.0000,0,0,空换,S,2627.0000,0.0000,0.0000,0.0000,0.0000,2628.0000,0.0000,0.0000,0.0000,0.0000,2,0,0,0,0,6,0,0,0,0
zc,WS305,2012-06-14 09:21:03.657,2628.0000,44272,0,0.0000,0.0000,0,0,空换,S,2627.0000,0.0000,0.0000,0.0000,0.0000,2628.0000,0.0000,0.0000,0.0000,0.0000,2,0,0,0,0,11,0,0,0,0
zc,WS305,2012-06-14 09:21:05.907,2628.0000,44272,0,0.0000,0.0000,0,0,空换,S,2627.0000,0.0000,0.0000,0.0000,0.0000,2628.0000,0.0000,0.0000,0.0000,0.0000,12,0,0,0,0,11,0,0,0,0
zc,WS305,2012-06-14 09:21:06.970,2628.0000,44274,2,0.0000,2.0000,2,0,双开,S,2627.0000,0.0000,0.0000,0.0000,0.0000,2628.0000,0.0000,0.0000,0.0000,0.0000,12,0,0,0,0,10,0,0,0,0
zc,WS305,2012-06-14 09:21:16.190,2628.0000,44274,0,0.0000,0.0000,0,0,空换,S,2627.0000,0.0000,0.0000,0.0000,0.0000,2628.0000,0.0000,0.0000,0.0000,0.0000,13,0,0,0,0,10,0,0,0,0
zc,WS305,2012-06-14 09:21:16.627,2628.0000,44274,0,0.0000,0.0000,0,0,空换,S,2627.0000,0.0000,0.0000,0.0000,0.0000,2628.0000,0.0000,0.0000,0.0000,0.0000,13,0,0,0,0,5,0,0,0,0
zc,WS305,2012-06-14 09:21:19.457,2628.0000,44274,0,0.0000,0.0000,0,0,空换,S,2627.0000,0.0000,0.0000,0.0000,0.0000,2628.0000,0.0000,0.0000,0.0000,0.0000,113,0,0,0,0,5,0,0,0,0
zc,WS305,2012-06-14 09:21:22.923,2627.0000,44274,0,0.0000,2.0000,1,1,空换,S,2627.0000,0.0000,0.0000,0.0000,0.0000,2628.0000,0.0000,0.0000,0.0000,0.0000,112,0,0,0,0,5,0,0,0,0
zc,WS305,2012-06-14 09:21:24.707,2628.0000,44274,0,0.0000,6.0000,3,3,多换,B,2627.0000,0.0000,0.0000,0.0000,0.0000,2628.0000,0.0000,0.0000,0.0000,0.0000,112,0,0,0,0,2,0,0,0,0
zc,WS305,2012-06-14 09:21:33.173,2628.0000,44274,0,0.0000,4.0000,2,2,多换,B,2628.0000,0.0000,0.0000,0.0000,0.0000,2629.0000,0.0000,0.0000,0.0000,0.0000,13,0,0,0,0,34,0,0,0,0
zc,WS305,2012-06-14 09:21:34.893,2628.0000,44274,0,0.0000,0.0000,0,0,多换,B,2628.0000,0.0000,0.0000,0.0000,0.0000,2629.0000,0.0000,0.0000,0.0000,0.0000,14,0,0,0,0,34,0,0,0,0
zc,WS305,2012-06-14 09:21:35.423,2628.0000,44274,0,0.0000,18.0000,9,9,多换,B,2628.0000,0.0000,0.0000,0.0000,0.0000,2629.0000,0.0000,0.0000,0.0000,0.0000,5,0,0,0,0,30,0,0,0,0
zc,WS305,2012-06-14 09:21:36.423,2628.0000,44274,0,0.0000,10.0000,5,5,多换,B,2627.0000,0.0000,0.0000,0.0000,0.0000,2629.0000,0.0000,0.0000,0.0000,0.0000,112,0,0,0,0,30,0,0,0,0
zc,WS305,2012-06-14 09:21:38.923,2628.0000,44274,0,0.0000,0.0000,0,0,多换,B,2627.0000,0.0000,0.0000,0.0000,0.0000,2628.0000,0.0000,0.0000,0.0000,0.0000,112,0,0,0,0,1,0,0,0,0
zc,WS305,2012-06-14 09:21:46.627,2628.0000,44274,0,0.0000,0.0000,0,0,多换,B,2627.0000,0.0000,0.0000,0.0000,0.0000,2628.0000,0.0000,0.0000,0.0000,0.0000,111,0,0,0,0,1,0,0,0,0
zc,WS305,2012-06-14 09:21:47.143,2628.0000,44274,0,0.0000,0.0000,0,0,多换,B,2627.0000,0.0000,0.0000,0.0000,0.0000,2628.0000,0.0000,0.0000,0.0000,0.0000,101,0,0,0,0,1,0,0,0,0
zc,WS305,2012-06-14 09:21:47.923,2628.0000,44276,2,0.0000,2.0000,2,0,双开,B,2628.0000,0.0000,0.0000,0.0000,0.0000,2629.0000,0.0000,0.0000,0.0000,0.0000,10,0,0,0,0,30,0,0,0,0
zc,WS305,2012-06-14 09:21:52.157,2628.0000,44296,20,0.0000,20.0000,20,0,双开,B,2627.0000,0.0000,0.0000,0.0000,0.0000,2629.0000,0.0000,0.0000,0.0000,0.0000,101,0,0,0,0,30,0,0,0,0
zc,WS305,2012-06-14 09:21:55.173,2628.0000,44296,0,0.0000,0.0000,0,0,多换,B,2627.0000,0.0000,0.0000,0.0000,0.0000,2628.0000,0.0000,0.0000,0.0000,0.0000,101,0,0,0,0,4,0,0,0,0
zc,WS305,2012-06-14 09:21:55.657,2628.0000,44296,0,0.0000,0.0000,0,0,多换,B,2627.0000,0.0000,0.0000,0.0000,0.0000,2629.0000,0.0000,0.0000,0.0000,0.0000,101,0,0,0,0,31,0,0,0,0
zc,WS305,2012-06-14 09:21:56.127,2628.0000,44296,0,0.0000,0.0000,0,0,多换,B,2627.0000,0.0000,0.0000,0.0000,0.0000,2629.0000,0.0000,0.0000,0.0000,0.0000,101,0,0,0,0,32,0,0,0,0
zc,WS305,2012-06-14 09:21:57.407,2628.0000,44296,0,0.0000,0.0000,0,0,多换,B,2627.0000,0.0000,0.0000,0.0000,0.0000,2628.0000,0.0000,0.0000,0.0000,0.0000,101,0,0,0,0,1,0,0,0,0
zc,WS305,2012-06-14 09:22:08.957,2628.0000,44296,0,0.0000,2.0000,1,1,多换,B,2628.0000,0.0000,0.0000,0.0000,0.0000,2629.0000,0.0000,0.0000,0.0000,0.0000,4,0,0,0,0,32,0,0,0,0
zc,WS305,2012-06-14 09:22:09.407,2628.0000,44296,0,0.0000,0.0000,0,0,多换,B,2628.0000,0.0000,0.0000,0.0000,0.0000,2629.0000,0.0000,0.0000,0.0000,0.0000,4,0,0,0,0,27,0,0,0,0
zc,WS305,2012-06-14 09:22:10.173,2628.0000,44296,0,0.0000,0.0000,0,0,多换,B,2628.0000,0.0000,0.0000,0.0000,0.0000,2629.0000,0.0000,0.0000,0.0000,0.0000,4,0,0,0,0,23,0,0,0,0
zc,WS305,2012-06-14 09:22:13.457,2628.0000,44296,0,0.0000,0.0000,0,0,多换,B,2628.0000,0.0000,0.0000,0.0000,0.0000,2629.0000,0.0000,0.0000,0.0000,0.0000,4,0,0,0,0,27,0,0,0,0
zc,WS305,2012-06-14 09:22:13.877,2628.0000,44296,0,0.0000,0.0000,0,0,多换,B,2628.0000,0.0000,0.0000,0.0000,0.0000,2629.0000,0.0000,0.0000,0.0000,0.0000,4,0,0,0,0,25,0,0,0,0
zc,WS305,2012-06-14 09:22:15.643,2628.0000,44296,0,0.0000,0.0000,0,0,多换,B,2628.0000,0.0000,0.0000,0.0000,0.0000,2629.0000,0.0000,0.0000,0.0000,0.0000,5,0,0,0,0,25,0,0,0,0
zc,WS305,2012-06-14 09:22:17.157,2628.0000,44298,2,0.0000,2.0000,2,0,双开,B,2628.0000,0.0000,0.0000,0.0000,0.0000,2629.0000,0.0000,0.0000,0.0000,0.0000,4,0,0,0,0,25,0,0,0,0
zc,WS305,2012-06-14 09:22:19.377,2628.0000,44300,2,0.0000,2.0000,2,0,双开,B,2628.0000,0.0000,0.0000,0.0000,0.0000,2629.0000,0.0000,0.0000,0.0000,0.0000,3,0,0,0,0,26,0,0,0,0
zc,WS305,2012-06-14 09:22:20.657,2628.0000,44300,0,0.0000,0.0000,0,0,多换,B,2628.0000,0.0000,0.0000,0.0000,0.0000,2629.0000,0.0000,0.0000,0.0000,0.0000,8,0,0,0,0,26,0,0,0,0
zc,WS305,2012-06-14 09:22:21.643,2628.0000,44300,0,0.0000,0.0000,0,0,多换,B,2628.0000,0.0000,0.0000,0.0000,0.0000,2629.0000,0.0000,0.0000,0.0000,0.0000,8,0,0,0,0,30,0,0,0,0
zc,WS305,2012-06-14 09:22:26.173,2628.0000,44300,0,0.0000,0.0000,0,0,多换,B,2628.0000,0.0000,0.0000,0.0000,0.0000,2629.0000,0.0000,0.0000,0.0000,0.0000,8,0,0,0,0,21,0,0,0,0
zc,WS305,2012-06-14 09:22:32.957,2628.0000,44300,0,0.0000,0.0000,0,0,多换,B,2628.0000,0.0000,0.0000,0.0000,0.0000,2629.0000,0.0000,0.0000,0.0000,0.0000,8,0,0,0,0,18,0,0,0,0
zc,WS305,2012-06-14 09:22:35.643,2628.0000,44300,0,0.0000,0.0000,0,0,多换,B,2628.0000,0.0000,0.0000,0.0000,0.0000,2629.0000,0.0000,0.0000,0.0000,0.0000,28,0,0,0,0,18,0,0,0,0
zc,WS305,2012-06-14 09:22:36.407,2629.0000,44328,28,0.0000,32.0000,30,2,多开,B,2629.0000,0.0000,0.0000,0.0000,0.0000,2630.0000,0.0000,0.0000,0.0000,0.0000,33,0,0,0,0,28,0,0,0,0
zc,WS305,2012-06-14 09:22:40.923,2629.0000,44328,0,0.0000,2.0000,1,1,多换,B,2629.0000,0.0000,0.0000,0.0000,0.0000,2630.0000,0.0000,0.0000,0.0000,0.0000,32,0,0,0,0,28,0,0,0,0
zc,WS305,2012-06-14 09:22:44.627,2629.0000,44392,64,0.0000,64.0000,64,0,双开,B,2628.0000,0.0000,0.0000,0.0000,0.0000,2629.0000,0.0000,0.0000,0.0000,0.0000,46,0,0,0,0,18,0,0,0,0
zc,WS305,2012-06-14 09:22:45.173,2630.0000,44458,66,0.0000,100.0000,83,17,多开,B,2628.0000,0.0000,0.0000,0.0000,0.0000,2630.0000,0.0000,0.0000,0.0000,0.0000,46,0,0,0,0,19,0,0,0,0
zc,WS305,2012-06-14 09:22:47.893,2630.0000,44458,0,0.0000,0.0000,0,0,多换,B,2628.0000,0.0000,0.0000,0.0000,0.0000,2630.0000,0.0000,0.0000,0.0000,0.0000,54,0,0,0,0,19,0,0,0,0
zc,WS305,2012-06-14 09:22:52.377,2630.0000,44456,-2,0.0000,2.0000,0,2,双平,B,2628.0000,0.0000,0.0000,0.0000,0.0000,2630.0000,0.0000,0.0000,0.0000,0.0000,54,0,0,0,0,18,0,0,0,0
zc,WS305,2012-06-14 09:22:52.893,2630.0000,44454,-2,0.0000,2.0000,0,2,双平,B,2628.0000,0.0000,0.0000,0.0000,0.0000,2630.0000,0.0000,0.0000,0.0000,0.0000,54,0,0,0,0,17,0,0,0,0
zc,WS305,2012-06-14 09:22:57.377,2630.0000,44454,0,0.0000,0.0000,0,0,多换,B,2628.0000,0.0000,0.0000,0.0000,0.0000,2630.0000,0.0000,0.0000,0.0000,0.0000,54,0,0,0,0,19,0,0,0,0
zc,WS305,2012-06-14 09:23:00.127,2630.0000,44462,8,0.0000,10.0000,9,1,多开,B,2628.0000,0.0000,0.0000,0.0000,0.0000,2630.0000,0.0000,0.0000,0.0000,0.0000,54,0,0,0,0,14,0,0,0,0
zc,WS305,2012-06-14 09:23:04.707,2630.0000,44462,0,0.0000,0.0000,0,0,多换,B,2629.0000,0.0000,0.0000,0.0000,0.0000,2630.0000,0.0000,0.0000,0.0000,0.0000,1,0,0,0,0,14,0,0,0,0
zc,WS305,2012-06-14 09:23:05.377,2630.0000,44462,0,0.0000,0.0000,0,0,多换,B,2629.0000,0.0000,0.0000,0.0000,0.0000,2630.0000,0.0000,0.0000,0.0000,0.0000,2,0,0,0,0,14,0,0,0,0
zc,WS305,2012-06-14 09:23:10.893,2630.0000,44458,-4,0.0000,38.0000,17,21,空平,B,2629.0000,0.0000,0.0000,0.0000,0.0000,2630.0000,0.0000,0.0000,0.0000,0.0000,2,0,0,0,0,35,0,0,0,0
zc,WS305,2012-06-14 09:23:13.143,2630.0000,44458,0,0.0000,0.0000,0,0,多换,B,2629.0000,0.0000,0.0000,0.0000,0.0000,2630.0000,0.0000,0.0000,0.0000,0.0000,9,0,0,0,0,35,0,0,0,0
zc,WS305,2012-06-14 09:23:16.127,2630.0000,44458,0,0.0000,0.0000,0,0,多换,B,2629.0000,0.0000,0.0000,0.0000,0.0000,2630.0000,0.0000,0.0000,0.0000,0.0000,9,0,0,0,0,7,0,0,0,0
zc,WS305,2012-06-14 09:23:17.393,2630.0000,44458,0,0.0000,2.0000,1,1,多换,B,2629.0000,0.0000,0.0000,0.0000,0.0000,2630.0000,0.0000,0.0000,0.0000,0.0000,9,0,0,0,0,6,0,0,0,0
zc,WS305,2012-06-14 09:23:22.393,2629.0000,44458,0,0.0000,2.0000,1,1,空换,S,2629.0000,0.0000,0.0000,0.0000,0.0000,2630.0000,0.0000,0.0000,0.0000,0.0000,8,0,0,0,0,6,0,0,0,0
zc,WS305,2012-06-14 09:23:23.393,2630.0000,44466,8,0.0000,12.0000,10,2,多开,B,2630.0000,0.0000,0.0000,0.0000,0.0000,2631.0000,0.0000,0.0000,0.0000,0.0000,14,0,0,0,0,29,0,0,0,0
zc,WS305,2012-06-14 09:23:26.673,2630.0000,44468,2,0.0000,2.0000,2,0,双开,B,2630.0000,0.0000,0.0000,0.0000,0.0000,2631.0000,0.0000,0.0000,0.0000,0.0000,13,0,0,0,0,28,0,0,0,0
zc,WS305,2012-06-14 09:23:27.877,2630.0000,44470,2,0.0000,2.0000,2,0,双开,B,2630.0000,0.0000,0.0000,0.0000,0.0000,2631.0000,0.0000,0.0000,0.0000,0.0000,12,0,0,0,0,27,0,0,0,0
zc,WS305,2012-06-14 09:23:28.440,2630.0000,44472,2,0.0000,2.0000,2,0,双开,B,2630.0000,0.0000,0.0000,0.0000,0.0000,2631.0000,0.0000,0.0000,0.0000,0.0000,11,0,0,0,0,26,0,0,0,0
zc,WS305,2012-06-14 09:23:28.907,2630.0000,44494,22,0.0000,22.0000,22,0,双开,B,2629.0000,0.0000,0.0000,0.0000,0.0000,2630.0000,0.0000,0.0000,0.0000,0.0000,7,0,0,0,0,39,0,0,0,0
zc,WS305,2012-06-14 09:23:37.643,2630.0000,44496,2,0.0000,2.0000,2,0,双开,B,2629.0000,0.0000,0.0000,0.0000,0.0000,2630.0000,0.0000,0.0000,0.0000,0.0000,7,0,0,0,0,38,0,0,0,0
zc,WS305,2012-06-14 09:23:43.143,2630.0000,44496,0,0.0000,0.0000,0,0,多换,B,2629.0000,0.0000,0.0000,0.0000,0.0000,2630.0000,0.0000,0.0000,0.0000,0.0000,29,0,0,0,0,38,0,0,0,0
zc,WS305,2012-06-14 09:23:52.923,2630.0000,44496,0,0.0000,0.0000,0,0,多换,B,2629.0000,0.0000,0.0000,0.0000,0.0000,2630.0000,0.0000,0.0000,0.0000,0.0000,30,0,0,0,0,38,0,0,0,0
zc,WS305,2012-06-14 09:23:58.360,2630.0000,44496,0,0.0000,0.0000,0,0,多换,B,2629.0000,0.0000,0.0000,0.0000,0.0000,2630.0000,0.0000,0.0000,0.0000,0.0000,30,0,0,0,0,39,0,0,0,0
zc,WS305,2012-06-14 09:24:13.657,2630.0000,44496,0,0.0000,0.0000,0,0,多换,B,2629.0000,0.0000,0.0000,0.0000,0.0000,2630.0000,0.0000,0.0000,0.0000,0.0000,30,0,0,0,0,43,0,0,0,0
zc,WS305,2012-06-14 09:24:20.893,2630.0000,44576,80,0.0000,80.0000,80,0,双开,B,2629.0000,0.0000,0.0000,0.0000,0.0000,2630.0000,0.0000,0.0000,0.0000,0.0000,30,0,0,0,0,3,0,0,0,0
zc,WS305,2012-06-14 09:24:25.423,2630.0000,44576,0,0.0000,0.0000,0,0,多换,B,2629.0000,0.0000,0.0000,0.0000,0.0000,2630.0000,0.0000,0.0000,0.0000,0.0000,30,0,0,0,0,10,0,0,0,0
zc,WS305,2012-06-14 09:24:25.893,2630.0000,44576,0,0.0000,0.0000,0,0,多换,B,2629.0000,0.0000,0.0000,0.0000,0.0000,2630.0000,0.0000,0.0000,0.0000,0.0000,30,0,0,0,0,35,0,0,0,0
zc,WS305,2012-06-14 09:24:30.877,2630.0000,44576,0,0.0000,0.0000,0,0,多换,B,2629.0000,0.0000,0.0000,0.0000,0.0000,2630.0000,0.0000,0.0000,0.0000,0.0000,8,0,0,0,0,35,0,0,0,0
zc,WS305,2012-06-14 09:24:32.207,2630.0000,44576,0,0.0000,0.0000,0,0,多换,B,2629.0000,0.0000,0.0000,0.0000,0.0000,2630.0000,0.0000,0.0000,0.0000,0.0000,8,0,0,0,0,36,0,0,0,0
zc,WS305,2012-06-14 09:24:36.110,2630.0000,44576,0,0.0000,0.0000,0,0,多换,B,2629.0000,0.0000,0.0000,0.0000,0.0000,2630.0000,0.0000,0.0000,0.0000,0.0000,8,0,0,0,0,37,0,0,0,0
zc,WS305,2012-06-14 09:24:36.627,2630.0000,44576,0,0.0000,0.0000,0,0,多换,B,2629.0000,0.0000,0.0000,0.0000,0.0000,2630.0000,0.0000,0.0000,0.0000,0.0000,8,0,0,0,0,36,0,0,0,0
zc,WS305,2012-06-14 09:24:37.190,2630.0000,44576,0,0.0000,0.0000,0,0,多换,B,2629.0000,0.0000,0.0000,0.0000,0.0000,2630.0000,0.0000,0.0000,0.0000,0.0000,8,0,0,0,0,37,0,0,0,0
zc,WS305,2012-06-14 09:24:37.657,2630.0000,44576,0,0.0000,0.0000,0,0,多换,B,2629.0000,0.0000,0.0000,0.0000,0.0000,2630.0000,0.0000,0.0000,0.0000,0.0000,8,0,0,0,0,36,0,0,0,0
zc,WS305,2012-06-14 09:24:38.157,2629.0000,44576,0,0.0000,2.0000,1,1,空换,S,2629.0000,0.0000,0.0000,0.0000,0.0000,2630.0000,0.0000,0.0000,0.0000,0.0000,7,0,0,0,0,36,0,0,0,0
zc,WS305,2012-06-14 09:24:38.893,2629.0000,44578,2,0.0000,2.0000,2,0,双开,S,2629.0000,0.0000,0.0000,0.0000,0.0000,2630.0000,0.0000,0.0000,0.0000,0.0000,6,0,0,0,0,36,0,0,0,0
zc,WS305,2012-06-14 09:24:41.657,2629.0000,44588,10,0.0000,12.0000,11,1,空开,S,2628.0000,0.0000,0.0000,0.0000,0.0000,2630.0000,0.0000,0.0000,0.0000,0.0000,5,0,0,0,0,30,0,0,0,0
zc,WS305,2012-06-14 09:24:42.157,2629.0000,44588,0,0.0000,0.0000,0,0,空换,S,2628.0000,0.0000,0.0000,0.0000,0.0000,2629.0000,0.0000,0.0000,0.0000,0.0000,5,0,0,0,0,3,0,0,0,0
zc,WS305,2012-06-14 09:24:43.173,2629.0000,44588,0,0.0000,0.0000,0,0,空换,S,2628.0000,0.0000,0.0000,0.0000,0.0000,2629.0000,0.0000,0.0000,0.0000,0.0000,5,0,0,0,0,22,0,0,0,0
zc,WS305,2012-06-14 09:24:45.393,2628.0000,44588,0,0.0000,2.0000,1,1,空换,S,2628.0000,0.0000,0.0000,0.0000,0.0000,2629.0000,0.0000,0.0000,0.0000,0.0000,4,0,0,0,0,22,0,0,0,0
zc,WS305,2012-06-14 09:24:45.907,2628.0000,44596,8,0.0000,8.0000,8,0,双开,S,2627.0000,0.0000,0.0000,0.0000,0.0000,2629.0000,0.0000,0.0000,0.0000,0.0000,101,0,0,0,0,18,0,0,0,0
zc,WS305,2012-06-14 09:24:48.923,2628.0000,44596,0,0.0000,0.0000,0,0,空换,S,2627.0000,0.0000,0.0000,0.0000,0.0000,2628.0000,0.0000,0.0000,0.0000,0.0000,101,0,0,0,0,1,0,0,0,0
zc,WS305,2012-06-14 09:24:49.407,2628.0000,44596,0,0.0000,0.0000,0,0,空换,S,2627.0000,0.0000,0.0000,0.0000,0.0000,2628.0000,0.0000,0.0000,0.0000,0.0000,101,0,0,0,0,16,0,0,0,0
zc,WS305,2012-06-14 09:24:49.907,2628.0000,44620,24,0.0000,24.0000,24,0,双开,S,2627.0000,0.0000,0.0000,0.0000,0.0000,2628.0000,0.0000,0.0000,0.0000,0.0000,101,0,0,0,0,4,0,0,0,0
zc,WS305,2012-06-14 09:24:50.393,2628.0000,44620,0,0.0000,0.0000,0,0,空换,S,2627.0000,0.0000,0.0000,0.0000,0.0000,2628.0000,0.0000,0.0000,0.0000,0.0000,101,0,0,0,0,1,0,0,0,0
zc,WS305,2012-06-14 09:25:01.673,2628.0000,44620,0,0.0000,2.0000,1,1,空换,S,2628.0000,0.0000,0.0000,0.0000,0.0000,2629.0000,0.0000,0.0000,0.0000,0.0000,1,0,0,0,0,6,0,0,0,0
zc,WS305,2012-06-14 09:25:09.173,2628.0000,44622,2,0.0000,2.0000,2,0,双开,S,2627.0000,0.0000,0.0000,0.0000,0.0000,2629.0000,0.0000,0.0000,0.0000,0.0000,101,0,0,0,0,9,0,0,0,0
zc,WS305,2012-06-14 09:25:15.190,2628.0000,44622,0,0.0000,0.0000,0,0,空换,S,2628.0000,0.0000,0.0000,0.0000,0.0000,2629.0000,0.0000,0.0000,0.0000,0.0000,2,0,0,0,0,9,0,0,0,0
zc,WS305,2012-06-14 09:25:28.440,2628.0000,44622,0,0.0000,0.0000,0,0,空换,S,2628.0000,0.0000,0.0000,0.0000,0.0000,2629.0000,0.0000,0.0000,0.0000,0.0000,2,0,0,0,0,10,0,0,0,0
zc,WS305,2012-06-14 09:25:28.907,2628.0000,44622,0,0.0000,0.0000,0,0,空换,S,2628.0000,0.0000,0.0000,0.0000,0.0000,2629.0000,0.0000,0.0000,0.0000,0.0000,2,0,0,0,0,11,0,0,0,0
zc,WS305,2012-06-14 09:25:29.720,2628.0000,44624,2,0.0000,2.0000,2,0,双开,S,2628.0000,0.0000,0.0000,0.0000,0.0000,2629.0000,0.0000,0.0000,0.0000,0.0000,1,0,0,0,0,11,0,0,0,0
zc,WS305,2012-06-14 09:25:30.643,2628.0000,44624,0,0.0000,0.0000,0,0,空换,S,2628.0000,0.0000,0.0000,0.0000,0.0000,2629.0000,0.0000,0.0000,0.0000,0.0000,1,0,0,0,0,13,0,0,0,0
zc,WS305,2012-06-14 09:25:35.393,2628.0000,44624,0,0.0000,0.0000,0,0,空换,S,2628.0000,0.0000,0.0000,0.0000,0.0000,2629.0000,0.0000,0.0000,0.0000,0.0000,1,0,0,0,0,17,0,0,0,0
zc,WS305,2012-06-14 09:25:35.907,2628.0000,44626,2,0.0000,2.0000,2,0,双开,S,2627.0000,0.0000,0.0000,0.0000,0.0000,2629.0000,0.0000,0.0000,0.0000,0.0000,101,0,0,0,0,16,0,0,0,0
zc,WS305,2012-06-14 09:25:41.643,2628.0000,44626,0,0.0000,0.0000,0,0,空换,S,2628.0000,0.0000,0.0000,0.0000,0.0000,2629.0000,0.0000,0.0000,0.0000,0.0000,2,0,0,0,0,16,0,0,0,0
zc,WS305,2012-06-14 09:25:53.657,2628.0000,44630,4,0.0000,4.0000,4,0,双开,S,2627.0000,0.0000,0.0000,0.0000,0.0000,2628.0000,0.0000,0.0000,0.0000,0.0000,101,0,0,0,0,4,0,0,0,0
zc,WS305,2012-06-14 09:25:54.957,2628.0000,44630,0,0.0000,0.0000,0,0,空换,S,2627.0000,0.0000,0.0000,0.0000,0.0000,2628.0000,0.0000,0.0000,0.0000,0.0000,101,0,0,0,0,2,0,0,0,0
zc,WS305,2012-06-14 09:25:55.643,2628.0000,44630,0,0.0000,0.0000,0,0,空换,S,2627.0000,0.0000,0.0000,0.0000,0.0000,2628.0000,0.0000,0.0000,0.0000,0.0000,101,0,0,0,0,4,0,0,0,0
zc,WS305,2012-06-14 09:25:56.190,2628.0000,44630,0,0.0000,0.0000,0,0,空换,S,2627.0000,0.0000,0.0000,0.0000,0.0000,2628.0000,0.0000,0.0000,0.0000,0.0000,101,0,0,0,0,7,0,0,0,0
zc,WS305,2012-06-14 09:25:57.407,2628.0000,44632,2,0.0000,2.0000,2,0,双开,S,2627.0000,0.0000,0.0000,0.0000,0.0000,2628.0000,0.0000,0.0000,0.0000,0.0000,101,0,0,0,0,6,0,0,0,0
zc,WS305,2012-06-14 09:26:03.707,2627.0000,44632,0,0.0000,2.0000,1,1,空换,S,2627.0000,0.0000,0.0000,0.0000,0.0000,2628.0000,0.0000,0.0000,0.0000,0.0000,100,0,0,0,0,6,0,0,0,0
zc,WS305,2012-06-14 09:26:12.157,2627.0000,44632,0,0.0000,0.0000,0,0,空换,S,2627.0000,0.0000,0.0000,0.0000,0.0000,2628.0000,0.0000,0.0000,0.0000,0.0000,100,0,0,0,0,8,0,0,0,0
zc,WS305,2012-06-14 09:26:12.940,2627.0000,44632,0,0.0000,0.0000,0,0,空换,S,2627.0000,0.0000,0.0000,0.0000,0.0000,2628.0000,0.0000,0.0000,0.0000,0.0000,100,0,0,0,0,10,0,0,0,0
zc,WS305,2012-06-14 09:26:14.127,2627.0000,44672,40,0.0000,40.0000,40,0,双开,S,2627.0000,0.0000,0.0000,0.0000,0.0000,2628.0000,0.0000,0.0000,0.0000,0.0000,80,0,0,0,0,10,0,0,0,0
zc,WS305,2012-06-14 09:26:17.143,2627.0000,44674,2,0.0000,2.0000,2,0,双开,S,2627.0000,0.0000,0.0000,0.0000,0.0000,2628.0000,0.0000,0.0000,0.0000,0.0000,79,0,0,0,0,10,0,0,0,0
zc,WS305,2012-06-14 09:26:23.627,2627.0000,44730,56,0.0000,110.0000,83,27,空开,S,2627.0000,0.0000,0.0000,0.0000,0.0000,2628.0000,0.0000,0.0000,0.0000,0.0000,24,0,0,0,0,23,0,0,0,0
zc,WS305,2012-06-14 09:26:25.173,2627.0000,44740,10,0.0000,42.0000,26,16,空开,S,2627.0000,0.0000,0.0000,0.0000,0.0000,2628.0000,0.0000,0.0000,0.0000,0.0000,3,0,0,0,0,9,0,0,0,0
zc,WS305,2012-06-14 09:26:26.673,2627.0000,44740,0,0.0000,2.0000,1,1,空换,S,2627.0000,0.0000,0.0000,0.0000,0.0000,2628.0000,0.0000,0.0000,0.0000,0.0000,2,0,0,0,0,8,0,0,0,0
zc,WS305,2012-06-14 09:26:26.923,2627.0000,44742,2,0.0000,4.0000,3,1,空开,S,2626.0000,0.0000,0.0000,0.0000,0.0000,2628.0000,0.0000,0.0000,0.0000,0.0000,3,0,0,0,0,56,0,0,0,0
zc,WS305,2012-06-14 09:26:28.157,2626.0000,44744,2,0.0000,2.0000,2,0,双开,S,2626.0000,0.0000,0.0000,0.0000,0.0000,2627.0000,0.0000,0.0000,0.0000,0.0000,2,0,0,0,0,1,0,0,0,0
zc,WS305,2012-06-14 09:26:29.423,2626.0000,44744,0,0.0000,0.0000,0,0,空换,S,2626.0000,0.0000,0.0000,0.0000,0.0000,2627.0000,0.0000,0.0000,0.0000,0.0000,2,0,0,0,0,2,0,0,0,0
zc,WS305,2012-06-14 09:26:30.143,2626.0000,44744,0,0.0000,2.0000,1,1,空换,S,2626.0000,0.0000,0.0000,0.0000,0.0000,2627.0000,0.0000,0.0000,0.0000,0.0000,1,0,0,0,0,51,0,0,0,0
zc,WS305,2012-06-14 09:26:30.407,2626.0000,44746,2,0.0000,2.0000,2,0,双开,S,2625.0000,0.0000,0.0000,0.0000,0.0000,2626.0000,0.0000,0.0000,0.0000,0.0000,100,0,0,0,0,1,0,0,0,0
zc,WS305,2012-06-14 09:26:38.127,2626.0000,44746,0,0.0000,0.0000,0,0,空换,S,2625.0000,0.0000,0.0000,0.0000,0.0000,2626.0000,0.0000,0.0000,0.0000,0.0000,100,0,0,0,0,2,0,0,0,0
zc,WS305,2012-06-14 09:26:40.407,2626.0000,44748,2,0.0000,2.0000,2,0,双开,S,2625.0000,0.0000,0.0000,0.0000,0.0000,2626.0000,0.0000,0.0000,0.0000,0.0000,100,0,0,0,0,1,0,0,0,0
zc,WS305,2012-06-14 09:26:41.627,2625.0000,44750,2,0.0000,2.0000,2,0,双开,S,2625.0000,0.0000,0.0000,0.0000,0.0000,2626.0000,0.0000,0.0000,0.0000,0.0000,99,0,0,0,0,1,0,0,0,0
zc,WS305,2012-06-14 09:26:45.627,2625.0000,44750,0,0.0000,2.0000,1,1,空换,S,2625.0000,0.0000,0.0000,0.0000,0.0000,2626.0000,0.0000,0.0000,0.0000,0.0000,98,0,0,0,0,1,0,0,0,0
zc,WS305,2012-06-14 09:26:47.377,2625.0000,44758,8,0.0000,8.0000,8,0,双开,S,2625.0000,0.0000,0.0000,0.0000,0.0000,2626.0000,0.0000,0.0000,0.0000,0.0000,94,0,0,0,0,1,0,0,0,0
zc,WS305,2012-06-14 09:26:48.907,2625.0000,44758,0,0.0000,0.0000,0,0,空换,S,2625.0000,0.0000,0.0000,0.0000,0.0000,2626.0000,0.0000,0.0000,0.0000,0.0000,94,0,0,0,0,37,0,0,0,0
zc,WS305,2012-06-14 09:26:49.657,2625.0000,44758,0,0.0000,0.0000,0,0,空换,S,2625.0000,0.0000,0.0000,0.0000,0.0000,2626.0000,0.0000,0.0000,0.0000,0.0000,94,0,0,0,0,31,0,0,0,0
zc,WS305,2012-06-14 09:26:50.157,2625.0000,44946,188,0.0000,188.0000,188,0,双开,S,2624.0000,0.0000,0.0000,0.0000,0.0000,2626.0000,0.0000,0.0000,0.0000,0.0000,3,0,0,0,0,7,0,0,0,0
zc,WS305,2012-06-14 09:26:54.907,2625.0000,44946,0,0.0000,0.0000,0,0,空换,S,2624.0000,0.0000,0.0000,0.0000,0.0000,2625.0000,0.0000,0.0000,0.0000,0.0000,3,0,0,0,0,5,0,0,0,0
zc,WS305,2012-06-14 09:26:55.360,2625.0000,44946,0,0.0000,0.0000,0,0,空换,S,2624.0000,0.0000,0.0000,0.0000,0.0000,2625.0000,0.0000,0.0000,0.0000,0.0000,3,0,0,0,0,11,0,0,0,0
zc,WS305,2012-06-14 09:26:55.907,2625.0000,44946,0,0.0000,0.0000,0,0,空换,S,2624.0000,0.0000,0.0000,0.0000,0.0000,2625.0000,0.0000,0.0000,0.0000,0.0000,3,0,0,0,0,17,0,0,0,0
zc,WS305,2012-06-14 09:26:58.127,2624.0000,44948,2,0.0000,6.0000,4,2,空开,S,2623.0000,0.0000,0.0000,0.0000,0.0000,2625.0000,0.0000,0.0000,0.0000,0.0000,21,0,0,0,0,17,0,0,0,0
zc,WS305,2012-06-14 09:26:59.127,2623.0000,44948,0,0.0000,2.0000,1,1,空换,S,2623.0000,0.0000,0.0000,0.0000,0.0000,2625.0000,0.0000,0.0000,0.0000,0.0000,20,0,0,0,0,17,0,0,0,0
zc,WS305,2012-06-14 09:27:00.657,2625.0000,44948,0,0.0000,2.0000,1,1,多换,B,2623.0000,0.0000,0.0000,0.0000,0.0000,2625.0000,0.0000,0.0000,0.0000,0.0000,20,0,0,0,0,13,0,0,0,0
zc,WS305,2012-06-14 09:27:02.143,2625.0000,44948,0,0.0000,0.0000,0,0,多换,B,2623.0000,0.0000,0.0000,0.0000,0.0000,2625.0000,0.0000,0.0000,0.0000,0.0000,21,0,0,0,0,13,0,0,0,0
zc,WS305,2012-06-14 09:27:03.110,2625.0000,44950,2,0.0000,2.0000,2,0,双开,B,2623.0000,0.0000,0.0000,0.0000,0.0000,2625.0000,0.0000,0.0000,0.0000,0.0000,21,0,0,0,0,12,0,0,0,0
