市场代码,合约代码,时间,最新,持仓,增仓,成交额,成交量,开仓,平仓,成交类型,方向,买一价,买二价,买三价,买四价,买五价,卖一价,卖二价,卖三价,卖四价,卖五价,买一量,买二量,买三量,买四量,买五量,卖一量,卖二量,卖三量,卖四量,卖五量
zc,WS301,2012-06-14 07:54:00.050,0.0000,462970,0,0.0000,0.0000,0,0,空换,S,0.0000,0.0000,0.0000,0.0000,0.0000,0.0000,0.0000,0.0000,0.0000,0.0000,0,0,0,0,0,0,0,0,0,0
zc,WS301,2012-06-14 07:57:00.893,0.0000,462970,0,0.0000,0.0000,0,0,空换,S,0.0000,0.0000,0.0000,0.0000,0.0000,0.0000,0.0000,0.0000,0.0000,0.0000,0,0,0,0,0,0,0,0,0,0
zc,WS301,2012-06-14 08:09:02.877,0.0000,462970,0,0.0000,0.0000,0,0,空换,S,0.0000,0.0000,0.0000,0.0000,0.0000,0.0000,0.0000,0.0000,0.0000,0.0000,0,0,0,0,0,0,0,0,0,0
zc,WS301,2012-06-14 08:21:02.877,0.0000,462970,0,0.0000,0.0000,0,0,空换,S,0.0000,0.0000,0.0000,0.0000,0.0000,0.0000,0.0000,0.0000,0.0000,0.0000,0,0,0,0,0,0,0,0,0,0
zc,WS301,2012-06-14 08:22:02.893,0.0000,462970,0,0.0000,0.0000,0,0,空换,S,0.0000,0.0000,0.0000,0.0000,0.0000,0.0000,0.0000,0.0000,0.0000,0.0000,0,0,0,0,0,0,0,0,0,0
zc,WS301,2012-06-14 08:25:02.877,0.0000,462970,0,0.0000,0.0000,0,0,空换,S,0.0000,0.0000,0.0000,0.0000,0.0000,0.0000,0.0000,0.0000,0.0000,0.0000,0,0,0,0,0,0,0,0,0,0
zc,WS301,2012-06-14 08:27:02.893,0.0000,462970,0,0.0000,0.0000,0,0,空换,S,0.0000,0.0000,0.0000,0.0000,0.0000,0.0000,0.0000,0.0000,0.0000,0.0000,0,0,0,0,0,0,0,0,0,0
zc,WS301,2012-06-14 08:31:02.893,0.0000,462970,0,0.0000,0.0000,0,0,空换,S,0.0000,0.0000,0.0000,0.0000,0.0000,0.0000,0.0000,0.0000,0.0000,0.0000,0,0,0,0,0,0,0,0,0,0
zc,WS301,2012-06-14 08:32:02.907,0.0000,462970,0,0.0000,0.0000,0,0,空换,S,0.0000,0.0000,0.0000,0.0000,0.0000,0.0000,0.0000,0.0000,0.0000,0.0000,0,0,0,0,0,0,0,0,0,0
zc,WS301,2012-06-14 08:33:02.907,0.0000,462970,0,0.0000,0.0000,0,0,空换,S,0.0000,0.0000,0.0000,0.0000,0.0000,0.0000,0.0000,0.0000,0.0000,0.0000,0,0,0,0,0,0,0,0,0,0
zc,WS301,2012-06-14 08:34:02.907,0.0000,462970,0,0.0000,0.0000,0,0,空换,S,0.0000,0.0000,0.0000,0.0000,0.0000,0.0000,0.0000,0.0000,0.0000,0.0000,0,0,0,0,0,0,0,0,0,0
zc,WS301,2012-06-14 08:37:02.907,0.0000,462970,0,0.0000,0.0000,0,0,空换,S,0.0000,0.0000,0.0000,0.0000,0.0000,0.0000,0.0000,0.0000,0.0000,0.0000,0,0,0,0,0,0,0,0,0,0
zc,WS301,2012-06-14 08:41:02.893,0.0000,462970,0,0.0000,0.0000,0,0,空换,S,0.0000,0.0000,0.0000,0.0000,0.0000,0.0000,0.0000,0.0000,0.0000,0.0000,0,0,0,0,0,0,0,0,0,0
zc,WS301,2012-06-14 08:45:02.893,0.0000,462970,0,0.0000,0.0000,0,0,空换,S,0.0000,0.0000,0.0000,0.0000,0.0000,0.0000,0.0000,0.0000,0.0000,0.0000,0,0,0,0,0,0,0,0,0,0
zc,WS301,2012-06-14 08:46:02.893,0.0000,462970,0,0.0000,0.0000,0,0,空换,S,0.0000,0.0000,0.0000,0.0000,0.0000,0.0000,0.0000,0.0000,0.0000,0.0000,0,0,0,0,0,0,0,0,0,0
zc,WS301,2012-06-14 08:55:00.877,0.0000,462970,0,0.0000,0.0000,0,0,空换,S,0.0000,0.0000,0.0000,0.0000,0.0000,0.0000,0.0000,0.0000,0.0000,0.0000,0,0,0,0,0,0,0,0,0,0
zc,WS301,2012-06-14 08:55:02.157,0.0000,462970,0,0.0000,0.0000,0,0,空换,S,0.0000,0.0000,0.0000,0.0000,0.0000,0.0000,0.0000,0.0000,0.0000,0.0000,0,0,0,0,0,0,0,0,0,0
zc,WS301,2012-06-14 08:55:06.860,0.0000,462970,0,0.0000,0.0000,0,0,空换,S,0.0000,0.0000,0.0000,0.0000,0.0000,0.0000,0.0000,0.0000,0.0000,0.0000,0,0,0,0,0,0,0,0,0,0
zc,WS301,2012-06-14 08:55:17.127,0.0000,462970,0,0.0000,0.0000,0,0,空换,S,0.0000,0.0000,0.0000,0.0000,0.0000,0.0000,0.0000,0.0000,0.0000,0.0000,0,0,0,0,0,0,0,0,0,0
zc,WS301,2012-06-14 08:57:02.893,0.0000,462970,0,0.0000,0.0000,0,0,空换,S,0.0000,0.0000,0.0000,0.0000,0.0000,0.0000,0.0000,0.0000,0.0000,0.0000,0,0,0,0,0,0,0,0,0,0
zc,WS301,2012-06-14 09:00:01.627,2534.0000,462962,-8,0.0000,338.0000,165,173,空平,B,2534.0000,0.0000,0.0000,0.0000,0.0000,2535.0000,0.0000,0.0000,0.0000,0.0000,24,0,0,0,0,2,0,0,0,0
zc,WS301,2012-06-14 09:00:03.360,2534.0000,462840,-122,0.0000,138.0000,8,130,空平,B,2534.0000,0.0000,0.0000,0.0000,0.0000,2535.0000,0.0000,0.0000,0.0000,0.0000,14,0,0,0,0,9,0,0,0,0
zc,WS301,2012-06-14 09:00:03.830,2534.0000,462838,-2,0.0000,4.0000,1,3,空平,B,2534.0000,0.0000,0.0000,0.0000,0.0000,2535.0000,0.0000,0.0000,0.0000,0.0000,14,0,0,0,0,8,0,0,0,0
zc,WS301,2012-06-14 09:00:04.533,2534.0000,462856,18,0.0000,28.0000,23,5,多开,B,2533.0000,0.0000,0.0000,0.0000,0.0000,2534.0000,0.0000,0.0000,0.0000,0.0000,151,0,0,0,0,6,0,0,0,0
zc,WS301,2012-06-14 09:00:05.127,2535.0000,462886,30,0.0000,32.0000,31,1,多开,B,2534.0000,0.0000,0.0000,0.0000,0.0000,2535.0000,0.0000,0.0000,0.0000,0.0000,2,0,0,0,0,48,0,0,0,0
zc,WS301,2012-06-14 09:00:05.580,2533.0000,462890,4,0.0000,20.0000,12,8,空开,S,2533.0000,0.0000,0.0000,0.0000,0.0000,2535.0000,0.0000,0.0000,0.0000,0.0000,151,0,0,0,0,47,0,0,0,0
zc,WS301,2012-06-14 09:00:06.517,2535.0000,462896,6,0.0000,10.0000,8,2,多开,B,2533.0000,0.0000,0.0000,0.0000,0.0000,2535.0000,0.0000,0.0000,0.0000,0.0000,150,0,0,0,0,42,0,0,0,0
zc,WS301,2012-06-14 09:00:07.127,2535.0000,462896,0,0.0000,0.0000,0,0,多换,B,2533.0000,0.0000,0.0000,0.0000,0.0000,2535.0000,0.0000,0.0000,0.0000,0.0000,150,0,0,0,0,52,0,0,0,0
zc,WS301,2012-06-14 09:00:07.830,2535.0000,462900,4,0.0000,10.0000,7,3,多开,B,2533.0000,0.0000,0.0000,0.0000,0.0000,2535.0000,0.0000,0.0000,0.0000,0.0000,150,0,0,0,0,51,0,0,0,0
zc,WS301,2012-06-14 09:00:08.347,2535.0000,462900,0,0.0000,0.0000,0,0,多换,B,2534.0000,0.0000,0.0000,0.0000,0.0000,2535.0000,0.0000,0.0000,0.0000,0.0000,5,0,0,0,0,81,0,0,0,0
zc,WS301,2012-06-14 09:00:09.033,2535.0000,462980,80,0.0000,170.0000,125,45,多开,B,2535.0000,0.0000,0.0000,0.0000,0.0000,2536.0000,0.0000,0.0000,0.0000,0.0000,20,0,0,0,0,67,0,0,0,0
zc,WS301,2012-06-14 09:00:09.783,2535.0000,462980,0,0.0000,0.0000,0,0,多换,B,2535.0000,0.0000,0.0000,0.0000,0.0000,2536.0000,0.0000,0.0000,0.0000,0.0000,21,0,0,0,0,67,0,0,0,0
zc,WS301,2012-06-14 09:00:11.067,2535.0000,462982,2,0.0000,18.0000,10,8,多开,B,2535.0000,0.0000,0.0000,0.0000,0.0000,2536.0000,0.0000,0.0000,0.0000,0.0000,33,0,0,0,0,67,0,0,0,0
zc,WS301,2012-06-14 09:00:11.503,2536.0000,463000,18,0.0000,22.0000,20,2,多开,B,2535.0000,0.0000,0.0000,0.0000,0.0000,2536.0000,0.0000,0.0000,0.0000,0.0000,33,0,0,0,0,61,0,0,0,0
zc,WS301,2012-06-14 09:00:12.283,2536.0000,463004,4,0.0000,30.0000,17,13,多开,B,2535.0000,0.0000,0.0000,0.0000,0.0000,2536.0000,0.0000,0.0000,0.0000,0.0000,34,0,0,0,0,42,0,0,0,0
zc,WS301,2012-06-14 09:00:12.970,2535.0000,463008,4,0.0000,4.0000,4,0,双开,S,2535.0000,0.0000,0.0000,0.0000,0.0000,2536.0000,0.0000,0.0000,0.0000,0.0000,31,0,0,0,0,42,0,0,0,0
zc,WS301,2012-06-14 09:00:13.533,2535.0000,463008,0,0.0000,0.0000,0,0,空换,S,2535.0000,0.0000,0.0000,0.0000,0.0000,2536.0000,0.0000,0.0000,0.0000,0.0000,58,0,0,0,0,42,0,0,0,0
zc,WS301,2012-06-14 09:00:14.300,2536.0000,463008,0,0.0000,4.0000,2,2,多换,B,2535.0000,0.0000,0.0000,0.0000,0.0000,2536.0000,0.0000,0.0000,0.0000,0.0000,58,0,0,0,0,41,0,0,0,0
zc,WS301,2012-06-14 09:00:14.817,2535.0000,463012,4,0.0000,12.0000,8,4,空开,S,2535.0000,0.0000,0.0000,0.0000,0.0000,2536.0000,0.0000,0.0000,0.0000,0.0000,54,0,0,0,0,39,0,0,0,0
zc,WS301,2012-06-14 09:00:15.533,2535.0000,462992,-20,0.0000,20.0000,0,20,双平,S,2535.0000,0.0000,0.0000,0.0000,0.0000,2536.0000,0.0000,0.0000,0.0000,0.0000,44,0,0,0,0,39,0,0,0,0
zc,WS301,2012-06-14 09:00:16.050,2535.0000,462984,-8,0.0000,8.0000,0,8,双平,S,2535.0000,0.0000,0.0000,0.0000,0.0000,2536.0000,0.0000,0.0000,0.0000,0.0000,41,0,0,0,0,39,0,0,0,0
zc,WS301,2012-06-14 09:00:16.847,2535.0000,462962,-22,0.0000,82.0000,30,52,多平,S,2534.0000,0.0000,0.0000,0.0000,0.0000,2535.0000,0.0000,0.0000,0.0000,0.0000,24,0,0,0,0,12,0,0,0,0
zc,WS301,2012-06-14 09:00:17.517,2534.0000,462958,-4,0.0000,56.0000,26,30,多平,S,2533.0000,0.0000,0.0000,0.0000,0.0000,2534.0000,0.0000,0.0000,0.0000,0.0000,160,0,0,0,0,50,0,0,0,0
zc,WS301,2012-06-14 09:00:18.283,2534.0000,462956,-2,0.0000,26.0000,12,14,多平,S,2533.0000,0.0000,0.0000,0.0000,0.0000,2534.0000,0.0000,0.0000,0.0000,0.0000,160,0,0,0,0,37,0,0,0,0
zc,WS301,2012-06-14 09:00:18.800,2534.0000,462956,0,0.0000,6.0000,3,3,空换,S,2533.0000,0.0000,0.0000,0.0000,0.0000,2534.0000,0.0000,0.0000,0.0000,0.0000,166,0,0,0,0,34,0,0,0,0
zc,WS301,2012-06-14 09:00:19.517,2534.0000,462956,0,0.0000,12.0000,6,6,空换,S,2533.0000,0.0000,0.0000,0.0000,0.0000,2534.0000,0.0000,0.0000,0.0000,0.0000,167,0,0,0,0,28,0,0,0,0
zc,WS301,2012-06-14 09:00:20.347,2534.0000,462954,-2,0.0000,6.0000,2,4,多平,S,2533.0000,0.0000,0.0000,0.0000,0.0000,2534.0000,0.0000,0.0000,0.0000,0.0000,174,0,0,0,0,25,0,0,0,0
zc,WS301,2012-06-14 09:00:20.783,2534.0000,462952,-2,0.0000,6.0000,2,4,多平,S,2533.0000,0.0000,0.0000,0.0000,0.0000,2534.0000,0.0000,0.0000,0.0000,0.0000,179,0,0,0,0,22,0,0,0,0
zc,WS301,2012-06-14 09:00:21.533,2534.0000,462798,-154,0.0000,170.0000,8,162,多平,S,2533.0000,0.0000,0.0000,0.0000,0.0000,2534.0000,0.0000,0.0000,0.0000,0.0000,100,0,0,0,0,19,0,0,0,0
zc,WS301,2012-06-14 09:00:22.330,2533.0000,462790,-8,0.0000,8.0000,0,8,双平,S,2533.0000,0.0000,0.0000,0.0000,0.0000,2534.0000,0.0000,0.0000,0.0000,0.0000,97,0,0,0,0,19,0,0,0,0
zc,WS301,2012-06-14 09:00:23.033,2533.0000,462882,92,0.0000,198.0000,145,53,空开,S,2532.0000,0.0000,0.0000,0.0000,0.0000,2533.0000,0.0000,0.0000,0.0000,0.0000,228,0,0,0,0,40,0,0,0,0
zc,WS301,2012-06-14 09:00:23.503,2533.0000,462884,2,0.0000,46.0000,24,22,空开,S,2532.0000,0.0000,0.0000,0.0000,0.0000,2533.0000,0.0000,0.0000,0.0000,0.0000,255,0,0,0,0,17,0,0,0,0
zc,WS301,2012-06-14 09:00:24.610,2533.0000,462862,-22,0.0000,34.0000,6,28,多平,S,2532.0000,0.0000,0.0000,0.0000,0.0000,2533.0000,0.0000,0.0000,0.0000,0.0000,237,0,0,0,0,15,0,0,0,0
zc,WS301,2012-06-14 09:00:25.067,2533.0000,462866,4,0.0000,4.0000,4,0,双开,S,2532.0000,0.0000,0.0000,0.0000,0.0000,2533.0000,0.0000,0.0000,0.0000,0.0000,235,0,0,0,0,13,0,0,0,0
zc,WS301,2012-06-14 09:00:29.377,2532.0000,462596,-270,0.0000,296.0000,13,283,多平,S,2532.0000,0.0000,0.0000,0.0000,0.0000,2533.0000,0.0000,0.0000,0.0000,0.0000,102,0,0,0,0,79,0,0,0,0
zc,WS301,2012-06-14 09:00:30.050,2533.0000,462608,12,0.0000,18.0000,15,3,多开,B,2532.0000,0.0000,0.0000,0.0000,0.0000,2533.0000,0.0000,0.0000,0.0000,0.0000,107,0,0,0,0,70,0,0,0,0
zc,WS301,2012-06-14 09:00:31.267,2533.0000,462648,40,0.0000,40.0000,40,0,双开,B,2532.0000,0.0000,0.0000,0.0000,0.0000,2533.0000,0.0000,0.0000,0.0000,0.0000,105,0,0,0,0,55,0,0,0,0
zc,WS301,2012-06-14 09:00:31.800,2532.0000,462646,-2,0.0000,62.0000,30,32,多平,S,2532.0000,0.0000,0.0000,0.0000,0.0000,2533.0000,0.0000,0.0000,0.0000,0.0000,86,0,0,0,0,28,0,0,0,0
zc,WS301,2012-06-14 09:00:32.517,2532.0000,462500,-146,0.0000,202.0000,28,174,多平,S,2531.0000,0.0000,0.0000,0.0000,0.0000,2532.0000,0.0000,0.0000,0.0000,0.0000,387,0,0,0,0,8,0,0,0,0
zc,WS301,2012-06-14 09:00:32.957,2532.0000,462500,0,0.0000,8.0000,4,4,空换,S,2531.0000,0.0000,0.0000,0.0000,0.0000,2532.0000,0.0000,0.0000,0.0000,0.0000,390,0,0,0,0,11,0,0,0,0
zc,WS301,2012-06-14 09:00:33.860,2531.0000,462490,-10,0.0000,34.0000,12,22,多平,S,2531.0000,0.0000,0.0000,0.0000,0.0000,2532.0000,0.0000,0.0000,0.0000,0.0000,375,0,0,0,0,23,0,0,0,0
zc,WS301,2012-06-14 09:00:34.517,2532.0000,462452,-38,0.0000,50.0000,6,44,空平,B,2532.0000,0.0000,0.0000,0.0000,0.0000,2533.0000,0.0000,0.0000,0.0000,0.0000,117,0,0,0,0,28,0,0,0,0
zc,WS301,2012-06-14 09:00:35.267,2532.0000,462450,-2,0.0000,20.0000,9,11,空平,B,2532.0000,0.0000,0.0000,0.0000,0.0000,2533.0000,0.0000,0.0000,0.0000,0.0000,117,0,0,0,0,28,0,0,0,0
zc,WS301,2012-06-14 09:00:35.753,2532.0000,462450,0,0.0000,0.0000,0,0,多换,B,2532.0000,0.0000,0.0000,0.0000,0.0000,2533.0000,0.0000,0.0000,0.0000,0.0000,117,0,0,0,0,14,0,0,0,0
zc,WS301,2012-06-14 09:00:36.550,2533.0000,462460,10,0.0000,36.0000,23,13,多开,B,2533.0000,0.0000,0.0000,0.0000,0.0000,2534.0000,0.0000,0.0000,0.0000,0.0000,6,0,0,0,0,57,0,0,0,0
zc,WS301,2012-06-14 09:00:37.033,2532.0000,462442,-18,0.0000,30.0000,6,24,多平,S,2532.0000,0.0000,0.0000,0.0000,0.0000,2534.0000,0.0000,0.0000,0.0000,0.0000,108,0,0,0,0,58,0,0,0,0
zc,WS301,2012-06-14 09:00:37.737,2532.0000,462442,0,0.0000,2.0000,1,1,空换,S,2532.0000,0.0000,0.0000,0.0000,0.0000,2534.0000,0.0000,0.0000,0.0000,0.0000,109,0,0,0,0,58,0,0,0,0
zc,WS301,2012-06-14 09:00:38.283,2532.0000,462382,-60,0.0000,62.0000,1,61,多平,S,2532.0000,0.0000,0.0000,0.0000,0.0000,2534.0000,0.0000,0.0000,0.0000,0.0000,78,0,0,0,0,58,0,0,0,0
zc,WS301,2012-06-14 09:00:39.033,2532.0000,462360,-22,0.0000,22.0000,0,22,双平,S,2532.0000,0.0000,0.0000,0.0000,0.0000,2534.0000,0.0000,0.0000,0.0000,0.0000,67,0,0,0,0,58,0,0,0,0
zc,WS301,2012-06-14 09:00:39.503,2532.0000,462270,-90,0.0000,90.0000,0,90,双平,S,2532.0000,0.0000,0.0000,0.0000,0.0000,2533.0000,0.0000,0.0000,0.0000,0.0000,20,0,0,0,0,1,0,0,0,0
zc,WS301,2012-06-14 09:00:40.597,2532.0000,462270,0,0.0000,0.0000,0,0,空换,S,2532.0000,0.0000,0.0000,0.0000,0.0000,2533.0000,0.0000,0.0000,0.0000,0.0000,21,0,0,0,0,1,0,0,0,0
zc,WS301,2012-06-14 09:00:40.753,2532.0000,462264,-6,0.0000,30.0000,12,18,多平,S,2532.0000,0.0000,0.0000,0.0000,0.0000,2533.0000,0.0000,0.0000,0.0000,0.0000,8,0,0,0,0,25,0,0,0,0
zc,WS301,2012-06-14 09:00:41.567,2532.0000,462220,-44,0.0000,56.0000,6,50,多平,S,2531.0000,0.0000,0.0000,0.0000,0.0000,2532.0000,0.0000,0.0000,0.0000,0.0000,376,0,0,0,0,1,0,0,0,0
zc,WS301,2012-06-14 09:00:42.067,2532.0000,462218,-2,0.0000,2.0000,0,2,双平,S,2532.0000,0.0000,0.0000,0.0000,0.0000,2533.0000,0.0000,0.0000,0.0000,0.0000,1,0,0,0,0,25,0,0,0,0
zc,WS301,2012-06-14 09:00:42.767,2532.0000,462218,0,0.0000,0.0000,0,0,空换,S,2532.0000,0.0000,0.0000,0.0000,0.0000,2533.0000,0.0000,0.0000,0.0000,0.0000,3,0,0,0,0,25,0,0,0,0
zc,WS301,2012-06-14 09:00:43.503,2532.0000,462216,-2,0.0000,4.0000,1,3,多平,S,2532.0000,0.0000,0.0000,0.0000,0.0000,2533.0000,0.0000,0.0000,0.0000,0.0000,57,0,0,0,0,25,0,0,0,0
zc,WS301,2012-06-14 09:00:44.267,2532.0000,462148,-68,0.0000,70.0000,1,69,多平,S,2532.0000,0.0000,0.0000,0.0000,0.0000,2533.0000,0.0000,0.0000,0.0000,0.0000,24,0,0,0,0,60,0,0,0,0
zc,WS301,2012-06-14 09:00:44.767,2532.0000,462148,0,0.0000,0.0000,0,0,空换,S,2532.0000,0.0000,0.0000,0.0000,0.0000,2533.0000,0.0000,0.0000,0.0000,0.0000,27,0,0,0,0,61,0,0,0,0
zc,WS301,2012-06-14 09:00:45.550,2532.0000,462116,-32,0.0000,32.0000,0,32,双平,S,2532.0000,0.0000,0.0000,0.0000,0.0000,2533.0000,0.0000,0.0000,0.0000,0.0000,11,0,0,0,0,61,0,0,0,0
zc,WS301,2012-06-14 09:00:46.003,2532.0000,462116,0,0.0000,0.0000,0,0,空换,S,2532.0000,0.0000,0.0000,0.0000,0.0000,2533.0000,0.0000,0.0000,0.0000,0.0000,15,0,0,0,0,69,0,0,0,0
zc,WS301,2012-06-14 09:00:46.720,2532.0000,462116,0,0.0000,0.0000,0,0,空换,S,2532.0000,0.0000,0.0000,0.0000,0.0000,2533.0000,0.0000,0.0000,0.0000,0.0000,16,0,0,0,0,69,0,0,0,0
zc,WS301,2012-06-14 09:00:47.317,2532.0000,462112,-4,0.0000,12.0000,4,8,多平,S,2532.0000,0.0000,0.0000,0.0000,0.0000,2533.0000,0.0000,0.0000,0.0000,0.0000,11,0,0,0,0,70,0,0,0,0
zc,WS301,2012-06-14 09:00:47.783,2532.0000,462112,0,0.0000,0.0000,0,0,空换,S,2532.0000,0.0000,0.0000,0.0000,0.0000,2533.0000,0.0000,0.0000,0.0000,0.0000,12,0,0,0,0,70,0,0,0,0
zc,WS301,2012-06-14 09:00:48.567,2532.0000,462112,0,0.0000,22.0000,11,11,空换,S,2532.0000,0.0000,0.0000,0.0000,0.0000,2533.0000,0.0000,0.0000,0.0000,0.0000,16,0,0,0,0,73,0,0,0,0
zc,WS301,2012-06-14 09:00:49.800,2533.0000,462204,92,0.0000,150.0000,121,29,多开,B,2532.0000,0.0000,0.0000,0.0000,0.0000,2533.0000,0.0000,0.0000,0.0000,0.0000,12,0,0,0,0,29,0,0,0,0
zc,WS301,2012-06-14 09:00:50.283,2533.0000,462204,0,0.0000,0.0000,0,0,多换,B,2532.0000,0.0000,0.0000,0.0000,0.0000,2533.0000,0.0000,0.0000,0.0000,0.0000,13,0,0,0,0,29,0,0,0,0
zc,WS301,2012-06-14 09:00:50.970,2532.0000,462208,4,0.0000,4.0000,4,0,双开,S,2532.0000,0.0000,0.0000,0.0000,0.0000,2533.0000,0.0000,0.0000,0.0000,0.0000,10,0,0,0,0,30,0,0,0,0
zc,WS301,2012-06-14 09:00:51.580,2531.0000,462222,14,0.0000,600.0000,307,293,空开,S,2531.0000,0.0000,0.0000,0.0000,0.0000,2532.0000,0.0000,0.0000,0.0000,0.0000,144,0,0,0,0,1,0,0,0,0
zc,WS301,2012-06-14 09:00:52.317,2532.0000,462192,-30,0.0000,66.0000,18,48,空平,B,2531.0000,0.0000,0.0000,0.0000,0.0000,2532.0000,0.0000,0.0000,0.0000,0.0000,135,0,0,0,0,137,0,0,0,0
zc,WS301,2012-06-14 09:00:52.830,2532.0000,462190,-2,0.0000,6.0000,2,4,空平,B,2531.0000,0.0000,0.0000,0.0000,0.0000,2532.0000,0.0000,0.0000,0.0000,0.0000,135,0,0,0,0,135,0,0,0,0
zc,WS301,2012-06-14 09:00:53.550,2532.0000,462328,138,0.0000,142.0000,140,2,多开,B,2531.0000,0.0000,0.0000,0.0000,0.0000,2532.0000,0.0000,0.0000,0.0000,0.0000,123,0,0,0,0,67,0,0,0,0
zc,WS301,2012-06-14 09:00:54.050,2531.0000,462324,-4,0.0000,4.0000,0,4,双平,S,2531.0000,0.0000,0.0000,0.0000,0.0000,2532.0000,0.0000,0.0000,0.0000,0.0000,121,0,0,0,0,67,0,0,0,0
zc,WS301,2012-06-14 09:00:54.737,2531.0000,462320,-4,0.0000,4.0000,0,4,双平,S,2531.0000,0.0000,0.0000,0.0000,0.0000,2532.0000,0.0000,0.0000,0.0000,0.0000,111,0,0,0,0,67,0,0,0,0
zc,WS301,2012-06-14 09:00:55.237,2531.0000,462320,0,0.0000,4.0000,2,2,空换,S,2531.0000,0.0000,0.0000,0.0000,0.0000,2532.0000,0.0000,0.0000,0.0000,0.0000,111,0,0,0,0,66,0,0,0,0
zc,WS301,2012-06-14 09:00:56.033,2531.0000,462320,0,0.0000,0.0000,0,0,空换,S,2531.0000,0.0000,0.0000,0.0000,0.0000,2532.0000,0.0000,0.0000,0.0000,0.0000,131,0,0,0,0,66,0,0,0,0
zc,WS301,2012-06-14 09:00:56.533,2533.0000,462260,-60,0.0000,202.0000,71,131,空平,B,2531.0000,0.0000,0.0000,0.0000,0.0000,2533.0000,0.0000,0.0000,0.0000,0.0000,130,0,0,0,0,8,0,0,0,0
zc,WS301,2012-06-14 09:00:57.253,2533.0000,462260,0,0.0000,0.0000,0,0,多换,B,2532.0000,0.0000,0.0000,0.0000,0.0000,2533.0000,0.0000,0.0000,0.0000,0.0000,1,0,0,0,0,8,0,0,0,0
zc,WS301,2012-06-14 09:00:58.470,2531.0000,462250,-10,0.0000,10.0000,0,10,双平,S,2532.0000,0.0000,0.0000,0.0000,0.0000,2533.0000,0.0000,0.0000,0.0000,0.0000,1,0,0,0,0,8,0,0,0,0
zc,WS301,2012-06-14 09:00:59.080,2531.0000,462250,0,0.0000,0.0000,0,0,空换,S,2532.0000,0.0000,0.0000,0.0000,0.0000,2533.0000,0.0000,0.0000,0.0000,0.0000,1,0,0,0,0,9,0,0,0,0
zc,WS301,2012-06-14 09:00:59.487,2532.0000,462248,-2,0.0000,2.0000,0,2,双平,B,2531.0000,0.0000,0.0000,0.0000,0.0000,2532.0000,0.0000,0.0000,0.0000,0.0000,133,0,0,0,0,11,0,0,0,0
zc,WS301,2012-06-14 09:01:00.237,2532.0000,462248,0,0.0000,10.0000,5,5,多换,B,2531.0000,0.0000,0.0000,0.0000,0.0000,2532.0000,0.0000,0.0000,0.0000,0.0000,137,0,0,0,0,39,0,0,0,0
zc,WS301,2012-06-14 09:01:00.737,2532.0000,462248,0,0.0000,0.0000,0,0,多换,B,2531.0000,0.0000,0.0000,0.0000,0.0000,2532.0000,0.0000,0.0000,0.0000,0.0000,137,0,0,0,0,40,0,0,0,0
zc,WS301,2012-06-14 09:01:01.503,2532.0000,462248,0,0.0000,16.0000,8,8,多换,B,2531.0000,0.0000,0.0000,0.0000,0.0000,2532.0000,0.0000,0.0000,0.0000,0.0000,138,0,0,0,0,532,0,0,0,0
zc,WS301,2012-06-14 09:01:02.003,2532.0000,462250,2,0.0000,10.0000,6,4,多开,B,2531.0000,0.0000,0.0000,0.0000,0.0000,2532.0000,0.0000,0.0000,0.0000,0.0000,150,0,0,0,0,529,0,0,0,0
zc,WS301,2012-06-14 09:01:03.330,2531.0000,462444,194,0.0000,448.0000,321,127,空开,S,2531.0000,0.0000,0.0000,0.0000,0.0000,2532.0000,0.0000,0.0000,0.0000,0.0000,10,0,0,0,0,462,0,0,0,0
zc,WS301,2012-06-14 09:01:04.017,2532.0000,462434,-10,0.0000,20.0000,5,15,空平,B,2531.0000,0.0000,0.0000,0.0000,0.0000,2532.0000,0.0000,0.0000,0.0000,0.0000,2,0,0,0,0,460,0,0,0,0
zc,WS301,2012-06-14 09:01:04.783,2531.0000,462436,2,0.0000,4.0000,3,1,空开,S,2530.0000,0.0000,0.0000,0.0000,0.0000,2532.0000,0.0000,0.0000,0.0000,0.0000,557,0,0,0,0,460,0,0,0,0
zc,WS301,2012-06-14 09:01:05.487,2531.0000,462434,-2,0.0000,4.0000,1,3,多平,S,2530.0000,0.0000,0.0000,0.0000,0.0000,2532.0000,0.0000,0.0000,0.0000,0.0000,567,0,0,0,0,460,0,0,0,0
zc,WS301,2012-06-14 09:01:05.720,2530.0000,462414,-20,0.0000,22.0000,1,21,多平,S,2530.0000,0.0000,0.0000,0.0000,0.0000,2531.0000,0.0000,0.0000,0.0000,0.0000,562,0,0,0,0,1,0,0,0,0
zc,WS301,2012-06-14 09:01:06.487,2530.0000,462412,-2,0.0000,6.0000,2,4,多平,S,2530.0000,0.0000,0.0000,0.0000,0.0000,2531.0000,0.0000,0.0000,0.0000,0.0000,559,0,0,0,0,1,0,0,0,0
zc,WS301,2012-06-14 09:01:06.957,2530.0000,462388,-24,0.0000,28.0000,2,26,多平,S,2530.0000,0.0000,0.0000,0.0000,0.0000,2532.0000,0.0000,0.0000,0.0000,0.0000,546,0,0,0,0,460,0,0,0,0
zc,WS301,2012-06-14 09:01:07.673,2530.0000,462382,-6,0.0000,64.0000,29,35,多平,S,2530.0000,0.0000,0.0000,0.0000,0.0000,2532.0000,0.0000,0.0000,0.0000,0.0000,543,0,0,0,0,442,0,0,0,0
zc,WS301,2012-06-14 09:01:08.190,2530.0000,462370,-12,0.0000,12.0000,0,12,双平,S,2530.0000,0.0000,0.0000,0.0000,0.0000,2532.0000,0.0000,0.0000,0.0000,0.0000,537,0,0,0,0,442,0,0,0,0
zc,WS301,2012-06-14 09:01:09.033,2530.0000,462370,0,0.0000,20.0000,10,10,空换,S,2530.0000,0.0000,0.0000,0.0000,0.0000,2532.0000,0.0000,0.0000,0.0000,0.0000,527,0,0,0,0,442,0,0,0,0
zc,WS301,2012-06-14 09:01:09.533,2530.0000,462370,0,0.0000,0.0000,0,0,空换,S,2530.0000,0.0000,0.0000,0.0000,0.0000,2532.0000,0.0000,0.0000,0.0000,0.0000,518,0,0,0,0,442,0,0,0,0
zc,WS301,2012-06-14 09:01:10.317,2530.0000,462368,-2,0.0000,42.0000,20,22,多平,S,2530.0000,0.0000,0.0000,0.0000,0.0000,2532.0000,0.0000,0.0000,0.0000,0.0000,498,0,0,0,0,447,0,0,0,0
zc,WS301,2012-06-14 09:01:10.690,2530.0000,462368,0,0.0000,0.0000,0,0,空换,S,2530.0000,0.0000,0.0000,0.0000,0.0000,2532.0000,0.0000,0.0000,0.0000,0.0000,507,0,0,0,0,447,0,0,0,0
zc,WS301,2012-06-14 09:01:11.487,2530.0000,462364,-4,0.0000,4.0000,0,4,双平,S,2530.0000,0.0000,0.0000,0.0000,0.0000,2532.0000,0.0000,0.0000,0.0000,0.0000,505,0,0,0,0,447,0,0,0,0
zc,WS301,2012-06-14 09:01:11.957,2530.0000,462338,-26,0.0000,26.0000,0,26,双平,S,2530.0000,0.0000,0.0000,0.0000,0.0000,2532.0000,0.0000,0.0000,0.0000,0.0000,492,0,0,0,0,447,0,0,0,0
zc,WS301,2012-06-14 09:01:12.737,2530.0000,462314,-24,0.0000,24.0000,0,24,双平,S,2530.0000,0.0000,0.0000,0.0000,0.0000,2532.0000,0.0000,0.0000,0.0000,0.0000,480,0,0,0,0,451,0,0,0,0
zc,WS301,2012-06-14 09:01:13.267,2530.0000,462284,-30,0.0000,42.0000,6,36,多平,S,2531.0000,0.0000,0.0000,0.0000,0.0000,2532.0000,0.0000,0.0000,0.0000,0.0000,2,0,0,0,0,452,0,0,0,0
zc,WS301,2012-06-14 09:01:13.830,2531.0000,462284,0,0.0000,4.0000,2,2,多换,B,2530.0000,0.0000,0.0000,0.0000,0.0000,2531.0000,0.0000,0.0000,0.0000,0.0000,458,0,0,0,0,3,0,0,0,0
zc,WS301,2012-06-14 09:01:14.487,2531.0000,462284,0,0.0000,0.0000,0,0,多换,B,2530.0000,0.0000,0.0000,0.0000,0.0000,2531.0000,0.0000,0.0000,0.0000,0.0000,458,0,0,0,0,31,0,0,0,0
zc,WS301,2012-06-14 09:01:14.720,2531.0000,462292,8,0.0000,54.0000,31,23,多开,B,2530.0000,0.0000,0.0000,0.0000,0.0000,2531.0000,0.0000,0.0000,0.0000,0.0000,465,0,0,0,0,4,0,0,0,0
zc,WS301,2012-06-14 09:01:15.533,2531.0000,462294,2,0.0000,10.0000,6,4,多开,B,2531.0000,0.0000,0.0000,0.0000,0.0000,2532.0000,0.0000,0.0000,0.0000,0.0000,1,0,0,0,0,451,0,0,0,0
zc,WS301,2012-06-14 09:01:16.033,2530.0000,462278,-16,0.0000,20.0000,2,18,多平,S,2530.0000,0.0000,0.0000,0.0000,0.0000,2531.0000,0.0000,0.0000,0.0000,0.0000,459,0,0,0,0,601,0,0,0,0
zc,WS301,2012-06-14 09:01:16.720,2531.0000,462278,0,0.0000,60.0000,30,30,多换,B,2530.0000,0.0000,0.0000,0.0000,0.0000,2531.0000,0.0000,0.0000,0.0000,0.0000,478,0,0,0,0,571,0,0,0,0
zc,WS301,2012-06-14 09:01:17.267,2531.0000,462278,0,0.0000,0.0000,0,0,多换,B,2530.0000,0.0000,0.0000,0.0000,0.0000,2531.0000,0.0000,0.0000,0.0000,0.0000,470,0,0,0,0,571,0,0,0,0
zc,WS301,2012-06-14 09:01:17.987,2531.0000,462278,0,0.0000,10.0000,5,5,多换,B,2530.0000,0.0000,0.0000,0.0000,0.0000,2531.0000,0.0000,0.0000,0.0000,0.0000,483,0,0,0,0,566,0,0,0,0
zc,WS301,2012-06-14 09:01:18.550,2531.0000,462264,-14,0.0000,24.0000,5,19,空平,B,2530.0000,0.0000,0.0000,0.0000,0.0000,2531.0000,0.0000,0.0000,0.0000,0.0000,483,0,0,0,0,554,0,0,0,0
zc,WS301,2012-06-14 09:01:19.567,2531.0000,462264,0,0.0000,0.0000,0,0,多换,B,2530.0000,0.0000,0.0000,0.0000,0.0000,2531.0000,0.0000,0.0000,0.0000,0.0000,483,0,0,0,0,555,0,0,0,0
zc,WS301,2012-06-14 09:01:20.017,2531.0000,462264,0,0.0000,40.0000,20,20,多换,B,2530.0000,0.0000,0.0000,0.0000,0.0000,2531.0000,0.0000,0.0000,0.0000,0.0000,474,0,0,0,0,535,0,0,0,0
zc,WS301,2012-06-14 09:01:20.707,2530.0000,462264,0,0.0000,12.0000,6,6,空换,S,2530.0000,0.0000,0.0000,0.0000,0.0000,2531.0000,0.0000,0.0000,0.0000,0.0000,468,0,0,0,0,535,0,0,0,0
zc,WS301,2012-06-14 09:01:21.970,2530.0000,462262,-2,0.0000,74.0000,36,38,多平,S,2530.0000,0.0000,0.0000,0.0000,0.0000,2531.0000,0.0000,0.0000,0.0000,0.0000,476,0,0,0,0,499,0,0,0,0
zc,WS301,2012-06-14 09:01:22.503,2531.0000,462260,-2,0.0000,4.0000,1,3,空平,B,2530.0000,0.0000,0.0000,0.0000,0.0000,2531.0000,0.0000,0.0000,0.0000,0.0000,476,0,0,0,0,497,0,0,0,0
zc,WS301,2012-06-14 09:01:22.970,2531.0000,462254,-6,0.0000,6.0000,0,6,双平,B,2530.0000,0.0000,0.0000,0.0000,0.0000,2531.0000,0.0000,0.0000,0.0000,0.0000,473,0,0,0,0,504,0,0,0,0
zc,WS301,2012-06-14 09:01:23.707,2530.0000,462252,-2,0.0000,2.0000,0,2,双平,S,2530.0000,0.0000,0.0000,0.0000,0.0000,2531.0000,0.0000,0.0000,0.0000,0.0000,472,0,0,0,0,504,0,0,0,0
zc,WS301,2012-06-14 09:01:24.470,2530.0000,462238,-14,0.0000,14.0000,0,14,双平,S,2530.0000,0.0000,0.0000,0.0000,0.0000,2531.0000,0.0000,0.0000,0.0000,0.0000,471,0,0,0,0,502,0,0,0,0
zc,WS301,2012-06-14 09:01:25.033,2530.0000,462234,-4,0.0000,8.0000,2,6,多平,S,2530.0000,0.0000,0.0000,0.0000,0.0000,2531.0000,0.0000,0.0000,0.0000,0.0000,467,0,0,0,0,502,0,0,0,0
zc,WS301,2012-06-14 09:01:25.783,2530.0000,462214,-20,0.0000,30.0000,5,25,多平,S,2530.0000,0.0000,0.0000,0.0000,0.0000,2531.0000,0.0000,0.0000,0.0000,0.0000,452,0,0,0,0,503,0,0,0,0
zc,WS301,2012-06-14 09:01:26.987,2531.0000,462212,-2,0.0000,46.0000,22,24,空平,B,2530.0000,0.0000,0.0000,0.0000,0.0000,2531.0000,0.0000,0.0000,0.0000,0.0000,433,0,0,0,0,500,0,0,0,0
zc,WS301,2012-06-14 09:01:27.503,2530.0000,462214,2,0.0000,2.0000,2,0,双开,S,2530.0000,0.0000,0.0000,0.0000,0.0000,2531.0000,0.0000,0.0000,0.0000,0.0000,431,0,0,0,0,500,0,0,0,0
zc,WS301,2012-06-14 09:01:27.970,2530.0000,462212,-2,0.0000,2.0000,0,2,双平,S,2530.0000,0.0000,0.0000,0.0000,0.0000,2531.0000,0.0000,0.0000,0.0000,0.0000,486,0,0,0,0,500,0,0,0,0
zc,WS301,2012-06-14 09:01:28.737,2530.0000,462210,-2,0.0000,20.0000,9,11,多平,S,2530.0000,0.0000,0.0000,0.0000,0.0000,2531.0000,0.0000,0.0000,0.0000,0.0000,514,0,0,0,0,491,0,0,0,0
zc,WS301,2012-06-14 09:01:29.767,2530.0000,462208,-2,0.0000,6.0000,2,4,多平,S,2530.0000,0.0000,0.0000,0.0000,0.0000,2531.0000,0.0000,0.0000,0.0000,0.0000,512,0,0,0,0,490,0,0,0,0
zc,WS301,2012-06-14 09:01:30.207,2531.0000,462208,0,0.0000,2.0000,1,1,多换,B,2530.0000,0.0000,0.0000,0.0000,0.0000,2531.0000,0.0000,0.0000,0.0000,0.0000,513,0,0,0,0,489,0,0,0,0
zc,WS301,2012-06-14 09:01:30.690,2531.0000,462206,-2,0.0000,20.0000,9,11,空平,B,2530.0000,0.0000,0.0000,0.0000,0.0000,2531.0000,0.0000,0.0000,0.0000,0.0000,507,0,0,0,0,488,0,0,0,0
zc,WS301,2012-06-14 09:01:31.517,2531.0000,462206,0,0.0000,24.0000,12,12,多换,B,2530.0000,0.0000,0.0000,0.0000,0.0000,2531.0000,0.0000,0.0000,0.0000,0.0000,507,0,0,0,0,476,0,0,0,0
zc,WS301,2012-06-14 09:01:31.957,2531.0000,462206,0,0.0000,4.0000,2,2,多换,B,2530.0000,0.0000,0.0000,0.0000,0.0000,2531.0000,0.0000,0.0000,0.0000,0.0000,506,0,0,0,0,475,0,0,0,0
zc,WS301,2012-06-14 09:01:32.673,2530.0000,462204,-2,0.0000,4.0000,1,3,多平,S,2530.0000,0.0000,0.0000,0.0000,0.0000,2531.0000,0.0000,0.0000,0.0000,0.0000,513,0,0,0,0,474,0,0,0,0
zc,WS301,2012-06-14 09:01:32.970,2530.0000,462202,-2,0.0000,4.0000,1,3,多平,S,2530.0000,0.0000,0.0000,0.0000,0.0000,2531.0000,0.0000,0.0000,0.0000,0.0000,511,0,0,0,0,474,0,0,0,0
zc,WS301,2012-06-14 09:01:33.720,2530.0000,462202,0,0.0000,6.0000,3,3,空换,S,2530.0000,0.0000,0.0000,0.0000,0.0000,2531.0000,0.0000,0.0000,0.0000,0.0000,510,0,0,0,0,473,0,0,0,0
zc,WS301,2012-06-14 09:01:34.253,2530.0000,462158,-44,0.0000,84.0000,20,64,多平,S,2530.0000,0.0000,0.0000,0.0000,0.0000,2531.0000,0.0000,0.0000,0.0000,0.0000,489,0,0,0,0,453,0,0,0,0
zc,WS301,2012-06-14 09:01:35.033,2531.0000,462156,-2,0.0000,2.0000,0,2,双平,B,2530.0000,0.0000,0.0000,0.0000,0.0000,2531.0000,0.0000,0.0000,0.0000,0.0000,490,0,0,0,0,456,0,0,0,0
zc,WS301,2012-06-14 09:01:35.487,2531.0000,462156,0,0.0000,8.0000,4,4,多换,B,2530.0000,0.0000,0.0000,0.0000,0.0000,2531.0000,0.0000,0.0000,0.0000,0.0000,489,0,0,0,0,453,0,0,0,0
zc,WS301,2012-06-14 09:01:36.237,2530.0000,462152,-4,0.0000,4.0000,0,4,双平,S,2530.0000,0.0000,0.0000,0.0000,0.0000,2531.0000,0.0000,0.0000,0.0000,0.0000,488,0,0,0,0,453,0,0,0,0
zc,WS301,2012-06-14 09:01:36.737,2531.0000,462150,-2,0.0000,4.0000,1,3,空平,B,2530.0000,0.0000,0.0000,0.0000,0.0000,2531.0000,0.0000,0.0000,0.0000,0.0000,487,0,0,0,0,452,0,0,0,0
zc,WS301,2012-06-14 09:01:37.220,2531.0000,462150,0,0.0000,0.0000,0,0,多换,B,2530.0000,0.0000,0.0000,0.0000,0.0000,2531.0000,0.0000,0.0000,0.0000,0.0000,490,0,0,0,0,453,0,0,0,0
zc,WS301,2012-06-14 09:01:39.457,2531.0000,461246,-904,0.0000,906.0000,1,905,空平,B,2531.0000,0.0000,0.0000,0.0000,0.0000,2532.0000,0.0000,0.0000,0.0000,0.0000,47,0,0,0,0,459,0,0,0,0
zc,WS301,2012-06-14 09:01:40.753,2531.0000,461246,0,0.0000,0.0000,0,0,多换,B,2531.0000,0.0000,0.0000,0.0000,0.0000,2532.0000,0.0000,0.0000,0.0000,0.0000,179,0,0,0,0,459,0,0,0,0
zc,WS301,2012-06-14 09:01:41.207,2531.0000,461244,-2,0.0000,2.0000,0,2,双平,B,2531.0000,0.0000,0.0000,0.0000,0.0000,2532.0000,0.0000,0.0000,0.0000,0.0000,188,0,0,0,0,459,0,0,0,0
zc,WS301,2012-06-14 09:01:41.987,2531.0000,461236,-8,0.0000,38.0000,15,23,空平,B,2531.0000,0.0000,0.0000,0.0000,0.0000,2532.0000,0.0000,0.0000,0.0000,0.0000,231,0,0,0,0,459,0,0,0,0
zc,WS301,2012-06-14 09:01:42.970,2531.0000,461190,-46,0.0000,46.0000,0,46,双平,B,2531.0000,0.0000,0.0000,0.0000,0.0000,2532.0000,0.0000,0.0000,0.0000,0.0000,211,0,0,0,0,459,0,0,0,0
zc,WS301,2012-06-14 09:01:43.457,2531.0000,461190,0,0.0000,0.0000,0,0,多换,B,2531.0000,0.0000,0.0000,0.0000,0.0000,2532.0000,0.0000,0.0000,0.0000,0.0000,272,0,0,0,0,459,0,0,0,0
zc,WS301,2012-06-14 09:01:44.487,2532.0000,461190,0,0.0000,2.0000,1,1,多换,B,2531.0000,0.0000,0.0000,0.0000,0.0000,2532.0000,0.0000,0.0000,0.0000,0.0000,284,0,0,0,0,458,0,0,0,0
zc,WS301,2012-06-14 09:01:44.673,2532.0000,461190,0,0.0000,0.0000,0,0,多换,B,2531.0000,0.0000,0.0000,0.0000,0.0000,2532.0000,0.0000,0.0000,0.0000,0.0000,287,0,0,0,0,458,0,0,0,0
zc,WS301,2012-06-14 09:01:45.470,2531.0000,461188,-2,0.0000,2.0000,0,2,双平,S,2531.0000,0.0000,0.0000,0.0000,0.0000,2532.0000,0.0000,0.0000,0.0000,0.0000,286,0,0,0,0,463,0,0,0,0
zc,WS301,2012-06-14 09:01:46.220,2532.0000,461188,0,0.0000,2.0000,1,1,多换,B,2531.0000,0.0000,0.0000,0.0000,0.0000,2532.0000,0.0000,0.0000,0.0000,0.0000,276,0,0,0,0,462,0,0,0,0
zc,WS301,2012-06-14 09:01:47.423,2532.0000,461188,0,0.0000,0.0000,0,0,多换,B,2531.0000,0.0000,0.0000,0.0000,0.0000,2532.0000,0.0000,0.0000,0.0000,0.0000,277,0,0,0,0,462,0,0,0,0
zc,WS301,2012-06-14 09:01:49.690,2532.0000,461188,0,0.0000,0.0000,0,0,多换,B,2531.0000,0.0000,0.0000,0.0000,0.0000,2532.0000,0.0000,0.0000,0.0000,0.0000,278,0,0,0,0,462,0,0,0,0
zc,WS301,2012-06-14 09:01:50.237,2532.0000,461178,-10,0.0000,10.0000,0,10,双平,B,2531.0000,0.0000,0.0000,0.0000,0.0000,2532.0000,0.0000,0.0000,0.0000,0.0000,282,0,0,0,0,497,0,0,0,0
zc,WS301,2012-06-14 09:01:51.957,2532.0000,461178,0,0.0000,24.0000,12,12,多换,B,2531.0000,0.0000,0.0000,0.0000,0.0000,2532.0000,0.0000,0.0000,0.0000,0.0000,282,0,0,0,0,485,0,0,0,0
zc,WS301,2012-06-14 09:01:53.173,2532.0000,461178,0,0.0000,0.0000,0,0,多换,B,2531.0000,0.0000,0.0000,0.0000,0.0000,2532.0000,0.0000,0.0000,0.0000,0.0000,283,0,0,0,0,485,0,0,0,0
zc,WS301,2012-06-14 09:01:53.707,2532.0000,461178,0,0.0000,0.0000,0,0,多换,B,2531.0000,0.0000,0.0000,0.0000,0.0000,2532.0000,0.0000,0.0000,0.0000,0.0000,335,0,0,0,0,485,0,0,0,0
zc,WS301,2012-06-14 09:01:54.220,2532.0000,461178,0,0.0000,6.0000,3,3,多换,B,2531.0000,0.0000,0.0000,0.0000,0.0000,2532.0000,0.0000,0.0000,0.0000,0.0000,336,0,0,0,0,482,0,0,0,0
zc,WS301,2012-06-14 09:01:55.487,2532.0000,461178,0,0.0000,0.0000,0,0,多换,B,2531.0000,0.0000,0.0000,0.0000,0.0000,2532.0000,0.0000,0.0000,0.0000,0.0000,326,0,0,0,0,482,0,0,0,0
zc,WS301,2012-06-14 09:01:56.207,2532.0000,461176,-2,0.0000,22.0000,10,12,空平,B,2531.0000,0.0000,0.0000,0.0000,0.0000,2532.0000,0.0000,0.0000,0.0000,0.0000,325,0,0,0,0,472,0,0,0,0
zc,WS301,2012-06-14 09:01:57.253,2531.0000,461176,0,0.0000,2.0000,1,1,空换,S,2531.0000,0.0000,0.0000,0.0000,0.0000,2532.0000,0.0000,0.0000,0.0000,0.0000,324,0,0,0,0,472,0,0,0,0
zc,WS301,2012-06-14 09:01:58.033,2531.0000,461188,12,0.0000,52.0000,32,20,空开,S,2531.0000,0.0000,0.0000,0.0000,0.0000,2532.0000,0.0000,0.0000,0.0000,0.0000,301,0,0,0,0,472,0,0,0,0
zc,WS301,2012-06-14 09:01:58.503,2531.0000,461188,0,0.0000,10.0000,5,5,空换,S,2531.0000,0.0000,0.0000,0.0000,0.0000,2532.0000,0.0000,0.0000,0.0000,0.0000,296,0,0,0,0,472,0,0,0,0
zc,WS301,2012-06-14 09:01:59.737,2531.0000,461188,0,0.0000,4.0000,2,2,空换,S,2531.0000,0.0000,0.0000,0.0000,0.0000,2532.0000,0.0000,0.0000,0.0000,0.0000,296,0,0,0,0,471,0,0,0,0
zc,WS301,2012-06-14 09:02:00.487,2531.0000,461188,0,0.0000,0.0000,0,0,空换,S,2531.0000,0.0000,0.0000,0.0000,0.0000,2532.0000,0.0000,0.0000,0.0000,0.0000,295,0,0,0,0,471,0,0,0,0
zc,WS301,2012-06-14 09:02:01.017,2532.0000,461180,-8,0.0000,8.0000,0,8,双平,B,2531.0000,0.0000,0.0000,0.0000,0.0000,2532.0000,0.0000,0.0000,0.0000,0.0000,302,0,0,0,0,467,0,0,0,0
zc,WS301,2012-06-14 09:02:01.817,2531.0000,461180,0,0.0000,2.0000,1,1,空换,S,2531.0000,0.0000,0.0000,0.0000,0.0000,2532.0000,0.0000,0.0000,0.0000,0.0000,301,0,0,0,0,467,0,0,0,0
zc,WS301,2012-06-14 09:02:03.987,2531.0000,461178,-2,0.0000,42.0000,20,22,多平,S,2531.0000,0.0000,0.0000,0.0000,0.0000,2532.0000,0.0000,0.0000,0.0000,0.0000,281,0,0,0,0,466,0,0,0,0
zc,WS301,2012-06-14 09:02:04.567,2532.0000,461178,0,0.0000,20.0000,10,10,多换,B,2531.0000,0.0000,0.0000,0.0000,0.0000,2532.0000,0.0000,0.0000,0.0000,0.0000,281,0,0,0,0,456,0,0,0,0
zc,WS301,2012-06-14 09:02:05.253,2531.0000,461178,0,0.0000,6.0000,3,3,空换,S,2531.0000,0.0000,0.0000,0.0000,0.0000,2532.0000,0.0000,0.0000,0.0000,0.0000,278,0,0,0,0,456,0,0,0,0
zc,WS301,2012-06-14 09:02:05.707,2531.0000,461178,0,0.0000,0.0000,0,0,空换,S,2531.0000,0.0000,0.0000,0.0000,0.0000,2532.0000,0.0000,0.0000,0.0000,0.0000,279,0,0,0,0,455,0,0,0,0
zc,WS301,2012-06-14 09:02:07.253,2531.0000,461178,0,0.0000,0.0000,0,0,空换,S,2531.0000,0.0000,0.0000,0.0000,0.0000,2532.0000,0.0000,0.0000,0.0000,0.0000,284,0,0,0,0,455,0,0,0,0
zc,WS301,2012-06-14 09:02:07.753,2532.0000,461178,0,0.0000,6.0000,3,3,多换,B,2531.0000,0.0000,0.0000,0.0000,0.0000,2532.0000,0.0000,0.0000,0.0000,0.0000,283,0,0,0,0,453,0,0,0,0
zc,WS301,2012-06-14 09:02:08.457,2531.0000,461172,-6,0.0000,6.0000,0,6,双平,S,2531.0000,0.0000,0.0000,0.0000,0.0000,2532.0000,0.0000,0.0000,0.0000,0.0000,280,0,0,0,0,451,0,0,0,0
zc,WS301,2012-06-14 09:02:09.707,2532.0000,461160,-12,0.0000,12.0000,0,12,双平,B,2531.0000,0.0000,0.0000,0.0000,0.0000,2532.0000,0.0000,0.0000,0.0000,0.0000,275,0,0,0,0,445,0,0,0,0
zc,WS301,2012-06-14 09:02:10.207,2531.0000,461156,-4,0.0000,104.0000,50,54,多平,S,2531.0000,0.0000,0.0000,0.0000,0.0000,2532.0000,0.0000,0.0000,0.0000,0.0000,273,0,0,0,0,395,0,0,0,0
zc,WS301,2012-06-14 09:02:11.003,2531.0000,461156,0,0.0000,2.0000,1,1,空换,S,2531.0000,0.0000,0.0000,0.0000,0.0000,2532.0000,0.0000,0.0000,0.0000,0.0000,277,0,0,0,0,395,0,0,0,0
zc,WS301,2012-06-14 09:02:11.533,2532.0000,461154,-2,0.0000,8.0000,3,5,空平,B,2531.0000,0.0000,0.0000,0.0000,0.0000,2532.0000,0.0000,0.0000,0.0000,0.0000,273,0,0,0,0,394,0,0,0,0
zc,WS301,2012-06-14 09:02:12.220,2531.0000,461150,-4,0.0000,6.0000,1,5,多平,S,2531.0000,0.0000,0.0000,0.0000,0.0000,2532.0000,0.0000,0.0000,0.0000,0.0000,271,0,0,0,0,393,0,0,0,0
zc,WS301,2012-06-14 09:02:12.783,2531.0000,461148,-2,0.0000,2.0000,0,2,双平,S,2531.0000,0.0000,0.0000,0.0000,0.0000,2532.0000,0.0000,0.0000,0.0000,0.0000,388,0,0,0,0,393,0,0,0,0
zc,WS301,2012-06-14 09:02:15.003,2531.0000,461148,0,0.0000,2.0000,1,1,空换,S,2531.0000,0.0000,0.0000,0.0000,0.0000,2532.0000,0.0000,0.0000,0.0000,0.0000,396,0,0,0,0,393,0,0,0,0
zc,WS301,2012-06-14 09:02:16.220,2531.0000,461148,0,0.0000,0.0000,0,0,空换,S,2531.0000,0.0000,0.0000,0.0000,0.0000,2532.0000,0.0000,0.0000,0.0000,0.0000,403,0,0,0,0,393,0,0,0,0
zc,WS301,2012-06-14 09:02:16.737,2532.0000,461086,-62,0.0000,62.0000,0,62,双平,B,2531.0000,0.0000,0.0000,0.0000,0.0000,2532.0000,0.0000,0.0000,0.0000,0.0000,367,0,0,0,0,364,0,0,0,0
zc,WS301,2012-06-14 09:02:17.533,2531.0000,460632,-454,0.0000,756.0000,151,605,多平,S,2530.0000,0.0000,0.0000,0.0000,0.0000,2531.0000,0.0000,0.0000,0.0000,0.0000,510,0,0,0,0,160,0,0,0,0
zc,WS301,2012-06-14 09:02:17.987,2531.0000,460392,-240,0.0000,456.0000,108,348,多平,S,2530.0000,0.0000,0.0000,0.0000,0.0000,2531.0000,0.0000,0.0000,0.0000,0.0000,504,0,0,0,0,7,0,0,0,0
zc,WS301,2012-06-14 09:02:18.737,2530.0000,460416,24,0.0000,34.0000,29,5,空开,S,2530.0000,0.0000,0.0000,0.0000,0.0000,2532.0000,0.0000,0.0000,0.0000,0.0000,499,0,0,0,0,363,0,0,0,0
zc,WS301,2012-06-14 09:02:19.987,2531.0000,460416,0,0.0000,14.0000,7,7,多换,B,2530.0000,0.0000,0.0000,0.0000,0.0000,2532.0000,0.0000,0.0000,0.0000,0.0000,500,0,0,0,0,364,0,0,0,0
zc,WS301,2012-06-14 09:02:20.300,2531.0000,460416,0,0.0000,10.0000,5,5,多换,B,2531.0000,0.0000,0.0000,0.0000,0.0000,2532.0000,0.0000,0.0000,0.0000,0.0000,195,0,0,0,0,364,0,0,0,0
zc,WS301,2012-06-14 09:02:21.267,2531.0000,460414,-2,0.0000,442.0000,220,222,空平,B,2531.0000,0.0000,0.0000,0.0000,0.0000,2532.0000,0.0000,0.0000,0.0000,0.0000,24,0,0,0,0,370,0,0,0,0
zc,WS301,2012-06-14 09:02:22.987,2532.0000,460414,0,0.0000,60.0000,30,30,多换,B,2531.0000,0.0000,0.0000,0.0000,0.0000,2532.0000,0.0000,0.0000,0.0000,0.0000,24,0,0,0,0,340,0,0,0,0
zc,WS301,2012-06-14 09:02:23.457,2532.0000,460414,0,0.0000,0.0000,0,0,多换,B,2531.0000,0.0000,0.0000,0.0000,0.0000,2532.0000,0.0000,0.0000,0.0000,0.0000,28,0,0,0,0,340,0,0,0,0
zc,WS301,2012-06-14 09:02:24.253,2532.0000,460414,0,0.0000,0.0000,0,0,多换,B,2531.0000,0.0000,0.0000,0.0000,0.0000,2532.0000,0.0000,0.0000,0.0000,0.0000,28,0,0,0,0,339,0,0,0,0
zc,WS301,2012-06-14 09:02:24.783,2531.0000,460412,-2,0.0000,2.0000,0,2,双平,S,2531.0000,0.0000,0.0000,0.0000,0.0000,2532.0000,0.0000,0.0000,0.0000,0.0000,27,0,0,0,0,339,0,0,0,0
zc,WS301,2012-06-14 09:02:25.517,2531.0000,460358,-54,0.0000,54.0000,0,54,双平,S,2530.0000,0.0000,0.0000,0.0000,0.0000,2531.0000,0.0000,0.0000,0.0000,0.0000,517,0,0,0,0,94,0,0,0,0
zc,WS301,2012-06-14 09:02:26.003,2531.0000,460520,162,0.0000,354.0000,258,96,空开,S,2531.0000,0.0000,0.0000,0.0000,0.0000,2532.0000,0.0000,0.0000,0.0000,0.0000,361,0,0,0,0,339,0,0,0,0
zc,WS301,2012-06-14 09:02:26.800,2531.0000,460524,4,0.0000,48.0000,26,22,空开,S,2531.0000,0.0000,0.0000,0.0000,0.0000,2532.0000,0.0000,0.0000,0.0000,0.0000,343,0,0,0,0,339,0,0,0,0
zc,WS301,2012-06-14 09:02:27.220,2531.0000,460524,0,0.0000,12.0000,6,6,空换,S,2531.0000,0.0000,0.0000,0.0000,0.0000,2532.0000,0.0000,0.0000,0.0000,0.0000,337,0,0,0,0,339,0,0,0,0
zc,WS301,2012-06-14 09:02:28.457,2532.0000,460524,0,0.0000,8.0000,4,4,多换,B,2531.0000,0.0000,0.0000,0.0000,0.0000,2532.0000,0.0000,0.0000,0.0000,0.0000,334,0,0,0,0,338,0,0,0,0
zc,WS301,2012-06-14 09:02:29.267,2531.0000,460524,0,0.0000,4.0000,2,2,空换,S,2531.0000,0.0000,0.0000,0.0000,0.0000,2532.0000,0.0000,0.0000,0.0000,0.0000,342,0,0,0,0,338,0,0,0,0
zc,WS301,2012-06-14 09:02:29.753,2531.0000,460524,0,0.0000,2.0000,1,1,空换,S,2531.0000,0.0000,0.0000,0.0000,0.0000,2532.0000,0.0000,0.0000,0.0000,0.0000,342,0,0,0,0,338,0,0,0,0
zc,WS301,2012-06-14 09:02:30.470,2531.0000,460524,0,0.0000,0.0000,0,0,空换,S,2531.0000,0.0000,0.0000,0.0000,0.0000,2532.0000,0.0000,0.0000,0.0000,0.0000,343,0,0,0,0,338,0,0,0,0
zc,WS301,2012-06-14 09:02:31.003,2531.0000,460524,0,0.0000,12.0000,6,6,空换,S,2531.0000,0.0000,0.0000,0.0000,0.0000,2532.0000,0.0000,0.0000,0.0000,0.0000,337,0,0,0,0,339,0,0,0,0
zc,WS301,2012-06-14 09:02:31.690,2531.0000,460524,0,0.0000,16.0000,8,8,空换,S,2531.0000,0.0000,0.0000,0.0000,0.0000,2532.0000,0.0000,0.0000,0.0000,0.0000,329,0,0,0,0,339,0,0,0,0
zc,WS301,2012-06-14 09:02:31.923,2531.0000,460524,0,0.0000,0.0000,0,0,空换,S,2531.0000,0.0000,0.0000,0.0000,0.0000,2532.0000,0.0000,0.0000,0.0000,0.0000,330,0,0,0,0,339,0,0,0,0
zc,WS301,2012-06-14 09:02:33.003,2531.0000,460390,-134,0.0000,140.0000,3,137,多平,S,2531.0000,0.0000,0.0000,0.0000,0.0000,2532.0000,0.0000,0.0000,0.0000,0.0000,332,0,0,0,0,272,0,0,0,0
zc,WS301,2012-06-14 09:02:33.487,2531.0000,460390,0,0.0000,0.0000,0,0,空换,S,2531.0000,0.0000,0.0000,0.0000,0.0000,2532.0000,0.0000,0.0000,0.0000,0.0000,333,0,0,0,0,273,0,0,0,0
zc,WS301,2012-06-14 09:02:34.690,2531.0000,460390,0,0.0000,0.0000,0,0,空换,S,2531.0000,0.0000,0.0000,0.0000,0.0000,2532.0000,0.0000,0.0000,0.0000,0.0000,353,0,0,0,0,273,0,0,0,0
zc,WS301,2012-06-14 09:02:35.970,2531.0000,460390,0,0.0000,510.0000,255,255,空换,S,2531.0000,0.0000,0.0000,0.0000,0.0000,2532.0000,0.0000,0.0000,0.0000,0.0000,118,0,0,0,0,273,0,0,0,0
zc,WS301,2012-06-14 09:02:36.470,2531.0000,460390,0,0.0000,0.0000,0,0,空换,S,2531.0000,0.0000,0.0000,0.0000,0.0000,2532.0000,0.0000,0.0000,0.0000,0.0000,119,0,0,0,0,273,0,0,0,0
zc,WS301,2012-06-14 09:02:37.317,2532.0000,460390,0,0.0000,4.0000,2,2,多换,B,2531.0000,0.0000,0.0000,0.0000,0.0000,2532.0000,0.0000,0.0000,0.0000,0.0000,118,0,0,0,0,272,0,0,0,0
zc,WS301,2012-06-14 09:02:37.720,2531.0000,460410,20,0.0000,22.0000,21,1,空开,S,2531.0000,0.0000,0.0000,0.0000,0.0000,2532.0000,0.0000,0.0000,0.0000,0.0000,107,0,0,0,0,273,0,0,0,0
zc,WS301,2012-06-14 09:02:38.533,2531.0000,460410,0,0.0000,0.0000,0,0,空换,S,2531.0000,0.0000,0.0000,0.0000,0.0000,2532.0000,0.0000,0.0000,0.0000,0.0000,107,0,0,0,0,293,0,0,0,0
zc,WS301,2012-06-14 09:02:38.957,2531.0000,460406,-4,0.0000,10.0000,3,7,多平,S,2531.0000,0.0000,0.0000,0.0000,0.0000,2532.0000,0.0000,0.0000,0.0000,0.0000,113,0,0,0,0,293,0,0,0,0
zc,WS301,2012-06-14 09:02:39.720,2531.0000,460406,0,0.0000,0.0000,0,0,空换,S,2531.0000,0.0000,0.0000,0.0000,0.0000,2532.0000,0.0000,0.0000,0.0000,0.0000,114,0,0,0,0,293,0,0,0,0
zc,WS301,2012-06-14 09:02:39.957,2531.0000,460406,0,0.0000,0.0000,0,0,空换,S,2531.0000,0.0000,0.0000,0.0000,0.0000,2532.0000,0.0000,0.0000,0.0000,0.0000,115,0,0,0,0,293,0,0,0,0
zc,WS301,2012-06-14 09:02:40.720,2532.0000,460480,74,0.0000,588.0000,331,257,多开,B,2532.0000,0.0000,0.0000,0.0000,0.0000,2533.0000,0.0000,0.0000,0.0000,0.0000,106,0,0,0,0,46,0,0,0,0
zc,WS301,2012-06-14 09:02:41.220,2532.0000,460498,18,0.0000,18.0000,18,0,双开,B,2532.0000,0.0000,0.0000,0.0000,0.0000,2533.0000,0.0000,0.0000,0.0000,0.0000,97,0,0,0,0,46,0,0,0,0
zc,WS301,2012-06-14 09:02:41.907,2532.0000,460538,40,0.0000,42.0000,41,1,多开,B,2532.0000,0.0000,0.0000,0.0000,0.0000,2533.0000,0.0000,0.0000,0.0000,0.0000,76,0,0,0,0,46,0,0,0,0
zc,WS301,2012-06-14 09:02:42.503,2532.0000,460538,0,0.0000,2.0000,1,1,多换,B,2532.0000,0.0000,0.0000,0.0000,0.0000,2533.0000,0.0000,0.0000,0.0000,0.0000,95,0,0,0,0,46,0,0,0,0
zc,WS301,2012-06-14 09:02:43.207,2532.0000,460540,2,0.0000,2.0000,2,0,双开,B,2532.0000,0.0000,0.0000,0.0000,0.0000,2533.0000,0.0000,0.0000,0.0000,0.0000,94,0,0,0,0,46,0,0,0,0
zc,WS301,2012-06-14 09:02:43.970,2532.0000,460550,10,0.0000,10.0000,10,0,双开,B,2532.0000,0.0000,0.0000,0.0000,0.0000,2533.0000,0.0000,0.0000,0.0000,0.0000,89,0,0,0,0,46,0,0,0,0
zc,WS301,2012-06-14 09:02:46.737,2532.0000,460550,0,0.0000,0.0000,0,0,多换,B,2532.0000,0.0000,0.0000,0.0000,0.0000,2533.0000,0.0000,0.0000,0.0000,0.0000,89,0,0,0,0,45,0,0,0,0
zc,WS301,2012-06-14 09:02:47.533,2532.0000,460560,10,0.0000,12.0000,11,1,多开,B,2532.0000,0.0000,0.0000,0.0000,0.0000,2533.0000,0.0000,0.0000,0.0000,0.0000,88,0,0,0,0,40,0,0,0,0
zc,WS301,2012-06-14 09:02:48.003,2532.0000,460560,0,0.0000,0.0000,0,0,多换,B,2532.0000,0.0000,0.0000,0.0000,0.0000,2533.0000,0.0000,0.0000,0.0000,0.0000,93,0,0,0,0,540,0,0,0,0
zc,WS301,2012-06-14 09:02:49.737,2532.0000,460562,2,0.0000,2.0000,2,0,双开,B,2532.0000,0.0000,0.0000,0.0000,0.0000,2533.0000,0.0000,0.0000,0.0000,0.0000,92,0,0,0,0,540,0,0,0,0
zc,WS301,2012-06-14 09:02:50.690,2532.0000,460562,0,0.0000,0.0000,0,0,多换,B,2532.0000,0.0000,0.0000,0.0000,0.0000,2533.0000,0.0000,0.0000,0.0000,0.0000,72,0,0,0,0,540,0,0,0,0
zc,WS301,2012-06-14 09:02:51.533,2532.0000,460564,2,0.0000,2.0000,2,0,双开,B,2532.0000,0.0000,0.0000,0.0000,0.0000,2533.0000,0.0000,0.0000,0.0000,0.0000,72,0,0,0,0,543,0,0,0,0
zc,WS301,2012-06-14 09:02:51.987,2532.0000,460576,12,0.0000,12.0000,12,0,双开,B,2532.0000,0.0000,0.0000,0.0000,0.0000,2533.0000,0.0000,0.0000,0.0000,0.0000,66,0,0,0,0,543,0,0,0,0
zc,WS301,2012-06-14 09:02:52.720,2532.0000,460578,2,0.0000,2.0000,2,0,双开,B,2532.0000,0.0000,0.0000,0.0000,0.0000,2533.0000,0.0000,0.0000,0.0000,0.0000,65,0,0,0,0,543,0,0,0,0
zc,WS301,2012-06-14 09:02:53.190,2532.0000,460578,0,0.0000,0.0000,0,0,多换,B,2532.0000,0.0000,0.0000,0.0000,0.0000,2533.0000,0.0000,0.0000,0.0000,0.0000,81,0,0,0,0,543,0,0,0,0
zc,WS301,2012-06-14 09:02:54.470,2532.0000,460578,0,0.0000,2.0000,1,1,多换,B,2532.0000,0.0000,0.0000,0.0000,0.0000,2533.0000,0.0000,0.0000,0.0000,0.0000,80,0,0,0,0,543,0,0,0,0
zc,WS301,2012-06-14 09:02:55.690,2532.0000,460578,0,0.0000,0.0000,0,0,多换,B,2532.0000,0.0000,0.0000,0.0000,0.0000,2533.0000,0.0000,0.0000,0.0000,0.0000,97,0,0,0,0,543,0,0,0,0
zc,WS301,2012-06-14 09:02:56.190,2532.0000,460580,2,0.0000,2.0000,2,0,双开,B,2532.0000,0.0000,0.0000,0.0000,0.0000,2533.0000,0.0000,0.0000,0.0000,0.0000,96,0,0,0,0,543,0,0,0,0
zc,WS301,2012-06-14 09:02:56.940,2533.0000,460582,2,0.0000,2.0000,2,0,双开,B,2532.0000,0.0000,0.0000,0.0000,0.0000,2533.0000,0.0000,0.0000,0.0000,0.0000,97,0,0,0,0,542,0,0,0,0
zc,WS301,2012-06-14 09:02:57.440,2533.0000,460552,-30,0.0000,164.0000,67,97,空平,B,2532.0000,0.0000,0.0000,0.0000,0.0000,2533.0000,0.0000,0.0000,0.0000,0.0000,96,0,0,0,0,490,0,0,0,0
zc,WS301,2012-06-14 09:02:58.440,2532.0000,460552,0,0.0000,40.0000,20,20,空换,S,2532.0000,0.0000,0.0000,0.0000,0.0000,2533.0000,0.0000,0.0000,0.0000,0.0000,76,0,0,0,0,490,0,0,0,0
zc,WS301,2012-06-14 09:02:59.720,2532.0000,460552,0,0.0000,0.0000,0,0,空换,S,2532.0000,0.0000,0.0000,0.0000,0.0000,2534.0000,0.0000,0.0000,0.0000,0.0000,76,0,0,0,0,36,0,0,0,0
zc,WS301,2012-06-14 09:03:00.487,2532.0000,460550,-2,0.0000,152.0000,75,77,多平,S,2531.0000,0.0000,0.0000,0.0000,0.0000,2532.0000,0.0000,0.0000,0.0000,0.0000,454,0,0,0,0,454,0,0,0,0
zc,WS301,2012-06-14 09:03:00.957,2532.0000,460548,-2,0.0000,6.0000,2,4,多平,S,2531.0000,0.0000,0.0000,0.0000,0.0000,2532.0000,0.0000,0.0000,0.0000,0.0000,453,0,0,0,0,452,0,0,0,0
zc,WS301,2012-06-14 09:03:01.707,2532.0000,460548,0,0.0000,2.0000,1,1,空换,S,2531.0000,0.0000,0.0000,0.0000,0.0000,2532.0000,0.0000,0.0000,0.0000,0.0000,453,0,0,0,0,451,0,0,0,0
zc,WS301,2012-06-14 09:03:02.237,2532.0000,460546,-2,0.0000,4.0000,1,3,多平,S,2531.0000,0.0000,0.0000,0.0000,0.0000,2532.0000,0.0000,0.0000,0.0000,0.0000,453,0,0,0,0,449,0,0,0,0
zc,WS301,2012-06-14 09:03:03.487,2531.0000,460534,-12,0.0000,12.0000,0,12,双平,S,2531.0000,0.0000,0.0000,0.0000,0.0000,2532.0000,0.0000,0.0000,0.0000,0.0000,447,0,0,0,0,450,0,0,0,0
zc,WS301,2012-06-14 09:03:03.987,2531.0000,460534,0,0.0000,0.0000,0,0,空换,S,2531.0000,0.0000,0.0000,0.0000,0.0000,2532.0000,0.0000,0.0000,0.0000,0.0000,446,0,0,0,0,450,0,0,0,0
zc,WS301,2012-06-14 09:03:04.470,2532.0000,460534,0,0.0000,12.0000,6,6,多换,B,2531.0000,0.0000,0.0000,0.0000,0.0000,2532.0000,0.0000,0.0000,0.0000,0.0000,447,0,0,0,0,444,0,0,0,0
zc,WS301,2012-06-14 09:03:04.970,2531.0000,460516,-18,0.0000,20.0000,1,19,多平,S,2531.0000,0.0000,0.0000,0.0000,0.0000,2532.0000,0.0000,0.0000,0.0000,0.0000,440,0,0,0,0,444,0,0,0,0
zc,WS301,2012-06-14 09:03:05.737,2531.0000,460516,0,0.0000,0.0000,0,0,空换,S,2531.0000,0.0000,0.0000,0.0000,0.0000,2532.0000,0.0000,0.0000,0.0000,0.0000,446,0,0,0,0,444,0,0,0,0
zc,WS301,2012-06-14 09:03:06.690,2531.0000,460516,0,0.0000,2.0000,1,1,空换,S,2531.0000,0.0000,0.0000,0.0000,0.0000,2532.0000,0.0000,0.0000,0.0000,0.0000,445,0,0,0,0,444,0,0,0,0
zc,WS301,2012-06-14 09:03:07.423,2531.0000,460516,0,0.0000,0.0000,0,0,空换,S,2531.0000,0.0000,0.0000,0.0000,0.0000,2532.0000,0.0000,0.0000,0.0000,0.0000,445,0,0,0,0,454,0,0,0,0
zc,WS301,2012-06-14 09:03:08.003,2531.0000,460508,-8,0.0000,8.0000,0,8,双平,S,2531.0000,0.0000,0.0000,0.0000,0.0000,2532.0000,0.0000,0.0000,0.0000,0.0000,442,0,0,0,0,454,0,0,0,0
zc,WS301,2012-06-14 09:03:08.737,2531.0000,460508,0,0.0000,0.0000,0,0,空换,S,2531.0000,0.0000,0.0000,0.0000,0.0000,2532.0000,0.0000,0.0000,0.0000,0.0000,442,0,0,0,0,519,0,0,0,0
zc,WS301,2012-06-14 09:03:09.207,2531.0000,460506,-2,0.0000,2.0000,0,2,双平,S,2531.0000,0.0000,0.0000,0.0000,0.0000,2532.0000,0.0000,0.0000,0.0000,0.0000,455,0,0,0,0,519,0,0,0,0
zc,WS301,2012-06-14 09:03:10.003,2531.0000,460506,0,0.0000,0.0000,0,0,空换,S,2531.0000,0.0000,0.0000,0.0000,0.0000,2532.0000,0.0000,0.0000,0.0000,0.0000,475,0,0,0,0,547,0,0,0,0
zc,WS301,2012-06-14 09:03:10.220,2531.0000,460504,-2,0.0000,2.0000,0,2,双平,S,2531.0000,0.0000,0.0000,0.0000,0.0000,2532.0000,0.0000,0.0000,0.0000,0.0000,484,0,0,0,0,547,0,0,0,0
zc,WS301,2012-06-14 09:03:11.470,2532.0000,460504,0,0.0000,8.0000,4,4,多换,B,2531.0000,0.0000,0.0000,0.0000,0.0000,2532.0000,0.0000,0.0000,0.0000,0.0000,484,0,0,0,0,544,0,0,0,0
zc,WS301,2012-06-14 09:03:12.157,2531.0000,460498,-6,0.0000,6.0000,0,6,双平,S,2531.0000,0.0000,0.0000,0.0000,0.0000,2532.0000,0.0000,0.0000,0.0000,0.0000,483,0,0,0,0,545,0,0,0,0
zc,WS301,2012-06-14 09:03:12.690,2531.0000,460482,-16,0.0000,16.0000,0,16,双平,S,2531.0000,0.0000,0.0000,0.0000,0.0000,2532.0000,0.0000,0.0000,0.0000,0.0000,484,0,0,0,0,545,0,0,0,0
zc,WS301,2012-06-14 09:03:14.957,2532.0000,460480,-2,0.0000,2.0000,0,2,双平,B,2531.0000,0.0000,0.0000,0.0000,0.0000,2532.0000,0.0000,0.0000,0.0000,0.0000,484,0,0,0,0,560,0,0,0,0
zc,WS301,2012-06-14 09:03:15.470,2531.0000,460500,20,0.0000,52.0000,36,16,空开,S,2531.0000,0.0000,0.0000,0.0000,0.0000,2532.0000,0.0000,0.0000,0.0000,0.0000,461,0,0,0,0,560,0,0,0,0
zc,WS301,2012-06-14 09:03:16.207,2532.0000,460500,0,0.0000,6.0000,3,3,多换,B,2531.0000,0.0000,0.0000,0.0000,0.0000,2532.0000,0.0000,0.0000,0.0000,0.0000,460,0,0,0,0,557,0,0,0,0
zc,WS301,2012-06-14 09:03:16.767,2532.0000,460500,0,0.0000,0.0000,0,0,多换,B,2531.0000,0.0000,0.0000,0.0000,0.0000,2532.0000,0.0000,0.0000,0.0000,0.0000,476,0,0,0,0,557,0,0,0,0
zc,WS301,2012-06-14 09:03:17.190,2532.0000,460500,0,0.0000,0.0000,0,0,多换,B,2531.0000,0.0000,0.0000,0.0000,0.0000,2532.0000,0.0000,0.0000,0.0000,0.0000,676,0,0,0,0,557,0,0,0,0
zc,WS301,2012-06-14 09:03:17.957,2532.0000,460496,-4,0.0000,14.0000,5,9,空平,B,2531.0000,0.0000,0.0000,0.0000,0.0000,2532.0000,0.0000,0.0000,0.0000,0.0000,674,0,0,0,0,553,0,0,0,0
zc,WS301,2012-06-14 09:03:18.550,2532.0000,460486,-10,0.0000,60.0000,25,35,空平,B,2531.0000,0.0000,0.0000,0.0000,0.0000,2532.0000,0.0000,0.0000,0.0000,0.0000,674,0,0,0,0,538,0,0,0,0
zc,WS301,2012-06-14 09:03:19.173,2532.0000,460438,-48,0.0000,48.0000,0,48,双平,B,2531.0000,0.0000,0.0000,0.0000,0.0000,2532.0000,0.0000,0.0000,0.0000,0.0000,674,0,0,0,0,515,0,0,0,0
zc,WS301,2012-06-14 09:03:19.457,2532.0000,460386,-52,0.0000,52.0000,0,52,双平,B,2531.0000,0.0000,0.0000,0.0000,0.0000,2532.0000,0.0000,0.0000,0.0000,0.0000,649,0,0,0,0,494,0,0,0,0
zc,WS301,2012-06-14 09:03:20.690,2532.0000,460386,0,0.0000,96.0000,48,48,多换,B,2531.0000,0.0000,0.0000,0.0000,0.0000,2532.0000,0.0000,0.0000,0.0000,0.0000,649,0,0,0,0,446,0,0,0,0
zc,WS301,2012-06-14 09:03:21.190,2532.0000,460386,0,0.0000,0.0000,0,0,多换,B,2531.0000,0.0000,0.0000,0.0000,0.0000,2532.0000,0.0000,0.0000,0.0000,0.0000,656,0,0,0,0,446,0,0,0,0
zc,WS301,2012-06-14 09:03:22.470,2532.0000,460224,-162,0.0000,162.0000,0,162,双平,B,2531.0000,0.0000,0.0000,0.0000,0.0000,2532.0000,0.0000,0.0000,0.0000,0.0000,657,0,0,0,0,365,0,0,0,0
zc,WS301,2012-06-14 09:03:23.220,2532.0000,460214,-10,0.0000,10.0000,0,10,双平,B,2531.0000,0.0000,0.0000,0.0000,0.0000,2532.0000,0.0000,0.0000,0.0000,0.0000,657,0,0,0,0,360,0,0,0,0
zc,WS301,2012-06-14 09:03:23.503,2532.0000,460214,0,0.0000,306.0000,153,153,多换,B,2531.0000,0.0000,0.0000,0.0000,0.0000,2532.0000,0.0000,0.0000,0.0000,0.0000,658,0,0,0,0,207,0,0,0,0
zc,WS301,2012-06-14 09:03:24.317,2532.0000,460176,-38,0.0000,114.0000,38,76,空平,B,2531.0000,0.0000,0.0000,0.0000,0.0000,2532.0000,0.0000,0.0000,0.0000,0.0000,658,0,0,0,0,152,0,0,0,0
zc,WS301,2012-06-14 09:03:24.737,2532.0000,460208,32,0.0000,200.0000,116,84,多开,B,2531.0000,0.0000,0.0000,0.0000,0.0000,2532.0000,0.0000,0.0000,0.0000,0.0000,658,0,0,0,0,55,0,0,0,0
zc,WS301,2012-06-14 09:03:25.470,2532.0000,460198,-10,0.0000,14.0000,2,12,空平,B,2531.0000,0.0000,0.0000,0.0000,0.0000,2532.0000,0.0000,0.0000,0.0000,0.0000,658,0,0,0,0,48,0,0,0,0
zc,WS301,2012-06-14 09:03:26.003,2532.0000,460198,0,0.0000,4.0000,2,2,多换,B,2531.0000,0.0000,0.0000,0.0000,0.0000,2532.0000,0.0000,0.0000,0.0000,0.0000,658,0,0,0,0,46,0,0,0,0
zc,WS301,2012-06-14 09:03:26.457,2532.0000,460198,0,0.0000,0.0000,0,0,多换,B,2531.0000,0.0000,0.0000,0.0000,0.0000,2532.0000,0.0000,0.0000,0.0000,0.0000,648,0,0,0,0,45,0,0,0,0
zc,WS301,2012-06-14 09:03:27.207,2532.0000,460266,68,0.0000,90.0000,79,11,多开,B,2532.0000,0.0000,0.0000,0.0000,0.0000,2533.0000,0.0000,0.0000,0.0000,0.0000,8,0,0,0,0,27,0,0,0,0
zc,WS301,2012-06-14 09:03:27.767,2532.0000,460276,10,0.0000,10.0000,10,0,双开,B,2532.0000,0.0000,0.0000,0.0000,0.0000,2533.0000,0.0000,0.0000,0.0000,0.0000,148,0,0,0,0,27,0,0,0,0
zc,WS301,2012-06-14 09:03:28.503,2532.0000,460276,0,0.0000,0.0000,0,0,多换,B,2532.0000,0.0000,0.0000,0.0000,0.0000,2533.0000,0.0000,0.0000,0.0000,0.0000,148,0,0,0,0,32,0,0,0,0
zc,WS301,2012-06-14 09:03:28.987,2532.0000,460276,0,0.0000,0.0000,0,0,多换,B,2532.0000,0.0000,0.0000,0.0000,0.0000,2533.0000,0.0000,0.0000,0.0000,0.0000,148,0,0,0,0,34,0,0,0,0
zc,WS301,2012-06-14 09:03:30.237,2532.0000,460276,0,0.0000,0.0000,0,0,多换,B,2532.0000,0.0000,0.0000,0.0000,0.0000,2533.0000,0.0000,0.0000,0.0000,0.0000,147,0,0,0,0,54,0,0,0,0
zc,WS301,2012-06-14 09:03:30.907,2532.0000,460276,0,0.0000,0.0000,0,0,多换,B,2532.0000,0.0000,0.0000,0.0000,0.0000,2533.0000,0.0000,0.0000,0.0000,0.0000,148,0,0,0,0,54,0,0,0,0
zc,WS301,2012-06-14 09:03:31.987,2532.0000,460276,0,0.0000,4.0000,2,2,多换,B,2532.0000,0.0000,0.0000,0.0000,0.0000,2533.0000,0.0000,0.0000,0.0000,0.0000,146,0,0,0,0,54,0,0,0,0
zc,WS301,2012-06-14 09:03:33.220,2533.0000,460358,82,0.0000,120.0000,101,19,多开,B,2533.0000,0.0000,0.0000,0.0000,0.0000,2534.0000,0.0000,0.0000,0.0000,0.0000,140,0,0,0,0,37,0,0,0,0
zc,WS301,2012-06-14 09:03:33.657,2533.0000,460358,0,0.0000,0.0000,0,0,多换,B,2533.0000,0.0000,0.0000,0.0000,0.0000,2534.0000,0.0000,0.0000,0.0000,0.0000,143,0,0,0,0,44,0,0,0,0
zc,WS301,2012-06-14 09:03:34.503,2533.0000,460358,0,0.0000,0.0000,0,0,多换,B,2533.0000,0.0000,0.0000,0.0000,0.0000,2534.0000,0.0000,0.0000,0.0000,0.0000,173,0,0,0,0,47,0,0,0,0
zc,WS301,2012-06-14 09:03:35.533,2534.0000,460358,0,0.0000,4.0000,2,2,多换,B,2533.0000,0.0000,0.0000,0.0000,0.0000,2534.0000,0.0000,0.0000,0.0000,0.0000,143,0,0,0,0,45,0,0,0,0
zc,WS301,2012-06-14 09:03:37.720,2534.0000,460360,2,0.0000,2.0000,2,0,双开,B,2533.0000,0.0000,0.0000,0.0000,0.0000,2534.0000,0.0000,0.0000,0.0000,0.0000,143,0,0,0,0,44,0,0,0,0
zc,WS301,2012-06-14 09:03:38.487,2534.0000,460364,4,0.0000,4.0000,4,0,双开,B,2533.0000,0.0000,0.0000,0.0000,0.0000,2534.0000,0.0000,0.0000,0.0000,0.0000,142,0,0,0,0,44,0,0,0,0
zc,WS301,2012-06-14 09:03:38.987,2534.0000,460360,-4,0.0000,66.0000,31,35,空平,B,2533.0000,0.0000,0.0000,0.0000,0.0000,2534.0000,0.0000,0.0000,0.0000,0.0000,142,0,0,0,0,11,0,0,0,0
zc,WS301,2012-06-14 09:03:39.720,2534.0000,460360,0,0.0000,6.0000,3,3,多换,B,2533.0000,0.0000,0.0000,0.0000,0.0000,2534.0000,0.0000,0.0000,0.0000,0.0000,142,0,0,0,0,8,0,0,0,0
zc,WS301,2012-06-14 09:03:40.253,2534.0000,460360,0,0.0000,16.0000,8,8,多换,B,2534.0000,0.0000,0.0000,0.0000,0.0000,2535.0000,0.0000,0.0000,0.0000,0.0000,4,0,0,0,0,74,0,0,0,0
zc,WS301,2012-06-14 09:03:40.923,2534.0000,460360,0,0.0000,0.0000,0,0,多换,B,2534.0000,0.0000,0.0000,0.0000,0.0000,2535.0000,0.0000,0.0000,0.0000,0.0000,5,0,0,0,0,76,0,0,0,0
zc,WS301,2012-06-14 09:03:41.767,2534.0000,460360,0,0.0000,2.0000,1,1,多换,B,2534.0000,0.0000,0.0000,0.0000,0.0000,2535.0000,0.0000,0.0000,0.0000,0.0000,7,0,0,0,0,75,0,0,0,0
zc,WS301,2012-06-14 09:03:41.923,2535.0000,460362,2,0.0000,2.0000,2,0,双开,B,2534.0000,0.0000,0.0000,0.0000,0.0000,2535.0000,0.0000,0.0000,0.0000,0.0000,7,0,0,0,0,74,0,0,0,0
zc,WS301,2012-06-14 09:03:42.673,2533.0000,460362,0,0.0000,298.0000,149,149,空换,S,2532.0000,0.0000,0.0000,0.0000,0.0000,2533.0000,0.0000,0.0000,0.0000,0.0000,43,0,0,0,0,351,0,0,0,0
zc,WS301,2012-06-14 09:03:43.220,2533.0000,460362,0,0.0000,2.0000,1,1,空换,S,2532.0000,0.0000,0.0000,0.0000,0.0000,2533.0000,0.0000,0.0000,0.0000,0.0000,43,0,0,0,0,350,0,0,0,0
zc,WS301,2012-06-14 09:03:43.987,2533.0000,460322,-40,0.0000,42.0000,1,41,多平,S,2532.0000,0.0000,0.0000,0.0000,0.0000,2533.0000,0.0000,0.0000,0.0000,0.0000,43,0,0,0,0,329,0,0,0,0
zc,WS301,2012-06-14 09:03:44.707,2533.0000,460322,0,0.0000,6.0000,3,3,空换,S,2532.0000,0.0000,0.0000,0.0000,0.0000,2533.0000,0.0000,0.0000,0.0000,0.0000,43,0,0,0,0,326,0,0,0,0
zc,WS301,2012-06-14 09:03:45.457,2533.0000,460322,0,0.0000,12.0000,6,6,空换,S,2532.0000,0.0000,0.0000,0.0000,0.0000,2533.0000,0.0000,0.0000,0.0000,0.0000,43,0,0,0,0,320,0,0,0,0
zc,WS301,2012-06-14 09:03:46.753,2533.0000,460322,0,0.0000,0.0000,0,0,空换,S,2532.0000,0.0000,0.0000,0.0000,0.0000,2533.0000,0.0000,0.0000,0.0000,0.0000,53,0,0,0,0,320,0,0,0,0
zc,WS301,2012-06-14 09:03:47.253,2533.0000,460322,0,0.0000,2.0000,1,1,空换,S,2532.0000,0.0000,0.0000,0.0000,0.0000,2533.0000,0.0000,0.0000,0.0000,0.0000,56,0,0,0,0,319,0,0,0,0
zc,WS301,2012-06-14 09:03:49.017,2533.0000,460322,0,0.0000,0.0000,0,0,空换,S,2532.0000,0.0000,0.0000,0.0000,0.0000,2533.0000,0.0000,0.0000,0.0000,0.0000,57,0,0,0,0,319,0,0,0,0
zc,WS301,2012-06-14 09:03:49.487,2533.0000,460322,0,0.0000,0.0000,0,0,空换,S,2532.0000,0.0000,0.0000,0.0000,0.0000,2533.0000,0.0000,0.0000,0.0000,0.0000,52,0,0,0,0,319,0,0,0,0
zc,WS301,2012-06-14 09:03:50.267,2533.0000,460322,0,0.0000,2.0000,1,1,空换,S,2532.0000,0.0000,0.0000,0.0000,0.0000,2533.0000,0.0000,0.0000,0.0000,0.0000,52,0,0,0,0,318,0,0,0,0
zc,WS301,2012-06-14 09:03:50.720,2533.0000,460314,-8,0.0000,22.0000,7,15,多平,S,2532.0000,0.0000,0.0000,0.0000,0.0000,2533.0000,0.0000,0.0000,0.0000,0.0000,57,0,0,0,0,317,0,0,0,0
zc,WS301,2012-06-14 09:03:51.470,2533.0000,460314,0,0.0000,10.0000,5,5,空换,S,2532.0000,0.0000,0.0000,0.0000,0.0000,2533.0000,0.0000,0.0000,0.0000,0.0000,57,0,0,0,0,312,0,0,0,0
zc,WS301,2012-06-14 09:03:52.283,2533.0000,460314,0,0.0000,10.0000,5,5,空换,S,2532.0000,0.0000,0.0000,0.0000,0.0000,2533.0000,0.0000,0.0000,0.0000,0.0000,58,0,0,0,0,307,0,0,0,0
zc,WS301,2012-06-14 09:03:52.440,2533.0000,460314,0,0.0000,0.0000,0,0,空换,S,2532.0000,0.0000,0.0000,0.0000,0.0000,2533.0000,0.0000,0.0000,0.0000,0.0000,60,0,0,0,0,307,0,0,0,0
zc,WS301,2012-06-14 09:03:53.707,2533.0000,460304,-10,0.0000,10.0000,0,10,双平,S,2532.0000,0.0000,0.0000,0.0000,0.0000,2533.0000,0.0000,0.0000,0.0000,0.0000,60,0,0,0,0,302,0,0,0,0
zc,WS301,2012-06-14 09:03:54.487,2533.0000,460304,0,0.0000,0.0000,0,0,空换,S,2532.0000,0.0000,0.0000,0.0000,0.0000,2533.0000,0.0000,0.0000,0.0000,0.0000,62,0,0,0,0,302,0,0,0,0
zc,WS301,2012-06-14 09:03:55.003,2533.0000,460304,0,0.0000,0.0000,0,0,空换,S,2532.0000,0.0000,0.0000,0.0000,0.0000,2533.0000,0.0000,0.0000,0.0000,0.0000,82,0,0,0,0,302,0,0,0,0
zc,WS301,2012-06-14 09:03:55.720,2533.0000,460304,0,0.0000,0.0000,0,0,空换,S,2532.0000,0.0000,0.0000,0.0000,0.0000,2533.0000,0.0000,0.0000,0.0000,0.0000,84,0,0,0,0,302,0,0,0,0
zc,WS301,2012-06-14 09:03:57.033,2533.0000,460304,0,0.0000,2.0000,1,1,空换,S,2532.0000,0.0000,0.0000,0.0000,0.0000,2533.0000,0.0000,0.0000,0.0000,0.0000,84,0,0,0,0,301,0,0,0,0
zc,WS301,2012-06-14 09:03:57.533,2533.0000,460304,0,0.0000,4.0000,2,2,空换,S,2532.0000,0.0000,0.0000,0.0000,0.0000,2533.0000,0.0000,0.0000,0.0000,0.0000,84,0,0,0,0,299,0,0,0,0
zc,WS301,2012-06-14 09:03:57.987,2533.0000,460304,0,0.0000,0.0000,0,0,空换,S,2532.0000,0.0000,0.0000,0.0000,0.0000,2533.0000,0.0000,0.0000,0.0000,0.0000,85,0,0,0,0,299,0,0,0,0
zc,WS301,2012-06-14 09:03:58.767,2533.0000,460304,0,0.0000,0.0000,0,0,空换,S,2532.0000,0.0000,0.0000,0.0000,0.0000,2533.0000,0.0000,0.0000,0.0000,0.0000,87,0,0,0,0,299,0,0,0,0
zc,WS301,2012-06-14 09:03:59.580,2533.0000,460304,0,0.0000,0.0000,0,0,空换,S,2532.0000,0.0000,0.0000,0.0000,0.0000,2533.0000,0.0000,0.0000,0.0000,0.0000,88,0,0,0,0,299,0,0,0,0
zc,WS301,2012-06-14 09:04:00.017,2533.0000,460304,0,0.0000,4.0000,2,2,空换,S,2532.0000,0.0000,0.0000,0.0000,0.0000,2533.0000,0.0000,0.0000,0.0000,0.0000,88,0,0,0,0,297,0,0,0,0
zc,WS301,2012-06-14 09:04:00.707,2533.0000,460304,0,0.0000,0.0000,0,0,空换,S,2532.0000,0.0000,0.0000,0.0000,0.0000,2533.0000,0.0000,0.0000,0.0000,0.0000,91,0,0,0,0,297,0,0,0,0
zc,WS301,2012-06-14 09:04:01.220,2533.0000,460304,0,0.0000,0.0000,0,0,空换,S,2532.0000,0.0000,0.0000,0.0000,0.0000,2533.0000,0.0000,0.0000,0.0000,0.0000,92,0,0,0,0,297,0,0,0,0
zc,WS301,2012-06-14 09:04:03.207,2533.0000,460300,-4,0.0000,16.0000,6,10,多平,S,2532.0000,0.0000,0.0000,0.0000,0.0000,2533.0000,0.0000,0.0000,0.0000,0.0000,107,0,0,0,0,291,0,0,0,0
zc,WS301,2012-06-14 09:04:05.253,2533.0000,460300,0,0.0000,0.0000,0,0,空换,S,2532.0000,0.0000,0.0000,0.0000,0.0000,2533.0000,0.0000,0.0000,0.0000,0.0000,107,0,0,0,0,294,0,0,0,0
zc,WS301,2012-06-14 09:04:05.690,2533.0000,460298,-2,0.0000,2.0000,0,2,双平,S,2532.0000,0.0000,0.0000,0.0000,0.0000,2533.0000,0.0000,0.0000,0.0000,0.0000,127,0,0,0,0,293,0,0,0,0
zc,WS301,2012-06-14 09:04:06.157,2533.0000,460298,0,0.0000,0.0000,0,0,空换,S,2532.0000,0.0000,0.0000,0.0000,0.0000,2533.0000,0.0000,0.0000,0.0000,0.0000,128,0,0,0,0,293,0,0,0,0
zc,WS301,2012-06-14 09:04:07.567,2532.0000,460296,-2,0.0000,2.0000,0,2,双平,S,2532.0000,0.0000,0.0000,0.0000,0.0000,2533.0000,0.0000,0.0000,0.0000,0.0000,134,0,0,0,0,293,0,0,0,0
zc,WS301,2012-06-14 09:04:07.940,2532.0000,460296,0,0.0000,0.0000,0,0,空换,S,2532.0000,0.0000,0.0000,0.0000,0.0000,2533.0000,0.0000,0.0000,0.0000,0.0000,136,0,0,0,0,295,0,0,0,0
zc,WS301,2012-06-14 09:04:08.753,2533.0000,460296,0,0.0000,384.0000,192,192,多换,B,2532.0000,0.0000,0.0000,0.0000,0.0000,2533.0000,0.0000,0.0000,0.0000,0.0000,137,0,0,0,0,103,0,0,0,0
zc,WS301,2012-06-14 09:04:09.237,2532.0000,460296,0,0.0000,4.0000,2,2,空换,S,2532.0000,0.0000,0.0000,0.0000,0.0000,2533.0000,0.0000,0.0000,0.0000,0.0000,136,0,0,0,0,102,0,0,0,0
zc,WS301,2012-06-14 09:04:09.767,2533.0000,460296,0,0.0000,2.0000,1,1,多换,B,2532.0000,0.0000,0.0000,0.0000,0.0000,2533.0000,0.0000,0.0000,0.0000,0.0000,136,0,0,0,0,161,0,0,0,0
zc,WS301,2012-06-14 09:04:10.503,2533.0000,460296,0,0.0000,2.0000,1,1,多换,B,2532.0000,0.0000,0.0000,0.0000,0.0000,2533.0000,0.0000,0.0000,0.0000,0.0000,138,0,0,0,0,160,0,0,0,0
zc,WS301,2012-06-14 09:04:11.067,2533.0000,460296,0,0.0000,2.0000,1,1,多换,B,2532.0000,0.0000,0.0000,0.0000,0.0000,2533.0000,0.0000,0.0000,0.0000,0.0000,138,0,0,0,0,159,0,0,0,0
zc,WS301,2012-06-14 09:04:11.830,2533.0000,460294,-2,0.0000,2.0000,0,2,双平,B,2532.0000,0.0000,0.0000,0.0000,0.0000,2533.0000,0.0000,0.0000,0.0000,0.0000,140,0,0,0,0,159,0,0,0,0
zc,WS301,2012-06-14 09:04:12.503,2532.0000,460290,-4,0.0000,4.0000,0,4,双平,S,2532.0000,0.0000,0.0000,0.0000,0.0000,2533.0000,0.0000,0.0000,0.0000,0.0000,138,0,0,0,0,159,0,0,0,0
zc,WS301,2012-06-14 09:04:13.317,2533.0000,460292,2,0.0000,318.0000,160,158,多开,B,2533.0000,0.0000,0.0000,0.0000,0.0000,2534.0000,0.0000,0.0000,0.0000,0.0000,42,0,0,0,0,24,0,0,0,0
zc,WS301,2012-06-14 09:04:13.753,2533.0000,460292,0,0.0000,0.0000,0,0,多换,B,2533.0000,0.0000,0.0000,0.0000,0.0000,2534.0000,0.0000,0.0000,0.0000,0.0000,42,0,0,0,0,14,0,0,0,0
zc,WS301,2012-06-14 09:04:14.503,2533.0000,460302,10,0.0000,10.0000,10,0,双开,B,2533.0000,0.0000,0.0000,0.0000,0.0000,2534.0000,0.0000,0.0000,0.0000,0.0000,38,0,0,0,0,14,0,0,0,0
zc,WS301,2012-06-14 09:04:16.970,2533.0000,460298,-4,0.0000,80.0000,38,42,空平,B,2532.0000,0.0000,0.0000,0.0000,0.0000,2533.0000,0.0000,0.0000,0.0000,0.0000,143,0,0,0,0,460,0,0,0,0
zc,WS301,2012-06-14 09:04:18.783,2533.0000,460298,0,0.0000,2.0000,1,1,多换,B,2532.0000,0.0000,0.0000,0.0000,0.0000,2533.0000,0.0000,0.0000,0.0000,0.0000,145,0,0,0,0,460,0,0,0,0
zc,WS301,2012-06-14 09:04:19.487,2533.0000,460298,0,0.0000,0.0000,0,0,多换,B,2532.0000,0.0000,0.0000,0.0000,0.0000,2533.0000,0.0000,0.0000,0.0000,0.0000,143,0,0,0,0,460,0,0,0,0
zc,WS301,2012-06-14 09:04:20.737,2533.0000,460298,0,0.0000,0.0000,0,0,多换,B,2532.0000,0.0000,0.0000,0.0000,0.0000,2533.0000,0.0000,0.0000,0.0000,0.0000,143,0,0,0,0,461,0,0,0,0
zc,WS301,2012-06-14 09:04:22.237,2533.0000,460298,0,0.0000,0.0000,0,0,多换,B,2532.0000,0.0000,0.0000,0.0000,0.0000,2533.0000,0.0000,0.0000,0.0000,0.0000,143,0,0,0,0,462,0,0,0,0
zc,WS301,2012-06-14 09:04:25.003,2533.0000,460298,0,0.0000,0.0000,0,0,多换,B,2532.0000,0.0000,0.0000,0.0000,0.0000,2533.0000,0.0000,0.0000,0.0000,0.0000,148,0,0,0,0,462,0,0,0,0
zc,WS301,2012-06-14 09:04:25.220,2533.0000,460298,0,0.0000,2.0000,1,1,多换,B,2532.0000,0.0000,0.0000,0.0000,0.0000,2533.0000,0.0000,0.0000,0.0000,0.0000,148,0,0,0,0,462,0,0,0,0
zc,WS301,2012-06-14 09:04:26.487,2533.0000,460298,0,0.0000,2.0000,1,1,多换,B,2532.0000,0.0000,0.0000,0.0000,0.0000,2533.0000,0.0000,0.0000,0.0000,0.0000,148,0,0,0,0,461,0,0,0,0
zc,WS301,2012-06-14 09:04:28.987,2533.0000,460298,0,0.0000,0.0000,0,0,多换,B,2532.0000,0.0000,0.0000,0.0000,0.0000,2533.0000,0.0000,0.0000,0.0000,0.0000,148,0,0,0,0,471,0,0,0,0
zc,WS301,2012-06-14 09:04:29.550,2533.0000,460298,0,0.0000,0.0000,0,0,多换,B,2532.0000,0.0000,0.0000,0.0000,0.0000,2533.0000,0.0000,0.0000,0.0000,0.0000,149,0,0,0,0,471,0,0,0,0
zc,WS301,2012-06-14 09:04:30.190,2533.0000,460298,0,0.0000,0.0000,0,0,多换,B,2532.0000,0.0000,0.0000,0.0000,0.0000,2533.0000,0.0000,0.0000,0.0000,0.0000,148,0,0,0,0,471,0,0,0,0
zc,WS301,2012-06-14 09:04:31.457,2533.0000,460298,0,0.0000,0.0000,0,0,多换,B,2532.0000,0.0000,0.0000,0.0000,0.0000,2533.0000,0.0000,0.0000,0.0000,0.0000,157,0,0,0,0,471,0,0,0,0
zc,WS301,2012-06-14 09:04:32.470,2533.0000,460298,0,0.0000,0.0000,0,0,多换,B,2532.0000,0.0000,0.0000,0.0000,0.0000,2533.0000,0.0000,0.0000,0.0000,0.0000,158,0,0,0,0,461,0,0,0,0
zc,WS301,2012-06-14 09:04:33.690,2533.0000,460288,-10,0.0000,10.0000,0,10,双平,B,2532.0000,0.0000,0.0000,0.0000,0.0000,2533.0000,0.0000,0.0000,0.0000,0.0000,155,0,0,0,0,459,0,0,0,0
zc,WS301,2012-06-14 09:04:34.690,2533.0000,460286,-2,0.0000,2.0000,0,2,双平,B,2532.0000,0.0000,0.0000,0.0000,0.0000,2533.0000,0.0000,0.0000,0.0000,0.0000,155,0,0,0,0,458,0,0,0,0
zc,WS301,2012-06-14 09:04:35.657,2533.0000,460284,-2,0.0000,2.0000,0,2,双平,B,2532.0000,0.0000,0.0000,0.0000,0.0000,2533.0000,0.0000,0.0000,0.0000,0.0000,205,0,0,0,0,457,0,0,0,0
zc,WS301,2012-06-14 09:04:36.470,2533.0000,460284,0,0.0000,0.0000,0,0,多换,B,2532.0000,0.0000,0.0000,0.0000,0.0000,2533.0000,0.0000,0.0000,0.0000,0.0000,255,0,0,0,0,456,0,0,0,0
zc,WS301,2012-06-14 09:04:38.673,2533.0000,460284,0,0.0000,0.0000,0,0,多换,B,2532.0000,0.0000,0.0000,0.0000,0.0000,2533.0000,0.0000,0.0000,0.0000,0.0000,257,0,0,0,0,456,0,0,0,0
zc,WS301,2012-06-14 09:04:39.970,2533.0000,460284,0,0.0000,2.0000,1,1,多换,B,2532.0000,0.0000,0.0000,0.0000,0.0000,2533.0000,0.0000,0.0000,0.0000,0.0000,258,0,0,0,0,455,0,0,0,0
zc,WS301,2012-06-14 09:04:40.720,2533.0000,459376,-908,0.0000,910.0000,1,909,空平,B,2533.0000,0.0000,0.0000,0.0000,0.0000,2534.0000,0.0000,0.0000,0.0000,0.0000,45,0,0,0,0,31,0,0,0,0
zc,WS301,2012-06-14 09:04:42.533,2534.0000,459378,2,0.0000,2.0000,2,0,双开,B,2533.0000,0.0000,0.0000,0.0000,0.0000,2534.0000,0.0000,0.0000,0.0000,0.0000,80,0,0,0,0,30,0,0,0,0
zc,WS301,2012-06-14 09:04:43.003,2534.0000,459376,-2,0.0000,22.0000,10,12,空平,B,2533.0000,0.0000,0.0000,0.0000,0.0000,2534.0000,0.0000,0.0000,0.0000,0.0000,79,0,0,0,0,20,0,0,0,0
zc,WS301,2012-06-14 09:04:43.487,2534.0000,459378,2,0.0000,4.0000,3,1,多开,B,2533.0000,0.0000,0.0000,0.0000,0.0000,2534.0000,0.0000,0.0000,0.0000,0.0000,79,0,0,0,0,18,0,0,0,0
zc,WS301,2012-06-14 09:04:44.470,2534.0000,459388,10,0.0000,18.0000,14,4,多开,B,2533.0000,0.0000,0.0000,0.0000,0.0000,2534.0000,0.0000,0.0000,0.0000,0.0000,77,0,0,0,0,11,0,0,0,0
zc,WS301,2012-06-14 09:04:45.503,2534.0000,459386,-2,0.0000,4.0000,1,3,空平,B,2533.0000,0.0000,0.0000,0.0000,0.0000,2534.0000,0.0000,0.0000,0.0000,0.0000,77,0,0,0,0,9,0,0,0,0
zc,WS301,2012-06-14 09:04:47.190,2534.0000,459386,0,0.0000,0.0000,0,0,多换,B,2533.0000,0.0000,0.0000,0.0000,0.0000,2534.0000,0.0000,0.0000,0.0000,0.0000,79,0,0,0,0,9,0,0,0,0
zc,WS301,2012-06-14 09:04:48.737,2534.0000,459386,0,0.0000,2.0000,1,1,多换,B,2533.0000,0.0000,0.0000,0.0000,0.0000,2534.0000,0.0000,0.0000,0.0000,0.0000,79,0,0,0,0,8,0,0,0,0
zc,WS301,2012-06-14 09:04:49.423,2534.0000,459386,0,0.0000,0.0000,0,0,多换,B,2533.0000,0.0000,0.0000,0.0000,0.0000,2534.0000,0.0000,0.0000,0.0000,0.0000,81,0,0,0,0,9,0,0,0,0
zc,WS301,2012-06-14 09:04:49.940,2534.0000,459386,0,0.0000,0.0000,0,0,多换,B,2533.0000,0.0000,0.0000,0.0000,0.0000,2534.0000,0.0000,0.0000,0.0000,0.0000,81,0,0,0,0,67,0,0,0,0
zc,WS301,2012-06-14 09:04:50.737,2534.0000,459386,0,0.0000,0.0000,0,0,多换,B,2533.0000,0.0000,0.0000,0.0000,0.0000,2534.0000,0.0000,0.0000,0.0000,0.0000,82,0,0,0,0,67,0,0,0,0
zc,WS301,2012-06-14 09:04:51.207,2534.0000,459386,0,0.0000,2.0000,1,1,多换,B,2533.0000,0.0000,0.0000,0.0000,0.0000,2534.0000,0.0000,0.0000,0.0000,0.0000,83,0,0,0,0,76,0,0,0,0
zc,WS301,2012-06-14 09:04:51.657,2534.0000,459386,0,0.0000,6.0000,3,3,多换,B,2533.0000,0.0000,0.0000,0.0000,0.0000,2534.0000,0.0000,0.0000,0.0000,0.0000,83,0,0,0,0,91,0,0,0,0
zc,WS301,2012-06-14 09:04:52.457,2534.0000,459386,0,0.0000,8.0000,4,4,多换,B,2533.0000,0.0000,0.0000,0.0000,0.0000,2534.0000,0.0000,0.0000,0.0000,0.0000,85,0,0,0,0,87,0,0,0,0
zc,WS301,2012-06-14 09:04:52.987,2533.0000,459384,-2,0.0000,6.0000,2,4,多平,S,2533.0000,0.0000,0.0000,0.0000,0.0000,2534.0000,0.0000,0.0000,0.0000,0.0000,85,0,0,0,0,85,0,0,0,0
zc,WS301,2012-06-14 09:04:53.707,2534.0000,459380,-4,0.0000,4.0000,0,4,双平,B,2533.0000,0.0000,0.0000,0.0000,0.0000,2534.0000,0.0000,0.0000,0.0000,0.0000,90,0,0,0,0,84,0,0,0,0
zc,WS301,2012-06-14 09:04:53.970,2534.0000,459380,0,0.0000,60.0000,30,30,多换,B,2533.0000,0.0000,0.0000,0.0000,0.0000,2534.0000,0.0000,0.0000,0.0000,0.0000,90,0,0,0,0,54,0,0,0,0
zc,WS301,2012-06-14 09:04:54.707,2533.0000,459284,-96,0.0000,180.0000,42,138,多平,S,2532.0000,0.0000,0.0000,0.0000,0.0000,2533.0000,0.0000,0.0000,0.0000,0.0000,203,0,0,0,0,410,0,0,0,0
zc,WS301,2012-06-14 09:04:55.220,2533.0000,459284,0,0.0000,130.0000,65,65,空换,S,2532.0000,0.0000,0.0000,0.0000,0.0000,2533.0000,0.0000,0.0000,0.0000,0.0000,153,0,0,0,0,345,0,0,0,0
zc,WS301,2012-06-14 09:04:56.423,2533.0000,459284,0,0.0000,4.0000,2,2,空换,S,2532.0000,0.0000,0.0000,0.0000,0.0000,2533.0000,0.0000,0.0000,0.0000,0.0000,153,0,0,0,0,343,0,0,0,0
zc,WS301,2012-06-14 09:04:56.940,2533.0000,459284,0,0.0000,10.0000,5,5,空换,S,2532.0000,0.0000,0.0000,0.0000,0.0000,2533.0000,0.0000,0.0000,0.0000,0.0000,153,0,0,0,0,338,0,0,0,0
zc,WS301,2012-06-14 09:04:57.673,2533.0000,459284,0,0.0000,0.0000,0,0,空换,S,2532.0000,0.0000,0.0000,0.0000,0.0000,2533.0000,0.0000,0.0000,0.0000,0.0000,155,0,0,0,0,338,0,0,0,0
zc,WS301,2012-06-14 09:04:59.003,2533.0000,459284,0,0.0000,2.0000,1,1,空换,S,2532.0000,0.0000,0.0000,0.0000,0.0000,2533.0000,0.0000,0.0000,0.0000,0.0000,154,0,0,0,0,347,0,0,0,0
zc,WS301,2012-06-14 09:04:59.470,2532.0000,459282,-2,0.0000,2.0000,0,2,双平,S,2532.0000,0.0000,0.0000,0.0000,0.0000,2533.0000,0.0000,0.0000,0.0000,0.0000,153,0,0,0,0,347,0,0,0,0
zc,WS301,2012-06-14 09:05:01.253,2533.0000,459280,-2,0.0000,6.0000,2,4,空平,B,2532.0000,0.0000,0.0000,0.0000,0.0000,2533.0000,0.0000,0.0000,0.0000,0.0000,152,0,0,0,0,345,0,0,0,0
zc,WS301,2012-06-14 09:05:01.673,2533.0000,459280,0,0.0000,0.0000,0,0,多换,B,2532.0000,0.0000,0.0000,0.0000,0.0000,2533.0000,0.0000,0.0000,0.0000,0.0000,150,0,0,0,0,345,0,0,0,0
zc,WS301,2012-06-14 09:05:02.393,2533.0000,459280,0,0.0000,10.0000,5,5,多换,B,2532.0000,0.0000,0.0000,0.0000,0.0000,2533.0000,0.0000,0.0000,0.0000,0.0000,200,0,0,0,0,340,0,0,0,0
zc,WS301,2012-06-14 09:05:02.893,2533.0000,459280,0,0.0000,0.0000,0,0,多换,B,2532.0000,0.0000,0.0000,0.0000,0.0000,2533.0000,0.0000,0.0000,0.0000,0.0000,225,0,0,0,0,340,0,0,0,0
zc,WS301,2012-06-14 09:05:03.050,2533.0000,459270,-10,0.0000,20.0000,5,15,空平,B,2532.0000,0.0000,0.0000,0.0000,0.0000,2533.0000,0.0000,0.0000,0.0000,0.0000,275,0,0,0,0,330,0,0,0,0
zc,WS301,2012-06-14 09:05:03.753,2533.0000,459268,-2,0.0000,2.0000,0,2,双平,B,2532.0000,0.0000,0.0000,0.0000,0.0000,2533.0000,0.0000,0.0000,0.0000,0.0000,274,0,0,0,0,329,0,0,0,0
zc,WS301,2012-06-14 09:05:04.207,2533.0000,459268,0,0.0000,0.0000,0,0,多换,B,2532.0000,0.0000,0.0000,0.0000,0.0000,2533.0000,0.0000,0.0000,0.0000,0.0000,276,0,0,0,0,329,0,0,0,0
zc,WS301,2012-06-14 09:05:04.940,2533.0000,459268,0,0.0000,0.0000,0,0,多换,B,2532.0000,0.0000,0.0000,0.0000,0.0000,2533.0000,0.0000,0.0000,0.0000,0.0000,274,0,0,0,0,329,0,0,0,0
zc,WS301,2012-06-14 09:05:05.957,2533.0000,459268,0,0.0000,0.0000,0,0,多换,B,2532.0000,0.0000,0.0000,0.0000,0.0000,2533.0000,0.0000,0.0000,0.0000,0.0000,275,0,0,0,0,329,0,0,0,0
zc,WS301,2012-06-14 09:05:06.690,2533.0000,459268,0,0.0000,2.0000,1,1,多换,B,2532.0000,0.0000,0.0000,0.0000,0.0000,2533.0000,0.0000,0.0000,0.0000,0.0000,276,0,0,0,0,328,0,0,0,0
zc,WS301,2012-06-14 09:05:07.173,2533.0000,459268,0,0.0000,16.0000,8,8,多换,B,2532.0000,0.0000,0.0000,0.0000,0.0000,2533.0000,0.0000,0.0000,0.0000,0.0000,277,0,0,0,0,320,0,0,0,0
zc,WS301,2012-06-14 09:05:08.017,2533.0000,459264,-4,0.0000,8.0000,2,6,空平,B,2532.0000,0.0000,0.0000,0.0000,0.0000,2533.0000,0.0000,0.0000,0.0000,0.0000,276,0,0,0,0,318,0,0,0,0
zc,WS301,2012-06-14 09:05:10.017,2533.0000,459262,-2,0.0000,4.0000,1,3,空平,B,2532.0000,0.0000,0.0000,0.0000,0.0000,2533.0000,0.0000,0.0000,0.0000,0.0000,275,0,0,0,0,316,0,0,0,0
zc,WS301,2012-06-14 09:05:10.767,2533.0000,459260,-2,0.0000,2.0000,0,2,双平,B,2532.0000,0.0000,0.0000,0.0000,0.0000,2533.0000,0.0000,0.0000,0.0000,0.0000,284,0,0,0,0,315,0,0,0,0
zc,WS301,2012-06-14 09:05:11.220,2533.0000,459260,0,0.0000,0.0000,0,0,多换,B,2532.0000,0.0000,0.0000,0.0000,0.0000,2533.0000,0.0000,0.0000,0.0000,0.0000,283,0,0,0,0,315,0,0,0,0
zc,WS301,2012-06-14 09:05:11.940,2533.0000,458658,-602,0.0000,602.0000,0,602,双平,B,2532.0000,0.0000,0.0000,0.0000,0.0000,2533.0000,0.0000,0.0000,0.0000,0.0000,282,0,0,0,0,15,0,0,0,0
zc,WS301,2012-06-14 09:05:12.220,2533.0000,458656,-2,0.0000,2.0000,0,2,双平,B,2532.0000,0.0000,0.0000,0.0000,0.0000,2533.0000,0.0000,0.0000,0.0000,0.0000,286,0,0,0,0,4,0,0,0,0
zc,WS301,2012-06-14 09:05:12.940,2533.0000,458656,0,0.0000,2.0000,1,1,多换,B,2532.0000,0.0000,0.0000,0.0000,0.0000,2533.0000,0.0000,0.0000,0.0000,0.0000,287,0,0,0,0,3,0,0,0,0
zc,WS301,2012-06-14 09:05:13.407,2533.0000,458654,-2,0.0000,4.0000,1,3,空平,B,2532.0000,0.0000,0.0000,0.0000,0.0000,2533.0000,0.0000,0.0000,0.0000,0.0000,287,0,0,0,0,1,0,0,0,0
zc,WS301,2012-06-14 09:05:14.220,2533.0000,458654,0,0.0000,2.0000,1,1,多换,B,2532.0000,0.0000,0.0000,0.0000,0.0000,2534.0000,0.0000,0.0000,0.0000,0.0000,287,0,0,0,0,45,0,0,0,0
zc,WS301,2012-06-14 09:05:14.753,2533.0000,458654,0,0.0000,0.0000,0,0,多换,B,2532.0000,0.0000,0.0000,0.0000,0.0000,2534.0000,0.0000,0.0000,0.0000,0.0000,288,0,0,0,0,45,0,0,0,0
zc,WS301,2012-06-14 09:05:15.253,2532.0000,458650,-4,0.0000,4.0000,0,4,双平,S,2533.0000,0.0000,0.0000,0.0000,0.0000,2534.0000,0.0000,0.0000,0.0000,0.0000,4,0,0,0,0,45,0,0,0,0
zc,WS301,2012-06-14 09:05:15.940,2533.0000,458650,0,0.0000,28.0000,14,14,多换,B,2532.0000,0.0000,0.0000,0.0000,0.0000,2533.0000,0.0000,0.0000,0.0000,0.0000,287,0,0,0,0,486,0,0,0,0
zc,WS301,2012-06-14 09:05:16.457,2532.0000,458622,-28,0.0000,38.0000,5,33,多平,S,2532.0000,0.0000,0.0000,0.0000,0.0000,2533.0000,0.0000,0.0000,0.0000,0.0000,278,0,0,0,0,486,0,0,0,0
zc,WS301,2012-06-14 09:05:17.237,2532.0000,458622,0,0.0000,0.0000,0,0,空换,S,2532.0000,0.0000,0.0000,0.0000,0.0000,2533.0000,0.0000,0.0000,0.0000,0.0000,281,0,0,0,0,486,0,0,0,0
zc,WS301,2012-06-14 09:05:18.237,2533.0000,458622,0,0.0000,4.0000,2,2,多换,B,2532.0000,0.0000,0.0000,0.0000,0.0000,2533.0000,0.0000,0.0000,0.0000,0.0000,281,0,0,0,0,484,0,0,0,0
zc,WS301,2012-06-14 09:05:18.707,2533.0000,458622,0,0.0000,2.0000,1,1,多换,B,2532.0000,0.0000,0.0000,0.0000,0.0000,2533.0000,0.0000,0.0000,0.0000,0.0000,351,0,0,0,0,483,0,0,0,0
zc,WS301,2012-06-14 09:05:19.407,2533.0000,458622,0,0.0000,100.0000,50,50,多换,B,2532.0000,0.0000,0.0000,0.0000,0.0000,2533.0000,0.0000,0.0000,0.0000,0.0000,351,0,0,0,0,433,0,0,0,0
zc,WS301,2012-06-14 09:05:19.957,2533.0000,458622,0,0.0000,2.0000,1,1,多换,B,2532.0000,0.0000,0.0000,0.0000,0.0000,2533.0000,0.0000,0.0000,0.0000,0.0000,351,0,0,0,0,432,0,0,0,0
zc,WS301,2012-06-14 09:05:20.720,2533.0000,458620,-2,0.0000,6.0000,2,4,空平,B,2532.0000,0.0000,0.0000,0.0000,0.0000,2533.0000,0.0000,0.0000,0.0000,0.0000,554,0,0,0,0,430,0,0,0,0
zc,WS301,2012-06-14 09:05:21.503,2533.0000,458620,0,0.0000,2.0000,1,1,多换,B,2532.0000,0.0000,0.0000,0.0000,0.0000,2533.0000,0.0000,0.0000,0.0000,0.0000,554,0,0,0,0,429,0,0,0,0
zc,WS301,2012-06-14 09:05:22.003,2532.0000,458610,-10,0.0000,22.0000,6,16,多平,S,2532.0000,0.0000,0.0000,0.0000,0.0000,2533.0000,0.0000,0.0000,0.0000,0.0000,553,0,0,0,0,419,0,0,0,0
zc,WS301,2012-06-14 09:05:24.190,2533.0000,458010,-600,0.0000,604.0000,2,602,空平,B,2532.0000,0.0000,0.0000,0.0000,0.0000,2533.0000,0.0000,0.0000,0.0000,0.0000,553,0,0,0,0,118,0,0,0,0
zc,WS301,2012-06-14 09:05:25.237,2533.0000,458012,2,0.0000,236.0000,119,117,多开,B,2533.0000,0.0000,0.0000,0.0000,0.0000,2534.0000,0.0000,0.0000,0.0000,0.0000,22,0,0,0,0,52,0,0,0,0
zc,WS301,2012-06-14 09:05:25.393,2533.0000,458012,0,0.0000,0.0000,0,0,多换,B,2533.0000,0.0000,0.0000,0.0000,0.0000,2534.0000,0.0000,0.0000,0.0000,0.0000,27,0,0,0,0,52,0,0,0,0
zc,WS301,2012-06-14 09:05:26.220,2533.0000,458012,0,0.0000,0.0000,0,0,多换,B,2533.0000,0.0000,0.0000,0.0000,0.0000,2534.0000,0.0000,0.0000,0.0000,0.0000,37,0,0,0,0,52,0,0,0,0
zc,WS301,2012-06-14 09:05:27.923,2533.0000,458012,0,0.0000,0.0000,0,0,多换,B,2533.0000,0.0000,0.0000,0.0000,0.0000,2534.0000,0.0000,0.0000,0.0000,0.0000,37,0,0,0,0,54,0,0,0,0
zc,WS301,2012-06-14 09:05:28.423,2533.0000,458012,0,0.0000,0.0000,0,0,多换,B,2533.0000,0.0000,0.0000,0.0000,0.0000,2534.0000,0.0000,0.0000,0.0000,0.0000,137,0,0,0,0,54,0,0,0,0
zc,WS301,2012-06-14 09:05:29.707,2533.0000,458012,0,0.0000,0.0000,0,0,多换,B,2533.0000,0.0000,0.0000,0.0000,0.0000,2534.0000,0.0000,0.0000,0.0000,0.0000,115,0,0,0,0,54,0,0,0,0
zc,WS301,2012-06-14 09:05:30.690,2533.0000,458012,0,0.0000,0.0000,0,0,多换,B,2533.0000,0.0000,0.0000,0.0000,0.0000,2534.0000,0.0000,0.0000,0.0000,0.0000,116,0,0,0,0,54,0,0,0,0
zc,WS301,2012-06-14 09:05:31.470,2533.0000,458012,0,0.0000,234.0000,117,117,多换,B,2532.0000,0.0000,0.0000,0.0000,0.0000,2533.0000,0.0000,0.0000,0.0000,0.0000,558,0,0,0,0,383,0,0,0,0
zc,WS301,2012-06-14 09:05:31.923,2533.0000,458012,0,0.0000,2.0000,1,1,多换,B,2532.0000,0.0000,0.0000,0.0000,0.0000,2533.0000,0.0000,0.0000,0.0000,0.0000,558,0,0,0,0,382,0,0,0,0
zc,WS301,2012-06-14 09:05:33.157,2533.0000,457992,-20,0.0000,20.0000,0,20,双平,B,2532.0000,0.0000,0.0000,0.0000,0.0000,2533.0000,0.0000,0.0000,0.0000,0.0000,558,0,0,0,0,372,0,0,0,0
zc,WS301,2012-06-14 09:05:33.690,2533.0000,457992,0,0.0000,10.0000,5,5,多换,B,2532.0000,0.0000,0.0000,0.0000,0.0000,2533.0000,0.0000,0.0000,0.0000,0.0000,555,0,0,0,0,367,0,0,0,0
zc,WS301,2012-06-14 09:05:34.923,2533.0000,457992,0,0.0000,0.0000,0,0,多换,B,2532.0000,0.0000,0.0000,0.0000,0.0000,2533.0000,0.0000,0.0000,0.0000,0.0000,556,0,0,0,0,402,0,0,0,0
zc,WS301,2012-06-14 09:05:35.673,2533.0000,457992,0,0.0000,0.0000,0,0,多换,B,2532.0000,0.0000,0.0000,0.0000,0.0000,2533.0000,0.0000,0.0000,0.0000,0.0000,656,0,0,0,0,414,0,0,0,0
zc,WS301,2012-06-14 09:05:36.173,2532.0000,457980,-12,0.0000,12.0000,0,12,双平,S,2532.0000,0.0000,0.0000,0.0000,0.0000,2533.0000,0.0000,0.0000,0.0000,0.0000,660,0,0,0,0,414,0,0,0,0
zc,WS301,2012-06-14 09:05:36.970,2533.0000,457980,0,0.0000,100.0000,50,50,多换,B,2532.0000,0.0000,0.0000,0.0000,0.0000,2533.0000,0.0000,0.0000,0.0000,0.0000,662,0,0,0,0,364,0,0,0,0
zc,WS301,2012-06-14 09:05:37.220,2533.0000,457980,0,0.0000,24.0000,12,12,多换,B,2532.0000,0.0000,0.0000,0.0000,0.0000,2533.0000,0.0000,0.0000,0.0000,0.0000,663,0,0,0,0,355,0,0,0,0
zc,WS301,2012-06-14 09:05:38.033,2533.0000,457980,0,0.0000,0.0000,0,0,多换,B,2532.0000,0.0000,0.0000,0.0000,0.0000,2533.0000,0.0000,0.0000,0.0000,0.0000,663,0,0,0,0,343,0,0,0,0
zc,WS301,2012-06-14 09:05:38.533,2533.0000,457980,0,0.0000,0.0000,0,0,多换,B,2532.0000,0.0000,0.0000,0.0000,0.0000,2533.0000,0.0000,0.0000,0.0000,0.0000,662,0,0,0,0,343,0,0,0,0
zc,WS301,2012-06-14 09:05:39.707,2533.0000,457980,0,0.0000,0.0000,0,0,多换,B,2532.0000,0.0000,0.0000,0.0000,0.0000,2533.0000,0.0000,0.0000,0.0000,0.0000,663,0,0,0,0,343,0,0,0,0
zc,WS301,2012-06-14 09:05:40.173,2533.0000,457980,0,0.0000,2.0000,1,1,多换,B,2532.0000,0.0000,0.0000,0.0000,0.0000,2533.0000,0.0000,0.0000,0.0000,0.0000,663,0,0,0,0,342,0,0,0,0
zc,WS301,2012-06-14 09:05:40.957,2533.0000,457976,-4,0.0000,8.0000,2,6,空平,B,2532.0000,0.0000,0.0000,0.0000,0.0000,2533.0000,0.0000,0.0000,0.0000,0.0000,662,0,0,0,0,338,0,0,0,0
zc,WS301,2012-06-14 09:05:42.003,2533.0000,457976,0,0.0000,4.0000,2,2,多换,B,2532.0000,0.0000,0.0000,0.0000,0.0000,2533.0000,0.0000,0.0000,0.0000,0.0000,662,0,0,0,0,336,0,0,0,0
zc,WS301,2012-06-14 09:05:43.220,2533.0000,457376,-600,0.0000,600.0000,0,600,双平,B,2532.0000,0.0000,0.0000,0.0000,0.0000,2533.0000,0.0000,0.0000,0.0000,0.0000,662,0,0,0,0,36,0,0,0,0
zc,WS301,2012-06-14 09:05:43.737,2533.0000,457374,-2,0.0000,34.0000,16,18,空平,B,2532.0000,0.0000,0.0000,0.0000,0.0000,2533.0000,0.0000,0.0000,0.0000,0.0000,661,0,0,0,0,20,0,0,0,0
zc,WS301,2012-06-14 09:05:44.440,2533.0000,457374,0,0.0000,0.0000,0,0,多换,B,2532.0000,0.0000,0.0000,0.0000,0.0000,2533.0000,0.0000,0.0000,0.0000,0.0000,661,0,0,0,0,23,0,0,0,0
zc,WS301,2012-06-14 09:05:44.940,2533.0000,457374,0,0.0000,0.0000,0,0,多换,B,2532.0000,0.0000,0.0000,0.0000,0.0000,2533.0000,0.0000,0.0000,0.0000,0.0000,664,0,0,0,0,33,0,0,0,0
zc,WS301,2012-06-14 09:05:45.440,2533.0000,457374,0,0.0000,2.0000,1,1,多换,B,2532.0000,0.0000,0.0000,0.0000,0.0000,2533.0000,0.0000,0.0000,0.0000,0.0000,666,0,0,0,0,32,0,0,0,0
zc,WS301,2012-06-14 09:05:46.207,2533.0000,457374,0,0.0000,18.0000,9,9,多换,B,2532.0000,0.0000,0.0000,0.0000,0.0000,2533.0000,0.0000,0.0000,0.0000,0.0000,666,0,0,0,0,23,0,0,0,0
zc,WS301,2012-06-14 09:05:46.737,2533.0000,457368,-6,0.0000,6.0000,0,6,双平,B,2532.0000,0.0000,0.0000,0.0000,0.0000,2533.0000,0.0000,0.0000,0.0000,0.0000,664,0,0,0,0,175,0,0,0,0
zc,WS301,2012-06-14 09:05:47.457,2533.0000,457368,0,0.0000,2.0000,1,1,多换,B,2532.0000,0.0000,0.0000,0.0000,0.0000,2533.0000,0.0000,0.0000,0.0000,0.0000,664,0,0,0,0,174,0,0,0,0
zc,WS301,2012-06-14 09:05:47.673,2533.0000,457368,0,0.0000,20.0000,10,10,多换,B,2532.0000,0.0000,0.0000,0.0000,0.0000,2533.0000,0.0000,0.0000,0.0000,0.0000,684,0,0,0,0,164,0,0,0,0
zc,WS301,2012-06-14 09:05:48.470,2533.0000,457368,0,0.0000,2.0000,1,1,多换,B,2532.0000,0.0000,0.0000,0.0000,0.0000,2533.0000,0.0000,0.0000,0.0000,0.0000,684,0,0,0,0,164,0,0,0,0
zc,WS301,2012-06-14 09:05:48.970,2533.0000,457364,-4,0.0000,6.0000,1,5,空平,B,2532.0000,0.0000,0.0000,0.0000,0.0000,2533.0000,0.0000,0.0000,0.0000,0.0000,682,0,0,0,0,162,0,0,0,0
zc,WS301,2012-06-14 09:05:50.190,2533.0000,457364,0,0.0000,0.0000,0,0,多换,B,2532.0000,0.0000,0.0000,0.0000,0.0000,2533.0000,0.0000,0.0000,0.0000,0.0000,681,0,0,0,0,162,0,0,0,0
zc,WS301,2012-06-14 09:05:50.673,2533.0000,457364,0,0.0000,2.0000,1,1,多换,B,2532.0000,0.0000,0.0000,0.0000,0.0000,2533.0000,0.0000,0.0000,0.0000,0.0000,681,0,0,0,0,161,0,0,0,0
zc,WS301,2012-06-14 09:05:51.487,2533.0000,457354,-10,0.0000,12.0000,1,11,空平,B,2532.0000,0.0000,0.0000,0.0000,0.0000,2533.0000,0.0000,0.0000,0.0000,0.0000,681,0,0,0,0,155,0,0,0,0
zc,WS301,2012-06-14 09:05:51.923,2533.0000,457350,-4,0.0000,6.0000,1,5,空平,B,2532.0000,0.0000,0.0000,0.0000,0.0000,2533.0000,0.0000,0.0000,0.0000,0.0000,698,0,0,0,0,155,0,0,0,0
zc,WS301,2012-06-14 09:05:52.690,2533.0000,457350,0,0.0000,0.0000,0,0,多换,B,2532.0000,0.0000,0.0000,0.0000,0.0000,2533.0000,0.0000,0.0000,0.0000,0.0000,701,0,0,0,0,155,0,0,0,0
zc,WS301,2012-06-14 09:05:54.237,2533.0000,457040,-310,0.0000,310.0000,0,310,双平,B,2533.0000,0.0000,0.0000,0.0000,0.0000,2534.0000,0.0000,0.0000,0.0000,0.0000,145,0,0,0,0,53,0,0,0,0
zc,WS301,2012-06-14 09:05:54.940,2534.0000,457040,0,0.0000,10.0000,5,5,多换,B,2533.0000,0.0000,0.0000,0.0000,0.0000,2534.0000,0.0000,0.0000,0.0000,0.0000,145,0,0,0,0,48,0,0,0,0
zc,WS301,2012-06-14 09:05:55.440,2533.0000,457020,-20,0.0000,22.0000,1,21,多平,S,2533.0000,0.0000,0.0000,0.0000,0.0000,2534.0000,0.0000,0.0000,0.0000,0.0000,134,0,0,0,0,48,0,0,0,0
zc,WS301,2012-06-14 09:05:56.253,2533.0000,457020,0,0.0000,0.0000,0,0,空换,S,2533.0000,0.0000,0.0000,0.0000,0.0000,2534.0000,0.0000,0.0000,0.0000,0.0000,148,0,0,0,0,48,0,0,0,0
zc,WS301,2012-06-14 09:05:56.643,2533.0000,457020,0,0.0000,2.0000,1,1,空换,S,2533.0000,0.0000,0.0000,0.0000,0.0000,2534.0000,0.0000,0.0000,0.0000,0.0000,158,0,0,0,0,48,0,0,0,0
zc,WS301,2012-06-14 09:05:58.393,2534.0000,457020,0,0.0000,6.0000,3,3,多换,B,2533.0000,0.0000,0.0000,0.0000,0.0000,2534.0000,0.0000,0.0000,0.0000,0.0000,158,0,0,0,0,45,0,0,0,0
zc,WS301,2012-06-14 09:05:58.940,2534.0000,457016,-4,0.0000,4.0000,0,4,双平,B,2533.0000,0.0000,0.0000,0.0000,0.0000,2534.0000,0.0000,0.0000,0.0000,0.0000,160,0,0,0,0,43,0,0,0,0
zc,WS301,2012-06-14 09:05:59.737,2534.0000,457016,0,0.0000,16.0000,8,8,多换,B,2533.0000,0.0000,0.0000,0.0000,0.0000,2534.0000,0.0000,0.0000,0.0000,0.0000,160,0,0,0,0,35,0,0,0,0
zc,WS301,2012-06-14 09:06:00.817,2534.0000,457016,0,0.0000,0.0000,0,0,多换,B,2533.0000,0.0000,0.0000,0.0000,0.0000,2534.0000,0.0000,0.0000,0.0000,0.0000,162,0,0,0,0,35,0,0,0,0
zc,WS301,2012-06-14 09:06:01.003,2534.0000,457014,-2,0.0000,16.0000,7,9,空平,B,2533.0000,0.0000,0.0000,0.0000,0.0000,2534.0000,0.0000,0.0000,0.0000,0.0000,162,0,0,0,0,27,0,0,0,0
zc,WS301,2012-06-14 09:06:01.737,2534.0000,457022,8,0.0000,14.0000,11,3,多开,B,2533.0000,0.0000,0.0000,0.0000,0.0000,2534.0000,0.0000,0.0000,0.0000,0.0000,162,0,0,0,0,20,0,0,0,0
zc,WS301,2012-06-14 09:06:02.253,2535.0000,457118,96,0.0000,200.0000,148,52,多开,B,2533.0000,0.0000,0.0000,0.0000,0.0000,2534.0000,0.0000,0.0000,0.0000,0.0000,162,0,0,0,0,1,0,0,0,0
zc,WS301,2012-06-14 09:06:03.487,2535.0000,457120,2,0.0000,4.0000,3,1,多开,B,2534.0000,0.0000,0.0000,0.0000,0.0000,2535.0000,0.0000,0.0000,0.0000,0.0000,2,0,0,0,0,4,0,0,0,0
zc,WS301,2012-06-14 09:06:04.207,2534.0000,457120,0,0.0000,2.0000,1,1,空换,S,2534.0000,0.0000,0.0000,0.0000,0.0000,2535.0000,0.0000,0.0000,0.0000,0.0000,17,0,0,0,0,122,0,0,0,0
zc,WS301,2012-06-14 09:06:04.690,2534.0000,457120,0,0.0000,0.0000,0,0,空换,S,2534.0000,0.0000,0.0000,0.0000,0.0000,2535.0000,0.0000,0.0000,0.0000,0.0000,18,0,0,0,0,122,0,0,0,0
zc,WS301,2012-06-14 09:06:05.987,2534.0000,457120,0,0.0000,0.0000,0,0,空换,S,2534.0000,0.0000,0.0000,0.0000,0.0000,2535.0000,0.0000,0.0000,0.0000,0.0000,19,0,0,0,0,124,0,0,0,0
zc,WS301,2012-06-14 09:06:06.440,2534.0000,457120,0,0.0000,0.0000,0,0,空换,S,2534.0000,0.0000,0.0000,0.0000,0.0000,2535.0000,0.0000,0.0000,0.0000,0.0000,20,0,0,0,0,124,0,0,0,0
zc,WS301,2012-06-14 09:06:07.237,2534.0000,457120,0,0.0000,44.0000,22,22,空换,S,2533.0000,0.0000,0.0000,0.0000,0.0000,2534.0000,0.0000,0.0000,0.0000,0.0000,190,0,0,0,0,469,0,0,0,0
zc,WS301,2012-06-14 09:06:08.957,2534.0000,457120,0,0.0000,12.0000,6,6,空换,S,2533.0000,0.0000,0.0000,0.0000,0.0000,2534.0000,0.0000,0.0000,0.0000,0.0000,192,0,0,0,0,463,0,0,0,0
zc,WS301,2012-06-14 09:06:09.707,2534.0000,457120,0,0.0000,0.0000,0,0,空换,S,2533.0000,0.0000,0.0000,0.0000,0.0000,2534.0000,0.0000,0.0000,0.0000,0.0000,193,0,0,0,0,463,0,0,0,0
zc,WS301,2012-06-14 09:06:11.173,2534.0000,457118,-2,0.0000,4.0000,1,3,多平,S,2533.0000,0.0000,0.0000,0.0000,0.0000,2534.0000,0.0000,0.0000,0.0000,0.0000,191,0,0,0,0,463,0,0,0,0
zc,WS301,2012-06-14 09:06:11.657,2534.0000,457118,0,0.0000,22.0000,11,11,空换,S,2533.0000,0.0000,0.0000,0.0000,0.0000,2534.0000,0.0000,0.0000,0.0000,0.0000,192,0,0,0,0,452,0,0,0,0
zc,WS301,2012-06-14 09:06:12.423,2534.0000,457110,-8,0.0000,8.0000,0,8,双平,S,2533.0000,0.0000,0.0000,0.0000,0.0000,2534.0000,0.0000,0.0000,0.0000,0.0000,193,0,0,0,0,448,0,0,0,0
zc,WS301,2012-06-14 09:06:12.923,2534.0000,457100,-10,0.0000,10.0000,0,10,双平,S,2533.0000,0.0000,0.0000,0.0000,0.0000,2534.0000,0.0000,0.0000,0.0000,0.0000,194,0,0,0,0,444,0,0,0,0
zc,WS301,2012-06-14 09:06:13.690,2534.0000,457100,0,0.0000,0.0000,0,0,空换,S,2533.0000,0.0000,0.0000,0.0000,0.0000,2534.0000,0.0000,0.0000,0.0000,0.0000,196,0,0,0,0,444,0,0,0,0
zc,WS301,2012-06-14 09:06:13.987,2534.0000,457100,0,0.0000,4.0000,2,2,空换,S,2533.0000,0.0000,0.0000,0.0000,0.0000,2534.0000,0.0000,0.0000,0.0000,0.0000,200,0,0,0,0,441,0,0,0,0
zc,WS301,2012-06-14 09:06:14.707,2534.0000,457100,0,0.0000,10.0000,5,5,空换,S,2533.0000,0.0000,0.0000,0.0000,0.0000,2534.0000,0.0000,0.0000,0.0000,0.0000,200,0,0,0,0,435,0,0,0,0
zc,WS301,2012-06-14 09:06:15.207,2534.0000,457100,0,0.0000,0.0000,0,0,空换,S,2533.0000,0.0000,0.0000,0.0000,0.0000,2534.0000,0.0000,0.0000,0.0000,0.0000,304,0,0,0,0,435,0,0,0,0
zc,WS301,2012-06-14 09:06:15.707,2534.0000,457046,-54,0.0000,54.0000,0,54,双平,S,2533.0000,0.0000,0.0000,0.0000,0.0000,2534.0000,0.0000,0.0000,0.0000,0.0000,308,0,0,0,0,409,0,0,0,0
zc,WS301,2012-06-14 09:06:17.690,2533.0000,457018,-28,0.0000,28.0000,0,28,双平,S,2533.0000,0.0000,0.0000,0.0000,0.0000,2534.0000,0.0000,0.0000,0.0000,0.0000,294,0,0,0,0,409,0,0,0,0
zc,WS301,2012-06-14 09:06:17.970,2534.0000,457012,-6,0.0000,8.0000,1,7,空平,B,2533.0000,0.0000,0.0000,0.0000,0.0000,2534.0000,0.0000,0.0000,0.0000,0.0000,291,0,0,0,0,409,0,0,0,0
zc,WS301,2012-06-14 09:06:19.907,2534.0000,457012,0,0.0000,2.0000,1,1,多换,B,2533.0000,0.0000,0.0000,0.0000,0.0000,2534.0000,0.0000,0.0000,0.0000,0.0000,293,0,0,0,0,408,0,0,0,0
zc,WS301,2012-06-14 09:06:20.457,2534.0000,457012,0,0.0000,106.0000,53,53,多换,B,2533.0000,0.0000,0.0000,0.0000,0.0000,2534.0000,0.0000,0.0000,0.0000,0.0000,294,0,0,0,0,355,0,0,0,0
zc,WS301,2012-06-14 09:06:21.237,2534.0000,457012,0,0.0000,0.0000,0,0,多换,B,2533.0000,0.0000,0.0000,0.0000,0.0000,2534.0000,0.0000,0.0000,0.0000,0.0000,281,0,0,0,0,360,0,0,0,0
zc,WS301,2012-06-14 09:06:22.190,2534.0000,457012,0,0.0000,0.0000,0,0,多换,B,2533.0000,0.0000,0.0000,0.0000,0.0000,2534.0000,0.0000,0.0000,0.0000,0.0000,281,0,0,0,0,361,0,0,0,0
zc,WS301,2012-06-14 09:06:22.987,2534.0000,457006,-6,0.0000,10.0000,2,8,空平,B,2533.0000,0.0000,0.0000,0.0000,0.0000,2534.0000,0.0000,0.0000,0.0000,0.0000,281,0,0,0,0,356,0,0,0,0
zc,WS301,2012-06-14 09:06:23.457,2534.0000,457006,0,0.0000,0.0000,0,0,多换,B,2533.0000,0.0000,0.0000,0.0000,0.0000,2534.0000,0.0000,0.0000,0.0000,0.0000,381,0,0,0,0,356,0,0,0,0
zc,WS301,2012-06-14 09:06:24.253,2534.0000,457006,0,0.0000,6.0000,3,3,多换,B,2533.0000,0.0000,0.0000,0.0000,0.0000,2534.0000,0.0000,0.0000,0.0000,0.0000,381,0,0,0,0,353,0,0,0,0
zc,WS301,2012-06-14 09:06:24.800,2534.0000,457006,0,0.0000,706.0000,353,353,多换,B,2534.0000,0.0000,0.0000,0.0000,0.0000,2535.0000,0.0000,0.0000,0.0000,0.0000,14,0,0,0,0,140,0,0,0,0
zc,WS301,2012-06-14 09:06:25.470,2534.0000,457006,0,0.0000,0.0000,0,0,多换,B,2534.0000,0.0000,0.0000,0.0000,0.0000,2535.0000,0.0000,0.0000,0.0000,0.0000,214,0,0,0,0,140,0,0,0,0
zc,WS301,2012-06-14 09:06:26.503,2535.0000,457008,2,0.0000,38.0000,20,18,多开,B,2534.0000,0.0000,0.0000,0.0000,0.0000,2535.0000,0.0000,0.0000,0.0000,0.0000,197,0,0,0,0,138,0,0,0,0
zc,WS301,2012-06-14 09:06:26.987,2535.0000,457008,0,0.0000,2.0000,1,1,多换,B,2534.0000,0.0000,0.0000,0.0000,0.0000,2535.0000,0.0000,0.0000,0.0000,0.0000,197,0,0,0,0,135,0,0,0,0
zc,WS301,2012-06-14 09:06:28.190,2535.0000,457008,0,0.0000,0.0000,0,0,多换,B,2534.0000,0.0000,0.0000,0.0000,0.0000,2535.0000,0.0000,0.0000,0.0000,0.0000,199,0,0,0,0,135,0,0,0,0
zc,WS301,2012-06-14 09:06:29.407,2534.0000,457008,0,0.0000,6.0000,3,3,空换,S,2534.0000,0.0000,0.0000,0.0000,0.0000,2535.0000,0.0000,0.0000,0.0000,0.0000,196,0,0,0,0,135,0,0,0,0
zc,WS301,2012-06-14 09:06:30.003,2534.0000,457008,0,0.0000,0.0000,0,0,空换,S,2534.0000,0.0000,0.0000,0.0000,0.0000,2535.0000,0.0000,0.0000,0.0000,0.0000,196,0,0,0,0,138,0,0,0,0
zc,WS301,2012-06-14 09:06:31.707,2535.0000,457010,2,0.0000,2.0000,2,0,双开,B,2534.0000,0.0000,0.0000,0.0000,0.0000,2535.0000,0.0000,0.0000,0.0000,0.0000,196,0,0,0,0,138,0,0,0,0
zc,WS301,2012-06-14 09:06:32.220,2535.0000,457010,0,0.0000,0.0000,0,0,多换,B,2534.0000,0.0000,0.0000,0.0000,0.0000,2535.0000,0.0000,0.0000,0.0000,0.0000,196,0,0,0,0,137,0,0,0,0
zc,WS301,2012-06-14 09:06:32.673,2535.0000,457016,6,0.0000,14.0000,10,4,多开,B,2534.0000,0.0000,0.0000,0.0000,0.0000,2535.0000,0.0000,0.0000,0.0000,0.0000,195,0,0,0,0,131,0,0,0,0
zc,WS301,2012-06-14 09:06:33.423,2534.0000,457016,0,0.0000,16.0000,8,8,空换,S,2534.0000,0.0000,0.0000,0.0000,0.0000,2535.0000,0.0000,0.0000,0.0000,0.0000,187,0,0,0,0,132,0,0,0,0
zc,WS301,2012-06-14 09:06:33.690,2534.0000,457016,0,0.0000,6.0000,3,3,空换,S,2534.0000,0.0000,0.0000,0.0000,0.0000,2535.0000,0.0000,0.0000,0.0000,0.0000,184,0,0,0,0,131,0,0,0,0
zc,WS301,2012-06-14 09:06:34.707,2535.0000,457016,0,0.0000,4.0000,2,2,多换,B,2534.0000,0.0000,0.0000,0.0000,0.0000,2535.0000,0.0000,0.0000,0.0000,0.0000,184,0,0,0,0,129,0,0,0,0
zc,WS301,2012-06-14 09:06:35.707,2535.0000,457016,0,0.0000,0.0000,0,0,多换,B,2534.0000,0.0000,0.0000,0.0000,0.0000,2535.0000,0.0000,0.0000,0.0000,0.0000,185,0,0,0,0,139,0,0,0,0
zc,WS301,2012-06-14 09:06:36.220,2535.0000,457016,0,0.0000,0.0000,0,0,多换,B,2534.0000,0.0000,0.0000,0.0000,0.0000,2535.0000,0.0000,0.0000,0.0000,0.0000,185,0,0,0,0,138,0,0,0,0
zc,WS301,2012-06-14 09:06:37.487,2535.0000,457016,0,0.0000,0.0000,0,0,多换,B,2534.0000,0.0000,0.0000,0.0000,0.0000,2535.0000,0.0000,0.0000,0.0000,0.0000,185,0,0,0,0,638,0,0,0,0
zc,WS301,2012-06-14 09:06:38.003,2535.0000,457016,0,0.0000,22.0000,11,11,多换,B,2534.0000,0.0000,0.0000,0.0000,0.0000,2535.0000,0.0000,0.0000,0.0000,0.0000,185,0,0,0,0,627,0,0,0,0
zc,WS301,2012-06-14 09:06:38.707,2534.0000,457016,0,0.0000,50.0000,25,25,空换,S,2534.0000,0.0000,0.0000,0.0000,0.0000,2535.0000,0.0000,0.0000,0.0000,0.0000,160,0,0,0,0,628,0,0,0,0
zc,WS301,2012-06-14 09:06:39.440,2534.0000,457016,0,0.0000,0.0000,0,0,空换,S,2534.0000,0.0000,0.0000,0.0000,0.0000,2535.0000,0.0000,0.0000,0.0000,0.0000,166,0,0,0,0,632,0,0,0,0
zc,WS301,2012-06-14 09:06:40.207,2534.0000,457016,0,0.0000,0.0000,0,0,空换,S,2534.0000,0.0000,0.0000,0.0000,0.0000,2535.0000,0.0000,0.0000,0.0000,0.0000,186,0,0,0,0,631,0,0,0,0
zc,WS301,2012-06-14 09:06:40.457,2534.0000,456920,-96,0.0000,470.0000,187,283,多平,S,2533.0000,0.0000,0.0000,0.0000,0.0000,2534.0000,0.0000,0.0000,0.0000,0.0000,396,0,0,0,0,128,0,0,0,0
zc,WS301,2012-06-14 09:06:41.253,2534.0000,456920,0,0.0000,2.0000,1,1,空换,S,2533.0000,0.0000,0.0000,0.0000,0.0000,2534.0000,0.0000,0.0000,0.0000,0.0000,396,0,0,0,0,127,0,0,0,0
zc,WS301,2012-06-14 09:06:41.707,2534.0000,456920,0,0.0000,2.0000,1,1,空换,S,2533.0000,0.0000,0.0000,0.0000,0.0000,2534.0000,0.0000,0.0000,0.0000,0.0000,398,0,0,0,0,126,0,0,0,0
zc,WS301,2012-06-14 09:06:42.457,2534.0000,456920,0,0.0000,2.0000,1,1,空换,S,2533.0000,0.0000,0.0000,0.0000,0.0000,2534.0000,0.0000,0.0000,0.0000,0.0000,398,0,0,0,0,125,0,0,0,0
zc,WS301,2012-06-14 09:06:42.690,2534.0000,456920,0,0.0000,2.0000,1,1,空换,S,2533.0000,0.0000,0.0000,0.0000,0.0000,2534.0000,0.0000,0.0000,0.0000,0.0000,389,0,0,0,0,135,0,0,0,0
zc,WS301,2012-06-14 09:06:43.457,2534.0000,456920,0,0.0000,2.0000,1,1,空换,S,2533.0000,0.0000,0.0000,0.0000,0.0000,2534.0000,0.0000,0.0000,0.0000,0.0000,390,0,0,0,0,123,0,0,0,0
zc,WS301,2012-06-14 09:06:44.003,2534.0000,456920,0,0.0000,2.0000,1,1,空换,S,2533.0000,0.0000,0.0000,0.0000,0.0000,2534.0000,0.0000,0.0000,0.0000,0.0000,390,0,0,0,0,122,0,0,0,0
zc,WS301,2012-06-14 09:06:44.657,2534.0000,456920,0,0.0000,2.0000,1,1,空换,S,2533.0000,0.0000,0.0000,0.0000,0.0000,2534.0000,0.0000,0.0000,0.0000,0.0000,390,0,0,0,0,121,0,0,0,0
zc,WS301,2012-06-14 09:06:45.220,2534.0000,456918,-2,0.0000,8.0000,3,5,多平,S,2533.0000,0.0000,0.0000,0.0000,0.0000,2534.0000,0.0000,0.0000,0.0000,0.0000,390,0,0,0,0,117,0,0,0,0
zc,WS301,2012-06-14 09:06:46.440,2534.0000,456918,0,0.0000,202.0000,101,101,空换,S,2533.0000,0.0000,0.0000,0.0000,0.0000,2534.0000,0.0000,0.0000,0.0000,0.0000,390,0,0,0,0,21,0,0,0,0
zc,WS301,2012-06-14 09:06:46.690,2534.0000,456918,0,0.0000,2.0000,1,1,空换,S,2533.0000,0.0000,0.0000,0.0000,0.0000,2534.0000,0.0000,0.0000,0.0000,0.0000,391,0,0,0,0,520,0,0,0,0
zc,WS301,2012-06-14 09:06:47.423,2534.0000,456918,0,0.0000,0.0000,0,0,空换,S,2533.0000,0.0000,0.0000,0.0000,0.0000,2534.0000,0.0000,0.0000,0.0000,0.0000,392,0,0,0,0,520,0,0,0,0
zc,WS301,2012-06-14 09:06:47.907,2534.0000,456972,54,0.0000,110.0000,82,28,空开,S,2533.0000,0.0000,0.0000,0.0000,0.0000,2534.0000,0.0000,0.0000,0.0000,0.0000,385,0,0,0,0,469,0,0,0,0
zc,WS301,2012-06-14 09:06:48.393,2534.0000,456968,-4,0.0000,8.0000,2,6,多平,S,2533.0000,0.0000,0.0000,0.0000,0.0000,2534.0000,0.0000,0.0000,0.0000,0.0000,383,0,0,0,0,467,0,0,0,0
zc,WS301,2012-06-14 09:06:49.157,2534.0000,456976,8,0.0000,8.0000,8,0,双开,S,2533.0000,0.0000,0.0000,0.0000,0.0000,2534.0000,0.0000,0.0000,0.0000,0.0000,383,0,0,0,0,463,0,0,0,0
zc,WS301,2012-06-14 09:06:49.673,2534.0000,456978,2,0.0000,2.0000,2,0,双开,S,2533.0000,0.0000,0.0000,0.0000,0.0000,2534.0000,0.0000,0.0000,0.0000,0.0000,402,0,0,0,0,469,0,0,0,0
zc,WS301,2012-06-14 09:06:51.440,2534.0000,456998,20,0.0000,20.0000,20,0,双开,S,2533.0000,0.0000,0.0000,0.0000,0.0000,2534.0000,0.0000,0.0000,0.0000,0.0000,402,0,0,0,0,460,0,0,0,0
zc,WS301,2012-06-14 09:06:51.940,2534.0000,456998,0,0.0000,0.0000,0,0,空换,S,2533.0000,0.0000,0.0000,0.0000,0.0000,2534.0000,0.0000,0.0000,0.0000,0.0000,402,0,0,0,0,464,0,0,0,0
zc,WS301,2012-06-14 09:06:52.377,2534.0000,456998,0,0.0000,2.0000,1,1,空换,S,2533.0000,0.0000,0.0000,0.0000,0.0000,2534.0000,0.0000,0.0000,0.0000,0.0000,402,0,0,0,0,463,0,0,0,0
zc,WS301,2012-06-14 09:06:53.173,2534.0000,456770,-228,0.0000,604.0000,188,416,多平,S,2533.0000,0.0000,0.0000,0.0000,0.0000,2534.0000,0.0000,0.0000,0.0000,0.0000,104,0,0,0,0,461,0,0,0,0
zc,WS301,2012-06-14 09:06:53.440,2533.0000,456768,-2,0.0000,208.0000,103,105,多平,S,2532.0000,0.0000,0.0000,0.0000,0.0000,2533.0000,0.0000,0.0000,0.0000,0.0000,387,0,0,0,0,29,0,0,0,0
zc,WS301,2012-06-14 09:06:54.157,2532.0000,456752,-16,0.0000,16.0000,0,16,双平,S,2532.0000,0.0000,0.0000,0.0000,0.0000,2533.0000,0.0000,0.0000,0.0000,0.0000,379,0,0,0,0,29,0,0,0,0
zc,WS301,2012-06-14 09:06:54.690,2533.0000,456744,-8,0.0000,16.0000,4,12,空平,B,2532.0000,0.0000,0.0000,0.0000,0.0000,2533.0000,0.0000,0.0000,0.0000,0.0000,377,0,0,0,0,103,0,0,0,0
zc,WS301,2012-06-14 09:06:55.440,2533.0000,456678,-66,0.0000,72.0000,3,69,空平,B,2532.0000,0.0000,0.0000,0.0000,0.0000,2533.0000,0.0000,0.0000,0.0000,0.0000,367,0,0,0,0,69,0,0,0,0
zc,WS301,2012-06-14 09:06:57.157,2533.0000,456678,0,0.0000,2.0000,1,1,多换,B,2532.0000,0.0000,0.0000,0.0000,0.0000,2533.0000,0.0000,0.0000,0.0000,0.0000,367,0,0,0,0,69,0,0,0,0
zc,WS301,2012-06-14 09:06:57.657,2533.0000,456678,0,0.0000,0.0000,0,0,多换,B,2532.0000,0.0000,0.0000,0.0000,0.0000,2533.0000,0.0000,0.0000,0.0000,0.0000,367,0,0,0,0,71,0,0,0,0
zc,WS301,2012-06-14 09:06:58.127,2533.0000,456676,-2,0.0000,2.0000,0,2,双平,B,2532.0000,0.0000,0.0000,0.0000,0.0000,2533.0000,0.0000,0.0000,0.0000,0.0000,366,0,0,0,0,70,0,0,0,0
zc,WS301,2012-06-14 09:06:59.720,2533.0000,456676,0,0.0000,12.0000,6,6,多换,B,2532.0000,0.0000,0.0000,0.0000,0.0000,2533.0000,0.0000,0.0000,0.0000,0.0000,366,0,0,0,0,64,0,0,0,0
zc,WS301,2012-06-14 09:07:00.393,2533.0000,456676,0,0.0000,8.0000,4,4,多换,B,2532.0000,0.0000,0.0000,0.0000,0.0000,2533.0000,0.0000,0.0000,0.0000,0.0000,366,0,0,0,0,60,0,0,0,0
zc,WS301,2012-06-14 09:07:02.173,2533.0000,456676,0,0.0000,2.0000,1,1,多换,B,2532.0000,0.0000,0.0000,0.0000,0.0000,2533.0000,0.0000,0.0000,0.0000,0.0000,366,0,0,0,0,59,0,0,0,0
zc,WS301,2012-06-14 09:07:03.407,2533.0000,456662,-14,0.0000,26.0000,6,20,空平,B,2532.0000,0.0000,0.0000,0.0000,0.0000,2533.0000,0.0000,0.0000,0.0000,0.0000,362,0,0,0,0,57,0,0,0,0
zc,WS301,2012-06-14 09:07:03.707,2533.0000,456662,0,0.0000,6.0000,3,3,多换,B,2532.0000,0.0000,0.0000,0.0000,0.0000,2533.0000,0.0000,0.0000,0.0000,0.0000,362,0,0,0,0,54,0,0,0,0
zc,WS301,2012-06-14 09:07:04.423,2533.0000,456662,0,0.0000,2.0000,1,1,多换,B,2532.0000,0.0000,0.0000,0.0000,0.0000,2533.0000,0.0000,0.0000,0.0000,0.0000,363,0,0,0,0,53,0,0,0,0
zc,WS301,2012-06-14 09:07:05.673,2533.0000,456662,0,0.0000,18.0000,9,9,多换,B,2532.0000,0.0000,0.0000,0.0000,0.0000,2533.0000,0.0000,0.0000,0.0000,0.0000,363,0,0,0,0,44,0,0,0,0
zc,WS301,2012-06-14 09:07:06.157,2533.0000,456662,0,0.0000,0.0000,0,0,多换,B,2532.0000,0.0000,0.0000,0.0000,0.0000,2533.0000,0.0000,0.0000,0.0000,0.0000,363,0,0,0,0,49,0,0,0,0
zc,WS301,2012-06-14 09:07:07.487,2533.0000,456662,0,0.0000,4.0000,2,2,多换,B,2532.0000,0.0000,0.0000,0.0000,0.0000,2533.0000,0.0000,0.0000,0.0000,0.0000,373,0,0,0,0,47,0,0,0,0
zc,WS301,2012-06-14 09:07:07.970,2533.0000,456662,0,0.0000,2.0000,1,1,多换,B,2532.0000,0.0000,0.0000,0.0000,0.0000,2533.0000,0.0000,0.0000,0.0000,0.0000,374,0,0,0,0,46,0,0,0,0
zc,WS301,2012-06-14 09:07:08.737,2533.0000,456662,0,0.0000,4.0000,2,2,多换,B,2532.0000,0.0000,0.0000,0.0000,0.0000,2533.0000,0.0000,0.0000,0.0000,0.0000,375,0,0,0,0,44,0,0,0,0
zc,WS301,2012-06-14 09:07:10.423,2533.0000,456660,-2,0.0000,2.0000,0,2,双平,B,2532.0000,0.0000,0.0000,0.0000,0.0000,2533.0000,0.0000,0.0000,0.0000,0.0000,375,0,0,0,0,93,0,0,0,0
zc,WS301,2012-06-14 09:07:11.207,2533.0000,456650,-10,0.0000,10.0000,0,10,双平,B,2532.0000,0.0000,0.0000,0.0000,0.0000,2533.0000,0.0000,0.0000,0.0000,0.0000,375,0,0,0,0,88,0,0,0,0
zc,WS301,2012-06-14 09:07:11.720,2533.0000,456650,0,0.0000,10.0000,5,5,多换,B,2532.0000,0.0000,0.0000,0.0000,0.0000,2533.0000,0.0000,0.0000,0.0000,0.0000,375,0,0,0,0,83,0,0,0,0
zc,WS301,2012-06-14 09:07:12.207,2533.0000,456618,-32,0.0000,36.0000,2,34,空平,B,2532.0000,0.0000,0.0000,0.0000,0.0000,2533.0000,0.0000,0.0000,0.0000,0.0000,375,0,0,0,0,257,0,0,0,0
zc,WS301,2012-06-14 09:07:12.907,2533.0000,456618,0,0.0000,0.0000,0,0,多换,B,2532.0000,0.0000,0.0000,0.0000,0.0000,2533.0000,0.0000,0.0000,0.0000,0.0000,375,0,0,0,0,258,0,0,0,0
zc,WS301,2012-06-14 09:07:13.143,2533.0000,456656,38,0.0000,58.0000,48,10,多开,B,2532.0000,0.0000,0.0000,0.0000,0.0000,2533.0000,0.0000,0.0000,0.0000,0.0000,375,0,0,0,0,230,0,0,0,0
