市场代码,合约代码,时间,最新,持仓,增仓,成交额,成交量,开仓,平仓,成交类型,方向,买一价,买二价,买三价,买四价,买五价,卖一价,卖二价,卖三价,卖四价,卖五价,买一量,买二量,买三量,买四量,买五量,卖一量,卖二量,卖三量,卖四量,卖五量
zc,WT209,2012-06-14 07:52:00.110,0.0000,3320,0,0.0000,0.0000,0,0,空换,S,0.0000,0.0000,0.0000,0.0000,0.0000,0.0000,0.0000,0.0000,0.0000,0.0000,0,0,0,0,0,0,0,0,0,0
zc,WT209,2012-06-14 08:00:00.907,0.0000,3320,0,0.0000,0.0000,0,0,空换,S,0.0000,0.0000,0.0000,0.0000,0.0000,0.0000,0.0000,0.0000,0.0000,0.0000,0,0,0,0,0,0,0,0,0,0
zc,WT209,2012-06-14 08:12:02.893,0.0000,3320,0,0.0000,0.0000,0,0,空换,S,0.0000,0.0000,0.0000,0.0000,0.0000,0.0000,0.0000,0.0000,0.0000,0.0000,0,0,0,0,0,0,0,0,0,0
zc,WT209,2012-06-14 08:14:02.893,0.0000,3320,0,0.0000,0.0000,0,0,空换,S,0.0000,0.0000,0.0000,0.0000,0.0000,0.0000,0.0000,0.0000,0.0000,0.0000,0,0,0,0,0,0,0,0,0,0
zc,WT209,2012-06-14 08:28:02.893,0.0000,3320,0,0.0000,0.0000,0,0,空换,S,0.0000,0.0000,0.0000,0.0000,0.0000,0.0000,0.0000,0.0000,0.0000,0.0000,0,0,0,0,0,0,0,0,0,0
zc,WT209,2012-06-14 08:55:02.173,0.0000,3320,0,0.0000,0.0000,0,0,空换,S,0.0000,0.0000,0.0000,0.0000,0.0000,0.0000,0.0000,0.0000,0.0000,0.0000,0,0,0,0,0,0,0,0,0,0
zc,WT209,2012-06-14 08:55:25.360,0.0000,3320,0,0.0000,0.0000,0,0,空换,S,0.0000,0.0000,0.0000,0.0000,0.0000,0.0000,0.0000,0.0000,0.0000,0.0000,0,0,0,0,0,0,0,0,0,0
zc,WT209,2012-06-14 08:55:34.860,0.0000,3320,0,0.0000,0.0000,0,0,空换,S,0.0000,0.0000,0.0000,0.0000,0.0000,0.0000,0.0000,0.0000,0.0000,0.0000,0,0,0,0,0,0,0,0,0,0
zc,WT209,2012-06-14 08:56:07.377,0.0000,3320,0,0.0000,0.0000,0,0,空换,S,0.0000,0.0000,0.0000,0.0000,0.0000,0.0000,0.0000,0.0000,0.0000,0.0000,0,0,0,0,0,0,0,0,0,0
zc,WT209,2012-06-14 08:57:14.377,0.0000,3320,0,0.0000,0.0000,0,0,空换,S,0.0000,0.0000,0.0000,0.0000,0.0000,0.0000,0.0000,0.0000,0.0000,0.0000,0,0,0,0,0,0,0,0,0,0
zc,WT209,2012-06-14 08:57:17.610,0.0000,3320,0,0.0000,0.0000,0,0,空换,S,0.0000,0.0000,0.0000,0.0000,0.0000,0.0000,0.0000,0.0000,0.0000,0.0000,0,0,0,0,0,0,0,0,0,0
zc,WT209,2012-06-14 08:57:46.377,0.0000,3320,0,0.0000,0.0000,0,0,空换,S,0.0000,0.0000,0.0000,0.0000,0.0000,0.0000,0.0000,0.0000,0.0000,0.0000,0,0,0,0,0,0,0,0,0,0
zc,WT209,2012-06-14 09:00:05.597,2166.0000,3314,-6,0.0000,6.0000,0,6,双平,B,2166.0000,0.0000,0.0000,0.0000,0.0000,2170.0000,0.0000,0.0000,0.0000,0.0000,2,0,0,0,0,1,0,0,0,0
zc,WT209,2012-06-14 09:00:06.533,2166.0000,3314,0,0.0000,0.0000,0,0,多换,B,2168.0000,0.0000,0.0000,0.0000,0.0000,2170.0000,0.0000,0.0000,0.0000,0.0000,1,0,0,0,0,1,0,0,0,0
zc,WT209,2012-06-14 09:00:34.550,2168.0000,3312,-2,0.0000,2.0000,0,2,双平,B,2166.0000,0.0000,0.0000,0.0000,0.0000,2176.0000,0.0000,0.0000,0.0000,0.0000,2,0,0,0,0,1,0,0,0,0
zc,WT209,2012-06-14 09:00:37.033,2168.0000,3312,0,0.0000,0.0000,0,0,多换,B,2166.0000,0.0000,0.0000,0.0000,0.0000,2175.0000,0.0000,0.0000,0.0000,0.0000,2,0,0,0,0,1,0,0,0,0
zc,WT209,2012-06-14 09:00:41.580,2168.0000,3312,0,0.0000,0.0000,0,0,多换,B,2166.0000,0.0000,0.0000,0.0000,0.0000,2175.0000,0.0000,0.0000,0.0000,0.0000,4,0,0,0,0,1,0,0,0,0
zc,WT209,2012-06-14 09:00:52.847,2168.0000,3312,0,0.0000,0.0000,0,0,多换,B,2166.0000,0.0000,0.0000,0.0000,0.0000,2175.0000,0.0000,0.0000,0.0000,0.0000,4,0,0,0,0,4,0,0,0,0
zc,WT209,2012-06-14 09:01:00.267,2168.0000,3312,0,0.0000,0.0000,0,0,多换,B,2166.0000,0.0000,0.0000,0.0000,0.0000,2175.0000,0.0000,0.0000,0.0000,0.0000,2,0,0,0,0,4,0,0,0,0
zc,WT209,2012-06-14 09:01:05.503,2168.0000,3312,0,0.0000,0.0000,0,0,多换,B,2167.0000,0.0000,0.0000,0.0000,0.0000,2175.0000,0.0000,0.0000,0.0000,0.0000,1,0,0,0,0,4,0,0,0,0
zc,WT209,2012-06-14 09:01:20.033,2168.0000,3312,0,0.0000,0.0000,0,0,多换,B,2167.0000,0.0000,0.0000,0.0000,0.0000,2174.0000,0.0000,0.0000,0.0000,0.0000,1,0,0,0,0,1,0,0,0,0
zc,WT209,2012-06-14 09:01:24.487,2168.0000,3312,0,0.0000,0.0000,0,0,多换,B,2167.0000,0.0000,0.0000,0.0000,0.0000,2174.0000,0.0000,0.0000,0.0000,0.0000,1,0,0,0,0,2,0,0,0,0
zc,WT209,2012-06-14 09:01:46.237,2168.0000,3312,0,0.0000,0.0000,0,0,多换,B,2168.0000,0.0000,0.0000,0.0000,0.0000,2174.0000,0.0000,0.0000,0.0000,0.0000,19,0,0,0,0,2,0,0,0,0
zc,WT209,2012-06-14 09:02:05.720,2168.0000,3312,0,0.0000,0.0000,0,0,多换,B,2168.0000,0.0000,0.0000,0.0000,0.0000,2174.0000,0.0000,0.0000,0.0000,0.0000,19,0,0,0,0,1,0,0,0,0
zc,WT209,2012-06-14 09:02:13.567,2168.0000,3312,0,0.0000,0.0000,0,0,多换,B,2168.0000,0.0000,0.0000,0.0000,0.0000,2174.0000,0.0000,0.0000,0.0000,0.0000,19,0,0,0,0,3,0,0,0,0
zc,WT209,2012-06-14 09:02:34.707,2168.0000,3312,0,0.0000,0.0000,0,0,多换,B,2169.0000,0.0000,0.0000,0.0000,0.0000,2174.0000,0.0000,0.0000,0.0000,0.0000,1,0,0,0,0,3,0,0,0,0
zc,WT209,2012-06-14 09:03:01.720,2168.0000,3312,0,0.0000,0.0000,0,0,多换,B,2169.0000,0.0000,0.0000,0.0000,0.0000,2173.0000,0.0000,0.0000,0.0000,0.0000,1,0,0,0,0,1,0,0,0,0
zc,WT209,2012-06-14 09:03:33.237,2168.0000,3312,0,0.0000,0.0000,0,0,多换,B,2169.0000,0.0000,0.0000,0.0000,0.0000,2173.0000,0.0000,0.0000,0.0000,0.0000,1,0,0,0,0,2,0,0,0,0
zc,WT209,2012-06-14 09:03:38.503,2168.0000,3312,0,0.0000,0.0000,0,0,多换,B,2168.0000,0.0000,0.0000,0.0000,0.0000,2173.0000,0.0000,0.0000,0.0000,0.0000,19,0,0,0,0,3,0,0,0,0
zc,WT209,2012-06-14 09:04:40.737,2168.0000,3312,0,0.0000,0.0000,0,0,多换,B,2169.0000,0.0000,0.0000,0.0000,0.0000,2173.0000,0.0000,0.0000,0.0000,0.0000,1,0,0,0,0,3,0,0,0,0
zc,WT209,2012-06-14 09:04:44.487,2168.0000,3312,0,0.0000,0.0000,0,0,多换,B,2169.0000,0.0000,0.0000,0.0000,0.0000,2170.0000,0.0000,0.0000,0.0000,0.0000,1,0,0,0,0,3,0,0,0,0
zc,WT209,2012-06-14 09:05:09.207,2168.0000,3274,-38,0.0000,40.0000,1,39,空平,B,2167.0000,0.0000,0.0000,0.0000,0.0000,2170.0000,0.0000,0.0000,0.0000,0.0000,1,0,0,0,0,3,0,0,0,0
zc,WT209,2012-06-14 09:06:02.907,2168.0000,3274,0,0.0000,0.0000,0,0,多换,B,2167.0000,0.0000,0.0000,0.0000,0.0000,2170.0000,0.0000,0.0000,0.0000,0.0000,1,0,0,0,0,3,0,0,0,0
zc,WT209,2012-06-14 09:06:11.207,2168.0000,3274,0,0.0000,0.0000,0,0,多换,B,2168.0000,0.0000,0.0000,0.0000,0.0000,2170.0000,0.0000,0.0000,0.0000,0.0000,20,0,0,0,0,3,0,0,0,0
zc,WT209,2012-06-14 09:06:21.253,2168.0000,3234,-40,0.0000,40.0000,0,40,双平,B,2167.0000,0.0000,0.0000,0.0000,0.0000,2170.0000,0.0000,0.0000,0.0000,0.0000,1,0,0,0,0,3,0,0,0,0
zc,WT209,2012-06-14 09:06:27.720,2168.0000,3234,0,0.0000,0.0000,0,0,多换,B,2167.0000,0.0000,0.0000,0.0000,0.0000,2169.0000,0.0000,0.0000,0.0000,0.0000,1,0,0,0,0,1,0,0,0,0
zc,WT209,2012-06-14 09:06:51.457,2168.0000,3234,0,0.0000,0.0000,0,0,多换,B,2167.0000,0.0000,0.0000,0.0000,0.0000,2169.0000,0.0000,0.0000,0.0000,0.0000,2,0,0,0,0,1,0,0,0,0
zc,WT209,2012-06-14 09:06:53.190,2168.0000,3234,0,0.0000,0.0000,0,0,多换,B,2168.0000,0.0000,0.0000,0.0000,0.0000,2169.0000,0.0000,0.0000,0.0000,0.0000,20,0,0,0,0,1,0,0,0,0
zc,WT209,2012-06-14 09:06:58.143,2168.0000,3194,-40,0.0000,40.0000,0,40,双平,B,2167.0000,0.0000,0.0000,0.0000,0.0000,2169.0000,0.0000,0.0000,0.0000,0.0000,2,0,0,0,0,1,0,0,0,0
zc,WT209,2012-06-14 09:07:14.707,2168.0000,3194,0,0.0000,0.0000,0,0,多换,B,2167.0000,0.0000,0.0000,0.0000,0.0000,2168.0000,0.0000,0.0000,0.0000,0.0000,2,0,0,0,0,2,0,0,0,0
zc,WT209,2012-06-14 09:07:16.923,2168.0000,3194,0,0.0000,4.0000,2,2,多换,B,2168.0000,0.0000,0.0000,0.0000,0.0000,2169.0000,0.0000,0.0000,0.0000,0.0000,38,0,0,0,0,1,0,0,0,0
zc,WT209,2012-06-14 09:07:35.237,2168.0000,3118,-76,0.0000,76.0000,0,76,双平,B,2167.0000,0.0000,0.0000,0.0000,0.0000,2168.0000,0.0000,0.0000,0.0000,0.0000,2,0,0,0,0,2,0,0,0,0
zc,WT209,2012-06-14 09:07:45.253,2168.0000,3118,0,0.0000,0.0000,0,0,多换,B,2167.0000,0.0000,0.0000,0.0000,0.0000,2168.0000,0.0000,0.0000,0.0000,0.0000,2,0,0,0,0,3,0,0,0,0
zc,WT209,2012-06-14 09:07:55.970,2168.0000,3118,0,0.0000,0.0000,0,0,多换,B,2167.0000,0.0000,0.0000,0.0000,0.0000,2168.0000,0.0000,0.0000,0.0000,0.0000,22,0,0,0,0,3,0,0,0,0
zc,WT209,2012-06-14 09:08:15.877,2168.0000,3118,0,0.0000,0.0000,0,0,多换,B,2167.0000,0.0000,0.0000,0.0000,0.0000,2168.0000,0.0000,0.0000,0.0000,0.0000,21,0,0,0,0,3,0,0,0,0
zc,WT209,2012-06-14 09:08:23.940,2168.0000,3114,-4,0.0000,6.0000,1,5,空平,B,2168.0000,0.0000,0.0000,0.0000,0.0000,2173.0000,0.0000,0.0000,0.0000,0.0000,37,0,0,0,0,4,0,0,0,0
zc,WT209,2012-06-14 09:10:02.907,2168.0000,3114,0,0.0000,0.0000,0,0,多换,B,2168.0000,0.0000,0.0000,0.0000,0.0000,2173.0000,0.0000,0.0000,0.0000,0.0000,37,0,0,0,0,4,0,0,0,0
zc,WT209,2012-06-14 09:10:09.940,2168.0000,3114,0,0.0000,0.0000,0,0,多换,B,2168.0000,0.0000,0.0000,0.0000,0.0000,2172.0000,0.0000,0.0000,0.0000,0.0000,37,0,0,0,0,1,0,0,0,0
zc,WT209,2012-06-14 09:10:20.987,2168.0000,3114,0,0.0000,0.0000,0,0,多换,B,2167.0000,0.0000,0.0000,0.0000,0.0000,2172.0000,0.0000,0.0000,0.0000,0.0000,1,0,0,0,0,1,0,0,0,0
zc,WT209,2012-06-14 09:10:34.457,2168.0000,3114,0,0.0000,0.0000,0,0,多换,B,2167.0000,0.0000,0.0000,0.0000,0.0000,2172.0000,0.0000,0.0000,0.0000,0.0000,4,0,0,0,0,1,0,0,0,0
zc,WT209,2012-06-14 09:11:35.907,2168.0000,3114,0,0.0000,0.0000,0,0,多换,B,2168.0000,0.0000,0.0000,0.0000,0.0000,2172.0000,0.0000,0.0000,0.0000,0.0000,20,0,0,0,0,1,0,0,0,0
zc,WT209,2012-06-14 09:12:02.877,2172.0000,3114,0,0.0000,2.0000,1,1,多换,B,2168.0000,0.0000,0.0000,0.0000,0.0000,2173.0000,0.0000,0.0000,0.0000,0.0000,20,0,0,0,0,4,0,0,0,0
zc,WT209,2012-06-14 09:12:03.017,2172.0000,3114,0,0.0000,0.0000,0,0,多换,B,2168.0000,0.0000,0.0000,0.0000,0.0000,2173.0000,0.0000,0.0000,0.0000,0.0000,20,0,0,0,0,4,0,0,0,0
zc,WT209,2012-06-14 09:12:35.673,2172.0000,3114,0,0.0000,0.0000,0,0,多换,B,2169.0000,0.0000,0.0000,0.0000,0.0000,2173.0000,0.0000,0.0000,0.0000,0.0000,1,0,0,0,0,4,0,0,0,0
zc,WT209,2012-06-14 09:12:37.190,2172.0000,3114,0,0.0000,0.0000,0,0,多换,B,2169.0000,0.0000,0.0000,0.0000,0.0000,2173.0000,0.0000,0.0000,0.0000,0.0000,2,0,0,0,0,4,0,0,0,0
zc,WT209,2012-06-14 09:12:43.643,2172.0000,3114,0,0.0000,0.0000,0,0,多换,B,2169.0000,0.0000,0.0000,0.0000,0.0000,2172.0000,0.0000,0.0000,0.0000,0.0000,2,0,0,0,0,1,0,0,0,0
zc,WT209,2012-06-14 09:13:13.987,2172.0000,3114,0,0.0000,0.0000,0,0,多换,B,2169.0000,0.0000,0.0000,0.0000,0.0000,2172.0000,0.0000,0.0000,0.0000,0.0000,3,0,0,0,0,1,0,0,0,0
zc,WT209,2012-06-14 09:13:28.143,2172.0000,3114,0,0.0000,0.0000,0,0,多换,B,2169.0000,0.0000,0.0000,0.0000,0.0000,2172.0000,0.0000,0.0000,0.0000,0.0000,3,0,0,0,0,2,0,0,0,0
zc,WT209,2012-06-14 09:14:03.253,2169.0000,3110,-4,0.0000,4.0000,0,4,双平,S,2169.0000,0.0000,0.0000,0.0000,0.0000,2172.0000,0.0000,0.0000,0.0000,0.0000,1,0,0,0,0,2,0,0,0,0
zc,WT209,2012-06-14 09:14:04.457,2169.0000,3108,-2,0.0000,2.0000,0,2,双平,S,2168.0000,0.0000,0.0000,0.0000,0.0000,2169.0000,0.0000,0.0000,0.0000,0.0000,20,0,0,0,0,1,0,0,0,0
zc,WT209,2012-06-14 09:14:11.207,2169.0000,3108,0,0.0000,2.0000,1,1,空换,S,2168.0000,0.0000,0.0000,0.0000,0.0000,2172.0000,0.0000,0.0000,0.0000,0.0000,20,0,0,0,0,2,0,0,0,0
zc,WT209,2012-06-14 09:14:21.173,2169.0000,3108,0,0.0000,0.0000,0,0,空换,S,2168.0000,0.0000,0.0000,0.0000,0.0000,2171.0000,0.0000,0.0000,0.0000,0.0000,20,0,0,0,0,1,0,0,0,0
zc,WT209,2012-06-14 09:14:56.207,2168.0000,3106,-2,0.0000,2.0000,0,2,双平,S,2168.0000,0.0000,0.0000,0.0000,0.0000,2171.0000,0.0000,0.0000,0.0000,0.0000,19,0,0,0,0,1,0,0,0,0
zc,WT209,2012-06-14 09:15:05.393,2168.0000,3106,0,0.0000,0.0000,0,0,空换,S,2169.0000,0.0000,0.0000,0.0000,0.0000,2171.0000,0.0000,0.0000,0.0000,0.0000,1,0,0,0,0,1,0,0,0,0
zc,WT209,2012-06-14 09:15:17.940,2168.0000,3106,0,0.0000,0.0000,0,0,空换,S,2168.0000,0.0000,0.0000,0.0000,0.0000,2171.0000,0.0000,0.0000,0.0000,0.0000,19,0,0,0,0,1,0,0,0,0
zc,WT209,2012-06-14 09:15:38.673,2168.0000,3106,0,0.0000,0.0000,0,0,空换,S,2168.0000,0.0000,0.0000,0.0000,0.0000,2172.0000,0.0000,0.0000,0.0000,0.0000,19,0,0,0,0,3,0,0,0,0
zc,WT209,2012-06-14 09:15:40.440,2168.0000,3106,0,0.0000,0.0000,0,0,空换,S,2170.0000,0.0000,0.0000,0.0000,0.0000,2172.0000,0.0000,0.0000,0.0000,0.0000,1,0,0,0,0,3,0,0,0,0
zc,WT209,2012-06-14 09:15:52.707,2168.0000,3106,0,0.0000,0.0000,0,0,空换,S,2168.0000,0.0000,0.0000,0.0000,0.0000,2172.0000,0.0000,0.0000,0.0000,0.0000,19,0,0,0,0,3,0,0,0,0
zc,WT209,2012-06-14 09:15:59.457,2168.0000,3106,0,0.0000,0.0000,0,0,空换,S,2171.0000,0.0000,0.0000,0.0000,0.0000,2172.0000,0.0000,0.0000,0.0000,0.0000,1,0,0,0,0,3,0,0,0,0
zc,WT209,2012-06-14 09:16:02.957,2168.0000,3106,0,0.0000,0.0000,0,0,空换,S,2168.0000,0.0000,0.0000,0.0000,0.0000,2172.0000,0.0000,0.0000,0.0000,0.0000,19,0,0,0,0,3,0,0,0,0
zc,WT209,2012-06-14 09:16:05.190,2168.0000,3106,0,0.0000,0.0000,0,0,空换,S,2169.0000,0.0000,0.0000,0.0000,0.0000,2172.0000,0.0000,0.0000,0.0000,0.0000,1,0,0,0,0,3,0,0,0,0
zc,WT209,2012-06-14 09:16:06.143,2172.0000,3108,2,0.0000,2.0000,2,0,双开,B,2169.0000,0.0000,0.0000,0.0000,0.0000,2172.0000,0.0000,0.0000,0.0000,0.0000,1,0,0,0,0,2,0,0,0,0
zc,WT209,2012-06-14 09:16:10.923,2172.0000,3108,0,0.0000,0.0000,0,0,多换,B,2169.0000,0.0000,0.0000,0.0000,0.0000,2172.0000,0.0000,0.0000,0.0000,0.0000,1,0,0,0,0,3,0,0,0,0
zc,WT209,2012-06-14 09:17:04.907,2169.0000,3110,2,0.0000,2.0000,2,0,双开,S,2168.0000,0.0000,0.0000,0.0000,0.0000,2172.0000,0.0000,0.0000,0.0000,0.0000,19,0,0,0,0,3,0,0,0,0
zc,WT209,2012-06-14 09:17:09.143,2168.0000,3108,-2,0.0000,2.0000,0,2,双平,S,2168.0000,0.0000,0.0000,0.0000,0.0000,2172.0000,0.0000,0.0000,0.0000,0.0000,18,0,0,0,0,3,0,0,0,0
zc,WT209,2012-06-14 09:17:14.487,2168.0000,3108,0,0.0000,0.0000,0,0,空换,S,2168.0000,0.0000,0.0000,0.0000,0.0000,2171.0000,0.0000,0.0000,0.0000,0.0000,18,0,0,0,0,1,0,0,0,0
zc,WT209,2012-06-14 09:17:17.940,2168.0000,3072,-36,0.0000,36.0000,0,36,双平,S,2167.0000,0.0000,0.0000,0.0000,0.0000,2168.0000,0.0000,0.0000,0.0000,0.0000,3,0,0,0,0,2,0,0,0,0
zc,WT209,2012-06-14 09:17:28.987,2167.0000,3066,-6,0.0000,6.0000,0,6,双平,S,2166.0000,0.0000,0.0000,0.0000,0.0000,2167.0000,0.0000,0.0000,0.0000,0.0000,11,0,0,0,0,2,0,0,0,0
zc,WT209,2012-06-14 09:17:31.190,2167.0000,3060,-6,0.0000,14.0000,4,10,多平,S,2166.0000,0.0000,0.0000,0.0000,0.0000,2168.0000,0.0000,0.0000,0.0000,0.0000,6,0,0,0,0,2,0,0,0,0
zc,WT209,2012-06-14 09:17:31.673,2166.0000,3050,-10,0.0000,10.0000,0,10,双平,S,2166.0000,0.0000,0.0000,0.0000,0.0000,2168.0000,0.0000,0.0000,0.0000,0.0000,1,0,0,0,0,2,0,0,0,0
zc,WT209,2012-06-14 09:17:39.157,2168.0000,3046,-4,0.0000,4.0000,0,4,双平,B,2168.0000,0.0000,0.0000,0.0000,0.0000,2171.0000,0.0000,0.0000,0.0000,0.0000,19,0,0,0,0,1,0,0,0,0
zc,WT209,2012-06-14 09:18:01.440,2168.0000,3046,0,0.0000,0.0000,0,0,多换,B,2168.0000,0.0000,0.0000,0.0000,0.0000,2171.0000,0.0000,0.0000,0.0000,0.0000,19,0,0,0,0,2,0,0,0,0
zc,WT209,2012-06-14 09:18:06.673,2168.0000,3046,0,0.0000,0.0000,0,0,多换,B,2168.0000,0.0000,0.0000,0.0000,0.0000,2169.0000,0.0000,0.0000,0.0000,0.0000,19,0,0,0,0,1,0,0,0,0
zc,WT209,2012-06-14 09:18:12.753,2168.0000,3026,-20,0.0000,20.0000,0,20,双平,B,2168.0000,0.0000,0.0000,0.0000,0.0000,2169.0000,0.0000,0.0000,0.0000,0.0000,9,0,0,0,0,1,0,0,0,0
zc,WT209,2012-06-14 09:18:13.317,2168.0000,3016,-10,0.0000,10.0000,0,10,双平,B,2168.0000,0.0000,0.0000,0.0000,0.0000,2169.0000,0.0000,0.0000,0.0000,0.0000,4,0,0,0,0,1,0,0,0,0
zc,WT209,2012-06-14 09:18:13.923,2168.0000,3008,-8,0.0000,8.0000,0,8,双平,B,2166.0000,0.0000,0.0000,0.0000,0.0000,2168.0000,0.0000,0.0000,0.0000,0.0000,2,0,0,0,0,1,0,0,0,0
zc,WT209,2012-06-14 09:18:15.720,2168.0000,3008,0,0.0000,0.0000,0,0,多换,B,2166.0000,0.0000,0.0000,0.0000,0.0000,2168.0000,0.0000,0.0000,0.0000,0.0000,2,0,0,0,0,2,0,0,0,0
zc,WT209,2012-06-14 09:18:16.970,2168.0000,3008,0,0.0000,0.0000,0,0,多换,B,2167.0000,0.0000,0.0000,0.0000,0.0000,2168.0000,0.0000,0.0000,0.0000,0.0000,1,0,0,0,0,2,0,0,0,0
zc,WT209,2012-06-14 09:18:22.487,2168.0000,3008,0,0.0000,0.0000,0,0,多换,B,2166.0000,0.0000,0.0000,0.0000,0.0000,2168.0000,0.0000,0.0000,0.0000,0.0000,2,0,0,0,0,2,0,0,0,0
zc,WT209,2012-06-14 09:18:23.190,2168.0000,3008,0,0.0000,0.0000,0,0,多换,B,2166.0000,0.0000,0.0000,0.0000,0.0000,2168.0000,0.0000,0.0000,0.0000,0.0000,3,0,0,0,0,2,0,0,0,0
zc,WT209,2012-06-14 09:18:25.470,2168.0000,3008,0,0.0000,0.0000,0,0,多换,B,2166.0000,0.0000,0.0000,0.0000,0.0000,2168.0000,0.0000,0.0000,0.0000,0.0000,3,0,0,0,0,1,0,0,0,0
zc,WT209,2012-06-14 09:18:26.720,2168.0000,3008,0,0.0000,0.0000,0,0,多换,B,2167.0000,0.0000,0.0000,0.0000,0.0000,2168.0000,0.0000,0.0000,0.0000,0.0000,1,0,0,0,0,1,0,0,0,0
zc,WT209,2012-06-14 09:18:31.503,2168.0000,3008,0,0.0000,0.0000,0,0,多换,B,2166.0000,0.0000,0.0000,0.0000,0.0000,2168.0000,0.0000,0.0000,0.0000,0.0000,3,0,0,0,0,1,0,0,0,0
zc,WT209,2012-06-14 09:18:32.673,2168.0000,3008,0,0.0000,0.0000,0,0,多换,B,2166.0000,0.0000,0.0000,0.0000,0.0000,2168.0000,0.0000,0.0000,0.0000,0.0000,23,0,0,0,0,1,0,0,0,0
zc,WT209,2012-06-14 09:18:33.737,2168.0000,3008,0,0.0000,2.0000,1,1,多换,B,2166.0000,0.0000,0.0000,0.0000,0.0000,2171.0000,0.0000,0.0000,0.0000,0.0000,23,0,0,0,0,2,0,0,0,0
zc,WT209,2012-06-14 09:18:40.657,2168.0000,3008,0,0.0000,0.0000,0,0,多换,B,2167.0000,0.0000,0.0000,0.0000,0.0000,2171.0000,0.0000,0.0000,0.0000,0.0000,1,0,0,0,0,2,0,0,0,0
zc,WT209,2012-06-14 09:18:42.737,2168.0000,3008,0,0.0000,0.0000,0,0,多换,B,2167.0000,0.0000,0.0000,0.0000,0.0000,2171.0000,0.0000,0.0000,0.0000,0.0000,3,0,0,0,0,3,0,0,0,0
zc,WT209,2012-06-14 09:18:45.457,2168.0000,3008,0,0.0000,0.0000,0,0,多换,B,2167.0000,0.0000,0.0000,0.0000,0.0000,2171.0000,0.0000,0.0000,0.0000,0.0000,4,0,0,0,0,3,0,0,0,0
zc,WT209,2012-06-14 09:18:48.940,2168.0000,3008,0,0.0000,0.0000,0,0,多换,B,2168.0000,0.0000,0.0000,0.0000,0.0000,2171.0000,0.0000,0.0000,0.0000,0.0000,20,0,0,0,0,3,0,0,0,0
zc,WT209,2012-06-14 09:18:52.970,2168.0000,2998,-10,0.0000,10.0000,0,10,双平,B,2168.0000,0.0000,0.0000,0.0000,0.0000,2171.0000,0.0000,0.0000,0.0000,0.0000,15,0,0,0,0,3,0,0,0,0
zc,WT209,2012-06-14 09:18:53.657,2168.0000,2968,-30,0.0000,30.0000,0,30,双平,B,2167.0000,0.0000,0.0000,0.0000,0.0000,2171.0000,0.0000,0.0000,0.0000,0.0000,4,0,0,0,0,3,0,0,0,0
zc,WT209,2012-06-14 09:18:53.957,2168.0000,2968,0,0.0000,0.0000,0,0,多换,B,2167.0000,0.0000,0.0000,0.0000,0.0000,2171.0000,0.0000,0.0000,0.0000,0.0000,4,0,0,0,0,2,0,0,0,0
zc,WT209,2012-06-14 09:19:06.707,2168.0000,2968,0,0.0000,0.0000,0,0,多换,B,2168.0000,0.0000,0.0000,0.0000,0.0000,2171.0000,0.0000,0.0000,0.0000,0.0000,20,0,0,0,0,2,0,0,0,0
zc,WT209,2012-06-14 09:19:13.423,2168.0000,2946,-22,0.0000,24.0000,1,23,空平,B,2168.0000,0.0000,0.0000,0.0000,0.0000,2172.0000,0.0000,0.0000,0.0000,0.0000,18,0,0,0,0,1,0,0,0,0
zc,WT209,2012-06-14 09:19:14.190,2168.0000,2926,-20,0.0000,20.0000,0,20,双平,B,2168.0000,0.0000,0.0000,0.0000,0.0000,2172.0000,0.0000,0.0000,0.0000,0.0000,8,0,0,0,0,1,0,0,0,0
zc,WT209,2012-06-14 09:19:16.173,2168.0000,2916,-10,0.0000,10.0000,0,10,双平,B,2168.0000,0.0000,0.0000,0.0000,0.0000,2172.0000,0.0000,0.0000,0.0000,0.0000,3,0,0,0,0,1,0,0,0,0
zc,WT209,2012-06-14 09:19:17.657,2168.0000,2910,-6,0.0000,6.0000,0,6,双平,B,2167.0000,0.0000,0.0000,0.0000,0.0000,2168.0000,0.0000,0.0000,0.0000,0.0000,24,0,0,0,0,2,0,0,0,0
zc,WT209,2012-06-14 09:19:28.707,2168.0000,2910,0,0.0000,4.0000,2,2,多换,B,2167.0000,0.0000,0.0000,0.0000,0.0000,2172.0000,0.0000,0.0000,0.0000,0.0000,24,0,0,0,0,2,0,0,0,0
zc,WT209,2012-06-14 09:19:34.440,2168.0000,2910,0,0.0000,0.0000,0,0,多换,B,2168.0000,0.0000,0.0000,0.0000,0.0000,2172.0000,0.0000,0.0000,0.0000,0.0000,2,0,0,0,0,2,0,0,0,0
zc,WT209,2012-06-14 09:19:37.923,2168.0000,2910,0,0.0000,4.0000,2,2,多换,B,2167.0000,0.0000,0.0000,0.0000,0.0000,2168.0000,0.0000,0.0000,0.0000,0.0000,24,0,0,0,0,3,0,0,0,0
zc,WT209,2012-06-14 09:19:38.423,2168.0000,2908,-2,0.0000,2.0000,0,2,双平,B,2167.0000,0.0000,0.0000,0.0000,0.0000,2168.0000,0.0000,0.0000,0.0000,0.0000,24,0,0,0,0,2,0,0,0,0
zc,WT209,2012-06-14 09:19:42.470,2168.0000,2908,0,0.0000,2.0000,1,1,多换,B,2167.0000,0.0000,0.0000,0.0000,0.0000,2168.0000,0.0000,0.0000,0.0000,0.0000,24,0,0,0,0,1,0,0,0,0
zc,WT209,2012-06-14 09:19:44.657,2168.0000,2908,0,0.0000,2.0000,1,1,多换,B,2168.0000,0.0000,0.0000,0.0000,0.0000,2172.0000,0.0000,0.0000,0.0000,0.0000,1,0,0,0,0,2,0,0,0,0
zc,WT209,2012-06-14 09:19:48.207,2168.0000,2908,0,0.0000,0.0000,0,0,多换,B,2168.0000,0.0000,0.0000,0.0000,0.0000,2171.0000,0.0000,0.0000,0.0000,0.0000,1,0,0,0,0,1,0,0,0,0
zc,WT209,2012-06-14 09:19:48.940,2168.0000,2908,0,0.0000,0.0000,0,0,多换,B,2168.0000,0.0000,0.0000,0.0000,0.0000,2171.0000,0.0000,0.0000,0.0000,0.0000,1,0,0,0,0,2,0,0,0,0
zc,WT209,2012-06-14 09:19:52.893,2171.0000,2906,-2,0.0000,4.0000,1,3,空平,B,2171.0000,0.0000,0.0000,0.0000,0.0000,2172.0000,0.0000,0.0000,0.0000,0.0000,8,0,0,0,0,2,0,0,0,0
zc,WT209,2012-06-14 09:19:58.440,2171.0000,2892,-14,0.0000,14.0000,0,14,双平,B,2171.0000,0.0000,0.0000,0.0000,0.0000,2172.0000,0.0000,0.0000,0.0000,0.0000,1,0,0,0,0,2,0,0,0,0
zc,WT209,2012-06-14 09:19:59.207,2171.0000,2890,-2,0.0000,2.0000,0,2,双平,B,2168.0000,0.0000,0.0000,0.0000,0.0000,2171.0000,0.0000,0.0000,0.0000,0.0000,1,0,0,0,0,4,0,0,0,0
zc,WT209,2012-06-14 09:20:01.423,2171.0000,2890,0,0.0000,0.0000,0,0,多换,B,2168.0000,0.0000,0.0000,0.0000,0.0000,2171.0000,0.0000,0.0000,0.0000,0.0000,3,0,0,0,0,4,0,0,0,0
zc,WT209,2012-06-14 09:20:04.393,2171.0000,2890,0,0.0000,0.0000,0,0,多换,B,2168.0000,0.0000,0.0000,0.0000,0.0000,2171.0000,0.0000,0.0000,0.0000,0.0000,4,0,0,0,0,4,0,0,0,0
zc,WT209,2012-06-14 09:20:04.907,2171.0000,2890,0,0.0000,0.0000,0,0,多换,B,2168.0000,0.0000,0.0000,0.0000,0.0000,2171.0000,0.0000,0.0000,0.0000,0.0000,6,0,0,0,0,4,0,0,0,0
zc,WT209,2012-06-14 09:20:38.673,2171.0000,2890,0,0.0000,0.0000,0,0,多换,B,2168.0000,0.0000,0.0000,0.0000,0.0000,2171.0000,0.0000,0.0000,0.0000,0.0000,6,0,0,0,0,7,0,0,0,0
zc,WT209,2012-06-14 09:20:41.487,2171.0000,2890,0,0.0000,0.0000,0,0,多换,B,2168.0000,0.0000,0.0000,0.0000,0.0000,2171.0000,0.0000,0.0000,0.0000,0.0000,26,0,0,0,0,7,0,0,0,0
zc,WT209,2012-06-14 09:20:43.893,2171.0000,2890,0,0.0000,0.0000,0,0,多换,B,2168.0000,0.0000,0.0000,0.0000,0.0000,2171.0000,0.0000,0.0000,0.0000,0.0000,25,0,0,0,0,7,0,0,0,0
zc,WT209,2012-06-14 09:20:49.923,2171.0000,2890,0,0.0000,0.0000,0,0,多换,B,2169.0000,0.0000,0.0000,0.0000,0.0000,2171.0000,0.0000,0.0000,0.0000,0.0000,1,0,0,0,0,7,0,0,0,0
zc,WT209,2012-06-14 09:20:54.487,2169.0000,2890,0,0.0000,2.0000,1,1,空换,S,2168.0000,0.0000,0.0000,0.0000,0.0000,2169.0000,0.0000,0.0000,0.0000,0.0000,25,0,0,0,0,4,0,0,0,0
zc,WT209,2012-06-14 09:20:56.907,2169.0000,2888,-2,0.0000,2.0000,0,2,双平,S,2168.0000,0.0000,0.0000,0.0000,0.0000,2169.0000,0.0000,0.0000,0.0000,0.0000,25,0,0,0,0,3,0,0,0,0
zc,WT209,2012-06-14 09:21:00.237,2169.0000,2888,0,0.0000,0.0000,0,0,空换,S,2168.0000,0.0000,0.0000,0.0000,0.0000,2169.0000,0.0000,0.0000,0.0000,0.0000,24,0,0,0,0,3,0,0,0,0
zc,WT209,2012-06-14 09:21:00.970,2168.0000,2876,-12,0.0000,20.0000,4,16,多平,S,2168.0000,0.0000,0.0000,0.0000,0.0000,2169.0000,0.0000,0.0000,0.0000,0.0000,14,0,0,0,0,3,0,0,0,0
zc,WT209,2012-06-14 09:21:01.237,2168.0000,2856,-20,0.0000,20.0000,0,20,双平,S,2168.0000,0.0000,0.0000,0.0000,0.0000,2169.0000,0.0000,0.0000,0.0000,0.0000,4,0,0,0,0,3,0,0,0,0
zc,WT209,2012-06-14 09:21:01.907,2168.0000,2848,-8,0.0000,8.0000,0,8,双平,S,2167.0000,0.0000,0.0000,0.0000,0.0000,2168.0000,0.0000,0.0000,0.0000,0.0000,43,0,0,0,0,1,0,0,0,0
zc,WT209,2012-06-14 09:21:02.877,2168.0000,2848,0,0.0000,0.0000,0,0,空换,S,2167.0000,0.0000,0.0000,0.0000,0.0000,2168.0000,0.0000,0.0000,0.0000,0.0000,43,0,0,0,0,1,0,0,0,0
zc,WT209,2012-06-14 09:21:04.157,2168.0000,2848,0,0.0000,2.0000,1,1,空换,S,2167.0000,0.0000,0.0000,0.0000,0.0000,2169.0000,0.0000,0.0000,0.0000,0.0000,43,0,0,0,0,3,0,0,0,0
zc,WT209,2012-06-14 09:21:16.207,2168.0000,2848,0,0.0000,0.0000,0,0,空换,S,2168.0000,0.0000,0.0000,0.0000,0.0000,2169.0000,0.0000,0.0000,0.0000,0.0000,10,0,0,0,0,3,0,0,0,0
zc,WT209,2012-06-14 09:21:16.643,2168.0000,2848,0,0.0000,0.0000,0,0,空换,S,2168.0000,0.0000,0.0000,0.0000,0.0000,2169.0000,0.0000,0.0000,0.0000,0.0000,11,0,0,0,0,3,0,0,0,0
zc,WT209,2012-06-14 09:21:19.143,2168.0000,2848,0,0.0000,10.0000,5,5,空换,S,2168.0000,0.0000,0.0000,0.0000,0.0000,2169.0000,0.0000,0.0000,0.0000,0.0000,6,0,0,0,0,3,0,0,0,0
zc,WT209,2012-06-14 09:21:19.470,2168.0000,2848,0,0.0000,10.0000,5,5,空换,S,2168.0000,0.0000,0.0000,0.0000,0.0000,2169.0000,0.0000,0.0000,0.0000,0.0000,1,0,0,0,0,3,0,0,0,0
zc,WT209,2012-06-14 09:21:24.720,2168.0000,2848,0,0.0000,0.0000,0,0,空换,S,2167.0000,0.0000,0.0000,0.0000,0.0000,2169.0000,0.0000,0.0000,0.0000,0.0000,41,0,0,0,0,3,0,0,0,0
zc,WT209,2012-06-14 09:21:39.957,2168.0000,2848,0,0.0000,0.0000,0,0,空换,S,2168.0000,0.0000,0.0000,0.0000,0.0000,2169.0000,0.0000,0.0000,0.0000,0.0000,20,0,0,0,0,3,0,0,0,0
zc,WT209,2012-06-14 09:21:54.643,2168.0000,2838,-10,0.0000,10.0000,0,10,双平,S,2168.0000,0.0000,0.0000,0.0000,0.0000,2169.0000,0.0000,0.0000,0.0000,0.0000,15,0,0,0,0,3,0,0,0,0
zc,WT209,2012-06-14 09:21:55.190,2168.0000,2818,-20,0.0000,20.0000,0,20,双平,S,2168.0000,0.0000,0.0000,0.0000,0.0000,2169.0000,0.0000,0.0000,0.0000,0.0000,5,0,0,0,0,3,0,0,0,0
zc,WT209,2012-06-14 09:22:11.923,2169.0000,2812,-6,0.0000,6.0000,0,6,双平,B,2169.0000,0.0000,0.0000,0.0000,0.0000,2171.0000,0.0000,0.0000,0.0000,0.0000,7,0,0,0,0,7,0,0,0,0
zc,WT209,2012-06-14 09:22:15.643,2169.0000,2812,0,0.0000,0.0000,0,0,多换,B,2169.0000,0.0000,0.0000,0.0000,0.0000,2170.0000,0.0000,0.0000,0.0000,0.0000,7,0,0,0,0,1,0,0,0,0
zc,WT209,2012-06-14 09:22:25.220,2169.0000,2804,-8,0.0000,8.0000,0,8,双平,B,2169.0000,0.0000,0.0000,0.0000,0.0000,2170.0000,0.0000,0.0000,0.0000,0.0000,3,0,0,0,0,1,0,0,0,0
zc,WT209,2012-06-14 09:22:30.173,2169.0000,2798,-6,0.0000,6.0000,0,6,双平,B,2168.0000,0.0000,0.0000,0.0000,0.0000,2170.0000,0.0000,0.0000,0.0000,0.0000,5,0,0,0,0,1,0,0,0,0
zc,WT209,2012-06-14 09:23:37.143,2169.0000,2798,0,0.0000,0.0000,0,0,多换,B,2168.0000,0.0000,0.0000,0.0000,0.0000,2170.0000,0.0000,0.0000,0.0000,0.0000,10,0,0,0,0,1,0,0,0,0
zc,WT209,2012-06-14 09:23:48.470,2169.0000,2798,0,0.0000,0.0000,0,0,多换,B,2168.0000,0.0000,0.0000,0.0000,0.0000,2170.0000,0.0000,0.0000,0.0000,0.0000,11,0,0,0,0,1,0,0,0,0
zc,WT209,2012-06-14 09:24:04.673,2169.0000,2798,0,0.0000,0.0000,0,0,多换,B,2169.0000,0.0000,0.0000,0.0000,0.0000,2170.0000,0.0000,0.0000,0.0000,0.0000,10,0,0,0,0,1,0,0,0,0
zc,WT209,2012-06-14 09:24:21.877,2170.0000,2798,0,0.0000,2.0000,1,1,多换,B,2169.0000,0.0000,0.0000,0.0000,0.0000,2171.0000,0.0000,0.0000,0.0000,0.0000,10,0,0,0,0,4,0,0,0,0
zc,WT209,2012-06-14 09:24:25.893,2170.0000,2798,0,0.0000,0.0000,0,0,多换,B,2169.0000,0.0000,0.0000,0.0000,0.0000,2171.0000,0.0000,0.0000,0.0000,0.0000,10,0,0,0,0,3,0,0,0,0
zc,WT209,2012-06-14 09:24:41.657,2170.0000,2798,0,0.0000,0.0000,0,0,多换,B,2170.0000,0.0000,0.0000,0.0000,0.0000,2171.0000,0.0000,0.0000,0.0000,0.0000,1,0,0,0,0,3,0,0,0,0
zc,WT209,2012-06-14 09:24:43.610,2170.0000,2798,0,0.0000,0.0000,0,0,多换,B,2170.0000,0.0000,0.0000,0.0000,0.0000,2171.0000,0.0000,0.0000,0.0000,0.0000,1,0,0,0,0,2,0,0,0,0
zc,WT209,2012-06-14 09:24:59.377,2170.0000,2796,-2,0.0000,2.0000,0,2,双平,B,2169.0000,0.0000,0.0000,0.0000,0.0000,2171.0000,0.0000,0.0000,0.0000,0.0000,10,0,0,0,0,2,0,0,0,0
zc,WT209,2012-06-14 09:25:32.877,2170.0000,2796,0,0.0000,0.0000,0,0,多换,B,2169.0000,0.0000,0.0000,0.0000,0.0000,2171.0000,0.0000,0.0000,0.0000,0.0000,10,0,0,0,0,3,0,0,0,0
zc,WT209,2012-06-14 09:27:06.127,2170.0000,2796,0,0.0000,0.0000,0,0,多换,B,2169.0000,0.0000,0.0000,0.0000,0.0000,2171.0000,0.0000,0.0000,0.0000,0.0000,10,0,0,0,0,4,0,0,0,0
zc,WT209,2012-06-14 09:27:27.610,2170.0000,2796,0,0.0000,0.0000,0,0,多换,B,2169.0000,0.0000,0.0000,0.0000,0.0000,2171.0000,0.0000,0.0000,0.0000,0.0000,10,0,0,0,0,6,0,0,0,0
zc,WT209,2012-06-14 09:27:29.393,2170.0000,2796,0,0.0000,0.0000,0,0,多换,B,2169.0000,0.0000,0.0000,0.0000,0.0000,2170.0000,0.0000,0.0000,0.0000,0.0000,10,0,0,0,0,10,0,0,0,0
zc,WT209,2012-06-14 09:27:56.860,2170.0000,2796,0,0.0000,0.0000,0,0,多换,B,2169.0000,0.0000,0.0000,0.0000,0.0000,2170.0000,0.0000,0.0000,0.0000,0.0000,10,0,0,0,0,20,0,0,0,0
zc,WT209,2012-06-14 09:28:10.190,2170.0000,2796,0,0.0000,0.0000,0,0,多换,B,2169.0000,0.0000,0.0000,0.0000,0.0000,2170.0000,0.0000,0.0000,0.0000,0.0000,10,0,0,0,0,22,0,0,0,0
zc,WT209,2012-06-14 09:28:48.893,2170.0000,2796,0,0.0000,0.0000,0,0,多换,B,2169.0000,0.0000,0.0000,0.0000,0.0000,2170.0000,0.0000,0.0000,0.0000,0.0000,10,0,0,0,0,20,0,0,0,0
zc,WT209,2012-06-14 09:29:01.347,2170.0000,2796,0,0.0000,0.0000,0,0,多换,B,2169.0000,0.0000,0.0000,0.0000,0.0000,2170.0000,0.0000,0.0000,0.0000,0.0000,10,0,0,0,0,10,0,0,0,0
zc,WT209,2012-06-14 09:29:07.673,2169.0000,2776,-20,0.0000,20.0000,0,20,双平,S,2168.0000,0.0000,0.0000,0.0000,0.0000,2170.0000,0.0000,0.0000,0.0000,0.0000,1,0,0,0,0,10,0,0,0,0
zc,WT209,2012-06-14 09:30:44.643,2169.0000,2776,0,0.0000,0.0000,0,0,空换,S,2168.0000,0.0000,0.0000,0.0000,0.0000,2170.0000,0.0000,0.0000,0.0000,0.0000,11,0,0,0,0,10,0,0,0,0
zc,WT209,2012-06-14 09:30:57.657,2169.0000,2776,0,0.0000,0.0000,0,0,空换,S,2168.0000,0.0000,0.0000,0.0000,0.0000,2170.0000,0.0000,0.0000,0.0000,0.0000,12,0,0,0,0,10,0,0,0,0
zc,WT209,2012-06-14 09:31:20.393,2169.0000,2776,0,0.0000,0.0000,0,0,空换,S,2169.0000,0.0000,0.0000,0.0000,0.0000,2170.0000,0.0000,0.0000,0.0000,0.0000,10,0,0,0,0,10,0,0,0,0
zc,WT209,2012-06-14 09:31:43.940,2169.0000,2766,-10,0.0000,10.0000,0,10,双平,S,2169.0000,0.0000,0.0000,0.0000,0.0000,2170.0000,0.0000,0.0000,0.0000,0.0000,5,0,0,0,0,10,0,0,0,0
zc,WT209,2012-06-14 09:31:51.893,2169.0000,2756,-10,0.0000,10.0000,0,10,双平,S,2168.0000,0.0000,0.0000,0.0000,0.0000,2170.0000,0.0000,0.0000,0.0000,0.0000,12,0,0,0,0,10,0,0,0,0
zc,WT209,2012-06-14 09:32:10.907,2169.0000,2756,0,0.0000,0.0000,0,0,空换,S,2168.0000,0.0000,0.0000,0.0000,0.0000,2169.0000,0.0000,0.0000,0.0000,0.0000,12,0,0,0,0,5,0,0,0,0
zc,WT209,2012-06-14 09:32:11.627,2169.0000,2756,0,0.0000,0.0000,0,0,空换,S,2168.0000,0.0000,0.0000,0.0000,0.0000,2169.0000,0.0000,0.0000,0.0000,0.0000,12,0,0,0,0,6,0,0,0,0
zc,WT209,2012-06-14 09:32:20.393,2169.0000,2756,0,0.0000,0.0000,0,0,空换,S,2168.0000,0.0000,0.0000,0.0000,0.0000,2169.0000,0.0000,0.0000,0.0000,0.0000,12,0,0,0,0,11,0,0,0,0
zc,WT209,2012-06-14 09:32:27.157,2169.0000,2756,0,0.0000,0.0000,0,0,空换,S,2168.0000,0.0000,0.0000,0.0000,0.0000,2169.0000,0.0000,0.0000,0.0000,0.0000,12,0,0,0,0,10,0,0,0,0
zc,WT209,2012-06-14 09:32:28.157,2168.0000,2756,0,0.0000,2.0000,1,1,空换,S,2168.0000,0.0000,0.0000,0.0000,0.0000,2169.0000,0.0000,0.0000,0.0000,0.0000,11,0,0,0,0,10,0,0,0,0
zc,WT209,2012-06-14 09:33:57.970,2168.0000,2756,0,0.0000,0.0000,0,0,空换,S,2168.0000,0.0000,0.0000,0.0000,0.0000,2169.0000,0.0000,0.0000,0.0000,0.0000,21,0,0,0,0,10,0,0,0,0
zc,WT209,2012-06-14 09:34:15.173,2168.0000,2756,0,0.0000,0.0000,0,0,空换,S,2168.0000,0.0000,0.0000,0.0000,0.0000,2169.0000,0.0000,0.0000,0.0000,0.0000,31,0,0,0,0,10,0,0,0,0
zc,WT209,2012-06-14 09:37:31.360,2169.0000,2746,-10,0.0000,10.0000,0,10,双平,B,2168.0000,0.0000,0.0000,0.0000,0.0000,2169.0000,0.0000,0.0000,0.0000,0.0000,31,0,0,0,0,5,0,0,0,0
zc,WT209,2012-06-14 09:38:12.407,2169.0000,2738,-8,0.0000,8.0000,0,8,双平,B,2168.0000,0.0000,0.0000,0.0000,0.0000,2169.0000,0.0000,0.0000,0.0000,0.0000,31,0,0,0,0,1,0,0,0,0
zc,WT209,2012-06-14 09:38:20.173,2169.0000,2738,0,0.0000,2.0000,1,1,多换,B,2168.0000,0.0000,0.0000,0.0000,0.0000,2170.0000,0.0000,0.0000,0.0000,0.0000,31,0,0,0,0,10,0,0,0,0
zc,WT209,2012-06-14 09:38:37.110,2169.0000,2738,0,0.0000,0.0000,0,0,多换,B,2168.0000,0.0000,0.0000,0.0000,0.0000,2170.0000,0.0000,0.0000,0.0000,0.0000,31,0,0,0,0,12,0,0,0,0
zc,WT209,2012-06-14 09:39:45.627,2169.0000,2738,0,0.0000,0.0000,0,0,多换,B,2168.0000,0.0000,0.0000,0.0000,0.0000,2170.0000,0.0000,0.0000,0.0000,0.0000,32,0,0,0,0,12,0,0,0,0
zc,WT209,2012-06-14 09:43:11.110,2169.0000,2738,0,0.0000,0.0000,0,0,多换,B,2169.0000,0.0000,0.0000,0.0000,0.0000,2170.0000,0.0000,0.0000,0.0000,0.0000,1,0,0,0,0,12,0,0,0,0
zc,WT209,2012-06-14 09:44:55.377,2169.0000,2738,0,0.0000,0.0000,0,0,多换,B,2168.0000,0.0000,0.0000,0.0000,0.0000,2170.0000,0.0000,0.0000,0.0000,0.0000,32,0,0,0,0,12,0,0,0,0
zc,WT209,2012-06-14 09:45:11.377,2169.0000,2738,0,0.0000,0.0000,0,0,多换,B,2169.0000,0.0000,0.0000,0.0000,0.0000,2170.0000,0.0000,0.0000,0.0000,0.0000,1,0,0,0,0,12,0,0,0,0
zc,WT209,2012-06-14 09:45:30.190,2169.0000,2738,0,0.0000,0.0000,0,0,多换,B,2169.0000,0.0000,0.0000,0.0000,0.0000,2170.0000,0.0000,0.0000,0.0000,0.0000,2,0,0,0,0,12,0,0,0,0
zc,WT209,2012-06-14 09:45:33.347,2169.0000,2738,0,0.0000,0.0000,0,0,多换,B,2169.0000,0.0000,0.0000,0.0000,0.0000,2170.0000,0.0000,0.0000,0.0000,0.0000,2,0,0,0,0,10,0,0,0,0
zc,WT209,2012-06-14 09:45:33.847,2169.0000,2736,-2,0.0000,4.0000,1,3,空平,B,2168.0000,0.0000,0.0000,0.0000,0.0000,2170.0000,0.0000,0.0000,0.0000,0.0000,32,0,0,0,0,10,0,0,0,0
zc,WT209,2012-06-14 09:46:02.860,2169.0000,2736,0,0.0000,0.0000,0,0,多换,B,2168.0000,0.0000,0.0000,0.0000,0.0000,2170.0000,0.0000,0.0000,0.0000,0.0000,32,0,0,0,0,10,0,0,0,0
zc,WT209,2012-06-14 09:47:18.610,2169.0000,2736,0,0.0000,0.0000,0,0,多换,B,2168.0000,0.0000,0.0000,0.0000,0.0000,2170.0000,0.0000,0.0000,0.0000,0.0000,32,0,0,0,0,12,0,0,0,0
zc,WT209,2012-06-14 09:49:41.173,2169.0000,2736,0,0.0000,0.0000,0,0,多换,B,2168.0000,0.0000,0.0000,0.0000,0.0000,2170.0000,0.0000,0.0000,0.0000,0.0000,33,0,0,0,0,12,0,0,0,0
zc,WT209,2012-06-14 09:51:07.877,2169.0000,2736,0,0.0000,0.0000,0,0,多换,B,2168.0000,0.0000,0.0000,0.0000,0.0000,2170.0000,0.0000,0.0000,0.0000,0.0000,32,0,0,0,0,12,0,0,0,0
zc,WT209,2012-06-14 09:53:02.847,2169.0000,2736,0,0.0000,0.0000,0,0,多换,B,2168.0000,0.0000,0.0000,0.0000,0.0000,2170.0000,0.0000,0.0000,0.0000,0.0000,32,0,0,0,0,12,0,0,0,0
zc,WT209,2012-06-14 09:55:31.847,2169.0000,2736,0,0.0000,0.0000,0,0,多换,B,2168.0000,0.0000,0.0000,0.0000,0.0000,2169.0000,0.0000,0.0000,0.0000,0.0000,32,0,0,0,0,1,0,0,0,0
zc,WT209,2012-06-14 09:56:44.610,2168.0000,2716,-20,0.0000,20.0000,0,20,双平,S,2168.0000,0.0000,0.0000,0.0000,0.0000,2169.0000,0.0000,0.0000,0.0000,0.0000,22,0,0,0,0,1,0,0,0,0
zc,WT209,2012-06-14 09:58:02.847,2168.0000,2716,0,0.0000,0.0000,0,0,空换,S,2168.0000,0.0000,0.0000,0.0000,0.0000,2169.0000,0.0000,0.0000,0.0000,0.0000,22,0,0,0,0,1,0,0,0,0
zc,WT209,2012-06-14 09:58:08.110,2169.0000,2714,-2,0.0000,2.0000,0,2,双平,B,2169.0000,0.0000,0.0000,0.0000,0.0000,2170.0000,0.0000,0.0000,0.0000,0.0000,9,0,0,0,0,12,0,0,0,0
zc,WT209,2012-06-14 09:58:13.597,2169.0000,2714,0,0.0000,0.0000,0,0,多换,B,2168.0000,0.0000,0.0000,0.0000,0.0000,2170.0000,0.0000,0.0000,0.0000,0.0000,22,0,0,0,0,12,0,0,0,0
zc,WT209,2012-06-14 09:58:17.393,2170.0000,2696,-18,0.0000,18.0000,0,18,双平,B,2168.0000,0.0000,0.0000,0.0000,0.0000,2170.0000,0.0000,0.0000,0.0000,0.0000,22,0,0,0,0,3,0,0,0,0
zc,WT209,2012-06-14 10:00:01.097,2170.0000,2696,0,0.0000,0.0000,0,0,多换,B,2168.0000,0.0000,0.0000,0.0000,0.0000,2170.0000,0.0000,0.0000,0.0000,0.0000,22,0,0,0,0,4,0,0,0,0
zc,WT209,2012-06-14 10:00:34.627,2170.0000,2696,0,0.0000,0.0000,0,0,多换,B,2168.0000,0.0000,0.0000,0.0000,0.0000,2170.0000,0.0000,0.0000,0.0000,0.0000,22,0,0,0,0,5,0,0,0,0
zc,WT209,2012-06-14 10:03:02.830,2170.0000,2696,0,0.0000,0.0000,0,0,多换,B,2168.0000,0.0000,0.0000,0.0000,0.0000,2170.0000,0.0000,0.0000,0.0000,0.0000,22,0,0,0,0,5,0,0,0,0
zc,WT209,2012-06-14 10:03:22.360,2168.0000,2696,0,0.0000,2.0000,1,1,空换,S,2168.0000,0.0000,0.0000,0.0000,0.0000,2170.0000,0.0000,0.0000,0.0000,0.0000,21,0,0,0,0,5,0,0,0,0
zc,WT209,2012-06-14 10:04:47.097,2168.0000,2696,0,0.0000,0.0000,0,0,空换,S,2169.0000,0.0000,0.0000,0.0000,0.0000,2170.0000,0.0000,0.0000,0.0000,0.0000,1,0,0,0,0,5,0,0,0,0
zc,WT209,2012-06-14 10:05:19.110,2168.0000,2696,0,0.0000,0.0000,0,0,空换,S,2168.0000,0.0000,0.0000,0.0000,0.0000,2170.0000,0.0000,0.0000,0.0000,0.0000,21,0,0,0,0,5,0,0,0,0
zc,WT209,2012-06-14 10:05:49.377,2168.0000,2696,0,0.0000,0.0000,0,0,空换,S,2168.0000,0.0000,0.0000,0.0000,0.0000,2170.0000,0.0000,0.0000,0.0000,0.0000,21,0,0,0,0,6,0,0,0,0
zc,WT209,2012-06-14 10:05:51.360,2168.0000,2696,0,0.0000,0.0000,0,0,空换,S,2168.0000,0.0000,0.0000,0.0000,0.0000,2170.0000,0.0000,0.0000,0.0000,0.0000,22,0,0,0,0,6,0,0,0,0
zc,WT209,2012-06-14 10:06:01.627,2168.0000,2696,0,0.0000,0.0000,0,0,空换,S,2168.0000,0.0000,0.0000,0.0000,0.0000,2170.0000,0.0000,0.0000,0.0000,0.0000,21,0,0,0,0,6,0,0,0,0
zc,WT209,2012-06-14 10:06:09.830,2170.0000,2696,0,0.0000,2.0000,1,1,多换,B,2168.0000,0.0000,0.0000,0.0000,0.0000,2170.0000,0.0000,0.0000,0.0000,0.0000,21,0,0,0,0,5,0,0,0,0
zc,WT209,2012-06-14 10:06:16.597,2170.0000,2696,0,0.0000,0.0000,0,0,多换,B,2168.0000,0.0000,0.0000,0.0000,0.0000,2170.0000,0.0000,0.0000,0.0000,0.0000,21,0,0,0,0,4,0,0,0,0
zc,WT209,2012-06-14 10:06:31.847,2170.0000,2696,0,0.0000,0.0000,0,0,多换,B,2169.0000,0.0000,0.0000,0.0000,0.0000,2170.0000,0.0000,0.0000,0.0000,0.0000,1,0,0,0,0,4,0,0,0,0
zc,WT209,2012-06-14 10:07:02.830,2170.0000,2696,0,0.0000,0.0000,0,0,多换,B,2169.0000,0.0000,0.0000,0.0000,0.0000,2170.0000,0.0000,0.0000,0.0000,0.0000,1,0,0,0,0,3,0,0,0,0
zc,WT209,2012-06-14 10:08:02.860,2170.0000,2696,0,0.0000,0.0000,0,0,多换,B,2169.0000,0.0000,0.0000,0.0000,0.0000,2170.0000,0.0000,0.0000,0.0000,0.0000,1,0,0,0,0,3,0,0,0,0
zc,WT209,2012-06-14 10:08:41.080,2170.0000,2696,0,0.0000,0.0000,0,0,多换,B,2168.0000,0.0000,0.0000,0.0000,0.0000,2170.0000,0.0000,0.0000,0.0000,0.0000,27,0,0,0,0,3,0,0,0,0
zc,WT209,2012-06-14 10:08:55.360,2170.0000,2696,0,0.0000,0.0000,0,0,多换,B,2168.0000,0.0000,0.0000,0.0000,0.0000,2170.0000,0.0000,0.0000,0.0000,0.0000,26,0,0,0,0,3,0,0,0,0
zc,WT209,2012-06-14 10:10:07.580,2170.0000,2696,0,0.0000,0.0000,0,0,多换,B,2168.0000,0.0000,0.0000,0.0000,0.0000,2170.0000,0.0000,0.0000,0.0000,0.0000,31,0,0,0,0,3,0,0,0,0
zc,WT209,2012-06-14 10:10:22.347,2170.0000,2696,0,0.0000,0.0000,0,0,多换,B,2168.0000,0.0000,0.0000,0.0000,0.0000,2170.0000,0.0000,0.0000,0.0000,0.0000,26,0,0,0,0,3,0,0,0,0
zc,WT209,2012-06-14 10:10:23.097,2170.0000,2696,0,0.0000,0.0000,0,0,多换,B,2169.0000,0.0000,0.0000,0.0000,0.0000,2170.0000,0.0000,0.0000,0.0000,0.0000,5,0,0,0,0,3,0,0,0,0
zc,WT209,2012-06-14 10:10:41.580,2170.0000,2696,0,0.0000,0.0000,0,0,多换,B,2169.0000,0.0000,0.0000,0.0000,0.0000,2170.0000,0.0000,0.0000,0.0000,0.0000,5,0,0,0,0,4,0,0,0,0
zc,WT209,2012-06-14 10:11:35.317,2170.0000,2696,0,0.0000,0.0000,0,0,多换,B,2169.0000,0.0000,0.0000,0.0000,0.0000,2170.0000,0.0000,0.0000,0.0000,0.0000,5,0,0,0,0,3,0,0,0,0
zc,WT209,2012-06-14 10:11:40.830,2170.0000,2696,0,0.0000,0.0000,0,0,多换,B,2169.0000,0.0000,0.0000,0.0000,0.0000,2170.0000,0.0000,0.0000,0.0000,0.0000,5,0,0,0,0,4,0,0,0,0
zc,WT209,2012-06-14 10:12:30.860,2170.0000,2696,0,0.0000,0.0000,0,0,多换,B,2169.0000,0.0000,0.0000,0.0000,0.0000,2170.0000,0.0000,0.0000,0.0000,0.0000,5,0,0,0,0,3,0,0,0,0
zc,WT209,2012-06-14 10:13:06.143,2170.0000,2696,0,0.0000,2.0000,1,1,多换,B,2169.0000,0.0000,0.0000,0.0000,0.0000,2170.0000,0.0000,0.0000,0.0000,0.0000,5,0,0,0,0,2,0,0,0,0
zc,WT209,2012-06-14 10:13:14.440,2169.0000,2696,0,0.0000,10.0000,5,5,空换,S,2168.0000,0.0000,0.0000,0.0000,0.0000,2170.0000,0.0000,0.0000,0.0000,0.0000,26,0,0,0,0,2,0,0,0,0
zc,WT209,2012-06-14 10:13:29.330,2169.0000,2696,0,0.0000,0.0000,0,0,空换,S,2169.0000,0.0000,0.0000,0.0000,0.0000,2170.0000,0.0000,0.0000,0.0000,0.0000,1,0,0,0,0,2,0,0,0,0
zc,WT209,2012-06-14 10:13:57.893,2169.0000,2696,0,0.0000,0.0000,0,0,空换,S,2168.0000,0.0000,0.0000,0.0000,0.0000,2170.0000,0.0000,0.0000,0.0000,0.0000,26,0,0,0,0,2,0,0,0,0
zc,WT209,2012-06-14 10:13:58.860,2169.0000,2696,0,0.0000,0.0000,0,0,空换,S,2169.0000,0.0000,0.0000,0.0000,0.0000,2170.0000,0.0000,0.0000,0.0000,0.0000,1,0,0,0,0,2,0,0,0,0
zc,WT209,2012-06-14 10:14:02.847,2169.0000,2696,0,0.0000,0.0000,0,0,空换,S,2169.0000,0.0000,0.0000,0.0000,0.0000,2170.0000,0.0000,0.0000,0.0000,0.0000,1,0,0,0,0,2,0,0,0,0
zc,WT209,2012-06-14 10:16:02.817,2169.0000,2696,0,0.0000,0.0000,0,0,空换,S,2169.0000,0.0000,0.0000,0.0000,0.0000,2170.0000,0.0000,0.0000,0.0000,0.0000,1,0,0,0,0,2,0,0,0,0
zc,WT209,2012-06-14 10:25:02.800,2169.0000,2696,0,0.0000,0.0000,0,0,空换,S,2169.0000,0.0000,0.0000,0.0000,0.0000,2170.0000,0.0000,0.0000,0.0000,0.0000,1,0,0,0,0,2,0,0,0,0
zc,WT209,2012-06-14 10:30:02.267,2169.0000,2696,0,0.0000,0.0000,0,0,空换,S,2168.0000,0.0000,0.0000,0.0000,0.0000,2170.0000,0.0000,0.0000,0.0000,0.0000,26,0,0,0,0,2,0,0,0,0
zc,WT209,2012-06-14 10:30:02.830,2169.0000,2696,0,0.0000,0.0000,0,0,空换,S,2168.0000,0.0000,0.0000,0.0000,0.0000,2169.0000,0.0000,0.0000,0.0000,0.0000,26,0,0,0,0,1,0,0,0,0
zc,WT209,2012-06-14 10:30:03.173,2169.0000,2696,0,0.0000,0.0000,0,0,空换,S,2168.0000,0.0000,0.0000,0.0000,0.0000,2169.0000,0.0000,0.0000,0.0000,0.0000,26,0,0,0,0,1,0,0,0,0
zc,WT209,2012-06-14 10:32:02.800,2169.0000,2696,0,0.0000,0.0000,0,0,空换,S,2168.0000,0.0000,0.0000,0.0000,0.0000,2169.0000,0.0000,0.0000,0.0000,0.0000,26,0,0,0,0,1,0,0,0,0
zc,WT209,2012-06-14 10:32:15.110,2169.0000,2694,-2,0.0000,2.0000,0,2,双平,S,2169.0000,0.0000,0.0000,0.0000,0.0000,2170.0000,0.0000,0.0000,0.0000,0.0000,4,0,0,0,0,2,0,0,0,0
zc,WT209,2012-06-14 10:33:57.097,2169.0000,2694,0,0.0000,0.0000,0,0,空换,S,2169.0000,0.0000,0.0000,0.0000,0.0000,2170.0000,0.0000,0.0000,0.0000,0.0000,5,0,0,0,0,2,0,0,0,0
zc,WT209,2012-06-14 10:34:35.580,2169.0000,2692,-2,0.0000,2.0000,0,2,双平,S,2169.0000,0.0000,0.0000,0.0000,0.0000,2170.0000,0.0000,0.0000,0.0000,0.0000,4,0,0,0,0,2,0,0,0,0
zc,WT209,2012-06-14 10:35:58.567,2169.0000,2686,-6,0.0000,8.0000,1,7,多平,S,2168.0000,0.0000,0.0000,0.0000,0.0000,2169.0000,0.0000,0.0000,0.0000,0.0000,21,0,0,0,0,2,0,0,0,0
zc,WT209,2012-06-14 10:36:42.067,2169.0000,2684,-2,0.0000,2.0000,0,2,双平,S,2168.0000,0.0000,0.0000,0.0000,0.0000,2169.0000,0.0000,0.0000,0.0000,0.0000,21,0,0,0,0,1,0,0,0,0
zc,WT209,2012-06-14 10:37:02.800,2169.0000,2684,0,0.0000,0.0000,0,0,空换,S,2168.0000,0.0000,0.0000,0.0000,0.0000,2169.0000,0.0000,0.0000,0.0000,0.0000,21,0,0,0,0,1,0,0,0,0
zc,WT209,2012-06-14 10:38:02.783,2169.0000,2684,0,0.0000,0.0000,0,0,空换,S,2168.0000,0.0000,0.0000,0.0000,0.0000,2169.0000,0.0000,0.0000,0.0000,0.0000,21,0,0,0,0,1,0,0,0,0
zc,WT209,2012-06-14 10:41:04.377,2169.0000,2682,-2,0.0000,2.0000,0,2,双平,S,2169.0000,0.0000,0.0000,0.0000,0.0000,2170.0000,0.0000,0.0000,0.0000,0.0000,4,0,0,0,0,3,0,0,0,0
zc,WT209,2012-06-14 10:42:24.080,2169.0000,2682,0,0.0000,0.0000,0,0,空换,S,2169.0000,0.0000,0.0000,0.0000,0.0000,2170.0000,0.0000,0.0000,0.0000,0.0000,6,0,0,0,0,3,0,0,0,0
zc,WT209,2012-06-14 10:43:51.847,2169.0000,2682,0,0.0000,0.0000,0,0,空换,S,2169.0000,0.0000,0.0000,0.0000,0.0000,2170.0000,0.0000,0.0000,0.0000,0.0000,8,0,0,0,0,3,0,0,0,0
zc,WT209,2012-06-14 10:43:58.317,2169.0000,2678,-4,0.0000,4.0000,0,4,双平,S,2169.0000,0.0000,0.0000,0.0000,0.0000,2170.0000,0.0000,0.0000,0.0000,0.0000,6,0,0,0,0,3,0,0,0,0
zc,WT209,2012-06-14 10:45:47.567,2169.0000,2678,0,0.0000,0.0000,0,0,空换,S,2169.0000,0.0000,0.0000,0.0000,0.0000,2170.0000,0.0000,0.0000,0.0000,0.0000,4,0,0,0,0,3,0,0,0,0
zc,WT209,2012-06-14 10:45:53.300,2169.0000,2678,0,0.0000,0.0000,0,0,空换,S,2169.0000,0.0000,0.0000,0.0000,0.0000,2170.0000,0.0000,0.0000,0.0000,0.0000,4,0,0,0,0,4,0,0,0,0
zc,WT209,2012-06-14 10:46:02.783,2169.0000,2678,0,0.0000,0.0000,0,0,空换,S,2169.0000,0.0000,0.0000,0.0000,0.0000,2170.0000,0.0000,0.0000,0.0000,0.0000,4,0,0,0,0,4,0,0,0,0
zc,WT209,2012-06-14 10:50:02.783,2169.0000,2678,0,0.0000,0.0000,0,0,空换,S,2169.0000,0.0000,0.0000,0.0000,0.0000,2170.0000,0.0000,0.0000,0.0000,0.0000,4,0,0,0,0,4,0,0,0,0
zc,WT209,2012-06-14 10:53:42.300,2170.0000,2680,2,0.0000,8.0000,5,3,多开,B,2170.0000,0.0000,0.0000,0.0000,0.0000,2171.0000,0.0000,0.0000,0.0000,0.0000,16,0,0,0,0,15,0,0,0,0
zc,WT209,2012-06-14 10:54:02.800,2170.0000,2680,0,0.0000,0.0000,0,0,多换,B,2170.0000,0.0000,0.0000,0.0000,0.0000,2171.0000,0.0000,0.0000,0.0000,0.0000,16,0,0,0,0,15,0,0,0,0
zc,WT209,2012-06-14 10:54:38.847,2170.0000,2680,0,0.0000,0.0000,0,0,多换,B,2170.0000,0.0000,0.0000,0.0000,0.0000,2171.0000,0.0000,0.0000,0.0000,0.0000,19,0,0,0,0,15,0,0,0,0
zc,WT209,2012-06-14 10:54:48.533,2170.0000,2680,0,0.0000,0.0000,0,0,多换,B,2170.0000,0.0000,0.0000,0.0000,0.0000,2171.0000,0.0000,0.0000,0.0000,0.0000,19,0,0,0,0,16,0,0,0,0
zc,WT209,2012-06-14 10:55:02.783,2170.0000,2680,0,0.0000,0.0000,0,0,多换,B,2170.0000,0.0000,0.0000,0.0000,0.0000,2171.0000,0.0000,0.0000,0.0000,0.0000,19,0,0,0,0,16,0,0,0,0
zc,WT209,2012-06-14 10:57:02.783,2170.0000,2680,0,0.0000,0.0000,0,0,多换,B,2170.0000,0.0000,0.0000,0.0000,0.0000,2171.0000,0.0000,0.0000,0.0000,0.0000,19,0,0,0,0,16,0,0,0,0
zc,WT209,2012-06-14 10:57:56.067,2170.0000,2680,0,0.0000,0.0000,0,0,多换,B,2170.0000,0.0000,0.0000,0.0000,0.0000,2171.0000,0.0000,0.0000,0.0000,0.0000,20,0,0,0,0,16,0,0,0,0
zc,WT209,2012-06-14 10:58:02.783,2170.0000,2680,0,0.0000,0.0000,0,0,多换,B,2170.0000,0.0000,0.0000,0.0000,0.0000,2171.0000,0.0000,0.0000,0.0000,0.0000,20,0,0,0,0,16,0,0,0,0
zc,WT209,2012-06-14 10:58:29.550,2170.0000,2680,0,0.0000,0.0000,0,0,多换,B,2170.0000,0.0000,0.0000,0.0000,0.0000,2171.0000,0.0000,0.0000,0.0000,0.0000,20,0,0,0,0,15,0,0,0,0
zc,WT209,2012-06-14 10:58:45.517,2170.0000,2680,0,0.0000,0.0000,0,0,多换,B,2170.0000,0.0000,0.0000,0.0000,0.0000,2171.0000,0.0000,0.0000,0.0000,0.0000,20,0,0,0,0,14,0,0,0,0
zc,WT209,2012-06-14 11:01:55.847,2170.0000,2680,0,0.0000,0.0000,0,0,多换,B,2170.0000,0.0000,0.0000,0.0000,0.0000,2171.0000,0.0000,0.0000,0.0000,0.0000,20,0,0,0,0,15,0,0,0,0
zc,WT209,2012-06-14 11:03:11.550,2171.0000,2682,2,0.0000,10.0000,6,4,多开,B,2170.0000,0.0000,0.0000,0.0000,0.0000,2171.0000,0.0000,0.0000,0.0000,0.0000,20,0,0,0,0,10,0,0,0,0
zc,WT209,2012-06-14 11:03:16.597,2171.0000,2682,0,0.0000,10.0000,5,5,多换,B,2170.0000,0.0000,0.0000,0.0000,0.0000,2171.0000,0.0000,0.0000,0.0000,0.0000,20,0,0,0,0,5,0,0,0,0
zc,WT209,2012-06-14 11:03:21.033,2171.0000,2682,0,0.0000,10.0000,5,5,多换,B,2170.0000,0.0000,0.0000,0.0000,0.0000,2172.0000,0.0000,0.0000,0.0000,0.0000,20,0,0,0,0,2,0,0,0,0
zc,WT209,2012-06-14 11:03:30.080,2171.0000,2682,0,0.0000,0.0000,0,0,多换,B,2171.0000,0.0000,0.0000,0.0000,0.0000,2172.0000,0.0000,0.0000,0.0000,0.0000,5,0,0,0,0,2,0,0,0,0
zc,WT209,2012-06-14 11:03:45.533,2171.0000,2684,2,0.0000,2.0000,2,0,双开,B,2171.0000,0.0000,0.0000,0.0000,0.0000,2172.0000,0.0000,0.0000,0.0000,0.0000,4,0,0,0,0,2,0,0,0,0
zc,WT209,2012-06-14 11:03:54.033,2171.0000,2684,0,0.0000,2.0000,1,1,多换,B,2171.0000,0.0000,0.0000,0.0000,0.0000,2172.0000,0.0000,0.0000,0.0000,0.0000,3,0,0,0,0,2,0,0,0,0
zc,WT209,2012-06-14 11:04:08.907,2171.0000,2684,0,0.0000,0.0000,0,0,多换,B,2171.0000,0.0000,0.0000,0.0000,0.0000,2172.0000,0.0000,0.0000,0.0000,0.0000,3,0,0,0,0,3,0,0,0,0
zc,WT209,2012-06-14 11:09:01.110,2172.0000,2686,2,0.0000,6.0000,4,2,多开,B,2170.0000,0.0000,0.0000,0.0000,0.0000,2173.0000,0.0000,0.0000,0.0000,0.0000,20,0,0,0,0,1,0,0,0,0
zc,WT209,2012-06-14 11:09:14.673,2173.0000,2686,0,0.0000,2.0000,1,1,多换,B,2173.0000,0.0000,0.0000,0.0000,0.0000,2174.0000,0.0000,0.0000,0.0000,0.0000,14,0,0,0,0,2,0,0,0,0
zc,WT209,2012-06-14 11:09:38.847,2173.0000,2686,0,0.0000,0.0000,0,0,多换,B,2173.0000,0.0000,0.0000,0.0000,0.0000,2174.0000,0.0000,0.0000,0.0000,0.0000,14,0,0,0,0,3,0,0,0,0
zc,WT209,2012-06-14 11:10:15.377,2173.0000,2686,0,0.0000,0.0000,0,0,多换,B,2173.0000,0.0000,0.0000,0.0000,0.0000,2174.0000,0.0000,0.0000,0.0000,0.0000,14,0,0,0,0,2,0,0,0,0
zc,WT209,2012-06-14 11:10:18.847,2173.0000,2686,0,0.0000,0.0000,0,0,多换,B,2173.0000,0.0000,0.0000,0.0000,0.0000,2174.0000,0.0000,0.0000,0.0000,0.0000,14,0,0,0,0,3,0,0,0,0
zc,WT209,2012-06-14 11:10:23.317,2174.0000,2688,2,0.0000,6.0000,4,2,多开,B,2174.0000,0.0000,0.0000,0.0000,0.0000,2175.0000,0.0000,0.0000,0.0000,0.0000,11,0,0,0,0,1,0,0,0,0
zc,WT209,2012-06-14 11:11:49.580,2175.0000,2690,2,0.0000,2.0000,2,0,双开,B,2174.0000,0.0000,0.0000,0.0000,0.0000,2176.0000,0.0000,0.0000,0.0000,0.0000,11,0,0,0,0,14,0,0,0,0
zc,WT209,2012-06-14 11:13:07.550,2175.0000,2690,0,0.0000,0.0000,0,0,多换,B,2174.0000,0.0000,0.0000,0.0000,0.0000,2176.0000,0.0000,0.0000,0.0000,0.0000,11,0,0,0,0,16,0,0,0,0
zc,WT209,2012-06-14 11:13:20.800,2175.0000,2690,0,0.0000,0.0000,0,0,多换,B,2174.0000,0.0000,0.0000,0.0000,0.0000,2175.0000,0.0000,0.0000,0.0000,0.0000,11,0,0,0,0,1,0,0,0,0
zc,WT209,2012-06-14 11:13:35.800,2175.0000,2690,0,0.0000,0.0000,0,0,多换,B,2174.0000,0.0000,0.0000,0.0000,0.0000,2175.0000,0.0000,0.0000,0.0000,0.0000,11,0,0,0,0,2,0,0,0,0
zc,WT209,2012-06-14 11:13:43.283,2175.0000,2692,2,0.0000,2.0000,2,0,双开,B,2174.0000,0.0000,0.0000,0.0000,0.0000,2175.0000,0.0000,0.0000,0.0000,0.0000,11,0,0,0,0,1,0,0,0,0
zc,WT209,2012-06-14 11:14:02.033,2175.0000,2692,0,0.0000,0.0000,0,0,多换,B,2174.0000,0.0000,0.0000,0.0000,0.0000,2175.0000,0.0000,0.0000,0.0000,0.0000,11,0,0,0,0,2,0,0,0,0
zc,WT209,2012-06-14 11:14:19.330,2175.0000,2692,0,0.0000,0.0000,0,0,多换,B,2174.0000,0.0000,0.0000,0.0000,0.0000,2175.0000,0.0000,0.0000,0.0000,0.0000,11,0,0,0,0,3,0,0,0,0
zc,WT209,2012-06-14 11:14:19.550,2175.0000,2692,0,0.0000,0.0000,0,0,多换,B,2174.0000,0.0000,0.0000,0.0000,0.0000,2175.0000,0.0000,0.0000,0.0000,0.0000,11,0,0,0,0,4,0,0,0,0
zc,WT209,2012-06-14 11:14:40.580,2174.0000,2692,0,0.0000,20.0000,10,10,空换,S,2174.0000,0.0000,0.0000,0.0000,0.0000,2175.0000,0.0000,0.0000,0.0000,0.0000,1,0,0,0,0,4,0,0,0,0
zc,WT209,2012-06-14 11:15:06.817,2174.0000,2692,0,0.0000,0.0000,0,0,空换,S,2174.0000,0.0000,0.0000,0.0000,0.0000,2175.0000,0.0000,0.0000,0.0000,0.0000,1,0,0,0,0,5,0,0,0,0
zc,WT209,2012-06-14 11:15:15.830,2176.0000,2702,10,0.0000,32.0000,21,11,多开,B,2174.0000,0.0000,0.0000,0.0000,0.0000,2176.0000,0.0000,0.0000,0.0000,0.0000,1,0,0,0,0,3,0,0,0,0
zc,WT209,2012-06-14 11:15:22.317,2176.0000,2702,0,0.0000,6.0000,3,3,多换,B,2176.0000,0.0000,0.0000,0.0000,0.0000,2177.0000,0.0000,0.0000,0.0000,0.0000,12,0,0,0,0,5,0,0,0,0
zc,WT209,2012-06-14 11:15:31.580,2177.0000,2704,2,0.0000,2.0000,2,0,双开,B,2176.0000,0.0000,0.0000,0.0000,0.0000,2177.0000,0.0000,0.0000,0.0000,0.0000,12,0,0,0,0,4,0,0,0,0
zc,WT209,2012-06-14 11:15:33.407,2177.0000,2704,0,0.0000,0.0000,0,0,多换,B,2176.0000,0.0000,0.0000,0.0000,0.0000,2177.0000,0.0000,0.0000,0.0000,0.0000,12,0,0,0,0,5,0,0,0,0
zc,WT209,2012-06-14 11:15:55.067,2177.0000,2704,0,0.0000,0.0000,0,0,多换,B,2176.0000,0.0000,0.0000,0.0000,0.0000,2177.0000,0.0000,0.0000,0.0000,0.0000,12,0,0,0,0,6,0,0,0,0
zc,WT209,2012-06-14 11:15:56.610,2177.0000,2704,0,0.0000,0.0000,0,0,多换,B,2176.0000,0.0000,0.0000,0.0000,0.0000,2177.0000,0.0000,0.0000,0.0000,0.0000,12,0,0,0,0,7,0,0,0,0
zc,WT209,2012-06-14 11:16:02.767,2177.0000,2704,0,0.0000,0.0000,0,0,多换,B,2176.0000,0.0000,0.0000,0.0000,0.0000,2177.0000,0.0000,0.0000,0.0000,0.0000,12,0,0,0,0,7,0,0,0,0
zc,WT209,2012-06-14 11:16:13.830,2178.0000,2720,16,0.0000,16.0000,16,0,双开,B,2178.0000,0.0000,0.0000,0.0000,0.0000,2180.0000,0.0000,0.0000,0.0000,0.0000,7,0,0,0,0,1,0,0,0,0
zc,WT209,2012-06-14 11:16:22.580,2178.0000,2720,0,0.0000,14.0000,7,7,多换,B,2176.0000,0.0000,0.0000,0.0000,0.0000,2177.0000,0.0000,0.0000,0.0000,0.0000,12,0,0,0,0,3,0,0,0,0
zc,WT209,2012-06-14 11:16:36.097,2177.0000,2720,0,0.0000,4.0000,2,2,空换,S,2176.0000,0.0000,0.0000,0.0000,0.0000,2177.0000,0.0000,0.0000,0.0000,0.0000,12,0,0,0,0,1,0,0,0,0
zc,WT209,2012-06-14 11:16:37.533,2177.0000,2720,0,0.0000,2.0000,1,1,空换,S,2176.0000,0.0000,0.0000,0.0000,0.0000,2178.0000,0.0000,0.0000,0.0000,0.0000,12,0,0,0,0,1,0,0,0,0
zc,WT209,2012-06-14 11:17:07.347,2177.0000,2720,0,0.0000,0.0000,0,0,空换,S,2176.0000,0.0000,0.0000,0.0000,0.0000,2178.0000,0.0000,0.0000,0.0000,0.0000,12,0,0,0,0,2,0,0,0,0
zc,WT209,2012-06-14 11:17:33.317,2176.0000,2720,0,0.0000,20.0000,10,10,空换,S,2176.0000,0.0000,0.0000,0.0000,0.0000,2178.0000,0.0000,0.0000,0.0000,0.0000,2,0,0,0,0,2,0,0,0,0
zc,WT209,2012-06-14 11:17:36.567,2176.0000,2720,0,0.0000,0.0000,0,0,空换,S,2176.0000,0.0000,0.0000,0.0000,0.0000,2178.0000,0.0000,0.0000,0.0000,0.0000,3,0,0,0,0,2,0,0,0,0
zc,WT209,2012-06-14 11:17:39.847,2176.0000,2720,0,0.0000,0.0000,0,0,空换,S,2176.0000,0.0000,0.0000,0.0000,0.0000,2178.0000,0.0000,0.0000,0.0000,0.0000,3,0,0,0,0,1,0,0,0,0
zc,WT209,2012-06-14 11:17:41.110,2176.0000,2720,0,0.0000,0.0000,0,0,空换,S,2176.0000,0.0000,0.0000,0.0000,0.0000,2177.0000,0.0000,0.0000,0.0000,0.0000,3,0,0,0,0,1,0,0,0,0
zc,WT209,2012-06-14 11:17:55.393,2176.0000,2720,0,0.0000,0.0000,0,0,空换,S,2176.0000,0.0000,0.0000,0.0000,0.0000,2177.0000,0.0000,0.0000,0.0000,0.0000,3,0,0,0,0,11,0,0,0,0
zc,WT209,2012-06-14 11:18:02.753,2176.0000,2720,0,0.0000,0.0000,0,0,空换,S,2176.0000,0.0000,0.0000,0.0000,0.0000,2177.0000,0.0000,0.0000,0.0000,0.0000,3,0,0,0,0,11,0,0,0,0
zc,WT209,2012-06-14 11:18:10.533,2176.0000,2720,0,0.0000,2.0000,1,1,空换,S,2176.0000,0.0000,0.0000,0.0000,0.0000,2177.0000,0.0000,0.0000,0.0000,0.0000,2,0,0,0,0,11,0,0,0,0
zc,WT209,2012-06-14 11:18:27.283,2176.0000,2722,2,0.0000,2.0000,2,0,双开,S,2176.0000,0.0000,0.0000,0.0000,0.0000,2177.0000,0.0000,0.0000,0.0000,0.0000,1,0,0,0,0,11,0,0,0,0
zc,WT209,2012-06-14 11:18:30.067,2176.0000,2720,-2,0.0000,2.0000,0,2,双平,S,2171.0000,0.0000,0.0000,0.0000,0.0000,2177.0000,0.0000,0.0000,0.0000,0.0000,1,0,0,0,0,11,0,0,0,0
zc,WT209,2012-06-14 11:18:32.567,2176.0000,2720,0,0.0000,0.0000,0,0,空换,S,2172.0000,0.0000,0.0000,0.0000,0.0000,2177.0000,0.0000,0.0000,0.0000,0.0000,1,0,0,0,0,11,0,0,0,0
zc,WT209,2012-06-14 11:18:44.533,2172.0000,2720,0,0.0000,2.0000,1,1,空换,S,2171.0000,0.0000,0.0000,0.0000,0.0000,2177.0000,0.0000,0.0000,0.0000,0.0000,1,0,0,0,0,11,0,0,0,0
zc,WT209,2012-06-14 11:18:45.033,2172.0000,2720,0,0.0000,0.0000,0,0,空换,S,2171.0000,0.0000,0.0000,0.0000,0.0000,2177.0000,0.0000,0.0000,0.0000,0.0000,1,0,0,0,0,12,0,0,0,0
zc,WT209,2012-06-14 11:18:48.533,2172.0000,2720,0,0.0000,0.0000,0,0,空换,S,2171.0000,0.0000,0.0000,0.0000,0.0000,2177.0000,0.0000,0.0000,0.0000,0.0000,1,0,0,0,0,11,0,0,0,0
zc,WT209,2012-06-14 11:18:49.847,2172.0000,2720,0,0.0000,0.0000,0,0,空换,S,2173.0000,0.0000,0.0000,0.0000,0.0000,2177.0000,0.0000,0.0000,0.0000,0.0000,1,0,0,0,0,11,0,0,0,0
zc,WT209,2012-06-14 11:18:50.330,2172.0000,2720,0,0.0000,0.0000,0,0,空换,S,2173.0000,0.0000,0.0000,0.0000,0.0000,2176.0000,0.0000,0.0000,0.0000,0.0000,1,0,0,0,0,1,0,0,0,0
zc,WT209,2012-06-14 11:18:52.597,2172.0000,2720,0,0.0000,0.0000,0,0,空换,S,2173.0000,0.0000,0.0000,0.0000,0.0000,2176.0000,0.0000,0.0000,0.0000,0.0000,1,0,0,0,0,2,0,0,0,0
zc,WT209,2012-06-14 11:19:00.550,2176.0000,2724,4,0.0000,4.0000,4,0,双开,B,2176.0000,0.0000,0.0000,0.0000,0.0000,2177.0000,0.0000,0.0000,0.0000,0.0000,3,0,0,0,0,12,0,0,0,0
zc,WT209,2012-06-14 11:19:06.817,2176.0000,2724,0,0.0000,0.0000,0,0,多换,B,2176.0000,0.0000,0.0000,0.0000,0.0000,2177.0000,0.0000,0.0000,0.0000,0.0000,8,0,0,0,0,12,0,0,0,0
zc,WT209,2012-06-14 11:19:14.817,2176.0000,2724,0,0.0000,0.0000,0,0,多换,B,2176.0000,0.0000,0.0000,0.0000,0.0000,2177.0000,0.0000,0.0000,0.0000,0.0000,13,0,0,0,0,12,0,0,0,0
zc,WT209,2012-06-14 11:19:21.267,2176.0000,2724,0,0.0000,4.0000,2,2,多换,B,2176.0000,0.0000,0.0000,0.0000,0.0000,2177.0000,0.0000,0.0000,0.0000,0.0000,16,0,0,0,0,12,0,0,0,0
zc,WT209,2012-06-14 11:19:28.597,2176.0000,2724,0,0.0000,0.0000,0,0,多换,B,2176.0000,0.0000,0.0000,0.0000,0.0000,2177.0000,0.0000,0.0000,0.0000,0.0000,16,0,0,0,0,11,0,0,0,0
zc,WT209,2012-06-14 11:19:38.567,2176.0000,2724,0,0.0000,32.0000,16,16,多换,B,2173.0000,0.0000,0.0000,0.0000,0.0000,2176.0000,0.0000,0.0000,0.0000,0.0000,1,0,0,0,0,4,0,0,0,0
zc,WT209,2012-06-14 11:19:41.533,2176.0000,2724,0,0.0000,0.0000,0,0,多换,B,2173.0000,0.0000,0.0000,0.0000,0.0000,2176.0000,0.0000,0.0000,0.0000,0.0000,2,0,0,0,0,4,0,0,0,0
zc,WT209,2012-06-14 11:19:44.267,2176.0000,2724,0,0.0000,0.0000,0,0,多换,B,2173.0000,0.0000,0.0000,0.0000,0.0000,2176.0000,0.0000,0.0000,0.0000,0.0000,2,0,0,0,0,5,0,0,0,0
zc,WT209,2012-06-14 11:20:02.753,2176.0000,2724,0,0.0000,0.0000,0,0,多换,B,2173.0000,0.0000,0.0000,0.0000,0.0000,2176.0000,0.0000,0.0000,0.0000,0.0000,2,0,0,0,0,5,0,0,0,0
zc,WT209,2012-06-14 11:21:30.877,2176.0000,2724,0,0.0000,0.0000,0,0,多换,B,2173.0000,0.0000,0.0000,0.0000,0.0000,2176.0000,0.0000,0.0000,0.0000,0.0000,2,0,0,0,0,6,0,0,0,0
zc,WT209,2012-06-14 11:22:00.283,2176.0000,2724,0,0.0000,0.0000,0,0,多换,B,2173.0000,0.0000,0.0000,0.0000,0.0000,2176.0000,0.0000,0.0000,0.0000,0.0000,1,0,0,0,0,6,0,0,0,0
zc,WT209,2012-06-14 11:22:07.567,2176.0000,2724,0,0.0000,0.0000,0,0,多换,B,2173.0000,0.0000,0.0000,0.0000,0.0000,2176.0000,0.0000,0.0000,0.0000,0.0000,2,0,0,0,0,6,0,0,0,0
zc,WT209,2012-06-14 11:22:23.567,2176.0000,2724,0,0.0000,0.0000,0,0,多换,B,2173.0000,0.0000,0.0000,0.0000,0.0000,2176.0000,0.0000,0.0000,0.0000,0.0000,2,0,0,0,0,5,0,0,0,0
zc,WT209,2012-06-14 11:24:58.550,2176.0000,2724,0,0.0000,0.0000,0,0,多换,B,2173.0000,0.0000,0.0000,0.0000,0.0000,2176.0000,0.0000,0.0000,0.0000,0.0000,3,0,0,0,0,5,0,0,0,0
zc,WT209,2012-06-14 11:26:09.283,2176.0000,2726,2,0.0000,10.0000,6,4,多开,B,2176.0000,0.0000,0.0000,0.0000,0.0000,2177.0000,0.0000,0.0000,0.0000,0.0000,5,0,0,0,0,12,0,0,0,0
zc,WT209,2012-06-14 11:26:17.267,2176.0000,2726,0,0.0000,0.0000,0,0,多换,B,2176.0000,0.0000,0.0000,0.0000,0.0000,2177.0000,0.0000,0.0000,0.0000,0.0000,5,0,0,0,0,11,0,0,0,0
zc,WT209,2012-06-14 11:26:19.503,2176.0000,2726,0,0.0000,2.0000,1,1,多换,B,2176.0000,0.0000,0.0000,0.0000,0.0000,2177.0000,0.0000,0.0000,0.0000,0.0000,4,0,0,0,0,11,0,0,0,0
zc,WT209,2012-06-14 11:26:36.003,2176.0000,2726,0,0.0000,0.0000,0,0,多换,B,2176.0000,0.0000,0.0000,0.0000,0.0000,2177.0000,0.0000,0.0000,0.0000,0.0000,4,0,0,0,0,10,0,0,0,0
zc,WT209,2012-06-14 11:27:02.753,2176.0000,2726,0,0.0000,0.0000,0,0,多换,B,2176.0000,0.0000,0.0000,0.0000,0.0000,2177.0000,0.0000,0.0000,0.0000,0.0000,4,0,0,0,0,10,0,0,0,0
zc,WT209,2012-06-14 11:27:37.753,2176.0000,2728,2,0.0000,2.0000,2,0,双开,B,2176.0000,0.0000,0.0000,0.0000,0.0000,2177.0000,0.0000,0.0000,0.0000,0.0000,3,0,0,0,0,10,0,0,0,0
zc,WT209,2012-06-14 11:27:38.753,2176.0000,2730,2,0.0000,2.0000,2,0,双开,B,2176.0000,0.0000,0.0000,0.0000,0.0000,2177.0000,0.0000,0.0000,0.0000,0.0000,2,0,0,0,0,10,0,0,0,0
zc,WT209,2012-06-14 11:27:45.050,2176.0000,2732,2,0.0000,2.0000,2,0,双开,B,2176.0000,0.0000,0.0000,0.0000,0.0000,2177.0000,0.0000,0.0000,0.0000,0.0000,1,0,0,0,0,10,0,0,0,0
zc,WT209,2012-06-14 11:28:07.067,2176.0000,2732,0,0.0000,2.0000,1,1,多换,B,2174.0000,0.0000,0.0000,0.0000,0.0000,2176.0000,0.0000,0.0000,0.0000,0.0000,1,0,0,0,0,9,0,0,0,0
zc,WT209,2012-06-14 11:28:09.317,2176.0000,2732,0,0.0000,0.0000,0,0,多换,B,2174.0000,0.0000,0.0000,0.0000,0.0000,2176.0000,0.0000,0.0000,0.0000,0.0000,2,0,0,0,0,9,0,0,0,0
zc,WT209,2012-06-14 11:28:21.830,2178.0000,2734,2,0.0000,40.0000,21,19,多开,B,2174.0000,0.0000,0.0000,0.0000,0.0000,2180.0000,0.0000,0.0000,0.0000,0.0000,2,0,0,0,0,1,0,0,0,0
zc,WT209,2012-06-14 11:29:00.533,2178.0000,2734,0,0.0000,0.0000,0,0,多换,B,2174.0000,0.0000,0.0000,0.0000,0.0000,2180.0000,0.0000,0.0000,0.0000,0.0000,3,0,0,0,0,1,0,0,0,0
zc,WT209,2012-06-14 11:29:02.753,2178.0000,2734,0,0.0000,0.0000,0,0,多换,B,2174.0000,0.0000,0.0000,0.0000,0.0000,2180.0000,0.0000,0.0000,0.0000,0.0000,3,0,0,0,0,1,0,0,0,0
zc,WT209,2012-06-14 11:29:12.783,2178.0000,2734,0,0.0000,0.0000,0,0,多换,B,2175.0000,0.0000,0.0000,0.0000,0.0000,2180.0000,0.0000,0.0000,0.0000,0.0000,1,0,0,0,0,1,0,0,0,0
zc,WT209,2012-06-14 11:29:13.330,2175.0000,2734,0,0.0000,2.0000,1,1,空换,S,2174.0000,0.0000,0.0000,0.0000,0.0000,2180.0000,0.0000,0.0000,0.0000,0.0000,3,0,0,0,0,1,0,0,0,0
zc,WT209,2012-06-14 11:29:16.097,2175.0000,2734,0,0.0000,0.0000,0,0,空换,S,2174.0000,0.0000,0.0000,0.0000,0.0000,2180.0000,0.0000,0.0000,0.0000,0.0000,3,0,0,0,0,11,0,0,0,0
zc,WT209,2012-06-14 11:29:17.817,2175.0000,2734,0,0.0000,0.0000,0,0,空换,S,2174.0000,0.0000,0.0000,0.0000,0.0000,2178.0000,0.0000,0.0000,0.0000,0.0000,3,0,0,0,0,1,0,0,0,0
zc,WT209,2012-06-14 11:29:23.050,2175.0000,2734,0,0.0000,0.0000,0,0,空换,S,2174.0000,0.0000,0.0000,0.0000,0.0000,2178.0000,0.0000,0.0000,0.0000,0.0000,3,0,0,0,0,2,0,0,0,0
zc,WT209,2012-06-14 11:29:31.610,2175.0000,2734,0,0.0000,0.0000,0,0,空换,S,2174.0000,0.0000,0.0000,0.0000,0.0000,2178.0000,0.0000,0.0000,0.0000,0.0000,3,0,0,0,0,1,0,0,0,0
zc,WT209,2012-06-14 11:29:34.080,2175.0000,2734,0,0.0000,0.0000,0,0,空换,S,2174.0000,0.0000,0.0000,0.0000,0.0000,2178.0000,0.0000,0.0000,0.0000,0.0000,3,0,0,0,0,2,0,0,0,0
zc,WT209,2012-06-14 11:29:42.017,2175.0000,2734,0,0.0000,0.0000,0,0,空换,S,2174.0000,0.0000,0.0000,0.0000,0.0000,2178.0000,0.0000,0.0000,0.0000,0.0000,4,0,0,0,0,2,0,0,0,0
zc,WT209,2012-06-14 11:29:43.283,2175.0000,2734,0,0.0000,0.0000,0,0,空换,S,2174.0000,0.0000,0.0000,0.0000,0.0000,2178.0000,0.0000,0.0000,0.0000,0.0000,4,0,0,0,0,4,0,0,0,0
zc,WT209,2012-06-14 11:29:45.067,2175.0000,2734,0,0.0000,0.0000,0,0,空换,S,2174.0000,0.0000,0.0000,0.0000,0.0000,2178.0000,0.0000,0.0000,0.0000,0.0000,4,0,0,0,0,3,0,0,0,0
zc,WT209,2012-06-14 11:45:02.720,2175.0000,2734,0,0.0000,0.0000,0,0,空换,S,2174.0000,0.0000,0.0000,0.0000,0.0000,2178.0000,0.0000,0.0000,0.0000,0.0000,4,0,0,0,0,3,0,0,0,0
zc,WT209,2012-06-14 12:25:02.690,2175.0000,2734,0,0.0000,0.0000,0,0,空换,S,2174.0000,0.0000,0.0000,0.0000,0.0000,2178.0000,0.0000,0.0000,0.0000,0.0000,4,0,0,0,0,3,0,0,0,0
zc,WT209,2012-06-14 12:41:02.470,2175.0000,2734,0,0.0000,0.0000,0,0,空换,S,2174.0000,0.0000,0.0000,0.0000,0.0000,2178.0000,0.0000,0.0000,0.0000,0.0000,4,0,0,0,0,3,0,0,0,0
zc,WT209,2012-06-14 12:51:02.457,2175.0000,2734,0,0.0000,0.0000,0,0,空换,S,2174.0000,0.0000,0.0000,0.0000,0.0000,2178.0000,0.0000,0.0000,0.0000,0.0000,4,0,0,0,0,3,0,0,0,0
zc,WT209,2012-06-14 13:05:02.707,2175.0000,2734,0,0.0000,0.0000,0,0,空换,S,2174.0000,0.0000,0.0000,0.0000,0.0000,2178.0000,0.0000,0.0000,0.0000,0.0000,4,0,0,0,0,3,0,0,0,0
zc,WT209,2012-06-14 13:16:02.690,2175.0000,2734,0,0.0000,0.0000,0,0,空换,S,2174.0000,0.0000,0.0000,0.0000,0.0000,2178.0000,0.0000,0.0000,0.0000,0.0000,4,0,0,0,0,3,0,0,0,0
zc,WT209,2012-06-14 13:30:01.657,2175.0000,2734,0,0.0000,0.0000,0,0,空换,S,2174.0000,0.0000,0.0000,0.0000,0.0000,2178.0000,0.0000,0.0000,0.0000,0.0000,4,0,0,0,0,1,0,0,0,0
zc,WT209,2012-06-14 13:30:14.017,2175.0000,2734,0,0.0000,0.0000,0,0,空换,S,2174.0000,0.0000,0.0000,0.0000,0.0000,2178.0000,0.0000,0.0000,0.0000,0.0000,4,0,0,0,0,3,0,0,0,0
zc,WT209,2012-06-14 13:30:22.237,2175.0000,2734,0,0.0000,0.0000,0,0,空换,S,2176.0000,0.0000,0.0000,0.0000,0.0000,2178.0000,0.0000,0.0000,0.0000,0.0000,4,0,0,0,0,3,0,0,0,0
zc,WT209,2012-06-14 13:32:19.970,2175.0000,2734,0,0.0000,0.0000,0,0,空换,S,2176.0000,0.0000,0.0000,0.0000,0.0000,2177.0000,0.0000,0.0000,0.0000,0.0000,4,0,0,0,0,1,0,0,0,0
zc,WT209,2012-06-14 13:33:35.753,2176.0000,2742,8,0.0000,8.0000,8,0,双开,B,2174.0000,0.0000,0.0000,0.0000,0.0000,2177.0000,0.0000,0.0000,0.0000,0.0000,4,0,0,0,0,1,0,0,0,0
zc,WT209,2012-06-14 13:33:38.737,2176.0000,2742,0,0.0000,0.0000,0,0,多换,B,2174.0000,0.0000,0.0000,0.0000,0.0000,2176.0000,0.0000,0.0000,0.0000,0.0000,4,0,0,0,0,1,0,0,0,0
zc,WT209,2012-06-14 13:33:40.470,2176.0000,2742,0,0.0000,0.0000,0,0,多换,B,2174.0000,0.0000,0.0000,0.0000,0.0000,2175.0000,0.0000,0.0000,0.0000,0.0000,4,0,0,0,0,2,0,0,0,0
zc,WT209,2012-06-14 13:33:46.970,2176.0000,2742,0,0.0000,0.0000,0,0,多换,B,2174.0000,0.0000,0.0000,0.0000,0.0000,2176.0000,0.0000,0.0000,0.0000,0.0000,4,0,0,0,0,1,0,0,0,0
zc,WT209,2012-06-14 13:33:48.737,2176.0000,2742,0,0.0000,0.0000,0,0,多换,B,2174.0000,0.0000,0.0000,0.0000,0.0000,2176.0000,0.0000,0.0000,0.0000,0.0000,4,0,0,0,0,3,0,0,0,0
zc,WT209,2012-06-14 13:34:05.517,2176.0000,2742,0,0.0000,0.0000,0,0,多换,B,2174.0000,0.0000,0.0000,0.0000,0.0000,2176.0000,0.0000,0.0000,0.0000,0.0000,4,0,0,0,0,2,0,0,0,0
zc,WT209,2012-06-14 13:34:07.707,2174.0000,2740,-2,0.0000,2.0000,0,2,双平,S,2174.0000,0.0000,0.0000,0.0000,0.0000,2176.0000,0.0000,0.0000,0.0000,0.0000,3,0,0,0,0,2,0,0,0,0
zc,WT209,2012-06-14 13:34:27.033,2174.0000,2738,-2,0.0000,2.0000,0,2,双平,S,2174.0000,0.0000,0.0000,0.0000,0.0000,2176.0000,0.0000,0.0000,0.0000,0.0000,2,0,0,0,0,2,0,0,0,0
zc,WT209,2012-06-14 13:34:50.017,2174.0000,2738,0,0.0000,0.0000,0,0,空换,S,2174.0000,0.0000,0.0000,0.0000,0.0000,2176.0000,0.0000,0.0000,0.0000,0.0000,2,0,0,0,0,3,0,0,0,0
zc,WT209,2012-06-14 13:35:38.207,2174.0000,2734,-4,0.0000,4.0000,0,4,双平,S,2173.0000,0.0000,0.0000,0.0000,0.0000,2176.0000,0.0000,0.0000,0.0000,0.0000,1,0,0,0,0,3,0,0,0,0
zc,WT209,2012-06-14 13:35:47.800,2174.0000,2734,0,0.0000,0.0000,0,0,空换,S,2173.0000,0.0000,0.0000,0.0000,0.0000,2176.0000,0.0000,0.0000,0.0000,0.0000,2,0,0,0,0,3,0,0,0,0
zc,WT209,2012-06-14 13:35:57.753,2173.0000,2734,0,0.0000,2.0000,1,1,空换,S,2173.0000,0.0000,0.0000,0.0000,0.0000,2176.0000,0.0000,0.0000,0.0000,0.0000,1,0,0,0,0,3,0,0,0,0
zc,WT209,2012-06-14 13:36:05.970,2173.0000,2732,-2,0.0000,2.0000,0,2,双平,S,2172.0000,0.0000,0.0000,0.0000,0.0000,2173.0000,0.0000,0.0000,0.0000,0.0000,3,0,0,0,0,1,0,0,0,0
zc,WT209,2012-06-14 13:36:06.753,2173.0000,2732,0,0.0000,0.0000,0,0,空换,S,2172.0000,0.0000,0.0000,0.0000,0.0000,2173.0000,0.0000,0.0000,0.0000,0.0000,4,0,0,0,0,1,0,0,0,0
zc,WT209,2012-06-14 13:36:09.737,2173.0000,2732,0,0.0000,0.0000,0,0,空换,S,2172.0000,0.0000,0.0000,0.0000,0.0000,2173.0000,0.0000,0.0000,0.0000,0.0000,4,0,0,0,0,3,0,0,0,0
zc,WT209,2012-06-14 13:36:10.190,2173.0000,2732,0,0.0000,0.0000,0,0,空换,S,2172.0000,0.0000,0.0000,0.0000,0.0000,2173.0000,0.0000,0.0000,0.0000,0.0000,4,0,0,0,0,1,0,0,0,0
zc,WT209,2012-06-14 13:36:11.487,2173.0000,2730,-2,0.0000,2.0000,0,2,双平,S,2172.0000,0.0000,0.0000,0.0000,0.0000,2176.0000,0.0000,0.0000,0.0000,0.0000,4,0,0,0,0,1,0,0,0,0
zc,WT209,2012-06-14 13:36:12.017,2172.0000,2726,-4,0.0000,4.0000,0,4,双平,S,2172.0000,0.0000,0.0000,0.0000,0.0000,2176.0000,0.0000,0.0000,0.0000,0.0000,2,0,0,0,0,1,0,0,0,0
zc,WT209,2012-06-14 13:36:13.207,2172.0000,2726,0,0.0000,0.0000,0,0,空换,S,2172.0000,0.0000,0.0000,0.0000,0.0000,2173.0000,0.0000,0.0000,0.0000,0.0000,2,0,0,0,0,2,0,0,0,0
zc,WT209,2012-06-14 13:36:16.987,2172.0000,2726,0,0.0000,0.0000,0,0,空换,S,2172.0000,0.0000,0.0000,0.0000,0.0000,2176.0000,0.0000,0.0000,0.0000,0.0000,3,0,0,0,0,1,0,0,0,0
zc,WT209,2012-06-14 13:36:19.753,2172.0000,2726,0,0.0000,0.0000,0,0,空换,S,2172.0000,0.0000,0.0000,0.0000,0.0000,2174.0000,0.0000,0.0000,0.0000,0.0000,3,0,0,0,0,2,0,0,0,0
zc,WT209,2012-06-14 13:36:29.673,2172.0000,2726,0,0.0000,0.0000,0,0,空换,S,2172.0000,0.0000,0.0000,0.0000,0.0000,2176.0000,0.0000,0.0000,0.0000,0.0000,3,0,0,0,0,1,0,0,0,0
zc,WT209,2012-06-14 13:36:31.957,2172.0000,2726,0,0.0000,0.0000,0,0,空换,S,2172.0000,0.0000,0.0000,0.0000,0.0000,2175.0000,0.0000,0.0000,0.0000,0.0000,3,0,0,0,0,2,0,0,0,0
zc,WT209,2012-06-14 13:36:59.940,2172.0000,2726,0,0.0000,0.0000,0,0,空换,S,2172.0000,0.0000,0.0000,0.0000,0.0000,2176.0000,0.0000,0.0000,0.0000,0.0000,3,0,0,0,0,1,0,0,0,0
zc,WT209,2012-06-14 13:37:01.707,2172.0000,2726,0,0.0000,0.0000,0,0,空换,S,2172.0000,0.0000,0.0000,0.0000,0.0000,2176.0000,0.0000,0.0000,0.0000,0.0000,3,0,0,0,0,3,0,0,0,0
zc,WT209,2012-06-14 13:37:06.970,2172.0000,2726,0,0.0000,0.0000,0,0,空换,S,2172.0000,0.0000,0.0000,0.0000,0.0000,2176.0000,0.0000,0.0000,0.0000,0.0000,3,0,0,0,0,4,0,0,0,0
zc,WT209,2012-06-14 13:37:29.767,2172.0000,2726,0,0.0000,0.0000,0,0,空换,S,2172.0000,0.0000,0.0000,0.0000,0.0000,2176.0000,0.0000,0.0000,0.0000,0.0000,3,0,0,0,0,9,0,0,0,0
zc,WT209,2012-06-14 13:38:16.970,2172.0000,2726,0,0.0000,0.0000,0,0,空换,S,2173.0000,0.0000,0.0000,0.0000,0.0000,2176.0000,0.0000,0.0000,0.0000,0.0000,2,0,0,0,0,9,0,0,0,0
zc,WT209,2012-06-14 13:39:19.253,2172.0000,2726,0,0.0000,0.0000,0,0,空换,S,2173.0000,0.0000,0.0000,0.0000,0.0000,2175.0000,0.0000,0.0000,0.0000,0.0000,2,0,0,0,0,1,0,0,0,0
zc,WT209,2012-06-14 13:41:13.940,2172.0000,2726,0,0.0000,0.0000,0,0,空换,S,2173.0000,0.0000,0.0000,0.0000,0.0000,2175.0000,0.0000,0.0000,0.0000,0.0000,2,0,0,0,0,2,0,0,0,0
zc,WT209,2012-06-14 13:43:11.127,2173.0000,2730,4,0.0000,4.0000,4,0,双开,B,2172.0000,0.0000,0.0000,0.0000,0.0000,2173.0000,0.0000,0.0000,0.0000,0.0000,3,0,0,0,0,1,0,0,0,0
zc,WT209,2012-06-14 13:43:33.643,2173.0000,2730,0,0.0000,0.0000,0,0,多换,B,2172.0000,0.0000,0.0000,0.0000,0.0000,2173.0000,0.0000,0.0000,0.0000,0.0000,2,0,0,0,0,1,0,0,0,0
zc,WT209,2012-06-14 13:43:50.097,2173.0000,2730,0,0.0000,2.0000,1,1,多换,B,2172.0000,0.0000,0.0000,0.0000,0.0000,2175.0000,0.0000,0.0000,0.0000,0.0000,2,0,0,0,0,5,0,0,0,0
zc,WT209,2012-06-14 13:43:51.097,2173.0000,2730,0,0.0000,0.0000,0,0,多换,B,2172.0000,0.0000,0.0000,0.0000,0.0000,2174.0000,0.0000,0.0000,0.0000,0.0000,2,0,0,0,0,2,0,0,0,0
zc,WT209,2012-06-14 13:43:59.377,2173.0000,2730,0,0.0000,0.0000,0,0,多换,B,2172.0000,0.0000,0.0000,0.0000,0.0000,2175.0000,0.0000,0.0000,0.0000,0.0000,2,0,0,0,0,5,0,0,0,0
zc,WT209,2012-06-14 13:44:02.127,2173.0000,2730,0,0.0000,0.0000,0,0,多换,B,2172.0000,0.0000,0.0000,0.0000,0.0000,2175.0000,0.0000,0.0000,0.0000,0.0000,2,0,0,0,0,7,0,0,0,0
zc,WT209,2012-06-14 13:44:38.627,2173.0000,2730,0,0.0000,0.0000,0,0,多换,B,2172.0000,0.0000,0.0000,0.0000,0.0000,2174.0000,0.0000,0.0000,0.0000,0.0000,2,0,0,0,0,1,0,0,0,0
zc,WT209,2012-06-14 13:44:59.970,2173.0000,2730,0,0.0000,0.0000,0,0,多换,B,2172.0000,0.0000,0.0000,0.0000,0.0000,2174.0000,0.0000,0.0000,0.0000,0.0000,2,0,0,0,0,3,0,0,0,0
zc,WT209,2012-06-14 13:45:00.657,2173.0000,2730,0,0.0000,0.0000,0,0,多换,B,2172.0000,0.0000,0.0000,0.0000,0.0000,2174.0000,0.0000,0.0000,0.0000,0.0000,2,0,0,0,0,2,0,0,0,0
zc,WT209,2012-06-14 13:49:22.360,2173.0000,2730,0,0.0000,0.0000,0,0,多换,B,2172.0000,0.0000,0.0000,0.0000,0.0000,2173.0000,0.0000,0.0000,0.0000,0.0000,2,0,0,0,0,3,0,0,0,0
zc,WT209,2012-06-14 13:49:42.393,2173.0000,2730,0,0.0000,0.0000,0,0,多换,B,2172.0000,0.0000,0.0000,0.0000,0.0000,2173.0000,0.0000,0.0000,0.0000,0.0000,2,0,0,0,0,5,0,0,0,0
zc,WT209,2012-06-14 13:50:50.877,2173.0000,2734,4,0.0000,4.0000,4,0,双开,B,2172.0000,0.0000,0.0000,0.0000,0.0000,2173.0000,0.0000,0.0000,0.0000,0.0000,2,0,0,0,0,3,0,0,0,0
zc,WT209,2012-06-14 13:51:37.610,2172.0000,2732,-2,0.0000,4.0000,1,3,多平,S,2171.0000,0.0000,0.0000,0.0000,0.0000,2173.0000,0.0000,0.0000,0.0000,0.0000,1,0,0,0,0,3,0,0,0,0
zc,WT209,2012-06-14 13:52:16.110,2172.0000,2732,0,0.0000,0.0000,0,0,空换,S,2171.0000,0.0000,0.0000,0.0000,0.0000,2173.0000,0.0000,0.0000,0.0000,0.0000,1,0,0,0,0,4,0,0,0,0
zc,WT209,2012-06-14 13:52:26.877,2172.0000,2732,0,0.0000,0.0000,0,0,空换,S,2171.0000,0.0000,0.0000,0.0000,0.0000,2173.0000,0.0000,0.0000,0.0000,0.0000,2,0,0,0,0,4,0,0,0,0
zc,WT209,2012-06-14 13:52:30.597,2172.0000,2732,0,0.0000,0.0000,0,0,空换,S,2171.0000,0.0000,0.0000,0.0000,0.0000,2172.0000,0.0000,0.0000,0.0000,0.0000,2,0,0,0,0,2,0,0,0,0
zc,WT209,2012-06-14 13:53:03.360,2172.0000,2732,0,0.0000,0.0000,0,0,空换,S,2171.0000,0.0000,0.0000,0.0000,0.0000,2173.0000,0.0000,0.0000,0.0000,0.0000,2,0,0,0,0,4,0,0,0,0
zc,WT209,2012-06-14 13:53:15.097,2172.0000,2732,0,0.0000,0.0000,0,0,空换,S,2171.0000,0.0000,0.0000,0.0000,0.0000,2173.0000,0.0000,0.0000,0.0000,0.0000,2,0,0,0,0,6,0,0,0,0
zc,WT209,2012-06-14 13:54:21.877,2172.0000,2732,0,0.0000,0.0000,0,0,空换,S,2171.0000,0.0000,0.0000,0.0000,0.0000,2173.0000,0.0000,0.0000,0.0000,0.0000,2,0,0,0,0,5,0,0,0,0
zc,WT209,2012-06-14 13:54:29.393,2172.0000,2732,0,0.0000,0.0000,0,0,空换,S,2171.0000,0.0000,0.0000,0.0000,0.0000,2172.0000,0.0000,0.0000,0.0000,0.0000,2,0,0,0,0,1,0,0,0,0
zc,WT209,2012-06-14 13:54:37.860,2172.0000,2730,-2,0.0000,2.0000,0,2,双平,S,2171.0000,0.0000,0.0000,0.0000,0.0000,2173.0000,0.0000,0.0000,0.0000,0.0000,2,0,0,0,0,5,0,0,0,0
zc,WT209,2012-06-14 13:54:47.860,2172.0000,2730,0,0.0000,0.0000,0,0,空换,S,2171.0000,0.0000,0.0000,0.0000,0.0000,2173.0000,0.0000,0.0000,0.0000,0.0000,1,0,0,0,0,5,0,0,0,0
zc,WT209,2012-06-14 13:55:53.657,2172.0000,2730,0,0.0000,0.0000,0,0,空换,S,2172.0000,0.0000,0.0000,0.0000,0.0000,2173.0000,0.0000,0.0000,0.0000,0.0000,1,0,0,0,0,5,0,0,0,0
zc,WT209,2012-06-14 13:56:52.097,2172.0000,2730,0,0.0000,2.0000,1,1,空换,S,2171.0000,0.0000,0.0000,0.0000,0.0000,2173.0000,0.0000,0.0000,0.0000,0.0000,1,0,0,0,0,5,0,0,0,0
zc,WT209,2012-06-14 13:58:33.127,2172.0000,2730,0,0.0000,0.0000,0,0,空换,S,2171.0000,0.0000,0.0000,0.0000,0.0000,2173.0000,0.0000,0.0000,0.0000,0.0000,1,0,0,0,0,3,0,0,0,0
zc,WT209,2012-06-14 13:59:12.080,2172.0000,2730,0,0.0000,0.0000,0,0,空换,S,2171.0000,0.0000,0.0000,0.0000,0.0000,2172.0000,0.0000,0.0000,0.0000,0.0000,1,0,0,0,0,1,0,0,0,0
zc,WT209,2012-06-14 13:59:28.347,2172.0000,2732,2,0.0000,2.0000,2,0,双开,S,2171.0000,0.0000,0.0000,0.0000,0.0000,2173.0000,0.0000,0.0000,0.0000,0.0000,1,0,0,0,0,3,0,0,0,0
zc,WT209,2012-06-14 14:01:01.330,2171.0000,2734,2,0.0000,2.0000,2,0,双开,S,2170.0000,0.0000,0.0000,0.0000,0.0000,2173.0000,0.0000,0.0000,0.0000,0.0000,7,0,0,0,0,3,0,0,0,0
zc,WT209,2012-06-14 14:01:13.097,2171.0000,2734,0,0.0000,0.0000,0,0,空换,S,2171.0000,0.0000,0.0000,0.0000,0.0000,2173.0000,0.0000,0.0000,0.0000,0.0000,3,0,0,0,0,3,0,0,0,0
zc,WT209,2012-06-14 14:01:17.097,2171.0000,2734,0,0.0000,0.0000,0,0,空换,S,2171.0000,0.0000,0.0000,0.0000,0.0000,2173.0000,0.0000,0.0000,0.0000,0.0000,5,0,0,0,0,3,0,0,0,0
zc,WT209,2012-06-14 14:01:32.877,2171.0000,2734,0,0.0000,0.0000,0,0,空换,S,2171.0000,0.0000,0.0000,0.0000,0.0000,2173.0000,0.0000,0.0000,0.0000,0.0000,5,0,0,0,0,5,0,0,0,0
zc,WT209,2012-06-14 14:04:59.317,2171.0000,2734,0,0.0000,0.0000,0,0,空换,S,2171.0000,0.0000,0.0000,0.0000,0.0000,2173.0000,0.0000,0.0000,0.0000,0.0000,5,0,0,0,0,3,0,0,0,0
zc,WT209,2012-06-14 14:05:00.347,2171.0000,2734,0,0.0000,0.0000,0,0,空换,S,2171.0000,0.0000,0.0000,0.0000,0.0000,2173.0000,0.0000,0.0000,0.0000,0.0000,5,0,0,0,0,5,0,0,0,0
zc,WT209,2012-06-14 14:05:01.580,2171.0000,2734,0,0.0000,0.0000,0,0,空换,S,2171.0000,0.0000,0.0000,0.0000,0.0000,2173.0000,0.0000,0.0000,0.0000,0.0000,5,0,0,0,0,3,0,0,0,0
zc,WT209,2012-06-14 14:05:19.817,2171.0000,2734,0,0.0000,0.0000,0,0,空换,S,2171.0000,0.0000,0.0000,0.0000,0.0000,2173.0000,0.0000,0.0000,0.0000,0.0000,5,0,0,0,0,5,0,0,0,0
zc,WT209,2012-06-14 14:05:41.110,2171.0000,2734,0,0.0000,0.0000,0,0,空换,S,2171.0000,0.0000,0.0000,0.0000,0.0000,2173.0000,0.0000,0.0000,0.0000,0.0000,5,0,0,0,0,3,0,0,0,0
zc,WT209,2012-06-14 14:05:42.360,2171.0000,2734,0,0.0000,0.0000,0,0,空换,S,2171.0000,0.0000,0.0000,0.0000,0.0000,2173.0000,0.0000,0.0000,0.0000,0.0000,5,0,0,0,0,5,0,0,0,0
zc,WT209,2012-06-14 14:05:44.080,2171.0000,2734,0,0.0000,0.0000,0,0,空换,S,2171.0000,0.0000,0.0000,0.0000,0.0000,2173.0000,0.0000,0.0000,0.0000,0.0000,5,0,0,0,0,3,0,0,0,0
zc,WT209,2012-06-14 14:05:50.580,2171.0000,2734,0,0.0000,0.0000,0,0,空换,S,2172.0000,0.0000,0.0000,0.0000,0.0000,2173.0000,0.0000,0.0000,0.0000,0.0000,1,0,0,0,0,3,0,0,0,0
zc,WT209,2012-06-14 14:06:44.110,2171.0000,2734,0,0.0000,0.0000,0,0,空换,S,2172.0000,0.0000,0.0000,0.0000,0.0000,2173.0000,0.0000,0.0000,0.0000,0.0000,1,0,0,0,0,5,0,0,0,0
zc,WT209,2012-06-14 14:06:56.817,2171.0000,2734,0,0.0000,0.0000,0,0,空换,S,2172.0000,0.0000,0.0000,0.0000,0.0000,2173.0000,0.0000,0.0000,0.0000,0.0000,1,0,0,0,0,3,0,0,0,0
zc,WT209,2012-06-14 14:07:25.347,2171.0000,2730,-4,0.0000,12.0000,4,8,多平,S,2170.0000,0.0000,0.0000,0.0000,0.0000,2171.0000,0.0000,0.0000,0.0000,0.0000,7,0,0,0,0,4,0,0,0,0
zc,WT209,2012-06-14 14:08:02.330,2170.0000,2730,0,0.0000,6.0000,3,3,空换,S,2170.0000,0.0000,0.0000,0.0000,0.0000,2171.0000,0.0000,0.0000,0.0000,0.0000,4,0,0,0,0,4,0,0,0,0
zc,WT209,2012-06-14 14:09:54.347,2171.0000,2728,-2,0.0000,2.0000,0,2,双平,B,2170.0000,0.0000,0.0000,0.0000,0.0000,2171.0000,0.0000,0.0000,0.0000,0.0000,4,0,0,0,0,3,0,0,0,0
zc,WT209,2012-06-14 14:16:02.580,2171.0000,2728,0,0.0000,0.0000,0,0,多换,B,2170.0000,0.0000,0.0000,0.0000,0.0000,2171.0000,0.0000,0.0000,0.0000,0.0000,3,0,0,0,0,3,0,0,0,0
zc,WT209,2012-06-14 14:16:29.097,2171.0000,2728,0,0.0000,0.0000,0,0,多换,B,2170.0000,0.0000,0.0000,0.0000,0.0000,2171.0000,0.0000,0.0000,0.0000,0.0000,4,0,0,0,0,3,0,0,0,0
zc,WT209,2012-06-14 14:18:21.067,2171.0000,2728,0,0.0000,0.0000,0,0,多换,B,2170.0000,0.0000,0.0000,0.0000,0.0000,2171.0000,0.0000,0.0000,0.0000,0.0000,5,0,0,0,0,3,0,0,0,0
zc,WT209,2012-06-14 14:18:44.597,2171.0000,2728,0,0.0000,0.0000,0,0,多换,B,2170.0000,0.0000,0.0000,0.0000,0.0000,2171.0000,0.0000,0.0000,0.0000,0.0000,4,0,0,0,0,3,0,0,0,0
zc,WT209,2012-06-14 14:19:46.580,2170.0000,2724,-4,0.0000,4.0000,0,4,双平,S,2170.0000,0.0000,0.0000,0.0000,0.0000,2171.0000,0.0000,0.0000,0.0000,0.0000,2,0,0,0,0,3,0,0,0,0
zc,WT209,2012-06-14 14:21:10.360,2170.0000,2722,-2,0.0000,2.0000,0,2,双平,S,2170.0000,0.0000,0.0000,0.0000,0.0000,2171.0000,0.0000,0.0000,0.0000,0.0000,1,0,0,0,0,3,0,0,0,0
zc,WT209,2012-06-14 14:21:10.860,2170.0000,2720,-2,0.0000,2.0000,0,2,双平,S,2169.0000,0.0000,0.0000,0.0000,0.0000,2171.0000,0.0000,0.0000,0.0000,0.0000,6,0,0,0,0,3,0,0,0,0
zc,WT209,2012-06-14 14:21:17.317,2170.0000,2720,0,0.0000,0.0000,0,0,空换,S,2169.0000,0.0000,0.0000,0.0000,0.0000,2171.0000,0.0000,0.0000,0.0000,0.0000,5,0,0,0,0,3,0,0,0,0
zc,WT209,2012-06-14 14:21:21.143,2170.0000,2720,0,0.0000,0.0000,0,0,空换,S,2170.0000,0.0000,0.0000,0.0000,0.0000,2171.0000,0.0000,0.0000,0.0000,0.0000,1,0,0,0,0,3,0,0,0,0
zc,WT209,2012-06-14 14:23:47.800,2170.0000,2718,-2,0.0000,2.0000,0,2,双平,S,2169.0000,0.0000,0.0000,0.0000,0.0000,2170.0000,0.0000,0.0000,0.0000,0.0000,5,0,0,0,0,1,0,0,0,0
zc,WT209,2012-06-14 14:24:38.330,2170.0000,2718,0,0.0000,0.0000,0,0,空换,S,2169.0000,0.0000,0.0000,0.0000,0.0000,2170.0000,0.0000,0.0000,0.0000,0.0000,5,0,0,0,0,2,0,0,0,0
zc,WT209,2012-06-14 14:30:57.317,2170.0000,2718,0,0.0000,0.0000,0,0,空换,S,2169.0000,0.0000,0.0000,0.0000,0.0000,2170.0000,0.0000,0.0000,0.0000,0.0000,5,0,0,0,0,1,0,0,0,0
zc,WT209,2012-06-14 14:31:02.317,2170.0000,2718,0,0.0000,2.0000,1,1,空换,S,2169.0000,0.0000,0.0000,0.0000,0.0000,2171.0000,0.0000,0.0000,0.0000,0.0000,5,0,0,0,0,3,0,0,0,0
zc,WT209,2012-06-14 14:32:34.300,2171.0000,2716,-2,0.0000,2.0000,0,2,双平,B,2169.0000,0.0000,0.0000,0.0000,0.0000,2171.0000,0.0000,0.0000,0.0000,0.0000,5,0,0,0,0,2,0,0,0,0
zc,WT209,2012-06-14 14:32:50.360,2171.0000,2714,-2,0.0000,2.0000,0,2,双平,B,2169.0000,0.0000,0.0000,0.0000,0.0000,2171.0000,0.0000,0.0000,0.0000,0.0000,5,0,0,0,0,1,0,0,0,0
zc,WT209,2012-06-14 14:34:24.360,2169.0000,2710,-4,0.0000,4.0000,0,4,双平,S,2169.0000,0.0000,0.0000,0.0000,0.0000,2171.0000,0.0000,0.0000,0.0000,0.0000,3,0,0,0,0,1,0,0,0,0
zc,WT209,2012-06-14 14:34:24.860,2169.0000,2706,-4,0.0000,4.0000,0,4,双平,S,2169.0000,0.0000,0.0000,0.0000,0.0000,2171.0000,0.0000,0.0000,0.0000,0.0000,1,0,0,0,0,1,0,0,0,0
zc,WT209,2012-06-14 14:34:35.127,2169.0000,2704,-2,0.0000,2.0000,0,2,双平,S,2168.0000,0.0000,0.0000,0.0000,0.0000,2169.0000,0.0000,0.0000,0.0000,0.0000,34,0,0,0,0,1,0,0,0,0
zc,WT209,2012-06-14 14:34:36.127,2169.0000,2704,0,0.0000,0.0000,0,0,空换,S,2168.0000,0.0000,0.0000,0.0000,0.0000,2171.0000,0.0000,0.0000,0.0000,0.0000,34,0,0,0,0,1,0,0,0,0
zc,WT209,2012-06-14 14:35:08.893,2169.0000,2704,0,0.0000,0.0000,0,0,空换,S,2168.0000,0.0000,0.0000,0.0000,0.0000,2171.0000,0.0000,0.0000,0.0000,0.0000,24,0,0,0,0,1,0,0,0,0
zc,WT209,2012-06-14 14:36:08.127,2169.0000,2704,0,0.0000,0.0000,0,0,空换,S,2168.0000,0.0000,0.0000,0.0000,0.0000,2171.0000,0.0000,0.0000,0.0000,0.0000,24,0,0,0,0,2,0,0,0,0
zc,WT209,2012-06-14 14:36:19.377,2169.0000,2704,0,0.0000,0.0000,0,0,空换,S,2168.0000,0.0000,0.0000,0.0000,0.0000,2170.0000,0.0000,0.0000,0.0000,0.0000,24,0,0,0,0,2,0,0,0,0
zc,WT209,2012-06-14 14:36:47.893,2169.0000,2704,0,0.0000,0.0000,0,0,空换,S,2168.0000,0.0000,0.0000,0.0000,0.0000,2171.0000,0.0000,0.0000,0.0000,0.0000,24,0,0,0,0,2,0,0,0,0
zc,WT209,2012-06-14 14:37:25.847,2169.0000,2704,0,0.0000,0.0000,0,0,空换,S,2168.0000,0.0000,0.0000,0.0000,0.0000,2170.0000,0.0000,0.0000,0.0000,0.0000,24,0,0,0,0,1,0,0,0,0
zc,WT209,2012-06-14 14:38:09.830,2169.0000,2704,0,0.0000,0.0000,0,0,空换,S,2168.0000,0.0000,0.0000,0.0000,0.0000,2170.0000,0.0000,0.0000,0.0000,0.0000,24,0,0,0,0,3,0,0,0,0
zc,WT209,2012-06-14 14:38:33.080,2169.0000,2704,0,0.0000,0.0000,0,0,空换,S,2168.0000,0.0000,0.0000,0.0000,0.0000,2170.0000,0.0000,0.0000,0.0000,0.0000,24,0,0,0,0,1,0,0,0,0
zc,WT209,2012-06-14 14:43:39.657,2168.0000,2700,-4,0.0000,4.0000,0,4,双平,S,2168.0000,0.0000,0.0000,0.0000,0.0000,2170.0000,0.0000,0.0000,0.0000,0.0000,22,0,0,0,0,1,0,0,0,0
zc,WT209,2012-06-14 14:43:44.847,2168.0000,2696,-4,0.0000,4.0000,0,4,双平,S,2168.0000,0.0000,0.0000,0.0000,0.0000,2170.0000,0.0000,0.0000,0.0000,0.0000,20,0,0,0,0,1,0,0,0,0
zc,WT209,2012-06-14 14:44:13.817,2168.0000,2694,-2,0.0000,2.0000,0,2,双平,S,2168.0000,0.0000,0.0000,0.0000,0.0000,2170.0000,0.0000,0.0000,0.0000,0.0000,19,0,0,0,0,1,0,0,0,0
zc,WT209,2012-06-14 14:44:19.097,2168.0000,2694,0,0.0000,2.0000,1,1,空换,S,2168.0000,0.0000,0.0000,0.0000,0.0000,2170.0000,0.0000,0.0000,0.0000,0.0000,18,0,0,0,0,1,0,0,0,0
zc,WT209,2012-06-14 14:44:47.830,2168.0000,2692,-2,0.0000,2.0000,0,2,双平,S,2168.0000,0.0000,0.0000,0.0000,0.0000,2170.0000,0.0000,0.0000,0.0000,0.0000,17,0,0,0,0,1,0,0,0,0
zc,WT209,2012-06-14 14:45:23.080,2168.0000,2692,0,0.0000,0.0000,0,0,空换,S,2168.0000,0.0000,0.0000,0.0000,0.0000,2170.0000,0.0000,0.0000,0.0000,0.0000,17,0,0,0,0,2,0,0,0,0
zc,WT209,2012-06-14 14:45:36.567,2168.0000,2692,0,0.0000,34.0000,17,17,空换,S,2167.0000,0.0000,0.0000,0.0000,0.0000,2168.0000,0.0000,0.0000,0.0000,0.0000,70,0,0,0,0,23,0,0,0,0
zc,WT209,2012-06-14 14:45:59.330,2167.0000,2692,0,0.0000,2.0000,1,1,空换,S,2167.0000,0.0000,0.0000,0.0000,0.0000,2168.0000,0.0000,0.0000,0.0000,0.0000,69,0,0,0,0,23,0,0,0,0
zc,WT209,2012-06-14 14:46:39.580,2167.0000,2688,-4,0.0000,4.0000,0,4,双平,S,2167.0000,0.0000,0.0000,0.0000,0.0000,2168.0000,0.0000,0.0000,0.0000,0.0000,67,0,0,0,0,23,0,0,0,0
zc,WT209,2012-06-14 14:46:40.847,2167.0000,2684,-4,0.0000,4.0000,0,4,双平,S,2167.0000,0.0000,0.0000,0.0000,0.0000,2168.0000,0.0000,0.0000,0.0000,0.0000,65,0,0,0,0,23,0,0,0,0
zc,WT209,2012-06-14 14:46:41.860,2167.0000,2680,-4,0.0000,4.0000,0,4,双平,S,2167.0000,0.0000,0.0000,0.0000,0.0000,2168.0000,0.0000,0.0000,0.0000,0.0000,63,0,0,0,0,23,0,0,0,0
zc,WT209,2012-06-14 14:46:43.097,2167.0000,2676,-4,0.0000,4.0000,0,4,双平,S,2167.0000,0.0000,0.0000,0.0000,0.0000,2168.0000,0.0000,0.0000,0.0000,0.0000,61,0,0,0,0,23,0,0,0,0
zc,WT209,2012-06-14 14:46:44.050,2167.0000,2672,-4,0.0000,4.0000,0,4,双平,S,2167.0000,0.0000,0.0000,0.0000,0.0000,2168.0000,0.0000,0.0000,0.0000,0.0000,59,0,0,0,0,23,0,0,0,0
zc,WT209,2012-06-14 14:46:45.360,2167.0000,2668,-4,0.0000,4.0000,0,4,双平,S,2167.0000,0.0000,0.0000,0.0000,0.0000,2168.0000,0.0000,0.0000,0.0000,0.0000,57,0,0,0,0,23,0,0,0,0
zc,WT209,2012-06-14 14:46:47.330,2167.0000,2664,-4,0.0000,4.0000,0,4,双平,S,2167.0000,0.0000,0.0000,0.0000,0.0000,2168.0000,0.0000,0.0000,0.0000,0.0000,55,0,0,0,0,23,0,0,0,0
zc,WT209,2012-06-14 14:46:49.860,2167.0000,2660,-4,0.0000,4.0000,0,4,双平,S,2167.0000,0.0000,0.0000,0.0000,0.0000,2168.0000,0.0000,0.0000,0.0000,0.0000,53,0,0,0,0,23,0,0,0,0
zc,WT209,2012-06-14 14:46:52.067,2167.0000,2656,-4,0.0000,4.0000,0,4,双平,S,2167.0000,0.0000,0.0000,0.0000,0.0000,2168.0000,0.0000,0.0000,0.0000,0.0000,51,0,0,0,0,23,0,0,0,0
zc,WT209,2012-06-14 14:46:53.067,2167.0000,2656,0,0.0000,10.0000,5,5,空换,S,2167.0000,0.0000,0.0000,0.0000,0.0000,2168.0000,0.0000,0.0000,0.0000,0.0000,46,0,0,0,0,23,0,0,0,0
zc,WT209,2012-06-14 14:46:54.627,2167.0000,2652,-4,0.0000,4.0000,0,4,双平,S,2167.0000,0.0000,0.0000,0.0000,0.0000,2168.0000,0.0000,0.0000,0.0000,0.0000,44,0,0,0,0,23,0,0,0,0
zc,WT209,2012-06-14 14:46:59.317,2168.0000,2656,4,0.0000,4.0000,4,0,双开,B,2167.0000,0.0000,0.0000,0.0000,0.0000,2168.0000,0.0000,0.0000,0.0000,0.0000,44,0,0,0,0,21,0,0,0,0
zc,WT209,2012-06-14 14:46:59.830,2168.0000,2656,0,0.0000,0.0000,0,0,多换,B,2167.0000,0.0000,0.0000,0.0000,0.0000,2168.0000,0.0000,0.0000,0.0000,0.0000,39,0,0,0,0,21,0,0,0,0
zc,WT209,2012-06-14 14:47:00.847,2167.0000,2654,-2,0.0000,12.0000,5,7,多平,S,2167.0000,0.0000,0.0000,0.0000,0.0000,2168.0000,0.0000,0.0000,0.0000,0.0000,33,0,0,0,0,21,0,0,0,0
zc,WT209,2012-06-14 14:47:04.360,2167.0000,2654,0,0.0000,6.0000,3,3,空换,S,2167.0000,0.0000,0.0000,0.0000,0.0000,2168.0000,0.0000,0.0000,0.0000,0.0000,30,0,0,0,0,21,0,0,0,0
zc,WT209,2012-06-14 14:47:04.877,2167.0000,2654,0,0.0000,0.0000,0,0,空换,S,2167.0000,0.0000,0.0000,0.0000,0.0000,2168.0000,0.0000,0.0000,0.0000,0.0000,25,0,0,0,0,21,0,0,0,0
zc,WT209,2012-06-14 14:47:10.817,2167.0000,2654,0,0.0000,0.0000,0,0,空换,S,2167.0000,0.0000,0.0000,0.0000,0.0000,2168.0000,0.0000,0.0000,0.0000,0.0000,20,0,0,0,0,21,0,0,0,0
zc,WT209,2012-06-14 14:47:15.847,2167.0000,2654,0,0.0000,0.0000,0,0,空换,S,2167.0000,0.0000,0.0000,0.0000,0.0000,2168.0000,0.0000,0.0000,0.0000,0.0000,15,0,0,0,0,21,0,0,0,0
zc,WT209,2012-06-14 14:47:20.097,2167.0000,2650,-4,0.0000,4.0000,0,4,双平,S,2167.0000,0.0000,0.0000,0.0000,0.0000,2168.0000,0.0000,0.0000,0.0000,0.0000,13,0,0,0,0,21,0,0,0,0
zc,WT209,2012-06-14 14:47:35.847,2167.0000,2648,-2,0.0000,2.0000,0,2,双平,S,2167.0000,0.0000,0.0000,0.0000,0.0000,2168.0000,0.0000,0.0000,0.0000,0.0000,12,0,0,0,0,21,0,0,0,0
zc,WT209,2012-06-14 14:48:11.330,2167.0000,2648,0,0.0000,2.0000,1,1,空换,S,2167.0000,0.0000,0.0000,0.0000,0.0000,2168.0000,0.0000,0.0000,0.0000,0.0000,11,0,0,0,0,21,0,0,0,0
zc,WT209,2012-06-14 14:48:14.847,2167.0000,2646,-2,0.0000,2.0000,0,2,双平,S,2167.0000,0.0000,0.0000,0.0000,0.0000,2168.0000,0.0000,0.0000,0.0000,0.0000,10,0,0,0,0,21,0,0,0,0
zc,WT209,2012-06-14 14:48:27.330,2167.0000,2644,-2,0.0000,2.0000,0,2,双平,S,2167.0000,0.0000,0.0000,0.0000,0.0000,2168.0000,0.0000,0.0000,0.0000,0.0000,9,0,0,0,0,21,0,0,0,0
zc,WT209,2012-06-14 14:48:30.360,2167.0000,2642,-2,0.0000,2.0000,0,2,双平,S,2167.0000,0.0000,0.0000,0.0000,0.0000,2168.0000,0.0000,0.0000,0.0000,0.0000,8,0,0,0,0,21,0,0,0,0
zc,WT209,2012-06-14 14:48:51.377,2167.0000,2640,-2,0.0000,2.0000,0,2,双平,S,2167.0000,0.0000,0.0000,0.0000,0.0000,2168.0000,0.0000,0.0000,0.0000,0.0000,7,0,0,0,0,21,0,0,0,0
zc,WT209,2012-06-14 14:49:01.097,2167.0000,2638,-2,0.0000,2.0000,0,2,双平,S,2167.0000,0.0000,0.0000,0.0000,0.0000,2168.0000,0.0000,0.0000,0.0000,0.0000,6,0,0,0,0,21,0,0,0,0
zc,WT209,2012-06-14 14:49:02.597,2167.0000,2634,-4,0.0000,4.0000,0,4,双平,S,2167.0000,0.0000,0.0000,0.0000,0.0000,2168.0000,0.0000,0.0000,0.0000,0.0000,4,0,0,0,0,21,0,0,0,0
zc,WT209,2012-06-14 14:49:12.847,2167.0000,2632,-2,0.0000,4.0000,1,3,多平,S,2167.0000,0.0000,0.0000,0.0000,0.0000,2168.0000,0.0000,0.0000,0.0000,0.0000,2,0,0,0,0,21,0,0,0,0
zc,WT209,2012-06-14 14:49:27.610,2167.0000,2630,-2,0.0000,2.0000,0,2,双平,S,2167.0000,0.0000,0.0000,0.0000,0.0000,2168.0000,0.0000,0.0000,0.0000,0.0000,1,0,0,0,0,21,0,0,0,0
zc,WT209,2012-06-14 14:49:39.830,2167.0000,2630,0,0.0000,0.0000,0,0,空换,S,2167.0000,0.0000,0.0000,0.0000,0.0000,2171.0000,0.0000,0.0000,0.0000,0.0000,1,0,0,0,0,2,0,0,0,0
zc,WT209,2012-06-14 14:49:50.580,2167.0000,2630,0,0.0000,0.0000,0,0,空换,S,2167.0000,0.0000,0.0000,0.0000,0.0000,2170.0000,0.0000,0.0000,0.0000,0.0000,1,0,0,0,0,2,0,0,0,0
zc,WT209,2012-06-14 14:49:57.830,2167.0000,2632,2,0.0000,2.0000,2,0,双开,S,2166.0000,0.0000,0.0000,0.0000,0.0000,2167.0000,0.0000,0.0000,0.0000,0.0000,17,0,0,0,0,1,0,0,0,0
zc,WT209,2012-06-14 14:50:04.067,2167.0000,2632,0,0.0000,2.0000,1,1,空换,S,2167.0000,0.0000,0.0000,0.0000,0.0000,2170.0000,0.0000,0.0000,0.0000,0.0000,1,0,0,0,0,3,0,0,0,0
zc,WT209,2012-06-14 14:50:09.143,2167.0000,2632,0,0.0000,0.0000,0,0,空换,S,2167.0000,0.0000,0.0000,0.0000,0.0000,2170.0000,0.0000,0.0000,0.0000,0.0000,2,0,0,0,0,3,0,0,0,0
zc,WT209,2012-06-14 14:50:13.317,2170.0000,2634,2,0.0000,2.0000,2,0,双开,B,2167.0000,0.0000,0.0000,0.0000,0.0000,2170.0000,0.0000,0.0000,0.0000,0.0000,2,0,0,0,0,2,0,0,0,0
zc,WT209,2012-06-14 14:50:38.597,2170.0000,2634,0,0.0000,0.0000,0,0,多换,B,2167.0000,0.0000,0.0000,0.0000,0.0000,2169.0000,0.0000,0.0000,0.0000,0.0000,2,0,0,0,0,1,0,0,0,0
zc,WT209,2012-06-14 14:50:46.847,2167.0000,2634,0,0.0000,2.0000,1,1,空换,S,2167.0000,0.0000,0.0000,0.0000,0.0000,2169.0000,0.0000,0.0000,0.0000,0.0000,1,0,0,0,0,1,0,0,0,0
zc,WT209,2012-06-14 14:51:00.080,2167.0000,2634,0,0.0000,2.0000,1,1,空换,S,2166.0000,0.0000,0.0000,0.0000,0.0000,2169.0000,0.0000,0.0000,0.0000,0.0000,17,0,0,0,0,1,0,0,0,0
zc,WT209,2012-06-14 14:51:13.877,2167.0000,2634,0,0.0000,0.0000,0,0,空换,S,2167.0000,0.0000,0.0000,0.0000,0.0000,2169.0000,0.0000,0.0000,0.0000,0.0000,2,0,0,0,0,1,0,0,0,0
zc,WT209,2012-06-14 14:51:18.377,2169.0000,2636,2,0.0000,2.0000,2,0,双开,B,2167.0000,0.0000,0.0000,0.0000,0.0000,2170.0000,0.0000,0.0000,0.0000,0.0000,2,0,0,0,0,3,0,0,0,0
zc,WT209,2012-06-14 14:51:27.317,2169.0000,2636,0,0.0000,0.0000,0,0,多换,B,2167.0000,0.0000,0.0000,0.0000,0.0000,2169.0000,0.0000,0.0000,0.0000,0.0000,2,0,0,0,0,1,0,0,0,0
zc,WT209,2012-06-14 14:51:34.347,2169.0000,2636,0,0.0000,0.0000,0,0,多换,B,2167.0000,0.0000,0.0000,0.0000,0.0000,2169.0000,0.0000,0.0000,0.0000,0.0000,3,0,0,0,0,1,0,0,0,0
zc,WT209,2012-06-14 14:51:38.800,2167.0000,2632,-4,0.0000,4.0000,0,4,双平,S,2167.0000,0.0000,0.0000,0.0000,0.0000,2169.0000,0.0000,0.0000,0.0000,0.0000,2,0,0,0,0,1,0,0,0,0
zc,WT209,2012-06-14 14:51:48.907,2167.0000,2632,0,0.0000,2.0000,1,1,空换,S,2167.0000,0.0000,0.0000,0.0000,0.0000,2169.0000,0.0000,0.0000,0.0000,0.0000,1,0,0,0,0,1,0,0,0,0
zc,WT209,2012-06-14 14:52:01.347,2167.0000,2632,0,0.0000,0.0000,0,0,空换,S,2167.0000,0.0000,0.0000,0.0000,0.0000,2169.0000,0.0000,0.0000,0.0000,0.0000,1,0,0,0,0,2,0,0,0,0
zc,WT209,2012-06-14 14:52:17.330,2167.0000,2632,0,0.0000,2.0000,1,1,空换,S,2166.0000,0.0000,0.0000,0.0000,0.0000,2169.0000,0.0000,0.0000,0.0000,0.0000,18,0,0,0,0,2,0,0,0,0
zc,WT209,2012-06-14 14:52:32.597,2167.0000,2632,0,0.0000,0.0000,0,0,空换,S,2167.0000,0.0000,0.0000,0.0000,0.0000,2169.0000,0.0000,0.0000,0.0000,0.0000,3,0,0,0,0,2,0,0,0,0
zc,WT209,2012-06-14 14:52:33.817,2167.0000,2632,0,0.0000,0.0000,0,0,空换,S,2167.0000,0.0000,0.0000,0.0000,0.0000,2169.0000,0.0000,0.0000,0.0000,0.0000,3,0,0,0,0,6,0,0,0,0
zc,WT209,2012-06-14 14:52:34.080,2167.0000,2632,0,0.0000,0.0000,0,0,空换,S,2167.0000,0.0000,0.0000,0.0000,0.0000,2168.0000,0.0000,0.0000,0.0000,0.0000,3,0,0,0,0,1,0,0,0,0
zc,WT209,2012-06-14 14:52:46.317,2167.0000,2632,0,0.0000,2.0000,1,1,空换,S,2167.0000,0.0000,0.0000,0.0000,0.0000,2168.0000,0.0000,0.0000,0.0000,0.0000,2,0,0,0,0,1,0,0,0,0
zc,WT209,2012-06-14 14:53:59.080,2168.0000,2632,0,0.0000,2.0000,1,1,多换,B,2167.0000,0.0000,0.0000,0.0000,0.0000,2169.0000,0.0000,0.0000,0.0000,0.0000,2,0,0,0,0,6,0,0,0,0
zc,WT209,2012-06-14 14:54:19.377,2169.0000,2636,4,0.0000,10.0000,7,3,多开,B,2167.0000,0.0000,0.0000,0.0000,0.0000,2169.0000,0.0000,0.0000,0.0000,0.0000,2,0,0,0,0,1,0,0,0,0
zc,WT209,2012-06-14 14:54:27.097,2169.0000,2636,0,0.0000,0.0000,0,0,多换,B,2167.0000,0.0000,0.0000,0.0000,0.0000,2169.0000,0.0000,0.0000,0.0000,0.0000,3,0,0,0,0,1,0,0,0,0
zc,WT209,2012-06-14 14:54:34.847,2167.0000,2634,-2,0.0000,4.0000,1,3,多平,S,2167.0000,0.0000,0.0000,0.0000,0.0000,2169.0000,0.0000,0.0000,0.0000,0.0000,1,0,0,0,0,1,0,0,0,0
zc,WT209,2012-06-14 14:54:39.893,2167.0000,2632,-2,0.0000,2.0000,0,2,双平,S,2166.0000,0.0000,0.0000,0.0000,0.0000,2167.0000,0.0000,0.0000,0.0000,0.0000,18,0,0,0,0,1,0,0,0,0
zc,WT209,2012-06-14 14:54:44.190,2167.0000,2632,0,0.0000,0.0000,0,0,空换,S,2166.0000,0.0000,0.0000,0.0000,0.0000,2169.0000,0.0000,0.0000,0.0000,0.0000,18,0,0,0,0,1,0,0,0,0
zc,WT209,2012-06-14 14:54:49.143,2167.0000,2632,0,0.0000,0.0000,0,0,空换,S,2166.0000,0.0000,0.0000,0.0000,0.0000,2169.0000,0.0000,0.0000,0.0000,0.0000,18,0,0,0,0,2,0,0,0,0
zc,WT209,2012-06-14 14:54:52.610,2167.0000,2632,0,0.0000,0.0000,0,0,空换,S,2166.0000,0.0000,0.0000,0.0000,0.0000,2169.0000,0.0000,0.0000,0.0000,0.0000,17,0,0,0,0,2,0,0,0,0
zc,WT209,2012-06-14 14:55:01.923,2166.0000,2632,0,0.0000,2.0000,1,1,空换,S,2166.0000,0.0000,0.0000,0.0000,0.0000,2169.0000,0.0000,0.0000,0.0000,0.0000,16,0,0,0,0,2,0,0,0,0
zc,WT209,2012-06-14 14:55:02.330,2166.0000,2630,-2,0.0000,2.0000,0,2,双平,S,2166.0000,0.0000,0.0000,0.0000,0.0000,2169.0000,0.0000,0.0000,0.0000,0.0000,15,0,0,0,0,2,0,0,0,0
zc,WT209,2012-06-14 14:55:03.567,2166.0000,2628,-2,0.0000,2.0000,0,2,双平,S,2166.0000,0.0000,0.0000,0.0000,0.0000,2169.0000,0.0000,0.0000,0.0000,0.0000,14,0,0,0,0,2,0,0,0,0
zc,WT209,2012-06-14 14:55:04.097,2166.0000,2626,-2,0.0000,2.0000,0,2,双平,S,2166.0000,0.0000,0.0000,0.0000,0.0000,2169.0000,0.0000,0.0000,0.0000,0.0000,13,0,0,0,0,2,0,0,0,0
zc,WT209,2012-06-14 14:55:05.080,2166.0000,2624,-2,0.0000,2.0000,0,2,双平,S,2166.0000,0.0000,0.0000,0.0000,0.0000,2169.0000,0.0000,0.0000,0.0000,0.0000,12,0,0,0,0,2,0,0,0,0
zc,WT209,2012-06-14 14:55:10.860,2166.0000,2624,0,0.0000,0.0000,0,0,空换,S,2166.0000,0.0000,0.0000,0.0000,0.0000,2169.0000,0.0000,0.0000,0.0000,0.0000,12,0,0,0,0,3,0,0,0,0
zc,WT209,2012-06-14 14:55:30.050,2166.0000,2624,0,0.0000,0.0000,0,0,空换,S,2167.0000,0.0000,0.0000,0.0000,0.0000,2169.0000,0.0000,0.0000,0.0000,0.0000,1,0,0,0,0,3,0,0,0,0
zc,WT209,2012-06-14 14:55:31.110,2167.0000,2622,-2,0.0000,2.0000,0,2,双平,B,2166.0000,0.0000,0.0000,0.0000,0.0000,2169.0000,0.0000,0.0000,0.0000,0.0000,12,0,0,0,0,3,0,0,0,0
zc,WT209,2012-06-14 14:55:42.080,2167.0000,2622,0,0.0000,0.0000,0,0,多换,B,2166.0000,0.0000,0.0000,0.0000,0.0000,2169.0000,0.0000,0.0000,0.0000,0.0000,12,0,0,0,0,4,0,0,0,0
zc,WT209,2012-06-14 14:56:20.080,2167.0000,2622,0,0.0000,0.0000,0,0,多换,B,2167.0000,0.0000,0.0000,0.0000,0.0000,2169.0000,0.0000,0.0000,0.0000,0.0000,5,0,0,0,0,4,0,0,0,0
zc,WT209,2012-06-14 14:58:27.067,2169.0000,2620,-2,0.0000,2.0000,0,2,双平,B,2167.0000,0.0000,0.0000,0.0000,0.0000,2169.0000,0.0000,0.0000,0.0000,0.0000,5,0,0,0,0,3,0,0,0,0
zc,WT209,2012-06-14 14:59:05.110,2170.0000,2630,10,0.0000,10.0000,10,0,双开,B,2167.0000,0.0000,0.0000,0.0000,0.0000,2170.0000,0.0000,0.0000,0.0000,0.0000,5,0,0,0,0,1,0,0,0,0
zc,WT209,2012-06-14 14:59:14.393,2170.0000,2630,0,0.0000,0.0000,0,0,多换,B,2168.0000,0.0000,0.0000,0.0000,0.0000,2170.0000,0.0000,0.0000,0.0000,0.0000,1,0,0,0,0,1,0,0,0,0
zc,WT209,2012-06-14 14:59:23.127,2170.0000,2630,0,0.0000,0.0000,0,0,多换,B,2168.0000,0.0000,0.0000,0.0000,0.0000,2170.0000,0.0000,0.0000,0.0000,0.0000,1,0,0,0,0,2,0,0,0,0
zc,WT209,2012-06-14 14:59:26.627,2170.0000,2634,4,0.0000,4.0000,4,0,双开,B,2170.0000,0.0000,0.0000,0.0000,0.0000,2171.0000,0.0000,0.0000,0.0000,0.0000,3,0,0,0,0,2,0,0,0,0
zc,WT209,2012-06-14 14:59:29.157,2170.0000,2634,0,0.0000,4.0000,2,2,多换,B,2170.0000,0.0000,0.0000,0.0000,0.0000,2171.0000,0.0000,0.0000,0.0000,0.0000,1,0,0,0,0,2,0,0,0,0
zc,WT209,2012-06-14 14:59:30.143,2170.0000,2634,0,0.0000,2.0000,1,1,多换,B,2168.0000,0.0000,0.0000,0.0000,0.0000,2170.0000,0.0000,0.0000,0.0000,0.0000,1,0,0,0,0,1,0,0,0,0
zc,WT209,2012-06-14 14:59:35.627,2170.0000,2634,0,0.0000,0.0000,0,0,多换,B,2168.0000,0.0000,0.0000,0.0000,0.0000,2170.0000,0.0000,0.0000,0.0000,0.0000,2,0,0,0,0,1,0,0,0,0
zc,WT209,2012-06-14 14:59:53.393,2170.0000,2634,0,0.0000,0.0000,0,0,多换,B,2168.0000,0.0000,0.0000,0.0000,0.0000,2171.0000,0.0000,0.0000,0.0000,0.0000,2,0,0,0,0,2,0,0,0,0
zc,WT209,2012-06-14 14:59:57.207,2170.0000,2634,0,0.0000,0.0000,0,0,多换,B,2170.0000,0.0000,0.0000,0.0000,0.0000,2171.0000,0.0000,0.0000,0.0000,0.0000,5,0,0,0,0,2,0,0,0,0
zc,WT209,2012-06-14 15:19:36.970,2170.0000,2634,0,0.0000,0.0000,0,0,多换,B,2170.0000,0.0000,0.0000,0.0000,0.0000,2171.0000,0.0000,0.0000,0.0000,0.0000,5,0,0,0,0,2,0,0,0,0
