市场代码,合约代码,时间,最新,持仓,增仓,成交额,成交量,开仓,平仓,成交类型,方向,买一价,买二价,买三价,买四价,买五价,卖一价,卖二价,卖三价,卖四价,卖五价,买一量,买二量,买三量,买四量,买五量,卖一量,卖二量,卖三量,卖四量,卖五量
zc,TA305,2012-06-18 08:59:00.900,0.0000,1382,0,0.0000,0.0000,0,0,空换,S,7310.0000,0.0000,0.0000,0.0000,0.0000,7412.0000,0.0000,0.0000,0.0000,0.0000,1,0,0,0,0,1,0,0,0,0
zc,TA305,2012-06-18 09:00:01.870,7412.0000,1380,-2,0.0000,2.0000,0,2,双平,B,7428.0000,0.0000,0.0000,0.0000,0.0000,7442.0000,0.0000,0.0000,0.0000,0.0000,1,0,0,0,0,2,0,0,0,0
zc,TA305,2012-06-18 09:00:02.887,7412.0000,1380,0,0.0000,0.0000,0,0,多换,B,7434.0000,0.0000,0.0000,0.0000,0.0000,7446.0000,0.0000,0.0000,0.0000,0.0000,1,0,0,0,0,1,0,0,0,0
zc,TA305,2012-06-18 09:00:04.137,7412.0000,1380,0,0.0000,0.0000,0,0,多换,B,7438.0000,0.0000,0.0000,0.0000,0.0000,7448.0000,0.0000,0.0000,0.0000,0.0000,1,0,0,0,0,2,0,0,0,0
zc,TA305,2012-06-18 09:00:04.870,7412.0000,1380,0,0.0000,0.0000,0,0,多换,B,7436.0000,0.0000,0.0000,0.0000,0.0000,7448.0000,0.0000,0.0000,0.0000,0.0000,1,0,0,0,0,2,0,0,0,0
zc,TA305,2012-06-18 09:00:05.557,7412.0000,1380,0,0.0000,0.0000,0,0,多换,B,7436.0000,0.0000,0.0000,0.0000,0.0000,7444.0000,0.0000,0.0000,0.0000,0.0000,1,0,0,0,0,1,0,0,0,0
zc,TA305,2012-06-18 09:00:06.073,7412.0000,1380,0,0.0000,0.0000,0,0,多换,B,7436.0000,0.0000,0.0000,0.0000,0.0000,7444.0000,0.0000,0.0000,0.0000,0.0000,1,0,0,0,0,2,0,0,0,0
zc,TA305,2012-06-18 09:00:06.790,7412.0000,1380,0,0.0000,0.0000,0,0,多换,B,7436.0000,0.0000,0.0000,0.0000,0.0000,7444.0000,0.0000,0.0000,0.0000,0.0000,2,0,0,0,0,2,0,0,0,0
zc,TA305,2012-06-18 09:00:07.307,7412.0000,1380,0,0.0000,0.0000,0,0,多换,B,7436.0000,0.0000,0.0000,0.0000,0.0000,7444.0000,0.0000,0.0000,0.0000,0.0000,1,0,0,0,0,1,0,0,0,0
zc,TA305,2012-06-18 09:00:07.823,7412.0000,1380,0,0.0000,0.0000,0,0,多换,B,7434.0000,0.0000,0.0000,0.0000,0.0000,7442.0000,0.0000,0.0000,0.0000,0.0000,1,0,0,0,0,2,0,0,0,0
zc,TA305,2012-06-18 09:00:08.527,7430.0000,1378,-2,0.0000,2.0000,0,2,双平,B,7432.0000,0.0000,0.0000,0.0000,0.0000,7442.0000,0.0000,0.0000,0.0000,0.0000,1,0,0,0,0,2,0,0,0,0
zc,TA305,2012-06-18 09:00:09.040,7430.0000,1378,0,0.0000,0.0000,0,0,多换,B,7434.0000,0.0000,0.0000,0.0000,0.0000,7446.0000,0.0000,0.0000,0.0000,0.0000,1,0,0,0,0,2,0,0,0,0
zc,TA305,2012-06-18 09:00:09.823,7430.0000,1376,-2,0.0000,2.0000,0,2,双平,B,7432.0000,0.0000,0.0000,0.0000,0.0000,7446.0000,0.0000,0.0000,0.0000,0.0000,1,0,0,0,0,2,0,0,0,0
zc,TA305,2012-06-18 09:00:10.010,7430.0000,1376,0,0.0000,0.0000,0,0,多换,B,7432.0000,0.0000,0.0000,0.0000,0.0000,7446.0000,0.0000,0.0000,0.0000,0.0000,2,0,0,0,0,2,0,0,0,0
zc,TA305,2012-06-18 09:00:11.087,7430.0000,1376,0,0.0000,0.0000,0,0,多换,B,7432.0000,0.0000,0.0000,0.0000,0.0000,7442.0000,0.0000,0.0000,0.0000,0.0000,1,0,0,0,0,1,0,0,0,0
zc,TA305,2012-06-18 09:00:11.323,7430.0000,1376,0,0.0000,0.0000,0,0,多换,B,7432.0000,0.0000,0.0000,0.0000,0.0000,7446.0000,0.0000,0.0000,0.0000,0.0000,2,0,0,0,0,2,0,0,0,0
zc,TA305,2012-06-18 09:00:12.557,7430.0000,1376,0,0.0000,0.0000,0,0,多换,B,7432.0000,0.0000,0.0000,0.0000,0.0000,7446.0000,0.0000,0.0000,0.0000,0.0000,2,0,0,0,0,3,0,0,0,0
zc,TA305,2012-06-18 09:00:13.027,7430.0000,1376,0,0.0000,0.0000,0,0,多换,B,7432.0000,0.0000,0.0000,0.0000,0.0000,7444.0000,0.0000,0.0000,0.0000,0.0000,2,0,0,0,0,2,0,0,0,0
zc,TA305,2012-06-18 09:00:13.837,7430.0000,1376,0,0.0000,0.0000,0,0,多换,B,7434.0000,0.0000,0.0000,0.0000,0.0000,7446.0000,0.0000,0.0000,0.0000,0.0000,1,0,0,0,0,1,0,0,0,0
zc,TA305,2012-06-18 09:00:14.573,7446.0000,1376,0,0.0000,2.0000,1,1,多换,B,7432.0000,0.0000,0.0000,0.0000,0.0000,7460.0000,0.0000,0.0000,0.0000,0.0000,2,0,0,0,0,1,0,0,0,0
zc,TA305,2012-06-18 09:00:15.337,7446.0000,1376,0,0.0000,0.0000,0,0,多换,B,7438.0000,0.0000,0.0000,0.0000,0.0000,7448.0000,0.0000,0.0000,0.0000,0.0000,1,0,0,0,0,2,0,0,0,0
zc,TA305,2012-06-18 09:00:15.853,7446.0000,1376,0,0.0000,0.0000,0,0,多换,B,7434.0000,0.0000,0.0000,0.0000,0.0000,7460.0000,0.0000,0.0000,0.0000,0.0000,1,0,0,0,0,1,0,0,0,0
zc,TA305,2012-06-18 09:00:16.557,7446.0000,1376,0,0.0000,0.0000,0,0,多换,B,7438.0000,0.0000,0.0000,0.0000,0.0000,7462.0000,0.0000,0.0000,0.0000,0.0000,1,0,0,0,0,3,0,0,0,0
zc,TA305,2012-06-18 09:00:16.807,7446.0000,1376,0,0.0000,0.0000,0,0,多换,B,7444.0000,0.0000,0.0000,0.0000,0.0000,7462.0000,0.0000,0.0000,0.0000,0.0000,1,0,0,0,0,3,0,0,0,0
zc,TA305,2012-06-18 09:00:17.823,7446.0000,1376,0,0.0000,0.0000,0,0,多换,B,7446.0000,0.0000,0.0000,0.0000,0.0000,7462.0000,0.0000,0.0000,0.0000,0.0000,1,0,0,0,0,2,0,0,0,0
zc,TA305,2012-06-18 09:00:20.337,7446.0000,1376,0,0.0000,0.0000,0,0,多换,B,7448.0000,0.0000,0.0000,0.0000,0.0000,7460.0000,0.0000,0.0000,0.0000,0.0000,1,0,0,0,0,1,0,0,0,0
zc,TA305,2012-06-18 09:00:21.307,7446.0000,1376,0,0.0000,0.0000,0,0,多换,B,7452.0000,0.0000,0.0000,0.0000,0.0000,7462.0000,0.0000,0.0000,0.0000,0.0000,1,0,0,0,0,2,0,0,0,0
zc,TA305,2012-06-18 09:00:21.823,7446.0000,1376,0,0.0000,0.0000,0,0,多换,B,7448.0000,0.0000,0.0000,0.0000,0.0000,7464.0000,0.0000,0.0000,0.0000,0.0000,2,0,0,0,0,2,0,0,0,0
zc,TA305,2012-06-18 09:00:22.557,7446.0000,1376,0,0.0000,0.0000,0,0,多换,B,7454.0000,0.0000,0.0000,0.0000,0.0000,7466.0000,0.0000,0.0000,0.0000,0.0000,1,0,0,0,0,2,0,0,0,0
zc,TA305,2012-06-18 09:00:23.073,7446.0000,1376,0,0.0000,0.0000,0,0,多换,B,7454.0000,0.0000,0.0000,0.0000,0.0000,7468.0000,0.0000,0.0000,0.0000,0.0000,1,0,0,0,0,2,0,0,0,0
zc,TA305,2012-06-18 09:00:23.807,7446.0000,1376,0,0.0000,0.0000,0,0,多换,B,7456.0000,0.0000,0.0000,0.0000,0.0000,7468.0000,0.0000,0.0000,0.0000,0.0000,1,0,0,0,0,2,0,0,0,0
zc,TA305,2012-06-18 09:00:24.277,7446.0000,1376,0,0.0000,0.0000,0,0,多换,B,7456.0000,0.0000,0.0000,0.0000,0.0000,7466.0000,0.0000,0.0000,0.0000,0.0000,1,0,0,0,0,1,0,0,0,0
zc,TA305,2012-06-18 09:00:25.073,7446.0000,1376,0,0.0000,0.0000,0,0,多换,B,7458.0000,0.0000,0.0000,0.0000,0.0000,7470.0000,0.0000,0.0000,0.0000,0.0000,1,0,0,0,0,2,0,0,0,0
zc,TA305,2012-06-18 09:00:26.307,7446.0000,1376,0,0.0000,0.0000,0,0,多换,B,7460.0000,0.0000,0.0000,0.0000,0.0000,7470.0000,0.0000,0.0000,0.0000,0.0000,1,0,0,0,0,2,0,0,0,0
zc,TA305,2012-06-18 09:00:27.103,7446.0000,1376,0,0.0000,0.0000,0,0,多换,B,7462.0000,0.0000,0.0000,0.0000,0.0000,7476.0000,0.0000,0.0000,0.0000,0.0000,1,0,0,0,0,2,0,0,0,0
zc,TA305,2012-06-18 09:00:28.337,7446.0000,1376,0,0.0000,0.0000,0,0,多换,B,7460.0000,0.0000,0.0000,0.0000,0.0000,7478.0000,0.0000,0.0000,0.0000,0.0000,2,0,0,0,0,2,0,0,0,0
zc,TA305,2012-06-18 09:00:28.807,7446.0000,1376,0,0.0000,0.0000,0,0,多换,B,7462.0000,0.0000,0.0000,0.0000,0.0000,7474.0000,0.0000,0.0000,0.0000,0.0000,1,0,0,0,0,1,0,0,0,0
zc,TA305,2012-06-18 09:00:29.573,7446.0000,1376,0,0.0000,0.0000,0,0,多换,B,7462.0000,0.0000,0.0000,0.0000,0.0000,7478.0000,0.0000,0.0000,0.0000,0.0000,1,0,0,0,0,2,0,0,0,0
zc,TA305,2012-06-18 09:00:30.057,7446.0000,1376,0,0.0000,0.0000,0,0,多换,B,7462.0000,0.0000,0.0000,0.0000,0.0000,7476.0000,0.0000,0.0000,0.0000,0.0000,1,0,0,0,0,1,0,0,0,0
zc,TA305,2012-06-18 09:00:31.103,7446.0000,1376,0,0.0000,0.0000,0,0,多换,B,7460.0000,0.0000,0.0000,0.0000,0.0000,7470.0000,0.0000,0.0000,0.0000,0.0000,2,0,0,0,0,2,0,0,0,0
zc,TA305,2012-06-18 09:00:31.573,7446.0000,1376,0,0.0000,0.0000,0,0,多换,B,7460.0000,0.0000,0.0000,0.0000,0.0000,7476.0000,0.0000,0.0000,0.0000,0.0000,1,0,0,0,0,2,0,0,0,0
zc,TA305,2012-06-18 09:00:32.277,7446.0000,1376,0,0.0000,0.0000,0,0,多换,B,7462.0000,0.0000,0.0000,0.0000,0.0000,7476.0000,0.0000,0.0000,0.0000,0.0000,1,0,0,0,0,2,0,0,0,0
zc,TA305,2012-06-18 09:00:32.807,7446.0000,1376,0,0.0000,0.0000,0,0,多换,B,7460.0000,0.0000,0.0000,0.0000,0.0000,7472.0000,0.0000,0.0000,0.0000,0.0000,2,0,0,0,0,1,0,0,0,0
zc,TA305,2012-06-18 09:00:33.277,7446.0000,1376,0,0.0000,0.0000,0,0,多换,B,7460.0000,0.0000,0.0000,0.0000,0.0000,7470.0000,0.0000,0.0000,0.0000,0.0000,2,0,0,0,0,1,0,0,0,0
zc,TA305,2012-06-18 09:00:34.040,7446.0000,1376,0,0.0000,0.0000,0,0,多换,B,7460.0000,0.0000,0.0000,0.0000,0.0000,7470.0000,0.0000,0.0000,0.0000,0.0000,2,0,0,0,0,2,0,0,0,0
zc,TA305,2012-06-18 09:00:35.227,7446.0000,1376,0,0.0000,0.0000,0,0,多换,B,7460.0000,0.0000,0.0000,0.0000,0.0000,7470.0000,0.0000,0.0000,0.0000,0.0000,1,0,0,0,0,2,0,0,0,0
zc,TA305,2012-06-18 09:00:37.277,7446.0000,1376,0,0.0000,0.0000,0,0,多换,B,7460.0000,0.0000,0.0000,0.0000,0.0000,7472.0000,0.0000,0.0000,0.0000,0.0000,1,0,0,0,0,2,0,0,0,0
zc,TA305,2012-06-18 09:00:37.760,7446.0000,1376,0,0.0000,0.0000,0,0,多换,B,7460.0000,0.0000,0.0000,0.0000,0.0000,7470.0000,0.0000,0.0000,0.0000,0.0000,1,0,0,0,0,1,0,0,0,0
zc,TA305,2012-06-18 09:00:38.557,7460.0000,1374,-2,0.0000,2.0000,0,2,双平,B,7456.0000,0.0000,0.0000,0.0000,0.0000,7468.0000,0.0000,0.0000,0.0000,0.0000,1,0,0,0,0,2,0,0,0,0
zc,TA305,2012-06-18 09:00:39.573,7468.0000,1386,12,0.0000,12.0000,12,0,双开,B,7456.0000,0.0000,0.0000,0.0000,0.0000,7470.0000,0.0000,0.0000,0.0000,0.0000,2,0,0,0,0,1,0,0,0,0
zc,TA305,2012-06-18 09:00:40.307,7468.0000,1386,0,0.0000,0.0000,0,0,多换,B,7456.0000,0.0000,0.0000,0.0000,0.0000,7468.0000,0.0000,0.0000,0.0000,0.0000,2,0,0,0,0,1,0,0,0,0
zc,TA305,2012-06-18 09:00:41.057,7468.0000,1386,0,0.0000,0.0000,0,0,多换,B,7456.0000,0.0000,0.0000,0.0000,0.0000,7470.0000,0.0000,0.0000,0.0000,0.0000,1,0,0,0,0,1,0,0,0,0
zc,TA305,2012-06-18 09:00:41.587,7468.0000,1386,0,0.0000,0.0000,0,0,多换,B,7448.0000,0.0000,0.0000,0.0000,0.0000,7468.0000,0.0000,0.0000,0.0000,0.0000,1,0,0,0,0,1,0,0,0,0
zc,TA305,2012-06-18 09:00:42.323,7468.0000,1386,0,0.0000,0.0000,0,0,多换,B,7460.0000,0.0000,0.0000,0.0000,0.0000,7472.0000,0.0000,0.0000,0.0000,0.0000,1,0,0,0,0,1,0,0,0,0
zc,TA305,2012-06-18 09:00:43.807,7468.0000,1386,0,0.0000,0.0000,0,0,多换,B,7458.0000,0.0000,0.0000,0.0000,0.0000,7470.0000,0.0000,0.0000,0.0000,0.0000,1,0,0,0,0,1,0,0,0,0
zc,TA305,2012-06-18 09:00:45.087,7468.0000,1386,0,0.0000,0.0000,0,0,多换,B,7454.0000,0.0000,0.0000,0.0000,0.0000,7468.0000,0.0000,0.0000,0.0000,0.0000,1,0,0,0,0,1,0,0,0,0
zc,TA305,2012-06-18 09:00:46.010,7468.0000,1386,0,0.0000,0.0000,0,0,多换,B,7452.0000,0.0000,0.0000,0.0000,0.0000,7468.0000,0.0000,0.0000,0.0000,0.0000,1,0,0,0,0,1,0,0,0,0
zc,TA305,2012-06-18 09:00:46.777,7468.0000,1386,0,0.0000,0.0000,0,0,多换,B,7452.0000,0.0000,0.0000,0.0000,0.0000,7466.0000,0.0000,0.0000,0.0000,0.0000,1,0,0,0,0,10,0,0,0,0
zc,TA305,2012-06-18 09:00:47.307,7468.0000,1386,0,0.0000,0.0000,0,0,多换,B,7448.0000,0.0000,0.0000,0.0000,0.0000,7460.0000,0.0000,0.0000,0.0000,0.0000,1,0,0,0,0,10,0,0,0,0
zc,TA305,2012-06-18 09:00:48.040,7468.0000,1386,0,0.0000,0.0000,0,0,多换,B,7448.0000,0.0000,0.0000,0.0000,0.0000,7460.0000,0.0000,0.0000,0.0000,0.0000,2,0,0,0,0,7,0,0,0,0
zc,TA305,2012-06-18 09:00:48.540,7468.0000,1386,0,0.0000,0.0000,0,0,多换,B,7452.0000,0.0000,0.0000,0.0000,0.0000,7466.0000,0.0000,0.0000,0.0000,0.0000,1,0,0,0,0,10,0,0,0,0
zc,TA305,2012-06-18 09:00:49.290,7468.0000,1386,0,0.0000,0.0000,0,0,多换,B,7446.0000,0.0000,0.0000,0.0000,0.0000,7466.0000,0.0000,0.0000,0.0000,0.0000,1,0,0,0,0,10,0,0,0,0
zc,TA305,2012-06-18 09:00:49.823,7468.0000,1386,0,0.0000,0.0000,0,0,多换,B,7448.0000,0.0000,0.0000,0.0000,0.0000,7456.0000,0.0000,0.0000,0.0000,0.0000,1,0,0,0,0,10,0,0,0,0
zc,TA305,2012-06-18 09:00:51.103,7468.0000,1386,0,0.0000,0.0000,0,0,多换,B,7448.0000,0.0000,0.0000,0.0000,0.0000,7460.0000,0.0000,0.0000,0.0000,0.0000,1,0,0,0,0,10,0,0,0,0
zc,TA305,2012-06-18 09:00:51.790,7468.0000,1386,0,0.0000,0.0000,0,0,多换,B,7450.0000,0.0000,0.0000,0.0000,0.0000,7460.0000,0.0000,0.0000,0.0000,0.0000,1,0,0,0,0,10,0,0,0,0
zc,TA305,2012-06-18 09:00:52.027,7468.0000,1386,0,0.0000,0.0000,0,0,多换,B,7448.0000,0.0000,0.0000,0.0000,0.0000,7456.0000,0.0000,0.0000,0.0000,0.0000,1,0,0,0,0,2,0,0,0,0
zc,TA305,2012-06-18 09:00:52.807,7468.0000,1386,0,0.0000,0.0000,0,0,多换,B,7444.0000,0.0000,0.0000,0.0000,0.0000,7454.0000,0.0000,0.0000,0.0000,0.0000,1,0,0,0,0,10,0,0,0,0
zc,TA305,2012-06-18 09:00:54.323,7468.0000,1386,0,0.0000,0.0000,0,0,多换,B,7448.0000,0.0000,0.0000,0.0000,0.0000,7460.0000,0.0000,0.0000,0.0000,0.0000,1,0,0,0,0,10,0,0,0,0
zc,TA305,2012-06-18 09:00:56.073,7468.0000,1386,0,0.0000,0.0000,0,0,多换,B,7448.0000,0.0000,0.0000,0.0000,0.0000,7456.0000,0.0000,0.0000,0.0000,0.0000,1,0,0,0,0,1,0,0,0,0
zc,TA305,2012-06-18 09:00:56.790,7468.0000,1386,0,0.0000,0.0000,0,0,多换,B,7448.0000,0.0000,0.0000,0.0000,0.0000,7460.0000,0.0000,0.0000,0.0000,0.0000,1,0,0,0,0,10,0,0,0,0
zc,TA305,2012-06-18 09:00:57.290,7468.0000,1386,0,0.0000,0.0000,0,0,多换,B,7450.0000,0.0000,0.0000,0.0000,0.0000,7460.0000,0.0000,0.0000,0.0000,0.0000,1,0,0,0,0,10,0,0,0,0
zc,TA305,2012-06-18 09:00:59.073,7450.0000,1384,-2,0.0000,2.0000,0,2,双平,S,7448.0000,0.0000,0.0000,0.0000,0.0000,7458.0000,0.0000,0.0000,0.0000,0.0000,1,0,0,0,0,3,0,0,0,0
zc,TA305,2012-06-18 09:00:59.807,7450.0000,1384,0,0.0000,0.0000,0,0,空换,S,7448.0000,0.0000,0.0000,0.0000,0.0000,7458.0000,0.0000,0.0000,0.0000,0.0000,1,0,0,0,0,7,0,0,0,0
zc,TA305,2012-06-18 09:01:00.323,7450.0000,1384,0,0.0000,0.0000,0,0,空换,S,7446.0000,0.0000,0.0000,0.0000,0.0000,7456.0000,0.0000,0.0000,0.0000,0.0000,1,0,0,0,0,7,0,0,0,0
zc,TA305,2012-06-18 09:01:00.993,7450.0000,1384,0,0.0000,0.0000,0,0,空换,S,7446.0000,0.0000,0.0000,0.0000,0.0000,7456.0000,0.0000,0.0000,0.0000,0.0000,1,0,0,0,0,10,0,0,0,0
zc,TA305,2012-06-18 09:01:03.493,7446.0000,1384,0,0.0000,2.0000,1,1,空换,S,7446.0000,0.0000,0.0000,0.0000,0.0000,7456.0000,0.0000,0.0000,0.0000,0.0000,1,0,0,0,0,10,0,0,0,0
zc,TA305,2012-06-18 09:01:04.527,7446.0000,1384,0,0.0000,0.0000,0,0,空换,S,7444.0000,0.0000,0.0000,0.0000,0.0000,7454.0000,0.0000,0.0000,0.0000,0.0000,1,0,0,0,0,10,0,0,0,0
zc,TA305,2012-06-18 09:01:06.337,7446.0000,1384,0,0.0000,0.0000,0,0,空换,S,7442.0000,0.0000,0.0000,0.0000,0.0000,7452.0000,0.0000,0.0000,0.0000,0.0000,1,0,0,0,0,1,0,0,0,0
zc,TA305,2012-06-18 09:01:07.073,7446.0000,1384,0,0.0000,0.0000,0,0,空换,S,7442.0000,0.0000,0.0000,0.0000,0.0000,7454.0000,0.0000,0.0000,0.0000,0.0000,1,0,0,0,0,10,0,0,0,0
zc,TA305,2012-06-18 09:01:07.777,7446.0000,1384,0,0.0000,0.0000,0,0,空换,S,7442.0000,0.0000,0.0000,0.0000,0.0000,7452.0000,0.0000,0.0000,0.0000,0.0000,1,0,0,0,0,2,0,0,0,0
zc,TA305,2012-06-18 09:01:08.493,7446.0000,1384,0,0.0000,0.0000,0,0,空换,S,7442.0000,0.0000,0.0000,0.0000,0.0000,7452.0000,0.0000,0.0000,0.0000,0.0000,1,0,0,0,0,1,0,0,0,0
zc,TA305,2012-06-18 09:01:09.010,7446.0000,1384,0,0.0000,0.0000,0,0,空换,S,7442.0000,0.0000,0.0000,0.0000,0.0000,7452.0000,0.0000,0.0000,0.0000,0.0000,1,0,0,0,0,10,0,0,0,0
zc,TA305,2012-06-18 09:01:10.260,7446.0000,1384,0,0.0000,0.0000,0,0,空换,S,7440.0000,0.0000,0.0000,0.0000,0.0000,7450.0000,0.0000,0.0000,0.0000,0.0000,1,0,0,0,0,7,0,0,0,0
zc,TA305,2012-06-18 09:01:11.057,7446.0000,1384,0,0.0000,0.0000,0,0,空换,S,7440.0000,0.0000,0.0000,0.0000,0.0000,7450.0000,0.0000,0.0000,0.0000,0.0000,1,0,0,0,0,10,0,0,0,0
zc,TA305,2012-06-18 09:01:12.290,7446.0000,1384,0,0.0000,0.0000,0,0,空换,S,7438.0000,0.0000,0.0000,0.0000,0.0000,7448.0000,0.0000,0.0000,0.0000,0.0000,1,0,0,0,0,10,0,0,0,0
zc,TA305,2012-06-18 09:01:14.790,7446.0000,1384,0,0.0000,0.0000,0,0,空换,S,7434.0000,0.0000,0.0000,0.0000,0.0000,7446.0000,0.0000,0.0000,0.0000,0.0000,1,0,0,0,0,10,0,0,0,0
zc,TA305,2012-06-18 09:01:15.557,7446.0000,1384,0,0.0000,0.0000,0,0,空换,S,7442.0000,0.0000,0.0000,0.0000,0.0000,7446.0000,0.0000,0.0000,0.0000,0.0000,1,0,0,0,0,10,0,0,0,0
zc,TA305,2012-06-18 09:01:16.777,7442.0000,1384,0,0.0000,2.0000,1,1,空换,S,7434.0000,0.0000,0.0000,0.0000,0.0000,7446.0000,0.0000,0.0000,0.0000,0.0000,1,0,0,0,0,9,0,0,0,0
zc,TA305,2012-06-18 09:01:17.573,7442.0000,1384,0,0.0000,0.0000,0,0,空换,S,7434.0000,0.0000,0.0000,0.0000,0.0000,7448.0000,0.0000,0.0000,0.0000,0.0000,1,0,0,0,0,7,0,0,0,0
zc,TA305,2012-06-18 09:01:18.073,7442.0000,1384,0,0.0000,0.0000,0,0,空换,S,7434.0000,0.0000,0.0000,0.0000,0.0000,7444.0000,0.0000,0.0000,0.0000,0.0000,1,0,0,0,0,1,0,0,0,0
zc,TA305,2012-06-18 09:01:18.510,7442.0000,1384,0,0.0000,0.0000,0,0,空换,S,7432.0000,0.0000,0.0000,0.0000,0.0000,7442.0000,0.0000,0.0000,0.0000,0.0000,1,0,0,0,0,1,0,0,0,0
zc,TA305,2012-06-18 09:01:19.243,7442.0000,1384,0,0.0000,0.0000,0,0,空换,S,7432.0000,0.0000,0.0000,0.0000,0.0000,7442.0000,0.0000,0.0000,0.0000,0.0000,1,0,0,0,0,2,0,0,0,0
zc,TA305,2012-06-18 09:01:20.040,7442.0000,1384,0,0.0000,0.0000,0,0,空换,S,7432.0000,0.0000,0.0000,0.0000,0.0000,7442.0000,0.0000,0.0000,0.0000,0.0000,1,0,0,0,0,3,0,0,0,0
zc,TA305,2012-06-18 09:01:20.807,7442.0000,1384,0,0.0000,0.0000,0,0,空换,S,7432.0000,0.0000,0.0000,0.0000,0.0000,7446.0000,0.0000,0.0000,0.0000,0.0000,1,0,0,0,0,9,0,0,0,0
zc,TA305,2012-06-18 09:01:21.213,7442.0000,1384,0,0.0000,0.0000,0,0,空换,S,7434.0000,0.0000,0.0000,0.0000,0.0000,7446.0000,0.0000,0.0000,0.0000,0.0000,1,0,0,0,0,9,0,0,0,0
zc,TA305,2012-06-18 09:01:22.527,7442.0000,1384,0,0.0000,0.0000,0,0,空换,S,7436.0000,0.0000,0.0000,0.0000,0.0000,7446.0000,0.0000,0.0000,0.0000,0.0000,1,0,0,0,0,9,0,0,0,0
zc,TA305,2012-06-18 09:01:23.790,7442.0000,1384,0,0.0000,0.0000,0,0,空换,S,7438.0000,0.0000,0.0000,0.0000,0.0000,7446.0000,0.0000,0.0000,0.0000,0.0000,1,0,0,0,0,9,0,0,0,0
zc,TA305,2012-06-18 09:01:24.527,7442.0000,1384,0,0.0000,0.0000,0,0,空换,S,7434.0000,0.0000,0.0000,0.0000,0.0000,7442.0000,0.0000,0.0000,0.0000,0.0000,1,0,0,0,0,2,0,0,0,0
zc,TA305,2012-06-18 09:01:25.227,7442.0000,1384,0,0.0000,0.0000,0,0,空换,S,7434.0000,0.0000,0.0000,0.0000,0.0000,7442.0000,0.0000,0.0000,0.0000,0.0000,1,0,0,0,0,3,0,0,0,0
zc,TA305,2012-06-18 09:01:26.027,7442.0000,1384,0,0.0000,0.0000,0,0,空换,S,7434.0000,0.0000,0.0000,0.0000,0.0000,7444.0000,0.0000,0.0000,0.0000,0.0000,1,0,0,0,0,2,0,0,0,0
zc,TA305,2012-06-18 09:01:26.540,7442.0000,1384,0,0.0000,0.0000,0,0,空换,S,7436.0000,0.0000,0.0000,0.0000,0.0000,7446.0000,0.0000,0.0000,0.0000,0.0000,1,0,0,0,0,9,0,0,0,0
zc,TA305,2012-06-18 09:01:28.527,7442.0000,1384,0,0.0000,0.0000,0,0,空换,S,7436.0000,0.0000,0.0000,0.0000,0.0000,7444.0000,0.0000,0.0000,0.0000,0.0000,1,0,0,0,0,2,0,0,0,0
zc,TA305,2012-06-18 09:01:29.040,7442.0000,1384,0,0.0000,0.0000,0,0,空换,S,7434.0000,0.0000,0.0000,0.0000,0.0000,7442.0000,0.0000,0.0000,0.0000,0.0000,1,0,0,0,0,4,0,0,0,0
zc,TA305,2012-06-18 09:01:29.777,7442.0000,1384,0,0.0000,0.0000,0,0,空换,S,7436.0000,0.0000,0.0000,0.0000,0.0000,7444.0000,0.0000,0.0000,0.0000,0.0000,1,0,0,0,0,8,0,0,0,0
zc,TA305,2012-06-18 09:01:32.777,7442.0000,1384,0,0.0000,0.0000,0,0,空换,S,7438.0000,0.0000,0.0000,0.0000,0.0000,7446.0000,0.0000,0.0000,0.0000,0.0000,1,0,0,0,0,9,0,0,0,0
zc,TA305,2012-06-18 09:01:33.290,7442.0000,1384,0,0.0000,0.0000,0,0,空换,S,7436.0000,0.0000,0.0000,0.0000,0.0000,7446.0000,0.0000,0.0000,0.0000,0.0000,1,0,0,0,0,9,0,0,0,0
zc,TA305,2012-06-18 09:01:34.573,7442.0000,1384,0,0.0000,0.0000,0,0,空换,S,7438.0000,0.0000,0.0000,0.0000,0.0000,7446.0000,0.0000,0.0000,0.0000,0.0000,1,0,0,0,0,9,0,0,0,0
zc,TA305,2012-06-18 09:01:35.307,7442.0000,1384,0,0.0000,0.0000,0,0,空换,S,7436.0000,0.0000,0.0000,0.0000,0.0000,7446.0000,0.0000,0.0000,0.0000,0.0000,1,0,0,0,0,9,0,0,0,0
zc,TA305,2012-06-18 09:01:36.527,7442.0000,1384,0,0.0000,0.0000,0,0,空换,S,7436.0000,0.0000,0.0000,0.0000,0.0000,7444.0000,0.0000,0.0000,0.0000,0.0000,1,0,0,0,0,1,0,0,0,0
zc,TA305,2012-06-18 09:01:36.837,7442.0000,1384,0,0.0000,0.0000,0,0,空换,S,7436.0000,0.0000,0.0000,0.0000,0.0000,7446.0000,0.0000,0.0000,0.0000,0.0000,1,0,0,0,0,4,0,0,0,0
zc,TA305,2012-06-18 09:01:37.573,7442.0000,1384,0,0.0000,0.0000,0,0,空换,S,7440.0000,0.0000,0.0000,0.0000,0.0000,7448.0000,0.0000,0.0000,0.0000,0.0000,1,0,0,0,0,9,0,0,0,0
zc,TA305,2012-06-18 09:01:39.527,7442.0000,1384,0,0.0000,0.0000,0,0,空换,S,7436.0000,0.0000,0.0000,0.0000,0.0000,7446.0000,0.0000,0.0000,0.0000,0.0000,1,0,0,0,0,2,0,0,0,0
zc,TA305,2012-06-18 09:01:40.290,7442.0000,1384,0,0.0000,0.0000,0,0,空换,S,7438.0000,0.0000,0.0000,0.0000,0.0000,7446.0000,0.0000,0.0000,0.0000,0.0000,1,0,0,0,0,5,0,0,0,0
zc,TA305,2012-06-18 09:01:40.777,7442.0000,1384,0,0.0000,0.0000,0,0,空换,S,7438.0000,0.0000,0.0000,0.0000,0.0000,7448.0000,0.0000,0.0000,0.0000,0.0000,1,0,0,0,0,9,0,0,0,0
zc,TA305,2012-06-18 09:01:41.493,7442.0000,1384,0,0.0000,0.0000,0,0,空换,S,7438.0000,0.0000,0.0000,0.0000,0.0000,7446.0000,0.0000,0.0000,0.0000,0.0000,1,0,0,0,0,9,0,0,0,0
zc,TA305,2012-06-18 09:01:43.277,7442.0000,1384,0,0.0000,0.0000,0,0,空换,S,7440.0000,0.0000,0.0000,0.0000,0.0000,7448.0000,0.0000,0.0000,0.0000,0.0000,1,0,0,0,0,9,0,0,0,0
zc,TA305,2012-06-18 09:01:43.790,7442.0000,1384,0,0.0000,0.0000,0,0,空换,S,7438.0000,0.0000,0.0000,0.0000,0.0000,7446.0000,0.0000,0.0000,0.0000,0.0000,1,0,0,0,0,9,0,0,0,0
zc,TA305,2012-06-18 09:01:48.510,7442.0000,1384,0,0.0000,0.0000,0,0,空换,S,7440.0000,0.0000,0.0000,0.0000,0.0000,7448.0000,0.0000,0.0000,0.0000,0.0000,1,0,0,0,0,9,0,0,0,0
zc,TA305,2012-06-18 09:01:49.277,7442.0000,1384,0,0.0000,0.0000,0,0,空换,S,7440.0000,0.0000,0.0000,0.0000,0.0000,7450.0000,0.0000,0.0000,0.0000,0.0000,1,0,0,0,0,9,0,0,0,0
zc,TA305,2012-06-18 09:01:53.777,7442.0000,1384,0,0.0000,0.0000,0,0,空换,S,7440.0000,0.0000,0.0000,0.0000,0.0000,7448.0000,0.0000,0.0000,0.0000,0.0000,1,0,0,0,0,1,0,0,0,0
zc,TA305,2012-06-18 09:01:54.477,7442.0000,1384,0,0.0000,0.0000,0,0,空换,S,7440.0000,0.0000,0.0000,0.0000,0.0000,7448.0000,0.0000,0.0000,0.0000,0.0000,2,0,0,0,0,1,0,0,0,0
zc,TA305,2012-06-18 09:01:55.027,7442.0000,1382,-2,0.0000,2.0000,0,2,双平,S,7440.0000,0.0000,0.0000,0.0000,0.0000,7448.0000,0.0000,0.0000,0.0000,0.0000,2,0,0,0,0,9,0,0,0,0
zc,TA305,2012-06-18 09:01:55.807,7442.0000,1382,0,0.0000,0.0000,0,0,空换,S,7440.0000,0.0000,0.0000,0.0000,0.0000,7450.0000,0.0000,0.0000,0.0000,0.0000,2,0,0,0,0,9,0,0,0,0
zc,TA305,2012-06-18 09:01:56.977,7442.0000,1382,0,0.0000,0.0000,0,0,空换,S,7440.0000,0.0000,0.0000,0.0000,0.0000,7448.0000,0.0000,0.0000,0.0000,0.0000,2,0,0,0,0,1,0,0,0,0
zc,TA305,2012-06-18 09:01:58.027,7442.0000,1382,0,0.0000,0.0000,0,0,空换,S,7442.0000,0.0000,0.0000,0.0000,0.0000,7450.0000,0.0000,0.0000,0.0000,0.0000,1,0,0,0,0,9,0,0,0,0
zc,TA305,2012-06-18 09:01:59.243,7442.0000,1382,0,0.0000,0.0000,0,0,空换,S,7440.0000,0.0000,0.0000,0.0000,0.0000,7450.0000,0.0000,0.0000,0.0000,0.0000,2,0,0,0,0,9,0,0,0,0
zc,TA305,2012-06-18 09:02:00.027,7442.0000,1382,0,0.0000,0.0000,0,0,空换,S,7440.0000,0.0000,0.0000,0.0000,0.0000,7448.0000,0.0000,0.0000,0.0000,0.0000,2,0,0,0,0,9,0,0,0,0
zc,TA305,2012-06-18 09:02:00.527,7442.0000,1382,0,0.0000,0.0000,0,0,空换,S,7442.0000,0.0000,0.0000,0.0000,0.0000,7450.0000,0.0000,0.0000,0.0000,0.0000,1,0,0,0,0,6,0,0,0,0
zc,TA305,2012-06-18 09:02:02.727,7442.0000,1382,0,0.0000,0.0000,0,0,空换,S,7442.0000,0.0000,0.0000,0.0000,0.0000,7450.0000,0.0000,0.0000,0.0000,0.0000,1,0,0,0,0,7,0,0,0,0
zc,TA305,2012-06-18 09:02:04.057,7442.0000,1382,0,0.0000,0.0000,0,0,空换,S,7444.0000,0.0000,0.0000,0.0000,0.0000,7448.0000,0.0000,0.0000,0.0000,0.0000,8,0,0,0,0,10,0,0,0,0
zc,TA305,2012-06-18 09:02:05.557,7442.0000,1382,0,0.0000,0.0000,0,0,空换,S,7444.0000,0.0000,0.0000,0.0000,0.0000,7446.0000,0.0000,0.0000,0.0000,0.0000,8,0,0,0,0,9,0,0,0,0
zc,TA305,2012-06-18 09:02:06.697,7444.0000,1390,8,0.0000,8.0000,8,0,双开,B,7444.0000,0.0000,0.0000,0.0000,0.0000,7446.0000,0.0000,0.0000,0.0000,0.0000,4,0,0,0,0,5,0,0,0,0
zc,TA305,2012-06-18 09:02:07.213,7444.0000,1398,8,0.0000,8.0000,8,0,双开,B,7440.0000,0.0000,0.0000,0.0000,0.0000,7446.0000,0.0000,0.0000,0.0000,0.0000,1,0,0,0,0,1,0,0,0,0
zc,TA305,2012-06-18 09:02:11.260,7444.0000,1398,0,0.0000,0.0000,0,0,多换,B,7440.0000,0.0000,0.0000,0.0000,0.0000,7448.0000,0.0000,0.0000,0.0000,0.0000,2,0,0,0,0,2,0,0,0,0
zc,TA305,2012-06-18 09:02:16.213,7440.0000,1398,0,0.0000,2.0000,1,1,空换,S,7440.0000,0.0000,0.0000,0.0000,0.0000,7448.0000,0.0000,0.0000,0.0000,0.0000,2,0,0,0,0,2,0,0,0,0
zc,TA305,2012-06-18 09:02:18.777,7440.0000,1398,0,0.0000,0.0000,0,0,空换,S,7440.0000,0.0000,0.0000,0.0000,0.0000,7446.0000,0.0000,0.0000,0.0000,0.0000,1,0,0,0,0,1,0,0,0,0
zc,TA305,2012-06-18 09:02:19.477,7446.0000,1398,0,0.0000,2.0000,1,1,多换,B,7440.0000,0.0000,0.0000,0.0000,0.0000,7446.0000,0.0000,0.0000,0.0000,0.0000,1,0,0,0,0,10,0,0,0,0
zc,TA305,2012-06-18 09:02:22.527,7446.0000,1398,0,0.0000,0.0000,0,0,多换,B,7440.0000,0.0000,0.0000,0.0000,0.0000,7444.0000,0.0000,0.0000,0.0000,0.0000,1,0,0,0,0,1,0,0,0,0
zc,TA305,2012-06-18 09:02:29.227,7446.0000,1398,0,0.0000,0.0000,0,0,多换,B,7440.0000,0.0000,0.0000,0.0000,0.0000,7442.0000,0.0000,0.0000,0.0000,0.0000,1,0,0,0,0,1,0,0,0,0
zc,TA305,2012-06-18 09:02:30.527,7440.0000,1398,0,0.0000,2.0000,1,1,空换,S,7434.0000,0.0000,0.0000,0.0000,0.0000,7440.0000,0.0000,0.0000,0.0000,0.0000,1,0,0,0,0,5,0,0,0,0
zc,TA305,2012-06-18 09:02:34.027,7440.0000,1398,0,0.0000,0.0000,0,0,空换,S,7436.0000,0.0000,0.0000,0.0000,0.0000,7440.0000,0.0000,0.0000,0.0000,0.0000,1,0,0,0,0,5,0,0,0,0
zc,TA305,2012-06-18 09:02:39.760,7440.0000,1398,0,0.0000,0.0000,0,0,空换,S,7438.0000,0.0000,0.0000,0.0000,0.0000,7440.0000,0.0000,0.0000,0.0000,0.0000,1,0,0,0,0,5,0,0,0,0
zc,TA305,2012-06-18 09:02:41.040,7440.0000,1396,-2,0.0000,2.0000,0,2,双平,S,7436.0000,0.0000,0.0000,0.0000,0.0000,7440.0000,0.0000,0.0000,0.0000,0.0000,1,0,0,0,0,4,0,0,0,0
zc,TA305,2012-06-18 09:02:42.243,7440.0000,1396,0,0.0000,4.0000,2,2,空换,S,7436.0000,0.0000,0.0000,0.0000,0.0000,7440.0000,0.0000,0.0000,0.0000,0.0000,1,0,0,0,0,2,0,0,0,0
zc,TA305,2012-06-18 09:02:47.760,7440.0000,1396,0,0.0000,0.0000,0,0,空换,S,7434.0000,0.0000,0.0000,0.0000,0.0000,7440.0000,0.0000,0.0000,0.0000,0.0000,1,0,0,0,0,3,0,0,0,0
zc,TA305,2012-06-18 09:02:52.540,7440.0000,1392,-4,0.0000,4.0000,0,4,双平,S,7438.0000,0.0000,0.0000,0.0000,0.0000,7446.0000,0.0000,0.0000,0.0000,0.0000,1,0,0,0,0,1,0,0,0,0
zc,TA305,2012-06-18 09:02:54.027,7440.0000,1390,-2,0.0000,2.0000,0,2,双平,S,7436.0000,0.0000,0.0000,0.0000,0.0000,7440.0000,0.0000,0.0000,0.0000,0.0000,1,0,0,0,0,1,0,0,0,0
zc,TA305,2012-06-18 09:02:57.790,7440.0000,1390,0,0.0000,0.0000,0,0,空换,S,7436.0000,0.0000,0.0000,0.0000,0.0000,7440.0000,0.0000,0.0000,0.0000,0.0000,2,0,0,0,0,1,0,0,0,0
zc,TA305,2012-06-18 09:03:03.027,7440.0000,1390,0,0.0000,0.0000,0,0,空换,S,7436.0000,0.0000,0.0000,0.0000,0.0000,7440.0000,0.0000,0.0000,0.0000,0.0000,1,0,0,0,0,1,0,0,0,0
zc,TA305,2012-06-18 09:03:03.743,7440.0000,1390,0,0.0000,0.0000,0,0,空换,S,7438.0000,0.0000,0.0000,0.0000,0.0000,7440.0000,0.0000,0.0000,0.0000,0.0000,1,0,0,0,0,1,0,0,0,0
zc,TA305,2012-06-18 09:03:04.743,7440.0000,1388,-2,0.0000,2.0000,0,2,双平,S,7438.0000,0.0000,0.0000,0.0000,0.0000,7448.0000,0.0000,0.0000,0.0000,0.0000,1,0,0,0,0,2,0,0,0,0
zc,TA305,2012-06-18 09:03:05.510,7440.0000,1388,0,0.0000,0.0000,0,0,空换,S,7440.0000,0.0000,0.0000,0.0000,0.0000,7448.0000,0.0000,0.0000,0.0000,0.0000,1,0,0,0,0,2,0,0,0,0
zc,TA305,2012-06-18 09:03:05.993,7440.0000,1388,0,0.0000,0.0000,0,0,空换,S,7438.0000,0.0000,0.0000,0.0000,0.0000,7448.0000,0.0000,0.0000,0.0000,0.0000,1,0,0,0,0,1,0,0,0,0
zc,TA305,2012-06-18 09:03:06.790,7440.0000,1388,0,0.0000,0.0000,0,0,空换,S,7438.0000,0.0000,0.0000,0.0000,0.0000,7448.0000,0.0000,0.0000,0.0000,0.0000,2,0,0,0,0,2,0,0,0,0
zc,TA305,2012-06-18 09:03:07.260,7440.0000,1388,0,0.0000,0.0000,0,0,空换,S,7440.0000,0.0000,0.0000,0.0000,0.0000,7448.0000,0.0000,0.0000,0.0000,0.0000,1,0,0,0,0,2,0,0,0,0
zc,TA305,2012-06-18 09:03:08.027,7440.0000,1388,0,0.0000,0.0000,0,0,空换,S,7440.0000,0.0000,0.0000,0.0000,0.0000,7448.0000,0.0000,0.0000,0.0000,0.0000,1,0,0,0,0,1,0,0,0,0
zc,TA305,2012-06-18 09:03:08.777,7440.0000,1388,0,0.0000,0.0000,0,0,空换,S,7444.0000,0.0000,0.0000,0.0000,0.0000,7448.0000,0.0000,0.0000,0.0000,0.0000,1,0,0,0,0,1,0,0,0,0
zc,TA305,2012-06-18 09:03:09.777,7440.0000,1388,0,0.0000,0.0000,0,0,空换,S,7446.0000,0.0000,0.0000,0.0000,0.0000,7448.0000,0.0000,0.0000,0.0000,0.0000,1,0,0,0,0,1,0,0,0,0
zc,TA305,2012-06-18 09:03:10.527,7440.0000,1388,0,0.0000,0.0000,0,0,空换,S,7440.0000,0.0000,0.0000,0.0000,0.0000,7448.0000,0.0000,0.0000,0.0000,0.0000,1,0,0,0,0,1,0,0,0,0
zc,TA305,2012-06-18 09:03:11.243,7448.0000,1386,-2,0.0000,2.0000,0,2,双平,B,7438.0000,0.0000,0.0000,0.0000,0.0000,7454.0000,0.0000,0.0000,0.0000,0.0000,2,0,0,0,0,1,0,0,0,0
zc,TA305,2012-06-18 09:03:12.573,7448.0000,1386,0,0.0000,0.0000,0,0,多换,B,7438.0000,0.0000,0.0000,0.0000,0.0000,7456.0000,0.0000,0.0000,0.0000,0.0000,2,0,0,0,0,1,0,0,0,0
zc,TA305,2012-06-18 09:03:13.027,7448.0000,1386,0,0.0000,0.0000,0,0,多换,B,7442.0000,0.0000,0.0000,0.0000,0.0000,7456.0000,0.0000,0.0000,0.0000,0.0000,1,0,0,0,0,1,0,0,0,0
zc,TA305,2012-06-18 09:03:13.727,7448.0000,1386,0,0.0000,0.0000,0,0,多换,B,7446.0000,0.0000,0.0000,0.0000,0.0000,7456.0000,0.0000,0.0000,0.0000,0.0000,1,0,0,0,0,1,0,0,0,0
zc,TA305,2012-06-18 09:03:14.260,7448.0000,1386,0,0.0000,0.0000,0,0,多换,B,7448.0000,0.0000,0.0000,0.0000,0.0000,7458.0000,0.0000,0.0000,0.0000,0.0000,1,0,0,0,0,1,0,0,0,0
zc,TA305,2012-06-18 09:03:15.243,7448.0000,1386,0,0.0000,0.0000,0,0,多换,B,7448.0000,0.0000,0.0000,0.0000,0.0000,7458.0000,0.0000,0.0000,0.0000,0.0000,2,0,0,0,0,1,0,0,0,0
zc,TA305,2012-06-18 09:03:17.760,7448.0000,1386,0,0.0000,0.0000,0,0,多换,B,7450.0000,0.0000,0.0000,0.0000,0.0000,7460.0000,0.0000,0.0000,0.0000,0.0000,1,0,0,0,0,1,0,0,0,0
zc,TA305,2012-06-18 09:03:18.557,7448.0000,1386,0,0.0000,0.0000,0,0,多换,B,7450.0000,0.0000,0.0000,0.0000,0.0000,7462.0000,0.0000,0.0000,0.0000,0.0000,1,0,0,0,0,1,0,0,0,0
zc,TA305,2012-06-18 09:03:20.277,7448.0000,1386,0,0.0000,0.0000,0,0,多换,B,7452.0000,0.0000,0.0000,0.0000,0.0000,7462.0000,0.0000,0.0000,0.0000,0.0000,1,0,0,0,0,1,0,0,0,0
zc,TA305,2012-06-18 09:03:20.743,7448.0000,1386,0,0.0000,0.0000,0,0,多换,B,7450.0000,0.0000,0.0000,0.0000,0.0000,7462.0000,0.0000,0.0000,0.0000,0.0000,1,0,0,0,0,1,0,0,0,0
zc,TA305,2012-06-18 09:03:21.993,7448.0000,1386,0,0.0000,0.0000,0,0,多换,B,7450.0000,0.0000,0.0000,0.0000,0.0000,7460.0000,0.0000,0.0000,0.0000,0.0000,2,0,0,0,0,1,0,0,0,0
zc,TA305,2012-06-18 09:03:22.807,7448.0000,1386,0,0.0000,0.0000,0,0,多换,B,7450.0000,0.0000,0.0000,0.0000,0.0000,7462.0000,0.0000,0.0000,0.0000,0.0000,2,0,0,0,0,1,0,0,0,0
zc,TA305,2012-06-18 09:03:23.277,7448.0000,1386,0,0.0000,0.0000,0,0,多换,B,7450.0000,0.0000,0.0000,0.0000,0.0000,7464.0000,0.0000,0.0000,0.0000,0.0000,2,0,0,0,0,1,0,0,0,0
zc,TA305,2012-06-18 09:03:24.290,7448.0000,1386,0,0.0000,0.0000,0,0,多换,B,7454.0000,0.0000,0.0000,0.0000,0.0000,7464.0000,0.0000,0.0000,0.0000,0.0000,1,0,0,0,0,2,0,0,0,0
zc,TA305,2012-06-18 09:03:25.527,7448.0000,1386,0,0.0000,0.0000,0,0,多换,B,7454.0000,0.0000,0.0000,0.0000,0.0000,7464.0000,0.0000,0.0000,0.0000,0.0000,2,0,0,0,0,2,0,0,0,0
zc,TA305,2012-06-18 09:03:29.307,7448.0000,1386,0,0.0000,0.0000,0,0,多换,B,7454.0000,0.0000,0.0000,0.0000,0.0000,7464.0000,0.0000,0.0000,0.0000,0.0000,1,0,0,0,0,2,0,0,0,0
zc,TA305,2012-06-18 09:03:30.277,7448.0000,1386,0,0.0000,0.0000,0,0,多换,B,7456.0000,0.0000,0.0000,0.0000,0.0000,7464.0000,0.0000,0.0000,0.0000,0.0000,1,0,0,0,0,1,0,0,0,0
zc,TA305,2012-06-18 09:03:30.993,7448.0000,1386,0,0.0000,0.0000,0,0,多换,B,7456.0000,0.0000,0.0000,0.0000,0.0000,7462.0000,0.0000,0.0000,0.0000,0.0000,1,0,0,0,0,1,0,0,0,0
zc,TA305,2012-06-18 09:03:31.527,7448.0000,1386,0,0.0000,0.0000,0,0,多换,B,7456.0000,0.0000,0.0000,0.0000,0.0000,7464.0000,0.0000,0.0000,0.0000,0.0000,1,0,0,0,0,1,0,0,0,0
zc,TA305,2012-06-18 09:03:33.540,7448.0000,1386,0,0.0000,0.0000,0,0,多换,B,7454.0000,0.0000,0.0000,0.0000,0.0000,7464.0000,0.0000,0.0000,0.0000,0.0000,2,0,0,0,0,1,0,0,0,0
zc,TA305,2012-06-18 09:03:34.277,7448.0000,1386,0,0.0000,0.0000,0,0,多换,B,7454.0000,0.0000,0.0000,0.0000,0.0000,7464.0000,0.0000,0.0000,0.0000,0.0000,2,0,0,0,0,2,0,0,0,0
zc,TA305,2012-06-18 09:03:35.527,7448.0000,1386,0,0.0000,0.0000,0,0,多换,B,7454.0000,0.0000,0.0000,0.0000,0.0000,7462.0000,0.0000,0.0000,0.0000,0.0000,1,0,0,0,0,1,0,0,0,0
zc,TA305,2012-06-18 09:03:36.227,7448.0000,1386,0,0.0000,0.0000,0,0,多换,B,7456.0000,0.0000,0.0000,0.0000,0.0000,7464.0000,0.0000,0.0000,0.0000,0.0000,1,0,0,0,0,1,0,0,0,0
zc,TA305,2012-06-18 09:03:43.540,7448.0000,1386,0,0.0000,0.0000,0,0,多换,B,7456.0000,0.0000,0.0000,0.0000,0.0000,7464.0000,0.0000,0.0000,0.0000,0.0000,7,0,0,0,0,1,0,0,0,0
zc,TA305,2012-06-18 09:03:44.277,7448.0000,1386,0,0.0000,0.0000,0,0,多换,B,7456.0000,0.0000,0.0000,0.0000,0.0000,7464.0000,0.0000,0.0000,0.0000,0.0000,6,0,0,0,0,2,0,0,0,0
zc,TA305,2012-06-18 09:03:46.040,7448.0000,1386,0,0.0000,0.0000,0,0,多换,B,7456.0000,0.0000,0.0000,0.0000,0.0000,7462.0000,0.0000,0.0000,0.0000,0.0000,5,0,0,0,0,1,0,0,0,0
zc,TA305,2012-06-18 09:03:54.510,7448.0000,1386,0,0.0000,0.0000,0,0,多换,B,7456.0000,0.0000,0.0000,0.0000,0.0000,7460.0000,0.0000,0.0000,0.0000,0.0000,5,0,0,0,0,1,0,0,0,0
zc,TA305,2012-06-18 09:03:57.040,7448.0000,1386,0,0.0000,0.0000,0,0,多换,B,7456.0000,0.0000,0.0000,0.0000,0.0000,7458.0000,0.0000,0.0000,0.0000,0.0000,5,0,0,0,0,1,0,0,0,0
zc,TA305,2012-06-18 09:03:57.227,7456.0000,1390,4,0.0000,4.0000,4,0,双开,B,7456.0000,0.0000,0.0000,0.0000,0.0000,7458.0000,0.0000,0.0000,0.0000,0.0000,3,0,0,0,0,1,0,0,0,0
zc,TA305,2012-06-18 09:03:58.760,7456.0000,1392,2,0.0000,2.0000,2,0,双开,B,7456.0000,0.0000,0.0000,0.0000,0.0000,7460.0000,0.0000,0.0000,0.0000,0.0000,2,0,0,0,0,10,0,0,0,0
zc,TA305,2012-06-18 09:03:59.540,7456.0000,1392,0,0.0000,0.0000,0,0,多换,B,7456.0000,0.0000,0.0000,0.0000,0.0000,7458.0000,0.0000,0.0000,0.0000,0.0000,2,0,0,0,0,9,0,0,0,0
zc,TA305,2012-06-18 09:03:59.963,7456.0000,1396,4,0.0000,4.0000,4,0,双开,B,7446.0000,0.0000,0.0000,0.0000,0.0000,7458.0000,0.0000,0.0000,0.0000,0.0000,1,0,0,0,0,8,0,0,0,0
zc,TA305,2012-06-18 09:04:00.777,7456.0000,1396,0,0.0000,0.0000,0,0,多换,B,7446.0000,0.0000,0.0000,0.0000,0.0000,7458.0000,0.0000,0.0000,0.0000,0.0000,2,0,0,0,0,8,0,0,0,0
zc,TA305,2012-06-18 09:04:04.277,7456.0000,1396,0,0.0000,0.0000,0,0,多换,B,7446.0000,0.0000,0.0000,0.0000,0.0000,7458.0000,0.0000,0.0000,0.0000,0.0000,1,0,0,0,0,8,0,0,0,0
zc,TA305,2012-06-18 09:04:04.777,7456.0000,1396,0,0.0000,0.0000,0,0,多换,B,7446.0000,0.0000,0.0000,0.0000,0.0000,7456.0000,0.0000,0.0000,0.0000,0.0000,1,0,0,0,0,1,0,0,0,0
zc,TA305,2012-06-18 09:04:05.277,7456.0000,1396,0,0.0000,0.0000,0,0,多换,B,7442.0000,0.0000,0.0000,0.0000,0.0000,7454.0000,0.0000,0.0000,0.0000,0.0000,1,0,0,0,0,1,0,0,0,0
zc,TA305,2012-06-18 09:04:06.510,7456.0000,1396,0,0.0000,0.0000,0,0,多换,B,7442.0000,0.0000,0.0000,0.0000,0.0000,7452.0000,0.0000,0.0000,0.0000,0.0000,1,0,0,0,0,1,0,0,0,0
zc,TA305,2012-06-18 09:04:07.277,7456.0000,1396,0,0.0000,0.0000,0,0,多换,B,7442.0000,0.0000,0.0000,0.0000,0.0000,7450.0000,0.0000,0.0000,0.0000,0.0000,1,0,0,0,0,1,0,0,0,0
zc,TA305,2012-06-18 09:04:07.790,7456.0000,1396,0,0.0000,0.0000,0,0,多换,B,7442.0000,0.0000,0.0000,0.0000,0.0000,7452.0000,0.0000,0.0000,0.0000,0.0000,1,0,0,0,0,1,0,0,0,0
zc,TA305,2012-06-18 09:04:08.277,7456.0000,1396,0,0.0000,0.0000,0,0,多换,B,7442.0000,0.0000,0.0000,0.0000,0.0000,7448.0000,0.0000,0.0000,0.0000,0.0000,1,0,0,0,0,1,0,0,0,0
zc,TA305,2012-06-18 09:04:08.993,7456.0000,1396,0,0.0000,0.0000,0,0,多换,B,7438.0000,0.0000,0.0000,0.0000,0.0000,7450.0000,0.0000,0.0000,0.0000,0.0000,1,0,0,0,0,1,0,0,0,0
zc,TA305,2012-06-18 09:04:09.587,7456.0000,1396,0,0.0000,0.0000,0,0,多换,B,7438.0000,0.0000,0.0000,0.0000,0.0000,7446.0000,0.0000,0.0000,0.0000,0.0000,1,0,0,0,0,1,0,0,0,0
zc,TA305,2012-06-18 09:04:10.823,7456.0000,1396,0,0.0000,0.0000,0,0,多换,B,7438.0000,0.0000,0.0000,0.0000,0.0000,7444.0000,0.0000,0.0000,0.0000,0.0000,1,0,0,0,0,1,0,0,0,0
zc,TA305,2012-06-18 09:04:11.510,7456.0000,1396,0,0.0000,0.0000,0,0,多换,B,7438.0000,0.0000,0.0000,0.0000,0.0000,7446.0000,0.0000,0.0000,0.0000,0.0000,1,0,0,0,0,1,0,0,0,0
zc,TA305,2012-06-18 09:04:12.040,7456.0000,1396,0,0.0000,0.0000,0,0,多换,B,7434.0000,0.0000,0.0000,0.0000,0.0000,7444.0000,0.0000,0.0000,0.0000,0.0000,1,0,0,0,0,1,0,0,0,0
zc,TA305,2012-06-18 09:04:12.743,7456.0000,1396,0,0.0000,0.0000,0,0,多换,B,7434.0000,0.0000,0.0000,0.0000,0.0000,7444.0000,0.0000,0.0000,0.0000,0.0000,2,0,0,0,0,1,0,0,0,0
zc,TA305,2012-06-18 09:04:13.243,7456.0000,1396,0,0.0000,0.0000,0,0,多换,B,7434.0000,0.0000,0.0000,0.0000,0.0000,7442.0000,0.0000,0.0000,0.0000,0.0000,1,0,0,0,0,1,0,0,0,0
zc,TA305,2012-06-18 09:04:14.027,7456.0000,1396,0,0.0000,0.0000,0,0,多换,B,7434.0000,0.0000,0.0000,0.0000,0.0000,7444.0000,0.0000,0.0000,0.0000,0.0000,2,0,0,0,0,1,0,0,0,0
zc,TA305,2012-06-18 09:04:15.760,7456.0000,1396,0,0.0000,0.0000,0,0,多换,B,7434.0000,0.0000,0.0000,0.0000,0.0000,7446.0000,0.0000,0.0000,0.0000,0.0000,2,0,0,0,0,1,0,0,0,0
zc,TA305,2012-06-18 09:04:16.527,7456.0000,1396,0,0.0000,0.0000,0,0,多换,B,7434.0000,0.0000,0.0000,0.0000,0.0000,7444.0000,0.0000,0.0000,0.0000,0.0000,2,0,0,0,0,1,0,0,0,0
zc,TA305,2012-06-18 09:04:17.823,7456.0000,1396,0,0.0000,0.0000,0,0,多换,B,7436.0000,0.0000,0.0000,0.0000,0.0000,7446.0000,0.0000,0.0000,0.0000,0.0000,1,0,0,0,0,1,0,0,0,0
zc,TA305,2012-06-18 09:04:19.010,7456.0000,1396,0,0.0000,0.0000,0,0,多换,B,7434.0000,0.0000,0.0000,0.0000,0.0000,7444.0000,0.0000,0.0000,0.0000,0.0000,2,0,0,0,0,1,0,0,0,0
zc,TA305,2012-06-18 09:04:19.527,7456.0000,1396,0,0.0000,0.0000,0,0,多换,B,7434.0000,0.0000,0.0000,0.0000,0.0000,7442.0000,0.0000,0.0000,0.0000,0.0000,1,0,0,0,0,1,0,0,0,0
zc,TA305,2012-06-18 09:04:20.277,7456.0000,1396,0,0.0000,0.0000,0,0,多换,B,7434.0000,0.0000,0.0000,0.0000,0.0000,7448.0000,0.0000,0.0000,0.0000,0.0000,1,0,0,0,0,1,0,0,0,0
zc,TA305,2012-06-18 09:04:20.777,7456.0000,1396,0,0.0000,0.0000,0,0,多换,B,7434.0000,0.0000,0.0000,0.0000,0.0000,7444.0000,0.0000,0.0000,0.0000,0.0000,2,0,0,0,0,1,0,0,0,0
zc,TA305,2012-06-18 09:04:21.277,7456.0000,1396,0,0.0000,0.0000,0,0,多换,B,7438.0000,0.0000,0.0000,0.0000,0.0000,7448.0000,0.0000,0.0000,0.0000,0.0000,2,0,0,0,0,1,0,0,0,0
zc,TA305,2012-06-18 09:04:21.977,7456.0000,1396,0,0.0000,0.0000,0,0,多换,B,7436.0000,0.0000,0.0000,0.0000,0.0000,7444.0000,0.0000,0.0000,0.0000,0.0000,2,0,0,0,0,1,0,0,0,0
zc,TA305,2012-06-18 09:04:23.260,7456.0000,1396,0,0.0000,0.0000,0,0,多换,B,7434.0000,0.0000,0.0000,0.0000,0.0000,7442.0000,0.0000,0.0000,0.0000,0.0000,2,0,0,0,0,1,0,0,0,0
zc,TA305,2012-06-18 09:04:23.777,7456.0000,1396,0,0.0000,0.0000,0,0,多换,B,7434.0000,0.0000,0.0000,0.0000,0.0000,7444.0000,0.0000,0.0000,0.0000,0.0000,2,0,0,0,0,1,0,0,0,0
zc,TA305,2012-06-18 09:04:25.073,7456.0000,1396,0,0.0000,0.0000,0,0,多换,B,7436.0000,0.0000,0.0000,0.0000,0.0000,7444.0000,0.0000,0.0000,0.0000,0.0000,1,0,0,0,0,1,0,0,0,0
zc,TA305,2012-06-18 09:04:26.243,7456.0000,1396,0,0.0000,0.0000,0,0,多换,B,7436.0000,0.0000,0.0000,0.0000,0.0000,7444.0000,0.0000,0.0000,0.0000,0.0000,2,0,0,0,0,1,0,0,0,0
zc,TA305,2012-06-18 09:04:27.260,7456.0000,1396,0,0.0000,0.0000,0,0,多换,B,7434.0000,0.0000,0.0000,0.0000,0.0000,7442.0000,0.0000,0.0000,0.0000,0.0000,3,0,0,0,0,1,0,0,0,0
zc,TA305,2012-06-18 09:04:28.010,7456.0000,1396,0,0.0000,0.0000,0,0,多换,B,7434.0000,0.0000,0.0000,0.0000,0.0000,7444.0000,0.0000,0.0000,0.0000,0.0000,3,0,0,0,0,1,0,0,0,0
zc,TA305,2012-06-18 09:04:28.713,7456.0000,1396,0,0.0000,0.0000,0,0,多换,B,7434.0000,0.0000,0.0000,0.0000,0.0000,7444.0000,0.0000,0.0000,0.0000,0.0000,2,0,0,0,0,1,0,0,0,0
zc,TA305,2012-06-18 09:04:29.277,7456.0000,1396,0,0.0000,0.0000,0,0,多换,B,7434.0000,0.0000,0.0000,0.0000,0.0000,7442.0000,0.0000,0.0000,0.0000,0.0000,2,0,0,0,0,1,0,0,0,0
zc,TA305,2012-06-18 09:04:30.027,7456.0000,1396,0,0.0000,0.0000,0,0,多换,B,7432.0000,0.0000,0.0000,0.0000,0.0000,7440.0000,0.0000,0.0000,0.0000,0.0000,2,0,0,0,0,1,0,0,0,0
zc,TA305,2012-06-18 09:04:38.993,7456.0000,1396,0,0.0000,0.0000,0,0,多换,B,7430.0000,0.0000,0.0000,0.0000,0.0000,7438.0000,0.0000,0.0000,0.0000,0.0000,2,0,0,0,0,1,0,0,0,0
zc,TA305,2012-06-18 09:04:44.087,7456.0000,1396,0,0.0000,0.0000,0,0,多换,B,7428.0000,0.0000,0.0000,0.0000,0.0000,7438.0000,0.0000,0.0000,0.0000,0.0000,2,0,0,0,0,1,0,0,0,0
zc,TA305,2012-06-18 09:04:44.463,7456.0000,1396,0,0.0000,0.0000,0,0,多换,B,7428.0000,0.0000,0.0000,0.0000,0.0000,7436.0000,0.0000,0.0000,0.0000,0.0000,2,0,0,0,0,1,0,0,0,0
zc,TA305,2012-06-18 09:04:46.260,7456.0000,1396,0,0.0000,0.0000,0,0,多换,B,7430.0000,0.0000,0.0000,0.0000,0.0000,7438.0000,0.0000,0.0000,0.0000,0.0000,2,0,0,0,0,1,0,0,0,0
zc,TA305,2012-06-18 09:04:47.040,7456.0000,1396,0,0.0000,0.0000,0,0,多换,B,7428.0000,0.0000,0.0000,0.0000,0.0000,7438.0000,0.0000,0.0000,0.0000,0.0000,3,0,0,0,0,1,0,0,0,0
zc,TA305,2012-06-18 09:04:47.510,7456.0000,1396,0,0.0000,0.0000,0,0,多换,B,7428.0000,0.0000,0.0000,0.0000,0.0000,7436.0000,0.0000,0.0000,0.0000,0.0000,3,0,0,0,0,1,0,0,0,0
zc,TA305,2012-06-18 09:04:49.493,7456.0000,1396,0,0.0000,0.0000,0,0,多换,B,7428.0000,0.0000,0.0000,0.0000,0.0000,7436.0000,0.0000,0.0000,0.0000,0.0000,2,0,0,0,0,1,0,0,0,0
zc,TA305,2012-06-18 09:04:51.010,7456.0000,1396,0,0.0000,0.0000,0,0,多换,B,7426.0000,0.0000,0.0000,0.0000,0.0000,7434.0000,0.0000,0.0000,0.0000,0.0000,2,0,0,0,0,1,0,0,0,0
zc,TA305,2012-06-18 09:04:51.743,7456.0000,1396,0,0.0000,0.0000,0,0,多换,B,7424.0000,0.0000,0.0000,0.0000,0.0000,7432.0000,0.0000,0.0000,0.0000,0.0000,2,0,0,0,0,1,0,0,0,0
zc,TA305,2012-06-18 09:04:53.073,7456.0000,1396,0,0.0000,0.0000,0,0,多换,B,7426.0000,0.0000,0.0000,0.0000,0.0000,7434.0000,0.0000,0.0000,0.0000,0.0000,2,0,0,0,0,1,0,0,0,0
zc,TA305,2012-06-18 09:04:53.837,7456.0000,1396,0,0.0000,0.0000,0,0,多换,B,7424.0000,0.0000,0.0000,0.0000,0.0000,7434.0000,0.0000,0.0000,0.0000,0.0000,2,0,0,0,0,1,0,0,0,0
zc,TA305,2012-06-18 09:04:54.963,7456.0000,1396,0,0.0000,0.0000,0,0,多换,B,7424.0000,0.0000,0.0000,0.0000,0.0000,7434.0000,0.0000,0.0000,0.0000,0.0000,3,0,0,0,0,1,0,0,0,0
zc,TA305,2012-06-18 09:04:56.727,7456.0000,1396,0,0.0000,0.0000,0,0,多换,B,7426.0000,0.0000,0.0000,0.0000,0.0000,7434.0000,0.0000,0.0000,0.0000,0.0000,2,0,0,0,0,1,0,0,0,0
zc,TA305,2012-06-18 09:04:57.527,7456.0000,1396,0,0.0000,0.0000,0,0,多换,B,7424.0000,0.0000,0.0000,0.0000,0.0000,7434.0000,0.0000,0.0000,0.0000,0.0000,3,0,0,0,0,1,0,0,0,0
zc,TA305,2012-06-18 09:04:58.027,7456.0000,1396,0,0.0000,0.0000,0,0,多换,B,7424.0000,0.0000,0.0000,0.0000,0.0000,7432.0000,0.0000,0.0000,0.0000,0.0000,3,0,0,0,0,1,0,0,0,0
zc,TA305,2012-06-18 09:04:58.760,7456.0000,1396,0,0.0000,0.0000,0,0,多换,B,7428.0000,0.0000,0.0000,0.0000,0.0000,7438.0000,0.0000,0.0000,0.0000,0.0000,2,0,0,0,0,1,0,0,0,0
zc,TA305,2012-06-18 09:05:00.057,7456.0000,1396,0,0.0000,0.0000,0,0,多换,B,7428.0000,0.0000,0.0000,0.0000,0.0000,7436.0000,0.0000,0.0000,0.0000,0.0000,2,0,0,0,0,1,0,0,0,0
zc,TA305,2012-06-18 09:05:00.260,7456.0000,1396,0,0.0000,0.0000,0,0,多换,B,7426.0000,0.0000,0.0000,0.0000,0.0000,7430.0000,0.0000,0.0000,0.0000,0.0000,1,0,0,0,0,1,0,0,0,0
zc,TA305,2012-06-18 09:05:01.227,7456.0000,1396,0,0.0000,0.0000,0,0,多换,B,7422.0000,0.0000,0.0000,0.0000,0.0000,7434.0000,0.0000,0.0000,0.0000,0.0000,2,0,0,0,0,1,0,0,0,0
zc,TA305,2012-06-18 09:05:02.743,7456.0000,1396,0,0.0000,0.0000,0,0,多换,B,7424.0000,0.0000,0.0000,0.0000,0.0000,7434.0000,0.0000,0.0000,0.0000,0.0000,2,0,0,0,0,1,0,0,0,0
zc,TA305,2012-06-18 09:05:12.227,7456.0000,1396,0,0.0000,0.0000,0,0,多换,B,7426.0000,0.0000,0.0000,0.0000,0.0000,7434.0000,0.0000,0.0000,0.0000,0.0000,2,0,0,0,0,1,0,0,0,0
zc,TA305,2012-06-18 09:05:18.743,7456.0000,1396,0,0.0000,0.0000,0,0,多换,B,7428.0000,0.0000,0.0000,0.0000,0.0000,7438.0000,0.0000,0.0000,0.0000,0.0000,1,0,0,0,0,1,0,0,0,0
zc,TA305,2012-06-18 09:05:19.540,7456.0000,1396,0,0.0000,0.0000,0,0,多换,B,7428.0000,0.0000,0.0000,0.0000,0.0000,7438.0000,0.0000,0.0000,0.0000,0.0000,2,0,0,0,0,1,0,0,0,0
zc,TA305,2012-06-18 09:05:20.743,7456.0000,1396,0,0.0000,0.0000,0,0,多换,B,7430.0000,0.0000,0.0000,0.0000,0.0000,7440.0000,0.0000,0.0000,0.0000,0.0000,1,0,0,0,0,1,0,0,0,0
zc,TA305,2012-06-18 09:05:21.243,7456.0000,1396,0,0.0000,0.0000,0,0,多换,B,7432.0000,0.0000,0.0000,0.0000,0.0000,7440.0000,0.0000,0.0000,0.0000,0.0000,2,0,0,0,0,1,0,0,0,0
zc,TA305,2012-06-18 09:05:21.777,7456.0000,1396,0,0.0000,0.0000,0,0,多换,B,7428.0000,0.0000,0.0000,0.0000,0.0000,7440.0000,0.0000,0.0000,0.0000,0.0000,2,0,0,0,0,1,0,0,0,0
zc,TA305,2012-06-18 09:05:22.493,7456.0000,1396,0,0.0000,0.0000,0,0,多换,B,7434.0000,0.0000,0.0000,0.0000,0.0000,7442.0000,0.0000,0.0000,0.0000,0.0000,1,0,0,0,0,1,0,0,0,0
zc,TA305,2012-06-18 09:05:22.993,7456.0000,1396,0,0.0000,0.0000,0,0,多换,B,7432.0000,0.0000,0.0000,0.0000,0.0000,7442.0000,0.0000,0.0000,0.0000,0.0000,2,0,0,0,0,1,0,0,0,0
zc,TA305,2012-06-18 09:05:24.027,7456.0000,1396,0,0.0000,0.0000,0,0,多换,B,7430.0000,0.0000,0.0000,0.0000,0.0000,7442.0000,0.0000,0.0000,0.0000,0.0000,1,0,0,0,0,1,0,0,0,0
zc,TA305,2012-06-18 09:05:24.743,7456.0000,1396,0,0.0000,0.0000,0,0,多换,B,7432.0000,0.0000,0.0000,0.0000,0.0000,7440.0000,0.0000,0.0000,0.0000,0.0000,1,0,0,0,0,1,0,0,0,0
zc,TA305,2012-06-18 09:05:25.260,7456.0000,1396,0,0.0000,0.0000,0,0,多换,B,7428.0000,0.0000,0.0000,0.0000,0.0000,7438.0000,0.0000,0.0000,0.0000,0.0000,2,0,0,0,0,1,0,0,0,0
zc,TA305,2012-06-18 09:05:25.993,7456.0000,1396,0,0.0000,0.0000,0,0,多换,B,7430.0000,0.0000,0.0000,0.0000,0.0000,7438.0000,0.0000,0.0000,0.0000,0.0000,1,0,0,0,0,1,0,0,0,0
zc,TA305,2012-06-18 09:05:26.493,7456.0000,1396,0,0.0000,0.0000,0,0,多换,B,7428.0000,0.0000,0.0000,0.0000,0.0000,7436.0000,0.0000,0.0000,0.0000,0.0000,3,0,0,0,0,1,0,0,0,0
zc,TA305,2012-06-18 09:05:28.727,7456.0000,1396,0,0.0000,0.0000,0,0,多换,B,7428.0000,0.0000,0.0000,0.0000,0.0000,7436.0000,0.0000,0.0000,0.0000,0.0000,2,0,0,0,0,1,0,0,0,0
zc,TA305,2012-06-18 09:05:33.277,7456.0000,1396,0,0.0000,0.0000,0,0,多换,B,7430.0000,0.0000,0.0000,0.0000,0.0000,7438.0000,0.0000,0.0000,0.0000,0.0000,2,0,0,0,0,1,0,0,0,0
zc,TA305,2012-06-18 09:05:34.510,7456.0000,1396,0,0.0000,0.0000,0,0,多换,B,7428.0000,0.0000,0.0000,0.0000,0.0000,7438.0000,0.0000,0.0000,0.0000,0.0000,3,0,0,0,0,1,0,0,0,0
zc,TA305,2012-06-18 09:05:35.713,7456.0000,1396,0,0.0000,0.0000,0,0,多换,B,7428.0000,0.0000,0.0000,0.0000,0.0000,7438.0000,0.0000,0.0000,0.0000,0.0000,2,0,0,0,0,1,0,0,0,0
zc,TA305,2012-06-18 09:05:37.527,7456.0000,1396,0,0.0000,0.0000,0,0,多换,B,7430.0000,0.0000,0.0000,0.0000,0.0000,7438.0000,0.0000,0.0000,0.0000,0.0000,2,0,0,0,0,1,0,0,0,0
zc,TA305,2012-06-18 09:05:37.993,7456.0000,1396,0,0.0000,0.0000,0,0,多换,B,7430.0000,0.0000,0.0000,0.0000,0.0000,7438.0000,0.0000,0.0000,0.0000,0.0000,1,0,0,0,0,1,0,0,0,0
zc,TA305,2012-06-18 09:05:38.463,7456.0000,1396,0,0.0000,0.0000,0,0,多换,B,7428.0000,0.0000,0.0000,0.0000,0.0000,7436.0000,0.0000,0.0000,0.0000,0.0000,2,0,0,0,0,1,0,0,0,0
zc,TA305,2012-06-18 09:05:42.760,7456.0000,1396,0,0.0000,0.0000,0,0,多换,B,7430.0000,0.0000,0.0000,0.0000,0.0000,7438.0000,0.0000,0.0000,0.0000,0.0000,2,0,0,0,0,1,0,0,0,0
zc,TA305,2012-06-18 09:05:43.227,7456.0000,1396,0,0.0000,0.0000,0,0,多换,B,7428.0000,0.0000,0.0000,0.0000,0.0000,7436.0000,0.0000,0.0000,0.0000,0.0000,2,0,0,0,0,1,0,0,0,0
zc,TA305,2012-06-18 09:05:45.463,7456.0000,1396,0,0.0000,0.0000,0,0,多换,B,7428.0000,0.0000,0.0000,0.0000,0.0000,7438.0000,0.0000,0.0000,0.0000,0.0000,2,0,0,0,0,1,0,0,0,0
zc,TA305,2012-06-18 09:05:45.963,7456.0000,1396,0,0.0000,0.0000,0,0,多换,B,7428.0000,0.0000,0.0000,0.0000,0.0000,7436.0000,0.0000,0.0000,0.0000,0.0000,2,0,0,0,0,1,0,0,0,0
zc,TA305,2012-06-18 09:05:48.527,7456.0000,1396,0,0.0000,0.0000,0,0,多换,B,7430.0000,0.0000,0.0000,0.0000,0.0000,7438.0000,0.0000,0.0000,0.0000,0.0000,2,0,0,0,0,1,0,0,0,0
zc,TA305,2012-06-18 09:05:50.010,7456.0000,1396,0,0.0000,0.0000,0,0,多换,B,7428.0000,0.0000,0.0000,0.0000,0.0000,7436.0000,0.0000,0.0000,0.0000,0.0000,3,0,0,0,0,1,0,0,0,0
zc,TA305,2012-06-18 09:05:51.697,7456.0000,1396,0,0.0000,0.0000,0,0,多换,B,7428.0000,0.0000,0.0000,0.0000,0.0000,7436.0000,0.0000,0.0000,0.0000,0.0000,2,0,0,0,0,1,0,0,0,0
zc,TA305,2012-06-18 09:05:54.260,7456.0000,1396,0,0.0000,0.0000,0,0,多换,B,7430.0000,0.0000,0.0000,0.0000,0.0000,7438.0000,0.0000,0.0000,0.0000,0.0000,2,0,0,0,0,1,0,0,0,0
zc,TA305,2012-06-18 09:05:54.760,7456.0000,1396,0,0.0000,0.0000,0,0,多换,B,7428.0000,0.0000,0.0000,0.0000,0.0000,7436.0000,0.0000,0.0000,0.0000,0.0000,3,0,0,0,0,1,0,0,0,0
zc,TA305,2012-06-18 09:05:55.277,7456.0000,1396,0,0.0000,0.0000,0,0,多换,B,7428.0000,0.0000,0.0000,0.0000,0.0000,7438.0000,0.0000,0.0000,0.0000,0.0000,3,0,0,0,0,1,0,0,0,0
zc,TA305,2012-06-18 09:05:56.947,7456.0000,1396,0,0.0000,0.0000,0,0,多换,B,7428.0000,0.0000,0.0000,0.0000,0.0000,7438.0000,0.0000,0.0000,0.0000,0.0000,2,0,0,0,0,1,0,0,0,0
zc,TA305,2012-06-18 09:05:58.243,7456.0000,1396,0,0.0000,0.0000,0,0,多换,B,7430.0000,0.0000,0.0000,0.0000,0.0000,7438.0000,0.0000,0.0000,0.0000,0.0000,2,0,0,0,0,1,0,0,0,0
zc,TA305,2012-06-18 09:06:01.790,7456.0000,1396,0,0.0000,0.0000,0,0,多换,B,7428.0000,0.0000,0.0000,0.0000,0.0000,7436.0000,0.0000,0.0000,0.0000,0.0000,3,0,0,0,0,1,0,0,0,0
zc,TA305,2012-06-18 09:06:02.493,7456.0000,1396,0,0.0000,0.0000,0,0,多换,B,7430.0000,0.0000,0.0000,0.0000,0.0000,7438.0000,0.0000,0.0000,0.0000,0.0000,2,0,0,0,0,1,0,0,0,0
zc,TA305,2012-06-18 09:06:03.493,7456.0000,1396,0,0.0000,0.0000,0,0,多换,B,7428.0000,0.0000,0.0000,0.0000,0.0000,7438.0000,0.0000,0.0000,0.0000,0.0000,3,0,0,0,0,1,0,0,0,0
zc,TA305,2012-06-18 09:06:04.213,7456.0000,1396,0,0.0000,0.0000,0,0,多换,B,7430.0000,0.0000,0.0000,0.0000,0.0000,7438.0000,0.0000,0.0000,0.0000,0.0000,2,0,0,0,0,1,0,0,0,0
zc,TA305,2012-06-18 09:06:04.713,7456.0000,1396,0,0.0000,0.0000,0,0,多换,B,7428.0000,0.0000,0.0000,0.0000,0.0000,7436.0000,0.0000,0.0000,0.0000,0.0000,3,0,0,0,0,1,0,0,0,0
zc,TA305,2012-06-18 09:06:05.197,7456.0000,1396,0,0.0000,0.0000,0,0,多换,B,7428.0000,0.0000,0.0000,0.0000,0.0000,7436.0000,0.0000,0.0000,0.0000,0.0000,2,0,0,0,0,1,0,0,0,0
zc,TA305,2012-06-18 09:06:05.760,7456.0000,1396,0,0.0000,0.0000,0,0,多换,B,7430.0000,0.0000,0.0000,0.0000,0.0000,7438.0000,0.0000,0.0000,0.0000,0.0000,2,0,0,0,0,1,0,0,0,0
zc,TA305,2012-06-18 09:06:08.243,7456.0000,1396,0,0.0000,0.0000,0,0,多换,B,7432.0000,0.0000,0.0000,0.0000,0.0000,7440.0000,0.0000,0.0000,0.0000,0.0000,2,0,0,0,0,1,0,0,0,0
zc,TA305,2012-06-18 09:06:12.260,7456.0000,1396,0,0.0000,0.0000,0,0,多换,B,7430.0000,0.0000,0.0000,0.0000,0.0000,7438.0000,0.0000,0.0000,0.0000,0.0000,3,0,0,0,0,1,0,0,0,0
zc,TA305,2012-06-18 09:06:13.260,7456.0000,1396,0,0.0000,0.0000,0,0,多换,B,7430.0000,0.0000,0.0000,0.0000,0.0000,7440.0000,0.0000,0.0000,0.0000,0.0000,2,0,0,0,0,1,0,0,0,0
zc,TA305,2012-06-18 09:06:13.777,7456.0000,1396,0,0.0000,0.0000,0,0,多换,B,7432.0000,0.0000,0.0000,0.0000,0.0000,7440.0000,0.0000,0.0000,0.0000,0.0000,2,0,0,0,0,1,0,0,0,0
zc,TA305,2012-06-18 09:06:15.027,7456.0000,1396,0,0.0000,0.0000,0,0,多换,B,7430.0000,0.0000,0.0000,0.0000,0.0000,7438.0000,0.0000,0.0000,0.0000,0.0000,3,0,0,0,0,1,0,0,0,0
zc,TA305,2012-06-18 09:06:16.243,7456.0000,1396,0,0.0000,0.0000,0,0,多换,B,7432.0000,0.0000,0.0000,0.0000,0.0000,7440.0000,0.0000,0.0000,0.0000,0.0000,2,0,0,0,0,1,0,0,0,0
zc,TA305,2012-06-18 09:06:42.227,7456.0000,1396,0,0.0000,0.0000,0,0,多换,B,7430.0000,0.0000,0.0000,0.0000,0.0000,7438.0000,0.0000,0.0000,0.0000,0.0000,2,0,0,0,0,1,0,0,0,0
zc,TA305,2012-06-18 09:06:52.743,7456.0000,1396,0,0.0000,0.0000,0,0,多换,B,7428.0000,0.0000,0.0000,0.0000,0.0000,7436.0000,0.0000,0.0000,0.0000,0.0000,2,0,0,0,0,1,0,0,0,0
zc,TA305,2012-06-18 09:06:54.260,7456.0000,1396,0,0.0000,0.0000,0,0,多换,B,7428.0000,0.0000,0.0000,0.0000,0.0000,7438.0000,0.0000,0.0000,0.0000,0.0000,2,0,0,0,0,1,0,0,0,0
zc,TA305,2012-06-18 09:06:55.790,7456.0000,1396,0,0.0000,0.0000,0,0,多换,B,7428.0000,0.0000,0.0000,0.0000,0.0000,7436.0000,0.0000,0.0000,0.0000,0.0000,2,0,0,0,0,1,0,0,0,0
zc,TA305,2012-06-18 09:06:56.760,7456.0000,1396,0,0.0000,0.0000,0,0,多换,B,7428.0000,0.0000,0.0000,0.0000,0.0000,7438.0000,0.0000,0.0000,0.0000,0.0000,2,0,0,0,0,1,0,0,0,0
zc,TA305,2012-06-18 09:06:58.027,7456.0000,1396,0,0.0000,0.0000,0,0,多换,B,7432.0000,0.0000,0.0000,0.0000,0.0000,7440.0000,0.0000,0.0000,0.0000,0.0000,1,0,0,0,0,1,0,0,0,0
zc,TA305,2012-06-18 09:06:58.777,7456.0000,1396,0,0.0000,0.0000,0,0,多换,B,7430.0000,0.0000,0.0000,0.0000,0.0000,7438.0000,0.0000,0.0000,0.0000,0.0000,1,0,0,0,0,1,0,0,0,0
zc,TA305,2012-06-18 09:06:59.213,7456.0000,1396,0,0.0000,0.0000,0,0,多换,B,7428.0000,0.0000,0.0000,0.0000,0.0000,7438.0000,0.0000,0.0000,0.0000,0.0000,2,0,0,0,0,1,0,0,0,0
zc,TA305,2012-06-18 09:06:59.743,7456.0000,1396,0,0.0000,0.0000,0,0,多换,B,7430.0000,0.0000,0.0000,0.0000,0.0000,7438.0000,0.0000,0.0000,0.0000,0.0000,2,0,0,0,0,1,0,0,0,0
zc,TA305,2012-06-18 09:07:00.947,7456.0000,1396,0,0.0000,0.0000,0,0,多换,B,7430.0000,0.0000,0.0000,0.0000,0.0000,7438.0000,0.0000,0.0000,0.0000,0.0000,1,0,0,0,0,1,0,0,0,0
zc,TA305,2012-06-18 09:07:02.540,7456.0000,1396,0,0.0000,0.0000,0,0,多换,B,7428.0000,0.0000,0.0000,0.0000,0.0000,7438.0000,0.0000,0.0000,0.0000,0.0000,3,0,0,0,0,1,0,0,0,0
zc,TA305,2012-06-18 09:07:03.777,7456.0000,1396,0,0.0000,0.0000,0,0,多换,B,7428.0000,0.0000,0.0000,0.0000,0.0000,7436.0000,0.0000,0.0000,0.0000,0.0000,3,0,0,0,0,1,0,0,0,0
zc,TA305,2012-06-18 09:07:04.477,7456.0000,1396,0,0.0000,0.0000,0,0,多换,B,7428.0000,0.0000,0.0000,0.0000,0.0000,7436.0000,0.0000,0.0000,0.0000,0.0000,2,0,0,0,0,1,0,0,0,0
zc,TA305,2012-06-18 09:07:04.743,7456.0000,1396,0,0.0000,0.0000,0,0,多换,B,7430.0000,0.0000,0.0000,0.0000,0.0000,7438.0000,0.0000,0.0000,0.0000,0.0000,2,0,0,0,0,1,0,0,0,0
zc,TA305,2012-06-18 09:07:16.040,7456.0000,1396,0,0.0000,0.0000,0,0,多换,B,7428.0000,0.0000,0.0000,0.0000,0.0000,7438.0000,0.0000,0.0000,0.0000,0.0000,2,0,0,0,0,1,0,0,0,0
zc,TA305,2012-06-18 09:07:16.713,7456.0000,1396,0,0.0000,0.0000,0,0,多换,B,7428.0000,0.0000,0.0000,0.0000,0.0000,7436.0000,0.0000,0.0000,0.0000,0.0000,2,0,0,0,0,1,0,0,0,0
zc,TA305,2012-06-18 09:07:21.243,7456.0000,1396,0,0.0000,0.0000,0,0,多换,B,7426.0000,0.0000,0.0000,0.0000,0.0000,7434.0000,0.0000,0.0000,0.0000,0.0000,2,0,0,0,0,1,0,0,0,0
zc,TA305,2012-06-18 09:07:24.493,7456.0000,1396,0,0.0000,0.0000,0,0,多换,B,7424.0000,0.0000,0.0000,0.0000,0.0000,7434.0000,0.0000,0.0000,0.0000,0.0000,2,0,0,0,0,1,0,0,0,0
zc,TA305,2012-06-18 09:07:25.727,7456.0000,1396,0,0.0000,0.0000,0,0,多换,B,7424.0000,0.0000,0.0000,0.0000,0.0000,7432.0000,0.0000,0.0000,0.0000,0.0000,2,0,0,0,0,1,0,0,0,0
zc,TA305,2012-06-18 09:07:28.477,7456.0000,1396,0,0.0000,0.0000,0,0,多换,B,7422.0000,0.0000,0.0000,0.0000,0.0000,7430.0000,0.0000,0.0000,0.0000,0.0000,2,0,0,0,0,1,0,0,0,0
zc,TA305,2012-06-18 09:07:32.743,7456.0000,1396,0,0.0000,0.0000,0,0,多换,B,7424.0000,0.0000,0.0000,0.0000,0.0000,7432.0000,0.0000,0.0000,0.0000,0.0000,2,0,0,0,0,1,0,0,0,0
zc,TA305,2012-06-18 09:07:34.010,7456.0000,1396,0,0.0000,0.0000,0,0,多换,B,7422.0000,0.0000,0.0000,0.0000,0.0000,7432.0000,0.0000,0.0000,0.0000,0.0000,3,0,0,0,0,1,0,0,0,0
zc,TA305,2012-06-18 09:07:34.713,7456.0000,1396,0,0.0000,0.0000,0,0,多换,B,7422.0000,0.0000,0.0000,0.0000,0.0000,7430.0000,0.0000,0.0000,0.0000,0.0000,3,0,0,0,0,1,0,0,0,0
zc,TA305,2012-06-18 09:07:34.977,7456.0000,1396,0,0.0000,0.0000,0,0,多换,B,7422.0000,0.0000,0.0000,0.0000,0.0000,7430.0000,0.0000,0.0000,0.0000,0.0000,2,0,0,0,0,1,0,0,0,0
zc,TA305,2012-06-18 09:07:43.040,7456.0000,1396,0,0.0000,0.0000,0,0,多换,B,7422.0000,0.0000,0.0000,0.0000,0.0000,7432.0000,0.0000,0.0000,0.0000,0.0000,2,0,0,0,0,1,0,0,0,0
zc,TA305,2012-06-18 09:07:44.227,7456.0000,1396,0,0.0000,0.0000,0,0,多换,B,7422.0000,0.0000,0.0000,0.0000,0.0000,7430.0000,0.0000,0.0000,0.0000,0.0000,2,0,0,0,0,1,0,0,0,0
zc,TA305,2012-06-18 09:07:45.493,7456.0000,1396,0,0.0000,0.0000,0,0,多换,B,7424.0000,0.0000,0.0000,0.0000,0.0000,7432.0000,0.0000,0.0000,0.0000,0.0000,1,0,0,0,0,1,0,0,0,0
zc,TA305,2012-06-18 09:07:45.963,7456.0000,1396,0,0.0000,0.0000,0,0,多换,B,7424.0000,0.0000,0.0000,0.0000,0.0000,7432.0000,0.0000,0.0000,0.0000,0.0000,2,0,0,0,0,1,0,0,0,0
zc,TA305,2012-06-18 09:07:46.743,7456.0000,1396,0,0.0000,0.0000,0,0,多换,B,7422.0000,0.0000,0.0000,0.0000,0.0000,7432.0000,0.0000,0.0000,0.0000,0.0000,3,0,0,0,0,1,0,0,0,0
zc,TA305,2012-06-18 09:07:48.040,7456.0000,1396,0,0.0000,0.0000,0,0,多换,B,7424.0000,0.0000,0.0000,0.0000,0.0000,7432.0000,0.0000,0.0000,0.0000,0.0000,2,0,0,0,0,1,0,0,0,0
zc,TA305,2012-06-18 09:07:48.977,7456.0000,1396,0,0.0000,0.0000,0,0,多换,B,7422.0000,0.0000,0.0000,0.0000,0.0000,7432.0000,0.0000,0.0000,0.0000,0.0000,3,0,0,0,0,1,0,0,0,0
zc,TA305,2012-06-18 09:07:49.527,7456.0000,1396,0,0.0000,0.0000,0,0,多换,B,7422.0000,0.0000,0.0000,0.0000,0.0000,7430.0000,0.0000,0.0000,0.0000,0.0000,3,0,0,0,0,1,0,0,0,0
zc,TA305,2012-06-18 09:07:50.743,7456.0000,1396,0,0.0000,0.0000,0,0,多换,B,7422.0000,0.0000,0.0000,0.0000,0.0000,7430.0000,0.0000,0.0000,0.0000,0.0000,2,0,0,0,0,1,0,0,0,0
zc,TA305,2012-06-18 09:07:56.777,7456.0000,1396,0,0.0000,0.0000,0,0,多换,B,7420.0000,0.0000,0.0000,0.0000,0.0000,7428.0000,0.0000,0.0000,0.0000,0.0000,2,0,0,0,0,1,0,0,0,0
zc,TA305,2012-06-18 09:08:01.993,7456.0000,1396,0,0.0000,0.0000,0,0,多换,B,7422.0000,0.0000,0.0000,0.0000,0.0000,7430.0000,0.0000,0.0000,0.0000,0.0000,2,0,0,0,0,1,0,0,0,0
zc,TA305,2012-06-18 09:08:07.727,7456.0000,1396,0,0.0000,0.0000,0,0,多换,B,7420.0000,0.0000,0.0000,0.0000,0.0000,7428.0000,0.0000,0.0000,0.0000,0.0000,3,0,0,0,0,1,0,0,0,0
zc,TA305,2012-06-18 09:08:08.947,7456.0000,1396,0,0.0000,0.0000,0,0,多换,B,7420.0000,0.0000,0.0000,0.0000,0.0000,7428.0000,0.0000,0.0000,0.0000,0.0000,2,0,0,0,0,1,0,0,0,0
zc,TA305,2012-06-18 09:08:16.917,7456.0000,1396,0,0.0000,0.0000,0,0,多换,B,7420.0000,0.0000,0.0000,0.0000,0.0000,7426.0000,0.0000,0.0000,0.0000,0.0000,2,0,0,0,0,1,0,0,0,0
zc,TA305,2012-06-18 09:08:33.963,7456.0000,1396,0,0.0000,0.0000,0,0,多换,B,7420.0000,0.0000,0.0000,0.0000,0.0000,7426.0000,0.0000,0.0000,0.0000,0.0000,1,0,0,0,0,1,0,0,0,0
zc,TA305,2012-06-18 09:08:34.493,7456.0000,1396,0,0.0000,0.0000,0,0,多换,B,7418.0000,0.0000,0.0000,0.0000,0.0000,7424.0000,0.0000,0.0000,0.0000,0.0000,3,0,0,0,0,1,0,0,0,0
zc,TA305,2012-06-18 09:08:45.760,7456.0000,1396,0,0.0000,0.0000,0,0,多换,B,7420.0000,0.0000,0.0000,0.0000,0.0000,7426.0000,0.0000,0.0000,0.0000,0.0000,2,0,0,0,0,1,0,0,0,0
zc,TA305,2012-06-18 09:08:45.977,7456.0000,1396,0,0.0000,0.0000,0,0,多换,B,7418.0000,0.0000,0.0000,0.0000,0.0000,7424.0000,0.0000,0.0000,0.0000,0.0000,4,0,0,0,0,1,0,0,0,0
zc,TA305,2012-06-18 09:08:48.477,7456.0000,1396,0,0.0000,0.0000,0,0,多换,B,7420.0000,0.0000,0.0000,0.0000,0.0000,7426.0000,0.0000,0.0000,0.0000,0.0000,2,0,0,0,0,1,0,0,0,0
zc,TA305,2012-06-18 09:09:00.477,7456.0000,1396,0,0.0000,0.0000,0,0,多换,B,7418.0000,0.0000,0.0000,0.0000,0.0000,7426.0000,0.0000,0.0000,0.0000,0.0000,3,0,0,0,0,1,0,0,0,0
zc,TA305,2012-06-18 09:09:01.227,7456.0000,1396,0,0.0000,0.0000,0,0,多换,B,7420.0000,0.0000,0.0000,0.0000,0.0000,7426.0000,0.0000,0.0000,0.0000,0.0000,2,0,0,0,0,1,0,0,0,0
zc,TA305,2012-06-18 09:09:06.977,7456.0000,1396,0,0.0000,0.0000,0,0,多换,B,7418.0000,0.0000,0.0000,0.0000,0.0000,7424.0000,0.0000,0.0000,0.0000,0.0000,3,0,0,0,0,1,0,0,0,0
zc,TA305,2012-06-18 09:09:07.463,7456.0000,1396,0,0.0000,0.0000,0,0,多换,B,7418.0000,0.0000,0.0000,0.0000,0.0000,7426.0000,0.0000,0.0000,0.0000,0.0000,3,0,0,0,0,1,0,0,0,0
zc,TA305,2012-06-18 09:09:07.977,7456.0000,1396,0,0.0000,0.0000,0,0,多换,B,7420.0000,0.0000,0.0000,0.0000,0.0000,7426.0000,0.0000,0.0000,0.0000,0.0000,1,0,0,0,0,1,0,0,0,0
zc,TA305,2012-06-18 09:09:08.760,7456.0000,1396,0,0.0000,0.0000,0,0,多换,B,7420.0000,0.0000,0.0000,0.0000,0.0000,7426.0000,0.0000,0.0000,0.0000,0.0000,2,0,0,0,0,1,0,0,0,0
zc,TA305,2012-06-18 09:09:11.213,7456.0000,1396,0,0.0000,0.0000,0,0,多换,B,7420.0000,0.0000,0.0000,0.0000,0.0000,7428.0000,0.0000,0.0000,0.0000,0.0000,2,0,0,0,0,1,0,0,0,0
zc,TA305,2012-06-18 09:09:11.713,7456.0000,1396,0,0.0000,0.0000,0,0,多换,B,7422.0000,0.0000,0.0000,0.0000,0.0000,7428.0000,0.0000,0.0000,0.0000,0.0000,2,0,0,0,0,1,0,0,0,0
zc,TA305,2012-06-18 09:09:18.213,7456.0000,1396,0,0.0000,0.0000,0,0,多换,B,7424.0000,0.0000,0.0000,0.0000,0.0000,7428.0000,0.0000,0.0000,0.0000,0.0000,1,0,0,0,0,1,0,0,0,0
zc,TA305,2012-06-18 09:09:19.243,7456.0000,1396,0,0.0000,0.0000,0,0,多换,B,7424.0000,0.0000,0.0000,0.0000,0.0000,7430.0000,0.0000,0.0000,0.0000,0.0000,3,0,0,0,0,1,0,0,0,0
zc,TA305,2012-06-18 09:09:20.963,7456.0000,1396,0,0.0000,0.0000,0,0,多换,B,7424.0000,0.0000,0.0000,0.0000,0.0000,7428.0000,0.0000,0.0000,0.0000,0.0000,1,0,0,0,0,1,0,0,0,0
zc,TA305,2012-06-18 09:09:27.977,7456.0000,1396,0,0.0000,0.0000,0,0,多换,B,7424.0000,0.0000,0.0000,0.0000,0.0000,7430.0000,0.0000,0.0000,0.0000,0.0000,3,0,0,0,0,1,0,0,0,0
zc,TA305,2012-06-18 09:09:28.477,7456.0000,1396,0,0.0000,0.0000,0,0,多换,B,7424.0000,0.0000,0.0000,0.0000,0.0000,7428.0000,0.0000,0.0000,0.0000,0.0000,1,0,0,0,0,1,0,0,0,0
zc,TA305,2012-06-18 09:09:30.213,7456.0000,1396,0,0.0000,0.0000,0,0,多换,B,7424.0000,0.0000,0.0000,0.0000,0.0000,7430.0000,0.0000,0.0000,0.0000,0.0000,3,0,0,0,0,1,0,0,0,0
zc,TA305,2012-06-18 09:09:36.697,7456.0000,1396,0,0.0000,0.0000,0,0,多换,B,7424.0000,0.0000,0.0000,0.0000,0.0000,7430.0000,0.0000,0.0000,0.0000,0.0000,2,0,0,0,0,1,0,0,0,0
zc,TA305,2012-06-18 09:09:37.213,7456.0000,1396,0,0.0000,0.0000,0,0,多换,B,7424.0000,0.0000,0.0000,0.0000,0.0000,7430.0000,0.0000,0.0000,0.0000,0.0000,3,0,0,0,0,1,0,0,0,0
zc,TA305,2012-06-18 09:09:42.463,7456.0000,1396,0,0.0000,0.0000,0,0,多换,B,7424.0000,0.0000,0.0000,0.0000,0.0000,7428.0000,0.0000,0.0000,0.0000,0.0000,1,0,0,0,0,1,0,0,0,0
zc,TA305,2012-06-18 09:09:43.243,7456.0000,1396,0,0.0000,0.0000,0,0,多换,B,7424.0000,0.0000,0.0000,0.0000,0.0000,7430.0000,0.0000,0.0000,0.0000,0.0000,2,0,0,0,0,1,0,0,0,0
zc,TA305,2012-06-18 09:09:43.777,7456.0000,1396,0,0.0000,0.0000,0,0,多换,B,7424.0000,0.0000,0.0000,0.0000,0.0000,7428.0000,0.0000,0.0000,0.0000,0.0000,1,0,0,0,0,1,0,0,0,0
zc,TA305,2012-06-18 09:09:52.977,7424.0000,1398,2,0.0000,2.0000,2,0,双开,S,7420.0000,0.0000,0.0000,0.0000,0.0000,7428.0000,0.0000,0.0000,0.0000,0.0000,2,0,0,0,0,1,0,0,0,0
zc,TA305,2012-06-18 09:09:55.993,7424.0000,1398,0,0.0000,0.0000,0,0,空换,S,7418.0000,0.0000,0.0000,0.0000,0.0000,7426.0000,0.0000,0.0000,0.0000,0.0000,3,0,0,0,0,1,0,0,0,0
zc,TA305,2012-06-18 09:09:56.993,7424.0000,1398,0,0.0000,0.0000,0,0,空换,S,7420.0000,0.0000,0.0000,0.0000,0.0000,7428.0000,0.0000,0.0000,0.0000,0.0000,2,0,0,0,0,1,0,0,0,0
zc,TA305,2012-06-18 09:09:58.993,7424.0000,1398,0,0.0000,0.0000,0,0,空换,S,7418.0000,0.0000,0.0000,0.0000,0.0000,7428.0000,0.0000,0.0000,0.0000,0.0000,4,0,0,0,0,1,0,0,0,0
zc,TA305,2012-06-18 09:09:59.463,7424.0000,1398,0,0.0000,0.0000,0,0,空换,S,7418.0000,0.0000,0.0000,0.0000,0.0000,7426.0000,0.0000,0.0000,0.0000,0.0000,4,0,0,0,0,1,0,0,0,0
zc,TA305,2012-06-18 09:09:59.933,7424.0000,1398,0,0.0000,0.0000,0,0,空换,S,7418.0000,0.0000,0.0000,0.0000,0.0000,7426.0000,0.0000,0.0000,0.0000,0.0000,3,0,0,0,0,1,0,0,0,0
zc,TA305,2012-06-18 09:10:03.477,7424.0000,1398,0,0.0000,0.0000,0,0,空换,S,7418.0000,0.0000,0.0000,0.0000,0.0000,7424.0000,0.0000,0.0000,0.0000,0.0000,1,0,0,0,0,1,0,0,0,0
zc,TA305,2012-06-18 09:10:05.243,7424.0000,1398,0,0.0000,0.0000,0,0,空换,S,7418.0000,0.0000,0.0000,0.0000,0.0000,7426.0000,0.0000,0.0000,0.0000,0.0000,3,0,0,0,0,1,0,0,0,0
zc,TA305,2012-06-18 09:10:05.977,7424.0000,1398,0,0.0000,0.0000,0,0,空换,S,7418.0000,0.0000,0.0000,0.0000,0.0000,7426.0000,0.0000,0.0000,0.0000,0.0000,2,0,0,0,0,1,0,0,0,0
zc,TA305,2012-06-18 09:10:06.510,7424.0000,1398,0,0.0000,0.0000,0,0,空换,S,7418.0000,0.0000,0.0000,0.0000,0.0000,7426.0000,0.0000,0.0000,0.0000,0.0000,1,0,0,0,0,1,0,0,0,0
zc,TA305,2012-06-18 09:10:07.227,7424.0000,1398,0,0.0000,0.0000,0,0,空换,S,7418.0000,0.0000,0.0000,0.0000,0.0000,7424.0000,0.0000,0.0000,0.0000,0.0000,1,0,0,0,0,1,0,0,0,0
zc,TA305,2012-06-18 09:10:07.493,7424.0000,1398,0,0.0000,0.0000,0,0,空换,S,7418.0000,0.0000,0.0000,0.0000,0.0000,7426.0000,0.0000,0.0000,0.0000,0.0000,2,0,0,0,0,1,0,0,0,0
zc,TA305,2012-06-18 09:10:08.260,7424.0000,1398,0,0.0000,0.0000,0,0,空换,S,7418.0000,0.0000,0.0000,0.0000,0.0000,7426.0000,0.0000,0.0000,0.0000,0.0000,1,0,0,0,0,1,0,0,0,0
zc,TA305,2012-06-18 09:10:08.713,7424.0000,1398,0,0.0000,0.0000,0,0,空换,S,7418.0000,0.0000,0.0000,0.0000,0.0000,7424.0000,0.0000,0.0000,0.0000,0.0000,1,0,0,0,0,1,0,0,0,0
zc,TA305,2012-06-18 09:10:12.463,7424.0000,1398,0,0.0000,0.0000,0,0,空换,S,7418.0000,0.0000,0.0000,0.0000,0.0000,7422.0000,0.0000,0.0000,0.0000,0.0000,1,0,0,0,0,1,0,0,0,0
zc,TA305,2012-06-18 09:10:13.777,7424.0000,1398,0,0.0000,0.0000,0,0,空换,S,7418.0000,0.0000,0.0000,0.0000,0.0000,7424.0000,0.0000,0.0000,0.0000,0.0000,1,0,0,0,0,1,0,0,0,0
zc,TA305,2012-06-18 09:10:14.213,7424.0000,1398,0,0.0000,0.0000,0,0,空换,S,7418.0000,0.0000,0.0000,0.0000,0.0000,7422.0000,0.0000,0.0000,0.0000,0.0000,1,0,0,0,0,1,0,0,0,0
zc,TA305,2012-06-18 09:10:17.277,7424.0000,1398,0,0.0000,0.0000,0,0,空换,S,7418.0000,0.0000,0.0000,0.0000,0.0000,7420.0000,0.0000,0.0000,0.0000,0.0000,1,0,0,0,0,1,0,0,0,0
zc,TA305,2012-06-18 09:10:18.477,7424.0000,1398,0,0.0000,0.0000,0,0,空换,S,7418.0000,0.0000,0.0000,0.0000,0.0000,7422.0000,0.0000,0.0000,0.0000,0.0000,1,0,0,0,0,1,0,0,0,0
zc,TA305,2012-06-18 09:10:19.213,7418.0000,1400,2,0.0000,2.0000,2,0,双开,S,7416.0000,0.0000,0.0000,0.0000,0.0000,7424.0000,0.0000,0.0000,0.0000,0.0000,5,0,0,0,0,1,0,0,0,0
zc,TA305,2012-06-18 09:10:19.713,7418.0000,1400,0,0.0000,0.0000,0,0,空换,S,7416.0000,0.0000,0.0000,0.0000,0.0000,7424.0000,0.0000,0.0000,0.0000,0.0000,3,0,0,0,0,1,0,0,0,0
zc,TA305,2012-06-18 09:10:20.510,7418.0000,1400,0,0.0000,0.0000,0,0,空换,S,7416.0000,0.0000,0.0000,0.0000,0.0000,7422.0000,0.0000,0.0000,0.0000,0.0000,3,0,0,0,0,1,0,0,0,0
zc,TA305,2012-06-18 09:10:21.027,7418.0000,1400,0,0.0000,0.0000,0,0,空换,S,7416.0000,0.0000,0.0000,0.0000,0.0000,7424.0000,0.0000,0.0000,0.0000,0.0000,5,0,0,0,0,1,0,0,0,0
zc,TA305,2012-06-18 09:10:21.713,7418.0000,1400,0,0.0000,0.0000,0,0,空换,S,7416.0000,0.0000,0.0000,0.0000,0.0000,7424.0000,0.0000,0.0000,0.0000,0.0000,3,0,0,0,0,1,0,0,0,0
zc,TA305,2012-06-18 09:10:22.243,7418.0000,1400,0,0.0000,0.0000,0,0,空换,S,7416.0000,0.0000,0.0000,0.0000,0.0000,7424.0000,0.0000,0.0000,0.0000,0.0000,5,0,0,0,0,1,0,0,0,0
zc,TA305,2012-06-18 09:10:23.057,7418.0000,1400,0,0.0000,0.0000,0,0,空换,S,7416.0000,0.0000,0.0000,0.0000,0.0000,7420.0000,0.0000,0.0000,0.0000,0.0000,3,0,0,0,0,1,0,0,0,0
zc,TA305,2012-06-18 09:10:24.727,7418.0000,1400,0,0.0000,0.0000,0,0,空换,S,7416.0000,0.0000,0.0000,0.0000,0.0000,7418.0000,0.0000,0.0000,0.0000,0.0000,3,0,0,0,0,1,0,0,0,0
zc,TA305,2012-06-18 09:10:25.527,7418.0000,1400,0,0.0000,0.0000,0,0,空换,S,7416.0000,0.0000,0.0000,0.0000,0.0000,7420.0000,0.0000,0.0000,0.0000,0.0000,3,0,0,0,0,1,0,0,0,0
zc,TA305,2012-06-18 09:10:28.040,7418.0000,1400,0,0.0000,0.0000,0,0,空换,S,7416.0000,0.0000,0.0000,0.0000,0.0000,7422.0000,0.0000,0.0000,0.0000,0.0000,3,0,0,0,0,1,0,0,0,0
zc,TA305,2012-06-18 09:10:28.760,7418.0000,1400,0,0.0000,0.0000,0,0,空换,S,7416.0000,0.0000,0.0000,0.0000,0.0000,7420.0000,0.0000,0.0000,0.0000,0.0000,3,0,0,0,0,1,0,0,0,0
zc,TA305,2012-06-18 09:10:29.727,7418.0000,1400,0,0.0000,0.0000,0,0,空换,S,7416.0000,0.0000,0.0000,0.0000,0.0000,7422.0000,0.0000,0.0000,0.0000,0.0000,3,0,0,0,0,1,0,0,0,0
zc,TA305,2012-06-18 09:10:30.493,7418.0000,1400,0,0.0000,0.0000,0,0,空换,S,7416.0000,0.0000,0.0000,0.0000,0.0000,7420.0000,0.0000,0.0000,0.0000,0.0000,3,0,0,0,0,1,0,0,0,0
zc,TA305,2012-06-18 09:10:32.713,7416.0000,1402,2,0.0000,2.0000,2,0,双开,S,7416.0000,0.0000,0.0000,0.0000,0.0000,7420.0000,0.0000,0.0000,0.0000,0.0000,2,0,0,0,0,8,0,0,0,0
zc,TA305,2012-06-18 09:10:33.477,7416.0000,1402,0,0.0000,0.0000,0,0,空换,S,7416.0000,0.0000,0.0000,0.0000,0.0000,7420.0000,0.0000,0.0000,0.0000,0.0000,2,0,0,0,0,6,0,0,0,0
zc,TA305,2012-06-18 09:10:33.977,7416.0000,1402,0,0.0000,0.0000,0,0,空换,S,7416.0000,0.0000,0.0000,0.0000,0.0000,7420.0000,0.0000,0.0000,0.0000,0.0000,2,0,0,0,0,8,0,0,0,0
zc,TA305,2012-06-18 09:10:34.697,7416.0000,1402,0,0.0000,0.0000,0,0,空换,S,7416.0000,0.0000,0.0000,0.0000,0.0000,7420.0000,0.0000,0.0000,0.0000,0.0000,2,0,0,0,0,6,0,0,0,0
zc,TA305,2012-06-18 09:10:35.010,7416.0000,1402,0,0.0000,0.0000,0,0,空换,S,7418.0000,0.0000,0.0000,0.0000,0.0000,7420.0000,0.0000,0.0000,0.0000,0.0000,1,0,0,0,0,8,0,0,0,0
zc,TA305,2012-06-18 09:10:36.993,7418.0000,1404,2,0.0000,2.0000,2,0,双开,B,7416.0000,0.0000,0.0000,0.0000,0.0000,7420.0000,0.0000,0.0000,0.0000,0.0000,2,0,0,0,0,7,0,0,0,0
zc,TA305,2012-06-18 09:10:48.493,7418.0000,1404,0,0.0000,0.0000,0,0,多换,B,7416.0000,0.0000,0.0000,0.0000,0.0000,7422.0000,0.0000,0.0000,0.0000,0.0000,2,0,0,0,0,7,0,0,0,0
zc,TA305,2012-06-18 09:10:53.790,7418.0000,1404,0,0.0000,0.0000,0,0,多换,B,7416.0000,0.0000,0.0000,0.0000,0.0000,7424.0000,0.0000,0.0000,0.0000,0.0000,2,0,0,0,0,7,0,0,0,0
zc,TA305,2012-06-18 09:10:54.493,7418.0000,1404,0,0.0000,0.0000,0,0,多换,B,7416.0000,0.0000,0.0000,0.0000,0.0000,7422.0000,0.0000,0.0000,0.0000,0.0000,2,0,0,0,0,7,0,0,0,0
zc,TA305,2012-06-18 09:10:57.477,7418.0000,1404,0,0.0000,0.0000,0,0,多换,B,7416.0000,0.0000,0.0000,0.0000,0.0000,7422.0000,0.0000,0.0000,0.0000,0.0000,2,0,0,0,0,4,0,0,0,0
zc,TA305,2012-06-18 09:10:59.477,7418.0000,1404,0,0.0000,0.0000,0,0,多换,B,7416.0000,0.0000,0.0000,0.0000,0.0000,7422.0000,0.0000,0.0000,0.0000,0.0000,2,0,0,0,0,7,0,0,0,0
zc,TA305,2012-06-18 09:10:59.993,7418.0000,1404,0,0.0000,0.0000,0,0,多换,B,7416.0000,0.0000,0.0000,0.0000,0.0000,7418.0000,0.0000,0.0000,0.0000,0.0000,2,0,0,0,0,7,0,0,0,0
zc,TA305,2012-06-18 09:11:04.057,7416.0000,1408,4,0.0000,4.0000,4,0,双开,S,7408.0000,0.0000,0.0000,0.0000,0.0000,7418.0000,0.0000,0.0000,0.0000,0.0000,2,0,0,0,0,5,0,0,0,0
zc,TA305,2012-06-18 09:11:04.777,7416.0000,1408,0,0.0000,0.0000,0,0,空换,S,7406.0000,0.0000,0.0000,0.0000,0.0000,7416.0000,0.0000,0.0000,0.0000,0.0000,2,0,0,0,0,5,0,0,0,0
zc,TA305,2012-06-18 09:11:06.040,7416.0000,1408,0,0.0000,0.0000,0,0,空换,S,7406.0000,0.0000,0.0000,0.0000,0.0000,7416.0000,0.0000,0.0000,0.0000,0.0000,1,0,0,0,0,5,0,0,0,0
zc,TA305,2012-06-18 09:11:06.527,7416.0000,1408,0,0.0000,0.0000,0,0,空换,S,7404.0000,0.0000,0.0000,0.0000,0.0000,7416.0000,0.0000,0.0000,0.0000,0.0000,2,0,0,0,0,5,0,0,0,0
zc,TA305,2012-06-18 09:11:07.277,7416.0000,1408,0,0.0000,0.0000,0,0,空换,S,7404.0000,0.0000,0.0000,0.0000,0.0000,7414.0000,0.0000,0.0000,0.0000,0.0000,2,0,0,0,0,5,0,0,0,0
zc,TA305,2012-06-18 09:11:10.243,7416.0000,1408,0,0.0000,0.0000,0,0,空换,S,7402.0000,0.0000,0.0000,0.0000,0.0000,7414.0000,0.0000,0.0000,0.0000,0.0000,2,0,0,0,0,5,0,0,0,0
zc,TA305,2012-06-18 09:11:10.963,7416.0000,1408,0,0.0000,0.0000,0,0,空换,S,7402.0000,0.0000,0.0000,0.0000,0.0000,7412.0000,0.0000,0.0000,0.0000,0.0000,2,0,0,0,0,5,0,0,0,0
zc,TA305,2012-06-18 09:11:14.227,7416.0000,1408,0,0.0000,0.0000,0,0,空换,S,7400.0000,0.0000,0.0000,0.0000,0.0000,7410.0000,0.0000,0.0000,0.0000,0.0000,2,0,0,0,0,5,0,0,0,0
zc,TA305,2012-06-18 09:11:14.947,7416.0000,1408,0,0.0000,0.0000,0,0,空换,S,7400.0000,0.0000,0.0000,0.0000,0.0000,7410.0000,0.0000,0.0000,0.0000,0.0000,2,0,0,0,0,1,0,0,0,0
zc,TA305,2012-06-18 09:11:16.260,7416.0000,1408,0,0.0000,0.0000,0,0,空换,S,7398.0000,0.0000,0.0000,0.0000,0.0000,7408.0000,0.0000,0.0000,0.0000,0.0000,4,0,0,0,0,1,0,0,0,0
zc,TA305,2012-06-18 09:11:17.010,7416.0000,1408,0,0.0000,0.0000,0,0,空换,S,7402.0000,0.0000,0.0000,0.0000,0.0000,7412.0000,0.0000,0.0000,0.0000,0.0000,2,0,0,0,0,5,0,0,0,0
zc,TA305,2012-06-18 09:11:17.510,7416.0000,1408,0,0.0000,0.0000,0,0,空换,S,7400.0000,0.0000,0.0000,0.0000,0.0000,7408.0000,0.0000,0.0000,0.0000,0.0000,1,0,0,0,0,5,0,0,0,0
zc,TA305,2012-06-18 09:11:17.977,7416.0000,1408,0,0.0000,0.0000,0,0,空换,S,7398.0000,0.0000,0.0000,0.0000,0.0000,7412.0000,0.0000,0.0000,0.0000,0.0000,4,0,0,0,0,5,0,0,0,0
zc,TA305,2012-06-18 09:11:18.790,7416.0000,1408,0,0.0000,0.0000,0,0,空换,S,7398.0000,0.0000,0.0000,0.0000,0.0000,7410.0000,0.0000,0.0000,0.0000,0.0000,4,0,0,0,0,2,0,0,0,0
zc,TA305,2012-06-18 09:11:19.243,7416.0000,1408,0,0.0000,0.0000,0,0,空换,S,7400.0000,0.0000,0.0000,0.0000,0.0000,7410.0000,0.0000,0.0000,0.0000,0.0000,2,0,0,0,0,5,0,0,0,0
zc,TA305,2012-06-18 09:11:19.777,7416.0000,1408,0,0.0000,0.0000,0,0,空换,S,7398.0000,0.0000,0.0000,0.0000,0.0000,7410.0000,0.0000,0.0000,0.0000,0.0000,3,0,0,0,0,5,0,0,0,0
zc,TA305,2012-06-18 09:11:20.947,7416.0000,1408,0,0.0000,0.0000,0,0,空换,S,7398.0000,0.0000,0.0000,0.0000,0.0000,7410.0000,0.0000,0.0000,0.0000,0.0000,2,0,0,0,0,5,0,0,0,0
zc,TA305,2012-06-18 09:11:21.807,7416.0000,1408,0,0.0000,0.0000,0,0,空换,S,7398.0000,0.0000,0.0000,0.0000,0.0000,7410.0000,0.0000,0.0000,0.0000,0.0000,4,0,0,0,0,5,0,0,0,0
zc,TA305,2012-06-18 09:11:22.243,7416.0000,1408,0,0.0000,0.0000,0,0,空换,S,7398.0000,0.0000,0.0000,0.0000,0.0000,7406.0000,0.0000,0.0000,0.0000,0.0000,2,0,0,0,0,5,0,0,0,0
zc,TA305,2012-06-18 09:11:22.993,7416.0000,1408,0,0.0000,0.0000,0,0,空换,S,7398.0000,0.0000,0.0000,0.0000,0.0000,7404.0000,0.0000,0.0000,0.0000,0.0000,2,0,0,0,0,5,0,0,0,0
zc,TA305,2012-06-18 09:11:23.510,7416.0000,1408,0,0.0000,0.0000,0,0,空换,S,7398.0000,0.0000,0.0000,0.0000,0.0000,7406.0000,0.0000,0.0000,0.0000,0.0000,2,0,0,0,0,5,0,0,0,0
zc,TA305,2012-06-18 09:11:26.947,7416.0000,1408,0,0.0000,0.0000,0,0,空换,S,7398.0000,0.0000,0.0000,0.0000,0.0000,7406.0000,0.0000,0.0000,0.0000,0.0000,2,0,0,0,0,1,0,0,0,0
zc,TA305,2012-06-18 09:11:27.477,7416.0000,1408,0,0.0000,0.0000,0,0,空换,S,7398.0000,0.0000,0.0000,0.0000,0.0000,7410.0000,0.0000,0.0000,0.0000,0.0000,4,0,0,0,0,5,0,0,0,0
zc,TA305,2012-06-18 09:11:28.697,7416.0000,1408,0,0.0000,0.0000,0,0,空换,S,7398.0000,0.0000,0.0000,0.0000,0.0000,7406.0000,0.0000,0.0000,0.0000,0.0000,2,0,0,0,0,5,0,0,0,0
zc,TA305,2012-06-18 09:11:29.243,7416.0000,1408,0,0.0000,0.0000,0,0,空换,S,7400.0000,0.0000,0.0000,0.0000,0.0000,7410.0000,0.0000,0.0000,0.0000,0.0000,2,0,0,0,0,5,0,0,0,0
zc,TA305,2012-06-18 09:11:29.977,7416.0000,1408,0,0.0000,0.0000,0,0,空换,S,7398.0000,0.0000,0.0000,0.0000,0.0000,7410.0000,0.0000,0.0000,0.0000,0.0000,5,0,0,0,0,5,0,0,0,0
zc,TA305,2012-06-18 09:11:30.493,7416.0000,1408,0,0.0000,0.0000,0,0,空换,S,7398.0000,0.0000,0.0000,0.0000,0.0000,7406.0000,0.0000,0.0000,0.0000,0.0000,3,0,0,0,0,5,0,0,0,0
zc,TA305,2012-06-18 09:11:31.183,7416.0000,1408,0,0.0000,0.0000,0,0,空换,S,7398.0000,0.0000,0.0000,0.0000,0.0000,7406.0000,0.0000,0.0000,0.0000,0.0000,2,0,0,0,0,5,0,0,0,0
zc,TA305,2012-06-18 09:11:52.213,7416.0000,1408,0,0.0000,0.0000,0,0,空换,S,7398.0000,0.0000,0.0000,0.0000,0.0000,7410.0000,0.0000,0.0000,0.0000,0.0000,2,0,0,0,0,5,0,0,0,0
zc,TA305,2012-06-18 09:11:52.947,7416.0000,1408,0,0.0000,0.0000,0,0,空换,S,7398.0000,0.0000,0.0000,0.0000,0.0000,7410.0000,0.0000,0.0000,0.0000,0.0000,4,0,0,0,0,5,0,0,0,0
zc,TA305,2012-06-18 09:11:57.477,7416.0000,1408,0,0.0000,0.0000,0,0,空换,S,7400.0000,0.0000,0.0000,0.0000,0.0000,7410.0000,0.0000,0.0000,0.0000,0.0000,2,0,0,0,0,5,0,0,0,0
zc,TA305,2012-06-18 09:11:59.243,7416.0000,1408,0,0.0000,0.0000,0,0,空换,S,7402.0000,0.0000,0.0000,0.0000,0.0000,7412.0000,0.0000,0.0000,0.0000,0.0000,2,0,0,0,0,5,0,0,0,0
zc,TA305,2012-06-18 09:12:00.447,7416.0000,1408,0,0.0000,0.0000,0,0,空换,S,7400.0000,0.0000,0.0000,0.0000,0.0000,7412.0000,0.0000,0.0000,0.0000,0.0000,2,0,0,0,0,5,0,0,0,0
zc,TA305,2012-06-18 09:12:00.963,7416.0000,1408,0,0.0000,0.0000,0,0,空换,S,7402.0000,0.0000,0.0000,0.0000,0.0000,7412.0000,0.0000,0.0000,0.0000,0.0000,2,0,0,0,0,5,0,0,0,0
zc,TA305,2012-06-18 09:12:02.260,7416.0000,1408,0,0.0000,0.0000,0,0,空换,S,7400.0000,0.0000,0.0000,0.0000,0.0000,7412.0000,0.0000,0.0000,0.0000,0.0000,2,0,0,0,0,5,0,0,0,0
zc,TA305,2012-06-18 09:12:02.760,7416.0000,1408,0,0.0000,0.0000,0,0,空换,S,7402.0000,0.0000,0.0000,0.0000,0.0000,7412.0000,0.0000,0.0000,0.0000,0.0000,2,0,0,0,0,5,0,0,0,0
zc,TA305,2012-06-18 09:12:03.510,7416.0000,1408,0,0.0000,0.0000,0,0,空换,S,7400.0000,0.0000,0.0000,0.0000,0.0000,7410.0000,0.0000,0.0000,0.0000,0.0000,3,0,0,0,0,5,0,0,0,0
zc,TA305,2012-06-18 09:12:05.493,7416.0000,1408,0,0.0000,0.0000,0,0,空换,S,7400.0000,0.0000,0.0000,0.0000,0.0000,7410.0000,0.0000,0.0000,0.0000,0.0000,1,0,0,0,0,5,0,0,0,0
zc,TA305,2012-06-18 09:12:05.977,7416.0000,1408,0,0.0000,0.0000,0,0,空换,S,7398.0000,0.0000,0.0000,0.0000,0.0000,7408.0000,0.0000,0.0000,0.0000,0.0000,4,0,0,0,0,5,0,0,0,0
zc,TA305,2012-06-18 09:12:12.197,7416.0000,1408,0,0.0000,0.0000,0,0,空换,S,7398.0000,0.0000,0.0000,0.0000,0.0000,7408.0000,0.0000,0.0000,0.0000,0.0000,4,0,0,0,0,3,0,0,0,0
zc,TA305,2012-06-18 09:12:12.683,7416.0000,1408,0,0.0000,0.0000,0,0,空换,S,7398.0000,0.0000,0.0000,0.0000,0.0000,7408.0000,0.0000,0.0000,0.0000,0.0000,4,0,0,0,0,2,0,0,0,0
zc,TA305,2012-06-18 09:12:13.197,7416.0000,1408,0,0.0000,0.0000,0,0,空换,S,7400.0000,0.0000,0.0000,0.0000,0.0000,7410.0000,0.0000,0.0000,0.0000,0.0000,1,0,0,0,0,5,0,0,0,0
zc,TA305,2012-06-18 09:12:13.963,7416.0000,1408,0,0.0000,0.0000,0,0,空换,S,7400.0000,0.0000,0.0000,0.0000,0.0000,7410.0000,0.0000,0.0000,0.0000,0.0000,2,0,0,0,0,5,0,0,0,0
zc,TA305,2012-06-18 09:12:16.947,7416.0000,1408,0,0.0000,0.0000,0,0,空换,S,7402.0000,0.0000,0.0000,0.0000,0.0000,7412.0000,0.0000,0.0000,0.0000,0.0000,2,0,0,0,0,5,0,0,0,0
zc,TA305,2012-06-18 09:12:19.167,7416.0000,1408,0,0.0000,0.0000,0,0,空换,S,7402.0000,0.0000,0.0000,0.0000,0.0000,7412.0000,0.0000,0.0000,0.0000,0.0000,2,0,0,0,0,4,0,0,0,0
zc,TA305,2012-06-18 09:12:19.993,7416.0000,1408,0,0.0000,0.0000,0,0,空换,S,7402.0000,0.0000,0.0000,0.0000,0.0000,7414.0000,0.0000,0.0000,0.0000,0.0000,2,0,0,0,0,5,0,0,0,0
zc,TA305,2012-06-18 09:12:21.510,7416.0000,1408,0,0.0000,0.0000,0,0,空换,S,7404.0000,0.0000,0.0000,0.0000,0.0000,7414.0000,0.0000,0.0000,0.0000,0.0000,2,0,0,0,0,5,0,0,0,0
zc,TA305,2012-06-18 09:12:27.227,7416.0000,1408,0,0.0000,0.0000,0,0,空换,S,7402.0000,0.0000,0.0000,0.0000,0.0000,7414.0000,0.0000,0.0000,0.0000,0.0000,3,0,0,0,0,5,0,0,0,0
zc,TA305,2012-06-18 09:12:27.713,7416.0000,1408,0,0.0000,0.0000,0,0,空换,S,7402.0000,0.0000,0.0000,0.0000,0.0000,7416.0000,0.0000,0.0000,0.0000,0.0000,3,0,0,0,0,5,0,0,0,0
zc,TA305,2012-06-18 09:12:28.993,7416.0000,1408,0,0.0000,0.0000,0,0,空换,S,7402.0000,0.0000,0.0000,0.0000,0.0000,7412.0000,0.0000,0.0000,0.0000,0.0000,3,0,0,0,0,5,0,0,0,0
zc,TA305,2012-06-18 09:12:29.477,7416.0000,1408,0,0.0000,0.0000,0,0,空换,S,7406.0000,0.0000,0.0000,0.0000,0.0000,7416.0000,0.0000,0.0000,0.0000,0.0000,2,0,0,0,0,5,0,0,0,0
zc,TA305,2012-06-18 09:12:30.260,7416.0000,1408,0,0.0000,0.0000,0,0,空换,S,7404.0000,0.0000,0.0000,0.0000,0.0000,7414.0000,0.0000,0.0000,0.0000,0.0000,1,0,0,0,0,5,0,0,0,0
zc,TA305,2012-06-18 09:12:30.777,7416.0000,1408,0,0.0000,0.0000,0,0,空换,S,7404.0000,0.0000,0.0000,0.0000,0.0000,7414.0000,0.0000,0.0000,0.0000,0.0000,3,0,0,0,0,5,0,0,0,0
zc,TA305,2012-06-18 09:12:32.727,7416.0000,1408,0,0.0000,0.0000,0,0,空换,S,7404.0000,0.0000,0.0000,0.0000,0.0000,7414.0000,0.0000,0.0000,0.0000,0.0000,2,0,0,0,0,5,0,0,0,0
zc,TA305,2012-06-18 09:12:34.213,7416.0000,1408,0,0.0000,0.0000,0,0,空换,S,7404.0000,0.0000,0.0000,0.0000,0.0000,7414.0000,0.0000,0.0000,0.0000,0.0000,2,0,0,0,0,1,0,0,0,0
zc,TA305,2012-06-18 09:12:35.777,7416.0000,1408,0,0.0000,0.0000,0,0,空换,S,7402.0000,0.0000,0.0000,0.0000,0.0000,7416.0000,0.0000,0.0000,0.0000,0.0000,2,0,0,0,0,5,0,0,0,0
zc,TA305,2012-06-18 09:12:36.027,7416.0000,1408,0,0.0000,0.0000,0,0,空换,S,7402.0000,0.0000,0.0000,0.0000,0.0000,7412.0000,0.0000,0.0000,0.0000,0.0000,2,0,0,0,0,5,0,0,0,0
zc,TA305,2012-06-18 09:12:36.743,7416.0000,1408,0,0.0000,0.0000,0,0,空换,S,7406.0000,0.0000,0.0000,0.0000,0.0000,7416.0000,0.0000,0.0000,0.0000,0.0000,2,0,0,0,0,5,0,0,0,0
zc,TA305,2012-06-18 09:12:38.227,7416.0000,1408,0,0.0000,0.0000,0,0,空换,S,7408.0000,0.0000,0.0000,0.0000,0.0000,7418.0000,0.0000,0.0000,0.0000,0.0000,2,0,0,0,0,5,0,0,0,0
zc,TA305,2012-06-18 09:12:42.447,7418.0000,1410,2,0.0000,2.0000,2,0,双开,B,7408.0000,0.0000,0.0000,0.0000,0.0000,7418.0000,0.0000,0.0000,0.0000,0.0000,2,0,0,0,0,4,0,0,0,0
zc,TA305,2012-06-18 09:12:43.010,7418.0000,1410,0,0.0000,0.0000,0,0,多换,B,7406.0000,0.0000,0.0000,0.0000,0.0000,7416.0000,0.0000,0.0000,0.0000,0.0000,2,0,0,0,0,4,0,0,0,0
zc,TA305,2012-06-18 09:12:46.477,7418.0000,1410,0,0.0000,0.0000,0,0,多换,B,7408.0000,0.0000,0.0000,0.0000,0.0000,7418.0000,0.0000,0.0000,0.0000,0.0000,2,0,0,0,0,4,0,0,0,0
zc,TA305,2012-06-18 09:12:48.463,7408.0000,1408,-2,0.0000,2.0000,0,2,双平,S,7408.0000,0.0000,0.0000,0.0000,0.0000,7418.0000,0.0000,0.0000,0.0000,0.0000,1,0,0,0,0,4,0,0,0,0
zc,TA305,2012-06-18 09:12:49.697,7408.0000,1408,0,0.0000,0.0000,0,0,空换,S,7406.0000,0.0000,0.0000,0.0000,0.0000,7416.0000,0.0000,0.0000,0.0000,0.0000,2,0,0,0,0,4,0,0,0,0
zc,TA305,2012-06-18 09:12:50.917,7408.0000,1408,0,0.0000,0.0000,0,0,空换,S,7406.0000,0.0000,0.0000,0.0000,0.0000,7416.0000,0.0000,0.0000,0.0000,0.0000,1,0,0,0,0,4,0,0,0,0
zc,TA305,2012-06-18 09:13:01.993,7408.0000,1408,0,0.0000,0.0000,0,0,空换,S,7406.0000,0.0000,0.0000,0.0000,0.0000,7418.0000,0.0000,0.0000,0.0000,0.0000,1,0,0,0,0,4,0,0,0,0
zc,TA305,2012-06-18 09:13:02.447,7408.0000,1408,0,0.0000,0.0000,0,0,空换,S,7410.0000,0.0000,0.0000,0.0000,0.0000,7418.0000,0.0000,0.0000,0.0000,0.0000,1,0,0,0,0,4,0,0,0,0
zc,TA305,2012-06-18 09:13:04.510,7408.0000,1408,0,0.0000,0.0000,0,0,空换,S,7410.0000,0.0000,0.0000,0.0000,0.0000,7416.0000,0.0000,0.0000,0.0000,0.0000,1,0,0,0,0,1,0,0,0,0
zc,TA305,2012-06-18 09:13:05.227,7408.0000,1408,0,0.0000,0.0000,0,0,空换,S,7410.0000,0.0000,0.0000,0.0000,0.0000,7416.0000,0.0000,0.0000,0.0000,0.0000,1,0,0,0,0,4,0,0,0,0
zc,TA305,2012-06-18 09:13:07.447,7408.0000,1408,0,0.0000,0.0000,0,0,空换,S,7410.0000,0.0000,0.0000,0.0000,0.0000,7416.0000,0.0000,0.0000,0.0000,0.0000,1,0,0,0,0,3,0,0,0,0
zc,TA305,2012-06-18 09:13:07.933,7408.0000,1408,0,0.0000,0.0000,0,0,空换,S,7410.0000,0.0000,0.0000,0.0000,0.0000,7418.0000,0.0000,0.0000,0.0000,0.0000,1,0,0,0,0,4,0,0,0,0
zc,TA305,2012-06-18 09:13:22.993,7408.0000,1408,0,0.0000,0.0000,0,0,空换,S,7410.0000,0.0000,0.0000,0.0000,0.0000,7420.0000,0.0000,0.0000,0.0000,0.0000,2,0,0,0,0,5,0,0,0,0
zc,TA305,2012-06-18 09:13:25.510,7408.0000,1408,0,0.0000,0.0000,0,0,空换,S,7410.0000,0.0000,0.0000,0.0000,0.0000,7420.0000,0.0000,0.0000,0.0000,0.0000,1,0,0,0,0,5,0,0,0,0
zc,TA305,2012-06-18 09:13:26.727,7408.0000,1408,0,0.0000,0.0000,0,0,空换,S,7410.0000,0.0000,0.0000,0.0000,0.0000,7418.0000,0.0000,0.0000,0.0000,0.0000,1,0,0,0,0,4,0,0,0,0
zc,TA305,2012-06-18 09:13:27.227,7408.0000,1408,0,0.0000,0.0000,0,0,空换,S,7410.0000,0.0000,0.0000,0.0000,0.0000,7420.0000,0.0000,0.0000,0.0000,0.0000,2,0,0,0,0,5,0,0,0,0
zc,TA305,2012-06-18 09:13:29.493,7408.0000,1408,0,0.0000,0.0000,0,0,空换,S,7410.0000,0.0000,0.0000,0.0000,0.0000,7418.0000,0.0000,0.0000,0.0000,0.0000,1,0,0,0,0,4,0,0,0,0
zc,TA305,2012-06-18 09:13:30.243,7408.0000,1408,0,0.0000,0.0000,0,0,空换,S,7410.0000,0.0000,0.0000,0.0000,0.0000,7420.0000,0.0000,0.0000,0.0000,0.0000,2,0,0,0,0,5,0,0,0,0
zc,TA305,2012-06-18 09:13:34.213,7408.0000,1408,0,0.0000,0.0000,0,0,空换,S,7412.0000,0.0000,0.0000,0.0000,0.0000,7420.0000,0.0000,0.0000,0.0000,0.0000,1,0,0,0,0,1,0,0,0,0
zc,TA305,2012-06-18 09:13:35.993,7408.0000,1408,0,0.0000,0.0000,0,0,空换,S,7414.0000,0.0000,0.0000,0.0000,0.0000,7420.0000,0.0000,0.0000,0.0000,0.0000,1,0,0,0,0,1,0,0,0,0
zc,TA305,2012-06-18 09:13:40.010,7408.0000,1408,0,0.0000,0.0000,0,0,空换,S,7412.0000,0.0000,0.0000,0.0000,0.0000,7420.0000,0.0000,0.0000,0.0000,0.0000,1,0,0,0,0,1,0,0,0,0
zc,TA305,2012-06-18 09:13:42.477,7408.0000,1408,0,0.0000,0.0000,0,0,空换,S,7416.0000,0.0000,0.0000,0.0000,0.0000,7420.0000,0.0000,0.0000,0.0000,0.0000,1,0,0,0,0,1,0,0,0,0
zc,TA305,2012-06-18 09:13:48.213,7408.0000,1408,0,0.0000,0.0000,0,0,空换,S,7414.0000,0.0000,0.0000,0.0000,0.0000,7420.0000,0.0000,0.0000,0.0000,0.0000,2,0,0,0,0,1,0,0,0,0
zc,TA305,2012-06-18 09:13:49.197,7408.0000,1408,0,0.0000,0.0000,0,0,空换,S,7414.0000,0.0000,0.0000,0.0000,0.0000,7420.0000,0.0000,0.0000,0.0000,0.0000,1,0,0,0,0,1,0,0,0,0
zc,TA305,2012-06-18 09:13:56.197,7408.0000,1408,0,0.0000,0.0000,0,0,空换,S,7416.0000,0.0000,0.0000,0.0000,0.0000,7420.0000,0.0000,0.0000,0.0000,0.0000,1,0,0,0,0,1,0,0,0,0
zc,TA305,2012-06-18 09:14:02.243,7408.0000,1408,0,0.0000,0.0000,0,0,空换,S,7414.0000,0.0000,0.0000,0.0000,0.0000,7420.0000,0.0000,0.0000,0.0000,0.0000,2,0,0,0,0,1,0,0,0,0
zc,TA305,2012-06-18 09:14:03.183,7408.0000,1408,0,0.0000,0.0000,0,0,空换,S,7414.0000,0.0000,0.0000,0.0000,0.0000,7420.0000,0.0000,0.0000,0.0000,0.0000,1,0,0,0,0,1,0,0,0,0
zc,TA305,2012-06-18 09:14:03.697,7408.0000,1408,0,0.0000,0.0000,0,0,空换,S,7414.0000,0.0000,0.0000,0.0000,0.0000,7420.0000,0.0000,0.0000,0.0000,0.0000,2,0,0,0,0,1,0,0,0,0
zc,TA305,2012-06-18 09:14:05.963,7408.0000,1408,0,0.0000,0.0000,0,0,空换,S,7414.0000,0.0000,0.0000,0.0000,0.0000,7420.0000,0.0000,0.0000,0.0000,0.0000,1,0,0,0,0,1,0,0,0,0
zc,TA305,2012-06-18 09:14:15.227,7408.0000,1408,0,0.0000,0.0000,0,0,空换,S,7412.0000,0.0000,0.0000,0.0000,0.0000,7420.0000,0.0000,0.0000,0.0000,0.0000,2,0,0,0,0,1,0,0,0,0
zc,TA305,2012-06-18 09:14:18.713,7408.0000,1408,0,0.0000,0.0000,0,0,空换,S,7412.0000,0.0000,0.0000,0.0000,0.0000,7420.0000,0.0000,0.0000,0.0000,0.0000,2,0,0,0,0,2,0,0,0,0
zc,TA305,2012-06-18 09:14:24.463,7408.0000,1408,0,0.0000,0.0000,0,0,空换,S,7412.0000,0.0000,0.0000,0.0000,0.0000,7420.0000,0.0000,0.0000,0.0000,0.0000,1,0,0,0,0,2,0,0,0,0
zc,TA305,2012-06-18 09:14:24.977,7408.0000,1408,0,0.0000,0.0000,0,0,空换,S,7412.0000,0.0000,0.0000,0.0000,0.0000,7420.0000,0.0000,0.0000,0.0000,0.0000,1,0,0,0,0,3,0,0,0,0
zc,TA305,2012-06-18 09:14:25.727,7408.0000,1408,0,0.0000,0.0000,0,0,空换,S,7412.0000,0.0000,0.0000,0.0000,0.0000,7420.0000,0.0000,0.0000,0.0000,0.0000,1,0,0,0,0,6,0,0,0,0
zc,TA305,2012-06-18 09:14:25.977,7408.0000,1408,0,0.0000,0.0000,0,0,空换,S,7412.0000,0.0000,0.0000,0.0000,0.0000,7420.0000,0.0000,0.0000,0.0000,0.0000,2,0,0,0,0,2,0,0,0,0
zc,TA305,2012-06-18 09:14:29.963,7408.0000,1408,0,0.0000,0.0000,0,0,空换,S,7412.0000,0.0000,0.0000,0.0000,0.0000,7420.0000,0.0000,0.0000,0.0000,0.0000,1,0,0,0,0,6,0,0,0,0
zc,TA305,2012-06-18 09:14:30.667,7408.0000,1408,0,0.0000,0.0000,0,0,空换,S,7412.0000,0.0000,0.0000,0.0000,0.0000,7420.0000,0.0000,0.0000,0.0000,0.0000,1,0,0,0,0,5,0,0,0,0
zc,TA305,2012-06-18 09:14:31.197,7408.0000,1408,0,0.0000,0.0000,0,0,空换,S,7412.0000,0.0000,0.0000,0.0000,0.0000,7420.0000,0.0000,0.0000,0.0000,0.0000,1,0,0,0,0,6,0,0,0,0
zc,TA305,2012-06-18 09:14:36.477,7408.0000,1408,0,0.0000,0.0000,0,0,空换,S,7412.0000,0.0000,0.0000,0.0000,0.0000,7418.0000,0.0000,0.0000,0.0000,0.0000,1,0,0,0,0,3,0,0,0,0
zc,TA305,2012-06-18 09:14:37.477,7408.0000,1408,0,0.0000,0.0000,0,0,空换,S,7412.0000,0.0000,0.0000,0.0000,0.0000,7420.0000,0.0000,0.0000,0.0000,0.0000,1,0,0,0,0,6,0,0,0,0
zc,TA305,2012-06-18 09:14:41.213,7408.0000,1408,0,0.0000,0.0000,0,0,空换,S,7412.0000,0.0000,0.0000,0.0000,0.0000,7418.0000,0.0000,0.0000,0.0000,0.0000,1,0,0,0,0,4,0,0,0,0
zc,TA305,2012-06-18 09:15:00.433,7408.0000,1408,0,0.0000,0.0000,0,0,空换,S,7412.0000,0.0000,0.0000,0.0000,0.0000,7418.0000,0.0000,0.0000,0.0000,0.0000,2,0,0,0,0,4,0,0,0,0
zc,TA305,2012-06-18 09:15:06.243,7408.0000,1408,0,0.0000,0.0000,0,0,空换,S,7412.0000,0.0000,0.0000,0.0000,0.0000,7420.0000,0.0000,0.0000,0.0000,0.0000,2,0,0,0,0,6,0,0,0,0
zc,TA305,2012-06-18 09:15:08.477,7408.0000,1408,0,0.0000,0.0000,0,0,空换,S,7412.0000,0.0000,0.0000,0.0000,0.0000,7418.0000,0.0000,0.0000,0.0000,0.0000,2,0,0,0,0,4,0,0,0,0
zc,TA305,2012-06-18 09:15:10.977,7408.0000,1408,0,0.0000,0.0000,0,0,空换,S,7412.0000,0.0000,0.0000,0.0000,0.0000,7418.0000,0.0000,0.0000,0.0000,0.0000,2,0,0,0,0,1,0,0,0,0
zc,TA305,2012-06-18 09:15:11.477,7408.0000,1408,0,0.0000,0.0000,0,0,空换,S,7412.0000,0.0000,0.0000,0.0000,0.0000,7420.0000,0.0000,0.0000,0.0000,0.0000,2,0,0,0,0,6,0,0,0,0
zc,TA305,2012-06-18 09:15:15.977,7412.0000,1408,0,0.0000,2.0000,1,1,多换,B,7412.0000,0.0000,0.0000,0.0000,0.0000,7420.0000,0.0000,0.0000,0.0000,0.0000,1,0,0,0,0,6,0,0,0,0
zc,TA305,2012-06-18 09:15:25.697,7412.0000,1408,0,0.0000,0.0000,0,0,多换,B,7412.0000,0.0000,0.0000,0.0000,0.0000,7420.0000,0.0000,0.0000,0.0000,0.0000,1,0,0,0,0,2,0,0,0,0
zc,TA305,2012-06-18 09:15:26.213,7412.0000,1408,0,0.0000,0.0000,0,0,多换,B,7412.0000,0.0000,0.0000,0.0000,0.0000,7420.0000,0.0000,0.0000,0.0000,0.0000,1,0,0,0,0,1,0,0,0,0
zc,TA305,2012-06-18 09:15:27.713,7412.0000,1408,0,0.0000,0.0000,0,0,多换,B,7412.0000,0.0000,0.0000,0.0000,0.0000,7420.0000,0.0000,0.0000,0.0000,0.0000,2,0,0,0,0,1,0,0,0,0
zc,TA305,2012-06-18 09:15:27.977,7412.0000,1408,0,0.0000,0.0000,0,0,多换,B,7412.0000,0.0000,0.0000,0.0000,0.0000,7420.0000,0.0000,0.0000,0.0000,0.0000,1,0,0,0,0,1,0,0,0,0
zc,TA305,2012-06-18 09:15:30.197,7412.0000,1408,0,0.0000,0.0000,0,0,多换,B,7412.0000,0.0000,0.0000,0.0000,0.0000,7420.0000,0.0000,0.0000,0.0000,0.0000,2,0,0,0,0,1,0,0,0,0
zc,TA305,2012-06-18 09:15:32.727,7412.0000,1408,0,0.0000,0.0000,0,0,多换,B,7412.0000,0.0000,0.0000,0.0000,0.0000,7420.0000,0.0000,0.0000,0.0000,0.0000,1,0,0,0,0,1,0,0,0,0
zc,TA305,2012-06-18 09:15:38.197,7412.0000,1408,0,0.0000,0.0000,0,0,多换,B,7412.0000,0.0000,0.0000,0.0000,0.0000,7420.0000,0.0000,0.0000,0.0000,0.0000,1,0,0,0,0,5,0,0,0,0
zc,TA305,2012-06-18 09:15:40.963,7412.0000,1408,0,0.0000,0.0000,0,0,多换,B,7412.0000,0.0000,0.0000,0.0000,0.0000,7420.0000,0.0000,0.0000,0.0000,0.0000,2,0,0,0,0,1,0,0,0,0
zc,TA305,2012-06-18 09:15:43.463,7412.0000,1408,0,0.0000,0.0000,0,0,多换,B,7412.0000,0.0000,0.0000,0.0000,0.0000,7420.0000,0.0000,0.0000,0.0000,0.0000,1,0,0,0,0,1,0,0,0,0
zc,TA305,2012-06-18 09:15:45.727,7412.0000,1408,0,0.0000,0.0000,0,0,多换,B,7412.0000,0.0000,0.0000,0.0000,0.0000,7420.0000,0.0000,0.0000,0.0000,0.0000,1,0,0,0,0,3,0,0,0,0
zc,TA305,2012-06-18 09:15:49.243,7412.0000,1408,0,0.0000,0.0000,0,0,多换,B,7412.0000,0.0000,0.0000,0.0000,0.0000,7420.0000,0.0000,0.0000,0.0000,0.0000,1,0,0,0,0,5,0,0,0,0
zc,TA305,2012-06-18 09:15:50.227,7412.0000,1408,0,0.0000,0.0000,0,0,多换,B,7412.0000,0.0000,0.0000,0.0000,0.0000,7420.0000,0.0000,0.0000,0.0000,0.0000,1,0,0,0,0,6,0,0,0,0
zc,TA305,2012-06-18 09:15:54.057,7412.0000,1408,0,0.0000,0.0000,0,0,多换,B,7412.0000,0.0000,0.0000,0.0000,0.0000,7418.0000,0.0000,0.0000,0.0000,0.0000,1,0,0,0,0,2,0,0,0,0
zc,TA305,2012-06-18 09:15:55.510,7412.0000,1408,0,0.0000,0.0000,0,0,多换,B,7412.0000,0.0000,0.0000,0.0000,0.0000,7420.0000,0.0000,0.0000,0.0000,0.0000,1,0,0,0,0,6,0,0,0,0
zc,TA305,2012-06-18 09:15:56.183,7412.0000,1408,0,0.0000,0.0000,0,0,多换,B,7412.0000,0.0000,0.0000,0.0000,0.0000,7418.0000,0.0000,0.0000,0.0000,0.0000,1,0,0,0,0,1,0,0,0,0
zc,TA305,2012-06-18 09:15:56.540,7412.0000,1408,0,0.0000,0.0000,0,0,多换,B,7412.0000,0.0000,0.0000,0.0000,0.0000,7420.0000,0.0000,0.0000,0.0000,0.0000,1,0,0,0,0,6,0,0,0,0
zc,TA305,2012-06-18 09:15:59.743,7412.0000,1408,0,0.0000,0.0000,0,0,多换,B,7412.0000,0.0000,0.0000,0.0000,0.0000,7418.0000,0.0000,0.0000,0.0000,0.0000,1,0,0,0,0,4,0,0,0,0
zc,TA305,2012-06-18 09:16:18.963,7412.0000,1408,0,0.0000,0.0000,0,0,多换,B,7412.0000,0.0000,0.0000,0.0000,0.0000,7418.0000,0.0000,0.0000,0.0000,0.0000,1,0,0,0,0,2,0,0,0,0
zc,TA305,2012-06-18 09:16:19.697,7412.0000,1408,0,0.0000,0.0000,0,0,多换,B,7412.0000,0.0000,0.0000,0.0000,0.0000,7418.0000,0.0000,0.0000,0.0000,0.0000,1,0,0,0,0,3,0,0,0,0
zc,TA305,2012-06-18 09:16:20.197,7412.0000,1408,0,0.0000,0.0000,0,0,多换,B,7412.0000,0.0000,0.0000,0.0000,0.0000,7418.0000,0.0000,0.0000,0.0000,0.0000,1,0,0,0,0,4,0,0,0,0
zc,TA305,2012-06-18 09:16:23.977,7412.0000,1408,0,0.0000,0.0000,0,0,多换,B,7412.0000,0.0000,0.0000,0.0000,0.0000,7416.0000,0.0000,0.0000,0.0000,0.0000,1,0,0,0,0,1,0,0,0,0
zc,TA305,2012-06-18 09:16:24.683,7412.0000,1408,0,0.0000,0.0000,0,0,多换,B,7412.0000,0.0000,0.0000,0.0000,0.0000,7416.0000,0.0000,0.0000,0.0000,0.0000,1,0,0,0,0,4,0,0,0,0
zc,TA305,2012-06-18 09:16:25.197,7412.0000,1408,0,0.0000,0.0000,0,0,多换,B,7412.0000,0.0000,0.0000,0.0000,0.0000,7416.0000,0.0000,0.0000,0.0000,0.0000,1,0,0,0,0,1,0,0,0,0
zc,TA305,2012-06-18 09:16:25.713,7412.0000,1408,0,0.0000,0.0000,0,0,多换,B,7412.0000,0.0000,0.0000,0.0000,0.0000,7416.0000,0.0000,0.0000,0.0000,0.0000,1,0,0,0,0,3,0,0,0,0
zc,TA305,2012-06-18 09:16:26.713,7412.0000,1408,0,0.0000,0.0000,0,0,多换,B,7412.0000,0.0000,0.0000,0.0000,0.0000,7418.0000,0.0000,0.0000,0.0000,0.0000,1,0,0,0,0,5,0,0,0,0
zc,TA305,2012-06-18 09:16:27.977,7412.0000,1408,0,0.0000,0.0000,0,0,多换,B,7412.0000,0.0000,0.0000,0.0000,0.0000,7416.0000,0.0000,0.0000,0.0000,0.0000,1,0,0,0,0,4,0,0,0,0
zc,TA305,2012-06-18 09:16:38.433,7412.0000,1408,0,0.0000,0.0000,0,0,多换,B,7412.0000,0.0000,0.0000,0.0000,0.0000,7416.0000,0.0000,0.0000,0.0000,0.0000,1,0,0,0,0,1,0,0,0,0
zc,TA305,2012-06-18 09:16:40.433,7412.0000,1408,0,0.0000,0.0000,0,0,多换,B,7412.0000,0.0000,0.0000,0.0000,0.0000,7416.0000,0.0000,0.0000,0.0000,0.0000,1,0,0,0,0,2,0,0,0,0
zc,TA305,2012-06-18 09:16:41.697,7412.0000,1408,0,0.0000,0.0000,0,0,多换,B,7412.0000,0.0000,0.0000,0.0000,0.0000,7416.0000,0.0000,0.0000,0.0000,0.0000,1,0,0,0,0,4,0,0,0,0
zc,TA305,2012-06-18 09:16:46.493,7412.0000,1408,0,0.0000,0.0000,0,0,多换,B,7412.0000,0.0000,0.0000,0.0000,0.0000,7414.0000,0.0000,0.0000,0.0000,0.0000,1,0,0,0,0,4,0,0,0,0
zc,TA305,2012-06-18 09:16:51.447,7412.0000,1408,0,0.0000,2.0000,1,1,多换,B,7408.0000,0.0000,0.0000,0.0000,0.0000,7414.0000,0.0000,0.0000,0.0000,0.0000,1,0,0,0,0,3,0,0,0,0
zc,TA305,2012-06-18 09:17:04.493,7412.0000,1408,0,0.0000,0.0000,0,0,多换,B,7408.0000,0.0000,0.0000,0.0000,0.0000,7412.0000,0.0000,0.0000,0.0000,0.0000,1,0,0,0,0,2,0,0,0,0
zc,TA305,2012-06-18 09:17:04.993,7412.0000,1408,0,0.0000,0.0000,0,0,多换,B,7408.0000,0.0000,0.0000,0.0000,0.0000,7414.0000,0.0000,0.0000,0.0000,0.0000,1,0,0,0,0,3,0,0,0,0
zc,TA305,2012-06-18 09:17:06.727,7412.0000,1408,0,0.0000,0.0000,0,0,多换,B,7408.0000,0.0000,0.0000,0.0000,0.0000,7412.0000,0.0000,0.0000,0.0000,0.0000,1,0,0,0,0,3,0,0,0,0
zc,TA305,2012-06-18 09:17:07.697,7412.0000,1408,0,0.0000,0.0000,0,0,多换,B,7408.0000,0.0000,0.0000,0.0000,0.0000,7414.0000,0.0000,0.0000,0.0000,0.0000,1,0,0,0,0,3,0,0,0,0
zc,TA305,2012-06-18 09:17:13.713,7412.0000,1408,0,0.0000,0.0000,0,0,多换,B,7408.0000,0.0000,0.0000,0.0000,0.0000,7414.0000,0.0000,0.0000,0.0000,0.0000,2,0,0,0,0,3,0,0,0,0
zc,TA305,2012-06-18 09:17:19.463,7412.0000,1408,0,0.0000,0.0000,0,0,多换,B,7408.0000,0.0000,0.0000,0.0000,0.0000,7412.0000,0.0000,0.0000,0.0000,0.0000,2,0,0,0,0,1,0,0,0,0
zc,TA305,2012-06-18 09:17:21.197,7412.0000,1408,0,0.0000,0.0000,0,0,多换,B,7408.0000,0.0000,0.0000,0.0000,0.0000,7412.0000,0.0000,0.0000,0.0000,0.0000,2,0,0,0,0,2,0,0,0,0
zc,TA305,2012-06-18 09:17:22.197,7412.0000,1408,0,0.0000,0.0000,0,0,多换,B,7408.0000,0.0000,0.0000,0.0000,0.0000,7412.0000,0.0000,0.0000,0.0000,0.0000,2,0,0,0,0,1,0,0,0,0
zc,TA305,2012-06-18 09:17:23.447,7412.0000,1408,0,0.0000,0.0000,0,0,多换,B,7408.0000,0.0000,0.0000,0.0000,0.0000,7414.0000,0.0000,0.0000,0.0000,0.0000,2,0,0,0,0,3,0,0,0,0
zc,TA305,2012-06-18 09:17:34.963,7412.0000,1408,0,0.0000,0.0000,0,0,多换,B,7408.0000,0.0000,0.0000,0.0000,0.0000,7410.0000,0.0000,0.0000,0.0000,0.0000,2,0,0,0,0,3,0,0,0,0
zc,TA305,2012-06-18 09:17:37.650,7408.0000,1410,2,0.0000,2.0000,2,0,双开,S,7408.0000,0.0000,0.0000,0.0000,0.0000,7410.0000,0.0000,0.0000,0.0000,0.0000,1,0,0,0,0,2,0,0,0,0
zc,TA305,2012-06-18 09:17:40.447,7408.0000,1408,-2,0.0000,2.0000,0,2,双平,S,7400.0000,0.0000,0.0000,0.0000,0.0000,7410.0000,0.0000,0.0000,0.0000,0.0000,1,0,0,0,0,2,0,0,0,0
zc,TA305,2012-06-18 09:17:46.727,7408.0000,1408,0,0.0000,0.0000,0,0,空换,S,7400.0000,0.0000,0.0000,0.0000,0.0000,7414.0000,0.0000,0.0000,0.0000,0.0000,1,0,0,0,0,2,0,0,0,0
zc,TA305,2012-06-18 09:17:48.213,7408.0000,1408,0,0.0000,0.0000,0,0,空换,S,7402.0000,0.0000,0.0000,0.0000,0.0000,7414.0000,0.0000,0.0000,0.0000,0.0000,1,0,0,0,0,2,0,0,0,0
zc,TA305,2012-06-18 09:17:51.183,7408.0000,1408,0,0.0000,0.0000,0,0,空换,S,7400.0000,0.0000,0.0000,0.0000,0.0000,7414.0000,0.0000,0.0000,0.0000,0.0000,1,0,0,0,0,2,0,0,0,0
zc,TA305,2012-06-18 09:17:51.727,7408.0000,1408,0,0.0000,0.0000,0,0,空换,S,7402.0000,0.0000,0.0000,0.0000,0.0000,7414.0000,0.0000,0.0000,0.0000,0.0000,1,0,0,0,0,2,0,0,0,0
zc,TA305,2012-06-18 09:17:52.197,7408.0000,1408,0,0.0000,0.0000,0,0,空换,S,7402.0000,0.0000,0.0000,0.0000,0.0000,7412.0000,0.0000,0.0000,0.0000,0.0000,1,0,0,0,0,2,0,0,0,0
zc,TA305,2012-06-18 09:17:53.993,7408.0000,1408,0,0.0000,0.0000,0,0,空换,S,7400.0000,0.0000,0.0000,0.0000,0.0000,7412.0000,0.0000,0.0000,0.0000,0.0000,2,0,0,0,0,2,0,0,0,0
zc,TA305,2012-06-18 09:17:54.683,7408.0000,1408,0,0.0000,0.0000,0,0,空换,S,7400.0000,0.0000,0.0000,0.0000,0.0000,7412.0000,0.0000,0.0000,0.0000,0.0000,1,0,0,0,0,2,0,0,0,0
zc,TA305,2012-06-18 09:17:55.697,7408.0000,1408,0,0.0000,0.0000,0,0,空换,S,7402.0000,0.0000,0.0000,0.0000,0.0000,7412.0000,0.0000,0.0000,0.0000,0.0000,1,0,0,0,0,2,0,0,0,0
zc,TA305,2012-06-18 09:17:58.477,7408.0000,1408,0,0.0000,0.0000,0,0,空换,S,7404.0000,0.0000,0.0000,0.0000,0.0000,7414.0000,0.0000,0.0000,0.0000,0.0000,1,0,0,0,0,2,0,0,0,0
zc,TA305,2012-06-18 09:18:00.227,7408.0000,1408,0,0.0000,0.0000,0,0,空换,S,7402.0000,0.0000,0.0000,0.0000,0.0000,7414.0000,0.0000,0.0000,0.0000,0.0000,1,0,0,0,0,2,0,0,0,0
zc,TA305,2012-06-18 09:18:00.713,7408.0000,1408,0,0.0000,0.0000,0,0,空换,S,7402.0000,0.0000,0.0000,0.0000,0.0000,7412.0000,0.0000,0.0000,0.0000,0.0000,1,0,0,0,0,2,0,0,0,0
zc,TA305,2012-06-18 09:18:15.463,7408.0000,1408,0,0.0000,0.0000,0,0,空换,S,7400.0000,0.0000,0.0000,0.0000,0.0000,7410.0000,0.0000,0.0000,0.0000,0.0000,1,0,0,0,0,1,0,0,0,0
zc,TA305,2012-06-18 09:18:16.417,7408.0000,1408,0,0.0000,0.0000,0,0,空换,S,7400.0000,0.0000,0.0000,0.0000,0.0000,7410.0000,0.0000,0.0000,0.0000,0.0000,1,0,0,0,0,2,0,0,0,0
zc,TA305,2012-06-18 09:18:26.167,7408.0000,1408,0,0.0000,0.0000,0,0,空换,S,7400.0000,0.0000,0.0000,0.0000,0.0000,7410.0000,0.0000,0.0000,0.0000,0.0000,1,0,0,0,0,1,0,0,0,0
zc,TA305,2012-06-18 09:18:26.697,7408.0000,1408,0,0.0000,0.0000,0,0,空换,S,7402.0000,0.0000,0.0000,0.0000,0.0000,7414.0000,0.0000,0.0000,0.0000,0.0000,1,0,0,0,0,2,0,0,0,0
zc,TA305,2012-06-18 09:18:27.727,7408.0000,1408,0,0.0000,0.0000,0,0,空换,S,7400.0000,0.0000,0.0000,0.0000,0.0000,7410.0000,0.0000,0.0000,0.0000,0.0000,2,0,0,0,0,2,0,0,0,0
zc,TA305,2012-06-18 09:18:28.667,7408.0000,1408,0,0.0000,0.0000,0,0,空换,S,7400.0000,0.0000,0.0000,0.0000,0.0000,7410.0000,0.0000,0.0000,0.0000,0.0000,1,0,0,0,0,2,0,0,0,0
zc,TA305,2012-06-18 09:18:46.447,7408.0000,1408,0,0.0000,0.0000,0,0,空换,S,7402.0000,0.0000,0.0000,0.0000,0.0000,7412.0000,0.0000,0.0000,0.0000,0.0000,1,0,0,0,0,2,0,0,0,0
zc,TA305,2012-06-18 09:18:49.743,7408.0000,1408,0,0.0000,0.0000,0,0,空换,S,7400.0000,0.0000,0.0000,0.0000,0.0000,7410.0000,0.0000,0.0000,0.0000,0.0000,2,0,0,0,0,2,0,0,0,0
zc,TA305,2012-06-18 09:18:50.917,7408.0000,1408,0,0.0000,0.0000,0,0,空换,S,7400.0000,0.0000,0.0000,0.0000,0.0000,7410.0000,0.0000,0.0000,0.0000,0.0000,1,0,0,0,0,2,0,0,0,0
zc,TA305,2012-06-18 09:18:57.243,7408.0000,1408,0,0.0000,0.0000,0,0,空换,S,7402.0000,0.0000,0.0000,0.0000,0.0000,7412.0000,0.0000,0.0000,0.0000,0.0000,1,0,0,0,0,2,0,0,0,0
zc,TA305,2012-06-18 09:19:04.963,7408.0000,1408,0,0.0000,0.0000,0,0,空换,S,7400.0000,0.0000,0.0000,0.0000,0.0000,7412.0000,0.0000,0.0000,0.0000,0.0000,2,0,0,0,0,2,0,0,0,0
zc,TA305,2012-06-18 09:19:06.697,7408.0000,1408,0,0.0000,0.0000,0,0,空换,S,7400.0000,0.0000,0.0000,0.0000,0.0000,7412.0000,0.0000,0.0000,0.0000,0.0000,1,0,0,0,0,2,0,0,0,0
zc,TA305,2012-06-18 09:19:07.933,7408.0000,1408,0,0.0000,0.0000,0,0,空换,S,7400.0000,0.0000,0.0000,0.0000,0.0000,7410.0000,0.0000,0.0000,0.0000,0.0000,1,0,0,0,0,2,0,0,0,0
zc,TA305,2012-06-18 09:19:08.197,7408.0000,1408,0,0.0000,0.0000,0,0,空换,S,7402.0000,0.0000,0.0000,0.0000,0.0000,7412.0000,0.0000,0.0000,0.0000,0.0000,1,0,0,0,0,2,0,0,0,0
zc,TA305,2012-06-18 09:19:17.477,7408.0000,1408,0,0.0000,0.0000,0,0,空换,S,7400.0000,0.0000,0.0000,0.0000,0.0000,7410.0000,0.0000,0.0000,0.0000,0.0000,2,0,0,0,0,2,0,0,0,0
zc,TA305,2012-06-18 09:19:18.650,7408.0000,1408,0,0.0000,0.0000,0,0,空换,S,7400.0000,0.0000,0.0000,0.0000,0.0000,7410.0000,0.0000,0.0000,0.0000,0.0000,1,0,0,0,0,2,0,0,0,0
zc,TA305,2012-06-18 09:20:15.197,7408.0000,1408,0,0.0000,0.0000,0,0,空换,S,7398.0000,0.0000,0.0000,0.0000,0.0000,7408.0000,0.0000,0.0000,0.0000,0.0000,1,0,0,0,0,2,0,0,0,0
zc,TA305,2012-06-18 09:20:23.963,7408.0000,1408,0,0.0000,0.0000,0,0,空换,S,7396.0000,0.0000,0.0000,0.0000,0.0000,7406.0000,0.0000,0.0000,0.0000,0.0000,1,0,0,0,0,2,0,0,0,0
zc,TA305,2012-06-18 09:20:31.493,7408.0000,1408,0,0.0000,0.0000,0,0,空换,S,7398.0000,0.0000,0.0000,0.0000,0.0000,7408.0000,0.0000,0.0000,0.0000,0.0000,1,0,0,0,0,2,0,0,0,0
zc,TA305,2012-06-18 09:20:32.197,7408.0000,1408,0,0.0000,0.0000,0,0,空换,S,7400.0000,0.0000,0.0000,0.0000,0.0000,7410.0000,0.0000,0.0000,0.0000,0.0000,1,0,0,0,0,2,0,0,0,0
zc,TA305,2012-06-18 09:20:33.697,7408.0000,1408,0,0.0000,0.0000,0,0,空换,S,7398.0000,0.0000,0.0000,0.0000,0.0000,7410.0000,0.0000,0.0000,0.0000,0.0000,2,0,0,0,0,2,0,0,0,0
zc,TA305,2012-06-18 09:20:34.900,7408.0000,1408,0,0.0000,0.0000,0,0,空换,S,7398.0000,0.0000,0.0000,0.0000,0.0000,7410.0000,0.0000,0.0000,0.0000,0.0000,1,0,0,0,0,2,0,0,0,0
zc,TA305,2012-06-18 09:20:35.433,7408.0000,1408,0,0.0000,0.0000,0,0,空换,S,7398.0000,0.0000,0.0000,0.0000,0.0000,7408.0000,0.0000,0.0000,0.0000,0.0000,1,0,0,0,0,1,0,0,0,0
zc,TA305,2012-06-18 09:20:36.183,7408.0000,1408,0,0.0000,0.0000,0,0,空换,S,7398.0000,0.0000,0.0000,0.0000,0.0000,7408.0000,0.0000,0.0000,0.0000,0.0000,1,0,0,0,0,2,0,0,0,0
zc,TA305,2012-06-18 09:20:39.447,7408.0000,1408,0,0.0000,0.0000,0,0,空换,S,7400.0000,0.0000,0.0000,0.0000,0.0000,7410.0000,0.0000,0.0000,0.0000,0.0000,1,0,0,0,0,2,0,0,0,0
zc,TA305,2012-06-18 09:20:39.977,7408.0000,1408,0,0.0000,0.0000,0,0,空换,S,7398.0000,0.0000,0.0000,0.0000,0.0000,7408.0000,0.0000,0.0000,0.0000,0.0000,2,0,0,0,0,2,0,0,0,0
zc,TA305,2012-06-18 09:20:43.900,7408.0000,1408,0,0.0000,0.0000,0,0,空换,S,7398.0000,0.0000,0.0000,0.0000,0.0000,7408.0000,0.0000,0.0000,0.0000,0.0000,1,0,0,0,0,2,0,0,0,0
zc,TA305,2012-06-18 09:20:44.977,7408.0000,1408,0,0.0000,0.0000,0,0,空换,S,7400.0000,0.0000,0.0000,0.0000,0.0000,7410.0000,0.0000,0.0000,0.0000,0.0000,1,0,0,0,0,2,0,0,0,0
zc,TA305,2012-06-18 09:20:46.713,7408.0000,1408,0,0.0000,0.0000,0,0,空换,S,7398.0000,0.0000,0.0000,0.0000,0.0000,7408.0000,0.0000,0.0000,0.0000,0.0000,2,0,0,0,0,2,0,0,0,0
zc,TA305,2012-06-18 09:20:47.713,7408.0000,1408,0,0.0000,0.0000,0,0,空换,S,7398.0000,0.0000,0.0000,0.0000,0.0000,7408.0000,0.0000,0.0000,0.0000,0.0000,1,0,0,0,0,2,0,0,0,0
zc,TA305,2012-06-18 09:21:11.463,7408.0000,1408,0,0.0000,0.0000,0,0,空换,S,7400.0000,0.0000,0.0000,0.0000,0.0000,7410.0000,0.0000,0.0000,0.0000,0.0000,1,0,0,0,0,2,0,0,0,0
zc,TA305,2012-06-18 09:21:33.713,7408.0000,1408,0,0.0000,0.0000,0,0,空换,S,7402.0000,0.0000,0.0000,0.0000,0.0000,7412.0000,0.0000,0.0000,0.0000,0.0000,1,0,0,0,0,2,0,0,0,0
zc,TA305,2012-06-18 09:21:38.183,7408.0000,1408,0,0.0000,0.0000,0,0,空换,S,7404.0000,0.0000,0.0000,0.0000,0.0000,7414.0000,0.0000,0.0000,0.0000,0.0000,1,0,0,0,0,3,0,0,0,0
zc,TA305,2012-06-18 09:21:41.947,7408.0000,1408,0,0.0000,0.0000,0,0,空换,S,7404.0000,0.0000,0.0000,0.0000,0.0000,7414.0000,0.0000,0.0000,0.0000,0.0000,1,0,0,0,0,1,0,0,0,0
