市场代码,合约代码,时间,最新,持仓,增仓,成交额,成交量,开仓,平仓,成交类型,方向,买一价,买二价,买三价,买四价,买五价,卖一价,卖二价,卖三价,卖四价,卖五价,买一量,买二量,买三量,买四量,买五量,卖一量,卖二量,卖三量,卖四量,卖五量
zc,TA306,2012-06-18 07:44:06.603,0.0000,2,0,0.0000,0.0000,0,0,空换,S,0.0000,0.0000,0.0000,0.0000,0.0000,0.0000,0.0000,0.0000,0.0000,0.0000,0,0,0,0,0,0,0,0,0,0
zc,TA306,2012-06-18 07:56:07.760,0.0000,2,0,0.0000,0.0000,0,0,空换,S,0.0000,0.0000,0.0000,0.0000,0.0000,0.0000,0.0000,0.0000,0.0000,0.0000,0,0,0,0,0,0,0,0,0,0
zc,TA306,2012-06-18 07:58:07.760,0.0000,2,0,0.0000,0.0000,0,0,空换,S,0.0000,0.0000,0.0000,0.0000,0.0000,0.0000,0.0000,0.0000,0.0000,0.0000,0,0,0,0,0,0,0,0,0,0
zc,TA306,2012-06-18 07:59:07.760,0.0000,2,0,0.0000,0.0000,0,0,空换,S,0.0000,0.0000,0.0000,0.0000,0.0000,0.0000,0.0000,0.0000,0.0000,0.0000,0,0,0,0,0,0,0,0,0,0
zc,TA306,2012-06-18 08:00:07.760,0.0000,2,0,0.0000,0.0000,0,0,空换,S,0.0000,0.0000,0.0000,0.0000,0.0000,0.0000,0.0000,0.0000,0.0000,0.0000,0,0,0,0,0,0,0,0,0,0
zc,TA306,2012-06-18 08:03:07.760,0.0000,2,0,0.0000,0.0000,0,0,空换,S,0.0000,0.0000,0.0000,0.0000,0.0000,0.0000,0.0000,0.0000,0.0000,0.0000,0,0,0,0,0,0,0,0,0,0
zc,TA306,2012-06-18 08:07:07.760,0.0000,2,0,0.0000,0.0000,0,0,空换,S,0.0000,0.0000,0.0000,0.0000,0.0000,0.0000,0.0000,0.0000,0.0000,0.0000,0,0,0,0,0,0,0,0,0,0
zc,TA306,2012-06-18 08:09:07.743,0.0000,2,0,0.0000,0.0000,0,0,空换,S,0.0000,0.0000,0.0000,0.0000,0.0000,0.0000,0.0000,0.0000,0.0000,0.0000,0,0,0,0,0,0,0,0,0,0
zc,TA306,2012-06-18 08:10:07.743,0.0000,2,0,0.0000,0.0000,0,0,空换,S,0.0000,0.0000,0.0000,0.0000,0.0000,0.0000,0.0000,0.0000,0.0000,0.0000,0,0,0,0,0,0,0,0,0,0
zc,TA306,2012-06-18 08:11:07.743,0.0000,2,0,0.0000,0.0000,0,0,空换,S,0.0000,0.0000,0.0000,0.0000,0.0000,0.0000,0.0000,0.0000,0.0000,0.0000,0,0,0,0,0,0,0,0,0,0
zc,TA306,2012-06-18 08:14:07.743,0.0000,2,0,0.0000,0.0000,0,0,空换,S,0.0000,0.0000,0.0000,0.0000,0.0000,0.0000,0.0000,0.0000,0.0000,0.0000,0,0,0,0,0,0,0,0,0,0
zc,TA306,2012-06-18 08:15:07.743,0.0000,2,0,0.0000,0.0000,0,0,空换,S,0.0000,0.0000,0.0000,0.0000,0.0000,0.0000,0.0000,0.0000,0.0000,0.0000,0,0,0,0,0,0,0,0,0,0
zc,TA306,2012-06-18 08:16:07.743,0.0000,2,0,0.0000,0.0000,0,0,空换,S,0.0000,0.0000,0.0000,0.0000,0.0000,0.0000,0.0000,0.0000,0.0000,0.0000,0,0,0,0,0,0,0,0,0,0
zc,TA306,2012-06-18 08:20:07.760,0.0000,2,0,0.0000,0.0000,0,0,空换,S,0.0000,0.0000,0.0000,0.0000,0.0000,0.0000,0.0000,0.0000,0.0000,0.0000,0,0,0,0,0,0,0,0,0,0
zc,TA306,2012-06-18 08:21:07.760,0.0000,2,0,0.0000,0.0000,0,0,空换,S,0.0000,0.0000,0.0000,0.0000,0.0000,0.0000,0.0000,0.0000,0.0000,0.0000,0,0,0,0,0,0,0,0,0,0
zc,TA306,2012-06-18 08:22:07.743,0.0000,2,0,0.0000,0.0000,0,0,空换,S,0.0000,0.0000,0.0000,0.0000,0.0000,0.0000,0.0000,0.0000,0.0000,0.0000,0,0,0,0,0,0,0,0,0,0
zc,TA306,2012-06-18 08:23:07.743,0.0000,2,0,0.0000,0.0000,0,0,空换,S,0.0000,0.0000,0.0000,0.0000,0.0000,0.0000,0.0000,0.0000,0.0000,0.0000,0,0,0,0,0,0,0,0,0,0
zc,TA306,2012-06-18 08:25:07.743,0.0000,2,0,0.0000,0.0000,0,0,空换,S,0.0000,0.0000,0.0000,0.0000,0.0000,0.0000,0.0000,0.0000,0.0000,0.0000,0,0,0,0,0,0,0,0,0,0
zc,TA306,2012-06-18 08:27:07.743,0.0000,2,0,0.0000,0.0000,0,0,空换,S,0.0000,0.0000,0.0000,0.0000,0.0000,0.0000,0.0000,0.0000,0.0000,0.0000,0,0,0,0,0,0,0,0,0,0
zc,TA306,2012-06-18 08:28:07.743,0.0000,2,0,0.0000,0.0000,0,0,空换,S,0.0000,0.0000,0.0000,0.0000,0.0000,0.0000,0.0000,0.0000,0.0000,0.0000,0,0,0,0,0,0,0,0,0,0
zc,TA306,2012-06-18 08:41:09.447,0.0000,2,0,0.0000,0.0000,0,0,空换,S,0.0000,0.0000,0.0000,0.0000,0.0000,0.0000,0.0000,0.0000,0.0000,0.0000,0,0,0,0,0,0,0,0,0,0
zc,TA306,2012-06-18 08:43:09.433,0.0000,2,0,0.0000,0.0000,0,0,空换,S,0.0000,0.0000,0.0000,0.0000,0.0000,0.0000,0.0000,0.0000,0.0000,0.0000,0,0,0,0,0,0,0,0,0,0
zc,TA306,2012-06-18 08:47:09.433,0.0000,2,0,0.0000,0.0000,0,0,空换,S,0.0000,0.0000,0.0000,0.0000,0.0000,0.0000,0.0000,0.0000,0.0000,0.0000,0,0,0,0,0,0,0,0,0,0
zc,TA306,2012-06-18 08:50:09.433,0.0000,2,0,0.0000,0.0000,0,0,空换,S,0.0000,0.0000,0.0000,0.0000,0.0000,0.0000,0.0000,0.0000,0.0000,0.0000,0,0,0,0,0,0,0,0,0,0
zc,TA306,2012-06-18 08:54:09.433,0.0000,2,0,0.0000,0.0000,0,0,空换,S,0.0000,0.0000,0.0000,0.0000,0.0000,0.0000,0.0000,0.0000,0.0000,0.0000,0,0,0,0,0,0,0,0,0,0
zc,TA306,2012-06-18 08:58:09.433,0.0000,2,0,0.0000,0.0000,0,0,空换,S,0.0000,0.0000,0.0000,0.0000,0.0000,0.0000,0.0000,0.0000,0.0000,0.0000,0,0,0,0,0,0,0,0,0,0
zc,TA306,2012-06-18 08:59:09.417,0.0000,2,0,0.0000,0.0000,0,0,空换,S,7224.0000,0.0000,0.0000,0.0000,0.0000,7644.0000,0.0000,0.0000,0.0000,0.0000,1,0,0,0,0,1,0,0,0,0
zc,TA306,2012-06-18 09:00:06.807,0.0000,2,0,0.0000,0.0000,0,0,空换,S,7236.0000,0.0000,0.0000,0.0000,0.0000,7634.0000,0.0000,0.0000,0.0000,0.0000,1,0,0,0,0,8,0,0,0,0
zc,TA306,2012-06-18 09:00:07.353,0.0000,2,0,0.0000,0.0000,0,0,空换,S,7234.0000,0.0000,0.0000,0.0000,0.0000,7634.0000,0.0000,0.0000,0.0000,0.0000,6,0,0,0,0,8,0,0,0,0
zc,TA306,2012-06-18 09:00:11.353,0.0000,2,0,0.0000,0.0000,0,0,空换,S,7234.0000,0.0000,0.0000,0.0000,0.0000,7634.0000,0.0000,0.0000,0.0000,0.0000,11,0,0,0,0,8,0,0,0,0
zc,TA306,2012-06-18 09:00:13.887,0.0000,2,0,0.0000,0.0000,0,0,空换,S,7234.0000,0.0000,0.0000,0.0000,0.0000,7634.0000,0.0000,0.0000,0.0000,0.0000,11,0,0,0,0,16,0,0,0,0
zc,TA306,2012-06-18 09:00:20.370,0.0000,2,0,0.0000,0.0000,0,0,空换,S,7224.0000,0.0000,0.0000,0.0000,0.0000,7634.0000,0.0000,0.0000,0.0000,0.0000,1,0,0,0,0,16,0,0,0,0
zc,TA306,2012-06-18 09:00:21.337,0.0000,2,0,0.0000,0.0000,0,0,空换,S,7248.0000,0.0000,0.0000,0.0000,0.0000,7634.0000,0.0000,0.0000,0.0000,0.0000,1,0,0,0,0,16,0,0,0,0
zc,TA306,2012-06-18 09:00:22.587,0.0000,2,0,0.0000,0.0000,0,0,空换,S,7224.0000,0.0000,0.0000,0.0000,0.0000,7634.0000,0.0000,0.0000,0.0000,0.0000,6,0,0,0,0,16,0,0,0,0
zc,TA306,2012-06-18 09:00:23.823,0.0000,2,0,0.0000,0.0000,0,0,空换,S,7254.0000,0.0000,0.0000,0.0000,0.0000,7634.0000,0.0000,0.0000,0.0000,0.0000,1,0,0,0,0,16,0,0,0,0
zc,TA306,2012-06-18 09:00:27.137,0.0000,2,0,0.0000,0.0000,0,0,空换,S,7224.0000,0.0000,0.0000,0.0000,0.0000,7634.0000,0.0000,0.0000,0.0000,0.0000,6,0,0,0,0,16,0,0,0,0
zc,TA306,2012-06-18 09:00:27.307,0.0000,2,0,0.0000,0.0000,0,0,空换,S,7260.0000,0.0000,0.0000,0.0000,0.0000,7634.0000,0.0000,0.0000,0.0000,0.0000,1,0,0,0,0,16,0,0,0,0
zc,TA306,2012-06-18 09:00:28.870,0.0000,2,0,0.0000,0.0000,0,0,空换,S,7260.0000,0.0000,0.0000,0.0000,0.0000,7634.0000,0.0000,0.0000,0.0000,0.0000,9,0,0,0,0,16,0,0,0,0
zc,TA306,2012-06-18 09:00:31.587,0.0000,2,0,0.0000,0.0000,0,0,空换,S,7260.0000,0.0000,0.0000,0.0000,0.0000,7634.0000,0.0000,0.0000,0.0000,0.0000,8,0,0,0,0,16,0,0,0,0
zc,TA306,2012-06-18 09:00:32.823,0.0000,2,0,0.0000,0.0000,0,0,空换,S,7260.0000,0.0000,0.0000,0.0000,0.0000,7634.0000,0.0000,0.0000,0.0000,0.0000,9,0,0,0,0,16,0,0,0,0
zc,TA306,2012-06-18 09:00:33.307,0.0000,2,0,0.0000,0.0000,0,0,空换,S,7260.0000,0.0000,0.0000,0.0000,0.0000,7598.0000,0.0000,0.0000,0.0000,0.0000,9,0,0,0,0,1,0,0,0,0
zc,TA306,2012-06-18 09:00:35.243,0.0000,2,0,0.0000,0.0000,0,0,空换,S,7260.0000,0.0000,0.0000,0.0000,0.0000,7598.0000,0.0000,0.0000,0.0000,0.0000,8,0,0,0,0,1,0,0,0,0
zc,TA306,2012-06-18 09:00:36.057,0.0000,2,0,0.0000,0.0000,0,0,空换,S,7260.0000,0.0000,0.0000,0.0000,0.0000,7592.0000,0.0000,0.0000,0.0000,0.0000,8,0,0,0,0,8,0,0,0,0
zc,TA306,2012-06-18 09:00:37.790,0.0000,2,0,0.0000,0.0000,0,0,空换,S,7270.0000,0.0000,0.0000,0.0000,0.0000,7592.0000,0.0000,0.0000,0.0000,0.0000,8,0,0,0,0,8,0,0,0,0
zc,TA306,2012-06-18 09:00:40.337,0.0000,2,0,0.0000,0.0000,0,0,空换,S,7270.0000,0.0000,0.0000,0.0000,0.0000,7592.0000,0.0000,0.0000,0.0000,0.0000,16,0,0,0,0,8,0,0,0,0
zc,TA306,2012-06-18 09:00:42.337,0.0000,2,0,0.0000,0.0000,0,0,空换,S,7270.0000,0.0000,0.0000,0.0000,0.0000,7592.0000,0.0000,0.0000,0.0000,0.0000,16,0,0,0,0,14,0,0,0,0
zc,TA306,2012-06-18 09:00:51.823,0.0000,2,0,0.0000,0.0000,0,0,空换,S,7270.0000,0.0000,0.0000,0.0000,0.0000,7574.0000,0.0000,0.0000,0.0000,0.0000,16,0,0,0,0,1,0,0,0,0
zc,TA306,2012-06-18 09:00:54.353,0.0000,2,0,0.0000,0.0000,0,0,空换,S,7270.0000,0.0000,0.0000,0.0000,0.0000,7568.0000,0.0000,0.0000,0.0000,0.0000,16,0,0,0,0,6,0,0,0,0
zc,TA306,2012-06-18 09:01:10.323,0.0000,2,0,0.0000,0.0000,0,0,空换,S,7354.0000,0.0000,0.0000,0.0000,0.0000,7568.0000,0.0000,0.0000,0.0000,0.0000,1,0,0,0,0,6,0,0,0,0
zc,TA306,2012-06-18 09:01:12.777,0.0000,2,0,0.0000,0.0000,0,0,空换,S,7354.0000,0.0000,0.0000,0.0000,0.0000,7568.0000,0.0000,0.0000,0.0000,0.0000,6,0,0,0,0,6,0,0,0,0
zc,TA306,2012-06-18 09:01:13.260,0.0000,2,0,0.0000,0.0000,0,0,空换,S,7364.0000,0.0000,0.0000,0.0000,0.0000,7568.0000,0.0000,0.0000,0.0000,0.0000,6,0,0,0,0,6,0,0,0,0
zc,TA306,2012-06-18 09:01:16.137,0.0000,2,0,0.0000,0.0000,0,0,空换,S,7364.0000,0.0000,0.0000,0.0000,0.0000,7568.0000,0.0000,0.0000,0.0000,0.0000,6,0,0,0,0,12,0,0,0,0
zc,TA306,2012-06-18 09:01:43.823,0.0000,2,0,0.0000,0.0000,0,0,空换,S,7380.0000,0.0000,0.0000,0.0000,0.0000,7568.0000,0.0000,0.0000,0.0000,0.0000,1,0,0,0,0,12,0,0,0,0
zc,TA306,2012-06-18 09:01:46.010,0.0000,2,0,0.0000,0.0000,0,0,空换,S,7386.0000,0.0000,0.0000,0.0000,0.0000,7568.0000,0.0000,0.0000,0.0000,0.0000,5,0,0,0,0,12,0,0,0,0
zc,TA306,2012-06-18 09:01:48.540,0.0000,2,0,0.0000,0.0000,0,0,空换,S,7386.0000,0.0000,0.0000,0.0000,0.0000,7548.0000,0.0000,0.0000,0.0000,0.0000,5,0,0,0,0,1,0,0,0,0
zc,TA306,2012-06-18 09:01:51.727,0.0000,2,0,0.0000,0.0000,0,0,空换,S,7386.0000,0.0000,0.0000,0.0000,0.0000,7542.0000,0.0000,0.0000,0.0000,0.0000,5,0,0,0,0,6,0,0,0,0
zc,TA306,2012-06-18 09:02:04.073,0.0000,2,0,0.0000,0.0000,0,0,空换,S,7400.0000,0.0000,0.0000,0.0000,0.0000,7542.0000,0.0000,0.0000,0.0000,0.0000,1,0,0,0,0,6,0,0,0,0
zc,TA306,2012-06-18 09:02:18.823,0.0000,2,0,0.0000,0.0000,0,0,空换,S,7422.0000,0.0000,0.0000,0.0000,0.0000,7542.0000,0.0000,0.0000,0.0000,0.0000,1,0,0,0,0,6,0,0,0,0
zc,TA306,2012-06-18 09:03:09.433,0.0000,2,0,0.0000,0.0000,0,0,空换,S,7422.0000,0.0000,0.0000,0.0000,0.0000,7542.0000,0.0000,0.0000,0.0000,0.0000,1,0,0,0,0,6,0,0,0,0
zc,TA306,2012-06-18 09:03:27.307,0.0000,2,0,0.0000,0.0000,0,0,空换,S,7422.0000,0.0000,0.0000,0.0000,0.0000,7534.0000,0.0000,0.0000,0.0000,0.0000,1,0,0,0,0,1,0,0,0,0
zc,TA306,2012-06-18 09:04:29.290,0.0000,2,0,0.0000,0.0000,0,0,空换,S,7422.0000,0.0000,0.0000,0.0000,0.0000,7532.0000,0.0000,0.0000,0.0000,0.0000,1,0,0,0,0,6,0,0,0,0
zc,TA306,2012-06-18 09:04:37.933,0.0000,2,0,0.0000,0.0000,0,0,空换,S,7198.0000,0.0000,0.0000,0.0000,0.0000,7532.0000,0.0000,0.0000,0.0000,0.0000,1,0,0,0,0,6,0,0,0,0
zc,TA306,2012-06-18 09:04:39.027,0.0000,2,0,0.0000,0.0000,0,0,空换,S,7402.0000,0.0000,0.0000,0.0000,0.0000,7532.0000,0.0000,0.0000,0.0000,0.0000,1,0,0,0,0,6,0,0,0,0
zc,TA306,2012-06-18 09:05:02.243,0.0000,2,0,0.0000,0.0000,0,0,空换,S,7402.0000,0.0000,0.0000,0.0000,0.0000,7522.0000,0.0000,0.0000,0.0000,0.0000,1,0,0,0,0,1,0,0,0,0
zc,TA306,2012-06-18 09:05:04.977,0.0000,2,0,0.0000,0.0000,0,0,空换,S,7402.0000,0.0000,0.0000,0.0000,0.0000,7520.0000,0.0000,0.0000,0.0000,0.0000,1,0,0,0,0,6,0,0,0,0
zc,TA306,2012-06-18 09:05:09.433,0.0000,2,0,0.0000,0.0000,0,0,空换,S,7402.0000,0.0000,0.0000,0.0000,0.0000,7520.0000,0.0000,0.0000,0.0000,0.0000,1,0,0,0,0,6,0,0,0,0
zc,TA306,2012-06-18 09:05:20.760,0.0000,2,0,0.0000,0.0000,0,0,空换,S,7402.0000,0.0000,0.0000,0.0000,0.0000,7508.0000,0.0000,0.0000,0.0000,0.0000,1,0,0,0,0,1,0,0,0,0
zc,TA306,2012-06-18 09:08:17.463,0.0000,2,0,0.0000,0.0000,0,0,空换,S,7218.0000,0.0000,0.0000,0.0000,0.0000,7508.0000,0.0000,0.0000,0.0000,0.0000,1,0,0,0,0,1,0,0,0,0
zc,TA306,2012-06-18 09:08:18.213,0.0000,2,0,0.0000,0.0000,0,0,空换,S,7374.0000,0.0000,0.0000,0.0000,0.0000,7508.0000,0.0000,0.0000,0.0000,0.0000,1,0,0,0,0,1,0,0,0,0
zc,TA306,2012-06-18 09:08:25.760,0.0000,2,0,0.0000,0.0000,0,0,空换,S,7376.0000,0.0000,0.0000,0.0000,0.0000,7508.0000,0.0000,0.0000,0.0000,0.0000,5,0,0,0,0,1,0,0,0,0
zc,TA306,2012-06-18 09:08:29.243,0.0000,2,0,0.0000,0.0000,0,0,空换,S,7376.0000,0.0000,0.0000,0.0000,0.0000,7506.0000,0.0000,0.0000,0.0000,0.0000,5,0,0,0,0,6,0,0,0,0
zc,TA306,2012-06-18 09:08:46.697,7506.0000,4,2,0.0000,2.0000,2,0,双开,B,7376.0000,0.0000,0.0000,0.0000,0.0000,7506.0000,0.0000,0.0000,0.0000,0.0000,5,0,0,0,0,5,0,0,0,0
zc,TA306,2012-06-18 09:08:57.713,7506.0000,4,0,0.0000,0.0000,0,0,多换,B,7376.0000,0.0000,0.0000,0.0000,0.0000,7508.0000,0.0000,0.0000,0.0000,0.0000,5,0,0,0,0,1,0,0,0,0
zc,TA306,2012-06-18 09:08:58.993,7506.0000,4,0,0.0000,0.0000,0,0,多换,B,7376.0000,0.0000,0.0000,0.0000,0.0000,7506.0000,0.0000,0.0000,0.0000,0.0000,5,0,0,0,0,6,0,0,0,0
zc,TA306,2012-06-18 09:09:20.447,7506.0000,4,0,0.0000,0.0000,0,0,多换,B,7376.0000,0.0000,0.0000,0.0000,0.0000,7508.0000,0.0000,0.0000,0.0000,0.0000,5,0,0,0,0,1,0,0,0,0
zc,TA306,2012-06-18 09:09:25.463,7506.0000,4,0,0.0000,0.0000,0,0,多换,B,7378.0000,0.0000,0.0000,0.0000,0.0000,7498.0000,0.0000,0.0000,0.0000,0.0000,1,0,0,0,0,1,0,0,0,0
zc,TA306,2012-06-18 09:09:32.447,7506.0000,4,0,0.0000,0.0000,0,0,多换,B,7380.0000,0.0000,0.0000,0.0000,0.0000,7498.0000,0.0000,0.0000,0.0000,0.0000,5,0,0,0,0,1,0,0,0,0
zc,TA306,2012-06-18 09:09:36.183,7506.0000,4,0,0.0000,0.0000,0,0,多换,B,7384.0000,0.0000,0.0000,0.0000,0.0000,7498.0000,0.0000,0.0000,0.0000,0.0000,1,0,0,0,0,1,0,0,0,0
zc,TA306,2012-06-18 09:09:44.933,7506.0000,4,0,0.0000,0.0000,0,0,多换,B,7384.0000,0.0000,0.0000,0.0000,0.0000,7494.0000,0.0000,0.0000,0.0000,0.0000,1,0,0,0,0,1,0,0,0,0
zc,TA306,2012-06-18 09:09:59.963,7506.0000,4,0,0.0000,0.0000,0,0,多换,B,7386.0000,0.0000,0.0000,0.0000,0.0000,7494.0000,0.0000,0.0000,0.0000,0.0000,1,0,0,0,0,1,0,0,0,0
zc,TA306,2012-06-18 09:10:11.743,7506.0000,4,0,0.0000,0.0000,0,0,多换,B,7390.0000,0.0000,0.0000,0.0000,0.0000,7494.0000,0.0000,0.0000,0.0000,0.0000,1,0,0,0,0,1,0,0,0,0
zc,TA306,2012-06-18 09:10:21.727,7506.0000,4,0,0.0000,0.0000,0,0,多换,B,7392.0000,0.0000,0.0000,0.0000,0.0000,7494.0000,0.0000,0.0000,0.0000,0.0000,1,0,0,0,0,1,0,0,0,0
zc,TA306,2012-06-18 09:10:55.760,7506.0000,4,0,0.0000,0.0000,0,0,多换,B,7392.0000,0.0000,0.0000,0.0000,0.0000,7488.0000,0.0000,0.0000,0.0000,0.0000,1,0,0,0,0,1,0,0,0,0
zc,TA306,2012-06-18 09:11:10.993,7506.0000,4,0,0.0000,0.0000,0,0,多换,B,7392.0000,0.0000,0.0000,0.0000,0.0000,7486.0000,0.0000,0.0000,0.0000,0.0000,1,0,0,0,0,1,0,0,0,0
zc,TA306,2012-06-18 09:11:14.243,7506.0000,4,0,0.0000,0.0000,0,0,多换,B,7390.0000,0.0000,0.0000,0.0000,0.0000,7486.0000,0.0000,0.0000,0.0000,0.0000,1,0,0,0,0,1,0,0,0,0
zc,TA306,2012-06-18 09:11:37.697,7506.0000,4,0,0.0000,0.0000,0,0,多换,B,7392.0000,0.0000,0.0000,0.0000,0.0000,7486.0000,0.0000,0.0000,0.0000,0.0000,1,0,0,0,0,1,0,0,0,0
zc,TA306,2012-06-18 09:11:57.510,7506.0000,4,0,0.0000,0.0000,0,0,多换,B,7392.0000,0.0000,0.0000,0.0000,0.0000,7474.0000,0.0000,0.0000,0.0000,0.0000,1,0,0,0,0,1,0,0,0,0
zc,TA306,2012-06-18 09:18:37.947,7506.0000,4,0,0.0000,0.0000,0,0,多换,B,7304.0000,0.0000,0.0000,0.0000,0.0000,7474.0000,0.0000,0.0000,0.0000,0.0000,1,0,0,0,0,1,0,0,0,0
zc,TA306,2012-06-18 09:18:39.183,7506.0000,4,0,0.0000,0.0000,0,0,多换,B,7314.0000,0.0000,0.0000,0.0000,0.0000,7474.0000,0.0000,0.0000,0.0000,0.0000,6,0,0,0,0,1,0,0,0,0
zc,TA306,2012-06-18 09:18:46.463,7506.0000,4,0,0.0000,0.0000,0,0,多换,B,7314.0000,0.0000,0.0000,0.0000,0.0000,7474.0000,0.0000,0.0000,0.0000,0.0000,11,0,0,0,0,1,0,0,0,0
zc,TA306,2012-06-18 09:19:00.963,7506.0000,4,0,0.0000,0.0000,0,0,多换,B,7324.0000,0.0000,0.0000,0.0000,0.0000,7474.0000,0.0000,0.0000,0.0000,0.0000,1,0,0,0,0,1,0,0,0,0
zc,TA306,2012-06-18 09:19:02.977,7506.0000,4,0,0.0000,0.0000,0,0,多换,B,7324.0000,0.0000,0.0000,0.0000,0.0000,7474.0000,0.0000,0.0000,0.0000,0.0000,6,0,0,0,0,1,0,0,0,0
zc,TA306,2012-06-18 09:19:03.183,7506.0000,4,0,0.0000,0.0000,0,0,多换,B,7330.0000,0.0000,0.0000,0.0000,0.0000,7474.0000,0.0000,0.0000,0.0000,0.0000,5,0,0,0,0,1,0,0,0,0
zc,TA306,2012-06-18 09:19:10.963,7506.0000,4,0,0.0000,0.0000,0,0,多换,B,7366.0000,0.0000,0.0000,0.0000,0.0000,7474.0000,0.0000,0.0000,0.0000,0.0000,1,0,0,0,0,1,0,0,0,0
zc,TA306,2012-06-18 09:21:10.197,7506.0000,4,0,0.0000,0.0000,0,0,多换,B,7324.0000,0.0000,0.0000,0.0000,0.0000,7474.0000,0.0000,0.0000,0.0000,0.0000,1,0,0,0,0,1,0,0,0,0
zc,TA306,2012-06-18 09:21:11.917,7506.0000,4,0,0.0000,0.0000,0,0,多换,B,7330.0000,0.0000,0.0000,0.0000,0.0000,7474.0000,0.0000,0.0000,0.0000,0.0000,5,0,0,0,0,1,0,0,0,0
zc,TA306,2012-06-18 09:21:24.667,7506.0000,4,0,0.0000,0.0000,0,0,多换,B,7352.0000,0.0000,0.0000,0.0000,0.0000,7474.0000,0.0000,0.0000,0.0000,0.0000,1,0,0,0,0,1,0,0,0,0
zc,TA306,2012-06-18 09:21:27.477,7506.0000,4,0,0.0000,0.0000,0,0,多换,B,7354.0000,0.0000,0.0000,0.0000,0.0000,7474.0000,0.0000,0.0000,0.0000,0.0000,5,0,0,0,0,1,0,0,0,0
zc,TA306,2012-06-18 09:23:21.977,7506.0000,4,0,0.0000,0.0000,0,0,多换,B,7356.0000,0.0000,0.0000,0.0000,0.0000,7474.0000,0.0000,0.0000,0.0000,0.0000,1,0,0,0,0,1,0,0,0,0
zc,TA306,2012-06-18 09:23:24.947,7506.0000,4,0,0.0000,0.0000,0,0,多换,B,7358.0000,0.0000,0.0000,0.0000,0.0000,7474.0000,0.0000,0.0000,0.0000,0.0000,5,0,0,0,0,1,0,0,0,0
zc,TA306,2012-06-18 09:23:28.227,7506.0000,4,0,0.0000,0.0000,0,0,多换,B,7362.0000,0.0000,0.0000,0.0000,0.0000,7474.0000,0.0000,0.0000,0.0000,0.0000,1,0,0,0,0,1,0,0,0,0
zc,TA306,2012-06-18 09:23:32.667,7506.0000,4,0,0.0000,0.0000,0,0,多换,B,7364.0000,0.0000,0.0000,0.0000,0.0000,7474.0000,0.0000,0.0000,0.0000,0.0000,5,0,0,0,0,1,0,0,0,0
zc,TA306,2012-06-18 09:23:38.760,7506.0000,4,0,0.0000,0.0000,0,0,多换,B,7366.0000,0.0000,0.0000,0.0000,0.0000,7474.0000,0.0000,0.0000,0.0000,0.0000,1,0,0,0,0,1,0,0,0,0
zc,TA306,2012-06-18 09:23:41.433,7506.0000,4,0,0.0000,0.0000,0,0,多换,B,7368.0000,0.0000,0.0000,0.0000,0.0000,7474.0000,0.0000,0.0000,0.0000,0.0000,6,0,0,0,0,1,0,0,0,0
zc,TA306,2012-06-18 09:24:21.977,7506.0000,4,0,0.0000,0.0000,0,0,多换,B,7368.0000,0.0000,0.0000,0.0000,0.0000,7474.0000,0.0000,0.0000,0.0000,0.0000,1,0,0,0,0,1,0,0,0,0
zc,TA306,2012-06-18 09:25:00.447,7506.0000,4,0,0.0000,0.0000,0,0,多换,B,7370.0000,0.0000,0.0000,0.0000,0.0000,7474.0000,0.0000,0.0000,0.0000,0.0000,1,0,0,0,0,1,0,0,0,0
zc,TA306,2012-06-18 09:29:56.417,7506.0000,4,0,0.0000,0.0000,0,0,多换,B,7360.0000,0.0000,0.0000,0.0000,0.0000,7474.0000,0.0000,0.0000,0.0000,0.0000,1,0,0,0,0,1,0,0,0,0
zc,TA306,2012-06-18 09:30:02.447,7506.0000,4,0,0.0000,0.0000,0,0,多换,B,7342.0000,0.0000,0.0000,0.0000,0.0000,7474.0000,0.0000,0.0000,0.0000,0.0000,1,0,0,0,0,1,0,0,0,0
zc,TA306,2012-06-18 09:30:04.447,7506.0000,4,0,0.0000,0.0000,0,0,多换,B,7358.0000,0.0000,0.0000,0.0000,0.0000,7474.0000,0.0000,0.0000,0.0000,0.0000,1,0,0,0,0,1,0,0,0,0
zc,TA306,2012-06-18 09:30:11.933,7506.0000,4,0,0.0000,0.0000,0,0,多换,B,7342.0000,0.0000,0.0000,0.0000,0.0000,7474.0000,0.0000,0.0000,0.0000,0.0000,1,0,0,0,0,1,0,0,0,0
zc,TA306,2012-06-18 09:30:12.917,7506.0000,4,0,0.0000,0.0000,0,0,多换,B,7356.0000,0.0000,0.0000,0.0000,0.0000,7474.0000,0.0000,0.0000,0.0000,0.0000,1,0,0,0,0,1,0,0,0,0
zc,TA306,2012-06-18 09:30:17.697,7506.0000,4,0,0.0000,0.0000,0,0,多换,B,7344.0000,0.0000,0.0000,0.0000,0.0000,7474.0000,0.0000,0.0000,0.0000,0.0000,5,0,0,0,0,1,0,0,0,0
zc,TA306,2012-06-18 09:30:18.697,7506.0000,4,0,0.0000,0.0000,0,0,多换,B,7354.0000,0.0000,0.0000,0.0000,0.0000,7474.0000,0.0000,0.0000,0.0000,0.0000,1,0,0,0,0,1,0,0,0,0
zc,TA306,2012-06-18 09:30:27.667,7506.0000,4,0,0.0000,0.0000,0,0,多换,B,7342.0000,0.0000,0.0000,0.0000,0.0000,7474.0000,0.0000,0.0000,0.0000,0.0000,1,0,0,0,0,1,0,0,0,0
zc,TA306,2012-06-18 09:30:28.713,7506.0000,4,0,0.0000,0.0000,0,0,多换,B,7356.0000,0.0000,0.0000,0.0000,0.0000,7474.0000,0.0000,0.0000,0.0000,0.0000,1,0,0,0,0,1,0,0,0,0
zc,TA306,2012-06-18 09:30:38.777,7506.0000,4,0,0.0000,0.0000,0,0,多换,B,7342.0000,0.0000,0.0000,0.0000,0.0000,7474.0000,0.0000,0.0000,0.0000,0.0000,1,0,0,0,0,1,0,0,0,0
zc,TA306,2012-06-18 09:30:39.963,7506.0000,4,0,0.0000,0.0000,0,0,多换,B,7352.0000,0.0000,0.0000,0.0000,0.0000,7474.0000,0.0000,0.0000,0.0000,0.0000,1,0,0,0,0,1,0,0,0,0
zc,TA306,2012-06-18 09:30:42.527,7506.0000,4,0,0.0000,0.0000,0,0,多换,B,7344.0000,0.0000,0.0000,0.0000,0.0000,7474.0000,0.0000,0.0000,0.0000,0.0000,5,0,0,0,0,1,0,0,0,0
zc,TA306,2012-06-18 09:30:43.713,7506.0000,4,0,0.0000,0.0000,0,0,多换,B,7352.0000,0.0000,0.0000,0.0000,0.0000,7474.0000,0.0000,0.0000,0.0000,0.0000,1,0,0,0,0,1,0,0,0,0
zc,TA306,2012-06-18 09:30:44.713,7506.0000,4,0,0.0000,0.0000,0,0,多换,B,7344.0000,0.0000,0.0000,0.0000,0.0000,7474.0000,0.0000,0.0000,0.0000,0.0000,5,0,0,0,0,1,0,0,0,0
zc,TA306,2012-06-18 09:30:45.510,7506.0000,4,0,0.0000,0.0000,0,0,多换,B,7342.0000,0.0000,0.0000,0.0000,0.0000,7474.0000,0.0000,0.0000,0.0000,0.0000,1,0,0,0,0,1,0,0,0,0
zc,TA306,2012-06-18 09:30:45.727,7506.0000,4,0,0.0000,0.0000,0,0,多换,B,7350.0000,0.0000,0.0000,0.0000,0.0000,7474.0000,0.0000,0.0000,0.0000,0.0000,1,0,0,0,0,1,0,0,0,0
zc,TA306,2012-06-18 09:30:54.433,7506.0000,4,0,0.0000,0.0000,0,0,多换,B,7342.0000,0.0000,0.0000,0.0000,0.0000,7474.0000,0.0000,0.0000,0.0000,0.0000,1,0,0,0,0,1,0,0,0,0
zc,TA306,2012-06-18 09:30:55.683,7506.0000,4,0,0.0000,0.0000,0,0,多换,B,7344.0000,0.0000,0.0000,0.0000,0.0000,7474.0000,0.0000,0.0000,0.0000,0.0000,5,0,0,0,0,1,0,0,0,0
zc,TA306,2012-06-18 09:30:56.197,7506.0000,4,0,0.0000,0.0000,0,0,多换,B,7352.0000,0.0000,0.0000,0.0000,0.0000,7474.0000,0.0000,0.0000,0.0000,0.0000,1,0,0,0,0,1,0,0,0,0
zc,TA306,2012-06-18 09:31:16.713,7506.0000,4,0,0.0000,0.0000,0,0,多换,B,7354.0000,0.0000,0.0000,0.0000,0.0000,7474.0000,0.0000,0.0000,0.0000,0.0000,1,0,0,0,0,1,0,0,0,0
zc,TA306,2012-06-18 09:31:24.400,7506.0000,4,0,0.0000,0.0000,0,0,多换,B,7356.0000,0.0000,0.0000,0.0000,0.0000,7474.0000,0.0000,0.0000,0.0000,0.0000,1,0,0,0,0,1,0,0,0,0
zc,TA306,2012-06-18 09:32:32.697,7506.0000,4,0,0.0000,0.0000,0,0,多换,B,7356.0000,0.0000,0.0000,0.0000,0.0000,7474.0000,0.0000,0.0000,0.0000,0.0000,2,0,0,0,0,1,0,0,0,0
zc,TA306,2012-06-18 09:32:42.167,7506.0000,4,0,0.0000,0.0000,0,0,多换,B,7356.0000,0.0000,0.0000,0.0000,0.0000,7474.0000,0.0000,0.0000,0.0000,0.0000,1,0,0,0,0,1,0,0,0,0
zc,TA306,2012-06-18 09:32:43.933,7506.0000,4,0,0.0000,0.0000,0,0,多换,B,7358.0000,0.0000,0.0000,0.0000,0.0000,7474.0000,0.0000,0.0000,0.0000,0.0000,1,0,0,0,0,1,0,0,0,0
zc,TA306,2012-06-18 09:33:06.917,7506.0000,4,0,0.0000,0.0000,0,0,多换,B,7364.0000,0.0000,0.0000,0.0000,0.0000,7474.0000,0.0000,0.0000,0.0000,0.0000,1,0,0,0,0,1,0,0,0,0
zc,TA306,2012-06-18 09:33:25.650,7506.0000,4,0,0.0000,0.0000,0,0,多换,B,7366.0000,0.0000,0.0000,0.0000,0.0000,7474.0000,0.0000,0.0000,0.0000,0.0000,1,0,0,0,0,1,0,0,0,0
zc,TA306,2012-06-18 09:33:28.167,7506.0000,4,0,0.0000,0.0000,0,0,多换,B,7372.0000,0.0000,0.0000,0.0000,0.0000,7474.0000,0.0000,0.0000,0.0000,0.0000,1,0,0,0,0,1,0,0,0,0
zc,TA306,2012-06-18 09:33:54.447,7506.0000,4,0,0.0000,0.0000,0,0,多换,B,7374.0000,0.0000,0.0000,0.0000,0.0000,7474.0000,0.0000,0.0000,0.0000,0.0000,1,0,0,0,0,1,0,0,0,0
zc,TA306,2012-06-18 09:33:56.400,7506.0000,4,0,0.0000,0.0000,0,0,多换,B,7380.0000,0.0000,0.0000,0.0000,0.0000,7474.0000,0.0000,0.0000,0.0000,0.0000,1,0,0,0,0,1,0,0,0,0
zc,TA306,2012-06-18 09:34:13.917,7506.0000,4,0,0.0000,0.0000,0,0,多换,B,7382.0000,0.0000,0.0000,0.0000,0.0000,7474.0000,0.0000,0.0000,0.0000,0.0000,1,0,0,0,0,1,0,0,0,0
zc,TA306,2012-06-18 09:34:16.650,7506.0000,4,0,0.0000,0.0000,0,0,多换,B,7388.0000,0.0000,0.0000,0.0000,0.0000,7474.0000,0.0000,0.0000,0.0000,0.0000,1,0,0,0,0,1,0,0,0,0
zc,TA306,2012-06-18 09:35:09.387,7506.0000,4,0,0.0000,0.0000,0,0,多换,B,7388.0000,0.0000,0.0000,0.0000,0.0000,7474.0000,0.0000,0.0000,0.0000,0.0000,1,0,0,0,0,1,0,0,0,0
zc,TA306,2012-06-18 09:35:13.947,7506.0000,4,0,0.0000,0.0000,0,0,多换,B,7388.0000,0.0000,0.0000,0.0000,0.0000,7472.0000,0.0000,0.0000,0.0000,0.0000,1,0,0,0,0,1,0,0,0,0
zc,TA306,2012-06-18 09:35:23.683,7506.0000,4,0,0.0000,0.0000,0,0,多换,B,7390.0000,0.0000,0.0000,0.0000,0.0000,7472.0000,0.0000,0.0000,0.0000,0.0000,1,0,0,0,0,1,0,0,0,0
zc,TA306,2012-06-18 09:35:38.417,7506.0000,4,0,0.0000,0.0000,0,0,多换,B,7388.0000,0.0000,0.0000,0.0000,0.0000,7472.0000,0.0000,0.0000,0.0000,0.0000,1,0,0,0,0,1,0,0,0,0
zc,TA306,2012-06-18 09:35:52.167,7506.0000,4,0,0.0000,0.0000,0,0,多换,B,7388.0000,0.0000,0.0000,0.0000,0.0000,7464.0000,0.0000,0.0000,0.0000,0.0000,1,0,0,0,0,1,0,0,0,0
zc,TA306,2012-06-18 09:36:35.947,7506.0000,4,0,0.0000,0.0000,0,0,多换,B,7324.0000,0.0000,0.0000,0.0000,0.0000,7464.0000,0.0000,0.0000,0.0000,0.0000,1,0,0,0,0,1,0,0,0,0
zc,TA306,2012-06-18 09:36:37.650,7506.0000,4,0,0.0000,0.0000,0,0,多换,B,7346.0000,0.0000,0.0000,0.0000,0.0000,7464.0000,0.0000,0.0000,0.0000,0.0000,1,0,0,0,0,1,0,0,0,0
zc,TA306,2012-06-18 09:36:45.697,7506.0000,4,0,0.0000,0.0000,0,0,多换,B,7352.0000,0.0000,0.0000,0.0000,0.0000,7464.0000,0.0000,0.0000,0.0000,0.0000,1,0,0,0,0,1,0,0,0,0
zc,TA306,2012-06-18 09:37:08.167,7506.0000,4,0,0.0000,0.0000,0,0,多换,B,7354.0000,0.0000,0.0000,0.0000,0.0000,7464.0000,0.0000,0.0000,0.0000,0.0000,1,0,0,0,0,1,0,0,0,0
zc,TA306,2012-06-18 09:37:10.417,7506.0000,4,0,0.0000,0.0000,0,0,多换,B,7360.0000,0.0000,0.0000,0.0000,0.0000,7464.0000,0.0000,0.0000,0.0000,0.0000,1,0,0,0,0,1,0,0,0,0
zc,TA306,2012-06-18 09:37:19.933,7506.0000,4,0,0.0000,0.0000,0,0,多换,B,7362.0000,0.0000,0.0000,0.0000,0.0000,7464.0000,0.0000,0.0000,0.0000,0.0000,1,0,0,0,0,1,0,0,0,0
zc,TA306,2012-06-18 09:37:22.167,7506.0000,4,0,0.0000,0.0000,0,0,多换,B,7368.0000,0.0000,0.0000,0.0000,0.0000,7464.0000,0.0000,0.0000,0.0000,0.0000,1,0,0,0,0,1,0,0,0,0
zc,TA306,2012-06-18 09:37:31.417,7506.0000,4,0,0.0000,0.0000,0,0,多换,B,7370.0000,0.0000,0.0000,0.0000,0.0000,7464.0000,0.0000,0.0000,0.0000,0.0000,1,0,0,0,0,1,0,0,0,0
zc,TA306,2012-06-18 09:37:33.713,7506.0000,4,0,0.0000,0.0000,0,0,多换,B,7376.0000,0.0000,0.0000,0.0000,0.0000,7464.0000,0.0000,0.0000,0.0000,0.0000,1,0,0,0,0,1,0,0,0,0
zc,TA306,2012-06-18 09:37:49.400,7506.0000,4,0,0.0000,0.0000,0,0,多换,B,7378.0000,0.0000,0.0000,0.0000,0.0000,7464.0000,0.0000,0.0000,0.0000,0.0000,1,0,0,0,0,1,0,0,0,0
zc,TA306,2012-06-18 09:37:52.447,7506.0000,4,0,0.0000,0.0000,0,0,多换,B,7384.0000,0.0000,0.0000,0.0000,0.0000,7464.0000,0.0000,0.0000,0.0000,0.0000,1,0,0,0,0,1,0,0,0,0
zc,TA306,2012-06-18 09:38:01.697,7506.0000,4,0,0.0000,0.0000,0,0,多换,B,7386.0000,0.0000,0.0000,0.0000,0.0000,7464.0000,0.0000,0.0000,0.0000,0.0000,1,0,0,0,0,1,0,0,0,0
zc,TA306,2012-06-18 09:38:04.900,7506.0000,4,0,0.0000,0.0000,0,0,多换,B,7388.0000,0.0000,0.0000,0.0000,0.0000,7464.0000,0.0000,0.0000,0.0000,0.0000,1,0,0,0,0,1,0,0,0,0
zc,TA306,2012-06-18 09:40:29.137,7506.0000,4,0,0.0000,0.0000,0,0,多换,B,7388.0000,0.0000,0.0000,0.0000,0.0000,7484.0000,0.0000,0.0000,0.0000,0.0000,1,0,0,0,0,1,0,0,0,0
zc,TA306,2012-06-18 09:40:29.667,7506.0000,4,0,0.0000,0.0000,0,0,多换,B,7388.0000,0.0000,0.0000,0.0000,0.0000,7482.0000,0.0000,0.0000,0.0000,0.0000,1,0,0,0,0,6,0,0,0,0
zc,TA306,2012-06-18 09:40:56.933,7506.0000,4,0,0.0000,0.0000,0,0,多换,B,7388.0000,0.0000,0.0000,0.0000,0.0000,7484.0000,0.0000,0.0000,0.0000,0.0000,1,0,0,0,0,1,0,0,0,0
zc,TA306,2012-06-18 09:41:02.417,7506.0000,4,0,0.0000,0.0000,0,0,多换,B,7390.0000,0.0000,0.0000,0.0000,0.0000,7484.0000,0.0000,0.0000,0.0000,0.0000,1,0,0,0,0,1,0,0,0,0
zc,TA306,2012-06-18 09:41:04.650,7506.0000,4,0,0.0000,0.0000,0,0,多换,B,7392.0000,0.0000,0.0000,0.0000,0.0000,7484.0000,0.0000,0.0000,0.0000,0.0000,1,0,0,0,0,1,0,0,0,0
zc,TA306,2012-06-18 09:41:13.137,7506.0000,4,0,0.0000,0.0000,0,0,多换,B,7394.0000,0.0000,0.0000,0.0000,0.0000,7484.0000,0.0000,0.0000,0.0000,0.0000,1,0,0,0,0,1,0,0,0,0
zc,TA306,2012-06-18 09:41:15.917,7506.0000,4,0,0.0000,0.0000,0,0,多换,B,7396.0000,0.0000,0.0000,0.0000,0.0000,7484.0000,0.0000,0.0000,0.0000,0.0000,1,0,0,0,0,1,0,0,0,0
zc,TA306,2012-06-18 09:41:28.137,7506.0000,4,0,0.0000,0.0000,0,0,多换,B,7398.0000,0.0000,0.0000,0.0000,0.0000,7484.0000,0.0000,0.0000,0.0000,0.0000,1,0,0,0,0,1,0,0,0,0
zc,TA306,2012-06-18 09:42:06.947,7506.0000,4,0,0.0000,0.0000,0,0,多换,B,7398.0000,0.0000,0.0000,0.0000,0.0000,7482.0000,0.0000,0.0000,0.0000,0.0000,1,0,0,0,0,6,0,0,0,0
zc,TA306,2012-06-18 09:43:25.167,7506.0000,4,0,0.0000,0.0000,0,0,多换,B,7398.0000,0.0000,0.0000,0.0000,0.0000,7480.0000,0.0000,0.0000,0.0000,0.0000,1,0,0,0,0,1,0,0,0,0
zc,TA306,2012-06-18 09:44:30.400,7506.0000,4,0,0.0000,0.0000,0,0,多换,B,7400.0000,0.0000,0.0000,0.0000,0.0000,7480.0000,0.0000,0.0000,0.0000,0.0000,1,0,0,0,0,1,0,0,0,0
zc,TA306,2012-06-18 09:44:47.167,7506.0000,4,0,0.0000,0.0000,0,0,多换,B,7398.0000,0.0000,0.0000,0.0000,0.0000,7480.0000,0.0000,0.0000,0.0000,0.0000,1,0,0,0,0,1,0,0,0,0
zc,TA306,2012-06-18 09:48:30.400,7506.0000,4,0,0.0000,0.0000,0,0,多换,B,7398.0000,0.0000,0.0000,0.0000,0.0000,7478.0000,0.0000,0.0000,0.0000,0.0000,1,0,0,0,0,2,0,0,0,0
zc,TA306,2012-06-18 09:49:58.387,7506.0000,4,0,0.0000,0.0000,0,0,多换,B,7400.0000,0.0000,0.0000,0.0000,0.0000,7478.0000,0.0000,0.0000,0.0000,0.0000,1,0,0,0,0,2,0,0,0,0
zc,TA306,2012-06-18 09:51:28.933,7506.0000,4,0,0.0000,0.0000,0,0,多换,B,7400.0000,0.0000,0.0000,0.0000,0.0000,7478.0000,0.0000,0.0000,0.0000,0.0000,1,0,0,0,0,1,0,0,0,0
zc,TA306,2012-06-18 09:51:39.667,7506.0000,4,0,0.0000,0.0000,0,0,多换,B,7400.0000,0.0000,0.0000,0.0000,0.0000,7484.0000,0.0000,0.0000,0.0000,0.0000,1,0,0,0,0,1,0,0,0,0
zc,TA306,2012-06-18 09:52:09.370,7506.0000,4,0,0.0000,0.0000,0,0,多换,B,7400.0000,0.0000,0.0000,0.0000,0.0000,7484.0000,0.0000,0.0000,0.0000,0.0000,1,0,0,0,0,1,0,0,0,0
zc,TA306,2012-06-18 09:53:04.387,7506.0000,4,0,0.0000,0.0000,0,0,多换,B,7398.0000,0.0000,0.0000,0.0000,0.0000,7484.0000,0.0000,0.0000,0.0000,0.0000,1,0,0,0,0,1,0,0,0,0
zc,TA306,2012-06-18 09:53:09.387,7506.0000,4,0,0.0000,0.0000,0,0,多换,B,7398.0000,0.0000,0.0000,0.0000,0.0000,7484.0000,0.0000,0.0000,0.0000,0.0000,1,0,0,0,0,1,0,0,0,0
zc,TA306,2012-06-18 09:53:29.870,7506.0000,4,0,0.0000,0.0000,0,0,多换,B,7356.0000,0.0000,0.0000,0.0000,0.0000,7484.0000,0.0000,0.0000,0.0000,0.0000,1,0,0,0,0,1,0,0,0,0
zc,TA306,2012-06-18 09:53:35.387,7506.0000,4,0,0.0000,0.0000,0,0,多换,B,7356.0000,0.0000,0.0000,0.0000,0.0000,7484.0000,0.0000,0.0000,0.0000,0.0000,6,0,0,0,0,1,0,0,0,0
zc,TA306,2012-06-18 09:53:48.400,7506.0000,4,0,0.0000,0.0000,0,0,多换,B,7356.0000,0.0000,0.0000,0.0000,0.0000,7482.0000,0.0000,0.0000,0.0000,0.0000,6,0,0,0,0,1,0,0,0,0
zc,TA306,2012-06-18 09:53:54.387,7506.0000,4,0,0.0000,0.0000,0,0,多换,B,7358.0000,0.0000,0.0000,0.0000,0.0000,7482.0000,0.0000,0.0000,0.0000,0.0000,1,0,0,0,0,1,0,0,0,0
zc,TA306,2012-06-18 09:53:57.120,7506.0000,4,0,0.0000,0.0000,0,0,多换,B,7364.0000,0.0000,0.0000,0.0000,0.0000,7482.0000,0.0000,0.0000,0.0000,0.0000,1,0,0,0,0,1,0,0,0,0
zc,TA306,2012-06-18 09:54:59.370,7506.0000,4,0,0.0000,0.0000,0,0,多换,B,7364.0000,0.0000,0.0000,0.0000,0.0000,7480.0000,0.0000,0.0000,0.0000,0.0000,1,0,0,0,0,6,0,0,0,0
zc,TA306,2012-06-18 09:55:08.917,7506.0000,4,0,0.0000,0.0000,0,0,多换,B,7364.0000,0.0000,0.0000,0.0000,0.0000,7482.0000,0.0000,0.0000,0.0000,0.0000,1,0,0,0,0,1,0,0,0,0
zc,TA306,2012-06-18 09:56:32.120,7506.0000,4,0,0.0000,0.0000,0,0,多换,B,7364.0000,0.0000,0.0000,0.0000,0.0000,7478.0000,0.0000,0.0000,0.0000,0.0000,1,0,0,0,0,1,0,0,0,0
zc,TA306,2012-06-18 09:57:29.137,7506.0000,4,0,0.0000,0.0000,0,0,多换,B,7364.0000,0.0000,0.0000,0.0000,0.0000,7476.0000,0.0000,0.0000,0.0000,0.0000,1,0,0,0,0,1,0,0,0,0
zc,TA306,2012-06-18 09:58:32.370,7506.0000,4,0,0.0000,0.0000,0,0,多换,B,7366.0000,0.0000,0.0000,0.0000,0.0000,7476.0000,0.0000,0.0000,0.0000,0.0000,1,0,0,0,0,1,0,0,0,0
zc,TA306,2012-06-18 09:58:34.370,7506.0000,4,0,0.0000,0.0000,0,0,多换,B,7372.0000,0.0000,0.0000,0.0000,0.0000,7476.0000,0.0000,0.0000,0.0000,0.0000,1,0,0,0,0,1,0,0,0,0
zc,TA306,2012-06-18 09:58:43.933,7506.0000,4,0,0.0000,0.0000,0,0,多换,B,7374.0000,0.0000,0.0000,0.0000,0.0000,7476.0000,0.0000,0.0000,0.0000,0.0000,1,0,0,0,0,1,0,0,0,0
zc,TA306,2012-06-18 09:58:46.870,7506.0000,4,0,0.0000,0.0000,0,0,多换,B,7380.0000,0.0000,0.0000,0.0000,0.0000,7476.0000,0.0000,0.0000,0.0000,0.0000,1,0,0,0,0,1,0,0,0,0
zc,TA306,2012-06-18 09:59:03.917,7506.0000,4,0,0.0000,0.0000,0,0,多换,B,7382.0000,0.0000,0.0000,0.0000,0.0000,7476.0000,0.0000,0.0000,0.0000,0.0000,1,0,0,0,0,1,0,0,0,0
zc,TA306,2012-06-18 09:59:07.167,7506.0000,4,0,0.0000,0.0000,0,0,多换,B,7388.0000,0.0000,0.0000,0.0000,0.0000,7476.0000,0.0000,0.0000,0.0000,0.0000,1,0,0,0,0,1,0,0,0,0
zc,TA306,2012-06-18 09:59:14.120,7506.0000,4,0,0.0000,0.0000,0,0,多换,B,7390.0000,0.0000,0.0000,0.0000,0.0000,7476.0000,0.0000,0.0000,0.0000,0.0000,1,0,0,0,0,1,0,0,0,0
zc,TA306,2012-06-18 09:59:17.667,7506.0000,4,0,0.0000,0.0000,0,0,多换,B,7392.0000,0.0000,0.0000,0.0000,0.0000,7476.0000,0.0000,0.0000,0.0000,0.0000,1,0,0,0,0,1,0,0,0,0
zc,TA306,2012-06-18 09:59:26.353,7506.0000,4,0,0.0000,0.0000,0,0,多换,B,7394.0000,0.0000,0.0000,0.0000,0.0000,7476.0000,0.0000,0.0000,0.0000,0.0000,1,0,0,0,0,1,0,0,0,0
zc,TA306,2012-06-18 09:59:29.137,7506.0000,4,0,0.0000,0.0000,0,0,多换,B,7396.0000,0.0000,0.0000,0.0000,0.0000,7476.0000,0.0000,0.0000,0.0000,0.0000,1,0,0,0,0,1,0,0,0,0
zc,TA306,2012-06-18 09:59:39.637,7506.0000,4,0,0.0000,0.0000,0,0,多换,B,7398.0000,0.0000,0.0000,0.0000,0.0000,7476.0000,0.0000,0.0000,0.0000,0.0000,1,0,0,0,0,1,0,0,0,0
zc,TA306,2012-06-18 09:59:42.387,7506.0000,4,0,0.0000,0.0000,0,0,多换,B,7400.0000,0.0000,0.0000,0.0000,0.0000,7476.0000,0.0000,0.0000,0.0000,0.0000,1,0,0,0,0,1,0,0,0,0
zc,TA306,2012-06-18 10:06:08.370,7506.0000,4,0,0.0000,0.0000,0,0,多换,B,7400.0000,0.0000,0.0000,0.0000,0.0000,7484.0000,0.0000,0.0000,0.0000,0.0000,1,0,0,0,0,1,0,0,0,0
zc,TA306,2012-06-18 10:06:13.433,7506.0000,4,0,0.0000,0.0000,0,0,多换,B,7400.0000,0.0000,0.0000,0.0000,0.0000,7482.0000,0.0000,0.0000,0.0000,0.0000,1,0,0,0,0,1,0,0,0,0
zc,TA306,2012-06-18 10:06:36.370,7506.0000,4,0,0.0000,0.0000,0,0,多换,B,7400.0000,0.0000,0.0000,0.0000,0.0000,7484.0000,0.0000,0.0000,0.0000,0.0000,1,0,0,0,0,1,0,0,0,0
zc,TA306,2012-06-18 10:09:00.387,7506.0000,4,0,0.0000,0.0000,0,0,多换,B,7358.0000,0.0000,0.0000,0.0000,0.0000,7484.0000,0.0000,0.0000,0.0000,0.0000,1,0,0,0,0,1,0,0,0,0
zc,TA306,2012-06-18 10:09:01.370,7506.0000,4,0,0.0000,0.0000,0,0,多换,B,7364.0000,0.0000,0.0000,0.0000,0.0000,7484.0000,0.0000,0.0000,0.0000,0.0000,1,0,0,0,0,1,0,0,0,0
zc,TA306,2012-06-18 10:11:16.587,7506.0000,4,0,0.0000,0.0000,0,0,多换,B,7364.0000,0.0000,0.0000,0.0000,0.0000,7448.0000,0.0000,0.0000,0.0000,0.0000,1,0,0,0,0,1,0,0,0,0
zc,TA306,2012-06-18 10:12:52.103,7506.0000,4,0,0.0000,0.0000,0,0,多换,B,7364.0000,0.0000,0.0000,0.0000,0.0000,7484.0000,0.0000,0.0000,0.0000,0.0000,1,0,0,0,0,1,0,0,0,0
zc,TA306,2012-06-18 10:12:54.087,7506.0000,4,0,0.0000,0.0000,0,0,多换,B,7364.0000,0.0000,0.0000,0.0000,0.0000,7482.0000,0.0000,0.0000,0.0000,0.0000,1,0,0,0,0,1,0,0,0,0
zc,TA306,2012-06-18 10:13:33.337,7506.0000,4,0,0.0000,0.0000,0,0,多换,B,7364.0000,0.0000,0.0000,0.0000,0.0000,7482.0000,0.0000,0.0000,0.0000,0.0000,1,0,0,0,0,3,0,0,0,0
zc,TA306,2012-06-18 10:13:43.870,7506.0000,4,0,0.0000,0.0000,0,0,多换,B,7364.0000,0.0000,0.0000,0.0000,0.0000,7478.0000,0.0000,0.0000,0.0000,0.0000,1,0,0,0,0,1,0,0,0,0
zc,TA306,2012-06-18 10:14:28.353,7506.0000,4,0,0.0000,0.0000,0,0,多换,B,7364.0000,0.0000,0.0000,0.0000,0.0000,7476.0000,0.0000,0.0000,0.0000,0.0000,1,0,0,0,0,1,0,0,0,0
zc,TA306,2012-06-18 10:32:49.137,7506.0000,4,0,0.0000,0.0000,0,0,多换,B,7366.0000,0.0000,0.0000,0.0000,0.0000,7476.0000,0.0000,0.0000,0.0000,0.0000,1,0,0,0,0,1,0,0,0,0
zc,TA306,2012-06-18 10:32:51.900,7506.0000,4,0,0.0000,0.0000,0,0,多换,B,7372.0000,0.0000,0.0000,0.0000,0.0000,7476.0000,0.0000,0.0000,0.0000,0.0000,1,0,0,0,0,1,0,0,0,0
zc,TA306,2012-06-18 10:35:51.400,7506.0000,4,0,0.0000,0.0000,0,0,多换,B,7372.0000,0.0000,0.0000,0.0000,0.0000,7476.0000,0.0000,0.0000,0.0000,0.0000,2,0,0,0,0,1,0,0,0,0
zc,TA306,2012-06-18 10:35:55.620,7506.0000,4,0,0.0000,0.0000,0,0,多换,B,7372.0000,0.0000,0.0000,0.0000,0.0000,7476.0000,0.0000,0.0000,0.0000,0.0000,1,0,0,0,0,1,0,0,0,0
zc,TA306,2012-06-18 10:38:09.323,7506.0000,4,0,0.0000,0.0000,0,0,多换,B,7372.0000,0.0000,0.0000,0.0000,0.0000,7476.0000,0.0000,0.0000,0.0000,0.0000,1,0,0,0,0,1,0,0,0,0
zc,TA306,2012-06-18 10:40:48.837,7506.0000,4,0,0.0000,0.0000,0,0,多换,B,7372.0000,0.0000,0.0000,0.0000,0.0000,7474.0000,0.0000,0.0000,0.0000,0.0000,1,0,0,0,0,1,0,0,0,0
zc,TA306,2012-06-18 10:43:28.073,7506.0000,4,0,0.0000,0.0000,0,0,多换,B,7372.0000,0.0000,0.0000,0.0000,0.0000,7470.0000,0.0000,0.0000,0.0000,0.0000,1,0,0,0,0,1,0,0,0,0
zc,TA306,2012-06-18 10:45:09.337,7506.0000,4,0,0.0000,0.0000,0,0,多换,B,7372.0000,0.0000,0.0000,0.0000,0.0000,7470.0000,0.0000,0.0000,0.0000,0.0000,1,0,0,0,0,1,0,0,0,0
zc,TA306,2012-06-18 10:53:23.837,7506.0000,4,0,0.0000,0.0000,0,0,多换,B,7372.0000,0.0000,0.0000,0.0000,0.0000,7474.0000,0.0000,0.0000,0.0000,0.0000,1,0,0,0,0,1,0,0,0,0
zc,TA306,2012-06-18 10:54:09.323,7506.0000,4,0,0.0000,0.0000,0,0,多换,B,7372.0000,0.0000,0.0000,0.0000,0.0000,7474.0000,0.0000,0.0000,0.0000,0.0000,1,0,0,0,0,1,0,0,0,0
zc,TA306,2012-06-18 10:56:09.307,7506.0000,4,0,0.0000,0.0000,0,0,多换,B,7372.0000,0.0000,0.0000,0.0000,0.0000,7474.0000,0.0000,0.0000,0.0000,0.0000,1,0,0,0,0,1,0,0,0,0
zc,TA306,2012-06-18 10:56:59.057,7506.0000,4,0,0.0000,0.0000,0,0,多换,B,7372.0000,0.0000,0.0000,0.0000,0.0000,7472.0000,0.0000,0.0000,0.0000,0.0000,1,0,0,0,0,1,0,0,0,0
zc,TA306,2012-06-18 10:59:09.323,7506.0000,4,0,0.0000,0.0000,0,0,多换,B,7372.0000,0.0000,0.0000,0.0000,0.0000,7472.0000,0.0000,0.0000,0.0000,0.0000,1,0,0,0,0,1,0,0,0,0
zc,TA306,2012-06-18 11:01:09.290,7506.0000,4,0,0.0000,0.0000,0,0,多换,B,7372.0000,0.0000,0.0000,0.0000,0.0000,7472.0000,0.0000,0.0000,0.0000,0.0000,1,0,0,0,0,1,0,0,0,0
zc,TA306,2012-06-18 11:06:09.323,7506.0000,4,0,0.0000,0.0000,0,0,多换,B,7372.0000,0.0000,0.0000,0.0000,0.0000,7472.0000,0.0000,0.0000,0.0000,0.0000,1,0,0,0,0,1,0,0,0,0
zc,TA306,2012-06-18 11:09:09.323,7506.0000,4,0,0.0000,0.0000,0,0,多换,B,7372.0000,0.0000,0.0000,0.0000,0.0000,7472.0000,0.0000,0.0000,0.0000,0.0000,1,0,0,0,0,1,0,0,0,0
zc,TA306,2012-06-18 11:14:50.087,7506.0000,4,0,0.0000,0.0000,0,0,多换,B,7374.0000,0.0000,0.0000,0.0000,0.0000,7472.0000,0.0000,0.0000,0.0000,0.0000,1,0,0,0,0,1,0,0,0,0
zc,TA306,2012-06-18 11:14:52.790,7506.0000,4,0,0.0000,0.0000,0,0,多换,B,7380.0000,0.0000,0.0000,0.0000,0.0000,7472.0000,0.0000,0.0000,0.0000,0.0000,1,0,0,0,0,1,0,0,0,0
zc,TA306,2012-06-18 11:15:07.603,7506.0000,4,0,0.0000,0.0000,0,0,多换,B,7382.0000,0.0000,0.0000,0.0000,0.0000,7472.0000,0.0000,0.0000,0.0000,0.0000,1,0,0,0,0,1,0,0,0,0
zc,TA306,2012-06-18 11:15:09.837,7506.0000,4,0,0.0000,0.0000,0,0,多换,B,7388.0000,0.0000,0.0000,0.0000,0.0000,7472.0000,0.0000,0.0000,0.0000,0.0000,1,0,0,0,0,1,0,0,0,0
zc,TA306,2012-06-18 11:15:20.307,7506.0000,4,0,0.0000,0.0000,0,0,多换,B,7390.0000,0.0000,0.0000,0.0000,0.0000,7472.0000,0.0000,0.0000,0.0000,0.0000,1,0,0,0,0,1,0,0,0,0
zc,TA306,2012-06-18 11:15:23.290,7506.0000,4,0,0.0000,0.0000,0,0,多换,B,7392.0000,0.0000,0.0000,0.0000,0.0000,7472.0000,0.0000,0.0000,0.0000,0.0000,1,0,0,0,0,1,0,0,0,0
zc,TA306,2012-06-18 11:15:36.307,7506.0000,4,0,0.0000,0.0000,0,0,多换,B,7394.0000,0.0000,0.0000,0.0000,0.0000,7472.0000,0.0000,0.0000,0.0000,0.0000,1,0,0,0,0,1,0,0,0,0
zc,TA306,2012-06-18 11:15:41.307,7506.0000,4,0,0.0000,0.0000,0,0,多换,B,7396.0000,0.0000,0.0000,0.0000,0.0000,7472.0000,0.0000,0.0000,0.0000,0.0000,1,0,0,0,0,1,0,0,0,0
zc,TA306,2012-06-18 11:15:56.277,7506.0000,4,0,0.0000,0.0000,0,0,多换,B,7398.0000,0.0000,0.0000,0.0000,0.0000,7472.0000,0.0000,0.0000,0.0000,0.0000,1,0,0,0,0,1,0,0,0,0
zc,TA306,2012-06-18 11:16:09.277,7506.0000,4,0,0.0000,0.0000,0,0,多换,B,7398.0000,0.0000,0.0000,0.0000,0.0000,7472.0000,0.0000,0.0000,0.0000,0.0000,1,0,0,0,0,1,0,0,0,0
zc,TA306,2012-06-18 11:17:32.870,7506.0000,4,0,0.0000,0.0000,0,0,多换,B,7400.0000,0.0000,0.0000,0.0000,0.0000,7472.0000,0.0000,0.0000,0.0000,0.0000,1,0,0,0,0,1,0,0,0,0
zc,TA306,2012-06-18 11:21:09.353,7506.0000,4,0,0.0000,0.0000,0,0,多换,B,7400.0000,0.0000,0.0000,0.0000,0.0000,7472.0000,0.0000,0.0000,0.0000,0.0000,1,0,0,0,0,1,0,0,0,0
zc,TA306,2012-06-18 11:23:09.277,7506.0000,4,0,0.0000,0.0000,0,0,多换,B,7400.0000,0.0000,0.0000,0.0000,0.0000,7472.0000,0.0000,0.0000,0.0000,0.0000,1,0,0,0,0,1,0,0,0,0
zc,TA306,2012-06-18 11:28:09.290,7506.0000,4,0,0.0000,0.0000,0,0,多换,B,7400.0000,0.0000,0.0000,0.0000,0.0000,7472.0000,0.0000,0.0000,0.0000,0.0000,1,0,0,0,0,1,0,0,0,0
zc,TA306,2012-06-18 11:29:49.837,7506.0000,4,0,0.0000,0.0000,0,0,多换,B,7366.0000,0.0000,0.0000,0.0000,0.0000,7472.0000,0.0000,0.0000,0.0000,0.0000,1,0,0,0,0,1,0,0,0,0
zc,TA306,2012-06-18 11:32:09.277,7506.0000,4,0,0.0000,0.0000,0,0,多换,B,7366.0000,0.0000,0.0000,0.0000,0.0000,7472.0000,0.0000,0.0000,0.0000,0.0000,1,0,0,0,0,1,0,0,0,0
zc,TA306,2012-06-18 11:36:09.260,7506.0000,4,0,0.0000,0.0000,0,0,多换,B,7366.0000,0.0000,0.0000,0.0000,0.0000,7472.0000,0.0000,0.0000,0.0000,0.0000,1,0,0,0,0,1,0,0,0,0
zc,TA306,2012-06-18 11:37:09.260,7506.0000,4,0,0.0000,0.0000,0,0,多换,B,7366.0000,0.0000,0.0000,0.0000,0.0000,7472.0000,0.0000,0.0000,0.0000,0.0000,1,0,0,0,0,1,0,0,0,0
zc,TA306,2012-06-18 11:49:09.243,7506.0000,4,0,0.0000,0.0000,0,0,多换,B,7366.0000,0.0000,0.0000,0.0000,0.0000,7472.0000,0.0000,0.0000,0.0000,0.0000,1,0,0,0,0,1,0,0,0,0
zc,TA306,2012-06-18 11:50:09.243,7506.0000,4,0,0.0000,0.0000,0,0,多换,B,7366.0000,0.0000,0.0000,0.0000,0.0000,7472.0000,0.0000,0.0000,0.0000,0.0000,1,0,0,0,0,1,0,0,0,0
zc,TA306,2012-06-18 11:57:09.227,7506.0000,4,0,0.0000,0.0000,0,0,多换,B,7366.0000,0.0000,0.0000,0.0000,0.0000,7472.0000,0.0000,0.0000,0.0000,0.0000,1,0,0,0,0,1,0,0,0,0
zc,TA306,2012-06-18 11:58:09.243,7506.0000,4,0,0.0000,0.0000,0,0,多换,B,7366.0000,0.0000,0.0000,0.0000,0.0000,7472.0000,0.0000,0.0000,0.0000,0.0000,1,0,0,0,0,1,0,0,0,0
zc,TA306,2012-06-18 12:02:09.227,7506.0000,4,0,0.0000,0.0000,0,0,多换,B,7366.0000,0.0000,0.0000,0.0000,0.0000,7472.0000,0.0000,0.0000,0.0000,0.0000,1,0,0,0,0,1,0,0,0,0
zc,TA306,2012-06-18 12:04:09.227,7506.0000,4,0,0.0000,0.0000,0,0,多换,B,7366.0000,0.0000,0.0000,0.0000,0.0000,7472.0000,0.0000,0.0000,0.0000,0.0000,1,0,0,0,0,1,0,0,0,0
zc,TA306,2012-06-18 12:05:09.227,7506.0000,4,0,0.0000,0.0000,0,0,多换,B,7366.0000,0.0000,0.0000,0.0000,0.0000,7472.0000,0.0000,0.0000,0.0000,0.0000,1,0,0,0,0,1,0,0,0,0
zc,TA306,2012-06-18 12:06:09.227,7506.0000,4,0,0.0000,0.0000,0,0,多换,B,7366.0000,0.0000,0.0000,0.0000,0.0000,7472.0000,0.0000,0.0000,0.0000,0.0000,1,0,0,0,0,1,0,0,0,0
zc,TA306,2012-06-18 12:08:09.227,7506.0000,4,0,0.0000,0.0000,0,0,多换,B,7366.0000,0.0000,0.0000,0.0000,0.0000,7472.0000,0.0000,0.0000,0.0000,0.0000,1,0,0,0,0,1,0,0,0,0
zc,TA306,2012-06-18 12:11:09.227,7506.0000,4,0,0.0000,0.0000,0,0,多换,B,7366.0000,0.0000,0.0000,0.0000,0.0000,7472.0000,0.0000,0.0000,0.0000,0.0000,1,0,0,0,0,1,0,0,0,0
zc,TA306,2012-06-18 12:13:09.227,7506.0000,4,0,0.0000,0.0000,0,0,多换,B,7366.0000,0.0000,0.0000,0.0000,0.0000,7472.0000,0.0000,0.0000,0.0000,0.0000,1,0,0,0,0,1,0,0,0,0
zc,TA306,2012-06-18 12:17:09.213,7506.0000,4,0,0.0000,0.0000,0,0,多换,B,7366.0000,0.0000,0.0000,0.0000,0.0000,7472.0000,0.0000,0.0000,0.0000,0.0000,1,0,0,0,0,1,0,0,0,0
zc,TA306,2012-06-18 12:20:09.213,7506.0000,4,0,0.0000,0.0000,0,0,多换,B,7366.0000,0.0000,0.0000,0.0000,0.0000,7472.0000,0.0000,0.0000,0.0000,0.0000,1,0,0,0,0,1,0,0,0,0
zc,TA306,2012-06-18 12:22:09.213,7506.0000,4,0,0.0000,0.0000,0,0,多换,B,7366.0000,0.0000,0.0000,0.0000,0.0000,7472.0000,0.0000,0.0000,0.0000,0.0000,1,0,0,0,0,1,0,0,0,0
zc,TA306,2012-06-18 12:23:09.213,7506.0000,4,0,0.0000,0.0000,0,0,多换,B,7366.0000,0.0000,0.0000,0.0000,0.0000,7472.0000,0.0000,0.0000,0.0000,0.0000,1,0,0,0,0,1,0,0,0,0
zc,TA306,2012-06-18 12:27:09.213,7506.0000,4,0,0.0000,0.0000,0,0,多换,B,7366.0000,0.0000,0.0000,0.0000,0.0000,7472.0000,0.0000,0.0000,0.0000,0.0000,1,0,0,0,0,1,0,0,0,0
zc,TA306,2012-06-18 12:28:09.197,7506.0000,4,0,0.0000,0.0000,0,0,多换,B,7366.0000,0.0000,0.0000,0.0000,0.0000,7472.0000,0.0000,0.0000,0.0000,0.0000,1,0,0,0,0,1,0,0,0,0
zc,TA306,2012-06-18 12:31:09.213,7506.0000,4,0,0.0000,0.0000,0,0,多换,B,7366.0000,0.0000,0.0000,0.0000,0.0000,7472.0000,0.0000,0.0000,0.0000,0.0000,1,0,0,0,0,1,0,0,0,0
zc,TA306,2012-06-18 12:37:09.197,7506.0000,4,0,0.0000,0.0000,0,0,多换,B,7366.0000,0.0000,0.0000,0.0000,0.0000,7472.0000,0.0000,0.0000,0.0000,0.0000,1,0,0,0,0,1,0,0,0,0
zc,TA306,2012-06-18 12:47:09.183,7506.0000,4,0,0.0000,0.0000,0,0,多换,B,7366.0000,0.0000,0.0000,0.0000,0.0000,7472.0000,0.0000,0.0000,0.0000,0.0000,1,0,0,0,0,1,0,0,0,0
zc,TA306,2012-06-18 12:50:09.183,7506.0000,4,0,0.0000,0.0000,0,0,多换,B,7366.0000,0.0000,0.0000,0.0000,0.0000,7472.0000,0.0000,0.0000,0.0000,0.0000,1,0,0,0,0,1,0,0,0,0
zc,TA306,2012-06-18 13:15:09.183,7506.0000,4,0,0.0000,0.0000,0,0,多换,B,7366.0000,0.0000,0.0000,0.0000,0.0000,7472.0000,0.0000,0.0000,0.0000,0.0000,1,0,0,0,0,1,0,0,0,0
zc,TA306,2012-06-18 13:21:08.947,7506.0000,4,0,0.0000,0.0000,0,0,多换,B,7366.0000,0.0000,0.0000,0.0000,0.0000,7472.0000,0.0000,0.0000,0.0000,0.0000,1,0,0,0,0,1,0,0,0,0
zc,TA306,2012-06-18 13:22:08.947,7506.0000,4,0,0.0000,0.0000,0,0,多换,B,7366.0000,0.0000,0.0000,0.0000,0.0000,7472.0000,0.0000,0.0000,0.0000,0.0000,1,0,0,0,0,1,0,0,0,0
zc,TA306,2012-06-18 13:28:08.947,7506.0000,4,0,0.0000,0.0000,0,0,多换,B,7366.0000,0.0000,0.0000,0.0000,0.0000,7472.0000,0.0000,0.0000,0.0000,0.0000,1,0,0,0,0,1,0,0,0,0
zc,TA306,2012-06-18 13:30:02.807,7506.0000,4,0,0.0000,0.0000,0,0,多换,B,7372.0000,0.0000,0.0000,0.0000,0.0000,7472.0000,0.0000,0.0000,0.0000,0.0000,1,0,0,0,0,1,0,0,0,0
zc,TA306,2012-06-18 13:31:12.213,7506.0000,4,0,0.0000,0.0000,0,0,多换,B,7372.0000,0.0000,0.0000,0.0000,0.0000,7468.0000,0.0000,0.0000,0.0000,0.0000,1,0,0,0,0,2,0,0,0,0
zc,TA306,2012-06-18 13:31:13.947,7506.0000,4,0,0.0000,0.0000,0,0,多换,B,7372.0000,0.0000,0.0000,0.0000,0.0000,7468.0000,0.0000,0.0000,0.0000,0.0000,1,0,0,0,0,1,0,0,0,0
zc,TA306,2012-06-18 13:31:17.493,7506.0000,4,0,0.0000,0.0000,0,0,多换,B,7372.0000,0.0000,0.0000,0.0000,0.0000,7472.0000,0.0000,0.0000,0.0000,0.0000,1,0,0,0,0,1,0,0,0,0
zc,TA306,2012-06-18 13:31:19.243,7506.0000,4,0,0.0000,0.0000,0,0,多换,B,7372.0000,0.0000,0.0000,0.0000,0.0000,7472.0000,0.0000,0.0000,0.0000,0.0000,1,0,0,0,0,2,0,0,0,0
zc,TA306,2012-06-18 13:33:08.947,7506.0000,4,0,0.0000,0.0000,0,0,多换,B,7372.0000,0.0000,0.0000,0.0000,0.0000,7472.0000,0.0000,0.0000,0.0000,0.0000,1,0,0,0,0,2,0,0,0,0
zc,TA306,2012-06-18 13:33:12.993,7506.0000,4,0,0.0000,0.0000,0,0,多换,B,7372.0000,0.0000,0.0000,0.0000,0.0000,7456.0000,0.0000,0.0000,0.0000,0.0000,1,0,0,0,0,1,0,0,0,0
zc,TA306,2012-06-18 13:33:13.807,7506.0000,4,0,0.0000,0.0000,0,0,多换,B,7372.0000,0.0000,0.0000,0.0000,0.0000,7472.0000,0.0000,0.0000,0.0000,0.0000,1,0,0,0,0,2,0,0,0,0
zc,TA306,2012-06-18 13:33:14.477,7506.0000,4,0,0.0000,0.0000,0,0,多换,B,7372.0000,0.0000,0.0000,0.0000,0.0000,7460.0000,0.0000,0.0000,0.0000,0.0000,1,0,0,0,0,2,0,0,0,0
zc,TA306,2012-06-18 13:33:16.727,7506.0000,4,0,0.0000,0.0000,0,0,多换,B,7372.0000,0.0000,0.0000,0.0000,0.0000,7472.0000,0.0000,0.0000,0.0000,0.0000,1,0,0,0,0,2,0,0,0,0
zc,TA306,2012-06-18 13:33:16.993,7506.0000,4,0,0.0000,0.0000,0,0,多换,B,7372.0000,0.0000,0.0000,0.0000,0.0000,7458.0000,0.0000,0.0000,0.0000,0.0000,1,0,0,0,0,2,0,0,0,0
zc,TA306,2012-06-18 13:33:19.040,7372.0000,2,-2,0.0000,2.0000,0,2,双平,S,7356.0000,0.0000,0.0000,0.0000,0.0000,7472.0000,0.0000,0.0000,0.0000,0.0000,1,0,0,0,0,2,0,0,0,0
zc,TA306,2012-06-18 13:33:19.993,7372.0000,2,0,0.0000,0.0000,0,0,空换,S,7356.0000,0.0000,0.0000,0.0000,0.0000,7460.0000,0.0000,0.0000,0.0000,0.0000,1,0,0,0,0,2,0,0,0,0
zc,TA306,2012-06-18 13:33:29.807,7372.0000,2,0,0.0000,0.0000,0,0,空换,S,7356.0000,0.0000,0.0000,0.0000,0.0000,7472.0000,0.0000,0.0000,0.0000,0.0000,1,0,0,0,0,2,0,0,0,0
zc,TA306,2012-06-18 13:33:30.227,7372.0000,2,0,0.0000,0.0000,0,0,空换,S,7356.0000,0.0000,0.0000,0.0000,0.0000,7462.0000,0.0000,0.0000,0.0000,0.0000,1,0,0,0,0,2,0,0,0,0
zc,TA306,2012-06-18 13:33:32.727,7372.0000,2,0,0.0000,0.0000,0,0,空换,S,7356.0000,0.0000,0.0000,0.0000,0.0000,7472.0000,0.0000,0.0000,0.0000,0.0000,1,0,0,0,0,2,0,0,0,0
zc,TA306,2012-06-18 13:33:33.243,7372.0000,2,0,0.0000,0.0000,0,0,空换,S,7356.0000,0.0000,0.0000,0.0000,0.0000,7460.0000,0.0000,0.0000,0.0000,0.0000,1,0,0,0,0,2,0,0,0,0
zc,TA306,2012-06-18 13:33:34.993,7372.0000,2,0,0.0000,0.0000,0,0,空换,S,7356.0000,0.0000,0.0000,0.0000,0.0000,7458.0000,0.0000,0.0000,0.0000,0.0000,1,0,0,0,0,1,0,0,0,0
zc,TA306,2012-06-18 13:33:40.777,7372.0000,2,0,0.0000,0.0000,0,0,空换,S,7356.0000,0.0000,0.0000,0.0000,0.0000,7458.0000,0.0000,0.0000,0.0000,0.0000,1,0,0,0,0,2,0,0,0,0
zc,TA306,2012-06-18 13:33:41.743,7372.0000,2,0,0.0000,0.0000,0,0,空换,S,7340.0000,0.0000,0.0000,0.0000,0.0000,7458.0000,0.0000,0.0000,0.0000,0.0000,1,0,0,0,0,2,0,0,0,0
zc,TA306,2012-06-18 13:33:42.197,7372.0000,2,0,0.0000,0.0000,0,0,空换,S,7354.0000,0.0000,0.0000,0.0000,0.0000,7458.0000,0.0000,0.0000,0.0000,0.0000,1,0,0,0,0,2,0,0,0,0
zc,TA306,2012-06-18 13:33:44.010,7372.0000,2,0,0.0000,0.0000,0,0,空换,S,7354.0000,0.0000,0.0000,0.0000,0.0000,7458.0000,0.0000,0.0000,0.0000,0.0000,1,0,0,0,0,1,0,0,0,0
zc,TA306,2012-06-18 13:33:47.727,7372.0000,2,0,0.0000,0.0000,0,0,空换,S,7360.0000,0.0000,0.0000,0.0000,0.0000,7460.0000,0.0000,0.0000,0.0000,0.0000,1,0,0,0,0,2,0,0,0,0
zc,TA306,2012-06-18 13:33:56.477,7372.0000,2,0,0.0000,0.0000,0,0,空换,S,7356.0000,0.0000,0.0000,0.0000,0.0000,7460.0000,0.0000,0.0000,0.0000,0.0000,1,0,0,0,0,2,0,0,0,0
zc,TA306,2012-06-18 13:33:57.947,7372.0000,2,0,0.0000,0.0000,0,0,空换,S,7356.0000,0.0000,0.0000,0.0000,0.0000,7472.0000,0.0000,0.0000,0.0000,0.0000,1,0,0,0,0,2,0,0,0,0
zc,TA306,2012-06-18 13:33:58.743,7372.0000,2,0,0.0000,0.0000,0,0,空换,S,7340.0000,0.0000,0.0000,0.0000,0.0000,7458.0000,0.0000,0.0000,0.0000,0.0000,6,0,0,0,0,2,0,0,0,0
zc,TA306,2012-06-18 13:34:00.010,7372.0000,2,0,0.0000,0.0000,0,0,空换,S,7354.0000,0.0000,0.0000,0.0000,0.0000,7458.0000,0.0000,0.0000,0.0000,0.0000,1,0,0,0,0,2,0,0,0,0
zc,TA306,2012-06-18 13:34:06.227,7372.0000,2,0,0.0000,0.0000,0,0,空换,S,7360.0000,0.0000,0.0000,0.0000,0.0000,7472.0000,0.0000,0.0000,0.0000,0.0000,1,0,0,0,0,2,0,0,0,0
zc,TA306,2012-06-18 13:34:06.713,7372.0000,2,0,0.0000,0.0000,0,0,空换,S,7360.0000,0.0000,0.0000,0.0000,0.0000,7462.0000,0.0000,0.0000,0.0000,0.0000,1,0,0,0,0,2,0,0,0,0
zc,TA306,2012-06-18 13:34:17.777,7372.0000,2,0,0.0000,0.0000,0,0,空换,S,7360.0000,0.0000,0.0000,0.0000,0.0000,7472.0000,0.0000,0.0000,0.0000,0.0000,1,0,0,0,0,2,0,0,0,0
zc,TA306,2012-06-18 13:34:18.493,7372.0000,2,0,0.0000,0.0000,0,0,空换,S,7360.0000,0.0000,0.0000,0.0000,0.0000,7464.0000,0.0000,0.0000,0.0000,0.0000,1,0,0,0,0,2,0,0,0,0
zc,TA306,2012-06-18 13:34:19.977,7372.0000,2,0,0.0000,0.0000,0,0,空换,S,7360.0000,0.0000,0.0000,0.0000,0.0000,7472.0000,0.0000,0.0000,0.0000,0.0000,1,0,0,0,0,2,0,0,0,0
zc,TA306,2012-06-18 13:34:21.477,7372.0000,2,0,0.0000,0.0000,0,0,空换,S,7360.0000,0.0000,0.0000,0.0000,0.0000,7466.0000,0.0000,0.0000,0.0000,0.0000,1,0,0,0,0,2,0,0,0,0
zc,TA306,2012-06-18 13:34:30.743,7372.0000,2,0,0.0000,0.0000,0,0,空换,S,7360.0000,0.0000,0.0000,0.0000,0.0000,7464.0000,0.0000,0.0000,0.0000,0.0000,1,0,0,0,0,2,0,0,0,0
zc,TA306,2012-06-18 13:34:31.510,7372.0000,2,0,0.0000,0.0000,0,0,空换,S,7360.0000,0.0000,0.0000,0.0000,0.0000,7472.0000,0.0000,0.0000,0.0000,0.0000,1,0,0,0,0,2,0,0,0,0
zc,TA306,2012-06-18 13:34:31.977,7372.0000,2,0,0.0000,0.0000,0,0,空换,S,7360.0000,0.0000,0.0000,0.0000,0.0000,7466.0000,0.0000,0.0000,0.0000,0.0000,1,0,0,0,0,2,0,0,0,0
zc,TA306,2012-06-18 13:34:34.027,7372.0000,2,0,0.0000,0.0000,0,0,空换,S,7358.0000,0.0000,0.0000,0.0000,0.0000,7466.0000,0.0000,0.0000,0.0000,0.0000,1,0,0,0,0,2,0,0,0,0
zc,TA306,2012-06-18 13:34:34.510,7372.0000,2,0,0.0000,0.0000,0,0,空换,S,7358.0000,0.0000,0.0000,0.0000,0.0000,7472.0000,0.0000,0.0000,0.0000,0.0000,1,0,0,0,0,2,0,0,0,0
zc,TA306,2012-06-18 13:34:34.977,7372.0000,2,0,0.0000,0.0000,0,0,空换,S,7358.0000,0.0000,0.0000,0.0000,0.0000,7464.0000,0.0000,0.0000,0.0000,0.0000,1,0,0,0,0,2,0,0,0,0
zc,TA306,2012-06-18 13:34:36.260,7372.0000,2,0,0.0000,0.0000,0,0,空换,S,7354.0000,0.0000,0.0000,0.0000,0.0000,7472.0000,0.0000,0.0000,0.0000,0.0000,1,0,0,0,0,2,0,0,0,0
zc,TA306,2012-06-18 13:34:36.947,7372.0000,2,0,0.0000,0.0000,0,0,空换,S,7354.0000,0.0000,0.0000,0.0000,0.0000,7464.0000,0.0000,0.0000,0.0000,0.0000,1,0,0,0,0,2,0,0,0,0
zc,TA306,2012-06-18 13:34:40.527,7372.0000,2,0,0.0000,0.0000,0,0,空换,S,7354.0000,0.0000,0.0000,0.0000,0.0000,7472.0000,0.0000,0.0000,0.0000,0.0000,1,0,0,0,0,2,0,0,0,0
zc,TA306,2012-06-18 13:34:41.167,7372.0000,2,0,0.0000,0.0000,0,0,空换,S,7354.0000,0.0000,0.0000,0.0000,0.0000,7462.0000,0.0000,0.0000,0.0000,0.0000,1,0,0,0,0,2,0,0,0,0
zc,TA306,2012-06-18 13:34:42.260,7372.0000,2,0,0.0000,0.0000,0,0,空换,S,7354.0000,0.0000,0.0000,0.0000,0.0000,7472.0000,0.0000,0.0000,0.0000,0.0000,1,0,0,0,0,2,0,0,0,0
zc,TA306,2012-06-18 13:34:42.727,7372.0000,2,0,0.0000,0.0000,0,0,空换,S,7354.0000,0.0000,0.0000,0.0000,0.0000,7464.0000,0.0000,0.0000,0.0000,0.0000,1,0,0,0,0,2,0,0,0,0
zc,TA306,2012-06-18 13:34:43.743,7372.0000,2,0,0.0000,0.0000,0,0,空换,S,7356.0000,0.0000,0.0000,0.0000,0.0000,7464.0000,0.0000,0.0000,0.0000,0.0000,1,0,0,0,0,2,0,0,0,0
zc,TA306,2012-06-18 13:34:44.243,7372.0000,2,0,0.0000,0.0000,0,0,空换,S,7356.0000,0.0000,0.0000,0.0000,0.0000,7464.0000,0.0000,0.0000,0.0000,0.0000,2,0,0,0,0,2,0,0,0,0
zc,TA306,2012-06-18 13:34:45.227,7372.0000,2,0,0.0000,0.0000,0,0,空换,S,7356.0000,0.0000,0.0000,0.0000,0.0000,7472.0000,0.0000,0.0000,0.0000,0.0000,2,0,0,0,0,2,0,0,0,0
zc,TA306,2012-06-18 13:34:45.977,7372.0000,2,0,0.0000,0.0000,0,0,空换,S,7356.0000,0.0000,0.0000,0.0000,0.0000,7466.0000,0.0000,0.0000,0.0000,0.0000,2,0,0,0,0,2,0,0,0,0
zc,TA306,2012-06-18 13:34:52.227,7372.0000,2,0,0.0000,0.0000,0,0,空换,S,7356.0000,0.0000,0.0000,0.0000,0.0000,7362.0000,0.0000,0.0000,0.0000,0.0000,2,0,0,0,0,4,0,0,0,0
zc,TA306,2012-06-18 13:34:52.977,7372.0000,2,0,0.0000,0.0000,0,0,空换,S,7356.0000,0.0000,0.0000,0.0000,0.0000,7362.0000,0.0000,0.0000,0.0000,0.0000,1,0,0,0,0,4,0,0,0,0
zc,TA306,2012-06-18 13:34:56.727,7372.0000,2,0,0.0000,0.0000,0,0,空换,S,7358.0000,0.0000,0.0000,0.0000,0.0000,7362.0000,0.0000,0.0000,0.0000,0.0000,1,0,0,0,0,4,0,0,0,0
zc,TA306,2012-06-18 13:35:01.977,7372.0000,2,0,0.0000,0.0000,0,0,空换,S,7358.0000,0.0000,0.0000,0.0000,0.0000,7472.0000,0.0000,0.0000,0.0000,0.0000,1,0,0,0,0,2,0,0,0,0
zc,TA306,2012-06-18 13:35:02.197,7372.0000,2,0,0.0000,0.0000,0,0,空换,S,7358.0000,0.0000,0.0000,0.0000,0.0000,7466.0000,0.0000,0.0000,0.0000,0.0000,1,0,0,0,0,2,0,0,0,0
zc,TA306,2012-06-18 13:35:03.493,7372.0000,2,0,0.0000,0.0000,0,0,空换,S,7362.0000,0.0000,0.0000,0.0000,0.0000,7466.0000,0.0000,0.0000,0.0000,0.0000,1,0,0,0,0,2,0,0,0,0
zc,TA306,2012-06-18 13:35:05.963,7372.0000,2,0,0.0000,0.0000,0,0,空换,S,7362.0000,0.0000,0.0000,0.0000,0.0000,7472.0000,0.0000,0.0000,0.0000,0.0000,1,0,0,0,0,2,0,0,0,0
zc,TA306,2012-06-18 13:35:06.227,7372.0000,2,0,0.0000,0.0000,0,0,空换,S,7362.0000,0.0000,0.0000,0.0000,0.0000,7464.0000,0.0000,0.0000,0.0000,0.0000,1,0,0,0,0,2,0,0,0,0
zc,TA306,2012-06-18 13:35:09.213,7372.0000,2,0,0.0000,0.0000,0,0,空换,S,7362.0000,0.0000,0.0000,0.0000,0.0000,7472.0000,0.0000,0.0000,0.0000,0.0000,1,0,0,0,0,2,0,0,0,0
zc,TA306,2012-06-18 13:35:09.963,7372.0000,2,0,0.0000,0.0000,0,0,空换,S,7362.0000,0.0000,0.0000,0.0000,0.0000,7466.0000,0.0000,0.0000,0.0000,0.0000,1,0,0,0,0,2,0,0,0,0
zc,TA306,2012-06-18 13:35:14.993,7372.0000,2,0,0.0000,0.0000,0,0,空换,S,7362.0000,0.0000,0.0000,0.0000,0.0000,7472.0000,0.0000,0.0000,0.0000,0.0000,1,0,0,0,0,2,0,0,0,0
zc,TA306,2012-06-18 13:35:15.463,7372.0000,2,0,0.0000,0.0000,0,0,空换,S,7362.0000,0.0000,0.0000,0.0000,0.0000,7464.0000,0.0000,0.0000,0.0000,0.0000,1,0,0,0,0,2,0,0,0,0
zc,TA306,2012-06-18 13:35:26.277,7372.0000,2,0,0.0000,0.0000,0,0,空换,S,7362.0000,0.0000,0.0000,0.0000,0.0000,7472.0000,0.0000,0.0000,0.0000,0.0000,1,0,0,0,0,2,0,0,0,0
zc,TA306,2012-06-18 13:35:26.977,7372.0000,2,0,0.0000,0.0000,0,0,空换,S,7362.0000,0.0000,0.0000,0.0000,0.0000,7466.0000,0.0000,0.0000,0.0000,0.0000,1,0,0,0,0,2,0,0,0,0
zc,TA306,2012-06-18 13:35:41.447,7372.0000,2,0,0.0000,0.0000,0,0,空换,S,7362.0000,0.0000,0.0000,0.0000,0.0000,7460.0000,0.0000,0.0000,0.0000,0.0000,1,0,0,0,0,4,0,0,0,0
zc,TA306,2012-06-18 13:35:47.963,7372.0000,2,0,0.0000,0.0000,0,0,空换,S,7364.0000,0.0000,0.0000,0.0000,0.0000,7460.0000,0.0000,0.0000,0.0000,0.0000,1,0,0,0,0,4,0,0,0,0
zc,TA306,2012-06-18 13:36:51.697,7372.0000,2,0,0.0000,0.0000,0,0,空换,S,7364.0000,0.0000,0.0000,0.0000,0.0000,7460.0000,0.0000,0.0000,0.0000,0.0000,1,0,0,0,0,6,0,0,0,0
zc,TA306,2012-06-18 13:36:54.743,7372.0000,2,0,0.0000,0.0000,0,0,空换,S,7364.0000,0.0000,0.0000,0.0000,0.0000,7460.0000,0.0000,0.0000,0.0000,0.0000,1,0,0,0,0,4,0,0,0,0
zc,TA306,2012-06-18 13:37:04.493,7372.0000,2,0,0.0000,0.0000,0,0,空换,S,7364.0000,0.0000,0.0000,0.0000,0.0000,7460.0000,0.0000,0.0000,0.0000,0.0000,1,0,0,0,0,6,0,0,0,0
zc,TA306,2012-06-18 13:37:25.697,7372.0000,2,0,0.0000,0.0000,0,0,空换,S,7364.0000,0.0000,0.0000,0.0000,0.0000,7460.0000,0.0000,0.0000,0.0000,0.0000,1,0,0,0,0,4,0,0,0,0
zc,TA306,2012-06-18 13:37:28.510,7372.0000,2,0,0.0000,0.0000,0,0,空换,S,7364.0000,0.0000,0.0000,0.0000,0.0000,7460.0000,0.0000,0.0000,0.0000,0.0000,1,0,0,0,0,6,0,0,0,0
zc,TA306,2012-06-18 13:37:31.713,7372.0000,2,0,0.0000,0.0000,0,0,空换,S,7364.0000,0.0000,0.0000,0.0000,0.0000,7460.0000,0.0000,0.0000,0.0000,0.0000,1,0,0,0,0,4,0,0,0,0
zc,TA306,2012-06-18 13:37:33.993,7372.0000,2,0,0.0000,0.0000,0,0,空换,S,7364.0000,0.0000,0.0000,0.0000,0.0000,7460.0000,0.0000,0.0000,0.0000,0.0000,1,0,0,0,0,6,0,0,0,0
zc,TA306,2012-06-18 13:38:17.227,7372.0000,2,0,0.0000,0.0000,0,0,空换,S,7364.0000,0.0000,0.0000,0.0000,0.0000,7460.0000,0.0000,0.0000,0.0000,0.0000,1,0,0,0,0,4,0,0,0,0
zc,TA306,2012-06-18 13:39:48.260,7372.0000,2,0,0.0000,0.0000,0,0,空换,S,7364.0000,0.0000,0.0000,0.0000,0.0000,7460.0000,0.0000,0.0000,0.0000,0.0000,2,0,0,0,0,4,0,0,0,0
zc,TA306,2012-06-18 13:39:50.777,7372.0000,2,0,0.0000,0.0000,0,0,空换,S,7364.0000,0.0000,0.0000,0.0000,0.0000,7460.0000,0.0000,0.0000,0.0000,0.0000,1,0,0,0,0,4,0,0,0,0
zc,TA306,2012-06-18 13:40:00.197,7372.0000,2,0,0.0000,0.0000,0,0,空换,S,7364.0000,0.0000,0.0000,0.0000,0.0000,7452.0000,0.0000,0.0000,0.0000,0.0000,1,0,0,0,0,1,0,0,0,0
zc,TA306,2012-06-18 13:40:02.010,7372.0000,2,0,0.0000,0.0000,0,0,空换,S,7364.0000,0.0000,0.0000,0.0000,0.0000,7450.0000,0.0000,0.0000,0.0000,0.0000,1,0,0,0,0,1,0,0,0,0
zc,TA306,2012-06-18 13:40:04.977,7372.0000,2,0,0.0000,0.0000,0,0,空换,S,7364.0000,0.0000,0.0000,0.0000,0.0000,7448.0000,0.0000,0.0000,0.0000,0.0000,1,0,0,0,0,1,0,0,0,0
zc,TA306,2012-06-18 13:40:05.963,7372.0000,2,0,0.0000,0.0000,0,0,空换,S,7364.0000,0.0000,0.0000,0.0000,0.0000,7450.0000,0.0000,0.0000,0.0000,0.0000,1,0,0,0,0,1,0,0,0,0
zc,TA306,2012-06-18 13:40:09.183,7372.0000,2,0,0.0000,0.0000,0,0,空换,S,7364.0000,0.0000,0.0000,0.0000,0.0000,7450.0000,0.0000,0.0000,0.0000,0.0000,1,0,0,0,0,1,0,0,0,0
zc,TA306,2012-06-18 13:40:11.260,7372.0000,2,0,0.0000,0.0000,0,0,空换,S,7364.0000,0.0000,0.0000,0.0000,0.0000,7448.0000,0.0000,0.0000,0.0000,0.0000,1,0,0,0,0,1,0,0,0,0
zc,TA306,2012-06-18 13:40:19.183,7372.0000,2,0,0.0000,0.0000,0,0,空换,S,7364.0000,0.0000,0.0000,0.0000,0.0000,7454.0000,0.0000,0.0000,0.0000,0.0000,1,0,0,0,0,1,0,0,0,0
zc,TA306,2012-06-18 13:40:19.727,7372.0000,2,0,0.0000,0.0000,0,0,空换,S,7364.0000,0.0000,0.0000,0.0000,0.0000,7446.0000,0.0000,0.0000,0.0000,0.0000,1,0,0,0,0,1,0,0,0,0
zc,TA306,2012-06-18 13:41:30.743,7372.0000,2,0,0.0000,0.0000,0,0,空换,S,7364.0000,0.0000,0.0000,0.0000,0.0000,7450.0000,0.0000,0.0000,0.0000,0.0000,1,0,0,0,0,1,0,0,0,0
zc,TA306,2012-06-18 13:41:32.010,7372.0000,2,0,0.0000,0.0000,0,0,空换,S,7364.0000,0.0000,0.0000,0.0000,0.0000,7448.0000,0.0000,0.0000,0.0000,0.0000,1,0,0,0,0,1,0,0,0,0
zc,TA306,2012-06-18 13:41:36.823,7372.0000,2,0,0.0000,0.0000,0,0,空换,S,7364.0000,0.0000,0.0000,0.0000,0.0000,7450.0000,0.0000,0.0000,0.0000,0.0000,1,0,0,0,0,1,0,0,0,0
zc,TA306,2012-06-18 13:41:55.527,7372.0000,2,0,0.0000,0.0000,0,0,空换,S,7364.0000,0.0000,0.0000,0.0000,0.0000,7454.0000,0.0000,0.0000,0.0000,0.0000,1,0,0,0,0,1,0,0,0,0
zc,TA306,2012-06-18 13:41:59.573,7372.0000,2,0,0.0000,0.0000,0,0,空换,S,7364.0000,0.0000,0.0000,0.0000,0.0000,7460.0000,0.0000,0.0000,0.0000,0.0000,1,0,0,0,0,4,0,0,0,0
zc,TA306,2012-06-18 13:42:00.777,7372.0000,2,0,0.0000,0.0000,0,0,空换,S,7364.0000,0.0000,0.0000,0.0000,0.0000,7458.0000,0.0000,0.0000,0.0000,0.0000,1,0,0,0,0,1,0,0,0,0
zc,TA306,2012-06-18 13:42:02.540,7372.0000,2,0,0.0000,0.0000,0,0,空换,S,7364.0000,0.0000,0.0000,0.0000,0.0000,7460.0000,0.0000,0.0000,0.0000,0.0000,1,0,0,0,0,4,0,0,0,0
zc,TA306,2012-06-18 13:42:03.260,7372.0000,2,0,0.0000,0.0000,0,0,空换,S,7364.0000,0.0000,0.0000,0.0000,0.0000,7460.0000,0.0000,0.0000,0.0000,0.0000,1,0,0,0,0,5,0,0,0,0
zc,TA306,2012-06-18 13:42:06.260,7372.0000,2,0,0.0000,0.0000,0,0,空换,S,7372.0000,0.0000,0.0000,0.0000,0.0000,7460.0000,0.0000,0.0000,0.0000,0.0000,1,0,0,0,0,4,0,0,0,0
zc,TA306,2012-06-18 13:42:10.527,7372.0000,2,0,0.0000,0.0000,0,0,空换,S,7364.0000,0.0000,0.0000,0.0000,0.0000,7460.0000,0.0000,0.0000,0.0000,0.0000,1,0,0,0,0,5,0,0,0,0
zc,TA306,2012-06-18 13:42:15.277,7372.0000,2,0,0.0000,0.0000,0,0,空换,S,7364.0000,0.0000,0.0000,0.0000,0.0000,7460.0000,0.0000,0.0000,0.0000,0.0000,1,0,0,0,0,4,0,0,0,0
zc,TA306,2012-06-18 13:42:15.713,7372.0000,2,0,0.0000,0.0000,0,0,空换,S,7364.0000,0.0000,0.0000,0.0000,0.0000,7458.0000,0.0000,0.0000,0.0000,0.0000,1,0,0,0,0,1,0,0,0,0
zc,TA306,2012-06-18 13:42:38.447,7372.0000,2,0,0.0000,0.0000,0,0,空换,S,7364.0000,0.0000,0.0000,0.0000,0.0000,7456.0000,0.0000,0.0000,0.0000,0.0000,1,0,0,0,0,1,0,0,0,0
zc,TA306,2012-06-18 13:42:42.243,7372.0000,2,0,0.0000,0.0000,0,0,空换,S,7368.0000,0.0000,0.0000,0.0000,0.0000,7460.0000,0.0000,0.0000,0.0000,0.0000,1,0,0,0,0,4,0,0,0,0
zc,TA306,2012-06-18 13:42:42.713,7372.0000,2,0,0.0000,0.0000,0,0,空换,S,7368.0000,0.0000,0.0000,0.0000,0.0000,7458.0000,0.0000,0.0000,0.0000,0.0000,1,0,0,0,0,1,0,0,0,0
zc,TA306,2012-06-18 13:42:50.493,7372.0000,2,0,0.0000,0.0000,0,0,空换,S,7364.0000,0.0000,0.0000,0.0000,0.0000,7458.0000,0.0000,0.0000,0.0000,0.0000,1,0,0,0,0,1,0,0,0,0
zc,TA306,2012-06-18 13:44:08.947,7372.0000,2,0,0.0000,0.0000,0,0,空换,S,7364.0000,0.0000,0.0000,0.0000,0.0000,7458.0000,0.0000,0.0000,0.0000,0.0000,1,0,0,0,0,1,0,0,0,0
zc,TA306,2012-06-18 13:44:21.227,7372.0000,2,0,0.0000,0.0000,0,0,空换,S,7368.0000,0.0000,0.0000,0.0000,0.0000,7458.0000,0.0000,0.0000,0.0000,0.0000,1,0,0,0,0,1,0,0,0,0
zc,TA306,2012-06-18 13:44:23.947,7372.0000,2,0,0.0000,0.0000,0,0,空换,S,7364.0000,0.0000,0.0000,0.0000,0.0000,7456.0000,0.0000,0.0000,0.0000,0.0000,1,0,0,0,0,1,0,0,0,0
zc,TA306,2012-06-18 13:44:59.040,7372.0000,2,0,0.0000,0.0000,0,0,空换,S,7364.0000,0.0000,0.0000,0.0000,0.0000,7460.0000,0.0000,0.0000,0.0000,0.0000,1,0,0,0,0,4,0,0,0,0
zc,TA306,2012-06-18 13:44:59.463,7372.0000,2,0,0.0000,0.0000,0,0,空换,S,7364.0000,0.0000,0.0000,0.0000,0.0000,7454.0000,0.0000,0.0000,0.0000,0.0000,1,0,0,0,0,1,0,0,0,0
zc,TA306,2012-06-18 13:45:00.727,7372.0000,2,0,0.0000,0.0000,0,0,空换,S,7364.0000,0.0000,0.0000,0.0000,0.0000,7460.0000,0.0000,0.0000,0.0000,0.0000,1,0,0,0,0,4,0,0,0,0
zc,TA306,2012-06-18 13:45:01.227,7372.0000,2,0,0.0000,0.0000,0,0,空换,S,7366.0000,0.0000,0.0000,0.0000,0.0000,7460.0000,0.0000,0.0000,0.0000,0.0000,1,0,0,0,0,4,0,0,0,0
zc,TA306,2012-06-18 13:45:01.963,7372.0000,2,0,0.0000,0.0000,0,0,空换,S,7366.0000,0.0000,0.0000,0.0000,0.0000,7456.0000,0.0000,0.0000,0.0000,0.0000,1,0,0,0,0,1,0,0,0,0
zc,TA306,2012-06-18 13:45:09.963,7372.0000,2,0,0.0000,0.0000,0,0,空换,S,7364.0000,0.0000,0.0000,0.0000,0.0000,7456.0000,0.0000,0.0000,0.0000,0.0000,1,0,0,0,0,1,0,0,0,0
zc,TA306,2012-06-18 13:45:27.447,7372.0000,2,0,0.0000,0.0000,0,0,空换,S,7368.0000,0.0000,0.0000,0.0000,0.0000,7460.0000,0.0000,0.0000,0.0000,0.0000,1,0,0,0,0,4,0,0,0,0
zc,TA306,2012-06-18 13:45:28.213,7372.0000,2,0,0.0000,0.0000,0,0,空换,S,7368.0000,0.0000,0.0000,0.0000,0.0000,7458.0000,0.0000,0.0000,0.0000,0.0000,1,0,0,0,0,1,0,0,0,0
zc,TA306,2012-06-18 13:45:36.463,7372.0000,2,0,0.0000,0.0000,0,0,空换,S,7364.0000,0.0000,0.0000,0.0000,0.0000,7458.0000,0.0000,0.0000,0.0000,0.0000,1,0,0,0,0,1,0,0,0,0
zc,TA306,2012-06-18 13:46:23.197,7372.0000,2,0,0.0000,0.0000,0,0,空换,S,7364.0000,0.0000,0.0000,0.0000,0.0000,7460.0000,0.0000,0.0000,0.0000,0.0000,1,0,0,0,0,4,0,0,0,0
zc,TA306,2012-06-18 13:46:23.697,7372.0000,2,0,0.0000,0.0000,0,0,空换,S,7364.0000,0.0000,0.0000,0.0000,0.0000,7456.0000,0.0000,0.0000,0.0000,0.0000,1,0,0,0,0,1,0,0,0,0
zc,TA306,2012-06-18 13:46:27.713,7372.0000,2,0,0.0000,0.0000,0,0,空换,S,7368.0000,0.0000,0.0000,0.0000,0.0000,7460.0000,0.0000,0.0000,0.0000,0.0000,1,0,0,0,0,4,0,0,0,0
zc,TA306,2012-06-18 13:46:28.197,7372.0000,2,0,0.0000,0.0000,0,0,空换,S,7368.0000,0.0000,0.0000,0.0000,0.0000,7458.0000,0.0000,0.0000,0.0000,0.0000,1,0,0,0,0,1,0,0,0,0
zc,TA306,2012-06-18 13:46:42.697,7372.0000,2,0,0.0000,0.0000,0,0,空换,S,7364.0000,0.0000,0.0000,0.0000,0.0000,7458.0000,0.0000,0.0000,0.0000,0.0000,1,0,0,0,0,1,0,0,0,0
zc,TA306,2012-06-18 13:47:28.493,7372.0000,2,0,0.0000,0.0000,0,0,空换,S,7364.0000,0.0000,0.0000,0.0000,0.0000,7456.0000,0.0000,0.0000,0.0000,0.0000,1,0,0,0,0,1,0,0,0,0
zc,TA306,2012-06-18 13:47:38.713,7372.0000,2,0,0.0000,0.0000,0,0,空换,S,7368.0000,0.0000,0.0000,0.0000,0.0000,7456.0000,0.0000,0.0000,0.0000,0.0000,1,0,0,0,0,1,0,0,0,0
zc,TA306,2012-06-18 13:47:42.463,7372.0000,2,0,0.0000,0.0000,0,0,空换,S,7364.0000,0.0000,0.0000,0.0000,0.0000,7456.0000,0.0000,0.0000,0.0000,0.0000,1,0,0,0,0,1,0,0,0,0
zc,TA306,2012-06-18 13:47:50.433,7372.0000,2,0,0.0000,0.0000,0,0,空换,S,7368.0000,0.0000,0.0000,0.0000,0.0000,7456.0000,0.0000,0.0000,0.0000,0.0000,1,0,0,0,0,1,0,0,0,0
zc,TA306,2012-06-18 13:47:56.683,7372.0000,2,0,0.0000,0.0000,0,0,空换,S,7364.0000,0.0000,0.0000,0.0000,0.0000,7456.0000,0.0000,0.0000,0.0000,0.0000,1,0,0,0,0,1,0,0,0,0
zc,TA306,2012-06-18 13:48:05.727,7372.0000,2,0,0.0000,0.0000,0,0,空换,S,7364.0000,0.0000,0.0000,0.0000,0.0000,7460.0000,0.0000,0.0000,0.0000,0.0000,1,0,0,0,0,4,0,0,0,0
zc,TA306,2012-06-18 13:48:06.243,7372.0000,2,0,0.0000,0.0000,0,0,空换,S,7368.0000,0.0000,0.0000,0.0000,0.0000,7460.0000,0.0000,0.0000,0.0000,0.0000,1,0,0,0,0,4,0,0,0,0
zc,TA306,2012-06-18 13:48:06.683,7372.0000,2,0,0.0000,0.0000,0,0,空换,S,7368.0000,0.0000,0.0000,0.0000,0.0000,7458.0000,0.0000,0.0000,0.0000,0.0000,1,0,0,0,0,1,0,0,0,0
zc,TA306,2012-06-18 13:48:11.227,7372.0000,2,0,0.0000,0.0000,0,0,空换,S,7364.0000,0.0000,0.0000,0.0000,0.0000,7460.0000,0.0000,0.0000,0.0000,0.0000,1,0,0,0,0,4,0,0,0,0
zc,TA306,2012-06-18 13:48:11.947,7372.0000,2,0,0.0000,0.0000,0,0,空换,S,7364.0000,0.0000,0.0000,0.0000,0.0000,7456.0000,0.0000,0.0000,0.0000,0.0000,1,0,0,0,0,1,0,0,0,0
zc,TA306,2012-06-18 13:48:14.743,7372.0000,2,0,0.0000,0.0000,0,0,空换,S,7368.0000,0.0000,0.0000,0.0000,0.0000,7460.0000,0.0000,0.0000,0.0000,0.0000,1,0,0,0,0,4,0,0,0,0
zc,TA306,2012-06-18 13:48:15.213,7372.0000,2,0,0.0000,0.0000,0,0,空换,S,7368.0000,0.0000,0.0000,0.0000,0.0000,7458.0000,0.0000,0.0000,0.0000,0.0000,1,0,0,0,0,1,0,0,0,0
zc,TA306,2012-06-18 13:48:23.493,7372.0000,2,0,0.0000,0.0000,0,0,空换,S,7364.0000,0.0000,0.0000,0.0000,0.0000,7460.0000,0.0000,0.0000,0.0000,0.0000,1,0,0,0,0,4,0,0,0,0
zc,TA306,2012-06-18 13:48:24.213,7372.0000,2,0,0.0000,0.0000,0,0,空换,S,7364.0000,0.0000,0.0000,0.0000,0.0000,7456.0000,0.0000,0.0000,0.0000,0.0000,1,0,0,0,0,1,0,0,0,0
zc,TA306,2012-06-18 13:48:28.493,7372.0000,2,0,0.0000,0.0000,0,0,空换,S,7364.0000,0.0000,0.0000,0.0000,0.0000,7460.0000,0.0000,0.0000,0.0000,0.0000,1,0,0,0,0,4,0,0,0,0
zc,TA306,2012-06-18 13:48:29.227,7372.0000,2,0,0.0000,0.0000,0,0,空换,S,7368.0000,0.0000,0.0000,0.0000,0.0000,7458.0000,0.0000,0.0000,0.0000,0.0000,1,0,0,0,0,1,0,0,0,0
zc,TA306,2012-06-18 13:48:41.493,7372.0000,2,0,0.0000,0.0000,0,0,空换,S,7364.0000,0.0000,0.0000,0.0000,0.0000,7458.0000,0.0000,0.0000,0.0000,0.0000,1,0,0,0,0,1,0,0,0,0
zc,TA306,2012-06-18 13:49:09.947,7372.0000,2,0,0.0000,0.0000,0,0,空换,S,7364.0000,0.0000,0.0000,0.0000,0.0000,7460.0000,0.0000,0.0000,0.0000,0.0000,1,0,0,0,0,4,0,0,0,0
zc,TA306,2012-06-18 13:49:10.510,7372.0000,2,0,0.0000,0.0000,0,0,空换,S,7364.0000,0.0000,0.0000,0.0000,0.0000,7456.0000,0.0000,0.0000,0.0000,0.0000,1,0,0,0,0,1,0,0,0,0
zc,TA306,2012-06-18 13:49:27.463,7372.0000,2,0,0.0000,0.0000,0,0,空换,S,7368.0000,0.0000,0.0000,0.0000,0.0000,7460.0000,0.0000,0.0000,0.0000,0.0000,1,0,0,0,0,4,0,0,0,0
zc,TA306,2012-06-18 13:49:29.433,7372.0000,2,0,0.0000,0.0000,0,0,空换,S,7368.0000,0.0000,0.0000,0.0000,0.0000,7458.0000,0.0000,0.0000,0.0000,0.0000,1,0,0,0,0,1,0,0,0,0
zc,TA306,2012-06-18 13:49:36.183,7372.0000,2,0,0.0000,0.0000,0,0,空换,S,7364.0000,0.0000,0.0000,0.0000,0.0000,7458.0000,0.0000,0.0000,0.0000,0.0000,1,0,0,0,0,1,0,0,0,0
zc,TA306,2012-06-18 13:50:26.697,7372.0000,2,0,0.0000,0.0000,0,0,空换,S,7364.0000,0.0000,0.0000,0.0000,0.0000,7456.0000,0.0000,0.0000,0.0000,0.0000,1,0,0,0,0,1,0,0,0,0
zc,TA306,2012-06-18 13:50:56.713,7372.0000,2,0,0.0000,0.0000,0,0,空换,S,7370.0000,0.0000,0.0000,0.0000,0.0000,7456.0000,0.0000,0.0000,0.0000,0.0000,1,0,0,0,0,1,0,0,0,0
zc,TA306,2012-06-18 13:51:04.933,7372.0000,2,0,0.0000,0.0000,0,0,空换,S,7370.0000,0.0000,0.0000,0.0000,0.0000,7460.0000,0.0000,0.0000,0.0000,0.0000,1,0,0,0,0,4,0,0,0,0
zc,TA306,2012-06-18 13:51:05.417,7372.0000,2,0,0.0000,0.0000,0,0,空换,S,7370.0000,0.0000,0.0000,0.0000,0.0000,7460.0000,0.0000,0.0000,0.0000,0.0000,1,0,0,0,0,5,0,0,0,0
zc,TA306,2012-06-18 13:51:05.947,7372.0000,2,0,0.0000,0.0000,0,0,空换,S,7364.0000,0.0000,0.0000,0.0000,0.0000,7460.0000,0.0000,0.0000,0.0000,0.0000,1,0,0,0,0,5,0,0,0,0
zc,TA306,2012-06-18 13:51:09.947,7372.0000,2,0,0.0000,0.0000,0,0,空换,S,7372.0000,0.0000,0.0000,0.0000,0.0000,7460.0000,0.0000,0.0000,0.0000,0.0000,1,0,0,0,0,4,0,0,0,0
zc,TA306,2012-06-18 13:51:18.463,7372.0000,2,0,0.0000,0.0000,0,0,空换,S,7364.0000,0.0000,0.0000,0.0000,0.0000,7460.0000,0.0000,0.0000,0.0000,0.0000,1,0,0,0,0,4,0,0,0,0
zc,TA306,2012-06-18 13:51:20.713,7372.0000,2,0,0.0000,0.0000,0,0,空换,S,7364.0000,0.0000,0.0000,0.0000,0.0000,7460.0000,0.0000,0.0000,0.0000,0.0000,1,0,0,0,0,5,0,0,0,0
zc,TA306,2012-06-18 13:51:27.493,7372.0000,2,0,0.0000,0.0000,0,0,空换,S,7368.0000,0.0000,0.0000,0.0000,0.0000,7460.0000,0.0000,0.0000,0.0000,0.0000,1,0,0,0,0,5,0,0,0,0
zc,TA306,2012-06-18 13:52:20.433,7372.0000,2,0,0.0000,0.0000,0,0,空换,S,7370.0000,0.0000,0.0000,0.0000,0.0000,7460.0000,0.0000,0.0000,0.0000,0.0000,1,0,0,0,0,5,0,0,0,0
zc,TA306,2012-06-18 13:52:38.510,7372.0000,2,0,0.0000,0.0000,0,0,空换,S,7374.0000,0.0000,0.0000,0.0000,0.0000,7460.0000,0.0000,0.0000,0.0000,0.0000,1,0,0,0,0,5,0,0,0,0
zc,TA306,2012-06-18 13:52:40.743,7372.0000,2,0,0.0000,0.0000,0,0,空换,S,7370.0000,0.0000,0.0000,0.0000,0.0000,7460.0000,0.0000,0.0000,0.0000,0.0000,1,0,0,0,0,5,0,0,0,0
zc,TA306,2012-06-18 13:53:07.447,7372.0000,2,0,0.0000,0.0000,0,0,空换,S,7370.0000,0.0000,0.0000,0.0000,0.0000,7460.0000,0.0000,0.0000,0.0000,0.0000,1,0,0,0,0,4,0,0,0,0
zc,TA306,2012-06-18 13:53:19.213,7372.0000,2,0,0.0000,0.0000,0,0,空换,S,7370.0000,0.0000,0.0000,0.0000,0.0000,7456.0000,0.0000,0.0000,0.0000,0.0000,1,0,0,0,0,1,0,0,0,0
zc,TA306,2012-06-18 13:53:40.947,7372.0000,2,0,0.0000,0.0000,0,0,空换,S,7372.0000,0.0000,0.0000,0.0000,0.0000,7456.0000,0.0000,0.0000,0.0000,0.0000,1,0,0,0,0,1,0,0,0,0
zc,TA306,2012-06-18 13:53:56.183,7372.0000,2,0,0.0000,0.0000,0,0,空换,S,7370.0000,0.0000,0.0000,0.0000,0.0000,7456.0000,0.0000,0.0000,0.0000,0.0000,1,0,0,0,0,1,0,0,0,0
zc,TA306,2012-06-18 13:53:58.183,7372.0000,2,0,0.0000,0.0000,0,0,空换,S,7372.0000,0.0000,0.0000,0.0000,0.0000,7456.0000,0.0000,0.0000,0.0000,0.0000,1,0,0,0,0,1,0,0,0,0
zc,TA306,2012-06-18 13:54:13.463,7372.0000,2,0,0.0000,0.0000,0,0,空换,S,7370.0000,0.0000,0.0000,0.0000,0.0000,7456.0000,0.0000,0.0000,0.0000,0.0000,1,0,0,0,0,1,0,0,0,0
zc,TA306,2012-06-18 13:54:17.447,7372.0000,2,0,0.0000,0.0000,0,0,空换,S,7372.0000,0.0000,0.0000,0.0000,0.0000,7456.0000,0.0000,0.0000,0.0000,0.0000,1,0,0,0,0,1,0,0,0,0
zc,TA306,2012-06-18 13:54:32.933,7372.0000,2,0,0.0000,0.0000,0,0,空换,S,7370.0000,0.0000,0.0000,0.0000,0.0000,7456.0000,0.0000,0.0000,0.0000,0.0000,1,0,0,0,0,1,0,0,0,0
zc,TA306,2012-06-18 13:54:33.433,7372.0000,2,0,0.0000,0.0000,0,0,空换,S,7372.0000,0.0000,0.0000,0.0000,0.0000,7456.0000,0.0000,0.0000,0.0000,0.0000,1,0,0,0,0,1,0,0,0,0
zc,TA306,2012-06-18 13:54:55.977,7372.0000,2,0,0.0000,0.0000,0,0,空换,S,7374.0000,0.0000,0.0000,0.0000,0.0000,7456.0000,0.0000,0.0000,0.0000,0.0000,1,0,0,0,0,1,0,0,0,0
zc,TA306,2012-06-18 13:54:56.977,7372.0000,2,0,0.0000,0.0000,0,0,空换,S,7374.0000,0.0000,0.0000,0.0000,0.0000,7460.0000,0.0000,0.0000,0.0000,0.0000,1,0,0,0,0,4,0,0,0,0
zc,TA306,2012-06-18 13:54:57.697,7372.0000,2,0,0.0000,0.0000,0,0,空换,S,7374.0000,0.0000,0.0000,0.0000,0.0000,7460.0000,0.0000,0.0000,0.0000,0.0000,2,0,0,0,0,4,0,0,0,0
zc,TA306,2012-06-18 13:55:12.727,7372.0000,2,0,0.0000,0.0000,0,0,空换,S,7374.0000,0.0000,0.0000,0.0000,0.0000,7460.0000,0.0000,0.0000,0.0000,0.0000,1,0,0,0,0,4,0,0,0,0
zc,TA306,2012-06-18 13:55:13.477,7372.0000,2,0,0.0000,0.0000,0,0,空换,S,7374.0000,0.0000,0.0000,0.0000,0.0000,7460.0000,0.0000,0.0000,0.0000,0.0000,2,0,0,0,0,4,0,0,0,0
zc,TA306,2012-06-18 13:55:28.447,7372.0000,2,0,0.0000,0.0000,0,0,空换,S,7374.0000,0.0000,0.0000,0.0000,0.0000,7460.0000,0.0000,0.0000,0.0000,0.0000,1,0,0,0,0,4,0,0,0,0
zc,TA306,2012-06-18 13:55:30.947,7372.0000,2,0,0.0000,0.0000,0,0,空换,S,7374.0000,0.0000,0.0000,0.0000,0.0000,7460.0000,0.0000,0.0000,0.0000,0.0000,2,0,0,0,0,4,0,0,0,0
zc,TA306,2012-06-18 13:55:46.183,7372.0000,2,0,0.0000,0.0000,0,0,空换,S,7374.0000,0.0000,0.0000,0.0000,0.0000,7460.0000,0.0000,0.0000,0.0000,0.0000,1,0,0,0,0,4,0,0,0,0
zc,TA306,2012-06-18 13:55:47.963,7372.0000,2,0,0.0000,0.0000,0,0,空换,S,7374.0000,0.0000,0.0000,0.0000,0.0000,7460.0000,0.0000,0.0000,0.0000,0.0000,2,0,0,0,0,4,0,0,0,0
zc,TA306,2012-06-18 13:56:01.697,7372.0000,2,0,0.0000,0.0000,0,0,空换,S,7374.0000,0.0000,0.0000,0.0000,0.0000,7460.0000,0.0000,0.0000,0.0000,0.0000,1,0,0,0,0,4,0,0,0,0
zc,TA306,2012-06-18 13:58:33.697,7372.0000,2,0,0.0000,2.0000,1,1,空换,S,7372.0000,0.0000,0.0000,0.0000,0.0000,7458.0000,0.0000,0.0000,0.0000,0.0000,1,0,0,0,0,1,0,0,0,0
zc,TA306,2012-06-18 14:02:35.743,7372.0000,2,0,0.0000,0.0000,0,0,空换,S,7374.0000,0.0000,0.0000,0.0000,0.0000,7458.0000,0.0000,0.0000,0.0000,0.0000,1,0,0,0,0,1,0,0,0,0
zc,TA306,2012-06-18 14:02:38.447,7372.0000,2,0,0.0000,0.0000,0,0,空换,S,7372.0000,0.0000,0.0000,0.0000,0.0000,7458.0000,0.0000,0.0000,0.0000,0.0000,1,0,0,0,0,1,0,0,0,0
zc,TA306,2012-06-18 14:03:14.917,7372.0000,2,0,0.0000,0.0000,0,0,空换,S,7374.0000,0.0000,0.0000,0.0000,0.0000,7458.0000,0.0000,0.0000,0.0000,0.0000,1,0,0,0,0,1,0,0,0,0
zc,TA306,2012-06-18 14:03:23.167,7372.0000,2,0,0.0000,0.0000,0,0,空换,S,7372.0000,0.0000,0.0000,0.0000,0.0000,7458.0000,0.0000,0.0000,0.0000,0.0000,1,0,0,0,0,1,0,0,0,0
zc,TA306,2012-06-18 14:03:43.433,7372.0000,2,0,0.0000,0.0000,0,0,空换,S,7374.0000,0.0000,0.0000,0.0000,0.0000,7458.0000,0.0000,0.0000,0.0000,0.0000,1,0,0,0,0,1,0,0,0,0
zc,TA306,2012-06-18 14:03:53.447,7372.0000,2,0,0.0000,0.0000,0,0,空换,S,7372.0000,0.0000,0.0000,0.0000,0.0000,7458.0000,0.0000,0.0000,0.0000,0.0000,1,0,0,0,0,1,0,0,0,0
zc,TA306,2012-06-18 14:06:20.667,7372.0000,2,0,0.0000,0.0000,0,0,空换,S,7376.0000,0.0000,0.0000,0.0000,0.0000,7458.0000,0.0000,0.0000,0.0000,0.0000,1,0,0,0,0,1,0,0,0,0
zc,TA306,2012-06-18 14:06:23.713,7372.0000,2,0,0.0000,0.0000,0,0,空换,S,7372.0000,0.0000,0.0000,0.0000,0.0000,7458.0000,0.0000,0.0000,0.0000,0.0000,1,0,0,0,0,1,0,0,0,0
zc,TA306,2012-06-18 14:09:51.933,7372.0000,2,0,0.0000,0.0000,0,0,空换,S,7374.0000,0.0000,0.0000,0.0000,0.0000,7458.0000,0.0000,0.0000,0.0000,0.0000,1,0,0,0,0,1,0,0,0,0
zc,TA306,2012-06-18 14:10:00.947,7372.0000,2,0,0.0000,0.0000,0,0,空换,S,7372.0000,0.0000,0.0000,0.0000,0.0000,7458.0000,0.0000,0.0000,0.0000,0.0000,1,0,0,0,0,1,0,0,0,0
zc,TA306,2012-06-18 14:10:08.917,7372.0000,2,0,0.0000,0.0000,0,0,空换,S,7372.0000,0.0000,0.0000,0.0000,0.0000,7458.0000,0.0000,0.0000,0.0000,0.0000,1,0,0,0,0,1,0,0,0,0
zc,TA306,2012-06-18 14:11:22.650,7372.0000,2,0,0.0000,0.0000,0,0,空换,S,7372.0000,0.0000,0.0000,0.0000,0.0000,7458.0000,0.0000,0.0000,0.0000,0.0000,1,0,0,0,0,2,0,0,0,0
zc,TA306,2012-06-18 14:11:24.447,7372.0000,2,0,0.0000,0.0000,0,0,空换,S,7372.0000,0.0000,0.0000,0.0000,0.0000,7458.0000,0.0000,0.0000,0.0000,0.0000,1,0,0,0,0,1,0,0,0,0
zc,TA306,2012-06-18 14:11:25.167,7372.0000,2,0,0.0000,0.0000,0,0,空换,S,7372.0000,0.0000,0.0000,0.0000,0.0000,7458.0000,0.0000,0.0000,0.0000,0.0000,1,0,0,0,0,2,0,0,0,0
zc,TA306,2012-06-18 14:11:26.697,7372.0000,2,0,0.0000,0.0000,0,0,空换,S,7372.0000,0.0000,0.0000,0.0000,0.0000,7458.0000,0.0000,0.0000,0.0000,0.0000,1,0,0,0,0,1,0,0,0,0
zc,TA306,2012-06-18 14:12:22.667,7372.0000,2,0,0.0000,0.0000,0,0,空换,S,7372.0000,0.0000,0.0000,0.0000,0.0000,7458.0000,0.0000,0.0000,0.0000,0.0000,1,0,0,0,0,2,0,0,0,0
zc,TA306,2012-06-18 14:13:02.667,7372.0000,2,0,0.0000,0.0000,0,0,空换,S,7372.0000,0.0000,0.0000,0.0000,0.0000,7456.0000,0.0000,0.0000,0.0000,0.0000,1,0,0,0,0,1,0,0,0,0
zc,TA306,2012-06-18 14:13:14.197,7372.0000,2,0,0.0000,0.0000,0,0,空换,S,7372.0000,0.0000,0.0000,0.0000,0.0000,7458.0000,0.0000,0.0000,0.0000,0.0000,1,0,0,0,0,1,0,0,0,0
zc,TA306,2012-06-18 14:13:14.417,7372.0000,2,0,0.0000,0.0000,0,0,空换,S,7372.0000,0.0000,0.0000,0.0000,0.0000,7454.0000,0.0000,0.0000,0.0000,0.0000,1,0,0,0,0,1,0,0,0,0
zc,TA306,2012-06-18 14:13:15.667,7372.0000,2,0,0.0000,0.0000,0,0,空换,S,7374.0000,0.0000,0.0000,0.0000,0.0000,7458.0000,0.0000,0.0000,0.0000,0.0000,1,0,0,0,0,1,0,0,0,0
zc,TA306,2012-06-18 14:13:19.667,7372.0000,2,0,0.0000,0.0000,0,0,空换,S,7372.0000,0.0000,0.0000,0.0000,0.0000,7458.0000,0.0000,0.0000,0.0000,0.0000,1,0,0,0,0,1,0,0,0,0
zc,TA306,2012-06-18 14:15:07.947,7372.0000,2,0,0.0000,0.0000,0,0,空换,S,7362.0000,0.0000,0.0000,0.0000,0.0000,7458.0000,0.0000,0.0000,0.0000,0.0000,1,0,0,0,0,1,0,0,0,0
zc,TA306,2012-06-18 14:15:08.463,7372.0000,2,0,0.0000,0.0000,0,0,空换,S,7366.0000,0.0000,0.0000,0.0000,0.0000,7458.0000,0.0000,0.0000,0.0000,0.0000,1,0,0,0,0,1,0,0,0,0
zc,TA306,2012-06-18 14:15:12.917,7372.0000,2,0,0.0000,0.0000,0,0,空换,S,7366.0000,0.0000,0.0000,0.0000,0.0000,7458.0000,0.0000,0.0000,0.0000,0.0000,1,0,0,0,0,2,0,0,0,0
zc,TA306,2012-06-18 14:15:14.463,7372.0000,2,0,0.0000,0.0000,0,0,空换,S,7366.0000,0.0000,0.0000,0.0000,0.0000,7458.0000,0.0000,0.0000,0.0000,0.0000,1,0,0,0,0,1,0,0,0,0
zc,TA306,2012-06-18 14:15:35.697,7372.0000,2,0,0.0000,0.0000,0,0,空换,S,7362.0000,0.0000,0.0000,0.0000,0.0000,7458.0000,0.0000,0.0000,0.0000,0.0000,1,0,0,0,0,1,0,0,0,0
zc,TA306,2012-06-18 14:15:36.197,7372.0000,2,0,0.0000,0.0000,0,0,空换,S,7368.0000,0.0000,0.0000,0.0000,0.0000,7458.0000,0.0000,0.0000,0.0000,0.0000,1,0,0,0,0,1,0,0,0,0
zc,TA306,2012-06-18 14:15:37.667,7372.0000,2,0,0.0000,0.0000,0,0,空换,S,7366.0000,0.0000,0.0000,0.0000,0.0000,7458.0000,0.0000,0.0000,0.0000,0.0000,1,0,0,0,0,2,0,0,0,0
zc,TA306,2012-06-18 14:15:45.433,7372.0000,2,0,0.0000,0.0000,0,0,空换,S,7366.0000,0.0000,0.0000,0.0000,0.0000,7458.0000,0.0000,0.0000,0.0000,0.0000,1,0,0,0,0,1,0,0,0,0
zc,TA306,2012-06-18 14:15:48.463,7372.0000,2,0,0.0000,0.0000,0,0,空换,S,7362.0000,0.0000,0.0000,0.0000,0.0000,7458.0000,0.0000,0.0000,0.0000,0.0000,1,0,0,0,0,1,0,0,0,0
zc,TA306,2012-06-18 14:15:48.917,7372.0000,2,0,0.0000,0.0000,0,0,空换,S,7368.0000,0.0000,0.0000,0.0000,0.0000,7458.0000,0.0000,0.0000,0.0000,0.0000,1,0,0,0,0,1,0,0,0,0
zc,TA306,2012-06-18 14:16:10.683,7372.0000,2,0,0.0000,0.0000,0,0,空换,S,7362.0000,0.0000,0.0000,0.0000,0.0000,7458.0000,0.0000,0.0000,0.0000,0.0000,1,0,0,0,0,1,0,0,0,0
zc,TA306,2012-06-18 14:16:11.183,7372.0000,2,0,0.0000,0.0000,0,0,空换,S,7370.0000,0.0000,0.0000,0.0000,0.0000,7458.0000,0.0000,0.0000,0.0000,0.0000,1,0,0,0,0,1,0,0,0,0
zc,TA306,2012-06-18 14:16:44.417,7372.0000,2,0,0.0000,0.0000,0,0,空换,S,7362.0000,0.0000,0.0000,0.0000,0.0000,7458.0000,0.0000,0.0000,0.0000,0.0000,1,0,0,0,0,1,0,0,0,0
zc,TA306,2012-06-18 14:16:44.900,7372.0000,2,0,0.0000,0.0000,0,0,空换,S,7368.0000,0.0000,0.0000,0.0000,0.0000,7458.0000,0.0000,0.0000,0.0000,0.0000,1,0,0,0,0,1,0,0,0,0
zc,TA306,2012-06-18 14:16:50.433,7372.0000,2,0,0.0000,0.0000,0,0,空换,S,7370.0000,0.0000,0.0000,0.0000,0.0000,7458.0000,0.0000,0.0000,0.0000,0.0000,1,0,0,0,0,1,0,0,0,0
zc,TA306,2012-06-18 14:16:54.227,7372.0000,2,0,0.0000,0.0000,0,0,空换,S,7368.0000,0.0000,0.0000,0.0000,0.0000,7458.0000,0.0000,0.0000,0.0000,0.0000,1,0,0,0,0,1,0,0,0,0
zc,TA306,2012-06-18 14:17:01.400,7372.0000,2,0,0.0000,0.0000,0,0,空换,S,7362.0000,0.0000,0.0000,0.0000,0.0000,7458.0000,0.0000,0.0000,0.0000,0.0000,1,0,0,0,0,1,0,0,0,0
zc,TA306,2012-06-18 14:17:01.917,7372.0000,2,0,0.0000,0.0000,0,0,空换,S,7370.0000,0.0000,0.0000,0.0000,0.0000,7458.0000,0.0000,0.0000,0.0000,0.0000,1,0,0,0,0,1,0,0,0,0
zc,TA306,2012-06-18 14:17:04.947,7372.0000,2,0,0.0000,0.0000,0,0,空换,S,7362.0000,0.0000,0.0000,0.0000,0.0000,7458.0000,0.0000,0.0000,0.0000,0.0000,1,0,0,0,0,1,0,0,0,0
zc,TA306,2012-06-18 14:17:08.900,7372.0000,2,0,0.0000,0.0000,0,0,空换,S,7362.0000,0.0000,0.0000,0.0000,0.0000,7458.0000,0.0000,0.0000,0.0000,0.0000,1,0,0,0,0,1,0,0,0,0
zc,TA306,2012-06-18 14:17:10.433,7372.0000,2,0,0.0000,0.0000,0,0,空换,S,7370.0000,0.0000,0.0000,0.0000,0.0000,7458.0000,0.0000,0.0000,0.0000,0.0000,1,0,0,0,0,1,0,0,0,0
zc,TA306,2012-06-18 14:17:21.917,7372.0000,2,0,0.0000,0.0000,0,0,空换,S,7362.0000,0.0000,0.0000,0.0000,0.0000,7458.0000,0.0000,0.0000,0.0000,0.0000,1,0,0,0,0,1,0,0,0,0
zc,TA306,2012-06-18 14:17:40.477,7372.0000,2,0,0.0000,0.0000,0,0,空换,S,7370.0000,0.0000,0.0000,0.0000,0.0000,7458.0000,0.0000,0.0000,0.0000,0.0000,1,0,0,0,0,1,0,0,0,0
zc,TA306,2012-06-18 14:18:45.697,7372.0000,2,0,0.0000,0.0000,0,0,空换,S,7362.0000,0.0000,0.0000,0.0000,0.0000,7458.0000,0.0000,0.0000,0.0000,0.0000,1,0,0,0,0,1,0,0,0,0
zc,TA306,2012-06-18 14:18:46.433,7372.0000,2,0,0.0000,0.0000,0,0,空换,S,7372.0000,0.0000,0.0000,0.0000,0.0000,7458.0000,0.0000,0.0000,0.0000,0.0000,1,0,0,0,0,1,0,0,0,0
zc,TA306,2012-06-18 14:18:49.650,7372.0000,2,0,0.0000,0.0000,0,0,空换,S,7362.0000,0.0000,0.0000,0.0000,0.0000,7458.0000,0.0000,0.0000,0.0000,0.0000,1,0,0,0,0,1,0,0,0,0
zc,TA306,2012-06-18 14:19:02.667,7372.0000,2,0,0.0000,0.0000,0,0,空换,S,7372.0000,0.0000,0.0000,0.0000,0.0000,7458.0000,0.0000,0.0000,0.0000,0.0000,1,0,0,0,0,1,0,0,0,0
zc,TA306,2012-06-18 14:19:25.933,7372.0000,2,0,0.0000,0.0000,0,0,空换,S,7362.0000,0.0000,0.0000,0.0000,0.0000,7458.0000,0.0000,0.0000,0.0000,0.0000,1,0,0,0,0,1,0,0,0,0
zc,TA306,2012-06-18 14:19:27.463,7372.0000,2,0,0.0000,0.0000,0,0,空换,S,7374.0000,0.0000,0.0000,0.0000,0.0000,7458.0000,0.0000,0.0000,0.0000,0.0000,1,0,0,0,0,1,0,0,0,0
zc,TA306,2012-06-18 14:19:35.683,7372.0000,2,0,0.0000,0.0000,0,0,空换,S,7362.0000,0.0000,0.0000,0.0000,0.0000,7458.0000,0.0000,0.0000,0.0000,0.0000,1,0,0,0,0,1,0,0,0,0
zc,TA306,2012-06-18 14:19:45.400,7372.0000,2,0,0.0000,0.0000,0,0,空换,S,7364.0000,0.0000,0.0000,0.0000,0.0000,7458.0000,0.0000,0.0000,0.0000,0.0000,5,0,0,0,0,1,0,0,0,0
zc,TA306,2012-06-18 14:19:46.917,7372.0000,2,0,0.0000,0.0000,0,0,空换,S,7374.0000,0.0000,0.0000,0.0000,0.0000,7458.0000,0.0000,0.0000,0.0000,0.0000,1,0,0,0,0,1,0,0,0,0
zc,TA306,2012-06-18 14:19:48.683,7372.0000,2,0,0.0000,0.0000,0,0,空换,S,7364.0000,0.0000,0.0000,0.0000,0.0000,7458.0000,0.0000,0.0000,0.0000,0.0000,5,0,0,0,0,1,0,0,0,0
zc,TA306,2012-06-18 14:20:24.933,7372.0000,2,0,0.0000,0.0000,0,0,空换,S,7372.0000,0.0000,0.0000,0.0000,0.0000,7458.0000,0.0000,0.0000,0.0000,0.0000,1,0,0,0,0,1,0,0,0,0
zc,TA306,2012-06-18 14:20:52.683,7372.0000,2,0,0.0000,0.0000,0,0,空换,S,7362.0000,0.0000,0.0000,0.0000,0.0000,7458.0000,0.0000,0.0000,0.0000,0.0000,1,0,0,0,0,1,0,0,0,0
zc,TA306,2012-06-18 14:21:26.917,7372.0000,2,0,0.0000,0.0000,0,0,空换,S,7372.0000,0.0000,0.0000,0.0000,0.0000,7458.0000,0.0000,0.0000,0.0000,0.0000,1,0,0,0,0,1,0,0,0,0
zc,TA306,2012-06-18 14:22:51.933,7372.0000,2,0,0.0000,0.0000,0,0,空换,S,7374.0000,0.0000,0.0000,0.0000,0.0000,7458.0000,0.0000,0.0000,0.0000,0.0000,1,0,0,0,0,1,0,0,0,0
zc,TA306,2012-06-18 14:23:40.463,7372.0000,2,0,0.0000,0.0000,0,0,空换,S,7376.0000,0.0000,0.0000,0.0000,0.0000,7458.0000,0.0000,0.0000,0.0000,0.0000,1,0,0,0,0,1,0,0,0,0
zc,TA306,2012-06-18 14:23:45.917,7372.0000,2,0,0.0000,0.0000,0,0,空换,S,7374.0000,0.0000,0.0000,0.0000,0.0000,7458.0000,0.0000,0.0000,0.0000,0.0000,1,0,0,0,0,1,0,0,0,0
zc,TA306,2012-06-18 14:23:49.683,7372.0000,2,0,0.0000,0.0000,0,0,空换,S,7376.0000,0.0000,0.0000,0.0000,0.0000,7458.0000,0.0000,0.0000,0.0000,0.0000,1,0,0,0,0,1,0,0,0,0
zc,TA306,2012-06-18 14:23:56.650,7372.0000,2,0,0.0000,0.0000,0,0,空换,S,7374.0000,0.0000,0.0000,0.0000,0.0000,7458.0000,0.0000,0.0000,0.0000,0.0000,1,0,0,0,0,1,0,0,0,0
zc,TA306,2012-06-18 14:23:59.463,7372.0000,2,0,0.0000,0.0000,0,0,空换,S,7376.0000,0.0000,0.0000,0.0000,0.0000,7458.0000,0.0000,0.0000,0.0000,0.0000,1,0,0,0,0,1,0,0,0,0
zc,TA306,2012-06-18 14:24:00.213,7372.0000,2,0,0.0000,0.0000,0,0,空换,S,7374.0000,0.0000,0.0000,0.0000,0.0000,7458.0000,0.0000,0.0000,0.0000,0.0000,1,0,0,0,0,1,0,0,0,0
zc,TA306,2012-06-18 14:24:29.683,7372.0000,2,0,0.0000,0.0000,0,0,空换,S,7376.0000,0.0000,0.0000,0.0000,0.0000,7458.0000,0.0000,0.0000,0.0000,0.0000,1,0,0,0,0,1,0,0,0,0
zc,TA306,2012-06-18 14:24:52.183,7372.0000,2,0,0.0000,0.0000,0,0,空换,S,7378.0000,0.0000,0.0000,0.0000,0.0000,7458.0000,0.0000,0.0000,0.0000,0.0000,1,0,0,0,0,1,0,0,0,0
zc,TA306,2012-06-18 14:24:58.947,7372.0000,2,0,0.0000,0.0000,0,0,空换,S,7376.0000,0.0000,0.0000,0.0000,0.0000,7458.0000,0.0000,0.0000,0.0000,0.0000,1,0,0,0,0,1,0,0,0,0
zc,TA306,2012-06-18 14:24:59.433,7372.0000,2,0,0.0000,0.0000,0,0,空换,S,7378.0000,0.0000,0.0000,0.0000,0.0000,7458.0000,0.0000,0.0000,0.0000,0.0000,1,0,0,0,0,1,0,0,0,0
zc,TA306,2012-06-18 14:25:03.433,7372.0000,2,0,0.0000,0.0000,0,0,空换,S,7376.0000,0.0000,0.0000,0.0000,0.0000,7458.0000,0.0000,0.0000,0.0000,0.0000,1,0,0,0,0,1,0,0,0,0
zc,TA306,2012-06-18 14:25:33.933,7372.0000,2,0,0.0000,0.0000,0,0,空换,S,7376.0000,0.0000,0.0000,0.0000,0.0000,7470.0000,0.0000,0.0000,0.0000,0.0000,1,0,0,0,0,1,0,0,0,0
zc,TA306,2012-06-18 14:25:38.683,7372.0000,2,0,0.0000,0.0000,0,0,空换,S,7380.0000,0.0000,0.0000,0.0000,0.0000,7470.0000,0.0000,0.0000,0.0000,0.0000,1,0,0,0,0,1,0,0,0,0
zc,TA306,2012-06-18 14:25:42.697,7372.0000,2,0,0.0000,0.0000,0,0,空换,S,7380.0000,0.0000,0.0000,0.0000,0.0000,7468.0000,0.0000,0.0000,0.0000,0.0000,1,0,0,0,0,1,0,0,0,0
zc,TA306,2012-06-18 14:26:23.400,7372.0000,2,0,0.0000,0.0000,0,0,空换,S,7380.0000,0.0000,0.0000,0.0000,0.0000,7466.0000,0.0000,0.0000,0.0000,0.0000,1,0,0,0,0,1,0,0,0,0
zc,TA306,2012-06-18 14:26:25.917,7372.0000,2,0,0.0000,0.0000,0,0,空换,S,7376.0000,0.0000,0.0000,0.0000,0.0000,7466.0000,0.0000,0.0000,0.0000,0.0000,1,0,0,0,0,1,0,0,0,0
zc,TA306,2012-06-18 14:26:26.683,7372.0000,2,0,0.0000,0.0000,0,0,空换,S,7378.0000,0.0000,0.0000,0.0000,0.0000,7466.0000,0.0000,0.0000,0.0000,0.0000,1,0,0,0,0,1,0,0,0,0
zc,TA306,2012-06-18 14:26:28.917,7372.0000,2,0,0.0000,0.0000,0,0,空换,S,7376.0000,0.0000,0.0000,0.0000,0.0000,7466.0000,0.0000,0.0000,0.0000,0.0000,1,0,0,0,0,1,0,0,0,0
zc,TA306,2012-06-18 14:26:37.650,7372.0000,2,0,0.0000,0.0000,0,0,空换,S,7374.0000,0.0000,0.0000,0.0000,0.0000,7466.0000,0.0000,0.0000,0.0000,0.0000,1,0,0,0,0,1,0,0,0,0
zc,TA306,2012-06-18 14:26:42.667,7372.0000,2,0,0.0000,0.0000,0,0,空换,S,7362.0000,0.0000,0.0000,0.0000,0.0000,7466.0000,0.0000,0.0000,0.0000,0.0000,1,0,0,0,0,1,0,0,0,0
zc,TA306,2012-06-18 14:26:43.650,7372.0000,2,0,0.0000,0.0000,0,0,空换,S,7372.0000,0.0000,0.0000,0.0000,0.0000,7466.0000,0.0000,0.0000,0.0000,0.0000,1,0,0,0,0,1,0,0,0,0
zc,TA306,2012-06-18 14:26:44.197,7372.0000,2,0,0.0000,0.0000,0,0,空换,S,7372.0000,0.0000,0.0000,0.0000,0.0000,7464.0000,0.0000,0.0000,0.0000,0.0000,1,0,0,0,0,1,0,0,0,0
zc,TA306,2012-06-18 14:26:50.963,7372.0000,2,0,0.0000,0.0000,0,0,空换,S,7362.0000,0.0000,0.0000,0.0000,0.0000,7464.0000,0.0000,0.0000,0.0000,0.0000,1,0,0,0,0,1,0,0,0,0
zc,TA306,2012-06-18 14:26:52.433,7372.0000,2,0,0.0000,0.0000,0,0,空换,S,7362.0000,0.0000,0.0000,0.0000,0.0000,7466.0000,0.0000,0.0000,0.0000,0.0000,1,0,0,0,0,1,0,0,0,0
zc,TA306,2012-06-18 14:26:53.213,7372.0000,2,0,0.0000,0.0000,0,0,空换,S,7370.0000,0.0000,0.0000,0.0000,0.0000,7462.0000,0.0000,0.0000,0.0000,0.0000,1,0,0,0,0,1,0,0,0,0
zc,TA306,2012-06-18 14:26:53.650,7372.0000,2,0,0.0000,0.0000,0,0,空换,S,7370.0000,0.0000,0.0000,0.0000,0.0000,7466.0000,0.0000,0.0000,0.0000,0.0000,1,0,0,0,0,1,0,0,0,0
zc,TA306,2012-06-18 14:26:54.183,7372.0000,2,0,0.0000,0.0000,0,0,空换,S,7362.0000,0.0000,0.0000,0.0000,0.0000,7466.0000,0.0000,0.0000,0.0000,0.0000,1,0,0,0,0,1,0,0,0,0
zc,TA306,2012-06-18 14:26:54.917,7372.0000,2,0,0.0000,0.0000,0,0,空换,S,7372.0000,0.0000,0.0000,0.0000,0.0000,7466.0000,0.0000,0.0000,0.0000,0.0000,1,0,0,0,0,1,0,0,0,0
zc,TA306,2012-06-18 14:27:03.417,7372.0000,2,0,0.0000,0.0000,0,0,空换,S,7372.0000,0.0000,0.0000,0.0000,0.0000,7462.0000,0.0000,0.0000,0.0000,0.0000,1,0,0,0,0,1,0,0,0,0
zc,TA306,2012-06-18 14:27:08.433,7372.0000,2,0,0.0000,0.0000,0,0,空换,S,7372.0000,0.0000,0.0000,0.0000,0.0000,7460.0000,0.0000,0.0000,0.0000,0.0000,1,0,0,0,0,1,0,0,0,0
zc,TA306,2012-06-18 14:28:08.887,7372.0000,2,0,0.0000,0.0000,0,0,空换,S,7372.0000,0.0000,0.0000,0.0000,0.0000,7460.0000,0.0000,0.0000,0.0000,0.0000,1,0,0,0,0,1,0,0,0,0
zc,TA306,2012-06-18 14:28:47.167,7372.0000,2,0,0.0000,0.0000,0,0,空换,S,7374.0000,0.0000,0.0000,0.0000,0.0000,7460.0000,0.0000,0.0000,0.0000,0.0000,1,0,0,0,0,1,0,0,0,0
zc,TA306,2012-06-18 14:30:32.197,7372.0000,2,0,0.0000,0.0000,0,0,空换,S,7374.0000,0.0000,0.0000,0.0000,0.0000,7460.0000,0.0000,0.0000,0.0000,0.0000,2,0,0,0,0,1,0,0,0,0
zc,TA306,2012-06-18 14:30:41.417,7372.0000,2,0,0.0000,0.0000,0,0,空换,S,7374.0000,0.0000,0.0000,0.0000,0.0000,7460.0000,0.0000,0.0000,0.0000,0.0000,1,0,0,0,0,1,0,0,0,0
zc,TA306,2012-06-18 14:30:56.917,7372.0000,2,0,0.0000,0.0000,0,0,空换,S,7374.0000,0.0000,0.0000,0.0000,0.0000,7460.0000,0.0000,0.0000,0.0000,0.0000,2,0,0,0,0,1,0,0,0,0
zc,TA306,2012-06-18 14:31:05.727,7372.0000,2,0,0.0000,0.0000,0,0,空换,S,7374.0000,0.0000,0.0000,0.0000,0.0000,7460.0000,0.0000,0.0000,0.0000,0.0000,1,0,0,0,0,1,0,0,0,0
zc,TA306,2012-06-18 14:34:48.650,7372.0000,2,0,0.0000,0.0000,0,0,空换,S,7374.0000,0.0000,0.0000,0.0000,0.0000,7460.0000,0.0000,0.0000,0.0000,0.0000,1,0,0,0,0,2,0,0,0,0
zc,TA306,2012-06-18 14:35:02.650,7372.0000,2,0,0.0000,0.0000,0,0,空换,S,7374.0000,0.0000,0.0000,0.0000,0.0000,7460.0000,0.0000,0.0000,0.0000,0.0000,2,0,0,0,0,2,0,0,0,0
zc,TA306,2012-06-18 14:35:16.433,7372.0000,2,0,0.0000,0.0000,0,0,空换,S,7374.0000,0.0000,0.0000,0.0000,0.0000,7460.0000,0.0000,0.0000,0.0000,0.0000,1,0,0,0,0,2,0,0,0,0
zc,TA306,2012-06-18 14:36:08.900,7372.0000,2,0,0.0000,0.0000,0,0,空换,S,7374.0000,0.0000,0.0000,0.0000,0.0000,7460.0000,0.0000,0.0000,0.0000,0.0000,1,0,0,0,0,2,0,0,0,0
zc,TA306,2012-06-18 14:36:37.917,7372.0000,2,0,0.0000,0.0000,0,0,空换,S,7374.0000,0.0000,0.0000,0.0000,0.0000,7460.0000,0.0000,0.0000,0.0000,0.0000,2,0,0,0,0,2,0,0,0,0
zc,TA306,2012-06-18 14:36:54.433,7372.0000,2,0,0.0000,0.0000,0,0,空换,S,7374.0000,0.0000,0.0000,0.0000,0.0000,7460.0000,0.0000,0.0000,0.0000,0.0000,2,0,0,0,0,1,0,0,0,0
zc,TA306,2012-06-18 14:37:27.917,7372.0000,2,0,0.0000,0.0000,0,0,空换,S,7376.0000,0.0000,0.0000,0.0000,0.0000,7460.0000,0.0000,0.0000,0.0000,0.0000,1,0,0,0,0,1,0,0,0,0
zc,TA306,2012-06-18 14:37:34.637,7372.0000,2,0,0.0000,0.0000,0,0,空换,S,7374.0000,0.0000,0.0000,0.0000,0.0000,7460.0000,0.0000,0.0000,0.0000,0.0000,2,0,0,0,0,1,0,0,0,0
zc,TA306,2012-06-18 14:37:58.620,7372.0000,2,0,0.0000,0.0000,0,0,空换,S,7374.0000,0.0000,0.0000,0.0000,0.0000,7446.0000,0.0000,0.0000,0.0000,0.0000,2,0,0,0,0,1,0,0,0,0
zc,TA306,2012-06-18 14:37:59.620,7372.0000,2,0,0.0000,0.0000,0,0,空换,S,7374.0000,0.0000,0.0000,0.0000,0.0000,7444.0000,0.0000,0.0000,0.0000,0.0000,2,0,0,0,0,1,0,0,0,0
zc,TA306,2012-06-18 14:38:06.947,7372.0000,2,0,0.0000,0.0000,0,0,空换,S,7374.0000,0.0000,0.0000,0.0000,0.0000,7450.0000,0.0000,0.0000,0.0000,0.0000,2,0,0,0,0,1,0,0,0,0
zc,TA306,2012-06-18 14:38:09.697,7372.0000,2,0,0.0000,0.0000,0,0,空换,S,7374.0000,0.0000,0.0000,0.0000,0.0000,7450.0000,0.0000,0.0000,0.0000,0.0000,1,0,0,0,0,1,0,0,0,0
zc,TA306,2012-06-18 14:39:12.243,7372.0000,2,0,0.0000,0.0000,0,0,空换,S,7374.0000,0.0000,0.0000,0.0000,0.0000,7458.0000,0.0000,0.0000,0.0000,0.0000,1,0,0,0,0,1,0,0,0,0
zc,TA306,2012-06-18 14:39:14.260,7372.0000,2,0,0.0000,0.0000,0,0,空换,S,7382.0000,0.0000,0.0000,0.0000,0.0000,7458.0000,0.0000,0.0000,0.0000,0.0000,1,0,0,0,0,1,0,0,0,0
zc,TA306,2012-06-18 14:39:19.963,7372.0000,2,0,0.0000,0.0000,0,0,空换,S,7374.0000,0.0000,0.0000,0.0000,0.0000,7458.0000,0.0000,0.0000,0.0000,0.0000,1,0,0,0,0,1,0,0,0,0
zc,TA306,2012-06-18 14:39:20.260,7372.0000,2,0,0.0000,0.0000,0,0,空换,S,7384.0000,0.0000,0.0000,0.0000,0.0000,7458.0000,0.0000,0.0000,0.0000,0.0000,1,0,0,0,0,1,0,0,0,0
zc,TA306,2012-06-18 14:39:21.010,7372.0000,2,0,0.0000,0.0000,0,0,空换,S,7382.0000,0.0000,0.0000,0.0000,0.0000,7458.0000,0.0000,0.0000,0.0000,0.0000,1,0,0,0,0,1,0,0,0,0
zc,TA306,2012-06-18 14:39:21.493,7372.0000,2,0,0.0000,0.0000,0,0,空换,S,7384.0000,0.0000,0.0000,0.0000,0.0000,7458.0000,0.0000,0.0000,0.0000,0.0000,1,0,0,0,0,1,0,0,0,0
zc,TA306,2012-06-18 14:39:26.197,7372.0000,2,0,0.0000,0.0000,0,0,空换,S,7382.0000,0.0000,0.0000,0.0000,0.0000,7458.0000,0.0000,0.0000,0.0000,0.0000,1,0,0,0,0,1,0,0,0,0
zc,TA306,2012-06-18 14:39:27.227,7372.0000,2,0,0.0000,0.0000,0,0,空换,S,7382.0000,0.0000,0.0000,0.0000,0.0000,7454.0000,0.0000,0.0000,0.0000,0.0000,1,0,0,0,0,1,0,0,0,0
zc,TA306,2012-06-18 14:39:30.760,7372.0000,2,0,0.0000,0.0000,0,0,空换,S,7384.0000,0.0000,0.0000,0.0000,0.0000,7458.0000,0.0000,0.0000,0.0000,0.0000,1,0,0,0,0,1,0,0,0,0
zc,TA306,2012-06-18 14:39:31.510,7372.0000,2,0,0.0000,0.0000,0,0,空换,S,7386.0000,0.0000,0.0000,0.0000,0.0000,7458.0000,0.0000,0.0000,0.0000,0.0000,1,0,0,0,0,1,0,0,0,0
zc,TA306,2012-06-18 14:39:32.463,7372.0000,2,0,0.0000,0.0000,0,0,空换,S,7384.0000,0.0000,0.0000,0.0000,0.0000,7458.0000,0.0000,0.0000,0.0000,0.0000,1,0,0,0,0,1,0,0,0,0
zc,TA306,2012-06-18 14:39:33.227,7372.0000,2,0,0.0000,0.0000,0,0,空换,S,7388.0000,0.0000,0.0000,0.0000,0.0000,7458.0000,0.0000,0.0000,0.0000,0.0000,1,0,0,0,0,1,0,0,0,0
zc,TA306,2012-06-18 14:39:34.727,7372.0000,2,0,0.0000,0.0000,0,0,空换,S,7384.0000,0.0000,0.0000,0.0000,0.0000,7458.0000,0.0000,0.0000,0.0000,0.0000,1,0,0,0,0,1,0,0,0,0
zc,TA306,2012-06-18 14:39:35.463,7372.0000,2,0,0.0000,0.0000,0,0,空换,S,7386.0000,0.0000,0.0000,0.0000,0.0000,7458.0000,0.0000,0.0000,0.0000,0.0000,1,0,0,0,0,1,0,0,0,0
zc,TA306,2012-06-18 14:39:38.227,7372.0000,2,0,0.0000,0.0000,0,0,空换,S,7386.0000,0.0000,0.0000,0.0000,0.0000,7456.0000,0.0000,0.0000,0.0000,0.0000,1,0,0,0,0,1,0,0,0,0
zc,TA306,2012-06-18 14:39:41.463,7372.0000,2,0,0.0000,0.0000,0,0,空换,S,7374.0000,0.0000,0.0000,0.0000,0.0000,7456.0000,0.0000,0.0000,0.0000,0.0000,1,0,0,0,0,1,0,0,0,0
zc,TA306,2012-06-18 14:39:42.213,7372.0000,2,0,0.0000,0.0000,0,0,空换,S,7384.0000,0.0000,0.0000,0.0000,0.0000,7456.0000,0.0000,0.0000,0.0000,0.0000,1,0,0,0,0,1,0,0,0,0
zc,TA306,2012-06-18 14:39:44.227,7372.0000,2,0,0.0000,0.0000,0,0,空换,S,7386.0000,0.0000,0.0000,0.0000,0.0000,7456.0000,0.0000,0.0000,0.0000,0.0000,1,0,0,0,0,1,0,0,0,0
zc,TA306,2012-06-18 14:39:57.227,7372.0000,2,0,0.0000,0.0000,0,0,空换,S,7388.0000,0.0000,0.0000,0.0000,0.0000,7456.0000,0.0000,0.0000,0.0000,0.0000,1,0,0,0,0,1,0,0,0,0
zc,TA306,2012-06-18 14:39:58.477,7372.0000,2,0,0.0000,0.0000,0,0,空换,S,7386.0000,0.0000,0.0000,0.0000,0.0000,7456.0000,0.0000,0.0000,0.0000,0.0000,1,0,0,0,0,1,0,0,0,0
zc,TA306,2012-06-18 14:40:04.993,7372.0000,2,0,0.0000,0.0000,0,0,空换,S,7388.0000,0.0000,0.0000,0.0000,0.0000,7456.0000,0.0000,0.0000,0.0000,0.0000,1,0,0,0,0,1,0,0,0,0
zc,TA306,2012-06-18 14:40:19.727,7372.0000,2,0,0.0000,0.0000,0,0,空换,S,7374.0000,0.0000,0.0000,0.0000,0.0000,7456.0000,0.0000,0.0000,0.0000,0.0000,1,0,0,0,0,1,0,0,0,0
zc,TA306,2012-06-18 14:40:20.527,7372.0000,2,0,0.0000,0.0000,0,0,空换,S,7386.0000,0.0000,0.0000,0.0000,0.0000,7456.0000,0.0000,0.0000,0.0000,0.0000,1,0,0,0,0,1,0,0,0,0
zc,TA306,2012-06-18 14:40:23.727,7372.0000,2,0,0.0000,0.0000,0,0,空换,S,7388.0000,0.0000,0.0000,0.0000,0.0000,7456.0000,0.0000,0.0000,0.0000,0.0000,1,0,0,0,0,1,0,0,0,0
zc,TA306,2012-06-18 14:40:24.697,7372.0000,2,0,0.0000,0.0000,0,0,空换,S,7388.0000,0.0000,0.0000,0.0000,0.0000,7454.0000,0.0000,0.0000,0.0000,0.0000,1,0,0,0,0,1,0,0,0,0
zc,TA306,2012-06-18 14:40:27.027,7372.0000,2,0,0.0000,0.0000,0,0,空换,S,7376.0000,0.0000,0.0000,0.0000,0.0000,7454.0000,0.0000,0.0000,0.0000,0.0000,5,0,0,0,0,1,0,0,0,0
zc,TA306,2012-06-18 14:40:27.463,7372.0000,2,0,0.0000,0.0000,0,0,空换,S,7386.0000,0.0000,0.0000,0.0000,0.0000,7454.0000,0.0000,0.0000,0.0000,0.0000,1,0,0,0,0,1,0,0,0,0
zc,TA306,2012-06-18 14:40:30.993,7372.0000,2,0,0.0000,0.0000,0,0,空换,S,7374.0000,0.0000,0.0000,0.0000,0.0000,7454.0000,0.0000,0.0000,0.0000,0.0000,1,0,0,0,0,1,0,0,0,0
zc,TA306,2012-06-18 14:40:31.213,7372.0000,2,0,0.0000,0.0000,0,0,空换,S,7388.0000,0.0000,0.0000,0.0000,0.0000,7454.0000,0.0000,0.0000,0.0000,0.0000,1,0,0,0,0,1,0,0,0,0
zc,TA306,2012-06-18 14:40:34.277,7372.0000,2,0,0.0000,0.0000,0,0,空换,S,7374.0000,0.0000,0.0000,0.0000,0.0000,7454.0000,0.0000,0.0000,0.0000,0.0000,1,0,0,0,0,1,0,0,0,0
zc,TA306,2012-06-18 14:40:34.727,7372.0000,2,0,0.0000,0.0000,0,0,空换,S,7386.0000,0.0000,0.0000,0.0000,0.0000,7454.0000,0.0000,0.0000,0.0000,0.0000,1,0,0,0,0,1,0,0,0,0
zc,TA306,2012-06-18 14:40:39.197,7372.0000,2,0,0.0000,0.0000,0,0,空换,S,7376.0000,0.0000,0.0000,0.0000,0.0000,7454.0000,0.0000,0.0000,0.0000,0.0000,5,0,0,0,0,1,0,0,0,0
zc,TA306,2012-06-18 14:40:39.713,7372.0000,2,0,0.0000,0.0000,0,0,空换,S,7388.0000,0.0000,0.0000,0.0000,0.0000,7454.0000,0.0000,0.0000,0.0000,0.0000,1,0,0,0,0,1,0,0,0,0
zc,TA306,2012-06-18 14:40:48.027,7372.0000,2,0,0.0000,0.0000,0,0,空换,S,7374.0000,0.0000,0.0000,0.0000,0.0000,7454.0000,0.0000,0.0000,0.0000,0.0000,1,0,0,0,0,1,0,0,0,0
zc,TA306,2012-06-18 14:40:48.727,7372.0000,2,0,0.0000,0.0000,0,0,空换,S,7386.0000,0.0000,0.0000,0.0000,0.0000,7454.0000,0.0000,0.0000,0.0000,0.0000,1,0,0,0,0,1,0,0,0,0
zc,TA306,2012-06-18 14:40:54.743,7372.0000,2,0,0.0000,0.0000,0,0,空换,S,7376.0000,0.0000,0.0000,0.0000,0.0000,7454.0000,0.0000,0.0000,0.0000,0.0000,5,0,0,0,0,1,0,0,0,0
zc,TA306,2012-06-18 14:40:55.227,7372.0000,2,0,0.0000,0.0000,0,0,空换,S,7388.0000,0.0000,0.0000,0.0000,0.0000,7454.0000,0.0000,0.0000,0.0000,0.0000,1,0,0,0,0,1,0,0,0,0
zc,TA306,2012-06-18 14:41:01.477,7372.0000,2,0,0.0000,0.0000,0,0,空换,S,7388.0000,0.0000,0.0000,0.0000,0.0000,7456.0000,0.0000,0.0000,0.0000,0.0000,1,0,0,0,0,1,0,0,0,0
zc,TA306,2012-06-18 14:41:02.227,7372.0000,2,0,0.0000,0.0000,0,0,空换,S,7386.0000,0.0000,0.0000,0.0000,0.0000,7456.0000,0.0000,0.0000,0.0000,0.0000,1,0,0,0,0,1,0,0,0,0
zc,TA306,2012-06-18 14:41:02.463,7372.0000,2,0,0.0000,0.0000,0,0,空换,S,7390.0000,0.0000,0.0000,0.0000,0.0000,7456.0000,0.0000,0.0000,0.0000,0.0000,1,0,0,0,0,1,0,0,0,0
zc,TA306,2012-06-18 14:41:10.197,7372.0000,2,0,0.0000,0.0000,0,0,空换,S,7390.0000,0.0000,0.0000,0.0000,0.0000,7454.0000,0.0000,0.0000,0.0000,0.0000,1,0,0,0,0,1,0,0,0,0
zc,TA306,2012-06-18 14:41:29.743,7372.0000,2,0,0.0000,0.0000,0,0,空换,S,7388.0000,0.0000,0.0000,0.0000,0.0000,7454.0000,0.0000,0.0000,0.0000,0.0000,1,0,0,0,0,1,0,0,0,0
zc,TA306,2012-06-18 14:41:32.993,7372.0000,2,0,0.0000,0.0000,0,0,空换,S,7388.0000,0.0000,0.0000,0.0000,0.0000,7450.0000,0.0000,0.0000,0.0000,0.0000,1,0,0,0,0,1,0,0,0,0
zc,TA306,2012-06-18 14:41:45.713,7372.0000,2,0,0.0000,0.0000,0,0,空换,S,7374.0000,0.0000,0.0000,0.0000,0.0000,7450.0000,0.0000,0.0000,0.0000,0.0000,1,0,0,0,0,1,0,0,0,0
zc,TA306,2012-06-18 14:41:46.277,7372.0000,2,0,0.0000,0.0000,0,0,空换,S,7390.0000,0.0000,0.0000,0.0000,0.0000,7454.0000,0.0000,0.0000,0.0000,0.0000,1,0,0,0,0,1,0,0,0,0
zc,TA306,2012-06-18 14:41:47.510,7372.0000,2,0,0.0000,0.0000,0,0,空换,S,7388.0000,0.0000,0.0000,0.0000,0.0000,7454.0000,0.0000,0.0000,0.0000,0.0000,1,0,0,0,0,1,0,0,0,0
zc,TA306,2012-06-18 14:41:50.213,7372.0000,2,0,0.0000,0.0000,0,0,空换,S,7386.0000,0.0000,0.0000,0.0000,0.0000,7454.0000,0.0000,0.0000,0.0000,0.0000,1,0,0,0,0,1,0,0,0,0
zc,TA306,2012-06-18 14:41:50.993,7372.0000,2,0,0.0000,0.0000,0,0,空换,S,7390.0000,0.0000,0.0000,0.0000,0.0000,7454.0000,0.0000,0.0000,0.0000,0.0000,1,0,0,0,0,1,0,0,0,0
zc,TA306,2012-06-18 14:41:54.010,7372.0000,2,0,0.0000,0.0000,0,0,空换,S,7392.0000,0.0000,0.0000,0.0000,0.0000,7454.0000,0.0000,0.0000,0.0000,0.0000,1,0,0,0,0,1,0,0,0,0
zc,TA306,2012-06-18 14:41:56.463,7372.0000,2,0,0.0000,0.0000,0,0,空换,S,7394.0000,0.0000,0.0000,0.0000,0.0000,7454.0000,0.0000,0.0000,0.0000,0.0000,1,0,0,0,0,1,0,0,0,0
zc,TA306,2012-06-18 14:41:57.493,7372.0000,2,0,0.0000,0.0000,0,0,空换,S,7376.0000,0.0000,0.0000,0.0000,0.0000,7454.0000,0.0000,0.0000,0.0000,0.0000,5,0,0,0,0,1,0,0,0,0
zc,TA306,2012-06-18 14:41:57.993,7372.0000,2,0,0.0000,0.0000,0,0,空换,S,7396.0000,0.0000,0.0000,0.0000,0.0000,7454.0000,0.0000,0.0000,0.0000,0.0000,1,0,0,0,0,1,0,0,0,0
zc,TA306,2012-06-18 14:42:00.213,7372.0000,2,0,0.0000,0.0000,0,0,空换,S,7394.0000,0.0000,0.0000,0.0000,0.0000,7454.0000,0.0000,0.0000,0.0000,0.0000,1,0,0,0,0,1,0,0,0,0
zc,TA306,2012-06-18 14:42:07.183,7372.0000,2,0,0.0000,0.0000,0,0,空换,S,7374.0000,0.0000,0.0000,0.0000,0.0000,7454.0000,0.0000,0.0000,0.0000,0.0000,1,0,0,0,0,1,0,0,0,0
zc,TA306,2012-06-18 14:42:08.493,7372.0000,2,0,0.0000,0.0000,0,0,空换,S,7396.0000,0.0000,0.0000,0.0000,0.0000,7454.0000,0.0000,0.0000,0.0000,0.0000,1,0,0,0,0,1,0,0,0,0
zc,TA306,2012-06-18 14:42:09.493,7372.0000,2,0,0.0000,0.0000,0,0,空换,S,7374.0000,0.0000,0.0000,0.0000,0.0000,7454.0000,0.0000,0.0000,0.0000,0.0000,1,0,0,0,0,1,0,0,0,0
zc,TA306,2012-06-18 14:42:10.697,7372.0000,2,0,0.0000,0.0000,0,0,空换,S,7392.0000,0.0000,0.0000,0.0000,0.0000,7454.0000,0.0000,0.0000,0.0000,0.0000,1,0,0,0,0,1,0,0,0,0
zc,TA306,2012-06-18 14:42:25.213,7372.0000,2,0,0.0000,0.0000,0,0,空换,S,7374.0000,0.0000,0.0000,0.0000,0.0000,7454.0000,0.0000,0.0000,0.0000,0.0000,1,0,0,0,0,1,0,0,0,0
zc,TA306,2012-06-18 14:42:26.947,7372.0000,2,0,0.0000,0.0000,0,0,空换,S,7376.0000,0.0000,0.0000,0.0000,0.0000,7454.0000,0.0000,0.0000,0.0000,0.0000,5,0,0,0,0,1,0,0,0,0
zc,TA306,2012-06-18 14:42:27.477,7372.0000,2,0,0.0000,0.0000,0,0,空换,S,7392.0000,0.0000,0.0000,0.0000,0.0000,7454.0000,0.0000,0.0000,0.0000,0.0000,1,0,0,0,0,1,0,0,0,0
zc,TA306,2012-06-18 14:42:34.213,7372.0000,2,0,0.0000,0.0000,0,0,空换,S,7374.0000,0.0000,0.0000,0.0000,0.0000,7454.0000,0.0000,0.0000,0.0000,0.0000,1,0,0,0,0,1,0,0,0,0
zc,TA306,2012-06-18 14:42:34.713,7372.0000,2,0,0.0000,0.0000,0,0,空换,S,7390.0000,0.0000,0.0000,0.0000,0.0000,7454.0000,0.0000,0.0000,0.0000,0.0000,1,0,0,0,0,1,0,0,0,0
