市场代码,合约代码,时间,最新,持仓,增仓,成交额,成交量,开仓,平仓,成交类型,方向,买一价,买二价,买三价,买四价,买五价,卖一价,卖二价,卖三价,卖四价,卖五价,买一量,买二量,买三量,买四量,买五量,卖一量,卖二量,卖三量,卖四量,卖五量
zc,TA302,2012-06-18 07:42:47.853,0.0000,40,0,0.0000,0.0000,0,0,空换,S,0.0000,0.0000,0.0000,0.0000,0.0000,0.0000,0.0000,0.0000,0.0000,0.0000,0,0,0,0,0,0,0,0,0,0
zc,TA302,2012-06-18 08:04:07.743,0.0000,40,0,0.0000,0.0000,0,0,空换,S,0.0000,0.0000,0.0000,0.0000,0.0000,0.0000,0.0000,0.0000,0.0000,0.0000,0,0,0,0,0,0,0,0,0,0
zc,TA302,2012-06-18 08:12:07.727,0.0000,40,0,0.0000,0.0000,0,0,空换,S,0.0000,0.0000,0.0000,0.0000,0.0000,0.0000,0.0000,0.0000,0.0000,0.0000,0,0,0,0,0,0,0,0,0,0
zc,TA302,2012-06-18 08:30:09.433,0.0000,40,0,0.0000,0.0000,0,0,空换,S,0.0000,0.0000,0.0000,0.0000,0.0000,0.0000,0.0000,0.0000,0.0000,0.0000,0,0,0,0,0,0,0,0,0,0
zc,TA302,2012-06-18 08:31:09.433,0.0000,40,0,0.0000,0.0000,0,0,空换,S,0.0000,0.0000,0.0000,0.0000,0.0000,0.0000,0.0000,0.0000,0.0000,0.0000,0,0,0,0,0,0,0,0,0,0
zc,TA302,2012-06-18 08:33:09.433,0.0000,40,0,0.0000,0.0000,0,0,空换,S,0.0000,0.0000,0.0000,0.0000,0.0000,0.0000,0.0000,0.0000,0.0000,0.0000,0,0,0,0,0,0,0,0,0,0
zc,TA302,2012-06-18 08:39:09.417,0.0000,40,0,0.0000,0.0000,0,0,空换,S,0.0000,0.0000,0.0000,0.0000,0.0000,0.0000,0.0000,0.0000,0.0000,0.0000,0,0,0,0,0,0,0,0,0,0
zc,TA302,2012-06-18 08:44:09.417,0.0000,40,0,0.0000,0.0000,0,0,空换,S,0.0000,0.0000,0.0000,0.0000,0.0000,0.0000,0.0000,0.0000,0.0000,0.0000,0,0,0,0,0,0,0,0,0,0
zc,TA302,2012-06-18 08:45:09.417,0.0000,40,0,0.0000,0.0000,0,0,空换,S,0.0000,0.0000,0.0000,0.0000,0.0000,0.0000,0.0000,0.0000,0.0000,0.0000,0,0,0,0,0,0,0,0,0,0
zc,TA302,2012-06-18 08:46:09.417,0.0000,40,0,0.0000,0.0000,0,0,空换,S,0.0000,0.0000,0.0000,0.0000,0.0000,0.0000,0.0000,0.0000,0.0000,0.0000,0,0,0,0,0,0,0,0,0,0
zc,TA302,2012-06-18 08:57:09.417,0.0000,40,0,0.0000,0.0000,0,0,空换,S,0.0000,0.0000,0.0000,0.0000,0.0000,0.0000,0.0000,0.0000,0.0000,0.0000,0,0,0,0,0,0,0,0,0,0
zc,TA302,2012-06-18 08:59:00.887,0.0000,40,0,0.0000,0.0000,0,0,空换,S,6958.0000,0.0000,0.0000,0.0000,0.0000,7538.0000,0.0000,0.0000,0.0000,0.0000,1,0,0,0,0,1,0,0,0,0
zc,TA302,2012-06-18 09:00:01.853,0.0000,40,0,0.0000,0.0000,0,0,空换,S,7300.0000,0.0000,0.0000,0.0000,0.0000,7538.0000,0.0000,0.0000,0.0000,0.0000,2,0,0,0,0,1,0,0,0,0
zc,TA302,2012-06-18 09:00:02.870,0.0000,40,0,0.0000,0.0000,0,0,空换,S,7324.0000,0.0000,0.0000,0.0000,0.0000,7528.0000,0.0000,0.0000,0.0000,0.0000,7,0,0,0,0,6,0,0,0,0
zc,TA302,2012-06-18 09:00:04.120,0.0000,40,0,0.0000,0.0000,0,0,空换,S,7324.0000,0.0000,0.0000,0.0000,0.0000,7526.0000,0.0000,0.0000,0.0000,0.0000,9,0,0,0,0,3,0,0,0,0
zc,TA302,2012-06-18 09:00:04.853,0.0000,40,0,0.0000,0.0000,0,0,空换,S,7322.0000,0.0000,0.0000,0.0000,0.0000,7418.0000,0.0000,0.0000,0.0000,0.0000,6,0,0,0,0,1,0,0,0,0
zc,TA302,2012-06-18 09:00:05.557,0.0000,40,0,0.0000,0.0000,0,0,空换,S,7322.0000,0.0000,0.0000,0.0000,0.0000,7414.0000,0.0000,0.0000,0.0000,0.0000,6,0,0,0,0,1,0,0,0,0
zc,TA302,2012-06-18 09:00:06.057,0.0000,40,0,0.0000,0.0000,0,0,空换,S,7322.0000,0.0000,0.0000,0.0000,0.0000,7414.0000,0.0000,0.0000,0.0000,0.0000,10,0,0,0,0,1,0,0,0,0
zc,TA302,2012-06-18 09:00:07.807,0.0000,40,0,0.0000,0.0000,0,0,空换,S,7320.0000,0.0000,0.0000,0.0000,0.0000,7412.0000,0.0000,0.0000,0.0000,0.0000,10,0,0,0,0,1,0,0,0,0
zc,TA302,2012-06-18 09:00:09.027,7414.0000,42,2,0.0000,2.0000,2,0,双开,B,7322.0000,0.0000,0.0000,0.0000,0.0000,7538.0000,0.0000,0.0000,0.0000,0.0000,10,0,0,0,0,1,0,0,0,0
zc,TA302,2012-06-18 09:00:09.447,7414.0000,42,0,0.0000,0.0000,0,0,多换,B,7322.0000,0.0000,0.0000,0.0000,0.0000,7538.0000,0.0000,0.0000,0.0000,0.0000,6,0,0,0,0,1,0,0,0,0
zc,TA302,2012-06-18 09:00:09.807,7414.0000,42,0,0.0000,0.0000,0,0,多换,B,7322.0000,0.0000,0.0000,0.0000,0.0000,7412.0000,0.0000,0.0000,0.0000,0.0000,10,0,0,0,0,3,0,0,0,0
zc,TA302,2012-06-18 09:00:09.993,7414.0000,42,0,0.0000,0.0000,0,0,多换,B,7322.0000,0.0000,0.0000,0.0000,0.0000,7412.0000,0.0000,0.0000,0.0000,0.0000,4,0,0,0,0,8,0,0,0,0
zc,TA302,2012-06-18 09:00:11.073,7414.0000,42,0,0.0000,0.0000,0,0,多换,B,7320.0000,0.0000,0.0000,0.0000,0.0000,7412.0000,0.0000,0.0000,0.0000,0.0000,10,0,0,0,0,8,0,0,0,0
zc,TA302,2012-06-18 09:00:11.307,7414.0000,42,0,0.0000,0.0000,0,0,多换,B,7322.0000,0.0000,0.0000,0.0000,0.0000,7412.0000,0.0000,0.0000,0.0000,0.0000,2,0,0,0,0,8,0,0,0,0
zc,TA302,2012-06-18 09:00:12.540,7414.0000,42,0,0.0000,0.0000,0,0,多换,B,7322.0000,0.0000,0.0000,0.0000,0.0000,7412.0000,0.0000,0.0000,0.0000,0.0000,10,0,0,0,0,8,0,0,0,0
zc,TA302,2012-06-18 09:00:13.823,7414.0000,42,0,0.0000,0.0000,0,0,多换,B,7324.0000,0.0000,0.0000,0.0000,0.0000,7406.0000,0.0000,0.0000,0.0000,0.0000,10,0,0,0,0,6,0,0,0,0
zc,TA302,2012-06-18 09:00:14.557,7414.0000,42,0,0.0000,0.0000,0,0,多换,B,7322.0000,0.0000,0.0000,0.0000,0.0000,7406.0000,0.0000,0.0000,0.0000,0.0000,10,0,0,0,0,6,0,0,0,0
zc,TA302,2012-06-18 09:00:15.323,7414.0000,42,0,0.0000,0.0000,0,0,多换,B,7326.0000,0.0000,0.0000,0.0000,0.0000,7406.0000,0.0000,0.0000,0.0000,0.0000,6,0,0,0,0,6,0,0,0,0
zc,TA302,2012-06-18 09:00:15.837,7414.0000,42,0,0.0000,0.0000,0,0,多换,B,7322.0000,0.0000,0.0000,0.0000,0.0000,7406.0000,0.0000,0.0000,0.0000,0.0000,10,0,0,0,0,6,0,0,0,0
zc,TA302,2012-06-18 09:00:16.540,7414.0000,42,0,0.0000,0.0000,0,0,多换,B,7326.0000,0.0000,0.0000,0.0000,0.0000,7406.0000,0.0000,0.0000,0.0000,0.0000,10,0,0,0,0,6,0,0,0,0
zc,TA302,2012-06-18 09:00:16.790,7414.0000,42,0,0.0000,0.0000,0,0,多换,B,7332.0000,0.0000,0.0000,0.0000,0.0000,7406.0000,0.0000,0.0000,0.0000,0.0000,1,0,0,0,0,6,0,0,0,0
zc,TA302,2012-06-18 09:00:17.807,7414.0000,42,0,0.0000,0.0000,0,0,多换,B,7334.0000,0.0000,0.0000,0.0000,0.0000,7406.0000,0.0000,0.0000,0.0000,0.0000,1,0,0,0,0,6,0,0,0,0
zc,TA302,2012-06-18 09:00:18.323,7414.0000,42,0,0.0000,0.0000,0,0,多换,B,7334.0000,0.0000,0.0000,0.0000,0.0000,7406.0000,0.0000,0.0000,0.0000,0.0000,10,0,0,0,0,6,0,0,0,0
zc,TA302,2012-06-18 09:00:20.323,7414.0000,42,0,0.0000,0.0000,0,0,多换,B,7336.0000,0.0000,0.0000,0.0000,0.0000,7538.0000,0.0000,0.0000,0.0000,0.0000,3,0,0,0,0,1,0,0,0,0
zc,TA302,2012-06-18 09:00:21.290,7414.0000,42,0,0.0000,0.0000,0,0,多换,B,7340.0000,0.0000,0.0000,0.0000,0.0000,7528.0000,0.0000,0.0000,0.0000,0.0000,4,0,0,0,0,6,0,0,0,0
zc,TA302,2012-06-18 09:00:21.807,7414.0000,42,0,0.0000,0.0000,0,0,多换,B,7336.0000,0.0000,0.0000,0.0000,0.0000,7528.0000,0.0000,0.0000,0.0000,0.0000,1,0,0,0,0,6,0,0,0,0
zc,TA302,2012-06-18 09:00:22.540,7414.0000,42,0,0.0000,0.0000,0,0,多换,B,7342.0000,0.0000,0.0000,0.0000,0.0000,7528.0000,0.0000,0.0000,0.0000,0.0000,5,0,0,0,0,6,0,0,0,0
zc,TA302,2012-06-18 09:00:23.057,7414.0000,42,0,0.0000,0.0000,0,0,多换,B,7342.0000,0.0000,0.0000,0.0000,0.0000,7528.0000,0.0000,0.0000,0.0000,0.0000,9,0,0,0,0,6,0,0,0,0
zc,TA302,2012-06-18 09:00:23.790,7414.0000,42,0,0.0000,0.0000,0,0,多换,B,7344.0000,0.0000,0.0000,0.0000,0.0000,7528.0000,0.0000,0.0000,0.0000,0.0000,4,0,0,0,0,6,0,0,0,0
zc,TA302,2012-06-18 09:00:25.057,7414.0000,42,0,0.0000,0.0000,0,0,多换,B,7346.0000,0.0000,0.0000,0.0000,0.0000,7528.0000,0.0000,0.0000,0.0000,0.0000,10,0,0,0,0,6,0,0,0,0
zc,TA302,2012-06-18 09:00:25.777,7414.0000,42,0,0.0000,0.0000,0,0,多换,B,7346.0000,0.0000,0.0000,0.0000,0.0000,7526.0000,0.0000,0.0000,0.0000,0.0000,10,0,0,0,0,3,0,0,0,0
zc,TA302,2012-06-18 09:00:26.290,7414.0000,42,0,0.0000,0.0000,0,0,多换,B,7348.0000,0.0000,0.0000,0.0000,0.0000,7526.0000,0.0000,0.0000,0.0000,0.0000,10,0,0,0,0,3,0,0,0,0
zc,TA302,2012-06-18 09:00:27.087,7414.0000,42,0,0.0000,0.0000,0,0,多换,B,7350.0000,0.0000,0.0000,0.0000,0.0000,7526.0000,0.0000,0.0000,0.0000,0.0000,10,0,0,0,0,3,0,0,0,0
zc,TA302,2012-06-18 09:00:27.260,7414.0000,42,0,0.0000,0.0000,0,0,多换,B,7350.0000,0.0000,0.0000,0.0000,0.0000,7526.0000,0.0000,0.0000,0.0000,0.0000,7,0,0,0,0,3,0,0,0,0
zc,TA302,2012-06-18 09:00:28.323,7414.0000,42,0,0.0000,0.0000,0,0,多换,B,7348.0000,0.0000,0.0000,0.0000,0.0000,7526.0000,0.0000,0.0000,0.0000,0.0000,10,0,0,0,0,3,0,0,0,0
zc,TA302,2012-06-18 09:00:28.807,7414.0000,42,0,0.0000,0.0000,0,0,多换,B,7350.0000,0.0000,0.0000,0.0000,0.0000,7516.0000,0.0000,0.0000,0.0000,0.0000,10,0,0,0,0,6,0,0,0,0
zc,TA302,2012-06-18 09:00:29.557,7414.0000,42,0,0.0000,0.0000,0,0,多换,B,7350.0000,0.0000,0.0000,0.0000,0.0000,7516.0000,0.0000,0.0000,0.0000,0.0000,6,0,0,0,0,6,0,0,0,0
zc,TA302,2012-06-18 09:00:30.040,7414.0000,42,0,0.0000,0.0000,0,0,多换,B,7350.0000,0.0000,0.0000,0.0000,0.0000,7516.0000,0.0000,0.0000,0.0000,0.0000,7,0,0,0,0,6,0,0,0,0
zc,TA302,2012-06-18 09:00:31.087,7414.0000,42,0,0.0000,0.0000,0,0,多换,B,7348.0000,0.0000,0.0000,0.0000,0.0000,7516.0000,0.0000,0.0000,0.0000,0.0000,10,0,0,0,0,6,0,0,0,0
zc,TA302,2012-06-18 09:00:32.260,7414.0000,42,0,0.0000,0.0000,0,0,多换,B,7350.0000,0.0000,0.0000,0.0000,0.0000,7516.0000,0.0000,0.0000,0.0000,0.0000,1,0,0,0,0,6,0,0,0,0
zc,TA302,2012-06-18 09:00:32.790,7414.0000,42,0,0.0000,0.0000,0,0,多换,B,7348.0000,0.0000,0.0000,0.0000,0.0000,7516.0000,0.0000,0.0000,0.0000,0.0000,10,0,0,0,0,6,0,0,0,0
zc,TA302,2012-06-18 09:00:33.260,7414.0000,42,0,0.0000,0.0000,0,0,多换,B,7348.0000,0.0000,0.0000,0.0000,0.0000,7516.0000,0.0000,0.0000,0.0000,0.0000,10,0,0,0,0,11,0,0,0,0
zc,TA302,2012-06-18 09:00:38.540,7414.0000,42,0,0.0000,0.0000,0,0,多换,B,7346.0000,0.0000,0.0000,0.0000,0.0000,7516.0000,0.0000,0.0000,0.0000,0.0000,10,0,0,0,0,11,0,0,0,0
zc,TA302,2012-06-18 09:00:39.557,7414.0000,42,0,0.0000,0.0000,0,0,多换,B,7346.0000,0.0000,0.0000,0.0000,0.0000,7516.0000,0.0000,0.0000,0.0000,0.0000,2,0,0,0,0,11,0,0,0,0
zc,TA302,2012-06-18 09:00:40.290,7414.0000,42,0,0.0000,0.0000,0,0,多换,B,7344.0000,0.0000,0.0000,0.0000,0.0000,7514.0000,0.0000,0.0000,0.0000,0.0000,4,0,0,0,0,3,0,0,0,0
zc,TA302,2012-06-18 09:00:41.040,7414.0000,42,0,0.0000,0.0000,0,0,多换,B,7336.0000,0.0000,0.0000,0.0000,0.0000,7514.0000,0.0000,0.0000,0.0000,0.0000,1,0,0,0,0,3,0,0,0,0
zc,TA302,2012-06-18 09:00:42.307,7414.0000,42,0,0.0000,0.0000,0,0,多换,B,7348.0000,0.0000,0.0000,0.0000,0.0000,7514.0000,0.0000,0.0000,0.0000,0.0000,10,0,0,0,0,8,0,0,0,0
zc,TA302,2012-06-18 09:00:42.760,7414.0000,42,0,0.0000,0.0000,0,0,多换,B,7348.0000,0.0000,0.0000,0.0000,0.0000,7504.0000,0.0000,0.0000,0.0000,0.0000,10,0,0,0,0,6,0,0,0,0
zc,TA302,2012-06-18 09:00:43.807,7414.0000,42,0,0.0000,0.0000,0,0,多换,B,7346.0000,0.0000,0.0000,0.0000,0.0000,7504.0000,0.0000,0.0000,0.0000,0.0000,4,0,0,0,0,6,0,0,0,0
zc,TA302,2012-06-18 09:00:44.260,7414.0000,42,0,0.0000,0.0000,0,0,多换,B,7346.0000,0.0000,0.0000,0.0000,0.0000,7504.0000,0.0000,0.0000,0.0000,0.0000,2,0,0,0,0,6,0,0,0,0
zc,TA302,2012-06-18 09:00:45.073,7414.0000,42,0,0.0000,0.0000,0,0,多换,B,7340.0000,0.0000,0.0000,0.0000,0.0000,7504.0000,0.0000,0.0000,0.0000,0.0000,5,0,0,0,0,6,0,0,0,0
zc,TA302,2012-06-18 09:00:45.510,7414.0000,42,0,0.0000,0.0000,0,0,多换,B,7340.0000,0.0000,0.0000,0.0000,0.0000,7504.0000,0.0000,0.0000,0.0000,0.0000,6,0,0,0,0,6,0,0,0,0
zc,TA302,2012-06-18 09:00:47.290,7414.0000,42,0,0.0000,0.0000,0,0,多换,B,7336.0000,0.0000,0.0000,0.0000,0.0000,7504.0000,0.0000,0.0000,0.0000,0.0000,1,0,0,0,0,6,0,0,0,0
zc,TA302,2012-06-18 09:00:48.527,7414.0000,42,0,0.0000,0.0000,0,0,多换,B,7340.0000,0.0000,0.0000,0.0000,0.0000,7504.0000,0.0000,0.0000,0.0000,0.0000,1,0,0,0,0,6,0,0,0,0
zc,TA302,2012-06-18 09:00:49.277,7414.0000,42,0,0.0000,0.0000,0,0,多换,B,7334.0000,0.0000,0.0000,0.0000,0.0000,7504.0000,0.0000,0.0000,0.0000,0.0000,10,0,0,0,0,11,0,0,0,0
zc,TA302,2012-06-18 09:00:49.807,7414.0000,42,0,0.0000,0.0000,0,0,多换,B,7334.0000,0.0000,0.0000,0.0000,0.0000,7362.0000,0.0000,0.0000,0.0000,0.0000,10,0,0,0,0,1,0,0,0,0
zc,TA302,2012-06-18 09:00:51.087,7414.0000,42,0,0.0000,0.0000,0,0,多换,B,7334.0000,0.0000,0.0000,0.0000,0.0000,7366.0000,0.0000,0.0000,0.0000,0.0000,10,0,0,0,0,1,0,0,0,0
zc,TA302,2012-06-18 09:00:51.790,7414.0000,42,0,0.0000,0.0000,0,0,多换,B,7336.0000,0.0000,0.0000,0.0000,0.0000,7366.0000,0.0000,0.0000,0.0000,0.0000,2,0,0,0,0,1,0,0,0,0
zc,TA302,2012-06-18 09:00:52.010,7414.0000,42,0,0.0000,0.0000,0,0,多换,B,7334.0000,0.0000,0.0000,0.0000,0.0000,7362.0000,0.0000,0.0000,0.0000,0.0000,4,0,0,0,0,1,0,0,0,0
zc,TA302,2012-06-18 09:00:52.790,7414.0000,42,0,0.0000,0.0000,0,0,多换,B,7330.0000,0.0000,0.0000,0.0000,0.0000,7360.0000,0.0000,0.0000,0.0000,0.0000,10,0,0,0,0,1,0,0,0,0
zc,TA302,2012-06-18 09:00:54.307,7414.0000,42,0,0.0000,0.0000,0,0,多换,B,7334.0000,0.0000,0.0000,0.0000,0.0000,7366.0000,0.0000,0.0000,0.0000,0.0000,4,0,0,0,0,1,0,0,0,0
zc,TA302,2012-06-18 09:00:54.777,7414.0000,42,0,0.0000,0.0000,0,0,多换,B,7334.0000,0.0000,0.0000,0.0000,0.0000,7366.0000,0.0000,0.0000,0.0000,0.0000,6,0,0,0,0,1,0,0,0,0
zc,TA302,2012-06-18 09:00:55.527,7414.0000,42,0,0.0000,0.0000,0,0,多换,B,7334.0000,0.0000,0.0000,0.0000,0.0000,7366.0000,0.0000,0.0000,0.0000,0.0000,7,0,0,0,0,1,0,0,0,0
zc,TA302,2012-06-18 09:00:56.057,7414.0000,42,0,0.0000,0.0000,0,0,多换,B,7334.0000,0.0000,0.0000,0.0000,0.0000,7362.0000,0.0000,0.0000,0.0000,0.0000,10,0,0,0,0,1,0,0,0,0
zc,TA302,2012-06-18 09:00:56.777,7414.0000,42,0,0.0000,0.0000,0,0,多换,B,7334.0000,0.0000,0.0000,0.0000,0.0000,7366.0000,0.0000,0.0000,0.0000,0.0000,10,0,0,0,0,1,0,0,0,0
zc,TA302,2012-06-18 09:00:57.277,7414.0000,42,0,0.0000,0.0000,0,0,多换,B,7336.0000,0.0000,0.0000,0.0000,0.0000,7366.0000,0.0000,0.0000,0.0000,0.0000,5,0,0,0,0,1,0,0,0,0
zc,TA302,2012-06-18 09:00:58.277,7414.0000,42,0,0.0000,0.0000,0,0,多换,B,7336.0000,0.0000,0.0000,0.0000,0.0000,7366.0000,0.0000,0.0000,0.0000,0.0000,10,0,0,0,0,1,0,0,0,0
zc,TA302,2012-06-18 09:00:59.057,7414.0000,42,0,0.0000,0.0000,0,0,多换,B,7336.0000,0.0000,0.0000,0.0000,0.0000,7364.0000,0.0000,0.0000,0.0000,0.0000,10,0,0,0,0,1,0,0,0,0
zc,TA302,2012-06-18 09:01:00.307,7414.0000,42,0,0.0000,0.0000,0,0,多换,B,7334.0000,0.0000,0.0000,0.0000,0.0000,7362.0000,0.0000,0.0000,0.0000,0.0000,10,0,0,0,0,1,0,0,0,0
zc,TA302,2012-06-18 09:01:04.510,7414.0000,42,0,0.0000,0.0000,0,0,多换,B,7332.0000,0.0000,0.0000,0.0000,0.0000,7360.0000,0.0000,0.0000,0.0000,0.0000,10,0,0,0,0,1,0,0,0,0
zc,TA302,2012-06-18 09:01:06.323,7414.0000,42,0,0.0000,0.0000,0,0,多换,B,7330.0000,0.0000,0.0000,0.0000,0.0000,7358.0000,0.0000,0.0000,0.0000,0.0000,10,0,0,0,0,1,0,0,0,0
zc,TA302,2012-06-18 09:01:07.057,7414.0000,42,0,0.0000,0.0000,0,0,多换,B,7330.0000,0.0000,0.0000,0.0000,0.0000,7360.0000,0.0000,0.0000,0.0000,0.0000,10,0,0,0,0,1,0,0,0,0
zc,TA302,2012-06-18 09:01:07.777,7414.0000,42,0,0.0000,0.0000,0,0,多换,B,7330.0000,0.0000,0.0000,0.0000,0.0000,7358.0000,0.0000,0.0000,0.0000,0.0000,10,0,0,0,0,1,0,0,0,0
zc,TA302,2012-06-18 09:01:09.587,7414.0000,42,0,0.0000,0.0000,0,0,多换,B,7330.0000,0.0000,0.0000,0.0000,0.0000,7358.0000,0.0000,0.0000,0.0000,0.0000,6,0,0,0,0,1,0,0,0,0
zc,TA302,2012-06-18 09:01:10.260,7414.0000,42,0,0.0000,0.0000,0,0,多换,B,7328.0000,0.0000,0.0000,0.0000,0.0000,7356.0000,0.0000,0.0000,0.0000,0.0000,10,0,0,0,0,1,0,0,0,0
zc,TA302,2012-06-18 09:01:11.527,7414.0000,42,0,0.0000,0.0000,0,0,多换,B,7328.0000,0.0000,0.0000,0.0000,0.0000,7356.0000,0.0000,0.0000,0.0000,0.0000,6,0,0,0,0,1,0,0,0,0
zc,TA302,2012-06-18 09:01:12.277,7414.0000,42,0,0.0000,0.0000,0,0,多换,B,7326.0000,0.0000,0.0000,0.0000,0.0000,7354.0000,0.0000,0.0000,0.0000,0.0000,10,0,0,0,0,1,0,0,0,0
zc,TA302,2012-06-18 09:01:14.777,7414.0000,42,0,0.0000,0.0000,0,0,多换,B,7322.0000,0.0000,0.0000,0.0000,0.0000,7352.0000,0.0000,0.0000,0.0000,0.0000,5,0,0,0,0,1,0,0,0,0
zc,TA302,2012-06-18 09:01:16.073,7414.0000,42,0,0.0000,0.0000,0,0,多换,B,7324.0000,0.0000,0.0000,0.0000,0.0000,7352.0000,0.0000,0.0000,0.0000,0.0000,1,0,0,0,0,1,0,0,0,0
zc,TA302,2012-06-18 09:01:16.760,7414.0000,42,0,0.0000,0.0000,0,0,多换,B,7322.0000,0.0000,0.0000,0.0000,0.0000,7352.0000,0.0000,0.0000,0.0000,0.0000,4,0,0,0,0,1,0,0,0,0
zc,TA302,2012-06-18 09:01:17.557,7414.0000,42,0,0.0000,0.0000,0,0,多换,B,7322.0000,0.0000,0.0000,0.0000,0.0000,7354.0000,0.0000,0.0000,0.0000,0.0000,4,0,0,0,0,1,0,0,0,0
zc,TA302,2012-06-18 09:01:18.073,7414.0000,42,0,0.0000,0.0000,0,0,多换,B,7322.0000,0.0000,0.0000,0.0000,0.0000,7350.0000,0.0000,0.0000,0.0000,0.0000,3,0,0,0,0,1,0,0,0,0
zc,TA302,2012-06-18 09:01:18.493,7414.0000,42,0,0.0000,0.0000,0,0,多换,B,7320.0000,0.0000,0.0000,0.0000,0.0000,7348.0000,0.0000,0.0000,0.0000,0.0000,10,0,0,0,0,1,0,0,0,0
zc,TA302,2012-06-18 09:01:20.790,7414.0000,42,0,0.0000,0.0000,0,0,多换,B,7320.0000,0.0000,0.0000,0.0000,0.0000,7352.0000,0.0000,0.0000,0.0000,0.0000,10,0,0,0,0,1,0,0,0,0
zc,TA302,2012-06-18 09:01:22.510,7414.0000,42,0,0.0000,0.0000,0,0,多换,B,7322.0000,0.0000,0.0000,0.0000,0.0000,7352.0000,0.0000,0.0000,0.0000,0.0000,1,0,0,0,0,1,0,0,0,0
zc,TA302,2012-06-18 09:01:23.777,7414.0000,42,0,0.0000,0.0000,0,0,多换,B,7324.0000,0.0000,0.0000,0.0000,0.0000,7352.0000,0.0000,0.0000,0.0000,0.0000,4,0,0,0,0,1,0,0,0,0
zc,TA302,2012-06-18 09:01:24.510,7414.0000,42,0,0.0000,0.0000,0,0,多换,B,7320.0000,0.0000,0.0000,0.0000,0.0000,7348.0000,0.0000,0.0000,0.0000,0.0000,10,0,0,0,0,1,0,0,0,0
zc,TA302,2012-06-18 09:01:26.010,7414.0000,42,0,0.0000,0.0000,0,0,多换,B,7320.0000,0.0000,0.0000,0.0000,0.0000,7350.0000,0.0000,0.0000,0.0000,0.0000,10,0,0,0,0,1,0,0,0,0
zc,TA302,2012-06-18 09:01:26.527,7414.0000,42,0,0.0000,0.0000,0,0,多换,B,7322.0000,0.0000,0.0000,0.0000,0.0000,7352.0000,0.0000,0.0000,0.0000,0.0000,7,0,0,0,0,1,0,0,0,0
zc,TA302,2012-06-18 09:01:26.963,7414.0000,42,0,0.0000,0.0000,0,0,多换,B,7322.0000,0.0000,0.0000,0.0000,0.0000,7352.0000,0.0000,0.0000,0.0000,0.0000,10,0,0,0,0,1,0,0,0,0
zc,TA302,2012-06-18 09:01:28.510,7414.0000,42,0,0.0000,0.0000,0,0,多换,B,7322.0000,0.0000,0.0000,0.0000,0.0000,7350.0000,0.0000,0.0000,0.0000,0.0000,2,0,0,0,0,1,0,0,0,0
zc,TA302,2012-06-18 09:01:29.027,7414.0000,42,0,0.0000,0.0000,0,0,多换,B,7320.0000,0.0000,0.0000,0.0000,0.0000,7348.0000,0.0000,0.0000,0.0000,0.0000,10,0,0,0,0,1,0,0,0,0
zc,TA302,2012-06-18 09:01:29.760,7414.0000,42,0,0.0000,0.0000,0,0,多换,B,7322.0000,0.0000,0.0000,0.0000,0.0000,7350.0000,0.0000,0.0000,0.0000,0.0000,10,0,0,0,0,1,0,0,0,0
zc,TA302,2012-06-18 09:01:32.760,7414.0000,42,0,0.0000,0.0000,0,0,多换,B,7324.0000,0.0000,0.0000,0.0000,0.0000,7352.0000,0.0000,0.0000,0.0000,0.0000,7,0,0,0,0,1,0,0,0,0
zc,TA302,2012-06-18 09:01:33.290,7414.0000,42,0,0.0000,0.0000,0,0,多换,B,7322.0000,0.0000,0.0000,0.0000,0.0000,7352.0000,0.0000,0.0000,0.0000,0.0000,10,0,0,0,0,1,0,0,0,0
zc,TA302,2012-06-18 09:01:34.557,7414.0000,42,0,0.0000,0.0000,0,0,多换,B,7324.0000,0.0000,0.0000,0.0000,0.0000,7352.0000,0.0000,0.0000,0.0000,0.0000,2,0,0,0,0,1,0,0,0,0
zc,TA302,2012-06-18 09:01:35.290,7414.0000,42,0,0.0000,0.0000,0,0,多换,B,7322.0000,0.0000,0.0000,0.0000,0.0000,7352.0000,0.0000,0.0000,0.0000,0.0000,10,0,0,0,0,1,0,0,0,0
zc,TA302,2012-06-18 09:01:36.510,7414.0000,42,0,0.0000,0.0000,0,0,多换,B,7322.0000,0.0000,0.0000,0.0000,0.0000,7350.0000,0.0000,0.0000,0.0000,0.0000,10,0,0,0,0,1,0,0,0,0
zc,TA302,2012-06-18 09:01:36.823,7414.0000,42,0,0.0000,0.0000,0,0,多换,B,7322.0000,0.0000,0.0000,0.0000,0.0000,7352.0000,0.0000,0.0000,0.0000,0.0000,10,0,0,0,0,1,0,0,0,0
zc,TA302,2012-06-18 09:01:37.557,7414.0000,42,0,0.0000,0.0000,0,0,多换,B,7326.0000,0.0000,0.0000,0.0000,0.0000,7354.0000,0.0000,0.0000,0.0000,0.0000,2,0,0,0,0,1,0,0,0,0
zc,TA302,2012-06-18 09:01:38.977,7414.0000,42,0,0.0000,0.0000,0,0,多换,B,7326.0000,0.0000,0.0000,0.0000,0.0000,7354.0000,0.0000,0.0000,0.0000,0.0000,1,0,0,0,0,1,0,0,0,0
zc,TA302,2012-06-18 09:01:39.510,7414.0000,42,0,0.0000,0.0000,0,0,多换,B,7322.0000,0.0000,0.0000,0.0000,0.0000,7352.0000,0.0000,0.0000,0.0000,0.0000,10,0,0,0,0,1,0,0,0,0
zc,TA302,2012-06-18 09:01:40.277,7414.0000,42,0,0.0000,0.0000,0,0,多换,B,7324.0000,0.0000,0.0000,0.0000,0.0000,7352.0000,0.0000,0.0000,0.0000,0.0000,10,0,0,0,0,1,0,0,0,0
zc,TA302,2012-06-18 09:01:40.760,7414.0000,42,0,0.0000,0.0000,0,0,多换,B,7324.0000,0.0000,0.0000,0.0000,0.0000,7354.0000,0.0000,0.0000,0.0000,0.0000,10,0,0,0,0,1,0,0,0,0
zc,TA302,2012-06-18 09:01:41.477,7414.0000,42,0,0.0000,0.0000,0,0,多换,B,7324.0000,0.0000,0.0000,0.0000,0.0000,7352.0000,0.0000,0.0000,0.0000,0.0000,10,0,0,0,0,1,0,0,0,0
zc,TA302,2012-06-18 09:01:43.260,7414.0000,42,0,0.0000,0.0000,0,0,多换,B,7326.0000,0.0000,0.0000,0.0000,0.0000,7354.0000,0.0000,0.0000,0.0000,0.0000,10,0,0,0,0,1,0,0,0,0
zc,TA302,2012-06-18 09:01:43.777,7414.0000,42,0,0.0000,0.0000,0,0,多换,B,7324.0000,0.0000,0.0000,0.0000,0.0000,7352.0000,0.0000,0.0000,0.0000,0.0000,10,0,0,0,0,1,0,0,0,0
zc,TA302,2012-06-18 09:01:48.510,7414.0000,42,0,0.0000,0.0000,0,0,多换,B,7326.0000,0.0000,0.0000,0.0000,0.0000,7354.0000,0.0000,0.0000,0.0000,0.0000,10,0,0,0,0,1,0,0,0,0
zc,TA302,2012-06-18 09:01:49.260,7414.0000,42,0,0.0000,0.0000,0,0,多换,B,7326.0000,0.0000,0.0000,0.0000,0.0000,7356.0000,0.0000,0.0000,0.0000,0.0000,10,0,0,0,0,1,0,0,0,0
zc,TA302,2012-06-18 09:01:53.027,7414.0000,42,0,0.0000,0.0000,0,0,多换,B,7328.0000,0.0000,0.0000,0.0000,0.0000,7356.0000,0.0000,0.0000,0.0000,0.0000,2,0,0,0,0,1,0,0,0,0
zc,TA302,2012-06-18 09:01:53.760,7414.0000,42,0,0.0000,0.0000,0,0,多换,B,7328.0000,0.0000,0.0000,0.0000,0.0000,7354.0000,0.0000,0.0000,0.0000,0.0000,2,0,0,0,0,1,0,0,0,0
zc,TA302,2012-06-18 09:01:55.790,7414.0000,42,0,0.0000,0.0000,0,0,多换,B,7328.0000,0.0000,0.0000,0.0000,0.0000,7356.0000,0.0000,0.0000,0.0000,0.0000,2,0,0,0,0,1,0,0,0,0
zc,TA302,2012-06-18 09:01:56.963,7414.0000,42,0,0.0000,0.0000,0,0,多换,B,7328.0000,0.0000,0.0000,0.0000,0.0000,7354.0000,0.0000,0.0000,0.0000,0.0000,2,0,0,0,0,1,0,0,0,0
zc,TA302,2012-06-18 09:01:58.010,7414.0000,42,0,0.0000,0.0000,0,0,多换,B,7330.0000,0.0000,0.0000,0.0000,0.0000,7356.0000,0.0000,0.0000,0.0000,0.0000,1,0,0,0,0,1,0,0,0,0
zc,TA302,2012-06-18 09:01:58.697,7414.0000,42,0,0.0000,0.0000,0,0,多换,B,7330.0000,0.0000,0.0000,0.0000,0.0000,7356.0000,0.0000,0.0000,0.0000,0.0000,2,0,0,0,0,1,0,0,0,0
zc,TA302,2012-06-18 09:01:59.227,7414.0000,42,0,0.0000,0.0000,0,0,多换,B,7328.0000,0.0000,0.0000,0.0000,0.0000,7356.0000,0.0000,0.0000,0.0000,0.0000,2,0,0,0,0,1,0,0,0,0
zc,TA302,2012-06-18 09:02:00.010,7414.0000,42,0,0.0000,0.0000,0,0,多换,B,7328.0000,0.0000,0.0000,0.0000,0.0000,7354.0000,0.0000,0.0000,0.0000,0.0000,2,0,0,0,0,1,0,0,0,0
zc,TA302,2012-06-18 09:02:00.510,7414.0000,42,0,0.0000,0.0000,0,0,多换,B,7330.0000,0.0000,0.0000,0.0000,0.0000,7356.0000,0.0000,0.0000,0.0000,0.0000,2,0,0,0,0,1,0,0,0,0
zc,TA302,2012-06-18 09:02:04.040,7414.0000,42,0,0.0000,0.0000,0,0,多换,B,7328.0000,0.0000,0.0000,0.0000,0.0000,7354.0000,0.0000,0.0000,0.0000,0.0000,2,0,0,0,0,1,0,0,0,0
zc,TA302,2012-06-18 09:02:05.540,7414.0000,42,0,0.0000,0.0000,0,0,多换,B,7326.0000,0.0000,0.0000,0.0000,0.0000,7352.0000,0.0000,0.0000,0.0000,0.0000,2,0,0,0,0,1,0,0,0,0
zc,TA302,2012-06-18 09:02:11.260,7414.0000,42,0,0.0000,0.0000,0,0,多换,B,7328.0000,0.0000,0.0000,0.0000,0.0000,7354.0000,0.0000,0.0000,0.0000,0.0000,2,0,0,0,0,1,0,0,0,0
zc,TA302,2012-06-18 09:02:18.760,7414.0000,42,0,0.0000,0.0000,0,0,多换,B,7326.0000,0.0000,0.0000,0.0000,0.0000,7352.0000,0.0000,0.0000,0.0000,0.0000,2,0,0,0,0,1,0,0,0,0
zc,TA302,2012-06-18 09:02:25.510,7414.0000,42,0,0.0000,0.0000,0,0,多换,B,7324.0000,0.0000,0.0000,0.0000,0.0000,7352.0000,0.0000,0.0000,0.0000,0.0000,2,0,0,0,0,1,0,0,0,0
zc,TA302,2012-06-18 09:02:27.260,7414.0000,42,0,0.0000,0.0000,0,0,多换,B,7326.0000,0.0000,0.0000,0.0000,0.0000,7352.0000,0.0000,0.0000,0.0000,0.0000,1,0,0,0,0,1,0,0,0,0
zc,TA302,2012-06-18 09:02:27.760,7414.0000,42,0,0.0000,0.0000,0,0,多换,B,7324.0000,0.0000,0.0000,0.0000,0.0000,7352.0000,0.0000,0.0000,0.0000,0.0000,2,0,0,0,0,1,0,0,0,0
zc,TA302,2012-06-18 09:02:29.213,7414.0000,42,0,0.0000,0.0000,0,0,多换,B,7326.0000,0.0000,0.0000,0.0000,0.0000,7350.0000,0.0000,0.0000,0.0000,0.0000,1,0,0,0,0,1,0,0,0,0
zc,TA302,2012-06-18 09:02:30.510,7414.0000,42,0,0.0000,0.0000,0,0,多换,B,7324.0000,0.0000,0.0000,0.0000,0.0000,7348.0000,0.0000,0.0000,0.0000,0.0000,1,0,0,0,0,1,0,0,0,0
zc,TA302,2012-06-18 09:02:32.713,7414.0000,42,0,0.0000,0.0000,0,0,多换,B,7324.0000,0.0000,0.0000,0.0000,0.0000,7350.0000,0.0000,0.0000,0.0000,0.0000,1,0,0,0,0,1,0,0,0,0
zc,TA302,2012-06-18 09:02:34.010,7414.0000,42,0,0.0000,0.0000,0,0,多换,B,7326.0000,0.0000,0.0000,0.0000,0.0000,7350.0000,0.0000,0.0000,0.0000,0.0000,1,0,0,0,0,1,0,0,0,0
zc,TA302,2012-06-18 09:02:39.760,7414.0000,42,0,0.0000,0.0000,0,0,多换,B,7328.0000,0.0000,0.0000,0.0000,0.0000,7352.0000,0.0000,0.0000,0.0000,0.0000,1,0,0,0,0,1,0,0,0,0
zc,TA302,2012-06-18 09:02:41.027,7414.0000,42,0,0.0000,0.0000,0,0,多换,B,7326.0000,0.0000,0.0000,0.0000,0.0000,7352.0000,0.0000,0.0000,0.0000,0.0000,1,0,0,0,0,1,0,0,0,0
zc,TA302,2012-06-18 09:02:41.713,7414.0000,42,0,0.0000,0.0000,0,0,多换,B,7326.0000,0.0000,0.0000,0.0000,0.0000,7350.0000,0.0000,0.0000,0.0000,0.0000,1,0,0,0,0,1,0,0,0,0
zc,TA302,2012-06-18 09:02:47.743,7414.0000,42,0,0.0000,0.0000,0,0,多换,B,7324.0000,0.0000,0.0000,0.0000,0.0000,7348.0000,0.0000,0.0000,0.0000,0.0000,1,0,0,0,0,1,0,0,0,0
zc,TA302,2012-06-18 09:02:52.527,7414.0000,42,0,0.0000,0.0000,0,0,多换,B,7330.0000,0.0000,0.0000,0.0000,0.0000,7354.0000,0.0000,0.0000,0.0000,0.0000,1,0,0,0,0,1,0,0,0,0
zc,TA302,2012-06-18 09:02:54.010,7414.0000,42,0,0.0000,0.0000,0,0,多换,B,7326.0000,0.0000,0.0000,0.0000,0.0000,7354.0000,0.0000,0.0000,0.0000,0.0000,1,0,0,0,0,1,0,0,0,0
zc,TA302,2012-06-18 09:02:55.743,7414.0000,42,0,0.0000,0.0000,0,0,多换,B,7328.0000,0.0000,0.0000,0.0000,0.0000,7354.0000,0.0000,0.0000,0.0000,0.0000,1,0,0,0,0,1,0,0,0,0
zc,TA302,2012-06-18 09:02:57.777,7414.0000,42,0,0.0000,0.0000,0,0,多换,B,7328.0000,0.0000,0.0000,0.0000,0.0000,7352.0000,0.0000,0.0000,0.0000,0.0000,1,0,0,0,0,1,0,0,0,0
zc,TA302,2012-06-18 09:02:58.010,7414.0000,42,0,0.0000,0.0000,0,0,多换,B,7328.0000,0.0000,0.0000,0.0000,0.0000,7354.0000,0.0000,0.0000,0.0000,0.0000,1,0,0,0,0,1,0,0,0,0
zc,TA302,2012-06-18 09:03:03.743,7414.0000,42,0,0.0000,0.0000,0,0,多换,B,7330.0000,0.0000,0.0000,0.0000,0.0000,7354.0000,0.0000,0.0000,0.0000,0.0000,1,0,0,0,0,1,0,0,0,0
zc,TA302,2012-06-18 09:03:04.743,7414.0000,42,0,0.0000,0.0000,0,0,多换,B,7330.0000,0.0000,0.0000,0.0000,0.0000,7356.0000,0.0000,0.0000,0.0000,0.0000,1,0,0,0,0,1,0,0,0,0
zc,TA302,2012-06-18 09:03:05.493,7414.0000,42,0,0.0000,0.0000,0,0,多换,B,7332.0000,0.0000,0.0000,0.0000,0.0000,7356.0000,0.0000,0.0000,0.0000,0.0000,1,0,0,0,0,1,0,0,0,0
zc,TA302,2012-06-18 09:03:05.993,7414.0000,42,0,0.0000,0.0000,0,0,多换,B,7330.0000,0.0000,0.0000,0.0000,0.0000,7358.0000,0.0000,0.0000,0.0000,0.0000,1,0,0,0,0,1,0,0,0,0
zc,TA302,2012-06-18 09:03:06.777,7414.0000,42,0,0.0000,0.0000,0,0,多换,B,7330.0000,0.0000,0.0000,0.0000,0.0000,7356.0000,0.0000,0.0000,0.0000,0.0000,1,0,0,0,0,1,0,0,0,0
zc,TA302,2012-06-18 09:03:07.243,7414.0000,42,0,0.0000,0.0000,0,0,多换,B,7332.0000,0.0000,0.0000,0.0000,0.0000,7356.0000,0.0000,0.0000,0.0000,0.0000,1,0,0,0,0,1,0,0,0,0
zc,TA302,2012-06-18 09:03:08.010,7414.0000,42,0,0.0000,0.0000,0,0,多换,B,7332.0000,0.0000,0.0000,0.0000,0.0000,7360.0000,0.0000,0.0000,0.0000,0.0000,1,0,0,0,0,1,0,0,0,0
zc,TA302,2012-06-18 09:03:08.760,7414.0000,42,0,0.0000,0.0000,0,0,多换,B,7336.0000,0.0000,0.0000,0.0000,0.0000,7360.0000,0.0000,0.0000,0.0000,0.0000,1,0,0,0,0,1,0,0,0,0
zc,TA302,2012-06-18 09:03:09.760,7414.0000,42,0,0.0000,0.0000,0,0,多换,B,7338.0000,0.0000,0.0000,0.0000,0.0000,7362.0000,0.0000,0.0000,0.0000,0.0000,1,0,0,0,0,1,0,0,0,0
zc,TA302,2012-06-18 09:03:10.510,7414.0000,42,0,0.0000,0.0000,0,0,多换,B,7332.0000,0.0000,0.0000,0.0000,0.0000,7362.0000,0.0000,0.0000,0.0000,0.0000,1,0,0,0,0,1,0,0,0,0
zc,TA302,2012-06-18 09:03:12.557,7414.0000,42,0,0.0000,0.0000,0,0,多换,B,7332.0000,0.0000,0.0000,0.0000,0.0000,7364.0000,0.0000,0.0000,0.0000,0.0000,1,0,0,0,0,1,0,0,0,0
zc,TA302,2012-06-18 09:03:13.010,7414.0000,42,0,0.0000,0.0000,0,0,多换,B,7336.0000,0.0000,0.0000,0.0000,0.0000,7364.0000,0.0000,0.0000,0.0000,0.0000,1,0,0,0,0,1,0,0,0,0
zc,TA302,2012-06-18 09:03:13.713,7414.0000,42,0,0.0000,0.0000,0,0,多换,B,7340.0000,0.0000,0.0000,0.0000,0.0000,7364.0000,0.0000,0.0000,0.0000,0.0000,1,0,0,0,0,1,0,0,0,0
zc,TA302,2012-06-18 09:03:14.260,7414.0000,42,0,0.0000,0.0000,0,0,多换,B,7342.0000,0.0000,0.0000,0.0000,0.0000,7366.0000,0.0000,0.0000,0.0000,0.0000,1,0,0,0,0,1,0,0,0,0
zc,TA302,2012-06-18 09:03:17.743,7414.0000,42,0,0.0000,0.0000,0,0,多换,B,7344.0000,0.0000,0.0000,0.0000,0.0000,7368.0000,0.0000,0.0000,0.0000,0.0000,1,0,0,0,0,1,0,0,0,0
zc,TA302,2012-06-18 09:03:18.540,7414.0000,42,0,0.0000,0.0000,0,0,多换,B,7344.0000,0.0000,0.0000,0.0000,0.0000,7370.0000,0.0000,0.0000,0.0000,0.0000,1,0,0,0,0,1,0,0,0,0
zc,TA302,2012-06-18 09:03:20.260,7414.0000,42,0,0.0000,0.0000,0,0,多换,B,7346.0000,0.0000,0.0000,0.0000,0.0000,7370.0000,0.0000,0.0000,0.0000,0.0000,1,0,0,0,0,1,0,0,0,0
zc,TA302,2012-06-18 09:03:20.727,7414.0000,42,0,0.0000,0.0000,0,0,多换,B,7344.0000,0.0000,0.0000,0.0000,0.0000,7370.0000,0.0000,0.0000,0.0000,0.0000,1,0,0,0,0,1,0,0,0,0
zc,TA302,2012-06-18 09:03:21.993,7414.0000,42,0,0.0000,0.0000,0,0,多换,B,7344.0000,0.0000,0.0000,0.0000,0.0000,7368.0000,0.0000,0.0000,0.0000,0.0000,1,0,0,0,0,1,0,0,0,0
zc,TA302,2012-06-18 09:03:22.790,7414.0000,42,0,0.0000,0.0000,0,0,多换,B,7344.0000,0.0000,0.0000,0.0000,0.0000,7370.0000,0.0000,0.0000,0.0000,0.0000,1,0,0,0,0,1,0,0,0,0
zc,TA302,2012-06-18 09:03:23.277,7414.0000,42,0,0.0000,0.0000,0,0,多换,B,7344.0000,0.0000,0.0000,0.0000,0.0000,7372.0000,0.0000,0.0000,0.0000,0.0000,1,0,0,0,0,1,0,0,0,0
zc,TA302,2012-06-18 09:03:24.290,7414.0000,42,0,0.0000,0.0000,0,0,多换,B,7348.0000,0.0000,0.0000,0.0000,0.0000,7372.0000,0.0000,0.0000,0.0000,0.0000,1,0,0,0,0,1,0,0,0,0
zc,TA302,2012-06-18 09:03:29.290,7414.0000,42,0,0.0000,0.0000,0,0,多换,B,7346.0000,0.0000,0.0000,0.0000,0.0000,7372.0000,0.0000,0.0000,0.0000,0.0000,1,0,0,0,0,1,0,0,0,0
zc,TA302,2012-06-18 09:03:30.260,7414.0000,42,0,0.0000,0.0000,0,0,多换,B,7350.0000,0.0000,0.0000,0.0000,0.0000,7374.0000,0.0000,0.0000,0.0000,0.0000,1,0,0,0,0,1,0,0,0,0
zc,TA302,2012-06-18 09:03:30.977,7414.0000,42,0,0.0000,0.0000,0,0,多换,B,7346.0000,0.0000,0.0000,0.0000,0.0000,7370.0000,0.0000,0.0000,0.0000,0.0000,1,0,0,0,0,1,0,0,0,0
zc,TA302,2012-06-18 09:03:31.510,7414.0000,42,0,0.0000,0.0000,0,0,多换,B,7350.0000,0.0000,0.0000,0.0000,0.0000,7374.0000,0.0000,0.0000,0.0000,0.0000,1,0,0,0,0,1,0,0,0,0
zc,TA302,2012-06-18 09:03:32.277,7414.0000,42,0,0.0000,0.0000,0,0,多换,B,7348.0000,0.0000,0.0000,0.0000,0.0000,7374.0000,0.0000,0.0000,0.0000,0.0000,1,0,0,0,0,1,0,0,0,0
zc,TA302,2012-06-18 09:03:32.777,7414.0000,42,0,0.0000,0.0000,0,0,多换,B,7350.0000,0.0000,0.0000,0.0000,0.0000,7374.0000,0.0000,0.0000,0.0000,0.0000,1,0,0,0,0,1,0,0,0,0
zc,TA302,2012-06-18 09:03:33.527,7414.0000,42,0,0.0000,0.0000,0,0,多换,B,7348.0000,0.0000,0.0000,0.0000,0.0000,7374.0000,0.0000,0.0000,0.0000,0.0000,1,0,0,0,0,1,0,0,0,0
zc,TA302,2012-06-18 09:03:34.260,7414.0000,42,0,0.0000,0.0000,0,0,多换,B,7348.0000,0.0000,0.0000,0.0000,0.0000,7372.0000,0.0000,0.0000,0.0000,0.0000,1,0,0,0,0,1,0,0,0,0
zc,TA302,2012-06-18 09:03:35.510,7414.0000,42,0,0.0000,0.0000,0,0,多换,B,7346.0000,0.0000,0.0000,0.0000,0.0000,7370.0000,0.0000,0.0000,0.0000,0.0000,1,0,0,0,0,1,0,0,0,0
zc,TA302,2012-06-18 09:03:36.227,7414.0000,42,0,0.0000,0.0000,0,0,多换,B,7350.0000,0.0000,0.0000,0.0000,0.0000,7374.0000,0.0000,0.0000,0.0000,0.0000,1,0,0,0,0,1,0,0,0,0
zc,TA302,2012-06-18 09:03:44.260,7414.0000,42,0,0.0000,0.0000,0,0,多换,B,7348.0000,0.0000,0.0000,0.0000,0.0000,7372.0000,0.0000,0.0000,0.0000,0.0000,1,0,0,0,0,1,0,0,0,0
zc,TA302,2012-06-18 09:03:46.027,7414.0000,42,0,0.0000,0.0000,0,0,多换,B,7346.0000,0.0000,0.0000,0.0000,0.0000,7370.0000,0.0000,0.0000,0.0000,0.0000,1,0,0,0,0,1,0,0,0,0
zc,TA302,2012-06-18 09:03:53.743,7414.0000,42,0,0.0000,0.0000,0,0,多换,B,7344.0000,0.0000,0.0000,0.0000,0.0000,7370.0000,0.0000,0.0000,0.0000,0.0000,1,0,0,0,0,1,0,0,0,0
zc,TA302,2012-06-18 09:03:54.493,7414.0000,42,0,0.0000,0.0000,0,0,多换,B,7344.0000,0.0000,0.0000,0.0000,0.0000,7368.0000,0.0000,0.0000,0.0000,0.0000,1,0,0,0,0,1,0,0,0,0
zc,TA302,2012-06-18 09:03:55.510,7414.0000,42,0,0.0000,0.0000,0,0,多换,B,7342.0000,0.0000,0.0000,0.0000,0.0000,7368.0000,0.0000,0.0000,0.0000,0.0000,1,0,0,0,0,1,0,0,0,0
zc,TA302,2012-06-18 09:03:57.027,7414.0000,42,0,0.0000,0.0000,0,0,多换,B,7342.0000,0.0000,0.0000,0.0000,0.0000,7366.0000,0.0000,0.0000,0.0000,0.0000,1,0,0,0,0,1,0,0,0,0
zc,TA302,2012-06-18 09:03:59.527,7414.0000,42,0,0.0000,0.0000,0,0,多换,B,7340.0000,0.0000,0.0000,0.0000,0.0000,7364.0000,0.0000,0.0000,0.0000,0.0000,1,0,0,0,0,1,0,0,0,0
zc,TA302,2012-06-18 09:04:04.243,7414.0000,42,0,0.0000,0.0000,0,0,多换,B,7338.0000,0.0000,0.0000,0.0000,0.0000,7364.0000,0.0000,0.0000,0.0000,0.0000,1,0,0,0,0,1,0,0,0,0
zc,TA302,2012-06-18 09:04:05.260,7414.0000,42,0,0.0000,0.0000,0,0,多换,B,7336.0000,0.0000,0.0000,0.0000,0.0000,7362.0000,0.0000,0.0000,0.0000,0.0000,1,0,0,0,0,1,0,0,0,0
zc,TA302,2012-06-18 09:04:06.493,7414.0000,42,0,0.0000,0.0000,0,0,多换,B,7336.0000,0.0000,0.0000,0.0000,0.0000,7360.0000,0.0000,0.0000,0.0000,0.0000,1,0,0,0,0,1,0,0,0,0
zc,TA302,2012-06-18 09:04:07.260,7414.0000,42,0,0.0000,0.0000,0,0,多换,B,7334.0000,0.0000,0.0000,0.0000,0.0000,7358.0000,0.0000,0.0000,0.0000,0.0000,1,0,0,0,0,1,0,0,0,0
zc,TA302,2012-06-18 09:04:07.777,7414.0000,42,0,0.0000,0.0000,0,0,多换,B,7334.0000,0.0000,0.0000,0.0000,0.0000,7360.0000,0.0000,0.0000,0.0000,0.0000,1,0,0,0,0,1,0,0,0,0
zc,TA302,2012-06-18 09:04:08.260,7414.0000,42,0,0.0000,0.0000,0,0,多换,B,7332.0000,0.0000,0.0000,0.0000,0.0000,7356.0000,0.0000,0.0000,0.0000,0.0000,1,0,0,0,0,1,0,0,0,0
zc,TA302,2012-06-18 09:04:08.977,7414.0000,42,0,0.0000,0.0000,0,0,多换,B,7332.0000,0.0000,0.0000,0.0000,0.0000,7358.0000,0.0000,0.0000,0.0000,0.0000,1,0,0,0,0,1,0,0,0,0
zc,TA302,2012-06-18 09:04:09.573,7414.0000,42,0,0.0000,0.0000,0,0,多换,B,7330.0000,0.0000,0.0000,0.0000,0.0000,7354.0000,0.0000,0.0000,0.0000,0.0000,1,0,0,0,0,1,0,0,0,0
zc,TA302,2012-06-18 09:04:10.790,7414.0000,42,0,0.0000,0.0000,0,0,多换,B,7328.0000,0.0000,0.0000,0.0000,0.0000,7352.0000,0.0000,0.0000,0.0000,0.0000,1,0,0,0,0,1,0,0,0,0
zc,TA302,2012-06-18 09:04:11.493,7414.0000,42,0,0.0000,0.0000,0,0,多换,B,7330.0000,0.0000,0.0000,0.0000,0.0000,7354.0000,0.0000,0.0000,0.0000,0.0000,1,0,0,0,0,1,0,0,0,0
zc,TA302,2012-06-18 09:04:12.027,7414.0000,42,0,0.0000,0.0000,0,0,多换,B,7328.0000,0.0000,0.0000,0.0000,0.0000,7352.0000,0.0000,0.0000,0.0000,0.0000,1,0,0,0,0,1,0,0,0,0
zc,TA302,2012-06-18 09:04:13.213,7414.0000,42,0,0.0000,0.0000,0,0,多换,B,7326.0000,0.0000,0.0000,0.0000,0.0000,7350.0000,0.0000,0.0000,0.0000,0.0000,1,0,0,0,0,1,0,0,0,0
zc,TA302,2012-06-18 09:04:14.010,7414.0000,42,0,0.0000,0.0000,0,0,多换,B,7328.0000,0.0000,0.0000,0.0000,0.0000,7352.0000,0.0000,0.0000,0.0000,0.0000,1,0,0,0,0,1,0,0,0,0
zc,TA302,2012-06-18 09:04:15.743,7414.0000,42,0,0.0000,0.0000,0,0,多换,B,7328.0000,0.0000,0.0000,0.0000,0.0000,7354.0000,0.0000,0.0000,0.0000,0.0000,1,0,0,0,0,1,0,0,0,0
zc,TA302,2012-06-18 09:04:16.510,7414.0000,42,0,0.0000,0.0000,0,0,多换,B,7328.0000,0.0000,0.0000,0.0000,0.0000,7352.0000,0.0000,0.0000,0.0000,0.0000,1,0,0,0,0,1,0,0,0,0
zc,TA302,2012-06-18 09:04:17.790,7414.0000,42,0,0.0000,0.0000,0,0,多换,B,7330.0000,0.0000,0.0000,0.0000,0.0000,7354.0000,0.0000,0.0000,0.0000,0.0000,1,0,0,0,0,1,0,0,0,0
zc,TA302,2012-06-18 09:04:18.993,7414.0000,42,0,0.0000,0.0000,0,0,多换,B,7328.0000,0.0000,0.0000,0.0000,0.0000,7352.0000,0.0000,0.0000,0.0000,0.0000,1,0,0,0,0,1,0,0,0,0
zc,TA302,2012-06-18 09:04:19.510,7414.0000,42,0,0.0000,0.0000,0,0,多换,B,7326.0000,0.0000,0.0000,0.0000,0.0000,7350.0000,0.0000,0.0000,0.0000,0.0000,1,0,0,0,0,1,0,0,0,0
zc,TA302,2012-06-18 09:04:20.260,7414.0000,42,0,0.0000,0.0000,0,0,多换,B,7326.0000,0.0000,0.0000,0.0000,0.0000,7356.0000,0.0000,0.0000,0.0000,0.0000,1,0,0,0,0,1,0,0,0,0
zc,TA302,2012-06-18 09:04:20.760,7414.0000,42,0,0.0000,0.0000,0,0,多换,B,7328.0000,0.0000,0.0000,0.0000,0.0000,7352.0000,0.0000,0.0000,0.0000,0.0000,1,0,0,0,0,1,0,0,0,0
zc,TA302,2012-06-18 09:04:21.260,7414.0000,42,0,0.0000,0.0000,0,0,多换,B,7330.0000,0.0000,0.0000,0.0000,0.0000,7356.0000,0.0000,0.0000,0.0000,0.0000,1,0,0,0,0,1,0,0,0,0
zc,TA302,2012-06-18 09:04:21.963,7414.0000,42,0,0.0000,0.0000,0,0,多换,B,7328.0000,0.0000,0.0000,0.0000,0.0000,7352.0000,0.0000,0.0000,0.0000,0.0000,1,0,0,0,0,1,0,0,0,0
zc,TA302,2012-06-18 09:04:23.243,7414.0000,42,0,0.0000,0.0000,0,0,多换,B,7326.0000,0.0000,0.0000,0.0000,0.0000,7350.0000,0.0000,0.0000,0.0000,0.0000,1,0,0,0,0,1,0,0,0,0
zc,TA302,2012-06-18 09:04:23.760,7414.0000,42,0,0.0000,0.0000,0,0,多换,B,7326.0000,0.0000,0.0000,0.0000,0.0000,7352.0000,0.0000,0.0000,0.0000,0.0000,1,0,0,0,0,1,0,0,0,0
zc,TA302,2012-06-18 09:04:25.040,7414.0000,42,0,0.0000,0.0000,0,0,多换,B,7328.0000,0.0000,0.0000,0.0000,0.0000,7352.0000,0.0000,0.0000,0.0000,0.0000,1,0,0,0,0,1,0,0,0,0
zc,TA302,2012-06-18 09:04:27.243,7414.0000,42,0,0.0000,0.0000,0,0,多换,B,7326.0000,0.0000,0.0000,0.0000,0.0000,7350.0000,0.0000,0.0000,0.0000,0.0000,1,0,0,0,0,1,0,0,0,0
zc,TA302,2012-06-18 09:04:27.993,7414.0000,42,0,0.0000,0.0000,0,0,多换,B,7326.0000,0.0000,0.0000,0.0000,0.0000,7352.0000,0.0000,0.0000,0.0000,0.0000,1,0,0,0,0,1,0,0,0,0
zc,TA302,2012-06-18 09:04:29.260,7414.0000,42,0,0.0000,0.0000,0,0,多换,B,7326.0000,0.0000,0.0000,0.0000,0.0000,7350.0000,0.0000,0.0000,0.0000,0.0000,1,0,0,0,0,1,0,0,0,0
zc,TA302,2012-06-18 09:04:29.993,7414.0000,42,0,0.0000,0.0000,0,0,多换,B,7324.0000,0.0000,0.0000,0.0000,0.0000,7348.0000,0.0000,0.0000,0.0000,0.0000,1,0,0,0,0,1,0,0,0,0
zc,TA302,2012-06-18 09:04:38.977,7414.0000,42,0,0.0000,0.0000,0,0,多换,B,7322.0000,0.0000,0.0000,0.0000,0.0000,7346.0000,0.0000,0.0000,0.0000,0.0000,1,0,0,0,0,1,0,0,0,0
zc,TA302,2012-06-18 09:04:44.057,7414.0000,42,0,0.0000,0.0000,0,0,多换,B,7320.0000,0.0000,0.0000,0.0000,0.0000,7346.0000,0.0000,0.0000,0.0000,0.0000,1,0,0,0,0,1,0,0,0,0
zc,TA302,2012-06-18 09:04:44.447,7414.0000,42,0,0.0000,0.0000,0,0,多换,B,7320.0000,0.0000,0.0000,0.0000,0.0000,7344.0000,0.0000,0.0000,0.0000,0.0000,1,0,0,0,0,1,0,0,0,0
zc,TA302,2012-06-18 09:04:46.243,7414.0000,42,0,0.0000,0.0000,0,0,多换,B,7322.0000,0.0000,0.0000,0.0000,0.0000,7346.0000,0.0000,0.0000,0.0000,0.0000,1,0,0,0,0,1,0,0,0,0
zc,TA302,2012-06-18 09:04:47.010,7414.0000,42,0,0.0000,0.0000,0,0,多换,B,7320.0000,0.0000,0.0000,0.0000,0.0000,7346.0000,0.0000,0.0000,0.0000,0.0000,1,0,0,0,0,1,0,0,0,0
zc,TA302,2012-06-18 09:04:47.477,7414.0000,42,0,0.0000,0.0000,0,0,多换,B,7320.0000,0.0000,0.0000,0.0000,0.0000,7344.0000,0.0000,0.0000,0.0000,0.0000,1,0,0,0,0,1,0,0,0,0
zc,TA302,2012-06-18 09:04:50.993,7414.0000,42,0,0.0000,0.0000,0,0,多换,B,7318.0000,0.0000,0.0000,0.0000,0.0000,7342.0000,0.0000,0.0000,0.0000,0.0000,1,0,0,0,0,1,0,0,0,0
zc,TA302,2012-06-18 09:04:51.727,7414.0000,42,0,0.0000,0.0000,0,0,多换,B,7316.0000,0.0000,0.0000,0.0000,0.0000,7340.0000,0.0000,0.0000,0.0000,0.0000,1,0,0,0,0,1,0,0,0,0
zc,TA302,2012-06-18 09:04:53.057,7414.0000,42,0,0.0000,0.0000,0,0,多换,B,7318.0000,0.0000,0.0000,0.0000,0.0000,7342.0000,0.0000,0.0000,0.0000,0.0000,1,0,0,0,0,1,0,0,0,0
zc,TA302,2012-06-18 09:04:53.807,7414.0000,42,0,0.0000,0.0000,0,0,多换,B,7316.0000,0.0000,0.0000,0.0000,0.0000,7342.0000,0.0000,0.0000,0.0000,0.0000,1,0,0,0,0,1,0,0,0,0
zc,TA302,2012-06-18 09:04:56.713,7414.0000,42,0,0.0000,0.0000,0,0,多换,B,7318.0000,0.0000,0.0000,0.0000,0.0000,7342.0000,0.0000,0.0000,0.0000,0.0000,1,0,0,0,0,1,0,0,0,0
zc,TA302,2012-06-18 09:04:57.510,7414.0000,42,0,0.0000,0.0000,0,0,多换,B,7316.0000,0.0000,0.0000,0.0000,0.0000,7342.0000,0.0000,0.0000,0.0000,0.0000,1,0,0,0,0,1,0,0,0,0
zc,TA302,2012-06-18 09:04:58.010,7414.0000,42,0,0.0000,0.0000,0,0,多换,B,7316.0000,0.0000,0.0000,0.0000,0.0000,7340.0000,0.0000,0.0000,0.0000,0.0000,1,0,0,0,0,1,0,0,0,0
zc,TA302,2012-06-18 09:04:58.743,7414.0000,42,0,0.0000,0.0000,0,0,多换,B,7320.0000,0.0000,0.0000,0.0000,0.0000,7346.0000,0.0000,0.0000,0.0000,0.0000,1,0,0,0,0,1,0,0,0,0
zc,TA302,2012-06-18 09:05:00.040,7414.0000,42,0,0.0000,0.0000,0,0,多换,B,7320.0000,0.0000,0.0000,0.0000,0.0000,7344.0000,0.0000,0.0000,0.0000,0.0000,1,0,0,0,0,1,0,0,0,0
zc,TA302,2012-06-18 09:05:00.243,7414.0000,42,0,0.0000,0.0000,0,0,多换,B,7314.0000,0.0000,0.0000,0.0000,0.0000,7338.0000,0.0000,0.0000,0.0000,0.0000,1,0,0,0,0,1,0,0,0,0
zc,TA302,2012-06-18 09:05:01.213,7414.0000,42,0,0.0000,0.0000,0,0,多换,B,7314.0000,0.0000,0.0000,0.0000,0.0000,7342.0000,0.0000,0.0000,0.0000,0.0000,1,0,0,0,0,1,0,0,0,0
zc,TA302,2012-06-18 09:05:02.727,7414.0000,42,0,0.0000,0.0000,0,0,多换,B,7316.0000,0.0000,0.0000,0.0000,0.0000,7342.0000,0.0000,0.0000,0.0000,0.0000,1,0,0,0,0,1,0,0,0,0
zc,TA302,2012-06-18 09:05:12.197,7414.0000,42,0,0.0000,0.0000,0,0,多换,B,7318.0000,0.0000,0.0000,0.0000,0.0000,7342.0000,0.0000,0.0000,0.0000,0.0000,1,0,0,0,0,1,0,0,0,0
zc,TA302,2012-06-18 09:05:18.727,7414.0000,42,0,0.0000,0.0000,0,0,多换,B,7320.0000,0.0000,0.0000,0.0000,0.0000,7346.0000,0.0000,0.0000,0.0000,0.0000,1,0,0,0,0,1,0,0,0,0
zc,TA302,2012-06-18 09:05:20.713,7414.0000,42,0,0.0000,0.0000,0,0,多换,B,7322.0000,0.0000,0.0000,0.0000,0.0000,7348.0000,0.0000,0.0000,0.0000,0.0000,1,0,0,0,0,1,0,0,0,0
zc,TA302,2012-06-18 09:05:21.227,7414.0000,42,0,0.0000,0.0000,0,0,多换,B,7324.0000,0.0000,0.0000,0.0000,0.0000,7348.0000,0.0000,0.0000,0.0000,0.0000,1,0,0,0,0,1,0,0,0,0
zc,TA302,2012-06-18 09:05:21.760,7414.0000,42,0,0.0000,0.0000,0,0,多换,B,7320.0000,0.0000,0.0000,0.0000,0.0000,7348.0000,0.0000,0.0000,0.0000,0.0000,1,0,0,0,0,1,0,0,0,0
zc,TA302,2012-06-18 09:05:22.463,7414.0000,42,0,0.0000,0.0000,0,0,多换,B,7326.0000,0.0000,0.0000,0.0000,0.0000,7350.0000,0.0000,0.0000,0.0000,0.0000,1,0,0,0,0,1,0,0,0,0
zc,TA302,2012-06-18 09:05:22.963,7414.0000,42,0,0.0000,0.0000,0,0,多换,B,7324.0000,0.0000,0.0000,0.0000,0.0000,7350.0000,0.0000,0.0000,0.0000,0.0000,1,0,0,0,0,1,0,0,0,0
zc,TA302,2012-06-18 09:05:23.993,7414.0000,42,0,0.0000,0.0000,0,0,多换,B,7322.0000,0.0000,0.0000,0.0000,0.0000,7350.0000,0.0000,0.0000,0.0000,0.0000,1,0,0,0,0,1,0,0,0,0
zc,TA302,2012-06-18 09:05:24.727,7414.0000,42,0,0.0000,0.0000,0,0,多换,B,7324.0000,0.0000,0.0000,0.0000,0.0000,7348.0000,0.0000,0.0000,0.0000,0.0000,1,0,0,0,0,1,0,0,0,0
zc,TA302,2012-06-18 09:05:25.227,7414.0000,42,0,0.0000,0.0000,0,0,多换,B,7320.0000,0.0000,0.0000,0.0000,0.0000,7346.0000,0.0000,0.0000,0.0000,0.0000,1,0,0,0,0,1,0,0,0,0
zc,TA302,2012-06-18 09:05:25.977,7414.0000,42,0,0.0000,0.0000,0,0,多换,B,7322.0000,0.0000,0.0000,0.0000,0.0000,7346.0000,0.0000,0.0000,0.0000,0.0000,1,0,0,0,0,1,0,0,0,0
zc,TA302,2012-06-18 09:05:26.463,7414.0000,42,0,0.0000,0.0000,0,0,多换,B,7320.0000,0.0000,0.0000,0.0000,0.0000,7344.0000,0.0000,0.0000,0.0000,0.0000,1,0,0,0,0,1,0,0,0,0
zc,TA302,2012-06-18 09:05:33.260,7414.0000,42,0,0.0000,0.0000,0,0,多换,B,7322.0000,0.0000,0.0000,0.0000,0.0000,7346.0000,0.0000,0.0000,0.0000,0.0000,1,0,0,0,0,1,0,0,0,0
zc,TA302,2012-06-18 09:05:34.477,7414.0000,42,0,0.0000,0.0000,0,0,多换,B,7320.0000,0.0000,0.0000,0.0000,0.0000,7346.0000,0.0000,0.0000,0.0000,0.0000,1,0,0,0,0,1,0,0,0,0
zc,TA302,2012-06-18 09:05:37.493,7414.0000,42,0,0.0000,0.0000,0,0,多换,B,7322.0000,0.0000,0.0000,0.0000,0.0000,7346.0000,0.0000,0.0000,0.0000,0.0000,1,0,0,0,0,1,0,0,0,0
zc,TA302,2012-06-18 09:05:38.447,7414.0000,42,0,0.0000,0.0000,0,0,多换,B,7320.0000,0.0000,0.0000,0.0000,0.0000,7344.0000,0.0000,0.0000,0.0000,0.0000,1,0,0,0,0,1,0,0,0,0
zc,TA302,2012-06-18 09:05:42.727,7414.0000,42,0,0.0000,0.0000,0,0,多换,B,7322.0000,0.0000,0.0000,0.0000,0.0000,7346.0000,0.0000,0.0000,0.0000,0.0000,1,0,0,0,0,1,0,0,0,0
zc,TA302,2012-06-18 09:05:43.213,7414.0000,42,0,0.0000,0.0000,0,0,多换,B,7320.0000,0.0000,0.0000,0.0000,0.0000,7344.0000,0.0000,0.0000,0.0000,0.0000,1,0,0,0,0,1,0,0,0,0
zc,TA302,2012-06-18 09:05:45.447,7414.0000,42,0,0.0000,0.0000,0,0,多换,B,7320.0000,0.0000,0.0000,0.0000,0.0000,7346.0000,0.0000,0.0000,0.0000,0.0000,1,0,0,0,0,1,0,0,0,0
zc,TA302,2012-06-18 09:05:45.947,7414.0000,42,0,0.0000,0.0000,0,0,多换,B,7320.0000,0.0000,0.0000,0.0000,0.0000,7344.0000,0.0000,0.0000,0.0000,0.0000,1,0,0,0,0,1,0,0,0,0
zc,TA302,2012-06-18 09:05:48.493,7414.0000,42,0,0.0000,0.0000,0,0,多换,B,7322.0000,0.0000,0.0000,0.0000,0.0000,7346.0000,0.0000,0.0000,0.0000,0.0000,1,0,0,0,0,1,0,0,0,0
zc,TA302,2012-06-18 09:05:49.977,7414.0000,42,0,0.0000,0.0000,0,0,多换,B,7320.0000,0.0000,0.0000,0.0000,0.0000,7344.0000,0.0000,0.0000,0.0000,0.0000,1,0,0,0,0,1,0,0,0,0
zc,TA302,2012-06-18 09:05:54.243,7414.0000,42,0,0.0000,0.0000,0,0,多换,B,7322.0000,0.0000,0.0000,0.0000,0.0000,7346.0000,0.0000,0.0000,0.0000,0.0000,1,0,0,0,0,1,0,0,0,0
zc,TA302,2012-06-18 09:05:54.743,7414.0000,42,0,0.0000,0.0000,0,0,多换,B,7320.0000,0.0000,0.0000,0.0000,0.0000,7344.0000,0.0000,0.0000,0.0000,0.0000,1,0,0,0,0,1,0,0,0,0
zc,TA302,2012-06-18 09:05:55.243,7414.0000,42,0,0.0000,0.0000,0,0,多换,B,7320.0000,0.0000,0.0000,0.0000,0.0000,7346.0000,0.0000,0.0000,0.0000,0.0000,1,0,0,0,0,1,0,0,0,0
zc,TA302,2012-06-18 09:05:58.213,7414.0000,42,0,0.0000,0.0000,0,0,多换,B,7322.0000,0.0000,0.0000,0.0000,0.0000,7346.0000,0.0000,0.0000,0.0000,0.0000,1,0,0,0,0,1,0,0,0,0
zc,TA302,2012-06-18 09:06:01.760,7414.0000,42,0,0.0000,0.0000,0,0,多换,B,7320.0000,0.0000,0.0000,0.0000,0.0000,7344.0000,0.0000,0.0000,0.0000,0.0000,1,0,0,0,0,1,0,0,0,0
zc,TA302,2012-06-18 09:06:02.463,7414.0000,42,0,0.0000,0.0000,0,0,多换,B,7322.0000,0.0000,0.0000,0.0000,0.0000,7346.0000,0.0000,0.0000,0.0000,0.0000,1,0,0,0,0,1,0,0,0,0
zc,TA302,2012-06-18 09:06:03.477,7414.0000,42,0,0.0000,0.0000,0,0,多换,B,7320.0000,0.0000,0.0000,0.0000,0.0000,7346.0000,0.0000,0.0000,0.0000,0.0000,1,0,0,0,0,1,0,0,0,0
zc,TA302,2012-06-18 09:06:04.197,7414.0000,42,0,0.0000,0.0000,0,0,多换,B,7322.0000,0.0000,0.0000,0.0000,0.0000,7346.0000,0.0000,0.0000,0.0000,0.0000,1,0,0,0,0,1,0,0,0,0
zc,TA302,2012-06-18 09:06:04.697,7414.0000,42,0,0.0000,0.0000,0,0,多换,B,7320.0000,0.0000,0.0000,0.0000,0.0000,7344.0000,0.0000,0.0000,0.0000,0.0000,1,0,0,0,0,1,0,0,0,0
zc,TA302,2012-06-18 09:06:05.743,7414.0000,42,0,0.0000,0.0000,0,0,多换,B,7322.0000,0.0000,0.0000,0.0000,0.0000,7346.0000,0.0000,0.0000,0.0000,0.0000,1,0,0,0,0,1,0,0,0,0
zc,TA302,2012-06-18 09:06:08.213,7414.0000,42,0,0.0000,0.0000,0,0,多换,B,7324.0000,0.0000,0.0000,0.0000,0.0000,7348.0000,0.0000,0.0000,0.0000,0.0000,1,0,0,0,0,1,0,0,0,0
zc,TA302,2012-06-18 09:06:09.527,7414.0000,42,0,0.0000,0.0000,0,0,多换,B,7326.0000,0.0000,0.0000,0.0000,0.0000,7348.0000,0.0000,0.0000,0.0000,0.0000,2,0,0,0,0,1,0,0,0,0
zc,TA302,2012-06-18 09:06:12.227,7414.0000,42,0,0.0000,0.0000,0,0,多换,B,7324.0000,0.0000,0.0000,0.0000,0.0000,7346.0000,0.0000,0.0000,0.0000,0.0000,2,0,0,0,0,1,0,0,0,0
zc,TA302,2012-06-18 09:06:13.243,7414.0000,42,0,0.0000,0.0000,0,0,多换,B,7324.0000,0.0000,0.0000,0.0000,0.0000,7348.0000,0.0000,0.0000,0.0000,0.0000,2,0,0,0,0,1,0,0,0,0
zc,TA302,2012-06-18 09:06:13.760,7414.0000,42,0,0.0000,0.0000,0,0,多换,B,7326.0000,0.0000,0.0000,0.0000,0.0000,7348.0000,0.0000,0.0000,0.0000,0.0000,2,0,0,0,0,1,0,0,0,0
zc,TA302,2012-06-18 09:06:15.010,7414.0000,42,0,0.0000,0.0000,0,0,多换,B,7324.0000,0.0000,0.0000,0.0000,0.0000,7346.0000,0.0000,0.0000,0.0000,0.0000,2,0,0,0,0,1,0,0,0,0
zc,TA302,2012-06-18 09:06:16.227,7414.0000,42,0,0.0000,0.0000,0,0,多换,B,7326.0000,0.0000,0.0000,0.0000,0.0000,7348.0000,0.0000,0.0000,0.0000,0.0000,2,0,0,0,0,1,0,0,0,0
zc,TA302,2012-06-18 09:06:42.197,7414.0000,42,0,0.0000,0.0000,0,0,多换,B,7324.0000,0.0000,0.0000,0.0000,0.0000,7346.0000,0.0000,0.0000,0.0000,0.0000,2,0,0,0,0,1,0,0,0,0
zc,TA302,2012-06-18 09:06:52.727,7414.0000,42,0,0.0000,0.0000,0,0,多换,B,7322.0000,0.0000,0.0000,0.0000,0.0000,7344.0000,0.0000,0.0000,0.0000,0.0000,2,0,0,0,0,1,0,0,0,0
zc,TA302,2012-06-18 09:06:54.243,7414.0000,42,0,0.0000,0.0000,0,0,多换,B,7322.0000,0.0000,0.0000,0.0000,0.0000,7346.0000,0.0000,0.0000,0.0000,0.0000,2,0,0,0,0,1,0,0,0,0
zc,TA302,2012-06-18 09:06:55.760,7414.0000,42,0,0.0000,0.0000,0,0,多换,B,7322.0000,0.0000,0.0000,0.0000,0.0000,7344.0000,0.0000,0.0000,0.0000,0.0000,2,0,0,0,0,1,0,0,0,0
zc,TA302,2012-06-18 09:06:56.743,7414.0000,42,0,0.0000,0.0000,0,0,多换,B,7322.0000,0.0000,0.0000,0.0000,0.0000,7346.0000,0.0000,0.0000,0.0000,0.0000,2,0,0,0,0,1,0,0,0,0
zc,TA302,2012-06-18 09:06:58.010,7414.0000,42,0,0.0000,0.0000,0,0,多换,B,7326.0000,0.0000,0.0000,0.0000,0.0000,7348.0000,0.0000,0.0000,0.0000,0.0000,1,0,0,0,0,1,0,0,0,0
zc,TA302,2012-06-18 09:06:58.760,7414.0000,42,0,0.0000,0.0000,0,0,多换,B,7322.0000,0.0000,0.0000,0.0000,0.0000,7346.0000,0.0000,0.0000,0.0000,0.0000,2,0,0,0,0,1,0,0,0,0
zc,TA302,2012-06-18 09:06:59.713,7414.0000,42,0,0.0000,0.0000,0,0,多换,B,7324.0000,0.0000,0.0000,0.0000,0.0000,7346.0000,0.0000,0.0000,0.0000,0.0000,2,0,0,0,0,1,0,0,0,0
zc,TA302,2012-06-18 09:07:00.947,7414.0000,42,0,0.0000,0.0000,0,0,多换,B,7324.0000,0.0000,0.0000,0.0000,0.0000,7346.0000,0.0000,0.0000,0.0000,0.0000,1,0,0,0,0,1,0,0,0,0
zc,TA302,2012-06-18 09:07:02.527,7414.0000,42,0,0.0000,0.0000,0,0,多换,B,7322.0000,0.0000,0.0000,0.0000,0.0000,7346.0000,0.0000,0.0000,0.0000,0.0000,2,0,0,0,0,1,0,0,0,0
zc,TA302,2012-06-18 09:07:03.743,7414.0000,42,0,0.0000,0.0000,0,0,多换,B,7322.0000,0.0000,0.0000,0.0000,0.0000,7344.0000,0.0000,0.0000,0.0000,0.0000,2,0,0,0,0,1,0,0,0,0
zc,TA302,2012-06-18 09:07:04.727,7414.0000,42,0,0.0000,0.0000,0,0,多换,B,7324.0000,0.0000,0.0000,0.0000,0.0000,7346.0000,0.0000,0.0000,0.0000,0.0000,2,0,0,0,0,1,0,0,0,0
zc,TA302,2012-06-18 09:07:16.027,7414.0000,42,0,0.0000,0.0000,0,0,多换,B,7322.0000,0.0000,0.0000,0.0000,0.0000,7346.0000,0.0000,0.0000,0.0000,0.0000,2,0,0,0,0,1,0,0,0,0
zc,TA302,2012-06-18 09:07:16.697,7414.0000,42,0,0.0000,0.0000,0,0,多换,B,7322.0000,0.0000,0.0000,0.0000,0.0000,7344.0000,0.0000,0.0000,0.0000,0.0000,2,0,0,0,0,1,0,0,0,0
zc,TA302,2012-06-18 09:07:21.227,7414.0000,42,0,0.0000,0.0000,0,0,多换,B,7320.0000,0.0000,0.0000,0.0000,0.0000,7342.0000,0.0000,0.0000,0.0000,0.0000,2,0,0,0,0,1,0,0,0,0
zc,TA302,2012-06-18 09:07:24.463,7414.0000,42,0,0.0000,0.0000,0,0,多换,B,7318.0000,0.0000,0.0000,0.0000,0.0000,7342.0000,0.0000,0.0000,0.0000,0.0000,2,0,0,0,0,1,0,0,0,0
zc,TA302,2012-06-18 09:07:25.697,7414.0000,42,0,0.0000,0.0000,0,0,多换,B,7318.0000,0.0000,0.0000,0.0000,0.0000,7340.0000,0.0000,0.0000,0.0000,0.0000,2,0,0,0,0,1,0,0,0,0
zc,TA302,2012-06-18 09:07:28.447,7414.0000,42,0,0.0000,0.0000,0,0,多换,B,7316.0000,0.0000,0.0000,0.0000,0.0000,7338.0000,0.0000,0.0000,0.0000,0.0000,2,0,0,0,0,1,0,0,0,0
zc,TA302,2012-06-18 09:07:32.727,7414.0000,42,0,0.0000,0.0000,0,0,多换,B,7318.0000,0.0000,0.0000,0.0000,0.0000,7340.0000,0.0000,0.0000,0.0000,0.0000,2,0,0,0,0,1,0,0,0,0
zc,TA302,2012-06-18 09:07:33.993,7414.0000,42,0,0.0000,0.0000,0,0,多换,B,7316.0000,0.0000,0.0000,0.0000,0.0000,7340.0000,0.0000,0.0000,0.0000,0.0000,2,0,0,0,0,1,0,0,0,0
zc,TA302,2012-06-18 09:07:34.697,7414.0000,42,0,0.0000,0.0000,0,0,多换,B,7316.0000,0.0000,0.0000,0.0000,0.0000,7338.0000,0.0000,0.0000,0.0000,0.0000,2,0,0,0,0,1,0,0,0,0
zc,TA302,2012-06-18 09:07:43.027,7414.0000,42,0,0.0000,0.0000,0,0,多换,B,7316.0000,0.0000,0.0000,0.0000,0.0000,7340.0000,0.0000,0.0000,0.0000,0.0000,2,0,0,0,0,1,0,0,0,0
zc,TA302,2012-06-18 09:07:44.213,7414.0000,42,0,0.0000,0.0000,0,0,多换,B,7316.0000,0.0000,0.0000,0.0000,0.0000,7338.0000,0.0000,0.0000,0.0000,0.0000,2,0,0,0,0,1,0,0,0,0
zc,TA302,2012-06-18 09:07:45.477,7414.0000,42,0,0.0000,0.0000,0,0,多换,B,7318.0000,0.0000,0.0000,0.0000,0.0000,7340.0000,0.0000,0.0000,0.0000,0.0000,1,0,0,0,0,1,0,0,0,0
zc,TA302,2012-06-18 09:07:45.963,7414.0000,42,0,0.0000,0.0000,0,0,多换,B,7318.0000,0.0000,0.0000,0.0000,0.0000,7340.0000,0.0000,0.0000,0.0000,0.0000,2,0,0,0,0,1,0,0,0,0
zc,TA302,2012-06-18 09:07:46.743,7414.0000,42,0,0.0000,0.0000,0,0,多换,B,7316.0000,0.0000,0.0000,0.0000,0.0000,7340.0000,0.0000,0.0000,0.0000,0.0000,2,0,0,0,0,1,0,0,0,0
zc,TA302,2012-06-18 09:07:48.027,7414.0000,42,0,0.0000,0.0000,0,0,多换,B,7318.0000,0.0000,0.0000,0.0000,0.0000,7340.0000,0.0000,0.0000,0.0000,0.0000,2,0,0,0,0,1,0,0,0,0
zc,TA302,2012-06-18 09:07:48.963,7414.0000,42,0,0.0000,0.0000,0,0,多换,B,7316.0000,0.0000,0.0000,0.0000,0.0000,7340.0000,0.0000,0.0000,0.0000,0.0000,2,0,0,0,0,1,0,0,0,0
zc,TA302,2012-06-18 09:07:49.510,7414.0000,42,0,0.0000,0.0000,0,0,多换,B,7316.0000,0.0000,0.0000,0.0000,0.0000,7338.0000,0.0000,0.0000,0.0000,0.0000,2,0,0,0,0,1,0,0,0,0
zc,TA302,2012-06-18 09:07:56.743,7414.0000,42,0,0.0000,0.0000,0,0,多换,B,7314.0000,0.0000,0.0000,0.0000,0.0000,7336.0000,0.0000,0.0000,0.0000,0.0000,2,0,0,0,0,1,0,0,0,0
zc,TA302,2012-06-18 09:08:01.977,7414.0000,42,0,0.0000,0.0000,0,0,多换,B,7316.0000,0.0000,0.0000,0.0000,0.0000,7338.0000,0.0000,0.0000,0.0000,0.0000,2,0,0,0,0,1,0,0,0,0
zc,TA302,2012-06-18 09:08:07.713,7414.0000,42,0,0.0000,0.0000,0,0,多换,B,7314.0000,0.0000,0.0000,0.0000,0.0000,7336.0000,0.0000,0.0000,0.0000,0.0000,2,0,0,0,0,1,0,0,0,0
zc,TA302,2012-06-18 09:08:33.947,7414.0000,42,0,0.0000,0.0000,0,0,多换,B,7314.0000,0.0000,0.0000,0.0000,0.0000,7336.0000,0.0000,0.0000,0.0000,0.0000,1,0,0,0,0,1,0,0,0,0
zc,TA302,2012-06-18 09:08:34.477,7414.0000,42,0,0.0000,0.0000,0,0,多换,B,7312.0000,0.0000,0.0000,0.0000,0.0000,7334.0000,0.0000,0.0000,0.0000,0.0000,2,0,0,0,0,1,0,0,0,0
zc,TA302,2012-06-18 09:08:45.727,7414.0000,42,0,0.0000,0.0000,0,0,多换,B,7314.0000,0.0000,0.0000,0.0000,0.0000,7336.0000,0.0000,0.0000,0.0000,0.0000,2,0,0,0,0,1,0,0,0,0
zc,TA302,2012-06-18 09:08:45.963,7414.0000,42,0,0.0000,0.0000,0,0,多换,B,7312.0000,0.0000,0.0000,0.0000,0.0000,7334.0000,0.0000,0.0000,0.0000,0.0000,2,0,0,0,0,1,0,0,0,0
zc,TA302,2012-06-18 09:08:48.463,7414.0000,42,0,0.0000,0.0000,0,0,多换,B,7314.0000,0.0000,0.0000,0.0000,0.0000,7336.0000,0.0000,0.0000,0.0000,0.0000,2,0,0,0,0,1,0,0,0,0
zc,TA302,2012-06-18 09:09:00.447,7414.0000,42,0,0.0000,0.0000,0,0,多换,B,7312.0000,0.0000,0.0000,0.0000,0.0000,7336.0000,0.0000,0.0000,0.0000,0.0000,2,0,0,0,0,1,0,0,0,0
zc,TA302,2012-06-18 09:09:01.197,7414.0000,42,0,0.0000,0.0000,0,0,多换,B,7314.0000,0.0000,0.0000,0.0000,0.0000,7336.0000,0.0000,0.0000,0.0000,0.0000,2,0,0,0,0,1,0,0,0,0
zc,TA302,2012-06-18 09:09:06.963,7414.0000,42,0,0.0000,0.0000,0,0,多换,B,7312.0000,0.0000,0.0000,0.0000,0.0000,7334.0000,0.0000,0.0000,0.0000,0.0000,2,0,0,0,0,1,0,0,0,0
zc,TA302,2012-06-18 09:09:07.447,7414.0000,42,0,0.0000,0.0000,0,0,多换,B,7312.0000,0.0000,0.0000,0.0000,0.0000,7336.0000,0.0000,0.0000,0.0000,0.0000,2,0,0,0,0,1,0,0,0,0
zc,TA302,2012-06-18 09:09:07.947,7414.0000,42,0,0.0000,0.0000,0,0,多换,B,7314.0000,0.0000,0.0000,0.0000,0.0000,7336.0000,0.0000,0.0000,0.0000,0.0000,1,0,0,0,0,1,0,0,0,0
zc,TA302,2012-06-18 09:09:08.743,7414.0000,42,0,0.0000,0.0000,0,0,多换,B,7314.0000,0.0000,0.0000,0.0000,0.0000,7336.0000,0.0000,0.0000,0.0000,0.0000,2,0,0,0,0,1,0,0,0,0
zc,TA302,2012-06-18 09:09:11.197,7414.0000,42,0,0.0000,0.0000,0,0,多换,B,7314.0000,0.0000,0.0000,0.0000,0.0000,7338.0000,0.0000,0.0000,0.0000,0.0000,2,0,0,0,0,1,0,0,0,0
zc,TA302,2012-06-18 09:09:11.683,7414.0000,42,0,0.0000,0.0000,0,0,多换,B,7316.0000,0.0000,0.0000,0.0000,0.0000,7338.0000,0.0000,0.0000,0.0000,0.0000,2,0,0,0,0,1,0,0,0,0
zc,TA302,2012-06-18 09:09:19.227,7414.0000,42,0,0.0000,0.0000,0,0,多换,B,7318.0000,0.0000,0.0000,0.0000,0.0000,7340.0000,0.0000,0.0000,0.0000,0.0000,2,0,0,0,0,1,0,0,0,0
zc,TA302,2012-06-18 09:09:20.933,7414.0000,42,0,0.0000,0.0000,0,0,多换,B,7316.0000,0.0000,0.0000,0.0000,0.0000,7338.0000,0.0000,0.0000,0.0000,0.0000,2,0,0,0,0,1,0,0,0,0
zc,TA302,2012-06-18 09:09:27.963,7414.0000,42,0,0.0000,0.0000,0,0,多换,B,7318.0000,0.0000,0.0000,0.0000,0.0000,7340.0000,0.0000,0.0000,0.0000,0.0000,2,0,0,0,0,1,0,0,0,0
zc,TA302,2012-06-18 09:09:28.463,7414.0000,42,0,0.0000,0.0000,0,0,多换,B,7316.0000,0.0000,0.0000,0.0000,0.0000,7338.0000,0.0000,0.0000,0.0000,0.0000,2,0,0,0,0,1,0,0,0,0
zc,TA302,2012-06-18 09:09:30.197,7414.0000,42,0,0.0000,0.0000,0,0,多换,B,7318.0000,0.0000,0.0000,0.0000,0.0000,7340.0000,0.0000,0.0000,0.0000,0.0000,2,0,0,0,0,1,0,0,0,0
zc,TA302,2012-06-18 09:09:36.683,7414.0000,42,0,0.0000,0.0000,0,0,多换,B,7318.0000,0.0000,0.0000,0.0000,0.0000,7340.0000,0.0000,0.0000,0.0000,0.0000,1,0,0,0,0,1,0,0,0,0
zc,TA302,2012-06-18 09:09:37.197,7414.0000,42,0,0.0000,0.0000,0,0,多换,B,7318.0000,0.0000,0.0000,0.0000,0.0000,7340.0000,0.0000,0.0000,0.0000,0.0000,2,0,0,0,0,1,0,0,0,0
zc,TA302,2012-06-18 09:09:42.433,7414.0000,42,0,0.0000,0.0000,0,0,多换,B,7316.0000,0.0000,0.0000,0.0000,0.0000,7338.0000,0.0000,0.0000,0.0000,0.0000,2,0,0,0,0,1,0,0,0,0
zc,TA302,2012-06-18 09:09:43.227,7414.0000,42,0,0.0000,0.0000,0,0,多换,B,7318.0000,0.0000,0.0000,0.0000,0.0000,7340.0000,0.0000,0.0000,0.0000,0.0000,1,0,0,0,0,1,0,0,0,0
zc,TA302,2012-06-18 09:09:43.743,7414.0000,42,0,0.0000,0.0000,0,0,多换,B,7316.0000,0.0000,0.0000,0.0000,0.0000,7338.0000,0.0000,0.0000,0.0000,0.0000,2,0,0,0,0,1,0,0,0,0
zc,TA302,2012-06-18 09:09:52.963,7414.0000,42,0,0.0000,0.0000,0,0,多换,B,7314.0000,0.0000,0.0000,0.0000,0.0000,7336.0000,0.0000,0.0000,0.0000,0.0000,2,0,0,0,0,1,0,0,0,0
zc,TA302,2012-06-18 09:09:55.977,7414.0000,42,0,0.0000,0.0000,0,0,多换,B,7312.0000,0.0000,0.0000,0.0000,0.0000,7334.0000,0.0000,0.0000,0.0000,0.0000,2,0,0,0,0,1,0,0,0,0
zc,TA302,2012-06-18 09:09:56.963,7414.0000,42,0,0.0000,0.0000,0,0,多换,B,7314.0000,0.0000,0.0000,0.0000,0.0000,7336.0000,0.0000,0.0000,0.0000,0.0000,2,0,0,0,0,1,0,0,0,0
zc,TA302,2012-06-18 09:09:58.977,7414.0000,42,0,0.0000,0.0000,0,0,多换,B,7312.0000,0.0000,0.0000,0.0000,0.0000,7336.0000,0.0000,0.0000,0.0000,0.0000,2,0,0,0,0,1,0,0,0,0
zc,TA302,2012-06-18 09:09:59.433,7414.0000,42,0,0.0000,0.0000,0,0,多换,B,7312.0000,0.0000,0.0000,0.0000,0.0000,7334.0000,0.0000,0.0000,0.0000,0.0000,2,0,0,0,0,1,0,0,0,0
zc,TA302,2012-06-18 09:10:03.463,7414.0000,42,0,0.0000,0.0000,0,0,多换,B,7310.0000,0.0000,0.0000,0.0000,0.0000,7332.0000,0.0000,0.0000,0.0000,0.0000,2,0,0,0,0,1,0,0,0,0
zc,TA302,2012-06-18 09:10:05.227,7414.0000,42,0,0.0000,0.0000,0,0,多换,B,7312.0000,0.0000,0.0000,0.0000,0.0000,7334.0000,0.0000,0.0000,0.0000,0.0000,2,0,0,0,0,1,0,0,0,0
zc,TA302,2012-06-18 09:10:05.963,7414.0000,42,0,0.0000,0.0000,0,0,多换,B,7312.0000,0.0000,0.0000,0.0000,0.0000,7334.0000,0.0000,0.0000,0.0000,0.0000,1,0,0,0,0,1,0,0,0,0
zc,TA302,2012-06-18 09:10:06.477,7414.0000,42,0,0.0000,0.0000,0,0,多换,B,7310.0000,0.0000,0.0000,0.0000,0.0000,7334.0000,0.0000,0.0000,0.0000,0.0000,2,0,0,0,0,1,0,0,0,0
zc,TA302,2012-06-18 09:10:07.197,7414.0000,42,0,0.0000,0.0000,0,0,多换,B,7310.0000,0.0000,0.0000,0.0000,0.0000,7332.0000,0.0000,0.0000,0.0000,0.0000,2,0,0,0,0,1,0,0,0,0
zc,TA302,2012-06-18 09:10:07.477,7414.0000,42,0,0.0000,0.0000,0,0,多换,B,7312.0000,0.0000,0.0000,0.0000,0.0000,7334.0000,0.0000,0.0000,0.0000,0.0000,1,0,0,0,0,1,0,0,0,0
zc,TA302,2012-06-18 09:10:08.227,7414.0000,42,0,0.0000,0.0000,0,0,多换,B,7310.0000,0.0000,0.0000,0.0000,0.0000,7334.0000,0.0000,0.0000,0.0000,0.0000,2,0,0,0,0,1,0,0,0,0
zc,TA302,2012-06-18 09:10:08.697,7414.0000,42,0,0.0000,0.0000,0,0,多换,B,7310.0000,0.0000,0.0000,0.0000,0.0000,7332.0000,0.0000,0.0000,0.0000,0.0000,2,0,0,0,0,1,0,0,0,0
zc,TA302,2012-06-18 09:10:09.387,7414.0000,42,0,0.0000,0.0000,0,0,多换,B,7310.0000,0.0000,0.0000,0.0000,0.0000,7332.0000,0.0000,0.0000,0.0000,0.0000,2,0,0,0,0,1,0,0,0,0
zc,TA302,2012-06-18 09:10:12.447,7414.0000,42,0,0.0000,0.0000,0,0,多换,B,7308.0000,0.0000,0.0000,0.0000,0.0000,7330.0000,0.0000,0.0000,0.0000,0.0000,2,0,0,0,0,1,0,0,0,0
zc,TA302,2012-06-18 09:10:13.743,7414.0000,42,0,0.0000,0.0000,0,0,多换,B,7308.0000,0.0000,0.0000,0.0000,0.0000,7332.0000,0.0000,0.0000,0.0000,0.0000,2,0,0,0,0,1,0,0,0,0
zc,TA302,2012-06-18 09:10:14.197,7414.0000,42,0,0.0000,0.0000,0,0,多换,B,7308.0000,0.0000,0.0000,0.0000,0.0000,7330.0000,0.0000,0.0000,0.0000,0.0000,2,0,0,0,0,1,0,0,0,0
zc,TA302,2012-06-18 09:10:16.213,7414.0000,42,0,0.0000,0.0000,0,0,多换,B,7306.0000,0.0000,0.0000,0.0000,0.0000,7330.0000,0.0000,0.0000,0.0000,0.0000,2,0,0,0,0,1,0,0,0,0
zc,TA302,2012-06-18 09:10:16.697,7414.0000,42,0,0.0000,0.0000,0,0,多换,B,7308.0000,0.0000,0.0000,0.0000,0.0000,7330.0000,0.0000,0.0000,0.0000,0.0000,2,0,0,0,0,1,0,0,0,0
zc,TA302,2012-06-18 09:10:17.260,7414.0000,42,0,0.0000,0.0000,0,0,多换,B,7306.0000,0.0000,0.0000,0.0000,0.0000,7328.0000,0.0000,0.0000,0.0000,0.0000,2,0,0,0,0,1,0,0,0,0
zc,TA302,2012-06-18 09:10:18.463,7414.0000,42,0,0.0000,0.0000,0,0,多换,B,7306.0000,0.0000,0.0000,0.0000,0.0000,7330.0000,0.0000,0.0000,0.0000,0.0000,2,0,0,0,0,1,0,0,0,0
zc,TA302,2012-06-18 09:10:19.197,7414.0000,42,0,0.0000,0.0000,0,0,多换,B,7310.0000,0.0000,0.0000,0.0000,0.0000,7332.0000,0.0000,0.0000,0.0000,0.0000,2,0,0,0,0,1,0,0,0,0
zc,TA302,2012-06-18 09:10:19.697,7414.0000,42,0,0.0000,0.0000,0,0,多换,B,7308.0000,0.0000,0.0000,0.0000,0.0000,7332.0000,0.0000,0.0000,0.0000,0.0000,2,0,0,0,0,1,0,0,0,0
zc,TA302,2012-06-18 09:10:20.493,7414.0000,42,0,0.0000,0.0000,0,0,多换,B,7308.0000,0.0000,0.0000,0.0000,0.0000,7330.0000,0.0000,0.0000,0.0000,0.0000,2,0,0,0,0,1,0,0,0,0
zc,TA302,2012-06-18 09:10:20.993,7414.0000,42,0,0.0000,0.0000,0,0,多换,B,7310.0000,0.0000,0.0000,0.0000,0.0000,7332.0000,0.0000,0.0000,0.0000,0.0000,2,0,0,0,0,1,0,0,0,0
zc,TA302,2012-06-18 09:10:21.697,7414.0000,42,0,0.0000,0.0000,0,0,多换,B,7308.0000,0.0000,0.0000,0.0000,0.0000,7332.0000,0.0000,0.0000,0.0000,0.0000,1,0,0,0,0,1,0,0,0,0
zc,TA302,2012-06-18 09:10:22.227,7414.0000,42,0,0.0000,0.0000,0,0,多换,B,7310.0000,0.0000,0.0000,0.0000,0.0000,7332.0000,0.0000,0.0000,0.0000,0.0000,2,0,0,0,0,1,0,0,0,0
zc,TA302,2012-06-18 09:10:23.027,7414.0000,42,0,0.0000,0.0000,0,0,多换,B,7306.0000,0.0000,0.0000,0.0000,0.0000,7328.0000,0.0000,0.0000,0.0000,0.0000,2,0,0,0,0,1,0,0,0,0
zc,TA302,2012-06-18 09:10:24.713,7414.0000,42,0,0.0000,0.0000,0,0,多换,B,7304.0000,0.0000,0.0000,0.0000,0.0000,7326.0000,0.0000,0.0000,0.0000,0.0000,2,0,0,0,0,1,0,0,0,0
zc,TA302,2012-06-18 09:10:25.510,7414.0000,42,0,0.0000,0.0000,0,0,多换,B,7306.0000,0.0000,0.0000,0.0000,0.0000,7328.0000,0.0000,0.0000,0.0000,0.0000,2,0,0,0,0,1,0,0,0,0
zc,TA302,2012-06-18 09:10:28.010,7414.0000,42,0,0.0000,0.0000,0,0,多换,B,7306.0000,0.0000,0.0000,0.0000,0.0000,7330.0000,0.0000,0.0000,0.0000,0.0000,2,0,0,0,0,1,0,0,0,0
zc,TA302,2012-06-18 09:10:28.743,7414.0000,42,0,0.0000,0.0000,0,0,多换,B,7306.0000,0.0000,0.0000,0.0000,0.0000,7328.0000,0.0000,0.0000,0.0000,0.0000,2,0,0,0,0,1,0,0,0,0
zc,TA302,2012-06-18 09:10:29.713,7414.0000,42,0,0.0000,0.0000,0,0,多换,B,7306.0000,0.0000,0.0000,0.0000,0.0000,7330.0000,0.0000,0.0000,0.0000,0.0000,1,0,0,0,0,1,0,0,0,0
zc,TA302,2012-06-18 09:10:30.463,7414.0000,42,0,0.0000,0.0000,0,0,多换,B,7306.0000,0.0000,0.0000,0.0000,0.0000,7328.0000,0.0000,0.0000,0.0000,0.0000,1,0,0,0,0,1,0,0,0,0
zc,TA302,2012-06-18 09:10:30.977,7414.0000,42,0,0.0000,0.0000,0,0,多换,B,7304.0000,0.0000,0.0000,0.0000,0.0000,7328.0000,0.0000,0.0000,0.0000,0.0000,2,0,0,0,0,1,0,0,0,0
zc,TA302,2012-06-18 09:10:31.743,7414.0000,42,0,0.0000,0.0000,0,0,多换,B,7306.0000,0.0000,0.0000,0.0000,0.0000,7328.0000,0.0000,0.0000,0.0000,0.0000,1,0,0,0,0,1,0,0,0,0
zc,TA302,2012-06-18 09:10:32.213,7414.0000,42,0,0.0000,0.0000,0,0,多换,B,7306.0000,0.0000,0.0000,0.0000,0.0000,7328.0000,0.0000,0.0000,0.0000,0.0000,2,0,0,0,0,1,0,0,0,0
zc,TA302,2012-06-18 09:10:32.697,7414.0000,42,0,0.0000,0.0000,0,0,多换,B,7304.0000,0.0000,0.0000,0.0000,0.0000,7326.0000,0.0000,0.0000,0.0000,0.0000,2,0,0,0,0,1,0,0,0,0
zc,TA302,2012-06-18 09:10:48.463,7414.0000,42,0,0.0000,0.0000,0,0,多换,B,7306.0000,0.0000,0.0000,0.0000,0.0000,7328.0000,0.0000,0.0000,0.0000,0.0000,2,0,0,0,0,1,0,0,0,0
zc,TA302,2012-06-18 09:10:53.777,7414.0000,42,0,0.0000,0.0000,0,0,多换,B,7308.0000,0.0000,0.0000,0.0000,0.0000,7330.0000,0.0000,0.0000,0.0000,0.0000,2,0,0,0,0,1,0,0,0,0
zc,TA302,2012-06-18 09:10:54.477,7414.0000,42,0,0.0000,0.0000,0,0,多换,B,7306.0000,0.0000,0.0000,0.0000,0.0000,7328.0000,0.0000,0.0000,0.0000,0.0000,2,0,0,0,0,1,0,0,0,0
zc,TA302,2012-06-18 09:10:59.977,7414.0000,42,0,0.0000,0.0000,0,0,多换,B,7302.0000,0.0000,0.0000,0.0000,0.0000,7324.0000,0.0000,0.0000,0.0000,0.0000,2,0,0,0,0,1,0,0,0,0
zc,TA302,2012-06-18 09:11:04.760,7414.0000,42,0,0.0000,0.0000,0,0,多换,B,7300.0000,0.0000,0.0000,0.0000,0.0000,7322.0000,0.0000,0.0000,0.0000,0.0000,2,0,0,0,0,1,0,0,0,0
zc,TA302,2012-06-18 09:11:06.027,7414.0000,42,0,0.0000,0.0000,0,0,多换,B,7300.0000,0.0000,0.0000,0.0000,0.0000,7322.0000,0.0000,0.0000,0.0000,0.0000,1,0,0,0,0,1,0,0,0,0
zc,TA302,2012-06-18 09:11:06.510,7414.0000,42,0,0.0000,0.0000,0,0,多换,B,7298.0000,0.0000,0.0000,0.0000,0.0000,7322.0000,0.0000,0.0000,0.0000,0.0000,2,0,0,0,0,1,0,0,0,0
zc,TA302,2012-06-18 09:11:07.260,7414.0000,42,0,0.0000,0.0000,0,0,多换,B,7298.0000,0.0000,0.0000,0.0000,0.0000,7320.0000,0.0000,0.0000,0.0000,0.0000,2,0,0,0,0,1,0,0,0,0
zc,TA302,2012-06-18 09:11:09.387,7414.0000,42,0,0.0000,0.0000,0,0,多换,B,7298.0000,0.0000,0.0000,0.0000,0.0000,7320.0000,0.0000,0.0000,0.0000,0.0000,2,0,0,0,0,1,0,0,0,0
zc,TA302,2012-06-18 09:11:10.227,7414.0000,42,0,0.0000,0.0000,0,0,多换,B,7296.0000,0.0000,0.0000,0.0000,0.0000,7320.0000,0.0000,0.0000,0.0000,0.0000,2,0,0,0,0,1,0,0,0,0
zc,TA302,2012-06-18 09:11:10.947,7414.0000,42,0,0.0000,0.0000,0,0,多换,B,7296.0000,0.0000,0.0000,0.0000,0.0000,7318.0000,0.0000,0.0000,0.0000,0.0000,2,0,0,0,0,1,0,0,0,0
zc,TA302,2012-06-18 09:11:14.197,7414.0000,42,0,0.0000,0.0000,0,0,多换,B,7294.0000,0.0000,0.0000,0.0000,0.0000,7316.0000,0.0000,0.0000,0.0000,0.0000,2,0,0,0,0,1,0,0,0,0
zc,TA302,2012-06-18 09:11:16.243,7414.0000,42,0,0.0000,0.0000,0,0,多换,B,7292.0000,0.0000,0.0000,0.0000,0.0000,7314.0000,0.0000,0.0000,0.0000,0.0000,2,0,0,0,0,1,0,0,0,0
zc,TA302,2012-06-18 09:11:16.977,7414.0000,42,0,0.0000,0.0000,0,0,多换,B,7296.0000,0.0000,0.0000,0.0000,0.0000,7318.0000,0.0000,0.0000,0.0000,0.0000,2,0,0,0,0,1,0,0,0,0
zc,TA302,2012-06-18 09:11:17.477,7414.0000,42,0,0.0000,0.0000,0,0,多换,B,7292.0000,0.0000,0.0000,0.0000,0.0000,7314.0000,0.0000,0.0000,0.0000,0.0000,2,0,0,0,0,1,0,0,0,0
zc,TA302,2012-06-18 09:11:17.963,7414.0000,42,0,0.0000,0.0000,0,0,多换,B,7292.0000,0.0000,0.0000,0.0000,0.0000,7318.0000,0.0000,0.0000,0.0000,0.0000,2,0,0,0,0,1,0,0,0,0
zc,TA302,2012-06-18 09:11:18.777,7414.0000,42,0,0.0000,0.0000,0,0,多换,B,7292.0000,0.0000,0.0000,0.0000,0.0000,7316.0000,0.0000,0.0000,0.0000,0.0000,2,0,0,0,0,1,0,0,0,0
zc,TA302,2012-06-18 09:11:19.213,7414.0000,42,0,0.0000,0.0000,0,0,多换,B,7294.0000,0.0000,0.0000,0.0000,0.0000,7316.0000,0.0000,0.0000,0.0000,0.0000,2,0,0,0,0,1,0,0,0,0
zc,TA302,2012-06-18 09:11:19.743,7414.0000,42,0,0.0000,0.0000,0,0,多换,B,7292.0000,0.0000,0.0000,0.0000,0.0000,7316.0000,0.0000,0.0000,0.0000,0.0000,1,0,0,0,0,1,0,0,0,0
zc,TA302,2012-06-18 09:11:20.463,7414.0000,42,0,0.0000,0.0000,0,0,多换,B,7290.0000,0.0000,0.0000,0.0000,0.0000,7316.0000,0.0000,0.0000,0.0000,0.0000,2,0,0,0,0,1,0,0,0,0
zc,TA302,2012-06-18 09:11:21.790,7414.0000,42,0,0.0000,0.0000,0,0,多换,B,7292.0000,0.0000,0.0000,0.0000,0.0000,7316.0000,0.0000,0.0000,0.0000,0.0000,2,0,0,0,0,1,0,0,0,0
zc,TA302,2012-06-18 09:11:22.227,7414.0000,42,0,0.0000,0.0000,0,0,多换,B,7290.0000,0.0000,0.0000,0.0000,0.0000,7312.0000,0.0000,0.0000,0.0000,0.0000,2,0,0,0,0,1,0,0,0,0
zc,TA302,2012-06-18 09:11:22.977,7414.0000,42,0,0.0000,0.0000,0,0,多换,B,7288.0000,0.0000,0.0000,0.0000,0.0000,7310.0000,0.0000,0.0000,0.0000,0.0000,2,0,0,0,0,1,0,0,0,0
zc,TA302,2012-06-18 09:11:23.493,7414.0000,42,0,0.0000,0.0000,0,0,多换,B,7290.0000,0.0000,0.0000,0.0000,0.0000,7312.0000,0.0000,0.0000,0.0000,0.0000,2,0,0,0,0,1,0,0,0,0
zc,TA302,2012-06-18 09:11:27.463,7414.0000,42,0,0.0000,0.0000,0,0,多换,B,7292.0000,0.0000,0.0000,0.0000,0.0000,7316.0000,0.0000,0.0000,0.0000,0.0000,2,0,0,0,0,1,0,0,0,0
zc,TA302,2012-06-18 09:11:28.683,7414.0000,42,0,0.0000,0.0000,0,0,多换,B,7290.0000,0.0000,0.0000,0.0000,0.0000,7312.0000,0.0000,0.0000,0.0000,0.0000,2,0,0,0,0,1,0,0,0,0
zc,TA302,2012-06-18 09:11:29.227,7414.0000,42,0,0.0000,0.0000,0,0,多换,B,7294.0000,0.0000,0.0000,0.0000,0.0000,7316.0000,0.0000,0.0000,0.0000,0.0000,2,0,0,0,0,1,0,0,0,0
zc,TA302,2012-06-18 09:11:29.963,7414.0000,42,0,0.0000,0.0000,0,0,多换,B,7292.0000,0.0000,0.0000,0.0000,0.0000,7316.0000,0.0000,0.0000,0.0000,0.0000,2,0,0,0,0,1,0,0,0,0
zc,TA302,2012-06-18 09:11:30.463,7414.0000,42,0,0.0000,0.0000,0,0,多换,B,7290.0000,0.0000,0.0000,0.0000,0.0000,7312.0000,0.0000,0.0000,0.0000,0.0000,2,0,0,0,0,1,0,0,0,0
zc,TA302,2012-06-18 09:11:35.213,7414.0000,42,0,0.0000,0.0000,0,0,多换,B,7290.0000,0.0000,0.0000,0.0000,0.0000,7312.0000,0.0000,0.0000,0.0000,0.0000,1,0,0,0,0,1,0,0,0,0
zc,TA302,2012-06-18 09:11:36.463,7414.0000,42,0,0.0000,0.0000,0,0,多换,B,7290.0000,0.0000,0.0000,0.0000,0.0000,7312.0000,0.0000,0.0000,0.0000,0.0000,2,0,0,0,0,1,0,0,0,0
zc,TA302,2012-06-18 09:11:52.183,7414.0000,42,0,0.0000,0.0000,0,0,多换,B,7290.0000,0.0000,0.0000,0.0000,0.0000,7316.0000,0.0000,0.0000,0.0000,0.0000,2,0,0,0,0,1,0,0,0,0
zc,TA302,2012-06-18 09:11:52.933,7414.0000,42,0,0.0000,0.0000,0,0,多换,B,7292.0000,0.0000,0.0000,0.0000,0.0000,7316.0000,0.0000,0.0000,0.0000,0.0000,2,0,0,0,0,1,0,0,0,0
zc,TA302,2012-06-18 09:11:57.447,7414.0000,42,0,0.0000,0.0000,0,0,多换,B,7294.0000,0.0000,0.0000,0.0000,0.0000,7316.0000,0.0000,0.0000,0.0000,0.0000,2,0,0,0,0,1,0,0,0,0
zc,TA302,2012-06-18 09:11:59.227,7414.0000,42,0,0.0000,0.0000,0,0,多换,B,7296.0000,0.0000,0.0000,0.0000,0.0000,7318.0000,0.0000,0.0000,0.0000,0.0000,2,0,0,0,0,1,0,0,0,0
zc,TA302,2012-06-18 09:12:00.433,7414.0000,42,0,0.0000,0.0000,0,0,多换,B,7294.0000,0.0000,0.0000,0.0000,0.0000,7318.0000,0.0000,0.0000,0.0000,0.0000,2,0,0,0,0,1,0,0,0,0
zc,TA302,2012-06-18 09:12:00.947,7414.0000,42,0,0.0000,0.0000,0,0,多换,B,7296.0000,0.0000,0.0000,0.0000,0.0000,7318.0000,0.0000,0.0000,0.0000,0.0000,2,0,0,0,0,1,0,0,0,0
zc,TA302,2012-06-18 09:12:02.243,7414.0000,42,0,0.0000,0.0000,0,0,多换,B,7294.0000,0.0000,0.0000,0.0000,0.0000,7318.0000,0.0000,0.0000,0.0000,0.0000,2,0,0,0,0,1,0,0,0,0
zc,TA302,2012-06-18 09:12:02.727,7414.0000,42,0,0.0000,0.0000,0,0,多换,B,7296.0000,0.0000,0.0000,0.0000,0.0000,7318.0000,0.0000,0.0000,0.0000,0.0000,2,0,0,0,0,1,0,0,0,0
zc,TA302,2012-06-18 09:12:03.493,7414.0000,42,0,0.0000,0.0000,0,0,多换,B,7294.0000,0.0000,0.0000,0.0000,0.0000,7316.0000,0.0000,0.0000,0.0000,0.0000,2,0,0,0,0,1,0,0,0,0
zc,TA302,2012-06-18 09:12:05.477,7414.0000,42,0,0.0000,0.0000,0,0,多换,B,7292.0000,0.0000,0.0000,0.0000,0.0000,7316.0000,0.0000,0.0000,0.0000,0.0000,2,0,0,0,0,1,0,0,0,0
zc,TA302,2012-06-18 09:12:05.963,7414.0000,42,0,0.0000,0.0000,0,0,多换,B,7292.0000,0.0000,0.0000,0.0000,0.0000,7314.0000,0.0000,0.0000,0.0000,0.0000,2,0,0,0,0,1,0,0,0,0
zc,TA302,2012-06-18 09:12:09.417,7414.0000,42,0,0.0000,0.0000,0,0,多换,B,7292.0000,0.0000,0.0000,0.0000,0.0000,7314.0000,0.0000,0.0000,0.0000,0.0000,2,0,0,0,0,1,0,0,0,0
zc,TA302,2012-06-18 09:12:13.183,7414.0000,42,0,0.0000,0.0000,0,0,多换,B,7294.0000,0.0000,0.0000,0.0000,0.0000,7316.0000,0.0000,0.0000,0.0000,0.0000,1,0,0,0,0,1,0,0,0,0
zc,TA302,2012-06-18 09:12:13.947,7414.0000,42,0,0.0000,0.0000,0,0,多换,B,7294.0000,0.0000,0.0000,0.0000,0.0000,7316.0000,0.0000,0.0000,0.0000,0.0000,2,0,0,0,0,1,0,0,0,0
zc,TA302,2012-06-18 09:12:16.933,7414.0000,42,0,0.0000,0.0000,0,0,多换,B,7296.0000,0.0000,0.0000,0.0000,0.0000,7318.0000,0.0000,0.0000,0.0000,0.0000,2,0,0,0,0,1,0,0,0,0
zc,TA302,2012-06-18 09:12:19.977,7414.0000,42,0,0.0000,0.0000,0,0,多换,B,7296.0000,0.0000,0.0000,0.0000,0.0000,7320.0000,0.0000,0.0000,0.0000,0.0000,2,0,0,0,0,1,0,0,0,0
zc,TA302,2012-06-18 09:12:21.493,7414.0000,42,0,0.0000,0.0000,0,0,多换,B,7298.0000,0.0000,0.0000,0.0000,0.0000,7320.0000,0.0000,0.0000,0.0000,0.0000,2,0,0,0,0,1,0,0,0,0
zc,TA302,2012-06-18 09:12:27.197,7414.0000,42,0,0.0000,0.0000,0,0,多换,B,7296.0000,0.0000,0.0000,0.0000,0.0000,7320.0000,0.0000,0.0000,0.0000,0.0000,2,0,0,0,0,1,0,0,0,0
zc,TA302,2012-06-18 09:12:27.697,7414.0000,42,0,0.0000,0.0000,0,0,多换,B,7296.0000,0.0000,0.0000,0.0000,0.0000,7322.0000,0.0000,0.0000,0.0000,0.0000,2,0,0,0,0,1,0,0,0,0
zc,TA302,2012-06-18 09:12:28.977,7414.0000,42,0,0.0000,0.0000,0,0,多换,B,7296.0000,0.0000,0.0000,0.0000,0.0000,7318.0000,0.0000,0.0000,0.0000,0.0000,2,0,0,0,0,1,0,0,0,0
zc,TA302,2012-06-18 09:12:29.447,7414.0000,42,0,0.0000,0.0000,0,0,多换,B,7300.0000,0.0000,0.0000,0.0000,0.0000,7322.0000,0.0000,0.0000,0.0000,0.0000,2,0,0,0,0,1,0,0,0,0
zc,TA302,2012-06-18 09:12:30.243,7414.0000,42,0,0.0000,0.0000,0,0,多换,B,7296.0000,0.0000,0.0000,0.0000,0.0000,7320.0000,0.0000,0.0000,0.0000,0.0000,2,0,0,0,0,1,0,0,0,0
zc,TA302,2012-06-18 09:12:30.760,7414.0000,42,0,0.0000,0.0000,0,0,多换,B,7298.0000,0.0000,0.0000,0.0000,0.0000,7320.0000,0.0000,0.0000,0.0000,0.0000,2,0,0,0,0,1,0,0,0,0
zc,TA302,2012-06-18 09:12:35.743,7414.0000,42,0,0.0000,0.0000,0,0,多换,B,7296.0000,0.0000,0.0000,0.0000,0.0000,7322.0000,0.0000,0.0000,0.0000,0.0000,2,0,0,0,0,1,0,0,0,0
zc,TA302,2012-06-18 09:12:35.993,7414.0000,42,0,0.0000,0.0000,0,0,多换,B,7296.0000,0.0000,0.0000,0.0000,0.0000,7318.0000,0.0000,0.0000,0.0000,0.0000,2,0,0,0,0,1,0,0,0,0
zc,TA302,2012-06-18 09:12:36.727,7414.0000,42,0,0.0000,0.0000,0,0,多换,B,7300.0000,0.0000,0.0000,0.0000,0.0000,7322.0000,0.0000,0.0000,0.0000,0.0000,2,0,0,0,0,1,0,0,0,0
zc,TA302,2012-06-18 09:12:38.197,7414.0000,42,0,0.0000,0.0000,0,0,多换,B,7302.0000,0.0000,0.0000,0.0000,0.0000,7324.0000,0.0000,0.0000,0.0000,0.0000,2,0,0,0,0,1,0,0,0,0
zc,TA302,2012-06-18 09:12:42.993,7414.0000,42,0,0.0000,0.0000,0,0,多换,B,7300.0000,0.0000,0.0000,0.0000,0.0000,7322.0000,0.0000,0.0000,0.0000,0.0000,2,0,0,0,0,1,0,0,0,0
zc,TA302,2012-06-18 09:12:46.463,7414.0000,42,0,0.0000,0.0000,0,0,多换,B,7302.0000,0.0000,0.0000,0.0000,0.0000,7324.0000,0.0000,0.0000,0.0000,0.0000,2,0,0,0,0,1,0,0,0,0
zc,TA302,2012-06-18 09:12:49.683,7414.0000,42,0,0.0000,0.0000,0,0,多换,B,7300.0000,0.0000,0.0000,0.0000,0.0000,7322.0000,0.0000,0.0000,0.0000,0.0000,2,0,0,0,0,1,0,0,0,0
zc,TA302,2012-06-18 09:13:01.977,7414.0000,42,0,0.0000,0.0000,0,0,多换,B,7300.0000,0.0000,0.0000,0.0000,0.0000,7324.0000,0.0000,0.0000,0.0000,0.0000,2,0,0,0,0,1,0,0,0,0
zc,TA302,2012-06-18 09:13:04.493,7414.0000,42,0,0.0000,0.0000,0,0,多换,B,7300.0000,0.0000,0.0000,0.0000,0.0000,7322.0000,0.0000,0.0000,0.0000,0.0000,2,0,0,0,0,1,0,0,0,0
zc,TA302,2012-06-18 09:13:07.917,7414.0000,42,0,0.0000,0.0000,0,0,多换,B,7300.0000,0.0000,0.0000,0.0000,0.0000,7324.0000,0.0000,0.0000,0.0000,0.0000,2,0,0,0,0,1,0,0,0,0
zc,TA302,2012-06-18 09:13:08.447,7414.0000,42,0,0.0000,0.0000,0,0,多换,B,7302.0000,0.0000,0.0000,0.0000,0.0000,7324.0000,0.0000,0.0000,0.0000,0.0000,2,0,0,0,0,1,0,0,0,0
zc,TA302,2012-06-18 09:13:09.387,7414.0000,42,0,0.0000,0.0000,0,0,多换,B,7302.0000,0.0000,0.0000,0.0000,0.0000,7324.0000,0.0000,0.0000,0.0000,0.0000,2,0,0,0,0,1,0,0,0,0
zc,TA302,2012-06-18 09:13:22.977,7414.0000,42,0,0.0000,0.0000,0,0,多换,B,7304.0000,0.0000,0.0000,0.0000,0.0000,7326.0000,0.0000,0.0000,0.0000,0.0000,2,0,0,0,0,1,0,0,0,0
zc,TA302,2012-06-18 09:13:25.493,7414.0000,42,0,0.0000,0.0000,0,0,多换,B,7302.0000,0.0000,0.0000,0.0000,0.0000,7326.0000,0.0000,0.0000,0.0000,0.0000,2,0,0,0,0,1,0,0,0,0
zc,TA302,2012-06-18 09:13:26.697,7414.0000,42,0,0.0000,0.0000,0,0,多换,B,7302.0000,0.0000,0.0000,0.0000,0.0000,7324.0000,0.0000,0.0000,0.0000,0.0000,2,0,0,0,0,1,0,0,0,0
zc,TA302,2012-06-18 09:13:27.213,7414.0000,42,0,0.0000,0.0000,0,0,多换,B,7304.0000,0.0000,0.0000,0.0000,0.0000,7326.0000,0.0000,0.0000,0.0000,0.0000,2,0,0,0,0,1,0,0,0,0
zc,TA302,2012-06-18 09:13:29.477,7414.0000,42,0,0.0000,0.0000,0,0,多换,B,7302.0000,0.0000,0.0000,0.0000,0.0000,7324.0000,0.0000,0.0000,0.0000,0.0000,2,0,0,0,0,1,0,0,0,0
zc,TA302,2012-06-18 09:13:30.227,7414.0000,42,0,0.0000,0.0000,0,0,多换,B,7304.0000,0.0000,0.0000,0.0000,0.0000,7326.0000,0.0000,0.0000,0.0000,0.0000,2,0,0,0,0,1,0,0,0,0
zc,TA302,2012-06-18 09:13:34.197,7414.0000,42,0,0.0000,0.0000,0,0,多换,B,7306.0000,0.0000,0.0000,0.0000,0.0000,7328.0000,0.0000,0.0000,0.0000,0.0000,2,0,0,0,0,1,0,0,0,0
zc,TA302,2012-06-18 09:13:35.977,7414.0000,42,0,0.0000,0.0000,0,0,多换,B,7308.0000,0.0000,0.0000,0.0000,0.0000,7330.0000,0.0000,0.0000,0.0000,0.0000,2,0,0,0,0,1,0,0,0,0
zc,TA302,2012-06-18 09:13:39.993,7414.0000,42,0,0.0000,0.0000,0,0,多换,B,7306.0000,0.0000,0.0000,0.0000,0.0000,7328.0000,0.0000,0.0000,0.0000,0.0000,2,0,0,0,0,1,0,0,0,0
zc,TA302,2012-06-18 09:13:42.447,7414.0000,42,0,0.0000,0.0000,0,0,多换,B,7310.0000,0.0000,0.0000,0.0000,0.0000,7332.0000,0.0000,0.0000,0.0000,0.0000,2,0,0,0,0,1,0,0,0,0
zc,TA302,2012-06-18 09:13:48.183,7414.0000,42,0,0.0000,0.0000,0,0,多换,B,7308.0000,0.0000,0.0000,0.0000,0.0000,7330.0000,0.0000,0.0000,0.0000,0.0000,2,0,0,0,0,1,0,0,0,0
zc,TA302,2012-06-18 09:13:54.947,7414.0000,42,0,0.0000,0.0000,0,0,多换,B,7308.0000,0.0000,0.0000,0.0000,0.0000,7332.0000,0.0000,0.0000,0.0000,0.0000,2,0,0,0,0,1,0,0,0,0
zc,TA302,2012-06-18 09:13:56.167,7414.0000,42,0,0.0000,0.0000,0,0,多换,B,7310.0000,0.0000,0.0000,0.0000,0.0000,7332.0000,0.0000,0.0000,0.0000,0.0000,2,0,0,0,0,1,0,0,0,0
zc,TA302,2012-06-18 09:14:00.977,7414.0000,42,0,0.0000,0.0000,0,0,多换,B,7310.0000,0.0000,0.0000,0.0000,0.0000,7332.0000,0.0000,0.0000,0.0000,0.0000,1,0,0,0,0,1,0,0,0,0
zc,TA302,2012-06-18 09:14:01.433,7414.0000,42,0,0.0000,0.0000,0,0,多换,B,7310.0000,0.0000,0.0000,0.0000,0.0000,7332.0000,0.0000,0.0000,0.0000,0.0000,2,0,0,0,0,1,0,0,0,0
zc,TA302,2012-06-18 09:14:02.227,7414.0000,42,0,0.0000,0.0000,0,0,多换,B,7308.0000,0.0000,0.0000,0.0000,0.0000,7330.0000,0.0000,0.0000,0.0000,0.0000,2,0,0,0,0,1,0,0,0,0
zc,TA302,2012-06-18 09:14:02.477,7414.0000,42,0,0.0000,0.0000,0,0,多换,B,7308.0000,0.0000,0.0000,0.0000,0.0000,7332.0000,0.0000,0.0000,0.0000,0.0000,2,0,0,0,0,1,0,0,0,0
zc,TA302,2012-06-18 09:14:05.933,7414.0000,42,0,0.0000,0.0000,0,0,多换,B,7308.0000,0.0000,0.0000,0.0000,0.0000,7330.0000,0.0000,0.0000,0.0000,0.0000,2,0,0,0,0,1,0,0,0,0
zc,TA302,2012-06-18 09:14:09.387,7414.0000,42,0,0.0000,0.0000,0,0,多换,B,7308.0000,0.0000,0.0000,0.0000,0.0000,7330.0000,0.0000,0.0000,0.0000,0.0000,2,0,0,0,0,1,0,0,0,0
zc,TA302,2012-06-18 09:14:15.197,7414.0000,42,0,0.0000,0.0000,0,0,多换,B,7306.0000,0.0000,0.0000,0.0000,0.0000,7328.0000,0.0000,0.0000,0.0000,0.0000,2,0,0,0,0,1,0,0,0,0
zc,TA302,2012-06-18 09:14:24.447,7414.0000,42,0,0.0000,0.0000,0,0,多换,B,7304.0000,0.0000,0.0000,0.0000,0.0000,7328.0000,0.0000,0.0000,0.0000,0.0000,2,0,0,0,0,1,0,0,0,0
zc,TA302,2012-06-18 09:14:24.947,7414.0000,42,0,0.0000,0.0000,0,0,多换,B,7304.0000,0.0000,0.0000,0.0000,0.0000,7326.0000,0.0000,0.0000,0.0000,0.0000,2,0,0,0,0,1,0,0,0,0
zc,TA302,2012-06-18 09:14:25.963,7414.0000,42,0,0.0000,0.0000,0,0,多换,B,7306.0000,0.0000,0.0000,0.0000,0.0000,7328.0000,0.0000,0.0000,0.0000,0.0000,2,0,0,0,0,1,0,0,0,0
zc,TA302,2012-06-18 09:14:29.947,7414.0000,42,0,0.0000,0.0000,0,0,多换,B,7304.0000,0.0000,0.0000,0.0000,0.0000,7326.0000,0.0000,0.0000,0.0000,0.0000,2,0,0,0,0,1,0,0,0,0
zc,TA302,2012-06-18 09:14:33.447,7414.0000,42,0,0.0000,0.0000,0,0,多换,B,7304.0000,0.0000,0.0000,0.0000,0.0000,7326.0000,0.0000,0.0000,0.0000,0.0000,1,0,0,0,0,1,0,0,0,0
zc,TA302,2012-06-18 09:14:35.167,7414.0000,42,0,0.0000,0.0000,0,0,多换,B,7304.0000,0.0000,0.0000,0.0000,0.0000,7326.0000,0.0000,0.0000,0.0000,0.0000,2,0,0,0,0,1,0,0,0,0
zc,TA302,2012-06-18 09:14:36.463,7414.0000,42,0,0.0000,0.0000,0,0,多换,B,7302.0000,0.0000,0.0000,0.0000,0.0000,7324.0000,0.0000,0.0000,0.0000,0.0000,2,0,0,0,0,1,0,0,0,0
zc,TA302,2012-06-18 09:14:37.463,7414.0000,42,0,0.0000,0.0000,0,0,多换,B,7304.0000,0.0000,0.0000,0.0000,0.0000,7326.0000,0.0000,0.0000,0.0000,0.0000,2,0,0,0,0,1,0,0,0,0
zc,TA302,2012-06-18 09:14:37.977,7414.0000,42,0,0.0000,0.0000,0,0,多换,B,7302.0000,0.0000,0.0000,0.0000,0.0000,7326.0000,0.0000,0.0000,0.0000,0.0000,2,0,0,0,0,1,0,0,0,0
zc,TA302,2012-06-18 09:14:41.197,7414.0000,42,0,0.0000,0.0000,0,0,多换,B,7302.0000,0.0000,0.0000,0.0000,0.0000,7324.0000,0.0000,0.0000,0.0000,0.0000,2,0,0,0,0,1,0,0,0,0
zc,TA302,2012-06-18 09:15:06.227,7414.0000,42,0,0.0000,0.0000,0,0,多换,B,7302.0000,0.0000,0.0000,0.0000,0.0000,7326.0000,0.0000,0.0000,0.0000,0.0000,2,0,0,0,0,1,0,0,0,0
zc,TA302,2012-06-18 09:15:08.447,7414.0000,42,0,0.0000,0.0000,0,0,多换,B,7302.0000,0.0000,0.0000,0.0000,0.0000,7324.0000,0.0000,0.0000,0.0000,0.0000,2,0,0,0,0,1,0,0,0,0
zc,TA302,2012-06-18 09:15:11.463,7414.0000,42,0,0.0000,0.0000,0,0,多换,B,7304.0000,0.0000,0.0000,0.0000,0.0000,7326.0000,0.0000,0.0000,0.0000,0.0000,1,0,0,0,0,1,0,0,0,0
zc,TA302,2012-06-18 09:15:11.947,7414.0000,42,0,0.0000,0.0000,0,0,多换,B,7304.0000,0.0000,0.0000,0.0000,0.0000,7326.0000,0.0000,0.0000,0.0000,0.0000,2,0,0,0,0,1,0,0,0,0
zc,TA302,2012-06-18 09:15:26.197,7414.0000,42,0,0.0000,0.0000,0,0,多换,B,7304.0000,0.0000,0.0000,0.0000,0.0000,7328.0000,0.0000,0.0000,0.0000,0.0000,2,0,0,0,0,1,0,0,0,0
zc,TA302,2012-06-18 09:15:27.697,7414.0000,42,0,0.0000,0.0000,0,0,多换,B,7306.0000,0.0000,0.0000,0.0000,0.0000,7328.0000,0.0000,0.0000,0.0000,0.0000,1,0,0,0,0,1,0,0,0,0
zc,TA302,2012-06-18 09:15:27.963,7414.0000,42,0,0.0000,0.0000,0,0,多换,B,7304.0000,0.0000,0.0000,0.0000,0.0000,7328.0000,0.0000,0.0000,0.0000,0.0000,2,0,0,0,0,1,0,0,0,0
zc,TA302,2012-06-18 09:15:30.183,7414.0000,42,0,0.0000,0.0000,0,0,多换,B,7306.0000,0.0000,0.0000,0.0000,0.0000,7328.0000,0.0000,0.0000,0.0000,0.0000,2,0,0,0,0,1,0,0,0,0
zc,TA302,2012-06-18 09:15:32.713,7414.0000,42,0,0.0000,0.0000,0,0,多换,B,7304.0000,0.0000,0.0000,0.0000,0.0000,7328.0000,0.0000,0.0000,0.0000,0.0000,2,0,0,0,0,1,0,0,0,0
zc,TA302,2012-06-18 09:15:38.183,7414.0000,42,0,0.0000,0.0000,0,0,多换,B,7304.0000,0.0000,0.0000,0.0000,0.0000,7326.0000,0.0000,0.0000,0.0000,0.0000,2,0,0,0,0,1,0,0,0,0
zc,TA302,2012-06-18 09:15:40.947,7414.0000,42,0,0.0000,0.0000,0,0,多换,B,7306.0000,0.0000,0.0000,0.0000,0.0000,7328.0000,0.0000,0.0000,0.0000,0.0000,2,0,0,0,0,1,0,0,0,0
zc,TA302,2012-06-18 09:15:43.433,7414.0000,42,0,0.0000,0.0000,0,0,多换,B,7304.0000,0.0000,0.0000,0.0000,0.0000,7328.0000,0.0000,0.0000,0.0000,0.0000,2,0,0,0,0,1,0,0,0,0
zc,TA302,2012-06-18 09:15:45.697,7414.0000,42,0,0.0000,0.0000,0,0,多换,B,7304.0000,0.0000,0.0000,0.0000,0.0000,7326.0000,0.0000,0.0000,0.0000,0.0000,2,0,0,0,0,1,0,0,0,0
zc,TA302,2012-06-18 09:15:54.040,7414.0000,42,0,0.0000,0.0000,0,0,多换,B,7302.0000,0.0000,0.0000,0.0000,0.0000,7324.0000,0.0000,0.0000,0.0000,0.0000,2,0,0,0,0,1,0,0,0,0
zc,TA302,2012-06-18 09:15:55.477,7414.0000,42,0,0.0000,0.0000,0,0,多换,B,7302.0000,0.0000,0.0000,0.0000,0.0000,7326.0000,0.0000,0.0000,0.0000,0.0000,2,0,0,0,0,1,0,0,0,0
zc,TA302,2012-06-18 09:15:56.167,7414.0000,42,0,0.0000,0.0000,0,0,多换,B,7302.0000,0.0000,0.0000,0.0000,0.0000,7324.0000,0.0000,0.0000,0.0000,0.0000,2,0,0,0,0,1,0,0,0,0
zc,TA302,2012-06-18 09:15:56.527,7414.0000,42,0,0.0000,0.0000,0,0,多换,B,7304.0000,0.0000,0.0000,0.0000,0.0000,7326.0000,0.0000,0.0000,0.0000,0.0000,2,0,0,0,0,1,0,0,0,0
zc,TA302,2012-06-18 09:15:59.713,7414.0000,42,0,0.0000,0.0000,0,0,多换,B,7302.0000,0.0000,0.0000,0.0000,0.0000,7324.0000,0.0000,0.0000,0.0000,0.0000,2,0,0,0,0,1,0,0,0,0
zc,TA302,2012-06-18 09:16:23.963,7414.0000,42,0,0.0000,0.0000,0,0,多换,B,7300.0000,0.0000,0.0000,0.0000,0.0000,7322.0000,0.0000,0.0000,0.0000,0.0000,2,0,0,0,0,1,0,0,0,0
zc,TA302,2012-06-18 09:16:26.697,7414.0000,42,0,0.0000,0.0000,0,0,多换,B,7300.0000,0.0000,0.0000,0.0000,0.0000,7324.0000,0.0000,0.0000,0.0000,0.0000,2,0,0,0,0,1,0,0,0,0
zc,TA302,2012-06-18 09:16:27.947,7414.0000,42,0,0.0000,0.0000,0,0,多换,B,7300.0000,0.0000,0.0000,0.0000,0.0000,7322.0000,0.0000,0.0000,0.0000,0.0000,2,0,0,0,0,1,0,0,0,0
zc,TA302,2012-06-18 09:16:46.477,7414.0000,42,0,0.0000,0.0000,0,0,多换,B,7298.0000,0.0000,0.0000,0.0000,0.0000,7320.0000,0.0000,0.0000,0.0000,0.0000,2,0,0,0,0,1,0,0,0,0
zc,TA302,2012-06-18 09:17:04.477,7414.0000,42,0,0.0000,0.0000,0,0,多换,B,7296.0000,0.0000,0.0000,0.0000,0.0000,7318.0000,0.0000,0.0000,0.0000,0.0000,2,0,0,0,0,1,0,0,0,0
zc,TA302,2012-06-18 09:17:04.963,7414.0000,42,0,0.0000,0.0000,0,0,多换,B,7296.0000,0.0000,0.0000,0.0000,0.0000,7320.0000,0.0000,0.0000,0.0000,0.0000,2,0,0,0,0,1,0,0,0,0
zc,TA302,2012-06-18 09:17:06.713,7414.0000,42,0,0.0000,0.0000,0,0,多换,B,7296.0000,0.0000,0.0000,0.0000,0.0000,7318.0000,0.0000,0.0000,0.0000,0.0000,2,0,0,0,0,1,0,0,0,0
zc,TA302,2012-06-18 09:17:07.683,7414.0000,42,0,0.0000,0.0000,0,0,多换,B,7296.0000,0.0000,0.0000,0.0000,0.0000,7320.0000,0.0000,0.0000,0.0000,0.0000,2,0,0,0,0,1,0,0,0,0
zc,TA302,2012-06-18 09:17:08.977,7414.0000,42,0,0.0000,0.0000,0,0,多换,B,7298.0000,0.0000,0.0000,0.0000,0.0000,7320.0000,0.0000,0.0000,0.0000,0.0000,2,0,0,0,0,1,0,0,0,0
zc,TA302,2012-06-18 09:17:19.447,7414.0000,42,0,0.0000,0.0000,0,0,多换,B,7296.0000,0.0000,0.0000,0.0000,0.0000,7318.0000,0.0000,0.0000,0.0000,0.0000,2,0,0,0,0,1,0,0,0,0
zc,TA302,2012-06-18 09:17:23.433,7414.0000,42,0,0.0000,0.0000,0,0,多换,B,7296.0000,0.0000,0.0000,0.0000,0.0000,7320.0000,0.0000,0.0000,0.0000,0.0000,2,0,0,0,0,1,0,0,0,0
zc,TA302,2012-06-18 09:17:24.260,7414.0000,42,0,0.0000,0.0000,0,0,多换,B,7298.0000,0.0000,0.0000,0.0000,0.0000,7320.0000,0.0000,0.0000,0.0000,0.0000,2,0,0,0,0,1,0,0,0,0
zc,TA302,2012-06-18 09:17:33.667,7414.0000,42,0,0.0000,0.0000,0,0,多换,B,7298.0000,0.0000,0.0000,0.0000,0.0000,7320.0000,0.0000,0.0000,0.0000,0.0000,1,0,0,0,0,1,0,0,0,0
zc,TA302,2012-06-18 09:17:34.947,7414.0000,42,0,0.0000,0.0000,0,0,多换,B,7294.0000,0.0000,0.0000,0.0000,0.0000,7316.0000,0.0000,0.0000,0.0000,0.0000,2,0,0,0,0,1,0,0,0,0
zc,TA302,2012-06-18 09:17:46.713,7414.0000,42,0,0.0000,0.0000,0,0,多换,B,7294.0000,0.0000,0.0000,0.0000,0.0000,7320.0000,0.0000,0.0000,0.0000,0.0000,2,0,0,0,0,1,0,0,0,0
zc,TA302,2012-06-18 09:17:48.183,7414.0000,42,0,0.0000,0.0000,0,0,多换,B,7296.0000,0.0000,0.0000,0.0000,0.0000,7320.0000,0.0000,0.0000,0.0000,0.0000,1,0,0,0,0,1,0,0,0,0
zc,TA302,2012-06-18 09:17:48.977,7414.0000,42,0,0.0000,0.0000,0,0,多换,B,7296.0000,0.0000,0.0000,0.0000,0.0000,7320.0000,0.0000,0.0000,0.0000,0.0000,2,0,0,0,0,1,0,0,0,0
zc,TA302,2012-06-18 09:17:50.683,7414.0000,42,0,0.0000,0.0000,0,0,多换,B,7296.0000,0.0000,0.0000,0.0000,0.0000,7320.0000,0.0000,0.0000,0.0000,0.0000,1,0,0,0,0,1,0,0,0,0
zc,TA302,2012-06-18 09:17:51.167,7414.0000,42,0,0.0000,0.0000,0,0,多换,B,7294.0000,0.0000,0.0000,0.0000,0.0000,7320.0000,0.0000,0.0000,0.0000,0.0000,2,0,0,0,0,1,0,0,0,0
zc,TA302,2012-06-18 09:17:51.713,7414.0000,42,0,0.0000,0.0000,0,0,多换,B,7296.0000,0.0000,0.0000,0.0000,0.0000,7320.0000,0.0000,0.0000,0.0000,0.0000,2,0,0,0,0,1,0,0,0,0
zc,TA302,2012-06-18 09:17:52.183,7414.0000,42,0,0.0000,0.0000,0,0,多换,B,7296.0000,0.0000,0.0000,0.0000,0.0000,7318.0000,0.0000,0.0000,0.0000,0.0000,2,0,0,0,0,1,0,0,0,0
zc,TA302,2012-06-18 09:17:53.977,7414.0000,42,0,0.0000,0.0000,0,0,多换,B,7294.0000,0.0000,0.0000,0.0000,0.0000,7318.0000,0.0000,0.0000,0.0000,0.0000,2,0,0,0,0,1,0,0,0,0
zc,TA302,2012-06-18 09:17:55.683,7414.0000,42,0,0.0000,0.0000,0,0,多换,B,7296.0000,0.0000,0.0000,0.0000,0.0000,7318.0000,0.0000,0.0000,0.0000,0.0000,2,0,0,0,0,1,0,0,0,0
zc,TA302,2012-06-18 09:17:58.463,7414.0000,42,0,0.0000,0.0000,0,0,多换,B,7298.0000,0.0000,0.0000,0.0000,0.0000,7320.0000,0.0000,0.0000,0.0000,0.0000,2,0,0,0,0,1,0,0,0,0
zc,TA302,2012-06-18 09:18:00.213,7414.0000,42,0,0.0000,0.0000,0,0,多换,B,7296.0000,0.0000,0.0000,0.0000,0.0000,7320.0000,0.0000,0.0000,0.0000,0.0000,2,0,0,0,0,1,0,0,0,0
zc,TA302,2012-06-18 09:18:00.697,7414.0000,42,0,0.0000,0.0000,0,0,多换,B,7296.0000,0.0000,0.0000,0.0000,0.0000,7318.0000,0.0000,0.0000,0.0000,0.0000,2,0,0,0,0,1,0,0,0,0
zc,TA302,2012-06-18 09:18:15.447,7414.0000,42,0,0.0000,0.0000,0,0,多换,B,7294.0000,0.0000,0.0000,0.0000,0.0000,7316.0000,0.0000,0.0000,0.0000,0.0000,2,0,0,0,0,1,0,0,0,0
zc,TA302,2012-06-18 09:18:26.683,7414.0000,42,0,0.0000,0.0000,0,0,多换,B,7296.0000,0.0000,0.0000,0.0000,0.0000,7320.0000,0.0000,0.0000,0.0000,0.0000,2,0,0,0,0,1,0,0,0,0
zc,TA302,2012-06-18 09:18:27.697,7414.0000,42,0,0.0000,0.0000,0,0,多换,B,7294.0000,0.0000,0.0000,0.0000,0.0000,7316.0000,0.0000,0.0000,0.0000,0.0000,2,0,0,0,0,1,0,0,0,0
zc,TA302,2012-06-18 09:18:46.433,7414.0000,42,0,0.0000,0.0000,0,0,多换,B,7296.0000,0.0000,0.0000,0.0000,0.0000,7318.0000,0.0000,0.0000,0.0000,0.0000,2,0,0,0,0,1,0,0,0,0
zc,TA302,2012-06-18 09:18:49.727,7414.0000,42,0,0.0000,0.0000,0,0,多换,B,7294.0000,0.0000,0.0000,0.0000,0.0000,7316.0000,0.0000,0.0000,0.0000,0.0000,2,0,0,0,0,1,0,0,0,0
zc,TA302,2012-06-18 09:18:57.213,7414.0000,42,0,0.0000,0.0000,0,0,多换,B,7296.0000,0.0000,0.0000,0.0000,0.0000,7318.0000,0.0000,0.0000,0.0000,0.0000,2,0,0,0,0,1,0,0,0,0
zc,TA302,2012-06-18 09:19:04.947,7414.0000,42,0,0.0000,0.0000,0,0,多换,B,7294.0000,0.0000,0.0000,0.0000,0.0000,7318.0000,0.0000,0.0000,0.0000,0.0000,2,0,0,0,0,1,0,0,0,0
zc,TA302,2012-06-18 09:19:07.900,7414.0000,42,0,0.0000,0.0000,0,0,多换,B,7294.0000,0.0000,0.0000,0.0000,0.0000,7316.0000,0.0000,0.0000,0.0000,0.0000,2,0,0,0,0,1,0,0,0,0
zc,TA302,2012-06-18 09:19:08.183,7414.0000,42,0,0.0000,0.0000,0,0,多换,B,7296.0000,0.0000,0.0000,0.0000,0.0000,7318.0000,0.0000,0.0000,0.0000,0.0000,2,0,0,0,0,1,0,0,0,0
zc,TA302,2012-06-18 09:19:09.387,7414.0000,42,0,0.0000,0.0000,0,0,多换,B,7296.0000,0.0000,0.0000,0.0000,0.0000,7318.0000,0.0000,0.0000,0.0000,0.0000,2,0,0,0,0,1,0,0,0,0
zc,TA302,2012-06-18 09:19:17.463,7414.0000,42,0,0.0000,0.0000,0,0,多换,B,7294.0000,0.0000,0.0000,0.0000,0.0000,7316.0000,0.0000,0.0000,0.0000,0.0000,2,0,0,0,0,1,0,0,0,0
zc,TA302,2012-06-18 09:20:15.183,7414.0000,42,0,0.0000,0.0000,0,0,多换,B,7292.0000,0.0000,0.0000,0.0000,0.0000,7314.0000,0.0000,0.0000,0.0000,0.0000,2,0,0,0,0,1,0,0,0,0
zc,TA302,2012-06-18 09:20:23.947,7414.0000,42,0,0.0000,0.0000,0,0,多换,B,7290.0000,0.0000,0.0000,0.0000,0.0000,7312.0000,0.0000,0.0000,0.0000,0.0000,2,0,0,0,0,1,0,0,0,0
zc,TA302,2012-06-18 09:20:31.477,7414.0000,42,0,0.0000,0.0000,0,0,多换,B,7292.0000,0.0000,0.0000,0.0000,0.0000,7314.0000,0.0000,0.0000,0.0000,0.0000,2,0,0,0,0,1,0,0,0,0
zc,TA302,2012-06-18 09:20:32.183,7414.0000,42,0,0.0000,0.0000,0,0,多换,B,7294.0000,0.0000,0.0000,0.0000,0.0000,7316.0000,0.0000,0.0000,0.0000,0.0000,2,0,0,0,0,1,0,0,0,0
zc,TA302,2012-06-18 09:20:33.683,7414.0000,42,0,0.0000,0.0000,0,0,多换,B,7292.0000,0.0000,0.0000,0.0000,0.0000,7316.0000,0.0000,0.0000,0.0000,0.0000,2,0,0,0,0,1,0,0,0,0
zc,TA302,2012-06-18 09:20:35.417,7414.0000,42,0,0.0000,0.0000,0,0,多换,B,7292.0000,0.0000,0.0000,0.0000,0.0000,7314.0000,0.0000,0.0000,0.0000,0.0000,2,0,0,0,0,1,0,0,0,0
zc,TA302,2012-06-18 09:20:39.433,7414.0000,42,0,0.0000,0.0000,0,0,多换,B,7294.0000,0.0000,0.0000,0.0000,0.0000,7316.0000,0.0000,0.0000,0.0000,0.0000,1,0,0,0,0,1,0,0,0,0
zc,TA302,2012-06-18 09:20:39.963,7414.0000,42,0,0.0000,0.0000,0,0,多换,B,7292.0000,0.0000,0.0000,0.0000,0.0000,7314.0000,0.0000,0.0000,0.0000,0.0000,2,0,0,0,0,1,0,0,0,0
zc,TA302,2012-06-18 09:20:44.963,7414.0000,42,0,0.0000,0.0000,0,0,多换,B,7294.0000,0.0000,0.0000,0.0000,0.0000,7316.0000,0.0000,0.0000,0.0000,0.0000,2,0,0,0,0,1,0,0,0,0
zc,TA302,2012-06-18 09:20:46.683,7414.0000,42,0,0.0000,0.0000,0,0,多换,B,7292.0000,0.0000,0.0000,0.0000,0.0000,7314.0000,0.0000,0.0000,0.0000,0.0000,2,0,0,0,0,1,0,0,0,0
zc,TA302,2012-06-18 09:21:09.387,7414.0000,42,0,0.0000,0.0000,0,0,多换,B,7292.0000,0.0000,0.0000,0.0000,0.0000,7314.0000,0.0000,0.0000,0.0000,0.0000,2,0,0,0,0,1,0,0,0,0
zc,TA302,2012-06-18 09:21:11.447,7414.0000,42,0,0.0000,0.0000,0,0,多换,B,7294.0000,0.0000,0.0000,0.0000,0.0000,7316.0000,0.0000,0.0000,0.0000,0.0000,2,0,0,0,0,1,0,0,0,0
zc,TA302,2012-06-18 09:21:13.447,7414.0000,42,0,0.0000,0.0000,0,0,多换,B,7294.0000,0.0000,0.0000,0.0000,0.0000,7316.0000,0.0000,0.0000,0.0000,0.0000,1,0,0,0,0,1,0,0,0,0
zc,TA302,2012-06-18 09:21:14.183,7414.0000,42,0,0.0000,0.0000,0,0,多换,B,7294.0000,0.0000,0.0000,0.0000,0.0000,7316.0000,0.0000,0.0000,0.0000,0.0000,2,0,0,0,0,1,0,0,0,0
zc,TA302,2012-06-18 09:21:33.697,7414.0000,42,0,0.0000,0.0000,0,0,多换,B,7296.0000,0.0000,0.0000,0.0000,0.0000,7318.0000,0.0000,0.0000,0.0000,0.0000,2,0,0,0,0,1,0,0,0,0
zc,TA302,2012-06-18 09:21:38.167,7414.0000,42,0,0.0000,0.0000,0,0,多换,B,7298.0000,0.0000,0.0000,0.0000,0.0000,7320.0000,0.0000,0.0000,0.0000,0.0000,2,0,0,0,0,1,0,0,0,0
zc,TA302,2012-06-18 09:21:41.933,7414.0000,42,0,0.0000,0.0000,0,0,多换,B,7298.0000,0.0000,0.0000,0.0000,0.0000,7322.0000,0.0000,0.0000,0.0000,0.0000,2,0,0,0,0,1,0,0,0,0
zc,TA302,2012-06-18 09:21:43.727,7414.0000,42,0,0.0000,0.0000,0,0,多换,B,7300.0000,0.0000,0.0000,0.0000,0.0000,7322.0000,0.0000,0.0000,0.0000,0.0000,1,0,0,0,0,1,0,0,0,0
zc,TA302,2012-06-18 09:21:44.433,7414.0000,42,0,0.0000,0.0000,0,0,多换,B,7300.0000,0.0000,0.0000,0.0000,0.0000,7322.0000,0.0000,0.0000,0.0000,0.0000,2,0,0,0,0,1,0,0,0,0
zc,TA302,2012-06-18 09:21:46.933,7414.0000,42,0,0.0000,0.0000,0,0,多换,B,7302.0000,0.0000,0.0000,0.0000,0.0000,7324.0000,0.0000,0.0000,0.0000,0.0000,2,0,0,0,0,1,0,0,0,0
zc,TA302,2012-06-18 09:21:49.667,7414.0000,42,0,0.0000,0.0000,0,0,多换,B,7302.0000,0.0000,0.0000,0.0000,0.0000,7326.0000,0.0000,0.0000,0.0000,0.0000,2,0,0,0,0,1,0,0,0,0
zc,TA302,2012-06-18 09:21:50.917,7414.0000,42,0,0.0000,0.0000,0,0,多换,B,7302.0000,0.0000,0.0000,0.0000,0.0000,7324.0000,0.0000,0.0000,0.0000,0.0000,2,0,0,0,0,1,0,0,0,0
zc,TA302,2012-06-18 09:21:52.433,7414.0000,42,0,0.0000,0.0000,0,0,多换,B,7304.0000,0.0000,0.0000,0.0000,0.0000,7326.0000,0.0000,0.0000,0.0000,0.0000,2,0,0,0,0,1,0,0,0,0
zc,TA302,2012-06-18 09:22:01.447,7414.0000,42,0,0.0000,0.0000,0,0,多换,B,7306.0000,0.0000,0.0000,0.0000,0.0000,7328.0000,0.0000,0.0000,0.0000,0.0000,2,0,0,0,0,1,0,0,0,0
zc,TA302,2012-06-18 09:22:10.183,7414.0000,42,0,0.0000,0.0000,0,0,多换,B,7308.0000,0.0000,0.0000,0.0000,0.0000,7330.0000,0.0000,0.0000,0.0000,0.0000,1,0,0,0,0,1,0,0,0,0
zc,TA302,2012-06-18 09:22:10.667,7414.0000,42,0,0.0000,0.0000,0,0,多换,B,7306.0000,0.0000,0.0000,0.0000,0.0000,7328.0000,0.0000,0.0000,0.0000,0.0000,2,0,0,0,0,1,0,0,0,0
zc,TA302,2012-06-18 09:22:16.150,7414.0000,42,0,0.0000,0.0000,0,0,多换,B,7304.0000,0.0000,0.0000,0.0000,0.0000,7326.0000,0.0000,0.0000,0.0000,0.0000,2,0,0,0,0,1,0,0,0,0
zc,TA302,2012-06-18 09:22:17.213,7414.0000,42,0,0.0000,0.0000,0,0,多换,B,7306.0000,0.0000,0.0000,0.0000,0.0000,7328.0000,0.0000,0.0000,0.0000,0.0000,2,0,0,0,0,1,0,0,0,0
zc,TA302,2012-06-18 09:22:19.667,7414.0000,42,0,0.0000,0.0000,0,0,多换,B,7304.0000,0.0000,0.0000,0.0000,0.0000,7326.0000,0.0000,0.0000,0.0000,0.0000,2,0,0,0,0,1,0,0,0,0
zc,TA302,2012-06-18 09:22:33.197,7414.0000,42,0,0.0000,0.0000,0,0,多换,B,7302.0000,0.0000,0.0000,0.0000,0.0000,7326.0000,0.0000,0.0000,0.0000,0.0000,2,0,0,0,0,1,0,0,0,0
zc,TA302,2012-06-18 09:22:34.477,7414.0000,42,0,0.0000,0.0000,0,0,多换,B,7302.0000,0.0000,0.0000,0.0000,0.0000,7324.0000,0.0000,0.0000,0.0000,0.0000,2,0,0,0,0,1,0,0,0,0
zc,TA302,2012-06-18 09:22:55.213,7414.0000,42,0,0.0000,0.0000,0,0,多换,B,7300.0000,0.0000,0.0000,0.0000,0.0000,7324.0000,0.0000,0.0000,0.0000,0.0000,2,0,0,0,0,1,0,0,0,0
zc,TA302,2012-06-18 09:22:56.963,7414.0000,42,0,0.0000,0.0000,0,0,多换,B,7300.0000,0.0000,0.0000,0.0000,0.0000,7322.0000,0.0000,0.0000,0.0000,0.0000,2,0,0,0,0,1,0,0,0,0
zc,TA302,2012-06-18 09:23:07.183,7414.0000,42,0,0.0000,0.0000,0,0,多换,B,7298.0000,0.0000,0.0000,0.0000,0.0000,7322.0000,0.0000,0.0000,0.0000,0.0000,2,0,0,0,0,1,0,0,0,0
zc,TA302,2012-06-18 09:23:07.400,7414.0000,42,0,0.0000,0.0000,0,0,多换,B,7298.0000,0.0000,0.0000,0.0000,0.0000,7320.0000,0.0000,0.0000,0.0000,0.0000,2,0,0,0,0,1,0,0,0,0
zc,TA302,2012-06-18 09:23:09.697,7414.0000,42,0,0.0000,0.0000,0,0,多换,B,7298.0000,0.0000,0.0000,0.0000,0.0000,7320.0000,0.0000,0.0000,0.0000,0.0000,2,0,0,0,0,1,0,0,0,0
zc,TA302,2012-06-18 09:23:13.713,7414.0000,42,0,0.0000,0.0000,0,0,多换,B,7298.0000,0.0000,0.0000,0.0000,0.0000,7320.0000,0.0000,0.0000,0.0000,0.0000,1,0,0,0,0,1,0,0,0,0
zc,TA302,2012-06-18 09:23:15.417,7414.0000,42,0,0.0000,0.0000,0,0,多换,B,7298.0000,0.0000,0.0000,0.0000,0.0000,7320.0000,0.0000,0.0000,0.0000,0.0000,2,0,0,0,0,1,0,0,0,0
zc,TA302,2012-06-18 09:23:20.213,7414.0000,42,0,0.0000,0.0000,0,0,多换,B,7298.0000,0.0000,0.0000,0.0000,0.0000,7322.0000,0.0000,0.0000,0.0000,0.0000,2,0,0,0,0,1,0,0,0,0
zc,TA302,2012-06-18 09:23:21.447,7414.0000,42,0,0.0000,0.0000,0,0,多换,B,7298.0000,0.0000,0.0000,0.0000,0.0000,7320.0000,0.0000,0.0000,0.0000,0.0000,2,0,0,0,0,1,0,0,0,0
zc,TA302,2012-06-18 09:23:28.697,7414.0000,42,0,0.0000,0.0000,0,0,多换,B,7296.0000,0.0000,0.0000,0.0000,0.0000,7318.0000,0.0000,0.0000,0.0000,0.0000,2,0,0,0,0,1,0,0,0,0
zc,TA302,2012-06-18 09:23:33.713,7414.0000,42,0,0.0000,0.0000,0,0,多换,B,7296.0000,0.0000,0.0000,0.0000,0.0000,7320.0000,0.0000,0.0000,0.0000,0.0000,2,0,0,0,0,1,0,0,0,0
zc,TA302,2012-06-18 09:23:34.697,7414.0000,42,0,0.0000,0.0000,0,0,多换,B,7296.0000,0.0000,0.0000,0.0000,0.0000,7318.0000,0.0000,0.0000,0.0000,0.0000,2,0,0,0,0,1,0,0,0,0
zc,TA302,2012-06-18 09:23:37.197,7414.0000,42,0,0.0000,0.0000,0,0,多换,B,7296.0000,0.0000,0.0000,0.0000,0.0000,7322.0000,0.0000,0.0000,0.0000,0.0000,2,0,0,0,0,1,0,0,0,0
zc,TA302,2012-06-18 09:23:38.727,7414.0000,42,0,0.0000,0.0000,0,0,多换,B,7296.0000,0.0000,0.0000,0.0000,0.0000,7318.0000,0.0000,0.0000,0.0000,0.0000,2,0,0,0,0,1,0,0,0,0
zc,TA302,2012-06-18 09:23:44.963,7414.0000,42,0,0.0000,0.0000,0,0,多换,B,7296.0000,0.0000,0.0000,0.0000,0.0000,7320.0000,0.0000,0.0000,0.0000,0.0000,2,0,0,0,0,1,0,0,0,0
zc,TA302,2012-06-18 09:23:46.400,7414.0000,42,0,0.0000,0.0000,0,0,多换,B,7298.0000,0.0000,0.0000,0.0000,0.0000,7320.0000,0.0000,0.0000,0.0000,0.0000,2,0,0,0,0,1,0,0,0,0
zc,TA302,2012-06-18 09:23:46.947,7414.0000,42,0,0.0000,0.0000,0,0,多换,B,7296.0000,0.0000,0.0000,0.0000,0.0000,7318.0000,0.0000,0.0000,0.0000,0.0000,2,0,0,0,0,1,0,0,0,0
zc,TA302,2012-06-18 09:23:48.650,7414.0000,42,0,0.0000,0.0000,0,0,多换,B,7296.0000,0.0000,0.0000,0.0000,0.0000,7320.0000,0.0000,0.0000,0.0000,0.0000,2,0,0,0,0,1,0,0,0,0
zc,TA302,2012-06-18 09:23:51.010,7414.0000,42,0,0.0000,0.0000,0,0,多换,B,7296.0000,0.0000,0.0000,0.0000,0.0000,7318.0000,0.0000,0.0000,0.0000,0.0000,2,0,0,0,0,1,0,0,0,0
zc,TA302,2012-06-18 09:23:55.977,7414.0000,42,0,0.0000,0.0000,0,0,多换,B,7298.0000,0.0000,0.0000,0.0000,0.0000,7320.0000,0.0000,0.0000,0.0000,0.0000,2,0,0,0,0,1,0,0,0,0
zc,TA302,2012-06-18 09:24:02.213,7414.0000,42,0,0.0000,0.0000,0,0,多换,B,7296.0000,0.0000,0.0000,0.0000,0.0000,7318.0000,0.0000,0.0000,0.0000,0.0000,2,0,0,0,0,1,0,0,0,0
zc,TA302,2012-06-18 09:24:04.197,7414.0000,42,0,0.0000,0.0000,0,0,多换,B,7296.0000,0.0000,0.0000,0.0000,0.0000,7320.0000,0.0000,0.0000,0.0000,0.0000,2,0,0,0,0,1,0,0,0,0
zc,TA302,2012-06-18 09:24:04.683,7414.0000,42,0,0.0000,0.0000,0,0,多换,B,7294.0000,0.0000,0.0000,0.0000,0.0000,7316.0000,0.0000,0.0000,0.0000,0.0000,2,0,0,0,0,1,0,0,0,0
zc,TA302,2012-06-18 09:24:10.433,7414.0000,42,0,0.0000,0.0000,0,0,多换,B,7296.0000,0.0000,0.0000,0.0000,0.0000,7318.0000,0.0000,0.0000,0.0000,0.0000,2,0,0,0,0,1,0,0,0,0
zc,TA302,2012-06-18 09:24:11.433,7414.0000,42,0,0.0000,0.0000,0,0,多换,B,7294.0000,0.0000,0.0000,0.0000,0.0000,7316.0000,0.0000,0.0000,0.0000,0.0000,2,0,0,0,0,1,0,0,0,0
zc,TA302,2012-06-18 09:24:45.713,7414.0000,42,0,0.0000,0.0000,0,0,多换,B,7292.0000,0.0000,0.0000,0.0000,0.0000,7314.0000,0.0000,0.0000,0.0000,0.0000,2,0,0,0,0,1,0,0,0,0
zc,TA302,2012-06-18 09:24:46.917,7414.0000,42,0,0.0000,0.0000,0,0,多换,B,7294.0000,0.0000,0.0000,0.0000,0.0000,7316.0000,0.0000,0.0000,0.0000,0.0000,1,0,0,0,0,1,0,0,0,0
zc,TA302,2012-06-18 09:24:47.697,7414.0000,42,0,0.0000,0.0000,0,0,多换,B,7294.0000,0.0000,0.0000,0.0000,0.0000,7316.0000,0.0000,0.0000,0.0000,0.0000,2,0,0,0,0,1,0,0,0,0
zc,TA302,2012-06-18 09:24:52.697,7414.0000,42,0,0.0000,0.0000,0,0,多换,B,7292.0000,0.0000,0.0000,0.0000,0.0000,7314.0000,0.0000,0.0000,0.0000,0.0000,2,0,0,0,0,1,0,0,0,0
zc,TA302,2012-06-18 09:24:54.947,7414.0000,42,0,0.0000,0.0000,0,0,多换,B,7294.0000,0.0000,0.0000,0.0000,0.0000,7314.0000,0.0000,0.0000,0.0000,0.0000,3,0,0,0,0,1,0,0,0,0
zc,TA302,2012-06-18 09:24:58.963,7414.0000,42,0,0.0000,0.0000,0,0,多换,B,7294.0000,0.0000,0.0000,0.0000,0.0000,7316.0000,0.0000,0.0000,0.0000,0.0000,4,0,0,0,0,1,0,0,0,0
zc,TA302,2012-06-18 09:25:00.167,7414.0000,42,0,0.0000,0.0000,0,0,多换,B,7294.0000,0.0000,0.0000,0.0000,0.0000,7316.0000,0.0000,0.0000,0.0000,0.0000,5,0,0,0,0,1,0,0,0,0
zc,TA302,2012-06-18 09:25:03.417,7414.0000,42,0,0.0000,0.0000,0,0,多换,B,7294.0000,0.0000,0.0000,0.0000,0.0000,7316.0000,0.0000,0.0000,0.0000,0.0000,2,0,0,0,0,1,0,0,0,0
zc,TA302,2012-06-18 09:25:08.433,7414.0000,42,0,0.0000,0.0000,0,0,多换,B,7296.0000,0.0000,0.0000,0.0000,0.0000,7318.0000,0.0000,0.0000,0.0000,0.0000,2,0,0,0,0,1,0,0,0,0
zc,TA302,2012-06-18 09:25:20.933,7414.0000,42,0,0.0000,0.0000,0,0,多换,B,7294.0000,0.0000,0.0000,0.0000,0.0000,7318.0000,0.0000,0.0000,0.0000,0.0000,2,0,0,0,0,3,0,0,0,0
zc,TA302,2012-06-18 09:25:25.167,7414.0000,42,0,0.0000,0.0000,0,0,多换,B,7296.0000,0.0000,0.0000,0.0000,0.0000,7318.0000,0.0000,0.0000,0.0000,0.0000,2,0,0,0,0,3,0,0,0,0
zc,TA302,2012-06-18 09:25:39.477,7414.0000,42,0,0.0000,0.0000,0,0,多换,B,7294.0000,0.0000,0.0000,0.0000,0.0000,7318.0000,0.0000,0.0000,0.0000,0.0000,2,0,0,0,0,3,0,0,0,0
zc,TA302,2012-06-18 09:25:40.697,7414.0000,42,0,0.0000,0.0000,0,0,多换,B,7294.0000,0.0000,0.0000,0.0000,0.0000,7316.0000,0.0000,0.0000,0.0000,0.0000,2,0,0,0,0,1,0,0,0,0
zc,TA302,2012-06-18 09:25:53.447,7414.0000,42,0,0.0000,0.0000,0,0,多换,B,7292.0000,0.0000,0.0000,0.0000,0.0000,7316.0000,0.0000,0.0000,0.0000,0.0000,2,0,0,0,0,1,0,0,0,0
zc,TA302,2012-06-18 09:25:54.227,7414.0000,42,0,0.0000,0.0000,0,0,多换,B,7294.0000,0.0000,0.0000,0.0000,0.0000,7316.0000,0.0000,0.0000,0.0000,0.0000,1,0,0,0,0,1,0,0,0,0
zc,TA302,2012-06-18 09:25:55.933,7414.0000,42,0,0.0000,0.0000,0,0,多换,B,7292.0000,0.0000,0.0000,0.0000,0.0000,7316.0000,0.0000,0.0000,0.0000,0.0000,2,0,0,0,0,1,0,0,0,0
zc,TA302,2012-06-18 09:25:58.197,7414.0000,42,0,0.0000,0.0000,0,0,多换,B,7294.0000,0.0000,0.0000,0.0000,0.0000,7316.0000,0.0000,0.0000,0.0000,0.0000,1,0,0,0,0,1,0,0,0,0
zc,TA302,2012-06-18 09:25:58.933,7414.0000,42,0,0.0000,0.0000,0,0,多换,B,7294.0000,0.0000,0.0000,0.0000,0.0000,7316.0000,0.0000,0.0000,0.0000,0.0000,2,0,0,0,0,1,0,0,0,0
zc,TA302,2012-06-18 09:26:07.477,7414.0000,42,0,0.0000,0.0000,0,0,多换,B,7292.0000,0.0000,0.0000,0.0000,0.0000,7314.0000,0.0000,0.0000,0.0000,0.0000,2,0,0,0,0,1,0,0,0,0
zc,TA302,2012-06-18 09:26:09.370,7414.0000,42,0,0.0000,0.0000,0,0,多换,B,7292.0000,0.0000,0.0000,0.0000,0.0000,7314.0000,0.0000,0.0000,0.0000,0.0000,2,0,0,0,0,1,0,0,0,0
zc,TA302,2012-06-18 09:26:12.917,7414.0000,42,0,0.0000,0.0000,0,0,多换,B,7294.0000,0.0000,0.0000,0.0000,0.0000,7316.0000,0.0000,0.0000,0.0000,0.0000,1,0,0,0,0,1,0,0,0,0
zc,TA302,2012-06-18 09:26:13.697,7414.0000,42,0,0.0000,0.0000,0,0,多换,B,7292.0000,0.0000,0.0000,0.0000,0.0000,7316.0000,0.0000,0.0000,0.0000,0.0000,2,0,0,0,0,1,0,0,0,0
zc,TA302,2012-06-18 09:26:14.167,7414.0000,42,0,0.0000,0.0000,0,0,多换,B,7294.0000,0.0000,0.0000,0.0000,0.0000,7316.0000,0.0000,0.0000,0.0000,0.0000,2,0,0,0,0,1,0,0,0,0
zc,TA302,2012-06-18 09:26:15.183,7414.0000,42,0,0.0000,0.0000,0,0,多换,B,7292.0000,0.0000,0.0000,0.0000,0.0000,7314.0000,0.0000,0.0000,0.0000,0.0000,2,0,0,0,0,1,0,0,0,0
