市场代码,合约代码,时间,最新,持仓,增仓,成交额,成交量,开仓,平仓,成交类型,方向,买一价,买二价,买三价,买四价,买五价,卖一价,卖二价,卖三价,卖四价,卖五价,买一量,买二量,买三量,买四量,买五量,卖一量,卖二量,卖三量,卖四量,卖五量
zc,TA209,2012-06-18 08:04:07.727,0.0000,437882,0,0.0000,0.0000,0,0,空换,S,0.0000,0.0000,0.0000,0.0000,0.0000,0.0000,0.0000,0.0000,0.0000,0.0000,0,0,0,0,0,0,0,0,0,0
zc,TA209,2012-06-18 08:17:07.713,0.0000,437882,0,0.0000,0.0000,0,0,空换,S,0.0000,0.0000,0.0000,0.0000,0.0000,0.0000,0.0000,0.0000,0.0000,0.0000,0,0,0,0,0,0,0,0,0,0
zc,TA209,2012-06-18 08:30:09.433,0.0000,437882,0,0.0000,0.0000,0,0,空换,S,0.0000,0.0000,0.0000,0.0000,0.0000,0.0000,0.0000,0.0000,0.0000,0.0000,0,0,0,0,0,0,0,0,0,0
zc,TA209,2012-06-18 08:31:09.433,0.0000,437882,0,0.0000,0.0000,0,0,空换,S,0.0000,0.0000,0.0000,0.0000,0.0000,0.0000,0.0000,0.0000,0.0000,0.0000,0,0,0,0,0,0,0,0,0,0
zc,TA209,2012-06-18 08:33:09.417,0.0000,437882,0,0.0000,0.0000,0,0,空换,S,0.0000,0.0000,0.0000,0.0000,0.0000,0.0000,0.0000,0.0000,0.0000,0.0000,0,0,0,0,0,0,0,0,0,0
zc,TA209,2012-06-18 08:39:09.417,0.0000,437882,0,0.0000,0.0000,0,0,空换,S,0.0000,0.0000,0.0000,0.0000,0.0000,0.0000,0.0000,0.0000,0.0000,0.0000,0,0,0,0,0,0,0,0,0,0
zc,TA209,2012-06-18 08:45:09.417,0.0000,437882,0,0.0000,0.0000,0,0,空换,S,0.0000,0.0000,0.0000,0.0000,0.0000,0.0000,0.0000,0.0000,0.0000,0.0000,0,0,0,0,0,0,0,0,0,0
zc,TA209,2012-06-18 08:48:09.417,0.0000,437882,0,0.0000,0.0000,0,0,空换,S,0.0000,0.0000,0.0000,0.0000,0.0000,0.0000,0.0000,0.0000,0.0000,0.0000,0,0,0,0,0,0,0,0,0,0
zc,TA209,2012-06-18 08:55:01.183,0.0000,437882,0,0.0000,0.0000,0,0,空换,S,0.0000,0.0000,0.0000,0.0000,0.0000,0.0000,0.0000,0.0000,0.0000,0.0000,0,0,0,0,0,0,0,0,0,0
zc,TA209,2012-06-18 08:55:05.150,0.0000,437882,0,0.0000,0.0000,0,0,空换,S,0.0000,0.0000,0.0000,0.0000,0.0000,0.0000,0.0000,0.0000,0.0000,0.0000,0,0,0,0,0,0,0,0,0,0
zc,TA209,2012-06-18 08:55:09.400,0.0000,437882,0,0.0000,0.0000,0,0,空换,S,0.0000,0.0000,0.0000,0.0000,0.0000,0.0000,0.0000,0.0000,0.0000,0.0000,0,0,0,0,0,0,0,0,0,0
zc,TA209,2012-06-18 08:55:09.433,0.0000,437882,0,0.0000,0.0000,0,0,空换,S,0.0000,0.0000,0.0000,0.0000,0.0000,0.0000,0.0000,0.0000,0.0000,0.0000,0,0,0,0,0,0,0,0,0,0
zc,TA209,2012-06-18 08:55:10.400,0.0000,437882,0,0.0000,0.0000,0,0,空换,S,0.0000,0.0000,0.0000,0.0000,0.0000,0.0000,0.0000,0.0000,0.0000,0.0000,0,0,0,0,0,0,0,0,0,0
zc,TA209,2012-06-18 08:55:11.667,0.0000,437882,0,0.0000,0.0000,0,0,空换,S,0.0000,0.0000,0.0000,0.0000,0.0000,0.0000,0.0000,0.0000,0.0000,0.0000,0,0,0,0,0,0,0,0,0,0
zc,TA209,2012-06-18 08:55:16.650,0.0000,437882,0,0.0000,0.0000,0,0,空换,S,0.0000,0.0000,0.0000,0.0000,0.0000,0.0000,0.0000,0.0000,0.0000,0.0000,0,0,0,0,0,0,0,0,0,0
zc,TA209,2012-06-18 08:55:17.150,0.0000,437882,0,0.0000,0.0000,0,0,空换,S,0.0000,0.0000,0.0000,0.0000,0.0000,0.0000,0.0000,0.0000,0.0000,0.0000,0,0,0,0,0,0,0,0,0,0
zc,TA209,2012-06-18 08:55:22.150,0.0000,437882,0,0.0000,0.0000,0,0,空换,S,0.0000,0.0000,0.0000,0.0000,0.0000,0.0000,0.0000,0.0000,0.0000,0.0000,0,0,0,0,0,0,0,0,0,0
zc,TA209,2012-06-18 08:55:23.900,0.0000,437882,0,0.0000,0.0000,0,0,空换,S,0.0000,0.0000,0.0000,0.0000,0.0000,0.0000,0.0000,0.0000,0.0000,0.0000,0,0,0,0,0,0,0,0,0,0
zc,TA209,2012-06-18 08:55:34.650,0.0000,437882,0,0.0000,0.0000,0,0,空换,S,0.0000,0.0000,0.0000,0.0000,0.0000,0.0000,0.0000,0.0000,0.0000,0.0000,0,0,0,0,0,0,0,0,0,0
zc,TA209,2012-06-18 08:55:43.400,0.0000,437882,0,0.0000,0.0000,0,0,空换,S,0.0000,0.0000,0.0000,0.0000,0.0000,0.0000,0.0000,0.0000,0.0000,0.0000,0,0,0,0,0,0,0,0,0,0
zc,TA209,2012-06-18 08:56:34.650,0.0000,437882,0,0.0000,0.0000,0,0,空换,S,0.0000,0.0000,0.0000,0.0000,0.0000,0.0000,0.0000,0.0000,0.0000,0.0000,0,0,0,0,0,0,0,0,0,0
zc,TA209,2012-06-18 08:56:56.400,0.0000,437882,0,0.0000,0.0000,0,0,空换,S,0.0000,0.0000,0.0000,0.0000,0.0000,0.0000,0.0000,0.0000,0.0000,0.0000,0,0,0,0,0,0,0,0,0,0
zc,TA209,2012-06-18 08:56:56.900,0.0000,437882,0,0.0000,0.0000,0,0,空换,S,0.0000,0.0000,0.0000,0.0000,0.0000,0.0000,0.0000,0.0000,0.0000,0.0000,0,0,0,0,0,0,0,0,0,0
zc,TA209,2012-06-18 08:57:03.400,0.0000,437882,0,0.0000,0.0000,0,0,空换,S,0.0000,0.0000,0.0000,0.0000,0.0000,0.0000,0.0000,0.0000,0.0000,0.0000,0,0,0,0,0,0,0,0,0,0
zc,TA209,2012-06-18 08:57:09.400,0.0000,437882,0,0.0000,0.0000,0,0,空换,S,0.0000,0.0000,0.0000,0.0000,0.0000,0.0000,0.0000,0.0000,0.0000,0.0000,0,0,0,0,0,0,0,0,0,0
zc,TA209,2012-06-18 08:57:45.150,0.0000,437882,0,0.0000,0.0000,0,0,空换,S,0.0000,0.0000,0.0000,0.0000,0.0000,0.0000,0.0000,0.0000,0.0000,0.0000,0,0,0,0,0,0,0,0,0,0
zc,TA209,2012-06-18 08:57:58.400,0.0000,437882,0,0.0000,0.0000,0,0,空换,S,0.0000,0.0000,0.0000,0.0000,0.0000,0.0000,0.0000,0.0000,0.0000,0.0000,0,0,0,0,0,0,0,0,0,0
zc,TA209,2012-06-18 08:58:48.150,0.0000,437882,0,0.0000,0.0000,0,0,空换,S,0.0000,0.0000,0.0000,0.0000,0.0000,0.0000,0.0000,0.0000,0.0000,0.0000,0,0,0,0,0,0,0,0,0,0
zc,TA209,2012-06-18 08:58:59.650,0.0000,437882,0,0.0000,0.0000,0,0,空换,S,0.0000,0.0000,0.0000,0.0000,0.0000,0.0000,0.0000,0.0000,0.0000,0.0000,0,0,0,0,0,0,0,0,0,0
zc,TA209,2012-06-18 08:59:00.853,7332.0000,436626,-1256,0.0000,4644.0000,1694,2950,空平,B,7332.0000,0.0000,0.0000,0.0000,0.0000,7334.0000,0.0000,0.0000,0.0000,0.0000,333,0,0,0,0,227,0,0,0,0
zc,TA209,2012-06-18 09:00:00.667,7332.0000,436626,0,0.0000,590.0000,295,295,多换,B,7332.0000,0.0000,0.0000,0.0000,0.0000,7334.0000,0.0000,0.0000,0.0000,0.0000,38,0,0,0,0,226,0,0,0,0
zc,TA209,2012-06-18 09:00:01.807,7334.0000,436996,370,0.0000,3204.0000,1787,1417,多开,B,7330.0000,0.0000,0.0000,0.0000,0.0000,7332.0000,0.0000,0.0000,0.0000,0.0000,386,0,0,0,0,1,0,0,0,0
zc,TA209,2012-06-18 09:00:02.837,7330.0000,437064,68,0.0000,2864.0000,1466,1398,空开,S,7330.0000,0.0000,0.0000,0.0000,0.0000,7332.0000,0.0000,0.0000,0.0000,0.0000,61,0,0,0,0,17,0,0,0,0
zc,TA209,2012-06-18 09:00:04.087,7332.0000,436244,-820,0.0000,1562.0000,371,1191,空平,B,7328.0000,0.0000,0.0000,0.0000,0.0000,7332.0000,0.0000,0.0000,0.0000,0.0000,516,0,0,0,0,155,0,0,0,0
zc,TA209,2012-06-18 09:00:04.823,7330.0000,435738,-506,0.0000,872.0000,183,689,多平,S,7328.0000,0.0000,0.0000,0.0000,0.0000,7330.0000,0.0000,0.0000,0.0000,0.0000,382,0,0,0,0,136,0,0,0,0
zc,TA209,2012-06-18 09:00:05.527,7328.0000,435664,-74,0.0000,772.0000,349,423,多平,S,7328.0000,0.0000,0.0000,0.0000,0.0000,7330.0000,0.0000,0.0000,0.0000,0.0000,206,0,0,0,0,1006,0,0,0,0
zc,TA209,2012-06-18 09:00:06.040,7328.0000,435342,-322,0.0000,580.0000,129,451,多平,S,7326.0000,0.0000,0.0000,0.0000,0.0000,7328.0000,0.0000,0.0000,0.0000,0.0000,509,0,0,0,0,71,0,0,0,0
zc,TA209,2012-06-18 09:00:06.777,7328.0000,435382,40,0.0000,402.0000,221,181,空开,S,7326.0000,0.0000,0.0000,0.0000,0.0000,7328.0000,0.0000,0.0000,0.0000,0.0000,360,0,0,0,0,206,0,0,0,0
zc,TA209,2012-06-18 09:00:07.277,7328.0000,435334,-48,0.0000,972.0000,462,510,多平,S,7326.0000,0.0000,0.0000,0.0000,0.0000,7328.0000,0.0000,0.0000,0.0000,0.0000,349,0,0,0,0,33,0,0,0,0
zc,TA209,2012-06-18 09:00:07.777,7326.0000,435322,-12,0.0000,210.0000,99,111,多平,S,7326.0000,0.0000,0.0000,0.0000,0.0000,7328.0000,0.0000,0.0000,0.0000,0.0000,300,0,0,0,0,108,0,0,0,0
zc,TA209,2012-06-18 09:00:08.510,7326.0000,435176,-146,0.0000,656.0000,255,401,多平,S,7324.0000,0.0000,0.0000,0.0000,0.0000,7326.0000,0.0000,0.0000,0.0000,0.0000,501,0,0,0,0,30,0,0,0,0
zc,TA209,2012-06-18 09:00:08.993,7328.0000,435194,18,0.0000,286.0000,152,134,多开,B,7324.0000,0.0000,0.0000,0.0000,0.0000,7328.0000,0.0000,0.0000,0.0000,0.0000,492,0,0,0,0,158,0,0,0,0
zc,TA209,2012-06-18 09:00:09.777,7324.0000,435144,-50,0.0000,174.0000,62,112,多平,S,7324.0000,0.0000,0.0000,0.0000,0.0000,7326.0000,0.0000,0.0000,0.0000,0.0000,437,0,0,0,0,301,0,0,0,0
zc,TA209,2012-06-18 09:00:09.977,7326.0000,435038,-106,0.0000,170.0000,32,138,空平,B,7324.0000,0.0000,0.0000,0.0000,0.0000,7326.0000,0.0000,0.0000,0.0000,0.0000,386,0,0,0,0,459,0,0,0,0
zc,TA209,2012-06-18 09:00:11.027,7324.0000,434858,-180,0.0000,328.0000,74,254,多平,S,7324.0000,0.0000,0.0000,0.0000,0.0000,7326.0000,0.0000,0.0000,0.0000,0.0000,336,0,0,0,0,389,0,0,0,0
zc,TA209,2012-06-18 09:00:11.277,7326.0000,434760,-98,0.0000,398.0000,150,248,空平,B,7324.0000,0.0000,0.0000,0.0000,0.0000,7326.0000,0.0000,0.0000,0.0000,0.0000,264,0,0,0,0,276,0,0,0,0
zc,TA209,2012-06-18 09:00:12.027,7324.0000,434698,-62,0.0000,474.0000,206,268,多平,S,7324.0000,0.0000,0.0000,0.0000,0.0000,7326.0000,0.0000,0.0000,0.0000,0.0000,122,0,0,0,0,182,0,0,0,0
zc,TA209,2012-06-18 09:00:12.527,7326.0000,434632,-66,0.0000,136.0000,35,101,空平,B,7324.0000,0.0000,0.0000,0.0000,0.0000,7326.0000,0.0000,0.0000,0.0000,0.0000,114,0,0,0,0,141,0,0,0,0
zc,TA209,2012-06-18 09:00:12.993,7326.0000,434498,-134,0.0000,224.0000,45,179,空平,B,7324.0000,0.0000,0.0000,0.0000,0.0000,7326.0000,0.0000,0.0000,0.0000,0.0000,143,0,0,0,0,88,0,0,0,0
zc,TA209,2012-06-18 09:00:13.790,7328.0000,434600,102,0.0000,544.0000,323,221,多开,B,7326.0000,0.0000,0.0000,0.0000,0.0000,7328.0000,0.0000,0.0000,0.0000,0.0000,105,0,0,0,0,24,0,0,0,0
zc,TA209,2012-06-18 09:00:14.527,7326.0000,434280,-320,0.0000,1412.0000,546,866,多平,S,7326.0000,0.0000,0.0000,0.0000,0.0000,7330.0000,0.0000,0.0000,0.0000,0.0000,7,0,0,0,0,263,0,0,0,0
zc,TA209,2012-06-18 09:00:15.277,7328.0000,434300,20,0.0000,90.0000,55,35,多开,B,7328.0000,0.0000,0.0000,0.0000,0.0000,7330.0000,0.0000,0.0000,0.0000,0.0000,71,0,0,0,0,262,0,0,0,0
zc,TA209,2012-06-18 09:00:15.790,7328.0000,434302,2,0.0000,548.0000,275,273,多开,B,7328.0000,0.0000,0.0000,0.0000,0.0000,7330.0000,0.0000,0.0000,0.0000,0.0000,32,0,0,0,0,152,0,0,0,0
zc,TA209,2012-06-18 09:00:16.510,7328.0000,433998,-304,0.0000,400.0000,48,352,空平,B,7330.0000,0.0000,0.0000,0.0000,0.0000,7332.0000,0.0000,0.0000,0.0000,0.0000,290,0,0,0,0,155,0,0,0,0
zc,TA209,2012-06-18 09:00:16.760,7332.0000,434074,76,0.0000,188.0000,132,56,多开,B,7330.0000,0.0000,0.0000,0.0000,0.0000,7332.0000,0.0000,0.0000,0.0000,0.0000,345,0,0,0,0,93,0,0,0,0
zc,TA209,2012-06-18 09:00:17.777,7332.0000,434118,44,0.0000,314.0000,179,135,多开,B,7332.0000,0.0000,0.0000,0.0000,0.0000,7334.0000,0.0000,0.0000,0.0000,0.0000,401,0,0,0,0,147,0,0,0,0
zc,TA209,2012-06-18 09:00:18.307,7332.0000,434544,426,0.0000,1210.0000,818,392,多开,B,7332.0000,0.0000,0.0000,0.0000,0.0000,7336.0000,0.0000,0.0000,0.0000,0.0000,91,0,0,0,0,50,0,0,0,0
zc,TA209,2012-06-18 09:00:19.040,7336.0000,434688,144,0.0000,450.0000,297,153,多开,B,7334.0000,0.0000,0.0000,0.0000,0.0000,7338.0000,0.0000,0.0000,0.0000,0.0000,36,0,0,0,0,122,0,0,0,0
zc,TA209,2012-06-18 09:00:20.290,7338.0000,434750,62,0.0000,342.0000,202,140,多开,B,7338.0000,0.0000,0.0000,0.0000,0.0000,7340.0000,0.0000,0.0000,0.0000,0.0000,19,0,0,0,0,289,0,0,0,0
zc,TA209,2012-06-18 09:00:21.260,7340.0000,434612,-138,0.0000,542.0000,202,340,空平,B,7338.0000,0.0000,0.0000,0.0000,0.0000,7340.0000,0.0000,0.0000,0.0000,0.0000,33,0,0,0,0,258,0,0,0,0
zc,TA209,2012-06-18 09:00:21.777,7342.0000,434626,14,0.0000,710.0000,362,348,多开,B,7342.0000,0.0000,0.0000,0.0000,0.0000,7344.0000,0.0000,0.0000,0.0000,0.0000,10,0,0,0,0,17,0,0,0,0
zc,TA209,2012-06-18 09:00:22.510,7344.0000,434592,-34,0.0000,372.0000,169,203,空平,B,7344.0000,0.0000,0.0000,0.0000,0.0000,7348.0000,0.0000,0.0000,0.0000,0.0000,6,0,0,0,0,79,0,0,0,0
zc,TA209,2012-06-18 09:00:23.027,7350.0000,434822,230,0.0000,930.0000,580,350,多开,B,7344.0000,0.0000,0.0000,0.0000,0.0000,7350.0000,0.0000,0.0000,0.0000,0.0000,2,0,0,0,0,284,0,0,0,0
zc,TA209,2012-06-18 09:00:23.743,7348.0000,434818,-4,0.0000,50.0000,23,27,多平,S,7348.0000,0.0000,0.0000,0.0000,0.0000,7350.0000,0.0000,0.0000,0.0000,0.0000,154,0,0,0,0,276,0,0,0,0
zc,TA209,2012-06-18 09:00:24.243,7350.0000,434962,144,0.0000,666.0000,405,261,多开,B,7348.0000,0.0000,0.0000,0.0000,0.0000,7350.0000,0.0000,0.0000,0.0000,0.0000,659,0,0,0,0,18,0,0,0,0
zc,TA209,2012-06-18 09:00:25.027,7350.0000,434962,0,0.0000,154.0000,77,77,多换,B,7350.0000,0.0000,0.0000,0.0000,0.0000,7352.0000,0.0000,0.0000,0.0000,0.0000,432,0,0,0,0,168,0,0,0,0
zc,TA209,2012-06-18 09:00:25.760,7352.0000,434974,12,0.0000,100.0000,56,44,多开,B,7350.0000,0.0000,0.0000,0.0000,0.0000,7352.0000,0.0000,0.0000,0.0000,0.0000,737,0,0,0,0,143,0,0,0,0
zc,TA209,2012-06-18 09:00:26.260,7354.0000,434748,-226,0.0000,392.0000,83,309,空平,B,7352.0000,0.0000,0.0000,0.0000,0.0000,7354.0000,0.0000,0.0000,0.0000,0.0000,86,0,0,0,0,8,0,0,0,0
zc,TA209,2012-06-18 09:00:27.057,7352.0000,434722,-26,0.0000,72.0000,23,49,多平,S,7352.0000,0.0000,0.0000,0.0000,0.0000,7354.0000,0.0000,0.0000,0.0000,0.0000,152,0,0,0,0,45,0,0,0,0
zc,TA209,2012-06-18 09:00:27.243,7352.0000,434694,-28,0.0000,250.0000,111,139,多平,S,7352.0000,0.0000,0.0000,0.0000,0.0000,7354.0000,0.0000,0.0000,0.0000,0.0000,130,0,0,0,0,10,0,0,0,0
zc,TA209,2012-06-18 09:00:28.277,7352.0000,434634,-60,0.0000,950.0000,445,505,多平,S,7350.0000,0.0000,0.0000,0.0000,0.0000,7352.0000,0.0000,0.0000,0.0000,0.0000,644,0,0,0,0,169,0,0,0,0
zc,TA209,2012-06-18 09:00:28.760,7350.0000,434630,-4,0.0000,542.0000,269,273,多平,S,7350.0000,0.0000,0.0000,0.0000,0.0000,7356.0000,0.0000,0.0000,0.0000,0.0000,621,0,0,0,0,134,0,0,0,0
zc,TA209,2012-06-18 09:00:29.527,7352.0000,434722,92,0.0000,178.0000,135,43,多开,B,7352.0000,0.0000,0.0000,0.0000,0.0000,7354.0000,0.0000,0.0000,0.0000,0.0000,590,0,0,0,0,75,0,0,0,0
zc,TA209,2012-06-18 09:00:30.027,7352.0000,435600,878,0.0000,1142.0000,1010,132,多开,B,7352.0000,0.0000,0.0000,0.0000,0.0000,7354.0000,0.0000,0.0000,0.0000,0.0000,203,0,0,0,0,41,0,0,0,0
zc,TA209,2012-06-18 09:00:31.057,7350.0000,435072,-528,0.0000,1006.0000,239,767,多平,S,7350.0000,0.0000,0.0000,0.0000,0.0000,7354.0000,0.0000,0.0000,0.0000,0.0000,284,0,0,0,0,186,0,0,0,0
zc,TA209,2012-06-18 09:00:31.527,7354.0000,434620,-452,0.0000,890.0000,219,671,空平,B,7352.0000,0.0000,0.0000,0.0000,0.0000,7354.0000,0.0000,0.0000,0.0000,0.0000,22,0,0,0,0,82,0,0,0,0
zc,TA209,2012-06-18 09:00:32.227,7354.0000,434402,-218,0.0000,612.0000,197,415,空平,B,7354.0000,0.0000,0.0000,0.0000,0.0000,7356.0000,0.0000,0.0000,0.0000,0.0000,272,0,0,0,0,53,0,0,0,0
zc,TA209,2012-06-18 09:00:32.760,7350.0000,433716,-686,0.0000,1014.0000,164,850,多平,S,7348.0000,0.0000,0.0000,0.0000,0.0000,7350.0000,0.0000,0.0000,0.0000,0.0000,82,0,0,0,0,585,0,0,0,0
zc,TA209,2012-06-18 09:00:33.243,7350.0000,433664,-52,0.0000,174.0000,61,113,多平,S,7348.0000,0.0000,0.0000,0.0000,0.0000,7350.0000,0.0000,0.0000,0.0000,0.0000,86,0,0,0,0,521,0,0,0,0
zc,TA209,2012-06-18 09:00:34.027,7350.0000,433618,-46,0.0000,238.0000,96,142,多平,S,7348.0000,0.0000,0.0000,0.0000,0.0000,7350.0000,0.0000,0.0000,0.0000,0.0000,39,0,0,0,0,1034,0,0,0,0
zc,TA209,2012-06-18 09:00:34.510,7348.0000,433618,0,0.0000,272.0000,136,136,空换,S,7346.0000,0.0000,0.0000,0.0000,0.0000,7348.0000,0.0000,0.0000,0.0000,0.0000,3,0,0,0,0,42,0,0,0,0
zc,TA209,2012-06-18 09:00:35.213,7348.0000,433578,-40,0.0000,92.0000,26,66,多平,S,7344.0000,0.0000,0.0000,0.0000,0.0000,7348.0000,0.0000,0.0000,0.0000,0.0000,279,0,0,0,0,76,0,0,0,0
zc,TA209,2012-06-18 09:00:36.027,7350.0000,433446,-132,0.0000,270.0000,69,201,空平,B,7348.0000,0.0000,0.0000,0.0000,0.0000,7350.0000,0.0000,0.0000,0.0000,0.0000,400,0,0,0,0,1000,0,0,0,0
zc,TA209,2012-06-18 09:00:36.243,7348.0000,433264,-182,0.0000,214.0000,16,198,多平,S,7348.0000,0.0000,0.0000,0.0000,0.0000,7350.0000,0.0000,0.0000,0.0000,0.0000,328,0,0,0,0,978,0,0,0,0
zc,TA209,2012-06-18 09:00:37.243,7348.0000,433130,-134,0.0000,242.0000,54,188,多平,S,7348.0000,0.0000,0.0000,0.0000,0.0000,7350.0000,0.0000,0.0000,0.0000,0.0000,284,0,0,0,0,879,0,0,0,0
zc,TA209,2012-06-18 09:00:37.743,7350.0000,432966,-164,0.0000,214.0000,25,189,空平,B,7348.0000,0.0000,0.0000,0.0000,0.0000,7350.0000,0.0000,0.0000,0.0000,0.0000,239,0,0,0,0,871,0,0,0,0
zc,TA209,2012-06-18 09:00:38.493,7348.0000,432820,-146,0.0000,422.0000,138,284,多平,S,7348.0000,0.0000,0.0000,0.0000,0.0000,7350.0000,0.0000,0.0000,0.0000,0.0000,197,0,0,0,0,712,0,0,0,0
zc,TA209,2012-06-18 09:00:39.540,7350.0000,432720,-100,0.0000,208.0000,54,154,空平,B,7348.0000,0.0000,0.0000,0.0000,0.0000,7350.0000,0.0000,0.0000,0.0000,0.0000,123,0,0,0,0,712,0,0,0,0
zc,TA209,2012-06-18 09:00:40.260,7346.0000,432764,44,0.0000,386.0000,215,171,空开,S,7344.0000,0.0000,0.0000,0.0000,0.0000,7346.0000,0.0000,0.0000,0.0000,0.0000,291,0,0,0,0,135,0,0,0,0
zc,TA209,2012-06-18 09:00:41.010,7344.0000,432812,48,0.0000,98.0000,73,25,空开,S,7344.0000,0.0000,0.0000,0.0000,0.0000,7346.0000,0.0000,0.0000,0.0000,0.0000,279,0,0,0,0,154,0,0,0,0
zc,TA209,2012-06-18 09:00:41.540,7348.0000,432584,-228,0.0000,364.0000,68,296,空平,B,7346.0000,0.0000,0.0000,0.0000,0.0000,7348.0000,0.0000,0.0000,0.0000,0.0000,45,0,0,0,0,197,0,0,0,0
zc,TA209,2012-06-18 09:00:42.277,7348.0000,432632,48,0.0000,146.0000,97,49,多开,B,7346.0000,0.0000,0.0000,0.0000,0.0000,7348.0000,0.0000,0.0000,0.0000,0.0000,168,0,0,0,0,170,0,0,0,0
zc,TA209,2012-06-18 09:00:42.760,7348.0000,432828,196,0.0000,374.0000,285,89,多开,B,7346.0000,0.0000,0.0000,0.0000,0.0000,7348.0000,0.0000,0.0000,0.0000,0.0000,149,0,0,0,0,33,0,0,0,0
zc,TA209,2012-06-18 09:00:43.777,7348.0000,432388,-440,0.0000,468.0000,14,454,空平,B,7344.0000,0.0000,0.0000,0.0000,0.0000,7346.0000,0.0000,0.0000,0.0000,0.0000,392,0,0,0,0,1,0,0,0,0
zc,TA209,2012-06-18 09:00:44.243,7348.0000,432336,-52,0.0000,102.0000,25,77,空平,B,7344.0000,0.0000,0.0000,0.0000,0.0000,7348.0000,0.0000,0.0000,0.0000,0.0000,385,0,0,0,0,29,0,0,0,0
zc,TA209,2012-06-18 09:00:45.040,7348.0000,432340,4,0.0000,24.0000,14,10,多开,B,7344.0000,0.0000,0.0000,0.0000,0.0000,7348.0000,0.0000,0.0000,0.0000,0.0000,234,0,0,0,0,77,0,0,0,0
zc,TA209,2012-06-18 09:00:45.493,7348.0000,432344,4,0.0000,26.0000,15,11,多开,B,7344.0000,0.0000,0.0000,0.0000,0.0000,7348.0000,0.0000,0.0000,0.0000,0.0000,230,0,0,0,0,90,0,0,0,0
zc,TA209,2012-06-18 09:00:45.977,7344.0000,432338,-6,0.0000,40.0000,17,23,多平,S,7344.0000,0.0000,0.0000,0.0000,0.0000,7346.0000,0.0000,0.0000,0.0000,0.0000,220,0,0,0,0,697,0,0,0,0
zc,TA209,2012-06-18 09:00:46.760,7344.0000,432462,124,0.0000,376.0000,250,126,空开,S,7344.0000,0.0000,0.0000,0.0000,0.0000,7346.0000,0.0000,0.0000,0.0000,0.0000,81,0,0,0,0,681,0,0,0,0
zc,TA209,2012-06-18 09:00:47.260,7342.0000,432444,-18,0.0000,218.0000,100,118,多平,S,7340.0000,0.0000,0.0000,0.0000,0.0000,7342.0000,0.0000,0.0000,0.0000,0.0000,80,0,0,0,0,117,0,0,0,0
zc,TA209,2012-06-18 09:00:48.027,7340.0000,432450,6,0.0000,50.0000,28,22,空开,S,7340.0000,0.0000,0.0000,0.0000,0.0000,7342.0000,0.0000,0.0000,0.0000,0.0000,75,0,0,0,0,111,0,0,0,0
zc,TA209,2012-06-18 09:00:48.493,7340.0000,432264,-186,0.0000,410.0000,112,298,多平,S,7338.0000,0.0000,0.0000,0.0000,0.0000,7340.0000,0.0000,0.0000,0.0000,0.0000,89,0,0,0,0,50,0,0,0,0
zc,TA209,2012-06-18 09:00:49.243,7340.0000,432206,-58,0.0000,120.0000,31,89,多平,S,7338.0000,0.0000,0.0000,0.0000,0.0000,7340.0000,0.0000,0.0000,0.0000,0.0000,122,0,0,0,0,1,0,0,0,0
zc,TA209,2012-06-18 09:00:49.777,7338.0000,432184,-22,0.0000,66.0000,22,44,多平,S,7338.0000,0.0000,0.0000,0.0000,0.0000,7340.0000,0.0000,0.0000,0.0000,0.0000,92,0,0,0,0,12,0,0,0,0
zc,TA209,2012-06-18 09:00:50.510,7338.0000,432114,-70,0.0000,88.0000,9,79,多平,S,7338.0000,0.0000,0.0000,0.0000,0.0000,7340.0000,0.0000,0.0000,0.0000,0.0000,65,0,0,0,0,42,0,0,0,0
zc,TA209,2012-06-18 09:00:51.057,7340.0000,432258,144,0.0000,230.0000,187,43,多开,B,7338.0000,0.0000,0.0000,0.0000,0.0000,7340.0000,0.0000,0.0000,0.0000,0.0000,28,0,0,0,0,18,0,0,0,0
zc,TA209,2012-06-18 09:00:51.743,7338.0000,432318,60,0.0000,130.0000,95,35,空开,S,7336.0000,0.0000,0.0000,0.0000,0.0000,7338.0000,0.0000,0.0000,0.0000,0.0000,17,0,0,0,0,52,0,0,0,0
zc,TA209,2012-06-18 09:00:51.977,7338.0000,432360,42,0.0000,62.0000,52,10,空开,S,7336.0000,0.0000,0.0000,0.0000,0.0000,7338.0000,0.0000,0.0000,0.0000,0.0000,13,0,0,0,0,52,0,0,0,0
zc,TA209,2012-06-18 09:00:52.760,7338.0000,432384,24,0.0000,70.0000,47,23,空开,S,7336.0000,0.0000,0.0000,0.0000,0.0000,7338.0000,0.0000,0.0000,0.0000,0.0000,44,0,0,0,0,40,0,0,0,0
zc,TA209,2012-06-18 09:00:53.540,7336.0000,432246,-138,0.0000,162.0000,12,150,多平,S,7336.0000,0.0000,0.0000,0.0000,0.0000,7338.0000,0.0000,0.0000,0.0000,0.0000,118,0,0,0,0,52,0,0,0,0
zc,TA209,2012-06-18 09:00:54.290,7338.0000,432234,-12,0.0000,226.0000,107,119,空平,B,7338.0000,0.0000,0.0000,0.0000,0.0000,7340.0000,0.0000,0.0000,0.0000,0.0000,42,0,0,0,0,55,0,0,0,0
zc,TA209,2012-06-18 09:00:54.760,7340.0000,432148,-86,0.0000,128.0000,21,107,空平,B,7338.0000,0.0000,0.0000,0.0000,0.0000,7340.0000,0.0000,0.0000,0.0000,0.0000,26,0,0,0,0,53,0,0,0,0
zc,TA209,2012-06-18 09:00:55.493,7338.0000,432080,-68,0.0000,138.0000,35,103,多平,S,7336.0000,0.0000,0.0000,0.0000,0.0000,7338.0000,0.0000,0.0000,0.0000,0.0000,127,0,0,0,0,12,0,0,0,0
zc,TA209,2012-06-18 09:00:56.027,7338.0000,432080,0,0.0000,10.0000,5,5,空换,S,7336.0000,0.0000,0.0000,0.0000,0.0000,7338.0000,0.0000,0.0000,0.0000,0.0000,128,0,0,0,0,33,0,0,0,0
zc,TA209,2012-06-18 09:00:56.743,7338.0000,432096,16,0.0000,156.0000,86,70,空开,S,7336.0000,0.0000,0.0000,0.0000,0.0000,7338.0000,0.0000,0.0000,0.0000,0.0000,121,0,0,0,0,10,0,0,0,0
zc,TA209,2012-06-18 09:00:57.260,7336.0000,432026,-70,0.0000,140.0000,35,105,多平,S,7336.0000,0.0000,0.0000,0.0000,0.0000,7338.0000,0.0000,0.0000,0.0000,0.0000,92,0,0,0,0,1,0,0,0,0
zc,TA209,2012-06-18 09:00:58.260,7336.0000,431728,-298,0.0000,506.0000,104,402,多平,S,7336.0000,0.0000,0.0000,0.0000,0.0000,7338.0000,0.0000,0.0000,0.0000,0.0000,77,0,0,0,0,128,0,0,0,0
zc,TA209,2012-06-18 09:00:59.040,7338.0000,431734,6,0.0000,40.0000,23,17,多开,B,7336.0000,0.0000,0.0000,0.0000,0.0000,7338.0000,0.0000,0.0000,0.0000,0.0000,72,0,0,0,0,166,0,0,0,0
zc,TA209,2012-06-18 09:00:59.777,7338.0000,431828,94,0.0000,380.0000,237,143,多开,B,7336.0000,0.0000,0.0000,0.0000,0.0000,7338.0000,0.0000,0.0000,0.0000,0.0000,3,0,0,0,0,110,0,0,0,0
zc,TA209,2012-06-18 09:01:00.277,7336.0000,431836,8,0.0000,60.0000,34,26,空开,S,7334.0000,0.0000,0.0000,0.0000,0.0000,7336.0000,0.0000,0.0000,0.0000,0.0000,64,0,0,0,0,384,0,0,0,0
zc,TA209,2012-06-18 09:01:00.963,7336.0000,431836,0,0.0000,0.0000,0,0,空换,S,7334.0000,0.0000,0.0000,0.0000,0.0000,7336.0000,0.0000,0.0000,0.0000,0.0000,64,0,0,0,0,463,0,0,0,0
zc,TA209,2012-06-18 09:01:01.493,7336.0000,432106,270,0.0000,934.0000,602,332,空开,S,7334.0000,0.0000,0.0000,0.0000,0.0000,7336.0000,0.0000,0.0000,0.0000,0.0000,20,0,0,0,0,101,0,0,0,0
zc,TA209,2012-06-18 09:01:02.277,7334.0000,432074,-32,0.0000,50.0000,9,41,多平,S,7334.0000,0.0000,0.0000,0.0000,0.0000,7336.0000,0.0000,0.0000,0.0000,0.0000,1,0,0,0,0,758,0,0,0,0
zc,TA209,2012-06-18 09:01:02.760,7334.0000,432066,-8,0.0000,166.0000,79,87,多平,S,7332.0000,0.0000,0.0000,0.0000,0.0000,7334.0000,0.0000,0.0000,0.0000,0.0000,32,0,0,0,0,3,0,0,0,0
zc,TA209,2012-06-18 09:01:03.477,7334.0000,432050,-16,0.0000,28.0000,6,22,多平,S,7332.0000,0.0000,0.0000,0.0000,0.0000,7334.0000,0.0000,0.0000,0.0000,0.0000,42,0,0,0,0,14,0,0,0,0
zc,TA209,2012-06-18 09:01:03.743,7332.0000,432138,88,0.0000,314.0000,201,113,空开,S,7332.0000,0.0000,0.0000,0.0000,0.0000,7334.0000,0.0000,0.0000,0.0000,0.0000,36,0,0,0,0,44,0,0,0,0
zc,TA209,2012-06-18 09:01:04.477,7332.0000,432116,-22,0.0000,28.0000,3,25,多平,S,7332.0000,0.0000,0.0000,0.0000,0.0000,7334.0000,0.0000,0.0000,0.0000,0.0000,30,0,0,0,0,115,0,0,0,0
zc,TA209,2012-06-18 09:01:05.010,7330.0000,432122,6,0.0000,256.0000,131,125,空开,S,7330.0000,0.0000,0.0000,0.0000,0.0000,7334.0000,0.0000,0.0000,0.0000,0.0000,26,0,0,0,0,105,0,0,0,0
zc,TA209,2012-06-18 09:01:05.790,7330.0000,432122,0,0.0000,0.0000,0,0,空换,S,7330.0000,0.0000,0.0000,0.0000,0.0000,7332.0000,0.0000,0.0000,0.0000,0.0000,50,0,0,0,0,108,0,0,0,0
zc,TA209,2012-06-18 09:01:06.290,7330.0000,432076,-46,0.0000,304.0000,129,175,多平,S,7328.0000,0.0000,0.0000,0.0000,0.0000,7332.0000,0.0000,0.0000,0.0000,0.0000,12,0,0,0,0,115,0,0,0,0
zc,TA209,2012-06-18 09:01:07.027,7328.0000,432104,28,0.0000,44.0000,36,8,空开,S,7328.0000,0.0000,0.0000,0.0000,0.0000,7330.0000,0.0000,0.0000,0.0000,0.0000,10,0,0,0,0,32,0,0,0,0
zc,TA209,2012-06-18 09:01:07.743,7330.0000,432104,0,0.0000,42.0000,21,21,多换,B,7328.0000,0.0000,0.0000,0.0000,0.0000,7330.0000,0.0000,0.0000,0.0000,0.0000,51,0,0,0,0,69,0,0,0,0
zc,TA209,2012-06-18 09:01:08.477,7328.0000,432010,-94,0.0000,186.0000,46,140,多平,S,7328.0000,0.0000,0.0000,0.0000,0.0000,7330.0000,0.0000,0.0000,0.0000,0.0000,37,0,0,0,0,76,0,0,0,0
zc,TA209,2012-06-18 09:01:08.993,7328.0000,432046,36,0.0000,92.0000,64,28,空开,S,7328.0000,0.0000,0.0000,0.0000,0.0000,7330.0000,0.0000,0.0000,0.0000,0.0000,15,0,0,0,0,61,0,0,0,0
zc,TA209,2012-06-18 09:01:09.557,7328.0000,432034,-12,0.0000,62.0000,25,37,多平,S,7326.0000,0.0000,0.0000,0.0000,0.0000,7328.0000,0.0000,0.0000,0.0000,0.0000,30,0,0,0,0,13,0,0,0,0
zc,TA209,2012-06-18 09:01:10.227,7326.0000,432014,-20,0.0000,96.0000,38,58,多平,S,7326.0000,0.0000,0.0000,0.0000,0.0000,7328.0000,0.0000,0.0000,0.0000,0.0000,14,0,0,0,0,14,0,0,0,0
zc,TA209,2012-06-18 09:01:11.027,7326.0000,432008,-6,0.0000,80.0000,37,43,多平,S,7324.0000,0.0000,0.0000,0.0000,0.0000,7326.0000,0.0000,0.0000,0.0000,0.0000,42,0,0,0,0,129,0,0,0,0
zc,TA209,2012-06-18 09:01:11.510,7326.0000,432006,-2,0.0000,46.0000,22,24,多平,S,7324.0000,0.0000,0.0000,0.0000,0.0000,7326.0000,0.0000,0.0000,0.0000,0.0000,42,0,0,0,0,5,0,0,0,0
zc,TA209,2012-06-18 09:01:12.243,7324.0000,432054,48,0.0000,132.0000,90,42,空开,S,7322.0000,0.0000,0.0000,0.0000,0.0000,7324.0000,0.0000,0.0000,0.0000,0.0000,521,0,0,0,0,101,0,0,0,0
zc,TA209,2012-06-18 09:01:12.727,7324.0000,432010,-44,0.0000,274.0000,115,159,多平,S,7322.0000,0.0000,0.0000,0.0000,0.0000,7324.0000,0.0000,0.0000,0.0000,0.0000,521,0,0,0,0,76,0,0,0,0
zc,TA209,2012-06-18 09:01:13.227,7324.0000,431886,-124,0.0000,242.0000,59,183,多平,S,7322.0000,0.0000,0.0000,0.0000,0.0000,7324.0000,0.0000,0.0000,0.0000,0.0000,494,0,0,0,0,16,0,0,0,0
zc,TA209,2012-06-18 09:01:14.260,7324.0000,431746,-140,0.0000,170.0000,15,155,多平,S,7324.0000,0.0000,0.0000,0.0000,0.0000,7326.0000,0.0000,0.0000,0.0000,0.0000,5,0,0,0,0,714,0,0,0,0
zc,TA209,2012-06-18 09:01:14.727,7322.0000,431702,-44,0.0000,360.0000,158,202,多平,S,7322.0000,0.0000,0.0000,0.0000,0.0000,7324.0000,0.0000,0.0000,0.0000,0.0000,318,0,0,0,0,3,0,0,0,0
zc,TA209,2012-06-18 09:01:15.540,7322.0000,431704,2,0.0000,110.0000,56,54,空开,S,7322.0000,0.0000,0.0000,0.0000,0.0000,7324.0000,0.0000,0.0000,0.0000,0.0000,308,0,0,0,0,39,0,0,0,0
zc,TA209,2012-06-18 09:01:16.040,7322.0000,431658,-46,0.0000,176.0000,65,111,多平,S,7322.0000,0.0000,0.0000,0.0000,0.0000,7326.0000,0.0000,0.0000,0.0000,0.0000,301,0,0,0,0,739,0,0,0,0
zc,TA209,2012-06-18 09:01:16.727,7322.0000,431716,58,0.0000,1138.0000,598,540,空开,S,7320.0000,0.0000,0.0000,0.0000,0.0000,7322.0000,0.0000,0.0000,0.0000,0.0000,339,0,0,0,0,20,0,0,0,0
zc,TA209,2012-06-18 09:01:17.527,7324.0000,431694,-22,0.0000,128.0000,53,75,空平,B,7324.0000,0.0000,0.0000,0.0000,0.0000,7326.0000,0.0000,0.0000,0.0000,0.0000,46,0,0,0,0,727,0,0,0,0
zc,TA209,2012-06-18 09:01:18.027,7320.0000,431508,-186,0.0000,264.0000,39,225,多平,S,7320.0000,0.0000,0.0000,0.0000,0.0000,7322.0000,0.0000,0.0000,0.0000,0.0000,328,0,0,0,0,13,0,0,0,0
zc,TA209,2012-06-18 09:01:18.463,7322.0000,431656,148,0.0000,236.0000,192,44,多开,B,7320.0000,0.0000,0.0000,0.0000,0.0000,7322.0000,0.0000,0.0000,0.0000,0.0000,324,0,0,0,0,8,0,0,0,0
zc,TA209,2012-06-18 09:01:19.227,7322.0000,431670,14,0.0000,38.0000,26,12,多开,B,7320.0000,0.0000,0.0000,0.0000,0.0000,7322.0000,0.0000,0.0000,0.0000,0.0000,323,0,0,0,0,5,0,0,0,0
zc,TA209,2012-06-18 09:01:20.027,7322.0000,431650,-20,0.0000,268.0000,124,144,空平,B,7320.0000,0.0000,0.0000,0.0000,0.0000,7322.0000,0.0000,0.0000,0.0000,0.0000,206,0,0,0,0,78,0,0,0,0
zc,TA209,2012-06-18 09:01:20.760,7322.0000,431424,-226,0.0000,608.0000,191,417,空平,B,7322.0000,0.0000,0.0000,0.0000,0.0000,7324.0000,0.0000,0.0000,0.0000,0.0000,69,0,0,0,0,55,0,0,0,0
zc,TA209,2012-06-18 09:01:21.213,7324.0000,431530,106,0.0000,148.0000,127,21,多开,B,7322.0000,0.0000,0.0000,0.0000,0.0000,7324.0000,0.0000,0.0000,0.0000,0.0000,99,0,0,0,0,76,0,0,0,0
zc,TA209,2012-06-18 09:01:22.010,7320.0000,431548,18,0.0000,530.0000,274,256,空开,S,7318.0000,0.0000,0.0000,0.0000,0.0000,7320.0000,0.0000,0.0000,0.0000,0.0000,565,0,0,0,0,144,0,0,0,0
zc,TA209,2012-06-18 09:01:22.477,7320.0000,431438,-110,0.0000,202.0000,46,156,多平,S,7318.0000,0.0000,0.0000,0.0000,0.0000,7320.0000,0.0000,0.0000,0.0000,0.0000,561,0,0,0,0,49,0,0,0,0
zc,TA209,2012-06-18 09:01:23.227,7320.0000,431446,8,0.0000,144.0000,76,68,空开,S,7320.0000,0.0000,0.0000,0.0000,0.0000,7322.0000,0.0000,0.0000,0.0000,0.0000,94,0,0,0,0,35,0,0,0,0
zc,TA209,2012-06-18 09:01:23.760,7320.0000,431414,-32,0.0000,62.0000,15,47,多平,S,7320.0000,0.0000,0.0000,0.0000,0.0000,7322.0000,0.0000,0.0000,0.0000,0.0000,201,0,0,0,0,48,0,0,0,0
zc,TA209,2012-06-18 09:01:24.477,7320.0000,431580,166,0.0000,676.0000,421,255,空开,S,7320.0000,0.0000,0.0000,0.0000,0.0000,7322.0000,0.0000,0.0000,0.0000,0.0000,17,0,0,0,0,68,0,0,0,0
zc,TA209,2012-06-18 09:01:25.213,7320.0000,431572,-8,0.0000,58.0000,25,33,多平,S,7320.0000,0.0000,0.0000,0.0000,0.0000,7322.0000,0.0000,0.0000,0.0000,0.0000,34,0,0,0,0,64,0,0,0,0
zc,TA209,2012-06-18 09:01:25.977,7320.0000,431462,-110,0.0000,166.0000,28,138,多平,S,7320.0000,0.0000,0.0000,0.0000,0.0000,7322.0000,0.0000,0.0000,0.0000,0.0000,157,0,0,0,0,27,0,0,0,0
zc,TA209,2012-06-18 09:01:26.493,7324.0000,431346,-116,0.0000,330.0000,107,223,空平,B,7324.0000,0.0000,0.0000,0.0000,0.0000,7326.0000,0.0000,0.0000,0.0000,0.0000,263,0,0,0,0,61,0,0,0,0
zc,TA209,2012-06-18 09:01:26.947,7324.0000,430954,-392,0.0000,468.0000,38,430,空平,B,7324.0000,0.0000,0.0000,0.0000,0.0000,7326.0000,0.0000,0.0000,0.0000,0.0000,29,0,0,0,0,72,0,0,0,0
zc,TA209,2012-06-18 09:01:27.477,7324.0000,431006,52,0.0000,188.0000,120,68,多开,B,7322.0000,0.0000,0.0000,0.0000,0.0000,7324.0000,0.0000,0.0000,0.0000,0.0000,66,0,0,0,0,42,0,0,0,0
zc,TA209,2012-06-18 09:01:28.477,7320.0000,430876,-130,0.0000,526.0000,198,328,多平,S,7318.0000,0.0000,0.0000,0.0000,0.0000,7320.0000,0.0000,0.0000,0.0000,0.0000,586,0,0,0,0,426,0,0,0,0
zc,TA209,2012-06-18 09:01:28.993,7318.0000,430740,-136,0.0000,192.0000,28,164,多平,S,7318.0000,0.0000,0.0000,0.0000,0.0000,7320.0000,0.0000,0.0000,0.0000,0.0000,585,0,0,0,0,400,0,0,0,0
zc,TA209,2012-06-18 09:01:29.727,7320.0000,430688,-52,0.0000,106.0000,27,79,空平,B,7318.0000,0.0000,0.0000,0.0000,0.0000,7320.0000,0.0000,0.0000,0.0000,0.0000,588,0,0,0,0,874,0,0,0,0
zc,TA209,2012-06-18 09:01:30.227,7320.0000,430576,-112,0.0000,132.0000,10,122,空平,B,7318.0000,0.0000,0.0000,0.0000,0.0000,7320.0000,0.0000,0.0000,0.0000,0.0000,544,0,0,0,0,862,0,0,0,0
zc,TA209,2012-06-18 09:01:31.010,7318.0000,430322,-254,0.0000,520.0000,133,387,多平,S,7318.0000,0.0000,0.0000,0.0000,0.0000,7320.0000,0.0000,0.0000,0.0000,0.0000,396,0,0,0,0,914,0,0,0,0
zc,TA209,2012-06-18 09:01:31.540,7318.0000,430134,-188,0.0000,316.0000,64,252,多平,S,7318.0000,0.0000,0.0000,0.0000,0.0000,7320.0000,0.0000,0.0000,0.0000,0.0000,311,0,0,0,0,859,0,0,0,0
zc,TA209,2012-06-18 09:01:32.227,7320.0000,430598,464,0.0000,1740.0000,1102,638,多开,B,7320.0000,0.0000,0.0000,0.0000,0.0000,7322.0000,0.0000,0.0000,0.0000,0.0000,193,0,0,0,0,54,0,0,0,0
zc,TA209,2012-06-18 09:01:32.727,7320.0000,430628,30,0.0000,66.0000,48,18,多开,B,7320.0000,0.0000,0.0000,0.0000,0.0000,7322.0000,0.0000,0.0000,0.0000,0.0000,176,0,0,0,0,54,0,0,0,0
zc,TA209,2012-06-18 09:01:33.260,7322.0000,430660,32,0.0000,182.0000,107,75,多开,B,7322.0000,0.0000,0.0000,0.0000,0.0000,7324.0000,0.0000,0.0000,0.0000,0.0000,20,0,0,0,0,168,0,0,0,0
zc,TA209,2012-06-18 09:01:33.993,7324.0000,430468,-192,0.0000,392.0000,100,292,空平,B,7324.0000,0.0000,0.0000,0.0000,0.0000,7326.0000,0.0000,0.0000,0.0000,0.0000,60,0,0,0,0,404,0,0,0,0
zc,TA209,2012-06-18 09:01:34.510,7324.0000,430430,-38,0.0000,140.0000,51,89,空平,B,7322.0000,0.0000,0.0000,0.0000,0.0000,7326.0000,0.0000,0.0000,0.0000,0.0000,227,0,0,0,0,404,0,0,0,0
zc,TA209,2012-06-18 09:01:35.277,7326.0000,430482,52,0.0000,110.0000,81,29,多开,B,7322.0000,0.0000,0.0000,0.0000,0.0000,7326.0000,0.0000,0.0000,0.0000,0.0000,42,0,0,0,0,404,0,0,0,0
zc,TA209,2012-06-18 09:01:35.743,7326.0000,430496,14,0.0000,48.0000,31,17,多开,B,7324.0000,0.0000,0.0000,0.0000,0.0000,7326.0000,0.0000,0.0000,0.0000,0.0000,2,0,0,0,0,370,0,0,0,0
zc,TA209,2012-06-18 09:01:36.477,7324.0000,430600,104,0.0000,266.0000,185,81,空开,S,7322.0000,0.0000,0.0000,0.0000,0.0000,7324.0000,0.0000,0.0000,0.0000,0.0000,278,0,0,0,0,18,0,0,0,0
zc,TA209,2012-06-18 09:01:36.777,7326.0000,430634,34,0.0000,152.0000,93,59,多开,B,7324.0000,0.0000,0.0000,0.0000,0.0000,7326.0000,0.0000,0.0000,0.0000,0.0000,1,0,0,0,0,312,0,0,0,0
zc,TA209,2012-06-18 09:01:37.527,7324.0000,430674,40,0.0000,146.0000,93,53,空开,S,7324.0000,0.0000,0.0000,0.0000,0.0000,7326.0000,0.0000,0.0000,0.0000,0.0000,144,0,0,0,0,287,0,0,0,0
zc,TA209,2012-06-18 09:01:37.977,7324.0000,430960,286,0.0000,736.0000,511,225,空开,S,7324.0000,0.0000,0.0000,0.0000,0.0000,7326.0000,0.0000,0.0000,0.0000,0.0000,4,0,0,0,0,154,0,0,0,0
zc,TA209,2012-06-18 09:01:38.977,7324.0000,431040,80,0.0000,160.0000,120,40,空开,S,7324.0000,0.0000,0.0000,0.0000,0.0000,7326.0000,0.0000,0.0000,0.0000,0.0000,4,0,0,0,0,104,0,0,0,0
zc,TA209,2012-06-18 09:01:39.477,7324.0000,431146,106,0.0000,136.0000,121,15,空开,S,7324.0000,0.0000,0.0000,0.0000,0.0000,7326.0000,0.0000,0.0000,0.0000,0.0000,30,0,0,0,0,85,0,0,0,0
zc,TA209,2012-06-18 09:01:40.243,7326.0000,431218,72,0.0000,128.0000,100,28,多开,B,7324.0000,0.0000,0.0000,0.0000,0.0000,7326.0000,0.0000,0.0000,0.0000,0.0000,76,0,0,0,0,50,0,0,0,0
zc,TA209,2012-06-18 09:01:40.727,7324.0000,431222,4,0.0000,68.0000,36,32,空开,S,7324.0000,0.0000,0.0000,0.0000,0.0000,7326.0000,0.0000,0.0000,0.0000,0.0000,114,0,0,0,0,43,0,0,0,0
zc,TA209,2012-06-18 09:01:41.463,7324.0000,431272,50,0.0000,70.0000,60,10,空开,S,7324.0000,0.0000,0.0000,0.0000,0.0000,7326.0000,0.0000,0.0000,0.0000,0.0000,140,0,0,0,0,24,0,0,0,0
zc,TA209,2012-06-18 09:01:41.743,7324.0000,431274,2,0.0000,32.0000,17,15,空开,S,7324.0000,0.0000,0.0000,0.0000,0.0000,7326.0000,0.0000,0.0000,0.0000,0.0000,196,0,0,0,0,12,0,0,0,0
zc,TA209,2012-06-18 09:01:42.493,7326.0000,431296,22,0.0000,42.0000,32,10,多开,B,7326.0000,0.0000,0.0000,0.0000,0.0000,7328.0000,0.0000,0.0000,0.0000,0.0000,45,0,0,0,0,51,0,0,0,0
zc,TA209,2012-06-18 09:01:43.227,7326.0000,431374,78,0.0000,182.0000,130,52,多开,B,7326.0000,0.0000,0.0000,0.0000,0.0000,7328.0000,0.0000,0.0000,0.0000,0.0000,24,0,0,0,0,74,0,0,0,0
zc,TA209,2012-06-18 09:01:43.743,7324.0000,431390,16,0.0000,64.0000,40,24,空开,S,7324.0000,0.0000,0.0000,0.0000,0.0000,7328.0000,0.0000,0.0000,0.0000,0.0000,195,0,0,0,0,161,0,0,0,0
zc,TA209,2012-06-18 09:01:44.493,7328.0000,431476,86,0.0000,90.0000,88,2,多开,B,7326.0000,0.0000,0.0000,0.0000,0.0000,7328.0000,0.0000,0.0000,0.0000,0.0000,61,0,0,0,0,127,0,0,0,0
zc,TA209,2012-06-18 09:01:44.727,7326.0000,431662,186,0.0000,238.0000,212,26,空开,S,7326.0000,0.0000,0.0000,0.0000,0.0000,7328.0000,0.0000,0.0000,0.0000,0.0000,75,0,0,0,0,76,0,0,0,0
zc,TA209,2012-06-18 09:01:45.727,7328.0000,431658,-4,0.0000,98.0000,47,51,空平,B,7326.0000,0.0000,0.0000,0.0000,0.0000,7328.0000,0.0000,0.0000,0.0000,0.0000,63,0,0,0,0,78,0,0,0,0
zc,TA209,2012-06-18 09:01:45.963,7328.0000,431678,20,0.0000,20.0000,20,0,双开,B,7326.0000,0.0000,0.0000,0.0000,0.0000,7328.0000,0.0000,0.0000,0.0000,0.0000,60,0,0,0,0,86,0,0,0,0
zc,TA209,2012-06-18 09:01:46.727,7326.0000,431728,50,0.0000,54.0000,52,2,空开,S,7326.0000,0.0000,0.0000,0.0000,0.0000,7328.0000,0.0000,0.0000,0.0000,0.0000,35,0,0,0,0,93,0,0,0,0
zc,TA209,2012-06-18 09:01:47.227,7328.0000,431740,12,0.0000,28.0000,20,8,多开,B,7326.0000,0.0000,0.0000,0.0000,0.0000,7328.0000,0.0000,0.0000,0.0000,0.0000,27,0,0,0,0,216,0,0,0,0
zc,TA209,2012-06-18 09:01:47.947,7328.0000,431768,28,0.0000,52.0000,40,12,多开,B,7326.0000,0.0000,0.0000,0.0000,0.0000,7328.0000,0.0000,0.0000,0.0000,0.0000,29,0,0,0,0,221,0,0,0,0
zc,TA209,2012-06-18 09:01:48.477,7326.0000,431742,-26,0.0000,98.0000,36,62,多平,S,7326.0000,0.0000,0.0000,0.0000,0.0000,7328.0000,0.0000,0.0000,0.0000,0.0000,13,0,0,0,0,211,0,0,0,0
zc,TA209,2012-06-18 09:01:49.227,7330.0000,429846,-1896,0.0000,2032.0000,68,1964,空平,B,7324.0000,0.0000,0.0000,0.0000,0.0000,7326.0000,0.0000,0.0000,0.0000,0.0000,215,0,0,0,0,1,0,0,0,0
zc,TA209,2012-06-18 09:01:49.713,7326.0000,429862,16,0.0000,22.0000,19,3,空开,S,7324.0000,0.0000,0.0000,0.0000,0.0000,7326.0000,0.0000,0.0000,0.0000,0.0000,206,0,0,0,0,5,0,0,0,0
zc,TA209,2012-06-18 09:01:50.493,7328.0000,429852,-10,0.0000,40.0000,15,25,空平,B,7328.0000,0.0000,0.0000,0.0000,0.0000,7330.0000,0.0000,0.0000,0.0000,0.0000,1,0,0,0,0,383,0,0,0,0
zc,TA209,2012-06-18 09:01:50.947,7328.0000,429830,-22,0.0000,34.0000,6,28,空平,B,7328.0000,0.0000,0.0000,0.0000,0.0000,7330.0000,0.0000,0.0000,0.0000,0.0000,204,0,0,0,0,386,0,0,0,0
zc,TA209,2012-06-18 09:01:51.697,7330.0000,429726,-104,0.0000,106.0000,1,105,空平,B,7328.0000,0.0000,0.0000,0.0000,0.0000,7330.0000,0.0000,0.0000,0.0000,0.0000,300,0,0,0,0,342,0,0,0,0
zc,TA209,2012-06-18 09:01:52.213,7330.0000,429580,-146,0.0000,242.0000,48,194,空平,B,7328.0000,0.0000,0.0000,0.0000,0.0000,7330.0000,0.0000,0.0000,0.0000,0.0000,220,0,0,0,0,313,0,0,0,0
zc,TA209,2012-06-18 09:01:53.010,7330.0000,429544,-36,0.0000,68.0000,16,52,空平,B,7328.0000,0.0000,0.0000,0.0000,0.0000,7330.0000,0.0000,0.0000,0.0000,0.0000,218,0,0,0,0,281,0,0,0,0
zc,TA209,2012-06-18 09:01:53.743,7330.0000,429492,-52,0.0000,72.0000,10,62,空平,B,7328.0000,0.0000,0.0000,0.0000,0.0000,7330.0000,0.0000,0.0000,0.0000,0.0000,187,0,0,0,0,279,0,0,0,0
zc,TA209,2012-06-18 09:01:54.463,7328.0000,429474,-18,0.0000,214.0000,98,116,多平,S,7328.0000,0.0000,0.0000,0.0000,0.0000,7330.0000,0.0000,0.0000,0.0000,0.0000,121,0,0,0,0,279,0,0,0,0
zc,TA209,2012-06-18 09:01:55.010,7330.0000,429460,-14,0.0000,28.0000,7,21,空平,B,7328.0000,0.0000,0.0000,0.0000,0.0000,7330.0000,0.0000,0.0000,0.0000,0.0000,116,0,0,0,0,276,0,0,0,0
zc,TA209,2012-06-18 09:01:55.760,7328.0000,429460,0,0.0000,46.0000,23,23,空换,S,7328.0000,0.0000,0.0000,0.0000,0.0000,7330.0000,0.0000,0.0000,0.0000,0.0000,99,0,0,0,0,262,0,0,0,0
zc,TA209,2012-06-18 09:01:56.213,7328.0000,429454,-6,0.0000,24.0000,9,15,多平,S,7328.0000,0.0000,0.0000,0.0000,0.0000,7330.0000,0.0000,0.0000,0.0000,0.0000,94,0,0,0,0,270,0,0,0,0
zc,TA209,2012-06-18 09:01:56.933,7328.0000,429442,-12,0.0000,32.0000,10,22,多平,S,7328.0000,0.0000,0.0000,0.0000,0.0000,7330.0000,0.0000,0.0000,0.0000,0.0000,86,0,0,0,0,266,0,0,0,0
zc,TA209,2012-06-18 09:01:57.493,7328.0000,429438,-4,0.0000,16.0000,6,10,多平,S,7328.0000,0.0000,0.0000,0.0000,0.0000,7330.0000,0.0000,0.0000,0.0000,0.0000,82,0,0,0,0,269,0,0,0,0
zc,TA209,2012-06-18 09:01:57.977,7330.0000,429430,-8,0.0000,32.0000,12,20,空平,B,7328.0000,0.0000,0.0000,0.0000,0.0000,7330.0000,0.0000,0.0000,0.0000,0.0000,77,0,0,0,0,262,0,0,0,0
zc,TA209,2012-06-18 09:01:58.697,7328.0000,429400,-30,0.0000,76.0000,23,53,多平,S,7328.0000,0.0000,0.0000,0.0000,0.0000,7330.0000,0.0000,0.0000,0.0000,0.0000,67,0,0,0,0,272,0,0,0,0
zc,TA209,2012-06-18 09:01:59.213,7328.0000,429396,-4,0.0000,40.0000,18,22,多平,S,7328.0000,0.0000,0.0000,0.0000,0.0000,7330.0000,0.0000,0.0000,0.0000,0.0000,49,0,0,0,0,274,0,0,0,0
zc,TA209,2012-06-18 09:01:59.993,7328.0000,429384,-12,0.0000,74.0000,31,43,多平,S,7328.0000,0.0000,0.0000,0.0000,0.0000,7330.0000,0.0000,0.0000,0.0000,0.0000,37,0,0,0,0,263,0,0,0,0
zc,TA209,2012-06-18 09:02:00.477,7328.0000,429338,-46,0.0000,152.0000,53,99,多平,S,7326.0000,0.0000,0.0000,0.0000,0.0000,7328.0000,0.0000,0.0000,0.0000,0.0000,176,0,0,0,0,45,0,0,0,0
zc,TA209,2012-06-18 09:02:01.227,7328.0000,429324,-14,0.0000,28.0000,7,21,多平,S,7326.0000,0.0000,0.0000,0.0000,0.0000,7328.0000,0.0000,0.0000,0.0000,0.0000,179,0,0,0,0,135,0,0,0,0
zc,TA209,2012-06-18 09:02:01.727,7328.0000,429312,-12,0.0000,16.0000,2,14,多平,S,7326.0000,0.0000,0.0000,0.0000,0.0000,7328.0000,0.0000,0.0000,0.0000,0.0000,173,0,0,0,0,195,0,0,0,0
zc,TA209,2012-06-18 09:02:02.197,7326.0000,429270,-42,0.0000,142.0000,50,92,多平,S,7326.0000,0.0000,0.0000,0.0000,0.0000,7328.0000,0.0000,0.0000,0.0000,0.0000,103,0,0,0,0,199,0,0,0,0
zc,TA209,2012-06-18 09:02:02.697,7326.0000,429032,-238,0.0000,366.0000,64,302,多平,S,7326.0000,0.0000,0.0000,0.0000,0.0000,7328.0000,0.0000,0.0000,0.0000,0.0000,20,0,0,0,0,156,0,0,0,0
zc,TA209,2012-06-18 09:02:04.010,7326.0000,429016,-16,0.0000,54.0000,19,35,多平,S,7324.0000,0.0000,0.0000,0.0000,0.0000,7326.0000,0.0000,0.0000,0.0000,0.0000,240,0,0,0,0,127,0,0,0,0
zc,TA209,2012-06-18 09:02:04.227,7326.0000,429046,30,0.0000,84.0000,57,27,空开,S,7324.0000,0.0000,0.0000,0.0000,0.0000,7326.0000,0.0000,0.0000,0.0000,0.0000,218,0,0,0,0,122,0,0,0,0
zc,TA209,2012-06-18 09:02:04.977,7326.0000,429084,38,0.0000,48.0000,43,5,空开,S,7324.0000,0.0000,0.0000,0.0000,0.0000,7326.0000,0.0000,0.0000,0.0000,0.0000,204,0,0,0,0,142,0,0,0,0
zc,TA209,2012-06-18 09:02:05.510,7326.0000,429106,22,0.0000,24.0000,23,1,空开,S,7324.0000,0.0000,0.0000,0.0000,0.0000,7326.0000,0.0000,0.0000,0.0000,0.0000,193,0,0,0,0,133,0,0,0,0
zc,TA209,2012-06-18 09:02:06.213,7324.0000,429114,8,0.0000,14.0000,11,3,空开,S,7324.0000,0.0000,0.0000,0.0000,0.0000,7326.0000,0.0000,0.0000,0.0000,0.0000,189,0,0,0,0,146,0,0,0,0
zc,TA209,2012-06-18 09:02:06.683,7326.0000,429120,6,0.0000,36.0000,21,15,多开,B,7324.0000,0.0000,0.0000,0.0000,0.0000,7326.0000,0.0000,0.0000,0.0000,0.0000,175,0,0,0,0,144,0,0,0,0
zc,TA209,2012-06-18 09:02:07.183,7324.0000,429140,20,0.0000,40.0000,30,10,空开,S,7324.0000,0.0000,0.0000,0.0000,0.0000,7326.0000,0.0000,0.0000,0.0000,0.0000,164,0,0,0,0,106,0,0,0,0
zc,TA209,2012-06-18 09:02:08.010,7324.0000,429162,22,0.0000,30.0000,26,4,空开,S,7324.0000,0.0000,0.0000,0.0000,0.0000,7326.0000,0.0000,0.0000,0.0000,0.0000,159,0,0,0,0,96,0,0,0,0
zc,TA209,2012-06-18 09:02:08.463,7324.0000,429172,10,0.0000,20.0000,15,5,空开,S,7324.0000,0.0000,0.0000,0.0000,0.0000,7326.0000,0.0000,0.0000,0.0000,0.0000,188,0,0,0,0,88,0,0,0,0
zc,TA209,2012-06-18 09:02:08.963,7324.0000,429192,20,0.0000,22.0000,21,1,空开,S,7324.0000,0.0000,0.0000,0.0000,0.0000,7326.0000,0.0000,0.0000,0.0000,0.0000,184,0,0,0,0,48,0,0,0,0
zc,TA209,2012-06-18 09:02:09.400,7326.0000,429204,12,0.0000,12.0000,12,0,双开,B,7324.0000,0.0000,0.0000,0.0000,0.0000,7326.0000,0.0000,0.0000,0.0000,0.0000,184,0,0,0,0,42,0,0,0,0
zc,TA209,2012-06-18 09:02:09.493,7324.0000,429210,6,0.0000,28.0000,17,11,空开,S,7324.0000,0.0000,0.0000,0.0000,0.0000,7326.0000,0.0000,0.0000,0.0000,0.0000,171,0,0,0,0,36,0,0,0,0
zc,TA209,2012-06-18 09:02:10.227,7326.0000,429232,22,0.0000,30.0000,26,4,多开,B,7324.0000,0.0000,0.0000,0.0000,0.0000,7326.0000,0.0000,0.0000,0.0000,0.0000,165,0,0,0,0,27,0,0,0,0
zc,TA209,2012-06-18 09:02:10.667,7324.0000,429262,30,0.0000,32.0000,31,1,空开,S,7324.0000,0.0000,0.0000,0.0000,0.0000,7326.0000,0.0000,0.0000,0.0000,0.0000,203,0,0,0,0,25,0,0,0,0
zc,TA209,2012-06-18 09:02:11.227,7326.0000,429272,10,0.0000,24.0000,17,7,多开,B,7324.0000,0.0000,0.0000,0.0000,0.0000,7326.0000,0.0000,0.0000,0.0000,0.0000,198,0,0,0,0,23,0,0,0,0
zc,TA209,2012-06-18 09:02:11.977,7326.0000,429330,58,0.0000,68.0000,63,5,多开,B,7326.0000,0.0000,0.0000,0.0000,0.0000,7328.0000,0.0000,0.0000,0.0000,0.0000,179,0,0,0,0,201,0,0,0,0
zc,TA209,2012-06-18 09:02:12.463,7326.0000,429336,6,0.0000,6.0000,6,0,双开,B,7326.0000,0.0000,0.0000,0.0000,0.0000,7328.0000,0.0000,0.0000,0.0000,0.0000,186,0,0,0,0,263,0,0,0,0
zc,TA209,2012-06-18 09:02:13.213,7326.0000,429504,168,0.0000,338.0000,253,85,多开,B,7326.0000,0.0000,0.0000,0.0000,0.0000,7328.0000,0.0000,0.0000,0.0000,0.0000,80,0,0,0,0,169,0,0,0,0
zc,TA209,2012-06-18 09:02:13.963,7324.0000,429892,388,0.0000,608.0000,498,110,空开,S,7322.0000,0.0000,0.0000,0.0000,0.0000,7324.0000,0.0000,0.0000,0.0000,0.0000,477,0,0,0,0,200,0,0,0,0
zc,TA209,2012-06-18 09:02:14.727,7324.0000,429896,4,0.0000,8.0000,6,2,空开,S,7322.0000,0.0000,0.0000,0.0000,0.0000,7324.0000,0.0000,0.0000,0.0000,0.0000,475,0,0,0,0,216,0,0,0,0
zc,TA209,2012-06-18 09:02:15.227,7324.0000,429908,12,0.0000,22.0000,17,5,空开,S,7322.0000,0.0000,0.0000,0.0000,0.0000,7324.0000,0.0000,0.0000,0.0000,0.0000,481,0,0,0,0,234,0,0,0,0
zc,TA209,2012-06-18 09:02:15.760,7324.0000,429920,12,0.0000,16.0000,14,2,空开,S,7322.0000,0.0000,0.0000,0.0000,0.0000,7324.0000,0.0000,0.0000,0.0000,0.0000,480,0,0,0,0,249,0,0,0,0
zc,TA209,2012-06-18 09:02:16.197,7322.0000,429940,20,0.0000,74.0000,47,27,空开,S,7322.0000,0.0000,0.0000,0.0000,0.0000,7324.0000,0.0000,0.0000,0.0000,0.0000,470,0,0,0,0,238,0,0,0,0
zc,TA209,2012-06-18 09:02:16.977,7322.0000,430122,182,0.0000,192.0000,187,5,空开,S,7322.0000,0.0000,0.0000,0.0000,0.0000,7324.0000,0.0000,0.0000,0.0000,0.0000,457,0,0,0,0,155,0,0,0,0
zc,TA209,2012-06-18 09:02:17.463,7324.0000,430174,52,0.0000,58.0000,55,3,多开,B,7322.0000,0.0000,0.0000,0.0000,0.0000,7324.0000,0.0000,0.0000,0.0000,0.0000,450,0,0,0,0,450,0,0,0,0
zc,TA209,2012-06-18 09:02:18.197,7322.0000,430228,54,0.0000,74.0000,64,10,空开,S,7322.0000,0.0000,0.0000,0.0000,0.0000,7324.0000,0.0000,0.0000,0.0000,0.0000,432,0,0,0,0,434,0,0,0,0
zc,TA209,2012-06-18 09:02:18.743,7322.0000,430794,566,0.0000,688.0000,627,61,空开,S,7322.0000,0.0000,0.0000,0.0000,0.0000,7324.0000,0.0000,0.0000,0.0000,0.0000,130,0,0,0,0,422,0,0,0,0
zc,TA209,2012-06-18 09:02:19.463,7322.0000,430738,-56,0.0000,104.0000,24,80,多平,S,7322.0000,0.0000,0.0000,0.0000,0.0000,7324.0000,0.0000,0.0000,0.0000,0.0000,84,0,0,0,0,419,0,0,0,0
zc,TA209,2012-06-18 09:02:19.917,7322.0000,430924,186,0.0000,238.0000,212,26,空开,S,7322.0000,0.0000,0.0000,0.0000,0.0000,7324.0000,0.0000,0.0000,0.0000,0.0000,15,0,0,0,0,371,0,0,0,0
zc,TA209,2012-06-18 09:02:20.727,7322.0000,430924,0,0.0000,30.0000,15,15,空换,S,7320.0000,0.0000,0.0000,0.0000,0.0000,7322.0000,0.0000,0.0000,0.0000,0.0000,973,0,0,0,0,9,0,0,0,0
zc,TA209,2012-06-18 09:02:21.227,7322.0000,430914,-10,0.0000,20.0000,5,15,多平,S,7320.0000,0.0000,0.0000,0.0000,0.0000,7322.0000,0.0000,0.0000,0.0000,0.0000,1002,0,0,0,0,64,0,0,0,0
zc,TA209,2012-06-18 09:02:21.963,7322.0000,431052,138,0.0000,148.0000,143,5,空开,S,7322.0000,0.0000,0.0000,0.0000,0.0000,7324.0000,0.0000,0.0000,0.0000,0.0000,74,0,0,0,0,394,0,0,0,0
zc,TA209,2012-06-18 09:02:22.493,7320.0000,431056,4,0.0000,226.0000,115,111,空开,S,7320.0000,0.0000,0.0000,0.0000,0.0000,7322.0000,0.0000,0.0000,0.0000,0.0000,1032,0,0,0,0,36,0,0,0,0
zc,TA209,2012-06-18 09:02:22.977,7322.0000,431058,2,0.0000,2.0000,2,0,双开,B,7320.0000,0.0000,0.0000,0.0000,0.0000,7322.0000,0.0000,0.0000,0.0000,0.0000,1019,0,0,0,0,49,0,0,0,0
zc,TA209,2012-06-18 09:02:23.760,7322.0000,431078,20,0.0000,138.0000,79,59,多开,B,7320.0000,0.0000,0.0000,0.0000,0.0000,7322.0000,0.0000,0.0000,0.0000,0.0000,907,0,0,0,0,33,0,0,0,0
zc,TA209,2012-06-18 09:02:24.227,7322.0000,431056,-22,0.0000,70.0000,24,46,空平,B,7320.0000,0.0000,0.0000,0.0000,0.0000,7322.0000,0.0000,0.0000,0.0000,0.0000,862,0,0,0,0,29,0,0,0,0
zc,TA209,2012-06-18 09:02:24.977,7320.0000,431050,-6,0.0000,18.0000,6,12,多平,S,7320.0000,0.0000,0.0000,0.0000,0.0000,7322.0000,0.0000,0.0000,0.0000,0.0000,852,0,0,0,0,38,0,0,0,0
zc,TA209,2012-06-18 09:02:25.493,7320.0000,431090,40,0.0000,132.0000,86,46,空开,S,7320.0000,0.0000,0.0000,0.0000,0.0000,7322.0000,0.0000,0.0000,0.0000,0.0000,829,0,0,0,0,10,0,0,0,0
zc,TA209,2012-06-18 09:02:26.213,7320.0000,431042,-48,0.0000,98.0000,25,73,多平,S,7320.0000,0.0000,0.0000,0.0000,0.0000,7322.0000,0.0000,0.0000,0.0000,0.0000,782,0,0,0,0,36,0,0,0,0
zc,TA209,2012-06-18 09:02:26.743,7322.0000,430810,-232,0.0000,352.0000,60,292,空平,B,7320.0000,0.0000,0.0000,0.0000,0.0000,7322.0000,0.0000,0.0000,0.0000,0.0000,609,0,0,0,0,47,0,0,0,0
zc,TA209,2012-06-18 09:02:27.227,7322.0000,430906,96,0.0000,170.0000,133,37,多开,B,7320.0000,0.0000,0.0000,0.0000,0.0000,7322.0000,0.0000,0.0000,0.0000,0.0000,569,0,0,0,0,61,0,0,0,0
zc,TA209,2012-06-18 09:02:27.727,7320.0000,430948,42,0.0000,106.0000,74,32,空开,S,7320.0000,0.0000,0.0000,0.0000,0.0000,7322.0000,0.0000,0.0000,0.0000,0.0000,519,0,0,0,0,90,0,0,0,0
zc,TA209,2012-06-18 09:02:28.463,7320.0000,430948,0,0.0000,36.0000,18,18,空换,S,7320.0000,0.0000,0.0000,0.0000,0.0000,7322.0000,0.0000,0.0000,0.0000,0.0000,511,0,0,0,0,91,0,0,0,0
zc,TA209,2012-06-18 09:02:29.197,7320.0000,431076,128,0.0000,134.0000,131,3,空开,S,7320.0000,0.0000,0.0000,0.0000,0.0000,7322.0000,0.0000,0.0000,0.0000,0.0000,845,0,0,0,0,96,0,0,0,0
zc,TA209,2012-06-18 09:02:29.713,7320.0000,431086,10,0.0000,14.0000,12,2,空开,S,7320.0000,0.0000,0.0000,0.0000,0.0000,7322.0000,0.0000,0.0000,0.0000,0.0000,840,0,0,0,0,97,0,0,0,0
zc,TA209,2012-06-18 09:02:30.477,7322.0000,431080,-6,0.0000,10.0000,2,8,空平,B,7320.0000,0.0000,0.0000,0.0000,0.0000,7322.0000,0.0000,0.0000,0.0000,0.0000,841,0,0,0,0,101,0,0,0,0
zc,TA209,2012-06-18 09:02:30.963,7322.0000,431024,-56,0.0000,122.0000,33,89,空平,B,7320.0000,0.0000,0.0000,0.0000,0.0000,7322.0000,0.0000,0.0000,0.0000,0.0000,825,0,0,0,0,60,0,0,0,0
zc,TA209,2012-06-18 09:02:31.477,7320.0000,431026,2,0.0000,28.0000,15,13,空开,S,7320.0000,0.0000,0.0000,0.0000,0.0000,7322.0000,0.0000,0.0000,0.0000,0.0000,816,0,0,0,0,63,0,0,0,0
zc,TA209,2012-06-18 09:02:31.947,7320.0000,431076,50,0.0000,58.0000,54,4,空开,S,7320.0000,0.0000,0.0000,0.0000,0.0000,7322.0000,0.0000,0.0000,0.0000,0.0000,789,0,0,0,0,115,0,0,0,0
zc,TA209,2012-06-18 09:02:32.683,7324.0000,431364,288,0.0000,466.0000,377,89,多开,B,7322.0000,0.0000,0.0000,0.0000,0.0000,7324.0000,0.0000,0.0000,0.0000,0.0000,144,0,0,0,0,479,0,0,0,0
zc,TA209,2012-06-18 09:02:33.197,7322.0000,431424,60,0.0000,136.0000,98,38,空开,S,7322.0000,0.0000,0.0000,0.0000,0.0000,7324.0000,0.0000,0.0000,0.0000,0.0000,86,0,0,0,0,479,0,0,0,0
zc,TA209,2012-06-18 09:02:33.993,7322.0000,431544,120,0.0000,146.0000,133,13,空开,S,7322.0000,0.0000,0.0000,0.0000,0.0000,7324.0000,0.0000,0.0000,0.0000,0.0000,76,0,0,0,0,529,0,0,0,0
zc,TA209,2012-06-18 09:02:34.447,7322.0000,431538,-6,0.0000,24.0000,9,15,多平,S,7322.0000,0.0000,0.0000,0.0000,0.0000,7324.0000,0.0000,0.0000,0.0000,0.0000,177,0,0,0,0,531,0,0,0,0
zc,TA209,2012-06-18 09:02:34.963,7322.0000,431522,-16,0.0000,48.0000,16,32,多平,S,7322.0000,0.0000,0.0000,0.0000,0.0000,7324.0000,0.0000,0.0000,0.0000,0.0000,141,0,0,0,0,494,0,0,0,0
zc,TA209,2012-06-18 09:02:35.713,7322.0000,431502,-20,0.0000,62.0000,21,41,多平,S,7322.0000,0.0000,0.0000,0.0000,0.0000,7324.0000,0.0000,0.0000,0.0000,0.0000,110,0,0,0,0,494,0,0,0,0
zc,TA209,2012-06-18 09:02:36.213,7324.0000,431552,50,0.0000,162.0000,106,56,多开,B,7322.0000,0.0000,0.0000,0.0000,0.0000,7324.0000,0.0000,0.0000,0.0000,0.0000,11,0,0,0,0,497,0,0,0,0
zc,TA209,2012-06-18 09:02:37.010,7322.0000,431568,16,0.0000,32.0000,24,8,空开,S,7320.0000,0.0000,0.0000,0.0000,0.0000,7322.0000,0.0000,0.0000,0.0000,0.0000,885,0,0,0,0,38,0,0,0,0
zc,TA209,2012-06-18 09:02:37.433,7322.0000,431586,18,0.0000,26.0000,22,4,空开,S,7320.0000,0.0000,0.0000,0.0000,0.0000,7322.0000,0.0000,0.0000,0.0000,0.0000,885,0,0,0,0,37,0,0,0,0
zc,TA209,2012-06-18 09:02:37.963,7322.0000,431602,16,0.0000,16.0000,16,0,双开,S,7320.0000,0.0000,0.0000,0.0000,0.0000,7322.0000,0.0000,0.0000,0.0000,0.0000,883,0,0,0,0,67,0,0,0,0
zc,TA209,2012-06-18 09:02:38.713,7324.0000,431266,-336,0.0000,1416.0000,540,876,空平,B,7324.0000,0.0000,0.0000,0.0000,0.0000,7326.0000,0.0000,0.0000,0.0000,0.0000,292,0,0,0,0,83,0,0,0,0
zc,TA209,2012-06-18 09:02:39.213,7324.0000,431252,-14,0.0000,18.0000,2,16,空平,B,7324.0000,0.0000,0.0000,0.0000,0.0000,7326.0000,0.0000,0.0000,0.0000,0.0000,284,0,0,0,0,86,0,0,0,0
zc,TA209,2012-06-18 09:02:39.727,7324.0000,431248,-4,0.0000,44.0000,20,24,空平,B,7324.0000,0.0000,0.0000,0.0000,0.0000,7326.0000,0.0000,0.0000,0.0000,0.0000,264,0,0,0,0,70,0,0,0,0
zc,TA209,2012-06-18 09:02:40.493,7322.0000,431326,78,0.0000,746.0000,412,334,空开,S,7322.0000,0.0000,0.0000,0.0000,0.0000,7326.0000,0.0000,0.0000,0.0000,0.0000,67,0,0,0,0,69,0,0,0,0
zc,TA209,2012-06-18 09:02:40.977,7322.0000,431294,-32,0.0000,42.0000,5,37,多平,S,7322.0000,0.0000,0.0000,0.0000,0.0000,7324.0000,0.0000,0.0000,0.0000,0.0000,46,0,0,0,0,6,0,0,0,0
zc,TA209,2012-06-18 09:02:41.697,7324.0000,431288,-6,0.0000,8.0000,1,7,空平,B,7322.0000,0.0000,0.0000,0.0000,0.0000,7324.0000,0.0000,0.0000,0.0000,0.0000,67,0,0,0,0,14,0,0,0,0
zc,TA209,2012-06-18 09:02:42.197,7324.0000,431294,6,0.0000,46.0000,26,20,多开,B,7324.0000,0.0000,0.0000,0.0000,0.0000,7326.0000,0.0000,0.0000,0.0000,0.0000,65,0,0,0,0,101,0,0,0,0
zc,TA209,2012-06-18 09:02:42.963,7324.0000,431298,4,0.0000,54.0000,29,25,多开,B,7324.0000,0.0000,0.0000,0.0000,0.0000,7326.0000,0.0000,0.0000,0.0000,0.0000,80,0,0,0,0,101,0,0,0,0
zc,TA209,2012-06-18 09:02:43.493,7324.0000,431244,-54,0.0000,98.0000,22,76,空平,B,7324.0000,0.0000,0.0000,0.0000,0.0000,7326.0000,0.0000,0.0000,0.0000,0.0000,45,0,0,0,0,96,0,0,0,0
zc,TA209,2012-06-18 09:02:44.227,7324.0000,431266,22,0.0000,94.0000,58,36,多开,B,7322.0000,0.0000,0.0000,0.0000,0.0000,7324.0000,0.0000,0.0000,0.0000,0.0000,209,0,0,0,0,4,0,0,0,0
zc,TA209,2012-06-18 09:02:44.963,7324.0000,431266,0,0.0000,0.0000,0,0,多换,B,7322.0000,0.0000,0.0000,0.0000,0.0000,7324.0000,0.0000,0.0000,0.0000,0.0000,209,0,0,0,0,43,0,0,0,0
zc,TA209,2012-06-18 09:02:45.493,7322.0000,431276,10,0.0000,10.0000,10,0,双开,S,7322.0000,0.0000,0.0000,0.0000,0.0000,7324.0000,0.0000,0.0000,0.0000,0.0000,205,0,0,0,0,44,0,0,0,0
zc,TA209,2012-06-18 09:02:45.963,7324.0000,431206,-70,0.0000,88.0000,9,79,空平,B,7322.0000,0.0000,0.0000,0.0000,0.0000,7324.0000,0.0000,0.0000,0.0000,0.0000,205,0,0,0,0,6,0,0,0,0
zc,TA209,2012-06-18 09:02:46.477,7324.0000,431204,-2,0.0000,30.0000,14,16,空平,B,7322.0000,0.0000,0.0000,0.0000,0.0000,7324.0000,0.0000,0.0000,0.0000,0.0000,199,0,0,0,0,1,0,0,0,0
zc,TA209,2012-06-18 09:02:47.213,7322.0000,431222,18,0.0000,198.0000,108,90,空开,S,7322.0000,0.0000,0.0000,0.0000,0.0000,7326.0000,0.0000,0.0000,0.0000,0.0000,171,0,0,0,0,162,0,0,0,0
zc,TA209,2012-06-18 09:02:47.713,7322.0000,431222,0,0.0000,20.0000,10,10,空换,S,7322.0000,0.0000,0.0000,0.0000,0.0000,7324.0000,0.0000,0.0000,0.0000,0.0000,299,0,0,0,0,49,0,0,0,0
zc,TA209,2012-06-18 09:02:48.463,7322.0000,431190,-32,0.0000,94.0000,31,63,多平,S,7322.0000,0.0000,0.0000,0.0000,0.0000,7324.0000,0.0000,0.0000,0.0000,0.0000,276,0,0,0,0,65,0,0,0,0
zc,TA209,2012-06-18 09:02:48.963,7322.0000,431288,98,0.0000,108.0000,103,5,空开,S,7322.0000,0.0000,0.0000,0.0000,0.0000,7324.0000,0.0000,0.0000,0.0000,0.0000,91,0,0,0,0,104,0,0,0,0
zc,TA209,2012-06-18 09:02:49.433,7324.0000,431282,-6,0.0000,20.0000,7,13,空平,B,7322.0000,0.0000,0.0000,0.0000,0.0000,7324.0000,0.0000,0.0000,0.0000,0.0000,91,0,0,0,0,98,0,0,0,0
zc,TA209,2012-06-18 09:02:50.197,7322.0000,431304,22,0.0000,44.0000,33,11,空开,S,7322.0000,0.0000,0.0000,0.0000,0.0000,7324.0000,0.0000,0.0000,0.0000,0.0000,135,0,0,0,0,119,0,0,0,0
zc,TA209,2012-06-18 09:02:50.683,7324.0000,431274,-30,0.0000,552.0000,261,291,空平,B,7324.0000,0.0000,0.0000,0.0000,0.0000,7326.0000,0.0000,0.0000,0.0000,0.0000,833,0,0,0,0,114,0,0,0,0
zc,TA209,2012-06-18 09:02:51.243,7324.0000,431268,-6,0.0000,8.0000,1,7,空平,B,7324.0000,0.0000,0.0000,0.0000,0.0000,7326.0000,0.0000,0.0000,0.0000,0.0000,829,0,0,0,0,114,0,0,0,0
zc,TA209,2012-06-18 09:02:51.743,7324.0000,431352,84,0.0000,212.0000,148,64,多开,B,7324.0000,0.0000,0.0000,0.0000,0.0000,7326.0000,0.0000,0.0000,0.0000,0.0000,776,0,0,0,0,124,0,0,0,0
zc,TA209,2012-06-18 09:02:52.493,7332.0000,430798,-554,0.0000,1468.0000,457,1011,空平,B,7330.0000,0.0000,0.0000,0.0000,0.0000,7332.0000,0.0000,0.0000,0.0000,0.0000,446,0,0,0,0,26,0,0,0,0
zc,TA209,2012-06-18 09:02:52.977,7330.0000,430790,-8,0.0000,40.0000,16,24,多平,S,7330.0000,0.0000,0.0000,0.0000,0.0000,7332.0000,0.0000,0.0000,0.0000,0.0000,446,0,0,0,0,26,0,0,0,0
zc,TA209,2012-06-18 09:02:53.977,7330.0000,430734,-56,0.0000,188.0000,66,122,多平,S,7330.0000,0.0000,0.0000,0.0000,0.0000,7334.0000,0.0000,0.0000,0.0000,0.0000,381,0,0,0,0,116,0,0,0,0
zc,TA209,2012-06-18 09:02:54.713,7330.0000,430760,26,0.0000,96.0000,61,35,空开,S,7332.0000,0.0000,0.0000,0.0000,0.0000,7334.0000,0.0000,0.0000,0.0000,0.0000,21,0,0,0,0,93,0,0,0,0
zc,TA209,2012-06-18 09:02:55.540,7334.0000,430638,-122,0.0000,232.0000,55,177,空平,B,7330.0000,0.0000,0.0000,0.0000,0.0000,7334.0000,0.0000,0.0000,0.0000,0.0000,294,0,0,0,0,74,0,0,0,0
zc,TA209,2012-06-18 09:02:55.713,7330.0000,430638,0,0.0000,422.0000,211,211,空换,S,7330.0000,0.0000,0.0000,0.0000,0.0000,7334.0000,0.0000,0.0000,0.0000,0.0000,85,0,0,0,0,77,0,0,0,0
zc,TA209,2012-06-18 09:02:56.493,7330.0000,430626,-12,0.0000,18.0000,3,15,多平,S,7330.0000,0.0000,0.0000,0.0000,0.0000,7332.0000,0.0000,0.0000,0.0000,0.0000,76,0,0,0,0,9,0,0,0,0
zc,TA209,2012-06-18 09:02:56.977,7332.0000,430636,10,0.0000,28.0000,19,9,多开,B,7332.0000,0.0000,0.0000,0.0000,0.0000,7334.0000,0.0000,0.0000,0.0000,0.0000,29,0,0,0,0,80,0,0,0,0
zc,TA209,2012-06-18 09:02:57.743,7332.0000,430636,0,0.0000,62.0000,31,31,多换,B,7330.0000,0.0000,0.0000,0.0000,0.0000,7332.0000,0.0000,0.0000,0.0000,0.0000,75,0,0,0,0,2,0,0,0,0
zc,TA209,2012-06-18 09:02:57.977,7332.0000,430652,16,0.0000,30.0000,23,7,多开,B,7332.0000,0.0000,0.0000,0.0000,0.0000,7334.0000,0.0000,0.0000,0.0000,0.0000,16,0,0,0,0,108,0,0,0,0
zc,TA209,2012-06-18 09:02:58.727,7334.0000,430610,-42,0.0000,78.0000,18,60,空平,B,7332.0000,0.0000,0.0000,0.0000,0.0000,7334.0000,0.0000,0.0000,0.0000,0.0000,22,0,0,0,0,91,0,0,0,0
zc,TA209,2012-06-18 09:02:59.277,7332.0000,430602,-8,0.0000,70.0000,31,39,多平,S,7330.0000,0.0000,0.0000,0.0000,0.0000,7332.0000,0.0000,0.0000,0.0000,0.0000,78,0,0,0,0,41,0,0,0,0
zc,TA209,2012-06-18 09:02:59.977,7332.0000,430652,50,0.0000,76.0000,63,13,空开,S,7330.0000,0.0000,0.0000,0.0000,0.0000,7332.0000,0.0000,0.0000,0.0000,0.0000,80,0,0,0,0,9,0,0,0,0
zc,TA209,2012-06-18 09:03:00.777,7330.0000,430646,-6,0.0000,54.0000,24,30,多平,S,7332.0000,0.0000,0.0000,0.0000,0.0000,7334.0000,0.0000,0.0000,0.0000,0.0000,1,0,0,0,0,76,0,0,0,0
zc,TA209,2012-06-18 09:03:01.010,7334.0000,430646,0,0.0000,6.0000,3,3,多换,B,7332.0000,0.0000,0.0000,0.0000,0.0000,7334.0000,0.0000,0.0000,0.0000,0.0000,41,0,0,0,0,74,0,0,0,0
zc,TA209,2012-06-18 09:03:01.697,7334.0000,430654,8,0.0000,160.0000,84,76,多开,B,7334.0000,0.0000,0.0000,0.0000,0.0000,7336.0000,0.0000,0.0000,0.0000,0.0000,2,0,0,0,0,58,0,0,0,0
zc,TA209,2012-06-18 09:03:02.243,7332.0000,430662,8,0.0000,60.0000,34,26,空开,S,7332.0000,0.0000,0.0000,0.0000,0.0000,7334.0000,0.0000,0.0000,0.0000,0.0000,16,0,0,0,0,1,0,0,0,0
zc,TA209,2012-06-18 09:03:03.010,7334.0000,430690,28,0.0000,38.0000,33,5,多开,B,7334.0000,0.0000,0.0000,0.0000,0.0000,7336.0000,0.0000,0.0000,0.0000,0.0000,2,0,0,0,0,55,0,0,0,0
zc,TA209,2012-06-18 09:03:03.713,7334.0000,430720,30,0.0000,72.0000,51,21,多开,B,7334.0000,0.0000,0.0000,0.0000,0.0000,7336.0000,0.0000,0.0000,0.0000,0.0000,43,0,0,0,0,51,0,0,0,0
zc,TA209,2012-06-18 09:03:04.227,7334.0000,430684,-36,0.0000,50.0000,7,43,空平,B,7334.0000,0.0000,0.0000,0.0000,0.0000,7336.0000,0.0000,0.0000,0.0000,0.0000,123,0,0,0,0,49,0,0,0,0
zc,TA209,2012-06-18 09:03:04.713,7334.0000,430654,-30,0.0000,40.0000,5,35,空平,B,7334.0000,0.0000,0.0000,0.0000,0.0000,7336.0000,0.0000,0.0000,0.0000,0.0000,139,0,0,0,0,41,0,0,0,0
zc,TA209,2012-06-18 09:03:05.477,7334.0000,430650,-4,0.0000,72.0000,34,38,空平,B,7334.0000,0.0000,0.0000,0.0000,0.0000,7336.0000,0.0000,0.0000,0.0000,0.0000,317,0,0,0,0,35,0,0,0,0
zc,TA209,2012-06-18 09:03:05.963,7334.0000,430614,-36,0.0000,88.0000,26,62,空平,B,7334.0000,0.0000,0.0000,0.0000,0.0000,7336.0000,0.0000,0.0000,0.0000,0.0000,307,0,0,0,0,4,0,0,0,0
zc,TA209,2012-06-18 09:03:06.743,7338.0000,430604,-10,0.0000,34.0000,12,22,空平,B,7336.0000,0.0000,0.0000,0.0000,0.0000,7338.0000,0.0000,0.0000,0.0000,0.0000,59,0,0,0,0,36,0,0,0,0
zc,TA209,2012-06-18 09:03:07.227,7338.0000,430600,-4,0.0000,18.0000,7,11,空平,B,7336.0000,0.0000,0.0000,0.0000,0.0000,7338.0000,0.0000,0.0000,0.0000,0.0000,231,0,0,0,0,35,0,0,0,0
zc,TA209,2012-06-18 09:03:07.977,7336.0000,430586,-14,0.0000,608.0000,297,311,多平,S,7334.0000,0.0000,0.0000,0.0000,0.0000,7336.0000,0.0000,0.0000,0.0000,0.0000,309,0,0,0,0,14,0,0,0,0
zc,TA209,2012-06-18 09:03:08.727,7338.0000,430638,52,0.0000,204.0000,128,76,多开,B,7338.0000,0.0000,0.0000,0.0000,0.0000,7340.0000,0.0000,0.0000,0.0000,0.0000,18,0,0,0,0,108,0,0,0,0
zc,TA209,2012-06-18 09:03:09.727,7340.0000,430570,-68,0.0000,200.0000,66,134,空平,B,7338.0000,0.0000,0.0000,0.0000,0.0000,7340.0000,0.0000,0.0000,0.0000,0.0000,9,0,0,0,0,39,0,0,0,0
zc,TA209,2012-06-18 09:03:10.493,7340.0000,430564,-6,0.0000,22.0000,8,14,空平,B,7338.0000,0.0000,0.0000,0.0000,0.0000,7340.0000,0.0000,0.0000,0.0000,0.0000,14,0,0,0,0,42,0,0,0,0
zc,TA209,2012-06-18 09:03:11.213,7338.0000,430592,28,0.0000,96.0000,62,34,空开,S,7338.0000,0.0000,0.0000,0.0000,0.0000,7340.0000,0.0000,0.0000,0.0000,0.0000,3,0,0,0,0,8,0,0,0,0
zc,TA209,2012-06-18 09:03:11.727,7340.0000,430588,-4,0.0000,36.0000,16,20,空平,B,7340.0000,0.0000,0.0000,0.0000,0.0000,7342.0000,0.0000,0.0000,0.0000,0.0000,79,0,0,0,0,17,0,0,0,0
zc,TA209,2012-06-18 09:03:12.510,7342.0000,430612,24,0.0000,42.0000,33,9,多开,B,7342.0000,0.0000,0.0000,0.0000,0.0000,7344.0000,0.0000,0.0000,0.0000,0.0000,1,0,0,0,0,44,0,0,0,0
zc,TA209,2012-06-18 09:03:12.977,7344.0000,430606,-6,0.0000,26.0000,10,16,空平,B,7342.0000,0.0000,0.0000,0.0000,0.0000,7344.0000,0.0000,0.0000,0.0000,0.0000,22,0,0,0,0,44,0,0,0,0
zc,TA209,2012-06-18 09:03:13.697,7344.0000,430654,48,0.0000,94.0000,71,23,多开,B,7342.0000,0.0000,0.0000,0.0000,0.0000,7344.0000,0.0000,0.0000,0.0000,0.0000,32,0,0,0,0,14,0,0,0,0
zc,TA209,2012-06-18 09:03:14.227,7344.0000,430640,-14,0.0000,46.0000,16,30,空平,B,7344.0000,0.0000,0.0000,0.0000,0.0000,7346.0000,0.0000,0.0000,0.0000,0.0000,6,0,0,0,0,62,0,0,0,0
zc,TA209,2012-06-18 09:03:14.947,7346.0000,430638,-2,0.0000,34.0000,16,18,空平,B,7344.0000,0.0000,0.0000,0.0000,0.0000,7346.0000,0.0000,0.0000,0.0000,0.0000,238,0,0,0,0,50,0,0,0,0
zc,TA209,2012-06-18 09:03:15.227,7346.0000,430682,44,0.0000,188.0000,116,72,多开,B,7346.0000,0.0000,0.0000,0.0000,0.0000,7348.0000,0.0000,0.0000,0.0000,0.0000,115,0,0,0,0,125,0,0,0,0
zc,TA209,2012-06-18 09:03:15.963,7346.0000,430398,-284,0.0000,612.0000,164,448,空平,B,7346.0000,0.0000,0.0000,0.0000,0.0000,7350.0000,0.0000,0.0000,0.0000,0.0000,173,0,0,0,0,662,0,0,0,0
zc,TA209,2012-06-18 09:03:16.463,7350.0000,430392,-6,0.0000,32.0000,13,19,空平,B,7348.0000,0.0000,0.0000,0.0000,0.0000,7350.0000,0.0000,0.0000,0.0000,0.0000,3,0,0,0,0,657,0,0,0,0
zc,TA209,2012-06-18 09:03:17.197,7348.0000,430332,-60,0.0000,494.0000,217,277,多平,S,7346.0000,0.0000,0.0000,0.0000,0.0000,7348.0000,0.0000,0.0000,0.0000,0.0000,214,0,0,0,0,33,0,0,0,0
zc,TA209,2012-06-18 09:03:17.713,7348.0000,430276,-56,0.0000,390.0000,167,223,多平,S,7348.0000,0.0000,0.0000,0.0000,0.0000,7350.0000,0.0000,0.0000,0.0000,0.0000,15,0,0,0,0,416,0,0,0,0
zc,TA209,2012-06-18 09:03:18.493,7348.0000,430266,-10,0.0000,282.0000,136,146,多平,S,7346.0000,0.0000,0.0000,0.0000,0.0000,7348.0000,0.0000,0.0000,0.0000,0.0000,220,0,0,0,0,21,0,0,0,0
zc,TA209,2012-06-18 09:03:18.977,7348.0000,430214,-52,0.0000,202.0000,75,127,多平,S,7346.0000,0.0000,0.0000,0.0000,0.0000,7348.0000,0.0000,0.0000,0.0000,0.0000,210,0,0,0,0,66,0,0,0,0
zc,TA209,2012-06-18 09:03:19.463,7348.0000,430186,-28,0.0000,110.0000,41,69,多平,S,7346.0000,0.0000,0.0000,0.0000,0.0000,7348.0000,0.0000,0.0000,0.0000,0.0000,211,0,0,0,0,19,0,0,0,0
zc,TA209,2012-06-18 09:03:20.227,7348.0000,430202,16,0.0000,108.0000,62,46,空开,S,7348.0000,0.0000,0.0000,0.0000,0.0000,7350.0000,0.0000,0.0000,0.0000,0.0000,65,0,0,0,0,406,0,0,0,0
zc,TA209,2012-06-18 09:03:20.697,7350.0000,430178,-24,0.0000,164.0000,70,94,空平,B,7348.0000,0.0000,0.0000,0.0000,0.0000,7350.0000,0.0000,0.0000,0.0000,0.0000,80,0,0,0,0,402,0,0,0,0
zc,TA209,2012-06-18 09:03:21.477,7348.0000,430164,-14,0.0000,54.0000,20,34,多平,S,7348.0000,0.0000,0.0000,0.0000,0.0000,7350.0000,0.0000,0.0000,0.0000,0.0000,97,0,0,0,0,396,0,0,0,0
zc,TA209,2012-06-18 09:03:21.963,7348.0000,429860,-304,0.0000,510.0000,103,407,多平,S,7348.0000,0.0000,0.0000,0.0000,0.0000,7350.0000,0.0000,0.0000,0.0000,0.0000,84,0,0,0,0,597,0,0,0,0
zc,TA209,2012-06-18 09:03:22.760,7350.0000,429988,128,0.0000,514.0000,321,193,多开,B,7346.0000,0.0000,0.0000,0.0000,0.0000,7350.0000,0.0000,0.0000,0.0000,0.0000,223,0,0,0,0,470,0,0,0,0
zc,TA209,2012-06-18 09:03:23.243,7350.0000,429996,8,0.0000,162.0000,85,77,多开,B,7348.0000,0.0000,0.0000,0.0000,0.0000,7350.0000,0.0000,0.0000,0.0000,0.0000,8,0,0,0,0,432,0,0,0,0
zc,TA209,2012-06-18 09:03:24.260,7350.0000,429760,-236,0.0000,1292.0000,528,764,空平,B,7350.0000,0.0000,0.0000,0.0000,0.0000,7352.0000,0.0000,0.0000,0.0000,0.0000,171,0,0,0,0,32,0,0,0,0
zc,TA209,2012-06-18 09:03:24.743,7350.0000,429720,-40,0.0000,52.0000,6,46,空平,B,7350.0000,0.0000,0.0000,0.0000,0.0000,7352.0000,0.0000,0.0000,0.0000,0.0000,154,0,0,0,0,51,0,0,0,0
zc,TA209,2012-06-18 09:03:25.493,7350.0000,429646,-74,0.0000,174.0000,50,124,空平,B,7352.0000,0.0000,0.0000,0.0000,0.0000,7354.0000,0.0000,0.0000,0.0000,0.0000,3,0,0,0,0,273,0,0,0,0
zc,TA209,2012-06-18 09:03:25.933,7350.0000,429644,-2,0.0000,92.0000,45,47,空平,B,7352.0000,0.0000,0.0000,0.0000,0.0000,7354.0000,0.0000,0.0000,0.0000,0.0000,5,0,0,0,0,273,0,0,0,0
zc,TA209,2012-06-18 09:03:26.463,7354.0000,429652,8,0.0000,42.0000,25,17,多开,B,7352.0000,0.0000,0.0000,0.0000,0.0000,7354.0000,0.0000,0.0000,0.0000,0.0000,2,0,0,0,0,263,0,0,0,0
zc,TA209,2012-06-18 09:03:27.260,7352.0000,429566,-86,0.0000,158.0000,36,122,多平,S,7350.0000,0.0000,0.0000,0.0000,0.0000,7352.0000,0.0000,0.0000,0.0000,0.0000,134,0,0,0,0,102,0,0,0,0
zc,TA209,2012-06-18 09:03:27.713,7352.0000,429554,-12,0.0000,70.0000,29,41,多平,S,7350.0000,0.0000,0.0000,0.0000,0.0000,7352.0000,0.0000,0.0000,0.0000,0.0000,125,0,0,0,0,294,0,0,0,0
zc,TA209,2012-06-18 09:03:28.463,7352.0000,429372,-182,0.0000,372.0000,95,277,多平,S,7350.0000,0.0000,0.0000,0.0000,0.0000,7352.0000,0.0000,0.0000,0.0000,0.0000,120,0,0,0,0,342,0,0,0,0
zc,TA209,2012-06-18 09:03:29.260,7350.0000,429418,46,0.0000,326.0000,186,140,空开,S,7348.0000,0.0000,0.0000,0.0000,0.0000,7350.0000,0.0000,0.0000,0.0000,0.0000,67,0,0,0,0,68,0,0,0,0
zc,TA209,2012-06-18 09:03:29.727,7350.0000,429378,-40,0.0000,78.0000,19,59,多平,S,7348.0000,0.0000,0.0000,0.0000,0.0000,7350.0000,0.0000,0.0000,0.0000,0.0000,64,0,0,0,0,51,0,0,0,0
zc,TA209,2012-06-18 09:03:30.227,7350.0000,429366,-12,0.0000,56.0000,22,34,多平,S,7348.0000,0.0000,0.0000,0.0000,0.0000,7350.0000,0.0000,0.0000,0.0000,0.0000,64,0,0,0,0,78,0,0,0,0
zc,TA209,2012-06-18 09:03:30.947,7350.0000,429364,-2,0.0000,42.0000,20,22,多平,S,7348.0000,0.0000,0.0000,0.0000,0.0000,7350.0000,0.0000,0.0000,0.0000,0.0000,61,0,0,0,0,77,0,0,0,0
zc,TA209,2012-06-18 09:03:31.477,7350.0000,429368,4,0.0000,18.0000,11,7,空开,S,7348.0000,0.0000,0.0000,0.0000,0.0000,7350.0000,0.0000,0.0000,0.0000,0.0000,70,0,0,0,0,82,0,0,0,0
zc,TA209,2012-06-18 09:03:32.243,7348.0000,429354,-14,0.0000,62.0000,24,38,多平,S,7348.0000,0.0000,0.0000,0.0000,0.0000,7350.0000,0.0000,0.0000,0.0000,0.0000,61,0,0,0,0,74,0,0,0,0
zc,TA209,2012-06-18 09:03:32.743,7348.0000,429358,4,0.0000,52.0000,28,24,空开,S,7348.0000,0.0000,0.0000,0.0000,0.0000,7350.0000,0.0000,0.0000,0.0000,0.0000,51,0,0,0,0,79,0,0,0,0
zc,TA209,2012-06-18 09:03:33.493,7348.0000,429458,100,0.0000,502.0000,301,201,空开,S,7346.0000,0.0000,0.0000,0.0000,0.0000,7348.0000,0.0000,0.0000,0.0000,0.0000,235,0,0,0,0,2,0,0,0,0
zc,TA209,2012-06-18 09:03:34.227,7350.0000,429378,-80,0.0000,150.0000,35,115,空平,B,7350.0000,0.0000,0.0000,0.0000,0.0000,7352.0000,0.0000,0.0000,0.0000,0.0000,115,0,0,0,0,309,0,0,0,0
zc,TA209,2012-06-18 09:03:34.743,7350.0000,429280,-98,0.0000,180.0000,41,139,空平,B,7350.0000,0.0000,0.0000,0.0000,0.0000,7352.0000,0.0000,0.0000,0.0000,0.0000,34,0,0,0,0,311,0,0,0,0
zc,TA209,2012-06-18 09:03:35.477,7348.0000,429258,-22,0.0000,122.0000,50,72,多平,S,7348.0000,0.0000,0.0000,0.0000,0.0000,7350.0000,0.0000,0.0000,0.0000,0.0000,241,0,0,0,0,99,0,0,0,0
zc,TA209,2012-06-18 09:03:36.197,7348.0000,429248,-10,0.0000,48.0000,19,29,多平,S,7348.0000,0.0000,0.0000,0.0000,0.0000,7350.0000,0.0000,0.0000,0.0000,0.0000,303,0,0,0,0,94,0,0,0,0
zc,TA209,2012-06-18 09:03:36.697,7348.0000,429240,-8,0.0000,44.0000,18,26,多平,S,7348.0000,0.0000,0.0000,0.0000,0.0000,7350.0000,0.0000,0.0000,0.0000,0.0000,299,0,0,0,0,93,0,0,0,0
zc,TA209,2012-06-18 09:03:37.227,7350.0000,429242,2,0.0000,38.0000,20,18,多开,B,7348.0000,0.0000,0.0000,0.0000,0.0000,7350.0000,0.0000,0.0000,0.0000,0.0000,341,0,0,0,0,110,0,0,0,0
zc,TA209,2012-06-18 09:03:37.697,7350.0000,429310,68,0.0000,92.0000,80,12,多开,B,7348.0000,0.0000,0.0000,0.0000,0.0000,7350.0000,0.0000,0.0000,0.0000,0.0000,324,0,0,0,0,74,0,0,0,0
zc,TA209,2012-06-18 09:03:38.697,7348.0000,429388,78,0.0000,154.0000,116,38,空开,S,7348.0000,0.0000,0.0000,0.0000,0.0000,7350.0000,0.0000,0.0000,0.0000,0.0000,324,0,0,0,0,77,0,0,0,0
zc,TA209,2012-06-18 09:03:39.227,7348.0000,429656,268,0.0000,438.0000,353,85,空开,S,7348.0000,0.0000,0.0000,0.0000,0.0000,7350.0000,0.0000,0.0000,0.0000,0.0000,118,0,0,0,0,70,0,0,0,0
zc,TA209,2012-06-18 09:03:39.977,7348.0000,429634,-22,0.0000,36.0000,7,29,多平,S,7348.0000,0.0000,0.0000,0.0000,0.0000,7350.0000,0.0000,0.0000,0.0000,0.0000,115,0,0,0,0,72,0,0,0,0
zc,TA209,2012-06-18 09:03:40.447,7348.0000,429638,4,0.0000,58.0000,31,27,空开,S,7348.0000,0.0000,0.0000,0.0000,0.0000,7350.0000,0.0000,0.0000,0.0000,0.0000,113,0,0,0,0,47,0,0,0,0
zc,TA209,2012-06-18 09:03:41.167,7350.0000,429690,52,0.0000,160.0000,106,54,多开,B,7348.0000,0.0000,0.0000,0.0000,0.0000,7350.0000,0.0000,0.0000,0.0000,0.0000,62,0,0,0,0,107,0,0,0,0
zc,TA209,2012-06-18 09:03:41.743,7346.0000,429772,82,0.0000,168.0000,125,43,空开,S,7346.0000,0.0000,0.0000,0.0000,0.0000,7348.0000,0.0000,0.0000,0.0000,0.0000,248,0,0,0,0,28,0,0,0,0
zc,TA209,2012-06-18 09:03:42.493,7348.0000,429758,-14,0.0000,26.0000,6,20,空平,B,7346.0000,0.0000,0.0000,0.0000,0.0000,7348.0000,0.0000,0.0000,0.0000,0.0000,241,0,0,0,0,60,0,0,0,0
zc,TA209,2012-06-18 09:03:42.993,7350.0000,429732,-26,0.0000,212.0000,93,119,空平,B,7348.0000,0.0000,0.0000,0.0000,0.0000,7350.0000,0.0000,0.0000,0.0000,0.0000,1,0,0,0,0,518,0,0,0,0
zc,TA209,2012-06-18 09:03:43.510,7348.0000,429784,52,0.0000,66.0000,59,7,空开,S,7346.0000,0.0000,0.0000,0.0000,0.0000,7348.0000,0.0000,0.0000,0.0000,0.0000,239,0,0,0,0,24,0,0,0,0
zc,TA209,2012-06-18 09:03:44.227,7348.0000,429782,-2,0.0000,72.0000,35,37,多平,S,7346.0000,0.0000,0.0000,0.0000,0.0000,7348.0000,0.0000,0.0000,0.0000,0.0000,227,0,0,0,0,178,0,0,0,0
zc,TA209,2012-06-18 09:03:44.697,7348.0000,429772,-10,0.0000,68.0000,29,39,多平,S,7346.0000,0.0000,0.0000,0.0000,0.0000,7348.0000,0.0000,0.0000,0.0000,0.0000,226,0,0,0,0,155,0,0,0,0
zc,TA209,2012-06-18 09:03:45.183,7348.0000,429766,-6,0.0000,34.0000,14,20,多平,S,7346.0000,0.0000,0.0000,0.0000,0.0000,7348.0000,0.0000,0.0000,0.0000,0.0000,219,0,0,0,0,192,0,0,0,0
zc,TA209,2012-06-18 09:03:45.977,7346.0000,429758,-8,0.0000,270.0000,131,139,多平,S,7346.0000,0.0000,0.0000,0.0000,0.0000,7348.0000,0.0000,0.0000,0.0000,0.0000,211,0,0,0,0,77,0,0,0,0
zc,TA209,2012-06-18 09:03:46.727,7348.0000,429816,58,0.0000,136.0000,97,39,多开,B,7346.0000,0.0000,0.0000,0.0000,0.0000,7348.0000,0.0000,0.0000,0.0000,0.0000,208,0,0,0,0,58,0,0,0,0
zc,TA209,2012-06-18 09:03:47.227,7346.0000,429822,6,0.0000,58.0000,32,26,空开,S,7346.0000,0.0000,0.0000,0.0000,0.0000,7348.0000,0.0000,0.0000,0.0000,0.0000,189,0,0,0,0,48,0,0,0,0
zc,TA209,2012-06-18 09:03:47.977,7346.0000,429842,20,0.0000,58.0000,39,19,空开,S,7346.0000,0.0000,0.0000,0.0000,0.0000,7348.0000,0.0000,0.0000,0.0000,0.0000,174,0,0,0,0,110,0,0,0,0
zc,TA209,2012-06-18 09:03:48.727,7348.0000,429866,24,0.0000,152.0000,88,64,多开,B,7346.0000,0.0000,0.0000,0.0000,0.0000,7348.0000,0.0000,0.0000,0.0000,0.0000,183,0,0,0,0,101,0,0,0,0
zc,TA209,2012-06-18 09:03:49.197,7346.0000,429934,68,0.0000,106.0000,87,19,空开,S,7346.0000,0.0000,0.0000,0.0000,0.0000,7348.0000,0.0000,0.0000,0.0000,0.0000,160,0,0,0,0,76,0,0,0,0
zc,TA209,2012-06-18 09:03:49.947,7348.0000,429970,36,0.0000,42.0000,39,3,多开,B,7346.0000,0.0000,0.0000,0.0000,0.0000,7348.0000,0.0000,0.0000,0.0000,0.0000,162,0,0,0,0,56,0,0,0,0
zc,TA209,2012-06-18 09:03:50.477,7346.0000,429970,0,0.0000,30.0000,15,15,空换,S,7346.0000,0.0000,0.0000,0.0000,0.0000,7348.0000,0.0000,0.0000,0.0000,0.0000,122,0,0,0,0,256,0,0,0,0
zc,TA209,2012-06-18 09:03:51.493,7348.0000,429976,6,0.0000,32.0000,19,13,多开,B,7346.0000,0.0000,0.0000,0.0000,0.0000,7348.0000,0.0000,0.0000,0.0000,0.0000,113,0,0,0,0,260,0,0,0,0
zc,TA209,2012-06-18 09:03:52.027,7346.0000,430132,156,0.0000,248.0000,202,46,空开,S,7344.0000,0.0000,0.0000,0.0000,0.0000,7346.0000,0.0000,0.0000,0.0000,0.0000,252,0,0,0,0,78,0,0,0,0
zc,TA209,2012-06-18 09:03:52.713,7346.0000,430118,-14,0.0000,78.0000,32,46,多平,S,7344.0000,0.0000,0.0000,0.0000,0.0000,7346.0000,0.0000,0.0000,0.0000,0.0000,253,0,0,0,0,52,0,0,0,0
zc,TA209,2012-06-18 09:03:53.227,7346.0000,430102,-16,0.0000,44.0000,14,30,多平,S,7344.0000,0.0000,0.0000,0.0000,0.0000,7346.0000,0.0000,0.0000,0.0000,0.0000,247,0,0,0,0,46,0,0,0,0
zc,TA209,2012-06-18 09:03:53.713,7344.0000,429730,-372,0.0000,536.0000,82,454,多平,S,7342.0000,0.0000,0.0000,0.0000,0.0000,7344.0000,0.0000,0.0000,0.0000,0.0000,60,0,0,0,0,59,0,0,0,0
zc,TA209,2012-06-18 09:03:54.463,7344.0000,429762,32,0.0000,74.0000,53,21,空开,S,7342.0000,0.0000,0.0000,0.0000,0.0000,7344.0000,0.0000,0.0000,0.0000,0.0000,29,0,0,0,0,56,0,0,0,0
zc,TA209,2012-06-18 09:03:54.933,7344.0000,429746,-16,0.0000,40.0000,12,28,多平,S,7342.0000,0.0000,0.0000,0.0000,0.0000,7344.0000,0.0000,0.0000,0.0000,0.0000,42,0,0,0,0,37,0,0,0,0
zc,TA209,2012-06-18 09:03:55.477,7344.0000,429736,-10,0.0000,78.0000,34,44,多平,S,7342.0000,0.0000,0.0000,0.0000,0.0000,7344.0000,0.0000,0.0000,0.0000,0.0000,8,0,0,0,0,33,0,0,0,0
zc,TA209,2012-06-18 09:03:55.933,7342.0000,429726,-10,0.0000,18.0000,4,14,多平,S,7342.0000,0.0000,0.0000,0.0000,0.0000,7344.0000,0.0000,0.0000,0.0000,0.0000,29,0,0,0,0,34,0,0,0,0
zc,TA209,2012-06-18 09:03:56.977,7342.0000,429698,-28,0.0000,152.0000,62,90,多平,S,7340.0000,0.0000,0.0000,0.0000,0.0000,7342.0000,0.0000,0.0000,0.0000,0.0000,59,0,0,0,0,13,0,0,0,0
zc,TA209,2012-06-18 09:03:57.213,7342.0000,429720,22,0.0000,28.0000,25,3,空开,S,7340.0000,0.0000,0.0000,0.0000,0.0000,7342.0000,0.0000,0.0000,0.0000,0.0000,103,0,0,0,0,31,0,0,0,0
zc,TA209,2012-06-18 09:03:57.977,7342.0000,429678,-42,0.0000,106.0000,32,74,多平,S,7340.0000,0.0000,0.0000,0.0000,0.0000,7344.0000,0.0000,0.0000,0.0000,0.0000,82,0,0,0,0,35,0,0,0,0
zc,TA209,2012-06-18 09:03:58.727,7340.0000,429688,10,0.0000,22.0000,16,6,空开,S,7340.0000,0.0000,0.0000,0.0000,0.0000,7342.0000,0.0000,0.0000,0.0000,0.0000,64,0,0,0,0,3,0,0,0,0
zc,TA209,2012-06-18 09:03:59.493,7342.0000,429688,0,0.0000,56.0000,28,28,多换,B,7342.0000,0.0000,0.0000,0.0000,0.0000,7344.0000,0.0000,0.0000,0.0000,0.0000,29,0,0,0,0,47,0,0,0,0
zc,TA209,2012-06-18 09:03:59.947,7342.0000,429678,-10,0.0000,70.0000,30,40,空平,B,7342.0000,0.0000,0.0000,0.0000,0.0000,7344.0000,0.0000,0.0000,0.0000,0.0000,25,0,0,0,0,55,0,0,0,0
zc,TA209,2012-06-18 09:04:00.727,7342.0000,429672,-6,0.0000,56.0000,25,31,空平,B,7340.0000,0.0000,0.0000,0.0000,0.0000,7342.0000,0.0000,0.0000,0.0000,0.0000,53,0,0,0,0,45,0,0,0,0
zc,TA209,2012-06-18 09:04:01.197,7340.0000,429622,-50,0.0000,142.0000,46,96,多平,S,7340.0000,0.0000,0.0000,0.0000,0.0000,7342.0000,0.0000,0.0000,0.0000,0.0000,54,0,0,0,0,85,0,0,0,0
zc,TA209,2012-06-18 09:04:01.683,7342.0000,429582,-40,0.0000,108.0000,34,74,空平,B,7340.0000,0.0000,0.0000,0.0000,0.0000,7342.0000,0.0000,0.0000,0.0000,0.0000,32,0,0,0,0,53,0,0,0,0
zc,TA209,2012-06-18 09:04:02.477,7342.0000,429606,24,0.0000,54.0000,39,15,多开,B,7340.0000,0.0000,0.0000,0.0000,0.0000,7342.0000,0.0000,0.0000,0.0000,0.0000,24,0,0,0,0,155,0,0,0,0
zc,TA209,2012-06-18 09:04:02.963,7340.0000,429602,-4,0.0000,26.0000,11,15,多平,S,7340.0000,0.0000,0.0000,0.0000,0.0000,7342.0000,0.0000,0.0000,0.0000,0.0000,14,0,0,0,0,187,0,0,0,0
zc,TA209,2012-06-18 09:04:03.713,7340.0000,429578,-24,0.0000,54.0000,15,39,多平,S,7338.0000,0.0000,0.0000,0.0000,0.0000,7340.0000,0.0000,0.0000,0.0000,0.0000,25,0,0,0,0,2,0,0,0,0
zc,TA209,2012-06-18 09:04:04.213,7340.0000,429626,48,0.0000,56.0000,52,4,空开,S,7340.0000,0.0000,0.0000,0.0000,0.0000,7342.0000,0.0000,0.0000,0.0000,0.0000,8,0,0,0,0,195,0,0,0,0
zc,TA209,2012-06-18 09:04:04.743,7338.0000,429648,22,0.0000,64.0000,43,21,空开,S,7336.0000,0.0000,0.0000,0.0000,0.0000,7338.0000,0.0000,0.0000,0.0000,0.0000,11,0,0,0,0,74,0,0,0,0
zc,TA209,2012-06-18 09:04:05.227,7338.0000,429652,4,0.0000,56.0000,30,26,空开,S,7334.0000,0.0000,0.0000,0.0000,0.0000,7338.0000,0.0000,0.0000,0.0000,0.0000,202,0,0,0,0,96,0,0,0,0
zc,TA209,2012-06-18 09:04:05.993,7336.0000,429660,8,0.0000,16.0000,12,4,空开,S,7334.0000,0.0000,0.0000,0.0000,0.0000,7336.0000,0.0000,0.0000,0.0000,0.0000,199,0,0,0,0,9,0,0,0,0
zc,TA209,2012-06-18 09:04:06.463,7338.0000,429686,26,0.0000,74.0000,50,24,多开,B,7334.0000,0.0000,0.0000,0.0000,0.0000,7336.0000,0.0000,0.0000,0.0000,0.0000,199,0,0,0,0,1,0,0,0,0
zc,TA209,2012-06-18 09:04:07.213,7334.0000,429692,6,0.0000,22.0000,14,8,空开,S,7334.0000,0.0000,0.0000,0.0000,0.0000,7336.0000,0.0000,0.0000,0.0000,0.0000,200,0,0,0,0,1,0,0,0,0
zc,TA209,2012-06-18 09:04:07.727,7338.0000,429692,0,0.0000,36.0000,18,18,多换,B,7336.0000,0.0000,0.0000,0.0000,0.0000,7338.0000,0.0000,0.0000,0.0000,0.0000,20,0,0,0,0,89,0,0,0,0
zc,TA209,2012-06-18 09:04:08.227,7336.0000,429674,-18,0.0000,44.0000,13,31,多平,S,7334.0000,0.0000,0.0000,0.0000,0.0000,7336.0000,0.0000,0.0000,0.0000,0.0000,193,0,0,0,0,1,0,0,0,0
zc,TA209,2012-06-18 09:04:08.947,7336.0000,429974,300,0.0000,350.0000,325,25,空开,S,7336.0000,0.0000,0.0000,0.0000,0.0000,7338.0000,0.0000,0.0000,0.0000,0.0000,4,0,0,0,0,93,0,0,0,0
zc,TA209,2012-06-18 09:04:09.417,7332.0000,429946,-28,0.0000,112.0000,42,70,多平,S,7330.0000,0.0000,0.0000,0.0000,0.0000,7332.0000,0.0000,0.0000,0.0000,0.0000,82,0,0,0,0,11,0,0,0,0
zc,TA209,2012-06-18 09:04:09.540,7332.0000,429942,-4,0.0000,4.0000,0,4,双平,S,7330.0000,0.0000,0.0000,0.0000,0.0000,7332.0000,0.0000,0.0000,0.0000,0.0000,82,0,0,0,0,10,0,0,0,0
zc,TA209,2012-06-18 09:04:10.277,7330.0000,429930,-12,0.0000,22.0000,5,17,多平,S,7330.0000,0.0000,0.0000,0.0000,0.0000,7332.0000,0.0000,0.0000,0.0000,0.0000,72,0,0,0,0,14,0,0,0,0
zc,TA209,2012-06-18 09:04:10.760,7330.0000,429842,-88,0.0000,164.0000,38,126,多平,S,7328.0000,0.0000,0.0000,0.0000,0.0000,7330.0000,0.0000,0.0000,0.0000,0.0000,62,0,0,0,0,2,0,0,0,0
zc,TA209,2012-06-18 09:04:11.463,7328.0000,429856,14,0.0000,100.0000,57,43,空开,S,7328.0000,0.0000,0.0000,0.0000,0.0000,7330.0000,0.0000,0.0000,0.0000,0.0000,27,0,0,0,0,13,0,0,0,0
zc,TA209,2012-06-18 09:04:11.993,7330.0000,429868,12,0.0000,78.0000,45,33,多开,B,7328.0000,0.0000,0.0000,0.0000,0.0000,7330.0000,0.0000,0.0000,0.0000,0.0000,2,0,0,0,0,19,0,0,0,0
zc,TA209,2012-06-18 09:04:12.713,7328.0000,429862,-6,0.0000,32.0000,13,19,多平,S,7326.0000,0.0000,0.0000,0.0000,0.0000,7328.0000,0.0000,0.0000,0.0000,0.0000,28,0,0,0,0,26,0,0,0,0
zc,TA209,2012-06-18 09:04:13.183,7328.0000,429862,0,0.0000,10.0000,5,5,空换,S,7326.0000,0.0000,0.0000,0.0000,0.0000,7328.0000,0.0000,0.0000,0.0000,0.0000,42,0,0,0,0,38,0,0,0,0
zc,TA209,2012-06-18 09:04:13.977,7326.0000,429898,36,0.0000,128.0000,82,46,空开,S,7326.0000,0.0000,0.0000,0.0000,0.0000,7328.0000,0.0000,0.0000,0.0000,0.0000,35,0,0,0,0,19,0,0,0,0
zc,TA209,2012-06-18 09:04:14.433,7328.0000,429902,4,0.0000,42.0000,23,19,多开,B,7326.0000,0.0000,0.0000,0.0000,0.0000,7328.0000,0.0000,0.0000,0.0000,0.0000,54,0,0,0,0,10,0,0,0,0
zc,TA209,2012-06-18 09:04:15.260,7328.0000,429884,-18,0.0000,144.0000,63,81,空平,B,7328.0000,0.0000,0.0000,0.0000,0.0000,7330.0000,0.0000,0.0000,0.0000,0.0000,118,0,0,0,0,30,0,0,0,0
zc,TA209,2012-06-18 09:04:15.713,7328.0000,429792,-92,0.0000,114.0000,11,103,空平,B,7328.0000,0.0000,0.0000,0.0000,0.0000,7330.0000,0.0000,0.0000,0.0000,0.0000,110,0,0,0,0,1,0,0,0,0
zc,TA209,2012-06-18 09:04:16.477,7328.0000,429764,-28,0.0000,28.0000,0,28,双平,B,7328.0000,0.0000,0.0000,0.0000,0.0000,7330.0000,0.0000,0.0000,0.0000,0.0000,97,0,0,0,0,9,0,0,0,0
zc,TA209,2012-06-18 09:04:16.947,7328.0000,429756,-8,0.0000,122.0000,57,65,空平,B,7328.0000,0.0000,0.0000,0.0000,0.0000,7330.0000,0.0000,0.0000,0.0000,0.0000,40,0,0,0,0,29,0,0,0,0
zc,TA209,2012-06-18 09:04:17.760,7328.0000,429698,-58,0.0000,118.0000,30,88,空平,B,7328.0000,0.0000,0.0000,0.0000,0.0000,7330.0000,0.0000,0.0000,0.0000,0.0000,6,0,0,0,0,68,0,0,0,0
zc,TA209,2012-06-18 09:04:18.227,7328.0000,429716,18,0.0000,30.0000,24,6,多开,B,7326.0000,0.0000,0.0000,0.0000,0.0000,7328.0000,0.0000,0.0000,0.0000,0.0000,117,0,0,0,0,10,0,0,0,0
zc,TA209,2012-06-18 09:04:18.963,7328.0000,429720,4,0.0000,26.0000,15,11,多开,B,7326.0000,0.0000,0.0000,0.0000,0.0000,7328.0000,0.0000,0.0000,0.0000,0.0000,117,0,0,0,0,20,0,0,0,0
zc,TA209,2012-06-18 09:04:19.477,7328.0000,429708,-12,0.0000,36.0000,12,24,空平,B,7326.0000,0.0000,0.0000,0.0000,0.0000,7328.0000,0.0000,0.0000,0.0000,0.0000,108,0,0,0,0,32,0,0,0,0
zc,TA209,2012-06-18 09:04:20.227,7328.0000,429662,-46,0.0000,76.0000,15,61,空平,B,7328.0000,0.0000,0.0000,0.0000,0.0000,7330.0000,0.0000,0.0000,0.0000,0.0000,40,0,0,0,0,100,0,0,0,0
zc,TA209,2012-06-18 09:04:20.713,7328.0000,429650,-12,0.0000,126.0000,57,69,空平,B,7328.0000,0.0000,0.0000,0.0000,0.0000,7330.0000,0.0000,0.0000,0.0000,0.0000,7,0,0,0,0,100,0,0,0,0
zc,TA209,2012-06-18 09:04:21.213,7330.0000,429678,28,0.0000,50.0000,39,11,多开,B,7328.0000,0.0000,0.0000,0.0000,0.0000,7330.0000,0.0000,0.0000,0.0000,0.0000,41,0,0,0,0,88,0,0,0,0
zc,TA209,2012-06-18 09:04:21.933,7328.0000,429628,-50,0.0000,76.0000,13,63,多平,S,7328.0000,0.0000,0.0000,0.0000,0.0000,7330.0000,0.0000,0.0000,0.0000,0.0000,20,0,0,0,0,59,0,0,0,0
zc,TA209,2012-06-18 09:04:22.463,7328.0000,429652,24,0.0000,128.0000,76,52,空开,S,7328.0000,0.0000,0.0000,0.0000,0.0000,7330.0000,0.0000,0.0000,0.0000,0.0000,95,0,0,0,0,63,0,0,0,0
zc,TA209,2012-06-18 09:04:23.213,7328.0000,429618,-34,0.0000,130.0000,48,82,多平,S,7328.0000,0.0000,0.0000,0.0000,0.0000,7330.0000,0.0000,0.0000,0.0000,0.0000,30,0,0,0,0,77,0,0,0,0
zc,TA209,2012-06-18 09:04:23.727,7328.0000,429612,-6,0.0000,92.0000,43,49,多平,S,7328.0000,0.0000,0.0000,0.0000,0.0000,7330.0000,0.0000,0.0000,0.0000,0.0000,15,0,0,0,0,42,0,0,0,0
zc,TA209,2012-06-18 09:04:24.477,7328.0000,429556,-56,0.0000,84.0000,14,70,多平,S,7326.0000,0.0000,0.0000,0.0000,0.0000,7330.0000,0.0000,0.0000,0.0000,0.0000,122,0,0,0,0,45,0,0,0,0
zc,TA209,2012-06-18 09:04:25.010,7328.0000,429582,26,0.0000,42.0000,34,8,空开,S,7328.0000,0.0000,0.0000,0.0000,0.0000,7330.0000,0.0000,0.0000,0.0000,0.0000,7,0,0,0,0,54,0,0,0,0
zc,TA209,2012-06-18 09:04:25.727,7330.0000,429598,16,0.0000,20.0000,18,2,多开,B,7328.0000,0.0000,0.0000,0.0000,0.0000,7330.0000,0.0000,0.0000,0.0000,0.0000,6,0,0,0,0,50,0,0,0,0
zc,TA209,2012-06-18 09:04:26.213,7328.0000,429642,44,0.0000,52.0000,48,4,空开,S,7326.0000,0.0000,0.0000,0.0000,0.0000,7328.0000,0.0000,0.0000,0.0000,0.0000,147,0,0,0,0,157,0,0,0,0
zc,TA209,2012-06-18 09:04:26.683,7328.0000,429648,6,0.0000,8.0000,7,1,空开,S,7326.0000,0.0000,0.0000,0.0000,0.0000,7328.0000,0.0000,0.0000,0.0000,0.0000,146,0,0,0,0,158,0,0,0,0
zc,TA209,2012-06-18 09:04:27.213,7328.0000,429646,-2,0.0000,6.0000,2,4,多平,S,7326.0000,0.0000,0.0000,0.0000,0.0000,7328.0000,0.0000,0.0000,0.0000,0.0000,165,0,0,0,0,192,0,0,0,0
zc,TA209,2012-06-18 09:04:27.963,7328.0000,429714,68,0.0000,72.0000,70,2,空开,S,7326.0000,0.0000,0.0000,0.0000,0.0000,7328.0000,0.0000,0.0000,0.0000,0.0000,142,0,0,0,0,160,0,0,0,0
zc,TA209,2012-06-18 09:04:28.697,7326.0000,429838,124,0.0000,256.0000,190,66,空开,S,7326.0000,0.0000,0.0000,0.0000,0.0000,7328.0000,0.0000,0.0000,0.0000,0.0000,71,0,0,0,0,109,0,0,0,0
zc,TA209,2012-06-18 09:04:29.227,7326.0000,429930,92,0.0000,168.0000,130,38,空开,S,7324.0000,0.0000,0.0000,0.0000,0.0000,7326.0000,0.0000,0.0000,0.0000,0.0000,83,0,0,0,0,84,0,0,0,0
zc,TA209,2012-06-18 09:04:29.963,7326.0000,429938,8,0.0000,12.0000,10,2,空开,S,7324.0000,0.0000,0.0000,0.0000,0.0000,7326.0000,0.0000,0.0000,0.0000,0.0000,77,0,0,0,0,487,0,0,0,0
zc,TA209,2012-06-18 09:04:30.197,7324.0000,430026,88,0.0000,128.0000,108,20,空开,S,7324.0000,0.0000,0.0000,0.0000,0.0000,7326.0000,0.0000,0.0000,0.0000,0.0000,37,0,0,0,0,463,0,0,0,0
zc,TA209,2012-06-18 09:04:30.977,7326.0000,430092,66,0.0000,96.0000,81,15,多开,B,7324.0000,0.0000,0.0000,0.0000,0.0000,7326.0000,0.0000,0.0000,0.0000,0.0000,26,0,0,0,0,465,0,0,0,0
zc,TA209,2012-06-18 09:04:31.447,7326.0000,430108,16,0.0000,246.0000,131,115,多开,B,7324.0000,0.0000,0.0000,0.0000,0.0000,7326.0000,0.0000,0.0000,0.0000,0.0000,7,0,0,0,0,366,0,0,0,0
zc,TA209,2012-06-18 09:04:32.197,7324.0000,430102,-6,0.0000,14.0000,4,10,多平,S,7322.0000,0.0000,0.0000,0.0000,0.0000,7324.0000,0.0000,0.0000,0.0000,0.0000,122,0,0,0,0,7,0,0,0,0
zc,TA209,2012-06-18 09:04:32.697,7324.0000,430104,2,0.0000,14.0000,8,6,空开,S,7322.0000,0.0000,0.0000,0.0000,0.0000,7324.0000,0.0000,0.0000,0.0000,0.0000,120,0,0,0,0,14,0,0,0,0
zc,TA209,2012-06-18 09:04:33.197,7322.0000,430096,-8,0.0000,14.0000,3,11,多平,S,7322.0000,0.0000,0.0000,0.0000,0.0000,7324.0000,0.0000,0.0000,0.0000,0.0000,121,0,0,0,0,222,0,0,0,0
zc,TA209,2012-06-18 09:04:33.947,7322.0000,430092,-4,0.0000,52.0000,24,28,多平,S,7322.0000,0.0000,0.0000,0.0000,0.0000,7324.0000,0.0000,0.0000,0.0000,0.0000,101,0,0,0,0,236,0,0,0,0
zc,TA209,2012-06-18 09:04:34.477,7322.0000,430016,-76,0.0000,286.0000,105,181,多平,S,7320.0000,0.0000,0.0000,0.0000,0.0000,7322.0000,0.0000,0.0000,0.0000,0.0000,790,0,0,0,0,156,0,0,0,0
zc,TA209,2012-06-18 09:04:35.183,7322.0000,430006,-10,0.0000,24.0000,7,17,多平,S,7320.0000,0.0000,0.0000,0.0000,0.0000,7322.0000,0.0000,0.0000,0.0000,0.0000,786,0,0,0,0,151,0,0,0,0
zc,TA209,2012-06-18 09:04:35.727,7322.0000,430012,6,0.0000,30.0000,18,12,空开,S,7320.0000,0.0000,0.0000,0.0000,0.0000,7322.0000,0.0000,0.0000,0.0000,0.0000,773,0,0,0,0,151,0,0,0,0
zc,TA209,2012-06-18 09:04:36.447,7322.0000,430012,0,0.0000,16.0000,8,8,空换,S,7320.0000,0.0000,0.0000,0.0000,0.0000,7322.0000,0.0000,0.0000,0.0000,0.0000,769,0,0,0,0,654,0,0,0,0
zc,TA209,2012-06-18 09:04:36.683,7322.0000,429922,-90,0.0000,314.0000,112,202,多平,S,7320.0000,0.0000,0.0000,0.0000,0.0000,7322.0000,0.0000,0.0000,0.0000,0.0000,747,0,0,0,0,541,0,0,0,0
zc,TA209,2012-06-18 09:04:37.463,7320.0000,430366,444,0.0000,520.0000,482,38,空开,S,7320.0000,0.0000,0.0000,0.0000,0.0000,7322.0000,0.0000,0.0000,0.0000,0.0000,507,0,0,0,0,522,0,0,0,0
zc,TA209,2012-06-18 09:04:37.917,7320.0000,430462,96,0.0000,126.0000,111,15,空开,S,7320.0000,0.0000,0.0000,0.0000,0.0000,7322.0000,0.0000,0.0000,0.0000,0.0000,444,0,0,0,0,525,0,0,0,0
zc,TA209,2012-06-18 09:04:38.947,7320.0000,430632,170,0.0000,540.0000,355,185,空开,S,7320.0000,0.0000,0.0000,0.0000,0.0000,7322.0000,0.0000,0.0000,0.0000,0.0000,212,0,0,0,0,532,0,0,0,0
zc,TA209,2012-06-18 09:04:39.463,7320.0000,430602,-30,0.0000,184.0000,77,107,多平,S,7320.0000,0.0000,0.0000,0.0000,0.0000,7322.0000,0.0000,0.0000,0.0000,0.0000,127,0,0,0,0,532,0,0,0,0
zc,TA209,2012-06-18 09:04:40.227,7320.0000,430536,-66,0.0000,418.0000,176,242,多平,S,7318.0000,0.0000,0.0000,0.0000,0.0000,7320.0000,0.0000,0.0000,0.0000,0.0000,616,0,0,0,0,63,0,0,0,0
zc,TA209,2012-06-18 09:04:40.697,7320.0000,431032,496,0.0000,736.0000,616,120,空开,S,7318.0000,0.0000,0.0000,0.0000,0.0000,7320.0000,0.0000,0.0000,0.0000,0.0000,575,0,0,0,0,240,0,0,0,0
zc,TA209,2012-06-18 09:04:41.463,7318.0000,431238,206,0.0000,334.0000,270,64,空开,S,7318.0000,0.0000,0.0000,0.0000,0.0000,7320.0000,0.0000,0.0000,0.0000,0.0000,533,0,0,0,0,142,0,0,0,0
zc,TA209,2012-06-18 09:04:41.947,7320.0000,431236,-2,0.0000,246.0000,122,124,空平,B,7318.0000,0.0000,0.0000,0.0000,0.0000,7320.0000,0.0000,0.0000,0.0000,0.0000,437,0,0,0,0,225,0,0,0,0
zc,TA209,2012-06-18 09:04:42.447,7318.0000,431176,-60,0.0000,186.0000,63,123,多平,S,7318.0000,0.0000,0.0000,0.0000,0.0000,7320.0000,0.0000,0.0000,0.0000,0.0000,369,0,0,0,0,221,0,0,0,0
zc,TA209,2012-06-18 09:04:42.917,7320.0000,431184,8,0.0000,482.0000,245,237,多开,B,7318.0000,0.0000,0.0000,0.0000,0.0000,7320.0000,0.0000,0.0000,0.0000,0.0000,337,0,0,0,0,16,0,0,0,0
zc,TA209,2012-06-18 09:04:44.027,7318.0000,431346,162,0.0000,766.0000,464,302,空开,S,7316.0000,0.0000,0.0000,0.0000,0.0000,7318.0000,0.0000,0.0000,0.0000,0.0000,1118,0,0,0,0,143,0,0,0,0
zc,TA209,2012-06-18 09:04:44.433,7318.0000,431138,-208,0.0000,214.0000,3,211,多平,S,7316.0000,0.0000,0.0000,0.0000,0.0000,7318.0000,0.0000,0.0000,0.0000,0.0000,1118,0,0,0,0,44,0,0,0,0
zc,TA209,2012-06-18 09:04:44.947,7320.0000,431006,-132,0.0000,610.0000,239,371,空平,B,7320.0000,0.0000,0.0000,0.0000,0.0000,7322.0000,0.0000,0.0000,0.0000,0.0000,67,0,0,0,0,1156,0,0,0,0
zc,TA209,2012-06-18 09:04:45.713,7320.0000,430932,-74,0.0000,200.0000,63,137,空平,B,7320.0000,0.0000,0.0000,0.0000,0.0000,7322.0000,0.0000,0.0000,0.0000,0.0000,66,0,0,0,0,1156,0,0,0,0
zc,TA209,2012-06-18 09:04:46.197,7318.0000,430932,0,0.0000,148.0000,74,74,空换,S,7318.0000,0.0000,0.0000,0.0000,0.0000,7320.0000,0.0000,0.0000,0.0000,0.0000,221,0,0,0,0,10,0,0,0,0
zc,TA209,2012-06-18 09:04:46.993,7320.0000,431306,374,0.0000,1012.0000,693,319,多开,B,7316.0000,0.0000,0.0000,0.0000,0.0000,7318.0000,0.0000,0.0000,0.0000,0.0000,870,0,0,0,0,60,0,0,0,0
zc,TA209,2012-06-18 09:04:47.463,7318.0000,431306,0,0.0000,154.0000,77,77,空换,S,7318.0000,0.0000,0.0000,0.0000,0.0000,7320.0000,0.0000,0.0000,0.0000,0.0000,23,0,0,0,0,372,0,0,0,0
zc,TA209,2012-06-18 09:04:48.167,7318.0000,431282,-24,0.0000,32.0000,4,28,多平,S,7318.0000,0.0000,0.0000,0.0000,0.0000,7320.0000,0.0000,0.0000,0.0000,0.0000,13,0,0,0,0,403,0,0,0,0
zc,TA209,2012-06-18 09:04:48.697,7320.0000,431236,-46,0.0000,72.0000,13,59,空平,B,7318.0000,0.0000,0.0000,0.0000,0.0000,7320.0000,0.0000,0.0000,0.0000,0.0000,25,0,0,0,0,405,0,0,0,0
zc,TA209,2012-06-18 09:04:49.477,7318.0000,430804,-432,0.0000,462.0000,15,447,多平,S,7316.0000,0.0000,0.0000,0.0000,0.0000,7318.0000,0.0000,0.0000,0.0000,0.0000,1296,0,0,0,0,22,0,0,0,0
zc,TA209,2012-06-18 09:04:49.963,7316.0000,430884,80,0.0000,102.0000,91,11,空开,S,7316.0000,0.0000,0.0000,0.0000,0.0000,7318.0000,0.0000,0.0000,0.0000,0.0000,1293,0,0,0,0,9,0,0,0,0
zc,TA209,2012-06-18 09:04:50.683,7316.0000,430896,12,0.0000,34.0000,23,11,空开,S,7316.0000,0.0000,0.0000,0.0000,0.0000,7318.0000,0.0000,0.0000,0.0000,0.0000,1357,0,0,0,0,25,0,0,0,0
zc,TA209,2012-06-18 09:04:50.963,7316.0000,430886,-10,0.0000,84.0000,37,47,多平,S,7316.0000,0.0000,0.0000,0.0000,0.0000,7318.0000,0.0000,0.0000,0.0000,0.0000,1264,0,0,0,0,213,0,0,0,0
zc,TA209,2012-06-18 09:04:51.697,7318.0000,430488,-398,0.0000,486.0000,44,442,空平,B,7316.0000,0.0000,0.0000,0.0000,0.0000,7318.0000,0.0000,0.0000,0.0000,0.0000,1227,0,0,0,0,7,0,0,0,0
zc,TA209,2012-06-18 09:04:52.243,7318.0000,430404,-84,0.0000,138.0000,27,111,空平,B,7316.0000,0.0000,0.0000,0.0000,0.0000,7318.0000,0.0000,0.0000,0.0000,0.0000,1225,0,0,0,0,89,0,0,0,0
zc,TA209,2012-06-18 09:04:53.027,7318.0000,430394,-10,0.0000,118.0000,54,64,空平,B,7316.0000,0.0000,0.0000,0.0000,0.0000,7318.0000,0.0000,0.0000,0.0000,0.0000,1217,0,0,0,0,136,0,0,0,0
zc,TA209,2012-06-18 09:04:53.777,7318.0000,430600,206,0.0000,514.0000,360,154,多开,B,7318.0000,0.0000,0.0000,0.0000,0.0000,7320.0000,0.0000,0.0000,0.0000,0.0000,77,0,0,0,0,594,0,0,0,0
zc,TA209,2012-06-18 09:04:54.463,7318.0000,430642,42,0.0000,128.0000,85,43,多开,B,7318.0000,0.0000,0.0000,0.0000,0.0000,7320.0000,0.0000,0.0000,0.0000,0.0000,50,0,0,0,0,596,0,0,0,0
zc,TA209,2012-06-18 09:04:54.963,7318.0000,430602,-40,0.0000,172.0000,66,106,空平,B,7318.0000,0.0000,0.0000,0.0000,0.0000,7320.0000,0.0000,0.0000,0.0000,0.0000,43,0,0,0,0,559,0,0,0,0
zc,TA209,2012-06-18 09:04:55.697,7320.0000,430618,16,0.0000,134.0000,75,59,多开,B,7318.0000,0.0000,0.0000,0.0000,0.0000,7320.0000,0.0000,0.0000,0.0000,0.0000,42,0,0,0,0,534,0,0,0,0
zc,TA209,2012-06-18 09:04:56.213,7318.0000,430620,2,0.0000,104.0000,53,51,空开,S,7316.0000,0.0000,0.0000,0.0000,0.0000,7318.0000,0.0000,0.0000,0.0000,0.0000,1213,0,0,0,0,119,0,0,0,0
zc,TA209,2012-06-18 09:04:56.683,7316.0000,430630,10,0.0000,106.0000,58,48,空开,S,7316.0000,0.0000,0.0000,0.0000,0.0000,7318.0000,0.0000,0.0000,0.0000,0.0000,1207,0,0,0,0,80,0,0,0,0
zc,TA209,2012-06-18 09:04:57.477,7318.0000,430678,48,0.0000,186.0000,117,69,多开,B,7318.0000,0.0000,0.0000,0.0000,0.0000,7320.0000,0.0000,0.0000,0.0000,0.0000,418,0,0,0,0,533,0,0,0,0
zc,TA209,2012-06-18 09:04:57.977,7318.0000,430536,-142,0.0000,232.0000,45,187,空平,B,7318.0000,0.0000,0.0000,0.0000,0.0000,7320.0000,0.0000,0.0000,0.0000,0.0000,352,0,0,0,0,532,0,0,0,0
zc,TA209,2012-06-18 09:04:58.713,7318.0000,429780,-756,0.0000,1008.0000,126,882,空平,B,7318.0000,0.0000,0.0000,0.0000,0.0000,7320.0000,0.0000,0.0000,0.0000,0.0000,49,0,0,0,0,526,0,0,0,0
zc,TA209,2012-06-18 09:04:59.197,7320.0000,429762,-18,0.0000,160.0000,71,89,空平,B,7318.0000,0.0000,0.0000,0.0000,0.0000,7320.0000,0.0000,0.0000,0.0000,0.0000,2,0,0,0,0,494,0,0,0,0
zc,TA209,2012-06-18 09:04:59.993,7318.0000,429754,-8,0.0000,94.0000,43,51,多平,S,7316.0000,0.0000,0.0000,0.0000,0.0000,7318.0000,0.0000,0.0000,0.0000,0.0000,1157,0,0,0,0,73,0,0,0,0
zc,TA209,2012-06-18 09:05:00.213,7318.0000,429752,-2,0.0000,152.0000,75,77,多平,S,7316.0000,0.0000,0.0000,0.0000,0.0000,7318.0000,0.0000,0.0000,0.0000,0.0000,1098,0,0,0,0,91,0,0,0,0
zc,TA209,2012-06-18 09:05:01.183,7318.0000,429724,-28,0.0000,90.0000,31,59,多平,S,7316.0000,0.0000,0.0000,0.0000,0.0000,7318.0000,0.0000,0.0000,0.0000,0.0000,1079,0,0,0,0,65,0,0,0,0
zc,TA209,2012-06-18 09:05:01.477,7318.0000,429704,-20,0.0000,100.0000,40,60,多平,S,7316.0000,0.0000,0.0000,0.0000,0.0000,7318.0000,0.0000,0.0000,0.0000,0.0000,1066,0,0,0,0,81,0,0,0,0
zc,TA209,2012-06-18 09:05:02.213,7318.0000,429436,-268,0.0000,700.0000,216,484,多平,S,7316.0000,0.0000,0.0000,0.0000,0.0000,7318.0000,0.0000,0.0000,0.0000,0.0000,937,0,0,0,0,31,0,0,0,0
zc,TA209,2012-06-18 09:05:02.697,7316.0000,429458,22,0.0000,44.0000,33,11,空开,S,7316.0000,0.0000,0.0000,0.0000,0.0000,7318.0000,0.0000,0.0000,0.0000,0.0000,947,0,0,0,0,20,0,0,0,0
zc,TA209,2012-06-18 09:05:03.963,7318.0000,429550,92,0.0000,214.0000,153,61,多开,B,7318.0000,0.0000,0.0000,0.0000,0.0000,7320.0000,0.0000,0.0000,0.0000,0.0000,224,0,0,0,0,597,0,0,0,0
zc,TA209,2012-06-18 09:05:04.213,7318.0000,429584,34,0.0000,82.0000,58,24,多开,B,7318.0000,0.0000,0.0000,0.0000,0.0000,7320.0000,0.0000,0.0000,0.0000,0.0000,262,0,0,0,0,572,0,0,0,0
zc,TA209,2012-06-18 09:05:04.933,7318.0000,429610,26,0.0000,50.0000,38,12,多开,B,7318.0000,0.0000,0.0000,0.0000,0.0000,7320.0000,0.0000,0.0000,0.0000,0.0000,448,0,0,0,0,567,0,0,0,0
zc,TA209,2012-06-18 09:05:05.463,7320.0000,429698,88,0.0000,118.0000,103,15,多开,B,7318.0000,0.0000,0.0000,0.0000,0.0000,7320.0000,0.0000,0.0000,0.0000,0.0000,411,0,0,0,0,562,0,0,0,0
zc,TA209,2012-06-18 09:05:06.213,7320.0000,429684,-14,0.0000,210.0000,98,112,空平,B,7318.0000,0.0000,0.0000,0.0000,0.0000,7320.0000,0.0000,0.0000,0.0000,0.0000,328,0,0,0,0,552,0,0,0,0
zc,TA209,2012-06-18 09:05:06.713,7320.0000,429708,24,0.0000,98.0000,61,37,多开,B,7318.0000,0.0000,0.0000,0.0000,0.0000,7320.0000,0.0000,0.0000,0.0000,0.0000,299,0,0,0,0,549,0,0,0,0
zc,TA209,2012-06-18 09:05:07.477,7318.0000,429714,6,0.0000,14.0000,10,4,空开,S,7318.0000,0.0000,0.0000,0.0000,0.0000,7320.0000,0.0000,0.0000,0.0000,0.0000,311,0,0,0,0,559,0,0,0,0
zc,TA209,2012-06-18 09:05:07.963,7320.0000,429824,110,0.0000,424.0000,267,157,多开,B,7318.0000,0.0000,0.0000,0.0000,0.0000,7320.0000,0.0000,0.0000,0.0000,0.0000,125,0,0,0,0,461,0,0,0,0
zc,TA209,2012-06-18 09:05:08.727,7320.0000,429794,-30,0.0000,152.0000,61,91,空平,B,7318.0000,0.0000,0.0000,0.0000,0.0000,7320.0000,0.0000,0.0000,0.0000,0.0000,139,0,0,0,0,401,0,0,0,0
zc,TA209,2012-06-18 09:05:09.713,7320.0000,429818,24,0.0000,120.0000,72,48,多开,B,7318.0000,0.0000,0.0000,0.0000,0.0000,7320.0000,0.0000,0.0000,0.0000,0.0000,463,0,0,0,0,392,0,0,0,0
zc,TA209,2012-06-18 09:05:10.463,7320.0000,429956,138,0.0000,270.0000,204,66,多开,B,7318.0000,0.0000,0.0000,0.0000,0.0000,7320.0000,0.0000,0.0000,0.0000,0.0000,474,0,0,0,0,262,0,0,0,0
zc,TA209,2012-06-18 09:05:10.947,7320.0000,429964,8,0.0000,158.0000,83,75,多开,B,7318.0000,0.0000,0.0000,0.0000,0.0000,7320.0000,0.0000,0.0000,0.0000,0.0000,458,0,0,0,0,210,0,0,0,0
zc,TA209,2012-06-18 09:05:11.727,7320.0000,430004,40,0.0000,460.0000,250,210,多开,B,7320.0000,0.0000,0.0000,0.0000,0.0000,7322.0000,0.0000,0.0000,0.0000,0.0000,44,0,0,0,0,143,0,0,0,0
zc,TA209,2012-06-18 09:05:12.183,7322.0000,430006,2,0.0000,6.0000,4,2,多开,B,7320.0000,0.0000,0.0000,0.0000,0.0000,7322.0000,0.0000,0.0000,0.0000,0.0000,149,0,0,0,0,142,0,0,0,0
zc,TA209,2012-06-18 09:05:12.977,7322.0000,430276,270,0.0000,318.0000,294,24,多开,B,7320.0000,0.0000,0.0000,0.0000,0.0000,7322.0000,0.0000,0.0000,0.0000,0.0000,91,0,0,0,0,124,0,0,0,0
zc,TA209,2012-06-18 09:05:13.743,7322.0000,430282,6,0.0000,20.0000,13,7,多开,B,7320.0000,0.0000,0.0000,0.0000,0.0000,7322.0000,0.0000,0.0000,0.0000,0.0000,169,0,0,0,0,118,0,0,0,0
zc,TA209,2012-06-18 09:05:14.477,7322.0000,430306,24,0.0000,28.0000,26,2,多开,B,7320.0000,0.0000,0.0000,0.0000,0.0000,7322.0000,0.0000,0.0000,0.0000,0.0000,177,0,0,0,0,110,0,0,0,0
zc,TA209,2012-06-18 09:05:14.933,7322.0000,430316,10,0.0000,34.0000,22,12,多开,B,7320.0000,0.0000,0.0000,0.0000,0.0000,7322.0000,0.0000,0.0000,0.0000,0.0000,183,0,0,0,0,103,0,0,0,0
zc,TA209,2012-06-18 09:05:15.683,7320.0000,430294,-22,0.0000,46.0000,12,34,多平,S,7320.0000,0.0000,0.0000,0.0000,0.0000,7322.0000,0.0000,0.0000,0.0000,0.0000,190,0,0,0,0,87,0,0,0,0
zc,TA209,2012-06-18 09:05:16.197,7322.0000,430292,-2,0.0000,26.0000,12,14,空平,B,7320.0000,0.0000,0.0000,0.0000,0.0000,7322.0000,0.0000,0.0000,0.0000,0.0000,185,0,0,0,0,77,0,0,0,0
zc,TA209,2012-06-18 09:05:16.963,7322.0000,430386,94,0.0000,186.0000,140,46,多开,B,7320.0000,0.0000,0.0000,0.0000,0.0000,7322.0000,0.0000,0.0000,0.0000,0.0000,151,0,0,0,0,12,0,0,0,0
zc,TA209,2012-06-18 09:05:17.493,7322.0000,430572,186,0.0000,190.0000,188,2,多开,B,7322.0000,0.0000,0.0000,0.0000,0.0000,7324.0000,0.0000,0.0000,0.0000,0.0000,15,0,0,0,0,93,0,0,0,0
zc,TA209,2012-06-18 09:05:17.977,7324.0000,430570,-2,0.0000,672.0000,335,337,空平,B,7324.0000,0.0000,0.0000,0.0000,0.0000,7326.0000,0.0000,0.0000,0.0000,0.0000,53,0,0,0,0,26,0,0,0,0
zc,TA209,2012-06-18 09:05:18.697,7324.0000,430668,98,0.0000,118.0000,108,10,多开,B,7324.0000,0.0000,0.0000,0.0000,0.0000,7326.0000,0.0000,0.0000,0.0000,0.0000,28,0,0,0,0,35,0,0,0,0
zc,TA209,2012-06-18 09:05:19.493,7324.0000,430730,62,0.0000,62.0000,62,0,双开,B,7322.0000,0.0000,0.0000,0.0000,0.0000,7326.0000,0.0000,0.0000,0.0000,0.0000,17,0,0,0,0,94,0,0,0,0
zc,TA209,2012-06-18 09:05:19.933,7324.0000,430728,-2,0.0000,20.0000,9,11,空平,B,7322.0000,0.0000,0.0000,0.0000,0.0000,7326.0000,0.0000,0.0000,0.0000,0.0000,15,0,0,0,0,91,0,0,0,0
zc,TA209,2012-06-18 09:05:20.683,7326.0000,430754,26,0.0000,54.0000,40,14,多开,B,7322.0000,0.0000,0.0000,0.0000,0.0000,7326.0000,0.0000,0.0000,0.0000,0.0000,38,0,0,0,0,85,0,0,0,0
zc,TA209,2012-06-18 09:05:21.213,7324.0000,430762,8,0.0000,28.0000,18,10,空开,S,7324.0000,0.0000,0.0000,0.0000,0.0000,7326.0000,0.0000,0.0000,0.0000,0.0000,1,0,0,0,0,130,0,0,0,0
zc,TA209,2012-06-18 09:05:21.727,7322.0000,430750,-12,0.0000,226.0000,107,119,多平,S,7322.0000,0.0000,0.0000,0.0000,0.0000,7326.0000,0.0000,0.0000,0.0000,0.0000,36,0,0,0,0,126,0,0,0,0
zc,TA209,2012-06-18 09:05:22.433,7324.0000,430756,6,0.0000,18.0000,12,6,多开,B,7324.0000,0.0000,0.0000,0.0000,0.0000,7326.0000,0.0000,0.0000,0.0000,0.0000,6,0,0,0,0,125,0,0,0,0
zc,TA209,2012-06-18 09:05:22.947,7326.0000,430748,-8,0.0000,16.0000,4,12,空平,B,7324.0000,0.0000,0.0000,0.0000,0.0000,7326.0000,0.0000,0.0000,0.0000,0.0000,4,0,0,0,0,123,0,0,0,0
zc,TA209,2012-06-18 09:05:23.447,7324.0000,430808,60,0.0000,130.0000,95,35,空开,S,7322.0000,0.0000,0.0000,0.0000,0.0000,7324.0000,0.0000,0.0000,0.0000,0.0000,26,0,0,0,0,13,0,0,0,0
zc,TA209,2012-06-18 09:05:23.963,7322.0000,430862,54,0.0000,98.0000,76,22,空开,S,7320.0000,0.0000,0.0000,0.0000,0.0000,7322.0000,0.0000,0.0000,0.0000,0.0000,99,0,0,0,0,11,0,0,0,0
zc,TA209,2012-06-18 09:05:24.697,7322.0000,430868,6,0.0000,24.0000,15,9,空开,S,7322.0000,0.0000,0.0000,0.0000,0.0000,7324.0000,0.0000,0.0000,0.0000,0.0000,1,0,0,0,0,89,0,0,0,0
zc,TA209,2012-06-18 09:05:25.197,7324.0000,430872,4,0.0000,12.0000,8,4,多开,B,7322.0000,0.0000,0.0000,0.0000,0.0000,7324.0000,0.0000,0.0000,0.0000,0.0000,5,0,0,0,0,226,0,0,0,0
zc,TA209,2012-06-18 09:05:25.933,7322.0000,430872,0,0.0000,4.0000,2,2,空换,S,7322.0000,0.0000,0.0000,0.0000,0.0000,7324.0000,0.0000,0.0000,0.0000,0.0000,7,0,0,0,0,258,0,0,0,0
zc,TA209,2012-06-18 09:05:26.433,7320.0000,430810,-62,0.0000,250.0000,94,156,多平,S,7318.0000,0.0000,0.0000,0.0000,0.0000,7320.0000,0.0000,0.0000,0.0000,0.0000,527,0,0,0,0,182,0,0,0,0
zc,TA209,2012-06-18 09:05:26.977,7320.0000,430806,-4,0.0000,112.0000,54,58,多平,S,7318.0000,0.0000,0.0000,0.0000,0.0000,7320.0000,0.0000,0.0000,0.0000,0.0000,502,0,0,0,0,192,0,0,0,0
zc,TA209,2012-06-18 09:05:27.683,7320.0000,430802,-4,0.0000,20.0000,8,12,多平,S,7318.0000,0.0000,0.0000,0.0000,0.0000,7320.0000,0.0000,0.0000,0.0000,0.0000,533,0,0,0,0,146,0,0,0,0
zc,TA209,2012-06-18 09:05:28.213,7320.0000,430798,-4,0.0000,50.0000,23,27,多平,S,7318.0000,0.0000,0.0000,0.0000,0.0000,7320.0000,0.0000,0.0000,0.0000,0.0000,539,0,0,0,0,121,0,0,0,0
zc,TA209,2012-06-18 09:05:28.697,7322.0000,430644,-154,0.0000,356.0000,101,255,空平,B,7318.0000,0.0000,0.0000,0.0000,0.0000,7322.0000,0.0000,0.0000,0.0000,0.0000,535,0,0,0,0,202,0,0,0,0
zc,TA209,2012-06-18 09:05:29.213,7322.0000,430686,42,0.0000,424.0000,233,191,多开,B,7320.0000,0.0000,0.0000,0.0000,0.0000,7322.0000,0.0000,0.0000,0.0000,0.0000,2,0,0,0,0,32,0,0,0,0
zc,TA209,2012-06-18 09:05:29.933,7320.0000,430710,24,0.0000,58.0000,41,17,空开,S,7320.0000,0.0000,0.0000,0.0000,0.0000,7322.0000,0.0000,0.0000,0.0000,0.0000,6,0,0,0,0,63,0,0,0,0
zc,TA209,2012-06-18 09:05:30.433,7322.0000,430696,-14,0.0000,18.0000,2,16,空平,B,7320.0000,0.0000,0.0000,0.0000,0.0000,7322.0000,0.0000,0.0000,0.0000,0.0000,73,0,0,0,0,179,0,0,0,0
zc,TA209,2012-06-18 09:05:31.010,7322.0000,430738,42,0.0000,96.0000,69,27,多开,B,7320.0000,0.0000,0.0000,0.0000,0.0000,7322.0000,0.0000,0.0000,0.0000,0.0000,52,0,0,0,0,193,0,0,0,0
