市场代码,合约代码,时间,最新,持仓,增仓,成交额,成交量,开仓,平仓,成交类型,方向,买一价,买二价,买三价,买四价,买五价,卖一价,卖二价,卖三价,卖四价,卖五价,买一量,买二量,买三量,买四量,买五量,卖一量,卖二量,卖三量,卖四量,卖五量
zc,WS209,2012-06-18 07:51:06.603,0.0000,218998,0,0.0000,0.0000,0,0,空换,S,0.0000,0.0000,0.0000,0.0000,0.0000,0.0000,0.0000,0.0000,0.0000,0.0000,0,0,0,0,0,0,0,0,0,0
zc,WS209,2012-06-18 07:52:06.603,0.0000,218998,0,0.0000,0.0000,0,0,空换,S,0.0000,0.0000,0.0000,0.0000,0.0000,0.0000,0.0000,0.0000,0.0000,0.0000,0,0,0,0,0,0,0,0,0,0
zc,WS209,2012-06-18 07:53:06.603,0.0000,218998,0,0.0000,0.0000,0,0,空换,S,0.0000,0.0000,0.0000,0.0000,0.0000,0.0000,0.0000,0.0000,0.0000,0.0000,0,0,0,0,0,0,0,0,0,0
zc,WS209,2012-06-18 08:04:07.743,0.0000,218998,0,0.0000,0.0000,0,0,空换,S,0.0000,0.0000,0.0000,0.0000,0.0000,0.0000,0.0000,0.0000,0.0000,0.0000,0,0,0,0,0,0,0,0,0,0
zc,WS209,2012-06-18 08:12:07.743,0.0000,218998,0,0.0000,0.0000,0,0,空换,S,0.0000,0.0000,0.0000,0.0000,0.0000,0.0000,0.0000,0.0000,0.0000,0.0000,0,0,0,0,0,0,0,0,0,0
zc,WS209,2012-06-18 08:30:09.447,0.0000,218998,0,0.0000,0.0000,0,0,空换,S,0.0000,0.0000,0.0000,0.0000,0.0000,0.0000,0.0000,0.0000,0.0000,0.0000,0,0,0,0,0,0,0,0,0,0
zc,WS209,2012-06-18 08:31:09.447,0.0000,218998,0,0.0000,0.0000,0,0,空换,S,0.0000,0.0000,0.0000,0.0000,0.0000,0.0000,0.0000,0.0000,0.0000,0.0000,0,0,0,0,0,0,0,0,0,0
zc,WS209,2012-06-18 08:33:09.433,0.0000,218998,0,0.0000,0.0000,0,0,空换,S,0.0000,0.0000,0.0000,0.0000,0.0000,0.0000,0.0000,0.0000,0.0000,0.0000,0,0,0,0,0,0,0,0,0,0
zc,WS209,2012-06-18 08:35:09.433,0.0000,218998,0,0.0000,0.0000,0,0,空换,S,0.0000,0.0000,0.0000,0.0000,0.0000,0.0000,0.0000,0.0000,0.0000,0.0000,0,0,0,0,0,0,0,0,0,0
zc,WS209,2012-06-18 08:37:09.433,0.0000,218998,0,0.0000,0.0000,0,0,空换,S,0.0000,0.0000,0.0000,0.0000,0.0000,0.0000,0.0000,0.0000,0.0000,0.0000,0,0,0,0,0,0,0,0,0,0
zc,WS209,2012-06-18 08:38:09.433,0.0000,218998,0,0.0000,0.0000,0,0,空换,S,0.0000,0.0000,0.0000,0.0000,0.0000,0.0000,0.0000,0.0000,0.0000,0.0000,0,0,0,0,0,0,0,0,0,0
zc,WS209,2012-06-18 08:40:09.433,0.0000,218998,0,0.0000,0.0000,0,0,空换,S,0.0000,0.0000,0.0000,0.0000,0.0000,0.0000,0.0000,0.0000,0.0000,0.0000,0,0,0,0,0,0,0,0,0,0
zc,WS209,2012-06-18 08:44:09.433,0.0000,218998,0,0.0000,0.0000,0,0,空换,S,0.0000,0.0000,0.0000,0.0000,0.0000,0.0000,0.0000,0.0000,0.0000,0.0000,0,0,0,0,0,0,0,0,0,0
zc,WS209,2012-06-18 08:45:09.433,0.0000,218998,0,0.0000,0.0000,0,0,空换,S,0.0000,0.0000,0.0000,0.0000,0.0000,0.0000,0.0000,0.0000,0.0000,0.0000,0,0,0,0,0,0,0,0,0,0
zc,WS209,2012-06-18 08:46:09.433,0.0000,218998,0,0.0000,0.0000,0,0,空换,S,0.0000,0.0000,0.0000,0.0000,0.0000,0.0000,0.0000,0.0000,0.0000,0.0000,0,0,0,0,0,0,0,0,0,0
zc,WS209,2012-06-18 08:55:01.197,0.0000,218998,0,0.0000,0.0000,0,0,空换,S,0.0000,0.0000,0.0000,0.0000,0.0000,0.0000,0.0000,0.0000,0.0000,0.0000,0,0,0,0,0,0,0,0,0,0
zc,WS209,2012-06-18 08:55:01.947,0.0000,218998,0,0.0000,0.0000,0,0,空换,S,0.0000,0.0000,0.0000,0.0000,0.0000,0.0000,0.0000,0.0000,0.0000,0.0000,0,0,0,0,0,0,0,0,0,0
zc,WS209,2012-06-18 08:56:09.417,0.0000,218998,0,0.0000,0.0000,0,0,空换,S,0.0000,0.0000,0.0000,0.0000,0.0000,0.0000,0.0000,0.0000,0.0000,0.0000,0,0,0,0,0,0,0,0,0,0
zc,WS209,2012-06-18 08:56:38.150,0.0000,218998,0,0.0000,0.0000,0,0,空换,S,0.0000,0.0000,0.0000,0.0000,0.0000,0.0000,0.0000,0.0000,0.0000,0.0000,0,0,0,0,0,0,0,0,0,0
zc,WS209,2012-06-18 08:58:15.900,0.0000,218998,0,0.0000,0.0000,0,0,空换,S,0.0000,0.0000,0.0000,0.0000,0.0000,0.0000,0.0000,0.0000,0.0000,0.0000,0,0,0,0,0,0,0,0,0,0
zc,WS209,2012-06-18 08:58:56.400,0.0000,218998,0,0.0000,0.0000,0,0,空换,S,0.0000,0.0000,0.0000,0.0000,0.0000,0.0000,0.0000,0.0000,0.0000,0.0000,0,0,0,0,0,0,0,0,0,0
zc,WS209,2012-06-18 09:00:01.870,2416.0000,218978,-20,0.0000,214.0000,97,117,空平,B,2416.0000,0.0000,0.0000,0.0000,0.0000,2419.0000,0.0000,0.0000,0.0000,0.0000,13,0,0,0,0,5,0,0,0,0
zc,WS209,2012-06-18 09:00:02.900,2418.0000,219112,134,0.0000,214.0000,174,40,多开,B,2416.0000,0.0000,0.0000,0.0000,0.0000,2418.0000,0.0000,0.0000,0.0000,0.0000,47,0,0,0,0,9,0,0,0,0
zc,WS209,2012-06-18 09:00:04.150,2421.0000,219180,68,0.0000,138.0000,103,35,多开,B,2419.0000,0.0000,0.0000,0.0000,0.0000,2422.0000,0.0000,0.0000,0.0000,0.0000,11,0,0,0,0,40,0,0,0,0
zc,WS209,2012-06-18 09:00:04.870,2419.0000,219164,-16,0.0000,44.0000,14,30,多平,S,2420.0000,0.0000,0.0000,0.0000,0.0000,2422.0000,0.0000,0.0000,0.0000,0.0000,52,0,0,0,0,2,0,0,0,0
zc,WS209,2012-06-18 09:00:05.573,2422.0000,219160,-4,0.0000,4.0000,0,4,双平,B,2420.0000,0.0000,0.0000,0.0000,0.0000,2421.0000,0.0000,0.0000,0.0000,0.0000,70,0,0,0,0,2,0,0,0,0
zc,WS209,2012-06-18 09:00:06.087,2421.0000,219160,0,0.0000,4.0000,2,2,空换,S,2421.0000,0.0000,0.0000,0.0000,0.0000,2423.0000,0.0000,0.0000,0.0000,0.0000,88,0,0,0,0,6,0,0,0,0
zc,WS209,2012-06-18 09:00:06.790,2423.0000,219164,4,0.0000,12.0000,8,4,多开,B,2421.0000,0.0000,0.0000,0.0000,0.0000,2423.0000,0.0000,0.0000,0.0000,0.0000,177,0,0,0,0,1,0,0,0,0
zc,WS209,2012-06-18 09:00:07.307,2423.0000,219162,-2,0.0000,4.0000,1,3,空平,B,2422.0000,0.0000,0.0000,0.0000,0.0000,2424.0000,0.0000,0.0000,0.0000,0.0000,138,0,0,0,0,12,0,0,0,0
zc,WS209,2012-06-18 09:00:07.837,2423.0000,219164,2,0.0000,6.0000,4,2,多开,B,2423.0000,0.0000,0.0000,0.0000,0.0000,2424.0000,0.0000,0.0000,0.0000,0.0000,74,0,0,0,0,11,0,0,0,0
zc,WS209,2012-06-18 09:00:08.540,2423.0000,219164,0,0.0000,6.0000,3,3,多换,B,2423.0000,0.0000,0.0000,0.0000,0.0000,2424.0000,0.0000,0.0000,0.0000,0.0000,56,0,0,0,0,11,0,0,0,0
zc,WS209,2012-06-18 09:00:09.057,2424.0000,219166,2,0.0000,4.0000,3,1,多开,B,2423.0000,0.0000,0.0000,0.0000,0.0000,2424.0000,0.0000,0.0000,0.0000,0.0000,3,0,0,0,0,10,0,0,0,0
zc,WS209,2012-06-18 09:00:09.837,2423.0000,219164,-2,0.0000,4.0000,1,3,多平,S,2423.0000,0.0000,0.0000,0.0000,0.0000,2424.0000,0.0000,0.0000,0.0000,0.0000,3,0,0,0,0,9,0,0,0,0
zc,WS209,2012-06-18 09:00:10.010,2423.0000,219160,-4,0.0000,8.0000,2,6,多平,S,2423.0000,0.0000,0.0000,0.0000,0.0000,2424.0000,0.0000,0.0000,0.0000,0.0000,1,0,0,0,0,9,0,0,0,0
zc,WS209,2012-06-18 09:00:11.087,2424.0000,219164,4,0.0000,6.0000,5,1,多开,B,2423.0000,0.0000,0.0000,0.0000,0.0000,2424.0000,0.0000,0.0000,0.0000,0.0000,1,0,0,0,0,6,0,0,0,0
zc,WS209,2012-06-18 09:00:11.323,2424.0000,219168,4,0.0000,16.0000,10,6,多开,B,2424.0000,0.0000,0.0000,0.0000,0.0000,2425.0000,0.0000,0.0000,0.0000,0.0000,1,0,0,0,0,8,0,0,0,0
zc,WS209,2012-06-18 09:00:12.040,2423.0000,219168,0,0.0000,4.0000,2,2,空换,S,2422.0000,0.0000,0.0000,0.0000,0.0000,2424.0000,0.0000,0.0000,0.0000,0.0000,47,0,0,0,0,1,0,0,0,0
zc,WS209,2012-06-18 09:00:12.573,2423.0000,219168,0,0.0000,0.0000,0,0,空换,S,2422.0000,0.0000,0.0000,0.0000,0.0000,2424.0000,0.0000,0.0000,0.0000,0.0000,46,0,0,0,0,7,0,0,0,0
zc,WS209,2012-06-18 09:00:13.027,2423.0000,219170,2,0.0000,4.0000,3,1,空开,S,2422.0000,0.0000,0.0000,0.0000,0.0000,2423.0000,0.0000,0.0000,0.0000,0.0000,46,0,0,0,0,1,0,0,0,0
zc,WS209,2012-06-18 09:00:13.853,2423.0000,219170,0,0.0000,4.0000,2,2,空换,S,2423.0000,0.0000,0.0000,0.0000,0.0000,2424.0000,0.0000,0.0000,0.0000,0.0000,7,0,0,0,0,8,0,0,0,0
zc,WS209,2012-06-18 09:00:14.587,2423.0000,219170,0,0.0000,18.0000,9,9,空换,S,2423.0000,0.0000,0.0000,0.0000,0.0000,2424.0000,0.0000,0.0000,0.0000,0.0000,2,0,0,0,0,9,0,0,0,0
zc,WS209,2012-06-18 09:00:15.337,2423.0000,219180,10,0.0000,14.0000,12,2,空开,S,2423.0000,0.0000,0.0000,0.0000,0.0000,2424.0000,0.0000,0.0000,0.0000,0.0000,2,0,0,0,0,10,0,0,0,0
zc,WS209,2012-06-18 09:00:15.853,2422.0000,219182,2,0.0000,2.0000,2,0,双开,S,2422.0000,0.0000,0.0000,0.0000,0.0000,2424.0000,0.0000,0.0000,0.0000,0.0000,46,0,0,0,0,10,0,0,0,0
zc,WS209,2012-06-18 09:00:16.557,2424.0000,219184,2,0.0000,6.0000,4,2,多开,B,2422.0000,0.0000,0.0000,0.0000,0.0000,2424.0000,0.0000,0.0000,0.0000,0.0000,44,0,0,0,0,9,0,0,0,0
zc,WS209,2012-06-18 09:00:16.807,2424.0000,219186,2,0.0000,18.0000,10,8,多开,B,2424.0000,0.0000,0.0000,0.0000,0.0000,2425.0000,0.0000,0.0000,0.0000,0.0000,10,0,0,0,0,9,0,0,0,0
zc,WS209,2012-06-18 09:00:17.837,2425.0000,219250,64,0.0000,82.0000,73,9,多开,B,2423.0000,0.0000,0.0000,0.0000,0.0000,2425.0000,0.0000,0.0000,0.0000,0.0000,13,0,0,0,0,2,0,0,0,0
zc,WS209,2012-06-18 09:00:18.337,2423.0000,219250,0,0.0000,2.0000,1,1,空换,S,2423.0000,0.0000,0.0000,0.0000,0.0000,2425.0000,0.0000,0.0000,0.0000,0.0000,32,0,0,0,0,2,0,0,0,0
zc,WS209,2012-06-18 09:00:19.073,2423.0000,219250,0,0.0000,0.0000,0,0,空换,S,2423.0000,0.0000,0.0000,0.0000,0.0000,2425.0000,0.0000,0.0000,0.0000,0.0000,2,0,0,0,0,11,0,0,0,0
zc,WS209,2012-06-18 09:00:20.337,2423.0000,219260,10,0.0000,14.0000,12,2,空开,S,2423.0000,0.0000,0.0000,0.0000,0.0000,2425.0000,0.0000,0.0000,0.0000,0.0000,87,0,0,0,0,2,0,0,0,0
zc,WS209,2012-06-18 09:00:21.323,2423.0000,219262,2,0.0000,12.0000,7,5,空开,S,2423.0000,0.0000,0.0000,0.0000,0.0000,2425.0000,0.0000,0.0000,0.0000,0.0000,69,0,0,0,0,2,0,0,0,0
zc,WS209,2012-06-18 09:00:21.823,2424.0000,219262,0,0.0000,4.0000,2,2,多换,B,2424.0000,0.0000,0.0000,0.0000,0.0000,2425.0000,0.0000,0.0000,0.0000,0.0000,27,0,0,0,0,2,0,0,0,0
zc,WS209,2012-06-18 09:00:22.557,2424.0000,219262,0,0.0000,0.0000,0,0,多换,B,2423.0000,0.0000,0.0000,0.0000,0.0000,2425.0000,0.0000,0.0000,0.0000,0.0000,65,0,0,0,0,6,0,0,0,0
zc,WS209,2012-06-18 09:00:23.087,2424.0000,219262,0,0.0000,2.0000,1,1,多换,B,2423.0000,0.0000,0.0000,0.0000,0.0000,2424.0000,0.0000,0.0000,0.0000,0.0000,67,0,0,0,0,9,0,0,0,0
zc,WS209,2012-06-18 09:00:23.807,2424.0000,219262,0,0.0000,0.0000,0,0,多换,B,2423.0000,0.0000,0.0000,0.0000,0.0000,2424.0000,0.0000,0.0000,0.0000,0.0000,70,0,0,0,0,16,0,0,0,0
zc,WS209,2012-06-18 09:00:24.290,2424.0000,219262,0,0.0000,0.0000,0,0,多换,B,2423.0000,0.0000,0.0000,0.0000,0.0000,2424.0000,0.0000,0.0000,0.0000,0.0000,71,0,0,0,0,17,0,0,0,0
zc,WS209,2012-06-18 09:00:25.087,2424.0000,219262,0,0.0000,8.0000,4,4,多换,B,2423.0000,0.0000,0.0000,0.0000,0.0000,2424.0000,0.0000,0.0000,0.0000,0.0000,67,0,0,0,0,14,0,0,0,0
zc,WS209,2012-06-18 09:00:25.777,2424.0000,219262,0,0.0000,8.0000,4,4,多换,B,2423.0000,0.0000,0.0000,0.0000,0.0000,2424.0000,0.0000,0.0000,0.0000,0.0000,43,0,0,0,0,10,0,0,0,0
zc,WS209,2012-06-18 09:00:26.323,2424.0000,219262,0,0.0000,24.0000,12,12,多换,B,2424.0000,0.0000,0.0000,0.0000,0.0000,2425.0000,0.0000,0.0000,0.0000,0.0000,3,0,0,0,0,16,0,0,0,0
zc,WS209,2012-06-18 09:00:27.103,2424.0000,219262,0,0.0000,2.0000,1,1,多换,B,2424.0000,0.0000,0.0000,0.0000,0.0000,2425.0000,0.0000,0.0000,0.0000,0.0000,2,0,0,0,0,49,0,0,0,0
zc,WS209,2012-06-18 09:00:27.277,2424.0000,219260,-2,0.0000,6.0000,2,4,空平,B,2423.0000,0.0000,0.0000,0.0000,0.0000,2424.0000,0.0000,0.0000,0.0000,0.0000,8,0,0,0,0,1,0,0,0,0
zc,WS209,2012-06-18 09:00:28.337,2424.0000,219260,0,0.0000,2.0000,1,1,多换,B,2424.0000,0.0000,0.0000,0.0000,0.0000,2425.0000,0.0000,0.0000,0.0000,0.0000,3,0,0,0,0,50,0,0,0,0
zc,WS209,2012-06-18 09:00:28.823,2423.0000,219278,18,0.0000,36.0000,27,9,空开,S,2422.0000,0.0000,0.0000,0.0000,0.0000,2423.0000,0.0000,0.0000,0.0000,0.0000,32,0,0,0,0,21,0,0,0,0
zc,WS209,2012-06-18 09:00:29.587,2424.0000,219334,56,0.0000,60.0000,58,2,多开,B,2424.0000,0.0000,0.0000,0.0000,0.0000,2425.0000,0.0000,0.0000,0.0000,0.0000,2,0,0,0,0,50,0,0,0,0
zc,WS209,2012-06-18 09:00:30.057,2424.0000,219340,6,0.0000,8.0000,7,1,多开,B,2423.0000,0.0000,0.0000,0.0000,0.0000,2424.0000,0.0000,0.0000,0.0000,0.0000,1,0,0,0,0,29,0,0,0,0
zc,WS209,2012-06-18 09:00:31.103,2422.0000,219340,0,0.0000,4.0000,2,2,空换,S,2422.0000,0.0000,0.0000,0.0000,0.0000,2423.0000,0.0000,0.0000,0.0000,0.0000,11,0,0,0,0,9,0,0,0,0
zc,WS209,2012-06-18 09:00:31.573,2422.0000,219340,0,0.0000,0.0000,0,0,空换,S,2422.0000,0.0000,0.0000,0.0000,0.0000,2423.0000,0.0000,0.0000,0.0000,0.0000,11,0,0,0,0,10,0,0,0,0
zc,WS209,2012-06-18 09:00:32.277,2423.0000,219338,-2,0.0000,4.0000,1,3,空平,B,2422.0000,0.0000,0.0000,0.0000,0.0000,2423.0000,0.0000,0.0000,0.0000,0.0000,11,0,0,0,0,8,0,0,0,0
zc,WS209,2012-06-18 09:00:34.057,2423.0000,219336,-2,0.0000,4.0000,1,3,空平,B,2422.0000,0.0000,0.0000,0.0000,0.0000,2423.0000,0.0000,0.0000,0.0000,0.0000,11,0,0,0,0,6,0,0,0,0
zc,WS209,2012-06-18 09:00:34.540,2422.0000,219328,-8,0.0000,10.0000,1,9,多平,S,2422.0000,0.0000,0.0000,0.0000,0.0000,2423.0000,0.0000,0.0000,0.0000,0.0000,6,0,0,0,0,7,0,0,0,0
zc,WS209,2012-06-18 09:00:35.243,2422.0000,219332,4,0.0000,4.0000,4,0,双开,S,2422.0000,0.0000,0.0000,0.0000,0.0000,2423.0000,0.0000,0.0000,0.0000,0.0000,4,0,0,0,0,7,0,0,0,0
zc,WS209,2012-06-18 09:00:36.040,2422.0000,219332,0,0.0000,2.0000,1,1,空换,S,2422.0000,0.0000,0.0000,0.0000,0.0000,2423.0000,0.0000,0.0000,0.0000,0.0000,3,0,0,0,0,7,0,0,0,0
zc,WS209,2012-06-18 09:00:36.260,2422.0000,219332,0,0.0000,0.0000,0,0,空换,S,2422.0000,0.0000,0.0000,0.0000,0.0000,2423.0000,0.0000,0.0000,0.0000,0.0000,3,0,0,0,0,8,0,0,0,0
zc,WS209,2012-06-18 09:00:37.277,2422.0000,219332,0,0.0000,4.0000,2,2,空换,S,2422.0000,0.0000,0.0000,0.0000,0.0000,2423.0000,0.0000,0.0000,0.0000,0.0000,2,0,0,0,0,8,0,0,0,0
zc,WS209,2012-06-18 09:00:37.760,2422.0000,219334,2,0.0000,2.0000,2,0,双开,S,2422.0000,0.0000,0.0000,0.0000,0.0000,2423.0000,0.0000,0.0000,0.0000,0.0000,1,0,0,0,0,8,0,0,0,0
zc,WS209,2012-06-18 09:00:38.557,2422.0000,219334,0,0.0000,8.0000,4,4,空换,S,2421.0000,0.0000,0.0000,0.0000,0.0000,2422.0000,0.0000,0.0000,0.0000,0.0000,207,0,0,0,0,1,0,0,0,0
zc,WS209,2012-06-18 09:00:39.573,2422.0000,219352,18,0.0000,42.0000,30,12,空开,S,2421.0000,0.0000,0.0000,0.0000,0.0000,2423.0000,0.0000,0.0000,0.0000,0.0000,200,0,0,0,0,16,0,0,0,0
zc,WS209,2012-06-18 09:00:40.323,2422.0000,219352,0,0.0000,0.0000,0,0,空换,S,2422.0000,0.0000,0.0000,0.0000,0.0000,2423.0000,0.0000,0.0000,0.0000,0.0000,41,0,0,0,0,16,0,0,0,0
zc,WS209,2012-06-18 09:00:41.057,2422.0000,219352,0,0.0000,6.0000,3,3,空换,S,2422.0000,0.0000,0.0000,0.0000,0.0000,2423.0000,0.0000,0.0000,0.0000,0.0000,38,0,0,0,0,16,0,0,0,0
zc,WS209,2012-06-18 09:00:41.587,2422.0000,219352,0,0.0000,2.0000,1,1,空换,S,2422.0000,0.0000,0.0000,0.0000,0.0000,2423.0000,0.0000,0.0000,0.0000,0.0000,236,0,0,0,0,16,0,0,0,0
zc,WS209,2012-06-18 09:00:42.323,2422.0000,219352,0,0.0000,34.0000,17,17,空换,S,2422.0000,0.0000,0.0000,0.0000,0.0000,2424.0000,0.0000,0.0000,0.0000,0.0000,225,0,0,0,0,4,0,0,0,0
zc,WS209,2012-06-18 09:00:42.777,2422.0000,219352,0,0.0000,0.0000,0,0,空换,S,2423.0000,0.0000,0.0000,0.0000,0.0000,2424.0000,0.0000,0.0000,0.0000,0.0000,66,0,0,0,0,4,0,0,0,0
zc,WS209,2012-06-18 09:00:43.823,2422.0000,219352,0,0.0000,8.0000,4,4,空换,S,2423.0000,0.0000,0.0000,0.0000,0.0000,2424.0000,0.0000,0.0000,0.0000,0.0000,62,0,0,0,0,4,0,0,0,0
zc,WS209,2012-06-18 09:00:44.277,2422.0000,219352,0,0.0000,0.0000,0,0,空换,S,2423.0000,0.0000,0.0000,0.0000,0.0000,2424.0000,0.0000,0.0000,0.0000,0.0000,61,0,0,0,0,4,0,0,0,0
zc,WS209,2012-06-18 09:00:45.103,2424.0000,219354,2,0.0000,4.0000,3,1,多开,B,2423.0000,0.0000,0.0000,0.0000,0.0000,2424.0000,0.0000,0.0000,0.0000,0.0000,63,0,0,0,0,3,0,0,0,0
zc,WS209,2012-06-18 09:00:45.527,2424.0000,219356,2,0.0000,6.0000,4,2,多开,B,2423.0000,0.0000,0.0000,0.0000,0.0000,2425.0000,0.0000,0.0000,0.0000,0.0000,66,0,0,0,0,29,0,0,0,0
zc,WS209,2012-06-18 09:00:46.010,2424.0000,219356,0,0.0000,0.0000,0,0,多换,B,2423.0000,0.0000,0.0000,0.0000,0.0000,2425.0000,0.0000,0.0000,0.0000,0.0000,2,0,0,0,0,60,0,0,0,0
zc,WS209,2012-06-18 09:00:46.777,2423.0000,219356,0,0.0000,2.0000,1,1,空换,S,2423.0000,0.0000,0.0000,0.0000,0.0000,2424.0000,0.0000,0.0000,0.0000,0.0000,2,0,0,0,0,1,0,0,0,0
zc,WS209,2012-06-18 09:00:47.307,2425.0000,219370,14,0.0000,16.0000,15,1,多开,B,2423.0000,0.0000,0.0000,0.0000,0.0000,2425.0000,0.0000,0.0000,0.0000,0.0000,1,0,0,0,0,53,0,0,0,0
zc,WS209,2012-06-18 09:00:48.040,2425.0000,219374,4,0.0000,6.0000,5,1,多开,B,2424.0000,0.0000,0.0000,0.0000,0.0000,2425.0000,0.0000,0.0000,0.0000,0.0000,1,0,0,0,0,54,0,0,0,0
zc,WS209,2012-06-18 09:00:48.540,2424.0000,219374,0,0.0000,4.0000,2,2,空换,S,2423.0000,0.0000,0.0000,0.0000,0.0000,2425.0000,0.0000,0.0000,0.0000,0.0000,19,0,0,0,0,55,0,0,0,0
zc,WS209,2012-06-18 09:00:49.290,2422.0000,219434,60,0.0000,60.0000,60,0,双开,S,2423.0000,0.0000,0.0000,0.0000,0.0000,2425.0000,0.0000,0.0000,0.0000,0.0000,4,0,0,0,0,35,0,0,0,0
zc,WS209,2012-06-18 09:00:49.823,2423.0000,219434,0,0.0000,8.0000,4,4,多换,B,2424.0000,0.0000,0.0000,0.0000,0.0000,2425.0000,0.0000,0.0000,0.0000,0.0000,38,0,0,0,0,35,0,0,0,0
zc,WS209,2012-06-18 09:00:50.527,2424.0000,219440,6,0.0000,6.0000,6,0,双开,B,2424.0000,0.0000,0.0000,0.0000,0.0000,2425.0000,0.0000,0.0000,0.0000,0.0000,27,0,0,0,0,36,0,0,0,0
zc,WS209,2012-06-18 09:00:51.103,2424.0000,219442,2,0.0000,8.0000,5,3,多开,B,2424.0000,0.0000,0.0000,0.0000,0.0000,2425.0000,0.0000,0.0000,0.0000,0.0000,21,0,0,0,0,36,0,0,0,0
zc,WS209,2012-06-18 09:00:51.807,2424.0000,219444,2,0.0000,2.0000,2,0,双开,B,2424.0000,0.0000,0.0000,0.0000,0.0000,2425.0000,0.0000,0.0000,0.0000,0.0000,5,0,0,0,0,36,0,0,0,0
zc,WS209,2012-06-18 09:00:52.040,2424.0000,219444,0,0.0000,0.0000,0,0,多换,B,2424.0000,0.0000,0.0000,0.0000,0.0000,2425.0000,0.0000,0.0000,0.0000,0.0000,1,0,0,0,0,43,0,0,0,0
zc,WS209,2012-06-18 09:00:52.807,2423.0000,219442,-2,0.0000,8.0000,3,5,多平,S,2423.0000,0.0000,0.0000,0.0000,0.0000,2424.0000,0.0000,0.0000,0.0000,0.0000,11,0,0,0,0,2,0,0,0,0
zc,WS209,2012-06-18 09:00:53.557,2423.0000,219456,14,0.0000,84.0000,49,35,空开,S,2422.0000,0.0000,0.0000,0.0000,0.0000,2423.0000,0.0000,0.0000,0.0000,0.0000,166,0,0,0,0,13,0,0,0,0
zc,WS209,2012-06-18 09:00:54.337,2423.0000,219456,0,0.0000,2.0000,1,1,空换,S,2422.0000,0.0000,0.0000,0.0000,0.0000,2423.0000,0.0000,0.0000,0.0000,0.0000,166,0,0,0,0,12,0,0,0,0
zc,WS209,2012-06-18 09:00:54.790,2423.0000,219456,0,0.0000,14.0000,7,7,空换,S,2422.0000,0.0000,0.0000,0.0000,0.0000,2423.0000,0.0000,0.0000,0.0000,0.0000,165,0,0,0,0,5,0,0,0,0
zc,WS209,2012-06-18 09:00:55.540,2423.0000,219456,0,0.0000,6.0000,3,3,空换,S,2422.0000,0.0000,0.0000,0.0000,0.0000,2423.0000,0.0000,0.0000,0.0000,0.0000,162,0,0,0,0,2,0,0,0,0
zc,WS209,2012-06-18 09:00:56.073,2423.0000,219456,0,0.0000,4.0000,2,2,空换,S,2423.0000,0.0000,0.0000,0.0000,0.0000,2424.0000,0.0000,0.0000,0.0000,0.0000,1,0,0,0,0,2,0,0,0,0
zc,WS209,2012-06-18 09:00:56.790,2424.0000,219456,0,0.0000,4.0000,2,2,多换,B,2423.0000,0.0000,0.0000,0.0000,0.0000,2425.0000,0.0000,0.0000,0.0000,0.0000,1,0,0,0,0,29,0,0,0,0
zc,WS209,2012-06-18 09:00:57.307,2424.0000,219456,0,0.0000,0.0000,0,0,多换,B,2423.0000,0.0000,0.0000,0.0000,0.0000,2424.0000,0.0000,0.0000,0.0000,0.0000,3,0,0,0,0,1,0,0,0,0
zc,WS209,2012-06-18 09:00:58.290,2423.0000,219456,0,0.0000,10.0000,5,5,空换,S,2422.0000,0.0000,0.0000,0.0000,0.0000,2423.0000,0.0000,0.0000,0.0000,0.0000,162,0,0,0,0,5,0,0,0,0
zc,WS209,2012-06-18 09:00:59.073,2423.0000,219456,0,0.0000,10.0000,5,5,空换,S,2423.0000,0.0000,0.0000,0.0000,0.0000,2424.0000,0.0000,0.0000,0.0000,0.0000,68,0,0,0,0,26,0,0,0,0
zc,WS209,2012-06-18 09:00:59.807,2424.0000,219456,0,0.0000,4.0000,2,2,多换,B,2423.0000,0.0000,0.0000,0.0000,0.0000,2424.0000,0.0000,0.0000,0.0000,0.0000,66,0,0,0,0,24,0,0,0,0
zc,WS209,2012-06-18 09:01:00.323,2424.0000,219454,-2,0.0000,2.0000,0,2,双平,B,2423.0000,0.0000,0.0000,0.0000,0.0000,2424.0000,0.0000,0.0000,0.0000,0.0000,63,0,0,0,0,23,0,0,0,0
zc,WS209,2012-06-18 09:01:00.993,2423.0000,219454,0,0.0000,2.0000,1,1,空换,S,2423.0000,0.0000,0.0000,0.0000,0.0000,2424.0000,0.0000,0.0000,0.0000,0.0000,89,0,0,0,0,60,0,0,0,0
zc,WS209,2012-06-18 09:01:01.493,2423.0000,219454,0,0.0000,0.0000,0,0,空换,S,2423.0000,0.0000,0.0000,0.0000,0.0000,2424.0000,0.0000,0.0000,0.0000,0.0000,94,0,0,0,0,60,0,0,0,0
zc,WS209,2012-06-18 09:01:02.290,2424.0000,219454,0,0.0000,34.0000,17,17,多换,B,2423.0000,0.0000,0.0000,0.0000,0.0000,2424.0000,0.0000,0.0000,0.0000,0.0000,118,0,0,0,0,45,0,0,0,0
zc,WS209,2012-06-18 09:01:02.790,2424.0000,219454,0,0.0000,6.0000,3,3,多换,B,2423.0000,0.0000,0.0000,0.0000,0.0000,2424.0000,0.0000,0.0000,0.0000,0.0000,116,0,0,0,0,45,0,0,0,0
zc,WS209,2012-06-18 09:01:03.510,2424.0000,219454,0,0.0000,4.0000,2,2,多换,B,2423.0000,0.0000,0.0000,0.0000,0.0000,2424.0000,0.0000,0.0000,0.0000,0.0000,119,0,0,0,0,44,0,0,0,0
zc,WS209,2012-06-18 09:01:03.760,2423.0000,219454,0,0.0000,80.0000,40,40,空换,S,2423.0000,0.0000,0.0000,0.0000,0.0000,2424.0000,0.0000,0.0000,0.0000,0.0000,79,0,0,0,0,44,0,0,0,0
zc,WS209,2012-06-18 09:01:04.527,2423.0000,219454,0,0.0000,0.0000,0,0,空换,S,2423.0000,0.0000,0.0000,0.0000,0.0000,2424.0000,0.0000,0.0000,0.0000,0.0000,39,0,0,0,0,44,0,0,0,0
zc,WS209,2012-06-18 09:01:05.027,2423.0000,219454,0,0.0000,0.0000,0,0,空换,S,2423.0000,0.0000,0.0000,0.0000,0.0000,2424.0000,0.0000,0.0000,0.0000,0.0000,32,0,0,0,0,44,0,0,0,0
zc,WS209,2012-06-18 09:01:05.823,2423.0000,219454,0,0.0000,0.0000,0,0,空换,S,2423.0000,0.0000,0.0000,0.0000,0.0000,2424.0000,0.0000,0.0000,0.0000,0.0000,32,0,0,0,0,63,0,0,0,0
zc,WS209,2012-06-18 09:01:06.337,2423.0000,219474,20,0.0000,20.0000,20,0,双开,S,2423.0000,0.0000,0.0000,0.0000,0.0000,2424.0000,0.0000,0.0000,0.0000,0.0000,22,0,0,0,0,64,0,0,0,0
zc,WS209,2012-06-18 09:01:07.073,2423.0000,219474,0,0.0000,0.0000,0,0,空换,S,2423.0000,0.0000,0.0000,0.0000,0.0000,2424.0000,0.0000,0.0000,0.0000,0.0000,22,0,0,0,0,89,0,0,0,0
zc,WS209,2012-06-18 09:01:07.790,2423.0000,219474,0,0.0000,0.0000,0,0,空换,S,2423.0000,0.0000,0.0000,0.0000,0.0000,2424.0000,0.0000,0.0000,0.0000,0.0000,22,0,0,0,0,71,0,0,0,0
zc,WS209,2012-06-18 09:01:08.510,2423.0000,219474,0,0.0000,0.0000,0,0,空换,S,2423.0000,0.0000,0.0000,0.0000,0.0000,2424.0000,0.0000,0.0000,0.0000,0.0000,22,0,0,0,0,82,0,0,0,0
zc,WS209,2012-06-18 09:01:09.027,2423.0000,219512,38,0.0000,62.0000,50,12,空开,S,2423.0000,0.0000,0.0000,0.0000,0.0000,2424.0000,0.0000,0.0000,0.0000,0.0000,25,0,0,0,0,79,0,0,0,0
zc,WS209,2012-06-18 09:01:09.587,2423.0000,219514,2,0.0000,2.0000,2,0,双开,S,2423.0000,0.0000,0.0000,0.0000,0.0000,2424.0000,0.0000,0.0000,0.0000,0.0000,24,0,0,0,0,45,0,0,0,0
zc,WS209,2012-06-18 09:01:10.277,2423.0000,219514,0,0.0000,4.0000,2,2,空换,S,2423.0000,0.0000,0.0000,0.0000,0.0000,2424.0000,0.0000,0.0000,0.0000,0.0000,22,0,0,0,0,45,0,0,0,0
zc,WS209,2012-06-18 09:01:11.057,2423.0000,219514,0,0.0000,0.0000,0,0,空换,S,2423.0000,0.0000,0.0000,0.0000,0.0000,2424.0000,0.0000,0.0000,0.0000,0.0000,22,0,0,0,0,49,0,0,0,0
zc,WS209,2012-06-18 09:01:11.527,2424.0000,219514,0,0.0000,6.0000,3,3,多换,B,2423.0000,0.0000,0.0000,0.0000,0.0000,2424.0000,0.0000,0.0000,0.0000,0.0000,21,0,0,0,0,49,0,0,0,0
zc,WS209,2012-06-18 09:01:12.290,2424.0000,219514,0,0.0000,0.0000,0,0,多换,B,2423.0000,0.0000,0.0000,0.0000,0.0000,2424.0000,0.0000,0.0000,0.0000,0.0000,22,0,0,0,0,49,0,0,0,0
zc,WS209,2012-06-18 09:01:12.743,2423.0000,219514,0,0.0000,2.0000,1,1,空换,S,2423.0000,0.0000,0.0000,0.0000,0.0000,2424.0000,0.0000,0.0000,0.0000,0.0000,21,0,0,0,0,50,0,0,0,0
zc,WS209,2012-06-18 09:01:13.243,2423.0000,219514,0,0.0000,0.0000,0,0,空换,S,2423.0000,0.0000,0.0000,0.0000,0.0000,2424.0000,0.0000,0.0000,0.0000,0.0000,22,0,0,0,0,51,0,0,0,0
zc,WS209,2012-06-18 09:01:14.290,2423.0000,219546,32,0.0000,46.0000,39,7,空开,S,2422.0000,0.0000,0.0000,0.0000,0.0000,2423.0000,0.0000,0.0000,0.0000,0.0000,43,0,0,0,0,18,0,0,0,0
zc,WS209,2012-06-18 09:01:15.557,2423.0000,219586,40,0.0000,40.0000,40,0,双开,S,2422.0000,0.0000,0.0000,0.0000,0.0000,2423.0000,0.0000,0.0000,0.0000,0.0000,43,0,0,0,0,1,0,0,0,0
zc,WS209,2012-06-18 09:01:16.087,2423.0000,219588,2,0.0000,2.0000,2,0,双开,S,2422.0000,0.0000,0.0000,0.0000,0.0000,2423.0000,0.0000,0.0000,0.0000,0.0000,44,0,0,0,0,1,0,0,0,0
zc,WS209,2012-06-18 09:01:16.790,2423.0000,219588,0,0.0000,0.0000,0,0,空换,S,2422.0000,0.0000,0.0000,0.0000,0.0000,2423.0000,0.0000,0.0000,0.0000,0.0000,44,0,0,0,0,2,0,0,0,0
zc,WS209,2012-06-18 09:01:17.573,2423.0000,219588,0,0.0000,0.0000,0,0,空换,S,2422.0000,0.0000,0.0000,0.0000,0.0000,2423.0000,0.0000,0.0000,0.0000,0.0000,42,0,0,0,0,2,0,0,0,0
zc,WS209,2012-06-18 09:01:18.087,2423.0000,219588,0,0.0000,0.0000,0,0,空换,S,2422.0000,0.0000,0.0000,0.0000,0.0000,2423.0000,0.0000,0.0000,0.0000,0.0000,42,0,0,0,0,11,0,0,0,0
zc,WS209,2012-06-18 09:01:18.510,2423.0000,219588,0,0.0000,0.0000,0,0,空换,S,2422.0000,0.0000,0.0000,0.0000,0.0000,2423.0000,0.0000,0.0000,0.0000,0.0000,42,0,0,0,0,71,0,0,0,0
zc,WS209,2012-06-18 09:01:19.260,2423.0000,219590,2,0.0000,2.0000,2,0,双开,S,2422.0000,0.0000,0.0000,0.0000,0.0000,2423.0000,0.0000,0.0000,0.0000,0.0000,42,0,0,0,0,71,0,0,0,0
zc,WS209,2012-06-18 09:01:20.040,2423.0000,219590,0,0.0000,0.0000,0,0,空换,S,2422.0000,0.0000,0.0000,0.0000,0.0000,2423.0000,0.0000,0.0000,0.0000,0.0000,41,0,0,0,0,71,0,0,0,0
zc,WS209,2012-06-18 09:01:20.823,2423.0000,219590,0,0.0000,0.0000,0,0,空换,S,2422.0000,0.0000,0.0000,0.0000,0.0000,2423.0000,0.0000,0.0000,0.0000,0.0000,41,0,0,0,0,72,0,0,0,0
zc,WS209,2012-06-18 09:01:21.227,2423.0000,219590,0,0.0000,0.0000,0,0,空换,S,2422.0000,0.0000,0.0000,0.0000,0.0000,2423.0000,0.0000,0.0000,0.0000,0.0000,42,0,0,0,0,72,0,0,0,0
zc,WS209,2012-06-18 09:01:22.040,2422.0000,219592,2,0.0000,2.0000,2,0,双开,S,2422.0000,0.0000,0.0000,0.0000,0.0000,2423.0000,0.0000,0.0000,0.0000,0.0000,43,0,0,0,0,72,0,0,0,0
zc,WS209,2012-06-18 09:01:22.527,2422.0000,219588,-4,0.0000,86.0000,41,45,多平,S,2421.0000,0.0000,0.0000,0.0000,0.0000,2423.0000,0.0000,0.0000,0.0000,0.0000,16,0,0,0,0,90,0,0,0,0
zc,WS209,2012-06-18 09:01:23.260,2422.0000,219588,0,0.0000,0.0000,0,0,空换,S,2421.0000,0.0000,0.0000,0.0000,0.0000,2423.0000,0.0000,0.0000,0.0000,0.0000,18,0,0,0,0,90,0,0,0,0
zc,WS209,2012-06-18 09:01:24.527,2422.0000,219588,0,0.0000,0.0000,0,0,空换,S,2421.0000,0.0000,0.0000,0.0000,0.0000,2423.0000,0.0000,0.0000,0.0000,0.0000,18,0,0,0,0,33,0,0,0,0
zc,WS209,2012-06-18 09:01:25.243,2422.0000,219598,10,0.0000,10.0000,10,0,双开,S,2421.0000,0.0000,0.0000,0.0000,0.0000,2422.0000,0.0000,0.0000,0.0000,0.0000,17,0,0,0,0,53,0,0,0,0
zc,WS209,2012-06-18 09:01:26.027,2420.0000,219618,20,0.0000,40.0000,30,10,空开,S,2420.0000,0.0000,0.0000,0.0000,0.0000,2422.0000,0.0000,0.0000,0.0000,0.0000,39,0,0,0,0,53,0,0,0,0
zc,WS209,2012-06-18 09:01:26.540,2420.0000,219618,0,0.0000,0.0000,0,0,空换,S,2420.0000,0.0000,0.0000,0.0000,0.0000,2421.0000,0.0000,0.0000,0.0000,0.0000,26,0,0,0,0,29,0,0,0,0
zc,WS209,2012-06-18 09:01:26.963,2420.0000,219618,0,0.0000,0.0000,0,0,空换,S,2420.0000,0.0000,0.0000,0.0000,0.0000,2421.0000,0.0000,0.0000,0.0000,0.0000,22,0,0,0,0,41,0,0,0,0
zc,WS209,2012-06-18 09:01:27.510,2420.0000,219618,0,0.0000,0.0000,0,0,空换,S,2420.0000,0.0000,0.0000,0.0000,0.0000,2421.0000,0.0000,0.0000,0.0000,0.0000,54,0,0,0,0,41,0,0,0,0
zc,WS209,2012-06-18 09:01:28.540,2420.0000,219628,10,0.0000,10.0000,10,0,双开,S,2420.0000,0.0000,0.0000,0.0000,0.0000,2421.0000,0.0000,0.0000,0.0000,0.0000,54,0,0,0,0,41,0,0,0,0
zc,WS209,2012-06-18 09:01:29.040,2420.0000,219638,10,0.0000,12.0000,11,1,空开,S,2420.0000,0.0000,0.0000,0.0000,0.0000,2421.0000,0.0000,0.0000,0.0000,0.0000,27,0,0,0,0,46,0,0,0,0
zc,WS209,2012-06-18 09:01:29.777,2421.0000,219638,0,0.0000,2.0000,1,1,多换,B,2420.0000,0.0000,0.0000,0.0000,0.0000,2421.0000,0.0000,0.0000,0.0000,0.0000,13,0,0,0,0,45,0,0,0,0
zc,WS209,2012-06-18 09:01:31.027,2421.0000,219638,0,0.0000,4.0000,2,2,多换,B,2420.0000,0.0000,0.0000,0.0000,0.0000,2421.0000,0.0000,0.0000,0.0000,0.0000,11,0,0,0,0,44,0,0,0,0
zc,WS209,2012-06-18 09:01:32.260,2420.0000,219638,0,0.0000,4.0000,2,2,空换,S,2420.0000,0.0000,0.0000,0.0000,0.0000,2421.0000,0.0000,0.0000,0.0000,0.0000,9,0,0,0,0,44,0,0,0,0
zc,WS209,2012-06-18 09:01:32.790,2420.0000,219640,2,0.0000,2.0000,2,0,双开,S,2420.0000,0.0000,0.0000,0.0000,0.0000,2421.0000,0.0000,0.0000,0.0000,0.0000,8,0,0,0,0,44,0,0,0,0
zc,WS209,2012-06-18 09:01:34.027,2421.0000,219640,0,0.0000,2.0000,1,1,多换,B,2420.0000,0.0000,0.0000,0.0000,0.0000,2421.0000,0.0000,0.0000,0.0000,0.0000,8,0,0,0,0,43,0,0,0,0
zc,WS209,2012-06-18 09:01:34.573,2420.0000,219642,2,0.0000,2.0000,2,0,双开,S,2420.0000,0.0000,0.0000,0.0000,0.0000,2421.0000,0.0000,0.0000,0.0000,0.0000,7,0,0,0,0,43,0,0,0,0
zc,WS209,2012-06-18 09:01:35.307,2420.0000,219642,0,0.0000,0.0000,0,0,空换,S,2420.0000,0.0000,0.0000,0.0000,0.0000,2421.0000,0.0000,0.0000,0.0000,0.0000,8,0,0,0,0,43,0,0,0,0
zc,WS209,2012-06-18 09:01:35.777,2420.0000,219644,2,0.0000,2.0000,2,0,双开,S,2420.0000,0.0000,0.0000,0.0000,0.0000,2421.0000,0.0000,0.0000,0.0000,0.0000,8,0,0,0,0,44,0,0,0,0
zc,WS209,2012-06-18 09:01:36.527,2420.0000,219644,0,0.0000,0.0000,0,0,空换,S,2420.0000,0.0000,0.0000,0.0000,0.0000,2421.0000,0.0000,0.0000,0.0000,0.0000,9,0,0,0,0,44,0,0,0,0
zc,WS209,2012-06-18 09:01:36.837,2420.0000,219646,2,0.0000,8.0000,5,3,空开,S,2420.0000,0.0000,0.0000,0.0000,0.0000,2421.0000,0.0000,0.0000,0.0000,0.0000,5,0,0,0,0,43,0,0,0,0
zc,WS209,2012-06-18 09:01:37.573,2420.0000,219646,0,0.0000,0.0000,0,0,空换,S,2420.0000,0.0000,0.0000,0.0000,0.0000,2421.0000,0.0000,0.0000,0.0000,0.0000,5,0,0,0,0,55,0,0,0,0
zc,WS209,2012-06-18 09:01:37.977,2420.0000,219646,0,0.0000,2.0000,1,1,空换,S,2420.0000,0.0000,0.0000,0.0000,0.0000,2421.0000,0.0000,0.0000,0.0000,0.0000,4,0,0,0,0,50,0,0,0,0
zc,WS209,2012-06-18 09:01:38.993,2420.0000,219644,-2,0.0000,4.0000,1,3,多平,S,2420.0000,0.0000,0.0000,0.0000,0.0000,2421.0000,0.0000,0.0000,0.0000,0.0000,2,0,0,0,0,48,0,0,0,0
zc,WS209,2012-06-18 09:01:40.290,2420.0000,219644,0,0.0000,0.0000,0,0,空换,S,2420.0000,0.0000,0.0000,0.0000,0.0000,2421.0000,0.0000,0.0000,0.0000,0.0000,3,0,0,0,0,46,0,0,0,0
zc,WS209,2012-06-18 09:01:40.790,2421.0000,219640,-4,0.0000,4.0000,0,4,双平,B,2420.0000,0.0000,0.0000,0.0000,0.0000,2421.0000,0.0000,0.0000,0.0000,0.0000,3,0,0,0,0,42,0,0,0,0
zc,WS209,2012-06-18 09:01:41.493,2420.0000,219638,-2,0.0000,4.0000,1,3,多平,S,2420.0000,0.0000,0.0000,0.0000,0.0000,2421.0000,0.0000,0.0000,0.0000,0.0000,1,0,0,0,0,42,0,0,0,0
zc,WS209,2012-06-18 09:01:41.760,2420.0000,219638,0,0.0000,2.0000,1,1,空换,S,2419.0000,0.0000,0.0000,0.0000,0.0000,2421.0000,0.0000,0.0000,0.0000,0.0000,34,0,0,0,0,42,0,0,0,0
zc,WS209,2012-06-18 09:01:42.510,2420.0000,219638,0,0.0000,0.0000,0,0,空换,S,2419.0000,0.0000,0.0000,0.0000,0.0000,2420.0000,0.0000,0.0000,0.0000,0.0000,34,0,0,0,0,6,0,0,0,0
zc,WS209,2012-06-18 09:01:43.290,2421.0000,219630,-8,0.0000,22.0000,7,15,空平,B,2419.0000,0.0000,0.0000,0.0000,0.0000,2421.0000,0.0000,0.0000,0.0000,0.0000,6,0,0,0,0,56,0,0,0,0
zc,WS209,2012-06-18 09:01:43.807,2420.0000,219628,-2,0.0000,2.0000,0,2,双平,S,2419.0000,0.0000,0.0000,0.0000,0.0000,2420.0000,0.0000,0.0000,0.0000,0.0000,6,0,0,0,0,3,0,0,0,0
zc,WS209,2012-06-18 09:01:44.510,2420.0000,219628,0,0.0000,0.0000,0,0,空换,S,2419.0000,0.0000,0.0000,0.0000,0.0000,2420.0000,0.0000,0.0000,0.0000,0.0000,6,0,0,0,0,4,0,0,0,0
zc,WS209,2012-06-18 09:01:44.743,2420.0000,219628,0,0.0000,0.0000,0,0,空换,S,2419.0000,0.0000,0.0000,0.0000,0.0000,2420.0000,0.0000,0.0000,0.0000,0.0000,6,0,0,0,0,8,0,0,0,0
zc,WS209,2012-06-18 09:01:45.743,2420.0000,219628,0,0.0000,0.0000,0,0,空换,S,2419.0000,0.0000,0.0000,0.0000,0.0000,2420.0000,0.0000,0.0000,0.0000,0.0000,7,0,0,0,0,13,0,0,0,0
zc,WS209,2012-06-18 09:01:45.977,2419.0000,219628,0,0.0000,14.0000,7,7,空换,S,2418.0000,0.0000,0.0000,0.0000,0.0000,2419.0000,0.0000,0.0000,0.0000,0.0000,57,0,0,0,0,1,0,0,0,0
zc,WS209,2012-06-18 09:01:47.243,2419.0000,219628,0,0.0000,0.0000,0,0,空换,S,2418.0000,0.0000,0.0000,0.0000,0.0000,2419.0000,0.0000,0.0000,0.0000,0.0000,57,0,0,0,0,2,0,0,0,0
zc,WS209,2012-06-18 09:01:47.947,2419.0000,219628,0,0.0000,0.0000,0,0,空换,S,2418.0000,0.0000,0.0000,0.0000,0.0000,2419.0000,0.0000,0.0000,0.0000,0.0000,13,0,0,0,0,2,0,0,0,0
zc,WS209,2012-06-18 09:01:48.527,2418.0000,219626,-2,0.0000,4.0000,1,3,多平,S,2418.0000,0.0000,0.0000,0.0000,0.0000,2420.0000,0.0000,0.0000,0.0000,0.0000,12,0,0,0,0,36,0,0,0,0
zc,WS209,2012-06-18 09:01:49.290,2418.0000,219626,0,0.0000,0.0000,0,0,空换,S,2418.0000,0.0000,0.0000,0.0000,0.0000,2420.0000,0.0000,0.0000,0.0000,0.0000,12,0,0,0,0,37,0,0,0,0
zc,WS209,2012-06-18 09:01:50.510,2420.0000,219606,-20,0.0000,20.0000,0,20,双平,B,2418.0000,0.0000,0.0000,0.0000,0.0000,2420.0000,0.0000,0.0000,0.0000,0.0000,12,0,0,0,0,78,0,0,0,0
zc,WS209,2012-06-18 09:01:50.963,2420.0000,219606,0,0.0000,2.0000,1,1,多换,B,2418.0000,0.0000,0.0000,0.0000,0.0000,2420.0000,0.0000,0.0000,0.0000,0.0000,12,0,0,0,0,78,0,0,0,0
zc,WS209,2012-06-18 09:01:51.713,2418.0000,219608,2,0.0000,4.0000,3,1,空开,S,2418.0000,0.0000,0.0000,0.0000,0.0000,2420.0000,0.0000,0.0000,0.0000,0.0000,11,0,0,0,0,83,0,0,0,0
zc,WS209,2012-06-18 09:01:52.227,2420.0000,219608,0,0.0000,2.0000,1,1,多换,B,2418.0000,0.0000,0.0000,0.0000,0.0000,2420.0000,0.0000,0.0000,0.0000,0.0000,11,0,0,0,0,82,0,0,0,0
zc,WS209,2012-06-18 09:01:53.027,2420.0000,219608,0,0.0000,0.0000,0,0,多换,B,2418.0000,0.0000,0.0000,0.0000,0.0000,2420.0000,0.0000,0.0000,0.0000,0.0000,11,0,0,0,0,83,0,0,0,0
zc,WS209,2012-06-18 09:01:53.790,2420.0000,219608,0,0.0000,2.0000,1,1,多换,B,2418.0000,0.0000,0.0000,0.0000,0.0000,2420.0000,0.0000,0.0000,0.0000,0.0000,11,0,0,0,0,83,0,0,0,0
zc,WS209,2012-06-18 09:01:54.477,2420.0000,219608,0,0.0000,0.0000,0,0,多换,B,2418.0000,0.0000,0.0000,0.0000,0.0000,2419.0000,0.0000,0.0000,0.0000,0.0000,12,0,0,0,0,6,0,0,0,0
zc,WS209,2012-06-18 09:01:55.040,2418.0000,219608,0,0.0000,24.0000,12,12,空换,S,2417.0000,0.0000,0.0000,0.0000,0.0000,2418.0000,0.0000,0.0000,0.0000,0.0000,2,0,0,0,0,24,0,0,0,0
zc,WS209,2012-06-18 09:01:55.807,2418.0000,219608,0,0.0000,2.0000,1,1,空换,S,2417.0000,0.0000,0.0000,0.0000,0.0000,2418.0000,0.0000,0.0000,0.0000,0.0000,2,0,0,0,0,23,0,0,0,0
zc,WS209,2012-06-18 09:01:56.227,2418.0000,219608,0,0.0000,2.0000,1,1,空换,S,2417.0000,0.0000,0.0000,0.0000,0.0000,2418.0000,0.0000,0.0000,0.0000,0.0000,3,0,0,0,0,22,0,0,0,0
zc,WS209,2012-06-18 09:01:56.977,2418.0000,219608,0,0.0000,12.0000,6,6,空换,S,2417.0000,0.0000,0.0000,0.0000,0.0000,2418.0000,0.0000,0.0000,0.0000,0.0000,3,0,0,0,0,16,0,0,0,0
zc,WS209,2012-06-18 09:01:57.510,2417.0000,219610,2,0.0000,2.0000,2,0,双开,S,2417.0000,0.0000,0.0000,0.0000,0.0000,2418.0000,0.0000,0.0000,0.0000,0.0000,2,0,0,0,0,16,0,0,0,0
zc,WS209,2012-06-18 09:01:58.040,2417.0000,219614,4,0.0000,6.0000,5,1,空开,S,2416.0000,0.0000,0.0000,0.0000,0.0000,2417.0000,0.0000,0.0000,0.0000,0.0000,44,0,0,0,0,2,0,0,0,0
zc,WS209,2012-06-18 09:01:58.713,2417.0000,219616,2,0.0000,2.0000,2,0,双开,S,2416.0000,0.0000,0.0000,0.0000,0.0000,2417.0000,0.0000,0.0000,0.0000,0.0000,45,0,0,0,0,3,0,0,0,0
zc,WS209,2012-06-18 09:01:59.260,2417.0000,219622,6,0.0000,18.0000,12,6,空开,S,2417.0000,0.0000,0.0000,0.0000,0.0000,2418.0000,0.0000,0.0000,0.0000,0.0000,9,0,0,0,0,10,0,0,0,0
zc,WS209,2012-06-18 09:02:00.040,2417.0000,219622,0,0.0000,0.0000,0,0,空换,S,2417.0000,0.0000,0.0000,0.0000,0.0000,2418.0000,0.0000,0.0000,0.0000,0.0000,11,0,0,0,0,10,0,0,0,0
zc,WS209,2012-06-18 09:02:00.540,2417.0000,219622,0,0.0000,0.0000,0,0,空换,S,2417.0000,0.0000,0.0000,0.0000,0.0000,2418.0000,0.0000,0.0000,0.0000,0.0000,13,0,0,0,0,10,0,0,0,0
zc,WS209,2012-06-18 09:02:01.743,2417.0000,219622,0,0.0000,2.0000,1,1,空换,S,2417.0000,0.0000,0.0000,0.0000,0.0000,2418.0000,0.0000,0.0000,0.0000,0.0000,12,0,0,0,0,10,0,0,0,0
zc,WS209,2012-06-18 09:02:02.213,2418.0000,219622,0,0.0000,2.0000,1,1,多换,B,2417.0000,0.0000,0.0000,0.0000,0.0000,2418.0000,0.0000,0.0000,0.0000,0.0000,13,0,0,0,0,11,0,0,0,0
zc,WS209,2012-06-18 09:02:02.727,2417.0000,219620,-2,0.0000,30.0000,14,16,多平,S,2416.0000,0.0000,0.0000,0.0000,0.0000,2417.0000,0.0000,0.0000,0.0000,0.0000,46,0,0,0,0,10,0,0,0,0
zc,WS209,2012-06-18 09:02:04.243,2417.0000,219622,2,0.0000,22.0000,12,10,空开,S,2416.0000,0.0000,0.0000,0.0000,0.0000,2417.0000,0.0000,0.0000,0.0000,0.0000,46,0,0,0,0,9,0,0,0,0
zc,WS209,2012-06-18 09:02:05.557,2417.0000,219626,4,0.0000,4.0000,4,0,双开,S,2416.0000,0.0000,0.0000,0.0000,0.0000,2417.0000,0.0000,0.0000,0.0000,0.0000,44,0,0,0,0,7,0,0,0,0
zc,WS209,2012-06-18 09:02:06.213,2417.0000,219640,14,0.0000,14.0000,14,0,双开,S,2416.0000,0.0000,0.0000,0.0000,0.0000,2417.0000,0.0000,0.0000,0.0000,0.0000,44,0,0,0,0,31,0,0,0,0
zc,WS209,2012-06-18 09:02:06.697,2417.0000,219644,4,0.0000,4.0000,4,0,双开,S,2416.0000,0.0000,0.0000,0.0000,0.0000,2417.0000,0.0000,0.0000,0.0000,0.0000,45,0,0,0,0,29,0,0,0,0
zc,WS209,2012-06-18 09:02:07.213,2418.0000,219734,90,0.0000,174.0000,132,42,多开,B,2416.0000,0.0000,0.0000,0.0000,0.0000,2418.0000,0.0000,0.0000,0.0000,0.0000,45,0,0,0,0,14,0,0,0,0
zc,WS209,2012-06-18 09:02:08.027,2418.0000,219734,0,0.0000,6.0000,3,3,多换,B,2416.0000,0.0000,0.0000,0.0000,0.0000,2417.0000,0.0000,0.0000,0.0000,0.0000,48,0,0,0,0,1,0,0,0,0
zc,WS209,2012-06-18 09:02:08.477,2418.0000,219734,0,0.0000,8.0000,4,4,多换,B,2416.0000,0.0000,0.0000,0.0000,0.0000,2418.0000,0.0000,0.0000,0.0000,0.0000,48,0,0,0,0,7,0,0,0,0
zc,WS209,2012-06-18 09:02:08.977,2418.0000,219746,12,0.0000,24.0000,18,6,多开,B,2416.0000,0.0000,0.0000,0.0000,0.0000,2418.0000,0.0000,0.0000,0.0000,0.0000,50,0,0,0,0,1,0,0,0,0
zc,WS209,2012-06-18 09:02:09.510,2417.0000,219822,76,0.0000,120.0000,98,22,空开,S,2416.0000,0.0000,0.0000,0.0000,0.0000,2419.0000,0.0000,0.0000,0.0000,0.0000,17,0,0,0,0,34,0,0,0,0
zc,WS209,2012-06-18 09:02:10.243,2417.0000,219822,0,0.0000,0.0000,0,0,空换,S,2416.0000,0.0000,0.0000,0.0000,0.0000,2419.0000,0.0000,0.0000,0.0000,0.0000,17,0,0,0,0,35,0,0,0,0
zc,WS209,2012-06-18 09:02:10.683,2418.0000,219824,2,0.0000,2.0000,2,0,双开,B,2416.0000,0.0000,0.0000,0.0000,0.0000,2418.0000,0.0000,0.0000,0.0000,0.0000,16,0,0,0,0,7,0,0,0,0
zc,WS209,2012-06-18 09:02:11.277,2418.0000,219824,0,0.0000,0.0000,0,0,多换,B,2417.0000,0.0000,0.0000,0.0000,0.0000,2418.0000,0.0000,0.0000,0.0000,0.0000,3,0,0,0,0,7,0,0,0,0
zc,WS209,2012-06-18 09:02:12.010,2418.0000,219826,2,0.0000,2.0000,2,0,双开,B,2417.0000,0.0000,0.0000,0.0000,0.0000,2418.0000,0.0000,0.0000,0.0000,0.0000,6,0,0,0,0,7,0,0,0,0
zc,WS209,2012-06-18 09:02:12.477,2417.0000,219844,18,0.0000,18.0000,18,0,双开,S,2417.0000,0.0000,0.0000,0.0000,0.0000,2418.0000,0.0000,0.0000,0.0000,0.0000,2,0,0,0,0,2,0,0,0,0
zc,WS209,2012-06-18 09:02:13.227,2418.0000,219846,2,0.0000,2.0000,2,0,双开,B,2417.0000,0.0000,0.0000,0.0000,0.0000,2419.0000,0.0000,0.0000,0.0000,0.0000,3,0,0,0,0,26,0,0,0,0
zc,WS209,2012-06-18 09:02:13.993,2419.0000,219850,4,0.0000,4.0000,4,0,双开,B,2417.0000,0.0000,0.0000,0.0000,0.0000,2419.0000,0.0000,0.0000,0.0000,0.0000,4,0,0,0,0,25,0,0,0,0
zc,WS209,2012-06-18 09:02:14.760,2417.0000,219850,0,0.0000,2.0000,1,1,空换,S,2418.0000,0.0000,0.0000,0.0000,0.0000,2419.0000,0.0000,0.0000,0.0000,0.0000,1,0,0,0,0,25,0,0,0,0
zc,WS209,2012-06-18 09:02:15.243,2419.0000,219856,6,0.0000,8.0000,7,1,多开,B,2417.0000,0.0000,0.0000,0.0000,0.0000,2419.0000,0.0000,0.0000,0.0000,0.0000,3,0,0,0,0,21,0,0,0,0
zc,WS209,2012-06-18 09:02:15.777,2419.0000,219860,4,0.0000,4.0000,4,0,双开,B,2417.0000,0.0000,0.0000,0.0000,0.0000,2419.0000,0.0000,0.0000,0.0000,0.0000,5,0,0,0,0,20,0,0,0,0
zc,WS209,2012-06-18 09:02:16.227,2419.0000,219860,0,0.0000,0.0000,0,0,多换,B,2417.0000,0.0000,0.0000,0.0000,0.0000,2419.0000,0.0000,0.0000,0.0000,0.0000,6,0,0,0,0,20,0,0,0,0
zc,WS209,2012-06-18 09:02:16.977,2417.0000,219860,0,0.0000,2.0000,1,1,空换,S,2418.0000,0.0000,0.0000,0.0000,0.0000,2419.0000,0.0000,0.0000,0.0000,0.0000,1,0,0,0,0,20,0,0,0,0
zc,WS209,2012-06-18 09:02:18.213,2417.0000,219860,0,0.0000,0.0000,0,0,空换,S,2418.0000,0.0000,0.0000,0.0000,0.0000,2419.0000,0.0000,0.0000,0.0000,0.0000,2,0,0,0,0,22,0,0,0,0
zc,WS209,2012-06-18 09:02:18.790,2418.0000,219866,6,0.0000,8.0000,7,1,多开,B,2417.0000,0.0000,0.0000,0.0000,0.0000,2418.0000,0.0000,0.0000,0.0000,0.0000,8,0,0,0,0,1,0,0,0,0
zc,WS209,2012-06-18 09:02:19.477,2418.0000,219866,0,0.0000,0.0000,0,0,多换,B,2417.0000,0.0000,0.0000,0.0000,0.0000,2418.0000,0.0000,0.0000,0.0000,0.0000,8,0,0,0,0,3,0,0,0,0
zc,WS209,2012-06-18 09:02:19.947,2417.0000,219870,4,0.0000,4.0000,4,0,双开,S,2417.0000,0.0000,0.0000,0.0000,0.0000,2418.0000,0.0000,0.0000,0.0000,0.0000,6,0,0,0,0,4,0,0,0,0
zc,WS209,2012-06-18 09:02:20.777,2417.0000,219874,4,0.0000,8.0000,6,2,空开,S,2417.0000,0.0000,0.0000,0.0000,0.0000,2418.0000,0.0000,0.0000,0.0000,0.0000,3,0,0,0,0,11,0,0,0,0
zc,WS209,2012-06-18 09:02:21.243,2417.0000,219872,-2,0.0000,8.0000,3,5,多平,S,2416.0000,0.0000,0.0000,0.0000,0.0000,2418.0000,0.0000,0.0000,0.0000,0.0000,25,0,0,0,0,8,0,0,0,0
zc,WS209,2012-06-18 09:02:21.993,2417.0000,219870,-2,0.0000,4.0000,1,3,多平,S,2417.0000,0.0000,0.0000,0.0000,0.0000,2418.0000,0.0000,0.0000,0.0000,0.0000,5,0,0,0,0,6,0,0,0,0
zc,WS209,2012-06-18 09:02:22.527,2418.0000,219870,0,0.0000,2.0000,1,1,多换,B,2417.0000,0.0000,0.0000,0.0000,0.0000,2418.0000,0.0000,0.0000,0.0000,0.0000,5,0,0,0,0,5,0,0,0,0
zc,WS209,2012-06-18 09:02:23.777,2418.0000,219870,0,0.0000,2.0000,1,1,多换,B,2417.0000,0.0000,0.0000,0.0000,0.0000,2418.0000,0.0000,0.0000,0.0000,0.0000,7,0,0,0,0,4,0,0,0,0
zc,WS209,2012-06-18 09:02:24.993,2417.0000,219870,0,0.0000,4.0000,2,2,空换,S,2417.0000,0.0000,0.0000,0.0000,0.0000,2418.0000,0.0000,0.0000,0.0000,0.0000,7,0,0,0,0,8,0,0,0,0
zc,WS209,2012-06-18 09:02:25.527,2417.0000,219872,2,0.0000,2.0000,2,0,双开,S,2417.0000,0.0000,0.0000,0.0000,0.0000,2418.0000,0.0000,0.0000,0.0000,0.0000,8,0,0,0,0,13,0,0,0,0
zc,WS209,2012-06-18 09:02:26.213,2417.0000,219870,-2,0.0000,10.0000,4,6,多平,S,2417.0000,0.0000,0.0000,0.0000,0.0000,2418.0000,0.0000,0.0000,0.0000,0.0000,4,0,0,0,0,12,0,0,0,0
zc,WS209,2012-06-18 09:02:26.760,2417.0000,219870,0,0.0000,10.0000,5,5,空换,S,2416.0000,0.0000,0.0000,0.0000,0.0000,2418.0000,0.0000,0.0000,0.0000,0.0000,57,0,0,0,0,12,0,0,0,0
zc,WS209,2012-06-18 09:02:27.277,2417.0000,219870,0,0.0000,0.0000,0,0,空换,S,2416.0000,0.0000,0.0000,0.0000,0.0000,2418.0000,0.0000,0.0000,0.0000,0.0000,57,0,0,0,0,13,0,0,0,0
zc,WS209,2012-06-18 09:02:27.777,2417.0000,219870,0,0.0000,0.0000,0,0,空换,S,2417.0000,0.0000,0.0000,0.0000,0.0000,2418.0000,0.0000,0.0000,0.0000,0.0000,1,0,0,0,0,12,0,0,0,0
zc,WS209,2012-06-18 09:02:28.477,2417.0000,219870,0,0.0000,2.0000,1,1,空换,S,2416.0000,0.0000,0.0000,0.0000,0.0000,2418.0000,0.0000,0.0000,0.0000,0.0000,57,0,0,0,0,11,0,0,0,0
zc,WS209,2012-06-18 09:02:29.227,2417.0000,219870,0,0.0000,0.0000,0,0,空换,S,2417.0000,0.0000,0.0000,0.0000,0.0000,2418.0000,0.0000,0.0000,0.0000,0.0000,19,0,0,0,0,11,0,0,0,0
zc,WS209,2012-06-18 09:02:29.713,2417.0000,219874,4,0.0000,4.0000,4,0,双开,S,2417.0000,0.0000,0.0000,0.0000,0.0000,2418.0000,0.0000,0.0000,0.0000,0.0000,17,0,0,0,0,11,0,0,0,0
zc,WS209,2012-06-18 09:02:30.527,2417.0000,219874,0,0.0000,0.0000,0,0,空换,S,2417.0000,0.0000,0.0000,0.0000,0.0000,2418.0000,0.0000,0.0000,0.0000,0.0000,17,0,0,0,0,15,0,0,0,0
zc,WS209,2012-06-18 09:02:30.977,2418.0000,219874,0,0.0000,4.0000,2,2,多换,B,2417.0000,0.0000,0.0000,0.0000,0.0000,2418.0000,0.0000,0.0000,0.0000,0.0000,17,0,0,0,0,17,0,0,0,0
zc,WS209,2012-06-18 09:02:31.493,2417.0000,219874,0,0.0000,22.0000,11,11,空换,S,2417.0000,0.0000,0.0000,0.0000,0.0000,2418.0000,0.0000,0.0000,0.0000,0.0000,6,0,0,0,0,18,0,0,0,0
zc,WS209,2012-06-18 09:02:31.963,2417.0000,219874,0,0.0000,62.0000,31,31,空换,S,2417.0000,0.0000,0.0000,0.0000,0.0000,2418.0000,0.0000,0.0000,0.0000,0.0000,9,0,0,0,0,17,0,0,0,0
zc,WS209,2012-06-18 09:02:32.727,2417.0000,219874,0,0.0000,2.0000,1,1,空换,S,2417.0000,0.0000,0.0000,0.0000,0.0000,2418.0000,0.0000,0.0000,0.0000,0.0000,9,0,0,0,0,36,0,0,0,0
zc,WS209,2012-06-18 09:02:33.213,2418.0000,219874,0,0.0000,2.0000,1,1,多换,B,2417.0000,0.0000,0.0000,0.0000,0.0000,2418.0000,0.0000,0.0000,0.0000,0.0000,13,0,0,0,0,36,0,0,0,0
zc,WS209,2012-06-18 09:02:34.477,2417.0000,219874,0,0.0000,8.0000,4,4,空换,S,2417.0000,0.0000,0.0000,0.0000,0.0000,2418.0000,0.0000,0.0000,0.0000,0.0000,9,0,0,0,0,47,0,0,0,0
zc,WS209,2012-06-18 09:02:34.977,2417.0000,219872,-2,0.0000,18.0000,8,10,多平,S,2416.0000,0.0000,0.0000,0.0000,0.0000,2418.0000,0.0000,0.0000,0.0000,0.0000,28,0,0,0,0,38,0,0,0,0
zc,WS209,2012-06-18 09:02:35.713,2418.0000,219880,8,0.0000,20.0000,14,6,多开,B,2416.0000,0.0000,0.0000,0.0000,0.0000,2418.0000,0.0000,0.0000,0.0000,0.0000,28,0,0,0,0,48,0,0,0,0
zc,WS209,2012-06-18 09:02:36.227,2418.0000,219880,0,0.0000,0.0000,0,0,多换,B,2416.0000,0.0000,0.0000,0.0000,0.0000,2417.0000,0.0000,0.0000,0.0000,0.0000,28,0,0,0,0,2,0,0,0,0
zc,WS209,2012-06-18 09:02:37.027,2417.0000,219882,2,0.0000,4.0000,3,1,空开,S,2416.0000,0.0000,0.0000,0.0000,0.0000,2417.0000,0.0000,0.0000,0.0000,0.0000,28,0,0,0,0,14,0,0,0,0
zc,WS209,2012-06-18 09:02:37.447,2417.0000,219882,0,0.0000,0.0000,0,0,空换,S,2416.0000,0.0000,0.0000,0.0000,0.0000,2417.0000,0.0000,0.0000,0.0000,0.0000,29,0,0,0,0,16,0,0,0,0
zc,WS209,2012-06-18 09:02:38.743,2417.0000,219882,0,0.0000,12.0000,6,6,空换,S,2416.0000,0.0000,0.0000,0.0000,0.0000,2417.0000,0.0000,0.0000,0.0000,0.0000,37,0,0,0,0,11,0,0,0,0
zc,WS209,2012-06-18 09:02:39.243,2417.0000,219882,0,0.0000,4.0000,2,2,空换,S,2416.0000,0.0000,0.0000,0.0000,0.0000,2417.0000,0.0000,0.0000,0.0000,0.0000,37,0,0,0,0,9,0,0,0,0
zc,WS209,2012-06-18 09:02:39.777,2416.0000,219872,-10,0.0000,26.0000,8,18,多平,S,2416.0000,0.0000,0.0000,0.0000,0.0000,2417.0000,0.0000,0.0000,0.0000,0.0000,25,0,0,0,0,115,0,0,0,0
zc,WS209,2012-06-18 09:02:40.527,2416.0000,219872,0,0.0000,2.0000,1,1,空换,S,2416.0000,0.0000,0.0000,0.0000,0.0000,2417.0000,0.0000,0.0000,0.0000,0.0000,25,0,0,0,0,98,0,0,0,0
zc,WS209,2012-06-18 09:02:41.040,2416.0000,219872,0,0.0000,52.0000,26,26,空换,S,2415.0000,0.0000,0.0000,0.0000,0.0000,2416.0000,0.0000,0.0000,0.0000,0.0000,17,0,0,0,0,26,0,0,0,0
zc,WS209,2012-06-18 09:02:41.727,2415.0000,219874,2,0.0000,2.0000,2,0,双开,S,2415.0000,0.0000,0.0000,0.0000,0.0000,2416.0000,0.0000,0.0000,0.0000,0.0000,18,0,0,0,0,26,0,0,0,0
zc,WS209,2012-06-18 09:02:42.243,2415.0000,219874,0,0.0000,0.0000,0,0,空换,S,2415.0000,0.0000,0.0000,0.0000,0.0000,2416.0000,0.0000,0.0000,0.0000,0.0000,18,0,0,0,0,27,0,0,0,0
zc,WS209,2012-06-18 09:02:42.977,2416.0000,219868,-6,0.0000,6.0000,0,6,双平,B,2415.0000,0.0000,0.0000,0.0000,0.0000,2416.0000,0.0000,0.0000,0.0000,0.0000,18,0,0,0,0,24,0,0,0,0
zc,WS209,2012-06-18 09:02:43.510,2416.0000,219868,0,0.0000,0.0000,0,0,多换,B,2415.0000,0.0000,0.0000,0.0000,0.0000,2416.0000,0.0000,0.0000,0.0000,0.0000,25,0,0,0,0,24,0,0,0,0
zc,WS209,2012-06-18 09:02:44.977,2415.0000,219858,-10,0.0000,46.0000,18,28,多平,S,2415.0000,0.0000,0.0000,0.0000,0.0000,2416.0000,0.0000,0.0000,0.0000,0.0000,2,0,0,0,0,18,0,0,0,0
zc,WS209,2012-06-18 09:02:45.510,2415.0000,219858,0,0.0000,0.0000,0,0,空换,S,2415.0000,0.0000,0.0000,0.0000,0.0000,2416.0000,0.0000,0.0000,0.0000,0.0000,4,0,0,0,0,153,0,0,0,0
zc,WS209,2012-06-18 09:02:45.977,2415.0000,219858,0,0.0000,0.0000,0,0,空换,S,2415.0000,0.0000,0.0000,0.0000,0.0000,2416.0000,0.0000,0.0000,0.0000,0.0000,4,0,0,0,0,147,0,0,0,0
zc,WS209,2012-06-18 09:02:46.493,2415.0000,219858,0,0.0000,0.0000,0,0,空换,S,2415.0000,0.0000,0.0000,0.0000,0.0000,2416.0000,0.0000,0.0000,0.0000,0.0000,4,0,0,0,0,155,0,0,0,0
zc,WS209,2012-06-18 09:02:47.243,2415.0000,219858,0,0.0000,8.0000,4,4,空换,S,2414.0000,0.0000,0.0000,0.0000,0.0000,2416.0000,0.0000,0.0000,0.0000,0.0000,17,0,0,0,0,139,0,0,0,0
zc,WS209,2012-06-18 09:02:47.777,2415.0000,219858,0,0.0000,0.0000,0,0,空换,S,2414.0000,0.0000,0.0000,0.0000,0.0000,2415.0000,0.0000,0.0000,0.0000,0.0000,19,0,0,0,0,1,0,0,0,0
zc,WS209,2012-06-18 09:02:49.447,2415.0000,219858,0,0.0000,2.0000,1,1,空换,S,2414.0000,0.0000,0.0000,0.0000,0.0000,2416.0000,0.0000,0.0000,0.0000,0.0000,19,0,0,0,0,62,0,0,0,0
zc,WS209,2012-06-18 09:02:50.213,2414.0000,219878,20,0.0000,20.0000,20,0,双开,S,2414.0000,0.0000,0.0000,0.0000,0.0000,2416.0000,0.0000,0.0000,0.0000,0.0000,10,0,0,0,0,146,0,0,0,0
zc,WS209,2012-06-18 09:02:50.713,2414.0000,219884,6,0.0000,8.0000,7,1,空开,S,2414.0000,0.0000,0.0000,0.0000,0.0000,2416.0000,0.0000,0.0000,0.0000,0.0000,9,0,0,0,0,156,0,0,0,0
zc,WS209,2012-06-18 09:02:51.260,2414.0000,219884,0,0.0000,0.0000,0,0,空换,S,2414.0000,0.0000,0.0000,0.0000,0.0000,2415.0000,0.0000,0.0000,0.0000,0.0000,10,0,0,0,0,1,0,0,0,0
zc,WS209,2012-06-18 09:02:51.777,2414.0000,219884,0,0.0000,32.0000,16,16,空换,S,2413.0000,0.0000,0.0000,0.0000,0.0000,2414.0000,0.0000,0.0000,0.0000,0.0000,4,0,0,0,0,6,0,0,0,0
zc,WS209,2012-06-18 09:02:52.540,2413.0000,219886,2,0.0000,16.0000,9,7,空开,S,2414.0000,0.0000,0.0000,0.0000,0.0000,2415.0000,0.0000,0.0000,0.0000,0.0000,1,0,0,0,0,1,0,0,0,0
zc,WS209,2012-06-18 09:02:54.027,2413.0000,219888,2,0.0000,2.0000,2,0,双开,S,2413.0000,0.0000,0.0000,0.0000,0.0000,2415.0000,0.0000,0.0000,0.0000,0.0000,24,0,0,0,0,2,0,0,0,0
zc,WS209,2012-06-18 09:02:54.743,2413.0000,219888,0,0.0000,0.0000,0,0,空换,S,2414.0000,0.0000,0.0000,0.0000,0.0000,2415.0000,0.0000,0.0000,0.0000,0.0000,1,0,0,0,0,2,0,0,0,0
zc,WS209,2012-06-18 09:02:56.993,2413.0000,219888,0,0.0000,0.0000,0,0,空换,S,2414.0000,0.0000,0.0000,0.0000,0.0000,2415.0000,0.0000,0.0000,0.0000,0.0000,1,0,0,0,0,4,0,0,0,0
zc,WS209,2012-06-18 09:02:57.807,2413.0000,219888,0,0.0000,0.0000,0,0,空换,S,2414.0000,0.0000,0.0000,0.0000,0.0000,2415.0000,0.0000,0.0000,0.0000,0.0000,8,0,0,0,0,5,0,0,0,0
zc,WS209,2012-06-18 09:02:58.027,2414.0000,219890,2,0.0000,2.0000,2,0,双开,B,2414.0000,0.0000,0.0000,0.0000,0.0000,2415.0000,0.0000,0.0000,0.0000,0.0000,9,0,0,0,0,3,0,0,0,0
zc,WS209,2012-06-18 09:02:58.743,2414.0000,219890,0,0.0000,0.0000,0,0,多换,B,2414.0000,0.0000,0.0000,0.0000,0.0000,2415.0000,0.0000,0.0000,0.0000,0.0000,10,0,0,0,0,3,0,0,0,0
zc,WS209,2012-06-18 09:02:59.307,2414.0000,219890,0,0.0000,0.0000,0,0,多换,B,2414.0000,0.0000,0.0000,0.0000,0.0000,2415.0000,0.0000,0.0000,0.0000,0.0000,18,0,0,0,0,3,0,0,0,0
zc,WS209,2012-06-18 09:02:59.993,2415.0000,219890,0,0.0000,2.0000,1,1,多换,B,2414.0000,0.0000,0.0000,0.0000,0.0000,2415.0000,0.0000,0.0000,0.0000,0.0000,19,0,0,0,0,2,0,0,0,0
zc,WS209,2012-06-18 09:03:00.807,2415.0000,219892,2,0.0000,4.0000,3,1,多开,B,2415.0000,0.0000,0.0000,0.0000,0.0000,2416.0000,0.0000,0.0000,0.0000,0.0000,18,0,0,0,0,158,0,0,0,0
zc,WS209,2012-06-18 09:03:01.027,2415.0000,219894,2,0.0000,4.0000,3,1,多开,B,2415.0000,0.0000,0.0000,0.0000,0.0000,2416.0000,0.0000,0.0000,0.0000,0.0000,16,0,0,0,0,155,0,0,0,0
zc,WS209,2012-06-18 09:03:01.727,2415.0000,219894,0,0.0000,0.0000,0,0,多换,B,2415.0000,0.0000,0.0000,0.0000,0.0000,2416.0000,0.0000,0.0000,0.0000,0.0000,17,0,0,0,0,155,0,0,0,0
zc,WS209,2012-06-18 09:03:02.260,2415.0000,219894,0,0.0000,0.0000,0,0,多换,B,2415.0000,0.0000,0.0000,0.0000,0.0000,2416.0000,0.0000,0.0000,0.0000,0.0000,17,0,0,0,0,154,0,0,0,0
zc,WS209,2012-06-18 09:03:03.040,2416.0000,219896,2,0.0000,2.0000,2,0,双开,B,2415.0000,0.0000,0.0000,0.0000,0.0000,2416.0000,0.0000,0.0000,0.0000,0.0000,17,0,0,0,0,152,0,0,0,0
zc,WS209,2012-06-18 09:03:03.760,2415.0000,219900,4,0.0000,4.0000,4,0,双开,S,2415.0000,0.0000,0.0000,0.0000,0.0000,2416.0000,0.0000,0.0000,0.0000,0.0000,16,0,0,0,0,148,0,0,0,0
zc,WS209,2012-06-18 09:03:04.243,2415.0000,219900,0,0.0000,0.0000,0,0,空换,S,2415.0000,0.0000,0.0000,0.0000,0.0000,2416.0000,0.0000,0.0000,0.0000,0.0000,17,0,0,0,0,48,0,0,0,0
zc,WS209,2012-06-18 09:03:04.760,2416.0000,219900,0,0.0000,2.0000,1,1,多换,B,2415.0000,0.0000,0.0000,0.0000,0.0000,2416.0000,0.0000,0.0000,0.0000,0.0000,17,0,0,0,0,5,0,0,0,0
zc,WS209,2012-06-18 09:03:05.510,2416.0000,219900,0,0.0000,0.0000,0,0,多换,B,2415.0000,0.0000,0.0000,0.0000,0.0000,2416.0000,0.0000,0.0000,0.0000,0.0000,29,0,0,0,0,5,0,0,0,0
zc,WS209,2012-06-18 09:03:06.790,2416.0000,219900,0,0.0000,0.0000,0,0,多换,B,2415.0000,0.0000,0.0000,0.0000,0.0000,2416.0000,0.0000,0.0000,0.0000,0.0000,31,0,0,0,0,5,0,0,0,0
zc,WS209,2012-06-18 09:03:07.260,2416.0000,219900,0,0.0000,0.0000,0,0,多换,B,2415.0000,0.0000,0.0000,0.0000,0.0000,2416.0000,0.0000,0.0000,0.0000,0.0000,33,0,0,0,0,5,0,0,0,0
zc,WS209,2012-06-18 09:03:08.040,2416.0000,219900,0,0.0000,2.0000,1,1,多换,B,2415.0000,0.0000,0.0000,0.0000,0.0000,2416.0000,0.0000,0.0000,0.0000,0.0000,33,0,0,0,0,4,0,0,0,0
zc,WS209,2012-06-18 09:03:09.777,2416.0000,219908,8,0.0000,16.0000,12,4,多开,B,2415.0000,0.0000,0.0000,0.0000,0.0000,2417.0000,0.0000,0.0000,0.0000,0.0000,34,0,0,0,0,56,0,0,0,0
zc,WS209,2012-06-18 09:03:10.540,2417.0000,219916,8,0.0000,8.0000,8,0,双开,B,2416.0000,0.0000,0.0000,0.0000,0.0000,2417.0000,0.0000,0.0000,0.0000,0.0000,2,0,0,0,0,31,0,0,0,0
zc,WS209,2012-06-18 09:03:11.243,2416.0000,219918,2,0.0000,2.0000,2,0,双开,S,2416.0000,0.0000,0.0000,0.0000,0.0000,2417.0000,0.0000,0.0000,0.0000,0.0000,1,0,0,0,0,31,0,0,0,0
zc,WS209,2012-06-18 09:03:11.743,2415.0000,219918,0,0.0000,6.0000,3,3,空换,S,2415.0000,0.0000,0.0000,0.0000,0.0000,2417.0000,0.0000,0.0000,0.0000,0.0000,51,0,0,0,0,3,0,0,0,0
zc,WS209,2012-06-18 09:03:12.573,2415.0000,219918,0,0.0000,0.0000,0,0,空换,S,2416.0000,0.0000,0.0000,0.0000,0.0000,2417.0000,0.0000,0.0000,0.0000,0.0000,3,0,0,0,0,3,0,0,0,0
zc,WS209,2012-06-18 09:03:13.727,2417.0000,219918,0,0.0000,2.0000,1,1,多换,B,2416.0000,0.0000,0.0000,0.0000,0.0000,2417.0000,0.0000,0.0000,0.0000,0.0000,5,0,0,0,0,86,0,0,0,0
zc,WS209,2012-06-18 09:03:14.277,2416.0000,219918,0,0.0000,12.0000,6,6,空换,S,2416.0000,0.0000,0.0000,0.0000,0.0000,2417.0000,0.0000,0.0000,0.0000,0.0000,1,0,0,0,0,128,0,0,0,0
zc,WS209,2012-06-18 09:03:14.963,2416.0000,219918,0,0.0000,0.0000,0,0,空换,S,2416.0000,0.0000,0.0000,0.0000,0.0000,2417.0000,0.0000,0.0000,0.0000,0.0000,2,0,0,0,0,137,0,0,0,0
zc,WS209,2012-06-18 09:03:15.260,2416.0000,219918,0,0.0000,0.0000,0,0,空换,S,2416.0000,0.0000,0.0000,0.0000,0.0000,2417.0000,0.0000,0.0000,0.0000,0.0000,2,0,0,0,0,132,0,0,0,0
zc,WS209,2012-06-18 09:03:15.977,2416.0000,219918,0,0.0000,0.0000,0,0,空换,S,2416.0000,0.0000,0.0000,0.0000,0.0000,2417.0000,0.0000,0.0000,0.0000,0.0000,5,0,0,0,0,147,0,0,0,0
zc,WS209,2012-06-18 09:03:16.477,2416.0000,219922,4,0.0000,8.0000,6,2,空开,S,2416.0000,0.0000,0.0000,0.0000,0.0000,2417.0000,0.0000,0.0000,0.0000,0.0000,1,0,0,0,0,160,0,0,0,0
zc,WS209,2012-06-18 09:03:17.227,2416.0000,219922,0,0.0000,0.0000,0,0,空换,S,2416.0000,0.0000,0.0000,0.0000,0.0000,2417.0000,0.0000,0.0000,0.0000,0.0000,2,0,0,0,0,152,0,0,0,0
zc,WS209,2012-06-18 09:03:17.777,2416.0000,219922,0,0.0000,0.0000,0,0,空换,S,2416.0000,0.0000,0.0000,0.0000,0.0000,2417.0000,0.0000,0.0000,0.0000,0.0000,2,0,0,0,0,142,0,0,0,0
zc,WS209,2012-06-18 09:03:18.557,2416.0000,219926,4,0.0000,8.0000,6,2,空开,S,2416.0000,0.0000,0.0000,0.0000,0.0000,2417.0000,0.0000,0.0000,0.0000,0.0000,4,0,0,0,0,135,0,0,0,0
zc,WS209,2012-06-18 09:03:18.993,2416.0000,219926,0,0.0000,0.0000,0,0,空换,S,2416.0000,0.0000,0.0000,0.0000,0.0000,2417.0000,0.0000,0.0000,0.0000,0.0000,5,0,0,0,0,120,0,0,0,0
zc,WS209,2012-06-18 09:03:19.477,2417.0000,219936,10,0.0000,10.0000,10,0,双开,B,2416.0000,0.0000,0.0000,0.0000,0.0000,2417.0000,0.0000,0.0000,0.0000,0.0000,5,0,0,0,0,112,0,0,0,0
zc,WS209,2012-06-18 09:03:20.277,2416.0000,219936,0,0.0000,2.0000,1,1,空换,S,2416.0000,0.0000,0.0000,0.0000,0.0000,2417.0000,0.0000,0.0000,0.0000,0.0000,4,0,0,0,0,106,0,0,0,0
zc,WS209,2012-06-18 09:03:20.760,2417.0000,219938,2,0.0000,2.0000,2,0,双开,B,2416.0000,0.0000,0.0000,0.0000,0.0000,2417.0000,0.0000,0.0000,0.0000,0.0000,4,0,0,0,0,92,0,0,0,0
zc,WS209,2012-06-18 09:03:21.493,2417.0000,219938,0,0.0000,0.0000,0,0,多换,B,2416.0000,0.0000,0.0000,0.0000,0.0000,2417.0000,0.0000,0.0000,0.0000,0.0000,6,0,0,0,0,38,0,0,0,0
zc,WS209,2012-06-18 09:03:22.010,2416.0000,219938,0,0.0000,4.0000,2,2,空换,S,2416.0000,0.0000,0.0000,0.0000,0.0000,2417.0000,0.0000,0.0000,0.0000,0.0000,7,0,0,0,0,20,0,0,0,0
zc,WS209,2012-06-18 09:03:22.807,2417.0000,219938,0,0.0000,46.0000,23,23,多换,B,2417.0000,0.0000,0.0000,0.0000,0.0000,2418.0000,0.0000,0.0000,0.0000,0.0000,17,0,0,0,0,167,0,0,0,0
zc,WS209,2012-06-18 09:03:23.290,2417.0000,219938,0,0.0000,0.0000,0,0,多换,B,2417.0000,0.0000,0.0000,0.0000,0.0000,2418.0000,0.0000,0.0000,0.0000,0.0000,49,0,0,0,0,169,0,0,0,0
zc,WS209,2012-06-18 09:03:24.307,2418.0000,219938,0,0.0000,4.0000,2,2,多换,B,2417.0000,0.0000,0.0000,0.0000,0.0000,2418.0000,0.0000,0.0000,0.0000,0.0000,59,0,0,0,0,170,0,0,0,0
zc,WS209,2012-06-18 09:03:24.760,2418.0000,219942,4,0.0000,4.0000,4,0,双开,B,2417.0000,0.0000,0.0000,0.0000,0.0000,2418.0000,0.0000,0.0000,0.0000,0.0000,59,0,0,0,0,168,0,0,0,0
zc,WS209,2012-06-18 09:03:25.527,2418.0000,219962,20,0.0000,20.0000,20,0,双开,B,2417.0000,0.0000,0.0000,0.0000,0.0000,2418.0000,0.0000,0.0000,0.0000,0.0000,59,0,0,0,0,158,0,0,0,0
zc,WS209,2012-06-18 09:03:25.947,2418.0000,219962,0,0.0000,0.0000,0,0,多换,B,2417.0000,0.0000,0.0000,0.0000,0.0000,2418.0000,0.0000,0.0000,0.0000,0.0000,59,0,0,0,0,135,0,0,0,0
zc,WS209,2012-06-18 09:03:26.477,2418.0000,219972,10,0.0000,10.0000,10,0,双开,B,2417.0000,0.0000,0.0000,0.0000,0.0000,2418.0000,0.0000,0.0000,0.0000,0.0000,58,0,0,0,0,123,0,0,0,0
zc,WS209,2012-06-18 09:03:27.290,2417.0000,219974,2,0.0000,2.0000,2,0,双开,S,2417.0000,0.0000,0.0000,0.0000,0.0000,2418.0000,0.0000,0.0000,0.0000,0.0000,57,0,0,0,0,123,0,0,0,0
zc,WS209,2012-06-18 09:03:27.727,2417.0000,219974,0,0.0000,0.0000,0,0,空换,S,2417.0000,0.0000,0.0000,0.0000,0.0000,2418.0000,0.0000,0.0000,0.0000,0.0000,57,0,0,0,0,119,0,0,0,0
zc,WS209,2012-06-18 09:03:28.463,2417.0000,219980,6,0.0000,6.0000,6,0,双开,S,2417.0000,0.0000,0.0000,0.0000,0.0000,2418.0000,0.0000,0.0000,0.0000,0.0000,54,0,0,0,0,99,0,0,0,0
zc,WS209,2012-06-18 09:03:29.307,2417.0000,219980,0,0.0000,0.0000,0,0,空换,S,2417.0000,0.0000,0.0000,0.0000,0.0000,2418.0000,0.0000,0.0000,0.0000,0.0000,54,0,0,0,0,90,0,0,0,0
zc,WS209,2012-06-18 09:03:29.743,2417.0000,219980,0,0.0000,0.0000,0,0,空换,S,2417.0000,0.0000,0.0000,0.0000,0.0000,2418.0000,0.0000,0.0000,0.0000,0.0000,53,0,0,0,0,65,0,0,0,0
zc,WS209,2012-06-18 09:03:30.290,2418.0000,219982,2,0.0000,2.0000,2,0,双开,B,2417.0000,0.0000,0.0000,0.0000,0.0000,2418.0000,0.0000,0.0000,0.0000,0.0000,53,0,0,0,0,59,0,0,0,0
zc,WS209,2012-06-18 09:03:31.010,2418.0000,219982,0,0.0000,0.0000,0,0,多换,B,2417.0000,0.0000,0.0000,0.0000,0.0000,2418.0000,0.0000,0.0000,0.0000,0.0000,53,0,0,0,0,51,0,0,0,0
zc,WS209,2012-06-18 09:03:31.527,2418.0000,219982,0,0.0000,0.0000,0,0,多换,B,2417.0000,0.0000,0.0000,0.0000,0.0000,2418.0000,0.0000,0.0000,0.0000,0.0000,53,0,0,0,0,50,0,0,0,0
zc,WS209,2012-06-18 09:03:32.290,2417.0000,220000,18,0.0000,22.0000,20,2,空开,S,2417.0000,0.0000,0.0000,0.0000,0.0000,2418.0000,0.0000,0.0000,0.0000,0.0000,52,0,0,0,0,25,0,0,0,0
zc,WS209,2012-06-18 09:03:32.790,2418.0000,220042,42,0.0000,52.0000,47,5,多开,B,2418.0000,0.0000,0.0000,0.0000,0.0000,2419.0000,0.0000,0.0000,0.0000,0.0000,10,0,0,0,0,98,0,0,0,0
zc,WS209,2012-06-18 09:03:33.540,2419.0000,220042,0,0.0000,2.0000,1,1,多换,B,2418.0000,0.0000,0.0000,0.0000,0.0000,2419.0000,0.0000,0.0000,0.0000,0.0000,11,0,0,0,0,98,0,0,0,0
zc,WS209,2012-06-18 09:03:34.277,2419.0000,220042,0,0.0000,0.0000,0,0,多换,B,2418.0000,0.0000,0.0000,0.0000,0.0000,2419.0000,0.0000,0.0000,0.0000,0.0000,11,0,0,0,0,97,0,0,0,0
zc,WS209,2012-06-18 09:03:34.777,2419.0000,220042,0,0.0000,0.0000,0,0,多换,B,2418.0000,0.0000,0.0000,0.0000,0.0000,2419.0000,0.0000,0.0000,0.0000,0.0000,11,0,0,0,0,58,0,0,0,0
zc,WS209,2012-06-18 09:03:35.540,2419.0000,220042,0,0.0000,0.0000,0,0,多换,B,2418.0000,0.0000,0.0000,0.0000,0.0000,2419.0000,0.0000,0.0000,0.0000,0.0000,21,0,0,0,0,55,0,0,0,0
zc,WS209,2012-06-18 09:03:36.243,2419.0000,220044,2,0.0000,2.0000,2,0,双开,B,2418.0000,0.0000,0.0000,0.0000,0.0000,2419.0000,0.0000,0.0000,0.0000,0.0000,21,0,0,0,0,54,0,0,0,0
zc,WS209,2012-06-18 09:03:36.713,2419.0000,220044,0,0.0000,0.0000,0,0,多换,B,2418.0000,0.0000,0.0000,0.0000,0.0000,2419.0000,0.0000,0.0000,0.0000,0.0000,23,0,0,0,0,53,0,0,0,0
zc,WS209,2012-06-18 09:03:37.243,2419.0000,220044,0,0.0000,6.0000,3,3,多换,B,2418.0000,0.0000,0.0000,0.0000,0.0000,2419.0000,0.0000,0.0000,0.0000,0.0000,30,0,0,0,0,50,0,0,0,0
zc,WS209,2012-06-18 09:03:37.697,2419.0000,220050,6,0.0000,6.0000,6,0,双开,B,2418.0000,0.0000,0.0000,0.0000,0.0000,2419.0000,0.0000,0.0000,0.0000,0.0000,30,0,0,0,0,47,0,0,0,0
zc,WS209,2012-06-18 09:03:38.727,2419.0000,220056,6,0.0000,6.0000,6,0,双开,B,2418.0000,0.0000,0.0000,0.0000,0.0000,2419.0000,0.0000,0.0000,0.0000,0.0000,37,0,0,0,0,44,0,0,0,0
zc,WS209,2012-06-18 09:03:39.243,2418.0000,220056,0,0.0000,2.0000,1,1,空换,S,2418.0000,0.0000,0.0000,0.0000,0.0000,2419.0000,0.0000,0.0000,0.0000,0.0000,41,0,0,0,0,47,0,0,0,0
zc,WS209,2012-06-18 09:03:39.993,2418.0000,220056,0,0.0000,0.0000,0,0,空换,S,2418.0000,0.0000,0.0000,0.0000,0.0000,2419.0000,0.0000,0.0000,0.0000,0.0000,42,0,0,0,0,47,0,0,0,0
zc,WS209,2012-06-18 09:03:40.463,2418.0000,220056,0,0.0000,0.0000,0,0,空换,S,2418.0000,0.0000,0.0000,0.0000,0.0000,2419.0000,0.0000,0.0000,0.0000,0.0000,45,0,0,0,0,47,0,0,0,0
zc,WS209,2012-06-18 09:03:41.167,2418.0000,220056,0,0.0000,0.0000,0,0,空换,S,2418.0000,0.0000,0.0000,0.0000,0.0000,2419.0000,0.0000,0.0000,0.0000,0.0000,30,0,0,0,0,47,0,0,0,0
zc,WS209,2012-06-18 09:03:42.510,2418.0000,220056,0,0.0000,0.0000,0,0,空换,S,2418.0000,0.0000,0.0000,0.0000,0.0000,2419.0000,0.0000,0.0000,0.0000,0.0000,32,0,0,0,0,47,0,0,0,0
zc,WS209,2012-06-18 09:03:43.027,2418.0000,220056,0,0.0000,2.0000,1,1,空换,S,2418.0000,0.0000,0.0000,0.0000,0.0000,2419.0000,0.0000,0.0000,0.0000,0.0000,30,0,0,0,0,47,0,0,0,0
zc,WS209,2012-06-18 09:03:43.557,2418.0000,220056,0,0.0000,0.0000,0,0,空换,S,2418.0000,0.0000,0.0000,0.0000,0.0000,2419.0000,0.0000,0.0000,0.0000,0.0000,30,0,0,0,0,11,0,0,0,0
zc,WS209,2012-06-18 09:03:44.277,2419.0000,220054,-2,0.0000,2.0000,0,2,双平,B,2418.0000,0.0000,0.0000,0.0000,0.0000,2419.0000,0.0000,0.0000,0.0000,0.0000,34,0,0,0,0,10,0,0,0,0
zc,WS209,2012-06-18 09:03:44.713,2419.0000,220052,-2,0.0000,4.0000,1,3,空平,B,2418.0000,0.0000,0.0000,0.0000,0.0000,2419.0000,0.0000,0.0000,0.0000,0.0000,30,0,0,0,0,12,0,0,0,0
zc,WS209,2012-06-18 09:03:45.213,2418.0000,220052,0,0.0000,34.0000,17,17,空换,S,2418.0000,0.0000,0.0000,0.0000,0.0000,2419.0000,0.0000,0.0000,0.0000,0.0000,13,0,0,0,0,11,0,0,0,0
zc,WS209,2012-06-18 09:03:46.057,2419.0000,220060,8,0.0000,22.0000,15,7,多开,B,2419.0000,0.0000,0.0000,0.0000,0.0000,2420.0000,0.0000,0.0000,0.0000,0.0000,3,0,0,0,0,101,0,0,0,0
zc,WS209,2012-06-18 09:03:46.743,2419.0000,220060,0,0.0000,0.0000,0,0,多换,B,2419.0000,0.0000,0.0000,0.0000,0.0000,2420.0000,0.0000,0.0000,0.0000,0.0000,3,0,0,0,0,119,0,0,0,0
zc,WS209,2012-06-18 09:03:47.243,2419.0000,220062,2,0.0000,2.0000,2,0,双开,B,2419.0000,0.0000,0.0000,0.0000,0.0000,2420.0000,0.0000,0.0000,0.0000,0.0000,3,0,0,0,0,150,0,0,0,0
zc,WS209,2012-06-18 09:03:47.993,2418.0000,220070,8,0.0000,10.0000,9,1,空开,S,2418.0000,0.0000,0.0000,0.0000,0.0000,2420.0000,0.0000,0.0000,0.0000,0.0000,14,0,0,0,0,154,0,0,0,0
zc,WS209,2012-06-18 09:03:48.743,2420.0000,220070,0,0.0000,6.0000,3,3,多换,B,2418.0000,0.0000,0.0000,0.0000,0.0000,2420.0000,0.0000,0.0000,0.0000,0.0000,14,0,0,0,0,100,0,0,0,0
zc,WS209,2012-06-18 09:03:49.227,2420.0000,220070,0,0.0000,0.0000,0,0,多换,B,2418.0000,0.0000,0.0000,0.0000,0.0000,2419.0000,0.0000,0.0000,0.0000,0.0000,15,0,0,0,0,1,0,0,0,0
zc,WS209,2012-06-18 09:03:49.977,2419.0000,220072,2,0.0000,2.0000,2,0,双开,S,2418.0000,0.0000,0.0000,0.0000,0.0000,2420.0000,0.0000,0.0000,0.0000,0.0000,17,0,0,0,0,83,0,0,0,0
zc,WS209,2012-06-18 09:03:50.510,2419.0000,220072,0,0.0000,0.0000,0,0,空换,S,2418.0000,0.0000,0.0000,0.0000,0.0000,2420.0000,0.0000,0.0000,0.0000,0.0000,23,0,0,0,0,78,0,0,0,0
zc,WS209,2012-06-18 09:03:51.527,2419.0000,220072,0,0.0000,0.0000,0,0,空换,S,2418.0000,0.0000,0.0000,0.0000,0.0000,2420.0000,0.0000,0.0000,0.0000,0.0000,21,0,0,0,0,78,0,0,0,0
zc,WS209,2012-06-18 09:03:52.057,2419.0000,220072,0,0.0000,0.0000,0,0,空换,S,2418.0000,0.0000,0.0000,0.0000,0.0000,2420.0000,0.0000,0.0000,0.0000,0.0000,17,0,0,0,0,93,0,0,0,0
zc,WS209,2012-06-18 09:03:52.727,2419.0000,220072,0,0.0000,0.0000,0,0,空换,S,2418.0000,0.0000,0.0000,0.0000,0.0000,2420.0000,0.0000,0.0000,0.0000,0.0000,17,0,0,0,0,92,0,0,0,0
zc,WS209,2012-06-18 09:03:53.243,2419.0000,220072,0,0.0000,0.0000,0,0,空换,S,2418.0000,0.0000,0.0000,0.0000,0.0000,2420.0000,0.0000,0.0000,0.0000,0.0000,18,0,0,0,0,94,0,0,0,0
zc,WS209,2012-06-18 09:03:53.760,2419.0000,220072,0,0.0000,0.0000,0,0,空换,S,2419.0000,0.0000,0.0000,0.0000,0.0000,2420.0000,0.0000,0.0000,0.0000,0.0000,5,0,0,0,0,83,0,0,0,0
zc,WS209,2012-06-18 09:03:54.510,2419.0000,220072,0,0.0000,0.0000,0,0,空换,S,2419.0000,0.0000,0.0000,0.0000,0.0000,2420.0000,0.0000,0.0000,0.0000,0.0000,5,0,0,0,0,68,0,0,0,0
zc,WS209,2012-06-18 09:03:54.947,2419.0000,220072,0,0.0000,0.0000,0,0,空换,S,2419.0000,0.0000,0.0000,0.0000,0.0000,2420.0000,0.0000,0.0000,0.0000,0.0000,5,0,0,0,0,91,0,0,0,0
zc,WS209,2012-06-18 09:03:55.540,2419.0000,220072,0,0.0000,0.0000,0,0,空换,S,2419.0000,0.0000,0.0000,0.0000,0.0000,2420.0000,0.0000,0.0000,0.0000,0.0000,5,0,0,0,0,105,0,0,0,0
zc,WS209,2012-06-18 09:03:55.947,2420.0000,220074,2,0.0000,2.0000,2,0,双开,B,2419.0000,0.0000,0.0000,0.0000,0.0000,2420.0000,0.0000,0.0000,0.0000,0.0000,5,0,0,0,0,105,0,0,0,0
zc,WS209,2012-06-18 09:03:57.040,2420.0000,220074,0,0.0000,0.0000,0,0,多换,B,2419.0000,0.0000,0.0000,0.0000,0.0000,2420.0000,0.0000,0.0000,0.0000,0.0000,5,0,0,0,0,99,0,0,0,0
zc,WS209,2012-06-18 09:03:57.227,2420.0000,220074,0,0.0000,18.0000,9,9,多换,B,2419.0000,0.0000,0.0000,0.0000,0.0000,2420.0000,0.0000,0.0000,0.0000,0.0000,5,0,0,0,0,90,0,0,0,0
zc,WS209,2012-06-18 09:03:58.010,2419.0000,220076,2,0.0000,24.0000,13,11,空开,S,2418.0000,0.0000,0.0000,0.0000,0.0000,2420.0000,0.0000,0.0000,0.0000,0.0000,19,0,0,0,0,78,0,0,0,0
zc,WS209,2012-06-18 09:03:58.760,2420.0000,220078,2,0.0000,2.0000,2,0,双开,B,2419.0000,0.0000,0.0000,0.0000,0.0000,2420.0000,0.0000,0.0000,0.0000,0.0000,20,0,0,0,0,75,0,0,0,0
zc,WS209,2012-06-18 09:03:59.557,2420.0000,220078,0,0.0000,0.0000,0,0,多换,B,2419.0000,0.0000,0.0000,0.0000,0.0000,2420.0000,0.0000,0.0000,0.0000,0.0000,20,0,0,0,0,72,0,0,0,0
zc,WS209,2012-06-18 09:03:59.963,2420.0000,220078,0,0.0000,2.0000,1,1,多换,B,2419.0000,0.0000,0.0000,0.0000,0.0000,2420.0000,0.0000,0.0000,0.0000,0.0000,20,0,0,0,0,71,0,0,0,0
zc,WS209,2012-06-18 09:04:00.777,2420.0000,220078,0,0.0000,0.0000,0,0,多换,B,2419.0000,0.0000,0.0000,0.0000,0.0000,2420.0000,0.0000,0.0000,0.0000,0.0000,20,0,0,0,0,70,0,0,0,0
zc,WS209,2012-06-18 09:04:01.213,2420.0000,220072,-6,0.0000,6.0000,0,6,双平,B,2419.0000,0.0000,0.0000,0.0000,0.0000,2420.0000,0.0000,0.0000,0.0000,0.0000,20,0,0,0,0,70,0,0,0,0
zc,WS209,2012-06-18 09:04:01.697,2420.0000,220072,0,0.0000,2.0000,1,1,多换,B,2419.0000,0.0000,0.0000,0.0000,0.0000,2420.0000,0.0000,0.0000,0.0000,0.0000,20,0,0,0,0,70,0,0,0,0
zc,WS209,2012-06-18 09:04:02.477,2420.0000,220074,2,0.0000,2.0000,2,0,双开,B,2419.0000,0.0000,0.0000,0.0000,0.0000,2420.0000,0.0000,0.0000,0.0000,0.0000,50,0,0,0,0,69,0,0,0,0
zc,WS209,2012-06-18 09:04:05.290,2420.0000,220074,0,0.0000,0.0000,0,0,多换,B,2419.0000,0.0000,0.0000,0.0000,0.0000,2420.0000,0.0000,0.0000,0.0000,0.0000,62,0,0,0,0,69,0,0,0,0
zc,WS209,2012-06-18 09:04:06.010,2420.0000,220074,0,0.0000,0.0000,0,0,多换,B,2419.0000,0.0000,0.0000,0.0000,0.0000,2420.0000,0.0000,0.0000,0.0000,0.0000,77,0,0,0,0,69,0,0,0,0
zc,WS209,2012-06-18 09:04:07.290,2420.0000,220080,6,0.0000,6.0000,6,0,双开,B,2419.0000,0.0000,0.0000,0.0000,0.0000,2420.0000,0.0000,0.0000,0.0000,0.0000,77,0,0,0,0,66,0,0,0,0
zc,WS209,2012-06-18 09:04:09.010,2420.0000,220082,2,0.0000,2.0000,2,0,双开,B,2419.0000,0.0000,0.0000,0.0000,0.0000,2420.0000,0.0000,0.0000,0.0000,0.0000,76,0,0,0,0,65,0,0,0,0
zc,WS209,2012-06-18 09:04:09.603,2420.0000,220084,2,0.0000,2.0000,2,0,双开,B,2419.0000,0.0000,0.0000,0.0000,0.0000,2420.0000,0.0000,0.0000,0.0000,0.0000,75,0,0,0,0,64,0,0,0,0
zc,WS209,2012-06-18 09:04:10.290,2420.0000,220088,4,0.0000,4.0000,4,0,双开,B,2419.0000,0.0000,0.0000,0.0000,0.0000,2420.0000,0.0000,0.0000,0.0000,0.0000,75,0,0,0,0,62,0,0,0,0
zc,WS209,2012-06-18 09:04:10.823,2420.0000,220112,24,0.0000,24.0000,24,0,双开,B,2419.0000,0.0000,0.0000,0.0000,0.0000,2420.0000,0.0000,0.0000,0.0000,0.0000,71,0,0,0,0,50,0,0,0,0
zc,WS209,2012-06-18 09:04:11.510,2420.0000,220126,14,0.0000,14.0000,14,0,双开,B,2419.0000,0.0000,0.0000,0.0000,0.0000,2420.0000,0.0000,0.0000,0.0000,0.0000,67,0,0,0,0,46,0,0,0,0
zc,WS209,2012-06-18 09:04:12.057,2420.0000,220112,-14,0.0000,94.0000,40,54,空平,B,2420.0000,0.0000,0.0000,0.0000,0.0000,2421.0000,0.0000,0.0000,0.0000,0.0000,3,0,0,0,0,40,0,0,0,0
zc,WS209,2012-06-18 09:04:12.760,2421.0000,220070,-42,0.0000,46.0000,2,44,空平,B,2420.0000,0.0000,0.0000,0.0000,0.0000,2421.0000,0.0000,0.0000,0.0000,0.0000,2,0,0,0,0,38,0,0,0,0
zc,WS209,2012-06-18 09:04:13.243,2421.0000,220070,0,0.0000,12.0000,6,6,多换,B,2420.0000,0.0000,0.0000,0.0000,0.0000,2421.0000,0.0000,0.0000,0.0000,0.0000,2,0,0,0,0,33,0,0,0,0
zc,WS209,2012-06-18 09:04:15.307,2421.0000,220020,-50,0.0000,66.0000,8,58,空平,B,2421.0000,0.0000,0.0000,0.0000,0.0000,2422.0000,0.0000,0.0000,0.0000,0.0000,23,0,0,0,0,14,0,0,0,0
zc,WS209,2012-06-18 09:04:15.777,2421.0000,220020,0,0.0000,0.0000,0,0,多换,B,2421.0000,0.0000,0.0000,0.0000,0.0000,2422.0000,0.0000,0.0000,0.0000,0.0000,29,0,0,0,0,18,0,0,0,0
zc,WS209,2012-06-18 09:04:16.527,2421.0000,220020,0,0.0000,10.0000,5,5,多换,B,2421.0000,0.0000,0.0000,0.0000,0.0000,2422.0000,0.0000,0.0000,0.0000,0.0000,24,0,0,0,0,18,0,0,0,0
zc,WS209,2012-06-18 09:04:16.963,2422.0000,220020,0,0.0000,2.0000,1,1,多换,B,2421.0000,0.0000,0.0000,0.0000,0.0000,2422.0000,0.0000,0.0000,0.0000,0.0000,24,0,0,0,0,17,0,0,0,0
zc,WS209,2012-06-18 09:04:17.823,2422.0000,220020,0,0.0000,0.0000,0,0,多换,B,2421.0000,0.0000,0.0000,0.0000,0.0000,2422.0000,0.0000,0.0000,0.0000,0.0000,24,0,0,0,0,15,0,0,0,0
zc,WS209,2012-06-18 09:04:18.260,2421.0000,220020,0,0.0000,2.0000,1,1,空换,S,2421.0000,0.0000,0.0000,0.0000,0.0000,2422.0000,0.0000,0.0000,0.0000,0.0000,6,0,0,0,0,19,0,0,0,0
zc,WS209,2012-06-18 09:04:19.027,2422.0000,220020,0,0.0000,4.0000,2,2,多换,B,2421.0000,0.0000,0.0000,0.0000,0.0000,2422.0000,0.0000,0.0000,0.0000,0.0000,6,0,0,0,0,17,0,0,0,0
zc,WS209,2012-06-18 09:04:19.527,2422.0000,220020,0,0.0000,0.0000,0,0,多换,B,2421.0000,0.0000,0.0000,0.0000,0.0000,2422.0000,0.0000,0.0000,0.0000,0.0000,22,0,0,0,0,13,0,0,0,0
zc,WS209,2012-06-18 09:04:20.290,2421.0000,220022,2,0.0000,6.0000,4,2,空开,S,2421.0000,0.0000,0.0000,0.0000,0.0000,2422.0000,0.0000,0.0000,0.0000,0.0000,21,0,0,0,0,17,0,0,0,0
zc,WS209,2012-06-18 09:04:20.790,2421.0000,220022,0,0.0000,2.0000,1,1,空换,S,2421.0000,0.0000,0.0000,0.0000,0.0000,2422.0000,0.0000,0.0000,0.0000,0.0000,20,0,0,0,0,19,0,0,0,0
zc,WS209,2012-06-18 09:04:21.993,2422.0000,220024,2,0.0000,40.0000,21,19,多开,B,2421.0000,0.0000,0.0000,0.0000,0.0000,2423.0000,0.0000,0.0000,0.0000,0.0000,30,0,0,0,0,99,0,0,0,0
zc,WS209,2012-06-18 09:04:22.493,2422.0000,220024,0,0.0000,0.0000,0,0,多换,B,2421.0000,0.0000,0.0000,0.0000,0.0000,2423.0000,0.0000,0.0000,0.0000,0.0000,30,0,0,0,0,95,0,0,0,0
zc,WS209,2012-06-18 09:04:23.260,2422.0000,220024,0,0.0000,0.0000,0,0,多换,B,2422.0000,0.0000,0.0000,0.0000,0.0000,2423.0000,0.0000,0.0000,0.0000,0.0000,23,0,0,0,0,92,0,0,0,0
zc,WS209,2012-06-18 09:04:23.790,2422.0000,220024,0,0.0000,0.0000,0,0,多换,B,2422.0000,0.0000,0.0000,0.0000,0.0000,2423.0000,0.0000,0.0000,0.0000,0.0000,1,0,0,0,0,112,0,0,0,0
zc,WS209,2012-06-18 09:04:24.510,2422.0000,220024,0,0.0000,0.0000,0,0,多换,B,2422.0000,0.0000,0.0000,0.0000,0.0000,2423.0000,0.0000,0.0000,0.0000,0.0000,2,0,0,0,0,112,0,0,0,0
zc,WS209,2012-06-18 09:04:25.073,2422.0000,220024,0,0.0000,4.0000,2,2,多换,B,2421.0000,0.0000,0.0000,0.0000,0.0000,2423.0000,0.0000,0.0000,0.0000,0.0000,30,0,0,0,0,110,0,0,0,0
zc,WS209,2012-06-18 09:04:25.760,2422.0000,220024,0,0.0000,0.0000,0,0,多换,B,2421.0000,0.0000,0.0000,0.0000,0.0000,2422.0000,0.0000,0.0000,0.0000,0.0000,30,0,0,0,0,9,0,0,0,0
zc,WS209,2012-06-18 09:04:26.243,2421.0000,220024,0,0.0000,2.0000,1,1,空换,S,2421.0000,0.0000,0.0000,0.0000,0.0000,2422.0000,0.0000,0.0000,0.0000,0.0000,6,0,0,0,0,28,0,0,0,0
zc,WS209,2012-06-18 09:04:26.683,2422.0000,220024,0,0.0000,6.0000,3,3,多换,B,2421.0000,0.0000,0.0000,0.0000,0.0000,2422.0000,0.0000,0.0000,0.0000,0.0000,6,0,0,0,0,26,0,0,0,0
zc,WS209,2012-06-18 09:04:27.277,2422.0000,220024,0,0.0000,12.0000,6,6,多换,B,2421.0000,0.0000,0.0000,0.0000,0.0000,2422.0000,0.0000,0.0000,0.0000,0.0000,6,0,0,0,0,24,0,0,0,0
zc,WS209,2012-06-18 09:04:28.027,2422.0000,220024,0,0.0000,0.0000,0,0,多换,B,2421.0000,0.0000,0.0000,0.0000,0.0000,2422.0000,0.0000,0.0000,0.0000,0.0000,7,0,0,0,0,24,0,0,0,0
zc,WS209,2012-06-18 09:04:28.727,2422.0000,220024,0,0.0000,0.0000,0,0,多换,B,2421.0000,0.0000,0.0000,0.0000,0.0000,2422.0000,0.0000,0.0000,0.0000,0.0000,7,0,0,0,0,22,0,0,0,0
zc,WS209,2012-06-18 09:04:29.290,2422.0000,220024,0,0.0000,0.0000,0,0,多换,B,2421.0000,0.0000,0.0000,0.0000,0.0000,2422.0000,0.0000,0.0000,0.0000,0.0000,7,0,0,0,0,23,0,0,0,0
zc,WS209,2012-06-18 09:04:30.027,2422.0000,220024,0,0.0000,0.0000,0,0,多换,B,2421.0000,0.0000,0.0000,0.0000,0.0000,2422.0000,0.0000,0.0000,0.0000,0.0000,10,0,0,0,0,23,0,0,0,0
zc,WS209,2012-06-18 09:04:30.213,2422.0000,220022,-2,0.0000,2.0000,0,2,双平,B,2421.0000,0.0000,0.0000,0.0000,0.0000,2422.0000,0.0000,0.0000,0.0000,0.0000,10,0,0,0,0,22,0,0,0,0
zc,WS209,2012-06-18 09:04:30.993,2422.0000,220022,0,0.0000,12.0000,6,6,多换,B,2421.0000,0.0000,0.0000,0.0000,0.0000,2422.0000,0.0000,0.0000,0.0000,0.0000,10,0,0,0,0,18,0,0,0,0
zc,WS209,2012-06-18 09:04:32.243,2421.0000,220022,0,0.0000,2.0000,1,1,空换,S,2421.0000,0.0000,0.0000,0.0000,0.0000,2422.0000,0.0000,0.0000,0.0000,0.0000,9,0,0,0,0,18,0,0,0,0
zc,WS209,2012-06-18 09:04:33.213,2422.0000,220022,0,0.0000,2.0000,1,1,多换,B,2421.0000,0.0000,0.0000,0.0000,0.0000,2422.0000,0.0000,0.0000,0.0000,0.0000,9,0,0,0,0,19,0,0,0,0
zc,WS209,2012-06-18 09:04:33.963,2422.0000,220022,0,0.0000,2.0000,1,1,多换,B,2421.0000,0.0000,0.0000,0.0000,0.0000,2422.0000,0.0000,0.0000,0.0000,0.0000,9,0,0,0,0,18,0,0,0,0
zc,WS209,2012-06-18 09:04:34.510,2422.0000,220022,0,0.0000,0.0000,0,0,多换,B,2421.0000,0.0000,0.0000,0.0000,0.0000,2422.0000,0.0000,0.0000,0.0000,0.0000,9,0,0,0,0,20,0,0,0,0
zc,WS209,2012-06-18 09:04:35.743,2422.0000,220022,0,0.0000,0.0000,0,0,多换,B,2421.0000,0.0000,0.0000,0.0000,0.0000,2422.0000,0.0000,0.0000,0.0000,0.0000,9,0,0,0,0,22,0,0,0,0
zc,WS209,2012-06-18 09:04:36.463,2422.0000,220022,0,0.0000,0.0000,0,0,多换,B,2421.0000,0.0000,0.0000,0.0000,0.0000,2422.0000,0.0000,0.0000,0.0000,0.0000,13,0,0,0,0,26,0,0,0,0
zc,WS209,2012-06-18 09:04:36.697,2422.0000,220022,0,0.0000,0.0000,0,0,多换,B,2421.0000,0.0000,0.0000,0.0000,0.0000,2422.0000,0.0000,0.0000,0.0000,0.0000,23,0,0,0,0,26,0,0,0,0
zc,WS209,2012-06-18 09:04:37.477,2422.0000,220024,2,0.0000,2.0000,2,0,双开,B,2421.0000,0.0000,0.0000,0.0000,0.0000,2422.0000,0.0000,0.0000,0.0000,0.0000,29,0,0,0,0,25,0,0,0,0
zc,WS209,2012-06-18 09:04:37.917,2422.0000,220024,0,0.0000,0.0000,0,0,多换,B,2421.0000,0.0000,0.0000,0.0000,0.0000,2422.0000,0.0000,0.0000,0.0000,0.0000,28,0,0,0,0,26,0,0,0,0
zc,WS209,2012-06-18 09:04:39.010,2422.0000,220036,12,0.0000,12.0000,12,0,双开,B,2421.0000,0.0000,0.0000,0.0000,0.0000,2422.0000,0.0000,0.0000,0.0000,0.0000,10,0,0,0,0,21,0,0,0,0
zc,WS209,2012-06-18 09:04:39.493,2422.0000,220036,0,0.0000,0.0000,0,0,多换,B,2421.0000,0.0000,0.0000,0.0000,0.0000,2422.0000,0.0000,0.0000,0.0000,0.0000,11,0,0,0,0,30,0,0,0,0
zc,WS209,2012-06-18 09:04:40.713,2421.0000,220034,-2,0.0000,22.0000,10,12,多平,S,2420.0000,0.0000,0.0000,0.0000,0.0000,2421.0000,0.0000,0.0000,0.0000,0.0000,27,0,0,0,0,9,0,0,0,0
zc,WS209,2012-06-18 09:04:41.947,2421.0000,220034,0,0.0000,2.0000,1,1,空换,S,2420.0000,0.0000,0.0000,0.0000,0.0000,2421.0000,0.0000,0.0000,0.0000,0.0000,27,0,0,0,0,8,0,0,0,0
zc,WS209,2012-06-18 09:04:42.463,2421.0000,220038,4,0.0000,20.0000,12,8,空开,S,2421.0000,0.0000,0.0000,0.0000,0.0000,2422.0000,0.0000,0.0000,0.0000,0.0000,10,0,0,0,0,31,0,0,0,0
zc,WS209,2012-06-18 09:04:42.933,2421.0000,220038,0,0.0000,0.0000,0,0,空换,S,2421.0000,0.0000,0.0000,0.0000,0.0000,2422.0000,0.0000,0.0000,0.0000,0.0000,17,0,0,0,0,31,0,0,0,0
zc,WS209,2012-06-18 09:04:44.977,2421.0000,220038,0,0.0000,2.0000,1,1,空换,S,2421.0000,0.0000,0.0000,0.0000,0.0000,2422.0000,0.0000,0.0000,0.0000,0.0000,17,0,0,0,0,31,0,0,0,0
zc,WS209,2012-06-18 09:04:45.743,2421.0000,220038,0,0.0000,0.0000,0,0,空换,S,2421.0000,0.0000,0.0000,0.0000,0.0000,2422.0000,0.0000,0.0000,0.0000,0.0000,17,0,0,0,0,32,0,0,0,0
zc,WS209,2012-06-18 09:04:46.260,2422.0000,220042,4,0.0000,6.0000,5,1,多开,B,2421.0000,0.0000,0.0000,0.0000,0.0000,2422.0000,0.0000,0.0000,0.0000,0.0000,18,0,0,0,0,30,0,0,0,0
zc,WS209,2012-06-18 09:04:47.510,2421.0000,220042,0,0.0000,4.0000,2,2,空换,S,2421.0000,0.0000,0.0000,0.0000,0.0000,2422.0000,0.0000,0.0000,0.0000,0.0000,16,0,0,0,0,30,0,0,0,0
zc,WS209,2012-06-18 09:04:48.183,2421.0000,220042,0,0.0000,0.0000,0,0,空换,S,2421.0000,0.0000,0.0000,0.0000,0.0000,2422.0000,0.0000,0.0000,0.0000,0.0000,16,0,0,0,0,31,0,0,0,0
zc,WS209,2012-06-18 09:04:49.963,2421.0000,220042,0,0.0000,0.0000,0,0,空换,S,2421.0000,0.0000,0.0000,0.0000,0.0000,2422.0000,0.0000,0.0000,0.0000,0.0000,16,0,0,0,0,32,0,0,0,0
zc,WS209,2012-06-18 09:04:50.697,2422.0000,220042,0,0.0000,2.0000,1,1,多换,B,2421.0000,0.0000,0.0000,0.0000,0.0000,2422.0000,0.0000,0.0000,0.0000,0.0000,16,0,0,0,0,32,0,0,0,0
zc,WS209,2012-06-18 09:04:51.027,2422.0000,220042,0,0.0000,0.0000,0,0,多换,B,2421.0000,0.0000,0.0000,0.0000,0.0000,2422.0000,0.0000,0.0000,0.0000,0.0000,16,0,0,0,0,33,0,0,0,0
zc,WS209,2012-06-18 09:04:51.743,2422.0000,220040,-2,0.0000,2.0000,0,2,双平,B,2421.0000,0.0000,0.0000,0.0000,0.0000,2422.0000,0.0000,0.0000,0.0000,0.0000,16,0,0,0,0,62,0,0,0,0
zc,WS209,2012-06-18 09:04:52.277,2421.0000,220040,0,0.0000,2.0000,1,1,空换,S,2421.0000,0.0000,0.0000,0.0000,0.0000,2422.0000,0.0000,0.0000,0.0000,0.0000,15,0,0,0,0,63,0,0,0,0
zc,WS209,2012-06-18 09:04:53.073,2421.0000,220044,4,0.0000,4.0000,4,0,双开,S,2421.0000,0.0000,0.0000,0.0000,0.0000,2422.0000,0.0000,0.0000,0.0000,0.0000,13,0,0,0,0,63,0,0,0,0
zc,WS209,2012-06-18 09:04:53.837,2421.0000,220044,0,0.0000,26.0000,13,13,空换,S,2420.0000,0.0000,0.0000,0.0000,0.0000,2421.0000,0.0000,0.0000,0.0000,0.0000,26,0,0,0,0,2,0,0,0,0
zc,WS209,2012-06-18 09:04:54.977,2421.0000,220044,0,0.0000,0.0000,0,0,空换,S,2420.0000,0.0000,0.0000,0.0000,0.0000,2421.0000,0.0000,0.0000,0.0000,0.0000,26,0,0,0,0,3,0,0,0,0
zc,WS209,2012-06-18 09:04:55.727,2421.0000,220044,0,0.0000,4.0000,2,2,空换,S,2420.0000,0.0000,0.0000,0.0000,0.0000,2421.0000,0.0000,0.0000,0.0000,0.0000,26,0,0,0,0,2,0,0,0,0
zc,WS209,2012-06-18 09:04:56.243,2421.0000,220044,0,0.0000,0.0000,0,0,空换,S,2420.0000,0.0000,0.0000,0.0000,0.0000,2421.0000,0.0000,0.0000,0.0000,0.0000,3,0,0,0,0,37,0,0,0,0
zc,WS209,2012-06-18 09:04:56.727,2421.0000,220044,0,0.0000,0.0000,0,0,空换,S,2420.0000,0.0000,0.0000,0.0000,0.0000,2421.0000,0.0000,0.0000,0.0000,0.0000,3,0,0,0,0,68,0,0,0,0
zc,WS209,2012-06-18 09:04:57.540,2421.0000,220044,0,0.0000,0.0000,0,0,空换,S,2420.0000,0.0000,0.0000,0.0000,0.0000,2421.0000,0.0000,0.0000,0.0000,0.0000,3,0,0,0,0,69,0,0,0,0
zc,WS209,2012-06-18 09:04:58.760,2421.0000,220044,0,0.0000,0.0000,0,0,空换,S,2420.0000,0.0000,0.0000,0.0000,0.0000,2421.0000,0.0000,0.0000,0.0000,0.0000,3,0,0,0,0,73,0,0,0,0
zc,WS209,2012-06-18 09:04:59.213,2420.0000,220044,0,0.0000,2.0000,1,1,空换,S,2420.0000,0.0000,0.0000,0.0000,0.0000,2421.0000,0.0000,0.0000,0.0000,0.0000,2,0,0,0,0,73,0,0,0,0
zc,WS209,2012-06-18 09:05:00.277,2420.0000,220046,2,0.0000,4.0000,3,1,空开,S,2419.0000,0.0000,0.0000,0.0000,0.0000,2421.0000,0.0000,0.0000,0.0000,0.0000,45,0,0,0,0,73,0,0,0,0
zc,WS209,2012-06-18 09:05:01.227,2420.0000,220046,0,0.0000,0.0000,0,0,空换,S,2419.0000,0.0000,0.0000,0.0000,0.0000,2421.0000,0.0000,0.0000,0.0000,0.0000,47,0,0,0,0,73,0,0,0,0
zc,WS209,2012-06-18 09:05:01.493,2420.0000,220046,0,0.0000,0.0000,0,0,空换,S,2419.0000,0.0000,0.0000,0.0000,0.0000,2420.0000,0.0000,0.0000,0.0000,0.0000,49,0,0,0,0,1,0,0,0,0
zc,WS209,2012-06-18 09:05:02.743,2420.0000,220048,2,0.0000,4.0000,3,1,空开,S,2419.0000,0.0000,0.0000,0.0000,0.0000,2420.0000,0.0000,0.0000,0.0000,0.0000,48,0,0,0,0,2,0,0,0,0
zc,WS209,2012-06-18 09:05:03.993,2420.0000,220044,-4,0.0000,4.0000,0,4,双平,S,2420.0000,0.0000,0.0000,0.0000,0.0000,2421.0000,0.0000,0.0000,0.0000,0.0000,4,0,0,0,0,72,0,0,0,0
zc,WS209,2012-06-18 09:05:04.963,2420.0000,220044,0,0.0000,2.0000,1,1,空换,S,2420.0000,0.0000,0.0000,0.0000,0.0000,2421.0000,0.0000,0.0000,0.0000,0.0000,5,0,0,0,0,72,0,0,0,0
zc,WS209,2012-06-18 09:05:06.727,2420.0000,220042,-2,0.0000,2.0000,0,2,双平,S,2420.0000,0.0000,0.0000,0.0000,0.0000,2421.0000,0.0000,0.0000,0.0000,0.0000,2,0,0,0,0,72,0,0,0,0
zc,WS209,2012-06-18 09:05:07.493,2420.0000,220038,-4,0.0000,4.0000,0,4,双平,S,2419.0000,0.0000,0.0000,0.0000,0.0000,2420.0000,0.0000,0.0000,0.0000,0.0000,22,0,0,0,0,31,0,0,0,0
zc,WS209,2012-06-18 09:05:08.743,2420.0000,220038,0,0.0000,0.0000,0,0,空换,S,2419.0000,0.0000,0.0000,0.0000,0.0000,2420.0000,0.0000,0.0000,0.0000,0.0000,24,0,0,0,0,31,0,0,0,0
zc,WS209,2012-06-18 09:05:11.760,2420.0000,220038,0,0.0000,2.0000,1,1,空换,S,2419.0000,0.0000,0.0000,0.0000,0.0000,2420.0000,0.0000,0.0000,0.0000,0.0000,25,0,0,0,0,30,0,0,0,0
zc,WS209,2012-06-18 09:05:12.227,2419.0000,220038,0,0.0000,20.0000,10,10,空换,S,2419.0000,0.0000,0.0000,0.0000,0.0000,2420.0000,0.0000,0.0000,0.0000,0.0000,15,0,0,0,0,30,0,0,0,0
zc,WS209,2012-06-18 09:05:12.993,2420.0000,220038,0,0.0000,2.0000,1,1,多换,B,2419.0000,0.0000,0.0000,0.0000,0.0000,2420.0000,0.0000,0.0000,0.0000,0.0000,15,0,0,0,0,29,0,0,0,0
zc,WS209,2012-06-18 09:05:14.493,2419.0000,220040,2,0.0000,2.0000,2,0,双开,S,2419.0000,0.0000,0.0000,0.0000,0.0000,2420.0000,0.0000,0.0000,0.0000,0.0000,34,0,0,0,0,29,0,0,0,0
zc,WS209,2012-06-18 09:05:15.697,2419.0000,220040,0,0.0000,0.0000,0,0,空换,S,2419.0000,0.0000,0.0000,0.0000,0.0000,2420.0000,0.0000,0.0000,0.0000,0.0000,33,0,0,0,0,34,0,0,0,0
zc,WS209,2012-06-18 09:05:16.213,2419.0000,220040,0,0.0000,0.0000,0,0,空换,S,2419.0000,0.0000,0.0000,0.0000,0.0000,2420.0000,0.0000,0.0000,0.0000,0.0000,55,0,0,0,0,10,0,0,0,0
zc,WS209,2012-06-18 09:05:16.977,2419.0000,220040,0,0.0000,0.0000,0,0,空换,S,2419.0000,0.0000,0.0000,0.0000,0.0000,2420.0000,0.0000,0.0000,0.0000,0.0000,55,0,0,0,0,110,0,0,0,0
zc,WS209,2012-06-18 09:05:17.527,2420.0000,220040,0,0.0000,2.0000,1,1,多换,B,2419.0000,0.0000,0.0000,0.0000,0.0000,2420.0000,0.0000,0.0000,0.0000,0.0000,54,0,0,0,0,110,0,0,0,0
zc,WS209,2012-06-18 09:05:18.010,2420.0000,220042,2,0.0000,2.0000,2,0,双开,B,2419.0000,0.0000,0.0000,0.0000,0.0000,2420.0000,0.0000,0.0000,0.0000,0.0000,54,0,0,0,0,109,0,0,0,0
zc,WS209,2012-06-18 09:05:18.743,2419.0000,220042,0,0.0000,16.0000,8,8,空换,S,2419.0000,0.0000,0.0000,0.0000,0.0000,2420.0000,0.0000,0.0000,0.0000,0.0000,46,0,0,0,0,109,0,0,0,0
zc,WS209,2012-06-18 09:05:19.540,2419.0000,220046,4,0.0000,4.0000,4,0,双开,S,2419.0000,0.0000,0.0000,0.0000,0.0000,2420.0000,0.0000,0.0000,0.0000,0.0000,44,0,0,0,0,110,0,0,0,0
zc,WS209,2012-06-18 09:05:19.963,2420.0000,219940,-106,0.0000,220.0000,57,163,空平,B,2419.0000,0.0000,0.0000,0.0000,0.0000,2421.0000,0.0000,0.0000,0.0000,0.0000,36,0,0,0,0,39,0,0,0,0
zc,WS209,2012-06-18 09:05:20.743,2419.0000,219974,34,0.0000,74.0000,54,20,空开,S,2419.0000,0.0000,0.0000,0.0000,0.0000,2421.0000,0.0000,0.0000,0.0000,0.0000,34,0,0,0,0,39,0,0,0,0
zc,WS209,2012-06-18 09:05:21.260,2419.0000,219976,2,0.0000,2.0000,2,0,双开,S,2419.0000,0.0000,0.0000,0.0000,0.0000,2421.0000,0.0000,0.0000,0.0000,0.0000,33,0,0,0,0,39,0,0,0,0
zc,WS209,2012-06-18 09:05:22.493,2419.0000,219998,22,0.0000,24.0000,23,1,空开,S,2419.0000,0.0000,0.0000,0.0000,0.0000,2420.0000,0.0000,0.0000,0.0000,0.0000,63,0,0,0,0,9,0,0,0,0
zc,WS209,2012-06-18 09:05:22.993,2420.0000,220008,10,0.0000,10.0000,10,0,双开,B,2419.0000,0.0000,0.0000,0.0000,0.0000,2420.0000,0.0000,0.0000,0.0000,0.0000,63,0,0,0,0,4,0,0,0,0
zc,WS209,2012-06-18 09:05:24.027,2419.0000,220016,8,0.0000,8.0000,8,0,双开,S,2419.0000,0.0000,0.0000,0.0000,0.0000,2420.0000,0.0000,0.0000,0.0000,0.0000,59,0,0,0,0,4,0,0,0,0
zc,WS209,2012-06-18 09:05:24.760,2419.0000,220018,2,0.0000,2.0000,2,0,双开,S,2419.0000,0.0000,0.0000,0.0000,0.0000,2420.0000,0.0000,0.0000,0.0000,0.0000,58,0,0,0,0,4,0,0,0,0
zc,WS209,2012-06-18 09:05:26.010,2420.0000,220024,6,0.0000,6.0000,6,0,双开,B,2419.0000,0.0000,0.0000,0.0000,0.0000,2420.0000,0.0000,0.0000,0.0000,0.0000,58,0,0,0,0,5,0,0,0,0
zc,WS209,2012-06-18 09:05:26.493,2420.0000,220024,0,0.0000,0.0000,0,0,多换,B,2419.0000,0.0000,0.0000,0.0000,0.0000,2420.0000,0.0000,0.0000,0.0000,0.0000,50,0,0,0,0,5,0,0,0,0
zc,WS209,2012-06-18 09:05:26.993,2420.0000,220024,0,0.0000,0.0000,0,0,多换,B,2419.0000,0.0000,0.0000,0.0000,0.0000,2420.0000,0.0000,0.0000,0.0000,0.0000,58,0,0,0,0,5,0,0,0,0
zc,WS209,2012-06-18 09:05:27.713,2419.0000,220026,2,0.0000,2.0000,2,0,双开,S,2419.0000,0.0000,0.0000,0.0000,0.0000,2420.0000,0.0000,0.0000,0.0000,0.0000,57,0,0,0,0,5,0,0,0,0
zc,WS209,2012-06-18 09:05:28.227,2419.0000,220026,0,0.0000,0.0000,0,0,空换,S,2419.0000,0.0000,0.0000,0.0000,0.0000,2420.0000,0.0000,0.0000,0.0000,0.0000,57,0,0,0,0,65,0,0,0,0
zc,WS209,2012-06-18 09:05:28.743,2420.0000,220030,4,0.0000,6.0000,5,1,多开,B,2419.0000,0.0000,0.0000,0.0000,0.0000,2420.0000,0.0000,0.0000,0.0000,0.0000,57,0,0,0,0,99,0,0,0,0
zc,WS209,2012-06-18 09:05:29.243,2420.0000,220032,2,0.0000,6.0000,4,2,多开,B,2419.0000,0.0000,0.0000,0.0000,0.0000,2420.0000,0.0000,0.0000,0.0000,0.0000,57,0,0,0,0,96,0,0,0,0
zc,WS209,2012-06-18 09:05:31.027,2419.0000,220032,0,0.0000,2.0000,1,1,空换,S,2419.0000,0.0000,0.0000,0.0000,0.0000,2420.0000,0.0000,0.0000,0.0000,0.0000,56,0,0,0,0,96,0,0,0,0
zc,WS209,2012-06-18 09:05:32.697,2419.0000,220032,0,0.0000,4.0000,2,2,空换,S,2419.0000,0.0000,0.0000,0.0000,0.0000,2420.0000,0.0000,0.0000,0.0000,0.0000,54,0,0,0,0,96,0,0,0,0
zc,WS209,2012-06-18 09:05:34.510,2419.0000,220032,0,0.0000,0.0000,0,0,空换,S,2419.0000,0.0000,0.0000,0.0000,0.0000,2420.0000,0.0000,0.0000,0.0000,0.0000,54,0,0,0,0,97,0,0,0,0
zc,WS209,2012-06-18 09:05:35.213,2419.0000,220038,6,0.0000,6.0000,6,0,双开,S,2419.0000,0.0000,0.0000,0.0000,0.0000,2420.0000,0.0000,0.0000,0.0000,0.0000,51,0,0,0,0,97,0,0,0,0
zc,WS209,2012-06-18 09:05:36.227,2419.0000,220038,0,0.0000,0.0000,0,0,空换,S,2419.0000,0.0000,0.0000,0.0000,0.0000,2420.0000,0.0000,0.0000,0.0000,0.0000,51,0,0,0,0,103,0,0,0,0
zc,WS209,2012-06-18 09:05:37.010,2420.0000,220044,6,0.0000,6.0000,6,0,双开,B,2419.0000,0.0000,0.0000,0.0000,0.0000,2420.0000,0.0000,0.0000,0.0000,0.0000,49,0,0,0,0,101,0,0,0,0
zc,WS209,2012-06-18 09:05:37.993,2420.0000,220048,4,0.0000,4.0000,4,0,双开,B,2419.0000,0.0000,0.0000,0.0000,0.0000,2420.0000,0.0000,0.0000,0.0000,0.0000,47,0,0,0,0,100,0,0,0,0
zc,WS209,2012-06-18 09:05:38.477,2420.0000,220048,0,0.0000,0.0000,0,0,多换,B,2419.0000,0.0000,0.0000,0.0000,0.0000,2420.0000,0.0000,0.0000,0.0000,0.0000,48,0,0,0,0,101,0,0,0,0
zc,WS209,2012-06-18 09:05:39.243,2420.0000,220048,0,0.0000,0.0000,0,0,多换,B,2419.0000,0.0000,0.0000,0.0000,0.0000,2420.0000,0.0000,0.0000,0.0000,0.0000,50,0,0,0,0,101,0,0,0,0
zc,WS209,2012-06-18 09:05:39.697,2419.0000,220088,40,0.0000,42.0000,41,1,空开,S,2419.0000,0.0000,0.0000,0.0000,0.0000,2420.0000,0.0000,0.0000,0.0000,0.0000,45,0,0,0,0,81,0,0,0,0
zc,WS209,2012-06-18 09:05:40.947,2419.0000,220088,0,0.0000,2.0000,1,1,空换,S,2419.0000,0.0000,0.0000,0.0000,0.0000,2420.0000,0.0000,0.0000,0.0000,0.0000,44,0,0,0,0,84,0,0,0,0
zc,WS209,2012-06-18 09:05:41.463,2420.0000,220154,66,0.0000,100.0000,83,17,多开,B,2419.0000,0.0000,0.0000,0.0000,0.0000,2420.0000,0.0000,0.0000,0.0000,0.0000,56,0,0,0,0,36,0,0,0,0
zc,WS209,2012-06-18 09:05:42.760,2420.0000,220154,0,0.0000,0.0000,0,0,多换,B,2419.0000,0.0000,0.0000,0.0000,0.0000,2420.0000,0.0000,0.0000,0.0000,0.0000,56,0,0,0,0,56,0,0,0,0
zc,WS209,2012-06-18 09:05:43.743,2420.0000,220154,0,0.0000,20.0000,10,10,多换,B,2419.0000,0.0000,0.0000,0.0000,0.0000,2420.0000,0.0000,0.0000,0.0000,0.0000,46,0,0,0,0,46,0,0,0,0
zc,WS209,2012-06-18 09:05:44.463,2420.0000,220154,0,0.0000,0.0000,0,0,多换,B,2419.0000,0.0000,0.0000,0.0000,0.0000,2420.0000,0.0000,0.0000,0.0000,0.0000,46,0,0,0,0,47,0,0,0,0
zc,WS209,2012-06-18 09:05:44.963,2419.0000,220154,0,0.0000,2.0000,1,1,空换,S,2419.0000,0.0000,0.0000,0.0000,0.0000,2420.0000,0.0000,0.0000,0.0000,0.0000,45,0,0,0,0,47,0,0,0,0
zc,WS209,2012-06-18 09:05:45.463,2420.0000,220154,0,0.0000,2.0000,1,1,多换,B,2419.0000,0.0000,0.0000,0.0000,0.0000,2420.0000,0.0000,0.0000,0.0000,0.0000,45,0,0,0,0,46,0,0,0,0
zc,WS209,2012-06-18 09:05:45.977,2420.0000,220154,0,0.0000,2.0000,1,1,多换,B,2419.0000,0.0000,0.0000,0.0000,0.0000,2420.0000,0.0000,0.0000,0.0000,0.0000,46,0,0,0,0,45,0,0,0,0
zc,WS209,2012-06-18 09:05:47.697,2420.0000,220154,0,0.0000,4.0000,2,2,多换,B,2419.0000,0.0000,0.0000,0.0000,0.0000,2420.0000,0.0000,0.0000,0.0000,0.0000,45,0,0,0,0,43,0,0,0,0
zc,WS209,2012-06-18 09:05:48.993,2420.0000,220154,0,0.0000,2.0000,1,1,多换,B,2419.0000,0.0000,0.0000,0.0000,0.0000,2420.0000,0.0000,0.0000,0.0000,0.0000,45,0,0,0,0,43,0,0,0,0
zc,WS209,2012-06-18 09:05:50.010,2420.0000,220154,0,0.0000,0.0000,0,0,多换,B,2419.0000,0.0000,0.0000,0.0000,0.0000,2420.0000,0.0000,0.0000,0.0000,0.0000,105,0,0,0,0,43,0,0,0,0
zc,WS209,2012-06-18 09:05:50.697,2419.0000,220154,0,0.0000,12.0000,6,6,空换,S,2419.0000,0.0000,0.0000,0.0000,0.0000,2420.0000,0.0000,0.0000,0.0000,0.0000,99,0,0,0,0,44,0,0,0,0
zc,WS209,2012-06-18 09:05:51.213,2419.0000,220154,0,0.0000,2.0000,1,1,空换,S,2419.0000,0.0000,0.0000,0.0000,0.0000,2420.0000,0.0000,0.0000,0.0000,0.0000,98,0,0,0,0,44,0,0,0,0
zc,WS209,2012-06-18 09:05:51.697,2419.0000,220154,0,0.0000,0.0000,0,0,空换,S,2419.0000,0.0000,0.0000,0.0000,0.0000,2420.0000,0.0000,0.0000,0.0000,0.0000,92,0,0,0,0,44,0,0,0,0
zc,WS209,2012-06-18 09:05:52.963,2419.0000,220154,0,0.0000,0.0000,0,0,空换,S,2419.0000,0.0000,0.0000,0.0000,0.0000,2420.0000,0.0000,0.0000,0.0000,0.0000,92,0,0,0,0,43,0,0,0,0
zc,WS209,2012-06-18 09:05:54.777,2419.0000,220154,0,0.0000,0.0000,0,0,空换,S,2419.0000,0.0000,0.0000,0.0000,0.0000,2420.0000,0.0000,0.0000,0.0000,0.0000,92,0,0,0,0,44,0,0,0,0
zc,WS209,2012-06-18 09:05:55.277,2420.0000,220156,2,0.0000,16.0000,9,7,多开,B,2419.0000,0.0000,0.0000,0.0000,0.0000,2420.0000,0.0000,0.0000,0.0000,0.0000,92,0,0,0,0,36,0,0,0,0
zc,WS209,2012-06-18 09:05:55.963,2420.0000,220202,46,0.0000,62.0000,54,8,多开,B,2419.0000,0.0000,0.0000,0.0000,0.0000,2420.0000,0.0000,0.0000,0.0000,0.0000,92,0,0,0,0,5,0,0,0,0
zc,WS209,2012-06-18 09:05:56.433,2419.0000,220202,0,0.0000,2.0000,1,1,空换,S,2419.0000,0.0000,0.0000,0.0000,0.0000,2420.0000,0.0000,0.0000,0.0000,0.0000,91,0,0,0,0,5,0,0,0,0
zc,WS209,2012-06-18 09:05:56.963,2420.0000,220204,2,0.0000,2.0000,2,0,双开,B,2419.0000,0.0000,0.0000,0.0000,0.0000,2420.0000,0.0000,0.0000,0.0000,0.0000,91,0,0,0,0,30,0,0,0,0
zc,WS209,2012-06-18 09:05:57.727,2420.0000,220204,0,0.0000,2.0000,1,1,多换,B,2419.0000,0.0000,0.0000,0.0000,0.0000,2420.0000,0.0000,0.0000,0.0000,0.0000,91,0,0,0,0,30,0,0,0,0
zc,WS209,2012-06-18 09:05:58.243,2420.0000,220204,0,0.0000,2.0000,1,1,多换,B,2419.0000,0.0000,0.0000,0.0000,0.0000,2420.0000,0.0000,0.0000,0.0000,0.0000,91,0,0,0,0,29,0,0,0,0
zc,WS209,2012-06-18 09:05:59.010,2419.0000,220198,-6,0.0000,14.0000,4,10,多平,S,2419.0000,0.0000,0.0000,0.0000,0.0000,2420.0000,0.0000,0.0000,0.0000,0.0000,84,0,0,0,0,29,0,0,0,0
zc,WS209,2012-06-18 09:06:00.463,2419.0000,220198,0,0.0000,0.0000,0,0,空换,S,2419.0000,0.0000,0.0000,0.0000,0.0000,2420.0000,0.0000,0.0000,0.0000,0.0000,84,0,0,0,0,34,0,0,0,0
zc,WS209,2012-06-18 09:06:01.183,2420.0000,220198,0,0.0000,2.0000,1,1,多换,B,2419.0000,0.0000,0.0000,0.0000,0.0000,2420.0000,0.0000,0.0000,0.0000,0.0000,84,0,0,0,0,33,0,0,0,0
zc,WS209,2012-06-18 09:06:05.777,2420.0000,220198,0,0.0000,0.0000,0,0,多换,B,2419.0000,0.0000,0.0000,0.0000,0.0000,2420.0000,0.0000,0.0000,0.0000,0.0000,84,0,0,0,0,36,0,0,0,0
zc,WS209,2012-06-18 09:06:06.447,2420.0000,220198,0,0.0000,0.0000,0,0,多换,B,2419.0000,0.0000,0.0000,0.0000,0.0000,2420.0000,0.0000,0.0000,0.0000,0.0000,83,0,0,0,0,36,0,0,0,0
zc,WS209,2012-06-18 09:06:07.477,2419.0000,220198,0,0.0000,2.0000,1,1,空换,S,2419.0000,0.0000,0.0000,0.0000,0.0000,2420.0000,0.0000,0.0000,0.0000,0.0000,82,0,0,0,0,36,0,0,0,0
zc,WS209,2012-06-18 09:06:08.683,2419.0000,220196,-2,0.0000,4.0000,1,3,多平,S,2419.0000,0.0000,0.0000,0.0000,0.0000,2420.0000,0.0000,0.0000,0.0000,0.0000,81,0,0,0,0,35,0,0,0,0
zc,WS209,2012-06-18 09:06:09.527,2420.0000,220196,0,0.0000,6.0000,3,3,多换,B,2419.0000,0.0000,0.0000,0.0000,0.0000,2420.0000,0.0000,0.0000,0.0000,0.0000,81,0,0,0,0,32,0,0,0,0
zc,WS209,2012-06-18 09:06:09.713,2420.0000,220196,0,0.0000,0.0000,0,0,多换,B,2419.0000,0.0000,0.0000,0.0000,0.0000,2420.0000,0.0000,0.0000,0.0000,0.0000,91,0,0,0,0,37,0,0,0,0
zc,WS209,2012-06-18 09:06:12.260,2419.0000,220194,-2,0.0000,4.0000,1,3,多平,S,2419.0000,0.0000,0.0000,0.0000,0.0000,2420.0000,0.0000,0.0000,0.0000,0.0000,89,0,0,0,0,37,0,0,0,0
zc,WS209,2012-06-18 09:06:12.727,2419.0000,220166,-28,0.0000,62.0000,17,45,多平,S,2419.0000,0.0000,0.0000,0.0000,0.0000,2420.0000,0.0000,0.0000,0.0000,0.0000,58,0,0,0,0,58,0,0,0,0
zc,WS209,2012-06-18 09:06:13.277,2419.0000,220166,0,0.0000,62.0000,31,31,空换,S,2419.0000,0.0000,0.0000,0.0000,0.0000,2420.0000,0.0000,0.0000,0.0000,0.0000,27,0,0,0,0,58,0,0,0,0
zc,WS209,2012-06-18 09:06:15.027,2419.0000,220196,30,0.0000,30.0000,30,0,双开,S,2419.0000,0.0000,0.0000,0.0000,0.0000,2420.0000,0.0000,0.0000,0.0000,0.0000,12,0,0,0,0,58,0,0,0,0
zc,WS209,2012-06-18 09:06:15.477,2419.0000,220196,0,0.0000,2.0000,1,1,空换,S,2419.0000,0.0000,0.0000,0.0000,0.0000,2420.0000,0.0000,0.0000,0.0000,0.0000,11,0,0,0,0,57,0,0,0,0
zc,WS209,2012-06-18 09:06:16.243,2419.0000,220196,0,0.0000,2.0000,1,1,空换,S,2419.0000,0.0000,0.0000,0.0000,0.0000,2420.0000,0.0000,0.0000,0.0000,0.0000,10,0,0,0,0,57,0,0,0,0
zc,WS209,2012-06-18 09:06:16.697,2419.0000,220196,0,0.0000,0.0000,0,0,空换,S,2419.0000,0.0000,0.0000,0.0000,0.0000,2420.0000,0.0000,0.0000,0.0000,0.0000,10,0,0,0,0,56,0,0,0,0
zc,WS209,2012-06-18 09:06:17.197,2419.0000,220198,2,0.0000,12.0000,7,5,空开,S,2419.0000,0.0000,0.0000,0.0000,0.0000,2420.0000,0.0000,0.0000,0.0000,0.0000,4,0,0,0,0,51,0,0,0,0
zc,WS209,2012-06-18 09:06:17.683,2419.0000,220206,8,0.0000,8.0000,8,0,双开,S,2418.0000,0.0000,0.0000,0.0000,0.0000,2419.0000,0.0000,0.0000,0.0000,0.0000,34,0,0,0,0,13,0,0,0,0
zc,WS209,2012-06-18 09:06:18.433,2419.0000,220206,0,0.0000,0.0000,0,0,空换,S,2418.0000,0.0000,0.0000,0.0000,0.0000,2419.0000,0.0000,0.0000,0.0000,0.0000,36,0,0,0,0,14,0,0,0,0
zc,WS209,2012-06-18 09:06:21.683,2419.0000,220206,0,0.0000,0.0000,0,0,空换,S,2418.0000,0.0000,0.0000,0.0000,0.0000,2419.0000,0.0000,0.0000,0.0000,0.0000,37,0,0,0,0,14,0,0,0,0
zc,WS209,2012-06-18 09:06:22.697,2419.0000,220230,24,0.0000,24.0000,24,0,双开,S,2418.0000,0.0000,0.0000,0.0000,0.0000,2419.0000,0.0000,0.0000,0.0000,0.0000,35,0,0,0,0,4,0,0,0,0
zc,WS209,2012-06-18 09:06:23.493,2418.0000,220230,0,0.0000,2.0000,1,1,空换,S,2418.0000,0.0000,0.0000,0.0000,0.0000,2419.0000,0.0000,0.0000,0.0000,0.0000,34,0,0,0,0,9,0,0,0,0
zc,WS209,2012-06-18 09:06:24.183,2419.0000,220220,-10,0.0000,18.0000,4,14,空平,B,2418.0000,0.0000,0.0000,0.0000,0.0000,2420.0000,0.0000,0.0000,0.0000,0.0000,34,0,0,0,0,51,0,0,0,0
zc,WS209,2012-06-18 09:06:24.697,2419.0000,220220,0,0.0000,0.0000,0,0,多换,B,2418.0000,0.0000,0.0000,0.0000,0.0000,2420.0000,0.0000,0.0000,0.0000,0.0000,35,0,0,0,0,51,0,0,0,0
zc,WS209,2012-06-18 09:06:26.683,2419.0000,220220,0,0.0000,0.0000,0,0,多换,B,2418.0000,0.0000,0.0000,0.0000,0.0000,2420.0000,0.0000,0.0000,0.0000,0.0000,36,0,0,0,0,51,0,0,0,0
zc,WS209,2012-06-18 09:06:29.197,2419.0000,220220,0,0.0000,0.0000,0,0,多换,B,2418.0000,0.0000,0.0000,0.0000,0.0000,2420.0000,0.0000,0.0000,0.0000,0.0000,46,0,0,0,0,52,0,0,0,0
zc,WS209,2012-06-18 09:06:30.917,2419.0000,220220,0,0.0000,0.0000,0,0,多换,B,2419.0000,0.0000,0.0000,0.0000,0.0000,2420.0000,0.0000,0.0000,0.0000,0.0000,35,0,0,0,0,52,0,0,0,0
zc,WS209,2012-06-18 09:06:31.417,2419.0000,220150,-70,0.0000,70.0000,0,70,双平,B,2418.0000,0.0000,0.0000,0.0000,0.0000,2419.0000,0.0000,0.0000,0.0000,0.0000,46,0,0,0,0,18,0,0,0,0
zc,WS209,2012-06-18 09:06:31.963,2418.0000,220130,-20,0.0000,92.0000,36,56,多平,S,2417.0000,0.0000,0.0000,0.0000,0.0000,2418.0000,0.0000,0.0000,0.0000,0.0000,11,0,0,0,0,3,0,0,0,0
zc,WS209,2012-06-18 09:06:32.667,2418.0000,220130,0,0.0000,2.0000,1,1,空换,S,2417.0000,0.0000,0.0000,0.0000,0.0000,2418.0000,0.0000,0.0000,0.0000,0.0000,11,0,0,0,0,2,0,0,0,0
zc,WS209,2012-06-18 09:06:33.243,2418.0000,220130,0,0.0000,0.0000,0,0,空换,S,2417.0000,0.0000,0.0000,0.0000,0.0000,2419.0000,0.0000,0.0000,0.0000,0.0000,13,0,0,0,0,2,0,0,0,0
zc,WS209,2012-06-18 09:06:33.977,2417.0000,220156,26,0.0000,26.0000,26,0,双开,S,2416.0000,0.0000,0.0000,0.0000,0.0000,2417.0000,0.0000,0.0000,0.0000,0.0000,17,0,0,0,0,37,0,0,0,0
zc,WS209,2012-06-18 09:06:34.683,2417.0000,220176,20,0.0000,20.0000,20,0,双开,S,2416.0000,0.0000,0.0000,0.0000,0.0000,2417.0000,0.0000,0.0000,0.0000,0.0000,18,0,0,0,0,27,0,0,0,0
zc,WS209,2012-06-18 09:06:35.197,2417.0000,220178,2,0.0000,2.0000,2,0,双开,S,2416.0000,0.0000,0.0000,0.0000,0.0000,2417.0000,0.0000,0.0000,0.0000,0.0000,18,0,0,0,0,26,0,0,0,0
zc,WS209,2012-06-18 09:06:35.963,2417.0000,220180,2,0.0000,2.0000,2,0,双开,S,2416.0000,0.0000,0.0000,0.0000,0.0000,2417.0000,0.0000,0.0000,0.0000,0.0000,17,0,0,0,0,26,0,0,0,0
zc,WS209,2012-06-18 09:06:37.463,2417.0000,220200,20,0.0000,20.0000,20,0,双开,S,2416.0000,0.0000,0.0000,0.0000,0.0000,2417.0000,0.0000,0.0000,0.0000,0.0000,17,0,0,0,0,16,0,0,0,0
zc,WS209,2012-06-18 09:06:38.713,2417.0000,220200,0,0.0000,0.0000,0,0,空换,S,2416.0000,0.0000,0.0000,0.0000,0.0000,2417.0000,0.0000,0.0000,0.0000,0.0000,18,0,0,0,0,16,0,0,0,0
zc,WS209,2012-06-18 09:06:39.963,2417.0000,220200,0,0.0000,0.0000,0,0,空换,S,2416.0000,0.0000,0.0000,0.0000,0.0000,2417.0000,0.0000,0.0000,0.0000,0.0000,19,0,0,0,0,16,0,0,0,0
zc,WS209,2012-06-18 09:06:40.447,2417.0000,220200,0,0.0000,0.0000,0,0,空换,S,2416.0000,0.0000,0.0000,0.0000,0.0000,2417.0000,0.0000,0.0000,0.0000,0.0000,20,0,0,0,0,16,0,0,0,0
zc,WS209,2012-06-18 09:06:41.697,2417.0000,220200,0,0.0000,0.0000,0,0,空换,S,2416.0000,0.0000,0.0000,0.0000,0.0000,2417.0000,0.0000,0.0000,0.0000,0.0000,21,0,0,0,0,16,0,0,0,0
zc,WS209,2012-06-18 09:06:42.227,2417.0000,220196,-4,0.0000,34.0000,15,19,多平,S,2417.0000,0.0000,0.0000,0.0000,0.0000,2419.0000,0.0000,0.0000,0.0000,0.0000,19,0,0,0,0,11,0,0,0,0
zc,WS209,2012-06-18 09:06:42.683,2417.0000,220196,0,0.0000,0.0000,0,0,空换,S,2417.0000,0.0000,0.0000,0.0000,0.0000,2419.0000,0.0000,0.0000,0.0000,0.0000,19,0,0,0,0,12,0,0,0,0
zc,WS209,2012-06-18 09:06:43.447,2417.0000,220196,0,0.0000,0.0000,0,0,空换,S,2417.0000,0.0000,0.0000,0.0000,0.0000,2419.0000,0.0000,0.0000,0.0000,0.0000,20,0,0,0,0,13,0,0,0,0
zc,WS209,2012-06-18 09:06:43.963,2417.0000,220188,-8,0.0000,8.0000,0,8,双平,S,2417.0000,0.0000,0.0000,0.0000,0.0000,2419.0000,0.0000,0.0000,0.0000,0.0000,16,0,0,0,0,13,0,0,0,0
zc,WS209,2012-06-18 09:06:44.493,2417.0000,220188,0,0.0000,0.0000,0,0,空换,S,2417.0000,0.0000,0.0000,0.0000,0.0000,2419.0000,0.0000,0.0000,0.0000,0.0000,19,0,0,0,0,13,0,0,0,0
zc,WS209,2012-06-18 09:06:45.227,2417.0000,220188,0,0.0000,0.0000,0,0,空换,S,2417.0000,0.0000,0.0000,0.0000,0.0000,2419.0000,0.0000,0.0000,0.0000,0.0000,20,0,0,0,0,8,0,0,0,0
zc,WS209,2012-06-18 09:06:46.477,2417.0000,220188,0,0.0000,0.0000,0,0,空换,S,2417.0000,0.0000,0.0000,0.0000,0.0000,2418.0000,0.0000,0.0000,0.0000,0.0000,30,0,0,0,0,3,0,0,0,0
zc,WS209,2012-06-18 09:06:50.993,2418.0000,220190,2,0.0000,2.0000,2,0,双开,B,2417.0000,0.0000,0.0000,0.0000,0.0000,2418.0000,0.0000,0.0000,0.0000,0.0000,30,0,0,0,0,2,0,0,0,0
zc,WS209,2012-06-18 09:06:51.713,2418.0000,220194,4,0.0000,4.0000,4,0,双开,B,2418.0000,0.0000,0.0000,0.0000,0.0000,2419.0000,0.0000,0.0000,0.0000,0.0000,13,0,0,0,0,6,0,0,0,0
zc,WS209,2012-06-18 09:06:51.933,2418.0000,220194,0,0.0000,0.0000,0,0,多换,B,2418.0000,0.0000,0.0000,0.0000,0.0000,2419.0000,0.0000,0.0000,0.0000,0.0000,17,0,0,0,0,7,0,0,0,0
zc,WS209,2012-06-18 09:06:52.743,2418.0000,220194,0,0.0000,0.0000,0,0,多换,B,2418.0000,0.0000,0.0000,0.0000,0.0000,2419.0000,0.0000,0.0000,0.0000,0.0000,17,0,0,0,0,8,0,0,0,0
zc,WS209,2012-06-18 09:06:53.993,2418.0000,220194,0,0.0000,2.0000,1,1,多换,B,2418.0000,0.0000,0.0000,0.0000,0.0000,2419.0000,0.0000,0.0000,0.0000,0.0000,216,0,0,0,0,8,0,0,0,0
zc,WS209,2012-06-18 09:06:54.277,2418.0000,220244,50,0.0000,74.0000,62,12,多开,B,2418.0000,0.0000,0.0000,0.0000,0.0000,2419.0000,0.0000,0.0000,0.0000,0.0000,179,0,0,0,0,25,0,0,0,0
zc,WS209,2012-06-18 09:06:54.993,2418.0000,220254,10,0.0000,10.0000,10,0,双开,B,2418.0000,0.0000,0.0000,0.0000,0.0000,2419.0000,0.0000,0.0000,0.0000,0.0000,174,0,0,0,0,25,0,0,0,0
zc,WS209,2012-06-18 09:06:55.790,2418.0000,220254,0,0.0000,0.0000,0,0,多换,B,2418.0000,0.0000,0.0000,0.0000,0.0000,2419.0000,0.0000,0.0000,0.0000,0.0000,175,0,0,0,0,25,0,0,0,0
zc,WS209,2012-06-18 09:06:57.197,2418.0000,220254,0,0.0000,6.0000,3,3,多换,B,2418.0000,0.0000,0.0000,0.0000,0.0000,2419.0000,0.0000,0.0000,0.0000,0.0000,172,0,0,0,0,22,0,0,0,0
zc,WS209,2012-06-18 09:06:58.040,2418.0000,220254,0,0.0000,6.0000,3,3,多换,B,2418.0000,0.0000,0.0000,0.0000,0.0000,2419.0000,0.0000,0.0000,0.0000,0.0000,169,0,0,0,0,19,0,0,0,0
zc,WS209,2012-06-18 09:06:58.790,2419.0000,220254,0,0.0000,4.0000,2,2,多换,B,2418.0000,0.0000,0.0000,0.0000,0.0000,2419.0000,0.0000,0.0000,0.0000,0.0000,168,0,0,0,0,17,0,0,0,0
zc,WS209,2012-06-18 09:06:59.213,2418.0000,220254,0,0.0000,20.0000,10,10,空换,S,2418.0000,0.0000,0.0000,0.0000,0.0000,2419.0000,0.0000,0.0000,0.0000,0.0000,158,0,0,0,0,9,0,0,0,0
zc,WS209,2012-06-18 09:06:59.743,2418.0000,220254,0,0.0000,0.0000,0,0,空换,S,2418.0000,0.0000,0.0000,0.0000,0.0000,2419.0000,0.0000,0.0000,0.0000,0.0000,158,0,0,0,0,8,0,0,0,0
zc,WS209,2012-06-18 09:07:00.447,2418.0000,220254,0,0.0000,0.0000,0,0,空换,S,2418.0000,0.0000,0.0000,0.0000,0.0000,2419.0000,0.0000,0.0000,0.0000,0.0000,161,0,0,0,0,8,0,0,0,0
zc,WS209,2012-06-18 09:07:01.447,2419.0000,220252,-2,0.0000,2.0000,0,2,双平,B,2418.0000,0.0000,0.0000,0.0000,0.0000,2419.0000,0.0000,0.0000,0.0000,0.0000,161,0,0,0,0,36,0,0,0,0
zc,WS209,2012-06-18 09:07:02.227,2418.0000,220254,2,0.0000,32.0000,17,15,空开,S,2418.0000,0.0000,0.0000,0.0000,0.0000,2419.0000,0.0000,0.0000,0.0000,0.0000,148,0,0,0,0,21,0,0,0,0
zc,WS209,2012-06-18 09:07:02.540,2418.0000,220254,0,0.0000,0.0000,0,0,空换,S,2418.0000,0.0000,0.0000,0.0000,0.0000,2419.0000,0.0000,0.0000,0.0000,0.0000,148,0,0,0,0,19,0,0,0,0
zc,WS209,2012-06-18 09:07:03.213,2419.0000,220248,-6,0.0000,6.0000,0,6,双平,B,2418.0000,0.0000,0.0000,0.0000,0.0000,2419.0000,0.0000,0.0000,0.0000,0.0000,148,0,0,0,0,16,0,0,0,0
zc,WS209,2012-06-18 09:07:04.477,2419.0000,220248,0,0.0000,2.0000,1,1,多换,B,2418.0000,0.0000,0.0000,0.0000,0.0000,2419.0000,0.0000,0.0000,0.0000,0.0000,148,0,0,0,0,15,0,0,0,0
