市场代码,合约代码,时间,最新,持仓,增仓,成交额,成交量,开仓,平仓,成交类型,方向,买一价,买二价,买三价,买四价,买五价,卖一价,卖二价,卖三价,卖四价,卖五价,买一量,买二量,买三量,买四量,买五量,卖一量,卖二量,卖三量,卖四量,卖五量
zc,WS301,2012-06-18 08:26:07.743,0.0000,441726,0,0.0000,0.0000,0,0,空换,S,0.0000,0.0000,0.0000,0.0000,0.0000,0.0000,0.0000,0.0000,0.0000,0.0000,0,0,0,0,0,0,0,0,0,0
zc,WS301,2012-06-18 08:32:09.433,0.0000,441726,0,0.0000,0.0000,0,0,空换,S,0.0000,0.0000,0.0000,0.0000,0.0000,0.0000,0.0000,0.0000,0.0000,0.0000,0,0,0,0,0,0,0,0,0,0
zc,WS301,2012-06-18 08:34:09.447,0.0000,441726,0,0.0000,0.0000,0,0,空换,S,0.0000,0.0000,0.0000,0.0000,0.0000,0.0000,0.0000,0.0000,0.0000,0.0000,0,0,0,0,0,0,0,0,0,0
zc,WS301,2012-06-18 08:39:09.433,0.0000,441726,0,0.0000,0.0000,0,0,空换,S,0.0000,0.0000,0.0000,0.0000,0.0000,0.0000,0.0000,0.0000,0.0000,0.0000,0,0,0,0,0,0,0,0,0,0
zc,WS301,2012-06-18 08:48:09.433,0.0000,441726,0,0.0000,0.0000,0,0,空换,S,0.0000,0.0000,0.0000,0.0000,0.0000,0.0000,0.0000,0.0000,0.0000,0.0000,0,0,0,0,0,0,0,0,0,0
zc,WS301,2012-06-18 08:55:01.197,0.0000,441726,0,0.0000,0.0000,0,0,空换,S,0.0000,0.0000,0.0000,0.0000,0.0000,0.0000,0.0000,0.0000,0.0000,0.0000,0,0,0,0,0,0,0,0,0,0
zc,WS301,2012-06-18 08:55:01.963,0.0000,441726,0,0.0000,0.0000,0,0,空换,S,0.0000,0.0000,0.0000,0.0000,0.0000,0.0000,0.0000,0.0000,0.0000,0.0000,0,0,0,0,0,0,0,0,0,0
zc,WS301,2012-06-18 08:55:02.417,0.0000,441726,0,0.0000,0.0000,0,0,空换,S,0.0000,0.0000,0.0000,0.0000,0.0000,0.0000,0.0000,0.0000,0.0000,0.0000,0,0,0,0,0,0,0,0,0,0
zc,WS301,2012-06-18 08:55:03.150,0.0000,441726,0,0.0000,0.0000,0,0,空换,S,0.0000,0.0000,0.0000,0.0000,0.0000,0.0000,0.0000,0.0000,0.0000,0.0000,0,0,0,0,0,0,0,0,0,0
zc,WS301,2012-06-18 08:55:27.650,0.0000,441726,0,0.0000,0.0000,0,0,空换,S,0.0000,0.0000,0.0000,0.0000,0.0000,0.0000,0.0000,0.0000,0.0000,0.0000,0,0,0,0,0,0,0,0,0,0
zc,WS301,2012-06-18 08:55:40.150,0.0000,441726,0,0.0000,0.0000,0,0,空换,S,0.0000,0.0000,0.0000,0.0000,0.0000,0.0000,0.0000,0.0000,0.0000,0.0000,0,0,0,0,0,0,0,0,0,0
zc,WS301,2012-06-18 08:55:42.400,0.0000,441726,0,0.0000,0.0000,0,0,空换,S,0.0000,0.0000,0.0000,0.0000,0.0000,0.0000,0.0000,0.0000,0.0000,0.0000,0,0,0,0,0,0,0,0,0,0
zc,WS301,2012-06-18 08:55:49.650,0.0000,441726,0,0.0000,0.0000,0,0,空换,S,0.0000,0.0000,0.0000,0.0000,0.0000,0.0000,0.0000,0.0000,0.0000,0.0000,0,0,0,0,0,0,0,0,0,0
zc,WS301,2012-06-18 08:55:50.650,0.0000,441726,0,0.0000,0.0000,0,0,空换,S,0.0000,0.0000,0.0000,0.0000,0.0000,0.0000,0.0000,0.0000,0.0000,0.0000,0,0,0,0,0,0,0,0,0,0
zc,WS301,2012-06-18 08:56:05.900,0.0000,441726,0,0.0000,0.0000,0,0,空换,S,0.0000,0.0000,0.0000,0.0000,0.0000,0.0000,0.0000,0.0000,0.0000,0.0000,0,0,0,0,0,0,0,0,0,0
zc,WS301,2012-06-18 08:58:33.150,0.0000,441726,0,0.0000,0.0000,0,0,空换,S,0.0000,0.0000,0.0000,0.0000,0.0000,0.0000,0.0000,0.0000,0.0000,0.0000,0,0,0,0,0,0,0,0,0,0
zc,WS301,2012-06-18 08:58:38.900,0.0000,441726,0,0.0000,0.0000,0,0,空换,S,0.0000,0.0000,0.0000,0.0000,0.0000,0.0000,0.0000,0.0000,0.0000,0.0000,0,0,0,0,0,0,0,0,0,0
zc,WS301,2012-06-18 08:58:47.150,0.0000,441726,0,0.0000,0.0000,0,0,空换,S,0.0000,0.0000,0.0000,0.0000,0.0000,0.0000,0.0000,0.0000,0.0000,0.0000,0,0,0,0,0,0,0,0,0,0
zc,WS301,2012-06-18 08:58:51.900,0.0000,441726,0,0.0000,0.0000,0,0,空换,S,0.0000,0.0000,0.0000,0.0000,0.0000,0.0000,0.0000,0.0000,0.0000,0.0000,0,0,0,0,0,0,0,0,0,0
zc,WS301,2012-06-18 09:00:01.887,2515.0000,442270,544,0.0000,1578.0000,1061,517,多开,B,2515.0000,0.0000,0.0000,0.0000,0.0000,2517.0000,0.0000,0.0000,0.0000,0.0000,315,0,0,0,0,7,0,0,0,0
zc,WS301,2012-06-18 09:00:02.917,2517.0000,442450,180,0.0000,656.0000,418,238,多开,B,2516.0000,0.0000,0.0000,0.0000,0.0000,2517.0000,0.0000,0.0000,0.0000,0.0000,2,0,0,0,0,7,0,0,0,0
zc,WS301,2012-06-18 09:00:04.150,2519.0000,442454,4,0.0000,192.0000,98,94,多开,B,2519.0000,0.0000,0.0000,0.0000,0.0000,2520.0000,0.0000,0.0000,0.0000,0.0000,79,0,0,0,0,60,0,0,0,0
zc,WS301,2012-06-18 09:00:04.887,2520.0000,442530,76,0.0000,244.0000,160,84,多开,B,2520.0000,0.0000,0.0000,0.0000,0.0000,2521.0000,0.0000,0.0000,0.0000,0.0000,47,0,0,0,0,14,0,0,0,0
zc,WS301,2012-06-18 09:00:05.587,2520.0000,442534,4,0.0000,40.0000,22,18,多开,B,2520.0000,0.0000,0.0000,0.0000,0.0000,2521.0000,0.0000,0.0000,0.0000,0.0000,65,0,0,0,0,6,0,0,0,0
zc,WS301,2012-06-18 09:00:06.103,2521.0000,442540,6,0.0000,18.0000,12,6,多开,B,2521.0000,0.0000,0.0000,0.0000,0.0000,2522.0000,0.0000,0.0000,0.0000,0.0000,87,0,0,0,0,9,0,0,0,0
zc,WS301,2012-06-18 09:00:06.807,2521.0000,442546,6,0.0000,22.0000,14,8,多开,B,2521.0000,0.0000,0.0000,0.0000,0.0000,2522.0000,0.0000,0.0000,0.0000,0.0000,176,0,0,0,0,9,0,0,0,0
zc,WS301,2012-06-18 09:00:07.323,2522.0000,442548,2,0.0000,26.0000,14,12,多开,B,2522.0000,0.0000,0.0000,0.0000,0.0000,2523.0000,0.0000,0.0000,0.0000,0.0000,137,0,0,0,0,23,0,0,0,0
zc,WS301,2012-06-18 09:00:07.853,2523.0000,442554,6,0.0000,162.0000,84,78,多开,B,2523.0000,0.0000,0.0000,0.0000,0.0000,2524.0000,0.0000,0.0000,0.0000,0.0000,71,0,0,0,0,151,0,0,0,0
zc,WS301,2012-06-18 09:00:08.540,2523.0000,442574,20,0.0000,58.0000,39,19,多开,B,2523.0000,0.0000,0.0000,0.0000,0.0000,2524.0000,0.0000,0.0000,0.0000,0.0000,53,0,0,0,0,142,0,0,0,0
zc,WS301,2012-06-18 09:00:09.073,2523.0000,442594,20,0.0000,136.0000,78,58,多开,B,2522.0000,0.0000,0.0000,0.0000,0.0000,2523.0000,0.0000,0.0000,0.0000,0.0000,25,0,0,0,0,26,0,0,0,0
zc,WS301,2012-06-18 09:00:09.447,2523.0000,442396,-198,0.0000,206.0000,4,202,空平,B,2522.0000,0.0000,0.0000,0.0000,0.0000,2523.0000,0.0000,0.0000,0.0000,0.0000,25,0,0,0,0,38,0,0,0,0
zc,WS301,2012-06-18 09:00:09.837,2523.0000,442382,-14,0.0000,28.0000,7,21,空平,B,2522.0000,0.0000,0.0000,0.0000,0.0000,2523.0000,0.0000,0.0000,0.0000,0.0000,20,0,0,0,0,29,0,0,0,0
zc,WS301,2012-06-18 09:00:10.027,2522.0000,442400,18,0.0000,24.0000,21,3,空开,S,2522.0000,0.0000,0.0000,0.0000,0.0000,2523.0000,0.0000,0.0000,0.0000,0.0000,10,0,0,0,0,29,0,0,0,0
zc,WS301,2012-06-18 09:00:11.103,2523.0000,442398,-2,0.0000,24.0000,11,13,空平,B,2522.0000,0.0000,0.0000,0.0000,0.0000,2523.0000,0.0000,0.0000,0.0000,0.0000,10,0,0,0,0,17,0,0,0,0
zc,WS301,2012-06-18 09:00:11.337,2523.0000,442414,16,0.0000,64.0000,40,24,多开,B,2523.0000,0.0000,0.0000,0.0000,0.0000,2524.0000,0.0000,0.0000,0.0000,0.0000,21,0,0,0,0,120,0,0,0,0
zc,WS301,2012-06-18 09:00:12.057,2522.0000,442418,4,0.0000,48.0000,26,22,空开,S,2522.0000,0.0000,0.0000,0.0000,0.0000,2523.0000,0.0000,0.0000,0.0000,0.0000,39,0,0,0,0,2,0,0,0,0
zc,WS301,2012-06-18 09:00:12.573,2522.0000,442414,-4,0.0000,16.0000,6,10,多平,S,2522.0000,0.0000,0.0000,0.0000,0.0000,2523.0000,0.0000,0.0000,0.0000,0.0000,38,0,0,0,0,12,0,0,0,0
zc,WS301,2012-06-18 09:00:13.040,2523.0000,442518,104,0.0000,132.0000,118,14,多开,B,2522.0000,0.0000,0.0000,0.0000,0.0000,2523.0000,0.0000,0.0000,0.0000,0.0000,38,0,0,0,0,1,0,0,0,0
zc,WS301,2012-06-18 09:00:13.870,2523.0000,442562,44,0.0000,102.0000,73,29,多开,B,2523.0000,0.0000,0.0000,0.0000,0.0000,2524.0000,0.0000,0.0000,0.0000,0.0000,7,0,0,0,0,67,0,0,0,0
zc,WS301,2012-06-18 09:00:14.587,2523.0000,442584,22,0.0000,38.0000,30,8,多开,B,2523.0000,0.0000,0.0000,0.0000,0.0000,2524.0000,0.0000,0.0000,0.0000,0.0000,1,0,0,0,0,59,0,0,0,0
zc,WS301,2012-06-18 09:00:15.353,2524.0000,442604,20,0.0000,30.0000,25,5,多开,B,2523.0000,0.0000,0.0000,0.0000,0.0000,2524.0000,0.0000,0.0000,0.0000,0.0000,2,0,0,0,0,59,0,0,0,0
zc,WS301,2012-06-18 09:00:15.870,2523.0000,442608,4,0.0000,16.0000,10,6,空开,S,2522.0000,0.0000,0.0000,0.0000,0.0000,2524.0000,0.0000,0.0000,0.0000,0.0000,38,0,0,0,0,59,0,0,0,0
zc,WS301,2012-06-18 09:00:16.573,2522.0000,442608,0,0.0000,10.0000,5,5,空换,S,2522.0000,0.0000,0.0000,0.0000,0.0000,2523.0000,0.0000,0.0000,0.0000,0.0000,36,0,0,0,0,1,0,0,0,0
zc,WS301,2012-06-18 09:00:16.823,2524.0000,442716,108,0.0000,178.0000,143,35,多开,B,2524.0000,0.0000,0.0000,0.0000,0.0000,2525.0000,0.0000,0.0000,0.0000,0.0000,10,0,0,0,0,71,0,0,0,0
zc,WS301,2012-06-18 09:00:17.853,2523.0000,442742,26,0.0000,40.0000,33,7,空开,S,2523.0000,0.0000,0.0000,0.0000,0.0000,2525.0000,0.0000,0.0000,0.0000,0.0000,11,0,0,0,0,66,0,0,0,0
zc,WS301,2012-06-18 09:00:18.353,2523.0000,442752,10,0.0000,32.0000,21,11,空开,S,2523.0000,0.0000,0.0000,0.0000,0.0000,2525.0000,0.0000,0.0000,0.0000,0.0000,30,0,0,0,0,63,0,0,0,0
zc,WS301,2012-06-18 09:00:19.087,2523.0000,442754,2,0.0000,68.0000,35,33,空开,S,2522.0000,0.0000,0.0000,0.0000,0.0000,2523.0000,0.0000,0.0000,0.0000,0.0000,17,0,0,0,0,8,0,0,0,0
zc,WS301,2012-06-18 09:00:20.353,2523.0000,442748,-6,0.0000,42.0000,18,24,多平,S,2523.0000,0.0000,0.0000,0.0000,0.0000,2524.0000,0.0000,0.0000,0.0000,0.0000,85,0,0,0,0,25,0,0,0,0
zc,WS301,2012-06-18 09:00:21.323,2523.0000,442714,-34,0.0000,52.0000,9,43,多平,S,2523.0000,0.0000,0.0000,0.0000,0.0000,2524.0000,0.0000,0.0000,0.0000,0.0000,64,0,0,0,0,41,0,0,0,0
zc,WS301,2012-06-18 09:00:21.837,2524.0000,442738,24,0.0000,90.0000,57,33,多开,B,2524.0000,0.0000,0.0000,0.0000,0.0000,2525.0000,0.0000,0.0000,0.0000,0.0000,27,0,0,0,0,60,0,0,0,0
zc,WS301,2012-06-18 09:00:22.573,2523.0000,442786,48,0.0000,82.0000,65,17,空开,S,2523.0000,0.0000,0.0000,0.0000,0.0000,2524.0000,0.0000,0.0000,0.0000,0.0000,60,0,0,0,0,37,0,0,0,0
zc,WS301,2012-06-18 09:00:23.087,2523.0000,442782,-4,0.0000,4.0000,0,4,双平,S,2523.0000,0.0000,0.0000,0.0000,0.0000,2524.0000,0.0000,0.0000,0.0000,0.0000,62,0,0,0,0,48,0,0,0,0
zc,WS301,2012-06-18 09:00:23.807,2523.0000,442784,2,0.0000,12.0000,7,5,空开,S,2523.0000,0.0000,0.0000,0.0000,0.0000,2524.0000,0.0000,0.0000,0.0000,0.0000,64,0,0,0,0,61,0,0,0,0
zc,WS301,2012-06-18 09:00:24.290,2524.0000,442786,2,0.0000,2.0000,2,0,双开,B,2523.0000,0.0000,0.0000,0.0000,0.0000,2524.0000,0.0000,0.0000,0.0000,0.0000,64,0,0,0,0,159,0,0,0,0
zc,WS301,2012-06-18 09:00:25.087,2523.0000,442778,-8,0.0000,22.0000,7,15,多平,S,2523.0000,0.0000,0.0000,0.0000,0.0000,2524.0000,0.0000,0.0000,0.0000,0.0000,58,0,0,0,0,156,0,0,0,0
zc,WS301,2012-06-18 09:00:25.790,2524.0000,442732,-46,0.0000,90.0000,22,68,空平,B,2523.0000,0.0000,0.0000,0.0000,0.0000,2524.0000,0.0000,0.0000,0.0000,0.0000,34,0,0,0,0,140,0,0,0,0
zc,WS301,2012-06-18 09:00:26.337,2523.0000,442702,-30,0.0000,70.0000,20,50,多平,S,2523.0000,0.0000,0.0000,0.0000,0.0000,2524.0000,0.0000,0.0000,0.0000,0.0000,9,0,0,0,0,131,0,0,0,0
zc,WS301,2012-06-18 09:00:27.120,2523.0000,442716,14,0.0000,20.0000,17,3,空开,S,2522.0000,0.0000,0.0000,0.0000,0.0000,2523.0000,0.0000,0.0000,0.0000,0.0000,20,0,0,0,0,117,0,0,0,0
zc,WS301,2012-06-18 09:00:27.290,2523.0000,442716,0,0.0000,0.0000,0,0,空换,S,2522.0000,0.0000,0.0000,0.0000,0.0000,2523.0000,0.0000,0.0000,0.0000,0.0000,18,0,0,0,0,119,0,0,0,0
zc,WS301,2012-06-18 09:00:28.353,2522.0000,442720,4,0.0000,4.0000,4,0,双开,S,2522.0000,0.0000,0.0000,0.0000,0.0000,2523.0000,0.0000,0.0000,0.0000,0.0000,25,0,0,0,0,128,0,0,0,0
zc,WS301,2012-06-18 09:00:28.837,2522.0000,442726,6,0.0000,6.0000,6,0,双开,S,2522.0000,0.0000,0.0000,0.0000,0.0000,2523.0000,0.0000,0.0000,0.0000,0.0000,22,0,0,0,0,149,0,0,0,0
zc,WS301,2012-06-18 09:00:29.603,2522.0000,442778,52,0.0000,58.0000,55,3,空开,S,2522.0000,0.0000,0.0000,0.0000,0.0000,2523.0000,0.0000,0.0000,0.0000,0.0000,2,0,0,0,0,123,0,0,0,0
zc,WS301,2012-06-18 09:00:30.073,2522.0000,442786,8,0.0000,18.0000,13,5,空开,S,2521.0000,0.0000,0.0000,0.0000,0.0000,2522.0000,0.0000,0.0000,0.0000,0.0000,31,0,0,0,0,108,0,0,0,0
zc,WS301,2012-06-18 09:00:31.120,2522.0000,442788,2,0.0000,38.0000,20,18,空开,S,2521.0000,0.0000,0.0000,0.0000,0.0000,2522.0000,0.0000,0.0000,0.0000,0.0000,35,0,0,0,0,92,0,0,0,0
zc,WS301,2012-06-18 09:00:31.587,2521.0000,442788,0,0.0000,2.0000,1,1,空换,S,2521.0000,0.0000,0.0000,0.0000,0.0000,2522.0000,0.0000,0.0000,0.0000,0.0000,35,0,0,0,0,97,0,0,0,0
zc,WS301,2012-06-18 09:00:32.290,2521.0000,442786,-2,0.0000,18.0000,8,10,多平,S,2521.0000,0.0000,0.0000,0.0000,0.0000,2522.0000,0.0000,0.0000,0.0000,0.0000,32,0,0,0,0,95,0,0,0,0
zc,WS301,2012-06-18 09:00:32.807,2521.0000,442788,2,0.0000,4.0000,3,1,空开,S,2521.0000,0.0000,0.0000,0.0000,0.0000,2522.0000,0.0000,0.0000,0.0000,0.0000,31,0,0,0,0,95,0,0,0,0
zc,WS301,2012-06-18 09:00:33.277,2522.0000,442784,-4,0.0000,10.0000,3,7,空平,B,2521.0000,0.0000,0.0000,0.0000,0.0000,2522.0000,0.0000,0.0000,0.0000,0.0000,29,0,0,0,0,92,0,0,0,0
zc,WS301,2012-06-18 09:00:34.057,2522.0000,442784,0,0.0000,12.0000,6,6,多换,B,2521.0000,0.0000,0.0000,0.0000,0.0000,2522.0000,0.0000,0.0000,0.0000,0.0000,29,0,0,0,0,133,0,0,0,0
zc,WS301,2012-06-18 09:00:34.557,2522.0000,442784,0,0.0000,0.0000,0,0,多换,B,2521.0000,0.0000,0.0000,0.0000,0.0000,2522.0000,0.0000,0.0000,0.0000,0.0000,30,0,0,0,0,148,0,0,0,0
zc,WS301,2012-06-18 09:00:35.243,2521.0000,442786,2,0.0000,6.0000,4,2,空开,S,2521.0000,0.0000,0.0000,0.0000,0.0000,2522.0000,0.0000,0.0000,0.0000,0.0000,27,0,0,0,0,148,0,0,0,0
zc,WS301,2012-06-18 09:00:37.290,2521.0000,442774,-12,0.0000,24.0000,6,18,多平,S,2521.0000,0.0000,0.0000,0.0000,0.0000,2522.0000,0.0000,0.0000,0.0000,0.0000,25,0,0,0,0,142,0,0,0,0
zc,WS301,2012-06-18 09:00:37.777,2522.0000,442764,-10,0.0000,22.0000,6,16,空平,B,2521.0000,0.0000,0.0000,0.0000,0.0000,2522.0000,0.0000,0.0000,0.0000,0.0000,22,0,0,0,0,136,0,0,0,0
zc,WS301,2012-06-18 09:00:38.573,2521.0000,442766,2,0.0000,8.0000,5,3,空开,S,2521.0000,0.0000,0.0000,0.0000,0.0000,2522.0000,0.0000,0.0000,0.0000,0.0000,202,0,0,0,0,145,0,0,0,0
zc,WS301,2012-06-18 09:00:39.587,2522.0000,442816,50,0.0000,226.0000,138,88,多开,B,2521.0000,0.0000,0.0000,0.0000,0.0000,2522.0000,0.0000,0.0000,0.0000,0.0000,193,0,0,0,0,46,0,0,0,0
zc,WS301,2012-06-18 09:00:40.323,2521.0000,442798,-18,0.0000,80.0000,31,49,多平,S,2521.0000,0.0000,0.0000,0.0000,0.0000,2522.0000,0.0000,0.0000,0.0000,0.0000,158,0,0,0,0,50,0,0,0,0
zc,WS301,2012-06-18 09:00:41.073,2521.0000,442788,-10,0.0000,16.0000,3,13,多平,S,2521.0000,0.0000,0.0000,0.0000,0.0000,2522.0000,0.0000,0.0000,0.0000,0.0000,154,0,0,0,0,47,0,0,0,0
zc,WS301,2012-06-18 09:00:41.603,2522.0000,442724,-64,0.0000,114.0000,25,89,空平,B,2522.0000,0.0000,0.0000,0.0000,0.0000,2523.0000,0.0000,0.0000,0.0000,0.0000,455,0,0,0,0,154,0,0,0,0
zc,WS301,2012-06-18 09:00:42.323,2523.0000,442762,38,0.0000,292.0000,165,127,多开,B,2522.0000,0.0000,0.0000,0.0000,0.0000,2523.0000,0.0000,0.0000,0.0000,0.0000,464,0,0,0,0,10,0,0,0,0
zc,WS301,2012-06-18 09:00:42.790,2523.0000,442574,-188,0.0000,220.0000,16,204,空平,B,2523.0000,0.0000,0.0000,0.0000,0.0000,2524.0000,0.0000,0.0000,0.0000,0.0000,66,0,0,0,0,128,0,0,0,0
zc,WS301,2012-06-18 09:00:43.823,2523.0000,442584,10,0.0000,16.0000,13,3,多开,B,2523.0000,0.0000,0.0000,0.0000,0.0000,2524.0000,0.0000,0.0000,0.0000,0.0000,62,0,0,0,0,128,0,0,0,0
zc,WS301,2012-06-18 09:00:44.290,2523.0000,442584,0,0.0000,12.0000,6,6,多换,B,2523.0000,0.0000,0.0000,0.0000,0.0000,2524.0000,0.0000,0.0000,0.0000,0.0000,61,0,0,0,0,127,0,0,0,0
zc,WS301,2012-06-18 09:00:45.120,2523.0000,442588,4,0.0000,10.0000,7,3,多开,B,2523.0000,0.0000,0.0000,0.0000,0.0000,2524.0000,0.0000,0.0000,0.0000,0.0000,61,0,0,0,0,67,0,0,0,0
zc,WS301,2012-06-18 09:00:45.540,2524.0000,442606,18,0.0000,54.0000,36,18,多开,B,2523.0000,0.0000,0.0000,0.0000,0.0000,2524.0000,0.0000,0.0000,0.0000,0.0000,64,0,0,0,0,45,0,0,0,0
zc,WS301,2012-06-18 09:00:46.027,2523.0000,442594,-12,0.0000,132.0000,60,72,多平,S,2522.0000,0.0000,0.0000,0.0000,0.0000,2523.0000,0.0000,0.0000,0.0000,0.0000,265,0,0,0,0,134,0,0,0,0
zc,WS301,2012-06-18 09:00:46.777,2522.0000,442550,-44,0.0000,54.0000,5,49,多平,S,2522.0000,0.0000,0.0000,0.0000,0.0000,2523.0000,0.0000,0.0000,0.0000,0.0000,269,0,0,0,0,109,0,0,0,0
zc,WS301,2012-06-18 09:00:47.307,2523.0000,442546,-4,0.0000,72.0000,34,38,空平,B,2522.0000,0.0000,0.0000,0.0000,0.0000,2523.0000,0.0000,0.0000,0.0000,0.0000,278,0,0,0,0,73,0,0,0,0
zc,WS301,2012-06-18 09:00:48.057,2523.0000,442544,-2,0.0000,6.0000,2,4,空平,B,2522.0000,0.0000,0.0000,0.0000,0.0000,2523.0000,0.0000,0.0000,0.0000,0.0000,281,0,0,0,0,73,0,0,0,0
zc,WS301,2012-06-18 09:00:48.557,2523.0000,442544,0,0.0000,82.0000,41,41,多换,B,2522.0000,0.0000,0.0000,0.0000,0.0000,2523.0000,0.0000,0.0000,0.0000,0.0000,280,0,0,0,0,49,0,0,0,0
zc,WS301,2012-06-18 09:00:49.307,2523.0000,442420,-124,0.0000,424.0000,150,274,空平,B,2523.0000,0.0000,0.0000,0.0000,0.0000,2524.0000,0.0000,0.0000,0.0000,0.0000,3,0,0,0,0,44,0,0,0,0
zc,WS301,2012-06-18 09:00:49.837,2524.0000,442306,-114,0.0000,144.0000,15,129,空平,B,2524.0000,0.0000,0.0000,0.0000,0.0000,2525.0000,0.0000,0.0000,0.0000,0.0000,38,0,0,0,0,135,0,0,0,0
zc,WS301,2012-06-18 09:00:50.527,2524.0000,442292,-14,0.0000,22.0000,4,18,空平,B,2524.0000,0.0000,0.0000,0.0000,0.0000,2525.0000,0.0000,0.0000,0.0000,0.0000,27,0,0,0,0,136,0,0,0,0
zc,WS301,2012-06-18 09:00:51.120,2524.0000,442272,-20,0.0000,32.0000,6,26,空平,B,2524.0000,0.0000,0.0000,0.0000,0.0000,2525.0000,0.0000,0.0000,0.0000,0.0000,21,0,0,0,0,125,0,0,0,0
zc,WS301,2012-06-18 09:00:51.823,2524.0000,442240,-32,0.0000,34.0000,1,33,空平,B,2524.0000,0.0000,0.0000,0.0000,0.0000,2525.0000,0.0000,0.0000,0.0000,0.0000,4,0,0,0,0,124,0,0,0,0
zc,WS301,2012-06-18 09:00:52.057,2523.0000,442232,-8,0.0000,26.0000,9,17,多平,S,2522.0000,0.0000,0.0000,0.0000,0.0000,2523.0000,0.0000,0.0000,0.0000,0.0000,190,0,0,0,0,7,0,0,0,0
zc,WS301,2012-06-18 09:00:52.823,2523.0000,442228,-4,0.0000,18.0000,7,11,多平,S,2523.0000,0.0000,0.0000,0.0000,0.0000,2524.0000,0.0000,0.0000,0.0000,0.0000,11,0,0,0,0,2,0,0,0,0
zc,WS301,2012-06-18 09:00:53.573,2523.0000,442308,80,0.0000,136.0000,108,28,空开,S,2522.0000,0.0000,0.0000,0.0000,0.0000,2523.0000,0.0000,0.0000,0.0000,0.0000,177,0,0,0,0,18,0,0,0,0
zc,WS301,2012-06-18 09:00:54.337,2523.0000,442310,2,0.0000,2.0000,2,0,双开,S,2522.0000,0.0000,0.0000,0.0000,0.0000,2523.0000,0.0000,0.0000,0.0000,0.0000,187,0,0,0,0,17,0,0,0,0
zc,WS301,2012-06-18 09:00:54.807,2523.0000,442316,6,0.0000,6.0000,6,0,双开,S,2522.0000,0.0000,0.0000,0.0000,0.0000,2523.0000,0.0000,0.0000,0.0000,0.0000,192,0,0,0,0,10,0,0,0,0
zc,WS301,2012-06-18 09:00:55.557,2523.0000,442318,2,0.0000,2.0000,2,0,双开,S,2522.0000,0.0000,0.0000,0.0000,0.0000,2523.0000,0.0000,0.0000,0.0000,0.0000,182,0,0,0,0,7,0,0,0,0
zc,WS301,2012-06-18 09:00:56.087,2523.0000,442318,0,0.0000,4.0000,2,2,空换,S,2522.0000,0.0000,0.0000,0.0000,0.0000,2523.0000,0.0000,0.0000,0.0000,0.0000,194,0,0,0,0,5,0,0,0,0
zc,WS301,2012-06-18 09:00:56.807,2523.0000,442322,4,0.0000,22.0000,13,9,空开,S,2522.0000,0.0000,0.0000,0.0000,0.0000,2523.0000,0.0000,0.0000,0.0000,0.0000,194,0,0,0,0,99,0,0,0,0
zc,WS301,2012-06-18 09:00:57.307,2523.0000,442316,-6,0.0000,38.0000,16,22,多平,S,2522.0000,0.0000,0.0000,0.0000,0.0000,2523.0000,0.0000,0.0000,0.0000,0.0000,180,0,0,0,0,84,0,0,0,0
zc,WS301,2012-06-18 09:00:58.290,2523.0000,442296,-20,0.0000,46.0000,13,33,多平,S,2522.0000,0.0000,0.0000,0.0000,0.0000,2523.0000,0.0000,0.0000,0.0000,0.0000,187,0,0,0,0,66,0,0,0,0
zc,WS301,2012-06-18 09:00:59.087,2524.0000,442176,-120,0.0000,134.0000,7,127,空平,B,2523.0000,0.0000,0.0000,0.0000,0.0000,2524.0000,0.0000,0.0000,0.0000,0.0000,67,0,0,0,0,109,0,0,0,0
zc,WS301,2012-06-18 09:00:59.823,2523.0000,442166,-10,0.0000,10.0000,0,10,双平,S,2523.0000,0.0000,0.0000,0.0000,0.0000,2524.0000,0.0000,0.0000,0.0000,0.0000,65,0,0,0,0,108,0,0,0,0
zc,WS301,2012-06-18 09:01:00.337,2524.0000,442138,-28,0.0000,30.0000,1,29,空平,B,2523.0000,0.0000,0.0000,0.0000,0.0000,2524.0000,0.0000,0.0000,0.0000,0.0000,62,0,0,0,0,106,0,0,0,0
zc,WS301,2012-06-18 09:01:00.993,2523.0000,442138,0,0.0000,8.0000,4,4,空换,S,2523.0000,0.0000,0.0000,0.0000,0.0000,2524.0000,0.0000,0.0000,0.0000,0.0000,88,0,0,0,0,144,0,0,0,0
zc,WS301,2012-06-18 09:01:01.510,2523.0000,442138,0,0.0000,0.0000,0,0,空换,S,2523.0000,0.0000,0.0000,0.0000,0.0000,2524.0000,0.0000,0.0000,0.0000,0.0000,92,0,0,0,0,143,0,0,0,0
zc,WS301,2012-06-18 09:01:02.307,2523.0000,442160,22,0.0000,52.0000,37,15,空开,S,2523.0000,0.0000,0.0000,0.0000,0.0000,2524.0000,0.0000,0.0000,0.0000,0.0000,86,0,0,0,0,128,0,0,0,0
zc,WS301,2012-06-18 09:01:02.807,2523.0000,442158,-2,0.0000,6.0000,2,4,多平,S,2523.0000,0.0000,0.0000,0.0000,0.0000,2524.0000,0.0000,0.0000,0.0000,0.0000,84,0,0,0,0,108,0,0,0,0
zc,WS301,2012-06-18 09:01:03.510,2524.0000,442160,2,0.0000,4.0000,3,1,多开,B,2523.0000,0.0000,0.0000,0.0000,0.0000,2524.0000,0.0000,0.0000,0.0000,0.0000,87,0,0,0,0,108,0,0,0,0
zc,WS301,2012-06-18 09:01:03.777,2523.0000,442176,16,0.0000,80.0000,48,32,空开,S,2523.0000,0.0000,0.0000,0.0000,0.0000,2524.0000,0.0000,0.0000,0.0000,0.0000,47,0,0,0,0,118,0,0,0,0
zc,WS301,2012-06-18 09:01:04.527,2523.0000,442174,-2,0.0000,80.0000,39,41,多平,S,2523.0000,0.0000,0.0000,0.0000,0.0000,2524.0000,0.0000,0.0000,0.0000,0.0000,7,0,0,0,0,120,0,0,0,0
zc,WS301,2012-06-18 09:01:05.040,2523.0000,442174,0,0.0000,58.0000,29,29,空换,S,2522.0000,0.0000,0.0000,0.0000,0.0000,2523.0000,0.0000,0.0000,0.0000,0.0000,190,0,0,0,0,75,0,0,0,0
zc,WS301,2012-06-18 09:01:05.837,2522.0000,441884,-290,0.0000,424.0000,67,357,多平,S,2521.0000,0.0000,0.0000,0.0000,0.0000,2522.0000,0.0000,0.0000,0.0000,0.0000,190,0,0,0,0,28,0,0,0,0
zc,WS301,2012-06-18 09:01:06.353,2522.0000,441884,0,0.0000,14.0000,7,7,空换,S,2521.0000,0.0000,0.0000,0.0000,0.0000,2522.0000,0.0000,0.0000,0.0000,0.0000,190,0,0,0,0,21,0,0,0,0
zc,WS301,2012-06-18 09:01:07.087,2522.0000,441884,0,0.0000,6.0000,3,3,空换,S,2521.0000,0.0000,0.0000,0.0000,0.0000,2522.0000,0.0000,0.0000,0.0000,0.0000,200,0,0,0,0,18,0,0,0,0
zc,WS301,2012-06-18 09:01:07.807,2523.0000,441882,-2,0.0000,50.0000,24,26,空平,B,2521.0000,0.0000,0.0000,0.0000,0.0000,2523.0000,0.0000,0.0000,0.0000,0.0000,196,0,0,0,0,143,0,0,0,0
zc,WS301,2012-06-18 09:01:08.527,2523.0000,441882,0,0.0000,0.0000,0,0,多换,B,2521.0000,0.0000,0.0000,0.0000,0.0000,2522.0000,0.0000,0.0000,0.0000,0.0000,197,0,0,0,0,3,0,0,0,0
zc,WS301,2012-06-18 09:01:09.040,2522.0000,441914,32,0.0000,68.0000,50,18,空开,S,2521.0000,0.0000,0.0000,0.0000,0.0000,2523.0000,0.0000,0.0000,0.0000,0.0000,178,0,0,0,0,153,0,0,0,0
zc,WS301,2012-06-18 09:01:09.603,2523.0000,441914,0,0.0000,2.0000,1,1,多换,B,2522.0000,0.0000,0.0000,0.0000,0.0000,2523.0000,0.0000,0.0000,0.0000,0.0000,2,0,0,0,0,152,0,0,0,0
zc,WS301,2012-06-18 09:01:10.277,2522.0000,441912,-2,0.0000,4.0000,1,3,多平,S,2522.0000,0.0000,0.0000,0.0000,0.0000,2523.0000,0.0000,0.0000,0.0000,0.0000,2,0,0,0,0,152,0,0,0,0
zc,WS301,2012-06-18 09:01:11.073,2522.0000,441912,0,0.0000,6.0000,3,3,空换,S,2522.0000,0.0000,0.0000,0.0000,0.0000,2523.0000,0.0000,0.0000,0.0000,0.0000,1,0,0,0,0,151,0,0,0,0
zc,WS301,2012-06-18 09:01:11.527,2523.0000,441910,-2,0.0000,6.0000,2,4,空平,B,2521.0000,0.0000,0.0000,0.0000,0.0000,2523.0000,0.0000,0.0000,0.0000,0.0000,171,0,0,0,0,158,0,0,0,0
zc,WS301,2012-06-18 09:01:12.307,2523.0000,441900,-10,0.0000,10.0000,0,10,双平,B,2522.0000,0.0000,0.0000,0.0000,0.0000,2523.0000,0.0000,0.0000,0.0000,0.0000,2,0,0,0,0,158,0,0,0,0
zc,WS301,2012-06-18 09:01:12.760,2523.0000,441900,0,0.0000,40.0000,20,20,多换,B,2521.0000,0.0000,0.0000,0.0000,0.0000,2522.0000,0.0000,0.0000,0.0000,0.0000,173,0,0,0,0,19,0,0,0,0
zc,WS301,2012-06-18 09:01:13.243,2523.0000,441900,0,0.0000,4.0000,2,2,多换,B,2521.0000,0.0000,0.0000,0.0000,0.0000,2522.0000,0.0000,0.0000,0.0000,0.0000,180,0,0,0,0,18,0,0,0,0
zc,WS301,2012-06-18 09:01:14.307,2522.0000,441900,0,0.0000,4.0000,2,2,空换,S,2521.0000,0.0000,0.0000,0.0000,0.0000,2522.0000,0.0000,0.0000,0.0000,0.0000,180,0,0,0,0,22,0,0,0,0
zc,WS301,2012-06-18 09:01:14.790,2522.0000,441898,-2,0.0000,18.0000,8,10,多平,S,2521.0000,0.0000,0.0000,0.0000,0.0000,2522.0000,0.0000,0.0000,0.0000,0.0000,182,0,0,0,0,16,0,0,0,0
zc,WS301,2012-06-18 09:01:15.573,2522.0000,441894,-4,0.0000,12.0000,4,8,多平,S,2521.0000,0.0000,0.0000,0.0000,0.0000,2522.0000,0.0000,0.0000,0.0000,0.0000,180,0,0,0,0,12,0,0,0,0
zc,WS301,2012-06-18 09:01:16.103,2522.0000,441890,-4,0.0000,14.0000,5,9,多平,S,2521.0000,0.0000,0.0000,0.0000,0.0000,2522.0000,0.0000,0.0000,0.0000,0.0000,181,0,0,0,0,13,0,0,0,0
zc,WS301,2012-06-18 09:01:17.573,2522.0000,441890,0,0.0000,0.0000,0,0,空换,S,2521.0000,0.0000,0.0000,0.0000,0.0000,2522.0000,0.0000,0.0000,0.0000,0.0000,179,0,0,0,0,13,0,0,0,0
zc,WS301,2012-06-18 09:01:18.087,2522.0000,441886,-4,0.0000,10.0000,3,7,多平,S,2521.0000,0.0000,0.0000,0.0000,0.0000,2522.0000,0.0000,0.0000,0.0000,0.0000,178,0,0,0,0,85,0,0,0,0
zc,WS301,2012-06-18 09:01:18.510,2522.0000,441884,-2,0.0000,14.0000,6,8,多平,S,2521.0000,0.0000,0.0000,0.0000,0.0000,2522.0000,0.0000,0.0000,0.0000,0.0000,178,0,0,0,0,83,0,0,0,0
zc,WS301,2012-06-18 09:01:19.260,2521.0000,441884,0,0.0000,36.0000,18,18,空换,S,2521.0000,0.0000,0.0000,0.0000,0.0000,2522.0000,0.0000,0.0000,0.0000,0.0000,160,0,0,0,0,107,0,0,0,0
zc,WS301,2012-06-18 09:01:20.057,2521.0000,441626,-258,0.0000,286.0000,14,272,多平,S,2521.0000,0.0000,0.0000,0.0000,0.0000,2522.0000,0.0000,0.0000,0.0000,0.0000,17,0,0,0,0,107,0,0,0,0
zc,WS301,2012-06-18 09:01:20.837,2521.0000,441658,32,0.0000,34.0000,33,1,空开,S,2520.0000,0.0000,0.0000,0.0000,0.0000,2521.0000,0.0000,0.0000,0.0000,0.0000,84,0,0,0,0,138,0,0,0,0
zc,WS301,2012-06-18 09:01:21.227,2521.0000,441658,0,0.0000,0.0000,0,0,空换,S,2520.0000,0.0000,0.0000,0.0000,0.0000,2521.0000,0.0000,0.0000,0.0000,0.0000,90,0,0,0,0,142,0,0,0,0
zc,WS301,2012-06-18 09:01:22.040,2521.0000,441670,12,0.0000,16.0000,14,2,空开,S,2520.0000,0.0000,0.0000,0.0000,0.0000,2521.0000,0.0000,0.0000,0.0000,0.0000,93,0,0,0,0,135,0,0,0,0
zc,WS301,2012-06-18 09:01:22.540,2520.0000,441562,-108,0.0000,156.0000,24,132,多平,S,2520.0000,0.0000,0.0000,0.0000,0.0000,2521.0000,0.0000,0.0000,0.0000,0.0000,58,0,0,0,0,135,0,0,0,0
zc,WS301,2012-06-18 09:01:23.260,2520.0000,441562,0,0.0000,18.0000,9,9,空换,S,2520.0000,0.0000,0.0000,0.0000,0.0000,2521.0000,0.0000,0.0000,0.0000,0.0000,49,0,0,0,0,143,0,0,0,0
zc,WS301,2012-06-18 09:01:23.790,2520.0000,441562,0,0.0000,6.0000,3,3,空换,S,2520.0000,0.0000,0.0000,0.0000,0.0000,2521.0000,0.0000,0.0000,0.0000,0.0000,47,0,0,0,0,142,0,0,0,0
zc,WS301,2012-06-18 09:01:24.540,2520.0000,441562,0,0.0000,4.0000,2,2,空换,S,2520.0000,0.0000,0.0000,0.0000,0.0000,2521.0000,0.0000,0.0000,0.0000,0.0000,45,0,0,0,0,139,0,0,0,0
zc,WS301,2012-06-18 09:01:25.243,2520.0000,441562,0,0.0000,4.0000,2,2,空换,S,2520.0000,0.0000,0.0000,0.0000,0.0000,2521.0000,0.0000,0.0000,0.0000,0.0000,38,0,0,0,0,139,0,0,0,0
zc,WS301,2012-06-18 09:01:26.040,2521.0000,441568,6,0.0000,6.0000,6,0,双开,B,2520.0000,0.0000,0.0000,0.0000,0.0000,2521.0000,0.0000,0.0000,0.0000,0.0000,30,0,0,0,0,138,0,0,0,0
zc,WS301,2012-06-18 09:01:26.557,2520.0000,441590,22,0.0000,26.0000,24,2,空开,S,2520.0000,0.0000,0.0000,0.0000,0.0000,2521.0000,0.0000,0.0000,0.0000,0.0000,17,0,0,0,0,190,0,0,0,0
zc,WS301,2012-06-18 09:01:26.977,2520.0000,441592,2,0.0000,10.0000,6,4,空开,S,2520.0000,0.0000,0.0000,0.0000,0.0000,2521.0000,0.0000,0.0000,0.0000,0.0000,13,0,0,0,0,202,0,0,0,0
zc,WS301,2012-06-18 09:01:27.510,2520.0000,441592,0,0.0000,36.0000,18,18,空换,S,2520.0000,0.0000,0.0000,0.0000,0.0000,2521.0000,0.0000,0.0000,0.0000,0.0000,45,0,0,0,0,202,0,0,0,0
zc,WS301,2012-06-18 09:01:28.540,2521.0000,441602,10,0.0000,12.0000,11,1,多开,B,2520.0000,0.0000,0.0000,0.0000,0.0000,2521.0000,0.0000,0.0000,0.0000,0.0000,42,0,0,0,0,201,0,0,0,0
zc,WS301,2012-06-18 09:01:29.057,2520.0000,441614,12,0.0000,56.0000,34,22,空开,S,2520.0000,0.0000,0.0000,0.0000,0.0000,2521.0000,0.0000,0.0000,0.0000,0.0000,15,0,0,0,0,233,0,0,0,0
zc,WS301,2012-06-18 09:01:29.790,2520.0000,441610,-4,0.0000,30.0000,13,17,多平,S,2519.0000,0.0000,0.0000,0.0000,0.0000,2520.0000,0.0000,0.0000,0.0000,0.0000,44,0,0,0,0,15,0,0,0,0
zc,WS301,2012-06-18 09:01:30.243,2520.0000,441610,0,0.0000,0.0000,0,0,空换,S,2519.0000,0.0000,0.0000,0.0000,0.0000,2520.0000,0.0000,0.0000,0.0000,0.0000,44,0,0,0,0,41,0,0,0,0
zc,WS301,2012-06-18 09:01:31.040,2520.0000,441606,-4,0.0000,16.0000,6,10,多平,S,2519.0000,0.0000,0.0000,0.0000,0.0000,2520.0000,0.0000,0.0000,0.0000,0.0000,43,0,0,0,0,38,0,0,0,0
zc,WS301,2012-06-18 09:01:31.573,2521.0000,441632,26,0.0000,108.0000,67,41,多开,B,2519.0000,0.0000,0.0000,0.0000,0.0000,2520.0000,0.0000,0.0000,0.0000,0.0000,40,0,0,0,0,4,0,0,0,0
zc,WS301,2012-06-18 09:01:32.260,2519.0000,441632,0,0.0000,8.0000,4,4,空换,S,2519.0000,0.0000,0.0000,0.0000,0.0000,2520.0000,0.0000,0.0000,0.0000,0.0000,37,0,0,0,0,4,0,0,0,0
zc,WS301,2012-06-18 09:01:32.790,2519.0000,441634,2,0.0000,2.0000,2,0,双开,S,2519.0000,0.0000,0.0000,0.0000,0.0000,2520.0000,0.0000,0.0000,0.0000,0.0000,36,0,0,0,0,20,0,0,0,0
zc,WS301,2012-06-18 09:01:33.307,2520.0000,441632,-2,0.0000,2.0000,0,2,双平,B,2519.0000,0.0000,0.0000,0.0000,0.0000,2520.0000,0.0000,0.0000,0.0000,0.0000,36,0,0,0,0,19,0,0,0,0
zc,WS301,2012-06-18 09:01:34.040,2520.0000,441634,2,0.0000,14.0000,8,6,多开,B,2519.0000,0.0000,0.0000,0.0000,0.0000,2520.0000,0.0000,0.0000,0.0000,0.0000,32,0,0,0,0,26,0,0,0,0
zc,WS301,2012-06-18 09:01:34.587,2520.0000,441634,0,0.0000,4.0000,2,2,多换,B,2519.0000,0.0000,0.0000,0.0000,0.0000,2520.0000,0.0000,0.0000,0.0000,0.0000,32,0,0,0,0,25,0,0,0,0
zc,WS301,2012-06-18 09:01:35.323,2519.0000,441634,0,0.0000,60.0000,30,30,空换,S,2519.0000,0.0000,0.0000,0.0000,0.0000,2520.0000,0.0000,0.0000,0.0000,0.0000,13,0,0,0,0,26,0,0,0,0
zc,WS301,2012-06-18 09:01:35.777,2520.0000,441634,0,0.0000,4.0000,2,2,多换,B,2519.0000,0.0000,0.0000,0.0000,0.0000,2520.0000,0.0000,0.0000,0.0000,0.0000,16,0,0,0,0,27,0,0,0,0
zc,WS301,2012-06-18 09:01:36.540,2519.0000,441644,10,0.0000,38.0000,24,14,空开,S,2519.0000,0.0000,0.0000,0.0000,0.0000,2520.0000,0.0000,0.0000,0.0000,0.0000,15,0,0,0,0,16,0,0,0,0
zc,WS301,2012-06-18 09:01:36.837,2519.0000,441642,-2,0.0000,60.0000,29,31,多平,S,2519.0000,0.0000,0.0000,0.0000,0.0000,2520.0000,0.0000,0.0000,0.0000,0.0000,13,0,0,0,0,42,0,0,0,0
zc,WS301,2012-06-18 09:01:37.587,2519.0000,441644,2,0.0000,32.0000,17,15,空开,S,2518.0000,0.0000,0.0000,0.0000,0.0000,2519.0000,0.0000,0.0000,0.0000,0.0000,70,0,0,0,0,11,0,0,0,0
zc,WS301,2012-06-18 09:01:37.993,2519.0000,441634,-10,0.0000,12.0000,1,11,多平,S,2518.0000,0.0000,0.0000,0.0000,0.0000,2519.0000,0.0000,0.0000,0.0000,0.0000,64,0,0,0,0,6,0,0,0,0
zc,WS301,2012-06-18 09:01:39.010,2519.0000,441630,-4,0.0000,4.0000,0,4,双平,S,2518.0000,0.0000,0.0000,0.0000,0.0000,2519.0000,0.0000,0.0000,0.0000,0.0000,63,0,0,0,0,4,0,0,0,0
zc,WS301,2012-06-18 09:01:39.527,2518.0000,441630,0,0.0000,8.0000,4,4,空换,S,2518.0000,0.0000,0.0000,0.0000,0.0000,2519.0000,0.0000,0.0000,0.0000,0.0000,110,0,0,0,0,4,0,0,0,0
zc,WS301,2012-06-18 09:01:40.307,2519.0000,441630,0,0.0000,4.0000,2,2,多换,B,2518.0000,0.0000,0.0000,0.0000,0.0000,2519.0000,0.0000,0.0000,0.0000,0.0000,111,0,0,0,0,2,0,0,0,0
zc,WS301,2012-06-18 09:01:40.807,2519.0000,441630,0,0.0000,18.0000,9,9,多换,B,2519.0000,0.0000,0.0000,0.0000,0.0000,2520.0000,0.0000,0.0000,0.0000,0.0000,7,0,0,0,0,69,0,0,0,0
zc,WS301,2012-06-18 09:01:41.510,2519.0000,441630,0,0.0000,0.0000,0,0,多换,B,2519.0000,0.0000,0.0000,0.0000,0.0000,2520.0000,0.0000,0.0000,0.0000,0.0000,8,0,0,0,0,70,0,0,0,0
zc,WS301,2012-06-18 09:01:41.777,2519.0000,441642,12,0.0000,12.0000,12,0,双开,B,2519.0000,0.0000,0.0000,0.0000,0.0000,2520.0000,0.0000,0.0000,0.0000,0.0000,28,0,0,0,0,73,0,0,0,0
zc,WS301,2012-06-18 09:01:42.527,2519.0000,441642,0,0.0000,4.0000,2,2,多换,B,2519.0000,0.0000,0.0000,0.0000,0.0000,2520.0000,0.0000,0.0000,0.0000,0.0000,28,0,0,0,0,84,0,0,0,0
zc,WS301,2012-06-18 09:01:43.307,2519.0000,441598,-44,0.0000,62.0000,9,53,空平,B,2518.0000,0.0000,0.0000,0.0000,0.0000,2519.0000,0.0000,0.0000,0.0000,0.0000,106,0,0,0,0,72,0,0,0,0
zc,WS301,2012-06-18 09:01:43.807,2519.0000,441598,0,0.0000,2.0000,1,1,多换,B,2518.0000,0.0000,0.0000,0.0000,0.0000,2519.0000,0.0000,0.0000,0.0000,0.0000,106,0,0,0,0,71,0,0,0,0
zc,WS301,2012-06-18 09:01:44.510,2519.0000,441592,-6,0.0000,36.0000,15,21,空平,B,2518.0000,0.0000,0.0000,0.0000,0.0000,2519.0000,0.0000,0.0000,0.0000,0.0000,106,0,0,0,0,53,0,0,0,0
zc,WS301,2012-06-18 09:01:44.743,2519.0000,441592,0,0.0000,4.0000,2,2,多换,B,2518.0000,0.0000,0.0000,0.0000,0.0000,2519.0000,0.0000,0.0000,0.0000,0.0000,109,0,0,0,0,51,0,0,0,0
zc,WS301,2012-06-18 09:01:45.743,2519.0000,441592,0,0.0000,2.0000,1,1,多换,B,2518.0000,0.0000,0.0000,0.0000,0.0000,2519.0000,0.0000,0.0000,0.0000,0.0000,109,0,0,0,0,68,0,0,0,0
zc,WS301,2012-06-18 09:01:45.977,2519.0000,441588,-4,0.0000,8.0000,2,6,空平,B,2518.0000,0.0000,0.0000,0.0000,0.0000,2519.0000,0.0000,0.0000,0.0000,0.0000,109,0,0,0,0,65,0,0,0,0
zc,WS301,2012-06-18 09:01:46.743,2519.0000,441588,0,0.0000,12.0000,6,6,多换,B,2518.0000,0.0000,0.0000,0.0000,0.0000,2519.0000,0.0000,0.0000,0.0000,0.0000,110,0,0,0,0,59,0,0,0,0
zc,WS301,2012-06-18 09:01:47.260,2519.0000,441588,0,0.0000,20.0000,10,10,多换,B,2518.0000,0.0000,0.0000,0.0000,0.0000,2519.0000,0.0000,0.0000,0.0000,0.0000,111,0,0,0,0,51,0,0,0,0
zc,WS301,2012-06-18 09:01:47.963,2518.0000,441692,104,0.0000,250.0000,177,73,空开,S,2517.0000,0.0000,0.0000,0.0000,0.0000,2518.0000,0.0000,0.0000,0.0000,0.0000,41,0,0,0,0,120,0,0,0,0
zc,WS301,2012-06-18 09:01:48.527,2518.0000,441692,0,0.0000,0.0000,0,0,空换,S,2517.0000,0.0000,0.0000,0.0000,0.0000,2518.0000,0.0000,0.0000,0.0000,0.0000,41,0,0,0,0,230,0,0,0,0
zc,WS301,2012-06-18 09:01:49.727,2518.0000,441692,0,0.0000,42.0000,21,21,空换,S,2517.0000,0.0000,0.0000,0.0000,0.0000,2518.0000,0.0000,0.0000,0.0000,0.0000,41,0,0,0,0,211,0,0,0,0
zc,WS301,2012-06-18 09:01:50.527,2518.0000,441672,-20,0.0000,22.0000,1,21,多平,S,2517.0000,0.0000,0.0000,0.0000,0.0000,2518.0000,0.0000,0.0000,0.0000,0.0000,41,0,0,0,0,200,0,0,0,0
zc,WS301,2012-06-18 09:01:50.977,2518.0000,441670,-2,0.0000,20.0000,9,11,多平,S,2517.0000,0.0000,0.0000,0.0000,0.0000,2518.0000,0.0000,0.0000,0.0000,0.0000,32,0,0,0,0,199,0,0,0,0
zc,WS301,2012-06-18 09:01:51.727,2518.0000,441670,0,0.0000,0.0000,0,0,空换,S,2517.0000,0.0000,0.0000,0.0000,0.0000,2518.0000,0.0000,0.0000,0.0000,0.0000,35,0,0,0,0,199,0,0,0,0
zc,WS301,2012-06-18 09:01:52.243,2517.0000,441690,20,0.0000,28.0000,24,4,空开,S,2517.0000,0.0000,0.0000,0.0000,0.0000,2518.0000,0.0000,0.0000,0.0000,0.0000,22,0,0,0,0,198,0,0,0,0
zc,WS301,2012-06-18 09:01:53.027,2517.0000,441672,-18,0.0000,40.0000,11,29,多平,S,2517.0000,0.0000,0.0000,0.0000,0.0000,2518.0000,0.0000,0.0000,0.0000,0.0000,7,0,0,0,0,195,0,0,0,0
zc,WS301,2012-06-18 09:01:53.790,2518.0000,441670,-2,0.0000,118.0000,58,60,空平,B,2517.0000,0.0000,0.0000,0.0000,0.0000,2518.0000,0.0000,0.0000,0.0000,0.0000,7,0,0,0,0,144,0,0,0,0
zc,WS301,2012-06-18 09:01:54.493,2517.0000,441656,-14,0.0000,14.0000,0,14,双平,S,2516.0000,0.0000,0.0000,0.0000,0.0000,2517.0000,0.0000,0.0000,0.0000,0.0000,21,0,0,0,0,241,0,0,0,0
zc,WS301,2012-06-18 09:01:55.040,2516.0000,441692,36,0.0000,62.0000,49,13,空开,S,2515.0000,0.0000,0.0000,0.0000,0.0000,2516.0000,0.0000,0.0000,0.0000,0.0000,219,0,0,0,0,128,0,0,0,0
zc,WS301,2012-06-18 09:01:55.823,2516.0000,441694,2,0.0000,4.0000,3,1,空开,S,2515.0000,0.0000,0.0000,0.0000,0.0000,2516.0000,0.0000,0.0000,0.0000,0.0000,220,0,0,0,0,201,0,0,0,0
zc,WS301,2012-06-18 09:01:56.227,2516.0000,441698,4,0.0000,6.0000,5,1,空开,S,2515.0000,0.0000,0.0000,0.0000,0.0000,2516.0000,0.0000,0.0000,0.0000,0.0000,227,0,0,0,0,198,0,0,0,0
zc,WS301,2012-06-18 09:01:56.993,2515.0000,441698,0,0.0000,14.0000,7,7,空换,S,2515.0000,0.0000,0.0000,0.0000,0.0000,2516.0000,0.0000,0.0000,0.0000,0.0000,229,0,0,0,0,93,0,0,0,0
zc,WS301,2012-06-18 09:01:57.510,2515.0000,441678,-20,0.0000,60.0000,20,40,多平,S,2515.0000,0.0000,0.0000,0.0000,0.0000,2516.0000,0.0000,0.0000,0.0000,0.0000,202,0,0,0,0,75,0,0,0,0
zc,WS301,2012-06-18 09:01:58.040,2515.0000,441626,-52,0.0000,58.0000,3,55,多平,S,2515.0000,0.0000,0.0000,0.0000,0.0000,2516.0000,0.0000,0.0000,0.0000,0.0000,173,0,0,0,0,79,0,0,0,0
zc,WS301,2012-06-18 09:01:58.713,2515.0000,441558,-68,0.0000,70.0000,1,69,多平,S,2515.0000,0.0000,0.0000,0.0000,0.0000,2516.0000,0.0000,0.0000,0.0000,0.0000,138,0,0,0,0,79,0,0,0,0
zc,WS301,2012-06-18 09:01:59.260,2516.0000,441534,-24,0.0000,42.0000,9,33,空平,B,2515.0000,0.0000,0.0000,0.0000,0.0000,2516.0000,0.0000,0.0000,0.0000,0.0000,133,0,0,0,0,102,0,0,0,0
zc,WS301,2012-06-18 09:02:00.040,2515.0000,441508,-26,0.0000,52.0000,13,39,多平,S,2515.0000,0.0000,0.0000,0.0000,0.0000,2516.0000,0.0000,0.0000,0.0000,0.0000,108,0,0,0,0,102,0,0,0,0
zc,WS301,2012-06-18 09:02:00.540,2516.0000,441510,2,0.0000,6.0000,4,2,多开,B,2515.0000,0.0000,0.0000,0.0000,0.0000,2516.0000,0.0000,0.0000,0.0000,0.0000,106,0,0,0,0,123,0,0,0,0
zc,WS301,2012-06-18 09:02:01.243,2516.0000,441510,0,0.0000,0.0000,0,0,多换,B,2515.0000,0.0000,0.0000,0.0000,0.0000,2516.0000,0.0000,0.0000,0.0000,0.0000,97,0,0,0,0,123,0,0,0,0
zc,WS301,2012-06-18 09:02:01.743,2515.0000,441512,2,0.0000,2.0000,2,0,双开,S,2515.0000,0.0000,0.0000,0.0000,0.0000,2516.0000,0.0000,0.0000,0.0000,0.0000,96,0,0,0,0,134,0,0,0,0
zc,WS301,2012-06-18 09:02:02.227,2516.0000,441512,0,0.0000,2.0000,1,1,多换,B,2515.0000,0.0000,0.0000,0.0000,0.0000,2516.0000,0.0000,0.0000,0.0000,0.0000,92,0,0,0,0,133,0,0,0,0
zc,WS301,2012-06-18 09:02:02.743,2515.0000,441622,110,0.0000,198.0000,154,44,空开,S,2514.0000,0.0000,0.0000,0.0000,0.0000,2515.0000,0.0000,0.0000,0.0000,0.0000,37,0,0,0,0,153,0,0,0,0
zc,WS301,2012-06-18 09:02:04.073,2515.0000,441632,10,0.0000,14.0000,12,2,空开,S,2514.0000,0.0000,0.0000,0.0000,0.0000,2515.0000,0.0000,0.0000,0.0000,0.0000,45,0,0,0,0,148,0,0,0,0
zc,WS301,2012-06-18 09:02:04.243,2515.0000,441656,24,0.0000,24.0000,24,0,双开,S,2514.0000,0.0000,0.0000,0.0000,0.0000,2515.0000,0.0000,0.0000,0.0000,0.0000,44,0,0,0,0,207,0,0,0,0
zc,WS301,2012-06-18 09:02:04.993,2514.0000,441664,8,0.0000,18.0000,13,5,空开,S,2514.0000,0.0000,0.0000,0.0000,0.0000,2515.0000,0.0000,0.0000,0.0000,0.0000,41,0,0,0,0,206,0,0,0,0
zc,WS301,2012-06-18 09:02:05.573,2514.0000,441680,16,0.0000,18.0000,17,1,空开,S,2514.0000,0.0000,0.0000,0.0000,0.0000,2515.0000,0.0000,0.0000,0.0000,0.0000,32,0,0,0,0,198,0,0,0,0
zc,WS301,2012-06-18 09:02:06.227,2515.0000,441700,20,0.0000,20.0000,20,0,双开,B,2514.0000,0.0000,0.0000,0.0000,0.0000,2515.0000,0.0000,0.0000,0.0000,0.0000,54,0,0,0,0,188,0,0,0,0
zc,WS301,2012-06-18 09:02:06.713,2515.0000,441706,6,0.0000,6.0000,6,0,双开,B,2514.0000,0.0000,0.0000,0.0000,0.0000,2515.0000,0.0000,0.0000,0.0000,0.0000,53,0,0,0,0,185,0,0,0,0
zc,WS301,2012-06-18 09:02:07.213,2515.0000,441872,166,0.0000,238.0000,202,36,多开,B,2514.0000,0.0000,0.0000,0.0000,0.0000,2515.0000,0.0000,0.0000,0.0000,0.0000,35,0,0,0,0,59,0,0,0,0
zc,WS301,2012-06-18 09:02:08.027,2515.0000,441880,8,0.0000,18.0000,13,5,多开,B,2514.0000,0.0000,0.0000,0.0000,0.0000,2515.0000,0.0000,0.0000,0.0000,0.0000,153,0,0,0,0,53,0,0,0,0
zc,WS301,2012-06-18 09:02:08.477,2515.0000,441908,28,0.0000,122.0000,75,47,多开,B,2514.0000,0.0000,0.0000,0.0000,0.0000,2515.0000,0.0000,0.0000,0.0000,0.0000,147,0,0,0,0,11,0,0,0,0
zc,WS301,2012-06-18 09:02:08.993,2515.0000,441906,-2,0.0000,24.0000,11,13,空平,B,2514.0000,0.0000,0.0000,0.0000,0.0000,2516.0000,0.0000,0.0000,0.0000,0.0000,148,0,0,0,0,80,0,0,0,0
zc,WS301,2012-06-18 09:02:09.417,2514.0000,441906,0,0.0000,2.0000,1,1,空换,S,2514.0000,0.0000,0.0000,0.0000,0.0000,2515.0000,0.0000,0.0000,0.0000,0.0000,143,0,0,0,0,1,0,0,0,0
zc,WS301,2012-06-18 09:02:09.527,2515.0000,441952,46,0.0000,142.0000,94,48,多开,B,2515.0000,0.0000,0.0000,0.0000,0.0000,2516.0000,0.0000,0.0000,0.0000,0.0000,2,0,0,0,0,78,0,0,0,0
zc,WS301,2012-06-18 09:02:10.243,2516.0000,441962,10,0.0000,24.0000,17,7,多开,B,2515.0000,0.0000,0.0000,0.0000,0.0000,2516.0000,0.0000,0.0000,0.0000,0.0000,1,0,0,0,0,68,0,0,0,0
zc,WS301,2012-06-18 09:02:10.697,2515.0000,441968,6,0.0000,8.0000,7,1,空开,S,2514.0000,0.0000,0.0000,0.0000,0.0000,2515.0000,0.0000,0.0000,0.0000,0.0000,126,0,0,0,0,7,0,0,0,0
zc,WS301,2012-06-18 09:02:11.290,2514.0000,441970,2,0.0000,8.0000,5,3,空开,S,2514.0000,0.0000,0.0000,0.0000,0.0000,2515.0000,0.0000,0.0000,0.0000,0.0000,125,0,0,0,0,7,0,0,0,0
zc,WS301,2012-06-18 09:02:12.027,2515.0000,441972,2,0.0000,2.0000,2,0,双开,B,2514.0000,0.0000,0.0000,0.0000,0.0000,2515.0000,0.0000,0.0000,0.0000,0.0000,129,0,0,0,0,6,0,0,0,0
zc,WS301,2012-06-18 09:02:12.493,2515.0000,442024,52,0.0000,62.0000,57,5,多开,B,2514.0000,0.0000,0.0000,0.0000,0.0000,2515.0000,0.0000,0.0000,0.0000,0.0000,114,0,0,0,0,1,0,0,0,0
zc,WS301,2012-06-18 09:02:13.243,2515.0000,442044,20,0.0000,40.0000,30,10,多开,B,2515.0000,0.0000,0.0000,0.0000,0.0000,2516.0000,0.0000,0.0000,0.0000,0.0000,12,0,0,0,0,68,0,0,0,0
zc,WS301,2012-06-18 09:02:14.010,2515.0000,442046,2,0.0000,22.0000,12,10,多开,B,2515.0000,0.0000,0.0000,0.0000,0.0000,2516.0000,0.0000,0.0000,0.0000,0.0000,11,0,0,0,0,69,0,0,0,0
zc,WS301,2012-06-18 09:02:14.777,2515.0000,442050,4,0.0000,32.0000,18,14,多开,B,2515.0000,0.0000,0.0000,0.0000,0.0000,2516.0000,0.0000,0.0000,0.0000,0.0000,50,0,0,0,0,55,0,0,0,0
zc,WS301,2012-06-18 09:02:15.260,2515.0000,442052,2,0.0000,30.0000,16,14,多开,B,2515.0000,0.0000,0.0000,0.0000,0.0000,2516.0000,0.0000,0.0000,0.0000,0.0000,42,0,0,0,0,63,0,0,0,0
zc,WS301,2012-06-18 09:02:15.790,2516.0000,442046,-6,0.0000,14.0000,4,10,空平,B,2515.0000,0.0000,0.0000,0.0000,0.0000,2516.0000,0.0000,0.0000,0.0000,0.0000,76,0,0,0,0,61,0,0,0,0
zc,WS301,2012-06-18 09:02:16.227,2515.0000,442054,8,0.0000,48.0000,28,20,空开,S,2515.0000,0.0000,0.0000,0.0000,0.0000,2516.0000,0.0000,0.0000,0.0000,0.0000,59,0,0,0,0,57,0,0,0,0
zc,WS301,2012-06-18 09:02:16.993,2516.0000,442054,0,0.0000,8.0000,4,4,多换,B,2515.0000,0.0000,0.0000,0.0000,0.0000,2516.0000,0.0000,0.0000,0.0000,0.0000,60,0,0,0,0,53,0,0,0,0
zc,WS301,2012-06-18 09:02:17.477,2516.0000,442040,-14,0.0000,16.0000,1,15,空平,B,2515.0000,0.0000,0.0000,0.0000,0.0000,2516.0000,0.0000,0.0000,0.0000,0.0000,61,0,0,0,0,56,0,0,0,0
zc,WS301,2012-06-18 09:02:18.213,2516.0000,442040,0,0.0000,0.0000,0,0,多换,B,2515.0000,0.0000,0.0000,0.0000,0.0000,2516.0000,0.0000,0.0000,0.0000,0.0000,63,0,0,0,0,56,0,0,0,0
zc,WS301,2012-06-18 09:02:18.807,2515.0000,442154,114,0.0000,156.0000,135,21,空开,S,2514.0000,0.0000,0.0000,0.0000,0.0000,2515.0000,0.0000,0.0000,0.0000,0.0000,145,0,0,0,0,227,0,0,0,0
zc,WS301,2012-06-18 09:02:19.493,2515.0000,442160,6,0.0000,6.0000,6,0,双开,S,2514.0000,0.0000,0.0000,0.0000,0.0000,2515.0000,0.0000,0.0000,0.0000,0.0000,146,0,0,0,0,224,0,0,0,0
zc,WS301,2012-06-18 09:02:19.947,2514.0000,442170,10,0.0000,12.0000,11,1,空开,S,2514.0000,0.0000,0.0000,0.0000,0.0000,2515.0000,0.0000,0.0000,0.0000,0.0000,144,0,0,0,0,219,0,0,0,0
zc,WS301,2012-06-18 09:02:20.790,2515.0000,442172,2,0.0000,10.0000,6,4,多开,B,2514.0000,0.0000,0.0000,0.0000,0.0000,2515.0000,0.0000,0.0000,0.0000,0.0000,146,0,0,0,0,220,0,0,0,0
zc,WS301,2012-06-18 09:02:21.260,2514.0000,442128,-44,0.0000,128.0000,42,86,多平,S,2514.0000,0.0000,0.0000,0.0000,0.0000,2515.0000,0.0000,0.0000,0.0000,0.0000,93,0,0,0,0,225,0,0,0,0
zc,WS301,2012-06-18 09:02:22.010,2515.0000,442136,8,0.0000,16.0000,12,4,多开,B,2514.0000,0.0000,0.0000,0.0000,0.0000,2515.0000,0.0000,0.0000,0.0000,0.0000,93,0,0,0,0,220,0,0,0,0
zc,WS301,2012-06-18 09:02:22.540,2515.0000,442140,4,0.0000,6.0000,5,1,多开,B,2514.0000,0.0000,0.0000,0.0000,0.0000,2515.0000,0.0000,0.0000,0.0000,0.0000,92,0,0,0,0,217,0,0,0,0
zc,WS301,2012-06-18 09:02:22.993,2514.0000,442144,4,0.0000,14.0000,9,5,空开,S,2514.0000,0.0000,0.0000,0.0000,0.0000,2515.0000,0.0000,0.0000,0.0000,0.0000,88,0,0,0,0,216,0,0,0,0
zc,WS301,2012-06-18 09:02:23.790,2514.0000,442150,6,0.0000,28.0000,17,11,空开,S,2514.0000,0.0000,0.0000,0.0000,0.0000,2515.0000,0.0000,0.0000,0.0000,0.0000,81,0,0,0,0,212,0,0,0,0
zc,WS301,2012-06-18 09:02:24.243,2515.0000,442174,24,0.0000,24.0000,24,0,双开,B,2514.0000,0.0000,0.0000,0.0000,0.0000,2515.0000,0.0000,0.0000,0.0000,0.0000,81,0,0,0,0,200,0,0,0,0
zc,WS301,2012-06-18 09:02:25.010,2514.0000,442182,8,0.0000,14.0000,11,3,空开,S,2514.0000,0.0000,0.0000,0.0000,0.0000,2515.0000,0.0000,0.0000,0.0000,0.0000,83,0,0,0,0,200,0,0,0,0
zc,WS301,2012-06-18 09:02:25.527,2515.0000,442182,0,0.0000,20.0000,10,10,多换,B,2514.0000,0.0000,0.0000,0.0000,0.0000,2515.0000,0.0000,0.0000,0.0000,0.0000,88,0,0,0,0,190,0,0,0,0
zc,WS301,2012-06-18 09:02:26.227,2515.0000,442184,2,0.0000,12.0000,7,5,多开,B,2514.0000,0.0000,0.0000,0.0000,0.0000,2515.0000,0.0000,0.0000,0.0000,0.0000,121,0,0,0,0,189,0,0,0,0
zc,WS301,2012-06-18 09:02:26.777,2514.0000,442184,0,0.0000,10.0000,5,5,空换,S,2514.0000,0.0000,0.0000,0.0000,0.0000,2515.0000,0.0000,0.0000,0.0000,0.0000,123,0,0,0,0,189,0,0,0,0
zc,WS301,2012-06-18 09:02:27.290,2515.0000,442186,2,0.0000,2.0000,2,0,双开,B,2514.0000,0.0000,0.0000,0.0000,0.0000,2515.0000,0.0000,0.0000,0.0000,0.0000,123,0,0,0,0,189,0,0,0,0
zc,WS301,2012-06-18 09:02:27.790,2515.0000,442188,2,0.0000,90.0000,46,44,多开,B,2514.0000,0.0000,0.0000,0.0000,0.0000,2515.0000,0.0000,0.0000,0.0000,0.0000,205,0,0,0,0,143,0,0,0,0
zc,WS301,2012-06-18 09:02:28.477,2514.0000,442182,-6,0.0000,208.0000,101,107,多平,S,2514.0000,0.0000,0.0000,0.0000,0.0000,2515.0000,0.0000,0.0000,0.0000,0.0000,108,0,0,0,0,140,0,0,0,0
zc,WS301,2012-06-18 09:02:29.243,2515.0000,442186,4,0.0000,4.0000,4,0,双开,B,2514.0000,0.0000,0.0000,0.0000,0.0000,2515.0000,0.0000,0.0000,0.0000,0.0000,138,0,0,0,0,138,0,0,0,0
zc,WS301,2012-06-18 09:02:29.727,2515.0000,442188,2,0.0000,22.0000,12,10,多开,B,2514.0000,0.0000,0.0000,0.0000,0.0000,2515.0000,0.0000,0.0000,0.0000,0.0000,134,0,0,0,0,137,0,0,0,0
zc,WS301,2012-06-18 09:02:30.527,2514.0000,442190,2,0.0000,6.0000,4,2,空开,S,2514.0000,0.0000,0.0000,0.0000,0.0000,2515.0000,0.0000,0.0000,0.0000,0.0000,135,0,0,0,0,135,0,0,0,0
zc,WS301,2012-06-18 09:02:30.977,2515.0000,442190,0,0.0000,4.0000,2,2,多换,B,2514.0000,0.0000,0.0000,0.0000,0.0000,2515.0000,0.0000,0.0000,0.0000,0.0000,139,0,0,0,0,133,0,0,0,0
zc,WS301,2012-06-18 09:02:31.493,2514.0000,442172,-18,0.0000,42.0000,12,30,多平,S,2514.0000,0.0000,0.0000,0.0000,0.0000,2515.0000,0.0000,0.0000,0.0000,0.0000,136,0,0,0,0,127,0,0,0,0
zc,WS301,2012-06-18 09:02:31.977,2515.0000,442174,2,0.0000,64.0000,33,31,多开,B,2514.0000,0.0000,0.0000,0.0000,0.0000,2515.0000,0.0000,0.0000,0.0000,0.0000,140,0,0,0,0,129,0,0,0,0
zc,WS301,2012-06-18 09:02:32.727,2514.0000,442174,0,0.0000,2.0000,1,1,空换,S,2514.0000,0.0000,0.0000,0.0000,0.0000,2515.0000,0.0000,0.0000,0.0000,0.0000,144,0,0,0,0,129,0,0,0,0
zc,WS301,2012-06-18 09:02:33.213,2515.0000,442176,2,0.0000,4.0000,3,1,多开,B,2514.0000,0.0000,0.0000,0.0000,0.0000,2515.0000,0.0000,0.0000,0.0000,0.0000,144,0,0,0,0,127,0,0,0,0
zc,WS301,2012-06-18 09:02:34.027,2515.0000,442182,6,0.0000,6.0000,6,0,双开,B,2514.0000,0.0000,0.0000,0.0000,0.0000,2515.0000,0.0000,0.0000,0.0000,0.0000,144,0,0,0,0,124,0,0,0,0
zc,WS301,2012-06-18 09:02:34.477,2514.0000,442182,0,0.0000,8.0000,4,4,空换,S,2514.0000,0.0000,0.0000,0.0000,0.0000,2515.0000,0.0000,0.0000,0.0000,0.0000,152,0,0,0,0,124,0,0,0,0
zc,WS301,2012-06-18 09:02:34.993,2514.0000,442160,-22,0.0000,36.0000,7,29,多平,S,2514.0000,0.0000,0.0000,0.0000,0.0000,2515.0000,0.0000,0.0000,0.0000,0.0000,134,0,0,0,0,124,0,0,0,0
zc,WS301,2012-06-18 09:02:35.727,2515.0000,442162,2,0.0000,14.0000,8,6,多开,B,2514.0000,0.0000,0.0000,0.0000,0.0000,2515.0000,0.0000,0.0000,0.0000,0.0000,135,0,0,0,0,117,0,0,0,0
zc,WS301,2012-06-18 09:02:36.243,2514.0000,442216,54,0.0000,200.0000,127,73,空开,S,2514.0000,0.0000,0.0000,0.0000,0.0000,2515.0000,0.0000,0.0000,0.0000,0.0000,40,0,0,0,0,117,0,0,0,0
zc,WS301,2012-06-18 09:02:37.040,2514.0000,442188,-28,0.0000,92.0000,32,60,多平,S,2513.0000,0.0000,0.0000,0.0000,0.0000,2514.0000,0.0000,0.0000,0.0000,0.0000,41,0,0,0,0,95,0,0,0,0
zc,WS301,2012-06-18 09:02:37.463,2514.0000,442186,-2,0.0000,24.0000,11,13,多平,S,2513.0000,0.0000,0.0000,0.0000,0.0000,2514.0000,0.0000,0.0000,0.0000,0.0000,42,0,0,0,0,101,0,0,0,0
zc,WS301,2012-06-18 09:02:37.977,2514.0000,442186,0,0.0000,20.0000,10,10,空换,S,2513.0000,0.0000,0.0000,0.0000,0.0000,2514.0000,0.0000,0.0000,0.0000,0.0000,49,0,0,0,0,91,0,0,0,0
zc,WS301,2012-06-18 09:02:38.760,2514.0000,442174,-12,0.0000,14.0000,1,13,多平,S,2513.0000,0.0000,0.0000,0.0000,0.0000,2514.0000,0.0000,0.0000,0.0000,0.0000,43,0,0,0,0,88,0,0,0,0
zc,WS301,2012-06-18 09:02:39.243,2514.0000,442170,-4,0.0000,14.0000,5,9,多平,S,2513.0000,0.0000,0.0000,0.0000,0.0000,2514.0000,0.0000,0.0000,0.0000,0.0000,41,0,0,0,0,81,0,0,0,0
zc,WS301,2012-06-18 09:02:39.777,2513.0000,442198,28,0.0000,44.0000,36,8,空开,S,2513.0000,0.0000,0.0000,0.0000,0.0000,2514.0000,0.0000,0.0000,0.0000,0.0000,58,0,0,0,0,111,0,0,0,0
zc,WS301,2012-06-18 09:02:40.527,2514.0000,442188,-10,0.0000,38.0000,14,24,空平,B,2513.0000,0.0000,0.0000,0.0000,0.0000,2514.0000,0.0000,0.0000,0.0000,0.0000,89,0,0,0,0,94,0,0,0,0
zc,WS301,2012-06-18 09:02:41.057,2514.0000,442138,-50,0.0000,58.0000,4,54,空平,B,2513.0000,0.0000,0.0000,0.0000,0.0000,2514.0000,0.0000,0.0000,0.0000,0.0000,80,0,0,0,0,67,0,0,0,0
zc,WS301,2012-06-18 09:02:41.727,2513.0000,442138,0,0.0000,2.0000,1,1,空换,S,2513.0000,0.0000,0.0000,0.0000,0.0000,2514.0000,0.0000,0.0000,0.0000,0.0000,82,0,0,0,0,66,0,0,0,0
zc,WS301,2012-06-18 09:02:42.260,2513.0000,442136,-2,0.0000,20.0000,9,11,多平,S,2513.0000,0.0000,0.0000,0.0000,0.0000,2514.0000,0.0000,0.0000,0.0000,0.0000,81,0,0,0,0,61,0,0,0,0
zc,WS301,2012-06-18 09:02:42.993,2514.0000,442130,-6,0.0000,8.0000,1,7,空平,B,2513.0000,0.0000,0.0000,0.0000,0.0000,2514.0000,0.0000,0.0000,0.0000,0.0000,81,0,0,0,0,57,0,0,0,0
zc,WS301,2012-06-18 09:02:43.510,2514.0000,442210,80,0.0000,110.0000,95,15,多开,B,2513.0000,0.0000,0.0000,0.0000,0.0000,2514.0000,0.0000,0.0000,0.0000,0.0000,35,0,0,0,0,53,0,0,0,0
zc,WS301,2012-06-18 09:02:44.243,2514.0000,442212,2,0.0000,2.0000,2,0,双开,B,2513.0000,0.0000,0.0000,0.0000,0.0000,2514.0000,0.0000,0.0000,0.0000,0.0000,35,0,0,0,0,55,0,0,0,0
zc,WS301,2012-06-18 09:02:44.993,2513.0000,442168,-44,0.0000,90.0000,23,67,多平,S,2512.0000,0.0000,0.0000,0.0000,0.0000,2513.0000,0.0000,0.0000,0.0000,0.0000,33,0,0,0,0,17,0,0,0,0
zc,WS301,2012-06-18 09:02:45.527,2513.0000,442168,0,0.0000,8.0000,4,4,空换,S,2512.0000,0.0000,0.0000,0.0000,0.0000,2513.0000,0.0000,0.0000,0.0000,0.0000,43,0,0,0,0,152,0,0,0,0
zc,WS301,2012-06-18 09:02:45.993,2513.0000,442170,2,0.0000,26.0000,14,12,空开,S,2512.0000,0.0000,0.0000,0.0000,0.0000,2513.0000,0.0000,0.0000,0.0000,0.0000,44,0,0,0,0,144,0,0,0,0
zc,WS301,2012-06-18 09:02:46.493,2513.0000,442170,0,0.0000,0.0000,0,0,空换,S,2512.0000,0.0000,0.0000,0.0000,0.0000,2513.0000,0.0000,0.0000,0.0000,0.0000,49,0,0,0,0,152,0,0,0,0
zc,WS301,2012-06-18 09:02:47.260,2513.0000,442180,10,0.0000,148.0000,79,69,空开,S,2512.0000,0.0000,0.0000,0.0000,0.0000,2513.0000,0.0000,0.0000,0.0000,0.0000,9,0,0,0,0,135,0,0,0,0
zc,WS301,2012-06-18 09:02:47.790,2512.0000,442194,14,0.0000,164.0000,89,75,空开,S,2512.0000,0.0000,0.0000,0.0000,0.0000,2513.0000,0.0000,0.0000,0.0000,0.0000,5,0,0,0,0,57,0,0,0,0
zc,WS301,2012-06-18 09:02:48.477,2513.0000,442196,2,0.0000,2.0000,2,0,双开,B,2512.0000,0.0000,0.0000,0.0000,0.0000,2513.0000,0.0000,0.0000,0.0000,0.0000,5,0,0,0,0,59,0,0,0,0
zc,WS301,2012-06-18 09:02:48.977,2512.0000,442198,2,0.0000,2.0000,2,0,双开,S,2512.0000,0.0000,0.0000,0.0000,0.0000,2513.0000,0.0000,0.0000,0.0000,0.0000,9,0,0,0,0,59,0,0,0,0
zc,WS301,2012-06-18 09:02:49.463,2512.0000,442226,28,0.0000,28.0000,28,0,双开,S,2512.0000,0.0000,0.0000,0.0000,0.0000,2513.0000,0.0000,0.0000,0.0000,0.0000,4,0,0,0,0,56,0,0,0,0
zc,WS301,2012-06-18 09:02:50.213,2512.0000,442230,4,0.0000,48.0000,26,22,空开,S,2512.0000,0.0000,0.0000,0.0000,0.0000,2513.0000,0.0000,0.0000,0.0000,0.0000,2,0,0,0,0,140,0,0,0,0
zc,WS301,2012-06-18 09:02:50.713,2512.0000,442246,16,0.0000,40.0000,28,12,空开,S,2512.0000,0.0000,0.0000,0.0000,0.0000,2513.0000,0.0000,0.0000,0.0000,0.0000,7,0,0,0,0,151,0,0,0,0
zc,WS301,2012-06-18 09:02:51.277,2512.0000,442260,14,0.0000,14.0000,14,0,双开,S,2512.0000,0.0000,0.0000,0.0000,0.0000,2513.0000,0.0000,0.0000,0.0000,0.0000,23,0,0,0,0,146,0,0,0,0
zc,WS301,2012-06-18 09:02:51.790,2512.0000,442272,12,0.0000,18.0000,15,3,空开,S,2512.0000,0.0000,0.0000,0.0000,0.0000,2513.0000,0.0000,0.0000,0.0000,0.0000,22,0,0,0,0,138,0,0,0,0
zc,WS301,2012-06-18 09:02:52.557,2513.0000,442272,0,0.0000,30.0000,15,15,多换,B,2512.0000,0.0000,0.0000,0.0000,0.0000,2513.0000,0.0000,0.0000,0.0000,0.0000,20,0,0,0,0,132,0,0,0,0
zc,WS301,2012-06-18 09:02:52.977,2512.0000,442278,6,0.0000,14.0000,10,4,空开,S,2512.0000,0.0000,0.0000,0.0000,0.0000,2513.0000,0.0000,0.0000,0.0000,0.0000,14,0,0,0,0,131,0,0,0,0
zc,WS301,2012-06-18 09:02:54.040,2513.0000,442298,20,0.0000,24.0000,22,2,多开,B,2512.0000,0.0000,0.0000,0.0000,0.0000,2513.0000,0.0000,0.0000,0.0000,0.0000,25,0,0,0,0,126,0,0,0,0
zc,WS301,2012-06-18 09:02:54.760,2513.0000,442302,4,0.0000,28.0000,16,12,多开,B,2512.0000,0.0000,0.0000,0.0000,0.0000,2513.0000,0.0000,0.0000,0.0000,0.0000,19,0,0,0,0,122,0,0,0,0
zc,WS301,2012-06-18 09:02:55.557,2512.0000,442316,14,0.0000,40.0000,27,13,空开,S,2512.0000,0.0000,0.0000,0.0000,0.0000,2513.0000,0.0000,0.0000,0.0000,0.0000,2,0,0,0,0,126,0,0,0,0
zc,WS301,2012-06-18 09:02:55.760,2513.0000,442318,2,0.0000,2.0000,2,0,双开,B,2512.0000,0.0000,0.0000,0.0000,0.0000,2513.0000,0.0000,0.0000,0.0000,0.0000,3,0,0,0,0,125,0,0,0,0
zc,WS301,2012-06-18 09:02:57.010,2512.0000,442334,16,0.0000,16.0000,16,0,双开,S,2511.0000,0.0000,0.0000,0.0000,0.0000,2512.0000,0.0000,0.0000,0.0000,0.0000,87,0,0,0,0,2,0,0,0,0
zc,WS301,2012-06-18 09:02:57.807,2512.0000,442334,0,0.0000,2.0000,1,1,空换,S,2511.0000,0.0000,0.0000,0.0000,0.0000,2512.0000,0.0000,0.0000,0.0000,0.0000,120,0,0,0,0,2,0,0,0,0
zc,WS301,2012-06-18 09:02:58.040,2512.0000,442334,0,0.0000,4.0000,2,2,空换,S,2512.0000,0.0000,0.0000,0.0000,0.0000,2513.0000,0.0000,0.0000,0.0000,0.0000,100,0,0,0,0,129,0,0,0,0
zc,WS301,2012-06-18 09:02:58.743,2512.0000,442332,-2,0.0000,12.0000,5,7,多平,S,2512.0000,0.0000,0.0000,0.0000,0.0000,2513.0000,0.0000,0.0000,0.0000,0.0000,165,0,0,0,0,134,0,0,0,0
zc,WS301,2012-06-18 09:02:59.323,2513.0000,442338,6,0.0000,108.0000,57,51,多开,B,2512.0000,0.0000,0.0000,0.0000,0.0000,2513.0000,0.0000,0.0000,0.0000,0.0000,140,0,0,0,0,153,0,0,0,0
zc,WS301,2012-06-18 09:02:59.993,2513.0000,442340,2,0.0000,2.0000,2,0,双开,B,2512.0000,0.0000,0.0000,0.0000,0.0000,2513.0000,0.0000,0.0000,0.0000,0.0000,142,0,0,0,0,153,0,0,0,0
zc,WS301,2012-06-18 09:03:00.823,2513.0000,442344,4,0.0000,4.0000,4,0,双开,B,2512.0000,0.0000,0.0000,0.0000,0.0000,2513.0000,0.0000,0.0000,0.0000,0.0000,175,0,0,0,0,151,0,0,0,0
zc,WS301,2012-06-18 09:03:01.027,2512.0000,442336,-8,0.0000,22.0000,7,15,多平,S,2512.0000,0.0000,0.0000,0.0000,0.0000,2513.0000,0.0000,0.0000,0.0000,0.0000,177,0,0,0,0,148,0,0,0,0
zc,WS301,2012-06-18 09:03:01.727,2512.0000,442334,-2,0.0000,4.0000,1,3,多平,S,2512.0000,0.0000,0.0000,0.0000,0.0000,2513.0000,0.0000,0.0000,0.0000,0.0000,179,0,0,0,0,148,0,0,0,0
zc,WS301,2012-06-18 09:03:02.277,2513.0000,442326,-8,0.0000,14.0000,3,11,空平,B,2512.0000,0.0000,0.0000,0.0000,0.0000,2513.0000,0.0000,0.0000,0.0000,0.0000,173,0,0,0,0,147,0,0,0,0
zc,WS301,2012-06-18 09:03:03.040,2512.0000,442322,-4,0.0000,18.0000,7,11,多平,S,2512.0000,0.0000,0.0000,0.0000,0.0000,2513.0000,0.0000,0.0000,0.0000,0.0000,173,0,0,0,0,145,0,0,0,0
zc,WS301,2012-06-18 09:03:03.760,2513.0000,442330,8,0.0000,12.0000,10,2,多开,B,2512.0000,0.0000,0.0000,0.0000,0.0000,2513.0000,0.0000,0.0000,0.0000,0.0000,171,0,0,0,0,141,0,0,0,0
zc,WS301,2012-06-18 09:03:04.243,2513.0000,442314,-16,0.0000,202.0000,93,109,空平,B,2512.0000,0.0000,0.0000,0.0000,0.0000,2513.0000,0.0000,0.0000,0.0000,0.0000,177,0,0,0,0,41,0,0,0,0
zc,WS301,2012-06-18 09:03:04.777,2513.0000,442360,46,0.0000,84.0000,65,19,多开,B,2512.0000,0.0000,0.0000,0.0000,0.0000,2514.0000,0.0000,0.0000,0.0000,0.0000,177,0,0,0,0,61,0,0,0,0
zc,WS301,2012-06-18 09:03:05.527,2513.0000,442354,-6,0.0000,8.0000,1,7,空平,B,2513.0000,0.0000,0.0000,0.0000,0.0000,2514.0000,0.0000,0.0000,0.0000,0.0000,153,0,0,0,0,61,0,0,0,0
zc,WS301,2012-06-18 09:03:06.010,2513.0000,442434,80,0.0000,80.0000,80,0,双开,B,2513.0000,0.0000,0.0000,0.0000,0.0000,2514.0000,0.0000,0.0000,0.0000,0.0000,154,0,0,0,0,58,0,0,0,0
zc,WS301,2012-06-18 09:03:06.807,2513.0000,442438,4,0.0000,24.0000,14,10,多开,B,2513.0000,0.0000,0.0000,0.0000,0.0000,2514.0000,0.0000,0.0000,0.0000,0.0000,145,0,0,0,0,58,0,0,0,0
zc,WS301,2012-06-18 09:03:07.260,2514.0000,442440,2,0.0000,2.0000,2,0,双开,B,2513.0000,0.0000,0.0000,0.0000,0.0000,2514.0000,0.0000,0.0000,0.0000,0.0000,56,0,0,0,0,57,0,0,0,0
zc,WS301,2012-06-18 09:03:08.040,2514.0000,442448,8,0.0000,8.0000,8,0,双开,B,2513.0000,0.0000,0.0000,0.0000,0.0000,2514.0000,0.0000,0.0000,0.0000,0.0000,56,0,0,0,0,53,0,0,0,0
zc,WS301,2012-06-18 09:03:08.790,2514.0000,442450,2,0.0000,2.0000,2,0,双开,B,2513.0000,0.0000,0.0000,0.0000,0.0000,2514.0000,0.0000,0.0000,0.0000,0.0000,67,0,0,0,0,52,0,0,0,0
zc,WS301,2012-06-18 09:03:09.790,2513.0000,442458,8,0.0000,28.0000,18,10,空开,S,2513.0000,0.0000,0.0000,0.0000,0.0000,2514.0000,0.0000,0.0000,0.0000,0.0000,37,0,0,0,0,53,0,0,0,0
zc,WS301,2012-06-18 09:03:10.557,2514.0000,442448,-10,0.0000,52.0000,21,31,空平,B,2513.0000,0.0000,0.0000,0.0000,0.0000,2514.0000,0.0000,0.0000,0.0000,0.0000,59,0,0,0,0,28,0,0,0,0
zc,WS301,2012-06-18 09:03:11.243,2514.0000,442448,0,0.0000,2.0000,1,1,多换,B,2513.0000,0.0000,0.0000,0.0000,0.0000,2514.0000,0.0000,0.0000,0.0000,0.0000,58,0,0,0,0,28,0,0,0,0
zc,WS301,2012-06-18 09:03:11.760,2514.0000,442482,34,0.0000,60.0000,47,13,多开,B,2514.0000,0.0000,0.0000,0.0000,0.0000,2515.0000,0.0000,0.0000,0.0000,0.0000,50,0,0,0,0,165,0,0,0,0
zc,WS301,2012-06-18 09:03:12.587,2514.0000,442494,12,0.0000,12.0000,12,0,双开,B,2514.0000,0.0000,0.0000,0.0000,0.0000,2515.0000,0.0000,0.0000,0.0000,0.0000,48,0,0,0,0,165,0,0,0,0
zc,WS301,2012-06-18 09:03:13.027,2514.0000,442494,0,0.0000,0.0000,0,0,多换,B,2514.0000,0.0000,0.0000,0.0000,0.0000,2515.0000,0.0000,0.0000,0.0000,0.0000,50,0,0,0,0,166,0,0,0,0
zc,WS301,2012-06-18 09:03:13.743,2514.0000,442506,12,0.0000,134.0000,73,61,多开,B,2513.0000,0.0000,0.0000,0.0000,0.0000,2514.0000,0.0000,0.0000,0.0000,0.0000,235,0,0,0,0,83,0,0,0,0
zc,WS301,2012-06-18 09:03:14.277,2514.0000,442506,0,0.0000,8.0000,4,4,多换,B,2513.0000,0.0000,0.0000,0.0000,0.0000,2514.0000,0.0000,0.0000,0.0000,0.0000,135,0,0,0,0,110,0,0,0,0
zc,WS301,2012-06-18 09:03:14.963,2514.0000,442506,0,0.0000,2.0000,1,1,多换,B,2513.0000,0.0000,0.0000,0.0000,0.0000,2514.0000,0.0000,0.0000,0.0000,0.0000,146,0,0,0,0,119,0,0,0,0
zc,WS301,2012-06-18 09:03:15.260,2514.0000,442506,0,0.0000,10.0000,5,5,多换,B,2513.0000,0.0000,0.0000,0.0000,0.0000,2514.0000,0.0000,0.0000,0.0000,0.0000,151,0,0,0,0,114,0,0,0,0
zc,WS301,2012-06-18 09:03:15.977,2514.0000,442504,-2,0.0000,12.0000,5,7,空平,B,2513.0000,0.0000,0.0000,0.0000,0.0000,2514.0000,0.0000,0.0000,0.0000,0.0000,155,0,0,0,0,129,0,0,0,0
zc,WS301,2012-06-18 09:03:16.493,2514.0000,442504,0,0.0000,2.0000,1,1,多换,B,2513.0000,0.0000,0.0000,0.0000,0.0000,2514.0000,0.0000,0.0000,0.0000,0.0000,151,0,0,0,0,148,0,0,0,0
zc,WS301,2012-06-18 09:03:17.227,2514.0000,442504,0,0.0000,28.0000,14,14,多换,B,2513.0000,0.0000,0.0000,0.0000,0.0000,2514.0000,0.0000,0.0000,0.0000,0.0000,143,0,0,0,0,134,0,0,0,0
zc,WS301,2012-06-18 09:03:17.777,2514.0000,442484,-20,0.0000,42.0000,11,31,空平,B,2513.0000,0.0000,0.0000,0.0000,0.0000,2514.0000,0.0000,0.0000,0.0000,0.0000,150,0,0,0,0,124,0,0,0,0
zc,WS301,2012-06-18 09:03:18.573,2514.0000,442476,-8,0.0000,78.0000,35,43,空平,B,2513.0000,0.0000,0.0000,0.0000,0.0000,2514.0000,0.0000,0.0000,0.0000,0.0000,124,0,0,0,0,117,0,0,0,0
zc,WS301,2012-06-18 09:03:19.010,2514.0000,442476,0,0.0000,30.0000,15,15,多换,B,2513.0000,0.0000,0.0000,0.0000,0.0000,2514.0000,0.0000,0.0000,0.0000,0.0000,127,0,0,0,0,102,0,0,0,0
zc,WS301,2012-06-18 09:03:19.477,2514.0000,442474,-2,0.0000,36.0000,17,19,空平,B,2513.0000,0.0000,0.0000,0.0000,0.0000,2514.0000,0.0000,0.0000,0.0000,0.0000,117,0,0,0,0,94,0,0,0,0
zc,WS301,2012-06-18 09:03:20.290,2514.0000,442470,-4,0.0000,12.0000,4,8,空平,B,2513.0000,0.0000,0.0000,0.0000,0.0000,2514.0000,0.0000,0.0000,0.0000,0.0000,118,0,0,0,0,88,0,0,0,0
zc,WS301,2012-06-18 09:03:20.760,2514.0000,442470,0,0.0000,30.0000,15,15,多换,B,2513.0000,0.0000,0.0000,0.0000,0.0000,2514.0000,0.0000,0.0000,0.0000,0.0000,118,0,0,0,0,74,0,0,0,0
zc,WS301,2012-06-18 09:03:21.493,2514.0000,442534,64,0.0000,112.0000,88,24,多开,B,2513.0000,0.0000,0.0000,0.0000,0.0000,2514.0000,0.0000,0.0000,0.0000,0.0000,122,0,0,0,0,18,0,0,0,0
zc,WS301,2012-06-18 09:03:22.027,2514.0000,442570,36,0.0000,38.0000,37,1,多开,B,2514.0000,0.0000,0.0000,0.0000,0.0000,2515.0000,0.0000,0.0000,0.0000,0.0000,31,0,0,0,0,153,0,0,0,0
zc,WS301,2012-06-18 09:03:22.823,2514.0000,442572,2,0.0000,4.0000,3,1,多开,B,2514.0000,0.0000,0.0000,0.0000,0.0000,2515.0000,0.0000,0.0000,0.0000,0.0000,59,0,0,0,0,153,0,0,0,0
zc,WS301,2012-06-18 09:03:23.290,2514.0000,442572,0,0.0000,2.0000,1,1,多换,B,2514.0000,0.0000,0.0000,0.0000,0.0000,2515.0000,0.0000,0.0000,0.0000,0.0000,92,0,0,0,0,153,0,0,0,0
zc,WS301,2012-06-18 09:03:24.307,2514.0000,442572,0,0.0000,8.0000,4,4,多换,B,2514.0000,0.0000,0.0000,0.0000,0.0000,2515.0000,0.0000,0.0000,0.0000,0.0000,104,0,0,0,0,150,0,0,0,0
zc,WS301,2012-06-18 09:03:24.777,2514.0000,442596,24,0.0000,24.0000,24,0,双开,B,2514.0000,0.0000,0.0000,0.0000,0.0000,2515.0000,0.0000,0.0000,0.0000,0.0000,95,0,0,0,0,150,0,0,0,0
zc,WS301,2012-06-18 09:03:25.527,2515.0000,442620,24,0.0000,24.0000,24,0,双开,B,2514.0000,0.0000,0.0000,0.0000,0.0000,2515.0000,0.0000,0.0000,0.0000,0.0000,133,0,0,0,0,138,0,0,0,0
zc,WS301,2012-06-18 09:03:25.947,2515.0000,442680,60,0.0000,62.0000,61,1,多开,B,2514.0000,0.0000,0.0000,0.0000,0.0000,2515.0000,0.0000,0.0000,0.0000,0.0000,132,0,0,0,0,108,0,0,0,0
zc,WS301,2012-06-18 09:03:26.493,2515.0000,442710,30,0.0000,30.0000,30,0,双开,B,2514.0000,0.0000,0.0000,0.0000,0.0000,2515.0000,0.0000,0.0000,0.0000,0.0000,131,0,0,0,0,96,0,0,0,0
zc,WS301,2012-06-18 09:03:27.290,2515.0000,442712,2,0.0000,2.0000,2,0,双开,B,2514.0000,0.0000,0.0000,0.0000,0.0000,2515.0000,0.0000,0.0000,0.0000,0.0000,130,0,0,0,0,95,0,0,0,0
zc,WS301,2012-06-18 09:03:27.727,2515.0000,442720,8,0.0000,8.0000,8,0,双开,B,2514.0000,0.0000,0.0000,0.0000,0.0000,2515.0000,0.0000,0.0000,0.0000,0.0000,143,0,0,0,0,91,0,0,0,0
zc,WS301,2012-06-18 09:03:28.477,2515.0000,442760,40,0.0000,40.0000,40,0,双开,B,2514.0000,0.0000,0.0000,0.0000,0.0000,2515.0000,0.0000,0.0000,0.0000,0.0000,136,0,0,0,0,71,0,0,0,0
zc,WS301,2012-06-18 09:03:29.323,2515.0000,442804,44,0.0000,64.0000,54,10,多开,B,2514.0000,0.0000,0.0000,0.0000,0.0000,2515.0000,0.0000,0.0000,0.0000,0.0000,147,0,0,0,0,58,0,0,0,0
zc,WS301,2012-06-18 09:03:29.760,2515.0000,442850,46,0.0000,56.0000,51,5,多开,B,2514.0000,0.0000,0.0000,0.0000,0.0000,2515.0000,0.0000,0.0000,0.0000,0.0000,179,0,0,0,0,30,0,0,0,0
zc,WS301,2012-06-18 09:03:30.290,2515.0000,442864,14,0.0000,14.0000,14,0,双开,B,2514.0000,0.0000,0.0000,0.0000,0.0000,2515.0000,0.0000,0.0000,0.0000,0.0000,184,0,0,0,0,24,0,0,0,0
zc,WS301,2012-06-18 09:03:31.010,2515.0000,442878,14,0.0000,16.0000,15,1,多开,B,2514.0000,0.0000,0.0000,0.0000,0.0000,2515.0000,0.0000,0.0000,0.0000,0.0000,184,0,0,0,0,16,0,0,0,0
zc,WS301,2012-06-18 09:03:31.527,2515.0000,442880,2,0.0000,2.0000,2,0,双开,B,2514.0000,0.0000,0.0000,0.0000,0.0000,2515.0000,0.0000,0.0000,0.0000,0.0000,187,0,0,0,0,15,0,0,0,0
zc,WS301,2012-06-18 09:03:32.307,2515.0000,442866,-14,0.0000,28.0000,7,21,空平,B,2515.0000,0.0000,0.0000,0.0000,0.0000,2516.0000,0.0000,0.0000,0.0000,0.0000,7,0,0,0,0,45,0,0,0,0
zc,WS301,2012-06-18 09:03:32.790,2515.0000,442866,0,0.0000,0.0000,0,0,多换,B,2515.0000,0.0000,0.0000,0.0000,0.0000,2516.0000,0.0000,0.0000,0.0000,0.0000,33,0,0,0,0,45,0,0,0,0
zc,WS301,2012-06-18 09:03:33.557,2516.0000,442858,-8,0.0000,12.0000,2,10,空平,B,2515.0000,0.0000,0.0000,0.0000,0.0000,2516.0000,0.0000,0.0000,0.0000,0.0000,31,0,0,0,0,43,0,0,0,0
zc,WS301,2012-06-18 09:03:34.290,2516.0000,442858,0,0.0000,2.0000,1,1,多换,B,2515.0000,0.0000,0.0000,0.0000,0.0000,2516.0000,0.0000,0.0000,0.0000,0.0000,72,0,0,0,0,42,0,0,0,0
zc,WS301,2012-06-18 09:03:34.777,2515.0000,442878,20,0.0000,78.0000,49,29,空开,S,2515.0000,0.0000,0.0000,0.0000,0.0000,2516.0000,0.0000,0.0000,0.0000,0.0000,73,0,0,0,0,3,0,0,0,0
zc,WS301,2012-06-18 09:03:35.540,2516.0000,442882,4,0.0000,6.0000,5,1,多开,B,2516.0000,0.0000,0.0000,0.0000,0.0000,2517.0000,0.0000,0.0000,0.0000,0.0000,47,0,0,0,0,9,0,0,0,0
zc,WS301,2012-06-18 09:03:36.243,2516.0000,442886,4,0.0000,4.0000,4,0,双开,B,2516.0000,0.0000,0.0000,0.0000,0.0000,2517.0000,0.0000,0.0000,0.0000,0.0000,46,0,0,0,0,14,0,0,0,0
zc,WS301,2012-06-18 09:03:36.727,2516.0000,442886,0,0.0000,4.0000,2,2,多换,B,2516.0000,0.0000,0.0000,0.0000,0.0000,2517.0000,0.0000,0.0000,0.0000,0.0000,45,0,0,0,0,19,0,0,0,0
zc,WS301,2012-06-18 09:03:37.243,2517.0000,442890,4,0.0000,12.0000,8,4,多开,B,2516.0000,0.0000,0.0000,0.0000,0.0000,2517.0000,0.0000,0.0000,0.0000,0.0000,124,0,0,0,0,14,0,0,0,0
zc,WS301,2012-06-18 09:03:37.713,2517.0000,442890,0,0.0000,12.0000,6,6,多换,B,2516.0000,0.0000,0.0000,0.0000,0.0000,2517.0000,0.0000,0.0000,0.0000,0.0000,126,0,0,0,0,8,0,0,0,0
zc,WS301,2012-06-18 09:03:38.727,2517.0000,442888,-2,0.0000,18.0000,8,10,空平,B,2517.0000,0.0000,0.0000,0.0000,0.0000,2518.0000,0.0000,0.0000,0.0000,0.0000,7,0,0,0,0,82,0,0,0,0
zc,WS301,2012-06-18 09:03:39.243,2517.0000,442890,2,0.0000,2.0000,2,0,双开,B,2517.0000,0.0000,0.0000,0.0000,0.0000,2518.0000,0.0000,0.0000,0.0000,0.0000,11,0,0,0,0,89,0,0,0,0
zc,WS301,2012-06-18 09:03:40.010,2518.0000,442890,0,0.0000,2.0000,1,1,多换,B,2517.0000,0.0000,0.0000,0.0000,0.0000,2518.0000,0.0000,0.0000,0.0000,0.0000,12,0,0,0,0,88,0,0,0,0
zc,WS301,2012-06-18 09:03:40.477,2518.0000,442890,0,0.0000,42.0000,21,21,多换,B,2517.0000,0.0000,0.0000,0.0000,0.0000,2518.0000,0.0000,0.0000,0.0000,0.0000,15,0,0,0,0,70,0,0,0,0
zc,WS301,2012-06-18 09:03:41.183,2517.0000,442886,-4,0.0000,32.0000,14,18,多平,S,2516.0000,0.0000,0.0000,0.0000,0.0000,2517.0000,0.0000,0.0000,0.0000,0.0000,128,0,0,0,0,5,0,0,0,0
zc,WS301,2012-06-18 09:03:41.777,2517.0000,442866,-20,0.0000,24.0000,2,22,多平,S,2516.0000,0.0000,0.0000,0.0000,0.0000,2518.0000,0.0000,0.0000,0.0000,0.0000,130,0,0,0,0,64,0,0,0,0
zc,WS301,2012-06-18 09:03:42.527,2517.0000,442866,0,0.0000,0.0000,0,0,空换,S,2517.0000,0.0000,0.0000,0.0000,0.0000,2518.0000,0.0000,0.0000,0.0000,0.0000,2,0,0,0,0,69,0,0,0,0
zc,WS301,2012-06-18 09:03:43.027,2517.0000,442870,4,0.0000,24.0000,14,10,空开,S,2516.0000,0.0000,0.0000,0.0000,0.0000,2518.0000,0.0000,0.0000,0.0000,0.0000,129,0,0,0,0,61,0,0,0,0
zc,WS301,2012-06-18 09:03:43.557,2517.0000,442878,8,0.0000,10.0000,9,1,空开,S,2516.0000,0.0000,0.0000,0.0000,0.0000,2518.0000,0.0000,0.0000,0.0000,0.0000,129,0,0,0,0,51,0,0,0,0
zc,WS301,2012-06-18 09:03:44.290,2517.0000,442878,0,0.0000,0.0000,0,0,空换,S,2517.0000,0.0000,0.0000,0.0000,0.0000,2518.0000,0.0000,0.0000,0.0000,0.0000,4,0,0,0,0,50,0,0,0,0
zc,WS301,2012-06-18 09:03:44.727,2517.0000,442880,2,0.0000,8.0000,5,3,空开,S,2516.0000,0.0000,0.0000,0.0000,0.0000,2517.0000,0.0000,0.0000,0.0000,0.0000,130,0,0,0,0,40,0,0,0,0
zc,WS301,2012-06-18 09:03:45.213,2517.0000,442878,-2,0.0000,4.0000,1,3,多平,S,2516.0000,0.0000,0.0000,0.0000,0.0000,2517.0000,0.0000,0.0000,0.0000,0.0000,130,0,0,0,0,38,0,0,0,0
zc,WS301,2012-06-18 09:03:46.073,2517.0000,442878,0,0.0000,26.0000,13,13,空换,S,2516.0000,0.0000,0.0000,0.0000,0.0000,2517.0000,0.0000,0.0000,0.0000,0.0000,53,0,0,0,0,25,0,0,0,0
zc,WS301,2012-06-18 09:03:46.743,2517.0000,442878,0,0.0000,16.0000,8,8,空换,S,2516.0000,0.0000,0.0000,0.0000,0.0000,2517.0000,0.0000,0.0000,0.0000,0.0000,53,0,0,0,0,41,0,0,0,0
zc,WS301,2012-06-18 09:03:47.243,2516.0000,442876,-2,0.0000,8.0000,3,5,多平,S,2516.0000,0.0000,0.0000,0.0000,0.0000,2517.0000,0.0000,0.0000,0.0000,0.0000,52,0,0,0,0,73,0,0,0,0
zc,WS301,2012-06-18 09:03:48.010,2517.0000,442876,0,0.0000,4.0000,2,2,多换,B,2516.0000,0.0000,0.0000,0.0000,0.0000,2517.0000,0.0000,0.0000,0.0000,0.0000,50,0,0,0,0,76,0,0,0,0
zc,WS301,2012-06-18 09:03:48.743,2517.0000,442866,-10,0.0000,40.0000,15,25,空平,B,2516.0000,0.0000,0.0000,0.0000,0.0000,2517.0000,0.0000,0.0000,0.0000,0.0000,52,0,0,0,0,21,0,0,0,0
zc,WS301,2012-06-18 09:03:49.227,2518.0000,442880,14,0.0000,58.0000,36,22,多开,B,2516.0000,0.0000,0.0000,0.0000,0.0000,2518.0000,0.0000,0.0000,0.0000,0.0000,52,0,0,0,0,38,0,0,0,0
zc,WS301,2012-06-18 09:03:49.993,2518.0000,442884,4,0.0000,20.0000,12,8,多开,B,2517.0000,0.0000,0.0000,0.0000,0.0000,2518.0000,0.0000,0.0000,0.0000,0.0000,2,0,0,0,0,103,0,0,0,0
zc,WS301,2012-06-18 09:03:50.510,2518.0000,442884,0,0.0000,0.0000,0,0,多换,B,2517.0000,0.0000,0.0000,0.0000,0.0000,2518.0000,0.0000,0.0000,0.0000,0.0000,8,0,0,0,0,103,0,0,0,0
zc,WS301,2012-06-18 09:03:51.527,2517.0000,442890,6,0.0000,8.0000,7,1,空开,S,2517.0000,0.0000,0.0000,0.0000,0.0000,2518.0000,0.0000,0.0000,0.0000,0.0000,5,0,0,0,0,107,0,0,0,0
zc,WS301,2012-06-18 09:03:52.073,2517.0000,442888,-2,0.0000,12.0000,5,7,多平,S,2516.0000,0.0000,0.0000,0.0000,0.0000,2517.0000,0.0000,0.0000,0.0000,0.0000,56,0,0,0,0,24,0,0,0,0
zc,WS301,2012-06-18 09:03:52.743,2517.0000,442888,0,0.0000,4.0000,2,2,空换,S,2516.0000,0.0000,0.0000,0.0000,0.0000,2517.0000,0.0000,0.0000,0.0000,0.0000,57,0,0,0,0,23,0,0,0,0
zc,WS301,2012-06-18 09:03:53.243,2517.0000,442886,-2,0.0000,4.0000,1,3,多平,S,2516.0000,0.0000,0.0000,0.0000,0.0000,2517.0000,0.0000,0.0000,0.0000,0.0000,57,0,0,0,0,25,0,0,0,0
zc,WS301,2012-06-18 09:03:53.777,2516.0000,442952,66,0.0000,86.0000,76,10,空开,S,2516.0000,0.0000,0.0000,0.0000,0.0000,2517.0000,0.0000,0.0000,0.0000,0.0000,29,0,0,0,0,15,0,0,0,0
zc,WS301,2012-06-18 09:03:54.527,2517.0000,443110,158,0.0000,300.0000,229,71,多开,B,2517.0000,0.0000,0.0000,0.0000,0.0000,2518.0000,0.0000,0.0000,0.0000,0.0000,70,0,0,0,0,8,0,0,0,0
zc,WS301,2012-06-18 09:03:54.963,2517.0000,443266,156,0.0000,156.0000,156,0,双开,B,2516.0000,0.0000,0.0000,0.0000,0.0000,2517.0000,0.0000,0.0000,0.0000,0.0000,30,0,0,0,0,23,0,0,0,0
zc,WS301,2012-06-18 09:03:55.540,2517.0000,443268,2,0.0000,6.0000,4,2,多开,B,2516.0000,0.0000,0.0000,0.0000,0.0000,2517.0000,0.0000,0.0000,0.0000,0.0000,31,0,0,0,0,37,0,0,0,0
zc,WS301,2012-06-18 09:03:55.947,2517.0000,443272,4,0.0000,4.0000,4,0,双开,B,2516.0000,0.0000,0.0000,0.0000,0.0000,2517.0000,0.0000,0.0000,0.0000,0.0000,34,0,0,0,0,36,0,0,0,0
zc,WS301,2012-06-18 09:03:57.057,2517.0000,443282,10,0.0000,14.0000,12,2,多开,B,2516.0000,0.0000,0.0000,0.0000,0.0000,2517.0000,0.0000,0.0000,0.0000,0.0000,39,0,0,0,0,30,0,0,0,0
zc,WS301,2012-06-18 09:03:57.243,2517.0000,443300,18,0.0000,18.0000,18,0,双开,B,2516.0000,0.0000,0.0000,0.0000,0.0000,2517.0000,0.0000,0.0000,0.0000,0.0000,43,0,0,0,0,21,0,0,0,0
zc,WS301,2012-06-18 09:03:58.027,2516.0000,443304,4,0.0000,26.0000,15,11,空开,S,2516.0000,0.0000,0.0000,0.0000,0.0000,2517.0000,0.0000,0.0000,0.0000,0.0000,37,0,0,0,0,9,0,0,0,0
zc,WS301,2012-06-18 09:03:58.777,2517.0000,443304,0,0.0000,8.0000,4,4,多换,B,2516.0000,0.0000,0.0000,0.0000,0.0000,2517.0000,0.0000,0.0000,0.0000,0.0000,81,0,0,0,0,6,0,0,0,0
zc,WS301,2012-06-18 09:03:59.573,2517.0000,443302,-2,0.0000,6.0000,2,4,空平,B,2516.0000,0.0000,0.0000,0.0000,0.0000,2517.0000,0.0000,0.0000,0.0000,0.0000,83,0,0,0,0,3,0,0,0,0
zc,WS301,2012-06-18 09:03:59.977,2517.0000,443304,2,0.0000,6.0000,4,2,多开,B,2516.0000,0.0000,0.0000,0.0000,0.0000,2517.0000,0.0000,0.0000,0.0000,0.0000,85,0,0,0,0,1,0,0,0,0
zc,WS301,2012-06-18 09:04:00.790,2517.0000,443306,2,0.0000,2.0000,2,0,双开,B,2517.0000,0.0000,0.0000,0.0000,0.0000,2518.0000,0.0000,0.0000,0.0000,0.0000,72,0,0,0,0,26,0,0,0,0
zc,WS301,2012-06-18 09:04:01.213,2517.0000,443306,0,0.0000,2.0000,1,1,多换,B,2517.0000,0.0000,0.0000,0.0000,0.0000,2518.0000,0.0000,0.0000,0.0000,0.0000,83,0,0,0,0,26,0,0,0,0
zc,WS301,2012-06-18 09:04:01.697,2517.0000,443314,8,0.0000,8.0000,8,0,双开,B,2517.0000,0.0000,0.0000,0.0000,0.0000,2518.0000,0.0000,0.0000,0.0000,0.0000,79,0,0,0,0,26,0,0,0,0
zc,WS301,2012-06-18 09:04:02.493,2518.0000,443322,8,0.0000,34.0000,21,13,多开,B,2517.0000,0.0000,0.0000,0.0000,0.0000,2518.0000,0.0000,0.0000,0.0000,0.0000,72,0,0,0,0,25,0,0,0,0
zc,WS301,2012-06-18 09:04:02.977,2518.0000,443322,0,0.0000,0.0000,0,0,多换,B,2517.0000,0.0000,0.0000,0.0000,0.0000,2518.0000,0.0000,0.0000,0.0000,0.0000,81,0,0,0,0,25,0,0,0,0
zc,WS301,2012-06-18 09:04:03.743,2518.0000,443330,8,0.0000,34.0000,21,13,多开,B,2517.0000,0.0000,0.0000,0.0000,0.0000,2518.0000,0.0000,0.0000,0.0000,0.0000,82,0,0,0,0,18,0,0,0,0
zc,WS301,2012-06-18 09:04:04.777,2518.0000,443330,0,0.0000,2.0000,1,1,多换,B,2517.0000,0.0000,0.0000,0.0000,0.0000,2518.0000,0.0000,0.0000,0.0000,0.0000,123,0,0,0,0,22,0,0,0,0
zc,WS301,2012-06-18 09:04:05.290,2518.0000,443328,-2,0.0000,4.0000,1,3,空平,B,2517.0000,0.0000,0.0000,0.0000,0.0000,2518.0000,0.0000,0.0000,0.0000,0.0000,123,0,0,0,0,20,0,0,0,0
zc,WS301,2012-06-18 09:04:06.027,2518.0000,443318,-10,0.0000,42.0000,16,26,空平,B,2518.0000,0.0000,0.0000,0.0000,0.0000,2519.0000,0.0000,0.0000,0.0000,0.0000,30,0,0,0,0,65,0,0,0,0
zc,WS301,2012-06-18 09:04:06.510,2518.0000,443316,-2,0.0000,2.0000,0,2,双平,B,2518.0000,0.0000,0.0000,0.0000,0.0000,2519.0000,0.0000,0.0000,0.0000,0.0000,29,0,0,0,0,65,0,0,0,0
zc,WS301,2012-06-18 09:04:07.290,2518.0000,443306,-10,0.0000,50.0000,20,30,空平,B,2518.0000,0.0000,0.0000,0.0000,0.0000,2519.0000,0.0000,0.0000,0.0000,0.0000,30,0,0,0,0,52,0,0,0,0
zc,WS301,2012-06-18 09:04:07.807,2518.0000,443306,0,0.0000,2.0000,1,1,多换,B,2518.0000,0.0000,0.0000,0.0000,0.0000,2519.0000,0.0000,0.0000,0.0000,0.0000,31,0,0,0,0,53,0,0,0,0
zc,WS301,2012-06-18 09:04:08.290,2519.0000,443288,-18,0.0000,22.0000,2,20,空平,B,2518.0000,0.0000,0.0000,0.0000,0.0000,2519.0000,0.0000,0.0000,0.0000,0.0000,65,0,0,0,0,43,0,0,0,0
zc,WS301,2012-06-18 09:04:09.010,2519.0000,443290,2,0.0000,2.0000,2,0,双开,B,2518.0000,0.0000,0.0000,0.0000,0.0000,2519.0000,0.0000,0.0000,0.0000,0.0000,66,0,0,0,0,54,0,0,0,0
zc,WS301,2012-06-18 09:04:09.603,2519.0000,443286,-4,0.0000,6.0000,1,5,空平,B,2518.0000,0.0000,0.0000,0.0000,0.0000,2519.0000,0.0000,0.0000,0.0000,0.0000,67,0,0,0,0,53,0,0,0,0
zc,WS301,2012-06-18 09:04:10.290,2519.0000,443286,0,0.0000,0.0000,0,0,多换,B,2518.0000,0.0000,0.0000,0.0000,0.0000,2519.0000,0.0000,0.0000,0.0000,0.0000,67,0,0,0,0,63,0,0,0,0
zc,WS301,2012-06-18 09:04:10.837,2519.0000,443284,-2,0.0000,12.0000,5,7,空平,B,2518.0000,0.0000,0.0000,0.0000,0.0000,2519.0000,0.0000,0.0000,0.0000,0.0000,67,0,0,0,0,59,0,0,0,0
zc,WS301,2012-06-18 09:04:11.527,2519.0000,443286,2,0.0000,8.0000,5,3,多开,B,2518.0000,0.0000,0.0000,0.0000,0.0000,2519.0000,0.0000,0.0000,0.0000,0.0000,64,0,0,0,0,59,0,0,0,0
zc,WS301,2012-06-18 09:04:12.073,2519.0000,443122,-164,0.0000,200.0000,18,182,空平,B,2519.0000,0.0000,0.0000,0.0000,0.0000,2520.0000,0.0000,0.0000,0.0000,0.0000,1,0,0,0,0,45,0,0,0,0
zc,WS301,2012-06-18 09:04:12.760,2520.0000,443082,-40,0.0000,96.0000,28,68,空平,B,2519.0000,0.0000,0.0000,0.0000,0.0000,2520.0000,0.0000,0.0000,0.0000,0.0000,1,0,0,0,0,53,0,0,0,0
zc,WS301,2012-06-18 09:04:13.260,2519.0000,443082,0,0.0000,4.0000,2,2,空换,S,2519.0000,0.0000,0.0000,0.0000,0.0000,2520.0000,0.0000,0.0000,0.0000,0.0000,1,0,0,0,0,55,0,0,0,0
zc,WS301,2012-06-18 09:04:14.040,2518.0000,443080,-2,0.0000,4.0000,1,3,多平,S,2518.0000,0.0000,0.0000,0.0000,0.0000,2520.0000,0.0000,0.0000,0.0000,0.0000,38,0,0,0,0,57,0,0,0,0
zc,WS301,2012-06-18 09:04:14.433,2518.0000,443078,-2,0.0000,2.0000,0,2,双平,S,2518.0000,0.0000,0.0000,0.0000,0.0000,2520.0000,0.0000,0.0000,0.0000,0.0000,38,0,0,0,0,58,0,0,0,0
zc,WS301,2012-06-18 09:04:15.323,2520.0000,443100,22,0.0000,166.0000,94,72,多开,B,2520.0000,0.0000,0.0000,0.0000,0.0000,2521.0000,0.0000,0.0000,0.0000,0.0000,57,0,0,0,0,99,0,0,0,0
zc,WS301,2012-06-18 09:04:15.790,2520.0000,443102,2,0.0000,2.0000,2,0,双开,B,2520.0000,0.0000,0.0000,0.0000,0.0000,2521.0000,0.0000,0.0000,0.0000,0.0000,56,0,0,0,0,115,0,0,0,0
zc,WS301,2012-06-18 09:04:16.540,2520.0000,443114,12,0.0000,14.0000,13,1,多开,B,2520.0000,0.0000,0.0000,0.0000,0.0000,2521.0000,0.0000,0.0000,0.0000,0.0000,49,0,0,0,0,117,0,0,0,0
zc,WS301,2012-06-18 09:04:16.963,2520.0000,443116,2,0.0000,4.0000,3,1,多开,B,2520.0000,0.0000,0.0000,0.0000,0.0000,2521.0000,0.0000,0.0000,0.0000,0.0000,48,0,0,0,0,95,0,0,0,0
zc,WS301,2012-06-18 09:04:17.837,2520.0000,443126,10,0.0000,14.0000,12,2,多开,B,2520.0000,0.0000,0.0000,0.0000,0.0000,2521.0000,0.0000,0.0000,0.0000,0.0000,42,0,0,0,0,81,0,0,0,0
zc,WS301,2012-06-18 09:04:18.277,2520.0000,443128,2,0.0000,84.0000,43,41,多开,B,2519.0000,0.0000,0.0000,0.0000,0.0000,2520.0000,0.0000,0.0000,0.0000,0.0000,14,0,0,0,0,60,0,0,0,0
zc,WS301,2012-06-18 09:04:19.027,2520.0000,443112,-16,0.0000,20.0000,2,18,空平,B,2519.0000,0.0000,0.0000,0.0000,0.0000,2520.0000,0.0000,0.0000,0.0000,0.0000,14,0,0,0,0,52,0,0,0,0
zc,WS301,2012-06-18 09:04:19.540,2520.0000,443038,-74,0.0000,110.0000,18,92,空平,B,2520.0000,0.0000,0.0000,0.0000,0.0000,2521.0000,0.0000,0.0000,0.0000,0.0000,16,0,0,0,0,105,0,0,0,0
zc,WS301,2012-06-18 09:04:20.290,2520.0000,443036,-2,0.0000,18.0000,8,10,空平,B,2520.0000,0.0000,0.0000,0.0000,0.0000,2521.0000,0.0000,0.0000,0.0000,0.0000,112,0,0,0,0,102,0,0,0,0
zc,WS301,2012-06-18 09:04:20.790,2520.0000,443032,-4,0.0000,6.0000,1,5,空平,B,2520.0000,0.0000,0.0000,0.0000,0.0000,2521.0000,0.0000,0.0000,0.0000,0.0000,111,0,0,0,0,103,0,0,0,0
zc,WS301,2012-06-18 09:04:21.290,2521.0000,443030,-2,0.0000,6.0000,2,4,空平,B,2520.0000,0.0000,0.0000,0.0000,0.0000,2521.0000,0.0000,0.0000,0.0000,0.0000,109,0,0,0,0,105,0,0,0,0
zc,WS301,2012-06-18 09:04:21.993,2521.0000,443076,46,0.0000,206.0000,126,80,多开,B,2520.0000,0.0000,0.0000,0.0000,0.0000,2521.0000,0.0000,0.0000,0.0000,0.0000,116,0,0,0,0,9,0,0,0,0
zc,WS301,2012-06-18 09:04:22.493,2520.0000,443052,-24,0.0000,42.0000,9,33,多平,S,2520.0000,0.0000,0.0000,0.0000,0.0000,2521.0000,0.0000,0.0000,0.0000,0.0000,102,0,0,0,0,4,0,0,0,0
zc,WS301,2012-06-18 09:04:23.277,2521.0000,443046,-6,0.0000,34.0000,14,20,空平,B,2521.0000,0.0000,0.0000,0.0000,0.0000,2522.0000,0.0000,0.0000,0.0000,0.0000,72,0,0,0,0,79,0,0,0,0
zc,WS301,2012-06-18 09:04:23.807,2520.0000,442902,-144,0.0000,150.0000,3,147,多平,S,2520.0000,0.0000,0.0000,0.0000,0.0000,2521.0000,0.0000,0.0000,0.0000,0.0000,101,0,0,0,0,328,0,0,0,0
zc,WS301,2012-06-18 09:04:24.527,2521.0000,442902,0,0.0000,6.0000,3,3,多换,B,2520.0000,0.0000,0.0000,0.0000,0.0000,2521.0000,0.0000,0.0000,0.0000,0.0000,177,0,0,0,0,325,0,0,0,0
zc,WS301,2012-06-18 09:04:25.087,2521.0000,443140,238,0.0000,318.0000,278,40,多开,B,2520.0000,0.0000,0.0000,0.0000,0.0000,2521.0000,0.0000,0.0000,0.0000,0.0000,33,0,0,0,0,312,0,0,0,0
zc,WS301,2012-06-18 09:04:25.777,2520.0000,443140,0,0.0000,2.0000,1,1,空换,S,2520.0000,0.0000,0.0000,0.0000,0.0000,2521.0000,0.0000,0.0000,0.0000,0.0000,36,0,0,0,0,325,0,0,0,0
zc,WS301,2012-06-18 09:04:26.260,2520.0000,443200,60,0.0000,78.0000,69,9,空开,S,2519.0000,0.0000,0.0000,0.0000,0.0000,2520.0000,0.0000,0.0000,0.0000,0.0000,43,0,0,0,0,73,0,0,0,0
zc,WS301,2012-06-18 09:04:26.697,2520.0000,443194,-6,0.0000,12.0000,3,9,多平,S,2519.0000,0.0000,0.0000,0.0000,0.0000,2520.0000,0.0000,0.0000,0.0000,0.0000,42,0,0,0,0,147,0,0,0,0
zc,WS301,2012-06-18 09:04:27.277,2520.0000,443180,-14,0.0000,20.0000,3,17,多平,S,2519.0000,0.0000,0.0000,0.0000,0.0000,2520.0000,0.0000,0.0000,0.0000,0.0000,72,0,0,0,0,137,0,0,0,0
zc,WS301,2012-06-18 09:04:28.027,2520.0000,443180,0,0.0000,0.0000,0,0,空换,S,2519.0000,0.0000,0.0000,0.0000,0.0000,2520.0000,0.0000,0.0000,0.0000,0.0000,73,0,0,0,0,137,0,0,0,0
zc,WS301,2012-06-18 09:04:28.727,2520.0000,443156,-24,0.0000,26.0000,1,25,多平,S,2519.0000,0.0000,0.0000,0.0000,0.0000,2520.0000,0.0000,0.0000,0.0000,0.0000,75,0,0,0,0,146,0,0,0,0
zc,WS301,2012-06-18 09:04:29.290,2520.0000,443152,-4,0.0000,8.0000,2,6,多平,S,2519.0000,0.0000,0.0000,0.0000,0.0000,2520.0000,0.0000,0.0000,0.0000,0.0000,174,0,0,0,0,143,0,0,0,0
zc,WS301,2012-06-18 09:04:30.040,2520.0000,443152,0,0.0000,0.0000,0,0,空换,S,2519.0000,0.0000,0.0000,0.0000,0.0000,2520.0000,0.0000,0.0000,0.0000,0.0000,177,0,0,0,0,143,0,0,0,0
zc,WS301,2012-06-18 09:04:30.227,2520.0000,443150,-2,0.0000,8.0000,3,5,多平,S,2519.0000,0.0000,0.0000,0.0000,0.0000,2520.0000,0.0000,0.0000,0.0000,0.0000,181,0,0,0,0,146,0,0,0,0
zc,WS301,2012-06-18 09:04:30.993,2520.0000,443132,-18,0.0000,40.0000,11,29,多平,S,2519.0000,0.0000,0.0000,0.0000,0.0000,2520.0000,0.0000,0.0000,0.0000,0.0000,174,0,0,0,0,134,0,0,0,0
zc,WS301,2012-06-18 09:04:31.477,2520.0000,443122,-10,0.0000,12.0000,1,11,多平,S,2519.0000,0.0000,0.0000,0.0000,0.0000,2520.0000,0.0000,0.0000,0.0000,0.0000,177,0,0,0,0,128,0,0,0,0
zc,WS301,2012-06-18 09:04:32.243,2520.0000,443104,-18,0.0000,46.0000,14,32,多平,S,2519.0000,0.0000,0.0000,0.0000,0.0000,2520.0000,0.0000,0.0000,0.0000,0.0000,188,0,0,0,0,105,0,0,0,0
zc,WS301,2012-06-18 09:04:32.697,2520.0000,443104,0,0.0000,6.0000,3,3,空换,S,2519.0000,0.0000,0.0000,0.0000,0.0000,2520.0000,0.0000,0.0000,0.0000,0.0000,188,0,0,0,0,102,0,0,0,0
zc,WS301,2012-06-18 09:04:33.213,2520.0000,443134,30,0.0000,54.0000,42,12,空开,S,2519.0000,0.0000,0.0000,0.0000,0.0000,2520.0000,0.0000,0.0000,0.0000,0.0000,188,0,0,0,0,81,0,0,0,0
zc,WS301,2012-06-18 09:04:33.963,2520.0000,443154,20,0.0000,22.0000,21,1,空开,S,2519.0000,0.0000,0.0000,0.0000,0.0000,2520.0000,0.0000,0.0000,0.0000,0.0000,187,0,0,0,0,70,0,0,0,0
zc,WS301,2012-06-18 09:04:34.527,2520.0000,443182,28,0.0000,48.0000,38,10,空开,S,2519.0000,0.0000,0.0000,0.0000,0.0000,2520.0000,0.0000,0.0000,0.0000,0.0000,187,0,0,0,0,47,0,0,0,0
zc,WS301,2012-06-18 09:04:35.197,2520.0000,443184,2,0.0000,6.0000,4,2,空开,S,2519.0000,0.0000,0.0000,0.0000,0.0000,2520.0000,0.0000,0.0000,0.0000,0.0000,187,0,0,0,0,50,0,0,0,0
zc,WS301,2012-06-18 09:04:35.743,2519.0000,443184,0,0.0000,4.0000,2,2,空换,S,2519.0000,0.0000,0.0000,0.0000,0.0000,2520.0000,0.0000,0.0000,0.0000,0.0000,185,0,0,0,0,50,0,0,0,0
zc,WS301,2012-06-18 09:04:36.477,2520.0000,443242,58,0.0000,106.0000,82,24,多开,B,2520.0000,0.0000,0.0000,0.0000,0.0000,2521.0000,0.0000,0.0000,0.0000,0.0000,4,0,0,0,0,351,0,0,0,0
zc,WS301,2012-06-18 09:04:36.697,2520.0000,443242,0,0.0000,0.0000,0,0,多换,B,2520.0000,0.0000,0.0000,0.0000,0.0000,2521.0000,0.0000,0.0000,0.0000,0.0000,14,0,0,0,0,351,0,0,0,0
zc,WS301,2012-06-18 09:04:37.477,2520.0000,443240,-2,0.0000,10.0000,4,6,空平,B,2520.0000,0.0000,0.0000,0.0000,0.0000,2521.0000,0.0000,0.0000,0.0000,0.0000,19,0,0,0,0,351,0,0,0,0
zc,WS301,2012-06-18 09:04:37.933,2521.0000,443238,-2,0.0000,8.0000,3,5,空平,B,2520.0000,0.0000,0.0000,0.0000,0.0000,2521.0000,0.0000,0.0000,0.0000,0.0000,18,0,0,0,0,349,0,0,0,0
zc,WS301,2012-06-18 09:04:39.010,2520.0000,443256,18,0.0000,56.0000,37,19,空开,S,2519.0000,0.0000,0.0000,0.0000,0.0000,2520.0000,0.0000,0.0000,0.0000,0.0000,203,0,0,0,0,93,0,0,0,0
zc,WS301,2012-06-18 09:04:39.493,2520.0000,443256,0,0.0000,0.0000,0,0,空换,S,2519.0000,0.0000,0.0000,0.0000,0.0000,2520.0000,0.0000,0.0000,0.0000,0.0000,203,0,0,0,0,113,0,0,0,0
zc,WS301,2012-06-18 09:04:40.260,2520.0000,443256,0,0.0000,2.0000,1,1,空换,S,2519.0000,0.0000,0.0000,0.0000,0.0000,2520.0000,0.0000,0.0000,0.0000,0.0000,208,0,0,0,0,186,0,0,0,0
zc,WS301,2012-06-18 09:04:40.727,2520.0000,443270,14,0.0000,60.0000,37,23,空开,S,2519.0000,0.0000,0.0000,0.0000,0.0000,2520.0000,0.0000,0.0000,0.0000,0.0000,196,0,0,0,0,180,0,0,0,0
zc,WS301,2012-06-18 09:04:41.477,2520.0000,443272,2,0.0000,6.0000,4,2,空开,S,2519.0000,0.0000,0.0000,0.0000,0.0000,2520.0000,0.0000,0.0000,0.0000,0.0000,196,0,0,0,0,182,0,0,0,0
zc,WS301,2012-06-18 09:04:41.947,2519.0000,443312,40,0.0000,42.0000,41,1,空开,S,2519.0000,0.0000,0.0000,0.0000,0.0000,2520.0000,0.0000,0.0000,0.0000,0.0000,195,0,0,0,0,167,0,0,0,0
zc,WS301,2012-06-18 09:04:42.477,2520.0000,443352,40,0.0000,40.0000,40,0,双开,B,2519.0000,0.0000,0.0000,0.0000,0.0000,2520.0000,0.0000,0.0000,0.0000,0.0000,196,0,0,0,0,140,0,0,0,0
zc,WS301,2012-06-18 09:04:42.933,2520.0000,443352,0,0.0000,0.0000,0,0,多换,B,2519.0000,0.0000,0.0000,0.0000,0.0000,2520.0000,0.0000,0.0000,0.0000,0.0000,197,0,0,0,0,142,0,0,0,0
zc,WS301,2012-06-18 09:04:44.087,2519.0000,443352,0,0.0000,4.0000,2,2,空换,S,2519.0000,0.0000,0.0000,0.0000,0.0000,2520.0000,0.0000,0.0000,0.0000,0.0000,196,0,0,0,0,142,0,0,0,0
zc,WS301,2012-06-18 09:04:44.463,2520.0000,443364,12,0.0000,14.0000,13,1,多开,B,2519.0000,0.0000,0.0000,0.0000,0.0000,2520.0000,0.0000,0.0000,0.0000,0.0000,196,0,0,0,0,141,0,0,0,0
zc,WS301,2012-06-18 09:04:44.977,2519.0000,443364,0,0.0000,2.0000,1,1,空换,S,2519.0000,0.0000,0.0000,0.0000,0.0000,2520.0000,0.0000,0.0000,0.0000,0.0000,195,0,0,0,0,141,0,0,0,0
zc,WS301,2012-06-18 09:04:45.743,2519.0000,443364,0,0.0000,0.0000,0,0,空换,S,2519.0000,0.0000,0.0000,0.0000,0.0000,2520.0000,0.0000,0.0000,0.0000,0.0000,195,0,0,0,0,147,0,0,0,0
zc,WS301,2012-06-18 09:04:46.277,2520.0000,443368,4,0.0000,6.0000,5,1,多开,B,2519.0000,0.0000,0.0000,0.0000,0.0000,2520.0000,0.0000,0.0000,0.0000,0.0000,196,0,0,0,0,144,0,0,0,0
zc,WS301,2012-06-18 09:04:47.040,2519.0000,443346,-22,0.0000,22.0000,0,22,双平,S,2519.0000,0.0000,0.0000,0.0000,0.0000,2520.0000,0.0000,0.0000,0.0000,0.0000,185,0,0,0,0,144,0,0,0,0
zc,WS301,2012-06-18 09:04:47.510,2519.0000,443346,0,0.0000,0.0000,0,0,空换,S,2519.0000,0.0000,0.0000,0.0000,0.0000,2520.0000,0.0000,0.0000,0.0000,0.0000,185,0,0,0,0,145,0,0,0,0
zc,WS301,2012-06-18 09:04:48.183,2519.0000,443346,0,0.0000,0.0000,0,0,空换,S,2519.0000,0.0000,0.0000,0.0000,0.0000,2520.0000,0.0000,0.0000,0.0000,0.0000,195,0,0,0,0,145,0,0,0,0
zc,WS301,2012-06-18 09:04:48.727,2519.0000,443346,0,0.0000,0.0000,0,0,空换,S,2519.0000,0.0000,0.0000,0.0000,0.0000,2520.0000,0.0000,0.0000,0.0000,0.0000,225,0,0,0,0,145,0,0,0,0
zc,WS301,2012-06-18 09:04:49.493,2519.0000,443336,-10,0.0000,10.0000,0,10,双平,S,2519.0000,0.0000,0.0000,0.0000,0.0000,2520.0000,0.0000,0.0000,0.0000,0.0000,220,0,0,0,0,150,0,0,0,0
zc,WS301,2012-06-18 09:04:49.977,2520.0000,443366,30,0.0000,30.0000,30,0,双开,B,2519.0000,0.0000,0.0000,0.0000,0.0000,2520.0000,0.0000,0.0000,0.0000,0.0000,222,0,0,0,0,135,0,0,0,0
zc,WS301,2012-06-18 09:04:50.697,2520.0000,443372,6,0.0000,52.0000,29,23,多开,B,2519.0000,0.0000,0.0000,0.0000,0.0000,2520.0000,0.0000,0.0000,0.0000,0.0000,220,0,0,0,0,114,0,0,0,0
zc,WS301,2012-06-18 09:04:51.027,2520.0000,443372,0,0.0000,0.0000,0,0,多换,B,2519.0000,0.0000,0.0000,0.0000,0.0000,2520.0000,0.0000,0.0000,0.0000,0.0000,225,0,0,0,0,120,0,0,0,0
zc,WS301,2012-06-18 09:04:51.760,2519.0000,443138,-234,0.0000,248.0000,7,241,多平,S,2519.0000,0.0000,0.0000,0.0000,0.0000,2520.0000,0.0000,0.0000,0.0000,0.0000,120,0,0,0,0,116,0,0,0,0
zc,WS301,2012-06-18 09:04:52.277,2520.0000,443120,-18,0.0000,24.0000,3,21,空平,B,2519.0000,0.0000,0.0000,0.0000,0.0000,2520.0000,0.0000,0.0000,0.0000,0.0000,109,0,0,0,0,116,0,0,0,0
zc,WS301,2012-06-18 09:04:53.087,2520.0000,443120,0,0.0000,8.0000,4,4,多换,B,2519.0000,0.0000,0.0000,0.0000,0.0000,2520.0000,0.0000,0.0000,0.0000,0.0000,104,0,0,0,0,159,0,0,0,0
zc,WS301,2012-06-18 09:04:53.853,2519.0000,443122,2,0.0000,6.0000,4,2,空开,S,2519.0000,0.0000,0.0000,0.0000,0.0000,2520.0000,0.0000,0.0000,0.0000,0.0000,102,0,0,0,0,190,0,0,0,0
zc,WS301,2012-06-18 09:04:54.477,2520.0000,443124,2,0.0000,4.0000,3,1,多开,B,2519.0000,0.0000,0.0000,0.0000,0.0000,2520.0000,0.0000,0.0000,0.0000,0.0000,105,0,0,0,0,189,0,0,0,0
zc,WS301,2012-06-18 09:04:54.977,2520.0000,443128,4,0.0000,8.0000,6,2,多开,B,2519.0000,0.0000,0.0000,0.0000,0.0000,2520.0000,0.0000,0.0000,0.0000,0.0000,143,0,0,0,0,196,0,0,0,0
zc,WS301,2012-06-18 09:04:55.727,2519.0000,443246,118,0.0000,174.0000,146,28,空开,S,2519.0000,0.0000,0.0000,0.0000,0.0000,2520.0000,0.0000,0.0000,0.0000,0.0000,56,0,0,0,0,194,0,0,0,0
zc,WS301,2012-06-18 09:04:56.260,2519.0000,443360,114,0.0000,118.0000,116,2,空开,S,2518.0000,0.0000,0.0000,0.0000,0.0000,2519.0000,0.0000,0.0000,0.0000,0.0000,37,0,0,0,0,44,0,0,0,0
zc,WS301,2012-06-18 09:04:56.743,2519.0000,443360,0,0.0000,0.0000,0,0,空换,S,2518.0000,0.0000,0.0000,0.0000,0.0000,2519.0000,0.0000,0.0000,0.0000,0.0000,37,0,0,0,0,137,0,0,0,0
zc,WS301,2012-06-18 09:04:57.540,2519.0000,443362,2,0.0000,2.0000,2,0,双开,S,2518.0000,0.0000,0.0000,0.0000,0.0000,2519.0000,0.0000,0.0000,0.0000,0.0000,39,0,0,0,0,141,0,0,0,0
zc,WS301,2012-06-18 09:04:58.760,2519.0000,443362,0,0.0000,2.0000,1,1,空换,S,2518.0000,0.0000,0.0000,0.0000,0.0000,2519.0000,0.0000,0.0000,0.0000,0.0000,39,0,0,0,0,143,0,0,0,0
zc,WS301,2012-06-18 09:04:59.213,2519.0000,443366,4,0.0000,12.0000,8,4,空开,S,2518.0000,0.0000,0.0000,0.0000,0.0000,2519.0000,0.0000,0.0000,0.0000,0.0000,36,0,0,0,0,140,0,0,0,0
zc,WS301,2012-06-18 09:05:00.073,2518.0000,443364,-2,0.0000,2.0000,0,2,双平,S,2518.0000,0.0000,0.0000,0.0000,0.0000,2519.0000,0.0000,0.0000,0.0000,0.0000,35,0,0,0,0,141,0,0,0,0
zc,WS301,2012-06-18 09:05:00.277,2518.0000,443364,0,0.0000,0.0000,0,0,空换,S,2518.0000,0.0000,0.0000,0.0000,0.0000,2519.0000,0.0000,0.0000,0.0000,0.0000,33,0,0,0,0,141,0,0,0,0
zc,WS301,2012-06-18 09:05:01.243,2519.0000,443366,2,0.0000,2.0000,2,0,双开,B,2518.0000,0.0000,0.0000,0.0000,0.0000,2519.0000,0.0000,0.0000,0.0000,0.0000,35,0,0,0,0,139,0,0,0,0
zc,WS301,2012-06-18 09:05:01.510,2519.0000,443398,32,0.0000,32.0000,32,0,双开,B,2518.0000,0.0000,0.0000,0.0000,0.0000,2519.0000,0.0000,0.0000,0.0000,0.0000,34,0,0,0,0,124,0,0,0,0
zc,WS301,2012-06-18 09:05:02.227,2519.0000,443398,0,0.0000,0.0000,0,0,多换,B,2518.0000,0.0000,0.0000,0.0000,0.0000,2519.0000,0.0000,0.0000,0.0000,0.0000,34,0,0,0,0,130,0,0,0,0
zc,WS301,2012-06-18 09:05:02.760,2519.0000,443402,4,0.0000,4.0000,4,0,双开,B,2518.0000,0.0000,0.0000,0.0000,0.0000,2519.0000,0.0000,0.0000,0.0000,0.0000,33,0,0,0,0,130,0,0,0,0
zc,WS301,2012-06-18 09:05:04.010,2519.0000,443416,14,0.0000,14.0000,14,0,双开,B,2518.0000,0.0000,0.0000,0.0000,0.0000,2519.0000,0.0000,0.0000,0.0000,0.0000,42,0,0,0,0,124,0,0,0,0
zc,WS301,2012-06-18 09:05:04.227,2518.0000,443416,0,0.0000,2.0000,1,1,空换,S,2518.0000,0.0000,0.0000,0.0000,0.0000,2519.0000,0.0000,0.0000,0.0000,0.0000,43,0,0,0,0,125,0,0,0,0
zc,WS301,2012-06-18 09:05:04.963,2519.0000,443418,2,0.0000,18.0000,10,8,多开,B,2518.0000,0.0000,0.0000,0.0000,0.0000,2519.0000,0.0000,0.0000,0.0000,0.0000,46,0,0,0,0,115,0,0,0,0
zc,WS301,2012-06-18 09:05:05.477,2518.0000,443420,2,0.0000,18.0000,10,8,空开,S,2518.0000,0.0000,0.0000,0.0000,0.0000,2519.0000,0.0000,0.0000,0.0000,0.0000,50,0,0,0,0,112,0,0,0,0
zc,WS301,2012-06-18 09:05:06.743,2519.0000,443422,2,0.0000,2.0000,2,0,双开,B,2518.0000,0.0000,0.0000,0.0000,0.0000,2519.0000,0.0000,0.0000,0.0000,0.0000,45,0,0,0,0,121,0,0,0,0
zc,WS301,2012-06-18 09:05:07.510,2518.0000,443410,-12,0.0000,114.0000,51,63,多平,S,2517.0000,0.0000,0.0000,0.0000,0.0000,2518.0000,0.0000,0.0000,0.0000,0.0000,79,0,0,0,0,65,0,0,0,0
zc,WS301,2012-06-18 09:05:07.977,2518.0000,443410,0,0.0000,0.0000,0,0,空换,S,2517.0000,0.0000,0.0000,0.0000,0.0000,2518.0000,0.0000,0.0000,0.0000,0.0000,80,0,0,0,0,117,0,0,0,0
zc,WS301,2012-06-18 09:05:08.743,2518.0000,443414,4,0.0000,12.0000,8,4,空开,S,2517.0000,0.0000,0.0000,0.0000,0.0000,2518.0000,0.0000,0.0000,0.0000,0.0000,85,0,0,0,0,115,0,0,0,0
zc,WS301,2012-06-18 09:05:09.417,2518.0000,443412,-2,0.0000,4.0000,1,3,多平,S,2517.0000,0.0000,0.0000,0.0000,0.0000,2518.0000,0.0000,0.0000,0.0000,0.0000,86,0,0,0,0,113,0,0,0,0
zc,WS301,2012-06-18 09:05:09.727,2518.0000,443414,2,0.0000,6.0000,4,2,空开,S,2517.0000,0.0000,0.0000,0.0000,0.0000,2518.0000,0.0000,0.0000,0.0000,0.0000,85,0,0,0,0,117,0,0,0,0
zc,WS301,2012-06-18 09:05:10.477,2517.0000,443414,0,0.0000,2.0000,1,1,空换,S,2517.0000,0.0000,0.0000,0.0000,0.0000,2518.0000,0.0000,0.0000,0.0000,0.0000,84,0,0,0,0,118,0,0,0,0
zc,WS301,2012-06-18 09:05:10.963,2517.0000,443414,0,0.0000,8.0000,4,4,空换,S,2517.0000,0.0000,0.0000,0.0000,0.0000,2518.0000,0.0000,0.0000,0.0000,0.0000,80,0,0,0,0,118,0,0,0,0
zc,WS301,2012-06-18 09:05:11.777,2517.0000,443416,2,0.0000,2.0000,2,0,双开,S,2517.0000,0.0000,0.0000,0.0000,0.0000,2518.0000,0.0000,0.0000,0.0000,0.0000,80,0,0,0,0,118,0,0,0,0
zc,WS301,2012-06-18 09:05:12.243,2517.0000,443416,0,0.0000,0.0000,0,0,空换,S,2517.0000,0.0000,0.0000,0.0000,0.0000,2518.0000,0.0000,0.0000,0.0000,0.0000,70,0,0,0,0,118,0,0,0,0
zc,WS301,2012-06-18 09:05:12.993,2518.0000,443412,-4,0.0000,4.0000,0,4,双平,B,2517.0000,0.0000,0.0000,0.0000,0.0000,2518.0000,0.0000,0.0000,0.0000,0.0000,70,0,0,0,0,116,0,0,0,0
zc,WS301,2012-06-18 09:05:13.760,2518.0000,443412,0,0.0000,0.0000,0,0,多换,B,2517.0000,0.0000,0.0000,0.0000,0.0000,2518.0000,0.0000,0.0000,0.0000,0.0000,69,0,0,0,0,116,0,0,0,0
zc,WS301,2012-06-18 09:05:14.493,2517.0000,443438,26,0.0000,32.0000,29,3,空开,S,2517.0000,0.0000,0.0000,0.0000,0.0000,2518.0000,0.0000,0.0000,0.0000,0.0000,67,0,0,0,0,115,0,0,0,0
zc,WS301,2012-06-18 09:05:14.947,2517.0000,443438,0,0.0000,14.0000,7,7,空换,S,2517.0000,0.0000,0.0000,0.0000,0.0000,2518.0000,0.0000,0.0000,0.0000,0.0000,196,0,0,0,0,115,0,0,0,0
zc,WS301,2012-06-18 09:05:15.713,2518.0000,443440,2,0.0000,4.0000,3,1,多开,B,2517.0000,0.0000,0.0000,0.0000,0.0000,2518.0000,0.0000,0.0000,0.0000,0.0000,195,0,0,0,0,116,0,0,0,0
zc,WS301,2012-06-18 09:05:16.227,2518.0000,443242,-198,0.0000,238.0000,20,218,空平,B,2518.0000,0.0000,0.0000,0.0000,0.0000,2519.0000,0.0000,0.0000,0.0000,0.0000,43,0,0,0,0,184,0,0,0,0
zc,WS301,2012-06-18 09:05:16.977,2518.0000,443238,-4,0.0000,14.0000,5,9,空平,B,2518.0000,0.0000,0.0000,0.0000,0.0000,2519.0000,0.0000,0.0000,0.0000,0.0000,36,0,0,0,0,195,0,0,0,0
zc,WS301,2012-06-18 09:05:17.540,2519.0000,443224,-14,0.0000,18.0000,2,16,空平,B,2518.0000,0.0000,0.0000,0.0000,0.0000,2519.0000,0.0000,0.0000,0.0000,0.0000,108,0,0,0,0,194,0,0,0,0
zc,WS301,2012-06-18 09:05:18.010,2519.0000,443224,0,0.0000,0.0000,0,0,多换,B,2518.0000,0.0000,0.0000,0.0000,0.0000,2519.0000,0.0000,0.0000,0.0000,0.0000,358,0,0,0,0,194,0,0,0,0
zc,WS301,2012-06-18 09:05:18.760,2518.0000,443222,-2,0.0000,36.0000,17,19,多平,S,2518.0000,0.0000,0.0000,0.0000,0.0000,2519.0000,0.0000,0.0000,0.0000,0.0000,343,0,0,0,0,184,0,0,0,0
zc,WS301,2012-06-18 09:05:19.540,2518.0000,443222,0,0.0000,12.0000,6,6,空换,S,2518.0000,0.0000,0.0000,0.0000,0.0000,2519.0000,0.0000,0.0000,0.0000,0.0000,339,0,0,0,0,182,0,0,0,0
zc,WS301,2012-06-18 09:05:19.977,2519.0000,443316,94,0.0000,320.0000,207,113,多开,B,2518.0000,0.0000,0.0000,0.0000,0.0000,2519.0000,0.0000,0.0000,0.0000,0.0000,342,0,0,0,0,123,0,0,0,0
zc,WS301,2012-06-18 09:05:20.760,2518.0000,443278,-38,0.0000,62.0000,12,50,多平,S,2518.0000,0.0000,0.0000,0.0000,0.0000,2519.0000,0.0000,0.0000,0.0000,0.0000,412,0,0,0,0,122,0,0,0,0
zc,WS301,2012-06-18 09:05:21.260,2518.0000,443278,0,0.0000,4.0000,2,2,空换,S,2518.0000,0.0000,0.0000,0.0000,0.0000,2519.0000,0.0000,0.0000,0.0000,0.0000,413,0,0,0,0,112,0,0,0,0
zc,WS301,2012-06-18 09:05:21.777,2519.0000,443242,-36,0.0000,38.0000,1,37,空平,B,2518.0000,0.0000,0.0000,0.0000,0.0000,2519.0000,0.0000,0.0000,0.0000,0.0000,413,0,0,0,0,97,0,0,0,0
zc,WS301,2012-06-18 09:05:22.510,2519.0000,443096,-146,0.0000,218.0000,36,182,空平,B,2519.0000,0.0000,0.0000,0.0000,0.0000,2520.0000,0.0000,0.0000,0.0000,0.0000,48,0,0,0,0,227,0,0,0,0
zc,WS301,2012-06-18 09:05:23.010,2519.0000,443096,0,0.0000,0.0000,0,0,多换,B,2519.0000,0.0000,0.0000,0.0000,0.0000,2520.0000,0.0000,0.0000,0.0000,0.0000,48,0,0,0,0,222,0,0,0,0
zc,WS301,2012-06-18 09:05:23.477,2520.0000,443106,10,0.0000,12.0000,11,1,多开,B,2519.0000,0.0000,0.0000,0.0000,0.0000,2520.0000,0.0000,0.0000,0.0000,0.0000,48,0,0,0,0,217,0,0,0,0
zc,WS301,2012-06-18 09:05:24.040,2519.0000,443096,-10,0.0000,18.0000,4,14,多平,S,2519.0000,0.0000,0.0000,0.0000,0.0000,2520.0000,0.0000,0.0000,0.0000,0.0000,40,0,0,0,0,213,0,0,0,0
zc,WS301,2012-06-18 09:05:24.760,2520.0000,443106,10,0.0000,16.0000,13,3,多开,B,2519.0000,0.0000,0.0000,0.0000,0.0000,2520.0000,0.0000,0.0000,0.0000,0.0000,39,0,0,0,0,208,0,0,0,0
zc,WS301,2012-06-18 09:05:25.260,2520.0000,443106,0,0.0000,0.0000,0,0,多换,B,2519.0000,0.0000,0.0000,0.0000,0.0000,2520.0000,0.0000,0.0000,0.0000,0.0000,40,0,0,0,0,209,0,0,0,0
zc,WS301,2012-06-18 09:05:26.010,2520.0000,443106,0,0.0000,0.0000,0,0,多换,B,2519.0000,0.0000,0.0000,0.0000,0.0000,2520.0000,0.0000,0.0000,0.0000,0.0000,40,0,0,0,0,210,0,0,0,0
zc,WS301,2012-06-18 09:05:26.510,2519.0000,443076,-30,0.0000,30.0000,0,30,双平,S,2519.0000,0.0000,0.0000,0.0000,0.0000,2520.0000,0.0000,0.0000,0.0000,0.0000,25,0,0,0,0,210,0,0,0,0
zc,WS301,2012-06-18 09:05:26.993,2519.0000,443076,0,0.0000,0.0000,0,0,空换,S,2519.0000,0.0000,0.0000,0.0000,0.0000,2520.0000,0.0000,0.0000,0.0000,0.0000,128,0,0,0,0,210,0,0,0,0
zc,WS301,2012-06-18 09:05:27.713,2519.0000,443076,0,0.0000,2.0000,1,1,空换,S,2519.0000,0.0000,0.0000,0.0000,0.0000,2520.0000,0.0000,0.0000,0.0000,0.0000,127,0,0,0,0,213,0,0,0,0
zc,WS301,2012-06-18 09:05:28.227,2520.0000,443080,4,0.0000,4.0000,4,0,双开,B,2519.0000,0.0000,0.0000,0.0000,0.0000,2520.0000,0.0000,0.0000,0.0000,0.0000,127,0,0,0,0,198,0,0,0,0
zc,WS301,2012-06-18 09:05:29.243,2520.0000,443082,2,0.0000,2.0000,2,0,双开,B,2519.0000,0.0000,0.0000,0.0000,0.0000,2520.0000,0.0000,0.0000,0.0000,0.0000,147,0,0,0,0,167,0,0,0,0
zc,WS301,2012-06-18 09:05:29.933,2520.0000,443078,-4,0.0000,8.0000,2,6,空平,B,2519.0000,0.0000,0.0000,0.0000,0.0000,2520.0000,0.0000,0.0000,0.0000,0.0000,144,0,0,0,0,167,0,0,0,0
zc,WS301,2012-06-18 09:05:30.447,2519.0000,443072,-6,0.0000,6.0000,0,6,双平,S,2519.0000,0.0000,0.0000,0.0000,0.0000,2520.0000,0.0000,0.0000,0.0000,0.0000,141,0,0,0,0,167,0,0,0,0
zc,WS301,2012-06-18 09:05:31.027,2519.0000,443090,18,0.0000,24.0000,21,3,空开,S,2519.0000,0.0000,0.0000,0.0000,0.0000,2520.0000,0.0000,0.0000,0.0000,0.0000,140,0,0,0,0,156,0,0,0,0
zc,WS301,2012-06-18 09:05:31.743,2520.0000,443100,10,0.0000,10.0000,10,0,双开,B,2519.0000,0.0000,0.0000,0.0000,0.0000,2520.0000,0.0000,0.0000,0.0000,0.0000,141,0,0,0,0,154,0,0,0,0
zc,WS301,2012-06-18 09:05:32.713,2520.0000,443100,0,0.0000,8.0000,4,4,多换,B,2519.0000,0.0000,0.0000,0.0000,0.0000,2520.0000,0.0000,0.0000,0.0000,0.0000,140,0,0,0,0,151,0,0,0,0
zc,WS301,2012-06-18 09:05:33.290,2519.0000,443098,-2,0.0000,2.0000,0,2,双平,S,2519.0000,0.0000,0.0000,0.0000,0.0000,2520.0000,0.0000,0.0000,0.0000,0.0000,139,0,0,0,0,152,0,0,0,0
zc,WS301,2012-06-18 09:05:33.947,2519.0000,443098,0,0.0000,0.0000,0,0,空换,S,2519.0000,0.0000,0.0000,0.0000,0.0000,2520.0000,0.0000,0.0000,0.0000,0.0000,139,0,0,0,0,158,0,0,0,0
zc,WS301,2012-06-18 09:05:34.510,2519.0000,443184,86,0.0000,116.0000,101,15,空开,S,2519.0000,0.0000,0.0000,0.0000,0.0000,2520.0000,0.0000,0.0000,0.0000,0.0000,86,0,0,0,0,158,0,0,0,0
zc,WS301,2012-06-18 09:05:35.227,2519.0000,443190,6,0.0000,6.0000,6,0,双开,S,2519.0000,0.0000,0.0000,0.0000,0.0000,2520.0000,0.0000,0.0000,0.0000,0.0000,84,0,0,0,0,155,0,0,0,0
zc,WS301,2012-06-18 09:05:35.713,2520.0000,443202,12,0.0000,12.0000,12,0,双开,B,2519.0000,0.0000,0.0000,0.0000,0.0000,2520.0000,0.0000,0.0000,0.0000,0.0000,84,0,0,0,0,150,0,0,0,0
zc,WS301,2012-06-18 09:05:36.227,2520.0000,443206,4,0.0000,4.0000,4,0,双开,B,2519.0000,0.0000,0.0000,0.0000,0.0000,2520.0000,0.0000,0.0000,0.0000,0.0000,84,0,0,0,0,159,0,0,0,0
zc,WS301,2012-06-18 09:05:37.010,2520.0000,443218,12,0.0000,12.0000,12,0,双开,B,2519.0000,0.0000,0.0000,0.0000,0.0000,2520.0000,0.0000,0.0000,0.0000,0.0000,83,0,0,0,0,153,0,0,0,0
zc,WS301,2012-06-18 09:05:37.527,2520.0000,443218,0,0.0000,0.0000,0,0,多换,B,2519.0000,0.0000,0.0000,0.0000,0.0000,2520.0000,0.0000,0.0000,0.0000,0.0000,83,0,0,0,0,155,0,0,0,0
zc,WS301,2012-06-18 09:05:38.010,2520.0000,443228,10,0.0000,12.0000,11,1,多开,B,2519.0000,0.0000,0.0000,0.0000,0.0000,2520.0000,0.0000,0.0000,0.0000,0.0000,78,0,0,0,0,153,0,0,0,0
zc,WS301,2012-06-18 09:05:38.477,2520.0000,443228,0,0.0000,0.0000,0,0,多换,B,2519.0000,0.0000,0.0000,0.0000,0.0000,2520.0000,0.0000,0.0000,0.0000,0.0000,78,0,0,0,0,152,0,0,0,0
zc,WS301,2012-06-18 09:05:39.260,2519.0000,443326,98,0.0000,100.0000,99,1,空开,S,2519.0000,0.0000,0.0000,0.0000,0.0000,2520.0000,0.0000,0.0000,0.0000,0.0000,48,0,0,0,0,152,0,0,0,0
zc,WS301,2012-06-18 09:05:39.713,2519.0000,443326,0,0.0000,42.0000,21,21,空换,S,2519.0000,0.0000,0.0000,0.0000,0.0000,2520.0000,0.0000,0.0000,0.0000,0.0000,47,0,0,0,0,147,0,0,0,0
zc,WS301,2012-06-18 09:05:40.433,2519.0000,443320,-6,0.0000,6.0000,0,6,双平,S,2519.0000,0.0000,0.0000,0.0000,0.0000,2520.0000,0.0000,0.0000,0.0000,0.0000,65,0,0,0,0,148,0,0,0,0
zc,WS301,2012-06-18 09:05:40.963,2519.0000,443320,0,0.0000,22.0000,11,11,空换,S,2519.0000,0.0000,0.0000,0.0000,0.0000,2520.0000,0.0000,0.0000,0.0000,0.0000,54,0,0,0,0,148,0,0,0,0
zc,WS301,2012-06-18 09:05:41.463,2520.0000,443416,96,0.0000,100.0000,98,2,多开,B,2519.0000,0.0000,0.0000,0.0000,0.0000,2520.0000,0.0000,0.0000,0.0000,0.0000,54,0,0,0,0,161,0,0,0,0
zc,WS301,2012-06-18 09:05:42.213,2520.0000,443416,0,0.0000,0.0000,0,0,多换,B,2519.0000,0.0000,0.0000,0.0000,0.0000,2520.0000,0.0000,0.0000,0.0000,0.0000,54,0,0,0,0,162,0,0,0,0
zc,WS301,2012-06-18 09:05:42.777,2519.0000,443422,6,0.0000,12.0000,9,3,空开,S,2519.0000,0.0000,0.0000,0.0000,0.0000,2520.0000,0.0000,0.0000,0.0000,0.0000,49,0,0,0,0,162,0,0,0,0
zc,WS301,2012-06-18 09:05:43.243,2519.0000,443422,0,0.0000,0.0000,0,0,空换,S,2519.0000,0.0000,0.0000,0.0000,0.0000,2520.0000,0.0000,0.0000,0.0000,0.0000,68,0,0,0,0,169,0,0,0,0
zc,WS301,2012-06-18 09:05:43.743,2520.0000,443442,20,0.0000,20.0000,20,0,双开,B,2519.0000,0.0000,0.0000,0.0000,0.0000,2520.0000,0.0000,0.0000,0.0000,0.0000,70,0,0,0,0,160,0,0,0,0
zc,WS301,2012-06-18 09:05:44.463,2519.0000,443452,10,0.0000,10.0000,10,0,双开,S,2519.0000,0.0000,0.0000,0.0000,0.0000,2520.0000,0.0000,0.0000,0.0000,0.0000,65,0,0,0,0,161,0,0,0,0
zc,WS301,2012-06-18 09:05:44.963,2519.0000,443454,2,0.0000,2.0000,2,0,双开,S,2519.0000,0.0000,0.0000,0.0000,0.0000,2520.0000,0.0000,0.0000,0.0000,0.0000,64,0,0,0,0,160,0,0,0,0
zc,WS301,2012-06-18 09:05:45.977,2520.0000,443456,2,0.0000,2.0000,2,0,双开,B,2519.0000,0.0000,0.0000,0.0000,0.0000,2520.0000,0.0000,0.0000,0.0000,0.0000,65,0,0,0,0,159,0,0,0,0
zc,WS301,2012-06-18 09:05:46.713,2520.0000,443458,2,0.0000,22.0000,12,10,多开,B,2519.0000,0.0000,0.0000,0.0000,0.0000,2520.0000,0.0000,0.0000,0.0000,0.0000,64,0,0,0,0,169,0,0,0,0
zc,WS301,2012-06-18 09:05:47.183,2520.0000,443458,0,0.0000,0.0000,0,0,多换,B,2519.0000,0.0000,0.0000,0.0000,0.0000,2520.0000,0.0000,0.0000,0.0000,0.0000,77,0,0,0,0,169,0,0,0,0
zc,WS301,2012-06-18 09:05:47.713,2520.0000,443460,2,0.0000,24.0000,13,11,多开,B,2519.0000,0.0000,0.0000,0.0000,0.0000,2520.0000,0.0000,0.0000,0.0000,0.0000,77,0,0,0,0,167,0,0,0,0
zc,WS301,2012-06-18 09:05:48.527,2520.0000,443460,0,0.0000,0.0000,0,0,多换,B,2519.0000,0.0000,0.0000,0.0000,0.0000,2520.0000,0.0000,0.0000,0.0000,0.0000,77,0,0,0,0,172,0,0,0,0
zc,WS301,2012-06-18 09:05:48.993,2520.0000,443460,0,0.0000,0.0000,0,0,多换,B,2519.0000,0.0000,0.0000,0.0000,0.0000,2520.0000,0.0000,0.0000,0.0000,0.0000,77,0,0,0,0,176,0,0,0,0
