市场代码,合约代码,时间,最新,持仓,增仓,成交额,成交量,开仓,平仓,成交类型,方向,买一价,买二价,买三价,买四价,买五价,卖一价,卖二价,卖三价,卖四价,卖五价,买一量,买二量,买三量,买四量,买五量,卖一量,卖二量,卖三量,卖四量,卖五量
zc,SR311,2012-06-04 07:53:44.427,0.0000,6,0,0.0000,0.0000,0,0,空换,S,0.0000,0.0000,0.0000,0.0000,0.0000,0.0000,0.0000,0.0000,0.0000,0.0000,0,0,0,0,0,0,0,0,0,0
zc,SR311,2012-06-04 07:56:44.427,0.0000,6,0,0.0000,0.0000,0,0,空换,S,0.0000,0.0000,0.0000,0.0000,0.0000,0.0000,0.0000,0.0000,0.0000,0.0000,0,0,0,0,0,0,0,0,0,0
zc,SR311,2012-06-04 07:59:44.427,0.0000,6,0,0.0000,0.0000,0,0,空换,S,0.0000,0.0000,0.0000,0.0000,0.0000,0.0000,0.0000,0.0000,0.0000,0.0000,0,0,0,0,0,0,0,0,0,0
zc,SR311,2012-06-04 08:04:46.393,0.0000,6,0,0.0000,0.0000,0,0,空换,S,0.0000,0.0000,0.0000,0.0000,0.0000,0.0000,0.0000,0.0000,0.0000,0.0000,0,0,0,0,0,0,0,0,0,0
zc,SR311,2012-06-04 08:20:46.377,0.0000,6,0,0.0000,0.0000,0,0,空换,S,0.0000,0.0000,0.0000,0.0000,0.0000,0.0000,0.0000,0.0000,0.0000,0.0000,0,0,0,0,0,0,0,0,0,0
zc,SR311,2012-06-04 08:22:46.377,0.0000,6,0,0.0000,0.0000,0,0,空换,S,0.0000,0.0000,0.0000,0.0000,0.0000,0.0000,0.0000,0.0000,0.0000,0.0000,0,0,0,0,0,0,0,0,0,0
zc,SR311,2012-06-04 08:29:46.377,0.0000,6,0,0.0000,0.0000,0,0,空换,S,0.0000,0.0000,0.0000,0.0000,0.0000,0.0000,0.0000,0.0000,0.0000,0.0000,0,0,0,0,0,0,0,0,0,0
zc,SR311,2012-06-04 08:35:46.347,0.0000,6,0,0.0000,0.0000,0,0,空换,S,0.0000,0.0000,0.0000,0.0000,0.0000,0.0000,0.0000,0.0000,0.0000,0.0000,0,0,0,0,0,0,0,0,0,0
zc,SR311,2012-06-04 08:54:46.347,0.0000,6,0,0.0000,0.0000,0,0,空换,S,0.0000,0.0000,0.0000,0.0000,0.0000,0.0000,0.0000,0.0000,0.0000,0.0000,0,0,0,0,0,0,0,0,0,0
zc,SR311,2012-06-04 08:55:46.363,0.0000,6,0,0.0000,0.0000,0,0,空换,S,0.0000,0.0000,0.0000,0.0000,0.0000,0.0000,0.0000,0.0000,0.0000,0.0000,0,0,0,0,0,0,0,0,0,0
zc,SR311,2012-06-04 08:59:03.270,0.0000,6,0,0.0000,0.0000,0,0,空换,S,6000.0000,0.0000,0.0000,0.0000,0.0000,6080.0000,0.0000,0.0000,0.0000,0.0000,1,0,0,0,0,1,0,0,0,0
zc,SR311,2012-06-04 09:01:21.690,0.0000,6,0,0.0000,0.0000,0,0,空换,S,6000.0000,0.0000,0.0000,0.0000,0.0000,6075.0000,0.0000,0.0000,0.0000,0.0000,1,0,0,0,0,1,0,0,0,0
zc,SR311,2012-06-04 09:01:29.190,0.0000,6,0,0.0000,0.0000,0,0,空换,S,6000.0000,0.0000,0.0000,0.0000,0.0000,6080.0000,0.0000,0.0000,0.0000,0.0000,1,0,0,0,0,1,0,0,0,0
zc,SR311,2012-06-04 09:01:33.927,0.0000,6,0,0.0000,0.0000,0,0,空换,S,6000.0000,0.0000,0.0000,0.0000,0.0000,6074.0000,0.0000,0.0000,0.0000,0.0000,1,0,0,0,0,1,0,0,0,0
zc,SR311,2012-06-04 09:01:39.223,0.0000,6,0,0.0000,0.0000,0,0,空换,S,6000.0000,0.0000,0.0000,0.0000,0.0000,6069.0000,0.0000,0.0000,0.0000,0.0000,1,0,0,0,0,1,0,0,0,0
zc,SR311,2012-06-04 09:01:42.410,0.0000,6,0,0.0000,0.0000,0,0,空换,S,6000.0000,0.0000,0.0000,0.0000,0.0000,6074.0000,0.0000,0.0000,0.0000,0.0000,1,0,0,0,0,1,0,0,0,0
zc,SR311,2012-06-04 09:01:48.677,0.0000,6,0,0.0000,0.0000,0,0,空换,S,6000.0000,0.0000,0.0000,0.0000,0.0000,6070.0000,0.0000,0.0000,0.0000,0.0000,1,0,0,0,0,1,0,0,0,0
zc,SR311,2012-06-04 09:02:09.910,0.0000,6,0,0.0000,0.0000,0,0,空换,S,6000.0000,0.0000,0.0000,0.0000,0.0000,6074.0000,0.0000,0.0000,0.0000,0.0000,1,0,0,0,0,1,0,0,0,0
zc,SR311,2012-06-04 09:02:21.410,0.0000,6,0,0.0000,0.0000,0,0,空换,S,6000.0000,0.0000,0.0000,0.0000,0.0000,6070.0000,0.0000,0.0000,0.0000,0.0000,1,0,0,0,0,1,0,0,0,0
zc,SR311,2012-06-04 09:02:26.160,0.0000,6,0,0.0000,0.0000,0,0,空换,S,6000.0000,0.0000,0.0000,0.0000,0.0000,6074.0000,0.0000,0.0000,0.0000,0.0000,1,0,0,0,0,1,0,0,0,0
zc,SR311,2012-06-04 09:02:32.160,0.0000,6,0,0.0000,0.0000,0,0,空换,S,6000.0000,0.0000,0.0000,0.0000,0.0000,6072.0000,0.0000,0.0000,0.0000,0.0000,1,0,0,0,0,1,0,0,0,0
zc,SR311,2012-06-04 09:04:36.910,0.0000,6,0,0.0000,0.0000,0,0,空换,S,6000.0000,0.0000,0.0000,0.0000,0.0000,6060.0000,0.0000,0.0000,0.0000,0.0000,1,0,0,0,0,1,0,0,0,0
zc,SR311,2012-06-04 09:04:46.363,0.0000,6,0,0.0000,0.0000,0,0,空换,S,6000.0000,0.0000,0.0000,0.0000,0.0000,6060.0000,0.0000,0.0000,0.0000,0.0000,1,0,0,0,0,1,0,0,0,0
zc,SR311,2012-06-04 09:05:46.377,0.0000,6,0,0.0000,0.0000,0,0,空换,S,6000.0000,0.0000,0.0000,0.0000,0.0000,6060.0000,0.0000,0.0000,0.0000,0.0000,1,0,0,0,0,1,0,0,0,0
zc,SR311,2012-06-04 09:06:12.677,0.0000,6,0,0.0000,0.0000,0,0,空换,S,6000.0000,0.0000,0.0000,0.0000,0.0000,6056.0000,0.0000,0.0000,0.0000,0.0000,1,0,0,0,0,1,0,0,0,0
zc,SR311,2012-06-04 09:06:25.940,0.0000,6,0,0.0000,0.0000,0,0,空换,S,6000.0000,0.0000,0.0000,0.0000,0.0000,6060.0000,0.0000,0.0000,0.0000,0.0000,1,0,0,0,0,1,0,0,0,0
zc,SR311,2012-06-04 09:06:31.160,0.0000,6,0,0.0000,0.0000,0,0,空换,S,6000.0000,0.0000,0.0000,0.0000,0.0000,6059.0000,0.0000,0.0000,0.0000,0.0000,1,0,0,0,0,1,0,0,0,0
zc,SR311,2012-06-04 09:06:41.957,0.0000,6,0,0.0000,0.0000,0,0,空换,S,6000.0000,0.0000,0.0000,0.0000,0.0000,6060.0000,0.0000,0.0000,0.0000,0.0000,1,0,0,0,0,1,0,0,0,0
zc,SR311,2012-06-04 09:07:11.677,0.0000,6,0,0.0000,0.0000,0,0,空换,S,6000.0000,0.0000,0.0000,0.0000,0.0000,6059.0000,0.0000,0.0000,0.0000,0.0000,1,0,0,0,0,1,0,0,0,0
zc,SR311,2012-06-04 09:07:36.677,0.0000,6,0,0.0000,0.0000,0,0,空换,S,6000.0000,0.0000,0.0000,0.0000,0.0000,6056.0000,0.0000,0.0000,0.0000,0.0000,1,0,0,0,0,1,0,0,0,0
zc,SR311,2012-06-04 09:08:01.957,0.0000,6,0,0.0000,0.0000,0,0,空换,S,6000.0000,0.0000,0.0000,0.0000,0.0000,6030.0000,0.0000,0.0000,0.0000,0.0000,1,0,0,0,0,1,0,0,0,0
zc,SR311,2012-06-04 09:08:46.363,0.0000,6,0,0.0000,0.0000,0,0,空换,S,6000.0000,0.0000,0.0000,0.0000,0.0000,6030.0000,0.0000,0.0000,0.0000,0.0000,1,0,0,0,0,1,0,0,0,0
zc,SR311,2012-06-04 09:10:33.893,0.0000,6,0,0.0000,0.0000,0,0,空换,S,6000.0000,0.0000,0.0000,0.0000,0.0000,6023.0000,0.0000,0.0000,0.0000,0.0000,1,0,0,0,0,1,0,0,0,0
zc,SR311,2012-06-04 09:10:47.940,0.0000,6,0,0.0000,0.0000,0,0,空换,S,6000.0000,0.0000,0.0000,0.0000,0.0000,6019.0000,0.0000,0.0000,0.0000,0.0000,1,0,0,0,0,1,0,0,0,0
zc,SR311,2012-06-04 09:11:02.660,0.0000,6,0,0.0000,0.0000,0,0,空换,S,6000.0000,0.0000,0.0000,0.0000,0.0000,6017.0000,0.0000,0.0000,0.0000,0.0000,1,0,0,0,0,1,0,0,0,0
zc,SR311,2012-06-04 09:11:08.707,0.0000,6,0,0.0000,0.0000,0,0,空换,S,6000.0000,0.0000,0.0000,0.0000,0.0000,6019.0000,0.0000,0.0000,0.0000,0.0000,1,0,0,0,0,1,0,0,0,0
zc,SR311,2012-06-04 09:11:16.910,0.0000,6,0,0.0000,0.0000,0,0,空换,S,6000.0000,0.0000,0.0000,0.0000,0.0000,6030.0000,0.0000,0.0000,0.0000,0.0000,1,0,0,0,0,1,0,0,0,0
zc,SR311,2012-06-04 09:11:23.690,0.0000,6,0,0.0000,0.0000,0,0,空换,S,6000.0000,0.0000,0.0000,0.0000,0.0000,6023.0000,0.0000,0.0000,0.0000,0.0000,1,0,0,0,0,1,0,0,0,0
zc,SR311,2012-06-04 09:11:56.707,0.0000,6,0,0.0000,0.0000,0,0,空换,S,6000.0000,0.0000,0.0000,0.0000,0.0000,6030.0000,0.0000,0.0000,0.0000,0.0000,1,0,0,0,0,1,0,0,0,0
zc,SR311,2012-06-04 09:12:10.427,0.0000,6,0,0.0000,0.0000,0,0,空换,S,6000.0000,0.0000,0.0000,0.0000,0.0000,6032.0000,0.0000,0.0000,0.0000,0.0000,1,0,0,0,0,1,0,0,0,0
zc,SR311,2012-06-04 09:12:37.177,6000.0000,6,0,0.0000,2.0000,1,1,多换,B,5922.0000,0.0000,0.0000,0.0000,0.0000,6022.0000,0.0000,0.0000,0.0000,0.0000,1,0,0,0,0,1,0,0,0,0
zc,SR311,2012-06-04 09:13:30.677,6000.0000,6,0,0.0000,0.0000,0,0,多换,B,5922.0000,0.0000,0.0000,0.0000,0.0000,6012.0000,0.0000,0.0000,0.0000,0.0000,1,0,0,0,0,1,0,0,0,0
zc,SR311,2012-06-04 09:13:39.643,6000.0000,6,0,0.0000,0.0000,0,0,多换,B,5922.0000,0.0000,0.0000,0.0000,0.0000,6010.0000,0.0000,0.0000,0.0000,0.0000,1,0,0,0,0,1,0,0,0,0
zc,SR311,2012-06-04 09:13:40.940,6000.0000,6,0,0.0000,0.0000,0,0,多换,B,5922.0000,0.0000,0.0000,0.0000,0.0000,6012.0000,0.0000,0.0000,0.0000,0.0000,1,0,0,0,0,1,0,0,0,0
zc,SR311,2012-06-04 09:14:14.660,6000.0000,6,0,0.0000,0.0000,0,0,多换,B,5918.0000,0.0000,0.0000,0.0000,0.0000,6012.0000,0.0000,0.0000,0.0000,0.0000,1,0,0,0,0,1,0,0,0,0
zc,SR311,2012-06-04 09:14:17.723,6000.0000,6,0,0.0000,0.0000,0,0,多换,B,5918.0000,0.0000,0.0000,0.0000,0.0000,6022.0000,0.0000,0.0000,0.0000,0.0000,1,0,0,0,0,1,0,0,0,0
zc,SR311,2012-06-04 09:14:20.677,6000.0000,6,0,0.0000,0.0000,0,0,多换,B,5918.0000,0.0000,0.0000,0.0000,0.0000,6019.0000,0.0000,0.0000,0.0000,0.0000,1,0,0,0,0,1,0,0,0,0
zc,SR311,2012-06-04 09:14:46.363,6000.0000,6,0,0.0000,0.0000,0,0,多换,B,5918.0000,0.0000,0.0000,0.0000,0.0000,6019.0000,0.0000,0.0000,0.0000,0.0000,1,0,0,0,0,1,0,0,0,0
zc,SR311,2012-06-04 09:15:05.410,6000.0000,6,0,0.0000,0.0000,0,0,多换,B,5918.0000,0.0000,0.0000,0.0000,0.0000,6022.0000,0.0000,0.0000,0.0000,0.0000,1,0,0,0,0,1,0,0,0,0
zc,SR311,2012-06-04 09:15:12.927,6000.0000,6,0,0.0000,0.0000,0,0,多换,B,5918.0000,0.0000,0.0000,0.0000,0.0000,6009.0000,0.0000,0.0000,0.0000,0.0000,1,0,0,0,0,1,0,0,0,0
zc,SR311,2012-06-04 09:15:21.393,6000.0000,6,0,0.0000,0.0000,0,0,多换,B,5919.0000,0.0000,0.0000,0.0000,0.0000,6009.0000,0.0000,0.0000,0.0000,0.0000,1,0,0,0,0,1,0,0,0,0
zc,SR311,2012-06-04 09:15:34.643,6000.0000,6,0,0.0000,0.0000,0,0,多换,B,5919.0000,0.0000,0.0000,0.0000,0.0000,6022.0000,0.0000,0.0000,0.0000,0.0000,1,0,0,0,0,1,0,0,0,0
zc,SR311,2012-06-04 09:16:41.893,6000.0000,6,0,0.0000,0.0000,0,0,多换,B,5921.0000,0.0000,0.0000,0.0000,0.0000,6022.0000,0.0000,0.0000,0.0000,0.0000,1,0,0,0,0,1,0,0,0,0
zc,SR311,2012-06-04 09:16:45.377,6000.0000,6,0,0.0000,0.0000,0,0,多换,B,5921.0000,0.0000,0.0000,0.0000,0.0000,6022.0000,0.0000,0.0000,0.0000,0.0000,2,0,0,0,0,1,0,0,0,0
zc,SR311,2012-06-04 09:18:01.377,6000.0000,6,0,0.0000,0.0000,0,0,多换,B,5921.0000,0.0000,0.0000,0.0000,0.0000,6018.0000,0.0000,0.0000,0.0000,0.0000,2,0,0,0,0,1,0,0,0,0
zc,SR311,2012-06-04 09:18:13.893,6000.0000,6,0,0.0000,0.0000,0,0,多换,B,5921.0000,0.0000,0.0000,0.0000,0.0000,6022.0000,0.0000,0.0000,0.0000,0.0000,2,0,0,0,0,1,0,0,0,0
zc,SR311,2012-06-04 09:18:21.863,6000.0000,6,0,0.0000,0.0000,0,0,多换,B,5921.0000,0.0000,0.0000,0.0000,0.0000,6018.0000,0.0000,0.0000,0.0000,0.0000,2,0,0,0,0,1,0,0,0,0
zc,SR311,2012-06-04 09:18:51.627,6000.0000,6,0,0.0000,0.0000,0,0,多换,B,5921.0000,0.0000,0.0000,0.0000,0.0000,6022.0000,0.0000,0.0000,0.0000,0.0000,2,0,0,0,0,1,0,0,0,0
zc,SR311,2012-06-04 09:19:13.677,6000.0000,6,0,0.0000,0.0000,0,0,多换,B,5921.0000,0.0000,0.0000,0.0000,0.0000,6021.0000,0.0000,0.0000,0.0000,0.0000,2,0,0,0,0,1,0,0,0,0
zc,SR311,2012-06-04 09:19:32.363,6000.0000,6,0,0.0000,0.0000,0,0,多换,B,5921.0000,0.0000,0.0000,0.0000,0.0000,6022.0000,0.0000,0.0000,0.0000,0.0000,2,0,0,0,0,1,0,0,0,0
zc,SR311,2012-06-04 09:19:34.160,6000.0000,6,0,0.0000,0.0000,0,0,多换,B,5921.0000,0.0000,0.0000,0.0000,0.0000,6019.0000,0.0000,0.0000,0.0000,0.0000,2,0,0,0,0,1,0,0,0,0
zc,SR311,2012-06-04 09:19:47.660,6000.0000,6,0,0.0000,0.0000,0,0,多换,B,5921.0000,0.0000,0.0000,0.0000,0.0000,6022.0000,0.0000,0.0000,0.0000,0.0000,2,0,0,0,0,1,0,0,0,0
zc,SR311,2012-06-04 09:19:54.177,6000.0000,6,0,0.0000,0.0000,0,0,多换,B,5921.0000,0.0000,0.0000,0.0000,0.0000,6021.0000,0.0000,0.0000,0.0000,0.0000,2,0,0,0,0,1,0,0,0,0
zc,SR311,2012-06-04 09:20:31.377,6000.0000,6,0,0.0000,0.0000,0,0,多换,B,5921.0000,0.0000,0.0000,0.0000,0.0000,6022.0000,0.0000,0.0000,0.0000,0.0000,2,0,0,0,0,1,0,0,0,0
zc,SR311,2012-06-04 09:21:05.377,6000.0000,6,0,0.0000,0.0000,0,0,多换,B,5926.0000,0.0000,0.0000,0.0000,0.0000,6022.0000,0.0000,0.0000,0.0000,0.0000,1,0,0,0,0,1,0,0,0,0
zc,SR311,2012-06-04 09:21:34.377,6000.0000,6,0,0.0000,0.0000,0,0,多换,B,5921.0000,0.0000,0.0000,0.0000,0.0000,6022.0000,0.0000,0.0000,0.0000,0.0000,2,0,0,0,0,1,0,0,0,0
zc,SR311,2012-06-04 09:21:35.660,6000.0000,6,0,0.0000,0.0000,0,0,多换,B,5921.0000,0.0000,0.0000,0.0000,0.0000,6019.0000,0.0000,0.0000,0.0000,0.0000,2,0,0,0,0,1,0,0,0,0
zc,SR311,2012-06-04 09:21:39.643,6000.0000,6,0,0.0000,0.0000,0,0,多换,B,5921.0000,0.0000,0.0000,0.0000,0.0000,6022.0000,0.0000,0.0000,0.0000,0.0000,2,0,0,0,0,1,0,0,0,0
zc,SR311,2012-06-04 09:21:43.143,6000.0000,6,0,0.0000,0.0000,0,0,多换,B,5921.0000,0.0000,0.0000,0.0000,0.0000,6018.0000,0.0000,0.0000,0.0000,0.0000,2,0,0,0,0,1,0,0,0,0
zc,SR311,2012-06-04 09:21:43.410,6000.0000,6,0,0.0000,0.0000,0,0,多换,B,5921.0000,0.0000,0.0000,0.0000,0.0000,6022.0000,0.0000,0.0000,0.0000,0.0000,2,0,0,0,0,1,0,0,0,0
zc,SR311,2012-06-04 09:21:45.910,6000.0000,6,0,0.0000,0.0000,0,0,多换,B,5928.0000,0.0000,0.0000,0.0000,0.0000,6022.0000,0.0000,0.0000,0.0000,0.0000,1,0,0,0,0,1,0,0,0,0
zc,SR311,2012-06-04 09:22:11.627,6000.0000,6,0,0.0000,0.0000,0,0,多换,B,5933.0000,0.0000,0.0000,0.0000,0.0000,6022.0000,0.0000,0.0000,0.0000,0.0000,1,0,0,0,0,1,0,0,0,0
zc,SR311,2012-06-04 09:22:46.347,6000.0000,6,0,0.0000,0.0000,0,0,多换,B,5933.0000,0.0000,0.0000,0.0000,0.0000,6022.0000,0.0000,0.0000,0.0000,0.0000,1,0,0,0,0,1,0,0,0,0
zc,SR311,2012-06-04 09:23:05.863,6000.0000,6,0,0.0000,0.0000,0,0,多换,B,5921.0000,0.0000,0.0000,0.0000,0.0000,6022.0000,0.0000,0.0000,0.0000,0.0000,2,0,0,0,0,1,0,0,0,0
zc,SR311,2012-06-04 09:23:58.113,6000.0000,6,0,0.0000,0.0000,0,0,多换,B,5930.0000,0.0000,0.0000,0.0000,0.0000,6022.0000,0.0000,0.0000,0.0000,0.0000,1,0,0,0,0,1,0,0,0,0
zc,SR311,2012-06-04 09:24:23.363,6000.0000,6,0,0.0000,0.0000,0,0,多换,B,5921.0000,0.0000,0.0000,0.0000,0.0000,6022.0000,0.0000,0.0000,0.0000,0.0000,2,0,0,0,0,1,0,0,0,0
zc,SR311,2012-06-04 09:24:48.113,6000.0000,6,0,0.0000,0.0000,0,0,多换,B,5931.0000,0.0000,0.0000,0.0000,0.0000,6022.0000,0.0000,0.0000,0.0000,0.0000,1,0,0,0,0,1,0,0,0,0
zc,SR311,2012-06-04 09:25:09.410,6000.0000,6,0,0.0000,0.0000,0,0,多换,B,5921.0000,0.0000,0.0000,0.0000,0.0000,6022.0000,0.0000,0.0000,0.0000,0.0000,2,0,0,0,0,1,0,0,0,0
zc,SR311,2012-06-04 09:25:18.393,6000.0000,6,0,0.0000,0.0000,0,0,多换,B,5928.0000,0.0000,0.0000,0.0000,0.0000,6022.0000,0.0000,0.0000,0.0000,0.0000,1,0,0,0,0,1,0,0,0,0
zc,SR311,2012-06-04 09:25:31.613,6000.0000,6,0,0.0000,0.0000,0,0,多换,B,5921.0000,0.0000,0.0000,0.0000,0.0000,6022.0000,0.0000,0.0000,0.0000,0.0000,2,0,0,0,0,1,0,0,0,0
zc,SR311,2012-06-04 09:25:46.363,6000.0000,6,0,0.0000,0.0000,0,0,多换,B,5921.0000,0.0000,0.0000,0.0000,0.0000,6022.0000,0.0000,0.0000,0.0000,0.0000,2,0,0,0,0,1,0,0,0,0
zc,SR311,2012-06-04 09:25:58.377,6000.0000,6,0,0.0000,0.0000,0,0,多换,B,5921.0000,0.0000,0.0000,0.0000,0.0000,6020.0000,0.0000,0.0000,0.0000,0.0000,2,0,0,0,0,1,0,0,0,0
zc,SR311,2012-06-04 09:26:09.643,6000.0000,6,0,0.0000,0.0000,0,0,多换,B,5921.0000,0.0000,0.0000,0.0000,0.0000,6022.0000,0.0000,0.0000,0.0000,0.0000,2,0,0,0,0,1,0,0,0,0
zc,SR311,2012-06-04 09:26:28.613,6000.0000,6,0,0.0000,0.0000,0,0,多换,B,5921.0000,0.0000,0.0000,0.0000,0.0000,6019.0000,0.0000,0.0000,0.0000,0.0000,2,0,0,0,0,1,0,0,0,0
zc,SR311,2012-06-04 09:26:36.377,6000.0000,6,0,0.0000,0.0000,0,0,多换,B,5928.0000,0.0000,0.0000,0.0000,0.0000,6019.0000,0.0000,0.0000,0.0000,0.0000,1,0,0,0,0,1,0,0,0,0
zc,SR311,2012-06-04 09:26:38.127,6000.0000,6,0,0.0000,0.0000,0,0,多换,B,5921.0000,0.0000,0.0000,0.0000,0.0000,6019.0000,0.0000,0.0000,0.0000,0.0000,2,0,0,0,0,1,0,0,0,0
zc,SR311,2012-06-04 09:26:39.893,6000.0000,6,0,0.0000,0.0000,0,0,多换,B,5921.0000,0.0000,0.0000,0.0000,0.0000,6018.0000,0.0000,0.0000,0.0000,0.0000,2,0,0,0,0,1,0,0,0,0
zc,SR311,2012-06-04 09:27:23.627,6000.0000,6,0,0.0000,0.0000,0,0,多换,B,5921.0000,0.0000,0.0000,0.0000,0.0000,6005.0000,0.0000,0.0000,0.0000,0.0000,1,0,0,0,0,1,0,0,0,0
zc,SR311,2012-06-04 09:27:27.143,6000.0000,6,0,0.0000,0.0000,0,0,多换,B,5921.0000,0.0000,0.0000,0.0000,0.0000,6018.0000,0.0000,0.0000,0.0000,0.0000,2,0,0,0,0,1,0,0,0,0
zc,SR311,2012-06-04 09:27:32.347,6000.0000,6,0,0.0000,0.0000,0,0,多换,B,5921.0000,0.0000,0.0000,0.0000,0.0000,6022.0000,0.0000,0.0000,0.0000,0.0000,2,0,0,0,0,1,0,0,0,0
zc,SR311,2012-06-04 09:27:32.877,6000.0000,6,0,0.0000,0.0000,0,0,多换,B,5921.0000,0.0000,0.0000,0.0000,0.0000,6022.0000,0.0000,0.0000,0.0000,0.0000,1,0,0,0,0,1,0,0,0,0
zc,SR311,2012-06-04 09:28:00.893,6000.0000,6,0,0.0000,0.0000,0,0,多换,B,5919.0000,0.0000,0.0000,0.0000,0.0000,6022.0000,0.0000,0.0000,0.0000,0.0000,1,0,0,0,0,1,0,0,0,0
zc,SR311,2012-06-04 09:28:43.660,6000.0000,6,0,0.0000,0.0000,0,0,多换,B,5918.0000,0.0000,0.0000,0.0000,0.0000,6022.0000,0.0000,0.0000,0.0000,0.0000,1,0,0,0,0,1,0,0,0,0
zc,SR311,2012-06-04 09:28:46.363,6000.0000,6,0,0.0000,0.0000,0,0,多换,B,5918.0000,0.0000,0.0000,0.0000,0.0000,6022.0000,0.0000,0.0000,0.0000,0.0000,1,0,0,0,0,1,0,0,0,0
zc,SR311,2012-06-04 09:29:18.410,6000.0000,6,0,0.0000,0.0000,0,0,多换,B,5925.0000,0.0000,0.0000,0.0000,0.0000,6022.0000,0.0000,0.0000,0.0000,0.0000,1,0,0,0,0,1,0,0,0,0
zc,SR311,2012-06-04 09:29:22.393,6000.0000,6,0,0.0000,0.0000,0,0,多换,B,5927.0000,0.0000,0.0000,0.0000,0.0000,6022.0000,0.0000,0.0000,0.0000,0.0000,1,0,0,0,0,1,0,0,0,0
zc,SR311,2012-06-04 09:29:22.940,6000.0000,6,0,0.0000,0.0000,0,0,多换,B,5925.0000,0.0000,0.0000,0.0000,0.0000,6022.0000,0.0000,0.0000,0.0000,0.0000,1,0,0,0,0,1,0,0,0,0
zc,SR311,2012-06-04 09:29:23.957,6000.0000,6,0,0.0000,0.0000,0,0,多换,B,5918.0000,0.0000,0.0000,0.0000,0.0000,6022.0000,0.0000,0.0000,0.0000,0.0000,1,0,0,0,0,1,0,0,0,0
zc,SR311,2012-06-04 09:29:36.127,6000.0000,6,0,0.0000,0.0000,0,0,多换,B,5926.0000,0.0000,0.0000,0.0000,0.0000,6022.0000,0.0000,0.0000,0.0000,0.0000,1,0,0,0,0,1,0,0,0,0
zc,SR311,2012-06-04 09:29:39.160,6000.0000,6,0,0.0000,0.0000,0,0,多换,B,5918.0000,0.0000,0.0000,0.0000,0.0000,6022.0000,0.0000,0.0000,0.0000,0.0000,1,0,0,0,0,1,0,0,0,0
zc,SR311,2012-06-04 09:30:34.127,6000.0000,6,0,0.0000,0.0000,0,0,多换,B,5918.0000,0.0000,0.0000,0.0000,0.0000,6005.0000,0.0000,0.0000,0.0000,0.0000,1,0,0,0,0,1,0,0,0,0
zc,SR311,2012-06-04 09:30:46.643,6000.0000,6,0,0.0000,0.0000,0,0,多换,B,5913.0000,0.0000,0.0000,0.0000,0.0000,6005.0000,0.0000,0.0000,0.0000,0.0000,1,0,0,0,0,1,0,0,0,0
zc,SR311,2012-06-04 09:30:47.393,6000.0000,6,0,0.0000,0.0000,0,0,多换,B,5913.0000,0.0000,0.0000,0.0000,0.0000,6002.0000,0.0000,0.0000,0.0000,0.0000,1,0,0,0,0,1,0,0,0,0
zc,SR311,2012-06-04 09:30:48.393,6000.0000,6,0,0.0000,0.0000,0,0,多换,B,5913.0000,0.0000,0.0000,0.0000,0.0000,6005.0000,0.0000,0.0000,0.0000,0.0000,1,0,0,0,0,1,0,0,0,0
zc,SR311,2012-06-04 09:30:55.393,6000.0000,6,0,0.0000,0.0000,0,0,多换,B,5913.0000,0.0000,0.0000,0.0000,0.0000,6002.0000,0.0000,0.0000,0.0000,0.0000,1,0,0,0,0,1,0,0,0,0
zc,SR311,2012-06-04 09:31:10.127,6000.0000,6,0,0.0000,0.0000,0,0,多换,B,5913.0000,0.0000,0.0000,0.0000,0.0000,6005.0000,0.0000,0.0000,0.0000,0.0000,1,0,0,0,0,1,0,0,0,0
zc,SR311,2012-06-04 09:31:12.127,6000.0000,6,0,0.0000,0.0000,0,0,多换,B,5913.0000,0.0000,0.0000,0.0000,0.0000,6022.0000,0.0000,0.0000,0.0000,0.0000,1,0,0,0,0,1,0,0,0,0
zc,SR311,2012-06-04 09:31:15.377,6000.0000,6,0,0.0000,0.0000,0,0,多换,B,5907.0000,0.0000,0.0000,0.0000,0.0000,5997.0000,0.0000,0.0000,0.0000,0.0000,1,0,0,0,0,1,0,0,0,0
zc,SR311,2012-06-04 09:31:16.877,6000.0000,6,0,0.0000,0.0000,0,0,多换,B,5907.0000,0.0000,0.0000,0.0000,0.0000,6022.0000,0.0000,0.0000,0.0000,0.0000,1,0,0,0,0,1,0,0,0,0
zc,SR311,2012-06-04 09:34:08.097,6000.0000,6,0,0.0000,0.0000,0,0,多换,B,5907.0000,0.0000,0.0000,0.0000,0.0000,6003.0000,0.0000,0.0000,0.0000,0.0000,1,0,0,0,0,1,0,0,0,0
zc,SR311,2012-06-04 09:34:08.643,6000.0000,6,0,0.0000,0.0000,0,0,多换,B,5907.0000,0.0000,0.0000,0.0000,0.0000,6002.0000,0.0000,0.0000,0.0000,0.0000,1,0,0,0,0,1,0,0,0,0
zc,SR311,2012-06-04 09:34:16.893,6000.0000,6,0,0.0000,0.0000,0,0,多换,B,5907.0000,0.0000,0.0000,0.0000,0.0000,6003.0000,0.0000,0.0000,0.0000,0.0000,1,0,0,0,0,1,0,0,0,0
zc,SR311,2012-06-04 09:35:01.440,6000.0000,6,0,0.0000,0.0000,0,0,多换,B,5903.0000,0.0000,0.0000,0.0000,0.0000,6003.0000,0.0000,0.0000,0.0000,0.0000,1,0,0,0,0,1,0,0,0,0
zc,SR311,2012-06-04 09:35:01.910,6000.0000,6,0,0.0000,0.0000,0,0,多换,B,5903.0000,0.0000,0.0000,0.0000,0.0000,5991.0000,0.0000,0.0000,0.0000,0.0000,1,0,0,0,0,1,0,0,0,0
zc,SR311,2012-06-04 09:35:02.643,6000.0000,6,0,0.0000,0.0000,0,0,多换,B,5898.0000,0.0000,0.0000,0.0000,0.0000,5991.0000,0.0000,0.0000,0.0000,0.0000,1,0,0,0,0,1,0,0,0,0
zc,SR311,2012-06-04 09:35:05.190,6000.0000,6,0,0.0000,0.0000,0,0,多换,B,5898.0000,0.0000,0.0000,0.0000,0.0000,6002.0000,0.0000,0.0000,0.0000,0.0000,1,0,0,0,0,1,0,0,0,0
zc,SR311,2012-06-04 09:35:21.127,6000.0000,6,0,0.0000,0.0000,0,0,多换,B,5898.0000,0.0000,0.0000,0.0000,0.0000,5995.0000,0.0000,0.0000,0.0000,0.0000,1,0,0,0,0,1,0,0,0,0
zc,SR311,2012-06-04 09:35:25.427,6000.0000,6,0,0.0000,0.0000,0,0,多换,B,5898.0000,0.0000,0.0000,0.0000,0.0000,6002.0000,0.0000,0.0000,0.0000,0.0000,1,0,0,0,0,1,0,0,0,0
zc,SR311,2012-06-04 09:35:26.160,6000.0000,6,0,0.0000,0.0000,0,0,多换,B,5898.0000,0.0000,0.0000,0.0000,0.0000,5995.0000,0.0000,0.0000,0.0000,0.0000,1,0,0,0,0,1,0,0,0,0
zc,SR311,2012-06-04 09:35:31.643,6000.0000,6,0,0.0000,0.0000,0,0,多换,B,5898.0000,0.0000,0.0000,0.0000,0.0000,5993.0000,0.0000,0.0000,0.0000,0.0000,1,0,0,0,0,1,0,0,0,0
zc,SR311,2012-06-04 09:35:38.160,6000.0000,6,0,0.0000,0.0000,0,0,多换,B,5898.0000,0.0000,0.0000,0.0000,0.0000,5995.0000,0.0000,0.0000,0.0000,0.0000,1,0,0,0,0,1,0,0,0,0
zc,SR311,2012-06-04 09:35:50.363,6000.0000,6,0,0.0000,0.0000,0,0,多换,B,5899.0000,0.0000,0.0000,0.0000,0.0000,5995.0000,0.0000,0.0000,0.0000,0.0000,1,0,0,0,0,1,0,0,0,0
zc,SR311,2012-06-04 09:36:02.863,6000.0000,6,0,0.0000,0.0000,0,0,多换,B,5899.0000,0.0000,0.0000,0.0000,0.0000,5986.0000,0.0000,0.0000,0.0000,0.0000,1,0,0,0,0,1,0,0,0,0
zc,SR311,2012-06-04 09:36:04.160,6000.0000,6,0,0.0000,0.0000,0,0,多换,B,5902.0000,0.0000,0.0000,0.0000,0.0000,5995.0000,0.0000,0.0000,0.0000,0.0000,1,0,0,0,0,1,0,0,0,0
zc,SR311,2012-06-04 09:36:04.597,6000.0000,6,0,0.0000,0.0000,0,0,多换,B,5899.0000,0.0000,0.0000,0.0000,0.0000,5995.0000,0.0000,0.0000,0.0000,0.0000,1,0,0,0,0,1,0,0,0,0
zc,SR311,2012-06-04 09:36:08.627,6000.0000,6,0,0.0000,0.0000,0,0,多换,B,5899.0000,0.0000,0.0000,0.0000,0.0000,5992.0000,0.0000,0.0000,0.0000,0.0000,1,0,0,0,0,1,0,0,0,0
zc,SR311,2012-06-04 09:36:18.643,6000.0000,6,0,0.0000,0.0000,0,0,多换,B,5898.0000,0.0000,0.0000,0.0000,0.0000,5983.0000,0.0000,0.0000,0.0000,0.0000,1,0,0,0,0,1,0,0,0,0
zc,SR311,2012-06-04 09:36:19.127,6000.0000,6,0,0.0000,0.0000,0,0,多换,B,5899.0000,0.0000,0.0000,0.0000,0.0000,5992.0000,0.0000,0.0000,0.0000,0.0000,1,0,0,0,0,1,0,0,0,0
zc,SR311,2012-06-04 09:36:20.410,6000.0000,6,0,0.0000,0.0000,0,0,多换,B,5898.0000,0.0000,0.0000,0.0000,0.0000,5992.0000,0.0000,0.0000,0.0000,0.0000,1,0,0,0,0,1,0,0,0,0
zc,SR311,2012-06-04 09:36:42.893,6000.0000,6,0,0.0000,0.0000,0,0,多换,B,5898.0000,0.0000,0.0000,0.0000,0.0000,5995.0000,0.0000,0.0000,0.0000,0.0000,1,0,0,0,0,1,0,0,0,0
zc,SR311,2012-06-04 09:37:13.127,6000.0000,6,0,0.0000,0.0000,0,0,多换,B,5905.0000,0.0000,0.0000,0.0000,0.0000,5995.0000,0.0000,0.0000,0.0000,0.0000,1,0,0,0,0,1,0,0,0,0
zc,SR311,2012-06-04 09:37:13.613,6000.0000,6,0,0.0000,0.0000,0,0,多换,B,5911.0000,0.0000,0.0000,0.0000,0.0000,6002.0000,0.0000,0.0000,0.0000,0.0000,1,0,0,0,0,1,0,0,0,0
zc,SR311,2012-06-04 09:37:14.910,6000.0000,6,0,0.0000,0.0000,0,0,多换,B,5905.0000,0.0000,0.0000,0.0000,0.0000,6002.0000,0.0000,0.0000,0.0000,0.0000,1,0,0,0,0,1,0,0,0,0
zc,SR311,2012-06-04 09:37:18.910,6000.0000,6,0,0.0000,0.0000,0,0,多换,B,5898.0000,0.0000,0.0000,0.0000,0.0000,6002.0000,0.0000,0.0000,0.0000,0.0000,1,0,0,0,0,1,0,0,0,0
zc,SR311,2012-06-04 09:37:45.143,6000.0000,6,0,0.0000,0.0000,0,0,多换,B,5907.0000,0.0000,0.0000,0.0000,0.0000,6002.0000,0.0000,0.0000,0.0000,0.0000,1,0,0,0,0,1,0,0,0,0
zc,SR311,2012-06-04 09:37:47.377,6000.0000,6,0,0.0000,0.0000,0,0,多换,B,5898.0000,0.0000,0.0000,0.0000,0.0000,6002.0000,0.0000,0.0000,0.0000,0.0000,1,0,0,0,0,1,0,0,0,0
zc,SR311,2012-06-04 09:37:55.347,6000.0000,6,0,0.0000,0.0000,0,0,多换,B,5905.0000,0.0000,0.0000,0.0000,0.0000,6002.0000,0.0000,0.0000,0.0000,0.0000,1,0,0,0,0,1,0,0,0,0
zc,SR311,2012-06-04 09:38:45.377,6000.0000,6,0,0.0000,0.0000,0,0,多换,B,5898.0000,0.0000,0.0000,0.0000,0.0000,6002.0000,0.0000,0.0000,0.0000,0.0000,1,0,0,0,0,1,0,0,0,0
zc,SR311,2012-06-04 09:38:57.613,6000.0000,6,0,0.0000,0.0000,0,0,多换,B,5912.0000,0.0000,0.0000,0.0000,0.0000,6002.0000,0.0000,0.0000,0.0000,0.0000,1,0,0,0,0,1,0,0,0,0
zc,SR311,2012-06-04 09:38:58.363,6000.0000,6,0,0.0000,0.0000,0,0,多换,B,5898.0000,0.0000,0.0000,0.0000,0.0000,5996.0000,0.0000,0.0000,0.0000,0.0000,1,0,0,0,0,1,0,0,0,0
zc,SR311,2012-06-04 09:38:59.363,6000.0000,6,0,0.0000,0.0000,0,0,多换,B,5898.0000,0.0000,0.0000,0.0000,0.0000,6002.0000,0.0000,0.0000,0.0000,0.0000,1,0,0,0,0,1,0,0,0,0
zc,SR311,2012-06-04 09:39:45.910,6000.0000,6,0,0.0000,0.0000,0,0,多换,B,5898.0000,0.0000,0.0000,0.0000,0.0000,5998.0000,0.0000,0.0000,0.0000,0.0000,1,0,0,0,0,1,0,0,0,0
zc,SR311,2012-06-04 09:40:02.143,6000.0000,6,0,0.0000,0.0000,0,0,多换,B,5898.0000,0.0000,0.0000,0.0000,0.0000,6002.0000,0.0000,0.0000,0.0000,0.0000,1,0,0,0,0,1,0,0,0,0
zc,SR311,2012-06-04 09:40:07.097,6000.0000,6,0,0.0000,0.0000,0,0,多换,B,5898.0000,0.0000,0.0000,0.0000,0.0000,5999.0000,0.0000,0.0000,0.0000,0.0000,1,0,0,0,0,1,0,0,0,0
zc,SR311,2012-06-04 09:40:20.143,6000.0000,6,0,0.0000,0.0000,0,0,多换,B,5898.0000,0.0000,0.0000,0.0000,0.0000,6002.0000,0.0000,0.0000,0.0000,0.0000,1,0,0,0,0,1,0,0,0,0
zc,SR311,2012-06-04 09:40:46.317,6000.0000,6,0,0.0000,0.0000,0,0,多换,B,5898.0000,0.0000,0.0000,0.0000,0.0000,6002.0000,0.0000,0.0000,0.0000,0.0000,1,0,0,0,0,1,0,0,0,0
zc,SR311,2012-06-04 09:41:08.127,6000.0000,6,0,0.0000,0.0000,0,0,多换,B,5898.0000,0.0000,0.0000,0.0000,0.0000,6000.0000,0.0000,0.0000,0.0000,0.0000,1,0,0,0,0,1,0,0,0,0
zc,SR311,2012-06-04 09:41:24.393,6000.0000,6,0,0.0000,0.0000,0,0,多换,B,5909.0000,0.0000,0.0000,0.0000,0.0000,6000.0000,0.0000,0.0000,0.0000,0.0000,1,0,0,0,0,1,0,0,0,0
zc,SR311,2012-06-04 09:41:29.127,6000.0000,6,0,0.0000,0.0000,0,0,多换,B,5909.0000,0.0000,0.0000,0.0000,0.0000,6002.0000,0.0000,0.0000,0.0000,0.0000,1,0,0,0,0,1,0,0,0,0
zc,SR311,2012-06-04 09:41:46.317,6000.0000,6,0,0.0000,0.0000,0,0,多换,B,5909.0000,0.0000,0.0000,0.0000,0.0000,6002.0000,0.0000,0.0000,0.0000,0.0000,1,0,0,0,0,1,0,0,0,0
zc,SR311,2012-06-04 09:43:25.410,6000.0000,6,0,0.0000,0.0000,0,0,多换,B,5909.0000,0.0000,0.0000,0.0000,0.0000,5998.0000,0.0000,0.0000,0.0000,0.0000,1,0,0,0,0,1,0,0,0,0
zc,SR311,2012-06-04 09:43:28.893,6000.0000,6,0,0.0000,0.0000,0,0,多换,B,5909.0000,0.0000,0.0000,0.0000,0.0000,6002.0000,0.0000,0.0000,0.0000,0.0000,1,0,0,0,0,1,0,0,0,0
zc,SR311,2012-06-04 09:43:36.863,6000.0000,6,0,0.0000,0.0000,0,0,多换,B,5909.0000,0.0000,0.0000,0.0000,0.0000,5998.0000,0.0000,0.0000,0.0000,0.0000,1,0,0,0,0,1,0,0,0,0
zc,SR311,2012-06-04 09:43:51.677,6000.0000,6,0,0.0000,0.0000,0,0,多换,B,5909.0000,0.0000,0.0000,0.0000,0.0000,6002.0000,0.0000,0.0000,0.0000,0.0000,1,0,0,0,0,1,0,0,0,0
zc,SR311,2012-06-04 09:43:59.877,6000.0000,6,0,0.0000,0.0000,0,0,多换,B,5909.0000,0.0000,0.0000,0.0000,0.0000,5998.0000,0.0000,0.0000,0.0000,0.0000,1,0,0,0,0,1,0,0,0,0
zc,SR311,2012-06-04 09:44:38.627,6000.0000,6,0,0.0000,0.0000,0,0,多换,B,5898.0000,0.0000,0.0000,0.0000,0.0000,5993.0000,0.0000,0.0000,0.0000,0.0000,1,0,0,0,0,1,0,0,0,0
zc,SR311,2012-06-04 09:44:46.317,6000.0000,6,0,0.0000,0.0000,0,0,多换,B,5898.0000,0.0000,0.0000,0.0000,0.0000,5993.0000,0.0000,0.0000,0.0000,0.0000,1,0,0,0,0,1,0,0,0,0
zc,SR311,2012-06-04 09:44:51.613,6000.0000,6,0,0.0000,0.0000,0,0,多换,B,5907.0000,0.0000,0.0000,0.0000,0.0000,5993.0000,0.0000,0.0000,0.0000,0.0000,1,0,0,0,0,1,0,0,0,0
zc,SR311,2012-06-04 09:45:12.143,6000.0000,6,0,0.0000,0.0000,0,0,多换,B,5898.0000,0.0000,0.0000,0.0000,0.0000,5993.0000,0.0000,0.0000,0.0000,0.0000,1,0,0,0,0,1,0,0,0,0
zc,SR311,2012-06-04 09:45:16.613,6000.0000,6,0,0.0000,0.0000,0,0,多换,B,5898.0000,0.0000,0.0000,0.0000,0.0000,6002.0000,0.0000,0.0000,0.0000,0.0000,1,0,0,0,0,1,0,0,0,0
zc,SR311,2012-06-04 09:45:18.113,6000.0000,6,0,0.0000,0.0000,0,0,多换,B,5898.0000,0.0000,0.0000,0.0000,0.0000,5995.0000,0.0000,0.0000,0.0000,0.0000,1,0,0,0,0,1,0,0,0,0
zc,SR311,2012-06-04 09:45:22.143,6000.0000,6,0,0.0000,0.0000,0,0,多换,B,5908.0000,0.0000,0.0000,0.0000,0.0000,5995.0000,0.0000,0.0000,0.0000,0.0000,1,0,0,0,0,1,0,0,0,0
zc,SR311,2012-06-04 09:45:23.877,6000.0000,6,0,0.0000,0.0000,0,0,多换,B,5908.0000,0.0000,0.0000,0.0000,0.0000,6002.0000,0.0000,0.0000,0.0000,0.0000,1,0,0,0,0,1,0,0,0,0
zc,SR311,2012-06-04 09:45:27.627,6000.0000,6,0,0.0000,0.0000,0,0,多换,B,5908.0000,0.0000,0.0000,0.0000,0.0000,5995.0000,0.0000,0.0000,0.0000,0.0000,1,0,0,0,0,1,0,0,0,0
zc,SR311,2012-06-04 09:46:07.877,6000.0000,6,0,0.0000,0.0000,0,0,多换,B,5898.0000,0.0000,0.0000,0.0000,0.0000,5995.0000,0.0000,0.0000,0.0000,0.0000,1,0,0,0,0,1,0,0,0,0
zc,SR311,2012-06-04 09:46:23.347,6000.0000,6,0,0.0000,0.0000,0,0,多换,B,5905.0000,0.0000,0.0000,0.0000,0.0000,5995.0000,0.0000,0.0000,0.0000,0.0000,1,0,0,0,0,1,0,0,0,0
zc,SR311,2012-06-04 09:46:24.863,6000.0000,6,0,0.0000,0.0000,0,0,多换,B,5898.0000,0.0000,0.0000,0.0000,0.0000,5995.0000,0.0000,0.0000,0.0000,0.0000,1,0,0,0,0,1,0,0,0,0
zc,SR311,2012-06-04 09:46:33.097,6000.0000,6,0,0.0000,0.0000,0,0,多换,B,5906.0000,0.0000,0.0000,0.0000,0.0000,5995.0000,0.0000,0.0000,0.0000,0.0000,1,0,0,0,0,1,0,0,0,0
zc,SR311,2012-06-04 09:47:10.877,6000.0000,6,0,0.0000,0.0000,0,0,多换,B,5898.0000,0.0000,0.0000,0.0000,0.0000,5995.0000,0.0000,0.0000,0.0000,0.0000,1,0,0,0,0,1,0,0,0,0
zc,SR311,2012-06-04 09:47:17.393,6000.0000,6,0,0.0000,0.0000,0,0,多换,B,5906.0000,0.0000,0.0000,0.0000,0.0000,5995.0000,0.0000,0.0000,0.0000,0.0000,1,0,0,0,0,1,0,0,0,0
zc,SR311,2012-06-04 09:47:22.613,6000.0000,6,0,0.0000,0.0000,0,0,多换,B,5898.0000,0.0000,0.0000,0.0000,0.0000,5995.0000,0.0000,0.0000,0.0000,0.0000,1,0,0,0,0,1,0,0,0,0
zc,SR311,2012-06-04 09:47:51.377,6000.0000,6,0,0.0000,0.0000,0,0,多换,B,5898.0000,0.0000,0.0000,0.0000,0.0000,5997.0000,0.0000,0.0000,0.0000,0.0000,1,0,0,0,0,1,0,0,0,0
zc,SR311,2012-06-04 09:47:54.627,6000.0000,6,0,0.0000,0.0000,0,0,多换,B,5906.0000,0.0000,0.0000,0.0000,0.0000,5997.0000,0.0000,0.0000,0.0000,0.0000,1,0,0,0,0,1,0,0,0,0
zc,SR311,2012-06-04 09:48:00.363,6000.0000,6,0,0.0000,0.0000,0,0,多换,B,5898.0000,0.0000,0.0000,0.0000,0.0000,5990.0000,0.0000,0.0000,0.0000,0.0000,1,0,0,0,0,1,0,0,0,0
zc,SR311,2012-06-04 09:48:02.143,6000.0000,6,0,0.0000,0.0000,0,0,多换,B,5898.0000,0.0000,0.0000,0.0000,0.0000,5997.0000,0.0000,0.0000,0.0000,0.0000,1,0,0,0,0,1,0,0,0,0
zc,SR311,2012-06-04 09:48:04.643,6000.0000,6,0,0.0000,0.0000,0,0,多换,B,5905.0000,0.0000,0.0000,0.0000,0.0000,5997.0000,0.0000,0.0000,0.0000,0.0000,1,0,0,0,0,1,0,0,0,0
zc,SR311,2012-06-04 09:48:07.363,6000.0000,6,0,0.0000,0.0000,0,0,多换,B,5898.0000,0.0000,0.0000,0.0000,0.0000,5997.0000,0.0000,0.0000,0.0000,0.0000,1,0,0,0,0,1,0,0,0,0
zc,SR311,2012-06-04 09:48:14.613,6000.0000,6,0,0.0000,0.0000,0,0,多换,B,5905.0000,0.0000,0.0000,0.0000,0.0000,5997.0000,0.0000,0.0000,0.0000,0.0000,1,0,0,0,0,1,0,0,0,0
zc,SR311,2012-06-04 09:48:23.177,6000.0000,6,0,0.0000,0.0000,0,0,多换,B,5898.0000,0.0000,0.0000,0.0000,0.0000,5997.0000,0.0000,0.0000,0.0000,0.0000,1,0,0,0,0,1,0,0,0,0
zc,SR311,2012-06-04 09:48:55.347,6000.0000,6,0,0.0000,0.0000,0,0,多换,B,5898.0000,0.0000,0.0000,0.0000,0.0000,5996.0000,0.0000,0.0000,0.0000,0.0000,1,0,0,0,0,1,0,0,0,0
zc,SR311,2012-06-04 09:49:46.300,6000.0000,6,0,0.0000,0.0000,0,0,多换,B,5898.0000,0.0000,0.0000,0.0000,0.0000,5996.0000,0.0000,0.0000,0.0000,0.0000,1,0,0,0,0,1,0,0,0,0
zc,SR311,2012-06-04 09:50:03.863,6000.0000,6,0,0.0000,0.0000,0,0,多换,B,5898.0000,0.0000,0.0000,0.0000,0.0000,5997.0000,0.0000,0.0000,0.0000,0.0000,1,0,0,0,0,1,0,0,0,0
zc,SR311,2012-06-04 09:50:13.347,6000.0000,6,0,0.0000,0.0000,0,0,多换,B,5906.0000,0.0000,0.0000,0.0000,0.0000,5997.0000,0.0000,0.0000,0.0000,0.0000,1,0,0,0,0,1,0,0,0,0
zc,SR311,2012-06-04 09:50:20.597,6000.0000,6,0,0.0000,0.0000,0,0,多换,B,5898.0000,0.0000,0.0000,0.0000,0.0000,5997.0000,0.0000,0.0000,0.0000,0.0000,1,0,0,0,0,1,0,0,0,0
zc,SR311,2012-06-04 09:50:23.627,6000.0000,6,0,0.0000,0.0000,0,0,多换,B,5908.0000,0.0000,0.0000,0.0000,0.0000,5997.0000,0.0000,0.0000,0.0000,0.0000,1,0,0,0,0,1,0,0,0,0
zc,SR311,2012-06-04 09:50:26.377,6000.0000,6,0,0.0000,0.0000,0,0,多换,B,5898.0000,0.0000,0.0000,0.0000,0.0000,5997.0000,0.0000,0.0000,0.0000,0.0000,1,0,0,0,0,1,0,0,0,0
zc,SR311,2012-06-04 09:50:29.627,6000.0000,6,0,0.0000,0.0000,0,0,多换,B,5906.0000,0.0000,0.0000,0.0000,0.0000,5997.0000,0.0000,0.0000,0.0000,0.0000,1,0,0,0,0,1,0,0,0,0
zc,SR311,2012-06-04 09:50:32.627,6000.0000,6,0,0.0000,0.0000,0,0,多换,B,5909.0000,0.0000,0.0000,0.0000,0.0000,5997.0000,0.0000,0.0000,0.0000,0.0000,1,0,0,0,0,1,0,0,0,0
zc,SR311,2012-06-04 09:50:39.363,6000.0000,6,0,0.0000,0.0000,0,0,多换,B,5909.0000,0.0000,0.0000,0.0000,0.0000,6002.0000,0.0000,0.0000,0.0000,0.0000,1,0,0,0,0,1,0,0,0,0
zc,SR311,2012-06-04 09:50:44.877,6000.0000,6,0,0.0000,0.0000,0,0,多换,B,5906.0000,0.0000,0.0000,0.0000,0.0000,6002.0000,0.0000,0.0000,0.0000,0.0000,1,0,0,0,0,1,0,0,0,0
zc,SR311,2012-06-04 09:50:58.097,6000.0000,6,0,0.0000,0.0000,0,0,多换,B,5906.0000,0.0000,0.0000,0.0000,0.0000,5997.0000,0.0000,0.0000,0.0000,0.0000,1,0,0,0,0,1,0,0,0,0
zc,SR311,2012-06-04 09:50:59.377,6000.0000,6,0,0.0000,0.0000,0,0,多换,B,5907.0000,0.0000,0.0000,0.0000,0.0000,5997.0000,0.0000,0.0000,0.0000,0.0000,1,0,0,0,0,1,0,0,0,0
zc,SR311,2012-06-04 09:51:43.643,6000.0000,6,0,0.0000,0.0000,0,0,多换,B,5907.0000,0.0000,0.0000,0.0000,0.0000,6002.0000,0.0000,0.0000,0.0000,0.0000,1,0,0,0,0,1,0,0,0,0
zc,SR311,2012-06-04 09:51:46.317,6000.0000,6,0,0.0000,0.0000,0,0,多换,B,5907.0000,0.0000,0.0000,0.0000,0.0000,6002.0000,0.0000,0.0000,0.0000,0.0000,1,0,0,0,0,1,0,0,0,0
zc,SR311,2012-06-04 09:52:12.927,6000.0000,6,0,0.0000,0.0000,0,0,多换,B,5918.0000,0.0000,0.0000,0.0000,0.0000,6019.0000,0.0000,0.0000,0.0000,0.0000,1,0,0,0,0,1,0,0,0,0
zc,SR311,2012-06-04 09:52:14.127,6000.0000,6,0,0.0000,0.0000,0,0,多换,B,5907.0000,0.0000,0.0000,0.0000,0.0000,6019.0000,0.0000,0.0000,0.0000,0.0000,1,0,0,0,0,1,0,0,0,0
zc,SR311,2012-06-04 09:52:19.113,6000.0000,6,0,0.0000,0.0000,0,0,多换,B,5907.0000,0.0000,0.0000,0.0000,0.0000,6008.0000,0.0000,0.0000,0.0000,0.0000,1,0,0,0,0,1,0,0,0,0
zc,SR311,2012-06-04 09:52:19.627,6000.0000,6,0,0.0000,0.0000,0,0,多换,B,5907.0000,0.0000,0.0000,0.0000,0.0000,6019.0000,0.0000,0.0000,0.0000,0.0000,1,0,0,0,0,1,0,0,0,0
zc,SR311,2012-06-04 09:52:27.643,6000.0000,6,0,0.0000,0.0000,0,0,多换,B,5907.0000,0.0000,0.0000,0.0000,0.0000,6007.0000,0.0000,0.0000,0.0000,0.0000,1,0,0,0,0,1,0,0,0,0
zc,SR311,2012-06-04 09:52:31.613,6000.0000,6,0,0.0000,0.0000,0,0,多换,B,5923.0000,0.0000,0.0000,0.0000,0.0000,6019.0000,0.0000,0.0000,0.0000,0.0000,1,0,0,0,0,1,0,0,0,0
zc,SR311,2012-06-04 09:52:32.910,6000.0000,6,0,0.0000,0.0000,0,0,多换,B,5907.0000,0.0000,0.0000,0.0000,0.0000,6019.0000,0.0000,0.0000,0.0000,0.0000,1,0,0,0,0,1,0,0,0,0
zc,SR311,2012-06-04 09:52:41.627,6000.0000,6,0,0.0000,0.0000,0,0,多换,B,5907.0000,0.0000,0.0000,0.0000,0.0000,6007.0000,0.0000,0.0000,0.0000,0.0000,1,0,0,0,0,1,0,0,0,0
zc,SR311,2012-06-04 09:52:42.113,6000.0000,6,0,0.0000,0.0000,0,0,多换,B,5907.0000,0.0000,0.0000,0.0000,0.0000,6019.0000,0.0000,0.0000,0.0000,0.0000,1,0,0,0,0,1,0,0,0,0
zc,SR311,2012-06-04 09:52:51.627,6000.0000,6,0,0.0000,0.0000,0,0,多换,B,5907.0000,0.0000,0.0000,0.0000,0.0000,6014.0000,0.0000,0.0000,0.0000,0.0000,1,0,0,0,0,1,0,0,0,0
zc,SR311,2012-06-04 09:52:53.377,6000.0000,6,0,0.0000,0.0000,0,0,多换,B,5907.0000,0.0000,0.0000,0.0000,0.0000,6019.0000,0.0000,0.0000,0.0000,0.0000,1,0,0,0,0,1,0,0,0,0
zc,SR311,2012-06-04 09:52:55.160,6000.0000,6,0,0.0000,0.0000,0,0,多换,B,5907.0000,0.0000,0.0000,0.0000,0.0000,6022.0000,0.0000,0.0000,0.0000,0.0000,1,0,0,0,0,1,0,0,0,0
zc,SR311,2012-06-04 09:53:03.927,6000.0000,6,0,0.0000,0.0000,0,0,多换,B,5907.0000,0.0000,0.0000,0.0000,0.0000,6017.0000,0.0000,0.0000,0.0000,0.0000,1,0,0,0,0,1,0,0,0,0
zc,SR311,2012-06-04 09:53:18.097,6000.0000,6,0,0.0000,0.0000,0,0,多换,B,5924.0000,0.0000,0.0000,0.0000,0.0000,6017.0000,0.0000,0.0000,0.0000,0.0000,1,0,0,0,0,1,0,0,0,0
zc,SR311,2012-06-04 09:53:24.363,6000.0000,6,0,0.0000,0.0000,0,0,多换,B,5926.0000,0.0000,0.0000,0.0000,0.0000,6017.0000,0.0000,0.0000,0.0000,0.0000,1,0,0,0,0,1,0,0,0,0
zc,SR311,2012-06-04 09:53:25.597,6000.0000,6,0,0.0000,0.0000,0,0,多换,B,5932.0000,0.0000,0.0000,0.0000,0.0000,6017.0000,0.0000,0.0000,0.0000,0.0000,1,0,0,0,0,1,0,0,0,0
zc,SR311,2012-06-04 09:53:26.363,6000.0000,6,0,0.0000,0.0000,0,0,多换,B,5926.0000,0.0000,0.0000,0.0000,0.0000,6016.0000,0.0000,0.0000,0.0000,0.0000,1,0,0,0,0,1,0,0,0,0
zc,SR311,2012-06-04 09:53:26.877,6000.0000,6,0,0.0000,0.0000,0,0,多换,B,5926.0000,0.0000,0.0000,0.0000,0.0000,6017.0000,0.0000,0.0000,0.0000,0.0000,1,0,0,0,0,1,0,0,0,0
zc,SR311,2012-06-04 09:54:10.910,6000.0000,6,0,0.0000,0.0000,0,0,多换,B,5926.0000,0.0000,0.0000,0.0000,0.0000,6020.0000,0.0000,0.0000,0.0000,0.0000,1,0,0,0,0,1,0,0,0,0
zc,SR311,2012-06-04 09:54:14.127,6000.0000,6,0,0.0000,0.0000,0,0,多换,B,5936.0000,0.0000,0.0000,0.0000,0.0000,6022.0000,0.0000,0.0000,0.0000,0.0000,1,0,0,0,0,1,0,0,0,0
zc,SR311,2012-06-04 09:54:15.330,6000.0000,6,0,0.0000,0.0000,0,0,多换,B,5926.0000,0.0000,0.0000,0.0000,0.0000,6022.0000,0.0000,0.0000,0.0000,0.0000,1,0,0,0,0,1,0,0,0,0
zc,SR311,2012-06-04 09:54:18.363,6000.0000,6,0,0.0000,0.0000,0,0,多换,B,5926.0000,0.0000,0.0000,0.0000,0.0000,6019.0000,0.0000,0.0000,0.0000,0.0000,1,0,0,0,0,1,0,0,0,0
zc,SR311,2012-06-04 09:54:20.097,6000.0000,6,0,0.0000,0.0000,0,0,多换,B,5926.0000,0.0000,0.0000,0.0000,0.0000,6022.0000,0.0000,0.0000,0.0000,0.0000,1,0,0,0,0,1,0,0,0,0
zc,SR311,2012-06-04 09:54:21.363,6000.0000,6,0,0.0000,0.0000,0,0,多换,B,5926.0000,0.0000,0.0000,0.0000,0.0000,6019.0000,0.0000,0.0000,0.0000,0.0000,1,0,0,0,0,1,0,0,0,0
zc,SR311,2012-06-04 09:54:21.863,6000.0000,6,0,0.0000,0.0000,0,0,多换,B,5926.0000,0.0000,0.0000,0.0000,0.0000,6022.0000,0.0000,0.0000,0.0000,0.0000,1,0,0,0,0,1,0,0,0,0
zc,SR311,2012-06-04 09:54:24.627,6000.0000,6,0,0.0000,0.0000,0,0,多换,B,5932.0000,0.0000,0.0000,0.0000,0.0000,6022.0000,0.0000,0.0000,0.0000,0.0000,1,0,0,0,0,1,0,0,0,0
zc,SR311,2012-06-04 09:54:47.707,6000.0000,6,0,0.0000,0.0000,0,0,多换,B,5936.0000,0.0000,0.0000,0.0000,0.0000,6022.0000,0.0000,0.0000,0.0000,0.0000,1,0,0,0,0,1,0,0,0,0
zc,SR311,2012-06-04 09:54:48.643,6000.0000,6,0,0.0000,0.0000,0,0,多换,B,5932.0000,0.0000,0.0000,0.0000,0.0000,6022.0000,0.0000,0.0000,0.0000,0.0000,1,0,0,0,0,1,0,0,0,0
zc,SR311,2012-06-04 09:54:50.910,6000.0000,6,0,0.0000,0.0000,0,0,多换,B,5936.0000,0.0000,0.0000,0.0000,0.0000,6022.0000,0.0000,0.0000,0.0000,0.0000,1,0,0,0,0,1,0,0,0,0
zc,SR311,2012-06-04 09:54:51.580,6000.0000,6,0,0.0000,0.0000,0,0,多换,B,5936.0000,0.0000,0.0000,0.0000,0.0000,6024.0000,0.0000,0.0000,0.0000,0.0000,1,0,0,0,0,1,0,0,0,0
zc,SR311,2012-06-04 09:54:52.127,6000.0000,6,0,0.0000,0.0000,0,0,多换,B,5932.0000,0.0000,0.0000,0.0000,0.0000,6024.0000,0.0000,0.0000,0.0000,0.0000,1,0,0,0,0,1,0,0,0,0
zc,SR311,2012-06-04 09:54:54.127,6000.0000,6,0,0.0000,0.0000,0,0,多换,B,5940.0000,0.0000,0.0000,0.0000,0.0000,6028.0000,0.0000,0.0000,0.0000,0.0000,1,0,0,0,0,1,0,0,0,0
zc,SR311,2012-06-04 09:54:55.347,6000.0000,6,0,0.0000,0.0000,0,0,多换,B,5932.0000,0.0000,0.0000,0.0000,0.0000,6028.0000,0.0000,0.0000,0.0000,0.0000,1,0,0,0,0,1,0,0,0,0
zc,SR311,2012-06-04 09:54:55.877,6000.0000,6,0,0.0000,0.0000,0,0,多换,B,5932.0000,0.0000,0.0000,0.0000,0.0000,6030.0000,0.0000,0.0000,0.0000,0.0000,1,0,0,0,0,1,0,0,0,0
zc,SR311,2012-06-04 09:56:20.830,6000.0000,6,0,0.0000,0.0000,0,0,多换,B,5932.0000,0.0000,0.0000,0.0000,0.0000,6026.0000,0.0000,0.0000,0.0000,0.0000,1,0,0,0,0,1,0,0,0,0
zc,SR311,2012-06-04 09:56:32.330,6000.0000,6,0,0.0000,0.0000,0,0,多换,B,5933.0000,0.0000,0.0000,0.0000,0.0000,6026.0000,0.0000,0.0000,0.0000,0.0000,1,0,0,0,0,1,0,0,0,0
zc,SR311,2012-06-04 09:56:43.113,6000.0000,6,0,0.0000,0.0000,0,0,多换,B,5932.0000,0.0000,0.0000,0.0000,0.0000,6026.0000,0.0000,0.0000,0.0000,0.0000,1,0,0,0,0,1,0,0,0,0
zc,SR311,2012-06-04 09:56:52.597,6000.0000,6,0,0.0000,0.0000,0,0,多换,B,5933.0000,0.0000,0.0000,0.0000,0.0000,6026.0000,0.0000,0.0000,0.0000,0.0000,1,0,0,0,0,1,0,0,0,0
zc,SR311,2012-06-04 09:57:05.347,6000.0000,6,0,0.0000,0.0000,0,0,多换,B,5932.0000,0.0000,0.0000,0.0000,0.0000,6026.0000,0.0000,0.0000,0.0000,0.0000,1,0,0,0,0,1,0,0,0,0
zc,SR311,2012-06-04 09:57:43.377,6000.0000,6,0,0.0000,0.0000,0,0,多换,B,5934.0000,0.0000,0.0000,0.0000,0.0000,6026.0000,0.0000,0.0000,0.0000,0.0000,1,0,0,0,0,1,0,0,0,0
zc,SR311,2012-06-04 09:57:59.627,6000.0000,6,0,0.0000,0.0000,0,0,多换,B,5934.0000,0.0000,0.0000,0.0000,0.0000,6030.0000,0.0000,0.0000,0.0000,0.0000,1,0,0,0,0,1,0,0,0,0
zc,SR311,2012-06-04 09:58:01.877,6000.0000,6,0,0.0000,0.0000,0,0,多换,B,5932.0000,0.0000,0.0000,0.0000,0.0000,6030.0000,0.0000,0.0000,0.0000,0.0000,1,0,0,0,0,1,0,0,0,0
zc,SR311,2012-06-04 09:58:03.597,6000.0000,6,0,0.0000,0.0000,0,0,多换,B,5935.0000,0.0000,0.0000,0.0000,0.0000,6030.0000,0.0000,0.0000,0.0000,0.0000,1,0,0,0,0,1,0,0,0,0
zc,SR311,2012-06-04 09:58:12.347,6000.0000,6,0,0.0000,0.0000,0,0,多换,B,5932.0000,0.0000,0.0000,0.0000,0.0000,6030.0000,0.0000,0.0000,0.0000,0.0000,1,0,0,0,0,1,0,0,0,0
zc,SR311,2012-06-04 09:58:13.910,6000.0000,6,0,0.0000,0.0000,0,0,多换,B,5938.0000,0.0000,0.0000,0.0000,0.0000,6030.0000,0.0000,0.0000,0.0000,0.0000,1,0,0,0,0,1,0,0,0,0
zc,SR311,2012-06-04 09:58:22.817,6000.0000,6,0,0.0000,0.0000,0,0,多换,B,5932.0000,0.0000,0.0000,0.0000,0.0000,6030.0000,0.0000,0.0000,0.0000,0.0000,1,0,0,0,0,1,0,0,0,0
zc,SR311,2012-06-04 09:58:24.080,6000.0000,6,0,0.0000,0.0000,0,0,多换,B,5940.0000,0.0000,0.0000,0.0000,0.0000,6030.0000,0.0000,0.0000,0.0000,0.0000,1,0,0,0,0,1,0,0,0,0
zc,SR311,2012-06-04 09:58:34.627,6000.0000,6,0,0.0000,0.0000,0,0,多换,B,5932.0000,0.0000,0.0000,0.0000,0.0000,6030.0000,0.0000,0.0000,0.0000,0.0000,1,0,0,0,0,1,0,0,0,0
zc,SR311,2012-06-04 09:58:45.863,6000.0000,6,0,0.0000,0.0000,0,0,多换,B,5946.0000,0.0000,0.0000,0.0000,0.0000,6032.0000,0.0000,0.0000,0.0000,0.0000,1,0,0,0,0,1,0,0,0,0
zc,SR311,2012-06-04 09:58:46.627,6000.0000,6,0,0.0000,0.0000,0,0,多换,B,5932.0000,0.0000,0.0000,0.0000,0.0000,6032.0000,0.0000,0.0000,0.0000,0.0000,1,0,0,0,0,1,0,0,0,0
zc,SR311,2012-06-04 09:58:57.113,6000.0000,6,0,0.0000,0.0000,0,0,多换,B,5948.0000,0.0000,0.0000,0.0000,0.0000,6043.0000,0.0000,0.0000,0.0000,0.0000,1,0,0,0,0,1,0,0,0,0
zc,SR311,2012-06-04 09:59:05.847,6000.0000,6,0,0.0000,0.0000,0,0,多换,B,5932.0000,0.0000,0.0000,0.0000,0.0000,6043.0000,0.0000,0.0000,0.0000,0.0000,1,0,0,0,0,1,0,0,0,0
zc,SR311,2012-06-04 09:59:33.330,6000.0000,6,0,0.0000,0.0000,0,0,多换,B,5944.0000,0.0000,0.0000,0.0000,0.0000,6043.0000,0.0000,0.0000,0.0000,0.0000,1,0,0,0,0,1,0,0,0,0
zc,SR311,2012-06-04 09:59:41.377,6000.0000,6,0,0.0000,0.0000,0,0,多换,B,5932.0000,0.0000,0.0000,0.0000,0.0000,6043.0000,0.0000,0.0000,0.0000,0.0000,1,0,0,0,0,1,0,0,0,0
zc,SR311,2012-06-04 10:00:13.347,6000.0000,6,0,0.0000,0.0000,0,0,多换,B,5932.0000,0.0000,0.0000,0.0000,0.0000,6032.0000,0.0000,0.0000,0.0000,0.0000,1,0,0,0,0,1,0,0,0,0
zc,SR311,2012-06-04 10:00:16.877,6000.0000,6,0,0.0000,0.0000,0,0,多换,B,5932.0000,0.0000,0.0000,0.0000,0.0000,6043.0000,0.0000,0.0000,0.0000,0.0000,1,0,0,0,0,1,0,0,0,0
zc,SR311,2012-06-04 10:00:25.847,6000.0000,6,0,0.0000,0.0000,0,0,多换,B,5939.0000,0.0000,0.0000,0.0000,0.0000,6043.0000,0.0000,0.0000,0.0000,0.0000,1,0,0,0,0,1,0,0,0,0
zc,SR311,2012-06-04 10:00:33.347,6000.0000,6,0,0.0000,0.0000,0,0,多换,B,5932.0000,0.0000,0.0000,0.0000,0.0000,6043.0000,0.0000,0.0000,0.0000,0.0000,1,0,0,0,0,1,0,0,0,0
zc,SR311,2012-06-04 10:00:59.347,6000.0000,6,0,0.0000,0.0000,0,0,多换,B,5951.0000,0.0000,0.0000,0.0000,0.0000,6043.0000,0.0000,0.0000,0.0000,0.0000,1,0,0,0,0,1,0,0,0,0
zc,SR311,2012-06-04 10:01:00.097,6000.0000,6,0,0.0000,0.0000,0,0,多换,B,5932.0000,0.0000,0.0000,0.0000,0.0000,6035.0000,0.0000,0.0000,0.0000,0.0000,1,0,0,0,0,1,0,0,0,0
zc,SR311,2012-06-04 10:01:01.080,6000.0000,6,0,0.0000,0.0000,0,0,多换,B,5932.0000,0.0000,0.0000,0.0000,0.0000,6043.0000,0.0000,0.0000,0.0000,0.0000,1,0,0,0,0,1,0,0,0,0
zc,SR311,2012-06-04 10:01:46.317,6000.0000,6,0,0.0000,0.0000,0,0,多换,B,5932.0000,0.0000,0.0000,0.0000,0.0000,6043.0000,0.0000,0.0000,0.0000,0.0000,1,0,0,0,0,1,0,0,0,0
zc,SR311,2012-06-04 10:02:24.613,6000.0000,6,0,0.0000,0.0000,0,0,多换,B,5947.0000,0.0000,0.0000,0.0000,0.0000,6043.0000,0.0000,0.0000,0.0000,0.0000,1,0,0,0,0,1,0,0,0,0
zc,SR311,2012-06-04 10:02:46.300,6000.0000,6,0,0.0000,0.0000,0,0,多换,B,5947.0000,0.0000,0.0000,0.0000,0.0000,6043.0000,0.0000,0.0000,0.0000,0.0000,1,0,0,0,0,1,0,0,0,0
zc,SR311,2012-06-04 10:02:49.567,6000.0000,6,0,0.0000,0.0000,0,0,多换,B,5932.0000,0.0000,0.0000,0.0000,0.0000,6043.0000,0.0000,0.0000,0.0000,0.0000,1,0,0,0,0,1,0,0,0,0
zc,SR311,2012-06-04 10:04:36.363,6000.0000,6,0,0.0000,0.0000,0,0,多换,B,5932.0000,0.0000,0.0000,0.0000,0.0000,6030.0000,0.0000,0.0000,0.0000,0.0000,1,0,0,0,0,1,0,0,0,0
zc,SR311,2012-06-04 10:04:42.347,6000.0000,6,0,0.0000,0.0000,0,0,多换,B,5932.0000,0.0000,0.0000,0.0000,0.0000,6043.0000,0.0000,0.0000,0.0000,0.0000,1,0,0,0,0,1,0,0,0,0
zc,SR311,2012-06-04 10:04:46.317,6000.0000,6,0,0.0000,0.0000,0,0,多换,B,5932.0000,0.0000,0.0000,0.0000,0.0000,6043.0000,0.0000,0.0000,0.0000,0.0000,1,0,0,0,0,1,0,0,0,0
zc,SR311,2012-06-04 10:06:04.863,6000.0000,6,0,0.0000,0.0000,0,0,多换,B,5932.0000,0.0000,0.0000,0.0000,0.0000,6032.0000,0.0000,0.0000,0.0000,0.0000,1,0,0,0,0,1,0,0,0,0
zc,SR311,2012-06-04 10:06:26.863,6000.0000,6,0,0.0000,0.0000,0,0,多换,B,5932.0000,0.0000,0.0000,0.0000,0.0000,6030.0000,0.0000,0.0000,0.0000,0.0000,1,0,0,0,0,1,0,0,0,0
zc,SR311,2012-06-04 10:06:46.300,6000.0000,6,0,0.0000,0.0000,0,0,多换,B,5932.0000,0.0000,0.0000,0.0000,0.0000,6030.0000,0.0000,0.0000,0.0000,0.0000,1,0,0,0,0,1,0,0,0,0
zc,SR311,2012-06-04 10:08:14.830,6000.0000,6,0,0.0000,0.0000,0,0,多换,B,5932.0000,0.0000,0.0000,0.0000,0.0000,6032.0000,0.0000,0.0000,0.0000,0.0000,1,0,0,0,0,1,0,0,0,0
zc,SR311,2012-06-04 10:08:46.300,6000.0000,6,0,0.0000,0.0000,0,0,多换,B,5932.0000,0.0000,0.0000,0.0000,0.0000,6032.0000,0.0000,0.0000,0.0000,0.0000,1,0,0,0,0,1,0,0,0,0
zc,SR311,2012-06-04 10:08:50.080,6000.0000,6,0,0.0000,0.0000,0,0,多换,B,5932.0000,0.0000,0.0000,0.0000,0.0000,6043.0000,0.0000,0.0000,0.0000,0.0000,1,0,0,0,0,1,0,0,0,0
zc,SR311,2012-06-04 10:12:46.300,6000.0000,6,0,0.0000,0.0000,0,0,多换,B,5932.0000,0.0000,0.0000,0.0000,0.0000,6043.0000,0.0000,0.0000,0.0000,0.0000,1,0,0,0,0,1,0,0,0,0
zc,SR311,2012-06-04 10:14:46.283,6000.0000,6,0,0.0000,0.0000,0,0,多换,B,5932.0000,0.0000,0.0000,0.0000,0.0000,6043.0000,0.0000,0.0000,0.0000,0.0000,1,0,0,0,0,1,0,0,0,0
zc,SR311,2012-06-04 10:16:46.270,6000.0000,6,0,0.0000,0.0000,0,0,多换,B,5932.0000,0.0000,0.0000,0.0000,0.0000,6043.0000,0.0000,0.0000,0.0000,0.0000,1,0,0,0,0,1,0,0,0,0
zc,SR311,2012-06-04 10:18:46.283,6000.0000,6,0,0.0000,0.0000,0,0,多换,B,5932.0000,0.0000,0.0000,0.0000,0.0000,6043.0000,0.0000,0.0000,0.0000,0.0000,1,0,0,0,0,1,0,0,0,0
zc,SR311,2012-06-04 10:19:46.270,6000.0000,6,0,0.0000,0.0000,0,0,多换,B,5932.0000,0.0000,0.0000,0.0000,0.0000,6043.0000,0.0000,0.0000,0.0000,0.0000,1,0,0,0,0,1,0,0,0,0
zc,SR311,2012-06-04 10:20:46.270,6000.0000,6,0,0.0000,0.0000,0,0,多换,B,5932.0000,0.0000,0.0000,0.0000,0.0000,6043.0000,0.0000,0.0000,0.0000,0.0000,1,0,0,0,0,1,0,0,0,0
zc,SR311,2012-06-04 10:21:46.270,6000.0000,6,0,0.0000,0.0000,0,0,多换,B,5932.0000,0.0000,0.0000,0.0000,0.0000,6043.0000,0.0000,0.0000,0.0000,0.0000,1,0,0,0,0,1,0,0,0,0
zc,SR311,2012-06-04 10:23:46.253,6000.0000,6,0,0.0000,0.0000,0,0,多换,B,5932.0000,0.0000,0.0000,0.0000,0.0000,6043.0000,0.0000,0.0000,0.0000,0.0000,1,0,0,0,0,1,0,0,0,0
zc,SR311,2012-06-04 10:25:46.270,6000.0000,6,0,0.0000,0.0000,0,0,多换,B,5932.0000,0.0000,0.0000,0.0000,0.0000,6043.0000,0.0000,0.0000,0.0000,0.0000,1,0,0,0,0,1,0,0,0,0
zc,SR311,2012-06-04 10:29:46.253,6000.0000,6,0,0.0000,0.0000,0,0,多换,B,5932.0000,0.0000,0.0000,0.0000,0.0000,6043.0000,0.0000,0.0000,0.0000,0.0000,1,0,0,0,0,1,0,0,0,0
zc,SR311,2012-06-04 10:30:46.253,6000.0000,6,0,0.0000,0.0000,0,0,多换,B,5932.0000,0.0000,0.0000,0.0000,0.0000,6043.0000,0.0000,0.0000,0.0000,0.0000,1,0,0,0,0,1,0,0,0,0
zc,SR311,2012-06-04 10:31:59.127,6000.0000,6,0,0.0000,0.0000,0,0,多换,B,5934.0000,0.0000,0.0000,0.0000,0.0000,6043.0000,0.0000,0.0000,0.0000,0.0000,1,0,0,0,0,1,0,0,0,0
zc,SR311,2012-06-04 10:32:00.330,6000.0000,6,0,0.0000,0.0000,0,0,多换,B,5932.0000,0.0000,0.0000,0.0000,0.0000,6043.0000,0.0000,0.0000,0.0000,0.0000,1,0,0,0,0,1,0,0,0,0
zc,SR311,2012-06-04 10:32:43.567,6000.0000,6,0,0.0000,0.0000,0,0,多换,B,5926.0000,0.0000,0.0000,0.0000,0.0000,6043.0000,0.0000,0.0000,0.0000,0.0000,1,0,0,0,0,1,0,0,0,0
zc,SR311,2012-06-04 10:33:12.800,6000.0000,6,0,0.0000,0.0000,0,0,多换,B,5930.0000,0.0000,0.0000,0.0000,0.0000,6043.0000,0.0000,0.0000,0.0000,0.0000,1,0,0,0,0,1,0,0,0,0
zc,SR311,2012-06-04 10:33:32.800,6000.0000,6,0,0.0000,0.0000,0,0,多换,B,5926.0000,0.0000,0.0000,0.0000,0.0000,6043.0000,0.0000,0.0000,0.0000,0.0000,1,0,0,0,0,1,0,0,0,0
zc,SR311,2012-06-04 10:34:01.830,6000.0000,6,0,0.0000,0.0000,0,0,多换,B,5926.0000,0.0000,0.0000,0.0000,0.0000,6042.0000,0.0000,0.0000,0.0000,0.0000,1,0,0,0,0,1,0,0,0,0
zc,SR311,2012-06-04 10:34:02.783,6000.0000,6,0,0.0000,0.0000,0,0,多换,B,5922.0000,0.0000,0.0000,0.0000,0.0000,6042.0000,0.0000,0.0000,0.0000,0.0000,1,0,0,0,0,1,0,0,0,0
zc,SR311,2012-06-04 10:34:06.317,6000.0000,6,0,0.0000,0.0000,0,0,多换,B,5922.0000,0.0000,0.0000,0.0000,0.0000,6010.0000,0.0000,0.0000,0.0000,0.0000,1,0,0,0,0,1,0,0,0,0
zc,SR311,2012-06-04 10:34:07.533,6000.0000,6,0,0.0000,0.0000,0,0,多换,B,5922.0000,0.0000,0.0000,0.0000,0.0000,6042.0000,0.0000,0.0000,0.0000,0.0000,1,0,0,0,0,1,0,0,0,0
zc,SR311,2012-06-04 10:34:07.800,6000.0000,6,0,0.0000,0.0000,0,0,多换,B,5926.0000,0.0000,0.0000,0.0000,0.0000,6042.0000,0.0000,0.0000,0.0000,0.0000,1,0,0,0,0,1,0,0,0,0
zc,SR311,2012-06-04 10:34:09.033,6000.0000,6,0,0.0000,0.0000,0,0,多换,B,5922.0000,0.0000,0.0000,0.0000,0.0000,6042.0000,0.0000,0.0000,0.0000,0.0000,1,0,0,0,0,1,0,0,0,0
zc,SR311,2012-06-04 10:34:15.317,6000.0000,6,0,0.0000,0.0000,0,0,多换,B,5926.0000,0.0000,0.0000,0.0000,0.0000,6042.0000,0.0000,0.0000,0.0000,0.0000,1,0,0,0,0,1,0,0,0,0
zc,SR311,2012-06-04 10:34:40.800,6000.0000,6,0,0.0000,0.0000,0,0,多换,B,5926.0000,0.0000,0.0000,0.0000,0.0000,6030.0000,0.0000,0.0000,0.0000,0.0000,1,0,0,0,0,1,0,0,0,0
zc,SR311,2012-06-04 10:34:46.283,6000.0000,6,0,0.0000,0.0000,0,0,多换,B,5926.0000,0.0000,0.0000,0.0000,0.0000,6030.0000,0.0000,0.0000,0.0000,0.0000,1,0,0,0,0,1,0,0,0,0
zc,SR311,2012-06-04 10:34:46.363,6000.0000,6,0,0.0000,0.0000,0,0,多换,B,5926.0000,0.0000,0.0000,0.0000,0.0000,6013.0000,0.0000,0.0000,0.0000,0.0000,1,0,0,0,0,1,0,0,0,0
zc,SR311,2012-06-04 10:34:51.783,6000.0000,6,0,0.0000,0.0000,0,0,多换,B,5926.0000,0.0000,0.0000,0.0000,0.0000,6030.0000,0.0000,0.0000,0.0000,0.0000,1,0,0,0,0,1,0,0,0,0
zc,SR311,2012-06-04 10:34:56.817,6000.0000,6,0,0.0000,0.0000,0,0,多换,B,5922.0000,0.0000,0.0000,0.0000,0.0000,6030.0000,0.0000,0.0000,0.0000,0.0000,1,0,0,0,0,1,0,0,0,0
zc,SR311,2012-06-04 10:35:46.253,6000.0000,6,0,0.0000,0.0000,0,0,多换,B,5922.0000,0.0000,0.0000,0.0000,0.0000,6030.0000,0.0000,0.0000,0.0000,0.0000,1,0,0,0,0,1,0,0,0,0
zc,SR311,2012-06-04 10:36:00.800,6000.0000,6,0,0.0000,0.0000,0,0,多换,B,5922.0000,0.0000,0.0000,0.0000,0.0000,6008.0000,0.0000,0.0000,0.0000,0.0000,1,0,0,0,0,1,0,0,0,0
zc,SR311,2012-06-04 10:36:03.817,6000.0000,6,0,0.0000,0.0000,0,0,多换,B,5924.0000,0.0000,0.0000,0.0000,0.0000,6030.0000,0.0000,0.0000,0.0000,0.0000,1,0,0,0,0,1,0,0,0,0
zc,SR311,2012-06-04 10:36:04.783,6000.0000,6,0,0.0000,0.0000,0,0,多换,B,5922.0000,0.0000,0.0000,0.0000,0.0000,6030.0000,0.0000,0.0000,0.0000,0.0000,1,0,0,0,0,1,0,0,0,0
zc,SR311,2012-06-04 10:37:23.283,6000.0000,6,0,0.0000,0.0000,0,0,多换,B,5929.0000,0.0000,0.0000,0.0000,0.0000,6030.0000,0.0000,0.0000,0.0000,0.0000,1,0,0,0,0,1,0,0,0,0
zc,SR311,2012-06-04 10:40:05.050,6000.0000,6,0,0.0000,0.0000,0,0,多换,B,5930.0000,0.0000,0.0000,0.0000,0.0000,6030.0000,0.0000,0.0000,0.0000,0.0000,1,0,0,0,0,1,0,0,0,0
zc,SR311,2012-06-04 10:40:25.783,6000.0000,6,0,0.0000,0.0000,0,0,多换,B,5929.0000,0.0000,0.0000,0.0000,0.0000,6030.0000,0.0000,0.0000,0.0000,0.0000,1,0,0,0,0,1,0,0,0,0
zc,SR311,2012-06-04 10:40:46.253,6000.0000,6,0,0.0000,0.0000,0,0,多换,B,5929.0000,0.0000,0.0000,0.0000,0.0000,6030.0000,0.0000,0.0000,0.0000,0.0000,1,0,0,0,0,1,0,0,0,0
zc,SR311,2012-06-04 10:41:46.270,6000.0000,6,0,0.0000,0.0000,0,0,多换,B,5929.0000,0.0000,0.0000,0.0000,0.0000,6030.0000,0.0000,0.0000,0.0000,0.0000,1,0,0,0,0,1,0,0,0,0
zc,SR311,2012-06-04 10:42:25.033,6000.0000,6,0,0.0000,0.0000,0,0,多换,B,5952.0000,0.0000,0.0000,0.0000,0.0000,6030.0000,0.0000,0.0000,0.0000,0.0000,1,0,0,0,0,1,0,0,0,0
zc,SR311,2012-06-04 10:42:43.503,6000.0000,6,0,0.0000,0.0000,0,0,多换,B,5952.0000,0.0000,0.0000,0.0000,0.0000,6020.0000,0.0000,0.0000,0.0000,0.0000,1,0,0,0,0,1,0,0,0,0
zc,SR311,2012-06-04 10:42:46.270,6000.0000,6,0,0.0000,0.0000,0,0,多换,B,5952.0000,0.0000,0.0000,0.0000,0.0000,6020.0000,0.0000,0.0000,0.0000,0.0000,1,0,0,0,0,1,0,0,0,0
zc,SR311,2012-06-04 10:42:50.283,6000.0000,6,0,0.0000,0.0000,0,0,多换,B,5952.0000,0.0000,0.0000,0.0000,0.0000,6014.0000,0.0000,0.0000,0.0000,0.0000,1,0,0,0,0,1,0,0,0,0
zc,SR311,2012-06-04 10:42:51.300,6000.0000,6,0,0.0000,0.0000,0,0,多换,B,5952.0000,0.0000,0.0000,0.0000,0.0000,6020.0000,0.0000,0.0000,0.0000,0.0000,1,0,0,0,0,1,0,0,0,0
zc,SR311,2012-06-04 10:44:58.817,6000.0000,6,0,0.0000,0.0000,0,0,多换,B,5952.0000,0.0000,0.0000,0.0000,0.0000,6030.0000,0.0000,0.0000,0.0000,0.0000,1,0,0,0,0,1,0,0,0,0
zc,SR311,2012-06-04 10:45:37.283,6000.0000,6,0,0.0000,0.0000,0,0,多换,B,5952.0000,0.0000,0.0000,0.0000,0.0000,6013.0000,0.0000,0.0000,0.0000,0.0000,1,0,0,0,0,1,0,0,0,0
zc,SR311,2012-06-04 10:45:40.550,6000.0000,6,0,0.0000,0.0000,0,0,多换,B,5952.0000,0.0000,0.0000,0.0000,0.0000,6030.0000,0.0000,0.0000,0.0000,0.0000,1,0,0,0,0,1,0,0,0,0
zc,SR311,2012-06-04 10:54:28.253,6000.0000,6,0,0.0000,0.0000,0,0,多换,B,5952.0000,0.0000,0.0000,0.0000,0.0000,6013.0000,0.0000,0.0000,0.0000,0.0000,1,0,0,0,0,1,0,0,0,0
zc,SR311,2012-06-04 10:54:45.533,6000.0000,6,0,0.0000,0.0000,0,0,多换,B,5952.0000,0.0000,0.0000,0.0000,0.0000,6030.0000,0.0000,0.0000,0.0000,0.0000,1,0,0,0,0,1,0,0,0,0
zc,SR311,2012-06-04 10:54:46.253,6000.0000,6,0,0.0000,0.0000,0,0,多换,B,5952.0000,0.0000,0.0000,0.0000,0.0000,6030.0000,0.0000,0.0000,0.0000,0.0000,1,0,0,0,0,1,0,0,0,0
zc,SR311,2012-06-04 10:55:42.987,6000.0000,6,0,0.0000,0.0000,0,0,多换,B,5952.0000,0.0000,0.0000,0.0000,0.0000,6022.0000,0.0000,0.0000,0.0000,0.0000,1,0,0,0,0,1,0,0,0,0
zc,SR311,2012-06-04 10:55:54.770,6000.0000,6,0,0.0000,0.0000,0,0,多换,B,5955.0000,0.0000,0.0000,0.0000,0.0000,6022.0000,0.0000,0.0000,0.0000,0.0000,1,0,0,0,0,1,0,0,0,0
zc,SR311,2012-06-04 10:56:09.270,6000.0000,6,0,0.0000,0.0000,0,0,多换,B,5952.0000,0.0000,0.0000,0.0000,0.0000,6017.0000,0.0000,0.0000,0.0000,0.0000,1,0,0,0,0,1,0,0,0,0
zc,SR311,2012-06-04 10:56:10.550,6000.0000,6,0,0.0000,0.0000,0,0,多换,B,5952.0000,0.0000,0.0000,0.0000,0.0000,6022.0000,0.0000,0.0000,0.0000,0.0000,1,0,0,0,0,1,0,0,0,0
zc,SR311,2012-06-04 10:56:46.223,6000.0000,6,0,0.0000,0.0000,0,0,多换,B,5952.0000,0.0000,0.0000,0.0000,0.0000,6022.0000,0.0000,0.0000,0.0000,0.0000,1,0,0,0,0,1,0,0,0,0
zc,SR311,2012-06-04 10:57:13.300,6000.0000,6,0,0.0000,0.0000,0,0,多换,B,5952.0000,0.0000,0.0000,0.0000,0.0000,6030.0000,0.0000,0.0000,0.0000,0.0000,1,0,0,0,0,1,0,0,0,0
zc,SR311,2012-06-04 10:57:46.237,6000.0000,6,0,0.0000,0.0000,0,0,多换,B,5952.0000,0.0000,0.0000,0.0000,0.0000,6030.0000,0.0000,0.0000,0.0000,0.0000,1,0,0,0,0,1,0,0,0,0
zc,SR311,2012-06-04 10:58:13.080,6000.0000,6,0,0.0000,0.0000,0,0,多换,B,5952.0000,0.0000,0.0000,0.0000,0.0000,6020.0000,0.0000,0.0000,0.0000,0.0000,1,0,0,0,0,1,0,0,0,0
zc,SR311,2012-06-04 10:58:46.237,6000.0000,6,0,0.0000,0.0000,0,0,多换,B,5952.0000,0.0000,0.0000,0.0000,0.0000,6020.0000,0.0000,0.0000,0.0000,0.0000,1,0,0,0,0,1,0,0,0,0
zc,SR311,2012-06-04 10:59:15.300,6000.0000,6,0,0.0000,0.0000,0,0,多换,B,5952.0000,0.0000,0.0000,0.0000,0.0000,6012.0000,0.0000,0.0000,0.0000,0.0000,1,0,0,0,0,1,0,0,0,0
zc,SR311,2012-06-04 10:59:25.033,6000.0000,6,0,0.0000,0.0000,0,0,多换,B,5952.0000,0.0000,0.0000,0.0000,0.0000,6020.0000,0.0000,0.0000,0.0000,0.0000,1,0,0,0,0,1,0,0,0,0
zc,SR311,2012-06-04 11:03:09.270,6000.0000,6,0,0.0000,0.0000,0,0,多换,B,5952.0000,0.0000,0.0000,0.0000,0.0000,6009.0000,0.0000,0.0000,0.0000,0.0000,1,0,0,0,0,1,0,0,0,0
zc,SR311,2012-06-04 11:03:10.020,6000.0000,6,0,0.0000,0.0000,0,0,多换,B,5952.0000,0.0000,0.0000,0.0000,0.0000,6020.0000,0.0000,0.0000,0.0000,0.0000,1,0,0,0,0,1,0,0,0,0
zc,SR311,2012-06-04 11:03:10.503,6000.0000,6,0,0.0000,0.0000,0,0,多换,B,5952.0000,0.0000,0.0000,0.0000,0.0000,6014.0000,0.0000,0.0000,0.0000,0.0000,1,0,0,0,0,1,0,0,0,0
zc,SR311,2012-06-04 11:03:13.770,6000.0000,6,0,0.0000,0.0000,0,0,多换,B,5952.0000,0.0000,0.0000,0.0000,0.0000,6020.0000,0.0000,0.0000,0.0000,0.0000,1,0,0,0,0,1,0,0,0,0
zc,SR311,2012-06-04 11:04:09.503,6000.0000,6,0,0.0000,0.0000,0,0,多换,B,5952.0000,0.0000,0.0000,0.0000,0.0000,6006.0000,0.0000,0.0000,0.0000,0.0000,1,0,0,0,0,1,0,0,0,0
zc,SR311,2012-06-04 11:04:10.003,6000.0000,6,0,0.0000,0.0000,0,0,多换,B,5952.0000,0.0000,0.0000,0.0000,0.0000,6020.0000,0.0000,0.0000,0.0000,0.0000,1,0,0,0,0,1,0,0,0,0
zc,SR311,2012-06-04 11:04:20.003,6000.0000,6,0,0.0000,0.0000,0,0,多换,B,5952.0000,0.0000,0.0000,0.0000,0.0000,6010.0000,0.0000,0.0000,0.0000,0.0000,1,0,0,0,0,1,0,0,0,0
zc,SR311,2012-06-04 11:04:50.253,6000.0000,6,0,0.0000,0.0000,0,0,多换,B,5952.0000,0.0000,0.0000,0.0000,0.0000,6020.0000,0.0000,0.0000,0.0000,0.0000,1,0,0,0,0,1,0,0,0,0
zc,SR311,2012-06-04 11:06:31.770,6000.0000,6,0,0.0000,0.0000,0,0,多换,B,5952.0000,0.0000,0.0000,0.0000,0.0000,6012.0000,0.0000,0.0000,0.0000,0.0000,1,0,0,0,0,1,0,0,0,0
zc,SR311,2012-06-04 11:06:32.270,6000.0000,6,0,0.0000,0.0000,0,0,多换,B,5953.0000,0.0000,0.0000,0.0000,0.0000,6012.0000,0.0000,0.0000,0.0000,0.0000,1,0,0,0,0,1,0,0,0,0
zc,SR311,2012-06-04 11:06:46.223,6000.0000,6,0,0.0000,0.0000,0,0,多换,B,5953.0000,0.0000,0.0000,0.0000,0.0000,6012.0000,0.0000,0.0000,0.0000,0.0000,1,0,0,0,0,1,0,0,0,0
zc,SR311,2012-06-04 11:07:42.020,6000.0000,6,0,0.0000,0.0000,0,0,多换,B,5953.0000,0.0000,0.0000,0.0000,0.0000,6010.0000,0.0000,0.0000,0.0000,0.0000,1,0,0,0,0,1,0,0,0,0
zc,SR311,2012-06-04 11:07:43.503,6000.0000,6,0,0.0000,0.0000,0,0,多换,B,5953.0000,0.0000,0.0000,0.0000,0.0000,6012.0000,0.0000,0.0000,0.0000,0.0000,1,0,0,0,0,1,0,0,0,0
zc,SR311,2012-06-04 11:08:03.503,6000.0000,6,0,0.0000,0.0000,0,0,多换,B,5953.0000,0.0000,0.0000,0.0000,0.0000,6011.0000,0.0000,0.0000,0.0000,0.0000,1,0,0,0,0,1,0,0,0,0
zc,SR311,2012-06-04 11:08:04.770,6000.0000,6,0,0.0000,0.0000,0,0,多换,B,5953.0000,0.0000,0.0000,0.0000,0.0000,6012.0000,0.0000,0.0000,0.0000,0.0000,1,0,0,0,0,1,0,0,0,0
zc,SR311,2012-06-04 11:08:46.237,6000.0000,6,0,0.0000,0.0000,0,0,多换,B,5953.0000,0.0000,0.0000,0.0000,0.0000,6012.0000,0.0000,0.0000,0.0000,0.0000,1,0,0,0,0,1,0,0,0,0
zc,SR311,2012-06-04 11:09:46.223,6000.0000,6,0,0.0000,0.0000,0,0,多换,B,5953.0000,0.0000,0.0000,0.0000,0.0000,6012.0000,0.0000,0.0000,0.0000,0.0000,1,0,0,0,0,1,0,0,0,0
zc,SR311,2012-06-04 11:09:48.223,6000.0000,6,0,0.0000,0.0000,0,0,多换,B,5953.0000,0.0000,0.0000,0.0000,0.0000,6012.0000,0.0000,0.0000,0.0000,0.0000,2,0,0,0,0,1,0,0,0,0
zc,SR311,2012-06-04 11:09:52.003,6000.0000,6,0,0.0000,0.0000,0,0,多换,B,5953.0000,0.0000,0.0000,0.0000,0.0000,6020.0000,0.0000,0.0000,0.0000,0.0000,2,0,0,0,0,1,0,0,0,0
zc,SR311,2012-06-04 11:11:46.237,6000.0000,6,0,0.0000,0.0000,0,0,多换,B,5953.0000,0.0000,0.0000,0.0000,0.0000,6020.0000,0.0000,0.0000,0.0000,0.0000,2,0,0,0,0,1,0,0,0,0
zc,SR311,2012-06-04 11:12:29.487,6000.0000,6,0,0.0000,0.0000,0,0,多换,B,5953.0000,0.0000,0.0000,0.0000,0.0000,6012.0000,0.0000,0.0000,0.0000,0.0000,2,0,0,0,0,1,0,0,0,0
zc,SR311,2012-06-04 11:14:46.223,6000.0000,6,0,0.0000,0.0000,0,0,多换,B,5953.0000,0.0000,0.0000,0.0000,0.0000,6012.0000,0.0000,0.0000,0.0000,0.0000,2,0,0,0,0,1,0,0,0,0
zc,SR311,2012-06-04 11:18:04.270,6000.0000,6,0,0.0000,0.0000,0,0,多换,B,5953.0000,0.0000,0.0000,0.0000,0.0000,6020.0000,0.0000,0.0000,0.0000,0.0000,2,0,0,0,0,1,0,0,0,0
zc,SR311,2012-06-04 11:18:12.223,6000.0000,6,0,0.0000,0.0000,0,0,多换,B,5953.0000,0.0000,0.0000,0.0000,0.0000,6009.0000,0.0000,0.0000,0.0000,0.0000,2,0,0,0,0,1,0,0,0,0
zc,SR311,2012-06-04 11:18:14.973,6000.0000,6,0,0.0000,0.0000,0,0,多换,B,5953.0000,0.0000,0.0000,0.0000,0.0000,6009.0000,0.0000,0.0000,0.0000,0.0000,1,0,0,0,0,1,0,0,0,0
zc,SR311,2012-06-04 11:20:08.737,6000.0000,6,0,0.0000,0.0000,0,0,多换,B,5953.0000,0.0000,0.0000,0.0000,0.0000,6020.0000,0.0000,0.0000,0.0000,0.0000,1,0,0,0,0,1,0,0,0,0
zc,SR311,2012-06-04 11:20:15.237,6000.0000,6,0,0.0000,0.0000,0,0,多换,B,5953.0000,0.0000,0.0000,0.0000,0.0000,6012.0000,0.0000,0.0000,0.0000,0.0000,1,0,0,0,0,1,0,0,0,0
zc,SR311,2012-06-04 11:20:46.207,6000.0000,6,0,0.0000,0.0000,0,0,多换,B,5953.0000,0.0000,0.0000,0.0000,0.0000,6012.0000,0.0000,0.0000,0.0000,0.0000,1,0,0,0,0,1,0,0,0,0
zc,SR311,2012-06-04 11:21:27.237,6000.0000,6,0,0.0000,0.0000,0,0,多换,B,5953.0000,0.0000,0.0000,0.0000,0.0000,6008.0000,0.0000,0.0000,0.0000,0.0000,1,0,0,0,0,1,0,0,0,0
zc,SR311,2012-06-04 11:22:14.253,6000.0000,6,0,0.0000,0.0000,0,0,多换,B,5953.0000,0.0000,0.0000,0.0000,0.0000,6003.0000,0.0000,0.0000,0.0000,0.0000,1,0,0,0,0,1,0,0,0,0
zc,SR311,2012-06-04 11:22:15.300,6000.0000,6,0,0.0000,0.0000,0,0,多换,B,5953.0000,0.0000,0.0000,0.0000,0.0000,6008.0000,0.0000,0.0000,0.0000,0.0000,1,0,0,0,0,1,0,0,0,0
zc,SR311,2012-06-04 11:22:20.987,6000.0000,6,0,0.0000,0.0000,0,0,多换,B,5953.0000,0.0000,0.0000,0.0000,0.0000,6005.0000,0.0000,0.0000,0.0000,0.0000,1,0,0,0,0,1,0,0,0,0
zc,SR311,2012-06-04 11:22:34.237,6000.0000,6,0,0.0000,0.0000,0,0,多换,B,5953.0000,0.0000,0.0000,0.0000,0.0000,6004.0000,0.0000,0.0000,0.0000,0.0000,1,0,0,0,0,1,0,0,0,0
zc,SR311,2012-06-04 11:22:35.237,6000.0000,6,0,0.0000,0.0000,0,0,多换,B,5953.0000,0.0000,0.0000,0.0000,0.0000,6005.0000,0.0000,0.0000,0.0000,0.0000,1,0,0,0,0,1,0,0,0,0
zc,SR311,2012-06-04 11:22:54.987,6000.0000,6,0,0.0000,0.0000,0,0,多换,B,5953.0000,0.0000,0.0000,0.0000,0.0000,6000.0000,0.0000,0.0000,0.0000,0.0000,1,0,0,0,0,1,0,0,0,0
zc,SR311,2012-06-04 11:23:02.737,6000.0000,6,0,0.0000,0.0000,0,0,多换,B,5953.0000,0.0000,0.0000,0.0000,0.0000,6005.0000,0.0000,0.0000,0.0000,0.0000,1,0,0,0,0,1,0,0,0,0
zc,SR311,2012-06-04 11:23:09.503,6000.0000,6,0,0.0000,0.0000,0,0,多换,B,5953.0000,0.0000,0.0000,0.0000,0.0000,6002.0000,0.0000,0.0000,0.0000,0.0000,1,0,0,0,0,1,0,0,0,0
zc,SR311,2012-06-04 11:23:14.003,6000.0000,6,0,0.0000,0.0000,0,0,多换,B,5953.0000,0.0000,0.0000,0.0000,0.0000,5997.0000,0.0000,0.0000,0.0000,0.0000,1,0,0,0,0,1,0,0,0,0
zc,SR311,2012-06-04 11:23:16.520,6000.0000,6,0,0.0000,0.0000,0,0,多换,B,5953.0000,0.0000,0.0000,0.0000,0.0000,6002.0000,0.0000,0.0000,0.0000,0.0000,1,0,0,0,0,1,0,0,0,0
zc,SR311,2012-06-04 11:23:21.770,6000.0000,6,0,0.0000,0.0000,0,0,多换,B,5953.0000,0.0000,0.0000,0.0000,0.0000,5996.0000,0.0000,0.0000,0.0000,0.0000,1,0,0,0,0,1,0,0,0,0
zc,SR311,2012-06-04 11:23:23.020,6000.0000,6,0,0.0000,0.0000,0,0,多换,B,5953.0000,0.0000,0.0000,0.0000,0.0000,6002.0000,0.0000,0.0000,0.0000,0.0000,1,0,0,0,0,1,0,0,0,0
zc,SR311,2012-06-04 11:23:39.050,6000.0000,6,0,0.0000,0.0000,0,0,多换,B,5953.0000,0.0000,0.0000,0.0000,0.0000,6005.0000,0.0000,0.0000,0.0000,0.0000,1,0,0,0,0,1,0,0,0,0
zc,SR311,2012-06-04 11:23:51.283,6000.0000,6,0,0.0000,0.0000,0,0,多换,B,5953.0000,0.0000,0.0000,0.0000,0.0000,5991.0000,0.0000,0.0000,0.0000,0.0000,1,0,0,0,0,1,0,0,0,0
zc,SR311,2012-06-04 11:23:52.520,6000.0000,6,0,0.0000,0.0000,0,0,多换,B,5953.0000,0.0000,0.0000,0.0000,0.0000,6005.0000,0.0000,0.0000,0.0000,0.0000,1,0,0,0,0,1,0,0,0,0
zc,SR311,2012-06-04 11:23:54.783,6000.0000,6,0,0.0000,0.0000,0,0,多换,B,5953.0000,0.0000,0.0000,0.0000,0.0000,6020.0000,0.0000,0.0000,0.0000,0.0000,1,0,0,0,0,1,0,0,0,0
zc,SR311,2012-06-04 11:23:58.270,6000.0000,6,0,0.0000,0.0000,0,0,多换,B,5953.0000,0.0000,0.0000,0.0000,0.0000,5992.0000,0.0000,0.0000,0.0000,0.0000,1,0,0,0,0,1,0,0,0,0
zc,SR311,2012-06-04 11:24:36.020,6000.0000,6,0,0.0000,0.0000,0,0,多换,B,5953.0000,0.0000,0.0000,0.0000,0.0000,6020.0000,0.0000,0.0000,0.0000,0.0000,1,0,0,0,0,1,0,0,0,0
zc,SR311,2012-06-04 11:25:02.253,6000.0000,6,0,0.0000,0.0000,0,0,多换,B,5953.0000,0.0000,0.0000,0.0000,0.0000,5987.0000,0.0000,0.0000,0.0000,0.0000,1,0,0,0,0,1,0,0,0,0
zc,SR311,2012-06-04 11:25:03.533,6000.0000,6,0,0.0000,0.0000,0,0,多换,B,5953.0000,0.0000,0.0000,0.0000,0.0000,6020.0000,0.0000,0.0000,0.0000,0.0000,1,0,0,0,0,1,0,0,0,0
zc,SR311,2012-06-04 11:25:05.253,6000.0000,6,0,0.0000,0.0000,0,0,多换,B,5953.0000,0.0000,0.0000,0.0000,0.0000,6012.0000,0.0000,0.0000,0.0000,0.0000,1,0,0,0,0,1,0,0,0,0
zc,SR311,2012-06-04 11:25:05.753,6000.0000,6,0,0.0000,0.0000,0,0,多换,B,5953.0000,0.0000,0.0000,0.0000,0.0000,6020.0000,0.0000,0.0000,0.0000,0.0000,1,0,0,0,0,1,0,0,0,0
zc,SR311,2012-06-04 11:25:49.533,6000.0000,6,0,0.0000,0.0000,0,0,多换,B,5953.0000,0.0000,0.0000,0.0000,0.0000,6016.0000,0.0000,0.0000,0.0000,0.0000,1,0,0,0,0,1,0,0,0,0
zc,SR311,2012-06-04 11:25:56.253,6000.0000,6,0,0.0000,0.0000,0,0,多换,B,5953.0000,0.0000,0.0000,0.0000,0.0000,6020.0000,0.0000,0.0000,0.0000,0.0000,1,0,0,0,0,1,0,0,0,0
zc,SR311,2012-06-04 11:26:29.770,6000.0000,6,0,0.0000,0.0000,0,0,多换,B,5953.0000,0.0000,0.0000,0.0000,0.0000,6017.0000,0.0000,0.0000,0.0000,0.0000,1,0,0,0,0,1,0,0,0,0
zc,SR311,2012-06-04 11:29:37.270,6000.0000,6,0,0.0000,0.0000,0,0,多换,B,5953.0000,0.0000,0.0000,0.0000,0.0000,6020.0000,0.0000,0.0000,0.0000,0.0000,1,0,0,0,0,1,0,0,0,0
zc,SR311,2012-06-04 11:29:46.207,6000.0000,6,0,0.0000,0.0000,0,0,多换,B,5953.0000,0.0000,0.0000,0.0000,0.0000,6020.0000,0.0000,0.0000,0.0000,0.0000,1,0,0,0,0,1,0,0,0,0
zc,SR311,2012-06-04 11:30:46.190,6000.0000,6,0,0.0000,0.0000,0,0,多换,B,5953.0000,0.0000,0.0000,0.0000,0.0000,6020.0000,0.0000,0.0000,0.0000,0.0000,1,0,0,0,0,1,0,0,0,0
zc,SR311,2012-06-04 11:32:46.190,6000.0000,6,0,0.0000,0.0000,0,0,多换,B,5953.0000,0.0000,0.0000,0.0000,0.0000,6020.0000,0.0000,0.0000,0.0000,0.0000,1,0,0,0,0,1,0,0,0,0
zc,SR311,2012-06-04 11:41:46.177,6000.0000,6,0,0.0000,0.0000,0,0,多换,B,5953.0000,0.0000,0.0000,0.0000,0.0000,6020.0000,0.0000,0.0000,0.0000,0.0000,1,0,0,0,0,1,0,0,0,0
zc,SR311,2012-06-04 11:44:46.177,6000.0000,6,0,0.0000,0.0000,0,0,多换,B,5953.0000,0.0000,0.0000,0.0000,0.0000,6020.0000,0.0000,0.0000,0.0000,0.0000,1,0,0,0,0,1,0,0,0,0
zc,SR311,2012-06-04 11:45:46.177,6000.0000,6,0,0.0000,0.0000,0,0,多换,B,5953.0000,0.0000,0.0000,0.0000,0.0000,6020.0000,0.0000,0.0000,0.0000,0.0000,1,0,0,0,0,1,0,0,0,0
zc,SR311,2012-06-04 11:46:46.177,6000.0000,6,0,0.0000,0.0000,0,0,多换,B,5953.0000,0.0000,0.0000,0.0000,0.0000,6020.0000,0.0000,0.0000,0.0000,0.0000,1,0,0,0,0,1,0,0,0,0
zc,SR311,2012-06-04 11:48:46.177,6000.0000,6,0,0.0000,0.0000,0,0,多换,B,5953.0000,0.0000,0.0000,0.0000,0.0000,6020.0000,0.0000,0.0000,0.0000,0.0000,1,0,0,0,0,1,0,0,0,0
zc,SR311,2012-06-04 11:49:46.177,6000.0000,6,0,0.0000,0.0000,0,0,多换,B,5953.0000,0.0000,0.0000,0.0000,0.0000,6020.0000,0.0000,0.0000,0.0000,0.0000,1,0,0,0,0,1,0,0,0,0
zc,SR311,2012-06-04 12:08:46.160,6000.0000,6,0,0.0000,0.0000,0,0,多换,B,5953.0000,0.0000,0.0000,0.0000,0.0000,6020.0000,0.0000,0.0000,0.0000,0.0000,1,0,0,0,0,1,0,0,0,0
zc,SR311,2012-06-04 12:47:46.067,6000.0000,6,0,0.0000,0.0000,0,0,多换,B,5953.0000,0.0000,0.0000,0.0000,0.0000,6020.0000,0.0000,0.0000,0.0000,0.0000,1,0,0,0,0,1,0,0,0,0
zc,SR311,2012-06-04 12:54:46.067,6000.0000,6,0,0.0000,0.0000,0,0,多换,B,5953.0000,0.0000,0.0000,0.0000,0.0000,6020.0000,0.0000,0.0000,0.0000,0.0000,1,0,0,0,0,1,0,0,0,0
zc,SR311,2012-06-04 13:08:46.097,6000.0000,6,0,0.0000,0.0000,0,0,多换,B,5953.0000,0.0000,0.0000,0.0000,0.0000,6020.0000,0.0000,0.0000,0.0000,0.0000,1,0,0,0,0,1,0,0,0,0
zc,SR311,2012-06-04 13:11:46.097,6000.0000,6,0,0.0000,0.0000,0,0,多换,B,5953.0000,0.0000,0.0000,0.0000,0.0000,6020.0000,0.0000,0.0000,0.0000,0.0000,1,0,0,0,0,1,0,0,0,0
zc,SR311,2012-06-04 13:12:46.080,6000.0000,6,0,0.0000,0.0000,0,0,多换,B,5953.0000,0.0000,0.0000,0.0000,0.0000,6020.0000,0.0000,0.0000,0.0000,0.0000,1,0,0,0,0,1,0,0,0,0
zc,SR311,2012-06-04 13:16:46.080,6000.0000,6,0,0.0000,0.0000,0,0,多换,B,5953.0000,0.0000,0.0000,0.0000,0.0000,6020.0000,0.0000,0.0000,0.0000,0.0000,1,0,0,0,0,1,0,0,0,0
zc,SR311,2012-06-04 13:17:46.080,6000.0000,6,0,0.0000,0.0000,0,0,多换,B,5953.0000,0.0000,0.0000,0.0000,0.0000,6020.0000,0.0000,0.0000,0.0000,0.0000,1,0,0,0,0,1,0,0,0,0
zc,SR311,2012-06-04 13:18:46.080,6000.0000,6,0,0.0000,0.0000,0,0,多换,B,5953.0000,0.0000,0.0000,0.0000,0.0000,6020.0000,0.0000,0.0000,0.0000,0.0000,1,0,0,0,0,1,0,0,0,0
zc,SR311,2012-06-04 13:19:46.080,6000.0000,6,0,0.0000,0.0000,0,0,多换,B,5953.0000,0.0000,0.0000,0.0000,0.0000,6020.0000,0.0000,0.0000,0.0000,0.0000,1,0,0,0,0,1,0,0,0,0
zc,SR311,2012-06-04 13:23:46.080,6000.0000,6,0,0.0000,0.0000,0,0,多换,B,5953.0000,0.0000,0.0000,0.0000,0.0000,6020.0000,0.0000,0.0000,0.0000,0.0000,1,0,0,0,0,1,0,0,0,0
zc,SR311,2012-06-04 13:29:46.067,6000.0000,6,0,0.0000,0.0000,0,0,多换,B,5953.0000,0.0000,0.0000,0.0000,0.0000,6020.0000,0.0000,0.0000,0.0000,0.0000,1,0,0,0,0,1,0,0,0,0
zc,SR311,2012-06-04 13:30:02.283,6000.0000,6,0,0.0000,0.0000,0,0,多换,B,5953.0000,0.0000,0.0000,0.0000,0.0000,6017.0000,0.0000,0.0000,0.0000,0.0000,1,0,0,0,0,1,0,0,0,0
zc,SR311,2012-06-04 13:30:53.377,6000.0000,6,0,0.0000,0.0000,0,0,多换,B,5953.0000,0.0000,0.0000,0.0000,0.0000,6011.0000,0.0000,0.0000,0.0000,0.0000,1,0,0,0,0,1,0,0,0,0
zc,SR311,2012-06-04 13:30:55.863,6000.0000,6,0,0.0000,0.0000,0,0,多换,B,5953.0000,0.0000,0.0000,0.0000,0.0000,5982.0000,0.0000,0.0000,0.0000,0.0000,1,0,0,0,0,1,0,0,0,0
zc,SR311,2012-06-04 13:30:58.127,6000.0000,6,0,0.0000,0.0000,0,0,多换,B,5953.0000,0.0000,0.0000,0.0000,0.0000,6011.0000,0.0000,0.0000,0.0000,0.0000,1,0,0,0,0,1,0,0,0,0
zc,SR311,2012-06-04 13:31:03.893,6000.0000,6,0,0.0000,0.0000,0,0,多换,B,5953.0000,0.0000,0.0000,0.0000,0.0000,6008.0000,0.0000,0.0000,0.0000,0.0000,1,0,0,0,0,1,0,0,0,0
zc,SR311,2012-06-04 13:31:05.643,6000.0000,6,0,0.0000,0.0000,0,0,多换,B,5953.0000,0.0000,0.0000,0.0000,0.0000,6007.0000,0.0000,0.0000,0.0000,0.0000,1,0,0,0,0,1,0,0,0,0
zc,SR311,2012-06-04 13:31:09.910,6000.0000,6,0,0.0000,0.0000,0,0,多换,B,5953.0000,0.0000,0.0000,0.0000,0.0000,6003.0000,0.0000,0.0000,0.0000,0.0000,1,0,0,0,0,1,0,0,0,0
zc,SR311,2012-06-04 13:31:10.643,6000.0000,6,0,0.0000,0.0000,0,0,多换,B,5953.0000,0.0000,0.0000,0.0000,0.0000,5977.0000,0.0000,0.0000,0.0000,0.0000,1,0,0,0,0,1,0,0,0,0
zc,SR311,2012-06-04 13:31:12.097,6000.0000,6,0,0.0000,0.0000,0,0,多换,B,5953.0000,0.0000,0.0000,0.0000,0.0000,6002.0000,0.0000,0.0000,0.0000,0.0000,1,0,0,0,0,1,0,0,0,0
zc,SR311,2012-06-04 13:31:13.377,6000.0000,6,0,0.0000,0.0000,0,0,多换,B,5953.0000,0.0000,0.0000,0.0000,0.0000,6005.0000,0.0000,0.0000,0.0000,0.0000,1,0,0,0,0,1,0,0,0,0
zc,SR311,2012-06-04 13:31:28.877,6000.0000,6,0,0.0000,0.0000,0,0,多换,B,5953.0000,0.0000,0.0000,0.0000,0.0000,5999.0000,0.0000,0.0000,0.0000,0.0000,1,0,0,0,0,1,0,0,0,0
zc,SR311,2012-06-04 13:31:47.847,6000.0000,6,0,0.0000,0.0000,0,0,多换,B,5953.0000,0.0000,0.0000,0.0000,0.0000,5976.0000,0.0000,0.0000,0.0000,0.0000,1,0,0,0,0,1,0,0,0,0
zc,SR311,2012-06-04 13:31:51.377,6000.0000,6,0,0.0000,0.0000,0,0,多换,B,5953.0000,0.0000,0.0000,0.0000,0.0000,5971.0000,0.0000,0.0000,0.0000,0.0000,1,0,0,0,0,1,0,0,0,0
zc,SR311,2012-06-04 13:31:52.127,6000.0000,6,0,0.0000,0.0000,0,0,多换,B,5953.0000,0.0000,0.0000,0.0000,0.0000,5970.0000,0.0000,0.0000,0.0000,0.0000,1,0,0,0,0,1,0,0,0,0
zc,SR311,2012-06-04 13:31:53.127,6000.0000,6,0,0.0000,0.0000,0,0,多换,B,5953.0000,0.0000,0.0000,0.0000,0.0000,5976.0000,0.0000,0.0000,0.0000,0.0000,1,0,0,0,0,1,0,0,0,0
zc,SR311,2012-06-04 13:31:58.363,6000.0000,6,0,0.0000,0.0000,0,0,多换,B,5953.0000,0.0000,0.0000,0.0000,0.0000,5998.0000,0.0000,0.0000,0.0000,0.0000,1,0,0,0,0,1,0,0,0,0
zc,SR311,2012-06-04 13:31:59.643,6000.0000,6,0,0.0000,0.0000,0,0,多换,B,5953.0000,0.0000,0.0000,0.0000,0.0000,5996.0000,0.0000,0.0000,0.0000,0.0000,1,0,0,0,0,1,0,0,0,0
zc,SR311,2012-06-04 13:32:00.377,6000.0000,6,0,0.0000,0.0000,0,0,多换,B,5953.0000,0.0000,0.0000,0.0000,0.0000,5998.0000,0.0000,0.0000,0.0000,0.0000,1,0,0,0,0,1,0,0,0,0
zc,SR311,2012-06-04 13:32:05.643,6000.0000,6,0,0.0000,0.0000,0,0,多换,B,5953.0000,0.0000,0.0000,0.0000,0.0000,5970.0000,0.0000,0.0000,0.0000,0.0000,1,0,0,0,0,1,0,0,0,0
zc,SR311,2012-06-04 13:32:17.347,6000.0000,6,0,0.0000,0.0000,0,0,多换,B,5953.0000,0.0000,0.0000,0.0000,0.0000,5995.0000,0.0000,0.0000,0.0000,0.0000,1,0,0,0,0,1,0,0,0,0
zc,SR311,2012-06-04 13:32:18.927,6000.0000,6,0,0.0000,0.0000,0,0,多换,B,5953.0000,0.0000,0.0000,0.0000,0.0000,5994.0000,0.0000,0.0000,0.0000,0.0000,1,0,0,0,0,1,0,0,0,0
zc,SR311,2012-06-04 13:32:21.363,6000.0000,6,0,0.0000,0.0000,0,0,多换,B,5953.0000,0.0000,0.0000,0.0000,0.0000,5970.0000,0.0000,0.0000,0.0000,0.0000,1,0,0,0,0,1,0,0,0,0
zc,SR311,2012-06-04 13:32:30.660,6000.0000,6,0,0.0000,0.0000,0,0,多换,B,5953.0000,0.0000,0.0000,0.0000,0.0000,5998.0000,0.0000,0.0000,0.0000,0.0000,1,0,0,0,0,1,0,0,0,0
zc,SR311,2012-06-04 13:33:20.067,6000.0000,6,0,0.0000,0.0000,0,0,多换,B,5953.0000,0.0000,0.0000,0.0000,0.0000,5996.0000,0.0000,0.0000,0.0000,0.0000,1,0,0,0,0,1,0,0,0,0
zc,SR311,2012-06-04 13:33:42.177,6000.0000,6,0,0.0000,0.0000,0,0,多换,B,5953.0000,0.0000,0.0000,0.0000,0.0000,5971.0000,0.0000,0.0000,0.0000,0.0000,1,0,0,0,0,1,0,0,0,0
zc,SR311,2012-06-04 13:33:42.847,6000.0000,6,0,0.0000,0.0000,0,0,多换,B,5953.0000,0.0000,0.0000,0.0000,0.0000,5996.0000,0.0000,0.0000,0.0000,0.0000,1,0,0,0,0,1,0,0,0,0
zc,SR311,2012-06-04 13:34:53.643,6000.0000,6,0,0.0000,0.0000,0,0,多换,B,5953.0000,0.0000,0.0000,0.0000,0.0000,5973.0000,0.0000,0.0000,0.0000,0.0000,1,0,0,0,0,1,0,0,0,0
zc,SR311,2012-06-04 13:34:57.097,6000.0000,6,0,0.0000,0.0000,0,0,多换,B,5953.0000,0.0000,0.0000,0.0000,0.0000,5996.0000,0.0000,0.0000,0.0000,0.0000,1,0,0,0,0,1,0,0,0,0
zc,SR311,2012-06-04 13:35:15.363,6000.0000,6,0,0.0000,0.0000,0,0,多换,B,5953.0000,0.0000,0.0000,0.0000,0.0000,5975.0000,0.0000,0.0000,0.0000,0.0000,1,0,0,0,0,1,0,0,0,0
zc,SR311,2012-06-04 13:35:19.877,6000.0000,6,0,0.0000,0.0000,0,0,多换,B,5953.0000,0.0000,0.0000,0.0000,0.0000,5996.0000,0.0000,0.0000,0.0000,0.0000,1,0,0,0,0,1,0,0,0,0
zc,SR311,2012-06-04 13:35:23.613,6000.0000,6,0,0.0000,0.0000,0,0,多换,B,5953.0000,0.0000,0.0000,0.0000,0.0000,5977.0000,0.0000,0.0000,0.0000,0.0000,1,0,0,0,0,1,0,0,0,0
zc,SR311,2012-06-04 13:35:25.363,6000.0000,6,0,0.0000,0.0000,0,0,多换,B,5953.0000,0.0000,0.0000,0.0000,0.0000,5996.0000,0.0000,0.0000,0.0000,0.0000,1,0,0,0,0,1,0,0,0,0
zc,SR311,2012-06-04 13:36:06.080,6000.0000,6,0,0.0000,0.0000,0,0,多换,B,5953.0000,0.0000,0.0000,0.0000,0.0000,5977.0000,0.0000,0.0000,0.0000,0.0000,1,0,0,0,0,1,0,0,0,0
zc,SR311,2012-06-04 13:36:07.127,6000.0000,6,0,0.0000,0.0000,0,0,多换,B,5953.0000,0.0000,0.0000,0.0000,0.0000,5996.0000,0.0000,0.0000,0.0000,0.0000,1,0,0,0,0,1,0,0,0,0
zc,SR311,2012-06-04 13:36:46.080,6000.0000,6,0,0.0000,0.0000,0,0,多换,B,5953.0000,0.0000,0.0000,0.0000,0.0000,5996.0000,0.0000,0.0000,0.0000,0.0000,1,0,0,0,0,1,0,0,0,0
zc,SR311,2012-06-04 13:37:00.143,6000.0000,6,0,0.0000,0.0000,0,0,多换,B,5953.0000,0.0000,0.0000,0.0000,0.0000,6011.0000,0.0000,0.0000,0.0000,0.0000,1,0,0,0,0,1,0,0,0,0
zc,SR311,2012-06-04 13:37:36.097,6000.0000,6,0,0.0000,0.0000,0,0,多换,B,5953.0000,0.0000,0.0000,0.0000,0.0000,5999.0000,0.0000,0.0000,0.0000,0.0000,1,0,0,0,0,1,0,0,0,0
zc,SR311,2012-06-04 13:38:56.347,6000.0000,6,0,0.0000,0.0000,0,0,多换,B,5953.0000,0.0000,0.0000,0.0000,0.0000,6011.0000,0.0000,0.0000,0.0000,0.0000,1,0,0,0,0,1,0,0,0,0
zc,SR311,2012-06-04 13:39:09.127,6000.0000,6,0,0.0000,0.0000,0,0,多换,B,5953.0000,0.0000,0.0000,0.0000,0.0000,6020.0000,0.0000,0.0000,0.0000,0.0000,1,0,0,0,0,1,0,0,0,0
zc,SR311,2012-06-04 13:41:31.347,6000.0000,6,0,0.0000,0.0000,0,0,多换,B,5953.0000,0.0000,0.0000,0.0000,0.0000,5998.0000,0.0000,0.0000,0.0000,0.0000,1,0,0,0,0,1,0,0,0,0
zc,SR311,2012-06-04 13:42:16.643,6000.0000,6,0,0.0000,0.0000,0,0,多换,B,5953.0000,0.0000,0.0000,0.0000,0.0000,6020.0000,0.0000,0.0000,0.0000,0.0000,1,0,0,0,0,1,0,0,0,0
zc,SR311,2012-06-04 13:42:39.330,6000.0000,6,0,0.0000,0.0000,0,0,多换,B,5953.0000,0.0000,0.0000,0.0000,0.0000,6012.0000,0.0000,0.0000,0.0000,0.0000,1,0,0,0,0,1,0,0,0,0
zc,SR311,2012-06-04 13:43:46.050,6000.0000,6,0,0.0000,0.0000,0,0,多换,B,5953.0000,0.0000,0.0000,0.0000,0.0000,6012.0000,0.0000,0.0000,0.0000,0.0000,1,0,0,0,0,1,0,0,0,0
zc,SR311,2012-06-04 13:45:13.097,6000.0000,6,0,0.0000,0.0000,0,0,多换,B,5953.0000,0.0000,0.0000,0.0000,0.0000,6014.0000,0.0000,0.0000,0.0000,0.0000,1,0,0,0,0,1,0,0,0,0
zc,SR311,2012-06-04 13:45:46.080,6000.0000,6,0,0.0000,0.0000,0,0,多换,B,5953.0000,0.0000,0.0000,0.0000,0.0000,6014.0000,0.0000,0.0000,0.0000,0.0000,1,0,0,0,0,1,0,0,0,0
zc,SR311,2012-06-04 13:47:36.317,6000.0000,6,0,0.0000,0.0000,0,0,多换,B,5953.0000,0.0000,0.0000,0.0000,0.0000,6000.0000,0.0000,0.0000,0.0000,0.0000,1,0,0,0,0,1,0,0,0,0
zc,SR311,2012-06-04 13:48:00.847,6000.0000,6,0,0.0000,0.0000,0,0,多换,B,5953.0000,0.0000,0.0000,0.0000,0.0000,5972.0000,0.0000,0.0000,0.0000,0.0000,1,0,0,0,0,1,0,0,0,0
zc,SR311,2012-06-04 13:49:31.080,6000.0000,6,0,0.0000,0.0000,0,0,多换,B,5953.0000,0.0000,0.0000,0.0000,0.0000,6014.0000,0.0000,0.0000,0.0000,0.0000,1,0,0,0,0,1,0,0,0,0
zc,SR311,2012-06-04 13:50:06.330,6000.0000,6,0,0.0000,0.0000,0,0,多换,B,5953.0000,0.0000,0.0000,0.0000,0.0000,6012.0000,0.0000,0.0000,0.0000,0.0000,1,0,0,0,0,2,0,0,0,0
zc,SR311,2012-06-04 13:53:01.817,6000.0000,6,0,0.0000,0.0000,0,0,多换,B,5953.0000,0.0000,0.0000,0.0000,0.0000,5996.0000,0.0000,0.0000,0.0000,0.0000,1,0,0,0,0,1,0,0,0,0
zc,SR311,2012-06-04 13:53:30.863,6000.0000,6,0,0.0000,0.0000,0,0,多换,B,5953.0000,0.0000,0.0000,0.0000,0.0000,6012.0000,0.0000,0.0000,0.0000,0.0000,1,0,0,0,0,2,0,0,0,0
zc,SR311,2012-06-04 13:53:46.067,6000.0000,6,0,0.0000,0.0000,0,0,多换,B,5953.0000,0.0000,0.0000,0.0000,0.0000,6012.0000,0.0000,0.0000,0.0000,0.0000,1,0,0,0,0,2,0,0,0,0
zc,SR311,2012-06-04 13:55:28.580,6000.0000,6,0,0.0000,0.0000,0,0,多换,B,5953.0000,0.0000,0.0000,0.0000,0.0000,5990.0000,0.0000,0.0000,0.0000,0.0000,1,0,0,0,0,1,0,0,0,0
zc,SR311,2012-06-04 13:55:29.817,6000.0000,6,0,0.0000,0.0000,0,0,多换,B,5953.0000,0.0000,0.0000,0.0000,0.0000,6012.0000,0.0000,0.0000,0.0000,0.0000,1,0,0,0,0,2,0,0,0,0
zc,SR311,2012-06-04 13:55:48.830,6000.0000,6,0,0.0000,0.0000,0,0,多换,B,5953.0000,0.0000,0.0000,0.0000,0.0000,5984.0000,0.0000,0.0000,0.0000,0.0000,1,0,0,0,0,1,0,0,0,0
zc,SR311,2012-06-04 13:55:52.847,6000.0000,6,0,0.0000,0.0000,0,0,多换,B,5953.0000,0.0000,0.0000,0.0000,0.0000,6012.0000,0.0000,0.0000,0.0000,0.0000,1,0,0,0,0,2,0,0,0,0
zc,SR311,2012-06-04 13:56:37.080,6000.0000,6,0,0.0000,0.0000,0,0,多换,B,5953.0000,0.0000,0.0000,0.0000,0.0000,6011.0000,0.0000,0.0000,0.0000,0.0000,1,0,0,0,0,1,0,0,0,0
zc,SR311,2012-06-04 13:56:37.597,6000.0000,6,0,0.0000,0.0000,0,0,多换,B,5953.0000,0.0000,0.0000,0.0000,0.0000,6012.0000,0.0000,0.0000,0.0000,0.0000,1,0,0,0,0,2,0,0,0,0
zc,SR311,2012-06-04 13:58:04.317,6000.0000,6,0,0.0000,0.0000,0,0,多换,B,5953.0000,0.0000,0.0000,0.0000,0.0000,6011.0000,0.0000,0.0000,0.0000,0.0000,1,0,0,0,0,1,0,0,0,0
zc,SR311,2012-06-04 13:58:30.097,6000.0000,6,0,0.0000,0.0000,0,0,多换,B,5953.0000,0.0000,0.0000,0.0000,0.0000,5988.0000,0.0000,0.0000,0.0000,0.0000,1,0,0,0,0,1,0,0,0,0
zc,SR311,2012-06-04 13:58:32.317,6000.0000,6,0,0.0000,0.0000,0,0,多换,B,5953.0000,0.0000,0.0000,0.0000,0.0000,6011.0000,0.0000,0.0000,0.0000,0.0000,1,0,0,0,0,1,0,0,0,0
zc,SR311,2012-06-04 13:58:58.830,6000.0000,6,0,0.0000,0.0000,0,0,多换,B,5953.0000,0.0000,0.0000,0.0000,0.0000,5987.0000,0.0000,0.0000,0.0000,0.0000,1,0,0,0,0,1,0,0,0,0
zc,SR311,2012-06-04 13:58:59.580,6000.0000,6,0,0.0000,0.0000,0,0,多换,B,5953.0000,0.0000,0.0000,0.0000,0.0000,6011.0000,0.0000,0.0000,0.0000,0.0000,1,0,0,0,0,1,0,0,0,0
zc,SR311,2012-06-04 13:59:04.567,6000.0000,6,0,0.0000,0.0000,0,0,多换,B,5953.0000,0.0000,0.0000,0.0000,0.0000,5988.0000,0.0000,0.0000,0.0000,0.0000,1,0,0,0,0,1,0,0,0,0
zc,SR311,2012-06-04 13:59:18.067,6000.0000,6,0,0.0000,0.0000,0,0,多换,B,5953.0000,0.0000,0.0000,0.0000,0.0000,6011.0000,0.0000,0.0000,0.0000,0.0000,1,0,0,0,0,1,0,0,0,0
zc,SR311,2012-06-04 13:59:51.300,6000.0000,6,0,0.0000,0.0000,0,0,多换,B,5953.0000,0.0000,0.0000,0.0000,0.0000,6001.0000,0.0000,0.0000,0.0000,0.0000,1,0,0,0,0,1,0,0,0,0
zc,SR311,2012-06-04 14:00:46.067,6000.0000,6,0,0.0000,0.0000,0,0,多换,B,5953.0000,0.0000,0.0000,0.0000,0.0000,6001.0000,0.0000,0.0000,0.0000,0.0000,1,0,0,0,0,1,0,0,0,0
zc,SR311,2012-06-04 14:06:27.330,6000.0000,6,0,0.0000,0.0000,0,0,多换,B,5953.0000,0.0000,0.0000,0.0000,0.0000,5992.0000,0.0000,0.0000,0.0000,0.0000,1,0,0,0,0,1,0,0,0,0
zc,SR311,2012-06-04 14:06:28.317,6000.0000,6,0,0.0000,0.0000,0,0,多换,B,5953.0000,0.0000,0.0000,0.0000,0.0000,6001.0000,0.0000,0.0000,0.0000,0.0000,1,0,0,0,0,1,0,0,0,0
zc,SR311,2012-06-04 14:09:36.817,6000.0000,6,0,0.0000,0.0000,0,0,多换,B,5953.0000,0.0000,0.0000,0.0000,0.0000,5992.0000,0.0000,0.0000,0.0000,0.0000,1,0,0,0,0,1,0,0,0,0
zc,SR311,2012-06-04 14:09:57.033,6000.0000,6,0,0.0000,0.0000,0,0,多换,B,5953.0000,0.0000,0.0000,0.0000,0.0000,6001.0000,0.0000,0.0000,0.0000,0.0000,1,0,0,0,0,1,0,0,0,0
zc,SR311,2012-06-04 14:10:35.567,6000.0000,6,0,0.0000,0.0000,0,0,多换,B,5953.0000,0.0000,0.0000,0.0000,0.0000,5989.0000,0.0000,0.0000,0.0000,0.0000,1,0,0,0,0,1,0,0,0,0
zc,SR311,2012-06-04 14:10:36.550,6000.0000,6,0,0.0000,0.0000,0,0,多换,B,5953.0000,0.0000,0.0000,0.0000,0.0000,6001.0000,0.0000,0.0000,0.0000,0.0000,1,0,0,0,0,1,0,0,0,0
zc,SR311,2012-06-04 14:11:33.283,6000.0000,6,0,0.0000,0.0000,0,0,多换,B,5953.0000,0.0000,0.0000,0.0000,0.0000,5996.0000,0.0000,0.0000,0.0000,0.0000,1,0,0,0,0,1,0,0,0,0
zc,SR311,2012-06-04 14:13:09.270,6000.0000,6,0,0.0000,0.0000,0,0,多换,B,5962.0000,0.0000,0.0000,0.0000,0.0000,5996.0000,0.0000,0.0000,0.0000,0.0000,1,0,0,0,0,1,0,0,0,0
zc,SR311,2012-06-04 14:14:21.567,6000.0000,6,0,0.0000,0.0000,0,0,多换,B,5953.0000,0.0000,0.0000,0.0000,0.0000,5996.0000,0.0000,0.0000,0.0000,0.0000,1,0,0,0,0,1,0,0,0,0
zc,SR311,2012-06-04 14:14:33.033,6000.0000,6,0,0.0000,0.0000,0,0,多换,B,5953.0000,0.0000,0.0000,0.0000,0.0000,5995.0000,0.0000,0.0000,0.0000,0.0000,1,0,0,0,0,1,0,0,0,0
zc,SR311,2012-06-04 14:14:44.020,6000.0000,6,0,0.0000,0.0000,0,0,多换,B,5982.0000,0.0000,0.0000,0.0000,0.0000,5995.0000,0.0000,0.0000,0.0000,0.0000,1,0,0,0,0,1,0,0,0,0
zc,SR311,2012-06-04 14:14:52.283,6000.0000,6,0,0.0000,0.0000,0,0,多换,B,5982.0000,0.0000,0.0000,0.0000,0.0000,5995.0000,0.0000,0.0000,0.0000,0.0000,1,0,0,0,0,2,0,0,0,0
zc,SR311,2012-06-04 14:14:53.550,5982.0000,8,2,0.0000,2.0000,2,0,双开,S,5953.0000,0.0000,0.0000,0.0000,0.0000,5995.0000,0.0000,0.0000,0.0000,0.0000,1,0,0,0,0,2,0,0,0,0
zc,SR311,2012-06-04 14:14:55.050,5982.0000,8,0,0.0000,0.0000,0,0,空换,S,5953.0000,0.0000,0.0000,0.0000,0.0000,5995.0000,0.0000,0.0000,0.0000,0.0000,1,0,0,0,0,1,0,0,0,0
zc,SR311,2012-06-04 14:15:10.300,5982.0000,8,0,0.0000,0.0000,0,0,空换,S,5953.0000,0.0000,0.0000,0.0000,0.0000,5990.0000,0.0000,0.0000,0.0000,0.0000,1,0,0,0,0,1,0,0,0,0
zc,SR311,2012-06-04 14:15:26.770,5982.0000,8,0,0.0000,0.0000,0,0,空换,S,5954.0000,0.0000,0.0000,0.0000,0.0000,5990.0000,0.0000,0.0000,0.0000,0.0000,1,0,0,0,0,1,0,0,0,0
zc,SR311,2012-06-04 14:15:46.033,5982.0000,8,0,0.0000,0.0000,0,0,空换,S,5954.0000,0.0000,0.0000,0.0000,0.0000,5990.0000,0.0000,0.0000,0.0000,0.0000,1,0,0,0,0,1,0,0,0,0
zc,SR311,2012-06-04 14:15:49.580,5982.0000,8,0,0.0000,0.0000,0,0,空换,S,5954.0000,0.0000,0.0000,0.0000,0.0000,5992.0000,0.0000,0.0000,0.0000,0.0000,1,0,0,0,0,1,0,0,0,0
zc,SR311,2012-06-04 14:15:55.817,5982.0000,8,0,0.0000,0.0000,0,0,空换,S,5954.0000,0.0000,0.0000,0.0000,0.0000,5993.0000,0.0000,0.0000,0.0000,0.0000,1,0,0,0,0,1,0,0,0,0
zc,SR311,2012-06-04 14:17:56.550,5982.0000,8,0,0.0000,0.0000,0,0,空换,S,5953.0000,0.0000,0.0000,0.0000,0.0000,5993.0000,0.0000,0.0000,0.0000,0.0000,1,0,0,0,0,1,0,0,0,0
zc,SR311,2012-06-04 14:21:08.520,5953.0000,10,2,0.0000,2.0000,2,0,双开,S,5913.0000,0.0000,0.0000,0.0000,0.0000,5993.0000,0.0000,0.0000,0.0000,0.0000,1,0,0,0,0,1,0,0,0,0
zc,SR311,2012-06-04 14:21:24.283,5993.0000,8,-2,0.0000,2.0000,0,2,双平,B,5913.0000,0.0000,0.0000,0.0000,0.0000,6012.0000,0.0000,0.0000,0.0000,0.0000,1,0,0,0,0,2,0,0,0,0
zc,SR311,2012-06-04 14:21:27.800,5993.0000,8,0,0.0000,0.0000,0,0,多换,B,5914.0000,0.0000,0.0000,0.0000,0.0000,6012.0000,0.0000,0.0000,0.0000,0.0000,1,0,0,0,0,2,0,0,0,0
zc,SR311,2012-06-04 14:21:37.550,5993.0000,8,0,0.0000,0.0000,0,0,多换,B,5914.0000,0.0000,0.0000,0.0000,0.0000,5996.0000,0.0000,0.0000,0.0000,0.0000,1,0,0,0,0,1,0,0,0,0
zc,SR311,2012-06-04 14:21:40.270,5993.0000,8,0,0.0000,0.0000,0,0,多换,B,5940.0000,0.0000,0.0000,0.0000,0.0000,5996.0000,0.0000,0.0000,0.0000,0.0000,1,0,0,0,0,1,0,0,0,0
zc,SR311,2012-06-04 14:22:05.270,5993.0000,8,0,0.0000,0.0000,0,0,多换,B,5941.0000,0.0000,0.0000,0.0000,0.0000,5996.0000,0.0000,0.0000,0.0000,0.0000,1,0,0,0,0,1,0,0,0,0
zc,SR311,2012-06-04 14:22:30.533,5993.0000,8,0,0.0000,0.0000,0,0,多换,B,5945.0000,0.0000,0.0000,0.0000,0.0000,5996.0000,0.0000,0.0000,0.0000,0.0000,1,0,0,0,0,1,0,0,0,0
zc,SR311,2012-06-04 14:23:07.533,5993.0000,8,0,0.0000,0.0000,0,0,多换,B,5941.0000,0.0000,0.0000,0.0000,0.0000,5996.0000,0.0000,0.0000,0.0000,0.0000,1,0,0,0,0,1,0,0,0,0
zc,SR311,2012-06-04 14:23:46.020,5993.0000,8,0,0.0000,0.0000,0,0,多换,B,5941.0000,0.0000,0.0000,0.0000,0.0000,5996.0000,0.0000,0.0000,0.0000,0.0000,1,0,0,0,0,1,0,0,0,0
zc,SR311,2012-06-04 14:26:49.783,5993.0000,8,0,0.0000,0.0000,0,0,多换,B,5941.0000,0.0000,0.0000,0.0000,0.0000,6012.0000,0.0000,0.0000,0.0000,0.0000,1,0,0,0,0,2,0,0,0,0
zc,SR311,2012-06-04 14:27:46.050,5993.0000,8,0,0.0000,0.0000,0,0,多换,B,5941.0000,0.0000,0.0000,0.0000,0.0000,6012.0000,0.0000,0.0000,0.0000,0.0000,1,0,0,0,0,2,0,0,0,0
zc,SR311,2012-06-04 14:32:46.050,5993.0000,8,0,0.0000,0.0000,0,0,多换,B,5941.0000,0.0000,0.0000,0.0000,0.0000,6012.0000,0.0000,0.0000,0.0000,0.0000,1,0,0,0,0,2,0,0,0,0
zc,SR311,2012-06-04 14:34:07.020,5993.0000,8,0,0.0000,0.0000,0,0,多换,B,5941.0000,0.0000,0.0000,0.0000,0.0000,6011.0000,0.0000,0.0000,0.0000,0.0000,1,0,0,0,0,1,0,0,0,0
zc,SR311,2012-06-04 14:34:39.050,5993.0000,8,0,0.0000,0.0000,0,0,多换,B,5941.0000,0.0000,0.0000,0.0000,0.0000,6011.0000,0.0000,0.0000,0.0000,0.0000,1,0,0,0,0,2,0,0,0,0
zc,SR311,2012-06-04 14:34:44.533,5993.0000,8,0,0.0000,0.0000,0,0,多换,B,5941.0000,0.0000,0.0000,0.0000,0.0000,5999.0000,0.0000,0.0000,0.0000,0.0000,1,0,0,0,0,1,0,0,0,0
zc,SR311,2012-06-04 14:36:42.770,5993.0000,8,0,0.0000,0.0000,0,0,多换,B,5941.0000,0.0000,0.0000,0.0000,0.0000,6011.0000,0.0000,0.0000,0.0000,0.0000,1,0,0,0,0,2,0,0,0,0
zc,SR311,2012-06-04 14:36:43.770,5993.0000,8,0,0.0000,0.0000,0,0,多换,B,5941.0000,0.0000,0.0000,0.0000,0.0000,5992.0000,0.0000,0.0000,0.0000,0.0000,1,0,0,0,0,1,0,0,0,0
zc,SR311,2012-06-04 14:36:46.033,5993.0000,8,0,0.0000,0.0000,0,0,多换,B,5941.0000,0.0000,0.0000,0.0000,0.0000,5992.0000,0.0000,0.0000,0.0000,0.0000,1,0,0,0,0,1,0,0,0,0
zc,SR311,2012-06-04 14:38:46.033,5993.0000,8,0,0.0000,0.0000,0,0,多换,B,5941.0000,0.0000,0.0000,0.0000,0.0000,5992.0000,0.0000,0.0000,0.0000,0.0000,1,0,0,0,0,1,0,0,0,0
zc,SR311,2012-06-04 14:39:46.033,5993.0000,8,0,0.0000,0.0000,0,0,多换,B,5941.0000,0.0000,0.0000,0.0000,0.0000,5992.0000,0.0000,0.0000,0.0000,0.0000,1,0,0,0,0,1,0,0,0,0
zc,SR311,2012-06-04 14:42:26.253,5993.0000,8,0,0.0000,0.0000,0,0,多换,B,5941.0000,0.0000,0.0000,0.0000,0.0000,5953.0000,0.0000,0.0000,0.0000,0.0000,1,0,0,0,0,1,0,0,0,0
zc,SR311,2012-06-04 14:42:36.270,5993.0000,8,0,0.0000,0.0000,0,0,多换,B,5941.0000,0.0000,0.0000,0.0000,0.0000,5992.0000,0.0000,0.0000,0.0000,0.0000,1,0,0,0,0,1,0,0,0,0
zc,SR311,2012-06-04 14:43:46.003,5993.0000,8,0,0.0000,0.0000,0,0,多换,B,5941.0000,0.0000,0.0000,0.0000,0.0000,5992.0000,0.0000,0.0000,0.0000,0.0000,1,0,0,0,0,1,0,0,0,0
zc,SR311,2012-06-04 14:44:12.033,5993.0000,8,0,0.0000,0.0000,0,0,多换,B,5941.0000,0.0000,0.0000,0.0000,0.0000,5992.0000,0.0000,0.0000,0.0000,0.0000,2,0,0,0,0,1,0,0,0,0
zc,SR311,2012-06-04 14:44:13.783,5993.0000,8,0,0.0000,0.0000,0,0,多换,B,5941.0000,0.0000,0.0000,0.0000,0.0000,5992.0000,0.0000,0.0000,0.0000,0.0000,1,0,0,0,0,1,0,0,0,0
zc,SR311,2012-06-04 14:44:52.830,5993.0000,8,0,0.0000,0.0000,0,0,多换,B,5947.0000,0.0000,0.0000,0.0000,0.0000,5992.0000,0.0000,0.0000,0.0000,0.0000,1,0,0,0,0,1,0,0,0,0
zc,SR311,2012-06-04 14:45:16.050,5993.0000,8,0,0.0000,0.0000,0,0,多换,B,5951.0000,0.0000,0.0000,0.0000,0.0000,5992.0000,0.0000,0.0000,0.0000,0.0000,1,0,0,0,0,1,0,0,0,0
zc,SR311,2012-06-04 14:45:46.033,5993.0000,8,0,0.0000,0.0000,0,0,多换,B,5951.0000,0.0000,0.0000,0.0000,0.0000,5992.0000,0.0000,0.0000,0.0000,0.0000,1,0,0,0,0,1,0,0,0,0
zc,SR311,2012-06-04 14:46:46.020,5993.0000,8,0,0.0000,0.0000,0,0,多换,B,5951.0000,0.0000,0.0000,0.0000,0.0000,5992.0000,0.0000,0.0000,0.0000,0.0000,1,0,0,0,0,1,0,0,0,0
zc,SR311,2012-06-04 14:47:50.033,5993.0000,8,0,0.0000,0.0000,0,0,多换,B,5935.0000,0.0000,0.0000,0.0000,0.0000,5992.0000,0.0000,0.0000,0.0000,0.0000,1,0,0,0,0,1,0,0,0,0
zc,SR311,2012-06-04 14:47:57.770,5993.0000,8,0,0.0000,0.0000,0,0,多换,B,5942.0000,0.0000,0.0000,0.0000,0.0000,5992.0000,0.0000,0.0000,0.0000,0.0000,1,0,0,0,0,1,0,0,0,0
zc,SR311,2012-06-04 14:48:46.020,5993.0000,8,0,0.0000,0.0000,0,0,多换,B,5942.0000,0.0000,0.0000,0.0000,0.0000,5992.0000,0.0000,0.0000,0.0000,0.0000,1,0,0,0,0,1,0,0,0,0
zc,SR311,2012-06-04 14:50:46.003,5993.0000,8,0,0.0000,0.0000,0,0,多换,B,5942.0000,0.0000,0.0000,0.0000,0.0000,5992.0000,0.0000,0.0000,0.0000,0.0000,1,0,0,0,0,1,0,0,0,0
zc,SR311,2012-06-04 14:53:46.020,5993.0000,8,0,0.0000,0.0000,0,0,多换,B,5942.0000,0.0000,0.0000,0.0000,0.0000,5992.0000,0.0000,0.0000,0.0000,0.0000,1,0,0,0,0,1,0,0,0,0
zc,SR311,2012-06-04 14:58:03.817,5993.0000,8,0,0.0000,0.0000,0,0,多换,B,5946.0000,0.0000,0.0000,0.0000,0.0000,5992.0000,0.0000,0.0000,0.0000,0.0000,1,0,0,0,0,1,0,0,0,0
zc,SR311,2012-06-04 14:58:10.050,5993.0000,8,0,0.0000,0.0000,0,0,多换,B,5942.0000,0.0000,0.0000,0.0000,0.0000,5992.0000,0.0000,0.0000,0.0000,0.0000,1,0,0,0,0,1,0,0,0,0
zc,SR311,2012-06-04 14:58:11.270,5993.0000,8,0,0.0000,0.0000,0,0,多换,B,5936.0000,0.0000,0.0000,0.0000,0.0000,5992.0000,0.0000,0.0000,0.0000,0.0000,1,0,0,0,0,1,0,0,0,0
zc,SR311,2012-06-04 14:58:23.050,5993.0000,8,0,0.0000,0.0000,0,0,多换,B,5942.0000,0.0000,0.0000,0.0000,0.0000,5992.0000,0.0000,0.0000,0.0000,0.0000,1,0,0,0,0,1,0,0,0,0
zc,SR311,2012-06-04 14:58:45.987,5993.0000,8,0,0.0000,0.0000,0,0,多换,B,5942.0000,0.0000,0.0000,0.0000,0.0000,5992.0000,0.0000,0.0000,0.0000,0.0000,1,0,0,0,0,1,0,0,0,0
zc,SR311,2012-06-04 14:59:29.533,5993.0000,8,0,0.0000,0.0000,0,0,多换,B,5936.0000,0.0000,0.0000,0.0000,0.0000,5992.0000,0.0000,0.0000,0.0000,0.0000,1,0,0,0,0,1,0,0,0,0
zc,SR311,2012-06-04 14:59:46.003,5993.0000,8,0,0.0000,0.0000,0,0,多换,B,5936.0000,0.0000,0.0000,0.0000,0.0000,5992.0000,0.0000,0.0000,0.0000,0.0000,1,0,0,0,0,1,0,0,0,0
zc,SR311,2012-06-04 15:02:45.987,5993.0000,8,0,0.0000,0.0000,0,0,多换,B,5936.0000,0.0000,0.0000,0.0000,0.0000,5992.0000,0.0000,0.0000,0.0000,0.0000,1,0,0,0,0,1,0,0,0,0
zc,SR311,2012-06-04 15:03:45.987,5993.0000,8,0,0.0000,0.0000,0,0,多换,B,5936.0000,0.0000,0.0000,0.0000,0.0000,5992.0000,0.0000,0.0000,0.0000,0.0000,1,0,0,0,0,1,0,0,0,0
zc,SR311,2012-06-04 15:04:45.987,5993.0000,8,0,0.0000,0.0000,0,0,多换,B,5936.0000,0.0000,0.0000,0.0000,0.0000,5992.0000,0.0000,0.0000,0.0000,0.0000,1,0,0,0,0,1,0,0,0,0
zc,SR311,2012-06-04 15:09:45.940,5993.0000,8,0,0.0000,0.0000,0,0,多换,B,5936.0000,0.0000,0.0000,0.0000,0.0000,5992.0000,0.0000,0.0000,0.0000,0.0000,1,0,0,0,0,1,0,0,0,0
zc,SR311,2012-06-04 15:14:45.927,5993.0000,8,0,0.0000,0.0000,0,0,多换,B,5936.0000,0.0000,0.0000,0.0000,0.0000,5992.0000,0.0000,0.0000,0.0000,0.0000,1,0,0,0,0,1,0,0,0,0
