市场代码,合约代码,时间,最新,持仓,增仓,成交额,成交量,开仓,平仓,成交类型,方向,买一价,买二价,买三价,买四价,买五价,卖一价,卖二价,卖三价,卖四价,卖五价,买一量,买二量,买三量,买四量,买五量,卖一量,卖二量,卖三量,卖四量,卖五量
zc,TA304,2012-06-04 07:46:31.067,0.0000,4,0,0.0000,0.0000,0,0,多换,B,0.0000,0.0000,0.0000,0.0000,0.0000,0.0000,0.0000,0.0000,0.0000,0.0000,0,0,0,0,0,0,0,0,0,0
zc,TA304,2012-06-04 07:47:31.067,0.0000,4,0,0.0000,0.0000,0,0,多换,B,0.0000,0.0000,0.0000,0.0000,0.0000,0.0000,0.0000,0.0000,0.0000,0.0000,0,0,0,0,0,0,0,0,0,0
zc,TA304,2012-06-04 07:48:31.050,0.0000,4,0,0.0000,0.0000,0,0,多换,B,0.0000,0.0000,0.0000,0.0000,0.0000,0.0000,0.0000,0.0000,0.0000,0.0000,0,0,0,0,0,0,0,0,0,0
zc,TA304,2012-06-04 07:49:31.067,0.0000,4,0,0.0000,0.0000,0,0,多换,B,0.0000,0.0000,0.0000,0.0000,0.0000,0.0000,0.0000,0.0000,0.0000,0.0000,0,0,0,0,0,0,0,0,0,0
zc,TA304,2012-06-04 07:50:31.050,0.0000,4,0,0.0000,0.0000,0,0,多换,B,0.0000,0.0000,0.0000,0.0000,0.0000,0.0000,0.0000,0.0000,0.0000,0.0000,0,0,0,0,0,0,0,0,0,0
zc,TA304,2012-06-04 07:51:45.440,0.0000,4,0,0.0000,0.0000,0,0,多换,B,0.0000,0.0000,0.0000,0.0000,0.0000,0.0000,0.0000,0.0000,0.0000,0.0000,0,0,0,0,0,0,0,0,0,0
zc,TA304,2012-06-04 07:52:44.440,0.0000,4,0,0.0000,0.0000,0,0,多换,B,0.0000,0.0000,0.0000,0.0000,0.0000,0.0000,0.0000,0.0000,0.0000,0.0000,0,0,0,0,0,0,0,0,0,0
zc,TA304,2012-06-04 07:55:44.440,0.0000,4,0,0.0000,0.0000,0,0,多换,B,0.0000,0.0000,0.0000,0.0000,0.0000,0.0000,0.0000,0.0000,0.0000,0.0000,0,0,0,0,0,0,0,0,0,0
zc,TA304,2012-06-04 08:01:46.410,0.0000,4,0,0.0000,0.0000,0,0,多换,B,0.0000,0.0000,0.0000,0.0000,0.0000,0.0000,0.0000,0.0000,0.0000,0.0000,0,0,0,0,0,0,0,0,0,0
zc,TA304,2012-06-04 08:05:46.393,0.0000,4,0,0.0000,0.0000,0,0,多换,B,0.0000,0.0000,0.0000,0.0000,0.0000,0.0000,0.0000,0.0000,0.0000,0.0000,0,0,0,0,0,0,0,0,0,0
zc,TA304,2012-06-04 08:06:46.410,0.0000,4,0,0.0000,0.0000,0,0,多换,B,0.0000,0.0000,0.0000,0.0000,0.0000,0.0000,0.0000,0.0000,0.0000,0.0000,0,0,0,0,0,0,0,0,0,0
zc,TA304,2012-06-04 08:08:46.393,0.0000,4,0,0.0000,0.0000,0,0,多换,B,0.0000,0.0000,0.0000,0.0000,0.0000,0.0000,0.0000,0.0000,0.0000,0.0000,0,0,0,0,0,0,0,0,0,0
zc,TA304,2012-06-04 08:09:46.393,0.0000,4,0,0.0000,0.0000,0,0,多换,B,0.0000,0.0000,0.0000,0.0000,0.0000,0.0000,0.0000,0.0000,0.0000,0.0000,0,0,0,0,0,0,0,0,0,0
zc,TA304,2012-06-04 08:10:46.393,0.0000,4,0,0.0000,0.0000,0,0,多换,B,0.0000,0.0000,0.0000,0.0000,0.0000,0.0000,0.0000,0.0000,0.0000,0.0000,0,0,0,0,0,0,0,0,0,0
zc,TA304,2012-06-04 08:22:46.393,0.0000,4,0,0.0000,0.0000,0,0,多换,B,0.0000,0.0000,0.0000,0.0000,0.0000,0.0000,0.0000,0.0000,0.0000,0.0000,0,0,0,0,0,0,0,0,0,0
zc,TA304,2012-06-04 08:23:46.377,0.0000,4,0,0.0000,0.0000,0,0,多换,B,0.0000,0.0000,0.0000,0.0000,0.0000,0.0000,0.0000,0.0000,0.0000,0.0000,0,0,0,0,0,0,0,0,0,0
zc,TA304,2012-06-04 08:32:46.377,0.0000,4,0,0.0000,0.0000,0,0,多换,B,0.0000,0.0000,0.0000,0.0000,0.0000,0.0000,0.0000,0.0000,0.0000,0.0000,0,0,0,0,0,0,0,0,0,0
zc,TA304,2012-06-04 08:35:46.363,0.0000,4,0,0.0000,0.0000,0,0,多换,B,0.0000,0.0000,0.0000,0.0000,0.0000,0.0000,0.0000,0.0000,0.0000,0.0000,0,0,0,0,0,0,0,0,0,0
zc,TA304,2012-06-04 08:38:46.363,0.0000,4,0,0.0000,0.0000,0,0,多换,B,0.0000,0.0000,0.0000,0.0000,0.0000,0.0000,0.0000,0.0000,0.0000,0.0000,0,0,0,0,0,0,0,0,0,0
zc,TA304,2012-06-04 08:47:46.363,0.0000,4,0,0.0000,0.0000,0,0,多换,B,0.0000,0.0000,0.0000,0.0000,0.0000,0.0000,0.0000,0.0000,0.0000,0.0000,0,0,0,0,0,0,0,0,0,0
zc,TA304,2012-06-04 08:48:46.363,0.0000,4,0,0.0000,0.0000,0,0,多换,B,0.0000,0.0000,0.0000,0.0000,0.0000,0.0000,0.0000,0.0000,0.0000,0.0000,0,0,0,0,0,0,0,0,0,0
zc,TA304,2012-06-04 08:49:46.363,0.0000,4,0,0.0000,0.0000,0,0,多换,B,0.0000,0.0000,0.0000,0.0000,0.0000,0.0000,0.0000,0.0000,0.0000,0.0000,0,0,0,0,0,0,0,0,0,0
zc,TA304,2012-06-04 08:50:46.363,0.0000,4,0,0.0000,0.0000,0,0,多换,B,0.0000,0.0000,0.0000,0.0000,0.0000,0.0000,0.0000,0.0000,0.0000,0.0000,0,0,0,0,0,0,0,0,0,0
zc,TA304,2012-06-04 08:55:46.363,0.0000,4,0,0.0000,0.0000,0,0,多换,B,0.0000,0.0000,0.0000,0.0000,0.0000,0.0000,0.0000,0.0000,0.0000,0.0000,0,0,0,0,0,0,0,0,0,0
zc,TA304,2012-06-04 08:59:03.330,0.0000,4,0,0.0000,0.0000,0,0,多换,B,0.0000,0.0000,0.0000,0.0000,0.0000,7888.0000,0.0000,0.0000,0.0000,0.0000,0,0,0,0,0,1,0,0,0,0
zc,TA304,2012-06-04 09:00:03.317,0.0000,4,0,0.0000,0.0000,0,0,多换,B,7360.0000,0.0000,0.0000,0.0000,0.0000,7888.0000,0.0000,0.0000,0.0000,0.0000,10,0,0,0,0,11,0,0,0,0
zc,TA304,2012-06-04 09:00:07.503,0.0000,4,0,0.0000,0.0000,0,0,多换,B,7360.0000,0.0000,0.0000,0.0000,0.0000,7888.0000,0.0000,0.0000,0.0000,0.0000,5,0,0,0,0,11,0,0,0,0
zc,TA304,2012-06-04 09:00:10.503,0.0000,4,0,0.0000,0.0000,0,0,多换,B,7360.0000,0.0000,0.0000,0.0000,0.0000,7878.0000,0.0000,0.0000,0.0000,0.0000,5,0,0,0,0,6,0,0,0,0
zc,TA304,2012-06-04 09:00:13.207,0.0000,4,0,0.0000,0.0000,0,0,多换,B,7370.0000,0.0000,0.0000,0.0000,0.0000,7878.0000,0.0000,0.0000,0.0000,0.0000,6,0,0,0,0,6,0,0,0,0
zc,TA304,2012-06-04 09:00:14.473,0.0000,4,0,0.0000,0.0000,0,0,多换,B,7370.0000,0.0000,0.0000,0.0000,0.0000,7878.0000,0.0000,0.0000,0.0000,0.0000,6,0,0,0,0,11,0,0,0,0
zc,TA304,2012-06-04 09:00:15.283,0.0000,4,0,0.0000,0.0000,0,0,多换,B,7370.0000,0.0000,0.0000,0.0000,0.0000,7878.0000,0.0000,0.0000,0.0000,0.0000,6,0,0,0,0,16,0,0,0,0
zc,TA304,2012-06-04 09:00:42.020,0.0000,4,0,0.0000,0.0000,0,0,多换,B,7370.0000,0.0000,0.0000,0.0000,0.0000,7650.0000,0.0000,0.0000,0.0000,0.0000,6,0,0,0,0,1,0,0,0,0
zc,TA304,2012-06-04 09:00:43.190,0.0000,4,0,0.0000,0.0000,0,0,多换,B,7370.0000,0.0000,0.0000,0.0000,0.0000,7650.0000,0.0000,0.0000,0.0000,0.0000,6,0,0,0,0,6,0,0,0,0
zc,TA304,2012-06-04 09:00:43.520,0.0000,4,0,0.0000,0.0000,0,0,多换,B,7370.0000,0.0000,0.0000,0.0000,0.0000,7640.0000,0.0000,0.0000,0.0000,0.0000,6,0,0,0,0,6,0,0,0,0
zc,TA304,2012-06-04 09:00:50.487,0.0000,4,0,0.0000,0.0000,0,0,多换,B,7370.0000,0.0000,0.0000,0.0000,0.0000,7640.0000,0.0000,0.0000,0.0000,0.0000,6,0,0,0,0,11,0,0,0,0
zc,TA304,2012-06-04 09:01:01.223,0.0000,4,0,0.0000,0.0000,0,0,多换,B,0.0000,0.0000,0.0000,0.0000,0.0000,7640.0000,0.0000,0.0000,0.0000,0.0000,0,0,0,0,0,11,0,0,0,0
zc,TA304,2012-06-04 09:01:03.253,0.0000,4,0,0.0000,0.0000,0,0,多换,B,7360.0000,0.0000,0.0000,0.0000,0.0000,7640.0000,0.0000,0.0000,0.0000,0.0000,6,0,0,0,0,11,0,0,0,0
zc,TA304,2012-06-04 09:01:05.707,0.0000,4,0,0.0000,0.0000,0,0,多换,B,7360.0000,0.0000,0.0000,0.0000,0.0000,7640.0000,0.0000,0.0000,0.0000,0.0000,6,0,0,0,0,16,0,0,0,0
zc,TA304,2012-06-04 09:01:08.723,0.0000,4,0,0.0000,0.0000,0,0,多换,B,0.0000,0.0000,0.0000,0.0000,0.0000,7640.0000,0.0000,0.0000,0.0000,0.0000,0,0,0,0,0,16,0,0,0,0
zc,TA304,2012-06-04 09:01:46.363,0.0000,4,0,0.0000,0.0000,0,0,多换,B,0.0000,0.0000,0.0000,0.0000,0.0000,7640.0000,0.0000,0.0000,0.0000,0.0000,0,0,0,0,0,16,0,0,0,0
zc,TA304,2012-06-04 09:01:52.940,0.0000,4,0,0.0000,0.0000,0,0,多换,B,0.0000,0.0000,0.0000,0.0000,0.0000,7560.0000,0.0000,0.0000,0.0000,0.0000,0,0,0,0,0,1,0,0,0,0
zc,TA304,2012-06-04 09:01:54.177,0.0000,4,0,0.0000,0.0000,0,0,多换,B,0.0000,0.0000,0.0000,0.0000,0.0000,7550.0000,0.0000,0.0000,0.0000,0.0000,0,0,0,0,0,1,0,0,0,0
zc,TA304,2012-06-04 09:01:54.723,0.0000,4,0,0.0000,0.0000,0,0,多换,B,0.0000,0.0000,0.0000,0.0000,0.0000,7550.0000,0.0000,0.0000,0.0000,0.0000,0,0,0,0,0,7,0,0,0,0
zc,TA304,2012-06-04 09:02:02.177,0.0000,4,0,0.0000,0.0000,0,0,多换,B,0.0000,0.0000,0.0000,0.0000,0.0000,7550.0000,0.0000,0.0000,0.0000,0.0000,0,0,0,0,0,12,0,0,0,0
zc,TA304,2012-06-04 09:02:17.987,0.0000,4,0,0.0000,0.0000,0,0,多换,B,0.0000,0.0000,0.0000,0.0000,0.0000,7550.0000,0.0000,0.0000,0.0000,0.0000,0,0,0,0,0,11,0,0,0,0
zc,TA304,2012-06-04 09:03:01.520,0.0000,4,0,0.0000,0.0000,0,0,多换,B,7370.0000,0.0000,0.0000,0.0000,0.0000,7550.0000,0.0000,0.0000,0.0000,0.0000,1,0,0,0,0,11,0,0,0,0
zc,TA304,2012-06-04 09:03:04.753,0.0000,4,0,0.0000,0.0000,0,0,多换,B,0.0000,0.0000,0.0000,0.0000,0.0000,7550.0000,0.0000,0.0000,0.0000,0.0000,0,0,0,0,0,11,0,0,0,0
zc,TA304,2012-06-04 09:03:30.690,0.0000,4,0,0.0000,0.0000,0,0,多换,B,7378.0000,0.0000,0.0000,0.0000,0.0000,7550.0000,0.0000,0.0000,0.0000,0.0000,1,0,0,0,0,11,0,0,0,0
zc,TA304,2012-06-04 09:03:32.753,0.0000,4,0,0.0000,0.0000,0,0,多换,B,0.0000,0.0000,0.0000,0.0000,0.0000,7550.0000,0.0000,0.0000,0.0000,0.0000,0,0,0,0,0,11,0,0,0,0
zc,TA304,2012-06-04 09:03:46.377,0.0000,4,0,0.0000,0.0000,0,0,多换,B,0.0000,0.0000,0.0000,0.0000,0.0000,7550.0000,0.0000,0.0000,0.0000,0.0000,0,0,0,0,0,11,0,0,0,0
zc,TA304,2012-06-04 09:03:46.520,0.0000,4,0,0.0000,0.0000,0,0,多换,B,7380.0000,0.0000,0.0000,0.0000,0.0000,7550.0000,0.0000,0.0000,0.0000,0.0000,1,0,0,0,0,11,0,0,0,0
zc,TA304,2012-06-04 09:03:47.723,0.0000,4,0,0.0000,0.0000,0,0,多换,B,0.0000,0.0000,0.0000,0.0000,0.0000,7550.0000,0.0000,0.0000,0.0000,0.0000,0,0,0,0,0,11,0,0,0,0
zc,TA304,2012-06-04 09:04:46.377,0.0000,4,0,0.0000,0.0000,0,0,多换,B,0.0000,0.0000,0.0000,0.0000,0.0000,7550.0000,0.0000,0.0000,0.0000,0.0000,0,0,0,0,0,11,0,0,0,0
zc,TA304,2012-06-04 09:05:05.190,0.0000,4,0,0.0000,0.0000,0,0,多换,B,0.0000,0.0000,0.0000,0.0000,0.0000,7550.0000,0.0000,0.0000,0.0000,0.0000,0,0,0,0,0,16,0,0,0,0
zc,TA304,2012-06-04 09:06:19.690,0.0000,4,0,0.0000,0.0000,0,0,多换,B,0.0000,0.0000,0.0000,0.0000,0.0000,7496.0000,0.0000,0.0000,0.0000,0.0000,0,0,0,0,0,1,0,0,0,0
zc,TA304,2012-06-04 09:06:22.207,0.0000,4,0,0.0000,0.0000,0,0,多换,B,0.0000,0.0000,0.0000,0.0000,0.0000,7496.0000,0.0000,0.0000,0.0000,0.0000,0,0,0,0,0,6,0,0,0,0
zc,TA304,2012-06-04 09:06:22.987,0.0000,4,0,0.0000,0.0000,0,0,多换,B,0.0000,0.0000,0.0000,0.0000,0.0000,7486.0000,0.0000,0.0000,0.0000,0.0000,0,0,0,0,0,6,0,0,0,0
zc,TA304,2012-06-04 09:06:29.737,0.0000,4,0,0.0000,0.0000,0,0,多换,B,0.0000,0.0000,0.0000,0.0000,0.0000,7486.0000,0.0000,0.0000,0.0000,0.0000,0,0,0,0,0,11,0,0,0,0
zc,TA304,2012-06-04 09:07:35.473,0.0000,4,0,0.0000,0.0000,0,0,多换,B,0.0000,0.0000,0.0000,0.0000,0.0000,7486.0000,0.0000,0.0000,0.0000,0.0000,0,0,0,0,0,6,0,0,0,0
zc,TA304,2012-06-04 09:08:40.643,0.0000,4,0,0.0000,0.0000,0,0,多换,B,0.0000,0.0000,0.0000,0.0000,0.0000,7486.0000,0.0000,0.0000,0.0000,0.0000,0,0,0,0,0,11,0,0,0,0
zc,TA304,2012-06-04 09:11:46.347,0.0000,4,0,0.0000,0.0000,0,0,多换,B,0.0000,0.0000,0.0000,0.0000,0.0000,7486.0000,0.0000,0.0000,0.0000,0.0000,0,0,0,0,0,11,0,0,0,0
zc,TA304,2012-06-04 09:12:39.723,0.0000,4,0,0.0000,0.0000,0,0,多换,B,0.0000,0.0000,0.0000,0.0000,0.0000,7486.0000,0.0000,0.0000,0.0000,0.0000,0,0,0,0,0,6,0,0,0,0
zc,TA304,2012-06-04 09:13:46.347,0.0000,4,0,0.0000,0.0000,0,0,多换,B,0.0000,0.0000,0.0000,0.0000,0.0000,7486.0000,0.0000,0.0000,0.0000,0.0000,0,0,0,0,0,6,0,0,0,0
zc,TA304,2012-06-04 09:14:05.177,0.0000,4,0,0.0000,0.0000,0,0,多换,B,0.0000,0.0000,0.0000,0.0000,0.0000,7486.0000,0.0000,0.0000,0.0000,0.0000,0,0,0,0,0,11,0,0,0,0
zc,TA304,2012-06-04 09:15:46.330,0.0000,4,0,0.0000,0.0000,0,0,多换,B,0.0000,0.0000,0.0000,0.0000,0.0000,7486.0000,0.0000,0.0000,0.0000,0.0000,0,0,0,0,0,11,0,0,0,0
zc,TA304,2012-06-04 09:16:46.363,0.0000,4,0,0.0000,0.0000,0,0,多换,B,0.0000,0.0000,0.0000,0.0000,0.0000,7486.0000,0.0000,0.0000,0.0000,0.0000,0,0,0,0,0,11,0,0,0,0
zc,TA304,2012-06-04 09:17:46.330,0.0000,4,0,0.0000,0.0000,0,0,多换,B,0.0000,0.0000,0.0000,0.0000,0.0000,7486.0000,0.0000,0.0000,0.0000,0.0000,0,0,0,0,0,11,0,0,0,0
zc,TA304,2012-06-04 09:21:46.330,0.0000,4,0,0.0000,0.0000,0,0,多换,B,0.0000,0.0000,0.0000,0.0000,0.0000,7486.0000,0.0000,0.0000,0.0000,0.0000,0,0,0,0,0,11,0,0,0,0
zc,TA304,2012-06-04 09:24:46.347,0.0000,4,0,0.0000,0.0000,0,0,多换,B,0.0000,0.0000,0.0000,0.0000,0.0000,7486.0000,0.0000,0.0000,0.0000,0.0000,0,0,0,0,0,11,0,0,0,0
zc,TA304,2012-06-04 09:26:46.330,0.0000,4,0,0.0000,0.0000,0,0,多换,B,0.0000,0.0000,0.0000,0.0000,0.0000,7486.0000,0.0000,0.0000,0.0000,0.0000,0,0,0,0,0,11,0,0,0,0
zc,TA304,2012-06-04 09:27:41.863,0.0000,4,0,0.0000,0.0000,0,0,多换,B,0.0000,0.0000,0.0000,0.0000,0.0000,7448.0000,0.0000,0.0000,0.0000,0.0000,0,0,0,0,0,1,0,0,0,0
zc,TA304,2012-06-04 09:27:44.127,0.0000,4,0,0.0000,0.0000,0,0,多换,B,0.0000,0.0000,0.0000,0.0000,0.0000,7442.0000,0.0000,0.0000,0.0000,0.0000,0,0,0,0,0,6,0,0,0,0
zc,TA304,2012-06-04 09:27:46.317,0.0000,4,0,0.0000,0.0000,0,0,多换,B,0.0000,0.0000,0.0000,0.0000,0.0000,7442.0000,0.0000,0.0000,0.0000,0.0000,0,0,0,0,0,6,0,0,0,0
zc,TA304,2012-06-04 09:27:52.190,0.0000,4,0,0.0000,0.0000,0,0,多换,B,0.0000,0.0000,0.0000,0.0000,0.0000,7442.0000,0.0000,0.0000,0.0000,0.0000,0,0,0,0,0,11,0,0,0,0
zc,TA304,2012-06-04 09:29:46.317,0.0000,4,0,0.0000,0.0000,0,0,多换,B,0.0000,0.0000,0.0000,0.0000,0.0000,7442.0000,0.0000,0.0000,0.0000,0.0000,0,0,0,0,0,11,0,0,0,0
zc,TA304,2012-06-04 09:30:46.330,0.0000,4,0,0.0000,0.0000,0,0,多换,B,0.0000,0.0000,0.0000,0.0000,0.0000,7442.0000,0.0000,0.0000,0.0000,0.0000,0,0,0,0,0,11,0,0,0,0
zc,TA304,2012-06-04 09:31:03.910,0.0000,4,0,0.0000,0.0000,0,0,多换,B,0.0000,0.0000,0.0000,0.0000,0.0000,7428.0000,0.0000,0.0000,0.0000,0.0000,0,0,0,0,0,1,0,0,0,0
zc,TA304,2012-06-04 09:31:05.627,0.0000,4,0,0.0000,0.0000,0,0,多换,B,0.0000,0.0000,0.0000,0.0000,0.0000,7426.0000,0.0000,0.0000,0.0000,0.0000,0,0,0,0,0,6,0,0,0,0
zc,TA304,2012-06-04 09:32:19.927,0.0000,4,0,0.0000,0.0000,0,0,多换,B,0.0000,0.0000,0.0000,0.0000,0.0000,7424.0000,0.0000,0.0000,0.0000,0.0000,0,0,0,0,0,1,0,0,0,0
zc,TA304,2012-06-04 09:32:20.643,0.0000,4,0,0.0000,0.0000,0,0,多换,B,0.0000,0.0000,0.0000,0.0000,0.0000,7422.0000,0.0000,0.0000,0.0000,0.0000,0,0,0,0,0,1,0,0,0,0
zc,TA304,2012-06-04 09:32:22.393,0.0000,4,0,0.0000,0.0000,0,0,多换,B,0.0000,0.0000,0.0000,0.0000,0.0000,7420.0000,0.0000,0.0000,0.0000,0.0000,0,0,0,0,0,6,0,0,0,0
zc,TA304,2012-06-04 09:32:46.317,0.0000,4,0,0.0000,0.0000,0,0,多换,B,0.0000,0.0000,0.0000,0.0000,0.0000,7420.0000,0.0000,0.0000,0.0000,0.0000,0,0,0,0,0,6,0,0,0,0
zc,TA304,2012-06-04 09:33:46.300,0.0000,4,0,0.0000,0.0000,0,0,多换,B,0.0000,0.0000,0.0000,0.0000,0.0000,7420.0000,0.0000,0.0000,0.0000,0.0000,0,0,0,0,0,6,0,0,0,0
zc,TA304,2012-06-04 09:34:46.330,0.0000,4,0,0.0000,0.0000,0,0,多换,B,0.0000,0.0000,0.0000,0.0000,0.0000,7420.0000,0.0000,0.0000,0.0000,0.0000,0,0,0,0,0,6,0,0,0,0
zc,TA304,2012-06-04 09:35:46.330,0.0000,4,0,0.0000,0.0000,0,0,多换,B,0.0000,0.0000,0.0000,0.0000,0.0000,7420.0000,0.0000,0.0000,0.0000,0.0000,0,0,0,0,0,6,0,0,0,0
zc,TA304,2012-06-04 09:36:46.347,0.0000,4,0,0.0000,0.0000,0,0,多换,B,0.0000,0.0000,0.0000,0.0000,0.0000,7420.0000,0.0000,0.0000,0.0000,0.0000,0,0,0,0,0,6,0,0,0,0
zc,TA304,2012-06-04 09:42:14.363,0.0000,4,0,0.0000,0.0000,0,0,多换,B,0.0000,0.0000,0.0000,0.0000,0.0000,7360.0000,0.0000,0.0000,0.0000,0.0000,0,0,0,0,0,5,0,0,0,0
zc,TA304,2012-06-04 09:47:46.300,0.0000,4,0,0.0000,0.0000,0,0,多换,B,0.0000,0.0000,0.0000,0.0000,0.0000,7360.0000,0.0000,0.0000,0.0000,0.0000,0,0,0,0,0,5,0,0,0,0
zc,TA304,2012-06-04 09:50:46.317,0.0000,4,0,0.0000,0.0000,0,0,多换,B,0.0000,0.0000,0.0000,0.0000,0.0000,7360.0000,0.0000,0.0000,0.0000,0.0000,0,0,0,0,0,5,0,0,0,0
zc,TA304,2012-06-04 09:52:21.410,0.0000,4,0,0.0000,0.0000,0,0,多换,B,0.0000,0.0000,0.0000,0.0000,0.0000,7428.0000,0.0000,0.0000,0.0000,0.0000,0,0,0,0,0,1,0,0,0,0
zc,TA304,2012-06-04 09:52:23.113,0.0000,4,0,0.0000,0.0000,0,0,多换,B,0.0000,0.0000,0.0000,0.0000,0.0000,7426.0000,0.0000,0.0000,0.0000,0.0000,0,0,0,0,0,6,0,0,0,0
zc,TA304,2012-06-04 09:52:46.283,0.0000,4,0,0.0000,0.0000,0,0,多换,B,0.0000,0.0000,0.0000,0.0000,0.0000,7426.0000,0.0000,0.0000,0.0000,0.0000,0,0,0,0,0,6,0,0,0,0
zc,TA304,2012-06-04 09:54:46.317,0.0000,4,0,0.0000,0.0000,0,0,多换,B,0.0000,0.0000,0.0000,0.0000,0.0000,7426.0000,0.0000,0.0000,0.0000,0.0000,0,0,0,0,0,6,0,0,0,0
zc,TA304,2012-06-04 09:55:40.080,0.0000,4,0,0.0000,0.0000,0,0,多换,B,0.0000,0.0000,0.0000,0.0000,0.0000,7400.0000,0.0000,0.0000,0.0000,0.0000,0,0,0,0,0,2,0,0,0,0
zc,TA304,2012-06-04 09:57:46.300,0.0000,4,0,0.0000,0.0000,0,0,多换,B,0.0000,0.0000,0.0000,0.0000,0.0000,7400.0000,0.0000,0.0000,0.0000,0.0000,0,0,0,0,0,2,0,0,0,0
zc,TA304,2012-06-04 09:58:46.330,0.0000,4,0,0.0000,0.0000,0,0,多换,B,0.0000,0.0000,0.0000,0.0000,0.0000,7400.0000,0.0000,0.0000,0.0000,0.0000,0,0,0,0,0,2,0,0,0,0
zc,TA304,2012-06-04 10:02:46.300,0.0000,4,0,0.0000,0.0000,0,0,多换,B,0.0000,0.0000,0.0000,0.0000,0.0000,7400.0000,0.0000,0.0000,0.0000,0.0000,0,0,0,0,0,2,0,0,0,0
zc,TA304,2012-06-04 10:08:12.317,0.0000,4,0,0.0000,0.0000,0,0,多换,B,0.0000,0.0000,0.0000,0.0000,0.0000,7360.0000,0.0000,0.0000,0.0000,0.0000,0,0,0,0,0,5,0,0,0,0
zc,TA304,2012-06-04 10:10:46.300,0.0000,4,0,0.0000,0.0000,0,0,多换,B,0.0000,0.0000,0.0000,0.0000,0.0000,7360.0000,0.0000,0.0000,0.0000,0.0000,0,0,0,0,0,5,0,0,0,0
zc,TA304,2012-06-04 10:11:46.270,0.0000,4,0,0.0000,0.0000,0,0,多换,B,0.0000,0.0000,0.0000,0.0000,0.0000,7360.0000,0.0000,0.0000,0.0000,0.0000,0,0,0,0,0,5,0,0,0,0
zc,TA304,2012-06-04 10:22:46.270,0.0000,4,0,0.0000,0.0000,0,0,多换,B,0.0000,0.0000,0.0000,0.0000,0.0000,7360.0000,0.0000,0.0000,0.0000,0.0000,0,0,0,0,0,5,0,0,0,0
zc,TA304,2012-06-04 10:24:46.283,0.0000,4,0,0.0000,0.0000,0,0,多换,B,0.0000,0.0000,0.0000,0.0000,0.0000,7360.0000,0.0000,0.0000,0.0000,0.0000,0,0,0,0,0,5,0,0,0,0
zc,TA304,2012-06-04 10:27:46.270,0.0000,4,0,0.0000,0.0000,0,0,多换,B,0.0000,0.0000,0.0000,0.0000,0.0000,7360.0000,0.0000,0.0000,0.0000,0.0000,0,0,0,0,0,5,0,0,0,0
zc,TA304,2012-06-04 10:28:46.270,0.0000,4,0,0.0000,0.0000,0,0,多换,B,0.0000,0.0000,0.0000,0.0000,0.0000,7360.0000,0.0000,0.0000,0.0000,0.0000,0,0,0,0,0,5,0,0,0,0
zc,TA304,2012-06-04 10:42:46.283,0.0000,4,0,0.0000,0.0000,0,0,多换,B,0.0000,0.0000,0.0000,0.0000,0.0000,7360.0000,0.0000,0.0000,0.0000,0.0000,0,0,0,0,0,5,0,0,0,0
zc,TA304,2012-06-04 10:44:46.253,0.0000,4,0,0.0000,0.0000,0,0,多换,B,0.0000,0.0000,0.0000,0.0000,0.0000,7360.0000,0.0000,0.0000,0.0000,0.0000,0,0,0,0,0,5,0,0,0,0
zc,TA304,2012-06-04 10:51:46.237,0.0000,4,0,0.0000,0.0000,0,0,多换,B,0.0000,0.0000,0.0000,0.0000,0.0000,7360.0000,0.0000,0.0000,0.0000,0.0000,0,0,0,0,0,5,0,0,0,0
zc,TA304,2012-06-04 10:53:46.237,0.0000,4,0,0.0000,0.0000,0,0,多换,B,0.0000,0.0000,0.0000,0.0000,0.0000,7360.0000,0.0000,0.0000,0.0000,0.0000,0,0,0,0,0,5,0,0,0,0
zc,TA304,2012-06-04 10:55:46.237,0.0000,4,0,0.0000,0.0000,0,0,多换,B,0.0000,0.0000,0.0000,0.0000,0.0000,7360.0000,0.0000,0.0000,0.0000,0.0000,0,0,0,0,0,5,0,0,0,0
zc,TA304,2012-06-04 10:56:46.237,0.0000,4,0,0.0000,0.0000,0,0,多换,B,0.0000,0.0000,0.0000,0.0000,0.0000,7360.0000,0.0000,0.0000,0.0000,0.0000,0,0,0,0,0,5,0,0,0,0
zc,TA304,2012-06-04 10:58:46.253,0.0000,4,0,0.0000,0.0000,0,0,多换,B,0.0000,0.0000,0.0000,0.0000,0.0000,7360.0000,0.0000,0.0000,0.0000,0.0000,0,0,0,0,0,5,0,0,0,0
zc,TA304,2012-06-04 11:00:46.237,0.0000,4,0,0.0000,0.0000,0,0,多换,B,0.0000,0.0000,0.0000,0.0000,0.0000,7360.0000,0.0000,0.0000,0.0000,0.0000,0,0,0,0,0,5,0,0,0,0
zc,TA304,2012-06-04 11:02:46.253,0.0000,4,0,0.0000,0.0000,0,0,多换,B,0.0000,0.0000,0.0000,0.0000,0.0000,7360.0000,0.0000,0.0000,0.0000,0.0000,0,0,0,0,0,5,0,0,0,0
zc,TA304,2012-06-04 11:03:46.253,0.0000,4,0,0.0000,0.0000,0,0,多换,B,0.0000,0.0000,0.0000,0.0000,0.0000,7360.0000,0.0000,0.0000,0.0000,0.0000,0,0,0,0,0,5,0,0,0,0
zc,TA304,2012-06-04 11:04:46.223,0.0000,4,0,0.0000,0.0000,0,0,多换,B,0.0000,0.0000,0.0000,0.0000,0.0000,7360.0000,0.0000,0.0000,0.0000,0.0000,0,0,0,0,0,5,0,0,0,0
zc,TA304,2012-06-04 11:04:55.783,0.0000,4,0,0.0000,0.0000,0,0,多换,B,0.0000,0.0000,0.0000,0.0000,0.0000,7400.0000,0.0000,0.0000,0.0000,0.0000,0,0,0,0,0,2,0,0,0,0
zc,TA304,2012-06-04 11:05:46.237,0.0000,4,0,0.0000,0.0000,0,0,多换,B,0.0000,0.0000,0.0000,0.0000,0.0000,7400.0000,0.0000,0.0000,0.0000,0.0000,0,0,0,0,0,2,0,0,0,0
zc,TA304,2012-06-04 11:10:46.223,0.0000,4,0,0.0000,0.0000,0,0,多换,B,0.0000,0.0000,0.0000,0.0000,0.0000,7400.0000,0.0000,0.0000,0.0000,0.0000,0,0,0,0,0,2,0,0,0,0
zc,TA304,2012-06-04 11:21:46.223,0.0000,4,0,0.0000,0.0000,0,0,多换,B,0.0000,0.0000,0.0000,0.0000,0.0000,7400.0000,0.0000,0.0000,0.0000,0.0000,0,0,0,0,0,2,0,0,0,0
zc,TA304,2012-06-04 11:24:46.190,0.0000,4,0,0.0000,0.0000,0,0,多换,B,0.0000,0.0000,0.0000,0.0000,0.0000,7400.0000,0.0000,0.0000,0.0000,0.0000,0,0,0,0,0,2,0,0,0,0
zc,TA304,2012-06-04 11:25:46.177,0.0000,4,0,0.0000,0.0000,0,0,多换,B,0.0000,0.0000,0.0000,0.0000,0.0000,7400.0000,0.0000,0.0000,0.0000,0.0000,0,0,0,0,0,2,0,0,0,0
zc,TA304,2012-06-04 11:26:46.223,0.0000,4,0,0.0000,0.0000,0,0,多换,B,0.0000,0.0000,0.0000,0.0000,0.0000,7400.0000,0.0000,0.0000,0.0000,0.0000,0,0,0,0,0,2,0,0,0,0
zc,TA304,2012-06-04 11:27:46.207,0.0000,4,0,0.0000,0.0000,0,0,多换,B,0.0000,0.0000,0.0000,0.0000,0.0000,7400.0000,0.0000,0.0000,0.0000,0.0000,0,0,0,0,0,2,0,0,0,0
zc,TA304,2012-06-04 11:36:46.190,0.0000,4,0,0.0000,0.0000,0,0,多换,B,0.0000,0.0000,0.0000,0.0000,0.0000,7400.0000,0.0000,0.0000,0.0000,0.0000,0,0,0,0,0,2,0,0,0,0
zc,TA304,2012-06-04 11:37:46.190,0.0000,4,0,0.0000,0.0000,0,0,多换,B,0.0000,0.0000,0.0000,0.0000,0.0000,7400.0000,0.0000,0.0000,0.0000,0.0000,0,0,0,0,0,2,0,0,0,0
zc,TA304,2012-06-04 11:39:46.207,0.0000,4,0,0.0000,0.0000,0,0,多换,B,0.0000,0.0000,0.0000,0.0000,0.0000,7400.0000,0.0000,0.0000,0.0000,0.0000,0,0,0,0,0,2,0,0,0,0
zc,TA304,2012-06-04 11:41:46.190,0.0000,4,0,0.0000,0.0000,0,0,多换,B,0.0000,0.0000,0.0000,0.0000,0.0000,7400.0000,0.0000,0.0000,0.0000,0.0000,0,0,0,0,0,2,0,0,0,0
zc,TA304,2012-06-04 11:45:46.190,0.0000,4,0,0.0000,0.0000,0,0,多换,B,0.0000,0.0000,0.0000,0.0000,0.0000,7400.0000,0.0000,0.0000,0.0000,0.0000,0,0,0,0,0,2,0,0,0,0
zc,TA304,2012-06-04 11:48:46.190,0.0000,4,0,0.0000,0.0000,0,0,多换,B,0.0000,0.0000,0.0000,0.0000,0.0000,7400.0000,0.0000,0.0000,0.0000,0.0000,0,0,0,0,0,2,0,0,0,0
zc,TA304,2012-06-04 11:49:46.190,0.0000,4,0,0.0000,0.0000,0,0,多换,B,0.0000,0.0000,0.0000,0.0000,0.0000,7400.0000,0.0000,0.0000,0.0000,0.0000,0,0,0,0,0,2,0,0,0,0
zc,TA304,2012-06-04 11:57:46.177,0.0000,4,0,0.0000,0.0000,0,0,多换,B,0.0000,0.0000,0.0000,0.0000,0.0000,7400.0000,0.0000,0.0000,0.0000,0.0000,0,0,0,0,0,2,0,0,0,0
zc,TA304,2012-06-04 11:58:46.177,0.0000,4,0,0.0000,0.0000,0,0,多换,B,0.0000,0.0000,0.0000,0.0000,0.0000,7400.0000,0.0000,0.0000,0.0000,0.0000,0,0,0,0,0,2,0,0,0,0
zc,TA304,2012-06-04 12:03:46.177,0.0000,4,0,0.0000,0.0000,0,0,多换,B,0.0000,0.0000,0.0000,0.0000,0.0000,7400.0000,0.0000,0.0000,0.0000,0.0000,0,0,0,0,0,2,0,0,0,0
zc,TA304,2012-06-04 12:04:46.177,0.0000,4,0,0.0000,0.0000,0,0,多换,B,0.0000,0.0000,0.0000,0.0000,0.0000,7400.0000,0.0000,0.0000,0.0000,0.0000,0,0,0,0,0,2,0,0,0,0
zc,TA304,2012-06-04 12:06:46.160,0.0000,4,0,0.0000,0.0000,0,0,多换,B,0.0000,0.0000,0.0000,0.0000,0.0000,7400.0000,0.0000,0.0000,0.0000,0.0000,0,0,0,0,0,2,0,0,0,0
zc,TA304,2012-06-04 13:07:46.097,0.0000,4,0,0.0000,0.0000,0,0,多换,B,0.0000,0.0000,0.0000,0.0000,0.0000,7400.0000,0.0000,0.0000,0.0000,0.0000,0,0,0,0,0,2,0,0,0,0
zc,TA304,2012-06-04 13:09:46.097,0.0000,4,0,0.0000,0.0000,0,0,多换,B,0.0000,0.0000,0.0000,0.0000,0.0000,7400.0000,0.0000,0.0000,0.0000,0.0000,0,0,0,0,0,2,0,0,0,0
zc,TA304,2012-06-04 13:14:46.097,0.0000,4,0,0.0000,0.0000,0,0,多换,B,0.0000,0.0000,0.0000,0.0000,0.0000,7400.0000,0.0000,0.0000,0.0000,0.0000,0,0,0,0,0,2,0,0,0,0
zc,TA304,2012-06-04 13:15:46.097,0.0000,4,0,0.0000,0.0000,0,0,多换,B,0.0000,0.0000,0.0000,0.0000,0.0000,7400.0000,0.0000,0.0000,0.0000,0.0000,0,0,0,0,0,2,0,0,0,0
zc,TA304,2012-06-04 13:18:46.097,0.0000,4,0,0.0000,0.0000,0,0,多换,B,0.0000,0.0000,0.0000,0.0000,0.0000,7400.0000,0.0000,0.0000,0.0000,0.0000,0,0,0,0,0,2,0,0,0,0
zc,TA304,2012-06-04 13:20:46.080,0.0000,4,0,0.0000,0.0000,0,0,多换,B,0.0000,0.0000,0.0000,0.0000,0.0000,7400.0000,0.0000,0.0000,0.0000,0.0000,0,0,0,0,0,2,0,0,0,0
zc,TA304,2012-06-04 13:21:46.080,0.0000,4,0,0.0000,0.0000,0,0,多换,B,0.0000,0.0000,0.0000,0.0000,0.0000,7400.0000,0.0000,0.0000,0.0000,0.0000,0,0,0,0,0,2,0,0,0,0
zc,TA304,2012-06-04 13:26:46.080,0.0000,4,0,0.0000,0.0000,0,0,多换,B,0.0000,0.0000,0.0000,0.0000,0.0000,7400.0000,0.0000,0.0000,0.0000,0.0000,0,0,0,0,0,2,0,0,0,0
zc,TA304,2012-06-04 13:31:46.097,0.0000,4,0,0.0000,0.0000,0,0,多换,B,0.0000,0.0000,0.0000,0.0000,0.0000,7400.0000,0.0000,0.0000,0.0000,0.0000,0,0,0,0,0,2,0,0,0,0
zc,TA304,2012-06-04 13:32:46.067,0.0000,4,0,0.0000,0.0000,0,0,多换,B,0.0000,0.0000,0.0000,0.0000,0.0000,7400.0000,0.0000,0.0000,0.0000,0.0000,0,0,0,0,0,2,0,0,0,0
zc,TA304,2012-06-04 13:35:46.067,0.0000,4,0,0.0000,0.0000,0,0,多换,B,0.0000,0.0000,0.0000,0.0000,0.0000,7400.0000,0.0000,0.0000,0.0000,0.0000,0,0,0,0,0,2,0,0,0,0
zc,TA304,2012-06-04 13:37:46.050,0.0000,4,0,0.0000,0.0000,0,0,多换,B,0.0000,0.0000,0.0000,0.0000,0.0000,7400.0000,0.0000,0.0000,0.0000,0.0000,0,0,0,0,0,2,0,0,0,0
zc,TA304,2012-06-04 13:39:46.067,0.0000,4,0,0.0000,0.0000,0,0,多换,B,0.0000,0.0000,0.0000,0.0000,0.0000,7400.0000,0.0000,0.0000,0.0000,0.0000,0,0,0,0,0,2,0,0,0,0
zc,TA304,2012-06-04 13:40:46.067,0.0000,4,0,0.0000,0.0000,0,0,多换,B,0.0000,0.0000,0.0000,0.0000,0.0000,7400.0000,0.0000,0.0000,0.0000,0.0000,0,0,0,0,0,2,0,0,0,0
zc,TA304,2012-06-04 13:41:46.033,0.0000,4,0,0.0000,0.0000,0,0,多换,B,0.0000,0.0000,0.0000,0.0000,0.0000,7400.0000,0.0000,0.0000,0.0000,0.0000,0,0,0,0,0,2,0,0,0,0
zc,TA304,2012-06-04 13:42:46.033,0.0000,4,0,0.0000,0.0000,0,0,多换,B,0.0000,0.0000,0.0000,0.0000,0.0000,7400.0000,0.0000,0.0000,0.0000,0.0000,0,0,0,0,0,2,0,0,0,0
zc,TA304,2012-06-04 13:46:46.067,0.0000,4,0,0.0000,0.0000,0,0,多换,B,0.0000,0.0000,0.0000,0.0000,0.0000,7400.0000,0.0000,0.0000,0.0000,0.0000,0,0,0,0,0,2,0,0,0,0
zc,TA304,2012-06-04 13:47:46.033,0.0000,4,0,0.0000,0.0000,0,0,多换,B,0.0000,0.0000,0.0000,0.0000,0.0000,7400.0000,0.0000,0.0000,0.0000,0.0000,0,0,0,0,0,2,0,0,0,0
zc,TA304,2012-06-04 13:48:46.067,0.0000,4,0,0.0000,0.0000,0,0,多换,B,0.0000,0.0000,0.0000,0.0000,0.0000,7400.0000,0.0000,0.0000,0.0000,0.0000,0,0,0,0,0,2,0,0,0,0
zc,TA304,2012-06-04 13:51:46.033,0.0000,4,0,0.0000,0.0000,0,0,多换,B,0.0000,0.0000,0.0000,0.0000,0.0000,7400.0000,0.0000,0.0000,0.0000,0.0000,0,0,0,0,0,2,0,0,0,0
zc,TA304,2012-06-04 13:53:46.080,0.0000,4,0,0.0000,0.0000,0,0,多换,B,0.0000,0.0000,0.0000,0.0000,0.0000,7400.0000,0.0000,0.0000,0.0000,0.0000,0,0,0,0,0,2,0,0,0,0
zc,TA304,2012-06-04 13:54:46.067,0.0000,4,0,0.0000,0.0000,0,0,多换,B,0.0000,0.0000,0.0000,0.0000,0.0000,7400.0000,0.0000,0.0000,0.0000,0.0000,0,0,0,0,0,2,0,0,0,0
zc,TA304,2012-06-04 13:55:46.033,0.0000,4,0,0.0000,0.0000,0,0,多换,B,0.0000,0.0000,0.0000,0.0000,0.0000,7400.0000,0.0000,0.0000,0.0000,0.0000,0,0,0,0,0,2,0,0,0,0
zc,TA304,2012-06-04 13:56:46.020,0.0000,4,0,0.0000,0.0000,0,0,多换,B,0.0000,0.0000,0.0000,0.0000,0.0000,7400.0000,0.0000,0.0000,0.0000,0.0000,0,0,0,0,0,2,0,0,0,0
zc,TA304,2012-06-04 13:58:46.020,0.0000,4,0,0.0000,0.0000,0,0,多换,B,0.0000,0.0000,0.0000,0.0000,0.0000,7400.0000,0.0000,0.0000,0.0000,0.0000,0,0,0,0,0,2,0,0,0,0
zc,TA304,2012-06-04 13:59:46.033,0.0000,4,0,0.0000,0.0000,0,0,多换,B,0.0000,0.0000,0.0000,0.0000,0.0000,7400.0000,0.0000,0.0000,0.0000,0.0000,0,0,0,0,0,2,0,0,0,0
zc,TA304,2012-06-04 14:02:46.020,0.0000,4,0,0.0000,0.0000,0,0,多换,B,0.0000,0.0000,0.0000,0.0000,0.0000,7400.0000,0.0000,0.0000,0.0000,0.0000,0,0,0,0,0,2,0,0,0,0
zc,TA304,2012-06-04 14:07:00.050,0.0000,4,0,0.0000,0.0000,0,0,多换,B,0.0000,0.0000,0.0000,0.0000,0.0000,7422.0000,0.0000,0.0000,0.0000,0.0000,0,0,0,0,0,1,0,0,0,0
zc,TA304,2012-06-04 14:07:01.567,0.0000,4,0,0.0000,0.0000,0,0,多换,B,0.0000,0.0000,0.0000,0.0000,0.0000,7420.0000,0.0000,0.0000,0.0000,0.0000,0,0,0,0,0,6,0,0,0,0
zc,TA304,2012-06-04 14:15:56.800,0.0000,4,0,0.0000,0.0000,0,0,多换,B,0.0000,0.0000,0.0000,0.0000,0.0000,7418.0000,0.0000,0.0000,0.0000,0.0000,0,0,0,0,0,1,0,0,0,0
zc,TA304,2012-06-04 14:15:59.533,0.0000,4,0,0.0000,0.0000,0,0,多换,B,0.0000,0.0000,0.0000,0.0000,0.0000,7416.0000,0.0000,0.0000,0.0000,0.0000,0,0,0,0,0,6,0,0,0,0
zc,TA304,2012-06-04 14:16:35.567,0.0000,4,0,0.0000,0.0000,0,0,多换,B,0.0000,0.0000,0.0000,0.0000,0.0000,7360.0000,0.0000,0.0000,0.0000,0.0000,0,0,0,0,0,1,0,0,0,0
zc,TA304,2012-06-04 14:18:46.033,0.0000,4,0,0.0000,0.0000,0,0,多换,B,0.0000,0.0000,0.0000,0.0000,0.0000,7360.0000,0.0000,0.0000,0.0000,0.0000,0,0,0,0,0,1,0,0,0,0
zc,TA304,2012-06-04 14:20:46.003,0.0000,4,0,0.0000,0.0000,0,0,多换,B,0.0000,0.0000,0.0000,0.0000,0.0000,7360.0000,0.0000,0.0000,0.0000,0.0000,0,0,0,0,0,1,0,0,0,0
zc,TA304,2012-06-04 14:21:46.003,0.0000,4,0,0.0000,0.0000,0,0,多换,B,0.0000,0.0000,0.0000,0.0000,0.0000,7360.0000,0.0000,0.0000,0.0000,0.0000,0,0,0,0,0,1,0,0,0,0
zc,TA304,2012-06-04 14:23:39.783,0.0000,4,0,0.0000,0.0000,0,0,多换,B,0.0000,0.0000,0.0000,0.0000,0.0000,7418.0000,0.0000,0.0000,0.0000,0.0000,0,0,0,0,0,1,0,0,0,0
zc,TA304,2012-06-04 14:23:40.817,0.0000,4,0,0.0000,0.0000,0,0,多换,B,0.0000,0.0000,0.0000,0.0000,0.0000,7416.0000,0.0000,0.0000,0.0000,0.0000,0,0,0,0,0,6,0,0,0,0
zc,TA304,2012-06-04 14:24:46.020,0.0000,4,0,0.0000,0.0000,0,0,多换,B,0.0000,0.0000,0.0000,0.0000,0.0000,7416.0000,0.0000,0.0000,0.0000,0.0000,0,0,0,0,0,6,0,0,0,0
zc,TA304,2012-06-04 14:25:46.033,0.0000,4,0,0.0000,0.0000,0,0,多换,B,0.0000,0.0000,0.0000,0.0000,0.0000,7416.0000,0.0000,0.0000,0.0000,0.0000,0,0,0,0,0,6,0,0,0,0
zc,TA304,2012-06-04 14:26:46.067,0.0000,4,0,0.0000,0.0000,0,0,多换,B,0.0000,0.0000,0.0000,0.0000,0.0000,7416.0000,0.0000,0.0000,0.0000,0.0000,0,0,0,0,0,6,0,0,0,0
zc,TA304,2012-06-04 14:28:46.020,0.0000,4,0,0.0000,0.0000,0,0,多换,B,0.0000,0.0000,0.0000,0.0000,0.0000,7416.0000,0.0000,0.0000,0.0000,0.0000,0,0,0,0,0,6,0,0,0,0
zc,TA304,2012-06-04 14:29:46.033,0.0000,4,0,0.0000,0.0000,0,0,多换,B,0.0000,0.0000,0.0000,0.0000,0.0000,7416.0000,0.0000,0.0000,0.0000,0.0000,0,0,0,0,0,6,0,0,0,0
zc,TA304,2012-06-04 14:31:46.033,0.0000,4,0,0.0000,0.0000,0,0,多换,B,0.0000,0.0000,0.0000,0.0000,0.0000,7416.0000,0.0000,0.0000,0.0000,0.0000,0,0,0,0,0,6,0,0,0,0
zc,TA304,2012-06-04 14:33:46.020,0.0000,4,0,0.0000,0.0000,0,0,多换,B,0.0000,0.0000,0.0000,0.0000,0.0000,7416.0000,0.0000,0.0000,0.0000,0.0000,0,0,0,0,0,6,0,0,0,0
zc,TA304,2012-06-04 14:34:46.020,0.0000,4,0,0.0000,0.0000,0,0,多换,B,0.0000,0.0000,0.0000,0.0000,0.0000,7416.0000,0.0000,0.0000,0.0000,0.0000,0,0,0,0,0,6,0,0,0,0
zc,TA304,2012-06-04 14:38:46.050,0.0000,4,0,0.0000,0.0000,0,0,多换,B,0.0000,0.0000,0.0000,0.0000,0.0000,7416.0000,0.0000,0.0000,0.0000,0.0000,0,0,0,0,0,6,0,0,0,0
zc,TA304,2012-06-04 14:42:46.003,0.0000,4,0,0.0000,0.0000,0,0,多换,B,0.0000,0.0000,0.0000,0.0000,0.0000,7416.0000,0.0000,0.0000,0.0000,0.0000,0,0,0,0,0,6,0,0,0,0
zc,TA304,2012-06-04 14:55:46.003,0.0000,4,0,0.0000,0.0000,0,0,多换,B,0.0000,0.0000,0.0000,0.0000,0.0000,7416.0000,0.0000,0.0000,0.0000,0.0000,0,0,0,0,0,6,0,0,0,0
zc,TA304,2012-06-04 14:58:46.003,0.0000,4,0,0.0000,0.0000,0,0,多换,B,0.0000,0.0000,0.0000,0.0000,0.0000,7416.0000,0.0000,0.0000,0.0000,0.0000,0,0,0,0,0,6,0,0,0,0
zc,TA304,2012-06-04 14:59:24.080,0.0000,4,0,0.0000,0.0000,0,0,多换,B,0.0000,0.0000,0.0000,0.0000,0.0000,7422.0000,0.0000,0.0000,0.0000,0.0000,0,0,0,0,0,1,0,0,0,0
zc,TA304,2012-06-04 14:59:30.003,0.0000,4,0,0.0000,0.0000,0,0,多换,B,0.0000,0.0000,0.0000,0.0000,0.0000,7360.0000,0.0000,0.0000,0.0000,0.0000,0,0,0,0,0,1,0,0,0,0
zc,TA304,2012-06-04 14:59:40.567,0.0000,4,0,0.0000,0.0000,0,0,多换,B,0.0000,0.0000,0.0000,0.0000,0.0000,7422.0000,0.0000,0.0000,0.0000,0.0000,0,0,0,0,0,1,0,0,0,0
zc,TA304,2012-06-04 15:00:05.253,0.0000,4,0,0.0000,0.0000,0,0,多换,B,0.0000,0.0000,0.0000,0.0000,0.0000,7422.0000,0.0000,0.0000,0.0000,0.0000,0,0,0,0,0,1,0,0,0,0
zc,TA304,2012-06-04 15:17:45.927,0.0000,4,0,0.0000,0.0000,0,0,多换,B,0.0000,0.0000,0.0000,0.0000,0.0000,7422.0000,0.0000,0.0000,0.0000,0.0000,0,0,0,0,0,1,0,0,0,0
zc,TA304,2012-06-04 15:23:45.927,0.0000,4,0,0.0000,0.0000,0,0,多换,B,0.0000,0.0000,0.0000,0.0000,0.0000,7422.0000,0.0000,0.0000,0.0000,0.0000,0,0,0,0,0,1,0,0,0,0
