市场代码,合约代码,时间,最新,持仓,增仓,成交额,成交量,开仓,平仓,成交类型,方向,买一价,买二价,买三价,买四价,买五价,卖一价,卖二价,卖三价,卖四价,卖五价,买一量,买二量,买三量,买四量,买五量,卖一量,卖二量,卖三量,卖四量,卖五量
zc,TA305,2012-06-04 07:53:44.440,0.0000,370,0,0.0000,0.0000,0,0,空换,S,0.0000,0.0000,0.0000,0.0000,0.0000,0.0000,0.0000,0.0000,0.0000,0.0000,0,0,0,0,0,0,0,0,0,0
zc,TA305,2012-06-04 07:57:44.427,0.0000,370,0,0.0000,0.0000,0,0,空换,S,0.0000,0.0000,0.0000,0.0000,0.0000,0.0000,0.0000,0.0000,0.0000,0.0000,0,0,0,0,0,0,0,0,0,0
zc,TA305,2012-06-04 07:59:44.440,0.0000,370,0,0.0000,0.0000,0,0,空换,S,0.0000,0.0000,0.0000,0.0000,0.0000,0.0000,0.0000,0.0000,0.0000,0.0000,0,0,0,0,0,0,0,0,0,0
zc,TA305,2012-06-04 08:03:46.410,0.0000,370,0,0.0000,0.0000,0,0,空换,S,0.0000,0.0000,0.0000,0.0000,0.0000,0.0000,0.0000,0.0000,0.0000,0.0000,0,0,0,0,0,0,0,0,0,0
zc,TA305,2012-06-04 08:11:46.410,0.0000,370,0,0.0000,0.0000,0,0,空换,S,0.0000,0.0000,0.0000,0.0000,0.0000,0.0000,0.0000,0.0000,0.0000,0.0000,0,0,0,0,0,0,0,0,0,0
zc,TA305,2012-06-04 08:16:46.393,0.0000,370,0,0.0000,0.0000,0,0,空换,S,0.0000,0.0000,0.0000,0.0000,0.0000,0.0000,0.0000,0.0000,0.0000,0.0000,0,0,0,0,0,0,0,0,0,0
zc,TA305,2012-06-04 08:25:46.377,0.0000,370,0,0.0000,0.0000,0,0,空换,S,0.0000,0.0000,0.0000,0.0000,0.0000,0.0000,0.0000,0.0000,0.0000,0.0000,0,0,0,0,0,0,0,0,0,0
zc,TA305,2012-06-04 08:26:46.377,0.0000,370,0,0.0000,0.0000,0,0,空换,S,0.0000,0.0000,0.0000,0.0000,0.0000,0.0000,0.0000,0.0000,0.0000,0.0000,0,0,0,0,0,0,0,0,0,0
zc,TA305,2012-06-04 08:27:46.377,0.0000,370,0,0.0000,0.0000,0,0,空换,S,0.0000,0.0000,0.0000,0.0000,0.0000,0.0000,0.0000,0.0000,0.0000,0.0000,0,0,0,0,0,0,0,0,0,0
zc,TA305,2012-06-04 08:31:46.363,0.0000,370,0,0.0000,0.0000,0,0,空换,S,0.0000,0.0000,0.0000,0.0000,0.0000,0.0000,0.0000,0.0000,0.0000,0.0000,0,0,0,0,0,0,0,0,0,0
zc,TA305,2012-06-04 08:34:46.377,0.0000,370,0,0.0000,0.0000,0,0,空换,S,0.0000,0.0000,0.0000,0.0000,0.0000,0.0000,0.0000,0.0000,0.0000,0.0000,0,0,0,0,0,0,0,0,0,0
zc,TA305,2012-06-04 08:37:46.363,0.0000,370,0,0.0000,0.0000,0,0,空换,S,0.0000,0.0000,0.0000,0.0000,0.0000,0.0000,0.0000,0.0000,0.0000,0.0000,0,0,0,0,0,0,0,0,0,0
zc,TA305,2012-06-04 08:41:46.363,0.0000,370,0,0.0000,0.0000,0,0,空换,S,0.0000,0.0000,0.0000,0.0000,0.0000,0.0000,0.0000,0.0000,0.0000,0.0000,0,0,0,0,0,0,0,0,0,0
zc,TA305,2012-06-04 08:45:46.363,0.0000,370,0,0.0000,0.0000,0,0,空换,S,0.0000,0.0000,0.0000,0.0000,0.0000,0.0000,0.0000,0.0000,0.0000,0.0000,0,0,0,0,0,0,0,0,0,0
zc,TA305,2012-06-04 08:53:46.363,0.0000,370,0,0.0000,0.0000,0,0,空换,S,0.0000,0.0000,0.0000,0.0000,0.0000,0.0000,0.0000,0.0000,0.0000,0.0000,0,0,0,0,0,0,0,0,0,0
zc,TA305,2012-06-04 08:58:14.597,0.0000,370,0,0.0000,0.0000,0,0,空换,S,0.0000,0.0000,0.0000,0.0000,0.0000,0.0000,0.0000,0.0000,0.0000,0.0000,0,0,0,0,0,0,0,0,0,0
zc,TA305,2012-06-04 08:59:03.330,7500.0000,392,22,0.0000,22.0000,22,0,双开,B,7372.0000,0.0000,0.0000,0.0000,0.0000,7500.0000,0.0000,0.0000,0.0000,0.0000,1,0,0,0,0,10,0,0,0,0
zc,TA305,2012-06-04 09:00:01.800,7500.0000,392,0,0.0000,20.0000,10,10,多换,B,7438.0000,0.0000,0.0000,0.0000,0.0000,7500.0000,0.0000,0.0000,0.0000,0.0000,1,0,0,0,0,1,0,0,0,0
zc,TA305,2012-06-04 09:00:03.317,7528.0000,380,-12,0.0000,12.0000,0,12,双平,B,7532.0000,0.0000,0.0000,0.0000,0.0000,7558.0000,0.0000,0.0000,0.0000,0.0000,1,0,0,0,0,1,0,0,0,0
zc,TA305,2012-06-04 09:00:04.817,7528.0000,380,0,0.0000,0.0000,0,0,多换,B,7536.0000,0.0000,0.0000,0.0000,0.0000,7556.0000,0.0000,0.0000,0.0000,0.0000,1,0,0,0,0,1,0,0,0,0
zc,TA305,2012-06-04 09:00:05.300,7528.0000,380,0,0.0000,0.0000,0,0,多换,B,7536.0000,0.0000,0.0000,0.0000,0.0000,7566.0000,0.0000,0.0000,0.0000,0.0000,1,0,0,0,0,3,0,0,0,0
zc,TA305,2012-06-04 09:00:06.520,7528.0000,380,0,0.0000,0.0000,0,0,多换,B,7534.0000,0.0000,0.0000,0.0000,0.0000,7566.0000,0.0000,0.0000,0.0000,0.0000,1,0,0,0,0,3,0,0,0,0
zc,TA305,2012-06-04 09:00:07.520,7528.0000,380,0,0.0000,0.0000,0,0,多换,B,7534.0000,0.0000,0.0000,0.0000,0.0000,7550.0000,0.0000,0.0000,0.0000,0.0000,1,0,0,0,0,1,0,0,0,0
zc,TA305,2012-06-04 09:00:08.003,7528.0000,380,0,0.0000,0.0000,0,0,多换,B,7534.0000,0.0000,0.0000,0.0000,0.0000,7566.0000,0.0000,0.0000,0.0000,0.0000,1,0,0,0,0,3,0,0,0,0
zc,TA305,2012-06-04 09:00:08.533,7528.0000,380,0,0.0000,0.0000,0,0,多换,B,7534.0000,0.0000,0.0000,0.0000,0.0000,7550.0000,0.0000,0.0000,0.0000,0.0000,1,0,0,0,0,2,0,0,0,0
zc,TA305,2012-06-04 09:00:09.033,7528.0000,380,0,0.0000,0.0000,0,0,多换,B,7536.0000,0.0000,0.0000,0.0000,0.0000,7566.0000,0.0000,0.0000,0.0000,0.0000,1,0,0,0,0,3,0,0,0,0
zc,TA305,2012-06-04 09:00:11.020,7528.0000,380,0,0.0000,0.0000,0,0,多换,B,7536.0000,0.0000,0.0000,0.0000,0.0000,7556.0000,0.0000,0.0000,0.0000,0.0000,1,0,0,0,0,3,0,0,0,0
zc,TA305,2012-06-04 09:00:12.033,7528.0000,380,0,0.0000,0.0000,0,0,多换,B,7536.0000,0.0000,0.0000,0.0000,0.0000,7566.0000,0.0000,0.0000,0.0000,0.0000,1,0,0,0,0,3,0,0,0,0
zc,TA305,2012-06-04 09:00:12.533,7528.0000,380,0,0.0000,0.0000,0,0,多换,B,7536.0000,0.0000,0.0000,0.0000,0.0000,7552.0000,0.0000,0.0000,0.0000,0.0000,1,0,0,0,0,3,0,0,0,0
zc,TA305,2012-06-04 09:00:13.770,7528.0000,380,0,0.0000,0.0000,0,0,多换,B,7538.0000,0.0000,0.0000,0.0000,0.0000,7554.0000,0.0000,0.0000,0.0000,0.0000,1,0,0,0,0,2,0,0,0,0
zc,TA305,2012-06-04 09:00:15.283,7528.0000,380,0,0.0000,0.0000,0,0,多换,B,7536.0000,0.0000,0.0000,0.0000,0.0000,7552.0000,0.0000,0.0000,0.0000,0.0000,1,0,0,0,0,1,0,0,0,0
zc,TA305,2012-06-04 09:00:15.783,7528.0000,380,0,0.0000,0.0000,0,0,多换,B,7536.0000,0.0000,0.0000,0.0000,0.0000,7556.0000,0.0000,0.0000,0.0000,0.0000,1,0,0,0,0,1,0,0,0,0
zc,TA305,2012-06-04 09:00:16.520,7528.0000,380,0,0.0000,0.0000,0,0,多换,B,7532.0000,0.0000,0.0000,0.0000,0.0000,7548.0000,0.0000,0.0000,0.0000,0.0000,1,0,0,0,0,3,0,0,0,0
zc,TA305,2012-06-04 09:00:18.020,7528.0000,380,0,0.0000,0.0000,0,0,多换,B,7534.0000,0.0000,0.0000,0.0000,0.0000,7552.0000,0.0000,0.0000,0.0000,0.0000,1,0,0,0,0,3,0,0,0,0
zc,TA305,2012-06-04 09:00:18.550,7528.0000,380,0,0.0000,0.0000,0,0,多换,B,7534.0000,0.0000,0.0000,0.0000,0.0000,7550.0000,0.0000,0.0000,0.0000,0.0000,1,0,0,0,0,1,0,0,0,0
zc,TA305,2012-06-04 09:00:19.270,7528.0000,380,0,0.0000,0.0000,0,0,多换,B,7534.0000,0.0000,0.0000,0.0000,0.0000,7552.0000,0.0000,0.0000,0.0000,0.0000,1,0,0,0,0,3,0,0,0,0
zc,TA305,2012-06-04 09:00:21.473,7528.0000,380,0,0.0000,0.0000,0,0,多换,B,7534.0000,0.0000,0.0000,0.0000,0.0000,7548.0000,0.0000,0.0000,0.0000,0.0000,1,0,0,0,0,3,0,0,0,0
zc,TA305,2012-06-04 09:00:22.270,7528.0000,380,0,0.0000,0.0000,0,0,多换,B,7536.0000,0.0000,0.0000,0.0000,0.0000,7548.0000,0.0000,0.0000,0.0000,0.0000,1,0,0,0,0,3,0,0,0,0
zc,TA305,2012-06-04 09:00:23.503,7528.0000,380,0,0.0000,0.0000,0,0,多换,B,7532.0000,0.0000,0.0000,0.0000,0.0000,7548.0000,0.0000,0.0000,0.0000,0.0000,2,0,0,0,0,3,0,0,0,0
zc,TA305,2012-06-04 09:00:24.283,7528.0000,380,0,0.0000,0.0000,0,0,多换,B,7532.0000,0.0000,0.0000,0.0000,0.0000,7548.0000,0.0000,0.0000,0.0000,0.0000,1,0,0,0,0,3,0,0,0,0
zc,TA305,2012-06-04 09:00:25.020,7528.0000,380,0,0.0000,0.0000,0,0,多换,B,7536.0000,0.0000,0.0000,0.0000,0.0000,7548.0000,0.0000,0.0000,0.0000,0.0000,1,0,0,0,0,3,0,0,0,0
zc,TA305,2012-06-04 09:00:25.487,7528.0000,380,0,0.0000,0.0000,0,0,多换,B,7536.0000,0.0000,0.0000,0.0000,0.0000,7548.0000,0.0000,0.0000,0.0000,0.0000,1,0,0,0,0,2,0,0,0,0
zc,TA305,2012-06-04 09:00:26.270,7528.0000,380,0,0.0000,0.0000,0,0,多换,B,7538.0000,0.0000,0.0000,0.0000,0.0000,7550.0000,0.0000,0.0000,0.0000,0.0000,1,0,0,0,0,11,0,0,0,0
zc,TA305,2012-06-04 09:00:30.300,7528.0000,380,0,0.0000,0.0000,0,0,多换,B,7536.0000,0.0000,0.0000,0.0000,0.0000,7550.0000,0.0000,0.0000,0.0000,0.0000,1,0,0,0,0,10,0,0,0,0
zc,TA305,2012-06-04 09:00:31.003,7528.0000,380,0,0.0000,0.0000,0,0,多换,B,7540.0000,0.0000,0.0000,0.0000,0.0000,7550.0000,0.0000,0.0000,0.0000,0.0000,1,0,0,0,0,10,0,0,0,0
zc,TA305,2012-06-04 09:00:31.487,7528.0000,380,0,0.0000,0.0000,0,0,多换,B,7538.0000,0.0000,0.0000,0.0000,0.0000,7550.0000,0.0000,0.0000,0.0000,0.0000,1,0,0,0,0,10,0,0,0,0
zc,TA305,2012-06-04 09:00:32.770,7528.0000,380,0,0.0000,0.0000,0,0,多换,B,7534.0000,0.0000,0.0000,0.0000,0.0000,7550.0000,0.0000,0.0000,0.0000,0.0000,2,0,0,0,0,10,0,0,0,0
zc,TA305,2012-06-04 09:00:33.473,7528.0000,380,0,0.0000,0.0000,0,0,多换,B,7534.0000,0.0000,0.0000,0.0000,0.0000,7550.0000,0.0000,0.0000,0.0000,0.0000,2,0,0,0,0,11,0,0,0,0
zc,TA305,2012-06-04 09:00:34.270,7528.0000,380,0,0.0000,0.0000,0,0,多换,B,7534.0000,0.0000,0.0000,0.0000,0.0000,7550.0000,0.0000,0.0000,0.0000,0.0000,1,0,0,0,0,10,0,0,0,0
zc,TA305,2012-06-04 09:00:36.223,7528.0000,380,0,0.0000,0.0000,0,0,多换,B,7532.0000,0.0000,0.0000,0.0000,0.0000,7548.0000,0.0000,0.0000,0.0000,0.0000,1,0,0,0,0,3,0,0,0,0
zc,TA305,2012-06-04 09:00:36.753,7528.0000,380,0,0.0000,0.0000,0,0,多换,B,7534.0000,0.0000,0.0000,0.0000,0.0000,7550.0000,0.0000,0.0000,0.0000,0.0000,1,0,0,0,0,10,0,0,0,0
zc,TA305,2012-06-04 09:00:37.473,7528.0000,380,0,0.0000,0.0000,0,0,多换,B,7534.0000,0.0000,0.0000,0.0000,0.0000,7550.0000,0.0000,0.0000,0.0000,0.0000,1,0,0,0,0,11,0,0,0,0
zc,TA305,2012-06-04 09:00:38.253,7528.0000,380,0,0.0000,0.0000,0,0,多换,B,7532.0000,0.0000,0.0000,0.0000,0.0000,7548.0000,0.0000,0.0000,0.0000,0.0000,1,0,0,0,0,3,0,0,0,0
zc,TA305,2012-06-04 09:00:39.503,7528.0000,380,0,0.0000,0.0000,0,0,多换,B,7530.0000,0.0000,0.0000,0.0000,0.0000,7548.0000,0.0000,0.0000,0.0000,0.0000,1,0,0,0,0,3,0,0,0,0
zc,TA305,2012-06-04 09:00:40.533,7528.0000,380,0,0.0000,0.0000,0,0,多换,B,7528.0000,0.0000,0.0000,0.0000,0.0000,7546.0000,0.0000,0.0000,0.0000,0.0000,1,0,0,0,0,3,0,0,0,0
zc,TA305,2012-06-04 09:00:41.237,7528.0000,380,0,0.0000,0.0000,0,0,多换,B,7522.0000,0.0000,0.0000,0.0000,0.0000,7546.0000,0.0000,0.0000,0.0000,0.0000,1,0,0,0,0,3,0,0,0,0
zc,TA305,2012-06-04 09:00:42.033,7528.0000,380,0,0.0000,0.0000,0,0,多换,B,7522.0000,0.0000,0.0000,0.0000,0.0000,7538.0000,0.0000,0.0000,0.0000,0.0000,1,0,0,0,0,1,0,0,0,0
zc,TA305,2012-06-04 09:00:43.533,7528.0000,380,0,0.0000,0.0000,0,0,多换,B,7518.0000,0.0000,0.0000,0.0000,0.0000,7534.0000,0.0000,0.0000,0.0000,0.0000,1,0,0,0,0,1,0,0,0,0
zc,TA305,2012-06-04 09:00:44.237,7528.0000,380,0,0.0000,0.0000,0,0,多换,B,7512.0000,0.0000,0.0000,0.0000,0.0000,7534.0000,0.0000,0.0000,0.0000,0.0000,1,0,0,0,0,1,0,0,0,0
zc,TA305,2012-06-04 09:00:45.050,7528.0000,380,0,0.0000,0.0000,0,0,多换,B,7516.0000,0.0000,0.0000,0.0000,0.0000,7530.0000,0.0000,0.0000,0.0000,0.0000,1,0,0,0,0,1,0,0,0,0
zc,TA305,2012-06-04 09:00:46.377,7528.0000,380,0,0.0000,0.0000,0,0,多换,B,7512.0000,0.0000,0.0000,0.0000,0.0000,7534.0000,0.0000,0.0000,0.0000,0.0000,1,0,0,0,0,1,0,0,0,0
zc,TA305,2012-06-04 09:00:46.723,7528.0000,380,0,0.0000,0.0000,0,0,多换,B,7510.0000,0.0000,0.0000,0.0000,0.0000,7534.0000,0.0000,0.0000,0.0000,0.0000,1,0,0,0,0,1,0,0,0,0
zc,TA305,2012-06-04 09:00:47.520,7528.0000,380,0,0.0000,0.0000,0,0,多换,B,7510.0000,0.0000,0.0000,0.0000,0.0000,7522.0000,0.0000,0.0000,0.0000,0.0000,1,0,0,0,0,1,0,0,0,0
zc,TA305,2012-06-04 09:00:48.237,7528.0000,380,0,0.0000,0.0000,0,0,多换,B,7510.0000,0.0000,0.0000,0.0000,0.0000,7534.0000,0.0000,0.0000,0.0000,0.0000,1,0,0,0,0,1,0,0,0,0
zc,TA305,2012-06-04 09:00:48.753,7528.0000,380,0,0.0000,0.0000,0,0,多换,B,7512.0000,0.0000,0.0000,0.0000,0.0000,7534.0000,0.0000,0.0000,0.0000,0.0000,1,0,0,0,0,1,0,0,0,0
zc,TA305,2012-06-04 09:00:49.753,7528.0000,380,0,0.0000,0.0000,0,0,多换,B,7508.0000,0.0000,0.0000,0.0000,0.0000,7520.0000,0.0000,0.0000,0.0000,0.0000,1,0,0,0,0,1,0,0,0,0
zc,TA305,2012-06-04 09:00:50.503,7528.0000,380,0,0.0000,0.0000,0,0,多换,B,7506.0000,0.0000,0.0000,0.0000,0.0000,7534.0000,0.0000,0.0000,0.0000,0.0000,1,0,0,0,0,1,0,0,0,0
zc,TA305,2012-06-04 09:00:51.223,7528.0000,380,0,0.0000,0.0000,0,0,多换,B,7508.0000,0.0000,0.0000,0.0000,0.0000,7534.0000,0.0000,0.0000,0.0000,0.0000,1,0,0,0,0,1,0,0,0,0
zc,TA305,2012-06-04 09:00:51.503,7528.0000,380,0,0.0000,0.0000,0,0,多换,B,7504.0000,0.0000,0.0000,0.0000,0.0000,7524.0000,0.0000,0.0000,0.0000,0.0000,2,0,0,0,0,1,0,0,0,0
zc,TA305,2012-06-04 09:00:52.270,7528.0000,380,0,0.0000,0.0000,0,0,多换,B,7504.0000,0.0000,0.0000,0.0000,0.0000,7518.0000,0.0000,0.0000,0.0000,0.0000,2,0,0,0,0,1,0,0,0,0
zc,TA305,2012-06-04 09:00:52.737,7528.0000,380,0,0.0000,0.0000,0,0,多换,B,7506.0000,0.0000,0.0000,0.0000,0.0000,7520.0000,0.0000,0.0000,0.0000,0.0000,1,0,0,0,0,1,0,0,0,0
zc,TA305,2012-06-04 09:00:53.487,7528.0000,380,0,0.0000,0.0000,0,0,多换,B,7504.0000,0.0000,0.0000,0.0000,0.0000,7520.0000,0.0000,0.0000,0.0000,0.0000,1,0,0,0,0,1,0,0,0,0
zc,TA305,2012-06-04 09:00:54.003,7528.0000,380,0,0.0000,0.0000,0,0,多换,B,7502.0000,0.0000,0.0000,0.0000,0.0000,7520.0000,0.0000,0.0000,0.0000,0.0000,1,0,0,0,0,1,0,0,0,0
zc,TA305,2012-06-04 09:00:54.783,7528.0000,380,0,0.0000,0.0000,0,0,多换,B,7498.0000,0.0000,0.0000,0.0000,0.0000,7514.0000,0.0000,0.0000,0.0000,0.0000,1,0,0,0,0,1,0,0,0,0
zc,TA305,2012-06-04 09:00:55.253,7528.0000,380,0,0.0000,0.0000,0,0,多换,B,7496.0000,0.0000,0.0000,0.0000,0.0000,7514.0000,0.0000,0.0000,0.0000,0.0000,2,0,0,0,0,1,0,0,0,0
zc,TA305,2012-06-04 09:00:55.707,7528.0000,380,0,0.0000,0.0000,0,0,多换,B,7496.0000,0.0000,0.0000,0.0000,0.0000,7514.0000,0.0000,0.0000,0.0000,0.0000,1,0,0,0,0,1,0,0,0,0
zc,TA305,2012-06-04 09:00:56.503,7528.0000,380,0,0.0000,0.0000,0,0,多换,B,7494.0000,0.0000,0.0000,0.0000,0.0000,7514.0000,0.0000,0.0000,0.0000,0.0000,1,0,0,0,0,1,0,0,0,0
zc,TA305,2012-06-04 09:00:56.987,7528.0000,380,0,0.0000,0.0000,0,0,多换,B,7492.0000,0.0000,0.0000,0.0000,0.0000,7506.0000,0.0000,0.0000,0.0000,0.0000,1,0,0,0,0,1,0,0,0,0
zc,TA305,2012-06-04 09:00:59.503,7528.0000,380,0,0.0000,0.0000,0,0,多换,B,7484.0000,0.0000,0.0000,0.0000,0.0000,7504.0000,0.0000,0.0000,0.0000,0.0000,1,0,0,0,0,1,0,0,0,0
zc,TA305,2012-06-04 09:01:00.473,7528.0000,380,0,0.0000,0.0000,0,0,多换,B,7480.0000,0.0000,0.0000,0.0000,0.0000,7496.0000,0.0000,0.0000,0.0000,0.0000,1,0,0,0,0,1,0,0,0,0
zc,TA305,2012-06-04 09:01:01.223,7528.0000,380,0,0.0000,0.0000,0,0,多换,B,7478.0000,0.0000,0.0000,0.0000,0.0000,7496.0000,0.0000,0.0000,0.0000,0.0000,1,0,0,0,0,1,0,0,0,0
zc,TA305,2012-06-04 09:01:01.783,7528.0000,380,0,0.0000,0.0000,0,0,多换,B,7476.0000,0.0000,0.0000,0.0000,0.0000,7490.0000,0.0000,0.0000,0.0000,0.0000,1,0,0,0,0,1,0,0,0,0
zc,TA305,2012-06-04 09:01:02.503,7528.0000,380,0,0.0000,0.0000,0,0,多换,B,7478.0000,0.0000,0.0000,0.0000,0.0000,7496.0000,0.0000,0.0000,0.0000,0.0000,1,0,0,0,0,1,0,0,0,0
zc,TA305,2012-06-04 09:01:03.253,7528.0000,380,0,0.0000,0.0000,0,0,多换,B,7474.0000,0.0000,0.0000,0.0000,0.0000,7486.0000,0.0000,0.0000,0.0000,0.0000,1,0,0,0,0,1,0,0,0,0
zc,TA305,2012-06-04 09:01:03.973,7528.0000,380,0,0.0000,0.0000,0,0,多换,B,7474.0000,0.0000,0.0000,0.0000,0.0000,7496.0000,0.0000,0.0000,0.0000,0.0000,1,0,0,0,0,1,0,0,0,0
zc,TA305,2012-06-04 09:01:04.487,7528.0000,380,0,0.0000,0.0000,0,0,多换,B,7472.0000,0.0000,0.0000,0.0000,0.0000,7496.0000,0.0000,0.0000,0.0000,0.0000,2,0,0,0,0,1,0,0,0,0
zc,TA305,2012-06-04 09:01:04.973,7528.0000,380,0,0.0000,0.0000,0,0,多换,B,7470.0000,0.0000,0.0000,0.0000,0.0000,7496.0000,0.0000,0.0000,0.0000,0.0000,1,0,0,0,0,1,0,0,0,0
zc,TA305,2012-06-04 09:01:06.270,7528.0000,380,0,0.0000,0.0000,0,0,多换,B,7468.0000,0.0000,0.0000,0.0000,0.0000,7484.0000,0.0000,0.0000,0.0000,0.0000,1,0,0,0,0,1,0,0,0,0
zc,TA305,2012-06-04 09:01:07.020,7528.0000,380,0,0.0000,0.0000,0,0,多换,B,7462.0000,0.0000,0.0000,0.0000,0.0000,7496.0000,0.0000,0.0000,0.0000,0.0000,1,0,0,0,0,1,0,0,0,0
zc,TA305,2012-06-04 09:01:07.533,7528.0000,380,0,0.0000,0.0000,0,0,多换,B,7446.0000,0.0000,0.0000,0.0000,0.0000,7478.0000,0.0000,0.0000,0.0000,0.0000,1,0,0,0,0,1,0,0,0,0
zc,TA305,2012-06-04 09:01:08.270,7528.0000,380,0,0.0000,0.0000,0,0,多换,B,7446.0000,0.0000,0.0000,0.0000,0.0000,7474.0000,0.0000,0.0000,0.0000,0.0000,1,0,0,0,0,1,0,0,0,0
zc,TA305,2012-06-04 09:01:09.503,7528.0000,380,0,0.0000,0.0000,0,0,多换,B,7454.0000,0.0000,0.0000,0.0000,0.0000,7478.0000,0.0000,0.0000,0.0000,0.0000,1,0,0,0,0,1,0,0,0,0
zc,TA305,2012-06-04 09:01:10.270,7528.0000,380,0,0.0000,0.0000,0,0,多换,B,7452.0000,0.0000,0.0000,0.0000,0.0000,7478.0000,0.0000,0.0000,0.0000,0.0000,1,0,0,0,0,1,0,0,0,0
zc,TA305,2012-06-04 09:01:10.987,7528.0000,380,0,0.0000,0.0000,0,0,多换,B,7446.0000,0.0000,0.0000,0.0000,0.0000,7458.0000,0.0000,0.0000,0.0000,0.0000,1,0,0,0,0,1,0,0,0,0
zc,TA305,2012-06-04 09:01:11.783,7528.0000,380,0,0.0000,0.0000,0,0,多换,B,7442.0000,0.0000,0.0000,0.0000,0.0000,7472.0000,0.0000,0.0000,0.0000,0.0000,1,0,0,0,0,1,0,0,0,0
zc,TA305,2012-06-04 09:01:12.270,7528.0000,380,0,0.0000,0.0000,0,0,多换,B,7440.0000,0.0000,0.0000,0.0000,0.0000,7462.0000,0.0000,0.0000,0.0000,0.0000,1,0,0,0,0,1,0,0,0,0
zc,TA305,2012-06-04 09:01:12.973,7528.0000,380,0,0.0000,0.0000,0,0,多换,B,7436.0000,0.0000,0.0000,0.0000,0.0000,7462.0000,0.0000,0.0000,0.0000,0.0000,2,0,0,0,0,1,0,0,0,0
zc,TA305,2012-06-04 09:01:13.440,7528.0000,380,0,0.0000,0.0000,0,0,多换,B,7436.0000,0.0000,0.0000,0.0000,0.0000,7462.0000,0.0000,0.0000,0.0000,0.0000,1,0,0,0,0,1,0,0,0,0
zc,TA305,2012-06-04 09:01:14.253,7528.0000,380,0,0.0000,0.0000,0,0,多换,B,7424.0000,0.0000,0.0000,0.0000,0.0000,7448.0000,0.0000,0.0000,0.0000,0.0000,1,0,0,0,0,1,0,0,0,0
zc,TA305,2012-06-04 09:01:16.237,7528.0000,380,0,0.0000,0.0000,0,0,多换,B,7422.0000,0.0000,0.0000,0.0000,0.0000,7448.0000,0.0000,0.0000,0.0000,0.0000,1,0,0,0,0,1,0,0,0,0
zc,TA305,2012-06-04 09:01:16.753,7528.0000,380,0,0.0000,0.0000,0,0,多换,B,7424.0000,0.0000,0.0000,0.0000,0.0000,7448.0000,0.0000,0.0000,0.0000,0.0000,1,0,0,0,0,1,0,0,0,0
zc,TA305,2012-06-04 09:01:17.207,7528.0000,380,0,0.0000,0.0000,0,0,多换,B,7428.0000,0.0000,0.0000,0.0000,0.0000,7448.0000,0.0000,0.0000,0.0000,0.0000,1,0,0,0,0,1,0,0,0,0
zc,TA305,2012-06-04 09:01:18.020,7528.0000,380,0,0.0000,0.0000,0,0,多换,B,7426.0000,0.0000,0.0000,0.0000,0.0000,7448.0000,0.0000,0.0000,0.0000,0.0000,1,0,0,0,0,1,0,0,0,0
zc,TA305,2012-06-04 09:01:18.723,7528.0000,380,0,0.0000,0.0000,0,0,多换,B,7424.0000,0.0000,0.0000,0.0000,0.0000,7448.0000,0.0000,0.0000,0.0000,0.0000,1,0,0,0,0,1,0,0,0,0
zc,TA305,2012-06-04 09:01:19.270,7528.0000,380,0,0.0000,0.0000,0,0,多换,B,7430.0000,0.0000,0.0000,0.0000,0.0000,7448.0000,0.0000,0.0000,0.0000,0.0000,1,0,0,0,0,1,0,0,0,0
zc,TA305,2012-06-04 09:01:19.973,7528.0000,380,0,0.0000,0.0000,0,0,多换,B,7430.0000,0.0000,0.0000,0.0000,0.0000,7446.0000,0.0000,0.0000,0.0000,0.0000,1,0,0,0,0,1,0,0,0,0
zc,TA305,2012-06-04 09:01:20.473,7528.0000,380,0,0.0000,0.0000,0,0,多换,B,7434.0000,0.0000,0.0000,0.0000,0.0000,7448.0000,0.0000,0.0000,0.0000,0.0000,2,0,0,0,0,1,0,0,0,0
zc,TA305,2012-06-04 09:01:21.237,7528.0000,380,0,0.0000,0.0000,0,0,多换,B,7436.0000,0.0000,0.0000,0.0000,0.0000,7448.0000,0.0000,0.0000,0.0000,0.0000,1,0,0,0,0,1,0,0,0,0
zc,TA305,2012-06-04 09:01:21.770,7528.0000,380,0,0.0000,0.0000,0,0,多换,B,7432.0000,0.0000,0.0000,0.0000,0.0000,7446.0000,0.0000,0.0000,0.0000,0.0000,1,0,0,0,0,1,0,0,0,0
zc,TA305,2012-06-04 09:01:22.473,7432.0000,380,0,0.0000,2.0000,1,1,空换,S,7434.0000,0.0000,0.0000,0.0000,0.0000,7448.0000,0.0000,0.0000,0.0000,0.0000,1,0,0,0,0,1,0,0,0,0
zc,TA305,2012-06-04 09:01:22.987,7432.0000,380,0,0.0000,0.0000,0,0,空换,S,7428.0000,0.0000,0.0000,0.0000,0.0000,7448.0000,0.0000,0.0000,0.0000,0.0000,1,0,0,0,0,1,0,0,0,0
zc,TA305,2012-06-04 09:01:23.690,7432.0000,380,0,0.0000,0.0000,0,0,空换,S,7430.0000,0.0000,0.0000,0.0000,0.0000,7446.0000,0.0000,0.0000,0.0000,0.0000,1,0,0,0,0,1,0,0,0,0
zc,TA305,2012-06-04 09:01:24.487,7432.0000,380,0,0.0000,0.0000,0,0,空换,S,7428.0000,0.0000,0.0000,0.0000,0.0000,7446.0000,0.0000,0.0000,0.0000,0.0000,1,0,0,0,0,1,0,0,0,0
zc,TA305,2012-06-04 09:01:25.457,7432.0000,380,0,0.0000,0.0000,0,0,空换,S,7428.0000,0.0000,0.0000,0.0000,0.0000,7446.0000,0.0000,0.0000,0.0000,0.0000,2,0,0,0,0,1,0,0,0,0
zc,TA305,2012-06-04 09:01:26.207,7432.0000,380,0,0.0000,0.0000,0,0,空换,S,7428.0000,0.0000,0.0000,0.0000,0.0000,7446.0000,0.0000,0.0000,0.0000,0.0000,1,0,0,0,0,1,0,0,0,0
zc,TA305,2012-06-04 09:01:26.707,7432.0000,380,0,0.0000,0.0000,0,0,空换,S,7426.0000,0.0000,0.0000,0.0000,0.0000,7440.0000,0.0000,0.0000,0.0000,0.0000,2,0,0,0,0,1,0,0,0,0
zc,TA305,2012-06-04 09:01:27.440,7440.0000,382,2,0.0000,2.0000,2,0,双开,B,7426.0000,0.0000,0.0000,0.0000,0.0000,7440.0000,0.0000,0.0000,0.0000,0.0000,2,0,0,0,0,1,0,0,0,0
zc,TA305,2012-06-04 09:01:27.957,7440.0000,382,0,0.0000,0.0000,0,0,多换,B,7426.0000,0.0000,0.0000,0.0000,0.0000,7440.0000,0.0000,0.0000,0.0000,0.0000,1,0,0,0,0,1,0,0,0,0
zc,TA305,2012-06-04 09:01:29.253,7440.0000,382,0,0.0000,0.0000,0,0,多换,B,7428.0000,0.0000,0.0000,0.0000,0.0000,7442.0000,0.0000,0.0000,0.0000,0.0000,1,0,0,0,0,1,0,0,0,0
zc,TA305,2012-06-04 09:01:30.253,7440.0000,382,0,0.0000,0.0000,0,0,多换,B,7424.0000,0.0000,0.0000,0.0000,0.0000,7438.0000,0.0000,0.0000,0.0000,0.0000,1,0,0,0,0,1,0,0,0,0
zc,TA305,2012-06-04 09:01:30.690,7440.0000,382,0,0.0000,0.0000,0,0,多换,B,7424.0000,0.0000,0.0000,0.0000,0.0000,7446.0000,0.0000,0.0000,0.0000,0.0000,1,0,0,0,0,1,0,0,0,0
zc,TA305,2012-06-04 09:01:31.457,7440.0000,382,0,0.0000,0.0000,0,0,多换,B,7426.0000,0.0000,0.0000,0.0000,0.0000,7440.0000,0.0000,0.0000,0.0000,0.0000,1,0,0,0,0,1,0,0,0,0
zc,TA305,2012-06-04 09:01:32.020,7442.0000,382,0,0.0000,16.0000,8,8,多换,B,7442.0000,0.0000,0.0000,0.0000,0.0000,7460.0000,0.0000,0.0000,0.0000,0.0000,13,0,0,0,0,1,0,0,0,0
zc,TA305,2012-06-04 09:01:33.177,7442.0000,382,0,0.0000,0.0000,0,0,多换,B,7442.0000,0.0000,0.0000,0.0000,0.0000,7454.0000,0.0000,0.0000,0.0000,0.0000,13,0,0,0,0,1,0,0,0,0
zc,TA305,2012-06-04 09:01:35.457,7442.0000,382,0,0.0000,0.0000,0,0,多换,B,7442.0000,0.0000,0.0000,0.0000,0.0000,7450.0000,0.0000,0.0000,0.0000,0.0000,13,0,0,0,0,1,0,0,0,0
zc,TA305,2012-06-04 09:01:37.253,7442.0000,382,0,0.0000,0.0000,0,0,多换,B,7442.0000,0.0000,0.0000,0.0000,0.0000,7448.0000,0.0000,0.0000,0.0000,0.0000,13,0,0,0,0,1,0,0,0,0
zc,TA305,2012-06-04 09:01:37.973,7442.0000,382,0,0.0000,2.0000,1,1,多换,B,7442.0000,0.0000,0.0000,0.0000,0.0000,7452.0000,0.0000,0.0000,0.0000,0.0000,12,0,0,0,0,6,0,0,0,0
zc,TA305,2012-06-04 09:01:38.473,7442.0000,382,0,0.0000,0.0000,0,0,多换,B,7442.0000,0.0000,0.0000,0.0000,0.0000,7452.0000,0.0000,0.0000,0.0000,0.0000,12,0,0,0,0,5,0,0,0,0
zc,TA305,2012-06-04 09:01:39.270,7442.0000,382,0,0.0000,0.0000,0,0,多换,B,7442.0000,0.0000,0.0000,0.0000,0.0000,7452.0000,0.0000,0.0000,0.0000,0.0000,12,0,0,0,0,7,0,0,0,0
zc,TA305,2012-06-04 09:01:39.707,7442.0000,382,0,0.0000,0.0000,0,0,多换,B,7442.0000,0.0000,0.0000,0.0000,0.0000,7454.0000,0.0000,0.0000,0.0000,0.0000,12,0,0,0,0,2,0,0,0,0
zc,TA305,2012-06-04 09:01:40.520,7442.0000,382,0,0.0000,0.0000,0,0,多换,B,7442.0000,0.0000,0.0000,0.0000,0.0000,7456.0000,0.0000,0.0000,0.0000,0.0000,12,0,0,0,0,10,0,0,0,0
zc,TA305,2012-06-04 09:01:41.707,7442.0000,382,0,0.0000,0.0000,0,0,多换,B,7442.0000,0.0000,0.0000,0.0000,0.0000,7458.0000,0.0000,0.0000,0.0000,0.0000,12,0,0,0,0,8,0,0,0,0
zc,TA305,2012-06-04 09:01:42.440,7442.0000,382,0,0.0000,0.0000,0,0,多换,B,7442.0000,0.0000,0.0000,0.0000,0.0000,7458.0000,0.0000,0.0000,0.0000,0.0000,12,0,0,0,0,6,0,0,0,0
zc,TA305,2012-06-04 09:01:44.237,7442.0000,382,0,0.0000,0.0000,0,0,多换,B,7442.0000,0.0000,0.0000,0.0000,0.0000,7462.0000,0.0000,0.0000,0.0000,0.0000,12,0,0,0,0,2,0,0,0,0
zc,TA305,2012-06-04 09:01:46.363,7442.0000,382,0,0.0000,0.0000,0,0,多换,B,7442.0000,0.0000,0.0000,0.0000,0.0000,7462.0000,0.0000,0.0000,0.0000,0.0000,12,0,0,0,0,2,0,0,0,0
zc,TA305,2012-06-04 09:01:46.723,7442.0000,382,0,0.0000,0.0000,0,0,多换,B,7442.0000,0.0000,0.0000,0.0000,0.0000,7464.0000,0.0000,0.0000,0.0000,0.0000,12,0,0,0,0,10,0,0,0,0
zc,TA305,2012-06-04 09:01:47.487,7442.0000,382,0,0.0000,0.0000,0,0,多换,B,7442.0000,0.0000,0.0000,0.0000,0.0000,7464.0000,0.0000,0.0000,0.0000,0.0000,12,0,0,0,0,1,0,0,0,0
zc,TA305,2012-06-04 09:01:48.003,7442.0000,382,0,0.0000,0.0000,0,0,多换,B,7442.0000,0.0000,0.0000,0.0000,0.0000,7466.0000,0.0000,0.0000,0.0000,0.0000,12,0,0,0,0,10,0,0,0,0
zc,TA305,2012-06-04 09:01:50.487,7442.0000,382,0,0.0000,0.0000,0,0,多换,B,7442.0000,0.0000,0.0000,0.0000,0.0000,7466.0000,0.0000,0.0000,0.0000,0.0000,13,0,0,0,0,10,0,0,0,0
zc,TA305,2012-06-04 09:01:51.723,7442.0000,382,0,0.0000,0.0000,0,0,多换,B,7444.0000,0.0000,0.0000,0.0000,0.0000,7478.0000,0.0000,0.0000,0.0000,0.0000,1,0,0,0,0,10,0,0,0,0
zc,TA305,2012-06-04 09:01:54.737,7442.0000,382,0,0.0000,0.0000,0,0,多换,B,7442.0000,0.0000,0.0000,0.0000,0.0000,7466.0000,0.0000,0.0000,0.0000,0.0000,13,0,0,0,0,10,0,0,0,0
zc,TA305,2012-06-04 09:01:55.503,7442.0000,382,0,0.0000,0.0000,0,0,多换,B,7442.0000,0.0000,0.0000,0.0000,0.0000,7466.0000,0.0000,0.0000,0.0000,0.0000,12,0,0,0,0,10,0,0,0,0
zc,TA305,2012-06-04 09:01:56.957,7442.0000,382,0,0.0000,0.0000,0,0,多换,B,7442.0000,0.0000,0.0000,0.0000,0.0000,7466.0000,0.0000,0.0000,0.0000,0.0000,12,0,0,0,0,6,0,0,0,0
zc,TA305,2012-06-04 09:01:57.207,7442.0000,382,0,0.0000,0.0000,0,0,多换,B,7442.0000,0.0000,0.0000,0.0000,0.0000,7466.0000,0.0000,0.0000,0.0000,0.0000,12,0,0,0,0,1,0,0,0,0
zc,TA305,2012-06-04 09:01:57.973,7442.0000,382,0,0.0000,0.0000,0,0,多换,B,7444.0000,0.0000,0.0000,0.0000,0.0000,7474.0000,0.0000,0.0000,0.0000,0.0000,1,0,0,0,0,10,0,0,0,0
zc,TA305,2012-06-04 09:02:00.427,7442.0000,382,0,0.0000,0.0000,0,0,多换,B,7448.0000,0.0000,0.0000,0.0000,0.0000,7474.0000,0.0000,0.0000,0.0000,0.0000,1,0,0,0,0,10,0,0,0,0
zc,TA305,2012-06-04 09:02:00.723,7442.0000,382,0,0.0000,0.0000,0,0,多换,B,7444.0000,0.0000,0.0000,0.0000,0.0000,7474.0000,0.0000,0.0000,0.0000,0.0000,1,0,0,0,0,10,0,0,0,0
zc,TA305,2012-06-04 09:02:03.957,7442.0000,382,0,0.0000,0.0000,0,0,多换,B,7448.0000,0.0000,0.0000,0.0000,0.0000,7474.0000,0.0000,0.0000,0.0000,0.0000,1,0,0,0,0,10,0,0,0,0
zc,TA305,2012-06-04 09:02:04.737,7444.0000,382,0,0.0000,2.0000,1,1,多换,B,7442.0000,0.0000,0.0000,0.0000,0.0000,7474.0000,0.0000,0.0000,0.0000,0.0000,12,0,0,0,0,10,0,0,0,0
zc,TA305,2012-06-04 09:02:08.753,7444.0000,382,0,0.0000,0.0000,0,0,多换,B,7442.0000,0.0000,0.0000,0.0000,0.0000,7474.0000,0.0000,0.0000,0.0000,0.0000,13,0,0,0,0,10,0,0,0,0
zc,TA305,2012-06-04 09:02:09.987,7444.0000,382,0,0.0000,0.0000,0,0,多换,B,7442.0000,0.0000,0.0000,0.0000,0.0000,7472.0000,0.0000,0.0000,0.0000,0.0000,12,0,0,0,0,3,0,0,0,0
zc,TA305,2012-06-04 09:02:10.707,7444.0000,382,0,0.0000,0.0000,0,0,多换,B,7442.0000,0.0000,0.0000,0.0000,0.0000,7474.0000,0.0000,0.0000,0.0000,0.0000,12,0,0,0,0,2,0,0,0,0
zc,TA305,2012-06-04 09:02:11.207,7444.0000,382,0,0.0000,0.0000,0,0,多换,B,7442.0000,0.0000,0.0000,0.0000,0.0000,7474.0000,0.0000,0.0000,0.0000,0.0000,13,0,0,0,0,2,0,0,0,0
zc,TA305,2012-06-04 09:02:11.690,7444.0000,382,0,0.0000,0.0000,0,0,多换,B,7442.0000,0.0000,0.0000,0.0000,0.0000,7474.0000,0.0000,0.0000,0.0000,0.0000,12,0,0,0,0,3,0,0,0,0
zc,TA305,2012-06-04 09:02:14.253,7444.0000,382,0,0.0000,0.0000,0,0,多换,B,7442.0000,0.0000,0.0000,0.0000,0.0000,7474.0000,0.0000,0.0000,0.0000,0.0000,13,0,0,0,0,2,0,0,0,0
zc,TA305,2012-06-04 09:02:15.177,7444.0000,382,0,0.0000,0.0000,0,0,多换,B,7442.0000,0.0000,0.0000,0.0000,0.0000,7472.0000,0.0000,0.0000,0.0000,0.0000,13,0,0,0,0,1,0,0,0,0
zc,TA305,2012-06-04 09:02:15.987,7444.0000,382,0,0.0000,0.0000,0,0,多换,B,7444.0000,0.0000,0.0000,0.0000,0.0000,7472.0000,0.0000,0.0000,0.0000,0.0000,10,0,0,0,0,1,0,0,0,0
zc,TA305,2012-06-04 09:02:16.427,7444.0000,382,0,0.0000,0.0000,0,0,多换,B,7444.0000,0.0000,0.0000,0.0000,0.0000,7476.0000,0.0000,0.0000,0.0000,0.0000,10,0,0,0,0,1,0,0,0,0
zc,TA305,2012-06-04 09:02:17.207,7444.0000,382,0,0.0000,0.0000,0,0,多换,B,7444.0000,0.0000,0.0000,0.0000,0.0000,7476.0000,0.0000,0.0000,0.0000,0.0000,11,0,0,0,0,1,0,0,0,0
zc,TA305,2012-06-04 09:02:18.003,7444.0000,382,0,0.0000,0.0000,0,0,多换,B,7444.0000,0.0000,0.0000,0.0000,0.0000,7476.0000,0.0000,0.0000,0.0000,0.0000,10,0,0,0,0,1,0,0,0,0
zc,TA305,2012-06-04 09:02:18.520,7444.0000,382,0,0.0000,0.0000,0,0,多换,B,7444.0000,0.0000,0.0000,0.0000,0.0000,7472.0000,0.0000,0.0000,0.0000,0.0000,10,0,0,0,0,1,0,0,0,0
zc,TA305,2012-06-04 09:02:19.690,7444.0000,382,0,0.0000,0.0000,0,0,多换,B,7444.0000,0.0000,0.0000,0.0000,0.0000,7476.0000,0.0000,0.0000,0.0000,0.0000,10,0,0,0,0,1,0,0,0,0
zc,TA305,2012-06-04 09:02:25.707,7444.0000,382,0,0.0000,0.0000,0,0,多换,B,7444.0000,0.0000,0.0000,0.0000,0.0000,7472.0000,0.0000,0.0000,0.0000,0.0000,10,0,0,0,0,1,0,0,0,0
zc,TA305,2012-06-04 09:02:26.237,7444.0000,382,0,0.0000,0.0000,0,0,多换,B,7444.0000,0.0000,0.0000,0.0000,0.0000,7478.0000,0.0000,0.0000,0.0000,0.0000,10,0,0,0,0,1,0,0,0,0
zc,TA305,2012-06-04 09:02:27.957,7444.0000,382,0,0.0000,0.0000,0,0,多换,B,7444.0000,0.0000,0.0000,0.0000,0.0000,7472.0000,0.0000,0.0000,0.0000,0.0000,10,0,0,0,0,1,0,0,0,0
zc,TA305,2012-06-04 09:02:30.940,7444.0000,382,0,0.0000,0.0000,0,0,多换,B,7446.0000,0.0000,0.0000,0.0000,0.0000,7472.0000,0.0000,0.0000,0.0000,0.0000,1,0,0,0,0,1,0,0,0,0
zc,TA305,2012-06-04 09:02:31.440,7444.0000,382,0,0.0000,0.0000,0,0,多换,B,7444.0000,0.0000,0.0000,0.0000,0.0000,7472.0000,0.0000,0.0000,0.0000,0.0000,11,0,0,0,0,1,0,0,0,0
zc,TA305,2012-06-04 09:02:32.690,7444.0000,382,0,0.0000,0.0000,0,0,多换,B,7446.0000,0.0000,0.0000,0.0000,0.0000,7472.0000,0.0000,0.0000,0.0000,0.0000,1,0,0,0,0,1,0,0,0,0
zc,TA305,2012-06-04 09:02:35.207,7444.0000,382,0,0.0000,0.0000,0,0,多换,B,7446.0000,0.0000,0.0000,0.0000,0.0000,7470.0000,0.0000,0.0000,0.0000,0.0000,4,0,0,0,0,10,0,0,0,0
zc,TA305,2012-06-04 09:02:39.440,7444.0000,382,0,0.0000,0.0000,0,0,多换,B,7450.0000,0.0000,0.0000,0.0000,0.0000,7470.0000,0.0000,0.0000,0.0000,0.0000,1,0,0,0,0,10,0,0,0,0
zc,TA305,2012-06-04 09:02:40.753,7444.0000,382,0,0.0000,0.0000,0,0,多换,B,7454.0000,0.0000,0.0000,0.0000,0.0000,7470.0000,0.0000,0.0000,0.0000,0.0000,1,0,0,0,0,10,0,0,0,0
zc,TA305,2012-06-04 09:02:45.237,7444.0000,382,0,0.0000,0.0000,0,0,多换,B,7456.0000,0.0000,0.0000,0.0000,0.0000,7470.0000,0.0000,0.0000,0.0000,0.0000,1,0,0,0,0,10,0,0,0,0
zc,TA305,2012-06-04 09:02:45.737,7444.0000,382,0,0.0000,0.0000,0,0,多换,B,7458.0000,0.0000,0.0000,0.0000,0.0000,7470.0000,0.0000,0.0000,0.0000,0.0000,1,0,0,0,0,10,0,0,0,0
zc,TA305,2012-06-04 09:02:46.580,7444.0000,382,0,0.0000,0.0000,0,0,多换,B,7456.0000,0.0000,0.0000,0.0000,0.0000,7470.0000,0.0000,0.0000,0.0000,0.0000,1,0,0,0,0,10,0,0,0,0
zc,TA305,2012-06-04 09:02:47.033,7444.0000,382,0,0.0000,0.0000,0,0,多换,B,7458.0000,0.0000,0.0000,0.0000,0.0000,7470.0000,0.0000,0.0000,0.0000,0.0000,1,0,0,0,0,10,0,0,0,0
zc,TA305,2012-06-04 09:02:50.503,7470.0000,380,-2,0.0000,2.0000,0,2,双平,B,7464.0000,0.0000,0.0000,0.0000,0.0000,7470.0000,0.0000,0.0000,0.0000,0.0000,1,0,0,0,0,9,0,0,0,0
zc,TA305,2012-06-04 09:02:50.677,7470.0000,380,0,0.0000,0.0000,0,0,多换,B,7460.0000,0.0000,0.0000,0.0000,0.0000,7470.0000,0.0000,0.0000,0.0000,0.0000,1,0,0,0,0,9,0,0,0,0
zc,TA305,2012-06-04 09:02:51.957,7470.0000,380,0,0.0000,0.0000,0,0,多换,B,7462.0000,0.0000,0.0000,0.0000,0.0000,7470.0000,0.0000,0.0000,0.0000,0.0000,1,0,0,0,0,9,0,0,0,0
zc,TA305,2012-06-04 09:02:52.723,7470.0000,374,-6,0.0000,6.0000,0,6,双平,B,7460.0000,0.0000,0.0000,0.0000,0.0000,7470.0000,0.0000,0.0000,0.0000,0.0000,1,0,0,0,0,6,0,0,0,0
zc,TA305,2012-06-04 09:02:53.207,7470.0000,374,0,0.0000,0.0000,0,0,多换,B,7464.0000,0.0000,0.0000,0.0000,0.0000,7470.0000,0.0000,0.0000,0.0000,0.0000,1,0,0,0,0,6,0,0,0,0
zc,TA305,2012-06-04 09:02:54.223,7470.0000,374,0,0.0000,0.0000,0,0,多换,B,7462.0000,0.0000,0.0000,0.0000,0.0000,7470.0000,0.0000,0.0000,0.0000,0.0000,1,0,0,0,0,6,0,0,0,0
zc,TA305,2012-06-04 09:02:55.487,7470.0000,374,0,0.0000,0.0000,0,0,多换,B,7458.0000,0.0000,0.0000,0.0000,0.0000,7470.0000,0.0000,0.0000,0.0000,0.0000,1,0,0,0,0,6,0,0,0,0
zc,TA305,2012-06-04 09:02:55.987,7470.0000,374,0,0.0000,0.0000,0,0,多换,B,7462.0000,0.0000,0.0000,0.0000,0.0000,7470.0000,0.0000,0.0000,0.0000,0.0000,1,0,0,0,0,6,0,0,0,0
zc,TA305,2012-06-04 09:02:56.770,7470.0000,374,0,0.0000,0.0000,0,0,多换,B,7464.0000,0.0000,0.0000,0.0000,0.0000,7470.0000,0.0000,0.0000,0.0000,0.0000,2,0,0,0,0,6,0,0,0,0
zc,TA305,2012-06-04 09:02:57.237,7470.0000,374,0,0.0000,0.0000,0,0,多换,B,7452.0000,0.0000,0.0000,0.0000,0.0000,7470.0000,0.0000,0.0000,0.0000,0.0000,2,0,0,0,0,6,0,0,0,0
zc,TA305,2012-06-04 09:02:57.973,7470.0000,374,0,0.0000,0.0000,0,0,多换,B,7462.0000,0.0000,0.0000,0.0000,0.0000,7470.0000,0.0000,0.0000,0.0000,0.0000,1,0,0,0,0,6,0,0,0,0
zc,TA305,2012-06-04 09:02:59.223,7470.0000,374,0,0.0000,0.0000,0,0,多换,B,7454.0000,0.0000,0.0000,0.0000,0.0000,7470.0000,0.0000,0.0000,0.0000,0.0000,1,0,0,0,0,6,0,0,0,0
zc,TA305,2012-06-04 09:03:00.020,7470.0000,374,0,0.0000,0.0000,0,0,多换,B,7456.0000,0.0000,0.0000,0.0000,0.0000,7470.0000,0.0000,0.0000,0.0000,0.0000,1,0,0,0,0,6,0,0,0,0
zc,TA305,2012-06-04 09:03:00.473,7456.0000,372,-2,0.0000,2.0000,0,2,双平,S,7462.0000,0.0000,0.0000,0.0000,0.0000,7470.0000,0.0000,0.0000,0.0000,0.0000,1,0,0,0,0,6,0,0,0,0
zc,TA305,2012-06-04 09:03:01.020,7456.0000,372,0,0.0000,0.0000,0,0,空换,S,7468.0000,0.0000,0.0000,0.0000,0.0000,7470.0000,0.0000,0.0000,0.0000,0.0000,1,0,0,0,0,6,0,0,0,0
zc,TA305,2012-06-04 09:03:01.520,7470.0000,372,0,0.0000,12.0000,6,6,多换,B,7470.0000,0.0000,0.0000,0.0000,0.0000,7482.0000,0.0000,0.0000,0.0000,0.0000,3,0,0,0,0,1,0,0,0,0
zc,TA305,2012-06-04 09:03:02.237,7470.0000,372,0,0.0000,0.0000,0,0,多换,B,7470.0000,0.0000,0.0000,0.0000,0.0000,7486.0000,0.0000,0.0000,0.0000,0.0000,3,0,0,0,0,1,0,0,0,0
zc,TA305,2012-06-04 09:03:03.473,7470.0000,372,0,0.0000,0.0000,0,0,多换,B,7470.0000,0.0000,0.0000,0.0000,0.0000,7478.0000,0.0000,0.0000,0.0000,0.0000,3,0,0,0,0,1,0,0,0,0
zc,TA305,2012-06-04 09:03:03.987,7478.0000,374,2,0.0000,2.0000,2,0,双开,B,7470.0000,0.0000,0.0000,0.0000,0.0000,7496.0000,0.0000,0.0000,0.0000,0.0000,3,0,0,0,0,2,0,0,0,0
zc,TA305,2012-06-04 09:03:04.770,7478.0000,374,0,0.0000,0.0000,0,0,多换,B,7456.0000,0.0000,0.0000,0.0000,0.0000,7484.0000,0.0000,0.0000,0.0000,0.0000,1,0,0,0,0,1,0,0,0,0
zc,TA305,2012-06-04 09:03:05.190,7478.0000,374,0,0.0000,0.0000,0,0,多换,B,7456.0000,0.0000,0.0000,0.0000,0.0000,7484.0000,0.0000,0.0000,0.0000,0.0000,1,0,0,0,0,2,0,0,0,0
zc,TA305,2012-06-04 09:03:05.973,7478.0000,374,0,0.0000,0.0000,0,0,多换,B,7456.0000,0.0000,0.0000,0.0000,0.0000,7490.0000,0.0000,0.0000,0.0000,0.0000,1,0,0,0,0,2,0,0,0,0
zc,TA305,2012-06-04 09:03:07.207,7478.0000,374,0,0.0000,0.0000,0,0,多换,B,7456.0000,0.0000,0.0000,0.0000,0.0000,7486.0000,0.0000,0.0000,0.0000,0.0000,2,0,0,0,0,2,0,0,0,0
zc,TA305,2012-06-04 09:03:08.957,7478.0000,374,0,0.0000,0.0000,0,0,多换,B,7456.0000,0.0000,0.0000,0.0000,0.0000,7490.0000,0.0000,0.0000,0.0000,0.0000,1,0,0,0,0,2,0,0,0,0
zc,TA305,2012-06-04 09:03:09.473,7478.0000,374,0,0.0000,0.0000,0,0,多换,B,7456.0000,0.0000,0.0000,0.0000,0.0000,7490.0000,0.0000,0.0000,0.0000,0.0000,2,0,0,0,0,2,0,0,0,0
zc,TA305,2012-06-04 09:03:10.473,7478.0000,374,0,0.0000,0.0000,0,0,多换,B,7464.0000,0.0000,0.0000,0.0000,0.0000,7490.0000,0.0000,0.0000,0.0000,0.0000,1,0,0,0,0,2,0,0,0,0
zc,TA305,2012-06-04 09:03:13.237,7478.0000,374,0,0.0000,0.0000,0,0,多换,B,7462.0000,0.0000,0.0000,0.0000,0.0000,7490.0000,0.0000,0.0000,0.0000,0.0000,1,0,0,0,0,2,0,0,0,0
zc,TA305,2012-06-04 09:03:14.487,7478.0000,374,0,0.0000,0.0000,0,0,多换,B,7462.0000,0.0000,0.0000,0.0000,0.0000,7488.0000,0.0000,0.0000,0.0000,0.0000,1,0,0,0,0,2,0,0,0,0
zc,TA305,2012-06-04 09:03:16.223,7478.0000,374,0,0.0000,0.0000,0,0,多换,B,7460.0000,0.0000,0.0000,0.0000,0.0000,7488.0000,0.0000,0.0000,0.0000,0.0000,1,0,0,0,0,2,0,0,0,0
zc,TA305,2012-06-04 09:03:18.237,7478.0000,374,0,0.0000,0.0000,0,0,多换,B,7458.0000,0.0000,0.0000,0.0000,0.0000,7488.0000,0.0000,0.0000,0.0000,0.0000,1,0,0,0,0,2,0,0,0,0
zc,TA305,2012-06-04 09:03:19.707,7478.0000,374,0,0.0000,0.0000,0,0,多换,B,7458.0000,0.0000,0.0000,0.0000,0.0000,7486.0000,0.0000,0.0000,0.0000,0.0000,1,0,0,0,0,2,0,0,0,0
zc,TA305,2012-06-04 09:03:28.707,7478.0000,374,0,0.0000,0.0000,0,0,多换,B,7456.0000,0.0000,0.0000,0.0000,0.0000,7486.0000,0.0000,0.0000,0.0000,0.0000,1,0,0,0,0,2,0,0,0,0
zc,TA305,2012-06-04 09:03:29.237,7478.0000,374,0,0.0000,0.0000,0,0,多换,B,7454.0000,0.0000,0.0000,0.0000,0.0000,7486.0000,0.0000,0.0000,0.0000,0.0000,1,0,0,0,0,2,0,0,0,0
zc,TA305,2012-06-04 09:03:29.957,7478.0000,374,0,0.0000,0.0000,0,0,多换,B,7456.0000,0.0000,0.0000,0.0000,0.0000,7486.0000,0.0000,0.0000,0.0000,0.0000,1,0,0,0,0,2,0,0,0,0
zc,TA305,2012-06-04 09:03:30.690,7478.0000,374,0,0.0000,0.0000,0,0,多换,B,7478.0000,0.0000,0.0000,0.0000,0.0000,7486.0000,0.0000,0.0000,0.0000,0.0000,1,0,0,0,0,2,0,0,0,0
zc,TA305,2012-06-04 09:03:31.190,7478.0000,374,0,0.0000,0.0000,0,0,多换,B,7478.0000,0.0000,0.0000,0.0000,0.0000,7482.0000,0.0000,0.0000,0.0000,0.0000,1,0,0,0,0,2,0,0,0,0
zc,TA305,2012-06-04 09:03:32.753,7478.0000,376,2,0.0000,2.0000,2,0,双开,B,7456.0000,0.0000,0.0000,0.0000,0.0000,7482.0000,0.0000,0.0000,0.0000,0.0000,1,0,0,0,0,1,0,0,0,0
zc,TA305,2012-06-04 09:03:35.020,7478.0000,376,0,0.0000,0.0000,0,0,多换,B,7454.0000,0.0000,0.0000,0.0000,0.0000,7482.0000,0.0000,0.0000,0.0000,0.0000,1,0,0,0,0,1,0,0,0,0
zc,TA305,2012-06-04 09:03:35.503,7478.0000,376,0,0.0000,0.0000,0,0,多换,B,7450.0000,0.0000,0.0000,0.0000,0.0000,7478.0000,0.0000,0.0000,0.0000,0.0000,1,0,0,0,0,1,0,0,0,0
zc,TA305,2012-06-04 09:03:36.253,7478.0000,376,0,0.0000,0.0000,0,0,多换,B,7448.0000,0.0000,0.0000,0.0000,0.0000,7478.0000,0.0000,0.0000,0.0000,0.0000,1,0,0,0,0,1,0,0,0,0
zc,TA305,2012-06-04 09:03:37.440,7478.0000,376,0,0.0000,0.0000,0,0,多换,B,7446.0000,0.0000,0.0000,0.0000,0.0000,7478.0000,0.0000,0.0000,0.0000,0.0000,1,0,0,0,0,1,0,0,0,0
zc,TA305,2012-06-04 09:03:39.190,7478.0000,396,20,0.0000,20.0000,20,0,双开,B,7446.0000,0.0000,0.0000,0.0000,0.0000,7482.0000,0.0000,0.0000,0.0000,0.0000,1,0,0,0,0,2,0,0,0,0
zc,TA305,2012-06-04 09:03:40.503,7478.0000,396,0,0.0000,0.0000,0,0,多换,B,7446.0000,0.0000,0.0000,0.0000,0.0000,7476.0000,0.0000,0.0000,0.0000,0.0000,1,0,0,0,0,2,0,0,0,0
zc,TA305,2012-06-04 09:03:42.973,7478.0000,396,0,0.0000,0.0000,0,0,多换,B,7450.0000,0.0000,0.0000,0.0000,0.0000,7480.0000,0.0000,0.0000,0.0000,0.0000,1,0,0,0,0,1,0,0,0,0
zc,TA305,2012-06-04 09:03:46.377,7478.0000,396,0,0.0000,0.0000,0,0,多换,B,7450.0000,0.0000,0.0000,0.0000,0.0000,7480.0000,0.0000,0.0000,0.0000,0.0000,1,0,0,0,0,1,0,0,0,0
zc,TA305,2012-06-04 09:03:46.520,7480.0000,402,6,0.0000,6.0000,6,0,双开,B,7480.0000,0.0000,0.0000,0.0000,0.0000,7486.0000,0.0000,0.0000,0.0000,0.0000,1,0,0,0,0,2,0,0,0,0
zc,TA305,2012-06-04 09:03:47.737,7480.0000,404,2,0.0000,2.0000,2,0,双开,B,7446.0000,0.0000,0.0000,0.0000,0.0000,7480.0000,0.0000,0.0000,0.0000,0.0000,1,0,0,0,0,1,0,0,0,0
zc,TA305,2012-06-04 09:03:48.410,7480.0000,404,0,0.0000,0.0000,0,0,多换,B,7446.0000,0.0000,0.0000,0.0000,0.0000,7480.0000,0.0000,0.0000,0.0000,0.0000,1,0,0,0,0,8,0,0,0,0
zc,TA305,2012-06-04 09:03:49.677,7480.0000,404,0,0.0000,0.0000,0,0,多换,B,7448.0000,0.0000,0.0000,0.0000,0.0000,7480.0000,0.0000,0.0000,0.0000,0.0000,1,0,0,0,0,8,0,0,0,0
zc,TA305,2012-06-04 09:03:50.223,7480.0000,404,0,0.0000,0.0000,0,0,多换,B,7448.0000,0.0000,0.0000,0.0000,0.0000,7480.0000,0.0000,0.0000,0.0000,0.0000,1,0,0,0,0,7,0,0,0,0
zc,TA305,2012-06-04 09:03:51.377,7480.0000,404,0,0.0000,0.0000,0,0,多换,B,7448.0000,0.0000,0.0000,0.0000,0.0000,7480.0000,0.0000,0.0000,0.0000,0.0000,1,0,0,0,0,3,0,0,0,0
zc,TA305,2012-06-04 09:03:52.177,7480.0000,404,0,0.0000,0.0000,0,0,多换,B,7448.0000,0.0000,0.0000,0.0000,0.0000,7480.0000,0.0000,0.0000,0.0000,0.0000,1,0,0,0,0,2,0,0,0,0
zc,TA305,2012-06-04 09:03:52.707,7480.0000,404,0,0.0000,0.0000,0,0,多换,B,7452.0000,0.0000,0.0000,0.0000,0.0000,7486.0000,0.0000,0.0000,0.0000,0.0000,1,0,0,0,0,2,0,0,0,0
zc,TA305,2012-06-04 09:03:53.753,7480.0000,404,0,0.0000,0.0000,0,0,多换,B,7448.0000,0.0000,0.0000,0.0000,0.0000,7486.0000,0.0000,0.0000,0.0000,0.0000,1,0,0,0,0,2,0,0,0,0
zc,TA305,2012-06-04 09:03:54.457,7480.0000,404,0,0.0000,0.0000,0,0,多换,B,7450.0000,0.0000,0.0000,0.0000,0.0000,7486.0000,0.0000,0.0000,0.0000,0.0000,1,0,0,0,0,2,0,0,0,0
zc,TA305,2012-06-04 09:03:55.207,7480.0000,404,0,0.0000,0.0000,0,0,多换,B,7450.0000,0.0000,0.0000,0.0000,0.0000,7480.0000,0.0000,0.0000,0.0000,0.0000,1,0,0,0,0,1,0,0,0,0
zc,TA305,2012-06-04 09:03:55.927,7480.0000,404,0,0.0000,0.0000,0,0,多换,B,7450.0000,0.0000,0.0000,0.0000,0.0000,7478.0000,0.0000,0.0000,0.0000,0.0000,1,0,0,0,0,1,0,0,0,0
zc,TA305,2012-06-04 09:03:56.457,7480.0000,404,0,0.0000,0.0000,0,0,多换,B,7452.0000,0.0000,0.0000,0.0000,0.0000,7484.0000,0.0000,0.0000,0.0000,0.0000,1,0,0,0,0,1,0,0,0,0
zc,TA305,2012-06-04 09:03:57.690,7480.0000,404,0,0.0000,0.0000,0,0,多换,B,7450.0000,0.0000,0.0000,0.0000,0.0000,7484.0000,0.0000,0.0000,0.0000,0.0000,1,0,0,0,0,1,0,0,0,0
zc,TA305,2012-06-04 09:03:58.973,7480.0000,404,0,0.0000,0.0000,0,0,多换,B,7450.0000,0.0000,0.0000,0.0000,0.0000,7478.0000,0.0000,0.0000,0.0000,0.0000,1,0,0,0,0,1,0,0,0,0
zc,TA305,2012-06-04 09:04:00.487,7480.0000,404,0,0.0000,0.0000,0,0,多换,B,7450.0000,0.0000,0.0000,0.0000,0.0000,7484.0000,0.0000,0.0000,0.0000,0.0000,1,0,0,0,0,1,0,0,0,0
zc,TA305,2012-06-04 09:04:02.190,7480.0000,404,0,0.0000,0.0000,0,0,多换,B,7452.0000,0.0000,0.0000,0.0000,0.0000,7484.0000,0.0000,0.0000,0.0000,0.0000,1,0,0,0,0,1,0,0,0,0
zc,TA305,2012-06-04 09:04:03.003,7480.0000,404,0,0.0000,0.0000,0,0,多换,B,7450.0000,0.0000,0.0000,0.0000,0.0000,7484.0000,0.0000,0.0000,0.0000,0.0000,1,0,0,0,0,1,0,0,0,0
zc,TA305,2012-06-04 09:04:06.723,7480.0000,404,0,0.0000,0.0000,0,0,多换,B,7450.0000,0.0000,0.0000,0.0000,0.0000,7484.0000,0.0000,0.0000,0.0000,0.0000,10,0,0,0,0,1,0,0,0,0
zc,TA305,2012-06-04 09:04:07.207,7480.0000,404,0,0.0000,0.0000,0,0,多换,B,7450.0000,0.0000,0.0000,0.0000,0.0000,7480.0000,0.0000,0.0000,0.0000,0.0000,10,0,0,0,0,1,0,0,0,0
zc,TA305,2012-06-04 09:04:09.207,7480.0000,404,0,0.0000,0.0000,0,0,多换,B,7450.0000,0.0000,0.0000,0.0000,0.0000,7476.0000,0.0000,0.0000,0.0000,0.0000,10,0,0,0,0,1,0,0,0,0
zc,TA305,2012-06-04 09:04:13.723,7480.0000,404,0,0.0000,0.0000,0,0,多换,B,7448.0000,0.0000,0.0000,0.0000,0.0000,7476.0000,0.0000,0.0000,0.0000,0.0000,22,0,0,0,0,1,0,0,0,0
zc,TA305,2012-06-04 09:04:14.473,7480.0000,404,0,0.0000,0.0000,0,0,多换,B,7448.0000,0.0000,0.0000,0.0000,0.0000,7474.0000,0.0000,0.0000,0.0000,0.0000,22,0,0,0,0,1,0,0,0,0
zc,TA305,2012-06-04 09:04:14.940,7480.0000,404,0,0.0000,0.0000,0,0,多换,B,7456.0000,0.0000,0.0000,0.0000,0.0000,7474.0000,0.0000,0.0000,0.0000,0.0000,1,0,0,0,0,1,0,0,0,0
zc,TA305,2012-06-04 09:04:18.770,7480.0000,404,0,0.0000,0.0000,0,0,多换,B,7454.0000,0.0000,0.0000,0.0000,0.0000,7474.0000,0.0000,0.0000,0.0000,0.0000,1,0,0,0,0,1,0,0,0,0
zc,TA305,2012-06-04 09:04:19.237,7480.0000,404,0,0.0000,0.0000,0,0,多换,B,7452.0000,0.0000,0.0000,0.0000,0.0000,7474.0000,0.0000,0.0000,0.0000,0.0000,1,0,0,0,0,1,0,0,0,0
zc,TA305,2012-06-04 09:04:20.410,7480.0000,404,0,0.0000,0.0000,0,0,多换,B,7452.0000,0.0000,0.0000,0.0000,0.0000,7472.0000,0.0000,0.0000,0.0000,0.0000,1,0,0,0,0,1,0,0,0,0
zc,TA305,2012-06-04 09:04:21.223,7480.0000,404,0,0.0000,0.0000,0,0,多换,B,7448.0000,0.0000,0.0000,0.0000,0.0000,7472.0000,0.0000,0.0000,0.0000,0.0000,13,0,0,0,0,1,0,0,0,0
zc,TA305,2012-06-04 09:04:22.427,7480.0000,404,0,0.0000,0.0000,0,0,多换,B,7450.0000,0.0000,0.0000,0.0000,0.0000,7472.0000,0.0000,0.0000,0.0000,0.0000,1,0,0,0,0,1,0,0,0,0
zc,TA305,2012-06-04 09:04:22.723,7480.0000,404,0,0.0000,0.0000,0,0,多换,B,7448.0000,0.0000,0.0000,0.0000,0.0000,7472.0000,0.0000,0.0000,0.0000,0.0000,13,0,0,0,0,1,0,0,0,0
zc,TA305,2012-06-04 09:04:23.440,7480.0000,404,0,0.0000,0.0000,0,0,多换,B,7448.0000,0.0000,0.0000,0.0000,0.0000,7466.0000,0.0000,0.0000,0.0000,0.0000,13,0,0,0,0,1,0,0,0,0
zc,TA305,2012-06-04 09:04:24.707,7480.0000,404,0,0.0000,0.0000,0,0,多换,B,7448.0000,0.0000,0.0000,0.0000,0.0000,7474.0000,0.0000,0.0000,0.0000,0.0000,13,0,0,0,0,1,0,0,0,0
zc,TA305,2012-06-04 09:04:26.973,7480.0000,404,0,0.0000,0.0000,0,0,多换,B,7448.0000,0.0000,0.0000,0.0000,0.0000,7464.0000,0.0000,0.0000,0.0000,0.0000,12,0,0,0,0,1,0,0,0,0
zc,TA305,2012-06-04 09:04:31.677,7480.0000,404,0,0.0000,0.0000,0,0,多换,B,7448.0000,0.0000,0.0000,0.0000,0.0000,7474.0000,0.0000,0.0000,0.0000,0.0000,12,0,0,0,0,1,0,0,0,0
zc,TA305,2012-06-04 09:04:32.223,7480.0000,404,0,0.0000,0.0000,0,0,多换,B,7450.0000,0.0000,0.0000,0.0000,0.0000,7474.0000,0.0000,0.0000,0.0000,0.0000,1,0,0,0,0,1,0,0,0,0
zc,TA305,2012-06-04 09:04:32.940,7480.0000,404,0,0.0000,0.0000,0,0,多换,B,7448.0000,0.0000,0.0000,0.0000,0.0000,7474.0000,0.0000,0.0000,0.0000,0.0000,13,0,0,0,0,1,0,0,0,0
zc,TA305,2012-06-04 09:04:37.957,7480.0000,404,0,0.0000,0.0000,0,0,多换,B,7450.0000,0.0000,0.0000,0.0000,0.0000,7474.0000,0.0000,0.0000,0.0000,0.0000,1,0,0,0,0,1,0,0,0,0
zc,TA305,2012-06-04 09:04:40.427,7480.0000,404,0,0.0000,0.0000,0,0,多换,B,7448.0000,0.0000,0.0000,0.0000,0.0000,7466.0000,0.0000,0.0000,0.0000,0.0000,13,0,0,0,0,1,0,0,0,0
zc,TA305,2012-06-04 09:04:41.487,7480.0000,404,0,0.0000,0.0000,0,0,多换,B,7448.0000,0.0000,0.0000,0.0000,0.0000,7466.0000,0.0000,0.0000,0.0000,0.0000,12,0,0,0,0,1,0,0,0,0
zc,TA305,2012-06-04 09:04:43.440,7480.0000,404,0,0.0000,0.0000,0,0,多换,B,7448.0000,0.0000,0.0000,0.0000,0.0000,7464.0000,0.0000,0.0000,0.0000,0.0000,12,0,0,0,0,1,0,0,0,0
zc,TA305,2012-06-04 09:04:45.987,7480.0000,404,0,0.0000,0.0000,0,0,多换,B,7448.0000,0.0000,0.0000,0.0000,0.0000,7462.0000,0.0000,0.0000,0.0000,0.0000,12,0,0,0,0,1,0,0,0,0
zc,TA305,2012-06-04 09:04:48.190,7480.0000,404,0,0.0000,0.0000,0,0,多换,B,7448.0000,0.0000,0.0000,0.0000,0.0000,7460.0000,0.0000,0.0000,0.0000,0.0000,12,0,0,0,0,1,0,0,0,0
zc,TA305,2012-06-04 09:04:49.940,7480.0000,404,0,0.0000,0.0000,0,0,多换,B,7448.0000,0.0000,0.0000,0.0000,0.0000,7458.0000,0.0000,0.0000,0.0000,0.0000,12,0,0,0,0,1,0,0,0,0
zc,TA305,2012-06-04 09:04:54.987,7480.0000,404,0,0.0000,0.0000,0,0,多换,B,7448.0000,0.0000,0.0000,0.0000,0.0000,7456.0000,0.0000,0.0000,0.0000,0.0000,12,0,0,0,0,1,0,0,0,0
zc,TA305,2012-06-04 09:04:56.707,7480.0000,404,0,0.0000,0.0000,0,0,多换,B,7448.0000,0.0000,0.0000,0.0000,0.0000,7454.0000,0.0000,0.0000,0.0000,0.0000,12,0,0,0,0,1,0,0,0,0
zc,TA305,2012-06-04 09:04:57.177,7480.0000,404,0,0.0000,0.0000,0,0,多换,B,7448.0000,0.0000,0.0000,0.0000,0.0000,7456.0000,0.0000,0.0000,0.0000,0.0000,12,0,0,0,0,1,0,0,0,0
zc,TA305,2012-06-04 09:04:59.473,7480.0000,404,0,0.0000,0.0000,0,0,多换,B,7448.0000,0.0000,0.0000,0.0000,0.0000,7458.0000,0.0000,0.0000,0.0000,0.0000,12,0,0,0,0,1,0,0,0,0
zc,TA305,2012-06-04 09:05:01.457,7480.0000,404,0,0.0000,0.0000,0,0,多换,B,7448.0000,0.0000,0.0000,0.0000,0.0000,7456.0000,0.0000,0.0000,0.0000,0.0000,12,0,0,0,0,1,0,0,0,0
zc,TA305,2012-06-04 09:05:02.690,7480.0000,404,0,0.0000,0.0000,0,0,多换,B,7448.0000,0.0000,0.0000,0.0000,0.0000,7452.0000,0.0000,0.0000,0.0000,0.0000,12,0,0,0,0,1,0,0,0,0
zc,TA305,2012-06-04 09:05:03.223,7480.0000,404,0,0.0000,0.0000,0,0,多换,B,7448.0000,0.0000,0.0000,0.0000,0.0000,7456.0000,0.0000,0.0000,0.0000,0.0000,12,0,0,0,0,1,0,0,0,0
zc,TA305,2012-06-04 09:05:03.957,7480.0000,404,0,0.0000,0.0000,0,0,多换,B,7448.0000,0.0000,0.0000,0.0000,0.0000,7454.0000,0.0000,0.0000,0.0000,0.0000,12,0,0,0,0,1,0,0,0,0
zc,TA305,2012-06-04 09:05:04.520,7480.0000,404,0,0.0000,0.0000,0,0,多换,B,7448.0000,0.0000,0.0000,0.0000,0.0000,7456.0000,0.0000,0.0000,0.0000,0.0000,12,0,0,0,0,1,0,0,0,0
zc,TA305,2012-06-04 09:05:06.177,7480.0000,404,0,0.0000,0.0000,0,0,多换,B,7448.0000,0.0000,0.0000,0.0000,0.0000,7454.0000,0.0000,0.0000,0.0000,0.0000,12,0,0,0,0,1,0,0,0,0
zc,TA305,2012-06-04 09:05:08.223,7448.0000,404,0,0.0000,24.0000,12,12,空换,S,7444.0000,0.0000,0.0000,0.0000,0.0000,7452.0000,0.0000,0.0000,0.0000,0.0000,10,0,0,0,0,1,0,0,0,0
zc,TA305,2012-06-04 09:05:08.690,7448.0000,404,0,0.0000,0.0000,0,0,空换,S,7444.0000,0.0000,0.0000,0.0000,0.0000,7452.0000,0.0000,0.0000,0.0000,0.0000,10,0,0,0,0,2,0,0,0,0
zc,TA305,2012-06-04 09:05:09.457,7448.0000,404,0,0.0000,0.0000,0,0,空换,S,7444.0000,0.0000,0.0000,0.0000,0.0000,7452.0000,0.0000,0.0000,0.0000,0.0000,10,0,0,0,0,4,0,0,0,0
zc,TA305,2012-06-04 09:05:10.003,7448.0000,404,0,0.0000,0.0000,0,0,空换,S,7444.0000,0.0000,0.0000,0.0000,0.0000,7448.0000,0.0000,0.0000,0.0000,0.0000,10,0,0,0,0,1,0,0,0,0
zc,TA305,2012-06-04 09:05:10.707,7448.0000,404,0,0.0000,0.0000,0,0,空换,S,7444.0000,0.0000,0.0000,0.0000,0.0000,7448.0000,0.0000,0.0000,0.0000,0.0000,10,0,0,0,0,2,0,0,0,0
zc,TA305,2012-06-04 09:05:11.973,7448.0000,404,0,0.0000,0.0000,0,0,空换,S,7444.0000,0.0000,0.0000,0.0000,0.0000,7448.0000,0.0000,0.0000,0.0000,0.0000,10,0,0,0,0,7,0,0,0,0
zc,TA305,2012-06-04 09:05:12.487,7444.0000,424,20,0.0000,20.0000,20,0,双开,S,7422.0000,0.0000,0.0000,0.0000,0.0000,7444.0000,0.0000,0.0000,0.0000,0.0000,1,0,0,0,0,1,0,0,0,0
zc,TA305,2012-06-04 09:05:13.177,7444.0000,424,0,0.0000,0.0000,0,0,空换,S,7422.0000,0.0000,0.0000,0.0000,0.0000,7444.0000,0.0000,0.0000,0.0000,0.0000,1,0,0,0,0,8,0,0,0,0
zc,TA305,2012-06-04 09:05:16.987,7444.0000,424,0,0.0000,0.0000,0,0,空换,S,7420.0000,0.0000,0.0000,0.0000,0.0000,7438.0000,0.0000,0.0000,0.0000,0.0000,1,0,0,0,0,8,0,0,0,0
zc,TA305,2012-06-04 09:05:17.753,7444.0000,424,0,0.0000,0.0000,0,0,空换,S,7418.0000,0.0000,0.0000,0.0000,0.0000,7438.0000,0.0000,0.0000,0.0000,0.0000,1,0,0,0,0,8,0,0,0,0
zc,TA305,2012-06-04 09:05:18.237,7444.0000,424,0,0.0000,0.0000,0,0,空换,S,7412.0000,0.0000,0.0000,0.0000,0.0000,7438.0000,0.0000,0.0000,0.0000,0.0000,1,0,0,0,0,8,0,0,0,0
zc,TA305,2012-06-04 09:05:18.957,7444.0000,424,0,0.0000,0.0000,0,0,空换,S,7410.0000,0.0000,0.0000,0.0000,0.0000,7434.0000,0.0000,0.0000,0.0000,0.0000,1,0,0,0,0,8,0,0,0,0
zc,TA305,2012-06-04 09:05:22.003,7444.0000,424,0,0.0000,0.0000,0,0,空换,S,7406.0000,0.0000,0.0000,0.0000,0.0000,7434.0000,0.0000,0.0000,0.0000,0.0000,1,0,0,0,0,8,0,0,0,0
zc,TA305,2012-06-04 09:05:23.927,7444.0000,424,0,0.0000,0.0000,0,0,空换,S,7406.0000,0.0000,0.0000,0.0000,0.0000,7426.0000,0.0000,0.0000,0.0000,0.0000,1,0,0,0,0,2,0,0,0,0
zc,TA305,2012-06-04 09:05:24.457,7444.0000,424,0,0.0000,0.0000,0,0,空换,S,7404.0000,0.0000,0.0000,0.0000,0.0000,7422.0000,0.0000,0.0000,0.0000,0.0000,1,0,0,0,0,8,0,0,0,0
zc,TA305,2012-06-04 09:05:27.223,7444.0000,424,0,0.0000,0.0000,0,0,空换,S,7404.0000,0.0000,0.0000,0.0000,0.0000,7424.0000,0.0000,0.0000,0.0000,0.0000,1,0,0,0,0,8,0,0,0,0
zc,TA305,2012-06-04 09:05:28.457,7444.0000,424,0,0.0000,0.0000,0,0,空换,S,7406.0000,0.0000,0.0000,0.0000,0.0000,7424.0000,0.0000,0.0000,0.0000,0.0000,1,0,0,0,0,8,0,0,0,0
zc,TA305,2012-06-04 09:05:30.190,7444.0000,424,0,0.0000,0.0000,0,0,空换,S,7404.0000,0.0000,0.0000,0.0000,0.0000,7424.0000,0.0000,0.0000,0.0000,0.0000,1,0,0,0,0,3,0,0,0,0
zc,TA305,2012-06-04 09:05:30.737,7444.0000,424,0,0.0000,0.0000,0,0,空换,S,7404.0000,0.0000,0.0000,0.0000,0.0000,7422.0000,0.0000,0.0000,0.0000,0.0000,1,0,0,0,0,6,0,0,0,0
zc,TA305,2012-06-04 09:05:31.473,7444.0000,424,0,0.0000,0.0000,0,0,空换,S,7404.0000,0.0000,0.0000,0.0000,0.0000,7422.0000,0.0000,0.0000,0.0000,0.0000,1,0,0,0,0,3,0,0,0,0
zc,TA305,2012-06-04 09:05:31.973,7444.0000,424,0,0.0000,0.0000,0,0,空换,S,7404.0000,0.0000,0.0000,0.0000,0.0000,7422.0000,0.0000,0.0000,0.0000,0.0000,1,0,0,0,0,4,0,0,0,0
zc,TA305,2012-06-04 09:05:32.660,7444.0000,424,0,0.0000,0.0000,0,0,空换,S,7404.0000,0.0000,0.0000,0.0000,0.0000,7424.0000,0.0000,0.0000,0.0000,0.0000,1,0,0,0,0,3,0,0,0,0
zc,TA305,2012-06-04 09:05:33.503,7444.0000,424,0,0.0000,0.0000,0,0,空换,S,7404.0000,0.0000,0.0000,0.0000,0.0000,7424.0000,0.0000,0.0000,0.0000,0.0000,1,0,0,0,0,1,0,0,0,0
zc,TA305,2012-06-04 09:05:34.020,7444.0000,424,0,0.0000,0.0000,0,0,空换,S,7402.0000,0.0000,0.0000,0.0000,0.0000,7424.0000,0.0000,0.0000,0.0000,0.0000,1,0,0,0,0,1,0,0,0,0
zc,TA305,2012-06-04 09:05:34.677,7444.0000,424,0,0.0000,0.0000,0,0,空换,S,7402.0000,0.0000,0.0000,0.0000,0.0000,7422.0000,0.0000,0.0000,0.0000,0.0000,1,0,0,0,0,8,0,0,0,0
zc,TA305,2012-06-04 09:05:37.160,7444.0000,424,0,0.0000,0.0000,0,0,空换,S,7404.0000,0.0000,0.0000,0.0000,0.0000,7422.0000,0.0000,0.0000,0.0000,0.0000,1,0,0,0,0,8,0,0,0,0
zc,TA305,2012-06-04 09:05:37.707,7444.0000,424,0,0.0000,0.0000,0,0,空换,S,7400.0000,0.0000,0.0000,0.0000,0.0000,7418.0000,0.0000,0.0000,0.0000,0.0000,1,0,0,0,0,8,0,0,0,0
zc,TA305,2012-06-04 09:05:38.707,7444.0000,424,0,0.0000,0.0000,0,0,空换,S,7404.0000,0.0000,0.0000,0.0000,0.0000,7422.0000,0.0000,0.0000,0.0000,0.0000,1,0,0,0,0,8,0,0,0,0
zc,TA305,2012-06-04 09:05:39.707,7444.0000,424,0,0.0000,0.0000,0,0,空换,S,7400.0000,0.0000,0.0000,0.0000,0.0000,7422.0000,0.0000,0.0000,0.0000,0.0000,1,0,0,0,0,8,0,0,0,0
zc,TA305,2012-06-04 09:05:39.973,7444.0000,424,0,0.0000,0.0000,0,0,空换,S,7402.0000,0.0000,0.0000,0.0000,0.0000,7420.0000,0.0000,0.0000,0.0000,0.0000,1,0,0,0,0,8,0,0,0,0
zc,TA305,2012-06-04 09:05:43.223,7444.0000,424,0,0.0000,0.0000,0,0,空换,S,7400.0000,0.0000,0.0000,0.0000,0.0000,7418.0000,0.0000,0.0000,0.0000,0.0000,1,0,0,0,0,3,0,0,0,0
zc,TA305,2012-06-04 09:05:44.503,7444.0000,424,0,0.0000,0.0000,0,0,空换,S,7398.0000,0.0000,0.0000,0.0000,0.0000,7420.0000,0.0000,0.0000,0.0000,0.0000,1,0,0,0,0,8,0,0,0,0
zc,TA305,2012-06-04 09:05:45.270,7444.0000,424,0,0.0000,0.0000,0,0,空换,S,7398.0000,0.0000,0.0000,0.0000,0.0000,7416.0000,0.0000,0.0000,0.0000,0.0000,1,0,0,0,0,1,0,0,0,0
zc,TA305,2012-06-04 09:05:45.940,7444.0000,424,0,0.0000,0.0000,0,0,空换,S,7398.0000,0.0000,0.0000,0.0000,0.0000,7420.0000,0.0000,0.0000,0.0000,0.0000,1,0,0,0,0,8,0,0,0,0
zc,TA305,2012-06-04 09:05:46.377,7444.0000,424,0,0.0000,0.0000,0,0,空换,S,7398.0000,0.0000,0.0000,0.0000,0.0000,7420.0000,0.0000,0.0000,0.0000,0.0000,1,0,0,0,0,8,0,0,0,0
zc,TA305,2012-06-04 09:05:46.520,7444.0000,424,0,0.0000,0.0000,0,0,空换,S,7398.0000,0.0000,0.0000,0.0000,0.0000,7418.0000,0.0000,0.0000,0.0000,0.0000,1,0,0,0,0,1,0,0,0,0
zc,TA305,2012-06-04 09:05:47.207,7444.0000,424,0,0.0000,0.0000,0,0,空换,S,7398.0000,0.0000,0.0000,0.0000,0.0000,7418.0000,0.0000,0.0000,0.0000,0.0000,1,0,0,0,0,3,0,0,0,0
zc,TA305,2012-06-04 09:05:48.020,7444.0000,424,0,0.0000,0.0000,0,0,空换,S,7396.0000,0.0000,0.0000,0.0000,0.0000,7420.0000,0.0000,0.0000,0.0000,0.0000,1,0,0,0,0,8,0,0,0,0
zc,TA305,2012-06-04 09:05:49.253,7444.0000,424,0,0.0000,0.0000,0,0,空换,S,7400.0000,0.0000,0.0000,0.0000,0.0000,7422.0000,0.0000,0.0000,0.0000,0.0000,1,0,0,0,0,8,0,0,0,0
zc,TA305,2012-06-04 09:05:49.770,7444.0000,424,0,0.0000,0.0000,0,0,空换,S,7402.0000,0.0000,0.0000,0.0000,0.0000,7422.0000,0.0000,0.0000,0.0000,0.0000,1,0,0,0,0,8,0,0,0,0
zc,TA305,2012-06-04 09:05:51.003,7444.0000,424,0,0.0000,0.0000,0,0,空换,S,7394.0000,0.0000,0.0000,0.0000,0.0000,7412.0000,0.0000,0.0000,0.0000,0.0000,1,0,0,0,0,7,0,0,0,0
zc,TA305,2012-06-04 09:05:51.723,7444.0000,424,0,0.0000,0.0000,0,0,空换,S,7392.0000,0.0000,0.0000,0.0000,0.0000,7416.0000,0.0000,0.0000,0.0000,0.0000,1,0,0,0,0,5,0,0,0,0
zc,TA305,2012-06-04 09:05:52.957,7444.0000,424,0,0.0000,0.0000,0,0,空换,S,7392.0000,0.0000,0.0000,0.0000,0.0000,7418.0000,0.0000,0.0000,0.0000,0.0000,1,0,0,0,0,8,0,0,0,0
zc,TA305,2012-06-04 09:05:54.753,7444.0000,424,0,0.0000,0.0000,0,0,空换,S,7400.0000,0.0000,0.0000,0.0000,0.0000,7418.0000,0.0000,0.0000,0.0000,0.0000,1,0,0,0,0,8,0,0,0,0
zc,TA305,2012-06-04 09:05:55.473,7444.0000,424,0,0.0000,0.0000,0,0,空换,S,7394.0000,0.0000,0.0000,0.0000,0.0000,7418.0000,0.0000,0.0000,0.0000,0.0000,1,0,0,0,0,8,0,0,0,0
zc,TA305,2012-06-04 09:05:57.987,7444.0000,424,0,0.0000,0.0000,0,0,空换,S,7396.0000,0.0000,0.0000,0.0000,0.0000,7418.0000,0.0000,0.0000,0.0000,0.0000,1,0,0,0,0,8,0,0,0,0
zc,TA305,2012-06-04 09:05:58.440,7444.0000,424,0,0.0000,0.0000,0,0,空换,S,7400.0000,0.0000,0.0000,0.0000,0.0000,7418.0000,0.0000,0.0000,0.0000,0.0000,1,0,0,0,0,8,0,0,0,0
zc,TA305,2012-06-04 09:05:58.957,7444.0000,424,0,0.0000,0.0000,0,0,空换,S,7396.0000,0.0000,0.0000,0.0000,0.0000,7418.0000,0.0000,0.0000,0.0000,0.0000,1,0,0,0,0,8,0,0,0,0
zc,TA305,2012-06-04 09:05:59.753,7444.0000,424,0,0.0000,0.0000,0,0,空换,S,7400.0000,0.0000,0.0000,0.0000,0.0000,7418.0000,0.0000,0.0000,0.0000,0.0000,1,0,0,0,0,8,0,0,0,0
zc,TA305,2012-06-04 09:06:03.473,7444.0000,424,0,0.0000,0.0000,0,0,空换,S,7396.0000,0.0000,0.0000,0.0000,0.0000,7418.0000,0.0000,0.0000,0.0000,0.0000,1,0,0,0,0,8,0,0,0,0
zc,TA305,2012-06-04 09:06:04.457,7444.0000,424,0,0.0000,0.0000,0,0,空换,S,7400.0000,0.0000,0.0000,0.0000,0.0000,7418.0000,0.0000,0.0000,0.0000,0.0000,1,0,0,0,0,8,0,0,0,0
zc,TA305,2012-06-04 09:06:11.457,7444.0000,424,0,0.0000,0.0000,0,0,空换,S,7402.0000,0.0000,0.0000,0.0000,0.0000,7420.0000,0.0000,0.0000,0.0000,0.0000,1,0,0,0,0,8,0,0,0,0
zc,TA305,2012-06-04 09:06:12.910,7444.0000,424,0,0.0000,0.0000,0,0,空换,S,7402.0000,0.0000,0.0000,0.0000,0.0000,7420.0000,0.0000,0.0000,0.0000,0.0000,1,0,0,0,0,6,0,0,0,0
zc,TA305,2012-06-04 09:06:13.690,7444.0000,424,0,0.0000,0.0000,0,0,空换,S,7404.0000,0.0000,0.0000,0.0000,0.0000,7422.0000,0.0000,0.0000,0.0000,0.0000,1,0,0,0,0,1,0,0,0,0
zc,TA305,2012-06-04 09:06:14.957,7444.0000,424,0,0.0000,0.0000,0,0,空换,S,7402.0000,0.0000,0.0000,0.0000,0.0000,7422.0000,0.0000,0.0000,0.0000,0.0000,1,0,0,0,0,1,0,0,0,0
zc,TA305,2012-06-04 09:06:16.677,7444.0000,424,0,0.0000,0.0000,0,0,空换,S,7404.0000,0.0000,0.0000,0.0000,0.0000,7424.0000,0.0000,0.0000,0.0000,0.0000,1,0,0,0,0,8,0,0,0,0
zc,TA305,2012-06-04 09:06:17.190,7444.0000,424,0,0.0000,0.0000,0,0,空换,S,7406.0000,0.0000,0.0000,0.0000,0.0000,7424.0000,0.0000,0.0000,0.0000,0.0000,1,0,0,0,0,8,0,0,0,0
zc,TA305,2012-06-04 09:06:18.473,7444.0000,424,0,0.0000,0.0000,0,0,空换,S,7408.0000,0.0000,0.0000,0.0000,0.0000,7438.0000,0.0000,0.0000,0.0000,0.0000,1,0,0,0,0,2,0,0,0,0
zc,TA305,2012-06-04 09:06:19.707,7444.0000,424,0,0.0000,0.0000,0,0,空换,S,7408.0000,0.0000,0.0000,0.0000,0.0000,7432.0000,0.0000,0.0000,0.0000,0.0000,1,0,0,0,0,1,0,0,0,0
zc,TA305,2012-06-04 09:06:22.207,7444.0000,424,0,0.0000,0.0000,0,0,空换,S,7416.0000,0.0000,0.0000,0.0000,0.0000,7436.0000,0.0000,0.0000,0.0000,0.0000,1,0,0,0,0,5,0,0,0,0
zc,TA305,2012-06-04 09:06:22.987,7444.0000,424,0,0.0000,0.0000,0,0,空换,S,7408.0000,0.0000,0.0000,0.0000,0.0000,7436.0000,0.0000,0.0000,0.0000,0.0000,1,0,0,0,0,5,0,0,0,0
zc,TA305,2012-06-04 09:06:23.440,7444.0000,424,0,0.0000,0.0000,0,0,空换,S,7408.0000,0.0000,0.0000,0.0000,0.0000,7432.0000,0.0000,0.0000,0.0000,0.0000,1,0,0,0,0,4,0,0,0,0
zc,TA305,2012-06-04 09:06:24.690,7444.0000,424,0,0.0000,0.0000,0,0,空换,S,7410.0000,0.0000,0.0000,0.0000,0.0000,7432.0000,0.0000,0.0000,0.0000,0.0000,1,0,0,0,0,2,0,0,0,0
zc,TA305,2012-06-04 09:06:25.207,7444.0000,424,0,0.0000,0.0000,0,0,空换,S,7416.0000,0.0000,0.0000,0.0000,0.0000,7436.0000,0.0000,0.0000,0.0000,0.0000,1,0,0,0,0,5,0,0,0,0
zc,TA305,2012-06-04 09:06:26.020,7444.0000,424,0,0.0000,0.0000,0,0,空换,S,7416.0000,0.0000,0.0000,0.0000,0.0000,7436.0000,0.0000,0.0000,0.0000,0.0000,1,0,0,0,0,1,0,0,0,0
zc,TA305,2012-06-04 09:06:27.223,7444.0000,424,0,0.0000,0.0000,0,0,空换,S,7416.0000,0.0000,0.0000,0.0000,0.0000,7452.0000,0.0000,0.0000,0.0000,0.0000,1,0,0,0,0,3,0,0,0,0
zc,TA305,2012-06-04 09:06:27.707,7444.0000,424,0,0.0000,0.0000,0,0,空换,S,7418.0000,0.0000,0.0000,0.0000,0.0000,7452.0000,0.0000,0.0000,0.0000,0.0000,1,0,0,0,0,3,0,0,0,0
zc,TA305,2012-06-04 09:06:28.503,7444.0000,424,0,0.0000,0.0000,0,0,空换,S,7420.0000,0.0000,0.0000,0.0000,0.0000,7440.0000,0.0000,0.0000,0.0000,0.0000,1,0,0,0,0,2,0,0,0,0
zc,TA305,2012-06-04 09:06:29.737,7444.0000,424,0,0.0000,0.0000,0,0,空换,S,7424.0000,0.0000,0.0000,0.0000,0.0000,7450.0000,0.0000,0.0000,0.0000,0.0000,1,0,0,0,0,5,0,0,0,0
zc,TA305,2012-06-04 09:06:33.223,7444.0000,424,0,0.0000,0.0000,0,0,空换,S,7426.0000,0.0000,0.0000,0.0000,0.0000,7450.0000,0.0000,0.0000,0.0000,0.0000,1,0,0,0,0,5,0,0,0,0
zc,TA305,2012-06-04 09:06:33.723,7444.0000,424,0,0.0000,0.0000,0,0,空换,S,7432.0000,0.0000,0.0000,0.0000,0.0000,7450.0000,0.0000,0.0000,0.0000,0.0000,1,0,0,0,0,5,0,0,0,0
zc,TA305,2012-06-04 09:06:34.190,7444.0000,424,0,0.0000,0.0000,0,0,空换,S,7430.0000,0.0000,0.0000,0.0000,0.0000,7450.0000,0.0000,0.0000,0.0000,0.0000,1,0,0,0,0,5,0,0,0,0
zc,TA305,2012-06-04 09:06:34.973,7444.0000,424,0,0.0000,0.0000,0,0,空换,S,7426.0000,0.0000,0.0000,0.0000,0.0000,7452.0000,0.0000,0.0000,0.0000,0.0000,1,0,0,0,0,3,0,0,0,0
zc,TA305,2012-06-04 09:06:35.457,7444.0000,424,0,0.0000,0.0000,0,0,空换,S,7426.0000,0.0000,0.0000,0.0000,0.0000,7446.0000,0.0000,0.0000,0.0000,0.0000,1,0,0,0,0,2,0,0,0,0
zc,TA305,2012-06-04 09:06:38.957,7444.0000,424,0,0.0000,0.0000,0,0,空换,S,7426.0000,0.0000,0.0000,0.0000,0.0000,7446.0000,0.0000,0.0000,0.0000,0.0000,1,0,0,0,0,8,0,0,0,0
zc,TA305,2012-06-04 09:06:39.457,7444.0000,424,0,0.0000,0.0000,0,0,空换,S,7424.0000,0.0000,0.0000,0.0000,0.0000,7446.0000,0.0000,0.0000,0.0000,0.0000,1,0,0,0,0,8,0,0,0,0
zc,TA305,2012-06-04 09:06:43.723,7444.0000,424,0,0.0000,0.0000,0,0,空换,S,7424.0000,0.0000,0.0000,0.0000,0.0000,7440.0000,0.0000,0.0000,0.0000,0.0000,1,0,0,0,0,4,0,0,0,0
zc,TA305,2012-06-04 09:06:44.973,7444.0000,424,0,0.0000,0.0000,0,0,空换,S,7420.0000,0.0000,0.0000,0.0000,0.0000,7440.0000,0.0000,0.0000,0.0000,0.0000,1,0,0,0,0,4,0,0,0,0
zc,TA305,2012-06-04 09:06:46.690,7444.0000,424,0,0.0000,0.0000,0,0,空换,S,7422.0000,0.0000,0.0000,0.0000,0.0000,7440.0000,0.0000,0.0000,0.0000,0.0000,1,0,0,0,0,4,0,0,0,0
zc,TA305,2012-06-04 09:06:47.190,7444.0000,424,0,0.0000,0.0000,0,0,空换,S,7420.0000,0.0000,0.0000,0.0000,0.0000,7440.0000,0.0000,0.0000,0.0000,0.0000,1,0,0,0,0,4,0,0,0,0
zc,TA305,2012-06-04 09:06:48.020,7444.0000,424,0,0.0000,0.0000,0,0,空换,S,7420.0000,0.0000,0.0000,0.0000,0.0000,7440.0000,0.0000,0.0000,0.0000,0.0000,1,0,0,0,0,5,0,0,0,0
zc,TA305,2012-06-04 09:06:49.457,7444.0000,424,0,0.0000,0.0000,0,0,空换,S,7416.0000,0.0000,0.0000,0.0000,0.0000,7440.0000,0.0000,0.0000,0.0000,0.0000,1,0,0,0,0,9,0,0,0,0
zc,TA305,2012-06-04 09:06:53.190,7444.0000,424,0,0.0000,0.0000,0,0,空换,S,7416.0000,0.0000,0.0000,0.0000,0.0000,7440.0000,0.0000,0.0000,0.0000,0.0000,1,0,0,0,0,5,0,0,0,0
zc,TA305,2012-06-04 09:06:53.677,7444.0000,424,0,0.0000,0.0000,0,0,空换,S,7422.0000,0.0000,0.0000,0.0000,0.0000,7440.0000,0.0000,0.0000,0.0000,0.0000,1,0,0,0,0,5,0,0,0,0
zc,TA305,2012-06-04 09:06:54.457,7444.0000,424,0,0.0000,0.0000,0,0,空换,S,7422.0000,0.0000,0.0000,0.0000,0.0000,7440.0000,0.0000,0.0000,0.0000,0.0000,1,0,0,0,0,6,0,0,0,0
zc,TA305,2012-06-04 09:06:55.737,7444.0000,424,0,0.0000,0.0000,0,0,空换,S,7424.0000,0.0000,0.0000,0.0000,0.0000,7440.0000,0.0000,0.0000,0.0000,0.0000,1,0,0,0,0,4,0,0,0,0
zc,TA305,2012-06-04 09:07:03.440,7444.0000,424,0,0.0000,0.0000,0,0,空换,S,7426.0000,0.0000,0.0000,0.0000,0.0000,7440.0000,0.0000,0.0000,0.0000,0.0000,1,0,0,0,0,4,0,0,0,0
zc,TA305,2012-06-04 09:07:03.957,7444.0000,424,0,0.0000,0.0000,0,0,空换,S,7424.0000,0.0000,0.0000,0.0000,0.0000,7440.0000,0.0000,0.0000,0.0000,0.0000,1,0,0,0,0,4,0,0,0,0
zc,TA305,2012-06-04 09:07:05.207,7444.0000,424,0,0.0000,0.0000,0,0,空换,S,7426.0000,0.0000,0.0000,0.0000,0.0000,7440.0000,0.0000,0.0000,0.0000,0.0000,1,0,0,0,0,4,0,0,0,0
zc,TA305,2012-06-04 09:07:07.237,7444.0000,424,0,0.0000,0.0000,0,0,空换,S,7418.0000,0.0000,0.0000,0.0000,0.0000,7438.0000,0.0000,0.0000,0.0000,0.0000,1,0,0,0,0,8,0,0,0,0
zc,TA305,2012-06-04 09:07:08.457,7444.0000,424,0,0.0000,0.0000,0,0,空换,S,7422.0000,0.0000,0.0000,0.0000,0.0000,7440.0000,0.0000,0.0000,0.0000,0.0000,1,0,0,0,0,4,0,0,0,0
zc,TA305,2012-06-04 09:07:10.473,7444.0000,424,0,0.0000,0.0000,0,0,空换,S,7426.0000,0.0000,0.0000,0.0000,0.0000,7440.0000,0.0000,0.0000,0.0000,0.0000,1,0,0,0,0,4,0,0,0,0
zc,TA305,2012-06-04 09:07:11.723,7444.0000,424,0,0.0000,0.0000,0,0,空换,S,7426.0000,0.0000,0.0000,0.0000,0.0000,7440.0000,0.0000,0.0000,0.0000,0.0000,1,0,0,0,0,5,0,0,0,0
zc,TA305,2012-06-04 09:07:15.160,7444.0000,424,0,0.0000,0.0000,0,0,空换,S,7426.0000,0.0000,0.0000,0.0000,0.0000,7440.0000,0.0000,0.0000,0.0000,0.0000,1,0,0,0,0,6,0,0,0,0
zc,TA305,2012-06-04 09:07:16.143,7444.0000,424,0,0.0000,0.0000,0,0,空换,S,7426.0000,0.0000,0.0000,0.0000,0.0000,7440.0000,0.0000,0.0000,0.0000,0.0000,1,0,0,0,0,5,0,0,0,0
zc,TA305,2012-06-04 09:07:17.003,7444.0000,424,0,0.0000,0.0000,0,0,空换,S,7426.0000,0.0000,0.0000,0.0000,0.0000,7440.0000,0.0000,0.0000,0.0000,0.0000,1,0,0,0,0,4,0,0,0,0
zc,TA305,2012-06-04 09:07:18.190,7444.0000,424,0,0.0000,0.0000,0,0,空换,S,7430.0000,0.0000,0.0000,0.0000,0.0000,7440.0000,0.0000,0.0000,0.0000,0.0000,1,0,0,0,0,4,0,0,0,0
zc,TA305,2012-06-04 09:07:19.177,7444.0000,424,0,0.0000,0.0000,0,0,空换,S,7432.0000,0.0000,0.0000,0.0000,0.0000,7440.0000,0.0000,0.0000,0.0000,0.0000,1,0,0,0,0,4,0,0,0,0
zc,TA305,2012-06-04 09:07:22.473,7440.0000,424,0,0.0000,2.0000,1,1,空换,S,7432.0000,0.0000,0.0000,0.0000,0.0000,7440.0000,0.0000,0.0000,0.0000,0.0000,1,0,0,0,0,3,0,0,0,0
zc,TA305,2012-06-04 09:07:22.643,7440.0000,424,0,0.0000,0.0000,0,0,空换,S,7434.0000,0.0000,0.0000,0.0000,0.0000,7440.0000,0.0000,0.0000,0.0000,0.0000,1,0,0,0,0,3,0,0,0,0
zc,TA305,2012-06-04 09:07:25.473,7440.0000,424,0,0.0000,0.0000,0,0,空换,S,7436.0000,0.0000,0.0000,0.0000,0.0000,7440.0000,0.0000,0.0000,0.0000,0.0000,1,0,0,0,0,3,0,0,0,0
zc,TA305,2012-06-04 09:07:26.440,7440.0000,424,0,0.0000,0.0000,0,0,空换,S,7434.0000,0.0000,0.0000,0.0000,0.0000,7440.0000,0.0000,0.0000,0.0000,0.0000,1,0,0,0,0,3,0,0,0,0
zc,TA305,2012-06-04 09:07:27.177,7440.0000,424,0,0.0000,0.0000,0,0,空换,S,7436.0000,0.0000,0.0000,0.0000,0.0000,7440.0000,0.0000,0.0000,0.0000,0.0000,1,0,0,0,0,3,0,0,0,0
zc,TA305,2012-06-04 09:07:30.707,7440.0000,422,-2,0.0000,2.0000,0,2,双平,S,7436.0000,0.0000,0.0000,0.0000,0.0000,7440.0000,0.0000,0.0000,0.0000,0.0000,1,0,0,0,0,2,0,0,0,0
zc,TA305,2012-06-04 09:07:31.473,7440.0000,422,0,0.0000,0.0000,0,0,空换,S,7434.0000,0.0000,0.0000,0.0000,0.0000,7440.0000,0.0000,0.0000,0.0000,0.0000,1,0,0,0,0,2,0,0,0,0
zc,TA305,2012-06-04 09:07:34.253,7440.0000,422,0,0.0000,0.0000,0,0,空换,S,7436.0000,0.0000,0.0000,0.0000,0.0000,7440.0000,0.0000,0.0000,0.0000,0.0000,1,0,0,0,0,2,0,0,0,0
zc,TA305,2012-06-04 09:07:35.473,7440.0000,420,-2,0.0000,2.0000,0,2,双平,S,7428.0000,0.0000,0.0000,0.0000,0.0000,7440.0000,0.0000,0.0000,0.0000,0.0000,8,0,0,0,0,1,0,0,0,0
zc,TA305,2012-06-04 09:07:37.737,7440.0000,420,0,0.0000,0.0000,0,0,空换,S,7432.0000,0.0000,0.0000,0.0000,0.0000,7440.0000,0.0000,0.0000,0.0000,0.0000,1,0,0,0,0,1,0,0,0,0
zc,TA305,2012-06-04 09:07:38.957,7440.0000,420,0,0.0000,0.0000,0,0,空换,S,7428.0000,0.0000,0.0000,0.0000,0.0000,7440.0000,0.0000,0.0000,0.0000,0.0000,1,0,0,0,0,1,0,0,0,0
zc,TA305,2012-06-04 09:07:39.427,7440.0000,420,0,0.0000,0.0000,0,0,空换,S,7430.0000,0.0000,0.0000,0.0000,0.0000,7440.0000,0.0000,0.0000,0.0000,0.0000,1,0,0,0,0,1,0,0,0,0
zc,TA305,2012-06-04 09:07:40.207,7440.0000,420,0,0.0000,0.0000,0,0,空换,S,7430.0000,0.0000,0.0000,0.0000,0.0000,7440.0000,0.0000,0.0000,0.0000,0.0000,2,0,0,0,0,1,0,0,0,0
zc,TA305,2012-06-04 09:07:45.457,7440.0000,420,0,0.0000,0.0000,0,0,空换,S,7432.0000,0.0000,0.0000,0.0000,0.0000,7440.0000,0.0000,0.0000,0.0000,0.0000,9,0,0,0,0,1,0,0,0,0
zc,TA305,2012-06-04 09:07:45.973,7440.0000,420,0,0.0000,0.0000,0,0,空换,S,7432.0000,0.0000,0.0000,0.0000,0.0000,7440.0000,0.0000,0.0000,0.0000,0.0000,10,0,0,0,0,1,0,0,0,0
zc,TA305,2012-06-04 09:07:46.473,7440.0000,420,0,0.0000,0.0000,0,0,空换,S,7430.0000,0.0000,0.0000,0.0000,0.0000,7440.0000,0.0000,0.0000,0.0000,0.0000,2,0,0,0,0,1,0,0,0,0
zc,TA305,2012-06-04 09:07:47.690,7440.0000,420,0,0.0000,0.0000,0,0,空换,S,7428.0000,0.0000,0.0000,0.0000,0.0000,7440.0000,0.0000,0.0000,0.0000,0.0000,3,0,0,0,0,1,0,0,0,0
zc,TA305,2012-06-04 09:07:48.440,7440.0000,420,0,0.0000,0.0000,0,0,空换,S,7430.0000,0.0000,0.0000,0.0000,0.0000,7440.0000,0.0000,0.0000,0.0000,0.0000,1,0,0,0,0,1,0,0,0,0
zc,TA305,2012-06-04 09:07:49.427,7440.0000,420,0,0.0000,0.0000,0,0,空换,S,7432.0000,0.0000,0.0000,0.0000,0.0000,7440.0000,0.0000,0.0000,0.0000,0.0000,1,0,0,0,0,1,0,0,0,0
zc,TA305,2012-06-04 09:07:51.207,7440.0000,420,0,0.0000,0.0000,0,0,空换,S,7434.0000,0.0000,0.0000,0.0000,0.0000,7440.0000,0.0000,0.0000,0.0000,0.0000,1,0,0,0,0,1,0,0,0,0
zc,TA305,2012-06-04 09:07:51.957,7440.0000,420,0,0.0000,2.0000,1,1,空换,S,7440.0000,0.0000,0.0000,0.0000,0.0000,7454.0000,0.0000,0.0000,0.0000,0.0000,1,0,0,0,0,1,0,0,0,0
zc,TA305,2012-06-04 09:07:55.253,7440.0000,420,0,0.0000,0.0000,0,0,空换,S,7440.0000,0.0000,0.0000,0.0000,0.0000,7450.0000,0.0000,0.0000,0.0000,0.0000,1,0,0,0,0,1,0,0,0,0
zc,TA305,2012-06-04 09:07:55.973,7440.0000,420,0,0.0000,0.0000,0,0,空换,S,7440.0000,0.0000,0.0000,0.0000,0.0000,7454.0000,0.0000,0.0000,0.0000,0.0000,1,0,0,0,0,1,0,0,0,0
zc,TA305,2012-06-04 09:07:57.473,7440.0000,420,0,0.0000,0.0000,0,0,空换,S,7440.0000,0.0000,0.0000,0.0000,0.0000,7450.0000,0.0000,0.0000,0.0000,0.0000,1,0,0,0,0,1,0,0,0,0
zc,TA305,2012-06-04 09:08:01.440,7440.0000,420,0,0.0000,0.0000,0,0,空换,S,7440.0000,0.0000,0.0000,0.0000,0.0000,7454.0000,0.0000,0.0000,0.0000,0.0000,1,0,0,0,0,1,0,0,0,0
zc,TA305,2012-06-04 09:08:07.207,7440.0000,420,0,0.0000,0.0000,0,0,空换,S,7440.0000,0.0000,0.0000,0.0000,0.0000,7452.0000,0.0000,0.0000,0.0000,0.0000,1,0,0,0,0,1,0,0,0,0
zc,TA305,2012-06-04 09:08:11.723,7440.0000,420,0,0.0000,0.0000,0,0,空换,S,7440.0000,0.0000,0.0000,0.0000,0.0000,7448.0000,0.0000,0.0000,0.0000,0.0000,1,0,0,0,0,1,0,0,0,0
zc,TA305,2012-06-04 09:08:17.457,7440.0000,420,0,0.0000,0.0000,0,0,空换,S,7440.0000,0.0000,0.0000,0.0000,0.0000,7444.0000,0.0000,0.0000,0.0000,0.0000,1,0,0,0,0,1,0,0,0,0
zc,TA305,2012-06-04 09:08:19.177,7440.0000,422,2,0.0000,2.0000,2,0,双开,S,7426.0000,0.0000,0.0000,0.0000,0.0000,7442.0000,0.0000,0.0000,0.0000,0.0000,1,0,0,0,0,5,0,0,0,0
zc,TA305,2012-06-04 09:08:21.190,7440.0000,422,0,0.0000,0.0000,0,0,空换,S,7422.0000,0.0000,0.0000,0.0000,0.0000,7442.0000,0.0000,0.0000,0.0000,0.0000,1,0,0,0,0,5,0,0,0,0
zc,TA305,2012-06-04 09:08:22.723,7440.0000,422,0,0.0000,0.0000,0,0,空换,S,7418.0000,0.0000,0.0000,0.0000,0.0000,7440.0000,0.0000,0.0000,0.0000,0.0000,1,0,0,0,0,1,0,0,0,0
zc,TA305,2012-06-04 09:08:23.427,7440.0000,422,0,0.0000,0.0000,0,0,空换,S,7418.0000,0.0000,0.0000,0.0000,0.0000,7436.0000,0.0000,0.0000,0.0000,0.0000,1,0,0,0,0,2,0,0,0,0
zc,TA305,2012-06-04 09:08:24.707,7440.0000,422,0,0.0000,0.0000,0,0,空换,S,7418.0000,0.0000,0.0000,0.0000,0.0000,7440.0000,0.0000,0.0000,0.0000,0.0000,1,0,0,0,0,1,0,0,0,0
zc,TA305,2012-06-04 09:08:25.190,7440.0000,422,0,0.0000,0.0000,0,0,空换,S,7420.0000,0.0000,0.0000,0.0000,0.0000,7440.0000,0.0000,0.0000,0.0000,0.0000,1,0,0,0,0,5,0,0,0,0
zc,TA305,2012-06-04 09:08:25.690,7440.0000,422,0,0.0000,0.0000,0,0,空换,S,7418.0000,0.0000,0.0000,0.0000,0.0000,7440.0000,0.0000,0.0000,0.0000,0.0000,1,0,0,0,0,5,0,0,0,0
zc,TA305,2012-06-04 09:08:26.957,7440.0000,422,0,0.0000,0.0000,0,0,空换,S,7420.0000,0.0000,0.0000,0.0000,0.0000,7440.0000,0.0000,0.0000,0.0000,0.0000,1,0,0,0,0,5,0,0,0,0
zc,TA305,2012-06-04 09:08:28.707,7440.0000,422,0,0.0000,0.0000,0,0,空换,S,7422.0000,0.0000,0.0000,0.0000,0.0000,7440.0000,0.0000,0.0000,0.0000,0.0000,1,0,0,0,0,5,0,0,0,0
zc,TA305,2012-06-04 09:08:29.987,7440.0000,422,0,0.0000,0.0000,0,0,空换,S,7420.0000,0.0000,0.0000,0.0000,0.0000,7440.0000,0.0000,0.0000,0.0000,0.0000,1,0,0,0,0,5,0,0,0,0
zc,TA305,2012-06-04 09:08:30.707,7440.0000,422,0,0.0000,0.0000,0,0,空换,S,7422.0000,0.0000,0.0000,0.0000,0.0000,7440.0000,0.0000,0.0000,0.0000,0.0000,1,0,0,0,0,5,0,0,0,0
zc,TA305,2012-06-04 09:08:32.020,7440.0000,422,0,0.0000,0.0000,0,0,空换,S,7420.0000,0.0000,0.0000,0.0000,0.0000,7442.0000,0.0000,0.0000,0.0000,0.0000,1,0,0,0,0,5,0,0,0,0
zc,TA305,2012-06-04 09:08:32.957,7440.0000,422,0,0.0000,0.0000,0,0,空换,S,7424.0000,0.0000,0.0000,0.0000,0.0000,7442.0000,0.0000,0.0000,0.0000,0.0000,1,0,0,0,0,5,0,0,0,0
zc,TA305,2012-06-04 09:08:33.440,7440.0000,422,0,0.0000,0.0000,0,0,空换,S,7426.0000,0.0000,0.0000,0.0000,0.0000,7440.0000,0.0000,0.0000,0.0000,0.0000,1,0,0,0,0,1,0,0,0,0
zc,TA305,2012-06-04 09:08:34.190,7440.0000,422,0,0.0000,0.0000,0,0,空换,S,7424.0000,0.0000,0.0000,0.0000,0.0000,7436.0000,0.0000,0.0000,0.0000,0.0000,1,0,0,0,0,1,0,0,0,0
zc,TA305,2012-06-04 09:08:36.457,7440.0000,422,0,0.0000,0.0000,0,0,空换,S,7420.0000,0.0000,0.0000,0.0000,0.0000,7438.0000,0.0000,0.0000,0.0000,0.0000,1,0,0,0,0,1,0,0,0,0
zc,TA305,2012-06-04 09:08:37.223,7440.0000,422,0,0.0000,0.0000,0,0,空换,S,7420.0000,0.0000,0.0000,0.0000,0.0000,7436.0000,0.0000,0.0000,0.0000,0.0000,1,0,0,0,0,1,0,0,0,0
zc,TA305,2012-06-04 09:08:37.737,7440.0000,422,0,0.0000,0.0000,0,0,空换,S,7422.0000,0.0000,0.0000,0.0000,0.0000,7436.0000,0.0000,0.0000,0.0000,0.0000,1,0,0,0,0,1,0,0,0,0
zc,TA305,2012-06-04 09:08:38.190,7440.0000,422,0,0.0000,0.0000,0,0,空换,S,7422.0000,0.0000,0.0000,0.0000,0.0000,7438.0000,0.0000,0.0000,0.0000,0.0000,1,0,0,0,0,1,0,0,0,0
zc,TA305,2012-06-04 09:08:42.940,7440.0000,422,0,0.0000,0.0000,0,0,空换,S,7420.0000,0.0000,0.0000,0.0000,0.0000,7432.0000,0.0000,0.0000,0.0000,0.0000,1,0,0,0,0,1,0,0,0,0
zc,TA305,2012-06-04 09:08:43.677,7440.0000,422,0,0.0000,0.0000,0,0,空换,S,7422.0000,0.0000,0.0000,0.0000,0.0000,7438.0000,0.0000,0.0000,0.0000,0.0000,1,0,0,0,0,1,0,0,0,0
zc,TA305,2012-06-04 09:08:44.177,7440.0000,422,0,0.0000,0.0000,0,0,空换,S,7420.0000,0.0000,0.0000,0.0000,0.0000,7438.0000,0.0000,0.0000,0.0000,0.0000,1,0,0,0,0,1,0,0,0,0
zc,TA305,2012-06-04 09:08:45.223,7440.0000,422,0,0.0000,0.0000,0,0,空换,S,7422.0000,0.0000,0.0000,0.0000,0.0000,7438.0000,0.0000,0.0000,0.0000,0.0000,1,0,0,0,0,1,0,0,0,0
zc,TA305,2012-06-04 09:08:45.910,7440.0000,422,0,0.0000,0.0000,0,0,空换,S,7422.0000,0.0000,0.0000,0.0000,0.0000,7436.0000,0.0000,0.0000,0.0000,0.0000,1,0,0,0,0,1,0,0,0,0
zc,TA305,2012-06-04 09:08:46.503,7434.0000,424,2,0.0000,2.0000,2,0,双开,S,7422.0000,0.0000,0.0000,0.0000,0.0000,7438.0000,0.0000,0.0000,0.0000,0.0000,1,0,0,0,0,1,0,0,0,0
zc,TA305,2012-06-04 09:08:47.190,7434.0000,424,0,0.0000,0.0000,0,0,空换,S,7424.0000,0.0000,0.0000,0.0000,0.0000,7438.0000,0.0000,0.0000,0.0000,0.0000,1,0,0,0,0,1,0,0,0,0
zc,TA305,2012-06-04 09:08:48.973,7434.0000,424,0,0.0000,0.0000,0,0,空换,S,7420.0000,0.0000,0.0000,0.0000,0.0000,7434.0000,0.0000,0.0000,0.0000,0.0000,1,0,0,0,0,1,0,0,0,0
zc,TA305,2012-06-04 09:08:51.160,7434.0000,424,0,0.0000,0.0000,0,0,空换,S,7420.0000,0.0000,0.0000,0.0000,0.0000,7438.0000,0.0000,0.0000,0.0000,0.0000,1,0,0,0,0,1,0,0,0,0
zc,TA305,2012-06-04 09:08:52.440,7434.0000,424,0,0.0000,0.0000,0,0,空换,S,7422.0000,0.0000,0.0000,0.0000,0.0000,7438.0000,0.0000,0.0000,0.0000,0.0000,1,0,0,0,0,1,0,0,0,0
zc,TA305,2012-06-04 09:08:53.457,7434.0000,424,0,0.0000,0.0000,0,0,空换,S,7420.0000,0.0000,0.0000,0.0000,0.0000,7438.0000,0.0000,0.0000,0.0000,0.0000,1,0,0,0,0,1,0,0,0,0
zc,TA305,2012-06-04 09:08:54.503,7434.0000,424,0,0.0000,0.0000,0,0,空换,S,7420.0000,0.0000,0.0000,0.0000,0.0000,7440.0000,0.0000,0.0000,0.0000,0.0000,1,0,0,0,0,7,0,0,0,0
zc,TA305,2012-06-04 09:08:55.253,7434.0000,424,0,0.0000,0.0000,0,0,空换,S,7426.0000,0.0000,0.0000,0.0000,0.0000,7440.0000,0.0000,0.0000,0.0000,0.0000,1,0,0,0,0,7,0,0,0,0
zc,TA305,2012-06-04 09:08:55.707,7434.0000,424,0,0.0000,0.0000,0,0,空换,S,7420.0000,0.0000,0.0000,0.0000,0.0000,7434.0000,0.0000,0.0000,0.0000,0.0000,1,0,0,0,0,5,0,0,0,0
zc,TA305,2012-06-04 09:08:56.427,7434.0000,424,0,0.0000,0.0000,0,0,空换,S,7420.0000,0.0000,0.0000,0.0000,0.0000,7434.0000,0.0000,0.0000,0.0000,0.0000,1,0,0,0,0,3,0,0,0,0
zc,TA305,2012-06-04 09:08:56.877,7434.0000,424,0,0.0000,0.0000,0,0,空换,S,7430.0000,0.0000,0.0000,0.0000,0.0000,7434.0000,0.0000,0.0000,0.0000,0.0000,1,0,0,0,0,2,0,0,0,0
zc,TA305,2012-06-04 09:08:58.723,7434.0000,424,0,0.0000,0.0000,0,0,空换,S,7430.0000,0.0000,0.0000,0.0000,0.0000,7436.0000,0.0000,0.0000,0.0000,0.0000,1,0,0,0,0,5,0,0,0,0
zc,TA305,2012-06-04 09:09:02.677,7434.0000,424,0,0.0000,0.0000,0,0,空换,S,7430.0000,0.0000,0.0000,0.0000,0.0000,7438.0000,0.0000,0.0000,0.0000,0.0000,1,0,0,0,0,5,0,0,0,0
zc,TA305,2012-06-04 09:09:03.723,7434.0000,424,0,0.0000,0.0000,0,0,空换,S,7430.0000,0.0000,0.0000,0.0000,0.0000,7440.0000,0.0000,0.0000,0.0000,0.0000,1,0,0,0,0,7,0,0,0,0
zc,TA305,2012-06-04 09:09:07.660,7434.0000,424,0,0.0000,0.0000,0,0,空换,S,7430.0000,0.0000,0.0000,0.0000,0.0000,7436.0000,0.0000,0.0000,0.0000,0.0000,1,0,0,0,0,2,0,0,0,0
zc,TA305,2012-06-04 09:09:08.677,7434.0000,424,0,0.0000,0.0000,0,0,空换,S,7430.0000,0.0000,0.0000,0.0000,0.0000,7436.0000,0.0000,0.0000,0.0000,0.0000,1,0,0,0,0,1,0,0,0,0
zc,TA305,2012-06-04 09:09:09.440,7434.0000,424,0,0.0000,0.0000,0,0,空换,S,7430.0000,0.0000,0.0000,0.0000,0.0000,7440.0000,0.0000,0.0000,0.0000,0.0000,1,0,0,0,0,8,0,0,0,0
zc,TA305,2012-06-04 09:09:10.707,7434.0000,424,0,0.0000,0.0000,0,0,空换,S,7430.0000,0.0000,0.0000,0.0000,0.0000,7438.0000,0.0000,0.0000,0.0000,0.0000,1,0,0,0,0,1,0,0,0,0
zc,TA305,2012-06-04 09:09:11.690,7434.0000,424,0,0.0000,0.0000,0,0,空换,S,7430.0000,0.0000,0.0000,0.0000,0.0000,7436.0000,0.0000,0.0000,0.0000,0.0000,1,0,0,0,0,1,0,0,0,0
zc,TA305,2012-06-04 09:09:12.427,7434.0000,424,0,0.0000,0.0000,0,0,空换,S,7430.0000,0.0000,0.0000,0.0000,0.0000,7438.0000,0.0000,0.0000,0.0000,0.0000,1,0,0,0,0,2,0,0,0,0
zc,TA305,2012-06-04 09:09:13.940,7434.0000,424,0,0.0000,0.0000,0,0,空换,S,7430.0000,0.0000,0.0000,0.0000,0.0000,7440.0000,0.0000,0.0000,0.0000,0.0000,1,0,0,0,0,7,0,0,0,0
zc,TA305,2012-06-04 09:09:16.927,7434.0000,424,0,0.0000,0.0000,0,0,空换,S,7430.0000,0.0000,0.0000,0.0000,0.0000,7440.0000,0.0000,0.0000,0.0000,0.0000,1,0,0,0,0,8,0,0,0,0
zc,TA305,2012-06-04 09:09:17.690,7434.0000,424,0,0.0000,0.0000,0,0,空换,S,7430.0000,0.0000,0.0000,0.0000,0.0000,7438.0000,0.0000,0.0000,0.0000,0.0000,1,0,0,0,0,3,0,0,0,0
zc,TA305,2012-06-04 09:09:20.393,7434.0000,424,0,0.0000,0.0000,0,0,空换,S,7430.0000,0.0000,0.0000,0.0000,0.0000,7438.0000,0.0000,0.0000,0.0000,0.0000,1,0,0,0,0,5,0,0,0,0
zc,TA305,2012-06-04 09:09:20.957,7434.0000,424,0,0.0000,0.0000,0,0,空换,S,7430.0000,0.0000,0.0000,0.0000,0.0000,7436.0000,0.0000,0.0000,0.0000,0.0000,1,0,0,0,0,1,0,0,0,0
zc,TA305,2012-06-04 09:09:22.690,7434.0000,424,0,0.0000,0.0000,0,0,空换,S,7430.0000,0.0000,0.0000,0.0000,0.0000,7438.0000,0.0000,0.0000,0.0000,0.0000,1,0,0,0,0,3,0,0,0,0
zc,TA305,2012-06-04 09:09:25.677,7434.0000,424,0,0.0000,0.0000,0,0,空换,S,7430.0000,0.0000,0.0000,0.0000,0.0000,7440.0000,0.0000,0.0000,0.0000,0.0000,1,0,0,0,0,7,0,0,0,0
zc,TA305,2012-06-04 09:09:28.473,7434.0000,424,0,0.0000,0.0000,0,0,空换,S,7430.0000,0.0000,0.0000,0.0000,0.0000,7440.0000,0.0000,0.0000,0.0000,0.0000,1,0,0,0,0,8,0,0,0,0
zc,TA305,2012-06-04 09:09:30.177,7434.0000,424,0,0.0000,0.0000,0,0,空换,S,7434.0000,0.0000,0.0000,0.0000,0.0000,7440.0000,0.0000,0.0000,0.0000,0.0000,1,0,0,0,0,8,0,0,0,0
zc,TA305,2012-06-04 09:09:31.207,7434.0000,424,0,0.0000,0.0000,0,0,空换,S,7434.0000,0.0000,0.0000,0.0000,0.0000,7438.0000,0.0000,0.0000,0.0000,0.0000,1,0,0,0,0,1,0,0,0,0
zc,TA305,2012-06-04 09:09:31.910,7434.0000,424,0,0.0000,0.0000,0,0,空换,S,7434.0000,0.0000,0.0000,0.0000,0.0000,7438.0000,0.0000,0.0000,0.0000,0.0000,1,0,0,0,0,2,0,0,0,0
zc,TA305,2012-06-04 09:09:34.207,7434.0000,424,0,0.0000,0.0000,0,0,空换,S,7434.0000,0.0000,0.0000,0.0000,0.0000,7438.0000,0.0000,0.0000,0.0000,0.0000,1,0,0,0,0,1,0,0,0,0
zc,TA305,2012-06-04 09:09:35.190,7434.0000,424,0,0.0000,0.0000,0,0,空换,S,7434.0000,0.0000,0.0000,0.0000,0.0000,7440.0000,0.0000,0.0000,0.0000,0.0000,1,0,0,0,0,8,0,0,0,0
zc,TA305,2012-06-04 09:09:35.973,7434.0000,424,0,0.0000,0.0000,0,0,空换,S,7434.0000,0.0000,0.0000,0.0000,0.0000,7440.0000,0.0000,0.0000,0.0000,0.0000,1,0,0,0,0,7,0,0,0,0
zc,TA305,2012-06-04 09:09:38.223,7434.0000,424,0,0.0000,0.0000,0,0,空换,S,7434.0000,0.0000,0.0000,0.0000,0.0000,7438.0000,0.0000,0.0000,0.0000,0.0000,1,0,0,0,0,1,0,0,0,0
zc,TA305,2012-06-04 09:09:40.237,7434.0000,424,0,0.0000,0.0000,0,0,空换,S,7434.0000,0.0000,0.0000,0.0000,0.0000,7438.0000,0.0000,0.0000,0.0000,0.0000,6,0,0,0,0,1,0,0,0,0
zc,TA305,2012-06-04 09:09:43.457,7434.0000,424,0,0.0000,0.0000,0,0,空换,S,7434.0000,0.0000,0.0000,0.0000,0.0000,7436.0000,0.0000,0.0000,0.0000,0.0000,6,0,0,0,0,1,0,0,0,0
zc,TA305,2012-06-04 09:09:43.957,7434.0000,424,0,0.0000,0.0000,0,0,空换,S,7434.0000,0.0000,0.0000,0.0000,0.0000,7438.0000,0.0000,0.0000,0.0000,0.0000,6,0,0,0,0,1,0,0,0,0
zc,TA305,2012-06-04 09:09:45.690,7434.0000,424,0,0.0000,0.0000,0,0,空换,S,7434.0000,0.0000,0.0000,0.0000,0.0000,7440.0000,0.0000,0.0000,0.0000,0.0000,6,0,0,0,0,8,0,0,0,0
zc,TA305,2012-06-04 09:09:46.363,7434.0000,424,0,0.0000,0.0000,0,0,空换,S,7434.0000,0.0000,0.0000,0.0000,0.0000,7438.0000,0.0000,0.0000,0.0000,0.0000,6,0,0,0,0,1,0,0,0,0
zc,TA305,2012-06-04 09:09:46.487,7434.0000,424,0,0.0000,0.0000,0,0,空换,S,7434.0000,0.0000,0.0000,0.0000,0.0000,7438.0000,0.0000,0.0000,0.0000,0.0000,6,0,0,0,0,1,0,0,0,0
zc,TA305,2012-06-04 09:09:49.207,7434.0000,424,0,0.0000,0.0000,0,0,空换,S,7434.0000,0.0000,0.0000,0.0000,0.0000,7440.0000,0.0000,0.0000,0.0000,0.0000,6,0,0,0,0,7,0,0,0,0
zc,TA305,2012-06-04 09:09:59.440,7434.0000,424,0,0.0000,0.0000,0,0,空换,S,7434.0000,0.0000,0.0000,0.0000,0.0000,7440.0000,0.0000,0.0000,0.0000,0.0000,6,0,0,0,0,8,0,0,0,0
zc,TA305,2012-06-04 09:10:01.177,7434.0000,424,0,0.0000,0.0000,0,0,空换,S,7434.0000,0.0000,0.0000,0.0000,0.0000,7440.0000,0.0000,0.0000,0.0000,0.0000,6,0,0,0,0,7,0,0,0,0
zc,TA305,2012-06-04 09:10:05.940,7434.0000,424,0,0.0000,0.0000,0,0,空换,S,7434.0000,0.0000,0.0000,0.0000,0.0000,7438.0000,0.0000,0.0000,0.0000,0.0000,6,0,0,0,0,5,0,0,0,0
zc,TA305,2012-06-04 09:10:06.927,7434.0000,424,0,0.0000,0.0000,0,0,空换,S,7434.0000,0.0000,0.0000,0.0000,0.0000,7440.0000,0.0000,0.0000,0.0000,0.0000,6,0,0,0,0,7,0,0,0,0
zc,TA305,2012-06-04 09:10:08.160,7434.0000,424,0,0.0000,0.0000,0,0,空换,S,7434.0000,0.0000,0.0000,0.0000,0.0000,7440.0000,0.0000,0.0000,0.0000,0.0000,6,0,0,0,0,17,0,0,0,0
zc,TA305,2012-06-04 09:10:08.910,7434.0000,424,0,0.0000,0.0000,0,0,空换,S,7434.0000,0.0000,0.0000,0.0000,0.0000,7440.0000,0.0000,0.0000,0.0000,0.0000,6,0,0,0,0,15,0,0,0,0
zc,TA305,2012-06-04 09:10:09.160,7434.0000,424,0,0.0000,0.0000,0,0,空换,S,7434.0000,0.0000,0.0000,0.0000,0.0000,7440.0000,0.0000,0.0000,0.0000,0.0000,6,0,0,0,0,17,0,0,0,0
zc,TA305,2012-06-04 09:10:10.973,7440.0000,428,4,0.0000,4.0000,4,0,双开,B,7434.0000,0.0000,0.0000,0.0000,0.0000,7440.0000,0.0000,0.0000,0.0000,0.0000,6,0,0,0,0,15,0,0,0,0
zc,TA305,2012-06-04 09:10:11.457,7440.0000,428,0,0.0000,0.0000,0,0,多换,B,7434.0000,0.0000,0.0000,0.0000,0.0000,7440.0000,0.0000,0.0000,0.0000,0.0000,6,0,0,0,0,2,0,0,0,0
zc,TA305,2012-06-04 09:10:21.207,7440.0000,428,0,0.0000,0.0000,0,0,多换,B,7434.0000,0.0000,0.0000,0.0000,0.0000,7440.0000,0.0000,0.0000,0.0000,0.0000,6,0,0,0,0,12,0,0,0,0
zc,TA305,2012-06-04 09:10:21.957,7440.0000,428,0,0.0000,0.0000,0,0,多换,B,7434.0000,0.0000,0.0000,0.0000,0.0000,7440.0000,0.0000,0.0000,0.0000,0.0000,6,0,0,0,0,15,0,0,0,0
zc,TA305,2012-06-04 09:10:23.223,7440.0000,428,0,0.0000,0.0000,0,0,多换,B,7434.0000,0.0000,0.0000,0.0000,0.0000,7440.0000,0.0000,0.0000,0.0000,0.0000,6,0,0,0,0,4,0,0,0,0
zc,TA305,2012-06-04 09:10:23.737,7440.0000,428,0,0.0000,0.0000,0,0,多换,B,7434.0000,0.0000,0.0000,0.0000,0.0000,7440.0000,0.0000,0.0000,0.0000,0.0000,6,0,0,0,0,5,0,0,0,0
zc,TA305,2012-06-04 09:10:24.427,7440.0000,428,0,0.0000,0.0000,0,0,多换,B,7434.0000,0.0000,0.0000,0.0000,0.0000,7440.0000,0.0000,0.0000,0.0000,0.0000,6,0,0,0,0,4,0,0,0,0
zc,TA305,2012-06-04 09:10:25.207,7440.0000,428,0,0.0000,0.0000,0,0,多换,B,7434.0000,0.0000,0.0000,0.0000,0.0000,7440.0000,0.0000,0.0000,0.0000,0.0000,6,0,0,0,0,3,0,0,0,0
zc,TA305,2012-06-04 09:10:29.270,7440.0000,428,0,0.0000,0.0000,0,0,多换,B,7434.0000,0.0000,0.0000,0.0000,0.0000,7438.0000,0.0000,0.0000,0.0000,0.0000,6,0,0,0,0,10,0,0,0,0
zc,TA305,2012-06-04 09:10:32.223,7440.0000,428,0,0.0000,0.0000,0,0,多换,B,7434.0000,0.0000,0.0000,0.0000,0.0000,7436.0000,0.0000,0.0000,0.0000,0.0000,6,0,0,0,0,10,0,0,0,0
zc,TA305,2012-06-04 09:10:35.723,7440.0000,428,0,0.0000,0.0000,0,0,多换,B,7434.0000,0.0000,0.0000,0.0000,0.0000,7436.0000,0.0000,0.0000,0.0000,0.0000,6,0,0,0,0,13,0,0,0,0
zc,TA305,2012-06-04 09:10:36.487,7434.0000,440,12,0.0000,12.0000,12,0,双开,S,7430.0000,0.0000,0.0000,0.0000,0.0000,7434.0000,0.0000,0.0000,0.0000,0.0000,1,0,0,0,0,4,0,0,0,0
zc,TA305,2012-06-04 09:10:37.503,7434.0000,440,0,0.0000,0.0000,0,0,空换,S,7430.0000,0.0000,0.0000,0.0000,0.0000,7434.0000,0.0000,0.0000,0.0000,0.0000,1,0,0,0,0,2,0,0,0,0
zc,TA305,2012-06-04 09:10:38.020,7434.0000,440,0,0.0000,0.0000,0,0,空换,S,7430.0000,0.0000,0.0000,0.0000,0.0000,7436.0000,0.0000,0.0000,0.0000,0.0000,1,0,0,0,0,4,0,0,0,0
zc,TA305,2012-06-04 09:10:38.737,7434.0000,440,0,0.0000,0.0000,0,0,空换,S,7430.0000,0.0000,0.0000,0.0000,0.0000,7432.0000,0.0000,0.0000,0.0000,0.0000,1,0,0,0,0,3,0,0,0,0
zc,TA305,2012-06-04 09:10:39.253,7434.0000,440,0,0.0000,0.0000,0,0,空换,S,7430.0000,0.0000,0.0000,0.0000,0.0000,7434.0000,0.0000,0.0000,0.0000,0.0000,1,0,0,0,0,4,0,0,0,0
zc,TA305,2012-06-04 09:10:40.487,7434.0000,440,0,0.0000,0.0000,0,0,空换,S,7430.0000,0.0000,0.0000,0.0000,0.0000,7432.0000,0.0000,0.0000,0.0000,0.0000,1,0,0,0,0,4,0,0,0,0
zc,TA305,2012-06-04 09:10:41.237,7434.0000,440,0,0.0000,0.0000,0,0,空换,S,7430.0000,0.0000,0.0000,0.0000,0.0000,7434.0000,0.0000,0.0000,0.0000,0.0000,1,0,0,0,0,4,0,0,0,0
zc,TA305,2012-06-04 09:10:44.503,7434.0000,440,0,0.0000,0.0000,0,0,空换,S,7430.0000,0.0000,0.0000,0.0000,0.0000,7432.0000,0.0000,0.0000,0.0000,0.0000,1,0,0,0,0,4,0,0,0,0
zc,TA305,2012-06-04 09:10:46.677,7430.0000,442,2,0.0000,2.0000,2,0,双开,S,7420.0000,0.0000,0.0000,0.0000,0.0000,7432.0000,0.0000,0.0000,0.0000,0.0000,1,0,0,0,0,3,0,0,0,0
zc,TA305,2012-06-04 09:10:47.190,7430.0000,442,0,0.0000,0.0000,0,0,空换,S,7418.0000,0.0000,0.0000,0.0000,0.0000,7432.0000,0.0000,0.0000,0.0000,0.0000,1,0,0,0,0,3,0,0,0,0
zc,TA305,2012-06-04 09:10:48.550,7430.0000,442,0,0.0000,0.0000,0,0,空换,S,7418.0000,0.0000,0.0000,0.0000,0.0000,7430.0000,0.0000,0.0000,0.0000,0.0000,1,0,0,0,0,3,0,0,0,0
zc,TA305,2012-06-04 09:10:49.783,7430.0000,442,0,0.0000,0.0000,0,0,空换,S,7416.0000,0.0000,0.0000,0.0000,0.0000,7430.0000,0.0000,0.0000,0.0000,0.0000,1,0,0,0,0,3,0,0,0,0
zc,TA305,2012-06-04 09:10:50.503,7430.0000,442,0,0.0000,0.0000,0,0,空换,S,7420.0000,0.0000,0.0000,0.0000,0.0000,7432.0000,0.0000,0.0000,0.0000,0.0000,1,0,0,0,0,3,0,0,0,0
zc,TA305,2012-06-04 09:10:50.973,7430.0000,442,0,0.0000,0.0000,0,0,空换,S,7420.0000,0.0000,0.0000,0.0000,0.0000,7434.0000,0.0000,0.0000,0.0000,0.0000,1,0,0,0,0,6,0,0,0,0
zc,TA305,2012-06-04 09:10:53.003,7430.0000,442,0,0.0000,0.0000,0,0,空换,S,7420.0000,0.0000,0.0000,0.0000,0.0000,7432.0000,0.0000,0.0000,0.0000,0.0000,1,0,0,0,0,3,0,0,0,0
zc,TA305,2012-06-04 09:10:55.190,7430.0000,442,0,0.0000,0.0000,0,0,空换,S,7420.0000,0.0000,0.0000,0.0000,0.0000,7434.0000,0.0000,0.0000,0.0000,0.0000,1,0,0,0,0,6,0,0,0,0
zc,TA305,2012-06-04 09:10:58.520,7430.0000,442,0,0.0000,0.0000,0,0,空换,S,7420.0000,0.0000,0.0000,0.0000,0.0000,7432.0000,0.0000,0.0000,0.0000,0.0000,1,0,0,0,0,3,0,0,0,0
zc,TA305,2012-06-04 09:10:59.080,7430.0000,442,0,0.0000,0.0000,0,0,空换,S,7420.0000,0.0000,0.0000,0.0000,0.0000,7438.0000,0.0000,0.0000,0.0000,0.0000,1,0,0,0,0,3,0,0,0,0
zc,TA305,2012-06-04 09:10:59.707,7430.0000,442,0,0.0000,0.0000,0,0,空换,S,7420.0000,0.0000,0.0000,0.0000,0.0000,7436.0000,0.0000,0.0000,0.0000,0.0000,1,0,0,0,0,3,0,0,0,0
zc,TA305,2012-06-04 09:11:01.487,7430.0000,442,0,0.0000,0.0000,0,0,空换,S,7420.0000,0.0000,0.0000,0.0000,0.0000,7434.0000,0.0000,0.0000,0.0000,0.0000,1,0,0,0,0,3,0,0,0,0
zc,TA305,2012-06-04 09:11:02.723,7430.0000,442,0,0.0000,0.0000,0,0,空换,S,7420.0000,0.0000,0.0000,0.0000,0.0000,7438.0000,0.0000,0.0000,0.0000,0.0000,1,0,0,0,0,3,0,0,0,0
zc,TA305,2012-06-04 09:11:03.190,7430.0000,442,0,0.0000,0.0000,0,0,空换,S,7420.0000,0.0000,0.0000,0.0000,0.0000,7436.0000,0.0000,0.0000,0.0000,0.0000,1,0,0,0,0,3,0,0,0,0
zc,TA305,2012-06-04 09:11:04.503,7430.0000,442,0,0.0000,0.0000,0,0,空换,S,7424.0000,0.0000,0.0000,0.0000,0.0000,7436.0000,0.0000,0.0000,0.0000,0.0000,1,0,0,0,0,3,0,0,0,0
zc,TA305,2012-06-04 09:11:05.223,7430.0000,442,0,0.0000,0.0000,0,0,空换,S,7422.0000,0.0000,0.0000,0.0000,0.0000,7438.0000,0.0000,0.0000,0.0000,0.0000,1,0,0,0,0,3,0,0,0,0
zc,TA305,2012-06-04 09:11:06.987,7430.0000,442,0,0.0000,0.0000,0,0,空换,S,7422.0000,0.0000,0.0000,0.0000,0.0000,7438.0000,0.0000,0.0000,0.0000,0.0000,1,0,0,0,0,6,0,0,0,0
zc,TA305,2012-06-04 09:11:08.190,7430.0000,442,0,0.0000,0.0000,0,0,空换,S,7422.0000,0.0000,0.0000,0.0000,0.0000,7436.0000,0.0000,0.0000,0.0000,0.0000,1,0,0,0,0,1,0,0,0,0
zc,TA305,2012-06-04 09:11:09.503,7430.0000,442,0,0.0000,0.0000,0,0,空换,S,7422.0000,0.0000,0.0000,0.0000,0.0000,7438.0000,0.0000,0.0000,0.0000,0.0000,1,0,0,0,0,3,0,0,0,0
zc,TA305,2012-06-04 09:11:09.987,7430.0000,442,0,0.0000,0.0000,0,0,空换,S,7422.0000,0.0000,0.0000,0.0000,0.0000,7438.0000,0.0000,0.0000,0.0000,0.0000,1,0,0,0,0,4,0,0,0,0
zc,TA305,2012-06-04 09:11:10.737,7430.0000,442,0,0.0000,0.0000,0,0,空换,S,7422.0000,0.0000,0.0000,0.0000,0.0000,7438.0000,0.0000,0.0000,0.0000,0.0000,1,0,0,0,0,3,0,0,0,0
zc,TA305,2012-06-04 09:11:12.003,7430.0000,442,0,0.0000,0.0000,0,0,空换,S,7424.0000,0.0000,0.0000,0.0000,0.0000,7436.0000,0.0000,0.0000,0.0000,0.0000,1,0,0,0,0,3,0,0,0,0
zc,TA305,2012-06-04 09:11:13.207,7430.0000,442,0,0.0000,0.0000,0,0,空换,S,7422.0000,0.0000,0.0000,0.0000,0.0000,7436.0000,0.0000,0.0000,0.0000,0.0000,1,0,0,0,0,3,0,0,0,0
zc,TA305,2012-06-04 09:11:14.473,7430.0000,442,0,0.0000,0.0000,0,0,空换,S,7422.0000,0.0000,0.0000,0.0000,0.0000,7436.0000,0.0000,0.0000,0.0000,0.0000,1,0,0,0,0,2,0,0,0,0
zc,TA305,2012-06-04 09:11:14.987,7430.0000,442,0,0.0000,0.0000,0,0,空换,S,7420.0000,0.0000,0.0000,0.0000,0.0000,7436.0000,0.0000,0.0000,0.0000,0.0000,1,0,0,0,0,2,0,0,0,0
zc,TA305,2012-06-04 09:11:16.190,7430.0000,442,0,0.0000,0.0000,0,0,空换,S,7424.0000,0.0000,0.0000,0.0000,0.0000,7438.0000,0.0000,0.0000,0.0000,0.0000,1,0,0,0,0,3,0,0,0,0
zc,TA305,2012-06-04 09:11:16.987,7436.0000,444,2,0.0000,2.0000,2,0,双开,B,7420.0000,0.0000,0.0000,0.0000,0.0000,7436.0000,0.0000,0.0000,0.0000,0.0000,1,0,0,0,0,2,0,0,0,0
zc,TA305,2012-06-04 09:11:20.707,7436.0000,444,0,0.0000,0.0000,0,0,多换,B,7420.0000,0.0000,0.0000,0.0000,0.0000,7438.0000,0.0000,0.0000,0.0000,0.0000,1,0,0,0,0,5,0,0,0,0
zc,TA305,2012-06-04 09:11:21.223,7436.0000,444,0,0.0000,0.0000,0,0,多换,B,7420.0000,0.0000,0.0000,0.0000,0.0000,7434.0000,0.0000,0.0000,0.0000,0.0000,1,0,0,0,0,3,0,0,0,0
zc,TA305,2012-06-04 09:11:22.440,7436.0000,444,0,0.0000,0.0000,0,0,多换,B,7420.0000,0.0000,0.0000,0.0000,0.0000,7436.0000,0.0000,0.0000,0.0000,0.0000,1,0,0,0,0,2,0,0,0,0
zc,TA305,2012-06-04 09:11:24.190,7436.0000,444,0,0.0000,0.0000,0,0,多换,B,7422.0000,0.0000,0.0000,0.0000,0.0000,7436.0000,0.0000,0.0000,0.0000,0.0000,1,0,0,0,0,2,0,0,0,0
zc,TA305,2012-06-04 09:11:24.927,7436.0000,444,0,0.0000,0.0000,0,0,多换,B,7422.0000,0.0000,0.0000,0.0000,0.0000,7436.0000,0.0000,0.0000,0.0000,0.0000,1,0,0,0,0,3,0,0,0,0
zc,TA305,2012-06-04 09:11:26.737,7436.0000,444,0,0.0000,0.0000,0,0,多换,B,7420.0000,0.0000,0.0000,0.0000,0.0000,7434.0000,0.0000,0.0000,0.0000,0.0000,1,0,0,0,0,2,0,0,0,0
zc,TA305,2012-06-04 09:11:27.177,7436.0000,444,0,0.0000,0.0000,0,0,多换,B,7420.0000,0.0000,0.0000,0.0000,0.0000,7436.0000,0.0000,0.0000,0.0000,0.0000,1,0,0,0,0,3,0,0,0,0
zc,TA305,2012-06-04 09:11:31.677,7436.0000,444,0,0.0000,0.0000,0,0,多换,B,7424.0000,0.0000,0.0000,0.0000,0.0000,7438.0000,0.0000,0.0000,0.0000,0.0000,1,0,0,0,0,3,0,0,0,0
zc,TA305,2012-06-04 09:11:32.690,7436.0000,444,0,0.0000,0.0000,0,0,多换,B,7426.0000,0.0000,0.0000,0.0000,0.0000,7440.0000,0.0000,0.0000,0.0000,0.0000,1,0,0,0,0,7,0,0,0,0
zc,TA305,2012-06-04 09:11:35.737,7436.0000,444,0,0.0000,0.0000,0,0,多换,B,7426.0000,0.0000,0.0000,0.0000,0.0000,7438.0000,0.0000,0.0000,0.0000,0.0000,1,0,0,0,0,2,0,0,0,0
zc,TA305,2012-06-04 09:11:36.487,7436.0000,444,0,0.0000,0.0000,0,0,多换,B,7426.0000,0.0000,0.0000,0.0000,0.0000,7440.0000,0.0000,0.0000,0.0000,0.0000,1,0,0,0,0,7,0,0,0,0
zc,TA305,2012-06-04 09:11:38.707,7436.0000,444,0,0.0000,0.0000,0,0,多换,B,7424.0000,0.0000,0.0000,0.0000,0.0000,7440.0000,0.0000,0.0000,0.0000,0.0000,1,0,0,0,0,7,0,0,0,0
zc,TA305,2012-06-04 09:11:42.223,7436.0000,444,0,0.0000,0.0000,0,0,多换,B,7424.0000,0.0000,0.0000,0.0000,0.0000,7438.0000,0.0000,0.0000,0.0000,0.0000,1,0,0,0,0,2,0,0,0,0
zc,TA305,2012-06-04 09:11:43.440,7436.0000,444,0,0.0000,0.0000,0,0,多换,B,7426.0000,0.0000,0.0000,0.0000,0.0000,7438.0000,0.0000,0.0000,0.0000,0.0000,1,0,0,0,0,2,0,0,0,0
zc,TA305,2012-06-04 09:11:43.987,7436.0000,444,0,0.0000,0.0000,0,0,多换,B,7424.0000,0.0000,0.0000,0.0000,0.0000,7438.0000,0.0000,0.0000,0.0000,0.0000,1,0,0,0,0,2,0,0,0,0
zc,TA305,2012-06-04 09:11:44.973,7436.0000,444,0,0.0000,0.0000,0,0,多换,B,7424.0000,0.0000,0.0000,0.0000,0.0000,7436.0000,0.0000,0.0000,0.0000,0.0000,1,0,0,0,0,2,0,0,0,0
zc,TA305,2012-06-04 09:11:46.363,7436.0000,444,0,0.0000,0.0000,0,0,多换,B,7424.0000,0.0000,0.0000,0.0000,0.0000,7436.0000,0.0000,0.0000,0.0000,0.0000,1,0,0,0,0,2,0,0,0,0
zc,TA305,2012-06-04 09:11:46.677,7436.0000,444,0,0.0000,0.0000,0,0,多换,B,7424.0000,0.0000,0.0000,0.0000,0.0000,7438.0000,0.0000,0.0000,0.0000,0.0000,1,0,0,0,0,2,0,0,0,0
zc,TA305,2012-06-04 09:11:48.927,7436.0000,444,0,0.0000,0.0000,0,0,多换,B,7426.0000,0.0000,0.0000,0.0000,0.0000,7438.0000,0.0000,0.0000,0.0000,0.0000,1,0,0,0,0,2,0,0,0,0
zc,TA305,2012-06-04 09:11:50.190,7436.0000,444,0,0.0000,0.0000,0,0,多换,B,7426.0000,0.0000,0.0000,0.0000,0.0000,7440.0000,0.0000,0.0000,0.0000,0.0000,1,0,0,0,0,5,0,0,0,0
zc,TA305,2012-06-04 09:11:53.207,7436.0000,444,0,0.0000,0.0000,0,0,多换,B,7428.0000,0.0000,0.0000,0.0000,0.0000,7440.0000,0.0000,0.0000,0.0000,0.0000,1,0,0,0,0,4,0,0,0,0
zc,TA305,2012-06-04 09:11:59.223,7436.0000,444,0,0.0000,0.0000,0,0,多换,B,7426.0000,0.0000,0.0000,0.0000,0.0000,7440.0000,0.0000,0.0000,0.0000,0.0000,1,0,0,0,0,4,0,0,0,0
zc,TA305,2012-06-04 09:12:04.927,7436.0000,444,0,0.0000,0.0000,0,0,多换,B,7428.0000,0.0000,0.0000,0.0000,0.0000,7440.0000,0.0000,0.0000,0.0000,0.0000,1,0,0,0,0,4,0,0,0,0
zc,TA305,2012-06-04 09:12:06.690,7436.0000,444,0,0.0000,0.0000,0,0,多换,B,7428.0000,0.0000,0.0000,0.0000,0.0000,7440.0000,0.0000,0.0000,0.0000,0.0000,1,0,0,0,0,2,0,0,0,0
zc,TA305,2012-06-04 09:12:13.427,7436.0000,444,0,0.0000,0.0000,0,0,多换,B,7428.0000,0.0000,0.0000,0.0000,0.0000,7440.0000,0.0000,0.0000,0.0000,0.0000,1,0,0,0,0,4,0,0,0,0
zc,TA305,2012-06-04 09:12:15.707,7436.0000,444,0,0.0000,0.0000,0,0,多换,B,7428.0000,0.0000,0.0000,0.0000,0.0000,7438.0000,0.0000,0.0000,0.0000,0.0000,1,0,0,0,0,2,0,0,0,0
zc,TA305,2012-06-04 09:12:19.707,7436.0000,444,0,0.0000,0.0000,0,0,多换,B,7428.0000,0.0000,0.0000,0.0000,0.0000,7440.0000,0.0000,0.0000,0.0000,0.0000,1,0,0,0,0,4,0,0,0,0
zc,TA305,2012-06-04 09:12:26.177,7436.0000,444,0,0.0000,0.0000,0,0,多换,B,7430.0000,0.0000,0.0000,0.0000,0.0000,7440.0000,0.0000,0.0000,0.0000,0.0000,1,0,0,0,0,4,0,0,0,0
zc,TA305,2012-06-04 09:12:27.410,7436.0000,444,0,0.0000,0.0000,0,0,多换,B,7430.0000,0.0000,0.0000,0.0000,0.0000,7440.0000,0.0000,0.0000,0.0000,0.0000,1,0,0,0,0,2,0,0,0,0
zc,TA305,2012-06-04 09:12:32.473,7436.0000,444,0,0.0000,0.0000,0,0,多换,B,7432.0000,0.0000,0.0000,0.0000,0.0000,7440.0000,0.0000,0.0000,0.0000,0.0000,1,0,0,0,0,2,0,0,0,0
zc,TA305,2012-06-04 09:12:35.940,7436.0000,444,0,0.0000,0.0000,0,0,多换,B,7430.0000,0.0000,0.0000,0.0000,0.0000,7440.0000,0.0000,0.0000,0.0000,0.0000,1,0,0,0,0,2,0,0,0,0
zc,TA305,2012-06-04 09:12:38.487,7440.0000,442,-2,0.0000,4.0000,1,3,空平,B,7440.0000,0.0000,0.0000,0.0000,0.0000,7446.0000,0.0000,0.0000,0.0000,0.0000,1,0,0,0,0,2,0,0,0,0
zc,TA305,2012-06-04 09:12:39.737,7440.0000,442,0,0.0000,0.0000,0,0,多换,B,7432.0000,0.0000,0.0000,0.0000,0.0000,7442.0000,0.0000,0.0000,0.0000,0.0000,1,0,0,0,0,2,0,0,0,0
zc,TA305,2012-06-04 09:12:40.737,7440.0000,442,0,0.0000,0.0000,0,0,多换,B,7434.0000,0.0000,0.0000,0.0000,0.0000,7448.0000,0.0000,0.0000,0.0000,0.0000,1,0,0,0,0,2,0,0,0,0
zc,TA305,2012-06-04 09:12:44.190,7440.0000,442,0,0.0000,0.0000,0,0,多换,B,7434.0000,0.0000,0.0000,0.0000,0.0000,7450.0000,0.0000,0.0000,0.0000,0.0000,1,0,0,0,0,2,0,0,0,0
zc,TA305,2012-06-04 09:12:44.677,7440.0000,442,0,0.0000,0.0000,0,0,多换,B,7434.0000,0.0000,0.0000,0.0000,0.0000,7448.0000,0.0000,0.0000,0.0000,0.0000,1,0,0,0,0,2,0,0,0,0
zc,TA305,2012-06-04 09:12:45.190,7440.0000,442,0,0.0000,0.0000,0,0,多换,B,7440.0000,0.0000,0.0000,0.0000,0.0000,7448.0000,0.0000,0.0000,0.0000,0.0000,1,0,0,0,0,2,0,0,0,0
zc,TA305,2012-06-04 09:12:45.927,7440.0000,442,0,0.0000,0.0000,0,0,多换,B,7440.0000,0.0000,0.0000,0.0000,0.0000,7450.0000,0.0000,0.0000,0.0000,0.0000,1,0,0,0,0,2,0,0,0,0
zc,TA305,2012-06-04 09:12:46.550,7440.0000,442,0,0.0000,0.0000,0,0,多换,B,7434.0000,0.0000,0.0000,0.0000,0.0000,7448.0000,0.0000,0.0000,0.0000,0.0000,1,0,0,0,0,2,0,0,0,0
zc,TA305,2012-06-04 09:12:47.690,7440.0000,442,0,0.0000,0.0000,0,0,多换,B,7436.0000,0.0000,0.0000,0.0000,0.0000,7448.0000,0.0000,0.0000,0.0000,0.0000,1,0,0,0,0,2,0,0,0,0
zc,TA305,2012-06-04 09:12:48.927,7440.0000,442,0,0.0000,0.0000,0,0,多换,B,7436.0000,0.0000,0.0000,0.0000,0.0000,7450.0000,0.0000,0.0000,0.0000,0.0000,1,0,0,0,0,2,0,0,0,0
zc,TA305,2012-06-04 09:12:49.940,7440.0000,442,0,0.0000,0.0000,0,0,多换,B,7436.0000,0.0000,0.0000,0.0000,0.0000,7448.0000,0.0000,0.0000,0.0000,0.0000,1,0,0,0,0,2,0,0,0,0
zc,TA305,2012-06-04 09:12:50.427,7436.0000,440,-2,0.0000,2.0000,0,2,双平,S,7434.0000,0.0000,0.0000,0.0000,0.0000,7436.0000,0.0000,0.0000,0.0000,0.0000,1,0,0,0,0,4,0,0,0,0
zc,TA305,2012-06-04 09:12:51.677,7436.0000,440,0,0.0000,0.0000,0,0,空换,S,7432.0000,0.0000,0.0000,0.0000,0.0000,7436.0000,0.0000,0.0000,0.0000,0.0000,1,0,0,0,0,4,0,0,0,0
zc,TA305,2012-06-04 09:12:53.127,7436.0000,438,-2,0.0000,2.0000,0,2,双平,S,7430.0000,0.0000,0.0000,0.0000,0.0000,7436.0000,0.0000,0.0000,0.0000,0.0000,1,0,0,0,0,3,0,0,0,0
zc,TA305,2012-06-04 09:12:53.927,7436.0000,438,0,0.0000,0.0000,0,0,空换,S,7432.0000,0.0000,0.0000,0.0000,0.0000,7436.0000,0.0000,0.0000,0.0000,0.0000,1,0,0,0,0,3,0,0,0,0
zc,TA305,2012-06-04 09:12:56.893,7436.0000,438,0,0.0000,0.0000,0,0,空换,S,7434.0000,0.0000,0.0000,0.0000,0.0000,7436.0000,0.0000,0.0000,0.0000,0.0000,1,0,0,0,0,3,0,0,0,0
zc,TA305,2012-06-04 09:13:00.723,7436.0000,438,0,0.0000,0.0000,0,0,空换,S,7432.0000,0.0000,0.0000,0.0000,0.0000,7436.0000,0.0000,0.0000,0.0000,0.0000,1,0,0,0,0,3,0,0,0,0
zc,TA305,2012-06-04 09:13:11.473,7436.0000,438,0,0.0000,0.0000,0,0,空换,S,7430.0000,0.0000,0.0000,0.0000,0.0000,7436.0000,0.0000,0.0000,0.0000,0.0000,1,0,0,0,0,3,0,0,0,0
zc,TA305,2012-06-04 09:13:14.237,7436.0000,438,0,0.0000,0.0000,0,0,空换,S,7432.0000,0.0000,0.0000,0.0000,0.0000,7436.0000,0.0000,0.0000,0.0000,0.0000,1,0,0,0,0,3,0,0,0,0
zc,TA305,2012-06-04 09:13:16.910,7436.0000,438,0,0.0000,0.0000,0,0,空换,S,7428.0000,0.0000,0.0000,0.0000,0.0000,7436.0000,0.0000,0.0000,0.0000,0.0000,1,0,0,0,0,3,0,0,0,0
zc,TA305,2012-06-04 09:13:18.160,7436.0000,438,0,0.0000,0.0000,0,0,空换,S,7432.0000,0.0000,0.0000,0.0000,0.0000,7436.0000,0.0000,0.0000,0.0000,0.0000,1,0,0,0,0,3,0,0,0,0
zc,TA305,2012-06-04 09:13:19.457,7436.0000,438,0,0.0000,0.0000,0,0,空换,S,7424.0000,0.0000,0.0000,0.0000,0.0000,7436.0000,0.0000,0.0000,0.0000,0.0000,1,0,0,0,0,3,0,0,0,0
zc,TA305,2012-06-04 09:13:40.987,7436.0000,438,0,0.0000,0.0000,0,0,空换,S,7424.0000,0.0000,0.0000,0.0000,0.0000,7444.0000,0.0000,0.0000,0.0000,0.0000,1,0,0,0,0,1,0,0,0,0
zc,TA305,2012-06-04 09:13:42.113,7436.0000,438,0,0.0000,0.0000,0,0,空换,S,7426.0000,0.0000,0.0000,0.0000,0.0000,7444.0000,0.0000,0.0000,0.0000,0.0000,1,0,0,0,0,1,0,0,0,0
zc,TA305,2012-06-04 09:13:45.503,7436.0000,438,0,0.0000,0.0000,0,0,空换,S,7432.0000,0.0000,0.0000,0.0000,0.0000,7446.0000,0.0000,0.0000,0.0000,0.0000,1,0,0,0,0,3,0,0,0,0
zc,TA305,2012-06-04 09:13:46.347,7436.0000,438,0,0.0000,0.0000,0,0,空换,S,7432.0000,0.0000,0.0000,0.0000,0.0000,7446.0000,0.0000,0.0000,0.0000,0.0000,1,0,0,0,0,3,0,0,0,0
zc,TA305,2012-06-04 09:13:47.737,7436.0000,438,0,0.0000,0.0000,0,0,空换,S,7428.0000,0.0000,0.0000,0.0000,0.0000,7444.0000,0.0000,0.0000,0.0000,0.0000,1,0,0,0,0,2,0,0,0,0
zc,TA305,2012-06-04 09:13:48.253,7436.0000,438,0,0.0000,0.0000,0,0,空换,S,7428.0000,0.0000,0.0000,0.0000,0.0000,7444.0000,0.0000,0.0000,0.0000,0.0000,1,0,0,0,0,3,0,0,0,0
zc,TA305,2012-06-04 09:13:48.737,7436.0000,438,0,0.0000,0.0000,0,0,空换,S,7424.0000,0.0000,0.0000,0.0000,0.0000,7442.0000,0.0000,0.0000,0.0000,0.0000,1,0,0,0,0,2,0,0,0,0
zc,TA305,2012-06-04 09:13:49.393,7436.0000,438,0,0.0000,0.0000,0,0,空换,S,7420.0000,0.0000,0.0000,0.0000,0.0000,7434.0000,0.0000,0.0000,0.0000,0.0000,1,0,0,0,0,1,0,0,0,0
zc,TA305,2012-06-04 09:13:49.927,7436.0000,438,0,0.0000,0.0000,0,0,空换,S,7420.0000,0.0000,0.0000,0.0000,0.0000,7428.0000,0.0000,0.0000,0.0000,0.0000,1,0,0,0,0,3,0,0,0,0
zc,TA305,2012-06-04 09:13:53.457,7428.0000,434,-4,0.0000,4.0000,0,4,双平,S,7426.0000,0.0000,0.0000,0.0000,0.0000,7428.0000,0.0000,0.0000,0.0000,0.0000,1,0,0,0,0,1,0,0,0,0
zc,TA305,2012-06-04 09:13:55.940,7428.0000,434,0,0.0000,0.0000,0,0,空换,S,7424.0000,0.0000,0.0000,0.0000,0.0000,7428.0000,0.0000,0.0000,0.0000,0.0000,1,0,0,0,0,1,0,0,0,0
zc,TA305,2012-06-04 09:13:56.910,7428.0000,434,0,0.0000,0.0000,0,0,空换,S,7420.0000,0.0000,0.0000,0.0000,0.0000,7428.0000,0.0000,0.0000,0.0000,0.0000,1,0,0,0,0,1,0,0,0,0
zc,TA305,2012-06-04 09:13:59.957,7428.0000,434,0,0.0000,0.0000,0,0,空换,S,7422.0000,0.0000,0.0000,0.0000,0.0000,7428.0000,0.0000,0.0000,0.0000,0.0000,1,0,0,0,0,1,0,0,0,0
zc,TA305,2012-06-04 09:14:02.677,7428.0000,434,0,0.0000,0.0000,0,0,空换,S,7424.0000,0.0000,0.0000,0.0000,0.0000,7428.0000,0.0000,0.0000,0.0000,0.0000,1,0,0,0,0,1,0,0,0,0
zc,TA305,2012-06-04 09:14:05.177,7428.0000,434,0,0.0000,0.0000,0,0,空换,S,7420.0000,0.0000,0.0000,0.0000,0.0000,7428.0000,0.0000,0.0000,0.0000,0.0000,1,0,0,0,0,1,0,0,0,0
zc,TA305,2012-06-04 09:14:05.660,7428.0000,434,0,0.0000,0.0000,0,0,空换,S,7422.0000,0.0000,0.0000,0.0000,0.0000,7428.0000,0.0000,0.0000,0.0000,0.0000,1,0,0,0,0,1,0,0,0,0
zc,TA305,2012-06-04 09:14:12.457,7428.0000,434,0,0.0000,0.0000,0,0,空换,S,7424.0000,0.0000,0.0000,0.0000,0.0000,7428.0000,0.0000,0.0000,0.0000,0.0000,1,0,0,0,0,1,0,0,0,0
zc,TA305,2012-06-04 09:14:13.177,7428.0000,434,0,0.0000,0.0000,0,0,空换,S,7420.0000,0.0000,0.0000,0.0000,0.0000,7428.0000,0.0000,0.0000,0.0000,0.0000,1,0,0,0,0,1,0,0,0,0
zc,TA305,2012-06-04 09:14:19.427,7428.0000,434,0,0.0000,0.0000,0,0,空换,S,7418.0000,0.0000,0.0000,0.0000,0.0000,7428.0000,0.0000,0.0000,0.0000,0.0000,1,0,0,0,0,1,0,0,0,0
zc,TA305,2012-06-04 09:14:20.910,7428.0000,434,0,0.0000,0.0000,0,0,空换,S,7420.0000,0.0000,0.0000,0.0000,0.0000,7428.0000,0.0000,0.0000,0.0000,0.0000,1,0,0,0,0,1,0,0,0,0
zc,TA305,2012-06-04 09:14:21.690,7428.0000,434,0,0.0000,0.0000,0,0,空换,S,7422.0000,0.0000,0.0000,0.0000,0.0000,7428.0000,0.0000,0.0000,0.0000,0.0000,1,0,0,0,0,1,0,0,0,0
zc,TA305,2012-06-04 09:14:38.973,7428.0000,434,0,0.0000,0.0000,0,0,空换,S,7424.0000,0.0000,0.0000,0.0000,0.0000,7428.0000,0.0000,0.0000,0.0000,0.0000,1,0,0,0,0,1,0,0,0,0
zc,TA305,2012-06-04 09:14:39.473,7428.0000,434,0,0.0000,0.0000,0,0,空换,S,7422.0000,0.0000,0.0000,0.0000,0.0000,7428.0000,0.0000,0.0000,0.0000,0.0000,1,0,0,0,0,1,0,0,0,0
