市场代码,合约代码,时间,最新,持仓,增仓,成交额,成交量,开仓,平仓,成交类型,方向,买一价,买二价,买三价,买四价,买五价,卖一价,卖二价,卖三价,卖四价,卖五价,买一量,买二量,买三量,买四量,买五量,卖一量,卖二量,卖三量,卖四量,卖五量
zc,TA301,2012-06-04 07:54:44.427,0.0000,82532,0,0.0000,0.0000,0,0,空换,S,0.0000,0.0000,0.0000,0.0000,0.0000,0.0000,0.0000,0.0000,0.0000,0.0000,0,0,0,0,0,0,0,0,0,0
zc,TA301,2012-06-04 07:56:44.440,0.0000,82532,0,0.0000,0.0000,0,0,空换,S,0.0000,0.0000,0.0000,0.0000,0.0000,0.0000,0.0000,0.0000,0.0000,0.0000,0,0,0,0,0,0,0,0,0,0
zc,TA301,2012-06-04 07:58:44.427,0.0000,82532,0,0.0000,0.0000,0,0,空换,S,0.0000,0.0000,0.0000,0.0000,0.0000,0.0000,0.0000,0.0000,0.0000,0.0000,0,0,0,0,0,0,0,0,0,0
zc,TA301,2012-06-04 08:00:44.427,0.0000,82532,0,0.0000,0.0000,0,0,空换,S,0.0000,0.0000,0.0000,0.0000,0.0000,0.0000,0.0000,0.0000,0.0000,0.0000,0,0,0,0,0,0,0,0,0,0
zc,TA301,2012-06-04 08:15:46.393,0.0000,82532,0,0.0000,0.0000,0,0,空换,S,0.0000,0.0000,0.0000,0.0000,0.0000,0.0000,0.0000,0.0000,0.0000,0.0000,0,0,0,0,0,0,0,0,0,0
zc,TA301,2012-06-04 08:40:46.363,0.0000,82532,0,0.0000,0.0000,0,0,空换,S,0.0000,0.0000,0.0000,0.0000,0.0000,0.0000,0.0000,0.0000,0.0000,0.0000,0,0,0,0,0,0,0,0,0,0
zc,TA301,2012-06-04 08:42:46.363,0.0000,82532,0,0.0000,0.0000,0,0,空换,S,0.0000,0.0000,0.0000,0.0000,0.0000,0.0000,0.0000,0.0000,0.0000,0.0000,0,0,0,0,0,0,0,0,0,0
zc,TA301,2012-06-04 08:43:46.363,0.0000,82532,0,0.0000,0.0000,0,0,空换,S,0.0000,0.0000,0.0000,0.0000,0.0000,0.0000,0.0000,0.0000,0.0000,0.0000,0,0,0,0,0,0,0,0,0,0
zc,TA301,2012-06-04 08:46:46.363,0.0000,82532,0,0.0000,0.0000,0,0,空换,S,0.0000,0.0000,0.0000,0.0000,0.0000,0.0000,0.0000,0.0000,0.0000,0.0000,0,0,0,0,0,0,0,0,0,0
zc,TA301,2012-06-04 08:55:01.613,0.0000,82532,0,0.0000,0.0000,0,0,空换,S,0.0000,0.0000,0.0000,0.0000,0.0000,0.0000,0.0000,0.0000,0.0000,0.0000,0,0,0,0,0,0,0,0,0,0
zc,TA301,2012-06-04 08:55:02.127,0.0000,82532,0,0.0000,0.0000,0,0,空换,S,0.0000,0.0000,0.0000,0.0000,0.0000,0.0000,0.0000,0.0000,0.0000,0.0000,0,0,0,0,0,0,0,0,0,0
zc,TA301,2012-06-04 08:55:04.847,0.0000,82532,0,0.0000,0.0000,0,0,空换,S,0.0000,0.0000,0.0000,0.0000,0.0000,0.0000,0.0000,0.0000,0.0000,0.0000,0,0,0,0,0,0,0,0,0,0
zc,TA301,2012-06-04 08:55:05.597,0.0000,82532,0,0.0000,0.0000,0,0,空换,S,0.0000,0.0000,0.0000,0.0000,0.0000,0.0000,0.0000,0.0000,0.0000,0.0000,0,0,0,0,0,0,0,0,0,0
zc,TA301,2012-06-04 08:55:07.113,0.0000,82532,0,0.0000,0.0000,0,0,空换,S,0.0000,0.0000,0.0000,0.0000,0.0000,0.0000,0.0000,0.0000,0.0000,0.0000,0,0,0,0,0,0,0,0,0,0
zc,TA301,2012-06-04 08:55:13.597,0.0000,82532,0,0.0000,0.0000,0,0,空换,S,0.0000,0.0000,0.0000,0.0000,0.0000,0.0000,0.0000,0.0000,0.0000,0.0000,0,0,0,0,0,0,0,0,0,0
zc,TA301,2012-06-04 08:55:17.597,0.0000,82532,0,0.0000,0.0000,0,0,空换,S,0.0000,0.0000,0.0000,0.0000,0.0000,0.0000,0.0000,0.0000,0.0000,0.0000,0,0,0,0,0,0,0,0,0,0
zc,TA301,2012-06-04 08:55:22.847,0.0000,82532,0,0.0000,0.0000,0,0,空换,S,0.0000,0.0000,0.0000,0.0000,0.0000,0.0000,0.0000,0.0000,0.0000,0.0000,0,0,0,0,0,0,0,0,0,0
zc,TA301,2012-06-04 08:55:23.363,0.0000,82532,0,0.0000,0.0000,0,0,空换,S,0.0000,0.0000,0.0000,0.0000,0.0000,0.0000,0.0000,0.0000,0.0000,0.0000,0,0,0,0,0,0,0,0,0,0
zc,TA301,2012-06-04 08:55:28.363,0.0000,82532,0,0.0000,0.0000,0,0,空换,S,0.0000,0.0000,0.0000,0.0000,0.0000,0.0000,0.0000,0.0000,0.0000,0.0000,0,0,0,0,0,0,0,0,0,0
zc,TA301,2012-06-04 08:55:30.597,0.0000,82532,0,0.0000,0.0000,0,0,空换,S,0.0000,0.0000,0.0000,0.0000,0.0000,0.0000,0.0000,0.0000,0.0000,0.0000,0,0,0,0,0,0,0,0,0,0
zc,TA301,2012-06-04 08:55:35.363,0.0000,82532,0,0.0000,0.0000,0,0,空换,S,0.0000,0.0000,0.0000,0.0000,0.0000,0.0000,0.0000,0.0000,0.0000,0.0000,0,0,0,0,0,0,0,0,0,0
zc,TA301,2012-06-04 08:56:01.863,0.0000,82532,0,0.0000,0.0000,0,0,空换,S,0.0000,0.0000,0.0000,0.0000,0.0000,0.0000,0.0000,0.0000,0.0000,0.0000,0,0,0,0,0,0,0,0,0,0
zc,TA301,2012-06-04 08:56:02.347,0.0000,82532,0,0.0000,0.0000,0,0,空换,S,0.0000,0.0000,0.0000,0.0000,0.0000,0.0000,0.0000,0.0000,0.0000,0.0000,0,0,0,0,0,0,0,0,0,0
zc,TA301,2012-06-04 08:56:14.347,0.0000,82532,0,0.0000,0.0000,0,0,空换,S,0.0000,0.0000,0.0000,0.0000,0.0000,0.0000,0.0000,0.0000,0.0000,0.0000,0,0,0,0,0,0,0,0,0,0
zc,TA301,2012-06-04 08:56:39.847,0.0000,82532,0,0.0000,0.0000,0,0,空换,S,0.0000,0.0000,0.0000,0.0000,0.0000,0.0000,0.0000,0.0000,0.0000,0.0000,0,0,0,0,0,0,0,0,0,0
zc,TA301,2012-06-04 08:56:45.597,0.0000,82532,0,0.0000,0.0000,0,0,空换,S,0.0000,0.0000,0.0000,0.0000,0.0000,0.0000,0.0000,0.0000,0.0000,0.0000,0,0,0,0,0,0,0,0,0,0
zc,TA301,2012-06-04 08:56:46.363,0.0000,82532,0,0.0000,0.0000,0,0,空换,S,0.0000,0.0000,0.0000,0.0000,0.0000,0.0000,0.0000,0.0000,0.0000,0.0000,0,0,0,0,0,0,0,0,0,0
zc,TA301,2012-06-04 08:56:54.847,0.0000,82532,0,0.0000,0.0000,0,0,空换,S,0.0000,0.0000,0.0000,0.0000,0.0000,0.0000,0.0000,0.0000,0.0000,0.0000,0,0,0,0,0,0,0,0,0,0
zc,TA301,2012-06-04 08:57:08.597,0.0000,82532,0,0.0000,0.0000,0,0,空换,S,0.0000,0.0000,0.0000,0.0000,0.0000,0.0000,0.0000,0.0000,0.0000,0.0000,0,0,0,0,0,0,0,0,0,0
zc,TA301,2012-06-04 08:57:10.347,0.0000,82532,0,0.0000,0.0000,0,0,空换,S,0.0000,0.0000,0.0000,0.0000,0.0000,0.0000,0.0000,0.0000,0.0000,0.0000,0,0,0,0,0,0,0,0,0,0
zc,TA301,2012-06-04 08:57:11.363,0.0000,82532,0,0.0000,0.0000,0,0,空换,S,0.0000,0.0000,0.0000,0.0000,0.0000,0.0000,0.0000,0.0000,0.0000,0.0000,0,0,0,0,0,0,0,0,0,0
zc,TA301,2012-06-04 08:57:12.877,0.0000,82532,0,0.0000,0.0000,0,0,空换,S,0.0000,0.0000,0.0000,0.0000,0.0000,0.0000,0.0000,0.0000,0.0000,0.0000,0,0,0,0,0,0,0,0,0,0
zc,TA301,2012-06-04 08:57:19.847,0.0000,82532,0,0.0000,0.0000,0,0,空换,S,0.0000,0.0000,0.0000,0.0000,0.0000,0.0000,0.0000,0.0000,0.0000,0.0000,0,0,0,0,0,0,0,0,0,0
zc,TA301,2012-06-04 08:57:24.097,0.0000,82532,0,0.0000,0.0000,0,0,空换,S,0.0000,0.0000,0.0000,0.0000,0.0000,0.0000,0.0000,0.0000,0.0000,0.0000,0,0,0,0,0,0,0,0,0,0
zc,TA301,2012-06-04 08:57:25.347,0.0000,82532,0,0.0000,0.0000,0,0,空换,S,0.0000,0.0000,0.0000,0.0000,0.0000,0.0000,0.0000,0.0000,0.0000,0.0000,0,0,0,0,0,0,0,0,0,0
zc,TA301,2012-06-04 08:57:26.847,0.0000,82532,0,0.0000,0.0000,0,0,空换,S,0.0000,0.0000,0.0000,0.0000,0.0000,0.0000,0.0000,0.0000,0.0000,0.0000,0,0,0,0,0,0,0,0,0,0
zc,TA301,2012-06-04 08:57:27.597,0.0000,82532,0,0.0000,0.0000,0,0,空换,S,0.0000,0.0000,0.0000,0.0000,0.0000,0.0000,0.0000,0.0000,0.0000,0.0000,0,0,0,0,0,0,0,0,0,0
zc,TA301,2012-06-04 08:57:34.347,0.0000,82532,0,0.0000,0.0000,0,0,空换,S,0.0000,0.0000,0.0000,0.0000,0.0000,0.0000,0.0000,0.0000,0.0000,0.0000,0,0,0,0,0,0,0,0,0,0
zc,TA301,2012-06-04 08:57:42.097,0.0000,82532,0,0.0000,0.0000,0,0,空换,S,0.0000,0.0000,0.0000,0.0000,0.0000,0.0000,0.0000,0.0000,0.0000,0.0000,0,0,0,0,0,0,0,0,0,0
zc,TA301,2012-06-04 08:57:46.377,0.0000,82532,0,0.0000,0.0000,0,0,空换,S,0.0000,0.0000,0.0000,0.0000,0.0000,0.0000,0.0000,0.0000,0.0000,0.0000,0,0,0,0,0,0,0,0,0,0
zc,TA301,2012-06-04 08:58:13.877,0.0000,82532,0,0.0000,0.0000,0,0,空换,S,0.0000,0.0000,0.0000,0.0000,0.0000,0.0000,0.0000,0.0000,0.0000,0.0000,0,0,0,0,0,0,0,0,0,0
zc,TA301,2012-06-04 08:58:40.613,0.0000,82532,0,0.0000,0.0000,0,0,空换,S,0.0000,0.0000,0.0000,0.0000,0.0000,0.0000,0.0000,0.0000,0.0000,0.0000,0,0,0,0,0,0,0,0,0,0
zc,TA301,2012-06-04 08:58:46.363,0.0000,82532,0,0.0000,0.0000,0,0,空换,S,0.0000,0.0000,0.0000,0.0000,0.0000,0.0000,0.0000,0.0000,0.0000,0.0000,0,0,0,0,0,0,0,0,0,0
zc,TA301,2012-06-04 08:58:48.347,0.0000,82532,0,0.0000,0.0000,0,0,空换,S,0.0000,0.0000,0.0000,0.0000,0.0000,0.0000,0.0000,0.0000,0.0000,0.0000,0,0,0,0,0,0,0,0,0,0
zc,TA301,2012-06-04 08:59:00.113,0.0000,82532,0,0.0000,0.0000,0,0,空换,S,0.0000,0.0000,0.0000,0.0000,0.0000,0.0000,0.0000,0.0000,0.0000,0.0000,0,0,0,0,0,0,0,0,0,0
zc,TA301,2012-06-04 08:59:03.317,7488.0000,82884,352,0.0000,616.0000,484,132,多开,B,7486.0000,0.0000,0.0000,0.0000,0.0000,7488.0000,0.0000,0.0000,0.0000,0.0000,1,0,0,0,0,22,0,0,0,0
zc,TA301,2012-06-04 09:00:00.910,7480.0000,82890,6,0.0000,6.0000,6,0,双开,S,7474.0000,0.0000,0.0000,0.0000,0.0000,7482.0000,0.0000,0.0000,0.0000,0.0000,1,0,0,0,0,8,0,0,0,0
zc,TA301,2012-06-04 09:00:01.783,7474.0000,82924,34,0.0000,160.0000,97,63,空开,S,7468.0000,0.0000,0.0000,0.0000,0.0000,7470.0000,0.0000,0.0000,0.0000,0.0000,1,0,0,0,0,4,0,0,0,0
zc,TA301,2012-06-04 09:00:03.283,7460.0000,82962,38,0.0000,82.0000,60,22,空开,S,7452.0000,0.0000,0.0000,0.0000,0.0000,7458.0000,0.0000,0.0000,0.0000,0.0000,7,0,0,0,0,13,0,0,0,0
zc,TA301,2012-06-04 09:00:04.783,7454.0000,82986,24,0.0000,38.0000,31,7,空开,S,7452.0000,0.0000,0.0000,0.0000,0.0000,7458.0000,0.0000,0.0000,0.0000,0.0000,6,0,0,0,0,4,0,0,0,0
zc,TA301,2012-06-04 09:00:05.283,7454.0000,82982,-4,0.0000,70.0000,33,37,多平,S,7454.0000,0.0000,0.0000,0.0000,0.0000,7466.0000,0.0000,0.0000,0.0000,0.0000,8,0,0,0,0,3,0,0,0,0
zc,TA301,2012-06-04 09:00:06.503,7452.0000,82998,16,0.0000,24.0000,20,4,空开,S,7454.0000,0.0000,0.0000,0.0000,0.0000,7468.0000,0.0000,0.0000,0.0000,0.0000,2,0,0,0,0,248,0,0,0,0
zc,TA301,2012-06-04 09:00:06.753,7462.0000,82950,-48,0.0000,150.0000,51,99,空平,B,7454.0000,0.0000,0.0000,0.0000,0.0000,7462.0000,0.0000,0.0000,0.0000,0.0000,5,0,0,0,0,5,0,0,0,0
zc,TA301,2012-06-04 09:00:07.487,7454.0000,82932,-18,0.0000,18.0000,0,18,双平,S,7450.0000,0.0000,0.0000,0.0000,0.0000,7452.0000,0.0000,0.0000,0.0000,0.0000,2,0,0,0,0,1,0,0,0,0
zc,TA301,2012-06-04 09:00:07.987,7454.0000,82934,2,0.0000,10.0000,6,4,空开,S,7450.0000,0.0000,0.0000,0.0000,0.0000,7458.0000,0.0000,0.0000,0.0000,0.0000,5,0,0,0,0,4,0,0,0,0
zc,TA301,2012-06-04 09:00:08.503,7454.0000,82934,0,0.0000,0.0000,0,0,空换,S,7450.0000,0.0000,0.0000,0.0000,0.0000,7452.0000,0.0000,0.0000,0.0000,0.0000,2,0,0,0,0,2,0,0,0,0
zc,TA301,2012-06-04 09:00:09.020,7454.0000,82940,6,0.0000,22.0000,14,8,空开,S,7452.0000,0.0000,0.0000,0.0000,0.0000,7458.0000,0.0000,0.0000,0.0000,0.0000,44,0,0,0,0,2,0,0,0,0
zc,TA301,2012-06-04 09:00:09.753,7452.0000,82940,0,0.0000,12.0000,6,6,空换,S,7452.0000,0.0000,0.0000,0.0000,0.0000,7458.0000,0.0000,0.0000,0.0000,0.0000,40,0,0,0,0,2,0,0,0,0
zc,TA301,2012-06-04 09:00:10.487,7454.0000,82896,-44,0.0000,80.0000,18,62,空平,B,7454.0000,0.0000,0.0000,0.0000,0.0000,7464.0000,0.0000,0.0000,0.0000,0.0000,10,0,0,0,0,2,0,0,0,0
zc,TA301,2012-06-04 09:00:11.003,7458.0000,82906,10,0.0000,12.0000,11,1,多开,B,7456.0000,0.0000,0.0000,0.0000,0.0000,7458.0000,0.0000,0.0000,0.0000,0.0000,4,0,0,0,0,9,0,0,0,0
zc,TA301,2012-06-04 09:00:12.020,7452.0000,82950,44,0.0000,88.0000,66,22,空开,S,7454.0000,0.0000,0.0000,0.0000,0.0000,7460.0000,0.0000,0.0000,0.0000,0.0000,2,0,0,0,0,3,0,0,0,0
zc,TA301,2012-06-04 09:00:12.520,7454.0000,82938,-12,0.0000,20.0000,4,16,空平,B,7452.0000,0.0000,0.0000,0.0000,0.0000,7454.0000,0.0000,0.0000,0.0000,0.0000,22,0,0,0,0,7,0,0,0,0
zc,TA301,2012-06-04 09:00:13.737,7454.0000,82924,-14,0.0000,14.0000,0,14,双平,B,7454.0000,0.0000,0.0000,0.0000,0.0000,7456.0000,0.0000,0.0000,0.0000,0.0000,15,0,0,0,0,5,0,0,0,0
zc,TA301,2012-06-04 09:00:14.457,7454.0000,82924,0,0.0000,6.0000,3,3,多换,B,7454.0000,0.0000,0.0000,0.0000,0.0000,7456.0000,0.0000,0.0000,0.0000,0.0000,15,0,0,0,0,3,0,0,0,0
zc,TA301,2012-06-04 09:00:15.253,7456.0000,82950,26,0.0000,32.0000,29,3,多开,B,7452.0000,0.0000,0.0000,0.0000,0.0000,7454.0000,0.0000,0.0000,0.0000,0.0000,4,0,0,0,0,1,0,0,0,0
zc,TA301,2012-06-04 09:00:15.770,7452.0000,82952,2,0.0000,6.0000,4,2,空开,S,7452.0000,0.0000,0.0000,0.0000,0.0000,7456.0000,0.0000,0.0000,0.0000,0.0000,3,0,0,0,0,1,0,0,0,0
zc,TA301,2012-06-04 09:00:16.503,7450.0000,82962,10,0.0000,48.0000,29,19,空开,S,7448.0000,0.0000,0.0000,0.0000,0.0000,7450.0000,0.0000,0.0000,0.0000,0.0000,4,0,0,0,0,17,0,0,0,0
zc,TA301,2012-06-04 09:00:17.253,7450.0000,82962,0,0.0000,18.0000,9,9,空换,S,7448.0000,0.0000,0.0000,0.0000,0.0000,7450.0000,0.0000,0.0000,0.0000,0.0000,2,0,0,0,0,8,0,0,0,0
zc,TA301,2012-06-04 09:00:18.003,7450.0000,82962,0,0.0000,26.0000,13,13,空换,S,7450.0000,0.0000,0.0000,0.0000,0.0000,7454.0000,0.0000,0.0000,0.0000,0.0000,3,0,0,0,0,100,0,0,0,0
zc,TA301,2012-06-04 09:00:18.533,7450.0000,82962,0,0.0000,0.0000,0,0,空换,S,7450.0000,0.0000,0.0000,0.0000,0.0000,7452.0000,0.0000,0.0000,0.0000,0.0000,6,0,0,0,0,1,0,0,0,0
zc,TA301,2012-06-04 09:00:19.253,7454.0000,82962,0,0.0000,8.0000,4,4,多换,B,7450.0000,0.0000,0.0000,0.0000,0.0000,7454.0000,0.0000,0.0000,0.0000,0.0000,5,0,0,0,0,99,0,0,0,0
zc,TA301,2012-06-04 09:00:19.753,7450.0000,82968,6,0.0000,108.0000,57,51,空开,S,7450.0000,0.0000,0.0000,0.0000,0.0000,7454.0000,0.0000,0.0000,0.0000,0.0000,4,0,0,0,0,98,0,0,0,0
zc,TA301,2012-06-04 09:00:20.707,7450.0000,82958,-10,0.0000,10.0000,0,10,双平,S,7450.0000,0.0000,0.0000,0.0000,0.0000,7454.0000,0.0000,0.0000,0.0000,0.0000,4,0,0,0,0,98,0,0,0,0
zc,TA301,2012-06-04 09:00:21.457,7450.0000,82946,-12,0.0000,12.0000,0,12,双平,S,7448.0000,0.0000,0.0000,0.0000,0.0000,7450.0000,0.0000,0.0000,0.0000,0.0000,1,0,0,0,0,3,0,0,0,0
zc,TA301,2012-06-04 09:00:22.270,7450.0000,82944,-2,0.0000,2.0000,0,2,双平,S,7448.0000,0.0000,0.0000,0.0000,0.0000,7450.0000,0.0000,0.0000,0.0000,0.0000,5,0,0,0,0,14,0,0,0,0
zc,TA301,2012-06-04 09:00:22.753,7450.0000,82932,-12,0.0000,16.0000,2,14,多平,S,7448.0000,0.0000,0.0000,0.0000,0.0000,7450.0000,0.0000,0.0000,0.0000,0.0000,2,0,0,0,0,9,0,0,0,0
zc,TA301,2012-06-04 09:00:23.503,7450.0000,82932,0,0.0000,4.0000,2,2,空换,S,7448.0000,0.0000,0.0000,0.0000,0.0000,7450.0000,0.0000,0.0000,0.0000,0.0000,1,0,0,0,0,19,0,0,0,0
zc,TA301,2012-06-04 09:00:24.270,7450.0000,82932,0,0.0000,2.0000,1,1,空换,S,7448.0000,0.0000,0.0000,0.0000,0.0000,7450.0000,0.0000,0.0000,0.0000,0.0000,1,0,0,0,0,18,0,0,0,0
zc,TA301,2012-06-04 09:00:25.003,7450.0000,82920,-12,0.0000,24.0000,6,18,多平,S,7448.0000,0.0000,0.0000,0.0000,0.0000,7450.0000,0.0000,0.0000,0.0000,0.0000,1,0,0,0,0,25,0,0,0,0
zc,TA301,2012-06-04 09:00:25.473,7450.0000,82926,6,0.0000,46.0000,26,20,空开,S,7448.0000,0.0000,0.0000,0.0000,0.0000,7450.0000,0.0000,0.0000,0.0000,0.0000,3,0,0,0,0,2,0,0,0,0
zc,TA301,2012-06-04 09:00:26.237,7452.0000,82920,-6,0.0000,6.0000,0,6,双平,B,7450.0000,0.0000,0.0000,0.0000,0.0000,7452.0000,0.0000,0.0000,0.0000,0.0000,21,0,0,0,0,1,0,0,0,0
zc,TA301,2012-06-04 09:00:30.283,7450.0000,82988,68,0.0000,136.0000,102,34,空开,S,7450.0000,0.0000,0.0000,0.0000,0.0000,7454.0000,0.0000,0.0000,0.0000,0.0000,23,0,0,0,0,89,0,0,0,0
zc,TA301,2012-06-04 09:00:30.987,7452.0000,82986,-2,0.0000,4.0000,1,3,空平,B,7452.0000,0.0000,0.0000,0.0000,0.0000,7454.0000,0.0000,0.0000,0.0000,0.0000,5,0,0,0,0,89,0,0,0,0
zc,TA301,2012-06-04 09:00:31.487,7454.0000,82988,2,0.0000,2.0000,2,0,双开,B,7452.0000,0.0000,0.0000,0.0000,0.0000,7454.0000,0.0000,0.0000,0.0000,0.0000,3,0,0,0,0,88,0,0,0,0
zc,TA301,2012-06-04 09:00:32.223,7454.0000,82988,0,0.0000,2.0000,1,1,多换,B,7452.0000,0.0000,0.0000,0.0000,0.0000,7454.0000,0.0000,0.0000,0.0000,0.0000,3,0,0,0,0,87,0,0,0,0
zc,TA301,2012-06-04 09:00:32.753,7452.0000,82988,0,0.0000,10.0000,5,5,空换,S,7450.0000,0.0000,0.0000,0.0000,0.0000,7454.0000,0.0000,0.0000,0.0000,0.0000,24,0,0,0,0,87,0,0,0,0
zc,TA301,2012-06-04 09:00:33.457,7450.0000,82986,-2,0.0000,38.0000,18,20,多平,S,7450.0000,0.0000,0.0000,0.0000,0.0000,7452.0000,0.0000,0.0000,0.0000,0.0000,6,0,0,0,0,1,0,0,0,0
zc,TA301,2012-06-04 09:00:34.253,7452.0000,82986,0,0.0000,2.0000,1,1,多换,B,7450.0000,0.0000,0.0000,0.0000,0.0000,7454.0000,0.0000,0.0000,0.0000,0.0000,6,0,0,0,0,207,0,0,0,0
zc,TA301,2012-06-04 09:00:34.973,7454.0000,82988,2,0.0000,2.0000,2,0,双开,B,7450.0000,0.0000,0.0000,0.0000,0.0000,7454.0000,0.0000,0.0000,0.0000,0.0000,6,0,0,0,0,206,0,0,0,0
zc,TA301,2012-06-04 09:00:35.503,7454.0000,82988,0,0.0000,0.0000,0,0,多换,B,7450.0000,0.0000,0.0000,0.0000,0.0000,7452.0000,0.0000,0.0000,0.0000,0.0000,6,0,0,0,0,83,0,0,0,0
zc,TA301,2012-06-04 09:00:36.207,7450.0000,82988,0,0.0000,26.0000,13,13,空换,S,7448.0000,0.0000,0.0000,0.0000,0.0000,7450.0000,0.0000,0.0000,0.0000,0.0000,13,0,0,0,0,6,0,0,0,0
zc,TA301,2012-06-04 09:00:36.723,7452.0000,82992,4,0.0000,16.0000,10,6,多开,B,7450.0000,0.0000,0.0000,0.0000,0.0000,7452.0000,0.0000,0.0000,0.0000,0.0000,8,0,0,0,0,104,0,0,0,0
zc,TA301,2012-06-04 09:00:37.457,7450.0000,82998,6,0.0000,16.0000,11,5,空开,S,7450.0000,0.0000,0.0000,0.0000,0.0000,7452.0000,0.0000,0.0000,0.0000,0.0000,10,0,0,0,0,96,0,0,0,0
zc,TA301,2012-06-04 09:00:38.223,7450.0000,83032,34,0.0000,36.0000,35,1,空开,S,7448.0000,0.0000,0.0000,0.0000,0.0000,7450.0000,0.0000,0.0000,0.0000,0.0000,12,0,0,0,0,74,0,0,0,0
zc,TA301,2012-06-04 09:00:38.987,7450.0000,83034,2,0.0000,2.0000,2,0,双开,S,7448.0000,0.0000,0.0000,0.0000,0.0000,7450.0000,0.0000,0.0000,0.0000,0.0000,14,0,0,0,0,7,0,0,0,0
zc,TA301,2012-06-04 09:00:39.487,7448.0000,83068,34,0.0000,34.0000,34,0,双开,S,7446.0000,0.0000,0.0000,0.0000,0.0000,7448.0000,0.0000,0.0000,0.0000,0.0000,4,0,0,0,0,79,0,0,0,0
zc,TA301,2012-06-04 09:00:40.520,7446.0000,83082,14,0.0000,14.0000,14,0,双开,S,7444.0000,0.0000,0.0000,0.0000,0.0000,7446.0000,0.0000,0.0000,0.0000,0.0000,3,0,0,0,0,7,0,0,0,0
zc,TA301,2012-06-04 09:00:41.223,7442.0000,83096,14,0.0000,14.0000,14,0,双开,S,7438.0000,0.0000,0.0000,0.0000,0.0000,7440.0000,0.0000,0.0000,0.0000,0.0000,1,0,0,0,0,3,0,0,0,0
zc,TA301,2012-06-04 09:00:42.003,7442.0000,83098,2,0.0000,2.0000,2,0,双开,S,7438.0000,0.0000,0.0000,0.0000,0.0000,7440.0000,0.0000,0.0000,0.0000,0.0000,1,0,0,0,0,2,0,0,0,0
zc,TA301,2012-06-04 09:00:42.473,7442.0000,83120,22,0.0000,22.0000,22,0,双开,S,7438.0000,0.0000,0.0000,0.0000,0.0000,7440.0000,0.0000,0.0000,0.0000,0.0000,1,0,0,0,0,63,0,0,0,0
zc,TA301,2012-06-04 09:00:43.177,7442.0000,83122,2,0.0000,4.0000,3,1,空开,S,7438.0000,0.0000,0.0000,0.0000,0.0000,7440.0000,0.0000,0.0000,0.0000,0.0000,1,0,0,0,0,61,0,0,0,0
zc,TA301,2012-06-04 09:00:43.503,7438.0000,83124,2,0.0000,8.0000,5,3,空开,S,7434.0000,0.0000,0.0000,0.0000,0.0000,7438.0000,0.0000,0.0000,0.0000,0.0000,1,0,0,0,0,67,0,0,0,0
zc,TA301,2012-06-04 09:00:44.207,7438.0000,83136,12,0.0000,14.0000,13,1,空开,S,7428.0000,0.0000,0.0000,0.0000,0.0000,7438.0000,0.0000,0.0000,0.0000,0.0000,5,0,0,0,0,61,0,0,0,0
zc,TA301,2012-06-04 09:00:45.020,7428.0000,83144,8,0.0000,8.0000,8,0,双开,S,7428.0000,0.0000,0.0000,0.0000,0.0000,7434.0000,0.0000,0.0000,0.0000,0.0000,5,0,0,0,0,1,0,0,0,0
zc,TA301,2012-06-04 09:00:46.707,7436.0000,83226,82,0.0000,94.0000,88,6,多开,B,7422.0000,0.0000,0.0000,0.0000,0.0000,7434.0000,0.0000,0.0000,0.0000,0.0000,3,0,0,0,0,12,0,0,0,0
zc,TA301,2012-06-04 09:00:47.487,7428.0000,83212,-14,0.0000,18.0000,2,16,多平,S,7424.0000,0.0000,0.0000,0.0000,0.0000,7426.0000,0.0000,0.0000,0.0000,0.0000,1,0,0,0,0,2,0,0,0,0
zc,TA301,2012-06-04 09:00:48.207,7424.0000,83210,-2,0.0000,8.0000,3,5,多平,S,7422.0000,0.0000,0.0000,0.0000,0.0000,7432.0000,0.0000,0.0000,0.0000,0.0000,3,0,0,0,0,2,0,0,0,0
zc,TA301,2012-06-04 09:00:48.737,7424.0000,83210,0,0.0000,0.0000,0,0,空换,S,7428.0000,0.0000,0.0000,0.0000,0.0000,7430.0000,0.0000,0.0000,0.0000,0.0000,1,0,0,0,0,11,0,0,0,0
zc,TA301,2012-06-04 09:00:49.723,7424.0000,83210,0,0.0000,2.0000,1,1,空换,S,7422.0000,0.0000,0.0000,0.0000,0.0000,7424.0000,0.0000,0.0000,0.0000,0.0000,1,0,0,0,0,2,0,0,0,0
zc,TA301,2012-06-04 09:00:50.473,7428.0000,83224,14,0.0000,20.0000,17,3,多开,B,7422.0000,0.0000,0.0000,0.0000,0.0000,7428.0000,0.0000,0.0000,0.0000,0.0000,1,0,0,0,0,3,0,0,0,0
zc,TA301,2012-06-04 09:00:51.207,7424.0000,83224,0,0.0000,2.0000,1,1,空换,S,7424.0000,0.0000,0.0000,0.0000,0.0000,7428.0000,0.0000,0.0000,0.0000,0.0000,9,0,0,0,0,3,0,0,0,0
zc,TA301,2012-06-04 09:00:51.473,7422.0000,83224,0,0.0000,20.0000,10,10,空换,S,7420.0000,0.0000,0.0000,0.0000,0.0000,7428.0000,0.0000,0.0000,0.0000,0.0000,4,0,0,0,0,4,0,0,0,0
zc,TA301,2012-06-04 09:00:52.237,7422.0000,83224,0,0.0000,0.0000,0,0,空换,S,7420.0000,0.0000,0.0000,0.0000,0.0000,7422.0000,0.0000,0.0000,0.0000,0.0000,4,0,0,0,0,5,0,0,0,0
zc,TA301,2012-06-04 09:00:52.723,7424.0000,83230,6,0.0000,32.0000,19,13,多开,B,7422.0000,0.0000,0.0000,0.0000,0.0000,7424.0000,0.0000,0.0000,0.0000,0.0000,2,0,0,0,0,32,0,0,0,0
zc,TA301,2012-06-04 09:00:53.473,7422.0000,83230,0,0.0000,8.0000,4,4,空换,S,7420.0000,0.0000,0.0000,0.0000,0.0000,7422.0000,0.0000,0.0000,0.0000,0.0000,4,0,0,0,0,1,0,0,0,0
zc,TA301,2012-06-04 09:00:53.987,7420.0000,83242,12,0.0000,12.0000,12,0,双开,S,7418.0000,0.0000,0.0000,0.0000,0.0000,7422.0000,0.0000,0.0000,0.0000,0.0000,2,0,0,0,0,8,0,0,0,0
zc,TA301,2012-06-04 09:00:54.753,7418.0000,83242,0,0.0000,4.0000,2,2,空换,S,7414.0000,0.0000,0.0000,0.0000,0.0000,7418.0000,0.0000,0.0000,0.0000,0.0000,1,0,0,0,0,3,0,0,0,0
zc,TA301,2012-06-04 09:00:55.237,7418.0000,83246,4,0.0000,4.0000,4,0,双开,S,7414.0000,0.0000,0.0000,0.0000,0.0000,7418.0000,0.0000,0.0000,0.0000,0.0000,1,0,0,0,0,9,0,0,0,0
zc,TA301,2012-06-04 09:00:55.707,7416.0000,83246,0,0.0000,20.0000,10,10,空换,S,7412.0000,0.0000,0.0000,0.0000,0.0000,7416.0000,0.0000,0.0000,0.0000,0.0000,15,0,0,0,0,2,0,0,0,0
zc,TA301,2012-06-04 09:00:56.487,7414.0000,83246,0,0.0000,44.0000,22,22,空换,S,7410.0000,0.0000,0.0000,0.0000,0.0000,7412.0000,0.0000,0.0000,0.0000,0.0000,3,0,0,0,0,1,0,0,0,0
zc,TA301,2012-06-04 09:00:56.973,7410.0000,83248,2,0.0000,8.0000,5,3,空开,S,7408.0000,0.0000,0.0000,0.0000,0.0000,7410.0000,0.0000,0.0000,0.0000,0.0000,1,0,0,0,0,5,0,0,0,0
zc,TA301,2012-06-04 09:00:57.753,7410.0000,83250,2,0.0000,2.0000,2,0,双开,S,7408.0000,0.0000,0.0000,0.0000,0.0000,7410.0000,0.0000,0.0000,0.0000,0.0000,1,0,0,0,0,16,0,0,0,0
zc,TA301,2012-06-04 09:00:58.207,7410.0000,83254,4,0.0000,6.0000,5,1,空开,S,7408.0000,0.0000,0.0000,0.0000,0.0000,7410.0000,0.0000,0.0000,0.0000,0.0000,1,0,0,0,0,13,0,0,0,0
zc,TA301,2012-06-04 09:00:59.487,7402.0000,83268,14,0.0000,18.0000,16,2,空开,S,7400.0000,0.0000,0.0000,0.0000,0.0000,7402.0000,0.0000,0.0000,0.0000,0.0000,4,0,0,0,0,4,0,0,0,0
zc,TA301,2012-06-04 09:01:00.457,7402.0000,83270,2,0.0000,12.0000,7,5,空开,S,7394.0000,0.0000,0.0000,0.0000,0.0000,7400.0000,0.0000,0.0000,0.0000,0.0000,4,0,0,0,0,1,0,0,0,0
zc,TA301,2012-06-04 09:01:01.207,7400.0000,83274,4,0.0000,6.0000,5,1,空开,S,7392.0000,0.0000,0.0000,0.0000,0.0000,7400.0000,0.0000,0.0000,0.0000,0.0000,4,0,0,0,0,2,0,0,0,0
zc,TA301,2012-06-04 09:01:01.753,7400.0000,83274,0,0.0000,0.0000,0,0,空换,S,7390.0000,0.0000,0.0000,0.0000,0.0000,7394.0000,0.0000,0.0000,0.0000,0.0000,5,0,0,0,0,2,0,0,0,0
zc,TA301,2012-06-04 09:01:02.487,7400.0000,83292,18,0.0000,26.0000,22,4,空开,S,7392.0000,0.0000,0.0000,0.0000,0.0000,7400.0000,0.0000,0.0000,0.0000,0.0000,3,0,0,0,0,45,0,0,0,0
zc,TA301,2012-06-04 09:01:03.237,7390.0000,83294,2,0.0000,16.0000,9,7,空开,S,7388.0000,0.0000,0.0000,0.0000,0.0000,7390.0000,0.0000,0.0000,0.0000,0.0000,3,0,0,0,0,4,0,0,0,0
zc,TA301,2012-06-04 09:01:03.940,7398.0000,83296,2,0.0000,10.0000,6,4,多开,B,7388.0000,0.0000,0.0000,0.0000,0.0000,7398.0000,0.0000,0.0000,0.0000,0.0000,2,0,0,0,0,2,0,0,0,0
zc,TA301,2012-06-04 09:01:04.473,7390.0000,83296,0,0.0000,2.0000,1,1,空换,S,7388.0000,0.0000,0.0000,0.0000,0.0000,7394.0000,0.0000,0.0000,0.0000,0.0000,1,0,0,0,0,5,0,0,0,0
zc,TA301,2012-06-04 09:01:04.957,7388.0000,83288,-8,0.0000,14.0000,3,11,多平,S,7382.0000,0.0000,0.0000,0.0000,0.0000,7392.0000,0.0000,0.0000,0.0000,0.0000,2,0,0,0,0,2,0,0,0,0
zc,TA301,2012-06-04 09:01:05.690,7388.0000,83290,2,0.0000,4.0000,3,1,空开,S,7382.0000,0.0000,0.0000,0.0000,0.0000,7392.0000,0.0000,0.0000,0.0000,0.0000,2,0,0,0,0,2,0,0,0,0
zc,TA301,2012-06-04 09:01:06.253,7388.0000,83290,0,0.0000,12.0000,6,6,空换,S,7382.0000,0.0000,0.0000,0.0000,0.0000,7388.0000,0.0000,0.0000,0.0000,0.0000,4,0,0,0,0,1,0,0,0,0
zc,TA301,2012-06-04 09:01:06.987,7386.0000,83300,10,0.0000,24.0000,17,7,空开,S,7378.0000,0.0000,0.0000,0.0000,0.0000,7380.0000,0.0000,0.0000,0.0000,0.0000,1,0,0,0,0,2,0,0,0,0
zc,TA301,2012-06-04 09:01:07.520,7370.0000,83308,8,0.0000,8.0000,8,0,双开,S,7362.0000,0.0000,0.0000,0.0000,0.0000,7380.0000,0.0000,0.0000,0.0000,0.0000,1,0,0,0,0,3,0,0,0,0
zc,TA301,2012-06-04 09:01:08.237,7370.0000,83308,0,0.0000,0.0000,0,0,空换,S,7362.0000,0.0000,0.0000,0.0000,0.0000,7378.0000,0.0000,0.0000,0.0000,0.0000,1,0,0,0,0,5,0,0,0,0
zc,TA301,2012-06-04 09:01:08.707,7370.0000,83308,0,0.0000,0.0000,0,0,空换,S,7362.0000,0.0000,0.0000,0.0000,0.0000,7376.0000,0.0000,0.0000,0.0000,0.0000,1,0,0,0,0,3,0,0,0,0
zc,TA301,2012-06-04 09:01:09.487,7376.0000,83314,6,0.0000,10.0000,8,2,多开,B,7370.0000,0.0000,0.0000,0.0000,0.0000,7378.0000,0.0000,0.0000,0.0000,0.0000,1,0,0,0,0,3,0,0,0,0
zc,TA301,2012-06-04 09:01:10.253,7366.0000,83312,-2,0.0000,6.0000,2,4,多平,S,7366.0000,0.0000,0.0000,0.0000,0.0000,7376.0000,0.0000,0.0000,0.0000,0.0000,2,0,0,0,0,2,0,0,0,0
zc,TA301,2012-06-04 09:01:10.957,7362.0000,83322,10,0.0000,28.0000,19,9,空开,S,7360.0000,0.0000,0.0000,0.0000,0.0000,7362.0000,0.0000,0.0000,0.0000,0.0000,1,0,0,0,0,7,0,0,0,0
zc,TA301,2012-06-04 09:01:11.753,7368.0000,83322,0,0.0000,24.0000,12,12,多换,B,7356.0000,0.0000,0.0000,0.0000,0.0000,7368.0000,0.0000,0.0000,0.0000,0.0000,13,0,0,0,0,1,0,0,0,0
zc,TA301,2012-06-04 09:01:12.253,7368.0000,83362,40,0.0000,40.0000,40,0,双开,B,7354.0000,0.0000,0.0000,0.0000,0.0000,7364.0000,0.0000,0.0000,0.0000,0.0000,5,0,0,0,0,13,0,0,0,0
zc,TA301,2012-06-04 09:01:12.973,7362.0000,83364,2,0.0000,2.0000,2,0,双开,S,7352.0000,0.0000,0.0000,0.0000,0.0000,7362.0000,0.0000,0.0000,0.0000,0.0000,3,0,0,0,0,13,0,0,0,0
zc,TA301,2012-06-04 09:01:13.440,7364.0000,83380,16,0.0000,16.0000,16,0,双开,B,7352.0000,0.0000,0.0000,0.0000,0.0000,7358.0000,0.0000,0.0000,0.0000,0.0000,3,0,0,0,0,3,0,0,0,0
zc,TA301,2012-06-04 09:01:14.237,7350.0000,83392,12,0.0000,16.0000,14,2,空开,S,7340.0000,0.0000,0.0000,0.0000,0.0000,7352.0000,0.0000,0.0000,0.0000,0.0000,2,0,0,0,0,3,0,0,0,0
zc,TA301,2012-06-04 09:01:14.957,7342.0000,83390,-2,0.0000,4.0000,1,3,多平,S,7340.0000,0.0000,0.0000,0.0000,0.0000,7352.0000,0.0000,0.0000,0.0000,0.0000,1,0,0,0,0,4,0,0,0,0
zc,TA301,2012-06-04 09:01:15.457,7336.0000,83438,48,0.0000,110.0000,79,31,空开,S,7336.0000,0.0000,0.0000,0.0000,0.0000,7352.0000,0.0000,0.0000,0.0000,0.0000,20,0,0,0,0,105,0,0,0,0
zc,TA301,2012-06-04 09:01:16.237,7352.0000,83446,8,0.0000,20.0000,14,6,多开,B,7336.0000,0.0000,0.0000,0.0000,0.0000,7340.0000,0.0000,0.0000,0.0000,0.0000,120,0,0,0,0,5,0,0,0,0
zc,TA301,2012-06-04 09:01:16.753,7340.0000,83440,-6,0.0000,10.0000,2,8,多平,S,7338.0000,0.0000,0.0000,0.0000,0.0000,7346.0000,0.0000,0.0000,0.0000,0.0000,9,0,0,0,0,1,0,0,0,0
zc,TA301,2012-06-04 09:01:17.207,7340.0000,83440,0,0.0000,202.0000,101,101,空换,S,7342.0000,0.0000,0.0000,0.0000,0.0000,7346.0000,0.0000,0.0000,0.0000,0.0000,5,0,0,0,0,1,0,0,0,0
zc,TA301,2012-06-04 09:01:18.003,7346.0000,83440,0,0.0000,14.0000,7,7,多换,B,7340.0000,0.0000,0.0000,0.0000,0.0000,7348.0000,0.0000,0.0000,0.0000,0.0000,2,0,0,0,0,4,0,0,0,0
zc,TA301,2012-06-04 09:01:18.707,7336.0000,83428,-12,0.0000,70.0000,29,41,多平,S,7336.0000,0.0000,0.0000,0.0000,0.0000,7348.0000,0.0000,0.0000,0.0000,0.0000,10,0,0,0,0,3,0,0,0,0
zc,TA301,2012-06-04 09:01:19.253,7340.0000,83426,-2,0.0000,4.0000,1,3,空平,B,7346.0000,0.0000,0.0000,0.0000,0.0000,7350.0000,0.0000,0.0000,0.0000,0.0000,1,0,0,0,0,2,0,0,0,0
zc,TA301,2012-06-04 09:01:19.957,7350.0000,83426,0,0.0000,6.0000,3,3,多换,B,7346.0000,0.0000,0.0000,0.0000,0.0000,7350.0000,0.0000,0.0000,0.0000,0.0000,1,0,0,0,0,1,0,0,0,0
zc,TA301,2012-06-04 09:01:20.457,7350.0000,83426,0,0.0000,2.0000,1,1,多换,B,7350.0000,0.0000,0.0000,0.0000,0.0000,7352.0000,0.0000,0.0000,0.0000,0.0000,5,0,0,0,0,113,0,0,0,0
zc,TA301,2012-06-04 09:01:21.237,7352.0000,83430,4,0.0000,8.0000,6,2,多开,B,7350.0000,0.0000,0.0000,0.0000,0.0000,7352.0000,0.0000,0.0000,0.0000,0.0000,3,0,0,0,0,112,0,0,0,0
zc,TA301,2012-06-04 09:01:21.753,7346.0000,83412,-18,0.0000,34.0000,8,26,多平,S,7344.0000,0.0000,0.0000,0.0000,0.0000,7350.0000,0.0000,0.0000,0.0000,0.0000,10,0,0,0,0,1,0,0,0,0
zc,TA301,2012-06-04 09:01:22.440,7352.0000,83412,0,0.0000,8.0000,4,4,多换,B,7350.0000,0.0000,0.0000,0.0000,0.0000,7352.0000,0.0000,0.0000,0.0000,0.0000,1,0,0,0,0,106,0,0,0,0
zc,TA301,2012-06-04 09:01:22.973,7350.0000,83412,0,0.0000,2.0000,1,1,空换,S,7344.0000,0.0000,0.0000,0.0000,0.0000,7352.0000,0.0000,0.0000,0.0000,0.0000,4,0,0,0,0,106,0,0,0,0
zc,TA301,2012-06-04 09:01:23.677,7344.0000,83414,2,0.0000,14.0000,8,6,空开,S,7346.0000,0.0000,0.0000,0.0000,0.0000,7350.0000,0.0000,0.0000,0.0000,0.0000,3,0,0,0,0,4,0,0,0,0
zc,TA301,2012-06-04 09:01:24.473,7350.0000,83416,2,0.0000,2.0000,2,0,双开,B,7344.0000,0.0000,0.0000,0.0000,0.0000,7350.0000,0.0000,0.0000,0.0000,0.0000,3,0,0,0,0,6,0,0,0,0
zc,TA301,2012-06-04 09:01:24.957,7350.0000,83426,10,0.0000,10.0000,10,0,双开,B,7344.0000,0.0000,0.0000,0.0000,0.0000,7350.0000,0.0000,0.0000,0.0000,0.0000,3,0,0,0,0,13,0,0,0,0
zc,TA301,2012-06-04 09:01:25.440,7350.0000,83424,-2,0.0000,4.0000,1,3,空平,B,7344.0000,0.0000,0.0000,0.0000,0.0000,7350.0000,0.0000,0.0000,0.0000,0.0000,4,0,0,0,0,11,0,0,0,0
zc,TA301,2012-06-04 09:01:26.207,7350.0000,83424,0,0.0000,4.0000,2,2,多换,B,7344.0000,0.0000,0.0000,0.0000,0.0000,7350.0000,0.0000,0.0000,0.0000,0.0000,1,0,0,0,0,14,0,0,0,0
zc,TA301,2012-06-04 09:01:26.690,7344.0000,83424,0,0.0000,8.0000,4,4,空换,S,7342.0000,0.0000,0.0000,0.0000,0.0000,7344.0000,0.0000,0.0000,0.0000,0.0000,1,0,0,0,0,11,0,0,0,0
zc,TA301,2012-06-04 09:01:27.427,7344.0000,83424,0,0.0000,8.0000,4,4,空换,S,7342.0000,0.0000,0.0000,0.0000,0.0000,7344.0000,0.0000,0.0000,0.0000,0.0000,1,0,0,0,0,10,0,0,0,0
zc,TA301,2012-06-04 09:01:27.940,7344.0000,83422,-2,0.0000,6.0000,2,4,多平,S,7342.0000,0.0000,0.0000,0.0000,0.0000,7344.0000,0.0000,0.0000,0.0000,0.0000,1,0,0,0,0,14,0,0,0,0
zc,TA301,2012-06-04 09:01:28.677,7344.0000,83422,0,0.0000,6.0000,3,3,空换,S,7342.0000,0.0000,0.0000,0.0000,0.0000,7344.0000,0.0000,0.0000,0.0000,0.0000,1,0,0,0,0,11,0,0,0,0
zc,TA301,2012-06-04 09:01:29.237,7344.0000,83434,12,0.0000,30.0000,21,9,空开,S,7344.0000,0.0000,0.0000,0.0000,0.0000,7346.0000,0.0000,0.0000,0.0000,0.0000,8,0,0,0,0,9,0,0,0,0
zc,TA301,2012-06-04 09:01:30.223,7344.0000,83438,4,0.0000,70.0000,37,33,空开,S,7340.0000,0.0000,0.0000,0.0000,0.0000,7342.0000,0.0000,0.0000,0.0000,0.0000,28,0,0,0,0,1,0,0,0,0
zc,TA301,2012-06-04 09:01:30.677,7344.0000,83440,2,0.0000,14.0000,8,6,空开,S,7340.0000,0.0000,0.0000,0.0000,0.0000,7344.0000,0.0000,0.0000,0.0000,0.0000,25,0,0,0,0,8,0,0,0,0
zc,TA301,2012-06-04 09:01:31.427,7344.0000,83444,4,0.0000,4.0000,4,0,双开,S,7342.0000,0.0000,0.0000,0.0000,0.0000,7344.0000,0.0000,0.0000,0.0000,0.0000,1,0,0,0,0,7,0,0,0,0
zc,TA301,2012-06-04 09:01:31.987,7334.0000,83492,48,0.0000,220.0000,134,86,空开,S,7338.0000,0.0000,0.0000,0.0000,0.0000,7348.0000,0.0000,0.0000,0.0000,0.0000,5,0,0,0,0,4,0,0,0,0
zc,TA301,2012-06-04 09:01:32.707,7344.0000,83502,10,0.0000,12.0000,11,1,多开,B,7344.0000,0.0000,0.0000,0.0000,0.0000,7350.0000,0.0000,0.0000,0.0000,0.0000,1,0,0,0,0,14,0,0,0,0
zc,TA301,2012-06-04 09:01:33.160,7344.0000,83502,0,0.0000,2.0000,1,1,多换,B,7342.0000,0.0000,0.0000,0.0000,0.0000,7344.0000,0.0000,0.0000,0.0000,0.0000,5,0,0,0,0,4,0,0,0,0
zc,TA301,2012-06-04 09:01:33.957,7344.0000,83498,-4,0.0000,4.0000,0,4,双平,B,7342.0000,0.0000,0.0000,0.0000,0.0000,7344.0000,0.0000,0.0000,0.0000,0.0000,14,0,0,0,0,2,0,0,0,0
zc,TA301,2012-06-04 09:01:34.487,7344.0000,83498,0,0.0000,4.0000,2,2,多换,B,7342.0000,0.0000,0.0000,0.0000,0.0000,7344.0000,0.0000,0.0000,0.0000,0.0000,7,0,0,0,0,4,0,0,0,0
zc,TA301,2012-06-04 09:01:35.440,7340.0000,83446,-52,0.0000,158.0000,53,105,多平,S,7338.0000,0.0000,0.0000,0.0000,0.0000,7340.0000,0.0000,0.0000,0.0000,0.0000,4,0,0,0,0,17,0,0,0,0
zc,TA301,2012-06-04 09:01:35.973,7340.0000,83446,0,0.0000,18.0000,9,9,空换,S,7338.0000,0.0000,0.0000,0.0000,0.0000,7340.0000,0.0000,0.0000,0.0000,0.0000,6,0,0,0,0,8,0,0,0,0
zc,TA301,2012-06-04 09:01:36.440,7340.0000,83444,-2,0.0000,8.0000,3,5,多平,S,7338.0000,0.0000,0.0000,0.0000,0.0000,7340.0000,0.0000,0.0000,0.0000,0.0000,4,0,0,0,0,4,0,0,0,0
zc,TA301,2012-06-04 09:01:37.223,7338.0000,83468,24,0.0000,28.0000,26,2,空开,S,7332.0000,0.0000,0.0000,0.0000,0.0000,7338.0000,0.0000,0.0000,0.0000,0.0000,1,0,0,0,0,8,0,0,0,0
zc,TA301,2012-06-04 09:01:37.973,7338.0000,83474,6,0.0000,6.0000,6,0,双开,S,7330.0000,0.0000,0.0000,0.0000,0.0000,7338.0000,0.0000,0.0000,0.0000,0.0000,10,0,0,0,0,6,0,0,0,0
zc,TA301,2012-06-04 09:01:38.457,7338.0000,83456,-18,0.0000,22.0000,2,20,多平,S,7332.0000,0.0000,0.0000,0.0000,0.0000,7338.0000,0.0000,0.0000,0.0000,0.0000,2,0,0,0,0,5,0,0,0,0
zc,TA301,2012-06-04 09:01:39.253,7332.0000,83456,0,0.0000,2.0000,1,1,空换,S,7336.0000,0.0000,0.0000,0.0000,0.0000,7338.0000,0.0000,0.0000,0.0000,0.0000,1,0,0,0,0,7,0,0,0,0
zc,TA301,2012-06-04 09:01:39.690,7338.0000,83454,-2,0.0000,14.0000,6,8,空平,B,7336.0000,0.0000,0.0000,0.0000,0.0000,7340.0000,0.0000,0.0000,0.0000,0.0000,1,0,0,0,0,2,0,0,0,0
zc,TA301,2012-06-04 09:01:40.487,7340.0000,83444,-10,0.0000,12.0000,1,11,空平,B,7338.0000,0.0000,0.0000,0.0000,0.0000,7342.0000,0.0000,0.0000,0.0000,0.0000,5,0,0,0,0,25,0,0,0,0
zc,TA301,2012-06-04 09:01:41.207,7340.0000,83444,0,0.0000,0.0000,0,0,多换,B,7338.0000,0.0000,0.0000,0.0000,0.0000,7342.0000,0.0000,0.0000,0.0000,0.0000,11,0,0,0,0,25,0,0,0,0
zc,TA301,2012-06-04 09:01:41.690,7344.0000,83440,-4,0.0000,56.0000,26,30,空平,B,7338.0000,0.0000,0.0000,0.0000,0.0000,7344.0000,0.0000,0.0000,0.0000,0.0000,9,0,0,0,0,8,0,0,0,0
zc,TA301,2012-06-04 09:01:42.427,7344.0000,83442,2,0.0000,2.0000,2,0,双开,B,7342.0000,0.0000,0.0000,0.0000,0.0000,7344.0000,0.0000,0.0000,0.0000,0.0000,1,0,0,0,0,6,0,0,0,0
zc,TA301,2012-06-04 09:01:42.957,7344.0000,83442,0,0.0000,0.0000,0,0,多换,B,7342.0000,0.0000,0.0000,0.0000,0.0000,7344.0000,0.0000,0.0000,0.0000,0.0000,2,0,0,0,0,6,0,0,0,0
zc,TA301,2012-06-04 09:01:43.457,7342.0000,83442,0,0.0000,2.0000,1,1,空换,S,7342.0000,0.0000,0.0000,0.0000,0.0000,7344.0000,0.0000,0.0000,0.0000,0.0000,2,0,0,0,0,6,0,0,0,0
zc,TA301,2012-06-04 09:01:44.207,7344.0000,83448,6,0.0000,12.0000,9,3,多开,B,7344.0000,0.0000,0.0000,0.0000,0.0000,7348.0000,0.0000,0.0000,0.0000,0.0000,17,0,0,0,0,2,0,0,0,0
zc,TA301,2012-06-04 09:01:45.427,7344.0000,83450,2,0.0000,22.0000,12,10,多开,B,7344.0000,0.0000,0.0000,0.0000,0.0000,7348.0000,0.0000,0.0000,0.0000,0.0000,12,0,0,0,0,2,0,0,0,0
zc,TA301,2012-06-04 09:01:46.707,7348.0000,83462,12,0.0000,36.0000,24,12,多开,B,7348.0000,0.0000,0.0000,0.0000,0.0000,7350.0000,0.0000,0.0000,0.0000,0.0000,2,0,0,0,0,12,0,0,0,0
zc,TA301,2012-06-04 09:01:47.487,7350.0000,83452,-10,0.0000,28.0000,9,19,空平,B,7348.0000,0.0000,0.0000,0.0000,0.0000,7350.0000,0.0000,0.0000,0.0000,0.0000,1,0,0,0,0,1,0,0,0,0
zc,TA301,2012-06-04 09:01:47.973,7350.0000,83452,0,0.0000,2.0000,1,1,多换,B,7348.0000,0.0000,0.0000,0.0000,0.0000,7352.0000,0.0000,0.0000,0.0000,0.0000,3,0,0,0,0,89,0,0,0,0
zc,TA301,2012-06-04 09:01:49.177,7352.0000,83450,-2,0.0000,2.0000,0,2,双平,B,7348.0000,0.0000,0.0000,0.0000,0.0000,7352.0000,0.0000,0.0000,0.0000,0.0000,4,0,0,0,0,88,0,0,0,0
zc,TA301,2012-06-04 09:01:49.957,7352.0000,83448,-2,0.0000,2.0000,0,2,双平,B,7348.0000,0.0000,0.0000,0.0000,0.0000,7352.0000,0.0000,0.0000,0.0000,0.0000,3,0,0,0,0,87,0,0,0,0
zc,TA301,2012-06-04 09:01:50.473,7352.0000,83392,-56,0.0000,56.0000,0,56,双平,B,7350.0000,0.0000,0.0000,0.0000,0.0000,7352.0000,0.0000,0.0000,0.0000,0.0000,4,0,0,0,0,59,0,0,0,0
zc,TA301,2012-06-04 09:01:51.207,7352.0000,83302,-90,0.0000,90.0000,0,90,双平,B,7350.0000,0.0000,0.0000,0.0000,0.0000,7352.0000,0.0000,0.0000,0.0000,0.0000,4,0,0,0,0,14,0,0,0,0
zc,TA301,2012-06-04 09:01:51.707,7352.0000,83280,-22,0.0000,28.0000,3,25,空平,B,7352.0000,0.0000,0.0000,0.0000,0.0000,7360.0000,0.0000,0.0000,0.0000,0.0000,1,0,0,0,0,10,0,0,0,0
zc,TA301,2012-06-04 09:01:52.427,7358.0000,83280,0,0.0000,2.0000,1,1,多换,B,7352.0000,0.0000,0.0000,0.0000,0.0000,7358.0000,0.0000,0.0000,0.0000,0.0000,4,0,0,0,0,9,0,0,0,0
zc,TA301,2012-06-04 09:01:52.940,7360.0000,83276,-4,0.0000,8.0000,2,6,空平,B,7352.0000,0.0000,0.0000,0.0000,0.0000,7360.0000,0.0000,0.0000,0.0000,0.0000,8,0,0,0,0,6,0,0,0,0
zc,TA301,2012-06-04 09:01:53.690,7352.0000,83280,4,0.0000,4.0000,4,0,双开,S,7352.0000,0.0000,0.0000,0.0000,0.0000,7356.0000,0.0000,0.0000,0.0000,0.0000,7,0,0,0,0,6,0,0,0,0
zc,TA301,2012-06-04 09:01:54.160,7352.0000,83280,0,0.0000,4.0000,2,2,空换,S,7352.0000,0.0000,0.0000,0.0000,0.0000,7356.0000,0.0000,0.0000,0.0000,0.0000,5,0,0,0,0,6,0,0,0,0
zc,TA301,2012-06-04 09:01:54.723,7350.0000,83278,-2,0.0000,14.0000,6,8,多平,S,7350.0000,0.0000,0.0000,0.0000,0.0000,7352.0000,0.0000,0.0000,0.0000,0.0000,3,0,0,0,0,17,0,0,0,0
zc,TA301,2012-06-04 09:01:55.487,7352.0000,83276,-2,0.0000,16.0000,7,9,空平,B,7348.0000,0.0000,0.0000,0.0000,0.0000,7352.0000,0.0000,0.0000,0.0000,0.0000,7,0,0,0,0,15,0,0,0,0
zc,TA301,2012-06-04 09:01:56.177,7352.0000,83274,-2,0.0000,4.0000,1,3,空平,B,7348.0000,0.0000,0.0000,0.0000,0.0000,7352.0000,0.0000,0.0000,0.0000,0.0000,7,0,0,0,0,19,0,0,0,0
zc,TA301,2012-06-04 09:01:56.957,7352.0000,83274,0,0.0000,8.0000,4,4,多换,B,7348.0000,0.0000,0.0000,0.0000,0.0000,7352.0000,0.0000,0.0000,0.0000,0.0000,3,0,0,0,0,9,0,0,0,0
zc,TA301,2012-06-04 09:01:57.190,7352.0000,83264,-10,0.0000,10.0000,0,10,双平,B,7348.0000,0.0000,0.0000,0.0000,0.0000,7352.0000,0.0000,0.0000,0.0000,0.0000,3,0,0,0,0,4,0,0,0,0
zc,TA301,2012-06-04 09:01:57.957,7352.0000,83314,50,0.0000,84.0000,67,17,多开,B,7352.0000,0.0000,0.0000,0.0000,0.0000,7356.0000,0.0000,0.0000,0.0000,0.0000,60,0,0,0,0,10,0,0,0,0
zc,TA301,2012-06-04 09:01:58.440,7352.0000,83314,0,0.0000,8.0000,4,4,多换,B,7352.0000,0.0000,0.0000,0.0000,0.0000,7356.0000,0.0000,0.0000,0.0000,0.0000,63,0,0,0,0,10,0,0,0,0
zc,TA301,2012-06-04 09:01:59.707,7358.0000,83310,-4,0.0000,8.0000,2,6,空平,B,7352.0000,0.0000,0.0000,0.0000,0.0000,7358.0000,0.0000,0.0000,0.0000,0.0000,64,0,0,0,0,6,0,0,0,0
zc,TA301,2012-06-04 09:02:00.410,7358.0000,83310,0,0.0000,0.0000,0,0,多换,B,7356.0000,0.0000,0.0000,0.0000,0.0000,7358.0000,0.0000,0.0000,0.0000,0.0000,1,0,0,0,0,6,0,0,0,0
zc,TA301,2012-06-04 09:02:00.707,7356.0000,83310,0,0.0000,2.0000,1,1,空换,S,7352.0000,0.0000,0.0000,0.0000,0.0000,7358.0000,0.0000,0.0000,0.0000,0.0000,65,0,0,0,0,5,0,0,0,0
zc,TA301,2012-06-04 09:02:01.427,7358.0000,83306,-4,0.0000,4.0000,0,4,双平,B,7352.0000,0.0000,0.0000,0.0000,0.0000,7358.0000,0.0000,0.0000,0.0000,0.0000,65,0,0,0,0,3,0,0,0,0
zc,TA301,2012-06-04 09:02:02.707,7358.0000,83306,0,0.0000,2.0000,1,1,多换,B,7352.0000,0.0000,0.0000,0.0000,0.0000,7356.0000,0.0000,0.0000,0.0000,0.0000,66,0,0,0,0,2,0,0,0,0
zc,TA301,2012-06-04 09:02:03.410,7358.0000,83306,0,0.0000,0.0000,0,0,多换,B,7352.0000,0.0000,0.0000,0.0000,0.0000,7356.0000,0.0000,0.0000,0.0000,0.0000,67,0,0,0,0,2,0,0,0,0
zc,TA301,2012-06-04 09:02:03.940,7356.0000,83306,0,0.0000,10.0000,5,5,空换,S,7356.0000,0.0000,0.0000,0.0000,0.0000,7358.0000,0.0000,0.0000,0.0000,0.0000,1,0,0,0,0,1,0,0,0,0
zc,TA301,2012-06-04 09:02:04.723,7352.0000,83302,-4,0.0000,10.0000,3,7,多平,S,7352.0000,0.0000,0.0000,0.0000,0.0000,7358.0000,0.0000,0.0000,0.0000,0.0000,79,0,0,0,0,1,0,0,0,0
zc,TA301,2012-06-04 09:02:05.207,7352.0000,83316,14,0.0000,24.0000,19,5,空开,S,7352.0000,0.0000,0.0000,0.0000,0.0000,7358.0000,0.0000,0.0000,0.0000,0.0000,72,0,0,0,0,16,0,0,0,0
zc,TA301,2012-06-04 09:02:05.940,7352.0000,83316,0,0.0000,0.0000,0,0,空换,S,7352.0000,0.0000,0.0000,0.0000,0.0000,7356.0000,0.0000,0.0000,0.0000,0.0000,72,0,0,0,0,1,0,0,0,0
zc,TA301,2012-06-04 09:02:06.190,7352.0000,83316,0,0.0000,0.0000,0,0,空换,S,7352.0000,0.0000,0.0000,0.0000,0.0000,7358.0000,0.0000,0.0000,0.0000,0.0000,72,0,0,0,0,16,0,0,0,0
zc,TA301,2012-06-04 09:02:07.487,7352.0000,83424,108,0.0000,140.0000,124,16,空开,S,7352.0000,0.0000,0.0000,0.0000,0.0000,7360.0000,0.0000,0.0000,0.0000,0.0000,12,0,0,0,0,21,0,0,0,0
zc,TA301,2012-06-04 09:02:08.207,7356.0000,83468,44,0.0000,44.0000,44,0,双开,B,7356.0000,0.0000,0.0000,0.0000,0.0000,7360.0000,0.0000,0.0000,0.0000,0.0000,5,0,0,0,0,19,0,0,0,0
zc,TA301,2012-06-04 09:02:08.737,7360.0000,83470,2,0.0000,2.0000,2,0,双开,B,7358.0000,0.0000,0.0000,0.0000,0.0000,7360.0000,0.0000,0.0000,0.0000,0.0000,4,0,0,0,0,18,0,0,0,0
zc,TA301,2012-06-04 09:02:09.160,7358.0000,83474,4,0.0000,4.0000,4,0,双开,S,7358.0000,0.0000,0.0000,0.0000,0.0000,7360.0000,0.0000,0.0000,0.0000,0.0000,11,0,0,0,0,17,0,0,0,0
zc,TA301,2012-06-04 09:02:09.973,7358.0000,83482,8,0.0000,24.0000,16,8,空开,S,7356.0000,0.0000,0.0000,0.0000,0.0000,7358.0000,0.0000,0.0000,0.0000,0.0000,8,0,0,0,0,3,0,0,0,0
zc,TA301,2012-06-04 09:02:10.690,7356.0000,83514,32,0.0000,60.0000,46,14,空开,S,7354.0000,0.0000,0.0000,0.0000,0.0000,7356.0000,0.0000,0.0000,0.0000,0.0000,4,0,0,0,0,9,0,0,0,0
zc,TA301,2012-06-04 09:02:11.190,7356.0000,83514,0,0.0000,0.0000,0,0,空换,S,7358.0000,0.0000,0.0000,0.0000,0.0000,7360.0000,0.0000,0.0000,0.0000,0.0000,1,0,0,0,0,2,0,0,0,0
zc,TA301,2012-06-04 09:02:11.677,7358.0000,83514,0,0.0000,2.0000,1,1,多换,B,7356.0000,0.0000,0.0000,0.0000,0.0000,7360.0000,0.0000,0.0000,0.0000,0.0000,2,0,0,0,0,3,0,0,0,0
zc,TA301,2012-06-04 09:02:12.987,7358.0000,83514,0,0.0000,0.0000,0,0,多换,B,7354.0000,0.0000,0.0000,0.0000,0.0000,7360.0000,0.0000,0.0000,0.0000,0.0000,6,0,0,0,0,11,0,0,0,0
zc,TA301,2012-06-04 09:02:14.237,7360.0000,83516,2,0.0000,22.0000,12,10,多开,B,7358.0000,0.0000,0.0000,0.0000,0.0000,7360.0000,0.0000,0.0000,0.0000,0.0000,8,0,0,0,0,2,0,0,0,0
zc,TA301,2012-06-04 09:02:14.677,7360.0000,83516,0,0.0000,0.0000,0,0,多换,B,7358.0000,0.0000,0.0000,0.0000,0.0000,7360.0000,0.0000,0.0000,0.0000,0.0000,9,0,0,0,0,2,0,0,0,0
zc,TA301,2012-06-04 09:02:15.177,7358.0000,83518,2,0.0000,6.0000,4,2,空开,S,7358.0000,0.0000,0.0000,0.0000,0.0000,7360.0000,0.0000,0.0000,0.0000,0.0000,12,0,0,0,0,1,0,0,0,0
zc,TA301,2012-06-04 09:02:16.410,7360.0000,83518,0,0.0000,2.0000,1,1,多换,B,7358.0000,0.0000,0.0000,0.0000,0.0000,7364.0000,0.0000,0.0000,0.0000,0.0000,12,0,0,0,0,36,0,0,0,0
zc,TA301,2012-06-04 09:02:17.190,7358.0000,83518,0,0.0000,6.0000,3,3,空换,S,7360.0000,0.0000,0.0000,0.0000,0.0000,7364.0000,0.0000,0.0000,0.0000,0.0000,1,0,0,0,0,36,0,0,0,0
zc,TA301,2012-06-04 09:02:17.973,7360.0000,83522,4,0.0000,4.0000,4,0,双开,B,7358.0000,0.0000,0.0000,0.0000,0.0000,7360.0000,0.0000,0.0000,0.0000,0.0000,15,0,0,0,0,8,0,0,0,0
zc,TA301,2012-06-04 09:02:18.503,7358.0000,83552,30,0.0000,30.0000,30,0,双开,S,7354.0000,0.0000,0.0000,0.0000,0.0000,7360.0000,0.0000,0.0000,0.0000,0.0000,4,0,0,0,0,1,0,0,0,0
zc,TA301,2012-06-04 09:02:19.677,7360.0000,83552,0,0.0000,2.0000,1,1,多换,B,7354.0000,0.0000,0.0000,0.0000,0.0000,7362.0000,0.0000,0.0000,0.0000,0.0000,4,0,0,0,0,4,0,0,0,0
zc,TA301,2012-06-04 09:02:20.753,7362.0000,83574,22,0.0000,22.0000,22,0,双开,B,7358.0000,0.0000,0.0000,0.0000,0.0000,7364.0000,0.0000,0.0000,0.0000,0.0000,2,0,0,0,0,29,0,0,0,0
zc,TA301,2012-06-04 09:02:21.473,7354.0000,83578,4,0.0000,8.0000,6,2,空开,S,7354.0000,0.0000,0.0000,0.0000,0.0000,7358.0000,0.0000,0.0000,0.0000,0.0000,3,0,0,0,0,1,0,0,0,0
zc,TA301,2012-06-04 09:02:21.910,7358.0000,83594,16,0.0000,16.0000,16,0,双开,B,7354.0000,0.0000,0.0000,0.0000,0.0000,7358.0000,0.0000,0.0000,0.0000,0.0000,4,0,0,0,0,3,0,0,0,0
zc,TA301,2012-06-04 09:02:22.457,7358.0000,83602,8,0.0000,10.0000,9,1,多开,B,7354.0000,0.0000,0.0000,0.0000,0.0000,7360.0000,0.0000,0.0000,0.0000,0.0000,4,0,0,0,0,3,0,0,0,0
zc,TA301,2012-06-04 09:02:22.957,7360.0000,83604,2,0.0000,2.0000,2,0,双开,B,7354.0000,0.0000,0.0000,0.0000,0.0000,7360.0000,0.0000,0.0000,0.0000,0.0000,4,0,0,0,0,2,0,0,0,0
zc,TA301,2012-06-04 09:02:23.643,7354.0000,83604,0,0.0000,2.0000,1,1,空换,S,7354.0000,0.0000,0.0000,0.0000,0.0000,7360.0000,0.0000,0.0000,0.0000,0.0000,3,0,0,0,0,2,0,0,0,0
zc,TA301,2012-06-04 09:02:24.393,7360.0000,83608,4,0.0000,6.0000,5,1,多开,B,7354.0000,0.0000,0.0000,0.0000,0.0000,7360.0000,0.0000,0.0000,0.0000,0.0000,1,0,0,0,0,1,0,0,0,0
zc,TA301,2012-06-04 09:02:24.957,7360.0000,83610,2,0.0000,2.0000,2,0,双开,B,7356.0000,0.0000,0.0000,0.0000,0.0000,7360.0000,0.0000,0.0000,0.0000,0.0000,1,0,0,0,0,5,0,0,0,0
zc,TA301,2012-06-04 09:02:25.690,7354.0000,83568,-42,0.0000,106.0000,32,74,多平,S,7354.0000,0.0000,0.0000,0.0000,0.0000,7360.0000,0.0000,0.0000,0.0000,0.0000,1,0,0,0,0,1,0,0,0,0
zc,TA301,2012-06-04 09:02:26.207,7360.0000,83568,0,0.0000,8.0000,4,4,多换,B,7354.0000,0.0000,0.0000,0.0000,0.0000,7360.0000,0.0000,0.0000,0.0000,0.0000,10,0,0,0,0,7,0,0,0,0
zc,TA301,2012-06-04 09:02:27.190,7356.0000,83568,0,0.0000,2.0000,1,1,空换,S,7354.0000,0.0000,0.0000,0.0000,0.0000,7360.0000,0.0000,0.0000,0.0000,0.0000,10,0,0,0,0,7,0,0,0,0
zc,TA301,2012-06-04 09:02:27.940,7356.0000,83568,0,0.0000,0.0000,0,0,空换,S,7358.0000,0.0000,0.0000,0.0000,0.0000,7360.0000,0.0000,0.0000,0.0000,0.0000,11,0,0,0,0,3,0,0,0,0
zc,TA301,2012-06-04 09:02:28.440,7360.0000,83568,0,0.0000,2.0000,1,1,多换,B,7358.0000,0.0000,0.0000,0.0000,0.0000,7360.0000,0.0000,0.0000,0.0000,0.0000,16,0,0,0,0,2,0,0,0,0
zc,TA301,2012-06-04 09:02:29.177,7358.0000,83566,-2,0.0000,4.0000,1,3,多平,S,7358.0000,0.0000,0.0000,0.0000,0.0000,7360.0000,0.0000,0.0000,0.0000,0.0000,14,0,0,0,0,2,0,0,0,0
zc,TA301,2012-06-04 09:02:30.940,7360.0000,83566,0,0.0000,2.0000,1,1,多换,B,7358.0000,0.0000,0.0000,0.0000,0.0000,7360.0000,0.0000,0.0000,0.0000,0.0000,14,0,0,0,0,8,0,0,0,0
zc,TA301,2012-06-04 09:02:31.427,7358.0000,83548,-18,0.0000,28.0000,5,23,多平,S,7356.0000,0.0000,0.0000,0.0000,0.0000,7360.0000,0.0000,0.0000,0.0000,0.0000,1,0,0,0,0,4,0,0,0,0
zc,TA301,2012-06-04 09:02:32.177,7360.0000,83548,0,0.0000,22.0000,11,11,多换,B,7356.0000,0.0000,0.0000,0.0000,0.0000,7360.0000,0.0000,0.0000,0.0000,0.0000,1,0,0,0,0,29,0,0,0,0
zc,TA301,2012-06-04 09:02:32.677,7360.0000,83548,0,0.0000,6.0000,3,3,多换,B,7358.0000,0.0000,0.0000,0.0000,0.0000,7360.0000,0.0000,0.0000,0.0000,0.0000,3,0,0,0,0,26,0,0,0,0
zc,TA301,2012-06-04 09:02:33.410,7360.0000,83548,0,0.0000,4.0000,2,2,多换,B,7358.0000,0.0000,0.0000,0.0000,0.0000,7360.0000,0.0000,0.0000,0.0000,0.0000,3,0,0,0,0,24,0,0,0,0
zc,TA301,2012-06-04 09:02:33.973,7358.0000,83548,0,0.0000,6.0000,3,3,空换,S,7358.0000,0.0000,0.0000,0.0000,0.0000,7360.0000,0.0000,0.0000,0.0000,0.0000,2,0,0,0,0,24,0,0,0,0
zc,TA301,2012-06-04 09:02:34.707,7360.0000,83548,0,0.0000,6.0000,3,3,多换,B,7358.0000,0.0000,0.0000,0.0000,0.0000,7360.0000,0.0000,0.0000,0.0000,0.0000,2,0,0,0,0,21,0,0,0,0
zc,TA301,2012-06-04 09:02:35.190,7360.0000,83548,0,0.0000,0.0000,0,0,多换,B,7358.0000,0.0000,0.0000,0.0000,0.0000,7360.0000,0.0000,0.0000,0.0000,0.0000,3,0,0,0,0,21,0,0,0,0
zc,TA301,2012-06-04 09:02:35.927,7360.0000,83548,0,0.0000,2.0000,1,1,多换,B,7358.0000,0.0000,0.0000,0.0000,0.0000,7360.0000,0.0000,0.0000,0.0000,0.0000,3,0,0,0,0,20,0,0,0,0
zc,TA301,2012-06-04 09:02:36.440,7358.0000,83546,-2,0.0000,2.0000,0,2,双平,S,7358.0000,0.0000,0.0000,0.0000,0.0000,7360.0000,0.0000,0.0000,0.0000,0.0000,11,0,0,0,0,21,0,0,0,0
zc,TA301,2012-06-04 09:02:37.440,7360.0000,83514,-32,0.0000,42.0000,5,37,空平,B,7360.0000,0.0000,0.0000,0.0000,0.0000,7362.0000,0.0000,0.0000,0.0000,0.0000,2,0,0,0,0,6,0,0,0,0
zc,TA301,2012-06-04 09:02:39.427,7362.0000,83514,0,0.0000,12.0000,6,6,多换,B,7364.0000,0.0000,0.0000,0.0000,0.0000,7366.0000,0.0000,0.0000,0.0000,0.0000,2,0,0,0,0,40,0,0,0,0
zc,TA301,2012-06-04 09:02:40.253,7366.0000,83446,-68,0.0000,86.0000,9,77,空平,B,7364.0000,0.0000,0.0000,0.0000,0.0000,7368.0000,0.0000,0.0000,0.0000,0.0000,4,0,0,0,0,1,0,0,0,0
zc,TA301,2012-06-04 09:02:40.737,7366.0000,83446,0,0.0000,0.0000,0,0,多换,B,7366.0000,0.0000,0.0000,0.0000,0.0000,7368.0000,0.0000,0.0000,0.0000,0.0000,1,0,0,0,0,1,0,0,0,0
zc,TA301,2012-06-04 09:02:41.427,7368.0000,83444,-2,0.0000,2.0000,0,2,双平,B,7366.0000,0.0000,0.0000,0.0000,0.0000,7370.0000,0.0000,0.0000,0.0000,0.0000,1,0,0,0,0,21,0,0,0,0
zc,TA301,2012-06-04 09:02:41.987,7368.0000,83444,0,0.0000,0.0000,0,0,多换,B,7366.0000,0.0000,0.0000,0.0000,0.0000,7370.0000,0.0000,0.0000,0.0000,0.0000,9,0,0,0,0,1,0,0,0,0
zc,TA301,2012-06-04 09:02:42.783,7368.0000,83454,10,0.0000,10.0000,10,0,双开,B,7366.0000,0.0000,0.0000,0.0000,0.0000,7368.0000,0.0000,0.0000,0.0000,0.0000,5,0,0,0,0,15,0,0,0,0
zc,TA301,2012-06-04 09:02:43.143,7368.0000,83478,24,0.0000,24.0000,24,0,双开,B,7366.0000,0.0000,0.0000,0.0000,0.0000,7368.0000,0.0000,0.0000,0.0000,0.0000,5,0,0,0,0,3,0,0,0,0
zc,TA301,2012-06-04 09:02:43.973,7368.0000,83484,6,0.0000,8.0000,7,1,多开,B,7366.0000,0.0000,0.0000,0.0000,0.0000,7370.0000,0.0000,0.0000,0.0000,0.0000,2,0,0,0,0,10,0,0,0,0
zc,TA301,2012-06-04 09:02:44.473,7368.0000,83484,0,0.0000,0.0000,0,0,多换,B,7368.0000,0.0000,0.0000,0.0000,0.0000,7370.0000,0.0000,0.0000,0.0000,0.0000,3,0,0,0,0,1,0,0,0,0
zc,TA301,2012-06-04 09:02:45.207,7368.0000,83484,0,0.0000,2.0000,1,1,多换,B,7368.0000,0.0000,0.0000,0.0000,0.0000,7370.0000,0.0000,0.0000,0.0000,0.0000,3,0,0,0,0,2,0,0,0,0
zc,TA301,2012-06-04 09:02:45.723,7370.0000,83484,0,0.0000,4.0000,2,2,多换,B,7370.0000,0.0000,0.0000,0.0000,0.0000,7372.0000,0.0000,0.0000,0.0000,0.0000,1,0,0,0,0,4,0,0,0,0
zc,TA301,2012-06-04 09:02:46.377,7370.0000,83484,0,0.0000,0.0000,0,0,多换,B,7370.0000,0.0000,0.0000,0.0000,0.0000,7376.0000,0.0000,0.0000,0.0000,0.0000,1,0,0,0,0,9,0,0,0,0
zc,TA301,2012-06-04 09:02:46.567,7370.0000,83486,2,0.0000,2.0000,2,0,双开,B,7368.0000,0.0000,0.0000,0.0000,0.0000,7376.0000,0.0000,0.0000,0.0000,0.0000,3,0,0,0,0,8,0,0,0,0
zc,TA301,2012-06-04 09:02:47.003,7370.0000,83486,0,0.0000,0.0000,0,0,多换,B,7370.0000,0.0000,0.0000,0.0000,0.0000,7376.0000,0.0000,0.0000,0.0000,0.0000,5,0,0,0,0,8,0,0,0,0
zc,TA301,2012-06-04 09:02:47.987,7376.0000,83488,2,0.0000,2.0000,2,0,双开,B,7370.0000,0.0000,0.0000,0.0000,0.0000,7376.0000,0.0000,0.0000,0.0000,0.0000,5,0,0,0,0,7,0,0,0,0
zc,TA301,2012-06-04 09:02:48.457,7376.0000,83490,2,0.0000,4.0000,3,1,多开,B,7370.0000,0.0000,0.0000,0.0000,0.0000,7376.0000,0.0000,0.0000,0.0000,0.0000,4,0,0,0,0,6,0,0,0,0
zc,TA301,2012-06-04 09:02:48.927,7372.0000,83488,-2,0.0000,2.0000,0,2,双平,S,7370.0000,0.0000,0.0000,0.0000,0.0000,7372.0000,0.0000,0.0000,0.0000,0.0000,4,0,0,0,0,25,0,0,0,0
zc,TA301,2012-06-04 09:02:49.473,7380.0000,83482,-6,0.0000,58.0000,26,32,空平,B,7372.0000,0.0000,0.0000,0.0000,0.0000,7382.0000,0.0000,0.0000,0.0000,0.0000,4,0,0,0,0,1,0,0,0,0
zc,TA301,2012-06-04 09:02:50.473,7382.0000,83482,0,0.0000,2.0000,1,1,多换,B,7382.0000,0.0000,0.0000,0.0000,0.0000,7386.0000,0.0000,0.0000,0.0000,0.0000,7,0,0,0,0,1,0,0,0,0
zc,TA301,2012-06-04 09:02:50.677,7382.0000,83482,0,0.0000,0.0000,0,0,多换,B,7378.0000,0.0000,0.0000,0.0000,0.0000,7384.0000,0.0000,0.0000,0.0000,0.0000,15,0,0,0,0,6,0,0,0,0
zc,TA301,2012-06-04 09:02:51.440,7382.0000,83480,-2,0.0000,2.0000,0,2,双平,B,7378.0000,0.0000,0.0000,0.0000,0.0000,7384.0000,0.0000,0.0000,0.0000,0.0000,14,0,0,0,0,6,0,0,0,0
zc,TA301,2012-06-04 09:02:51.940,7382.0000,83480,0,0.0000,26.0000,13,13,多换,B,7380.0000,0.0000,0.0000,0.0000,0.0000,7386.0000,0.0000,0.0000,0.0000,0.0000,1,0,0,0,0,7,0,0,0,0
zc,TA301,2012-06-04 09:02:52.707,7388.0000,83470,-10,0.0000,66.0000,28,38,空平,B,7378.0000,0.0000,0.0000,0.0000,0.0000,7386.0000,0.0000,0.0000,0.0000,0.0000,1,0,0,0,0,3,0,0,0,0
zc,TA301,2012-06-04 09:02:53.207,7382.0000,83468,-2,0.0000,2.0000,0,2,双平,S,7380.0000,0.0000,0.0000,0.0000,0.0000,7388.0000,0.0000,0.0000,0.0000,0.0000,2,0,0,0,0,3,0,0,0,0
zc,TA301,2012-06-04 09:02:54.223,7386.0000,83468,0,0.0000,24.0000,12,12,多换,B,7378.0000,0.0000,0.0000,0.0000,0.0000,7386.0000,0.0000,0.0000,0.0000,0.0000,2,0,0,0,0,3,0,0,0,0
zc,TA301,2012-06-04 09:02:54.690,7386.0000,83468,0,0.0000,0.0000,0,0,多换,B,7380.0000,0.0000,0.0000,0.0000,0.0000,7386.0000,0.0000,0.0000,0.0000,0.0000,5,0,0,0,0,3,0,0,0,0
zc,TA301,2012-06-04 09:02:55.473,7380.0000,83468,0,0.0000,2.0000,1,1,空换,S,7376.0000,0.0000,0.0000,0.0000,0.0000,7384.0000,0.0000,0.0000,0.0000,0.0000,4,0,0,0,0,2,0,0,0,0
zc,TA301,2012-06-04 09:02:55.987,7386.0000,83466,-2,0.0000,2.0000,0,2,双平,B,7380.0000,0.0000,0.0000,0.0000,0.0000,7386.0000,0.0000,0.0000,0.0000,0.0000,5,0,0,0,0,31,0,0,0,0
zc,TA301,2012-06-04 09:02:56.753,7380.0000,83466,0,0.0000,8.0000,4,4,空换,S,7384.0000,0.0000,0.0000,0.0000,0.0000,7386.0000,0.0000,0.0000,0.0000,0.0000,4,0,0,0,0,31,0,0,0,0
zc,TA301,2012-06-04 09:02:57.223,7384.0000,83464,-2,0.0000,8.0000,3,5,空平,B,7372.0000,0.0000,0.0000,0.0000,0.0000,7384.0000,0.0000,0.0000,0.0000,0.0000,3,0,0,0,0,3,0,0,0,0
zc,TA301,2012-06-04 09:02:57.957,7380.0000,83464,0,0.0000,14.0000,7,7,空换,S,7380.0000,0.0000,0.0000,0.0000,0.0000,7386.0000,0.0000,0.0000,0.0000,0.0000,1,0,0,0,0,42,0,0,0,0
zc,TA301,2012-06-04 09:02:58.457,7372.0000,83464,0,0.0000,2.0000,1,1,空换,S,7380.0000,0.0000,0.0000,0.0000,0.0000,7386.0000,0.0000,0.0000,0.0000,0.0000,5,0,0,0,0,42,0,0,0,0
zc,TA301,2012-06-04 09:02:59.223,7380.0000,83464,0,0.0000,10.0000,5,5,多换,B,7372.0000,0.0000,0.0000,0.0000,0.0000,7380.0000,0.0000,0.0000,0.0000,0.0000,2,0,0,0,0,6,0,0,0,0
zc,TA301,2012-06-04 09:02:59.987,7380.0000,83462,-2,0.0000,2.0000,0,2,双平,B,7374.0000,0.0000,0.0000,0.0000,0.0000,7384.0000,0.0000,0.0000,0.0000,0.0000,13,0,0,0,0,6,0,0,0,0
zc,TA301,2012-06-04 09:03:00.440,7374.0000,83460,-2,0.0000,2.0000,0,2,双平,S,7380.0000,0.0000,0.0000,0.0000,0.0000,7386.0000,0.0000,0.0000,0.0000,0.0000,4,0,0,0,0,39,0,0,0,0
zc,TA301,2012-06-04 09:03:00.987,7378.0000,83458,-2,0.0000,2.0000,0,2,双平,B,7384.0000,0.0000,0.0000,0.0000,0.0000,7386.0000,0.0000,0.0000,0.0000,0.0000,1,0,0,0,0,41,0,0,0,0
zc,TA301,2012-06-04 09:03:01.487,7376.0000,83458,0,0.0000,4.0000,2,2,空换,S,7376.0000,0.0000,0.0000,0.0000,0.0000,7382.0000,0.0000,0.0000,0.0000,0.0000,2,0,0,0,0,6,0,0,0,0
zc,TA301,2012-06-04 09:03:02.223,7382.0000,83456,-2,0.0000,12.0000,5,7,空平,B,7378.0000,0.0000,0.0000,0.0000,0.0000,7384.0000,0.0000,0.0000,0.0000,0.0000,1,0,0,0,0,5,0,0,0,0
zc,TA301,2012-06-04 09:03:02.707,7382.0000,83458,2,0.0000,2.0000,2,0,双开,B,7372.0000,0.0000,0.0000,0.0000,0.0000,7378.0000,0.0000,0.0000,0.0000,0.0000,13,0,0,0,0,4,0,0,0,0
zc,TA301,2012-06-04 09:03:03.457,7382.0000,83458,0,0.0000,2.0000,1,1,多换,B,7372.0000,0.0000,0.0000,0.0000,0.0000,7376.0000,0.0000,0.0000,0.0000,0.0000,13,0,0,0,0,1,0,0,0,0
zc,TA301,2012-06-04 09:03:03.957,7374.0000,83460,2,0.0000,4.0000,3,1,空开,S,7374.0000,0.0000,0.0000,0.0000,0.0000,7376.0000,0.0000,0.0000,0.0000,0.0000,2,0,0,0,0,4,0,0,0,0
zc,TA301,2012-06-04 09:03:04.737,7374.0000,83460,0,0.0000,4.0000,2,2,空换,S,7372.0000,0.0000,0.0000,0.0000,0.0000,7374.0000,0.0000,0.0000,0.0000,0.0000,12,0,0,0,0,1,0,0,0,0
zc,TA301,2012-06-04 09:03:05.177,7374.0000,83468,8,0.0000,10.0000,9,1,空开,S,7372.0000,0.0000,0.0000,0.0000,0.0000,7374.0000,0.0000,0.0000,0.0000,0.0000,12,0,0,0,0,2,0,0,0,0
zc,TA301,2012-06-04 09:03:05.957,7374.0000,83468,0,0.0000,0.0000,0,0,空换,S,7372.0000,0.0000,0.0000,0.0000,0.0000,7376.0000,0.0000,0.0000,0.0000,0.0000,12,0,0,0,0,4,0,0,0,0
zc,TA301,2012-06-04 09:03:06.410,7376.0000,83462,-6,0.0000,18.0000,6,12,空平,B,7372.0000,0.0000,0.0000,0.0000,0.0000,7376.0000,0.0000,0.0000,0.0000,0.0000,12,0,0,0,0,15,0,0,0,0
zc,TA301,2012-06-04 09:03:07.190,7376.0000,83462,0,0.0000,2.0000,1,1,多换,B,7374.0000,0.0000,0.0000,0.0000,0.0000,7376.0000,0.0000,0.0000,0.0000,0.0000,5,0,0,0,0,3,0,0,0,0
zc,TA301,2012-06-04 09:03:07.737,7376.0000,83460,-2,0.0000,6.0000,2,4,空平,B,7374.0000,0.0000,0.0000,0.0000,0.0000,7376.0000,0.0000,0.0000,0.0000,0.0000,2,0,0,0,0,3,0,0,0,0
zc,TA301,2012-06-04 09:03:08.940,7380.0000,83476,16,0.0000,20.0000,18,2,多开,B,7372.0000,0.0000,0.0000,0.0000,0.0000,7378.0000,0.0000,0.0000,0.0000,0.0000,15,0,0,0,0,2,0,0,0,0
zc,TA301,2012-06-04 09:03:09.457,7374.0000,83474,-2,0.0000,2.0000,0,2,双平,S,7374.0000,0.0000,0.0000,0.0000,0.0000,7380.0000,0.0000,0.0000,0.0000,0.0000,1,0,0,0,0,112,0,0,0,0
zc,TA301,2012-06-04 09:03:10.457,7376.0000,83456,-18,0.0000,20.0000,1,19,空平,B,7378.0000,0.0000,0.0000,0.0000,0.0000,7380.0000,0.0000,0.0000,0.0000,0.0000,11,0,0,0,0,96,0,0,0,0
zc,TA301,2012-06-04 09:03:10.973,7380.0000,83456,0,0.0000,40.0000,20,20,多换,B,7378.0000,0.0000,0.0000,0.0000,0.0000,7380.0000,0.0000,0.0000,0.0000,0.0000,11,0,0,0,0,76,0,0,0,0
zc,TA301,2012-06-04 09:03:11.737,7378.0000,83450,-6,0.0000,6.0000,0,6,双平,S,7378.0000,0.0000,0.0000,0.0000,0.0000,7380.0000,0.0000,0.0000,0.0000,0.0000,10,0,0,0,0,74,0,0,0,0
zc,TA301,2012-06-04 09:03:12.207,7380.0000,83448,-2,0.0000,2.0000,0,2,双平,B,7378.0000,0.0000,0.0000,0.0000,0.0000,7380.0000,0.0000,0.0000,0.0000,0.0000,10,0,0,0,0,73,0,0,0,0
zc,TA301,2012-06-04 09:03:13.223,7380.0000,83444,-4,0.0000,4.0000,0,4,双平,B,7376.0000,0.0000,0.0000,0.0000,0.0000,7380.0000,0.0000,0.0000,0.0000,0.0000,5,0,0,0,0,79,0,0,0,0
zc,TA301,2012-06-04 09:03:13.940,7380.0000,83444,0,0.0000,0.0000,0,0,多换,B,7376.0000,0.0000,0.0000,0.0000,0.0000,7378.0000,0.0000,0.0000,0.0000,0.0000,5,0,0,0,0,4,0,0,0,0
zc,TA301,2012-06-04 09:03:14.473,7380.0000,83444,0,0.0000,0.0000,0,0,多换,B,7376.0000,0.0000,0.0000,0.0000,0.0000,7378.0000,0.0000,0.0000,0.0000,0.0000,5,0,0,0,0,10,0,0,0,0
zc,TA301,2012-06-04 09:03:15.177,7378.0000,83446,2,0.0000,2.0000,2,0,双开,S,7376.0000,0.0000,0.0000,0.0000,0.0000,7378.0000,0.0000,0.0000,0.0000,0.0000,9,0,0,0,0,13,0,0,0,0
zc,TA301,2012-06-04 09:03:15.707,7378.0000,83448,2,0.0000,2.0000,2,0,双开,S,7376.0000,0.0000,0.0000,0.0000,0.0000,7378.0000,0.0000,0.0000,0.0000,0.0000,9,0,0,0,0,12,0,0,0,0
zc,TA301,2012-06-04 09:03:16.207,7376.0000,83458,10,0.0000,18.0000,14,4,空开,S,7374.0000,0.0000,0.0000,0.0000,0.0000,7376.0000,0.0000,0.0000,0.0000,0.0000,2,0,0,0,0,17,0,0,0,0
zc,TA301,2012-06-04 09:03:16.973,7376.0000,83458,0,0.0000,0.0000,0,0,空换,S,7374.0000,0.0000,0.0000,0.0000,0.0000,7376.0000,0.0000,0.0000,0.0000,0.0000,2,0,0,0,0,9,0,0,0,0
zc,TA301,2012-06-04 09:03:17.223,7376.0000,83480,22,0.0000,36.0000,29,7,空开,S,7374.0000,0.0000,0.0000,0.0000,0.0000,7378.0000,0.0000,0.0000,0.0000,0.0000,1,0,0,0,0,17,0,0,0,0
zc,TA301,2012-06-04 09:03:18.223,7374.0000,83484,4,0.0000,4.0000,4,0,双开,S,7372.0000,0.0000,0.0000,0.0000,0.0000,7374.0000,0.0000,0.0000,0.0000,0.0000,12,0,0,0,0,8,0,0,0,0
zc,TA301,2012-06-04 09:03:19.223,7376.0000,83488,4,0.0000,8.0000,6,2,多开,B,7372.0000,0.0000,0.0000,0.0000,0.0000,7376.0000,0.0000,0.0000,0.0000,0.0000,10,0,0,0,0,6,0,0,0,0
zc,TA301,2012-06-04 09:03:19.690,7376.0000,83488,0,0.0000,0.0000,0,0,多换,B,7372.0000,0.0000,0.0000,0.0000,0.0000,7376.0000,0.0000,0.0000,0.0000,0.0000,10,0,0,0,0,16,0,0,0,0
zc,TA301,2012-06-04 09:03:20.737,7376.0000,83488,0,0.0000,0.0000,0,0,多换,B,7372.0000,0.0000,0.0000,0.0000,0.0000,7376.0000,0.0000,0.0000,0.0000,0.0000,11,0,0,0,0,10,0,0,0,0
zc,TA301,2012-06-04 09:03:21.253,7376.0000,83488,0,0.0000,0.0000,0,0,多换,B,7372.0000,0.0000,0.0000,0.0000,0.0000,7376.0000,0.0000,0.0000,0.0000,0.0000,10,0,0,0,0,11,0,0,0,0
zc,TA301,2012-06-04 09:03:21.987,7376.0000,83494,6,0.0000,6.0000,6,0,双开,B,7372.0000,0.0000,0.0000,0.0000,0.0000,7376.0000,0.0000,0.0000,0.0000,0.0000,10,0,0,0,0,13,0,0,0,0
zc,TA301,2012-06-04 09:03:22.473,7376.0000,83494,0,0.0000,0.0000,0,0,多换,B,7372.0000,0.0000,0.0000,0.0000,0.0000,7374.0000,0.0000,0.0000,0.0000,0.0000,10,0,0,0,0,3,0,0,0,0
zc,TA301,2012-06-04 09:03:23.237,7376.0000,83494,0,0.0000,2.0000,1,1,多换,B,7372.0000,0.0000,0.0000,0.0000,0.0000,7376.0000,0.0000,0.0000,0.0000,0.0000,11,0,0,0,0,10,0,0,0,0
zc,TA301,2012-06-04 09:03:24.440,7376.0000,83498,4,0.0000,4.0000,4,0,双开,B,7372.0000,0.0000,0.0000,0.0000,0.0000,7376.0000,0.0000,0.0000,0.0000,0.0000,11,0,0,0,0,8,0,0,0,0
zc,TA301,2012-06-04 09:03:24.987,7374.0000,83496,-2,0.0000,2.0000,0,2,双平,S,7372.0000,0.0000,0.0000,0.0000,0.0000,7376.0000,0.0000,0.0000,0.0000,0.0000,11,0,0,0,0,8,0,0,0,0
zc,TA301,2012-06-04 09:03:26.190,7374.0000,83496,0,0.0000,0.0000,0,0,空换,S,7372.0000,0.0000,0.0000,0.0000,0.0000,7376.0000,0.0000,0.0000,0.0000,0.0000,12,0,0,0,0,11,0,0,0,0
zc,TA301,2012-06-04 09:03:27.973,7374.0000,83496,0,0.0000,0.0000,0,0,空换,S,7372.0000,0.0000,0.0000,0.0000,0.0000,7376.0000,0.0000,0.0000,0.0000,0.0000,12,0,0,0,0,13,0,0,0,0
zc,TA301,2012-06-04 09:03:28.677,7372.0000,83520,24,0.0000,24.0000,24,0,双开,S,7370.0000,0.0000,0.0000,0.0000,0.0000,7376.0000,0.0000,0.0000,0.0000,0.0000,4,0,0,0,0,21,0,0,0,0
zc,TA301,2012-06-04 09:03:29.207,7370.0000,83522,2,0.0000,18.0000,10,8,空开,S,7368.0000,0.0000,0.0000,0.0000,0.0000,7370.0000,0.0000,0.0000,0.0000,0.0000,8,0,0,0,0,7,0,0,0,0
zc,TA301,2012-06-04 09:03:30.677,7370.0000,83522,0,0.0000,0.0000,0,0,空换,S,7368.0000,0.0000,0.0000,0.0000,0.0000,7370.0000,0.0000,0.0000,0.0000,0.0000,9,0,0,0,0,7,0,0,0,0
zc,TA301,2012-06-04 09:03:31.177,7370.0000,83542,20,0.0000,20.0000,20,0,双开,S,7368.0000,0.0000,0.0000,0.0000,0.0000,7370.0000,0.0000,0.0000,0.0000,0.0000,9,0,0,0,0,9,0,0,0,0
zc,TA301,2012-06-04 09:03:32.753,7368.0000,83542,0,0.0000,6.0000,3,3,空换,S,7368.0000,0.0000,0.0000,0.0000,0.0000,7372.0000,0.0000,0.0000,0.0000,0.0000,6,0,0,0,0,21,0,0,0,0
zc,TA301,2012-06-04 09:03:33.177,7368.0000,83542,0,0.0000,2.0000,1,1,空换,S,7368.0000,0.0000,0.0000,0.0000,0.0000,7372.0000,0.0000,0.0000,0.0000,0.0000,5,0,0,0,0,21,0,0,0,0
zc,TA301,2012-06-04 09:03:33.973,7368.0000,83542,0,0.0000,0.0000,0,0,空换,S,7368.0000,0.0000,0.0000,0.0000,0.0000,7370.0000,0.0000,0.0000,0.0000,0.0000,5,0,0,0,0,9,0,0,0,0
zc,TA301,2012-06-04 09:03:34.487,7368.0000,83542,0,0.0000,0.0000,0,0,空换,S,7368.0000,0.0000,0.0000,0.0000,0.0000,7372.0000,0.0000,0.0000,0.0000,0.0000,5,0,0,0,0,21,0,0,0,0
zc,TA301,2012-06-04 09:03:35.003,7368.0000,83550,8,0.0000,10.0000,9,1,空开,S,7366.0000,0.0000,0.0000,0.0000,0.0000,7368.0000,0.0000,0.0000,0.0000,0.0000,22,0,0,0,0,5,0,0,0,0
zc,TA301,2012-06-04 09:03:35.487,7366.0000,83602,52,0.0000,52.0000,52,0,双开,S,7362.0000,0.0000,0.0000,0.0000,0.0000,7366.0000,0.0000,0.0000,0.0000,0.0000,6,0,0,0,0,9,0,0,0,0
zc,TA301,2012-06-04 09:03:36.237,7362.0000,83616,14,0.0000,14.0000,14,0,双开,S,7360.0000,0.0000,0.0000,0.0000,0.0000,7366.0000,0.0000,0.0000,0.0000,0.0000,3,0,0,0,0,3,0,0,0,0
zc,TA301,2012-06-04 09:03:36.737,7362.0000,83616,0,0.0000,0.0000,0,0,空换,S,7360.0000,0.0000,0.0000,0.0000,0.0000,7364.0000,0.0000,0.0000,0.0000,0.0000,3,0,0,0,0,3,0,0,0,0
zc,TA301,2012-06-04 09:03:37.427,7360.0000,83624,8,0.0000,8.0000,8,0,双开,S,7358.0000,0.0000,0.0000,0.0000,0.0000,7364.0000,0.0000,0.0000,0.0000,0.0000,10,0,0,0,0,9,0,0,0,0
zc,TA301,2012-06-04 09:03:37.987,7360.0000,83624,0,0.0000,0.0000,0,0,空换,S,7358.0000,0.0000,0.0000,0.0000,0.0000,7364.0000,0.0000,0.0000,0.0000,0.0000,12,0,0,0,0,9,0,0,0,0
zc,TA301,2012-06-04 09:03:39.177,7364.0000,83644,20,0.0000,20.0000,20,0,双开,B,7358.0000,0.0000,0.0000,0.0000,0.0000,7364.0000,0.0000,0.0000,0.0000,0.0000,12,0,0,0,0,10,0,0,0,0
zc,TA301,2012-06-04 09:03:39.723,7362.0000,83644,0,0.0000,2.0000,1,1,空换,S,7358.0000,0.0000,0.0000,0.0000,0.0000,7364.0000,0.0000,0.0000,0.0000,0.0000,12,0,0,0,0,10,0,0,0,0
zc,TA301,2012-06-04 09:03:40.487,7362.0000,83644,0,0.0000,0.0000,0,0,空换,S,7358.0000,0.0000,0.0000,0.0000,0.0000,7362.0000,0.0000,0.0000,0.0000,0.0000,10,0,0,0,0,15,0,0,0,0
zc,TA301,2012-06-04 09:03:41.753,7360.0000,83640,-4,0.0000,8.0000,2,6,多平,S,7360.0000,0.0000,0.0000,0.0000,0.0000,7362.0000,0.0000,0.0000,0.0000,0.0000,1,0,0,0,0,3,0,0,0,0
zc,TA301,2012-06-04 09:03:42.223,7362.0000,83640,0,0.0000,2.0000,1,1,多换,B,7360.0000,0.0000,0.0000,0.0000,0.0000,7362.0000,0.0000,0.0000,0.0000,0.0000,1,0,0,0,0,2,0,0,0,0
zc,TA301,2012-06-04 09:03:42.957,7362.0000,83640,0,0.0000,4.0000,2,2,多换,B,7362.0000,0.0000,0.0000,0.0000,0.0000,7366.0000,0.0000,0.0000,0.0000,0.0000,3,0,0,0,0,1,0,0,0,0
zc,TA301,2012-06-04 09:03:43.143,7362.0000,83640,0,0.0000,0.0000,0,0,多换,B,7362.0000,0.0000,0.0000,0.0000,0.0000,7366.0000,0.0000,0.0000,0.0000,0.0000,5,0,0,0,0,1,0,0,0,0
zc,TA301,2012-06-04 09:03:43.940,7362.0000,83642,2,0.0000,4.0000,3,1,多开,B,7362.0000,0.0000,0.0000,0.0000,0.0000,7366.0000,0.0000,0.0000,0.0000,0.0000,3,0,0,0,0,1,0,0,0,0
zc,TA301,2012-06-04 09:03:44.410,7368.0000,83646,4,0.0000,6.0000,5,1,多开,B,7362.0000,0.0000,0.0000,0.0000,0.0000,7366.0000,0.0000,0.0000,0.0000,0.0000,3,0,0,0,0,1,0,0,0,0
zc,TA301,2012-06-04 09:03:45.237,7368.0000,83646,0,0.0000,0.0000,0,0,多换,B,7362.0000,0.0000,0.0000,0.0000,0.0000,7366.0000,0.0000,0.0000,0.0000,0.0000,2,0,0,0,0,6,0,0,0,0
zc,TA301,2012-06-04 09:03:45.707,7368.0000,83646,0,0.0000,0.0000,0,0,多换,B,7362.0000,0.0000,0.0000,0.0000,0.0000,7366.0000,0.0000,0.0000,0.0000,0.0000,2,0,0,0,0,8,0,0,0,0
zc,TA301,2012-06-04 09:03:46.503,7362.0000,83652,6,0.0000,12.0000,9,3,空开,S,7362.0000,0.0000,0.0000,0.0000,0.0000,7366.0000,0.0000,0.0000,0.0000,0.0000,1,0,0,0,0,5,0,0,0,0
zc,TA301,2012-06-04 09:03:47.237,7366.0000,83658,6,0.0000,6.0000,6,0,双开,B,7362.0000,0.0000,0.0000,0.0000,0.0000,7364.0000,0.0000,0.0000,0.0000,0.0000,1,0,0,0,0,2,0,0,0,0
zc,TA301,2012-06-04 09:03:47.707,7362.0000,83658,0,0.0000,4.0000,2,2,空换,S,7358.0000,0.0000,0.0000,0.0000,0.0000,7362.0000,0.0000,0.0000,0.0000,0.0000,11,0,0,0,0,1,0,0,0,0
zc,TA301,2012-06-04 09:03:48.393,7362.0000,83658,0,0.0000,0.0000,0,0,空换,S,7358.0000,0.0000,0.0000,0.0000,0.0000,7362.0000,0.0000,0.0000,0.0000,0.0000,11,0,0,0,0,11,0,0,0,0
zc,TA301,2012-06-04 09:03:48.957,7362.0000,83658,0,0.0000,0.0000,0,0,空换,S,7360.0000,0.0000,0.0000,0.0000,0.0000,7362.0000,0.0000,0.0000,0.0000,0.0000,1,0,0,0,0,11,0,0,0,0
zc,TA301,2012-06-04 09:03:50.207,7360.0000,83666,8,0.0000,18.0000,13,5,空开,S,7360.0000,0.0000,0.0000,0.0000,0.0000,7362.0000,0.0000,0.0000,0.0000,0.0000,2,0,0,0,0,7,0,0,0,0
zc,TA301,2012-06-04 09:03:50.927,7360.0000,83666,0,0.0000,0.0000,0,0,空换,S,7358.0000,0.0000,0.0000,0.0000,0.0000,7362.0000,0.0000,0.0000,0.0000,0.0000,13,0,0,0,0,7,0,0,0,0
zc,TA301,2012-06-04 09:03:51.377,7358.0000,83668,2,0.0000,14.0000,8,6,空开,S,7358.0000,0.0000,0.0000,0.0000,0.0000,7362.0000,0.0000,0.0000,0.0000,0.0000,15,0,0,0,0,3,0,0,0,0
zc,TA301,2012-06-04 09:03:52.177,7362.0000,83670,2,0.0000,2.0000,2,0,双开,B,7358.0000,0.0000,0.0000,0.0000,0.0000,7362.0000,0.0000,0.0000,0.0000,0.0000,15,0,0,0,0,2,0,0,0,0
zc,TA301,2012-06-04 09:03:52.690,7362.0000,83674,4,0.0000,12.0000,8,4,多开,B,7362.0000,0.0000,0.0000,0.0000,0.0000,7364.0000,0.0000,0.0000,0.0000,0.0000,8,0,0,0,0,2,0,0,0,0
zc,TA301,2012-06-04 09:03:53.207,7362.0000,83674,0,0.0000,0.0000,0,0,多换,B,7362.0000,0.0000,0.0000,0.0000,0.0000,7366.0000,0.0000,0.0000,0.0000,0.0000,8,0,0,0,0,2,0,0,0,0
zc,TA301,2012-06-04 09:03:53.737,7366.0000,83652,-22,0.0000,26.0000,2,24,空平,B,7360.0000,0.0000,0.0000,0.0000,0.0000,7366.0000,0.0000,0.0000,0.0000,0.0000,4,0,0,0,0,1,0,0,0,0
zc,TA301,2012-06-04 09:03:54.427,7366.0000,83652,0,0.0000,0.0000,0,0,多换,B,7360.0000,0.0000,0.0000,0.0000,0.0000,7364.0000,0.0000,0.0000,0.0000,0.0000,5,0,0,0,0,1,0,0,0,0
zc,TA301,2012-06-04 09:03:55.190,7366.0000,83652,0,0.0000,0.0000,0,0,多换,B,7360.0000,0.0000,0.0000,0.0000,0.0000,7362.0000,0.0000,0.0000,0.0000,0.0000,7,0,0,0,0,1,0,0,0,0
zc,TA301,2012-06-04 09:03:55.927,7366.0000,83652,0,0.0000,0.0000,0,0,多换,B,7360.0000,0.0000,0.0000,0.0000,0.0000,7362.0000,0.0000,0.0000,0.0000,0.0000,11,0,0,0,0,1,0,0,0,0
zc,TA301,2012-06-04 09:03:56.440,7362.0000,83654,2,0.0000,2.0000,2,0,双开,S,7362.0000,0.0000,0.0000,0.0000,0.0000,7366.0000,0.0000,0.0000,0.0000,0.0000,9,0,0,0,0,1,0,0,0,0
zc,TA301,2012-06-04 09:03:57.190,7362.0000,83664,10,0.0000,12.0000,11,1,空开,S,7362.0000,0.0000,0.0000,0.0000,0.0000,7364.0000,0.0000,0.0000,0.0000,0.0000,3,0,0,0,0,1,0,0,0,0
zc,TA301,2012-06-04 09:03:57.677,7362.0000,83670,6,0.0000,6.0000,6,0,双开,S,7360.0000,0.0000,0.0000,0.0000,0.0000,7364.0000,0.0000,0.0000,0.0000,0.0000,7,0,0,0,0,1,0,0,0,0
zc,TA301,2012-06-04 09:03:58.160,7360.0000,83670,0,0.0000,6.0000,3,3,空换,S,7360.0000,0.0000,0.0000,0.0000,0.0000,7364.0000,0.0000,0.0000,0.0000,0.0000,4,0,0,0,0,1,0,0,0,0
zc,TA301,2012-06-04 09:03:58.940,7360.0000,83670,0,0.0000,0.0000,0,0,空换,S,7360.0000,0.0000,0.0000,0.0000,0.0000,7362.0000,0.0000,0.0000,0.0000,0.0000,4,0,0,0,0,1,0,0,0,0
zc,TA301,2012-06-04 09:03:59.427,7360.0000,83670,0,0.0000,0.0000,0,0,空换,S,7360.0000,0.0000,0.0000,0.0000,0.0000,7362.0000,0.0000,0.0000,0.0000,0.0000,8,0,0,0,0,1,0,0,0,0
zc,TA301,2012-06-04 09:04:00.457,7362.0000,83668,-2,0.0000,4.0000,1,3,空平,B,7360.0000,0.0000,0.0000,0.0000,0.0000,7364.0000,0.0000,0.0000,0.0000,0.0000,4,0,0,0,0,1,0,0,0,0
zc,TA301,2012-06-04 09:04:01.177,7364.0000,83670,2,0.0000,2.0000,2,0,双开,B,7360.0000,0.0000,0.0000,0.0000,0.0000,7364.0000,0.0000,0.0000,0.0000,0.0000,4,0,0,0,0,10,0,0,0,0
zc,TA301,2012-06-04 09:04:02.177,7364.0000,83670,0,0.0000,0.0000,0,0,多换,B,7362.0000,0.0000,0.0000,0.0000,0.0000,7364.0000,0.0000,0.0000,0.0000,0.0000,1,0,0,0,0,10,0,0,0,0
zc,TA301,2012-06-04 09:04:02.987,7364.0000,83674,4,0.0000,4.0000,4,0,双开,B,7360.0000,0.0000,0.0000,0.0000,0.0000,7366.0000,0.0000,0.0000,0.0000,0.0000,6,0,0,0,0,8,0,0,0,0
zc,TA301,2012-06-04 09:04:03.457,7360.0000,83674,0,0.0000,2.0000,1,1,空换,S,7360.0000,0.0000,0.0000,0.0000,0.0000,7362.0000,0.0000,0.0000,0.0000,0.0000,3,0,0,0,0,8,0,0,0,0
zc,TA301,2012-06-04 09:04:04.207,7360.0000,83674,0,0.0000,0.0000,0,0,空换,S,7360.0000,0.0000,0.0000,0.0000,0.0000,7366.0000,0.0000,0.0000,0.0000,0.0000,6,0,0,0,0,8,0,0,0,0
zc,TA301,2012-06-04 09:04:05.457,7366.0000,83678,4,0.0000,6.0000,5,1,多开,B,7360.0000,0.0000,0.0000,0.0000,0.0000,7366.0000,0.0000,0.0000,0.0000,0.0000,5,0,0,0,0,6,0,0,0,0
zc,TA301,2012-06-04 09:04:06.207,7366.0000,83678,0,0.0000,0.0000,0,0,多换,B,7360.0000,0.0000,0.0000,0.0000,0.0000,7362.0000,0.0000,0.0000,0.0000,0.0000,3,0,0,0,0,6,0,0,0,0
zc,TA301,2012-06-04 09:04:06.707,7360.0000,83684,6,0.0000,6.0000,6,0,双开,S,7358.0000,0.0000,0.0000,0.0000,0.0000,7360.0000,0.0000,0.0000,0.0000,0.0000,12,0,0,0,0,3,0,0,0,0
zc,TA301,2012-06-04 09:04:07.190,7360.0000,83686,2,0.0000,2.0000,2,0,双开,S,7358.0000,0.0000,0.0000,0.0000,0.0000,7360.0000,0.0000,0.0000,0.0000,0.0000,12,0,0,0,0,2,0,0,0,0
zc,TA301,2012-06-04 09:04:07.940,7360.0000,83696,10,0.0000,10.0000,10,0,双开,S,7358.0000,0.0000,0.0000,0.0000,0.0000,7360.0000,0.0000,0.0000,0.0000,0.0000,12,0,0,0,0,17,0,0,0,0
zc,TA301,2012-06-04 09:04:09.190,7360.0000,83696,0,0.0000,0.0000,0,0,空换,S,7358.0000,0.0000,0.0000,0.0000,0.0000,7360.0000,0.0000,0.0000,0.0000,0.0000,12,0,0,0,0,415,0,0,0,0
zc,TA301,2012-06-04 09:04:09.473,7360.0000,83696,0,0.0000,0.0000,0,0,空换,S,7358.0000,0.0000,0.0000,0.0000,0.0000,7360.0000,0.0000,0.0000,0.0000,0.0000,13,0,0,0,0,400,0,0,0,0
zc,TA301,2012-06-04 09:04:10.143,7360.0000,83696,0,0.0000,4.0000,2,2,空换,S,7358.0000,0.0000,0.0000,0.0000,0.0000,7360.0000,0.0000,0.0000,0.0000,0.0000,13,0,0,0,0,398,0,0,0,0
zc,TA301,2012-06-04 09:04:10.660,7360.0000,83696,0,0.0000,4.0000,2,2,空换,S,7358.0000,0.0000,0.0000,0.0000,0.0000,7360.0000,0.0000,0.0000,0.0000,0.0000,12,0,0,0,0,397,0,0,0,0
zc,TA301,2012-06-04 09:04:11.393,7358.0000,83696,0,0.0000,4.0000,2,2,空换,S,7358.0000,0.0000,0.0000,0.0000,0.0000,7360.0000,0.0000,0.0000,0.0000,0.0000,11,0,0,0,0,399,0,0,0,0
zc,TA301,2012-06-04 09:04:11.927,7358.0000,83696,0,0.0000,2.0000,1,1,空换,S,7358.0000,0.0000,0.0000,0.0000,0.0000,7360.0000,0.0000,0.0000,0.0000,0.0000,10,0,0,0,0,399,0,0,0,0
zc,TA301,2012-06-04 09:04:12.410,7360.0000,83660,-36,0.0000,38.0000,1,37,空平,B,7358.0000,0.0000,0.0000,0.0000,0.0000,7360.0000,0.0000,0.0000,0.0000,0.0000,11,0,0,0,0,380,0,0,0,0
zc,TA301,2012-06-04 09:04:13.223,7360.0000,83624,-36,0.0000,36.0000,0,36,双平,B,7358.0000,0.0000,0.0000,0.0000,0.0000,7360.0000,0.0000,0.0000,0.0000,0.0000,12,0,0,0,0,362,0,0,0,0
zc,TA301,2012-06-04 09:04:13.707,7358.0000,83642,18,0.0000,22.0000,20,2,空开,S,7356.0000,0.0000,0.0000,0.0000,0.0000,7358.0000,0.0000,0.0000,0.0000,0.0000,23,0,0,0,0,8,0,0,0,0
zc,TA301,2012-06-04 09:04:14.457,7356.0000,83604,-38,0.0000,64.0000,13,51,多平,S,7356.0000,0.0000,0.0000,0.0000,0.0000,7358.0000,0.0000,0.0000,0.0000,0.0000,18,0,0,0,0,67,0,0,0,0
zc,TA301,2012-06-04 09:04:14.927,7358.0000,83588,-16,0.0000,16.0000,0,16,双平,B,7356.0000,0.0000,0.0000,0.0000,0.0000,7358.0000,0.0000,0.0000,0.0000,0.0000,31,0,0,0,0,59,0,0,0,0
zc,TA301,2012-06-04 09:04:15.707,7358.0000,83558,-30,0.0000,30.0000,0,30,双平,B,7356.0000,0.0000,0.0000,0.0000,0.0000,7358.0000,0.0000,0.0000,0.0000,0.0000,16,0,0,0,0,44,0,0,0,0
zc,TA301,2012-06-04 09:04:16.223,7358.0000,83558,0,0.0000,4.0000,2,2,多换,B,7356.0000,0.0000,0.0000,0.0000,0.0000,7358.0000,0.0000,0.0000,0.0000,0.0000,16,0,0,0,0,44,0,0,0,0
zc,TA301,2012-06-04 09:04:16.940,7356.0000,83562,4,0.0000,4.0000,4,0,双开,S,7356.0000,0.0000,0.0000,0.0000,0.0000,7358.0000,0.0000,0.0000,0.0000,0.0000,14,0,0,0,0,42,0,0,0,0
zc,TA301,2012-06-04 09:04:17.190,7356.0000,83570,8,0.0000,22.0000,15,7,空开,S,7356.0000,0.0000,0.0000,0.0000,0.0000,7358.0000,0.0000,0.0000,0.0000,0.0000,3,0,0,0,0,42,0,0,0,0
zc,TA301,2012-06-04 09:04:17.927,7358.0000,83570,0,0.0000,4.0000,2,2,多换,B,7356.0000,0.0000,0.0000,0.0000,0.0000,7358.0000,0.0000,0.0000,0.0000,0.0000,2,0,0,0,0,49,0,0,0,0
zc,TA301,2012-06-04 09:04:18.753,7356.0000,83570,0,0.0000,4.0000,2,2,空换,S,7354.0000,0.0000,0.0000,0.0000,0.0000,7358.0000,0.0000,0.0000,0.0000,0.0000,3,0,0,0,0,41,0,0,0,0
zc,TA301,2012-06-04 09:04:19.223,7354.0000,83572,2,0.0000,6.0000,4,2,空开,S,7352.0000,0.0000,0.0000,0.0000,0.0000,7354.0000,0.0000,0.0000,0.0000,0.0000,10,0,0,0,0,5,0,0,0,0
zc,TA301,2012-06-04 09:04:19.893,7358.0000,83572,0,0.0000,2.0000,1,1,多换,B,7352.0000,0.0000,0.0000,0.0000,0.0000,7354.0000,0.0000,0.0000,0.0000,0.0000,10,0,0,0,0,5,0,0,0,0
zc,TA301,2012-06-04 09:04:21.207,7350.0000,83604,32,0.0000,36.0000,34,2,空开,S,7348.0000,0.0000,0.0000,0.0000,0.0000,7350.0000,0.0000,0.0000,0.0000,0.0000,3,0,0,0,0,2,0,0,0,0
zc,TA301,2012-06-04 09:04:21.643,7350.0000,83608,4,0.0000,4.0000,4,0,双开,S,7348.0000,0.0000,0.0000,0.0000,0.0000,7352.0000,0.0000,0.0000,0.0000,0.0000,3,0,0,0,0,5,0,0,0,0
zc,TA301,2012-06-04 09:04:22.393,7352.0000,83608,0,0.0000,4.0000,2,2,多换,B,7350.0000,0.0000,0.0000,0.0000,0.0000,7352.0000,0.0000,0.0000,0.0000,0.0000,1,0,0,0,0,3,0,0,0,0
zc,TA301,2012-06-04 09:04:22.707,7350.0000,83610,2,0.0000,2.0000,2,0,双开,S,7348.0000,0.0000,0.0000,0.0000,0.0000,7350.0000,0.0000,0.0000,0.0000,0.0000,3,0,0,0,0,2,0,0,0,0
zc,TA301,2012-06-04 09:04:23.427,7350.0000,83612,2,0.0000,2.0000,2,0,双开,S,7348.0000,0.0000,0.0000,0.0000,0.0000,7350.0000,0.0000,0.0000,0.0000,0.0000,3,0,0,0,0,1,0,0,0,0
zc,TA301,2012-06-04 09:04:23.893,7350.0000,83612,0,0.0000,0.0000,0,0,空换,S,7348.0000,0.0000,0.0000,0.0000,0.0000,7350.0000,0.0000,0.0000,0.0000,0.0000,4,0,0,0,0,1,0,0,0,0
zc,TA301,2012-06-04 09:04:24.690,7352.0000,83624,12,0.0000,16.0000,14,2,多开,B,7348.0000,0.0000,0.0000,0.0000,0.0000,7352.0000,0.0000,0.0000,0.0000,0.0000,2,0,0,0,0,7,0,0,0,0
zc,TA301,2012-06-04 09:04:25.190,7348.0000,83624,0,0.0000,2.0000,1,1,空换,S,7348.0000,0.0000,0.0000,0.0000,0.0000,7352.0000,0.0000,0.0000,0.0000,0.0000,1,0,0,0,0,7,0,0,0,0
zc,TA301,2012-06-04 09:04:26.957,7348.0000,83636,12,0.0000,14.0000,13,1,空开,S,7346.0000,0.0000,0.0000,0.0000,0.0000,7348.0000,0.0000,0.0000,0.0000,0.0000,9,0,0,0,0,9,0,0,0,0
zc,TA301,2012-06-04 09:04:27.707,7346.0000,83636,0,0.0000,4.0000,2,2,空换,S,7346.0000,0.0000,0.0000,0.0000,0.0000,7348.0000,0.0000,0.0000,0.0000,0.0000,8,0,0,0,0,8,0,0,0,0
zc,TA301,2012-06-04 09:04:28.690,7346.0000,83636,0,0.0000,0.0000,0,0,空换,S,7346.0000,0.0000,0.0000,0.0000,0.0000,7348.0000,0.0000,0.0000,0.0000,0.0000,9,0,0,0,0,8,0,0,0,0
zc,TA301,2012-06-04 09:04:29.177,7346.0000,83636,0,0.0000,4.0000,2,2,空换,S,7346.0000,0.0000,0.0000,0.0000,0.0000,7348.0000,0.0000,0.0000,0.0000,0.0000,7,0,0,0,0,8,0,0,0,0
zc,TA301,2012-06-04 09:04:29.940,7346.0000,83634,-2,0.0000,50.0000,24,26,多平,S,7346.0000,0.0000,0.0000,0.0000,0.0000,7348.0000,0.0000,0.0000,0.0000,0.0000,20,0,0,0,0,7,0,0,0,0
zc,TA301,2012-06-04 09:04:30.393,7348.0000,83634,0,0.0000,2.0000,1,1,多换,B,7346.0000,0.0000,0.0000,0.0000,0.0000,7348.0000,0.0000,0.0000,0.0000,0.0000,20,0,0,0,0,6,0,0,0,0
zc,TA301,2012-06-04 09:04:30.910,7348.0000,83630,-4,0.0000,4.0000,0,4,双平,B,7346.0000,0.0000,0.0000,0.0000,0.0000,7348.0000,0.0000,0.0000,0.0000,0.0000,20,0,0,0,0,4,0,0,0,0
zc,TA301,2012-06-04 09:04:31.643,7346.0000,83622,-8,0.0000,14.0000,3,11,多平,S,7346.0000,0.0000,0.0000,0.0000,0.0000,7354.0000,0.0000,0.0000,0.0000,0.0000,15,0,0,0,0,10,0,0,0,0
zc,TA301,2012-06-04 09:04:32.207,7346.0000,83634,12,0.0000,40.0000,26,14,空开,S,7350.0000,0.0000,0.0000,0.0000,0.0000,7356.0000,0.0000,0.0000,0.0000,0.0000,3,0,0,0,0,9,0,0,0,0
zc,TA301,2012-06-04 09:04:32.927,7346.0000,83646,12,0.0000,16.0000,14,2,空开,S,7348.0000,0.0000,0.0000,0.0000,0.0000,7356.0000,0.0000,0.0000,0.0000,0.0000,10,0,0,0,0,5,0,0,0,0
zc,TA301,2012-06-04 09:04:33.473,7350.0000,83650,4,0.0000,4.0000,4,0,双开,B,7348.0000,0.0000,0.0000,0.0000,0.0000,7356.0000,0.0000,0.0000,0.0000,0.0000,9,0,0,0,0,10,0,0,0,0
zc,TA301,2012-06-04 09:04:33.927,7350.0000,83656,6,0.0000,6.0000,6,0,双开,B,7352.0000,0.0000,0.0000,0.0000,0.0000,7358.0000,0.0000,0.0000,0.0000,0.0000,5,0,0,0,0,59,0,0,0,0
zc,TA301,2012-06-04 09:04:34.410,7350.0000,83656,0,0.0000,2.0000,1,1,多换,B,7352.0000,0.0000,0.0000,0.0000,0.0000,7358.0000,0.0000,0.0000,0.0000,0.0000,4,0,0,0,0,59,0,0,0,0
zc,TA301,2012-06-04 09:04:35.177,7352.0000,83664,8,0.0000,42.0000,25,17,多开,B,7352.0000,0.0000,0.0000,0.0000,0.0000,7358.0000,0.0000,0.0000,0.0000,0.0000,1,0,0,0,0,53,0,0,0,0
zc,TA301,2012-06-04 09:04:35.660,7352.0000,83664,0,0.0000,0.0000,0,0,多换,B,7348.0000,0.0000,0.0000,0.0000,0.0000,7354.0000,0.0000,0.0000,0.0000,0.0000,2,0,0,0,0,10,0,0,0,0
zc,TA301,2012-06-04 09:04:36.927,7352.0000,83664,0,0.0000,0.0000,0,0,多换,B,7348.0000,0.0000,0.0000,0.0000,0.0000,7354.0000,0.0000,0.0000,0.0000,0.0000,3,0,0,0,0,10,0,0,0,0
zc,TA301,2012-06-04 09:04:37.410,7352.0000,83664,0,0.0000,0.0000,0,0,多换,B,7348.0000,0.0000,0.0000,0.0000,0.0000,7354.0000,0.0000,0.0000,0.0000,0.0000,9,0,0,0,0,10,0,0,0,0
zc,TA301,2012-06-04 09:04:37.940,7348.0000,83642,-22,0.0000,40.0000,9,31,多平,S,7350.0000,0.0000,0.0000,0.0000,0.0000,7354.0000,0.0000,0.0000,0.0000,0.0000,1,0,0,0,0,10,0,0,0,0
zc,TA301,2012-06-04 09:04:39.177,7354.0000,83642,0,0.0000,2.0000,1,1,多换,B,7350.0000,0.0000,0.0000,0.0000,0.0000,7354.0000,0.0000,0.0000,0.0000,0.0000,1,0,0,0,0,9,0,0,0,0
zc,TA301,2012-06-04 09:04:39.690,7354.0000,83642,0,0.0000,2.0000,1,1,多换,B,7350.0000,0.0000,0.0000,0.0000,0.0000,7354.0000,0.0000,0.0000,0.0000,0.0000,1,0,0,0,0,8,0,0,0,0
zc,TA301,2012-06-04 09:04:40.393,7350.0000,83642,0,0.0000,6.0000,3,3,空换,S,7348.0000,0.0000,0.0000,0.0000,0.0000,7350.0000,0.0000,0.0000,0.0000,0.0000,2,0,0,0,0,13,0,0,0,0
zc,TA301,2012-06-04 09:04:41.473,7348.0000,83642,0,0.0000,4.0000,2,2,空换,S,7346.0000,0.0000,0.0000,0.0000,0.0000,7348.0000,0.0000,0.0000,0.0000,0.0000,1,0,0,0,0,4,0,0,0,0
zc,TA301,2012-06-04 09:04:42.160,7348.0000,83642,0,0.0000,0.0000,0,0,空换,S,7346.0000,0.0000,0.0000,0.0000,0.0000,7348.0000,0.0000,0.0000,0.0000,0.0000,4,0,0,0,0,4,0,0,0,0
zc,TA301,2012-06-04 09:04:42.677,7348.0000,83642,0,0.0000,6.0000,3,3,空换,S,7346.0000,0.0000,0.0000,0.0000,0.0000,7348.0000,0.0000,0.0000,0.0000,0.0000,4,0,0,0,0,1,0,0,0,0
zc,TA301,2012-06-04 09:04:43.410,7348.0000,83642,0,0.0000,2.0000,1,1,空换,S,7346.0000,0.0000,0.0000,0.0000,0.0000,7348.0000,0.0000,0.0000,0.0000,0.0000,4,0,0,0,0,20,0,0,0,0
zc,TA301,2012-06-04 09:04:43.910,7348.0000,83642,0,0.0000,10.0000,5,5,空换,S,7346.0000,0.0000,0.0000,0.0000,0.0000,7348.0000,0.0000,0.0000,0.0000,0.0000,4,0,0,0,0,15,0,0,0,0
zc,TA301,2012-06-04 09:04:45.190,7348.0000,83642,0,0.0000,0.0000,0,0,空换,S,7346.0000,0.0000,0.0000,0.0000,0.0000,7348.0000,0.0000,0.0000,0.0000,0.0000,5,0,0,0,0,15,0,0,0,0
zc,TA301,2012-06-04 09:04:45.973,7344.0000,83668,26,0.0000,36.0000,31,5,空开,S,7340.0000,0.0000,0.0000,0.0000,0.0000,7344.0000,0.0000,0.0000,0.0000,0.0000,28,0,0,0,0,7,0,0,0,0
zc,TA301,2012-06-04 09:04:46.520,7340.0000,83670,2,0.0000,4.0000,3,1,空开,S,7340.0000,0.0000,0.0000,0.0000,0.0000,7344.0000,0.0000,0.0000,0.0000,0.0000,27,0,0,0,0,6,0,0,0,0
zc,TA301,2012-06-04 09:04:46.957,7342.0000,83682,12,0.0000,12.0000,12,0,双开,B,7342.0000,0.0000,0.0000,0.0000,0.0000,7344.0000,0.0000,0.0000,0.0000,0.0000,3,0,0,0,0,9,0,0,0,0
zc,TA301,2012-06-04 09:04:47.440,7344.0000,83682,0,0.0000,10.0000,5,5,多换,B,7342.0000,0.0000,0.0000,0.0000,0.0000,7344.0000,0.0000,0.0000,0.0000,0.0000,3,0,0,0,0,4,0,0,0,0
zc,TA301,2012-06-04 09:04:48.160,7342.0000,83690,8,0.0000,8.0000,8,0,双开,S,7340.0000,0.0000,0.0000,0.0000,0.0000,7344.0000,0.0000,0.0000,0.0000,0.0000,27,0,0,0,0,21,0,0,0,0
zc,TA301,2012-06-04 09:04:48.643,7344.0000,83692,2,0.0000,2.0000,2,0,双开,B,7340.0000,0.0000,0.0000,0.0000,0.0000,7344.0000,0.0000,0.0000,0.0000,0.0000,27,0,0,0,0,20,0,0,0,0
zc,TA301,2012-06-04 09:04:49.377,7342.0000,83694,2,0.0000,2.0000,2,0,双开,S,7340.0000,0.0000,0.0000,0.0000,0.0000,7344.0000,0.0000,0.0000,0.0000,0.0000,28,0,0,0,0,20,0,0,0,0
zc,TA301,2012-06-04 09:04:49.927,7342.0000,83694,0,0.0000,0.0000,0,0,空换,S,7340.0000,0.0000,0.0000,0.0000,0.0000,7342.0000,0.0000,0.0000,0.0000,0.0000,38,0,0,0,0,10,0,0,0,0
zc,TA301,2012-06-04 09:04:50.427,7342.0000,83694,0,0.0000,2.0000,1,1,空换,S,7340.0000,0.0000,0.0000,0.0000,0.0000,7342.0000,0.0000,0.0000,0.0000,0.0000,38,0,0,0,0,9,0,0,0,0
zc,TA301,2012-06-04 09:04:51.143,7342.0000,83694,0,0.0000,4.0000,2,2,空换,S,7340.0000,0.0000,0.0000,0.0000,0.0000,7342.0000,0.0000,0.0000,0.0000,0.0000,38,0,0,0,0,7,0,0,0,0
zc,TA301,2012-06-04 09:04:51.677,7342.0000,83684,-10,0.0000,30.0000,10,20,多平,S,7340.0000,0.0000,0.0000,0.0000,0.0000,7342.0000,0.0000,0.0000,0.0000,0.0000,30,0,0,0,0,12,0,0,0,0
zc,TA301,2012-06-04 09:04:52.440,7342.0000,83686,2,0.0000,4.0000,3,1,空开,S,7340.0000,0.0000,0.0000,0.0000,0.0000,7342.0000,0.0000,0.0000,0.0000,0.0000,29,0,0,0,0,10,0,0,0,0
zc,TA301,2012-06-04 09:04:52.927,7342.0000,83686,0,0.0000,0.0000,0,0,空换,S,7340.0000,0.0000,0.0000,0.0000,0.0000,7342.0000,0.0000,0.0000,0.0000,0.0000,29,0,0,0,0,19,0,0,0,0
zc,TA301,2012-06-04 09:04:53.707,7340.0000,83740,54,0.0000,88.0000,71,17,空开,S,7338.0000,0.0000,0.0000,0.0000,0.0000,7340.0000,0.0000,0.0000,0.0000,0.0000,15,0,0,0,0,4,0,0,0,0
zc,TA301,2012-06-04 09:04:54.190,7342.0000,83744,4,0.0000,4.0000,4,0,双开,B,7338.0000,0.0000,0.0000,0.0000,0.0000,7342.0000,0.0000,0.0000,0.0000,0.0000,15,0,0,0,0,17,0,0,0,0
zc,TA301,2012-06-04 09:04:54.973,7342.0000,83758,14,0.0000,20.0000,17,3,多开,B,7338.0000,0.0000,0.0000,0.0000,0.0000,7340.0000,0.0000,0.0000,0.0000,0.0000,20,0,0,0,0,1,0,0,0,0
zc,TA301,2012-06-04 09:04:55.427,7338.0000,83758,0,0.0000,20.0000,10,10,空换,S,7338.0000,0.0000,0.0000,0.0000,0.0000,7340.0000,0.0000,0.0000,0.0000,0.0000,6,0,0,0,0,1,0,0,0,0
zc,TA301,2012-06-04 09:04:56.677,7338.0000,83748,-10,0.0000,12.0000,1,11,多平,S,7336.0000,0.0000,0.0000,0.0000,0.0000,7338.0000,0.0000,0.0000,0.0000,0.0000,13,0,0,0,0,6,0,0,0,0
zc,TA301,2012-06-04 09:04:57.160,7338.0000,83740,-8,0.0000,12.0000,2,10,多平,S,7336.0000,0.0000,0.0000,0.0000,0.0000,7340.0000,0.0000,0.0000,0.0000,0.0000,13,0,0,0,0,1,0,0,0,0
zc,TA301,2012-06-04 09:04:57.927,7336.0000,83746,6,0.0000,6.0000,6,0,双开,S,7336.0000,0.0000,0.0000,0.0000,0.0000,7340.0000,0.0000,0.0000,0.0000,0.0000,10,0,0,0,0,1,0,0,0,0
zc,TA301,2012-06-04 09:04:58.410,7336.0000,83746,0,0.0000,0.0000,0,0,空换,S,7336.0000,0.0000,0.0000,0.0000,0.0000,7340.0000,0.0000,0.0000,0.0000,0.0000,10,0,0,0,0,5,0,0,0,0
zc,TA301,2012-06-04 09:04:59.457,7342.0000,83752,6,0.0000,10.0000,8,2,多开,B,7338.0000,0.0000,0.0000,0.0000,0.0000,7342.0000,0.0000,0.0000,0.0000,0.0000,1,0,0,0,0,4,0,0,0,0
zc,TA301,2012-06-04 09:05:00.177,7336.0000,83760,8,0.0000,10.0000,9,1,空开,S,7338.0000,0.0000,0.0000,0.0000,0.0000,7342.0000,0.0000,0.0000,0.0000,0.0000,6,0,0,0,0,1,0,0,0,0
zc,TA301,2012-06-04 09:05:00.690,7336.0000,83760,0,0.0000,0.0000,0,0,空换,S,7338.0000,0.0000,0.0000,0.0000,0.0000,7340.0000,0.0000,0.0000,0.0000,0.0000,1,0,0,0,0,2,0,0,0,0
zc,TA301,2012-06-04 09:05:01.427,7338.0000,83764,4,0.0000,6.0000,5,1,多开,B,7336.0000,0.0000,0.0000,0.0000,0.0000,7340.0000,0.0000,0.0000,0.0000,0.0000,10,0,0,0,0,38,0,0,0,0
zc,TA301,2012-06-04 09:05:01.940,7338.0000,83758,-6,0.0000,14.0000,4,10,空平,B,7338.0000,0.0000,0.0000,0.0000,0.0000,7340.0000,0.0000,0.0000,0.0000,0.0000,5,0,0,0,0,36,0,0,0,0
zc,TA301,2012-06-04 09:05:02.660,7336.0000,83780,22,0.0000,36.0000,29,7,空开,S,7334.0000,0.0000,0.0000,0.0000,0.0000,7336.0000,0.0000,0.0000,0.0000,0.0000,5,0,0,0,0,2,0,0,0,0
zc,TA301,2012-06-04 09:05:03.207,7340.0000,83788,8,0.0000,12.0000,10,2,多开,B,7336.0000,0.0000,0.0000,0.0000,0.0000,7340.0000,0.0000,0.0000,0.0000,0.0000,3,0,0,0,0,13,0,0,0,0
zc,TA301,2012-06-04 09:05:03.940,7340.0000,83788,0,0.0000,0.0000,0,0,多换,B,7336.0000,0.0000,0.0000,0.0000,0.0000,7338.0000,0.0000,0.0000,0.0000,0.0000,3,0,0,0,0,3,0,0,0,0
zc,TA301,2012-06-04 09:05:04.487,7338.0000,83792,4,0.0000,12.0000,8,4,空开,S,7334.0000,0.0000,0.0000,0.0000,0.0000,7340.0000,0.0000,0.0000,0.0000,0.0000,5,0,0,0,0,13,0,0,0,0
zc,TA301,2012-06-04 09:05:05.160,7338.0000,83792,0,0.0000,0.0000,0,0,空换,S,7338.0000,0.0000,0.0000,0.0000,0.0000,7340.0000,0.0000,0.0000,0.0000,0.0000,3,0,0,0,0,13,0,0,0,0
zc,TA301,2012-06-04 09:05:05.690,7338.0000,83798,6,0.0000,6.0000,6,0,双开,S,7336.0000,0.0000,0.0000,0.0000,0.0000,7338.0000,0.0000,0.0000,0.0000,0.0000,1,0,0,0,0,16,0,0,0,0
zc,TA301,2012-06-04 09:05:06.160,7336.0000,83798,0,0.0000,2.0000,1,1,空换,S,7334.0000,0.0000,0.0000,0.0000,0.0000,7338.0000,0.0000,0.0000,0.0000,0.0000,2,0,0,0,0,17,0,0,0,0
zc,TA301,2012-06-04 09:05:06.957,7336.0000,83800,2,0.0000,2.0000,2,0,双开,S,7334.0000,0.0000,0.0000,0.0000,0.0000,7336.0000,0.0000,0.0000,0.0000,0.0000,2,0,0,0,0,15,0,0,0,0
zc,TA301,2012-06-04 09:05:07.427,7334.0000,83806,6,0.0000,6.0000,6,0,双开,S,7332.0000,0.0000,0.0000,0.0000,0.0000,7334.0000,0.0000,0.0000,0.0000,0.0000,15,0,0,0,0,12,0,0,0,0
zc,TA301,2012-06-04 09:05:08.190,7332.0000,83858,52,0.0000,52.0000,52,0,双开,S,7330.0000,0.0000,0.0000,0.0000,0.0000,7332.0000,0.0000,0.0000,0.0000,0.0000,47,0,0,0,0,36,0,0,0,0
zc,TA301,2012-06-04 09:05:08.677,7330.0000,83900,42,0.0000,46.0000,44,2,空开,S,7330.0000,0.0000,0.0000,0.0000,0.0000,7334.0000,0.0000,0.0000,0.0000,0.0000,27,0,0,0,0,17,0,0,0,0
zc,TA301,2012-06-04 09:05:09.440,7330.0000,83960,60,0.0000,60.0000,60,0,双开,S,7328.0000,0.0000,0.0000,0.0000,0.0000,7334.0000,0.0000,0.0000,0.0000,0.0000,5,0,0,0,0,9,0,0,0,0
zc,TA301,2012-06-04 09:05:09.973,7332.0000,83962,2,0.0000,2.0000,2,0,双开,B,7328.0000,0.0000,0.0000,0.0000,0.0000,7330.0000,0.0000,0.0000,0.0000,0.0000,5,0,0,0,0,5,0,0,0,0
zc,TA301,2012-06-04 09:05:10.690,7328.0000,83976,14,0.0000,16.0000,15,1,空开,S,7326.0000,0.0000,0.0000,0.0000,0.0000,7330.0000,0.0000,0.0000,0.0000,0.0000,8,0,0,0,0,9,0,0,0,0
zc,TA301,2012-06-04 09:05:11.207,7328.0000,83976,0,0.0000,0.0000,0,0,空换,S,7326.0000,0.0000,0.0000,0.0000,0.0000,7328.0000,0.0000,0.0000,0.0000,0.0000,8,0,0,0,0,1,0,0,0,0
zc,TA301,2012-06-04 09:05:11.957,7328.0000,83976,0,0.0000,0.0000,0,0,空换,S,7326.0000,0.0000,0.0000,0.0000,0.0000,7328.0000,0.0000,0.0000,0.0000,0.0000,8,0,0,0,0,4,0,0,0,0
zc,TA301,2012-06-04 09:05:12.457,7326.0000,83996,20,0.0000,20.0000,20,0,双开,S,7320.0000,0.0000,0.0000,0.0000,0.0000,7326.0000,0.0000,0.0000,0.0000,0.0000,30,0,0,0,0,8,0,0,0,0
zc,TA301,2012-06-04 09:05:13.177,7326.0000,84008,12,0.0000,12.0000,12,0,双开,S,7320.0000,0.0000,0.0000,0.0000,0.0000,7326.0000,0.0000,0.0000,0.0000,0.0000,30,0,0,0,0,29,0,0,0,0
zc,TA301,2012-06-04 09:05:13.690,7320.0000,84008,0,0.0000,4.0000,2,2,空换,S,7320.0000,0.0000,0.0000,0.0000,0.0000,7326.0000,0.0000,0.0000,0.0000,0.0000,28,0,0,0,0,33,0,0,0,0
zc,TA301,2012-06-04 09:05:14.473,7320.0000,84008,0,0.0000,4.0000,2,2,空换,S,7320.0000,0.0000,0.0000,0.0000,0.0000,7326.0000,0.0000,0.0000,0.0000,0.0000,26,0,0,0,0,33,0,0,0,0
zc,TA301,2012-06-04 09:05:14.973,7320.0000,84012,4,0.0000,8.0000,6,2,空开,S,7322.0000,0.0000,0.0000,0.0000,0.0000,7326.0000,0.0000,0.0000,0.0000,0.0000,8,0,0,0,0,32,0,0,0,0
zc,TA301,2012-06-04 09:05:15.737,7326.0000,84012,0,0.0000,2.0000,1,1,多换,B,7320.0000,0.0000,0.0000,0.0000,0.0000,7324.0000,0.0000,0.0000,0.0000,0.0000,5,0,0,0,0,2,0,0,0,0
zc,TA301,2012-06-04 09:05:16.160,7320.0000,84012,0,0.0000,4.0000,2,2,空换,S,7320.0000,0.0000,0.0000,0.0000,0.0000,7324.0000,0.0000,0.0000,0.0000,0.0000,4,0,0,0,0,2,0,0,0,0
zc,TA301,2012-06-04 09:05:16.957,7320.0000,84012,0,0.0000,8.0000,4,4,空换,S,7318.0000,0.0000,0.0000,0.0000,0.0000,7320.0000,0.0000,0.0000,0.0000,0.0000,20,0,0,0,0,101,0,0,0,0
zc,TA301,2012-06-04 09:05:17.753,7318.0000,83926,-86,0.0000,168.0000,41,127,多平,S,7316.0000,0.0000,0.0000,0.0000,0.0000,7320.0000,0.0000,0.0000,0.0000,0.0000,1,0,0,0,0,40,0,0,0,0
zc,TA301,2012-06-04 09:05:18.223,7320.0000,83908,-18,0.0000,22.0000,2,20,空平,B,7310.0000,0.0000,0.0000,0.0000,0.0000,7320.0000,0.0000,0.0000,0.0000,0.0000,2,0,0,0,0,32,0,0,0,0
zc,TA301,2012-06-04 09:05:18.940,7316.0000,83906,-2,0.0000,34.0000,16,18,多平,S,7310.0000,0.0000,0.0000,0.0000,0.0000,7316.0000,0.0000,0.0000,0.0000,0.0000,9,0,0,0,0,24,0,0,0,0
zc,TA301,2012-06-04 09:05:19.440,7316.0000,83888,-18,0.0000,22.0000,2,20,多平,S,7308.0000,0.0000,0.0000,0.0000,0.0000,7316.0000,0.0000,0.0000,0.0000,0.0000,10,0,0,0,0,13,0,0,0,0
zc,TA301,2012-06-04 09:05:20.237,7316.0000,83888,0,0.0000,2.0000,1,1,空换,S,7308.0000,0.0000,0.0000,0.0000,0.0000,7312.0000,0.0000,0.0000,0.0000,0.0000,15,0,0,0,0,4,0,0,0,0
zc,TA301,2012-06-04 09:05:20.737,7310.0000,83888,0,0.0000,2.0000,1,1,空换,S,7308.0000,0.0000,0.0000,0.0000,0.0000,7312.0000,0.0000,0.0000,0.0000,0.0000,8,0,0,0,0,4,0,0,0,0
zc,TA301,2012-06-04 09:05:21.440,7308.0000,83892,4,0.0000,4.0000,4,0,双开,S,7308.0000,0.0000,0.0000,0.0000,0.0000,7312.0000,0.0000,0.0000,0.0000,0.0000,10,0,0,0,0,4,0,0,0,0
zc,TA301,2012-06-04 09:05:21.987,7310.0000,83880,-12,0.0000,72.0000,30,42,空平,B,7304.0000,0.0000,0.0000,0.0000,0.0000,7310.0000,0.0000,0.0000,0.0000,0.0000,22,0,0,0,0,4,0,0,0,0
zc,TA301,2012-06-04 09:05:22.690,7308.0000,83880,0,0.0000,24.0000,12,12,空换,S,7306.0000,0.0000,0.0000,0.0000,0.0000,7312.0000,0.0000,0.0000,0.0000,0.0000,19,0,0,0,0,4,0,0,0,0
zc,TA301,2012-06-04 09:05:23.190,7312.0000,83900,20,0.0000,28.0000,24,4,多开,B,7306.0000,0.0000,0.0000,0.0000,0.0000,7312.0000,0.0000,0.0000,0.0000,0.0000,17,0,0,0,0,13,0,0,0,0
zc,TA301,2012-06-04 09:05:23.910,7308.0000,83900,0,0.0000,26.0000,13,13,空换,S,7306.0000,0.0000,0.0000,0.0000,0.0000,7308.0000,0.0000,0.0000,0.0000,0.0000,5,0,0,0,0,2,0,0,0,0
zc,TA301,2012-06-04 09:05:24.440,7304.0000,83910,10,0.0000,40.0000,25,15,空开,S,7302.0000,0.0000,0.0000,0.0000,0.0000,7304.0000,0.0000,0.0000,0.0000,0.0000,22,0,0,0,0,130,0,0,0,0
zc,TA301,2012-06-04 09:05:25.143,7304.0000,83916,6,0.0000,6.0000,6,0,双开,S,7302.0000,0.0000,0.0000,0.0000,0.0000,7304.0000,0.0000,0.0000,0.0000,0.0000,22,0,0,0,0,127,0,0,0,0
zc,TA301,2012-06-04 09:05:25.643,7304.0000,83920,4,0.0000,4.0000,4,0,双开,S,7302.0000,0.0000,0.0000,0.0000,0.0000,7304.0000,0.0000,0.0000,0.0000,0.0000,22,0,0,0,0,125,0,0,0,0
zc,TA301,2012-06-04 09:05:26.440,7304.0000,83954,34,0.0000,48.0000,41,7,空开,S,7302.0000,0.0000,0.0000,0.0000,0.0000,7304.0000,0.0000,0.0000,0.0000,0.0000,14,0,0,0,0,103,0,0,0,0
zc,TA301,2012-06-04 09:05:27.207,7302.0000,83930,-24,0.0000,260.0000,118,142,多平,S,7304.0000,0.0000,0.0000,0.0000,0.0000,7306.0000,0.0000,0.0000,0.0000,0.0000,9,0,0,0,0,17,0,0,0,0
zc,TA301,2012-06-04 09:05:27.910,7304.0000,83912,-18,0.0000,26.0000,4,22,空平,B,7302.0000,0.0000,0.0000,0.0000,0.0000,7306.0000,0.0000,0.0000,0.0000,0.0000,12,0,0,0,0,14,0,0,0,0
zc,TA301,2012-06-04 09:05:28.440,7304.0000,83912,0,0.0000,8.0000,4,4,多换,B,7304.0000,0.0000,0.0000,0.0000,0.0000,7306.0000,0.0000,0.0000,0.0000,0.0000,5,0,0,0,0,23,0,0,0,0
zc,TA301,2012-06-04 09:05:29.190,7304.0000,83912,0,0.0000,0.0000,0,0,多换,B,7304.0000,0.0000,0.0000,0.0000,0.0000,7306.0000,0.0000,0.0000,0.0000,0.0000,5,0,0,0,0,15,0,0,0,0
zc,TA301,2012-06-04 09:05:29.440,7306.0000,83912,0,0.0000,8.0000,4,4,多换,B,7304.0000,0.0000,0.0000,0.0000,0.0000,7306.0000,0.0000,0.0000,0.0000,0.0000,4,0,0,0,0,12,0,0,0,0
zc,TA301,2012-06-04 09:05:30.190,7306.0000,83912,0,0.0000,26.0000,13,13,多换,B,7302.0000,0.0000,0.0000,0.0000,0.0000,7306.0000,0.0000,0.0000,0.0000,0.0000,39,0,0,0,0,3,0,0,0,0
zc,TA301,2012-06-04 09:05:30.723,7306.0000,83912,0,0.0000,2.0000,1,1,多换,B,7302.0000,0.0000,0.0000,0.0000,0.0000,7304.0000,0.0000,0.0000,0.0000,0.0000,38,0,0,0,0,6,0,0,0,0
zc,TA301,2012-06-04 09:05:31.473,7302.0000,83922,10,0.0000,22.0000,16,6,空开,S,7302.0000,0.0000,0.0000,0.0000,0.0000,7304.0000,0.0000,0.0000,0.0000,0.0000,30,0,0,0,0,3,0,0,0,0
zc,TA301,2012-06-04 09:05:31.957,7302.0000,83922,0,0.0000,0.0000,0,0,空换,S,7302.0000,0.0000,0.0000,0.0000,0.0000,7304.0000,0.0000,0.0000,0.0000,0.0000,33,0,0,0,0,4,0,0,0,0
zc,TA301,2012-06-04 09:05:32.643,7302.0000,83920,-2,0.0000,42.0000,20,22,多平,S,7302.0000,0.0000,0.0000,0.0000,0.0000,7306.0000,0.0000,0.0000,0.0000,0.0000,32,0,0,0,0,7,0,0,0,0
zc,TA301,2012-06-04 09:05:33.503,7304.0000,83920,0,0.0000,10.0000,5,5,多换,B,7302.0000,0.0000,0.0000,0.0000,0.0000,7304.0000,0.0000,0.0000,0.0000,0.0000,32,0,0,0,0,9,0,0,0,0
zc,TA301,2012-06-04 09:05:34.003,7302.0000,83870,-50,0.0000,64.0000,7,57,多平,S,7302.0000,0.0000,0.0000,0.0000,0.0000,7306.0000,0.0000,0.0000,0.0000,0.0000,10,0,0,0,0,1,0,0,0,0
zc,TA301,2012-06-04 09:05:34.677,7304.0000,83870,0,0.0000,4.0000,2,2,多换,B,7302.0000,0.0000,0.0000,0.0000,0.0000,7304.0000,0.0000,0.0000,0.0000,0.0000,10,0,0,0,0,14,0,0,0,0
zc,TA301,2012-06-04 09:05:35.160,7304.0000,83870,0,0.0000,4.0000,2,2,多换,B,7302.0000,0.0000,0.0000,0.0000,0.0000,7304.0000,0.0000,0.0000,0.0000,0.0000,9,0,0,0,0,13,0,0,0,0
zc,TA301,2012-06-04 09:05:35.987,7304.0000,83870,0,0.0000,0.0000,0,0,多换,B,7300.0000,0.0000,0.0000,0.0000,0.0000,7304.0000,0.0000,0.0000,0.0000,0.0000,175,0,0,0,0,22,0,0,0,0
zc,TA301,2012-06-04 09:05:36.440,7304.0000,83868,-2,0.0000,2.0000,0,2,双平,B,7302.0000,0.0000,0.0000,0.0000,0.0000,7304.0000,0.0000,0.0000,0.0000,0.0000,9,0,0,0,0,12,0,0,0,0
zc,TA301,2012-06-04 09:05:37.160,7304.0000,83868,0,0.0000,0.0000,0,0,多换,B,7302.0000,0.0000,0.0000,0.0000,0.0000,7304.0000,0.0000,0.0000,0.0000,0.0000,11,0,0,0,0,12,0,0,0,0
zc,TA301,2012-06-04 09:05:37.707,7300.0000,84226,358,0.0000,404.0000,381,23,空开,S,7298.0000,0.0000,0.0000,0.0000,0.0000,7300.0000,0.0000,0.0000,0.0000,0.0000,12,0,0,0,0,99,0,0,0,0
zc,TA301,2012-06-04 09:05:38.457,7300.0000,84268,42,0.0000,42.0000,42,0,双开,S,7298.0000,0.0000,0.0000,0.0000,0.0000,7300.0000,0.0000,0.0000,0.0000,0.0000,6,0,0,0,0,78,0,0,0,0
zc,TA301,2012-06-04 09:05:38.690,7300.0000,84290,22,0.0000,156.0000,89,67,空开,S,7302.0000,0.0000,0.0000,0.0000,0.0000,7304.0000,0.0000,0.0000,0.0000,0.0000,5,0,0,0,0,13,0,0,0,0
zc,TA301,2012-06-04 09:05:39.690,7302.0000,84290,0,0.0000,12.0000,6,6,多换,B,7298.0000,0.0000,0.0000,0.0000,0.0000,7304.0000,0.0000,0.0000,0.0000,0.0000,6,0,0,0,0,31,0,0,0,0
zc,TA301,2012-06-04 09:05:39.957,7302.0000,84290,0,0.0000,2.0000,1,1,多换,B,7300.0000,0.0000,0.0000,0.0000,0.0000,7302.0000,0.0000,0.0000,0.0000,0.0000,5,0,0,0,0,25,0,0,0,0
zc,TA301,2012-06-04 09:05:40.940,7302.0000,84290,0,0.0000,4.0000,2,2,多换,B,7300.0000,0.0000,0.0000,0.0000,0.0000,7302.0000,0.0000,0.0000,0.0000,0.0000,5,0,0,0,0,23,0,0,0,0
zc,TA301,2012-06-04 09:05:41.160,7302.0000,84290,0,0.0000,0.0000,0,0,多换,B,7300.0000,0.0000,0.0000,0.0000,0.0000,7302.0000,0.0000,0.0000,0.0000,0.0000,12,0,0,0,0,24,0,0,0,0
zc,TA301,2012-06-04 09:05:41.957,7302.0000,84288,-2,0.0000,6.0000,2,4,空平,B,7300.0000,0.0000,0.0000,0.0000,0.0000,7302.0000,0.0000,0.0000,0.0000,0.0000,13,0,0,0,0,30,0,0,0,0
zc,TA301,2012-06-04 09:05:42.723,7302.0000,84288,0,0.0000,2.0000,1,1,多换,B,7300.0000,0.0000,0.0000,0.0000,0.0000,7302.0000,0.0000,0.0000,0.0000,0.0000,13,0,0,0,0,21,0,0,0,0
zc,TA301,2012-06-04 09:05:43.207,7298.0000,84376,88,0.0000,158.0000,123,35,空开,S,7298.0000,0.0000,0.0000,0.0000,0.0000,7300.0000,0.0000,0.0000,0.0000,0.0000,41,0,0,0,0,13,0,0,0,0
zc,TA301,2012-06-04 09:05:44.003,7300.0000,84382,6,0.0000,10.0000,8,2,多开,B,7298.0000,0.0000,0.0000,0.0000,0.0000,7300.0000,0.0000,0.0000,0.0000,0.0000,41,0,0,0,0,3,0,0,0,0
zc,TA301,2012-06-04 09:05:44.487,7298.0000,84466,84,0.0000,102.0000,93,9,空开,S,7296.0000,0.0000,0.0000,0.0000,0.0000,7302.0000,0.0000,0.0000,0.0000,0.0000,4,0,0,0,0,26,0,0,0,0
zc,TA301,2012-06-04 09:05:45.253,7300.0000,84474,8,0.0000,10.0000,9,1,多开,B,7296.0000,0.0000,0.0000,0.0000,0.0000,7298.0000,0.0000,0.0000,0.0000,0.0000,2,0,0,0,0,1,0,0,0,0
zc,TA301,2012-06-04 09:05:45.927,7302.0000,84472,-2,0.0000,22.0000,10,12,空平,B,7296.0000,0.0000,0.0000,0.0000,0.0000,7302.0000,0.0000,0.0000,0.0000,0.0000,2,0,0,0,0,21,0,0,0,0
zc,TA301,2012-06-04 09:05:46.503,7298.0000,84474,2,0.0000,2.0000,2,0,双开,S,7296.0000,0.0000,0.0000,0.0000,0.0000,7300.0000,0.0000,0.0000,0.0000,0.0000,2,0,0,0,0,6,0,0,0,0
zc,TA301,2012-06-04 09:05:47.207,7296.0000,84474,0,0.0000,2.0000,1,1,空换,S,7296.0000,0.0000,0.0000,0.0000,0.0000,7300.0000,0.0000,0.0000,0.0000,0.0000,12,0,0,0,0,3,0,0,0,0
zc,TA301,2012-06-04 09:05:48.003,7300.0000,84472,-2,0.0000,36.0000,17,19,空平,B,7296.0000,0.0000,0.0000,0.0000,0.0000,7302.0000,0.0000,0.0000,0.0000,0.0000,4,0,0,0,0,20,0,0,0,0
zc,TA301,2012-06-04 09:05:48.473,7298.0000,84474,2,0.0000,2.0000,2,0,双开,S,7294.0000,0.0000,0.0000,0.0000,0.0000,7300.0000,0.0000,0.0000,0.0000,0.0000,7,0,0,0,0,1,0,0,0,0
zc,TA301,2012-06-04 09:05:49.237,7300.0000,84496,22,0.0000,142.0000,82,60,多开,B,7298.0000,0.0000,0.0000,0.0000,0.0000,7304.0000,0.0000,0.0000,0.0000,0.0000,1,0,0,0,0,35,0,0,0,0
zc,TA301,2012-06-04 09:05:49.753,7300.0000,84496,0,0.0000,0.0000,0,0,多换,B,7300.0000,0.0000,0.0000,0.0000,0.0000,7302.0000,0.0000,0.0000,0.0000,0.0000,23,0,0,0,0,8,0,0,0,0
zc,TA301,2012-06-04 09:05:50.473,7300.0000,84496,0,0.0000,0.0000,0,0,多换,B,7300.0000,0.0000,0.0000,0.0000,0.0000,7302.0000,0.0000,0.0000,0.0000,0.0000,23,0,0,0,0,1,0,0,0,0
zc,TA301,2012-06-04 09:05:50.987,7294.0000,84504,8,0.0000,80.0000,44,36,空开,S,7292.0000,0.0000,0.0000,0.0000,0.0000,7294.0000,0.0000,0.0000,0.0000,0.0000,2,0,0,0,0,7,0,0,0,0
zc,TA301,2012-06-04 09:05:51.707,7298.0000,84498,-6,0.0000,18.0000,6,12,空平,B,7292.0000,0.0000,0.0000,0.0000,0.0000,7298.0000,0.0000,0.0000,0.0000,0.0000,5,0,0,0,0,9,0,0,0,0
zc,TA301,2012-06-04 09:05:52.223,7298.0000,84498,0,0.0000,0.0000,0,0,多换,B,7290.0000,0.0000,0.0000,0.0000,0.0000,7296.0000,0.0000,0.0000,0.0000,0.0000,29,0,0,0,0,4,0,0,0,0
zc,TA301,2012-06-04 09:05:52.940,7300.0000,84434,-64,0.0000,74.0000,5,69,空平,B,7292.0000,0.0000,0.0000,0.0000,0.0000,7300.0000,0.0000,0.0000,0.0000,0.0000,5,0,0,0,0,374,0,0,0,0
zc,TA301,2012-06-04 09:05:53.473,7292.0000,84434,0,0.0000,2.0000,1,1,空换,S,7290.0000,0.0000,0.0000,0.0000,0.0000,7300.0000,0.0000,0.0000,0.0000,0.0000,32,0,0,0,0,382,0,0,0,0
zc,TA301,2012-06-04 09:05:54.207,7290.0000,84434,0,0.0000,12.0000,6,6,空换,S,7290.0000,0.0000,0.0000,0.0000,0.0000,7298.0000,0.0000,0.0000,0.0000,0.0000,26,0,0,0,0,20,0,0,0,0
zc,TA301,2012-06-04 09:05:54.737,7292.0000,84414,-20,0.0000,102.0000,41,61,空平,B,7298.0000,0.0000,0.0000,0.0000,0.0000,7300.0000,0.0000,0.0000,0.0000,0.0000,5,0,0,0,0,408,0,0,0,0
zc,TA301,2012-06-04 09:05:55.457,7298.0000,84412,-2,0.0000,16.0000,7,9,空平,B,7292.0000,0.0000,0.0000,0.0000,0.0000,7298.0000,0.0000,0.0000,0.0000,0.0000,1,0,0,0,0,2,0,0,0,0
zc,TA301,2012-06-04 09:05:55.957,7296.0000,84402,-10,0.0000,18.0000,4,14,多平,S,7294.0000,0.0000,0.0000,0.0000,0.0000,7300.0000,0.0000,0.0000,0.0000,0.0000,16,0,0,0,0,396,0,0,0,0
zc,TA301,2012-06-04 09:05:56.737,7300.0000,84402,0,0.0000,26.0000,13,13,多换,B,7296.0000,0.0000,0.0000,0.0000,0.0000,7300.0000,0.0000,0.0000,0.0000,0.0000,6,0,0,0,0,383,0,0,0,0
zc,TA301,2012-06-04 09:05:57.253,7300.0000,84398,-4,0.0000,80.0000,38,42,空平,B,7298.0000,0.0000,0.0000,0.0000,0.0000,7300.0000,0.0000,0.0000,0.0000,0.0000,9,0,0,0,0,345,0,0,0,0
zc,TA301,2012-06-04 09:05:57.973,7298.0000,84396,-2,0.0000,28.0000,13,15,多平,S,7296.0000,0.0000,0.0000,0.0000,0.0000,7300.0000,0.0000,0.0000,0.0000,0.0000,8,0,0,0,0,333,0,0,0,0
zc,TA301,2012-06-04 09:05:58.427,7298.0000,84388,-8,0.0000,8.0000,0,8,双平,S,7298.0000,0.0000,0.0000,0.0000,0.0000,7300.0000,0.0000,0.0000,0.0000,0.0000,1,0,0,0,0,333,0,0,0,0
zc,TA301,2012-06-04 09:05:58.940,7298.0000,84390,2,0.0000,6.0000,4,2,空开,S,7298.0000,0.0000,0.0000,0.0000,0.0000,7300.0000,0.0000,0.0000,0.0000,0.0000,1,0,0,0,0,331,0,0,0,0
zc,TA301,2012-06-04 09:05:59.753,7300.0000,84382,-8,0.0000,18.0000,5,13,空平,B,7298.0000,0.0000,0.0000,0.0000,0.0000,7300.0000,0.0000,0.0000,0.0000,0.0000,4,0,0,0,0,322,0,0,0,0
zc,TA301,2012-06-04 09:06:00.223,7300.0000,84384,2,0.0000,6.0000,4,2,多开,B,7298.0000,0.0000,0.0000,0.0000,0.0000,7300.0000,0.0000,0.0000,0.0000,0.0000,6,0,0,0,0,321,0,0,0,0
zc,TA301,2012-06-04 09:06:00.973,7300.0000,84386,2,0.0000,4.0000,3,1,多开,B,7298.0000,0.0000,0.0000,0.0000,0.0000,7300.0000,0.0000,0.0000,0.0000,0.0000,2,0,0,0,0,320,0,0,0,0
zc,TA301,2012-06-04 09:06:01.440,7300.0000,84386,0,0.0000,2.0000,1,1,多换,B,7298.0000,0.0000,0.0000,0.0000,0.0000,7300.0000,0.0000,0.0000,0.0000,0.0000,2,0,0,0,0,320,0,0,0,0
zc,TA301,2012-06-04 09:06:02.207,7300.0000,84386,0,0.0000,8.0000,4,4,多换,B,7298.0000,0.0000,0.0000,0.0000,0.0000,7300.0000,0.0000,0.0000,0.0000,0.0000,3,0,0,0,0,316,0,0,0,0
zc,TA301,2012-06-04 09:06:02.707,7298.0000,84384,-2,0.0000,6.0000,2,4,多平,S,7298.0000,0.0000,0.0000,0.0000,0.0000,7300.0000,0.0000,0.0000,0.0000,0.0000,1,0,0,0,0,315,0,0,0,0
zc,TA301,2012-06-04 09:06:03.473,7298.0000,84386,2,0.0000,4.0000,3,1,空开,S,7294.0000,0.0000,0.0000,0.0000,0.0000,7300.0000,0.0000,0.0000,0.0000,0.0000,7,0,0,0,0,322,0,0,0,0
zc,TA301,2012-06-04 09:06:03.957,7298.0000,84386,0,0.0000,2.0000,1,1,空换,S,7294.0000,0.0000,0.0000,0.0000,0.0000,7300.0000,0.0000,0.0000,0.0000,0.0000,7,0,0,0,0,314,0,0,0,0
zc,TA301,2012-06-04 09:06:04.457,7300.0000,84384,-2,0.0000,42.0000,20,22,空平,B,7298.0000,0.0000,0.0000,0.0000,0.0000,7300.0000,0.0000,0.0000,0.0000,0.0000,1,0,0,0,0,295,0,0,0,0
zc,TA301,2012-06-04 09:06:05.237,7300.0000,84384,0,0.0000,0.0000,0,0,多换,B,7298.0000,0.0000,0.0000,0.0000,0.0000,7300.0000,0.0000,0.0000,0.0000,0.0000,10,0,0,0,0,294,0,0,0,0
zc,TA301,2012-06-04 09:06:05.927,7298.0000,84370,-14,0.0000,14.0000,0,14,双平,S,7298.0000,0.0000,0.0000,0.0000,0.0000,7300.0000,0.0000,0.0000,0.0000,0.0000,3,0,0,0,0,294,0,0,0,0
zc,TA301,2012-06-04 09:06:06.427,7298.0000,84368,-2,0.0000,2.0000,0,2,双平,S,7298.0000,0.0000,0.0000,0.0000,0.0000,7300.0000,0.0000,0.0000,0.0000,0.0000,2,0,0,0,0,294,0,0,0,0
zc,TA301,2012-06-04 09:06:07.237,7300.0000,84348,-20,0.0000,22.0000,1,21,空平,B,7298.0000,0.0000,0.0000,0.0000,0.0000,7300.0000,0.0000,0.0000,0.0000,0.0000,21,0,0,0,0,285,0,0,0,0
zc,TA301,2012-06-04 09:06:07.660,7300.0000,84356,8,0.0000,42.0000,25,17,多开,B,7298.0000,0.0000,0.0000,0.0000,0.0000,7300.0000,0.0000,0.0000,0.0000,0.0000,3,0,0,0,0,269,0,0,0,0
zc,TA301,2012-06-04 09:06:08.487,7300.0000,84356,0,0.0000,4.0000,2,2,多换,B,7298.0000,0.0000,0.0000,0.0000,0.0000,7300.0000,0.0000,0.0000,0.0000,0.0000,31,0,0,0,0,267,0,0,0,0
