市场代码,合约代码,时间,最新,持仓,增仓,成交额,成交量,开仓,平仓,成交类型,方向,买一价,买二价,买三价,买四价,买五价,卖一价,卖二价,卖三价,卖四价,卖五价,买一量,买二量,买三量,买四量,买五量,卖一量,卖二量,卖三量,卖四量,卖五量
zc,TA303,2012-06-04 07:45:31.817,0.0000,16,0,0.0000,0.0000,0,0,空换,S,0.0000,0.0000,0.0000,0.0000,0.0000,0.0000,0.0000,0.0000,0.0000,0.0000,0,0,0,0,0,0,0,0,0,0
zc,TA303,2012-06-04 08:04:46.410,0.0000,16,0,0.0000,0.0000,0,0,空换,S,0.0000,0.0000,0.0000,0.0000,0.0000,0.0000,0.0000,0.0000,0.0000,0.0000,0,0,0,0,0,0,0,0,0,0
zc,TA303,2012-06-04 08:13:46.393,0.0000,16,0,0.0000,0.0000,0,0,空换,S,0.0000,0.0000,0.0000,0.0000,0.0000,0.0000,0.0000,0.0000,0.0000,0.0000,0,0,0,0,0,0,0,0,0,0
zc,TA303,2012-06-04 08:20:46.393,0.0000,16,0,0.0000,0.0000,0,0,空换,S,0.0000,0.0000,0.0000,0.0000,0.0000,0.0000,0.0000,0.0000,0.0000,0.0000,0,0,0,0,0,0,0,0,0,0
zc,TA303,2012-06-04 08:30:46.377,0.0000,16,0,0.0000,0.0000,0,0,空换,S,0.0000,0.0000,0.0000,0.0000,0.0000,0.0000,0.0000,0.0000,0.0000,0.0000,0,0,0,0,0,0,0,0,0,0
zc,TA303,2012-06-04 08:44:46.363,0.0000,16,0,0.0000,0.0000,0,0,空换,S,0.0000,0.0000,0.0000,0.0000,0.0000,0.0000,0.0000,0.0000,0.0000,0.0000,0,0,0,0,0,0,0,0,0,0
zc,TA303,2012-06-04 08:54:46.363,0.0000,16,0,0.0000,0.0000,0,0,空换,S,0.0000,0.0000,0.0000,0.0000,0.0000,0.0000,0.0000,0.0000,0.0000,0.0000,0,0,0,0,0,0,0,0,0,0
zc,TA303,2012-06-04 08:56:38.597,0.0000,16,0,0.0000,0.0000,0,0,空换,S,0.0000,0.0000,0.0000,0.0000,0.0000,0.0000,0.0000,0.0000,0.0000,0.0000,0,0,0,0,0,0,0,0,0,0
zc,TA303,2012-06-04 08:57:24.113,0.0000,16,0,0.0000,0.0000,0,0,空换,S,0.0000,0.0000,0.0000,0.0000,0.0000,0.0000,0.0000,0.0000,0.0000,0.0000,0,0,0,0,0,0,0,0,0,0
zc,TA303,2012-06-04 08:57:29.613,0.0000,16,0,0.0000,0.0000,0,0,空换,S,0.0000,0.0000,0.0000,0.0000,0.0000,0.0000,0.0000,0.0000,0.0000,0.0000,0,0,0,0,0,0,0,0,0,0
zc,TA303,2012-06-04 08:57:48.097,0.0000,16,0,0.0000,0.0000,0,0,空换,S,0.0000,0.0000,0.0000,0.0000,0.0000,0.0000,0.0000,0.0000,0.0000,0.0000,0,0,0,0,0,0,0,0,0,0
zc,TA303,2012-06-04 08:58:08.347,0.0000,16,0,0.0000,0.0000,0,0,空换,S,0.0000,0.0000,0.0000,0.0000,0.0000,0.0000,0.0000,0.0000,0.0000,0.0000,0,0,0,0,0,0,0,0,0,0
zc,TA303,2012-06-04 08:58:24.847,0.0000,16,0,0.0000,0.0000,0,0,空换,S,0.0000,0.0000,0.0000,0.0000,0.0000,0.0000,0.0000,0.0000,0.0000,0.0000,0,0,0,0,0,0,0,0,0,0
zc,TA303,2012-06-04 08:58:35.597,0.0000,16,0,0.0000,0.0000,0,0,空换,S,0.0000,0.0000,0.0000,0.0000,0.0000,0.0000,0.0000,0.0000,0.0000,0.0000,0,0,0,0,0,0,0,0,0,0
zc,TA303,2012-06-04 08:58:36.097,0.0000,16,0,0.0000,0.0000,0,0,空换,S,0.0000,0.0000,0.0000,0.0000,0.0000,0.0000,0.0000,0.0000,0.0000,0.0000,0,0,0,0,0,0,0,0,0,0
zc,TA303,2012-06-04 08:58:41.597,0.0000,16,0,0.0000,0.0000,0,0,空换,S,0.0000,0.0000,0.0000,0.0000,0.0000,0.0000,0.0000,0.0000,0.0000,0.0000,0,0,0,0,0,0,0,0,0,0
zc,TA303,2012-06-04 08:58:52.113,0.0000,16,0,0.0000,0.0000,0,0,空换,S,0.0000,0.0000,0.0000,0.0000,0.0000,0.0000,0.0000,0.0000,0.0000,0.0000,0,0,0,0,0,0,0,0,0,0
zc,TA303,2012-06-04 08:59:00.113,0.0000,16,0,0.0000,0.0000,0,0,空换,S,0.0000,0.0000,0.0000,0.0000,0.0000,0.0000,0.0000,0.0000,0.0000,0.0000,0,0,0,0,0,0,0,0,0,0
zc,TA303,2012-06-04 08:59:00.597,0.0000,16,0,0.0000,0.0000,0,0,空换,S,0.0000,0.0000,0.0000,0.0000,0.0000,0.0000,0.0000,0.0000,0.0000,0.0000,0,0,0,0,0,0,0,0,0,0
zc,TA303,2012-06-04 08:59:03.330,7430.0000,18,2,0.0000,2.0000,2,0,双开,B,7430.0000,0.0000,0.0000,0.0000,0.0000,8100.0000,0.0000,0.0000,0.0000,0.0000,1,0,0,0,0,1,0,0,0,0
zc,TA303,2012-06-04 09:00:01.800,7430.0000,18,0,0.0000,0.0000,0,0,多换,B,7430.0000,0.0000,0.0000,0.0000,0.0000,7588.0000,0.0000,0.0000,0.0000,0.0000,1,0,0,0,0,3,0,0,0,0
zc,TA303,2012-06-04 09:00:03.300,7430.0000,18,0,0.0000,0.0000,0,0,多换,B,7430.0000,0.0000,0.0000,0.0000,0.0000,7574.0000,0.0000,0.0000,0.0000,0.0000,1,0,0,0,0,1,0,0,0,0
zc,TA303,2012-06-04 09:00:04.800,7430.0000,18,0,0.0000,0.0000,0,0,多换,B,7430.0000,0.0000,0.0000,0.0000,0.0000,7556.0000,0.0000,0.0000,0.0000,0.0000,1,0,0,0,0,1,0,0,0,0
zc,TA303,2012-06-04 09:00:05.300,7430.0000,18,0,0.0000,0.0000,0,0,多换,B,7430.0000,0.0000,0.0000,0.0000,0.0000,7566.0000,0.0000,0.0000,0.0000,0.0000,1,0,0,0,0,1,0,0,0,0
zc,TA303,2012-06-04 09:00:07.503,7430.0000,18,0,0.0000,0.0000,0,0,多换,B,7430.0000,0.0000,0.0000,0.0000,0.0000,7550.0000,0.0000,0.0000,0.0000,0.0000,1,0,0,0,0,1,0,0,0,0
zc,TA303,2012-06-04 09:00:08.003,7430.0000,18,0,0.0000,0.0000,0,0,多换,B,7430.0000,0.0000,0.0000,0.0000,0.0000,7566.0000,0.0000,0.0000,0.0000,0.0000,1,0,0,0,0,1,0,0,0,0
zc,TA303,2012-06-04 09:00:08.520,7430.0000,18,0,0.0000,0.0000,0,0,多换,B,7430.0000,0.0000,0.0000,0.0000,0.0000,7550.0000,0.0000,0.0000,0.0000,0.0000,1,0,0,0,0,1,0,0,0,0
zc,TA303,2012-06-04 09:00:09.033,7430.0000,18,0,0.0000,0.0000,0,0,多换,B,7430.0000,0.0000,0.0000,0.0000,0.0000,7566.0000,0.0000,0.0000,0.0000,0.0000,1,0,0,0,0,1,0,0,0,0
zc,TA303,2012-06-04 09:00:11.020,7430.0000,18,0,0.0000,0.0000,0,0,多换,B,7430.0000,0.0000,0.0000,0.0000,0.0000,7556.0000,0.0000,0.0000,0.0000,0.0000,1,0,0,0,0,1,0,0,0,0
zc,TA303,2012-06-04 09:00:12.020,7430.0000,18,0,0.0000,0.0000,0,0,多换,B,7430.0000,0.0000,0.0000,0.0000,0.0000,7566.0000,0.0000,0.0000,0.0000,0.0000,1,0,0,0,0,1,0,0,0,0
zc,TA303,2012-06-04 09:00:12.533,7430.0000,18,0,0.0000,0.0000,0,0,多换,B,7430.0000,0.0000,0.0000,0.0000,0.0000,7552.0000,0.0000,0.0000,0.0000,0.0000,1,0,0,0,0,1,0,0,0,0
zc,TA303,2012-06-04 09:00:13.753,7430.0000,18,0,0.0000,0.0000,0,0,多换,B,7430.0000,0.0000,0.0000,0.0000,0.0000,7554.0000,0.0000,0.0000,0.0000,0.0000,1,0,0,0,0,1,0,0,0,0
zc,TA303,2012-06-04 09:00:15.270,7430.0000,18,0,0.0000,0.0000,0,0,多换,B,7430.0000,0.0000,0.0000,0.0000,0.0000,7552.0000,0.0000,0.0000,0.0000,0.0000,1,0,0,0,0,1,0,0,0,0
zc,TA303,2012-06-04 09:00:15.783,7430.0000,18,0,0.0000,0.0000,0,0,多换,B,7430.0000,0.0000,0.0000,0.0000,0.0000,7556.0000,0.0000,0.0000,0.0000,0.0000,1,0,0,0,0,1,0,0,0,0
zc,TA303,2012-06-04 09:00:16.520,7430.0000,18,0,0.0000,0.0000,0,0,多换,B,7430.0000,0.0000,0.0000,0.0000,0.0000,7548.0000,0.0000,0.0000,0.0000,0.0000,1,0,0,0,0,1,0,0,0,0
zc,TA303,2012-06-04 09:00:18.020,7430.0000,18,0,0.0000,0.0000,0,0,多换,B,7430.0000,0.0000,0.0000,0.0000,0.0000,7552.0000,0.0000,0.0000,0.0000,0.0000,1,0,0,0,0,1,0,0,0,0
zc,TA303,2012-06-04 09:00:18.550,7430.0000,18,0,0.0000,0.0000,0,0,多换,B,7430.0000,0.0000,0.0000,0.0000,0.0000,7550.0000,0.0000,0.0000,0.0000,0.0000,1,0,0,0,0,1,0,0,0,0
zc,TA303,2012-06-04 09:00:19.270,7430.0000,18,0,0.0000,0.0000,0,0,多换,B,7430.0000,0.0000,0.0000,0.0000,0.0000,7552.0000,0.0000,0.0000,0.0000,0.0000,1,0,0,0,0,1,0,0,0,0
zc,TA303,2012-06-04 09:00:21.473,7430.0000,18,0,0.0000,0.0000,0,0,多换,B,7430.0000,0.0000,0.0000,0.0000,0.0000,7548.0000,0.0000,0.0000,0.0000,0.0000,1,0,0,0,0,1,0,0,0,0
zc,TA303,2012-06-04 09:00:26.253,7430.0000,18,0,0.0000,0.0000,0,0,多换,B,7430.0000,0.0000,0.0000,0.0000,0.0000,7550.0000,0.0000,0.0000,0.0000,0.0000,1,0,0,0,0,1,0,0,0,0
zc,TA303,2012-06-04 09:00:30.300,7430.0000,18,0,0.0000,0.0000,0,0,多换,B,7430.0000,0.0000,0.0000,0.0000,0.0000,7552.0000,0.0000,0.0000,0.0000,0.0000,1,0,0,0,0,1,0,0,0,0
zc,TA303,2012-06-04 09:00:33.473,7430.0000,18,0,0.0000,0.0000,0,0,多换,B,7430.0000,0.0000,0.0000,0.0000,0.0000,7550.0000,0.0000,0.0000,0.0000,0.0000,1,0,0,0,0,1,0,0,0,0
zc,TA303,2012-06-04 09:00:34.270,7430.0000,18,0,0.0000,0.0000,0,0,多换,B,7430.0000,0.0000,0.0000,0.0000,0.0000,7552.0000,0.0000,0.0000,0.0000,0.0000,1,0,0,0,0,1,0,0,0,0
zc,TA303,2012-06-04 09:00:36.223,7430.0000,18,0,0.0000,0.0000,0,0,多换,B,7430.0000,0.0000,0.0000,0.0000,0.0000,7548.0000,0.0000,0.0000,0.0000,0.0000,1,0,0,0,0,1,0,0,0,0
zc,TA303,2012-06-04 09:00:36.737,7430.0000,18,0,0.0000,0.0000,0,0,多换,B,7430.0000,0.0000,0.0000,0.0000,0.0000,7552.0000,0.0000,0.0000,0.0000,0.0000,1,0,0,0,0,1,0,0,0,0
zc,TA303,2012-06-04 09:00:37.473,7430.0000,18,0,0.0000,0.0000,0,0,多换,B,7430.0000,0.0000,0.0000,0.0000,0.0000,7550.0000,0.0000,0.0000,0.0000,0.0000,1,0,0,0,0,1,0,0,0,0
zc,TA303,2012-06-04 09:00:38.237,7430.0000,18,0,0.0000,0.0000,0,0,多换,B,7430.0000,0.0000,0.0000,0.0000,0.0000,7548.0000,0.0000,0.0000,0.0000,0.0000,1,0,0,0,0,1,0,0,0,0
zc,TA303,2012-06-04 09:00:40.533,7430.0000,18,0,0.0000,0.0000,0,0,多换,B,7430.0000,0.0000,0.0000,0.0000,0.0000,7546.0000,0.0000,0.0000,0.0000,0.0000,1,0,0,0,0,1,0,0,0,0
zc,TA303,2012-06-04 09:00:42.020,7430.0000,18,0,0.0000,0.0000,0,0,多换,B,7430.0000,0.0000,0.0000,0.0000,0.0000,7540.0000,0.0000,0.0000,0.0000,0.0000,1,0,0,0,0,1,0,0,0,0
zc,TA303,2012-06-04 09:00:43.520,7430.0000,18,0,0.0000,0.0000,0,0,多换,B,7430.0000,0.0000,0.0000,0.0000,0.0000,7536.0000,0.0000,0.0000,0.0000,0.0000,1,0,0,0,0,1,0,0,0,0
zc,TA303,2012-06-04 09:00:45.033,7430.0000,18,0,0.0000,0.0000,0,0,多换,B,7430.0000,0.0000,0.0000,0.0000,0.0000,7532.0000,0.0000,0.0000,0.0000,0.0000,1,0,0,0,0,1,0,0,0,0
zc,TA303,2012-06-04 09:00:47.503,7430.0000,18,0,0.0000,0.0000,0,0,多换,B,7430.0000,0.0000,0.0000,0.0000,0.0000,7524.0000,0.0000,0.0000,0.0000,0.0000,1,0,0,0,0,1,0,0,0,0
zc,TA303,2012-06-04 09:00:48.223,7430.0000,18,0,0.0000,0.0000,0,0,多换,B,7430.0000,0.0000,0.0000,0.0000,0.0000,7536.0000,0.0000,0.0000,0.0000,0.0000,1,0,0,0,0,1,0,0,0,0
zc,TA303,2012-06-04 09:00:49.737,7430.0000,18,0,0.0000,0.0000,0,0,多换,B,7430.0000,0.0000,0.0000,0.0000,0.0000,7522.0000,0.0000,0.0000,0.0000,0.0000,1,0,0,0,0,1,0,0,0,0
zc,TA303,2012-06-04 09:00:50.487,7430.0000,18,0,0.0000,0.0000,0,0,多换,B,7430.0000,0.0000,0.0000,0.0000,0.0000,7536.0000,0.0000,0.0000,0.0000,0.0000,1,0,0,0,0,1,0,0,0,0
zc,TA303,2012-06-04 09:00:51.487,7430.0000,18,0,0.0000,0.0000,0,0,多换,B,7430.0000,0.0000,0.0000,0.0000,0.0000,7526.0000,0.0000,0.0000,0.0000,0.0000,1,0,0,0,0,1,0,0,0,0
zc,TA303,2012-06-04 09:00:52.253,7430.0000,18,0,0.0000,0.0000,0,0,多换,B,7430.0000,0.0000,0.0000,0.0000,0.0000,7520.0000,0.0000,0.0000,0.0000,0.0000,1,0,0,0,0,1,0,0,0,0
zc,TA303,2012-06-04 09:00:52.723,7430.0000,18,0,0.0000,0.0000,0,0,多换,B,7430.0000,0.0000,0.0000,0.0000,0.0000,7522.0000,0.0000,0.0000,0.0000,0.0000,1,0,0,0,0,1,0,0,0,0
zc,TA303,2012-06-04 09:00:54.770,7430.0000,18,0,0.0000,0.0000,0,0,多换,B,7430.0000,0.0000,0.0000,0.0000,0.0000,7516.0000,0.0000,0.0000,0.0000,0.0000,1,0,0,0,0,1,0,0,0,0
zc,TA303,2012-06-04 09:00:56.987,7430.0000,18,0,0.0000,0.0000,0,0,多换,B,7430.0000,0.0000,0.0000,0.0000,0.0000,7508.0000,0.0000,0.0000,0.0000,0.0000,1,0,0,0,0,1,0,0,0,0
zc,TA303,2012-06-04 09:00:59.503,7430.0000,18,0,0.0000,0.0000,0,0,多换,B,7430.0000,0.0000,0.0000,0.0000,0.0000,7506.0000,0.0000,0.0000,0.0000,0.0000,1,0,0,0,0,1,0,0,0,0
zc,TA303,2012-06-04 09:01:00.473,7430.0000,18,0,0.0000,0.0000,0,0,多换,B,7430.0000,0.0000,0.0000,0.0000,0.0000,7498.0000,0.0000,0.0000,0.0000,0.0000,1,0,0,0,0,1,0,0,0,0
zc,TA303,2012-06-04 09:01:01.770,7430.0000,18,0,0.0000,0.0000,0,0,多换,B,7430.0000,0.0000,0.0000,0.0000,0.0000,7492.0000,0.0000,0.0000,0.0000,0.0000,1,0,0,0,0,1,0,0,0,0
zc,TA303,2012-06-04 09:01:02.503,7430.0000,18,0,0.0000,0.0000,0,0,多换,B,7430.0000,0.0000,0.0000,0.0000,0.0000,7498.0000,0.0000,0.0000,0.0000,0.0000,1,0,0,0,0,1,0,0,0,0
zc,TA303,2012-06-04 09:01:03.253,7430.0000,18,0,0.0000,0.0000,0,0,多换,B,7430.0000,0.0000,0.0000,0.0000,0.0000,7488.0000,0.0000,0.0000,0.0000,0.0000,1,0,0,0,0,1,0,0,0,0
zc,TA303,2012-06-04 09:01:03.957,7430.0000,18,0,0.0000,0.0000,0,0,多换,B,7430.0000,0.0000,0.0000,0.0000,0.0000,7498.0000,0.0000,0.0000,0.0000,0.0000,1,0,0,0,0,1,0,0,0,0
zc,TA303,2012-06-04 09:01:06.270,7430.0000,18,0,0.0000,0.0000,0,0,多换,B,7430.0000,0.0000,0.0000,0.0000,0.0000,7486.0000,0.0000,0.0000,0.0000,0.0000,1,0,0,0,0,1,0,0,0,0
zc,TA303,2012-06-04 09:01:07.003,7430.0000,18,0,0.0000,0.0000,0,0,多换,B,7390.0000,0.0000,0.0000,0.0000,0.0000,7498.0000,0.0000,0.0000,0.0000,0.0000,4,0,0,0,0,1,0,0,0,0
zc,TA303,2012-06-04 09:01:07.533,7430.0000,18,0,0.0000,0.0000,0,0,多换,B,7390.0000,0.0000,0.0000,0.0000,0.0000,7480.0000,0.0000,0.0000,0.0000,0.0000,4,0,0,0,0,1,0,0,0,0
zc,TA303,2012-06-04 09:01:08.253,7430.0000,18,0,0.0000,0.0000,0,0,多换,B,7390.0000,0.0000,0.0000,0.0000,0.0000,7476.0000,0.0000,0.0000,0.0000,0.0000,4,0,0,0,0,1,0,0,0,0
zc,TA303,2012-06-04 09:01:09.503,7430.0000,18,0,0.0000,0.0000,0,0,多换,B,7390.0000,0.0000,0.0000,0.0000,0.0000,7480.0000,0.0000,0.0000,0.0000,0.0000,4,0,0,0,0,1,0,0,0,0
zc,TA303,2012-06-04 09:01:10.973,7430.0000,18,0,0.0000,0.0000,0,0,多换,B,7390.0000,0.0000,0.0000,0.0000,0.0000,7460.0000,0.0000,0.0000,0.0000,0.0000,4,0,0,0,0,1,0,0,0,0
zc,TA303,2012-06-04 09:01:11.770,7430.0000,18,0,0.0000,0.0000,0,0,多换,B,7390.0000,0.0000,0.0000,0.0000,0.0000,7474.0000,0.0000,0.0000,0.0000,0.0000,4,0,0,0,0,1,0,0,0,0
zc,TA303,2012-06-04 09:01:12.270,7430.0000,18,0,0.0000,0.0000,0,0,多换,B,7390.0000,0.0000,0.0000,0.0000,0.0000,7464.0000,0.0000,0.0000,0.0000,0.0000,4,0,0,0,0,1,0,0,0,0
zc,TA303,2012-06-04 09:01:14.253,7430.0000,18,0,0.0000,0.0000,0,0,多换,B,7390.0000,0.0000,0.0000,0.0000,0.0000,7450.0000,0.0000,0.0000,0.0000,0.0000,4,0,0,0,0,1,0,0,0,0
zc,TA303,2012-06-04 09:01:19.957,7430.0000,18,0,0.0000,0.0000,0,0,多换,B,7390.0000,0.0000,0.0000,0.0000,0.0000,7448.0000,0.0000,0.0000,0.0000,0.0000,4,0,0,0,0,1,0,0,0,0
zc,TA303,2012-06-04 09:01:20.457,7430.0000,18,0,0.0000,0.0000,0,0,多换,B,7390.0000,0.0000,0.0000,0.0000,0.0000,7450.0000,0.0000,0.0000,0.0000,0.0000,4,0,0,0,0,1,0,0,0,0
zc,TA303,2012-06-04 09:01:21.770,7430.0000,18,0,0.0000,0.0000,0,0,多换,B,7390.0000,0.0000,0.0000,0.0000,0.0000,7448.0000,0.0000,0.0000,0.0000,0.0000,4,0,0,0,0,1,0,0,0,0
zc,TA303,2012-06-04 09:01:22.457,7430.0000,18,0,0.0000,0.0000,0,0,多换,B,7390.0000,0.0000,0.0000,0.0000,0.0000,7450.0000,0.0000,0.0000,0.0000,0.0000,4,0,0,0,0,1,0,0,0,0
zc,TA303,2012-06-04 09:01:23.690,7430.0000,18,0,0.0000,0.0000,0,0,多换,B,7390.0000,0.0000,0.0000,0.0000,0.0000,7448.0000,0.0000,0.0000,0.0000,0.0000,4,0,0,0,0,1,0,0,0,0
zc,TA303,2012-06-04 09:01:26.690,7430.0000,18,0,0.0000,0.0000,0,0,多换,B,7390.0000,0.0000,0.0000,0.0000,0.0000,7442.0000,0.0000,0.0000,0.0000,0.0000,4,0,0,0,0,1,0,0,0,0
zc,TA303,2012-06-04 09:01:29.253,7430.0000,18,0,0.0000,0.0000,0,0,多换,B,7390.0000,0.0000,0.0000,0.0000,0.0000,7444.0000,0.0000,0.0000,0.0000,0.0000,4,0,0,0,0,1,0,0,0,0
zc,TA303,2012-06-04 09:01:30.237,7430.0000,18,0,0.0000,0.0000,0,0,多换,B,7390.0000,0.0000,0.0000,0.0000,0.0000,7440.0000,0.0000,0.0000,0.0000,0.0000,4,0,0,0,0,1,0,0,0,0
zc,TA303,2012-06-04 09:01:30.690,7430.0000,18,0,0.0000,0.0000,0,0,多换,B,7390.0000,0.0000,0.0000,0.0000,0.0000,7448.0000,0.0000,0.0000,0.0000,0.0000,4,0,0,0,0,1,0,0,0,0
zc,TA303,2012-06-04 09:01:31.440,7430.0000,18,0,0.0000,0.0000,0,0,多换,B,7390.0000,0.0000,0.0000,0.0000,0.0000,7442.0000,0.0000,0.0000,0.0000,0.0000,4,0,0,0,0,1,0,0,0,0
zc,TA303,2012-06-04 09:01:32.003,7430.0000,18,0,0.0000,0.0000,0,0,多换,B,7390.0000,0.0000,0.0000,0.0000,0.0000,7448.0000,0.0000,0.0000,0.0000,0.0000,4,0,0,0,0,1,0,0,0,0
zc,TA303,2012-06-04 09:01:33.177,7430.0000,18,0,0.0000,0.0000,0,0,多换,B,7390.0000,0.0000,0.0000,0.0000,0.0000,7442.0000,0.0000,0.0000,0.0000,0.0000,4,0,0,0,0,1,0,0,0,0
zc,TA303,2012-06-04 09:01:35.457,7430.0000,18,0,0.0000,0.0000,0,0,多换,B,7390.0000,0.0000,0.0000,0.0000,0.0000,7438.0000,0.0000,0.0000,0.0000,0.0000,4,0,0,0,0,1,0,0,0,0
zc,TA303,2012-06-04 09:01:37.237,7430.0000,18,0,0.0000,0.0000,0,0,多换,B,7390.0000,0.0000,0.0000,0.0000,0.0000,7436.0000,0.0000,0.0000,0.0000,0.0000,4,0,0,0,0,1,0,0,0,0
zc,TA303,2012-06-04 09:01:39.707,7430.0000,18,0,0.0000,0.0000,0,0,多换,B,7390.0000,0.0000,0.0000,0.0000,0.0000,7438.0000,0.0000,0.0000,0.0000,0.0000,4,0,0,0,0,1,0,0,0,0
zc,TA303,2012-06-04 09:01:40.503,7430.0000,18,0,0.0000,0.0000,0,0,多换,B,7390.0000,0.0000,0.0000,0.0000,0.0000,7440.0000,0.0000,0.0000,0.0000,0.0000,4,0,0,0,0,1,0,0,0,0
zc,TA303,2012-06-04 09:01:41.707,7430.0000,18,0,0.0000,0.0000,0,0,多换,B,7390.0000,0.0000,0.0000,0.0000,0.0000,7442.0000,0.0000,0.0000,0.0000,0.0000,4,0,0,0,0,1,0,0,0,0
zc,TA303,2012-06-04 09:01:44.237,7430.0000,18,0,0.0000,0.0000,0,0,多换,B,7390.0000,0.0000,0.0000,0.0000,0.0000,7446.0000,0.0000,0.0000,0.0000,0.0000,4,0,0,0,0,1,0,0,0,0
zc,TA303,2012-06-04 09:01:46.707,7430.0000,18,0,0.0000,0.0000,0,0,多换,B,7390.0000,0.0000,0.0000,0.0000,0.0000,7448.0000,0.0000,0.0000,0.0000,0.0000,4,0,0,0,0,1,0,0,0,0
zc,TA303,2012-06-04 09:01:47.987,7430.0000,18,0,0.0000,0.0000,0,0,多换,B,7390.0000,0.0000,0.0000,0.0000,0.0000,7450.0000,0.0000,0.0000,0.0000,0.0000,4,0,0,0,0,1,0,0,0,0
zc,TA303,2012-06-04 09:01:51.723,7430.0000,18,0,0.0000,0.0000,0,0,多换,B,7390.0000,0.0000,0.0000,0.0000,0.0000,7462.0000,0.0000,0.0000,0.0000,0.0000,4,0,0,0,0,1,0,0,0,0
zc,TA303,2012-06-04 09:01:52.940,7430.0000,18,0,0.0000,0.0000,0,0,多换,B,7390.0000,0.0000,0.0000,0.0000,0.0000,7460.0000,0.0000,0.0000,0.0000,0.0000,4,0,0,0,0,6,0,0,0,0
zc,TA303,2012-06-04 09:01:53.690,7430.0000,18,0,0.0000,0.0000,0,0,多换,B,7450.0000,0.0000,0.0000,0.0000,0.0000,7460.0000,0.0000,0.0000,0.0000,0.0000,1,0,0,0,0,6,0,0,0,0
zc,TA303,2012-06-04 09:01:54.177,7450.0000,18,0,0.0000,2.0000,1,1,多换,B,7390.0000,0.0000,0.0000,0.0000,0.0000,7450.0000,0.0000,0.0000,0.0000,0.0000,4,0,0,0,0,4,0,0,0,0
zc,TA303,2012-06-04 09:01:55.487,7450.0000,18,0,0.0000,0.0000,0,0,多换,B,7390.0000,0.0000,0.0000,0.0000,0.0000,7450.0000,0.0000,0.0000,0.0000,0.0000,4,0,0,0,0,3,0,0,0,0
zc,TA303,2012-06-04 09:01:57.973,7450.0000,18,0,0.0000,0.0000,0,0,多换,B,7390.0000,0.0000,0.0000,0.0000,0.0000,7450.0000,0.0000,0.0000,0.0000,0.0000,4,0,0,0,0,2,0,0,0,0
zc,TA303,2012-06-04 09:01:59.237,7450.0000,18,0,0.0000,0.0000,0,0,多换,B,7390.0000,0.0000,0.0000,0.0000,0.0000,7450.0000,0.0000,0.0000,0.0000,0.0000,4,0,0,0,0,3,0,0,0,0
zc,TA303,2012-06-04 09:01:59.707,7450.0000,18,0,0.0000,0.0000,0,0,多换,B,7390.0000,0.0000,0.0000,0.0000,0.0000,7450.0000,0.0000,0.0000,0.0000,0.0000,4,0,0,0,0,2,0,0,0,0
zc,TA303,2012-06-04 09:02:04.737,7450.0000,18,0,0.0000,0.0000,0,0,多换,B,7390.0000,0.0000,0.0000,0.0000,0.0000,7450.0000,0.0000,0.0000,0.0000,0.0000,4,0,0,0,0,1,0,0,0,0
zc,TA303,2012-06-04 09:02:17.987,7450.0000,18,0,0.0000,0.0000,0,0,多换,B,7390.0000,0.0000,0.0000,0.0000,0.0000,7462.0000,0.0000,0.0000,0.0000,0.0000,4,0,0,0,0,1,0,0,0,0
zc,TA303,2012-06-04 09:02:18.520,7450.0000,18,0,0.0000,0.0000,0,0,多换,B,7390.0000,0.0000,0.0000,0.0000,0.0000,7458.0000,0.0000,0.0000,0.0000,0.0000,4,0,0,0,0,1,0,0,0,0
zc,TA303,2012-06-04 09:02:19.677,7450.0000,18,0,0.0000,0.0000,0,0,多换,B,7390.0000,0.0000,0.0000,0.0000,0.0000,7462.0000,0.0000,0.0000,0.0000,0.0000,4,0,0,0,0,1,0,0,0,0
zc,TA303,2012-06-04 09:02:25.707,7450.0000,18,0,0.0000,0.0000,0,0,多换,B,7390.0000,0.0000,0.0000,0.0000,0.0000,7458.0000,0.0000,0.0000,0.0000,0.0000,4,0,0,0,0,1,0,0,0,0
zc,TA303,2012-06-04 09:02:26.223,7450.0000,18,0,0.0000,0.0000,0,0,多换,B,7390.0000,0.0000,0.0000,0.0000,0.0000,7464.0000,0.0000,0.0000,0.0000,0.0000,4,0,0,0,0,1,0,0,0,0
zc,TA303,2012-06-04 09:02:27.957,7450.0000,18,0,0.0000,0.0000,0,0,多换,B,7390.0000,0.0000,0.0000,0.0000,0.0000,7458.0000,0.0000,0.0000,0.0000,0.0000,4,0,0,0,0,1,0,0,0,0
zc,TA303,2012-06-04 09:02:37.457,7450.0000,18,0,0.0000,0.0000,0,0,多换,B,7390.0000,0.0000,0.0000,0.0000,0.0000,7460.0000,0.0000,0.0000,0.0000,0.0000,4,0,0,0,0,1,0,0,0,0
zc,TA303,2012-06-04 09:02:39.440,7450.0000,18,0,0.0000,0.0000,0,0,多换,B,7390.0000,0.0000,0.0000,0.0000,0.0000,7464.0000,0.0000,0.0000,0.0000,0.0000,4,0,0,0,0,1,0,0,0,0
zc,TA303,2012-06-04 09:02:40.270,7450.0000,18,0,0.0000,0.0000,0,0,多换,B,7390.0000,0.0000,0.0000,0.0000,0.0000,7466.0000,0.0000,0.0000,0.0000,0.0000,4,0,0,0,0,1,0,0,0,0
zc,TA303,2012-06-04 09:02:41.440,7450.0000,18,0,0.0000,0.0000,0,0,多换,B,7390.0000,0.0000,0.0000,0.0000,0.0000,7468.0000,0.0000,0.0000,0.0000,0.0000,4,0,0,0,0,1,0,0,0,0
zc,TA303,2012-06-04 09:02:45.223,7450.0000,18,0,0.0000,0.0000,0,0,多换,B,7390.0000,0.0000,0.0000,0.0000,0.0000,7468.0000,0.0000,0.0000,0.0000,0.0000,5,0,0,0,0,1,0,0,0,0
zc,TA303,2012-06-04 09:02:45.737,7450.0000,18,0,0.0000,0.0000,0,0,多换,B,7392.0000,0.0000,0.0000,0.0000,0.0000,7478.0000,0.0000,0.0000,0.0000,0.0000,1,0,0,0,0,1,0,0,0,0
zc,TA303,2012-06-04 09:02:46.393,7450.0000,18,0,0.0000,0.0000,0,0,多换,B,7392.0000,0.0000,0.0000,0.0000,0.0000,7476.0000,0.0000,0.0000,0.0000,0.0000,1,0,0,0,0,6,0,0,0,0
zc,TA303,2012-06-04 09:02:46.580,7450.0000,18,0,0.0000,0.0000,0,0,多换,B,7390.0000,0.0000,0.0000,0.0000,0.0000,7476.0000,0.0000,0.0000,0.0000,0.0000,5,0,0,0,0,6,0,0,0,0
zc,TA303,2012-06-04 09:02:47.020,7450.0000,18,0,0.0000,0.0000,0,0,多换,B,7392.0000,0.0000,0.0000,0.0000,0.0000,7476.0000,0.0000,0.0000,0.0000,0.0000,1,0,0,0,0,6,0,0,0,0
zc,TA303,2012-06-04 09:02:48.940,7450.0000,18,0,0.0000,0.0000,0,0,多换,B,7392.0000,0.0000,0.0000,0.0000,0.0000,7470.0000,0.0000,0.0000,0.0000,0.0000,1,0,0,0,0,1,0,0,0,0
zc,TA303,2012-06-04 09:02:49.487,7450.0000,18,0,0.0000,0.0000,0,0,多换,B,7392.0000,0.0000,0.0000,0.0000,0.0000,7476.0000,0.0000,0.0000,0.0000,0.0000,1,0,0,0,0,6,0,0,0,0
zc,TA303,2012-06-04 09:02:50.487,7450.0000,18,0,0.0000,0.0000,0,0,多换,B,7394.0000,0.0000,0.0000,0.0000,0.0000,7476.0000,0.0000,0.0000,0.0000,0.0000,1,0,0,0,0,6,0,0,0,0
zc,TA303,2012-06-04 09:02:51.940,7450.0000,18,0,0.0000,0.0000,0,0,多换,B,7394.0000,0.0000,0.0000,0.0000,0.0000,7470.0000,0.0000,0.0000,0.0000,0.0000,1,0,0,0,0,1,0,0,0,0
zc,TA303,2012-06-04 09:02:56.753,7450.0000,18,0,0.0000,0.0000,0,0,多换,B,7406.0000,0.0000,0.0000,0.0000,0.0000,7470.0000,0.0000,0.0000,0.0000,0.0000,1,0,0,0,0,1,0,0,0,0
zc,TA303,2012-06-04 09:02:57.237,7450.0000,18,0,0.0000,0.0000,0,0,多换,B,7394.0000,0.0000,0.0000,0.0000,0.0000,7470.0000,0.0000,0.0000,0.0000,0.0000,1,0,0,0,0,1,0,0,0,0
zc,TA303,2012-06-04 09:03:00.003,7450.0000,18,0,0.0000,0.0000,0,0,多换,B,7396.0000,0.0000,0.0000,0.0000,0.0000,7470.0000,0.0000,0.0000,0.0000,0.0000,1,0,0,0,0,1,0,0,0,0
zc,TA303,2012-06-04 09:03:00.457,7450.0000,18,0,0.0000,0.0000,0,0,多换,B,7394.0000,0.0000,0.0000,0.0000,0.0000,7470.0000,0.0000,0.0000,0.0000,0.0000,1,0,0,0,0,1,0,0,0,0
zc,TA303,2012-06-04 09:03:01.003,7450.0000,18,0,0.0000,0.0000,0,0,多换,B,7406.0000,0.0000,0.0000,0.0000,0.0000,7470.0000,0.0000,0.0000,0.0000,0.0000,1,0,0,0,0,1,0,0,0,0
zc,TA303,2012-06-04 09:03:01.503,7450.0000,18,0,0.0000,0.0000,0,0,多换,B,7394.0000,0.0000,0.0000,0.0000,0.0000,7470.0000,0.0000,0.0000,0.0000,0.0000,1,0,0,0,0,1,0,0,0,0
zc,TA303,2012-06-04 09:03:03.973,7450.0000,18,0,0.0000,0.0000,0,0,多换,B,7396.0000,0.0000,0.0000,0.0000,0.0000,7470.0000,0.0000,0.0000,0.0000,0.0000,1,0,0,0,0,1,0,0,0,0
zc,TA303,2012-06-04 09:03:04.753,7450.0000,18,0,0.0000,0.0000,0,0,多换,B,7394.0000,0.0000,0.0000,0.0000,0.0000,7470.0000,0.0000,0.0000,0.0000,0.0000,1,0,0,0,0,1,0,0,0,0
zc,TA303,2012-06-04 09:03:10.457,7450.0000,18,0,0.0000,0.0000,0,0,多换,B,7400.0000,0.0000,0.0000,0.0000,0.0000,7470.0000,0.0000,0.0000,0.0000,0.0000,1,0,0,0,0,1,0,0,0,0
zc,TA303,2012-06-04 09:03:13.237,7450.0000,18,0,0.0000,0.0000,0,0,多换,B,7398.0000,0.0000,0.0000,0.0000,0.0000,7470.0000,0.0000,0.0000,0.0000,0.0000,1,0,0,0,0,1,0,0,0,0
zc,TA303,2012-06-04 09:03:16.223,7450.0000,18,0,0.0000,0.0000,0,0,多换,B,7396.0000,0.0000,0.0000,0.0000,0.0000,7470.0000,0.0000,0.0000,0.0000,0.0000,1,0,0,0,0,1,0,0,0,0
zc,TA303,2012-06-04 09:03:18.237,7450.0000,18,0,0.0000,0.0000,0,0,多换,B,7394.0000,0.0000,0.0000,0.0000,0.0000,7470.0000,0.0000,0.0000,0.0000,0.0000,1,0,0,0,0,1,0,0,0,0
zc,TA303,2012-06-04 09:03:28.690,7450.0000,18,0,0.0000,0.0000,0,0,多换,B,7392.0000,0.0000,0.0000,0.0000,0.0000,7470.0000,0.0000,0.0000,0.0000,0.0000,1,0,0,0,0,1,0,0,0,0
zc,TA303,2012-06-04 09:03:29.223,7450.0000,18,0,0.0000,0.0000,0,0,多换,B,7390.0000,0.0000,0.0000,0.0000,0.0000,7470.0000,0.0000,0.0000,0.0000,0.0000,5,0,0,0,0,1,0,0,0,0
zc,TA303,2012-06-04 09:03:31.190,7450.0000,18,0,0.0000,0.0000,0,0,多换,B,7390.0000,0.0000,0.0000,0.0000,0.0000,7470.0000,0.0000,0.0000,0.0000,0.0000,5,0,0,0,0,2,0,0,0,0
zc,TA303,2012-06-04 09:03:35.020,7450.0000,18,0,0.0000,0.0000,0,0,多换,B,7390.0000,0.0000,0.0000,0.0000,0.0000,7470.0000,0.0000,0.0000,0.0000,0.0000,4,0,0,0,0,2,0,0,0,0
zc,TA303,2012-06-04 09:03:35.503,7450.0000,18,0,0.0000,0.0000,0,0,多换,B,7390.0000,0.0000,0.0000,0.0000,0.0000,7466.0000,0.0000,0.0000,0.0000,0.0000,4,0,0,0,0,1,0,0,0,0
zc,TA303,2012-06-04 09:03:38.393,7450.0000,18,0,0.0000,0.0000,0,0,多换,B,7380.0000,0.0000,0.0000,0.0000,0.0000,7466.0000,0.0000,0.0000,0.0000,0.0000,1,0,0,0,0,1,0,0,0,0
zc,TA303,2012-06-04 09:03:40.487,7450.0000,18,0,0.0000,0.0000,0,0,多换,B,7380.0000,0.0000,0.0000,0.0000,0.0000,7460.0000,0.0000,0.0000,0.0000,0.0000,1,0,0,0,0,1,0,0,0,0
zc,TA303,2012-06-04 09:03:42.973,7450.0000,18,0,0.0000,0.0000,0,0,多换,B,7384.0000,0.0000,0.0000,0.0000,0.0000,7464.0000,0.0000,0.0000,0.0000,0.0000,1,0,0,0,0,1,0,0,0,0
zc,TA303,2012-06-04 09:03:46.520,7450.0000,18,0,0.0000,0.0000,0,0,多换,B,7382.0000,0.0000,0.0000,0.0000,0.0000,7466.0000,0.0000,0.0000,0.0000,0.0000,1,0,0,0,0,1,0,0,0,0
zc,TA303,2012-06-04 09:03:47.253,7450.0000,18,0,0.0000,0.0000,0,0,多换,B,7380.0000,0.0000,0.0000,0.0000,0.0000,7466.0000,0.0000,0.0000,0.0000,0.0000,1,0,0,0,0,1,0,0,0,0
zc,TA303,2012-06-04 09:03:47.723,7450.0000,18,0,0.0000,0.0000,0,0,多换,B,7380.0000,0.0000,0.0000,0.0000,0.0000,7460.0000,0.0000,0.0000,0.0000,0.0000,1,0,0,0,0,1,0,0,0,0
zc,TA303,2012-06-04 09:03:52.707,7450.0000,18,0,0.0000,0.0000,0,0,多换,B,7384.0000,0.0000,0.0000,0.0000,0.0000,7466.0000,0.0000,0.0000,0.0000,0.0000,1,0,0,0,0,1,0,0,0,0
zc,TA303,2012-06-04 09:03:53.753,7450.0000,18,0,0.0000,0.0000,0,0,多换,B,7380.0000,0.0000,0.0000,0.0000,0.0000,7466.0000,0.0000,0.0000,0.0000,0.0000,1,0,0,0,0,1,0,0,0,0
zc,TA303,2012-06-04 09:03:54.440,7450.0000,18,0,0.0000,0.0000,0,0,多换,B,7382.0000,0.0000,0.0000,0.0000,0.0000,7466.0000,0.0000,0.0000,0.0000,0.0000,1,0,0,0,0,1,0,0,0,0
zc,TA303,2012-06-04 09:03:55.207,7450.0000,18,0,0.0000,0.0000,0,0,多换,B,7382.0000,0.0000,0.0000,0.0000,0.0000,7460.0000,0.0000,0.0000,0.0000,0.0000,1,0,0,0,0,1,0,0,0,0
zc,TA303,2012-06-04 09:03:56.457,7450.0000,18,0,0.0000,0.0000,0,0,多换,B,7384.0000,0.0000,0.0000,0.0000,0.0000,7466.0000,0.0000,0.0000,0.0000,0.0000,1,0,0,0,0,1,0,0,0,0
zc,TA303,2012-06-04 09:03:57.690,7450.0000,18,0,0.0000,0.0000,0,0,多换,B,7382.0000,0.0000,0.0000,0.0000,0.0000,7466.0000,0.0000,0.0000,0.0000,0.0000,1,0,0,0,0,1,0,0,0,0
zc,TA303,2012-06-04 09:03:58.957,7450.0000,18,0,0.0000,0.0000,0,0,多换,B,7382.0000,0.0000,0.0000,0.0000,0.0000,7460.0000,0.0000,0.0000,0.0000,0.0000,1,0,0,0,0,1,0,0,0,0
zc,TA303,2012-06-04 09:04:00.473,7450.0000,18,0,0.0000,0.0000,0,0,多换,B,7382.0000,0.0000,0.0000,0.0000,0.0000,7466.0000,0.0000,0.0000,0.0000,0.0000,1,0,0,0,0,1,0,0,0,0
zc,TA303,2012-06-04 09:04:02.190,7450.0000,18,0,0.0000,0.0000,0,0,多换,B,7384.0000,0.0000,0.0000,0.0000,0.0000,7466.0000,0.0000,0.0000,0.0000,0.0000,1,0,0,0,0,1,0,0,0,0
zc,TA303,2012-06-04 09:04:03.003,7450.0000,18,0,0.0000,0.0000,0,0,多换,B,7382.0000,0.0000,0.0000,0.0000,0.0000,7466.0000,0.0000,0.0000,0.0000,0.0000,1,0,0,0,0,1,0,0,0,0
zc,TA303,2012-06-04 09:04:06.707,7450.0000,18,0,0.0000,0.0000,0,0,多换,B,7380.0000,0.0000,0.0000,0.0000,0.0000,7466.0000,0.0000,0.0000,0.0000,0.0000,1,0,0,0,0,1,0,0,0,0
zc,TA303,2012-06-04 09:04:07.190,7450.0000,18,0,0.0000,0.0000,0,0,多换,B,7380.0000,0.0000,0.0000,0.0000,0.0000,7462.0000,0.0000,0.0000,0.0000,0.0000,1,0,0,0,0,1,0,0,0,0
zc,TA303,2012-06-04 09:04:09.207,7450.0000,18,0,0.0000,0.0000,0,0,多换,B,7380.0000,0.0000,0.0000,0.0000,0.0000,7458.0000,0.0000,0.0000,0.0000,0.0000,1,0,0,0,0,1,0,0,0,0
zc,TA303,2012-06-04 09:04:13.723,7450.0000,18,0,0.0000,0.0000,0,0,多换,B,7378.0000,0.0000,0.0000,0.0000,0.0000,7458.0000,0.0000,0.0000,0.0000,0.0000,1,0,0,0,0,1,0,0,0,0
zc,TA303,2012-06-04 09:04:14.473,7450.0000,18,0,0.0000,0.0000,0,0,多换,B,7378.0000,0.0000,0.0000,0.0000,0.0000,7456.0000,0.0000,0.0000,0.0000,0.0000,1,0,0,0,0,1,0,0,0,0
zc,TA303,2012-06-04 09:04:18.753,7450.0000,18,0,0.0000,0.0000,0,0,多换,B,7376.0000,0.0000,0.0000,0.0000,0.0000,7456.0000,0.0000,0.0000,0.0000,0.0000,1,0,0,0,0,1,0,0,0,0
zc,TA303,2012-06-04 09:04:19.237,7450.0000,18,0,0.0000,0.0000,0,0,多换,B,7374.0000,0.0000,0.0000,0.0000,0.0000,7456.0000,0.0000,0.0000,0.0000,0.0000,1,0,0,0,0,1,0,0,0,0
zc,TA303,2012-06-04 09:04:20.410,7450.0000,18,0,0.0000,0.0000,0,0,多换,B,7374.0000,0.0000,0.0000,0.0000,0.0000,7454.0000,0.0000,0.0000,0.0000,0.0000,1,0,0,0,0,1,0,0,0,0
zc,TA303,2012-06-04 09:04:21.223,7450.0000,18,0,0.0000,0.0000,0,0,多换,B,7370.0000,0.0000,0.0000,0.0000,0.0000,7454.0000,0.0000,0.0000,0.0000,0.0000,1,0,0,0,0,1,0,0,0,0
zc,TA303,2012-06-04 09:04:22.410,7450.0000,18,0,0.0000,0.0000,0,0,多换,B,7372.0000,0.0000,0.0000,0.0000,0.0000,7454.0000,0.0000,0.0000,0.0000,0.0000,1,0,0,0,0,1,0,0,0,0
zc,TA303,2012-06-04 09:04:22.723,7450.0000,18,0,0.0000,0.0000,0,0,多换,B,7370.0000,0.0000,0.0000,0.0000,0.0000,7454.0000,0.0000,0.0000,0.0000,0.0000,1,0,0,0,0,1,0,0,0,0
zc,TA303,2012-06-04 09:04:23.440,7450.0000,18,0,0.0000,0.0000,0,0,多换,B,7370.0000,0.0000,0.0000,0.0000,0.0000,7448.0000,0.0000,0.0000,0.0000,0.0000,1,0,0,0,0,1,0,0,0,0
zc,TA303,2012-06-04 09:04:24.707,7450.0000,18,0,0.0000,0.0000,0,0,多换,B,7370.0000,0.0000,0.0000,0.0000,0.0000,7456.0000,0.0000,0.0000,0.0000,0.0000,1,0,0,0,0,1,0,0,0,0
zc,TA303,2012-06-04 09:04:26.957,7450.0000,18,0,0.0000,0.0000,0,0,多换,B,7368.0000,0.0000,0.0000,0.0000,0.0000,7446.0000,0.0000,0.0000,0.0000,0.0000,1,0,0,0,0,1,0,0,0,0
zc,TA303,2012-06-04 09:04:27.707,7450.0000,18,0,0.0000,0.0000,0,0,多换,B,7362.0000,0.0000,0.0000,0.0000,0.0000,7446.0000,0.0000,0.0000,0.0000,0.0000,1,0,0,0,0,1,0,0,0,0
zc,TA303,2012-06-04 09:04:28.707,7450.0000,18,0,0.0000,0.0000,0,0,多换,B,7368.0000,0.0000,0.0000,0.0000,0.0000,7446.0000,0.0000,0.0000,0.0000,0.0000,1,0,0,0,0,1,0,0,0,0
zc,TA303,2012-06-04 09:04:31.660,7450.0000,18,0,0.0000,0.0000,0,0,多换,B,7368.0000,0.0000,0.0000,0.0000,0.0000,7456.0000,0.0000,0.0000,0.0000,0.0000,1,0,0,0,0,1,0,0,0,0
zc,TA303,2012-06-04 09:04:32.223,7450.0000,18,0,0.0000,0.0000,0,0,多换,B,7372.0000,0.0000,0.0000,0.0000,0.0000,7456.0000,0.0000,0.0000,0.0000,0.0000,1,0,0,0,0,1,0,0,0,0
zc,TA303,2012-06-04 09:04:32.927,7450.0000,18,0,0.0000,0.0000,0,0,多换,B,7370.0000,0.0000,0.0000,0.0000,0.0000,7456.0000,0.0000,0.0000,0.0000,0.0000,1,0,0,0,0,1,0,0,0,0
zc,TA303,2012-06-04 09:04:37.957,7450.0000,18,0,0.0000,0.0000,0,0,多换,B,7372.0000,0.0000,0.0000,0.0000,0.0000,7456.0000,0.0000,0.0000,0.0000,0.0000,1,0,0,0,0,1,0,0,0,0
zc,TA303,2012-06-04 09:04:40.410,7450.0000,18,0,0.0000,0.0000,0,0,多换,B,7370.0000,0.0000,0.0000,0.0000,0.0000,7448.0000,0.0000,0.0000,0.0000,0.0000,1,0,0,0,0,1,0,0,0,0
zc,TA303,2012-06-04 09:04:41.487,7450.0000,18,0,0.0000,0.0000,0,0,多换,B,7368.0000,0.0000,0.0000,0.0000,0.0000,7448.0000,0.0000,0.0000,0.0000,0.0000,1,0,0,0,0,1,0,0,0,0
zc,TA303,2012-06-04 09:04:43.427,7450.0000,18,0,0.0000,0.0000,0,0,多换,B,7368.0000,0.0000,0.0000,0.0000,0.0000,7446.0000,0.0000,0.0000,0.0000,0.0000,1,0,0,0,0,1,0,0,0,0
zc,TA303,2012-06-04 09:04:45.987,7450.0000,18,0,0.0000,0.0000,0,0,多换,B,7362.0000,0.0000,0.0000,0.0000,0.0000,7444.0000,0.0000,0.0000,0.0000,0.0000,1,0,0,0,0,1,0,0,0,0
zc,TA303,2012-06-04 09:04:46.973,7450.0000,18,0,0.0000,0.0000,0,0,多换,B,7364.0000,0.0000,0.0000,0.0000,0.0000,7444.0000,0.0000,0.0000,0.0000,0.0000,1,0,0,0,0,1,0,0,0,0
zc,TA303,2012-06-04 09:04:48.177,7450.0000,18,0,0.0000,0.0000,0,0,多换,B,7362.0000,0.0000,0.0000,0.0000,0.0000,7442.0000,0.0000,0.0000,0.0000,0.0000,1,0,0,0,0,1,0,0,0,0
zc,TA303,2012-06-04 09:04:49.940,7450.0000,18,0,0.0000,0.0000,0,0,多换,B,7362.0000,0.0000,0.0000,0.0000,0.0000,7440.0000,0.0000,0.0000,0.0000,0.0000,1,0,0,0,0,1,0,0,0,0
zc,TA303,2012-06-04 09:04:53.723,7450.0000,18,0,0.0000,0.0000,0,0,多换,B,7360.0000,0.0000,0.0000,0.0000,0.0000,7440.0000,0.0000,0.0000,0.0000,0.0000,1,0,0,0,0,1,0,0,0,0
zc,TA303,2012-06-04 09:04:54.987,7450.0000,18,0,0.0000,0.0000,0,0,多换,B,7360.0000,0.0000,0.0000,0.0000,0.0000,7438.0000,0.0000,0.0000,0.0000,0.0000,1,0,0,0,0,1,0,0,0,0
zc,TA303,2012-06-04 09:04:56.690,7450.0000,18,0,0.0000,0.0000,0,0,多换,B,7358.0000,0.0000,0.0000,0.0000,0.0000,7436.0000,0.0000,0.0000,0.0000,0.0000,1,0,0,0,0,1,0,0,0,0
zc,TA303,2012-06-04 09:04:57.177,7450.0000,18,0,0.0000,0.0000,0,0,多换,B,7358.0000,0.0000,0.0000,0.0000,0.0000,7438.0000,0.0000,0.0000,0.0000,0.0000,1,0,0,0,0,1,0,0,0,0
zc,TA303,2012-06-04 09:04:59.473,7450.0000,18,0,0.0000,0.0000,0,0,多换,B,7360.0000,0.0000,0.0000,0.0000,0.0000,7440.0000,0.0000,0.0000,0.0000,0.0000,1,0,0,0,0,1,0,0,0,0
zc,TA303,2012-06-04 09:05:01.440,7450.0000,18,0,0.0000,0.0000,0,0,多换,B,7358.0000,0.0000,0.0000,0.0000,0.0000,7438.0000,0.0000,0.0000,0.0000,0.0000,1,0,0,0,0,1,0,0,0,0
zc,TA303,2012-06-04 09:05:01.957,7450.0000,18,0,0.0000,0.0000,0,0,多换,B,7360.0000,0.0000,0.0000,0.0000,0.0000,7438.0000,0.0000,0.0000,0.0000,0.0000,1,0,0,0,0,1,0,0,0,0
zc,TA303,2012-06-04 09:05:02.677,7450.0000,18,0,0.0000,0.0000,0,0,多换,B,7356.0000,0.0000,0.0000,0.0000,0.0000,7434.0000,0.0000,0.0000,0.0000,0.0000,1,0,0,0,0,1,0,0,0,0
zc,TA303,2012-06-04 09:05:03.207,7450.0000,18,0,0.0000,0.0000,0,0,多换,B,7358.0000,0.0000,0.0000,0.0000,0.0000,7438.0000,0.0000,0.0000,0.0000,0.0000,1,0,0,0,0,1,0,0,0,0
zc,TA303,2012-06-04 09:05:03.957,7450.0000,18,0,0.0000,0.0000,0,0,多换,B,7358.0000,0.0000,0.0000,0.0000,0.0000,7436.0000,0.0000,0.0000,0.0000,0.0000,1,0,0,0,0,1,0,0,0,0
zc,TA303,2012-06-04 09:05:04.503,7450.0000,18,0,0.0000,0.0000,0,0,多换,B,7356.0000,0.0000,0.0000,0.0000,0.0000,7438.0000,0.0000,0.0000,0.0000,0.0000,1,0,0,0,0,1,0,0,0,0
zc,TA303,2012-06-04 09:05:05.177,7450.0000,18,0,0.0000,0.0000,0,0,多换,B,7360.0000,0.0000,0.0000,0.0000,0.0000,7438.0000,0.0000,0.0000,0.0000,0.0000,1,0,0,0,0,1,0,0,0,0
zc,TA303,2012-06-04 09:05:05.690,7450.0000,18,0,0.0000,0.0000,0,0,多换,B,7358.0000,0.0000,0.0000,0.0000,0.0000,7438.0000,0.0000,0.0000,0.0000,0.0000,1,0,0,0,0,1,0,0,0,0
zc,TA303,2012-06-04 09:05:06.160,7450.0000,18,0,0.0000,0.0000,0,0,多换,B,7356.0000,0.0000,0.0000,0.0000,0.0000,7436.0000,0.0000,0.0000,0.0000,0.0000,1,0,0,0,0,1,0,0,0,0
zc,TA303,2012-06-04 09:05:07.440,7450.0000,18,0,0.0000,0.0000,0,0,多换,B,7354.0000,0.0000,0.0000,0.0000,0.0000,7436.0000,0.0000,0.0000,0.0000,0.0000,1,0,0,0,0,1,0,0,0,0
zc,TA303,2012-06-04 09:05:08.207,7450.0000,18,0,0.0000,0.0000,0,0,多换,B,7352.0000,0.0000,0.0000,0.0000,0.0000,7432.0000,0.0000,0.0000,0.0000,0.0000,1,0,0,0,0,1,0,0,0,0
zc,TA303,2012-06-04 09:05:09.457,7450.0000,18,0,0.0000,0.0000,0,0,多换,B,7350.0000,0.0000,0.0000,0.0000,0.0000,7432.0000,0.0000,0.0000,0.0000,0.0000,1,0,0,0,0,1,0,0,0,0
zc,TA303,2012-06-04 09:05:09.987,7450.0000,18,0,0.0000,0.0000,0,0,多换,B,7350.0000,0.0000,0.0000,0.0000,0.0000,7428.0000,0.0000,0.0000,0.0000,0.0000,1,0,0,0,0,1,0,0,0,0
zc,TA303,2012-06-04 09:05:10.690,7450.0000,18,0,0.0000,0.0000,0,0,多换,B,7342.0000,0.0000,0.0000,0.0000,0.0000,7428.0000,0.0000,0.0000,0.0000,0.0000,1,0,0,0,0,1,0,0,0,0
zc,TA303,2012-06-04 09:05:12.473,7450.0000,18,0,0.0000,0.0000,0,0,多换,B,7342.0000,0.0000,0.0000,0.0000,0.0000,7424.0000,0.0000,0.0000,0.0000,0.0000,1,0,0,0,0,1,0,0,0,0
zc,TA303,2012-06-04 09:05:16.973,7450.0000,18,0,0.0000,0.0000,0,0,多换,B,7340.0000,0.0000,0.0000,0.0000,0.0000,7418.0000,0.0000,0.0000,0.0000,0.0000,1,0,0,0,0,1,0,0,0,0
zc,TA303,2012-06-04 09:05:17.753,7450.0000,18,0,0.0000,0.0000,0,0,多换,B,7338.0000,0.0000,0.0000,0.0000,0.0000,7418.0000,0.0000,0.0000,0.0000,0.0000,1,0,0,0,0,1,0,0,0,0
zc,TA303,2012-06-04 09:05:18.237,7450.0000,18,0,0.0000,0.0000,0,0,多换,B,7332.0000,0.0000,0.0000,0.0000,0.0000,7418.0000,0.0000,0.0000,0.0000,0.0000,1,0,0,0,0,1,0,0,0,0
zc,TA303,2012-06-04 09:05:18.957,7450.0000,18,0,0.0000,0.0000,0,0,多换,B,7330.0000,0.0000,0.0000,0.0000,0.0000,7414.0000,0.0000,0.0000,0.0000,0.0000,1,0,0,0,0,1,0,0,0,0
zc,TA303,2012-06-04 09:05:21.987,7450.0000,18,0,0.0000,0.0000,0,0,多换,B,0.0000,0.0000,0.0000,0.0000,0.0000,7414.0000,0.0000,0.0000,0.0000,0.0000,0,0,0,0,0,1,0,0,0,0
zc,TA303,2012-06-04 09:05:23.927,7450.0000,18,0,0.0000,0.0000,0,0,多换,B,0.0000,0.0000,0.0000,0.0000,0.0000,7406.0000,0.0000,0.0000,0.0000,0.0000,0,0,0,0,0,1,0,0,0,0
zc,TA303,2012-06-04 09:05:24.457,7450.0000,18,0,0.0000,0.0000,0,0,多换,B,0.0000,0.0000,0.0000,0.0000,0.0000,7402.0000,0.0000,0.0000,0.0000,0.0000,0,0,0,0,0,1,0,0,0,0
zc,TA303,2012-06-04 09:05:27.207,7450.0000,18,0,0.0000,0.0000,0,0,多换,B,0.0000,0.0000,0.0000,0.0000,0.0000,7404.0000,0.0000,0.0000,0.0000,0.0000,0,0,0,0,0,1,0,0,0,0
zc,TA303,2012-06-04 09:05:30.723,7450.0000,18,0,0.0000,0.0000,0,0,多换,B,0.0000,0.0000,0.0000,0.0000,0.0000,7402.0000,0.0000,0.0000,0.0000,0.0000,0,0,0,0,0,1,0,0,0,0
zc,TA303,2012-06-04 09:05:32.660,7450.0000,18,0,0.0000,0.0000,0,0,多换,B,0.0000,0.0000,0.0000,0.0000,0.0000,7404.0000,0.0000,0.0000,0.0000,0.0000,0,0,0,0,0,1,0,0,0,0
zc,TA303,2012-06-04 09:05:34.677,7450.0000,18,0,0.0000,0.0000,0,0,多换,B,0.0000,0.0000,0.0000,0.0000,0.0000,7402.0000,0.0000,0.0000,0.0000,0.0000,0,0,0,0,0,1,0,0,0,0
zc,TA303,2012-06-04 09:05:37.707,7450.0000,18,0,0.0000,0.0000,0,0,多换,B,0.0000,0.0000,0.0000,0.0000,0.0000,7398.0000,0.0000,0.0000,0.0000,0.0000,0,0,0,0,0,1,0,0,0,0
zc,TA303,2012-06-04 09:05:38.707,7450.0000,18,0,0.0000,0.0000,0,0,多换,B,0.0000,0.0000,0.0000,0.0000,0.0000,7402.0000,0.0000,0.0000,0.0000,0.0000,0,0,0,0,0,1,0,0,0,0
zc,TA303,2012-06-04 09:05:39.973,7450.0000,18,0,0.0000,0.0000,0,0,多换,B,0.0000,0.0000,0.0000,0.0000,0.0000,7400.0000,0.0000,0.0000,0.0000,0.0000,0,0,0,0,0,1,0,0,0,0
zc,TA303,2012-06-04 09:05:43.223,7450.0000,18,0,0.0000,0.0000,0,0,多换,B,0.0000,0.0000,0.0000,0.0000,0.0000,7398.0000,0.0000,0.0000,0.0000,0.0000,0,0,0,0,0,1,0,0,0,0
zc,TA303,2012-06-04 09:05:44.487,7450.0000,18,0,0.0000,0.0000,0,0,多换,B,0.0000,0.0000,0.0000,0.0000,0.0000,7400.0000,0.0000,0.0000,0.0000,0.0000,0,0,0,0,0,1,0,0,0,0
zc,TA303,2012-06-04 09:05:45.270,7450.0000,18,0,0.0000,0.0000,0,0,多换,B,0.0000,0.0000,0.0000,0.0000,0.0000,7396.0000,0.0000,0.0000,0.0000,0.0000,0,0,0,0,0,1,0,0,0,0
zc,TA303,2012-06-04 09:05:45.927,7450.0000,18,0,0.0000,0.0000,0,0,多换,B,0.0000,0.0000,0.0000,0.0000,0.0000,7400.0000,0.0000,0.0000,0.0000,0.0000,0,0,0,0,0,1,0,0,0,0
zc,TA303,2012-06-04 09:05:46.503,7450.0000,18,0,0.0000,0.0000,0,0,多换,B,0.0000,0.0000,0.0000,0.0000,0.0000,7398.0000,0.0000,0.0000,0.0000,0.0000,0,0,0,0,0,1,0,0,0,0
zc,TA303,2012-06-04 09:05:48.020,7450.0000,18,0,0.0000,0.0000,0,0,多换,B,0.0000,0.0000,0.0000,0.0000,0.0000,7400.0000,0.0000,0.0000,0.0000,0.0000,0,0,0,0,0,1,0,0,0,0
zc,TA303,2012-06-04 09:05:49.237,7450.0000,18,0,0.0000,0.0000,0,0,多换,B,0.0000,0.0000,0.0000,0.0000,0.0000,7402.0000,0.0000,0.0000,0.0000,0.0000,0,0,0,0,0,1,0,0,0,0
zc,TA303,2012-06-04 09:05:50.987,7450.0000,18,0,0.0000,0.0000,0,0,多换,B,0.0000,0.0000,0.0000,0.0000,0.0000,7392.0000,0.0000,0.0000,0.0000,0.0000,0,0,0,0,0,1,0,0,0,0
zc,TA303,2012-06-04 09:05:51.707,7450.0000,18,0,0.0000,0.0000,0,0,多换,B,0.0000,0.0000,0.0000,0.0000,0.0000,7396.0000,0.0000,0.0000,0.0000,0.0000,0,0,0,0,0,1,0,0,0,0
zc,TA303,2012-06-04 09:05:52.957,7450.0000,18,0,0.0000,0.0000,0,0,多换,B,0.0000,0.0000,0.0000,0.0000,0.0000,7398.0000,0.0000,0.0000,0.0000,0.0000,0,0,0,0,0,1,0,0,0,0
zc,TA303,2012-06-04 09:06:11.440,7450.0000,18,0,0.0000,0.0000,0,0,多换,B,0.0000,0.0000,0.0000,0.0000,0.0000,7400.0000,0.0000,0.0000,0.0000,0.0000,0,0,0,0,0,1,0,0,0,0
zc,TA303,2012-06-04 09:06:13.677,7450.0000,18,0,0.0000,0.0000,0,0,多换,B,0.0000,0.0000,0.0000,0.0000,0.0000,7402.0000,0.0000,0.0000,0.0000,0.0000,0,0,0,0,0,1,0,0,0,0
zc,TA303,2012-06-04 09:06:16.660,7450.0000,18,0,0.0000,0.0000,0,0,多换,B,0.0000,0.0000,0.0000,0.0000,0.0000,7404.0000,0.0000,0.0000,0.0000,0.0000,0,0,0,0,0,1,0,0,0,0
zc,TA303,2012-06-04 09:06:18.473,7450.0000,18,0,0.0000,0.0000,0,0,多换,B,7328.0000,0.0000,0.0000,0.0000,0.0000,7418.0000,0.0000,0.0000,0.0000,0.0000,1,0,0,0,0,1,0,0,0,0
zc,TA303,2012-06-04 09:06:19.690,7450.0000,18,0,0.0000,0.0000,0,0,多换,B,7328.0000,0.0000,0.0000,0.0000,0.0000,7412.0000,0.0000,0.0000,0.0000,0.0000,1,0,0,0,0,1,0,0,0,0
zc,TA303,2012-06-04 09:06:22.190,7450.0000,18,0,0.0000,0.0000,0,0,多换,B,7336.0000,0.0000,0.0000,0.0000,0.0000,7416.0000,0.0000,0.0000,0.0000,0.0000,1,0,0,0,0,6,0,0,0,0
zc,TA303,2012-06-04 09:06:22.973,7450.0000,18,0,0.0000,0.0000,0,0,多换,B,7328.0000,0.0000,0.0000,0.0000,0.0000,7416.0000,0.0000,0.0000,0.0000,0.0000,1,0,0,0,0,6,0,0,0,0
zc,TA303,2012-06-04 09:06:23.427,7450.0000,18,0,0.0000,0.0000,0,0,多换,B,7328.0000,0.0000,0.0000,0.0000,0.0000,7412.0000,0.0000,0.0000,0.0000,0.0000,1,0,0,0,0,1,0,0,0,0
zc,TA303,2012-06-04 09:06:24.677,7450.0000,18,0,0.0000,0.0000,0,0,多换,B,7330.0000,0.0000,0.0000,0.0000,0.0000,7412.0000,0.0000,0.0000,0.0000,0.0000,1,0,0,0,0,1,0,0,0,0
zc,TA303,2012-06-04 09:06:25.190,7450.0000,18,0,0.0000,0.0000,0,0,多换,B,7336.0000,0.0000,0.0000,0.0000,0.0000,7418.0000,0.0000,0.0000,0.0000,0.0000,1,0,0,0,0,1,0,0,0,0
zc,TA303,2012-06-04 09:06:26.003,7450.0000,18,0,0.0000,0.0000,0,0,多换,B,7336.0000,0.0000,0.0000,0.0000,0.0000,7416.0000,0.0000,0.0000,0.0000,0.0000,1,0,0,0,0,1,0,0,0,0
zc,TA303,2012-06-04 09:06:27.223,7450.0000,18,0,0.0000,0.0000,0,0,多换,B,7336.0000,0.0000,0.0000,0.0000,0.0000,7432.0000,0.0000,0.0000,0.0000,0.0000,1,0,0,0,0,1,0,0,0,0
zc,TA303,2012-06-04 09:06:27.707,7450.0000,18,0,0.0000,0.0000,0,0,多换,B,7338.0000,0.0000,0.0000,0.0000,0.0000,7432.0000,0.0000,0.0000,0.0000,0.0000,1,0,0,0,0,1,0,0,0,0
zc,TA303,2012-06-04 09:06:28.487,7450.0000,18,0,0.0000,0.0000,0,0,多换,B,7340.0000,0.0000,0.0000,0.0000,0.0000,7420.0000,0.0000,0.0000,0.0000,0.0000,1,0,0,0,0,1,0,0,0,0
zc,TA303,2012-06-04 09:06:29.723,7450.0000,18,0,0.0000,0.0000,0,0,多换,B,7344.0000,0.0000,0.0000,0.0000,0.0000,7430.0000,0.0000,0.0000,0.0000,0.0000,1,0,0,0,0,6,0,0,0,0
zc,TA303,2012-06-04 09:06:33.223,7450.0000,18,0,0.0000,0.0000,0,0,多换,B,7346.0000,0.0000,0.0000,0.0000,0.0000,7430.0000,0.0000,0.0000,0.0000,0.0000,1,0,0,0,0,6,0,0,0,0
zc,TA303,2012-06-04 09:06:33.723,7450.0000,18,0,0.0000,0.0000,0,0,多换,B,7352.0000,0.0000,0.0000,0.0000,0.0000,7430.0000,0.0000,0.0000,0.0000,0.0000,1,0,0,0,0,6,0,0,0,0
zc,TA303,2012-06-04 09:06:34.177,7450.0000,18,0,0.0000,0.0000,0,0,多换,B,7350.0000,0.0000,0.0000,0.0000,0.0000,7430.0000,0.0000,0.0000,0.0000,0.0000,1,0,0,0,0,6,0,0,0,0
zc,TA303,2012-06-04 09:06:34.973,7450.0000,18,0,0.0000,0.0000,0,0,多换,B,7346.0000,0.0000,0.0000,0.0000,0.0000,7432.0000,0.0000,0.0000,0.0000,0.0000,1,0,0,0,0,1,0,0,0,0
zc,TA303,2012-06-04 09:06:35.440,7450.0000,18,0,0.0000,0.0000,0,0,多换,B,7346.0000,0.0000,0.0000,0.0000,0.0000,7426.0000,0.0000,0.0000,0.0000,0.0000,1,0,0,0,0,1,0,0,0,0
zc,TA303,2012-06-04 09:06:39.457,7450.0000,18,0,0.0000,0.0000,0,0,多换,B,7344.0000,0.0000,0.0000,0.0000,0.0000,7426.0000,0.0000,0.0000,0.0000,0.0000,1,0,0,0,0,1,0,0,0,0
zc,TA303,2012-06-04 09:06:44.973,7450.0000,18,0,0.0000,0.0000,0,0,多换,B,7340.0000,0.0000,0.0000,0.0000,0.0000,7422.0000,0.0000,0.0000,0.0000,0.0000,1,0,0,0,0,1,0,0,0,0
zc,TA303,2012-06-04 09:06:46.677,7450.0000,18,0,0.0000,0.0000,0,0,多换,B,7342.0000,0.0000,0.0000,0.0000,0.0000,7422.0000,0.0000,0.0000,0.0000,0.0000,1,0,0,0,0,1,0,0,0,0
zc,TA303,2012-06-04 09:06:47.190,7450.0000,18,0,0.0000,0.0000,0,0,多换,B,7340.0000,0.0000,0.0000,0.0000,0.0000,7422.0000,0.0000,0.0000,0.0000,0.0000,1,0,0,0,0,1,0,0,0,0
zc,TA303,2012-06-04 09:06:48.003,7450.0000,18,0,0.0000,0.0000,0,0,多换,B,7340.0000,0.0000,0.0000,0.0000,0.0000,7420.0000,0.0000,0.0000,0.0000,0.0000,1,0,0,0,0,1,0,0,0,0
zc,TA303,2012-06-04 09:06:49.457,7450.0000,18,0,0.0000,0.0000,0,0,多换,B,7336.0000,0.0000,0.0000,0.0000,0.0000,7420.0000,0.0000,0.0000,0.0000,0.0000,1,0,0,0,0,1,0,0,0,0
zc,TA303,2012-06-04 09:06:53.677,7450.0000,18,0,0.0000,0.0000,0,0,多换,B,7342.0000,0.0000,0.0000,0.0000,0.0000,7420.0000,0.0000,0.0000,0.0000,0.0000,1,0,0,0,0,1,0,0,0,0
zc,TA303,2012-06-04 09:06:55.723,7450.0000,18,0,0.0000,0.0000,0,0,多换,B,7344.0000,0.0000,0.0000,0.0000,0.0000,7422.0000,0.0000,0.0000,0.0000,0.0000,1,0,0,0,0,1,0,0,0,0
zc,TA303,2012-06-04 09:07:02.723,7450.0000,18,0,0.0000,0.0000,0,0,多换,B,7344.0000,0.0000,0.0000,0.0000,0.0000,7424.0000,0.0000,0.0000,0.0000,0.0000,1,0,0,0,0,1,0,0,0,0
zc,TA303,2012-06-04 09:07:03.440,7450.0000,18,0,0.0000,0.0000,0,0,多换,B,7346.0000,0.0000,0.0000,0.0000,0.0000,7424.0000,0.0000,0.0000,0.0000,0.0000,1,0,0,0,0,1,0,0,0,0
zc,TA303,2012-06-04 09:07:03.957,7450.0000,18,0,0.0000,0.0000,0,0,多换,B,7344.0000,0.0000,0.0000,0.0000,0.0000,7422.0000,0.0000,0.0000,0.0000,0.0000,1,0,0,0,0,1,0,0,0,0
zc,TA303,2012-06-04 09:07:04.723,7450.0000,18,0,0.0000,0.0000,0,0,多换,B,7344.0000,0.0000,0.0000,0.0000,0.0000,7430.0000,0.0000,0.0000,0.0000,0.0000,1,0,0,0,0,1,0,0,0,0
zc,TA303,2012-06-04 09:07:05.207,7450.0000,18,0,0.0000,0.0000,0,0,多换,B,7346.0000,0.0000,0.0000,0.0000,0.0000,7432.0000,0.0000,0.0000,0.0000,0.0000,1,0,0,0,0,1,0,0,0,0
zc,TA303,2012-06-04 09:07:07.223,7450.0000,18,0,0.0000,0.0000,0,0,多换,B,7338.0000,0.0000,0.0000,0.0000,0.0000,7418.0000,0.0000,0.0000,0.0000,0.0000,1,0,0,0,0,1,0,0,0,0
zc,TA303,2012-06-04 09:07:08.457,7450.0000,18,0,0.0000,0.0000,0,0,多换,B,7342.0000,0.0000,0.0000,0.0000,0.0000,7426.0000,0.0000,0.0000,0.0000,0.0000,1,0,0,0,0,1,0,0,0,0
zc,TA303,2012-06-04 09:07:09.237,7450.0000,18,0,0.0000,0.0000,0,0,多换,B,7342.0000,0.0000,0.0000,0.0000,0.0000,7422.0000,0.0000,0.0000,0.0000,0.0000,1,0,0,0,0,1,0,0,0,0
zc,TA303,2012-06-04 09:07:10.473,7450.0000,18,0,0.0000,0.0000,0,0,多换,B,7346.0000,0.0000,0.0000,0.0000,0.0000,7426.0000,0.0000,0.0000,0.0000,0.0000,1,0,0,0,0,1,0,0,0,0
zc,TA303,2012-06-04 09:07:17.003,7450.0000,18,0,0.0000,0.0000,0,0,多换,B,7346.0000,0.0000,0.0000,0.0000,0.0000,7428.0000,0.0000,0.0000,0.0000,0.0000,1,0,0,0,0,1,0,0,0,0
zc,TA303,2012-06-04 09:07:18.177,7450.0000,18,0,0.0000,0.0000,0,0,多换,B,7350.0000,0.0000,0.0000,0.0000,0.0000,7428.0000,0.0000,0.0000,0.0000,0.0000,1,0,0,0,0,1,0,0,0,0
zc,TA303,2012-06-04 09:07:19.160,7450.0000,18,0,0.0000,0.0000,0,0,多换,B,7352.0000,0.0000,0.0000,0.0000,0.0000,7430.0000,0.0000,0.0000,0.0000,0.0000,1,0,0,0,0,1,0,0,0,0
zc,TA303,2012-06-04 09:07:20.410,7450.0000,18,0,0.0000,0.0000,0,0,多换,B,7354.0000,0.0000,0.0000,0.0000,0.0000,7430.0000,0.0000,0.0000,0.0000,0.0000,3,0,0,0,0,1,0,0,0,0
zc,TA303,2012-06-04 09:07:22.473,7450.0000,18,0,0.0000,0.0000,0,0,多换,B,7354.0000,0.0000,0.0000,0.0000,0.0000,7432.0000,0.0000,0.0000,0.0000,0.0000,3,0,0,0,0,1,0,0,0,0
zc,TA303,2012-06-04 09:07:22.643,7450.0000,18,0,0.0000,0.0000,0,0,多换,B,7354.0000,0.0000,0.0000,0.0000,0.0000,7432.0000,0.0000,0.0000,0.0000,0.0000,4,0,0,0,0,1,0,0,0,0
zc,TA303,2012-06-04 09:07:25.473,7450.0000,18,0,0.0000,0.0000,0,0,多换,B,7356.0000,0.0000,0.0000,0.0000,0.0000,7436.0000,0.0000,0.0000,0.0000,0.0000,1,0,0,0,0,1,0,0,0,0
zc,TA303,2012-06-04 09:07:26.427,7450.0000,18,0,0.0000,0.0000,0,0,多换,B,7354.0000,0.0000,0.0000,0.0000,0.0000,7432.0000,0.0000,0.0000,0.0000,0.0000,4,0,0,0,0,1,0,0,0,0
zc,TA303,2012-06-04 09:07:27.177,7450.0000,18,0,0.0000,0.0000,0,0,多换,B,7356.0000,0.0000,0.0000,0.0000,0.0000,7434.0000,0.0000,0.0000,0.0000,0.0000,1,0,0,0,0,1,0,0,0,0
zc,TA303,2012-06-04 09:07:30.707,7450.0000,18,0,0.0000,0.0000,0,0,多换,B,7358.0000,0.0000,0.0000,0.0000,0.0000,7436.0000,0.0000,0.0000,0.0000,0.0000,1,0,0,0,0,1,0,0,0,0
zc,TA303,2012-06-04 09:07:31.473,7450.0000,18,0,0.0000,0.0000,0,0,多换,B,7356.0000,0.0000,0.0000,0.0000,0.0000,7436.0000,0.0000,0.0000,0.0000,0.0000,1,0,0,0,0,1,0,0,0,0
zc,TA303,2012-06-04 09:07:33.160,7450.0000,18,0,0.0000,0.0000,0,0,多换,B,7356.0000,0.0000,0.0000,0.0000,0.0000,7438.0000,0.0000,0.0000,0.0000,0.0000,1,0,0,0,0,1,0,0,0,0
zc,TA303,2012-06-04 09:07:33.690,7450.0000,18,0,0.0000,0.0000,0,0,多换,B,7356.0000,0.0000,0.0000,0.0000,0.0000,7436.0000,0.0000,0.0000,0.0000,0.0000,1,0,0,0,0,1,0,0,0,0
zc,TA303,2012-06-04 09:07:34.253,7450.0000,18,0,0.0000,0.0000,0,0,多换,B,7358.0000,0.0000,0.0000,0.0000,0.0000,7438.0000,0.0000,0.0000,0.0000,0.0000,1,0,0,0,0,1,0,0,0,0
zc,TA303,2012-06-04 09:07:35.457,7450.0000,18,0,0.0000,0.0000,0,0,多换,B,7358.0000,0.0000,0.0000,0.0000,0.0000,7442.0000,0.0000,0.0000,0.0000,0.0000,1,0,0,0,0,1,0,0,0,0
zc,TA303,2012-06-04 09:07:37.190,7450.0000,18,0,0.0000,0.0000,0,0,多换,B,7358.0000,0.0000,0.0000,0.0000,0.0000,7436.0000,0.0000,0.0000,0.0000,0.0000,1,0,0,0,0,1,0,0,0,0
zc,TA303,2012-06-04 09:07:37.723,7450.0000,18,0,0.0000,0.0000,0,0,多换,B,7362.0000,0.0000,0.0000,0.0000,0.0000,7442.0000,0.0000,0.0000,0.0000,0.0000,1,0,0,0,0,1,0,0,0,0
zc,TA303,2012-06-04 09:07:38.957,7450.0000,18,0,0.0000,0.0000,0,0,多换,B,7358.0000,0.0000,0.0000,0.0000,0.0000,7444.0000,0.0000,0.0000,0.0000,0.0000,1,0,0,0,0,1,0,0,0,0
zc,TA303,2012-06-04 09:07:39.410,7450.0000,18,0,0.0000,0.0000,0,0,多换,B,7360.0000,0.0000,0.0000,0.0000,0.0000,7444.0000,0.0000,0.0000,0.0000,0.0000,1,0,0,0,0,1,0,0,0,0
zc,TA303,2012-06-04 09:07:41.427,7450.0000,18,0,0.0000,0.0000,0,0,多换,B,7360.0000,0.0000,0.0000,0.0000,0.0000,7438.0000,0.0000,0.0000,0.0000,0.0000,1,0,0,0,0,1,0,0,0,0
zc,TA303,2012-06-04 09:07:43.160,7450.0000,18,0,0.0000,0.0000,0,0,多换,B,7360.0000,0.0000,0.0000,0.0000,0.0000,7444.0000,0.0000,0.0000,0.0000,0.0000,1,0,0,0,0,1,0,0,0,0
zc,TA303,2012-06-04 09:07:44.457,7450.0000,18,0,0.0000,0.0000,0,0,多换,B,7360.0000,0.0000,0.0000,0.0000,0.0000,7438.0000,0.0000,0.0000,0.0000,0.0000,1,0,0,0,0,1,0,0,0,0
zc,TA303,2012-06-04 09:07:45.020,7450.0000,18,0,0.0000,0.0000,0,0,多换,B,7360.0000,0.0000,0.0000,0.0000,0.0000,7444.0000,0.0000,0.0000,0.0000,0.0000,1,0,0,0,0,1,0,0,0,0
zc,TA303,2012-06-04 09:07:45.457,7450.0000,18,0,0.0000,0.0000,0,0,多换,B,7362.0000,0.0000,0.0000,0.0000,0.0000,7442.0000,0.0000,0.0000,0.0000,0.0000,1,0,0,0,0,1,0,0,0,0
zc,TA303,2012-06-04 09:07:46.473,7450.0000,18,0,0.0000,0.0000,0,0,多换,B,7360.0000,0.0000,0.0000,0.0000,0.0000,7438.0000,0.0000,0.0000,0.0000,0.0000,1,0,0,0,0,1,0,0,0,0
zc,TA303,2012-06-04 09:07:47.690,7450.0000,18,0,0.0000,0.0000,0,0,多换,B,7358.0000,0.0000,0.0000,0.0000,0.0000,7438.0000,0.0000,0.0000,0.0000,0.0000,1,0,0,0,0,1,0,0,0,0
zc,TA303,2012-06-04 09:07:48.427,7450.0000,18,0,0.0000,0.0000,0,0,多换,B,7360.0000,0.0000,0.0000,0.0000,0.0000,7438.0000,0.0000,0.0000,0.0000,0.0000,1,0,0,0,0,1,0,0,0,0
zc,TA303,2012-06-04 09:07:49.940,7450.0000,18,0,0.0000,0.0000,0,0,多换,B,7360.0000,0.0000,0.0000,0.0000,0.0000,7442.0000,0.0000,0.0000,0.0000,0.0000,1,0,0,0,0,1,0,0,0,0
zc,TA303,2012-06-04 09:07:51.190,7450.0000,18,0,0.0000,0.0000,0,0,多换,B,7362.0000,0.0000,0.0000,0.0000,0.0000,7442.0000,0.0000,0.0000,0.0000,0.0000,1,0,0,0,0,1,0,0,0,0
zc,TA303,2012-06-04 09:07:53.753,7450.0000,18,0,0.0000,0.0000,0,0,多换,B,7358.0000,0.0000,0.0000,0.0000,0.0000,7442.0000,0.0000,0.0000,0.0000,0.0000,1,0,0,0,0,1,0,0,0,0
zc,TA303,2012-06-04 09:07:55.253,7450.0000,18,0,0.0000,0.0000,0,0,多换,B,7358.0000,0.0000,0.0000,0.0000,0.0000,7438.0000,0.0000,0.0000,0.0000,0.0000,1,0,0,0,0,1,0,0,0,0
zc,TA303,2012-06-04 09:07:55.973,7450.0000,18,0,0.0000,0.0000,0,0,多换,B,7358.0000,0.0000,0.0000,0.0000,0.0000,7442.0000,0.0000,0.0000,0.0000,0.0000,1,0,0,0,0,1,0,0,0,0
zc,TA303,2012-06-04 09:07:57.473,7450.0000,18,0,0.0000,0.0000,0,0,多换,B,7358.0000,0.0000,0.0000,0.0000,0.0000,7438.0000,0.0000,0.0000,0.0000,0.0000,1,0,0,0,0,1,0,0,0,0
zc,TA303,2012-06-04 09:08:01.440,7450.0000,18,0,0.0000,0.0000,0,0,多换,B,7358.0000,0.0000,0.0000,0.0000,0.0000,7442.0000,0.0000,0.0000,0.0000,0.0000,1,0,0,0,0,1,0,0,0,0
zc,TA303,2012-06-04 09:08:05.973,7450.0000,18,0,0.0000,0.0000,0,0,多换,B,7360.0000,0.0000,0.0000,0.0000,0.0000,7442.0000,0.0000,0.0000,0.0000,0.0000,1,0,0,0,0,1,0,0,0,0
zc,TA303,2012-06-04 09:08:06.737,7450.0000,18,0,0.0000,0.0000,0,0,多换,B,7358.0000,0.0000,0.0000,0.0000,0.0000,7442.0000,0.0000,0.0000,0.0000,0.0000,1,0,0,0,0,1,0,0,0,0
zc,TA303,2012-06-04 09:08:07.190,7450.0000,18,0,0.0000,0.0000,0,0,多换,B,7358.0000,0.0000,0.0000,0.0000,0.0000,7440.0000,0.0000,0.0000,0.0000,0.0000,1,0,0,0,0,1,0,0,0,0
zc,TA303,2012-06-04 09:08:07.737,7450.0000,18,0,0.0000,0.0000,0,0,多换,B,7356.0000,0.0000,0.0000,0.0000,0.0000,7440.0000,0.0000,0.0000,0.0000,0.0000,1,0,0,0,0,1,0,0,0,0
zc,TA303,2012-06-04 09:08:08.473,7450.0000,18,0,0.0000,0.0000,0,0,多换,B,7352.0000,0.0000,0.0000,0.0000,0.0000,7440.0000,0.0000,0.0000,0.0000,0.0000,1,0,0,0,0,1,0,0,0,0
zc,TA303,2012-06-04 09:08:11.707,7450.0000,18,0,0.0000,0.0000,0,0,多换,B,7352.0000,0.0000,0.0000,0.0000,0.0000,7436.0000,0.0000,0.0000,0.0000,0.0000,1,0,0,0,0,1,0,0,0,0
zc,TA303,2012-06-04 09:08:14.457,7450.0000,18,0,0.0000,0.0000,0,0,多换,B,7354.0000,0.0000,0.0000,0.0000,0.0000,7436.0000,0.0000,0.0000,0.0000,0.0000,1,0,0,0,0,1,0,0,0,0
zc,TA303,2012-06-04 09:08:17.440,7450.0000,18,0,0.0000,0.0000,0,0,多换,B,7350.0000,0.0000,0.0000,0.0000,0.0000,7432.0000,0.0000,0.0000,0.0000,0.0000,1,0,0,0,0,1,0,0,0,0
zc,TA303,2012-06-04 09:08:17.957,7450.0000,18,0,0.0000,0.0000,0,0,多换,B,7352.0000,0.0000,0.0000,0.0000,0.0000,7432.0000,0.0000,0.0000,0.0000,0.0000,1,0,0,0,0,1,0,0,0,0
zc,TA303,2012-06-04 09:08:18.660,7450.0000,18,0,0.0000,0.0000,0,0,多换,B,7350.0000,0.0000,0.0000,0.0000,0.0000,7432.0000,0.0000,0.0000,0.0000,0.0000,1,0,0,0,0,1,0,0,0,0
zc,TA303,2012-06-04 09:08:19.177,7450.0000,18,0,0.0000,0.0000,0,0,多换,B,7350.0000,0.0000,0.0000,0.0000,0.0000,7428.0000,0.0000,0.0000,0.0000,0.0000,1,0,0,0,0,1,0,0,0,0
zc,TA303,2012-06-04 09:08:21.190,7450.0000,18,0,0.0000,0.0000,0,0,多换,B,7346.0000,0.0000,0.0000,0.0000,0.0000,7428.0000,0.0000,0.0000,0.0000,0.0000,1,0,0,0,0,1,0,0,0,0
zc,TA303,2012-06-04 09:08:22.723,7450.0000,18,0,0.0000,0.0000,0,0,多换,B,7342.0000,0.0000,0.0000,0.0000,0.0000,7426.0000,0.0000,0.0000,0.0000,0.0000,1,0,0,0,0,1,0,0,0,0
zc,TA303,2012-06-04 09:08:23.427,7450.0000,18,0,0.0000,0.0000,0,0,多换,B,7342.0000,0.0000,0.0000,0.0000,0.0000,7422.0000,0.0000,0.0000,0.0000,0.0000,1,0,0,0,0,1,0,0,0,0
zc,TA303,2012-06-04 09:08:24.707,7450.0000,18,0,0.0000,0.0000,0,0,多换,B,7342.0000,0.0000,0.0000,0.0000,0.0000,7426.0000,0.0000,0.0000,0.0000,0.0000,1,0,0,0,0,1,0,0,0,0
zc,TA303,2012-06-04 09:08:25.177,7450.0000,18,0,0.0000,0.0000,0,0,多换,B,7344.0000,0.0000,0.0000,0.0000,0.0000,7426.0000,0.0000,0.0000,0.0000,0.0000,1,0,0,0,0,1,0,0,0,0
zc,TA303,2012-06-04 09:08:25.690,7450.0000,18,0,0.0000,0.0000,0,0,多换,B,7342.0000,0.0000,0.0000,0.0000,0.0000,7426.0000,0.0000,0.0000,0.0000,0.0000,1,0,0,0,0,1,0,0,0,0
zc,TA303,2012-06-04 09:08:28.690,7450.0000,18,0,0.0000,0.0000,0,0,多换,B,7344.0000,0.0000,0.0000,0.0000,0.0000,7426.0000,0.0000,0.0000,0.0000,0.0000,1,0,0,0,0,1,0,0,0,0
zc,TA303,2012-06-04 09:08:29.973,7450.0000,18,0,0.0000,0.0000,0,0,多换,B,7342.0000,0.0000,0.0000,0.0000,0.0000,7426.0000,0.0000,0.0000,0.0000,0.0000,1,0,0,0,0,1,0,0,0,0
zc,TA303,2012-06-04 09:08:30.707,7450.0000,18,0,0.0000,0.0000,0,0,多换,B,7344.0000,0.0000,0.0000,0.0000,0.0000,7426.0000,0.0000,0.0000,0.0000,0.0000,1,0,0,0,0,1,0,0,0,0
zc,TA303,2012-06-04 09:08:32.003,7450.0000,18,0,0.0000,0.0000,0,0,多换,B,7342.0000,0.0000,0.0000,0.0000,0.0000,7428.0000,0.0000,0.0000,0.0000,0.0000,1,0,0,0,0,1,0,0,0,0
zc,TA303,2012-06-04 09:08:32.957,7450.0000,18,0,0.0000,0.0000,0,0,多换,B,7346.0000,0.0000,0.0000,0.0000,0.0000,7428.0000,0.0000,0.0000,0.0000,0.0000,1,0,0,0,0,1,0,0,0,0
zc,TA303,2012-06-04 09:08:33.427,7450.0000,18,0,0.0000,0.0000,0,0,多换,B,7348.0000,0.0000,0.0000,0.0000,0.0000,7428.0000,0.0000,0.0000,0.0000,0.0000,1,0,0,0,0,1,0,0,0,0
zc,TA303,2012-06-04 09:08:34.190,7450.0000,18,0,0.0000,0.0000,0,0,多换,B,7346.0000,0.0000,0.0000,0.0000,0.0000,7424.0000,0.0000,0.0000,0.0000,0.0000,1,0,0,0,0,1,0,0,0,0
zc,TA303,2012-06-04 09:08:36.457,7450.0000,18,0,0.0000,0.0000,0,0,多换,B,7342.0000,0.0000,0.0000,0.0000,0.0000,7426.0000,0.0000,0.0000,0.0000,0.0000,1,0,0,0,0,1,0,0,0,0
zc,TA303,2012-06-04 09:08:37.223,7450.0000,18,0,0.0000,0.0000,0,0,多换,B,7342.0000,0.0000,0.0000,0.0000,0.0000,7424.0000,0.0000,0.0000,0.0000,0.0000,1,0,0,0,0,1,0,0,0,0
zc,TA303,2012-06-04 09:08:37.723,7450.0000,18,0,0.0000,0.0000,0,0,多换,B,7344.0000,0.0000,0.0000,0.0000,0.0000,7424.0000,0.0000,0.0000,0.0000,0.0000,1,0,0,0,0,1,0,0,0,0
zc,TA303,2012-06-04 09:08:38.190,7450.0000,18,0,0.0000,0.0000,0,0,多换,B,7344.0000,0.0000,0.0000,0.0000,0.0000,7426.0000,0.0000,0.0000,0.0000,0.0000,1,0,0,0,0,1,0,0,0,0
zc,TA303,2012-06-04 09:08:42.927,7450.0000,18,0,0.0000,0.0000,0,0,多换,B,7342.0000,0.0000,0.0000,0.0000,0.0000,7420.0000,0.0000,0.0000,0.0000,0.0000,1,0,0,0,0,1,0,0,0,0
zc,TA303,2012-06-04 09:08:43.660,7450.0000,18,0,0.0000,0.0000,0,0,多换,B,7344.0000,0.0000,0.0000,0.0000,0.0000,7426.0000,0.0000,0.0000,0.0000,0.0000,1,0,0,0,0,1,0,0,0,0
zc,TA303,2012-06-04 09:08:44.160,7450.0000,18,0,0.0000,0.0000,0,0,多换,B,7342.0000,0.0000,0.0000,0.0000,0.0000,7426.0000,0.0000,0.0000,0.0000,0.0000,1,0,0,0,0,1,0,0,0,0
zc,TA303,2012-06-04 09:08:45.207,7450.0000,18,0,0.0000,0.0000,0,0,多换,B,7344.0000,0.0000,0.0000,0.0000,0.0000,7426.0000,0.0000,0.0000,0.0000,0.0000,1,0,0,0,0,1,0,0,0,0
zc,TA303,2012-06-04 09:08:45.910,7450.0000,18,0,0.0000,0.0000,0,0,多换,B,7344.0000,0.0000,0.0000,0.0000,0.0000,7424.0000,0.0000,0.0000,0.0000,0.0000,1,0,0,0,0,1,0,0,0,0
zc,TA303,2012-06-04 09:08:46.377,7450.0000,18,0,0.0000,0.0000,0,0,多换,B,7344.0000,0.0000,0.0000,0.0000,0.0000,7424.0000,0.0000,0.0000,0.0000,0.0000,1,0,0,0,0,1,0,0,0,0
zc,TA303,2012-06-04 09:08:47.190,7450.0000,18,0,0.0000,0.0000,0,0,多换,B,7346.0000,0.0000,0.0000,0.0000,0.0000,7424.0000,0.0000,0.0000,0.0000,0.0000,1,0,0,0,0,1,0,0,0,0
zc,TA303,2012-06-04 09:08:48.957,7450.0000,18,0,0.0000,0.0000,0,0,多换,B,7342.0000,0.0000,0.0000,0.0000,0.0000,7420.0000,0.0000,0.0000,0.0000,0.0000,1,0,0,0,0,1,0,0,0,0
zc,TA303,2012-06-04 09:08:51.160,7450.0000,18,0,0.0000,0.0000,0,0,多换,B,7342.0000,0.0000,0.0000,0.0000,0.0000,7424.0000,0.0000,0.0000,0.0000,0.0000,1,0,0,0,0,1,0,0,0,0
zc,TA303,2012-06-04 09:08:52.427,7450.0000,18,0,0.0000,0.0000,0,0,多换,B,7344.0000,0.0000,0.0000,0.0000,0.0000,7424.0000,0.0000,0.0000,0.0000,0.0000,1,0,0,0,0,1,0,0,0,0
zc,TA303,2012-06-04 09:08:53.440,7450.0000,18,0,0.0000,0.0000,0,0,多换,B,7342.0000,0.0000,0.0000,0.0000,0.0000,7424.0000,0.0000,0.0000,0.0000,0.0000,1,0,0,0,0,1,0,0,0,0
zc,TA303,2012-06-04 09:08:54.487,7450.0000,18,0,0.0000,0.0000,0,0,多换,B,7342.0000,0.0000,0.0000,0.0000,0.0000,7426.0000,0.0000,0.0000,0.0000,0.0000,1,0,0,0,0,1,0,0,0,0
zc,TA303,2012-06-04 09:08:55.253,7450.0000,18,0,0.0000,0.0000,0,0,多换,B,7348.0000,0.0000,0.0000,0.0000,0.0000,7426.0000,0.0000,0.0000,0.0000,0.0000,1,0,0,0,0,1,0,0,0,0
zc,TA303,2012-06-04 09:08:55.707,7450.0000,18,0,0.0000,0.0000,0,0,多换,B,7342.0000,0.0000,0.0000,0.0000,0.0000,7420.0000,0.0000,0.0000,0.0000,0.0000,1,0,0,0,0,1,0,0,0,0
zc,TA303,2012-06-04 09:08:58.723,7450.0000,18,0,0.0000,0.0000,0,0,多换,B,7342.0000,0.0000,0.0000,0.0000,0.0000,7422.0000,0.0000,0.0000,0.0000,0.0000,1,0,0,0,0,1,0,0,0,0
zc,TA303,2012-06-04 09:08:59.440,7450.0000,18,0,0.0000,0.0000,0,0,多换,B,7344.0000,0.0000,0.0000,0.0000,0.0000,7422.0000,0.0000,0.0000,0.0000,0.0000,1,0,0,0,0,1,0,0,0,0
zc,TA303,2012-06-04 09:09:02.677,7450.0000,18,0,0.0000,0.0000,0,0,多换,B,7344.0000,0.0000,0.0000,0.0000,0.0000,7424.0000,0.0000,0.0000,0.0000,0.0000,1,0,0,0,0,1,0,0,0,0
zc,TA303,2012-06-04 09:09:03.707,7450.0000,18,0,0.0000,0.0000,0,0,多换,B,7346.0000,0.0000,0.0000,0.0000,0.0000,7426.0000,0.0000,0.0000,0.0000,0.0000,1,0,0,0,0,1,0,0,0,0
zc,TA303,2012-06-04 09:09:05.910,7450.0000,18,0,0.0000,0.0000,0,0,多换,B,7344.0000,0.0000,0.0000,0.0000,0.0000,7426.0000,0.0000,0.0000,0.0000,0.0000,1,0,0,0,0,1,0,0,0,0
zc,TA303,2012-06-04 09:09:07.660,7450.0000,18,0,0.0000,0.0000,0,0,多换,B,7344.0000,0.0000,0.0000,0.0000,0.0000,7422.0000,0.0000,0.0000,0.0000,0.0000,1,0,0,0,0,1,0,0,0,0
zc,TA303,2012-06-04 09:09:09.440,7450.0000,18,0,0.0000,0.0000,0,0,多换,B,7344.0000,0.0000,0.0000,0.0000,0.0000,7426.0000,0.0000,0.0000,0.0000,0.0000,1,0,0,0,0,1,0,0,0,0
zc,TA303,2012-06-04 09:09:10.690,7450.0000,18,0,0.0000,0.0000,0,0,多换,B,7346.0000,0.0000,0.0000,0.0000,0.0000,7424.0000,0.0000,0.0000,0.0000,0.0000,1,0,0,0,0,1,0,0,0,0
zc,TA303,2012-06-04 09:09:11.177,7450.0000,18,0,0.0000,0.0000,0,0,多换,B,7344.0000,0.0000,0.0000,0.0000,0.0000,7424.0000,0.0000,0.0000,0.0000,0.0000,1,0,0,0,0,1,0,0,0,0
zc,TA303,2012-06-04 09:09:11.677,7450.0000,18,0,0.0000,0.0000,0,0,多换,B,7344.0000,0.0000,0.0000,0.0000,0.0000,7422.0000,0.0000,0.0000,0.0000,0.0000,1,0,0,0,0,1,0,0,0,0
zc,TA303,2012-06-04 09:09:12.410,7450.0000,18,0,0.0000,0.0000,0,0,多换,B,7344.0000,0.0000,0.0000,0.0000,0.0000,7424.0000,0.0000,0.0000,0.0000,0.0000,1,0,0,0,0,1,0,0,0,0
zc,TA303,2012-06-04 09:09:13.927,7450.0000,18,0,0.0000,0.0000,0,0,多换,B,7344.0000,0.0000,0.0000,0.0000,0.0000,7426.0000,0.0000,0.0000,0.0000,0.0000,1,0,0,0,0,1,0,0,0,0
zc,TA303,2012-06-04 09:09:14.393,7450.0000,18,0,0.0000,0.0000,0,0,多换,B,7344.0000,0.0000,0.0000,0.0000,0.0000,7420.0000,0.0000,0.0000,0.0000,0.0000,1,0,0,0,0,1,0,0,0,0
zc,TA303,2012-06-04 09:09:15.223,7450.0000,18,0,0.0000,0.0000,0,0,多换,B,7348.0000,0.0000,0.0000,0.0000,0.0000,7420.0000,0.0000,0.0000,0.0000,0.0000,1,0,0,0,0,1,0,0,0,0
zc,TA303,2012-06-04 09:09:16.910,7450.0000,18,0,0.0000,0.0000,0,0,多换,B,7346.0000,0.0000,0.0000,0.0000,0.0000,7420.0000,0.0000,0.0000,0.0000,0.0000,1,0,0,0,0,1,0,0,0,0
zc,TA303,2012-06-04 09:09:18.677,7450.0000,18,0,0.0000,0.0000,0,0,多换,B,7342.0000,0.0000,0.0000,0.0000,0.0000,7420.0000,0.0000,0.0000,0.0000,0.0000,1,0,0,0,0,1,0,0,0,0
zc,TA303,2012-06-04 09:09:24.410,7450.0000,18,0,0.0000,0.0000,0,0,多换,B,7344.0000,0.0000,0.0000,0.0000,0.0000,7420.0000,0.0000,0.0000,0.0000,0.0000,1,0,0,0,0,1,0,0,0,0
zc,TA303,2012-06-04 09:09:25.677,7450.0000,18,0,0.0000,0.0000,0,0,多换,B,7348.0000,0.0000,0.0000,0.0000,0.0000,7420.0000,0.0000,0.0000,0.0000,0.0000,1,0,0,0,0,1,0,0,0,0
zc,TA303,2012-06-04 09:09:28.457,7450.0000,18,0,0.0000,0.0000,0,0,多换,B,7346.0000,0.0000,0.0000,0.0000,0.0000,7420.0000,0.0000,0.0000,0.0000,0.0000,1,0,0,0,0,1,0,0,0,0
zc,TA303,2012-06-04 09:09:35.190,7450.0000,18,0,0.0000,0.0000,0,0,多换,B,7348.0000,0.0000,0.0000,0.0000,0.0000,7420.0000,0.0000,0.0000,0.0000,0.0000,1,0,0,0,0,1,0,0,0,0
zc,TA303,2012-06-04 09:09:38.207,7450.0000,18,0,0.0000,0.0000,0,0,多换,B,7344.0000,0.0000,0.0000,0.0000,0.0000,7420.0000,0.0000,0.0000,0.0000,0.0000,1,0,0,0,0,1,0,0,0,0
zc,TA303,2012-06-04 09:09:40.223,7450.0000,18,0,0.0000,0.0000,0,0,多换,B,7346.0000,0.0000,0.0000,0.0000,0.0000,7420.0000,0.0000,0.0000,0.0000,0.0000,1,0,0,0,0,1,0,0,0,0
zc,TA303,2012-06-04 09:09:43.440,7450.0000,18,0,0.0000,0.0000,0,0,多换,B,7344.0000,0.0000,0.0000,0.0000,0.0000,7420.0000,0.0000,0.0000,0.0000,0.0000,1,0,0,0,0,1,0,0,0,0
zc,TA303,2012-06-04 09:09:43.957,7450.0000,18,0,0.0000,0.0000,0,0,多换,B,7346.0000,0.0000,0.0000,0.0000,0.0000,7420.0000,0.0000,0.0000,0.0000,0.0000,1,0,0,0,0,1,0,0,0,0
zc,TA303,2012-06-04 09:09:45.190,7450.0000,18,0,0.0000,0.0000,0,0,多换,B,7342.0000,0.0000,0.0000,0.0000,0.0000,7420.0000,0.0000,0.0000,0.0000,0.0000,1,0,0,0,0,1,0,0,0,0
zc,TA303,2012-06-04 09:09:45.677,7450.0000,18,0,0.0000,0.0000,0,0,多换,B,7346.0000,0.0000,0.0000,0.0000,0.0000,7420.0000,0.0000,0.0000,0.0000,0.0000,1,0,0,0,0,1,0,0,0,0
zc,TA303,2012-06-04 09:09:51.427,7450.0000,18,0,0.0000,0.0000,0,0,多换,B,7348.0000,0.0000,0.0000,0.0000,0.0000,7420.0000,0.0000,0.0000,0.0000,0.0000,1,0,0,0,0,1,0,0,0,0
zc,TA303,2012-06-04 09:10:05.927,7450.0000,18,0,0.0000,0.0000,0,0,多换,B,7346.0000,0.0000,0.0000,0.0000,0.0000,7420.0000,0.0000,0.0000,0.0000,0.0000,1,0,0,0,0,1,0,0,0,0
zc,TA303,2012-06-04 09:10:11.457,7450.0000,18,0,0.0000,0.0000,0,0,多换,B,7350.0000,0.0000,0.0000,0.0000,0.0000,7420.0000,0.0000,0.0000,0.0000,0.0000,1,0,0,0,0,1,0,0,0,0
zc,TA303,2012-06-04 09:10:21.940,7450.0000,18,0,0.0000,0.0000,0,0,多换,B,7348.0000,0.0000,0.0000,0.0000,0.0000,7420.0000,0.0000,0.0000,0.0000,0.0000,1,0,0,0,0,1,0,0,0,0
zc,TA303,2012-06-04 09:10:23.723,7450.0000,18,0,0.0000,0.0000,0,0,多换,B,7346.0000,0.0000,0.0000,0.0000,0.0000,7420.0000,0.0000,0.0000,0.0000,0.0000,1,0,0,0,0,1,0,0,0,0
zc,TA303,2012-06-04 09:10:35.723,7450.0000,18,0,0.0000,0.0000,0,0,多换,B,7344.0000,0.0000,0.0000,0.0000,0.0000,7420.0000,0.0000,0.0000,0.0000,0.0000,1,0,0,0,0,1,0,0,0,0
zc,TA303,2012-06-04 09:10:38.020,7450.0000,18,0,0.0000,0.0000,0,0,多换,B,7342.0000,0.0000,0.0000,0.0000,0.0000,7420.0000,0.0000,0.0000,0.0000,0.0000,1,0,0,0,0,1,0,0,0,0
zc,TA303,2012-06-04 09:10:42.473,7450.0000,18,0,0.0000,0.0000,0,0,多换,B,7344.0000,0.0000,0.0000,0.0000,0.0000,7420.0000,0.0000,0.0000,0.0000,0.0000,1,0,0,0,0,1,0,0,0,0
zc,TA303,2012-06-04 09:10:43.190,7450.0000,18,0,0.0000,0.0000,0,0,多换,B,7342.0000,0.0000,0.0000,0.0000,0.0000,7420.0000,0.0000,0.0000,0.0000,0.0000,1,0,0,0,0,1,0,0,0,0
zc,TA303,2012-06-04 09:10:45.410,7450.0000,18,0,0.0000,0.0000,0,0,多换,B,7342.0000,0.0000,0.0000,0.0000,0.0000,7420.0000,0.0000,0.0000,0.0000,0.0000,1,0,0,0,0,2,0,0,0,0
zc,TA303,2012-06-04 09:10:47.190,7450.0000,18,0,0.0000,0.0000,0,0,多换,B,7340.0000,0.0000,0.0000,0.0000,0.0000,7420.0000,0.0000,0.0000,0.0000,0.0000,1,0,0,0,0,2,0,0,0,0
zc,TA303,2012-06-04 09:10:48.533,7450.0000,18,0,0.0000,0.0000,0,0,多换,B,7340.0000,0.0000,0.0000,0.0000,0.0000,7418.0000,0.0000,0.0000,0.0000,0.0000,1,0,0,0,0,1,0,0,0,0
zc,TA303,2012-06-04 09:10:49.160,7450.0000,18,0,0.0000,0.0000,0,0,多换,B,7340.0000,0.0000,0.0000,0.0000,0.0000,7420.0000,0.0000,0.0000,0.0000,0.0000,1,0,0,0,0,2,0,0,0,0
zc,TA303,2012-06-04 09:10:49.770,7450.0000,18,0,0.0000,0.0000,0,0,多换,B,7338.0000,0.0000,0.0000,0.0000,0.0000,7416.0000,0.0000,0.0000,0.0000,0.0000,1,0,0,0,0,1,0,0,0,0
zc,TA303,2012-06-04 09:10:50.503,7450.0000,18,0,0.0000,0.0000,0,0,多换,B,7342.0000,0.0000,0.0000,0.0000,0.0000,7420.0000,0.0000,0.0000,0.0000,0.0000,1,0,0,0,0,2,0,0,0,0
zc,TA303,2012-06-04 09:10:58.503,7450.0000,18,0,0.0000,0.0000,0,0,多换,B,7342.0000,0.0000,0.0000,0.0000,0.0000,7420.0000,0.0000,0.0000,0.0000,0.0000,1,0,0,0,0,1,0,0,0,0
zc,TA303,2012-06-04 09:11:04.487,7450.0000,18,0,0.0000,0.0000,0,0,多换,B,7346.0000,0.0000,0.0000,0.0000,0.0000,7420.0000,0.0000,0.0000,0.0000,0.0000,1,0,0,0,0,1,0,0,0,0
zc,TA303,2012-06-04 09:11:05.223,7450.0000,18,0,0.0000,0.0000,0,0,多换,B,7344.0000,0.0000,0.0000,0.0000,0.0000,7420.0000,0.0000,0.0000,0.0000,0.0000,1,0,0,0,0,1,0,0,0,0
zc,TA303,2012-06-04 09:11:11.987,7450.0000,18,0,0.0000,0.0000,0,0,多换,B,7346.0000,0.0000,0.0000,0.0000,0.0000,7420.0000,0.0000,0.0000,0.0000,0.0000,1,0,0,0,0,1,0,0,0,0
zc,TA303,2012-06-04 09:11:13.207,7450.0000,18,0,0.0000,0.0000,0,0,多换,B,7344.0000,0.0000,0.0000,0.0000,0.0000,7420.0000,0.0000,0.0000,0.0000,0.0000,1,0,0,0,0,1,0,0,0,0
zc,TA303,2012-06-04 09:11:14.973,7450.0000,18,0,0.0000,0.0000,0,0,多换,B,7342.0000,0.0000,0.0000,0.0000,0.0000,7420.0000,0.0000,0.0000,0.0000,0.0000,1,0,0,0,0,1,0,0,0,0
zc,TA303,2012-06-04 09:11:16.190,7450.0000,18,0,0.0000,0.0000,0,0,多换,B,7346.0000,0.0000,0.0000,0.0000,0.0000,7420.0000,0.0000,0.0000,0.0000,0.0000,1,0,0,0,0,1,0,0,0,0
zc,TA303,2012-06-04 09:11:16.973,7450.0000,18,0,0.0000,0.0000,0,0,多换,B,7342.0000,0.0000,0.0000,0.0000,0.0000,7420.0000,0.0000,0.0000,0.0000,0.0000,1,0,0,0,0,1,0,0,0,0
zc,TA303,2012-06-04 09:11:21.223,7450.0000,18,0,0.0000,0.0000,0,0,多换,B,7342.0000,0.0000,0.0000,0.0000,0.0000,7420.0000,0.0000,0.0000,0.0000,0.0000,1,0,0,0,0,2,0,0,0,0
zc,TA303,2012-06-04 09:11:22.440,7450.0000,18,0,0.0000,0.0000,0,0,多换,B,7342.0000,0.0000,0.0000,0.0000,0.0000,7420.0000,0.0000,0.0000,0.0000,0.0000,1,0,0,0,0,1,0,0,0,0
zc,TA303,2012-06-04 09:11:24.177,7450.0000,18,0,0.0000,0.0000,0,0,多换,B,7344.0000,0.0000,0.0000,0.0000,0.0000,7420.0000,0.0000,0.0000,0.0000,0.0000,1,0,0,0,0,1,0,0,0,0
zc,TA303,2012-06-04 09:11:26.737,7450.0000,18,0,0.0000,0.0000,0,0,多换,B,7342.0000,0.0000,0.0000,0.0000,0.0000,7420.0000,0.0000,0.0000,0.0000,0.0000,1,0,0,0,0,2,0,0,0,0
zc,TA303,2012-06-04 09:11:27.177,7450.0000,18,0,0.0000,0.0000,0,0,多换,B,7342.0000,0.0000,0.0000,0.0000,0.0000,7420.0000,0.0000,0.0000,0.0000,0.0000,1,0,0,0,0,1,0,0,0,0
zc,TA303,2012-06-04 09:11:31.677,7450.0000,18,0,0.0000,0.0000,0,0,多换,B,7346.0000,0.0000,0.0000,0.0000,0.0000,7420.0000,0.0000,0.0000,0.0000,0.0000,1,0,0,0,0,1,0,0,0,0
zc,TA303,2012-06-04 09:11:32.690,7450.0000,18,0,0.0000,0.0000,0,0,多换,B,7348.0000,0.0000,0.0000,0.0000,0.0000,7420.0000,0.0000,0.0000,0.0000,0.0000,1,0,0,0,0,1,0,0,0,0
zc,TA303,2012-06-04 09:11:38.690,7450.0000,18,0,0.0000,0.0000,0,0,多换,B,7346.0000,0.0000,0.0000,0.0000,0.0000,7420.0000,0.0000,0.0000,0.0000,0.0000,1,0,0,0,0,1,0,0,0,0
zc,TA303,2012-06-04 09:11:43.440,7450.0000,18,0,0.0000,0.0000,0,0,多换,B,7348.0000,0.0000,0.0000,0.0000,0.0000,7420.0000,0.0000,0.0000,0.0000,0.0000,1,0,0,0,0,1,0,0,0,0
zc,TA303,2012-06-04 09:11:43.973,7450.0000,18,0,0.0000,0.0000,0,0,多换,B,7346.0000,0.0000,0.0000,0.0000,0.0000,7420.0000,0.0000,0.0000,0.0000,0.0000,1,0,0,0,0,1,0,0,0,0
zc,TA303,2012-06-04 09:11:46.347,7450.0000,18,0,0.0000,0.0000,0,0,多换,B,7346.0000,0.0000,0.0000,0.0000,0.0000,7420.0000,0.0000,0.0000,0.0000,0.0000,1,0,0,0,0,1,0,0,0,0
zc,TA303,2012-06-04 09:11:48.927,7450.0000,18,0,0.0000,0.0000,0,0,多换,B,7348.0000,0.0000,0.0000,0.0000,0.0000,7420.0000,0.0000,0.0000,0.0000,0.0000,1,0,0,0,0,1,0,0,0,0
zc,TA303,2012-06-04 09:11:53.207,7450.0000,18,0,0.0000,0.0000,0,0,多换,B,7350.0000,0.0000,0.0000,0.0000,0.0000,7420.0000,0.0000,0.0000,0.0000,0.0000,1,0,0,0,0,1,0,0,0,0
zc,TA303,2012-06-04 09:11:59.223,7450.0000,18,0,0.0000,0.0000,0,0,多换,B,7348.0000,0.0000,0.0000,0.0000,0.0000,7420.0000,0.0000,0.0000,0.0000,0.0000,1,0,0,0,0,1,0,0,0,0
zc,TA303,2012-06-04 09:12:04.927,7450.0000,18,0,0.0000,0.0000,0,0,多换,B,7350.0000,0.0000,0.0000,0.0000,0.0000,7420.0000,0.0000,0.0000,0.0000,0.0000,1,0,0,0,0,1,0,0,0,0
zc,TA303,2012-06-04 09:12:26.160,7450.0000,18,0,0.0000,0.0000,0,0,多换,B,7352.0000,0.0000,0.0000,0.0000,0.0000,7420.0000,0.0000,0.0000,0.0000,0.0000,1,0,0,0,0,1,0,0,0,0
zc,TA303,2012-06-04 09:12:32.473,7450.0000,18,0,0.0000,0.0000,0,0,多换,B,7354.0000,0.0000,0.0000,0.0000,0.0000,7420.0000,0.0000,0.0000,0.0000,0.0000,1,0,0,0,0,1,0,0,0,0
zc,TA303,2012-06-04 09:12:35.940,7450.0000,18,0,0.0000,0.0000,0,0,多换,B,7352.0000,0.0000,0.0000,0.0000,0.0000,7420.0000,0.0000,0.0000,0.0000,0.0000,1,0,0,0,0,1,0,0,0,0
zc,TA303,2012-06-04 09:12:38.473,7450.0000,18,0,0.0000,0.0000,0,0,多换,B,7362.0000,0.0000,0.0000,0.0000,0.0000,7420.0000,0.0000,0.0000,0.0000,0.0000,1,0,0,0,0,1,0,0,0,0
zc,TA303,2012-06-04 09:12:39.723,7450.0000,18,0,0.0000,0.0000,0,0,多换,B,7354.0000,0.0000,0.0000,0.0000,0.0000,7420.0000,0.0000,0.0000,0.0000,0.0000,1,0,0,0,0,1,0,0,0,0
zc,TA303,2012-06-04 09:12:40.723,7450.0000,18,0,0.0000,0.0000,0,0,多换,B,7356.0000,0.0000,0.0000,0.0000,0.0000,7420.0000,0.0000,0.0000,0.0000,0.0000,1,0,0,0,0,1,0,0,0,0
zc,TA303,2012-06-04 09:12:45.177,7450.0000,18,0,0.0000,0.0000,0,0,多换,B,7362.0000,0.0000,0.0000,0.0000,0.0000,7420.0000,0.0000,0.0000,0.0000,0.0000,1,0,0,0,0,1,0,0,0,0
zc,TA303,2012-06-04 09:12:46.533,7450.0000,18,0,0.0000,0.0000,0,0,多换,B,7356.0000,0.0000,0.0000,0.0000,0.0000,7420.0000,0.0000,0.0000,0.0000,0.0000,1,0,0,0,0,1,0,0,0,0
zc,TA303,2012-06-04 09:12:47.690,7450.0000,18,0,0.0000,0.0000,0,0,多换,B,7358.0000,0.0000,0.0000,0.0000,0.0000,7420.0000,0.0000,0.0000,0.0000,0.0000,1,0,0,0,0,1,0,0,0,0
zc,TA303,2012-06-04 09:12:51.677,7450.0000,18,0,0.0000,0.0000,0,0,多换,B,7356.0000,0.0000,0.0000,0.0000,0.0000,7420.0000,0.0000,0.0000,0.0000,0.0000,1,0,0,0,0,1,0,0,0,0
zc,TA303,2012-06-04 09:12:53.910,7450.0000,18,0,0.0000,0.0000,0,0,多换,B,7358.0000,0.0000,0.0000,0.0000,0.0000,7420.0000,0.0000,0.0000,0.0000,0.0000,1,0,0,0,0,1,0,0,0,0
zc,TA303,2012-06-04 09:12:56.893,7450.0000,18,0,0.0000,0.0000,0,0,多换,B,7360.0000,0.0000,0.0000,0.0000,0.0000,7420.0000,0.0000,0.0000,0.0000,0.0000,1,0,0,0,0,1,0,0,0,0
zc,TA303,2012-06-04 09:13:00.707,7450.0000,18,0,0.0000,0.0000,0,0,多换,B,7358.0000,0.0000,0.0000,0.0000,0.0000,7420.0000,0.0000,0.0000,0.0000,0.0000,1,0,0,0,0,1,0,0,0,0
zc,TA303,2012-06-04 09:13:11.457,7450.0000,18,0,0.0000,0.0000,0,0,多换,B,7356.0000,0.0000,0.0000,0.0000,0.0000,7420.0000,0.0000,0.0000,0.0000,0.0000,1,0,0,0,0,1,0,0,0,0
zc,TA303,2012-06-04 09:13:14.223,7450.0000,18,0,0.0000,0.0000,0,0,多换,B,7358.0000,0.0000,0.0000,0.0000,0.0000,7420.0000,0.0000,0.0000,0.0000,0.0000,1,0,0,0,0,1,0,0,0,0
zc,TA303,2012-06-04 09:13:16.910,7450.0000,18,0,0.0000,0.0000,0,0,多换,B,7354.0000,0.0000,0.0000,0.0000,0.0000,7420.0000,0.0000,0.0000,0.0000,0.0000,1,0,0,0,0,1,0,0,0,0
zc,TA303,2012-06-04 09:13:18.143,7450.0000,18,0,0.0000,0.0000,0,0,多换,B,7358.0000,0.0000,0.0000,0.0000,0.0000,7420.0000,0.0000,0.0000,0.0000,0.0000,1,0,0,0,0,1,0,0,0,0
zc,TA303,2012-06-04 09:13:19.457,7450.0000,18,0,0.0000,0.0000,0,0,多换,B,7350.0000,0.0000,0.0000,0.0000,0.0000,7420.0000,0.0000,0.0000,0.0000,0.0000,1,0,0,0,0,1,0,0,0,0
zc,TA303,2012-06-04 09:13:34.113,7450.0000,18,0,0.0000,0.0000,0,0,多换,B,7352.0000,0.0000,0.0000,0.0000,0.0000,7420.0000,0.0000,0.0000,0.0000,0.0000,3,0,0,0,0,1,0,0,0,0
zc,TA303,2012-06-04 09:13:42.113,7450.0000,18,0,0.0000,0.0000,0,0,多换,B,7352.0000,0.0000,0.0000,0.0000,0.0000,7420.0000,0.0000,0.0000,0.0000,0.0000,4,0,0,0,0,1,0,0,0,0
zc,TA303,2012-06-04 09:13:45.487,7450.0000,18,0,0.0000,0.0000,0,0,多换,B,7358.0000,0.0000,0.0000,0.0000,0.0000,7420.0000,0.0000,0.0000,0.0000,0.0000,1,0,0,0,0,1,0,0,0,0
zc,TA303,2012-06-04 09:13:47.723,7450.0000,18,0,0.0000,0.0000,0,0,多换,B,7354.0000,0.0000,0.0000,0.0000,0.0000,7420.0000,0.0000,0.0000,0.0000,0.0000,1,0,0,0,0,1,0,0,0,0
zc,TA303,2012-06-04 09:13:48.723,7450.0000,18,0,0.0000,0.0000,0,0,多换,B,7350.0000,0.0000,0.0000,0.0000,0.0000,7420.0000,0.0000,0.0000,0.0000,0.0000,1,0,0,0,0,1,0,0,0,0
zc,TA303,2012-06-04 09:13:49.393,7450.0000,18,0,0.0000,0.0000,0,0,多换,B,7346.0000,0.0000,0.0000,0.0000,0.0000,7420.0000,0.0000,0.0000,0.0000,0.0000,1,0,0,0,0,1,0,0,0,0
zc,TA303,2012-06-04 09:13:53.440,7450.0000,18,0,0.0000,0.0000,0,0,多换,B,7354.0000,0.0000,0.0000,0.0000,0.0000,7420.0000,0.0000,0.0000,0.0000,0.0000,1,0,0,0,0,1,0,0,0,0
zc,TA303,2012-06-04 09:13:55.927,7450.0000,18,0,0.0000,0.0000,0,0,多换,B,7352.0000,0.0000,0.0000,0.0000,0.0000,7420.0000,0.0000,0.0000,0.0000,0.0000,1,0,0,0,0,1,0,0,0,0
zc,TA303,2012-06-04 09:13:56.910,7450.0000,18,0,0.0000,0.0000,0,0,多换,B,7348.0000,0.0000,0.0000,0.0000,0.0000,7420.0000,0.0000,0.0000,0.0000,0.0000,1,0,0,0,0,1,0,0,0,0
zc,TA303,2012-06-04 09:13:59.957,7450.0000,18,0,0.0000,0.0000,0,0,多换,B,7350.0000,0.0000,0.0000,0.0000,0.0000,7420.0000,0.0000,0.0000,0.0000,0.0000,1,0,0,0,0,1,0,0,0,0
zc,TA303,2012-06-04 09:14:02.677,7450.0000,18,0,0.0000,0.0000,0,0,多换,B,7352.0000,0.0000,0.0000,0.0000,0.0000,7420.0000,0.0000,0.0000,0.0000,0.0000,1,0,0,0,0,1,0,0,0,0
zc,TA303,2012-06-04 09:14:05.160,7450.0000,18,0,0.0000,0.0000,0,0,多换,B,7348.0000,0.0000,0.0000,0.0000,0.0000,7420.0000,0.0000,0.0000,0.0000,0.0000,1,0,0,0,0,1,0,0,0,0
zc,TA303,2012-06-04 09:14:05.660,7450.0000,18,0,0.0000,0.0000,0,0,多换,B,7350.0000,0.0000,0.0000,0.0000,0.0000,7420.0000,0.0000,0.0000,0.0000,0.0000,1,0,0,0,0,1,0,0,0,0
zc,TA303,2012-06-04 09:14:12.440,7450.0000,18,0,0.0000,0.0000,0,0,多换,B,7352.0000,0.0000,0.0000,0.0000,0.0000,7420.0000,0.0000,0.0000,0.0000,0.0000,1,0,0,0,0,1,0,0,0,0
zc,TA303,2012-06-04 09:14:13.160,7450.0000,18,0,0.0000,0.0000,0,0,多换,B,7348.0000,0.0000,0.0000,0.0000,0.0000,7420.0000,0.0000,0.0000,0.0000,0.0000,1,0,0,0,0,1,0,0,0,0
zc,TA303,2012-06-04 09:14:19.427,7450.0000,18,0,0.0000,0.0000,0,0,多换,B,7346.0000,0.0000,0.0000,0.0000,0.0000,7420.0000,0.0000,0.0000,0.0000,0.0000,1,0,0,0,0,1,0,0,0,0
zc,TA303,2012-06-04 09:14:20.893,7450.0000,18,0,0.0000,0.0000,0,0,多换,B,7348.0000,0.0000,0.0000,0.0000,0.0000,7420.0000,0.0000,0.0000,0.0000,0.0000,1,0,0,0,0,1,0,0,0,0
zc,TA303,2012-06-04 09:14:21.690,7450.0000,18,0,0.0000,0.0000,0,0,多换,B,7350.0000,0.0000,0.0000,0.0000,0.0000,7420.0000,0.0000,0.0000,0.0000,0.0000,1,0,0,0,0,1,0,0,0,0
zc,TA303,2012-06-04 09:14:38.957,7450.0000,18,0,0.0000,0.0000,0,0,多换,B,7352.0000,0.0000,0.0000,0.0000,0.0000,7420.0000,0.0000,0.0000,0.0000,0.0000,1,0,0,0,0,1,0,0,0,0
zc,TA303,2012-06-04 09:14:39.457,7450.0000,18,0,0.0000,0.0000,0,0,多换,B,7350.0000,0.0000,0.0000,0.0000,0.0000,7420.0000,0.0000,0.0000,0.0000,0.0000,1,0,0,0,0,1,0,0,0,0
zc,TA303,2012-06-04 09:15:06.957,7450.0000,18,0,0.0000,0.0000,0,0,多换,B,7352.0000,0.0000,0.0000,0.0000,0.0000,7420.0000,0.0000,0.0000,0.0000,0.0000,1,0,0,0,0,1,0,0,0,0
zc,TA303,2012-06-04 09:15:07.690,7450.0000,18,0,0.0000,0.0000,0,0,多换,B,7350.0000,0.0000,0.0000,0.0000,0.0000,7420.0000,0.0000,0.0000,0.0000,0.0000,1,0,0,0,0,1,0,0,0,0
zc,TA303,2012-06-04 09:15:13.393,7450.0000,18,0,0.0000,0.0000,0,0,多换,B,7352.0000,0.0000,0.0000,0.0000,0.0000,7420.0000,0.0000,0.0000,0.0000,0.0000,1,0,0,0,0,1,0,0,0,0
zc,TA303,2012-06-04 09:15:15.177,7450.0000,18,0,0.0000,0.0000,0,0,多换,B,7354.0000,0.0000,0.0000,0.0000,0.0000,7420.0000,0.0000,0.0000,0.0000,0.0000,3,0,0,0,0,1,0,0,0,0
zc,TA303,2012-06-04 09:15:23.627,7450.0000,18,0,0.0000,0.0000,0,0,多换,B,7350.0000,0.0000,0.0000,0.0000,0.0000,7420.0000,0.0000,0.0000,0.0000,0.0000,1,0,0,0,0,1,0,0,0,0
zc,TA303,2012-06-04 09:15:28.660,7450.0000,18,0,0.0000,0.0000,0,0,多换,B,7352.0000,0.0000,0.0000,0.0000,0.0000,7420.0000,0.0000,0.0000,0.0000,0.0000,1,0,0,0,0,1,0,0,0,0
zc,TA303,2012-06-04 09:15:30.707,7450.0000,18,0,0.0000,0.0000,0,0,多换,B,7350.0000,0.0000,0.0000,0.0000,0.0000,7420.0000,0.0000,0.0000,0.0000,0.0000,1,0,0,0,0,1,0,0,0,0
zc,TA303,2012-06-04 09:15:31.927,7450.0000,18,0,0.0000,0.0000,0,0,多换,B,7354.0000,0.0000,0.0000,0.0000,0.0000,7420.0000,0.0000,0.0000,0.0000,0.0000,1,0,0,0,0,1,0,0,0,0
zc,TA303,2012-06-04 09:15:38.143,7450.0000,18,0,0.0000,0.0000,0,0,多换,B,7352.0000,0.0000,0.0000,0.0000,0.0000,7420.0000,0.0000,0.0000,0.0000,0.0000,1,0,0,0,0,1,0,0,0,0
zc,TA303,2012-06-04 09:15:49.893,7450.0000,18,0,0.0000,0.0000,0,0,多换,B,7354.0000,0.0000,0.0000,0.0000,0.0000,7420.0000,0.0000,0.0000,0.0000,0.0000,1,0,0,0,0,1,0,0,0,0
zc,TA303,2012-06-04 09:15:50.410,7450.0000,18,0,0.0000,0.0000,0,0,多换,B,7352.0000,0.0000,0.0000,0.0000,0.0000,7420.0000,0.0000,0.0000,0.0000,0.0000,1,0,0,0,0,1,0,0,0,0
zc,TA303,2012-06-04 09:15:51.427,7450.0000,18,0,0.0000,0.0000,0,0,多换,B,7354.0000,0.0000,0.0000,0.0000,0.0000,7420.0000,0.0000,0.0000,0.0000,0.0000,1,0,0,0,0,1,0,0,0,0
zc,TA303,2012-06-04 09:15:53.723,7450.0000,18,0,0.0000,0.0000,0,0,多换,B,7352.0000,0.0000,0.0000,0.0000,0.0000,7420.0000,0.0000,0.0000,0.0000,0.0000,1,0,0,0,0,1,0,0,0,0
zc,TA303,2012-06-04 09:15:58.677,7450.0000,18,0,0.0000,0.0000,0,0,多换,B,7354.0000,0.0000,0.0000,0.0000,0.0000,7420.0000,0.0000,0.0000,0.0000,0.0000,1,0,0,0,0,1,0,0,0,0
zc,TA303,2012-06-04 09:16:03.927,7450.0000,18,0,0.0000,0.0000,0,0,多换,B,7356.0000,0.0000,0.0000,0.0000,0.0000,7420.0000,0.0000,0.0000,0.0000,0.0000,1,0,0,0,0,1,0,0,0,0
zc,TA303,2012-06-04 09:16:08.910,7450.0000,18,0,0.0000,0.0000,0,0,多换,B,7354.0000,0.0000,0.0000,0.0000,0.0000,7420.0000,0.0000,0.0000,0.0000,0.0000,1,0,0,0,0,1,0,0,0,0
zc,TA303,2012-06-04 09:16:18.627,7450.0000,18,0,0.0000,0.0000,0,0,多换,B,7356.0000,0.0000,0.0000,0.0000,0.0000,7420.0000,0.0000,0.0000,0.0000,0.0000,3,0,0,0,0,1,0,0,0,0
zc,TA303,2012-06-04 09:16:25.410,7450.0000,18,0,0.0000,0.0000,0,0,多换,B,7356.0000,0.0000,0.0000,0.0000,0.0000,7420.0000,0.0000,0.0000,0.0000,0.0000,4,0,0,0,0,1,0,0,0,0
zc,TA303,2012-06-04 09:16:25.877,7450.0000,18,0,0.0000,0.0000,0,0,多换,B,7356.0000,0.0000,0.0000,0.0000,0.0000,7420.0000,0.0000,0.0000,0.0000,0.0000,3,0,0,0,0,1,0,0,0,0
zc,TA303,2012-06-04 09:16:26.627,7450.0000,18,0,0.0000,0.0000,0,0,多换,B,7354.0000,0.0000,0.0000,0.0000,0.0000,7420.0000,0.0000,0.0000,0.0000,0.0000,1,0,0,0,0,1,0,0,0,0
zc,TA303,2012-06-04 09:16:28.927,7450.0000,18,0,0.0000,0.0000,0,0,多换,B,7354.0000,0.0000,0.0000,0.0000,0.0000,7418.0000,0.0000,0.0000,0.0000,0.0000,1,0,0,0,0,2,0,0,0,0
zc,TA303,2012-06-04 09:16:35.643,7450.0000,18,0,0.0000,0.0000,0,0,多换,B,7352.0000,0.0000,0.0000,0.0000,0.0000,7418.0000,0.0000,0.0000,0.0000,0.0000,1,0,0,0,0,2,0,0,0,0
zc,TA303,2012-06-04 09:16:41.393,7450.0000,18,0,0.0000,0.0000,0,0,多换,B,7354.0000,0.0000,0.0000,0.0000,0.0000,7418.0000,0.0000,0.0000,0.0000,0.0000,1,0,0,0,0,2,0,0,0,0
zc,TA303,2012-06-04 09:17:21.973,7450.0000,18,0,0.0000,0.0000,0,0,多换,B,7352.0000,0.0000,0.0000,0.0000,0.0000,7418.0000,0.0000,0.0000,0.0000,0.0000,1,0,0,0,0,2,0,0,0,0
zc,TA303,2012-06-04 09:17:32.160,7450.0000,18,0,0.0000,0.0000,0,0,多换,B,7350.0000,0.0000,0.0000,0.0000,0.0000,7418.0000,0.0000,0.0000,0.0000,0.0000,1,0,0,0,0,2,0,0,0,0
zc,TA303,2012-06-04 09:18:06.143,7450.0000,18,0,0.0000,0.0000,0,0,多换,B,7352.0000,0.0000,0.0000,0.0000,0.0000,7418.0000,0.0000,0.0000,0.0000,0.0000,1,0,0,0,0,2,0,0,0,0
zc,TA303,2012-06-04 09:18:12.927,7450.0000,18,0,0.0000,0.0000,0,0,多换,B,7350.0000,0.0000,0.0000,0.0000,0.0000,7418.0000,0.0000,0.0000,0.0000,0.0000,1,0,0,0,0,2,0,0,0,0
zc,TA303,2012-06-04 09:18:14.643,7450.0000,18,0,0.0000,0.0000,0,0,多换,B,7352.0000,0.0000,0.0000,0.0000,0.0000,7418.0000,0.0000,0.0000,0.0000,0.0000,1,0,0,0,0,2,0,0,0,0
zc,TA303,2012-06-04 09:18:16.160,7450.0000,18,0,0.0000,0.0000,0,0,多换,B,7350.0000,0.0000,0.0000,0.0000,0.0000,7418.0000,0.0000,0.0000,0.0000,0.0000,1,0,0,0,0,2,0,0,0,0
zc,TA303,2012-06-04 09:18:28.677,7450.0000,18,0,0.0000,0.0000,0,0,多换,B,7354.0000,0.0000,0.0000,0.0000,0.0000,7418.0000,0.0000,0.0000,0.0000,0.0000,1,0,0,0,0,2,0,0,0,0
zc,TA303,2012-06-04 09:18:29.190,7450.0000,18,0,0.0000,0.0000,0,0,多换,B,7350.0000,0.0000,0.0000,0.0000,0.0000,7418.0000,0.0000,0.0000,0.0000,0.0000,1,0,0,0,0,2,0,0,0,0
zc,TA303,2012-06-04 09:18:30.363,7450.0000,18,0,0.0000,0.0000,0,0,多换,B,7354.0000,0.0000,0.0000,0.0000,0.0000,7418.0000,0.0000,0.0000,0.0000,0.0000,1,0,0,0,0,2,0,0,0,0
zc,TA303,2012-06-04 09:18:52.427,7450.0000,18,0,0.0000,0.0000,0,0,多换,B,7356.0000,0.0000,0.0000,0.0000,0.0000,7418.0000,0.0000,0.0000,0.0000,0.0000,1,0,0,0,0,2,0,0,0,0
zc,TA303,2012-06-04 09:18:53.393,7450.0000,18,0,0.0000,0.0000,0,0,多换,B,7354.0000,0.0000,0.0000,0.0000,0.0000,7418.0000,0.0000,0.0000,0.0000,0.0000,1,0,0,0,0,2,0,0,0,0
zc,TA303,2012-06-04 09:19:01.957,7450.0000,18,0,0.0000,0.0000,0,0,多换,B,7356.0000,0.0000,0.0000,0.0000,0.0000,7418.0000,0.0000,0.0000,0.0000,0.0000,1,0,0,0,0,2,0,0,0,0
zc,TA303,2012-06-04 09:19:02.643,7450.0000,18,0,0.0000,0.0000,0,0,多换,B,7358.0000,0.0000,0.0000,0.0000,0.0000,7418.0000,0.0000,0.0000,0.0000,0.0000,1,0,0,0,0,2,0,0,0,0
zc,TA303,2012-06-04 09:19:03.190,7450.0000,18,0,0.0000,0.0000,0,0,多换,B,7356.0000,0.0000,0.0000,0.0000,0.0000,7418.0000,0.0000,0.0000,0.0000,0.0000,1,0,0,0,0,2,0,0,0,0
zc,TA303,2012-06-04 09:19:08.690,7450.0000,18,0,0.0000,0.0000,0,0,多换,B,7354.0000,0.0000,0.0000,0.0000,0.0000,7418.0000,0.0000,0.0000,0.0000,0.0000,1,0,0,0,0,2,0,0,0,0
zc,TA303,2012-06-04 09:19:26.677,7450.0000,18,0,0.0000,0.0000,0,0,多换,B,7352.0000,0.0000,0.0000,0.0000,0.0000,7418.0000,0.0000,0.0000,0.0000,0.0000,1,0,0,0,0,2,0,0,0,0
zc,TA303,2012-06-04 09:19:33.677,7450.0000,18,0,0.0000,0.0000,0,0,多换,B,7350.0000,0.0000,0.0000,0.0000,0.0000,7418.0000,0.0000,0.0000,0.0000,0.0000,1,0,0,0,0,2,0,0,0,0
zc,TA303,2012-06-04 09:19:35.910,7450.0000,18,0,0.0000,0.0000,0,0,多换,B,7352.0000,0.0000,0.0000,0.0000,0.0000,7418.0000,0.0000,0.0000,0.0000,0.0000,1,0,0,0,0,2,0,0,0,0
zc,TA303,2012-06-04 09:19:36.377,7450.0000,18,0,0.0000,0.0000,0,0,多换,B,7350.0000,0.0000,0.0000,0.0000,0.0000,7418.0000,0.0000,0.0000,0.0000,0.0000,1,0,0,0,0,2,0,0,0,0
zc,TA303,2012-06-04 09:19:46.487,7450.0000,18,0,0.0000,0.0000,0,0,多换,B,7352.0000,0.0000,0.0000,0.0000,0.0000,7418.0000,0.0000,0.0000,0.0000,0.0000,1,0,0,0,0,2,0,0,0,0
zc,TA303,2012-06-04 09:19:47.690,7450.0000,18,0,0.0000,0.0000,0,0,多换,B,7350.0000,0.0000,0.0000,0.0000,0.0000,7418.0000,0.0000,0.0000,0.0000,0.0000,1,0,0,0,0,2,0,0,0,0
zc,TA303,2012-06-04 09:19:50.893,7450.0000,18,0,0.0000,0.0000,0,0,多换,B,7352.0000,0.0000,0.0000,0.0000,0.0000,7418.0000,0.0000,0.0000,0.0000,0.0000,1,0,0,0,0,2,0,0,0,0
zc,TA303,2012-06-04 09:19:51.377,7450.0000,18,0,0.0000,0.0000,0,0,多换,B,7350.0000,0.0000,0.0000,0.0000,0.0000,7418.0000,0.0000,0.0000,0.0000,0.0000,1,0,0,0,0,2,0,0,0,0
zc,TA303,2012-06-04 09:19:52.863,7450.0000,18,0,0.0000,0.0000,0,0,多换,B,7350.0000,0.0000,0.0000,0.0000,0.0000,7416.0000,0.0000,0.0000,0.0000,0.0000,1,0,0,0,0,1,0,0,0,0
zc,TA303,2012-06-04 09:20:07.393,7450.0000,18,0,0.0000,0.0000,0,0,多换,B,7348.0000,0.0000,0.0000,0.0000,0.0000,7416.0000,0.0000,0.0000,0.0000,0.0000,1,0,0,0,0,1,0,0,0,0
zc,TA303,2012-06-04 09:20:11.910,7450.0000,18,0,0.0000,0.0000,0,0,多换,B,7346.0000,0.0000,0.0000,0.0000,0.0000,7416.0000,0.0000,0.0000,0.0000,0.0000,1,0,0,0,0,1,0,0,0,0
zc,TA303,2012-06-04 09:20:15.427,7450.0000,18,0,0.0000,0.0000,0,0,多换,B,7348.0000,0.0000,0.0000,0.0000,0.0000,7416.0000,0.0000,0.0000,0.0000,0.0000,1,0,0,0,0,1,0,0,0,0
zc,TA303,2012-06-04 09:20:16.737,7450.0000,18,0,0.0000,0.0000,0,0,多换,B,7346.0000,0.0000,0.0000,0.0000,0.0000,7416.0000,0.0000,0.0000,0.0000,0.0000,1,0,0,0,0,1,0,0,0,0
zc,TA303,2012-06-04 09:20:17.690,7450.0000,18,0,0.0000,0.0000,0,0,多换,B,7348.0000,0.0000,0.0000,0.0000,0.0000,7416.0000,0.0000,0.0000,0.0000,0.0000,1,0,0,0,0,1,0,0,0,0
zc,TA303,2012-06-04 09:20:19.877,7450.0000,18,0,0.0000,0.0000,0,0,多换,B,7346.0000,0.0000,0.0000,0.0000,0.0000,7416.0000,0.0000,0.0000,0.0000,0.0000,1,0,0,0,0,1,0,0,0,0
zc,TA303,2012-06-04 09:20:20.660,7450.0000,18,0,0.0000,0.0000,0,0,多换,B,7348.0000,0.0000,0.0000,0.0000,0.0000,7416.0000,0.0000,0.0000,0.0000,0.0000,1,0,0,0,0,1,0,0,0,0
zc,TA303,2012-06-04 09:20:21.910,7450.0000,18,0,0.0000,0.0000,0,0,多换,B,7344.0000,0.0000,0.0000,0.0000,0.0000,7416.0000,0.0000,0.0000,0.0000,0.0000,1,0,0,0,0,1,0,0,0,0
zc,TA303,2012-06-04 09:20:22.177,7450.0000,18,0,0.0000,0.0000,0,0,多换,B,7342.0000,0.0000,0.0000,0.0000,0.0000,7416.0000,0.0000,0.0000,0.0000,0.0000,1,0,0,0,0,1,0,0,0,0
zc,TA303,2012-06-04 09:20:29.003,7450.0000,18,0,0.0000,0.0000,0,0,多换,B,7340.0000,0.0000,0.0000,0.0000,0.0000,7416.0000,0.0000,0.0000,0.0000,0.0000,1,0,0,0,0,1,0,0,0,0
zc,TA303,2012-06-04 09:20:29.707,7450.0000,18,0,0.0000,0.0000,0,0,多换,B,7338.0000,0.0000,0.0000,0.0000,0.0000,7416.0000,0.0000,0.0000,0.0000,0.0000,1,0,0,0,0,2,0,0,0,0
zc,TA303,2012-06-04 09:20:35.940,7450.0000,18,0,0.0000,0.0000,0,0,多换,B,7340.0000,0.0000,0.0000,0.0000,0.0000,7416.0000,0.0000,0.0000,0.0000,0.0000,1,0,0,0,0,1,0,0,0,0
zc,TA303,2012-06-04 09:20:36.457,7450.0000,18,0,0.0000,0.0000,0,0,多换,B,7336.0000,0.0000,0.0000,0.0000,0.0000,7416.0000,0.0000,0.0000,0.0000,0.0000,1,0,0,0,0,1,0,0,0,0
zc,TA303,2012-06-04 09:20:37.143,7450.0000,18,0,0.0000,0.0000,0,0,多换,B,7340.0000,0.0000,0.0000,0.0000,0.0000,7416.0000,0.0000,0.0000,0.0000,0.0000,1,0,0,0,0,1,0,0,0,0
zc,TA303,2012-06-04 09:20:37.627,7450.0000,18,0,0.0000,0.0000,0,0,多换,B,7336.0000,0.0000,0.0000,0.0000,0.0000,7416.0000,0.0000,0.0000,0.0000,0.0000,1,0,0,0,0,1,0,0,0,0
zc,TA303,2012-06-04 09:20:38.143,7450.0000,18,0,0.0000,0.0000,0,0,多换,B,7340.0000,0.0000,0.0000,0.0000,0.0000,7416.0000,0.0000,0.0000,0.0000,0.0000,1,0,0,0,0,1,0,0,0,0
zc,TA303,2012-06-04 09:20:38.893,7450.0000,18,0,0.0000,0.0000,0,0,多换,B,7338.0000,0.0000,0.0000,0.0000,0.0000,7416.0000,0.0000,0.0000,0.0000,0.0000,1,0,0,0,0,1,0,0,0,0
zc,TA303,2012-06-04 09:20:39.393,7450.0000,18,0,0.0000,0.0000,0,0,多换,B,7340.0000,0.0000,0.0000,0.0000,0.0000,7416.0000,0.0000,0.0000,0.0000,0.0000,1,0,0,0,0,1,0,0,0,0
zc,TA303,2012-06-04 09:20:46.927,7450.0000,18,0,0.0000,0.0000,0,0,多换,B,7340.0000,0.0000,0.0000,0.0000,0.0000,7416.0000,0.0000,0.0000,0.0000,0.0000,1,0,0,0,0,1,0,0,0,0
zc,TA303,2012-06-04 09:20:50.940,7450.0000,18,0,0.0000,0.0000,0,0,多换,B,7338.0000,0.0000,0.0000,0.0000,0.0000,7416.0000,0.0000,0.0000,0.0000,0.0000,1,0,0,0,0,1,0,0,0,0
zc,TA303,2012-06-04 09:20:52.677,7450.0000,18,0,0.0000,0.0000,0,0,多换,B,7340.0000,0.0000,0.0000,0.0000,0.0000,7416.0000,0.0000,0.0000,0.0000,0.0000,1,0,0,0,0,1,0,0,0,0
zc,TA303,2012-06-04 09:20:54.643,7450.0000,18,0,0.0000,0.0000,0,0,多换,B,7338.0000,0.0000,0.0000,0.0000,0.0000,7416.0000,0.0000,0.0000,0.0000,0.0000,1,0,0,0,0,2,0,0,0,0
zc,TA303,2012-06-04 09:21:02.143,7450.0000,18,0,0.0000,0.0000,0,0,多换,B,7340.0000,0.0000,0.0000,0.0000,0.0000,7416.0000,0.0000,0.0000,0.0000,0.0000,1,0,0,0,0,1,0,0,0,0
zc,TA303,2012-06-04 09:21:09.427,7450.0000,18,0,0.0000,0.0000,0,0,多换,B,7344.0000,0.0000,0.0000,0.0000,0.0000,7416.0000,0.0000,0.0000,0.0000,0.0000,1,0,0,0,0,1,0,0,0,0
zc,TA303,2012-06-04 09:21:13.427,7450.0000,18,0,0.0000,0.0000,0,0,多换,B,7340.0000,0.0000,0.0000,0.0000,0.0000,7416.0000,0.0000,0.0000,0.0000,0.0000,1,0,0,0,0,1,0,0,0,0
zc,TA303,2012-06-04 09:21:15.940,7450.0000,18,0,0.0000,0.0000,0,0,多换,B,7342.0000,0.0000,0.0000,0.0000,0.0000,7416.0000,0.0000,0.0000,0.0000,0.0000,1,0,0,0,0,1,0,0,0,0
zc,TA303,2012-06-04 09:21:20.393,7450.0000,18,0,0.0000,0.0000,0,0,多换,B,7344.0000,0.0000,0.0000,0.0000,0.0000,7416.0000,0.0000,0.0000,0.0000,0.0000,3,0,0,0,0,1,0,0,0,0
zc,TA303,2012-06-04 09:21:23.160,7450.0000,18,0,0.0000,0.0000,0,0,多换,B,7344.0000,0.0000,0.0000,0.0000,0.0000,7416.0000,0.0000,0.0000,0.0000,0.0000,4,0,0,0,0,1,0,0,0,0
zc,TA303,2012-06-04 09:21:28.893,7450.0000,18,0,0.0000,0.0000,0,0,多换,B,7344.0000,0.0000,0.0000,0.0000,0.0000,7416.0000,0.0000,0.0000,0.0000,0.0000,1,0,0,0,0,1,0,0,0,0
zc,TA303,2012-06-04 09:21:31.177,7450.0000,18,0,0.0000,0.0000,0,0,多换,B,7342.0000,0.0000,0.0000,0.0000,0.0000,7416.0000,0.0000,0.0000,0.0000,0.0000,1,0,0,0,0,1,0,0,0,0
zc,TA303,2012-06-04 09:21:46.317,7450.0000,18,0,0.0000,0.0000,0,0,多换,B,7342.0000,0.0000,0.0000,0.0000,0.0000,7416.0000,0.0000,0.0000,0.0000,0.0000,1,0,0,0,0,1,0,0,0,0
zc,TA303,2012-06-04 09:21:54.143,7450.0000,18,0,0.0000,0.0000,0,0,多换,B,7344.0000,0.0000,0.0000,0.0000,0.0000,7416.0000,0.0000,0.0000,0.0000,0.0000,1,0,0,0,0,1,0,0,0,0
zc,TA303,2012-06-04 09:22:03.643,7450.0000,18,0,0.0000,0.0000,0,0,多换,B,7342.0000,0.0000,0.0000,0.0000,0.0000,7416.0000,0.0000,0.0000,0.0000,0.0000,1,0,0,0,0,1,0,0,0,0
zc,TA303,2012-06-04 09:22:04.677,7450.0000,18,0,0.0000,0.0000,0,0,多换,B,7344.0000,0.0000,0.0000,0.0000,0.0000,7416.0000,0.0000,0.0000,0.0000,0.0000,1,0,0,0,0,1,0,0,0,0
zc,TA303,2012-06-04 09:22:16.143,7450.0000,18,0,0.0000,0.0000,0,0,多换,B,7344.0000,0.0000,0.0000,0.0000,0.0000,7414.0000,0.0000,0.0000,0.0000,0.0000,1,0,0,0,0,2,0,0,0,0
zc,TA303,2012-06-04 09:22:18.410,7450.0000,18,0,0.0000,0.0000,0,0,多换,B,7342.0000,0.0000,0.0000,0.0000,0.0000,7414.0000,0.0000,0.0000,0.0000,0.0000,1,0,0,0,0,2,0,0,0,0
zc,TA303,2012-06-04 09:22:24.393,7450.0000,18,0,0.0000,0.0000,0,0,多换,B,7342.0000,0.0000,0.0000,0.0000,0.0000,7416.0000,0.0000,0.0000,0.0000,0.0000,1,0,0,0,0,1,0,0,0,0
zc,TA303,2012-06-04 09:22:26.597,7450.0000,18,0,0.0000,0.0000,0,0,多换,B,7342.0000,0.0000,0.0000,0.0000,0.0000,7414.0000,0.0000,0.0000,0.0000,0.0000,1,0,0,0,0,2,0,0,0,0
zc,TA303,2012-06-04 09:22:34.347,7450.0000,18,0,0.0000,0.0000,0,0,多换,B,7342.0000,0.0000,0.0000,0.0000,0.0000,7416.0000,0.0000,0.0000,0.0000,0.0000,1,0,0,0,0,1,0,0,0,0
zc,TA303,2012-06-04 09:22:53.893,7450.0000,18,0,0.0000,0.0000,0,0,多换,B,7344.0000,0.0000,0.0000,0.0000,0.0000,7416.0000,0.0000,0.0000,0.0000,0.0000,1,0,0,0,0,1,0,0,0,0
zc,TA303,2012-06-04 09:22:56.613,7450.0000,18,0,0.0000,0.0000,0,0,多换,B,7344.0000,0.0000,0.0000,0.0000,0.0000,7414.0000,0.0000,0.0000,0.0000,0.0000,1,0,0,0,0,2,0,0,0,0
zc,TA303,2012-06-04 09:22:59.363,7450.0000,18,0,0.0000,0.0000,0,0,多换,B,7342.0000,0.0000,0.0000,0.0000,0.0000,7414.0000,0.0000,0.0000,0.0000,0.0000,1,0,0,0,0,2,0,0,0,0
zc,TA303,2012-06-04 09:23:07.363,7450.0000,18,0,0.0000,0.0000,0,0,多换,B,7340.0000,0.0000,0.0000,0.0000,0.0000,7414.0000,0.0000,0.0000,0.0000,0.0000,1,0,0,0,0,2,0,0,0,0
zc,TA303,2012-06-04 09:23:24.127,7450.0000,18,0,0.0000,0.0000,0,0,多换,B,7342.0000,0.0000,0.0000,0.0000,0.0000,7414.0000,0.0000,0.0000,0.0000,0.0000,1,0,0,0,0,2,0,0,0,0
zc,TA303,2012-06-04 09:23:28.160,7450.0000,18,0,0.0000,0.0000,0,0,多换,B,7344.0000,0.0000,0.0000,0.0000,0.0000,7414.0000,0.0000,0.0000,0.0000,0.0000,1,0,0,0,0,2,0,0,0,0
zc,TA303,2012-06-04 09:23:28.613,7450.0000,18,0,0.0000,0.0000,0,0,多换,B,7342.0000,0.0000,0.0000,0.0000,0.0000,7414.0000,0.0000,0.0000,0.0000,0.0000,1,0,0,0,0,2,0,0,0,0
zc,TA303,2012-06-04 09:23:29.427,7450.0000,18,0,0.0000,0.0000,0,0,多换,B,7340.0000,0.0000,0.0000,0.0000,0.0000,7414.0000,0.0000,0.0000,0.0000,0.0000,1,0,0,0,0,2,0,0,0,0
zc,TA303,2012-06-04 09:23:34.127,7450.0000,18,0,0.0000,0.0000,0,0,多换,B,7342.0000,0.0000,0.0000,0.0000,0.0000,7414.0000,0.0000,0.0000,0.0000,0.0000,1,0,0,0,0,2,0,0,0,0
zc,TA303,2012-06-04 09:23:35.113,7450.0000,18,0,0.0000,0.0000,0,0,多换,B,7344.0000,0.0000,0.0000,0.0000,0.0000,7414.0000,0.0000,0.0000,0.0000,0.0000,1,0,0,0,0,2,0,0,0,0
zc,TA303,2012-06-04 09:23:37.410,7450.0000,18,0,0.0000,0.0000,0,0,多换,B,7342.0000,0.0000,0.0000,0.0000,0.0000,7414.0000,0.0000,0.0000,0.0000,0.0000,1,0,0,0,0,2,0,0,0,0
zc,TA303,2012-06-04 09:23:39.893,7450.0000,18,0,0.0000,0.0000,0,0,多换,B,7340.0000,0.0000,0.0000,0.0000,0.0000,7414.0000,0.0000,0.0000,0.0000,0.0000,1,0,0,0,0,2,0,0,0,0
zc,TA303,2012-06-04 09:23:44.160,7450.0000,18,0,0.0000,0.0000,0,0,多换,B,7338.0000,0.0000,0.0000,0.0000,0.0000,7414.0000,0.0000,0.0000,0.0000,0.0000,1,0,0,0,0,2,0,0,0,0
zc,TA303,2012-06-04 09:23:44.910,7450.0000,18,0,0.0000,0.0000,0,0,多换,B,7338.0000,0.0000,0.0000,0.0000,0.0000,7416.0000,0.0000,0.0000,0.0000,0.0000,1,0,0,0,0,2,0,0,0,0
zc,TA303,2012-06-04 09:23:45.910,7450.0000,18,0,0.0000,0.0000,0,0,多换,B,7338.0000,0.0000,0.0000,0.0000,0.0000,7416.0000,0.0000,0.0000,0.0000,0.0000,1,0,0,0,0,1,0,0,0,0
zc,TA303,2012-06-04 09:23:48.127,7450.0000,18,0,0.0000,0.0000,0,0,多换,B,7340.0000,0.0000,0.0000,0.0000,0.0000,7416.0000,0.0000,0.0000,0.0000,0.0000,1,0,0,0,0,1,0,0,0,0
zc,TA303,2012-06-04 09:24:18.893,7450.0000,18,0,0.0000,0.0000,0,0,多换,B,7342.0000,0.0000,0.0000,0.0000,0.0000,7416.0000,0.0000,0.0000,0.0000,0.0000,1,0,0,0,0,1,0,0,0,0
zc,TA303,2012-06-04 09:24:20.363,7450.0000,18,0,0.0000,0.0000,0,0,多换,B,7340.0000,0.0000,0.0000,0.0000,0.0000,7416.0000,0.0000,0.0000,0.0000,0.0000,1,0,0,0,0,1,0,0,0,0
zc,TA303,2012-06-04 09:24:28.627,7450.0000,18,0,0.0000,0.0000,0,0,多换,B,7342.0000,0.0000,0.0000,0.0000,0.0000,7416.0000,0.0000,0.0000,0.0000,0.0000,1,0,0,0,0,1,0,0,0,0
zc,TA303,2012-06-04 09:24:33.677,7450.0000,18,0,0.0000,0.0000,0,0,多换,B,7340.0000,0.0000,0.0000,0.0000,0.0000,7416.0000,0.0000,0.0000,0.0000,0.0000,1,0,0,0,0,1,0,0,0,0
zc,TA303,2012-06-04 09:24:42.363,7450.0000,18,0,0.0000,0.0000,0,0,多换,B,7342.0000,0.0000,0.0000,0.0000,0.0000,7416.0000,0.0000,0.0000,0.0000,0.0000,1,0,0,0,0,1,0,0,0,0
zc,TA303,2012-06-04 09:24:46.347,7450.0000,18,0,0.0000,0.0000,0,0,多换,B,7342.0000,0.0000,0.0000,0.0000,0.0000,7416.0000,0.0000,0.0000,0.0000,0.0000,1,0,0,0,0,1,0,0,0,0
zc,TA303,2012-06-04 09:24:46.690,7450.0000,18,0,0.0000,0.0000,0,0,多换,B,7340.0000,0.0000,0.0000,0.0000,0.0000,7416.0000,0.0000,0.0000,0.0000,0.0000,1,0,0,0,0,1,0,0,0,0
zc,TA303,2012-06-04 09:25:00.393,7450.0000,18,0,0.0000,0.0000,0,0,多换,B,7342.0000,0.0000,0.0000,0.0000,0.0000,7416.0000,0.0000,0.0000,0.0000,0.0000,1,0,0,0,0,1,0,0,0,0
zc,TA303,2012-06-04 09:25:03.143,7450.0000,18,0,0.0000,0.0000,0,0,多换,B,7340.0000,0.0000,0.0000,0.0000,0.0000,7416.0000,0.0000,0.0000,0.0000,0.0000,1,0,0,0,0,1,0,0,0,0
zc,TA303,2012-06-04 09:25:20.113,7450.0000,18,0,0.0000,0.0000,0,0,多换,B,7338.0000,0.0000,0.0000,0.0000,0.0000,7416.0000,0.0000,0.0000,0.0000,0.0000,1,0,0,0,0,1,0,0,0,0
zc,TA303,2012-06-04 09:25:25.893,7450.0000,18,0,0.0000,0.0000,0,0,多换,B,7336.0000,0.0000,0.0000,0.0000,0.0000,7416.0000,0.0000,0.0000,0.0000,0.0000,1,0,0,0,0,1,0,0,0,0
zc,TA303,2012-06-04 09:25:28.660,7450.0000,18,0,0.0000,0.0000,0,0,多换,B,7332.0000,0.0000,0.0000,0.0000,0.0000,7416.0000,0.0000,0.0000,0.0000,0.0000,1,0,0,0,0,1,0,0,0,0
zc,TA303,2012-06-04 09:25:29.127,7450.0000,18,0,0.0000,0.0000,0,0,多换,B,7332.0000,0.0000,0.0000,0.0000,0.0000,7412.0000,0.0000,0.0000,0.0000,0.0000,1,0,0,0,0,1,0,0,0,0
zc,TA303,2012-06-04 09:25:29.893,7450.0000,18,0,0.0000,0.0000,0,0,多换,B,7330.0000,0.0000,0.0000,0.0000,0.0000,7412.0000,0.0000,0.0000,0.0000,0.0000,1,0,0,0,0,1,0,0,0,0
zc,TA303,2012-06-04 09:25:30.910,7450.0000,18,0,0.0000,0.0000,0,0,多换,B,7328.0000,0.0000,0.0000,0.0000,0.0000,7412.0000,0.0000,0.0000,0.0000,0.0000,1,0,0,0,0,1,0,0,0,0
zc,TA303,2012-06-04 09:25:31.660,7450.0000,18,0,0.0000,0.0000,0,0,多换,B,0.0000,0.0000,0.0000,0.0000,0.0000,7412.0000,0.0000,0.0000,0.0000,0.0000,0,0,0,0,0,1,0,0,0,0
zc,TA303,2012-06-04 09:25:37.927,7450.0000,18,0,0.0000,0.0000,0,0,多换,B,0.0000,0.0000,0.0000,0.0000,0.0000,7402.0000,0.0000,0.0000,0.0000,0.0000,0,0,0,0,0,1,0,0,0,0
zc,TA303,2012-06-04 09:25:39.207,7450.0000,18,0,0.0000,0.0000,0,0,多换,B,0.0000,0.0000,0.0000,0.0000,0.0000,7412.0000,0.0000,0.0000,0.0000,0.0000,0,0,0,0,0,1,0,0,0,0
zc,TA303,2012-06-04 09:25:40.940,7450.0000,18,0,0.0000,0.0000,0,0,多换,B,0.0000,0.0000,0.0000,0.0000,0.0000,7402.0000,0.0000,0.0000,0.0000,0.0000,0,0,0,0,0,1,0,0,0,0
zc,TA303,2012-06-04 09:25:46.473,7450.0000,18,0,0.0000,0.0000,0,0,多换,B,0.0000,0.0000,0.0000,0.0000,0.0000,7398.0000,0.0000,0.0000,0.0000,0.0000,0,0,0,0,0,1,0,0,0,0
zc,TA303,2012-06-04 09:25:50.613,7450.0000,18,0,0.0000,0.0000,0,0,多换,B,0.0000,0.0000,0.0000,0.0000,0.0000,7396.0000,0.0000,0.0000,0.0000,0.0000,0,0,0,0,0,1,0,0,0,0
zc,TA303,2012-06-04 09:25:51.910,7450.0000,18,0,0.0000,0.0000,0,0,多换,B,0.0000,0.0000,0.0000,0.0000,0.0000,7394.0000,0.0000,0.0000,0.0000,0.0000,0,0,0,0,0,1,0,0,0,0
zc,TA303,2012-06-04 09:25:54.113,7450.0000,18,0,0.0000,0.0000,0,0,多换,B,0.0000,0.0000,0.0000,0.0000,0.0000,7392.0000,0.0000,0.0000,0.0000,0.0000,0,0,0,0,0,1,0,0,0,0
zc,TA303,2012-06-04 09:25:55.440,7450.0000,18,0,0.0000,0.0000,0,0,多换,B,0.0000,0.0000,0.0000,0.0000,0.0000,7390.0000,0.0000,0.0000,0.0000,0.0000,0,0,0,0,0,1,0,0,0,0
zc,TA303,2012-06-04 09:25:59.410,7450.0000,18,0,0.0000,0.0000,0,0,多换,B,0.0000,0.0000,0.0000,0.0000,0.0000,7392.0000,0.0000,0.0000,0.0000,0.0000,0,0,0,0,0,1,0,0,0,0
zc,TA303,2012-06-04 09:26:01.893,7450.0000,18,0,0.0000,0.0000,0,0,多换,B,0.0000,0.0000,0.0000,0.0000,0.0000,7390.0000,0.0000,0.0000,0.0000,0.0000,0,0,0,0,0,1,0,0,0,0
zc,TA303,2012-06-04 09:26:13.893,7450.0000,18,0,0.0000,0.0000,0,0,多换,B,0.0000,0.0000,0.0000,0.0000,0.0000,7392.0000,0.0000,0.0000,0.0000,0.0000,0,0,0,0,0,1,0,0,0,0
zc,TA303,2012-06-04 09:26:14.677,7450.0000,18,0,0.0000,0.0000,0,0,多换,B,0.0000,0.0000,0.0000,0.0000,0.0000,7396.0000,0.0000,0.0000,0.0000,0.0000,0,0,0,0,0,1,0,0,0,0
zc,TA303,2012-06-04 09:26:15.143,7450.0000,18,0,0.0000,0.0000,0,0,多换,B,0.0000,0.0000,0.0000,0.0000,0.0000,7392.0000,0.0000,0.0000,0.0000,0.0000,0,0,0,0,0,1,0,0,0,0
zc,TA303,2012-06-04 09:26:16.940,7450.0000,18,0,0.0000,0.0000,0,0,多换,B,0.0000,0.0000,0.0000,0.0000,0.0000,7390.0000,0.0000,0.0000,0.0000,0.0000,0,0,0,0,0,1,0,0,0,0
zc,TA303,2012-06-04 09:26:17.940,7450.0000,18,0,0.0000,0.0000,0,0,多换,B,0.0000,0.0000,0.0000,0.0000,0.0000,7392.0000,0.0000,0.0000,0.0000,0.0000,0,0,0,0,0,1,0,0,0,0
zc,TA303,2012-06-04 09:26:21.393,7450.0000,18,0,0.0000,0.0000,0,0,多换,B,0.0000,0.0000,0.0000,0.0000,0.0000,7386.0000,0.0000,0.0000,0.0000,0.0000,0,0,0,0,0,1,0,0,0,0
zc,TA303,2012-06-04 09:26:21.940,7450.0000,18,0,0.0000,0.0000,0,0,多换,B,0.0000,0.0000,0.0000,0.0000,0.0000,7390.0000,0.0000,0.0000,0.0000,0.0000,0,0,0,0,0,1,0,0,0,0
zc,TA303,2012-06-04 09:26:24.893,7450.0000,18,0,0.0000,0.0000,0,0,多换,B,0.0000,0.0000,0.0000,0.0000,0.0000,7388.0000,0.0000,0.0000,0.0000,0.0000,0,0,0,0,0,1,0,0,0,0
zc,TA303,2012-06-04 09:26:25.427,7450.0000,18,0,0.0000,0.0000,0,0,多换,B,0.0000,0.0000,0.0000,0.0000,0.0000,7390.0000,0.0000,0.0000,0.0000,0.0000,0,0,0,0,0,1,0,0,0,0
zc,TA303,2012-06-04 09:26:28.113,7450.0000,18,0,0.0000,0.0000,0,0,多换,B,0.0000,0.0000,0.0000,0.0000,0.0000,7386.0000,0.0000,0.0000,0.0000,0.0000,0,0,0,0,0,1,0,0,0,0
zc,TA303,2012-06-04 09:26:28.643,7450.0000,18,0,0.0000,0.0000,0,0,多换,B,0.0000,0.0000,0.0000,0.0000,0.0000,7390.0000,0.0000,0.0000,0.0000,0.0000,0,0,0,0,0,1,0,0,0,0
zc,TA303,2012-06-04 09:26:31.363,7450.0000,18,0,0.0000,0.0000,0,0,多换,B,0.0000,0.0000,0.0000,0.0000,0.0000,7388.0000,0.0000,0.0000,0.0000,0.0000,0,0,0,0,0,1,0,0,0,0
zc,TA303,2012-06-04 09:26:33.160,7450.0000,18,0,0.0000,0.0000,0,0,多换,B,0.0000,0.0000,0.0000,0.0000,0.0000,7386.0000,0.0000,0.0000,0.0000,0.0000,0,0,0,0,0,1,0,0,0,0
zc,TA303,2012-06-04 09:26:34.393,7450.0000,18,0,0.0000,0.0000,0,0,多换,B,0.0000,0.0000,0.0000,0.0000,0.0000,7388.0000,0.0000,0.0000,0.0000,0.0000,0,0,0,0,0,1,0,0,0,0
zc,TA303,2012-06-04 09:26:45.677,7450.0000,18,0,0.0000,0.0000,0,0,多换,B,0.0000,0.0000,0.0000,0.0000,0.0000,7386.0000,0.0000,0.0000,0.0000,0.0000,0,0,0,0,0,1,0,0,0,0
zc,TA303,2012-06-04 09:26:47.893,7450.0000,18,0,0.0000,0.0000,0,0,多换,B,0.0000,0.0000,0.0000,0.0000,0.0000,7388.0000,0.0000,0.0000,0.0000,0.0000,0,0,0,0,0,1,0,0,0,0
zc,TA303,2012-06-04 09:26:49.143,7450.0000,18,0,0.0000,0.0000,0,0,多换,B,0.0000,0.0000,0.0000,0.0000,0.0000,7386.0000,0.0000,0.0000,0.0000,0.0000,0,0,0,0,0,1,0,0,0,0
zc,TA303,2012-06-04 09:26:49.690,7450.0000,18,0,0.0000,0.0000,0,0,多换,B,0.0000,0.0000,0.0000,0.0000,0.0000,7388.0000,0.0000,0.0000,0.0000,0.0000,0,0,0,0,0,1,0,0,0,0
zc,TA303,2012-06-04 09:26:50.410,7450.0000,18,0,0.0000,0.0000,0,0,多换,B,0.0000,0.0000,0.0000,0.0000,0.0000,7386.0000,0.0000,0.0000,0.0000,0.0000,0,0,0,0,0,1,0,0,0,0
zc,TA303,2012-06-04 09:26:50.627,7450.0000,18,0,0.0000,0.0000,0,0,多换,B,0.0000,0.0000,0.0000,0.0000,0.0000,7388.0000,0.0000,0.0000,0.0000,0.0000,0,0,0,0,0,1,0,0,0,0
zc,TA303,2012-06-04 09:26:59.927,7450.0000,18,0,0.0000,0.0000,0,0,多换,B,0.0000,0.0000,0.0000,0.0000,0.0000,7386.0000,0.0000,0.0000,0.0000,0.0000,0,0,0,0,0,1,0,0,0,0
zc,TA303,2012-06-04 09:27:00.737,7450.0000,18,0,0.0000,0.0000,0,0,多换,B,0.0000,0.0000,0.0000,0.0000,0.0000,7388.0000,0.0000,0.0000,0.0000,0.0000,0,0,0,0,0,1,0,0,0,0
zc,TA303,2012-06-04 09:27:02.143,7450.0000,18,0,0.0000,0.0000,0,0,多换,B,0.0000,0.0000,0.0000,0.0000,0.0000,7390.0000,0.0000,0.0000,0.0000,0.0000,0,0,0,0,0,1,0,0,0,0
zc,TA303,2012-06-04 09:27:03.427,7450.0000,18,0,0.0000,0.0000,0,0,多换,B,0.0000,0.0000,0.0000,0.0000,0.0000,7386.0000,0.0000,0.0000,0.0000,0.0000,0,0,0,0,0,1,0,0,0,0
zc,TA303,2012-06-04 09:27:05.143,7450.0000,18,0,0.0000,0.0000,0,0,多换,B,0.0000,0.0000,0.0000,0.0000,0.0000,7390.0000,0.0000,0.0000,0.0000,0.0000,0,0,0,0,0,1,0,0,0,0
zc,TA303,2012-06-04 09:27:08.643,7450.0000,18,0,0.0000,0.0000,0,0,多换,B,0.0000,0.0000,0.0000,0.0000,0.0000,7386.0000,0.0000,0.0000,0.0000,0.0000,0,0,0,0,0,1,0,0,0,0
zc,TA303,2012-06-04 09:27:11.377,7450.0000,18,0,0.0000,0.0000,0,0,多换,B,0.0000,0.0000,0.0000,0.0000,0.0000,7388.0000,0.0000,0.0000,0.0000,0.0000,0,0,0,0,0,1,0,0,0,0
zc,TA303,2012-06-04 09:27:13.627,7450.0000,18,0,0.0000,0.0000,0,0,多换,B,0.0000,0.0000,0.0000,0.0000,0.0000,7386.0000,0.0000,0.0000,0.0000,0.0000,0,0,0,0,0,1,0,0,0,0
zc,TA303,2012-06-04 09:27:27.643,7450.0000,18,0,0.0000,0.0000,0,0,多换,B,0.0000,0.0000,0.0000,0.0000,0.0000,7384.0000,0.0000,0.0000,0.0000,0.0000,0,0,0,0,0,1,0,0,0,0
zc,TA303,2012-06-04 09:28:46.363,7450.0000,18,0,0.0000,0.0000,0,0,多换,B,0.0000,0.0000,0.0000,0.0000,0.0000,7384.0000,0.0000,0.0000,0.0000,0.0000,0,0,0,0,0,1,0,0,0,0
