市场代码,合约代码,时间,最新,持仓,增仓,成交额,成交量,开仓,平仓,成交类型,方向,买一价,买二价,买三价,买四价,买五价,卖一价,卖二价,卖三价,卖四价,卖五价,买一量,买二量,买三量,买四量,买五量,卖一量,卖二量,卖三量,卖四量,卖五量
zc,TA209,2012-06-04 07:53:44.440,0.0000,644660,0,0.0000,0.0000,0,0,空换,S,0.0000,0.0000,0.0000,0.0000,0.0000,0.0000,0.0000,0.0000,0.0000,0.0000,0,0,0,0,0,0,0,0,0,0
zc,TA209,2012-06-04 08:02:46.393,0.0000,644660,0,0.0000,0.0000,0,0,空换,S,0.0000,0.0000,0.0000,0.0000,0.0000,0.0000,0.0000,0.0000,0.0000,0.0000,0,0,0,0,0,0,0,0,0,0
zc,TA209,2012-06-04 08:14:46.377,0.0000,644660,0,0.0000,0.0000,0,0,空换,S,0.0000,0.0000,0.0000,0.0000,0.0000,0.0000,0.0000,0.0000,0.0000,0.0000,0,0,0,0,0,0,0,0,0,0
zc,TA209,2012-06-04 08:17:46.377,0.0000,644660,0,0.0000,0.0000,0,0,空换,S,0.0000,0.0000,0.0000,0.0000,0.0000,0.0000,0.0000,0.0000,0.0000,0.0000,0,0,0,0,0,0,0,0,0,0
zc,TA209,2012-06-04 08:18:46.377,0.0000,644660,0,0.0000,0.0000,0,0,空换,S,0.0000,0.0000,0.0000,0.0000,0.0000,0.0000,0.0000,0.0000,0.0000,0.0000,0,0,0,0,0,0,0,0,0,0
zc,TA209,2012-06-04 08:19:46.377,0.0000,644660,0,0.0000,0.0000,0,0,空换,S,0.0000,0.0000,0.0000,0.0000,0.0000,0.0000,0.0000,0.0000,0.0000,0.0000,0,0,0,0,0,0,0,0,0,0
zc,TA209,2012-06-04 08:21:46.377,0.0000,644660,0,0.0000,0.0000,0,0,空换,S,0.0000,0.0000,0.0000,0.0000,0.0000,0.0000,0.0000,0.0000,0.0000,0.0000,0,0,0,0,0,0,0,0,0,0
zc,TA209,2012-06-04 08:24:46.377,0.0000,644660,0,0.0000,0.0000,0,0,空换,S,0.0000,0.0000,0.0000,0.0000,0.0000,0.0000,0.0000,0.0000,0.0000,0.0000,0,0,0,0,0,0,0,0,0,0
zc,TA209,2012-06-04 08:29:46.377,0.0000,644660,0,0.0000,0.0000,0,0,空换,S,0.0000,0.0000,0.0000,0.0000,0.0000,0.0000,0.0000,0.0000,0.0000,0.0000,0,0,0,0,0,0,0,0,0,0
zc,TA209,2012-06-04 08:36:46.363,0.0000,644660,0,0.0000,0.0000,0,0,空换,S,0.0000,0.0000,0.0000,0.0000,0.0000,0.0000,0.0000,0.0000,0.0000,0.0000,0,0,0,0,0,0,0,0,0,0
zc,TA209,2012-06-04 08:40:46.363,0.0000,644660,0,0.0000,0.0000,0,0,空换,S,0.0000,0.0000,0.0000,0.0000,0.0000,0.0000,0.0000,0.0000,0.0000,0.0000,0,0,0,0,0,0,0,0,0,0
zc,TA209,2012-06-04 08:55:00.863,0.0000,644660,0,0.0000,0.0000,0,0,空换,S,0.0000,0.0000,0.0000,0.0000,0.0000,0.0000,0.0000,0.0000,0.0000,0.0000,0,0,0,0,0,0,0,0,0,0
zc,TA209,2012-06-04 08:55:01.597,0.0000,644660,0,0.0000,0.0000,0,0,空换,S,0.0000,0.0000,0.0000,0.0000,0.0000,0.0000,0.0000,0.0000,0.0000,0.0000,0,0,0,0,0,0,0,0,0,0
zc,TA209,2012-06-04 08:55:02.127,0.0000,644660,0,0.0000,0.0000,0,0,空换,S,0.0000,0.0000,0.0000,0.0000,0.0000,0.0000,0.0000,0.0000,0.0000,0.0000,0,0,0,0,0,0,0,0,0,0
zc,TA209,2012-06-04 08:55:04.597,0.0000,644660,0,0.0000,0.0000,0,0,空换,S,0.0000,0.0000,0.0000,0.0000,0.0000,0.0000,0.0000,0.0000,0.0000,0.0000,0,0,0,0,0,0,0,0,0,0
zc,TA209,2012-06-04 08:55:05.597,0.0000,644660,0,0.0000,0.0000,0,0,空换,S,0.0000,0.0000,0.0000,0.0000,0.0000,0.0000,0.0000,0.0000,0.0000,0.0000,0,0,0,0,0,0,0,0,0,0
zc,TA209,2012-06-04 08:55:06.097,0.0000,644660,0,0.0000,0.0000,0,0,空换,S,0.0000,0.0000,0.0000,0.0000,0.0000,0.0000,0.0000,0.0000,0.0000,0.0000,0,0,0,0,0,0,0,0,0,0
zc,TA209,2012-06-04 08:55:33.613,0.0000,644660,0,0.0000,0.0000,0,0,空换,S,0.0000,0.0000,0.0000,0.0000,0.0000,0.0000,0.0000,0.0000,0.0000,0.0000,0,0,0,0,0,0,0,0,0,0
zc,TA209,2012-06-04 08:55:38.597,0.0000,644660,0,0.0000,0.0000,0,0,空换,S,0.0000,0.0000,0.0000,0.0000,0.0000,0.0000,0.0000,0.0000,0.0000,0.0000,0,0,0,0,0,0,0,0,0,0
zc,TA209,2012-06-04 08:55:40.347,0.0000,644660,0,0.0000,0.0000,0,0,空换,S,0.0000,0.0000,0.0000,0.0000,0.0000,0.0000,0.0000,0.0000,0.0000,0.0000,0,0,0,0,0,0,0,0,0,0
zc,TA209,2012-06-04 08:55:41.347,0.0000,644660,0,0.0000,0.0000,0,0,空换,S,0.0000,0.0000,0.0000,0.0000,0.0000,0.0000,0.0000,0.0000,0.0000,0.0000,0,0,0,0,0,0,0,0,0,0
zc,TA209,2012-06-04 08:56:25.877,0.0000,644660,0,0.0000,0.0000,0,0,空换,S,0.0000,0.0000,0.0000,0.0000,0.0000,0.0000,0.0000,0.0000,0.0000,0.0000,0,0,0,0,0,0,0,0,0,0
zc,TA209,2012-06-04 08:56:27.113,0.0000,644660,0,0.0000,0.0000,0,0,空换,S,0.0000,0.0000,0.0000,0.0000,0.0000,0.0000,0.0000,0.0000,0.0000,0.0000,0,0,0,0,0,0,0,0,0,0
zc,TA209,2012-06-04 08:56:27.863,0.0000,644660,0,0.0000,0.0000,0,0,空换,S,0.0000,0.0000,0.0000,0.0000,0.0000,0.0000,0.0000,0.0000,0.0000,0.0000,0,0,0,0,0,0,0,0,0,0
zc,TA209,2012-06-04 08:56:30.597,0.0000,644660,0,0.0000,0.0000,0,0,空换,S,0.0000,0.0000,0.0000,0.0000,0.0000,0.0000,0.0000,0.0000,0.0000,0.0000,0,0,0,0,0,0,0,0,0,0
zc,TA209,2012-06-04 08:56:33.347,0.0000,644660,0,0.0000,0.0000,0,0,空换,S,0.0000,0.0000,0.0000,0.0000,0.0000,0.0000,0.0000,0.0000,0.0000,0.0000,0,0,0,0,0,0,0,0,0,0
zc,TA209,2012-06-04 08:56:38.097,0.0000,644660,0,0.0000,0.0000,0,0,空换,S,0.0000,0.0000,0.0000,0.0000,0.0000,0.0000,0.0000,0.0000,0.0000,0.0000,0,0,0,0,0,0,0,0,0,0
zc,TA209,2012-06-04 08:56:45.113,0.0000,644660,0,0.0000,0.0000,0,0,空换,S,0.0000,0.0000,0.0000,0.0000,0.0000,0.0000,0.0000,0.0000,0.0000,0.0000,0,0,0,0,0,0,0,0,0,0
zc,TA209,2012-06-04 08:56:46.863,0.0000,644660,0,0.0000,0.0000,0,0,空换,S,0.0000,0.0000,0.0000,0.0000,0.0000,0.0000,0.0000,0.0000,0.0000,0.0000,0,0,0,0,0,0,0,0,0,0
zc,TA209,2012-06-04 08:56:51.847,0.0000,644660,0,0.0000,0.0000,0,0,空换,S,0.0000,0.0000,0.0000,0.0000,0.0000,0.0000,0.0000,0.0000,0.0000,0.0000,0,0,0,0,0,0,0,0,0,0
zc,TA209,2012-06-04 08:57:20.347,0.0000,644660,0,0.0000,0.0000,0,0,空换,S,0.0000,0.0000,0.0000,0.0000,0.0000,0.0000,0.0000,0.0000,0.0000,0.0000,0,0,0,0,0,0,0,0,0,0
zc,TA209,2012-06-04 08:57:29.597,0.0000,644660,0,0.0000,0.0000,0,0,空换,S,0.0000,0.0000,0.0000,0.0000,0.0000,0.0000,0.0000,0.0000,0.0000,0.0000,0,0,0,0,0,0,0,0,0,0
zc,TA209,2012-06-04 08:57:33.363,0.0000,644660,0,0.0000,0.0000,0,0,空换,S,0.0000,0.0000,0.0000,0.0000,0.0000,0.0000,0.0000,0.0000,0.0000,0.0000,0,0,0,0,0,0,0,0,0,0
zc,TA209,2012-06-04 08:57:36.597,0.0000,644660,0,0.0000,0.0000,0,0,空换,S,0.0000,0.0000,0.0000,0.0000,0.0000,0.0000,0.0000,0.0000,0.0000,0.0000,0,0,0,0,0,0,0,0,0,0
zc,TA209,2012-06-04 08:57:38.097,0.0000,644660,0,0.0000,0.0000,0,0,空换,S,0.0000,0.0000,0.0000,0.0000,0.0000,0.0000,0.0000,0.0000,0.0000,0.0000,0,0,0,0,0,0,0,0,0,0
zc,TA209,2012-06-04 08:57:39.847,0.0000,644660,0,0.0000,0.0000,0,0,空换,S,0.0000,0.0000,0.0000,0.0000,0.0000,0.0000,0.0000,0.0000,0.0000,0.0000,0,0,0,0,0,0,0,0,0,0
zc,TA209,2012-06-04 08:57:44.347,0.0000,644660,0,0.0000,0.0000,0,0,空换,S,0.0000,0.0000,0.0000,0.0000,0.0000,0.0000,0.0000,0.0000,0.0000,0.0000,0,0,0,0,0,0,0,0,0,0
zc,TA209,2012-06-04 08:57:52.863,0.0000,644660,0,0.0000,0.0000,0,0,空换,S,0.0000,0.0000,0.0000,0.0000,0.0000,0.0000,0.0000,0.0000,0.0000,0.0000,0,0,0,0,0,0,0,0,0,0
zc,TA209,2012-06-04 08:57:53.347,0.0000,644660,0,0.0000,0.0000,0,0,空换,S,0.0000,0.0000,0.0000,0.0000,0.0000,0.0000,0.0000,0.0000,0.0000,0.0000,0,0,0,0,0,0,0,0,0,0
zc,TA209,2012-06-04 08:58:00.347,0.0000,644660,0,0.0000,0.0000,0,0,空换,S,0.0000,0.0000,0.0000,0.0000,0.0000,0.0000,0.0000,0.0000,0.0000,0.0000,0,0,0,0,0,0,0,0,0,0
zc,TA209,2012-06-04 08:58:24.097,0.0000,644660,0,0.0000,0.0000,0,0,空换,S,0.0000,0.0000,0.0000,0.0000,0.0000,0.0000,0.0000,0.0000,0.0000,0.0000,0,0,0,0,0,0,0,0,0,0
zc,TA209,2012-06-04 08:58:37.863,0.0000,644660,0,0.0000,0.0000,0,0,空换,S,0.0000,0.0000,0.0000,0.0000,0.0000,0.0000,0.0000,0.0000,0.0000,0.0000,0,0,0,0,0,0,0,0,0,0
zc,TA209,2012-06-04 08:58:38.347,0.0000,644660,0,0.0000,0.0000,0,0,空换,S,0.0000,0.0000,0.0000,0.0000,0.0000,0.0000,0.0000,0.0000,0.0000,0.0000,0,0,0,0,0,0,0,0,0,0
zc,TA209,2012-06-04 08:58:46.597,0.0000,644660,0,0.0000,0.0000,0,0,空换,S,0.0000,0.0000,0.0000,0.0000,0.0000,0.0000,0.0000,0.0000,0.0000,0.0000,0,0,0,0,0,0,0,0,0,0
zc,TA209,2012-06-04 08:59:03.283,7472.0000,646474,1814,0.0000,9382.0000,5598,3784,多开,B,7470.0000,0.0000,0.0000,0.0000,0.0000,7472.0000,0.0000,0.0000,0.0000,0.0000,11,0,0,0,0,20,0,0,0,0
zc,TA209,2012-06-04 09:00:00.893,7472.0000,646474,0,0.0000,4.0000,2,2,多换,B,7470.0000,0.0000,0.0000,0.0000,0.0000,7472.0000,0.0000,0.0000,0.0000,0.0000,11,0,0,0,0,18,0,0,0,0
zc,TA209,2012-06-04 09:00:01.753,7472.0000,646652,178,0.0000,1424.0000,801,623,多开,B,7470.0000,0.0000,0.0000,0.0000,0.0000,7472.0000,0.0000,0.0000,0.0000,0.0000,17,0,0,0,0,21,0,0,0,0
zc,TA209,2012-06-04 09:00:03.253,7458.0000,646818,166,0.0000,2454.0000,1310,1144,空开,S,7456.0000,0.0000,0.0000,0.0000,0.0000,7458.0000,0.0000,0.0000,0.0000,0.0000,37,0,0,0,0,13,0,0,0,0
zc,TA209,2012-06-04 09:00:04.753,7456.0000,647074,256,0.0000,1006.0000,631,375,空开,S,7456.0000,0.0000,0.0000,0.0000,0.0000,7460.0000,0.0000,0.0000,0.0000,0.0000,70,0,0,0,0,31,0,0,0,0
zc,TA209,2012-06-04 09:00:05.253,7468.0000,647060,-14,0.0000,1594.0000,790,804,空平,B,7464.0000,0.0000,0.0000,0.0000,0.0000,7468.0000,0.0000,0.0000,0.0000,0.0000,8,0,0,0,0,196,0,0,0,0
zc,TA209,2012-06-04 09:00:06.487,7462.0000,647522,462,0.0000,1590.0000,1026,564,空开,S,7462.0000,0.0000,0.0000,0.0000,0.0000,7468.0000,0.0000,0.0000,0.0000,0.0000,28,0,0,0,0,205,0,0,0,0
zc,TA209,2012-06-04 09:00:06.723,7466.0000,647514,-8,0.0000,320.0000,156,164,空平,B,7464.0000,0.0000,0.0000,0.0000,0.0000,7466.0000,0.0000,0.0000,0.0000,0.0000,30,0,0,0,0,11,0,0,0,0
zc,TA209,2012-06-04 09:00:07.457,7466.0000,647402,-112,0.0000,470.0000,179,291,空平,B,7458.0000,0.0000,0.0000,0.0000,0.0000,7462.0000,0.0000,0.0000,0.0000,0.0000,99,0,0,0,0,1,0,0,0,0
zc,TA209,2012-06-04 09:00:07.957,7462.0000,647412,10,0.0000,56.0000,33,23,空开,S,7460.0000,0.0000,0.0000,0.0000,0.0000,7462.0000,0.0000,0.0000,0.0000,0.0000,3,0,0,0,0,18,0,0,0,0
zc,TA209,2012-06-04 09:00:08.487,7458.0000,647374,-38,0.0000,254.0000,108,146,多平,S,7456.0000,0.0000,0.0000,0.0000,0.0000,7458.0000,0.0000,0.0000,0.0000,0.0000,86,0,0,0,0,359,0,0,0,0
zc,TA209,2012-06-04 09:00:08.987,7462.0000,646670,-704,0.0000,854.0000,75,779,空平,B,7462.0000,0.0000,0.0000,0.0000,0.0000,7464.0000,0.0000,0.0000,0.0000,0.0000,433,0,0,0,0,35,0,0,0,0
zc,TA209,2012-06-04 09:00:09.753,7462.0000,646574,-96,0.0000,324.0000,114,210,空平,B,7462.0000,0.0000,0.0000,0.0000,0.0000,7464.0000,0.0000,0.0000,0.0000,0.0000,304,0,0,0,0,23,0,0,0,0
zc,TA209,2012-06-04 09:00:10.473,7464.0000,646424,-150,0.0000,462.0000,156,306,空平,B,7464.0000,0.0000,0.0000,0.0000,0.0000,7468.0000,0.0000,0.0000,0.0000,0.0000,186,0,0,0,0,162,0,0,0,0
zc,TA209,2012-06-04 09:00:10.987,7462.0000,646446,22,0.0000,992.0000,507,485,空开,S,7466.0000,0.0000,0.0000,0.0000,0.0000,7468.0000,0.0000,0.0000,0.0000,0.0000,4,0,0,0,0,169,0,0,0,0
zc,TA209,2012-06-04 09:00:11.987,7468.0000,646442,-4,0.0000,142.0000,69,73,空平,B,7464.0000,0.0000,0.0000,0.0000,0.0000,7468.0000,0.0000,0.0000,0.0000,0.0000,2,0,0,0,0,139,0,0,0,0
zc,TA209,2012-06-04 09:00:12.487,7466.0000,646396,-46,0.0000,224.0000,89,135,多平,S,7464.0000,0.0000,0.0000,0.0000,0.0000,7466.0000,0.0000,0.0000,0.0000,0.0000,77,0,0,0,0,152,0,0,0,0
zc,TA209,2012-06-04 09:00:13.207,7466.0000,646388,-8,0.0000,154.0000,73,81,多平,S,7464.0000,0.0000,0.0000,0.0000,0.0000,7466.0000,0.0000,0.0000,0.0000,0.0000,89,0,0,0,0,81,0,0,0,0
zc,TA209,2012-06-04 09:00:13.707,7462.0000,646524,136,0.0000,240.0000,188,52,空开,S,7462.0000,0.0000,0.0000,0.0000,0.0000,7464.0000,0.0000,0.0000,0.0000,0.0000,193,0,0,0,0,84,0,0,0,0
zc,TA209,2012-06-04 09:00:14.457,7464.0000,646696,172,0.0000,370.0000,271,99,多开,B,7462.0000,0.0000,0.0000,0.0000,0.0000,7464.0000,0.0000,0.0000,0.0000,0.0000,145,0,0,0,0,63,0,0,0,0
zc,TA209,2012-06-04 09:00:15.237,7464.0000,647668,972,0.0000,1152.0000,1062,90,多开,B,7462.0000,0.0000,0.0000,0.0000,0.0000,7464.0000,0.0000,0.0000,0.0000,0.0000,1,0,0,0,0,74,0,0,0,0
zc,TA209,2012-06-04 09:00:15.737,7462.0000,647690,22,0.0000,92.0000,57,35,空开,S,7460.0000,0.0000,0.0000,0.0000,0.0000,7462.0000,0.0000,0.0000,0.0000,0.0000,33,0,0,0,0,55,0,0,0,0
zc,TA209,2012-06-04 09:00:16.487,7462.0000,647720,30,0.0000,396.0000,213,183,空开,S,7460.0000,0.0000,0.0000,0.0000,0.0000,7462.0000,0.0000,0.0000,0.0000,0.0000,81,0,0,0,0,6,0,0,0,0
zc,TA209,2012-06-04 09:00:17.237,7460.0000,647686,-34,0.0000,164.0000,65,99,多平,S,7460.0000,0.0000,0.0000,0.0000,0.0000,7464.0000,0.0000,0.0000,0.0000,0.0000,43,0,0,0,0,223,0,0,0,0
zc,TA209,2012-06-04 09:00:17.973,7464.0000,647402,-284,0.0000,602.0000,159,443,空平,B,7462.0000,0.0000,0.0000,0.0000,0.0000,7464.0000,0.0000,0.0000,0.0000,0.0000,39,0,0,0,0,30,0,0,0,0
zc,TA209,2012-06-04 09:00:18.503,7464.0000,647364,-38,0.0000,160.0000,61,99,空平,B,7464.0000,0.0000,0.0000,0.0000,0.0000,7466.0000,0.0000,0.0000,0.0000,0.0000,40,0,0,0,0,84,0,0,0,0
zc,TA209,2012-06-04 09:00:19.237,7464.0000,647332,-32,0.0000,130.0000,49,81,空平,B,7464.0000,0.0000,0.0000,0.0000,0.0000,7466.0000,0.0000,0.0000,0.0000,0.0000,221,0,0,0,0,82,0,0,0,0
zc,TA209,2012-06-04 09:00:19.723,7466.0000,647374,42,0.0000,352.0000,197,155,多开,B,7466.0000,0.0000,0.0000,0.0000,0.0000,7468.0000,0.0000,0.0000,0.0000,0.0000,13,0,0,0,0,127,0,0,0,0
zc,TA209,2012-06-04 09:00:20.690,7468.0000,647672,298,0.0000,600.0000,449,151,多开,B,7466.0000,0.0000,0.0000,0.0000,0.0000,7468.0000,0.0000,0.0000,0.0000,0.0000,39,0,0,0,0,123,0,0,0,0
zc,TA209,2012-06-04 09:00:21.440,7468.0000,647646,-26,0.0000,400.0000,187,213,空平,B,7466.0000,0.0000,0.0000,0.0000,0.0000,7468.0000,0.0000,0.0000,0.0000,0.0000,30,0,0,0,0,4,0,0,0,0
zc,TA209,2012-06-04 09:00:22.237,7468.0000,647424,-222,0.0000,270.0000,24,246,空平,B,7468.0000,0.0000,0.0000,0.0000,0.0000,7470.0000,0.0000,0.0000,0.0000,0.0000,262,0,0,0,0,346,0,0,0,0
zc,TA209,2012-06-04 09:00:22.737,7468.0000,647070,-354,0.0000,774.0000,210,564,空平,B,7468.0000,0.0000,0.0000,0.0000,0.0000,7470.0000,0.0000,0.0000,0.0000,0.0000,1,0,0,0,0,255,0,0,0,0
zc,TA209,2012-06-04 09:00:23.487,7466.0000,647244,174,0.0000,328.0000,251,77,空开,S,7464.0000,0.0000,0.0000,0.0000,0.0000,7466.0000,0.0000,0.0000,0.0000,0.0000,1,0,0,0,0,41,0,0,0,0
zc,TA209,2012-06-04 09:00:24.253,7466.0000,647118,-126,0.0000,262.0000,68,194,多平,S,7462.0000,0.0000,0.0000,0.0000,0.0000,7470.0000,0.0000,0.0000,0.0000,0.0000,48,0,0,0,0,163,0,0,0,0
zc,TA209,2012-06-04 09:00:24.987,7466.0000,647142,24,0.0000,114.0000,69,45,空开,S,7468.0000,0.0000,0.0000,0.0000,0.0000,7470.0000,0.0000,0.0000,0.0000,0.0000,12,0,0,0,0,141,0,0,0,0
zc,TA209,2012-06-04 09:00:25.457,7464.0000,647218,76,0.0000,108.0000,92,16,空开,S,7468.0000,0.0000,0.0000,0.0000,0.0000,7470.0000,0.0000,0.0000,0.0000,0.0000,2,0,0,0,0,131,0,0,0,0
zc,TA209,2012-06-04 09:00:26.207,7472.0000,647050,-168,0.0000,324.0000,78,246,空平,B,7470.0000,0.0000,0.0000,0.0000,0.0000,7472.0000,0.0000,0.0000,0.0000,0.0000,48,0,0,0,0,254,0,0,0,0
zc,TA209,2012-06-04 09:00:30.253,7470.0000,646558,-492,0.0000,3318.0000,1413,1905,多平,S,7468.0000,0.0000,0.0000,0.0000,0.0000,7472.0000,0.0000,0.0000,0.0000,0.0000,20,0,0,0,0,4,0,0,0,0
zc,TA209,2012-06-04 09:00:30.957,7472.0000,646476,-82,0.0000,114.0000,16,98,空平,B,7472.0000,0.0000,0.0000,0.0000,0.0000,7474.0000,0.0000,0.0000,0.0000,0.0000,4,0,0,0,0,243,0,0,0,0
zc,TA209,2012-06-04 09:00:31.473,7472.0000,646400,-76,0.0000,110.0000,17,93,空平,B,7470.0000,0.0000,0.0000,0.0000,0.0000,7472.0000,0.0000,0.0000,0.0000,0.0000,28,0,0,0,0,5,0,0,0,0
zc,TA209,2012-06-04 09:00:32.223,7472.0000,646420,20,0.0000,110.0000,65,45,多开,B,7470.0000,0.0000,0.0000,0.0000,0.0000,7472.0000,0.0000,0.0000,0.0000,0.0000,25,0,0,0,0,3,0,0,0,0
zc,TA209,2012-06-04 09:00:32.723,7470.0000,646506,86,0.0000,164.0000,125,39,空开,S,7466.0000,0.0000,0.0000,0.0000,0.0000,7470.0000,0.0000,0.0000,0.0000,0.0000,372,0,0,0,0,832,0,0,0,0
zc,TA209,2012-06-04 09:00:33.440,7470.0000,646606,100,0.0000,656.0000,378,278,空开,S,7466.0000,0.0000,0.0000,0.0000,0.0000,7470.0000,0.0000,0.0000,0.0000,0.0000,364,0,0,0,0,560,0,0,0,0
zc,TA209,2012-06-04 09:00:34.223,7466.0000,646676,70,0.0000,786.0000,428,358,空开,S,7464.0000,0.0000,0.0000,0.0000,0.0000,7466.0000,0.0000,0.0000,0.0000,0.0000,14,0,0,0,0,186,0,0,0,0
zc,TA209,2012-06-04 09:00:34.957,7466.0000,646716,40,0.0000,278.0000,159,119,空开,S,7464.0000,0.0000,0.0000,0.0000,0.0000,7466.0000,0.0000,0.0000,0.0000,0.0000,15,0,0,0,0,145,0,0,0,0
zc,TA209,2012-06-04 09:00:35.487,7464.0000,646812,96,0.0000,226.0000,161,65,空开,S,7462.0000,0.0000,0.0000,0.0000,0.0000,7464.0000,0.0000,0.0000,0.0000,0.0000,125,0,0,0,0,83,0,0,0,0
zc,TA209,2012-06-04 09:00:36.190,7464.0000,646558,-254,0.0000,296.0000,21,275,多平,S,7462.0000,0.0000,0.0000,0.0000,0.0000,7464.0000,0.0000,0.0000,0.0000,0.0000,119,0,0,0,0,137,0,0,0,0
zc,TA209,2012-06-04 09:00:36.707,7462.0000,646512,-46,0.0000,86.0000,20,66,多平,S,7462.0000,0.0000,0.0000,0.0000,0.0000,7464.0000,0.0000,0.0000,0.0000,0.0000,127,0,0,0,0,104,0,0,0,0
zc,TA209,2012-06-04 09:00:37.427,7462.0000,646462,-50,0.0000,138.0000,44,94,多平,S,7462.0000,0.0000,0.0000,0.0000,0.0000,7464.0000,0.0000,0.0000,0.0000,0.0000,72,0,0,0,0,95,0,0,0,0
zc,TA209,2012-06-04 09:00:38.207,7462.0000,646552,90,0.0000,234.0000,162,72,空开,S,7460.0000,0.0000,0.0000,0.0000,0.0000,7462.0000,0.0000,0.0000,0.0000,0.0000,489,0,0,0,0,67,0,0,0,0
zc,TA209,2012-06-04 09:00:38.973,7462.0000,646580,28,0.0000,176.0000,102,74,空开,S,7462.0000,0.0000,0.0000,0.0000,0.0000,7464.0000,0.0000,0.0000,0.0000,0.0000,132,0,0,0,0,75,0,0,0,0
zc,TA209,2012-06-04 09:00:39.473,7460.0000,646676,96,0.0000,1300.0000,698,602,空开,S,7458.0000,0.0000,0.0000,0.0000,0.0000,7460.0000,0.0000,0.0000,0.0000,0.0000,38,0,0,0,0,190,0,0,0,0
zc,TA209,2012-06-04 09:00:40.487,7458.0000,646526,-150,0.0000,350.0000,100,250,多平,S,7456.0000,0.0000,0.0000,0.0000,0.0000,7458.0000,0.0000,0.0000,0.0000,0.0000,18,0,0,0,0,7,0,0,0,0
zc,TA209,2012-06-04 09:00:41.207,7454.0000,646532,6,0.0000,200.0000,103,97,空开,S,7452.0000,0.0000,0.0000,0.0000,0.0000,7454.0000,0.0000,0.0000,0.0000,0.0000,159,0,0,0,0,53,0,0,0,0
zc,TA209,2012-06-04 09:00:41.987,7452.0000,646536,4,0.0000,66.0000,35,31,空开,S,7452.0000,0.0000,0.0000,0.0000,0.0000,7454.0000,0.0000,0.0000,0.0000,0.0000,148,0,0,0,0,72,0,0,0,0
zc,TA209,2012-06-04 09:00:42.457,7452.0000,646840,304,0.0000,392.0000,348,44,空开,S,7450.0000,0.0000,0.0000,0.0000,0.0000,7452.0000,0.0000,0.0000,0.0000,0.0000,175,0,0,0,0,136,0,0,0,0
zc,TA209,2012-06-04 09:00:43.177,7452.0000,646912,72,0.0000,184.0000,128,56,空开,S,7450.0000,0.0000,0.0000,0.0000,0.0000,7452.0000,0.0000,0.0000,0.0000,0.0000,109,0,0,0,0,257,0,0,0,0
zc,TA209,2012-06-04 09:00:43.473,7450.0000,646926,14,0.0000,268.0000,141,127,空开,S,7446.0000,0.0000,0.0000,0.0000,0.0000,7450.0000,0.0000,0.0000,0.0000,0.0000,126,0,0,0,0,62,0,0,0,0
zc,TA209,2012-06-04 09:00:44.190,7450.0000,646632,-294,0.0000,324.0000,15,309,多平,S,7442.0000,0.0000,0.0000,0.0000,0.0000,7450.0000,0.0000,0.0000,0.0000,0.0000,18,0,0,0,0,167,0,0,0,0
zc,TA209,2012-06-04 09:00:44.987,7448.0000,646524,-108,0.0000,236.0000,64,172,多平,S,7448.0000,0.0000,0.0000,0.0000,0.0000,7450.0000,0.0000,0.0000,0.0000,0.0000,58,0,0,0,0,206,0,0,0,0
zc,TA209,2012-06-04 09:00:45.677,7448.0000,646476,-48,0.0000,70.0000,11,59,多平,S,7448.0000,0.0000,0.0000,0.0000,0.0000,7450.0000,0.0000,0.0000,0.0000,0.0000,28,0,0,0,0,285,0,0,0,0
zc,TA209,2012-06-04 09:00:46.707,7444.0000,646488,12,0.0000,376.0000,194,182,空开,S,7442.0000,0.0000,0.0000,0.0000,0.0000,7446.0000,0.0000,0.0000,0.0000,0.0000,101,0,0,0,0,50,0,0,0,0
zc,TA209,2012-06-04 09:00:47.457,7442.0000,646288,-200,0.0000,372.0000,86,286,多平,S,7442.0000,0.0000,0.0000,0.0000,0.0000,7444.0000,0.0000,0.0000,0.0000,0.0000,92,0,0,0,0,3,0,0,0,0
zc,TA209,2012-06-04 09:00:48.190,7444.0000,646226,-62,0.0000,284.0000,111,173,空平,B,7442.0000,0.0000,0.0000,0.0000,0.0000,7444.0000,0.0000,0.0000,0.0000,0.0000,5,0,0,0,0,2,0,0,0,0
zc,TA209,2012-06-04 09:00:48.723,7442.0000,646200,-26,0.0000,114.0000,44,70,多平,S,7440.0000,0.0000,0.0000,0.0000,0.0000,7442.0000,0.0000,0.0000,0.0000,0.0000,86,0,0,0,0,177,0,0,0,0
zc,TA209,2012-06-04 09:00:49.707,7440.0000,646244,44,0.0000,182.0000,113,69,空开,S,7440.0000,0.0000,0.0000,0.0000,0.0000,7442.0000,0.0000,0.0000,0.0000,0.0000,63,0,0,0,0,174,0,0,0,0
zc,TA209,2012-06-04 09:00:50.440,7440.0000,646512,268,0.0000,438.0000,353,85,空开,S,7436.0000,0.0000,0.0000,0.0000,0.0000,7440.0000,0.0000,0.0000,0.0000,0.0000,68,0,0,0,0,9,0,0,0,0
zc,TA209,2012-06-04 09:00:51.190,7440.0000,646520,8,0.0000,40.0000,24,16,空开,S,7436.0000,0.0000,0.0000,0.0000,0.0000,7440.0000,0.0000,0.0000,0.0000,0.0000,71,0,0,0,0,63,0,0,0,0
zc,TA209,2012-06-04 09:00:51.473,7440.0000,646586,66,0.0000,108.0000,87,21,空开,S,7436.0000,0.0000,0.0000,0.0000,0.0000,7440.0000,0.0000,0.0000,0.0000,0.0000,58,0,0,0,0,62,0,0,0,0
zc,TA209,2012-06-04 09:00:52.223,7438.0000,646640,54,0.0000,146.0000,100,46,空开,S,7436.0000,0.0000,0.0000,0.0000,0.0000,7438.0000,0.0000,0.0000,0.0000,0.0000,51,0,0,0,0,49,0,0,0,0
zc,TA209,2012-06-04 09:00:52.690,7436.0000,646594,-46,0.0000,328.0000,141,187,多平,S,7434.0000,0.0000,0.0000,0.0000,0.0000,7436.0000,0.0000,0.0000,0.0000,0.0000,5,0,0,0,0,55,0,0,0,0
zc,TA209,2012-06-04 09:00:53.440,7434.0000,646656,62,0.0000,148.0000,105,43,空开,S,7432.0000,0.0000,0.0000,0.0000,0.0000,7434.0000,0.0000,0.0000,0.0000,0.0000,111,0,0,0,0,1,0,0,0,0
zc,TA209,2012-06-04 09:00:53.957,7432.0000,646602,-54,0.0000,266.0000,106,160,多平,S,7432.0000,0.0000,0.0000,0.0000,0.0000,7434.0000,0.0000,0.0000,0.0000,0.0000,79,0,0,0,0,86,0,0,0,0
zc,TA209,2012-06-04 09:00:54.723,7432.0000,646568,-34,0.0000,226.0000,96,130,多平,S,7430.0000,0.0000,0.0000,0.0000,0.0000,7432.0000,0.0000,0.0000,0.0000,0.0000,134,0,0,0,0,156,0,0,0,0
zc,TA209,2012-06-04 09:00:55.223,7430.0000,646436,-132,0.0000,300.0000,84,216,多平,S,7428.0000,0.0000,0.0000,0.0000,0.0000,7430.0000,0.0000,0.0000,0.0000,0.0000,16,0,0,0,0,405,0,0,0,0
zc,TA209,2012-06-04 09:00:55.677,7428.0000,646688,252,0.0000,362.0000,307,55,空开,S,7426.0000,0.0000,0.0000,0.0000,0.0000,7428.0000,0.0000,0.0000,0.0000,0.0000,2,0,0,0,0,2,0,0,0,0
zc,TA209,2012-06-04 09:00:56.473,7424.0000,646752,64,0.0000,374.0000,219,155,空开,S,7422.0000,0.0000,0.0000,0.0000,0.0000,7424.0000,0.0000,0.0000,0.0000,0.0000,21,0,0,0,0,15,0,0,0,0
zc,TA209,2012-06-04 09:00:56.940,7426.0000,646784,32,0.0000,142.0000,87,55,多开,B,7422.0000,0.0000,0.0000,0.0000,0.0000,7426.0000,0.0000,0.0000,0.0000,0.0000,5,0,0,0,0,618,0,0,0,0
zc,TA209,2012-06-04 09:00:57.737,7422.0000,646954,170,0.0000,382.0000,276,106,空开,S,7420.0000,0.0000,0.0000,0.0000,0.0000,7422.0000,0.0000,0.0000,0.0000,0.0000,158,0,0,0,0,12,0,0,0,0
zc,TA209,2012-06-04 09:00:58.190,7422.0000,646944,-10,0.0000,114.0000,52,62,多平,S,7420.0000,0.0000,0.0000,0.0000,0.0000,7422.0000,0.0000,0.0000,0.0000,0.0000,140,0,0,0,0,85,0,0,0,0
zc,TA209,2012-06-04 09:00:58.927,7420.0000,646910,-34,0.0000,170.0000,68,102,多平,S,7420.0000,0.0000,0.0000,0.0000,0.0000,7422.0000,0.0000,0.0000,0.0000,0.0000,85,0,0,0,0,98,0,0,0,0
zc,TA209,2012-06-04 09:00:59.457,7414.0000,646420,-490,0.0000,790.0000,150,640,多平,S,7412.0000,0.0000,0.0000,0.0000,0.0000,7414.0000,0.0000,0.0000,0.0000,0.0000,85,0,0,0,0,407,0,0,0,0
zc,TA209,2012-06-04 09:01:00.440,7412.0000,646416,-4,0.0000,214.0000,105,109,多平,S,7412.0000,0.0000,0.0000,0.0000,0.0000,7414.0000,0.0000,0.0000,0.0000,0.0000,34,0,0,0,0,348,0,0,0,0
zc,TA209,2012-06-04 09:01:01.190,7410.0000,646064,-352,0.0000,476.0000,62,414,多平,S,7410.0000,0.0000,0.0000,0.0000,0.0000,7412.0000,0.0000,0.0000,0.0000,0.0000,53,0,0,0,0,813,0,0,0,0
zc,TA209,2012-06-04 09:01:01.723,7410.0000,646118,54,0.0000,200.0000,127,73,空开,S,7408.0000,0.0000,0.0000,0.0000,0.0000,7410.0000,0.0000,0.0000,0.0000,0.0000,23,0,0,0,0,68,0,0,0,0
zc,TA209,2012-06-04 09:01:02.457,7412.0000,646222,104,0.0000,292.0000,198,94,多开,B,7410.0000,0.0000,0.0000,0.0000,0.0000,7412.0000,0.0000,0.0000,0.0000,0.0000,12,0,0,0,0,1836,0,0,0,0
zc,TA209,2012-06-04 09:01:03.207,7408.0000,646292,70,0.0000,198.0000,134,64,空开,S,7406.0000,0.0000,0.0000,0.0000,0.0000,7408.0000,0.0000,0.0000,0.0000,0.0000,116,0,0,0,0,48,0,0,0,0
zc,TA209,2012-06-04 09:01:03.940,7408.0000,646438,146,0.0000,484.0000,315,169,空开,S,7406.0000,0.0000,0.0000,0.0000,0.0000,7408.0000,0.0000,0.0000,0.0000,0.0000,20,0,0,0,0,12,0,0,0,0
zc,TA209,2012-06-04 09:01:04.457,7406.0000,646294,-144,0.0000,278.0000,67,211,多平,S,7404.0000,0.0000,0.0000,0.0000,0.0000,7406.0000,0.0000,0.0000,0.0000,0.0000,121,0,0,0,0,118,0,0,0,0
zc,TA209,2012-06-04 09:01:04.940,7404.0000,646268,-26,0.0000,358.0000,166,192,多平,S,7402.0000,0.0000,0.0000,0.0000,0.0000,7404.0000,0.0000,0.0000,0.0000,0.0000,149,0,0,0,0,309,0,0,0,0
zc,TA209,2012-06-04 09:01:05.690,7404.0000,646312,44,0.0000,298.0000,171,127,空开,S,7402.0000,0.0000,0.0000,0.0000,0.0000,7404.0000,0.0000,0.0000,0.0000,0.0000,105,0,0,0,0,318,0,0,0,0
zc,TA209,2012-06-04 09:01:06.223,7400.0000,646472,160,0.0000,374.0000,267,107,空开,S,7400.0000,0.0000,0.0000,0.0000,0.0000,7402.0000,0.0000,0.0000,0.0000,0.0000,40,0,0,0,0,491,0,0,0,0
zc,TA209,2012-06-04 09:01:06.973,7400.0000,646188,-284,0.0000,486.0000,101,385,多平,S,7388.0000,0.0000,0.0000,0.0000,0.0000,7390.0000,0.0000,0.0000,0.0000,0.0000,30,0,0,0,0,116,0,0,0,0
zc,TA209,2012-06-04 09:01:07.503,7390.0000,646240,52,0.0000,322.0000,187,135,空开,S,7378.0000,0.0000,0.0000,0.0000,0.0000,7390.0000,0.0000,0.0000,0.0000,0.0000,470,0,0,0,0,78,0,0,0,0
zc,TA209,2012-06-04 09:01:08.207,7378.0000,646218,-22,0.0000,74.0000,26,48,多平,S,7378.0000,0.0000,0.0000,0.0000,0.0000,7388.0000,0.0000,0.0000,0.0000,0.0000,446,0,0,0,0,598,0,0,0,0
zc,TA209,2012-06-04 09:01:08.690,7378.0000,646228,10,0.0000,1080.0000,545,535,空开,S,7378.0000,0.0000,0.0000,0.0000,0.0000,7386.0000,0.0000,0.0000,0.0000,0.0000,406,0,0,0,0,16,0,0,0,0
zc,TA209,2012-06-04 09:01:09.457,7386.0000,645984,-244,0.0000,520.0000,138,382,空平,B,7386.0000,0.0000,0.0000,0.0000,0.0000,7388.0000,0.0000,0.0000,0.0000,0.0000,34,0,0,0,0,247,0,0,0,0
zc,TA209,2012-06-04 09:01:10.237,7384.0000,645820,-164,0.0000,638.0000,237,401,多平,S,7384.0000,0.0000,0.0000,0.0000,0.0000,7386.0000,0.0000,0.0000,0.0000,0.0000,38,0,0,0,0,190,0,0,0,0
zc,TA209,2012-06-04 09:01:10.940,7384.0000,645538,-282,0.0000,618.0000,168,450,多平,S,7378.0000,0.0000,0.0000,0.0000,0.0000,7380.0000,0.0000,0.0000,0.0000,0.0000,281,0,0,0,0,1,0,0,0,0
zc,TA209,2012-06-04 09:01:11.723,7378.0000,645440,-98,0.0000,770.0000,336,434,多平,S,7374.0000,0.0000,0.0000,0.0000,0.0000,7378.0000,0.0000,0.0000,0.0000,0.0000,13,0,0,0,0,604,0,0,0,0
zc,TA209,2012-06-04 09:01:12.223,7378.0000,645476,36,0.0000,124.0000,80,44,空开,S,7372.0000,0.0000,0.0000,0.0000,0.0000,7374.0000,0.0000,0.0000,0.0000,0.0000,5,0,0,0,0,76,0,0,0,0
zc,TA209,2012-06-04 09:01:12.957,7372.0000,645452,-24,0.0000,138.0000,57,81,多平,S,7368.0000,0.0000,0.0000,0.0000,0.0000,7372.0000,0.0000,0.0000,0.0000,0.0000,2,0,0,0,0,25,0,0,0,0
zc,TA209,2012-06-04 09:01:13.427,7362.0000,645348,-104,0.0000,480.0000,188,292,多平,S,7362.0000,0.0000,0.0000,0.0000,0.0000,7368.0000,0.0000,0.0000,0.0000,0.0000,14,0,0,0,0,3,0,0,0,0
zc,TA209,2012-06-04 09:01:14.207,7362.0000,645358,10,0.0000,324.0000,167,157,空开,S,7356.0000,0.0000,0.0000,0.0000,0.0000,7362.0000,0.0000,0.0000,0.0000,0.0000,44,0,0,0,0,17,0,0,0,0
zc,TA209,2012-06-04 09:01:14.940,7356.0000,645268,-90,0.0000,180.0000,45,135,多平,S,7356.0000,0.0000,0.0000,0.0000,0.0000,7362.0000,0.0000,0.0000,0.0000,0.0000,16,0,0,0,0,204,0,0,0,0
zc,TA209,2012-06-04 09:01:15.440,7362.0000,645424,156,0.0000,264.0000,210,54,多开,B,7356.0000,0.0000,0.0000,0.0000,0.0000,7362.0000,0.0000,0.0000,0.0000,0.0000,128,0,0,0,0,169,0,0,0,0
zc,TA209,2012-06-04 09:01:16.207,7356.0000,645576,152,0.0000,734.0000,443,291,空开,S,7354.0000,0.0000,0.0000,0.0000,0.0000,7356.0000,0.0000,0.0000,0.0000,0.0000,788,0,0,0,0,140,0,0,0,0
zc,TA209,2012-06-04 09:01:16.723,7356.0000,645608,32,0.0000,708.0000,370,338,空开,S,7356.0000,0.0000,0.0000,0.0000,0.0000,7362.0000,0.0000,0.0000,0.0000,0.0000,9,0,0,0,0,669,0,0,0,0
zc,TA209,2012-06-04 09:01:17.190,7362.0000,644554,-1054,0.0000,1482.0000,214,1268,空平,B,7360.0000,0.0000,0.0000,0.0000,0.0000,7362.0000,0.0000,0.0000,0.0000,0.0000,5,0,0,0,0,633,0,0,0,0
zc,TA209,2012-06-04 09:01:17.973,7360.0000,644708,154,0.0000,712.0000,433,279,空开,S,7358.0000,0.0000,0.0000,0.0000,0.0000,7360.0000,0.0000,0.0000,0.0000,0.0000,1,0,0,0,0,107,0,0,0,0
zc,TA209,2012-06-04 09:01:18.690,7360.0000,645556,848,0.0000,1370.0000,1109,261,空开,S,7356.0000,0.0000,0.0000,0.0000,0.0000,7360.0000,0.0000,0.0000,0.0000,0.0000,174,0,0,0,0,69,0,0,0,0
zc,TA209,2012-06-04 09:01:19.223,7360.0000,645910,354,0.0000,580.0000,467,113,空开,S,7360.0000,0.0000,0.0000,0.0000,0.0000,7362.0000,0.0000,0.0000,0.0000,0.0000,177,0,0,0,0,513,0,0,0,0
zc,TA209,2012-06-04 09:01:19.940,7362.0000,645952,42,0.0000,386.0000,214,172,多开,B,7360.0000,0.0000,0.0000,0.0000,0.0000,7362.0000,0.0000,0.0000,0.0000,0.0000,192,0,0,0,0,432,0,0,0,0
zc,TA209,2012-06-04 09:01:20.427,7362.0000,646056,104,0.0000,1068.0000,586,482,多开,B,7366.0000,0.0000,0.0000,0.0000,0.0000,7368.0000,0.0000,0.0000,0.0000,0.0000,1,0,0,0,0,17,0,0,0,0
zc,TA209,2012-06-04 09:01:21.207,7364.0000,646080,24,0.0000,206.0000,115,91,多开,B,7368.0000,0.0000,0.0000,0.0000,0.0000,7372.0000,0.0000,0.0000,0.0000,0.0000,2,0,0,0,0,713,0,0,0,0
zc,TA209,2012-06-04 09:01:21.723,7364.0000,646100,20,0.0000,192.0000,106,86,多开,B,7364.0000,0.0000,0.0000,0.0000,0.0000,7366.0000,0.0000,0.0000,0.0000,0.0000,75,0,0,0,0,203,0,0,0,0
zc,TA209,2012-06-04 09:01:22.427,7364.0000,646180,80,0.0000,256.0000,168,88,多开,B,7364.0000,0.0000,0.0000,0.0000,0.0000,7366.0000,0.0000,0.0000,0.0000,0.0000,14,0,0,0,0,151,0,0,0,0
zc,TA209,2012-06-04 09:01:22.957,7362.0000,646118,-62,0.0000,332.0000,135,197,多平,S,7362.0000,0.0000,0.0000,0.0000,0.0000,7366.0000,0.0000,0.0000,0.0000,0.0000,466,0,0,0,0,107,0,0,0,0
zc,TA209,2012-06-04 09:01:23.660,7366.0000,646296,178,0.0000,1048.0000,613,435,多开,B,7364.0000,0.0000,0.0000,0.0000,0.0000,7366.0000,0.0000,0.0000,0.0000,0.0000,5,0,0,0,0,711,0,0,0,0
zc,TA209,2012-06-04 09:01:24.440,7362.0000,645488,-808,0.0000,976.0000,84,892,多平,S,7362.0000,0.0000,0.0000,0.0000,0.0000,7364.0000,0.0000,0.0000,0.0000,0.0000,194,0,0,0,0,132,0,0,0,0
zc,TA209,2012-06-04 09:01:24.940,7362.0000,645314,-174,0.0000,850.0000,338,512,多平,S,7362.0000,0.0000,0.0000,0.0000,0.0000,7364.0000,0.0000,0.0000,0.0000,0.0000,150,0,0,0,0,55,0,0,0,0
zc,TA209,2012-06-04 09:01:25.427,7364.0000,645454,140,0.0000,358.0000,249,109,多开,B,7362.0000,0.0000,0.0000,0.0000,0.0000,7364.0000,0.0000,0.0000,0.0000,0.0000,92,0,0,0,0,16,0,0,0,0
zc,TA209,2012-06-04 09:01:26.177,7362.0000,645514,60,0.0000,290.0000,175,115,空开,S,7360.0000,0.0000,0.0000,0.0000,0.0000,7362.0000,0.0000,0.0000,0.0000,0.0000,381,0,0,0,0,52,0,0,0,0
zc,TA209,2012-06-04 09:01:26.677,7360.0000,645580,66,0.0000,214.0000,140,74,空开,S,7360.0000,0.0000,0.0000,0.0000,0.0000,7362.0000,0.0000,0.0000,0.0000,0.0000,342,0,0,0,0,117,0,0,0,0
zc,TA209,2012-06-04 09:01:27.427,7362.0000,645618,38,0.0000,208.0000,123,85,多开,B,7360.0000,0.0000,0.0000,0.0000,0.0000,7362.0000,0.0000,0.0000,0.0000,0.0000,309,0,0,0,0,120,0,0,0,0
zc,TA209,2012-06-04 09:01:27.927,7360.0000,645580,-38,0.0000,746.0000,354,392,多平,S,7358.0000,0.0000,0.0000,0.0000,0.0000,7360.0000,0.0000,0.0000,0.0000,0.0000,117,0,0,0,0,10,0,0,0,0
zc,TA209,2012-06-04 09:01:28.677,7360.0000,645746,166,0.0000,494.0000,330,164,空开,S,7358.0000,0.0000,0.0000,0.0000,0.0000,7360.0000,0.0000,0.0000,0.0000,0.0000,28,0,0,0,0,195,0,0,0,0
zc,TA209,2012-06-04 09:01:29.207,7360.0000,645692,-54,0.0000,596.0000,271,325,多平,S,7356.0000,0.0000,0.0000,0.0000,0.0000,7358.0000,0.0000,0.0000,0.0000,0.0000,3,0,0,0,0,15,0,0,0,0
zc,TA209,2012-06-04 09:01:30.207,7356.0000,645434,-258,0.0000,1398.0000,570,828,多平,S,7354.0000,0.0000,0.0000,0.0000,0.0000,7356.0000,0.0000,0.0000,0.0000,0.0000,196,0,0,0,0,94,0,0,0,0
zc,TA209,2012-06-04 09:01:30.660,7356.0000,645404,-30,0.0000,114.0000,42,72,多平,S,7354.0000,0.0000,0.0000,0.0000,0.0000,7356.0000,0.0000,0.0000,0.0000,0.0000,167,0,0,0,0,117,0,0,0,0
zc,TA209,2012-06-04 09:01:31.410,7356.0000,645376,-28,0.0000,146.0000,59,87,多平,S,7354.0000,0.0000,0.0000,0.0000,0.0000,7356.0000,0.0000,0.0000,0.0000,0.0000,136,0,0,0,0,98,0,0,0,0
zc,TA209,2012-06-04 09:01:31.957,7360.0000,645316,-60,0.0000,688.0000,314,374,空平,B,7354.0000,0.0000,0.0000,0.0000,0.0000,7360.0000,0.0000,0.0000,0.0000,0.0000,48,0,0,0,0,200,0,0,0,0
zc,TA209,2012-06-04 09:01:32.690,7356.0000,645318,2,0.0000,112.0000,57,55,空开,S,7356.0000,0.0000,0.0000,0.0000,0.0000,7360.0000,0.0000,0.0000,0.0000,0.0000,11,0,0,0,0,171,0,0,0,0
zc,TA209,2012-06-04 09:01:33.143,7354.0000,645462,144,0.0000,510.0000,327,183,空开,S,7356.0000,0.0000,0.0000,0.0000,0.0000,7360.0000,0.0000,0.0000,0.0000,0.0000,1,0,0,0,0,169,0,0,0,0
zc,TA209,2012-06-04 09:01:33.940,7358.0000,645458,-4,0.0000,38.0000,17,21,空平,B,7358.0000,0.0000,0.0000,0.0000,0.0000,7360.0000,0.0000,0.0000,0.0000,0.0000,9,0,0,0,0,166,0,0,0,0
zc,TA209,2012-06-04 09:01:34.473,7356.0000,645468,10,0.0000,304.0000,157,147,空开,S,7354.0000,0.0000,0.0000,0.0000,0.0000,7356.0000,0.0000,0.0000,0.0000,0.0000,54,0,0,0,0,5,0,0,0,0
zc,TA209,2012-06-04 09:01:35.410,7360.0000,645722,254,0.0000,538.0000,396,142,多开,B,7354.0000,0.0000,0.0000,0.0000,0.0000,7360.0000,0.0000,0.0000,0.0000,0.0000,62,0,0,0,0,152,0,0,0,0
zc,TA209,2012-06-04 09:01:35.957,7360.0000,645740,18,0.0000,84.0000,51,33,多开,B,7356.0000,0.0000,0.0000,0.0000,0.0000,7358.0000,0.0000,0.0000,0.0000,0.0000,47,0,0,0,0,2,0,0,0,0
zc,TA209,2012-06-04 09:01:36.427,7360.0000,645462,-278,0.0000,766.0000,244,522,空平,B,7352.0000,0.0000,0.0000,0.0000,0.0000,7360.0000,0.0000,0.0000,0.0000,0.0000,99,0,0,0,0,27,0,0,0,0
zc,TA209,2012-06-04 09:01:37.207,7352.0000,645486,24,0.0000,246.0000,135,111,空开,S,7352.0000,0.0000,0.0000,0.0000,0.0000,7354.0000,0.0000,0.0000,0.0000,0.0000,136,0,0,0,0,127,0,0,0,0
zc,TA209,2012-06-04 09:01:37.957,7354.0000,645444,-42,0.0000,230.0000,94,136,空平,B,7352.0000,0.0000,0.0000,0.0000,0.0000,7354.0000,0.0000,0.0000,0.0000,0.0000,158,0,0,0,0,20,0,0,0,0
zc,TA209,2012-06-04 09:01:38.427,7354.0000,645356,-88,0.0000,794.0000,353,441,空平,B,7354.0000,0.0000,0.0000,0.0000,0.0000,7356.0000,0.0000,0.0000,0.0000,0.0000,301,0,0,0,0,131,0,0,0,0
zc,TA209,2012-06-04 09:01:39.237,7356.0000,645452,96,0.0000,152.0000,124,28,多开,B,7354.0000,0.0000,0.0000,0.0000,0.0000,7356.0000,0.0000,0.0000,0.0000,0.0000,351,0,0,0,0,93,0,0,0,0
zc,TA209,2012-06-04 09:01:39.660,7360.0000,645712,260,0.0000,574.0000,417,157,多开,B,7356.0000,0.0000,0.0000,0.0000,0.0000,7360.0000,0.0000,0.0000,0.0000,0.0000,375,0,0,0,0,78,0,0,0,0
zc,TA209,2012-06-04 09:01:40.457,7360.0000,645814,102,0.0000,210.0000,156,54,多开,B,7360.0000,0.0000,0.0000,0.0000,0.0000,7362.0000,0.0000,0.0000,0.0000,0.0000,29,0,0,0,0,285,0,0,0,0
zc,TA209,2012-06-04 09:01:41.190,7360.0000,645880,66,0.0000,168.0000,117,51,多开,B,7360.0000,0.0000,0.0000,0.0000,0.0000,7362.0000,0.0000,0.0000,0.0000,0.0000,57,0,0,0,0,246,0,0,0,0
zc,TA209,2012-06-04 09:01:41.677,7360.0000,645874,-6,0.0000,212.0000,103,109,空平,B,7360.0000,0.0000,0.0000,0.0000,0.0000,7362.0000,0.0000,0.0000,0.0000,0.0000,93,0,0,0,0,176,0,0,0,0
zc,TA209,2012-06-04 09:01:42.410,7362.0000,645814,-60,0.0000,246.0000,93,153,空平,B,7360.0000,0.0000,0.0000,0.0000,0.0000,7362.0000,0.0000,0.0000,0.0000,0.0000,588,0,0,0,0,77,0,0,0,0
zc,TA209,2012-06-04 09:01:42.940,7364.0000,646076,262,0.0000,742.0000,502,240,多开,B,7362.0000,0.0000,0.0000,0.0000,0.0000,7364.0000,0.0000,0.0000,0.0000,0.0000,184,0,0,0,0,154,0,0,0,0
zc,TA209,2012-06-04 09:01:43.457,7362.0000,646244,168,0.0000,434.0000,301,133,空开,S,7362.0000,0.0000,0.0000,0.0000,0.0000,7364.0000,0.0000,0.0000,0.0000,0.0000,76,0,0,0,0,88,0,0,0,0
zc,TA209,2012-06-04 09:01:44.190,7366.0000,646284,40,0.0000,518.0000,279,239,多开,B,7362.0000,0.0000,0.0000,0.0000,0.0000,7366.0000,0.0000,0.0000,0.0000,0.0000,187,0,0,0,0,9,0,0,0,0
zc,TA209,2012-06-04 09:01:44.707,7368.0000,646312,28,0.0000,126.0000,77,49,多开,B,7364.0000,0.0000,0.0000,0.0000,0.0000,7368.0000,0.0000,0.0000,0.0000,0.0000,13,0,0,0,0,3,0,0,0,0
zc,TA209,2012-06-04 09:01:45.410,7366.0000,646338,26,0.0000,80.0000,53,27,空开,S,7366.0000,0.0000,0.0000,0.0000,0.0000,7368.0000,0.0000,0.0000,0.0000,0.0000,29,0,0,0,0,9,0,0,0,0
zc,TA209,2012-06-04 09:01:46.677,7368.0000,646392,54,0.0000,506.0000,280,226,多开,B,7368.0000,0.0000,0.0000,0.0000,0.0000,7370.0000,0.0000,0.0000,0.0000,0.0000,477,0,0,0,0,41,0,0,0,0
zc,TA209,2012-06-04 09:01:47.457,7370.0000,646400,8,0.0000,190.0000,99,91,多开,B,7370.0000,0.0000,0.0000,0.0000,0.0000,7372.0000,0.0000,0.0000,0.0000,0.0000,5,0,0,0,0,503,0,0,0,0
zc,TA209,2012-06-04 09:01:47.957,7372.0000,646272,-128,0.0000,284.0000,78,206,空平,B,7370.0000,0.0000,0.0000,0.0000,0.0000,7372.0000,0.0000,0.0000,0.0000,0.0000,138,0,0,0,0,492,0,0,0,0
zc,TA209,2012-06-04 09:01:48.690,7370.0000,646350,78,0.0000,942.0000,510,432,空开,S,7368.0000,0.0000,0.0000,0.0000,0.0000,7372.0000,0.0000,0.0000,0.0000,0.0000,685,0,0,0,0,240,0,0,0,0
zc,TA209,2012-06-04 09:01:49.160,7370.0000,645932,-418,0.0000,724.0000,153,571,多平,S,7370.0000,0.0000,0.0000,0.0000,0.0000,7372.0000,0.0000,0.0000,0.0000,0.0000,2,0,0,0,0,6,0,0,0,0
zc,TA209,2012-06-04 09:01:49.927,7368.0000,646058,126,0.0000,210.0000,168,42,空开,S,7368.0000,0.0000,0.0000,0.0000,0.0000,7370.0000,0.0000,0.0000,0.0000,0.0000,674,0,0,0,0,111,0,0,0,0
zc,TA209,2012-06-04 09:01:50.440,7368.0000,645766,-292,0.0000,1170.0000,439,731,多平,S,7368.0000,0.0000,0.0000,0.0000,0.0000,7374.0000,0.0000,0.0000,0.0000,0.0000,385,0,0,0,0,19,0,0,0,0
zc,TA209,2012-06-04 09:01:51.190,7370.0000,645772,6,0.0000,374.0000,190,184,多开,B,7372.0000,0.0000,0.0000,0.0000,0.0000,7374.0000,0.0000,0.0000,0.0000,0.0000,1,0,0,0,0,1,0,0,0,0
zc,TA209,2012-06-04 09:01:51.690,7374.0000,645822,50,0.0000,240.0000,145,95,多开,B,7370.0000,0.0000,0.0000,0.0000,0.0000,7374.0000,0.0000,0.0000,0.0000,0.0000,3,0,0,0,0,149,0,0,0,0
zc,TA209,2012-06-04 09:01:52.393,7372.0000,645826,4,0.0000,90.0000,47,43,空开,S,7370.0000,0.0000,0.0000,0.0000,0.0000,7372.0000,0.0000,0.0000,0.0000,0.0000,5,0,0,0,0,80,0,0,0,0
zc,TA209,2012-06-04 09:01:52.910,7372.0000,645818,-8,0.0000,210.0000,101,109,多平,S,7372.0000,0.0000,0.0000,0.0000,0.0000,7374.0000,0.0000,0.0000,0.0000,0.0000,174,0,0,0,0,137,0,0,0,0
zc,TA209,2012-06-04 09:01:53.677,7370.0000,645888,70,0.0000,458.0000,264,194,空开,S,7368.0000,0.0000,0.0000,0.0000,0.0000,7370.0000,0.0000,0.0000,0.0000,0.0000,324,0,0,0,0,855,0,0,0,0
zc,TA209,2012-06-04 09:01:54.160,7370.0000,646538,650,0.0000,760.0000,705,55,空开,S,7368.0000,0.0000,0.0000,0.0000,0.0000,7370.0000,0.0000,0.0000,0.0000,0.0000,220,0,0,0,0,605,0,0,0,0
zc,TA209,2012-06-04 09:01:54.690,7368.0000,646410,-128,0.0000,1036.0000,454,582,多平,S,7366.0000,0.0000,0.0000,0.0000,0.0000,7368.0000,0.0000,0.0000,0.0000,0.0000,31,0,0,0,0,129,0,0,0,0
zc,TA209,2012-06-04 09:01:55.457,7368.0000,646256,-154,0.0000,264.0000,55,209,多平,S,7362.0000,0.0000,0.0000,0.0000,0.0000,7366.0000,0.0000,0.0000,0.0000,0.0000,200,0,0,0,0,5,0,0,0,0
zc,TA209,2012-06-04 09:01:56.177,7368.0000,646252,-4,0.0000,114.0000,55,59,多平,S,7362.0000,0.0000,0.0000,0.0000,0.0000,7366.0000,0.0000,0.0000,0.0000,0.0000,186,0,0,0,0,125,0,0,0,0
zc,TA209,2012-06-04 09:01:56.940,7366.0000,646278,26,0.0000,30.0000,28,2,空开,S,7364.0000,0.0000,0.0000,0.0000,0.0000,7366.0000,0.0000,0.0000,0.0000,0.0000,1,0,0,0,0,139,0,0,0,0
zc,TA209,2012-06-04 09:01:57.190,7366.0000,646826,548,0.0000,768.0000,658,110,空开,S,7364.0000,0.0000,0.0000,0.0000,0.0000,7366.0000,0.0000,0.0000,0.0000,0.0000,48,0,0,0,0,18,0,0,0,0
zc,TA209,2012-06-04 09:01:57.927,7366.0000,646670,-156,0.0000,230.0000,37,193,多平,S,7366.0000,0.0000,0.0000,0.0000,0.0000,7368.0000,0.0000,0.0000,0.0000,0.0000,38,0,0,0,0,219,0,0,0,0
zc,TA209,2012-06-04 09:01:58.440,7368.0000,646552,-118,0.0000,204.0000,43,161,空平,B,7366.0000,0.0000,0.0000,0.0000,0.0000,7368.0000,0.0000,0.0000,0.0000,0.0000,7,0,0,0,0,265,0,0,0,0
zc,TA209,2012-06-04 09:01:59.223,7364.0000,646546,-6,0.0000,106.0000,50,56,多平,S,7366.0000,0.0000,0.0000,0.0000,0.0000,7368.0000,0.0000,0.0000,0.0000,0.0000,14,0,0,0,0,246,0,0,0,0
zc,TA209,2012-06-04 09:01:59.677,7368.0000,646066,-480,0.0000,924.0000,222,702,空平,B,7368.0000,0.0000,0.0000,0.0000,0.0000,7370.0000,0.0000,0.0000,0.0000,0.0000,80,0,0,0,0,630,0,0,0,0
zc,TA209,2012-06-04 09:02:00.393,7368.0000,646064,-2,0.0000,54.0000,26,28,空平,B,7368.0000,0.0000,0.0000,0.0000,0.0000,7370.0000,0.0000,0.0000,0.0000,0.0000,109,0,0,0,0,620,0,0,0,0
zc,TA209,2012-06-04 09:02:00.690,7370.0000,646134,70,0.0000,232.0000,151,81,多开,B,7368.0000,0.0000,0.0000,0.0000,0.0000,7370.0000,0.0000,0.0000,0.0000,0.0000,103,0,0,0,0,572,0,0,0,0
zc,TA209,2012-06-04 09:02:01.410,7368.0000,646182,48,0.0000,100.0000,74,26,空开,S,7368.0000,0.0000,0.0000,0.0000,0.0000,7370.0000,0.0000,0.0000,0.0000,0.0000,99,0,0,0,0,531,0,0,0,0
zc,TA209,2012-06-04 09:02:02.177,7368.0000,646372,190,0.0000,412.0000,301,111,空开,S,7368.0000,0.0000,0.0000,0.0000,0.0000,7370.0000,0.0000,0.0000,0.0000,0.0000,35,0,0,0,0,440,0,0,0,0
zc,TA209,2012-06-04 09:02:02.690,7366.0000,646518,146,0.0000,162.0000,154,8,空开,S,7366.0000,0.0000,0.0000,0.0000,0.0000,7368.0000,0.0000,0.0000,0.0000,0.0000,224,0,0,0,0,145,0,0,0,0
zc,TA209,2012-06-04 09:02:03.410,7368.0000,646614,96,0.0000,134.0000,115,19,多开,B,7366.0000,0.0000,0.0000,0.0000,0.0000,7368.0000,0.0000,0.0000,0.0000,0.0000,202,0,0,0,0,119,0,0,0,0
zc,TA209,2012-06-04 09:02:03.910,7370.0000,646792,178,0.0000,480.0000,329,151,多开,B,7368.0000,0.0000,0.0000,0.0000,0.0000,7370.0000,0.0000,0.0000,0.0000,0.0000,1,0,0,0,0,475,0,0,0,0
zc,TA209,2012-06-04 09:02:04.690,7368.0000,646716,-76,0.0000,172.0000,48,124,多平,S,7368.0000,0.0000,0.0000,0.0000,0.0000,7370.0000,0.0000,0.0000,0.0000,0.0000,12,0,0,0,0,457,0,0,0,0
zc,TA209,2012-06-04 09:02:05.190,7368.0000,646684,-32,0.0000,114.0000,41,73,多平,S,7366.0000,0.0000,0.0000,0.0000,0.0000,7370.0000,0.0000,0.0000,0.0000,0.0000,27,0,0,0,0,451,0,0,0,0
zc,TA209,2012-06-04 09:02:05.927,7368.0000,646740,56,0.0000,538.0000,297,241,空开,S,7364.0000,0.0000,0.0000,0.0000,0.0000,7368.0000,0.0000,0.0000,0.0000,0.0000,182,0,0,0,0,1,0,0,0,0
zc,TA209,2012-06-04 09:02:06.177,7368.0000,646802,62,0.0000,84.0000,73,11,空开,S,7368.0000,0.0000,0.0000,0.0000,0.0000,7370.0000,0.0000,0.0000,0.0000,0.0000,190,0,0,0,0,345,0,0,0,0
zc,TA209,2012-06-04 09:02:06.940,7368.0000,646814,12,0.0000,106.0000,59,47,空开,S,7368.0000,0.0000,0.0000,0.0000,0.0000,7370.0000,0.0000,0.0000,0.0000,0.0000,156,0,0,0,0,330,0,0,0,0
zc,TA209,2012-06-04 09:02:07.473,7370.0000,646540,-274,0.0000,1562.0000,644,918,空平,B,7370.0000,0.0000,0.0000,0.0000,0.0000,7372.0000,0.0000,0.0000,0.0000,0.0000,64,0,0,0,0,62,0,0,0,0
zc,TA209,2012-06-04 09:02:08.177,7374.0000,646620,80,0.0000,242.0000,161,81,多开,B,7374.0000,0.0000,0.0000,0.0000,0.0000,7376.0000,0.0000,0.0000,0.0000,0.0000,14,0,0,0,0,1,0,0,0,0
zc,TA209,2012-06-04 09:02:08.707,7370.0000,646760,140,0.0000,156.0000,148,8,空开,S,7370.0000,0.0000,0.0000,0.0000,0.0000,7378.0000,0.0000,0.0000,0.0000,0.0000,56,0,0,0,0,256,0,0,0,0
zc,TA209,2012-06-04 09:02:09.143,7370.0000,646762,2,0.0000,34.0000,18,16,空开,S,7370.0000,0.0000,0.0000,0.0000,0.0000,7372.0000,0.0000,0.0000,0.0000,0.0000,53,0,0,0,0,5,0,0,0,0
zc,TA209,2012-06-04 09:02:09.940,7372.0000,646456,-306,0.0000,444.0000,69,375,空平,B,7370.0000,0.0000,0.0000,0.0000,0.0000,7374.0000,0.0000,0.0000,0.0000,0.0000,8,0,0,0,0,8,0,0,0,0
zc,TA209,2012-06-04 09:02:10.660,7370.0000,646460,4,0.0000,532.0000,268,264,空开,S,7368.0000,0.0000,0.0000,0.0000,0.0000,7370.0000,0.0000,0.0000,0.0000,0.0000,206,0,0,0,0,83,0,0,0,0
zc,TA209,2012-06-04 09:02:11.160,7372.0000,646408,-52,0.0000,188.0000,68,120,空平,B,7374.0000,0.0000,0.0000,0.0000,0.0000,7376.0000,0.0000,0.0000,0.0000,0.0000,3,0,0,0,0,9,0,0,0,0
zc,TA209,2012-06-04 09:02:11.677,7374.0000,646496,88,0.0000,116.0000,102,14,多开,B,7374.0000,0.0000,0.0000,0.0000,0.0000,7376.0000,0.0000,0.0000,0.0000,0.0000,37,0,0,0,0,3,0,0,0,0
zc,TA209,2012-06-04 09:02:12.440,7374.0000,646454,-42,0.0000,62.0000,10,52,空平,B,7374.0000,0.0000,0.0000,0.0000,0.0000,7376.0000,0.0000,0.0000,0.0000,0.0000,34,0,0,0,0,120,0,0,0,0
zc,TA209,2012-06-04 09:02:12.957,7372.0000,646530,76,0.0000,114.0000,95,19,空开,S,7372.0000,0.0000,0.0000,0.0000,0.0000,7374.0000,0.0000,0.0000,0.0000,0.0000,13,0,0,0,0,163,0,0,0,0
zc,TA209,2012-06-04 09:02:13.440,7372.0000,646526,-4,0.0000,46.0000,21,25,多平,S,7372.0000,0.0000,0.0000,0.0000,0.0000,7374.0000,0.0000,0.0000,0.0000,0.0000,11,0,0,0,0,813,0,0,0,0
zc,TA209,2012-06-04 09:02:14.207,7372.0000,646526,0,0.0000,66.0000,33,33,空换,S,7370.0000,0.0000,0.0000,0.0000,0.0000,7372.0000,0.0000,0.0000,0.0000,0.0000,390,0,0,0,0,36,0,0,0,0
zc,TA209,2012-06-04 09:02:14.660,7372.0000,646172,-354,0.0000,620.0000,133,487,多平,S,7370.0000,0.0000,0.0000,0.0000,0.0000,7372.0000,0.0000,0.0000,0.0000,0.0000,201,0,0,0,0,142,0,0,0,0
zc,TA209,2012-06-04 09:02:15.177,7372.0000,646076,-96,0.0000,146.0000,25,121,多平,S,7370.0000,0.0000,0.0000,0.0000,0.0000,7372.0000,0.0000,0.0000,0.0000,0.0000,206,0,0,0,0,154,0,0,0,0
zc,TA209,2012-06-04 09:02:15.973,7374.0000,645948,-128,0.0000,398.0000,135,263,空平,B,7372.0000,0.0000,0.0000,0.0000,0.0000,7374.0000,0.0000,0.0000,0.0000,0.0000,57,0,0,0,0,623,0,0,0,0
zc,TA209,2012-06-04 09:02:16.393,7374.0000,645928,-20,0.0000,102.0000,41,61,空平,B,7372.0000,0.0000,0.0000,0.0000,0.0000,7374.0000,0.0000,0.0000,0.0000,0.0000,52,0,0,0,0,581,0,0,0,0
zc,TA209,2012-06-04 09:02:17.177,7374.0000,645880,-48,0.0000,64.0000,8,56,空平,B,7372.0000,0.0000,0.0000,0.0000,0.0000,7374.0000,0.0000,0.0000,0.0000,0.0000,61,0,0,0,0,553,0,0,0,0
zc,TA209,2012-06-04 09:02:17.940,7370.0000,645586,-294,0.0000,676.0000,191,485,多平,S,7368.0000,0.0000,0.0000,0.0000,0.0000,7370.0000,0.0000,0.0000,0.0000,0.0000,173,0,0,0,0,107,0,0,0,0
zc,TA209,2012-06-04 09:02:18.473,7368.0000,645628,42,0.0000,364.0000,203,161,空开,S,7370.0000,0.0000,0.0000,0.0000,0.0000,7372.0000,0.0000,0.0000,0.0000,0.0000,6,0,0,0,0,392,0,0,0,0
zc,TA209,2012-06-04 09:02:19.190,7372.0000,645680,52,0.0000,278.0000,165,113,多开,B,7370.0000,0.0000,0.0000,0.0000,0.0000,7372.0000,0.0000,0.0000,0.0000,0.0000,131,0,0,0,0,266,0,0,0,0
zc,TA209,2012-06-04 09:02:19.660,7370.0000,645786,106,0.0000,180.0000,143,37,空开,S,7370.0000,0.0000,0.0000,0.0000,0.0000,7372.0000,0.0000,0.0000,0.0000,0.0000,169,0,0,0,0,226,0,0,0,0
zc,TA209,2012-06-04 09:02:20.737,7372.0000,646140,354,0.0000,500.0000,427,73,多开,B,7372.0000,0.0000,0.0000,0.0000,0.0000,7374.0000,0.0000,0.0000,0.0000,0.0000,11,0,0,0,0,530,0,0,0,0
zc,TA209,2012-06-04 09:02:21.440,7368.0000,645660,-480,0.0000,1154.0000,337,817,多平,S,7366.0000,0.0000,0.0000,0.0000,0.0000,7368.0000,0.0000,0.0000,0.0000,0.0000,7,0,0,0,0,251,0,0,0,0
zc,TA209,2012-06-04 09:02:21.893,7368.0000,645628,-32,0.0000,406.0000,187,219,多平,S,7364.0000,0.0000,0.0000,0.0000,0.0000,7368.0000,0.0000,0.0000,0.0000,0.0000,134,0,0,0,0,84,0,0,0,0
zc,TA209,2012-06-04 09:02:22.440,7370.0000,645492,-136,0.0000,280.0000,72,208,空平,B,7368.0000,0.0000,0.0000,0.0000,0.0000,7370.0000,0.0000,0.0000,0.0000,0.0000,1,0,0,0,0,14,0,0,0,0
zc,TA209,2012-06-04 09:02:22.940,7370.0000,645482,-10,0.0000,30.0000,10,20,空平,B,7368.0000,0.0000,0.0000,0.0000,0.0000,7370.0000,0.0000,0.0000,0.0000,0.0000,38,0,0,0,0,125,0,0,0,0
zc,TA209,2012-06-04 09:02:23.643,7370.0000,645340,-142,0.0000,172.0000,15,157,空平,B,7368.0000,0.0000,0.0000,0.0000,0.0000,7370.0000,0.0000,0.0000,0.0000,0.0000,44,0,0,0,0,41,0,0,0,0
zc,TA209,2012-06-04 09:02:24.393,7368.0000,645352,12,0.0000,42.0000,27,15,空开,S,7368.0000,0.0000,0.0000,0.0000,0.0000,7370.0000,0.0000,0.0000,0.0000,0.0000,45,0,0,0,0,21,0,0,0,0
zc,TA209,2012-06-04 09:02:24.940,7368.0000,645370,18,0.0000,56.0000,37,19,空开,S,7368.0000,0.0000,0.0000,0.0000,0.0000,7370.0000,0.0000,0.0000,0.0000,0.0000,33,0,0,0,0,5,0,0,0,0
zc,TA209,2012-06-04 09:02:25.677,7370.0000,645462,92,0.0000,204.0000,148,56,多开,B,7370.0000,0.0000,0.0000,0.0000,0.0000,7372.0000,0.0000,0.0000,0.0000,0.0000,1,0,0,0,0,97,0,0,0,0
zc,TA209,2012-06-04 09:02:26.190,7370.0000,645456,-6,0.0000,74.0000,34,40,空平,B,7370.0000,0.0000,0.0000,0.0000,0.0000,7372.0000,0.0000,0.0000,0.0000,0.0000,214,0,0,0,0,98,0,0,0,0
zc,TA209,2012-06-04 09:02:26.643,7372.0000,645510,54,0.0000,234.0000,144,90,多开,B,7370.0000,0.0000,0.0000,0.0000,0.0000,7372.0000,0.0000,0.0000,0.0000,0.0000,134,0,0,0,0,67,0,0,0,0
zc,TA209,2012-06-04 09:02:27.190,7372.0000,645570,60,0.0000,112.0000,86,26,多开,B,7370.0000,0.0000,0.0000,0.0000,0.0000,7372.0000,0.0000,0.0000,0.0000,0.0000,633,0,0,0,0,39,0,0,0,0
zc,TA209,2012-06-04 09:02:27.910,7372.0000,645604,34,0.0000,128.0000,81,47,多开,B,7372.0000,0.0000,0.0000,0.0000,0.0000,7374.0000,0.0000,0.0000,0.0000,0.0000,49,0,0,0,0,554,0,0,0,0
zc,TA209,2012-06-04 09:02:28.427,7372.0000,645560,-44,0.0000,44.0000,0,44,双平,B,7372.0000,0.0000,0.0000,0.0000,0.0000,7374.0000,0.0000,0.0000,0.0000,0.0000,169,0,0,0,0,554,0,0,0,0
zc,TA209,2012-06-04 09:02:29.160,7374.0000,645408,-152,0.0000,600.0000,224,376,空平,B,7372.0000,0.0000,0.0000,0.0000,0.0000,7374.0000,0.0000,0.0000,0.0000,0.0000,162,0,0,0,0,332,0,0,0,0
zc,TA209,2012-06-04 09:02:29.660,7374.0000,645334,-74,0.0000,92.0000,9,83,空平,B,7372.0000,0.0000,0.0000,0.0000,0.0000,7374.0000,0.0000,0.0000,0.0000,0.0000,183,0,0,0,0,298,0,0,0,0
zc,TA209,2012-06-04 09:02:30.393,7374.0000,645272,-62,0.0000,90.0000,14,76,空平,B,7372.0000,0.0000,0.0000,0.0000,0.0000,7374.0000,0.0000,0.0000,0.0000,0.0000,198,0,0,0,0,287,0,0,0,0
zc,TA209,2012-06-04 09:02:30.927,7372.0000,645422,150,0.0000,594.0000,372,222,空开,S,7370.0000,0.0000,0.0000,0.0000,0.0000,7372.0000,0.0000,0.0000,0.0000,0.0000,796,0,0,0,0,165,0,0,0,0
zc,TA209,2012-06-04 09:02:31.427,7372.0000,645240,-182,0.0000,834.0000,326,508,多平,S,7370.0000,0.0000,0.0000,0.0000,0.0000,7372.0000,0.0000,0.0000,0.0000,0.0000,404,0,0,0,0,165,0,0,0,0
zc,TA209,2012-06-04 09:02:32.160,7372.0000,645260,20,0.0000,60.0000,40,20,空开,S,7370.0000,0.0000,0.0000,0.0000,0.0000,7372.0000,0.0000,0.0000,0.0000,0.0000,403,0,0,0,0,137,0,0,0,0
zc,TA209,2012-06-04 09:02:32.660,7372.0000,645288,28,0.0000,94.0000,61,33,空开,S,7370.0000,0.0000,0.0000,0.0000,0.0000,7372.0000,0.0000,0.0000,0.0000,0.0000,403,0,0,0,0,91,0,0,0,0
zc,TA209,2012-06-04 09:02:33.393,7372.0000,645292,4,0.0000,24.0000,14,10,空开,S,7370.0000,0.0000,0.0000,0.0000,0.0000,7372.0000,0.0000,0.0000,0.0000,0.0000,495,0,0,0,0,79,0,0,0,0
zc,TA209,2012-06-04 09:02:33.940,7372.0000,645428,136,0.0000,390.0000,263,127,空开,S,7372.0000,0.0000,0.0000,0.0000,0.0000,7374.0000,0.0000,0.0000,0.0000,0.0000,5,0,0,0,0,229,0,0,0,0
zc,TA209,2012-06-04 09:02:34.690,7372.0000,645420,-8,0.0000,40.0000,16,24,多平,S,7372.0000,0.0000,0.0000,0.0000,0.0000,7374.0000,0.0000,0.0000,0.0000,0.0000,3,0,0,0,0,257,0,0,0,0
zc,TA209,2012-06-04 09:02:35.190,7372.0000,645432,12,0.0000,72.0000,42,30,空开,S,7372.0000,0.0000,0.0000,0.0000,0.0000,7374.0000,0.0000,0.0000,0.0000,0.0000,20,0,0,0,0,212,0,0,0,0
zc,TA209,2012-06-04 09:02:35.927,7374.0000,645408,-24,0.0000,120.0000,48,72,空平,B,7372.0000,0.0000,0.0000,0.0000,0.0000,7374.0000,0.0000,0.0000,0.0000,0.0000,41,0,0,0,0,180,0,0,0,0
zc,TA209,2012-06-04 09:02:36.427,7374.0000,645290,-118,0.0000,374.0000,128,246,空平,B,7374.0000,0.0000,0.0000,0.0000,0.0000,7376.0000,0.0000,0.0000,0.0000,0.0000,63,0,0,0,0,35,0,0,0,0
zc,TA209,2012-06-04 09:02:36.927,7374.0000,645288,-2,0.0000,4.0000,1,3,空平,B,7374.0000,0.0000,0.0000,0.0000,0.0000,7376.0000,0.0000,0.0000,0.0000,0.0000,67,0,0,0,0,35,0,0,0,0
zc,TA209,2012-06-04 09:02:37.410,7376.0000,645114,-174,0.0000,534.0000,180,354,空平,B,7376.0000,0.0000,0.0000,0.0000,0.0000,7378.0000,0.0000,0.0000,0.0000,0.0000,31,0,0,0,0,280,0,0,0,0
zc,TA209,2012-06-04 09:02:38.223,7378.0000,645120,6,0.0000,8.0000,7,1,多开,B,7376.0000,0.0000,0.0000,0.0000,0.0000,7378.0000,0.0000,0.0000,0.0000,0.0000,70,0,0,0,0,274,0,0,0,0
zc,TA209,2012-06-04 09:02:38.910,7376.0000,645124,4,0.0000,42.0000,23,19,空开,S,7376.0000,0.0000,0.0000,0.0000,0.0000,7378.0000,0.0000,0.0000,0.0000,0.0000,49,0,0,0,0,274,0,0,0,0
zc,TA209,2012-06-04 09:02:39.410,7380.0000,645672,548,0.0000,974.0000,761,213,多开,B,7380.0000,0.0000,0.0000,0.0000,0.0000,7382.0000,0.0000,0.0000,0.0000,0.0000,149,0,0,0,0,71,0,0,0,0
zc,TA209,2012-06-04 09:02:40.237,7380.0000,645776,104,0.0000,238.0000,171,67,多开,B,7380.0000,0.0000,0.0000,0.0000,0.0000,7382.0000,0.0000,0.0000,0.0000,0.0000,142,0,0,0,0,1,0,0,0,0
zc,TA209,2012-06-04 09:02:40.723,7382.0000,645782,6,0.0000,38.0000,22,16,多开,B,7380.0000,0.0000,0.0000,0.0000,0.0000,7382.0000,0.0000,0.0000,0.0000,0.0000,140,0,0,0,0,155,0,0,0,0
zc,TA209,2012-06-04 09:02:41.410,7380.0000,645982,200,0.0000,414.0000,307,107,空开,S,7380.0000,0.0000,0.0000,0.0000,0.0000,7382.0000,0.0000,0.0000,0.0000,0.0000,31,0,0,0,0,60,0,0,0,0
zc,TA209,2012-06-04 09:02:41.957,7382.0000,645998,16,0.0000,184.0000,100,84,多开,B,7382.0000,0.0000,0.0000,0.0000,0.0000,7384.0000,0.0000,0.0000,0.0000,0.0000,24,0,0,0,0,25,0,0,0,0
zc,TA209,2012-06-04 09:02:42.753,7380.0000,645970,-28,0.0000,186.0000,79,107,多平,S,7378.0000,0.0000,0.0000,0.0000,0.0000,7380.0000,0.0000,0.0000,0.0000,0.0000,172,0,0,0,0,317,0,0,0,0
zc,TA209,2012-06-04 09:02:43.127,7380.0000,645964,-6,0.0000,76.0000,35,41,多平,S,7378.0000,0.0000,0.0000,0.0000,0.0000,7380.0000,0.0000,0.0000,0.0000,0.0000,166,0,0,0,0,282,0,0,0,0
zc,TA209,2012-06-04 09:02:43.957,7382.0000,645642,-322,0.0000,586.0000,132,454,空平,B,7380.0000,0.0000,0.0000,0.0000,0.0000,7382.0000,0.0000,0.0000,0.0000,0.0000,92,0,0,0,0,16,0,0,0,0
zc,TA209,2012-06-04 09:02:44.457,7386.0000,645526,-116,0.0000,124.0000,4,120,空平,B,7384.0000,0.0000,0.0000,0.0000,0.0000,7386.0000,0.0000,0.0000,0.0000,0.0000,3,0,0,0,0,23,0,0,0,0
zc,TA209,2012-06-04 09:02:45.190,7386.0000,645534,8,0.0000,36.0000,22,14,多开,B,7382.0000,0.0000,0.0000,0.0000,0.0000,7386.0000,0.0000,0.0000,0.0000,0.0000,15,0,0,0,0,19,0,0,0,0
zc,TA209,2012-06-04 09:02:45.690,7384.0000,645544,10,0.0000,32.0000,21,11,空开,S,7382.0000,0.0000,0.0000,0.0000,0.0000,7384.0000,0.0000,0.0000,0.0000,0.0000,15,0,0,0,0,4,0,0,0,0
zc,TA209,2012-06-04 09:02:46.533,7382.0000,645466,-78,0.0000,166.0000,44,122,多平,S,7382.0000,0.0000,0.0000,0.0000,0.0000,7388.0000,0.0000,0.0000,0.0000,0.0000,60,0,0,0,0,32,0,0,0,0
zc,TA209,2012-06-04 09:02:46.987,7386.0000,645264,-202,0.0000,248.0000,23,225,空平,B,7386.0000,0.0000,0.0000,0.0000,0.0000,7388.0000,0.0000,0.0000,0.0000,0.0000,7,0,0,0,0,264,0,0,0,0
zc,TA209,2012-06-04 09:02:47.987,7388.0000,645202,-62,0.0000,198.0000,68,130,空平,B,7386.0000,0.0000,0.0000,0.0000,0.0000,7388.0000,0.0000,0.0000,0.0000,0.0000,459,0,0,0,0,237,0,0,0,0
zc,TA209,2012-06-04 09:02:48.457,7388.0000,645198,-4,0.0000,272.0000,134,138,空平,B,7386.0000,0.0000,0.0000,0.0000,0.0000,7388.0000,0.0000,0.0000,0.0000,0.0000,447,0,0,0,0,113,0,0,0,0
zc,TA209,2012-06-04 09:02:48.910,7388.0000,645198,0,0.0000,204.0000,102,102,多换,B,7386.0000,0.0000,0.0000,0.0000,0.0000,7388.0000,0.0000,0.0000,0.0000,0.0000,452,0,0,0,0,20,0,0,0,0
zc,TA209,2012-06-04 09:02:49.440,7386.0000,645412,214,0.0000,424.0000,319,105,空开,S,7388.0000,0.0000,0.0000,0.0000,0.0000,7398.0000,0.0000,0.0000,0.0000,0.0000,4,0,0,0,0,2,0,0,0,0
zc,TA209,2012-06-04 09:02:50.440,7398.0000,645356,-56,0.0000,92.0000,18,74,空平,B,7398.0000,0.0000,0.0000,0.0000,0.0000,7400.0000,0.0000,0.0000,0.0000,0.0000,7,0,0,0,0,374,0,0,0,0
zc,TA209,2012-06-04 09:02:50.660,7394.0000,645318,-38,0.0000,94.0000,28,66,多平,S,7394.0000,0.0000,0.0000,0.0000,0.0000,7396.0000,0.0000,0.0000,0.0000,0.0000,59,0,0,0,0,38,0,0,0,0
zc,TA209,2012-06-04 09:02:51.427,7398.0000,645032,-286,0.0000,330.0000,22,308,空平,B,7394.0000,0.0000,0.0000,0.0000,0.0000,7396.0000,0.0000,0.0000,0.0000,0.0000,50,0,0,0,0,54,0,0,0,0
zc,TA209,2012-06-04 09:02:51.910,7394.0000,644816,-216,0.0000,322.0000,53,269,多平,S,7396.0000,0.0000,0.0000,0.0000,0.0000,7398.0000,0.0000,0.0000,0.0000,0.0000,11,0,0,0,0,11,0,0,0,0
zc,TA209,2012-06-04 09:02:52.677,7396.0000,644756,-60,0.0000,180.0000,60,120,空平,B,7394.0000,0.0000,0.0000,0.0000,0.0000,7398.0000,0.0000,0.0000,0.0000,0.0000,2,0,0,0,0,21,0,0,0,0
zc,TA209,2012-06-04 09:02:53.190,7400.0000,644740,-16,0.0000,134.0000,59,75,空平,B,7398.0000,0.0000,0.0000,0.0000,0.0000,7400.0000,0.0000,0.0000,0.0000,0.0000,29,0,0,0,0,419,0,0,0,0
zc,TA209,2012-06-04 09:02:54.190,7398.0000,644774,34,0.0000,152.0000,93,59,空开,S,7396.0000,0.0000,0.0000,0.0000,0.0000,7398.0000,0.0000,0.0000,0.0000,0.0000,190,0,0,0,0,53,0,0,0,0
zc,TA209,2012-06-04 09:02:54.677,7396.0000,644868,94,0.0000,162.0000,128,34,空开,S,7396.0000,0.0000,0.0000,0.0000,0.0000,7398.0000,0.0000,0.0000,0.0000,0.0000,149,0,0,0,0,71,0,0,0,0
zc,TA209,2012-06-04 09:02:55.440,7396.0000,645046,178,0.0000,378.0000,278,100,空开,S,7392.0000,0.0000,0.0000,0.0000,0.0000,7396.0000,0.0000,0.0000,0.0000,0.0000,4,0,0,0,0,53,0,0,0,0
zc,TA209,2012-06-04 09:02:55.957,7398.0000,644894,-152,0.0000,368.0000,108,260,空平,B,7396.0000,0.0000,0.0000,0.0000,0.0000,7398.0000,0.0000,0.0000,0.0000,0.0000,40,0,0,0,0,26,0,0,0,0
zc,TA209,2012-06-04 09:02:56.723,7398.0000,644788,-106,0.0000,150.0000,22,128,空平,B,7398.0000,0.0000,0.0000,0.0000,0.0000,7400.0000,0.0000,0.0000,0.0000,0.0000,26,0,0,0,0,299,0,0,0,0
zc,TA209,2012-06-04 09:02:57.190,7386.0000,644630,-158,0.0000,438.0000,140,298,多平,S,7386.0000,0.0000,0.0000,0.0000,0.0000,7396.0000,0.0000,0.0000,0.0000,0.0000,386,0,0,0,0,3,0,0,0,0
zc,TA209,2012-06-04 09:02:57.940,7398.0000,644622,-8,0.0000,80.0000,36,44,空平,B,7396.0000,0.0000,0.0000,0.0000,0.0000,7398.0000,0.0000,0.0000,0.0000,0.0000,1,0,0,0,0,132,0,0,0,0
zc,TA209,2012-06-04 09:02:58.440,7398.0000,644602,-20,0.0000,142.0000,61,81,空平,B,7396.0000,0.0000,0.0000,0.0000,0.0000,7398.0000,0.0000,0.0000,0.0000,0.0000,42,0,0,0,0,195,0,0,0,0
zc,TA209,2012-06-04 09:02:59.207,7386.0000,644584,-18,0.0000,216.0000,99,117,多平,S,7386.0000,0.0000,0.0000,0.0000,0.0000,7392.0000,0.0000,0.0000,0.0000,0.0000,329,0,0,0,0,26,0,0,0,0
zc,TA209,2012-06-04 09:02:59.957,7386.0000,644588,4,0.0000,132.0000,68,64,空开,S,7386.0000,0.0000,0.0000,0.0000,0.0000,7396.0000,0.0000,0.0000,0.0000,0.0000,305,0,0,0,0,191,0,0,0,0
zc,TA209,2012-06-04 09:03:00.427,7396.0000,644392,-196,0.0000,806.0000,305,501,空平,B,7396.0000,0.0000,0.0000,0.0000,0.0000,7398.0000,0.0000,0.0000,0.0000,0.0000,4,0,0,0,0,7,0,0,0,0
zc,TA209,2012-06-04 09:03:00.973,7396.0000,644392,0,0.0000,18.0000,9,9,多换,B,7396.0000,0.0000,0.0000,0.0000,0.0000,7398.0000,0.0000,0.0000,0.0000,0.0000,3,0,0,0,0,207,0,0,0,0
zc,TA209,2012-06-04 09:03:01.457,7392.0000,644246,-146,0.0000,532.0000,193,339,多平,S,7392.0000,0.0000,0.0000,0.0000,0.0000,7394.0000,0.0000,0.0000,0.0000,0.0000,26,0,0,0,0,20,0,0,0,0
zc,TA209,2012-06-04 09:03:02.190,7398.0000,644284,38,0.0000,174.0000,106,68,多开,B,7394.0000,0.0000,0.0000,0.0000,0.0000,7396.0000,0.0000,0.0000,0.0000,0.0000,10,0,0,0,0,5,0,0,0,0
zc,TA209,2012-06-04 09:03:02.677,7390.0000,643908,-376,0.0000,526.0000,75,451,多平,S,7388.0000,0.0000,0.0000,0.0000,0.0000,7390.0000,0.0000,0.0000,0.0000,0.0000,118,0,0,0,0,138,0,0,0,0
zc,TA209,2012-06-04 09:03:03.440,7390.0000,643902,-6,0.0000,138.0000,66,72,多平,S,7388.0000,0.0000,0.0000,0.0000,0.0000,7390.0000,0.0000,0.0000,0.0000,0.0000,129,0,0,0,0,191,0,0,0,0
zc,TA209,2012-06-04 09:03:03.927,7388.0000,643916,14,0.0000,340.0000,177,163,空开,S,7386.0000,0.0000,0.0000,0.0000,0.0000,7388.0000,0.0000,0.0000,0.0000,0.0000,342,0,0,0,0,81,0,0,0,0
zc,TA209,2012-06-04 09:03:04.707,7384.0000,643798,-118,0.0000,858.0000,370,488,多平,S,7384.0000,0.0000,0.0000,0.0000,0.0000,7388.0000,0.0000,0.0000,0.0000,0.0000,912,0,0,0,0,82,0,0,0,0
zc,TA209,2012-06-04 09:03:05.177,7388.0000,643828,30,0.0000,60.0000,45,15,多开,B,7384.0000,0.0000,0.0000,0.0000,0.0000,7388.0000,0.0000,0.0000,0.0000,0.0000,912,0,0,0,0,68,0,0,0,0
zc,TA209,2012-06-04 09:03:05.940,7386.0000,643836,8,0.0000,22.0000,15,7,空开,S,7386.0000,0.0000,0.0000,0.0000,0.0000,7388.0000,0.0000,0.0000,0.0000,0.0000,154,0,0,0,0,59,0,0,0,0
zc,TA209,2012-06-04 09:03:06.410,7388.0000,643848,12,0.0000,86.0000,49,37,多开,B,7386.0000,0.0000,0.0000,0.0000,0.0000,7388.0000,0.0000,0.0000,0.0000,0.0000,223,0,0,0,0,20,0,0,0,0
zc,TA209,2012-06-04 09:03:07.177,7392.0000,643864,16,0.0000,216.0000,116,100,多开,B,7390.0000,0.0000,0.0000,0.0000,0.0000,7392.0000,0.0000,0.0000,0.0000,0.0000,13,0,0,0,0,106,0,0,0,0
zc,TA209,2012-06-04 09:03:07.723,7388.0000,643868,4,0.0000,50.0000,27,23,空开,S,7390.0000,0.0000,0.0000,0.0000,0.0000,7392.0000,0.0000,0.0000,0.0000,0.0000,3,0,0,0,0,105,0,0,0,0
zc,TA209,2012-06-04 09:03:08.177,7390.0000,643868,0,0.0000,4.0000,2,2,多换,B,7390.0000,0.0000,0.0000,0.0000,0.0000,7392.0000,0.0000,0.0000,0.0000,0.0000,4,0,0,0,0,105,0,0,0,0
zc,TA209,2012-06-04 09:03:08.927,7390.0000,643860,-8,0.0000,124.0000,58,66,空平,B,7388.0000,0.0000,0.0000,0.0000,0.0000,7390.0000,0.0000,0.0000,0.0000,0.0000,105,0,0,0,0,2,0,0,0,0
zc,TA209,2012-06-04 09:03:09.440,7390.0000,643766,-94,0.0000,332.0000,119,213,空平,B,7390.0000,0.0000,0.0000,0.0000,0.0000,7392.0000,0.0000,0.0000,0.0000,0.0000,67,0,0,0,0,82,0,0,0,0
zc,TA209,2012-06-04 09:03:10.427,7392.0000,643678,-88,0.0000,228.0000,70,158,空平,B,7392.0000,0.0000,0.0000,0.0000,0.0000,7396.0000,0.0000,0.0000,0.0000,0.0000,41,0,0,0,0,484,0,0,0,0
zc,TA209,2012-06-04 09:03:10.957,7392.0000,643668,-10,0.0000,10.0000,0,10,双平,B,7392.0000,0.0000,0.0000,0.0000,0.0000,7394.0000,0.0000,0.0000,0.0000,0.0000,61,0,0,0,0,28,0,0,0,0
zc,TA209,2012-06-04 09:03:11.723,7392.0000,643678,10,0.0000,58.0000,34,24,多开,B,7392.0000,0.0000,0.0000,0.0000,0.0000,7394.0000,0.0000,0.0000,0.0000,0.0000,54,0,0,0,0,8,0,0,0,0
zc,TA209,2012-06-04 09:03:12.207,7394.0000,643262,-416,0.0000,510.0000,47,463,空平,B,7392.0000,0.0000,0.0000,0.0000,0.0000,7394.0000,0.0000,0.0000,0.0000,0.0000,3,0,0,0,0,39,0,0,0,0
zc,TA209,2012-06-04 09:03:12.677,7394.0000,643266,4,0.0000,30.0000,17,13,多开,B,7392.0000,0.0000,0.0000,0.0000,0.0000,7394.0000,0.0000,0.0000,0.0000,0.0000,1,0,0,0,0,26,0,0,0,0
zc,TA209,2012-06-04 09:03:13.190,7392.0000,643296,30,0.0000,54.0000,42,12,空开,S,7390.0000,0.0000,0.0000,0.0000,0.0000,7392.0000,0.0000,0.0000,0.0000,0.0000,116,0,0,0,0,496,0,0,0,0
zc,TA209,2012-06-04 09:03:13.927,7388.0000,643068,-228,0.0000,846.0000,309,537,多平,S,7388.0000,0.0000,0.0000,0.0000,0.0000,7390.0000,0.0000,0.0000,0.0000,0.0000,109,0,0,0,0,4,0,0,0,0
zc,TA209,2012-06-04 09:03:14.457,7390.0000,643082,14,0.0000,34.0000,24,10,多开,B,7388.0000,0.0000,0.0000,0.0000,0.0000,7390.0000,0.0000,0.0000,0.0000,0.0000,118,0,0,0,0,261,0,0,0,0
zc,TA209,2012-06-04 09:03:15.177,7388.0000,643192,110,0.0000,120.0000,115,5,空开,S,7388.0000,0.0000,0.0000,0.0000,0.0000,7390.0000,0.0000,0.0000,0.0000,0.0000,113,0,0,0,0,229,0,0,0,0
zc,TA209,2012-06-04 09:03:15.690,7390.0000,643318,126,0.0000,128.0000,127,1,多开,B,7388.0000,0.0000,0.0000,0.0000,0.0000,7390.0000,0.0000,0.0000,0.0000,0.0000,101,0,0,0,0,177,0,0,0,0
zc,TA209,2012-06-04 09:03:16.177,7388.0000,643454,136,0.0000,222.0000,179,43,空开,S,7386.0000,0.0000,0.0000,0.0000,0.0000,7388.0000,0.0000,0.0000,0.0000,0.0000,74,0,0,0,0,18,0,0,0,0
zc,TA209,2012-06-04 09:03:16.973,7388.0000,643452,-2,0.0000,22.0000,10,12,多平,S,7386.0000,0.0000,0.0000,0.0000,0.0000,7388.0000,0.0000,0.0000,0.0000,0.0000,82,0,0,0,0,9,0,0,0,0
zc,TA209,2012-06-04 09:03:17.190,7386.0000,643490,38,0.0000,132.0000,85,47,空开,S,7388.0000,0.0000,0.0000,0.0000,0.0000,7390.0000,0.0000,0.0000,0.0000,0.0000,1,0,0,0,0,170,0,0,0,0
zc,TA209,2012-06-04 09:03:18.190,7386.0000,643506,16,0.0000,154.0000,85,69,空开,S,7384.0000,0.0000,0.0000,0.0000,0.0000,7386.0000,0.0000,0.0000,0.0000,0.0000,165,0,0,0,0,42,0,0,0,0
zc,TA209,2012-06-04 09:03:18.427,7386.0000,643506,0,0.0000,18.0000,9,9,空换,S,7384.0000,0.0000,0.0000,0.0000,0.0000,7386.0000,0.0000,0.0000,0.0000,0.0000,177,0,0,0,0,33,0,0,0,0
zc,TA209,2012-06-04 09:03:19.207,7388.0000,643512,6,0.0000,300.0000,153,147,多开,B,7386.0000,0.0000,0.0000,0.0000,0.0000,7388.0000,0.0000,0.0000,0.0000,0.0000,200,0,0,0,0,258,0,0,0,0
zc,TA209,2012-06-04 09:03:19.677,7386.0000,643516,4,0.0000,18.0000,11,7,空开,S,7386.0000,0.0000,0.0000,0.0000,0.0000,7388.0000,0.0000,0.0000,0.0000,0.0000,199,0,0,0,0,301,0,0,0,0
zc,TA209,2012-06-04 09:03:20.707,7388.0000,643300,-216,0.0000,840.0000,312,528,空平,B,7388.0000,0.0000,0.0000,0.0000,0.0000,7390.0000,0.0000,0.0000,0.0000,0.0000,37,0,0,0,0,160,0,0,0,0
zc,TA209,2012-06-04 09:03:21.237,7386.0000,643372,72,0.0000,402.0000,237,165,空开,S,7386.0000,0.0000,0.0000,0.0000,0.0000,7388.0000,0.0000,0.0000,0.0000,0.0000,113,0,0,0,0,1,0,0,0,0
zc,TA209,2012-06-04 09:03:21.973,7386.0000,643346,-26,0.0000,68.0000,21,47,多平,S,7386.0000,0.0000,0.0000,0.0000,0.0000,7388.0000,0.0000,0.0000,0.0000,0.0000,92,0,0,0,0,91,0,0,0,0
zc,TA209,2012-06-04 09:03:22.457,7386.0000,643294,-52,0.0000,212.0000,80,132,多平,S,7384.0000,0.0000,0.0000,0.0000,0.0000,7386.0000,0.0000,0.0000,0.0000,0.0000,185,0,0,0,0,6,0,0,0,0
zc,TA209,2012-06-04 09:03:23.207,7384.0000,642334,-960,0.0000,1232.0000,136,1096,多平,S,7388.0000,0.0000,0.0000,0.0000,0.0000,7390.0000,0.0000,0.0000,0.0000,0.0000,101,0,0,0,0,172,0,0,0,0
zc,TA209,2012-06-04 09:03:23.690,7388.0000,642356,22,0.0000,42.0000,32,10,多开,B,7388.0000,0.0000,0.0000,0.0000,0.0000,7390.0000,0.0000,0.0000,0.0000,0.0000,94,0,0,0,0,268,0,0,0,0
zc,TA209,2012-06-04 09:03:24.440,7388.0000,642366,10,0.0000,42.0000,26,16,多开,B,7388.0000,0.0000,0.0000,0.0000,0.0000,7390.0000,0.0000,0.0000,0.0000,0.0000,74,0,0,0,0,258,0,0,0,0
zc,TA209,2012-06-04 09:03:24.973,7390.0000,642414,48,0.0000,98.0000,73,25,多开,B,7388.0000,0.0000,0.0000,0.0000,0.0000,7390.0000,0.0000,0.0000,0.0000,0.0000,27,0,0,0,0,256,0,0,0,0
zc,TA209,2012-06-04 09:03:25.677,7388.0000,642430,16,0.0000,98.0000,57,41,空开,S,7388.0000,0.0000,0.0000,0.0000,0.0000,7390.0000,0.0000,0.0000,0.0000,0.0000,29,0,0,0,0,268,0,0,0,0
zc,TA209,2012-06-04 09:03:26.190,7390.0000,642430,0,0.0000,10.0000,5,5,多换,B,7388.0000,0.0000,0.0000,0.0000,0.0000,7390.0000,0.0000,0.0000,0.0000,0.0000,30,0,0,0,0,265,0,0,0,0
zc,TA209,2012-06-04 09:03:26.973,7388.0000,642604,174,0.0000,220.0000,197,23,空开,S,7388.0000,0.0000,0.0000,0.0000,0.0000,7390.0000,0.0000,0.0000,0.0000,0.0000,20,0,0,0,0,171,0,0,0,0
zc,TA209,2012-06-04 09:03:27.440,7390.0000,642616,12,0.0000,24.0000,18,6,多开,B,7388.0000,0.0000,0.0000,0.0000,0.0000,7390.0000,0.0000,0.0000,0.0000,0.0000,28,0,0,0,0,224,0,0,0,0
zc,TA209,2012-06-04 09:03:27.940,7388.0000,642658,42,0.0000,246.0000,144,102,空开,S,7386.0000,0.0000,0.0000,0.0000,0.0000,7388.0000,0.0000,0.0000,0.0000,0.0000,66,0,0,0,0,28,0,0,0,0
zc,TA209,2012-06-04 09:03:28.677,7384.0000,642522,-136,0.0000,422.0000,143,279,多平,S,7386.0000,0.0000,0.0000,0.0000,0.0000,7388.0000,0.0000,0.0000,0.0000,0.0000,1,0,0,0,0,29,0,0,0,0
zc,TA209,2012-06-04 09:03:29.190,7382.0000,642480,-42,0.0000,262.0000,110,152,多平,S,7380.0000,0.0000,0.0000,0.0000,0.0000,7382.0000,0.0000,0.0000,0.0000,0.0000,285,0,0,0,0,442,0,0,0,0
zc,TA209,2012-06-04 09:03:29.957,7382.0000,642480,0,0.0000,40.0000,20,20,空换,S,7380.0000,0.0000,0.0000,0.0000,0.0000,7382.0000,0.0000,0.0000,0.0000,0.0000,283,0,0,0,0,422,0,0,0,0
zc,TA209,2012-06-04 09:03:30.677,7382.0000,642288,-192,0.0000,384.0000,96,288,多平,S,7380.0000,0.0000,0.0000,0.0000,0.0000,7382.0000,0.0000,0.0000,0.0000,0.0000,283,0,0,0,0,230,0,0,0,0
zc,TA209,2012-06-04 09:03:31.160,7382.0000,642288,0,0.0000,112.0000,56,56,空换,S,7380.0000,0.0000,0.0000,0.0000,0.0000,7382.0000,0.0000,0.0000,0.0000,0.0000,269,0,0,0,0,189,0,0,0,0
zc,TA209,2012-06-04 09:03:31.973,7380.0000,642244,-44,0.0000,186.0000,71,115,多平,S,7380.0000,0.0000,0.0000,0.0000,0.0000,7382.0000,0.0000,0.0000,0.0000,0.0000,223,0,0,0,0,142,0,0,0,0
zc,TA209,2012-06-04 09:03:32.723,7382.0000,641994,-250,0.0000,372.0000,61,311,空平,B,7382.0000,0.0000,0.0000,0.0000,0.0000,7386.0000,0.0000,0.0000,0.0000,0.0000,65,0,0,0,0,30,0,0,0,0
zc,TA209,2012-06-04 09:03:33.160,7382.0000,641974,-20,0.0000,52.0000,16,36,空平,B,7382.0000,0.0000,0.0000,0.0000,0.0000,7386.0000,0.0000,0.0000,0.0000,0.0000,52,0,0,0,0,28,0,0,0,0
zc,TA209,2012-06-04 09:03:33.940,7382.0000,641828,-146,0.0000,212.0000,33,179,空平,B,7380.0000,0.0000,0.0000,0.0000,0.0000,7382.0000,0.0000,0.0000,0.0000,0.0000,177,0,0,0,0,17,0,0,0,0
zc,TA209,2012-06-04 09:03:34.473,7382.0000,641862,34,0.0000,70.0000,52,18,多开,B,7380.0000,0.0000,0.0000,0.0000,0.0000,7386.0000,0.0000,0.0000,0.0000,0.0000,177,0,0,0,0,28,0,0,0,0
zc,TA209,2012-06-04 09:03:34.973,7380.0000,641812,-50,0.0000,444.0000,197,247,多平,S,7378.0000,0.0000,0.0000,0.0000,0.0000,7380.0000,0.0000,0.0000,0.0000,0.0000,40,0,0,0,0,182,0,0,0,0
zc,TA209,2012-06-04 09:03:35.457,7378.0000,641734,-78,0.0000,190.0000,56,134,多平,S,7376.0000,0.0000,0.0000,0.0000,0.0000,7378.0000,0.0000,0.0000,0.0000,0.0000,4,0,0,0,0,33,0,0,0,0
zc,TA209,2012-06-04 09:03:36.223,7378.0000,641720,-14,0.0000,68.0000,27,41,多平,S,7372.0000,0.0000,0.0000,0.0000,0.0000,7378.0000,0.0000,0.0000,0.0000,0.0000,194,0,0,0,0,27,0,0,0,0
zc,TA209,2012-06-04 09:03:36.707,7378.0000,641720,0,0.0000,10.0000,5,5,空换,S,7372.0000,0.0000,0.0000,0.0000,0.0000,7376.0000,0.0000,0.0000,0.0000,0.0000,194,0,0,0,0,56,0,0,0,0
zc,TA209,2012-06-04 09:03:37.410,7376.0000,641714,-6,0.0000,84.0000,39,45,多平,S,7372.0000,0.0000,0.0000,0.0000,0.0000,7376.0000,0.0000,0.0000,0.0000,0.0000,94,0,0,0,0,32,0,0,0,0
zc,TA209,2012-06-04 09:03:37.973,7376.0000,641750,36,0.0000,130.0000,83,47,空开,S,7374.0000,0.0000,0.0000,0.0000,0.0000,7376.0000,0.0000,0.0000,0.0000,0.0000,67,0,0,0,0,59,0,0,0,0
zc,TA209,2012-06-04 09:03:38.377,7374.0000,641760,10,0.0000,48.0000,29,19,空开,S,7374.0000,0.0000,0.0000,0.0000,0.0000,7376.0000,0.0000,0.0000,0.0000,0.0000,47,0,0,0,0,144,0,0,0,0
zc,TA209,2012-06-04 09:03:39.177,7376.0000,641776,16,0.0000,66.0000,41,25,多开,B,7374.0000,0.0000,0.0000,0.0000,0.0000,7376.0000,0.0000,0.0000,0.0000,0.0000,34,0,0,0,0,124,0,0,0,0
zc,TA209,2012-06-04 09:03:39.707,7376.0000,641794,18,0.0000,66.0000,42,24,多开,B,7374.0000,0.0000,0.0000,0.0000,0.0000,7376.0000,0.0000,0.0000,0.0000,0.0000,5,0,0,0,0,120,0,0,0,0
zc,TA209,2012-06-04 09:03:40.457,7374.0000,641860,66,0.0000,350.0000,208,142,空开,S,7372.0000,0.0000,0.0000,0.0000,0.0000,7374.0000,0.0000,0.0000,0.0000,0.0000,95,0,0,0,0,117,0,0,0,0
zc,TA209,2012-06-04 09:03:40.940,7374.0000,642028,168,0.0000,192.0000,180,12,空开,S,7372.0000,0.0000,0.0000,0.0000,0.0000,7374.0000,0.0000,0.0000,0.0000,0.0000,15,0,0,0,0,104,0,0,0,0
zc,TA209,2012-06-04 09:03:41.723,7376.0000,642192,164,0.0000,308.0000,236,72,多开,B,7376.0000,0.0000,0.0000,0.0000,0.0000,7378.0000,0.0000,0.0000,0.0000,0.0000,297,0,0,0,0,79,0,0,0,0
zc,TA209,2012-06-04 09:03:42.207,7376.0000,642192,0,0.0000,52.0000,26,26,多换,B,7376.0000,0.0000,0.0000,0.0000,0.0000,7378.0000,0.0000,0.0000,0.0000,0.0000,271,0,0,0,0,38,0,0,0,0
zc,TA209,2012-06-04 09:03:42.927,7378.0000,642198,6,0.0000,262.0000,134,128,多开,B,7378.0000,0.0000,0.0000,0.0000,0.0000,7380.0000,0.0000,0.0000,0.0000,0.0000,50,0,0,0,0,282,0,0,0,0
zc,TA209,2012-06-04 09:03:43.143,7378.0000,642196,-2,0.0000,36.0000,17,19,空平,B,7378.0000,0.0000,0.0000,0.0000,0.0000,7380.0000,0.0000,0.0000,0.0000,0.0000,43,0,0,0,0,280,0,0,0,0
zc,TA209,2012-06-04 09:03:43.940,7378.0000,642206,10,0.0000,18.0000,14,4,多开,B,7378.0000,0.0000,0.0000,0.0000,0.0000,7380.0000,0.0000,0.0000,0.0000,0.0000,40,0,0,0,0,479,0,0,0,0
zc,TA209,2012-06-04 09:03:44.410,7380.0000,642340,134,0.0000,194.0000,164,30,多开,B,7378.0000,0.0000,0.0000,0.0000,0.0000,7380.0000,0.0000,0.0000,0.0000,0.0000,39,0,0,0,0,457,0,0,0,0
zc,TA209,2012-06-04 09:03:45.207,7378.0000,642326,-14,0.0000,236.0000,111,125,多平,S,7376.0000,0.0000,0.0000,0.0000,0.0000,7378.0000,0.0000,0.0000,0.0000,0.0000,144,0,0,0,0,5,0,0,0,0
zc,TA209,2012-06-04 09:03:45.690,7378.0000,642332,6,0.0000,18.0000,12,6,空开,S,7376.0000,0.0000,0.0000,0.0000,0.0000,7378.0000,0.0000,0.0000,0.0000,0.0000,146,0,0,0,0,79,0,0,0,0
zc,TA209,2012-06-04 09:03:46.487,7378.0000,642334,2,0.0000,10.0000,6,4,空开,S,7376.0000,0.0000,0.0000,0.0000,0.0000,7378.0000,0.0000,0.0000,0.0000,0.0000,145,0,0,0,0,79,0,0,0,0
zc,TA209,2012-06-04 09:03:47.207,7378.0000,642170,-164,0.0000,930.0000,383,547,多平,S,7374.0000,0.0000,0.0000,0.0000,0.0000,7376.0000,0.0000,0.0000,0.0000,0.0000,52,0,0,0,0,11,0,0,0,0
zc,TA209,2012-06-04 09:03:47.690,7376.0000,642172,2,0.0000,6.0000,4,2,空开,S,7374.0000,0.0000,0.0000,0.0000,0.0000,7376.0000,0.0000,0.0000,0.0000,0.0000,55,0,0,0,0,148,0,0,0,0
zc,TA209,2012-06-04 09:03:48.393,7376.0000,642192,20,0.0000,82.0000,51,31,空开,S,7374.0000,0.0000,0.0000,0.0000,0.0000,7376.0000,0.0000,0.0000,0.0000,0.0000,54,0,0,0,0,22,0,0,0,0
zc,TA209,2012-06-04 09:03:48.927,7378.0000,642196,4,0.0000,64.0000,34,30,多开,B,7376.0000,0.0000,0.0000,0.0000,0.0000,7378.0000,0.0000,0.0000,0.0000,0.0000,6,0,0,0,0,69,0,0,0,0
zc,TA209,2012-06-04 09:03:49.677,7376.0000,642196,0,0.0000,14.0000,7,7,空换,S,7376.0000,0.0000,0.0000,0.0000,0.0000,7378.0000,0.0000,0.0000,0.0000,0.0000,18,0,0,0,0,64,0,0,0,0
zc,TA209,2012-06-04 09:03:50.207,7378.0000,642214,18,0.0000,64.0000,41,23,多开,B,7376.0000,0.0000,0.0000,0.0000,0.0000,7378.0000,0.0000,0.0000,0.0000,0.0000,3,0,0,0,0,61,0,0,0,0
zc,TA209,2012-06-04 09:03:50.910,7376.0000,642428,214,0.0000,264.0000,239,25,空开,S,7374.0000,0.0000,0.0000,0.0000,0.0000,7376.0000,0.0000,0.0000,0.0000,0.0000,85,0,0,0,0,144,0,0,0,0
zc,TA209,2012-06-04 09:03:51.363,7376.0000,642506,78,0.0000,106.0000,92,14,空开,S,7374.0000,0.0000,0.0000,0.0000,0.0000,7376.0000,0.0000,0.0000,0.0000,0.0000,85,0,0,0,0,101,0,0,0,0
zc,TA209,2012-06-04 09:03:52.160,7376.0000,642610,104,0.0000,114.0000,109,5,空开,S,7374.0000,0.0000,0.0000,0.0000,0.0000,7376.0000,0.0000,0.0000,0.0000,0.0000,85,0,0,0,0,65,0,0,0,0
zc,TA209,2012-06-04 09:03:52.677,7376.0000,642636,26,0.0000,112.0000,69,43,空开,S,7374.0000,0.0000,0.0000,0.0000,0.0000,7376.0000,0.0000,0.0000,0.0000,0.0000,119,0,0,0,0,13,0,0,0,0
zc,TA209,2012-06-04 09:03:53.190,7376.0000,642666,30,0.0000,46.0000,38,8,空开,S,7376.0000,0.0000,0.0000,0.0000,0.0000,7378.0000,0.0000,0.0000,0.0000,0.0000,189,0,0,0,0,162,0,0,0,0
zc,TA209,2012-06-04 09:03:53.723,7376.0000,642668,2,0.0000,12.0000,7,5,空开,S,7376.0000,0.0000,0.0000,0.0000,0.0000,7378.0000,0.0000,0.0000,0.0000,0.0000,230,0,0,0,0,162,0,0,0,0
zc,TA209,2012-06-04 09:03:54.393,7376.0000,642604,-64,0.0000,640.0000,288,352,多平,S,7374.0000,0.0000,0.0000,0.0000,0.0000,7376.0000,0.0000,0.0000,0.0000,0.0000,99,0,0,0,0,190,0,0,0,0
zc,TA209,2012-06-04 09:03:55.177,7376.0000,642700,96,0.0000,502.0000,299,203,空开,S,7374.0000,0.0000,0.0000,0.0000,0.0000,7376.0000,0.0000,0.0000,0.0000,0.0000,70,0,0,0,0,25,0,0,0,0
zc,TA209,2012-06-04 09:03:55.910,7376.0000,642754,54,0.0000,64.0000,59,5,空开,S,7376.0000,0.0000,0.0000,0.0000,0.0000,7378.0000,0.0000,0.0000,0.0000,0.0000,7,0,0,0,0,157,0,0,0,0
zc,TA209,2012-06-04 09:03:56.427,7378.0000,642762,8,0.0000,20.0000,14,6,多开,B,7376.0000,0.0000,0.0000,0.0000,0.0000,7378.0000,0.0000,0.0000,0.0000,0.0000,26,0,0,0,0,153,0,0,0,0
zc,TA209,2012-06-04 09:03:57.177,7376.0000,642810,48,0.0000,106.0000,77,29,空开,S,7374.0000,0.0000,0.0000,0.0000,0.0000,7376.0000,0.0000,0.0000,0.0000,0.0000,80,0,0,0,0,88,0,0,0,0
zc,TA209,2012-06-04 09:03:57.660,7376.0000,642862,52,0.0000,64.0000,58,6,空开,S,7374.0000,0.0000,0.0000,0.0000,0.0000,7376.0000,0.0000,0.0000,0.0000,0.0000,133,0,0,0,0,70,0,0,0,0
zc,TA209,2012-06-04 09:03:58.143,7376.0000,642904,42,0.0000,72.0000,57,15,空开,S,7374.0000,0.0000,0.0000,0.0000,0.0000,7376.0000,0.0000,0.0000,0.0000,0.0000,133,0,0,0,0,36,0,0,0,0
zc,TA209,2012-06-04 09:03:58.927,7376.0000,642990,86,0.0000,98.0000,92,6,空开,S,7374.0000,0.0000,0.0000,0.0000,0.0000,7376.0000,0.0000,0.0000,0.0000,0.0000,114,0,0,0,0,8,0,0,0,0
zc,TA209,2012-06-04 09:03:59.393,7376.0000,643018,28,0.0000,60.0000,44,16,空开,S,7376.0000,0.0000,0.0000,0.0000,0.0000,7378.0000,0.0000,0.0000,0.0000,0.0000,113,0,0,0,0,144,0,0,0,0
zc,TA209,2012-06-04 09:03:59.910,7376.0000,643020,2,0.0000,12.0000,7,5,空开,S,7376.0000,0.0000,0.0000,0.0000,0.0000,7378.0000,0.0000,0.0000,0.0000,0.0000,107,0,0,0,0,144,0,0,0,0
zc,TA209,2012-06-04 09:04:00.427,7374.0000,643066,46,0.0000,304.0000,175,129,空开,S,7374.0000,0.0000,0.0000,0.0000,0.0000,7376.0000,0.0000,0.0000,0.0000,0.0000,106,0,0,0,0,104,0,0,0,0
zc,TA209,2012-06-04 09:04:01.160,7376.0000,643010,-56,0.0000,128.0000,36,92,空平,B,7374.0000,0.0000,0.0000,0.0000,0.0000,7376.0000,0.0000,0.0000,0.0000,0.0000,101,0,0,0,0,54,0,0,0,0
zc,TA209,2012-06-04 09:04:01.677,7376.0000,642996,-14,0.0000,114.0000,50,64,空平,B,7374.0000,0.0000,0.0000,0.0000,0.0000,7376.0000,0.0000,0.0000,0.0000,0.0000,62,0,0,0,0,40,0,0,0,0
zc,TA209,2012-06-04 09:04:02.160,7376.0000,642996,0,0.0000,18.0000,9,9,多换,B,7374.0000,0.0000,0.0000,0.0000,0.0000,7376.0000,0.0000,0.0000,0.0000,0.0000,63,0,0,0,0,41,0,0,0,0
zc,TA209,2012-06-04 09:04:02.957,7376.0000,643068,72,0.0000,266.0000,169,97,多开,B,7376.0000,0.0000,0.0000,0.0000,0.0000,7378.0000,0.0000,0.0000,0.0000,0.0000,4,0,0,0,0,120,0,0,0,0
zc,TA209,2012-06-04 09:04:03.440,7374.0000,643076,8,0.0000,48.0000,28,20,空开,S,7372.0000,0.0000,0.0000,0.0000,0.0000,7374.0000,0.0000,0.0000,0.0000,0.0000,41,0,0,0,0,17,0,0,0,0
zc,TA209,2012-06-04 09:04:04.190,7378.0000,643158,82,0.0000,324.0000,203,121,多开,B,7376.0000,0.0000,0.0000,0.0000,0.0000,7378.0000,0.0000,0.0000,0.0000,0.0000,76,0,0,0,0,121,0,0,0,0
zc,TA209,2012-06-04 09:04:04.660,7376.0000,643170,12,0.0000,12.0000,12,0,双开,S,7376.0000,0.0000,0.0000,0.0000,0.0000,7378.0000,0.0000,0.0000,0.0000,0.0000,103,0,0,0,0,619,0,0,0,0
zc,TA209,2012-06-04 09:04:05.440,7378.0000,643322,152,0.0000,188.0000,170,18,多开,B,7376.0000,0.0000,0.0000,0.0000,0.0000,7378.0000,0.0000,0.0000,0.0000,0.0000,113,0,0,0,0,570,0,0,0,0
zc,TA209,2012-06-04 09:04:06.190,7374.0000,643214,-108,0.0000,372.0000,132,240,多平,S,7372.0000,0.0000,0.0000,0.0000,0.0000,7374.0000,0.0000,0.0000,0.0000,0.0000,41,0,0,0,0,122,0,0,0,0
zc,TA209,2012-06-04 09:04:06.677,7372.0000,643194,-20,0.0000,328.0000,154,174,多平,S,7370.0000,0.0000,0.0000,0.0000,0.0000,7372.0000,0.0000,0.0000,0.0000,0.0000,196,0,0,0,0,11,0,0,0,0
zc,TA209,2012-06-04 09:04:07.177,7370.0000,643190,-4,0.0000,42.0000,19,23,多平,S,7370.0000,0.0000,0.0000,0.0000,0.0000,7372.0000,0.0000,0.0000,0.0000,0.0000,193,0,0,0,0,17,0,0,0,0
zc,TA209,2012-06-04 09:04:07.927,7372.0000,643208,18,0.0000,94.0000,56,38,多开,B,7370.0000,0.0000,0.0000,0.0000,0.0000,7372.0000,0.0000,0.0000,0.0000,0.0000,169,0,0,0,0,31,0,0,0,0
zc,TA209,2012-06-04 09:04:08.410,7370.0000,643212,4,0.0000,10.0000,7,3,空开,S,7370.0000,0.0000,0.0000,0.0000,0.0000,7372.0000,0.0000,0.0000,0.0000,0.0000,275,0,0,0,0,93,0,0,0,0
zc,TA209,2012-06-04 09:04:09.177,7372.0000,643226,14,0.0000,32.0000,23,9,多开,B,7370.0000,0.0000,0.0000,0.0000,0.0000,7372.0000,0.0000,0.0000,0.0000,0.0000,284,0,0,0,0,15,0,0,0,0
zc,TA209,2012-06-04 09:04:09.457,7374.0000,643194,-32,0.0000,40.0000,4,36,空平,B,7372.0000,0.0000,0.0000,0.0000,0.0000,7374.0000,0.0000,0.0000,0.0000,0.0000,156,0,0,0,0,28,0,0,0,0
zc,TA209,2012-06-04 09:04:10.143,7372.0000,643176,-18,0.0000,24.0000,3,21,多平,S,7372.0000,0.0000,0.0000,0.0000,0.0000,7374.0000,0.0000,0.0000,0.0000,0.0000,149,0,0,0,0,26,0,0,0,0
zc,TA209,2012-06-04 09:04:10.643,7372.0000,643170,-6,0.0000,16.0000,5,11,多平,S,7372.0000,0.0000,0.0000,0.0000,0.0000,7374.0000,0.0000,0.0000,0.0000,0.0000,199,0,0,0,0,24,0,0,0,0
zc,TA209,2012-06-04 09:04:11.393,7374.0000,643168,-2,0.0000,22.0000,10,12,空平,B,7372.0000,0.0000,0.0000,0.0000,0.0000,7374.0000,0.0000,0.0000,0.0000,0.0000,194,0,0,0,0,23,0,0,0,0
zc,TA209,2012-06-04 09:04:11.910,7374.0000,643128,-40,0.0000,44.0000,2,42,空平,B,7372.0000,0.0000,0.0000,0.0000,0.0000,7374.0000,0.0000,0.0000,0.0000,0.0000,195,0,0,0,0,8,0,0,0,0
zc,TA209,2012-06-04 09:04:12.393,7376.0000,643112,-16,0.0000,74.0000,29,45,空平,B,7374.0000,0.0000,0.0000,0.0000,0.0000,7376.0000,0.0000,0.0000,0.0000,0.0000,1,0,0,0,0,245,0,0,0,0
zc,TA209,2012-06-04 09:04:13.207,7376.0000,643372,260,0.0000,396.0000,328,68,多开,B,7374.0000,0.0000,0.0000,0.0000,0.0000,7376.0000,0.0000,0.0000,0.0000,0.0000,2,0,0,0,0,266,0,0,0,0
zc,TA209,2012-06-04 09:04:13.677,7370.0000,643206,-166,0.0000,752.0000,293,459,多平,S,7368.0000,0.0000,0.0000,0.0000,0.0000,7370.0000,0.0000,0.0000,0.0000,0.0000,57,0,0,0,0,25,0,0,0,0
zc,TA209,2012-06-04 09:04:14.440,7374.0000,642722,-484,0.0000,734.0000,125,609,空平,B,7374.0000,0.0000,0.0000,0.0000,0.0000,7376.0000,0.0000,0.0000,0.0000,0.0000,78,0,0,0,0,93,0,0,0,0
zc,TA209,2012-06-04 09:04:14.927,7374.0000,642696,-26,0.0000,168.0000,71,97,空平,B,7374.0000,0.0000,0.0000,0.0000,0.0000,7376.0000,0.0000,0.0000,0.0000,0.0000,18,0,0,0,0,149,0,0,0,0
zc,TA209,2012-06-04 09:04:15.690,7372.0000,642720,24,0.0000,68.0000,46,22,空开,S,7370.0000,0.0000,0.0000,0.0000,0.0000,7372.0000,0.0000,0.0000,0.0000,0.0000,16,0,0,0,0,2,0,0,0,0
zc,TA209,2012-06-04 09:04:16.207,7370.0000,642720,0,0.0000,126.0000,63,63,空换,S,7368.0000,0.0000,0.0000,0.0000,0.0000,7370.0000,0.0000,0.0000,0.0000,0.0000,39,0,0,0,0,11,0,0,0,0
zc,TA209,2012-06-04 09:04:16.927,7370.0000,642748,28,0.0000,32.0000,30,2,空开,S,7368.0000,0.0000,0.0000,0.0000,0.0000,7372.0000,0.0000,0.0000,0.0000,0.0000,51,0,0,0,0,34,0,0,0,0
zc,TA209,2012-06-04 09:04:17.177,7368.0000,642778,30,0.0000,34.0000,32,2,空开,S,7370.0000,0.0000,0.0000,0.0000,0.0000,7372.0000,0.0000,0.0000,0.0000,0.0000,15,0,0,0,0,37,0,0,0,0
zc,TA209,2012-06-04 09:04:17.893,7368.0000,642752,-26,0.0000,56.0000,15,41,多平,S,7368.0000,0.0000,0.0000,0.0000,0.0000,7370.0000,0.0000,0.0000,0.0000,0.0000,39,0,0,0,0,96,0,0,0,0
zc,TA209,2012-06-04 09:04:18.723,7368.0000,642912,160,0.0000,576.0000,368,208,空开,S,7370.0000,0.0000,0.0000,0.0000,0.0000,7372.0000,0.0000,0.0000,0.0000,0.0000,14,0,0,0,0,36,0,0,0,0
zc,TA209,2012-06-04 09:04:19.190,7366.0000,643048,136,0.0000,252.0000,194,58,空开,S,7364.0000,0.0000,0.0000,0.0000,0.0000,7366.0000,0.0000,0.0000,0.0000,0.0000,169,0,0,0,0,97,0,0,0,0
zc,TA209,2012-06-04 09:04:19.893,7366.0000,643034,-14,0.0000,456.0000,221,235,多平,S,7364.0000,0.0000,0.0000,0.0000,0.0000,7366.0000,0.0000,0.0000,0.0000,0.0000,152,0,0,0,0,293,0,0,0,0
zc,TA209,2012-06-04 09:04:20.393,7366.0000,642976,-58,0.0000,298.0000,120,178,多平,S,7364.0000,0.0000,0.0000,0.0000,0.0000,7366.0000,0.0000,0.0000,0.0000,0.0000,40,0,0,0,0,256,0,0,0,0
zc,TA209,2012-06-04 09:04:21.177,7364.0000,643082,106,0.0000,274.0000,190,84,空开,S,7362.0000,0.0000,0.0000,0.0000,0.0000,7364.0000,0.0000,0.0000,0.0000,0.0000,44,0,0,0,0,151,0,0,0,0
zc,TA209,2012-06-04 09:04:21.643,7364.0000,643078,-4,0.0000,34.0000,15,19,多平,S,7362.0000,0.0000,0.0000,0.0000,0.0000,7364.0000,0.0000,0.0000,0.0000,0.0000,73,0,0,0,0,150,0,0,0,0
zc,TA209,2012-06-04 09:04:22.377,7362.0000,643092,14,0.0000,56.0000,35,21,空开,S,7362.0000,0.0000,0.0000,0.0000,0.0000,7364.0000,0.0000,0.0000,0.0000,0.0000,53,0,0,0,0,144,0,0,0,0
zc,TA209,2012-06-04 09:04:22.677,7362.0000,643196,104,0.0000,192.0000,148,44,空开,S,7360.0000,0.0000,0.0000,0.0000,0.0000,7362.0000,0.0000,0.0000,0.0000,0.0000,967,0,0,0,0,78,0,0,0,0
zc,TA209,2012-06-04 09:04:23.393,7362.0000,643204,8,0.0000,206.0000,107,99,空开,S,7362.0000,0.0000,0.0000,0.0000,0.0000,7364.0000,0.0000,0.0000,0.0000,0.0000,91,0,0,0,0,149,0,0,0,0
zc,TA209,2012-06-04 09:04:23.877,7362.0000,643190,-14,0.0000,116.0000,51,65,多平,S,7362.0000,0.0000,0.0000,0.0000,0.0000,7364.0000,0.0000,0.0000,0.0000,0.0000,148,0,0,0,0,115,0,0,0,0
zc,TA209,2012-06-04 09:04:24.677,7364.0000,643106,-84,0.0000,392.0000,154,238,空平,B,7362.0000,0.0000,0.0000,0.0000,0.0000,7364.0000,0.0000,0.0000,0.0000,0.0000,147,0,0,0,0,97,0,0,0,0
zc,TA209,2012-06-04 09:04:25.177,7362.0000,643110,4,0.0000,150.0000,77,73,空开,S,7362.0000,0.0000,0.0000,0.0000,0.0000,7364.0000,0.0000,0.0000,0.0000,0.0000,148,0,0,0,0,48,0,0,0,0
zc,TA209,2012-06-04 09:04:25.677,7364.0000,643154,44,0.0000,80.0000,62,18,多开,B,7362.0000,0.0000,0.0000,0.0000,0.0000,7364.0000,0.0000,0.0000,0.0000,0.0000,143,0,0,0,0,45,0,0,0,0
zc,TA209,2012-06-04 09:04:26.427,7362.0000,643182,28,0.0000,90.0000,59,31,空开,S,7362.0000,0.0000,0.0000,0.0000,0.0000,7364.0000,0.0000,0.0000,0.0000,0.0000,72,0,0,0,0,18,0,0,0,0
zc,TA209,2012-06-04 09:04:26.927,7364.0000,643228,46,0.0000,104.0000,75,29,多开,B,7364.0000,0.0000,0.0000,0.0000,0.0000,7366.0000,0.0000,0.0000,0.0000,0.0000,39,0,0,0,0,279,0,0,0,0
zc,TA209,2012-06-04 09:04:27.690,7362.0000,643204,-24,0.0000,238.0000,107,131,多平,S,7364.0000,0.0000,0.0000,0.0000,0.0000,7366.0000,0.0000,0.0000,0.0000,0.0000,188,0,0,0,0,279,0,0,0,0
zc,TA209,2012-06-04 09:04:28.177,7364.0000,642928,-276,0.0000,368.0000,46,322,空平,B,7364.0000,0.0000,0.0000,0.0000,0.0000,7366.0000,0.0000,0.0000,0.0000,0.0000,113,0,0,0,0,279,0,0,0,0
zc,TA209,2012-06-04 09:04:28.677,7364.0000,642916,-12,0.0000,86.0000,37,49,空平,B,7364.0000,0.0000,0.0000,0.0000,0.0000,7366.0000,0.0000,0.0000,0.0000,0.0000,73,0,0,0,0,278,0,0,0,0
zc,TA209,2012-06-04 09:04:29.160,7364.0000,642884,-32,0.0000,44.0000,6,38,空平,B,7364.0000,0.0000,0.0000,0.0000,0.0000,7366.0000,0.0000,0.0000,0.0000,0.0000,117,0,0,0,0,311,0,0,0,0
zc,TA209,2012-06-04 09:04:29.940,7366.0000,642842,-42,0.0000,108.0000,33,75,空平,B,7364.0000,0.0000,0.0000,0.0000,0.0000,7366.0000,0.0000,0.0000,0.0000,0.0000,101,0,0,0,0,285,0,0,0,0
zc,TA209,2012-06-04 09:04:30.377,7364.0000,642824,-18,0.0000,138.0000,60,78,多平,S,7364.0000,0.0000,0.0000,0.0000,0.0000,7366.0000,0.0000,0.0000,0.0000,0.0000,66,0,0,0,0,250,0,0,0,0
zc,TA209,2012-06-04 09:04:30.910,7364.0000,642766,-58,0.0000,106.0000,24,82,多平,S,7364.0000,0.0000,0.0000,0.0000,0.0000,7366.0000,0.0000,0.0000,0.0000,0.0000,60,0,0,0,0,201,0,0,0,0
zc,TA209,2012-06-04 09:04:31.643,7364.0000,642488,-278,0.0000,332.0000,27,305,多平,S,7364.0000,0.0000,0.0000,0.0000,0.0000,7366.0000,0.0000,0.0000,0.0000,0.0000,171,0,0,0,0,53,0,0,0,0
zc,TA209,2012-06-04 09:04:32.177,7368.0000,642400,-88,0.0000,314.0000,113,201,空平,B,7366.0000,0.0000,0.0000,0.0000,0.0000,7368.0000,0.0000,0.0000,0.0000,0.0000,111,0,0,0,0,9,0,0,0,0
zc,TA209,2012-06-04 09:04:32.910,7366.0000,642364,-36,0.0000,60.0000,12,48,多平,S,7366.0000,0.0000,0.0000,0.0000,0.0000,7368.0000,0.0000,0.0000,0.0000,0.0000,590,0,0,0,0,5,0,0,0,0
zc,TA209,2012-06-04 09:04:33.457,7366.0000,642382,18,0.0000,124.0000,71,53,空开,S,7366.0000,0.0000,0.0000,0.0000,0.0000,7370.0000,0.0000,0.0000,0.0000,0.0000,544,0,0,0,0,67,0,0,0,0
zc,TA209,2012-06-04 09:04:33.893,7370.0000,642350,-32,0.0000,144.0000,56,88,空平,B,7370.0000,0.0000,0.0000,0.0000,0.0000,7372.0000,0.0000,0.0000,0.0000,0.0000,49,0,0,0,0,9,0,0,0,0
zc,TA209,2012-06-04 09:04:34.410,7370.0000,642328,-22,0.0000,48.0000,13,35,空平,B,7370.0000,0.0000,0.0000,0.0000,0.0000,7372.0000,0.0000,0.0000,0.0000,0.0000,136,0,0,0,0,9,0,0,0,0
zc,TA209,2012-06-04 09:04:35.177,7370.0000,642284,-44,0.0000,88.0000,22,66,空平,B,7370.0000,0.0000,0.0000,0.0000,0.0000,7372.0000,0.0000,0.0000,0.0000,0.0000,120,0,0,0,0,3,0,0,0,0
zc,TA209,2012-06-04 09:04:35.627,7368.0000,641964,-320,0.0000,898.0000,289,609,多平,S,7366.0000,0.0000,0.0000,0.0000,0.0000,7368.0000,0.0000,0.0000,0.0000,0.0000,715,0,0,0,0,473,0,0,0,0
zc,TA209,2012-06-04 09:04:36.143,7368.0000,641964,0,0.0000,8.0000,4,4,空换,S,7366.0000,0.0000,0.0000,0.0000,0.0000,7368.0000,0.0000,0.0000,0.0000,0.0000,737,0,0,0,0,470,0,0,0,0
zc,TA209,2012-06-04 09:04:36.910,7368.0000,641964,0,0.0000,2.0000,1,1,空换,S,7366.0000,0.0000,0.0000,0.0000,0.0000,7368.0000,0.0000,0.0000,0.0000,0.0000,787,0,0,0,0,469,0,0,0,0
zc,TA209,2012-06-04 09:04:37.410,7368.0000,642002,38,0.0000,160.0000,99,61,空开,S,7366.0000,0.0000,0.0000,0.0000,0.0000,7368.0000,0.0000,0.0000,0.0000,0.0000,716,0,0,0,0,460,0,0,0,0
zc,TA209,2012-06-04 09:04:37.940,7368.0000,641998,-4,0.0000,270.0000,133,137,多平,S,7366.0000,0.0000,0.0000,0.0000,0.0000,7368.0000,0.0000,0.0000,0.0000,0.0000,707,0,0,0,0,350,0,0,0,0
zc,TA209,2012-06-04 09:04:38.427,7368.0000,641604,-394,0.0000,406.0000,6,400,多平,S,7366.0000,0.0000,0.0000,0.0000,0.0000,7368.0000,0.0000,0.0000,0.0000,0.0000,658,0,0,0,0,656,0,0,0,0
zc,TA209,2012-06-04 09:04:39.160,7366.0000,642002,398,0.0000,440.0000,419,21,空开,S,7366.0000,0.0000,0.0000,0.0000,0.0000,7368.0000,0.0000,0.0000,0.0000,0.0000,449,0,0,0,0,645,0,0,0,0
zc,TA209,2012-06-04 09:04:39.677,7366.0000,642074,72,0.0000,634.0000,353,281,空开,S,7366.0000,0.0000,0.0000,0.0000,0.0000,7368.0000,0.0000,0.0000,0.0000,0.0000,151,0,0,0,0,632,0,0,0,0
zc,TA209,2012-06-04 09:04:40.377,7368.0000,642006,-68,0.0000,224.0000,78,146,空平,B,7366.0000,0.0000,0.0000,0.0000,0.0000,7368.0000,0.0000,0.0000,0.0000,0.0000,100,0,0,0,0,571,0,0,0,0
zc,TA209,2012-06-04 09:04:40.957,7366.0000,641754,-252,0.0000,1226.0000,487,739,多平,S,7364.0000,0.0000,0.0000,0.0000,0.0000,7368.0000,0.0000,0.0000,0.0000,0.0000,145,0,0,0,0,178,0,0,0,0
zc,TA209,2012-06-04 09:04:41.440,7362.0000,641780,26,0.0000,828.0000,427,401,空开,S,7360.0000,0.0000,0.0000,0.0000,0.0000,7362.0000,0.0000,0.0000,0.0000,0.0000,1094,0,0,0,0,108,0,0,0,0
zc,TA209,2012-06-04 09:04:42.143,7362.0000,641750,-30,0.0000,76.0000,23,53,多平,S,7360.0000,0.0000,0.0000,0.0000,0.0000,7362.0000,0.0000,0.0000,0.0000,0.0000,1097,0,0,0,0,571,0,0,0,0
zc,TA209,2012-06-04 09:04:42.677,7360.0000,641764,14,0.0000,144.0000,79,65,空开,S,7360.0000,0.0000,0.0000,0.0000,0.0000,7362.0000,0.0000,0.0000,0.0000,0.0000,1055,0,0,0,0,538,0,0,0,0
zc,TA209,2012-06-04 09:04:43.393,7360.0000,641848,84,0.0000,306.0000,195,111,空开,S,7360.0000,0.0000,0.0000,0.0000,0.0000,7362.0000,0.0000,0.0000,0.0000,0.0000,932,0,0,0,0,512,0,0,0,0
zc,TA209,2012-06-04 09:04:43.910,7360.0000,642422,574,0.0000,630.0000,602,28,空开,S,7360.0000,0.0000,0.0000,0.0000,0.0000,7362.0000,0.0000,0.0000,0.0000,0.0000,628,0,0,0,0,508,0,0,0,0
zc,TA209,2012-06-04 09:04:44.643,7360.0000,642750,328,0.0000,1136.0000,732,404,空开,S,7360.0000,0.0000,0.0000,0.0000,0.0000,7362.0000,0.0000,0.0000,0.0000,0.0000,98,0,0,0,0,470,0,0,0,0
zc,TA209,2012-06-04 09:04:45.177,7362.0000,642838,88,0.0000,166.0000,127,39,多开,B,7360.0000,0.0000,0.0000,0.0000,0.0000,7362.0000,0.0000,0.0000,0.0000,0.0000,23,0,0,0,0,464,0,0,0,0
zc,TA209,2012-06-04 09:04:45.940,7358.0000,643342,504,0.0000,800.0000,652,148,空开,S,7356.0000,0.0000,0.0000,0.0000,0.0000,7358.0000,0.0000,0.0000,0.0000,0.0000,122,0,0,0,0,242,0,0,0,0
zc,TA209,2012-06-04 09:04:46.363,7356.0000,643366,24,0.0000,26.0000,25,1,空开,S,7356.0000,0.0000,0.0000,0.0000,0.0000,7358.0000,0.0000,0.0000,0.0000,0.0000,116,0,0,0,0,235,0,0,0,0
zc,TA209,2012-06-04 09:04:46.503,7358.0000,643368,2,0.0000,2.0000,2,0,双开,B,7356.0000,0.0000,0.0000,0.0000,0.0000,7358.0000,0.0000,0.0000,0.0000,0.0000,126,0,0,0,0,234,0,0,0,0
zc,TA209,2012-06-04 09:04:46.927,7356.0000,643542,174,0.0000,416.0000,295,121,空开,S,7354.0000,0.0000,0.0000,0.0000,0.0000,7356.0000,0.0000,0.0000,0.0000,0.0000,354,0,0,0,0,76,0,0,0,0
zc,TA209,2012-06-04 09:04:47.427,7354.0000,643568,26,0.0000,28.0000,27,1,空开,S,7354.0000,0.0000,0.0000,0.0000,0.0000,7356.0000,0.0000,0.0000,0.0000,0.0000,353,0,0,0,0,120,0,0,0,0
zc,TA209,2012-06-04 09:04:48.143,7356.0000,643838,270,0.0000,340.0000,305,35,多开,B,7354.0000,0.0000,0.0000,0.0000,0.0000,7356.0000,0.0000,0.0000,0.0000,0.0000,295,0,0,0,0,39,0,0,0,0
zc,TA209,2012-06-04 09:04:48.627,7354.0000,643838,0,0.0000,128.0000,64,64,空换,S,7354.0000,0.0000,0.0000,0.0000,0.0000,7356.0000,0.0000,0.0000,0.0000,0.0000,255,0,0,0,0,33,0,0,0,0
zc,TA209,2012-06-04 09:04:49.377,7356.0000,643780,-58,0.0000,208.0000,75,133,空平,B,7354.0000,0.0000,0.0000,0.0000,0.0000,7356.0000,0.0000,0.0000,0.0000,0.0000,155,0,0,0,0,54,0,0,0,0
zc,TA209,2012-06-04 09:04:49.893,7356.0000,643736,-44,0.0000,202.0000,79,123,空平,B,7356.0000,0.0000,0.0000,0.0000,0.0000,7358.0000,0.0000,0.0000,0.0000,0.0000,68,0,0,0,0,142,0,0,0,0
zc,TA209,2012-06-04 09:04:50.410,7358.0000,643624,-112,0.0000,322.0000,105,217,空平,B,7356.0000,0.0000,0.0000,0.0000,0.0000,7358.0000,0.0000,0.0000,0.0000,0.0000,119,0,0,0,0,139,0,0,0,0
zc,TA209,2012-06-04 09:04:51.127,7358.0000,643422,-202,0.0000,378.0000,88,290,空平,B,7356.0000,0.0000,0.0000,0.0000,0.0000,7358.0000,0.0000,0.0000,0.0000,0.0000,107,0,0,0,0,133,0,0,0,0
zc,TA209,2012-06-04 09:04:51.660,7356.0000,643502,80,0.0000,286.0000,183,103,空开,S,7356.0000,0.0000,0.0000,0.0000,0.0000,7358.0000,0.0000,0.0000,0.0000,0.0000,142,0,0,0,0,3,0,0,0,0
zc,TA209,2012-06-04 09:04:52.427,7356.0000,643702,200,0.0000,334.0000,267,67,空开,S,7354.0000,0.0000,0.0000,0.0000,0.0000,7356.0000,0.0000,0.0000,0.0000,0.0000,75,0,0,0,0,51,0,0,0,0
zc,TA209,2012-06-04 09:04:52.910,7356.0000,644368,666,0.0000,910.0000,788,122,空开,S,7352.0000,0.0000,0.0000,0.0000,0.0000,7354.0000,0.0000,0.0000,0.0000,0.0000,79,0,0,0,0,4,0,0,0,0
zc,TA209,2012-06-04 09:04:53.677,7350.0000,644520,152,0.0000,322.0000,237,85,空开,S,7350.0000,0.0000,0.0000,0.0000,0.0000,7352.0000,0.0000,0.0000,0.0000,0.0000,1539,0,0,0,0,26,0,0,0,0
zc,TA209,2012-06-04 09:04:54.160,7350.0000,644752,232,0.0000,816.0000,524,292,空开,S,7350.0000,0.0000,0.0000,0.0000,0.0000,7354.0000,0.0000,0.0000,0.0000,0.0000,1210,0,0,0,0,68,0,0,0,0
zc,TA209,2012-06-04 09:04:54.940,7354.0000,644952,200,0.0000,370.0000,285,85,多开,B,7354.0000,0.0000,0.0000,0.0000,0.0000,7356.0000,0.0000,0.0000,0.0000,0.0000,63,0,0,0,0,45,0,0,0,0
zc,TA209,2012-06-04 09:04:55.410,7352.0000,645168,216,0.0000,410.0000,313,97,空开,S,7352.0000,0.0000,0.0000,0.0000,0.0000,7354.0000,0.0000,0.0000,0.0000,0.0000,4,0,0,0,0,15,0,0,0,0
zc,TA209,2012-06-04 09:04:56.160,7352.0000,645164,-4,0.0000,60.0000,28,32,多平,S,7352.0000,0.0000,0.0000,0.0000,0.0000,7354.0000,0.0000,0.0000,0.0000,0.0000,31,0,0,0,0,39,0,0,0,0
zc,TA209,2012-06-04 09:04:56.660,7354.0000,645240,76,0.0000,280.0000,178,102,多开,B,7350.0000,0.0000,0.0000,0.0000,0.0000,7354.0000,0.0000,0.0000,0.0000,0.0000,1126,0,0,0,0,1,0,0,0,0
zc,TA209,2012-06-04 09:04:57.143,7352.0000,645258,18,0.0000,130.0000,74,56,空开,S,7352.0000,0.0000,0.0000,0.0000,0.0000,7354.0000,0.0000,0.0000,0.0000,0.0000,53,0,0,0,0,14,0,0,0,0
zc,TA209,2012-06-04 09:04:57.910,7352.0000,645282,24,0.0000,326.0000,175,151,空开,S,7352.0000,0.0000,0.0000,0.0000,0.0000,7354.0000,0.0000,0.0000,0.0000,0.0000,2,0,0,0,0,1,0,0,0,0
zc,TA209,2012-06-04 09:04:58.393,7352.0000,645264,-18,0.0000,58.0000,20,38,多平,S,7350.0000,0.0000,0.0000,0.0000,0.0000,7352.0000,0.0000,0.0000,0.0000,0.0000,1028,0,0,0,0,15,0,0,0,0
zc,TA209,2012-06-04 09:04:59.143,7350.0000,645252,-12,0.0000,118.0000,53,65,多平,S,7350.0000,0.0000,0.0000,0.0000,0.0000,7352.0000,0.0000,0.0000,0.0000,0.0000,1018,0,0,0,0,15,0,0,0,0
zc,TA209,2012-06-04 09:04:59.440,7352.0000,645240,-12,0.0000,96.0000,42,54,空平,B,7350.0000,0.0000,0.0000,0.0000,0.0000,7354.0000,0.0000,0.0000,0.0000,0.0000,1003,0,0,0,0,10,0,0,0,0
zc,TA209,2012-06-04 09:05:00.160,7354.0000,645210,-30,0.0000,146.0000,58,88,空平,B,7354.0000,0.0000,0.0000,0.0000,0.0000,7356.0000,0.0000,0.0000,0.0000,0.0000,20,0,0,0,0,437,0,0,0,0
zc,TA209,2012-06-04 09:05:00.660,7352.0000,645430,220,0.0000,406.0000,313,93,空开,S,7350.0000,0.0000,0.0000,0.0000,0.0000,7352.0000,0.0000,0.0000,0.0000,0.0000,913,0,0,0,0,2,0,0,0,0
zc,TA209,2012-06-04 09:05:01.427,7350.0000,645428,-2,0.0000,1080.0000,539,541,多平,S,7350.0000,0.0000,0.0000,0.0000,0.0000,7352.0000,0.0000,0.0000,0.0000,0.0000,394,0,0,0,0,20,0,0,0,0
zc,TA209,2012-06-04 09:05:01.910,7350.0000,645426,-2,0.0000,336.0000,167,169,多平,S,7350.0000,0.0000,0.0000,0.0000,0.0000,7352.0000,0.0000,0.0000,0.0000,0.0000,264,0,0,0,0,25,0,0,0,0
zc,TA209,2012-06-04 09:05:02.660,7350.0000,645436,10,0.0000,192.0000,101,91,空开,S,7350.0000,0.0000,0.0000,0.0000,0.0000,7352.0000,0.0000,0.0000,0.0000,0.0000,280,0,0,0,0,50,0,0,0,0
zc,TA209,2012-06-04 09:05:03.177,7352.0000,645250,-186,0.0000,796.0000,305,491,空平,B,7352.0000,0.0000,0.0000,0.0000,0.0000,7354.0000,0.0000,0.0000,0.0000,0.0000,3,0,0,0,0,313,0,0,0,0
zc,TA209,2012-06-04 09:05:03.927,7350.0000,645320,70,0.0000,102.0000,86,16,空开,S,7352.0000,0.0000,0.0000,0.0000,0.0000,7354.0000,0.0000,0.0000,0.0000,0.0000,38,0,0,0,0,274,0,0,0,0
zc,TA209,2012-06-04 09:05:04.457,7352.0000,645318,-2,0.0000,468.0000,233,235,空平,B,7352.0000,0.0000,0.0000,0.0000,0.0000,7356.0000,0.0000,0.0000,0.0000,0.0000,111,0,0,0,0,447,0,0,0,0
zc,TA209,2012-06-04 09:05:05.160,7352.0000,645296,-22,0.0000,102.0000,40,62,空平,B,7352.0000,0.0000,0.0000,0.0000,0.0000,7356.0000,0.0000,0.0000,0.0000,0.0000,84,0,0,0,0,447,0,0,0,0
zc,TA209,2012-06-04 09:05:05.660,7350.0000,644954,-342,0.0000,676.0000,167,509,多平,S,7348.0000,0.0000,0.0000,0.0000,0.0000,7350.0000,0.0000,0.0000,0.0000,0.0000,16,0,0,0,0,87,0,0,0,0
zc,TA209,2012-06-04 09:05:06.143,7350.0000,644948,-6,0.0000,58.0000,26,32,多平,S,7348.0000,0.0000,0.0000,0.0000,0.0000,7350.0000,0.0000,0.0000,0.0000,0.0000,33,0,0,0,0,61,0,0,0,0
zc,TA209,2012-06-04 09:05:06.940,7346.0000,645012,64,0.0000,108.0000,86,22,空开,S,7346.0000,0.0000,0.0000,0.0000,0.0000,7348.0000,0.0000,0.0000,0.0000,0.0000,34,0,0,0,0,157,0,0,0,0
zc,TA209,2012-06-04 09:05:07.410,7346.0000,644972,-40,0.0000,194.0000,77,117,多平,S,7344.0000,0.0000,0.0000,0.0000,0.0000,7346.0000,0.0000,0.0000,0.0000,0.0000,15,0,0,0,0,49,0,0,0,0
zc,TA209,2012-06-04 09:05:08.177,7344.0000,645168,196,0.0000,234.0000,215,19,空开,S,7342.0000,0.0000,0.0000,0.0000,0.0000,7344.0000,0.0000,0.0000,0.0000,0.0000,83,0,0,0,0,37,0,0,0,0
zc,TA209,2012-06-04 09:05:08.660,7344.0000,645266,98,0.0000,214.0000,156,58,空开,S,7344.0000,0.0000,0.0000,0.0000,0.0000,7346.0000,0.0000,0.0000,0.0000,0.0000,45,0,0,0,0,124,0,0,0,0
zc,TA209,2012-06-04 09:05:09.427,7346.0000,645236,-30,0.0000,292.0000,131,161,空平,B,7342.0000,0.0000,0.0000,0.0000,0.0000,7346.0000,0.0000,0.0000,0.0000,0.0000,26,0,0,0,0,109,0,0,0,0
zc,TA209,2012-06-04 09:05:09.940,7342.0000,645212,-24,0.0000,180.0000,78,102,多平,S,7340.0000,0.0000,0.0000,0.0000,0.0000,7342.0000,0.0000,0.0000,0.0000,0.0000,31,0,0,0,0,5,0,0,0,0
zc,TA209,2012-06-04 09:05:10.677,7340.0000,645246,34,0.0000,46.0000,40,6,空开,S,7340.0000,0.0000,0.0000,0.0000,0.0000,7342.0000,0.0000,0.0000,0.0000,0.0000,20,0,0,0,0,91,0,0,0,0
zc,TA209,2012-06-04 09:05:11.190,7342.0000,645290,44,0.0000,106.0000,75,31,多开,B,7338.0000,0.0000,0.0000,0.0000,0.0000,7340.0000,0.0000,0.0000,0.0000,0.0000,13,0,0,0,0,1,0,0,0,0
zc,TA209,2012-06-04 09:05:11.940,7338.0000,645312,22,0.0000,42.0000,32,10,空开,S,7338.0000,0.0000,0.0000,0.0000,0.0000,7340.0000,0.0000,0.0000,0.0000,0.0000,2,0,0,0,0,4,0,0,0,0
zc,TA209,2012-06-04 09:05:12.427,7338.0000,645350,38,0.0000,512.0000,275,237,空开,S,7336.0000,0.0000,0.0000,0.0000,0.0000,7338.0000,0.0000,0.0000,0.0000,0.0000,258,0,0,0,0,92,0,0,0,0
zc,TA209,2012-06-04 09:05:13.177,7338.0000,645374,24,0.0000,172.0000,98,74,空开,S,7336.0000,0.0000,0.0000,0.0000,0.0000,7338.0000,0.0000,0.0000,0.0000,0.0000,263,0,0,0,0,26,0,0,0,0
zc,TA209,2012-06-04 09:05:13.690,7336.0000,645412,38,0.0000,218.0000,128,90,空开,S,7336.0000,0.0000,0.0000,0.0000,0.0000,7338.0000,0.0000,0.0000,0.0000,0.0000,178,0,0,0,0,74,0,0,0,0
zc,TA209,2012-06-04 09:05:14.457,7336.0000,645336,-76,0.0000,334.0000,129,205,多平,S,7336.0000,0.0000,0.0000,0.0000,0.0000,7338.0000,0.0000,0.0000,0.0000,0.0000,119,0,0,0,0,6,0,0,0,0
zc,TA209,2012-06-04 09:05:14.957,7338.0000,645474,138,0.0000,356.0000,247,109,多开,B,7338.0000,0.0000,0.0000,0.0000,0.0000,7340.0000,0.0000,0.0000,0.0000,0.0000,8,0,0,0,0,400,0,0,0,0
zc,TA209,2012-06-04 09:05:15.707,7336.0000,645494,20,0.0000,42.0000,31,11,空开,S,7334.0000,0.0000,0.0000,0.0000,0.0000,7336.0000,0.0000,0.0000,0.0000,0.0000,20,0,0,0,0,26,0,0,0,0
zc,TA209,2012-06-04 09:05:16.143,7336.0000,645538,44,0.0000,106.0000,75,31,空开,S,7334.0000,0.0000,0.0000,0.0000,0.0000,7336.0000,0.0000,0.0000,0.0000,0.0000,18,0,0,0,0,78,0,0,0,0
zc,TA209,2012-06-04 09:05:16.940,7334.0000,645524,-14,0.0000,68.0000,27,41,多平,S,7332.0000,0.0000,0.0000,0.0000,0.0000,7334.0000,0.0000,0.0000,0.0000,0.0000,27,0,0,0,0,27,0,0,0,0
zc,TA209,2012-06-04 09:05:17.723,7334.0000,645466,-58,0.0000,592.0000,267,325,多平,S,7328.0000,0.0000,0.0000,0.0000,0.0000,7334.0000,0.0000,0.0000,0.0000,0.0000,4,0,0,0,0,25,0,0,0,0
zc,TA209,2012-06-04 09:05:18.190,7326.0000,645514,48,0.0000,302.0000,175,127,空开,S,7326.0000,0.0000,0.0000,0.0000,0.0000,7334.0000,0.0000,0.0000,0.0000,0.0000,96,0,0,0,0,610,0,0,0,0
zc,TA209,2012-06-04 09:05:18.910,7334.0000,645538,24,0.0000,70.0000,47,23,多开,B,7326.0000,0.0000,0.0000,0.0000,0.0000,7332.0000,0.0000,0.0000,0.0000,0.0000,96,0,0,0,0,13,0,0,0,0
zc,TA209,2012-06-04 09:05:19.440,7332.0000,645486,-52,0.0000,224.0000,86,138,多平,S,7326.0000,0.0000,0.0000,0.0000,0.0000,7332.0000,0.0000,0.0000,0.0000,0.0000,61,0,0,0,0,6,0,0,0,0
zc,TA209,2012-06-04 09:05:20.223,7328.0000,645376,-110,0.0000,376.0000,133,243,多平,S,7324.0000,0.0000,0.0000,0.0000,0.0000,7326.0000,0.0000,0.0000,0.0000,0.0000,7,0,0,0,0,11,0,0,0,0
zc,TA209,2012-06-04 09:05:20.723,7322.0000,645520,144,0.0000,170.0000,157,13,空开,S,7322.0000,0.0000,0.0000,0.0000,0.0000,7326.0000,0.0000,0.0000,0.0000,0.0000,28,0,0,0,0,65,0,0,0,0
zc,TA209,2012-06-04 09:05:21.427,7324.0000,645496,-24,0.0000,764.0000,370,394,空平,B,7324.0000,0.0000,0.0000,0.0000,0.0000,7326.0000,0.0000,0.0000,0.0000,0.0000,4,0,0,0,0,69,0,0,0,0
zc,TA209,2012-06-04 09:05:21.957,7320.0000,645590,94,0.0000,122.0000,108,14,空开,S,7320.0000,0.0000,0.0000,0.0000,0.0000,7322.0000,0.0000,0.0000,0.0000,0.0000,764,0,0,0,0,32,0,0,0,0
zc,TA209,2012-06-04 09:05:22.677,7324.0000,645466,-124,0.0000,330.0000,103,227,空平,B,7322.0000,0.0000,0.0000,0.0000,0.0000,7324.0000,0.0000,0.0000,0.0000,0.0000,103,0,0,0,0,529,0,0,0,0
zc,TA209,2012-06-04 09:05:23.190,7324.0000,645130,-336,0.0000,640.0000,152,488,空平,B,7322.0000,0.0000,0.0000,0.0000,0.0000,7324.0000,0.0000,0.0000,0.0000,0.0000,62,0,0,0,0,364,0,0,0,0
zc,TA209,2012-06-04 09:05:23.893,7324.0000,645008,-122,0.0000,208.0000,43,165,空平,B,7322.0000,0.0000,0.0000,0.0000,0.0000,7324.0000,0.0000,0.0000,0.0000,0.0000,57,0,0,0,0,351,0,0,0,0
zc,TA209,2012-06-04 09:05:24.427,7322.0000,644878,-130,0.0000,204.0000,37,167,多平,S,7320.0000,0.0000,0.0000,0.0000,0.0000,7322.0000,0.0000,0.0000,0.0000,0.0000,751,0,0,0,0,393,0,0,0,0
zc,TA209,2012-06-04 09:05:25.143,7322.0000,644698,-180,0.0000,366.0000,93,273,多平,S,7320.0000,0.0000,0.0000,0.0000,0.0000,7322.0000,0.0000,0.0000,0.0000,0.0000,726,0,0,0,0,320,0,0,0,0
zc,TA209,2012-06-04 09:05:25.643,7320.0000,644336,-362,0.0000,874.0000,256,618,多平,S,7320.0000,0.0000,0.0000,0.0000,0.0000,7322.0000,0.0000,0.0000,0.0000,0.0000,303,0,0,0,0,381,0,0,0,0
zc,TA209,2012-06-04 09:05:26.427,7322.0000,644164,-172,0.0000,912.0000,370,542,空平,B,7318.0000,0.0000,0.0000,0.0000,0.0000,7320.0000,0.0000,0.0000,0.0000,0.0000,24,0,0,0,0,1,0,0,0,0
zc,TA209,2012-06-04 09:05:27.177,7324.0000,644346,182,0.0000,1726.0000,954,772,多开,B,7322.0000,0.0000,0.0000,0.0000,0.0000,7324.0000,0.0000,0.0000,0.0000,0.0000,113,0,0,0,0,196,0,0,0,0
