市场代码,合约代码,时间,最新,持仓,增仓,成交额,成交量,开仓,平仓,成交类型,方向,买一价,买二价,买三价,买四价,买五价,卖一价,卖二价,卖三价,卖四价,卖五价,买一量,买二量,买三量,买四量,买五量,卖一量,卖二量,卖三量,卖四量,卖五量
zc,WS209,2012-06-04 08:00:44.440,0.0000,299626,0,0.0000,0.0000,0,0,空换,S,0.0000,0.0000,0.0000,0.0000,0.0000,0.0000,0.0000,0.0000,0.0000,0.0000,0,0,0,0,0,0,0,0,0,0
zc,WS209,2012-06-04 08:02:46.410,0.0000,299626,0,0.0000,0.0000,0,0,空换,S,0.0000,0.0000,0.0000,0.0000,0.0000,0.0000,0.0000,0.0000,0.0000,0.0000,0,0,0,0,0,0,0,0,0,0
zc,WS209,2012-06-04 08:14:46.393,0.0000,299626,0,0.0000,0.0000,0,0,空换,S,0.0000,0.0000,0.0000,0.0000,0.0000,0.0000,0.0000,0.0000,0.0000,0.0000,0,0,0,0,0,0,0,0,0,0
zc,WS209,2012-06-04 08:17:46.393,0.0000,299626,0,0.0000,0.0000,0,0,空换,S,0.0000,0.0000,0.0000,0.0000,0.0000,0.0000,0.0000,0.0000,0.0000,0.0000,0,0,0,0,0,0,0,0,0,0
zc,WS209,2012-06-04 08:19:46.393,0.0000,299626,0,0.0000,0.0000,0,0,空换,S,0.0000,0.0000,0.0000,0.0000,0.0000,0.0000,0.0000,0.0000,0.0000,0.0000,0,0,0,0,0,0,0,0,0,0
zc,WS209,2012-06-04 08:21:46.377,0.0000,299626,0,0.0000,0.0000,0,0,空换,S,0.0000,0.0000,0.0000,0.0000,0.0000,0.0000,0.0000,0.0000,0.0000,0.0000,0,0,0,0,0,0,0,0,0,0
zc,WS209,2012-06-04 08:24:46.377,0.0000,299626,0,0.0000,0.0000,0,0,空换,S,0.0000,0.0000,0.0000,0.0000,0.0000,0.0000,0.0000,0.0000,0.0000,0.0000,0,0,0,0,0,0,0,0,0,0
zc,WS209,2012-06-04 08:36:46.377,0.0000,299626,0,0.0000,0.0000,0,0,空换,S,0.0000,0.0000,0.0000,0.0000,0.0000,0.0000,0.0000,0.0000,0.0000,0.0000,0,0,0,0,0,0,0,0,0,0
zc,WS209,2012-06-04 08:40:46.363,0.0000,299626,0,0.0000,0.0000,0,0,空换,S,0.0000,0.0000,0.0000,0.0000,0.0000,0.0000,0.0000,0.0000,0.0000,0.0000,0,0,0,0,0,0,0,0,0,0
zc,WS209,2012-06-04 08:55:01.613,0.0000,299626,0,0.0000,0.0000,0,0,空换,S,0.0000,0.0000,0.0000,0.0000,0.0000,0.0000,0.0000,0.0000,0.0000,0.0000,0,0,0,0,0,0,0,0,0,0
zc,WS209,2012-06-04 08:55:02.143,0.0000,299626,0,0.0000,0.0000,0,0,空换,S,0.0000,0.0000,0.0000,0.0000,0.0000,0.0000,0.0000,0.0000,0.0000,0.0000,0,0,0,0,0,0,0,0,0,0
zc,WS209,2012-06-04 08:55:03.347,0.0000,299626,0,0.0000,0.0000,0,0,空换,S,0.0000,0.0000,0.0000,0.0000,0.0000,0.0000,0.0000,0.0000,0.0000,0.0000,0,0,0,0,0,0,0,0,0,0
zc,WS209,2012-06-04 08:55:04.597,0.0000,299626,0,0.0000,0.0000,0,0,空换,S,0.0000,0.0000,0.0000,0.0000,0.0000,0.0000,0.0000,0.0000,0.0000,0.0000,0,0,0,0,0,0,0,0,0,0
zc,WS209,2012-06-04 08:55:21.863,0.0000,299626,0,0.0000,0.0000,0,0,空换,S,0.0000,0.0000,0.0000,0.0000,0.0000,0.0000,0.0000,0.0000,0.0000,0.0000,0,0,0,0,0,0,0,0,0,0
zc,WS209,2012-06-04 08:55:39.113,0.0000,299626,0,0.0000,0.0000,0,0,空换,S,0.0000,0.0000,0.0000,0.0000,0.0000,0.0000,0.0000,0.0000,0.0000,0.0000,0,0,0,0,0,0,0,0,0,0
zc,WS209,2012-06-04 08:56:25.097,0.0000,299626,0,0.0000,0.0000,0,0,空换,S,0.0000,0.0000,0.0000,0.0000,0.0000,0.0000,0.0000,0.0000,0.0000,0.0000,0,0,0,0,0,0,0,0,0,0
zc,WS209,2012-06-04 08:56:43.597,0.0000,299626,0,0.0000,0.0000,0,0,空换,S,0.0000,0.0000,0.0000,0.0000,0.0000,0.0000,0.0000,0.0000,0.0000,0.0000,0,0,0,0,0,0,0,0,0,0
zc,WS209,2012-06-04 08:56:46.377,0.0000,299626,0,0.0000,0.0000,0,0,空换,S,0.0000,0.0000,0.0000,0.0000,0.0000,0.0000,0.0000,0.0000,0.0000,0.0000,0,0,0,0,0,0,0,0,0,0
zc,WS209,2012-06-04 08:58:16.597,0.0000,299626,0,0.0000,0.0000,0,0,空换,S,0.0000,0.0000,0.0000,0.0000,0.0000,0.0000,0.0000,0.0000,0.0000,0.0000,0,0,0,0,0,0,0,0,0,0
zc,WS209,2012-06-04 08:58:24.113,0.0000,299626,0,0.0000,0.0000,0,0,空换,S,0.0000,0.0000,0.0000,0.0000,0.0000,0.0000,0.0000,0.0000,0.0000,0.0000,0,0,0,0,0,0,0,0,0,0
zc,WS209,2012-06-04 08:58:32.863,0.0000,299626,0,0.0000,0.0000,0,0,空换,S,0.0000,0.0000,0.0000,0.0000,0.0000,0.0000,0.0000,0.0000,0.0000,0.0000,0,0,0,0,0,0,0,0,0,0
zc,WS209,2012-06-04 08:58:46.363,0.0000,299626,0,0.0000,0.0000,0,0,空换,S,0.0000,0.0000,0.0000,0.0000,0.0000,0.0000,0.0000,0.0000,0.0000,0.0000,0,0,0,0,0,0,0,0,0,0
zc,WS209,2012-06-04 08:59:03.347,2366.0000,299532,-94,0.0000,222.0000,64,158,空平,B,2366.0000,0.0000,0.0000,0.0000,0.0000,2368.0000,0.0000,0.0000,0.0000,0.0000,18,0,0,0,0,13,0,0,0,0
zc,WS209,2012-06-04 08:59:46.377,2366.0000,299532,0,0.0000,0.0000,0,0,多换,B,2366.0000,0.0000,0.0000,0.0000,0.0000,2368.0000,0.0000,0.0000,0.0000,0.0000,18,0,0,0,0,13,0,0,0,0
zc,WS209,2012-06-04 09:00:00.927,2369.0000,299534,2,0.0000,48.0000,25,23,多开,B,2368.0000,0.0000,0.0000,0.0000,0.0000,2369.0000,0.0000,0.0000,0.0000,0.0000,4,0,0,0,0,15,0,0,0,0
zc,WS209,2012-06-04 09:00:01.817,2369.0000,299542,8,0.0000,348.0000,178,170,多开,B,2368.0000,0.0000,0.0000,0.0000,0.0000,2369.0000,0.0000,0.0000,0.0000,0.0000,9,0,0,0,0,2,0,0,0,0
zc,WS209,2012-06-04 09:00:03.330,2366.0000,299570,28,0.0000,236.0000,132,104,空开,S,2366.0000,0.0000,0.0000,0.0000,0.0000,2368.0000,0.0000,0.0000,0.0000,0.0000,47,0,0,0,0,90,0,0,0,0
zc,WS209,2012-06-04 09:00:04.830,2365.0000,299708,138,0.0000,544.0000,341,203,空开,S,2368.0000,0.0000,0.0000,0.0000,0.0000,2371.0000,0.0000,0.0000,0.0000,0.0000,1,0,0,0,0,30,0,0,0,0
zc,WS209,2012-06-04 09:00:05.317,2371.0000,299336,-372,0.0000,402.0000,15,387,空平,B,2365.0000,0.0000,0.0000,0.0000,0.0000,2371.0000,0.0000,0.0000,0.0000,0.0000,379,0,0,0,0,28,0,0,0,0
zc,WS209,2012-06-04 09:00:06.533,2370.0000,299340,4,0.0000,14.0000,9,5,空开,S,2367.0000,0.0000,0.0000,0.0000,0.0000,2371.0000,0.0000,0.0000,0.0000,0.0000,1,0,0,0,0,23,0,0,0,0
zc,WS209,2012-06-04 09:00:06.770,2370.0000,299340,0,0.0000,0.0000,0,0,空换,S,2371.0000,0.0000,0.0000,0.0000,0.0000,2372.0000,0.0000,0.0000,0.0000,0.0000,1,0,0,0,0,87,0,0,0,0
zc,WS209,2012-06-04 09:00:07.533,2366.0000,299326,-14,0.0000,190.0000,88,102,多平,S,2365.0000,0.0000,0.0000,0.0000,0.0000,2366.0000,0.0000,0.0000,0.0000,0.0000,379,0,0,0,0,48,0,0,0,0
zc,WS209,2012-06-04 09:00:08.020,2366.0000,299324,-2,0.0000,106.0000,52,54,多平,S,2366.0000,0.0000,0.0000,0.0000,0.0000,2372.0000,0.0000,0.0000,0.0000,0.0000,44,0,0,0,0,89,0,0,0,0
zc,WS209,2012-06-04 09:00:08.550,2371.0000,299322,-2,0.0000,4.0000,1,3,空平,B,2371.0000,0.0000,0.0000,0.0000,0.0000,2372.0000,0.0000,0.0000,0.0000,0.0000,1,0,0,0,0,86,0,0,0,0
zc,WS209,2012-06-04 09:00:09.050,2372.0000,299340,18,0.0000,22.0000,20,2,多开,B,2371.0000,0.0000,0.0000,0.0000,0.0000,2372.0000,0.0000,0.0000,0.0000,0.0000,1,0,0,0,0,76,0,0,0,0
zc,WS209,2012-06-04 09:00:09.770,2366.0000,299340,0,0.0000,8.0000,4,4,空换,S,2366.0000,0.0000,0.0000,0.0000,0.0000,2372.0000,0.0000,0.0000,0.0000,0.0000,11,0,0,0,0,76,0,0,0,0
zc,WS209,2012-06-04 09:00:10.503,2372.0000,299344,4,0.0000,6.0000,5,1,多开,B,2366.0000,0.0000,0.0000,0.0000,0.0000,2372.0000,0.0000,0.0000,0.0000,0.0000,4,0,0,0,0,71,0,0,0,0
zc,WS209,2012-06-04 09:00:11.033,2372.0000,299346,2,0.0000,28.0000,15,13,多开,B,2368.0000,0.0000,0.0000,0.0000,0.0000,2372.0000,0.0000,0.0000,0.0000,0.0000,6,0,0,0,0,66,0,0,0,0
zc,WS209,2012-06-04 09:00:12.033,2368.0000,299348,2,0.0000,6.0000,4,2,空开,S,2368.0000,0.0000,0.0000,0.0000,0.0000,2371.0000,0.0000,0.0000,0.0000,0.0000,3,0,0,0,0,7,0,0,0,0
zc,WS209,2012-06-04 09:00:12.550,2368.0000,299348,0,0.0000,4.0000,2,2,空换,S,2368.0000,0.0000,0.0000,0.0000,0.0000,2370.0000,0.0000,0.0000,0.0000,0.0000,2,0,0,0,0,100,0,0,0,0
zc,WS209,2012-06-04 09:00:13.223,2368.0000,299348,0,0.0000,2.0000,1,1,空换,S,2368.0000,0.0000,0.0000,0.0000,0.0000,2370.0000,0.0000,0.0000,0.0000,0.0000,1,0,0,0,0,100,0,0,0,0
zc,WS209,2012-06-04 09:00:13.770,2368.0000,299344,-4,0.0000,6.0000,1,5,多平,S,2368.0000,0.0000,0.0000,0.0000,0.0000,2370.0000,0.0000,0.0000,0.0000,0.0000,1,0,0,0,0,98,0,0,0,0
zc,WS209,2012-06-04 09:00:14.487,2368.0000,299344,0,0.0000,0.0000,0,0,空换,S,2368.0000,0.0000,0.0000,0.0000,0.0000,2370.0000,0.0000,0.0000,0.0000,0.0000,56,0,0,0,0,98,0,0,0,0
zc,WS209,2012-06-04 09:00:15.300,2368.0000,299344,0,0.0000,0.0000,0,0,空换,S,2368.0000,0.0000,0.0000,0.0000,0.0000,2370.0000,0.0000,0.0000,0.0000,0.0000,59,0,0,0,0,98,0,0,0,0
zc,WS209,2012-06-04 09:00:15.800,2370.0000,299344,0,0.0000,102.0000,51,51,多换,B,2368.0000,0.0000,0.0000,0.0000,0.0000,2370.0000,0.0000,0.0000,0.0000,0.0000,59,0,0,0,0,48,0,0,0,0
zc,WS209,2012-06-04 09:00:16.533,2368.0000,299342,-2,0.0000,2.0000,0,2,双平,S,2368.0000,0.0000,0.0000,0.0000,0.0000,2369.0000,0.0000,0.0000,0.0000,0.0000,58,0,0,0,0,1,0,0,0,0
zc,WS209,2012-06-04 09:00:17.253,2369.0000,299340,-2,0.0000,4.0000,1,3,空平,B,2368.0000,0.0000,0.0000,0.0000,0.0000,2370.0000,0.0000,0.0000,0.0000,0.0000,60,0,0,0,0,49,0,0,0,0
zc,WS209,2012-06-04 09:00:18.567,2368.0000,299338,-2,0.0000,4.0000,1,3,多平,S,2368.0000,0.0000,0.0000,0.0000,0.0000,2370.0000,0.0000,0.0000,0.0000,0.0000,59,0,0,0,0,48,0,0,0,0
zc,WS209,2012-06-04 09:00:19.283,2370.0000,299320,-18,0.0000,20.0000,1,19,空平,B,2368.0000,0.0000,0.0000,0.0000,0.0000,2370.0000,0.0000,0.0000,0.0000,0.0000,52,0,0,0,0,45,0,0,0,0
zc,WS209,2012-06-04 09:00:19.770,2370.0000,299320,0,0.0000,2.0000,1,1,多换,B,2368.0000,0.0000,0.0000,0.0000,0.0000,2370.0000,0.0000,0.0000,0.0000,0.0000,51,0,0,0,0,46,0,0,0,0
zc,WS209,2012-06-04 09:00:20.723,2368.0000,299314,-6,0.0000,6.0000,0,6,双平,S,2368.0000,0.0000,0.0000,0.0000,0.0000,2370.0000,0.0000,0.0000,0.0000,0.0000,48,0,0,0,0,47,0,0,0,0
zc,WS209,2012-06-04 09:00:21.487,2368.0000,299310,-4,0.0000,4.0000,0,4,双平,S,2368.0000,0.0000,0.0000,0.0000,0.0000,2370.0000,0.0000,0.0000,0.0000,0.0000,108,0,0,0,0,47,0,0,0,0
zc,WS209,2012-06-04 09:00:22.283,2370.0000,299308,-2,0.0000,6.0000,2,4,空平,B,2368.0000,0.0000,0.0000,0.0000,0.0000,2370.0000,0.0000,0.0000,0.0000,0.0000,51,0,0,0,0,45,0,0,0,0
zc,WS209,2012-06-04 09:00:22.753,2370.0000,299308,0,0.0000,2.0000,1,1,多换,B,2368.0000,0.0000,0.0000,0.0000,0.0000,2370.0000,0.0000,0.0000,0.0000,0.0000,52,0,0,0,0,48,0,0,0,0
zc,WS209,2012-06-04 09:00:23.520,2368.0000,299296,-12,0.0000,16.0000,2,14,多平,S,2368.0000,0.0000,0.0000,0.0000,0.0000,2370.0000,0.0000,0.0000,0.0000,0.0000,49,0,0,0,0,46,0,0,0,0
zc,WS209,2012-06-04 09:00:24.300,2368.0000,299296,0,0.0000,0.0000,0,0,空换,S,2369.0000,0.0000,0.0000,0.0000,0.0000,2370.0000,0.0000,0.0000,0.0000,0.0000,2,0,0,0,0,46,0,0,0,0
zc,WS209,2012-06-04 09:00:25.020,2370.0000,299296,0,0.0000,4.0000,2,2,多换,B,2369.0000,0.0000,0.0000,0.0000,0.0000,2370.0000,0.0000,0.0000,0.0000,0.0000,5,0,0,0,0,46,0,0,0,0
zc,WS209,2012-06-04 09:00:25.487,2369.0000,299294,-2,0.0000,4.0000,1,3,多平,S,2369.0000,0.0000,0.0000,0.0000,0.0000,2370.0000,0.0000,0.0000,0.0000,0.0000,4,0,0,0,0,45,0,0,0,0
zc,WS209,2012-06-04 09:00:26.270,2370.0000,299292,-2,0.0000,4.0000,1,3,空平,B,2369.0000,0.0000,0.0000,0.0000,0.0000,2370.0000,0.0000,0.0000,0.0000,0.0000,39,0,0,0,0,42,0,0,0,0
zc,WS209,2012-06-04 09:00:30.317,2370.0000,299298,6,0.0000,72.0000,39,33,多开,B,2369.0000,0.0000,0.0000,0.0000,0.0000,2370.0000,0.0000,0.0000,0.0000,0.0000,49,0,0,0,0,40,0,0,0,0
zc,WS209,2012-06-04 09:00:31.003,2370.0000,299298,0,0.0000,2.0000,1,1,多换,B,2369.0000,0.0000,0.0000,0.0000,0.0000,2370.0000,0.0000,0.0000,0.0000,0.0000,49,0,0,0,0,39,0,0,0,0
zc,WS209,2012-06-04 09:00:31.503,2370.0000,299298,0,0.0000,42.0000,21,21,多换,B,2369.0000,0.0000,0.0000,0.0000,0.0000,2370.0000,0.0000,0.0000,0.0000,0.0000,89,0,0,0,0,20,0,0,0,0
zc,WS209,2012-06-04 09:00:32.770,2370.0000,299300,2,0.0000,4.0000,3,1,多开,B,2369.0000,0.0000,0.0000,0.0000,0.0000,2370.0000,0.0000,0.0000,0.0000,0.0000,88,0,0,0,0,23,0,0,0,0
zc,WS209,2012-06-04 09:00:33.487,2370.0000,299310,10,0.0000,46.0000,28,18,多开,B,2370.0000,0.0000,0.0000,0.0000,0.0000,2371.0000,0.0000,0.0000,0.0000,0.0000,22,0,0,0,0,17,0,0,0,0
zc,WS209,2012-06-04 09:00:34.283,2371.0000,299310,0,0.0000,2.0000,1,1,多换,B,2370.0000,0.0000,0.0000,0.0000,0.0000,2371.0000,0.0000,0.0000,0.0000,0.0000,23,0,0,0,0,16,0,0,0,0
zc,WS209,2012-06-04 09:00:34.973,2371.0000,299310,0,0.0000,10.0000,5,5,多换,B,2370.0000,0.0000,0.0000,0.0000,0.0000,2371.0000,0.0000,0.0000,0.0000,0.0000,22,0,0,0,0,12,0,0,0,0
zc,WS209,2012-06-04 09:00:35.520,2371.0000,299310,0,0.0000,8.0000,4,4,多换,B,2370.0000,0.0000,0.0000,0.0000,0.0000,2371.0000,0.0000,0.0000,0.0000,0.0000,23,0,0,0,0,8,0,0,0,0
zc,WS209,2012-06-04 09:00:36.237,2371.0000,299310,0,0.0000,18.0000,9,9,多换,B,2371.0000,0.0000,0.0000,0.0000,0.0000,2372.0000,0.0000,0.0000,0.0000,0.0000,1,0,0,0,0,50,0,0,0,0
zc,WS209,2012-06-04 09:00:36.753,2372.0000,299316,6,0.0000,6.0000,6,0,双开,B,2371.0000,0.0000,0.0000,0.0000,0.0000,2372.0000,0.0000,0.0000,0.0000,0.0000,1,0,0,0,0,47,0,0,0,0
zc,WS209,2012-06-04 09:00:37.487,2372.0000,299318,2,0.0000,8.0000,5,3,多开,B,2371.0000,0.0000,0.0000,0.0000,0.0000,2372.0000,0.0000,0.0000,0.0000,0.0000,2,0,0,0,0,43,0,0,0,0
zc,WS209,2012-06-04 09:00:38.270,2372.0000,299328,10,0.0000,10.0000,10,0,双开,B,2371.0000,0.0000,0.0000,0.0000,0.0000,2372.0000,0.0000,0.0000,0.0000,0.0000,2,0,0,0,0,38,0,0,0,0
zc,WS209,2012-06-04 09:00:39.003,2372.0000,299344,16,0.0000,20.0000,18,2,多开,B,2370.0000,0.0000,0.0000,0.0000,0.0000,2372.0000,0.0000,0.0000,0.0000,0.0000,10,0,0,0,0,130,0,0,0,0
zc,WS209,2012-06-04 09:00:39.520,2372.0000,299324,-20,0.0000,220.0000,100,120,空平,B,2371.0000,0.0000,0.0000,0.0000,0.0000,2372.0000,0.0000,0.0000,0.0000,0.0000,1,0,0,0,0,81,0,0,0,0
zc,WS209,2012-06-04 09:00:40.550,2372.0000,299322,-2,0.0000,4.0000,1,3,空平,B,2370.0000,0.0000,0.0000,0.0000,0.0000,2372.0000,0.0000,0.0000,0.0000,0.0000,109,0,0,0,0,80,0,0,0,0
zc,WS209,2012-06-04 09:00:41.237,2371.0000,299318,-4,0.0000,8.0000,2,6,多平,S,2370.0000,0.0000,0.0000,0.0000,0.0000,2372.0000,0.0000,0.0000,0.0000,0.0000,108,0,0,0,0,91,0,0,0,0
zc,WS209,2012-06-04 09:00:42.050,2371.0000,299282,-36,0.0000,36.0000,0,36,双平,S,2371.0000,0.0000,0.0000,0.0000,0.0000,2372.0000,0.0000,0.0000,0.0000,0.0000,64,0,0,0,0,92,0,0,0,0
zc,WS209,2012-06-04 09:00:42.473,2371.0000,299246,-36,0.0000,38.0000,1,37,多平,S,2371.0000,0.0000,0.0000,0.0000,0.0000,2372.0000,0.0000,0.0000,0.0000,0.0000,6,0,0,0,0,82,0,0,0,0
zc,WS209,2012-06-04 09:00:43.190,2372.0000,299238,-8,0.0000,110.0000,51,59,空平,B,2371.0000,0.0000,0.0000,0.0000,0.0000,2372.0000,0.0000,0.0000,0.0000,0.0000,64,0,0,0,0,28,0,0,0,0
zc,WS209,2012-06-04 09:00:43.533,2371.0000,299234,-4,0.0000,4.0000,0,4,双平,S,2371.0000,0.0000,0.0000,0.0000,0.0000,2372.0000,0.0000,0.0000,0.0000,0.0000,62,0,0,0,0,29,0,0,0,0
zc,WS209,2012-06-04 09:00:44.237,2372.0000,299224,-10,0.0000,12.0000,1,11,空平,B,2371.0000,0.0000,0.0000,0.0000,0.0000,2372.0000,0.0000,0.0000,0.0000,0.0000,56,0,0,0,0,25,0,0,0,0
zc,WS209,2012-06-04 09:00:45.050,2371.0000,299068,-156,0.0000,180.0000,12,168,多平,S,2371.0000,0.0000,0.0000,0.0000,0.0000,2372.0000,0.0000,0.0000,0.0000,0.0000,4,0,0,0,0,22,0,0,0,0
zc,WS209,2012-06-04 09:00:45.677,2371.0000,299070,2,0.0000,2.0000,2,0,双开,S,2371.0000,0.0000,0.0000,0.0000,0.0000,2372.0000,0.0000,0.0000,0.0000,0.0000,3,0,0,0,0,23,0,0,0,0
zc,WS209,2012-06-04 09:00:46.723,2371.0000,299076,6,0.0000,144.0000,75,69,空开,S,2371.0000,0.0000,0.0000,0.0000,0.0000,2372.0000,0.0000,0.0000,0.0000,0.0000,34,0,0,0,0,1,0,0,0,0
zc,WS209,2012-06-04 09:00:47.533,2371.0000,299070,-6,0.0000,72.0000,33,39,多平,S,2370.0000,0.0000,0.0000,0.0000,0.0000,2371.0000,0.0000,0.0000,0.0000,0.0000,39,0,0,0,0,23,0,0,0,0
zc,WS209,2012-06-04 09:00:48.237,2371.0000,299070,0,0.0000,4.0000,2,2,空换,S,2370.0000,0.0000,0.0000,0.0000,0.0000,2371.0000,0.0000,0.0000,0.0000,0.0000,39,0,0,0,0,21,0,0,0,0
zc,WS209,2012-06-04 09:00:48.753,2371.0000,299068,-2,0.0000,14.0000,6,8,多平,S,2370.0000,0.0000,0.0000,0.0000,0.0000,2371.0000,0.0000,0.0000,0.0000,0.0000,33,0,0,0,0,16,0,0,0,0
zc,WS209,2012-06-04 09:00:49.770,2371.0000,299080,12,0.0000,32.0000,22,10,空开,S,2371.0000,0.0000,0.0000,0.0000,0.0000,2372.0000,0.0000,0.0000,0.0000,0.0000,3,0,0,0,0,4,0,0,0,0
zc,WS209,2012-06-04 09:00:50.503,2372.0000,299082,2,0.0000,4.0000,3,1,多开,B,2371.0000,0.0000,0.0000,0.0000,0.0000,2372.0000,0.0000,0.0000,0.0000,0.0000,10,0,0,0,0,34,0,0,0,0
zc,WS209,2012-06-04 09:00:51.237,2372.0000,299086,4,0.0000,14.0000,9,5,多开,B,2371.0000,0.0000,0.0000,0.0000,0.0000,2372.0000,0.0000,0.0000,0.0000,0.0000,10,0,0,0,0,28,0,0,0,0
zc,WS209,2012-06-04 09:00:51.520,2372.0000,299086,0,0.0000,70.0000,35,35,多换,B,2372.0000,0.0000,0.0000,0.0000,0.0000,2373.0000,0.0000,0.0000,0.0000,0.0000,166,0,0,0,0,30,0,0,0,0
zc,WS209,2012-06-04 09:00:52.270,2372.0000,299086,0,0.0000,24.0000,12,12,多换,B,2372.0000,0.0000,0.0000,0.0000,0.0000,2373.0000,0.0000,0.0000,0.0000,0.0000,155,0,0,0,0,27,0,0,0,0
zc,WS209,2012-06-04 09:00:52.737,2372.0000,299088,2,0.0000,4.0000,3,1,多开,B,2372.0000,0.0000,0.0000,0.0000,0.0000,2374.0000,0.0000,0.0000,0.0000,0.0000,153,0,0,0,0,61,0,0,0,0
zc,WS209,2012-06-04 09:00:53.503,2372.0000,299088,0,0.0000,0.0000,0,0,多换,B,2373.0000,0.0000,0.0000,0.0000,0.0000,2374.0000,0.0000,0.0000,0.0000,0.0000,1,0,0,0,0,62,0,0,0,0
zc,WS209,2012-06-04 09:00:54.003,2372.0000,299088,0,0.0000,0.0000,0,0,多换,B,2373.0000,0.0000,0.0000,0.0000,0.0000,2374.0000,0.0000,0.0000,0.0000,0.0000,1,0,0,0,0,60,0,0,0,0
zc,WS209,2012-06-04 09:00:54.783,2374.0000,299084,-4,0.0000,104.0000,50,54,空平,B,2373.0000,0.0000,0.0000,0.0000,0.0000,2374.0000,0.0000,0.0000,0.0000,0.0000,21,0,0,0,0,11,0,0,0,0
zc,WS209,2012-06-04 09:00:55.253,2373.0000,299086,2,0.0000,6.0000,4,2,空开,S,2373.0000,0.0000,0.0000,0.0000,0.0000,2374.0000,0.0000,0.0000,0.0000,0.0000,18,0,0,0,0,8,0,0,0,0
zc,WS209,2012-06-04 09:00:55.723,2373.0000,299086,0,0.0000,0.0000,0,0,空换,S,2373.0000,0.0000,0.0000,0.0000,0.0000,2374.0000,0.0000,0.0000,0.0000,0.0000,19,0,0,0,0,2,0,0,0,0
zc,WS209,2012-06-04 09:00:56.520,2375.0000,299086,0,0.0000,44.0000,22,22,多换,B,2374.0000,0.0000,0.0000,0.0000,0.0000,2375.0000,0.0000,0.0000,0.0000,0.0000,10,0,0,0,0,137,0,0,0,0
zc,WS209,2012-06-04 09:00:57.003,2374.0000,299042,-44,0.0000,66.0000,11,55,多平,S,2374.0000,0.0000,0.0000,0.0000,0.0000,2375.0000,0.0000,0.0000,0.0000,0.0000,200,0,0,0,0,134,0,0,0,0
zc,WS209,2012-06-04 09:00:57.770,2374.0000,299042,0,0.0000,0.0000,0,0,空换,S,2374.0000,0.0000,0.0000,0.0000,0.0000,2375.0000,0.0000,0.0000,0.0000,0.0000,200,0,0,0,0,133,0,0,0,0
zc,WS209,2012-06-04 09:00:58.207,2375.0000,299036,-6,0.0000,106.0000,50,56,空平,B,2374.0000,0.0000,0.0000,0.0000,0.0000,2375.0000,0.0000,0.0000,0.0000,0.0000,197,0,0,0,0,79,0,0,0,0
zc,WS209,2012-06-04 09:00:58.940,2375.0000,299036,0,0.0000,0.0000,0,0,多换,B,2374.0000,0.0000,0.0000,0.0000,0.0000,2375.0000,0.0000,0.0000,0.0000,0.0000,197,0,0,0,0,80,0,0,0,0
zc,WS209,2012-06-04 09:00:59.520,2375.0000,299036,0,0.0000,2.0000,1,1,多换,B,2374.0000,0.0000,0.0000,0.0000,0.0000,2375.0000,0.0000,0.0000,0.0000,0.0000,197,0,0,0,0,71,0,0,0,0
zc,WS209,2012-06-04 09:01:00.487,2375.0000,299004,-32,0.0000,232.0000,100,132,空平,B,2375.0000,0.0000,0.0000,0.0000,0.0000,2376.0000,0.0000,0.0000,0.0000,0.0000,5,0,0,0,0,57,0,0,0,0
zc,WS209,2012-06-04 09:01:01.237,2376.0000,298994,-10,0.0000,12.0000,1,11,空平,B,2375.0000,0.0000,0.0000,0.0000,0.0000,2376.0000,0.0000,0.0000,0.0000,0.0000,26,0,0,0,0,54,0,0,0,0
zc,WS209,2012-06-04 09:01:01.783,2375.0000,298990,-4,0.0000,10.0000,3,7,多平,S,2375.0000,0.0000,0.0000,0.0000,0.0000,2376.0000,0.0000,0.0000,0.0000,0.0000,23,0,0,0,0,52,0,0,0,0
zc,WS209,2012-06-04 09:01:02.520,2375.0000,298952,-38,0.0000,38.0000,0,38,双平,S,2375.0000,0.0000,0.0000,0.0000,0.0000,2376.0000,0.0000,0.0000,0.0000,0.0000,4,0,0,0,0,51,0,0,0,0
zc,WS209,2012-06-04 09:01:03.270,2376.0000,298932,-20,0.0000,122.0000,51,71,空平,B,2376.0000,0.0000,0.0000,0.0000,0.0000,2377.0000,0.0000,0.0000,0.0000,0.0000,2,0,0,0,0,16,0,0,0,0
zc,WS209,2012-06-04 09:01:03.973,2376.0000,298928,-4,0.0000,6.0000,1,5,空平,B,2374.0000,0.0000,0.0000,0.0000,0.0000,2375.0000,0.0000,0.0000,0.0000,0.0000,139,0,0,0,0,1,0,0,0,0
zc,WS209,2012-06-04 09:01:04.503,2376.0000,298928,0,0.0000,0.0000,0,0,多换,B,2374.0000,0.0000,0.0000,0.0000,0.0000,2375.0000,0.0000,0.0000,0.0000,0.0000,139,0,0,0,0,2,0,0,0,0
zc,WS209,2012-06-04 09:01:04.973,2374.0000,298926,-2,0.0000,2.0000,0,2,双平,S,2374.0000,0.0000,0.0000,0.0000,0.0000,2375.0000,0.0000,0.0000,0.0000,0.0000,139,0,0,0,0,2,0,0,0,0
zc,WS209,2012-06-04 09:01:05.707,2374.0000,298894,-32,0.0000,34.0000,1,33,多平,S,2374.0000,0.0000,0.0000,0.0000,0.0000,2375.0000,0.0000,0.0000,0.0000,0.0000,133,0,0,0,0,1,0,0,0,0
zc,WS209,2012-06-04 09:01:06.283,2374.0000,298894,0,0.0000,0.0000,0,0,空换,S,2374.0000,0.0000,0.0000,0.0000,0.0000,2375.0000,0.0000,0.0000,0.0000,0.0000,133,0,0,0,0,4,0,0,0,0
zc,WS209,2012-06-04 09:01:07.550,2374.0000,298894,0,0.0000,0.0000,0,0,空换,S,2374.0000,0.0000,0.0000,0.0000,0.0000,2375.0000,0.0000,0.0000,0.0000,0.0000,123,0,0,0,0,5,0,0,0,0
zc,WS209,2012-06-04 09:01:08.270,2375.0000,298894,0,0.0000,2.0000,1,1,多换,B,2374.0000,0.0000,0.0000,0.0000,0.0000,2375.0000,0.0000,0.0000,0.0000,0.0000,123,0,0,0,0,4,0,0,0,0
zc,WS209,2012-06-04 09:01:08.723,2375.0000,298896,2,0.0000,16.0000,9,7,多开,B,2375.0000,0.0000,0.0000,0.0000,0.0000,2376.0000,0.0000,0.0000,0.0000,0.0000,22,0,0,0,0,23,0,0,0,0
zc,WS209,2012-06-04 09:01:09.503,2375.0000,298940,44,0.0000,54.0000,49,5,多开,B,2374.0000,0.0000,0.0000,0.0000,0.0000,2375.0000,0.0000,0.0000,0.0000,0.0000,128,0,0,0,0,31,0,0,0,0
zc,WS209,2012-06-04 09:01:10.270,2374.0000,298938,-2,0.0000,2.0000,0,2,双平,S,2374.0000,0.0000,0.0000,0.0000,0.0000,2375.0000,0.0000,0.0000,0.0000,0.0000,127,0,0,0,0,32,0,0,0,0
zc,WS209,2012-06-04 09:01:10.987,2374.0000,298932,-6,0.0000,12.0000,3,9,多平,S,2374.0000,0.0000,0.0000,0.0000,0.0000,2375.0000,0.0000,0.0000,0.0000,0.0000,122,0,0,0,0,35,0,0,0,0
zc,WS209,2012-06-04 09:01:11.783,2374.0000,298932,0,0.0000,0.0000,0,0,空换,S,2374.0000,0.0000,0.0000,0.0000,0.0000,2375.0000,0.0000,0.0000,0.0000,0.0000,122,0,0,0,0,41,0,0,0,0
zc,WS209,2012-06-04 09:01:12.283,2375.0000,298934,2,0.0000,44.0000,23,21,多开,B,2374.0000,0.0000,0.0000,0.0000,0.0000,2375.0000,0.0000,0.0000,0.0000,0.0000,125,0,0,0,0,21,0,0,0,0
zc,WS209,2012-06-04 09:01:12.987,2375.0000,298934,0,0.0000,0.0000,0,0,多换,B,2374.0000,0.0000,0.0000,0.0000,0.0000,2375.0000,0.0000,0.0000,0.0000,0.0000,121,0,0,0,0,21,0,0,0,0
zc,WS209,2012-06-04 09:01:13.457,2375.0000,298932,-2,0.0000,10.0000,4,6,空平,B,2374.0000,0.0000,0.0000,0.0000,0.0000,2375.0000,0.0000,0.0000,0.0000,0.0000,122,0,0,0,0,16,0,0,0,0
zc,WS209,2012-06-04 09:01:14.270,2374.0000,298920,-12,0.0000,12.0000,0,12,双平,S,2374.0000,0.0000,0.0000,0.0000,0.0000,2375.0000,0.0000,0.0000,0.0000,0.0000,118,0,0,0,0,17,0,0,0,0
zc,WS209,2012-06-04 09:01:14.957,2374.0000,298920,0,0.0000,0.0000,0,0,空换,S,2374.0000,0.0000,0.0000,0.0000,0.0000,2375.0000,0.0000,0.0000,0.0000,0.0000,121,0,0,0,0,18,0,0,0,0
zc,WS209,2012-06-04 09:01:15.457,2375.0000,298908,-12,0.0000,18.0000,3,15,空平,B,2374.0000,0.0000,0.0000,0.0000,0.0000,2375.0000,0.0000,0.0000,0.0000,0.0000,117,0,0,0,0,14,0,0,0,0
zc,WS209,2012-06-04 09:01:16.253,2375.0000,298908,0,0.0000,0.0000,0,0,多换,B,2374.0000,0.0000,0.0000,0.0000,0.0000,2375.0000,0.0000,0.0000,0.0000,0.0000,118,0,0,0,0,26,0,0,0,0
zc,WS209,2012-06-04 09:01:16.770,2374.0000,298906,-2,0.0000,2.0000,0,2,双平,S,2374.0000,0.0000,0.0000,0.0000,0.0000,2375.0000,0.0000,0.0000,0.0000,0.0000,117,0,0,0,0,32,0,0,0,0
zc,WS209,2012-06-04 09:01:17.223,2375.0000,298914,8,0.0000,12.0000,10,2,多开,B,2374.0000,0.0000,0.0000,0.0000,0.0000,2375.0000,0.0000,0.0000,0.0000,0.0000,118,0,0,0,0,32,0,0,0,0
zc,WS209,2012-06-04 09:01:18.020,2375.0000,298902,-12,0.0000,14.0000,1,13,空平,B,2374.0000,0.0000,0.0000,0.0000,0.0000,2375.0000,0.0000,0.0000,0.0000,0.0000,119,0,0,0,0,25,0,0,0,0
zc,WS209,2012-06-04 09:01:18.737,2375.0000,298902,0,0.0000,0.0000,0,0,多换,B,2374.0000,0.0000,0.0000,0.0000,0.0000,2375.0000,0.0000,0.0000,0.0000,0.0000,119,0,0,0,0,54,0,0,0,0
zc,WS209,2012-06-04 09:01:19.283,2375.0000,298902,0,0.0000,0.0000,0,0,多换,B,2374.0000,0.0000,0.0000,0.0000,0.0000,2375.0000,0.0000,0.0000,0.0000,0.0000,119,0,0,0,0,55,0,0,0,0
zc,WS209,2012-06-04 09:01:19.973,2375.0000,298902,0,0.0000,8.0000,4,4,多换,B,2374.0000,0.0000,0.0000,0.0000,0.0000,2375.0000,0.0000,0.0000,0.0000,0.0000,119,0,0,0,0,53,0,0,0,0
zc,WS209,2012-06-04 09:01:20.487,2374.0000,298896,-6,0.0000,6.0000,0,6,双平,S,2374.0000,0.0000,0.0000,0.0000,0.0000,2375.0000,0.0000,0.0000,0.0000,0.0000,116,0,0,0,0,59,0,0,0,0
zc,WS209,2012-06-04 09:01:21.237,2374.0000,298896,0,0.0000,0.0000,0,0,空换,S,2374.0000,0.0000,0.0000,0.0000,0.0000,2375.0000,0.0000,0.0000,0.0000,0.0000,116,0,0,0,0,65,0,0,0,0
zc,WS209,2012-06-04 09:01:21.783,2374.0000,298894,-2,0.0000,2.0000,0,2,双平,S,2374.0000,0.0000,0.0000,0.0000,0.0000,2375.0000,0.0000,0.0000,0.0000,0.0000,115,0,0,0,0,65,0,0,0,0
zc,WS209,2012-06-04 09:01:22.473,2375.0000,298894,0,0.0000,4.0000,2,2,多换,B,2374.0000,0.0000,0.0000,0.0000,0.0000,2375.0000,0.0000,0.0000,0.0000,0.0000,115,0,0,0,0,74,0,0,0,0
zc,WS209,2012-06-04 09:01:23.003,2374.0000,298894,0,0.0000,20.0000,10,10,空换,S,2374.0000,0.0000,0.0000,0.0000,0.0000,2375.0000,0.0000,0.0000,0.0000,0.0000,105,0,0,0,0,75,0,0,0,0
zc,WS209,2012-06-04 09:01:23.707,2374.0000,298894,0,0.0000,0.0000,0,0,空换,S,2374.0000,0.0000,0.0000,0.0000,0.0000,2375.0000,0.0000,0.0000,0.0000,0.0000,16,0,0,0,0,75,0,0,0,0
zc,WS209,2012-06-04 09:01:24.487,2375.0000,298890,-4,0.0000,4.0000,0,4,双平,B,2374.0000,0.0000,0.0000,0.0000,0.0000,2375.0000,0.0000,0.0000,0.0000,0.0000,16,0,0,0,0,76,0,0,0,0
zc,WS209,2012-06-04 09:01:24.957,2375.0000,298904,14,0.0000,120.0000,67,53,多开,B,2374.0000,0.0000,0.0000,0.0000,0.0000,2375.0000,0.0000,0.0000,0.0000,0.0000,16,0,0,0,0,19,0,0,0,0
zc,WS209,2012-06-04 09:01:25.457,2374.0000,298908,4,0.0000,8.0000,6,2,空开,S,2374.0000,0.0000,0.0000,0.0000,0.0000,2375.0000,0.0000,0.0000,0.0000,0.0000,12,0,0,0,0,19,0,0,0,0
zc,WS209,2012-06-04 09:01:26.223,2374.0000,298908,0,0.0000,0.0000,0,0,空换,S,2374.0000,0.0000,0.0000,0.0000,0.0000,2375.0000,0.0000,0.0000,0.0000,0.0000,12,0,0,0,0,22,0,0,0,0
zc,WS209,2012-06-04 09:01:26.707,2374.0000,298908,0,0.0000,2.0000,1,1,空换,S,2374.0000,0.0000,0.0000,0.0000,0.0000,2375.0000,0.0000,0.0000,0.0000,0.0000,11,0,0,0,0,22,0,0,0,0
zc,WS209,2012-06-04 09:01:27.440,2374.0000,298908,0,0.0000,0.0000,0,0,空换,S,2374.0000,0.0000,0.0000,0.0000,0.0000,2375.0000,0.0000,0.0000,0.0000,0.0000,11,0,0,0,0,23,0,0,0,0
zc,WS209,2012-06-04 09:01:27.957,2375.0000,298876,-32,0.0000,52.0000,10,42,空平,B,2375.0000,0.0000,0.0000,0.0000,0.0000,2376.0000,0.0000,0.0000,0.0000,0.0000,64,0,0,0,0,25,0,0,0,0
zc,WS209,2012-06-04 09:01:28.690,2375.0000,298778,-98,0.0000,128.0000,15,113,空平,B,2374.0000,0.0000,0.0000,0.0000,0.0000,2375.0000,0.0000,0.0000,0.0000,0.0000,10,0,0,0,0,10,0,0,0,0
zc,WS209,2012-06-04 09:01:29.270,2374.0000,298780,2,0.0000,2.0000,2,0,双开,S,2374.0000,0.0000,0.0000,0.0000,0.0000,2375.0000,0.0000,0.0000,0.0000,0.0000,9,0,0,0,0,11,0,0,0,0
zc,WS209,2012-06-04 09:01:30.270,2374.0000,298778,-2,0.0000,38.0000,18,20,多平,S,2373.0000,0.0000,0.0000,0.0000,0.0000,2375.0000,0.0000,0.0000,0.0000,0.0000,24,0,0,0,0,2,0,0,0,0
zc,WS209,2012-06-04 09:01:30.707,2373.0000,298778,0,0.0000,6.0000,3,3,空换,S,2374.0000,0.0000,0.0000,0.0000,0.0000,2375.0000,0.0000,0.0000,0.0000,0.0000,79,0,0,0,0,12,0,0,0,0
zc,WS209,2012-06-04 09:01:31.457,2374.0000,298816,38,0.0000,104.0000,71,33,多开,B,2374.0000,0.0000,0.0000,0.0000,0.0000,2375.0000,0.0000,0.0000,0.0000,0.0000,27,0,0,0,0,19,0,0,0,0
zc,WS209,2012-06-04 09:01:32.020,2374.0000,298820,4,0.0000,12.0000,8,4,多开,B,2374.0000,0.0000,0.0000,0.0000,0.0000,2375.0000,0.0000,0.0000,0.0000,0.0000,22,0,0,0,0,18,0,0,0,0
zc,WS209,2012-06-04 09:01:32.723,2374.0000,298822,2,0.0000,2.0000,2,0,双开,B,2374.0000,0.0000,0.0000,0.0000,0.0000,2375.0000,0.0000,0.0000,0.0000,0.0000,21,0,0,0,0,21,0,0,0,0
zc,WS209,2012-06-04 09:01:33.190,2373.0000,298888,66,0.0000,90.0000,78,12,空开,S,2372.0000,0.0000,0.0000,0.0000,0.0000,2373.0000,0.0000,0.0000,0.0000,0.0000,163,0,0,0,0,2,0,0,0,0
zc,WS209,2012-06-04 09:01:34.503,2375.0000,298894,6,0.0000,6.0000,6,0,双开,B,2372.0000,0.0000,0.0000,0.0000,0.0000,2375.0000,0.0000,0.0000,0.0000,0.0000,163,0,0,0,0,25,0,0,0,0
zc,WS209,2012-06-04 09:01:35.473,2375.0000,298894,0,0.0000,2.0000,1,1,多换,B,2372.0000,0.0000,0.0000,0.0000,0.0000,2375.0000,0.0000,0.0000,0.0000,0.0000,163,0,0,0,0,24,0,0,0,0
zc,WS209,2012-06-04 09:01:35.973,2375.0000,298894,0,0.0000,2.0000,1,1,多换,B,2372.0000,0.0000,0.0000,0.0000,0.0000,2374.0000,0.0000,0.0000,0.0000,0.0000,163,0,0,0,0,50,0,0,0,0
zc,WS209,2012-06-04 09:01:36.457,2373.0000,298894,0,0.0000,2.0000,1,1,空换,S,2372.0000,0.0000,0.0000,0.0000,0.0000,2373.0000,0.0000,0.0000,0.0000,0.0000,163,0,0,0,0,42,0,0,0,0
zc,WS209,2012-06-04 09:01:37.253,2372.0000,298894,0,0.0000,2.0000,1,1,空换,S,2372.0000,0.0000,0.0000,0.0000,0.0000,2374.0000,0.0000,0.0000,0.0000,0.0000,165,0,0,0,0,49,0,0,0,0
zc,WS209,2012-06-04 09:01:37.987,2372.0000,298894,0,0.0000,0.0000,0,0,空换,S,2372.0000,0.0000,0.0000,0.0000,0.0000,2373.0000,0.0000,0.0000,0.0000,0.0000,164,0,0,0,0,1,0,0,0,0
zc,WS209,2012-06-04 09:01:38.487,2372.0000,298896,2,0.0000,4.0000,3,1,空开,S,2372.0000,0.0000,0.0000,0.0000,0.0000,2373.0000,0.0000,0.0000,0.0000,0.0000,162,0,0,0,0,1,0,0,0,0
zc,WS209,2012-06-04 09:01:39.270,2372.0000,298896,0,0.0000,2.0000,1,1,空换,S,2372.0000,0.0000,0.0000,0.0000,0.0000,2373.0000,0.0000,0.0000,0.0000,0.0000,161,0,0,0,0,11,0,0,0,0
zc,WS209,2012-06-04 09:01:39.723,2372.0000,298856,-40,0.0000,42.0000,1,41,多平,S,2372.0000,0.0000,0.0000,0.0000,0.0000,2374.0000,0.0000,0.0000,0.0000,0.0000,161,0,0,0,0,29,0,0,0,0
zc,WS209,2012-06-04 09:01:40.520,2372.0000,298976,120,0.0000,120.0000,120,0,双开,S,2372.0000,0.0000,0.0000,0.0000,0.0000,2374.0000,0.0000,0.0000,0.0000,0.0000,102,0,0,0,0,29,0,0,0,0
zc,WS209,2012-06-04 09:01:41.223,2372.0000,298976,0,0.0000,166.0000,83,83,空换,S,2372.0000,0.0000,0.0000,0.0000,0.0000,2374.0000,0.0000,0.0000,0.0000,0.0000,35,0,0,0,0,29,0,0,0,0
zc,WS209,2012-06-04 09:01:42.973,2374.0000,298972,-4,0.0000,4.0000,0,4,双平,B,2372.0000,0.0000,0.0000,0.0000,0.0000,2374.0000,0.0000,0.0000,0.0000,0.0000,35,0,0,0,0,28,0,0,0,0
zc,WS209,2012-06-04 09:01:43.473,2372.0000,298972,0,0.0000,4.0000,2,2,空换,S,2372.0000,0.0000,0.0000,0.0000,0.0000,2373.0000,0.0000,0.0000,0.0000,0.0000,14,0,0,0,0,1,0,0,0,0
zc,WS209,2012-06-04 09:01:44.253,2372.0000,298972,0,0.0000,12.0000,6,6,空换,S,2372.0000,0.0000,0.0000,0.0000,0.0000,2374.0000,0.0000,0.0000,0.0000,0.0000,22,0,0,0,0,30,0,0,0,0
zc,WS209,2012-06-04 09:01:44.723,2372.0000,298972,0,0.0000,0.0000,0,0,空换,S,2372.0000,0.0000,0.0000,0.0000,0.0000,2374.0000,0.0000,0.0000,0.0000,0.0000,20,0,0,0,0,32,0,0,0,0
zc,WS209,2012-06-04 09:01:45.427,2372.0000,298972,0,0.0000,0.0000,0,0,空换,S,2372.0000,0.0000,0.0000,0.0000,0.0000,2374.0000,0.0000,0.0000,0.0000,0.0000,33,0,0,0,0,32,0,0,0,0
zc,WS209,2012-06-04 09:01:46.377,2372.0000,298972,0,0.0000,0.0000,0,0,空换,S,2373.0000,0.0000,0.0000,0.0000,0.0000,2374.0000,0.0000,0.0000,0.0000,0.0000,1,0,0,0,0,33,0,0,0,0
zc,WS209,2012-06-04 09:01:46.723,2372.0000,298972,0,0.0000,0.0000,0,0,空换,S,2373.0000,0.0000,0.0000,0.0000,0.0000,2374.0000,0.0000,0.0000,0.0000,0.0000,1,0,0,0,0,14,0,0,0,0
zc,WS209,2012-06-04 09:01:47.503,2372.0000,298980,8,0.0000,22.0000,15,7,空开,S,2372.0000,0.0000,0.0000,0.0000,0.0000,2374.0000,0.0000,0.0000,0.0000,0.0000,23,0,0,0,0,12,0,0,0,0
zc,WS209,2012-06-04 09:01:48.003,2372.0000,298980,0,0.0000,0.0000,0,0,空换,S,2372.0000,0.0000,0.0000,0.0000,0.0000,2374.0000,0.0000,0.0000,0.0000,0.0000,23,0,0,0,0,32,0,0,0,0
zc,WS209,2012-06-04 09:01:48.707,2372.0000,298980,0,0.0000,0.0000,0,0,空换,S,2372.0000,0.0000,0.0000,0.0000,0.0000,2374.0000,0.0000,0.0000,0.0000,0.0000,24,0,0,0,0,32,0,0,0,0
zc,WS209,2012-06-04 09:01:49.190,2374.0000,298984,4,0.0000,76.0000,40,36,多开,B,2374.0000,0.0000,0.0000,0.0000,0.0000,2375.0000,0.0000,0.0000,0.0000,0.0000,13,0,0,0,0,41,0,0,0,0
zc,WS209,2012-06-04 09:01:49.957,2374.0000,298984,0,0.0000,0.0000,0,0,多换,B,2374.0000,0.0000,0.0000,0.0000,0.0000,2375.0000,0.0000,0.0000,0.0000,0.0000,13,0,0,0,0,40,0,0,0,0
zc,WS209,2012-06-04 09:01:50.503,2374.0000,298984,0,0.0000,0.0000,0,0,多换,B,2374.0000,0.0000,0.0000,0.0000,0.0000,2375.0000,0.0000,0.0000,0.0000,0.0000,13,0,0,0,0,41,0,0,0,0
zc,WS209,2012-06-04 09:01:51.723,2374.0000,298984,0,0.0000,4.0000,2,2,多换,B,2374.0000,0.0000,0.0000,0.0000,0.0000,2375.0000,0.0000,0.0000,0.0000,0.0000,11,0,0,0,0,42,0,0,0,0
zc,WS209,2012-06-04 09:01:52.957,2374.0000,298984,0,0.0000,0.0000,0,0,多换,B,2374.0000,0.0000,0.0000,0.0000,0.0000,2375.0000,0.0000,0.0000,0.0000,0.0000,14,0,0,0,0,42,0,0,0,0
zc,WS209,2012-06-04 09:01:53.707,2374.0000,298984,0,0.0000,10.0000,5,5,多换,B,2374.0000,0.0000,0.0000,0.0000,0.0000,2375.0000,0.0000,0.0000,0.0000,0.0000,9,0,0,0,0,42,0,0,0,0
zc,WS209,2012-06-04 09:01:54.737,2374.0000,298994,10,0.0000,10.0000,10,0,双开,B,2374.0000,0.0000,0.0000,0.0000,0.0000,2375.0000,0.0000,0.0000,0.0000,0.0000,4,0,0,0,0,43,0,0,0,0
zc,WS209,2012-06-04 09:01:55.503,2375.0000,298996,2,0.0000,18.0000,10,8,多开,B,2374.0000,0.0000,0.0000,0.0000,0.0000,2375.0000,0.0000,0.0000,0.0000,0.0000,4,0,0,0,0,39,0,0,0,0
zc,WS209,2012-06-04 09:01:56.973,2374.0000,298998,2,0.0000,4.0000,3,1,空开,S,2374.0000,0.0000,0.0000,0.0000,0.0000,2375.0000,0.0000,0.0000,0.0000,0.0000,23,0,0,0,0,42,0,0,0,0
zc,WS209,2012-06-04 09:01:57.207,2374.0000,298964,-34,0.0000,34.0000,0,34,双平,S,2374.0000,0.0000,0.0000,0.0000,0.0000,2375.0000,0.0000,0.0000,0.0000,0.0000,6,0,0,0,0,45,0,0,0,0
zc,WS209,2012-06-04 09:01:57.973,2374.0000,298964,0,0.0000,2.0000,1,1,空换,S,2374.0000,0.0000,0.0000,0.0000,0.0000,2375.0000,0.0000,0.0000,0.0000,0.0000,5,0,0,0,0,45,0,0,0,0
zc,WS209,2012-06-04 09:01:58.457,2374.0000,298962,-2,0.0000,2.0000,0,2,双平,S,2374.0000,0.0000,0.0000,0.0000,0.0000,2375.0000,0.0000,0.0000,0.0000,0.0000,4,0,0,0,0,45,0,0,0,0
zc,WS209,2012-06-04 09:01:59.253,2374.0000,298954,-8,0.0000,8.0000,0,8,双平,S,2374.0000,0.0000,0.0000,0.0000,0.0000,2375.0000,0.0000,0.0000,0.0000,0.0000,13,0,0,0,0,45,0,0,0,0
zc,WS209,2012-06-04 09:01:59.723,2374.0000,298954,0,0.0000,10.0000,5,5,空换,S,2374.0000,0.0000,0.0000,0.0000,0.0000,2375.0000,0.0000,0.0000,0.0000,0.0000,8,0,0,0,0,45,0,0,0,0
zc,WS209,2012-06-04 09:02:01.427,2374.0000,298944,-10,0.0000,10.0000,0,10,双平,S,2374.0000,0.0000,0.0000,0.0000,0.0000,2375.0000,0.0000,0.0000,0.0000,0.0000,5,0,0,0,0,45,0,0,0,0
zc,WS209,2012-06-04 09:02:02.190,2374.0000,298944,0,0.0000,4.0000,2,2,空换,S,2374.0000,0.0000,0.0000,0.0000,0.0000,2375.0000,0.0000,0.0000,0.0000,0.0000,3,0,0,0,0,45,0,0,0,0
zc,WS209,2012-06-04 09:02:02.707,2374.0000,298952,8,0.0000,110.0000,59,51,空开,S,2374.0000,0.0000,0.0000,0.0000,0.0000,2375.0000,0.0000,0.0000,0.0000,0.0000,8,0,0,0,0,45,0,0,0,0
zc,WS209,2012-06-04 09:02:03.410,2374.0000,298952,0,0.0000,4.0000,2,2,空换,S,2374.0000,0.0000,0.0000,0.0000,0.0000,2375.0000,0.0000,0.0000,0.0000,0.0000,6,0,0,0,0,45,0,0,0,0
zc,WS209,2012-06-04 09:02:03.973,2375.0000,298952,0,0.0000,2.0000,1,1,多换,B,2374.0000,0.0000,0.0000,0.0000,0.0000,2375.0000,0.0000,0.0000,0.0000,0.0000,6,0,0,0,0,44,0,0,0,0
zc,WS209,2012-06-04 09:02:04.753,2374.0000,298952,0,0.0000,2.0000,1,1,空换,S,2374.0000,0.0000,0.0000,0.0000,0.0000,2375.0000,0.0000,0.0000,0.0000,0.0000,5,0,0,0,0,45,0,0,0,0
zc,WS209,2012-06-04 09:02:05.207,2374.0000,298956,4,0.0000,4.0000,4,0,双开,S,2374.0000,0.0000,0.0000,0.0000,0.0000,2375.0000,0.0000,0.0000,0.0000,0.0000,3,0,0,0,0,45,0,0,0,0
zc,WS209,2012-06-04 09:02:05.957,2374.0000,298956,0,0.0000,0.0000,0,0,空换,S,2374.0000,0.0000,0.0000,0.0000,0.0000,2375.0000,0.0000,0.0000,0.0000,0.0000,4,0,0,0,0,46,0,0,0,0
zc,WS209,2012-06-04 09:02:06.190,2374.0000,298956,0,0.0000,0.0000,0,0,空换,S,2374.0000,0.0000,0.0000,0.0000,0.0000,2375.0000,0.0000,0.0000,0.0000,0.0000,4,0,0,0,0,56,0,0,0,0
zc,WS209,2012-06-04 09:02:07.503,2374.0000,298956,0,0.0000,0.0000,0,0,空换,S,2374.0000,0.0000,0.0000,0.0000,0.0000,2375.0000,0.0000,0.0000,0.0000,0.0000,4,0,0,0,0,57,0,0,0,0
zc,WS209,2012-06-04 09:02:08.207,2374.0000,298956,0,0.0000,0.0000,0,0,空换,S,2374.0000,0.0000,0.0000,0.0000,0.0000,2375.0000,0.0000,0.0000,0.0000,0.0000,14,0,0,0,0,61,0,0,0,0
zc,WS209,2012-06-04 09:02:08.770,2374.0000,298960,4,0.0000,8.0000,6,2,空开,S,2374.0000,0.0000,0.0000,0.0000,0.0000,2375.0000,0.0000,0.0000,0.0000,0.0000,16,0,0,0,0,68,0,0,0,0
zc,WS209,2012-06-04 09:02:10.003,2374.0000,298960,0,0.0000,6.0000,3,3,空换,S,2374.0000,0.0000,0.0000,0.0000,0.0000,2375.0000,0.0000,0.0000,0.0000,0.0000,13,0,0,0,0,68,0,0,0,0
zc,WS209,2012-06-04 09:02:10.707,2374.0000,298960,0,0.0000,4.0000,2,2,空换,S,2374.0000,0.0000,0.0000,0.0000,0.0000,2375.0000,0.0000,0.0000,0.0000,0.0000,12,0,0,0,0,67,0,0,0,0
zc,WS209,2012-06-04 09:02:11.207,2374.0000,298960,0,0.0000,2.0000,1,1,空换,S,2374.0000,0.0000,0.0000,0.0000,0.0000,2375.0000,0.0000,0.0000,0.0000,0.0000,11,0,0,0,0,68,0,0,0,0
zc,WS209,2012-06-04 09:02:11.707,2375.0000,298964,4,0.0000,6.0000,5,1,多开,B,2374.0000,0.0000,0.0000,0.0000,0.0000,2375.0000,0.0000,0.0000,0.0000,0.0000,10,0,0,0,0,67,0,0,0,0
zc,WS209,2012-06-04 09:02:12.987,2375.0000,298966,2,0.0000,2.0000,2,0,双开,B,2374.0000,0.0000,0.0000,0.0000,0.0000,2375.0000,0.0000,0.0000,0.0000,0.0000,10,0,0,0,0,66,0,0,0,0
zc,WS209,2012-06-04 09:02:14.270,2374.0000,298966,0,0.0000,20.0000,10,10,空换,S,2372.0000,0.0000,0.0000,0.0000,0.0000,2374.0000,0.0000,0.0000,0.0000,0.0000,54,0,0,0,0,10,0,0,0,0
zc,WS209,2012-06-04 09:02:14.677,2374.0000,298966,0,0.0000,10.0000,5,5,空换,S,2372.0000,0.0000,0.0000,0.0000,0.0000,2374.0000,0.0000,0.0000,0.0000,0.0000,54,0,0,0,0,10,0,0,0,0
zc,WS209,2012-06-04 09:02:15.190,2372.0000,298966,0,0.0000,6.0000,3,3,空换,S,2372.0000,0.0000,0.0000,0.0000,0.0000,2374.0000,0.0000,0.0000,0.0000,0.0000,51,0,0,0,0,10,0,0,0,0
zc,WS209,2012-06-04 09:02:16.003,2372.0000,298966,0,0.0000,0.0000,0,0,空换,S,2372.0000,0.0000,0.0000,0.0000,0.0000,2374.0000,0.0000,0.0000,0.0000,0.0000,51,0,0,0,0,11,0,0,0,0
zc,WS209,2012-06-04 09:02:16.440,2372.0000,298966,0,0.0000,0.0000,0,0,空换,S,2372.0000,0.0000,0.0000,0.0000,0.0000,2374.0000,0.0000,0.0000,0.0000,0.0000,51,0,0,0,0,16,0,0,0,0
zc,WS209,2012-06-04 09:02:19.190,2374.0000,298966,0,0.0000,2.0000,1,1,多换,B,2372.0000,0.0000,0.0000,0.0000,0.0000,2374.0000,0.0000,0.0000,0.0000,0.0000,41,0,0,0,0,16,0,0,0,0
zc,WS209,2012-06-04 09:02:19.690,2374.0000,298966,0,0.0000,0.0000,0,0,多换,B,2372.0000,0.0000,0.0000,0.0000,0.0000,2374.0000,0.0000,0.0000,0.0000,0.0000,41,0,0,0,0,20,0,0,0,0
zc,WS209,2012-06-04 09:02:20.770,2374.0000,298966,0,0.0000,0.0000,0,0,多换,B,2372.0000,0.0000,0.0000,0.0000,0.0000,2374.0000,0.0000,0.0000,0.0000,0.0000,42,0,0,0,0,20,0,0,0,0
zc,WS209,2012-06-04 09:02:21.927,2374.0000,298966,0,0.0000,0.0000,0,0,多换,B,2372.0000,0.0000,0.0000,0.0000,0.0000,2374.0000,0.0000,0.0000,0.0000,0.0000,42,0,0,0,0,21,0,0,0,0
zc,WS209,2012-06-04 09:02:22.473,2372.0000,298966,0,0.0000,2.0000,1,1,空换,S,2372.0000,0.0000,0.0000,0.0000,0.0000,2374.0000,0.0000,0.0000,0.0000,0.0000,41,0,0,0,0,87,0,0,0,0
zc,WS209,2012-06-04 09:02:23.643,2372.0000,298966,0,0.0000,4.0000,2,2,空换,S,2372.0000,0.0000,0.0000,0.0000,0.0000,2374.0000,0.0000,0.0000,0.0000,0.0000,39,0,0,0,0,88,0,0,0,0
zc,WS209,2012-06-04 09:02:24.410,2372.0000,298966,0,0.0000,0.0000,0,0,空换,S,2372.0000,0.0000,0.0000,0.0000,0.0000,2374.0000,0.0000,0.0000,0.0000,0.0000,40,0,0,0,0,90,0,0,0,0
zc,WS209,2012-06-04 09:02:24.957,2372.0000,298966,0,0.0000,0.0000,0,0,空换,S,2372.0000,0.0000,0.0000,0.0000,0.0000,2374.0000,0.0000,0.0000,0.0000,0.0000,41,0,0,0,0,90,0,0,0,0
zc,WS209,2012-06-04 09:02:25.723,2372.0000,298966,0,0.0000,4.0000,2,2,空换,S,2372.0000,0.0000,0.0000,0.0000,0.0000,2374.0000,0.0000,0.0000,0.0000,0.0000,39,0,0,0,0,90,0,0,0,0
zc,WS209,2012-06-04 09:02:26.660,2372.0000,298966,0,0.0000,0.0000,0,0,空换,S,2372.0000,0.0000,0.0000,0.0000,0.0000,2374.0000,0.0000,0.0000,0.0000,0.0000,39,0,0,0,0,92,0,0,0,0
zc,WS209,2012-06-04 09:02:27.207,2372.0000,298966,0,0.0000,0.0000,0,0,空换,S,2372.0000,0.0000,0.0000,0.0000,0.0000,2374.0000,0.0000,0.0000,0.0000,0.0000,43,0,0,0,0,92,0,0,0,0
zc,WS209,2012-06-04 09:02:28.457,2372.0000,298970,4,0.0000,4.0000,4,0,双开,S,2372.0000,0.0000,0.0000,0.0000,0.0000,2373.0000,0.0000,0.0000,0.0000,0.0000,46,0,0,0,0,4,0,0,0,0
zc,WS209,2012-06-04 09:02:29.677,2373.0000,298970,0,0.0000,6.0000,3,3,多换,B,2372.0000,0.0000,0.0000,0.0000,0.0000,2373.0000,0.0000,0.0000,0.0000,0.0000,45,0,0,0,0,2,0,0,0,0
zc,WS209,2012-06-04 09:02:30.410,2374.0000,298964,-6,0.0000,26.0000,10,16,空平,B,2372.0000,0.0000,0.0000,0.0000,0.0000,2374.0000,0.0000,0.0000,0.0000,0.0000,44,0,0,0,0,84,0,0,0,0
zc,WS209,2012-06-04 09:02:31.457,2372.0000,298950,-14,0.0000,14.0000,0,14,双平,S,2372.0000,0.0000,0.0000,0.0000,0.0000,2374.0000,0.0000,0.0000,0.0000,0.0000,68,0,0,0,0,84,0,0,0,0
zc,WS209,2012-06-04 09:02:32.177,2372.0000,298950,0,0.0000,14.0000,7,7,空换,S,2372.0000,0.0000,0.0000,0.0000,0.0000,2374.0000,0.0000,0.0000,0.0000,0.0000,61,0,0,0,0,98,0,0,0,0
zc,WS209,2012-06-04 09:02:33.410,2372.0000,298950,0,0.0000,2.0000,1,1,空换,S,2372.0000,0.0000,0.0000,0.0000,0.0000,2374.0000,0.0000,0.0000,0.0000,0.0000,60,0,0,0,0,108,0,0,0,0
zc,WS209,2012-06-04 09:02:33.987,2372.0000,298950,0,0.0000,0.0000,0,0,空换,S,2372.0000,0.0000,0.0000,0.0000,0.0000,2373.0000,0.0000,0.0000,0.0000,0.0000,60,0,0,0,0,1,0,0,0,0
zc,WS209,2012-06-04 09:02:34.707,2372.0000,298950,0,0.0000,0.0000,0,0,空换,S,2372.0000,0.0000,0.0000,0.0000,0.0000,2373.0000,0.0000,0.0000,0.0000,0.0000,49,0,0,0,0,1,0,0,0,0
zc,WS209,2012-06-04 09:02:35.207,2372.0000,298950,0,0.0000,0.0000,0,0,空换,S,2372.0000,0.0000,0.0000,0.0000,0.0000,2373.0000,0.0000,0.0000,0.0000,0.0000,59,0,0,0,0,1,0,0,0,0
zc,WS209,2012-06-04 09:02:35.940,2372.0000,298962,12,0.0000,12.0000,12,0,双开,S,2372.0000,0.0000,0.0000,0.0000,0.0000,2373.0000,0.0000,0.0000,0.0000,0.0000,74,0,0,0,0,1,0,0,0,0
zc,WS209,2012-06-04 09:02:36.457,2373.0000,298952,-10,0.0000,104.0000,47,57,空平,B,2372.0000,0.0000,0.0000,0.0000,0.0000,2374.0000,0.0000,0.0000,0.0000,0.0000,22,0,0,0,0,110,0,0,0,0
zc,WS209,2012-06-04 09:02:36.940,2372.0000,298972,20,0.0000,20.0000,20,0,双开,S,2372.0000,0.0000,0.0000,0.0000,0.0000,2374.0000,0.0000,0.0000,0.0000,0.0000,12,0,0,0,0,114,0,0,0,0
zc,WS209,2012-06-04 09:02:37.457,2374.0000,298974,2,0.0000,4.0000,3,1,多开,B,2373.0000,0.0000,0.0000,0.0000,0.0000,2374.0000,0.0000,0.0000,0.0000,0.0000,5,0,0,0,0,112,0,0,0,0
zc,WS209,2012-06-04 09:02:38.223,2374.0000,298974,0,0.0000,0.0000,0,0,多换,B,2373.0000,0.0000,0.0000,0.0000,0.0000,2374.0000,0.0000,0.0000,0.0000,0.0000,16,0,0,0,0,112,0,0,0,0
zc,WS209,2012-06-04 09:02:38.910,2373.0000,298974,0,0.0000,8.0000,4,4,空换,S,2373.0000,0.0000,0.0000,0.0000,0.0000,2374.0000,0.0000,0.0000,0.0000,0.0000,12,0,0,0,0,112,0,0,0,0
zc,WS209,2012-06-04 09:02:40.283,2373.0000,298974,0,0.0000,0.0000,0,0,空换,S,2373.0000,0.0000,0.0000,0.0000,0.0000,2374.0000,0.0000,0.0000,0.0000,0.0000,13,0,0,0,0,112,0,0,0,0
zc,WS209,2012-06-04 09:02:40.770,2373.0000,298974,0,0.0000,26.0000,13,13,空换,S,2372.0000,0.0000,0.0000,0.0000,0.0000,2373.0000,0.0000,0.0000,0.0000,0.0000,27,0,0,0,0,9,0,0,0,0
zc,WS209,2012-06-04 09:02:42.783,2373.0000,298974,0,0.0000,0.0000,0,0,空换,S,2372.0000,0.0000,0.0000,0.0000,0.0000,2373.0000,0.0000,0.0000,0.0000,0.0000,28,0,0,0,0,9,0,0,0,0
zc,WS209,2012-06-04 09:02:43.160,2373.0000,298954,-20,0.0000,22.0000,1,21,多平,S,2373.0000,0.0000,0.0000,0.0000,0.0000,2374.0000,0.0000,0.0000,0.0000,0.0000,5,0,0,0,0,112,0,0,0,0
zc,WS209,2012-06-04 09:02:43.987,2373.0000,298954,0,0.0000,0.0000,0,0,空换,S,2373.0000,0.0000,0.0000,0.0000,0.0000,2374.0000,0.0000,0.0000,0.0000,0.0000,9,0,0,0,0,112,0,0,0,0
zc,WS209,2012-06-04 09:02:44.473,2373.0000,298964,10,0.0000,20.0000,15,5,空开,S,2373.0000,0.0000,0.0000,0.0000,0.0000,2374.0000,0.0000,0.0000,0.0000,0.0000,30,0,0,0,0,115,0,0,0,0
zc,WS209,2012-06-04 09:02:45.253,2373.0000,298966,2,0.0000,2.0000,2,0,双开,S,2373.0000,0.0000,0.0000,0.0000,0.0000,2374.0000,0.0000,0.0000,0.0000,0.0000,30,0,0,0,0,115,0,0,0,0
zc,WS209,2012-06-04 09:02:45.753,2373.0000,298966,0,0.0000,0.0000,0,0,空换,S,2373.0000,0.0000,0.0000,0.0000,0.0000,2374.0000,0.0000,0.0000,0.0000,0.0000,41,0,0,0,0,116,0,0,0,0
zc,WS209,2012-06-04 09:02:46.410,2374.0000,298966,0,0.0000,6.0000,3,3,多换,B,2373.0000,0.0000,0.0000,0.0000,0.0000,2374.0000,0.0000,0.0000,0.0000,0.0000,39,0,0,0,0,115,0,0,0,0
zc,WS209,2012-06-04 09:02:46.580,2374.0000,298966,0,0.0000,0.0000,0,0,多换,B,2373.0000,0.0000,0.0000,0.0000,0.0000,2374.0000,0.0000,0.0000,0.0000,0.0000,39,0,0,0,0,115,0,0,0,0
zc,WS209,2012-06-04 09:02:48.003,2373.0000,298970,4,0.0000,4.0000,4,0,双开,S,2373.0000,0.0000,0.0000,0.0000,0.0000,2374.0000,0.0000,0.0000,0.0000,0.0000,37,0,0,0,0,115,0,0,0,0
zc,WS209,2012-06-04 09:02:48.473,2374.0000,298980,10,0.0000,40.0000,25,15,多开,B,2373.0000,0.0000,0.0000,0.0000,0.0000,2374.0000,0.0000,0.0000,0.0000,0.0000,37,0,0,0,0,95,0,0,0,0
zc,WS209,2012-06-04 09:02:48.940,2373.0000,298982,2,0.0000,2.0000,2,0,双开,S,2373.0000,0.0000,0.0000,0.0000,0.0000,2374.0000,0.0000,0.0000,0.0000,0.0000,36,0,0,0,0,95,0,0,0,0
zc,WS209,2012-06-04 09:02:49.503,2373.0000,298982,0,0.0000,0.0000,0,0,空换,S,2373.0000,0.0000,0.0000,0.0000,0.0000,2374.0000,0.0000,0.0000,0.0000,0.0000,37,0,0,0,0,95,0,0,0,0
zc,WS209,2012-06-04 09:02:50.690,2373.0000,298982,0,0.0000,0.0000,0,0,空换,S,2373.0000,0.0000,0.0000,0.0000,0.0000,2374.0000,0.0000,0.0000,0.0000,0.0000,37,0,0,0,0,96,0,0,0,0
zc,WS209,2012-06-04 09:02:51.440,2374.0000,298982,0,0.0000,10.0000,5,5,多换,B,2373.0000,0.0000,0.0000,0.0000,0.0000,2374.0000,0.0000,0.0000,0.0000,0.0000,37,0,0,0,0,91,0,0,0,0
zc,WS209,2012-06-04 09:02:51.973,2374.0000,298982,0,0.0000,0.0000,0,0,多换,B,2373.0000,0.0000,0.0000,0.0000,0.0000,2374.0000,0.0000,0.0000,0.0000,0.0000,18,0,0,0,0,91,0,0,0,0
zc,WS209,2012-06-04 09:02:52.723,2373.0000,298982,0,0.0000,2.0000,1,1,空换,S,2373.0000,0.0000,0.0000,0.0000,0.0000,2374.0000,0.0000,0.0000,0.0000,0.0000,17,0,0,0,0,91,0,0,0,0
zc,WS209,2012-06-04 09:02:53.223,2373.0000,298982,0,0.0000,34.0000,17,17,空换,S,2372.0000,0.0000,0.0000,0.0000,0.0000,2374.0000,0.0000,0.0000,0.0000,0.0000,31,0,0,0,0,91,0,0,0,0
zc,WS209,2012-06-04 09:02:54.237,2373.0000,298982,0,0.0000,0.0000,0,0,空换,S,2372.0000,0.0000,0.0000,0.0000,0.0000,2373.0000,0.0000,0.0000,0.0000,0.0000,31,0,0,0,0,504,0,0,0,0
zc,WS209,2012-06-04 09:02:54.690,2373.0000,298982,0,0.0000,0.0000,0,0,空换,S,2372.0000,0.0000,0.0000,0.0000,0.0000,2373.0000,0.0000,0.0000,0.0000,0.0000,31,0,0,0,0,505,0,0,0,0
zc,WS209,2012-06-04 09:02:55.487,2373.0000,298982,0,0.0000,0.0000,0,0,空换,S,2372.0000,0.0000,0.0000,0.0000,0.0000,2373.0000,0.0000,0.0000,0.0000,0.0000,31,0,0,0,0,510,0,0,0,0
zc,WS209,2012-06-04 09:02:56.770,2373.0000,298982,0,0.0000,6.0000,3,3,空换,S,2372.0000,0.0000,0.0000,0.0000,0.0000,2373.0000,0.0000,0.0000,0.0000,0.0000,28,0,0,0,0,507,0,0,0,0
zc,WS209,2012-06-04 09:02:57.253,2373.0000,298914,-68,0.0000,292.0000,112,180,多平,S,2372.0000,0.0000,0.0000,0.0000,0.0000,2373.0000,0.0000,0.0000,0.0000,0.0000,13,0,0,0,0,363,0,0,0,0
zc,WS209,2012-06-04 09:02:57.973,2372.0000,298916,2,0.0000,6.0000,4,2,空开,S,2372.0000,0.0000,0.0000,0.0000,0.0000,2373.0000,0.0000,0.0000,0.0000,0.0000,10,0,0,0,0,363,0,0,0,0
zc,WS209,2012-06-04 09:02:59.237,2372.0000,298916,0,0.0000,2.0000,1,1,空换,S,2372.0000,0.0000,0.0000,0.0000,0.0000,2373.0000,0.0000,0.0000,0.0000,0.0000,9,0,0,0,0,363,0,0,0,0
zc,WS209,2012-06-04 09:03:00.473,2372.0000,298916,0,0.0000,2.0000,1,1,空换,S,2372.0000,0.0000,0.0000,0.0000,0.0000,2373.0000,0.0000,0.0000,0.0000,0.0000,8,0,0,0,0,363,0,0,0,0
zc,WS209,2012-06-04 09:03:01.020,2372.0000,298916,0,0.0000,4.0000,2,2,空换,S,2372.0000,0.0000,0.0000,0.0000,0.0000,2373.0000,0.0000,0.0000,0.0000,0.0000,13,0,0,0,0,362,0,0,0,0
zc,WS209,2012-06-04 09:03:02.237,2373.0000,298916,0,0.0000,2.0000,1,1,多换,B,2372.0000,0.0000,0.0000,0.0000,0.0000,2373.0000,0.0000,0.0000,0.0000,0.0000,13,0,0,0,0,361,0,0,0,0
zc,WS209,2012-06-04 09:03:02.707,2372.0000,298916,0,0.0000,2.0000,1,1,空换,S,2372.0000,0.0000,0.0000,0.0000,0.0000,2373.0000,0.0000,0.0000,0.0000,0.0000,12,0,0,0,0,361,0,0,0,0
zc,WS209,2012-06-04 09:03:03.487,2372.0000,298976,60,0.0000,60.0000,60,0,双开,S,2372.0000,0.0000,0.0000,0.0000,0.0000,2373.0000,0.0000,0.0000,0.0000,0.0000,5,0,0,0,0,361,0,0,0,0
zc,WS209,2012-06-04 09:03:04.003,2372.0000,299124,148,0.0000,156.0000,152,4,空开,S,2371.0000,0.0000,0.0000,0.0000,0.0000,2372.0000,0.0000,0.0000,0.0000,0.0000,20,0,0,0,0,124,0,0,0,0
zc,WS209,2012-06-04 09:03:04.770,2372.0000,299126,2,0.0000,2.0000,2,0,双开,S,2371.0000,0.0000,0.0000,0.0000,0.0000,2372.0000,0.0000,0.0000,0.0000,0.0000,20,0,0,0,0,123,0,0,0,0
zc,WS209,2012-06-04 09:03:05.190,2372.0000,299126,0,0.0000,4.0000,2,2,空换,S,2371.0000,0.0000,0.0000,0.0000,0.0000,2372.0000,0.0000,0.0000,0.0000,0.0000,20,0,0,0,0,121,0,0,0,0
zc,WS209,2012-06-04 09:03:05.987,2372.0000,299188,62,0.0000,62.0000,62,0,双开,S,2371.0000,0.0000,0.0000,0.0000,0.0000,2372.0000,0.0000,0.0000,0.0000,0.0000,26,0,0,0,0,92,0,0,0,0
zc,WS209,2012-06-04 09:03:06.427,2372.0000,299188,0,0.0000,0.0000,0,0,空换,S,2371.0000,0.0000,0.0000,0.0000,0.0000,2372.0000,0.0000,0.0000,0.0000,0.0000,28,0,0,0,0,92,0,0,0,0
zc,WS209,2012-06-04 09:03:07.207,2372.0000,299258,70,0.0000,70.0000,70,0,双开,S,2371.0000,0.0000,0.0000,0.0000,0.0000,2372.0000,0.0000,0.0000,0.0000,0.0000,25,0,0,0,0,57,0,0,0,0
zc,WS209,2012-06-04 09:03:07.737,2371.0000,299258,0,0.0000,32.0000,16,16,空换,S,2371.0000,0.0000,0.0000,0.0000,0.0000,2372.0000,0.0000,0.0000,0.0000,0.0000,39,0,0,0,0,60,0,0,0,0
zc,WS209,2012-06-04 09:03:08.177,2372.0000,299264,6,0.0000,14.0000,10,4,多开,B,2371.0000,0.0000,0.0000,0.0000,0.0000,2372.0000,0.0000,0.0000,0.0000,0.0000,33,0,0,0,0,58,0,0,0,0
zc,WS209,2012-06-04 09:03:08.973,2372.0000,299314,50,0.0000,50.0000,50,0,双开,B,2371.0000,0.0000,0.0000,0.0000,0.0000,2372.0000,0.0000,0.0000,0.0000,0.0000,33,0,0,0,0,33,0,0,0,0
zc,WS209,2012-06-04 09:03:09.473,2372.0000,299304,-10,0.0000,66.0000,28,38,空平,B,2372.0000,0.0000,0.0000,0.0000,0.0000,2373.0000,0.0000,0.0000,0.0000,0.0000,32,0,0,0,0,363,0,0,0,0
zc,WS209,2012-06-04 09:03:10.987,2372.0000,299304,0,0.0000,6.0000,3,3,多换,B,2372.0000,0.0000,0.0000,0.0000,0.0000,2373.0000,0.0000,0.0000,0.0000,0.0000,29,0,0,0,0,363,0,0,0,0
zc,WS209,2012-06-04 09:03:11.737,2372.0000,299302,-2,0.0000,2.0000,0,2,双平,B,2372.0000,0.0000,0.0000,0.0000,0.0000,2373.0000,0.0000,0.0000,0.0000,0.0000,28,0,0,0,0,363,0,0,0,0
zc,WS209,2012-06-04 09:03:12.223,2372.0000,299302,0,0.0000,6.0000,3,3,多换,B,2372.0000,0.0000,0.0000,0.0000,0.0000,2373.0000,0.0000,0.0000,0.0000,0.0000,25,0,0,0,0,363,0,0,0,0
zc,WS209,2012-06-04 09:03:13.253,2373.0000,299300,-2,0.0000,4.0000,1,3,空平,B,2372.0000,0.0000,0.0000,0.0000,0.0000,2373.0000,0.0000,0.0000,0.0000,0.0000,24,0,0,0,0,362,0,0,0,0
zc,WS209,2012-06-04 09:03:13.940,2372.0000,299298,-2,0.0000,2.0000,0,2,双平,S,2372.0000,0.0000,0.0000,0.0000,0.0000,2373.0000,0.0000,0.0000,0.0000,0.0000,23,0,0,0,0,362,0,0,0,0
zc,WS209,2012-06-04 09:03:14.487,2372.0000,299298,0,0.0000,0.0000,0,0,空换,S,2372.0000,0.0000,0.0000,0.0000,0.0000,2373.0000,0.0000,0.0000,0.0000,0.0000,23,0,0,0,0,358,0,0,0,0
zc,WS209,2012-06-04 09:03:16.237,2372.0000,299296,-2,0.0000,4.0000,1,3,多平,S,2372.0000,0.0000,0.0000,0.0000,0.0000,2373.0000,0.0000,0.0000,0.0000,0.0000,22,0,0,0,0,357,0,0,0,0
zc,WS209,2012-06-04 09:03:17.237,2372.0000,299252,-44,0.0000,50.0000,3,47,多平,S,2371.0000,0.0000,0.0000,0.0000,0.0000,2372.0000,0.0000,0.0000,0.0000,0.0000,42,0,0,0,0,395,0,0,0,0
zc,WS209,2012-06-04 09:03:18.253,2372.0000,299252,0,0.0000,2.0000,1,1,空换,S,2371.0000,0.0000,0.0000,0.0000,0.0000,2372.0000,0.0000,0.0000,0.0000,0.0000,42,0,0,0,0,394,0,0,0,0
zc,WS209,2012-06-04 09:03:18.427,2372.0000,299250,-2,0.0000,12.0000,5,7,多平,S,2371.0000,0.0000,0.0000,0.0000,0.0000,2372.0000,0.0000,0.0000,0.0000,0.0000,42,0,0,0,0,388,0,0,0,0
zc,WS209,2012-06-04 09:03:19.237,2372.0000,299250,0,0.0000,0.0000,0,0,空换,S,2371.0000,0.0000,0.0000,0.0000,0.0000,2372.0000,0.0000,0.0000,0.0000,0.0000,42,0,0,0,0,389,0,0,0,0
zc,WS209,2012-06-04 09:03:19.723,2372.0000,299250,0,0.0000,0.0000,0,0,空换,S,2371.0000,0.0000,0.0000,0.0000,0.0000,2372.0000,0.0000,0.0000,0.0000,0.0000,42,0,0,0,0,390,0,0,0,0
zc,WS209,2012-06-04 09:03:20.737,2372.0000,299250,0,0.0000,0.0000,0,0,空换,S,2371.0000,0.0000,0.0000,0.0000,0.0000,2372.0000,0.0000,0.0000,0.0000,0.0000,41,0,0,0,0,390,0,0,0,0
zc,WS209,2012-06-04 09:03:21.270,2372.0000,299248,-2,0.0000,6.0000,2,4,多平,S,2371.0000,0.0000,0.0000,0.0000,0.0000,2372.0000,0.0000,0.0000,0.0000,0.0000,41,0,0,0,0,387,0,0,0,0
zc,WS209,2012-06-04 09:03:22.473,2372.0000,299238,-10,0.0000,10.0000,0,10,双平,S,2371.0000,0.0000,0.0000,0.0000,0.0000,2372.0000,0.0000,0.0000,0.0000,0.0000,41,0,0,0,0,382,0,0,0,0
zc,WS209,2012-06-04 09:03:23.237,2372.0000,299232,-6,0.0000,6.0000,0,6,双平,S,2371.0000,0.0000,0.0000,0.0000,0.0000,2372.0000,0.0000,0.0000,0.0000,0.0000,41,0,0,0,0,379,0,0,0,0
zc,WS209,2012-06-04 09:03:23.690,2371.0000,299216,-16,0.0000,38.0000,11,27,多平,S,2371.0000,0.0000,0.0000,0.0000,0.0000,2372.0000,0.0000,0.0000,0.0000,0.0000,63,0,0,0,0,378,0,0,0,0
zc,WS209,2012-06-04 09:03:24.440,2372.0000,298874,-342,0.0000,342.0000,0,342,双平,B,2371.0000,0.0000,0.0000,0.0000,0.0000,2372.0000,0.0000,0.0000,0.0000,0.0000,42,0,0,0,0,207,0,0,0,0
zc,WS209,2012-06-04 09:03:24.987,2372.0000,298874,0,0.0000,0.0000,0,0,多换,B,2371.0000,0.0000,0.0000,0.0000,0.0000,2372.0000,0.0000,0.0000,0.0000,0.0000,42,0,0,0,0,210,0,0,0,0
zc,WS209,2012-06-04 09:03:25.677,2372.0000,298830,-44,0.0000,124.0000,40,84,空平,B,2371.0000,0.0000,0.0000,0.0000,0.0000,2372.0000,0.0000,0.0000,0.0000,0.0000,101,0,0,0,0,148,0,0,0,0
zc,WS209,2012-06-04 09:03:26.207,2372.0000,298830,0,0.0000,84.0000,42,42,多换,B,2371.0000,0.0000,0.0000,0.0000,0.0000,2372.0000,0.0000,0.0000,0.0000,0.0000,64,0,0,0,0,106,0,0,0,0
zc,WS209,2012-06-04 09:03:26.987,2372.0000,298776,-54,0.0000,66.0000,6,60,空平,B,2371.0000,0.0000,0.0000,0.0000,0.0000,2372.0000,0.0000,0.0000,0.0000,0.0000,61,0,0,0,0,76,0,0,0,0
zc,WS209,2012-06-04 09:03:27.457,2372.0000,298776,0,0.0000,2.0000,1,1,多换,B,2371.0000,0.0000,0.0000,0.0000,0.0000,2372.0000,0.0000,0.0000,0.0000,0.0000,62,0,0,0,0,79,0,0,0,0
zc,WS209,2012-06-04 09:03:27.973,2372.0000,298776,0,0.0000,8.0000,4,4,多换,B,2371.0000,0.0000,0.0000,0.0000,0.0000,2372.0000,0.0000,0.0000,0.0000,0.0000,60,0,0,0,0,78,0,0,0,0
zc,WS209,2012-06-04 09:03:28.707,2371.0000,298776,0,0.0000,4.0000,2,2,空换,S,2371.0000,0.0000,0.0000,0.0000,0.0000,2372.0000,0.0000,0.0000,0.0000,0.0000,58,0,0,0,0,77,0,0,0,0
zc,WS209,2012-06-04 09:03:29.237,2372.0000,298678,-98,0.0000,116.0000,9,107,空平,B,2371.0000,0.0000,0.0000,0.0000,0.0000,2372.0000,0.0000,0.0000,0.0000,0.0000,55,0,0,0,0,23,0,0,0,0
zc,WS209,2012-06-04 09:03:29.957,2372.0000,298678,0,0.0000,10.0000,5,5,多换,B,2371.0000,0.0000,0.0000,0.0000,0.0000,2372.0000,0.0000,0.0000,0.0000,0.0000,51,0,0,0,0,18,0,0,0,0
zc,WS209,2012-06-04 09:03:31.207,2372.0000,298678,0,0.0000,0.0000,0,0,多换,B,2371.0000,0.0000,0.0000,0.0000,0.0000,2372.0000,0.0000,0.0000,0.0000,0.0000,53,0,0,0,0,18,0,0,0,0
zc,WS209,2012-06-04 09:03:31.973,2371.0000,298682,4,0.0000,4.0000,4,0,双开,S,2371.0000,0.0000,0.0000,0.0000,0.0000,2372.0000,0.0000,0.0000,0.0000,0.0000,52,0,0,0,0,18,0,0,0,0
zc,WS209,2012-06-04 09:03:32.770,2371.0000,298682,0,0.0000,6.0000,3,3,空换,S,2371.0000,0.0000,0.0000,0.0000,0.0000,2372.0000,0.0000,0.0000,0.0000,0.0000,49,0,0,0,0,17,0,0,0,0
zc,WS209,2012-06-04 09:03:33.973,2372.0000,298682,0,0.0000,4.0000,2,2,多换,B,2371.0000,0.0000,0.0000,0.0000,0.0000,2372.0000,0.0000,0.0000,0.0000,0.0000,47,0,0,0,0,15,0,0,0,0
zc,WS209,2012-06-04 09:03:35.033,2372.0000,298682,0,0.0000,20.0000,10,10,多换,B,2371.0000,0.0000,0.0000,0.0000,0.0000,2372.0000,0.0000,0.0000,0.0000,0.0000,45,0,0,0,0,8,0,0,0,0
zc,WS209,2012-06-04 09:03:35.520,2371.0000,298680,-2,0.0000,4.0000,1,3,多平,S,2371.0000,0.0000,0.0000,0.0000,0.0000,2372.0000,0.0000,0.0000,0.0000,0.0000,44,0,0,0,0,8,0,0,0,0
zc,WS209,2012-06-04 09:03:36.253,2371.0000,298696,16,0.0000,22.0000,19,3,空开,S,2371.0000,0.0000,0.0000,0.0000,0.0000,2372.0000,0.0000,0.0000,0.0000,0.0000,34,0,0,0,0,8,0,0,0,0
zc,WS209,2012-06-04 09:03:36.737,2372.0000,298698,2,0.0000,2.0000,2,0,双开,B,2371.0000,0.0000,0.0000,0.0000,0.0000,2372.0000,0.0000,0.0000,0.0000,0.0000,34,0,0,0,0,7,0,0,0,0
zc,WS209,2012-06-04 09:03:38.393,2372.0000,298698,0,0.0000,0.0000,0,0,多换,B,2371.0000,0.0000,0.0000,0.0000,0.0000,2372.0000,0.0000,0.0000,0.0000,0.0000,35,0,0,0,0,7,0,0,0,0
zc,WS209,2012-06-04 09:03:39.723,2372.0000,298700,2,0.0000,2.0000,2,0,双开,B,2371.0000,0.0000,0.0000,0.0000,0.0000,2372.0000,0.0000,0.0000,0.0000,0.0000,65,0,0,0,0,6,0,0,0,0
zc,WS209,2012-06-04 09:03:40.503,2372.0000,298700,0,0.0000,0.0000,0,0,多换,B,2371.0000,0.0000,0.0000,0.0000,0.0000,2372.0000,0.0000,0.0000,0.0000,0.0000,74,0,0,0,0,8,0,0,0,0
zc,WS209,2012-06-04 09:03:40.957,2371.0000,298702,2,0.0000,2.0000,2,0,双开,S,2371.0000,0.0000,0.0000,0.0000,0.0000,2372.0000,0.0000,0.0000,0.0000,0.0000,73,0,0,0,0,8,0,0,0,0
zc,WS209,2012-06-04 09:03:41.753,2371.0000,298704,2,0.0000,4.0000,3,1,空开,S,2371.0000,0.0000,0.0000,0.0000,0.0000,2372.0000,0.0000,0.0000,0.0000,0.0000,99,0,0,0,0,7,0,0,0,0
zc,WS209,2012-06-04 09:03:42.973,2371.0000,298704,0,0.0000,0.0000,0,0,空换,S,2371.0000,0.0000,0.0000,0.0000,0.0000,2372.0000,0.0000,0.0000,0.0000,0.0000,104,0,0,0,0,7,0,0,0,0
zc,WS209,2012-06-04 09:03:43.160,2372.0000,298706,2,0.0000,4.0000,3,1,多开,B,2371.0000,0.0000,0.0000,0.0000,0.0000,2372.0000,0.0000,0.0000,0.0000,0.0000,107,0,0,0,0,5,0,0,0,0
zc,WS209,2012-06-04 09:03:43.940,2372.0000,298706,0,0.0000,0.0000,0,0,多换,B,2371.0000,0.0000,0.0000,0.0000,0.0000,2372.0000,0.0000,0.0000,0.0000,0.0000,108,0,0,0,0,5,0,0,0,0
zc,WS209,2012-06-04 09:03:44.427,2372.0000,298706,0,0.0000,0.0000,0,0,多换,B,2371.0000,0.0000,0.0000,0.0000,0.0000,2372.0000,0.0000,0.0000,0.0000,0.0000,109,0,0,0,0,7,0,0,0,0
zc,WS209,2012-06-04 09:03:45.237,2372.0000,298706,0,0.0000,0.0000,0,0,多换,B,2371.0000,0.0000,0.0000,0.0000,0.0000,2372.0000,0.0000,0.0000,0.0000,0.0000,107,0,0,0,0,25,0,0,0,0
zc,WS209,2012-06-04 09:03:45.707,2372.0000,298706,0,0.0000,0.0000,0,0,多换,B,2371.0000,0.0000,0.0000,0.0000,0.0000,2372.0000,0.0000,0.0000,0.0000,0.0000,132,0,0,0,0,25,0,0,0,0
zc,WS209,2012-06-04 09:03:46.393,2372.0000,298702,-4,0.0000,4.0000,0,4,双平,B,2371.0000,0.0000,0.0000,0.0000,0.0000,2372.0000,0.0000,0.0000,0.0000,0.0000,132,0,0,0,0,23,0,0,0,0
zc,WS209,2012-06-04 09:03:46.533,2372.0000,298702,0,0.0000,0.0000,0,0,多换,B,2371.0000,0.0000,0.0000,0.0000,0.0000,2372.0000,0.0000,0.0000,0.0000,0.0000,132,0,0,0,0,23,0,0,0,0
zc,WS209,2012-06-04 09:03:47.253,2372.0000,298702,0,0.0000,0.0000,0,0,多换,B,2371.0000,0.0000,0.0000,0.0000,0.0000,2372.0000,0.0000,0.0000,0.0000,0.0000,133,0,0,0,0,26,0,0,0,0
zc,WS209,2012-06-04 09:03:47.737,2372.0000,298702,0,0.0000,0.0000,0,0,多换,B,2371.0000,0.0000,0.0000,0.0000,0.0000,2372.0000,0.0000,0.0000,0.0000,0.0000,133,0,0,0,0,27,0,0,0,0
zc,WS209,2012-06-04 09:03:48.410,2372.0000,298702,0,0.0000,0.0000,0,0,多换,B,2371.0000,0.0000,0.0000,0.0000,0.0000,2372.0000,0.0000,0.0000,0.0000,0.0000,113,0,0,0,0,27,0,0,0,0
zc,WS209,2012-06-04 09:03:48.957,2372.0000,298702,0,0.0000,6.0000,3,3,多换,B,2371.0000,0.0000,0.0000,0.0000,0.0000,2372.0000,0.0000,0.0000,0.0000,0.0000,109,0,0,0,0,26,0,0,0,0
zc,WS209,2012-06-04 09:03:49.677,2372.0000,298702,0,0.0000,0.0000,0,0,多换,B,2371.0000,0.0000,0.0000,0.0000,0.0000,2372.0000,0.0000,0.0000,0.0000,0.0000,130,0,0,0,0,26,0,0,0,0
zc,WS209,2012-06-04 09:03:50.223,2371.0000,298700,-2,0.0000,18.0000,8,10,多平,S,2371.0000,0.0000,0.0000,0.0000,0.0000,2372.0000,0.0000,0.0000,0.0000,0.0000,120,0,0,0,0,25,0,0,0,0
zc,WS209,2012-06-04 09:03:50.940,2371.0000,298700,0,0.0000,0.0000,0,0,空换,S,2371.0000,0.0000,0.0000,0.0000,0.0000,2372.0000,0.0000,0.0000,0.0000,0.0000,127,0,0,0,0,25,0,0,0,0
zc,WS209,2012-06-04 09:03:51.393,2371.0000,298700,0,0.0000,0.0000,0,0,空换,S,2371.0000,0.0000,0.0000,0.0000,0.0000,2372.0000,0.0000,0.0000,0.0000,0.0000,135,0,0,0,0,25,0,0,0,0
zc,WS209,2012-06-04 09:03:52.190,2372.0000,298716,16,0.0000,50.0000,33,17,多开,B,2372.0000,0.0000,0.0000,0.0000,0.0000,2373.0000,0.0000,0.0000,0.0000,0.0000,1,0,0,0,0,10,0,0,0,0
zc,WS209,2012-06-04 09:03:52.723,2373.0000,298716,0,0.0000,2.0000,1,1,多换,B,2371.0000,0.0000,0.0000,0.0000,0.0000,2373.0000,0.0000,0.0000,0.0000,0.0000,132,0,0,0,0,9,0,0,0,0
zc,WS209,2012-06-04 09:03:53.223,2373.0000,298716,0,0.0000,0.0000,0,0,多换,B,2371.0000,0.0000,0.0000,0.0000,0.0000,2372.0000,0.0000,0.0000,0.0000,0.0000,131,0,0,0,0,1,0,0,0,0
zc,WS209,2012-06-04 09:03:53.753,2373.0000,298716,0,0.0000,0.0000,0,0,多换,B,2371.0000,0.0000,0.0000,0.0000,0.0000,2372.0000,0.0000,0.0000,0.0000,0.0000,128,0,0,0,0,1,0,0,0,0
zc,WS209,2012-06-04 09:03:54.457,2372.0000,298716,0,0.0000,2.0000,1,1,空换,S,2371.0000,0.0000,0.0000,0.0000,0.0000,2373.0000,0.0000,0.0000,0.0000,0.0000,134,0,0,0,0,10,0,0,0,0
zc,WS209,2012-06-04 09:03:55.223,2372.0000,298716,0,0.0000,2.0000,1,1,空换,S,2371.0000,0.0000,0.0000,0.0000,0.0000,2373.0000,0.0000,0.0000,0.0000,0.0000,144,0,0,0,0,10,0,0,0,0
zc,WS209,2012-06-04 09:03:55.940,2372.0000,298716,0,0.0000,0.0000,0,0,空换,S,2372.0000,0.0000,0.0000,0.0000,0.0000,2373.0000,0.0000,0.0000,0.0000,0.0000,2,0,0,0,0,10,0,0,0,0
zc,WS209,2012-06-04 09:03:56.473,2372.0000,298716,0,0.0000,0.0000,0,0,空换,S,2372.0000,0.0000,0.0000,0.0000,0.0000,2373.0000,0.0000,0.0000,0.0000,0.0000,2,0,0,0,0,8,0,0,0,0
zc,WS209,2012-06-04 09:03:57.190,2372.0000,298716,0,0.0000,2.0000,1,1,空换,S,2372.0000,0.0000,0.0000,0.0000,0.0000,2373.0000,0.0000,0.0000,0.0000,0.0000,106,0,0,0,0,8,0,0,0,0
zc,WS209,2012-06-04 09:03:57.690,2372.0000,298716,0,0.0000,0.0000,0,0,空换,S,2372.0000,0.0000,0.0000,0.0000,0.0000,2373.0000,0.0000,0.0000,0.0000,0.0000,105,0,0,0,0,9,0,0,0,0
zc,WS209,2012-06-04 09:03:58.973,2372.0000,298716,0,0.0000,0.0000,0,0,空换,S,2372.0000,0.0000,0.0000,0.0000,0.0000,2373.0000,0.0000,0.0000,0.0000,0.0000,108,0,0,0,0,9,0,0,0,0
zc,WS209,2012-06-04 09:03:59.427,2372.0000,298716,0,0.0000,0.0000,0,0,空换,S,2372.0000,0.0000,0.0000,0.0000,0.0000,2373.0000,0.0000,0.0000,0.0000,0.0000,94,0,0,0,0,9,0,0,0,0
zc,WS209,2012-06-04 09:03:59.927,2372.0000,298716,0,0.0000,0.0000,0,0,空换,S,2372.0000,0.0000,0.0000,0.0000,0.0000,2373.0000,0.0000,0.0000,0.0000,0.0000,96,0,0,0,0,9,0,0,0,0
zc,WS209,2012-06-04 09:04:00.487,2372.0000,298716,0,0.0000,0.0000,0,0,空换,S,2372.0000,0.0000,0.0000,0.0000,0.0000,2373.0000,0.0000,0.0000,0.0000,0.0000,101,0,0,0,0,10,0,0,0,0
zc,WS209,2012-06-04 09:04:01.177,2372.0000,298716,0,0.0000,0.0000,0,0,空换,S,2372.0000,0.0000,0.0000,0.0000,0.0000,2373.0000,0.0000,0.0000,0.0000,0.0000,102,0,0,0,0,11,0,0,0,0
zc,WS209,2012-06-04 09:04:01.690,2373.0000,298722,6,0.0000,22.0000,14,8,多开,B,2373.0000,0.0000,0.0000,0.0000,0.0000,2374.0000,0.0000,0.0000,0.0000,0.0000,2,0,0,0,0,83,0,0,0,0
zc,WS209,2012-06-04 09:04:02.190,2372.0000,298718,-4,0.0000,10.0000,3,7,多平,S,2372.0000,0.0000,0.0000,0.0000,0.0000,2374.0000,0.0000,0.0000,0.0000,0.0000,110,0,0,0,0,83,0,0,0,0
zc,WS209,2012-06-04 09:04:03.020,2372.0000,298718,0,0.0000,0.0000,0,0,空换,S,2372.0000,0.0000,0.0000,0.0000,0.0000,2373.0000,0.0000,0.0000,0.0000,0.0000,120,0,0,0,0,5,0,0,0,0
zc,WS209,2012-06-04 09:04:03.473,2372.0000,298718,0,0.0000,0.0000,0,0,空换,S,2372.0000,0.0000,0.0000,0.0000,0.0000,2373.0000,0.0000,0.0000,0.0000,0.0000,123,0,0,0,0,5,0,0,0,0
zc,WS209,2012-06-04 09:04:04.207,2372.0000,298718,0,0.0000,0.0000,0,0,空换,S,2372.0000,0.0000,0.0000,0.0000,0.0000,2373.0000,0.0000,0.0000,0.0000,0.0000,104,0,0,0,0,5,0,0,0,0
zc,WS209,2012-06-04 09:04:05.457,2372.0000,298722,4,0.0000,4.0000,4,0,双开,S,2372.0000,0.0000,0.0000,0.0000,0.0000,2373.0000,0.0000,0.0000,0.0000,0.0000,101,0,0,0,0,5,0,0,0,0
zc,WS209,2012-06-04 09:04:06.723,2372.0000,298722,0,0.0000,0.0000,0,0,空换,S,2372.0000,0.0000,0.0000,0.0000,0.0000,2373.0000,0.0000,0.0000,0.0000,0.0000,103,0,0,0,0,5,0,0,0,0
zc,WS209,2012-06-04 09:04:07.207,2372.0000,298722,0,0.0000,20.0000,10,10,空换,S,2372.0000,0.0000,0.0000,0.0000,0.0000,2373.0000,0.0000,0.0000,0.0000,0.0000,93,0,0,0,0,5,0,0,0,0
zc,WS209,2012-06-04 09:04:07.940,2373.0000,298722,0,0.0000,4.0000,2,2,多换,B,2372.0000,0.0000,0.0000,0.0000,0.0000,2373.0000,0.0000,0.0000,0.0000,0.0000,93,0,0,0,0,3,0,0,0,0
zc,WS209,2012-06-04 09:04:08.427,2373.0000,298702,-20,0.0000,20.0000,0,20,双平,B,2372.0000,0.0000,0.0000,0.0000,0.0000,2373.0000,0.0000,0.0000,0.0000,0.0000,93,0,0,0,0,3,0,0,0,0
zc,WS209,2012-06-04 09:04:09.223,2373.0000,298702,0,0.0000,0.0000,0,0,多换,B,2372.0000,0.0000,0.0000,0.0000,0.0000,2373.0000,0.0000,0.0000,0.0000,0.0000,88,0,0,0,0,3,0,0,0,0
zc,WS209,2012-06-04 09:04:10.160,2372.0000,298704,2,0.0000,2.0000,2,0,双开,S,2372.0000,0.0000,0.0000,0.0000,0.0000,2373.0000,0.0000,0.0000,0.0000,0.0000,94,0,0,0,0,3,0,0,0,0
zc,WS209,2012-06-04 09:04:10.660,2372.0000,298704,0,0.0000,0.0000,0,0,空换,S,2372.0000,0.0000,0.0000,0.0000,0.0000,2373.0000,0.0000,0.0000,0.0000,0.0000,92,0,0,0,0,3,0,0,0,0
zc,WS209,2012-06-04 09:04:11.410,2373.0000,298704,0,0.0000,6.0000,3,3,多换,B,2373.0000,0.0000,0.0000,0.0000,0.0000,2374.0000,0.0000,0.0000,0.0000,0.0000,8,0,0,0,0,101,0,0,0,0
zc,WS209,2012-06-04 09:04:11.927,2373.0000,298712,8,0.0000,8.0000,8,0,双开,B,2373.0000,0.0000,0.0000,0.0000,0.0000,2374.0000,0.0000,0.0000,0.0000,0.0000,4,0,0,0,0,101,0,0,0,0
zc,WS209,2012-06-04 09:04:12.427,2373.0000,298712,0,0.0000,0.0000,0,0,多换,B,2373.0000,0.0000,0.0000,0.0000,0.0000,2374.0000,0.0000,0.0000,0.0000,0.0000,8,0,0,0,0,99,0,0,0,0
zc,WS209,2012-06-04 09:04:13.223,2373.0000,298712,0,0.0000,6.0000,3,3,多换,B,2373.0000,0.0000,0.0000,0.0000,0.0000,2374.0000,0.0000,0.0000,0.0000,0.0000,6,0,0,0,0,98,0,0,0,0
zc,WS209,2012-06-04 09:04:13.737,2373.0000,298714,2,0.0000,2.0000,2,0,双开,B,2373.0000,0.0000,0.0000,0.0000,0.0000,2374.0000,0.0000,0.0000,0.0000,0.0000,5,0,0,0,0,83,0,0,0,0
zc,WS209,2012-06-04 09:04:14.487,2373.0000,298714,0,0.0000,0.0000,0,0,多换,B,2373.0000,0.0000,0.0000,0.0000,0.0000,2374.0000,0.0000,0.0000,0.0000,0.0000,8,0,0,0,0,83,0,0,0,0
zc,WS209,2012-06-04 09:04:14.940,2373.0000,298714,0,0.0000,0.0000,0,0,多换,B,2373.0000,0.0000,0.0000,0.0000,0.0000,2374.0000,0.0000,0.0000,0.0000,0.0000,10,0,0,0,0,83,0,0,0,0
zc,WS209,2012-06-04 09:04:15.723,2373.0000,298714,0,0.0000,0.0000,0,0,多换,B,2373.0000,0.0000,0.0000,0.0000,0.0000,2374.0000,0.0000,0.0000,0.0000,0.0000,14,0,0,0,0,436,0,0,0,0
zc,WS209,2012-06-04 09:04:19.893,2373.0000,298714,0,0.0000,0.0000,0,0,多换,B,2373.0000,0.0000,0.0000,0.0000,0.0000,2374.0000,0.0000,0.0000,0.0000,0.0000,14,0,0,0,0,493,0,0,0,0
zc,WS209,2012-06-04 09:04:20.427,2374.0000,298694,-20,0.0000,20.0000,0,20,双平,B,2373.0000,0.0000,0.0000,0.0000,0.0000,2374.0000,0.0000,0.0000,0.0000,0.0000,14,0,0,0,0,483,0,0,0,0
zc,WS209,2012-06-04 09:04:21.237,2374.0000,298690,-4,0.0000,4.0000,0,4,双平,B,2373.0000,0.0000,0.0000,0.0000,0.0000,2374.0000,0.0000,0.0000,0.0000,0.0000,14,0,0,0,0,481,0,0,0,0
zc,WS209,2012-06-04 09:04:21.643,2374.0000,298688,-2,0.0000,2.0000,0,2,双平,B,2373.0000,0.0000,0.0000,0.0000,0.0000,2374.0000,0.0000,0.0000,0.0000,0.0000,14,0,0,0,0,480,0,0,0,0
zc,WS209,2012-06-04 09:04:22.427,2374.0000,298688,0,0.0000,4.0000,2,2,多换,B,2373.0000,0.0000,0.0000,0.0000,0.0000,2374.0000,0.0000,0.0000,0.0000,0.0000,14,0,0,0,0,478,0,0,0,0
zc,WS209,2012-06-04 09:04:23.457,2374.0000,298686,-2,0.0000,2.0000,0,2,双平,B,2373.0000,0.0000,0.0000,0.0000,0.0000,2374.0000,0.0000,0.0000,0.0000,0.0000,14,0,0,0,0,477,0,0,0,0
zc,WS209,2012-06-04 09:04:23.893,2373.0000,298670,-16,0.0000,26.0000,5,21,多平,S,2373.0000,0.0000,0.0000,0.0000,0.0000,2374.0000,0.0000,0.0000,0.0000,0.0000,1,0,0,0,0,477,0,0,0,0
zc,WS209,2012-06-04 09:04:24.723,2373.0000,298670,0,0.0000,0.0000,0,0,空换,S,2373.0000,0.0000,0.0000,0.0000,0.0000,2374.0000,0.0000,0.0000,0.0000,0.0000,11,0,0,0,0,477,0,0,0,0
zc,WS209,2012-06-04 09:04:25.190,2373.0000,298670,0,0.0000,0.0000,0,0,空换,S,2373.0000,0.0000,0.0000,0.0000,0.0000,2374.0000,0.0000,0.0000,0.0000,0.0000,12,0,0,0,0,477,0,0,0,0
zc,WS209,2012-06-04 09:04:26.440,2373.0000,298672,2,0.0000,24.0000,13,11,空开,S,2372.0000,0.0000,0.0000,0.0000,0.0000,2373.0000,0.0000,0.0000,0.0000,0.0000,142,0,0,0,0,29,0,0,0,0
zc,WS209,2012-06-04 09:04:26.973,2373.0000,298672,0,0.0000,4.0000,2,2,空换,S,2372.0000,0.0000,0.0000,0.0000,0.0000,2373.0000,0.0000,0.0000,0.0000,0.0000,142,0,0,0,0,27,0,0,0,0
zc,WS209,2012-06-04 09:04:27.723,2373.0000,298650,-22,0.0000,34.0000,6,28,多平,S,2372.0000,0.0000,0.0000,0.0000,0.0000,2373.0000,0.0000,0.0000,0.0000,0.0000,146,0,0,0,0,10,0,0,0,0
zc,WS209,2012-06-04 09:04:28.707,2373.0000,298650,0,0.0000,4.0000,2,2,空换,S,2372.0000,0.0000,0.0000,0.0000,0.0000,2373.0000,0.0000,0.0000,0.0000,0.0000,151,0,0,0,0,8,0,0,0,0
zc,WS209,2012-06-04 09:04:29.177,2373.0000,298650,0,0.0000,0.0000,0,0,空换,S,2372.0000,0.0000,0.0000,0.0000,0.0000,2373.0000,0.0000,0.0000,0.0000,0.0000,160,0,0,0,0,9,0,0,0,0
zc,WS209,2012-06-04 09:04:29.957,2373.0000,298648,-2,0.0000,2.0000,0,2,双平,S,2372.0000,0.0000,0.0000,0.0000,0.0000,2373.0000,0.0000,0.0000,0.0000,0.0000,160,0,0,0,0,8,0,0,0,0
zc,WS209,2012-06-04 09:04:30.410,2373.0000,298650,2,0.0000,16.0000,9,7,空开,S,2372.0000,0.0000,0.0000,0.0000,0.0000,2374.0000,0.0000,0.0000,0.0000,0.0000,161,0,0,0,0,480,0,0,0,0
zc,WS209,2012-06-04 09:04:30.910,2374.0000,298650,0,0.0000,2.0000,1,1,多换,B,2372.0000,0.0000,0.0000,0.0000,0.0000,2374.0000,0.0000,0.0000,0.0000,0.0000,172,0,0,0,0,479,0,0,0,0
zc,WS209,2012-06-04 09:04:32.237,2374.0000,298650,0,0.0000,0.0000,0,0,多换,B,2373.0000,0.0000,0.0000,0.0000,0.0000,2374.0000,0.0000,0.0000,0.0000,0.0000,2,0,0,0,0,479,0,0,0,0
zc,WS209,2012-06-04 09:04:33.487,2374.0000,298650,0,0.0000,0.0000,0,0,多换,B,2373.0000,0.0000,0.0000,0.0000,0.0000,2374.0000,0.0000,0.0000,0.0000,0.0000,57,0,0,0,0,479,0,0,0,0
zc,WS209,2012-06-04 09:04:33.927,2374.0000,298650,0,0.0000,0.0000,0,0,多换,B,2373.0000,0.0000,0.0000,0.0000,0.0000,2374.0000,0.0000,0.0000,0.0000,0.0000,129,0,0,0,0,479,0,0,0,0
zc,WS209,2012-06-04 09:04:34.427,2373.0000,298646,-4,0.0000,18.0000,7,11,多平,S,2373.0000,0.0000,0.0000,0.0000,0.0000,2374.0000,0.0000,0.0000,0.0000,0.0000,120,0,0,0,0,477,0,0,0,0
zc,WS209,2012-06-04 09:04:35.177,2373.0000,298646,0,0.0000,2.0000,1,1,空换,S,2373.0000,0.0000,0.0000,0.0000,0.0000,2374.0000,0.0000,0.0000,0.0000,0.0000,119,0,0,0,0,477,0,0,0,0
zc,WS209,2012-06-04 09:04:35.660,2373.0000,298648,2,0.0000,2.0000,2,0,双开,S,2373.0000,0.0000,0.0000,0.0000,0.0000,2374.0000,0.0000,0.0000,0.0000,0.0000,117,0,0,0,0,477,0,0,0,0
zc,WS209,2012-06-04 09:04:36.143,2373.0000,298648,0,0.0000,0.0000,0,0,空换,S,2373.0000,0.0000,0.0000,0.0000,0.0000,2374.0000,0.0000,0.0000,0.0000,0.0000,127,0,0,0,0,477,0,0,0,0
zc,WS209,2012-06-04 09:04:36.927,2374.0000,298628,-20,0.0000,20.0000,0,20,双平,B,2373.0000,0.0000,0.0000,0.0000,0.0000,2374.0000,0.0000,0.0000,0.0000,0.0000,128,0,0,0,0,467,0,0,0,0
zc,WS209,2012-06-04 09:04:37.427,2373.0000,298630,2,0.0000,2.0000,2,0,双开,S,2373.0000,0.0000,0.0000,0.0000,0.0000,2374.0000,0.0000,0.0000,0.0000,0.0000,128,0,0,0,0,467,0,0,0,0
zc,WS209,2012-06-04 09:04:37.973,2373.0000,298630,0,0.0000,0.0000,0,0,空换,S,2373.0000,0.0000,0.0000,0.0000,0.0000,2374.0000,0.0000,0.0000,0.0000,0.0000,157,0,0,0,0,467,0,0,0,0
zc,WS209,2012-06-04 09:04:38.440,2374.0000,298630,0,0.0000,4.0000,2,2,多换,B,2373.0000,0.0000,0.0000,0.0000,0.0000,2374.0000,0.0000,0.0000,0.0000,0.0000,157,0,0,0,0,465,0,0,0,0
zc,WS209,2012-06-04 09:04:39.177,2374.0000,298630,0,0.0000,0.0000,0,0,多换,B,2373.0000,0.0000,0.0000,0.0000,0.0000,2374.0000,0.0000,0.0000,0.0000,0.0000,157,0,0,0,0,463,0,0,0,0
zc,WS209,2012-06-04 09:04:39.690,2374.0000,298628,-2,0.0000,2.0000,0,2,双平,B,2373.0000,0.0000,0.0000,0.0000,0.0000,2374.0000,0.0000,0.0000,0.0000,0.0000,157,0,0,0,0,462,0,0,0,0
zc,WS209,2012-06-04 09:04:42.690,2374.0000,298628,0,0.0000,26.0000,13,13,多换,B,2373.0000,0.0000,0.0000,0.0000,0.0000,2374.0000,0.0000,0.0000,0.0000,0.0000,158,0,0,0,0,449,0,0,0,0
zc,WS209,2012-06-04 09:04:43.440,2374.0000,298620,-8,0.0000,8.0000,0,8,双平,B,2373.0000,0.0000,0.0000,0.0000,0.0000,2374.0000,0.0000,0.0000,0.0000,0.0000,158,0,0,0,0,445,0,0,0,0
zc,WS209,2012-06-04 09:04:43.927,2374.0000,298622,2,0.0000,4.0000,3,1,多开,B,2373.0000,0.0000,0.0000,0.0000,0.0000,2374.0000,0.0000,0.0000,0.0000,0.0000,158,0,0,0,0,443,0,0,0,0
zc,WS209,2012-06-04 09:04:45.190,2374.0000,298622,0,0.0000,0.0000,0,0,多换,B,2373.0000,0.0000,0.0000,0.0000,0.0000,2374.0000,0.0000,0.0000,0.0000,0.0000,159,0,0,0,0,443,0,0,0,0
zc,WS209,2012-06-04 09:04:46.520,2373.0000,298626,4,0.0000,4.0000,4,0,双开,S,2373.0000,0.0000,0.0000,0.0000,0.0000,2374.0000,0.0000,0.0000,0.0000,0.0000,157,0,0,0,0,443,0,0,0,0
zc,WS209,2012-06-04 09:04:46.987,2373.0000,298626,0,0.0000,32.0000,16,16,空换,S,2373.0000,0.0000,0.0000,0.0000,0.0000,2374.0000,0.0000,0.0000,0.0000,0.0000,141,0,0,0,0,443,0,0,0,0
zc,WS209,2012-06-04 09:04:49.957,2373.0000,298626,0,0.0000,2.0000,1,1,空换,S,2373.0000,0.0000,0.0000,0.0000,0.0000,2374.0000,0.0000,0.0000,0.0000,0.0000,140,0,0,0,0,443,0,0,0,0
zc,WS209,2012-06-04 09:04:52.457,2374.0000,298628,2,0.0000,2.0000,2,0,双开,B,2373.0000,0.0000,0.0000,0.0000,0.0000,2374.0000,0.0000,0.0000,0.0000,0.0000,140,0,0,0,0,442,0,0,0,0
zc,WS209,2012-06-04 09:04:53.737,2373.0000,298628,0,0.0000,12.0000,6,6,空换,S,2373.0000,0.0000,0.0000,0.0000,0.0000,2374.0000,0.0000,0.0000,0.0000,0.0000,134,0,0,0,0,442,0,0,0,0
zc,WS209,2012-06-04 09:04:54.190,2374.0000,298634,6,0.0000,6.0000,6,0,双开,B,2373.0000,0.0000,0.0000,0.0000,0.0000,2374.0000,0.0000,0.0000,0.0000,0.0000,154,0,0,0,0,439,0,0,0,0
zc,WS209,2012-06-04 09:04:55.003,2374.0000,297860,-774,0.0000,810.0000,18,792,空平,B,2373.0000,0.0000,0.0000,0.0000,0.0000,2374.0000,0.0000,0.0000,0.0000,0.0000,154,0,0,0,0,34,0,0,0,0
zc,WS209,2012-06-04 09:04:55.440,2374.0000,297858,-2,0.0000,12.0000,5,7,空平,B,2373.0000,0.0000,0.0000,0.0000,0.0000,2374.0000,0.0000,0.0000,0.0000,0.0000,149,0,0,0,0,34,0,0,0,0
zc,WS209,2012-06-04 09:04:56.723,2374.0000,297864,6,0.0000,68.0000,37,31,多开,B,2374.0000,0.0000,0.0000,0.0000,0.0000,2375.0000,0.0000,0.0000,0.0000,0.0000,166,0,0,0,0,70,0,0,0,0
zc,WS209,2012-06-04 09:04:57.927,2375.0000,297866,2,0.0000,2.0000,2,0,双开,B,2374.0000,0.0000,0.0000,0.0000,0.0000,2375.0000,0.0000,0.0000,0.0000,0.0000,166,0,0,0,0,69,0,0,0,0
zc,WS209,2012-06-04 09:04:58.427,2374.0000,297902,36,0.0000,48.0000,42,6,空开,S,2374.0000,0.0000,0.0000,0.0000,0.0000,2375.0000,0.0000,0.0000,0.0000,0.0000,146,0,0,0,0,65,0,0,0,0
zc,WS209,2012-06-04 09:05:00.190,2374.0000,297902,0,0.0000,0.0000,0,0,空换,S,2374.0000,0.0000,0.0000,0.0000,0.0000,2375.0000,0.0000,0.0000,0.0000,0.0000,147,0,0,0,0,65,0,0,0,0
zc,WS209,2012-06-04 09:05:00.690,2375.0000,297904,2,0.0000,28.0000,15,13,多开,B,2374.0000,0.0000,0.0000,0.0000,0.0000,2375.0000,0.0000,0.0000,0.0000,0.0000,157,0,0,0,0,52,0,0,0,0
zc,WS209,2012-06-04 09:05:01.457,2375.0000,297902,-2,0.0000,12.0000,5,7,空平,B,2374.0000,0.0000,0.0000,0.0000,0.0000,2375.0000,0.0000,0.0000,0.0000,0.0000,154,0,0,0,0,46,0,0,0,0
zc,WS209,2012-06-04 09:05:01.973,2375.0000,297858,-44,0.0000,96.0000,26,70,空平,B,2375.0000,0.0000,0.0000,0.0000,0.0000,2376.0000,0.0000,0.0000,0.0000,0.0000,359,0,0,0,0,9,0,0,0,0
zc,WS209,2012-06-04 09:05:02.690,2375.0000,297858,0,0.0000,0.0000,0,0,多换,B,2375.0000,0.0000,0.0000,0.0000,0.0000,2376.0000,0.0000,0.0000,0.0000,0.0000,360,0,0,0,0,10,0,0,0,0
zc,WS209,2012-06-04 09:05:03.237,2375.0000,297850,-8,0.0000,8.0000,0,8,双平,B,2375.0000,0.0000,0.0000,0.0000,0.0000,2376.0000,0.0000,0.0000,0.0000,0.0000,356,0,0,0,0,10,0,0,0,0
zc,WS209,2012-06-04 09:05:03.973,2375.0000,297846,-4,0.0000,4.0000,0,4,双平,B,2375.0000,0.0000,0.0000,0.0000,0.0000,2376.0000,0.0000,0.0000,0.0000,0.0000,354,0,0,0,0,10,0,0,0,0
zc,WS209,2012-06-04 09:05:04.520,2375.0000,297846,0,0.0000,0.0000,0,0,多换,B,2375.0000,0.0000,0.0000,0.0000,0.0000,2376.0000,0.0000,0.0000,0.0000,0.0000,354,0,0,0,0,11,0,0,0,0
zc,WS209,2012-06-04 09:05:05.190,2375.0000,297844,-2,0.0000,2.0000,0,2,双平,B,2375.0000,0.0000,0.0000,0.0000,0.0000,2376.0000,0.0000,0.0000,0.0000,0.0000,353,0,0,0,0,12,0,0,0,0
zc,WS209,2012-06-04 09:05:06.177,2376.0000,297844,0,0.0000,2.0000,1,1,多换,B,2375.0000,0.0000,0.0000,0.0000,0.0000,2376.0000,0.0000,0.0000,0.0000,0.0000,353,0,0,0,0,11,0,0,0,0
zc,WS209,2012-06-04 09:05:07.440,2376.0000,297844,0,0.0000,0.0000,0,0,多换,B,2375.0000,0.0000,0.0000,0.0000,0.0000,2376.0000,0.0000,0.0000,0.0000,0.0000,353,0,0,0,0,12,0,0,0,0
zc,WS209,2012-06-04 09:05:08.223,2376.0000,297846,2,0.0000,2.0000,2,0,双开,B,2375.0000,0.0000,0.0000,0.0000,0.0000,2376.0000,0.0000,0.0000,0.0000,0.0000,353,0,0,0,0,11,0,0,0,0
zc,WS209,2012-06-04 09:05:08.690,2376.0000,297854,8,0.0000,16.0000,12,4,多开,B,2375.0000,0.0000,0.0000,0.0000,0.0000,2376.0000,0.0000,0.0000,0.0000,0.0000,352,0,0,0,0,3,0,0,0,0
zc,WS209,2012-06-04 09:05:09.473,2376.0000,297852,-2,0.0000,2.0000,0,2,双平,B,2375.0000,0.0000,0.0000,0.0000,0.0000,2376.0000,0.0000,0.0000,0.0000,0.0000,352,0,0,0,0,2,0,0,0,0
zc,WS209,2012-06-04 09:05:10.003,2376.0000,297852,0,0.0000,6.0000,3,3,多换,B,2375.0000,0.0000,0.0000,0.0000,0.0000,2376.0000,0.0000,0.0000,0.0000,0.0000,352,0,0,0,0,29,0,0,0,0
zc,WS209,2012-06-04 09:05:10.707,2376.0000,297854,2,0.0000,4.0000,3,1,多开,B,2375.0000,0.0000,0.0000,0.0000,0.0000,2376.0000,0.0000,0.0000,0.0000,0.0000,356,0,0,0,0,27,0,0,0,0
zc,WS209,2012-06-04 09:05:12.487,2376.0000,297854,0,0.0000,40.0000,20,20,多换,B,2375.0000,0.0000,0.0000,0.0000,0.0000,2376.0000,0.0000,0.0000,0.0000,0.0000,356,0,0,0,0,7,0,0,0,0
zc,WS209,2012-06-04 09:05:13.190,2376.0000,297858,4,0.0000,4.0000,4,0,双开,B,2375.0000,0.0000,0.0000,0.0000,0.0000,2376.0000,0.0000,0.0000,0.0000,0.0000,356,0,0,0,0,5,0,0,0,0
zc,WS209,2012-06-04 09:05:13.707,2376.0000,297858,0,0.0000,6.0000,3,3,多换,B,2375.0000,0.0000,0.0000,0.0000,0.0000,2376.0000,0.0000,0.0000,0.0000,0.0000,356,0,0,0,0,32,0,0,0,0
zc,WS209,2012-06-04 09:05:14.473,2376.0000,297856,-2,0.0000,10.0000,4,6,空平,B,2375.0000,0.0000,0.0000,0.0000,0.0000,2376.0000,0.0000,0.0000,0.0000,0.0000,356,0,0,0,0,24,0,0,0,0
zc,WS209,2012-06-04 09:05:14.987,2375.0000,297854,-2,0.0000,2.0000,0,2,双平,S,2375.0000,0.0000,0.0000,0.0000,0.0000,2376.0000,0.0000,0.0000,0.0000,0.0000,355,0,0,0,0,24,0,0,0,0
zc,WS209,2012-06-04 09:05:15.737,2376.0000,297854,0,0.0000,2.0000,1,1,多换,B,2375.0000,0.0000,0.0000,0.0000,0.0000,2376.0000,0.0000,0.0000,0.0000,0.0000,355,0,0,0,0,23,0,0,0,0
zc,WS209,2012-06-04 09:05:16.987,2376.0000,297854,0,0.0000,0.0000,0,0,多换,B,2375.0000,0.0000,0.0000,0.0000,0.0000,2376.0000,0.0000,0.0000,0.0000,0.0000,355,0,0,0,0,7,0,0,0,0
zc,WS209,2012-06-04 09:05:17.770,2376.0000,297862,8,0.0000,22.0000,15,7,多开,B,2376.0000,0.0000,0.0000,0.0000,0.0000,2377.0000,0.0000,0.0000,0.0000,0.0000,10,0,0,0,0,61,0,0,0,0
zc,WS209,2012-06-04 09:05:18.253,2376.0000,297860,-2,0.0000,22.0000,10,12,空平,B,2375.0000,0.0000,0.0000,0.0000,0.0000,2377.0000,0.0000,0.0000,0.0000,0.0000,355,0,0,0,0,51,0,0,0,0
zc,WS209,2012-06-04 09:05:19.457,2376.0000,297860,0,0.0000,0.0000,0,0,多换,B,2375.0000,0.0000,0.0000,0.0000,0.0000,2377.0000,0.0000,0.0000,0.0000,0.0000,365,0,0,0,0,51,0,0,0,0
zc,WS209,2012-06-04 09:05:20.253,2376.0000,297860,0,0.0000,0.0000,0,0,多换,B,2375.0000,0.0000,0.0000,0.0000,0.0000,2377.0000,0.0000,0.0000,0.0000,0.0000,366,0,0,0,0,51,0,0,0,0
zc,WS209,2012-06-04 09:05:20.753,2377.0000,297762,-98,0.0000,100.0000,1,99,空平,B,2375.0000,0.0000,0.0000,0.0000,0.0000,2377.0000,0.0000,0.0000,0.0000,0.0000,15,0,0,0,0,32,0,0,0,0
zc,WS209,2012-06-04 09:05:21.457,2376.0000,297762,0,0.0000,2.0000,1,1,空换,S,2376.0000,0.0000,0.0000,0.0000,0.0000,2377.0000,0.0000,0.0000,0.0000,0.0000,350,0,0,0,0,32,0,0,0,0
zc,WS209,2012-06-04 09:05:22.707,2376.0000,297742,-20,0.0000,24.0000,2,22,多平,S,2376.0000,0.0000,0.0000,0.0000,0.0000,2377.0000,0.0000,0.0000,0.0000,0.0000,338,0,0,0,0,32,0,0,0,0
zc,WS209,2012-06-04 09:05:23.207,2376.0000,297742,0,0.0000,0.0000,0,0,空换,S,2376.0000,0.0000,0.0000,0.0000,0.0000,2377.0000,0.0000,0.0000,0.0000,0.0000,338,0,0,0,0,34,0,0,0,0
zc,WS209,2012-06-04 09:05:25.660,2377.0000,297740,-2,0.0000,2.0000,0,2,双平,B,2376.0000,0.0000,0.0000,0.0000,0.0000,2377.0000,0.0000,0.0000,0.0000,0.0000,338,0,0,0,0,33,0,0,0,0
zc,WS209,2012-06-04 09:05:27.223,2377.0000,297738,-2,0.0000,62.0000,30,32,空平,B,2376.0000,0.0000,0.0000,0.0000,0.0000,2377.0000,0.0000,0.0000,0.0000,0.0000,348,0,0,0,0,9,0,0,0,0
zc,WS209,2012-06-04 09:05:27.927,2377.0000,297738,0,0.0000,0.0000,0,0,多换,B,2376.0000,0.0000,0.0000,0.0000,0.0000,2377.0000,0.0000,0.0000,0.0000,0.0000,348,0,0,0,0,11,0,0,0,0
zc,WS209,2012-06-04 09:05:28.457,2377.0000,297740,2,0.0000,4.0000,3,1,多开,B,2376.0000,0.0000,0.0000,0.0000,0.0000,2377.0000,0.0000,0.0000,0.0000,0.0000,10,0,0,0,0,8,0,0,0,0
zc,WS209,2012-06-04 09:05:29.207,2377.0000,297712,-28,0.0000,38.0000,5,33,空平,B,2377.0000,0.0000,0.0000,0.0000,0.0000,2378.0000,0.0000,0.0000,0.0000,0.0000,328,0,0,0,0,230,0,0,0,0
zc,WS209,2012-06-04 09:05:29.440,2377.0000,297712,0,0.0000,0.0000,0,0,多换,B,2377.0000,0.0000,0.0000,0.0000,0.0000,2378.0000,0.0000,0.0000,0.0000,0.0000,328,0,0,0,0,231,0,0,0,0
zc,WS209,2012-06-04 09:05:30.207,2377.0000,297700,-12,0.0000,12.0000,0,12,双平,B,2377.0000,0.0000,0.0000,0.0000,0.0000,2378.0000,0.0000,0.0000,0.0000,0.0000,322,0,0,0,0,231,0,0,0,0
zc,WS209,2012-06-04 09:05:30.737,2377.0000,297700,0,0.0000,0.0000,0,0,多换,B,2377.0000,0.0000,0.0000,0.0000,0.0000,2378.0000,0.0000,0.0000,0.0000,0.0000,323,0,0,0,0,231,0,0,0,0
zc,WS209,2012-06-04 09:05:31.973,2377.0000,297700,0,0.0000,0.0000,0,0,多换,B,2377.0000,0.0000,0.0000,0.0000,0.0000,2378.0000,0.0000,0.0000,0.0000,0.0000,324,0,0,0,0,230,0,0,0,0
zc,WS209,2012-06-04 09:05:32.660,2377.0000,297700,0,0.0000,0.0000,0,0,多换,B,2377.0000,0.0000,0.0000,0.0000,0.0000,2378.0000,0.0000,0.0000,0.0000,0.0000,324,0,0,0,0,231,0,0,0,0
zc,WS209,2012-06-04 09:05:33.520,2377.0000,297700,0,0.0000,0.0000,0,0,多换,B,2377.0000,0.0000,0.0000,0.0000,0.0000,2378.0000,0.0000,0.0000,0.0000,0.0000,328,0,0,0,0,231,0,0,0,0
zc,WS209,2012-06-04 09:05:35.177,2377.0000,297698,-2,0.0000,2.0000,0,2,双平,B,2377.0000,0.0000,0.0000,0.0000,0.0000,2378.0000,0.0000,0.0000,0.0000,0.0000,330,0,0,0,0,231,0,0,0,0
zc,WS209,2012-06-04 09:05:35.987,2377.0000,297698,0,0.0000,8.0000,4,4,多换,B,2377.0000,0.0000,0.0000,0.0000,0.0000,2378.0000,0.0000,0.0000,0.0000,0.0000,326,0,0,0,0,232,0,0,0,0
zc,WS209,2012-06-04 09:05:36.440,2378.0000,297696,-2,0.0000,2.0000,0,2,双平,B,2377.0000,0.0000,0.0000,0.0000,0.0000,2378.0000,0.0000,0.0000,0.0000,0.0000,326,0,0,0,0,231,0,0,0,0
zc,WS209,2012-06-04 09:05:37.177,2378.0000,297696,0,0.0000,2.0000,1,1,多换,B,2377.0000,0.0000,0.0000,0.0000,0.0000,2378.0000,0.0000,0.0000,0.0000,0.0000,326,0,0,0,0,230,0,0,0,0
zc,WS209,2012-06-04 09:05:38.473,2378.0000,297496,-200,0.0000,200.0000,0,200,双平,B,2377.0000,0.0000,0.0000,0.0000,0.0000,2378.0000,0.0000,0.0000,0.0000,0.0000,326,0,0,0,0,130,0,0,0,0
zc,WS209,2012-06-04 09:05:38.723,2378.0000,297494,-2,0.0000,8.0000,3,5,空平,B,2377.0000,0.0000,0.0000,0.0000,0.0000,2378.0000,0.0000,0.0000,0.0000,0.0000,326,0,0,0,0,127,0,0,0,0
zc,WS209,2012-06-04 09:05:39.707,2378.0000,297494,0,0.0000,4.0000,2,2,多换,B,2377.0000,0.0000,0.0000,0.0000,0.0000,2378.0000,0.0000,0.0000,0.0000,0.0000,325,0,0,0,0,126,0,0,0,0
zc,WS209,2012-06-04 09:05:39.987,2377.0000,297492,-2,0.0000,8.0000,3,5,多平,S,2377.0000,0.0000,0.0000,0.0000,0.0000,2378.0000,0.0000,0.0000,0.0000,0.0000,325,0,0,0,0,113,0,0,0,0
zc,WS209,2012-06-04 09:05:40.957,2377.0000,297492,0,0.0000,0.0000,0,0,空换,S,2377.0000,0.0000,0.0000,0.0000,0.0000,2378.0000,0.0000,0.0000,0.0000,0.0000,334,0,0,0,0,113,0,0,0,0
zc,WS209,2012-06-04 09:05:41.177,2378.0000,297482,-10,0.0000,12.0000,1,11,空平,B,2377.0000,0.0000,0.0000,0.0000,0.0000,2378.0000,0.0000,0.0000,0.0000,0.0000,334,0,0,0,0,106,0,0,0,0
zc,WS209,2012-06-04 09:05:41.973,2378.0000,297482,0,0.0000,100.0000,50,50,多换,B,2377.0000,0.0000,0.0000,0.0000,0.0000,2378.0000,0.0000,0.0000,0.0000,0.0000,334,0,0,0,0,56,0,0,0,0
zc,WS209,2012-06-04 09:05:42.737,2378.0000,297478,-4,0.0000,4.0000,0,4,双平,B,2377.0000,0.0000,0.0000,0.0000,0.0000,2378.0000,0.0000,0.0000,0.0000,0.0000,335,0,0,0,0,55,0,0,0,0
zc,WS209,2012-06-04 09:05:43.223,2378.0000,297478,0,0.0000,0.0000,0,0,多换,B,2377.0000,0.0000,0.0000,0.0000,0.0000,2378.0000,0.0000,0.0000,0.0000,0.0000,335,0,0,0,0,56,0,0,0,0
zc,WS209,2012-06-04 09:05:44.003,2378.0000,297478,0,0.0000,2.0000,1,1,多换,B,2377.0000,0.0000,0.0000,0.0000,0.0000,2378.0000,0.0000,0.0000,0.0000,0.0000,335,0,0,0,0,66,0,0,0,0
zc,WS209,2012-06-04 09:05:44.503,2378.0000,297478,0,0.0000,10.0000,5,5,多换,B,2377.0000,0.0000,0.0000,0.0000,0.0000,2378.0000,0.0000,0.0000,0.0000,0.0000,335,0,0,0,0,65,0,0,0,0
zc,WS209,2012-06-04 09:05:45.283,2378.0000,297434,-44,0.0000,46.0000,1,45,空平,B,2377.0000,0.0000,0.0000,0.0000,0.0000,2378.0000,0.0000,0.0000,0.0000,0.0000,347,0,0,0,0,43,0,0,0,0
zc,WS209,2012-06-04 09:05:45.940,2378.0000,297434,0,0.0000,2.0000,1,1,多换,B,2377.0000,0.0000,0.0000,0.0000,0.0000,2378.0000,0.0000,0.0000,0.0000,0.0000,333,0,0,0,0,48,0,0,0,0
zc,WS209,2012-06-04 09:05:46.520,2378.0000,297432,-2,0.0000,8.0000,3,5,空平,B,2377.0000,0.0000,0.0000,0.0000,0.0000,2378.0000,0.0000,0.0000,0.0000,0.0000,333,0,0,0,0,44,0,0,0,0
zc,WS209,2012-06-04 09:05:47.223,2378.0000,297434,2,0.0000,2.0000,2,0,双开,B,2377.0000,0.0000,0.0000,0.0000,0.0000,2378.0000,0.0000,0.0000,0.0000,0.0000,333,0,0,0,0,45,0,0,0,0
zc,WS209,2012-06-04 09:05:48.487,2378.0000,297438,4,0.0000,4.0000,4,0,双开,B,2377.0000,0.0000,0.0000,0.0000,0.0000,2378.0000,0.0000,0.0000,0.0000,0.0000,333,0,0,0,0,43,0,0,0,0
zc,WS209,2012-06-04 09:05:49.253,2378.0000,297438,0,0.0000,0.0000,0,0,多换,B,2377.0000,0.0000,0.0000,0.0000,0.0000,2378.0000,0.0000,0.0000,0.0000,0.0000,325,0,0,0,0,44,0,0,0,0
zc,WS209,2012-06-04 09:05:49.770,2377.0000,297436,-2,0.0000,2.0000,0,2,双平,S,2377.0000,0.0000,0.0000,0.0000,0.0000,2378.0000,0.0000,0.0000,0.0000,0.0000,418,0,0,0,0,44,0,0,0,0
zc,WS209,2012-06-04 09:05:50.473,2378.0000,297436,0,0.0000,2.0000,1,1,多换,B,2377.0000,0.0000,0.0000,0.0000,0.0000,2378.0000,0.0000,0.0000,0.0000,0.0000,422,0,0,0,0,44,0,0,0,0
zc,WS209,2012-06-04 09:05:51.003,2378.0000,297440,4,0.0000,4.0000,4,0,双开,B,2377.0000,0.0000,0.0000,0.0000,0.0000,2378.0000,0.0000,0.0000,0.0000,0.0000,423,0,0,0,0,43,0,0,0,0
zc,WS209,2012-06-04 09:05:51.723,2378.0000,297444,4,0.0000,8.0000,6,2,多开,B,2377.0000,0.0000,0.0000,0.0000,0.0000,2378.0000,0.0000,0.0000,0.0000,0.0000,423,0,0,0,0,39,0,0,0,0
zc,WS209,2012-06-04 09:05:52.223,2378.0000,297444,0,0.0000,0.0000,0,0,多换,B,2377.0000,0.0000,0.0000,0.0000,0.0000,2378.0000,0.0000,0.0000,0.0000,0.0000,339,0,0,0,0,39,0,0,0,0
zc,WS209,2012-06-04 09:05:52.973,2378.0000,297444,0,0.0000,2.0000,1,1,多换,B,2377.0000,0.0000,0.0000,0.0000,0.0000,2378.0000,0.0000,0.0000,0.0000,0.0000,337,0,0,0,0,41,0,0,0,0
zc,WS209,2012-06-04 09:05:53.473,2378.0000,297434,-10,0.0000,10.0000,0,10,双平,B,2377.0000,0.0000,0.0000,0.0000,0.0000,2378.0000,0.0000,0.0000,0.0000,0.0000,353,0,0,0,0,39,0,0,0,0
zc,WS209,2012-06-04 09:05:54.223,2378.0000,297434,0,0.0000,2.0000,1,1,多换,B,2377.0000,0.0000,0.0000,0.0000,0.0000,2378.0000,0.0000,0.0000,0.0000,0.0000,352,0,0,0,0,59,0,0,0,0
zc,WS209,2012-06-04 09:05:54.753,2378.0000,297434,0,0.0000,0.0000,0,0,多换,B,2377.0000,0.0000,0.0000,0.0000,0.0000,2378.0000,0.0000,0.0000,0.0000,0.0000,352,0,0,0,0,69,0,0,0,0
zc,WS209,2012-06-04 09:05:55.473,2378.0000,297440,6,0.0000,20.0000,13,7,多开,B,2377.0000,0.0000,0.0000,0.0000,0.0000,2378.0000,0.0000,0.0000,0.0000,0.0000,351,0,0,0,0,59,0,0,0,0
zc,WS209,2012-06-04 09:05:55.957,2378.0000,297440,0,0.0000,24.0000,12,12,多换,B,2377.0000,0.0000,0.0000,0.0000,0.0000,2378.0000,0.0000,0.0000,0.0000,0.0000,326,0,0,0,0,47,0,0,0,0
zc,WS209,2012-06-04 09:05:56.753,2377.0000,297428,-12,0.0000,12.0000,0,12,双平,S,2377.0000,0.0000,0.0000,0.0000,0.0000,2378.0000,0.0000,0.0000,0.0000,0.0000,322,0,0,0,0,77,0,0,0,0
zc,WS209,2012-06-04 09:05:57.270,2378.0000,297432,4,0.0000,6.0000,5,1,多开,B,2377.0000,0.0000,0.0000,0.0000,0.0000,2378.0000,0.0000,0.0000,0.0000,0.0000,323,0,0,0,0,74,0,0,0,0
zc,WS209,2012-06-04 09:05:57.987,2378.0000,297432,0,0.0000,0.0000,0,0,多换,B,2377.0000,0.0000,0.0000,0.0000,0.0000,2378.0000,0.0000,0.0000,0.0000,0.0000,320,0,0,0,0,84,0,0,0,0
zc,WS209,2012-06-04 09:05:58.440,2377.0000,297426,-6,0.0000,6.0000,0,6,双平,S,2377.0000,0.0000,0.0000,0.0000,0.0000,2378.0000,0.0000,0.0000,0.0000,0.0000,320,0,0,0,0,86,0,0,0,0
zc,WS209,2012-06-04 09:05:58.973,2378.0000,297424,-2,0.0000,4.0000,1,3,空平,B,2377.0000,0.0000,0.0000,0.0000,0.0000,2378.0000,0.0000,0.0000,0.0000,0.0000,319,0,0,0,0,85,0,0,0,0
zc,WS209,2012-06-04 09:05:59.770,2377.0000,297414,-10,0.0000,10.0000,0,10,双平,S,2377.0000,0.0000,0.0000,0.0000,0.0000,2378.0000,0.0000,0.0000,0.0000,0.0000,317,0,0,0,0,86,0,0,0,0
zc,WS209,2012-06-04 09:06:00.223,2378.0000,297414,0,0.0000,2.0000,1,1,多换,B,2377.0000,0.0000,0.0000,0.0000,0.0000,2378.0000,0.0000,0.0000,0.0000,0.0000,317,0,0,0,0,85,0,0,0,0
zc,WS209,2012-06-04 09:06:00.987,2378.0000,297414,0,0.0000,0.0000,0,0,多换,B,2377.0000,0.0000,0.0000,0.0000,0.0000,2378.0000,0.0000,0.0000,0.0000,0.0000,317,0,0,0,0,87,0,0,0,0
zc,WS209,2012-06-04 09:06:01.440,2379.0000,297416,2,0.0000,430.0000,216,214,多开,B,2377.0000,0.0000,0.0000,0.0000,0.0000,2379.0000,0.0000,0.0000,0.0000,0.0000,318,0,0,0,0,201,0,0,0,0
zc,WS209,2012-06-04 09:06:02.207,2377.0000,297402,-14,0.0000,16.0000,1,15,多平,S,2377.0000,0.0000,0.0000,0.0000,0.0000,2379.0000,0.0000,0.0000,0.0000,0.0000,311,0,0,0,0,207,0,0,0,0
zc,WS209,2012-06-04 09:06:02.723,2378.0000,297402,0,0.0000,12.0000,6,6,多换,B,2378.0000,0.0000,0.0000,0.0000,0.0000,2379.0000,0.0000,0.0000,0.0000,0.0000,29,0,0,0,0,202,0,0,0,0
zc,WS209,2012-06-04 09:06:03.487,2378.0000,297412,10,0.0000,10.0000,10,0,双开,B,2378.0000,0.0000,0.0000,0.0000,0.0000,2379.0000,0.0000,0.0000,0.0000,0.0000,24,0,0,0,0,202,0,0,0,0
zc,WS209,2012-06-04 09:06:03.957,2378.0000,297416,4,0.0000,6.0000,5,1,多开,B,2378.0000,0.0000,0.0000,0.0000,0.0000,2379.0000,0.0000,0.0000,0.0000,0.0000,22,0,0,0,0,193,0,0,0,0
zc,WS209,2012-06-04 09:06:04.457,2378.0000,297420,4,0.0000,38.0000,21,17,多开,B,2378.0000,0.0000,0.0000,0.0000,0.0000,2379.0000,0.0000,0.0000,0.0000,0.0000,3,0,0,0,0,193,0,0,0,0
zc,WS209,2012-06-04 09:06:05.253,2379.0000,297420,0,0.0000,64.0000,32,32,多换,B,2378.0000,0.0000,0.0000,0.0000,0.0000,2379.0000,0.0000,0.0000,0.0000,0.0000,31,0,0,0,0,173,0,0,0,0
zc,WS209,2012-06-04 09:06:06.427,2378.0000,297422,2,0.0000,4.0000,3,1,空开,S,2378.0000,0.0000,0.0000,0.0000,0.0000,2379.0000,0.0000,0.0000,0.0000,0.0000,29,0,0,0,0,173,0,0,0,0
zc,WS209,2012-06-04 09:06:07.237,2379.0000,297412,-10,0.0000,98.0000,44,54,空平,B,2378.0000,0.0000,0.0000,0.0000,0.0000,2379.0000,0.0000,0.0000,0.0000,0.0000,1,0,0,0,0,124,0,0,0,0
zc,WS209,2012-06-04 09:06:07.677,2378.0000,297412,0,0.0000,4.0000,2,2,空换,S,2377.0000,0.0000,0.0000,0.0000,0.0000,2379.0000,0.0000,0.0000,0.0000,0.0000,426,0,0,0,0,122,0,0,0,0
zc,WS209,2012-06-04 09:06:08.503,2379.0000,297392,-20,0.0000,22.0000,1,21,空平,B,2377.0000,0.0000,0.0000,0.0000,0.0000,2379.0000,0.0000,0.0000,0.0000,0.0000,424,0,0,0,0,111,0,0,0,0
zc,WS209,2012-06-04 09:06:08.927,2379.0000,297392,0,0.0000,0.0000,0,0,多换,B,2377.0000,0.0000,0.0000,0.0000,0.0000,2379.0000,0.0000,0.0000,0.0000,0.0000,423,0,0,0,0,116,0,0,0,0
zc,WS209,2012-06-04 09:06:09.677,2379.0000,297182,-210,0.0000,214.0000,2,212,空平,B,2378.0000,0.0000,0.0000,0.0000,0.0000,2379.0000,0.0000,0.0000,0.0000,0.0000,5,0,0,0,0,9,0,0,0,0
zc,WS209,2012-06-04 09:06:10.440,2379.0000,297182,0,0.0000,16.0000,8,8,多换,B,2378.0000,0.0000,0.0000,0.0000,0.0000,2379.0000,0.0000,0.0000,0.0000,0.0000,5,0,0,0,0,1,0,0,0,0
zc,WS209,2012-06-04 09:06:11.957,2378.0000,297182,0,0.0000,28.0000,14,14,空换,S,2378.0000,0.0000,0.0000,0.0000,0.0000,2379.0000,0.0000,0.0000,0.0000,0.0000,83,0,0,0,0,1,0,0,0,0
zc,WS209,2012-06-04 09:06:12.723,2379.0000,297182,0,0.0000,2.0000,1,1,多换,B,2378.0000,0.0000,0.0000,0.0000,0.0000,2379.0000,0.0000,0.0000,0.0000,0.0000,193,0,0,0,0,5,0,0,0,0
zc,WS209,2012-06-04 09:06:12.927,2379.0000,297182,0,0.0000,2.0000,1,1,多换,B,2378.0000,0.0000,0.0000,0.0000,0.0000,2379.0000,0.0000,0.0000,0.0000,0.0000,195,0,0,0,0,4,0,0,0,0
zc,WS209,2012-06-04 09:06:13.690,2379.0000,297182,0,0.0000,8.0000,4,4,多换,B,2379.0000,0.0000,0.0000,0.0000,0.0000,2380.0000,0.0000,0.0000,0.0000,0.0000,118,0,0,0,0,274,0,0,0,0
zc,WS209,2012-06-04 09:06:14.143,2379.0000,297184,2,0.0000,2.0000,2,0,双开,B,2379.0000,0.0000,0.0000,0.0000,0.0000,2380.0000,0.0000,0.0000,0.0000,0.0000,150,0,0,0,0,274,0,0,0,0
zc,WS209,2012-06-04 09:06:14.973,2379.0000,297186,2,0.0000,6.0000,4,2,多开,B,2379.0000,0.0000,0.0000,0.0000,0.0000,2380.0000,0.0000,0.0000,0.0000,0.0000,108,0,0,0,0,283,0,0,0,0
zc,WS209,2012-06-04 09:06:15.427,2379.0000,297186,0,0.0000,16.0000,8,8,多换,B,2379.0000,0.0000,0.0000,0.0000,0.0000,2380.0000,0.0000,0.0000,0.0000,0.0000,104,0,0,0,0,282,0,0,0,0
zc,WS209,2012-06-04 09:06:16.207,2379.0000,297188,2,0.0000,4.0000,3,1,多开,B,2379.0000,0.0000,0.0000,0.0000,0.0000,2380.0000,0.0000,0.0000,0.0000,0.0000,106,0,0,0,0,282,0,0,0,0
zc,WS209,2012-06-04 09:06:16.677,2380.0000,297188,0,0.0000,2.0000,1,1,多换,B,2379.0000,0.0000,0.0000,0.0000,0.0000,2380.0000,0.0000,0.0000,0.0000,0.0000,83,0,0,0,0,281,0,0,0,0
zc,WS209,2012-06-04 09:06:17.207,2380.0000,296728,-460,0.0000,562.0000,51,511,空平,B,2380.0000,0.0000,0.0000,0.0000,0.0000,2381.0000,0.0000,0.0000,0.0000,0.0000,13,0,0,0,0,22,0,0,0,0
zc,WS209,2012-06-04 09:06:17.987,2380.0000,296726,-2,0.0000,4.0000,1,3,空平,B,2380.0000,0.0000,0.0000,0.0000,0.0000,2381.0000,0.0000,0.0000,0.0000,0.0000,11,0,0,0,0,23,0,0,0,0
zc,WS209,2012-06-04 09:06:18.487,2380.0000,296726,0,0.0000,0.0000,0,0,多换,B,2380.0000,0.0000,0.0000,0.0000,0.0000,2381.0000,0.0000,0.0000,0.0000,0.0000,12,0,0,0,0,23,0,0,0,0
zc,WS209,2012-06-04 09:06:19.160,2380.0000,296726,0,0.0000,0.0000,0,0,多换,B,2380.0000,0.0000,0.0000,0.0000,0.0000,2381.0000,0.0000,0.0000,0.0000,0.0000,17,0,0,0,0,23,0,0,0,0
zc,WS209,2012-06-04 09:06:19.707,2380.0000,296724,-2,0.0000,2.0000,0,2,双平,B,2380.0000,0.0000,0.0000,0.0000,0.0000,2381.0000,0.0000,0.0000,0.0000,0.0000,17,0,0,0,0,23,0,0,0,0
zc,WS209,2012-06-04 09:06:20.457,2382.0000,296726,2,0.0000,50.0000,26,24,多开,B,2381.0000,0.0000,0.0000,0.0000,0.0000,2382.0000,0.0000,0.0000,0.0000,0.0000,1,0,0,0,0,217,0,0,0,0
zc,WS209,2012-06-04 09:06:20.927,2382.0000,296724,-2,0.0000,4.0000,1,3,空平,B,2381.0000,0.0000,0.0000,0.0000,0.0000,2382.0000,0.0000,0.0000,0.0000,0.0000,50,0,0,0,0,217,0,0,0,0
zc,WS209,2012-06-04 09:06:21.707,2381.0000,296724,0,0.0000,4.0000,2,2,空换,S,2381.0000,0.0000,0.0000,0.0000,0.0000,2382.0000,0.0000,0.0000,0.0000,0.0000,50,0,0,0,0,217,0,0,0,0
zc,WS209,2012-06-04 09:06:22.207,2382.0000,296724,0,0.0000,2.0000,1,1,多换,B,2381.0000,0.0000,0.0000,0.0000,0.0000,2382.0000,0.0000,0.0000,0.0000,0.0000,52,0,0,0,0,216,0,0,0,0
zc,WS209,2012-06-04 09:06:23.003,2382.0000,296724,0,0.0000,0.0000,0,0,多换,B,2381.0000,0.0000,0.0000,0.0000,0.0000,2382.0000,0.0000,0.0000,0.0000,0.0000,61,0,0,0,0,221,0,0,0,0
zc,WS209,2012-06-04 09:06:23.440,2382.0000,296724,0,0.0000,2.0000,1,1,多换,B,2381.0000,0.0000,0.0000,0.0000,0.0000,2382.0000,0.0000,0.0000,0.0000,0.0000,68,0,0,0,0,220,0,0,0,0
zc,WS209,2012-06-04 09:06:23.973,2382.0000,296724,0,0.0000,2.0000,1,1,多换,B,2381.0000,0.0000,0.0000,0.0000,0.0000,2382.0000,0.0000,0.0000,0.0000,0.0000,70,0,0,0,0,219,0,0,0,0
zc,WS209,2012-06-04 09:06:24.690,2382.0000,296714,-10,0.0000,14.0000,2,12,空平,B,2381.0000,0.0000,0.0000,0.0000,0.0000,2382.0000,0.0000,0.0000,0.0000,0.0000,69,0,0,0,0,213,0,0,0,0
zc,WS209,2012-06-04 09:06:25.207,2381.0000,296714,0,0.0000,12.0000,6,6,空换,S,2381.0000,0.0000,0.0000,0.0000,0.0000,2382.0000,0.0000,0.0000,0.0000,0.0000,64,0,0,0,0,209,0,0,0,0
zc,WS209,2012-06-04 09:06:26.020,2382.0000,296808,94,0.0000,130.0000,112,18,多开,B,2381.0000,0.0000,0.0000,0.0000,0.0000,2382.0000,0.0000,0.0000,0.0000,0.0000,1,0,0,0,0,205,0,0,0,0
zc,WS209,2012-06-04 09:06:26.473,2381.0000,296810,2,0.0000,4.0000,3,1,空开,S,2380.0000,0.0000,0.0000,0.0000,0.0000,2381.0000,0.0000,0.0000,0.0000,0.0000,19,0,0,0,0,29,0,0,0,0
zc,WS209,2012-06-04 09:06:27.237,2381.0000,296812,2,0.0000,14.0000,8,6,空开,S,2380.0000,0.0000,0.0000,0.0000,0.0000,2381.0000,0.0000,0.0000,0.0000,0.0000,13,0,0,0,0,30,0,0,0,0
zc,WS209,2012-06-04 09:06:27.723,2379.0000,296804,-8,0.0000,28.0000,10,18,多平,S,2379.0000,0.0000,0.0000,0.0000,0.0000,2381.0000,0.0000,0.0000,0.0000,0.0000,26,0,0,0,0,33,0,0,0,0
zc,WS209,2012-06-04 09:06:28.503,2381.0000,296808,4,0.0000,4.0000,4,0,双开,B,2379.0000,0.0000,0.0000,0.0000,0.0000,2381.0000,0.0000,0.0000,0.0000,0.0000,11,0,0,0,0,31,0,0,0,0
zc,WS209,2012-06-04 09:06:28.973,2379.0000,296808,0,0.0000,2.0000,1,1,空换,S,2379.0000,0.0000,0.0000,0.0000,0.0000,2381.0000,0.0000,0.0000,0.0000,0.0000,3,0,0,0,0,32,0,0,0,0
zc,WS209,2012-06-04 09:06:29.737,2379.0000,296808,0,0.0000,0.0000,0,0,空换,S,2379.0000,0.0000,0.0000,0.0000,0.0000,2380.0000,0.0000,0.0000,0.0000,0.0000,5,0,0,0,0,2,0,0,0,0
zc,WS209,2012-06-04 09:06:30.177,2380.0000,296810,2,0.0000,2.0000,2,0,双开,B,2379.0000,0.0000,0.0000,0.0000,0.0000,2380.0000,0.0000,0.0000,0.0000,0.0000,5,0,0,0,0,1,0,0,0,0
zc,WS209,2012-06-04 09:06:30.940,2380.0000,296812,2,0.0000,2.0000,2,0,双开,B,2379.0000,0.0000,0.0000,0.0000,0.0000,2380.0000,0.0000,0.0000,0.0000,0.0000,5,0,0,0,0,2,0,0,0,0
zc,WS209,2012-06-04 09:06:31.190,2380.0000,296812,0,0.0000,0.0000,0,0,多换,B,2379.0000,0.0000,0.0000,0.0000,0.0000,2380.0000,0.0000,0.0000,0.0000,0.0000,5,0,0,0,0,5,0,0,0,0
zc,WS209,2012-06-04 09:06:31.973,2380.0000,296812,0,0.0000,0.0000,0,0,多换,B,2379.0000,0.0000,0.0000,0.0000,0.0000,2380.0000,0.0000,0.0000,0.0000,0.0000,5,0,0,0,0,6,0,0,0,0
zc,WS209,2012-06-04 09:06:32.410,2380.0000,296812,0,0.0000,0.0000,0,0,多换,B,2379.0000,0.0000,0.0000,0.0000,0.0000,2380.0000,0.0000,0.0000,0.0000,0.0000,5,0,0,0,0,7,0,0,0,0
zc,WS209,2012-06-04 09:06:33.223,2380.0000,296812,0,0.0000,2.0000,1,1,多换,B,2379.0000,0.0000,0.0000,0.0000,0.0000,2380.0000,0.0000,0.0000,0.0000,0.0000,5,0,0,0,0,6,0,0,0,0
zc,WS209,2012-06-04 09:06:33.723,2380.0000,296810,-2,0.0000,4.0000,1,3,空平,B,2379.0000,0.0000,0.0000,0.0000,0.0000,2380.0000,0.0000,0.0000,0.0000,0.0000,4,0,0,0,0,5,0,0,0,0
zc,WS209,2012-06-04 09:06:34.190,2380.0000,296810,0,0.0000,0.0000,0,0,多换,B,2379.0000,0.0000,0.0000,0.0000,0.0000,2380.0000,0.0000,0.0000,0.0000,0.0000,4,0,0,0,0,6,0,0,0,0
zc,WS209,2012-06-04 09:06:35.457,2380.0000,296810,0,0.0000,0.0000,0,0,多换,B,2379.0000,0.0000,0.0000,0.0000,0.0000,2380.0000,0.0000,0.0000,0.0000,0.0000,5,0,0,0,0,6,0,0,0,0
zc,WS209,2012-06-04 09:06:35.893,2380.0000,296810,0,0.0000,0.0000,0,0,多换,B,2379.0000,0.0000,0.0000,0.0000,0.0000,2380.0000,0.0000,0.0000,0.0000,0.0000,5,0,0,0,0,15,0,0,0,0
zc,WS209,2012-06-04 09:06:36.457,2380.0000,296810,0,0.0000,0.0000,0,0,多换,B,2379.0000,0.0000,0.0000,0.0000,0.0000,2380.0000,0.0000,0.0000,0.0000,0.0000,33,0,0,0,0,15,0,0,0,0
zc,WS209,2012-06-04 09:06:37.177,2379.0000,296810,0,0.0000,6.0000,3,3,空换,S,2379.0000,0.0000,0.0000,0.0000,0.0000,2380.0000,0.0000,0.0000,0.0000,0.0000,31,0,0,0,0,15,0,0,0,0
zc,WS209,2012-06-04 09:06:37.737,2379.0000,296810,0,0.0000,0.0000,0,0,空换,S,2379.0000,0.0000,0.0000,0.0000,0.0000,2380.0000,0.0000,0.0000,0.0000,0.0000,31,0,0,0,0,16,0,0,0,0
zc,WS209,2012-06-04 09:06:38.440,2380.0000,296802,-8,0.0000,14.0000,3,11,空平,B,2379.0000,0.0000,0.0000,0.0000,0.0000,2380.0000,0.0000,0.0000,0.0000,0.0000,31,0,0,0,0,9,0,0,0,0
zc,WS209,2012-06-04 09:06:38.957,2379.0000,296774,-28,0.0000,30.0000,1,29,多平,S,2379.0000,0.0000,0.0000,0.0000,0.0000,2380.0000,0.0000,0.0000,0.0000,0.0000,16,0,0,0,0,23,0,0,0,0
zc,WS209,2012-06-04 09:06:39.473,2379.0000,296778,4,0.0000,50.0000,27,23,空开,S,2379.0000,0.0000,0.0000,0.0000,0.0000,2380.0000,0.0000,0.0000,0.0000,0.0000,11,0,0,0,0,8,0,0,0,0
zc,WS209,2012-06-04 09:06:40.207,2379.0000,296778,0,0.0000,10.0000,5,5,空换,S,2379.0000,0.0000,0.0000,0.0000,0.0000,2380.0000,0.0000,0.0000,0.0000,0.0000,7,0,0,0,0,7,0,0,0,0
zc,WS209,2012-06-04 09:06:40.753,2380.0000,296782,4,0.0000,26.0000,15,11,多开,B,2380.0000,0.0000,0.0000,0.0000,0.0000,2381.0000,0.0000,0.0000,0.0000,0.0000,27,0,0,0,0,74,0,0,0,0
zc,WS209,2012-06-04 09:06:41.487,2380.0000,296784,2,0.0000,42.0000,22,20,多开,B,2380.0000,0.0000,0.0000,0.0000,0.0000,2381.0000,0.0000,0.0000,0.0000,0.0000,6,0,0,0,0,124,0,0,0,0
zc,WS209,2012-06-04 09:06:42.427,2380.0000,296784,0,0.0000,12.0000,6,6,多换,B,2379.0000,0.0000,0.0000,0.0000,0.0000,2381.0000,0.0000,0.0000,0.0000,0.0000,4,0,0,0,0,119,0,0,0,0
zc,WS209,2012-06-04 09:06:42.940,2379.0000,296784,0,0.0000,2.0000,1,1,空换,S,2379.0000,0.0000,0.0000,0.0000,0.0000,2380.0000,0.0000,0.0000,0.0000,0.0000,5,0,0,0,0,80,0,0,0,0
zc,WS209,2012-06-04 09:06:43.723,2380.0000,296784,0,0.0000,20.0000,10,10,多换,B,2379.0000,0.0000,0.0000,0.0000,0.0000,2380.0000,0.0000,0.0000,0.0000,0.0000,5,0,0,0,0,97,0,0,0,0
zc,WS209,2012-06-04 09:06:44.190,2380.0000,296784,0,0.0000,0.0000,0,0,多换,B,2379.0000,0.0000,0.0000,0.0000,0.0000,2380.0000,0.0000,0.0000,0.0000,0.0000,5,0,0,0,0,82,0,0,0,0
zc,WS209,2012-06-04 09:06:45.473,2380.0000,296784,0,0.0000,0.0000,0,0,多换,B,2379.0000,0.0000,0.0000,0.0000,0.0000,2380.0000,0.0000,0.0000,0.0000,0.0000,5,0,0,0,0,85,0,0,0,0
zc,WS209,2012-06-04 09:06:45.940,2379.0000,296790,6,0.0000,6.0000,6,0,双开,S,2379.0000,0.0000,0.0000,0.0000,0.0000,2380.0000,0.0000,0.0000,0.0000,0.0000,2,0,0,0,0,85,0,0,0,0
zc,WS209,2012-06-04 09:06:46.690,2379.0000,296790,0,0.0000,0.0000,0,0,空换,S,2379.0000,0.0000,0.0000,0.0000,0.0000,2380.0000,0.0000,0.0000,0.0000,0.0000,3,0,0,0,0,85,0,0,0,0
zc,WS209,2012-06-04 09:06:47.207,2379.0000,296790,0,0.0000,2.0000,1,1,空换,S,2379.0000,0.0000,0.0000,0.0000,0.0000,2380.0000,0.0000,0.0000,0.0000,0.0000,2,0,0,0,0,85,0,0,0,0
zc,WS209,2012-06-04 09:06:48.020,2379.0000,296790,0,0.0000,0.0000,0,0,空换,S,2379.0000,0.0000,0.0000,0.0000,0.0000,2380.0000,0.0000,0.0000,0.0000,0.0000,2,0,0,0,0,86,0,0,0,0
zc,WS209,2012-06-04 09:06:48.207,2380.0000,296794,4,0.0000,4.0000,4,0,双开,B,2379.0000,0.0000,0.0000,0.0000,0.0000,2380.0000,0.0000,0.0000,0.0000,0.0000,2,0,0,0,0,84,0,0,0,0
zc,WS209,2012-06-04 09:06:49.457,2380.0000,296794,0,0.0000,0.0000,0,0,多换,B,2379.0000,0.0000,0.0000,0.0000,0.0000,2380.0000,0.0000,0.0000,0.0000,0.0000,502,0,0,0,0,94,0,0,0,0
zc,WS209,2012-06-04 09:06:50.190,2380.0000,296794,0,0.0000,0.0000,0,0,多换,B,2379.0000,0.0000,0.0000,0.0000,0.0000,2380.0000,0.0000,0.0000,0.0000,0.0000,503,0,0,0,0,111,0,0,0,0
zc,WS209,2012-06-04 09:06:51.003,2380.0000,296794,0,0.0000,2.0000,1,1,多换,B,2379.0000,0.0000,0.0000,0.0000,0.0000,2380.0000,0.0000,0.0000,0.0000,0.0000,503,0,0,0,0,122,0,0,0,0
