市场代码,合约代码,时间,最新,持仓,增仓,成交额,成交量,开仓,平仓,成交类型,方向,买一价,买二价,买三价,买四价,买五价,卖一价,卖二价,卖三价,卖四价,卖五价,买一量,买二量,买三量,买四量,买五量,卖一量,卖二量,卖三量,卖四量,卖五量
zc,WS301,2012-06-04 07:46:31.067,0.0000,235272,0,0.0000,0.0000,0,0,空换,S,0.0000,0.0000,0.0000,0.0000,0.0000,0.0000,0.0000,0.0000,0.0000,0.0000,0,0,0,0,0,0,0,0,0,0
zc,WS301,2012-06-04 07:47:31.067,0.0000,235272,0,0.0000,0.0000,0,0,空换,S,0.0000,0.0000,0.0000,0.0000,0.0000,0.0000,0.0000,0.0000,0.0000,0.0000,0,0,0,0,0,0,0,0,0,0
zc,WS301,2012-06-04 07:48:31.067,0.0000,235272,0,0.0000,0.0000,0,0,空换,S,0.0000,0.0000,0.0000,0.0000,0.0000,0.0000,0.0000,0.0000,0.0000,0.0000,0,0,0,0,0,0,0,0,0,0
zc,WS301,2012-06-04 07:49:31.067,0.0000,235272,0,0.0000,0.0000,0,0,空换,S,0.0000,0.0000,0.0000,0.0000,0.0000,0.0000,0.0000,0.0000,0.0000,0.0000,0,0,0,0,0,0,0,0,0,0
zc,WS301,2012-06-04 07:50:31.067,0.0000,235272,0,0.0000,0.0000,0,0,空换,S,0.0000,0.0000,0.0000,0.0000,0.0000,0.0000,0.0000,0.0000,0.0000,0.0000,0,0,0,0,0,0,0,0,0,0
zc,WS301,2012-06-04 07:57:44.440,0.0000,235272,0,0.0000,0.0000,0,0,空换,S,0.0000,0.0000,0.0000,0.0000,0.0000,0.0000,0.0000,0.0000,0.0000,0.0000,0,0,0,0,0,0,0,0,0,0
zc,WS301,2012-06-04 08:01:46.410,0.0000,235272,0,0.0000,0.0000,0,0,空换,S,0.0000,0.0000,0.0000,0.0000,0.0000,0.0000,0.0000,0.0000,0.0000,0.0000,0,0,0,0,0,0,0,0,0,0
zc,WS301,2012-06-04 08:04:46.410,0.0000,235272,0,0.0000,0.0000,0,0,空换,S,0.0000,0.0000,0.0000,0.0000,0.0000,0.0000,0.0000,0.0000,0.0000,0.0000,0,0,0,0,0,0,0,0,0,0
zc,WS301,2012-06-04 08:05:46.410,0.0000,235272,0,0.0000,0.0000,0,0,空换,S,0.0000,0.0000,0.0000,0.0000,0.0000,0.0000,0.0000,0.0000,0.0000,0.0000,0,0,0,0,0,0,0,0,0,0
zc,WS301,2012-06-04 08:06:46.410,0.0000,235272,0,0.0000,0.0000,0,0,空换,S,0.0000,0.0000,0.0000,0.0000,0.0000,0.0000,0.0000,0.0000,0.0000,0.0000,0,0,0,0,0,0,0,0,0,0
zc,WS301,2012-06-04 08:10:46.393,0.0000,235272,0,0.0000,0.0000,0,0,空换,S,0.0000,0.0000,0.0000,0.0000,0.0000,0.0000,0.0000,0.0000,0.0000,0.0000,0,0,0,0,0,0,0,0,0,0
zc,WS301,2012-06-04 08:22:46.393,0.0000,235272,0,0.0000,0.0000,0,0,空换,S,0.0000,0.0000,0.0000,0.0000,0.0000,0.0000,0.0000,0.0000,0.0000,0.0000,0,0,0,0,0,0,0,0,0,0
zc,WS301,2012-06-04 08:35:46.377,0.0000,235272,0,0.0000,0.0000,0,0,空换,S,0.0000,0.0000,0.0000,0.0000,0.0000,0.0000,0.0000,0.0000,0.0000,0.0000,0,0,0,0,0,0,0,0,0,0
zc,WS301,2012-06-04 08:47:46.363,0.0000,235272,0,0.0000,0.0000,0,0,空换,S,0.0000,0.0000,0.0000,0.0000,0.0000,0.0000,0.0000,0.0000,0.0000,0.0000,0,0,0,0,0,0,0,0,0,0
zc,WS301,2012-06-04 08:49:46.363,0.0000,235272,0,0.0000,0.0000,0,0,空换,S,0.0000,0.0000,0.0000,0.0000,0.0000,0.0000,0.0000,0.0000,0.0000,0.0000,0,0,0,0,0,0,0,0,0,0
zc,WS301,2012-06-04 08:55:01.627,0.0000,235272,0,0.0000,0.0000,0,0,空换,S,0.0000,0.0000,0.0000,0.0000,0.0000,0.0000,0.0000,0.0000,0.0000,0.0000,0,0,0,0,0,0,0,0,0,0
zc,WS301,2012-06-04 08:55:02.143,0.0000,235272,0,0.0000,0.0000,0,0,空换,S,0.0000,0.0000,0.0000,0.0000,0.0000,0.0000,0.0000,0.0000,0.0000,0.0000,0,0,0,0,0,0,0,0,0,0
zc,WS301,2012-06-04 08:55:02.613,0.0000,235272,0,0.0000,0.0000,0,0,空换,S,0.0000,0.0000,0.0000,0.0000,0.0000,0.0000,0.0000,0.0000,0.0000,0.0000,0,0,0,0,0,0,0,0,0,0
zc,WS301,2012-06-04 08:55:03.847,0.0000,235272,0,0.0000,0.0000,0,0,空换,S,0.0000,0.0000,0.0000,0.0000,0.0000,0.0000,0.0000,0.0000,0.0000,0.0000,0,0,0,0,0,0,0,0,0,0
zc,WS301,2012-06-04 08:55:05.597,0.0000,235272,0,0.0000,0.0000,0,0,空换,S,0.0000,0.0000,0.0000,0.0000,0.0000,0.0000,0.0000,0.0000,0.0000,0.0000,0,0,0,0,0,0,0,0,0,0
zc,WS301,2012-06-04 08:55:46.377,0.0000,235272,0,0.0000,0.0000,0,0,空换,S,0.0000,0.0000,0.0000,0.0000,0.0000,0.0000,0.0000,0.0000,0.0000,0.0000,0,0,0,0,0,0,0,0,0,0
zc,WS301,2012-06-04 08:55:59.347,0.0000,235272,0,0.0000,0.0000,0,0,空换,S,0.0000,0.0000,0.0000,0.0000,0.0000,0.0000,0.0000,0.0000,0.0000,0.0000,0,0,0,0,0,0,0,0,0,0
zc,WS301,2012-06-04 08:56:10.097,0.0000,235272,0,0.0000,0.0000,0,0,空换,S,0.0000,0.0000,0.0000,0.0000,0.0000,0.0000,0.0000,0.0000,0.0000,0.0000,0,0,0,0,0,0,0,0,0,0
zc,WS301,2012-06-04 08:56:17.597,0.0000,235272,0,0.0000,0.0000,0,0,空换,S,0.0000,0.0000,0.0000,0.0000,0.0000,0.0000,0.0000,0.0000,0.0000,0.0000,0,0,0,0,0,0,0,0,0,0
zc,WS301,2012-06-04 08:56:19.613,0.0000,235272,0,0.0000,0.0000,0,0,空换,S,0.0000,0.0000,0.0000,0.0000,0.0000,0.0000,0.0000,0.0000,0.0000,0.0000,0,0,0,0,0,0,0,0,0,0
zc,WS301,2012-06-04 08:57:04.863,0.0000,235272,0,0.0000,0.0000,0,0,空换,S,0.0000,0.0000,0.0000,0.0000,0.0000,0.0000,0.0000,0.0000,0.0000,0.0000,0,0,0,0,0,0,0,0,0,0
zc,WS301,2012-06-04 08:57:10.363,0.0000,235272,0,0.0000,0.0000,0,0,空换,S,0.0000,0.0000,0.0000,0.0000,0.0000,0.0000,0.0000,0.0000,0.0000,0.0000,0,0,0,0,0,0,0,0,0,0
zc,WS301,2012-06-04 08:58:36.863,0.0000,235272,0,0.0000,0.0000,0,0,空换,S,0.0000,0.0000,0.0000,0.0000,0.0000,0.0000,0.0000,0.0000,0.0000,0.0000,0,0,0,0,0,0,0,0,0,0
zc,WS301,2012-06-04 08:58:45.347,0.0000,235272,0,0.0000,0.0000,0,0,空换,S,0.0000,0.0000,0.0000,0.0000,0.0000,0.0000,0.0000,0.0000,0.0000,0.0000,0,0,0,0,0,0,0,0,0,0
zc,WS301,2012-06-04 09:00:00.927,2469.0000,235388,116,0.0000,1212.0000,664,548,多开,B,2468.0000,0.0000,0.0000,0.0000,0.0000,2469.0000,0.0000,0.0000,0.0000,0.0000,83,0,0,0,0,4,0,0,0,0
zc,WS301,2012-06-04 09:00:01.830,2468.0000,235394,6,0.0000,544.0000,275,269,空开,S,2468.0000,0.0000,0.0000,0.0000,0.0000,2469.0000,0.0000,0.0000,0.0000,0.0000,32,0,0,0,0,105,0,0,0,0
zc,WS301,2012-06-04 09:00:03.347,2467.0000,235514,120,0.0000,856.0000,488,368,空开,S,2466.0000,0.0000,0.0000,0.0000,0.0000,2468.0000,0.0000,0.0000,0.0000,0.0000,74,0,0,0,0,26,0,0,0,0
zc,WS301,2012-06-04 09:00:04.830,2467.0000,235720,206,0.0000,462.0000,334,128,空开,S,2467.0000,0.0000,0.0000,0.0000,0.0000,2468.0000,0.0000,0.0000,0.0000,0.0000,2,0,0,0,0,37,0,0,0,0
zc,WS301,2012-06-04 09:00:05.330,2468.0000,235716,-4,0.0000,48.0000,22,26,空平,B,2466.0000,0.0000,0.0000,0.0000,0.0000,2468.0000,0.0000,0.0000,0.0000,0.0000,59,0,0,0,0,32,0,0,0,0
zc,WS301,2012-06-04 09:00:06.550,2466.0000,235712,-4,0.0000,28.0000,12,16,多平,S,2467.0000,0.0000,0.0000,0.0000,0.0000,2468.0000,0.0000,0.0000,0.0000,0.0000,1,0,0,0,0,87,0,0,0,0
zc,WS301,2012-06-04 09:00:06.770,2468.0000,235830,118,0.0000,190.0000,154,36,多开,B,2468.0000,0.0000,0.0000,0.0000,0.0000,2469.0000,0.0000,0.0000,0.0000,0.0000,12,0,0,0,0,68,0,0,0,0
zc,WS301,2012-06-04 09:00:07.533,2467.0000,235894,64,0.0000,104.0000,84,20,空开,S,2466.0000,0.0000,0.0000,0.0000,0.0000,2467.0000,0.0000,0.0000,0.0000,0.0000,26,0,0,0,0,2,0,0,0,0
zc,WS301,2012-06-04 09:00:08.020,2468.0000,235980,86,0.0000,134.0000,110,24,多开,B,2468.0000,0.0000,0.0000,0.0000,0.0000,2469.0000,0.0000,0.0000,0.0000,0.0000,44,0,0,0,0,68,0,0,0,0
zc,WS301,2012-06-04 09:00:08.550,2468.0000,235982,2,0.0000,12.0000,7,5,多开,B,2468.0000,0.0000,0.0000,0.0000,0.0000,2469.0000,0.0000,0.0000,0.0000,0.0000,44,0,0,0,0,68,0,0,0,0
zc,WS301,2012-06-04 09:00:09.050,2468.0000,235992,10,0.0000,80.0000,45,35,多开,B,2468.0000,0.0000,0.0000,0.0000,0.0000,2469.0000,0.0000,0.0000,0.0000,0.0000,6,0,0,0,0,69,0,0,0,0
zc,WS301,2012-06-04 09:00:09.783,2469.0000,235998,6,0.0000,14.0000,10,4,多开,B,2468.0000,0.0000,0.0000,0.0000,0.0000,2469.0000,0.0000,0.0000,0.0000,0.0000,10,0,0,0,0,66,0,0,0,0
zc,WS301,2012-06-04 09:00:10.520,2468.0000,235908,-90,0.0000,118.0000,14,104,多平,S,2468.0000,0.0000,0.0000,0.0000,0.0000,2469.0000,0.0000,0.0000,0.0000,0.0000,2,0,0,0,0,20,0,0,0,0
zc,WS301,2012-06-04 09:00:11.050,2469.0000,235918,10,0.0000,24.0000,17,7,多开,B,2468.0000,0.0000,0.0000,0.0000,0.0000,2469.0000,0.0000,0.0000,0.0000,0.0000,58,0,0,0,0,16,0,0,0,0
zc,WS301,2012-06-04 09:00:12.050,2469.0000,235926,8,0.0000,26.0000,17,9,多开,B,2468.0000,0.0000,0.0000,0.0000,0.0000,2469.0000,0.0000,0.0000,0.0000,0.0000,56,0,0,0,0,77,0,0,0,0
zc,WS301,2012-06-04 09:00:12.550,2469.0000,235926,0,0.0000,6.0000,3,3,多换,B,2468.0000,0.0000,0.0000,0.0000,0.0000,2469.0000,0.0000,0.0000,0.0000,0.0000,60,0,0,0,0,75,0,0,0,0
zc,WS301,2012-06-04 09:00:13.223,2469.0000,235926,0,0.0000,6.0000,3,3,多换,B,2468.0000,0.0000,0.0000,0.0000,0.0000,2469.0000,0.0000,0.0000,0.0000,0.0000,61,0,0,0,0,73,0,0,0,0
zc,WS301,2012-06-04 09:00:13.770,2469.0000,235918,-8,0.0000,12.0000,2,10,空平,B,2468.0000,0.0000,0.0000,0.0000,0.0000,2469.0000,0.0000,0.0000,0.0000,0.0000,71,0,0,0,0,68,0,0,0,0
zc,WS301,2012-06-04 09:00:14.487,2469.0000,235916,-2,0.0000,104.0000,51,53,空平,B,2468.0000,0.0000,0.0000,0.0000,0.0000,2469.0000,0.0000,0.0000,0.0000,0.0000,72,0,0,0,0,16,0,0,0,0
zc,WS301,2012-06-04 09:00:15.300,2469.0000,235900,-16,0.0000,28.0000,6,22,空平,B,2468.0000,0.0000,0.0000,0.0000,0.0000,2469.0000,0.0000,0.0000,0.0000,0.0000,77,0,0,0,0,18,0,0,0,0
zc,WS301,2012-06-04 09:00:15.800,2469.0000,235900,0,0.0000,2.0000,1,1,多换,B,2468.0000,0.0000,0.0000,0.0000,0.0000,2469.0000,0.0000,0.0000,0.0000,0.0000,77,0,0,0,0,17,0,0,0,0
zc,WS301,2012-06-04 09:00:16.533,2469.0000,235858,-42,0.0000,58.0000,8,50,空平,B,2468.0000,0.0000,0.0000,0.0000,0.0000,2469.0000,0.0000,0.0000,0.0000,0.0000,59,0,0,0,0,7,0,0,0,0
zc,WS301,2012-06-04 09:00:17.270,2468.0000,235852,-6,0.0000,38.0000,16,22,多平,S,2468.0000,0.0000,0.0000,0.0000,0.0000,2470.0000,0.0000,0.0000,0.0000,0.0000,48,0,0,0,0,41,0,0,0,0
zc,WS301,2012-06-04 09:00:18.033,2469.0000,235794,-58,0.0000,58.0000,0,58,双平,B,2468.0000,0.0000,0.0000,0.0000,0.0000,2469.0000,0.0000,0.0000,0.0000,0.0000,50,0,0,0,0,31,0,0,0,0
zc,WS301,2012-06-04 09:00:18.567,2468.0000,235794,0,0.0000,28.0000,14,14,空换,S,2468.0000,0.0000,0.0000,0.0000,0.0000,2469.0000,0.0000,0.0000,0.0000,0.0000,38,0,0,0,0,31,0,0,0,0
zc,WS301,2012-06-04 09:00:19.283,2469.0000,235794,0,0.0000,62.0000,31,31,多换,B,2469.0000,0.0000,0.0000,0.0000,0.0000,2470.0000,0.0000,0.0000,0.0000,0.0000,79,0,0,0,0,47,0,0,0,0
zc,WS301,2012-06-04 09:00:19.770,2469.0000,235798,4,0.0000,8.0000,6,2,多开,B,2469.0000,0.0000,0.0000,0.0000,0.0000,2470.0000,0.0000,0.0000,0.0000,0.0000,146,0,0,0,0,43,0,0,0,0
zc,WS301,2012-06-04 09:00:20.737,2470.0000,235838,40,0.0000,62.0000,51,11,多开,B,2469.0000,0.0000,0.0000,0.0000,0.0000,2470.0000,0.0000,0.0000,0.0000,0.0000,145,0,0,0,0,13,0,0,0,0
zc,WS301,2012-06-04 09:00:21.487,2470.0000,235856,18,0.0000,30.0000,24,6,多开,B,2470.0000,0.0000,0.0000,0.0000,0.0000,2471.0000,0.0000,0.0000,0.0000,0.0000,113,0,0,0,0,89,0,0,0,0
zc,WS301,2012-06-04 09:00:22.283,2470.0000,235998,142,0.0000,242.0000,192,50,多开,B,2469.0000,0.0000,0.0000,0.0000,0.0000,2470.0000,0.0000,0.0000,0.0000,0.0000,152,0,0,0,0,15,0,0,0,0
zc,WS301,2012-06-04 09:00:22.770,2470.0000,236000,2,0.0000,2.0000,2,0,双开,B,2469.0000,0.0000,0.0000,0.0000,0.0000,2470.0000,0.0000,0.0000,0.0000,0.0000,152,0,0,0,0,14,0,0,0,0
zc,WS301,2012-06-04 09:00:23.533,2470.0000,236018,18,0.0000,26.0000,22,4,多开,B,2469.0000,0.0000,0.0000,0.0000,0.0000,2470.0000,0.0000,0.0000,0.0000,0.0000,155,0,0,0,0,8,0,0,0,0
zc,WS301,2012-06-04 09:00:24.300,2470.0000,236026,8,0.0000,24.0000,16,8,多开,B,2470.0000,0.0000,0.0000,0.0000,0.0000,2471.0000,0.0000,0.0000,0.0000,0.0000,11,0,0,0,0,91,0,0,0,0
zc,WS301,2012-06-04 09:00:25.033,2470.0000,236040,14,0.0000,18.0000,16,2,多开,B,2470.0000,0.0000,0.0000,0.0000,0.0000,2471.0000,0.0000,0.0000,0.0000,0.0000,27,0,0,0,0,85,0,0,0,0
zc,WS301,2012-06-04 09:00:25.503,2470.0000,236040,0,0.0000,4.0000,2,2,多换,B,2470.0000,0.0000,0.0000,0.0000,0.0000,2471.0000,0.0000,0.0000,0.0000,0.0000,27,0,0,0,0,84,0,0,0,0
zc,WS301,2012-06-04 09:00:26.283,2471.0000,236188,148,0.0000,168.0000,158,10,多开,B,2471.0000,0.0000,0.0000,0.0000,0.0000,2472.0000,0.0000,0.0000,0.0000,0.0000,34,0,0,0,0,73,0,0,0,0
zc,WS301,2012-06-04 09:00:30.330,2471.0000,236222,34,0.0000,132.0000,83,49,多开,B,2470.0000,0.0000,0.0000,0.0000,0.0000,2471.0000,0.0000,0.0000,0.0000,0.0000,202,0,0,0,0,16,0,0,0,0
zc,WS301,2012-06-04 09:00:31.003,2471.0000,236222,0,0.0000,4.0000,2,2,多换,B,2470.0000,0.0000,0.0000,0.0000,0.0000,2471.0000,0.0000,0.0000,0.0000,0.0000,202,0,0,0,0,14,0,0,0,0
zc,WS301,2012-06-04 09:00:31.503,2471.0000,236218,-4,0.0000,40.0000,18,22,空平,B,2471.0000,0.0000,0.0000,0.0000,0.0000,2472.0000,0.0000,0.0000,0.0000,0.0000,64,0,0,0,0,63,0,0,0,0
zc,WS301,2012-06-04 09:00:32.223,2471.0000,236220,2,0.0000,6.0000,4,2,多开,B,2471.0000,0.0000,0.0000,0.0000,0.0000,2472.0000,0.0000,0.0000,0.0000,0.0000,277,0,0,0,0,62,0,0,0,0
zc,WS301,2012-06-04 09:00:32.783,2472.0000,236222,2,0.0000,50.0000,26,24,多开,B,2471.0000,0.0000,0.0000,0.0000,0.0000,2472.0000,0.0000,0.0000,0.0000,0.0000,263,0,0,0,0,44,0,0,0,0
zc,WS301,2012-06-04 09:00:33.503,2472.0000,236280,58,0.0000,80.0000,69,11,多开,B,2472.0000,0.0000,0.0000,0.0000,0.0000,2473.0000,0.0000,0.0000,0.0000,0.0000,60,0,0,0,0,224,0,0,0,0
zc,WS301,2012-06-04 09:00:34.283,2472.0000,236280,0,0.0000,0.0000,0,0,多换,B,2472.0000,0.0000,0.0000,0.0000,0.0000,2473.0000,0.0000,0.0000,0.0000,0.0000,60,0,0,0,0,223,0,0,0,0
zc,WS301,2012-06-04 09:00:34.987,2473.0000,236312,32,0.0000,34.0000,33,1,多开,B,2472.0000,0.0000,0.0000,0.0000,0.0000,2473.0000,0.0000,0.0000,0.0000,0.0000,61,0,0,0,0,203,0,0,0,0
zc,WS301,2012-06-04 09:00:35.520,2473.0000,236512,200,0.0000,200.0000,200,0,双开,B,2472.0000,0.0000,0.0000,0.0000,0.0000,2473.0000,0.0000,0.0000,0.0000,0.0000,65,0,0,0,0,99,0,0,0,0
zc,WS301,2012-06-04 09:00:36.253,2473.0000,236706,194,0.0000,204.0000,199,5,多开,B,2473.0000,0.0000,0.0000,0.0000,0.0000,2474.0000,0.0000,0.0000,0.0000,0.0000,1,0,0,0,0,22,0,0,0,0
zc,WS301,2012-06-04 09:00:36.753,2473.0000,236702,-4,0.0000,24.0000,10,14,空平,B,2473.0000,0.0000,0.0000,0.0000,0.0000,2474.0000,0.0000,0.0000,0.0000,0.0000,1,0,0,0,0,24,0,0,0,0
zc,WS301,2012-06-04 09:00:37.487,2473.0000,236702,0,0.0000,0.0000,0,0,多换,B,2473.0000,0.0000,0.0000,0.0000,0.0000,2474.0000,0.0000,0.0000,0.0000,0.0000,2,0,0,0,0,45,0,0,0,0
zc,WS301,2012-06-04 09:00:38.270,2472.0000,236700,-2,0.0000,30.0000,14,16,多平,S,2472.0000,0.0000,0.0000,0.0000,0.0000,2474.0000,0.0000,0.0000,0.0000,0.0000,169,0,0,0,0,54,0,0,0,0
zc,WS301,2012-06-04 09:00:39.003,2474.0000,236702,2,0.0000,22.0000,12,10,多开,B,2472.0000,0.0000,0.0000,0.0000,0.0000,2474.0000,0.0000,0.0000,0.0000,0.0000,169,0,0,0,0,47,0,0,0,0
zc,WS301,2012-06-04 09:00:39.533,2474.0000,236634,-68,0.0000,228.0000,80,148,空平,B,2472.0000,0.0000,0.0000,0.0000,0.0000,2474.0000,0.0000,0.0000,0.0000,0.0000,183,0,0,0,0,127,0,0,0,0
zc,WS301,2012-06-04 09:00:40.550,2474.0000,236636,2,0.0000,2.0000,2,0,双开,B,2472.0000,0.0000,0.0000,0.0000,0.0000,2473.0000,0.0000,0.0000,0.0000,0.0000,184,0,0,0,0,2,0,0,0,0
zc,WS301,2012-06-04 09:00:41.253,2473.0000,236642,6,0.0000,16.0000,11,5,空开,S,2472.0000,0.0000,0.0000,0.0000,0.0000,2473.0000,0.0000,0.0000,0.0000,0.0000,180,0,0,0,0,41,0,0,0,0
zc,WS301,2012-06-04 09:00:42.067,2473.0000,236652,10,0.0000,118.0000,64,54,空开,S,2473.0000,0.0000,0.0000,0.0000,0.0000,2474.0000,0.0000,0.0000,0.0000,0.0000,61,0,0,0,0,118,0,0,0,0
zc,WS301,2012-06-04 09:00:42.487,2473.0000,236652,0,0.0000,138.0000,69,69,空换,S,2473.0000,0.0000,0.0000,0.0000,0.0000,2474.0000,0.0000,0.0000,0.0000,0.0000,3,0,0,0,0,74,0,0,0,0
zc,WS301,2012-06-04 09:00:43.207,2473.0000,236652,0,0.0000,4.0000,2,2,空换,S,2473.0000,0.0000,0.0000,0.0000,0.0000,2474.0000,0.0000,0.0000,0.0000,0.0000,150,0,0,0,0,40,0,0,0,0
zc,WS301,2012-06-04 09:00:43.550,2473.0000,236656,4,0.0000,8.0000,6,2,空开,S,2473.0000,0.0000,0.0000,0.0000,0.0000,2474.0000,0.0000,0.0000,0.0000,0.0000,156,0,0,0,0,42,0,0,0,0
zc,WS301,2012-06-04 09:00:44.237,2474.0000,236660,4,0.0000,18.0000,11,7,多开,B,2473.0000,0.0000,0.0000,0.0000,0.0000,2474.0000,0.0000,0.0000,0.0000,0.0000,200,0,0,0,0,32,0,0,0,0
zc,WS301,2012-06-04 09:00:45.067,2473.0000,236680,20,0.0000,182.0000,101,81,空开,S,2473.0000,0.0000,0.0000,0.0000,0.0000,2474.0000,0.0000,0.0000,0.0000,0.0000,115,0,0,0,0,10,0,0,0,0
zc,WS301,2012-06-04 09:00:45.690,2473.0000,236688,8,0.0000,10.0000,9,1,空开,S,2473.0000,0.0000,0.0000,0.0000,0.0000,2474.0000,0.0000,0.0000,0.0000,0.0000,112,0,0,0,0,8,0,0,0,0
zc,WS301,2012-06-04 09:00:46.737,2473.0000,236668,-20,0.0000,152.0000,66,86,多平,S,2473.0000,0.0000,0.0000,0.0000,0.0000,2474.0000,0.0000,0.0000,0.0000,0.0000,37,0,0,0,0,12,0,0,0,0
zc,WS301,2012-06-04 09:00:47.533,2474.0000,236660,-8,0.0000,22.0000,7,15,空平,B,2473.0000,0.0000,0.0000,0.0000,0.0000,2474.0000,0.0000,0.0000,0.0000,0.0000,35,0,0,0,0,14,0,0,0,0
zc,WS301,2012-06-04 09:00:48.253,2473.0000,236660,0,0.0000,6.0000,3,3,空换,S,2473.0000,0.0000,0.0000,0.0000,0.0000,2474.0000,0.0000,0.0000,0.0000,0.0000,34,0,0,0,0,13,0,0,0,0
zc,WS301,2012-06-04 09:00:48.753,2474.0000,236662,2,0.0000,14.0000,8,6,多开,B,2473.0000,0.0000,0.0000,0.0000,0.0000,2474.0000,0.0000,0.0000,0.0000,0.0000,33,0,0,0,0,15,0,0,0,0
zc,WS301,2012-06-04 09:00:49.770,2474.0000,236692,30,0.0000,56.0000,43,13,多开,B,2474.0000,0.0000,0.0000,0.0000,0.0000,2475.0000,0.0000,0.0000,0.0000,0.0000,3,0,0,0,0,27,0,0,0,0
zc,WS301,2012-06-04 09:00:50.533,2473.0000,236688,-4,0.0000,196.0000,96,100,多平,S,2472.0000,0.0000,0.0000,0.0000,0.0000,2473.0000,0.0000,0.0000,0.0000,0.0000,343,0,0,0,0,32,0,0,0,0
zc,WS301,2012-06-04 09:00:51.237,2472.0000,236688,0,0.0000,2.0000,1,1,空换,S,2472.0000,0.0000,0.0000,0.0000,0.0000,2473.0000,0.0000,0.0000,0.0000,0.0000,342,0,0,0,0,32,0,0,0,0
zc,WS301,2012-06-04 09:00:51.520,2473.0000,236686,-2,0.0000,4.0000,1,3,空平,B,2472.0000,0.0000,0.0000,0.0000,0.0000,2473.0000,0.0000,0.0000,0.0000,0.0000,379,0,0,0,0,30,0,0,0,0
zc,WS301,2012-06-04 09:00:52.270,2472.0000,236682,-4,0.0000,16.0000,6,10,多平,S,2472.0000,0.0000,0.0000,0.0000,0.0000,2473.0000,0.0000,0.0000,0.0000,0.0000,371,0,0,0,0,27,0,0,0,0
zc,WS301,2012-06-04 09:00:52.753,2473.0000,236682,0,0.0000,54.0000,27,27,多换,B,2473.0000,0.0000,0.0000,0.0000,0.0000,2474.0000,0.0000,0.0000,0.0000,0.0000,105,0,0,0,0,11,0,0,0,0
zc,WS301,2012-06-04 09:00:53.503,2473.0000,236682,0,0.0000,0.0000,0,0,多换,B,2473.0000,0.0000,0.0000,0.0000,0.0000,2474.0000,0.0000,0.0000,0.0000,0.0000,118,0,0,0,0,12,0,0,0,0
zc,WS301,2012-06-04 09:00:54.020,2473.0000,236688,6,0.0000,18.0000,12,6,多开,B,2473.0000,0.0000,0.0000,0.0000,0.0000,2474.0000,0.0000,0.0000,0.0000,0.0000,118,0,0,0,0,9,0,0,0,0
zc,WS301,2012-06-04 09:00:54.783,2474.0000,236682,-6,0.0000,8.0000,1,7,空平,B,2473.0000,0.0000,0.0000,0.0000,0.0000,2474.0000,0.0000,0.0000,0.0000,0.0000,165,0,0,0,0,8,0,0,0,0
zc,WS301,2012-06-04 09:00:55.270,2474.0000,236686,4,0.0000,4.0000,4,0,双开,B,2473.0000,0.0000,0.0000,0.0000,0.0000,2474.0000,0.0000,0.0000,0.0000,0.0000,162,0,0,0,0,6,0,0,0,0
zc,WS301,2012-06-04 09:00:55.723,2474.0000,236698,12,0.0000,20.0000,16,4,多开,B,2474.0000,0.0000,0.0000,0.0000,0.0000,2475.0000,0.0000,0.0000,0.0000,0.0000,19,0,0,0,0,24,0,0,0,0
zc,WS301,2012-06-04 09:00:56.533,2474.0000,236698,0,0.0000,0.0000,0,0,多换,B,2474.0000,0.0000,0.0000,0.0000,0.0000,2475.0000,0.0000,0.0000,0.0000,0.0000,30,0,0,0,0,24,0,0,0,0
zc,WS301,2012-06-04 09:00:57.020,2474.0000,236698,0,0.0000,2.0000,1,1,多换,B,2474.0000,0.0000,0.0000,0.0000,0.0000,2475.0000,0.0000,0.0000,0.0000,0.0000,46,0,0,0,0,24,0,0,0,0
zc,WS301,2012-06-04 09:00:57.770,2474.0000,236702,4,0.0000,16.0000,10,6,多开,B,2474.0000,0.0000,0.0000,0.0000,0.0000,2475.0000,0.0000,0.0000,0.0000,0.0000,48,0,0,0,0,23,0,0,0,0
zc,WS301,2012-06-04 09:00:58.223,2475.0000,236706,4,0.0000,20.0000,12,8,多开,B,2474.0000,0.0000,0.0000,0.0000,0.0000,2475.0000,0.0000,0.0000,0.0000,0.0000,45,0,0,0,0,19,0,0,0,0
zc,WS301,2012-06-04 09:00:58.940,2474.0000,236714,8,0.0000,12.0000,10,2,空开,S,2474.0000,0.0000,0.0000,0.0000,0.0000,2475.0000,0.0000,0.0000,0.0000,0.0000,49,0,0,0,0,20,0,0,0,0
zc,WS301,2012-06-04 09:00:59.520,2475.0000,236714,0,0.0000,16.0000,8,8,多换,B,2474.0000,0.0000,0.0000,0.0000,0.0000,2475.0000,0.0000,0.0000,0.0000,0.0000,49,0,0,0,0,12,0,0,0,0
zc,WS301,2012-06-04 09:01:00.503,2475.0000,236788,74,0.0000,134.0000,104,30,多开,B,2475.0000,0.0000,0.0000,0.0000,0.0000,2476.0000,0.0000,0.0000,0.0000,0.0000,5,0,0,0,0,9,0,0,0,0
zc,WS301,2012-06-04 09:01:01.253,2476.0000,236788,0,0.0000,4.0000,2,2,多换,B,2475.0000,0.0000,0.0000,0.0000,0.0000,2476.0000,0.0000,0.0000,0.0000,0.0000,36,0,0,0,0,8,0,0,0,0
zc,WS301,2012-06-04 09:01:01.783,2475.0000,236786,-2,0.0000,2.0000,0,2,双平,S,2475.0000,0.0000,0.0000,0.0000,0.0000,2476.0000,0.0000,0.0000,0.0000,0.0000,44,0,0,0,0,8,0,0,0,0
zc,WS301,2012-06-04 09:01:02.520,2475.0000,236786,0,0.0000,2.0000,1,1,空换,S,2475.0000,0.0000,0.0000,0.0000,0.0000,2476.0000,0.0000,0.0000,0.0000,0.0000,26,0,0,0,0,8,0,0,0,0
zc,WS301,2012-06-04 09:01:03.283,2476.0000,236774,-12,0.0000,24.0000,6,18,空平,B,2476.0000,0.0000,0.0000,0.0000,0.0000,2477.0000,0.0000,0.0000,0.0000,0.0000,3,0,0,0,0,177,0,0,0,0
zc,WS301,2012-06-04 09:01:03.973,2476.0000,236766,-8,0.0000,210.0000,101,109,空平,B,2475.0000,0.0000,0.0000,0.0000,0.0000,2476.0000,0.0000,0.0000,0.0000,0.0000,15,0,0,0,0,47,0,0,0,0
zc,WS301,2012-06-04 09:01:04.503,2476.0000,236766,0,0.0000,4.0000,2,2,多换,B,2475.0000,0.0000,0.0000,0.0000,0.0000,2476.0000,0.0000,0.0000,0.0000,0.0000,16,0,0,0,0,46,0,0,0,0
zc,WS301,2012-06-04 09:01:04.987,2475.0000,236740,-26,0.0000,30.0000,2,28,多平,S,2475.0000,0.0000,0.0000,0.0000,0.0000,2476.0000,0.0000,0.0000,0.0000,0.0000,17,0,0,0,0,32,0,0,0,0
zc,WS301,2012-06-04 09:01:05.723,2476.0000,236758,18,0.0000,104.0000,61,43,多开,B,2476.0000,0.0000,0.0000,0.0000,0.0000,2477.0000,0.0000,0.0000,0.0000,0.0000,20,0,0,0,0,174,0,0,0,0
zc,WS301,2012-06-04 09:01:06.283,2476.0000,236760,2,0.0000,6.0000,4,2,多开,B,2476.0000,0.0000,0.0000,0.0000,0.0000,2477.0000,0.0000,0.0000,0.0000,0.0000,28,0,0,0,0,175,0,0,0,0
zc,WS301,2012-06-04 09:01:07.020,2477.0000,236754,-6,0.0000,8.0000,1,7,空平,B,2476.0000,0.0000,0.0000,0.0000,0.0000,2477.0000,0.0000,0.0000,0.0000,0.0000,29,0,0,0,0,173,0,0,0,0
zc,WS301,2012-06-04 09:01:07.550,2476.0000,236728,-26,0.0000,64.0000,19,45,多平,S,2475.0000,0.0000,0.0000,0.0000,0.0000,2476.0000,0.0000,0.0000,0.0000,0.0000,19,0,0,0,0,18,0,0,0,0
zc,WS301,2012-06-04 09:01:08.283,2476.0000,236728,0,0.0000,0.0000,0,0,空换,S,2475.0000,0.0000,0.0000,0.0000,0.0000,2476.0000,0.0000,0.0000,0.0000,0.0000,19,0,0,0,0,21,0,0,0,0
zc,WS301,2012-06-04 09:01:08.737,2476.0000,236732,4,0.0000,10.0000,7,3,空开,S,2475.0000,0.0000,0.0000,0.0000,0.0000,2476.0000,0.0000,0.0000,0.0000,0.0000,30,0,0,0,0,24,0,0,0,0
zc,WS301,2012-06-04 09:01:09.520,2476.0000,236732,0,0.0000,10.0000,5,5,空换,S,2475.0000,0.0000,0.0000,0.0000,0.0000,2476.0000,0.0000,0.0000,0.0000,0.0000,25,0,0,0,0,22,0,0,0,0
zc,WS301,2012-06-04 09:01:10.283,2475.0000,236732,0,0.0000,16.0000,8,8,空换,S,2475.0000,0.0000,0.0000,0.0000,0.0000,2476.0000,0.0000,0.0000,0.0000,0.0000,17,0,0,0,0,19,0,0,0,0
zc,WS301,2012-06-04 09:01:11.003,2476.0000,236732,0,0.0000,6.0000,3,3,多换,B,2475.0000,0.0000,0.0000,0.0000,0.0000,2476.0000,0.0000,0.0000,0.0000,0.0000,16,0,0,0,0,22,0,0,0,0
zc,WS301,2012-06-04 09:01:11.783,2476.0000,236732,0,0.0000,22.0000,11,11,多换,B,2475.0000,0.0000,0.0000,0.0000,0.0000,2476.0000,0.0000,0.0000,0.0000,0.0000,17,0,0,0,0,12,0,0,0,0
zc,WS301,2012-06-04 09:01:12.283,2476.0000,236728,-4,0.0000,42.0000,19,23,空平,B,2476.0000,0.0000,0.0000,0.0000,0.0000,2477.0000,0.0000,0.0000,0.0000,0.0000,4,0,0,0,0,179,0,0,0,0
zc,WS301,2012-06-04 09:01:12.987,2475.0000,236738,10,0.0000,28.0000,19,9,空开,S,2475.0000,0.0000,0.0000,0.0000,0.0000,2476.0000,0.0000,0.0000,0.0000,0.0000,3,0,0,0,0,8,0,0,0,0
zc,WS301,2012-06-04 09:01:13.457,2476.0000,236740,2,0.0000,2.0000,2,0,双开,B,2475.0000,0.0000,0.0000,0.0000,0.0000,2476.0000,0.0000,0.0000,0.0000,0.0000,3,0,0,0,0,7,0,0,0,0
zc,WS301,2012-06-04 09:01:14.270,2476.0000,236744,4,0.0000,6.0000,5,1,多开,B,2475.0000,0.0000,0.0000,0.0000,0.0000,2476.0000,0.0000,0.0000,0.0000,0.0000,2,0,0,0,0,12,0,0,0,0
zc,WS301,2012-06-04 09:01:14.957,2476.0000,236744,0,0.0000,2.0000,1,1,多换,B,2475.0000,0.0000,0.0000,0.0000,0.0000,2476.0000,0.0000,0.0000,0.0000,0.0000,2,0,0,0,0,13,0,0,0,0
zc,WS301,2012-06-04 09:01:15.457,2476.0000,236744,0,0.0000,0.0000,0,0,多换,B,2475.0000,0.0000,0.0000,0.0000,0.0000,2476.0000,0.0000,0.0000,0.0000,0.0000,2,0,0,0,0,17,0,0,0,0
zc,WS301,2012-06-04 09:01:16.253,2476.0000,236744,0,0.0000,0.0000,0,0,多换,B,2475.0000,0.0000,0.0000,0.0000,0.0000,2476.0000,0.0000,0.0000,0.0000,0.0000,63,0,0,0,0,42,0,0,0,0
zc,WS301,2012-06-04 09:01:16.770,2475.0000,236744,0,0.0000,2.0000,1,1,空换,S,2475.0000,0.0000,0.0000,0.0000,0.0000,2476.0000,0.0000,0.0000,0.0000,0.0000,67,0,0,0,0,21,0,0,0,0
zc,WS301,2012-06-04 09:01:17.223,2476.0000,236748,4,0.0000,22.0000,13,9,多开,B,2475.0000,0.0000,0.0000,0.0000,0.0000,2476.0000,0.0000,0.0000,0.0000,0.0000,58,0,0,0,0,20,0,0,0,0
zc,WS301,2012-06-04 09:01:18.020,2476.0000,236748,0,0.0000,0.0000,0,0,多换,B,2475.0000,0.0000,0.0000,0.0000,0.0000,2476.0000,0.0000,0.0000,0.0000,0.0000,67,0,0,0,0,22,0,0,0,0
zc,WS301,2012-06-04 09:01:18.737,2476.0000,236758,10,0.0000,44.0000,27,17,多开,B,2475.0000,0.0000,0.0000,0.0000,0.0000,2476.0000,0.0000,0.0000,0.0000,0.0000,57,0,0,0,0,22,0,0,0,0
zc,WS301,2012-06-04 09:01:19.987,2475.0000,236760,2,0.0000,2.0000,2,0,双开,S,2475.0000,0.0000,0.0000,0.0000,0.0000,2476.0000,0.0000,0.0000,0.0000,0.0000,56,0,0,0,0,23,0,0,0,0
zc,WS301,2012-06-04 09:01:20.487,2476.0000,236750,-10,0.0000,44.0000,17,27,空平,B,2475.0000,0.0000,0.0000,0.0000,0.0000,2476.0000,0.0000,0.0000,0.0000,0.0000,47,0,0,0,0,12,0,0,0,0
zc,WS301,2012-06-04 09:01:21.253,2475.0000,236752,2,0.0000,4.0000,3,1,空开,S,2475.0000,0.0000,0.0000,0.0000,0.0000,2476.0000,0.0000,0.0000,0.0000,0.0000,68,0,0,0,0,18,0,0,0,0
zc,WS301,2012-06-04 09:01:21.783,2475.0000,236752,0,0.0000,0.0000,0,0,空换,S,2475.0000,0.0000,0.0000,0.0000,0.0000,2476.0000,0.0000,0.0000,0.0000,0.0000,71,0,0,0,0,19,0,0,0,0
zc,WS301,2012-06-04 09:01:22.473,2476.0000,236748,-4,0.0000,6.0000,1,5,空平,B,2475.0000,0.0000,0.0000,0.0000,0.0000,2476.0000,0.0000,0.0000,0.0000,0.0000,71,0,0,0,0,16,0,0,0,0
zc,WS301,2012-06-04 09:01:23.003,2475.0000,236738,-10,0.0000,194.0000,92,102,多平,S,2475.0000,0.0000,0.0000,0.0000,0.0000,2476.0000,0.0000,0.0000,0.0000,0.0000,28,0,0,0,0,9,0,0,0,0
zc,WS301,2012-06-04 09:01:23.707,2475.0000,236738,0,0.0000,10.0000,5,5,空换,S,2475.0000,0.0000,0.0000,0.0000,0.0000,2476.0000,0.0000,0.0000,0.0000,0.0000,24,0,0,0,0,16,0,0,0,0
zc,WS301,2012-06-04 09:01:24.503,2475.0000,236738,0,0.0000,12.0000,6,6,空换,S,2475.0000,0.0000,0.0000,0.0000,0.0000,2476.0000,0.0000,0.0000,0.0000,0.0000,22,0,0,0,0,41,0,0,0,0
zc,WS301,2012-06-04 09:01:24.957,2475.0000,236738,0,0.0000,0.0000,0,0,空换,S,2475.0000,0.0000,0.0000,0.0000,0.0000,2476.0000,0.0000,0.0000,0.0000,0.0000,72,0,0,0,0,46,0,0,0,0
zc,WS301,2012-06-04 09:01:25.473,2475.0000,236738,0,0.0000,0.0000,0,0,空换,S,2475.0000,0.0000,0.0000,0.0000,0.0000,2476.0000,0.0000,0.0000,0.0000,0.0000,72,0,0,0,0,25,0,0,0,0
zc,WS301,2012-06-04 09:01:26.223,2475.0000,236736,-2,0.0000,2.0000,0,2,双平,S,2475.0000,0.0000,0.0000,0.0000,0.0000,2476.0000,0.0000,0.0000,0.0000,0.0000,72,0,0,0,0,25,0,0,0,0
zc,WS301,2012-06-04 09:01:26.723,2475.0000,236734,-2,0.0000,2.0000,0,2,双平,S,2475.0000,0.0000,0.0000,0.0000,0.0000,2476.0000,0.0000,0.0000,0.0000,0.0000,71,0,0,0,0,25,0,0,0,0
zc,WS301,2012-06-04 09:01:27.457,2475.0000,236734,0,0.0000,0.0000,0,0,空换,S,2475.0000,0.0000,0.0000,0.0000,0.0000,2476.0000,0.0000,0.0000,0.0000,0.0000,72,0,0,0,0,227,0,0,0,0
zc,WS301,2012-06-04 09:01:27.973,2476.0000,236732,-2,0.0000,2.0000,0,2,双平,B,2475.0000,0.0000,0.0000,0.0000,0.0000,2476.0000,0.0000,0.0000,0.0000,0.0000,84,0,0,0,0,226,0,0,0,0
zc,WS301,2012-06-04 09:01:28.690,2475.0000,236808,76,0.0000,274.0000,175,99,空开,S,2474.0000,0.0000,0.0000,0.0000,0.0000,2475.0000,0.0000,0.0000,0.0000,0.0000,22,0,0,0,0,220,0,0,0,0
zc,WS301,2012-06-04 09:01:29.270,2475.0000,236814,6,0.0000,20.0000,13,7,空开,S,2474.0000,0.0000,0.0000,0.0000,0.0000,2475.0000,0.0000,0.0000,0.0000,0.0000,23,0,0,0,0,211,0,0,0,0
zc,WS301,2012-06-04 09:01:30.270,2473.0000,236836,22,0.0000,144.0000,83,61,空开,S,2474.0000,0.0000,0.0000,0.0000,0.0000,2475.0000,0.0000,0.0000,0.0000,0.0000,5,0,0,0,0,187,0,0,0,0
zc,WS301,2012-06-04 09:01:30.707,2474.0000,236834,-2,0.0000,22.0000,10,12,空平,B,2473.0000,0.0000,0.0000,0.0000,0.0000,2474.0000,0.0000,0.0000,0.0000,0.0000,36,0,0,0,0,55,0,0,0,0
zc,WS301,2012-06-04 09:01:31.473,2474.0000,236872,38,0.0000,114.0000,76,38,多开,B,2473.0000,0.0000,0.0000,0.0000,0.0000,2474.0000,0.0000,0.0000,0.0000,0.0000,39,0,0,0,0,49,0,0,0,0
zc,WS301,2012-06-04 09:01:32.033,2474.0000,236874,2,0.0000,2.0000,2,0,双开,B,2473.0000,0.0000,0.0000,0.0000,0.0000,2474.0000,0.0000,0.0000,0.0000,0.0000,40,0,0,0,0,58,0,0,0,0
zc,WS301,2012-06-04 09:01:32.737,2474.0000,236874,0,0.0000,4.0000,2,2,多换,B,2473.0000,0.0000,0.0000,0.0000,0.0000,2474.0000,0.0000,0.0000,0.0000,0.0000,41,0,0,0,0,57,0,0,0,0
zc,WS301,2012-06-04 09:01:33.207,2473.0000,236876,2,0.0000,10.0000,6,4,空开,S,2473.0000,0.0000,0.0000,0.0000,0.0000,2474.0000,0.0000,0.0000,0.0000,0.0000,38,0,0,0,0,55,0,0,0,0
zc,WS301,2012-06-04 09:01:34.520,2474.0000,236878,2,0.0000,2.0000,2,0,双开,B,2473.0000,0.0000,0.0000,0.0000,0.0000,2474.0000,0.0000,0.0000,0.0000,0.0000,32,0,0,0,0,54,0,0,0,0
zc,WS301,2012-06-04 09:01:35.487,2474.0000,236880,2,0.0000,18.0000,10,8,多开,B,2473.0000,0.0000,0.0000,0.0000,0.0000,2474.0000,0.0000,0.0000,0.0000,0.0000,24,0,0,0,0,52,0,0,0,0
zc,WS301,2012-06-04 09:01:35.987,2474.0000,236868,-12,0.0000,42.0000,15,27,空平,B,2473.0000,0.0000,0.0000,0.0000,0.0000,2474.0000,0.0000,0.0000,0.0000,0.0000,4,0,0,0,0,51,0,0,0,0
zc,WS301,2012-06-04 09:01:36.473,2473.0000,236858,-10,0.0000,16.0000,3,13,多平,S,2472.0000,0.0000,0.0000,0.0000,0.0000,2473.0000,0.0000,0.0000,0.0000,0.0000,327,0,0,0,0,42,0,0,0,0
zc,WS301,2012-06-04 09:01:37.270,2473.0000,236780,-78,0.0000,84.0000,3,81,多平,S,2473.0000,0.0000,0.0000,0.0000,0.0000,2474.0000,0.0000,0.0000,0.0000,0.0000,3,0,0,0,0,55,0,0,0,0
zc,WS301,2012-06-04 09:01:37.987,2473.0000,236762,-18,0.0000,18.0000,0,18,双平,S,2472.0000,0.0000,0.0000,0.0000,0.0000,2473.0000,0.0000,0.0000,0.0000,0.0000,327,0,0,0,0,1,0,0,0,0
zc,WS301,2012-06-04 09:01:39.283,2472.0000,236762,0,0.0000,2.0000,1,1,空换,S,2472.0000,0.0000,0.0000,0.0000,0.0000,2473.0000,0.0000,0.0000,0.0000,0.0000,326,0,0,0,0,11,0,0,0,0
zc,WS301,2012-06-04 09:01:39.723,2473.0000,236742,-20,0.0000,46.0000,13,33,空平,B,2473.0000,0.0000,0.0000,0.0000,0.0000,2474.0000,0.0000,0.0000,0.0000,0.0000,3,0,0,0,0,57,0,0,0,0
zc,WS301,2012-06-04 09:01:40.533,2473.0000,236744,2,0.0000,2.0000,2,0,双开,B,2473.0000,0.0000,0.0000,0.0000,0.0000,2474.0000,0.0000,0.0000,0.0000,0.0000,4,0,0,0,0,58,0,0,0,0
zc,WS301,2012-06-04 09:01:41.223,2473.0000,236744,0,0.0000,0.0000,0,0,多换,B,2473.0000,0.0000,0.0000,0.0000,0.0000,2474.0000,0.0000,0.0000,0.0000,0.0000,35,0,0,0,0,59,0,0,0,0
zc,WS301,2012-06-04 09:01:42.457,2473.0000,236742,-2,0.0000,18.0000,8,10,空平,B,2473.0000,0.0000,0.0000,0.0000,0.0000,2474.0000,0.0000,0.0000,0.0000,0.0000,27,0,0,0,0,65,0,0,0,0
zc,WS301,2012-06-04 09:01:42.973,2473.0000,236758,16,0.0000,20.0000,18,2,多开,B,2473.0000,0.0000,0.0000,0.0000,0.0000,2474.0000,0.0000,0.0000,0.0000,0.0000,24,0,0,0,0,58,0,0,0,0
zc,WS301,2012-06-04 09:01:43.473,2473.0000,236722,-36,0.0000,48.0000,6,42,空平,B,2472.0000,0.0000,0.0000,0.0000,0.0000,2473.0000,0.0000,0.0000,0.0000,0.0000,293,0,0,0,0,1,0,0,0,0
zc,WS301,2012-06-04 09:01:44.253,2473.0000,236722,0,0.0000,4.0000,2,2,多换,B,2473.0000,0.0000,0.0000,0.0000,0.0000,2474.0000,0.0000,0.0000,0.0000,0.0000,13,0,0,0,0,58,0,0,0,0
zc,WS301,2012-06-04 09:01:44.737,2473.0000,236726,4,0.0000,4.0000,4,0,双开,B,2473.0000,0.0000,0.0000,0.0000,0.0000,2474.0000,0.0000,0.0000,0.0000,0.0000,11,0,0,0,0,58,0,0,0,0
zc,WS301,2012-06-04 09:01:45.440,2473.0000,236734,8,0.0000,16.0000,12,4,多开,B,2473.0000,0.0000,0.0000,0.0000,0.0000,2474.0000,0.0000,0.0000,0.0000,0.0000,506,0,0,0,0,56,0,0,0,0
zc,WS301,2012-06-04 09:01:46.737,2474.0000,236718,-16,0.0000,114.0000,49,65,空平,B,2473.0000,0.0000,0.0000,0.0000,0.0000,2474.0000,0.0000,0.0000,0.0000,0.0000,503,0,0,0,0,7,0,0,0,0
zc,WS301,2012-06-04 09:01:47.520,2474.0000,236714,-4,0.0000,32.0000,14,18,空平,B,2473.0000,0.0000,0.0000,0.0000,0.0000,2474.0000,0.0000,0.0000,0.0000,0.0000,489,0,0,0,0,5,0,0,0,0
zc,WS301,2012-06-04 09:01:48.020,2474.0000,236714,0,0.0000,4.0000,2,2,多换,B,2473.0000,0.0000,0.0000,0.0000,0.0000,2474.0000,0.0000,0.0000,0.0000,0.0000,489,0,0,0,0,26,0,0,0,0
zc,WS301,2012-06-04 09:01:48.723,2473.0000,236716,2,0.0000,2.0000,2,0,双开,S,2473.0000,0.0000,0.0000,0.0000,0.0000,2474.0000,0.0000,0.0000,0.0000,0.0000,488,0,0,0,0,26,0,0,0,0
zc,WS301,2012-06-04 09:01:49.190,2473.0000,236714,-2,0.0000,56.0000,27,29,多平,S,2473.0000,0.0000,0.0000,0.0000,0.0000,2474.0000,0.0000,0.0000,0.0000,0.0000,491,0,0,0,0,1,0,0,0,0
zc,WS301,2012-06-04 09:01:49.973,2474.0000,236718,4,0.0000,10.0000,7,3,多开,B,2474.0000,0.0000,0.0000,0.0000,0.0000,2475.0000,0.0000,0.0000,0.0000,0.0000,46,0,0,0,0,273,0,0,0,0
zc,WS301,2012-06-04 09:01:50.503,2474.0000,236744,26,0.0000,34.0000,30,4,多开,B,2474.0000,0.0000,0.0000,0.0000,0.0000,2475.0000,0.0000,0.0000,0.0000,0.0000,89,0,0,0,0,264,0,0,0,0
zc,WS301,2012-06-04 09:01:51.207,2474.0000,236746,2,0.0000,2.0000,2,0,双开,B,2474.0000,0.0000,0.0000,0.0000,0.0000,2475.0000,0.0000,0.0000,0.0000,0.0000,88,0,0,0,0,264,0,0,0,0
zc,WS301,2012-06-04 09:01:51.737,2474.0000,236748,2,0.0000,12.0000,7,5,多开,B,2474.0000,0.0000,0.0000,0.0000,0.0000,2475.0000,0.0000,0.0000,0.0000,0.0000,82,0,0,0,0,264,0,0,0,0
zc,WS301,2012-06-04 09:01:52.957,2474.0000,236748,0,0.0000,4.0000,2,2,多换,B,2474.0000,0.0000,0.0000,0.0000,0.0000,2475.0000,0.0000,0.0000,0.0000,0.0000,89,0,0,0,0,264,0,0,0,0
zc,WS301,2012-06-04 09:01:53.707,2474.0000,236750,2,0.0000,2.0000,2,0,双开,B,2474.0000,0.0000,0.0000,0.0000,0.0000,2475.0000,0.0000,0.0000,0.0000,0.0000,88,0,0,0,0,265,0,0,0,0
zc,WS301,2012-06-04 09:01:54.190,2475.0000,237100,350,0.0000,400.0000,375,25,多开,B,2474.0000,0.0000,0.0000,0.0000,0.0000,2475.0000,0.0000,0.0000,0.0000,0.0000,89,0,0,0,0,59,0,0,0,0
zc,WS301,2012-06-04 09:01:54.753,2475.0000,237100,0,0.0000,0.0000,0,0,多换,B,2474.0000,0.0000,0.0000,0.0000,0.0000,2475.0000,0.0000,0.0000,0.0000,0.0000,92,0,0,0,0,59,0,0,0,0
zc,WS301,2012-06-04 09:01:55.520,2474.0000,237100,0,0.0000,4.0000,2,2,空换,S,2474.0000,0.0000,0.0000,0.0000,0.0000,2475.0000,0.0000,0.0000,0.0000,0.0000,92,0,0,0,0,72,0,0,0,0
zc,WS301,2012-06-04 09:01:56.190,2475.0000,237102,2,0.0000,6.0000,4,2,多开,B,2474.0000,0.0000,0.0000,0.0000,0.0000,2475.0000,0.0000,0.0000,0.0000,0.0000,90,0,0,0,0,71,0,0,0,0
zc,WS301,2012-06-04 09:01:56.973,2474.0000,237112,10,0.0000,10.0000,10,0,双开,S,2474.0000,0.0000,0.0000,0.0000,0.0000,2475.0000,0.0000,0.0000,0.0000,0.0000,185,0,0,0,0,75,0,0,0,0
zc,WS301,2012-06-04 09:01:57.223,2475.0000,237108,-4,0.0000,6.0000,1,5,空平,B,2474.0000,0.0000,0.0000,0.0000,0.0000,2475.0000,0.0000,0.0000,0.0000,0.0000,185,0,0,0,0,72,0,0,0,0
zc,WS301,2012-06-04 09:01:57.987,2475.0000,237068,-40,0.0000,56.0000,8,48,空平,B,2474.0000,0.0000,0.0000,0.0000,0.0000,2475.0000,0.0000,0.0000,0.0000,0.0000,181,0,0,0,0,48,0,0,0,0
zc,WS301,2012-06-04 09:01:58.457,2475.0000,237010,-58,0.0000,60.0000,1,59,空平,B,2474.0000,0.0000,0.0000,0.0000,0.0000,2475.0000,0.0000,0.0000,0.0000,0.0000,181,0,0,0,0,18,0,0,0,0
zc,WS301,2012-06-04 09:01:59.253,2475.0000,237016,6,0.0000,44.0000,25,19,多开,B,2475.0000,0.0000,0.0000,0.0000,0.0000,2476.0000,0.0000,0.0000,0.0000,0.0000,140,0,0,0,0,388,0,0,0,0
zc,WS301,2012-06-04 09:01:59.723,2475.0000,237006,-10,0.0000,10.0000,0,10,双平,B,2475.0000,0.0000,0.0000,0.0000,0.0000,2476.0000,0.0000,0.0000,0.0000,0.0000,135,0,0,0,0,383,0,0,0,0
zc,WS301,2012-06-04 09:02:00.440,2475.0000,237002,-4,0.0000,4.0000,0,4,双平,B,2475.0000,0.0000,0.0000,0.0000,0.0000,2476.0000,0.0000,0.0000,0.0000,0.0000,136,0,0,0,0,383,0,0,0,0
zc,WS301,2012-06-04 09:02:00.737,2475.0000,237002,0,0.0000,0.0000,0,0,多换,B,2475.0000,0.0000,0.0000,0.0000,0.0000,2476.0000,0.0000,0.0000,0.0000,0.0000,146,0,0,0,0,383,0,0,0,0
zc,WS301,2012-06-04 09:02:01.427,2475.0000,236992,-10,0.0000,10.0000,0,10,双平,B,2475.0000,0.0000,0.0000,0.0000,0.0000,2476.0000,0.0000,0.0000,0.0000,0.0000,150,0,0,0,0,378,0,0,0,0
zc,WS301,2012-06-04 09:02:02.190,2476.0000,236994,2,0.0000,18.0000,10,8,多开,B,2475.0000,0.0000,0.0000,0.0000,0.0000,2476.0000,0.0000,0.0000,0.0000,0.0000,148,0,0,0,0,372,0,0,0,0
zc,WS301,2012-06-04 09:02:02.723,2476.0000,236958,-36,0.0000,150.0000,57,93,空平,B,2475.0000,0.0000,0.0000,0.0000,0.0000,2476.0000,0.0000,0.0000,0.0000,0.0000,76,0,0,0,0,376,0,0,0,0
zc,WS301,2012-06-04 09:02:03.427,2475.0000,236958,0,0.0000,4.0000,2,2,空换,S,2475.0000,0.0000,0.0000,0.0000,0.0000,2476.0000,0.0000,0.0000,0.0000,0.0000,74,0,0,0,0,394,0,0,0,0
zc,WS301,2012-06-04 09:02:03.973,2476.0000,236964,6,0.0000,200.0000,103,97,多开,B,2475.0000,0.0000,0.0000,0.0000,0.0000,2476.0000,0.0000,0.0000,0.0000,0.0000,74,0,0,0,0,295,0,0,0,0
zc,WS301,2012-06-04 09:02:04.753,2475.0000,236964,0,0.0000,4.0000,2,2,空换,S,2475.0000,0.0000,0.0000,0.0000,0.0000,2476.0000,0.0000,0.0000,0.0000,0.0000,73,0,0,0,0,294,0,0,0,0
zc,WS301,2012-06-04 09:02:05.207,2475.0000,236964,0,0.0000,10.0000,5,5,空换,S,2475.0000,0.0000,0.0000,0.0000,0.0000,2476.0000,0.0000,0.0000,0.0000,0.0000,79,0,0,0,0,292,0,0,0,0
zc,WS301,2012-06-04 09:02:06.207,2475.0000,236964,0,0.0000,10.0000,5,5,空换,S,2475.0000,0.0000,0.0000,0.0000,0.0000,2476.0000,0.0000,0.0000,0.0000,0.0000,66,0,0,0,0,292,0,0,0,0
zc,WS301,2012-06-04 09:02:06.957,2475.0000,236934,-30,0.0000,36.0000,3,33,多平,S,2475.0000,0.0000,0.0000,0.0000,0.0000,2476.0000,0.0000,0.0000,0.0000,0.0000,49,0,0,0,0,291,0,0,0,0
zc,WS301,2012-06-04 09:02:07.503,2475.0000,236934,0,0.0000,0.0000,0,0,空换,S,2475.0000,0.0000,0.0000,0.0000,0.0000,2476.0000,0.0000,0.0000,0.0000,0.0000,49,0,0,0,0,293,0,0,0,0
zc,WS301,2012-06-04 09:02:08.207,2475.0000,236934,0,0.0000,22.0000,11,11,空换,S,2475.0000,0.0000,0.0000,0.0000,0.0000,2476.0000,0.0000,0.0000,0.0000,0.0000,49,0,0,0,0,284,0,0,0,0
zc,WS301,2012-06-04 09:02:08.770,2475.0000,236934,0,0.0000,52.0000,26,26,空换,S,2475.0000,0.0000,0.0000,0.0000,0.0000,2476.0000,0.0000,0.0000,0.0000,0.0000,40,0,0,0,0,274,0,0,0,0
zc,WS301,2012-06-04 09:02:10.020,2475.0000,236980,46,0.0000,82.0000,64,18,空开,S,2474.0000,0.0000,0.0000,0.0000,0.0000,2475.0000,0.0000,0.0000,0.0000,0.0000,202,0,0,0,0,115,0,0,0,0
zc,WS301,2012-06-04 09:02:10.707,2475.0000,237008,28,0.0000,28.0000,28,0,双开,S,2474.0000,0.0000,0.0000,0.0000,0.0000,2475.0000,0.0000,0.0000,0.0000,0.0000,202,0,0,0,0,101,0,0,0,0
zc,WS301,2012-06-04 09:02:11.223,2475.0000,237008,0,0.0000,0.0000,0,0,空换,S,2474.0000,0.0000,0.0000,0.0000,0.0000,2475.0000,0.0000,0.0000,0.0000,0.0000,202,0,0,0,0,102,0,0,0,0
zc,WS301,2012-06-04 09:02:11.707,2475.0000,237008,0,0.0000,8.0000,4,4,空换,S,2474.0000,0.0000,0.0000,0.0000,0.0000,2475.0000,0.0000,0.0000,0.0000,0.0000,202,0,0,0,0,100,0,0,0,0
zc,WS301,2012-06-04 09:02:13.003,2475.0000,237008,0,0.0000,0.0000,0,0,空换,S,2474.0000,0.0000,0.0000,0.0000,0.0000,2475.0000,0.0000,0.0000,0.0000,0.0000,202,0,0,0,0,101,0,0,0,0
zc,WS301,2012-06-04 09:02:13.440,2475.0000,237146,138,0.0000,160.0000,149,11,空开,S,2474.0000,0.0000,0.0000,0.0000,0.0000,2475.0000,0.0000,0.0000,0.0000,0.0000,192,0,0,0,0,96,0,0,0,0
zc,WS301,2012-06-04 09:02:14.270,2475.0000,237158,12,0.0000,12.0000,12,0,双开,S,2474.0000,0.0000,0.0000,0.0000,0.0000,2475.0000,0.0000,0.0000,0.0000,0.0000,193,0,0,0,0,90,0,0,0,0
zc,WS301,2012-06-04 09:02:14.677,2475.0000,237158,0,0.0000,0.0000,0,0,空换,S,2474.0000,0.0000,0.0000,0.0000,0.0000,2475.0000,0.0000,0.0000,0.0000,0.0000,193,0,0,0,0,91,0,0,0,0
zc,WS301,2012-06-04 09:02:15.190,2475.0000,237204,46,0.0000,46.0000,46,0,双开,S,2474.0000,0.0000,0.0000,0.0000,0.0000,2475.0000,0.0000,0.0000,0.0000,0.0000,190,0,0,0,0,72,0,0,0,0
zc,WS301,2012-06-04 09:02:16.003,2475.0000,237198,-6,0.0000,12.0000,3,9,多平,S,2474.0000,0.0000,0.0000,0.0000,0.0000,2475.0000,0.0000,0.0000,0.0000,0.0000,190,0,0,0,0,67,0,0,0,0
zc,WS301,2012-06-04 09:02:16.440,2475.0000,237194,-4,0.0000,4.0000,0,4,双平,S,2474.0000,0.0000,0.0000,0.0000,0.0000,2475.0000,0.0000,0.0000,0.0000,0.0000,190,0,0,0,0,65,0,0,0,0
zc,WS301,2012-06-04 09:02:17.207,2475.0000,237190,-4,0.0000,4.0000,0,4,双平,S,2474.0000,0.0000,0.0000,0.0000,0.0000,2475.0000,0.0000,0.0000,0.0000,0.0000,190,0,0,0,0,71,0,0,0,0
zc,WS301,2012-06-04 09:02:18.003,2475.0000,237190,0,0.0000,24.0000,12,12,空换,S,2474.0000,0.0000,0.0000,0.0000,0.0000,2475.0000,0.0000,0.0000,0.0000,0.0000,190,0,0,0,0,59,0,0,0,0
zc,WS301,2012-06-04 09:02:18.597,2475.0000,237190,0,0.0000,6.0000,3,3,空换,S,2474.0000,0.0000,0.0000,0.0000,0.0000,2475.0000,0.0000,0.0000,0.0000,0.0000,200,0,0,0,0,57,0,0,0,0
zc,WS301,2012-06-04 09:02:19.207,2475.0000,237190,0,0.0000,4.0000,2,2,空换,S,2474.0000,0.0000,0.0000,0.0000,0.0000,2475.0000,0.0000,0.0000,0.0000,0.0000,205,0,0,0,0,55,0,0,0,0
zc,WS301,2012-06-04 09:02:19.707,2475.0000,237174,-16,0.0000,16.0000,0,16,双平,S,2474.0000,0.0000,0.0000,0.0000,0.0000,2475.0000,0.0000,0.0000,0.0000,0.0000,205,0,0,0,0,47,0,0,0,0
zc,WS301,2012-06-04 09:02:20.783,2475.0000,237174,0,0.0000,0.0000,0,0,空换,S,2474.0000,0.0000,0.0000,0.0000,0.0000,2475.0000,0.0000,0.0000,0.0000,0.0000,205,0,0,0,0,48,0,0,0,0
zc,WS301,2012-06-04 09:02:21.503,2475.0000,237174,0,0.0000,2.0000,1,1,空换,S,2474.0000,0.0000,0.0000,0.0000,0.0000,2475.0000,0.0000,0.0000,0.0000,0.0000,205,0,0,0,0,50,0,0,0,0
zc,WS301,2012-06-04 09:02:21.940,2475.0000,237174,0,0.0000,0.0000,0,0,空换,S,2474.0000,0.0000,0.0000,0.0000,0.0000,2475.0000,0.0000,0.0000,0.0000,0.0000,205,0,0,0,0,55,0,0,0,0
zc,WS301,2012-06-04 09:02:22.473,2474.0000,237178,4,0.0000,14.0000,9,5,空开,S,2474.0000,0.0000,0.0000,0.0000,0.0000,2475.0000,0.0000,0.0000,0.0000,0.0000,198,0,0,0,0,56,0,0,0,0
zc,WS301,2012-06-04 09:02:22.957,2474.0000,237178,0,0.0000,0.0000,0,0,空换,S,2474.0000,0.0000,0.0000,0.0000,0.0000,2475.0000,0.0000,0.0000,0.0000,0.0000,198,0,0,0,0,60,0,0,0,0
zc,WS301,2012-06-04 09:02:23.660,2474.0000,237182,4,0.0000,4.0000,4,0,双开,S,2474.0000,0.0000,0.0000,0.0000,0.0000,2475.0000,0.0000,0.0000,0.0000,0.0000,196,0,0,0,0,60,0,0,0,0
zc,WS301,2012-06-04 09:02:24.410,2475.0000,237180,-2,0.0000,6.0000,2,4,空平,B,2474.0000,0.0000,0.0000,0.0000,0.0000,2475.0000,0.0000,0.0000,0.0000,0.0000,196,0,0,0,0,57,0,0,0,0
zc,WS301,2012-06-04 09:02:24.973,2474.0000,237180,0,0.0000,2.0000,1,1,空换,S,2474.0000,0.0000,0.0000,0.0000,0.0000,2475.0000,0.0000,0.0000,0.0000,0.0000,195,0,0,0,0,53,0,0,0,0
zc,WS301,2012-06-04 09:02:25.723,2475.0000,237184,4,0.0000,6.0000,5,1,多开,B,2474.0000,0.0000,0.0000,0.0000,0.0000,2475.0000,0.0000,0.0000,0.0000,0.0000,194,0,0,0,0,72,0,0,0,0
zc,WS301,2012-06-04 09:02:26.237,2474.0000,237188,4,0.0000,4.0000,4,0,双开,S,2474.0000,0.0000,0.0000,0.0000,0.0000,2475.0000,0.0000,0.0000,0.0000,0.0000,192,0,0,0,0,72,0,0,0,0
zc,WS301,2012-06-04 09:02:26.660,2474.0000,237188,0,0.0000,0.0000,0,0,空换,S,2474.0000,0.0000,0.0000,0.0000,0.0000,2475.0000,0.0000,0.0000,0.0000,0.0000,192,0,0,0,0,73,0,0,0,0
zc,WS301,2012-06-04 09:02:27.207,2474.0000,237188,0,0.0000,0.0000,0,0,空换,S,2474.0000,0.0000,0.0000,0.0000,0.0000,2475.0000,0.0000,0.0000,0.0000,0.0000,192,0,0,0,0,74,0,0,0,0
zc,WS301,2012-06-04 09:02:27.973,2474.0000,237200,12,0.0000,14.0000,13,1,空开,S,2474.0000,0.0000,0.0000,0.0000,0.0000,2475.0000,0.0000,0.0000,0.0000,0.0000,185,0,0,0,0,82,0,0,0,0
zc,WS301,2012-06-04 09:02:28.473,2474.0000,237204,4,0.0000,4.0000,4,0,双开,S,2474.0000,0.0000,0.0000,0.0000,0.0000,2475.0000,0.0000,0.0000,0.0000,0.0000,183,0,0,0,0,88,0,0,0,0
zc,WS301,2012-06-04 09:02:29.177,2474.0000,237204,0,0.0000,0.0000,0,0,空换,S,2474.0000,0.0000,0.0000,0.0000,0.0000,2475.0000,0.0000,0.0000,0.0000,0.0000,193,0,0,0,0,416,0,0,0,0
zc,WS301,2012-06-04 09:02:29.677,2474.0000,237318,114,0.0000,120.0000,117,3,空开,S,2474.0000,0.0000,0.0000,0.0000,0.0000,2475.0000,0.0000,0.0000,0.0000,0.0000,134,0,0,0,0,409,0,0,0,0
zc,WS301,2012-06-04 09:02:30.427,2474.0000,237322,4,0.0000,136.0000,70,66,空开,S,2474.0000,0.0000,0.0000,0.0000,0.0000,2475.0000,0.0000,0.0000,0.0000,0.0000,66,0,0,0,0,408,0,0,0,0
zc,WS301,2012-06-04 09:02:31.457,2474.0000,237360,38,0.0000,260.0000,149,111,空开,S,2474.0000,0.0000,0.0000,0.0000,0.0000,2475.0000,0.0000,0.0000,0.0000,0.0000,47,0,0,0,0,296,0,0,0,0
zc,WS301,2012-06-04 09:02:32.190,2474.0000,237340,-20,0.0000,30.0000,5,25,多平,S,2474.0000,0.0000,0.0000,0.0000,0.0000,2475.0000,0.0000,0.0000,0.0000,0.0000,36,0,0,0,0,309,0,0,0,0
zc,WS301,2012-06-04 09:02:32.690,2474.0000,237316,-24,0.0000,28.0000,2,26,多平,S,2474.0000,0.0000,0.0000,0.0000,0.0000,2475.0000,0.0000,0.0000,0.0000,0.0000,35,0,0,0,0,292,0,0,0,0
zc,WS301,2012-06-04 09:02:33.427,2474.0000,237304,-12,0.0000,34.0000,11,23,多平,S,2474.0000,0.0000,0.0000,0.0000,0.0000,2475.0000,0.0000,0.0000,0.0000,0.0000,18,0,0,0,0,294,0,0,0,0
zc,WS301,2012-06-04 09:02:34.003,2474.0000,237306,2,0.0000,2.0000,2,0,双开,S,2474.0000,0.0000,0.0000,0.0000,0.0000,2475.0000,0.0000,0.0000,0.0000,0.0000,17,0,0,0,0,295,0,0,0,0
zc,WS301,2012-06-04 09:02:34.723,2474.0000,237290,-16,0.0000,52.0000,18,34,多平,S,2473.0000,0.0000,0.0000,0.0000,0.0000,2474.0000,0.0000,0.0000,0.0000,0.0000,607,0,0,0,0,1,0,0,0,0
zc,WS301,2012-06-04 09:02:35.223,2475.0000,237130,-160,0.0000,170.0000,5,165,空平,B,2473.0000,0.0000,0.0000,0.0000,0.0000,2474.0000,0.0000,0.0000,0.0000,0.0000,602,0,0,0,0,1,0,0,0,0
zc,WS301,2012-06-04 09:02:35.940,2475.0000,237130,0,0.0000,2.0000,1,1,多换,B,2473.0000,0.0000,0.0000,0.0000,0.0000,2474.0000,0.0000,0.0000,0.0000,0.0000,602,0,0,0,0,6,0,0,0,0
zc,WS301,2012-06-04 09:02:36.473,2474.0000,237132,2,0.0000,4.0000,3,1,空开,S,2473.0000,0.0000,0.0000,0.0000,0.0000,2474.0000,0.0000,0.0000,0.0000,0.0000,602,0,0,0,0,14,0,0,0,0
zc,WS301,2012-06-04 09:02:36.940,2473.0000,237158,26,0.0000,50.0000,38,12,空开,S,2473.0000,0.0000,0.0000,0.0000,0.0000,2475.0000,0.0000,0.0000,0.0000,0.0000,604,0,0,0,0,220,0,0,0,0
zc,WS301,2012-06-04 09:02:38.237,2473.0000,237158,0,0.0000,202.0000,101,101,空换,S,2474.0000,0.0000,0.0000,0.0000,0.0000,2475.0000,0.0000,0.0000,0.0000,0.0000,30,0,0,0,0,120,0,0,0,0
zc,WS301,2012-06-04 09:02:38.927,2474.0000,237166,8,0.0000,8.0000,8,0,双开,B,2474.0000,0.0000,0.0000,0.0000,0.0000,2475.0000,0.0000,0.0000,0.0000,0.0000,106,0,0,0,0,116,0,0,0,0
zc,WS301,2012-06-04 09:02:39.457,2474.0000,237166,0,0.0000,0.0000,0,0,多换,B,2474.0000,0.0000,0.0000,0.0000,0.0000,2475.0000,0.0000,0.0000,0.0000,0.0000,156,0,0,0,0,120,0,0,0,0
zc,WS301,2012-06-04 09:02:40.283,2474.0000,237166,0,0.0000,0.0000,0,0,多换,B,2474.0000,0.0000,0.0000,0.0000,0.0000,2475.0000,0.0000,0.0000,0.0000,0.0000,158,0,0,0,0,121,0,0,0,0
zc,WS301,2012-06-04 09:02:40.783,2474.0000,237178,12,0.0000,28.0000,20,8,多开,B,2474.0000,0.0000,0.0000,0.0000,0.0000,2475.0000,0.0000,0.0000,0.0000,0.0000,146,0,0,0,0,121,0,0,0,0
zc,WS301,2012-06-04 09:02:41.457,2474.0000,237180,2,0.0000,2.0000,2,0,双开,B,2474.0000,0.0000,0.0000,0.0000,0.0000,2475.0000,0.0000,0.0000,0.0000,0.0000,145,0,0,0,0,123,0,0,0,0
zc,WS301,2012-06-04 09:02:41.987,2474.0000,237182,2,0.0000,2.0000,2,0,双开,B,2474.0000,0.0000,0.0000,0.0000,0.0000,2475.0000,0.0000,0.0000,0.0000,0.0000,150,0,0,0,0,126,0,0,0,0
zc,WS301,2012-06-04 09:02:42.800,2475.0000,237180,-2,0.0000,2.0000,0,2,双平,B,2474.0000,0.0000,0.0000,0.0000,0.0000,2475.0000,0.0000,0.0000,0.0000,0.0000,150,0,0,0,0,132,0,0,0,0
zc,WS301,2012-06-04 09:02:43.177,2475.0000,237212,32,0.0000,268.0000,150,118,多开,B,2475.0000,0.0000,0.0000,0.0000,0.0000,2476.0000,0.0000,0.0000,0.0000,0.0000,88,0,0,0,0,296,0,0,0,0
zc,WS301,2012-06-04 09:02:43.987,2475.0000,237214,2,0.0000,2.0000,2,0,双开,B,2475.0000,0.0000,0.0000,0.0000,0.0000,2476.0000,0.0000,0.0000,0.0000,0.0000,88,0,0,0,0,297,0,0,0,0
zc,WS301,2012-06-04 09:02:44.487,2475.0000,237224,10,0.0000,20.0000,15,5,多开,B,2475.0000,0.0000,0.0000,0.0000,0.0000,2476.0000,0.0000,0.0000,0.0000,0.0000,78,0,0,0,0,317,0,0,0,0
zc,WS301,2012-06-04 09:02:45.253,2475.0000,237238,14,0.0000,14.0000,14,0,双开,B,2475.0000,0.0000,0.0000,0.0000,0.0000,2476.0000,0.0000,0.0000,0.0000,0.0000,71,0,0,0,0,316,0,0,0,0
zc,WS301,2012-06-04 09:02:45.753,2476.0000,237224,-14,0.0000,18.0000,2,16,空平,B,2475.0000,0.0000,0.0000,0.0000,0.0000,2476.0000,0.0000,0.0000,0.0000,0.0000,70,0,0,0,0,308,0,0,0,0
zc,WS301,2012-06-04 09:02:46.597,2475.0000,237228,4,0.0000,16.0000,10,6,空开,S,2475.0000,0.0000,0.0000,0.0000,0.0000,2476.0000,0.0000,0.0000,0.0000,0.0000,61,0,0,0,0,306,0,0,0,0
zc,WS301,2012-06-04 09:02:47.033,2476.0000,237248,20,0.0000,26.0000,23,3,多开,B,2475.0000,0.0000,0.0000,0.0000,0.0000,2476.0000,0.0000,0.0000,0.0000,0.0000,49,0,0,0,0,305,0,0,0,0
zc,WS301,2012-06-04 09:02:48.003,2475.0000,237252,4,0.0000,8.0000,6,2,空开,S,2475.0000,0.0000,0.0000,0.0000,0.0000,2476.0000,0.0000,0.0000,0.0000,0.0000,126,0,0,0,0,303,0,0,0,0
zc,WS301,2012-06-04 09:02:48.473,2475.0000,237296,44,0.0000,100.0000,72,28,空开,S,2475.0000,0.0000,0.0000,0.0000,0.0000,2476.0000,0.0000,0.0000,0.0000,0.0000,103,0,0,0,0,276,0,0,0,0
zc,WS301,2012-06-04 09:02:48.957,2475.0000,237300,4,0.0000,16.0000,10,6,空开,S,2475.0000,0.0000,0.0000,0.0000,0.0000,2476.0000,0.0000,0.0000,0.0000,0.0000,101,0,0,0,0,269,0,0,0,0
zc,WS301,2012-06-04 09:02:49.503,2475.0000,237300,0,0.0000,2.0000,1,1,空换,S,2475.0000,0.0000,0.0000,0.0000,0.0000,2476.0000,0.0000,0.0000,0.0000,0.0000,100,0,0,0,0,269,0,0,0,0
zc,WS301,2012-06-04 09:02:50.503,2475.0000,237300,0,0.0000,10.0000,5,5,空换,S,2475.0000,0.0000,0.0000,0.0000,0.0000,2476.0000,0.0000,0.0000,0.0000,0.0000,95,0,0,0,0,269,0,0,0,0
zc,WS301,2012-06-04 09:02:50.690,2475.0000,237300,0,0.0000,4.0000,2,2,空换,S,2475.0000,0.0000,0.0000,0.0000,0.0000,2476.0000,0.0000,0.0000,0.0000,0.0000,93,0,0,0,0,269,0,0,0,0
zc,WS301,2012-06-04 09:02:51.457,2475.0000,237310,10,0.0000,10.0000,10,0,双开,S,2475.0000,0.0000,0.0000,0.0000,0.0000,2476.0000,0.0000,0.0000,0.0000,0.0000,111,0,0,0,0,269,0,0,0,0
zc,WS301,2012-06-04 09:02:51.987,2475.0000,237270,-40,0.0000,222.0000,91,131,多平,S,2474.0000,0.0000,0.0000,0.0000,0.0000,2475.0000,0.0000,0.0000,0.0000,0.0000,213,0,0,0,0,9,0,0,0,0
zc,WS301,2012-06-04 09:02:52.737,2474.0000,237270,0,0.0000,2.0000,1,1,空换,S,2474.0000,0.0000,0.0000,0.0000,0.0000,2475.0000,0.0000,0.0000,0.0000,0.0000,212,0,0,0,0,9,0,0,0,0
zc,WS301,2012-06-04 09:02:53.223,2475.0000,237270,0,0.0000,2.0000,1,1,多换,B,2474.0000,0.0000,0.0000,0.0000,0.0000,2475.0000,0.0000,0.0000,0.0000,0.0000,206,0,0,0,0,8,0,0,0,0
zc,WS301,2012-06-04 09:02:54.253,2475.0000,237270,0,0.0000,0.0000,0,0,多换,B,2474.0000,0.0000,0.0000,0.0000,0.0000,2475.0000,0.0000,0.0000,0.0000,0.0000,207,0,0,0,0,27,0,0,0,0
zc,WS301,2012-06-04 09:02:54.690,2475.0000,237270,0,0.0000,0.0000,0,0,多换,B,2474.0000,0.0000,0.0000,0.0000,0.0000,2475.0000,0.0000,0.0000,0.0000,0.0000,222,0,0,0,0,27,0,0,0,0
zc,WS301,2012-06-04 09:02:55.503,2474.0000,237270,0,0.0000,6.0000,3,3,空换,S,2474.0000,0.0000,0.0000,0.0000,0.0000,2475.0000,0.0000,0.0000,0.0000,0.0000,219,0,0,0,0,27,0,0,0,0
zc,WS301,2012-06-04 09:02:56.003,2474.0000,237270,0,0.0000,0.0000,0,0,空换,S,2474.0000,0.0000,0.0000,0.0000,0.0000,2475.0000,0.0000,0.0000,0.0000,0.0000,219,0,0,0,0,78,0,0,0,0
zc,WS301,2012-06-04 09:02:56.770,2475.0000,237276,6,0.0000,12.0000,9,3,多开,B,2474.0000,0.0000,0.0000,0.0000,0.0000,2475.0000,0.0000,0.0000,0.0000,0.0000,229,0,0,0,0,84,0,0,0,0
zc,WS301,2012-06-04 09:02:57.253,2475.0000,237400,124,0.0000,306.0000,215,91,多开,B,2474.0000,0.0000,0.0000,0.0000,0.0000,2475.0000,0.0000,0.0000,0.0000,0.0000,227,0,0,0,0,62,0,0,0,0
zc,WS301,2012-06-04 09:02:58.457,2475.0000,237400,0,0.0000,0.0000,0,0,多换,B,2474.0000,0.0000,0.0000,0.0000,0.0000,2475.0000,0.0000,0.0000,0.0000,0.0000,229,0,0,0,0,62,0,0,0,0
zc,WS301,2012-06-04 09:02:59.237,2475.0000,237400,0,0.0000,20.0000,10,10,多换,B,2474.0000,0.0000,0.0000,0.0000,0.0000,2475.0000,0.0000,0.0000,0.0000,0.0000,229,0,0,0,0,53,0,0,0,0
zc,WS301,2012-06-04 09:03:00.020,2475.0000,237420,20,0.0000,20.0000,20,0,双开,B,2474.0000,0.0000,0.0000,0.0000,0.0000,2475.0000,0.0000,0.0000,0.0000,0.0000,229,0,0,0,0,44,0,0,0,0
zc,WS301,2012-06-04 09:03:00.487,2475.0000,237420,0,0.0000,0.0000,0,0,多换,B,2474.0000,0.0000,0.0000,0.0000,0.0000,2475.0000,0.0000,0.0000,0.0000,0.0000,232,0,0,0,0,44,0,0,0,0
zc,WS301,2012-06-04 09:03:01.033,2475.0000,237416,-4,0.0000,92.0000,44,48,空平,B,2475.0000,0.0000,0.0000,0.0000,0.0000,2476.0000,0.0000,0.0000,0.0000,0.0000,108,0,0,0,0,262,0,0,0,0
zc,WS301,2012-06-04 09:03:01.520,2475.0000,237390,-26,0.0000,34.0000,4,30,空平,B,2475.0000,0.0000,0.0000,0.0000,0.0000,2476.0000,0.0000,0.0000,0.0000,0.0000,93,0,0,0,0,272,0,0,0,0
zc,WS301,2012-06-04 09:03:02.237,2475.0000,237386,-4,0.0000,4.0000,0,4,双平,B,2475.0000,0.0000,0.0000,0.0000,0.0000,2476.0000,0.0000,0.0000,0.0000,0.0000,91,0,0,0,0,274,0,0,0,0
zc,WS301,2012-06-04 09:03:02.723,2475.0000,237386,0,0.0000,2.0000,1,1,多换,B,2475.0000,0.0000,0.0000,0.0000,0.0000,2476.0000,0.0000,0.0000,0.0000,0.0000,98,0,0,0,0,274,0,0,0,0
zc,WS301,2012-06-04 09:03:03.487,2475.0000,237386,0,0.0000,56.0000,28,28,多换,B,2475.0000,0.0000,0.0000,0.0000,0.0000,2476.0000,0.0000,0.0000,0.0000,0.0000,70,0,0,0,0,270,0,0,0,0
zc,WS301,2012-06-04 09:03:04.020,2475.0000,237404,18,0.0000,152.0000,85,67,多开,B,2474.0000,0.0000,0.0000,0.0000,0.0000,2475.0000,0.0000,0.0000,0.0000,0.0000,221,0,0,0,0,3,0,0,0,0
zc,WS301,2012-06-04 09:03:04.783,2475.0000,237404,0,0.0000,0.0000,0,0,多换,B,2474.0000,0.0000,0.0000,0.0000,0.0000,2475.0000,0.0000,0.0000,0.0000,0.0000,221,0,0,0,0,5,0,0,0,0
zc,WS301,2012-06-04 09:03:05.190,2475.0000,237404,0,0.0000,0.0000,0,0,多换,B,2474.0000,0.0000,0.0000,0.0000,0.0000,2475.0000,0.0000,0.0000,0.0000,0.0000,221,0,0,0,0,124,0,0,0,0
zc,WS301,2012-06-04 09:03:05.987,2475.0000,237466,62,0.0000,62.0000,62,0,双开,B,2474.0000,0.0000,0.0000,0.0000,0.0000,2475.0000,0.0000,0.0000,0.0000,0.0000,221,0,0,0,0,145,0,0,0,0
zc,WS301,2012-06-04 09:03:06.427,2475.0000,237466,0,0.0000,0.0000,0,0,多换,B,2474.0000,0.0000,0.0000,0.0000,0.0000,2475.0000,0.0000,0.0000,0.0000,0.0000,221,0,0,0,0,147,0,0,0,0
zc,WS301,2012-06-04 09:03:07.223,2475.0000,237476,10,0.0000,70.0000,40,30,多开,B,2474.0000,0.0000,0.0000,0.0000,0.0000,2475.0000,0.0000,0.0000,0.0000,0.0000,221,0,0,0,0,138,0,0,0,0
zc,WS301,2012-06-04 09:03:07.753,2474.0000,237488,12,0.0000,32.0000,22,10,空开,S,2474.0000,0.0000,0.0000,0.0000,0.0000,2475.0000,0.0000,0.0000,0.0000,0.0000,205,0,0,0,0,152,0,0,0,0
zc,WS301,2012-06-04 09:03:08.190,2474.0000,237490,2,0.0000,16.0000,9,7,空开,S,2474.0000,0.0000,0.0000,0.0000,0.0000,2475.0000,0.0000,0.0000,0.0000,0.0000,198,0,0,0,0,146,0,0,0,0
zc,WS301,2012-06-04 09:03:08.973,2474.0000,237482,-8,0.0000,38.0000,15,23,多平,S,2474.0000,0.0000,0.0000,0.0000,0.0000,2475.0000,0.0000,0.0000,0.0000,0.0000,194,0,0,0,0,146,0,0,0,0
zc,WS301,2012-06-04 09:03:09.487,2474.0000,237482,0,0.0000,0.0000,0,0,空换,S,2474.0000,0.0000,0.0000,0.0000,0.0000,2475.0000,0.0000,0.0000,0.0000,0.0000,194,0,0,0,0,137,0,0,0,0
zc,WS301,2012-06-04 09:03:10.473,2474.0000,237482,0,0.0000,0.0000,0,0,空换,S,2474.0000,0.0000,0.0000,0.0000,0.0000,2475.0000,0.0000,0.0000,0.0000,0.0000,194,0,0,0,0,138,0,0,0,0
zc,WS301,2012-06-04 09:03:11.003,2474.0000,237462,-20,0.0000,20.0000,0,20,双平,S,2474.0000,0.0000,0.0000,0.0000,0.0000,2475.0000,0.0000,0.0000,0.0000,0.0000,184,0,0,0,0,130,0,0,0,0
zc,WS301,2012-06-04 09:03:11.753,2474.0000,237462,0,0.0000,0.0000,0,0,空换,S,2474.0000,0.0000,0.0000,0.0000,0.0000,2475.0000,0.0000,0.0000,0.0000,0.0000,184,0,0,0,0,132,0,0,0,0
zc,WS301,2012-06-04 09:03:12.223,2474.0000,237364,-98,0.0000,110.0000,6,104,多平,S,2474.0000,0.0000,0.0000,0.0000,0.0000,2475.0000,0.0000,0.0000,0.0000,0.0000,129,0,0,0,0,132,0,0,0,0
zc,WS301,2012-06-04 09:03:12.677,2475.0000,237328,-36,0.0000,130.0000,47,83,空平,B,2474.0000,0.0000,0.0000,0.0000,0.0000,2475.0000,0.0000,0.0000,0.0000,0.0000,69,0,0,0,0,130,0,0,0,0
zc,WS301,2012-06-04 09:03:13.957,2475.0000,237328,0,0.0000,0.0000,0,0,多换,B,2474.0000,0.0000,0.0000,0.0000,0.0000,2475.0000,0.0000,0.0000,0.0000,0.0000,84,0,0,0,0,133,0,0,0,0
zc,WS301,2012-06-04 09:03:14.503,2474.0000,237328,0,0.0000,6.0000,3,3,空换,S,2474.0000,0.0000,0.0000,0.0000,0.0000,2475.0000,0.0000,0.0000,0.0000,0.0000,86,0,0,0,0,133,0,0,0,0
zc,WS301,2012-06-04 09:03:15.190,2474.0000,237320,-8,0.0000,8.0000,0,8,双平,S,2474.0000,0.0000,0.0000,0.0000,0.0000,2475.0000,0.0000,0.0000,0.0000,0.0000,84,0,0,0,0,138,0,0,0,0
zc,WS301,2012-06-04 09:03:15.707,2474.0000,237318,-2,0.0000,2.0000,0,2,双平,S,2474.0000,0.0000,0.0000,0.0000,0.0000,2475.0000,0.0000,0.0000,0.0000,0.0000,88,0,0,0,0,138,0,0,0,0
zc,WS301,2012-06-04 09:03:16.237,2474.0000,237318,0,0.0000,0.0000,0,0,空换,S,2474.0000,0.0000,0.0000,0.0000,0.0000,2475.0000,0.0000,0.0000,0.0000,0.0000,88,0,0,0,0,139,0,0,0,0
zc,WS301,2012-06-04 09:03:16.987,2474.0000,237318,0,0.0000,0.0000,0,0,空换,S,2474.0000,0.0000,0.0000,0.0000,0.0000,2475.0000,0.0000,0.0000,0.0000,0.0000,114,0,0,0,0,139,0,0,0,0
zc,WS301,2012-06-04 09:03:17.253,2474.0000,237316,-2,0.0000,2.0000,0,2,双平,S,2474.0000,0.0000,0.0000,0.0000,0.0000,2475.0000,0.0000,0.0000,0.0000,0.0000,113,0,0,0,0,151,0,0,0,0
zc,WS301,2012-06-04 09:03:18.270,2474.0000,237316,0,0.0000,0.0000,0,0,空换,S,2474.0000,0.0000,0.0000,0.0000,0.0000,2475.0000,0.0000,0.0000,0.0000,0.0000,114,0,0,0,0,150,0,0,0,0
zc,WS301,2012-06-04 09:03:18.440,2474.0000,237314,-2,0.0000,2.0000,0,2,双平,S,2474.0000,0.0000,0.0000,0.0000,0.0000,2475.0000,0.0000,0.0000,0.0000,0.0000,113,0,0,0,0,160,0,0,0,0
zc,WS301,2012-06-04 09:03:19.237,2474.0000,237314,0,0.0000,6.0000,3,3,空换,S,2474.0000,0.0000,0.0000,0.0000,0.0000,2475.0000,0.0000,0.0000,0.0000,0.0000,117,0,0,0,0,160,0,0,0,0
zc,WS301,2012-06-04 09:03:19.723,2475.0000,237300,-14,0.0000,20.0000,3,17,空平,B,2474.0000,0.0000,0.0000,0.0000,0.0000,2475.0000,0.0000,0.0000,0.0000,0.0000,119,0,0,0,0,150,0,0,0,0
zc,WS301,2012-06-04 09:03:20.737,2474.0000,237300,0,0.0000,6.0000,3,3,空换,S,2474.0000,0.0000,0.0000,0.0000,0.0000,2475.0000,0.0000,0.0000,0.0000,0.0000,116,0,0,0,0,150,0,0,0,0
zc,WS301,2012-06-04 09:03:21.270,2475.0000,237300,0,0.0000,2.0000,1,1,多换,B,2474.0000,0.0000,0.0000,0.0000,0.0000,2475.0000,0.0000,0.0000,0.0000,0.0000,116,0,0,0,0,149,0,0,0,0
zc,WS301,2012-06-04 09:03:22.003,2475.0000,237300,0,0.0000,0.0000,0,0,多换,B,2474.0000,0.0000,0.0000,0.0000,0.0000,2475.0000,0.0000,0.0000,0.0000,0.0000,116,0,0,0,0,250,0,0,0,0
zc,WS301,2012-06-04 09:03:23.253,2474.0000,237298,-2,0.0000,2.0000,0,2,双平,S,2474.0000,0.0000,0.0000,0.0000,0.0000,2475.0000,0.0000,0.0000,0.0000,0.0000,115,0,0,0,0,252,0,0,0,0
zc,WS301,2012-06-04 09:03:23.707,2474.0000,237276,-22,0.0000,44.0000,11,33,多平,S,2474.0000,0.0000,0.0000,0.0000,0.0000,2475.0000,0.0000,0.0000,0.0000,0.0000,93,0,0,0,0,280,0,0,0,0
zc,WS301,2012-06-04 09:03:24.457,2475.0000,237278,2,0.0000,344.0000,173,171,多开,B,2474.0000,0.0000,0.0000,0.0000,0.0000,2475.0000,0.0000,0.0000,0.0000,0.0000,94,0,0,0,0,260,0,0,0,0
zc,WS301,2012-06-04 09:03:25.003,2474.0000,237306,28,0.0000,40.0000,34,6,空开,S,2474.0000,0.0000,0.0000,0.0000,0.0000,2475.0000,0.0000,0.0000,0.0000,0.0000,74,0,0,0,0,262,0,0,0,0
zc,WS301,2012-06-04 09:03:25.690,2474.0000,237386,80,0.0000,126.0000,103,23,空开,S,2474.0000,0.0000,0.0000,0.0000,0.0000,2475.0000,0.0000,0.0000,0.0000,0.0000,71,0,0,0,0,322,0,0,0,0
zc,WS301,2012-06-04 09:03:26.207,2475.0000,237430,44,0.0000,84.0000,64,20,多开,B,2474.0000,0.0000,0.0000,0.0000,0.0000,2475.0000,0.0000,0.0000,0.0000,0.0000,72,0,0,0,0,276,0,0,0,0
zc,WS301,2012-06-04 09:03:26.987,2474.0000,237446,16,0.0000,16.0000,16,0,双开,S,2474.0000,0.0000,0.0000,0.0000,0.0000,2475.0000,0.0000,0.0000,0.0000,0.0000,65,0,0,0,0,273,0,0,0,0
zc,WS301,2012-06-04 09:03:27.457,2474.0000,237450,4,0.0000,4.0000,4,0,双开,S,2474.0000,0.0000,0.0000,0.0000,0.0000,2475.0000,0.0000,0.0000,0.0000,0.0000,83,0,0,0,0,273,0,0,0,0
zc,WS301,2012-06-04 09:03:27.987,2474.0000,237458,8,0.0000,22.0000,15,7,空开,S,2474.0000,0.0000,0.0000,0.0000,0.0000,2475.0000,0.0000,0.0000,0.0000,0.0000,72,0,0,0,0,270,0,0,0,0
zc,WS301,2012-06-04 09:03:28.707,2474.0000,237460,2,0.0000,4.0000,3,1,空开,S,2474.0000,0.0000,0.0000,0.0000,0.0000,2475.0000,0.0000,0.0000,0.0000,0.0000,71,0,0,0,0,268,0,0,0,0
zc,WS301,2012-06-04 09:03:29.253,2475.0000,237470,10,0.0000,12.0000,11,1,多开,B,2474.0000,0.0000,0.0000,0.0000,0.0000,2475.0000,0.0000,0.0000,0.0000,0.0000,66,0,0,0,0,263,0,0,0,0
zc,WS301,2012-06-04 09:03:29.973,2474.0000,237480,10,0.0000,14.0000,12,2,空开,S,2474.0000,0.0000,0.0000,0.0000,0.0000,2475.0000,0.0000,0.0000,0.0000,0.0000,64,0,0,0,0,260,0,0,0,0
zc,WS301,2012-06-04 09:03:30.707,2474.0000,237480,0,0.0000,2.0000,1,1,空换,S,2474.0000,0.0000,0.0000,0.0000,0.0000,2475.0000,0.0000,0.0000,0.0000,0.0000,63,0,0,0,0,260,0,0,0,0
zc,WS301,2012-06-04 09:03:31.207,2474.0000,237480,0,0.0000,2.0000,1,1,空换,S,2474.0000,0.0000,0.0000,0.0000,0.0000,2475.0000,0.0000,0.0000,0.0000,0.0000,63,0,0,0,0,260,0,0,0,0
zc,WS301,2012-06-04 09:03:31.987,2474.0000,237486,6,0.0000,10.0000,8,2,空开,S,2474.0000,0.0000,0.0000,0.0000,0.0000,2475.0000,0.0000,0.0000,0.0000,0.0000,58,0,0,0,0,256,0,0,0,0
zc,WS301,2012-06-04 09:03:32.770,2474.0000,237470,-16,0.0000,24.0000,4,20,多平,S,2474.0000,0.0000,0.0000,0.0000,0.0000,2475.0000,0.0000,0.0000,0.0000,0.0000,47,0,0,0,0,253,0,0,0,0
zc,WS301,2012-06-04 09:03:33.987,2475.0000,237474,4,0.0000,4.0000,4,0,双开,B,2474.0000,0.0000,0.0000,0.0000,0.0000,2475.0000,0.0000,0.0000,0.0000,0.0000,47,0,0,0,0,251,0,0,0,0
zc,WS301,2012-06-04 09:03:34.503,2474.0000,237474,0,0.0000,8.0000,4,4,空换,S,2474.0000,0.0000,0.0000,0.0000,0.0000,2475.0000,0.0000,0.0000,0.0000,0.0000,44,0,0,0,0,251,0,0,0,0
zc,WS301,2012-06-04 09:03:35.033,2475.0000,237470,-4,0.0000,126.0000,61,65,空平,B,2474.0000,0.0000,0.0000,0.0000,0.0000,2475.0000,0.0000,0.0000,0.0000,0.0000,43,0,0,0,0,198,0,0,0,0
zc,WS301,2012-06-04 09:03:35.520,2475.0000,237470,0,0.0000,104.0000,52,52,多换,B,2474.0000,0.0000,0.0000,0.0000,0.0000,2475.0000,0.0000,0.0000,0.0000,0.0000,43,0,0,0,0,146,0,0,0,0
zc,WS301,2012-06-04 09:03:36.270,2474.0000,237454,-16,0.0000,34.0000,9,25,多平,S,2474.0000,0.0000,0.0000,0.0000,0.0000,2475.0000,0.0000,0.0000,0.0000,0.0000,28,0,0,0,0,146,0,0,0,0
zc,WS301,2012-06-04 09:03:36.753,2474.0000,237456,2,0.0000,2.0000,2,0,双开,S,2474.0000,0.0000,0.0000,0.0000,0.0000,2475.0000,0.0000,0.0000,0.0000,0.0000,27,0,0,0,0,146,0,0,0,0
zc,WS301,2012-06-04 09:03:37.440,2474.0000,237456,0,0.0000,0.0000,0,0,空换,S,2474.0000,0.0000,0.0000,0.0000,0.0000,2475.0000,0.0000,0.0000,0.0000,0.0000,30,0,0,0,0,146,0,0,0,0
zc,WS301,2012-06-04 09:03:38.410,2474.0000,237458,2,0.0000,2.0000,2,0,双开,S,2474.0000,0.0000,0.0000,0.0000,0.0000,2475.0000,0.0000,0.0000,0.0000,0.0000,29,0,0,0,0,146,0,0,0,0
zc,WS301,2012-06-04 09:03:39.737,2475.0000,237446,-12,0.0000,82.0000,35,47,空平,B,2474.0000,0.0000,0.0000,0.0000,0.0000,2475.0000,0.0000,0.0000,0.0000,0.0000,31,0,0,0,0,142,0,0,0,0
zc,WS301,2012-06-04 09:03:40.520,2474.0000,237434,-12,0.0000,20.0000,4,16,多平,S,2474.0000,0.0000,0.0000,0.0000,0.0000,2475.0000,0.0000,0.0000,0.0000,0.0000,40,0,0,0,0,135,0,0,0,0
zc,WS301,2012-06-04 09:03:40.957,2475.0000,237434,0,0.0000,4.0000,2,2,多换,B,2474.0000,0.0000,0.0000,0.0000,0.0000,2475.0000,0.0000,0.0000,0.0000,0.0000,40,0,0,0,0,133,0,0,0,0
zc,WS301,2012-06-04 09:03:41.753,2475.0000,237414,-20,0.0000,40.0000,10,30,空平,B,2474.0000,0.0000,0.0000,0.0000,0.0000,2475.0000,0.0000,0.0000,0.0000,0.0000,40,0,0,0,0,113,0,0,0,0
zc,WS301,2012-06-04 09:03:42.223,2475.0000,237414,0,0.0000,0.0000,0,0,多换,B,2474.0000,0.0000,0.0000,0.0000,0.0000,2475.0000,0.0000,0.0000,0.0000,0.0000,40,0,0,0,0,114,0,0,0,0
zc,WS301,2012-06-04 09:03:42.987,2475.0000,237414,0,0.0000,12.0000,6,6,多换,B,2474.0000,0.0000,0.0000,0.0000,0.0000,2475.0000,0.0000,0.0000,0.0000,0.0000,45,0,0,0,0,111,0,0,0,0
zc,WS301,2012-06-04 09:03:43.160,2474.0000,237414,0,0.0000,4.0000,2,2,空换,S,2474.0000,0.0000,0.0000,0.0000,0.0000,2475.0000,0.0000,0.0000,0.0000,0.0000,43,0,0,0,0,109,0,0,0,0
zc,WS301,2012-06-04 09:03:43.957,2474.0000,237412,-2,0.0000,2.0000,0,2,双平,S,2474.0000,0.0000,0.0000,0.0000,0.0000,2475.0000,0.0000,0.0000,0.0000,0.0000,42,0,0,0,0,109,0,0,0,0
zc,WS301,2012-06-04 09:03:44.427,2474.0000,237412,0,0.0000,0.0000,0,0,空换,S,2474.0000,0.0000,0.0000,0.0000,0.0000,2475.0000,0.0000,0.0000,0.0000,0.0000,42,0,0,0,0,112,0,0,0,0
zc,WS301,2012-06-04 09:03:45.237,2474.0000,237412,0,0.0000,4.0000,2,2,空换,S,2474.0000,0.0000,0.0000,0.0000,0.0000,2475.0000,0.0000,0.0000,0.0000,0.0000,40,0,0,0,0,130,0,0,0,0
zc,WS301,2012-06-04 09:03:45.707,2474.0000,237412,0,0.0000,2.0000,1,1,空换,S,2474.0000,0.0000,0.0000,0.0000,0.0000,2475.0000,0.0000,0.0000,0.0000,0.0000,65,0,0,0,0,130,0,0,0,0
zc,WS301,2012-06-04 09:03:46.533,2474.0000,237412,0,0.0000,0.0000,0,0,空换,S,2474.0000,0.0000,0.0000,0.0000,0.0000,2475.0000,0.0000,0.0000,0.0000,0.0000,65,0,0,0,0,128,0,0,0,0
zc,WS301,2012-06-04 09:03:47.270,2475.0000,237412,0,0.0000,2.0000,1,1,多换,B,2474.0000,0.0000,0.0000,0.0000,0.0000,2475.0000,0.0000,0.0000,0.0000,0.0000,65,0,0,0,0,130,0,0,0,0
zc,WS301,2012-06-04 09:03:47.753,2475.0000,237412,0,0.0000,0.0000,0,0,多换,B,2474.0000,0.0000,0.0000,0.0000,0.0000,2475.0000,0.0000,0.0000,0.0000,0.0000,65,0,0,0,0,131,0,0,0,0
zc,WS301,2012-06-04 09:03:48.410,2474.0000,237376,-36,0.0000,40.0000,2,38,多平,S,2474.0000,0.0000,0.0000,0.0000,0.0000,2475.0000,0.0000,0.0000,0.0000,0.0000,45,0,0,0,0,131,0,0,0,0
zc,WS301,2012-06-04 09:03:48.957,2474.0000,237380,4,0.0000,4.0000,4,0,双开,S,2474.0000,0.0000,0.0000,0.0000,0.0000,2475.0000,0.0000,0.0000,0.0000,0.0000,43,0,0,0,0,132,0,0,0,0
zc,WS301,2012-06-04 09:03:49.690,2475.0000,237380,0,0.0000,2.0000,1,1,多换,B,2474.0000,0.0000,0.0000,0.0000,0.0000,2475.0000,0.0000,0.0000,0.0000,0.0000,44,0,0,0,0,131,0,0,0,0
zc,WS301,2012-06-04 09:03:50.237,2474.0000,237384,4,0.0000,4.0000,4,0,双开,S,2474.0000,0.0000,0.0000,0.0000,0.0000,2475.0000,0.0000,0.0000,0.0000,0.0000,42,0,0,0,0,130,0,0,0,0
zc,WS301,2012-06-04 09:03:50.940,2474.0000,237384,0,0.0000,0.0000,0,0,空换,S,2474.0000,0.0000,0.0000,0.0000,0.0000,2475.0000,0.0000,0.0000,0.0000,0.0000,48,0,0,0,0,135,0,0,0,0
zc,WS301,2012-06-04 09:03:51.393,2474.0000,237388,4,0.0000,4.0000,4,0,双开,S,2474.0000,0.0000,0.0000,0.0000,0.0000,2475.0000,0.0000,0.0000,0.0000,0.0000,56,0,0,0,0,139,0,0,0,0
zc,WS301,2012-06-04 09:03:52.207,2475.0000,237382,-6,0.0000,278.0000,136,142,空平,B,2475.0000,0.0000,0.0000,0.0000,0.0000,2476.0000,0.0000,0.0000,0.0000,0.0000,1,0,0,0,0,302,0,0,0,0
zc,WS301,2012-06-04 09:03:52.723,2475.0000,237382,0,0.0000,2.0000,1,1,多换,B,2474.0000,0.0000,0.0000,0.0000,0.0000,2476.0000,0.0000,0.0000,0.0000,0.0000,57,0,0,0,0,296,0,0,0,0
zc,WS301,2012-06-04 09:03:53.237,2475.0000,237382,0,0.0000,0.0000,0,0,多换,B,2474.0000,0.0000,0.0000,0.0000,0.0000,2475.0000,0.0000,0.0000,0.0000,0.0000,57,0,0,0,0,1,0,0,0,0
zc,WS301,2012-06-04 09:03:53.770,2474.0000,237382,0,0.0000,6.0000,3,3,空换,S,2474.0000,0.0000,0.0000,0.0000,0.0000,2475.0000,0.0000,0.0000,0.0000,0.0000,54,0,0,0,0,1,0,0,0,0
zc,WS301,2012-06-04 09:03:54.473,2475.0000,237384,2,0.0000,2.0000,2,0,双开,B,2474.0000,0.0000,0.0000,0.0000,0.0000,2476.0000,0.0000,0.0000,0.0000,0.0000,57,0,0,0,0,297,0,0,0,0
zc,WS301,2012-06-04 09:03:55.223,2475.0000,237386,2,0.0000,2.0000,2,0,双开,B,2474.0000,0.0000,0.0000,0.0000,0.0000,2476.0000,0.0000,0.0000,0.0000,0.0000,62,0,0,0,0,297,0,0,0,0
zc,WS301,2012-06-04 09:03:55.940,2475.0000,237386,0,0.0000,0.0000,0,0,多换,B,2475.0000,0.0000,0.0000,0.0000,0.0000,2476.0000,0.0000,0.0000,0.0000,0.0000,2,0,0,0,0,297,0,0,0,0
zc,WS301,2012-06-04 09:03:56.473,2476.0000,237386,0,0.0000,2.0000,1,1,多换,B,2475.0000,0.0000,0.0000,0.0000,0.0000,2476.0000,0.0000,0.0000,0.0000,0.0000,2,0,0,0,0,294,0,0,0,0
zc,WS301,2012-06-04 09:03:57.207,2475.0000,237388,2,0.0000,2.0000,2,0,双开,S,2475.0000,0.0000,0.0000,0.0000,0.0000,2476.0000,0.0000,0.0000,0.0000,0.0000,106,0,0,0,0,294,0,0,0,0
zc,WS301,2012-06-04 09:03:57.707,2475.0000,237388,0,0.0000,2.0000,1,1,空换,S,2475.0000,0.0000,0.0000,0.0000,0.0000,2476.0000,0.0000,0.0000,0.0000,0.0000,105,0,0,0,0,296,0,0,0,0
zc,WS301,2012-06-04 09:03:58.160,2475.0000,237388,0,0.0000,2.0000,1,1,空换,S,2475.0000,0.0000,0.0000,0.0000,0.0000,2476.0000,0.0000,0.0000,0.0000,0.0000,104,0,0,0,0,296,0,0,0,0
zc,WS301,2012-06-04 09:03:59.440,2475.0000,237368,-20,0.0000,220.0000,100,120,多平,S,2475.0000,0.0000,0.0000,0.0000,0.0000,2476.0000,0.0000,0.0000,0.0000,0.0000,4,0,0,0,0,286,0,0,0,0
zc,WS301,2012-06-04 09:04:00.503,2475.0000,237368,0,0.0000,0.0000,0,0,空换,S,2475.0000,0.0000,0.0000,0.0000,0.0000,2476.0000,0.0000,0.0000,0.0000,0.0000,9,0,0,0,0,287,0,0,0,0
zc,WS301,2012-06-04 09:04:01.190,2475.0000,237368,0,0.0000,0.0000,0,0,空换,S,2475.0000,0.0000,0.0000,0.0000,0.0000,2476.0000,0.0000,0.0000,0.0000,0.0000,9,0,0,0,0,288,0,0,0,0
zc,WS301,2012-06-04 09:04:01.707,2475.0000,237368,0,0.0000,0.0000,0,0,空换,S,2475.0000,0.0000,0.0000,0.0000,0.0000,2476.0000,0.0000,0.0000,0.0000,0.0000,19,0,0,0,0,277,0,0,0,0
zc,WS301,2012-06-04 09:04:02.207,2475.0000,237368,0,0.0000,6.0000,3,3,空换,S,2475.0000,0.0000,0.0000,0.0000,0.0000,2476.0000,0.0000,0.0000,0.0000,0.0000,16,0,0,0,0,277,0,0,0,0
zc,WS301,2012-06-04 09:04:03.033,2475.0000,237368,0,0.0000,0.0000,0,0,空换,S,2475.0000,0.0000,0.0000,0.0000,0.0000,2476.0000,0.0000,0.0000,0.0000,0.0000,26,0,0,0,0,282,0,0,0,0
zc,WS301,2012-06-04 09:04:03.473,2475.0000,237368,0,0.0000,0.0000,0,0,空换,S,2475.0000,0.0000,0.0000,0.0000,0.0000,2476.0000,0.0000,0.0000,0.0000,0.0000,29,0,0,0,0,282,0,0,0,0
zc,WS301,2012-06-04 09:04:04.223,2476.0000,237356,-12,0.0000,42.0000,15,27,空平,B,2475.0000,0.0000,0.0000,0.0000,0.0000,2476.0000,0.0000,0.0000,0.0000,0.0000,10,0,0,0,0,281,0,0,0,0
zc,WS301,2012-06-04 09:04:04.677,2476.0000,237356,0,0.0000,2.0000,1,1,多换,B,2475.0000,0.0000,0.0000,0.0000,0.0000,2476.0000,0.0000,0.0000,0.0000,0.0000,10,0,0,0,0,280,0,0,0,0
zc,WS301,2012-06-04 09:04:05.473,2475.0000,237362,6,0.0000,6.0000,6,0,双开,S,2475.0000,0.0000,0.0000,0.0000,0.0000,2476.0000,0.0000,0.0000,0.0000,0.0000,7,0,0,0,0,280,0,0,0,0
zc,WS301,2012-06-04 09:04:06.207,2475.0000,237362,0,0.0000,0.0000,0,0,空换,S,2475.0000,0.0000,0.0000,0.0000,0.0000,2476.0000,0.0000,0.0000,0.0000,0.0000,7,0,0,0,0,279,0,0,0,0
zc,WS301,2012-06-04 09:04:06.737,2475.0000,237362,0,0.0000,0.0000,0,0,空换,S,2475.0000,0.0000,0.0000,0.0000,0.0000,2476.0000,0.0000,0.0000,0.0000,0.0000,9,0,0,0,0,279,0,0,0,0
zc,WS301,2012-06-04 09:04:07.223,2475.0000,237380,18,0.0000,18.0000,18,0,双开,S,2474.0000,0.0000,0.0000,0.0000,0.0000,2476.0000,0.0000,0.0000,0.0000,0.0000,100,0,0,0,0,279,0,0,0,0
zc,WS301,2012-06-04 09:04:07.957,2475.0000,237380,0,0.0000,0.0000,0,0,空换,S,2474.0000,0.0000,0.0000,0.0000,0.0000,2476.0000,0.0000,0.0000,0.0000,0.0000,100,0,0,0,0,277,0,0,0,0
zc,WS301,2012-06-04 09:04:08.427,2476.0000,237380,0,0.0000,2.0000,1,1,多换,B,2474.0000,0.0000,0.0000,0.0000,0.0000,2475.0000,0.0000,0.0000,0.0000,0.0000,100,0,0,0,0,1,0,0,0,0
zc,WS301,2012-06-04 09:04:09.223,2476.0000,237380,0,0.0000,0.0000,0,0,多换,B,2474.0000,0.0000,0.0000,0.0000,0.0000,2475.0000,0.0000,0.0000,0.0000,0.0000,106,0,0,0,0,1,0,0,0,0
zc,WS301,2012-06-04 09:04:09.487,2475.0000,237378,-2,0.0000,2.0000,0,2,双平,S,2474.0000,0.0000,0.0000,0.0000,0.0000,2476.0000,0.0000,0.0000,0.0000,0.0000,106,0,0,0,0,276,0,0,0,0
zc,WS301,2012-06-04 09:04:10.160,2475.0000,237378,0,0.0000,0.0000,0,0,空换,S,2475.0000,0.0000,0.0000,0.0000,0.0000,2476.0000,0.0000,0.0000,0.0000,0.0000,5,0,0,0,0,276,0,0,0,0
zc,WS301,2012-06-04 09:04:10.677,2475.0000,237376,-2,0.0000,12.0000,5,7,多平,S,2474.0000,0.0000,0.0000,0.0000,0.0000,2475.0000,0.0000,0.0000,0.0000,0.0000,106,0,0,0,0,24,0,0,0,0
zc,WS301,2012-06-04 09:04:11.427,2475.0000,237376,0,0.0000,14.0000,7,7,空换,S,2474.0000,0.0000,0.0000,0.0000,0.0000,2475.0000,0.0000,0.0000,0.0000,0.0000,114,0,0,0,0,17,0,0,0,0
zc,WS301,2012-06-04 09:04:11.940,2475.0000,237376,0,0.0000,0.0000,0,0,空换,S,2474.0000,0.0000,0.0000,0.0000,0.0000,2475.0000,0.0000,0.0000,0.0000,0.0000,106,0,0,0,0,17,0,0,0,0
zc,WS301,2012-06-04 09:04:12.440,2475.0000,237372,-4,0.0000,4.0000,0,4,双平,S,2474.0000,0.0000,0.0000,0.0000,0.0000,2475.0000,0.0000,0.0000,0.0000,0.0000,110,0,0,0,0,15,0,0,0,0
zc,WS301,2012-06-04 09:04:13.237,2475.0000,237372,0,0.0000,2.0000,1,1,空换,S,2474.0000,0.0000,0.0000,0.0000,0.0000,2475.0000,0.0000,0.0000,0.0000,0.0000,112,0,0,0,0,15,0,0,0,0
zc,WS301,2012-06-04 09:04:13.737,2475.0000,237374,2,0.0000,30.0000,16,14,空开,S,2475.0000,0.0000,0.0000,0.0000,0.0000,2476.0000,0.0000,0.0000,0.0000,0.0000,86,0,0,0,0,273,0,0,0,0
zc,WS301,2012-06-04 09:04:14.487,2475.0000,237376,2,0.0000,2.0000,2,0,双开,S,2475.0000,0.0000,0.0000,0.0000,0.0000,2476.0000,0.0000,0.0000,0.0000,0.0000,115,0,0,0,0,272,0,0,0,0
zc,WS301,2012-06-04 09:04:14.957,2475.0000,237376,0,0.0000,0.0000,0,0,空换,S,2475.0000,0.0000,0.0000,0.0000,0.0000,2476.0000,0.0000,0.0000,0.0000,0.0000,129,0,0,0,0,272,0,0,0,0
zc,WS301,2012-06-04 09:04:15.723,2475.0000,237376,0,0.0000,0.0000,0,0,空换,S,2475.0000,0.0000,0.0000,0.0000,0.0000,2476.0000,0.0000,0.0000,0.0000,0.0000,149,0,0,0,0,271,0,0,0,0
zc,WS301,2012-06-04 09:04:16.237,2475.0000,237376,0,0.0000,0.0000,0,0,空换,S,2475.0000,0.0000,0.0000,0.0000,0.0000,2476.0000,0.0000,0.0000,0.0000,0.0000,149,0,0,0,0,272,0,0,0,0
zc,WS301,2012-06-04 09:04:16.940,2475.0000,237376,0,0.0000,0.0000,0,0,空换,S,2475.0000,0.0000,0.0000,0.0000,0.0000,2476.0000,0.0000,0.0000,0.0000,0.0000,155,0,0,0,0,272,0,0,0,0
zc,WS301,2012-06-04 09:04:17.207,2475.0000,237376,0,0.0000,2.0000,1,1,空换,S,2475.0000,0.0000,0.0000,0.0000,0.0000,2476.0000,0.0000,0.0000,0.0000,0.0000,154,0,0,0,0,272,0,0,0,0
zc,WS301,2012-06-04 09:04:17.927,2476.0000,237366,-10,0.0000,10.0000,0,10,双平,B,2475.0000,0.0000,0.0000,0.0000,0.0000,2476.0000,0.0000,0.0000,0.0000,0.0000,155,0,0,0,0,267,0,0,0,0
zc,WS301,2012-06-04 09:04:18.770,2476.0000,237362,-4,0.0000,4.0000,0,4,双平,B,2475.0000,0.0000,0.0000,0.0000,0.0000,2476.0000,0.0000,0.0000,0.0000,0.0000,155,0,0,0,0,265,0,0,0,0
zc,WS301,2012-06-04 09:04:19.253,2476.0000,237362,0,0.0000,0.0000,0,0,多换,B,2475.0000,0.0000,0.0000,0.0000,0.0000,2476.0000,0.0000,0.0000,0.0000,0.0000,165,0,0,0,0,270,0,0,0,0
zc,WS301,2012-06-04 09:04:19.910,2476.0000,237362,0,0.0000,4.0000,2,2,多换,B,2475.0000,0.0000,0.0000,0.0000,0.0000,2476.0000,0.0000,0.0000,0.0000,0.0000,166,0,0,0,0,268,0,0,0,0
zc,WS301,2012-06-04 09:04:21.253,2476.0000,237268,-94,0.0000,200.0000,53,147,空平,B,2475.0000,0.0000,0.0000,0.0000,0.0000,2476.0000,0.0000,0.0000,0.0000,0.0000,167,0,0,0,0,168,0,0,0,0
zc,WS301,2012-06-04 09:04:21.660,2476.0000,237332,64,0.0000,298.0000,181,117,多开,B,2475.0000,0.0000,0.0000,0.0000,0.0000,2476.0000,0.0000,0.0000,0.0000,0.0000,168,0,0,0,0,19,0,0,0,0
zc,WS301,2012-06-04 09:04:22.440,2476.0000,237334,2,0.0000,2.0000,2,0,双开,B,2475.0000,0.0000,0.0000,0.0000,0.0000,2476.0000,0.0000,0.0000,0.0000,0.0000,168,0,0,0,0,18,0,0,0,0
zc,WS301,2012-06-04 09:04:22.737,2476.0000,237336,2,0.0000,10.0000,6,4,多开,B,2475.0000,0.0000,0.0000,0.0000,0.0000,2476.0000,0.0000,0.0000,0.0000,0.0000,149,0,0,0,0,14,0,0,0,0
zc,WS301,2012-06-04 09:04:23.457,2476.0000,237336,0,0.0000,0.0000,0,0,多换,B,2475.0000,0.0000,0.0000,0.0000,0.0000,2476.0000,0.0000,0.0000,0.0000,0.0000,154,0,0,0,0,14,0,0,0,0
zc,WS301,2012-06-04 09:04:23.910,2475.0000,237350,14,0.0000,258.0000,136,122,空开,S,2475.0000,0.0000,0.0000,0.0000,0.0000,2477.0000,0.0000,0.0000,0.0000,0.0000,50,0,0,0,0,306,0,0,0,0
zc,WS301,2012-06-04 09:04:24.723,2475.0000,237350,0,0.0000,0.0000,0,0,空换,S,2476.0000,0.0000,0.0000,0.0000,0.0000,2477.0000,0.0000,0.0000,0.0000,0.0000,10,0,0,0,0,306,0,0,0,0
zc,WS301,2012-06-04 09:04:25.207,2477.0000,237352,2,0.0000,2.0000,2,0,双开,B,2476.0000,0.0000,0.0000,0.0000,0.0000,2477.0000,0.0000,0.0000,0.0000,0.0000,10,0,0,0,0,305,0,0,0,0
zc,WS301,2012-06-04 09:04:26.440,2476.0000,237372,20,0.0000,20.0000,20,0,双开,S,2475.0000,0.0000,0.0000,0.0000,0.0000,2476.0000,0.0000,0.0000,0.0000,0.0000,53,0,0,0,0,29,0,0,0,0
zc,WS301,2012-06-04 09:04:26.987,2476.0000,237372,0,0.0000,0.0000,0,0,空换,S,2475.0000,0.0000,0.0000,0.0000,0.0000,2476.0000,0.0000,0.0000,0.0000,0.0000,53,0,0,0,0,34,0,0,0,0
zc,WS301,2012-06-04 09:04:27.723,2476.0000,237372,0,0.0000,2.0000,1,1,空换,S,2475.0000,0.0000,0.0000,0.0000,0.0000,2476.0000,0.0000,0.0000,0.0000,0.0000,56,0,0,0,0,17,0,0,0,0
zc,WS301,2012-06-04 09:04:28.177,2476.0000,237372,0,0.0000,0.0000,0,0,空换,S,2475.0000,0.0000,0.0000,0.0000,0.0000,2476.0000,0.0000,0.0000,0.0000,0.0000,56,0,0,0,0,18,0,0,0,0
zc,WS301,2012-06-04 09:04:28.723,2476.0000,237374,2,0.0000,2.0000,2,0,双开,S,2475.0000,0.0000,0.0000,0.0000,0.0000,2476.0000,0.0000,0.0000,0.0000,0.0000,61,0,0,0,0,16,0,0,0,0
zc,WS301,2012-06-04 09:04:29.190,2476.0000,237374,0,0.0000,0.0000,0,0,空换,S,2475.0000,0.0000,0.0000,0.0000,0.0000,2476.0000,0.0000,0.0000,0.0000,0.0000,70,0,0,0,0,17,0,0,0,0
zc,WS301,2012-06-04 09:04:30.410,2476.0000,237392,18,0.0000,22.0000,20,2,空开,S,2475.0000,0.0000,0.0000,0.0000,0.0000,2476.0000,0.0000,0.0000,0.0000,0.0000,71,0,0,0,0,6,0,0,0,0
zc,WS301,2012-06-04 09:04:30.927,2476.0000,237392,0,0.0000,14.0000,7,7,空换,S,2475.0000,0.0000,0.0000,0.0000,0.0000,2477.0000,0.0000,0.0000,0.0000,0.0000,82,0,0,0,0,289,0,0,0,0
zc,WS301,2012-06-04 09:04:31.677,2475.0000,237394,2,0.0000,2.0000,2,0,双开,S,2475.0000,0.0000,0.0000,0.0000,0.0000,2476.0000,0.0000,0.0000,0.0000,0.0000,82,0,0,0,0,1,0,0,0,0
zc,WS301,2012-06-04 09:04:32.237,2476.0000,237396,2,0.0000,2.0000,2,0,双开,B,2476.0000,0.0000,0.0000,0.0000,0.0000,2477.0000,0.0000,0.0000,0.0000,0.0000,2,0,0,0,0,289,0,0,0,0
zc,WS301,2012-06-04 09:04:33.487,2476.0000,237396,0,0.0000,0.0000,0,0,多换,B,2476.0000,0.0000,0.0000,0.0000,0.0000,2477.0000,0.0000,0.0000,0.0000,0.0000,52,0,0,0,0,289,0,0,0,0
zc,WS301,2012-06-04 09:04:33.927,2476.0000,237402,6,0.0000,6.0000,6,0,双开,B,2476.0000,0.0000,0.0000,0.0000,0.0000,2477.0000,0.0000,0.0000,0.0000,0.0000,119,0,0,0,0,291,0,0,0,0
zc,WS301,2012-06-04 09:04:34.427,2476.0000,237424,22,0.0000,24.0000,23,1,多开,B,2476.0000,0.0000,0.0000,0.0000,0.0000,2477.0000,0.0000,0.0000,0.0000,0.0000,109,0,0,0,0,282,0,0,0,0
zc,WS301,2012-06-04 09:04:35.190,2476.0000,237426,2,0.0000,2.0000,2,0,双开,B,2476.0000,0.0000,0.0000,0.0000,0.0000,2477.0000,0.0000,0.0000,0.0000,0.0000,108,0,0,0,0,281,0,0,0,0
zc,WS301,2012-06-04 09:04:35.660,2476.0000,237432,6,0.0000,6.0000,6,0,双开,B,2476.0000,0.0000,0.0000,0.0000,0.0000,2477.0000,0.0000,0.0000,0.0000,0.0000,106,0,0,0,0,279,0,0,0,0
zc,WS301,2012-06-04 09:04:36.160,2476.0000,237432,0,0.0000,22.0000,11,11,多换,B,2476.0000,0.0000,0.0000,0.0000,0.0000,2477.0000,0.0000,0.0000,0.0000,0.0000,113,0,0,0,0,269,0,0,0,0
zc,WS301,2012-06-04 09:04:36.940,2477.0000,237446,14,0.0000,14.0000,14,0,双开,B,2476.0000,0.0000,0.0000,0.0000,0.0000,2477.0000,0.0000,0.0000,0.0000,0.0000,112,0,0,0,0,263,0,0,0,0
zc,WS301,2012-06-04 09:04:37.427,2477.0000,237458,12,0.0000,12.0000,12,0,双开,B,2476.0000,0.0000,0.0000,0.0000,0.0000,2477.0000,0.0000,0.0000,0.0000,0.0000,112,0,0,0,0,257,0,0,0,0
zc,WS301,2012-06-04 09:04:37.973,2477.0000,237458,0,0.0000,0.0000,0,0,多换,B,2476.0000,0.0000,0.0000,0.0000,0.0000,2477.0000,0.0000,0.0000,0.0000,0.0000,172,0,0,0,0,257,0,0,0,0
zc,WS301,2012-06-04 09:04:38.457,2477.0000,237458,0,0.0000,0.0000,0,0,多换,B,2476.0000,0.0000,0.0000,0.0000,0.0000,2477.0000,0.0000,0.0000,0.0000,0.0000,172,0,0,0,0,249,0,0,0,0
zc,WS301,2012-06-04 09:04:39.190,2477.0000,237458,0,0.0000,2.0000,1,1,多换,B,2476.0000,0.0000,0.0000,0.0000,0.0000,2477.0000,0.0000,0.0000,0.0000,0.0000,173,0,0,0,0,248,0,0,0,0
zc,WS301,2012-06-04 09:04:39.690,2477.0000,237458,0,0.0000,0.0000,0,0,多换,B,2476.0000,0.0000,0.0000,0.0000,0.0000,2477.0000,0.0000,0.0000,0.0000,0.0000,175,0,0,0,0,248,0,0,0,0
zc,WS301,2012-06-04 09:04:40.427,2476.0000,237460,2,0.0000,2.0000,2,0,双开,S,2476.0000,0.0000,0.0000,0.0000,0.0000,2477.0000,0.0000,0.0000,0.0000,0.0000,202,0,0,0,0,248,0,0,0,0
zc,WS301,2012-06-04 09:04:40.987,2476.0000,237482,22,0.0000,32.0000,27,5,空开,S,2476.0000,0.0000,0.0000,0.0000,0.0000,2477.0000,0.0000,0.0000,0.0000,0.0000,187,0,0,0,0,248,0,0,0,0
zc,WS301,2012-06-04 09:04:41.503,2476.0000,237482,0,0.0000,0.0000,0,0,空换,S,2476.0000,0.0000,0.0000,0.0000,0.0000,2477.0000,0.0000,0.0000,0.0000,0.0000,197,0,0,0,0,248,0,0,0,0
zc,WS301,2012-06-04 09:04:42.160,2477.0000,237482,0,0.0000,12.0000,6,6,多换,B,2476.0000,0.0000,0.0000,0.0000,0.0000,2477.0000,0.0000,0.0000,0.0000,0.0000,205,0,0,0,0,242,0,0,0,0
zc,WS301,2012-06-04 09:04:42.690,2477.0000,237492,10,0.0000,10.0000,10,0,双开,B,2476.0000,0.0000,0.0000,0.0000,0.0000,2477.0000,0.0000,0.0000,0.0000,0.0000,205,0,0,0,0,237,0,0,0,0
zc,WS301,2012-06-04 09:04:43.457,2477.0000,237492,0,0.0000,10.0000,5,5,多换,B,2476.0000,0.0000,0.0000,0.0000,0.0000,2477.0000,0.0000,0.0000,0.0000,0.0000,215,0,0,0,0,233,0,0,0,0
zc,WS301,2012-06-04 09:04:43.927,2477.0000,237492,0,0.0000,0.0000,0,0,多换,B,2476.0000,0.0000,0.0000,0.0000,0.0000,2477.0000,0.0000,0.0000,0.0000,0.0000,216,0,0,0,0,233,0,0,0,0
zc,WS301,2012-06-04 09:04:44.660,2477.0000,237498,6,0.0000,6.0000,6,0,双开,B,2476.0000,0.0000,0.0000,0.0000,0.0000,2477.0000,0.0000,0.0000,0.0000,0.0000,231,0,0,0,0,230,0,0,0,0
zc,WS301,2012-06-04 09:04:45.190,2476.0000,237498,0,0.0000,4.0000,2,2,空换,S,2476.0000,0.0000,0.0000,0.0000,0.0000,2477.0000,0.0000,0.0000,0.0000,0.0000,229,0,0,0,0,229,0,0,0,0
zc,WS301,2012-06-04 09:04:46.003,2477.0000,237518,20,0.0000,20.0000,20,0,双开,B,2476.0000,0.0000,0.0000,0.0000,0.0000,2477.0000,0.0000,0.0000,0.0000,0.0000,229,0,0,0,0,219,0,0,0,0
zc,WS301,2012-06-04 09:04:46.377,2476.0000,237522,4,0.0000,4.0000,4,0,双开,S,2476.0000,0.0000,0.0000,0.0000,0.0000,2477.0000,0.0000,0.0000,0.0000,0.0000,231,0,0,0,0,217,0,0,0,0
zc,WS301,2012-06-04 09:04:46.533,2476.0000,237524,2,0.0000,6.0000,4,2,空开,S,2476.0000,0.0000,0.0000,0.0000,0.0000,2477.0000,0.0000,0.0000,0.0000,0.0000,229,0,0,0,0,216,0,0,0,0
zc,WS301,2012-06-04 09:04:46.987,2476.0000,237558,34,0.0000,34.0000,34,0,双开,S,2476.0000,0.0000,0.0000,0.0000,0.0000,2477.0000,0.0000,0.0000,0.0000,0.0000,213,0,0,0,0,199,0,0,0,0
zc,WS301,2012-06-04 09:04:47.440,2476.0000,237558,0,0.0000,0.0000,0,0,空换,S,2476.0000,0.0000,0.0000,0.0000,0.0000,2477.0000,0.0000,0.0000,0.0000,0.0000,214,0,0,0,0,199,0,0,0,0
zc,WS301,2012-06-04 09:04:48.190,2477.0000,237560,2,0.0000,34.0000,18,16,多开,B,2476.0000,0.0000,0.0000,0.0000,0.0000,2477.0000,0.0000,0.0000,0.0000,0.0000,214,0,0,0,0,183,0,0,0,0
zc,WS301,2012-06-04 09:04:48.643,2477.0000,237560,0,0.0000,2.0000,1,1,多换,B,2476.0000,0.0000,0.0000,0.0000,0.0000,2477.0000,0.0000,0.0000,0.0000,0.0000,214,0,0,0,0,182,0,0,0,0
zc,WS301,2012-06-04 09:04:49.957,2476.0000,237562,2,0.0000,2.0000,2,0,双开,S,2476.0000,0.0000,0.0000,0.0000,0.0000,2477.0000,0.0000,0.0000,0.0000,0.0000,213,0,0,0,0,181,0,0,0,0
zc,WS301,2012-06-04 09:04:50.440,2476.0000,237562,0,0.0000,0.0000,0,0,空换,S,2476.0000,0.0000,0.0000,0.0000,0.0000,2477.0000,0.0000,0.0000,0.0000,0.0000,213,0,0,0,0,182,0,0,0,0
zc,WS301,2012-06-04 09:04:51.143,2477.0000,237566,4,0.0000,4.0000,4,0,双开,B,2476.0000,0.0000,0.0000,0.0000,0.0000,2477.0000,0.0000,0.0000,0.0000,0.0000,213,0,0,0,0,180,0,0,0,0
zc,WS301,2012-06-04 09:04:51.690,2477.0000,237600,34,0.0000,34.0000,34,0,双开,B,2476.0000,0.0000,0.0000,0.0000,0.0000,2477.0000,0.0000,0.0000,0.0000,0.0000,213,0,0,0,0,163,0,0,0,0
zc,WS301,2012-06-04 09:04:52.927,2476.0000,237602,2,0.0000,2.0000,2,0,双开,S,2476.0000,0.0000,0.0000,0.0000,0.0000,2477.0000,0.0000,0.0000,0.0000,0.0000,212,0,0,0,0,163,0,0,0,0
zc,WS301,2012-06-04 09:04:53.737,2476.0000,237614,12,0.0000,12.0000,12,0,双开,S,2476.0000,0.0000,0.0000,0.0000,0.0000,2477.0000,0.0000,0.0000,0.0000,0.0000,216,0,0,0,0,157,0,0,0,0
zc,WS301,2012-06-04 09:04:54.207,2476.0000,237614,0,0.0000,0.0000,0,0,空换,S,2476.0000,0.0000,0.0000,0.0000,0.0000,2477.0000,0.0000,0.0000,0.0000,0.0000,217,0,0,0,0,157,0,0,0,0
zc,WS301,2012-06-04 09:04:55.003,2476.0000,237614,0,0.0000,0.0000,0,0,空换,S,2476.0000,0.0000,0.0000,0.0000,0.0000,2477.0000,0.0000,0.0000,0.0000,0.0000,217,0,0,0,0,87,0,0,0,0
zc,WS301,2012-06-04 09:04:55.440,2477.0000,237626,12,0.0000,22.0000,17,5,多开,B,2476.0000,0.0000,0.0000,0.0000,0.0000,2477.0000,0.0000,0.0000,0.0000,0.0000,212,0,0,0,0,81,0,0,0,0
zc,WS301,2012-06-04 09:04:56.177,2477.0000,237642,16,0.0000,36.0000,26,10,多开,B,2476.0000,0.0000,0.0000,0.0000,0.0000,2477.0000,0.0000,0.0000,0.0000,0.0000,210,0,0,0,0,66,0,0,0,0
zc,WS301,2012-06-04 09:04:56.723,2477.0000,237638,-4,0.0000,26.0000,11,15,空平,B,2476.0000,0.0000,0.0000,0.0000,0.0000,2477.0000,0.0000,0.0000,0.0000,0.0000,210,0,0,0,0,19,0,0,0,0
zc,WS301,2012-06-04 09:04:57.190,2476.0000,237634,-4,0.0000,16.0000,6,10,多平,S,2476.0000,0.0000,0.0000,0.0000,0.0000,2477.0000,0.0000,0.0000,0.0000,0.0000,204,0,0,0,0,20,0,0,0,0
zc,WS301,2012-06-04 09:04:57.940,2477.0000,237654,20,0.0000,32.0000,26,6,多开,B,2476.0000,0.0000,0.0000,0.0000,0.0000,2477.0000,0.0000,0.0000,0.0000,0.0000,193,0,0,0,0,14,0,0,0,0
zc,WS301,2012-06-04 09:04:58.427,2477.0000,237654,0,0.0000,2.0000,1,1,多换,B,2476.0000,0.0000,0.0000,0.0000,0.0000,2477.0000,0.0000,0.0000,0.0000,0.0000,193,0,0,0,0,13,0,0,0,0
zc,WS301,2012-06-04 09:04:59.143,2477.0000,237652,-2,0.0000,2.0000,0,2,双平,B,2476.0000,0.0000,0.0000,0.0000,0.0000,2477.0000,0.0000,0.0000,0.0000,0.0000,178,0,0,0,0,13,0,0,0,0
zc,WS301,2012-06-04 09:04:59.487,2477.0000,237644,-8,0.0000,18.0000,5,13,空平,B,2476.0000,0.0000,0.0000,0.0000,0.0000,2477.0000,0.0000,0.0000,0.0000,0.0000,178,0,0,0,0,5,0,0,0,0
zc,WS301,2012-06-04 09:05:00.190,2477.0000,237644,0,0.0000,10.0000,5,5,多换,B,2477.0000,0.0000,0.0000,0.0000,0.0000,2478.0000,0.0000,0.0000,0.0000,0.0000,1,0,0,0,0,160,0,0,0,0
zc,WS301,2012-06-04 09:05:00.707,2477.0000,237644,0,0.0000,0.0000,0,0,多换,B,2477.0000,0.0000,0.0000,0.0000,0.0000,2478.0000,0.0000,0.0000,0.0000,0.0000,11,0,0,0,0,151,0,0,0,0
zc,WS301,2012-06-04 09:05:01.473,2478.0000,237618,-26,0.0000,66.0000,20,46,空平,B,2477.0000,0.0000,0.0000,0.0000,0.0000,2478.0000,0.0000,0.0000,0.0000,0.0000,8,0,0,0,0,120,0,0,0,0
zc,WS301,2012-06-04 09:05:01.987,2478.0000,237618,0,0.0000,0.0000,0,0,多换,B,2477.0000,0.0000,0.0000,0.0000,0.0000,2478.0000,0.0000,0.0000,0.0000,0.0000,8,0,0,0,0,79,0,0,0,0
zc,WS301,2012-06-04 09:05:02.690,2478.0000,237594,-24,0.0000,32.0000,4,28,空平,B,2477.0000,0.0000,0.0000,0.0000,0.0000,2478.0000,0.0000,0.0000,0.0000,0.0000,8,0,0,0,0,63,0,0,0,0
zc,WS301,2012-06-04 09:05:03.237,2478.0000,237594,0,0.0000,6.0000,3,3,多换,B,2477.0000,0.0000,0.0000,0.0000,0.0000,2478.0000,0.0000,0.0000,0.0000,0.0000,8,0,0,0,0,60,0,0,0,0
zc,WS301,2012-06-04 09:05:03.973,2477.0000,237592,-2,0.0000,8.0000,3,5,多平,S,2477.0000,0.0000,0.0000,0.0000,0.0000,2478.0000,0.0000,0.0000,0.0000,0.0000,5,0,0,0,0,84,0,0,0,0
zc,WS301,2012-06-04 09:05:05.190,2478.0000,237592,0,0.0000,2.0000,1,1,多换,B,2477.0000,0.0000,0.0000,0.0000,0.0000,2478.0000,0.0000,0.0000,0.0000,0.0000,5,0,0,0,0,84,0,0,0,0
zc,WS301,2012-06-04 09:05:06.190,2478.0000,237588,-4,0.0000,4.0000,0,4,双平,B,2477.0000,0.0000,0.0000,0.0000,0.0000,2478.0000,0.0000,0.0000,0.0000,0.0000,5,0,0,0,0,82,0,0,0,0
zc,WS301,2012-06-04 09:05:06.973,2477.0000,237588,0,0.0000,4.0000,2,2,空换,S,2477.0000,0.0000,0.0000,0.0000,0.0000,2478.0000,0.0000,0.0000,0.0000,0.0000,15,0,0,0,0,87,0,0,0,0
zc,WS301,2012-06-04 09:05:07.457,2477.0000,237588,0,0.0000,0.0000,0,0,空换,S,2477.0000,0.0000,0.0000,0.0000,0.0000,2478.0000,0.0000,0.0000,0.0000,0.0000,16,0,0,0,0,87,0,0,0,0
zc,WS301,2012-06-04 09:05:08.223,2477.0000,237588,0,0.0000,0.0000,0,0,空换,S,2477.0000,0.0000,0.0000,0.0000,0.0000,2478.0000,0.0000,0.0000,0.0000,0.0000,16,0,0,0,0,88,0,0,0,0
zc,WS301,2012-06-04 09:05:08.690,2477.0000,237592,4,0.0000,4.0000,4,0,双开,S,2477.0000,0.0000,0.0000,0.0000,0.0000,2478.0000,0.0000,0.0000,0.0000,0.0000,16,0,0,0,0,89,0,0,0,0
zc,WS301,2012-06-04 09:05:09.473,2477.0000,237594,2,0.0000,6.0000,4,2,空开,S,2477.0000,0.0000,0.0000,0.0000,0.0000,2478.0000,0.0000,0.0000,0.0000,0.0000,14,0,0,0,0,89,0,0,0,0
zc,WS301,2012-06-04 09:05:10.020,2477.0000,237572,-22,0.0000,38.0000,8,30,多平,S,2476.0000,0.0000,0.0000,0.0000,0.0000,2477.0000,0.0000,0.0000,0.0000,0.0000,242,0,0,0,0,78,0,0,0,0
zc,WS301,2012-06-04 09:05:10.707,2477.0000,237550,-22,0.0000,46.0000,12,34,多平,S,2476.0000,0.0000,0.0000,0.0000,0.0000,2477.0000,0.0000,0.0000,0.0000,0.0000,240,0,0,0,0,113,0,0,0,0
zc,WS301,2012-06-04 09:05:11.223,2477.0000,237550,0,0.0000,10.0000,5,5,空换,S,2476.0000,0.0000,0.0000,0.0000,0.0000,2477.0000,0.0000,0.0000,0.0000,0.0000,240,0,0,0,0,115,0,0,0,0
zc,WS301,2012-06-04 09:05:11.973,2476.0000,237558,8,0.0000,10.0000,9,1,空开,S,2476.0000,0.0000,0.0000,0.0000,0.0000,2477.0000,0.0000,0.0000,0.0000,0.0000,236,0,0,0,0,124,0,0,0,0
zc,WS301,2012-06-04 09:05:12.503,2477.0000,237646,88,0.0000,184.0000,136,48,多开,B,2476.0000,0.0000,0.0000,0.0000,0.0000,2477.0000,0.0000,0.0000,0.0000,0.0000,216,0,0,0,0,40,0,0,0,0
zc,WS301,2012-06-04 09:05:13.190,2477.0000,237650,4,0.0000,32.0000,18,14,多开,B,2476.0000,0.0000,0.0000,0.0000,0.0000,2477.0000,0.0000,0.0000,0.0000,0.0000,204,0,0,0,0,35,0,0,0,0
zc,WS301,2012-06-04 09:05:13.707,2477.0000,237656,6,0.0000,8.0000,7,1,多开,B,2476.0000,0.0000,0.0000,0.0000,0.0000,2477.0000,0.0000,0.0000,0.0000,0.0000,231,0,0,0,0,31,0,0,0,0
zc,WS301,2012-06-04 09:05:14.487,2477.0000,237668,12,0.0000,24.0000,18,6,多开,B,2476.0000,0.0000,0.0000,0.0000,0.0000,2477.0000,0.0000,0.0000,0.0000,0.0000,236,0,0,0,0,19,0,0,0,0
zc,WS301,2012-06-04 09:05:14.987,2477.0000,237670,2,0.0000,2.0000,2,0,双开,B,2476.0000,0.0000,0.0000,0.0000,0.0000,2477.0000,0.0000,0.0000,0.0000,0.0000,176,0,0,0,0,19,0,0,0,0
zc,WS301,2012-06-04 09:05:15.753,2477.0000,237670,0,0.0000,2.0000,1,1,多换,B,2476.0000,0.0000,0.0000,0.0000,0.0000,2477.0000,0.0000,0.0000,0.0000,0.0000,175,0,0,0,0,18,0,0,0,0
zc,WS301,2012-06-04 09:05:17.003,2477.0000,237704,34,0.0000,40.0000,37,3,多开,B,2476.0000,0.0000,0.0000,0.0000,0.0000,2478.0000,0.0000,0.0000,0.0000,0.0000,176,0,0,0,0,100,0,0,0,0
zc,WS301,2012-06-04 09:05:17.783,2477.0000,237704,0,0.0000,0.0000,0,0,多换,B,2477.0000,0.0000,0.0000,0.0000,0.0000,2478.0000,0.0000,0.0000,0.0000,0.0000,111,0,0,0,0,75,0,0,0,0
zc,WS301,2012-06-04 09:05:18.253,2477.0000,237684,-20,0.0000,50.0000,15,35,空平,B,2477.0000,0.0000,0.0000,0.0000,0.0000,2478.0000,0.0000,0.0000,0.0000,0.0000,86,0,0,0,0,75,0,0,0,0
zc,WS301,2012-06-04 09:05:18.973,2477.0000,237684,0,0.0000,2.0000,1,1,多换,B,2477.0000,0.0000,0.0000,0.0000,0.0000,2478.0000,0.0000,0.0000,0.0000,0.0000,85,0,0,0,0,75,0,0,0,0
zc,WS301,2012-06-04 09:05:19.457,2477.0000,237684,0,0.0000,0.0000,0,0,多换,B,2477.0000,0.0000,0.0000,0.0000,0.0000,2478.0000,0.0000,0.0000,0.0000,0.0000,85,0,0,0,0,76,0,0,0,0
zc,WS301,2012-06-04 09:05:20.253,2478.0000,237684,0,0.0000,6.0000,3,3,多换,B,2477.0000,0.0000,0.0000,0.0000,0.0000,2478.0000,0.0000,0.0000,0.0000,0.0000,89,0,0,0,0,74,0,0,0,0
zc,WS301,2012-06-04 09:05:20.753,2478.0000,237648,-36,0.0000,44.0000,4,40,空平,B,2477.0000,0.0000,0.0000,0.0000,0.0000,2478.0000,0.0000,0.0000,0.0000,0.0000,90,0,0,0,0,55,0,0,0,0
zc,WS301,2012-06-04 09:05:21.457,2478.0000,237646,-2,0.0000,2.0000,0,2,双平,B,2477.0000,0.0000,0.0000,0.0000,0.0000,2478.0000,0.0000,0.0000,0.0000,0.0000,127,0,0,0,0,54,0,0,0,0
zc,WS301,2012-06-04 09:05:22.003,2478.0000,237646,0,0.0000,0.0000,0,0,多换,B,2477.0000,0.0000,0.0000,0.0000,0.0000,2478.0000,0.0000,0.0000,0.0000,0.0000,139,0,0,0,0,54,0,0,0,0
zc,WS301,2012-06-04 09:05:22.707,2478.0000,237646,0,0.0000,6.0000,3,3,多换,B,2477.0000,0.0000,0.0000,0.0000,0.0000,2478.0000,0.0000,0.0000,0.0000,0.0000,139,0,0,0,0,51,0,0,0,0
zc,WS301,2012-06-04 09:05:23.207,2478.0000,237626,-20,0.0000,20.0000,0,20,双平,B,2477.0000,0.0000,0.0000,0.0000,0.0000,2478.0000,0.0000,0.0000,0.0000,0.0000,133,0,0,0,0,41,0,0,0,0
zc,WS301,2012-06-04 09:05:23.927,2478.0000,237626,0,0.0000,20.0000,10,10,多换,B,2477.0000,0.0000,0.0000,0.0000,0.0000,2478.0000,0.0000,0.0000,0.0000,0.0000,133,0,0,0,0,31,0,0,0,0
zc,WS301,2012-06-04 09:05:24.473,2478.0000,237626,0,0.0000,0.0000,0,0,多换,B,2477.0000,0.0000,0.0000,0.0000,0.0000,2478.0000,0.0000,0.0000,0.0000,0.0000,133,0,0,0,0,35,0,0,0,0
zc,WS301,2012-06-04 09:05:25.160,2478.0000,237620,-6,0.0000,8.0000,1,7,空平,B,2477.0000,0.0000,0.0000,0.0000,0.0000,2478.0000,0.0000,0.0000,0.0000,0.0000,133,0,0,0,0,35,0,0,0,0
zc,WS301,2012-06-04 09:05:25.660,2478.0000,237618,-2,0.0000,6.0000,2,4,空平,B,2477.0000,0.0000,0.0000,0.0000,0.0000,2478.0000,0.0000,0.0000,0.0000,0.0000,132,0,0,0,0,32,0,0,0,0
zc,WS301,2012-06-04 09:05:26.457,2478.0000,237618,0,0.0000,2.0000,1,1,多换,B,2477.0000,0.0000,0.0000,0.0000,0.0000,2478.0000,0.0000,0.0000,0.0000,0.0000,133,0,0,0,0,31,0,0,0,0
zc,WS301,2012-06-04 09:05:27.237,2478.0000,237576,-42,0.0000,66.0000,12,54,空平,B,2478.0000,0.0000,0.0000,0.0000,0.0000,2479.0000,0.0000,0.0000,0.0000,0.0000,58,0,0,0,0,84,0,0,0,0
zc,WS301,2012-06-04 09:05:27.927,2478.0000,237576,0,0.0000,0.0000,0,0,多换,B,2478.0000,0.0000,0.0000,0.0000,0.0000,2479.0000,0.0000,0.0000,0.0000,0.0000,158,0,0,0,0,85,0,0,0,0
zc,WS301,2012-06-04 09:05:28.457,2478.0000,237576,0,0.0000,2.0000,1,1,多换,B,2478.0000,0.0000,0.0000,0.0000,0.0000,2479.0000,0.0000,0.0000,0.0000,0.0000,159,0,0,0,0,90,0,0,0,0
zc,WS301,2012-06-04 09:05:29.223,2478.0000,237576,0,0.0000,18.0000,9,9,多换,B,2478.0000,0.0000,0.0000,0.0000,0.0000,2479.0000,0.0000,0.0000,0.0000,0.0000,160,0,0,0,0,82,0,0,0,0
zc,WS301,2012-06-04 09:05:29.457,2479.0000,237578,2,0.0000,2.0000,2,0,双开,B,2478.0000,0.0000,0.0000,0.0000,0.0000,2479.0000,0.0000,0.0000,0.0000,0.0000,163,0,0,0,0,81,0,0,0,0
zc,WS301,2012-06-04 09:05:30.207,2479.0000,237578,0,0.0000,4.0000,2,2,多换,B,2478.0000,0.0000,0.0000,0.0000,0.0000,2479.0000,0.0000,0.0000,0.0000,0.0000,164,0,0,0,0,79,0,0,0,0
zc,WS301,2012-06-04 09:05:30.737,2479.0000,237588,10,0.0000,14.0000,12,2,多开,B,2478.0000,0.0000,0.0000,0.0000,0.0000,2479.0000,0.0000,0.0000,0.0000,0.0000,174,0,0,0,0,72,0,0,0,0
zc,WS301,2012-06-04 09:05:31.487,2479.0000,237590,2,0.0000,2.0000,2,0,双开,B,2478.0000,0.0000,0.0000,0.0000,0.0000,2479.0000,0.0000,0.0000,0.0000,0.0000,174,0,0,0,0,71,0,0,0,0
zc,WS301,2012-06-04 09:05:31.987,2479.0000,237592,2,0.0000,2.0000,2,0,双开,B,2478.0000,0.0000,0.0000,0.0000,0.0000,2479.0000,0.0000,0.0000,0.0000,0.0000,174,0,0,0,0,80,0,0,0,0
zc,WS301,2012-06-04 09:05:32.677,2478.0000,237592,0,0.0000,26.0000,13,13,空换,S,2478.0000,0.0000,0.0000,0.0000,0.0000,2479.0000,0.0000,0.0000,0.0000,0.0000,161,0,0,0,0,80,0,0,0,0
zc,WS301,2012-06-04 09:05:34.020,2479.0000,237596,4,0.0000,6.0000,5,1,多开,B,2478.0000,0.0000,0.0000,0.0000,0.0000,2479.0000,0.0000,0.0000,0.0000,0.0000,161,0,0,0,0,79,0,0,0,0
zc,WS301,2012-06-04 09:05:34.690,2479.0000,237596,0,0.0000,2.0000,1,1,多换,B,2478.0000,0.0000,0.0000,0.0000,0.0000,2479.0000,0.0000,0.0000,0.0000,0.0000,161,0,0,0,0,78,0,0,0,0
zc,WS301,2012-06-04 09:05:35.177,2479.0000,237596,0,0.0000,0.0000,0,0,多换,B,2478.0000,0.0000,0.0000,0.0000,0.0000,2479.0000,0.0000,0.0000,0.0000,0.0000,161,0,0,0,0,90,0,0,0,0
zc,WS301,2012-06-04 09:05:36.003,2479.0000,237608,12,0.0000,12.0000,12,0,双开,B,2478.0000,0.0000,0.0000,0.0000,0.0000,2479.0000,0.0000,0.0000,0.0000,0.0000,160,0,0,0,0,89,0,0,0,0
zc,WS301,2012-06-04 09:05:36.457,2479.0000,237626,18,0.0000,18.0000,18,0,双开,B,2478.0000,0.0000,0.0000,0.0000,0.0000,2479.0000,0.0000,0.0000,0.0000,0.0000,160,0,0,0,0,80,0,0,0,0
zc,WS301,2012-06-04 09:05:37.177,2479.0000,237626,0,0.0000,4.0000,2,2,多换,B,2478.0000,0.0000,0.0000,0.0000,0.0000,2479.0000,0.0000,0.0000,0.0000,0.0000,160,0,0,0,0,80,0,0,0,0
zc,WS301,2012-06-04 09:05:37.723,2479.0000,237626,0,0.0000,2.0000,1,1,多换,B,2478.0000,0.0000,0.0000,0.0000,0.0000,2479.0000,0.0000,0.0000,0.0000,0.0000,160,0,0,0,0,79,0,0,0,0
zc,WS301,2012-06-04 09:05:38.723,2479.0000,237626,0,0.0000,2.0000,1,1,多换,B,2478.0000,0.0000,0.0000,0.0000,0.0000,2479.0000,0.0000,0.0000,0.0000,0.0000,160,0,0,0,0,78,0,0,0,0
zc,WS301,2012-06-04 09:05:39.723,2479.0000,237642,16,0.0000,102.0000,59,43,多开,B,2478.0000,0.0000,0.0000,0.0000,0.0000,2479.0000,0.0000,0.0000,0.0000,0.0000,160,0,0,0,0,27,0,0,0,0
zc,WS301,2012-06-04 09:05:40.003,2479.0000,237654,12,0.0000,56.0000,34,22,多开,B,2479.0000,0.0000,0.0000,0.0000,0.0000,2480.0000,0.0000,0.0000,0.0000,0.0000,128,0,0,0,0,50,0,0,0,0
zc,WS301,2012-06-04 09:05:40.957,2479.0000,237664,10,0.0000,10.0000,10,0,双开,B,2479.0000,0.0000,0.0000,0.0000,0.0000,2480.0000,0.0000,0.0000,0.0000,0.0000,129,0,0,0,0,50,0,0,0,0
zc,WS301,2012-06-04 09:05:41.973,2479.0000,237666,2,0.0000,2.0000,2,0,双开,B,2479.0000,0.0000,0.0000,0.0000,0.0000,2480.0000,0.0000,0.0000,0.0000,0.0000,131,0,0,0,0,50,0,0,0,0
zc,WS301,2012-06-04 09:05:42.737,2480.0000,237666,0,0.0000,6.0000,3,3,多换,B,2479.0000,0.0000,0.0000,0.0000,0.0000,2480.0000,0.0000,0.0000,0.0000,0.0000,132,0,0,0,0,47,0,0,0,0
zc,WS301,2012-06-04 09:05:43.237,2480.0000,237656,-10,0.0000,12.0000,1,11,空平,B,2479.0000,0.0000,0.0000,0.0000,0.0000,2480.0000,0.0000,0.0000,0.0000,0.0000,137,0,0,0,0,41,0,0,0,0
zc,WS301,2012-06-04 09:05:44.020,2479.0000,237662,6,0.0000,6.0000,6,0,双开,S,2479.0000,0.0000,0.0000,0.0000,0.0000,2480.0000,0.0000,0.0000,0.0000,0.0000,134,0,0,0,0,41,0,0,0,0
zc,WS301,2012-06-04 09:05:44.520,2480.0000,237662,0,0.0000,2.0000,1,1,多换,B,2479.0000,0.0000,0.0000,0.0000,0.0000,2480.0000,0.0000,0.0000,0.0000,0.0000,138,0,0,0,0,41,0,0,0,0
zc,WS301,2012-06-04 09:05:45.300,2480.0000,237672,10,0.0000,112.0000,61,51,多开,B,2480.0000,0.0000,0.0000,0.0000,0.0000,2481.0000,0.0000,0.0000,0.0000,0.0000,14,0,0,0,0,215,0,0,0,0
zc,WS301,2012-06-04 09:05:45.957,2480.0000,237658,-14,0.0000,46.0000,16,30,空平,B,2479.0000,0.0000,0.0000,0.0000,0.0000,2480.0000,0.0000,0.0000,0.0000,0.0000,131,0,0,0,0,130,0,0,0,0
zc,WS301,2012-06-04 09:05:46.533,2479.0000,237658,0,0.0000,10.0000,5,5,空换,S,2479.0000,0.0000,0.0000,0.0000,0.0000,2480.0000,0.0000,0.0000,0.0000,0.0000,128,0,0,0,0,135,0,0,0,0
zc,WS301,2012-06-04 09:05:47.223,2480.0000,237658,0,0.0000,46.0000,23,23,多换,B,2479.0000,0.0000,0.0000,0.0000,0.0000,2480.0000,0.0000,0.0000,0.0000,0.0000,128,0,0,0,0,114,0,0,0,0
zc,WS301,2012-06-04 09:05:48.033,2479.0000,237658,0,0.0000,2.0000,1,1,空换,S,2479.0000,0.0000,0.0000,0.0000,0.0000,2480.0000,0.0000,0.0000,0.0000,0.0000,127,0,0,0,0,117,0,0,0,0
zc,WS301,2012-06-04 09:05:48.503,2480.0000,237666,8,0.0000,220.0000,114,106,多开,B,2479.0000,0.0000,0.0000,0.0000,0.0000,2480.0000,0.0000,0.0000,0.0000,0.0000,127,0,0,0,0,7,0,0,0,0
zc,WS301,2012-06-04 09:05:49.270,2480.0000,237666,0,0.0000,2.0000,1,1,多换,B,2479.0000,0.0000,0.0000,0.0000,0.0000,2480.0000,0.0000,0.0000,0.0000,0.0000,167,0,0,0,0,6,0,0,0,0
zc,WS301,2012-06-04 09:05:49.783,2480.0000,237690,24,0.0000,30.0000,27,3,多开,B,2480.0000,0.0000,0.0000,0.0000,0.0000,2481.0000,0.0000,0.0000,0.0000,0.0000,185,0,0,0,0,160,0,0,0,0
zc,WS301,2012-06-04 09:05:50.473,2480.0000,237698,8,0.0000,10.0000,9,1,多开,B,2480.0000,0.0000,0.0000,0.0000,0.0000,2481.0000,0.0000,0.0000,0.0000,0.0000,180,0,0,0,0,165,0,0,0,0
zc,WS301,2012-06-04 09:05:51.020,2480.0000,237698,0,0.0000,80.0000,40,40,多换,B,2480.0000,0.0000,0.0000,0.0000,0.0000,2481.0000,0.0000,0.0000,0.0000,0.0000,140,0,0,0,0,165,0,0,0,0
zc,WS301,2012-06-04 09:05:51.723,2480.0000,237698,0,0.0000,0.0000,0,0,多换,B,2480.0000,0.0000,0.0000,0.0000,0.0000,2481.0000,0.0000,0.0000,0.0000,0.0000,158,0,0,0,0,161,0,0,0,0
zc,WS301,2012-06-04 09:05:52.237,2481.0000,237994,296,0.0000,306.0000,301,5,多开,B,2480.0000,0.0000,0.0000,0.0000,0.0000,2481.0000,0.0000,0.0000,0.0000,0.0000,10,0,0,0,0,157,0,0,0,0
zc,WS301,2012-06-04 09:05:52.973,2480.0000,237994,0,0.0000,4.0000,2,2,空换,S,2480.0000,0.0000,0.0000,0.0000,0.0000,2481.0000,0.0000,0.0000,0.0000,0.0000,8,0,0,0,0,160,0,0,0,0
zc,WS301,2012-06-04 09:05:53.487,2480.0000,237994,0,0.0000,108.0000,54,54,空换,S,2480.0000,0.0000,0.0000,0.0000,0.0000,2481.0000,0.0000,0.0000,0.0000,0.0000,27,0,0,0,0,105,0,0,0,0
zc,WS301,2012-06-04 09:05:54.237,2481.0000,237992,-2,0.0000,10.0000,4,6,空平,B,2480.0000,0.0000,0.0000,0.0000,0.0000,2481.0000,0.0000,0.0000,0.0000,0.0000,26,0,0,0,0,122,0,0,0,0
zc,WS301,2012-06-04 09:05:54.770,2480.0000,237992,0,0.0000,2.0000,1,1,空换,S,2480.0000,0.0000,0.0000,0.0000,0.0000,2481.0000,0.0000,0.0000,0.0000,0.0000,26,0,0,0,0,132,0,0,0,0
zc,WS301,2012-06-04 09:05:55.487,2480.0000,237990,-2,0.0000,4.0000,1,3,多平,S,2480.0000,0.0000,0.0000,0.0000,0.0000,2481.0000,0.0000,0.0000,0.0000,0.0000,25,0,0,0,0,121,0,0,0,0
zc,WS301,2012-06-04 09:05:55.973,2480.0000,237976,-14,0.0000,58.0000,22,36,多平,S,2479.0000,0.0000,0.0000,0.0000,0.0000,2480.0000,0.0000,0.0000,0.0000,0.0000,174,0,0,0,0,10,0,0,0,0
zc,WS301,2012-06-04 09:05:56.753,2481.0000,237990,14,0.0000,36.0000,25,11,多开,B,2480.0000,0.0000,0.0000,0.0000,0.0000,2481.0000,0.0000,0.0000,0.0000,0.0000,2,0,0,0,0,146,0,0,0,0
zc,WS301,2012-06-04 09:05:57.270,2481.0000,237990,0,0.0000,0.0000,0,0,多换,B,2480.0000,0.0000,0.0000,0.0000,0.0000,2481.0000,0.0000,0.0000,0.0000,0.0000,3,0,0,0,0,145,0,0,0,0
zc,WS301,2012-06-04 09:05:58.003,2480.0000,238002,12,0.0000,14.0000,13,1,空开,S,2479.0000,0.0000,0.0000,0.0000,0.0000,2480.0000,0.0000,0.0000,0.0000,0.0000,184,0,0,0,0,3,0,0,0,0
zc,WS301,2012-06-04 09:05:58.973,2480.0000,238008,6,0.0000,8.0000,7,1,空开,S,2479.0000,0.0000,0.0000,0.0000,0.0000,2480.0000,0.0000,0.0000,0.0000,0.0000,185,0,0,0,0,86,0,0,0,0
zc,WS301,2012-06-04 09:05:59.770,2480.0000,238018,10,0.0000,10.0000,10,0,双开,S,2479.0000,0.0000,0.0000,0.0000,0.0000,2480.0000,0.0000,0.0000,0.0000,0.0000,135,0,0,0,0,82,0,0,0,0
zc,WS301,2012-06-04 09:06:00.237,2480.0000,238020,2,0.0000,8.0000,5,3,空开,S,2479.0000,0.0000,0.0000,0.0000,0.0000,2480.0000,0.0000,0.0000,0.0000,0.0000,135,0,0,0,0,78,0,0,0,0
zc,WS301,2012-06-04 09:06:00.987,2480.0000,238022,2,0.0000,2.0000,2,0,双开,S,2479.0000,0.0000,0.0000,0.0000,0.0000,2480.0000,0.0000,0.0000,0.0000,0.0000,135,0,0,0,0,78,0,0,0,0
zc,WS301,2012-06-04 09:06:01.440,2482.0000,238732,710,0.0000,1002.0000,856,146,多开,B,2479.0000,0.0000,0.0000,0.0000,0.0000,2482.0000,0.0000,0.0000,0.0000,0.0000,135,0,0,0,0,24,0,0,0,0
zc,WS301,2012-06-04 09:06:02.223,2480.0000,238728,-4,0.0000,8.0000,2,6,多平,S,2479.0000,0.0000,0.0000,0.0000,0.0000,2480.0000,0.0000,0.0000,0.0000,0.0000,185,0,0,0,0,5,0,0,0,0
zc,WS301,2012-06-04 09:06:02.723,2482.0000,238746,18,0.0000,80.0000,49,31,多开,B,2482.0000,0.0000,0.0000,0.0000,0.0000,2483.0000,0.0000,0.0000,0.0000,0.0000,161,0,0,0,0,49,0,0,0,0
zc,WS301,2012-06-04 09:06:03.503,2482.0000,238760,14,0.0000,18.0000,16,2,多开,B,2482.0000,0.0000,0.0000,0.0000,0.0000,2483.0000,0.0000,0.0000,0.0000,0.0000,152,0,0,0,0,45,0,0,0,0
