市场代码,合约代码,时间,最新,持仓,增仓,成交额,成交量,开仓,平仓,成交类型,方向,买一价,买二价,买三价,买四价,买五价,卖一价,卖二价,卖三价,卖四价,卖五价,买一量,买二量,买三量,买四量,买五量,卖一量,卖二量,卖三量,卖四量,卖五量
zc,TA209,2012-06-13 08:02:30.197,0.0000,514018,0,0.0000,0.0000,0,0,空换,S,0.0000,0.0000,0.0000,0.0000,0.0000,0.0000,0.0000,0.0000,0.0000,0.0000,0,0,0,0,0,0,0,0,0,0
zc,TA209,2012-06-13 08:19:31.480,0.0000,514018,0,0.0000,0.0000,0,0,空换,S,0.0000,0.0000,0.0000,0.0000,0.0000,0.0000,0.0000,0.0000,0.0000,0.0000,0,0,0,0,0,0,0,0,0,0
zc,TA209,2012-06-13 08:32:31.480,0.0000,514018,0,0.0000,0.0000,0,0,空换,S,0.0000,0.0000,0.0000,0.0000,0.0000,0.0000,0.0000,0.0000,0.0000,0.0000,0,0,0,0,0,0,0,0,0,0
zc,TA209,2012-06-13 08:55:01.197,0.0000,514018,0,0.0000,0.0000,0,0,空换,S,0.0000,0.0000,0.0000,0.0000,0.0000,0.0000,0.0000,0.0000,0.0000,0.0000,0,0,0,0,0,0,0,0,0,0
zc,TA209,2012-06-13 08:55:01.697,0.0000,514018,0,0.0000,0.0000,0,0,空换,S,0.0000,0.0000,0.0000,0.0000,0.0000,0.0000,0.0000,0.0000,0.0000,0.0000,0,0,0,0,0,0,0,0,0,0
zc,TA209,2012-06-13 08:55:04.197,0.0000,514018,0,0.0000,0.0000,0,0,空换,S,0.0000,0.0000,0.0000,0.0000,0.0000,0.0000,0.0000,0.0000,0.0000,0.0000,0,0,0,0,0,0,0,0,0,0
zc,TA209,2012-06-13 08:55:08.447,0.0000,514018,0,0.0000,0.0000,0,0,空换,S,0.0000,0.0000,0.0000,0.0000,0.0000,0.0000,0.0000,0.0000,0.0000,0.0000,0,0,0,0,0,0,0,0,0,0
zc,TA209,2012-06-13 08:55:16.697,0.0000,514018,0,0.0000,0.0000,0,0,空换,S,0.0000,0.0000,0.0000,0.0000,0.0000,0.0000,0.0000,0.0000,0.0000,0.0000,0,0,0,0,0,0,0,0,0,0
zc,TA209,2012-06-13 08:55:21.197,0.0000,514018,0,0.0000,0.0000,0,0,空换,S,0.0000,0.0000,0.0000,0.0000,0.0000,0.0000,0.0000,0.0000,0.0000,0.0000,0,0,0,0,0,0,0,0,0,0
zc,TA209,2012-06-13 08:55:22.197,0.0000,514018,0,0.0000,0.0000,0,0,空换,S,0.0000,0.0000,0.0000,0.0000,0.0000,0.0000,0.0000,0.0000,0.0000,0.0000,0,0,0,0,0,0,0,0,0,0
zc,TA209,2012-06-13 08:55:27.697,0.0000,514018,0,0.0000,0.0000,0,0,空换,S,0.0000,0.0000,0.0000,0.0000,0.0000,0.0000,0.0000,0.0000,0.0000,0.0000,0,0,0,0,0,0,0,0,0,0
zc,TA209,2012-06-13 08:55:33.447,0.0000,514018,0,0.0000,0.0000,0,0,空换,S,0.0000,0.0000,0.0000,0.0000,0.0000,0.0000,0.0000,0.0000,0.0000,0.0000,0,0,0,0,0,0,0,0,0,0
zc,TA209,2012-06-13 08:55:49.197,0.0000,514018,0,0.0000,0.0000,0,0,空换,S,0.0000,0.0000,0.0000,0.0000,0.0000,0.0000,0.0000,0.0000,0.0000,0.0000,0,0,0,0,0,0,0,0,0,0
zc,TA209,2012-06-13 08:55:55.697,0.0000,514018,0,0.0000,0.0000,0,0,空换,S,0.0000,0.0000,0.0000,0.0000,0.0000,0.0000,0.0000,0.0000,0.0000,0.0000,0,0,0,0,0,0,0,0,0,0
zc,TA209,2012-06-13 08:56:00.447,0.0000,514018,0,0.0000,0.0000,0,0,空换,S,0.0000,0.0000,0.0000,0.0000,0.0000,0.0000,0.0000,0.0000,0.0000,0.0000,0,0,0,0,0,0,0,0,0,0
zc,TA209,2012-06-13 08:56:05.697,0.0000,514018,0,0.0000,0.0000,0,0,空换,S,0.0000,0.0000,0.0000,0.0000,0.0000,0.0000,0.0000,0.0000,0.0000,0.0000,0,0,0,0,0,0,0,0,0,0
zc,TA209,2012-06-13 08:56:17.197,0.0000,514018,0,0.0000,0.0000,0,0,空换,S,0.0000,0.0000,0.0000,0.0000,0.0000,0.0000,0.0000,0.0000,0.0000,0.0000,0,0,0,0,0,0,0,0,0,0
zc,TA209,2012-06-13 08:56:24.197,0.0000,514018,0,0.0000,0.0000,0,0,空换,S,0.0000,0.0000,0.0000,0.0000,0.0000,0.0000,0.0000,0.0000,0.0000,0.0000,0,0,0,0,0,0,0,0,0,0
zc,TA209,2012-06-13 08:56:30.447,0.0000,514018,0,0.0000,0.0000,0,0,空换,S,0.0000,0.0000,0.0000,0.0000,0.0000,0.0000,0.0000,0.0000,0.0000,0.0000,0,0,0,0,0,0,0,0,0,0
zc,TA209,2012-06-13 08:57:23.947,0.0000,514018,0,0.0000,0.0000,0,0,空换,S,0.0000,0.0000,0.0000,0.0000,0.0000,0.0000,0.0000,0.0000,0.0000,0.0000,0,0,0,0,0,0,0,0,0,0
zc,TA209,2012-06-13 08:57:54.183,0.0000,514018,0,0.0000,0.0000,0,0,空换,S,0.0000,0.0000,0.0000,0.0000,0.0000,0.0000,0.0000,0.0000,0.0000,0.0000,0,0,0,0,0,0,0,0,0,0
zc,TA209,2012-06-13 08:58:01.197,0.0000,514018,0,0.0000,0.0000,0,0,空换,S,0.0000,0.0000,0.0000,0.0000,0.0000,0.0000,0.0000,0.0000,0.0000,0.0000,0,0,0,0,0,0,0,0,0,0
zc,TA209,2012-06-13 08:58:02.697,0.0000,514018,0,0.0000,0.0000,0,0,空换,S,0.0000,0.0000,0.0000,0.0000,0.0000,0.0000,0.0000,0.0000,0.0000,0.0000,0,0,0,0,0,0,0,0,0,0
zc,TA209,2012-06-13 08:58:08.947,0.0000,514018,0,0.0000,0.0000,0,0,空换,S,0.0000,0.0000,0.0000,0.0000,0.0000,0.0000,0.0000,0.0000,0.0000,0.0000,0,0,0,0,0,0,0,0,0,0
zc,TA209,2012-06-13 08:58:13.197,0.0000,514018,0,0.0000,0.0000,0,0,空换,S,0.0000,0.0000,0.0000,0.0000,0.0000,0.0000,0.0000,0.0000,0.0000,0.0000,0,0,0,0,0,0,0,0,0,0
zc,TA209,2012-06-13 08:58:17.947,0.0000,514018,0,0.0000,0.0000,0,0,空换,S,0.0000,0.0000,0.0000,0.0000,0.0000,0.0000,0.0000,0.0000,0.0000,0.0000,0,0,0,0,0,0,0,0,0,0
zc,TA209,2012-06-13 08:58:32.947,0.0000,514018,0,0.0000,0.0000,0,0,空换,S,0.0000,0.0000,0.0000,0.0000,0.0000,0.0000,0.0000,0.0000,0.0000,0.0000,0,0,0,0,0,0,0,0,0,0
zc,TA209,2012-06-13 08:58:34.697,0.0000,514018,0,0.0000,0.0000,0,0,空换,S,0.0000,0.0000,0.0000,0.0000,0.0000,0.0000,0.0000,0.0000,0.0000,0.0000,0,0,0,0,0,0,0,0,0,0
zc,TA209,2012-06-13 08:58:42.183,0.0000,514018,0,0.0000,0.0000,0,0,空换,S,0.0000,0.0000,0.0000,0.0000,0.0000,0.0000,0.0000,0.0000,0.0000,0.0000,0,0,0,0,0,0,0,0,0,0
zc,TA209,2012-06-13 08:58:46.683,0.0000,514018,0,0.0000,0.0000,0,0,空换,S,0.0000,0.0000,0.0000,0.0000,0.0000,0.0000,0.0000,0.0000,0.0000,0.0000,0,0,0,0,0,0,0,0,0,0
zc,TA209,2012-06-13 08:58:49.947,0.0000,514018,0,0.0000,0.0000,0,0,空换,S,0.0000,0.0000,0.0000,0.0000,0.0000,0.0000,0.0000,0.0000,0.0000,0.0000,0,0,0,0,0,0,0,0,0,0
zc,TA209,2012-06-13 08:59:02.417,7030.0000,514480,462,0.0000,2942.0000,1702,1240,多开,B,7030.0000,0.0000,0.0000,0.0000,0.0000,7032.0000,0.0000,0.0000,0.0000,0.0000,96,0,0,0,0,120,0,0,0,0
zc,TA209,2012-06-13 09:00:01.277,7030.0000,514484,4,0.0000,276.0000,140,136,多开,B,7028.0000,0.0000,0.0000,0.0000,0.0000,7030.0000,0.0000,0.0000,0.0000,0.0000,3,0,0,0,0,62,0,0,0,0
zc,TA209,2012-06-13 09:00:02.167,7036.0000,514346,-138,0.0000,1404.0000,633,771,空平,B,7036.0000,0.0000,0.0000,0.0000,0.0000,7038.0000,0.0000,0.0000,0.0000,0.0000,141,0,0,0,0,91,0,0,0,0
zc,TA209,2012-06-13 09:00:03.103,7038.0000,513846,-500,0.0000,1110.0000,305,805,空平,B,7038.0000,0.0000,0.0000,0.0000,0.0000,7040.0000,0.0000,0.0000,0.0000,0.0000,135,0,0,0,0,101,0,0,0,0
zc,TA209,2012-06-13 09:00:03.853,7038.0000,513536,-310,0.0000,482.0000,86,396,空平,B,7038.0000,0.0000,0.0000,0.0000,0.0000,7040.0000,0.0000,0.0000,0.0000,0.0000,123,0,0,0,0,125,0,0,0,0
zc,TA209,2012-06-13 09:00:04.837,7038.0000,513436,-100,0.0000,1040.0000,470,570,空平,B,7038.0000,0.0000,0.0000,0.0000,0.0000,7040.0000,0.0000,0.0000,0.0000,0.0000,87,0,0,0,0,4,0,0,0,0
zc,TA209,2012-06-13 09:00:05.290,7038.0000,513442,6,0.0000,262.0000,134,128,多开,B,7038.0000,0.0000,0.0000,0.0000,0.0000,7042.0000,0.0000,0.0000,0.0000,0.0000,46,0,0,0,0,18,0,0,0,0
zc,TA209,2012-06-13 09:00:06.073,7040.0000,513558,116,0.0000,226.0000,171,55,多开,B,7040.0000,0.0000,0.0000,0.0000,0.0000,7042.0000,0.0000,0.0000,0.0000,0.0000,12,0,0,0,0,16,0,0,0,0
zc,TA209,2012-06-13 09:00:06.807,7036.0000,513660,102,0.0000,746.0000,424,322,空开,S,7036.0000,0.0000,0.0000,0.0000,0.0000,7040.0000,0.0000,0.0000,0.0000,0.0000,41,0,0,0,0,36,0,0,0,0
zc,TA209,2012-06-13 09:00:07.290,7036.0000,513654,-6,0.0000,340.0000,167,173,多平,S,7034.0000,0.0000,0.0000,0.0000,0.0000,7036.0000,0.0000,0.0000,0.0000,0.0000,277,0,0,0,0,132,0,0,0,0
zc,TA209,2012-06-13 09:00:07.790,7036.0000,513706,52,0.0000,80.0000,66,14,空开,S,7034.0000,0.0000,0.0000,0.0000,0.0000,7036.0000,0.0000,0.0000,0.0000,0.0000,274,0,0,0,0,120,0,0,0,0
zc,TA209,2012-06-13 09:00:08.823,7038.0000,513754,48,0.0000,158.0000,103,55,多开,B,7036.0000,0.0000,0.0000,0.0000,0.0000,7038.0000,0.0000,0.0000,0.0000,0.0000,44,0,0,0,0,20,0,0,0,0
zc,TA209,2012-06-13 09:00:09.323,7038.0000,513718,-36,0.0000,82.0000,23,59,空平,B,7038.0000,0.0000,0.0000,0.0000,0.0000,7040.0000,0.0000,0.0000,0.0000,0.0000,11,0,0,0,0,395,0,0,0,0
zc,TA209,2012-06-13 09:00:10.087,7034.0000,513642,-76,0.0000,292.0000,108,184,多平,S,7034.0000,0.0000,0.0000,0.0000,0.0000,7036.0000,0.0000,0.0000,0.0000,0.0000,255,0,0,0,0,530,0,0,0,0
zc,TA209,2012-06-13 09:00:10.573,7034.0000,513620,-22,0.0000,56.0000,17,39,多平,S,7034.0000,0.0000,0.0000,0.0000,0.0000,7036.0000,0.0000,0.0000,0.0000,0.0000,242,0,0,0,0,571,0,0,0,0
zc,TA209,2012-06-13 09:00:11.277,7036.0000,513368,-252,0.0000,316.0000,32,284,空平,B,7034.0000,0.0000,0.0000,0.0000,0.0000,7036.0000,0.0000,0.0000,0.0000,0.0000,125,0,0,0,0,537,0,0,0,0
zc,TA209,2012-06-13 09:00:12.073,7034.0000,513372,4,0.0000,680.0000,342,338,空开,S,7032.0000,0.0000,0.0000,0.0000,0.0000,7034.0000,0.0000,0.0000,0.0000,0.0000,427,0,0,0,0,159,0,0,0,0
zc,TA209,2012-06-13 09:00:12.557,7034.0000,513658,286,0.0000,788.0000,537,251,空开,S,7032.0000,0.0000,0.0000,0.0000,0.0000,7034.0000,0.0000,0.0000,0.0000,0.0000,198,0,0,0,0,78,0,0,0,0
zc,TA209,2012-06-13 09:00:13.307,7032.0000,513620,-38,0.0000,104.0000,33,71,多平,S,7032.0000,0.0000,0.0000,0.0000,0.0000,7034.0000,0.0000,0.0000,0.0000,0.0000,264,0,0,0,0,338,0,0,0,0
zc,TA209,2012-06-13 09:00:14.027,7034.0000,513542,-78,0.0000,592.0000,257,335,空平,B,7032.0000,0.0000,0.0000,0.0000,0.0000,7034.0000,0.0000,0.0000,0.0000,0.0000,10,0,0,0,0,301,0,0,0,0
zc,TA209,2012-06-13 09:00:14.557,7032.0000,513516,-26,0.0000,86.0000,30,56,多平,S,7030.0000,0.0000,0.0000,0.0000,0.0000,7032.0000,0.0000,0.0000,0.0000,0.0000,570,0,0,0,0,15,0,0,0,0
zc,TA209,2012-06-13 09:00:15.307,7032.0000,513396,-120,0.0000,420.0000,150,270,多平,S,7032.0000,0.0000,0.0000,0.0000,0.0000,7034.0000,0.0000,0.0000,0.0000,0.0000,175,0,0,0,0,173,0,0,0,0
zc,TA209,2012-06-13 09:00:15.790,7032.0000,513238,-158,0.0000,198.0000,20,178,多平,S,7032.0000,0.0000,0.0000,0.0000,0.0000,7034.0000,0.0000,0.0000,0.0000,0.0000,301,0,0,0,0,113,0,0,0,0
zc,TA209,2012-06-13 09:00:16.573,7036.0000,513086,-152,0.0000,304.0000,76,228,空平,B,7034.0000,0.0000,0.0000,0.0000,0.0000,7036.0000,0.0000,0.0000,0.0000,0.0000,352,0,0,0,0,441,0,0,0,0
zc,TA209,2012-06-13 09:00:17.040,7034.0000,513090,4,0.0000,34.0000,19,15,空开,S,7034.0000,0.0000,0.0000,0.0000,0.0000,7036.0000,0.0000,0.0000,0.0000,0.0000,372,0,0,0,0,436,0,0,0,0
zc,TA209,2012-06-13 09:00:17.790,7034.0000,513040,-50,0.0000,200.0000,75,125,多平,S,7034.0000,0.0000,0.0000,0.0000,0.0000,7036.0000,0.0000,0.0000,0.0000,0.0000,301,0,0,0,0,406,0,0,0,0
zc,TA209,2012-06-13 09:00:18.307,7034.0000,512880,-160,0.0000,354.0000,97,257,多平,S,7034.0000,0.0000,0.0000,0.0000,0.0000,7036.0000,0.0000,0.0000,0.0000,0.0000,143,0,0,0,0,393,0,0,0,0
zc,TA209,2012-06-13 09:00:19.057,7034.0000,512908,28,0.0000,66.0000,47,19,空开,S,7034.0000,0.0000,0.0000,0.0000,0.0000,7036.0000,0.0000,0.0000,0.0000,0.0000,209,0,0,0,0,383,0,0,0,0
zc,TA209,2012-06-13 09:00:19.527,7034.0000,512916,8,0.0000,152.0000,80,72,空开,S,7034.0000,0.0000,0.0000,0.0000,0.0000,7036.0000,0.0000,0.0000,0.0000,0.0000,196,0,0,0,0,351,0,0,0,0
zc,TA209,2012-06-13 09:00:20.277,7034.0000,512874,-42,0.0000,82.0000,20,62,多平,S,7034.0000,0.0000,0.0000,0.0000,0.0000,7036.0000,0.0000,0.0000,0.0000,0.0000,175,0,0,0,0,332,0,0,0,0
zc,TA209,2012-06-13 09:00:21.057,7034.0000,512878,4,0.0000,32.0000,18,14,空开,S,7034.0000,0.0000,0.0000,0.0000,0.0000,7036.0000,0.0000,0.0000,0.0000,0.0000,179,0,0,0,0,319,0,0,0,0
zc,TA209,2012-06-13 09:00:21.790,7034.0000,512856,-22,0.0000,76.0000,27,49,多平,S,7034.0000,0.0000,0.0000,0.0000,0.0000,7036.0000,0.0000,0.0000,0.0000,0.0000,212,0,0,0,0,290,0,0,0,0
zc,TA209,2012-06-13 09:00:22.587,7034.0000,513296,440,0.0000,776.0000,608,168,空开,S,7032.0000,0.0000,0.0000,0.0000,0.0000,7034.0000,0.0000,0.0000,0.0000,0.0000,297,0,0,0,0,139,0,0,0,0
zc,TA209,2012-06-13 09:00:23.087,7034.0000,513326,30,0.0000,38.0000,34,4,空开,S,7032.0000,0.0000,0.0000,0.0000,0.0000,7034.0000,0.0000,0.0000,0.0000,0.0000,303,0,0,0,0,169,0,0,0,0
zc,TA209,2012-06-13 09:00:23.760,7032.0000,513354,28,0.0000,84.0000,56,28,空开,S,7032.0000,0.0000,0.0000,0.0000,0.0000,7034.0000,0.0000,0.0000,0.0000,0.0000,296,0,0,0,0,161,0,0,0,0
zc,TA209,2012-06-13 09:00:24.510,7032.0000,513394,40,0.0000,60.0000,50,10,空开,S,7032.0000,0.0000,0.0000,0.0000,0.0000,7034.0000,0.0000,0.0000,0.0000,0.0000,293,0,0,0,0,156,0,0,0,0
zc,TA209,2012-06-13 09:00:25.027,7034.0000,513400,6,0.0000,44.0000,25,19,多开,B,7032.0000,0.0000,0.0000,0.0000,0.0000,7034.0000,0.0000,0.0000,0.0000,0.0000,277,0,0,0,0,202,0,0,0,0
zc,TA209,2012-06-13 09:00:25.510,7032.0000,513398,-2,0.0000,10.0000,4,6,多平,S,7032.0000,0.0000,0.0000,0.0000,0.0000,7034.0000,0.0000,0.0000,0.0000,0.0000,275,0,0,0,0,200,0,0,0,0
zc,TA209,2012-06-13 09:00:26.040,7034.0000,513398,0,0.0000,40.0000,20,20,多换,B,7032.0000,0.0000,0.0000,0.0000,0.0000,7034.0000,0.0000,0.0000,0.0000,0.0000,271,0,0,0,0,190,0,0,0,0
zc,TA209,2012-06-13 09:00:26.760,7032.0000,513488,90,0.0000,224.0000,157,67,空开,S,7032.0000,0.0000,0.0000,0.0000,0.0000,7034.0000,0.0000,0.0000,0.0000,0.0000,267,0,0,0,0,89,0,0,0,0
zc,TA209,2012-06-13 09:00:27.277,7034.0000,513448,-40,0.0000,212.0000,86,126,空平,B,7032.0000,0.0000,0.0000,0.0000,0.0000,7034.0000,0.0000,0.0000,0.0000,0.0000,190,0,0,0,0,62,0,0,0,0
zc,TA209,2012-06-13 09:00:28.027,7032.0000,513422,-26,0.0000,66.0000,20,46,多平,S,7032.0000,0.0000,0.0000,0.0000,0.0000,7034.0000,0.0000,0.0000,0.0000,0.0000,174,0,0,0,0,76,0,0,0,0
zc,TA209,2012-06-13 09:00:28.760,7032.0000,513658,236,0.0000,306.0000,271,35,空开,S,7032.0000,0.0000,0.0000,0.0000,0.0000,7034.0000,0.0000,0.0000,0.0000,0.0000,103,0,0,0,0,12,0,0,0,0
zc,TA209,2012-06-13 09:00:29.573,7032.0000,513778,120,0.0000,228.0000,174,54,空开,S,7030.0000,0.0000,0.0000,0.0000,0.0000,7032.0000,0.0000,0.0000,0.0000,0.0000,698,0,0,0,0,98,0,0,0,0
zc,TA209,2012-06-13 09:00:30.010,7032.0000,513922,144,0.0000,148.0000,146,2,空开,S,7030.0000,0.0000,0.0000,0.0000,0.0000,7032.0000,0.0000,0.0000,0.0000,0.0000,636,0,0,0,0,90,0,0,0,0
zc,TA209,2012-06-13 09:00:30.790,7030.0000,513952,30,0.0000,40.0000,35,5,空开,S,7030.0000,0.0000,0.0000,0.0000,0.0000,7032.0000,0.0000,0.0000,0.0000,0.0000,627,0,0,0,0,11,0,0,0,0
zc,TA209,2012-06-13 09:00:32.027,7030.0000,515172,1220,0.0000,1370.0000,1295,75,空开,S,7030.0000,0.0000,0.0000,0.0000,0.0000,7032.0000,0.0000,0.0000,0.0000,0.0000,6,0,0,0,0,10,0,0,0,0
zc,TA209,2012-06-13 09:00:32.573,7030.0000,515178,6,0.0000,154.0000,80,74,空开,S,7028.0000,0.0000,0.0000,0.0000,0.0000,7030.0000,0.0000,0.0000,0.0000,0.0000,345,0,0,0,0,56,0,0,0,0
zc,TA209,2012-06-13 09:00:33.260,7030.0000,515188,10,0.0000,212.0000,111,101,空开,S,7028.0000,0.0000,0.0000,0.0000,0.0000,7030.0000,0.0000,0.0000,0.0000,0.0000,245,0,0,0,0,110,0,0,0,0
zc,TA209,2012-06-13 09:00:33.777,7028.0000,514772,-416,0.0000,424.0000,4,420,多平,S,7028.0000,0.0000,0.0000,0.0000,0.0000,7030.0000,0.0000,0.0000,0.0000,0.0000,34,0,0,0,0,118,0,0,0,0
zc,TA209,2012-06-13 09:00:34.557,7028.0000,514762,-10,0.0000,68.0000,29,39,多平,S,7026.0000,0.0000,0.0000,0.0000,0.0000,7030.0000,0.0000,0.0000,0.0000,0.0000,84,0,0,0,0,120,0,0,0,0
zc,TA209,2012-06-13 09:00:35.027,7026.0000,514768,6,0.0000,8.0000,7,1,空开,S,7026.0000,0.0000,0.0000,0.0000,0.0000,7028.0000,0.0000,0.0000,0.0000,0.0000,80,0,0,0,0,69,0,0,0,0
zc,TA209,2012-06-13 09:00:35.510,7026.0000,514770,2,0.0000,22.0000,12,10,空开,S,7026.0000,0.0000,0.0000,0.0000,0.0000,7028.0000,0.0000,0.0000,0.0000,0.0000,71,0,0,0,0,402,0,0,0,0
zc,TA209,2012-06-13 09:00:36.307,7026.0000,514790,20,0.0000,46.0000,33,13,空开,S,7026.0000,0.0000,0.0000,0.0000,0.0000,7028.0000,0.0000,0.0000,0.0000,0.0000,48,0,0,0,0,408,0,0,0,0
zc,TA209,2012-06-13 09:00:36.807,7028.0000,514746,-44,0.0000,370.0000,163,207,空平,B,7024.0000,0.0000,0.0000,0.0000,0.0000,7028.0000,0.0000,0.0000,0.0000,0.0000,59,0,0,0,0,351,0,0,0,0
zc,TA209,2012-06-13 09:00:37.290,7026.0000,514742,-4,0.0000,12.0000,4,8,多平,S,7024.0000,0.0000,0.0000,0.0000,0.0000,7026.0000,0.0000,0.0000,0.0000,0.0000,56,0,0,0,0,185,0,0,0,0
zc,TA209,2012-06-13 09:00:37.823,7024.0000,514764,22,0.0000,38.0000,30,8,空开,S,7024.0000,0.0000,0.0000,0.0000,0.0000,7026.0000,0.0000,0.0000,0.0000,0.0000,138,0,0,0,0,199,0,0,0,0
zc,TA209,2012-06-13 09:00:38.540,7024.0000,514780,16,0.0000,48.0000,32,16,空开,S,7024.0000,0.0000,0.0000,0.0000,0.0000,7026.0000,0.0000,0.0000,0.0000,0.0000,140,0,0,0,0,204,0,0,0,0
zc,TA209,2012-06-13 09:00:39.040,7024.0000,514768,-12,0.0000,28.0000,8,20,多平,S,7024.0000,0.0000,0.0000,0.0000,0.0000,7026.0000,0.0000,0.0000,0.0000,0.0000,133,0,0,0,0,208,0,0,0,0
zc,TA209,2012-06-13 09:00:40.087,7024.0000,514542,-226,0.0000,358.0000,66,292,多平,S,7024.0000,0.0000,0.0000,0.0000,0.0000,7026.0000,0.0000,0.0000,0.0000,0.0000,91,0,0,0,0,74,0,0,0,0
zc,TA209,2012-06-13 09:00:40.480,7026.0000,514480,-62,0.0000,136.0000,37,99,空平,B,7024.0000,0.0000,0.0000,0.0000,0.0000,7026.0000,0.0000,0.0000,0.0000,0.0000,117,0,0,0,0,24,0,0,0,0
zc,TA209,2012-06-13 09:00:41.290,7026.0000,514462,-18,0.0000,306.0000,144,162,空平,B,7026.0000,0.0000,0.0000,0.0000,0.0000,7028.0000,0.0000,0.0000,0.0000,0.0000,43,0,0,0,0,301,0,0,0,0
zc,TA209,2012-06-13 09:00:41.760,7026.0000,514432,-30,0.0000,78.0000,24,54,空平,B,7026.0000,0.0000,0.0000,0.0000,0.0000,7028.0000,0.0000,0.0000,0.0000,0.0000,86,0,0,0,0,301,0,0,0,0
zc,TA209,2012-06-13 09:00:42.493,7026.0000,514458,26,0.0000,52.0000,39,13,多开,B,7026.0000,0.0000,0.0000,0.0000,0.0000,7028.0000,0.0000,0.0000,0.0000,0.0000,63,0,0,0,0,285,0,0,0,0
zc,TA209,2012-06-13 09:00:43.027,7026.0000,514486,28,0.0000,30.0000,29,1,多开,B,7026.0000,0.0000,0.0000,0.0000,0.0000,7028.0000,0.0000,0.0000,0.0000,0.0000,50,0,0,0,0,279,0,0,0,0
zc,TA209,2012-06-13 09:00:44.073,7024.0000,514432,-54,0.0000,128.0000,37,91,多平,S,7024.0000,0.0000,0.0000,0.0000,0.0000,7026.0000,0.0000,0.0000,0.0000,0.0000,159,0,0,0,0,1,0,0,0,0
zc,TA209,2012-06-13 09:00:44.540,7024.0000,514434,2,0.0000,264.0000,133,131,空开,S,7024.0000,0.0000,0.0000,0.0000,0.0000,7026.0000,0.0000,0.0000,0.0000,0.0000,165,0,0,0,0,41,0,0,0,0
zc,TA209,2012-06-13 09:00:45.290,7026.0000,514458,24,0.0000,28.0000,26,2,多开,B,7024.0000,0.0000,0.0000,0.0000,0.0000,7026.0000,0.0000,0.0000,0.0000,0.0000,162,0,0,0,0,286,0,0,0,0
zc,TA209,2012-06-13 09:00:45.790,7026.0000,514460,2,0.0000,154.0000,78,76,多开,B,7024.0000,0.0000,0.0000,0.0000,0.0000,7026.0000,0.0000,0.0000,0.0000,0.0000,105,0,0,0,0,242,0,0,0,0
zc,TA209,2012-06-13 09:00:46.290,7024.0000,514684,224,0.0000,310.0000,267,43,空开,S,7022.0000,0.0000,0.0000,0.0000,0.0000,7024.0000,0.0000,0.0000,0.0000,0.0000,63,0,0,0,0,6,0,0,0,0
zc,TA209,2012-06-13 09:00:46.823,7024.0000,514662,-22,0.0000,124.0000,51,73,多平,S,7022.0000,0.0000,0.0000,0.0000,0.0000,7024.0000,0.0000,0.0000,0.0000,0.0000,65,0,0,0,0,76,0,0,0,0
zc,TA209,2012-06-13 09:00:47.307,7022.0000,514648,-14,0.0000,138.0000,62,76,多平,S,7022.0000,0.0000,0.0000,0.0000,0.0000,7024.0000,0.0000,0.0000,0.0000,0.0000,80,0,0,0,0,97,0,0,0,0
zc,TA209,2012-06-13 09:00:48.057,7024.0000,514750,102,0.0000,108.0000,105,3,多开,B,7022.0000,0.0000,0.0000,0.0000,0.0000,7024.0000,0.0000,0.0000,0.0000,0.0000,16,0,0,0,0,302,0,0,0,0
zc,TA209,2012-06-13 09:00:48.837,7022.0000,514788,38,0.0000,72.0000,55,17,空开,S,7020.0000,0.0000,0.0000,0.0000,0.0000,7022.0000,0.0000,0.0000,0.0000,0.0000,124,0,0,0,0,235,0,0,0,0
zc,TA209,2012-06-13 09:00:49.307,7020.0000,515242,454,0.0000,476.0000,465,11,空开,S,7020.0000,0.0000,0.0000,0.0000,0.0000,7022.0000,0.0000,0.0000,0.0000,0.0000,64,0,0,0,0,275,0,0,0,0
zc,TA209,2012-06-13 09:00:50.277,7020.0000,515250,8,0.0000,116.0000,62,54,空开,S,7020.0000,0.0000,0.0000,0.0000,0.0000,7022.0000,0.0000,0.0000,0.0000,0.0000,12,0,0,0,0,289,0,0,0,0
zc,TA209,2012-06-13 09:00:50.853,7018.0000,515222,-28,0.0000,96.0000,34,62,多平,S,7018.0000,0.0000,0.0000,0.0000,0.0000,7020.0000,0.0000,0.0000,0.0000,0.0000,19,0,0,0,0,30,0,0,0,0
zc,TA209,2012-06-13 09:00:51.493,7016.0000,515218,-4,0.0000,204.0000,100,104,多平,S,7016.0000,0.0000,0.0000,0.0000,0.0000,7018.0000,0.0000,0.0000,0.0000,0.0000,102,0,0,0,0,68,0,0,0,0
zc,TA209,2012-06-13 09:00:52.027,7018.0000,515252,34,0.0000,150.0000,92,58,多开,B,7018.0000,0.0000,0.0000,0.0000,0.0000,7020.0000,0.0000,0.0000,0.0000,0.0000,106,0,0,0,0,108,0,0,0,0
zc,TA209,2012-06-13 09:00:52.743,7018.0000,515198,-54,0.0000,70.0000,8,62,空平,B,7018.0000,0.0000,0.0000,0.0000,0.0000,7020.0000,0.0000,0.0000,0.0000,0.0000,74,0,0,0,0,143,0,0,0,0
zc,TA209,2012-06-13 09:00:53.260,7018.0000,515224,26,0.0000,146.0000,86,60,多开,B,7018.0000,0.0000,0.0000,0.0000,0.0000,7020.0000,0.0000,0.0000,0.0000,0.0000,149,0,0,0,0,85,0,0,0,0
zc,TA209,2012-06-13 09:00:54.057,7020.0000,515148,-76,0.0000,334.0000,129,205,空平,B,7020.0000,0.0000,0.0000,0.0000,0.0000,7022.0000,0.0000,0.0000,0.0000,0.0000,10,0,0,0,0,290,0,0,0,0
zc,TA209,2012-06-13 09:00:54.540,7020.0000,515230,82,0.0000,228.0000,155,73,多开,B,7018.0000,0.0000,0.0000,0.0000,0.0000,7020.0000,0.0000,0.0000,0.0000,0.0000,27,0,0,0,0,140,0,0,0,0
zc,TA209,2012-06-13 09:00:55.337,7018.0000,515302,72,0.0000,170.0000,121,49,空开,S,7016.0000,0.0000,0.0000,0.0000,0.0000,7018.0000,0.0000,0.0000,0.0000,0.0000,111,0,0,0,0,88,0,0,0,0
zc,TA209,2012-06-13 09:00:55.777,7018.0000,515334,32,0.0000,48.0000,40,8,空开,S,7016.0000,0.0000,0.0000,0.0000,0.0000,7018.0000,0.0000,0.0000,0.0000,0.0000,110,0,0,0,0,76,0,0,0,0
zc,TA209,2012-06-13 09:00:56.493,7016.0000,515348,14,0.0000,30.0000,22,8,空开,S,7016.0000,0.0000,0.0000,0.0000,0.0000,7018.0000,0.0000,0.0000,0.0000,0.0000,109,0,0,0,0,66,0,0,0,0
zc,TA209,2012-06-13 09:00:57.027,7018.0000,515352,4,0.0000,14.0000,9,5,多开,B,7016.0000,0.0000,0.0000,0.0000,0.0000,7018.0000,0.0000,0.0000,0.0000,0.0000,103,0,0,0,0,111,0,0,0,0
zc,TA209,2012-06-13 09:00:57.760,7018.0000,515320,-32,0.0000,234.0000,101,133,空平,B,7016.0000,0.0000,0.0000,0.0000,0.0000,7018.0000,0.0000,0.0000,0.0000,0.0000,48,0,0,0,0,24,0,0,0,0
zc,TA209,2012-06-13 09:00:58.573,7018.0000,515294,-26,0.0000,164.0000,69,95,空平,B,7014.0000,0.0000,0.0000,0.0000,0.0000,7016.0000,0.0000,0.0000,0.0000,0.0000,14,0,0,0,0,9,0,0,0,0
zc,TA209,2012-06-13 09:00:59.087,7018.0000,515344,50,0.0000,60.0000,55,5,多开,B,7016.0000,0.0000,0.0000,0.0000,0.0000,7018.0000,0.0000,0.0000,0.0000,0.0000,6,0,0,0,0,38,0,0,0,0
zc,TA209,2012-06-13 09:01:00.073,7016.0000,515180,-164,0.0000,372.0000,104,268,多平,S,7014.0000,0.0000,0.0000,0.0000,0.0000,7016.0000,0.0000,0.0000,0.0000,0.0000,1,0,0,0,0,166,0,0,0,0
zc,TA209,2012-06-13 09:01:00.790,7016.0000,515202,22,0.0000,242.0000,132,110,空开,S,7012.0000,0.0000,0.0000,0.0000,0.0000,7014.0000,0.0000,0.0000,0.0000,0.0000,92,0,0,0,0,1,0,0,0,0
zc,TA209,2012-06-13 09:01:01.277,7018.0000,515236,34,0.0000,124.0000,79,45,多开,B,7016.0000,0.0000,0.0000,0.0000,0.0000,7018.0000,0.0000,0.0000,0.0000,0.0000,10,0,0,0,0,29,0,0,0,0
zc,TA209,2012-06-13 09:01:02.057,7012.0000,515286,50,0.0000,76.0000,63,13,空开,S,7012.0000,0.0000,0.0000,0.0000,0.0000,7014.0000,0.0000,0.0000,0.0000,0.0000,150,0,0,0,0,268,0,0,0,0
zc,TA209,2012-06-13 09:01:02.540,7014.0000,515430,144,0.0000,292.0000,218,74,多开,B,7012.0000,0.0000,0.0000,0.0000,0.0000,7014.0000,0.0000,0.0000,0.0000,0.0000,73,0,0,0,0,209,0,0,0,0
zc,TA209,2012-06-13 09:01:03.277,7012.0000,515650,220,0.0000,358.0000,289,69,空开,S,7010.0000,0.0000,0.0000,0.0000,0.0000,7012.0000,0.0000,0.0000,0.0000,0.0000,285,0,0,0,0,220,0,0,0,0
zc,TA209,2012-06-13 09:01:03.760,7012.0000,515704,54,0.0000,126.0000,90,36,空开,S,7010.0000,0.0000,0.0000,0.0000,0.0000,7012.0000,0.0000,0.0000,0.0000,0.0000,284,0,0,0,0,242,0,0,0,0
zc,TA209,2012-06-13 09:01:05.087,7010.0000,515992,288,0.0000,862.0000,575,287,空开,S,7008.0000,0.0000,0.0000,0.0000,0.0000,7010.0000,0.0000,0.0000,0.0000,0.0000,236,0,0,0,0,855,0,0,0,0
zc,TA209,2012-06-13 09:01:05.527,7008.0000,516036,44,0.0000,62.0000,53,9,空开,S,7008.0000,0.0000,0.0000,0.0000,0.0000,7010.0000,0.0000,0.0000,0.0000,0.0000,233,0,0,0,0,962,0,0,0,0
zc,TA209,2012-06-13 09:01:06.290,7010.0000,516350,314,0.0000,740.0000,527,213,多开,B,7008.0000,0.0000,0.0000,0.0000,0.0000,7010.0000,0.0000,0.0000,0.0000,0.0000,26,0,0,0,0,866,0,0,0,0
zc,TA209,2012-06-13 09:01:06.807,7008.0000,516670,320,0.0000,406.0000,363,43,空开,S,7006.0000,0.0000,0.0000,0.0000,0.0000,7008.0000,0.0000,0.0000,0.0000,0.0000,357,0,0,0,0,386,0,0,0,0
zc,TA209,2012-06-13 09:01:07.510,7006.0000,516654,-16,0.0000,80.0000,32,48,多平,S,7006.0000,0.0000,0.0000,0.0000,0.0000,7008.0000,0.0000,0.0000,0.0000,0.0000,319,0,0,0,0,389,0,0,0,0
zc,TA209,2012-06-13 09:01:08.057,7006.0000,516640,-14,0.0000,40.0000,13,27,多平,S,7006.0000,0.0000,0.0000,0.0000,0.0000,7008.0000,0.0000,0.0000,0.0000,0.0000,300,0,0,0,0,455,0,0,0,0
zc,TA209,2012-06-13 09:01:08.777,7008.0000,516632,-8,0.0000,576.0000,284,292,空平,B,7006.0000,0.0000,0.0000,0.0000,0.0000,7008.0000,0.0000,0.0000,0.0000,0.0000,254,0,0,0,0,248,0,0,0,0
zc,TA209,2012-06-13 09:01:09.073,7008.0000,516634,2,0.0000,434.0000,218,216,多开,B,7006.0000,0.0000,0.0000,0.0000,0.0000,7008.0000,0.0000,0.0000,0.0000,0.0000,58,0,0,0,0,246,0,0,0,0
zc,TA209,2012-06-13 09:01:09.807,7000.0000,517394,760,0.0000,854.0000,807,47,空开,S,7000.0000,0.0000,0.0000,0.0000,0.0000,7002.0000,0.0000,0.0000,0.0000,0.0000,130,0,0,0,0,599,0,0,0,0
zc,TA209,2012-06-13 09:01:10.243,7000.0000,517586,192,0.0000,462.0000,327,135,空开,S,7000.0000,0.0000,0.0000,0.0000,0.0000,7002.0000,0.0000,0.0000,0.0000,0.0000,85,0,0,0,0,468,0,0,0,0
zc,TA209,2012-06-13 09:01:11.290,6994.0000,517942,356,0.0000,1276.0000,816,460,空开,S,6994.0000,0.0000,0.0000,0.0000,0.0000,6996.0000,0.0000,0.0000,0.0000,0.0000,29,0,0,0,0,89,0,0,0,0
zc,TA209,2012-06-13 09:01:11.480,6994.0000,518012,70,0.0000,364.0000,217,147,空开,S,6994.0000,0.0000,0.0000,0.0000,0.0000,6996.0000,0.0000,0.0000,0.0000,0.0000,21,0,0,0,0,242,0,0,0,0
zc,TA209,2012-06-13 09:01:12.243,6986.0000,518692,680,0.0000,864.0000,772,92,空开,S,6986.0000,0.0000,0.0000,0.0000,0.0000,6988.0000,0.0000,0.0000,0.0000,0.0000,117,0,0,0,0,2,0,0,0,0
zc,TA209,2012-06-13 09:01:13.057,6986.0000,518836,144,0.0000,750.0000,447,303,空开,S,6986.0000,0.0000,0.0000,0.0000,0.0000,6992.0000,0.0000,0.0000,0.0000,0.0000,7,0,0,0,0,38,0,0,0,0
zc,TA209,2012-06-13 09:01:13.790,6986.0000,518882,46,0.0000,220.0000,133,87,空开,S,6986.0000,0.0000,0.0000,0.0000,0.0000,6990.0000,0.0000,0.0000,0.0000,0.0000,67,0,0,0,0,159,0,0,0,0
zc,TA209,2012-06-13 09:01:14.323,6990.0000,519298,416,0.0000,686.0000,551,135,多开,B,6990.0000,0.0000,0.0000,0.0000,0.0000,6992.0000,0.0000,0.0000,0.0000,0.0000,17,0,0,0,0,47,0,0,0,0
zc,TA209,2012-06-13 09:01:15.323,6992.0000,519308,10,0.0000,630.0000,320,310,多开,B,6992.0000,0.0000,0.0000,0.0000,0.0000,6994.0000,0.0000,0.0000,0.0000,0.0000,33,0,0,0,0,378,0,0,0,0
zc,TA209,2012-06-13 09:01:15.777,6992.0000,519256,-52,0.0000,198.0000,73,125,空平,B,6992.0000,0.0000,0.0000,0.0000,0.0000,6994.0000,0.0000,0.0000,0.0000,0.0000,122,0,0,0,0,351,0,0,0,0
zc,TA209,2012-06-13 09:01:16.493,6992.0000,519432,176,0.0000,360.0000,268,92,多开,B,6992.0000,0.0000,0.0000,0.0000,0.0000,6994.0000,0.0000,0.0000,0.0000,0.0000,166,0,0,0,0,287,0,0,0,0
zc,TA209,2012-06-13 09:01:17.010,6994.0000,519626,194,0.0000,776.0000,485,291,多开,B,6994.0000,0.0000,0.0000,0.0000,0.0000,6996.0000,0.0000,0.0000,0.0000,0.0000,63,0,0,0,0,208,0,0,0,0
zc,TA209,2012-06-13 09:01:17.760,6998.0000,519684,58,0.0000,506.0000,282,224,多开,B,6994.0000,0.0000,0.0000,0.0000,0.0000,6998.0000,0.0000,0.0000,0.0000,0.0000,222,0,0,0,0,524,0,0,0,0
zc,TA209,2012-06-13 09:01:18.243,6994.0000,519544,-140,0.0000,354.0000,107,247,多平,S,6994.0000,0.0000,0.0000,0.0000,0.0000,6998.0000,0.0000,0.0000,0.0000,0.0000,177,0,0,0,0,488,0,0,0,0
zc,TA209,2012-06-13 09:01:19.040,6994.0000,519764,220,0.0000,464.0000,342,122,空开,S,6992.0000,0.0000,0.0000,0.0000,0.0000,6994.0000,0.0000,0.0000,0.0000,0.0000,182,0,0,0,0,42,0,0,0,0
zc,TA209,2012-06-13 09:01:19.480,6994.0000,519890,126,0.0000,342.0000,234,108,空开,S,6992.0000,0.0000,0.0000,0.0000,0.0000,6994.0000,0.0000,0.0000,0.0000,0.0000,228,0,0,0,0,93,0,0,0,0
zc,TA209,2012-06-13 09:01:20.260,6994.0000,519842,-48,0.0000,186.0000,69,117,多平,S,6992.0000,0.0000,0.0000,0.0000,0.0000,6994.0000,0.0000,0.0000,0.0000,0.0000,63,0,0,0,0,19,0,0,0,0
zc,TA209,2012-06-13 09:01:20.777,6994.0000,519816,-26,0.0000,84.0000,29,55,多平,S,6994.0000,0.0000,0.0000,0.0000,0.0000,6996.0000,0.0000,0.0000,0.0000,0.0000,24,0,0,0,0,91,0,0,0,0
zc,TA209,2012-06-13 09:01:21.527,6994.0000,519694,-122,0.0000,168.0000,23,145,多平,S,6992.0000,0.0000,0.0000,0.0000,0.0000,6994.0000,0.0000,0.0000,0.0000,0.0000,255,0,0,0,0,238,0,0,0,0
zc,TA209,2012-06-13 09:01:22.027,6992.0000,519676,-18,0.0000,158.0000,70,88,多平,S,6992.0000,0.0000,0.0000,0.0000,0.0000,6994.0000,0.0000,0.0000,0.0000,0.0000,238,0,0,0,0,196,0,0,0,0
zc,TA209,2012-06-13 09:01:22.823,6994.0000,519640,-36,0.0000,236.0000,100,136,空平,B,6992.0000,0.0000,0.0000,0.0000,0.0000,6994.0000,0.0000,0.0000,0.0000,0.0000,39,0,0,0,0,97,0,0,0,0
zc,TA209,2012-06-13 09:01:23.260,6994.0000,519494,-146,0.0000,322.0000,88,234,空平,B,6994.0000,0.0000,0.0000,0.0000,0.0000,6996.0000,0.0000,0.0000,0.0000,0.0000,358,0,0,0,0,90,0,0,0,0
zc,TA209,2012-06-13 09:01:23.993,6994.0000,519524,30,0.0000,122.0000,76,46,多开,B,6994.0000,0.0000,0.0000,0.0000,0.0000,6996.0000,0.0000,0.0000,0.0000,0.0000,367,0,0,0,0,122,0,0,0,0
zc,TA209,2012-06-13 09:01:24.790,6998.0000,519514,-10,0.0000,928.0000,459,469,空平,B,6996.0000,0.0000,0.0000,0.0000,0.0000,6998.0000,0.0000,0.0000,0.0000,0.0000,692,0,0,0,0,24,0,0,0,0
zc,TA209,2012-06-13 09:01:25.027,6998.0000,519514,0,0.0000,62.0000,31,31,多换,B,6998.0000,0.0000,0.0000,0.0000,0.0000,7000.0000,0.0000,0.0000,0.0000,0.0000,38,0,0,0,0,45,0,0,0,0
zc,TA209,2012-06-13 09:01:25.777,7000.0000,519532,18,0.0000,186.0000,102,84,多开,B,7000.0000,0.0000,0.0000,0.0000,0.0000,7002.0000,0.0000,0.0000,0.0000,0.0000,62,0,0,0,0,665,0,0,0,0
zc,TA209,2012-06-13 09:01:26.260,7000.0000,519546,14,0.0000,66.0000,40,26,多开,B,7000.0000,0.0000,0.0000,0.0000,0.0000,7002.0000,0.0000,0.0000,0.0000,0.0000,86,0,0,0,0,662,0,0,0,0
zc,TA209,2012-06-13 09:01:27.027,7002.0000,519630,84,0.0000,162.0000,123,39,多开,B,7000.0000,0.0000,0.0000,0.0000,0.0000,7002.0000,0.0000,0.0000,0.0000,0.0000,10,0,0,0,0,648,0,0,0,0
zc,TA209,2012-06-13 09:01:27.480,7002.0000,519578,-52,0.0000,428.0000,188,240,空平,B,7000.0000,0.0000,0.0000,0.0000,0.0000,7002.0000,0.0000,0.0000,0.0000,0.0000,9,0,0,0,0,544,0,0,0,0
zc,TA209,2012-06-13 09:01:28.230,7002.0000,519620,42,0.0000,74.0000,58,16,多开,B,7000.0000,0.0000,0.0000,0.0000,0.0000,7002.0000,0.0000,0.0000,0.0000,0.0000,5,0,0,0,0,539,0,0,0,0
zc,TA209,2012-06-13 09:01:28.790,6998.0000,519640,20,0.0000,156.0000,88,68,空开,S,6998.0000,0.0000,0.0000,0.0000,0.0000,7000.0000,0.0000,0.0000,0.0000,0.0000,85,0,0,0,0,5,0,0,0,0
zc,TA209,2012-06-13 09:01:29.243,7000.0000,519630,-10,0.0000,42.0000,16,26,空平,B,6998.0000,0.0000,0.0000,0.0000,0.0000,7000.0000,0.0000,0.0000,0.0000,0.0000,105,0,0,0,0,134,0,0,0,0
zc,TA209,2012-06-13 09:01:30.010,6998.0000,519530,-100,0.0000,196.0000,48,148,多平,S,6998.0000,0.0000,0.0000,0.0000,0.0000,7000.0000,0.0000,0.0000,0.0000,0.0000,84,0,0,0,0,125,0,0,0,0
zc,TA209,2012-06-13 09:01:30.493,6998.0000,519462,-68,0.0000,150.0000,41,109,多平,S,6998.0000,0.0000,0.0000,0.0000,0.0000,7000.0000,0.0000,0.0000,0.0000,0.0000,51,0,0,0,0,198,0,0,0,0
zc,TA209,2012-06-13 09:01:31.760,7000.0000,519390,-72,0.0000,472.0000,200,272,空平,B,6998.0000,0.0000,0.0000,0.0000,0.0000,7000.0000,0.0000,0.0000,0.0000,0.0000,5,0,0,0,0,24,0,0,0,0
zc,TA209,2012-06-13 09:01:32.527,7000.0000,519400,10,0.0000,54.0000,32,22,多开,B,7000.0000,0.0000,0.0000,0.0000,0.0000,7002.0000,0.0000,0.0000,0.0000,0.0000,2,0,0,0,0,198,0,0,0,0
zc,TA209,2012-06-13 09:01:32.730,7000.0000,519450,50,0.0000,136.0000,93,43,多开,B,6998.0000,0.0000,0.0000,0.0000,0.0000,7000.0000,0.0000,0.0000,0.0000,0.0000,139,0,0,0,0,4,0,0,0,0
zc,TA209,2012-06-13 09:01:33.527,7002.0000,519492,42,0.0000,64.0000,53,11,多开,B,6998.0000,0.0000,0.0000,0.0000,0.0000,7000.0000,0.0000,0.0000,0.0000,0.0000,140,0,0,0,0,32,0,0,0,0
zc,TA209,2012-06-13 09:01:34.010,7000.0000,519504,12,0.0000,34.0000,23,11,空开,S,6998.0000,0.0000,0.0000,0.0000,0.0000,7000.0000,0.0000,0.0000,0.0000,0.0000,151,0,0,0,0,30,0,0,0,0
zc,TA209,2012-06-13 09:01:34.713,7000.0000,519520,16,0.0000,28.0000,22,6,空开,S,6998.0000,0.0000,0.0000,0.0000,0.0000,7000.0000,0.0000,0.0000,0.0000,0.0000,147,0,0,0,0,44,0,0,0,0
zc,TA209,2012-06-13 09:01:35.260,7000.0000,519534,14,0.0000,76.0000,45,31,空开,S,6998.0000,0.0000,0.0000,0.0000,0.0000,7000.0000,0.0000,0.0000,0.0000,0.0000,157,0,0,0,0,66,0,0,0,0
zc,TA209,2012-06-13 09:01:35.993,7000.0000,519708,174,0.0000,228.0000,201,27,空开,S,6998.0000,0.0000,0.0000,0.0000,0.0000,7000.0000,0.0000,0.0000,0.0000,0.0000,91,0,0,0,0,257,0,0,0,0
zc,TA209,2012-06-13 09:01:36.510,6998.0000,519684,-24,0.0000,198.0000,87,111,多平,S,6996.0000,0.0000,0.0000,0.0000,0.0000,6998.0000,0.0000,0.0000,0.0000,0.0000,868,0,0,0,0,84,0,0,0,0
zc,TA209,2012-06-13 09:01:37.230,6998.0000,519666,-18,0.0000,48.0000,15,33,多平,S,6996.0000,0.0000,0.0000,0.0000,0.0000,6998.0000,0.0000,0.0000,0.0000,0.0000,868,0,0,0,0,119,0,0,0,0
zc,TA209,2012-06-13 09:01:37.777,6996.0000,519480,-186,0.0000,498.0000,156,342,多平,S,6996.0000,0.0000,0.0000,0.0000,0.0000,7000.0000,0.0000,0.0000,0.0000,0.0000,855,0,0,0,0,194,0,0,0,0
zc,TA209,2012-06-13 09:01:38.260,6998.0000,519494,14,0.0000,152.0000,83,69,多开,B,6998.0000,0.0000,0.0000,0.0000,0.0000,7000.0000,0.0000,0.0000,0.0000,0.0000,15,0,0,0,0,356,0,0,0,0
zc,TA209,2012-06-13 09:01:39.073,6998.0000,519624,130,0.0000,554.0000,342,212,多开,B,6996.0000,0.0000,0.0000,0.0000,0.0000,6998.0000,0.0000,0.0000,0.0000,0.0000,610,0,0,0,0,1,0,0,0,0
zc,TA209,2012-06-13 09:01:39.527,6998.0000,519652,28,0.0000,60.0000,44,16,多开,B,6996.0000,0.0000,0.0000,0.0000,0.0000,6998.0000,0.0000,0.0000,0.0000,0.0000,600,0,0,0,0,9,0,0,0,0
zc,TA209,2012-06-13 09:01:40.260,6996.0000,519652,0,0.0000,440.0000,220,220,空换,S,6996.0000,0.0000,0.0000,0.0000,0.0000,6998.0000,0.0000,0.0000,0.0000,0.0000,429,0,0,0,0,81,0,0,0,0
zc,TA209,2012-06-13 09:01:40.760,6998.0000,519036,-616,0.0000,694.0000,39,655,空平,B,6998.0000,0.0000,0.0000,0.0000,0.0000,7000.0000,0.0000,0.0000,0.0000,0.0000,65,0,0,0,0,314,0,0,0,0
zc,TA209,2012-06-13 09:01:41.557,7000.0000,519002,-34,0.0000,258.0000,112,146,空平,B,6996.0000,0.0000,0.0000,0.0000,0.0000,7000.0000,0.0000,0.0000,0.0000,0.0000,401,0,0,0,0,281,0,0,0,0
zc,TA209,2012-06-13 09:01:42.040,6998.0000,519020,18,0.0000,52.0000,35,17,空开,S,6996.0000,0.0000,0.0000,0.0000,0.0000,6998.0000,0.0000,0.0000,0.0000,0.0000,399,0,0,0,0,36,0,0,0,0
zc,TA209,2012-06-13 09:01:42.743,6998.0000,519048,28,0.0000,114.0000,71,43,空开,S,6996.0000,0.0000,0.0000,0.0000,0.0000,6998.0000,0.0000,0.0000,0.0000,0.0000,393,0,0,0,0,20,0,0,0,0
zc,TA209,2012-06-13 09:01:43.260,6998.0000,519004,-44,0.0000,64.0000,10,54,多平,S,6998.0000,0.0000,0.0000,0.0000,0.0000,7000.0000,0.0000,0.0000,0.0000,0.0000,74,0,0,0,0,279,0,0,0,0
zc,TA209,2012-06-13 09:01:43.743,6998.0000,519002,-2,0.0000,42.0000,20,22,多平,S,6998.0000,0.0000,0.0000,0.0000,0.0000,7000.0000,0.0000,0.0000,0.0000,0.0000,62,0,0,0,0,470,0,0,0,0
zc,TA209,2012-06-13 09:01:44.493,7000.0000,519104,102,0.0000,138.0000,120,18,多开,B,6998.0000,0.0000,0.0000,0.0000,0.0000,7000.0000,0.0000,0.0000,0.0000,0.0000,88,0,0,0,0,440,0,0,0,0
zc,TA209,2012-06-13 09:01:45.010,6998.0000,519066,-38,0.0000,224.0000,93,131,多平,S,6998.0000,0.0000,0.0000,0.0000,0.0000,7000.0000,0.0000,0.0000,0.0000,0.0000,12,0,0,0,0,408,0,0,0,0
zc,TA209,2012-06-13 09:01:45.790,6998.0000,519088,22,0.0000,44.0000,33,11,空开,S,6998.0000,0.0000,0.0000,0.0000,0.0000,7000.0000,0.0000,0.0000,0.0000,0.0000,11,0,0,0,0,450,0,0,0,0
zc,TA209,2012-06-13 09:01:46.230,6998.0000,519090,2,0.0000,24.0000,13,11,空开,S,6998.0000,0.0000,0.0000,0.0000,0.0000,7000.0000,0.0000,0.0000,0.0000,0.0000,69,0,0,0,0,493,0,0,0,0
zc,TA209,2012-06-13 09:01:47.027,7000.0000,519072,-18,0.0000,124.0000,53,71,空平,B,6998.0000,0.0000,0.0000,0.0000,0.0000,7000.0000,0.0000,0.0000,0.0000,0.0000,72,0,0,0,0,450,0,0,0,0
zc,TA209,2012-06-13 09:01:47.540,6998.0000,519014,-58,0.0000,258.0000,100,158,多平,S,6998.0000,0.0000,0.0000,0.0000,0.0000,7000.0000,0.0000,0.0000,0.0000,0.0000,36,0,0,0,0,334,0,0,0,0
zc,TA209,2012-06-13 09:01:48.290,6998.0000,519692,678,0.0000,684.0000,681,3,空开,S,6996.0000,0.0000,0.0000,0.0000,0.0000,6998.0000,0.0000,0.0000,0.0000,0.0000,434,0,0,0,0,33,0,0,0,0
zc,TA209,2012-06-13 09:01:48.790,6998.0000,519732,40,0.0000,114.0000,77,37,空开,S,6996.0000,0.0000,0.0000,0.0000,0.0000,6998.0000,0.0000,0.0000,0.0000,0.0000,437,0,0,0,0,3,0,0,0,0
zc,TA209,2012-06-13 09:01:49.540,6998.0000,519732,0,0.0000,20.0000,10,10,空换,S,6996.0000,0.0000,0.0000,0.0000,0.0000,6998.0000,0.0000,0.0000,0.0000,0.0000,449,0,0,0,0,33,0,0,0,0
zc,TA209,2012-06-13 09:01:50.010,7000.0000,519760,28,0.0000,292.0000,160,132,多开,B,7000.0000,0.0000,0.0000,0.0000,0.0000,7002.0000,0.0000,0.0000,0.0000,0.0000,8,0,0,0,0,212,0,0,0,0
zc,TA209,2012-06-13 09:01:50.790,6998.0000,519744,-16,0.0000,82.0000,33,49,多平,S,7000.0000,0.0000,0.0000,0.0000,0.0000,7002.0000,0.0000,0.0000,0.0000,0.0000,20,0,0,0,0,212,0,0,0,0
zc,TA209,2012-06-13 09:01:51.260,7002.0000,519814,70,0.0000,112.0000,91,21,多开,B,7000.0000,0.0000,0.0000,0.0000,0.0000,7002.0000,0.0000,0.0000,0.0000,0.0000,87,0,0,0,0,162,0,0,0,0
zc,TA209,2012-06-13 09:01:51.993,7002.0000,519840,26,0.0000,170.0000,98,72,多开,B,7000.0000,0.0000,0.0000,0.0000,0.0000,7002.0000,0.0000,0.0000,0.0000,0.0000,106,0,0,0,0,120,0,0,0,0
zc,TA209,2012-06-13 09:01:52.527,7002.0000,519936,96,0.0000,308.0000,202,106,多开,B,7002.0000,0.0000,0.0000,0.0000,0.0000,7004.0000,0.0000,0.0000,0.0000,0.0000,101,0,0,0,0,13,0,0,0,0
zc,TA209,2012-06-13 09:01:53.307,7002.0000,520050,114,0.0000,288.0000,201,87,多开,B,7004.0000,0.0000,0.0000,0.0000,0.0000,7006.0000,0.0000,0.0000,0.0000,0.0000,100,0,0,0,0,72,0,0,0,0
zc,TA209,2012-06-13 09:01:53.743,7006.0000,520074,24,0.0000,94.0000,59,35,多开,B,7004.0000,0.0000,0.0000,0.0000,0.0000,7006.0000,0.0000,0.0000,0.0000,0.0000,110,0,0,0,0,43,0,0,0,0
zc,TA209,2012-06-13 09:01:54.510,7000.0000,520390,316,0.0000,424.0000,370,54,空开,S,7000.0000,0.0000,0.0000,0.0000,0.0000,7002.0000,0.0000,0.0000,0.0000,0.0000,67,0,0,0,0,1,0,0,0,0
zc,TA209,2012-06-13 09:01:55.057,7002.0000,520298,-92,0.0000,210.0000,59,151,空平,B,7000.0000,0.0000,0.0000,0.0000,0.0000,7002.0000,0.0000,0.0000,0.0000,0.0000,20,0,0,0,0,5,0,0,0,0
zc,TA209,2012-06-13 09:01:55.760,7004.0000,520322,24,0.0000,44.0000,34,10,多开,B,7002.0000,0.0000,0.0000,0.0000,0.0000,7004.0000,0.0000,0.0000,0.0000,0.0000,2,0,0,0,0,49,0,0,0,0
zc,TA209,2012-06-13 09:01:56.260,7002.0000,520328,6,0.0000,116.0000,61,55,空开,S,7000.0000,0.0000,0.0000,0.0000,0.0000,7006.0000,0.0000,0.0000,0.0000,0.0000,152,0,0,0,0,89,0,0,0,0
zc,TA209,2012-06-13 09:01:56.823,7000.0000,520670,342,0.0000,436.0000,389,47,空开,S,6998.0000,0.0000,0.0000,0.0000,0.0000,7000.0000,0.0000,0.0000,0.0000,0.0000,219,0,0,0,0,2,0,0,0,0
zc,TA209,2012-06-13 09:01:57.527,7000.0000,520776,106,0.0000,164.0000,135,29,空开,S,7000.0000,0.0000,0.0000,0.0000,0.0000,7002.0000,0.0000,0.0000,0.0000,0.0000,132,0,0,0,0,4,0,0,0,0
zc,TA209,2012-06-13 09:01:58.027,7002.0000,520790,14,0.0000,42.0000,28,14,多开,B,7002.0000,0.0000,0.0000,0.0000,0.0000,7004.0000,0.0000,0.0000,0.0000,0.0000,54,0,0,0,0,113,0,0,0,0
zc,TA209,2012-06-13 09:01:58.777,7004.0000,520810,20,0.0000,80.0000,50,30,多开,B,7002.0000,0.0000,0.0000,0.0000,0.0000,7004.0000,0.0000,0.0000,0.0000,0.0000,35,0,0,0,0,148,0,0,0,0
zc,TA209,2012-06-13 09:01:59.010,7004.0000,520794,-16,0.0000,118.0000,51,67,空平,B,7002.0000,0.0000,0.0000,0.0000,0.0000,7004.0000,0.0000,0.0000,0.0000,0.0000,41,0,0,0,0,154,0,0,0,0
zc,TA209,2012-06-13 09:02:00.027,7004.0000,520784,-10,0.0000,214.0000,102,112,空平,B,7000.0000,0.0000,0.0000,0.0000,0.0000,7004.0000,0.0000,0.0000,0.0000,0.0000,172,0,0,0,0,103,0,0,0,0
zc,TA209,2012-06-13 09:02:00.277,7004.0000,520778,-6,0.0000,20.0000,7,13,空平,B,7002.0000,0.0000,0.0000,0.0000,0.0000,7004.0000,0.0000,0.0000,0.0000,0.0000,8,0,0,0,0,104,0,0,0,0
zc,TA209,2012-06-13 09:02:01.027,7004.0000,520798,20,0.0000,278.0000,149,129,多开,B,7000.0000,0.0000,0.0000,0.0000,0.0000,7004.0000,0.0000,0.0000,0.0000,0.0000,72,0,0,0,0,105,0,0,0,0
zc,TA209,2012-06-13 09:02:01.527,7004.0000,520798,0,0.0000,2.0000,1,1,多换,B,7000.0000,0.0000,0.0000,0.0000,0.0000,7002.0000,0.0000,0.0000,0.0000,0.0000,73,0,0,0,0,2,0,0,0,0
zc,TA209,2012-06-13 09:02:02.277,7004.0000,520784,-14,0.0000,42.0000,14,28,空平,B,7002.0000,0.0000,0.0000,0.0000,0.0000,7004.0000,0.0000,0.0000,0.0000,0.0000,1,0,0,0,0,274,0,0,0,0
zc,TA209,2012-06-13 09:02:02.760,7002.0000,520822,38,0.0000,46.0000,42,4,空开,S,7002.0000,0.0000,0.0000,0.0000,0.0000,7004.0000,0.0000,0.0000,0.0000,0.0000,25,0,0,0,0,279,0,0,0,0
zc,TA209,2012-06-13 09:02:03.243,7004.0000,521028,206,0.0000,294.0000,250,44,多开,B,7002.0000,0.0000,0.0000,0.0000,0.0000,7004.0000,0.0000,0.0000,0.0000,0.0000,5,0,0,0,0,240,0,0,0,0
zc,TA209,2012-06-13 09:02:04.040,7002.0000,521060,32,0.0000,62.0000,47,15,空开,S,7000.0000,0.0000,0.0000,0.0000,0.0000,7002.0000,0.0000,0.0000,0.0000,0.0000,324,0,0,0,0,63,0,0,0,0
zc,TA209,2012-06-13 09:02:04.527,7002.0000,520900,-160,0.0000,260.0000,50,210,多平,S,7000.0000,0.0000,0.0000,0.0000,0.0000,7002.0000,0.0000,0.0000,0.0000,0.0000,305,0,0,0,0,54,0,0,0,0
zc,TA209,2012-06-13 09:02:05.277,7002.0000,520866,-34,0.0000,110.0000,38,72,多平,S,7002.0000,0.0000,0.0000,0.0000,0.0000,7004.0000,0.0000,0.0000,0.0000,0.0000,9,0,0,0,0,371,0,0,0,0
zc,TA209,2012-06-13 09:02:05.760,7002.0000,521044,178,0.0000,210.0000,194,16,空开,S,7000.0000,0.0000,0.0000,0.0000,0.0000,7002.0000,0.0000,0.0000,0.0000,0.0000,328,0,0,0,0,5,0,0,0,0
zc,TA209,2012-06-13 09:02:06.510,7002.0000,521044,0,0.0000,0.0000,0,0,空换,S,7000.0000,0.0000,0.0000,0.0000,0.0000,7002.0000,0.0000,0.0000,0.0000,0.0000,322,0,0,0,0,291,0,0,0,0
zc,TA209,2012-06-13 09:02:06.743,7000.0000,521232,188,0.0000,204.0000,196,8,空开,S,7000.0000,0.0000,0.0000,0.0000,0.0000,7002.0000,0.0000,0.0000,0.0000,0.0000,244,0,0,0,0,291,0,0,0,0
zc,TA209,2012-06-13 09:02:07.493,7002.0000,521280,48,0.0000,52.0000,50,2,多开,B,7000.0000,0.0000,0.0000,0.0000,0.0000,7002.0000,0.0000,0.0000,0.0000,0.0000,252,0,0,0,0,281,0,0,0,0
zc,TA209,2012-06-13 09:02:07.980,7002.0000,521488,208,0.0000,250.0000,229,21,多开,B,7000.0000,0.0000,0.0000,0.0000,0.0000,7002.0000,0.0000,0.0000,0.0000,0.0000,160,0,0,0,0,282,0,0,0,0
zc,TA209,2012-06-13 09:02:08.777,7000.0000,522038,550,0.0000,672.0000,611,61,空开,S,7000.0000,0.0000,0.0000,0.0000,0.0000,7002.0000,0.0000,0.0000,0.0000,0.0000,167,0,0,0,0,2,0,0,0,0
zc,TA209,2012-06-13 09:02:09.260,7002.0000,522110,72,0.0000,76.0000,74,2,多开,B,7002.0000,0.0000,0.0000,0.0000,0.0000,7004.0000,0.0000,0.0000,0.0000,0.0000,9,0,0,0,0,376,0,0,0,0
zc,TA209,2012-06-13 09:02:10.277,7002.0000,522278,168,0.0000,212.0000,190,22,多开,B,7000.0000,0.0000,0.0000,0.0000,0.0000,7002.0000,0.0000,0.0000,0.0000,0.0000,179,0,0,0,0,36,0,0,0,0
zc,TA209,2012-06-13 09:02:10.790,7002.0000,522392,114,0.0000,126.0000,120,6,多开,B,7002.0000,0.0000,0.0000,0.0000,0.0000,7004.0000,0.0000,0.0000,0.0000,0.0000,152,0,0,0,0,359,0,0,0,0
zc,TA209,2012-06-13 09:02:11.540,7004.0000,522724,332,0.0000,342.0000,337,5,多开,B,7002.0000,0.0000,0.0000,0.0000,0.0000,7004.0000,0.0000,0.0000,0.0000,0.0000,147,0,0,0,0,197,0,0,0,0
zc,TA209,2012-06-13 09:02:12.027,7002.0000,522736,12,0.0000,18.0000,15,3,空开,S,7002.0000,0.0000,0.0000,0.0000,0.0000,7004.0000,0.0000,0.0000,0.0000,0.0000,272,0,0,0,0,194,0,0,0,0
zc,TA209,2012-06-13 09:02:12.510,7004.0000,523094,358,0.0000,486.0000,422,64,多开,B,7004.0000,0.0000,0.0000,0.0000,0.0000,7006.0000,0.0000,0.0000,0.0000,0.0000,22,0,0,0,0,27,0,0,0,0
zc,TA209,2012-06-13 09:02:13.243,7004.0000,523126,32,0.0000,88.0000,60,28,多开,B,7004.0000,0.0000,0.0000,0.0000,0.0000,7006.0000,0.0000,0.0000,0.0000,0.0000,65,0,0,0,0,1,0,0,0,0
zc,TA209,2012-06-13 09:02:13.743,7002.0000,523594,468,0.0000,628.0000,548,80,空开,S,7006.0000,0.0000,0.0000,0.0000,0.0000,7008.0000,0.0000,0.0000,0.0000,0.0000,22,0,0,0,0,141,0,0,0,0
zc,TA209,2012-06-13 09:02:14.557,7004.0000,523644,50,0.0000,66.0000,58,8,多开,B,7002.0000,0.0000,0.0000,0.0000,0.0000,7006.0000,0.0000,0.0000,0.0000,0.0000,125,0,0,0,0,107,0,0,0,0
zc,TA209,2012-06-13 09:02:15.010,7006.0000,523542,-102,0.0000,106.0000,2,104,空平,B,7004.0000,0.0000,0.0000,0.0000,0.0000,7006.0000,0.0000,0.0000,0.0000,0.0000,1,0,0,0,0,55,0,0,0,0
zc,TA209,2012-06-13 09:02:15.527,7006.0000,523542,0,0.0000,2.0000,1,1,多换,B,7004.0000,0.0000,0.0000,0.0000,0.0000,7006.0000,0.0000,0.0000,0.0000,0.0000,1,0,0,0,0,58,0,0,0,0
zc,TA209,2012-06-13 09:02:16.040,7006.0000,523528,-14,0.0000,18.0000,2,16,空平,B,7004.0000,0.0000,0.0000,0.0000,0.0000,7006.0000,0.0000,0.0000,0.0000,0.0000,52,0,0,0,0,91,0,0,0,0
zc,TA209,2012-06-13 09:02:16.777,7008.0000,523538,10,0.0000,290.0000,150,140,多开,B,7004.0000,0.0000,0.0000,0.0000,0.0000,7006.0000,0.0000,0.0000,0.0000,0.0000,56,0,0,0,0,1,0,0,0,0
zc,TA209,2012-06-13 09:02:17.290,7008.0000,523664,126,0.0000,134.0000,130,4,多开,B,7006.0000,0.0000,0.0000,0.0000,0.0000,7008.0000,0.0000,0.0000,0.0000,0.0000,67,0,0,0,0,269,0,0,0,0
zc,TA209,2012-06-13 09:02:17.993,7008.0000,523678,14,0.0000,18.0000,16,2,多开,B,7006.0000,0.0000,0.0000,0.0000,0.0000,7008.0000,0.0000,0.0000,0.0000,0.0000,70,0,0,0,0,270,0,0,0,0
zc,TA209,2012-06-13 09:02:18.493,7008.0000,523674,-4,0.0000,18.0000,7,11,空平,B,7006.0000,0.0000,0.0000,0.0000,0.0000,7008.0000,0.0000,0.0000,0.0000,0.0000,85,0,0,0,0,270,0,0,0,0
zc,TA209,2012-06-13 09:02:19.243,7008.0000,523686,12,0.0000,100.0000,56,44,多开,B,7006.0000,0.0000,0.0000,0.0000,0.0000,7008.0000,0.0000,0.0000,0.0000,0.0000,79,0,0,0,0,217,0,0,0,0
zc,TA209,2012-06-13 09:02:19.790,7008.0000,523680,-6,0.0000,30.0000,12,18,空平,B,7006.0000,0.0000,0.0000,0.0000,0.0000,7008.0000,0.0000,0.0000,0.0000,0.0000,76,0,0,0,0,244,0,0,0,0
zc,TA209,2012-06-13 09:02:20.480,7006.0000,523596,-84,0.0000,158.0000,37,121,多平,S,7006.0000,0.0000,0.0000,0.0000,0.0000,7008.0000,0.0000,0.0000,0.0000,0.0000,86,0,0,0,0,167,0,0,0,0
zc,TA209,2012-06-13 09:02:21.323,7010.0000,523798,202,0.0000,612.0000,407,205,多开,B,7008.0000,0.0000,0.0000,0.0000,0.0000,7010.0000,0.0000,0.0000,0.0000,0.0000,26,0,0,0,0,697,0,0,0,0
zc,TA209,2012-06-13 09:02:21.777,7010.0000,523846,48,0.0000,48.0000,48,0,双开,B,7008.0000,0.0000,0.0000,0.0000,0.0000,7010.0000,0.0000,0.0000,0.0000,0.0000,97,0,0,0,0,742,0,0,0,0
zc,TA209,2012-06-13 09:02:22.480,7008.0000,523978,132,0.0000,188.0000,160,28,空开,S,7008.0000,0.0000,0.0000,0.0000,0.0000,7010.0000,0.0000,0.0000,0.0000,0.0000,74,0,0,0,0,717,0,0,0,0
zc,TA209,2012-06-13 09:02:23.010,7010.0000,523976,-2,0.0000,306.0000,152,154,空平,B,7008.0000,0.0000,0.0000,0.0000,0.0000,7010.0000,0.0000,0.0000,0.0000,0.0000,159,0,0,0,0,593,0,0,0,0
zc,TA209,2012-06-13 09:02:23.743,7010.0000,524208,232,0.0000,286.0000,259,27,多开,B,7008.0000,0.0000,0.0000,0.0000,0.0000,7010.0000,0.0000,0.0000,0.0000,0.0000,165,0,0,0,0,452,0,0,0,0
zc,TA209,2012-06-13 09:02:24.290,7008.0000,526060,1852,0.0000,2146.0000,1999,147,空开,S,7006.0000,0.0000,0.0000,0.0000,0.0000,7008.0000,0.0000,0.0000,0.0000,0.0000,1,0,0,0,0,30,0,0,0,0
zc,TA209,2012-06-13 09:02:24.790,7010.0000,526194,134,0.0000,138.0000,136,2,多开,B,7006.0000,0.0000,0.0000,0.0000,0.0000,7010.0000,0.0000,0.0000,0.0000,0.0000,3,0,0,0,0,352,0,0,0,0
zc,TA209,2012-06-13 09:02:25.277,7008.0000,526276,82,0.0000,134.0000,108,26,空开,S,7006.0000,0.0000,0.0000,0.0000,0.0000,7008.0000,0.0000,0.0000,0.0000,0.0000,44,0,0,0,0,61,0,0,0,0
zc,TA209,2012-06-13 09:02:26.010,7010.0000,526424,148,0.0000,280.0000,214,66,多开,B,7008.0000,0.0000,0.0000,0.0000,0.0000,7010.0000,0.0000,0.0000,0.0000,0.0000,28,0,0,0,0,249,0,0,0,0
zc,TA209,2012-06-13 09:02:26.480,7010.0000,526426,2,0.0000,120.0000,61,59,多开,B,7008.0000,0.0000,0.0000,0.0000,0.0000,7010.0000,0.0000,0.0000,0.0000,0.0000,38,0,0,0,0,303,0,0,0,0
zc,TA209,2012-06-13 09:02:27.290,7010.0000,526614,188,0.0000,212.0000,200,12,多开,B,7006.0000,0.0000,0.0000,0.0000,0.0000,7008.0000,0.0000,0.0000,0.0000,0.0000,90,0,0,0,0,3,0,0,0,0
zc,TA209,2012-06-13 09:02:27.760,7008.0000,526650,36,0.0000,38.0000,37,1,空开,S,7006.0000,0.0000,0.0000,0.0000,0.0000,7008.0000,0.0000,0.0000,0.0000,0.0000,113,0,0,0,0,109,0,0,0,0
zc,TA209,2012-06-13 09:02:28.243,7006.0000,526790,140,0.0000,174.0000,157,17,空开,S,7004.0000,0.0000,0.0000,0.0000,0.0000,7006.0000,0.0000,0.0000,0.0000,0.0000,4,0,0,0,0,72,0,0,0,0
zc,TA209,2012-06-13 09:02:29.057,7006.0000,526738,-52,0.0000,60.0000,4,56,多平,S,7004.0000,0.0000,0.0000,0.0000,0.0000,7006.0000,0.0000,0.0000,0.0000,0.0000,4,0,0,0,0,120,0,0,0,0
zc,TA209,2012-06-13 09:02:29.807,7004.0000,526816,78,0.0000,218.0000,148,70,空开,S,7004.0000,0.0000,0.0000,0.0000,0.0000,7006.0000,0.0000,0.0000,0.0000,0.0000,8,0,0,0,0,46,0,0,0,0
zc,TA209,2012-06-13 09:02:30.260,7006.0000,526816,0,0.0000,24.0000,12,12,多换,B,7004.0000,0.0000,0.0000,0.0000,0.0000,7006.0000,0.0000,0.0000,0.0000,0.0000,6,0,0,0,0,81,0,0,0,0
zc,TA209,2012-06-13 09:02:31.010,7002.0000,526882,66,0.0000,76.0000,71,5,空开,S,7000.0000,0.0000,0.0000,0.0000,0.0000,7002.0000,0.0000,0.0000,0.0000,0.0000,49,0,0,0,0,8,0,0,0,0
zc,TA209,2012-06-13 09:02:31.480,7002.0000,526902,20,0.0000,24.0000,22,2,空开,S,7000.0000,0.0000,0.0000,0.0000,0.0000,7004.0000,0.0000,0.0000,0.0000,0.0000,49,0,0,0,0,108,0,0,0,0
zc,TA209,2012-06-13 09:02:31.587,7004.0000,526910,8,0.0000,48.0000,28,20,多开,B,7000.0000,0.0000,0.0000,0.0000,0.0000,7004.0000,0.0000,0.0000,0.0000,0.0000,49,0,0,0,0,84,0,0,0,0
zc,TA209,2012-06-13 09:02:32.307,7004.0000,526964,54,0.0000,74.0000,64,10,多开,B,7002.0000,0.0000,0.0000,0.0000,0.0000,7004.0000,0.0000,0.0000,0.0000,0.0000,1,0,0,0,0,90,0,0,0,0
zc,TA209,2012-06-13 09:02:32.760,7002.0000,526974,10,0.0000,32.0000,21,11,空开,S,7000.0000,0.0000,0.0000,0.0000,0.0000,7002.0000,0.0000,0.0000,0.0000,0.0000,50,0,0,0,0,41,0,0,0,0
zc,TA209,2012-06-13 09:02:33.277,7002.0000,526974,0,0.0000,10.0000,5,5,空换,S,7000.0000,0.0000,0.0000,0.0000,0.0000,7002.0000,0.0000,0.0000,0.0000,0.0000,55,0,0,0,0,76,0,0,0,0
zc,TA209,2012-06-13 09:02:34.073,7000.0000,526980,6,0.0000,38.0000,22,16,空开,S,7000.0000,0.0000,0.0000,0.0000,0.0000,7002.0000,0.0000,0.0000,0.0000,0.0000,55,0,0,0,0,112,0,0,0,0
zc,TA209,2012-06-13 09:02:34.743,7002.0000,526948,-32,0.0000,106.0000,37,69,空平,B,7000.0000,0.0000,0.0000,0.0000,0.0000,7002.0000,0.0000,0.0000,0.0000,0.0000,51,0,0,0,0,70,0,0,0,0
zc,TA209,2012-06-13 09:02:35.493,7002.0000,526962,14,0.0000,70.0000,42,28,多开,B,7000.0000,0.0000,0.0000,0.0000,0.0000,7002.0000,0.0000,0.0000,0.0000,0.0000,30,0,0,0,0,134,0,0,0,0
zc,TA209,2012-06-13 09:02:36.010,7002.0000,527052,90,0.0000,116.0000,103,13,多开,B,7000.0000,0.0000,0.0000,0.0000,0.0000,7002.0000,0.0000,0.0000,0.0000,0.0000,23,0,0,0,0,93,0,0,0,0
zc,TA209,2012-06-13 09:02:36.493,7000.0000,527072,20,0.0000,40.0000,30,10,空开,S,7000.0000,0.0000,0.0000,0.0000,0.0000,7002.0000,0.0000,0.0000,0.0000,0.0000,32,0,0,0,0,91,0,0,0,0
zc,TA209,2012-06-13 09:02:37.057,7000.0000,527112,40,0.0000,88.0000,64,24,空开,S,6998.0000,0.0000,0.0000,0.0000,0.0000,7000.0000,0.0000,0.0000,0.0000,0.0000,509,0,0,0,0,15,0,0,0,0
zc,TA209,2012-06-13 09:02:37.777,7000.0000,527112,0,0.0000,32.0000,16,16,空换,S,7000.0000,0.0000,0.0000,0.0000,0.0000,7002.0000,0.0000,0.0000,0.0000,0.0000,69,0,0,0,0,92,0,0,0,0
zc,TA209,2012-06-13 09:02:38.260,7000.0000,527276,164,0.0000,540.0000,352,188,空开,S,7000.0000,0.0000,0.0000,0.0000,0.0000,7002.0000,0.0000,0.0000,0.0000,0.0000,72,0,0,0,0,93,0,0,0,0
zc,TA209,2012-06-13 09:02:38.993,7000.0000,527292,16,0.0000,54.0000,35,19,空开,S,7000.0000,0.0000,0.0000,0.0000,0.0000,7002.0000,0.0000,0.0000,0.0000,0.0000,136,0,0,0,0,82,0,0,0,0
zc,TA209,2012-06-13 09:02:39.510,7000.0000,527324,32,0.0000,60.0000,46,14,空开,S,7000.0000,0.0000,0.0000,0.0000,0.0000,7002.0000,0.0000,0.0000,0.0000,0.0000,124,0,0,0,0,31,0,0,0,0
zc,TA209,2012-06-13 09:02:40.260,7000.0000,527746,422,0.0000,618.0000,520,98,空开,S,6996.0000,0.0000,0.0000,0.0000,0.0000,7000.0000,0.0000,0.0000,0.0000,0.0000,427,0,0,0,0,12,0,0,0,0
zc,TA209,2012-06-13 09:02:40.760,7000.0000,527756,10,0.0000,16.0000,13,3,空开,S,6996.0000,0.0000,0.0000,0.0000,0.0000,7000.0000,0.0000,0.0000,0.0000,0.0000,430,0,0,0,0,5,0,0,0,0
zc,TA209,2012-06-13 09:02:41.230,7000.0000,527758,2,0.0000,8.0000,5,3,空开,S,6996.0000,0.0000,0.0000,0.0000,0.0000,7000.0000,0.0000,0.0000,0.0000,0.0000,434,0,0,0,0,76,0,0,0,0
zc,TA209,2012-06-13 09:02:42.027,6996.0000,527760,2,0.0000,58.0000,30,28,空开,S,6996.0000,0.0000,0.0000,0.0000,0.0000,6998.0000,0.0000,0.0000,0.0000,0.0000,438,0,0,0,0,238,0,0,0,0
zc,TA209,2012-06-13 09:02:42.510,6996.0000,527790,30,0.0000,58.0000,44,14,空开,S,6996.0000,0.0000,0.0000,0.0000,0.0000,6998.0000,0.0000,0.0000,0.0000,0.0000,431,0,0,0,0,219,0,0,0,0
zc,TA209,2012-06-13 09:02:43.010,6998.0000,527826,36,0.0000,96.0000,66,30,多开,B,6996.0000,0.0000,0.0000,0.0000,0.0000,6998.0000,0.0000,0.0000,0.0000,0.0000,402,0,0,0,0,201,0,0,0,0
zc,TA209,2012-06-13 09:02:43.493,6998.0000,527928,102,0.0000,186.0000,144,42,多开,B,6996.0000,0.0000,0.0000,0.0000,0.0000,6998.0000,0.0000,0.0000,0.0000,0.0000,321,0,0,0,0,189,0,0,0,0
zc,TA209,2012-06-13 09:02:44.243,6998.0000,527962,34,0.0000,82.0000,58,24,多开,B,6996.0000,0.0000,0.0000,0.0000,0.0000,6998.0000,0.0000,0.0000,0.0000,0.0000,306,0,0,0,0,187,0,0,0,0
zc,TA209,2012-06-13 09:02:45.010,6996.0000,528298,336,0.0000,652.0000,494,158,空开,S,6996.0000,0.0000,0.0000,0.0000,0.0000,6998.0000,0.0000,0.0000,0.0000,0.0000,17,0,0,0,0,171,0,0,0,0
zc,TA209,2012-06-13 09:02:45.730,6996.0000,528442,144,0.0000,192.0000,168,24,空开,S,6994.0000,0.0000,0.0000,0.0000,0.0000,6996.0000,0.0000,0.0000,0.0000,0.0000,146,0,0,0,0,234,0,0,0,0
zc,TA209,2012-06-13 09:02:46.057,6992.0000,528662,220,0.0000,658.0000,439,219,空开,S,6992.0000,0.0000,0.0000,0.0000,0.0000,6994.0000,0.0000,0.0000,0.0000,0.0000,43,0,0,0,0,19,0,0,0,0
zc,TA209,2012-06-13 09:02:46.730,6994.0000,528688,26,0.0000,26.0000,26,0,双开,B,6992.0000,0.0000,0.0000,0.0000,0.0000,6994.0000,0.0000,0.0000,0.0000,0.0000,43,0,0,0,0,148,0,0,0,0
zc,TA209,2012-06-13 09:02:47.260,6994.0000,528730,42,0.0000,60.0000,51,9,多开,B,6992.0000,0.0000,0.0000,0.0000,0.0000,6994.0000,0.0000,0.0000,0.0000,0.0000,28,0,0,0,0,133,0,0,0,0
zc,TA209,2012-06-13 09:02:47.963,6994.0000,528866,136,0.0000,156.0000,146,10,多开,B,6992.0000,0.0000,0.0000,0.0000,0.0000,6994.0000,0.0000,0.0000,0.0000,0.0000,2,0,0,0,0,647,0,0,0,0
zc,TA209,2012-06-13 09:02:48.760,6992.0000,528880,14,0.0000,216.0000,115,101,空开,S,6990.0000,0.0000,0.0000,0.0000,0.0000,6992.0000,0.0000,0.0000,0.0000,0.0000,1093,0,0,0,0,402,0,0,0,0
zc,TA209,2012-06-13 09:02:49.277,6990.0000,528892,12,0.0000,128.0000,70,58,空开,S,6990.0000,0.0000,0.0000,0.0000,0.0000,6992.0000,0.0000,0.0000,0.0000,0.0000,1012,0,0,0,0,430,0,0,0,0
zc,TA209,2012-06-13 09:02:49.993,6990.0000,529184,292,0.0000,320.0000,306,14,空开,S,6990.0000,0.0000,0.0000,0.0000,0.0000,6992.0000,0.0000,0.0000,0.0000,0.0000,869,0,0,0,0,422,0,0,0,0
zc,TA209,2012-06-13 09:02:50.480,6990.0000,529268,84,0.0000,208.0000,146,62,空开,S,6990.0000,0.0000,0.0000,0.0000,0.0000,6992.0000,0.0000,0.0000,0.0000,0.0000,787,0,0,0,0,572,0,0,0,0
zc,TA209,2012-06-13 09:02:50.980,6990.0000,529412,144,0.0000,172.0000,158,14,空开,S,6990.0000,0.0000,0.0000,0.0000,0.0000,6992.0000,0.0000,0.0000,0.0000,0.0000,712,0,0,0,0,552,0,0,0,0
zc,TA209,2012-06-13 09:02:51.510,6990.0000,529536,124,0.0000,136.0000,130,6,空开,S,6990.0000,0.0000,0.0000,0.0000,0.0000,6992.0000,0.0000,0.0000,0.0000,0.0000,878,0,0,0,0,547,0,0,0,0
zc,TA209,2012-06-13 09:02:52.277,6992.0000,529628,92,0.0000,156.0000,124,32,多开,B,6990.0000,0.0000,0.0000,0.0000,0.0000,6992.0000,0.0000,0.0000,0.0000,0.0000,839,0,0,0,0,348,0,0,0,0
zc,TA209,2012-06-13 09:02:52.760,6990.0000,530712,1084,0.0000,1258.0000,1171,87,空开,S,6990.0000,0.0000,0.0000,0.0000,0.0000,6992.0000,0.0000,0.0000,0.0000,0.0000,431,0,0,0,0,134,0,0,0,0
zc,TA209,2012-06-13 09:02:53.510,6992.0000,530658,-54,0.0000,264.0000,105,159,空平,B,6990.0000,0.0000,0.0000,0.0000,0.0000,6992.0000,0.0000,0.0000,0.0000,0.0000,354,0,0,0,0,79,0,0,0,0
zc,TA209,2012-06-13 09:02:53.980,6990.0000,530786,128,0.0000,564.0000,346,218,空开,S,6990.0000,0.0000,0.0000,0.0000,0.0000,6992.0000,0.0000,0.0000,0.0000,0.0000,105,0,0,0,0,62,0,0,0,0
zc,TA209,2012-06-13 09:02:54.760,6990.0000,530866,80,0.0000,294.0000,187,107,空开,S,6988.0000,0.0000,0.0000,0.0000,0.0000,6990.0000,0.0000,0.0000,0.0000,0.0000,94,0,0,0,0,139,0,0,0,0
zc,TA209,2012-06-13 09:02:55.260,6988.0000,531152,286,0.0000,324.0000,305,19,空开,S,6986.0000,0.0000,0.0000,0.0000,0.0000,6988.0000,0.0000,0.0000,0.0000,0.0000,26,0,0,0,0,22,0,0,0,0
zc,TA209,2012-06-13 09:02:56.027,6990.0000,531234,82,0.0000,130.0000,106,24,多开,B,6988.0000,0.0000,0.0000,0.0000,0.0000,6990.0000,0.0000,0.0000,0.0000,0.0000,28,0,0,0,0,116,0,0,0,0
zc,TA209,2012-06-13 09:02:56.493,6988.0000,531296,62,0.0000,134.0000,98,36,空开,S,6988.0000,0.0000,0.0000,0.0000,0.0000,6990.0000,0.0000,0.0000,0.0000,0.0000,6,0,0,0,0,89,0,0,0,0
zc,TA209,2012-06-13 09:02:57.290,6990.0000,531302,6,0.0000,358.0000,182,176,多开,B,6990.0000,0.0000,0.0000,0.0000,0.0000,6992.0000,0.0000,0.0000,0.0000,0.0000,95,0,0,0,0,72,0,0,0,0
zc,TA209,2012-06-13 09:02:57.760,6990.0000,531230,-72,0.0000,210.0000,69,141,空平,B,6990.0000,0.0000,0.0000,0.0000,0.0000,6992.0000,0.0000,0.0000,0.0000,0.0000,99,0,0,0,0,29,0,0,0,0
zc,TA209,2012-06-13 09:02:58.527,6990.0000,531228,-2,0.0000,158.0000,78,80,空平,B,6990.0000,0.0000,0.0000,0.0000,0.0000,6992.0000,0.0000,0.0000,0.0000,0.0000,42,0,0,0,0,16,0,0,0,0
zc,TA209,2012-06-13 09:02:59.290,6992.0000,531602,374,0.0000,488.0000,431,57,多开,B,6990.0000,0.0000,0.0000,0.0000,0.0000,6992.0000,0.0000,0.0000,0.0000,0.0000,1,0,0,0,0,9,0,0,0,0
zc,TA209,2012-06-13 09:02:59.557,6994.0000,531780,178,0.0000,228.0000,203,25,多开,B,6992.0000,0.0000,0.0000,0.0000,0.0000,6994.0000,0.0000,0.0000,0.0000,0.0000,200,0,0,0,0,596,0,0,0,0
zc,TA209,2012-06-13 09:03:00.260,6992.0000,531910,130,0.0000,130.0000,130,0,双开,S,6992.0000,0.0000,0.0000,0.0000,0.0000,6994.0000,0.0000,0.0000,0.0000,0.0000,139,0,0,0,0,598,0,0,0,0
zc,TA209,2012-06-13 09:03:00.743,6992.0000,532130,220,0.0000,306.0000,263,43,空开,S,6992.0000,0.0000,0.0000,0.0000,0.0000,6994.0000,0.0000,0.0000,0.0000,0.0000,2,0,0,0,0,602,0,0,0,0
zc,TA209,2012-06-13 09:03:01.493,6990.0000,532198,68,0.0000,76.0000,72,4,空开,S,6988.0000,0.0000,0.0000,0.0000,0.0000,6990.0000,0.0000,0.0000,0.0000,0.0000,105,0,0,0,0,29,0,0,0,0
zc,TA209,2012-06-13 09:03:02.027,6990.0000,532218,20,0.0000,170.0000,95,75,空开,S,6990.0000,0.0000,0.0000,0.0000,0.0000,6992.0000,0.0000,0.0000,0.0000,0.0000,88,0,0,0,0,35,0,0,0,0
zc,TA209,2012-06-13 09:03:02.807,6990.0000,532316,98,0.0000,256.0000,177,79,空开,S,6988.0000,0.0000,0.0000,0.0000,0.0000,6990.0000,0.0000,0.0000,0.0000,0.0000,100,0,0,0,0,138,0,0,0,0
zc,TA209,2012-06-13 09:03:03.290,6992.0000,532242,-74,0.0000,776.0000,351,425,空平,B,6990.0000,0.0000,0.0000,0.0000,0.0000,6992.0000,0.0000,0.0000,0.0000,0.0000,30,0,0,0,0,5,0,0,0,0
zc,TA209,2012-06-13 09:03:04.010,6990.0000,532346,104,0.0000,126.0000,115,11,空开,S,6988.0000,0.0000,0.0000,0.0000,0.0000,6990.0000,0.0000,0.0000,0.0000,0.0000,176,0,0,0,0,294,0,0,0,0
zc,TA209,2012-06-13 09:03:04.760,6988.0000,532552,206,0.0000,324.0000,265,59,空开,S,6988.0000,0.0000,0.0000,0.0000,0.0000,6990.0000,0.0000,0.0000,0.0000,0.0000,141,0,0,0,0,195,0,0,0,0
zc,TA209,2012-06-13 09:03:05.230,6990.0000,532596,44,0.0000,76.0000,60,16,多开,B,6988.0000,0.0000,0.0000,0.0000,0.0000,6990.0000,0.0000,0.0000,0.0000,0.0000,119,0,0,0,0,680,0,0,0,0
zc,TA209,2012-06-13 09:03:05.760,6988.0000,532796,200,0.0000,322.0000,261,61,空开,S,6986.0000,0.0000,0.0000,0.0000,0.0000,6988.0000,0.0000,0.0000,0.0000,0.0000,134,0,0,0,0,2,0,0,0,0
zc,TA209,2012-06-13 09:03:06.527,6988.0000,533034,238,0.0000,248.0000,243,5,空开,S,6986.0000,0.0000,0.0000,0.0000,0.0000,6988.0000,0.0000,0.0000,0.0000,0.0000,33,0,0,0,0,4,0,0,0,0
zc,TA209,2012-06-13 09:03:07.057,6990.0000,532942,-92,0.0000,448.0000,178,270,空平,B,6986.0000,0.0000,0.0000,0.0000,0.0000,6988.0000,0.0000,0.0000,0.0000,0.0000,32,0,0,0,0,60,0,0,0,0
zc,TA209,2012-06-13 09:03:07.790,6984.0000,533036,94,0.0000,186.0000,140,46,空开,S,6984.0000,0.0000,0.0000,0.0000,0.0000,6986.0000,0.0000,0.0000,0.0000,0.0000,1,0,0,0,0,64,0,0,0,0
zc,TA209,2012-06-13 09:03:08.557,6988.0000,533096,60,0.0000,308.0000,184,124,多开,B,6982.0000,0.0000,0.0000,0.0000,0.0000,6984.0000,0.0000,0.0000,0.0000,0.0000,68,0,0,0,0,23,0,0,0,0
zc,TA209,2012-06-13 09:03:09.057,6984.0000,533156,60,0.0000,146.0000,103,43,空开,S,6982.0000,0.0000,0.0000,0.0000,0.0000,6984.0000,0.0000,0.0000,0.0000,0.0000,19,0,0,0,0,45,0,0,0,0
zc,TA209,2012-06-13 09:03:09.823,6982.0000,533326,170,0.0000,306.0000,238,68,空开,S,6980.0000,0.0000,0.0000,0.0000,0.0000,6982.0000,0.0000,0.0000,0.0000,0.0000,803,0,0,0,0,46,0,0,0,0
zc,TA209,2012-06-13 09:03:10.260,6984.0000,533530,204,0.0000,404.0000,304,100,多开,B,6982.0000,0.0000,0.0000,0.0000,0.0000,6984.0000,0.0000,0.0000,0.0000,0.0000,206,0,0,0,0,45,0,0,0,0
zc,TA209,2012-06-13 09:03:11.057,6984.0000,533414,-116,0.0000,418.0000,151,267,空平,B,6984.0000,0.0000,0.0000,0.0000,0.0000,6986.0000,0.0000,0.0000,0.0000,0.0000,127,0,0,0,0,10,0,0,0,0
zc,TA209,2012-06-13 09:03:11.540,6984.0000,533538,124,0.0000,268.0000,196,72,多开,B,6984.0000,0.0000,0.0000,0.0000,0.0000,6988.0000,0.0000,0.0000,0.0000,0.0000,321,0,0,0,0,51,0,0,0,0
zc,TA209,2012-06-13 09:03:12.230,6984.0000,533562,24,0.0000,298.0000,161,137,多开,B,6986.0000,0.0000,0.0000,0.0000,0.0000,6990.0000,0.0000,0.0000,0.0000,0.0000,1,0,0,0,0,714,0,0,0,0
zc,TA209,2012-06-13 09:03:12.777,6986.0000,533610,48,0.0000,68.0000,58,10,多开,B,6986.0000,0.0000,0.0000,0.0000,0.0000,6988.0000,0.0000,0.0000,0.0000,0.0000,24,0,0,0,0,13,0,0,0,0
zc,TA209,2012-06-13 09:03:13.527,6986.0000,533664,54,0.0000,82.0000,68,14,多开,B,6986.0000,0.0000,0.0000,0.0000,0.0000,6988.0000,0.0000,0.0000,0.0000,0.0000,272,0,0,0,0,8,0,0,0,0
zc,TA209,2012-06-13 09:03:14.057,6988.0000,533616,-48,0.0000,216.0000,84,132,空平,B,6988.0000,0.0000,0.0000,0.0000,0.0000,6990.0000,0.0000,0.0000,0.0000,0.0000,55,0,0,0,0,694,0,0,0,0
zc,TA209,2012-06-13 09:03:14.760,6986.0000,533876,260,0.0000,448.0000,354,94,空开,S,6986.0000,0.0000,0.0000,0.0000,0.0000,6990.0000,0.0000,0.0000,0.0000,0.0000,43,0,0,0,0,690,0,0,0,0
zc,TA209,2012-06-13 09:03:15.277,6988.0000,533852,-24,0.0000,130.0000,53,77,空平,B,6988.0000,0.0000,0.0000,0.0000,0.0000,6990.0000,0.0000,0.0000,0.0000,0.0000,183,0,0,0,0,661,0,0,0,0
zc,TA209,2012-06-13 09:03:16.027,6988.0000,533742,-110,0.0000,340.0000,115,225,空平,B,6988.0000,0.0000,0.0000,0.0000,0.0000,6990.0000,0.0000,0.0000,0.0000,0.0000,76,0,0,0,0,603,0,0,0,0
zc,TA209,2012-06-13 09:03:16.493,6990.0000,533738,-4,0.0000,298.0000,147,151,空平,B,6988.0000,0.0000,0.0000,0.0000,0.0000,6990.0000,0.0000,0.0000,0.0000,0.0000,54,0,0,0,0,482,0,0,0,0
zc,TA209,2012-06-13 09:03:17.277,6988.0000,533490,-248,0.0000,362.0000,57,305,多平,S,6986.0000,0.0000,0.0000,0.0000,0.0000,6988.0000,0.0000,0.0000,0.0000,0.0000,78,0,0,0,0,5,0,0,0,0
zc,TA209,2012-06-13 09:03:17.790,6990.0000,533466,-24,0.0000,116.0000,46,70,空平,B,6988.0000,0.0000,0.0000,0.0000,0.0000,6990.0000,0.0000,0.0000,0.0000,0.0000,5,0,0,0,0,482,0,0,0,0
zc,TA209,2012-06-13 09:03:18.493,6990.0000,533472,6,0.0000,14.0000,10,4,多开,B,6988.0000,0.0000,0.0000,0.0000,0.0000,6990.0000,0.0000,0.0000,0.0000,0.0000,12,0,0,0,0,481,0,0,0,0
zc,TA209,2012-06-13 09:03:19.073,6986.0000,533468,-4,0.0000,116.0000,56,60,多平,S,6986.0000,0.0000,0.0000,0.0000,0.0000,6988.0000,0.0000,0.0000,0.0000,0.0000,90,0,0,0,0,107,0,0,0,0
zc,TA209,2012-06-13 09:03:19.713,6988.0000,533418,-50,0.0000,70.0000,10,60,空平,B,6986.0000,0.0000,0.0000,0.0000,0.0000,6988.0000,0.0000,0.0000,0.0000,0.0000,88,0,0,0,0,89,0,0,0,0
zc,TA209,2012-06-13 09:03:20.213,6988.0000,533382,-36,0.0000,88.0000,26,62,空平,B,6986.0000,0.0000,0.0000,0.0000,0.0000,6988.0000,0.0000,0.0000,0.0000,0.0000,65,0,0,0,0,78,0,0,0,0
zc,TA209,2012-06-13 09:03:20.807,6988.0000,533418,36,0.0000,280.0000,158,122,多开,B,6988.0000,0.0000,0.0000,0.0000,0.0000,6990.0000,0.0000,0.0000,0.0000,0.0000,45,0,0,0,0,395,0,0,0,0
zc,TA209,2012-06-13 09:03:21.493,6988.0000,533474,56,0.0000,174.0000,115,59,多开,B,6988.0000,0.0000,0.0000,0.0000,0.0000,6990.0000,0.0000,0.0000,0.0000,0.0000,22,0,0,0,0,390,0,0,0,0
zc,TA209,2012-06-13 09:03:22.010,6990.0000,533482,8,0.0000,62.0000,35,27,多开,B,6988.0000,0.0000,0.0000,0.0000,0.0000,6990.0000,0.0000,0.0000,0.0000,0.0000,27,0,0,0,0,365,0,0,0,0
zc,TA209,2012-06-13 09:03:22.760,6990.0000,533466,-16,0.0000,66.0000,25,41,空平,B,6988.0000,0.0000,0.0000,0.0000,0.0000,6990.0000,0.0000,0.0000,0.0000,0.0000,23,0,0,0,0,352,0,0,0,0
zc,TA209,2012-06-13 09:03:23.230,6990.0000,533646,180,0.0000,216.0000,198,18,多开,B,6988.0000,0.0000,0.0000,0.0000,0.0000,6990.0000,0.0000,0.0000,0.0000,0.0000,114,0,0,0,0,350,0,0,0,0
zc,TA209,2012-06-13 09:03:23.980,6986.0000,534026,380,0.0000,426.0000,403,23,空开,S,6988.0000,0.0000,0.0000,0.0000,0.0000,6990.0000,0.0000,0.0000,0.0000,0.0000,3,0,0,0,0,356,0,0,0,0
zc,TA209,2012-06-13 09:03:24.743,6990.0000,534014,-12,0.0000,64.0000,26,38,空平,B,6988.0000,0.0000,0.0000,0.0000,0.0000,6990.0000,0.0000,0.0000,0.0000,0.0000,33,0,0,0,0,340,0,0,0,0
zc,TA209,2012-06-13 09:03:25.493,6990.0000,533980,-34,0.0000,174.0000,70,104,空平,B,6988.0000,0.0000,0.0000,0.0000,0.0000,6990.0000,0.0000,0.0000,0.0000,0.0000,43,0,0,0,0,255,0,0,0,0
zc,TA209,2012-06-13 09:03:25.980,6988.0000,534014,34,0.0000,54.0000,44,10,空开,S,6988.0000,0.0000,0.0000,0.0000,0.0000,6990.0000,0.0000,0.0000,0.0000,0.0000,37,0,0,0,0,256,0,0,0,0
zc,TA209,2012-06-13 09:03:26.527,6986.0000,534108,94,0.0000,292.0000,193,99,空开,S,6984.0000,0.0000,0.0000,0.0000,0.0000,6986.0000,0.0000,0.0000,0.0000,0.0000,242,0,0,0,0,769,0,0,0,0
zc,TA209,2012-06-13 09:03:27.040,6984.0000,534984,876,0.0000,962.0000,919,43,空开,S,6984.0000,0.0000,0.0000,0.0000,0.0000,6986.0000,0.0000,0.0000,0.0000,0.0000,116,0,0,0,0,354,0,0,0,0
zc,TA209,2012-06-13 09:03:27.760,6986.0000,535044,60,0.0000,62.0000,61,1,多开,B,6984.0000,0.0000,0.0000,0.0000,0.0000,6986.0000,0.0000,0.0000,0.0000,0.0000,104,0,0,0,0,520,0,0,0,0
zc,TA209,2012-06-13 09:03:28.243,6986.0000,535062,18,0.0000,224.0000,121,103,多开,B,6984.0000,0.0000,0.0000,0.0000,0.0000,6986.0000,0.0000,0.0000,0.0000,0.0000,40,0,0,0,0,555,0,0,0,0
zc,TA209,2012-06-13 09:03:29.040,6982.0000,535244,182,0.0000,264.0000,223,41,空开,S,6982.0000,0.0000,0.0000,0.0000,0.0000,6986.0000,0.0000,0.0000,0.0000,0.0000,175,0,0,0,0,529,0,0,0,0
zc,TA209,2012-06-13 09:03:29.557,6984.0000,535290,46,0.0000,50.0000,48,2,多开,B,6982.0000,0.0000,0.0000,0.0000,0.0000,6984.0000,0.0000,0.0000,0.0000,0.0000,176,0,0,0,0,76,0,0,0,0
zc,TA209,2012-06-13 09:03:30.277,6984.0000,535390,100,0.0000,100.0000,100,0,双开,B,6982.0000,0.0000,0.0000,0.0000,0.0000,6984.0000,0.0000,0.0000,0.0000,0.0000,180,0,0,0,0,46,0,0,0,0
zc,TA209,2012-06-13 09:03:30.790,6984.0000,535426,36,0.0000,358.0000,197,161,多开,B,6984.0000,0.0000,0.0000,0.0000,0.0000,6986.0000,0.0000,0.0000,0.0000,0.0000,16,0,0,0,0,539,0,0,0,0
zc,TA209,2012-06-13 09:03:31.540,6986.0000,535446,20,0.0000,92.0000,56,36,多开,B,6984.0000,0.0000,0.0000,0.0000,0.0000,6986.0000,0.0000,0.0000,0.0000,0.0000,91,0,0,0,0,529,0,0,0,0
zc,TA209,2012-06-13 09:03:32.010,6984.0000,535506,60,0.0000,100.0000,80,20,空开,S,6984.0000,0.0000,0.0000,0.0000,0.0000,6986.0000,0.0000,0.0000,0.0000,0.0000,120,0,0,0,0,526,0,0,0,0
zc,TA209,2012-06-13 09:03:32.493,6984.0000,535532,26,0.0000,46.0000,36,10,空开,S,6984.0000,0.0000,0.0000,0.0000,0.0000,6986.0000,0.0000,0.0000,0.0000,0.0000,123,0,0,0,0,521,0,0,0,0
zc,TA209,2012-06-13 09:03:33.277,6984.0000,535610,78,0.0000,148.0000,113,35,空开,S,6984.0000,0.0000,0.0000,0.0000,0.0000,6986.0000,0.0000,0.0000,0.0000,0.0000,81,0,0,0,0,510,0,0,0,0
zc,TA209,2012-06-13 09:03:33.807,6984.0000,535628,18,0.0000,30.0000,24,6,空开,S,6984.0000,0.0000,0.0000,0.0000,0.0000,6986.0000,0.0000,0.0000,0.0000,0.0000,119,0,0,0,0,501,0,0,0,0
zc,TA209,2012-06-13 09:03:34.527,6986.0000,535656,28,0.0000,164.0000,96,68,多开,B,6984.0000,0.0000,0.0000,0.0000,0.0000,6986.0000,0.0000,0.0000,0.0000,0.0000,111,0,0,0,0,443,0,0,0,0
zc,TA209,2012-06-13 09:03:34.980,6984.0000,535656,0,0.0000,18.0000,9,9,空换,S,6984.0000,0.0000,0.0000,0.0000,0.0000,6986.0000,0.0000,0.0000,0.0000,0.0000,150,0,0,0,0,445,0,0,0,0
zc,TA209,2012-06-13 09:03:35.510,6984.0000,535718,62,0.0000,86.0000,74,12,空开,S,6984.0000,0.0000,0.0000,0.0000,0.0000,6986.0000,0.0000,0.0000,0.0000,0.0000,230,0,0,0,0,408,0,0,0,0
zc,TA209,2012-06-13 09:03:35.980,6984.0000,535898,180,0.0000,194.0000,187,7,空开,S,6984.0000,0.0000,0.0000,0.0000,0.0000,6986.0000,0.0000,0.0000,0.0000,0.0000,267,0,0,0,0,332,0,0,0,0
zc,TA209,2012-06-13 09:03:36.790,6988.0000,536450,552,0.0000,906.0000,729,177,多开,B,6986.0000,0.0000,0.0000,0.0000,0.0000,6988.0000,0.0000,0.0000,0.0000,0.0000,5,0,0,0,0,130,0,0,0,0
zc,TA209,2012-06-13 09:03:37.277,6986.0000,536450,0,0.0000,6.0000,3,3,空换,S,6986.0000,0.0000,0.0000,0.0000,0.0000,6988.0000,0.0000,0.0000,0.0000,0.0000,318,0,0,0,0,152,0,0,0,0
zc,TA209,2012-06-13 09:03:37.993,6988.0000,536484,34,0.0000,250.0000,142,108,多开,B,6986.0000,0.0000,0.0000,0.0000,0.0000,6988.0000,0.0000,0.0000,0.0000,0.0000,314,0,0,0,0,57,0,0,0,0
zc,TA209,2012-06-13 09:03:38.540,6988.0000,536584,100,0.0000,112.0000,106,6,多开,B,6986.0000,0.0000,0.0000,0.0000,0.0000,6988.0000,0.0000,0.0000,0.0000,0.0000,315,0,0,0,0,22,0,0,0,0
zc,TA209,2012-06-13 09:03:38.993,6988.0000,536596,12,0.0000,92.0000,52,40,多开,B,6988.0000,0.0000,0.0000,0.0000,0.0000,6990.0000,0.0000,0.0000,0.0000,0.0000,21,0,0,0,0,223,0,0,0,0
zc,TA209,2012-06-13 09:03:39.697,6990.0000,536642,46,0.0000,64.0000,55,9,多开,B,6988.0000,0.0000,0.0000,0.0000,0.0000,6990.0000,0.0000,0.0000,0.0000,0.0000,63,0,0,0,0,195,0,0,0,0
zc,TA209,2012-06-13 09:03:40.230,6988.0000,536656,14,0.0000,68.0000,41,27,空开,S,6988.0000,0.0000,0.0000,0.0000,0.0000,6990.0000,0.0000,0.0000,0.0000,0.0000,146,0,0,0,0,191,0,0,0,0
zc,TA209,2012-06-13 09:03:41.010,6990.0000,536778,122,0.0000,390.0000,256,134,多开,B,6990.0000,0.0000,0.0000,0.0000,0.0000,6992.0000,0.0000,0.0000,0.0000,0.0000,150,0,0,0,0,18,0,0,0,0
zc,TA209,2012-06-13 09:03:41.493,6990.0000,536874,96,0.0000,140.0000,118,22,多开,B,6990.0000,0.0000,0.0000,0.0000,0.0000,6992.0000,0.0000,0.0000,0.0000,0.0000,46,0,0,0,0,19,0,0,0,0
zc,TA209,2012-06-13 09:03:42.290,6992.0000,536852,-22,0.0000,224.0000,101,123,空平,B,6992.0000,0.0000,0.0000,0.0000,0.0000,6994.0000,0.0000,0.0000,0.0000,0.0000,145,0,0,0,0,462,0,0,0,0
zc,TA209,2012-06-13 09:03:42.777,6992.0000,536742,-110,0.0000,344.0000,117,227,空平,B,6990.0000,0.0000,0.0000,0.0000,0.0000,6992.0000,0.0000,0.0000,0.0000,0.0000,47,0,0,0,0,102,0,0,0,0
zc,TA209,2012-06-13 09:03:43.527,6990.0000,536702,-40,0.0000,138.0000,49,89,多平,S,6988.0000,0.0000,0.0000,0.0000,0.0000,6990.0000,0.0000,0.0000,0.0000,0.0000,142,0,0,0,0,71,0,0,0,0
zc,TA209,2012-06-13 09:03:43.993,6988.0000,536690,-12,0.0000,16.0000,2,14,多平,S,6988.0000,0.0000,0.0000,0.0000,0.0000,6990.0000,0.0000,0.0000,0.0000,0.0000,75,0,0,0,0,120,0,0,0,0
zc,TA209,2012-06-13 09:03:44.743,6988.0000,536676,-14,0.0000,58.0000,22,36,多平,S,6988.0000,0.0000,0.0000,0.0000,0.0000,6990.0000,0.0000,0.0000,0.0000,0.0000,70,0,0,0,0,157,0,0,0,0
zc,TA209,2012-06-13 09:03:45.010,6988.0000,536656,-20,0.0000,210.0000,95,115,多平,S,6986.0000,0.0000,0.0000,0.0000,0.0000,6988.0000,0.0000,0.0000,0.0000,0.0000,102,0,0,0,0,117,0,0,0,0
zc,TA209,2012-06-13 09:03:45.760,6988.0000,536646,-10,0.0000,38.0000,14,24,多平,S,6986.0000,0.0000,0.0000,0.0000,0.0000,6988.0000,0.0000,0.0000,0.0000,0.0000,101,0,0,0,0,215,0,0,0,0
zc,TA209,2012-06-13 09:03:46.510,6988.0000,536648,2,0.0000,40.0000,21,19,空开,S,6986.0000,0.0000,0.0000,0.0000,0.0000,6988.0000,0.0000,0.0000,0.0000,0.0000,99,0,0,0,0,199,0,0,0,0
zc,TA209,2012-06-13 09:03:46.993,6986.0000,536564,-84,0.0000,284.0000,100,184,多平,S,6984.0000,0.0000,0.0000,0.0000,0.0000,6986.0000,0.0000,0.0000,0.0000,0.0000,159,0,0,0,0,110,0,0,0,0
zc,TA209,2012-06-13 09:03:47.777,6984.0000,536574,10,0.0000,60.0000,35,25,空开,S,6984.0000,0.0000,0.0000,0.0000,0.0000,6986.0000,0.0000,0.0000,0.0000,0.0000,149,0,0,0,0,143,0,0,0,0
zc,TA209,2012-06-13 09:03:48.260,6986.0000,536574,0,0.0000,26.0000,13,13,多换,B,6984.0000,0.0000,0.0000,0.0000,0.0000,6986.0000,0.0000,0.0000,0.0000,0.0000,148,0,0,0,0,166,0,0,0,0
zc,TA209,2012-06-13 09:03:49.027,6986.0000,536574,0,0.0000,70.0000,35,35,多换,B,6984.0000,0.0000,0.0000,0.0000,0.0000,6986.0000,0.0000,0.0000,0.0000,0.0000,137,0,0,0,0,156,0,0,0,0
zc,TA209,2012-06-13 09:03:49.260,6984.0000,536572,-2,0.0000,24.0000,11,13,多平,S,6984.0000,0.0000,0.0000,0.0000,0.0000,6986.0000,0.0000,0.0000,0.0000,0.0000,132,0,0,0,0,146,0,0,0,0
zc,TA209,2012-06-13 09:03:50.213,6986.0000,536580,8,0.0000,144.0000,76,68,多开,B,6984.0000,0.0000,0.0000,0.0000,0.0000,6986.0000,0.0000,0.0000,0.0000,0.0000,91,0,0,0,0,106,0,0,0,0
zc,TA209,2012-06-13 09:03:50.760,6986.0000,536484,-96,0.0000,218.0000,61,157,空平,B,6986.0000,0.0000,0.0000,0.0000,0.0000,6988.0000,0.0000,0.0000,0.0000,0.0000,413,0,0,0,0,74,0,0,0,0
zc,TA209,2012-06-13 09:03:51.260,6990.0000,536728,244,0.0000,288.0000,266,22,多开,B,6988.0000,0.0000,0.0000,0.0000,0.0000,6990.0000,0.0000,0.0000,0.0000,0.0000,25,0,0,0,0,100,0,0,0,0
zc,TA209,2012-06-13 09:03:51.743,6988.0000,536746,18,0.0000,24.0000,21,3,空开,S,6988.0000,0.0000,0.0000,0.0000,0.0000,6990.0000,0.0000,0.0000,0.0000,0.0000,18,0,0,0,0,106,0,0,0,0
zc,TA209,2012-06-13 09:03:52.480,6990.0000,536776,30,0.0000,34.0000,32,2,多开,B,6988.0000,0.0000,0.0000,0.0000,0.0000,6990.0000,0.0000,0.0000,0.0000,0.0000,3,0,0,0,0,105,0,0,0,0
zc,TA209,2012-06-13 09:03:53.040,6988.0000,536788,12,0.0000,24.0000,18,6,空开,S,6986.0000,0.0000,0.0000,0.0000,0.0000,6988.0000,0.0000,0.0000,0.0000,0.0000,452,0,0,0,0,481,0,0,0,0
zc,TA209,2012-06-13 09:03:53.743,6988.0000,536788,0,0.0000,10.0000,5,5,空换,S,6986.0000,0.0000,0.0000,0.0000,0.0000,6988.0000,0.0000,0.0000,0.0000,0.0000,470,0,0,0,0,487,0,0,0,0
zc,TA209,2012-06-13 09:03:54.290,6988.0000,536892,104,0.0000,118.0000,111,7,空开,S,6986.0000,0.0000,0.0000,0.0000,0.0000,6988.0000,0.0000,0.0000,0.0000,0.0000,466,0,0,0,0,454,0,0,0,0
zc,TA209,2012-06-13 09:03:54.730,6986.0000,536894,2,0.0000,120.0000,61,59,空开,S,6986.0000,0.0000,0.0000,0.0000,0.0000,6988.0000,0.0000,0.0000,0.0000,0.0000,421,0,0,0,0,445,0,0,0,0
zc,TA209,2012-06-13 09:03:55.480,6988.0000,536976,82,0.0000,142.0000,112,30,多开,B,6986.0000,0.0000,0.0000,0.0000,0.0000,6988.0000,0.0000,0.0000,0.0000,0.0000,482,0,0,0,0,390,0,0,0,0
zc,TA209,2012-06-13 09:03:55.980,6988.0000,537002,26,0.0000,484.0000,255,229,多开,B,6986.0000,0.0000,0.0000,0.0000,0.0000,6988.0000,0.0000,0.0000,0.0000,0.0000,481,0,0,0,0,150,0,0,0,0
zc,TA209,2012-06-13 09:03:56.493,6988.0000,537120,118,0.0000,138.0000,128,10,多开,B,6986.0000,0.0000,0.0000,0.0000,0.0000,6988.0000,0.0000,0.0000,0.0000,0.0000,494,0,0,0,0,81,0,0,0,0
zc,TA209,2012-06-13 09:03:56.993,6988.0000,537120,0,0.0000,22.0000,11,11,多换,B,6986.0000,0.0000,0.0000,0.0000,0.0000,6988.0000,0.0000,0.0000,0.0000,0.0000,496,0,0,0,0,85,0,0,0,0
zc,TA209,2012-06-13 09:03:57.743,6988.0000,537186,66,0.0000,186.0000,126,60,多开,B,6988.0000,0.0000,0.0000,0.0000,0.0000,6990.0000,0.0000,0.0000,0.0000,0.0000,85,0,0,0,0,281,0,0,0,0
zc,TA209,2012-06-13 09:03:58.213,6986.0000,537524,338,0.0000,1002.0000,670,332,空开,S,6988.0000,0.0000,0.0000,0.0000,0.0000,6990.0000,0.0000,0.0000,0.0000,0.0000,53,0,0,0,0,280,0,0,0,0
zc,TA209,2012-06-13 09:03:58.760,6988.0000,537558,34,0.0000,158.0000,96,62,多开,B,6988.0000,0.0000,0.0000,0.0000,0.0000,6990.0000,0.0000,0.0000,0.0000,0.0000,36,0,0,0,0,274,0,0,0,0
zc,TA209,2012-06-13 09:03:59.463,6990.0000,537562,4,0.0000,24.0000,14,10,多开,B,6988.0000,0.0000,0.0000,0.0000,0.0000,6990.0000,0.0000,0.0000,0.0000,0.0000,38,0,0,0,0,262,0,0,0,0
zc,TA209,2012-06-13 09:03:59.980,6990.0000,537562,0,0.0000,0.0000,0,0,多换,B,6988.0000,0.0000,0.0000,0.0000,0.0000,6990.0000,0.0000,0.0000,0.0000,0.0000,53,0,0,0,0,272,0,0,0,0
zc,TA209,2012-06-13 09:04:00.730,6988.0000,537730,168,0.0000,208.0000,188,20,空开,S,6988.0000,0.0000,0.0000,0.0000,0.0000,6990.0000,0.0000,0.0000,0.0000,0.0000,73,0,0,0,0,82,0,0,0,0
zc,TA209,2012-06-13 09:04:00.963,6988.0000,537754,24,0.0000,24.0000,24,0,双开,S,6988.0000,0.0000,0.0000,0.0000,0.0000,6990.0000,0.0000,0.0000,0.0000,0.0000,72,0,0,0,0,84,0,0,0,0
zc,TA209,2012-06-13 09:04:01.713,6990.0000,537780,26,0.0000,36.0000,31,5,多开,B,6988.0000,0.0000,0.0000,0.0000,0.0000,6990.0000,0.0000,0.0000,0.0000,0.0000,105,0,0,0,0,61,0,0,0,0
zc,TA209,2012-06-13 09:04:02.243,6990.0000,537704,-76,0.0000,136.0000,30,106,空平,B,6990.0000,0.0000,0.0000,0.0000,0.0000,6992.0000,0.0000,0.0000,0.0000,0.0000,455,0,0,0,0,134,0,0,0,0
zc,TA209,2012-06-13 09:04:02.993,6990.0000,537702,-2,0.0000,8.0000,3,5,空平,B,6990.0000,0.0000,0.0000,0.0000,0.0000,6992.0000,0.0000,0.0000,0.0000,0.0000,454,0,0,0,0,133,0,0,0,0
zc,TA209,2012-06-13 09:04:03.480,6992.0000,537818,116,0.0000,212.0000,164,48,多开,B,6992.0000,0.0000,0.0000,0.0000,0.0000,6994.0000,0.0000,0.0000,0.0000,0.0000,12,0,0,0,0,134,0,0,0,0
zc,TA209,2012-06-13 09:04:03.963,6992.0000,537830,12,0.0000,118.0000,65,53,多开,B,6992.0000,0.0000,0.0000,0.0000,0.0000,6994.0000,0.0000,0.0000,0.0000,0.0000,94,0,0,0,0,131,0,0,0,0
zc,TA209,2012-06-13 09:04:04.743,6992.0000,537646,-184,0.0000,292.0000,54,238,空平,B,6990.0000,0.0000,0.0000,0.0000,0.0000,6992.0000,0.0000,0.0000,0.0000,0.0000,660,0,0,0,0,110,0,0,0,0
zc,TA209,2012-06-13 09:04:05.510,6990.0000,537596,-50,0.0000,74.0000,12,62,多平,S,6990.0000,0.0000,0.0000,0.0000,0.0000,6992.0000,0.0000,0.0000,0.0000,0.0000,638,0,0,0,0,96,0,0,0,0
zc,TA209,2012-06-13 09:04:05.993,6992.0000,537596,0,0.0000,8.0000,4,4,多换,B,6990.0000,0.0000,0.0000,0.0000,0.0000,6992.0000,0.0000,0.0000,0.0000,0.0000,636,0,0,0,0,97,0,0,0,0
zc,TA209,2012-06-13 09:04:06.480,6992.0000,537616,20,0.0000,70.0000,45,25,多开,B,6990.0000,0.0000,0.0000,0.0000,0.0000,6992.0000,0.0000,0.0000,0.0000,0.0000,615,0,0,0,0,44,0,0,0,0
zc,TA209,2012-06-13 09:04:07.213,6992.0000,537636,20,0.0000,44.0000,32,12,多开,B,6990.0000,0.0000,0.0000,0.0000,0.0000,6992.0000,0.0000,0.0000,0.0000,0.0000,614,0,0,0,0,30,0,0,0,0
zc,TA209,2012-06-13 09:04:07.463,6990.0000,537626,-10,0.0000,110.0000,50,60,多平,S,6990.0000,0.0000,0.0000,0.0000,0.0000,6992.0000,0.0000,0.0000,0.0000,0.0000,595,0,0,0,0,95,0,0,0,0
zc,TA209,2012-06-13 09:04:08.213,6992.0000,537618,-8,0.0000,36.0000,14,22,空平,B,6990.0000,0.0000,0.0000,0.0000,0.0000,6992.0000,0.0000,0.0000,0.0000,0.0000,588,0,0,0,0,130,0,0,0,0
zc,TA209,2012-06-13 09:04:08.730,6992.0000,537644,26,0.0000,32.0000,29,3,多开,B,6990.0000,0.0000,0.0000,0.0000,0.0000,6992.0000,0.0000,0.0000,0.0000,0.0000,584,0,0,0,0,260,0,0,0,0
zc,TA209,2012-06-13 09:04:09.493,6992.0000,537662,18,0.0000,26.0000,22,4,多开,B,6990.0000,0.0000,0.0000,0.0000,0.0000,6992.0000,0.0000,0.0000,0.0000,0.0000,580,0,0,0,0,279,0,0,0,0
zc,TA209,2012-06-13 09:04:09.947,6992.0000,537678,16,0.0000,266.0000,141,125,多开,B,6990.0000,0.0000,0.0000,0.0000,0.0000,6992.0000,0.0000,0.0000,0.0000,0.0000,507,0,0,0,0,222,0,0,0,0
zc,TA209,2012-06-13 09:04:10.760,6992.0000,537824,146,0.0000,300.0000,223,77,多开,B,6990.0000,0.0000,0.0000,0.0000,0.0000,6992.0000,0.0000,0.0000,0.0000,0.0000,488,0,0,0,0,174,0,0,0,0
zc,TA209,2012-06-13 09:04:11.243,6990.0000,537886,62,0.0000,160.0000,111,49,空开,S,6990.0000,0.0000,0.0000,0.0000,0.0000,6992.0000,0.0000,0.0000,0.0000,0.0000,442,0,0,0,0,139,0,0,0,0
zc,TA209,2012-06-13 09:04:11.730,6992.0000,537896,10,0.0000,46.0000,28,18,多开,B,6990.0000,0.0000,0.0000,0.0000,0.0000,6992.0000,0.0000,0.0000,0.0000,0.0000,434,0,0,0,0,125,0,0,0,0
zc,TA209,2012-06-13 09:04:12.493,6992.0000,537876,-20,0.0000,160.0000,70,90,空平,B,6990.0000,0.0000,0.0000,0.0000,0.0000,6992.0000,0.0000,0.0000,0.0000,0.0000,374,0,0,0,0,107,0,0,0,0
zc,TA209,2012-06-13 09:04:13.040,6992.0000,538054,178,0.0000,386.0000,282,104,多开,B,6990.0000,0.0000,0.0000,0.0000,0.0000,6992.0000,0.0000,0.0000,0.0000,0.0000,308,0,0,0,0,10,0,0,0,0
zc,TA209,2012-06-13 09:04:13.730,6990.0000,538182,128,0.0000,208.0000,168,40,空开,S,6992.0000,0.0000,0.0000,0.0000,0.0000,6994.0000,0.0000,0.0000,0.0000,0.0000,101,0,0,0,0,204,0,0,0,0
zc,TA209,2012-06-13 09:04:14.230,6994.0000,538186,4,0.0000,12.0000,8,4,多开,B,6992.0000,0.0000,0.0000,0.0000,0.0000,6994.0000,0.0000,0.0000,0.0000,0.0000,116,0,0,0,0,203,0,0,0,0
zc,TA209,2012-06-13 09:04:14.713,6994.0000,538218,32,0.0000,34.0000,33,1,多开,B,6992.0000,0.0000,0.0000,0.0000,0.0000,6994.0000,0.0000,0.0000,0.0000,0.0000,112,0,0,0,0,192,0,0,0,0
zc,TA209,2012-06-13 09:04:15.213,6992.0000,538238,20,0.0000,20.0000,20,0,双开,S,6992.0000,0.0000,0.0000,0.0000,0.0000,6994.0000,0.0000,0.0000,0.0000,0.0000,155,0,0,0,0,186,0,0,0,0
zc,TA209,2012-06-13 09:04:16.027,6994.0000,538262,24,0.0000,32.0000,28,4,多开,B,6992.0000,0.0000,0.0000,0.0000,0.0000,6994.0000,0.0000,0.0000,0.0000,0.0000,201,0,0,0,0,171,0,0,0,0
zc,TA209,2012-06-13 09:04:16.493,6994.0000,538578,316,0.0000,404.0000,360,44,多开,B,6992.0000,0.0000,0.0000,0.0000,0.0000,6994.0000,0.0000,0.0000,0.0000,0.0000,4,0,0,0,0,195,0,0,0,0
zc,TA209,2012-06-13 09:04:17.243,6994.0000,538570,-8,0.0000,54.0000,23,31,空平,B,6992.0000,0.0000,0.0000,0.0000,0.0000,6994.0000,0.0000,0.0000,0.0000,0.0000,4,0,0,0,0,190,0,0,0,0
zc,TA209,2012-06-13 09:04:18.010,6994.0000,538520,-50,0.0000,212.0000,81,131,空平,B,6992.0000,0.0000,0.0000,0.0000,0.0000,6994.0000,0.0000,0.0000,0.0000,0.0000,44,0,0,0,0,84,0,0,0,0
zc,TA209,2012-06-13 09:04:18.243,6994.0000,538534,14,0.0000,18.0000,16,2,多开,B,6992.0000,0.0000,0.0000,0.0000,0.0000,6994.0000,0.0000,0.0000,0.0000,0.0000,72,0,0,0,0,81,0,0,0,0
zc,TA209,2012-06-13 09:04:19.027,6992.0000,538566,32,0.0000,36.0000,34,2,空开,S,6992.0000,0.0000,0.0000,0.0000,0.0000,6994.0000,0.0000,0.0000,0.0000,0.0000,66,0,0,0,0,74,0,0,0,0
zc,TA209,2012-06-13 09:04:19.463,6994.0000,538618,52,0.0000,60.0000,56,4,多开,B,6992.0000,0.0000,0.0000,0.0000,0.0000,6994.0000,0.0000,0.0000,0.0000,0.0000,62,0,0,0,0,70,0,0,0,0
zc,TA209,2012-06-13 09:04:20.307,6994.0000,538594,-24,0.0000,172.0000,74,98,空平,B,6994.0000,0.0000,0.0000,0.0000,0.0000,6996.0000,0.0000,0.0000,0.0000,0.0000,19,0,0,0,0,1034,0,0,0,0
zc,TA209,2012-06-13 09:04:20.510,6992.0000,538520,-74,0.0000,210.0000,68,142,多平,S,6990.0000,0.0000,0.0000,0.0000,0.0000,6992.0000,0.0000,0.0000,0.0000,0.0000,312,0,0,0,0,89,0,0,0,0
zc,TA209,2012-06-13 09:04:21.213,6992.0000,538496,-24,0.0000,50.0000,13,37,多平,S,6990.0000,0.0000,0.0000,0.0000,0.0000,6992.0000,0.0000,0.0000,0.0000,0.0000,313,0,0,0,0,335,0,0,0,0
zc,TA209,2012-06-13 09:04:21.777,6992.0000,538482,-14,0.0000,58.0000,22,36,多平,S,6990.0000,0.0000,0.0000,0.0000,0.0000,6992.0000,0.0000,0.0000,0.0000,0.0000,276,0,0,0,0,203,0,0,0,0
zc,TA209,2012-06-13 09:04:22.493,6992.0000,538482,0,0.0000,64.0000,32,32,空换,S,6990.0000,0.0000,0.0000,0.0000,0.0000,6992.0000,0.0000,0.0000,0.0000,0.0000,275,0,0,0,0,369,0,0,0,0
zc,TA209,2012-06-13 09:04:23.213,6992.0000,538466,-16,0.0000,192.0000,88,104,多平,S,6990.0000,0.0000,0.0000,0.0000,0.0000,6992.0000,0.0000,0.0000,0.0000,0.0000,210,0,0,0,0,486,0,0,0,0
zc,TA209,2012-06-13 09:04:23.480,6990.0000,538488,22,0.0000,220.0000,121,99,空开,S,6990.0000,0.0000,0.0000,0.0000,0.0000,6992.0000,0.0000,0.0000,0.0000,0.0000,127,0,0,0,0,444,0,0,0,0
zc,TA209,2012-06-13 09:04:24.290,6990.0000,538382,-106,0.0000,200.0000,47,153,多平,S,6990.0000,0.0000,0.0000,0.0000,0.0000,6992.0000,0.0000,0.0000,0.0000,0.0000,62,0,0,0,0,413,0,0,0,0
zc,TA209,2012-06-13 09:04:24.777,6990.0000,538374,-8,0.0000,212.0000,102,110,多平,S,6988.0000,0.0000,0.0000,0.0000,0.0000,6990.0000,0.0000,0.0000,0.0000,0.0000,222,0,0,0,0,74,0,0,0,0
zc,TA209,2012-06-13 09:04:25.463,6988.0000,538376,2,0.0000,134.0000,68,66,空开,S,6988.0000,0.0000,0.0000,0.0000,0.0000,6990.0000,0.0000,0.0000,0.0000,0.0000,221,0,0,0,0,80,0,0,0,0
zc,TA209,2012-06-13 09:04:26.027,6990.0000,538382,6,0.0000,34.0000,20,14,多开,B,6988.0000,0.0000,0.0000,0.0000,0.0000,6990.0000,0.0000,0.0000,0.0000,0.0000,214,0,0,0,0,78,0,0,0,0
zc,TA209,2012-06-13 09:04:26.743,6990.0000,538496,114,0.0000,114.0000,114,0,双开,B,6988.0000,0.0000,0.0000,0.0000,0.0000,6990.0000,0.0000,0.0000,0.0000,0.0000,204,0,0,0,0,58,0,0,0,0
zc,TA209,2012-06-13 09:04:27.010,6990.0000,538504,8,0.0000,12.0000,10,2,多开,B,6988.0000,0.0000,0.0000,0.0000,0.0000,6990.0000,0.0000,0.0000,0.0000,0.0000,202,0,0,0,0,64,0,0,0,0
zc,TA209,2012-06-13 09:04:27.743,6988.0000,538522,18,0.0000,18.0000,18,0,双开,S,6988.0000,0.0000,0.0000,0.0000,0.0000,6990.0000,0.0000,0.0000,0.0000,0.0000,201,0,0,0,0,68,0,0,0,0
zc,TA209,2012-06-13 09:04:28.447,6990.0000,538588,66,0.0000,66.0000,66,0,双开,B,6988.0000,0.0000,0.0000,0.0000,0.0000,6990.0000,0.0000,0.0000,0.0000,0.0000,202,0,0,0,0,58,0,0,0,0
zc,TA209,2012-06-13 09:04:28.980,6990.0000,538614,26,0.0000,42.0000,34,8,多开,B,6988.0000,0.0000,0.0000,0.0000,0.0000,6990.0000,0.0000,0.0000,0.0000,0.0000,200,0,0,0,0,254,0,0,0,0
zc,TA209,2012-06-13 09:04:29.493,6988.0000,538820,206,0.0000,206.0000,206,0,双开,S,6988.0000,0.0000,0.0000,0.0000,0.0000,6990.0000,0.0000,0.0000,0.0000,0.0000,202,0,0,0,0,173,0,0,0,0
zc,TA209,2012-06-13 09:04:30.010,6988.0000,538846,26,0.0000,112.0000,69,43,空开,S,6988.0000,0.0000,0.0000,0.0000,0.0000,6990.0000,0.0000,0.0000,0.0000,0.0000,213,0,0,0,0,140,0,0,0,0
zc,TA209,2012-06-13 09:04:30.730,6988.0000,538876,30,0.0000,148.0000,89,59,空开,S,6988.0000,0.0000,0.0000,0.0000,0.0000,6990.0000,0.0000,0.0000,0.0000,0.0000,144,0,0,0,0,227,0,0,0,0
zc,TA209,2012-06-13 09:04:31.463,6988.0000,538942,66,0.0000,136.0000,101,35,空开,S,6988.0000,0.0000,0.0000,0.0000,0.0000,6990.0000,0.0000,0.0000,0.0000,0.0000,89,0,0,0,0,222,0,0,0,0
zc,TA209,2012-06-13 09:04:32.027,6988.0000,539204,262,0.0000,284.0000,273,11,空开,S,6986.0000,0.0000,0.0000,0.0000,0.0000,6988.0000,0.0000,0.0000,0.0000,0.0000,259,0,0,0,0,201,0,0,0,0
zc,TA209,2012-06-13 09:04:32.230,6988.0000,539226,22,0.0000,36.0000,29,7,空开,S,6986.0000,0.0000,0.0000,0.0000,0.0000,6988.0000,0.0000,0.0000,0.0000,0.0000,260,0,0,0,0,278,0,0,0,0
zc,TA209,2012-06-13 09:04:32.993,6986.0000,539264,38,0.0000,164.0000,101,63,空开,S,6986.0000,0.0000,0.0000,0.0000,0.0000,6988.0000,0.0000,0.0000,0.0000,0.0000,206,0,0,0,0,258,0,0,0,0
zc,TA209,2012-06-13 09:04:33.743,6988.0000,539264,0,0.0000,50.0000,25,25,多换,B,6986.0000,0.0000,0.0000,0.0000,0.0000,6988.0000,0.0000,0.0000,0.0000,0.0000,197,0,0,0,0,243,0,0,0,0
zc,TA209,2012-06-13 09:04:34.230,6988.0000,539264,0,0.0000,72.0000,36,36,多换,B,6986.0000,0.0000,0.0000,0.0000,0.0000,6988.0000,0.0000,0.0000,0.0000,0.0000,177,0,0,0,0,227,0,0,0,0
zc,TA209,2012-06-13 09:04:34.683,6986.0000,539258,-6,0.0000,250.0000,122,128,多平,S,6986.0000,0.0000,0.0000,0.0000,0.0000,6988.0000,0.0000,0.0000,0.0000,0.0000,167,0,0,0,0,114,0,0,0,0
zc,TA209,2012-06-13 09:04:35.230,6986.0000,539578,320,0.0000,368.0000,344,24,空开,S,6984.0000,0.0000,0.0000,0.0000,0.0000,6986.0000,0.0000,0.0000,0.0000,0.0000,417,0,0,0,0,30,0,0,0,0
zc,TA209,2012-06-13 09:04:36.010,6988.0000,539710,132,0.0000,254.0000,193,61,多开,B,6984.0000,0.0000,0.0000,0.0000,0.0000,6986.0000,0.0000,0.0000,0.0000,0.0000,445,0,0,0,0,2,0,0,0,0
zc,TA209,2012-06-13 09:04:36.527,6990.0000,539858,148,0.0000,226.0000,187,39,多开,B,6988.0000,0.0000,0.0000,0.0000,0.0000,6990.0000,0.0000,0.0000,0.0000,0.0000,190,0,0,0,0,127,0,0,0,0
zc,TA209,2012-06-13 09:04:37.243,6988.0000,539770,-88,0.0000,190.0000,51,139,多平,S,6988.0000,0.0000,0.0000,0.0000,0.0000,6990.0000,0.0000,0.0000,0.0000,0.0000,122,0,0,0,0,128,0,0,0,0
zc,TA209,2012-06-13 09:04:37.730,6988.0000,539770,0,0.0000,6.0000,3,3,空换,S,6988.0000,0.0000,0.0000,0.0000,0.0000,6990.0000,0.0000,0.0000,0.0000,0.0000,120,0,0,0,0,159,0,0,0,0
zc,TA209,2012-06-13 09:04:38.510,6988.0000,539752,-18,0.0000,96.0000,39,57,多平,S,6988.0000,0.0000,0.0000,0.0000,0.0000,6990.0000,0.0000,0.0000,0.0000,0.0000,85,0,0,0,0,148,0,0,0,0
zc,TA209,2012-06-13 09:04:38.980,6988.0000,539752,0,0.0000,2.0000,1,1,空换,S,6988.0000,0.0000,0.0000,0.0000,0.0000,6990.0000,0.0000,0.0000,0.0000,0.0000,84,0,0,0,0,148,0,0,0,0
zc,TA209,2012-06-13 09:04:39.493,6988.0000,539736,-16,0.0000,42.0000,13,29,多平,S,6988.0000,0.0000,0.0000,0.0000,0.0000,6990.0000,0.0000,0.0000,0.0000,0.0000,118,0,0,0,0,148,0,0,0,0
zc,TA209,2012-06-13 09:04:40.213,6988.0000,539738,2,0.0000,16.0000,9,7,空开,S,6988.0000,0.0000,0.0000,0.0000,0.0000,6990.0000,0.0000,0.0000,0.0000,0.0000,173,0,0,0,0,147,0,0,0,0
zc,TA209,2012-06-13 09:04:40.713,6990.0000,540020,282,0.0000,306.0000,294,12,多开,B,6990.0000,0.0000,0.0000,0.0000,0.0000,6992.0000,0.0000,0.0000,0.0000,0.0000,17,0,0,0,0,161,0,0,0,0
zc,TA209,2012-06-13 09:04:41.243,6988.0000,539966,-54,0.0000,548.0000,247,301,多平,S,6988.0000,0.0000,0.0000,0.0000,0.0000,6990.0000,0.0000,0.0000,0.0000,0.0000,77,0,0,0,0,4,0,0,0,0
zc,TA209,2012-06-13 09:04:41.760,6990.0000,539988,22,0.0000,36.0000,29,7,多开,B,6990.0000,0.0000,0.0000,0.0000,0.0000,6992.0000,0.0000,0.0000,0.0000,0.0000,151,0,0,0,0,13,0,0,0,0
zc,TA209,2012-06-13 09:04:42.463,6990.0000,539994,6,0.0000,6.0000,6,0,双开,B,6990.0000,0.0000,0.0000,0.0000,0.0000,6992.0000,0.0000,0.0000,0.0000,0.0000,170,0,0,0,0,15,0,0,0,0
zc,TA209,2012-06-13 09:04:42.980,6992.0000,540018,24,0.0000,34.0000,29,5,多开,B,6992.0000,0.0000,0.0000,0.0000,0.0000,6994.0000,0.0000,0.0000,0.0000,0.0000,37,0,0,0,0,323,0,0,0,0
zc,TA209,2012-06-13 09:04:43.480,6992.0000,540116,98,0.0000,98.0000,98,0,双开,B,6990.0000,0.0000,0.0000,0.0000,0.0000,6992.0000,0.0000,0.0000,0.0000,0.0000,224,0,0,0,0,5,0,0,0,0
zc,TA209,2012-06-13 09:04:44.230,6992.0000,540310,194,0.0000,316.0000,255,61,多开,B,6990.0000,0.0000,0.0000,0.0000,0.0000,6992.0000,0.0000,0.0000,0.0000,0.0000,126,0,0,0,0,28,0,0,0,0
zc,TA209,2012-06-13 09:04:44.743,6992.0000,540278,-32,0.0000,190.0000,79,111,空平,B,6992.0000,0.0000,0.0000,0.0000,0.0000,6994.0000,0.0000,0.0000,0.0000,0.0000,22,0,0,0,0,329,0,0,0,0
zc,TA209,2012-06-13 09:04:45.493,6992.0000,540278,0,0.0000,2.0000,1,1,多换,B,6992.0000,0.0000,0.0000,0.0000,0.0000,6994.0000,0.0000,0.0000,0.0000,0.0000,27,0,0,0,0,328,0,0,0,0
zc,TA209,2012-06-13 09:04:45.980,6992.0000,540390,112,0.0000,132.0000,122,10,多开,B,6992.0000,0.0000,0.0000,0.0000,0.0000,6994.0000,0.0000,0.0000,0.0000,0.0000,52,0,0,0,0,303,0,0,0,0
zc,TA209,2012-06-13 09:04:46.713,6994.0000,540532,142,0.0000,168.0000,155,13,多开,B,6992.0000,0.0000,0.0000,0.0000,0.0000,6994.0000,0.0000,0.0000,0.0000,0.0000,6,0,0,0,0,301,0,0,0,0
zc,TA209,2012-06-13 09:04:47.230,6992.0000,540550,18,0.0000,22.0000,20,2,空开,S,6992.0000,0.0000,0.0000,0.0000,0.0000,6994.0000,0.0000,0.0000,0.0000,0.0000,125,0,0,0,0,252,0,0,0,0
zc,TA209,2012-06-13 09:04:47.760,6992.0000,540596,46,0.0000,46.0000,46,0,双开,S,6992.0000,0.0000,0.0000,0.0000,0.0000,6994.0000,0.0000,0.0000,0.0000,0.0000,121,0,0,0,0,233,0,0,0,0
zc,TA209,2012-06-13 09:04:48.243,6994.0000,540604,8,0.0000,232.0000,120,112,多开,B,6992.0000,0.0000,0.0000,0.0000,0.0000,6994.0000,0.0000,0.0000,0.0000,0.0000,117,0,0,0,0,126,0,0,0,0
zc,TA209,2012-06-13 09:04:49.010,6994.0000,540622,18,0.0000,24.0000,21,3,多开,B,6992.0000,0.0000,0.0000,0.0000,0.0000,6994.0000,0.0000,0.0000,0.0000,0.0000,117,0,0,0,0,116,0,0,0,0
zc,TA209,2012-06-13 09:04:50.010,6994.0000,540688,66,0.0000,238.0000,152,86,多开,B,6992.0000,0.0000,0.0000,0.0000,0.0000,6994.0000,0.0000,0.0000,0.0000,0.0000,117,0,0,0,0,55,0,0,0,0
zc,TA209,2012-06-13 09:04:50.777,6992.0000,540508,-180,0.0000,298.0000,59,239,多平,S,6990.0000,0.0000,0.0000,0.0000,0.0000,6992.0000,0.0000,0.0000,0.0000,0.0000,270,0,0,0,0,118,0,0,0,0
zc,TA209,2012-06-13 09:04:51.243,6992.0000,540482,-26,0.0000,30.0000,2,28,多平,S,6990.0000,0.0000,0.0000,0.0000,0.0000,6992.0000,0.0000,0.0000,0.0000,0.0000,269,0,0,0,0,166,0,0,0,0
zc,TA209,2012-06-13 09:04:51.963,6992.0000,540418,-64,0.0000,286.0000,111,175,多平,S,6990.0000,0.0000,0.0000,0.0000,0.0000,6992.0000,0.0000,0.0000,0.0000,0.0000,273,0,0,0,0,24,0,0,0,0
zc,TA209,2012-06-13 09:04:52.493,6992.0000,540424,6,0.0000,114.0000,60,54,空开,S,6992.0000,0.0000,0.0000,0.0000,0.0000,6994.0000,0.0000,0.0000,0.0000,0.0000,7,0,0,0,0,66,0,0,0,0
zc,TA209,2012-06-13 09:04:52.980,6992.0000,540552,128,0.0000,204.0000,166,38,空开,S,6992.0000,0.0000,0.0000,0.0000,0.0000,6994.0000,0.0000,0.0000,0.0000,0.0000,9,0,0,0,0,67,0,0,0,0
zc,TA209,2012-06-13 09:04:53.493,6992.0000,540482,-70,0.0000,134.0000,32,102,多平,S,6992.0000,0.0000,0.0000,0.0000,0.0000,6994.0000,0.0000,0.0000,0.0000,0.0000,49,0,0,0,0,14,0,0,0,0
zc,TA209,2012-06-13 09:04:54.260,6992.0000,540776,294,0.0000,466.0000,380,86,空开,S,6990.0000,0.0000,0.0000,0.0000,0.0000,6992.0000,0.0000,0.0000,0.0000,0.0000,240,0,0,0,0,181,0,0,0,0
zc,TA209,2012-06-13 09:04:54.730,6992.0000,540822,46,0.0000,130.0000,88,42,空开,S,6990.0000,0.0000,0.0000,0.0000,0.0000,6992.0000,0.0000,0.0000,0.0000,0.0000,249,0,0,0,0,116,0,0,0,0
zc,TA209,2012-06-13 09:04:55.493,6992.0000,540846,24,0.0000,24.0000,24,0,双开,S,6990.0000,0.0000,0.0000,0.0000,0.0000,6992.0000,0.0000,0.0000,0.0000,0.0000,248,0,0,0,0,121,0,0,0,0
zc,TA209,2012-06-13 09:04:55.993,6990.0000,540900,54,0.0000,60.0000,57,3,空开,S,6990.0000,0.0000,0.0000,0.0000,0.0000,6992.0000,0.0000,0.0000,0.0000,0.0000,221,0,0,0,0,119,0,0,0,0
zc,TA209,2012-06-13 09:04:56.463,6992.0000,540902,2,0.0000,54.0000,28,26,多开,B,6990.0000,0.0000,0.0000,0.0000,0.0000,6992.0000,0.0000,0.0000,0.0000,0.0000,229,0,0,0,0,92,0,0,0,0
zc,TA209,2012-06-13 09:04:57.230,6992.0000,540908,6,0.0000,10.0000,8,2,多开,B,6990.0000,0.0000,0.0000,0.0000,0.0000,6992.0000,0.0000,0.0000,0.0000,0.0000,239,0,0,0,0,131,0,0,0,0
zc,TA209,2012-06-13 09:04:57.447,6992.0000,541012,104,0.0000,106.0000,105,1,多开,B,6990.0000,0.0000,0.0000,0.0000,0.0000,6992.0000,0.0000,0.0000,0.0000,0.0000,325,0,0,0,0,78,0,0,0,0
zc,TA209,2012-06-13 09:04:58.197,6992.0000,541038,26,0.0000,28.0000,27,1,多开,B,6990.0000,0.0000,0.0000,0.0000,0.0000,6992.0000,0.0000,0.0000,0.0000,0.0000,326,0,0,0,0,108,0,0,0,0
zc,TA209,2012-06-13 09:04:58.713,6992.0000,541040,2,0.0000,2.0000,2,0,双开,B,6990.0000,0.0000,0.0000,0.0000,0.0000,6992.0000,0.0000,0.0000,0.0000,0.0000,336,0,0,0,0,207,0,0,0,0
zc,TA209,2012-06-13 09:04:59.230,6992.0000,541155,115,0.0000,120.0000,118,3,多开,B,6990.0000,0.0000,0.0000,0.0000,0.0000,6992.0000,0.0000,0.0000,0.0000,0.0000,289,0,0,0,0,187,0,0,0,0
zc,TA209,2012-06-13 09:04:59.963,6992.0000,541178,23,0.0000,44.0000,34,11,多开,B,6990.0000,0.0000,0.0000,0.0000,0.0000,6992.0000,0.0000,0.0000,0.0000,0.0000,295,0,0,0,0,136,0,0,0,0
zc,TA209,2012-06-13 09:05:00.493,6990.0000,541188,10,0.0000,16.0000,13,3,空开,S,6990.0000,0.0000,0.0000,0.0000,0.0000,6992.0000,0.0000,0.0000,0.0000,0.0000,311,0,0,0,0,157,0,0,0,0
zc,TA209,2012-06-13 09:05:01.243,6990.0000,541342,154,0.0000,182.0000,168,14,空开,S,6990.0000,0.0000,0.0000,0.0000,0.0000,6992.0000,0.0000,0.0000,0.0000,0.0000,249,0,0,0,0,153,0,0,0,0
zc,TA209,2012-06-13 09:05:01.730,6990.0000,541446,104,0.0000,112.0000,108,4,空开,S,6990.0000,0.0000,0.0000,0.0000,0.0000,6992.0000,0.0000,0.0000,0.0000,0.0000,226,0,0,0,0,144,0,0,0,0
zc,TA209,2012-06-13 09:05:02.480,6990.0000,541566,120,0.0000,340.0000,230,110,空开,S,6990.0000,0.0000,0.0000,0.0000,0.0000,6992.0000,0.0000,0.0000,0.0000,0.0000,96,0,0,0,0,124,0,0,0,0
zc,TA209,2012-06-13 09:05:02.730,6990.0000,541614,48,0.0000,240.0000,144,96,空开,S,6988.0000,0.0000,0.0000,0.0000,0.0000,6990.0000,0.0000,0.0000,0.0000,0.0000,84,0,0,0,0,242,0,0,0,0
zc,TA209,2012-06-13 09:05:03.463,6988.0000,541628,14,0.0000,100.0000,57,43,空开,S,6988.0000,0.0000,0.0000,0.0000,0.0000,6990.0000,0.0000,0.0000,0.0000,0.0000,48,0,0,0,0,298,0,0,0,0
zc,TA209,2012-06-13 09:05:03.993,6990.0000,541630,2,0.0000,18.0000,10,8,多开,B,6988.0000,0.0000,0.0000,0.0000,0.0000,6990.0000,0.0000,0.0000,0.0000,0.0000,47,0,0,0,0,155,0,0,0,0
zc,TA209,2012-06-13 09:05:04.730,6990.0000,541956,326,0.0000,542.0000,434,108,多开,B,6988.0000,0.0000,0.0000,0.0000,0.0000,6990.0000,0.0000,0.0000,0.0000,0.0000,5,0,0,0,0,39,0,0,0,0
zc,TA209,2012-06-13 09:05:05.243,6988.0000,541948,-8,0.0000,150.0000,71,79,多平,S,6990.0000,0.0000,0.0000,0.0000,0.0000,6992.0000,0.0000,0.0000,0.0000,0.0000,5,0,0,0,0,133,0,0,0,0
zc,TA209,2012-06-13 09:05:06.087,6988.0000,541946,-2,0.0000,10.0000,4,6,多平,S,6988.0000,0.0000,0.0000,0.0000,0.0000,6990.0000,0.0000,0.0000,0.0000,0.0000,19,0,0,0,0,1,0,0,0,0
zc,TA209,2012-06-13 09:05:06.527,6990.0000,541946,0,0.0000,16.0000,8,8,多换,B,6988.0000,0.0000,0.0000,0.0000,0.0000,6990.0000,0.0000,0.0000,0.0000,0.0000,23,0,0,0,0,7,0,0,0,0
zc,TA209,2012-06-13 09:05:07.027,6988.0000,541934,-12,0.0000,54.0000,21,33,多平,S,6988.0000,0.0000,0.0000,0.0000,0.0000,6990.0000,0.0000,0.0000,0.0000,0.0000,18,0,0,0,0,38,0,0,0,0
zc,TA209,2012-06-13 09:05:07.743,6986.0000,542022,88,0.0000,222.0000,155,67,空开,S,6986.0000,0.0000,0.0000,0.0000,0.0000,6990.0000,0.0000,0.0000,0.0000,0.0000,229,0,0,0,0,33,0,0,0,0
zc,TA209,2012-06-13 09:05:08.230,6990.0000,542042,20,0.0000,24.0000,22,2,多开,B,6986.0000,0.0000,0.0000,0.0000,0.0000,6990.0000,0.0000,0.0000,0.0000,0.0000,228,0,0,0,0,167,0,0,0,0
zc,TA209,2012-06-13 09:05:08.980,6986.0000,542052,10,0.0000,42.0000,26,16,空开,S,6986.0000,0.0000,0.0000,0.0000,0.0000,6990.0000,0.0000,0.0000,0.0000,0.0000,225,0,0,0,0,167,0,0,0,0
zc,TA209,2012-06-13 09:05:09.260,6986.0000,542240,188,0.0000,462.0000,325,137,空开,S,6984.0000,0.0000,0.0000,0.0000,0.0000,6986.0000,0.0000,0.0000,0.0000,0.0000,509,0,0,0,0,282,0,0,0,0
zc,TA209,2012-06-13 09:05:10.260,6984.0000,542272,32,0.0000,94.0000,63,31,空开,S,6984.0000,0.0000,0.0000,0.0000,0.0000,6986.0000,0.0000,0.0000,0.0000,0.0000,498,0,0,0,0,252,0,0,0,0
zc,TA209,2012-06-13 09:05:10.743,6986.0000,542160,-112,0.0000,446.0000,167,279,空平,B,6984.0000,0.0000,0.0000,0.0000,0.0000,6986.0000,0.0000,0.0000,0.0000,0.0000,276,0,0,0,0,262,0,0,0,0
zc,TA209,2012-06-13 09:05:11.260,6984.0000,542256,96,0.0000,170.0000,133,37,空开,S,6984.0000,0.0000,0.0000,0.0000,0.0000,6986.0000,0.0000,0.0000,0.0000,0.0000,204,0,0,0,0,230,0,0,0,0
zc,TA209,2012-06-13 09:05:11.743,6984.0000,542334,78,0.0000,232.0000,155,77,空开,S,6984.0000,0.0000,0.0000,0.0000,0.0000,6986.0000,0.0000,0.0000,0.0000,0.0000,97,0,0,0,0,224,0,0,0,0
zc,TA209,2012-06-13 09:05:12.493,6984.0000,542506,172,0.0000,248.0000,210,38,空开,S,6982.0000,0.0000,0.0000,0.0000,0.0000,6984.0000,0.0000,0.0000,0.0000,0.0000,374,0,0,0,0,3,0,0,0,0
zc,TA209,2012-06-13 09:05:13.010,6984.0000,542628,122,0.0000,122.0000,122,0,双开,S,6982.0000,0.0000,0.0000,0.0000,0.0000,6984.0000,0.0000,0.0000,0.0000,0.0000,378,0,0,0,0,454,0,0,0,0
zc,TA209,2012-06-13 09:05:13.777,6982.0000,543256,628,0.0000,810.0000,719,91,空开,S,6980.0000,0.0000,0.0000,0.0000,0.0000,6982.0000,0.0000,0.0000,0.0000,0.0000,1385,0,0,0,0,49,0,0,0,0
zc,TA209,2012-06-13 09:05:14.493,6982.0000,543288,32,0.0000,32.0000,32,0,双开,S,6980.0000,0.0000,0.0000,0.0000,0.0000,6982.0000,0.0000,0.0000,0.0000,0.0000,1385,0,0,0,0,47,0,0,0,0
zc,TA209,2012-06-13 09:05:15.040,6982.0000,543278,-10,0.0000,116.0000,53,63,多平,S,6982.0000,0.0000,0.0000,0.0000,0.0000,6984.0000,0.0000,0.0000,0.0000,0.0000,44,0,0,0,0,508,0,0,0,0
zc,TA209,2012-06-13 09:05:15.493,6980.0000,543436,158,0.0000,422.0000,290,132,空开,S,6980.0000,0.0000,0.0000,0.0000,0.0000,6984.0000,0.0000,0.0000,0.0000,0.0000,1332,0,0,0,0,461,0,0,0,0
zc,TA209,2012-06-13 09:05:16.010,6982.0000,543308,-128,0.0000,432.0000,152,280,空平,B,6980.0000,0.0000,0.0000,0.0000,0.0000,6982.0000,0.0000,0.0000,0.0000,0.0000,1184,0,0,0,0,42,0,0,0,0
zc,TA209,2012-06-13 09:05:16.743,6980.0000,543268,-40,0.0000,408.0000,184,224,多平,S,6980.0000,0.0000,0.0000,0.0000,0.0000,6982.0000,0.0000,0.0000,0.0000,0.0000,1134,0,0,0,0,1,0,0,0,0
zc,TA209,2012-06-13 09:05:17.277,6980.0000,543254,-14,0.0000,160.0000,73,87,多平,S,6980.0000,0.0000,0.0000,0.0000,0.0000,6984.0000,0.0000,0.0000,0.0000,0.0000,1074,0,0,0,0,366,0,0,0,0
zc,TA209,2012-06-13 09:05:18.010,6980.0000,543288,34,0.0000,588.0000,311,277,空开,S,6982.0000,0.0000,0.0000,0.0000,0.0000,6984.0000,0.0000,0.0000,0.0000,0.0000,7,0,0,0,0,362,0,0,0,0
zc,TA209,2012-06-13 09:05:18.480,6980.0000,543382,94,0.0000,266.0000,180,86,空开,S,6980.0000,0.0000,0.0000,0.0000,0.0000,6984.0000,0.0000,0.0000,0.0000,0.0000,727,0,0,0,0,366,0,0,0,0
zc,TA209,2012-06-13 09:05:19.290,6980.0000,543452,70,0.0000,124.0000,97,27,空开,S,6980.0000,0.0000,0.0000,0.0000,0.0000,6982.0000,0.0000,0.0000,0.0000,0.0000,741,0,0,0,0,51,0,0,0,0
zc,TA209,2012-06-13 09:05:19.743,6982.0000,543528,76,0.0000,176.0000,126,50,多开,B,6980.0000,0.0000,0.0000,0.0000,0.0000,6982.0000,0.0000,0.0000,0.0000,0.0000,637,0,0,0,0,46,0,0,0,0
zc,TA209,2012-06-13 09:05:20.527,6980.0000,543594,66,0.0000,80.0000,73,7,空开,S,6980.0000,0.0000,0.0000,0.0000,0.0000,6982.0000,0.0000,0.0000,0.0000,0.0000,623,0,0,0,0,123,0,0,0,0
zc,TA209,2012-06-13 09:05:21.010,6980.0000,543596,2,0.0000,1142.0000,572,570,空开,S,6980.0000,0.0000,0.0000,0.0000,0.0000,6982.0000,0.0000,0.0000,0.0000,0.0000,77,0,0,0,0,115,0,0,0,0
zc,TA209,2012-06-13 09:05:21.790,6980.0000,543760,164,0.0000,234.0000,199,35,空开,S,6978.0000,0.0000,0.0000,0.0000,0.0000,6980.0000,0.0000,0.0000,0.0000,0.0000,139,0,0,0,0,147,0,0,0,0
zc,TA209,2012-06-13 09:05:22.260,6980.0000,544036,276,0.0000,318.0000,297,21,空开,S,6978.0000,0.0000,0.0000,0.0000,0.0000,6980.0000,0.0000,0.0000,0.0000,0.0000,47,0,0,0,0,146,0,0,0,0
zc,TA209,2012-06-13 09:05:22.993,6974.0000,544266,230,0.0000,636.0000,433,203,空开,S,6974.0000,0.0000,0.0000,0.0000,0.0000,6978.0000,0.0000,0.0000,0.0000,0.0000,37,0,0,0,0,29,0,0,0,0
zc,TA209,2012-06-13 09:05:23.527,6972.0000,544312,46,0.0000,170.0000,108,62,空开,S,6972.0000,0.0000,0.0000,0.0000,0.0000,6974.0000,0.0000,0.0000,0.0000,0.0000,130,0,0,0,0,6,0,0,0,0
zc,TA209,2012-06-13 09:05:24.277,6974.0000,544346,34,0.0000,68.0000,51,17,多开,B,6972.0000,0.0000,0.0000,0.0000,0.0000,6974.0000,0.0000,0.0000,0.0000,0.0000,144,0,0,0,0,35,0,0,0,0
zc,TA209,2012-06-13 09:05:25.040,6976.0000,544296,-50,0.0000,654.0000,302,352,空平,B,6974.0000,0.0000,0.0000,0.0000,0.0000,6976.0000,0.0000,0.0000,0.0000,0.0000,227,0,0,0,0,31,0,0,0,0
zc,TA209,2012-06-13 09:05:25.260,6976.0000,544294,-2,0.0000,230.0000,114,116,空平,B,6976.0000,0.0000,0.0000,0.0000,0.0000,6978.0000,0.0000,0.0000,0.0000,0.0000,3,0,0,0,0,138,0,0,0,0
zc,TA209,2012-06-13 09:05:25.993,6976.0000,544290,-4,0.0000,178.0000,87,91,空平,B,6976.0000,0.0000,0.0000,0.0000,0.0000,6978.0000,0.0000,0.0000,0.0000,0.0000,193,0,0,0,0,138,0,0,0,0
