市场代码,合约代码,时间,最新,持仓,增仓,成交额,成交量,开仓,平仓,成交类型,方向,买一价,买二价,买三价,买四价,买五价,卖一价,卖二价,卖三价,卖四价,卖五价,买一量,买二量,买三量,买四量,买五量,卖一量,卖二量,卖三量,卖四量,卖五量
zc,TA301,2012-06-13 07:46:28.683,0.0000,147126,0,0.0000,0.0000,0,0,空换,S,0.0000,0.0000,0.0000,0.0000,0.0000,0.0000,0.0000,0.0000,0.0000,0.0000,0,0,0,0,0,0,0,0,0,0
zc,TA301,2012-06-13 07:49:30.183,0.0000,147126,0,0.0000,0.0000,0,0,空换,S,0.0000,0.0000,0.0000,0.0000,0.0000,0.0000,0.0000,0.0000,0.0000,0.0000,0,0,0,0,0,0,0,0,0,0
zc,TA301,2012-06-13 07:51:30.183,0.0000,147126,0,0.0000,0.0000,0,0,空换,S,0.0000,0.0000,0.0000,0.0000,0.0000,0.0000,0.0000,0.0000,0.0000,0.0000,0,0,0,0,0,0,0,0,0,0
zc,TA301,2012-06-13 07:55:30.183,0.0000,147126,0,0.0000,0.0000,0,0,空换,S,0.0000,0.0000,0.0000,0.0000,0.0000,0.0000,0.0000,0.0000,0.0000,0.0000,0,0,0,0,0,0,0,0,0,0
zc,TA301,2012-06-13 08:03:30.197,0.0000,147126,0,0.0000,0.0000,0,0,空换,S,0.0000,0.0000,0.0000,0.0000,0.0000,0.0000,0.0000,0.0000,0.0000,0.0000,0,0,0,0,0,0,0,0,0,0
zc,TA301,2012-06-13 08:04:30.197,0.0000,147126,0,0.0000,0.0000,0,0,空换,S,0.0000,0.0000,0.0000,0.0000,0.0000,0.0000,0.0000,0.0000,0.0000,0.0000,0,0,0,0,0,0,0,0,0,0
zc,TA301,2012-06-13 08:05:30.197,0.0000,147126,0,0.0000,0.0000,0,0,空换,S,0.0000,0.0000,0.0000,0.0000,0.0000,0.0000,0.0000,0.0000,0.0000,0.0000,0,0,0,0,0,0,0,0,0,0
zc,TA301,2012-06-13 08:06:31.493,0.0000,147126,0,0.0000,0.0000,0,0,空换,S,0.0000,0.0000,0.0000,0.0000,0.0000,0.0000,0.0000,0.0000,0.0000,0.0000,0,0,0,0,0,0,0,0,0,0
zc,TA301,2012-06-13 08:12:31.493,0.0000,147126,0,0.0000,0.0000,0,0,空换,S,0.0000,0.0000,0.0000,0.0000,0.0000,0.0000,0.0000,0.0000,0.0000,0.0000,0,0,0,0,0,0,0,0,0,0
zc,TA301,2012-06-13 08:16:31.493,0.0000,147126,0,0.0000,0.0000,0,0,空换,S,0.0000,0.0000,0.0000,0.0000,0.0000,0.0000,0.0000,0.0000,0.0000,0.0000,0,0,0,0,0,0,0,0,0,0
zc,TA301,2012-06-13 08:17:31.493,0.0000,147126,0,0.0000,0.0000,0,0,空换,S,0.0000,0.0000,0.0000,0.0000,0.0000,0.0000,0.0000,0.0000,0.0000,0.0000,0,0,0,0,0,0,0,0,0,0
zc,TA301,2012-06-13 08:26:31.480,0.0000,147126,0,0.0000,0.0000,0,0,空换,S,0.0000,0.0000,0.0000,0.0000,0.0000,0.0000,0.0000,0.0000,0.0000,0.0000,0,0,0,0,0,0,0,0,0,0
zc,TA301,2012-06-13 08:28:31.480,0.0000,147126,0,0.0000,0.0000,0,0,空换,S,0.0000,0.0000,0.0000,0.0000,0.0000,0.0000,0.0000,0.0000,0.0000,0.0000,0,0,0,0,0,0,0,0,0,0
zc,TA301,2012-06-13 08:30:31.480,0.0000,147126,0,0.0000,0.0000,0,0,空换,S,0.0000,0.0000,0.0000,0.0000,0.0000,0.0000,0.0000,0.0000,0.0000,0.0000,0,0,0,0,0,0,0,0,0,0
zc,TA301,2012-06-13 08:33:31.480,0.0000,147126,0,0.0000,0.0000,0,0,空换,S,0.0000,0.0000,0.0000,0.0000,0.0000,0.0000,0.0000,0.0000,0.0000,0.0000,0,0,0,0,0,0,0,0,0,0
zc,TA301,2012-06-13 08:34:31.480,0.0000,147126,0,0.0000,0.0000,0,0,空换,S,0.0000,0.0000,0.0000,0.0000,0.0000,0.0000,0.0000,0.0000,0.0000,0.0000,0,0,0,0,0,0,0,0,0,0
zc,TA301,2012-06-13 08:35:31.480,0.0000,147126,0,0.0000,0.0000,0,0,空换,S,0.0000,0.0000,0.0000,0.0000,0.0000,0.0000,0.0000,0.0000,0.0000,0.0000,0,0,0,0,0,0,0,0,0,0
zc,TA301,2012-06-13 08:37:31.463,0.0000,147126,0,0.0000,0.0000,0,0,空换,S,0.0000,0.0000,0.0000,0.0000,0.0000,0.0000,0.0000,0.0000,0.0000,0.0000,0,0,0,0,0,0,0,0,0,0
zc,TA301,2012-06-13 08:39:31.463,0.0000,147126,0,0.0000,0.0000,0,0,空换,S,0.0000,0.0000,0.0000,0.0000,0.0000,0.0000,0.0000,0.0000,0.0000,0.0000,0,0,0,0,0,0,0,0,0,0
zc,TA301,2012-06-13 08:45:31.463,0.0000,147126,0,0.0000,0.0000,0,0,空换,S,0.0000,0.0000,0.0000,0.0000,0.0000,0.0000,0.0000,0.0000,0.0000,0.0000,0,0,0,0,0,0,0,0,0,0
zc,TA301,2012-06-13 08:48:31.463,0.0000,147126,0,0.0000,0.0000,0,0,空换,S,0.0000,0.0000,0.0000,0.0000,0.0000,0.0000,0.0000,0.0000,0.0000,0.0000,0,0,0,0,0,0,0,0,0,0
zc,TA301,2012-06-13 08:55:01.713,0.0000,147126,0,0.0000,0.0000,0,0,空换,S,0.0000,0.0000,0.0000,0.0000,0.0000,0.0000,0.0000,0.0000,0.0000,0.0000,0,0,0,0,0,0,0,0,0,0
zc,TA301,2012-06-13 08:55:02.963,0.0000,147126,0,0.0000,0.0000,0,0,空换,S,0.0000,0.0000,0.0000,0.0000,0.0000,0.0000,0.0000,0.0000,0.0000,0.0000,0,0,0,0,0,0,0,0,0,0
zc,TA301,2012-06-13 08:55:04.197,0.0000,147126,0,0.0000,0.0000,0,0,空换,S,0.0000,0.0000,0.0000,0.0000,0.0000,0.0000,0.0000,0.0000,0.0000,0.0000,0,0,0,0,0,0,0,0,0,0
zc,TA301,2012-06-13 08:55:04.697,0.0000,147126,0,0.0000,0.0000,0,0,空换,S,0.0000,0.0000,0.0000,0.0000,0.0000,0.0000,0.0000,0.0000,0.0000,0.0000,0,0,0,0,0,0,0,0,0,0
zc,TA301,2012-06-13 08:55:05.447,0.0000,147126,0,0.0000,0.0000,0,0,空换,S,0.0000,0.0000,0.0000,0.0000,0.0000,0.0000,0.0000,0.0000,0.0000,0.0000,0,0,0,0,0,0,0,0,0,0
zc,TA301,2012-06-13 08:55:17.697,0.0000,147126,0,0.0000,0.0000,0,0,空换,S,0.0000,0.0000,0.0000,0.0000,0.0000,0.0000,0.0000,0.0000,0.0000,0.0000,0,0,0,0,0,0,0,0,0,0
zc,TA301,2012-06-13 08:55:19.447,0.0000,147126,0,0.0000,0.0000,0,0,空换,S,0.0000,0.0000,0.0000,0.0000,0.0000,0.0000,0.0000,0.0000,0.0000,0.0000,0,0,0,0,0,0,0,0,0,0
zc,TA301,2012-06-13 08:55:20.447,0.0000,147126,0,0.0000,0.0000,0,0,空换,S,0.0000,0.0000,0.0000,0.0000,0.0000,0.0000,0.0000,0.0000,0.0000,0.0000,0,0,0,0,0,0,0,0,0,0
zc,TA301,2012-06-13 08:55:24.197,0.0000,147126,0,0.0000,0.0000,0,0,空换,S,0.0000,0.0000,0.0000,0.0000,0.0000,0.0000,0.0000,0.0000,0.0000,0.0000,0,0,0,0,0,0,0,0,0,0
zc,TA301,2012-06-13 08:55:31.447,0.0000,147126,0,0.0000,0.0000,0,0,空换,S,0.0000,0.0000,0.0000,0.0000,0.0000,0.0000,0.0000,0.0000,0.0000,0.0000,0,0,0,0,0,0,0,0,0,0
zc,TA301,2012-06-13 08:55:47.447,0.0000,147126,0,0.0000,0.0000,0,0,空换,S,0.0000,0.0000,0.0000,0.0000,0.0000,0.0000,0.0000,0.0000,0.0000,0.0000,0,0,0,0,0,0,0,0,0,0
zc,TA301,2012-06-13 08:55:48.197,0.0000,147126,0,0.0000,0.0000,0,0,空换,S,0.0000,0.0000,0.0000,0.0000,0.0000,0.0000,0.0000,0.0000,0.0000,0.0000,0,0,0,0,0,0,0,0,0,0
zc,TA301,2012-06-13 08:55:50.697,0.0000,147126,0,0.0000,0.0000,0,0,空换,S,0.0000,0.0000,0.0000,0.0000,0.0000,0.0000,0.0000,0.0000,0.0000,0.0000,0,0,0,0,0,0,0,0,0,0
zc,TA301,2012-06-13 08:55:53.447,0.0000,147126,0,0.0000,0.0000,0,0,空换,S,0.0000,0.0000,0.0000,0.0000,0.0000,0.0000,0.0000,0.0000,0.0000,0.0000,0,0,0,0,0,0,0,0,0,0
zc,TA301,2012-06-13 08:56:01.947,0.0000,147126,0,0.0000,0.0000,0,0,空换,S,0.0000,0.0000,0.0000,0.0000,0.0000,0.0000,0.0000,0.0000,0.0000,0.0000,0,0,0,0,0,0,0,0,0,0
zc,TA301,2012-06-13 08:56:02.697,0.0000,147126,0,0.0000,0.0000,0,0,空换,S,0.0000,0.0000,0.0000,0.0000,0.0000,0.0000,0.0000,0.0000,0.0000,0.0000,0,0,0,0,0,0,0,0,0,0
zc,TA301,2012-06-13 08:56:11.197,0.0000,147126,0,0.0000,0.0000,0,0,空换,S,0.0000,0.0000,0.0000,0.0000,0.0000,0.0000,0.0000,0.0000,0.0000,0.0000,0,0,0,0,0,0,0,0,0,0
zc,TA301,2012-06-13 08:56:21.447,0.0000,147126,0,0.0000,0.0000,0,0,空换,S,0.0000,0.0000,0.0000,0.0000,0.0000,0.0000,0.0000,0.0000,0.0000,0.0000,0,0,0,0,0,0,0,0,0,0
zc,TA301,2012-06-13 08:56:55.697,0.0000,147126,0,0.0000,0.0000,0,0,空换,S,0.0000,0.0000,0.0000,0.0000,0.0000,0.0000,0.0000,0.0000,0.0000,0.0000,0,0,0,0,0,0,0,0,0,0
zc,TA301,2012-06-13 08:57:10.197,0.0000,147126,0,0.0000,0.0000,0,0,空换,S,0.0000,0.0000,0.0000,0.0000,0.0000,0.0000,0.0000,0.0000,0.0000,0.0000,0,0,0,0,0,0,0,0,0,0
zc,TA301,2012-06-13 08:57:20.697,0.0000,147126,0,0.0000,0.0000,0,0,空换,S,0.0000,0.0000,0.0000,0.0000,0.0000,0.0000,0.0000,0.0000,0.0000,0.0000,0,0,0,0,0,0,0,0,0,0
zc,TA301,2012-06-13 08:57:23.947,0.0000,147126,0,0.0000,0.0000,0,0,空换,S,0.0000,0.0000,0.0000,0.0000,0.0000,0.0000,0.0000,0.0000,0.0000,0.0000,0,0,0,0,0,0,0,0,0,0
zc,TA301,2012-06-13 08:58:46.697,0.0000,147126,0,0.0000,0.0000,0,0,空换,S,0.0000,0.0000,0.0000,0.0000,0.0000,0.0000,0.0000,0.0000,0.0000,0.0000,0,0,0,0,0,0,0,0,0,0
zc,TA301,2012-06-13 08:58:59.683,0.0000,147126,0,0.0000,0.0000,0,0,空换,S,0.0000,0.0000,0.0000,0.0000,0.0000,0.0000,0.0000,0.0000,0.0000,0.0000,0,0,0,0,0,0,0,0,0,0
zc,TA301,2012-06-13 08:59:02.447,7036.0000,147280,154,0.0000,296.0000,225,71,多开,B,7036.0000,0.0000,0.0000,0.0000,0.0000,7038.0000,0.0000,0.0000,0.0000,0.0000,4,0,0,0,0,27,0,0,0,0
zc,TA301,2012-06-13 09:00:01.307,7032.0000,147292,12,0.0000,12.0000,12,0,双开,S,7032.0000,0.0000,0.0000,0.0000,0.0000,7034.0000,0.0000,0.0000,0.0000,0.0000,1,0,0,0,0,7,0,0,0,0
zc,TA301,2012-06-13 09:00:02.183,7034.0000,147376,84,0.0000,162.0000,123,39,多开,B,7032.0000,0.0000,0.0000,0.0000,0.0000,7034.0000,0.0000,0.0000,0.0000,0.0000,40,0,0,0,0,1,0,0,0,0
zc,TA301,2012-06-13 09:00:03.137,7032.0000,147242,-134,0.0000,222.0000,44,178,多平,S,7034.0000,0.0000,0.0000,0.0000,0.0000,7036.0000,0.0000,0.0000,0.0000,0.0000,8,0,0,0,0,131,0,0,0,0
zc,TA301,2012-06-13 09:00:03.870,7034.0000,147186,-56,0.0000,114.0000,29,85,空平,B,7034.0000,0.0000,0.0000,0.0000,0.0000,7036.0000,0.0000,0.0000,0.0000,0.0000,70,0,0,0,0,116,0,0,0,0
zc,TA301,2012-06-13 09:00:04.870,7034.0000,146960,-226,0.0000,410.0000,92,318,空平,B,7032.0000,0.0000,0.0000,0.0000,0.0000,7034.0000,0.0000,0.0000,0.0000,0.0000,13,0,0,0,0,49,0,0,0,0
zc,TA301,2012-06-13 09:00:05.307,7032.0000,146974,14,0.0000,60.0000,37,23,空开,S,7032.0000,0.0000,0.0000,0.0000,0.0000,7034.0000,0.0000,0.0000,0.0000,0.0000,9,0,0,0,0,55,0,0,0,0
zc,TA301,2012-06-13 09:00:06.087,7034.0000,146974,0,0.0000,42.0000,21,21,多换,B,7032.0000,0.0000,0.0000,0.0000,0.0000,7034.0000,0.0000,0.0000,0.0000,0.0000,13,0,0,0,0,38,0,0,0,0
zc,TA301,2012-06-13 09:00:06.837,7034.0000,146892,-82,0.0000,164.0000,41,123,空平,B,7030.0000,0.0000,0.0000,0.0000,0.0000,7034.0000,0.0000,0.0000,0.0000,0.0000,7,0,0,0,0,17,0,0,0,0
zc,TA301,2012-06-13 09:00:07.323,7034.0000,146874,-18,0.0000,76.0000,29,47,空平,B,7034.0000,0.0000,0.0000,0.0000,0.0000,7036.0000,0.0000,0.0000,0.0000,0.0000,33,0,0,0,0,5,0,0,0,0
zc,TA301,2012-06-13 09:00:07.790,7034.0000,146876,2,0.0000,8.0000,5,3,多开,B,7034.0000,0.0000,0.0000,0.0000,0.0000,7036.0000,0.0000,0.0000,0.0000,0.0000,30,0,0,0,0,15,0,0,0,0
zc,TA301,2012-06-13 09:00:08.837,7034.0000,146880,4,0.0000,18.0000,11,7,多开,B,7034.0000,0.0000,0.0000,0.0000,0.0000,7036.0000,0.0000,0.0000,0.0000,0.0000,22,0,0,0,0,15,0,0,0,0
zc,TA301,2012-06-13 09:00:09.353,7034.0000,146880,0,0.0000,28.0000,14,14,多换,B,7034.0000,0.0000,0.0000,0.0000,0.0000,7036.0000,0.0000,0.0000,0.0000,0.0000,19,0,0,0,0,15,0,0,0,0
zc,TA301,2012-06-13 09:00:10.103,7034.0000,146886,6,0.0000,12.0000,9,3,多开,B,7034.0000,0.0000,0.0000,0.0000,0.0000,7036.0000,0.0000,0.0000,0.0000,0.0000,3,0,0,0,0,22,0,0,0,0
zc,TA301,2012-06-13 09:00:10.603,7034.0000,146894,8,0.0000,8.0000,8,0,双开,B,7030.0000,0.0000,0.0000,0.0000,0.0000,7034.0000,0.0000,0.0000,0.0000,0.0000,35,0,0,0,0,51,0,0,0,0
zc,TA301,2012-06-13 09:00:11.277,7030.0000,146918,24,0.0000,44.0000,34,10,空开,S,7030.0000,0.0000,0.0000,0.0000,0.0000,7034.0000,0.0000,0.0000,0.0000,0.0000,23,0,0,0,0,81,0,0,0,0
zc,TA301,2012-06-13 09:00:12.103,7032.0000,146968,50,0.0000,74.0000,62,12,多开,B,7028.0000,0.0000,0.0000,0.0000,0.0000,7032.0000,0.0000,0.0000,0.0000,0.0000,17,0,0,0,0,9,0,0,0,0
zc,TA301,2012-06-13 09:00:12.587,7032.0000,146960,-8,0.0000,52.0000,22,30,空平,B,7026.0000,0.0000,0.0000,0.0000,0.0000,7032.0000,0.0000,0.0000,0.0000,0.0000,26,0,0,0,0,6,0,0,0,0
zc,TA301,2012-06-13 09:00:13.323,7034.0000,146984,24,0.0000,56.0000,40,16,多开,B,7026.0000,0.0000,0.0000,0.0000,0.0000,7030.0000,0.0000,0.0000,0.0000,0.0000,27,0,0,0,0,19,0,0,0,0
zc,TA301,2012-06-13 09:00:14.040,7026.0000,146988,4,0.0000,34.0000,19,15,空开,S,7026.0000,0.0000,0.0000,0.0000,0.0000,7030.0000,0.0000,0.0000,0.0000,0.0000,14,0,0,0,0,15,0,0,0,0
zc,TA301,2012-06-13 09:00:14.573,7026.0000,146978,-10,0.0000,14.0000,2,12,多平,S,7026.0000,0.0000,0.0000,0.0000,0.0000,7030.0000,0.0000,0.0000,0.0000,0.0000,3,0,0,0,0,15,0,0,0,0
zc,TA301,2012-06-13 09:00:15.323,7028.0000,146962,-16,0.0000,52.0000,18,34,空平,B,7026.0000,0.0000,0.0000,0.0000,0.0000,7028.0000,0.0000,0.0000,0.0000,0.0000,2,0,0,0,0,2,0,0,0,0
zc,TA301,2012-06-13 09:00:15.823,7026.0000,146936,-26,0.0000,28.0000,1,27,多平,S,7026.0000,0.0000,0.0000,0.0000,0.0000,7028.0000,0.0000,0.0000,0.0000,0.0000,10,0,0,0,0,1,0,0,0,0
zc,TA301,2012-06-13 09:00:16.587,7026.0000,146934,-2,0.0000,6.0000,2,4,多平,S,7028.0000,0.0000,0.0000,0.0000,0.0000,7030.0000,0.0000,0.0000,0.0000,0.0000,6,0,0,0,0,13,0,0,0,0
zc,TA301,2012-06-13 09:00:17.073,7028.0000,146924,-10,0.0000,10.0000,0,10,双平,B,7028.0000,0.0000,0.0000,0.0000,0.0000,7030.0000,0.0000,0.0000,0.0000,0.0000,2,0,0,0,0,23,0,0,0,0
zc,TA301,2012-06-13 09:00:17.807,7028.0000,146910,-14,0.0000,22.0000,4,18,空平,B,7028.0000,0.0000,0.0000,0.0000,0.0000,7030.0000,0.0000,0.0000,0.0000,0.0000,6,0,0,0,0,12,0,0,0,0
zc,TA301,2012-06-13 09:00:18.323,7028.0000,146898,-12,0.0000,12.0000,0,12,双平,B,7028.0000,0.0000,0.0000,0.0000,0.0000,7030.0000,0.0000,0.0000,0.0000,0.0000,10,0,0,0,0,12,0,0,0,0
zc,TA301,2012-06-13 09:00:19.073,7028.0000,146896,-2,0.0000,2.0000,0,2,双平,B,7028.0000,0.0000,0.0000,0.0000,0.0000,7030.0000,0.0000,0.0000,0.0000,0.0000,9,0,0,0,0,12,0,0,0,0
zc,TA301,2012-06-13 09:00:19.557,7030.0000,146888,-8,0.0000,36.0000,14,22,空平,B,7030.0000,0.0000,0.0000,0.0000,0.0000,7032.0000,0.0000,0.0000,0.0000,0.0000,5,0,0,0,0,5,0,0,0,0
zc,TA301,2012-06-13 09:00:20.290,7032.0000,146888,0,0.0000,4.0000,2,2,多换,B,7030.0000,0.0000,0.0000,0.0000,0.0000,7032.0000,0.0000,0.0000,0.0000,0.0000,7,0,0,0,0,3,0,0,0,0
zc,TA301,2012-06-13 09:00:21.073,7030.0000,146888,0,0.0000,26.0000,13,13,空换,S,7030.0000,0.0000,0.0000,0.0000,0.0000,7032.0000,0.0000,0.0000,0.0000,0.0000,7,0,0,0,0,2,0,0,0,0
zc,TA301,2012-06-13 09:00:21.807,7030.0000,146892,4,0.0000,16.0000,10,6,空开,S,7030.0000,0.0000,0.0000,0.0000,0.0000,7034.0000,0.0000,0.0000,0.0000,0.0000,3,0,0,0,0,78,0,0,0,0
zc,TA301,2012-06-13 09:00:22.603,7032.0000,146892,0,0.0000,2.0000,1,1,多换,B,7030.0000,0.0000,0.0000,0.0000,0.0000,7032.0000,0.0000,0.0000,0.0000,0.0000,3,0,0,0,0,7,0,0,0,0
zc,TA301,2012-06-13 09:00:23.103,7030.0000,146902,10,0.0000,10.0000,10,0,双开,S,7028.0000,0.0000,0.0000,0.0000,0.0000,7032.0000,0.0000,0.0000,0.0000,0.0000,9,0,0,0,0,2,0,0,0,0
zc,TA301,2012-06-13 09:00:23.790,7030.0000,146922,20,0.0000,20.0000,20,0,双开,S,7030.0000,0.0000,0.0000,0.0000,0.0000,7032.0000,0.0000,0.0000,0.0000,0.0000,4,0,0,0,0,8,0,0,0,0
zc,TA301,2012-06-13 09:00:24.527,7032.0000,146928,6,0.0000,6.0000,6,0,双开,B,7030.0000,0.0000,0.0000,0.0000,0.0000,7032.0000,0.0000,0.0000,0.0000,0.0000,5,0,0,0,0,6,0,0,0,0
zc,TA301,2012-06-13 09:00:25.040,7030.0000,146940,12,0.0000,14.0000,13,1,空开,S,7028.0000,0.0000,0.0000,0.0000,0.0000,7030.0000,0.0000,0.0000,0.0000,0.0000,9,0,0,0,0,17,0,0,0,0
zc,TA301,2012-06-13 09:00:25.527,7030.0000,146946,6,0.0000,6.0000,6,0,双开,S,7028.0000,0.0000,0.0000,0.0000,0.0000,7030.0000,0.0000,0.0000,0.0000,0.0000,9,0,0,0,0,22,0,0,0,0
zc,TA301,2012-06-13 09:00:26.777,7028.0000,146950,4,0.0000,6.0000,5,1,空开,S,7028.0000,0.0000,0.0000,0.0000,0.0000,7030.0000,0.0000,0.0000,0.0000,0.0000,5,0,0,0,0,22,0,0,0,0
zc,TA301,2012-06-13 09:00:27.290,7030.0000,146962,12,0.0000,14.0000,13,1,多开,B,7028.0000,0.0000,0.0000,0.0000,0.0000,7030.0000,0.0000,0.0000,0.0000,0.0000,18,0,0,0,0,17,0,0,0,0
zc,TA301,2012-06-13 09:00:28.040,7030.0000,146964,2,0.0000,2.0000,2,0,双开,B,7028.0000,0.0000,0.0000,0.0000,0.0000,7030.0000,0.0000,0.0000,0.0000,0.0000,18,0,0,0,0,16,0,0,0,0
zc,TA301,2012-06-13 09:00:28.760,7030.0000,146964,0,0.0000,0.0000,0,0,多换,B,7028.0000,0.0000,0.0000,0.0000,0.0000,7030.0000,0.0000,0.0000,0.0000,0.0000,19,0,0,0,0,21,0,0,0,0
zc,TA301,2012-06-13 09:00:29.587,7028.0000,146970,6,0.0000,8.0000,7,1,空开,S,7028.0000,0.0000,0.0000,0.0000,0.0000,7030.0000,0.0000,0.0000,0.0000,0.0000,19,0,0,0,0,22,0,0,0,0
zc,TA301,2012-06-13 09:00:30.027,7030.0000,146974,4,0.0000,4.0000,4,0,双开,B,7028.0000,0.0000,0.0000,0.0000,0.0000,7030.0000,0.0000,0.0000,0.0000,0.0000,19,0,0,0,0,20,0,0,0,0
zc,TA301,2012-06-13 09:00:30.790,7030.0000,146992,18,0.0000,18.0000,18,0,双开,B,7028.0000,0.0000,0.0000,0.0000,0.0000,7030.0000,0.0000,0.0000,0.0000,0.0000,14,0,0,0,0,18,0,0,0,0
zc,TA301,2012-06-13 09:00:32.040,7028.0000,147018,26,0.0000,36.0000,31,5,空开,S,7026.0000,0.0000,0.0000,0.0000,0.0000,7028.0000,0.0000,0.0000,0.0000,0.0000,7,0,0,0,0,11,0,0,0,0
zc,TA301,2012-06-13 09:00:32.603,7028.0000,147026,8,0.0000,28.0000,18,10,空开,S,7026.0000,0.0000,0.0000,0.0000,0.0000,7028.0000,0.0000,0.0000,0.0000,0.0000,7,0,0,0,0,20,0,0,0,0
zc,TA301,2012-06-13 09:00:33.290,7026.0000,147022,-4,0.0000,14.0000,5,9,多平,S,7024.0000,0.0000,0.0000,0.0000,0.0000,7026.0000,0.0000,0.0000,0.0000,0.0000,2,0,0,0,0,6,0,0,0,0
zc,TA301,2012-06-13 09:00:33.807,7024.0000,147026,4,0.0000,8.0000,6,2,空开,S,7022.0000,0.0000,0.0000,0.0000,0.0000,7024.0000,0.0000,0.0000,0.0000,0.0000,21,0,0,0,0,28,0,0,0,0
zc,TA301,2012-06-13 09:00:34.573,7024.0000,147034,8,0.0000,10.0000,9,1,空开,S,7022.0000,0.0000,0.0000,0.0000,0.0000,7024.0000,0.0000,0.0000,0.0000,0.0000,14,0,0,0,0,24,0,0,0,0
zc,TA301,2012-06-13 09:00:35.040,7020.0000,147072,38,0.0000,40.0000,39,1,空开,S,7020.0000,0.0000,0.0000,0.0000,0.0000,7026.0000,0.0000,0.0000,0.0000,0.0000,164,0,0,0,0,4,0,0,0,0
zc,TA301,2012-06-13 09:00:35.527,7020.0000,147072,0,0.0000,0.0000,0,0,空换,S,7020.0000,0.0000,0.0000,0.0000,0.0000,7022.0000,0.0000,0.0000,0.0000,0.0000,164,0,0,0,0,3,0,0,0,0
zc,TA301,2012-06-13 09:00:36.323,7022.0000,147076,4,0.0000,8.0000,6,2,多开,B,7020.0000,0.0000,0.0000,0.0000,0.0000,7022.0000,0.0000,0.0000,0.0000,0.0000,164,0,0,0,0,5,0,0,0,0
zc,TA301,2012-06-13 09:00:36.837,7020.0000,147068,-8,0.0000,22.0000,7,15,多平,S,7020.0000,0.0000,0.0000,0.0000,0.0000,7026.0000,0.0000,0.0000,0.0000,0.0000,152,0,0,0,0,1,0,0,0,0
zc,TA301,2012-06-13 09:00:37.323,7022.0000,147054,-14,0.0000,18.0000,2,16,空平,B,7020.0000,0.0000,0.0000,0.0000,0.0000,7022.0000,0.0000,0.0000,0.0000,0.0000,152,0,0,0,0,3,0,0,0,0
zc,TA301,2012-06-13 09:00:37.823,7020.0000,147154,100,0.0000,102.0000,101,1,空开,S,7020.0000,0.0000,0.0000,0.0000,0.0000,7022.0000,0.0000,0.0000,0.0000,0.0000,101,0,0,0,0,3,0,0,0,0
zc,TA301,2012-06-13 09:00:38.557,7022.0000,147154,0,0.0000,4.0000,2,2,多换,B,7020.0000,0.0000,0.0000,0.0000,0.0000,7022.0000,0.0000,0.0000,0.0000,0.0000,101,0,0,0,0,1,0,0,0,0
zc,TA301,2012-06-13 09:00:39.057,7022.0000,147154,0,0.0000,2.0000,1,1,多换,B,7020.0000,0.0000,0.0000,0.0000,0.0000,7024.0000,0.0000,0.0000,0.0000,0.0000,103,0,0,0,0,42,0,0,0,0
zc,TA301,2012-06-13 09:00:40.103,7022.0000,147162,8,0.0000,8.0000,8,0,双开,B,7022.0000,0.0000,0.0000,0.0000,0.0000,7024.0000,0.0000,0.0000,0.0000,0.0000,2,0,0,0,0,41,0,0,0,0
zc,TA301,2012-06-13 09:00:40.493,7024.0000,147162,0,0.0000,2.0000,1,1,多换,B,7022.0000,0.0000,0.0000,0.0000,0.0000,7024.0000,0.0000,0.0000,0.0000,0.0000,4,0,0,0,0,40,0,0,0,0
zc,TA301,2012-06-13 09:00:41.323,7020.0000,147158,-4,0.0000,28.0000,12,16,多平,S,7020.0000,0.0000,0.0000,0.0000,0.0000,7024.0000,0.0000,0.0000,0.0000,0.0000,98,0,0,0,0,37,0,0,0,0
zc,TA301,2012-06-13 09:00:41.790,7024.0000,147158,0,0.0000,46.0000,23,23,多换,B,7022.0000,0.0000,0.0000,0.0000,0.0000,7024.0000,0.0000,0.0000,0.0000,0.0000,72,0,0,0,0,15,0,0,0,0
zc,TA301,2012-06-13 09:00:42.493,7022.0000,147154,-4,0.0000,22.0000,9,13,多平,S,7022.0000,0.0000,0.0000,0.0000,0.0000,7024.0000,0.0000,0.0000,0.0000,0.0000,62,0,0,0,0,16,0,0,0,0
zc,TA301,2012-06-13 09:00:43.040,7022.0000,147154,0,0.0000,0.0000,0,0,空换,S,7022.0000,0.0000,0.0000,0.0000,0.0000,7024.0000,0.0000,0.0000,0.0000,0.0000,63,0,0,0,0,16,0,0,0,0
zc,TA301,2012-06-13 09:00:44.087,7024.0000,147156,2,0.0000,2.0000,2,0,双开,B,7022.0000,0.0000,0.0000,0.0000,0.0000,7024.0000,0.0000,0.0000,0.0000,0.0000,63,0,0,0,0,16,0,0,0,0
zc,TA301,2012-06-13 09:00:44.557,7024.0000,147156,0,0.0000,0.0000,0,0,多换,B,7022.0000,0.0000,0.0000,0.0000,0.0000,7024.0000,0.0000,0.0000,0.0000,0.0000,15,0,0,0,0,17,0,0,0,0
zc,TA301,2012-06-13 09:00:45.307,7022.0000,147162,6,0.0000,38.0000,22,16,空开,S,7020.0000,0.0000,0.0000,0.0000,0.0000,7022.0000,0.0000,0.0000,0.0000,0.0000,132,0,0,0,0,15,0,0,0,0
zc,TA301,2012-06-13 09:00:45.790,7022.0000,147162,0,0.0000,8.0000,4,4,空换,S,7020.0000,0.0000,0.0000,0.0000,0.0000,7022.0000,0.0000,0.0000,0.0000,0.0000,132,0,0,0,0,12,0,0,0,0
zc,TA301,2012-06-13 09:00:46.307,7022.0000,147162,0,0.0000,2.0000,1,1,空换,S,7020.0000,0.0000,0.0000,0.0000,0.0000,7022.0000,0.0000,0.0000,0.0000,0.0000,132,0,0,0,0,13,0,0,0,0
zc,TA301,2012-06-13 09:00:46.823,7022.0000,147166,4,0.0000,6.0000,5,1,空开,S,7020.0000,0.0000,0.0000,0.0000,0.0000,7022.0000,0.0000,0.0000,0.0000,0.0000,132,0,0,0,0,18,0,0,0,0
zc,TA301,2012-06-13 09:00:47.323,7022.0000,147168,2,0.0000,2.0000,2,0,双开,S,7020.0000,0.0000,0.0000,0.0000,0.0000,7022.0000,0.0000,0.0000,0.0000,0.0000,132,0,0,0,0,18,0,0,0,0
zc,TA301,2012-06-13 09:00:48.057,7020.0000,147178,10,0.0000,10.0000,10,0,双开,S,7020.0000,0.0000,0.0000,0.0000,0.0000,7022.0000,0.0000,0.0000,0.0000,0.0000,127,0,0,0,0,15,0,0,0,0
zc,TA301,2012-06-13 09:00:48.853,7020.0000,147186,8,0.0000,16.0000,12,4,空开,S,7020.0000,0.0000,0.0000,0.0000,0.0000,7022.0000,0.0000,0.0000,0.0000,0.0000,132,0,0,0,0,19,0,0,0,0
zc,TA301,2012-06-13 09:00:49.323,7020.0000,147384,198,0.0000,274.0000,236,38,空开,S,7020.0000,0.0000,0.0000,0.0000,0.0000,7022.0000,0.0000,0.0000,0.0000,0.0000,8,0,0,0,0,35,0,0,0,0
zc,TA301,2012-06-13 09:00:50.307,7020.0000,147426,42,0.0000,44.0000,43,1,空开,S,7018.0000,0.0000,0.0000,0.0000,0.0000,7020.0000,0.0000,0.0000,0.0000,0.0000,4,0,0,0,0,23,0,0,0,0
zc,TA301,2012-06-13 09:00:50.887,7018.0000,147432,6,0.0000,8.0000,7,1,空开,S,7016.0000,0.0000,0.0000,0.0000,0.0000,7018.0000,0.0000,0.0000,0.0000,0.0000,1,0,0,0,0,2,0,0,0,0
zc,TA301,2012-06-13 09:00:51.527,7018.0000,147432,0,0.0000,0.0000,0,0,空换,S,7016.0000,0.0000,0.0000,0.0000,0.0000,7018.0000,0.0000,0.0000,0.0000,0.0000,1,0,0,0,0,14,0,0,0,0
zc,TA301,2012-06-13 09:00:52.040,7016.0000,147432,0,0.0000,36.0000,18,18,空换,S,7014.0000,0.0000,0.0000,0.0000,0.0000,7016.0000,0.0000,0.0000,0.0000,0.0000,20,0,0,0,0,2,0,0,0,0
zc,TA301,2012-06-13 09:00:52.760,7016.0000,147428,-4,0.0000,4.0000,0,4,双平,S,7014.0000,0.0000,0.0000,0.0000,0.0000,7018.0000,0.0000,0.0000,0.0000,0.0000,18,0,0,0,0,4,0,0,0,0
zc,TA301,2012-06-13 09:00:53.277,7016.0000,147426,-2,0.0000,4.0000,1,3,多平,S,7016.0000,0.0000,0.0000,0.0000,0.0000,7018.0000,0.0000,0.0000,0.0000,0.0000,1,0,0,0,0,4,0,0,0,0
zc,TA301,2012-06-13 09:00:54.087,7018.0000,147422,-4,0.0000,48.0000,22,26,空平,B,7018.0000,0.0000,0.0000,0.0000,0.0000,7020.0000,0.0000,0.0000,0.0000,0.0000,2,0,0,0,0,53,0,0,0,0
zc,TA301,2012-06-13 09:00:54.573,7018.0000,147422,0,0.0000,4.0000,2,2,多换,B,7016.0000,0.0000,0.0000,0.0000,0.0000,7020.0000,0.0000,0.0000,0.0000,0.0000,1,0,0,0,0,72,0,0,0,0
zc,TA301,2012-06-13 09:00:55.370,7018.0000,147422,0,0.0000,0.0000,0,0,多换,B,7016.0000,0.0000,0.0000,0.0000,0.0000,7018.0000,0.0000,0.0000,0.0000,0.0000,2,0,0,0,0,19,0,0,0,0
zc,TA301,2012-06-13 09:00:56.493,7018.0000,147430,8,0.0000,10.0000,9,1,多开,B,7016.0000,0.0000,0.0000,0.0000,0.0000,7018.0000,0.0000,0.0000,0.0000,0.0000,2,0,0,0,0,14,0,0,0,0
zc,TA301,2012-06-13 09:00:57.040,7014.0000,147428,-2,0.0000,14.0000,6,8,多平,S,7012.0000,0.0000,0.0000,0.0000,0.0000,7016.0000,0.0000,0.0000,0.0000,0.0000,20,0,0,0,0,7,0,0,0,0
zc,TA301,2012-06-13 09:00:57.777,7014.0000,147418,-10,0.0000,16.0000,3,13,多平,S,7012.0000,0.0000,0.0000,0.0000,0.0000,7016.0000,0.0000,0.0000,0.0000,0.0000,20,0,0,0,0,2,0,0,0,0
zc,TA301,2012-06-13 09:00:58.603,7016.0000,147418,0,0.0000,2.0000,1,1,多换,B,7012.0000,0.0000,0.0000,0.0000,0.0000,7016.0000,0.0000,0.0000,0.0000,0.0000,3,0,0,0,0,11,0,0,0,0
zc,TA301,2012-06-13 09:00:59.120,7016.0000,147416,-2,0.0000,22.0000,10,12,空平,B,7016.0000,0.0000,0.0000,0.0000,0.0000,7018.0000,0.0000,0.0000,0.0000,0.0000,12,0,0,0,0,5,0,0,0,0
zc,TA301,2012-06-13 09:01:00.103,7016.0000,147444,28,0.0000,34.0000,31,3,多开,B,7014.0000,0.0000,0.0000,0.0000,0.0000,7016.0000,0.0000,0.0000,0.0000,0.0000,1,0,0,0,0,10,0,0,0,0
zc,TA301,2012-06-13 09:01:00.807,7014.0000,147450,6,0.0000,6.0000,6,0,双开,S,7012.0000,0.0000,0.0000,0.0000,0.0000,7014.0000,0.0000,0.0000,0.0000,0.0000,3,0,0,0,0,1,0,0,0,0
zc,TA301,2012-06-13 09:01:01.307,7018.0000,147448,-2,0.0000,182.0000,90,92,空平,B,7018.0000,0.0000,0.0000,0.0000,0.0000,7020.0000,0.0000,0.0000,0.0000,0.0000,11,0,0,0,0,58,0,0,0,0
zc,TA301,2012-06-13 09:01:02.087,7016.0000,147452,4,0.0000,26.0000,15,11,空开,S,7012.0000,0.0000,0.0000,0.0000,0.0000,7016.0000,0.0000,0.0000,0.0000,0.0000,3,0,0,0,0,3,0,0,0,0
zc,TA301,2012-06-13 09:01:02.573,7010.0000,147458,6,0.0000,18.0000,12,6,空开,S,7010.0000,0.0000,0.0000,0.0000,0.0000,7014.0000,0.0000,0.0000,0.0000,0.0000,229,0,0,0,0,1,0,0,0,0
zc,TA301,2012-06-13 09:01:03.307,7012.0000,147460,2,0.0000,2.0000,2,0,双开,B,7010.0000,0.0000,0.0000,0.0000,0.0000,7012.0000,0.0000,0.0000,0.0000,0.0000,215,0,0,0,0,24,0,0,0,0
zc,TA301,2012-06-13 09:01:03.760,7012.0000,147468,8,0.0000,10.0000,9,1,多开,B,7010.0000,0.0000,0.0000,0.0000,0.0000,7012.0000,0.0000,0.0000,0.0000,0.0000,214,0,0,0,0,20,0,0,0,0
zc,TA301,2012-06-13 09:01:05.103,7012.0000,147472,4,0.0000,4.0000,4,0,双开,B,7010.0000,0.0000,0.0000,0.0000,0.0000,7012.0000,0.0000,0.0000,0.0000,0.0000,214,0,0,0,0,19,0,0,0,0
zc,TA301,2012-06-13 09:01:05.527,7012.0000,147474,2,0.0000,6.0000,4,2,多开,B,7010.0000,0.0000,0.0000,0.0000,0.0000,7012.0000,0.0000,0.0000,0.0000,0.0000,214,0,0,0,0,16,0,0,0,0
zc,TA301,2012-06-13 09:01:06.290,7010.0000,147486,12,0.0000,122.0000,67,55,空开,S,7010.0000,0.0000,0.0000,0.0000,0.0000,7012.0000,0.0000,0.0000,0.0000,0.0000,157,0,0,0,0,16,0,0,0,0
zc,TA301,2012-06-13 09:01:06.837,7010.0000,147498,12,0.0000,322.0000,167,155,空开,S,7008.0000,0.0000,0.0000,0.0000,0.0000,7010.0000,0.0000,0.0000,0.0000,0.0000,1,0,0,0,0,73,0,0,0,0
zc,TA301,2012-06-13 09:01:07.540,7008.0000,147510,12,0.0000,14.0000,13,1,空开,S,7004.0000,0.0000,0.0000,0.0000,0.0000,7008.0000,0.0000,0.0000,0.0000,0.0000,207,0,0,0,0,6,0,0,0,0
zc,TA301,2012-06-13 09:01:08.057,7010.0000,147534,24,0.0000,24.0000,24,0,双开,B,7004.0000,0.0000,0.0000,0.0000,0.0000,7008.0000,0.0000,0.0000,0.0000,0.0000,207,0,0,0,0,21,0,0,0,0
zc,TA301,2012-06-13 09:01:08.790,7008.0000,147546,12,0.0000,12.0000,12,0,双开,S,7004.0000,0.0000,0.0000,0.0000,0.0000,7008.0000,0.0000,0.0000,0.0000,0.0000,207,0,0,0,0,15,0,0,0,0
zc,TA301,2012-06-13 09:01:09.120,7006.0000,147546,0,0.0000,18.0000,9,9,空换,S,7006.0000,0.0000,0.0000,0.0000,0.0000,7008.0000,0.0000,0.0000,0.0000,0.0000,11,0,0,0,0,29,0,0,0,0
zc,TA301,2012-06-13 09:01:09.823,7006.0000,147562,16,0.0000,42.0000,29,13,空开,S,7004.0000,0.0000,0.0000,0.0000,0.0000,7006.0000,0.0000,0.0000,0.0000,0.0000,203,0,0,0,0,1,0,0,0,0
zc,TA301,2012-06-13 09:01:10.260,7004.0000,147562,0,0.0000,110.0000,55,55,空换,S,7004.0000,0.0000,0.0000,0.0000,0.0000,7006.0000,0.0000,0.0000,0.0000,0.0000,150,0,0,0,0,9,0,0,0,0
zc,TA301,2012-06-13 09:01:11.323,7000.0000,147698,136,0.0000,432.0000,284,148,空开,S,7000.0000,0.0000,0.0000,0.0000,0.0000,7002.0000,0.0000,0.0000,0.0000,0.0000,80,0,0,0,0,6,0,0,0,0
zc,TA301,2012-06-13 09:01:11.493,7002.0000,147760,62,0.0000,292.0000,177,115,多开,B,7000.0000,0.0000,0.0000,0.0000,0.0000,7002.0000,0.0000,0.0000,0.0000,0.0000,41,0,0,0,0,7,0,0,0,0
zc,TA301,2012-06-13 09:01:12.277,6996.0000,147846,86,0.0000,86.0000,86,0,双开,S,6992.0000,0.0000,0.0000,0.0000,0.0000,6994.0000,0.0000,0.0000,0.0000,0.0000,82,0,0,0,0,2,0,0,0,0
zc,TA301,2012-06-13 09:01:13.087,6992.0000,147850,4,0.0000,136.0000,70,66,空开,S,6994.0000,0.0000,0.0000,0.0000,0.0000,6998.0000,0.0000,0.0000,0.0000,0.0000,1,0,0,0,0,6,0,0,0,0
zc,TA301,2012-06-13 09:01:13.823,6992.0000,147854,4,0.0000,16.0000,10,6,空开,S,6992.0000,0.0000,0.0000,0.0000,0.0000,6998.0000,0.0000,0.0000,0.0000,0.0000,31,0,0,0,0,23,0,0,0,0
zc,TA301,2012-06-13 09:01:14.353,6992.0000,147848,-6,0.0000,16.0000,5,11,多平,S,6992.0000,0.0000,0.0000,0.0000,0.0000,6994.0000,0.0000,0.0000,0.0000,0.0000,36,0,0,0,0,12,0,0,0,0
zc,TA301,2012-06-13 09:01:15.353,7000.0000,147848,0,0.0000,94.0000,47,47,多换,B,6992.0000,0.0000,0.0000,0.0000,0.0000,7000.0000,0.0000,0.0000,0.0000,0.0000,37,0,0,0,0,20,0,0,0,0
zc,TA301,2012-06-13 09:01:15.777,6992.0000,147842,-6,0.0000,18.0000,6,12,多平,S,6992.0000,0.0000,0.0000,0.0000,0.0000,7000.0000,0.0000,0.0000,0.0000,0.0000,34,0,0,0,0,24,0,0,0,0
zc,TA301,2012-06-13 09:01:16.527,6992.0000,147842,0,0.0000,6.0000,3,3,空换,S,6994.0000,0.0000,0.0000,0.0000,0.0000,7000.0000,0.0000,0.0000,0.0000,0.0000,20,0,0,0,0,24,0,0,0,0
zc,TA301,2012-06-13 09:01:17.027,7000.0000,147842,0,0.0000,12.0000,6,6,多换,B,6996.0000,0.0000,0.0000,0.0000,0.0000,7000.0000,0.0000,0.0000,0.0000,0.0000,5,0,0,0,0,21,0,0,0,0
zc,TA301,2012-06-13 09:01:18.277,7000.0000,147844,2,0.0000,4.0000,3,1,多开,B,6996.0000,0.0000,0.0000,0.0000,0.0000,7000.0000,0.0000,0.0000,0.0000,0.0000,5,0,0,0,0,20,0,0,0,0
zc,TA301,2012-06-13 09:01:19.073,7000.0000,147834,-10,0.0000,44.0000,17,27,空平,B,6994.0000,0.0000,0.0000,0.0000,0.0000,7002.0000,0.0000,0.0000,0.0000,0.0000,33,0,0,0,0,7,0,0,0,0
zc,TA301,2012-06-13 09:01:19.493,7000.0000,147836,2,0.0000,18.0000,10,8,多开,B,6994.0000,0.0000,0.0000,0.0000,0.0000,7000.0000,0.0000,0.0000,0.0000,0.0000,73,0,0,0,0,1,0,0,0,0
zc,TA301,2012-06-13 09:01:20.277,6994.0000,147840,4,0.0000,6.0000,5,1,空开,S,6994.0000,0.0000,0.0000,0.0000,0.0000,7000.0000,0.0000,0.0000,0.0000,0.0000,76,0,0,0,0,1,0,0,0,0
zc,TA301,2012-06-13 09:01:20.790,7000.0000,147838,-2,0.0000,18.0000,8,10,空平,B,6996.0000,0.0000,0.0000,0.0000,0.0000,6998.0000,0.0000,0.0000,0.0000,0.0000,1,0,0,0,0,11,0,0,0,0
zc,TA301,2012-06-13 09:01:21.540,6994.0000,147776,-62,0.0000,228.0000,83,145,多平,S,6994.0000,0.0000,0.0000,0.0000,0.0000,6998.0000,0.0000,0.0000,0.0000,0.0000,5,0,0,0,0,9,0,0,0,0
zc,TA301,2012-06-13 09:01:22.040,6994.0000,147776,0,0.0000,0.0000,0,0,空换,S,6994.0000,0.0000,0.0000,0.0000,0.0000,6996.0000,0.0000,0.0000,0.0000,0.0000,25,0,0,0,0,1,0,0,0,0
zc,TA301,2012-06-13 09:01:22.837,6996.0000,147778,2,0.0000,2.0000,2,0,双开,B,6994.0000,0.0000,0.0000,0.0000,0.0000,6998.0000,0.0000,0.0000,0.0000,0.0000,35,0,0,0,0,17,0,0,0,0
zc,TA301,2012-06-13 09:01:23.290,6996.0000,147784,6,0.0000,22.0000,14,8,多开,B,6996.0000,0.0000,0.0000,0.0000,0.0000,7000.0000,0.0000,0.0000,0.0000,0.0000,17,0,0,0,0,9,0,0,0,0
zc,TA301,2012-06-13 09:01:24.027,6996.0000,147782,-2,0.0000,6.0000,2,4,空平,B,6998.0000,0.0000,0.0000,0.0000,0.0000,7000.0000,0.0000,0.0000,0.0000,0.0000,1,0,0,0,0,10,0,0,0,0
zc,TA301,2012-06-13 09:01:24.823,7000.0000,147784,2,0.0000,6.0000,4,2,多开,B,6998.0000,0.0000,0.0000,0.0000,0.0000,7002.0000,0.0000,0.0000,0.0000,0.0000,9,0,0,0,0,10,0,0,0,0
zc,TA301,2012-06-13 09:01:25.057,7000.0000,147784,0,0.0000,0.0000,0,0,多换,B,7000.0000,0.0000,0.0000,0.0000,0.0000,7002.0000,0.0000,0.0000,0.0000,0.0000,8,0,0,0,0,2,0,0,0,0
zc,TA301,2012-06-13 09:01:25.807,7002.0000,147788,4,0.0000,6.0000,5,1,多开,B,7002.0000,0.0000,0.0000,0.0000,0.0000,7004.0000,0.0000,0.0000,0.0000,0.0000,25,0,0,0,0,13,0,0,0,0
zc,TA301,2012-06-13 09:01:26.277,7002.0000,147796,8,0.0000,8.0000,8,0,双开,B,7002.0000,0.0000,0.0000,0.0000,0.0000,7004.0000,0.0000,0.0000,0.0000,0.0000,21,0,0,0,0,13,0,0,0,0
zc,TA301,2012-06-13 09:01:27.027,7004.0000,147806,10,0.0000,22.0000,16,6,多开,B,7002.0000,0.0000,0.0000,0.0000,0.0000,7004.0000,0.0000,0.0000,0.0000,0.0000,12,0,0,0,0,11,0,0,0,0
zc,TA301,2012-06-13 09:01:27.493,7002.0000,147806,0,0.0000,12.0000,6,6,空换,S,7002.0000,0.0000,0.0000,0.0000,0.0000,7004.0000,0.0000,0.0000,0.0000,0.0000,6,0,0,0,0,11,0,0,0,0
zc,TA301,2012-06-13 09:01:28.260,7004.0000,147820,14,0.0000,26.0000,20,6,多开,B,7002.0000,0.0000,0.0000,0.0000,0.0000,7006.0000,0.0000,0.0000,0.0000,0.0000,5,0,0,0,0,7,0,0,0,0
zc,TA301,2012-06-13 09:01:28.807,7004.0000,147822,2,0.0000,2.0000,2,0,双开,B,7000.0000,0.0000,0.0000,0.0000,0.0000,7002.0000,0.0000,0.0000,0.0000,0.0000,26,0,0,0,0,53,0,0,0,0
zc,TA301,2012-06-13 09:01:29.260,7002.0000,147822,0,0.0000,42.0000,21,21,空换,S,7000.0000,0.0000,0.0000,0.0000,0.0000,7002.0000,0.0000,0.0000,0.0000,0.0000,6,0,0,0,0,32,0,0,0,0
zc,TA301,2012-06-13 09:01:30.010,7002.0000,147868,46,0.0000,54.0000,50,4,空开,S,7000.0000,0.0000,0.0000,0.0000,0.0000,7002.0000,0.0000,0.0000,0.0000,0.0000,2,0,0,0,0,5,0,0,0,0
zc,TA301,2012-06-13 09:01:30.527,7002.0000,147876,8,0.0000,10.0000,9,1,空开,S,7002.0000,0.0000,0.0000,0.0000,0.0000,7004.0000,0.0000,0.0000,0.0000,0.0000,1,0,0,0,0,1,0,0,0,0
zc,TA301,2012-06-13 09:01:31.790,7002.0000,147876,0,0.0000,0.0000,0,0,空换,S,7002.0000,0.0000,0.0000,0.0000,0.0000,7004.0000,0.0000,0.0000,0.0000,0.0000,3,0,0,0,0,21,0,0,0,0
zc,TA301,2012-06-13 09:01:32.557,7004.0000,147822,-54,0.0000,58.0000,2,56,空平,B,7004.0000,0.0000,0.0000,0.0000,0.0000,7006.0000,0.0000,0.0000,0.0000,0.0000,15,0,0,0,0,6,0,0,0,0
zc,TA301,2012-06-13 09:01:32.760,7004.0000,147822,0,0.0000,30.0000,15,15,多换,B,7002.0000,0.0000,0.0000,0.0000,0.0000,7006.0000,0.0000,0.0000,0.0000,0.0000,15,0,0,0,0,7,0,0,0,0
zc,TA301,2012-06-13 09:01:33.540,7004.0000,147822,0,0.0000,0.0000,0,0,多换,B,7002.0000,0.0000,0.0000,0.0000,0.0000,7004.0000,0.0000,0.0000,0.0000,0.0000,16,0,0,0,0,3,0,0,0,0
zc,TA301,2012-06-13 09:01:34.027,7006.0000,147824,2,0.0000,8.0000,5,3,多开,B,7002.0000,0.0000,0.0000,0.0000,0.0000,7006.0000,0.0000,0.0000,0.0000,0.0000,17,0,0,0,0,6,0,0,0,0
zc,TA301,2012-06-13 09:01:34.743,7006.0000,147824,0,0.0000,0.0000,0,0,多换,B,7004.0000,0.0000,0.0000,0.0000,0.0000,7006.0000,0.0000,0.0000,0.0000,0.0000,1,0,0,0,0,6,0,0,0,0
zc,TA301,2012-06-13 09:01:35.277,7004.0000,147826,2,0.0000,2.0000,2,0,双开,S,7002.0000,0.0000,0.0000,0.0000,0.0000,7006.0000,0.0000,0.0000,0.0000,0.0000,18,0,0,0,0,7,0,0,0,0
zc,TA301,2012-06-13 09:01:36.027,7006.0000,147832,6,0.0000,8.0000,7,1,多开,B,7002.0000,0.0000,0.0000,0.0000,0.0000,7006.0000,0.0000,0.0000,0.0000,0.0000,19,0,0,0,0,13,0,0,0,0
zc,TA301,2012-06-13 09:01:36.540,7006.0000,147832,0,0.0000,0.0000,0,0,多换,B,7002.0000,0.0000,0.0000,0.0000,0.0000,7004.0000,0.0000,0.0000,0.0000,0.0000,19,0,0,0,0,10,0,0,0,0
zc,TA301,2012-06-13 09:01:37.807,7004.0000,147812,-20,0.0000,28.0000,4,24,多平,S,7002.0000,0.0000,0.0000,0.0000,0.0000,7004.0000,0.0000,0.0000,0.0000,0.0000,16,0,0,0,0,1,0,0,0,0
zc,TA301,2012-06-13 09:01:38.277,7004.0000,147822,10,0.0000,14.0000,12,2,空开,S,7004.0000,0.0000,0.0000,0.0000,0.0000,7006.0000,0.0000,0.0000,0.0000,0.0000,1,0,0,0,0,11,0,0,0,0
zc,TA301,2012-06-13 09:01:39.103,7004.0000,147842,20,0.0000,78.0000,49,29,空开,S,7002.0000,0.0000,0.0000,0.0000,0.0000,7004.0000,0.0000,0.0000,0.0000,0.0000,2,0,0,0,0,1,0,0,0,0
zc,TA301,2012-06-13 09:01:39.557,7006.0000,147842,0,0.0000,22.0000,11,11,多换,B,7002.0000,0.0000,0.0000,0.0000,0.0000,7006.0000,0.0000,0.0000,0.0000,0.0000,2,0,0,0,0,25,0,0,0,0
zc,TA301,2012-06-13 09:01:40.277,7004.0000,147850,8,0.0000,8.0000,8,0,双开,S,7004.0000,0.0000,0.0000,0.0000,0.0000,7006.0000,0.0000,0.0000,0.0000,0.0000,1,0,0,0,0,13,0,0,0,0
zc,TA301,2012-06-13 09:01:40.790,7004.0000,147850,0,0.0000,0.0000,0,0,空换,S,7004.0000,0.0000,0.0000,0.0000,0.0000,7006.0000,0.0000,0.0000,0.0000,0.0000,2,0,0,0,0,6,0,0,0,0
zc,TA301,2012-06-13 09:01:41.587,7004.0000,147856,6,0.0000,6.0000,6,0,双开,S,7002.0000,0.0000,0.0000,0.0000,0.0000,7004.0000,0.0000,0.0000,0.0000,0.0000,12,0,0,0,0,3,0,0,0,0
zc,TA301,2012-06-13 09:01:42.760,7004.0000,147860,4,0.0000,4.0000,4,0,双开,S,7002.0000,0.0000,0.0000,0.0000,0.0000,7004.0000,0.0000,0.0000,0.0000,0.0000,12,0,0,0,0,1,0,0,0,0
zc,TA301,2012-06-13 09:01:43.290,7004.0000,147864,4,0.0000,4.0000,4,0,双开,S,7002.0000,0.0000,0.0000,0.0000,0.0000,7004.0000,0.0000,0.0000,0.0000,0.0000,13,0,0,0,0,30,0,0,0,0
zc,TA301,2012-06-13 09:01:43.743,7004.0000,147866,2,0.0000,2.0000,2,0,双开,S,7002.0000,0.0000,0.0000,0.0000,0.0000,7004.0000,0.0000,0.0000,0.0000,0.0000,13,0,0,0,0,29,0,0,0,0
zc,TA301,2012-06-13 09:01:44.493,7004.0000,147868,2,0.0000,2.0000,2,0,双开,S,7002.0000,0.0000,0.0000,0.0000,0.0000,7004.0000,0.0000,0.0000,0.0000,0.0000,13,0,0,0,0,28,0,0,0,0
zc,TA301,2012-06-13 09:01:45.010,7004.0000,147876,8,0.0000,8.0000,8,0,双开,S,7002.0000,0.0000,0.0000,0.0000,0.0000,7004.0000,0.0000,0.0000,0.0000,0.0000,15,0,0,0,0,11,0,0,0,0
zc,TA301,2012-06-13 09:01:45.807,7004.0000,147878,2,0.0000,2.0000,2,0,双开,S,7002.0000,0.0000,0.0000,0.0000,0.0000,7004.0000,0.0000,0.0000,0.0000,0.0000,15,0,0,0,0,10,0,0,0,0
zc,TA301,2012-06-13 09:01:46.260,7004.0000,147878,0,0.0000,22.0000,11,11,空换,S,7004.0000,0.0000,0.0000,0.0000,0.0000,7006.0000,0.0000,0.0000,0.0000,0.0000,24,0,0,0,0,38,0,0,0,0
zc,TA301,2012-06-13 09:01:47.057,7006.0000,147804,-74,0.0000,84.0000,5,79,空平,B,7002.0000,0.0000,0.0000,0.0000,0.0000,7006.0000,0.0000,0.0000,0.0000,0.0000,40,0,0,0,0,37,0,0,0,0
zc,TA301,2012-06-13 09:01:47.557,7004.0000,147814,10,0.0000,10.0000,10,0,双开,S,7002.0000,0.0000,0.0000,0.0000,0.0000,7006.0000,0.0000,0.0000,0.0000,0.0000,40,0,0,0,0,37,0,0,0,0
zc,TA301,2012-06-13 09:01:48.323,7004.0000,147814,0,0.0000,0.0000,0,0,空换,S,7002.0000,0.0000,0.0000,0.0000,0.0000,7006.0000,0.0000,0.0000,0.0000,0.0000,50,0,0,0,0,46,0,0,0,0
zc,TA301,2012-06-13 09:01:48.790,7004.0000,147814,0,0.0000,0.0000,0,0,空换,S,7002.0000,0.0000,0.0000,0.0000,0.0000,7006.0000,0.0000,0.0000,0.0000,0.0000,50,0,0,0,0,42,0,0,0,0
zc,TA301,2012-06-13 09:01:49.540,7004.0000,147814,0,0.0000,0.0000,0,0,空换,S,7002.0000,0.0000,0.0000,0.0000,0.0000,7006.0000,0.0000,0.0000,0.0000,0.0000,50,0,0,0,0,46,0,0,0,0
zc,TA301,2012-06-13 09:01:50.040,7004.0000,147814,0,0.0000,2.0000,1,1,空换,S,7002.0000,0.0000,0.0000,0.0000,0.0000,7006.0000,0.0000,0.0000,0.0000,0.0000,70,0,0,0,0,39,0,0,0,0
zc,TA301,2012-06-13 09:01:51.260,7006.0000,147816,2,0.0000,4.0000,3,1,多开,B,7002.0000,0.0000,0.0000,0.0000,0.0000,7006.0000,0.0000,0.0000,0.0000,0.0000,70,0,0,0,0,38,0,0,0,0
zc,TA301,2012-06-13 09:01:51.993,7006.0000,147816,0,0.0000,0.0000,0,0,多换,B,7002.0000,0.0000,0.0000,0.0000,0.0000,7006.0000,0.0000,0.0000,0.0000,0.0000,70,0,0,0,0,40,0,0,0,0
zc,TA301,2012-06-13 09:01:52.557,7006.0000,147808,-8,0.0000,60.0000,26,34,空平,B,7004.0000,0.0000,0.0000,0.0000,0.0000,7006.0000,0.0000,0.0000,0.0000,0.0000,9,0,0,0,0,10,0,0,0,0
zc,TA301,2012-06-13 09:01:53.323,7004.0000,147808,0,0.0000,22.0000,11,11,空换,S,7006.0000,0.0000,0.0000,0.0000,0.0000,7008.0000,0.0000,0.0000,0.0000,0.0000,7,0,0,0,0,9,0,0,0,0
zc,TA301,2012-06-13 09:01:53.760,7006.0000,147800,-8,0.0000,18.0000,5,13,空平,B,7006.0000,0.0000,0.0000,0.0000,0.0000,7008.0000,0.0000,0.0000,0.0000,0.0000,10,0,0,0,0,7,0,0,0,0
zc,TA301,2012-06-13 09:01:54.527,7006.0000,147800,0,0.0000,0.0000,0,0,多换,B,7004.0000,0.0000,0.0000,0.0000,0.0000,7008.0000,0.0000,0.0000,0.0000,0.0000,22,0,0,0,0,12,0,0,0,0
zc,TA301,2012-06-13 09:01:55.087,7006.0000,147804,4,0.0000,4.0000,4,0,双开,B,7004.0000,0.0000,0.0000,0.0000,0.0000,7006.0000,0.0000,0.0000,0.0000,0.0000,3,0,0,0,0,1,0,0,0,0
zc,TA301,2012-06-13 09:01:55.790,7006.0000,147804,0,0.0000,2.0000,1,1,多换,B,7006.0000,0.0000,0.0000,0.0000,0.0000,7008.0000,0.0000,0.0000,0.0000,0.0000,4,0,0,0,0,11,0,0,0,0
zc,TA301,2012-06-13 09:01:56.277,7008.0000,147806,2,0.0000,2.0000,2,0,双开,B,7006.0000,0.0000,0.0000,0.0000,0.0000,7008.0000,0.0000,0.0000,0.0000,0.0000,4,0,0,0,0,10,0,0,0,0
zc,TA301,2012-06-13 09:01:56.853,7006.0000,147816,10,0.0000,18.0000,14,4,空开,S,7004.0000,0.0000,0.0000,0.0000,0.0000,7006.0000,0.0000,0.0000,0.0000,0.0000,5,0,0,0,0,2,0,0,0,0
zc,TA301,2012-06-13 09:01:57.557,7006.0000,147816,0,0.0000,0.0000,0,0,空换,S,7004.0000,0.0000,0.0000,0.0000,0.0000,7006.0000,0.0000,0.0000,0.0000,0.0000,5,0,0,0,0,25,0,0,0,0
zc,TA301,2012-06-13 09:01:58.040,7006.0000,147816,0,0.0000,44.0000,22,22,空换,S,7004.0000,0.0000,0.0000,0.0000,0.0000,7006.0000,0.0000,0.0000,0.0000,0.0000,13,0,0,0,0,5,0,0,0,0
zc,TA301,2012-06-13 09:01:58.790,7006.0000,147814,-2,0.0000,10.0000,4,6,多平,S,7004.0000,0.0000,0.0000,0.0000,0.0000,7008.0000,0.0000,0.0000,0.0000,0.0000,10,0,0,0,0,5,0,0,0,0
zc,TA301,2012-06-13 09:01:59.027,7006.0000,147812,-2,0.0000,2.0000,0,2,双平,S,7004.0000,0.0000,0.0000,0.0000,0.0000,7008.0000,0.0000,0.0000,0.0000,0.0000,9,0,0,0,0,6,0,0,0,0
zc,TA301,2012-06-13 09:02:00.027,7006.0000,147812,0,0.0000,0.0000,0,0,空换,S,7004.0000,0.0000,0.0000,0.0000,0.0000,7008.0000,0.0000,0.0000,0.0000,0.0000,25,0,0,0,0,19,0,0,0,0
zc,TA301,2012-06-13 09:02:00.290,7004.0000,147812,0,0.0000,4.0000,2,2,空换,S,7004.0000,0.0000,0.0000,0.0000,0.0000,7008.0000,0.0000,0.0000,0.0000,0.0000,27,0,0,0,0,19,0,0,0,0
zc,TA301,2012-06-13 09:02:01.027,7004.0000,147810,-2,0.0000,2.0000,0,2,双平,S,7004.0000,0.0000,0.0000,0.0000,0.0000,7008.0000,0.0000,0.0000,0.0000,0.0000,25,0,0,0,0,7,0,0,0,0
zc,TA301,2012-06-13 09:02:01.540,7004.0000,147810,0,0.0000,0.0000,0,0,空换,S,7004.0000,0.0000,0.0000,0.0000,0.0000,7008.0000,0.0000,0.0000,0.0000,0.0000,27,0,0,0,0,9,0,0,0,0
zc,TA301,2012-06-13 09:02:02.307,7006.0000,147812,2,0.0000,4.0000,3,1,多开,B,7004.0000,0.0000,0.0000,0.0000,0.0000,7008.0000,0.0000,0.0000,0.0000,0.0000,32,0,0,0,0,8,0,0,0,0
zc,TA301,2012-06-13 09:02:03.260,7006.0000,147812,0,0.0000,4.0000,2,2,多换,B,7004.0000,0.0000,0.0000,0.0000,0.0000,7006.0000,0.0000,0.0000,0.0000,0.0000,36,0,0,0,0,4,0,0,0,0
zc,TA301,2012-06-13 09:02:04.073,7006.0000,147844,32,0.0000,38.0000,35,3,多开,B,7004.0000,0.0000,0.0000,0.0000,0.0000,7006.0000,0.0000,0.0000,0.0000,0.0000,30,0,0,0,0,1,0,0,0,0
zc,TA301,2012-06-13 09:02:04.540,7004.0000,147866,22,0.0000,62.0000,42,20,空开,S,7004.0000,0.0000,0.0000,0.0000,0.0000,7008.0000,0.0000,0.0000,0.0000,0.0000,10,0,0,0,0,8,0,0,0,0
zc,TA301,2012-06-13 09:02:05.307,7008.0000,147860,-6,0.0000,96.0000,45,51,空平,B,7008.0000,0.0000,0.0000,0.0000,0.0000,7010.0000,0.0000,0.0000,0.0000,0.0000,152,0,0,0,0,12,0,0,0,0
zc,TA301,2012-06-13 09:02:05.790,7008.0000,147830,-30,0.0000,88.0000,29,59,空平,B,7008.0000,0.0000,0.0000,0.0000,0.0000,7010.0000,0.0000,0.0000,0.0000,0.0000,109,0,0,0,0,8,0,0,0,0
zc,TA301,2012-06-13 09:02:06.527,7008.0000,147830,0,0.0000,0.0000,0,0,多换,B,7008.0000,0.0000,0.0000,0.0000,0.0000,7010.0000,0.0000,0.0000,0.0000,0.0000,109,0,0,0,0,10,0,0,0,0
zc,TA301,2012-06-13 09:02:06.743,7008.0000,147830,0,0.0000,20.0000,10,10,多换,B,7008.0000,0.0000,0.0000,0.0000,0.0000,7010.0000,0.0000,0.0000,0.0000,0.0000,100,0,0,0,0,10,0,0,0,0
zc,TA301,2012-06-13 09:02:07.510,7008.0000,147830,0,0.0000,20.0000,10,10,多换,B,7008.0000,0.0000,0.0000,0.0000,0.0000,7010.0000,0.0000,0.0000,0.0000,0.0000,104,0,0,0,0,21,0,0,0,0
zc,TA301,2012-06-13 09:02:07.993,7008.0000,147830,0,0.0000,18.0000,9,9,多换,B,7008.0000,0.0000,0.0000,0.0000,0.0000,7010.0000,0.0000,0.0000,0.0000,0.0000,95,0,0,0,0,21,0,0,0,0
zc,TA301,2012-06-13 09:02:08.777,7008.0000,147830,0,0.0000,44.0000,22,22,多换,B,7008.0000,0.0000,0.0000,0.0000,0.0000,7010.0000,0.0000,0.0000,0.0000,0.0000,74,0,0,0,0,5,0,0,0,0
zc,TA301,2012-06-13 09:02:09.277,7010.0000,147834,4,0.0000,6.0000,5,1,多开,B,7008.0000,0.0000,0.0000,0.0000,0.0000,7010.0000,0.0000,0.0000,0.0000,0.0000,73,0,0,0,0,1,0,0,0,0
zc,TA301,2012-06-13 09:02:10.290,7010.0000,147838,4,0.0000,6.0000,5,1,多开,B,7008.0000,0.0000,0.0000,0.0000,0.0000,7010.0000,0.0000,0.0000,0.0000,0.0000,92,0,0,0,0,27,0,0,0,0
zc,TA301,2012-06-13 09:02:10.807,7008.0000,147882,44,0.0000,88.0000,66,22,空开,S,7008.0000,0.0000,0.0000,0.0000,0.0000,7010.0000,0.0000,0.0000,0.0000,0.0000,70,0,0,0,0,14,0,0,0,0
zc,TA301,2012-06-13 09:02:12.057,7010.0000,147882,0,0.0000,28.0000,14,14,多换,B,7010.0000,0.0000,0.0000,0.0000,0.0000,7012.0000,0.0000,0.0000,0.0000,0.0000,66,0,0,0,0,33,0,0,0,0
zc,TA301,2012-06-13 09:02:12.527,7012.0000,147882,0,0.0000,4.0000,2,2,多换,B,7010.0000,0.0000,0.0000,0.0000,0.0000,7012.0000,0.0000,0.0000,0.0000,0.0000,72,0,0,0,0,22,0,0,0,0
zc,TA301,2012-06-13 09:02:13.260,7010.0000,147882,0,0.0000,2.0000,1,1,空换,S,7010.0000,0.0000,0.0000,0.0000,0.0000,7012.0000,0.0000,0.0000,0.0000,0.0000,74,0,0,0,0,22,0,0,0,0
zc,TA301,2012-06-13 09:02:13.760,7010.0000,147922,40,0.0000,40.0000,40,0,双开,S,7010.0000,0.0000,0.0000,0.0000,0.0000,7012.0000,0.0000,0.0000,0.0000,0.0000,54,0,0,0,0,22,0,0,0,0
zc,TA301,2012-06-13 09:02:14.573,7012.0000,147926,4,0.0000,12.0000,8,4,多开,B,7010.0000,0.0000,0.0000,0.0000,0.0000,7012.0000,0.0000,0.0000,0.0000,0.0000,52,0,0,0,0,18,0,0,0,0
zc,TA301,2012-06-13 09:02:15.027,7012.0000,147924,-2,0.0000,6.0000,2,4,空平,B,7010.0000,0.0000,0.0000,0.0000,0.0000,7012.0000,0.0000,0.0000,0.0000,0.0000,52,0,0,0,0,16,0,0,0,0
zc,TA301,2012-06-13 09:02:16.057,7012.0000,147922,-2,0.0000,4.0000,1,3,空平,B,7010.0000,0.0000,0.0000,0.0000,0.0000,7012.0000,0.0000,0.0000,0.0000,0.0000,57,0,0,0,0,14,0,0,0,0
zc,TA301,2012-06-13 09:02:17.307,7012.0000,147922,0,0.0000,4.0000,2,2,多换,B,7010.0000,0.0000,0.0000,0.0000,0.0000,7012.0000,0.0000,0.0000,0.0000,0.0000,62,0,0,0,0,12,0,0,0,0
zc,TA301,2012-06-13 09:02:17.993,7012.0000,147922,0,0.0000,0.0000,0,0,多换,B,7010.0000,0.0000,0.0000,0.0000,0.0000,7012.0000,0.0000,0.0000,0.0000,0.0000,81,0,0,0,0,12,0,0,0,0
zc,TA301,2012-06-13 09:02:18.493,7012.0000,147922,0,0.0000,4.0000,2,2,多换,B,7010.0000,0.0000,0.0000,0.0000,0.0000,7012.0000,0.0000,0.0000,0.0000,0.0000,81,0,0,0,0,10,0,0,0,0
zc,TA301,2012-06-13 09:02:19.277,7012.0000,147926,4,0.0000,24.0000,14,10,多开,B,7012.0000,0.0000,0.0000,0.0000,0.0000,7014.0000,0.0000,0.0000,0.0000,0.0000,42,0,0,0,0,10,0,0,0,0
zc,TA301,2012-06-13 09:02:19.790,7012.0000,147926,0,0.0000,0.0000,0,0,多换,B,7012.0000,0.0000,0.0000,0.0000,0.0000,7014.0000,0.0000,0.0000,0.0000,0.0000,43,0,0,0,0,10,0,0,0,0
zc,TA301,2012-06-13 09:02:20.480,7012.0000,147926,0,0.0000,2.0000,1,1,多换,B,7012.0000,0.0000,0.0000,0.0000,0.0000,7014.0000,0.0000,0.0000,0.0000,0.0000,43,0,0,0,0,10,0,0,0,0
zc,TA301,2012-06-13 09:02:21.337,7012.0000,147926,0,0.0000,12.0000,6,6,多换,B,7012.0000,0.0000,0.0000,0.0000,0.0000,7014.0000,0.0000,0.0000,0.0000,0.0000,45,0,0,0,0,8,0,0,0,0
zc,TA301,2012-06-13 09:02:21.777,7014.0000,147926,0,0.0000,2.0000,1,1,多换,B,7012.0000,0.0000,0.0000,0.0000,0.0000,7014.0000,0.0000,0.0000,0.0000,0.0000,47,0,0,0,0,7,0,0,0,0
zc,TA301,2012-06-13 09:02:22.510,7014.0000,147914,-12,0.0000,14.0000,1,13,空平,B,7014.0000,0.0000,0.0000,0.0000,0.0000,7016.0000,0.0000,0.0000,0.0000,0.0000,33,0,0,0,0,2,0,0,0,0
zc,TA301,2012-06-13 09:02:23.027,7014.0000,147906,-8,0.0000,8.0000,0,8,双平,B,7014.0000,0.0000,0.0000,0.0000,0.0000,7016.0000,0.0000,0.0000,0.0000,0.0000,29,0,0,0,0,2,0,0,0,0
zc,TA301,2012-06-13 09:02:23.777,7016.0000,147898,-8,0.0000,8.0000,0,8,双平,B,7016.0000,0.0000,0.0000,0.0000,0.0000,7018.0000,0.0000,0.0000,0.0000,0.0000,7,0,0,0,0,12,0,0,0,0
zc,TA301,2012-06-13 09:02:24.323,7018.0000,148168,270,0.0000,410.0000,340,70,多开,B,7016.0000,0.0000,0.0000,0.0000,0.0000,7018.0000,0.0000,0.0000,0.0000,0.0000,1,0,0,0,0,3,0,0,0,0
zc,TA301,2012-06-13 09:02:24.823,7018.0000,148170,2,0.0000,2.0000,2,0,双开,B,7016.0000,0.0000,0.0000,0.0000,0.0000,7018.0000,0.0000,0.0000,0.0000,0.0000,2,0,0,0,0,1,0,0,0,0
zc,TA301,2012-06-13 09:02:25.307,7018.0000,148172,2,0.0000,6.0000,4,2,多开,B,7016.0000,0.0000,0.0000,0.0000,0.0000,7018.0000,0.0000,0.0000,0.0000,0.0000,19,0,0,0,0,3,0,0,0,0
zc,TA301,2012-06-13 09:02:26.040,7018.0000,148174,2,0.0000,8.0000,5,3,多开,B,7016.0000,0.0000,0.0000,0.0000,0.0000,7018.0000,0.0000,0.0000,0.0000,0.0000,16,0,0,0,0,1,0,0,0,0
zc,TA301,2012-06-13 09:02:26.493,7018.0000,148174,0,0.0000,6.0000,3,3,多换,B,7016.0000,0.0000,0.0000,0.0000,0.0000,7018.0000,0.0000,0.0000,0.0000,0.0000,15,0,0,0,0,19,0,0,0,0
zc,TA301,2012-06-13 09:02:27.323,7016.0000,148174,0,0.0000,26.0000,13,13,空换,S,7016.0000,0.0000,0.0000,0.0000,0.0000,7018.0000,0.0000,0.0000,0.0000,0.0000,6,0,0,0,0,20,0,0,0,0
zc,TA301,2012-06-13 09:02:27.777,7016.0000,148172,-2,0.0000,38.0000,18,20,多平,S,7016.0000,0.0000,0.0000,0.0000,0.0000,7018.0000,0.0000,0.0000,0.0000,0.0000,3,0,0,0,0,20,0,0,0,0
zc,TA301,2012-06-13 09:02:28.277,7016.0000,148178,6,0.0000,8.0000,7,1,空开,S,7014.0000,0.0000,0.0000,0.0000,0.0000,7016.0000,0.0000,0.0000,0.0000,0.0000,2,0,0,0,0,16,0,0,0,0
zc,TA301,2012-06-13 09:02:29.073,7016.0000,148180,2,0.0000,2.0000,2,0,双开,S,7014.0000,0.0000,0.0000,0.0000,0.0000,7016.0000,0.0000,0.0000,0.0000,0.0000,2,0,0,0,0,25,0,0,0,0
zc,TA301,2012-06-13 09:02:29.823,7014.0000,148184,4,0.0000,16.0000,10,6,空开,S,7014.0000,0.0000,0.0000,0.0000,0.0000,7016.0000,0.0000,0.0000,0.0000,0.0000,13,0,0,0,0,35,0,0,0,0
zc,TA301,2012-06-13 09:02:30.277,7014.0000,148184,0,0.0000,18.0000,9,9,空换,S,7014.0000,0.0000,0.0000,0.0000,0.0000,7016.0000,0.0000,0.0000,0.0000,0.0000,6,0,0,0,0,30,0,0,0,0
zc,TA301,2012-06-13 09:02:31.040,7012.0000,148204,20,0.0000,32.0000,26,6,空开,S,7008.0000,0.0000,0.0000,0.0000,0.0000,7012.0000,0.0000,0.0000,0.0000,0.0000,22,0,0,0,0,7,0,0,0,0
zc,TA301,2012-06-13 09:02:31.603,7012.0000,148206,2,0.0000,2.0000,2,0,双开,S,7008.0000,0.0000,0.0000,0.0000,0.0000,7014.0000,0.0000,0.0000,0.0000,0.0000,22,0,0,0,0,21,0,0,0,0
zc,TA301,2012-06-13 09:02:32.307,7014.0000,148206,0,0.0000,2.0000,1,1,多换,B,7008.0000,0.0000,0.0000,0.0000,0.0000,7014.0000,0.0000,0.0000,0.0000,0.0000,23,0,0,0,0,24,0,0,0,0
zc,TA301,2012-06-13 09:02:32.777,7014.0000,148206,0,0.0000,0.0000,0,0,多换,B,7008.0000,0.0000,0.0000,0.0000,0.0000,7012.0000,0.0000,0.0000,0.0000,0.0000,22,0,0,0,0,5,0,0,0,0
zc,TA301,2012-06-13 09:02:33.277,7014.0000,148206,0,0.0000,0.0000,0,0,多换,B,7008.0000,0.0000,0.0000,0.0000,0.0000,7012.0000,0.0000,0.0000,0.0000,0.0000,24,0,0,0,0,5,0,0,0,0
zc,TA301,2012-06-13 09:02:34.760,7012.0000,148208,2,0.0000,2.0000,2,0,双开,S,7008.0000,0.0000,0.0000,0.0000,0.0000,7012.0000,0.0000,0.0000,0.0000,0.0000,25,0,0,0,0,4,0,0,0,0
zc,TA301,2012-06-13 09:02:35.510,7012.0000,148222,14,0.0000,14.0000,14,0,双开,S,7008.0000,0.0000,0.0000,0.0000,0.0000,7012.0000,0.0000,0.0000,0.0000,0.0000,38,0,0,0,0,154,0,0,0,0
zc,TA301,2012-06-13 09:02:36.010,7012.0000,148224,2,0.0000,4.0000,3,1,空开,S,7008.0000,0.0000,0.0000,0.0000,0.0000,7012.0000,0.0000,0.0000,0.0000,0.0000,37,0,0,0,0,113,0,0,0,0
zc,TA301,2012-06-13 09:02:36.510,7008.0000,148254,30,0.0000,48.0000,39,9,空开,S,7008.0000,0.0000,0.0000,0.0000,0.0000,7010.0000,0.0000,0.0000,0.0000,0.0000,13,0,0,0,0,13,0,0,0,0
zc,TA301,2012-06-13 09:02:37.087,7010.0000,148256,2,0.0000,2.0000,2,0,双开,B,7008.0000,0.0000,0.0000,0.0000,0.0000,7010.0000,0.0000,0.0000,0.0000,0.0000,13,0,0,0,0,48,0,0,0,0
zc,TA301,2012-06-13 09:02:37.807,7008.0000,148256,0,0.0000,12.0000,6,6,空换,S,7008.0000,0.0000,0.0000,0.0000,0.0000,7010.0000,0.0000,0.0000,0.0000,0.0000,7,0,0,0,0,33,0,0,0,0
zc,TA301,2012-06-13 09:02:38.277,7006.0000,148278,22,0.0000,54.0000,38,16,空开,S,7006.0000,0.0000,0.0000,0.0000,0.0000,7010.0000,0.0000,0.0000,0.0000,0.0000,2,0,0,0,0,13,0,0,0,0
zc,TA301,2012-06-13 09:02:38.993,7006.0000,148278,0,0.0000,0.0000,0,0,空换,S,7006.0000,0.0000,0.0000,0.0000,0.0000,7010.0000,0.0000,0.0000,0.0000,0.0000,2,0,0,0,0,20,0,0,0,0
zc,TA301,2012-06-13 09:02:39.527,7006.0000,148278,0,0.0000,0.0000,0,0,空换,S,7006.0000,0.0000,0.0000,0.0000,0.0000,7008.0000,0.0000,0.0000,0.0000,0.0000,2,0,0,0,0,1,0,0,0,0
zc,TA301,2012-06-13 09:02:40.277,7006.0000,148278,0,0.0000,0.0000,0,0,空换,S,7004.0000,0.0000,0.0000,0.0000,0.0000,7008.0000,0.0000,0.0000,0.0000,0.0000,42,0,0,0,0,1,0,0,0,0
zc,TA301,2012-06-13 09:02:40.777,7006.0000,148278,0,0.0000,0.0000,0,0,空换,S,7004.0000,0.0000,0.0000,0.0000,0.0000,7008.0000,0.0000,0.0000,0.0000,0.0000,42,0,0,0,0,22,0,0,0,0
zc,TA301,2012-06-13 09:02:42.057,7006.0000,148278,0,0.0000,0.0000,0,0,空换,S,7004.0000,0.0000,0.0000,0.0000,0.0000,7008.0000,0.0000,0.0000,0.0000,0.0000,42,0,0,0,0,210,0,0,0,0
zc,TA301,2012-06-13 09:02:42.540,7008.0000,148280,2,0.0000,2.0000,2,0,双开,B,7006.0000,0.0000,0.0000,0.0000,0.0000,7008.0000,0.0000,0.0000,0.0000,0.0000,1,0,0,0,0,209,0,0,0,0
zc,TA301,2012-06-13 09:02:43.040,7006.0000,148290,10,0.0000,10.0000,10,0,双开,S,7004.0000,0.0000,0.0000,0.0000,0.0000,7008.0000,0.0000,0.0000,0.0000,0.0000,42,0,0,0,0,204,0,0,0,0
zc,TA301,2012-06-13 09:02:43.510,7004.0000,148308,18,0.0000,18.0000,18,0,双开,S,7004.0000,0.0000,0.0000,0.0000,0.0000,7008.0000,0.0000,0.0000,0.0000,0.0000,33,0,0,0,0,184,0,0,0,0
zc,TA301,2012-06-13 09:02:44.260,7004.0000,148310,2,0.0000,2.0000,2,0,双开,S,7004.0000,0.0000,0.0000,0.0000,0.0000,7008.0000,0.0000,0.0000,0.0000,0.0000,33,0,0,0,0,185,0,0,0,0
zc,TA301,2012-06-13 09:02:45.027,7006.0000,148322,12,0.0000,24.0000,18,6,多开,B,7004.0000,0.0000,0.0000,0.0000,0.0000,7008.0000,0.0000,0.0000,0.0000,0.0000,27,0,0,0,0,174,0,0,0,0
zc,TA301,2012-06-13 09:02:45.760,7006.0000,148332,10,0.0000,10.0000,10,0,双开,B,7004.0000,0.0000,0.0000,0.0000,0.0000,7006.0000,0.0000,0.0000,0.0000,0.0000,33,0,0,0,0,185,0,0,0,0
zc,TA301,2012-06-13 09:02:46.087,7002.0000,148436,104,0.0000,186.0000,145,41,空开,S,7000.0000,0.0000,0.0000,0.0000,0.0000,7002.0000,0.0000,0.0000,0.0000,0.0000,83,0,0,0,0,13,0,0,0,0
zc,TA301,2012-06-13 09:02:46.743,7002.0000,148456,20,0.0000,20.0000,20,0,双开,S,7000.0000,0.0000,0.0000,0.0000,0.0000,7002.0000,0.0000,0.0000,0.0000,0.0000,83,0,0,0,0,3,0,0,0,0
zc,TA301,2012-06-13 09:02:47.277,7002.0000,148458,2,0.0000,2.0000,2,0,双开,S,7000.0000,0.0000,0.0000,0.0000,0.0000,7002.0000,0.0000,0.0000,0.0000,0.0000,83,0,0,0,0,22,0,0,0,0
zc,TA301,2012-06-13 09:02:47.993,7002.0000,148464,6,0.0000,16.0000,11,5,空开,S,7000.0000,0.0000,0.0000,0.0000,0.0000,7004.0000,0.0000,0.0000,0.0000,0.0000,77,0,0,0,0,77,0,0,0,0
zc,TA301,2012-06-13 09:02:48.790,7002.0000,148478,14,0.0000,32.0000,23,9,空开,S,7000.0000,0.0000,0.0000,0.0000,0.0000,7002.0000,0.0000,0.0000,0.0000,0.0000,64,0,0,0,0,70,0,0,0,0
zc,TA301,2012-06-13 09:02:49.307,7000.0000,148574,96,0.0000,130.0000,113,17,空开,S,6998.0000,0.0000,0.0000,0.0000,0.0000,7002.0000,0.0000,0.0000,0.0000,0.0000,22,0,0,0,0,24,0,0,0,0
zc,TA301,2012-06-13 09:02:50.010,7000.0000,148578,4,0.0000,24.0000,14,10,空开,S,6998.0000,0.0000,0.0000,0.0000,0.0000,7000.0000,0.0000,0.0000,0.0000,0.0000,21,0,0,0,0,4,0,0,0,0
zc,TA301,2012-06-13 09:02:50.510,7000.0000,148578,0,0.0000,8.0000,4,4,空换,S,7000.0000,0.0000,0.0000,0.0000,0.0000,7002.0000,0.0000,0.0000,0.0000,0.0000,10,0,0,0,0,12,0,0,0,0
zc,TA301,2012-06-13 09:02:51.010,7002.0000,148598,20,0.0000,22.0000,21,1,多开,B,6998.0000,0.0000,0.0000,0.0000,0.0000,7002.0000,0.0000,0.0000,0.0000,0.0000,21,0,0,0,0,11,0,0,0,0
zc,TA301,2012-06-13 09:02:51.527,6998.0000,148608,10,0.0000,10.0000,10,0,双开,S,6998.0000,0.0000,0.0000,0.0000,0.0000,7000.0000,0.0000,0.0000,0.0000,0.0000,16,0,0,0,0,2,0,0,0,0
zc,TA301,2012-06-13 09:02:52.290,7000.0000,148608,0,0.0000,6.0000,3,3,多换,B,6998.0000,0.0000,0.0000,0.0000,0.0000,7002.0000,0.0000,0.0000,0.0000,0.0000,16,0,0,0,0,11,0,0,0,0
zc,TA301,2012-06-13 09:02:52.777,7000.0000,148590,-18,0.0000,20.0000,1,19,空平,B,6998.0000,0.0000,0.0000,0.0000,0.0000,7002.0000,0.0000,0.0000,0.0000,0.0000,8,0,0,0,0,11,0,0,0,0
zc,TA301,2012-06-13 09:02:53.527,7000.0000,148584,-6,0.0000,8.0000,1,7,空平,B,6998.0000,0.0000,0.0000,0.0000,0.0000,7000.0000,0.0000,0.0000,0.0000,0.0000,8,0,0,0,0,4,0,0,0,0
zc,TA301,2012-06-13 09:02:54.010,7000.0000,148562,-22,0.0000,50.0000,14,36,空平,B,7000.0000,0.0000,0.0000,0.0000,0.0000,7002.0000,0.0000,0.0000,0.0000,0.0000,3,0,0,0,0,12,0,0,0,0
zc,TA301,2012-06-13 09:02:54.777,6998.0000,148566,4,0.0000,10.0000,7,3,空开,S,6996.0000,0.0000,0.0000,0.0000,0.0000,7000.0000,0.0000,0.0000,0.0000,0.0000,36,0,0,0,0,5,0,0,0,0
zc,TA301,2012-06-13 09:02:55.290,6998.0000,148570,4,0.0000,24.0000,14,10,空开,S,6996.0000,0.0000,0.0000,0.0000,0.0000,6998.0000,0.0000,0.0000,0.0000,0.0000,36,0,0,0,0,1,0,0,0,0
zc,TA301,2012-06-13 09:02:56.057,6996.0000,148572,2,0.0000,16.0000,9,7,空开,S,6996.0000,0.0000,0.0000,0.0000,0.0000,7000.0000,0.0000,0.0000,0.0000,0.0000,34,0,0,0,0,12,0,0,0,0
zc,TA301,2012-06-13 09:02:56.493,6998.0000,148584,12,0.0000,12.0000,12,0,双开,B,6996.0000,0.0000,0.0000,0.0000,0.0000,7000.0000,0.0000,0.0000,0.0000,0.0000,34,0,0,0,0,11,0,0,0,0
zc,TA301,2012-06-13 09:02:57.307,6996.0000,148592,8,0.0000,10.0000,9,1,空开,S,6996.0000,0.0000,0.0000,0.0000,0.0000,6998.0000,0.0000,0.0000,0.0000,0.0000,31,0,0,0,0,5,0,0,0,0
zc,TA301,2012-06-13 09:02:57.790,7000.0000,148594,2,0.0000,12.0000,7,5,多开,B,6998.0000,0.0000,0.0000,0.0000,0.0000,7000.0000,0.0000,0.0000,0.0000,0.0000,1,0,0,0,0,5,0,0,0,0
zc,TA301,2012-06-13 09:02:58.540,7000.0000,148594,0,0.0000,0.0000,0,0,多换,B,6998.0000,0.0000,0.0000,0.0000,0.0000,7000.0000,0.0000,0.0000,0.0000,0.0000,28,0,0,0,0,5,0,0,0,0
zc,TA301,2012-06-13 09:02:59.290,6998.0000,148596,2,0.0000,4.0000,3,1,空开,S,6998.0000,0.0000,0.0000,0.0000,0.0000,7000.0000,0.0000,0.0000,0.0000,0.0000,27,0,0,0,0,6,0,0,0,0
zc,TA301,2012-06-13 09:02:59.573,6998.0000,148592,-4,0.0000,32.0000,14,18,多平,S,6998.0000,0.0000,0.0000,0.0000,0.0000,7000.0000,0.0000,0.0000,0.0000,0.0000,29,0,0,0,0,6,0,0,0,0
zc,TA301,2012-06-13 09:03:00.260,6998.0000,148590,-2,0.0000,2.0000,0,2,双平,S,6998.0000,0.0000,0.0000,0.0000,0.0000,7000.0000,0.0000,0.0000,0.0000,0.0000,28,0,0,0,0,8,0,0,0,0
zc,TA301,2012-06-13 09:03:00.760,7000.0000,148592,2,0.0000,2.0000,2,0,双开,B,6998.0000,0.0000,0.0000,0.0000,0.0000,7000.0000,0.0000,0.0000,0.0000,0.0000,14,0,0,0,0,13,0,0,0,0
zc,TA301,2012-06-13 09:03:01.527,6998.0000,148608,16,0.0000,52.0000,34,18,空开,S,6998.0000,0.0000,0.0000,0.0000,0.0000,7000.0000,0.0000,0.0000,0.0000,0.0000,2,0,0,0,0,4,0,0,0,0
zc,TA301,2012-06-13 09:03:02.057,6998.0000,148606,-2,0.0000,2.0000,0,2,双平,S,6998.0000,0.0000,0.0000,0.0000,0.0000,7000.0000,0.0000,0.0000,0.0000,0.0000,1,0,0,0,0,8,0,0,0,0
zc,TA301,2012-06-13 09:03:02.837,6998.0000,148606,0,0.0000,0.0000,0,0,空换,S,6998.0000,0.0000,0.0000,0.0000,0.0000,7000.0000,0.0000,0.0000,0.0000,0.0000,1,0,0,0,0,9,0,0,0,0
zc,TA301,2012-06-13 09:03:03.323,7000.0000,148612,6,0.0000,8.0000,7,1,多开,B,6998.0000,0.0000,0.0000,0.0000,0.0000,7000.0000,0.0000,0.0000,0.0000,0.0000,1,0,0,0,0,9,0,0,0,0
zc,TA301,2012-06-13 09:03:04.040,7000.0000,148622,10,0.0000,20.0000,15,5,多开,B,7000.0000,0.0000,0.0000,0.0000,0.0000,7002.0000,0.0000,0.0000,0.0000,0.0000,41,0,0,0,0,2,0,0,0,0
zc,TA301,2012-06-13 09:03:04.760,7000.0000,148678,56,0.0000,56.0000,56,0,双开,B,7000.0000,0.0000,0.0000,0.0000,0.0000,7002.0000,0.0000,0.0000,0.0000,0.0000,14,0,0,0,0,3,0,0,0,0
zc,TA301,2012-06-13 09:03:05.243,7000.0000,148706,28,0.0000,30.0000,29,1,多开,B,7000.0000,0.0000,0.0000,0.0000,0.0000,7002.0000,0.0000,0.0000,0.0000,0.0000,5,0,0,0,0,3,0,0,0,0
zc,TA301,2012-06-13 09:03:05.790,7000.0000,148716,10,0.0000,10.0000,10,0,双开,B,6998.0000,0.0000,0.0000,0.0000,0.0000,7000.0000,0.0000,0.0000,0.0000,0.0000,1,0,0,0,0,3,0,0,0,0
zc,TA301,2012-06-13 09:03:06.557,6998.0000,148718,2,0.0000,2.0000,2,0,双开,S,6996.0000,0.0000,0.0000,0.0000,0.0000,6998.0000,0.0000,0.0000,0.0000,0.0000,39,0,0,0,0,10,0,0,0,0
zc,TA301,2012-06-13 09:03:07.073,6998.0000,148722,4,0.0000,4.0000,4,0,双开,S,6996.0000,0.0000,0.0000,0.0000,0.0000,6998.0000,0.0000,0.0000,0.0000,0.0000,40,0,0,0,0,11,0,0,0,0
zc,TA301,2012-06-13 09:03:07.807,6996.0000,148732,10,0.0000,12.0000,11,1,空开,S,6996.0000,0.0000,0.0000,0.0000,0.0000,6998.0000,0.0000,0.0000,0.0000,0.0000,37,0,0,0,0,8,0,0,0,0
zc,TA301,2012-06-13 09:03:08.587,6996.0000,148792,60,0.0000,68.0000,64,4,空开,S,6996.0000,0.0000,0.0000,0.0000,0.0000,6998.0000,0.0000,0.0000,0.0000,0.0000,6,0,0,0,0,6,0,0,0,0
zc,TA301,2012-06-13 09:03:09.087,6996.0000,148806,14,0.0000,28.0000,21,7,空开,S,6994.0000,0.0000,0.0000,0.0000,0.0000,6998.0000,0.0000,0.0000,0.0000,0.0000,33,0,0,0,0,10,0,0,0,0
zc,TA301,2012-06-13 09:03:09.853,6996.0000,148808,2,0.0000,24.0000,13,11,空开,S,6994.0000,0.0000,0.0000,0.0000,0.0000,6996.0000,0.0000,0.0000,0.0000,0.0000,33,0,0,0,0,2,0,0,0,0
zc,TA301,2012-06-13 09:03:10.290,6996.0000,148824,16,0.0000,38.0000,27,11,空开,S,6996.0000,0.0000,0.0000,0.0000,0.0000,6998.0000,0.0000,0.0000,0.0000,0.0000,2,0,0,0,0,6,0,0,0,0
zc,TA301,2012-06-13 09:03:11.087,6994.0000,148828,4,0.0000,8.0000,6,2,空开,S,6994.0000,0.0000,0.0000,0.0000,0.0000,6998.0000,0.0000,0.0000,0.0000,0.0000,28,0,0,0,0,4,0,0,0,0
zc,TA301,2012-06-13 09:03:11.573,6996.0000,148828,0,0.0000,4.0000,2,2,多换,B,6994.0000,0.0000,0.0000,0.0000,0.0000,6998.0000,0.0000,0.0000,0.0000,0.0000,26,0,0,0,0,4,0,0,0,0
zc,TA301,2012-06-13 09:03:12.260,6998.0000,148832,4,0.0000,22.0000,13,9,多开,B,6998.0000,0.0000,0.0000,0.0000,0.0000,7000.0000,0.0000,0.0000,0.0000,0.0000,16,0,0,0,0,25,0,0,0,0
zc,TA301,2012-06-13 09:03:12.807,6998.0000,148832,0,0.0000,2.0000,1,1,多换,B,6998.0000,0.0000,0.0000,0.0000,0.0000,7000.0000,0.0000,0.0000,0.0000,0.0000,15,0,0,0,0,25,0,0,0,0
zc,TA301,2012-06-13 09:03:13.527,6998.0000,148832,0,0.0000,12.0000,6,6,多换,B,6998.0000,0.0000,0.0000,0.0000,0.0000,7000.0000,0.0000,0.0000,0.0000,0.0000,7,0,0,0,0,25,0,0,0,0
zc,TA301,2012-06-13 09:03:14.087,6998.0000,148832,0,0.0000,0.0000,0,0,多换,B,6998.0000,0.0000,0.0000,0.0000,0.0000,7000.0000,0.0000,0.0000,0.0000,0.0000,21,0,0,0,0,25,0,0,0,0
zc,TA301,2012-06-13 09:03:14.760,6998.0000,148830,-2,0.0000,2.0000,0,2,双平,B,6998.0000,0.0000,0.0000,0.0000,0.0000,7000.0000,0.0000,0.0000,0.0000,0.0000,17,0,0,0,0,25,0,0,0,0
zc,TA301,2012-06-13 09:03:15.290,6998.0000,148792,-38,0.0000,44.0000,3,41,空平,B,6998.0000,0.0000,0.0000,0.0000,0.0000,7000.0000,0.0000,0.0000,0.0000,0.0000,23,0,0,0,0,25,0,0,0,0
zc,TA301,2012-06-13 09:03:16.027,6998.0000,148792,0,0.0000,12.0000,6,6,多换,B,6998.0000,0.0000,0.0000,0.0000,0.0000,7000.0000,0.0000,0.0000,0.0000,0.0000,17,0,0,0,0,25,0,0,0,0
zc,TA301,2012-06-13 09:03:16.493,6998.0000,148792,0,0.0000,2.0000,1,1,多换,B,6998.0000,0.0000,0.0000,0.0000,0.0000,7000.0000,0.0000,0.0000,0.0000,0.0000,16,0,0,0,0,25,0,0,0,0
zc,TA301,2012-06-13 09:03:17.307,6998.0000,148792,0,0.0000,2.0000,1,1,多换,B,6998.0000,0.0000,0.0000,0.0000,0.0000,7000.0000,0.0000,0.0000,0.0000,0.0000,7,0,0,0,0,20,0,0,0,0
zc,TA301,2012-06-13 09:03:17.823,6998.0000,148792,0,0.0000,0.0000,0,0,多换,B,6998.0000,0.0000,0.0000,0.0000,0.0000,7000.0000,0.0000,0.0000,0.0000,0.0000,13,0,0,0,0,20,0,0,0,0
zc,TA301,2012-06-13 09:03:18.493,6998.0000,148790,-2,0.0000,4.0000,1,3,空平,B,6998.0000,0.0000,0.0000,0.0000,0.0000,7000.0000,0.0000,0.0000,0.0000,0.0000,16,0,0,0,0,20,0,0,0,0
zc,TA301,2012-06-13 09:03:19.103,6998.0000,148790,0,0.0000,0.0000,0,0,多换,B,6998.0000,0.0000,0.0000,0.0000,0.0000,7000.0000,0.0000,0.0000,0.0000,0.0000,18,0,0,0,0,21,0,0,0,0
zc,TA301,2012-06-13 09:03:19.713,6998.0000,148790,0,0.0000,0.0000,0,0,多换,B,6998.0000,0.0000,0.0000,0.0000,0.0000,7000.0000,0.0000,0.0000,0.0000,0.0000,18,0,0,0,0,22,0,0,0,0
zc,TA301,2012-06-13 09:03:20.213,7000.0000,148792,2,0.0000,2.0000,2,0,双开,B,6998.0000,0.0000,0.0000,0.0000,0.0000,7000.0000,0.0000,0.0000,0.0000,0.0000,19,0,0,0,0,22,0,0,0,0
zc,TA301,2012-06-13 09:03:20.837,7000.0000,148794,2,0.0000,10.0000,6,4,多开,B,6998.0000,0.0000,0.0000,0.0000,0.0000,7000.0000,0.0000,0.0000,0.0000,0.0000,26,0,0,0,0,21,0,0,0,0
zc,TA301,2012-06-13 09:03:21.510,7000.0000,148866,72,0.0000,202.0000,137,65,多开,B,6996.0000,0.0000,0.0000,0.0000,0.0000,6998.0000,0.0000,0.0000,0.0000,0.0000,1,0,0,0,0,10,0,0,0,0
zc,TA301,2012-06-13 09:03:22.040,6998.0000,148872,6,0.0000,56.0000,31,25,空开,S,6998.0000,0.0000,0.0000,0.0000,0.0000,7000.0000,0.0000,0.0000,0.0000,0.0000,8,0,0,0,0,4,0,0,0,0
zc,TA301,2012-06-13 09:03:22.777,6998.0000,148914,42,0.0000,42.0000,42,0,双开,S,6996.0000,0.0000,0.0000,0.0000,0.0000,6998.0000,0.0000,0.0000,0.0000,0.0000,1,0,0,0,0,23,0,0,0,0
zc,TA301,2012-06-13 09:03:23.230,6998.0000,148916,2,0.0000,2.0000,2,0,双开,S,6996.0000,0.0000,0.0000,0.0000,0.0000,6998.0000,0.0000,0.0000,0.0000,0.0000,2,0,0,0,0,23,0,0,0,0
zc,TA301,2012-06-13 09:03:23.993,6998.0000,148918,2,0.0000,2.0000,2,0,双开,S,6996.0000,0.0000,0.0000,0.0000,0.0000,6998.0000,0.0000,0.0000,0.0000,0.0000,2,0,0,0,0,22,0,0,0,0
zc,TA301,2012-06-13 09:03:24.777,6998.0000,148932,14,0.0000,14.0000,14,0,双开,S,6994.0000,0.0000,0.0000,0.0000,0.0000,6998.0000,0.0000,0.0000,0.0000,0.0000,37,0,0,0,0,19,0,0,0,0
zc,TA301,2012-06-13 09:03:25.510,6998.0000,148936,4,0.0000,24.0000,14,10,空开,S,6996.0000,0.0000,0.0000,0.0000,0.0000,6998.0000,0.0000,0.0000,0.0000,0.0000,40,0,0,0,0,17,0,0,0,0
zc,TA301,2012-06-13 09:03:26.540,6998.0000,148952,16,0.0000,16.0000,16,0,双开,S,6996.0000,0.0000,0.0000,0.0000,0.0000,6998.0000,0.0000,0.0000,0.0000,0.0000,39,0,0,0,0,17,0,0,0,0
zc,TA301,2012-06-13 09:03:27.040,6998.0000,148974,22,0.0000,22.0000,22,0,双开,S,6996.0000,0.0000,0.0000,0.0000,0.0000,6998.0000,0.0000,0.0000,0.0000,0.0000,39,0,0,0,0,6,0,0,0,0
zc,TA301,2012-06-13 09:03:27.760,6996.0000,149036,62,0.0000,64.0000,63,1,空开,S,6996.0000,0.0000,0.0000,0.0000,0.0000,6998.0000,0.0000,0.0000,0.0000,0.0000,7,0,0,0,0,37,0,0,0,0
zc,TA301,2012-06-13 09:03:28.260,6996.0000,149036,0,0.0000,0.0000,0,0,空换,S,6996.0000,0.0000,0.0000,0.0000,0.0000,6998.0000,0.0000,0.0000,0.0000,0.0000,13,0,0,0,0,37,0,0,0,0
zc,TA301,2012-06-13 09:03:29.073,6996.0000,149134,98,0.0000,178.0000,138,40,空开,S,6994.0000,0.0000,0.0000,0.0000,0.0000,7000.0000,0.0000,0.0000,0.0000,0.0000,19,0,0,0,0,8,0,0,0,0
zc,TA301,2012-06-13 09:03:29.587,6996.0000,149132,-2,0.0000,12.0000,5,7,多平,S,6994.0000,0.0000,0.0000,0.0000,0.0000,6996.0000,0.0000,0.0000,0.0000,0.0000,19,0,0,0,0,7,0,0,0,0
zc,TA301,2012-06-13 09:03:30.307,6996.0000,149132,0,0.0000,4.0000,2,2,空换,S,6996.0000,0.0000,0.0000,0.0000,0.0000,6998.0000,0.0000,0.0000,0.0000,0.0000,1,0,0,0,0,2,0,0,0,0
zc,TA301,2012-06-13 09:03:30.823,6996.0000,149136,4,0.0000,6.0000,5,1,空开,S,6994.0000,0.0000,0.0000,0.0000,0.0000,7000.0000,0.0000,0.0000,0.0000,0.0000,20,0,0,0,0,16,0,0,0,0
zc,TA301,2012-06-13 09:03:31.463,6996.0000,149138,2,0.0000,2.0000,2,0,双开,S,6996.0000,0.0000,0.0000,0.0000,0.0000,6998.0000,0.0000,0.0000,0.0000,0.0000,1,0,0,0,0,9,0,0,0,0
zc,TA301,2012-06-13 09:03:31.573,6998.0000,149148,10,0.0000,10.0000,10,0,双开,B,6996.0000,0.0000,0.0000,0.0000,0.0000,7000.0000,0.0000,0.0000,0.0000,0.0000,51,0,0,0,0,11,0,0,0,0
zc,TA301,2012-06-13 09:03:32.027,6998.0000,149148,0,0.0000,0.0000,0,0,多换,B,6996.0000,0.0000,0.0000,0.0000,0.0000,6998.0000,0.0000,0.0000,0.0000,0.0000,51,0,0,0,0,4,0,0,0,0
zc,TA301,2012-06-13 09:03:32.527,6992.0000,149184,36,0.0000,200.0000,118,82,空开,S,6992.0000,0.0000,0.0000,0.0000,0.0000,6998.0000,0.0000,0.0000,0.0000,0.0000,27,0,0,0,0,4,0,0,0,0
zc,TA301,2012-06-13 09:03:33.823,6998.0000,149192,8,0.0000,16.0000,12,4,多开,B,6998.0000,0.0000,0.0000,0.0000,0.0000,7000.0000,0.0000,0.0000,0.0000,0.0000,12,0,0,0,0,11,0,0,0,0
zc,TA301,2012-06-13 09:03:34.527,6998.0000,149194,2,0.0000,2.0000,2,0,双开,B,6998.0000,0.0000,0.0000,0.0000,0.0000,7000.0000,0.0000,0.0000,0.0000,0.0000,13,0,0,0,0,11,0,0,0,0
zc,TA301,2012-06-13 09:03:34.993,6998.0000,149202,8,0.0000,8.0000,8,0,双开,B,6998.0000,0.0000,0.0000,0.0000,0.0000,7000.0000,0.0000,0.0000,0.0000,0.0000,11,0,0,0,0,10,0,0,0,0
zc,TA301,2012-06-13 09:03:35.527,6998.0000,149212,10,0.0000,10.0000,10,0,双开,B,6998.0000,0.0000,0.0000,0.0000,0.0000,7000.0000,0.0000,0.0000,0.0000,0.0000,6,0,0,0,0,15,0,0,0,0
zc,TA301,2012-06-13 09:03:36.010,6998.0000,149222,10,0.0000,28.0000,19,9,多开,B,6996.0000,0.0000,0.0000,0.0000,0.0000,7000.0000,0.0000,0.0000,0.0000,0.0000,50,0,0,0,0,7,0,0,0,0
zc,TA301,2012-06-13 09:03:36.807,6998.0000,149222,0,0.0000,0.0000,0,0,多换,B,6996.0000,0.0000,0.0000,0.0000,0.0000,7000.0000,0.0000,0.0000,0.0000,0.0000,50,0,0,0,0,3,0,0,0,0
zc,TA301,2012-06-13 09:03:37.277,6996.0000,149224,2,0.0000,2.0000,2,0,双开,S,6996.0000,0.0000,0.0000,0.0000,0.0000,7000.0000,0.0000,0.0000,0.0000,0.0000,51,0,0,0,0,3,0,0,0,0
zc,TA301,2012-06-13 09:03:38.010,7002.0000,149228,4,0.0000,16.0000,10,6,多开,B,7000.0000,0.0000,0.0000,0.0000,0.0000,7002.0000,0.0000,0.0000,0.0000,0.0000,7,0,0,0,0,2,0,0,0,0
zc,TA301,2012-06-13 09:03:38.540,7000.0000,149228,0,0.0000,2.0000,1,1,空换,S,7000.0000,0.0000,0.0000,0.0000,0.0000,7002.0000,0.0000,0.0000,0.0000,0.0000,6,0,0,0,0,2,0,0,0,0
zc,TA301,2012-06-13 09:03:39.027,7000.0000,149228,0,0.0000,0.0000,0,0,空换,S,7000.0000,0.0000,0.0000,0.0000,0.0000,7004.0000,0.0000,0.0000,0.0000,0.0000,19,0,0,0,0,10,0,0,0,0
zc,TA301,2012-06-13 09:03:40.243,7000.0000,149224,-4,0.0000,4.0000,0,4,双平,S,7000.0000,0.0000,0.0000,0.0000,0.0000,7004.0000,0.0000,0.0000,0.0000,0.0000,17,0,0,0,0,10,0,0,0,0
zc,TA301,2012-06-13 09:03:41.027,7000.0000,149224,0,0.0000,0.0000,0,0,空换,S,7000.0000,0.0000,0.0000,0.0000,0.0000,7004.0000,0.0000,0.0000,0.0000,0.0000,18,0,0,0,0,10,0,0,0,0
zc,TA301,2012-06-13 09:03:41.510,7000.0000,149224,0,0.0000,0.0000,0,0,空换,S,7000.0000,0.0000,0.0000,0.0000,0.0000,7004.0000,0.0000,0.0000,0.0000,0.0000,20,0,0,0,0,10,0,0,0,0
zc,TA301,2012-06-13 09:03:42.307,7000.0000,149224,0,0.0000,0.0000,0,0,空换,S,7000.0000,0.0000,0.0000,0.0000,0.0000,7004.0000,0.0000,0.0000,0.0000,0.0000,21,0,0,0,0,10,0,0,0,0
zc,TA301,2012-06-13 09:03:42.790,7000.0000,149224,0,0.0000,0.0000,0,0,空换,S,7000.0000,0.0000,0.0000,0.0000,0.0000,7004.0000,0.0000,0.0000,0.0000,0.0000,27,0,0,0,0,10,0,0,0,0
zc,TA301,2012-06-13 09:03:43.540,7000.0000,149224,0,0.0000,2.0000,1,1,空换,S,7000.0000,0.0000,0.0000,0.0000,0.0000,7004.0000,0.0000,0.0000,0.0000,0.0000,27,0,0,0,0,12,0,0,0,0
zc,TA301,2012-06-13 09:03:44.010,7000.0000,149224,0,0.0000,0.0000,0,0,空换,S,7000.0000,0.0000,0.0000,0.0000,0.0000,7004.0000,0.0000,0.0000,0.0000,0.0000,17,0,0,0,0,12,0,0,0,0
zc,TA301,2012-06-13 09:03:44.743,7000.0000,149224,0,0.0000,0.0000,0,0,空换,S,7000.0000,0.0000,0.0000,0.0000,0.0000,7004.0000,0.0000,0.0000,0.0000,0.0000,17,0,0,0,0,13,0,0,0,0
zc,TA301,2012-06-13 09:03:45.040,7000.0000,149220,-4,0.0000,18.0000,7,11,多平,S,6998.0000,0.0000,0.0000,0.0000,0.0000,7000.0000,0.0000,0.0000,0.0000,0.0000,21,0,0,0,0,11,0,0,0,0
zc,TA301,2012-06-13 09:03:45.760,7000.0000,149220,0,0.0000,0.0000,0,0,空换,S,6998.0000,0.0000,0.0000,0.0000,0.0000,7000.0000,0.0000,0.0000,0.0000,0.0000,21,0,0,0,0,13,0,0,0,0
zc,TA301,2012-06-13 09:03:46.510,7000.0000,149220,0,0.0000,2.0000,1,1,空换,S,6998.0000,0.0000,0.0000,0.0000,0.0000,7000.0000,0.0000,0.0000,0.0000,0.0000,31,0,0,0,0,12,0,0,0,0
zc,TA301,2012-06-13 09:03:47.027,7000.0000,149220,0,0.0000,0.0000,0,0,空换,S,6998.0000,0.0000,0.0000,0.0000,0.0000,7000.0000,0.0000,0.0000,0.0000,0.0000,31,0,0,0,0,31,0,0,0,0
zc,TA301,2012-06-13 09:03:47.777,6998.0000,149212,-8,0.0000,34.0000,13,21,多平,S,6998.0000,0.0000,0.0000,0.0000,0.0000,7000.0000,0.0000,0.0000,0.0000,0.0000,15,0,0,0,0,29,0,0,0,0
zc,TA301,2012-06-13 09:03:48.260,7000.0000,149228,16,0.0000,18.0000,17,1,多开,B,6998.0000,0.0000,0.0000,0.0000,0.0000,7000.0000,0.0000,0.0000,0.0000,0.0000,7,0,0,0,0,47,0,0,0,0
zc,TA301,2012-06-13 09:03:49.057,7000.0000,149242,14,0.0000,22.0000,18,4,多开,B,6996.0000,0.0000,0.0000,0.0000,0.0000,7000.0000,0.0000,0.0000,0.0000,0.0000,117,0,0,0,0,46,0,0,0,0
zc,TA301,2012-06-13 09:03:49.277,7000.0000,149242,0,0.0000,4.0000,2,2,多换,B,6996.0000,0.0000,0.0000,0.0000,0.0000,7000.0000,0.0000,0.0000,0.0000,0.0000,117,0,0,0,0,44,0,0,0,0
zc,TA301,2012-06-13 09:03:50.243,7000.0000,149240,-2,0.0000,32.0000,15,17,空平,B,6998.0000,0.0000,0.0000,0.0000,0.0000,7000.0000,0.0000,0.0000,0.0000,0.0000,1,0,0,0,0,56,0,0,0,0
zc,TA301,2012-06-13 09:03:50.790,7000.0000,149246,6,0.0000,8.0000,7,1,多开,B,6998.0000,0.0000,0.0000,0.0000,0.0000,7000.0000,0.0000,0.0000,0.0000,0.0000,10,0,0,0,0,37,0,0,0,0
zc,TA301,2012-06-13 09:03:51.290,7000.0000,149272,26,0.0000,26.0000,26,0,双开,B,6998.0000,0.0000,0.0000,0.0000,0.0000,7000.0000,0.0000,0.0000,0.0000,0.0000,30,0,0,0,0,32,0,0,0,0
zc,TA301,2012-06-13 09:03:51.743,7000.0000,149276,4,0.0000,4.0000,4,0,双开,B,6998.0000,0.0000,0.0000,0.0000,0.0000,7000.0000,0.0000,0.0000,0.0000,0.0000,27,0,0,0,0,31,0,0,0,0
zc,TA301,2012-06-13 09:03:52.480,6998.0000,149276,0,0.0000,2.0000,1,1,空换,S,6998.0000,0.0000,0.0000,0.0000,0.0000,7000.0000,0.0000,0.0000,0.0000,0.0000,11,0,0,0,0,31,0,0,0,0
zc,TA301,2012-06-13 09:03:53.073,6998.0000,149276,0,0.0000,0.0000,0,0,空换,S,6998.0000,0.0000,0.0000,0.0000,0.0000,7000.0000,0.0000,0.0000,0.0000,0.0000,9,0,0,0,0,31,0,0,0,0
zc,TA301,2012-06-13 09:03:53.743,7000.0000,149278,2,0.0000,2.0000,2,0,双开,B,6998.0000,0.0000,0.0000,0.0000,0.0000,7000.0000,0.0000,0.0000,0.0000,0.0000,9,0,0,0,0,30,0,0,0,0
zc,TA301,2012-06-13 09:03:54.290,7000.0000,149280,2,0.0000,8.0000,5,3,多开,B,6998.0000,0.0000,0.0000,0.0000,0.0000,7000.0000,0.0000,0.0000,0.0000,0.0000,10,0,0,0,0,26,0,0,0,0
zc,TA301,2012-06-13 09:03:54.730,6998.0000,149286,6,0.0000,56.0000,31,25,空开,S,6998.0000,0.0000,0.0000,0.0000,0.0000,7000.0000,0.0000,0.0000,0.0000,0.0000,52,0,0,0,0,22,0,0,0,0
zc,TA301,2012-06-13 09:03:55.480,6998.0000,149286,0,0.0000,0.0000,0,0,空换,S,6998.0000,0.0000,0.0000,0.0000,0.0000,7000.0000,0.0000,0.0000,0.0000,0.0000,52,0,0,0,0,26,0,0,0,0
zc,TA301,2012-06-13 09:03:56.493,6998.0000,149286,0,0.0000,0.0000,0,0,空换,S,6998.0000,0.0000,0.0000,0.0000,0.0000,7000.0000,0.0000,0.0000,0.0000,0.0000,52,0,0,0,0,36,0,0,0,0
zc,TA301,2012-06-13 09:03:57.777,6998.0000,149282,-4,0.0000,6.0000,1,5,多平,S,6998.0000,0.0000,0.0000,0.0000,0.0000,7000.0000,0.0000,0.0000,0.0000,0.0000,71,0,0,0,0,39,0,0,0,0
zc,TA301,2012-06-13 09:03:58.760,7000.0000,149280,-2,0.0000,2.0000,0,2,双平,B,6998.0000,0.0000,0.0000,0.0000,0.0000,7000.0000,0.0000,0.0000,0.0000,0.0000,71,0,0,0,0,38,0,0,0,0
zc,TA301,2012-06-13 09:03:59.480,7000.0000,149276,-4,0.0000,4.0000,0,4,双平,B,6998.0000,0.0000,0.0000,0.0000,0.0000,7000.0000,0.0000,0.0000,0.0000,0.0000,72,0,0,0,0,36,0,0,0,0
zc,TA301,2012-06-13 09:04:00.730,7000.0000,149276,0,0.0000,2.0000,1,1,多换,B,6998.0000,0.0000,0.0000,0.0000,0.0000,7000.0000,0.0000,0.0000,0.0000,0.0000,72,0,0,0,0,35,0,0,0,0
zc,TA301,2012-06-13 09:04:00.963,7000.0000,149276,0,0.0000,0.0000,0,0,多换,B,6998.0000,0.0000,0.0000,0.0000,0.0000,7000.0000,0.0000,0.0000,0.0000,0.0000,73,0,0,0,0,35,0,0,0,0
zc,TA301,2012-06-13 09:04:01.713,7000.0000,149288,12,0.0000,60.0000,36,24,多开,B,6998.0000,0.0000,0.0000,0.0000,0.0000,7000.0000,0.0000,0.0000,0.0000,0.0000,71,0,0,0,0,7,0,0,0,0
zc,TA301,2012-06-13 09:04:02.277,7000.0000,149278,-10,0.0000,16.0000,3,13,空平,B,7000.0000,0.0000,0.0000,0.0000,0.0000,7002.0000,0.0000,0.0000,0.0000,0.0000,2,0,0,0,0,3,0,0,0,0
zc,TA301,2012-06-13 09:04:02.993,7000.0000,149278,0,0.0000,0.0000,0,0,多换,B,7000.0000,0.0000,0.0000,0.0000,0.0000,7002.0000,0.0000,0.0000,0.0000,0.0000,12,0,0,0,0,3,0,0,0,0
zc,TA301,2012-06-13 09:04:03.510,7002.0000,149276,-2,0.0000,6.0000,2,4,空平,B,7002.0000,0.0000,0.0000,0.0000,0.0000,7004.0000,0.0000,0.0000,0.0000,0.0000,1,0,0,0,0,86,0,0,0,0
zc,TA301,2012-06-13 09:04:03.980,7002.0000,149276,0,0.0000,10.0000,5,5,多换,B,7002.0000,0.0000,0.0000,0.0000,0.0000,7004.0000,0.0000,0.0000,0.0000,0.0000,1,0,0,0,0,86,0,0,0,0
zc,TA301,2012-06-13 09:04:04.777,7000.0000,149274,-2,0.0000,4.0000,1,3,多平,S,7000.0000,0.0000,0.0000,0.0000,0.0000,7004.0000,0.0000,0.0000,0.0000,0.0000,22,0,0,0,0,87,0,0,0,0
zc,TA301,2012-06-13 09:04:05.510,7000.0000,149274,0,0.0000,0.0000,0,0,空换,S,7000.0000,0.0000,0.0000,0.0000,0.0000,7004.0000,0.0000,0.0000,0.0000,0.0000,29,0,0,0,0,87,0,0,0,0
zc,TA301,2012-06-13 09:04:06.010,7000.0000,149274,0,0.0000,0.0000,0,0,空换,S,7000.0000,0.0000,0.0000,0.0000,0.0000,7004.0000,0.0000,0.0000,0.0000,0.0000,30,0,0,0,0,88,0,0,0,0
zc,TA301,2012-06-13 09:04:06.510,7000.0000,149298,24,0.0000,24.0000,24,0,双开,S,7002.0000,0.0000,0.0000,0.0000,0.0000,7004.0000,0.0000,0.0000,0.0000,0.0000,3,0,0,0,0,88,0,0,0,0
zc,TA301,2012-06-13 09:04:07.230,7002.0000,149294,-4,0.0000,10.0000,3,7,空平,B,7002.0000,0.0000,0.0000,0.0000,0.0000,7004.0000,0.0000,0.0000,0.0000,0.0000,120,0,0,0,0,88,0,0,0,0
zc,TA301,2012-06-13 09:04:08.213,7002.0000,149294,0,0.0000,2.0000,1,1,多换,B,7002.0000,0.0000,0.0000,0.0000,0.0000,7004.0000,0.0000,0.0000,0.0000,0.0000,119,0,0,0,0,88,0,0,0,0
zc,TA301,2012-06-13 09:04:08.743,7002.0000,149294,0,0.0000,10.0000,5,5,多换,B,7002.0000,0.0000,0.0000,0.0000,0.0000,7004.0000,0.0000,0.0000,0.0000,0.0000,115,0,0,0,0,87,0,0,0,0
zc,TA301,2012-06-13 09:04:09.493,7004.0000,149292,-2,0.0000,6.0000,2,4,空平,B,7002.0000,0.0000,0.0000,0.0000,0.0000,7004.0000,0.0000,0.0000,0.0000,0.0000,114,0,0,0,0,85,0,0,0,0
zc,TA301,2012-06-13 09:04:09.963,7004.0000,149194,-98,0.0000,130.0000,16,114,空平,B,7002.0000,0.0000,0.0000,0.0000,0.0000,7004.0000,0.0000,0.0000,0.0000,0.0000,114,0,0,0,0,20,0,0,0,0
zc,TA301,2012-06-13 09:04:10.760,7004.0000,149194,0,0.0000,2.0000,1,1,多换,B,7002.0000,0.0000,0.0000,0.0000,0.0000,7004.0000,0.0000,0.0000,0.0000,0.0000,114,0,0,0,0,19,0,0,0,0
zc,TA301,2012-06-13 09:04:11.243,7004.0000,149178,-16,0.0000,32.0000,8,24,空平,B,7002.0000,0.0000,0.0000,0.0000,0.0000,7004.0000,0.0000,0.0000,0.0000,0.0000,114,0,0,0,0,5,0,0,0,0
zc,TA301,2012-06-13 09:04:11.730,7004.0000,149180,2,0.0000,8.0000,5,3,多开,B,7002.0000,0.0000,0.0000,0.0000,0.0000,7004.0000,0.0000,0.0000,0.0000,0.0000,114,0,0,0,0,1,0,0,0,0
zc,TA301,2012-06-13 09:04:13.040,7004.0000,149180,0,0.0000,102.0000,51,51,多换,B,7002.0000,0.0000,0.0000,0.0000,0.0000,7006.0000,0.0000,0.0000,0.0000,0.0000,81,0,0,0,0,14,0,0,0,0
zc,TA301,2012-06-13 09:04:13.760,7004.0000,149184,4,0.0000,4.0000,4,0,双开,B,7002.0000,0.0000,0.0000,0.0000,0.0000,7006.0000,0.0000,0.0000,0.0000,0.0000,82,0,0,0,0,11,0,0,0,0
zc,TA301,2012-06-13 09:04:14.243,7006.0000,149188,4,0.0000,20.0000,12,8,多开,B,7004.0000,0.0000,0.0000,0.0000,0.0000,7006.0000,0.0000,0.0000,0.0000,0.0000,2,0,0,0,0,1,0,0,0,0
zc,TA301,2012-06-13 09:04:14.730,7004.0000,149188,0,0.0000,2.0000,1,1,空换,S,7004.0000,0.0000,0.0000,0.0000,0.0000,7006.0000,0.0000,0.0000,0.0000,0.0000,2,0,0,0,0,1,0,0,0,0
zc,TA301,2012-06-13 09:04:16.057,7006.0000,149190,2,0.0000,8.0000,5,3,多开,B,7006.0000,0.0000,0.0000,0.0000,0.0000,7008.0000,0.0000,0.0000,0.0000,0.0000,9,0,0,0,0,18,0,0,0,0
zc,TA301,2012-06-13 09:04:16.527,7006.0000,149208,18,0.0000,18.0000,18,0,双开,B,7002.0000,0.0000,0.0000,0.0000,0.0000,7004.0000,0.0000,0.0000,0.0000,0.0000,85,0,0,0,0,5,0,0,0,0
zc,TA301,2012-06-13 09:04:17.260,7004.0000,149208,0,0.0000,8.0000,4,4,空换,S,7002.0000,0.0000,0.0000,0.0000,0.0000,7004.0000,0.0000,0.0000,0.0000,0.0000,85,0,0,0,0,2,0,0,0,0
zc,TA301,2012-06-13 09:04:18.010,7004.0000,149208,0,0.0000,2.0000,1,1,空换,S,7002.0000,0.0000,0.0000,0.0000,0.0000,7004.0000,0.0000,0.0000,0.0000,0.0000,85,0,0,0,0,1,0,0,0,0
zc,TA301,2012-06-13 09:04:18.260,7004.0000,149210,2,0.0000,2.0000,2,0,双开,S,7002.0000,0.0000,0.0000,0.0000,0.0000,7006.0000,0.0000,0.0000,0.0000,0.0000,85,0,0,0,0,2,0,0,0,0
zc,TA301,2012-06-13 09:04:19.480,7004.0000,149210,0,0.0000,0.0000,0,0,空换,S,7002.0000,0.0000,0.0000,0.0000,0.0000,7006.0000,0.0000,0.0000,0.0000,0.0000,145,0,0,0,0,2,0,0,0,0
zc,TA301,2012-06-13 09:04:20.337,7006.0000,149210,0,0.0000,2.0000,1,1,多换,B,7002.0000,0.0000,0.0000,0.0000,0.0000,7008.0000,0.0000,0.0000,0.0000,0.0000,146,0,0,0,0,4,0,0,0,0
zc,TA301,2012-06-13 09:04:20.527,7006.0000,149230,20,0.0000,20.0000,20,0,双开,B,7004.0000,0.0000,0.0000,0.0000,0.0000,7006.0000,0.0000,0.0000,0.0000,0.0000,100,0,0,0,0,1,0,0,0,0
zc,TA301,2012-06-13 09:04:21.213,7006.0000,149230,0,0.0000,0.0000,0,0,多换,B,7004.0000,0.0000,0.0000,0.0000,0.0000,7006.0000,0.0000,0.0000,0.0000,0.0000,102,0,0,0,0,1,0,0,0,0
zc,TA301,2012-06-13 09:04:21.777,7006.0000,149246,16,0.0000,24.0000,20,4,多开,B,7004.0000,0.0000,0.0000,0.0000,0.0000,7006.0000,0.0000,0.0000,0.0000,0.0000,100,0,0,0,0,1,0,0,0,0
zc,TA301,2012-06-13 09:04:22.510,7004.0000,149244,-2,0.0000,14.0000,6,8,多平,S,7004.0000,0.0000,0.0000,0.0000,0.0000,7006.0000,0.0000,0.0000,0.0000,0.0000,95,0,0,0,0,20,0,0,0,0
zc,TA301,2012-06-13 09:04:23.230,7006.0000,149244,0,0.0000,2.0000,1,1,多换,B,7004.0000,0.0000,0.0000,0.0000,0.0000,7006.0000,0.0000,0.0000,0.0000,0.0000,96,0,0,0,0,30,0,0,0,0
zc,TA301,2012-06-13 09:04:24.307,7006.0000,149244,0,0.0000,2.0000,1,1,多换,B,7004.0000,0.0000,0.0000,0.0000,0.0000,7006.0000,0.0000,0.0000,0.0000,0.0000,96,0,0,0,0,30,0,0,0,0
zc,TA301,2012-06-13 09:04:24.807,7004.0000,149180,-64,0.0000,68.0000,2,66,多平,S,7004.0000,0.0000,0.0000,0.0000,0.0000,7006.0000,0.0000,0.0000,0.0000,0.0000,69,0,0,0,0,24,0,0,0,0
zc,TA301,2012-06-13 09:04:25.463,7006.0000,149178,-2,0.0000,6.0000,2,4,空平,B,7004.0000,0.0000,0.0000,0.0000,0.0000,7006.0000,0.0000,0.0000,0.0000,0.0000,69,0,0,0,0,21,0,0,0,0
zc,TA301,2012-06-13 09:04:26.027,7006.0000,149178,0,0.0000,0.0000,0,0,多换,B,7004.0000,0.0000,0.0000,0.0000,0.0000,7006.0000,0.0000,0.0000,0.0000,0.0000,70,0,0,0,0,23,0,0,0,0
zc,TA301,2012-06-13 09:04:26.760,7006.0000,149178,0,0.0000,0.0000,0,0,多换,B,7004.0000,0.0000,0.0000,0.0000,0.0000,7006.0000,0.0000,0.0000,0.0000,0.0000,70,0,0,0,0,24,0,0,0,0
zc,TA301,2012-06-13 09:04:27.010,7004.0000,149178,0,0.0000,6.0000,3,3,空换,S,7004.0000,0.0000,0.0000,0.0000,0.0000,7006.0000,0.0000,0.0000,0.0000,0.0000,67,0,0,0,0,24,0,0,0,0
zc,TA301,2012-06-13 09:04:27.743,7004.0000,149176,-2,0.0000,2.0000,0,2,双平,S,7004.0000,0.0000,0.0000,0.0000,0.0000,7006.0000,0.0000,0.0000,0.0000,0.0000,66,0,0,0,0,24,0,0,0,0
zc,TA301,2012-06-13 09:04:28.463,7004.0000,149158,-18,0.0000,74.0000,28,46,多平,S,7004.0000,0.0000,0.0000,0.0000,0.0000,7006.0000,0.0000,0.0000,0.0000,0.0000,65,0,0,0,0,20,0,0,0,0
zc,TA301,2012-06-13 09:04:28.980,7006.0000,149160,2,0.0000,2.0000,2,0,双开,B,7004.0000,0.0000,0.0000,0.0000,0.0000,7006.0000,0.0000,0.0000,0.0000,0.0000,65,0,0,0,0,19,0,0,0,0
zc,TA301,2012-06-13 09:04:29.510,7004.0000,149160,0,0.0000,36.0000,18,18,空换,S,7004.0000,0.0000,0.0000,0.0000,0.0000,7006.0000,0.0000,0.0000,0.0000,0.0000,55,0,0,0,0,21,0,0,0,0
zc,TA301,2012-06-13 09:04:30.027,7004.0000,149160,0,0.0000,24.0000,12,12,空换,S,7004.0000,0.0000,0.0000,0.0000,0.0000,7006.0000,0.0000,0.0000,0.0000,0.0000,44,0,0,0,0,49,0,0,0,0
zc,TA301,2012-06-13 09:04:30.730,7006.0000,149160,0,0.0000,32.0000,16,16,多换,B,7004.0000,0.0000,0.0000,0.0000,0.0000,7006.0000,0.0000,0.0000,0.0000,0.0000,30,0,0,0,0,33,0,0,0,0
zc,TA301,2012-06-13 09:04:32.057,7004.0000,149154,-6,0.0000,28.0000,11,17,多平,S,7004.0000,0.0000,0.0000,0.0000,0.0000,7006.0000,0.0000,0.0000,0.0000,0.0000,16,0,0,0,0,48,0,0,0,0
zc,TA301,2012-06-13 09:04:32.243,7002.0000,149160,6,0.0000,34.0000,20,14,空开,S,7002.0000,0.0000,0.0000,0.0000,0.0000,7004.0000,0.0000,0.0000,0.0000,0.0000,148,0,0,0,0,7,0,0,0,0
zc,TA301,2012-06-13 09:04:33.010,7004.0000,149166,6,0.0000,32.0000,19,13,多开,B,7002.0000,0.0000,0.0000,0.0000,0.0000,7004.0000,0.0000,0.0000,0.0000,0.0000,135,0,0,0,0,4,0,0,0,0
zc,TA301,2012-06-13 09:04:33.760,7002.0000,149174,8,0.0000,22.0000,15,7,空开,S,7002.0000,0.0000,0.0000,0.0000,0.0000,7004.0000,0.0000,0.0000,0.0000,0.0000,134,0,0,0,0,1,0,0,0,0
zc,TA301,2012-06-13 09:04:34.713,7004.0000,149174,0,0.0000,2.0000,1,1,多换,B,7004.0000,0.0000,0.0000,0.0000,0.0000,7006.0000,0.0000,0.0000,0.0000,0.0000,9,0,0,0,0,15,0,0,0,0
zc,TA301,2012-06-13 09:04:35.260,7004.0000,149194,20,0.0000,20.0000,20,0,双开,B,7002.0000,0.0000,0.0000,0.0000,0.0000,7004.0000,0.0000,0.0000,0.0000,0.0000,134,0,0,0,0,5,0,0,0,0
zc,TA301,2012-06-13 09:04:36.027,7004.0000,149206,12,0.0000,12.0000,12,0,双开,B,7002.0000,0.0000,0.0000,0.0000,0.0000,7004.0000,0.0000,0.0000,0.0000,0.0000,134,0,0,0,0,5,0,0,0,0
zc,TA301,2012-06-13 09:04:36.540,7004.0000,149210,4,0.0000,4.0000,4,0,双开,B,7002.0000,0.0000,0.0000,0.0000,0.0000,7004.0000,0.0000,0.0000,0.0000,0.0000,135,0,0,0,0,3,0,0,0,0
zc,TA301,2012-06-13 09:04:37.760,7004.0000,149206,-4,0.0000,6.0000,1,5,空平,B,7004.0000,0.0000,0.0000,0.0000,0.0000,7006.0000,0.0000,0.0000,0.0000,0.0000,4,0,0,0,0,14,0,0,0,0
zc,TA301,2012-06-13 09:04:38.527,7004.0000,149206,0,0.0000,0.0000,0,0,多换,B,7004.0000,0.0000,0.0000,0.0000,0.0000,7006.0000,0.0000,0.0000,0.0000,0.0000,16,0,0,0,0,14,0,0,0,0
zc,TA301,2012-06-13 09:04:38.993,7004.0000,149206,0,0.0000,0.0000,0,0,多换,B,7004.0000,0.0000,0.0000,0.0000,0.0000,7006.0000,0.0000,0.0000,0.0000,0.0000,18,0,0,0,0,14,0,0,0,0
zc,TA301,2012-06-13 09:04:39.493,7004.0000,149206,0,0.0000,6.0000,3,3,多换,B,7004.0000,0.0000,0.0000,0.0000,0.0000,7006.0000,0.0000,0.0000,0.0000,0.0000,50,0,0,0,0,14,0,0,0,0
zc,TA301,2012-06-13 09:04:40.213,7006.0000,149206,0,0.0000,2.0000,1,1,多换,B,7004.0000,0.0000,0.0000,0.0000,0.0000,7006.0000,0.0000,0.0000,0.0000,0.0000,55,0,0,0,0,13,0,0,0,0
zc,TA301,2012-06-13 09:04:40.730,7004.0000,149208,2,0.0000,2.0000,2,0,双开,S,7004.0000,0.0000,0.0000,0.0000,0.0000,7006.0000,0.0000,0.0000,0.0000,0.0000,56,0,0,0,0,13,0,0,0,0
zc,TA301,2012-06-13 09:04:41.260,7006.0000,149206,-2,0.0000,26.0000,12,14,空平,B,7006.0000,0.0000,0.0000,0.0000,0.0000,7008.0000,0.0000,0.0000,0.0000,0.0000,5,0,0,0,0,18,0,0,0,0
zc,TA301,2012-06-13 09:04:41.777,7008.0000,149206,0,0.0000,6.0000,3,3,多换,B,7006.0000,0.0000,0.0000,0.0000,0.0000,7008.0000,0.0000,0.0000,0.0000,0.0000,45,0,0,0,0,13,0,0,0,0
zc,TA301,2012-06-13 09:04:42.493,7008.0000,149206,0,0.0000,0.0000,0,0,多换,B,7006.0000,0.0000,0.0000,0.0000,0.0000,7008.0000,0.0000,0.0000,0.0000,0.0000,55,0,0,0,0,13,0,0,0,0
zc,TA301,2012-06-13 09:04:43.010,7008.0000,149208,2,0.0000,26.0000,14,12,多开,B,7008.0000,0.0000,0.0000,0.0000,0.0000,7010.0000,0.0000,0.0000,0.0000,0.0000,34,0,0,0,0,4,0,0,0,0
zc,TA301,2012-06-13 09:04:43.493,7008.0000,149212,4,0.0000,4.0000,4,0,双开,B,7008.0000,0.0000,0.0000,0.0000,0.0000,7010.0000,0.0000,0.0000,0.0000,0.0000,8,0,0,0,0,8,0,0,0,0
zc,TA301,2012-06-13 09:04:44.260,7010.0000,149210,-2,0.0000,42.0000,20,22,空平,B,7006.0000,0.0000,0.0000,0.0000,0.0000,7010.0000,0.0000,0.0000,0.0000,0.0000,52,0,0,0,0,1,0,0,0,0
zc,TA301,2012-06-13 09:04:44.760,7010.0000,149210,0,0.0000,0.0000,0,0,多换,B,7008.0000,0.0000,0.0000,0.0000,0.0000,7012.0000,0.0000,0.0000,0.0000,0.0000,42,0,0,0,0,13,0,0,0,0
zc,TA301,2012-06-13 09:04:45.527,7012.0000,149212,2,0.0000,2.0000,2,0,双开,B,7010.0000,0.0000,0.0000,0.0000,0.0000,7012.0000,0.0000,0.0000,0.0000,0.0000,6,0,0,0,0,12,0,0,0,0
zc,TA301,2012-06-13 09:04:45.993,7012.0000,149318,106,0.0000,148.0000,127,21,多开,B,7012.0000,0.0000,0.0000,0.0000,0.0000,7014.0000,0.0000,0.0000,0.0000,0.0000,28,0,0,0,0,13,0,0,0,0
zc,TA301,2012-06-13 09:04:46.743,7012.0000,149374,56,0.0000,56.0000,56,0,双开,B,7008.0000,0.0000,0.0000,0.0000,0.0000,7014.0000,0.0000,0.0000,0.0000,0.0000,33,0,0,0,0,19,0,0,0,0
zc,TA301,2012-06-13 09:04:47.243,7014.0000,149374,0,0.0000,20.0000,10,10,多换,B,7008.0000,0.0000,0.0000,0.0000,0.0000,7014.0000,0.0000,0.0000,0.0000,0.0000,52,0,0,0,0,14,0,0,0,0
zc,TA301,2012-06-13 09:04:47.760,7014.0000,149410,36,0.0000,36.0000,36,0,双开,B,7008.0000,0.0000,0.0000,0.0000,0.0000,7014.0000,0.0000,0.0000,0.0000,0.0000,56,0,0,0,0,14,0,0,0,0
zc,TA301,2012-06-13 09:04:48.260,7014.0000,149410,0,0.0000,0.0000,0,0,多换,B,7008.0000,0.0000,0.0000,0.0000,0.0000,7012.0000,0.0000,0.0000,0.0000,0.0000,56,0,0,0,0,1,0,0,0,0
zc,TA301,2012-06-13 09:04:49.027,7014.0000,149410,0,0.0000,2.0000,1,1,多换,B,7008.0000,0.0000,0.0000,0.0000,0.0000,7014.0000,0.0000,0.0000,0.0000,0.0000,56,0,0,0,0,14,0,0,0,0
zc,TA301,2012-06-13 09:04:50.027,7014.0000,149440,30,0.0000,30.0000,30,0,双开,B,7010.0000,0.0000,0.0000,0.0000,0.0000,7012.0000,0.0000,0.0000,0.0000,0.0000,5,0,0,0,0,3,0,0,0,0
zc,TA301,2012-06-13 09:04:50.790,7014.0000,149440,0,0.0000,2.0000,1,1,多换,B,7010.0000,0.0000,0.0000,0.0000,0.0000,7012.0000,0.0000,0.0000,0.0000,0.0000,5,0,0,0,0,10,0,0,0,0
zc,TA301,2012-06-13 09:04:51.260,7010.0000,149440,0,0.0000,4.0000,2,2,空换,S,7010.0000,0.0000,0.0000,0.0000,0.0000,7012.0000,0.0000,0.0000,0.0000,0.0000,4,0,0,0,0,10,0,0,0,0
zc,TA301,2012-06-13 09:04:51.980,7012.0000,149440,0,0.0000,2.0000,1,1,多换,B,7010.0000,0.0000,0.0000,0.0000,0.0000,7012.0000,0.0000,0.0000,0.0000,0.0000,14,0,0,0,0,9,0,0,0,0
zc,TA301,2012-06-13 09:04:52.527,7012.0000,149446,6,0.0000,16.0000,11,5,多开,B,7012.0000,0.0000,0.0000,0.0000,0.0000,7014.0000,0.0000,0.0000,0.0000,0.0000,4,0,0,0,0,16,0,0,0,0
zc,TA301,2012-06-13 09:04:53.010,7012.0000,149446,0,0.0000,8.0000,4,4,多换,B,7010.0000,0.0000,0.0000,0.0000,0.0000,7014.0000,0.0000,0.0000,0.0000,0.0000,16,0,0,0,0,15,0,0,0,0
zc,TA301,2012-06-13 09:04:53.510,7012.0000,149446,0,0.0000,38.0000,19,19,多换,B,7012.0000,0.0000,0.0000,0.0000,0.0000,7014.0000,0.0000,0.0000,0.0000,0.0000,32,0,0,0,0,14,0,0,0,0
zc,TA301,2012-06-13 09:04:54.290,7012.0000,149448,2,0.0000,30.0000,16,14,多开,B,7012.0000,0.0000,0.0000,0.0000,0.0000,7014.0000,0.0000,0.0000,0.0000,0.0000,18,0,0,0,0,16,0,0,0,0
zc,TA301,2012-06-13 09:04:54.730,7014.0000,149452,4,0.0000,28.0000,16,12,多开,B,7012.0000,0.0000,0.0000,0.0000,0.0000,7014.0000,0.0000,0.0000,0.0000,0.0000,7,0,0,0,0,15,0,0,0,0
zc,TA301,2012-06-13 09:04:55.510,7012.0000,149450,-2,0.0000,18.0000,8,10,多平,S,7010.0000,0.0000,0.0000,0.0000,0.0000,7012.0000,0.0000,0.0000,0.0000,0.0000,85,0,0,0,0,19,0,0,0,0
zc,TA301,2012-06-13 09:04:56.010,7010.0000,149448,-2,0.0000,28.0000,13,15,多平,S,7010.0000,0.0000,0.0000,0.0000,0.0000,7012.0000,0.0000,0.0000,0.0000,0.0000,82,0,0,0,0,24,0,0,0,0
zc,TA301,2012-06-13 09:04:56.480,7012.0000,149450,2,0.0000,2.0000,2,0,双开,B,7010.0000,0.0000,0.0000,0.0000,0.0000,7012.0000,0.0000,0.0000,0.0000,0.0000,83,0,0,0,0,21,0,0,0,0
zc,TA301,2012-06-13 09:04:57.230,7012.0000,149452,2,0.0000,4.0000,3,1,多开,B,7010.0000,0.0000,0.0000,0.0000,0.0000,7012.0000,0.0000,0.0000,0.0000,0.0000,83,0,0,0,0,29,0,0,0,0
zc,TA301,2012-06-13 09:04:57.463,7012.0000,149462,10,0.0000,14.0000,12,2,多开,B,7010.0000,0.0000,0.0000,0.0000,0.0000,7012.0000,0.0000,0.0000,0.0000,0.0000,85,0,0,0,0,22,0,0,0,0
zc,TA301,2012-06-13 09:04:58.213,7012.0000,149462,0,0.0000,0.0000,0,0,多换,B,7010.0000,0.0000,0.0000,0.0000,0.0000,7012.0000,0.0000,0.0000,0.0000,0.0000,85,0,0,0,0,35,0,0,0,0
zc,TA301,2012-06-13 09:04:58.713,7012.0000,149462,0,0.0000,0.0000,0,0,多换,B,7010.0000,0.0000,0.0000,0.0000,0.0000,7012.0000,0.0000,0.0000,0.0000,0.0000,85,0,0,0,0,39,0,0,0,0
zc,TA301,2012-06-13 09:04:59.260,7012.0000,149458,-4,0.0000,80.0000,38,42,空平,B,7012.0000,0.0000,0.0000,0.0000,0.0000,7014.0000,0.0000,0.0000,0.0000,0.0000,35,0,0,0,0,26,0,0,0,0
zc,TA301,2012-06-13 09:04:59.980,7012.0000,149458,0,0.0000,18.0000,9,9,多换,B,7012.0000,0.0000,0.0000,0.0000,0.0000,7014.0000,0.0000,0.0000,0.0000,0.0000,26,0,0,0,0,27,0,0,0,0
zc,TA301,2012-06-13 09:05:00.510,7012.0000,149458,0,0.0000,6.0000,3,3,多换,B,7012.0000,0.0000,0.0000,0.0000,0.0000,7014.0000,0.0000,0.0000,0.0000,0.0000,23,0,0,0,0,30,0,0,0,0
zc,TA301,2012-06-13 09:05:01.243,7012.0000,149456,-2,0.0000,32.0000,15,17,空平,B,7012.0000,0.0000,0.0000,0.0000,0.0000,7014.0000,0.0000,0.0000,0.0000,0.0000,7,0,0,0,0,37,0,0,0,0
zc,TA301,2012-06-13 09:05:02.510,7012.0000,149466,10,0.0000,48.0000,29,19,多开,B,7010.0000,0.0000,0.0000,0.0000,0.0000,7014.0000,0.0000,0.0000,0.0000,0.0000,88,0,0,0,0,20,0,0,0,0
zc,TA301,2012-06-13 09:05:02.760,7012.0000,149468,2,0.0000,24.0000,13,11,多开,B,7010.0000,0.0000,0.0000,0.0000,0.0000,7012.0000,0.0000,0.0000,0.0000,0.0000,81,0,0,0,0,1,0,0,0,0
zc,TA301,2012-06-13 09:05:03.480,7012.0000,149470,2,0.0000,2.0000,2,0,双开,B,7010.0000,0.0000,0.0000,0.0000,0.0000,7012.0000,0.0000,0.0000,0.0000,0.0000,14,0,0,0,0,2,0,0,0,0
zc,TA301,2012-06-13 09:05:03.993,7012.0000,149492,22,0.0000,22.0000,22,0,双开,B,7010.0000,0.0000,0.0000,0.0000,0.0000,7012.0000,0.0000,0.0000,0.0000,0.0000,14,0,0,0,0,11,0,0,0,0
zc,TA301,2012-06-13 09:05:04.760,7012.0000,149500,8,0.0000,78.0000,43,35,多开,B,7012.0000,0.0000,0.0000,0.0000,0.0000,7014.0000,0.0000,0.0000,0.0000,0.0000,42,0,0,0,0,29,0,0,0,0
zc,TA301,2012-06-13 09:05:05.277,7012.0000,149496,-4,0.0000,28.0000,12,16,空平,B,7012.0000,0.0000,0.0000,0.0000,0.0000,7014.0000,0.0000,0.0000,0.0000,0.0000,34,0,0,0,0,26,0,0,0,0
zc,TA301,2012-06-13 09:05:06.103,7012.0000,149492,-4,0.0000,20.0000,8,12,空平,B,7012.0000,0.0000,0.0000,0.0000,0.0000,7014.0000,0.0000,0.0000,0.0000,0.0000,24,0,0,0,0,30,0,0,0,0
zc,TA301,2012-06-13 09:05:06.540,7010.0000,149504,12,0.0000,52.0000,32,20,空开,S,7008.0000,0.0000,0.0000,0.0000,0.0000,7010.0000,0.0000,0.0000,0.0000,0.0000,41,0,0,0,0,174,0,0,0,0
zc,TA301,2012-06-13 09:05:07.040,7010.0000,149506,2,0.0000,22.0000,12,10,空开,S,7008.0000,0.0000,0.0000,0.0000,0.0000,7010.0000,0.0000,0.0000,0.0000,0.0000,41,0,0,0,0,163,0,0,0,0
zc,TA301,2012-06-13 09:05:07.760,7008.0000,149524,18,0.0000,136.0000,77,59,空开,S,7006.0000,0.0000,0.0000,0.0000,0.0000,7010.0000,0.0000,0.0000,0.0000,0.0000,41,0,0,0,0,188,0,0,0,0
zc,TA301,2012-06-13 09:05:08.243,7008.0000,149524,0,0.0000,10.0000,5,5,空换,S,7006.0000,0.0000,0.0000,0.0000,0.0000,7010.0000,0.0000,0.0000,0.0000,0.0000,41,0,0,0,0,292,0,0,0,0
zc,TA301,2012-06-13 09:05:08.993,7008.0000,149526,2,0.0000,2.0000,2,0,双开,S,7006.0000,0.0000,0.0000,0.0000,0.0000,7010.0000,0.0000,0.0000,0.0000,0.0000,41,0,0,0,0,291,0,0,0,0
zc,TA301,2012-06-13 09:05:09.290,7006.0000,149568,42,0.0000,72.0000,57,15,空开,S,7004.0000,0.0000,0.0000,0.0000,0.0000,7006.0000,0.0000,0.0000,0.0000,0.0000,26,0,0,0,0,109,0,0,0,0
zc,TA301,2012-06-13 09:05:10.260,7006.0000,149568,0,0.0000,0.0000,0,0,空换,S,7004.0000,0.0000,0.0000,0.0000,0.0000,7006.0000,0.0000,0.0000,0.0000,0.0000,26,0,0,0,0,111,0,0,0,0
zc,TA301,2012-06-13 09:05:11.260,7006.0000,149570,2,0.0000,2.0000,2,0,双开,S,7004.0000,0.0000,0.0000,0.0000,0.0000,7006.0000,0.0000,0.0000,0.0000,0.0000,26,0,0,0,0,110,0,0,0,0
zc,TA301,2012-06-13 09:05:11.760,7006.0000,149570,0,0.0000,0.0000,0,0,空换,S,7004.0000,0.0000,0.0000,0.0000,0.0000,7006.0000,0.0000,0.0000,0.0000,0.0000,24,0,0,0,0,105,0,0,0,0
zc,TA301,2012-06-13 09:05:12.510,7004.0000,149606,36,0.0000,48.0000,42,6,空开,S,7002.0000,0.0000,0.0000,0.0000,0.0000,7004.0000,0.0000,0.0000,0.0000,0.0000,86,0,0,0,0,3,0,0,0,0
zc,TA301,2012-06-13 09:05:13.027,7002.0000,149608,2,0.0000,2.0000,2,0,双开,S,7002.0000,0.0000,0.0000,0.0000,0.0000,7004.0000,0.0000,0.0000,0.0000,0.0000,85,0,0,0,0,79,0,0,0,0
zc,TA301,2012-06-13 09:05:13.790,7002.0000,149644,36,0.0000,160.0000,98,62,空开,S,7002.0000,0.0000,0.0000,0.0000,0.0000,7004.0000,0.0000,0.0000,0.0000,0.0000,5,0,0,0,0,1,0,0,0,0
zc,TA301,2012-06-13 09:05:14.527,7002.0000,149654,10,0.0000,12.0000,11,1,空开,S,7000.0000,0.0000,0.0000,0.0000,0.0000,7002.0000,0.0000,0.0000,0.0000,0.0000,133,0,0,0,0,2,0,0,0,0
zc,TA301,2012-06-13 09:05:15.073,7004.0000,149664,10,0.0000,10.0000,10,0,双开,B,7000.0000,0.0000,0.0000,0.0000,0.0000,7002.0000,0.0000,0.0000,0.0000,0.0000,135,0,0,0,0,6,0,0,0,0
zc,TA301,2012-06-13 09:05:15.510,7004.0000,149664,0,0.0000,0.0000,0,0,多换,B,7000.0000,0.0000,0.0000,0.0000,0.0000,7002.0000,0.0000,0.0000,0.0000,0.0000,133,0,0,0,0,6,0,0,0,0
zc,TA301,2012-06-13 09:05:16.040,7000.0000,149664,0,0.0000,2.0000,1,1,空换,S,7000.0000,0.0000,0.0000,0.0000,0.0000,7002.0000,0.0000,0.0000,0.0000,0.0000,132,0,0,0,0,12,0,0,0,0
zc,TA301,2012-06-13 09:05:16.760,7002.0000,149664,0,0.0000,2.0000,1,1,多换,B,7000.0000,0.0000,0.0000,0.0000,0.0000,7002.0000,0.0000,0.0000,0.0000,0.0000,132,0,0,0,0,7,0,0,0,0
zc,TA301,2012-06-13 09:05:17.307,7002.0000,149664,0,0.0000,6.0000,3,3,多换,B,7000.0000,0.0000,0.0000,0.0000,0.0000,7002.0000,0.0000,0.0000,0.0000,0.0000,132,0,0,0,0,3,0,0,0,0
zc,TA301,2012-06-13 09:05:18.040,7004.0000,149672,8,0.0000,60.0000,34,26,多开,B,7004.0000,0.0000,0.0000,0.0000,0.0000,7006.0000,0.0000,0.0000,0.0000,0.0000,28,0,0,0,0,6,0,0,0,0
zc,TA301,2012-06-13 09:05:18.480,7004.0000,149670,-2,0.0000,12.0000,5,7,空平,B,7004.0000,0.0000,0.0000,0.0000,0.0000,7006.0000,0.0000,0.0000,0.0000,0.0000,22,0,0,0,0,1,0,0,0,0
zc,TA301,2012-06-13 09:05:19.323,7002.0000,149688,18,0.0000,62.0000,40,22,空开,S,7002.0000,0.0000,0.0000,0.0000,0.0000,7006.0000,0.0000,0.0000,0.0000,0.0000,45,0,0,0,0,4,0,0,0,0
zc,TA301,2012-06-13 09:05:19.743,7006.0000,149690,2,0.0000,2.0000,2,0,双开,B,7002.0000,0.0000,0.0000,0.0000,0.0000,7004.0000,0.0000,0.0000,0.0000,0.0000,52,0,0,0,0,1,0,0,0,0
zc,TA301,2012-06-13 09:05:20.557,7004.0000,149692,2,0.0000,2.0000,2,0,双开,S,7004.0000,0.0000,0.0000,0.0000,0.0000,7006.0000,0.0000,0.0000,0.0000,0.0000,1,0,0,0,0,2,0,0,0,0
zc,TA301,2012-06-13 09:05:21.040,7002.0000,149694,2,0.0000,4.0000,3,1,空开,S,7002.0000,0.0000,0.0000,0.0000,0.0000,7004.0000,0.0000,0.0000,0.0000,0.0000,52,0,0,0,0,4,0,0,0,0
zc,TA301,2012-06-13 09:05:21.807,7004.0000,149700,6,0.0000,16.0000,11,5,多开,B,7002.0000,0.0000,0.0000,0.0000,0.0000,7004.0000,0.0000,0.0000,0.0000,0.0000,47,0,0,0,0,3,0,0,0,0
zc,TA301,2012-06-13 09:05:22.277,7002.0000,149702,2,0.0000,28.0000,15,13,空开,S,7002.0000,0.0000,0.0000,0.0000,0.0000,7004.0000,0.0000,0.0000,0.0000,0.0000,32,0,0,0,0,2,0,0,0,0
zc,TA301,2012-06-13 09:05:23.010,7000.0000,149754,52,0.0000,106.0000,79,27,空开,S,7000.0000,0.0000,0.0000,0.0000,0.0000,7002.0000,0.0000,0.0000,0.0000,0.0000,215,0,0,0,0,4,0,0,0,0
zc,TA301,2012-06-13 09:05:23.540,7000.0000,149764,10,0.0000,58.0000,34,24,空开,S,7000.0000,0.0000,0.0000,0.0000,0.0000,7002.0000,0.0000,0.0000,0.0000,0.0000,188,0,0,0,0,20,0,0,0,0
zc,TA301,2012-06-13 09:05:24.290,7002.0000,149766,2,0.0000,56.0000,29,27,多开,B,7000.0000,0.0000,0.0000,0.0000,0.0000,7002.0000,0.0000,0.0000,0.0000,0.0000,162,0,0,0,0,13,0,0,0,0
zc,TA301,2012-06-13 09:05:25.057,7002.0000,149764,-2,0.0000,22.0000,10,12,空平,B,7000.0000,0.0000,0.0000,0.0000,0.0000,7002.0000,0.0000,0.0000,0.0000,0.0000,154,0,0,0,0,10,0,0,0,0
zc,TA301,2012-06-13 09:05:25.290,7000.0000,149764,0,0.0000,8.0000,4,4,空换,S,7000.0000,0.0000,0.0000,0.0000,0.0000,7002.0000,0.0000,0.0000,0.0000,0.0000,151,0,0,0,0,10,0,0,0,0
zc,TA301,2012-06-13 09:05:26.010,7000.0000,149740,-24,0.0000,26.0000,1,25,多平,S,7000.0000,0.0000,0.0000,0.0000,0.0000,7002.0000,0.0000,0.0000,0.0000,0.0000,138,0,0,0,0,10,0,0,0,0
zc,TA301,2012-06-13 09:05:26.493,7000.0000,149680,-60,0.0000,180.0000,60,120,多平,S,7000.0000,0.0000,0.0000,0.0000,0.0000,7004.0000,0.0000,0.0000,0.0000,0.0000,75,0,0,0,0,21,0,0,0,0
zc,TA301,2012-06-13 09:05:27.277,7004.0000,149682,2,0.0000,106.0000,54,52,多开,B,7002.0000,0.0000,0.0000,0.0000,0.0000,7004.0000,0.0000,0.0000,0.0000,0.0000,1,0,0,0,0,21,0,0,0,0
zc,TA301,2012-06-13 09:05:27.790,7000.0000,149668,-14,0.0000,18.0000,2,16,多平,S,7002.0000,0.0000,0.0000,0.0000,0.0000,7004.0000,0.0000,0.0000,0.0000,0.0000,3,0,0,0,0,22,0,0,0,0
zc,TA301,2012-06-13 09:05:28.540,7000.0000,149660,-8,0.0000,8.0000,0,8,双平,S,7000.0000,0.0000,0.0000,0.0000,0.0000,7004.0000,0.0000,0.0000,0.0000,0.0000,29,0,0,0,0,22,0,0,0,0
zc,TA301,2012-06-13 09:05:29.230,7004.0000,149660,0,0.0000,8.0000,4,4,多换,B,7000.0000,0.0000,0.0000,0.0000,0.0000,7002.0000,0.0000,0.0000,0.0000,0.0000,39,0,0,0,0,1,0,0,0,0
zc,TA301,2012-06-13 09:05:30.040,7002.0000,149662,2,0.0000,2.0000,2,0,双开,S,7000.0000,0.0000,0.0000,0.0000,0.0000,7004.0000,0.0000,0.0000,0.0000,0.0000,39,0,0,0,0,17,0,0,0,0
zc,TA301,2012-06-13 09:05:30.540,7002.0000,149662,0,0.0000,0.0000,0,0,空换,S,7002.0000,0.0000,0.0000,0.0000,0.0000,7004.0000,0.0000,0.0000,0.0000,0.0000,1,0,0,0,0,17,0,0,0,0
zc,TA301,2012-06-13 09:05:31.777,7004.0000,149652,-10,0.0000,14.0000,2,12,空平,B,7002.0000,0.0000,0.0000,0.0000,0.0000,7004.0000,0.0000,0.0000,0.0000,0.0000,14,0,0,0,0,32,0,0,0,0
zc,TA301,2012-06-13 09:05:32.540,7002.0000,149650,-2,0.0000,6.0000,2,4,多平,S,7002.0000,0.0000,0.0000,0.0000,0.0000,7004.0000,0.0000,0.0000,0.0000,0.0000,97,0,0,0,0,31,0,0,0,0
zc,TA301,2012-06-13 09:05:33.027,7002.0000,149650,0,0.0000,4.0000,2,2,空换,S,7002.0000,0.0000,0.0000,0.0000,0.0000,7004.0000,0.0000,0.0000,0.0000,0.0000,96,0,0,0,0,30,0,0,0,0
zc,TA301,2012-06-13 09:05:34.027,7004.0000,149596,-54,0.0000,82.0000,14,68,空平,B,7002.0000,0.0000,0.0000,0.0000,0.0000,7006.0000,0.0000,0.0000,0.0000,0.0000,56,0,0,0,0,8,0,0,0,0
zc,TA301,2012-06-13 09:05:34.277,7004.0000,149596,0,0.0000,0.0000,0,0,多换,B,7004.0000,0.0000,0.0000,0.0000,0.0000,7006.0000,0.0000,0.0000,0.0000,0.0000,1,0,0,0,0,8,0,0,0,0
zc,TA301,2012-06-13 09:05:35.277,7002.0000,149598,2,0.0000,24.0000,13,11,空开,S,7002.0000,0.0000,0.0000,0.0000,0.0000,7006.0000,0.0000,0.0000,0.0000,0.0000,63,0,0,0,0,8,0,0,0,0
zc,TA301,2012-06-13 09:05:35.777,7006.0000,149596,-2,0.0000,8.0000,3,5,空平,B,7004.0000,0.0000,0.0000,0.0000,0.0000,7006.0000,0.0000,0.0000,0.0000,0.0000,4,0,0,0,0,8,0,0,0,0
zc,TA301,2012-06-13 09:05:36.557,7004.0000,149594,-2,0.0000,4.0000,1,3,多平,S,7004.0000,0.0000,0.0000,0.0000,0.0000,7006.0000,0.0000,0.0000,0.0000,0.0000,9,0,0,0,0,3,0,0,0,0
zc,TA301,2012-06-13 09:05:37.010,7004.0000,149594,0,0.0000,2.0000,1,1,空换,S,7004.0000,0.0000,0.0000,0.0000,0.0000,7006.0000,0.0000,0.0000,0.0000,0.0000,2,0,0,0,0,3,0,0,0,0
zc,TA301,2012-06-13 09:05:37.777,7002.0000,149596,2,0.0000,6.0000,4,2,空开,S,7002.0000,0.0000,0.0000,0.0000,0.0000,7006.0000,0.0000,0.0000,0.0000,0.0000,25,0,0,0,0,3,0,0,0,0
zc,TA301,2012-06-13 09:05:38.027,7002.0000,149596,0,0.0000,0.0000,0,0,空换,S,7004.0000,0.0000,0.0000,0.0000,0.0000,7006.0000,0.0000,0.0000,0.0000,0.0000,24,0,0,0,0,3,0,0,0,0
zc,TA301,2012-06-13 09:05:38.980,7004.0000,149598,2,0.0000,6.0000,4,2,多开,B,7004.0000,0.0000,0.0000,0.0000,0.0000,7006.0000,0.0000,0.0000,0.0000,0.0000,25,0,0,0,0,2,0,0,0,0
zc,TA301,2012-06-13 09:05:39.277,7006.0000,149598,0,0.0000,4.0000,2,2,多换,B,7004.0000,0.0000,0.0000,0.0000,0.0000,7006.0000,0.0000,0.0000,0.0000,0.0000,28,0,0,0,0,6,0,0,0,0
zc,TA301,2012-06-13 09:05:40.277,7004.0000,149538,-60,0.0000,60.0000,0,60,双平,S,7004.0000,0.0000,0.0000,0.0000,0.0000,7006.0000,0.0000,0.0000,0.0000,0.0000,4,0,0,0,0,6,0,0,0,0
zc,TA301,2012-06-13 09:05:40.807,7002.0000,149716,178,0.0000,298.0000,238,60,空开,S,7000.0000,0.0000,0.0000,0.0000,0.0000,7002.0000,0.0000,0.0000,0.0000,0.0000,72,0,0,0,0,10,0,0,0,0
zc,TA301,2012-06-13 09:05:41.290,7002.0000,149716,0,0.0000,20.0000,10,10,空换,S,7000.0000,0.0000,0.0000,0.0000,0.0000,7004.0000,0.0000,0.0000,0.0000,0.0000,64,0,0,0,0,5,0,0,0,0
zc,TA301,2012-06-13 09:05:42.073,7004.0000,149718,2,0.0000,2.0000,2,0,双开,B,7002.0000,0.0000,0.0000,0.0000,0.0000,7004.0000,0.0000,0.0000,0.0000,0.0000,13,0,0,0,0,9,0,0,0,0
zc,TA301,2012-06-13 09:05:42.493,7004.0000,149700,-18,0.0000,22.0000,2,20,空平,B,7002.0000,0.0000,0.0000,0.0000,0.0000,7004.0000,0.0000,0.0000,0.0000,0.0000,3,0,0,0,0,8,0,0,0,0
zc,TA301,2012-06-13 09:05:43.290,7002.0000,149700,0,0.0000,10.0000,5,5,空换,S,7002.0000,0.0000,0.0000,0.0000,0.0000,7004.0000,0.0000,0.0000,0.0000,0.0000,28,0,0,0,0,8,0,0,0,0
zc,TA301,2012-06-13 09:05:43.730,7002.0000,149694,-6,0.0000,6.0000,0,6,双平,S,7002.0000,0.0000,0.0000,0.0000,0.0000,7004.0000,0.0000,0.0000,0.0000,0.0000,25,0,0,0,0,8,0,0,0,0
zc,TA301,2012-06-13 09:05:44.510,7004.0000,149694,0,0.0000,8.0000,4,4,多换,B,7002.0000,0.0000,0.0000,0.0000,0.0000,7004.0000,0.0000,0.0000,0.0000,0.0000,23,0,0,0,0,6,0,0,0,0
zc,TA301,2012-06-13 09:05:44.993,7004.0000,149690,-4,0.0000,10.0000,3,7,空平,B,7002.0000,0.0000,0.0000,0.0000,0.0000,7004.0000,0.0000,0.0000,0.0000,0.0000,21,0,0,0,0,3,0,0,0,0
zc,TA301,2012-06-13 09:05:45.807,7004.0000,149690,0,0.0000,2.0000,1,1,多换,B,7002.0000,0.0000,0.0000,0.0000,0.0000,7004.0000,0.0000,0.0000,0.0000,0.0000,19,0,0,0,0,10,0,0,0,0
zc,TA301,2012-06-13 09:05:46.307,7004.0000,149690,0,0.0000,4.0000,2,2,多换,B,7002.0000,0.0000,0.0000,0.0000,0.0000,7004.0000,0.0000,0.0000,0.0000,0.0000,21,0,0,0,0,8,0,0,0,0
zc,TA301,2012-06-13 09:05:47.057,7002.0000,149692,2,0.0000,90.0000,46,44,空开,S,7000.0000,0.0000,0.0000,0.0000,0.0000,7002.0000,0.0000,0.0000,0.0000,0.0000,51,0,0,0,0,356,0,0,0,0
