市场代码,合约代码,时间,最新,持仓,增仓,成交额,成交量,开仓,平仓,成交类型,方向,买一价,买二价,买三价,买四价,买五价,卖一价,卖二价,卖三价,卖四价,卖五价,买一量,买二量,买三量,买四量,买五量,卖一量,卖二量,卖三量,卖四量,卖五量
zc,WS209,2012-06-13 07:43:35.697,0.0000,224384,0,0.0000,0.0000,0,0,空换,S,0.0000,0.0000,0.0000,0.0000,0.0000,0.0000,0.0000,0.0000,0.0000,0.0000,0,0,0,0,0,0,0,0,0,0
zc,WS209,2012-06-13 07:51:30.197,0.0000,224384,0,0.0000,0.0000,0,0,空换,S,0.0000,0.0000,0.0000,0.0000,0.0000,0.0000,0.0000,0.0000,0.0000,0.0000,0,0,0,0,0,0,0,0,0,0
zc,WS209,2012-06-13 07:55:30.183,0.0000,224384,0,0.0000,0.0000,0,0,空换,S,0.0000,0.0000,0.0000,0.0000,0.0000,0.0000,0.0000,0.0000,0.0000,0.0000,0,0,0,0,0,0,0,0,0,0
zc,WS209,2012-06-13 08:03:30.197,0.0000,224384,0,0.0000,0.0000,0,0,空换,S,0.0000,0.0000,0.0000,0.0000,0.0000,0.0000,0.0000,0.0000,0.0000,0.0000,0,0,0,0,0,0,0,0,0,0
zc,WS209,2012-06-13 08:05:30.197,0.0000,224384,0,0.0000,0.0000,0,0,空换,S,0.0000,0.0000,0.0000,0.0000,0.0000,0.0000,0.0000,0.0000,0.0000,0.0000,0,0,0,0,0,0,0,0,0,0
zc,WS209,2012-06-13 08:15:31.493,0.0000,224384,0,0.0000,0.0000,0,0,空换,S,0.0000,0.0000,0.0000,0.0000,0.0000,0.0000,0.0000,0.0000,0.0000,0.0000,0,0,0,0,0,0,0,0,0,0
zc,WS209,2012-06-13 08:18:31.493,0.0000,224384,0,0.0000,0.0000,0,0,空换,S,0.0000,0.0000,0.0000,0.0000,0.0000,0.0000,0.0000,0.0000,0.0000,0.0000,0,0,0,0,0,0,0,0,0,0
zc,WS209,2012-06-13 08:24:31.493,0.0000,224384,0,0.0000,0.0000,0,0,空换,S,0.0000,0.0000,0.0000,0.0000,0.0000,0.0000,0.0000,0.0000,0.0000,0.0000,0,0,0,0,0,0,0,0,0,0
zc,WS209,2012-06-13 08:26:31.493,0.0000,224384,0,0.0000,0.0000,0,0,空换,S,0.0000,0.0000,0.0000,0.0000,0.0000,0.0000,0.0000,0.0000,0.0000,0.0000,0,0,0,0,0,0,0,0,0,0
zc,WS209,2012-06-13 08:30:31.480,0.0000,224384,0,0.0000,0.0000,0,0,空换,S,0.0000,0.0000,0.0000,0.0000,0.0000,0.0000,0.0000,0.0000,0.0000,0.0000,0,0,0,0,0,0,0,0,0,0
zc,WS209,2012-06-13 08:34:31.480,0.0000,224384,0,0.0000,0.0000,0,0,空换,S,0.0000,0.0000,0.0000,0.0000,0.0000,0.0000,0.0000,0.0000,0.0000,0.0000,0,0,0,0,0,0,0,0,0,0
zc,WS209,2012-06-13 08:35:31.480,0.0000,224384,0,0.0000,0.0000,0,0,空换,S,0.0000,0.0000,0.0000,0.0000,0.0000,0.0000,0.0000,0.0000,0.0000,0.0000,0,0,0,0,0,0,0,0,0,0
zc,WS209,2012-06-13 08:37:31.480,0.0000,224384,0,0.0000,0.0000,0,0,空换,S,0.0000,0.0000,0.0000,0.0000,0.0000,0.0000,0.0000,0.0000,0.0000,0.0000,0,0,0,0,0,0,0,0,0,0
zc,WS209,2012-06-13 08:55:34.197,0.0000,224384,0,0.0000,0.0000,0,0,空换,S,0.0000,0.0000,0.0000,0.0000,0.0000,0.0000,0.0000,0.0000,0.0000,0.0000,0,0,0,0,0,0,0,0,0,0
zc,WS209,2012-06-13 08:55:53.947,0.0000,224384,0,0.0000,0.0000,0,0,空换,S,0.0000,0.0000,0.0000,0.0000,0.0000,0.0000,0.0000,0.0000,0.0000,0.0000,0,0,0,0,0,0,0,0,0,0
zc,WS209,2012-06-13 08:56:31.447,0.0000,224384,0,0.0000,0.0000,0,0,空换,S,0.0000,0.0000,0.0000,0.0000,0.0000,0.0000,0.0000,0.0000,0.0000,0.0000,0,0,0,0,0,0,0,0,0,0
zc,WS209,2012-06-13 08:56:45.447,0.0000,224384,0,0.0000,0.0000,0,0,空换,S,0.0000,0.0000,0.0000,0.0000,0.0000,0.0000,0.0000,0.0000,0.0000,0.0000,0,0,0,0,0,0,0,0,0,0
zc,WS209,2012-06-13 08:56:59.447,0.0000,224384,0,0.0000,0.0000,0,0,空换,S,0.0000,0.0000,0.0000,0.0000,0.0000,0.0000,0.0000,0.0000,0.0000,0.0000,0,0,0,0,0,0,0,0,0,0
zc,WS209,2012-06-13 08:57:24.947,0.0000,224384,0,0.0000,0.0000,0,0,空换,S,0.0000,0.0000,0.0000,0.0000,0.0000,0.0000,0.0000,0.0000,0.0000,0.0000,0,0,0,0,0,0,0,0,0,0
zc,WS209,2012-06-13 08:57:31.463,0.0000,224384,0,0.0000,0.0000,0,0,空换,S,0.0000,0.0000,0.0000,0.0000,0.0000,0.0000,0.0000,0.0000,0.0000,0.0000,0,0,0,0,0,0,0,0,0,0
zc,WS209,2012-06-13 09:00:01.337,2427.0000,224382,-2,0.0000,6.0000,2,4,空平,B,2427.0000,0.0000,0.0000,0.0000,0.0000,2428.0000,0.0000,0.0000,0.0000,0.0000,52,0,0,0,0,2,0,0,0,0
zc,WS209,2012-06-13 09:00:03.167,2430.0000,224418,36,0.0000,52.0000,44,8,多开,B,2428.0000,0.0000,0.0000,0.0000,0.0000,2429.0000,0.0000,0.0000,0.0000,0.0000,33,0,0,0,0,2,0,0,0,0
zc,WS209,2012-06-13 09:00:03.917,2429.0000,224420,2,0.0000,10.0000,6,4,空开,S,2428.0000,0.0000,0.0000,0.0000,0.0000,2429.0000,0.0000,0.0000,0.0000,0.0000,6,0,0,0,0,3,0,0,0,0
zc,WS209,2012-06-13 09:00:04.887,2428.0000,224426,6,0.0000,6.0000,6,0,双开,S,2427.0000,0.0000,0.0000,0.0000,0.0000,2428.0000,0.0000,0.0000,0.0000,0.0000,105,0,0,0,0,7,0,0,0,0
zc,WS209,2012-06-13 09:00:05.307,2428.0000,224430,4,0.0000,4.0000,4,0,双开,S,2427.0000,0.0000,0.0000,0.0000,0.0000,2428.0000,0.0000,0.0000,0.0000,0.0000,105,0,0,0,0,5,0,0,0,0
zc,WS209,2012-06-13 09:00:06.103,2428.0000,224432,2,0.0000,2.0000,2,0,双开,S,2427.0000,0.0000,0.0000,0.0000,0.0000,2428.0000,0.0000,0.0000,0.0000,0.0000,105,0,0,0,0,4,0,0,0,0
zc,WS209,2012-06-13 09:00:06.887,2428.0000,224440,8,0.0000,10.0000,9,1,空开,S,2428.0000,0.0000,0.0000,0.0000,0.0000,2429.0000,0.0000,0.0000,0.0000,0.0000,6,0,0,0,0,2,0,0,0,0
zc,WS209,2012-06-13 09:00:07.370,2428.0000,224440,0,0.0000,2.0000,1,1,空换,S,2428.0000,0.0000,0.0000,0.0000,0.0000,2429.0000,0.0000,0.0000,0.0000,0.0000,5,0,0,0,0,2,0,0,0,0
zc,WS209,2012-06-13 09:00:07.790,2428.0000,224440,0,0.0000,4.0000,2,2,空换,S,2428.0000,0.0000,0.0000,0.0000,0.0000,2429.0000,0.0000,0.0000,0.0000,0.0000,3,0,0,0,0,2,0,0,0,0
zc,WS209,2012-06-13 09:00:08.853,2428.0000,224440,0,0.0000,0.0000,0,0,空换,S,2428.0000,0.0000,0.0000,0.0000,0.0000,2429.0000,0.0000,0.0000,0.0000,0.0000,4,0,0,0,0,2,0,0,0,0
zc,WS209,2012-06-13 09:00:10.637,2428.0000,224440,0,0.0000,8.0000,4,4,空换,S,2427.0000,0.0000,0.0000,0.0000,0.0000,2429.0000,0.0000,0.0000,0.0000,0.0000,129,0,0,0,0,2,0,0,0,0
zc,WS209,2012-06-13 09:00:12.137,2429.0000,224432,-8,0.0000,8.0000,0,8,双平,B,2429.0000,0.0000,0.0000,0.0000,0.0000,2430.0000,0.0000,0.0000,0.0000,0.0000,5,0,0,0,0,68,0,0,0,0
zc,WS209,2012-06-13 09:00:13.353,2429.0000,224432,0,0.0000,0.0000,0,0,多换,B,2429.0000,0.0000,0.0000,0.0000,0.0000,2430.0000,0.0000,0.0000,0.0000,0.0000,5,0,0,0,0,67,0,0,0,0
zc,WS209,2012-06-13 09:00:14.057,2429.0000,224432,0,0.0000,0.0000,0,0,多换,B,2429.0000,0.0000,0.0000,0.0000,0.0000,2430.0000,0.0000,0.0000,0.0000,0.0000,23,0,0,0,0,67,0,0,0,0
zc,WS209,2012-06-13 09:00:14.603,2430.0000,224434,2,0.0000,2.0000,2,0,双开,B,2429.0000,0.0000,0.0000,0.0000,0.0000,2430.0000,0.0000,0.0000,0.0000,0.0000,23,0,0,0,0,66,0,0,0,0
zc,WS209,2012-06-13 09:00:15.853,2430.0000,224434,0,0.0000,0.0000,0,0,多换,B,2429.0000,0.0000,0.0000,0.0000,0.0000,2430.0000,0.0000,0.0000,0.0000,0.0000,22,0,0,0,0,68,0,0,0,0
zc,WS209,2012-06-13 09:00:16.620,2430.0000,224434,0,0.0000,2.0000,1,1,多换,B,2429.0000,0.0000,0.0000,0.0000,0.0000,2430.0000,0.0000,0.0000,0.0000,0.0000,22,0,0,0,0,65,0,0,0,0
zc,WS209,2012-06-13 09:00:17.103,2430.0000,224434,0,0.0000,0.0000,0,0,多换,B,2429.0000,0.0000,0.0000,0.0000,0.0000,2430.0000,0.0000,0.0000,0.0000,0.0000,23,0,0,0,0,66,0,0,0,0
zc,WS209,2012-06-13 09:00:17.837,2430.0000,224434,0,0.0000,0.0000,0,0,多换,B,2429.0000,0.0000,0.0000,0.0000,0.0000,2430.0000,0.0000,0.0000,0.0000,0.0000,23,0,0,0,0,76,0,0,0,0
zc,WS209,2012-06-13 09:00:19.073,2430.0000,224436,2,0.0000,4.0000,3,1,多开,B,2429.0000,0.0000,0.0000,0.0000,0.0000,2430.0000,0.0000,0.0000,0.0000,0.0000,23,0,0,0,0,74,0,0,0,0
zc,WS209,2012-06-13 09:00:19.587,2430.0000,224436,0,0.0000,2.0000,1,1,多换,B,2429.0000,0.0000,0.0000,0.0000,0.0000,2430.0000,0.0000,0.0000,0.0000,0.0000,23,0,0,0,0,74,0,0,0,0
zc,WS209,2012-06-13 09:00:20.307,2430.0000,224436,0,0.0000,0.0000,0,0,多换,B,2429.0000,0.0000,0.0000,0.0000,0.0000,2430.0000,0.0000,0.0000,0.0000,0.0000,23,0,0,0,0,75,0,0,0,0
zc,WS209,2012-06-13 09:00:21.073,2430.0000,224436,0,0.0000,0.0000,0,0,多换,B,2429.0000,0.0000,0.0000,0.0000,0.0000,2430.0000,0.0000,0.0000,0.0000,0.0000,23,0,0,0,0,85,0,0,0,0
zc,WS209,2012-06-13 09:00:21.853,2430.0000,224436,0,0.0000,0.0000,0,0,多换,B,2429.0000,0.0000,0.0000,0.0000,0.0000,2430.0000,0.0000,0.0000,0.0000,0.0000,23,0,0,0,0,83,0,0,0,0
zc,WS209,2012-06-13 09:00:23.137,2430.0000,224436,0,0.0000,10.0000,5,5,多换,B,2429.0000,0.0000,0.0000,0.0000,0.0000,2430.0000,0.0000,0.0000,0.0000,0.0000,23,0,0,0,0,79,0,0,0,0
zc,WS209,2012-06-13 09:00:24.557,2429.0000,224434,-2,0.0000,14.0000,6,8,多平,S,2429.0000,0.0000,0.0000,0.0000,0.0000,2430.0000,0.0000,0.0000,0.0000,0.0000,17,0,0,0,0,80,0,0,0,0
zc,WS209,2012-06-13 09:00:25.087,2430.0000,224432,-2,0.0000,4.0000,1,3,空平,B,2429.0000,0.0000,0.0000,0.0000,0.0000,2430.0000,0.0000,0.0000,0.0000,0.0000,16,0,0,0,0,79,0,0,0,0
zc,WS209,2012-06-13 09:00:25.527,2429.0000,224432,0,0.0000,2.0000,1,1,空换,S,2429.0000,0.0000,0.0000,0.0000,0.0000,2430.0000,0.0000,0.0000,0.0000,0.0000,15,0,0,0,0,78,0,0,0,0
zc,WS209,2012-06-13 09:00:26.040,2430.0000,224436,4,0.0000,10.0000,7,3,多开,B,2429.0000,0.0000,0.0000,0.0000,0.0000,2430.0000,0.0000,0.0000,0.0000,0.0000,15,0,0,0,0,73,0,0,0,0
zc,WS209,2012-06-13 09:00:26.790,2429.0000,224436,0,0.0000,16.0000,8,8,空换,S,2429.0000,0.0000,0.0000,0.0000,0.0000,2430.0000,0.0000,0.0000,0.0000,0.0000,7,0,0,0,0,107,0,0,0,0
zc,WS209,2012-06-13 09:00:27.307,2429.0000,224442,6,0.0000,14.0000,10,4,空开,S,2428.0000,0.0000,0.0000,0.0000,0.0000,2429.0000,0.0000,0.0000,0.0000,0.0000,62,0,0,0,0,8,0,0,0,0
zc,WS209,2012-06-13 09:00:28.040,2429.0000,224450,8,0.0000,8.0000,8,0,双开,S,2428.0000,0.0000,0.0000,0.0000,0.0000,2429.0000,0.0000,0.0000,0.0000,0.0000,62,0,0,0,0,4,0,0,0,0
zc,WS209,2012-06-13 09:00:28.777,2429.0000,224450,0,0.0000,0.0000,0,0,空换,S,2428.0000,0.0000,0.0000,0.0000,0.0000,2429.0000,0.0000,0.0000,0.0000,0.0000,63,0,0,0,0,4,0,0,0,0
zc,WS209,2012-06-13 09:00:29.603,2429.0000,224450,0,0.0000,0.0000,0,0,空换,S,2428.0000,0.0000,0.0000,0.0000,0.0000,2429.0000,0.0000,0.0000,0.0000,0.0000,55,0,0,0,0,4,0,0,0,0
zc,WS209,2012-06-13 09:00:30.027,2429.0000,224450,0,0.0000,0.0000,0,0,空换,S,2428.0000,0.0000,0.0000,0.0000,0.0000,2429.0000,0.0000,0.0000,0.0000,0.0000,63,0,0,0,0,4,0,0,0,0
zc,WS209,2012-06-13 09:00:30.807,2429.0000,224450,0,0.0000,0.0000,0,0,空换,S,2428.0000,0.0000,0.0000,0.0000,0.0000,2429.0000,0.0000,0.0000,0.0000,0.0000,90,0,0,0,0,6,0,0,0,0
zc,WS209,2012-06-13 09:00:32.057,2429.0000,224450,0,0.0000,0.0000,0,0,空换,S,2428.0000,0.0000,0.0000,0.0000,0.0000,2429.0000,0.0000,0.0000,0.0000,0.0000,57,0,0,0,0,13,0,0,0,0
zc,WS209,2012-06-13 09:00:32.603,2429.0000,224456,6,0.0000,6.0000,6,0,双开,S,2428.0000,0.0000,0.0000,0.0000,0.0000,2429.0000,0.0000,0.0000,0.0000,0.0000,48,0,0,0,0,11,0,0,0,0
zc,WS209,2012-06-13 09:00:33.323,2429.0000,224456,0,0.0000,0.0000,0,0,空换,S,2428.0000,0.0000,0.0000,0.0000,0.0000,2429.0000,0.0000,0.0000,0.0000,0.0000,46,0,0,0,0,29,0,0,0,0
zc,WS209,2012-06-13 09:00:33.837,2429.0000,224456,0,0.0000,0.0000,0,0,空换,S,2428.0000,0.0000,0.0000,0.0000,0.0000,2429.0000,0.0000,0.0000,0.0000,0.0000,44,0,0,0,0,29,0,0,0,0
zc,WS209,2012-06-13 09:00:34.573,2429.0000,224456,0,0.0000,0.0000,0,0,空换,S,2428.0000,0.0000,0.0000,0.0000,0.0000,2429.0000,0.0000,0.0000,0.0000,0.0000,6,0,0,0,0,29,0,0,0,0
zc,WS209,2012-06-13 09:00:35.073,2429.0000,224458,2,0.0000,6.0000,4,2,空开,S,2428.0000,0.0000,0.0000,0.0000,0.0000,2429.0000,0.0000,0.0000,0.0000,0.0000,6,0,0,0,0,26,0,0,0,0
zc,WS209,2012-06-13 09:00:36.337,2429.0000,224458,0,0.0000,6.0000,3,3,空换,S,2428.0000,0.0000,0.0000,0.0000,0.0000,2429.0000,0.0000,0.0000,0.0000,0.0000,5,0,0,0,0,24,0,0,0,0
zc,WS209,2012-06-13 09:00:37.353,2429.0000,224458,0,0.0000,0.0000,0,0,空换,S,2428.0000,0.0000,0.0000,0.0000,0.0000,2429.0000,0.0000,0.0000,0.0000,0.0000,6,0,0,0,0,24,0,0,0,0
zc,WS209,2012-06-13 09:00:37.837,2429.0000,224458,0,0.0000,0.0000,0,0,空换,S,2428.0000,0.0000,0.0000,0.0000,0.0000,2429.0000,0.0000,0.0000,0.0000,0.0000,16,0,0,0,0,24,0,0,0,0
zc,WS209,2012-06-13 09:00:38.557,2428.0000,224458,0,0.0000,34.0000,17,17,空换,S,2427.0000,0.0000,0.0000,0.0000,0.0000,2428.0000,0.0000,0.0000,0.0000,0.0000,132,0,0,0,0,3,0,0,0,0
zc,WS209,2012-06-13 09:00:39.073,2427.0000,224458,0,0.0000,6.0000,3,3,空换,S,2427.0000,0.0000,0.0000,0.0000,0.0000,2428.0000,0.0000,0.0000,0.0000,0.0000,131,0,0,0,0,1,0,0,0,0
zc,WS209,2012-06-13 09:00:40.137,2429.0000,224458,0,0.0000,4.0000,2,2,多换,B,2427.0000,0.0000,0.0000,0.0000,0.0000,2429.0000,0.0000,0.0000,0.0000,0.0000,131,0,0,0,0,23,0,0,0,0
zc,WS209,2012-06-13 09:00:40.527,2429.0000,224458,0,0.0000,2.0000,1,1,多换,B,2427.0000,0.0000,0.0000,0.0000,0.0000,2429.0000,0.0000,0.0000,0.0000,0.0000,131,0,0,0,0,22,0,0,0,0
zc,WS209,2012-06-13 09:00:41.370,2429.0000,224458,0,0.0000,0.0000,0,0,多换,B,2428.0000,0.0000,0.0000,0.0000,0.0000,2429.0000,0.0000,0.0000,0.0000,0.0000,1,0,0,0,0,22,0,0,0,0
zc,WS209,2012-06-13 09:00:41.823,2429.0000,224458,0,0.0000,0.0000,0,0,多换,B,2428.0000,0.0000,0.0000,0.0000,0.0000,2429.0000,0.0000,0.0000,0.0000,0.0000,4,0,0,0,0,22,0,0,0,0
zc,WS209,2012-06-13 09:00:43.040,2429.0000,224458,0,0.0000,0.0000,0,0,多换,B,2428.0000,0.0000,0.0000,0.0000,0.0000,2429.0000,0.0000,0.0000,0.0000,0.0000,5,0,0,0,0,22,0,0,0,0
zc,WS209,2012-06-13 09:00:44.557,2429.0000,224458,0,0.0000,0.0000,0,0,多换,B,2428.0000,0.0000,0.0000,0.0000,0.0000,2429.0000,0.0000,0.0000,0.0000,0.0000,54,0,0,0,0,42,0,0,0,0
zc,WS209,2012-06-13 09:00:45.353,2429.0000,224458,0,0.0000,0.0000,0,0,多换,B,2428.0000,0.0000,0.0000,0.0000,0.0000,2429.0000,0.0000,0.0000,0.0000,0.0000,102,0,0,0,0,42,0,0,0,0
zc,WS209,2012-06-13 09:00:46.307,2428.0000,224460,2,0.0000,2.0000,2,0,双开,S,2428.0000,0.0000,0.0000,0.0000,0.0000,2429.0000,0.0000,0.0000,0.0000,0.0000,101,0,0,0,0,42,0,0,0,0
zc,WS209,2012-06-13 09:00:47.323,2428.0000,224460,0,0.0000,0.0000,0,0,空换,S,2428.0000,0.0000,0.0000,0.0000,0.0000,2429.0000,0.0000,0.0000,0.0000,0.0000,102,0,0,0,0,42,0,0,0,0
zc,WS209,2012-06-13 09:00:48.073,2429.0000,224460,0,0.0000,2.0000,1,1,多换,B,2428.0000,0.0000,0.0000,0.0000,0.0000,2429.0000,0.0000,0.0000,0.0000,0.0000,108,0,0,0,0,43,0,0,0,0
zc,WS209,2012-06-13 09:00:48.870,2429.0000,224460,0,0.0000,0.0000,0,0,多换,B,2428.0000,0.0000,0.0000,0.0000,0.0000,2429.0000,0.0000,0.0000,0.0000,0.0000,105,0,0,0,0,43,0,0,0,0
zc,WS209,2012-06-13 09:00:49.337,2429.0000,224460,0,0.0000,4.0000,2,2,多换,B,2428.0000,0.0000,0.0000,0.0000,0.0000,2429.0000,0.0000,0.0000,0.0000,0.0000,103,0,0,0,0,41,0,0,0,0
zc,WS209,2012-06-13 09:00:50.337,2429.0000,224460,0,0.0000,78.0000,39,39,多换,B,2429.0000,0.0000,0.0000,0.0000,0.0000,2430.0000,0.0000,0.0000,0.0000,0.0000,38,0,0,0,0,83,0,0,0,0
zc,WS209,2012-06-13 09:00:50.917,2429.0000,224460,0,0.0000,0.0000,0,0,多换,B,2429.0000,0.0000,0.0000,0.0000,0.0000,2430.0000,0.0000,0.0000,0.0000,0.0000,29,0,0,0,0,85,0,0,0,0
zc,WS209,2012-06-13 09:00:51.527,2429.0000,224460,0,0.0000,2.0000,1,1,多换,B,2429.0000,0.0000,0.0000,0.0000,0.0000,2430.0000,0.0000,0.0000,0.0000,0.0000,34,0,0,0,0,75,0,0,0,0
zc,WS209,2012-06-13 09:00:52.790,2429.0000,224460,0,0.0000,0.0000,0,0,多换,B,2429.0000,0.0000,0.0000,0.0000,0.0000,2430.0000,0.0000,0.0000,0.0000,0.0000,54,0,0,0,0,75,0,0,0,0
zc,WS209,2012-06-13 09:00:53.323,2429.0000,224460,0,0.0000,0.0000,0,0,多换,B,2429.0000,0.0000,0.0000,0.0000,0.0000,2430.0000,0.0000,0.0000,0.0000,0.0000,55,0,0,0,0,75,0,0,0,0
zc,WS209,2012-06-13 09:00:54.120,2430.0000,224466,6,0.0000,6.0000,6,0,双开,B,2429.0000,0.0000,0.0000,0.0000,0.0000,2430.0000,0.0000,0.0000,0.0000,0.0000,81,0,0,0,0,72,0,0,0,0
zc,WS209,2012-06-13 09:00:54.603,2430.0000,224468,2,0.0000,2.0000,2,0,双开,B,2429.0000,0.0000,0.0000,0.0000,0.0000,2430.0000,0.0000,0.0000,0.0000,0.0000,80,0,0,0,0,71,0,0,0,0
zc,WS209,2012-06-13 09:00:55.400,2430.0000,224470,2,0.0000,2.0000,2,0,双开,B,2429.0000,0.0000,0.0000,0.0000,0.0000,2430.0000,0.0000,0.0000,0.0000,0.0000,79,0,0,0,0,70,0,0,0,0
zc,WS209,2012-06-13 09:00:55.790,2430.0000,224474,4,0.0000,4.0000,4,0,双开,B,2429.0000,0.0000,0.0000,0.0000,0.0000,2430.0000,0.0000,0.0000,0.0000,0.0000,77,0,0,0,0,68,0,0,0,0
zc,WS209,2012-06-13 09:00:57.087,2430.0000,224476,2,0.0000,2.0000,2,0,双开,B,2429.0000,0.0000,0.0000,0.0000,0.0000,2430.0000,0.0000,0.0000,0.0000,0.0000,76,0,0,0,0,67,0,0,0,0
zc,WS209,2012-06-13 09:00:57.777,2430.0000,224480,4,0.0000,4.0000,4,0,双开,B,2429.0000,0.0000,0.0000,0.0000,0.0000,2430.0000,0.0000,0.0000,0.0000,0.0000,74,0,0,0,0,66,0,0,0,0
zc,WS209,2012-06-13 09:00:59.150,2430.0000,224480,0,0.0000,0.0000,0,0,多换,B,2429.0000,0.0000,0.0000,0.0000,0.0000,2430.0000,0.0000,0.0000,0.0000,0.0000,27,0,0,0,0,67,0,0,0,0
zc,WS209,2012-06-13 09:01:00.137,2429.0000,224480,0,0.0000,2.0000,1,1,空换,S,2429.0000,0.0000,0.0000,0.0000,0.0000,2430.0000,0.0000,0.0000,0.0000,0.0000,26,0,0,0,0,66,0,0,0,0
zc,WS209,2012-06-13 09:01:02.603,2429.0000,224480,0,0.0000,0.0000,0,0,空换,S,2429.0000,0.0000,0.0000,0.0000,0.0000,2430.0000,0.0000,0.0000,0.0000,0.0000,37,0,0,0,0,66,0,0,0,0
zc,WS209,2012-06-13 09:01:03.337,2429.0000,224480,0,0.0000,2.0000,1,1,空换,S,2429.0000,0.0000,0.0000,0.0000,0.0000,2430.0000,0.0000,0.0000,0.0000,0.0000,37,0,0,0,0,66,0,0,0,0
zc,WS209,2012-06-13 09:01:03.777,2429.0000,224480,0,0.0000,20.0000,10,10,空换,S,2429.0000,0.0000,0.0000,0.0000,0.0000,2430.0000,0.0000,0.0000,0.0000,0.0000,31,0,0,0,0,66,0,0,0,0
zc,WS209,2012-06-13 09:01:05.120,2429.0000,224480,0,0.0000,0.0000,0,0,空换,S,2429.0000,0.0000,0.0000,0.0000,0.0000,2430.0000,0.0000,0.0000,0.0000,0.0000,26,0,0,0,0,66,0,0,0,0
zc,WS209,2012-06-13 09:01:06.870,2429.0000,224478,-2,0.0000,2.0000,0,2,双平,S,2429.0000,0.0000,0.0000,0.0000,0.0000,2430.0000,0.0000,0.0000,0.0000,0.0000,25,0,0,0,0,69,0,0,0,0
zc,WS209,2012-06-13 09:01:07.573,2429.0000,224478,0,0.0000,0.0000,0,0,空换,S,2429.0000,0.0000,0.0000,0.0000,0.0000,2430.0000,0.0000,0.0000,0.0000,0.0000,26,0,0,0,0,69,0,0,0,0
zc,WS209,2012-06-13 09:01:08.790,2429.0000,224474,-4,0.0000,4.0000,0,4,双平,S,2429.0000,0.0000,0.0000,0.0000,0.0000,2430.0000,0.0000,0.0000,0.0000,0.0000,27,0,0,0,0,69,0,0,0,0
zc,WS209,2012-06-13 09:01:09.150,2429.0000,224474,0,0.0000,0.0000,0,0,空换,S,2429.0000,0.0000,0.0000,0.0000,0.0000,2430.0000,0.0000,0.0000,0.0000,0.0000,29,0,0,0,0,70,0,0,0,0
zc,WS209,2012-06-13 09:01:09.853,2429.0000,224462,-12,0.0000,12.0000,0,12,双平,S,2429.0000,0.0000,0.0000,0.0000,0.0000,2430.0000,0.0000,0.0000,0.0000,0.0000,23,0,0,0,0,73,0,0,0,0
zc,WS209,2012-06-13 09:01:10.290,2429.0000,224428,-34,0.0000,40.0000,3,37,多平,S,2429.0000,0.0000,0.0000,0.0000,0.0000,2430.0000,0.0000,0.0000,0.0000,0.0000,1,0,0,0,0,73,0,0,0,0
zc,WS209,2012-06-13 09:01:11.353,2429.0000,224430,2,0.0000,2.0000,2,0,双开,S,2428.0000,0.0000,0.0000,0.0000,0.0000,2430.0000,0.0000,0.0000,0.0000,0.0000,56,0,0,0,0,73,0,0,0,0
zc,WS209,2012-06-13 09:01:11.510,2429.0000,224430,0,0.0000,0.0000,0,0,空换,S,2428.0000,0.0000,0.0000,0.0000,0.0000,2430.0000,0.0000,0.0000,0.0000,0.0000,56,0,0,0,0,74,0,0,0,0
zc,WS209,2012-06-13 09:01:12.307,2428.0000,224432,2,0.0000,2.0000,2,0,双开,S,2428.0000,0.0000,0.0000,0.0000,0.0000,2430.0000,0.0000,0.0000,0.0000,0.0000,55,0,0,0,0,76,0,0,0,0
zc,WS209,2012-06-13 09:01:13.120,2428.0000,224432,0,0.0000,0.0000,0,0,空换,S,2428.0000,0.0000,0.0000,0.0000,0.0000,2430.0000,0.0000,0.0000,0.0000,0.0000,55,0,0,0,0,77,0,0,0,0
zc,WS209,2012-06-13 09:01:13.853,2428.0000,224432,0,0.0000,0.0000,0,0,空换,S,2428.0000,0.0000,0.0000,0.0000,0.0000,2430.0000,0.0000,0.0000,0.0000,0.0000,55,0,0,0,0,85,0,0,0,0
zc,WS209,2012-06-13 09:01:19.120,2428.0000,224432,0,0.0000,0.0000,0,0,空换,S,2428.0000,0.0000,0.0000,0.0000,0.0000,2429.0000,0.0000,0.0000,0.0000,0.0000,55,0,0,0,0,1,0,0,0,0
zc,WS209,2012-06-13 09:01:20.290,2428.0000,224442,10,0.0000,10.0000,10,0,双开,S,2428.0000,0.0000,0.0000,0.0000,0.0000,2429.0000,0.0000,0.0000,0.0000,0.0000,50,0,0,0,0,1,0,0,0,0
zc,WS209,2012-06-13 09:01:20.823,2428.0000,224442,0,0.0000,0.0000,0,0,空换,S,2428.0000,0.0000,0.0000,0.0000,0.0000,2429.0000,0.0000,0.0000,0.0000,0.0000,42,0,0,0,0,2,0,0,0,0
zc,WS209,2012-06-13 09:01:21.557,2429.0000,224442,0,0.0000,4.0000,2,2,多换,B,2428.0000,0.0000,0.0000,0.0000,0.0000,2429.0000,0.0000,0.0000,0.0000,0.0000,42,0,0,0,0,2,0,0,0,0
zc,WS209,2012-06-13 09:01:22.073,2429.0000,224442,0,0.0000,0.0000,0,0,多换,B,2428.0000,0.0000,0.0000,0.0000,0.0000,2429.0000,0.0000,0.0000,0.0000,0.0000,42,0,0,0,0,3,0,0,0,0
zc,WS209,2012-06-13 09:01:22.870,2429.0000,224442,0,0.0000,0.0000,0,0,多换,B,2428.0000,0.0000,0.0000,0.0000,0.0000,2429.0000,0.0000,0.0000,0.0000,0.0000,31,0,0,0,0,4,0,0,0,0
zc,WS209,2012-06-13 09:01:23.337,2429.0000,224442,0,0.0000,0.0000,0,0,多换,B,2428.0000,0.0000,0.0000,0.0000,0.0000,2429.0000,0.0000,0.0000,0.0000,0.0000,32,0,0,0,0,4,0,0,0,0
zc,WS209,2012-06-13 09:01:24.057,2429.0000,224442,0,0.0000,0.0000,0,0,多换,B,2428.0000,0.0000,0.0000,0.0000,0.0000,2429.0000,0.0000,0.0000,0.0000,0.0000,32,0,0,0,0,5,0,0,0,0
zc,WS209,2012-06-13 09:01:24.853,2429.0000,224442,0,0.0000,0.0000,0,0,多换,B,2428.0000,0.0000,0.0000,0.0000,0.0000,2429.0000,0.0000,0.0000,0.0000,0.0000,28,0,0,0,0,5,0,0,0,0
zc,WS209,2012-06-13 09:01:25.853,2429.0000,224442,0,0.0000,0.0000,0,0,多换,B,2428.0000,0.0000,0.0000,0.0000,0.0000,2429.0000,0.0000,0.0000,0.0000,0.0000,27,0,0,0,0,5,0,0,0,0
zc,WS209,2012-06-13 09:01:26.277,2429.0000,224442,0,0.0000,40.0000,20,20,多换,B,2428.0000,0.0000,0.0000,0.0000,0.0000,2429.0000,0.0000,0.0000,0.0000,0.0000,27,0,0,0,0,5,0,0,0,0
zc,WS209,2012-06-13 09:01:27.040,2429.0000,224444,2,0.0000,2.0000,2,0,双开,B,2428.0000,0.0000,0.0000,0.0000,0.0000,2429.0000,0.0000,0.0000,0.0000,0.0000,27,0,0,0,0,4,0,0,0,0
zc,WS209,2012-06-13 09:01:29.290,2428.0000,224446,2,0.0000,2.0000,2,0,双开,S,2428.0000,0.0000,0.0000,0.0000,0.0000,2429.0000,0.0000,0.0000,0.0000,0.0000,26,0,0,0,0,4,0,0,0,0
zc,WS209,2012-06-13 09:01:30.027,2428.0000,224446,0,0.0000,0.0000,0,0,空换,S,2428.0000,0.0000,0.0000,0.0000,0.0000,2429.0000,0.0000,0.0000,0.0000,0.0000,48,0,0,0,0,4,0,0,0,0
zc,WS209,2012-06-13 09:01:30.557,2429.0000,224446,0,0.0000,2.0000,1,1,多换,B,2428.0000,0.0000,0.0000,0.0000,0.0000,2429.0000,0.0000,0.0000,0.0000,0.0000,48,0,0,0,0,3,0,0,0,0
zc,WS209,2012-06-13 09:01:31.823,2429.0000,224446,0,0.0000,0.0000,0,0,多换,B,2428.0000,0.0000,0.0000,0.0000,0.0000,2429.0000,0.0000,0.0000,0.0000,0.0000,49,0,0,0,0,3,0,0,0,0
zc,WS209,2012-06-13 09:01:33.557,2429.0000,224446,0,0.0000,0.0000,0,0,多换,B,2428.0000,0.0000,0.0000,0.0000,0.0000,2429.0000,0.0000,0.0000,0.0000,0.0000,50,0,0,0,0,3,0,0,0,0
zc,WS209,2012-06-13 09:01:34.777,2429.0000,224446,0,0.0000,2.0000,1,1,多换,B,2428.0000,0.0000,0.0000,0.0000,0.0000,2429.0000,0.0000,0.0000,0.0000,0.0000,50,0,0,0,0,3,0,0,0,0
zc,WS209,2012-06-13 09:01:39.137,2429.0000,224450,4,0.0000,6.0000,5,1,多开,B,2429.0000,0.0000,0.0000,0.0000,0.0000,2430.0000,0.0000,0.0000,0.0000,0.0000,1,0,0,0,0,73,0,0,0,0
zc,WS209,2012-06-13 09:01:40.307,2429.0000,224452,2,0.0000,2.0000,2,0,双开,B,2428.0000,0.0000,0.0000,0.0000,0.0000,2429.0000,0.0000,0.0000,0.0000,0.0000,50,0,0,0,0,9,0,0,0,0
zc,WS209,2012-06-13 09:01:42.760,2429.0000,224452,0,0.0000,0.0000,0,0,多换,B,2428.0000,0.0000,0.0000,0.0000,0.0000,2429.0000,0.0000,0.0000,0.0000,0.0000,50,0,0,0,0,10,0,0,0,0
zc,WS209,2012-06-13 09:01:47.087,2429.0000,224452,0,0.0000,0.0000,0,0,多换,B,2428.0000,0.0000,0.0000,0.0000,0.0000,2429.0000,0.0000,0.0000,0.0000,0.0000,50,0,0,0,0,13,0,0,0,0
zc,WS209,2012-06-13 09:01:48.337,2429.0000,224452,0,0.0000,2.0000,1,1,多换,B,2428.0000,0.0000,0.0000,0.0000,0.0000,2429.0000,0.0000,0.0000,0.0000,0.0000,50,0,0,0,0,12,0,0,0,0
zc,WS209,2012-06-13 09:01:48.807,2429.0000,224452,0,0.0000,0.0000,0,0,多换,B,2428.0000,0.0000,0.0000,0.0000,0.0000,2429.0000,0.0000,0.0000,0.0000,0.0000,51,0,0,0,0,12,0,0,0,0
zc,WS209,2012-06-13 09:01:49.557,2429.0000,224452,0,0.0000,0.0000,0,0,多换,B,2428.0000,0.0000,0.0000,0.0000,0.0000,2429.0000,0.0000,0.0000,0.0000,0.0000,51,0,0,0,0,13,0,0,0,0
zc,WS209,2012-06-13 09:01:50.807,2429.0000,224452,0,0.0000,0.0000,0,0,多换,B,2428.0000,0.0000,0.0000,0.0000,0.0000,2429.0000,0.0000,0.0000,0.0000,0.0000,51,0,0,0,0,14,0,0,0,0
zc,WS209,2012-06-13 09:01:52.010,2429.0000,224454,2,0.0000,2.0000,2,0,双开,B,2428.0000,0.0000,0.0000,0.0000,0.0000,2429.0000,0.0000,0.0000,0.0000,0.0000,50,0,0,0,0,13,0,0,0,0
zc,WS209,2012-06-13 09:01:53.353,2429.0000,224454,0,0.0000,0.0000,0,0,多换,B,2428.0000,0.0000,0.0000,0.0000,0.0000,2429.0000,0.0000,0.0000,0.0000,0.0000,50,0,0,0,0,14,0,0,0,0
zc,WS209,2012-06-13 09:01:53.790,2429.0000,224458,4,0.0000,4.0000,4,0,双开,B,2428.0000,0.0000,0.0000,0.0000,0.0000,2429.0000,0.0000,0.0000,0.0000,0.0000,48,0,0,0,0,12,0,0,0,0
zc,WS209,2012-06-13 09:01:55.823,2429.0000,224458,0,0.0000,0.0000,0,0,多换,B,2428.0000,0.0000,0.0000,0.0000,0.0000,2429.0000,0.0000,0.0000,0.0000,0.0000,49,0,0,0,0,12,0,0,0,0
zc,WS209,2012-06-13 09:01:56.290,2428.0000,224458,0,0.0000,20.0000,10,10,空换,S,2428.0000,0.0000,0.0000,0.0000,0.0000,2429.0000,0.0000,0.0000,0.0000,0.0000,39,0,0,0,0,12,0,0,0,0
zc,WS209,2012-06-13 09:02:01.040,2429.0000,224460,2,0.0000,2.0000,2,0,双开,B,2428.0000,0.0000,0.0000,0.0000,0.0000,2429.0000,0.0000,0.0000,0.0000,0.0000,38,0,0,0,0,11,0,0,0,0
zc,WS209,2012-06-13 09:02:01.557,2429.0000,224462,2,0.0000,2.0000,2,0,双开,B,2428.0000,0.0000,0.0000,0.0000,0.0000,2429.0000,0.0000,0.0000,0.0000,0.0000,37,0,0,0,0,10,0,0,0,0
zc,WS209,2012-06-13 09:02:09.290,2429.0000,224464,2,0.0000,2.0000,2,0,双开,B,2428.0000,0.0000,0.0000,0.0000,0.0000,2429.0000,0.0000,0.0000,0.0000,0.0000,37,0,0,0,0,9,0,0,0,0
zc,WS209,2012-06-13 09:02:10.323,2429.0000,224468,4,0.0000,4.0000,4,0,双开,B,2428.0000,0.0000,0.0000,0.0000,0.0000,2429.0000,0.0000,0.0000,0.0000,0.0000,36,0,0,0,0,7,0,0,0,0
zc,WS209,2012-06-13 09:02:10.823,2429.0000,224468,0,0.0000,0.0000,0,0,多换,B,2428.0000,0.0000,0.0000,0.0000,0.0000,2429.0000,0.0000,0.0000,0.0000,0.0000,24,0,0,0,0,17,0,0,0,0
zc,WS209,2012-06-13 09:02:11.540,2429.0000,224468,0,0.0000,2.0000,1,1,多换,B,2428.0000,0.0000,0.0000,0.0000,0.0000,2429.0000,0.0000,0.0000,0.0000,0.0000,24,0,0,0,0,16,0,0,0,0
zc,WS209,2012-06-13 09:02:13.260,2429.0000,224468,0,0.0000,0.0000,0,0,多换,B,2428.0000,0.0000,0.0000,0.0000,0.0000,2429.0000,0.0000,0.0000,0.0000,0.0000,24,0,0,0,0,25,0,0,0,0
zc,WS209,2012-06-13 09:02:15.540,2429.0000,224468,0,0.0000,0.0000,0,0,多换,B,2428.0000,0.0000,0.0000,0.0000,0.0000,2429.0000,0.0000,0.0000,0.0000,0.0000,23,0,0,0,0,25,0,0,0,0
zc,WS209,2012-06-13 09:02:16.807,2429.0000,224468,0,0.0000,0.0000,0,0,多换,B,2428.0000,0.0000,0.0000,0.0000,0.0000,2429.0000,0.0000,0.0000,0.0000,0.0000,23,0,0,0,0,28,0,0,0,0
zc,WS209,2012-06-13 09:02:17.323,2429.0000,224470,2,0.0000,2.0000,2,0,双开,B,2428.0000,0.0000,0.0000,0.0000,0.0000,2429.0000,0.0000,0.0000,0.0000,0.0000,23,0,0,0,0,27,0,0,0,0
zc,WS209,2012-06-13 09:02:19.807,2429.0000,224470,0,0.0000,0.0000,0,0,多换,B,2428.0000,0.0000,0.0000,0.0000,0.0000,2429.0000,0.0000,0.0000,0.0000,0.0000,26,0,0,0,0,17,0,0,0,0
zc,WS209,2012-06-13 09:02:21.353,2429.0000,224470,0,0.0000,0.0000,0,0,多换,B,2428.0000,0.0000,0.0000,0.0000,0.0000,2429.0000,0.0000,0.0000,0.0000,0.0000,25,0,0,0,0,17,0,0,0,0
zc,WS209,2012-06-13 09:02:21.777,2429.0000,224466,-4,0.0000,8.0000,2,6,空平,B,2428.0000,0.0000,0.0000,0.0000,0.0000,2429.0000,0.0000,0.0000,0.0000,0.0000,25,0,0,0,0,13,0,0,0,0
zc,WS209,2012-06-13 09:02:22.540,2429.0000,224466,0,0.0000,0.0000,0,0,多换,B,2428.0000,0.0000,0.0000,0.0000,0.0000,2429.0000,0.0000,0.0000,0.0000,0.0000,24,0,0,0,0,18,0,0,0,0
zc,WS209,2012-06-13 09:02:23.027,2429.0000,224466,0,0.0000,0.0000,0,0,多换,B,2428.0000,0.0000,0.0000,0.0000,0.0000,2429.0000,0.0000,0.0000,0.0000,0.0000,24,0,0,0,0,19,0,0,0,0
zc,WS209,2012-06-13 09:02:25.337,2429.0000,224466,0,0.0000,0.0000,0,0,多换,B,2428.0000,0.0000,0.0000,0.0000,0.0000,2429.0000,0.0000,0.0000,0.0000,0.0000,24,0,0,0,0,23,0,0,0,0
zc,WS209,2012-06-13 09:02:26.057,2429.0000,224466,0,0.0000,0.0000,0,0,多换,B,2428.0000,0.0000,0.0000,0.0000,0.0000,2429.0000,0.0000,0.0000,0.0000,0.0000,24,0,0,0,0,22,0,0,0,0
zc,WS209,2012-06-13 09:02:26.493,2429.0000,224466,0,0.0000,0.0000,0,0,多换,B,2428.0000,0.0000,0.0000,0.0000,0.0000,2429.0000,0.0000,0.0000,0.0000,0.0000,24,0,0,0,0,23,0,0,0,0
zc,WS209,2012-06-13 09:02:27.353,2429.0000,224466,0,0.0000,0.0000,0,0,多换,B,2428.0000,0.0000,0.0000,0.0000,0.0000,2429.0000,0.0000,0.0000,0.0000,0.0000,25,0,0,0,0,23,0,0,0,0
zc,WS209,2012-06-13 09:02:27.807,2429.0000,224466,0,0.0000,0.0000,0,0,多换,B,2428.0000,0.0000,0.0000,0.0000,0.0000,2429.0000,0.0000,0.0000,0.0000,0.0000,26,0,0,0,0,23,0,0,0,0
zc,WS209,2012-06-13 09:02:34.073,2429.0000,224466,0,0.0000,2.0000,1,1,多换,B,2428.0000,0.0000,0.0000,0.0000,0.0000,2429.0000,0.0000,0.0000,0.0000,0.0000,26,0,0,0,0,22,0,0,0,0
zc,WS209,2012-06-13 09:02:36.540,2429.0000,224466,0,0.0000,0.0000,0,0,多换,B,2428.0000,0.0000,0.0000,0.0000,0.0000,2429.0000,0.0000,0.0000,0.0000,0.0000,27,0,0,0,0,22,0,0,0,0
zc,WS209,2012-06-13 09:02:39.010,2429.0000,224466,0,0.0000,0.0000,0,0,多换,B,2428.0000,0.0000,0.0000,0.0000,0.0000,2429.0000,0.0000,0.0000,0.0000,0.0000,27,0,0,0,0,23,0,0,0,0
zc,WS209,2012-06-13 09:02:45.027,2429.0000,224466,0,0.0000,0.0000,0,0,多换,B,2428.0000,0.0000,0.0000,0.0000,0.0000,2429.0000,0.0000,0.0000,0.0000,0.0000,26,0,0,0,0,23,0,0,0,0
zc,WS209,2012-06-13 09:02:48.010,2428.0000,224466,0,0.0000,20.0000,10,10,空换,S,2428.0000,0.0000,0.0000,0.0000,0.0000,2429.0000,0.0000,0.0000,0.0000,0.0000,16,0,0,0,0,13,0,0,0,0
zc,WS209,2012-06-13 09:02:50.027,2428.0000,224470,4,0.0000,4.0000,4,0,双开,S,2428.0000,0.0000,0.0000,0.0000,0.0000,2429.0000,0.0000,0.0000,0.0000,0.0000,14,0,0,0,0,13,0,0,0,0
zc,WS209,2012-06-13 09:02:50.527,2428.0000,224470,0,0.0000,0.0000,0,0,空换,S,2428.0000,0.0000,0.0000,0.0000,0.0000,2429.0000,0.0000,0.0000,0.0000,0.0000,13,0,0,0,0,13,0,0,0,0
zc,WS209,2012-06-13 09:02:51.040,2429.0000,224476,6,0.0000,6.0000,6,0,双开,B,2428.0000,0.0000,0.0000,0.0000,0.0000,2429.0000,0.0000,0.0000,0.0000,0.0000,13,0,0,0,0,10,0,0,0,0
zc,WS209,2012-06-13 09:02:52.307,2428.0000,224474,-2,0.0000,8.0000,3,5,多平,S,2428.0000,0.0000,0.0000,0.0000,0.0000,2429.0000,0.0000,0.0000,0.0000,0.0000,9,0,0,0,0,15,0,0,0,0
zc,WS209,2012-06-13 09:02:53.540,2428.0000,224474,0,0.0000,12.0000,6,6,空换,S,2428.0000,0.0000,0.0000,0.0000,0.0000,2429.0000,0.0000,0.0000,0.0000,0.0000,4,0,0,0,0,13,0,0,0,0
zc,WS209,2012-06-13 09:02:54.040,2428.0000,224474,0,0.0000,0.0000,0,0,空换,S,2428.0000,0.0000,0.0000,0.0000,0.0000,2429.0000,0.0000,0.0000,0.0000,0.0000,3,0,0,0,0,11,0,0,0,0
zc,WS209,2012-06-13 09:02:54.807,2428.0000,224474,0,0.0000,0.0000,0,0,空换,S,2428.0000,0.0000,0.0000,0.0000,0.0000,2429.0000,0.0000,0.0000,0.0000,0.0000,3,0,0,0,0,12,0,0,0,0
zc,WS209,2012-06-13 09:02:55.323,2428.0000,224472,-2,0.0000,6.0000,2,4,多平,S,2427.0000,0.0000,0.0000,0.0000,0.0000,2428.0000,0.0000,0.0000,0.0000,0.0000,38,0,0,0,0,3,0,0,0,0
zc,WS209,2012-06-13 09:02:56.073,2427.0000,224472,0,0.0000,2.0000,1,1,空换,S,2427.0000,0.0000,0.0000,0.0000,0.0000,2428.0000,0.0000,0.0000,0.0000,0.0000,37,0,0,0,0,3,0,0,0,0
zc,WS209,2012-06-13 09:02:56.510,2427.0000,224472,0,0.0000,0.0000,0,0,空换,S,2427.0000,0.0000,0.0000,0.0000,0.0000,2428.0000,0.0000,0.0000,0.0000,0.0000,37,0,0,0,0,4,0,0,0,0
zc,WS209,2012-06-13 09:02:57.337,2427.0000,224472,0,0.0000,0.0000,0,0,空换,S,2427.0000,0.0000,0.0000,0.0000,0.0000,2428.0000,0.0000,0.0000,0.0000,0.0000,37,0,0,0,0,5,0,0,0,0
zc,WS209,2012-06-13 09:02:58.557,2427.0000,224472,0,0.0000,0.0000,0,0,空换,S,2427.0000,0.0000,0.0000,0.0000,0.0000,2428.0000,0.0000,0.0000,0.0000,0.0000,45,0,0,0,0,5,0,0,0,0
zc,WS209,2012-06-13 09:02:59.307,2428.0000,224472,0,0.0000,2.0000,1,1,多换,B,2427.0000,0.0000,0.0000,0.0000,0.0000,2428.0000,0.0000,0.0000,0.0000,0.0000,45,0,0,0,0,4,0,0,0,0
zc,WS209,2012-06-13 09:03:00.277,2428.0000,224472,0,0.0000,0.0000,0,0,多换,B,2427.0000,0.0000,0.0000,0.0000,0.0000,2428.0000,0.0000,0.0000,0.0000,0.0000,37,0,0,0,0,4,0,0,0,0
zc,WS209,2012-06-13 09:03:00.760,2428.0000,224472,0,0.0000,2.0000,1,1,多换,B,2427.0000,0.0000,0.0000,0.0000,0.0000,2428.0000,0.0000,0.0000,0.0000,0.0000,37,0,0,0,0,3,0,0,0,0
zc,WS209,2012-06-13 09:03:02.853,2428.0000,224472,0,0.0000,0.0000,0,0,多换,B,2427.0000,0.0000,0.0000,0.0000,0.0000,2428.0000,0.0000,0.0000,0.0000,0.0000,38,0,0,0,0,3,0,0,0,0
zc,WS209,2012-06-13 09:03:03.337,2428.0000,224472,0,0.0000,0.0000,0,0,多换,B,2427.0000,0.0000,0.0000,0.0000,0.0000,2428.0000,0.0000,0.0000,0.0000,0.0000,38,0,0,0,0,4,0,0,0,0
zc,WS209,2012-06-13 09:03:04.057,2427.0000,224472,0,0.0000,2.0000,1,1,空换,S,2427.0000,0.0000,0.0000,0.0000,0.0000,2428.0000,0.0000,0.0000,0.0000,0.0000,36,0,0,0,0,4,0,0,0,0
zc,WS209,2012-06-13 09:03:04.777,2428.0000,224474,2,0.0000,8.0000,5,3,多开,B,2428.0000,0.0000,0.0000,0.0000,0.0000,2429.0000,0.0000,0.0000,0.0000,0.0000,6,0,0,0,0,33,0,0,0,0
zc,WS209,2012-06-13 09:03:07.073,2428.0000,224474,0,0.0000,0.0000,0,0,多换,B,2428.0000,0.0000,0.0000,0.0000,0.0000,2429.0000,0.0000,0.0000,0.0000,0.0000,6,0,0,0,0,34,0,0,0,0
zc,WS209,2012-06-13 09:03:07.823,2428.0000,224474,0,0.0000,10.0000,5,5,多换,B,2428.0000,0.0000,0.0000,0.0000,0.0000,2429.0000,0.0000,0.0000,0.0000,0.0000,3,0,0,0,0,29,0,0,0,0
zc,WS209,2012-06-13 09:03:08.603,2428.0000,224472,-2,0.0000,6.0000,2,4,空平,B,2427.0000,0.0000,0.0000,0.0000,0.0000,2429.0000,0.0000,0.0000,0.0000,0.0000,37,0,0,0,0,26,0,0,0,0
zc,WS209,2012-06-13 09:03:09.103,2428.0000,224472,0,0.0000,0.0000,0,0,多换,B,2427.0000,0.0000,0.0000,0.0000,0.0000,2429.0000,0.0000,0.0000,0.0000,0.0000,37,0,0,0,0,27,0,0,0,0
zc,WS209,2012-06-13 09:03:09.853,2428.0000,224472,0,0.0000,0.0000,0,0,多换,B,2427.0000,0.0000,0.0000,0.0000,0.0000,2429.0000,0.0000,0.0000,0.0000,0.0000,37,0,0,0,0,26,0,0,0,0
zc,WS209,2012-06-13 09:03:10.307,2427.0000,224472,0,0.0000,2.0000,1,1,空换,S,2427.0000,0.0000,0.0000,0.0000,0.0000,2429.0000,0.0000,0.0000,0.0000,0.0000,36,0,0,0,0,26,0,0,0,0
zc,WS209,2012-06-13 09:03:11.120,2428.0000,224470,-2,0.0000,2.0000,0,2,双平,B,2427.0000,0.0000,0.0000,0.0000,0.0000,2429.0000,0.0000,0.0000,0.0000,0.0000,37,0,0,0,0,25,0,0,0,0
zc,WS209,2012-06-13 09:03:12.290,2428.0000,224470,0,0.0000,0.0000,0,0,多换,B,2427.0000,0.0000,0.0000,0.0000,0.0000,2429.0000,0.0000,0.0000,0.0000,0.0000,38,0,0,0,0,25,0,0,0,0
zc,WS209,2012-06-13 09:03:13.540,2428.0000,224470,0,0.0000,0.0000,0,0,多换,B,2427.0000,0.0000,0.0000,0.0000,0.0000,2428.0000,0.0000,0.0000,0.0000,0.0000,38,0,0,0,0,3,0,0,0,0
zc,WS209,2012-06-13 09:03:15.290,2428.0000,224470,0,0.0000,0.0000,0,0,多换,B,2427.0000,0.0000,0.0000,0.0000,0.0000,2428.0000,0.0000,0.0000,0.0000,0.0000,39,0,0,0,0,3,0,0,0,0
zc,WS209,2012-06-13 09:03:17.307,2427.0000,224470,0,0.0000,4.0000,2,2,空换,S,2427.0000,0.0000,0.0000,0.0000,0.0000,2428.0000,0.0000,0.0000,0.0000,0.0000,37,0,0,0,0,3,0,0,0,0
zc,WS209,2012-06-13 09:03:18.510,2427.0000,224470,0,0.0000,0.0000,0,0,空换,S,2427.0000,0.0000,0.0000,0.0000,0.0000,2428.0000,0.0000,0.0000,0.0000,0.0000,39,0,0,0,0,4,0,0,0,0
zc,WS209,2012-06-13 09:03:19.713,2427.0000,224474,4,0.0000,4.0000,4,0,双开,S,2427.0000,0.0000,0.0000,0.0000,0.0000,2428.0000,0.0000,0.0000,0.0000,0.0000,37,0,0,0,0,4,0,0,0,0
zc,WS209,2012-06-13 09:03:20.230,2428.0000,224480,6,0.0000,6.0000,6,0,双开,B,2427.0000,0.0000,0.0000,0.0000,0.0000,2428.0000,0.0000,0.0000,0.0000,0.0000,37,0,0,0,0,1,0,0,0,0
zc,WS209,2012-06-13 09:03:22.807,2428.0000,224480,0,0.0000,0.0000,0,0,多换,B,2427.0000,0.0000,0.0000,0.0000,0.0000,2428.0000,0.0000,0.0000,0.0000,0.0000,39,0,0,0,0,4,0,0,0,0
zc,WS209,2012-06-13 09:03:23.260,2428.0000,224480,0,0.0000,2.0000,1,1,多换,B,2427.0000,0.0000,0.0000,0.0000,0.0000,2429.0000,0.0000,0.0000,0.0000,0.0000,39,0,0,0,0,25,0,0,0,0
zc,WS209,2012-06-13 09:03:23.993,2428.0000,224480,0,0.0000,2.0000,1,1,多换,B,2427.0000,0.0000,0.0000,0.0000,0.0000,2429.0000,0.0000,0.0000,0.0000,0.0000,39,0,0,0,0,28,0,0,0,0
zc,WS209,2012-06-13 09:03:24.790,2428.0000,224480,0,0.0000,0.0000,0,0,多换,B,2427.0000,0.0000,0.0000,0.0000,0.0000,2428.0000,0.0000,0.0000,0.0000,0.0000,39,0,0,0,0,1,0,0,0,0
zc,WS209,2012-06-13 09:03:25.993,2428.0000,224480,0,0.0000,0.0000,0,0,多换,B,2427.0000,0.0000,0.0000,0.0000,0.0000,2428.0000,0.0000,0.0000,0.0000,0.0000,39,0,0,0,0,2,0,0,0,0
zc,WS209,2012-06-13 09:03:27.057,2428.0000,224480,0,0.0000,0.0000,0,0,多换,B,2427.0000,0.0000,0.0000,0.0000,0.0000,2428.0000,0.0000,0.0000,0.0000,0.0000,40,0,0,0,0,2,0,0,0,0
zc,WS209,2012-06-13 09:03:27.777,2428.0000,224480,0,0.0000,0.0000,0,0,多换,B,2427.0000,0.0000,0.0000,0.0000,0.0000,2428.0000,0.0000,0.0000,0.0000,0.0000,42,0,0,0,0,2,0,0,0,0
zc,WS209,2012-06-13 09:03:28.260,2428.0000,224480,0,0.0000,0.0000,0,0,多换,B,2427.0000,0.0000,0.0000,0.0000,0.0000,2428.0000,0.0000,0.0000,0.0000,0.0000,42,0,0,0,0,3,0,0,0,0
zc,WS209,2012-06-13 09:03:29.103,2428.0000,224480,0,0.0000,0.0000,0,0,多换,B,2427.0000,0.0000,0.0000,0.0000,0.0000,2428.0000,0.0000,0.0000,0.0000,0.0000,42,0,0,0,0,4,0,0,0,0
zc,WS209,2012-06-13 09:03:30.837,2428.0000,224480,0,0.0000,2.0000,1,1,多换,B,2427.0000,0.0000,0.0000,0.0000,0.0000,2428.0000,0.0000,0.0000,0.0000,0.0000,42,0,0,0,0,3,0,0,0,0
zc,WS209,2012-06-13 09:03:31.463,2428.0000,224482,2,0.0000,6.0000,4,2,多开,B,2427.0000,0.0000,0.0000,0.0000,0.0000,2429.0000,0.0000,0.0000,0.0000,0.0000,42,0,0,0,0,28,0,0,0,0
zc,WS209,2012-06-13 09:03:31.587,2428.0000,224482,0,0.0000,0.0000,0,0,多换,B,2427.0000,0.0000,0.0000,0.0000,0.0000,2429.0000,0.0000,0.0000,0.0000,0.0000,43,0,0,0,0,28,0,0,0,0
zc,WS209,2012-06-13 09:03:32.040,2427.0000,224482,0,0.0000,2.0000,1,1,空换,S,2427.0000,0.0000,0.0000,0.0000,0.0000,2429.0000,0.0000,0.0000,0.0000,0.0000,42,0,0,0,0,28,0,0,0,0
zc,WS209,2012-06-13 09:03:33.853,2427.0000,224482,0,0.0000,0.0000,0,0,空换,S,2427.0000,0.0000,0.0000,0.0000,0.0000,2429.0000,0.0000,0.0000,0.0000,0.0000,44,0,0,0,0,28,0,0,0,0
zc,WS209,2012-06-13 09:03:34.527,2427.0000,224482,0,0.0000,0.0000,0,0,空换,S,2427.0000,0.0000,0.0000,0.0000,0.0000,2428.0000,0.0000,0.0000,0.0000,0.0000,49,0,0,0,0,1,0,0,0,0
zc,WS209,2012-06-13 09:03:34.993,2427.0000,224482,0,0.0000,0.0000,0,0,空换,S,2427.0000,0.0000,0.0000,0.0000,0.0000,2428.0000,0.0000,0.0000,0.0000,0.0000,53,0,0,0,0,1,0,0,0,0
zc,WS209,2012-06-13 09:03:38.040,2427.0000,224482,0,0.0000,0.0000,0,0,空换,S,2427.0000,0.0000,0.0000,0.0000,0.0000,2428.0000,0.0000,0.0000,0.0000,0.0000,53,0,0,0,0,2,0,0,0,0
zc,WS209,2012-06-13 09:03:38.557,2427.0000,224482,0,0.0000,0.0000,0,0,空换,S,2427.0000,0.0000,0.0000,0.0000,0.0000,2428.0000,0.0000,0.0000,0.0000,0.0000,53,0,0,0,0,3,0,0,0,0
zc,WS209,2012-06-13 09:03:42.807,2427.0000,224482,0,0.0000,2.0000,1,1,空换,S,2427.0000,0.0000,0.0000,0.0000,0.0000,2428.0000,0.0000,0.0000,0.0000,0.0000,53,0,0,0,0,3,0,0,0,0
zc,WS209,2012-06-13 09:03:45.760,2427.0000,224482,0,0.0000,0.0000,0,0,空换,S,2427.0000,0.0000,0.0000,0.0000,0.0000,2428.0000,0.0000,0.0000,0.0000,0.0000,53,0,0,0,0,4,0,0,0,0
zc,WS209,2012-06-13 09:03:47.040,2427.0000,224482,0,0.0000,2.0000,1,1,空换,S,2427.0000,0.0000,0.0000,0.0000,0.0000,2428.0000,0.0000,0.0000,0.0000,0.0000,53,0,0,0,0,4,0,0,0,0
zc,WS209,2012-06-13 09:03:48.260,2427.0000,224482,0,0.0000,0.0000,0,0,空换,S,2427.0000,0.0000,0.0000,0.0000,0.0000,2428.0000,0.0000,0.0000,0.0000,0.0000,55,0,0,0,0,4,0,0,0,0
zc,WS209,2012-06-13 09:03:49.277,2427.0000,224482,0,0.0000,2.0000,1,1,空换,S,2427.0000,0.0000,0.0000,0.0000,0.0000,2428.0000,0.0000,0.0000,0.0000,0.0000,54,0,0,0,0,4,0,0,0,0
zc,WS209,2012-06-13 09:03:50.260,2427.0000,224482,0,0.0000,0.0000,0,0,空换,S,2427.0000,0.0000,0.0000,0.0000,0.0000,2428.0000,0.0000,0.0000,0.0000,0.0000,49,0,0,0,0,4,0,0,0,0
zc,WS209,2012-06-13 09:03:50.807,2427.0000,224482,0,0.0000,4.0000,2,2,空换,S,2427.0000,0.0000,0.0000,0.0000,0.0000,2428.0000,0.0000,0.0000,0.0000,0.0000,47,0,0,0,0,4,0,0,0,0
zc,WS209,2012-06-13 09:03:53.743,2427.0000,224482,0,0.0000,0.0000,0,0,空换,S,2427.0000,0.0000,0.0000,0.0000,0.0000,2428.0000,0.0000,0.0000,0.0000,0.0000,47,0,0,0,0,5,0,0,0,0
zc,WS209,2012-06-13 09:03:57.010,2427.0000,224482,0,0.0000,4.0000,2,2,空换,S,2427.0000,0.0000,0.0000,0.0000,0.0000,2428.0000,0.0000,0.0000,0.0000,0.0000,45,0,0,0,0,5,0,0,0,0
zc,WS209,2012-06-13 09:03:57.790,2427.0000,224482,0,0.0000,0.0000,0,0,空换,S,2427.0000,0.0000,0.0000,0.0000,0.0000,2428.0000,0.0000,0.0000,0.0000,0.0000,45,0,0,0,0,6,0,0,0,0
zc,WS209,2012-06-13 09:03:58.777,2427.0000,224482,0,0.0000,4.0000,2,2,空换,S,2427.0000,0.0000,0.0000,0.0000,0.0000,2428.0000,0.0000,0.0000,0.0000,0.0000,43,0,0,0,0,6,0,0,0,0
zc,WS209,2012-06-13 09:03:59.480,2427.0000,224482,0,0.0000,0.0000,0,0,空换,S,2427.0000,0.0000,0.0000,0.0000,0.0000,2428.0000,0.0000,0.0000,0.0000,0.0000,41,0,0,0,0,6,0,0,0,0
zc,WS209,2012-06-13 09:03:59.980,2427.0000,224482,0,0.0000,0.0000,0,0,空换,S,2427.0000,0.0000,0.0000,0.0000,0.0000,2428.0000,0.0000,0.0000,0.0000,0.0000,44,0,0,0,0,6,0,0,0,0
zc,WS209,2012-06-13 09:04:00.730,2427.0000,224482,0,0.0000,2.0000,1,1,空换,S,2427.0000,0.0000,0.0000,0.0000,0.0000,2428.0000,0.0000,0.0000,0.0000,0.0000,44,0,0,0,0,6,0,0,0,0
zc,WS209,2012-06-13 09:04:01.730,2427.0000,224482,0,0.0000,0.0000,0,0,空换,S,2427.0000,0.0000,0.0000,0.0000,0.0000,2428.0000,0.0000,0.0000,0.0000,0.0000,44,0,0,0,0,10,0,0,0,0
zc,WS209,2012-06-13 09:04:03.027,2427.0000,224482,0,0.0000,0.0000,0,0,空换,S,2427.0000,0.0000,0.0000,0.0000,0.0000,2428.0000,0.0000,0.0000,0.0000,0.0000,46,0,0,0,0,10,0,0,0,0
zc,WS209,2012-06-13 09:04:04.790,2427.0000,224482,0,0.0000,0.0000,0,0,空换,S,2427.0000,0.0000,0.0000,0.0000,0.0000,2428.0000,0.0000,0.0000,0.0000,0.0000,45,0,0,0,0,10,0,0,0,0
zc,WS209,2012-06-13 09:04:05.527,2427.0000,224484,2,0.0000,2.0000,2,0,双开,S,2427.0000,0.0000,0.0000,0.0000,0.0000,2428.0000,0.0000,0.0000,0.0000,0.0000,44,0,0,0,0,10,0,0,0,0
zc,WS209,2012-06-13 09:04:06.527,2428.0000,224486,2,0.0000,2.0000,2,0,双开,B,2427.0000,0.0000,0.0000,0.0000,0.0000,2428.0000,0.0000,0.0000,0.0000,0.0000,44,0,0,0,0,9,0,0,0,0
zc,WS209,2012-06-13 09:04:09.510,2427.0000,224486,0,0.0000,4.0000,2,2,空换,S,2427.0000,0.0000,0.0000,0.0000,0.0000,2428.0000,0.0000,0.0000,0.0000,0.0000,43,0,0,0,0,8,0,0,0,0
zc,WS209,2012-06-13 09:04:14.277,2428.0000,224486,0,0.0000,4.0000,2,2,多换,B,2427.0000,0.0000,0.0000,0.0000,0.0000,2428.0000,0.0000,0.0000,0.0000,0.0000,43,0,0,0,0,6,0,0,0,0
zc,WS209,2012-06-13 09:04:15.230,2428.0000,224486,0,0.0000,0.0000,0,0,多换,B,2427.0000,0.0000,0.0000,0.0000,0.0000,2428.0000,0.0000,0.0000,0.0000,0.0000,43,0,0,0,0,7,0,0,0,0
zc,WS209,2012-06-13 09:04:16.087,2428.0000,224486,0,0.0000,0.0000,0,0,多换,B,2427.0000,0.0000,0.0000,0.0000,0.0000,2428.0000,0.0000,0.0000,0.0000,0.0000,43,0,0,0,0,11,0,0,0,0
zc,WS209,2012-06-13 09:04:17.277,2427.0000,224486,0,0.0000,12.0000,6,6,空换,S,2427.0000,0.0000,0.0000,0.0000,0.0000,2428.0000,0.0000,0.0000,0.0000,0.0000,38,0,0,0,0,10,0,0,0,0
zc,WS209,2012-06-13 09:04:20.557,2428.0000,224486,0,0.0000,4.0000,2,2,多换,B,2427.0000,0.0000,0.0000,0.0000,0.0000,2428.0000,0.0000,0.0000,0.0000,0.0000,38,0,0,0,0,8,0,0,0,0
zc,WS209,2012-06-13 09:04:21.230,2428.0000,224486,0,0.0000,2.0000,1,1,多换,B,2427.0000,0.0000,0.0000,0.0000,0.0000,2428.0000,0.0000,0.0000,0.0000,0.0000,38,0,0,0,0,8,0,0,0,0
zc,WS209,2012-06-13 09:04:23.230,2428.0000,224486,0,0.0000,0.0000,0,0,多换,B,2427.0000,0.0000,0.0000,0.0000,0.0000,2428.0000,0.0000,0.0000,0.0000,0.0000,48,0,0,0,0,8,0,0,0,0
zc,WS209,2012-06-13 09:04:24.307,2428.0000,224476,-10,0.0000,12.0000,1,11,空平,B,2427.0000,0.0000,0.0000,0.0000,0.0000,2428.0000,0.0000,0.0000,0.0000,0.0000,48,0,0,0,0,2,0,0,0,0
zc,WS209,2012-06-13 09:04:29.510,2428.0000,224476,0,0.0000,0.0000,0,0,多换,B,2427.0000,0.0000,0.0000,0.0000,0.0000,2428.0000,0.0000,0.0000,0.0000,0.0000,48,0,0,0,0,3,0,0,0,0
zc,WS209,2012-06-13 09:04:30.027,2428.0000,224476,0,0.0000,0.0000,0,0,多换,B,2427.0000,0.0000,0.0000,0.0000,0.0000,2428.0000,0.0000,0.0000,0.0000,0.0000,48,0,0,0,0,4,0,0,0,0
zc,WS209,2012-06-13 09:04:31.480,2428.0000,224476,0,0.0000,0.0000,0,0,多换,B,2427.0000,0.0000,0.0000,0.0000,0.0000,2428.0000,0.0000,0.0000,0.0000,0.0000,48,0,0,0,0,4,0,0,0,0
zc,WS209,2012-06-13 09:04:33.777,2428.0000,224476,0,0.0000,2.0000,1,1,多换,B,2427.0000,0.0000,0.0000,0.0000,0.0000,2428.0000,0.0000,0.0000,0.0000,0.0000,48,0,0,0,0,3,0,0,0,0
zc,WS209,2012-06-13 09:04:34.243,2428.0000,224476,0,0.0000,0.0000,0,0,多换,B,2427.0000,0.0000,0.0000,0.0000,0.0000,2428.0000,0.0000,0.0000,0.0000,0.0000,48,0,0,0,0,4,0,0,0,0
zc,WS209,2012-06-13 09:04:35.277,2428.0000,224476,0,0.0000,0.0000,0,0,多换,B,2427.0000,0.0000,0.0000,0.0000,0.0000,2428.0000,0.0000,0.0000,0.0000,0.0000,48,0,0,0,0,5,0,0,0,0
zc,WS209,2012-06-13 09:04:36.057,2428.0000,224476,0,0.0000,0.0000,0,0,多换,B,2427.0000,0.0000,0.0000,0.0000,0.0000,2428.0000,0.0000,0.0000,0.0000,0.0000,48,0,0,0,0,14,0,0,0,0
zc,WS209,2012-06-13 09:04:36.557,2428.0000,224476,0,0.0000,8.0000,4,4,多换,B,2427.0000,0.0000,0.0000,0.0000,0.0000,2428.0000,0.0000,0.0000,0.0000,0.0000,49,0,0,0,0,9,0,0,0,0
zc,WS209,2012-06-13 09:04:37.777,2428.0000,224476,0,0.0000,0.0000,0,0,多换,B,2427.0000,0.0000,0.0000,0.0000,0.0000,2428.0000,0.0000,0.0000,0.0000,0.0000,49,0,0,0,0,5,0,0,0,0
zc,WS209,2012-06-13 09:04:38.540,2428.0000,224478,2,0.0000,2.0000,2,0,双开,B,2427.0000,0.0000,0.0000,0.0000,0.0000,2428.0000,0.0000,0.0000,0.0000,0.0000,52,0,0,0,0,4,0,0,0,0
zc,WS209,2012-06-13 09:04:39.493,2428.0000,224478,0,0.0000,0.0000,0,0,多换,B,2427.0000,0.0000,0.0000,0.0000,0.0000,2428.0000,0.0000,0.0000,0.0000,0.0000,54,0,0,0,0,4,0,0,0,0
zc,WS209,2012-06-13 09:04:40.230,2428.0000,224482,4,0.0000,6.0000,5,1,多开,B,2427.0000,0.0000,0.0000,0.0000,0.0000,2428.0000,0.0000,0.0000,0.0000,0.0000,60,0,0,0,0,1,0,0,0,0
zc,WS209,2012-06-13 09:04:40.743,2428.0000,224482,0,0.0000,0.0000,0,0,多换,B,2427.0000,0.0000,0.0000,0.0000,0.0000,2428.0000,0.0000,0.0000,0.0000,0.0000,60,0,0,0,0,2,0,0,0,0
zc,WS209,2012-06-13 09:04:41.790,2428.0000,224482,0,0.0000,0.0000,0,0,多换,B,2427.0000,0.0000,0.0000,0.0000,0.0000,2428.0000,0.0000,0.0000,0.0000,0.0000,60,0,0,0,0,1,0,0,0,0
zc,WS209,2012-06-13 09:04:42.493,2428.0000,224482,0,0.0000,2.0000,1,1,多换,B,2427.0000,0.0000,0.0000,0.0000,0.0000,2429.0000,0.0000,0.0000,0.0000,0.0000,60,0,0,0,0,57,0,0,0,0
zc,WS209,2012-06-13 09:04:46.027,2427.0000,224482,0,0.0000,2.0000,1,1,空换,S,2427.0000,0.0000,0.0000,0.0000,0.0000,2428.0000,0.0000,0.0000,0.0000,0.0000,59,0,0,0,0,1,0,0,0,0
zc,WS209,2012-06-13 09:04:48.290,2428.0000,224484,2,0.0000,2.0000,2,0,双开,B,2427.0000,0.0000,0.0000,0.0000,0.0000,2429.0000,0.0000,0.0000,0.0000,0.0000,59,0,0,0,0,53,0,0,0,0
zc,WS209,2012-06-13 09:04:49.057,2428.0000,224484,0,0.0000,0.0000,0,0,多换,B,2428.0000,0.0000,0.0000,0.0000,0.0000,2429.0000,0.0000,0.0000,0.0000,0.0000,3,0,0,0,0,50,0,0,0,0
zc,WS209,2012-06-13 09:04:50.057,2428.0000,224484,0,0.0000,0.0000,0,0,多换,B,2428.0000,0.0000,0.0000,0.0000,0.0000,2429.0000,0.0000,0.0000,0.0000,0.0000,4,0,0,0,0,50,0,0,0,0
zc,WS209,2012-06-13 09:04:51.290,2428.0000,224484,0,0.0000,0.0000,0,0,多换,B,2428.0000,0.0000,0.0000,0.0000,0.0000,2429.0000,0.0000,0.0000,0.0000,0.0000,13,0,0,0,0,50,0,0,0,0
zc,WS209,2012-06-13 09:04:51.993,2428.0000,224484,0,0.0000,0.0000,0,0,多换,B,2428.0000,0.0000,0.0000,0.0000,0.0000,2429.0000,0.0000,0.0000,0.0000,0.0000,14,0,0,0,0,50,0,0,0,0
zc,WS209,2012-06-13 09:04:53.557,2428.0000,224484,0,0.0000,0.0000,0,0,多换,B,2428.0000,0.0000,0.0000,0.0000,0.0000,2429.0000,0.0000,0.0000,0.0000,0.0000,15,0,0,0,0,50,0,0,0,0
zc,WS209,2012-06-13 09:04:56.010,2428.0000,224484,0,0.0000,0.0000,0,0,多换,B,2428.0000,0.0000,0.0000,0.0000,0.0000,2429.0000,0.0000,0.0000,0.0000,0.0000,14,0,0,0,0,50,0,0,0,0
zc,WS209,2012-06-13 09:04:58.730,2428.0000,224484,0,0.0000,0.0000,0,0,多换,B,2428.0000,0.0000,0.0000,0.0000,0.0000,2429.0000,0.0000,0.0000,0.0000,0.0000,15,0,0,0,0,50,0,0,0,0
zc,WS209,2012-06-13 09:04:59.290,2428.0000,224462,-22,0.0000,30.0000,4,26,空平,B,2427.0000,0.0000,0.0000,0.0000,0.0000,2428.0000,0.0000,0.0000,0.0000,0.0000,73,0,0,0,0,5,0,0,0,0
zc,WS209,2012-06-13 09:05:01.730,2428.0000,224462,0,0.0000,10.0000,5,5,多换,B,2427.0000,0.0000,0.0000,0.0000,0.0000,2429.0000,0.0000,0.0000,0.0000,0.0000,73,0,0,0,0,50,0,0,0,0
zc,WS209,2012-06-13 09:05:04.790,2428.0000,224462,0,0.0000,0.0000,0,0,多换,B,2428.0000,0.0000,0.0000,0.0000,0.0000,2429.0000,0.0000,0.0000,0.0000,0.0000,1,0,0,0,0,50,0,0,0,0
zc,WS209,2012-06-13 09:05:06.120,2428.0000,224462,0,0.0000,0.0000,0,0,多换,B,2428.0000,0.0000,0.0000,0.0000,0.0000,2429.0000,0.0000,0.0000,0.0000,0.0000,4,0,0,0,0,50,0,0,0,0
zc,WS209,2012-06-13 09:05:11.777,2428.0000,224460,-2,0.0000,2.0000,0,2,双平,B,2428.0000,0.0000,0.0000,0.0000,0.0000,2429.0000,0.0000,0.0000,0.0000,0.0000,26,0,0,0,0,50,0,0,0,0
zc,WS209,2012-06-13 09:05:13.040,2428.0000,224468,8,0.0000,8.0000,8,0,双开,B,2428.0000,0.0000,0.0000,0.0000,0.0000,2429.0000,0.0000,0.0000,0.0000,0.0000,22,0,0,0,0,50,0,0,0,0
zc,WS209,2012-06-13 09:05:14.557,2428.0000,224468,0,0.0000,0.0000,0,0,多换,B,2428.0000,0.0000,0.0000,0.0000,0.0000,2429.0000,0.0000,0.0000,0.0000,0.0000,21,0,0,0,0,50,0,0,0,0
zc,WS209,2012-06-13 09:05:15.087,2429.0000,224462,-6,0.0000,6.0000,0,6,双平,B,2428.0000,0.0000,0.0000,0.0000,0.0000,2429.0000,0.0000,0.0000,0.0000,0.0000,22,0,0,0,0,47,0,0,0,0
zc,WS209,2012-06-13 09:05:16.040,2429.0000,224462,0,0.0000,0.0000,0,0,多换,B,2428.0000,0.0000,0.0000,0.0000,0.0000,2429.0000,0.0000,0.0000,0.0000,0.0000,21,0,0,0,0,47,0,0,0,0
zc,WS209,2012-06-13 09:05:16.760,2429.0000,224462,0,0.0000,12.0000,6,6,多换,B,2428.0000,0.0000,0.0000,0.0000,0.0000,2429.0000,0.0000,0.0000,0.0000,0.0000,21,0,0,0,0,41,0,0,0,0
zc,WS209,2012-06-13 09:05:17.323,2429.0000,224462,0,0.0000,0.0000,0,0,多换,B,2428.0000,0.0000,0.0000,0.0000,0.0000,2429.0000,0.0000,0.0000,0.0000,0.0000,21,0,0,0,0,61,0,0,0,0
zc,WS209,2012-06-13 09:05:18.073,2429.0000,224462,0,0.0000,0.0000,0,0,多换,B,2428.0000,0.0000,0.0000,0.0000,0.0000,2429.0000,0.0000,0.0000,0.0000,0.0000,29,0,0,0,0,61,0,0,0,0
zc,WS209,2012-06-13 09:05:19.337,2429.0000,224446,-16,0.0000,20.0000,2,18,空平,B,2428.0000,0.0000,0.0000,0.0000,0.0000,2429.0000,0.0000,0.0000,0.0000,0.0000,29,0,0,0,0,51,0,0,0,0
zc,WS209,2012-06-13 09:05:20.573,2429.0000,224446,0,0.0000,0.0000,0,0,多换,B,2428.0000,0.0000,0.0000,0.0000,0.0000,2429.0000,0.0000,0.0000,0.0000,0.0000,19,0,0,0,0,47,0,0,0,0
zc,WS209,2012-06-13 09:05:22.307,2429.0000,224446,0,0.0000,0.0000,0,0,多换,B,2428.0000,0.0000,0.0000,0.0000,0.0000,2429.0000,0.0000,0.0000,0.0000,0.0000,22,0,0,0,0,47,0,0,0,0
zc,WS209,2012-06-13 09:05:23.040,2429.0000,224446,0,0.0000,0.0000,0,0,多换,B,2428.0000,0.0000,0.0000,0.0000,0.0000,2429.0000,0.0000,0.0000,0.0000,0.0000,17,0,0,0,0,47,0,0,0,0
zc,WS209,2012-06-13 09:05:23.557,2429.0000,224440,-6,0.0000,6.0000,0,6,双平,B,2428.0000,0.0000,0.0000,0.0000,0.0000,2429.0000,0.0000,0.0000,0.0000,0.0000,3,0,0,0,0,52,0,0,0,0
zc,WS209,2012-06-13 09:05:24.307,2429.0000,224440,0,0.0000,0.0000,0,0,多换,B,2428.0000,0.0000,0.0000,0.0000,0.0000,2429.0000,0.0000,0.0000,0.0000,0.0000,4,0,0,0,0,52,0,0,0,0
zc,WS209,2012-06-13 09:05:25.073,2428.0000,224424,-16,0.0000,22.0000,3,19,多平,S,2427.0000,0.0000,0.0000,0.0000,0.0000,2429.0000,0.0000,0.0000,0.0000,0.0000,91,0,0,0,0,41,0,0,0,0
zc,WS209,2012-06-13 09:05:28.573,2428.0000,224424,0,0.0000,0.0000,0,0,空换,S,2427.0000,0.0000,0.0000,0.0000,0.0000,2429.0000,0.0000,0.0000,0.0000,0.0000,92,0,0,0,0,41,0,0,0,0
zc,WS209,2012-06-13 09:05:29.260,2429.0000,224414,-10,0.0000,10.0000,0,10,双平,B,2427.0000,0.0000,0.0000,0.0000,0.0000,2429.0000,0.0000,0.0000,0.0000,0.0000,101,0,0,0,0,36,0,0,0,0
zc,WS209,2012-06-13 09:05:30.057,2429.0000,224414,0,0.0000,0.0000,0,0,多换,B,2427.0000,0.0000,0.0000,0.0000,0.0000,2429.0000,0.0000,0.0000,0.0000,0.0000,100,0,0,0,0,36,0,0,0,0
zc,WS209,2012-06-13 09:05:30.573,2429.0000,224414,0,0.0000,0.0000,0,0,多换,B,2427.0000,0.0000,0.0000,0.0000,0.0000,2429.0000,0.0000,0.0000,0.0000,0.0000,100,0,0,0,0,41,0,0,0,0
zc,WS209,2012-06-13 09:05:31.790,2429.0000,224414,0,0.0000,0.0000,0,0,多换,B,2427.0000,0.0000,0.0000,0.0000,0.0000,2429.0000,0.0000,0.0000,0.0000,0.0000,100,0,0,0,0,42,0,0,0,0
zc,WS209,2012-06-13 09:05:32.540,2429.0000,224414,0,0.0000,0.0000,0,0,多换,B,2427.0000,0.0000,0.0000,0.0000,0.0000,2429.0000,0.0000,0.0000,0.0000,0.0000,98,0,0,0,0,42,0,0,0,0
zc,WS209,2012-06-13 09:05:35.807,2429.0000,224414,0,0.0000,0.0000,0,0,多换,B,2428.0000,0.0000,0.0000,0.0000,0.0000,2429.0000,0.0000,0.0000,0.0000,0.0000,2,0,0,0,0,42,0,0,0,0
zc,WS209,2012-06-13 09:05:37.807,2429.0000,224414,0,0.0000,0.0000,0,0,多换,B,2428.0000,0.0000,0.0000,0.0000,0.0000,2429.0000,0.0000,0.0000,0.0000,0.0000,3,0,0,0,0,43,0,0,0,0
zc,WS209,2012-06-13 09:05:38.040,2429.0000,224414,0,0.0000,2.0000,1,1,多换,B,2428.0000,0.0000,0.0000,0.0000,0.0000,2429.0000,0.0000,0.0000,0.0000,0.0000,3,0,0,0,0,43,0,0,0,0
zc,WS209,2012-06-13 09:05:39.307,2429.0000,224414,0,0.0000,8.0000,4,4,多换,B,2428.0000,0.0000,0.0000,0.0000,0.0000,2429.0000,0.0000,0.0000,0.0000,0.0000,3,0,0,0,0,39,0,0,0,0
zc,WS209,2012-06-13 09:05:40.290,2428.0000,224412,-2,0.0000,8.0000,3,5,多平,S,2427.0000,0.0000,0.0000,0.0000,0.0000,2428.0000,0.0000,0.0000,0.0000,0.0000,99,0,0,0,0,12,0,0,0,0
zc,WS209,2012-06-13 09:05:42.073,2428.0000,224412,0,0.0000,2.0000,1,1,空换,S,2427.0000,0.0000,0.0000,0.0000,0.0000,2428.0000,0.0000,0.0000,0.0000,0.0000,99,0,0,0,0,11,0,0,0,0
zc,WS209,2012-06-13 09:05:43.743,2428.0000,224412,0,0.0000,2.0000,1,1,空换,S,2427.0000,0.0000,0.0000,0.0000,0.0000,2428.0000,0.0000,0.0000,0.0000,0.0000,99,0,0,0,0,10,0,0,0,0
zc,WS209,2012-06-13 09:05:46.323,2428.0000,224412,0,0.0000,2.0000,1,1,空换,S,2427.0000,0.0000,0.0000,0.0000,0.0000,2428.0000,0.0000,0.0000,0.0000,0.0000,99,0,0,0,0,9,0,0,0,0
zc,WS209,2012-06-13 09:05:47.540,2428.0000,224412,0,0.0000,0.0000,0,0,空换,S,2427.0000,0.0000,0.0000,0.0000,0.0000,2428.0000,0.0000,0.0000,0.0000,0.0000,101,0,0,0,0,9,0,0,0,0
zc,WS209,2012-06-13 09:05:48.040,2427.0000,224412,0,0.0000,2.0000,1,1,空换,S,2427.0000,0.0000,0.0000,0.0000,0.0000,2428.0000,0.0000,0.0000,0.0000,0.0000,100,0,0,0,0,9,0,0,0,0
zc,WS209,2012-06-13 09:05:49.323,2427.0000,224412,0,0.0000,0.0000,0,0,空换,S,2427.0000,0.0000,0.0000,0.0000,0.0000,2428.0000,0.0000,0.0000,0.0000,0.0000,101,0,0,0,0,9,0,0,0,0
zc,WS209,2012-06-13 09:05:49.760,2428.0000,224412,0,0.0000,4.0000,2,2,多换,B,2427.0000,0.0000,0.0000,0.0000,0.0000,2428.0000,0.0000,0.0000,0.0000,0.0000,101,0,0,0,0,7,0,0,0,0
zc,WS209,2012-06-13 09:05:53.480,2428.0000,224412,0,0.0000,2.0000,1,1,多换,B,2427.0000,0.0000,0.0000,0.0000,0.0000,2428.0000,0.0000,0.0000,0.0000,0.0000,101,0,0,0,0,6,0,0,0,0
zc,WS209,2012-06-13 09:05:55.993,2428.0000,224412,0,0.0000,0.0000,0,0,多换,B,2427.0000,0.0000,0.0000,0.0000,0.0000,2428.0000,0.0000,0.0000,0.0000,0.0000,101,0,0,0,0,7,0,0,0,0
zc,WS209,2012-06-13 09:05:59.760,2428.0000,224412,0,0.0000,0.0000,0,0,多换,B,2427.0000,0.0000,0.0000,0.0000,0.0000,2428.0000,0.0000,0.0000,0.0000,0.0000,101,0,0,0,0,16,0,0,0,0
zc,WS209,2012-06-13 09:06:03.010,2428.0000,224412,0,0.0000,2.0000,1,1,多换,B,2427.0000,0.0000,0.0000,0.0000,0.0000,2428.0000,0.0000,0.0000,0.0000,0.0000,101,0,0,0,0,15,0,0,0,0
zc,WS209,2012-06-13 09:06:03.527,2428.0000,224412,0,0.0000,0.0000,0,0,多换,B,2427.0000,0.0000,0.0000,0.0000,0.0000,2428.0000,0.0000,0.0000,0.0000,0.0000,103,0,0,0,0,15,0,0,0,0
zc,WS209,2012-06-13 09:06:05.760,2428.0000,224412,0,0.0000,0.0000,0,0,多换,B,2427.0000,0.0000,0.0000,0.0000,0.0000,2428.0000,0.0000,0.0000,0.0000,0.0000,102,0,0,0,0,15,0,0,0,0
zc,WS209,2012-06-13 09:06:10.073,2428.0000,224412,0,0.0000,0.0000,0,0,多换,B,2427.0000,0.0000,0.0000,0.0000,0.0000,2428.0000,0.0000,0.0000,0.0000,0.0000,95,0,0,0,0,15,0,0,0,0
zc,WS209,2012-06-13 09:06:10.760,2428.0000,224412,0,0.0000,0.0000,0,0,多换,B,2427.0000,0.0000,0.0000,0.0000,0.0000,2428.0000,0.0000,0.0000,0.0000,0.0000,76,0,0,0,0,15,0,0,0,0
zc,WS209,2012-06-13 09:06:11.290,2428.0000,224412,0,0.0000,2.0000,1,1,多换,B,2427.0000,0.0000,0.0000,0.0000,0.0000,2428.0000,0.0000,0.0000,0.0000,0.0000,75,0,0,0,0,14,0,0,0,0
zc,WS209,2012-06-13 09:06:12.027,2428.0000,224412,0,0.0000,0.0000,0,0,多换,B,2427.0000,0.0000,0.0000,0.0000,0.0000,2428.0000,0.0000,0.0000,0.0000,0.0000,73,0,0,0,0,17,0,0,0,0
zc,WS209,2012-06-13 09:06:12.493,2428.0000,224412,0,0.0000,0.0000,0,0,多换,B,2427.0000,0.0000,0.0000,0.0000,0.0000,2428.0000,0.0000,0.0000,0.0000,0.0000,73,0,0,0,0,18,0,0,0,0
zc,WS209,2012-06-13 09:06:15.837,2428.0000,224412,0,0.0000,0.0000,0,0,多换,B,2427.0000,0.0000,0.0000,0.0000,0.0000,2428.0000,0.0000,0.0000,0.0000,0.0000,74,0,0,0,0,18,0,0,0,0
zc,WS209,2012-06-13 09:06:19.087,2427.0000,224412,0,0.0000,4.0000,2,2,空换,S,2427.0000,0.0000,0.0000,0.0000,0.0000,2428.0000,0.0000,0.0000,0.0000,0.0000,72,0,0,0,0,18,0,0,0,0
zc,WS209,2012-06-13 09:06:20.510,2427.0000,224412,0,0.0000,0.0000,0,0,空换,S,2427.0000,0.0000,0.0000,0.0000,0.0000,2428.0000,0.0000,0.0000,0.0000,0.0000,70,0,0,0,0,18,0,0,0,0
zc,WS209,2012-06-13 09:06:23.777,2427.0000,224412,0,0.0000,0.0000,0,0,空换,S,2427.0000,0.0000,0.0000,0.0000,0.0000,2428.0000,0.0000,0.0000,0.0000,0.0000,71,0,0,0,0,18,0,0,0,0
zc,WS209,2012-06-13 09:06:24.290,2427.0000,224412,0,0.0000,0.0000,0,0,空换,S,2427.0000,0.0000,0.0000,0.0000,0.0000,2428.0000,0.0000,0.0000,0.0000,0.0000,72,0,0,0,0,18,0,0,0,0
zc,WS209,2012-06-13 09:06:25.040,2427.0000,224412,0,0.0000,0.0000,0,0,空换,S,2427.0000,0.0000,0.0000,0.0000,0.0000,2428.0000,0.0000,0.0000,0.0000,0.0000,81,0,0,0,0,14,0,0,0,0
zc,WS209,2012-06-13 09:06:25.557,2427.0000,224412,0,0.0000,0.0000,0,0,空换,S,2427.0000,0.0000,0.0000,0.0000,0.0000,2428.0000,0.0000,0.0000,0.0000,0.0000,72,0,0,0,0,15,0,0,0,0
zc,WS209,2012-06-13 09:06:26.277,2427.0000,224412,0,0.0000,0.0000,0,0,空换,S,2427.0000,0.0000,0.0000,0.0000,0.0000,2428.0000,0.0000,0.0000,0.0000,0.0000,71,0,0,0,0,17,0,0,0,0
zc,WS209,2012-06-13 09:06:26.790,2427.0000,224412,0,0.0000,0.0000,0,0,空换,S,2427.0000,0.0000,0.0000,0.0000,0.0000,2428.0000,0.0000,0.0000,0.0000,0.0000,71,0,0,0,0,18,0,0,0,0
zc,WS209,2012-06-13 09:06:28.010,2428.0000,224412,0,0.0000,2.0000,1,1,多换,B,2427.0000,0.0000,0.0000,0.0000,0.0000,2428.0000,0.0000,0.0000,0.0000,0.0000,71,0,0,0,0,17,0,0,0,0
zc,WS209,2012-06-13 09:06:28.760,2428.0000,224412,0,0.0000,0.0000,0,0,多换,B,2427.0000,0.0000,0.0000,0.0000,0.0000,2428.0000,0.0000,0.0000,0.0000,0.0000,70,0,0,0,0,17,0,0,0,0
zc,WS209,2012-06-13 09:06:29.260,2428.0000,224412,0,0.0000,0.0000,0,0,多换,B,2427.0000,0.0000,0.0000,0.0000,0.0000,2428.0000,0.0000,0.0000,0.0000,0.0000,70,0,0,0,0,18,0,0,0,0
zc,WS209,2012-06-13 09:06:30.557,2428.0000,224412,0,0.0000,0.0000,0,0,多换,B,2427.0000,0.0000,0.0000,0.0000,0.0000,2428.0000,0.0000,0.0000,0.0000,0.0000,98,0,0,0,0,18,0,0,0,0
zc,WS209,2012-06-13 09:06:31.027,2428.0000,224406,-6,0.0000,20.0000,7,13,空平,B,2427.0000,0.0000,0.0000,0.0000,0.0000,2428.0000,0.0000,0.0000,0.0000,0.0000,98,0,0,0,0,8,0,0,0,0
zc,WS209,2012-06-13 09:06:31.743,2428.0000,224406,0,0.0000,0.0000,0,0,多换,B,2427.0000,0.0000,0.0000,0.0000,0.0000,2428.0000,0.0000,0.0000,0.0000,0.0000,97,0,0,0,0,8,0,0,0,0
zc,WS209,2012-06-13 09:06:33.243,2427.0000,224400,-6,0.0000,20.0000,7,13,多平,S,2427.0000,0.0000,0.0000,0.0000,0.0000,2428.0000,0.0000,0.0000,0.0000,0.0000,69,0,0,0,0,9,0,0,0,0
zc,WS209,2012-06-13 09:06:34.010,2427.0000,224400,0,0.0000,0.0000,0,0,空换,S,2427.0000,0.0000,0.0000,0.0000,0.0000,2428.0000,0.0000,0.0000,0.0000,0.0000,66,0,0,0,0,9,0,0,0,0
zc,WS209,2012-06-13 09:06:34.760,2427.0000,224400,0,0.0000,2.0000,1,1,空换,S,2427.0000,0.0000,0.0000,0.0000,0.0000,2428.0000,0.0000,0.0000,0.0000,0.0000,71,0,0,0,0,9,0,0,0,0
zc,WS209,2012-06-13 09:06:35.510,2427.0000,224400,0,0.0000,0.0000,0,0,空换,S,2427.0000,0.0000,0.0000,0.0000,0.0000,2428.0000,0.0000,0.0000,0.0000,0.0000,70,0,0,0,0,9,0,0,0,0
zc,WS209,2012-06-13 09:06:36.790,2427.0000,224400,0,0.0000,0.0000,0,0,空换,S,2427.0000,0.0000,0.0000,0.0000,0.0000,2428.0000,0.0000,0.0000,0.0000,0.0000,64,0,0,0,0,9,0,0,0,0
zc,WS209,2012-06-13 09:06:37.290,2427.0000,224400,0,0.0000,0.0000,0,0,空换,S,2427.0000,0.0000,0.0000,0.0000,0.0000,2428.0000,0.0000,0.0000,0.0000,0.0000,61,0,0,0,0,9,0,0,0,0
zc,WS209,2012-06-13 09:06:37.980,2427.0000,224400,0,0.0000,0.0000,0,0,空换,S,2427.0000,0.0000,0.0000,0.0000,0.0000,2428.0000,0.0000,0.0000,0.0000,0.0000,57,0,0,0,0,14,0,0,0,0
zc,WS209,2012-06-13 09:06:38.510,2427.0000,224400,0,0.0000,0.0000,0,0,空换,S,2427.0000,0.0000,0.0000,0.0000,0.0000,2428.0000,0.0000,0.0000,0.0000,0.0000,57,0,0,0,0,27,0,0,0,0
zc,WS209,2012-06-13 09:06:41.010,2427.0000,224400,0,0.0000,0.0000,0,0,空换,S,2427.0000,0.0000,0.0000,0.0000,0.0000,2428.0000,0.0000,0.0000,0.0000,0.0000,57,0,0,0,0,28,0,0,0,0
zc,WS209,2012-06-13 09:06:41.777,2427.0000,224400,0,0.0000,0.0000,0,0,空换,S,2427.0000,0.0000,0.0000,0.0000,0.0000,2428.0000,0.0000,0.0000,0.0000,0.0000,55,0,0,0,0,28,0,0,0,0
zc,WS209,2012-06-13 09:06:44.027,2427.0000,224400,0,0.0000,0.0000,0,0,空换,S,2427.0000,0.0000,0.0000,0.0000,0.0000,2428.0000,0.0000,0.0000,0.0000,0.0000,57,0,0,0,0,28,0,0,0,0
zc,WS209,2012-06-13 09:06:45.010,2427.0000,224384,-16,0.0000,114.0000,49,65,多平,S,2426.0000,0.0000,0.0000,0.0000,0.0000,2427.0000,0.0000,0.0000,0.0000,0.0000,34,0,0,0,0,93,0,0,0,0
zc,WS209,2012-06-13 09:06:45.540,2427.0000,224384,0,0.0000,0.0000,0,0,空换,S,2426.0000,0.0000,0.0000,0.0000,0.0000,2427.0000,0.0000,0.0000,0.0000,0.0000,36,0,0,0,0,93,0,0,0,0
zc,WS209,2012-06-13 09:06:46.853,2426.0000,224386,2,0.0000,2.0000,2,0,双开,S,2426.0000,0.0000,0.0000,0.0000,0.0000,2427.0000,0.0000,0.0000,0.0000,0.0000,35,0,0,0,0,93,0,0,0,0
zc,WS209,2012-06-13 09:06:48.027,2426.0000,224386,0,0.0000,0.0000,0,0,空换,S,2426.0000,0.0000,0.0000,0.0000,0.0000,2427.0000,0.0000,0.0000,0.0000,0.0000,36,0,0,0,0,93,0,0,0,0
zc,WS209,2012-06-13 09:06:49.073,2426.0000,224386,0,0.0000,2.0000,1,1,空换,S,2426.0000,0.0000,0.0000,0.0000,0.0000,2427.0000,0.0000,0.0000,0.0000,0.0000,35,0,0,0,0,93,0,0,0,0
zc,WS209,2012-06-13 09:06:50.073,2426.0000,224386,0,0.0000,0.0000,0,0,空换,S,2426.0000,0.0000,0.0000,0.0000,0.0000,2427.0000,0.0000,0.0000,0.0000,0.0000,36,0,0,0,0,93,0,0,0,0
zc,WS209,2012-06-13 09:06:50.540,2427.0000,224386,0,0.0000,2.0000,1,1,多换,B,2426.0000,0.0000,0.0000,0.0000,0.0000,2427.0000,0.0000,0.0000,0.0000,0.0000,36,0,0,0,0,92,0,0,0,0
zc,WS209,2012-06-13 09:06:51.837,2426.0000,224384,-2,0.0000,60.0000,29,31,多平,S,2426.0000,0.0000,0.0000,0.0000,0.0000,2427.0000,0.0000,0.0000,0.0000,0.0000,6,0,0,0,0,92,0,0,0,0
zc,WS209,2012-06-13 09:06:52.527,2426.0000,224384,0,0.0000,0.0000,0,0,空换,S,2426.0000,0.0000,0.0000,0.0000,0.0000,2427.0000,0.0000,0.0000,0.0000,0.0000,6,0,0,0,0,94,0,0,0,0
zc,WS209,2012-06-13 09:06:53.603,2426.0000,224390,6,0.0000,6.0000,6,0,双开,S,2426.0000,0.0000,0.0000,0.0000,0.0000,2427.0000,0.0000,0.0000,0.0000,0.0000,5,0,0,0,0,94,0,0,0,0
zc,WS209,2012-06-13 09:06:54.337,2426.0000,224390,0,0.0000,20.0000,10,10,空换,S,2425.0000,0.0000,0.0000,0.0000,0.0000,2426.0000,0.0000,0.0000,0.0000,0.0000,35,0,0,0,0,9,0,0,0,0
zc,WS209,2012-06-13 09:06:54.790,2426.0000,224390,0,0.0000,0.0000,0,0,空换,S,2425.0000,0.0000,0.0000,0.0000,0.0000,2426.0000,0.0000,0.0000,0.0000,0.0000,37,0,0,0,0,9,0,0,0,0
zc,WS209,2012-06-13 09:06:55.540,2426.0000,224390,0,0.0000,2.0000,1,1,空换,S,2425.0000,0.0000,0.0000,0.0000,0.0000,2426.0000,0.0000,0.0000,0.0000,0.0000,39,0,0,0,0,9,0,0,0,0
zc,WS209,2012-06-13 09:06:55.760,2425.0000,224386,-4,0.0000,4.0000,0,4,双平,S,2425.0000,0.0000,0.0000,0.0000,0.0000,2426.0000,0.0000,0.0000,0.0000,0.0000,37,0,0,0,0,9,0,0,0,0
zc,WS209,2012-06-13 09:06:57.743,2425.0000,224386,0,0.0000,0.0000,0,0,空换,S,2425.0000,0.0000,0.0000,0.0000,0.0000,2426.0000,0.0000,0.0000,0.0000,0.0000,39,0,0,0,0,9,0,0,0,0
zc,WS209,2012-06-13 09:06:58.230,2426.0000,224386,0,0.0000,2.0000,1,1,多换,B,2425.0000,0.0000,0.0000,0.0000,0.0000,2426.0000,0.0000,0.0000,0.0000,0.0000,39,0,0,0,0,8,0,0,0,0
zc,WS209,2012-06-13 09:06:58.730,2426.0000,224386,0,0.0000,0.0000,0,0,多换,B,2425.0000,0.0000,0.0000,0.0000,0.0000,2426.0000,0.0000,0.0000,0.0000,0.0000,39,0,0,0,0,9,0,0,0,0
zc,WS209,2012-06-13 09:06:59.713,2425.0000,224382,-4,0.0000,8.0000,2,6,多平,S,2425.0000,0.0000,0.0000,0.0000,0.0000,2426.0000,0.0000,0.0000,0.0000,0.0000,35,0,0,0,0,9,0,0,0,0
zc,WS209,2012-06-13 09:07:00.493,2425.0000,224382,0,0.0000,2.0000,1,1,空换,S,2425.0000,0.0000,0.0000,0.0000,0.0000,2426.0000,0.0000,0.0000,0.0000,0.0000,34,0,0,0,0,9,0,0,0,0
zc,WS209,2012-06-13 09:07:01.010,2425.0000,224382,0,0.0000,20.0000,10,10,空换,S,2425.0000,0.0000,0.0000,0.0000,0.0000,2426.0000,0.0000,0.0000,0.0000,0.0000,246,0,0,0,0,9,0,0,0,0
zc,WS209,2012-06-13 09:07:02.243,2426.0000,224380,-2,0.0000,46.0000,22,24,空平,B,2425.0000,0.0000,0.0000,0.0000,0.0000,2426.0000,0.0000,0.0000,0.0000,0.0000,230,0,0,0,0,2,0,0,0,0
zc,WS209,2012-06-13 09:07:03.027,2426.0000,224382,2,0.0000,2.0000,2,0,双开,B,2425.0000,0.0000,0.0000,0.0000,0.0000,2426.0000,0.0000,0.0000,0.0000,0.0000,230,0,0,0,0,1,0,0,0,0
zc,WS209,2012-06-13 09:07:03.510,2426.0000,224384,2,0.0000,4.0000,3,1,多开,B,2425.0000,0.0000,0.0000,0.0000,0.0000,2427.0000,0.0000,0.0000,0.0000,0.0000,228,0,0,0,0,95,0,0,0,0
zc,WS209,2012-06-13 09:07:05.510,2425.0000,224384,0,0.0000,20.0000,10,10,空换,S,2425.0000,0.0000,0.0000,0.0000,0.0000,2426.0000,0.0000,0.0000,0.0000,0.0000,219,0,0,0,0,1,0,0,0,0
zc,WS209,2012-06-13 09:07:05.993,2425.0000,224386,2,0.0000,4.0000,3,1,空开,S,2425.0000,0.0000,0.0000,0.0000,0.0000,2426.0000,0.0000,0.0000,0.0000,0.0000,217,0,0,0,0,2,0,0,0,0
zc,WS209,2012-06-13 09:07:08.493,2426.0000,224386,0,0.0000,4.0000,2,2,多换,B,2425.0000,0.0000,0.0000,0.0000,0.0000,2427.0000,0.0000,0.0000,0.0000,0.0000,188,0,0,0,0,107,0,0,0,0
zc,WS209,2012-06-13 09:07:08.790,2425.0000,224386,0,0.0000,4.0000,2,2,空换,S,2425.0000,0.0000,0.0000,0.0000,0.0000,2427.0000,0.0000,0.0000,0.0000,0.0000,186,0,0,0,0,107,0,0,0,0
zc,WS209,2012-06-13 09:07:09.493,2425.0000,224386,0,0.0000,0.0000,0,0,空换,S,2426.0000,0.0000,0.0000,0.0000,0.0000,2427.0000,0.0000,0.0000,0.0000,0.0000,2,0,0,0,0,107,0,0,0,0
zc,WS209,2012-06-13 09:07:11.260,2425.0000,224386,0,0.0000,0.0000,0,0,空换,S,2426.0000,0.0000,0.0000,0.0000,0.0000,2427.0000,0.0000,0.0000,0.0000,0.0000,4,0,0,0,0,108,0,0,0,0
zc,WS209,2012-06-13 09:07:11.743,2426.0000,224386,0,0.0000,2.0000,1,1,多换,B,2426.0000,0.0000,0.0000,0.0000,0.0000,2427.0000,0.0000,0.0000,0.0000,0.0000,3,0,0,0,0,108,0,0,0,0
zc,WS209,2012-06-13 09:07:12.510,2426.0000,224386,0,0.0000,0.0000,0,0,多换,B,2426.0000,0.0000,0.0000,0.0000,0.0000,2427.0000,0.0000,0.0000,0.0000,0.0000,3,0,0,0,0,109,0,0,0,0
zc,WS209,2012-06-13 09:07:15.010,2426.0000,224384,-2,0.0000,2.0000,0,2,双平,B,2426.0000,0.0000,0.0000,0.0000,0.0000,2427.0000,0.0000,0.0000,0.0000,0.0000,2,0,0,0,0,109,0,0,0,0
zc,WS209,2012-06-13 09:07:17.760,2425.0000,224388,4,0.0000,44.0000,24,20,空开,S,2425.0000,0.0000,0.0000,0.0000,0.0000,2427.0000,0.0000,0.0000,0.0000,0.0000,159,0,0,0,0,109,0,0,0,0
zc,WS209,2012-06-13 09:07:18.527,2425.0000,224388,0,0.0000,0.0000,0,0,空换,S,2426.0000,0.0000,0.0000,0.0000,0.0000,2427.0000,0.0000,0.0000,0.0000,0.0000,1,0,0,0,0,109,0,0,0,0
zc,WS209,2012-06-13 09:07:20.527,2427.0000,224388,0,0.0000,20.0000,10,10,多换,B,2426.0000,0.0000,0.0000,0.0000,0.0000,2427.0000,0.0000,0.0000,0.0000,0.0000,2,0,0,0,0,99,0,0,0,0
zc,WS209,2012-06-13 09:07:22.027,2426.0000,224390,2,0.0000,2.0000,2,0,双开,S,2426.0000,0.0000,0.0000,0.0000,0.0000,2427.0000,0.0000,0.0000,0.0000,0.0000,1,0,0,0,0,99,0,0,0,0
zc,WS209,2012-06-13 09:07:23.213,2426.0000,224390,0,0.0000,0.0000,0,0,空换,S,2426.0000,0.0000,0.0000,0.0000,0.0000,2427.0000,0.0000,0.0000,0.0000,0.0000,2,0,0,0,0,99,0,0,0,0
zc,WS209,2012-06-13 09:07:23.760,2426.0000,224390,0,0.0000,2.0000,1,1,空换,S,2426.0000,0.0000,0.0000,0.0000,0.0000,2427.0000,0.0000,0.0000,0.0000,0.0000,1,0,0,0,0,99,0,0,0,0
zc,WS209,2012-06-13 09:07:24.807,2426.0000,224390,0,0.0000,0.0000,0,0,空换,S,2426.0000,0.0000,0.0000,0.0000,0.0000,2427.0000,0.0000,0.0000,0.0000,0.0000,2,0,0,0,0,99,0,0,0,0
zc,WS209,2012-06-13 09:07:25.557,2426.0000,224390,0,0.0000,0.0000,0,0,空换,S,2426.0000,0.0000,0.0000,0.0000,0.0000,2427.0000,0.0000,0.0000,0.0000,0.0000,3,0,0,0,0,99,0,0,0,0
zc,WS209,2012-06-13 09:07:27.743,2426.0000,224390,0,0.0000,0.0000,0,0,空换,S,2426.0000,0.0000,0.0000,0.0000,0.0000,2427.0000,0.0000,0.0000,0.0000,0.0000,4,0,0,0,0,99,0,0,0,0
zc,WS209,2012-06-13 09:07:28.743,2427.0000,224388,-2,0.0000,4.0000,1,3,空平,B,2426.0000,0.0000,0.0000,0.0000,0.0000,2427.0000,0.0000,0.0000,0.0000,0.0000,3,0,0,0,0,98,0,0,0,0
zc,WS209,2012-06-13 09:07:29.743,2426.0000,224388,0,0.0000,8.0000,4,4,空换,S,2425.0000,0.0000,0.0000,0.0000,0.0000,2426.0000,0.0000,0.0000,0.0000,0.0000,38,0,0,0,0,8,0,0,0,0
zc,WS209,2012-06-13 09:07:31.027,2426.0000,224388,0,0.0000,0.0000,0,0,空换,S,2425.0000,0.0000,0.0000,0.0000,0.0000,2426.0000,0.0000,0.0000,0.0000,0.0000,44,0,0,0,0,8,0,0,0,0
zc,WS209,2012-06-13 09:07:31.760,2426.0000,224384,-4,0.0000,4.0000,0,4,双平,S,2425.0000,0.0000,0.0000,0.0000,0.0000,2426.0000,0.0000,0.0000,0.0000,0.0000,45,0,0,0,0,6,0,0,0,0
zc,WS209,2012-06-13 09:07:32.260,2426.0000,224384,0,0.0000,2.0000,1,1,空换,S,2425.0000,0.0000,0.0000,0.0000,0.0000,2426.0000,0.0000,0.0000,0.0000,0.0000,45,0,0,0,0,6,0,0,0,0
zc,WS209,2012-06-13 09:07:32.760,2426.0000,224384,0,0.0000,0.0000,0,0,空换,S,2425.0000,0.0000,0.0000,0.0000,0.0000,2426.0000,0.0000,0.0000,0.0000,0.0000,46,0,0,0,0,6,0,0,0,0
zc,WS209,2012-06-13 09:07:34.027,2426.0000,224384,0,0.0000,0.0000,0,0,空换,S,2425.0000,0.0000,0.0000,0.0000,0.0000,2426.0000,0.0000,0.0000,0.0000,0.0000,47,0,0,0,0,6,0,0,0,0
zc,WS209,2012-06-13 09:07:34.527,2425.0000,224384,0,0.0000,4.0000,2,2,空换,S,2425.0000,0.0000,0.0000,0.0000,0.0000,2426.0000,0.0000,0.0000,0.0000,0.0000,46,0,0,0,0,23,0,0,0,0
zc,WS209,2012-06-13 09:07:35.027,2425.0000,224384,0,0.0000,0.0000,0,0,空换,S,2425.0000,0.0000,0.0000,0.0000,0.0000,2426.0000,0.0000,0.0000,0.0000,0.0000,46,0,0,0,0,32,0,0,0,0
zc,WS209,2012-06-13 09:07:35.760,2425.0000,224384,0,0.0000,0.0000,0,0,空换,S,2425.0000,0.0000,0.0000,0.0000,0.0000,2426.0000,0.0000,0.0000,0.0000,0.0000,47,0,0,0,0,32,0,0,0,0
zc,WS209,2012-06-13 09:07:36.743,2425.0000,224384,0,0.0000,0.0000,0,0,空换,S,2425.0000,0.0000,0.0000,0.0000,0.0000,2426.0000,0.0000,0.0000,0.0000,0.0000,48,0,0,0,0,32,0,0,0,0
zc,WS209,2012-06-13 09:07:37.510,2425.0000,224384,0,0.0000,0.0000,0,0,空换,S,2425.0000,0.0000,0.0000,0.0000,0.0000,2426.0000,0.0000,0.0000,0.0000,0.0000,49,0,0,0,0,32,0,0,0,0
zc,WS209,2012-06-13 09:07:37.993,2426.0000,224384,0,0.0000,4.0000,2,2,多换,B,2425.0000,0.0000,0.0000,0.0000,0.0000,2426.0000,0.0000,0.0000,0.0000,0.0000,49,0,0,0,0,31,0,0,0,0
zc,WS209,2012-06-13 09:07:38.837,2425.0000,224384,0,0.0000,4.0000,2,2,空换,S,2425.0000,0.0000,0.0000,0.0000,0.0000,2426.0000,0.0000,0.0000,0.0000,0.0000,51,0,0,0,0,31,0,0,0,0
zc,WS209,2012-06-13 09:07:39.290,2425.0000,224384,0,0.0000,0.0000,0,0,空换,S,2425.0000,0.0000,0.0000,0.0000,0.0000,2426.0000,0.0000,0.0000,0.0000,0.0000,52,0,0,0,0,31,0,0,0,0
zc,WS209,2012-06-13 09:07:40.557,2425.0000,224374,-10,0.0000,10.0000,0,10,双平,S,2425.0000,0.0000,0.0000,0.0000,0.0000,2426.0000,0.0000,0.0000,0.0000,0.0000,52,0,0,0,0,57,0,0,0,0
zc,WS209,2012-06-13 09:07:42.230,2425.0000,224374,0,0.0000,0.0000,0,0,空换,S,2425.0000,0.0000,0.0000,0.0000,0.0000,2426.0000,0.0000,0.0000,0.0000,0.0000,53,0,0,0,0,58,0,0,0,0
zc,WS209,2012-06-13 09:07:43.337,2426.0000,224374,0,0.0000,4.0000,2,2,多换,B,2425.0000,0.0000,0.0000,0.0000,0.0000,2426.0000,0.0000,0.0000,0.0000,0.0000,52,0,0,0,0,56,0,0,0,0
zc,WS209,2012-06-13 09:07:47.587,2426.0000,224374,0,0.0000,0.0000,0,0,多换,B,2425.0000,0.0000,0.0000,0.0000,0.0000,2426.0000,0.0000,0.0000,0.0000,0.0000,53,0,0,0,0,56,0,0,0,0
zc,WS209,2012-06-13 09:07:49.243,2426.0000,224374,0,0.0000,0.0000,0,0,多换,B,2425.0000,0.0000,0.0000,0.0000,0.0000,2426.0000,0.0000,0.0000,0.0000,0.0000,95,0,0,0,0,32,0,0,0,0
zc,WS209,2012-06-13 09:07:49.493,2426.0000,224374,0,0.0000,0.0000,0,0,多换,B,2425.0000,0.0000,0.0000,0.0000,0.0000,2426.0000,0.0000,0.0000,0.0000,0.0000,93,0,0,0,0,32,0,0,0,0
zc,WS209,2012-06-13 09:07:50.290,2426.0000,224374,0,0.0000,0.0000,0,0,多换,B,2425.0000,0.0000,0.0000,0.0000,0.0000,2426.0000,0.0000,0.0000,0.0000,0.0000,92,0,0,0,0,24,0,0,0,0
zc,WS209,2012-06-13 09:07:50.743,2426.0000,224374,0,0.0000,0.0000,0,0,多换,B,2425.0000,0.0000,0.0000,0.0000,0.0000,2426.0000,0.0000,0.0000,0.0000,0.0000,95,0,0,0,0,24,0,0,0,0
zc,WS209,2012-06-13 09:07:51.260,2426.0000,224374,0,0.0000,0.0000,0,0,多换,B,2425.0000,0.0000,0.0000,0.0000,0.0000,2426.0000,0.0000,0.0000,0.0000,0.0000,84,0,0,0,0,24,0,0,0,0
zc,WS209,2012-06-13 09:07:52.040,2426.0000,224374,0,0.0000,0.0000,0,0,多换,B,2425.0000,0.0000,0.0000,0.0000,0.0000,2426.0000,0.0000,0.0000,0.0000,0.0000,79,0,0,0,0,24,0,0,0,0
zc,WS209,2012-06-13 09:07:53.493,2426.0000,224374,0,0.0000,0.0000,0,0,多换,B,2425.0000,0.0000,0.0000,0.0000,0.0000,2426.0000,0.0000,0.0000,0.0000,0.0000,78,0,0,0,0,24,0,0,0,0
zc,WS209,2012-06-13 09:07:54.260,2425.0000,224394,20,0.0000,20.0000,20,0,双开,S,2425.0000,0.0000,0.0000,0.0000,0.0000,2426.0000,0.0000,0.0000,0.0000,0.0000,80,0,0,0,0,24,0,0,0,0
zc,WS209,2012-06-13 09:07:54.527,2425.0000,224394,0,0.0000,0.0000,0,0,空换,S,2425.0000,0.0000,0.0000,0.0000,0.0000,2426.0000,0.0000,0.0000,0.0000,0.0000,71,0,0,0,0,24,0,0,0,0
zc,WS209,2012-06-13 09:07:55.230,2426.0000,224394,0,0.0000,2.0000,1,1,多换,B,2425.0000,0.0000,0.0000,0.0000,0.0000,2426.0000,0.0000,0.0000,0.0000,0.0000,68,0,0,0,0,23,0,0,0,0
zc,WS209,2012-06-13 09:07:56.027,2426.0000,224394,0,0.0000,0.0000,0,0,多换,B,2425.0000,0.0000,0.0000,0.0000,0.0000,2426.0000,0.0000,0.0000,0.0000,0.0000,55,0,0,0,0,40,0,0,0,0
zc,WS209,2012-06-13 09:07:56.480,2426.0000,224394,0,0.0000,0.0000,0,0,多换,B,2425.0000,0.0000,0.0000,0.0000,0.0000,2426.0000,0.0000,0.0000,0.0000,0.0000,55,0,0,0,0,47,0,0,0,0
zc,WS209,2012-06-13 09:07:57.040,2426.0000,224394,0,0.0000,0.0000,0,0,多换,B,2425.0000,0.0000,0.0000,0.0000,0.0000,2426.0000,0.0000,0.0000,0.0000,0.0000,55,0,0,0,0,43,0,0,0,0
zc,WS209,2012-06-13 09:07:57.510,2425.0000,224392,-2,0.0000,2.0000,0,2,双平,S,2425.0000,0.0000,0.0000,0.0000,0.0000,2426.0000,0.0000,0.0000,0.0000,0.0000,57,0,0,0,0,46,0,0,0,0
zc,WS209,2012-06-13 09:07:58.510,2425.0000,224392,0,0.0000,0.0000,0,0,空换,S,2425.0000,0.0000,0.0000,0.0000,0.0000,2426.0000,0.0000,0.0000,0.0000,0.0000,57,0,0,0,0,47,0,0,0,0
zc,WS209,2012-06-13 09:08:01.527,2425.0000,224392,0,0.0000,0.0000,0,0,空换,S,2425.0000,0.0000,0.0000,0.0000,0.0000,2426.0000,0.0000,0.0000,0.0000,0.0000,58,0,0,0,0,46,0,0,0,0
zc,WS209,2012-06-13 09:08:02.260,2425.0000,224392,0,0.0000,0.0000,0,0,空换,S,2425.0000,0.0000,0.0000,0.0000,0.0000,2426.0000,0.0000,0.0000,0.0000,0.0000,59,0,0,0,0,47,0,0,0,0
zc,WS209,2012-06-13 09:08:04.527,2425.0000,224392,0,0.0000,0.0000,0,0,空换,S,2425.0000,0.0000,0.0000,0.0000,0.0000,2426.0000,0.0000,0.0000,0.0000,0.0000,64,0,0,0,0,47,0,0,0,0
zc,WS209,2012-06-13 09:08:04.980,2425.0000,224392,0,0.0000,0.0000,0,0,空换,S,2425.0000,0.0000,0.0000,0.0000,0.0000,2426.0000,0.0000,0.0000,0.0000,0.0000,65,0,0,0,0,47,0,0,0,0
zc,WS209,2012-06-13 09:08:06.307,2425.0000,224392,0,0.0000,2.0000,1,1,空换,S,2425.0000,0.0000,0.0000,0.0000,0.0000,2426.0000,0.0000,0.0000,0.0000,0.0000,64,0,0,0,0,44,0,0,0,0
zc,WS209,2012-06-13 09:08:06.540,2425.0000,224392,0,0.0000,0.0000,0,0,空换,S,2425.0000,0.0000,0.0000,0.0000,0.0000,2426.0000,0.0000,0.0000,0.0000,0.0000,65,0,0,0,0,48,0,0,0,0
zc,WS209,2012-06-13 09:08:07.277,2425.0000,224392,0,0.0000,0.0000,0,0,空换,S,2425.0000,0.0000,0.0000,0.0000,0.0000,2426.0000,0.0000,0.0000,0.0000,0.0000,65,0,0,0,0,37,0,0,0,0
zc,WS209,2012-06-13 09:08:07.760,2425.0000,224392,0,0.0000,0.0000,0,0,空换,S,2425.0000,0.0000,0.0000,0.0000,0.0000,2426.0000,0.0000,0.0000,0.0000,0.0000,65,0,0,0,0,38,0,0,0,0
zc,WS209,2012-06-13 09:08:08.540,2425.0000,224392,0,0.0000,0.0000,0,0,空换,S,2425.0000,0.0000,0.0000,0.0000,0.0000,2426.0000,0.0000,0.0000,0.0000,0.0000,65,0,0,0,0,37,0,0,0,0
zc,WS209,2012-06-13 09:08:08.993,2425.0000,224392,0,0.0000,0.0000,0,0,空换,S,2425.0000,0.0000,0.0000,0.0000,0.0000,2426.0000,0.0000,0.0000,0.0000,0.0000,65,0,0,0,0,36,0,0,0,0
zc,WS209,2012-06-13 09:08:09.743,2425.0000,224392,0,0.0000,30.0000,15,15,空换,S,2425.0000,0.0000,0.0000,0.0000,0.0000,2426.0000,0.0000,0.0000,0.0000,0.0000,50,0,0,0,0,26,0,0,0,0
zc,WS209,2012-06-13 09:08:10.230,2426.0000,224390,-2,0.0000,2.0000,0,2,双平,B,2425.0000,0.0000,0.0000,0.0000,0.0000,2426.0000,0.0000,0.0000,0.0000,0.0000,51,0,0,0,0,28,0,0,0,0
zc,WS209,2012-06-13 09:08:10.743,2426.0000,224390,0,0.0000,0.0000,0,0,多换,B,2425.0000,0.0000,0.0000,0.0000,0.0000,2426.0000,0.0000,0.0000,0.0000,0.0000,52,0,0,0,0,48,0,0,0,0
zc,WS209,2012-06-13 09:08:13.010,2426.0000,224390,0,0.0000,0.0000,0,0,多换,B,2425.0000,0.0000,0.0000,0.0000,0.0000,2426.0000,0.0000,0.0000,0.0000,0.0000,50,0,0,0,0,47,0,0,0,0
zc,WS209,2012-06-13 09:08:13.777,2426.0000,224390,0,0.0000,0.0000,0,0,多换,B,2425.0000,0.0000,0.0000,0.0000,0.0000,2426.0000,0.0000,0.0000,0.0000,0.0000,50,0,0,0,0,46,0,0,0,0
zc,WS209,2012-06-13 09:08:14.277,2425.0000,224390,0,0.0000,2.0000,1,1,空换,S,2425.0000,0.0000,0.0000,0.0000,0.0000,2426.0000,0.0000,0.0000,0.0000,0.0000,49,0,0,0,0,48,0,0,0,0
zc,WS209,2012-06-13 09:08:15.510,2425.0000,224390,0,0.0000,8.0000,4,4,空换,S,2425.0000,0.0000,0.0000,0.0000,0.0000,2426.0000,0.0000,0.0000,0.0000,0.0000,49,0,0,0,0,48,0,0,0,0
zc,WS209,2012-06-13 09:08:15.993,2425.0000,224390,0,0.0000,0.0000,0,0,空换,S,2425.0000,0.0000,0.0000,0.0000,0.0000,2426.0000,0.0000,0.0000,0.0000,0.0000,49,0,0,0,0,42,0,0,0,0
zc,WS209,2012-06-13 09:08:17.243,2425.0000,224390,0,0.0000,0.0000,0,0,空换,S,2425.0000,0.0000,0.0000,0.0000,0.0000,2426.0000,0.0000,0.0000,0.0000,0.0000,49,0,0,0,0,46,0,0,0,0
zc,WS209,2012-06-13 09:08:18.027,2425.0000,224390,0,0.0000,0.0000,0,0,空换,S,2425.0000,0.0000,0.0000,0.0000,0.0000,2426.0000,0.0000,0.0000,0.0000,0.0000,49,0,0,0,0,45,0,0,0,0
zc,WS209,2012-06-13 09:08:18.510,2425.0000,224390,0,0.0000,0.0000,0,0,空换,S,2425.0000,0.0000,0.0000,0.0000,0.0000,2426.0000,0.0000,0.0000,0.0000,0.0000,52,0,0,0,0,44,0,0,0,0
zc,WS209,2012-06-13 09:08:19.290,2425.0000,224390,0,0.0000,2.0000,1,1,空换,S,2425.0000,0.0000,0.0000,0.0000,0.0000,2426.0000,0.0000,0.0000,0.0000,0.0000,51,0,0,0,0,35,0,0,0,0
zc,WS209,2012-06-13 09:08:19.743,2425.0000,224390,0,0.0000,0.0000,0,0,空换,S,2425.0000,0.0000,0.0000,0.0000,0.0000,2426.0000,0.0000,0.0000,0.0000,0.0000,64,0,0,0,0,26,0,0,0,0
zc,WS209,2012-06-13 09:08:20.463,2425.0000,224390,0,0.0000,0.0000,0,0,空换,S,2425.0000,0.0000,0.0000,0.0000,0.0000,2426.0000,0.0000,0.0000,0.0000,0.0000,59,0,0,0,0,26,0,0,0,0
zc,WS209,2012-06-13 09:08:22.277,2425.0000,224386,-4,0.0000,26.0000,11,15,多平,S,2425.0000,0.0000,0.0000,0.0000,0.0000,2426.0000,0.0000,0.0000,0.0000,0.0000,45,0,0,0,0,26,0,0,0,0
zc,WS209,2012-06-13 09:08:23.993,2425.0000,224386,0,0.0000,0.0000,0,0,空换,S,2425.0000,0.0000,0.0000,0.0000,0.0000,2426.0000,0.0000,0.0000,0.0000,0.0000,54,0,0,0,0,26,0,0,0,0
zc,WS209,2012-06-13 09:08:24.790,2425.0000,224386,0,0.0000,0.0000,0,0,空换,S,2425.0000,0.0000,0.0000,0.0000,0.0000,2426.0000,0.0000,0.0000,0.0000,0.0000,53,0,0,0,0,26,0,0,0,0
zc,WS209,2012-06-13 09:08:25.260,2425.0000,224388,2,0.0000,2.0000,2,0,双开,S,2425.0000,0.0000,0.0000,0.0000,0.0000,2426.0000,0.0000,0.0000,0.0000,0.0000,52,0,0,0,0,26,0,0,0,0
zc,WS209,2012-06-13 09:08:26.040,2425.0000,224388,0,0.0000,0.0000,0,0,空换,S,2425.0000,0.0000,0.0000,0.0000,0.0000,2426.0000,0.0000,0.0000,0.0000,0.0000,45,0,0,0,0,29,0,0,0,0
zc,WS209,2012-06-13 09:08:26.573,2425.0000,224388,0,0.0000,0.0000,0,0,空换,S,2425.0000,0.0000,0.0000,0.0000,0.0000,2426.0000,0.0000,0.0000,0.0000,0.0000,45,0,0,0,0,30,0,0,0,0
zc,WS209,2012-06-13 09:08:27.290,2425.0000,224388,0,0.0000,0.0000,0,0,空换,S,2425.0000,0.0000,0.0000,0.0000,0.0000,2426.0000,0.0000,0.0000,0.0000,0.0000,45,0,0,0,0,26,0,0,0,0
zc,WS209,2012-06-13 09:08:27.743,2425.0000,224388,0,0.0000,2.0000,1,1,空换,S,2425.0000,0.0000,0.0000,0.0000,0.0000,2426.0000,0.0000,0.0000,0.0000,0.0000,44,0,0,0,0,26,0,0,0,0
zc,WS209,2012-06-13 09:08:28.493,2425.0000,224384,-4,0.0000,24.0000,10,14,多平,S,2425.0000,0.0000,0.0000,0.0000,0.0000,2426.0000,0.0000,0.0000,0.0000,0.0000,31,0,0,0,0,26,0,0,0,0
zc,WS209,2012-06-13 09:08:29.010,2426.0000,224384,0,0.0000,2.0000,1,1,多换,B,2425.0000,0.0000,0.0000,0.0000,0.0000,2426.0000,0.0000,0.0000,0.0000,0.0000,32,0,0,0,0,25,0,0,0,0
zc,WS209,2012-06-13 09:08:29.777,2426.0000,224384,0,0.0000,0.0000,0,0,多换,B,2425.0000,0.0000,0.0000,0.0000,0.0000,2426.0000,0.0000,0.0000,0.0000,0.0000,49,0,0,0,0,25,0,0,0,0
zc,WS209,2012-06-13 09:08:31.010,2426.0000,224384,0,0.0000,0.0000,0,0,多换,B,2425.0000,0.0000,0.0000,0.0000,0.0000,2426.0000,0.0000,0.0000,0.0000,0.0000,50,0,0,0,0,25,0,0,0,0
zc,WS209,2012-06-13 09:08:31.573,2426.0000,224384,0,0.0000,0.0000,0,0,多换,B,2425.0000,0.0000,0.0000,0.0000,0.0000,2426.0000,0.0000,0.0000,0.0000,0.0000,73,0,0,0,0,26,0,0,0,0
zc,WS209,2012-06-13 09:08:32.323,2425.0000,224384,0,0.0000,4.0000,2,2,空换,S,2425.0000,0.0000,0.0000,0.0000,0.0000,2426.0000,0.0000,0.0000,0.0000,0.0000,61,0,0,0,0,26,0,0,0,0
zc,WS209,2012-06-13 09:08:32.760,2425.0000,224384,0,0.0000,0.0000,0,0,空换,S,2425.0000,0.0000,0.0000,0.0000,0.0000,2426.0000,0.0000,0.0000,0.0000,0.0000,64,0,0,0,0,22,0,0,0,0
zc,WS209,2012-06-13 09:08:33.290,2425.0000,224384,0,0.0000,0.0000,0,0,空换,S,2425.0000,0.0000,0.0000,0.0000,0.0000,2426.0000,0.0000,0.0000,0.0000,0.0000,63,0,0,0,0,24,0,0,0,0
zc,WS209,2012-06-13 09:08:35.493,2425.0000,224384,0,0.0000,0.0000,0,0,空换,S,2425.0000,0.0000,0.0000,0.0000,0.0000,2426.0000,0.0000,0.0000,0.0000,0.0000,44,0,0,0,0,24,0,0,0,0
zc,WS209,2012-06-13 09:08:36.837,2426.0000,224384,0,0.0000,2.0000,1,1,多换,B,2425.0000,0.0000,0.0000,0.0000,0.0000,2426.0000,0.0000,0.0000,0.0000,0.0000,34,0,0,0,0,49,0,0,0,0
zc,WS209,2012-06-13 09:08:37.493,2426.0000,224384,0,0.0000,0.0000,0,0,多换,B,2425.0000,0.0000,0.0000,0.0000,0.0000,2426.0000,0.0000,0.0000,0.0000,0.0000,36,0,0,0,0,49,0,0,0,0
zc,WS209,2012-06-13 09:08:38.027,2425.0000,224444,60,0.0000,72.0000,66,6,空开,S,2424.0000,0.0000,0.0000,0.0000,0.0000,2425.0000,0.0000,0.0000,0.0000,0.0000,202,0,0,0,0,26,0,0,0,0
zc,WS209,2012-06-13 09:08:38.807,2425.0000,224444,0,0.0000,0.0000,0,0,空换,S,2424.0000,0.0000,0.0000,0.0000,0.0000,2425.0000,0.0000,0.0000,0.0000,0.0000,203,0,0,0,0,26,0,0,0,0
zc,WS209,2012-06-13 09:08:39.243,2425.0000,224446,2,0.0000,2.0000,2,0,双开,S,2424.0000,0.0000,0.0000,0.0000,0.0000,2425.0000,0.0000,0.0000,0.0000,0.0000,204,0,0,0,0,25,0,0,0,0
zc,WS209,2012-06-13 09:08:40.290,2425.0000,224450,4,0.0000,4.0000,4,0,双开,S,2424.0000,0.0000,0.0000,0.0000,0.0000,2425.0000,0.0000,0.0000,0.0000,0.0000,204,0,0,0,0,23,0,0,0,0
zc,WS209,2012-06-13 09:08:41.493,2425.0000,224454,4,0.0000,4.0000,4,0,双开,S,2424.0000,0.0000,0.0000,0.0000,0.0000,2425.0000,0.0000,0.0000,0.0000,0.0000,204,0,0,0,0,21,0,0,0,0
zc,WS209,2012-06-13 09:08:42.040,2425.0000,224456,2,0.0000,2.0000,2,0,双开,S,2424.0000,0.0000,0.0000,0.0000,0.0000,2425.0000,0.0000,0.0000,0.0000,0.0000,204,0,0,0,0,20,0,0,0,0
zc,WS209,2012-06-13 09:08:42.777,2425.0000,224458,2,0.0000,2.0000,2,0,双开,S,2424.0000,0.0000,0.0000,0.0000,0.0000,2425.0000,0.0000,0.0000,0.0000,0.0000,204,0,0,0,0,19,0,0,0,0
zc,WS209,2012-06-13 09:08:43.807,2425.0000,224458,0,0.0000,0.0000,0,0,空换,S,2424.0000,0.0000,0.0000,0.0000,0.0000,2425.0000,0.0000,0.0000,0.0000,0.0000,205,0,0,0,0,19,0,0,0,0
zc,WS209,2012-06-13 09:08:44.527,2425.0000,224460,2,0.0000,2.0000,2,0,双开,S,2424.0000,0.0000,0.0000,0.0000,0.0000,2425.0000,0.0000,0.0000,0.0000,0.0000,205,0,0,0,0,18,0,0,0,0
zc,WS209,2012-06-13 09:08:47.837,2425.0000,224482,22,0.0000,26.0000,24,2,空开,S,2424.0000,0.0000,0.0000,0.0000,0.0000,2425.0000,0.0000,0.0000,0.0000,0.0000,205,0,0,0,0,5,0,0,0,0
zc,WS209,2012-06-13 09:08:48.527,2425.0000,224484,2,0.0000,2.0000,2,0,双开,S,2424.0000,0.0000,0.0000,0.0000,0.0000,2425.0000,0.0000,0.0000,0.0000,0.0000,205,0,0,0,0,4,0,0,0,0
zc,WS209,2012-06-13 09:08:48.760,2424.0000,224484,0,0.0000,6.0000,3,3,空换,S,2424.0000,0.0000,0.0000,0.0000,0.0000,2425.0000,0.0000,0.0000,0.0000,0.0000,202,0,0,0,0,5,0,0,0,0
zc,WS209,2012-06-13 09:08:50.010,2424.0000,224486,2,0.0000,6.0000,4,2,空开,S,2424.0000,0.0000,0.0000,0.0000,0.0000,2425.0000,0.0000,0.0000,0.0000,0.0000,201,0,0,0,0,3,0,0,0,0
zc,WS209,2012-06-13 09:08:50.993,2424.0000,224486,0,0.0000,4.0000,2,2,空换,S,2424.0000,0.0000,0.0000,0.0000,0.0000,2425.0000,0.0000,0.0000,0.0000,0.0000,199,0,0,0,0,3,0,0,0,0
zc,WS209,2012-06-13 09:08:52.243,2425.0000,224488,2,0.0000,2.0000,2,0,双开,B,2424.0000,0.0000,0.0000,0.0000,0.0000,2425.0000,0.0000,0.0000,0.0000,0.0000,199,0,0,0,0,2,0,0,0,0
zc,WS209,2012-06-13 09:08:53.480,2425.0000,224490,2,0.0000,2.0000,2,0,双开,B,2424.0000,0.0000,0.0000,0.0000,0.0000,2425.0000,0.0000,0.0000,0.0000,0.0000,199,0,0,0,0,1,0,0,0,0
zc,WS209,2012-06-13 09:08:55.260,2425.0000,224490,0,0.0000,0.0000,0,0,多换,B,2424.0000,0.0000,0.0000,0.0000,0.0000,2425.0000,0.0000,0.0000,0.0000,0.0000,199,0,0,0,0,2,0,0,0,0
zc,WS209,2012-06-13 09:08:56.260,2424.0000,224490,0,0.0000,2.0000,1,1,空换,S,2424.0000,0.0000,0.0000,0.0000,0.0000,2425.0000,0.0000,0.0000,0.0000,0.0000,198,0,0,0,0,2,0,0,0,0
zc,WS209,2012-06-13 09:08:57.493,2424.0000,224490,0,0.0000,0.0000,0,0,空换,S,2424.0000,0.0000,0.0000,0.0000,0.0000,2425.0000,0.0000,0.0000,0.0000,0.0000,198,0,0,0,0,3,0,0,0,0
zc,WS209,2012-06-13 09:08:58.277,2424.0000,224490,0,0.0000,0.0000,0,0,空换,S,2424.0000,0.0000,0.0000,0.0000,0.0000,2425.0000,0.0000,0.0000,0.0000,0.0000,198,0,0,0,0,5,0,0,0,0
zc,WS209,2012-06-13 09:08:58.760,2424.0000,224490,0,0.0000,0.0000,0,0,空换,S,2424.0000,0.0000,0.0000,0.0000,0.0000,2425.0000,0.0000,0.0000,0.0000,0.0000,198,0,0,0,0,6,0,0,0,0
zc,WS209,2012-06-13 09:09:00.510,2425.0000,224478,-12,0.0000,12.0000,0,12,双平,B,2425.0000,0.0000,0.0000,0.0000,0.0000,2426.0000,0.0000,0.0000,0.0000,0.0000,44,0,0,0,0,92,0,0,0,0
zc,WS209,2012-06-13 09:09:03.027,2425.0000,224428,-50,0.0000,50.0000,0,50,双平,B,2425.0000,0.0000,0.0000,0.0000,0.0000,2426.0000,0.0000,0.0000,0.0000,0.0000,19,0,0,0,0,92,0,0,0,0
zc,WS209,2012-06-13 09:09:05.337,2425.0000,224426,-2,0.0000,2.0000,0,2,双平,B,2425.0000,0.0000,0.0000,0.0000,0.0000,2426.0000,0.0000,0.0000,0.0000,0.0000,19,0,0,0,0,92,0,0,0,0
zc,WS209,2012-06-13 09:09:06.777,2425.0000,224422,-4,0.0000,4.0000,0,4,双平,B,2425.0000,0.0000,0.0000,0.0000,0.0000,2426.0000,0.0000,0.0000,0.0000,0.0000,18,0,0,0,0,92,0,0,0,0
zc,WS209,2012-06-13 09:09:07.540,2426.0000,224414,-8,0.0000,10.0000,1,9,空平,B,2425.0000,0.0000,0.0000,0.0000,0.0000,2426.0000,0.0000,0.0000,0.0000,0.0000,14,0,0,0,0,91,0,0,0,0
zc,WS209,2012-06-13 09:09:08.260,2426.0000,224414,0,0.0000,0.0000,0,0,多换,B,2425.0000,0.0000,0.0000,0.0000,0.0000,2426.0000,0.0000,0.0000,0.0000,0.0000,16,0,0,0,0,91,0,0,0,0
zc,WS209,2012-06-13 09:09:10.040,2426.0000,224414,0,0.0000,0.0000,0,0,多换,B,2425.0000,0.0000,0.0000,0.0000,0.0000,2426.0000,0.0000,0.0000,0.0000,0.0000,18,0,0,0,0,91,0,0,0,0
zc,WS209,2012-06-13 09:09:11.510,2425.0000,224414,0,0.0000,2.0000,1,1,空换,S,2425.0000,0.0000,0.0000,0.0000,0.0000,2426.0000,0.0000,0.0000,0.0000,0.0000,17,0,0,0,0,91,0,0,0,0
zc,WS209,2012-06-13 09:09:12.027,2425.0000,224414,0,0.0000,2.0000,1,1,空换,S,2425.0000,0.0000,0.0000,0.0000,0.0000,2426.0000,0.0000,0.0000,0.0000,0.0000,16,0,0,0,0,91,0,0,0,0
zc,WS209,2012-06-13 09:09:14.573,2425.0000,224412,-2,0.0000,2.0000,0,2,双平,S,2425.0000,0.0000,0.0000,0.0000,0.0000,2426.0000,0.0000,0.0000,0.0000,0.0000,15,0,0,0,0,91,0,0,0,0
zc,WS209,2012-06-13 09:09:15.040,2425.0000,224388,-24,0.0000,30.0000,3,27,多平,S,2424.0000,0.0000,0.0000,0.0000,0.0000,2426.0000,0.0000,0.0000,0.0000,0.0000,75,0,0,0,0,76,0,0,0,0
zc,WS209,2012-06-13 09:09:15.807,2425.0000,224388,0,0.0000,0.0000,0,0,空换,S,2424.0000,0.0000,0.0000,0.0000,0.0000,2426.0000,0.0000,0.0000,0.0000,0.0000,74,0,0,0,0,76,0,0,0,0
zc,WS209,2012-06-13 09:09:16.260,2425.0000,224384,-4,0.0000,12.0000,4,8,多平,S,2424.0000,0.0000,0.0000,0.0000,0.0000,2425.0000,0.0000,0.0000,0.0000,0.0000,47,0,0,0,0,9,0,0,0,0
zc,WS209,2012-06-13 09:09:17.540,2425.0000,224384,0,0.0000,0.0000,0,0,空换,S,2424.0000,0.0000,0.0000,0.0000,0.0000,2425.0000,0.0000,0.0000,0.0000,0.0000,50,0,0,0,0,26,0,0,0,0
zc,WS209,2012-06-13 09:09:18.307,2425.0000,224384,0,0.0000,2.0000,1,1,空换,S,2424.0000,0.0000,0.0000,0.0000,0.0000,2425.0000,0.0000,0.0000,0.0000,0.0000,51,0,0,0,0,25,0,0,0,0
zc,WS209,2012-06-13 09:09:19.277,2424.0000,224382,-2,0.0000,2.0000,0,2,双平,S,2424.0000,0.0000,0.0000,0.0000,0.0000,2425.0000,0.0000,0.0000,0.0000,0.0000,51,0,0,0,0,24,0,0,0,0
zc,WS209,2012-06-13 09:09:21.790,2424.0000,224382,0,0.0000,0.0000,0,0,空换,S,2424.0000,0.0000,0.0000,0.0000,0.0000,2425.0000,0.0000,0.0000,0.0000,0.0000,53,0,0,0,0,25,0,0,0,0
zc,WS209,2012-06-13 09:09:22.307,2425.0000,224382,0,0.0000,2.0000,1,1,多换,B,2424.0000,0.0000,0.0000,0.0000,0.0000,2425.0000,0.0000,0.0000,0.0000,0.0000,53,0,0,0,0,24,0,0,0,0
zc,WS209,2012-06-13 09:09:23.540,2424.0000,224382,0,0.0000,4.0000,2,2,空换,S,2424.0000,0.0000,0.0000,0.0000,0.0000,2425.0000,0.0000,0.0000,0.0000,0.0000,51,0,0,0,0,24,0,0,0,0
zc,WS209,2012-06-13 09:09:24.057,2425.0000,224382,0,0.0000,4.0000,2,2,多换,B,2424.0000,0.0000,0.0000,0.0000,0.0000,2425.0000,0.0000,0.0000,0.0000,0.0000,51,0,0,0,0,22,0,0,0,0
zc,WS209,2012-06-13 09:09:25.760,2425.0000,224382,0,0.0000,0.0000,0,0,多换,B,2424.0000,0.0000,0.0000,0.0000,0.0000,2425.0000,0.0000,0.0000,0.0000,0.0000,51,0,0,0,0,23,0,0,0,0
zc,WS209,2012-06-13 09:09:26.527,2425.0000,224382,0,0.0000,0.0000,0,0,多换,B,2424.0000,0.0000,0.0000,0.0000,0.0000,2425.0000,0.0000,0.0000,0.0000,0.0000,51,0,0,0,0,33,0,0,0,0
zc,WS209,2012-06-13 09:09:26.823,2425.0000,224382,0,0.0000,2.0000,1,1,多换,B,2424.0000,0.0000,0.0000,0.0000,0.0000,2425.0000,0.0000,0.0000,0.0000,0.0000,51,0,0,0,0,33,0,0,0,0
zc,WS209,2012-06-13 09:09:29.260,2425.0000,224382,0,0.0000,2.0000,1,1,多换,B,2424.0000,0.0000,0.0000,0.0000,0.0000,2425.0000,0.0000,0.0000,0.0000,0.0000,76,0,0,0,0,32,0,0,0,0
zc,WS209,2012-06-13 09:09:31.823,2425.0000,224382,0,0.0000,0.0000,0,0,多换,B,2424.0000,0.0000,0.0000,0.0000,0.0000,2425.0000,0.0000,0.0000,0.0000,0.0000,76,0,0,0,0,33,0,0,0,0
zc,WS209,2012-06-13 09:09:32.290,2425.0000,224382,0,0.0000,0.0000,0,0,多换,B,2424.0000,0.0000,0.0000,0.0000,0.0000,2425.0000,0.0000,0.0000,0.0000,0.0000,76,0,0,0,0,48,0,0,0,0
zc,WS209,2012-06-13 09:09:34.057,2425.0000,224382,0,0.0000,0.0000,0,0,多换,B,2424.0000,0.0000,0.0000,0.0000,0.0000,2425.0000,0.0000,0.0000,0.0000,0.0000,77,0,0,0,0,48,0,0,0,0
zc,WS209,2012-06-13 09:09:35.260,2425.0000,224382,0,0.0000,0.0000,0,0,多换,B,2424.0000,0.0000,0.0000,0.0000,0.0000,2425.0000,0.0000,0.0000,0.0000,0.0000,77,0,0,0,0,49,0,0,0,0
zc,WS209,2012-06-13 09:09:36.510,2424.0000,224382,0,0.0000,4.0000,2,2,空换,S,2424.0000,0.0000,0.0000,0.0000,0.0000,2425.0000,0.0000,0.0000,0.0000,0.0000,75,0,0,0,0,50,0,0,0,0
zc,WS209,2012-06-13 09:09:37.493,2424.0000,224382,0,0.0000,6.0000,3,3,空换,S,2424.0000,0.0000,0.0000,0.0000,0.0000,2425.0000,0.0000,0.0000,0.0000,0.0000,72,0,0,0,0,50,0,0,0,0
zc,WS209,2012-06-13 09:09:38.243,2424.0000,224382,0,0.0000,0.0000,0,0,空换,S,2424.0000,0.0000,0.0000,0.0000,0.0000,2425.0000,0.0000,0.0000,0.0000,0.0000,73,0,0,0,0,50,0,0,0,0
zc,WS209,2012-06-13 09:09:40.480,2424.0000,224394,12,0.0000,12.0000,12,0,双开,S,2424.0000,0.0000,0.0000,0.0000,0.0000,2425.0000,0.0000,0.0000,0.0000,0.0000,67,0,0,0,0,50,0,0,0,0
zc,WS209,2012-06-13 09:09:42.730,2424.0000,224394,0,0.0000,0.0000,0,0,空换,S,2424.0000,0.0000,0.0000,0.0000,0.0000,2425.0000,0.0000,0.0000,0.0000,0.0000,67,0,0,0,0,54,0,0,0,0
zc,WS209,2012-06-13 09:09:44.010,2424.0000,224394,0,0.0000,0.0000,0,0,空换,S,2424.0000,0.0000,0.0000,0.0000,0.0000,2425.0000,0.0000,0.0000,0.0000,0.0000,70,0,0,0,0,54,0,0,0,0
zc,WS209,2012-06-13 09:09:45.230,2424.0000,224394,0,0.0000,0.0000,0,0,空换,S,2424.0000,0.0000,0.0000,0.0000,0.0000,2425.0000,0.0000,0.0000,0.0000,0.0000,80,0,0,0,0,54,0,0,0,0
zc,WS209,2012-06-13 09:09:47.993,2424.0000,224394,0,0.0000,0.0000,0,0,空换,S,2424.0000,0.0000,0.0000,0.0000,0.0000,2425.0000,0.0000,0.0000,0.0000,0.0000,83,0,0,0,0,54,0,0,0,0
zc,WS209,2012-06-13 09:09:48.730,2424.0000,224394,0,0.0000,0.0000,0,0,空换,S,2424.0000,0.0000,0.0000,0.0000,0.0000,2425.0000,0.0000,0.0000,0.0000,0.0000,84,0,0,0,0,54,0,0,0,0
zc,WS209,2012-06-13 09:09:50.980,2424.0000,224394,0,0.0000,0.0000,0,0,空换,S,2424.0000,0.0000,0.0000,0.0000,0.0000,2425.0000,0.0000,0.0000,0.0000,0.0000,85,0,0,0,0,54,0,0,0,0
zc,WS209,2012-06-13 09:09:51.480,2424.0000,224394,0,0.0000,0.0000,0,0,空换,S,2424.0000,0.0000,0.0000,0.0000,0.0000,2425.0000,0.0000,0.0000,0.0000,0.0000,86,0,0,0,0,53,0,0,0,0
zc,WS209,2012-06-13 09:09:52.230,2424.0000,224394,0,0.0000,0.0000,0,0,空换,S,2424.0000,0.0000,0.0000,0.0000,0.0000,2425.0000,0.0000,0.0000,0.0000,0.0000,86,0,0,0,0,52,0,0,0,0
zc,WS209,2012-06-13 09:09:52.730,2424.0000,224394,0,0.0000,0.0000,0,0,空换,S,2424.0000,0.0000,0.0000,0.0000,0.0000,2425.0000,0.0000,0.0000,0.0000,0.0000,168,0,0,0,0,52,0,0,0,0
zc,WS209,2012-06-13 09:09:53.260,2424.0000,224394,0,0.0000,0.0000,0,0,空换,S,2424.0000,0.0000,0.0000,0.0000,0.0000,2425.0000,0.0000,0.0000,0.0000,0.0000,167,0,0,0,0,52,0,0,0,0
zc,WS209,2012-06-13 09:09:54.057,2424.0000,224394,0,0.0000,0.0000,0,0,空换,S,2424.0000,0.0000,0.0000,0.0000,0.0000,2425.0000,0.0000,0.0000,0.0000,0.0000,189,0,0,0,0,52,0,0,0,0
zc,WS209,2012-06-13 09:09:54.493,2425.0000,224396,2,0.0000,2.0000,2,0,双开,B,2424.0000,0.0000,0.0000,0.0000,0.0000,2425.0000,0.0000,0.0000,0.0000,0.0000,179,0,0,0,0,51,0,0,0,0
zc,WS209,2012-06-13 09:09:56.243,2425.0000,224396,0,0.0000,0.0000,0,0,多换,B,2424.0000,0.0000,0.0000,0.0000,0.0000,2425.0000,0.0000,0.0000,0.0000,0.0000,169,0,0,0,0,50,0,0,0,0
zc,WS209,2012-06-13 09:09:56.730,2425.0000,224398,2,0.0000,2.0000,2,0,双开,B,2424.0000,0.0000,0.0000,0.0000,0.0000,2425.0000,0.0000,0.0000,0.0000,0.0000,160,0,0,0,0,49,0,0,0,0
zc,WS209,2012-06-13 09:09:57.230,2425.0000,224416,18,0.0000,18.0000,18,0,双开,B,2424.0000,0.0000,0.0000,0.0000,0.0000,2425.0000,0.0000,0.0000,0.0000,0.0000,156,0,0,0,0,40,0,0,0,0
zc,WS209,2012-06-13 09:09:58.027,2425.0000,224416,0,0.0000,0.0000,0,0,多换,B,2424.0000,0.0000,0.0000,0.0000,0.0000,2425.0000,0.0000,0.0000,0.0000,0.0000,156,0,0,0,0,36,0,0,0,0
zc,WS209,2012-06-13 09:09:59.243,2425.0000,224416,0,0.0000,0.0000,0,0,多换,B,2424.0000,0.0000,0.0000,0.0000,0.0000,2425.0000,0.0000,0.0000,0.0000,0.0000,124,0,0,0,0,36,0,0,0,0
zc,WS209,2012-06-13 09:09:59.777,2425.0000,224416,0,0.0000,0.0000,0,0,多换,B,2424.0000,0.0000,0.0000,0.0000,0.0000,2425.0000,0.0000,0.0000,0.0000,0.0000,227,0,0,0,0,36,0,0,0,0
zc,WS209,2012-06-13 09:10:00.260,2425.0000,224418,2,0.0000,2.0000,2,0,双开,B,2424.0000,0.0000,0.0000,0.0000,0.0000,2425.0000,0.0000,0.0000,0.0000,0.0000,227,0,0,0,0,30,0,0,0,0
zc,WS209,2012-06-13 09:10:00.760,2424.0000,224418,0,0.0000,2.0000,1,1,空换,S,2424.0000,0.0000,0.0000,0.0000,0.0000,2425.0000,0.0000,0.0000,0.0000,0.0000,226,0,0,0,0,30,0,0,0,0
zc,WS209,2012-06-13 09:10:02.057,2424.0000,224418,0,0.0000,0.0000,0,0,空换,S,2424.0000,0.0000,0.0000,0.0000,0.0000,2425.0000,0.0000,0.0000,0.0000,0.0000,218,0,0,0,0,29,0,0,0,0
zc,WS209,2012-06-13 09:10:02.777,2425.0000,224420,2,0.0000,2.0000,2,0,双开,B,2424.0000,0.0000,0.0000,0.0000,0.0000,2425.0000,0.0000,0.0000,0.0000,0.0000,220,0,0,0,0,28,0,0,0,0
zc,WS209,2012-06-13 09:10:03.807,2425.0000,224420,0,0.0000,0.0000,0,0,多换,B,2424.0000,0.0000,0.0000,0.0000,0.0000,2425.0000,0.0000,0.0000,0.0000,0.0000,232,0,0,0,0,28,0,0,0,0
zc,WS209,2012-06-13 09:10:04.540,2424.0000,224420,0,0.0000,4.0000,2,2,空换,S,2424.0000,0.0000,0.0000,0.0000,0.0000,2425.0000,0.0000,0.0000,0.0000,0.0000,230,0,0,0,0,28,0,0,0,0
zc,WS209,2012-06-13 09:10:05.510,2425.0000,224420,0,0.0000,56.0000,28,28,多换,B,2424.0000,0.0000,0.0000,0.0000,0.0000,2425.0000,0.0000,0.0000,0.0000,0.0000,226,0,0,0,0,3,0,0,0,0
zc,WS209,2012-06-13 09:10:06.010,2425.0000,224424,4,0.0000,4.0000,4,0,双开,B,2424.0000,0.0000,0.0000,0.0000,0.0000,2425.0000,0.0000,0.0000,0.0000,0.0000,226,0,0,0,0,1,0,0,0,0
zc,WS209,2012-06-13 09:10:06.777,2425.0000,224424,0,0.0000,2.0000,1,1,多换,B,2424.0000,0.0000,0.0000,0.0000,0.0000,2426.0000,0.0000,0.0000,0.0000,0.0000,226,0,0,0,0,40,0,0,0,0
zc,WS209,2012-06-13 09:10:07.277,2425.0000,224424,0,0.0000,0.0000,0,0,多换,B,2425.0000,0.0000,0.0000,0.0000,0.0000,2426.0000,0.0000,0.0000,0.0000,0.0000,2,0,0,0,0,40,0,0,0,0
zc,WS209,2012-06-13 09:10:07.743,2425.0000,224424,0,0.0000,0.0000,0,0,多换,B,2425.0000,0.0000,0.0000,0.0000,0.0000,2426.0000,0.0000,0.0000,0.0000,0.0000,3,0,0,0,0,40,0,0,0,0
zc,WS209,2012-06-13 09:10:08.557,2425.0000,224424,0,0.0000,0.0000,0,0,多换,B,2425.0000,0.0000,0.0000,0.0000,0.0000,2426.0000,0.0000,0.0000,0.0000,0.0000,5,0,0,0,0,40,0,0,0,0
zc,WS209,2012-06-13 09:10:10.010,2425.0000,224424,0,0.0000,0.0000,0,0,多换,B,2425.0000,0.0000,0.0000,0.0000,0.0000,2426.0000,0.0000,0.0000,0.0000,0.0000,148,0,0,0,0,38,0,0,0,0
zc,WS209,2012-06-13 09:10:10.730,2425.0000,224424,0,0.0000,0.0000,0,0,多换,B,2425.0000,0.0000,0.0000,0.0000,0.0000,2426.0000,0.0000,0.0000,0.0000,0.0000,144,0,0,0,0,38,0,0,0,0
zc,WS209,2012-06-13 09:10:10.993,2426.0000,224424,0,0.0000,4.0000,2,2,多换,B,2425.0000,0.0000,0.0000,0.0000,0.0000,2426.0000,0.0000,0.0000,0.0000,0.0000,144,0,0,0,0,35,0,0,0,0
zc,WS209,2012-06-13 09:10:11.743,2426.0000,224424,0,0.0000,0.0000,0,0,多换,B,2425.0000,0.0000,0.0000,0.0000,0.0000,2426.0000,0.0000,0.0000,0.0000,0.0000,145,0,0,0,0,35,0,0,0,0
zc,WS209,2012-06-13 09:10:12.493,2426.0000,224424,0,0.0000,0.0000,0,0,多换,B,2425.0000,0.0000,0.0000,0.0000,0.0000,2426.0000,0.0000,0.0000,0.0000,0.0000,147,0,0,0,0,35,0,0,0,0
zc,WS209,2012-06-13 09:10:14.743,2426.0000,224424,0,0.0000,8.0000,4,4,多换,B,2425.0000,0.0000,0.0000,0.0000,0.0000,2426.0000,0.0000,0.0000,0.0000,0.0000,144,0,0,0,0,31,0,0,0,0
zc,WS209,2012-06-13 09:10:15.230,2425.0000,224424,0,0.0000,2.0000,1,1,空换,S,2425.0000,0.0000,0.0000,0.0000,0.0000,2426.0000,0.0000,0.0000,0.0000,0.0000,125,0,0,0,0,31,0,0,0,0
zc,WS209,2012-06-13 09:10:15.730,2425.0000,224424,0,0.0000,0.0000,0,0,空换,S,2425.0000,0.0000,0.0000,0.0000,0.0000,2426.0000,0.0000,0.0000,0.0000,0.0000,125,0,0,0,0,32,0,0,0,0
zc,WS209,2012-06-13 09:10:17.027,2425.0000,224424,0,0.0000,0.0000,0,0,空换,S,2425.0000,0.0000,0.0000,0.0000,0.0000,2426.0000,0.0000,0.0000,0.0000,0.0000,126,0,0,0,0,32,0,0,0,0
zc,WS209,2012-06-13 09:10:17.493,2425.0000,224424,0,0.0000,0.0000,0,0,空换,S,2425.0000,0.0000,0.0000,0.0000,0.0000,2426.0000,0.0000,0.0000,0.0000,0.0000,126,0,0,0,0,27,0,0,0,0
zc,WS209,2012-06-13 09:10:18.010,2426.0000,224424,0,0.0000,2.0000,1,1,多换,B,2425.0000,0.0000,0.0000,0.0000,0.0000,2426.0000,0.0000,0.0000,0.0000,0.0000,126,0,0,0,0,26,0,0,0,0
zc,WS209,2012-06-13 09:10:18.713,2426.0000,224424,0,0.0000,0.0000,0,0,多换,B,2425.0000,0.0000,0.0000,0.0000,0.0000,2426.0000,0.0000,0.0000,0.0000,0.0000,126,0,0,0,0,27,0,0,0,0
zc,WS209,2012-06-13 09:10:18.980,2426.0000,224424,0,0.0000,0.0000,0,0,多换,B,2425.0000,0.0000,0.0000,0.0000,0.0000,2426.0000,0.0000,0.0000,0.0000,0.0000,111,0,0,0,0,27,0,0,0,0
zc,WS209,2012-06-13 09:10:20.260,2426.0000,224424,0,0.0000,0.0000,0,0,多换,B,2425.0000,0.0000,0.0000,0.0000,0.0000,2426.0000,0.0000,0.0000,0.0000,0.0000,114,0,0,0,0,27,0,0,0,0
zc,WS209,2012-06-13 09:10:21.480,2426.0000,224424,0,0.0000,0.0000,0,0,多换,B,2425.0000,0.0000,0.0000,0.0000,0.0000,2426.0000,0.0000,0.0000,0.0000,0.0000,114,0,0,0,0,26,0,0,0,0
zc,WS209,2012-06-13 09:10:21.980,2426.0000,224378,-46,0.0000,52.0000,3,49,空平,B,2426.0000,0.0000,0.0000,0.0000,0.0000,2427.0000,0.0000,0.0000,0.0000,0.0000,4,0,0,0,0,102,0,0,0,0
zc,WS209,2012-06-13 09:10:22.730,2426.0000,224378,0,0.0000,0.0000,0,0,多换,B,2426.0000,0.0000,0.0000,0.0000,0.0000,2427.0000,0.0000,0.0000,0.0000,0.0000,4,0,0,0,0,103,0,0,0,0
zc,WS209,2012-06-13 09:10:23.730,2426.0000,224378,0,0.0000,0.0000,0,0,多换,B,2426.0000,0.0000,0.0000,0.0000,0.0000,2427.0000,0.0000,0.0000,0.0000,0.0000,5,0,0,0,0,103,0,0,0,0
zc,WS209,2012-06-13 09:10:24.243,2426.0000,224378,0,0.0000,0.0000,0,0,多换,B,2426.0000,0.0000,0.0000,0.0000,0.0000,2427.0000,0.0000,0.0000,0.0000,0.0000,17,0,0,0,0,103,0,0,0,0
zc,WS209,2012-06-13 09:10:24.760,2426.0000,224378,0,0.0000,0.0000,0,0,多换,B,2426.0000,0.0000,0.0000,0.0000,0.0000,2427.0000,0.0000,0.0000,0.0000,0.0000,18,0,0,0,0,103,0,0,0,0
zc,WS209,2012-06-13 09:10:26.743,2426.0000,224378,0,0.0000,0.0000,0,0,多换,B,2426.0000,0.0000,0.0000,0.0000,0.0000,2427.0000,0.0000,0.0000,0.0000,0.0000,18,0,0,0,0,104,0,0,0,0
zc,WS209,2012-06-13 09:10:29.527,2426.0000,224378,0,0.0000,0.0000,0,0,多换,B,2426.0000,0.0000,0.0000,0.0000,0.0000,2427.0000,0.0000,0.0000,0.0000,0.0000,18,0,0,0,0,108,0,0,0,0
zc,WS209,2012-06-13 09:10:31.730,2426.0000,224378,0,0.0000,0.0000,0,0,多换,B,2426.0000,0.0000,0.0000,0.0000,0.0000,2427.0000,0.0000,0.0000,0.0000,0.0000,17,0,0,0,0,105,0,0,0,0
zc,WS209,2012-06-13 09:10:33.027,2427.0000,224376,-2,0.0000,2.0000,0,2,双平,B,2426.0000,0.0000,0.0000,0.0000,0.0000,2427.0000,0.0000,0.0000,0.0000,0.0000,17,0,0,0,0,104,0,0,0,0
zc,WS209,2012-06-13 09:10:34.040,2426.0000,224376,0,0.0000,16.0000,8,8,空换,S,2426.0000,0.0000,0.0000,0.0000,0.0000,2427.0000,0.0000,0.0000,0.0000,0.0000,9,0,0,0,0,104,0,0,0,0
zc,WS209,2012-06-13 09:10:38.730,2426.0000,224376,0,0.0000,0.0000,0,0,空换,S,2426.0000,0.0000,0.0000,0.0000,0.0000,2427.0000,0.0000,0.0000,0.0000,0.0000,10,0,0,0,0,105,0,0,0,0
zc,WS209,2012-06-13 09:10:40.073,2426.0000,224376,0,0.0000,6.0000,3,3,空换,S,2426.0000,0.0000,0.0000,0.0000,0.0000,2427.0000,0.0000,0.0000,0.0000,0.0000,7,0,0,0,0,105,0,0,0,0
zc,WS209,2012-06-13 09:10:41.493,2426.0000,224376,0,0.0000,0.0000,0,0,空换,S,2426.0000,0.0000,0.0000,0.0000,0.0000,2427.0000,0.0000,0.0000,0.0000,0.0000,8,0,0,0,0,105,0,0,0,0
zc,WS209,2012-06-13 09:10:42.260,2426.0000,224376,0,0.0000,0.0000,0,0,空换,S,2426.0000,0.0000,0.0000,0.0000,0.0000,2427.0000,0.0000,0.0000,0.0000,0.0000,9,0,0,0,0,105,0,0,0,0
zc,WS209,2012-06-13 09:10:42.493,2426.0000,224374,-2,0.0000,2.0000,0,2,双平,S,2426.0000,0.0000,0.0000,0.0000,0.0000,2427.0000,0.0000,0.0000,0.0000,0.0000,8,0,0,0,0,106,0,0,0,0
zc,WS209,2012-06-13 09:10:43.993,2426.0000,224374,0,0.0000,0.0000,0,0,空换,S,2426.0000,0.0000,0.0000,0.0000,0.0000,2427.0000,0.0000,0.0000,0.0000,0.0000,9,0,0,0,0,106,0,0,0,0
zc,WS209,2012-06-13 09:10:46.493,2426.0000,224374,0,0.0000,0.0000,0,0,空换,S,2426.0000,0.0000,0.0000,0.0000,0.0000,2427.0000,0.0000,0.0000,0.0000,0.0000,9,0,0,0,0,115,0,0,0,0
zc,WS209,2012-06-13 09:10:49.087,2426.0000,224374,0,0.0000,0.0000,0,0,空换,S,2426.0000,0.0000,0.0000,0.0000,0.0000,2427.0000,0.0000,0.0000,0.0000,0.0000,11,0,0,0,0,115,0,0,0,0
zc,WS209,2012-06-13 09:10:49.527,2426.0000,224374,0,0.0000,0.0000,0,0,空换,S,2426.0000,0.0000,0.0000,0.0000,0.0000,2427.0000,0.0000,0.0000,0.0000,0.0000,12,0,0,0,0,115,0,0,0,0
zc,WS209,2012-06-13 09:10:50.260,2426.0000,224382,8,0.0000,20.0000,14,6,空开,S,2426.0000,0.0000,0.0000,0.0000,0.0000,2427.0000,0.0000,0.0000,0.0000,0.0000,2,0,0,0,0,115,0,0,0,0
zc,WS209,2012-06-13 09:10:50.480,2426.0000,224382,0,0.0000,0.0000,0,0,空换,S,2426.0000,0.0000,0.0000,0.0000,0.0000,2427.0000,0.0000,0.0000,0.0000,0.0000,12,0,0,0,0,115,0,0,0,0
zc,WS209,2012-06-13 09:10:51.730,2426.0000,224382,0,0.0000,2.0000,1,1,空换,S,2426.0000,0.0000,0.0000,0.0000,0.0000,2427.0000,0.0000,0.0000,0.0000,0.0000,11,0,0,0,0,115,0,0,0,0
