市场代码,合约代码,时间,最新,持仓,增仓,成交额,成交量,开仓,平仓,成交类型,方向,买一价,买二价,买三价,买四价,买五价,卖一价,卖二价,卖三价,卖四价,卖五价,买一量,买二量,买三量,买四量,买五量,卖一量,卖二量,卖三量,卖四量,卖五量
zc,WS207,2012-06-13 07:49:30.197,0.0000,2326,0,0.0000,0.0000,0,0,空换,S,0.0000,0.0000,0.0000,0.0000,0.0000,0.0000,0.0000,0.0000,0.0000,0.0000,0,0,0,0,0,0,0,0,0,0
zc,WS207,2012-06-13 08:00:30.197,0.0000,2326,0,0.0000,0.0000,0,0,空换,S,0.0000,0.0000,0.0000,0.0000,0.0000,0.0000,0.0000,0.0000,0.0000,0.0000,0,0,0,0,0,0,0,0,0,0
zc,WS207,2012-06-13 08:04:30.197,0.0000,2326,0,0.0000,0.0000,0,0,空换,S,0.0000,0.0000,0.0000,0.0000,0.0000,0.0000,0.0000,0.0000,0.0000,0.0000,0,0,0,0,0,0,0,0,0,0
zc,WS207,2012-06-13 08:06:31.493,0.0000,2326,0,0.0000,0.0000,0,0,空换,S,0.0000,0.0000,0.0000,0.0000,0.0000,0.0000,0.0000,0.0000,0.0000,0.0000,0,0,0,0,0,0,0,0,0,0
zc,WS207,2012-06-13 08:07:31.510,0.0000,2326,0,0.0000,0.0000,0,0,空换,S,0.0000,0.0000,0.0000,0.0000,0.0000,0.0000,0.0000,0.0000,0.0000,0.0000,0,0,0,0,0,0,0,0,0,0
zc,WS207,2012-06-13 08:09:31.493,0.0000,2326,0,0.0000,0.0000,0,0,空换,S,0.0000,0.0000,0.0000,0.0000,0.0000,0.0000,0.0000,0.0000,0.0000,0.0000,0,0,0,0,0,0,0,0,0,0
zc,WS207,2012-06-13 08:10:31.493,0.0000,2326,0,0.0000,0.0000,0,0,空换,S,0.0000,0.0000,0.0000,0.0000,0.0000,0.0000,0.0000,0.0000,0.0000,0.0000,0,0,0,0,0,0,0,0,0,0
zc,WS207,2012-06-13 08:11:31.493,0.0000,2326,0,0.0000,0.0000,0,0,空换,S,0.0000,0.0000,0.0000,0.0000,0.0000,0.0000,0.0000,0.0000,0.0000,0.0000,0,0,0,0,0,0,0,0,0,0
zc,WS207,2012-06-13 08:12:31.493,0.0000,2326,0,0.0000,0.0000,0,0,空换,S,0.0000,0.0000,0.0000,0.0000,0.0000,0.0000,0.0000,0.0000,0.0000,0.0000,0,0,0,0,0,0,0,0,0,0
zc,WS207,2012-06-13 08:13:31.493,0.0000,2326,0,0.0000,0.0000,0,0,空换,S,0.0000,0.0000,0.0000,0.0000,0.0000,0.0000,0.0000,0.0000,0.0000,0.0000,0,0,0,0,0,0,0,0,0,0
zc,WS207,2012-06-13 08:14:31.493,0.0000,2326,0,0.0000,0.0000,0,0,空换,S,0.0000,0.0000,0.0000,0.0000,0.0000,0.0000,0.0000,0.0000,0.0000,0.0000,0,0,0,0,0,0,0,0,0,0
zc,WS207,2012-06-13 08:16:31.493,0.0000,2326,0,0.0000,0.0000,0,0,空换,S,0.0000,0.0000,0.0000,0.0000,0.0000,0.0000,0.0000,0.0000,0.0000,0.0000,0,0,0,0,0,0,0,0,0,0
zc,WS207,2012-06-13 08:17:31.493,0.0000,2326,0,0.0000,0.0000,0,0,空换,S,0.0000,0.0000,0.0000,0.0000,0.0000,0.0000,0.0000,0.0000,0.0000,0.0000,0,0,0,0,0,0,0,0,0,0
zc,WS207,2012-06-13 08:21:31.493,0.0000,2326,0,0.0000,0.0000,0,0,空换,S,0.0000,0.0000,0.0000,0.0000,0.0000,0.0000,0.0000,0.0000,0.0000,0.0000,0,0,0,0,0,0,0,0,0,0
zc,WS207,2012-06-13 08:23:31.480,0.0000,2326,0,0.0000,0.0000,0,0,空换,S,0.0000,0.0000,0.0000,0.0000,0.0000,0.0000,0.0000,0.0000,0.0000,0.0000,0,0,0,0,0,0,0,0,0,0
zc,WS207,2012-06-13 08:25:31.480,0.0000,2326,0,0.0000,0.0000,0,0,空换,S,0.0000,0.0000,0.0000,0.0000,0.0000,0.0000,0.0000,0.0000,0.0000,0.0000,0,0,0,0,0,0,0,0,0,0
zc,WS207,2012-06-13 08:28:31.493,0.0000,2326,0,0.0000,0.0000,0,0,空换,S,0.0000,0.0000,0.0000,0.0000,0.0000,0.0000,0.0000,0.0000,0.0000,0.0000,0,0,0,0,0,0,0,0,0,0
zc,WS207,2012-06-13 08:33:31.480,0.0000,2326,0,0.0000,0.0000,0,0,空换,S,0.0000,0.0000,0.0000,0.0000,0.0000,0.0000,0.0000,0.0000,0.0000,0.0000,0,0,0,0,0,0,0,0,0,0
zc,WS207,2012-06-13 08:38:31.463,0.0000,2326,0,0.0000,0.0000,0,0,空换,S,0.0000,0.0000,0.0000,0.0000,0.0000,0.0000,0.0000,0.0000,0.0000,0.0000,0,0,0,0,0,0,0,0,0,0
zc,WS207,2012-06-13 08:39:31.480,0.0000,2326,0,0.0000,0.0000,0,0,空换,S,0.0000,0.0000,0.0000,0.0000,0.0000,0.0000,0.0000,0.0000,0.0000,0.0000,0,0,0,0,0,0,0,0,0,0
zc,WS207,2012-06-13 08:40:31.480,0.0000,2326,0,0.0000,0.0000,0,0,空换,S,0.0000,0.0000,0.0000,0.0000,0.0000,0.0000,0.0000,0.0000,0.0000,0.0000,0,0,0,0,0,0,0,0,0,0
zc,WS207,2012-06-13 08:41:31.463,0.0000,2326,0,0.0000,0.0000,0,0,空换,S,0.0000,0.0000,0.0000,0.0000,0.0000,0.0000,0.0000,0.0000,0.0000,0.0000,0,0,0,0,0,0,0,0,0,0
zc,WS207,2012-06-13 08:43:31.463,0.0000,2326,0,0.0000,0.0000,0,0,空换,S,0.0000,0.0000,0.0000,0.0000,0.0000,0.0000,0.0000,0.0000,0.0000,0.0000,0,0,0,0,0,0,0,0,0,0
zc,WS207,2012-06-13 08:44:31.480,0.0000,2326,0,0.0000,0.0000,0,0,空换,S,0.0000,0.0000,0.0000,0.0000,0.0000,0.0000,0.0000,0.0000,0.0000,0.0000,0,0,0,0,0,0,0,0,0,0
zc,WS207,2012-06-13 08:45:31.463,0.0000,2326,0,0.0000,0.0000,0,0,空换,S,0.0000,0.0000,0.0000,0.0000,0.0000,0.0000,0.0000,0.0000,0.0000,0.0000,0,0,0,0,0,0,0,0,0,0
zc,WS207,2012-06-13 08:47:31.463,0.0000,2326,0,0.0000,0.0000,0,0,空换,S,0.0000,0.0000,0.0000,0.0000,0.0000,0.0000,0.0000,0.0000,0.0000,0.0000,0,0,0,0,0,0,0,0,0,0
zc,WS207,2012-06-13 08:48:31.463,0.0000,2326,0,0.0000,0.0000,0,0,空换,S,0.0000,0.0000,0.0000,0.0000,0.0000,0.0000,0.0000,0.0000,0.0000,0.0000,0,0,0,0,0,0,0,0,0,0
zc,WS207,2012-06-13 08:54:31.463,0.0000,2326,0,0.0000,0.0000,0,0,空换,S,0.0000,0.0000,0.0000,0.0000,0.0000,0.0000,0.0000,0.0000,0.0000,0.0000,0,0,0,0,0,0,0,0,0,0
zc,WS207,2012-06-13 08:55:31.463,0.0000,2326,0,0.0000,0.0000,0,0,空换,S,0.0000,0.0000,0.0000,0.0000,0.0000,0.0000,0.0000,0.0000,0.0000,0.0000,0,0,0,0,0,0,0,0,0,0
zc,WS207,2012-06-13 08:58:31.463,0.0000,2326,0,0.0000,0.0000,0,0,空换,S,0.0000,0.0000,0.0000,0.0000,0.0000,0.0000,0.0000,0.0000,0.0000,0.0000,0,0,0,0,0,0,0,0,0,0
zc,WS207,2012-06-13 09:00:03.917,0.0000,2326,0,0.0000,0.0000,0,0,空换,S,2244.0000,0.0000,0.0000,0.0000,0.0000,2269.0000,0.0000,0.0000,0.0000,0.0000,1,0,0,0,0,1,0,0,0,0
zc,WS207,2012-06-13 09:00:25.527,0.0000,2326,0,0.0000,0.0000,0,0,空换,S,2244.0000,0.0000,0.0000,0.0000,0.0000,2269.0000,0.0000,0.0000,0.0000,0.0000,1,0,0,0,0,2,0,0,0,0
zc,WS207,2012-06-13 09:02:10.307,0.0000,2326,0,0.0000,0.0000,0,0,空换,S,2244.0000,0.0000,0.0000,0.0000,0.0000,2265.0000,0.0000,0.0000,0.0000,0.0000,1,0,0,0,0,1,0,0,0,0
zc,WS207,2012-06-13 09:02:33.290,2244.0000,2326,0,0.0000,2.0000,1,1,多换,B,2223.0000,0.0000,0.0000,0.0000,0.0000,2265.0000,0.0000,0.0000,0.0000,0.0000,1,0,0,0,0,1,0,0,0,0
zc,WS207,2012-06-13 09:02:55.323,2244.0000,2326,0,0.0000,0.0000,0,0,多换,B,2222.0000,0.0000,0.0000,0.0000,0.0000,2265.0000,0.0000,0.0000,0.0000,0.0000,1,0,0,0,0,1,0,0,0,0
zc,WS207,2012-06-13 09:02:59.307,2244.0000,2326,0,0.0000,0.0000,0,0,多换,B,2223.0000,0.0000,0.0000,0.0000,0.0000,2265.0000,0.0000,0.0000,0.0000,0.0000,1,0,0,0,0,1,0,0,0,0
zc,WS207,2012-06-13 09:03:04.777,2244.0000,2326,0,0.0000,0.0000,0,0,多换,B,2223.0000,0.0000,0.0000,0.0000,0.0000,2265.0000,0.0000,0.0000,0.0000,0.0000,2,0,0,0,0,1,0,0,0,0
zc,WS207,2012-06-13 09:03:08.587,2244.0000,2326,0,0.0000,0.0000,0,0,多换,B,2223.0000,0.0000,0.0000,0.0000,0.0000,2265.0000,0.0000,0.0000,0.0000,0.0000,1,0,0,0,0,1,0,0,0,0
zc,WS207,2012-06-13 09:03:43.557,2244.0000,2326,0,0.0000,0.0000,0,0,多换,B,2223.0000,0.0000,0.0000,0.0000,0.0000,2265.0000,0.0000,0.0000,0.0000,0.0000,2,0,0,0,0,1,0,0,0,0
zc,WS207,2012-06-13 09:03:54.743,2244.0000,2326,0,0.0000,0.0000,0,0,多换,B,2224.0000,0.0000,0.0000,0.0000,0.0000,2265.0000,0.0000,0.0000,0.0000,0.0000,1,0,0,0,0,1,0,0,0,0
zc,WS207,2012-06-13 09:04:05.527,2244.0000,2326,0,0.0000,0.0000,0,0,多换,B,2226.0000,0.0000,0.0000,0.0000,0.0000,2265.0000,0.0000,0.0000,0.0000,0.0000,1,0,0,0,0,1,0,0,0,0
zc,WS207,2012-06-13 09:04:13.073,2244.0000,2326,0,0.0000,0.0000,0,0,多换,B,2230.0000,0.0000,0.0000,0.0000,0.0000,2265.0000,0.0000,0.0000,0.0000,0.0000,1,0,0,0,0,1,0,0,0,0
zc,WS207,2012-06-13 09:04:14.730,2244.0000,2326,0,0.0000,0.0000,0,0,多换,B,2230.0000,0.0000,0.0000,0.0000,0.0000,2261.0000,0.0000,0.0000,0.0000,0.0000,1,0,0,0,0,1,0,0,0,0
zc,WS207,2012-06-13 09:04:34.243,2244.0000,2326,0,0.0000,0.0000,0,0,多换,B,2231.0000,0.0000,0.0000,0.0000,0.0000,2261.0000,0.0000,0.0000,0.0000,0.0000,1,0,0,0,0,1,0,0,0,0
zc,WS207,2012-06-13 09:04:47.760,2244.0000,2326,0,0.0000,0.0000,0,0,多换,B,2231.0000,0.0000,0.0000,0.0000,0.0000,2261.0000,0.0000,0.0000,0.0000,0.0000,6,0,0,0,0,1,0,0,0,0
zc,WS207,2012-06-13 09:04:49.040,2244.0000,2326,0,0.0000,0.0000,0,0,多换,B,2232.0000,0.0000,0.0000,0.0000,0.0000,2261.0000,0.0000,0.0000,0.0000,0.0000,3,0,0,0,0,1,0,0,0,0
zc,WS207,2012-06-13 09:04:50.057,2244.0000,2326,0,0.0000,0.0000,0,0,多换,B,2232.0000,0.0000,0.0000,0.0000,0.0000,2261.0000,0.0000,0.0000,0.0000,0.0000,4,0,0,0,0,1,0,0,0,0
zc,WS207,2012-06-13 09:04:51.277,2244.0000,2326,0,0.0000,0.0000,0,0,多换,B,2232.0000,0.0000,0.0000,0.0000,0.0000,2261.0000,0.0000,0.0000,0.0000,0.0000,5,0,0,0,0,1,0,0,0,0
zc,WS207,2012-06-13 09:04:52.557,2244.0000,2326,0,0.0000,0.0000,0,0,多换,B,2235.0000,0.0000,0.0000,0.0000,0.0000,2261.0000,0.0000,0.0000,0.0000,0.0000,1,0,0,0,0,1,0,0,0,0
zc,WS207,2012-06-13 09:04:58.213,2244.0000,2326,0,0.0000,0.0000,0,0,多换,B,2238.0000,0.0000,0.0000,0.0000,0.0000,2261.0000,0.0000,0.0000,0.0000,0.0000,5,0,0,0,0,1,0,0,0,0
zc,WS207,2012-06-13 09:04:59.290,2244.0000,2326,0,0.0000,0.0000,0,0,多换,B,2237.0000,0.0000,0.0000,0.0000,0.0000,2261.0000,0.0000,0.0000,0.0000,0.0000,5,0,0,0,0,1,0,0,0,0
zc,WS207,2012-06-13 09:05:04.790,2244.0000,2326,0,0.0000,0.0000,0,0,多换,B,2238.0000,0.0000,0.0000,0.0000,0.0000,2261.0000,0.0000,0.0000,0.0000,0.0000,1,0,0,0,0,1,0,0,0,0
zc,WS207,2012-06-13 09:05:06.120,2244.0000,2326,0,0.0000,0.0000,0,0,多换,B,2238.0000,0.0000,0.0000,0.0000,0.0000,2261.0000,0.0000,0.0000,0.0000,0.0000,4,0,0,0,0,1,0,0,0,0
zc,WS207,2012-06-13 09:05:11.777,2244.0000,2326,0,0.0000,0.0000,0,0,多换,B,2238.0000,0.0000,0.0000,0.0000,0.0000,2261.0000,0.0000,0.0000,0.0000,0.0000,3,0,0,0,0,1,0,0,0,0
zc,WS207,2012-06-13 09:05:13.027,2244.0000,2326,0,0.0000,0.0000,0,0,多换,B,2237.0000,0.0000,0.0000,0.0000,0.0000,2261.0000,0.0000,0.0000,0.0000,0.0000,5,0,0,0,0,1,0,0,0,0
zc,WS207,2012-06-13 09:05:22.290,2244.0000,2326,0,0.0000,0.0000,0,0,多换,B,2238.0000,0.0000,0.0000,0.0000,0.0000,2261.0000,0.0000,0.0000,0.0000,0.0000,3,0,0,0,0,1,0,0,0,0
zc,WS207,2012-06-13 09:05:24.307,2244.0000,2326,0,0.0000,0.0000,0,0,多换,B,2238.0000,0.0000,0.0000,0.0000,0.0000,2261.0000,0.0000,0.0000,0.0000,0.0000,4,0,0,0,0,1,0,0,0,0
zc,WS207,2012-06-13 09:05:25.073,2244.0000,2326,0,0.0000,0.0000,0,0,多换,B,2237.0000,0.0000,0.0000,0.0000,0.0000,2261.0000,0.0000,0.0000,0.0000,0.0000,5,0,0,0,0,1,0,0,0,0
zc,WS207,2012-06-13 09:05:35.790,2244.0000,2326,0,0.0000,0.0000,0,0,多换,B,2238.0000,0.0000,0.0000,0.0000,0.0000,2261.0000,0.0000,0.0000,0.0000,0.0000,2,0,0,0,0,1,0,0,0,0
zc,WS207,2012-06-13 09:05:37.790,2244.0000,2326,0,0.0000,0.0000,0,0,多换,B,2238.0000,0.0000,0.0000,0.0000,0.0000,2261.0000,0.0000,0.0000,0.0000,0.0000,3,0,0,0,0,1,0,0,0,0
zc,WS207,2012-06-13 09:05:38.027,2244.0000,2326,0,0.0000,0.0000,0,0,多换,B,2239.0000,0.0000,0.0000,0.0000,0.0000,2261.0000,0.0000,0.0000,0.0000,0.0000,1,0,0,0,0,1,0,0,0,0
zc,WS207,2012-06-13 09:06:16.790,2244.0000,2326,0,0.0000,0.0000,0,0,多换,B,2237.0000,0.0000,0.0000,0.0000,0.0000,2261.0000,0.0000,0.0000,0.0000,0.0000,5,0,0,0,0,1,0,0,0,0
zc,WS207,2012-06-13 09:06:21.307,2244.0000,2326,0,0.0000,0.0000,0,0,多换,B,2240.0000,0.0000,0.0000,0.0000,0.0000,2261.0000,0.0000,0.0000,0.0000,0.0000,3,0,0,0,0,1,0,0,0,0
zc,WS207,2012-06-13 09:06:31.463,2244.0000,2326,0,0.0000,0.0000,0,0,多换,B,2240.0000,0.0000,0.0000,0.0000,0.0000,2261.0000,0.0000,0.0000,0.0000,0.0000,3,0,0,0,0,1,0,0,0,0
zc,WS207,2012-06-13 09:09:37.010,2244.0000,2326,0,0.0000,0.0000,0,0,多换,B,2241.0000,0.0000,0.0000,0.0000,0.0000,2261.0000,0.0000,0.0000,0.0000,0.0000,5,0,0,0,0,1,0,0,0,0
zc,WS207,2012-06-13 09:10:31.463,2244.0000,2326,0,0.0000,0.0000,0,0,多换,B,2241.0000,0.0000,0.0000,0.0000,0.0000,2261.0000,0.0000,0.0000,0.0000,0.0000,5,0,0,0,0,1,0,0,0,0
zc,WS207,2012-06-13 09:10:34.040,2244.0000,2326,0,0.0000,0.0000,0,0,多换,B,2244.0000,0.0000,0.0000,0.0000,0.0000,2261.0000,0.0000,0.0000,0.0000,0.0000,10,0,0,0,0,1,0,0,0,0
zc,WS207,2012-06-13 09:11:31.447,2244.0000,2326,0,0.0000,0.0000,0,0,多换,B,2244.0000,0.0000,0.0000,0.0000,0.0000,2261.0000,0.0000,0.0000,0.0000,0.0000,10,0,0,0,0,1,0,0,0,0
zc,WS207,2012-06-13 09:14:18.230,2244.0000,2326,0,0.0000,0.0000,0,0,多换,B,2245.0000,0.0000,0.0000,0.0000,0.0000,2260.0000,0.0000,0.0000,0.0000,0.0000,2,0,0,0,0,1,0,0,0,0
zc,WS207,2012-06-13 09:15:31.463,2244.0000,2326,0,0.0000,0.0000,0,0,多换,B,2245.0000,0.0000,0.0000,0.0000,0.0000,2260.0000,0.0000,0.0000,0.0000,0.0000,2,0,0,0,0,1,0,0,0,0
zc,WS207,2012-06-13 09:17:31.433,2244.0000,2326,0,0.0000,0.0000,0,0,多换,B,2245.0000,0.0000,0.0000,0.0000,0.0000,2260.0000,0.0000,0.0000,0.0000,0.0000,2,0,0,0,0,1,0,0,0,0
zc,WS207,2012-06-13 09:17:55.010,2244.0000,2326,0,0.0000,0.0000,0,0,多换,B,2245.0000,0.0000,0.0000,0.0000,0.0000,2260.0000,0.0000,0.0000,0.0000,0.0000,7,0,0,0,0,1,0,0,0,0
zc,WS207,2012-06-13 09:17:57.993,2244.0000,2326,0,0.0000,0.0000,0,0,多换,B,2245.0000,0.0000,0.0000,0.0000,0.0000,2260.0000,0.0000,0.0000,0.0000,0.0000,2,0,0,0,0,1,0,0,0,0
zc,WS207,2012-06-13 09:18:54.697,2244.0000,2326,0,0.0000,0.0000,0,0,多换,B,2245.0000,0.0000,0.0000,0.0000,0.0000,2259.0000,0.0000,0.0000,0.0000,0.0000,2,0,0,0,0,1,0,0,0,0
zc,WS207,2012-06-13 09:19:22.243,2244.0000,2326,0,0.0000,0.0000,0,0,多换,B,2245.0000,0.0000,0.0000,0.0000,0.0000,2259.0000,0.0000,0.0000,0.0000,0.0000,3,0,0,0,0,1,0,0,0,0
zc,WS207,2012-06-13 09:19:22.980,2244.0000,2326,0,0.0000,0.0000,0,0,多换,B,2245.0000,0.0000,0.0000,0.0000,0.0000,2259.0000,0.0000,0.0000,0.0000,0.0000,7,0,0,0,0,1,0,0,0,0
zc,WS207,2012-06-13 09:19:25.040,2244.0000,2326,0,0.0000,0.0000,0,0,多换,B,2247.0000,0.0000,0.0000,0.0000,0.0000,2259.0000,0.0000,0.0000,0.0000,0.0000,1,0,0,0,0,1,0,0,0,0
zc,WS207,2012-06-13 09:19:27.807,2244.0000,2326,0,0.0000,0.0000,0,0,多换,B,2247.0000,0.0000,0.0000,0.0000,0.0000,2259.0000,0.0000,0.0000,0.0000,0.0000,3,0,0,0,0,1,0,0,0,0
zc,WS207,2012-06-13 09:19:29.057,2244.0000,2326,0,0.0000,0.0000,0,0,多换,B,2247.0000,0.0000,0.0000,0.0000,0.0000,2259.0000,0.0000,0.0000,0.0000,0.0000,4,0,0,0,0,1,0,0,0,0
zc,WS207,2012-06-13 09:19:30.743,2244.0000,2326,0,0.0000,0.0000,0,0,多换,B,2248.0000,0.0000,0.0000,0.0000,0.0000,2259.0000,0.0000,0.0000,0.0000,0.0000,3,0,0,0,0,1,0,0,0,0
zc,WS207,2012-06-13 09:19:31.527,2244.0000,2326,0,0.0000,0.0000,0,0,多换,B,2247.0000,0.0000,0.0000,0.0000,0.0000,2259.0000,0.0000,0.0000,0.0000,0.0000,3,0,0,0,0,1,0,0,0,0
zc,WS207,2012-06-13 09:19:31.963,2244.0000,2326,0,0.0000,0.0000,0,0,多换,B,2247.0000,0.0000,0.0000,0.0000,0.0000,2259.0000,0.0000,0.0000,0.0000,0.0000,5,0,0,0,0,1,0,0,0,0
zc,WS207,2012-06-13 09:19:33.230,2244.0000,2326,0,0.0000,0.0000,0,0,多换,B,2248.0000,0.0000,0.0000,0.0000,0.0000,2259.0000,0.0000,0.0000,0.0000,0.0000,1,0,0,0,0,1,0,0,0,0
zc,WS207,2012-06-13 09:19:33.790,2244.0000,2326,0,0.0000,0.0000,0,0,多换,B,2247.0000,0.0000,0.0000,0.0000,0.0000,2259.0000,0.0000,0.0000,0.0000,0.0000,5,0,0,0,0,1,0,0,0,0
zc,WS207,2012-06-13 09:19:39.743,2244.0000,2326,0,0.0000,0.0000,0,0,多换,B,2248.0000,0.0000,0.0000,0.0000,0.0000,2259.0000,0.0000,0.0000,0.0000,0.0000,2,0,0,0,0,1,0,0,0,0
zc,WS207,2012-06-13 09:19:40.447,2244.0000,2326,0,0.0000,0.0000,0,0,多换,B,2246.0000,0.0000,0.0000,0.0000,0.0000,2259.0000,0.0000,0.0000,0.0000,0.0000,2,0,0,0,0,1,0,0,0,0
zc,WS207,2012-06-13 09:19:44.230,2244.0000,2326,0,0.0000,0.0000,0,0,多换,B,2246.0000,0.0000,0.0000,0.0000,0.0000,2259.0000,0.0000,0.0000,0.0000,0.0000,1,0,0,0,0,1,0,0,0,0
zc,WS207,2012-06-13 09:19:47.480,2244.0000,2326,0,0.0000,0.0000,0,0,多换,B,2247.0000,0.0000,0.0000,0.0000,0.0000,2259.0000,0.0000,0.0000,0.0000,0.0000,3,0,0,0,0,1,0,0,0,0
zc,WS207,2012-06-13 09:19:48.277,2244.0000,2326,0,0.0000,0.0000,0,0,多换,B,2247.0000,0.0000,0.0000,0.0000,0.0000,2259.0000,0.0000,0.0000,0.0000,0.0000,2,0,0,0,0,1,0,0,0,0
zc,WS207,2012-06-13 09:19:48.777,2244.0000,2326,0,0.0000,0.0000,0,0,多换,B,2246.0000,0.0000,0.0000,0.0000,0.0000,2259.0000,0.0000,0.0000,0.0000,0.0000,1,0,0,0,0,1,0,0,0,0
zc,WS207,2012-06-13 09:19:52.980,2244.0000,2326,0,0.0000,0.0000,0,0,多换,B,2246.0000,0.0000,0.0000,0.0000,0.0000,2259.0000,0.0000,0.0000,0.0000,0.0000,5,0,0,0,0,1,0,0,0,0
zc,WS207,2012-06-13 09:19:55.277,2244.0000,2326,0,0.0000,0.0000,0,0,多换,B,2245.0000,0.0000,0.0000,0.0000,0.0000,2259.0000,0.0000,0.0000,0.0000,0.0000,7,0,0,0,0,1,0,0,0,0
zc,WS207,2012-06-13 09:19:56.040,2244.0000,2326,0,0.0000,0.0000,0,0,多换,B,2246.0000,0.0000,0.0000,0.0000,0.0000,2259.0000,0.0000,0.0000,0.0000,0.0000,5,0,0,0,0,1,0,0,0,0
zc,WS207,2012-06-13 09:20:01.027,2244.0000,2326,0,0.0000,0.0000,0,0,多换,B,2247.0000,0.0000,0.0000,0.0000,0.0000,2259.0000,0.0000,0.0000,0.0000,0.0000,5,0,0,0,0,1,0,0,0,0
zc,WS207,2012-06-13 09:20:01.683,2244.0000,2326,0,0.0000,0.0000,0,0,多换,B,2246.0000,0.0000,0.0000,0.0000,0.0000,2259.0000,0.0000,0.0000,0.0000,0.0000,5,0,0,0,0,1,0,0,0,0
zc,WS207,2012-06-13 09:20:40.713,2244.0000,2326,0,0.0000,0.0000,0,0,多换,B,2245.0000,0.0000,0.0000,0.0000,0.0000,2259.0000,0.0000,0.0000,0.0000,0.0000,5,0,0,0,0,1,0,0,0,0
zc,WS207,2012-06-13 09:20:46.213,2244.0000,2326,0,0.0000,0.0000,0,0,多换,B,2247.0000,0.0000,0.0000,0.0000,0.0000,2259.0000,0.0000,0.0000,0.0000,0.0000,5,0,0,0,0,1,0,0,0,0
zc,WS207,2012-06-13 09:20:52.730,2244.0000,2326,0,0.0000,0.0000,0,0,多换,B,2248.0000,0.0000,0.0000,0.0000,0.0000,2259.0000,0.0000,0.0000,0.0000,0.0000,5,0,0,0,0,1,0,0,0,0
zc,WS207,2012-06-13 09:21:03.213,2244.0000,2326,0,0.0000,0.0000,0,0,多换,B,2249.0000,0.0000,0.0000,0.0000,0.0000,2259.0000,0.0000,0.0000,0.0000,0.0000,1,0,0,0,0,1,0,0,0,0
zc,WS207,2012-06-13 09:21:04.213,2244.0000,2326,0,0.0000,0.0000,0,0,多换,B,2248.0000,0.0000,0.0000,0.0000,0.0000,2259.0000,0.0000,0.0000,0.0000,0.0000,5,0,0,0,0,1,0,0,0,0
zc,WS207,2012-06-13 09:21:04.713,2244.0000,2326,0,0.0000,0.0000,0,0,多换,B,2249.0000,0.0000,0.0000,0.0000,0.0000,2259.0000,0.0000,0.0000,0.0000,0.0000,2,0,0,0,0,1,0,0,0,0
zc,WS207,2012-06-13 09:21:06.730,2244.0000,2326,0,0.0000,0.0000,0,0,多换,B,2249.0000,0.0000,0.0000,0.0000,0.0000,2259.0000,0.0000,0.0000,0.0000,0.0000,4,0,0,0,0,1,0,0,0,0
zc,WS207,2012-06-13 09:21:07.230,2244.0000,2326,0,0.0000,0.0000,0,0,多换,B,2249.0000,0.0000,0.0000,0.0000,0.0000,2259.0000,0.0000,0.0000,0.0000,0.0000,5,0,0,0,0,1,0,0,0,0
zc,WS207,2012-06-13 09:21:11.980,2244.0000,2326,0,0.0000,0.0000,0,0,多换,B,2248.0000,0.0000,0.0000,0.0000,0.0000,2259.0000,0.0000,0.0000,0.0000,0.0000,5,0,0,0,0,1,0,0,0,0
zc,WS207,2012-06-13 09:21:19.947,2244.0000,2326,0,0.0000,0.0000,0,0,多换,B,2247.0000,0.0000,0.0000,0.0000,0.0000,2259.0000,0.0000,0.0000,0.0000,0.0000,5,0,0,0,0,1,0,0,0,0
zc,WS207,2012-06-13 09:21:24.510,2244.0000,2326,0,0.0000,0.0000,0,0,多换,B,2248.0000,0.0000,0.0000,0.0000,0.0000,2259.0000,0.0000,0.0000,0.0000,0.0000,5,0,0,0,0,1,0,0,0,0
zc,WS207,2012-06-13 09:21:39.243,2244.0000,2326,0,0.0000,0.0000,0,0,多换,B,2249.0000,0.0000,0.0000,0.0000,0.0000,2259.0000,0.0000,0.0000,0.0000,0.0000,5,0,0,0,0,1,0,0,0,0
zc,WS207,2012-06-13 09:21:52.230,2244.0000,2326,0,0.0000,0.0000,0,0,多换,B,2249.0000,0.0000,0.0000,0.0000,0.0000,2259.0000,0.0000,0.0000,0.0000,0.0000,4,0,0,0,0,1,0,0,0,0
zc,WS207,2012-06-13 09:21:52.760,2244.0000,2326,0,0.0000,0.0000,0,0,多换,B,2249.0000,0.0000,0.0000,0.0000,0.0000,2259.0000,0.0000,0.0000,0.0000,0.0000,2,0,0,0,0,1,0,0,0,0
zc,WS207,2012-06-13 09:21:53.243,2244.0000,2326,0,0.0000,0.0000,0,0,多换,B,2248.0000,0.0000,0.0000,0.0000,0.0000,2259.0000,0.0000,0.0000,0.0000,0.0000,5,0,0,0,0,1,0,0,0,0
zc,WS207,2012-06-13 09:21:54.447,2244.0000,2326,0,0.0000,0.0000,0,0,多换,B,2249.0000,0.0000,0.0000,0.0000,0.0000,2259.0000,0.0000,0.0000,0.0000,0.0000,2,0,0,0,0,1,0,0,0,0
zc,WS207,2012-06-13 09:21:55.760,2244.0000,2326,0,0.0000,0.0000,0,0,多换,B,2248.0000,0.0000,0.0000,0.0000,0.0000,2259.0000,0.0000,0.0000,0.0000,0.0000,5,0,0,0,0,1,0,0,0,0
zc,WS207,2012-06-13 09:22:01.057,2244.0000,2326,0,0.0000,0.0000,0,0,多换,B,2249.0000,0.0000,0.0000,0.0000,0.0000,2259.0000,0.0000,0.0000,0.0000,0.0000,5,0,0,0,0,1,0,0,0,0
zc,WS207,2012-06-13 09:22:02.230,2244.0000,2326,0,0.0000,0.0000,0,0,多换,B,2249.0000,0.0000,0.0000,0.0000,0.0000,2259.0000,0.0000,0.0000,0.0000,0.0000,3,0,0,0,0,1,0,0,0,0
zc,WS207,2012-06-13 09:22:03.260,2244.0000,2326,0,0.0000,0.0000,0,0,多换,B,2249.0000,0.0000,0.0000,0.0000,0.0000,2259.0000,0.0000,0.0000,0.0000,0.0000,4,0,0,0,0,1,0,0,0,0
zc,WS207,2012-06-13 09:22:03.777,2244.0000,2326,0,0.0000,0.0000,0,0,多换,B,2248.0000,0.0000,0.0000,0.0000,0.0000,2259.0000,0.0000,0.0000,0.0000,0.0000,5,0,0,0,0,1,0,0,0,0
zc,WS207,2012-06-13 09:22:05.463,2244.0000,2326,0,0.0000,0.0000,0,0,多换,B,2249.0000,0.0000,0.0000,0.0000,0.0000,2259.0000,0.0000,0.0000,0.0000,0.0000,5,0,0,0,0,1,0,0,0,0
zc,WS207,2012-06-13 09:22:14.730,2244.0000,2326,0,0.0000,0.0000,0,0,多换,B,2248.0000,0.0000,0.0000,0.0000,0.0000,2259.0000,0.0000,0.0000,0.0000,0.0000,5,0,0,0,0,1,0,0,0,0
zc,WS207,2012-06-13 09:22:30.993,2244.0000,2326,0,0.0000,0.0000,0,0,多换,B,2247.0000,0.0000,0.0000,0.0000,0.0000,2259.0000,0.0000,0.0000,0.0000,0.0000,5,0,0,0,0,1,0,0,0,0
zc,WS207,2012-06-13 09:22:42.027,2244.0000,2326,0,0.0000,0.0000,0,0,多换,B,2247.0000,0.0000,0.0000,0.0000,0.0000,2259.0000,0.0000,0.0000,0.0000,0.0000,4,0,0,0,0,1,0,0,0,0
zc,WS207,2012-06-13 09:22:44.527,2244.0000,2326,0,0.0000,0.0000,0,0,多换,B,2247.0000,0.0000,0.0000,0.0000,0.0000,2259.0000,0.0000,0.0000,0.0000,0.0000,3,0,0,0,0,1,0,0,0,0
zc,WS207,2012-06-13 09:22:45.027,2244.0000,2326,0,0.0000,0.0000,0,0,多换,B,2246.0000,0.0000,0.0000,0.0000,0.0000,2259.0000,0.0000,0.0000,0.0000,0.0000,5,0,0,0,0,1,0,0,0,0
zc,WS207,2012-06-13 09:22:46.290,2244.0000,2326,0,0.0000,0.0000,0,0,多换,B,2247.0000,0.0000,0.0000,0.0000,0.0000,2259.0000,0.0000,0.0000,0.0000,0.0000,5,0,0,0,0,1,0,0,0,0
zc,WS207,2012-06-13 09:22:47.027,2244.0000,2326,0,0.0000,0.0000,0,0,多换,B,2246.0000,0.0000,0.0000,0.0000,0.0000,2259.0000,0.0000,0.0000,0.0000,0.0000,5,0,0,0,0,1,0,0,0,0
zc,WS207,2012-06-13 09:23:09.243,2244.0000,2326,0,0.0000,0.0000,0,0,多换,B,2245.0000,0.0000,0.0000,0.0000,0.0000,2259.0000,0.0000,0.0000,0.0000,0.0000,5,0,0,0,0,1,0,0,0,0
zc,WS207,2012-06-13 09:23:14.197,2244.0000,2326,0,0.0000,0.0000,0,0,多换,B,2246.0000,0.0000,0.0000,0.0000,0.0000,2259.0000,0.0000,0.0000,0.0000,0.0000,5,0,0,0,0,1,0,0,0,0
zc,WS207,2012-06-13 09:23:23.213,2244.0000,2326,0,0.0000,0.0000,0,0,多换,B,2245.0000,0.0000,0.0000,0.0000,0.0000,2259.0000,0.0000,0.0000,0.0000,0.0000,5,0,0,0,0,1,0,0,0,0
zc,WS207,2012-06-13 09:23:24.510,2244.0000,2326,0,0.0000,0.0000,0,0,多换,B,2246.0000,0.0000,0.0000,0.0000,0.0000,2259.0000,0.0000,0.0000,0.0000,0.0000,5,0,0,0,0,1,0,0,0,0
zc,WS207,2012-06-13 09:23:34.480,2244.0000,2326,0,0.0000,0.0000,0,0,多换,B,2245.0000,0.0000,0.0000,0.0000,0.0000,2259.0000,0.0000,0.0000,0.0000,0.0000,5,0,0,0,0,1,0,0,0,0
zc,WS207,2012-06-13 09:23:58.697,2244.0000,2326,0,0.0000,0.0000,0,0,多换,B,2244.0000,0.0000,0.0000,0.0000,0.0000,2259.0000,0.0000,0.0000,0.0000,0.0000,15,0,0,0,0,1,0,0,0,0
zc,WS207,2012-06-13 09:24:03.260,2244.0000,2326,0,0.0000,0.0000,0,0,多换,B,2245.0000,0.0000,0.0000,0.0000,0.0000,2259.0000,0.0000,0.0000,0.0000,0.0000,3,0,0,0,0,1,0,0,0,0
zc,WS207,2012-06-13 09:24:04.480,2244.0000,2326,0,0.0000,0.0000,0,0,多换,B,2245.0000,0.0000,0.0000,0.0000,0.0000,2259.0000,0.0000,0.0000,0.0000,0.0000,5,0,0,0,0,1,0,0,0,0
zc,WS207,2012-06-13 09:24:25.243,2244.0000,2326,0,0.0000,0.0000,0,0,多换,B,2246.0000,0.0000,0.0000,0.0000,0.0000,2259.0000,0.0000,0.0000,0.0000,0.0000,5,0,0,0,0,1,0,0,0,0
zc,WS207,2012-06-13 09:24:26.480,2244.0000,2326,0,0.0000,0.0000,0,0,多换,B,2245.0000,0.0000,0.0000,0.0000,0.0000,2259.0000,0.0000,0.0000,0.0000,0.0000,5,0,0,0,0,1,0,0,0,0
zc,WS207,2012-06-13 09:24:26.760,2244.0000,2326,0,0.0000,0.0000,0,0,多换,B,2246.0000,0.0000,0.0000,0.0000,0.0000,2259.0000,0.0000,0.0000,0.0000,0.0000,1,0,0,0,0,1,0,0,0,0
zc,WS207,2012-06-13 09:24:29.760,2244.0000,2326,0,0.0000,0.0000,0,0,多换,B,2246.0000,0.0000,0.0000,0.0000,0.0000,2259.0000,0.0000,0.0000,0.0000,0.0000,2,0,0,0,0,1,0,0,0,0
zc,WS207,2012-06-13 09:24:31.527,2244.0000,2326,0,0.0000,0.0000,0,0,多换,B,2246.0000,0.0000,0.0000,0.0000,0.0000,2259.0000,0.0000,0.0000,0.0000,0.0000,3,0,0,0,0,1,0,0,0,0
zc,WS207,2012-06-13 09:24:31.963,2244.0000,2326,0,0.0000,0.0000,0,0,多换,B,2246.0000,0.0000,0.0000,0.0000,0.0000,2259.0000,0.0000,0.0000,0.0000,0.0000,4,0,0,0,0,1,0,0,0,0
zc,WS207,2012-06-13 09:24:32.790,2244.0000,2326,0,0.0000,0.0000,0,0,多换,B,2246.0000,0.0000,0.0000,0.0000,0.0000,2259.0000,0.0000,0.0000,0.0000,0.0000,5,0,0,0,0,1,0,0,0,0
zc,WS207,2012-06-13 09:24:36.480,2244.0000,2326,0,0.0000,0.0000,0,0,多换,B,2246.0000,0.0000,0.0000,0.0000,0.0000,2259.0000,0.0000,0.0000,0.0000,0.0000,3,0,0,0,0,1,0,0,0,0
zc,WS207,2012-06-13 09:24:39.433,2244.0000,2326,0,0.0000,0.0000,0,0,多换,B,2246.0000,0.0000,0.0000,0.0000,0.0000,2259.0000,0.0000,0.0000,0.0000,0.0000,5,0,0,0,0,1,0,0,0,0
zc,WS207,2012-06-13 09:25:20.963,2244.0000,2326,0,0.0000,0.0000,0,0,多换,B,2247.0000,0.0000,0.0000,0.0000,0.0000,2259.0000,0.0000,0.0000,0.0000,0.0000,1,0,0,0,0,1,0,0,0,0
zc,WS207,2012-06-13 09:25:24.463,2244.0000,2326,0,0.0000,0.0000,0,0,多换,B,2246.0000,0.0000,0.0000,0.0000,0.0000,2259.0000,0.0000,0.0000,0.0000,0.0000,5,0,0,0,0,1,0,0,0,0
zc,WS207,2012-06-13 09:25:31.963,2244.0000,2326,0,0.0000,0.0000,0,0,多换,B,2247.0000,0.0000,0.0000,0.0000,0.0000,2259.0000,0.0000,0.0000,0.0000,0.0000,5,0,0,0,0,1,0,0,0,0
zc,WS207,2012-06-13 09:26:35.243,2244.0000,2326,0,0.0000,0.0000,0,0,多换,B,2247.0000,0.0000,0.0000,0.0000,0.0000,2259.0000,0.0000,0.0000,0.0000,0.0000,5,0,0,0,0,2,0,0,0,0
zc,WS207,2012-06-13 09:27:26.197,2244.0000,2326,0,0.0000,0.0000,0,0,多换,B,2247.0000,0.0000,0.0000,0.0000,0.0000,2259.0000,0.0000,0.0000,0.0000,0.0000,10,0,0,0,0,2,0,0,0,0
zc,WS207,2012-06-13 09:27:27.243,2244.0000,2326,0,0.0000,0.0000,0,0,多换,B,2247.0000,0.0000,0.0000,0.0000,0.0000,2259.0000,0.0000,0.0000,0.0000,0.0000,5,0,0,0,0,2,0,0,0,0
zc,WS207,2012-06-13 09:27:28.027,2244.0000,2326,0,0.0000,0.0000,0,0,多换,B,2247.0000,0.0000,0.0000,0.0000,0.0000,2259.0000,0.0000,0.0000,0.0000,0.0000,10,0,0,0,0,2,0,0,0,0
zc,WS207,2012-06-13 09:27:38.510,2244.0000,2326,0,0.0000,0.0000,0,0,多换,B,2248.0000,0.0000,0.0000,0.0000,0.0000,2259.0000,0.0000,0.0000,0.0000,0.0000,1,0,0,0,0,2,0,0,0,0
zc,WS207,2012-06-13 09:27:38.963,2244.0000,2326,0,0.0000,0.0000,0,0,多换,B,2248.0000,0.0000,0.0000,0.0000,0.0000,2259.0000,0.0000,0.0000,0.0000,0.0000,2,0,0,0,0,2,0,0,0,0
zc,WS207,2012-06-13 09:27:44.980,2244.0000,2326,0,0.0000,0.0000,0,0,多换,B,2248.0000,0.0000,0.0000,0.0000,0.0000,2259.0000,0.0000,0.0000,0.0000,0.0000,3,0,0,0,0,2,0,0,0,0
zc,WS207,2012-06-13 09:27:45.510,2244.0000,2326,0,0.0000,0.0000,0,0,多换,B,2249.0000,0.0000,0.0000,0.0000,0.0000,2259.0000,0.0000,0.0000,0.0000,0.0000,1,0,0,0,0,2,0,0,0,0
zc,WS207,2012-06-13 09:27:46.480,2244.0000,2326,0,0.0000,0.0000,0,0,多换,B,2249.0000,0.0000,0.0000,0.0000,0.0000,2259.0000,0.0000,0.0000,0.0000,0.0000,4,0,0,0,0,2,0,0,0,0
zc,WS207,2012-06-13 09:27:48.540,2244.0000,2326,0,0.0000,0.0000,0,0,多换,B,2250.0000,0.0000,0.0000,0.0000,0.0000,2259.0000,0.0000,0.0000,0.0000,0.0000,1,0,0,0,0,2,0,0,0,0
zc,WS207,2012-06-13 09:27:48.947,2244.0000,2326,0,0.0000,0.0000,0,0,多换,B,2249.0000,0.0000,0.0000,0.0000,0.0000,2259.0000,0.0000,0.0000,0.0000,0.0000,4,0,0,0,0,2,0,0,0,0
zc,WS207,2012-06-13 09:27:50.963,2244.0000,2326,0,0.0000,0.0000,0,0,多换,B,2250.0000,0.0000,0.0000,0.0000,0.0000,2259.0000,0.0000,0.0000,0.0000,0.0000,1,0,0,0,0,2,0,0,0,0
zc,WS207,2012-06-13 09:27:53.713,2244.0000,2326,0,0.0000,0.0000,0,0,多换,B,2251.0000,0.0000,0.0000,0.0000,0.0000,2259.0000,0.0000,0.0000,0.0000,0.0000,1,0,0,0,0,2,0,0,0,0
zc,WS207,2012-06-13 09:27:54.493,2244.0000,2326,0,0.0000,0.0000,0,0,多换,B,2251.0000,0.0000,0.0000,0.0000,0.0000,2259.0000,0.0000,0.0000,0.0000,0.0000,5,0,0,0,0,2,0,0,0,0
zc,WS207,2012-06-13 09:27:56.480,2244.0000,2326,0,0.0000,0.0000,0,0,多换,B,2251.0000,0.0000,0.0000,0.0000,0.0000,2259.0000,0.0000,0.0000,0.0000,0.0000,1,0,0,0,0,2,0,0,0,0
zc,WS207,2012-06-13 09:27:57.057,2244.0000,2326,0,0.0000,0.0000,0,0,多换,B,2251.0000,0.0000,0.0000,0.0000,0.0000,2259.0000,0.0000,0.0000,0.0000,0.0000,2,0,0,0,0,2,0,0,0,0
zc,WS207,2012-06-13 09:28:03.243,2244.0000,2326,0,0.0000,0.0000,0,0,多换,B,2252.0000,0.0000,0.0000,0.0000,0.0000,2259.0000,0.0000,0.0000,0.0000,0.0000,4,0,0,0,0,2,0,0,0,0
zc,WS207,2012-06-13 09:28:09.510,2244.0000,2326,0,0.0000,0.0000,0,0,多换,B,2252.0000,0.0000,0.0000,0.0000,0.0000,2259.0000,0.0000,0.0000,0.0000,0.0000,9,0,0,0,0,2,0,0,0,0
zc,WS207,2012-06-13 09:28:18.980,2244.0000,2326,0,0.0000,0.0000,0,0,多换,B,2252.0000,0.0000,0.0000,0.0000,0.0000,2259.0000,0.0000,0.0000,0.0000,0.0000,6,0,0,0,0,2,0,0,0,0
zc,WS207,2012-06-13 09:28:20.480,2244.0000,2326,0,0.0000,0.0000,0,0,多换,B,2252.0000,0.0000,0.0000,0.0000,0.0000,2259.0000,0.0000,0.0000,0.0000,0.0000,5,0,0,0,0,2,0,0,0,0
zc,WS207,2012-06-13 09:28:21.527,2244.0000,2326,0,0.0000,0.0000,0,0,多换,B,2252.0000,0.0000,0.0000,0.0000,0.0000,2259.0000,0.0000,0.0000,0.0000,0.0000,4,0,0,0,0,2,0,0,0,0
zc,WS207,2012-06-13 09:29:08.480,2244.0000,2326,0,0.0000,0.0000,0,0,多换,B,2252.0000,0.0000,0.0000,0.0000,0.0000,2259.0000,0.0000,0.0000,0.0000,0.0000,9,0,0,0,0,2,0,0,0,0
zc,WS207,2012-06-13 09:29:08.963,2244.0000,2326,0,0.0000,0.0000,0,0,多换,B,2252.0000,0.0000,0.0000,0.0000,0.0000,2259.0000,0.0000,0.0000,0.0000,0.0000,4,0,0,0,0,2,0,0,0,0
zc,WS207,2012-06-13 09:29:09.760,2244.0000,2326,0,0.0000,0.0000,0,0,多换,B,2252.0000,0.0000,0.0000,0.0000,0.0000,2259.0000,0.0000,0.0000,0.0000,0.0000,9,0,0,0,0,2,0,0,0,0
zc,WS207,2012-06-13 09:29:10.713,2244.0000,2326,0,0.0000,0.0000,0,0,多换,B,2252.0000,0.0000,0.0000,0.0000,0.0000,2259.0000,0.0000,0.0000,0.0000,0.0000,8,0,0,0,0,2,0,0,0,0
zc,WS207,2012-06-13 09:29:12.463,2244.0000,2326,0,0.0000,0.0000,0,0,多换,B,2252.0000,0.0000,0.0000,0.0000,0.0000,2259.0000,0.0000,0.0000,0.0000,0.0000,5,0,0,0,0,2,0,0,0,0
zc,WS207,2012-06-13 09:29:12.980,2244.0000,2326,0,0.0000,0.0000,0,0,多换,B,2252.0000,0.0000,0.0000,0.0000,0.0000,2259.0000,0.0000,0.0000,0.0000,0.0000,4,0,0,0,0,2,0,0,0,0
zc,WS207,2012-06-13 09:29:16.697,2244.0000,2326,0,0.0000,0.0000,0,0,多换,B,2252.0000,0.0000,0.0000,0.0000,0.0000,2259.0000,0.0000,0.0000,0.0000,0.0000,9,0,0,0,0,2,0,0,0,0
zc,WS207,2012-06-13 09:29:16.963,2244.0000,2326,0,0.0000,0.0000,0,0,多换,B,2252.0000,0.0000,0.0000,0.0000,0.0000,2259.0000,0.0000,0.0000,0.0000,0.0000,4,0,0,0,0,2,0,0,0,0
zc,WS207,2012-06-13 09:29:18.213,2244.0000,2326,0,0.0000,0.0000,0,0,多换,B,2252.0000,0.0000,0.0000,0.0000,0.0000,2259.0000,0.0000,0.0000,0.0000,0.0000,5,0,0,0,0,2,0,0,0,0
zc,WS207,2012-06-13 09:29:18.947,2244.0000,2326,0,0.0000,0.0000,0,0,多换,B,2252.0000,0.0000,0.0000,0.0000,0.0000,2259.0000,0.0000,0.0000,0.0000,0.0000,4,0,0,0,0,2,0,0,0,0
zc,WS207,2012-06-13 09:29:20.697,2244.0000,2326,0,0.0000,0.0000,0,0,多换,B,2252.0000,0.0000,0.0000,0.0000,0.0000,2259.0000,0.0000,0.0000,0.0000,0.0000,6,0,0,0,0,2,0,0,0,0
zc,WS207,2012-06-13 09:29:21.963,2244.0000,2326,0,0.0000,0.0000,0,0,多换,B,2252.0000,0.0000,0.0000,0.0000,0.0000,2259.0000,0.0000,0.0000,0.0000,0.0000,7,0,0,0,0,2,0,0,0,0
zc,WS207,2012-06-13 09:29:25.040,2244.0000,2326,0,0.0000,0.0000,0,0,多换,B,2253.0000,0.0000,0.0000,0.0000,0.0000,2259.0000,0.0000,0.0000,0.0000,0.0000,3,0,0,0,0,2,0,0,0,0
zc,WS207,2012-06-13 09:29:26.243,2244.0000,2326,0,0.0000,0.0000,0,0,多换,B,2253.0000,0.0000,0.0000,0.0000,0.0000,2259.0000,0.0000,0.0000,0.0000,0.0000,5,0,0,0,0,2,0,0,0,0
zc,WS207,2012-06-13 09:29:27.963,2259.0000,2326,0,0.0000,2.0000,1,1,多换,B,2253.0000,0.0000,0.0000,0.0000,0.0000,2259.0000,0.0000,0.0000,0.0000,0.0000,4,0,0,0,0,1,0,0,0,0
zc,WS207,2012-06-13 09:29:28.730,2259.0000,2326,0,0.0000,0.0000,0,0,多换,B,2253.0000,0.0000,0.0000,0.0000,0.0000,2259.0000,0.0000,0.0000,0.0000,0.0000,5,0,0,0,0,1,0,0,0,0
zc,WS207,2012-06-13 09:29:32.743,2259.0000,2326,0,0.0000,0.0000,0,0,多换,B,2254.0000,0.0000,0.0000,0.0000,0.0000,2259.0000,0.0000,0.0000,0.0000,0.0000,4,0,0,0,0,1,0,0,0,0
zc,WS207,2012-06-13 09:29:34.010,2259.0000,2326,0,0.0000,0.0000,0,0,多换,B,2254.0000,0.0000,0.0000,0.0000,0.0000,2259.0000,0.0000,0.0000,0.0000,0.0000,5,0,0,0,0,1,0,0,0,0
zc,WS207,2012-06-13 09:29:40.493,2259.0000,2326,0,0.0000,0.0000,0,0,多换,B,2255.0000,0.0000,0.0000,0.0000,0.0000,2259.0000,0.0000,0.0000,0.0000,0.0000,4,0,0,0,0,1,0,0,0,0
zc,WS207,2012-06-13 09:29:41.463,2259.0000,2326,0,0.0000,0.0000,0,0,多换,B,2255.0000,0.0000,0.0000,0.0000,0.0000,2259.0000,0.0000,0.0000,0.0000,0.0000,5,0,0,0,0,1,0,0,0,0
zc,WS207,2012-06-13 09:29:43.307,2259.0000,2326,0,0.0000,0.0000,0,0,多换,B,2256.0000,0.0000,0.0000,0.0000,0.0000,2259.0000,0.0000,0.0000,0.0000,0.0000,5,0,0,0,0,1,0,0,0,0
zc,WS207,2012-06-13 09:29:43.980,2259.0000,2326,0,0.0000,0.0000,0,0,多换,B,2255.0000,0.0000,0.0000,0.0000,0.0000,2259.0000,0.0000,0.0000,0.0000,0.0000,5,0,0,0,0,1,0,0,0,0
zc,WS207,2012-06-13 09:29:44.510,2259.0000,2326,0,0.0000,0.0000,0,0,多换,B,2254.0000,0.0000,0.0000,0.0000,0.0000,2259.0000,0.0000,0.0000,0.0000,0.0000,5,0,0,0,0,1,0,0,0,0
zc,WS207,2012-06-13 09:29:46.993,2259.0000,2326,0,0.0000,0.0000,0,0,多换,B,2254.0000,0.0000,0.0000,0.0000,0.0000,2259.0000,0.0000,0.0000,0.0000,0.0000,1,0,0,0,0,1,0,0,0,0
zc,WS207,2012-06-13 09:29:48.307,2259.0000,2326,0,0.0000,0.0000,0,0,多换,B,2253.0000,0.0000,0.0000,0.0000,0.0000,2259.0000,0.0000,0.0000,0.0000,0.0000,2,0,0,0,0,1,0,0,0,0
zc,WS207,2012-06-13 09:29:48.760,2259.0000,2326,0,0.0000,0.0000,0,0,多换,B,2254.0000,0.0000,0.0000,0.0000,0.0000,2259.0000,0.0000,0.0000,0.0000,0.0000,5,0,0,0,0,1,0,0,0,0
zc,WS207,2012-06-13 09:29:56.760,2259.0000,2326,0,0.0000,0.0000,0,0,多换,B,2255.0000,0.0000,0.0000,0.0000,0.0000,2259.0000,0.0000,0.0000,0.0000,0.0000,2,0,0,0,0,1,0,0,0,0
zc,WS207,2012-06-13 09:29:58.027,2259.0000,2326,0,0.0000,0.0000,0,0,多换,B,2254.0000,0.0000,0.0000,0.0000,0.0000,2259.0000,0.0000,0.0000,0.0000,0.0000,5,0,0,0,0,1,0,0,0,0
zc,WS207,2012-06-13 09:30:00.260,2259.0000,2326,0,0.0000,0.0000,0,0,多换,B,2255.0000,0.0000,0.0000,0.0000,0.0000,2259.0000,0.0000,0.0000,0.0000,0.0000,5,0,0,0,0,1,0,0,0,0
zc,WS207,2012-06-13 09:30:01.040,2259.0000,2326,0,0.0000,0.0000,0,0,多换,B,2254.0000,0.0000,0.0000,0.0000,0.0000,2259.0000,0.0000,0.0000,0.0000,0.0000,5,0,0,0,0,1,0,0,0,0
zc,WS207,2012-06-13 09:30:02.277,2259.0000,2326,0,0.0000,0.0000,0,0,多换,B,2255.0000,0.0000,0.0000,0.0000,0.0000,2259.0000,0.0000,0.0000,0.0000,0.0000,5,0,0,0,0,1,0,0,0,0
zc,WS207,2012-06-13 09:30:03.980,2259.0000,2326,0,0.0000,0.0000,0,0,多换,B,2255.0000,0.0000,0.0000,0.0000,0.0000,2259.0000,0.0000,0.0000,0.0000,0.0000,2,0,0,0,0,1,0,0,0,0
zc,WS207,2012-06-13 09:30:04.743,2259.0000,2326,0,0.0000,0.0000,0,0,多换,B,2255.0000,0.0000,0.0000,0.0000,0.0000,2259.0000,0.0000,0.0000,0.0000,0.0000,6,0,0,0,0,1,0,0,0,0
zc,WS207,2012-06-13 09:30:05.480,2259.0000,2326,0,0.0000,0.0000,0,0,多换,B,2255.0000,0.0000,0.0000,0.0000,0.0000,2259.0000,0.0000,0.0000,0.0000,0.0000,9,0,0,0,0,1,0,0,0,0
zc,WS207,2012-06-13 09:30:07.760,2259.0000,2324,-2,0.0000,2.0000,0,2,双平,B,2255.0000,0.0000,0.0000,0.0000,0.0000,2260.0000,0.0000,0.0000,0.0000,0.0000,9,0,0,0,0,1,0,0,0,0
zc,WS207,2012-06-13 09:30:11.697,2259.0000,2324,0,0.0000,0.0000,0,0,多换,B,2256.0000,0.0000,0.0000,0.0000,0.0000,2260.0000,0.0000,0.0000,0.0000,0.0000,5,0,0,0,0,1,0,0,0,0
zc,WS207,2012-06-13 09:30:13.557,2259.0000,2324,0,0.0000,0.0000,0,0,多换,B,2255.0000,0.0000,0.0000,0.0000,0.0000,2260.0000,0.0000,0.0000,0.0000,0.0000,9,0,0,0,0,1,0,0,0,0
zc,WS207,2012-06-13 09:30:17.963,2259.0000,2324,0,0.0000,0.0000,0,0,多换,B,2256.0000,0.0000,0.0000,0.0000,0.0000,2260.0000,0.0000,0.0000,0.0000,0.0000,1,0,0,0,0,1,0,0,0,0
zc,WS207,2012-06-13 09:30:18.540,2259.0000,2324,0,0.0000,0.0000,0,0,多换,B,2256.0000,0.0000,0.0000,0.0000,0.0000,2260.0000,0.0000,0.0000,0.0000,0.0000,2,0,0,0,0,1,0,0,0,0
zc,WS207,2012-06-13 09:30:20.243,2259.0000,2324,0,0.0000,0.0000,0,0,多换,B,2255.0000,0.0000,0.0000,0.0000,0.0000,2260.0000,0.0000,0.0000,0.0000,0.0000,9,0,0,0,0,1,0,0,0,0
zc,WS207,2012-06-13 09:30:22.493,2259.0000,2324,0,0.0000,0.0000,0,0,多换,B,2256.0000,0.0000,0.0000,0.0000,0.0000,2260.0000,0.0000,0.0000,0.0000,0.0000,2,0,0,0,0,1,0,0,0,0
zc,WS207,2012-06-13 09:30:23.290,2259.0000,2324,0,0.0000,0.0000,0,0,多换,B,2256.0000,0.0000,0.0000,0.0000,0.0000,2260.0000,0.0000,0.0000,0.0000,0.0000,5,0,0,0,0,1,0,0,0,0
zc,WS207,2012-06-13 09:30:23.823,2259.0000,2324,0,0.0000,0.0000,0,0,多换,B,2256.0000,0.0000,0.0000,0.0000,0.0000,2260.0000,0.0000,0.0000,0.0000,0.0000,8,0,0,0,0,1,0,0,0,0
zc,WS207,2012-06-13 09:30:24.480,2259.0000,2324,0,0.0000,0.0000,0,0,多换,B,2256.0000,0.0000,0.0000,0.0000,0.0000,2260.0000,0.0000,0.0000,0.0000,0.0000,9,0,0,0,0,1,0,0,0,0
zc,WS207,2012-06-13 09:30:24.980,2259.0000,2324,0,0.0000,0.0000,0,0,多换,B,2256.0000,0.0000,0.0000,0.0000,0.0000,2260.0000,0.0000,0.0000,0.0000,0.0000,4,0,0,0,0,1,0,0,0,0
zc,WS207,2012-06-13 09:30:26.260,2259.0000,2324,0,0.0000,0.0000,0,0,多换,B,2256.0000,0.0000,0.0000,0.0000,0.0000,2260.0000,0.0000,0.0000,0.0000,0.0000,8,0,0,0,0,1,0,0,0,0
zc,WS207,2012-06-13 09:30:28.963,2259.0000,2324,0,0.0000,0.0000,0,0,多换,B,2256.0000,0.0000,0.0000,0.0000,0.0000,2260.0000,0.0000,0.0000,0.0000,0.0000,7,0,0,0,0,1,0,0,0,0
zc,WS207,2012-06-13 09:30:30.260,2259.0000,2324,0,0.0000,0.0000,0,0,多换,B,2256.0000,0.0000,0.0000,0.0000,0.0000,2260.0000,0.0000,0.0000,0.0000,0.0000,4,0,0,0,0,1,0,0,0,0
zc,WS207,2012-06-13 09:30:55.243,2259.0000,2324,0,0.0000,0.0000,0,0,多换,B,2256.0000,0.0000,0.0000,0.0000,0.0000,2260.0000,0.0000,0.0000,0.0000,0.0000,7,0,0,0,0,1,0,0,0,0
zc,WS207,2012-06-13 09:30:59.713,2259.0000,2324,0,0.0000,0.0000,0,0,多换,B,2256.0000,0.0000,0.0000,0.0000,0.0000,2260.0000,0.0000,0.0000,0.0000,0.0000,8,0,0,0,0,1,0,0,0,0
zc,WS207,2012-06-13 09:31:00.480,2259.0000,2324,0,0.0000,0.0000,0,0,多换,B,2256.0000,0.0000,0.0000,0.0000,0.0000,2260.0000,0.0000,0.0000,0.0000,0.0000,9,0,0,0,0,1,0,0,0,0
zc,WS207,2012-06-13 09:31:05.713,2259.0000,2324,0,0.0000,0.0000,0,0,多换,B,2256.0000,0.0000,0.0000,0.0000,0.0000,2265.0000,0.0000,0.0000,0.0000,0.0000,9,0,0,0,0,1,0,0,0,0
zc,WS207,2012-06-13 09:31:18.993,2259.0000,2324,0,0.0000,0.0000,0,0,多换,B,2256.0000,0.0000,0.0000,0.0000,0.0000,2265.0000,0.0000,0.0000,0.0000,0.0000,4,0,0,0,0,1,0,0,0,0
zc,WS207,2012-06-13 09:31:22.527,2259.0000,2324,0,0.0000,0.0000,0,0,多换,B,2256.0000,0.0000,0.0000,0.0000,0.0000,2265.0000,0.0000,0.0000,0.0000,0.0000,9,0,0,0,0,1,0,0,0,0
zc,WS207,2012-06-13 09:31:29.463,2259.0000,2324,0,0.0000,0.0000,0,0,多换,B,2256.0000,0.0000,0.0000,0.0000,0.0000,2265.0000,0.0000,0.0000,0.0000,0.0000,4,0,0,0,0,1,0,0,0,0
zc,WS207,2012-06-13 09:31:32.213,2259.0000,2324,0,0.0000,0.0000,0,0,多换,B,2256.0000,0.0000,0.0000,0.0000,0.0000,2264.0000,0.0000,0.0000,0.0000,0.0000,4,0,0,0,0,1,0,0,0,0
zc,WS207,2012-06-13 09:31:49.463,2259.0000,2324,0,0.0000,0.0000,0,0,多换,B,2256.0000,0.0000,0.0000,0.0000,0.0000,2265.0000,0.0000,0.0000,0.0000,0.0000,4,0,0,0,0,1,0,0,0,0
zc,WS207,2012-06-13 09:32:05.480,2259.0000,2324,0,0.0000,0.0000,0,0,多换,B,2256.0000,0.0000,0.0000,0.0000,0.0000,2265.0000,0.0000,0.0000,0.0000,0.0000,4,0,0,0,0,2,0,0,0,0
zc,WS207,2012-06-13 09:32:10.713,2259.0000,2324,0,0.0000,0.0000,0,0,多换,B,2256.0000,0.0000,0.0000,0.0000,0.0000,2265.0000,0.0000,0.0000,0.0000,0.0000,4,0,0,0,0,3,0,0,0,0
zc,WS207,2012-06-13 09:32:17.963,2259.0000,2324,0,0.0000,0.0000,0,0,多换,B,2253.0000,0.0000,0.0000,0.0000,0.0000,2265.0000,0.0000,0.0000,0.0000,0.0000,5,0,0,0,0,3,0,0,0,0
zc,WS207,2012-06-13 09:32:19.230,2259.0000,2324,0,0.0000,0.0000,0,0,多换,B,2253.0000,0.0000,0.0000,0.0000,0.0000,2265.0000,0.0000,0.0000,0.0000,0.0000,4,0,0,0,0,3,0,0,0,0
zc,WS207,2012-06-13 09:32:20.463,2259.0000,2324,0,0.0000,0.0000,0,0,多换,B,2253.0000,0.0000,0.0000,0.0000,0.0000,2265.0000,0.0000,0.0000,0.0000,0.0000,3,0,0,0,0,3,0,0,0,0
zc,WS207,2012-06-13 09:32:20.980,2259.0000,2324,0,0.0000,0.0000,0,0,多换,B,2253.0000,0.0000,0.0000,0.0000,0.0000,2265.0000,0.0000,0.0000,0.0000,0.0000,2,0,0,0,0,3,0,0,0,0
zc,WS207,2012-06-13 09:32:21.433,2259.0000,2324,0,0.0000,0.0000,0,0,多换,B,2253.0000,0.0000,0.0000,0.0000,0.0000,2265.0000,0.0000,0.0000,0.0000,0.0000,1,0,0,0,0,3,0,0,0,0
zc,WS207,2012-06-13 09:32:23.183,2259.0000,2324,0,0.0000,0.0000,0,0,多换,B,2252.0000,0.0000,0.0000,0.0000,0.0000,2265.0000,0.0000,0.0000,0.0000,0.0000,5,0,0,0,0,3,0,0,0,0
zc,WS207,2012-06-13 09:32:23.697,2259.0000,2324,0,0.0000,0.0000,0,0,多换,B,2253.0000,0.0000,0.0000,0.0000,0.0000,2265.0000,0.0000,0.0000,0.0000,0.0000,1,0,0,0,0,3,0,0,0,0
zc,WS207,2012-06-13 09:32:24.463,2259.0000,2324,0,0.0000,0.0000,0,0,多换,B,2252.0000,0.0000,0.0000,0.0000,0.0000,2265.0000,0.0000,0.0000,0.0000,0.0000,5,0,0,0,0,3,0,0,0,0
zc,WS207,2012-06-13 09:32:25.463,2259.0000,2324,0,0.0000,0.0000,0,0,多换,B,2252.0000,0.0000,0.0000,0.0000,0.0000,2265.0000,0.0000,0.0000,0.0000,0.0000,5,0,0,0,0,2,0,0,0,0
zc,WS207,2012-06-13 09:32:29.447,2259.0000,2324,0,0.0000,0.0000,0,0,多换,B,2253.0000,0.0000,0.0000,0.0000,0.0000,2265.0000,0.0000,0.0000,0.0000,0.0000,4,0,0,0,0,2,0,0,0,0
zc,WS207,2012-06-13 09:32:30.963,2259.0000,2324,0,0.0000,0.0000,0,0,多换,B,2253.0000,0.0000,0.0000,0.0000,0.0000,2265.0000,0.0000,0.0000,0.0000,0.0000,9,0,0,0,0,2,0,0,0,0
zc,WS207,2012-06-13 09:32:34.963,2259.0000,2324,0,0.0000,0.0000,0,0,多换,B,2253.0000,0.0000,0.0000,0.0000,0.0000,2264.0000,0.0000,0.0000,0.0000,0.0000,9,0,0,0,0,1,0,0,0,0
zc,WS207,2012-06-13 09:32:38.463,2259.0000,2324,0,0.0000,0.0000,0,0,多换,B,2254.0000,0.0000,0.0000,0.0000,0.0000,2264.0000,0.0000,0.0000,0.0000,0.0000,5,0,0,0,0,1,0,0,0,0
zc,WS207,2012-06-13 09:32:38.963,2259.0000,2324,0,0.0000,0.0000,0,0,多换,B,2253.0000,0.0000,0.0000,0.0000,0.0000,2264.0000,0.0000,0.0000,0.0000,0.0000,9,0,0,0,0,1,0,0,0,0
zc,WS207,2012-06-13 09:32:42.230,2259.0000,2324,0,0.0000,0.0000,0,0,多换,B,2254.0000,0.0000,0.0000,0.0000,0.0000,2265.0000,0.0000,0.0000,0.0000,0.0000,2,0,0,0,0,2,0,0,0,0
zc,WS207,2012-06-13 09:32:44.760,2259.0000,2324,0,0.0000,0.0000,0,0,多换,B,2253.0000,0.0000,0.0000,0.0000,0.0000,2265.0000,0.0000,0.0000,0.0000,0.0000,9,0,0,0,0,2,0,0,0,0
zc,WS207,2012-06-13 09:32:46.447,2259.0000,2324,0,0.0000,0.0000,0,0,多换,B,2254.0000,0.0000,0.0000,0.0000,0.0000,2265.0000,0.0000,0.0000,0.0000,0.0000,2,0,0,0,0,2,0,0,0,0
zc,WS207,2012-06-13 09:32:47.447,2259.0000,2324,0,0.0000,0.0000,0,0,多换,B,2253.0000,0.0000,0.0000,0.0000,0.0000,2265.0000,0.0000,0.0000,0.0000,0.0000,9,0,0,0,0,2,0,0,0,0
zc,WS207,2012-06-13 09:32:48.447,2259.0000,2324,0,0.0000,0.0000,0,0,多换,B,2254.0000,0.0000,0.0000,0.0000,0.0000,2265.0000,0.0000,0.0000,0.0000,0.0000,5,0,0,0,0,2,0,0,0,0
zc,WS207,2012-06-13 09:32:53.447,2259.0000,2324,0,0.0000,0.0000,0,0,多换,B,2255.0000,0.0000,0.0000,0.0000,0.0000,2265.0000,0.0000,0.0000,0.0000,0.0000,5,0,0,0,0,2,0,0,0,0
zc,WS207,2012-06-13 09:32:55.260,2259.0000,2324,0,0.0000,0.0000,0,0,多换,B,2254.0000,0.0000,0.0000,0.0000,0.0000,2265.0000,0.0000,0.0000,0.0000,0.0000,5,0,0,0,0,2,0,0,0,0
zc,WS207,2012-06-13 09:33:01.213,2259.0000,2324,0,0.0000,0.0000,0,0,多换,B,2255.0000,0.0000,0.0000,0.0000,0.0000,2265.0000,0.0000,0.0000,0.0000,0.0000,1,0,0,0,0,2,0,0,0,0
zc,WS207,2012-06-13 09:33:01.980,2259.0000,2324,0,0.0000,0.0000,0,0,多换,B,2255.0000,0.0000,0.0000,0.0000,0.0000,2265.0000,0.0000,0.0000,0.0000,0.0000,6,0,0,0,0,2,0,0,0,0
zc,WS207,2012-06-13 09:33:05.260,2259.0000,2324,0,0.0000,0.0000,0,0,多换,B,2255.0000,0.0000,0.0000,0.0000,0.0000,2265.0000,0.0000,0.0000,0.0000,0.0000,7,0,0,0,0,2,0,0,0,0
zc,WS207,2012-06-13 09:33:08.230,2259.0000,2324,0,0.0000,0.0000,0,0,多换,B,2255.0000,0.0000,0.0000,0.0000,0.0000,2265.0000,0.0000,0.0000,0.0000,0.0000,9,0,0,0,0,2,0,0,0,0
zc,WS207,2012-06-13 09:33:19.683,2259.0000,2324,0,0.0000,0.0000,0,0,多换,B,2255.0000,0.0000,0.0000,0.0000,0.0000,2265.0000,0.0000,0.0000,0.0000,0.0000,7,0,0,0,0,2,0,0,0,0
zc,WS207,2012-06-13 09:33:21.730,2259.0000,2324,0,0.0000,0.0000,0,0,多换,B,2255.0000,0.0000,0.0000,0.0000,0.0000,2265.0000,0.0000,0.0000,0.0000,0.0000,4,0,0,0,0,2,0,0,0,0
zc,WS207,2012-06-13 09:33:31.433,2259.0000,2324,0,0.0000,0.0000,0,0,多换,B,2255.0000,0.0000,0.0000,0.0000,0.0000,2265.0000,0.0000,0.0000,0.0000,0.0000,4,0,0,0,0,2,0,0,0,0
zc,WS207,2012-06-13 09:34:28.183,2259.0000,2324,0,0.0000,0.0000,0,0,多换,B,2255.0000,0.0000,0.0000,0.0000,0.0000,2264.0000,0.0000,0.0000,0.0000,0.0000,4,0,0,0,0,1,0,0,0,0
zc,WS207,2012-06-13 09:34:34.510,2259.0000,2324,0,0.0000,0.0000,0,0,多换,B,2255.0000,0.0000,0.0000,0.0000,0.0000,2265.0000,0.0000,0.0000,0.0000,0.0000,4,0,0,0,0,2,0,0,0,0
zc,WS207,2012-06-13 09:35:31.433,2259.0000,2324,0,0.0000,0.0000,0,0,多换,B,2255.0000,0.0000,0.0000,0.0000,0.0000,2265.0000,0.0000,0.0000,0.0000,0.0000,4,0,0,0,0,2,0,0,0,0
zc,WS207,2012-06-13 09:35:43.947,2259.0000,2324,0,0.0000,0.0000,0,0,多换,B,2255.0000,0.0000,0.0000,0.0000,0.0000,2265.0000,0.0000,0.0000,0.0000,0.0000,7,0,0,0,0,2,0,0,0,0
zc,WS207,2012-06-13 09:35:47.933,2259.0000,2324,0,0.0000,0.0000,0,0,多换,B,2255.0000,0.0000,0.0000,0.0000,0.0000,2264.0000,0.0000,0.0000,0.0000,0.0000,7,0,0,0,0,1,0,0,0,0
zc,WS207,2012-06-13 09:35:48.760,2259.0000,2324,0,0.0000,0.0000,0,0,多换,B,2255.0000,0.0000,0.0000,0.0000,0.0000,2264.0000,0.0000,0.0000,0.0000,0.0000,8,0,0,0,0,1,0,0,0,0
zc,WS207,2012-06-13 09:35:49.683,2259.0000,2324,0,0.0000,0.0000,0,0,多换,B,2255.0000,0.0000,0.0000,0.0000,0.0000,2264.0000,0.0000,0.0000,0.0000,0.0000,9,0,0,0,0,1,0,0,0,0
zc,WS207,2012-06-13 09:35:53.183,2259.0000,2324,0,0.0000,0.0000,0,0,多换,B,2255.0000,0.0000,0.0000,0.0000,0.0000,2264.0000,0.0000,0.0000,0.0000,0.0000,8,0,0,0,0,1,0,0,0,0
zc,WS207,2012-06-13 09:35:57.713,2259.0000,2324,0,0.0000,0.0000,0,0,多换,B,2255.0000,0.0000,0.0000,0.0000,0.0000,2264.0000,0.0000,0.0000,0.0000,0.0000,7,0,0,0,0,1,0,0,0,0
zc,WS207,2012-06-13 09:35:58.183,2259.0000,2324,0,0.0000,0.0000,0,0,多换,B,2255.0000,0.0000,0.0000,0.0000,0.0000,2264.0000,0.0000,0.0000,0.0000,0.0000,4,0,0,0,0,1,0,0,0,0
zc,WS207,2012-06-13 09:36:51.947,2259.0000,2324,0,0.0000,0.0000,0,0,多换,B,2255.0000,0.0000,0.0000,0.0000,0.0000,2263.0000,0.0000,0.0000,0.0000,0.0000,4,0,0,0,0,1,0,0,0,0
zc,WS207,2012-06-13 09:37:09.213,2259.0000,2324,0,0.0000,0.0000,0,0,多换,B,2251.0000,0.0000,0.0000,0.0000,0.0000,2264.0000,0.0000,0.0000,0.0000,0.0000,5,0,0,0,0,1,0,0,0,0
zc,WS207,2012-06-13 09:37:23.963,2259.0000,2324,0,0.0000,0.0000,0,0,多换,B,2252.0000,0.0000,0.0000,0.0000,0.0000,2264.0000,0.0000,0.0000,0.0000,0.0000,5,0,0,0,0,1,0,0,0,0
zc,WS207,2012-06-13 09:37:35.493,2259.0000,2324,0,0.0000,0.0000,0,0,多换,B,2253.0000,0.0000,0.0000,0.0000,0.0000,2264.0000,0.0000,0.0000,0.0000,0.0000,1,0,0,0,0,1,0,0,0,0
zc,WS207,2012-06-13 09:37:51.213,2259.0000,2324,0,0.0000,0.0000,0,0,多换,B,2253.0000,0.0000,0.0000,0.0000,0.0000,2264.0000,0.0000,0.0000,0.0000,0.0000,2,0,0,0,0,1,0,0,0,0
zc,WS207,2012-06-13 09:37:51.697,2259.0000,2324,0,0.0000,0.0000,0,0,多换,B,2253.0000,0.0000,0.0000,0.0000,0.0000,2264.0000,0.0000,0.0000,0.0000,0.0000,1,0,0,0,0,1,0,0,0,0
zc,WS207,2012-06-13 09:38:00.947,2259.0000,2324,0,0.0000,0.0000,0,0,多换,B,2253.0000,0.0000,0.0000,0.0000,0.0000,2264.0000,0.0000,0.0000,0.0000,0.0000,2,0,0,0,0,1,0,0,0,0
zc,WS207,2012-06-13 09:38:01.993,2259.0000,2324,0,0.0000,0.0000,0,0,多换,B,2253.0000,0.0000,0.0000,0.0000,0.0000,2264.0000,0.0000,0.0000,0.0000,0.0000,3,0,0,0,0,1,0,0,0,0
zc,WS207,2012-06-13 09:38:03.010,2259.0000,2324,0,0.0000,0.0000,0,0,多换,B,2253.0000,0.0000,0.0000,0.0000,0.0000,2264.0000,0.0000,0.0000,0.0000,0.0000,2,0,0,0,0,1,0,0,0,0
zc,WS207,2012-06-13 09:38:06.557,2259.0000,2324,0,0.0000,0.0000,0,0,多换,B,2253.0000,0.0000,0.0000,0.0000,0.0000,2264.0000,0.0000,0.0000,0.0000,0.0000,3,0,0,0,0,1,0,0,0,0
zc,WS207,2012-06-13 09:38:07.040,2259.0000,2324,0,0.0000,0.0000,0,0,多换,B,2253.0000,0.0000,0.0000,0.0000,0.0000,2264.0000,0.0000,0.0000,0.0000,0.0000,1,0,0,0,0,1,0,0,0,0
zc,WS207,2012-06-13 09:38:35.933,2259.0000,2324,0,0.0000,0.0000,0,0,多换,B,2253.0000,0.0000,0.0000,0.0000,0.0000,2263.0000,0.0000,0.0000,0.0000,0.0000,1,0,0,0,0,1,0,0,0,0
zc,WS207,2012-06-13 09:38:48.777,2259.0000,2324,0,0.0000,0.0000,0,0,多换,B,2253.0000,0.0000,0.0000,0.0000,0.0000,2262.0000,0.0000,0.0000,0.0000,0.0000,1,0,0,0,0,1,0,0,0,0
zc,WS207,2012-06-13 09:39:21.183,2259.0000,2324,0,0.0000,0.0000,0,0,多换,B,2253.0000,0.0000,0.0000,0.0000,0.0000,2263.0000,0.0000,0.0000,0.0000,0.0000,1,0,0,0,0,1,0,0,0,0
zc,WS207,2012-06-13 09:39:55.933,2259.0000,2324,0,0.0000,0.0000,0,0,多换,B,2253.0000,0.0000,0.0000,0.0000,0.0000,2260.0000,0.0000,0.0000,0.0000,0.0000,1,0,0,0,0,3,0,0,0,0
zc,WS207,2012-06-13 09:40:31.433,2259.0000,2324,0,0.0000,0.0000,0,0,多换,B,2253.0000,0.0000,0.0000,0.0000,0.0000,2260.0000,0.0000,0.0000,0.0000,0.0000,1,0,0,0,0,3,0,0,0,0
zc,WS207,2012-06-13 09:40:43.447,2259.0000,2324,0,0.0000,0.0000,0,0,多换,B,2253.0000,0.0000,0.0000,0.0000,0.0000,2260.0000,0.0000,0.0000,0.0000,0.0000,6,0,0,0,0,3,0,0,0,0
zc,WS207,2012-06-13 09:40:54.197,2259.0000,2324,0,0.0000,0.0000,0,0,多换,B,2253.0000,0.0000,0.0000,0.0000,0.0000,2260.0000,0.0000,0.0000,0.0000,0.0000,1,0,0,0,0,3,0,0,0,0
zc,WS207,2012-06-13 09:42:31.433,2259.0000,2324,0,0.0000,0.0000,0,0,多换,B,2253.0000,0.0000,0.0000,0.0000,0.0000,2260.0000,0.0000,0.0000,0.0000,0.0000,1,0,0,0,0,3,0,0,0,0
zc,WS207,2012-06-13 09:43:31.417,2259.0000,2324,0,0.0000,0.0000,0,0,多换,B,2253.0000,0.0000,0.0000,0.0000,0.0000,2260.0000,0.0000,0.0000,0.0000,0.0000,1,0,0,0,0,3,0,0,0,0
zc,WS207,2012-06-13 09:44:09.213,2259.0000,2324,0,0.0000,0.0000,0,0,多换,B,2253.0000,0.0000,0.0000,0.0000,0.0000,2259.0000,0.0000,0.0000,0.0000,0.0000,1,0,0,0,0,1,0,0,0,0
zc,WS207,2012-06-13 09:44:14.447,2259.0000,2324,0,0.0000,0.0000,0,0,多换,B,2253.0000,0.0000,0.0000,0.0000,0.0000,2260.0000,0.0000,0.0000,0.0000,0.0000,1,0,0,0,0,3,0,0,0,0
zc,WS207,2012-06-13 09:44:37.947,2259.0000,2324,0,0.0000,0.0000,0,0,多换,B,2253.0000,0.0000,0.0000,0.0000,0.0000,2259.0000,0.0000,0.0000,0.0000,0.0000,1,0,0,0,0,1,0,0,0,0
zc,WS207,2012-06-13 09:45:21.683,2259.0000,2324,0,0.0000,0.0000,0,0,多换,B,2253.0000,0.0000,0.0000,0.0000,0.0000,2260.0000,0.0000,0.0000,0.0000,0.0000,1,0,0,0,0,3,0,0,0,0
zc,WS207,2012-06-13 09:45:31.417,2259.0000,2324,0,0.0000,0.0000,0,0,多换,B,2253.0000,0.0000,0.0000,0.0000,0.0000,2260.0000,0.0000,0.0000,0.0000,0.0000,1,0,0,0,0,3,0,0,0,0
zc,WS207,2012-06-13 09:47:12.947,2260.0000,2318,-6,0.0000,6.0000,0,6,双平,B,2253.0000,0.0000,0.0000,0.0000,0.0000,2263.0000,0.0000,0.0000,0.0000,0.0000,1,0,0,0,0,1,0,0,0,0
zc,WS207,2012-06-13 09:47:31.433,2260.0000,2318,0,0.0000,0.0000,0,0,多换,B,2253.0000,0.0000,0.0000,0.0000,0.0000,2263.0000,0.0000,0.0000,0.0000,0.0000,1,0,0,0,0,1,0,0,0,0
zc,WS207,2012-06-13 09:47:32.213,2260.0000,2318,0,0.0000,0.0000,0,0,多换,B,2253.0000,0.0000,0.0000,0.0000,0.0000,2262.0000,0.0000,0.0000,0.0000,0.0000,1,0,0,0,0,1,0,0,0,0
zc,WS207,2012-06-13 09:47:59.697,2260.0000,2318,0,0.0000,0.0000,0,0,多换,B,2253.0000,0.0000,0.0000,0.0000,0.0000,2263.0000,0.0000,0.0000,0.0000,0.0000,1,0,0,0,0,1,0,0,0,0
zc,WS207,2012-06-13 09:48:09.447,2260.0000,2318,0,0.0000,0.0000,0,0,多换,B,2253.0000,0.0000,0.0000,0.0000,0.0000,2260.0000,0.0000,0.0000,0.0000,0.0000,1,0,0,0,0,1,0,0,0,0
zc,WS207,2012-06-13 09:48:33.900,2260.0000,2318,0,0.0000,0.0000,0,0,多换,B,2253.0000,0.0000,0.0000,0.0000,0.0000,2263.0000,0.0000,0.0000,0.0000,0.0000,1,0,0,0,0,1,0,0,0,0
zc,WS207,2012-06-13 09:48:49.230,2260.0000,2318,0,0.0000,0.0000,0,0,多换,B,2253.0000,0.0000,0.0000,0.0000,0.0000,2263.0000,0.0000,0.0000,0.0000,0.0000,1,0,0,0,0,2,0,0,0,0
zc,WS207,2012-06-13 09:49:12.697,2260.0000,2318,0,0.0000,0.0000,0,0,多换,B,2253.0000,0.0000,0.0000,0.0000,0.0000,2263.0000,0.0000,0.0000,0.0000,0.0000,1,0,0,0,0,1,0,0,0,0
zc,WS207,2012-06-13 09:49:42.417,2260.0000,2318,0,0.0000,0.0000,0,0,多换,B,2249.0000,0.0000,0.0000,0.0000,0.0000,2263.0000,0.0000,0.0000,0.0000,0.0000,5,0,0,0,0,1,0,0,0,0
zc,WS207,2012-06-13 09:49:44.667,2260.0000,2318,0,0.0000,0.0000,0,0,多换,B,2249.0000,0.0000,0.0000,0.0000,0.0000,2262.0000,0.0000,0.0000,0.0000,0.0000,5,0,0,0,0,1,0,0,0,0
zc,WS207,2012-06-13 09:49:56.933,2260.0000,2318,0,0.0000,0.0000,0,0,多换,B,2249.0000,0.0000,0.0000,0.0000,0.0000,2262.0000,0.0000,0.0000,0.0000,0.0000,2,0,0,0,0,1,0,0,0,0
zc,WS207,2012-06-13 09:49:59.917,2260.0000,2318,0,0.0000,0.0000,0,0,多换,B,2248.0000,0.0000,0.0000,0.0000,0.0000,2262.0000,0.0000,0.0000,0.0000,0.0000,5,0,0,0,0,1,0,0,0,0
zc,WS207,2012-06-13 09:50:06.167,2260.0000,2318,0,0.0000,0.0000,0,0,多换,B,2249.0000,0.0000,0.0000,0.0000,0.0000,2262.0000,0.0000,0.0000,0.0000,0.0000,5,0,0,0,0,1,0,0,0,0
zc,WS207,2012-06-13 09:50:11.417,2260.0000,2318,0,0.0000,0.0000,0,0,多换,B,2248.0000,0.0000,0.0000,0.0000,0.0000,2262.0000,0.0000,0.0000,0.0000,0.0000,5,0,0,0,0,1,0,0,0,0
zc,WS207,2012-06-13 09:50:14.917,2260.0000,2318,0,0.0000,0.0000,0,0,多换,B,2249.0000,0.0000,0.0000,0.0000,0.0000,2262.0000,0.0000,0.0000,0.0000,0.0000,5,0,0,0,0,1,0,0,0,0
zc,WS207,2012-06-13 09:50:18.667,2260.0000,2318,0,0.0000,0.0000,0,0,多换,B,2248.0000,0.0000,0.0000,0.0000,0.0000,2262.0000,0.0000,0.0000,0.0000,0.0000,5,0,0,0,0,1,0,0,0,0
zc,WS207,2012-06-13 09:50:19.417,2260.0000,2318,0,0.0000,0.0000,0,0,多换,B,2249.0000,0.0000,0.0000,0.0000,0.0000,2262.0000,0.0000,0.0000,0.0000,0.0000,1,0,0,0,0,1,0,0,0,0
zc,WS207,2012-06-13 09:50:21.667,2260.0000,2318,0,0.0000,0.0000,0,0,多换,B,2249.0000,0.0000,0.0000,0.0000,0.0000,2263.0000,0.0000,0.0000,0.0000,0.0000,1,0,0,0,0,1,0,0,0,0
zc,WS207,2012-06-13 09:50:24.447,2260.0000,2318,0,0.0000,0.0000,0,0,多换,B,2249.0000,0.0000,0.0000,0.0000,0.0000,2263.0000,0.0000,0.0000,0.0000,0.0000,5,0,0,0,0,1,0,0,0,0
zc,WS207,2012-06-13 09:50:44.713,2260.0000,2318,0,0.0000,0.0000,0,0,多换,B,2249.0000,0.0000,0.0000,0.0000,0.0000,2263.0000,0.0000,0.0000,0.0000,0.0000,5,0,0,0,0,3,0,0,0,0
zc,WS207,2012-06-13 09:50:51.150,2260.0000,2318,0,0.0000,0.0000,0,0,多换,B,2249.0000,0.0000,0.0000,0.0000,0.0000,2262.0000,0.0000,0.0000,0.0000,0.0000,5,0,0,0,0,1,0,0,0,0
zc,WS207,2012-06-13 09:50:54.667,2260.0000,2318,0,0.0000,0.0000,0,0,多换,B,2249.0000,0.0000,0.0000,0.0000,0.0000,2263.0000,0.0000,0.0000,0.0000,0.0000,5,0,0,0,0,3,0,0,0,0
zc,WS207,2012-06-13 09:50:56.167,2260.0000,2318,0,0.0000,0.0000,0,0,多换,B,2249.0000,0.0000,0.0000,0.0000,0.0000,2260.0000,0.0000,0.0000,0.0000,0.0000,5,0,0,0,0,5,0,0,0,0
zc,WS207,2012-06-13 09:51:06.183,2260.0000,2318,0,0.0000,0.0000,0,0,多换,B,2250.0000,0.0000,0.0000,0.0000,0.0000,2260.0000,0.0000,0.0000,0.0000,0.0000,3,0,0,0,0,5,0,0,0,0
zc,WS207,2012-06-13 09:51:06.683,2260.0000,2318,0,0.0000,0.0000,0,0,多换,B,2250.0000,0.0000,0.0000,0.0000,0.0000,2259.0000,0.0000,0.0000,0.0000,0.0000,3,0,0,0,0,1,0,0,0,0
zc,WS207,2012-06-13 09:51:24.167,2260.0000,2318,0,0.0000,0.0000,0,0,多换,B,2250.0000,0.0000,0.0000,0.0000,0.0000,2260.0000,0.0000,0.0000,0.0000,0.0000,3,0,0,0,0,5,0,0,0,0
zc,WS207,2012-06-13 09:51:31.417,2260.0000,2318,0,0.0000,0.0000,0,0,多换,B,2250.0000,0.0000,0.0000,0.0000,0.0000,2260.0000,0.0000,0.0000,0.0000,0.0000,3,0,0,0,0,5,0,0,0,0
zc,WS207,2012-06-13 09:51:52.447,2260.0000,2318,0,0.0000,0.0000,0,0,多换,B,2250.0000,0.0000,0.0000,0.0000,0.0000,2259.0000,0.0000,0.0000,0.0000,0.0000,3,0,0,0,0,1,0,0,0,0
zc,WS207,2012-06-13 09:52:23.667,2260.0000,2318,0,0.0000,0.0000,0,0,多换,B,2247.0000,0.0000,0.0000,0.0000,0.0000,2259.0000,0.0000,0.0000,0.0000,0.0000,1,0,0,0,0,1,0,0,0,0
zc,WS207,2012-06-13 09:52:28.417,2260.0000,2318,0,0.0000,0.0000,0,0,多换,B,2246.0000,0.0000,0.0000,0.0000,0.0000,2259.0000,0.0000,0.0000,0.0000,0.0000,5,0,0,0,0,1,0,0,0,0
zc,WS207,2012-06-13 09:52:30.167,2260.0000,2318,0,0.0000,0.0000,0,0,多换,B,2247.0000,0.0000,0.0000,0.0000,0.0000,2259.0000,0.0000,0.0000,0.0000,0.0000,2,0,0,0,0,1,0,0,0,0
zc,WS207,2012-06-13 09:52:31.917,2260.0000,2318,0,0.0000,0.0000,0,0,多换,B,2247.0000,0.0000,0.0000,0.0000,0.0000,2259.0000,0.0000,0.0000,0.0000,0.0000,5,0,0,0,0,1,0,0,0,0
zc,WS207,2012-06-13 09:52:53.167,2260.0000,2318,0,0.0000,0.0000,0,0,多换,B,2247.0000,0.0000,0.0000,0.0000,0.0000,2259.0000,0.0000,0.0000,0.0000,0.0000,4,0,0,0,0,1,0,0,0,0
zc,WS207,2012-06-13 09:52:54.447,2260.0000,2318,0,0.0000,0.0000,0,0,多换,B,2247.0000,0.0000,0.0000,0.0000,0.0000,2259.0000,0.0000,0.0000,0.0000,0.0000,2,0,0,0,0,1,0,0,0,0
zc,WS207,2012-06-13 09:52:57.963,2260.0000,2318,0,0.0000,0.0000,0,0,多换,B,2247.0000,0.0000,0.0000,0.0000,0.0000,2259.0000,0.0000,0.0000,0.0000,0.0000,5,0,0,0,0,1,0,0,0,0
zc,WS207,2012-06-13 09:53:10.417,2260.0000,2318,0,0.0000,0.0000,0,0,多换,B,2247.0000,0.0000,0.0000,0.0000,0.0000,2259.0000,0.0000,0.0000,0.0000,0.0000,4,0,0,0,0,1,0,0,0,0
zc,WS207,2012-06-13 09:53:15.183,2260.0000,2318,0,0.0000,0.0000,0,0,多换,B,2246.0000,0.0000,0.0000,0.0000,0.0000,2259.0000,0.0000,0.0000,0.0000,0.0000,5,0,0,0,0,1,0,0,0,0
zc,WS207,2012-06-13 09:53:31.400,2260.0000,2318,0,0.0000,0.0000,0,0,多换,B,2246.0000,0.0000,0.0000,0.0000,0.0000,2259.0000,0.0000,0.0000,0.0000,0.0000,5,0,0,0,0,1,0,0,0,0
zc,WS207,2012-06-13 09:53:45.963,2260.0000,2318,0,0.0000,0.0000,0,0,多换,B,2247.0000,0.0000,0.0000,0.0000,0.0000,2259.0000,0.0000,0.0000,0.0000,0.0000,5,0,0,0,0,1,0,0,0,0
zc,WS207,2012-06-13 09:53:57.230,2260.0000,2318,0,0.0000,0.0000,0,0,多换,B,2247.0000,0.0000,0.0000,0.0000,0.0000,2259.0000,0.0000,0.0000,0.0000,0.0000,2,0,0,0,0,1,0,0,0,0
zc,WS207,2012-06-13 09:53:59.917,2260.0000,2318,0,0.0000,0.0000,0,0,多换,B,2247.0000,0.0000,0.0000,0.0000,0.0000,2259.0000,0.0000,0.0000,0.0000,0.0000,4,0,0,0,0,1,0,0,0,0
zc,WS207,2012-06-13 09:54:01.167,2260.0000,2318,0,0.0000,0.0000,0,0,多换,B,2247.0000,0.0000,0.0000,0.0000,0.0000,2259.0000,0.0000,0.0000,0.0000,0.0000,5,0,0,0,0,1,0,0,0,0
zc,WS207,2012-06-13 09:54:16.947,2260.0000,2318,0,0.0000,0.0000,0,0,多换,B,2247.0000,0.0000,0.0000,0.0000,0.0000,2260.0000,0.0000,0.0000,0.0000,0.0000,5,0,0,0,0,8,0,0,0,0
zc,WS207,2012-06-13 09:54:18.433,2260.0000,2318,0,0.0000,0.0000,0,0,多换,B,2246.0000,0.0000,0.0000,0.0000,0.0000,2260.0000,0.0000,0.0000,0.0000,0.0000,5,0,0,0,0,8,0,0,0,0
zc,WS207,2012-06-13 09:54:29.230,2260.0000,2318,0,0.0000,0.0000,0,0,多换,B,2247.0000,0.0000,0.0000,0.0000,0.0000,2260.0000,0.0000,0.0000,0.0000,0.0000,2,0,0,0,0,8,0,0,0,0
zc,WS207,2012-06-13 09:54:29.667,2260.0000,2318,0,0.0000,0.0000,0,0,多换,B,2246.0000,0.0000,0.0000,0.0000,0.0000,2260.0000,0.0000,0.0000,0.0000,0.0000,5,0,0,0,0,8,0,0,0,0
zc,WS207,2012-06-13 09:54:30.463,2260.0000,2318,0,0.0000,0.0000,0,0,多换,B,2246.0000,0.0000,0.0000,0.0000,0.0000,2259.0000,0.0000,0.0000,0.0000,0.0000,5,0,0,0,0,1,0,0,0,0
zc,WS207,2012-06-13 09:54:31.417,2260.0000,2318,0,0.0000,0.0000,0,0,多换,B,2246.0000,0.0000,0.0000,0.0000,0.0000,2259.0000,0.0000,0.0000,0.0000,0.0000,5,0,0,0,0,1,0,0,0,0
zc,WS207,2012-06-13 09:54:32.183,2260.0000,2318,0,0.0000,0.0000,0,0,多换,B,2247.0000,0.0000,0.0000,0.0000,0.0000,2259.0000,0.0000,0.0000,0.0000,0.0000,2,0,0,0,0,1,0,0,0,0
zc,WS207,2012-06-13 09:54:32.667,2260.0000,2318,0,0.0000,0.0000,0,0,多换,B,2247.0000,0.0000,0.0000,0.0000,0.0000,2259.0000,0.0000,0.0000,0.0000,0.0000,5,0,0,0,0,1,0,0,0,0
zc,WS207,2012-06-13 09:54:46.243,2260.0000,2318,0,0.0000,0.0000,0,0,多换,B,2247.0000,0.0000,0.0000,0.0000,0.0000,2260.0000,0.0000,0.0000,0.0000,0.0000,5,0,0,0,0,8,0,0,0,0
zc,WS207,2012-06-13 09:56:31.400,2260.0000,2318,0,0.0000,0.0000,0,0,多换,B,2247.0000,0.0000,0.0000,0.0000,0.0000,2260.0000,0.0000,0.0000,0.0000,0.0000,5,0,0,0,0,8,0,0,0,0
zc,WS207,2012-06-13 09:58:12.417,2260.0000,2318,0,0.0000,0.0000,0,0,多换,B,2248.0000,0.0000,0.0000,0.0000,0.0000,2260.0000,0.0000,0.0000,0.0000,0.0000,3,0,0,0,0,8,0,0,0,0
zc,WS207,2012-06-13 09:58:15.183,2260.0000,2318,0,0.0000,0.0000,0,0,多换,B,2248.0000,0.0000,0.0000,0.0000,0.0000,2260.0000,0.0000,0.0000,0.0000,0.0000,5,0,0,0,0,8,0,0,0,0
zc,WS207,2012-06-13 09:58:27.417,2260.0000,2318,0,0.0000,0.0000,0,0,多换,B,2248.0000,0.0000,0.0000,0.0000,0.0000,2260.0000,0.0000,0.0000,0.0000,0.0000,6,0,0,0,0,8,0,0,0,0
zc,WS207,2012-06-13 09:58:30.447,2260.0000,2318,0,0.0000,0.0000,0,0,多换,B,2248.0000,0.0000,0.0000,0.0000,0.0000,2260.0000,0.0000,0.0000,0.0000,0.0000,7,0,0,0,0,8,0,0,0,0
zc,WS207,2012-06-13 09:58:34.433,2260.0000,2318,0,0.0000,0.0000,0,0,多换,B,2248.0000,0.0000,0.0000,0.0000,0.0000,2260.0000,0.0000,0.0000,0.0000,0.0000,9,0,0,0,0,8,0,0,0,0
zc,WS207,2012-06-13 09:58:36.917,2260.0000,2318,0,0.0000,0.0000,0,0,多换,B,2248.0000,0.0000,0.0000,0.0000,0.0000,2260.0000,0.0000,0.0000,0.0000,0.0000,10,0,0,0,0,8,0,0,0,0
zc,WS207,2012-06-13 09:59:44.713,2260.0000,2318,0,0.0000,0.0000,0,0,多换,B,2248.0000,0.0000,0.0000,0.0000,0.0000,2260.0000,0.0000,0.0000,0.0000,0.0000,10,0,0,0,0,5,0,0,0,0
zc,WS207,2012-06-13 09:59:47.980,2260.0000,2318,0,0.0000,0.0000,0,0,多换,B,2248.0000,0.0000,0.0000,0.0000,0.0000,2260.0000,0.0000,0.0000,0.0000,0.0000,9,0,0,0,0,5,0,0,0,0
zc,WS207,2012-06-13 09:59:51.947,2260.0000,2318,0,0.0000,0.0000,0,0,多换,B,2248.0000,0.0000,0.0000,0.0000,0.0000,2260.0000,0.0000,0.0000,0.0000,0.0000,8,0,0,0,0,5,0,0,0,0
zc,WS207,2012-06-13 09:59:53.697,2260.0000,2318,0,0.0000,0.0000,0,0,多换,B,2248.0000,0.0000,0.0000,0.0000,0.0000,2260.0000,0.0000,0.0000,0.0000,0.0000,6,0,0,0,0,5,0,0,0,0
zc,WS207,2012-06-13 09:59:59.213,2260.0000,2318,0,0.0000,0.0000,0,0,多换,B,2248.0000,0.0000,0.0000,0.0000,0.0000,2260.0000,0.0000,0.0000,0.0000,0.0000,5,0,0,0,0,5,0,0,0,0
zc,WS207,2012-06-13 10:00:39.167,2260.0000,2318,0,0.0000,0.0000,0,0,多换,B,2248.0000,0.0000,0.0000,0.0000,0.0000,2260.0000,0.0000,0.0000,0.0000,0.0000,6,0,0,0,0,5,0,0,0,0
zc,WS207,2012-06-13 10:00:51.417,2260.0000,2318,0,0.0000,0.0000,0,0,多换,B,2248.0000,0.0000,0.0000,0.0000,0.0000,2260.0000,0.0000,0.0000,0.0000,0.0000,5,0,0,0,0,5,0,0,0,0
zc,WS207,2012-06-13 10:01:25.197,2260.0000,2318,0,0.0000,0.0000,0,0,多换,B,2248.0000,0.0000,0.0000,0.0000,0.0000,2260.0000,0.0000,0.0000,0.0000,0.0000,6,0,0,0,0,5,0,0,0,0
zc,WS207,2012-06-13 10:01:26.183,2260.0000,2318,0,0.0000,0.0000,0,0,多换,B,2248.0000,0.0000,0.0000,0.0000,0.0000,2260.0000,0.0000,0.0000,0.0000,0.0000,5,0,0,0,0,5,0,0,0,0
zc,WS207,2012-06-13 10:01:38.197,2260.0000,2318,0,0.0000,0.0000,0,0,多换,B,2248.0000,0.0000,0.0000,0.0000,0.0000,2260.0000,0.0000,0.0000,0.0000,0.0000,6,0,0,0,0,5,0,0,0,0
zc,WS207,2012-06-13 10:01:51.197,2260.0000,2318,0,0.0000,0.0000,0,0,多换,B,2248.0000,0.0000,0.0000,0.0000,0.0000,2260.0000,0.0000,0.0000,0.0000,0.0000,7,0,0,0,0,5,0,0,0,0
zc,WS207,2012-06-13 10:02:05.150,2260.0000,2318,0,0.0000,0.0000,0,0,多换,B,2248.0000,0.0000,0.0000,0.0000,0.0000,2260.0000,0.0000,0.0000,0.0000,0.0000,8,0,0,0,0,5,0,0,0,0
zc,WS207,2012-06-13 10:02:10.167,2260.0000,2318,0,0.0000,0.0000,0,0,多换,B,2248.0000,0.0000,0.0000,0.0000,0.0000,2260.0000,0.0000,0.0000,0.0000,0.0000,9,0,0,0,0,5,0,0,0,0
zc,WS207,2012-06-13 10:02:11.137,2260.0000,2318,0,0.0000,0.0000,0,0,多换,B,2248.0000,0.0000,0.0000,0.0000,0.0000,2260.0000,0.0000,0.0000,0.0000,0.0000,10,0,0,0,0,5,0,0,0,0
zc,WS207,2012-06-13 10:02:40.150,2260.0000,2318,0,0.0000,0.0000,0,0,多换,B,2249.0000,0.0000,0.0000,0.0000,0.0000,2260.0000,0.0000,0.0000,0.0000,0.0000,5,0,0,0,0,5,0,0,0,0
zc,WS207,2012-06-13 10:02:54.167,2260.0000,2318,0,0.0000,0.0000,0,0,多换,B,2250.0000,0.0000,0.0000,0.0000,0.0000,2260.0000,0.0000,0.0000,0.0000,0.0000,5,0,0,0,0,5,0,0,0,0
zc,WS207,2012-06-13 10:03:18.667,2260.0000,2318,0,0.0000,0.0000,0,0,多换,B,2249.0000,0.0000,0.0000,0.0000,0.0000,2260.0000,0.0000,0.0000,0.0000,0.0000,5,0,0,0,0,5,0,0,0,0
zc,WS207,2012-06-13 10:04:55.150,2260.0000,2318,0,0.0000,0.0000,0,0,多换,B,2248.0000,0.0000,0.0000,0.0000,0.0000,2260.0000,0.0000,0.0000,0.0000,0.0000,10,0,0,0,0,5,0,0,0,0
zc,WS207,2012-06-13 10:05:03.150,2260.0000,2318,0,0.0000,0.0000,0,0,多换,B,2248.0000,0.0000,0.0000,0.0000,0.0000,2260.0000,0.0000,0.0000,0.0000,0.0000,10,0,0,0,0,6,0,0,0,0
zc,WS207,2012-06-13 10:05:31.400,2260.0000,2318,0,0.0000,0.0000,0,0,多换,B,2248.0000,0.0000,0.0000,0.0000,0.0000,2260.0000,0.0000,0.0000,0.0000,0.0000,10,0,0,0,0,6,0,0,0,0
zc,WS207,2012-06-13 10:05:33.713,2260.0000,2318,0,0.0000,0.0000,0,0,多换,B,2248.0000,0.0000,0.0000,0.0000,0.0000,2260.0000,0.0000,0.0000,0.0000,0.0000,10,0,0,0,0,5,0,0,0,0
zc,WS207,2012-06-13 10:05:39.683,2260.0000,2318,0,0.0000,0.0000,0,0,多换,B,2248.0000,0.0000,0.0000,0.0000,0.0000,2259.0000,0.0000,0.0000,0.0000,0.0000,10,0,0,0,0,1,0,0,0,0
zc,WS207,2012-06-13 10:05:44.697,2260.0000,2318,0,0.0000,0.0000,0,0,多换,B,2248.0000,0.0000,0.0000,0.0000,0.0000,2259.0000,0.0000,0.0000,0.0000,0.0000,8,0,0,0,0,1,0,0,0,0
zc,WS207,2012-06-13 10:05:52.150,2260.0000,2318,0,0.0000,0.0000,0,0,多换,B,2248.0000,0.0000,0.0000,0.0000,0.0000,2259.0000,0.0000,0.0000,0.0000,0.0000,10,0,0,0,0,1,0,0,0,0
zc,WS207,2012-06-13 10:06:03.167,2260.0000,2318,0,0.0000,0.0000,0,0,多换,B,2248.0000,0.0000,0.0000,0.0000,0.0000,2259.0000,0.0000,0.0000,0.0000,0.0000,5,0,0,0,0,1,0,0,0,0
zc,WS207,2012-06-13 10:06:07.697,2260.0000,2318,0,0.0000,0.0000,0,0,多换,B,2248.0000,0.0000,0.0000,0.0000,0.0000,2259.0000,0.0000,0.0000,0.0000,0.0000,6,0,0,0,0,1,0,0,0,0
zc,WS207,2012-06-13 10:06:11.667,2260.0000,2318,0,0.0000,0.0000,0,0,多换,B,2248.0000,0.0000,0.0000,0.0000,0.0000,2259.0000,0.0000,0.0000,0.0000,0.0000,7,0,0,0,0,1,0,0,0,0
zc,WS207,2012-06-13 10:06:16.400,2260.0000,2318,0,0.0000,0.0000,0,0,多换,B,2248.0000,0.0000,0.0000,0.0000,0.0000,2259.0000,0.0000,0.0000,0.0000,0.0000,6,0,0,0,0,1,0,0,0,0
zc,WS207,2012-06-13 10:06:27.183,2260.0000,2318,0,0.0000,0.0000,0,0,多换,B,2248.0000,0.0000,0.0000,0.0000,0.0000,2259.0000,0.0000,0.0000,0.0000,0.0000,10,0,0,0,0,1,0,0,0,0
zc,WS207,2012-06-13 10:06:30.167,2260.0000,2318,0,0.0000,0.0000,0,0,多换,B,2248.0000,0.0000,0.0000,0.0000,0.0000,2260.0000,0.0000,0.0000,0.0000,0.0000,10,0,0,0,0,5,0,0,0,0
zc,WS207,2012-06-13 10:06:33.447,2260.0000,2318,0,0.0000,0.0000,0,0,多换,B,2248.0000,0.0000,0.0000,0.0000,0.0000,2258.0000,0.0000,0.0000,0.0000,0.0000,10,0,0,0,0,1,0,0,0,0
zc,WS207,2012-06-13 10:06:35.900,2260.0000,2318,0,0.0000,0.0000,0,0,多换,B,2248.0000,0.0000,0.0000,0.0000,0.0000,2260.0000,0.0000,0.0000,0.0000,0.0000,10,0,0,0,0,5,0,0,0,0
zc,WS207,2012-06-13 10:06:43.933,2260.0000,2318,0,0.0000,0.0000,0,0,多换,B,2248.0000,0.0000,0.0000,0.0000,0.0000,2259.0000,0.0000,0.0000,0.0000,0.0000,10,0,0,0,0,1,0,0,0,0
zc,WS207,2012-06-13 10:07:26.400,2260.0000,2318,0,0.0000,0.0000,0,0,多换,B,2248.0000,0.0000,0.0000,0.0000,0.0000,2260.0000,0.0000,0.0000,0.0000,0.0000,10,0,0,0,0,5,0,0,0,0
zc,WS207,2012-06-13 10:07:56.650,2260.0000,2318,0,0.0000,0.0000,0,0,多换,B,2249.0000,0.0000,0.0000,0.0000,0.0000,2260.0000,0.0000,0.0000,0.0000,0.0000,1,0,0,0,0,5,0,0,0,0
zc,WS207,2012-06-13 10:08:10.400,2260.0000,2318,0,0.0000,0.0000,0,0,多换,B,2248.0000,0.0000,0.0000,0.0000,0.0000,2260.0000,0.0000,0.0000,0.0000,0.0000,10,0,0,0,0,5,0,0,0,0
zc,WS207,2012-06-13 10:08:29.167,2260.0000,2318,0,0.0000,0.0000,0,0,多换,B,2248.0000,0.0000,0.0000,0.0000,0.0000,2260.0000,0.0000,0.0000,0.0000,0.0000,10,0,0,0,0,7,0,0,0,0
zc,WS207,2012-06-13 10:08:32.933,2260.0000,2318,0,0.0000,0.0000,0,0,多换,B,2248.0000,0.0000,0.0000,0.0000,0.0000,2260.0000,0.0000,0.0000,0.0000,0.0000,5,0,0,0,0,7,0,0,0,0
zc,WS207,2012-06-13 10:09:27.683,2260.0000,2318,0,0.0000,0.0000,0,0,多换,B,2248.0000,0.0000,0.0000,0.0000,0.0000,2257.0000,0.0000,0.0000,0.0000,0.0000,5,0,0,0,0,1,0,0,0,0
zc,WS207,2012-06-13 10:09:54.183,2260.0000,2318,0,0.0000,0.0000,0,0,多换,B,2248.0000,0.0000,0.0000,0.0000,0.0000,2260.0000,0.0000,0.0000,0.0000,0.0000,5,0,0,0,0,7,0,0,0,0
zc,WS207,2012-06-13 10:09:55.417,2260.0000,2318,0,0.0000,0.0000,0,0,多换,B,2248.0000,0.0000,0.0000,0.0000,0.0000,2256.0000,0.0000,0.0000,0.0000,0.0000,5,0,0,0,0,1,0,0,0,0
zc,WS207,2012-06-13 10:10:00.650,2260.0000,2318,0,0.0000,0.0000,0,0,多换,B,2248.0000,0.0000,0.0000,0.0000,0.0000,2256.0000,0.0000,0.0000,0.0000,0.0000,3,0,0,0,0,1,0,0,0,0
zc,WS207,2012-06-13 10:10:01.167,2260.0000,2318,0,0.0000,0.0000,0,0,多换,B,2244.0000,0.0000,0.0000,0.0000,0.0000,2256.0000,0.0000,0.0000,0.0000,0.0000,10,0,0,0,0,1,0,0,0,0
zc,WS207,2012-06-13 10:10:20.197,2260.0000,2318,0,0.0000,0.0000,0,0,多换,B,2244.0000,0.0000,0.0000,0.0000,0.0000,2256.0000,0.0000,0.0000,0.0000,0.0000,15,0,0,0,0,1,0,0,0,0
zc,WS207,2012-06-13 10:10:21.183,2260.0000,2318,0,0.0000,0.0000,0,0,多换,B,2245.0000,0.0000,0.0000,0.0000,0.0000,2256.0000,0.0000,0.0000,0.0000,0.0000,3,0,0,0,0,1,0,0,0,0
zc,WS207,2012-06-13 10:10:31.400,2260.0000,2318,0,0.0000,0.0000,0,0,多换,B,2245.0000,0.0000,0.0000,0.0000,0.0000,2256.0000,0.0000,0.0000,0.0000,0.0000,3,0,0,0,0,1,0,0,0,0
zc,WS207,2012-06-13 10:10:34.137,2260.0000,2318,0,0.0000,0.0000,0,0,多换,B,2245.0000,0.0000,0.0000,0.0000,0.0000,2260.0000,0.0000,0.0000,0.0000,0.0000,3,0,0,0,0,7,0,0,0,0
zc,WS207,2012-06-13 10:10:36.197,2260.0000,2318,0,0.0000,0.0000,0,0,多换,B,2245.0000,0.0000,0.0000,0.0000,0.0000,2255.0000,0.0000,0.0000,0.0000,0.0000,3,0,0,0,0,1,0,0,0,0
zc,WS207,2012-06-13 10:11:02.167,2260.0000,2318,0,0.0000,0.0000,0,0,多换,B,2245.0000,0.0000,0.0000,0.0000,0.0000,2260.0000,0.0000,0.0000,0.0000,0.0000,3,0,0,0,0,7,0,0,0,0
zc,WS207,2012-06-13 10:11:11.900,2260.0000,2318,0,0.0000,0.0000,0,0,多换,B,2245.0000,0.0000,0.0000,0.0000,0.0000,2259.0000,0.0000,0.0000,0.0000,0.0000,3,0,0,0,0,1,0,0,0,0
zc,WS207,2012-06-13 10:11:22.667,2260.0000,2318,0,0.0000,0.0000,0,0,多换,B,2245.0000,0.0000,0.0000,0.0000,0.0000,2260.0000,0.0000,0.0000,0.0000,0.0000,3,0,0,0,0,7,0,0,0,0
zc,WS207,2012-06-13 10:13:19.167,2260.0000,2318,0,0.0000,0.0000,0,0,多换,B,2245.0000,0.0000,0.0000,0.0000,0.0000,2260.0000,0.0000,0.0000,0.0000,0.0000,5,0,0,0,0,7,0,0,0,0
zc,WS207,2012-06-13 10:13:19.887,2260.0000,2318,0,0.0000,0.0000,0,0,多换,B,2245.0000,0.0000,0.0000,0.0000,0.0000,2260.0000,0.0000,0.0000,0.0000,0.0000,3,0,0,0,0,7,0,0,0,0
zc,WS207,2012-06-13 10:13:31.900,2260.0000,2318,0,0.0000,0.0000,0,0,多换,B,2245.0000,0.0000,0.0000,0.0000,0.0000,2260.0000,0.0000,0.0000,0.0000,0.0000,5,0,0,0,0,7,0,0,0,0
zc,WS207,2012-06-13 10:13:39.697,2260.0000,2318,0,0.0000,0.0000,0,0,多换,B,2245.0000,0.0000,0.0000,0.0000,0.0000,2260.0000,0.0000,0.0000,0.0000,0.0000,7,0,0,0,0,7,0,0,0,0
zc,WS207,2012-06-13 10:13:40.197,2260.0000,2318,0,0.0000,0.0000,0,0,多换,B,2245.0000,0.0000,0.0000,0.0000,0.0000,2260.0000,0.0000,0.0000,0.0000,0.0000,5,0,0,0,0,7,0,0,0,0
zc,WS207,2012-06-13 10:13:43.650,2260.0000,2318,0,0.0000,0.0000,0,0,多换,B,2245.0000,0.0000,0.0000,0.0000,0.0000,2260.0000,0.0000,0.0000,0.0000,0.0000,3,0,0,0,0,7,0,0,0,0
zc,WS207,2012-06-13 10:14:20.683,2260.0000,2318,0,0.0000,0.0000,0,0,多换,B,2245.0000,0.0000,0.0000,0.0000,0.0000,2260.0000,0.0000,0.0000,0.0000,0.0000,8,0,0,0,0,7,0,0,0,0
zc,WS207,2012-06-13 10:14:42.900,2260.0000,2318,0,0.0000,0.0000,0,0,多换,B,2245.0000,0.0000,0.0000,0.0000,0.0000,2260.0000,0.0000,0.0000,0.0000,0.0000,3,0,0,0,0,7,0,0,0,0
zc,WS207,2012-06-13 10:18:31.387,2260.0000,2318,0,0.0000,0.0000,0,0,多换,B,2245.0000,0.0000,0.0000,0.0000,0.0000,2260.0000,0.0000,0.0000,0.0000,0.0000,3,0,0,0,0,7,0,0,0,0
zc,WS207,2012-06-13 10:22:31.387,2260.0000,2318,0,0.0000,0.0000,0,0,多换,B,2245.0000,0.0000,0.0000,0.0000,0.0000,2260.0000,0.0000,0.0000,0.0000,0.0000,3,0,0,0,0,7,0,0,0,0
zc,WS207,2012-06-13 10:26:31.370,2260.0000,2318,0,0.0000,0.0000,0,0,多换,B,2245.0000,0.0000,0.0000,0.0000,0.0000,2260.0000,0.0000,0.0000,0.0000,0.0000,3,0,0,0,0,7,0,0,0,0
zc,WS207,2012-06-13 10:28:31.400,2260.0000,2318,0,0.0000,0.0000,0,0,多换,B,2245.0000,0.0000,0.0000,0.0000,0.0000,2260.0000,0.0000,0.0000,0.0000,0.0000,3,0,0,0,0,7,0,0,0,0
zc,WS207,2012-06-13 10:30:01.993,2260.0000,2318,0,0.0000,0.0000,0,0,多换,B,2245.0000,0.0000,0.0000,0.0000,0.0000,2260.0000,0.0000,0.0000,0.0000,0.0000,8,0,0,0,0,7,0,0,0,0
zc,WS207,2012-06-13 10:30:09.417,2260.0000,2318,0,0.0000,0.0000,0,0,多换,B,2245.0000,0.0000,0.0000,0.0000,0.0000,2260.0000,0.0000,0.0000,0.0000,0.0000,3,0,0,0,0,7,0,0,0,0
zc,WS207,2012-06-13 10:30:21.697,2260.0000,2318,0,0.0000,0.0000,0,0,多换,B,2245.0000,0.0000,0.0000,0.0000,0.0000,2259.0000,0.0000,0.0000,0.0000,0.0000,3,0,0,0,0,1,0,0,0,0
zc,WS207,2012-06-13 10:30:26.480,2245.0000,2318,0,0.0000,2.0000,1,1,空换,S,2245.0000,0.0000,0.0000,0.0000,0.0000,2259.0000,0.0000,0.0000,0.0000,0.0000,2,0,0,0,0,1,0,0,0,0
zc,WS207,2012-06-13 10:30:43.933,2245.0000,2318,0,0.0000,0.0000,0,0,空换,S,2245.0000,0.0000,0.0000,0.0000,0.0000,2258.0000,0.0000,0.0000,0.0000,0.0000,2,0,0,0,0,1,0,0,0,0
zc,WS207,2012-06-13 10:30:59.387,2245.0000,2318,0,0.0000,0.0000,0,0,空换,S,2245.0000,0.0000,0.0000,0.0000,0.0000,2257.0000,0.0000,0.0000,0.0000,0.0000,2,0,0,0,0,1,0,0,0,0
zc,WS207,2012-06-13 10:32:31.400,2245.0000,2318,0,0.0000,0.0000,0,0,空换,S,2245.0000,0.0000,0.0000,0.0000,0.0000,2258.0000,0.0000,0.0000,0.0000,0.0000,2,0,0,0,0,1,0,0,0,0
zc,WS207,2012-06-13 10:33:19.697,2245.0000,2318,0,0.0000,0.0000,0,0,空换,S,2245.0000,0.0000,0.0000,0.0000,0.0000,2255.0000,0.0000,0.0000,0.0000,0.0000,2,0,0,0,0,1,0,0,0,0
zc,WS207,2012-06-13 10:33:49.933,2245.0000,2318,0,0.0000,0.0000,0,0,空换,S,2245.0000,0.0000,0.0000,0.0000,0.0000,2255.0000,0.0000,0.0000,0.0000,0.0000,2,0,0,0,0,2,0,0,0,0
zc,WS207,2012-06-13 10:33:59.917,2245.0000,2318,0,0.0000,0.0000,0,0,空换,S,2245.0000,0.0000,0.0000,0.0000,0.0000,2255.0000,0.0000,0.0000,0.0000,0.0000,5,0,0,0,0,2,0,0,0,0
zc,WS207,2012-06-13 10:34:16.697,2245.0000,2318,0,0.0000,0.0000,0,0,空换,S,2245.0000,0.0000,0.0000,0.0000,0.0000,2255.0000,0.0000,0.0000,0.0000,0.0000,5,0,0,0,0,1,0,0,0,0
zc,WS207,2012-06-13 10:34:35.683,2245.0000,2318,0,0.0000,0.0000,0,0,空换,S,2245.0000,0.0000,0.0000,0.0000,0.0000,2254.0000,0.0000,0.0000,0.0000,0.0000,5,0,0,0,0,1,0,0,0,0
zc,WS207,2012-06-13 10:35:40.447,2245.0000,2318,0,0.0000,0.0000,0,0,空换,S,2245.0000,0.0000,0.0000,0.0000,0.0000,2254.0000,0.0000,0.0000,0.0000,0.0000,5,0,0,0,0,2,0,0,0,0
zc,WS207,2012-06-13 10:36:07.650,2245.0000,2318,0,0.0000,0.0000,0,0,空换,S,2245.0000,0.0000,0.0000,0.0000,0.0000,2254.0000,0.0000,0.0000,0.0000,0.0000,5,0,0,0,0,1,0,0,0,0
zc,WS207,2012-06-13 10:41:31.417,2245.0000,2318,0,0.0000,0.0000,0,0,空换,S,2245.0000,0.0000,0.0000,0.0000,0.0000,2254.0000,0.0000,0.0000,0.0000,0.0000,5,0,0,0,0,1,0,0,0,0
zc,WS207,2012-06-13 10:42:14.183,2245.0000,2318,0,0.0000,0.0000,0,0,空换,S,2245.0000,0.0000,0.0000,0.0000,0.0000,2254.0000,0.0000,0.0000,0.0000,0.0000,6,0,0,0,0,1,0,0,0,0
zc,WS207,2012-06-13 10:42:15.417,2245.0000,2318,0,0.0000,0.0000,0,0,空换,S,2245.0000,0.0000,0.0000,0.0000,0.0000,2254.0000,0.0000,0.0000,0.0000,0.0000,5,0,0,0,0,1,0,0,0,0
zc,WS207,2012-06-13 10:42:23.463,2245.0000,2318,0,0.0000,0.0000,0,0,空换,S,2245.0000,0.0000,0.0000,0.0000,0.0000,2254.0000,0.0000,0.0000,0.0000,0.0000,6,0,0,0,0,1,0,0,0,0
zc,WS207,2012-06-13 10:42:26.230,2245.0000,2318,0,0.0000,0.0000,0,0,空换,S,2245.0000,0.0000,0.0000,0.0000,0.0000,2254.0000,0.0000,0.0000,0.0000,0.0000,10,0,0,0,0,1,0,0,0,0
zc,WS207,2012-06-13 10:42:45.667,2245.0000,2318,0,0.0000,0.0000,0,0,空换,S,2245.0000,0.0000,0.0000,0.0000,0.0000,2254.0000,0.0000,0.0000,0.0000,0.0000,5,0,0,0,0,1,0,0,0,0
zc,WS207,2012-06-13 10:44:31.150,2245.0000,2318,0,0.0000,0.0000,0,0,空换,S,2245.0000,0.0000,0.0000,0.0000,0.0000,2254.0000,0.0000,0.0000,0.0000,0.0000,5,0,0,0,0,1,0,0,0,0
zc,WS207,2012-06-13 10:44:39.183,2245.0000,2318,0,0.0000,0.0000,0,0,空换,S,2245.0000,0.0000,0.0000,0.0000,0.0000,2253.0000,0.0000,0.0000,0.0000,0.0000,5,0,0,0,0,1,0,0,0,0
zc,WS207,2012-06-13 10:44:51.917,2245.0000,2318,0,0.0000,0.0000,0,0,空换,S,2245.0000,0.0000,0.0000,0.0000,0.0000,2254.0000,0.0000,0.0000,0.0000,0.0000,5,0,0,0,0,1,0,0,0,0
zc,WS207,2012-06-13 10:45:31.167,2245.0000,2318,0,0.0000,0.0000,0,0,空换,S,2245.0000,0.0000,0.0000,0.0000,0.0000,2254.0000,0.0000,0.0000,0.0000,0.0000,5,0,0,0,0,1,0,0,0,0
zc,WS207,2012-06-13 10:48:31.400,2245.0000,2318,0,0.0000,0.0000,0,0,空换,S,2245.0000,0.0000,0.0000,0.0000,0.0000,2254.0000,0.0000,0.0000,0.0000,0.0000,5,0,0,0,0,1,0,0,0,0
zc,WS207,2012-06-13 10:53:31.150,2245.0000,2318,0,0.0000,0.0000,0,0,空换,S,2245.0000,0.0000,0.0000,0.0000,0.0000,2254.0000,0.0000,0.0000,0.0000,0.0000,5,0,0,0,0,1,0,0,0,0
zc,WS207,2012-06-13 10:54:31.150,2254.0000,2316,-2,0.0000,2.0000,0,2,双平,B,2245.0000,0.0000,0.0000,0.0000,0.0000,2255.0000,0.0000,0.0000,0.0000,0.0000,5,0,0,0,0,1,0,0,0,0
zc,WS207,2012-06-13 10:54:35.917,2255.0000,2314,-2,0.0000,2.0000,0,2,双平,B,2245.0000,0.0000,0.0000,0.0000,0.0000,2260.0000,0.0000,0.0000,0.0000,0.0000,5,0,0,0,0,7,0,0,0,0
zc,WS207,2012-06-13 10:54:37.637,2255.0000,2314,0,0.0000,0.0000,0,0,多换,B,2245.0000,0.0000,0.0000,0.0000,0.0000,2255.0000,0.0000,0.0000,0.0000,0.0000,5,0,0,0,0,1,0,0,0,0
zc,WS207,2012-06-13 10:54:56.447,2255.0000,2314,0,0.0000,0.0000,0,0,多换,B,2246.0000,0.0000,0.0000,0.0000,0.0000,2255.0000,0.0000,0.0000,0.0000,0.0000,5,0,0,0,0,1,0,0,0,0
zc,WS207,2012-06-13 10:55:44.963,2255.0000,2314,0,0.0000,0.0000,0,0,多换,B,2247.0000,0.0000,0.0000,0.0000,0.0000,2255.0000,0.0000,0.0000,0.0000,0.0000,3,0,0,0,0,1,0,0,0,0
zc,WS207,2012-06-13 10:55:47.683,2255.0000,2314,0,0.0000,0.0000,0,0,多换,B,2247.0000,0.0000,0.0000,0.0000,0.0000,2255.0000,0.0000,0.0000,0.0000,0.0000,6,0,0,0,0,1,0,0,0,0
zc,WS207,2012-06-13 10:56:11.197,2255.0000,2314,0,0.0000,0.0000,0,0,多换,B,2247.0000,0.0000,0.0000,0.0000,0.0000,2255.0000,0.0000,0.0000,0.0000,0.0000,3,0,0,0,0,1,0,0,0,0
zc,WS207,2012-06-13 10:58:31.137,2255.0000,2314,0,0.0000,0.0000,0,0,多换,B,2247.0000,0.0000,0.0000,0.0000,0.0000,2255.0000,0.0000,0.0000,0.0000,0.0000,3,0,0,0,0,1,0,0,0,0
zc,WS207,2012-06-13 10:59:19.900,2255.0000,2312,-2,0.0000,2.0000,0,2,双平,B,2247.0000,0.0000,0.0000,0.0000,0.0000,2260.0000,0.0000,0.0000,0.0000,0.0000,3,0,0,0,0,7,0,0,0,0
zc,WS207,2012-06-13 10:59:29.697,2255.0000,2312,0,0.0000,0.0000,0,0,多换,B,2248.0000,0.0000,0.0000,0.0000,0.0000,2260.0000,0.0000,0.0000,0.0000,0.0000,2,0,0,0,0,7,0,0,0,0
zc,WS207,2012-06-13 11:00:07.900,2255.0000,2312,0,0.0000,0.0000,0,0,多换,B,2248.0000,0.0000,0.0000,0.0000,0.0000,2260.0000,0.0000,0.0000,0.0000,0.0000,2,0,0,0,0,11,0,0,0,0
zc,WS207,2012-06-13 11:01:29.887,2255.0000,2312,0,0.0000,0.0000,0,0,多换,B,2248.0000,0.0000,0.0000,0.0000,0.0000,2259.0000,0.0000,0.0000,0.0000,0.0000,2,0,0,0,0,1,0,0,0,0
zc,WS207,2012-06-13 11:02:43.683,2255.0000,2312,0,0.0000,0.0000,0,0,多换,B,2248.0000,0.0000,0.0000,0.0000,0.0000,2259.0000,0.0000,0.0000,0.0000,0.0000,2,0,0,0,0,3,0,0,0,0
zc,WS207,2012-06-13 11:07:31.137,2255.0000,2312,0,0.0000,0.0000,0,0,多换,B,2248.0000,0.0000,0.0000,0.0000,0.0000,2259.0000,0.0000,0.0000,0.0000,0.0000,2,0,0,0,0,3,0,0,0,0
zc,WS207,2012-06-13 11:09:31.120,2255.0000,2312,0,0.0000,0.0000,0,0,多换,B,2248.0000,0.0000,0.0000,0.0000,0.0000,2259.0000,0.0000,0.0000,0.0000,0.0000,2,0,0,0,0,3,0,0,0,0
zc,WS207,2012-06-13 11:10:31.137,2255.0000,2312,0,0.0000,0.0000,0,0,多换,B,2248.0000,0.0000,0.0000,0.0000,0.0000,2259.0000,0.0000,0.0000,0.0000,0.0000,2,0,0,0,0,3,0,0,0,0
zc,WS207,2012-06-13 11:11:31.150,2255.0000,2312,0,0.0000,0.0000,0,0,多换,B,2248.0000,0.0000,0.0000,0.0000,0.0000,2259.0000,0.0000,0.0000,0.0000,0.0000,2,0,0,0,0,3,0,0,0,0
zc,WS207,2012-06-13 11:12:31.120,2255.0000,2312,0,0.0000,0.0000,0,0,多换,B,2248.0000,0.0000,0.0000,0.0000,0.0000,2259.0000,0.0000,0.0000,0.0000,0.0000,2,0,0,0,0,3,0,0,0,0
zc,WS207,2012-06-13 11:12:53.120,2255.0000,2312,0,0.0000,0.0000,0,0,多换,B,2248.0000,0.0000,0.0000,0.0000,0.0000,2259.0000,0.0000,0.0000,0.0000,0.0000,2,0,0,0,0,1,0,0,0,0
zc,WS207,2012-06-13 11:13:45.900,2255.0000,2312,0,0.0000,0.0000,0,0,多换,B,2248.0000,0.0000,0.0000,0.0000,0.0000,2258.0000,0.0000,0.0000,0.0000,0.0000,2,0,0,0,0,1,0,0,0,0
zc,WS207,2012-06-13 11:15:31.137,2255.0000,2312,0,0.0000,0.0000,0,0,多换,B,2248.0000,0.0000,0.0000,0.0000,0.0000,2258.0000,0.0000,0.0000,0.0000,0.0000,2,0,0,0,0,1,0,0,0,0
zc,WS207,2012-06-13 11:16:59.447,2255.0000,2312,0,0.0000,0.0000,0,0,多换,B,2248.0000,0.0000,0.0000,0.0000,0.0000,2258.0000,0.0000,0.0000,0.0000,0.0000,2,0,0,0,0,2,0,0,0,0
zc,WS207,2012-06-13 11:17:00.683,2255.0000,2312,0,0.0000,0.0000,0,0,多换,B,2248.0000,0.0000,0.0000,0.0000,0.0000,2258.0000,0.0000,0.0000,0.0000,0.0000,2,0,0,0,0,1,0,0,0,0
zc,WS207,2012-06-13 11:17:01.183,2255.0000,2312,0,0.0000,0.0000,0,0,多换,B,2248.0000,0.0000,0.0000,0.0000,0.0000,2258.0000,0.0000,0.0000,0.0000,0.0000,2,0,0,0,0,2,0,0,0,0
zc,WS207,2012-06-13 11:17:03.447,2255.0000,2312,0,0.0000,0.0000,0,0,多换,B,2248.0000,0.0000,0.0000,0.0000,0.0000,2258.0000,0.0000,0.0000,0.0000,0.0000,2,0,0,0,0,1,0,0,0,0
zc,WS207,2012-06-13 11:17:06.197,2255.0000,2312,0,0.0000,0.0000,0,0,多换,B,2248.0000,0.0000,0.0000,0.0000,0.0000,2258.0000,0.0000,0.0000,0.0000,0.0000,2,0,0,0,0,2,0,0,0,0
zc,WS207,2012-06-13 11:17:06.683,2255.0000,2312,0,0.0000,0.0000,0,0,多换,B,2248.0000,0.0000,0.0000,0.0000,0.0000,2258.0000,0.0000,0.0000,0.0000,0.0000,2,0,0,0,0,1,0,0,0,0
zc,WS207,2012-06-13 11:17:24.963,2255.0000,2312,0,0.0000,0.0000,0,0,多换,B,2248.0000,0.0000,0.0000,0.0000,0.0000,2258.0000,0.0000,0.0000,0.0000,0.0000,2,0,0,0,0,2,0,0,0,0
zc,WS207,2012-06-13 11:17:34.917,2255.0000,2312,0,0.0000,0.0000,0,0,多换,B,2248.0000,0.0000,0.0000,0.0000,0.0000,2258.0000,0.0000,0.0000,0.0000,0.0000,2,0,0,0,0,1,0,0,0,0
zc,WS207,2012-06-13 11:18:08.947,2255.0000,2312,0,0.0000,0.0000,0,0,多换,B,2248.0000,0.0000,0.0000,0.0000,0.0000,2258.0000,0.0000,0.0000,0.0000,0.0000,2,0,0,0,0,2,0,0,0,0
zc,WS207,2012-06-13 11:18:09.387,2255.0000,2312,0,0.0000,0.0000,0,0,多换,B,2248.0000,0.0000,0.0000,0.0000,0.0000,2258.0000,0.0000,0.0000,0.0000,0.0000,2,0,0,0,0,1,0,0,0,0
zc,WS207,2012-06-13 11:18:58.150,2255.0000,2312,0,0.0000,0.0000,0,0,多换,B,2248.0000,0.0000,0.0000,0.0000,0.0000,2258.0000,0.0000,0.0000,0.0000,0.0000,2,0,0,0,0,2,0,0,0,0
zc,WS207,2012-06-13 11:19:03.183,2255.0000,2312,0,0.0000,0.0000,0,0,多换,B,2248.0000,0.0000,0.0000,0.0000,0.0000,2258.0000,0.0000,0.0000,0.0000,0.0000,2,0,0,0,0,1,0,0,0,0
zc,WS207,2012-06-13 11:19:08.183,2255.0000,2312,0,0.0000,0.0000,0,0,多换,B,2248.0000,0.0000,0.0000,0.0000,0.0000,2258.0000,0.0000,0.0000,0.0000,0.0000,2,0,0,0,0,5,0,0,0,0
zc,WS207,2012-06-13 11:19:47.400,2255.0000,2312,0,0.0000,0.0000,0,0,多换,B,2248.0000,0.0000,0.0000,0.0000,0.0000,2255.0000,0.0000,0.0000,0.0000,0.0000,2,0,0,0,0,1,0,0,0,0
zc,WS207,2012-06-13 11:20:05.870,2255.0000,2312,0,0.0000,0.0000,0,0,多换,B,2248.0000,0.0000,0.0000,0.0000,0.0000,2258.0000,0.0000,0.0000,0.0000,0.0000,2,0,0,0,0,5,0,0,0,0
zc,WS207,2012-06-13 11:20:24.947,2255.0000,2312,0,0.0000,0.0000,0,0,多换,B,2248.0000,0.0000,0.0000,0.0000,0.0000,2257.0000,0.0000,0.0000,0.0000,0.0000,2,0,0,0,0,1,0,0,0,0
zc,WS207,2012-06-13 11:23:31.120,2255.0000,2312,0,0.0000,0.0000,0,0,多换,B,2248.0000,0.0000,0.0000,0.0000,0.0000,2257.0000,0.0000,0.0000,0.0000,0.0000,2,0,0,0,0,1,0,0,0,0
zc,WS207,2012-06-13 11:25:31.120,2255.0000,2312,0,0.0000,0.0000,0,0,多换,B,2248.0000,0.0000,0.0000,0.0000,0.0000,2257.0000,0.0000,0.0000,0.0000,0.0000,2,0,0,0,0,1,0,0,0,0
zc,WS207,2012-06-13 11:27:10.183,2255.0000,2312,0,0.0000,0.0000,0,0,多换,B,2249.0000,0.0000,0.0000,0.0000,0.0000,2257.0000,0.0000,0.0000,0.0000,0.0000,3,0,0,0,0,1,0,0,0,0
zc,WS207,2012-06-13 11:27:16.637,2255.0000,2312,0,0.0000,0.0000,0,0,多换,B,2249.0000,0.0000,0.0000,0.0000,0.0000,2257.0000,0.0000,0.0000,0.0000,0.0000,5,0,0,0,0,1,0,0,0,0
zc,WS207,2012-06-13 11:27:31.370,2255.0000,2312,0,0.0000,0.0000,0,0,多换,B,2249.0000,0.0000,0.0000,0.0000,0.0000,2257.0000,0.0000,0.0000,0.0000,0.0000,5,0,0,0,0,1,0,0,0,0
zc,WS207,2012-06-13 11:28:07.137,2255.0000,2312,0,0.0000,0.0000,0,0,多换,B,2249.0000,0.0000,0.0000,0.0000,0.0000,2257.0000,0.0000,0.0000,0.0000,0.0000,3,0,0,0,0,1,0,0,0,0
zc,WS207,2012-06-13 11:28:31.137,2255.0000,2312,0,0.0000,0.0000,0,0,多换,B,2249.0000,0.0000,0.0000,0.0000,0.0000,2257.0000,0.0000,0.0000,0.0000,0.0000,3,0,0,0,0,1,0,0,0,0
zc,WS207,2012-06-13 11:29:57.667,2255.0000,2312,0,0.0000,0.0000,0,0,多换,B,2248.0000,0.0000,0.0000,0.0000,0.0000,2257.0000,0.0000,0.0000,0.0000,0.0000,2,0,0,0,0,1,0,0,0,0
zc,WS207,2012-06-13 11:32:31.103,2255.0000,2312,0,0.0000,0.0000,0,0,多换,B,2248.0000,0.0000,0.0000,0.0000,0.0000,2257.0000,0.0000,0.0000,0.0000,0.0000,2,0,0,0,0,1,0,0,0,0
zc,WS207,2012-06-13 11:33:31.103,2255.0000,2312,0,0.0000,0.0000,0,0,多换,B,2248.0000,0.0000,0.0000,0.0000,0.0000,2257.0000,0.0000,0.0000,0.0000,0.0000,2,0,0,0,0,1,0,0,0,0
zc,WS207,2012-06-13 11:34:31.103,2255.0000,2312,0,0.0000,0.0000,0,0,多换,B,2248.0000,0.0000,0.0000,0.0000,0.0000,2257.0000,0.0000,0.0000,0.0000,0.0000,2,0,0,0,0,1,0,0,0,0
zc,WS207,2012-06-13 11:37:31.103,2255.0000,2312,0,0.0000,0.0000,0,0,多换,B,2248.0000,0.0000,0.0000,0.0000,0.0000,2257.0000,0.0000,0.0000,0.0000,0.0000,2,0,0,0,0,1,0,0,0,0
zc,WS207,2012-06-13 11:38:31.103,2255.0000,2312,0,0.0000,0.0000,0,0,多换,B,2248.0000,0.0000,0.0000,0.0000,0.0000,2257.0000,0.0000,0.0000,0.0000,0.0000,2,0,0,0,0,1,0,0,0,0
zc,WS207,2012-06-13 11:39:31.103,2255.0000,2312,0,0.0000,0.0000,0,0,多换,B,2248.0000,0.0000,0.0000,0.0000,0.0000,2257.0000,0.0000,0.0000,0.0000,0.0000,2,0,0,0,0,1,0,0,0,0
zc,WS207,2012-06-13 11:40:31.103,2255.0000,2312,0,0.0000,0.0000,0,0,多换,B,2248.0000,0.0000,0.0000,0.0000,0.0000,2257.0000,0.0000,0.0000,0.0000,0.0000,2,0,0,0,0,1,0,0,0,0
zc,WS207,2012-06-13 11:42:31.103,2255.0000,2312,0,0.0000,0.0000,0,0,多换,B,2248.0000,0.0000,0.0000,0.0000,0.0000,2257.0000,0.0000,0.0000,0.0000,0.0000,2,0,0,0,0,1,0,0,0,0
zc,WS207,2012-06-13 11:44:31.087,2255.0000,2312,0,0.0000,0.0000,0,0,多换,B,2248.0000,0.0000,0.0000,0.0000,0.0000,2257.0000,0.0000,0.0000,0.0000,0.0000,2,0,0,0,0,1,0,0,0,0
zc,WS207,2012-06-13 11:45:31.353,2255.0000,2312,0,0.0000,0.0000,0,0,多换,B,2248.0000,0.0000,0.0000,0.0000,0.0000,2257.0000,0.0000,0.0000,0.0000,0.0000,2,0,0,0,0,1,0,0,0,0
zc,WS207,2012-06-13 11:47:31.087,2255.0000,2312,0,0.0000,0.0000,0,0,多换,B,2248.0000,0.0000,0.0000,0.0000,0.0000,2257.0000,0.0000,0.0000,0.0000,0.0000,2,0,0,0,0,1,0,0,0,0
zc,WS207,2012-06-13 11:49:31.087,2255.0000,2312,0,0.0000,0.0000,0,0,多换,B,2248.0000,0.0000,0.0000,0.0000,0.0000,2257.0000,0.0000,0.0000,0.0000,0.0000,2,0,0,0,0,1,0,0,0,0
zc,WS207,2012-06-13 11:50:31.087,2255.0000,2312,0,0.0000,0.0000,0,0,多换,B,2248.0000,0.0000,0.0000,0.0000,0.0000,2257.0000,0.0000,0.0000,0.0000,0.0000,2,0,0,0,0,1,0,0,0,0
zc,WS207,2012-06-13 11:52:31.087,2255.0000,2312,0,0.0000,0.0000,0,0,多换,B,2248.0000,0.0000,0.0000,0.0000,0.0000,2257.0000,0.0000,0.0000,0.0000,0.0000,2,0,0,0,0,1,0,0,0,0
zc,WS207,2012-06-13 11:53:31.087,2255.0000,2312,0,0.0000,0.0000,0,0,多换,B,2248.0000,0.0000,0.0000,0.0000,0.0000,2257.0000,0.0000,0.0000,0.0000,0.0000,2,0,0,0,0,1,0,0,0,0
zc,WS207,2012-06-13 11:57:31.073,2255.0000,2312,0,0.0000,0.0000,0,0,多换,B,2248.0000,0.0000,0.0000,0.0000,0.0000,2257.0000,0.0000,0.0000,0.0000,0.0000,2,0,0,0,0,1,0,0,0,0
zc,WS207,2012-06-13 12:00:31.073,2255.0000,2312,0,0.0000,0.0000,0,0,多换,B,2248.0000,0.0000,0.0000,0.0000,0.0000,2257.0000,0.0000,0.0000,0.0000,0.0000,2,0,0,0,0,1,0,0,0,0
zc,WS207,2012-06-13 12:02:31.073,2255.0000,2312,0,0.0000,0.0000,0,0,多换,B,2248.0000,0.0000,0.0000,0.0000,0.0000,2257.0000,0.0000,0.0000,0.0000,0.0000,2,0,0,0,0,1,0,0,0,0
zc,WS207,2012-06-13 12:05:31.073,2255.0000,2312,0,0.0000,0.0000,0,0,多换,B,2248.0000,0.0000,0.0000,0.0000,0.0000,2257.0000,0.0000,0.0000,0.0000,0.0000,2,0,0,0,0,1,0,0,0,0
zc,WS207,2012-06-13 12:08:31.057,2255.0000,2312,0,0.0000,0.0000,0,0,多换,B,2248.0000,0.0000,0.0000,0.0000,0.0000,2257.0000,0.0000,0.0000,0.0000,0.0000,2,0,0,0,0,1,0,0,0,0
zc,WS207,2012-06-13 12:09:31.073,2255.0000,2312,0,0.0000,0.0000,0,0,多换,B,2248.0000,0.0000,0.0000,0.0000,0.0000,2257.0000,0.0000,0.0000,0.0000,0.0000,2,0,0,0,0,1,0,0,0,0
zc,WS207,2012-06-13 12:11:31.057,2255.0000,2312,0,0.0000,0.0000,0,0,多换,B,2248.0000,0.0000,0.0000,0.0000,0.0000,2257.0000,0.0000,0.0000,0.0000,0.0000,2,0,0,0,0,1,0,0,0,0
zc,WS207,2012-06-13 12:12:31.057,2255.0000,2312,0,0.0000,0.0000,0,0,多换,B,2248.0000,0.0000,0.0000,0.0000,0.0000,2257.0000,0.0000,0.0000,0.0000,0.0000,2,0,0,0,0,1,0,0,0,0
zc,WS207,2012-06-13 12:14:31.057,2255.0000,2312,0,0.0000,0.0000,0,0,多换,B,2248.0000,0.0000,0.0000,0.0000,0.0000,2257.0000,0.0000,0.0000,0.0000,0.0000,2,0,0,0,0,1,0,0,0,0
zc,WS207,2012-06-13 12:15:31.087,2255.0000,2312,0,0.0000,0.0000,0,0,多换,B,2248.0000,0.0000,0.0000,0.0000,0.0000,2257.0000,0.0000,0.0000,0.0000,0.0000,2,0,0,0,0,1,0,0,0,0
zc,WS207,2012-06-13 12:16:31.087,2255.0000,2312,0,0.0000,0.0000,0,0,多换,B,2248.0000,0.0000,0.0000,0.0000,0.0000,2257.0000,0.0000,0.0000,0.0000,0.0000,2,0,0,0,0,1,0,0,0,0
zc,WS207,2012-06-13 12:17:31.087,2255.0000,2312,0,0.0000,0.0000,0,0,多换,B,2248.0000,0.0000,0.0000,0.0000,0.0000,2257.0000,0.0000,0.0000,0.0000,0.0000,2,0,0,0,0,1,0,0,0,0
zc,WS207,2012-06-13 12:22:31.087,2255.0000,2312,0,0.0000,0.0000,0,0,多换,B,2248.0000,0.0000,0.0000,0.0000,0.0000,2257.0000,0.0000,0.0000,0.0000,0.0000,2,0,0,0,0,1,0,0,0,0
zc,WS207,2012-06-13 12:23:31.087,2255.0000,2312,0,0.0000,0.0000,0,0,多换,B,2248.0000,0.0000,0.0000,0.0000,0.0000,2257.0000,0.0000,0.0000,0.0000,0.0000,2,0,0,0,0,1,0,0,0,0
zc,WS207,2012-06-13 12:24:31.087,2255.0000,2312,0,0.0000,0.0000,0,0,多换,B,2248.0000,0.0000,0.0000,0.0000,0.0000,2257.0000,0.0000,0.0000,0.0000,0.0000,2,0,0,0,0,1,0,0,0,0
zc,WS207,2012-06-13 12:30:31.087,2255.0000,2312,0,0.0000,0.0000,0,0,多换,B,2248.0000,0.0000,0.0000,0.0000,0.0000,2257.0000,0.0000,0.0000,0.0000,0.0000,2,0,0,0,0,1,0,0,0,0
zc,WS207,2012-06-13 12:35:31.073,2255.0000,2312,0,0.0000,0.0000,0,0,多换,B,2248.0000,0.0000,0.0000,0.0000,0.0000,2257.0000,0.0000,0.0000,0.0000,0.0000,2,0,0,0,0,1,0,0,0,0
zc,WS207,2012-06-13 12:44:31.057,2255.0000,2312,0,0.0000,0.0000,0,0,多换,B,2248.0000,0.0000,0.0000,0.0000,0.0000,2257.0000,0.0000,0.0000,0.0000,0.0000,2,0,0,0,0,1,0,0,0,0
zc,WS207,2012-06-13 12:46:31.057,2255.0000,2312,0,0.0000,0.0000,0,0,多换,B,2248.0000,0.0000,0.0000,0.0000,0.0000,2257.0000,0.0000,0.0000,0.0000,0.0000,2,0,0,0,0,1,0,0,0,0
zc,WS207,2012-06-13 12:47:31.057,2255.0000,2312,0,0.0000,0.0000,0,0,多换,B,2248.0000,0.0000,0.0000,0.0000,0.0000,2257.0000,0.0000,0.0000,0.0000,0.0000,2,0,0,0,0,1,0,0,0,0
zc,WS207,2012-06-13 12:50:31.057,2255.0000,2312,0,0.0000,0.0000,0,0,多换,B,2248.0000,0.0000,0.0000,0.0000,0.0000,2257.0000,0.0000,0.0000,0.0000,0.0000,2,0,0,0,0,1,0,0,0,0
zc,WS207,2012-06-13 12:51:31.057,2255.0000,2312,0,0.0000,0.0000,0,0,多换,B,2248.0000,0.0000,0.0000,0.0000,0.0000,2257.0000,0.0000,0.0000,0.0000,0.0000,2,0,0,0,0,1,0,0,0,0
zc,WS207,2012-06-13 12:53:31.057,2255.0000,2312,0,0.0000,0.0000,0,0,多换,B,2248.0000,0.0000,0.0000,0.0000,0.0000,2257.0000,0.0000,0.0000,0.0000,0.0000,2,0,0,0,0,1,0,0,0,0
zc,WS207,2012-06-13 12:55:31.057,2255.0000,2312,0,0.0000,0.0000,0,0,多换,B,2248.0000,0.0000,0.0000,0.0000,0.0000,2257.0000,0.0000,0.0000,0.0000,0.0000,2,0,0,0,0,1,0,0,0,0
zc,WS207,2012-06-13 12:56:31.057,2255.0000,2312,0,0.0000,0.0000,0,0,多换,B,2248.0000,0.0000,0.0000,0.0000,0.0000,2257.0000,0.0000,0.0000,0.0000,0.0000,2,0,0,0,0,1,0,0,0,0
zc,WS207,2012-06-13 12:57:31.057,2255.0000,2312,0,0.0000,0.0000,0,0,多换,B,2248.0000,0.0000,0.0000,0.0000,0.0000,2257.0000,0.0000,0.0000,0.0000,0.0000,2,0,0,0,0,1,0,0,0,0
zc,WS207,2012-06-13 13:03:31.073,2255.0000,2312,0,0.0000,0.0000,0,0,多换,B,2248.0000,0.0000,0.0000,0.0000,0.0000,2257.0000,0.0000,0.0000,0.0000,0.0000,2,0,0,0,0,1,0,0,0,0
zc,WS207,2012-06-13 13:04:31.057,2255.0000,2312,0,0.0000,0.0000,0,0,多换,B,2248.0000,0.0000,0.0000,0.0000,0.0000,2257.0000,0.0000,0.0000,0.0000,0.0000,2,0,0,0,0,1,0,0,0,0
zc,WS207,2012-06-13 13:12:31.057,2255.0000,2312,0,0.0000,0.0000,0,0,多换,B,2248.0000,0.0000,0.0000,0.0000,0.0000,2257.0000,0.0000,0.0000,0.0000,0.0000,2,0,0,0,0,1,0,0,0,0
zc,WS207,2012-06-13 13:13:31.057,2255.0000,2312,0,0.0000,0.0000,0,0,多换,B,2248.0000,0.0000,0.0000,0.0000,0.0000,2257.0000,0.0000,0.0000,0.0000,0.0000,2,0,0,0,0,1,0,0,0,0
zc,WS207,2012-06-13 13:16:31.057,2255.0000,2312,0,0.0000,0.0000,0,0,多换,B,2248.0000,0.0000,0.0000,0.0000,0.0000,2257.0000,0.0000,0.0000,0.0000,0.0000,2,0,0,0,0,1,0,0,0,0
zc,WS207,2012-06-13 13:18:31.057,2255.0000,2312,0,0.0000,0.0000,0,0,多换,B,2248.0000,0.0000,0.0000,0.0000,0.0000,2257.0000,0.0000,0.0000,0.0000,0.0000,2,0,0,0,0,1,0,0,0,0
zc,WS207,2012-06-13 13:30:41.323,2255.0000,2312,0,0.0000,0.0000,0,0,多换,B,2249.0000,0.0000,0.0000,0.0000,0.0000,2257.0000,0.0000,0.0000,0.0000,0.0000,3,0,0,0,0,1,0,0,0,0
zc,WS207,2012-06-13 13:33:15.337,2255.0000,2312,0,0.0000,0.0000,0,0,多换,B,2249.0000,0.0000,0.0000,0.0000,0.0000,2258.0000,0.0000,0.0000,0.0000,0.0000,3,0,0,0,0,5,0,0,0,0
zc,WS207,2012-06-13 13:33:51.807,2255.0000,2312,0,0.0000,0.0000,0,0,多换,B,2249.0000,0.0000,0.0000,0.0000,0.0000,2257.0000,0.0000,0.0000,0.0000,0.0000,3,0,0,0,0,1,0,0,0,0
zc,WS207,2012-06-13 13:34:27.353,2255.0000,2312,0,0.0000,0.0000,0,0,多换,B,2249.0000,0.0000,0.0000,0.0000,0.0000,2258.0000,0.0000,0.0000,0.0000,0.0000,3,0,0,0,0,5,0,0,0,0
zc,WS207,2012-06-13 13:34:35.603,2255.0000,2312,0,0.0000,0.0000,0,0,多换,B,2249.0000,0.0000,0.0000,0.0000,0.0000,2257.0000,0.0000,0.0000,0.0000,0.0000,3,0,0,0,0,1,0,0,0,0
zc,WS207,2012-06-13 13:35:24.823,2257.0000,2312,0,0.0000,2.0000,1,1,多换,B,2249.0000,0.0000,0.0000,0.0000,0.0000,2258.0000,0.0000,0.0000,0.0000,0.0000,3,0,0,0,0,5,0,0,0,0
zc,WS207,2012-06-13 13:35:33.540,2257.0000,2312,0,0.0000,0.0000,0,0,多换,B,2248.0000,0.0000,0.0000,0.0000,0.0000,2258.0000,0.0000,0.0000,0.0000,0.0000,2,0,0,0,0,5,0,0,0,0
zc,WS207,2012-06-13 13:35:43.290,2257.0000,2312,0,0.0000,0.0000,0,0,多换,B,2248.0000,0.0000,0.0000,0.0000,0.0000,2258.0000,0.0000,0.0000,0.0000,0.0000,2,0,0,0,0,6,0,0,0,0
zc,WS207,2012-06-13 13:35:45.087,2257.0000,2312,0,0.0000,0.0000,0,0,多换,B,2249.0000,0.0000,0.0000,0.0000,0.0000,2258.0000,0.0000,0.0000,0.0000,0.0000,3,0,0,0,0,6,0,0,0,0
zc,WS207,2012-06-13 13:36:47.870,2257.0000,2312,0,0.0000,0.0000,0,0,多换,B,2249.0000,0.0000,0.0000,0.0000,0.0000,2258.0000,0.0000,0.0000,0.0000,0.0000,3,0,0,0,0,5,0,0,0,0
zc,WS207,2012-06-13 13:37:00.103,2257.0000,2312,0,0.0000,0.0000,0,0,多换,B,2249.0000,0.0000,0.0000,0.0000,0.0000,2257.0000,0.0000,0.0000,0.0000,0.0000,3,0,0,0,0,1,0,0,0,0
zc,WS207,2012-06-13 13:37:31.027,2257.0000,2312,0,0.0000,0.0000,0,0,多换,B,2249.0000,0.0000,0.0000,0.0000,0.0000,2257.0000,0.0000,0.0000,0.0000,0.0000,3,0,0,0,0,1,0,0,0,0
zc,WS207,2012-06-13 13:37:49.557,2257.0000,2312,0,0.0000,0.0000,0,0,多换,B,2249.0000,0.0000,0.0000,0.0000,0.0000,2258.0000,0.0000,0.0000,0.0000,0.0000,3,0,0,0,0,5,0,0,0,0
zc,WS207,2012-06-13 13:38:04.540,2257.0000,2312,0,0.0000,0.0000,0,0,多换,B,2248.0000,0.0000,0.0000,0.0000,0.0000,2258.0000,0.0000,0.0000,0.0000,0.0000,2,0,0,0,0,5,0,0,0,0
zc,WS207,2012-06-13 13:38:37.823,2257.0000,2312,0,0.0000,0.0000,0,0,多换,B,2248.0000,0.0000,0.0000,0.0000,0.0000,2256.0000,0.0000,0.0000,0.0000,0.0000,2,0,0,0,0,1,0,0,0,0
zc,WS207,2012-06-13 13:38:42.573,2257.0000,2312,0,0.0000,0.0000,0,0,多换,B,2248.0000,0.0000,0.0000,0.0000,0.0000,2258.0000,0.0000,0.0000,0.0000,0.0000,2,0,0,0,0,5,0,0,0,0
zc,WS207,2012-06-13 13:39:31.040,2257.0000,2312,0,0.0000,0.0000,0,0,多换,B,2248.0000,0.0000,0.0000,0.0000,0.0000,2258.0000,0.0000,0.0000,0.0000,0.0000,2,0,0,0,0,5,0,0,0,0
zc,WS207,2012-06-13 13:39:39.573,2257.0000,2312,0,0.0000,0.0000,0,0,多换,B,2248.0000,0.0000,0.0000,0.0000,0.0000,2257.0000,0.0000,0.0000,0.0000,0.0000,2,0,0,0,0,1,0,0,0,0
zc,WS207,2012-06-13 13:40:22.853,2257.0000,2312,0,0.0000,0.0000,0,0,多换,B,2248.0000,0.0000,0.0000,0.0000,0.0000,2257.0000,0.0000,0.0000,0.0000,0.0000,2,0,0,0,0,2,0,0,0,0
zc,WS207,2012-06-13 13:40:26.557,2257.0000,2312,0,0.0000,0.0000,0,0,多换,B,2248.0000,0.0000,0.0000,0.0000,0.0000,2257.0000,0.0000,0.0000,0.0000,0.0000,2,0,0,0,0,1,0,0,0,0
zc,WS207,2012-06-13 13:40:50.027,2257.0000,2312,0,0.0000,0.0000,0,0,多换,B,2256.0000,0.0000,0.0000,0.0000,0.0000,2257.0000,0.0000,0.0000,0.0000,0.0000,1,0,0,0,0,1,0,0,0,0
zc,WS207,2012-06-13 13:41:06.557,2256.0000,2312,0,0.0000,2.0000,1,1,空换,S,2248.0000,0.0000,0.0000,0.0000,0.0000,2257.0000,0.0000,0.0000,0.0000,0.0000,2,0,0,0,0,1,0,0,0,0
zc,WS207,2012-06-13 13:41:31.040,2256.0000,2312,0,0.0000,0.0000,0,0,空换,S,2248.0000,0.0000,0.0000,0.0000,0.0000,2257.0000,0.0000,0.0000,0.0000,0.0000,2,0,0,0,0,1,0,0,0,0
zc,WS207,2012-06-13 13:42:01.777,2256.0000,2312,0,0.0000,0.0000,0,0,空换,S,2255.0000,0.0000,0.0000,0.0000,0.0000,2257.0000,0.0000,0.0000,0.0000,0.0000,1,0,0,0,0,1,0,0,0,0
zc,WS207,2012-06-13 13:43:31.040,2256.0000,2312,0,0.0000,0.0000,0,0,空换,S,2255.0000,0.0000,0.0000,0.0000,0.0000,2257.0000,0.0000,0.0000,0.0000,0.0000,1,0,0,0,0,1,0,0,0,0
zc,WS207,2012-06-13 13:43:35.573,2256.0000,2312,0,0.0000,0.0000,0,0,空换,S,2255.0000,0.0000,0.0000,0.0000,0.0000,2256.0000,0.0000,0.0000,0.0000,0.0000,1,0,0,0,0,1,0,0,0,0
zc,WS207,2012-06-13 13:45:35.807,2255.0000,2312,0,0.0000,2.0000,1,1,空换,S,2248.0000,0.0000,0.0000,0.0000,0.0000,2256.0000,0.0000,0.0000,0.0000,0.0000,2,0,0,0,0,1,0,0,0,0
zc,WS207,2012-06-13 13:47:08.790,2255.0000,2312,0,0.0000,0.0000,0,0,空换,S,2248.0000,0.0000,0.0000,0.0000,0.0000,2257.0000,0.0000,0.0000,0.0000,0.0000,2,0,0,0,0,1,0,0,0,0
zc,WS207,2012-06-13 13:48:31.027,2255.0000,2312,0,0.0000,0.0000,0,0,空换,S,2248.0000,0.0000,0.0000,0.0000,0.0000,2257.0000,0.0000,0.0000,0.0000,0.0000,2,0,0,0,0,1,0,0,0,0
zc,WS207,2012-06-13 13:49:31.027,2255.0000,2312,0,0.0000,0.0000,0,0,空换,S,2248.0000,0.0000,0.0000,0.0000,0.0000,2257.0000,0.0000,0.0000,0.0000,0.0000,2,0,0,0,0,1,0,0,0,0
zc,WS207,2012-06-13 13:50:31.027,2255.0000,2312,0,0.0000,0.0000,0,0,空换,S,2248.0000,0.0000,0.0000,0.0000,0.0000,2257.0000,0.0000,0.0000,0.0000,0.0000,2,0,0,0,0,1,0,0,0,0
zc,WS207,2012-06-13 13:51:20.277,2255.0000,2312,0,0.0000,0.0000,0,0,空换,S,2248.0000,0.0000,0.0000,0.0000,0.0000,2257.0000,0.0000,0.0000,0.0000,0.0000,4,0,0,0,0,1,0,0,0,0
zc,WS207,2012-06-13 13:52:07.527,2255.0000,2312,0,0.0000,0.0000,0,0,空换,S,2255.0000,0.0000,0.0000,0.0000,0.0000,2257.0000,0.0000,0.0000,0.0000,0.0000,2,0,0,0,0,1,0,0,0,0
zc,WS207,2012-06-13 13:52:53.587,2255.0000,2312,0,0.0000,2.0000,1,1,空换,S,2255.0000,0.0000,0.0000,0.0000,0.0000,2257.0000,0.0000,0.0000,0.0000,0.0000,1,0,0,0,0,1,0,0,0,0
zc,WS207,2012-06-13 13:55:31.010,2255.0000,2312,0,0.0000,0.0000,0,0,空换,S,2255.0000,0.0000,0.0000,0.0000,0.0000,2257.0000,0.0000,0.0000,0.0000,0.0000,1,0,0,0,0,1,0,0,0,0
zc,WS207,2012-06-13 14:04:02.277,2255.0000,2312,0,0.0000,2.0000,1,1,空换,S,2248.0000,0.0000,0.0000,0.0000,0.0000,2257.0000,0.0000,0.0000,0.0000,0.0000,2,0,0,0,0,1,0,0,0,0
zc,WS207,2012-06-13 14:07:50.510,2255.0000,2312,0,0.0000,0.0000,0,0,空换,S,2248.0000,0.0000,0.0000,0.0000,0.0000,2257.0000,0.0000,0.0000,0.0000,0.0000,4,0,0,0,0,1,0,0,0,0
zc,WS207,2012-06-13 14:08:01.337,2255.0000,2312,0,0.0000,0.0000,0,0,空换,S,2248.0000,0.0000,0.0000,0.0000,0.0000,2257.0000,0.0000,0.0000,0.0000,0.0000,4,0,0,0,0,3,0,0,0,0
zc,WS207,2012-06-13 14:08:30.993,2255.0000,2312,0,0.0000,0.0000,0,0,空换,S,2248.0000,0.0000,0.0000,0.0000,0.0000,2257.0000,0.0000,0.0000,0.0000,0.0000,4,0,0,0,0,3,0,0,0,0
zc,WS207,2012-06-13 14:08:51.790,2255.0000,2312,0,0.0000,0.0000,0,0,空换,S,2248.0000,0.0000,0.0000,0.0000,0.0000,2257.0000,0.0000,0.0000,0.0000,0.0000,2,0,0,0,0,3,0,0,0,0
zc,WS207,2012-06-13 14:11:05.540,2255.0000,2312,0,0.0000,0.0000,0,0,空换,S,2250.0000,0.0000,0.0000,0.0000,0.0000,2257.0000,0.0000,0.0000,0.0000,0.0000,5,0,0,0,0,3,0,0,0,0
zc,WS207,2012-06-13 14:11:30.993,2255.0000,2312,0,0.0000,0.0000,0,0,空换,S,2250.0000,0.0000,0.0000,0.0000,0.0000,2257.0000,0.0000,0.0000,0.0000,0.0000,5,0,0,0,0,3,0,0,0,0
zc,WS207,2012-06-13 14:12:08.243,2255.0000,2312,0,0.0000,0.0000,0,0,空换,S,2250.0000,0.0000,0.0000,0.0000,0.0000,2257.0000,0.0000,0.0000,0.0000,0.0000,5,0,0,0,0,1,0,0,0,0
zc,WS207,2012-06-13 14:12:18.760,2250.0000,2312,0,0.0000,8.0000,4,4,空换,S,2250.0000,0.0000,0.0000,0.0000,0.0000,2257.0000,0.0000,0.0000,0.0000,0.0000,1,0,0,0,0,1,0,0,0,0
zc,WS207,2012-06-13 14:15:31.027,2250.0000,2312,0,0.0000,0.0000,0,0,空换,S,2250.0000,0.0000,0.0000,0.0000,0.0000,2257.0000,0.0000,0.0000,0.0000,0.0000,1,0,0,0,0,1,0,0,0,0
zc,WS207,2012-06-13 14:17:31.010,2250.0000,2312,0,0.0000,0.0000,0,0,空换,S,2250.0000,0.0000,0.0000,0.0000,0.0000,2257.0000,0.0000,0.0000,0.0000,0.0000,1,0,0,0,0,1,0,0,0,0
zc,WS207,2012-06-13 14:22:03.760,2250.0000,2312,0,0.0000,0.0000,0,0,空换,S,2250.0000,0.0000,0.0000,0.0000,0.0000,2257.0000,0.0000,0.0000,0.0000,0.0000,1,0,0,0,0,3,0,0,0,0
zc,WS207,2012-06-13 14:22:28.527,2250.0000,2312,0,0.0000,0.0000,0,0,空换,S,2250.0000,0.0000,0.0000,0.0000,0.0000,2257.0000,0.0000,0.0000,0.0000,0.0000,1,0,0,0,0,1,0,0,0,0
zc,WS207,2012-06-13 14:24:15.760,2250.0000,2312,0,0.0000,0.0000,0,0,空换,S,2250.0000,0.0000,0.0000,0.0000,0.0000,2257.0000,0.0000,0.0000,0.0000,0.0000,3,0,0,0,0,1,0,0,0,0
zc,WS207,2012-06-13 14:24:31.027,2250.0000,2312,0,0.0000,0.0000,0,0,空换,S,2250.0000,0.0000,0.0000,0.0000,0.0000,2257.0000,0.0000,0.0000,0.0000,0.0000,3,0,0,0,0,1,0,0,0,0
zc,WS207,2012-06-13 14:27:31.010,2250.0000,2312,0,0.0000,0.0000,0,0,空换,S,2250.0000,0.0000,0.0000,0.0000,0.0000,2257.0000,0.0000,0.0000,0.0000,0.0000,3,0,0,0,0,1,0,0,0,0
zc,WS207,2012-06-13 14:27:49.290,2250.0000,2312,0,0.0000,0.0000,0,0,空换,S,2250.0000,0.0000,0.0000,0.0000,0.0000,2257.0000,0.0000,0.0000,0.0000,0.0000,1,0,0,0,0,1,0,0,0,0
zc,WS207,2012-06-13 14:37:31.010,2250.0000,2312,0,0.0000,0.0000,0,0,空换,S,2250.0000,0.0000,0.0000,0.0000,0.0000,2257.0000,0.0000,0.0000,0.0000,0.0000,1,0,0,0,0,1,0,0,0,0
zc,WS207,2012-06-13 14:39:30.993,2250.0000,2312,0,0.0000,0.0000,0,0,空换,S,2250.0000,0.0000,0.0000,0.0000,0.0000,2257.0000,0.0000,0.0000,0.0000,0.0000,1,0,0,0,0,1,0,0,0,0
zc,WS207,2012-06-13 14:40:30.993,2250.0000,2312,0,0.0000,0.0000,0,0,空换,S,2250.0000,0.0000,0.0000,0.0000,0.0000,2257.0000,0.0000,0.0000,0.0000,0.0000,1,0,0,0,0,1,0,0,0,0
zc,WS207,2012-06-13 14:41:31.010,2250.0000,2312,0,0.0000,0.0000,0,0,空换,S,2250.0000,0.0000,0.0000,0.0000,0.0000,2257.0000,0.0000,0.0000,0.0000,0.0000,1,0,0,0,0,1,0,0,0,0
zc,WS207,2012-06-13 14:46:37.073,2250.0000,2312,0,0.0000,0.0000,0,0,空换,S,2250.0000,0.0000,0.0000,0.0000,0.0000,2257.0000,0.0000,0.0000,0.0000,0.0000,1,0,0,0,0,3,0,0,0,0
zc,WS207,2012-06-13 14:47:30.993,2250.0000,2312,0,0.0000,0.0000,0,0,空换,S,2250.0000,0.0000,0.0000,0.0000,0.0000,2257.0000,0.0000,0.0000,0.0000,0.0000,1,0,0,0,0,3,0,0,0,0
zc,WS207,2012-06-13 14:48:31.010,2250.0000,2312,0,0.0000,0.0000,0,0,空换,S,2250.0000,0.0000,0.0000,0.0000,0.0000,2257.0000,0.0000,0.0000,0.0000,0.0000,1,0,0,0,0,3,0,0,0,0
zc,WS207,2012-06-13 14:51:31.027,2250.0000,2312,0,0.0000,0.0000,0,0,空换,S,2250.0000,0.0000,0.0000,0.0000,0.0000,2257.0000,0.0000,0.0000,0.0000,0.0000,1,0,0,0,0,3,0,0,0,0
zc,WS207,2012-06-13 14:52:31.010,2250.0000,2312,0,0.0000,0.0000,0,0,空换,S,2250.0000,0.0000,0.0000,0.0000,0.0000,2257.0000,0.0000,0.0000,0.0000,0.0000,1,0,0,0,0,3,0,0,0,0
zc,WS207,2012-06-13 14:55:30.980,2250.0000,2312,0,0.0000,0.0000,0,0,空换,S,2250.0000,0.0000,0.0000,0.0000,0.0000,2257.0000,0.0000,0.0000,0.0000,0.0000,1,0,0,0,0,3,0,0,0,0
zc,WS207,2012-06-13 14:56:30.993,2250.0000,2312,0,0.0000,0.0000,0,0,空换,S,2250.0000,0.0000,0.0000,0.0000,0.0000,2257.0000,0.0000,0.0000,0.0000,0.0000,1,0,0,0,0,3,0,0,0,0
zc,WS207,2012-06-13 14:57:31.010,2250.0000,2312,0,0.0000,0.0000,0,0,空换,S,2250.0000,0.0000,0.0000,0.0000,0.0000,2257.0000,0.0000,0.0000,0.0000,0.0000,1,0,0,0,0,3,0,0,0,0
zc,WS207,2012-06-13 14:58:31.010,2250.0000,2312,0,0.0000,0.0000,0,0,空换,S,2250.0000,0.0000,0.0000,0.0000,0.0000,2257.0000,0.0000,0.0000,0.0000,0.0000,1,0,0,0,0,3,0,0,0,0
zc,WS207,2012-06-13 15:00:05.230,2250.0000,2312,0,0.0000,0.0000,0,0,空换,S,2250.0000,0.0000,0.0000,0.0000,0.0000,2257.0000,0.0000,0.0000,0.0000,0.0000,1,0,0,0,0,3,0,0,0,0
