市场代码,合约代码,时间,最新,持仓,增仓,成交额,成交量,开仓,平仓,成交类型,方向,买一价,买二价,买三价,买四价,买五价,卖一价,卖二价,卖三价,卖四价,卖五价,买一量,买二量,买三量,买四量,买五量,卖一量,卖二量,卖三量,卖四量,卖五量
zc,WS211,2012-06-13 07:54:30.197,0.0000,260,0,0.0000,0.0000,0,0,空换,S,0.0000,0.0000,0.0000,0.0000,0.0000,0.0000,0.0000,0.0000,0.0000,0.0000,0,0,0,0,0,0,0,0,0,0
zc,WS211,2012-06-13 07:56:30.213,0.0000,260,0,0.0000,0.0000,0,0,空换,S,0.0000,0.0000,0.0000,0.0000,0.0000,0.0000,0.0000,0.0000,0.0000,0.0000,0,0,0,0,0,0,0,0,0,0
zc,WS211,2012-06-13 07:57:30.197,0.0000,260,0,0.0000,0.0000,0,0,空换,S,0.0000,0.0000,0.0000,0.0000,0.0000,0.0000,0.0000,0.0000,0.0000,0.0000,0,0,0,0,0,0,0,0,0,0
zc,WS211,2012-06-13 07:58:30.213,0.0000,260,0,0.0000,0.0000,0,0,空换,S,0.0000,0.0000,0.0000,0.0000,0.0000,0.0000,0.0000,0.0000,0.0000,0.0000,0,0,0,0,0,0,0,0,0,0
zc,WS211,2012-06-13 08:01:30.197,0.0000,260,0,0.0000,0.0000,0,0,空换,S,0.0000,0.0000,0.0000,0.0000,0.0000,0.0000,0.0000,0.0000,0.0000,0.0000,0,0,0,0,0,0,0,0,0,0
zc,WS211,2012-06-13 08:08:31.510,0.0000,260,0,0.0000,0.0000,0,0,空换,S,0.0000,0.0000,0.0000,0.0000,0.0000,0.0000,0.0000,0.0000,0.0000,0.0000,0,0,0,0,0,0,0,0,0,0
zc,WS211,2012-06-13 08:31:31.480,0.0000,260,0,0.0000,0.0000,0,0,空换,S,0.0000,0.0000,0.0000,0.0000,0.0000,0.0000,0.0000,0.0000,0.0000,0.0000,0,0,0,0,0,0,0,0,0,0
zc,WS211,2012-06-13 08:32:31.480,0.0000,260,0,0.0000,0.0000,0,0,空换,S,0.0000,0.0000,0.0000,0.0000,0.0000,0.0000,0.0000,0.0000,0.0000,0.0000,0,0,0,0,0,0,0,0,0,0
zc,WS211,2012-06-13 09:00:01.353,0.0000,260,0,0.0000,0.0000,0,0,空换,S,2469.0000,0.0000,0.0000,0.0000,0.0000,2489.0000,0.0000,0.0000,0.0000,0.0000,10,0,0,0,0,2,0,0,0,0
zc,WS211,2012-06-13 09:00:03.183,0.0000,260,0,0.0000,0.0000,0,0,空换,S,2471.0000,0.0000,0.0000,0.0000,0.0000,2491.0000,0.0000,0.0000,0.0000,0.0000,10,0,0,0,0,2,0,0,0,0
zc,WS211,2012-06-13 09:00:03.917,0.0000,260,0,0.0000,0.0000,0,0,空换,S,2471.0000,0.0000,0.0000,0.0000,0.0000,2491.0000,0.0000,0.0000,0.0000,0.0000,3,0,0,0,0,2,0,0,0,0
zc,WS211,2012-06-13 09:00:04.900,0.0000,260,0,0.0000,0.0000,0,0,空换,S,2470.0000,0.0000,0.0000,0.0000,0.0000,2491.0000,0.0000,0.0000,0.0000,0.0000,10,0,0,0,0,2,0,0,0,0
zc,WS211,2012-06-13 09:00:05.323,0.0000,260,0,0.0000,0.0000,0,0,空换,S,2470.0000,0.0000,0.0000,0.0000,0.0000,2490.0000,0.0000,0.0000,0.0000,0.0000,10,0,0,0,0,2,0,0,0,0
zc,WS211,2012-06-13 09:00:13.353,0.0000,260,0,0.0000,0.0000,0,0,空换,S,2471.0000,0.0000,0.0000,0.0000,0.0000,2491.0000,0.0000,0.0000,0.0000,0.0000,10,0,0,0,0,2,0,0,0,0
zc,WS211,2012-06-13 09:00:16.637,0.0000,260,0,0.0000,0.0000,0,0,空换,S,2471.0000,0.0000,0.0000,0.0000,0.0000,2491.0000,0.0000,0.0000,0.0000,0.0000,5,0,0,0,0,2,0,0,0,0
zc,WS211,2012-06-13 09:00:17.120,0.0000,260,0,0.0000,0.0000,0,0,空换,S,2470.0000,0.0000,0.0000,0.0000,0.0000,2490.0000,0.0000,0.0000,0.0000,0.0000,10,0,0,0,0,2,0,0,0,0
zc,WS211,2012-06-13 09:00:27.307,0.0000,260,0,0.0000,0.0000,0,0,空换,S,2471.0000,0.0000,0.0000,0.0000,0.0000,2491.0000,0.0000,0.0000,0.0000,0.0000,10,0,0,0,0,2,0,0,0,0
zc,WS211,2012-06-13 09:00:31.493,0.0000,260,0,0.0000,0.0000,0,0,空换,S,2471.0000,0.0000,0.0000,0.0000,0.0000,2491.0000,0.0000,0.0000,0.0000,0.0000,10,0,0,0,0,2,0,0,0,0
zc,WS211,2012-06-13 09:00:34.573,0.0000,260,0,0.0000,0.0000,0,0,空换,S,2470.0000,0.0000,0.0000,0.0000,0.0000,2490.0000,0.0000,0.0000,0.0000,0.0000,10,0,0,0,0,2,0,0,0,0
zc,WS211,2012-06-13 09:00:44.573,0.0000,260,0,0.0000,0.0000,0,0,空换,S,2471.0000,0.0000,0.0000,0.0000,0.0000,2491.0000,0.0000,0.0000,0.0000,0.0000,10,0,0,0,0,2,0,0,0,0
zc,WS211,2012-06-13 09:00:50.353,0.0000,260,0,0.0000,0.0000,0,0,空换,S,2472.0000,0.0000,0.0000,0.0000,0.0000,2492.0000,0.0000,0.0000,0.0000,0.0000,10,0,0,0,0,2,0,0,0,0
zc,WS211,2012-06-13 09:00:59.150,0.0000,260,0,0.0000,0.0000,0,0,空换,S,2471.0000,0.0000,0.0000,0.0000,0.0000,2491.0000,0.0000,0.0000,0.0000,0.0000,10,0,0,0,0,2,0,0,0,0
zc,WS211,2012-06-13 09:01:02.603,0.0000,260,0,0.0000,0.0000,0,0,空换,S,2472.0000,0.0000,0.0000,0.0000,0.0000,2492.0000,0.0000,0.0000,0.0000,0.0000,10,0,0,0,0,2,0,0,0,0
zc,WS211,2012-06-13 09:01:03.777,0.0000,260,0,0.0000,0.0000,0,0,空换,S,2472.0000,0.0000,0.0000,0.0000,0.0000,2492.0000,0.0000,0.0000,0.0000,0.0000,5,0,0,0,0,2,0,0,0,0
zc,WS211,2012-06-13 09:01:05.120,0.0000,260,0,0.0000,0.0000,0,0,空换,S,2471.0000,0.0000,0.0000,0.0000,0.0000,2491.0000,0.0000,0.0000,0.0000,0.0000,10,0,0,0,0,2,0,0,0,0
zc,WS211,2012-06-13 09:01:09.150,0.0000,260,0,0.0000,0.0000,0,0,空换,S,2472.0000,0.0000,0.0000,0.0000,0.0000,2492.0000,0.0000,0.0000,0.0000,0.0000,2,0,0,0,0,2,0,0,0,0
zc,WS211,2012-06-13 09:01:10.307,0.0000,260,0,0.0000,0.0000,0,0,空换,S,2471.0000,0.0000,0.0000,0.0000,0.0000,2491.0000,0.0000,0.0000,0.0000,0.0000,10,0,0,0,0,2,0,0,0,0
zc,WS211,2012-06-13 09:01:24.870,0.0000,260,0,0.0000,0.0000,0,0,空换,S,2471.0000,0.0000,0.0000,0.0000,0.0000,2491.0000,0.0000,0.0000,0.0000,0.0000,8,0,0,0,0,2,0,0,0,0
zc,WS211,2012-06-13 09:01:29.307,0.0000,260,0,0.0000,0.0000,0,0,空换,S,2471.0000,0.0000,0.0000,0.0000,0.0000,2491.0000,0.0000,0.0000,0.0000,0.0000,7,0,0,0,0,2,0,0,0,0
zc,WS211,2012-06-13 09:01:30.027,0.0000,260,0,0.0000,0.0000,0,0,空换,S,2471.0000,0.0000,0.0000,0.0000,0.0000,2491.0000,0.0000,0.0000,0.0000,0.0000,10,0,0,0,0,2,0,0,0,0
zc,WS211,2012-06-13 09:01:40.323,0.0000,260,0,0.0000,0.0000,0,0,空换,S,2472.0000,0.0000,0.0000,0.0000,0.0000,2491.0000,0.0000,0.0000,0.0000,0.0000,1,0,0,0,0,2,0,0,0,0
zc,WS211,2012-06-13 09:02:10.823,0.0000,260,0,0.0000,0.0000,0,0,空换,S,2471.0000,0.0000,0.0000,0.0000,0.0000,2490.0000,0.0000,0.0000,0.0000,0.0000,1,0,0,0,0,2,0,0,0,0
zc,WS211,2012-06-13 09:02:19.807,0.0000,260,0,0.0000,0.0000,0,0,空换,S,2472.0000,0.0000,0.0000,0.0000,0.0000,2491.0000,0.0000,0.0000,0.0000,0.0000,1,0,0,0,0,2,0,0,0,0
zc,WS211,2012-06-13 09:02:22.540,0.0000,260,0,0.0000,0.0000,0,0,空换,S,2471.0000,0.0000,0.0000,0.0000,0.0000,2490.0000,0.0000,0.0000,0.0000,0.0000,1,0,0,0,0,2,0,0,0,0
zc,WS211,2012-06-13 09:02:51.540,0.0000,260,0,0.0000,0.0000,0,0,空换,S,2470.0000,0.0000,0.0000,0.0000,0.0000,2490.0000,0.0000,0.0000,0.0000,0.0000,1,0,0,0,0,2,0,0,0,0
zc,WS211,2012-06-13 09:02:53.557,0.0000,260,0,0.0000,0.0000,0,0,空换,S,2470.0000,0.0000,0.0000,0.0000,0.0000,2489.0000,0.0000,0.0000,0.0000,0.0000,1,0,0,0,0,2,0,0,0,0
zc,WS211,2012-06-13 09:02:58.573,0.0000,260,0,0.0000,0.0000,0,0,空换,S,2471.0000,0.0000,0.0000,0.0000,0.0000,2490.0000,0.0000,0.0000,0.0000,0.0000,1,0,0,0,0,2,0,0,0,0
zc,WS211,2012-06-13 09:03:00.277,0.0000,260,0,0.0000,0.0000,0,0,空换,S,2470.0000,0.0000,0.0000,0.0000,0.0000,2489.0000,0.0000,0.0000,0.0000,0.0000,1,0,0,0,0,2,0,0,0,0
zc,WS211,2012-06-13 09:03:22.807,0.0000,260,0,0.0000,0.0000,0,0,空换,S,2469.0000,0.0000,0.0000,0.0000,0.0000,2488.0000,0.0000,0.0000,0.0000,0.0000,1,0,0,0,0,2,0,0,0,0
zc,WS211,2012-06-13 09:03:23.260,0.0000,260,0,0.0000,0.0000,0,0,空换,S,2470.0000,0.0000,0.0000,0.0000,0.0000,2489.0000,0.0000,0.0000,0.0000,0.0000,1,0,0,0,0,2,0,0,0,0
zc,WS211,2012-06-13 09:04:34.743,0.0000,260,0,0.0000,0.0000,0,0,空换,S,2469.0000,0.0000,0.0000,0.0000,0.0000,2489.0000,0.0000,0.0000,0.0000,0.0000,1,0,0,0,0,2,0,0,0,0
zc,WS211,2012-06-13 09:04:35.290,0.0000,260,0,0.0000,0.0000,0,0,空换,S,2469.0000,0.0000,0.0000,0.0000,0.0000,2488.0000,0.0000,0.0000,0.0000,0.0000,1,0,0,0,0,1,0,0,0,0
zc,WS211,2012-06-13 09:04:36.057,0.0000,260,0,0.0000,0.0000,0,0,空换,S,2469.0000,0.0000,0.0000,0.0000,0.0000,2488.0000,0.0000,0.0000,0.0000,0.0000,1,0,0,0,0,2,0,0,0,0
zc,WS211,2012-06-13 09:04:37.790,0.0000,260,0,0.0000,0.0000,0,0,空换,S,2470.0000,0.0000,0.0000,0.0000,0.0000,2489.0000,0.0000,0.0000,0.0000,0.0000,1,0,0,0,0,2,0,0,0,0
zc,WS211,2012-06-13 09:04:40.743,0.0000,260,0,0.0000,0.0000,0,0,空换,S,2469.0000,0.0000,0.0000,0.0000,0.0000,2488.0000,0.0000,0.0000,0.0000,0.0000,1,0,0,0,0,1,0,0,0,0
zc,WS211,2012-06-13 09:04:41.790,0.0000,260,0,0.0000,0.0000,0,0,空换,S,2469.0000,0.0000,0.0000,0.0000,0.0000,2489.0000,0.0000,0.0000,0.0000,0.0000,1,0,0,0,0,2,0,0,0,0
zc,WS211,2012-06-13 09:04:44.790,0.0000,260,0,0.0000,0.0000,0,0,空换,S,2470.0000,0.0000,0.0000,0.0000,0.0000,2489.0000,0.0000,0.0000,0.0000,0.0000,1,0,0,0,0,2,0,0,0,0
zc,WS211,2012-06-13 09:04:49.057,0.0000,260,0,0.0000,0.0000,0,0,空换,S,2471.0000,0.0000,0.0000,0.0000,0.0000,2490.0000,0.0000,0.0000,0.0000,0.0000,1,0,0,0,0,2,0,0,0,0
zc,WS211,2012-06-13 09:04:52.010,0.0000,260,0,0.0000,0.0000,0,0,空换,S,2471.0000,0.0000,0.0000,0.0000,0.0000,2490.0000,0.0000,0.0000,0.0000,0.0000,1,0,0,0,0,3,0,0,0,0
zc,WS211,2012-06-13 09:04:59.307,0.0000,260,0,0.0000,0.0000,0,0,空换,S,2471.0000,0.0000,0.0000,0.0000,0.0000,2489.0000,0.0000,0.0000,0.0000,0.0000,1,0,0,0,0,1,0,0,0,0
zc,WS211,2012-06-13 09:05:01.260,0.0000,260,0,0.0000,0.0000,0,0,空换,S,2471.0000,0.0000,0.0000,0.0000,0.0000,2489.0000,0.0000,0.0000,0.0000,0.0000,1,0,0,0,0,2,0,0,0,0
zc,WS211,2012-06-13 09:05:01.743,0.0000,260,0,0.0000,0.0000,0,0,空换,S,2471.0000,0.0000,0.0000,0.0000,0.0000,2489.0000,0.0000,0.0000,0.0000,0.0000,1,0,0,0,0,1,0,0,0,0
zc,WS211,2012-06-13 09:05:18.073,0.0000,260,0,0.0000,0.0000,0,0,空换,S,2472.0000,0.0000,0.0000,0.0000,0.0000,2489.0000,0.0000,0.0000,0.0000,0.0000,1,0,0,0,0,1,0,0,0,0
zc,WS211,2012-06-13 09:05:23.557,0.0000,260,0,0.0000,0.0000,0,0,空换,S,2472.0000,0.0000,0.0000,0.0000,0.0000,2488.0000,0.0000,0.0000,0.0000,0.0000,1,0,0,0,0,1,0,0,0,0
zc,WS211,2012-06-13 09:05:30.573,0.0000,260,0,0.0000,0.0000,0,0,空换,S,2472.0000,0.0000,0.0000,0.0000,0.0000,2488.0000,0.0000,0.0000,0.0000,0.0000,1,0,0,0,0,11,0,0,0,0
zc,WS211,2012-06-13 09:05:53.493,0.0000,260,0,0.0000,0.0000,0,0,空换,S,2472.0000,0.0000,0.0000,0.0000,0.0000,2487.0000,0.0000,0.0000,0.0000,0.0000,1,0,0,0,0,1,0,0,0,0
zc,WS211,2012-06-13 09:06:01.540,0.0000,260,0,0.0000,0.0000,0,0,空换,S,2472.0000,0.0000,0.0000,0.0000,0.0000,2488.0000,0.0000,0.0000,0.0000,0.0000,1,0,0,0,0,11,0,0,0,0
zc,WS211,2012-06-13 09:06:12.027,0.0000,260,0,0.0000,0.0000,0,0,空换,S,2472.0000,0.0000,0.0000,0.0000,0.0000,2487.0000,0.0000,0.0000,0.0000,0.0000,1,0,0,0,0,1,0,0,0,0
zc,WS211,2012-06-13 09:06:25.057,0.0000,260,0,0.0000,0.0000,0,0,空换,S,2472.0000,0.0000,0.0000,0.0000,0.0000,2488.0000,0.0000,0.0000,0.0000,0.0000,1,0,0,0,0,11,0,0,0,0
zc,WS211,2012-06-13 09:06:25.557,0.0000,260,0,0.0000,0.0000,0,0,空换,S,2472.0000,0.0000,0.0000,0.0000,0.0000,2487.0000,0.0000,0.0000,0.0000,0.0000,1,0,0,0,0,1,0,0,0,0
zc,WS211,2012-06-13 09:06:30.557,0.0000,260,0,0.0000,0.0000,0,0,空换,S,2472.0000,0.0000,0.0000,0.0000,0.0000,2488.0000,0.0000,0.0000,0.0000,0.0000,1,0,0,0,0,11,0,0,0,0
zc,WS211,2012-06-13 09:06:37.993,0.0000,260,0,0.0000,0.0000,0,0,空换,S,2472.0000,0.0000,0.0000,0.0000,0.0000,2487.0000,0.0000,0.0000,0.0000,0.0000,1,0,0,0,0,1,0,0,0,0
zc,WS211,2012-06-13 09:06:54.337,0.0000,260,0,0.0000,0.0000,0,0,空换,S,2472.0000,0.0000,0.0000,0.0000,0.0000,2487.0000,0.0000,0.0000,0.0000,0.0000,1,0,0,0,0,2,0,0,0,0
zc,WS211,2012-06-13 09:06:54.790,0.0000,260,0,0.0000,0.0000,0,0,空换,S,2472.0000,0.0000,0.0000,0.0000,0.0000,2486.0000,0.0000,0.0000,0.0000,0.0000,1,0,0,0,0,1,0,0,0,0
zc,WS211,2012-06-13 09:07:03.027,0.0000,260,0,0.0000,0.0000,0,0,空换,S,2472.0000,0.0000,0.0000,0.0000,0.0000,2487.0000,0.0000,0.0000,0.0000,0.0000,1,0,0,0,0,2,0,0,0,0
zc,WS211,2012-06-13 09:07:03.510,0.0000,260,0,0.0000,0.0000,0,0,空换,S,2472.0000,0.0000,0.0000,0.0000,0.0000,2487.0000,0.0000,0.0000,0.0000,0.0000,1,0,0,0,0,1,0,0,0,0
zc,WS211,2012-06-13 09:07:05.510,0.0000,260,0,0.0000,0.0000,0,0,空换,S,2472.0000,0.0000,0.0000,0.0000,0.0000,2487.0000,0.0000,0.0000,0.0000,0.0000,1,0,0,0,0,2,0,0,0,0
zc,WS211,2012-06-13 09:07:08.510,0.0000,260,0,0.0000,0.0000,0,0,空换,S,2472.0000,0.0000,0.0000,0.0000,0.0000,2487.0000,0.0000,0.0000,0.0000,0.0000,1,0,0,0,0,1,0,0,0,0
zc,WS211,2012-06-13 09:07:29.743,0.0000,260,0,0.0000,0.0000,0,0,空换,S,2472.0000,0.0000,0.0000,0.0000,0.0000,2486.0000,0.0000,0.0000,0.0000,0.0000,1,0,0,0,0,1,0,0,0,0
zc,WS211,2012-06-13 09:07:33.510,0.0000,260,0,0.0000,0.0000,0,0,空换,S,2472.0000,0.0000,0.0000,0.0000,0.0000,2486.0000,0.0000,0.0000,0.0000,0.0000,1,0,0,0,0,2,0,0,0,0
zc,WS211,2012-06-13 09:07:49.243,0.0000,260,0,0.0000,0.0000,0,0,空换,S,2472.0000,0.0000,0.0000,0.0000,0.0000,2486.0000,0.0000,0.0000,0.0000,0.0000,1,0,0,0,0,1,0,0,0,0
zc,WS211,2012-06-13 09:07:55.243,0.0000,260,0,0.0000,0.0000,0,0,空换,S,2472.0000,0.0000,0.0000,0.0000,0.0000,2485.0000,0.0000,0.0000,0.0000,0.0000,1,0,0,0,0,1,0,0,0,0
zc,WS211,2012-06-13 09:08:03.777,0.0000,260,0,0.0000,0.0000,0,0,空换,S,2472.0000,0.0000,0.0000,0.0000,0.0000,2486.0000,0.0000,0.0000,0.0000,0.0000,1,0,0,0,0,2,0,0,0,0
zc,WS211,2012-06-13 09:08:19.743,0.0000,260,0,0.0000,0.0000,0,0,空换,S,2472.0000,0.0000,0.0000,0.0000,0.0000,2486.0000,0.0000,0.0000,0.0000,0.0000,1,0,0,0,0,1,0,0,0,0
zc,WS211,2012-06-13 09:08:26.040,0.0000,260,0,0.0000,0.0000,0,0,空换,S,2472.0000,0.0000,0.0000,0.0000,0.0000,2486.0000,0.0000,0.0000,0.0000,0.0000,1,0,0,0,0,2,0,0,0,0
zc,WS211,2012-06-13 09:08:27.307,0.0000,260,0,0.0000,0.0000,0,0,空换,S,2472.0000,0.0000,0.0000,0.0000,0.0000,2486.0000,0.0000,0.0000,0.0000,0.0000,1,0,0,0,0,1,0,0,0,0
zc,WS211,2012-06-13 09:08:31.480,0.0000,260,0,0.0000,0.0000,0,0,空换,S,2472.0000,0.0000,0.0000,0.0000,0.0000,2486.0000,0.0000,0.0000,0.0000,0.0000,1,0,0,0,0,1,0,0,0,0
zc,WS211,2012-06-13 09:08:36.837,0.0000,260,0,0.0000,0.0000,0,0,空换,S,2472.0000,0.0000,0.0000,0.0000,0.0000,2486.0000,0.0000,0.0000,0.0000,0.0000,1,0,0,0,0,2,0,0,0,0
zc,WS211,2012-06-13 09:08:38.040,0.0000,260,0,0.0000,0.0000,0,0,空换,S,2472.0000,0.0000,0.0000,0.0000,0.0000,2485.0000,0.0000,0.0000,0.0000,0.0000,1,0,0,0,0,1,0,0,0,0
zc,WS211,2012-06-13 09:09:00.510,0.0000,260,0,0.0000,0.0000,0,0,空换,S,2472.0000,0.0000,0.0000,0.0000,0.0000,2486.0000,0.0000,0.0000,0.0000,0.0000,1,0,0,0,0,2,0,0,0,0
zc,WS211,2012-06-13 09:09:16.260,0.0000,260,0,0.0000,0.0000,0,0,空换,S,2472.0000,0.0000,0.0000,0.0000,0.0000,2485.0000,0.0000,0.0000,0.0000,0.0000,1,0,0,0,0,1,0,0,0,0
zc,WS211,2012-06-13 09:09:17.540,0.0000,260,0,0.0000,0.0000,0,0,空换,S,2472.0000,0.0000,0.0000,0.0000,0.0000,2485.0000,0.0000,0.0000,0.0000,0.0000,1,0,0,0,0,2,0,0,0,0
zc,WS211,2012-06-13 09:09:52.243,0.0000,260,0,0.0000,0.0000,0,0,空换,S,2472.0000,0.0000,0.0000,0.0000,0.0000,2485.0000,0.0000,0.0000,0.0000,0.0000,1,0,0,0,0,1,0,0,0,0
zc,WS211,2012-06-13 09:10:06.790,0.0000,260,0,0.0000,0.0000,0,0,空换,S,2472.0000,0.0000,0.0000,0.0000,0.0000,2486.0000,0.0000,0.0000,0.0000,0.0000,1,0,0,0,0,2,0,0,0,0
zc,WS211,2012-06-13 09:10:10.027,0.0000,260,0,0.0000,0.0000,0,0,空换,S,2472.0000,0.0000,0.0000,0.0000,0.0000,2486.0000,0.0000,0.0000,0.0000,0.0000,1,0,0,0,0,1,0,0,0,0
zc,WS211,2012-06-13 09:10:21.980,0.0000,260,0,0.0000,0.0000,0,0,空换,S,2472.0000,0.0000,0.0000,0.0000,0.0000,2487.0000,0.0000,0.0000,0.0000,0.0000,1,0,0,0,0,2,0,0,0,0
zc,WS211,2012-06-13 09:10:29.527,0.0000,260,0,0.0000,0.0000,0,0,空换,S,2485.0000,0.0000,0.0000,0.0000,0.0000,2487.0000,0.0000,0.0000,0.0000,0.0000,1,0,0,0,0,2,0,0,0,0
zc,WS211,2012-06-13 09:10:30.213,2485.0000,262,2,0.0000,2.0000,2,0,双开,B,2469.0000,0.0000,0.0000,0.0000,0.0000,2485.0000,0.0000,0.0000,0.0000,0.0000,1,0,0,0,0,6,0,0,0,0
zc,WS211,2012-06-13 09:10:30.760,2485.0000,262,0,0.0000,0.0000,0,0,多换,B,2469.0000,0.0000,0.0000,0.0000,0.0000,2485.0000,0.0000,0.0000,0.0000,0.0000,1,0,0,0,0,5,0,0,0,0
zc,WS211,2012-06-13 09:11:00.993,2485.0000,262,0,0.0000,0.0000,0,0,多换,B,2470.0000,0.0000,0.0000,0.0000,0.0000,2487.0000,0.0000,0.0000,0.0000,0.0000,1,0,0,0,0,1,0,0,0,0
zc,WS211,2012-06-13 09:11:12.480,2485.0000,262,0,0.0000,0.0000,0,0,多换,B,2470.0000,0.0000,0.0000,0.0000,0.0000,2488.0000,0.0000,0.0000,0.0000,0.0000,1,0,0,0,0,12,0,0,0,0
zc,WS211,2012-06-13 09:11:13.493,2485.0000,262,0,0.0000,0.0000,0,0,多换,B,2470.0000,0.0000,0.0000,0.0000,0.0000,2487.0000,0.0000,0.0000,0.0000,0.0000,1,0,0,0,0,1,0,0,0,0
zc,WS211,2012-06-13 09:11:13.980,2485.0000,262,0,0.0000,0.0000,0,0,多换,B,2470.0000,0.0000,0.0000,0.0000,0.0000,2488.0000,0.0000,0.0000,0.0000,0.0000,1,0,0,0,0,12,0,0,0,0
zc,WS211,2012-06-13 09:11:18.837,2485.0000,262,0,0.0000,0.0000,0,0,多换,B,2470.0000,0.0000,0.0000,0.0000,0.0000,2487.0000,0.0000,0.0000,0.0000,0.0000,1,0,0,0,0,1,0,0,0,0
zc,WS211,2012-06-13 09:11:19.993,2485.0000,262,0,0.0000,0.0000,0,0,多换,B,2470.0000,0.0000,0.0000,0.0000,0.0000,2488.0000,0.0000,0.0000,0.0000,0.0000,1,0,0,0,0,12,0,0,0,0
zc,WS211,2012-06-13 09:11:39.307,2485.0000,262,0,0.0000,0.0000,0,0,多换,B,2471.0000,0.0000,0.0000,0.0000,0.0000,2488.0000,0.0000,0.0000,0.0000,0.0000,1,0,0,0,0,11,0,0,0,0
zc,WS211,2012-06-13 09:11:40.243,2485.0000,262,0,0.0000,0.0000,0,0,多换,B,2471.0000,0.0000,0.0000,0.0000,0.0000,2488.0000,0.0000,0.0000,0.0000,0.0000,1,0,0,0,0,10,0,0,0,0
zc,WS211,2012-06-13 09:11:48.243,2485.0000,262,0,0.0000,0.0000,0,0,多换,B,2471.0000,0.0000,0.0000,0.0000,0.0000,2488.0000,0.0000,0.0000,0.0000,0.0000,1,0,0,0,0,11,0,0,0,0
zc,WS211,2012-06-13 09:11:50.243,2485.0000,262,0,0.0000,0.0000,0,0,多换,B,2471.0000,0.0000,0.0000,0.0000,0.0000,2488.0000,0.0000,0.0000,0.0000,0.0000,1,0,0,0,0,10,0,0,0,0
zc,WS211,2012-06-13 09:11:52.980,2485.0000,262,0,0.0000,0.0000,0,0,多换,B,2471.0000,0.0000,0.0000,0.0000,0.0000,2486.0000,0.0000,0.0000,0.0000,0.0000,1,0,0,0,0,4,0,0,0,0
zc,WS211,2012-06-13 09:11:54.760,2485.0000,262,0,0.0000,0.0000,0,0,多换,B,2470.0000,0.0000,0.0000,0.0000,0.0000,2485.0000,0.0000,0.0000,0.0000,0.0000,1,0,0,0,0,4,0,0,0,0
zc,WS211,2012-06-13 09:12:49.963,2485.0000,262,0,0.0000,0.0000,0,0,多换,B,2470.0000,0.0000,0.0000,0.0000,0.0000,2485.0000,0.0000,0.0000,0.0000,0.0000,1,0,0,0,0,3,0,0,0,0
zc,WS211,2012-06-13 09:12:50.463,2485.0000,262,0,0.0000,0.0000,0,0,多换,B,2470.0000,0.0000,0.0000,0.0000,0.0000,2485.0000,0.0000,0.0000,0.0000,0.0000,1,0,0,0,0,2,0,0,0,0
zc,WS211,2012-06-13 09:12:51.243,2485.0000,262,0,0.0000,0.0000,0,0,多换,B,2470.0000,0.0000,0.0000,0.0000,0.0000,2486.0000,0.0000,0.0000,0.0000,0.0000,1,0,0,0,0,4,0,0,0,0
zc,WS211,2012-06-13 09:12:51.743,2485.0000,262,0,0.0000,0.0000,0,0,多换,B,2471.0000,0.0000,0.0000,0.0000,0.0000,2486.0000,0.0000,0.0000,0.0000,0.0000,1,0,0,0,0,4,0,0,0,0
zc,WS211,2012-06-13 09:13:04.540,2485.0000,262,0,0.0000,0.0000,0,0,多换,B,2470.0000,0.0000,0.0000,0.0000,0.0000,2485.0000,0.0000,0.0000,0.0000,0.0000,1,0,0,0,0,4,0,0,0,0
zc,WS211,2012-06-13 09:13:08.307,2485.0000,262,0,0.0000,0.0000,0,0,多换,B,2470.0000,0.0000,0.0000,0.0000,0.0000,2485.0000,0.0000,0.0000,0.0000,0.0000,1,0,0,0,0,5,0,0,0,0
zc,WS211,2012-06-13 09:13:40.980,2485.0000,262,0,0.0000,0.0000,0,0,多换,B,2470.0000,0.0000,0.0000,0.0000,0.0000,2485.0000,0.0000,0.0000,0.0000,0.0000,1,0,0,0,0,4,0,0,0,0
zc,WS211,2012-06-13 09:14:18.993,2485.0000,262,0,0.0000,0.0000,0,0,多换,B,2471.0000,0.0000,0.0000,0.0000,0.0000,2486.0000,0.0000,0.0000,0.0000,0.0000,1,0,0,0,0,5,0,0,0,0
zc,WS211,2012-06-13 09:14:40.260,2485.0000,262,0,0.0000,0.0000,0,0,多换,B,2471.0000,0.0000,0.0000,0.0000,0.0000,2486.0000,0.0000,0.0000,0.0000,0.0000,1,0,0,0,0,6,0,0,0,0
zc,WS211,2012-06-13 09:14:41.527,2485.0000,262,0,0.0000,0.0000,0,0,多换,B,2472.0000,0.0000,0.0000,0.0000,0.0000,2486.0000,0.0000,0.0000,0.0000,0.0000,2,0,0,0,0,6,0,0,0,0
zc,WS211,2012-06-13 09:14:42.760,2485.0000,262,0,0.0000,0.0000,0,0,多换,B,2472.0000,0.0000,0.0000,0.0000,0.0000,2485.0000,0.0000,0.0000,0.0000,0.0000,2,0,0,0,0,1,0,0,0,0
zc,WS211,2012-06-13 09:14:49.260,2485.0000,262,0,0.0000,0.0000,0,0,多换,B,2471.0000,0.0000,0.0000,0.0000,0.0000,2485.0000,0.0000,0.0000,0.0000,0.0000,1,0,0,0,0,1,0,0,0,0
zc,WS211,2012-06-13 09:14:57.010,2485.0000,262,0,0.0000,0.0000,0,0,多换,B,2471.0000,0.0000,0.0000,0.0000,0.0000,2486.0000,0.0000,0.0000,0.0000,0.0000,1,0,0,0,0,6,0,0,0,0
zc,WS211,2012-06-13 09:15:00.307,2485.0000,262,0,0.0000,0.0000,0,0,多换,B,2471.0000,0.0000,0.0000,0.0000,0.0000,2485.0000,0.0000,0.0000,0.0000,0.0000,1,0,0,0,0,1,0,0,0,0
zc,WS211,2012-06-13 09:15:03.730,2485.0000,262,0,0.0000,0.0000,0,0,多换,B,2471.0000,0.0000,0.0000,0.0000,0.0000,2486.0000,0.0000,0.0000,0.0000,0.0000,1,0,0,0,0,6,0,0,0,0
zc,WS211,2012-06-13 09:15:04.230,2485.0000,262,0,0.0000,0.0000,0,0,多换,B,2471.0000,0.0000,0.0000,0.0000,0.0000,2486.0000,0.0000,0.0000,0.0000,0.0000,1,0,0,0,0,5,0,0,0,0
zc,WS211,2012-06-13 09:15:05.040,2485.0000,262,0,0.0000,0.0000,0,0,多换,B,2472.0000,0.0000,0.0000,0.0000,0.0000,2486.0000,0.0000,0.0000,0.0000,0.0000,1,0,0,0,0,1,0,0,0,0
zc,WS211,2012-06-13 09:15:09.510,2485.0000,262,0,0.0000,0.0000,0,0,多换,B,2471.0000,0.0000,0.0000,0.0000,0.0000,2486.0000,0.0000,0.0000,0.0000,0.0000,1,0,0,0,0,5,0,0,0,0
zc,WS211,2012-06-13 09:15:11.807,2485.0000,262,0,0.0000,0.0000,0,0,多换,B,2471.0000,0.0000,0.0000,0.0000,0.0000,2486.0000,0.0000,0.0000,0.0000,0.0000,1,0,0,0,0,3,0,0,0,0
zc,WS211,2012-06-13 09:15:12.993,2485.0000,262,0,0.0000,0.0000,0,0,多换,B,2472.0000,0.0000,0.0000,0.0000,0.0000,2486.0000,0.0000,0.0000,0.0000,0.0000,1,0,0,0,0,1,0,0,0,0
zc,WS211,2012-06-13 09:15:28.480,2485.0000,262,0,0.0000,0.0000,0,0,多换,B,2473.0000,0.0000,0.0000,0.0000,0.0000,2486.0000,0.0000,0.0000,0.0000,0.0000,1,0,0,0,0,1,0,0,0,0
zc,WS211,2012-06-13 09:15:36.587,2485.0000,262,0,0.0000,0.0000,0,0,多换,B,2474.0000,0.0000,0.0000,0.0000,0.0000,2486.0000,0.0000,0.0000,0.0000,0.0000,1,0,0,0,0,1,0,0,0,0
zc,WS211,2012-06-13 09:15:36.777,2485.0000,262,0,0.0000,0.0000,0,0,多换,B,2473.0000,0.0000,0.0000,0.0000,0.0000,2486.0000,0.0000,0.0000,0.0000,0.0000,1,0,0,0,0,1,0,0,0,0
zc,WS211,2012-06-13 09:15:43.743,2485.0000,262,0,0.0000,0.0000,0,0,多换,B,2474.0000,0.0000,0.0000,0.0000,0.0000,2486.0000,0.0000,0.0000,0.0000,0.0000,1,0,0,0,0,1,0,0,0,0
zc,WS211,2012-06-13 09:15:50.387,2485.0000,262,0,0.0000,0.0000,0,0,多换,B,2475.0000,0.0000,0.0000,0.0000,0.0000,2486.0000,0.0000,0.0000,0.0000,0.0000,1,0,0,0,0,1,0,0,0,0
zc,WS211,2012-06-13 09:15:54.510,2485.0000,262,0,0.0000,0.0000,0,0,多换,B,2474.0000,0.0000,0.0000,0.0000,0.0000,2486.0000,0.0000,0.0000,0.0000,0.0000,1,0,0,0,0,1,0,0,0,0
zc,WS211,2012-06-13 09:15:58.057,2485.0000,262,0,0.0000,0.0000,0,0,多换,B,2475.0000,0.0000,0.0000,0.0000,0.0000,2486.0000,0.0000,0.0000,0.0000,0.0000,1,0,0,0,0,1,0,0,0,0
zc,WS211,2012-06-13 09:15:58.790,2485.0000,262,0,0.0000,0.0000,0,0,多换,B,2474.0000,0.0000,0.0000,0.0000,0.0000,2486.0000,0.0000,0.0000,0.0000,0.0000,1,0,0,0,0,1,0,0,0,0
zc,WS211,2012-06-13 09:15:59.760,2485.0000,262,0,0.0000,0.0000,0,0,多换,B,2475.0000,0.0000,0.0000,0.0000,0.0000,2486.0000,0.0000,0.0000,0.0000,0.0000,1,0,0,0,0,1,0,0,0,0
zc,WS211,2012-06-13 09:16:04.087,2485.0000,262,0,0.0000,0.0000,0,0,多换,B,2474.0000,0.0000,0.0000,0.0000,0.0000,2486.0000,0.0000,0.0000,0.0000,0.0000,1,0,0,0,0,1,0,0,0,0
zc,WS211,2012-06-13 09:16:17.777,2485.0000,262,0,0.0000,0.0000,0,0,多换,B,2475.0000,0.0000,0.0000,0.0000,0.0000,2486.0000,0.0000,0.0000,0.0000,0.0000,1,0,0,0,0,1,0,0,0,0
zc,WS211,2012-06-13 09:16:28.010,2485.0000,262,0,0.0000,0.0000,0,0,多换,B,2474.0000,0.0000,0.0000,0.0000,0.0000,2486.0000,0.0000,0.0000,0.0000,0.0000,1,0,0,0,0,1,0,0,0,0
zc,WS211,2012-06-13 09:16:31.447,2485.0000,262,0,0.0000,0.0000,0,0,多换,B,2474.0000,0.0000,0.0000,0.0000,0.0000,2486.0000,0.0000,0.0000,0.0000,0.0000,1,0,0,0,0,1,0,0,0,0
zc,WS211,2012-06-13 09:16:33.290,2485.0000,262,0,0.0000,0.0000,0,0,多换,B,2475.0000,0.0000,0.0000,0.0000,0.0000,2486.0000,0.0000,0.0000,0.0000,0.0000,1,0,0,0,0,1,0,0,0,0
zc,WS211,2012-06-13 09:16:38.463,2485.0000,262,0,0.0000,0.0000,0,0,多换,B,2476.0000,0.0000,0.0000,0.0000,0.0000,2486.0000,0.0000,0.0000,0.0000,0.0000,1,0,0,0,0,1,0,0,0,0
zc,WS211,2012-06-13 09:16:53.027,2485.0000,262,0,0.0000,0.0000,0,0,多换,B,2477.0000,0.0000,0.0000,0.0000,0.0000,2486.0000,0.0000,0.0000,0.0000,0.0000,1,0,0,0,0,1,0,0,0,0
zc,WS211,2012-06-13 09:17:02.027,2485.0000,262,0,0.0000,0.0000,0,0,多换,B,2478.0000,0.0000,0.0000,0.0000,0.0000,2486.0000,0.0000,0.0000,0.0000,0.0000,1,0,0,0,0,1,0,0,0,0
zc,WS211,2012-06-13 09:17:04.073,2485.0000,262,0,0.0000,0.0000,0,0,多换,B,2477.0000,0.0000,0.0000,0.0000,0.0000,2486.0000,0.0000,0.0000,0.0000,0.0000,1,0,0,0,0,1,0,0,0,0
zc,WS211,2012-06-13 09:17:14.980,2485.0000,262,0,0.0000,0.0000,0,0,多换,B,2478.0000,0.0000,0.0000,0.0000,0.0000,2486.0000,0.0000,0.0000,0.0000,0.0000,1,0,0,0,0,1,0,0,0,0
zc,WS211,2012-06-13 09:17:15.760,2485.0000,262,0,0.0000,0.0000,0,0,多换,B,2477.0000,0.0000,0.0000,0.0000,0.0000,2486.0000,0.0000,0.0000,0.0000,0.0000,1,0,0,0,0,1,0,0,0,0
zc,WS211,2012-06-13 09:17:19.730,2485.0000,262,0,0.0000,0.0000,0,0,多换,B,2478.0000,0.0000,0.0000,0.0000,0.0000,2486.0000,0.0000,0.0000,0.0000,0.0000,1,0,0,0,0,1,0,0,0,0
zc,WS211,2012-06-13 09:17:31.087,2485.0000,262,0,0.0000,0.0000,0,0,多换,B,2479.0000,0.0000,0.0000,0.0000,0.0000,2486.0000,0.0000,0.0000,0.0000,0.0000,2,0,0,0,0,1,0,0,0,0
zc,WS211,2012-06-13 09:19:20.027,2485.0000,262,0,0.0000,0.0000,0,0,多换,B,2479.0000,0.0000,0.0000,0.0000,0.0000,2486.0000,0.0000,0.0000,0.0000,0.0000,3,0,0,0,0,1,0,0,0,0
zc,WS211,2012-06-13 09:19:22.260,2485.0000,262,0,0.0000,0.0000,0,0,多换,B,2480.0000,0.0000,0.0000,0.0000,0.0000,2486.0000,0.0000,0.0000,0.0000,0.0000,1,0,0,0,0,1,0,0,0,0
zc,WS211,2012-06-13 09:19:23.730,2485.0000,262,0,0.0000,0.0000,0,0,多换,B,2481.0000,0.0000,0.0000,0.0000,0.0000,2486.0000,0.0000,0.0000,0.0000,0.0000,1,0,0,0,0,1,0,0,0,0
zc,WS211,2012-06-13 09:19:26.713,2485.0000,262,0,0.0000,0.0000,0,0,多换,B,2482.0000,0.0000,0.0000,0.0000,0.0000,2486.0000,0.0000,0.0000,0.0000,0.0000,1,0,0,0,0,1,0,0,0,0
zc,WS211,2012-06-13 09:19:29.057,2485.0000,262,0,0.0000,0.0000,0,0,多换,B,2481.0000,0.0000,0.0000,0.0000,0.0000,2486.0000,0.0000,0.0000,0.0000,0.0000,1,0,0,0,0,1,0,0,0,0
zc,WS211,2012-06-13 09:19:30.243,2485.0000,262,0,0.0000,0.0000,0,0,多换,B,2482.0000,0.0000,0.0000,0.0000,0.0000,2486.0000,0.0000,0.0000,0.0000,0.0000,1,0,0,0,0,1,0,0,0,0
zc,WS211,2012-06-13 09:19:37.557,2485.0000,262,0,0.0000,0.0000,0,0,多换,B,2482.0000,0.0000,0.0000,0.0000,0.0000,2486.0000,0.0000,0.0000,0.0000,0.0000,3,0,0,0,0,1,0,0,0,0
zc,WS211,2012-06-13 09:19:40.463,2485.0000,262,0,0.0000,0.0000,0,0,多换,B,2482.0000,0.0000,0.0000,0.0000,0.0000,2486.0000,0.0000,0.0000,0.0000,0.0000,2,0,0,0,0,1,0,0,0,0
zc,WS211,2012-06-13 09:19:43.447,2485.0000,262,0,0.0000,0.0000,0,0,多换,B,2482.0000,0.0000,0.0000,0.0000,0.0000,2486.0000,0.0000,0.0000,0.0000,0.0000,3,0,0,0,0,1,0,0,0,0
zc,WS211,2012-06-13 09:19:47.243,2485.0000,262,0,0.0000,0.0000,0,0,多换,B,2482.0000,0.0000,0.0000,0.0000,0.0000,2486.0000,0.0000,0.0000,0.0000,0.0000,2,0,0,0,0,1,0,0,0,0
zc,WS211,2012-06-13 09:20:03.993,2485.0000,262,0,0.0000,0.0000,0,0,多换,B,2482.0000,0.0000,0.0000,0.0000,0.0000,2486.0000,0.0000,0.0000,0.0000,0.0000,3,0,0,0,0,1,0,0,0,0
zc,WS211,2012-06-13 09:20:04.480,2485.0000,262,0,0.0000,0.0000,0,0,多换,B,2482.0000,0.0000,0.0000,0.0000,0.0000,2486.0000,0.0000,0.0000,0.0000,0.0000,2,0,0,0,0,1,0,0,0,0
zc,WS211,2012-06-13 09:20:31.463,2485.0000,262,0,0.0000,0.0000,0,0,多换,B,2482.0000,0.0000,0.0000,0.0000,0.0000,2486.0000,0.0000,0.0000,0.0000,0.0000,2,0,0,0,0,1,0,0,0,0
zc,WS211,2012-06-13 09:20:47.480,2485.0000,262,0,0.0000,0.0000,0,0,多换,B,2482.0000,0.0000,0.0000,0.0000,0.0000,2486.0000,0.0000,0.0000,0.0000,0.0000,3,0,0,0,0,1,0,0,0,0
zc,WS211,2012-06-13 09:20:48.713,2485.0000,262,0,0.0000,0.0000,0,0,多换,B,2482.0000,0.0000,0.0000,0.0000,0.0000,2486.0000,0.0000,0.0000,0.0000,0.0000,2,0,0,0,0,1,0,0,0,0
zc,WS211,2012-06-13 09:20:50.010,2485.0000,262,0,0.0000,0.0000,0,0,多换,B,2482.0000,0.0000,0.0000,0.0000,0.0000,2486.0000,0.0000,0.0000,0.0000,0.0000,3,0,0,0,0,1,0,0,0,0
zc,WS211,2012-06-13 09:20:53.277,2485.0000,262,0,0.0000,0.0000,0,0,多换,B,2483.0000,0.0000,0.0000,0.0000,0.0000,2486.0000,0.0000,0.0000,0.0000,0.0000,1,0,0,0,0,1,0,0,0,0
zc,WS211,2012-06-13 09:20:57.230,2485.0000,262,0,0.0000,0.0000,0,0,多换,B,2484.0000,0.0000,0.0000,0.0000,0.0000,2486.0000,0.0000,0.0000,0.0000,0.0000,1,0,0,0,0,1,0,0,0,0
zc,WS211,2012-06-13 09:21:00.277,2485.0000,262,0,0.0000,0.0000,0,0,多换,B,2483.0000,0.0000,0.0000,0.0000,0.0000,2486.0000,0.0000,0.0000,0.0000,0.0000,1,0,0,0,0,1,0,0,0,0
zc,WS211,2012-06-13 09:21:01.493,2485.0000,262,0,0.0000,0.0000,0,0,多换,B,2484.0000,0.0000,0.0000,0.0000,0.0000,2486.0000,0.0000,0.0000,0.0000,0.0000,1,0,0,0,0,1,0,0,0,0
zc,WS211,2012-06-13 09:21:06.743,2485.0000,262,0,0.0000,0.0000,0,0,多换,B,2483.0000,0.0000,0.0000,0.0000,0.0000,2486.0000,0.0000,0.0000,0.0000,0.0000,1,0,0,0,0,1,0,0,0,0
zc,WS211,2012-06-13 09:21:15.040,2485.0000,262,0,0.0000,0.0000,0,0,多换,B,2482.0000,0.0000,0.0000,0.0000,0.0000,2486.0000,0.0000,0.0000,0.0000,0.0000,1,0,0,0,0,1,0,0,0,0
zc,WS211,2012-06-13 09:21:19.243,2485.0000,262,0,0.0000,0.0000,0,0,多换,B,2483.0000,0.0000,0.0000,0.0000,0.0000,2486.0000,0.0000,0.0000,0.0000,0.0000,1,0,0,0,0,1,0,0,0,0
zc,WS211,2012-06-13 09:21:21.760,2485.0000,262,0,0.0000,0.0000,0,0,多换,B,2482.0000,0.0000,0.0000,0.0000,0.0000,2486.0000,0.0000,0.0000,0.0000,0.0000,1,0,0,0,0,1,0,0,0,0
zc,WS211,2012-06-13 09:21:25.730,2485.0000,262,0,0.0000,0.0000,0,0,多换,B,2483.0000,0.0000,0.0000,0.0000,0.0000,2486.0000,0.0000,0.0000,0.0000,0.0000,1,0,0,0,0,1,0,0,0,0
zc,WS211,2012-06-13 09:21:29.290,2485.0000,262,0,0.0000,0.0000,0,0,多换,B,2484.0000,0.0000,0.0000,0.0000,0.0000,2486.0000,0.0000,0.0000,0.0000,0.0000,1,0,0,0,0,1,0,0,0,0
zc,WS211,2012-06-13 09:21:31.447,2485.0000,262,0,0.0000,0.0000,0,0,多换,B,2484.0000,0.0000,0.0000,0.0000,0.0000,2486.0000,0.0000,0.0000,0.0000,0.0000,1,0,0,0,0,1,0,0,0,0
zc,WS211,2012-06-13 09:21:32.760,2485.0000,262,0,0.0000,0.0000,0,0,多换,B,2483.0000,0.0000,0.0000,0.0000,0.0000,2486.0000,0.0000,0.0000,0.0000,0.0000,1,0,0,0,0,1,0,0,0,0
zc,WS211,2012-06-13 09:21:35.743,2485.0000,262,0,0.0000,0.0000,0,0,多换,B,2482.0000,0.0000,0.0000,0.0000,0.0000,2486.0000,0.0000,0.0000,0.0000,0.0000,1,0,0,0,0,1,0,0,0,0
zc,WS211,2012-06-13 09:21:36.243,2485.0000,262,0,0.0000,0.0000,0,0,多换,B,2484.0000,0.0000,0.0000,0.0000,0.0000,2486.0000,0.0000,0.0000,0.0000,0.0000,1,0,0,0,0,1,0,0,0,0
zc,WS211,2012-06-13 09:21:55.777,2485.0000,262,0,0.0000,0.0000,0,0,多换,B,2483.0000,0.0000,0.0000,0.0000,0.0000,2486.0000,0.0000,0.0000,0.0000,0.0000,1,0,0,0,0,1,0,0,0,0
zc,WS211,2012-06-13 09:22:25.760,2485.0000,262,0,0.0000,0.0000,0,0,多换,B,2482.0000,0.0000,0.0000,0.0000,0.0000,2486.0000,0.0000,0.0000,0.0000,0.0000,1,0,0,0,0,1,0,0,0,0
zc,WS211,2012-06-13 09:22:31.447,2485.0000,262,0,0.0000,0.0000,0,0,多换,B,2482.0000,0.0000,0.0000,0.0000,0.0000,2486.0000,0.0000,0.0000,0.0000,0.0000,1,0,0,0,0,1,0,0,0,0
zc,WS211,2012-06-13 09:22:34.243,2485.0000,262,0,0.0000,0.0000,0,0,多换,B,2481.0000,0.0000,0.0000,0.0000,0.0000,2486.0000,0.0000,0.0000,0.0000,0.0000,1,0,0,0,0,1,0,0,0,0
zc,WS211,2012-06-13 09:22:36.463,2485.0000,262,0,0.0000,0.0000,0,0,多换,B,2482.0000,0.0000,0.0000,0.0000,0.0000,2486.0000,0.0000,0.0000,0.0000,0.0000,1,0,0,0,0,1,0,0,0,0
zc,WS211,2012-06-13 09:23:09.260,2485.0000,262,0,0.0000,0.0000,0,0,多换,B,2481.0000,0.0000,0.0000,0.0000,0.0000,2486.0000,0.0000,0.0000,0.0000,0.0000,1,0,0,0,0,1,0,0,0,0
zc,WS211,2012-06-13 09:23:28.980,2485.0000,262,0,0.0000,0.0000,0,0,多换,B,2480.0000,0.0000,0.0000,0.0000,0.0000,2486.0000,0.0000,0.0000,0.0000,0.0000,1,0,0,0,0,1,0,0,0,0
zc,WS211,2012-06-13 09:23:29.480,2485.0000,262,0,0.0000,0.0000,0,0,多换,B,2481.0000,0.0000,0.0000,0.0000,0.0000,2486.0000,0.0000,0.0000,0.0000,0.0000,1,0,0,0,0,1,0,0,0,0
zc,WS211,2012-06-13 09:23:31.463,2485.0000,262,0,0.0000,0.0000,0,0,多换,B,2481.0000,0.0000,0.0000,0.0000,0.0000,2486.0000,0.0000,0.0000,0.0000,0.0000,1,0,0,0,0,1,0,0,0,0
zc,WS211,2012-06-13 09:23:40.730,2485.0000,262,0,0.0000,0.0000,0,0,多换,B,2480.0000,0.0000,0.0000,0.0000,0.0000,2486.0000,0.0000,0.0000,0.0000,0.0000,1,0,0,0,0,1,0,0,0,0
zc,WS211,2012-06-13 09:23:44.713,2485.0000,262,0,0.0000,0.0000,0,0,多换,B,2481.0000,0.0000,0.0000,0.0000,0.0000,2486.0000,0.0000,0.0000,0.0000,0.0000,1,0,0,0,0,1,0,0,0,0
zc,WS211,2012-06-13 09:23:54.963,2485.0000,262,0,0.0000,0.0000,0,0,多换,B,2480.0000,0.0000,0.0000,0.0000,0.0000,2486.0000,0.0000,0.0000,0.0000,0.0000,1,0,0,0,0,1,0,0,0,0
zc,WS211,2012-06-13 09:23:55.213,2485.0000,262,0,0.0000,0.0000,0,0,多换,B,2481.0000,0.0000,0.0000,0.0000,0.0000,2486.0000,0.0000,0.0000,0.0000,0.0000,1,0,0,0,0,1,0,0,0,0
zc,WS211,2012-06-13 09:23:58.713,2485.0000,262,0,0.0000,0.0000,0,0,多换,B,2480.0000,0.0000,0.0000,0.0000,0.0000,2486.0000,0.0000,0.0000,0.0000,0.0000,1,0,0,0,0,1,0,0,0,0
zc,WS211,2012-06-13 09:24:04.993,2485.0000,262,0,0.0000,0.0000,0,0,多换,B,2481.0000,0.0000,0.0000,0.0000,0.0000,2486.0000,0.0000,0.0000,0.0000,0.0000,1,0,0,0,0,1,0,0,0,0
zc,WS211,2012-06-13 09:24:28.010,2485.0000,262,0,0.0000,0.0000,0,0,多换,B,2482.0000,0.0000,0.0000,0.0000,0.0000,2486.0000,0.0000,0.0000,0.0000,0.0000,1,0,0,0,0,1,0,0,0,0
zc,WS211,2012-06-13 09:24:31.447,2485.0000,262,0,0.0000,0.0000,0,0,多换,B,2482.0000,0.0000,0.0000,0.0000,0.0000,2486.0000,0.0000,0.0000,0.0000,0.0000,1,0,0,0,0,1,0,0,0,0
zc,WS211,2012-06-13 09:24:33.713,2485.0000,262,0,0.0000,0.0000,0,0,多换,B,2481.0000,0.0000,0.0000,0.0000,0.0000,2486.0000,0.0000,0.0000,0.0000,0.0000,1,0,0,0,0,1,0,0,0,0
zc,WS211,2012-06-13 09:24:41.213,2485.0000,262,0,0.0000,0.0000,0,0,多换,B,2482.0000,0.0000,0.0000,0.0000,0.0000,2486.0000,0.0000,0.0000,0.0000,0.0000,1,0,0,0,0,1,0,0,0,0
zc,WS211,2012-06-13 09:24:54.730,2485.0000,262,0,0.0000,0.0000,0,0,多换,B,2481.0000,0.0000,0.0000,0.0000,0.0000,2486.0000,0.0000,0.0000,0.0000,0.0000,1,0,0,0,0,1,0,0,0,0
zc,WS211,2012-06-13 09:25:25.980,2485.0000,262,0,0.0000,0.0000,0,0,多换,B,2480.0000,0.0000,0.0000,0.0000,0.0000,2486.0000,0.0000,0.0000,0.0000,0.0000,1,0,0,0,0,1,0,0,0,0
zc,WS211,2012-06-13 09:25:45.527,2485.0000,262,0,0.0000,0.0000,0,0,多换,B,2480.0000,0.0000,0.0000,0.0000,0.0000,2486.0000,0.0000,0.0000,0.0000,0.0000,3,0,0,0,0,1,0,0,0,0
zc,WS211,2012-06-13 09:26:06.230,2485.0000,262,0,0.0000,0.0000,0,0,多换,B,2481.0000,0.0000,0.0000,0.0000,0.0000,2486.0000,0.0000,0.0000,0.0000,0.0000,1,0,0,0,0,1,0,0,0,0
zc,WS211,2012-06-13 09:26:07.730,2485.0000,262,0,0.0000,0.0000,0,0,多换,B,2480.0000,0.0000,0.0000,0.0000,0.0000,2486.0000,0.0000,0.0000,0.0000,0.0000,1,0,0,0,0,1,0,0,0,0
zc,WS211,2012-06-13 09:27:16.433,2485.0000,262,0,0.0000,0.0000,0,0,多换,B,2481.0000,0.0000,0.0000,0.0000,0.0000,2486.0000,0.0000,0.0000,0.0000,0.0000,1,0,0,0,0,1,0,0,0,0
zc,WS211,2012-06-13 09:27:23.947,2485.0000,262,0,0.0000,0.0000,0,0,多换,B,2482.0000,0.0000,0.0000,0.0000,0.0000,2486.0000,0.0000,0.0000,0.0000,0.0000,1,0,0,0,0,1,0,0,0,0
zc,WS211,2012-06-13 09:27:33.730,2485.0000,262,0,0.0000,0.0000,0,0,多换,B,2483.0000,0.0000,0.0000,0.0000,0.0000,2486.0000,0.0000,0.0000,0.0000,0.0000,1,0,0,0,0,1,0,0,0,0
zc,WS211,2012-06-13 09:27:38.527,2485.0000,262,0,0.0000,0.0000,0,0,多换,B,2484.0000,0.0000,0.0000,0.0000,0.0000,2486.0000,0.0000,0.0000,0.0000,0.0000,1,0,0,0,0,1,0,0,0,0
zc,WS211,2012-06-13 09:27:43.307,2485.0000,262,0,0.0000,0.0000,0,0,多换,B,2485.0000,0.0000,0.0000,0.0000,0.0000,2486.0000,0.0000,0.0000,0.0000,0.0000,1,0,0,0,0,1,0,0,0,0
zc,WS211,2012-06-13 09:27:46.493,2486.0000,262,0,0.0000,2.0000,1,1,多换,B,2485.0000,0.0000,0.0000,0.0000,0.0000,2488.0000,0.0000,0.0000,0.0000,0.0000,4,0,0,0,0,10,0,0,0,0
zc,WS211,2012-06-13 09:27:49.760,2486.0000,262,0,0.0000,0.0000,0,0,多换,B,2486.0000,0.0000,0.0000,0.0000,0.0000,2488.0000,0.0000,0.0000,0.0000,0.0000,4,0,0,0,0,10,0,0,0,0
zc,WS211,2012-06-13 09:27:53.730,2486.0000,262,0,0.0000,0.0000,0,0,多换,B,2487.0000,0.0000,0.0000,0.0000,0.0000,2488.0000,0.0000,0.0000,0.0000,0.0000,4,0,0,0,0,10,0,0,0,0
zc,WS211,2012-06-13 09:27:56.493,2488.0000,264,2,0.0000,2.0000,2,0,双开,B,2487.0000,0.0000,0.0000,0.0000,0.0000,2488.0000,0.0000,0.0000,0.0000,0.0000,3,0,0,0,0,9,0,0,0,0
zc,WS211,2012-06-13 09:27:57.073,2488.0000,266,2,0.0000,2.0000,2,0,双开,B,2487.0000,0.0000,0.0000,0.0000,0.0000,2488.0000,0.0000,0.0000,0.0000,0.0000,2,0,0,0,0,8,0,0,0,0
zc,WS211,2012-06-13 09:27:57.777,2488.0000,270,4,0.0000,4.0000,4,0,双开,B,2487.0000,0.0000,0.0000,0.0000,0.0000,2488.0000,0.0000,0.0000,0.0000,0.0000,4,0,0,0,0,6,0,0,0,0
zc,WS211,2012-06-13 09:27:58.260,2488.0000,270,0,0.0000,4.0000,2,2,多换,B,2486.0000,0.0000,0.0000,0.0000,0.0000,2488.0000,0.0000,0.0000,0.0000,0.0000,10,0,0,0,0,4,0,0,0,0
zc,WS211,2012-06-13 09:28:12.993,2488.0000,272,2,0.0000,2.0000,2,0,双开,B,2486.0000,0.0000,0.0000,0.0000,0.0000,2488.0000,0.0000,0.0000,0.0000,0.0000,10,0,0,0,0,3,0,0,0,0
zc,WS211,2012-06-13 09:28:18.527,2488.0000,272,0,0.0000,0.0000,0,0,多换,B,2485.0000,0.0000,0.0000,0.0000,0.0000,2488.0000,0.0000,0.0000,0.0000,0.0000,10,0,0,0,0,3,0,0,0,0
zc,WS211,2012-06-13 09:28:22.730,2488.0000,272,0,0.0000,0.0000,0,0,多换,B,2486.0000,0.0000,0.0000,0.0000,0.0000,2488.0000,0.0000,0.0000,0.0000,0.0000,10,0,0,0,0,3,0,0,0,0
zc,WS211,2012-06-13 09:28:28.260,2488.0000,272,0,0.0000,0.0000,0,0,多换,B,2485.0000,0.0000,0.0000,0.0000,0.0000,2488.0000,0.0000,0.0000,0.0000,0.0000,10,0,0,0,0,3,0,0,0,0
zc,WS211,2012-06-13 09:28:40.980,2488.0000,272,0,0.0000,0.0000,0,0,多换,B,2486.0000,0.0000,0.0000,0.0000,0.0000,2488.0000,0.0000,0.0000,0.0000,0.0000,10,0,0,0,0,3,0,0,0,0
zc,WS211,2012-06-13 09:28:43.197,2488.0000,272,0,0.0000,0.0000,0,0,多换,B,2486.0000,0.0000,0.0000,0.0000,0.0000,2488.0000,0.0000,0.0000,0.0000,0.0000,5,0,0,0,0,3,0,0,0,0
zc,WS211,2012-06-13 09:28:44.010,2488.0000,272,0,0.0000,0.0000,0,0,多换,B,2485.0000,0.0000,0.0000,0.0000,0.0000,2488.0000,0.0000,0.0000,0.0000,0.0000,10,0,0,0,0,3,0,0,0,0
zc,WS211,2012-06-13 09:28:45.010,2488.0000,272,0,0.0000,0.0000,0,0,多换,B,2486.0000,0.0000,0.0000,0.0000,0.0000,2488.0000,0.0000,0.0000,0.0000,0.0000,10,0,0,0,0,3,0,0,0,0
zc,WS211,2012-06-13 09:29:03.197,2488.0000,272,0,0.0000,0.0000,0,0,多换,B,2487.0000,0.0000,0.0000,0.0000,0.0000,2488.0000,0.0000,0.0000,0.0000,0.0000,2,0,0,0,0,3,0,0,0,0
zc,WS211,2012-06-13 09:29:08.980,2488.0000,272,0,0.0000,0.0000,0,0,多换,B,2486.0000,0.0000,0.0000,0.0000,0.0000,2488.0000,0.0000,0.0000,0.0000,0.0000,2,0,0,0,0,3,0,0,0,0
zc,WS211,2012-06-13 09:29:09.777,2488.0000,272,0,0.0000,0.0000,0,0,多换,B,2487.0000,0.0000,0.0000,0.0000,0.0000,2488.0000,0.0000,0.0000,0.0000,0.0000,2,0,0,0,0,3,0,0,0,0
zc,WS211,2012-06-13 09:29:16.980,2488.0000,272,0,0.0000,0.0000,0,0,多换,B,2486.0000,0.0000,0.0000,0.0000,0.0000,2488.0000,0.0000,0.0000,0.0000,0.0000,2,0,0,0,0,3,0,0,0,0
zc,WS211,2012-06-13 09:29:17.730,2488.0000,272,0,0.0000,0.0000,0,0,多换,B,2487.0000,0.0000,0.0000,0.0000,0.0000,2488.0000,0.0000,0.0000,0.0000,0.0000,1,0,0,0,0,3,0,0,0,0
zc,WS211,2012-06-13 09:29:18.230,2488.0000,272,0,0.0000,0.0000,0,0,多换,B,2487.0000,0.0000,0.0000,0.0000,0.0000,2488.0000,0.0000,0.0000,0.0000,0.0000,2,0,0,0,0,3,0,0,0,0
zc,WS211,2012-06-13 09:29:21.213,2488.0000,276,4,0.0000,4.0000,4,0,双开,B,2486.0000,0.0000,0.0000,0.0000,0.0000,2488.0000,0.0000,0.0000,0.0000,0.0000,10,0,0,0,0,1,0,0,0,0
zc,WS211,2012-06-13 09:29:21.963,2488.0000,276,0,0.0000,0.0000,0,0,多换,B,2487.0000,0.0000,0.0000,0.0000,0.0000,2488.0000,0.0000,0.0000,0.0000,0.0000,10,0,0,0,0,1,0,0,0,0
zc,WS211,2012-06-13 09:29:22.947,2488.0000,278,2,0.0000,2.0000,2,0,双开,B,2487.0000,0.0000,0.0000,0.0000,0.0000,2498.0000,0.0000,0.0000,0.0000,0.0000,9,0,0,0,0,1,0,0,0,0
zc,WS211,2012-06-13 09:29:26.260,2488.0000,278,0,0.0000,0.0000,0,0,多换,B,2488.0000,0.0000,0.0000,0.0000,0.0000,2499.0000,0.0000,0.0000,0.0000,0.0000,9,0,0,0,0,1,0,0,0,0
zc,WS211,2012-06-13 09:29:27.447,2488.0000,278,0,0.0000,0.0000,0,0,多换,B,2487.0000,0.0000,0.0000,0.0000,0.0000,2498.0000,0.0000,0.0000,0.0000,0.0000,9,0,0,0,0,1,0,0,0,0
zc,WS211,2012-06-13 09:29:27.963,2488.0000,278,0,0.0000,0.0000,0,0,多换,B,2487.0000,0.0000,0.0000,0.0000,0.0000,2499.0000,0.0000,0.0000,0.0000,0.0000,9,0,0,0,0,1,0,0,0,0
zc,WS211,2012-06-13 09:29:28.743,2488.0000,278,0,0.0000,0.0000,0,0,多换,B,2488.0000,0.0000,0.0000,0.0000,0.0000,2499.0000,0.0000,0.0000,0.0000,0.0000,1,0,0,0,0,1,0,0,0,0
zc,WS211,2012-06-13 09:29:29.197,2488.0000,278,0,0.0000,0.0000,0,0,多换,B,2488.0000,0.0000,0.0000,0.0000,0.0000,2499.0000,0.0000,0.0000,0.0000,0.0000,3,0,0,0,0,1,0,0,0,0
zc,WS211,2012-06-13 09:29:30.010,2488.0000,278,0,0.0000,0.0000,0,0,多换,B,2488.0000,0.0000,0.0000,0.0000,0.0000,2499.0000,0.0000,0.0000,0.0000,0.0000,9,0,0,0,0,1,0,0,0,0
zc,WS211,2012-06-13 09:29:30.480,2488.0000,278,0,0.0000,0.0000,0,0,多换,B,2488.0000,0.0000,0.0000,0.0000,0.0000,2499.0000,0.0000,0.0000,0.0000,0.0000,1,0,0,0,0,1,0,0,0,0
zc,WS211,2012-06-13 09:29:31.510,2488.0000,278,0,0.0000,0.0000,0,0,多换,B,2488.0000,0.0000,0.0000,0.0000,0.0000,2499.0000,0.0000,0.0000,0.0000,0.0000,2,0,0,0,0,1,0,0,0,0
zc,WS211,2012-06-13 09:29:32.213,2488.0000,278,0,0.0000,0.0000,0,0,多换,B,2489.0000,0.0000,0.0000,0.0000,0.0000,2500.0000,0.0000,0.0000,0.0000,0.0000,9,0,0,0,0,1,0,0,0,0
zc,WS211,2012-06-13 09:29:32.760,2488.0000,278,0,0.0000,0.0000,0,0,多换,B,2489.0000,0.0000,0.0000,0.0000,0.0000,2499.0000,0.0000,0.0000,0.0000,0.0000,9,0,0,0,0,1,0,0,0,0
zc,WS211,2012-06-13 09:29:40.510,2488.0000,278,0,0.0000,0.0000,0,0,多换,B,2490.0000,0.0000,0.0000,0.0000,0.0000,2499.0000,0.0000,0.0000,0.0000,0.0000,2,0,0,0,0,1,0,0,0,0
zc,WS211,2012-06-13 09:29:41.480,2488.0000,278,0,0.0000,0.0000,0,0,多换,B,2489.0000,0.0000,0.0000,0.0000,0.0000,2499.0000,0.0000,0.0000,0.0000,0.0000,9,0,0,0,0,1,0,0,0,0
zc,WS211,2012-06-13 09:29:42.790,2488.0000,278,0,0.0000,0.0000,0,0,多换,B,2490.0000,0.0000,0.0000,0.0000,0.0000,2499.0000,0.0000,0.0000,0.0000,0.0000,5,0,0,0,0,1,0,0,0,0
zc,WS211,2012-06-13 09:29:43.323,2488.0000,278,0,0.0000,0.0000,0,0,多换,B,2490.0000,0.0000,0.0000,0.0000,0.0000,2499.0000,0.0000,0.0000,0.0000,0.0000,9,0,0,0,0,1,0,0,0,0
zc,WS211,2012-06-13 09:29:43.993,2488.0000,278,0,0.0000,0.0000,0,0,多换,B,2489.0000,0.0000,0.0000,0.0000,0.0000,2499.0000,0.0000,0.0000,0.0000,0.0000,9,0,0,0,0,1,0,0,0,0
zc,WS211,2012-06-13 09:29:45.743,2488.0000,278,0,0.0000,0.0000,0,0,多换,B,2488.0000,0.0000,0.0000,0.0000,0.0000,2499.0000,0.0000,0.0000,0.0000,0.0000,9,0,0,0,0,2,0,0,0,0
zc,WS211,2012-06-13 09:29:47.540,2488.0000,278,0,0.0000,0.0000,0,0,多换,B,2488.0000,0.0000,0.0000,0.0000,0.0000,2499.0000,0.0000,0.0000,0.0000,0.0000,9,0,0,0,0,1,0,0,0,0
zc,WS211,2012-06-13 09:29:48.777,2488.0000,278,0,0.0000,0.0000,0,0,多换,B,2489.0000,0.0000,0.0000,0.0000,0.0000,2500.0000,0.0000,0.0000,0.0000,0.0000,9,0,0,0,0,1,0,0,0,0
zc,WS211,2012-06-13 09:30:01.057,2488.0000,278,0,0.0000,0.0000,0,0,多换,B,2490.0000,0.0000,0.0000,0.0000,0.0000,2501.0000,0.0000,0.0000,0.0000,0.0000,9,0,0,0,0,1,0,0,0,0
zc,WS211,2012-06-13 09:30:02.290,2488.0000,278,0,0.0000,0.0000,0,0,多换,B,2490.0000,0.0000,0.0000,0.0000,0.0000,2500.0000,0.0000,0.0000,0.0000,0.0000,9,0,0,0,0,2,0,0,0,0
zc,WS211,2012-06-13 09:30:10.027,2488.0000,278,0,0.0000,0.0000,0,0,多换,B,2490.0000,0.0000,0.0000,0.0000,0.0000,2500.0000,0.0000,0.0000,0.0000,0.0000,9,0,0,0,0,1,0,0,0,0
zc,WS211,2012-06-13 09:30:10.980,2488.0000,278,0,0.0000,0.0000,0,0,多换,B,2490.0000,0.0000,0.0000,0.0000,0.0000,2499.0000,0.0000,0.0000,0.0000,0.0000,9,0,0,0,0,1,0,0,0,0
zc,WS211,2012-06-13 09:30:20.260,2488.0000,278,0,0.0000,0.0000,0,0,多换,B,2491.0000,0.0000,0.0000,0.0000,0.0000,2499.0000,0.0000,0.0000,0.0000,0.0000,1,0,0,0,0,1,0,0,0,0
zc,WS211,2012-06-13 09:30:21.010,2488.0000,278,0,0.0000,0.0000,0,0,多换,B,2491.0000,0.0000,0.0000,0.0000,0.0000,2499.0000,0.0000,0.0000,0.0000,0.0000,9,0,0,0,0,1,0,0,0,0
zc,WS211,2012-06-13 09:30:21.510,2488.0000,278,0,0.0000,0.0000,0,0,多换,B,2492.0000,0.0000,0.0000,0.0000,0.0000,2499.0000,0.0000,0.0000,0.0000,0.0000,5,0,0,0,0,1,0,0,0,0
zc,WS211,2012-06-13 09:30:22.197,2488.0000,278,0,0.0000,0.0000,0,0,多换,B,2491.0000,0.0000,0.0000,0.0000,0.0000,2499.0000,0.0000,0.0000,0.0000,0.0000,9,0,0,0,0,1,0,0,0,0
zc,WS211,2012-06-13 09:30:35.197,2488.0000,278,0,0.0000,0.0000,0,0,多换,B,2491.0000,0.0000,0.0000,0.0000,0.0000,2499.0000,0.0000,0.0000,0.0000,0.0000,2,0,0,0,0,1,0,0,0,0
zc,WS211,2012-06-13 09:30:35.730,2488.0000,278,0,0.0000,0.0000,0,0,多换,B,2491.0000,0.0000,0.0000,0.0000,0.0000,2499.0000,0.0000,0.0000,0.0000,0.0000,7,0,0,0,0,1,0,0,0,0
zc,WS211,2012-06-13 09:30:36.510,2488.0000,278,0,0.0000,0.0000,0,0,多换,B,2490.0000,0.0000,0.0000,0.0000,0.0000,2499.0000,0.0000,0.0000,0.0000,0.0000,9,0,0,0,0,1,0,0,0,0
zc,WS211,2012-06-13 09:30:40.760,2488.0000,278,0,0.0000,0.0000,0,0,多换,B,2491.0000,0.0000,0.0000,0.0000,0.0000,2499.0000,0.0000,0.0000,0.0000,0.0000,6,0,0,0,0,1,0,0,0,0
zc,WS211,2012-06-13 09:30:41.243,2488.0000,278,0,0.0000,0.0000,0,0,多换,B,2491.0000,0.0000,0.0000,0.0000,0.0000,2499.0000,0.0000,0.0000,0.0000,0.0000,8,0,0,0,0,1,0,0,0,0
zc,WS211,2012-06-13 09:30:41.993,2488.0000,278,0,0.0000,0.0000,0,0,多换,B,2491.0000,0.0000,0.0000,0.0000,0.0000,2499.0000,0.0000,0.0000,0.0000,0.0000,9,0,0,0,0,1,0,0,0,0
zc,WS211,2012-06-13 09:30:43.463,2488.0000,278,0,0.0000,0.0000,0,0,多换,B,2490.0000,0.0000,0.0000,0.0000,0.0000,2499.0000,0.0000,0.0000,0.0000,0.0000,9,0,0,0,0,1,0,0,0,0
zc,WS211,2012-06-13 09:30:51.230,2488.0000,278,0,0.0000,0.0000,0,0,多换,B,2491.0000,0.0000,0.0000,0.0000,0.0000,2499.0000,0.0000,0.0000,0.0000,0.0000,9,0,0,0,0,1,0,0,0,0
zc,WS211,2012-06-13 09:30:54.510,2488.0000,278,0,0.0000,0.0000,0,0,多换,B,2492.0000,0.0000,0.0000,0.0000,0.0000,2499.0000,0.0000,0.0000,0.0000,0.0000,9,0,0,0,0,1,0,0,0,0
zc,WS211,2012-06-13 09:31:01.027,2488.0000,278,0,0.0000,0.0000,0,0,多换,B,2491.0000,0.0000,0.0000,0.0000,0.0000,2499.0000,0.0000,0.0000,0.0000,0.0000,9,0,0,0,0,1,0,0,0,0
zc,WS211,2012-06-13 09:31:02.730,2488.0000,278,0,0.0000,0.0000,0,0,多换,B,2492.0000,0.0000,0.0000,0.0000,0.0000,2499.0000,0.0000,0.0000,0.0000,0.0000,9,0,0,0,0,1,0,0,0,0
zc,WS211,2012-06-13 09:31:05.713,2488.0000,278,0,0.0000,0.0000,0,0,多换,B,2491.0000,0.0000,0.0000,0.0000,0.0000,2499.0000,0.0000,0.0000,0.0000,0.0000,9,0,0,0,0,1,0,0,0,0
zc,WS211,2012-06-13 09:31:29.480,2488.0000,278,0,0.0000,0.0000,0,0,多换,B,2490.0000,0.0000,0.0000,0.0000,0.0000,2499.0000,0.0000,0.0000,0.0000,0.0000,9,0,0,0,0,1,0,0,0,0
zc,WS211,2012-06-13 09:31:39.307,2488.0000,278,0,0.0000,0.0000,0,0,多换,B,2489.0000,0.0000,0.0000,0.0000,0.0000,2499.0000,0.0000,0.0000,0.0000,0.0000,9,0,0,0,0,1,0,0,0,0
zc,WS211,2012-06-13 09:31:49.480,2488.0000,278,0,0.0000,0.0000,0,0,多换,B,2488.0000,0.0000,0.0000,0.0000,0.0000,2499.0000,0.0000,0.0000,0.0000,0.0000,9,0,0,0,0,2,0,0,0,0
zc,WS211,2012-06-13 09:32:07.493,2488.0000,278,0,0.0000,0.0000,0,0,多换,B,2487.0000,0.0000,0.0000,0.0000,0.0000,2498.0000,0.0000,0.0000,0.0000,0.0000,9,0,0,0,0,1,0,0,0,0
zc,WS211,2012-06-13 09:32:08.743,2488.0000,278,0,0.0000,0.0000,0,0,多换,B,2487.0000,0.0000,0.0000,0.0000,0.0000,2498.0000,0.0000,0.0000,0.0000,0.0000,9,0,0,0,0,2,0,0,0,0
zc,WS211,2012-06-13 09:32:11.213,2488.0000,278,0,0.0000,0.0000,0,0,多换,B,2488.0000,0.0000,0.0000,0.0000,0.0000,2498.0000,0.0000,0.0000,0.0000,0.0000,1,0,0,0,0,2,0,0,0,0
zc,WS211,2012-06-13 09:32:17.713,2488.0000,278,0,0.0000,0.0000,0,0,多换,B,2489.0000,0.0000,0.0000,0.0000,0.0000,2498.0000,0.0000,0.0000,0.0000,0.0000,1,0,0,0,0,2,0,0,0,0
zc,WS211,2012-06-13 09:32:23.197,2488.0000,278,0,0.0000,0.0000,0,0,多换,B,2488.0000,0.0000,0.0000,0.0000,0.0000,2498.0000,0.0000,0.0000,0.0000,0.0000,1,0,0,0,0,2,0,0,0,0
zc,WS211,2012-06-13 09:32:23.713,2488.0000,278,0,0.0000,0.0000,0,0,多换,B,2489.0000,0.0000,0.0000,0.0000,0.0000,2498.0000,0.0000,0.0000,0.0000,0.0000,1,0,0,0,0,2,0,0,0,0
zc,WS211,2012-06-13 09:32:24.480,2488.0000,278,0,0.0000,0.0000,0,0,多换,B,2488.0000,0.0000,0.0000,0.0000,0.0000,2498.0000,0.0000,0.0000,0.0000,0.0000,1,0,0,0,0,2,0,0,0,0
zc,WS211,2012-06-13 09:32:24.963,2488.0000,278,0,0.0000,0.0000,0,0,多换,B,2488.0000,0.0000,0.0000,0.0000,0.0000,2497.0000,0.0000,0.0000,0.0000,0.0000,1,0,0,0,0,1,0,0,0,0
zc,WS211,2012-06-13 09:32:25.463,2488.0000,278,0,0.0000,0.0000,0,0,多换,B,2488.0000,0.0000,0.0000,0.0000,0.0000,2498.0000,0.0000,0.0000,0.0000,0.0000,1,0,0,0,0,2,0,0,0,0
zc,WS211,2012-06-13 09:32:30.980,2488.0000,278,0,0.0000,0.0000,0,0,多换,B,2489.0000,0.0000,0.0000,0.0000,0.0000,2498.0000,0.0000,0.0000,0.0000,0.0000,1,0,0,0,0,2,0,0,0,0
zc,WS211,2012-06-13 09:32:37.230,2488.0000,278,0,0.0000,0.0000,0,0,多换,B,2489.0000,0.0000,0.0000,0.0000,0.0000,2498.0000,0.0000,0.0000,0.0000,0.0000,1,0,0,0,0,1,0,0,0,0
zc,WS211,2012-06-13 09:32:38.480,2488.0000,278,0,0.0000,0.0000,0,0,多换,B,2490.0000,0.0000,0.0000,0.0000,0.0000,2498.0000,0.0000,0.0000,0.0000,0.0000,1,0,0,0,0,1,0,0,0,0
zc,WS211,2012-06-13 09:32:38.980,2488.0000,278,0,0.0000,0.0000,0,0,多换,B,2489.0000,0.0000,0.0000,0.0000,0.0000,2498.0000,0.0000,0.0000,0.0000,0.0000,1,0,0,0,0,1,0,0,0,0
zc,WS211,2012-06-13 09:32:42.243,2488.0000,278,0,0.0000,0.0000,0,0,多换,B,2490.0000,0.0000,0.0000,0.0000,0.0000,2498.0000,0.0000,0.0000,0.0000,0.0000,1,0,0,0,0,1,0,0,0,0
zc,WS211,2012-06-13 09:32:44.777,2488.0000,278,0,0.0000,0.0000,0,0,多换,B,2489.0000,0.0000,0.0000,0.0000,0.0000,2498.0000,0.0000,0.0000,0.0000,0.0000,1,0,0,0,0,1,0,0,0,0
zc,WS211,2012-06-13 09:32:45.230,2488.0000,278,0,0.0000,0.0000,0,0,多换,B,2489.0000,0.0000,0.0000,0.0000,0.0000,2498.0000,0.0000,0.0000,0.0000,0.0000,10,0,0,0,0,1,0,0,0,0
zc,WS211,2012-06-13 09:32:46.463,2488.0000,278,0,0.0000,0.0000,0,0,多换,B,2490.0000,0.0000,0.0000,0.0000,0.0000,2498.0000,0.0000,0.0000,0.0000,0.0000,1,0,0,0,0,1,0,0,0,0
zc,WS211,2012-06-13 09:32:47.463,2488.0000,278,0,0.0000,0.0000,0,0,多换,B,2489.0000,0.0000,0.0000,0.0000,0.0000,2498.0000,0.0000,0.0000,0.0000,0.0000,10,0,0,0,0,1,0,0,0,0
zc,WS211,2012-06-13 09:32:48.463,2488.0000,278,0,0.0000,0.0000,0,0,多换,B,2490.0000,0.0000,0.0000,0.0000,0.0000,2498.0000,0.0000,0.0000,0.0000,0.0000,1,0,0,0,0,1,0,0,0,0
zc,WS211,2012-06-13 09:32:50.713,2488.0000,278,0,0.0000,0.0000,0,0,多换,B,2490.0000,0.0000,0.0000,0.0000,0.0000,2498.0000,0.0000,0.0000,0.0000,0.0000,10,0,0,0,0,1,0,0,0,0
zc,WS211,2012-06-13 09:32:53.463,2488.0000,278,0,0.0000,0.0000,0,0,多换,B,2491.0000,0.0000,0.0000,0.0000,0.0000,2498.0000,0.0000,0.0000,0.0000,0.0000,1,0,0,0,0,1,0,0,0,0
zc,WS211,2012-06-13 09:32:54.713,2488.0000,278,0,0.0000,0.0000,0,0,多换,B,2491.0000,0.0000,0.0000,0.0000,0.0000,2498.0000,0.0000,0.0000,0.0000,0.0000,10,0,0,0,0,1,0,0,0,0
zc,WS211,2012-06-13 09:32:55.277,2488.0000,278,0,0.0000,0.0000,0,0,多换,B,2490.0000,0.0000,0.0000,0.0000,0.0000,2498.0000,0.0000,0.0000,0.0000,0.0000,10,0,0,0,0,1,0,0,0,0
zc,WS211,2012-06-13 09:32:56.743,2488.0000,278,0,0.0000,0.0000,0,0,多换,B,2491.0000,0.0000,0.0000,0.0000,0.0000,2498.0000,0.0000,0.0000,0.0000,0.0000,1,0,0,0,0,1,0,0,0,0
zc,WS211,2012-06-13 09:32:57.183,2488.0000,278,0,0.0000,0.0000,0,0,多换,B,2491.0000,0.0000,0.0000,0.0000,0.0000,2498.0000,0.0000,0.0000,0.0000,0.0000,2,0,0,0,0,1,0,0,0,0
zc,WS211,2012-06-13 09:32:58.027,2488.0000,278,0,0.0000,0.0000,0,0,多换,B,2491.0000,0.0000,0.0000,0.0000,0.0000,2498.0000,0.0000,0.0000,0.0000,0.0000,1,0,0,0,0,1,0,0,0,0
zc,WS211,2012-06-13 09:32:58.743,2488.0000,278,0,0.0000,0.0000,0,0,多换,B,2490.0000,0.0000,0.0000,0.0000,0.0000,2498.0000,0.0000,0.0000,0.0000,0.0000,10,0,0,0,0,1,0,0,0,0
zc,WS211,2012-06-13 09:32:59.730,2488.0000,278,0,0.0000,0.0000,0,0,多换,B,2491.0000,0.0000,0.0000,0.0000,0.0000,2498.0000,0.0000,0.0000,0.0000,0.0000,9,0,0,0,0,1,0,0,0,0
zc,WS211,2012-06-13 09:33:01.230,2488.0000,278,0,0.0000,0.0000,0,0,多换,B,2491.0000,0.0000,0.0000,0.0000,0.0000,2498.0000,0.0000,0.0000,0.0000,0.0000,10,0,0,0,0,1,0,0,0,0
zc,WS211,2012-06-13 09:33:03.697,2488.0000,278,0,0.0000,0.0000,0,0,多换,B,2491.0000,0.0000,0.0000,0.0000,0.0000,2499.0000,0.0000,0.0000,0.0000,0.0000,10,0,0,0,0,1,0,0,0,0
zc,WS211,2012-06-13 09:33:06.480,2488.0000,278,0,0.0000,0.0000,0,0,多换,B,2491.0000,0.0000,0.0000,0.0000,0.0000,2499.0000,0.0000,0.0000,0.0000,0.0000,4,0,0,0,0,1,0,0,0,0
zc,WS211,2012-06-13 09:33:06.963,2488.0000,278,0,0.0000,0.0000,0,0,多换,B,2491.0000,0.0000,0.0000,0.0000,0.0000,2499.0000,0.0000,0.0000,0.0000,0.0000,1,0,0,0,0,1,0,0,0,0
zc,WS211,2012-06-13 09:33:10.463,2488.0000,278,0,0.0000,0.0000,0,0,多换,B,2491.0000,0.0000,0.0000,0.0000,0.0000,2499.0000,0.0000,0.0000,0.0000,0.0000,4,0,0,0,0,1,0,0,0,0
zc,WS211,2012-06-13 09:33:10.980,2488.0000,278,0,0.0000,0.0000,0,0,多换,B,2491.0000,0.0000,0.0000,0.0000,0.0000,2499.0000,0.0000,0.0000,0.0000,0.0000,1,0,0,0,0,1,0,0,0,0
zc,WS211,2012-06-13 09:33:12.197,2488.0000,278,0,0.0000,0.0000,0,0,多换,B,2491.0000,0.0000,0.0000,0.0000,0.0000,2499.0000,0.0000,0.0000,0.0000,0.0000,10,0,0,0,0,1,0,0,0,0
zc,WS211,2012-06-13 09:33:12.697,2488.0000,278,0,0.0000,0.0000,0,0,多换,B,2491.0000,0.0000,0.0000,0.0000,0.0000,2499.0000,0.0000,0.0000,0.0000,0.0000,1,0,0,0,0,1,0,0,0,0
zc,WS211,2012-06-13 09:33:21.743,2488.0000,278,0,0.0000,0.0000,0,0,多换,B,2490.0000,0.0000,0.0000,0.0000,0.0000,2499.0000,0.0000,0.0000,0.0000,0.0000,10,0,0,0,0,1,0,0,0,0
zc,WS211,2012-06-13 09:33:26.213,2488.0000,278,0,0.0000,0.0000,0,0,多换,B,2490.0000,0.0000,0.0000,0.0000,0.0000,2499.0000,0.0000,0.0000,0.0000,0.0000,1,0,0,0,0,1,0,0,0,0
zc,WS211,2012-06-13 09:33:27.963,2488.0000,278,0,0.0000,0.0000,0,0,多换,B,2490.0000,0.0000,0.0000,0.0000,0.0000,2499.0000,0.0000,0.0000,0.0000,0.0000,1,0,0,0,0,2,0,0,0,0
zc,WS211,2012-06-13 09:33:40.713,2488.0000,278,0,0.0000,0.0000,0,0,多换,B,2490.0000,0.0000,0.0000,0.0000,0.0000,2499.0000,0.0000,0.0000,0.0000,0.0000,1,0,0,0,0,3,0,0,0,0
zc,WS211,2012-06-13 09:33:43.463,2488.0000,278,0,0.0000,0.0000,0,0,多换,B,2489.0000,0.0000,0.0000,0.0000,0.0000,2499.0000,0.0000,0.0000,0.0000,0.0000,1,0,0,0,0,3,0,0,0,0
zc,WS211,2012-06-13 09:33:44.447,2488.0000,278,0,0.0000,0.0000,0,0,多换,B,2490.0000,0.0000,0.0000,0.0000,0.0000,2499.0000,0.0000,0.0000,0.0000,0.0000,1,0,0,0,0,3,0,0,0,0
zc,WS211,2012-06-13 09:33:45.933,2488.0000,278,0,0.0000,0.0000,0,0,多换,B,2489.0000,0.0000,0.0000,0.0000,0.0000,2499.0000,0.0000,0.0000,0.0000,0.0000,1,0,0,0,0,3,0,0,0,0
zc,WS211,2012-06-13 09:33:46.947,2488.0000,278,0,0.0000,0.0000,0,0,多换,B,2490.0000,0.0000,0.0000,0.0000,0.0000,2499.0000,0.0000,0.0000,0.0000,0.0000,1,0,0,0,0,3,0,0,0,0
zc,WS211,2012-06-13 09:33:47.963,2488.0000,278,0,0.0000,0.0000,0,0,多换,B,2489.0000,0.0000,0.0000,0.0000,0.0000,2498.0000,0.0000,0.0000,0.0000,0.0000,1,0,0,0,0,1,0,0,0,0
zc,WS211,2012-06-13 09:33:53.683,2488.0000,278,0,0.0000,0.0000,0,0,多换,B,2490.0000,0.0000,0.0000,0.0000,0.0000,2499.0000,0.0000,0.0000,0.0000,0.0000,1,0,0,0,0,3,0,0,0,0
zc,WS211,2012-06-13 09:33:56.480,2488.0000,278,0,0.0000,0.0000,0,0,多换,B,2489.0000,0.0000,0.0000,0.0000,0.0000,2499.0000,0.0000,0.0000,0.0000,0.0000,1,0,0,0,0,3,0,0,0,0
zc,WS211,2012-06-13 09:33:57.760,2488.0000,278,0,0.0000,0.0000,0,0,多换,B,2489.0000,0.0000,0.0000,0.0000,0.0000,2498.0000,0.0000,0.0000,0.0000,0.0000,1,0,0,0,0,1,0,0,0,0
zc,WS211,2012-06-13 09:34:12.993,2488.0000,278,0,0.0000,0.0000,0,0,多换,B,2489.0000,0.0000,0.0000,0.0000,0.0000,2498.0000,0.0000,0.0000,0.0000,0.0000,10,0,0,0,0,1,0,0,0,0
zc,WS211,2012-06-13 09:34:15.243,2488.0000,278,0,0.0000,0.0000,0,0,多换,B,2489.0000,0.0000,0.0000,0.0000,0.0000,2498.0000,0.0000,0.0000,0.0000,0.0000,1,0,0,0,0,1,0,0,0,0
zc,WS211,2012-06-13 09:34:19.197,2488.0000,278,0,0.0000,0.0000,0,0,多换,B,2489.0000,0.0000,0.0000,0.0000,0.0000,2498.0000,0.0000,0.0000,0.0000,0.0000,10,0,0,0,0,1,0,0,0,0
zc,WS211,2012-06-13 09:34:21.447,2488.0000,278,0,0.0000,0.0000,0,0,多换,B,2489.0000,0.0000,0.0000,0.0000,0.0000,2498.0000,0.0000,0.0000,0.0000,0.0000,1,0,0,0,0,1,0,0,0,0
zc,WS211,2012-06-13 09:34:22.730,2488.0000,278,0,0.0000,0.0000,0,0,多换,B,2489.0000,0.0000,0.0000,0.0000,0.0000,2498.0000,0.0000,0.0000,0.0000,0.0000,5,0,0,0,0,1,0,0,0,0
zc,WS211,2012-06-13 09:34:23.213,2488.0000,278,0,0.0000,0.0000,0,0,多换,B,2489.0000,0.0000,0.0000,0.0000,0.0000,2498.0000,0.0000,0.0000,0.0000,0.0000,4,0,0,0,0,1,0,0,0,0
zc,WS211,2012-06-13 09:34:24.243,2488.0000,278,0,0.0000,0.0000,0,0,多换,B,2489.0000,0.0000,0.0000,0.0000,0.0000,2498.0000,0.0000,0.0000,0.0000,0.0000,1,0,0,0,0,1,0,0,0,0
zc,WS211,2012-06-13 09:34:24.933,2488.0000,278,0,0.0000,0.0000,0,0,多换,B,2489.0000,0.0000,0.0000,0.0000,0.0000,2498.0000,0.0000,0.0000,0.0000,0.0000,10,0,0,0,0,1,0,0,0,0
zc,WS211,2012-06-13 09:34:26.230,2488.0000,278,0,0.0000,0.0000,0,0,多换,B,2489.0000,0.0000,0.0000,0.0000,0.0000,2498.0000,0.0000,0.0000,0.0000,0.0000,1,0,0,0,0,1,0,0,0,0
zc,WS211,2012-06-13 09:34:26.447,2488.0000,278,0,0.0000,0.0000,0,0,多换,B,2489.0000,0.0000,0.0000,0.0000,0.0000,2498.0000,0.0000,0.0000,0.0000,0.0000,10,0,0,0,0,1,0,0,0,0
zc,WS211,2012-06-13 09:34:36.963,2488.0000,278,0,0.0000,0.0000,0,0,多换,B,2489.0000,0.0000,0.0000,0.0000,0.0000,2499.0000,0.0000,0.0000,0.0000,0.0000,10,0,0,0,0,2,0,0,0,0
zc,WS211,2012-06-13 09:34:38.713,2488.0000,278,0,0.0000,0.0000,0,0,多换,B,2490.0000,0.0000,0.0000,0.0000,0.0000,2499.0000,0.0000,0.0000,0.0000,0.0000,1,0,0,0,0,2,0,0,0,0
zc,WS211,2012-06-13 09:34:39.667,2488.0000,278,0,0.0000,0.0000,0,0,多换,B,2490.0000,0.0000,0.0000,0.0000,0.0000,2497.0000,0.0000,0.0000,0.0000,0.0000,1,0,0,0,0,1,0,0,0,0
zc,WS211,2012-06-13 09:34:48.230,2488.0000,278,0,0.0000,0.0000,0,0,多换,B,2490.0000,0.0000,0.0000,0.0000,0.0000,2499.0000,0.0000,0.0000,0.0000,0.0000,1,0,0,0,0,2,0,0,0,0
zc,WS211,2012-06-13 09:34:50.947,2488.0000,278,0,0.0000,0.0000,0,0,多换,B,2489.0000,0.0000,0.0000,0.0000,0.0000,2498.0000,0.0000,0.0000,0.0000,0.0000,10,0,0,0,0,1,0,0,0,0
zc,WS211,2012-06-13 09:34:52.697,2488.0000,278,0,0.0000,0.0000,0,0,多换,B,2489.0000,0.0000,0.0000,0.0000,0.0000,2499.0000,0.0000,0.0000,0.0000,0.0000,10,0,0,0,0,2,0,0,0,0
zc,WS211,2012-06-13 09:34:53.697,2488.0000,278,0,0.0000,0.0000,0,0,多换,B,2490.0000,0.0000,0.0000,0.0000,0.0000,2499.0000,0.0000,0.0000,0.0000,0.0000,1,0,0,0,0,2,0,0,0,0
zc,WS211,2012-06-13 09:34:54.197,2488.0000,278,0,0.0000,0.0000,0,0,多换,B,2490.0000,0.0000,0.0000,0.0000,0.0000,2499.0000,0.0000,0.0000,0.0000,0.0000,1,0,0,0,0,3,0,0,0,0
zc,WS211,2012-06-13 09:34:55.463,2488.0000,278,0,0.0000,0.0000,0,0,多换,B,2490.0000,0.0000,0.0000,0.0000,0.0000,2498.0000,0.0000,0.0000,0.0000,0.0000,1,0,0,0,0,1,0,0,0,0
zc,WS211,2012-06-13 09:35:00.463,2488.0000,278,0,0.0000,0.0000,0,0,多换,B,2489.0000,0.0000,0.0000,0.0000,0.0000,2498.0000,0.0000,0.0000,0.0000,0.0000,8,0,0,0,0,1,0,0,0,0
zc,WS211,2012-06-13 09:35:00.933,2488.0000,278,0,0.0000,0.0000,0,0,多换,B,2489.0000,0.0000,0.0000,0.0000,0.0000,2498.0000,0.0000,0.0000,0.0000,0.0000,10,0,0,0,0,1,0,0,0,0
zc,WS211,2012-06-13 09:35:07.183,2488.0000,278,0,0.0000,0.0000,0,0,多换,B,2490.0000,0.0000,0.0000,0.0000,0.0000,2498.0000,0.0000,0.0000,0.0000,0.0000,1,0,0,0,0,1,0,0,0,0
zc,WS211,2012-06-13 09:35:26.993,2488.0000,278,0,0.0000,0.0000,0,0,多换,B,2489.0000,0.0000,0.0000,0.0000,0.0000,2498.0000,0.0000,0.0000,0.0000,0.0000,10,0,0,0,0,2,0,0,0,0
zc,WS211,2012-06-13 09:35:32.463,2488.0000,278,0,0.0000,0.0000,0,0,多换,B,2489.0000,0.0000,0.0000,0.0000,0.0000,2498.0000,0.0000,0.0000,0.0000,0.0000,10,0,0,0,0,1,0,0,0,0
zc,WS211,2012-06-13 09:35:33.493,2488.0000,278,0,0.0000,0.0000,0,0,多换,B,2489.0000,0.0000,0.0000,0.0000,0.0000,2498.0000,0.0000,0.0000,0.0000,0.0000,10,0,0,0,0,2,0,0,0,0
zc,WS211,2012-06-13 09:35:36.463,2488.0000,278,0,0.0000,0.0000,0,0,多换,B,2489.0000,0.0000,0.0000,0.0000,0.0000,2498.0000,0.0000,0.0000,0.0000,0.0000,10,0,0,0,0,1,0,0,0,0
zc,WS211,2012-06-13 09:35:36.963,2488.0000,278,0,0.0000,0.0000,0,0,多换,B,2490.0000,0.0000,0.0000,0.0000,0.0000,2498.0000,0.0000,0.0000,0.0000,0.0000,1,0,0,0,0,1,0,0,0,0
zc,WS211,2012-06-13 09:35:38.697,2488.0000,278,0,0.0000,0.0000,0,0,多换,B,2490.0000,0.0000,0.0000,0.0000,0.0000,2498.0000,0.0000,0.0000,0.0000,0.0000,10,0,0,0,0,1,0,0,0,0
zc,WS211,2012-06-13 09:35:39.213,2488.0000,278,0,0.0000,0.0000,0,0,多换,B,2491.0000,0.0000,0.0000,0.0000,0.0000,2498.0000,0.0000,0.0000,0.0000,0.0000,9,0,0,0,0,1,0,0,0,0
zc,WS211,2012-06-13 09:35:40.447,2488.0000,278,0,0.0000,0.0000,0,0,多换,B,2491.0000,0.0000,0.0000,0.0000,0.0000,2498.0000,0.0000,0.0000,0.0000,0.0000,7,0,0,0,0,1,0,0,0,0
zc,WS211,2012-06-13 09:35:40.993,2488.0000,278,0,0.0000,0.0000,0,0,多换,B,2491.0000,0.0000,0.0000,0.0000,0.0000,2498.0000,0.0000,0.0000,0.0000,0.0000,2,0,0,0,0,1,0,0,0,0
zc,WS211,2012-06-13 09:35:41.447,2488.0000,278,0,0.0000,0.0000,0,0,多换,B,2490.0000,0.0000,0.0000,0.0000,0.0000,2498.0000,0.0000,0.0000,0.0000,0.0000,10,0,0,0,0,1,0,0,0,0
zc,WS211,2012-06-13 09:35:42.743,2488.0000,278,0,0.0000,0.0000,0,0,多换,B,2490.0000,0.0000,0.0000,0.0000,0.0000,2499.0000,0.0000,0.0000,0.0000,0.0000,10,0,0,0,0,1,0,0,0,0
zc,WS211,2012-06-13 09:35:43.963,2488.0000,278,0,0.0000,0.0000,0,0,多换,B,2491.0000,0.0000,0.0000,0.0000,0.0000,2499.0000,0.0000,0.0000,0.0000,0.0000,1,0,0,0,0,1,0,0,0,0
zc,WS211,2012-06-13 09:35:58.197,2488.0000,278,0,0.0000,0.0000,0,0,多换,B,2490.0000,0.0000,0.0000,0.0000,0.0000,2499.0000,0.0000,0.0000,0.0000,0.0000,10,0,0,0,0,2,0,0,0,0
zc,WS211,2012-06-13 09:36:02.480,2488.0000,278,0,0.0000,0.0000,0,0,多换,B,2490.0000,0.0000,0.0000,0.0000,0.0000,2499.0000,0.0000,0.0000,0.0000,0.0000,1,0,0,0,0,2,0,0,0,0
zc,WS211,2012-06-13 09:36:13.993,2488.0000,278,0,0.0000,0.0000,0,0,多换,B,2489.0000,0.0000,0.0000,0.0000,0.0000,2498.0000,0.0000,0.0000,0.0000,0.0000,10,0,0,0,0,1,0,0,0,0
zc,WS211,2012-06-13 09:36:19.183,2488.0000,278,0,0.0000,0.0000,0,0,多换,B,2489.0000,0.0000,0.0000,0.0000,0.0000,2499.0000,0.0000,0.0000,0.0000,0.0000,10,0,0,0,0,2,0,0,0,0
zc,WS211,2012-06-13 09:36:19.463,2488.0000,278,0,0.0000,0.0000,0,0,多换,B,2489.0000,0.0000,0.0000,0.0000,0.0000,2498.0000,0.0000,0.0000,0.0000,0.0000,10,0,0,0,0,1,0,0,0,0
zc,WS211,2012-06-13 09:36:21.433,2488.0000,278,0,0.0000,0.0000,0,0,多换,B,2490.0000,0.0000,0.0000,0.0000,0.0000,2499.0000,0.0000,0.0000,0.0000,0.0000,1,0,0,0,0,2,0,0,0,0
zc,WS211,2012-06-13 09:36:24.167,2488.0000,278,0,0.0000,0.0000,0,0,多换,B,2489.0000,0.0000,0.0000,0.0000,0.0000,2498.0000,0.0000,0.0000,0.0000,0.0000,1,0,0,0,0,1,0,0,0,0
zc,WS211,2012-06-13 09:36:31.417,2488.0000,278,0,0.0000,0.0000,0,0,多换,B,2489.0000,0.0000,0.0000,0.0000,0.0000,2498.0000,0.0000,0.0000,0.0000,0.0000,1,0,0,0,0,1,0,0,0,0
zc,WS211,2012-06-13 09:36:44.447,2488.0000,278,0,0.0000,0.0000,0,0,多换,B,2488.0000,0.0000,0.0000,0.0000,0.0000,2497.0000,0.0000,0.0000,0.0000,0.0000,10,0,0,0,0,1,0,0,0,0
zc,WS211,2012-06-13 09:36:44.947,2488.0000,278,0,0.0000,0.0000,0,0,多换,B,2488.0000,0.0000,0.0000,0.0000,0.0000,2497.0000,0.0000,0.0000,0.0000,0.0000,1,0,0,0,0,1,0,0,0,0
zc,WS211,2012-06-13 09:36:51.947,2488.0000,278,0,0.0000,0.0000,0,0,多换,B,2487.0000,0.0000,0.0000,0.0000,0.0000,2497.0000,0.0000,0.0000,0.0000,0.0000,1,0,0,0,0,2,0,0,0,0
zc,WS211,2012-06-13 09:36:58.463,2488.0000,278,0,0.0000,0.0000,0,0,多换,B,2487.0000,0.0000,0.0000,0.0000,0.0000,2496.0000,0.0000,0.0000,0.0000,0.0000,1,0,0,0,0,1,0,0,0,0
zc,WS211,2012-06-13 09:37:04.510,2488.0000,278,0,0.0000,0.0000,0,0,多换,B,2487.0000,0.0000,0.0000,0.0000,0.0000,2496.0000,0.0000,0.0000,0.0000,0.0000,1,0,0,0,0,2,0,0,0,0
zc,WS211,2012-06-13 09:37:05.730,2488.0000,278,0,0.0000,0.0000,0,0,多换,B,2487.0000,0.0000,0.0000,0.0000,0.0000,2495.0000,0.0000,0.0000,0.0000,0.0000,1,0,0,0,0,1,0,0,0,0
zc,WS211,2012-06-13 09:37:17.790,2488.0000,278,0,0.0000,0.0000,0,0,多换,B,2487.0000,0.0000,0.0000,0.0000,0.0000,2495.0000,0.0000,0.0000,0.0000,0.0000,10,0,0,0,0,1,0,0,0,0
zc,WS211,2012-06-13 09:37:18.480,2488.0000,278,0,0.0000,0.0000,0,0,多换,B,2487.0000,0.0000,0.0000,0.0000,0.0000,2495.0000,0.0000,0.0000,0.0000,0.0000,1,0,0,0,0,1,0,0,0,0
zc,WS211,2012-06-13 09:37:23.463,2488.0000,278,0,0.0000,0.0000,0,0,多换,B,2487.0000,0.0000,0.0000,0.0000,0.0000,2495.0000,0.0000,0.0000,0.0000,0.0000,10,0,0,0,0,1,0,0,0,0
zc,WS211,2012-06-13 09:37:23.980,2488.0000,278,0,0.0000,0.0000,0,0,多换,B,2488.0000,0.0000,0.0000,0.0000,0.0000,2495.0000,0.0000,0.0000,0.0000,0.0000,1,0,0,0,0,1,0,0,0,0
zc,WS211,2012-06-13 09:37:47.447,2488.0000,278,0,0.0000,0.0000,0,0,多换,B,2488.0000,0.0000,0.0000,0.0000,0.0000,2494.0000,0.0000,0.0000,0.0000,0.0000,1,0,0,0,0,1,0,0,0,0
zc,WS211,2012-06-13 09:37:51.230,2488.0000,278,0,0.0000,0.0000,0,0,多换,B,2489.0000,0.0000,0.0000,0.0000,0.0000,2494.0000,0.0000,0.0000,0.0000,0.0000,1,0,0,0,0,1,0,0,0,0
zc,WS211,2012-06-13 09:37:51.713,2488.0000,278,0,0.0000,0.0000,0,0,多换,B,2488.0000,0.0000,0.0000,0.0000,0.0000,2494.0000,0.0000,0.0000,0.0000,0.0000,1,0,0,0,0,1,0,0,0,0
zc,WS211,2012-06-13 09:38:00.963,2488.0000,278,0,0.0000,0.0000,0,0,多换,B,2489.0000,0.0000,0.0000,0.0000,0.0000,2494.0000,0.0000,0.0000,0.0000,0.0000,1,0,0,0,0,1,0,0,0,0
zc,WS211,2012-06-13 09:38:07.057,2488.0000,278,0,0.0000,0.0000,0,0,多换,B,2488.0000,0.0000,0.0000,0.0000,0.0000,2494.0000,0.0000,0.0000,0.0000,0.0000,1,0,0,0,0,1,0,0,0,0
zc,WS211,2012-06-13 09:38:31.433,2488.0000,278,0,0.0000,0.0000,0,0,多换,B,2488.0000,0.0000,0.0000,0.0000,0.0000,2494.0000,0.0000,0.0000,0.0000,0.0000,1,0,0,0,0,1,0,0,0,0
zc,WS211,2012-06-13 09:38:37.230,2488.0000,278,0,0.0000,0.0000,0,0,多换,B,2487.0000,0.0000,0.0000,0.0000,0.0000,2494.0000,0.0000,0.0000,0.0000,0.0000,1,0,0,0,0,1,0,0,0,0
zc,WS211,2012-06-13 09:38:39.963,2488.0000,278,0,0.0000,0.0000,0,0,多换,B,2486.0000,0.0000,0.0000,0.0000,0.0000,2494.0000,0.0000,0.0000,0.0000,0.0000,1,0,0,0,0,1,0,0,0,0
zc,WS211,2012-06-13 09:38:48.790,2488.0000,278,0,0.0000,0.0000,0,0,多换,B,2487.0000,0.0000,0.0000,0.0000,0.0000,2494.0000,0.0000,0.0000,0.0000,0.0000,1,0,0,0,0,1,0,0,0,0
zc,WS211,2012-06-13 09:39:00.697,2488.0000,278,0,0.0000,0.0000,0,0,多换,B,2486.0000,0.0000,0.0000,0.0000,0.0000,2494.0000,0.0000,0.0000,0.0000,0.0000,1,0,0,0,0,1,0,0,0,0
zc,WS211,2012-06-13 09:39:03.447,2488.0000,278,0,0.0000,0.0000,0,0,多换,B,2487.0000,0.0000,0.0000,0.0000,0.0000,2494.0000,0.0000,0.0000,0.0000,0.0000,1,0,0,0,0,1,0,0,0,0
zc,WS211,2012-06-13 09:39:04.230,2488.0000,278,0,0.0000,0.0000,0,0,多换,B,2486.0000,0.0000,0.0000,0.0000,0.0000,2494.0000,0.0000,0.0000,0.0000,0.0000,1,0,0,0,0,1,0,0,0,0
zc,WS211,2012-06-13 09:39:09.463,2488.0000,278,0,0.0000,0.0000,0,0,多换,B,2487.0000,0.0000,0.0000,0.0000,0.0000,2494.0000,0.0000,0.0000,0.0000,0.0000,1,0,0,0,0,1,0,0,0,0
zc,WS211,2012-06-13 09:39:18.010,2488.0000,278,0,0.0000,0.0000,0,0,多换,B,2486.0000,0.0000,0.0000,0.0000,0.0000,2494.0000,0.0000,0.0000,0.0000,0.0000,2,0,0,0,0,1,0,0,0,0
zc,WS211,2012-06-13 09:39:18.183,2488.0000,278,0,0.0000,0.0000,0,0,多换,B,2487.0000,0.0000,0.0000,0.0000,0.0000,2494.0000,0.0000,0.0000,0.0000,0.0000,1,0,0,0,0,1,0,0,0,0
zc,WS211,2012-06-13 09:39:43.697,2488.0000,278,0,0.0000,0.0000,0,0,多换,B,2487.0000,0.0000,0.0000,0.0000,0.0000,2494.0000,0.0000,0.0000,0.0000,0.0000,10,0,0,0,0,1,0,0,0,0
zc,WS211,2012-06-13 09:39:44.213,2488.0000,278,0,0.0000,0.0000,0,0,多换,B,2487.0000,0.0000,0.0000,0.0000,0.0000,2494.0000,0.0000,0.0000,0.0000,0.0000,1,0,0,0,0,1,0,0,0,0
zc,WS211,2012-06-13 09:40:02.480,2488.0000,278,0,0.0000,0.0000,0,0,多换,B,2487.0000,0.0000,0.0000,0.0000,0.0000,2494.0000,0.0000,0.0000,0.0000,0.0000,10,0,0,0,0,1,0,0,0,0
zc,WS211,2012-06-13 09:40:02.963,2488.0000,278,0,0.0000,0.0000,0,0,多换,B,2487.0000,0.0000,0.0000,0.0000,0.0000,2494.0000,0.0000,0.0000,0.0000,0.0000,7,0,0,0,0,1,0,0,0,0
zc,WS211,2012-06-13 09:40:03.683,2488.0000,278,0,0.0000,0.0000,0,0,多换,B,2487.0000,0.0000,0.0000,0.0000,0.0000,2494.0000,0.0000,0.0000,0.0000,0.0000,5,0,0,0,0,1,0,0,0,0
zc,WS211,2012-06-13 09:40:03.933,2488.0000,278,0,0.0000,0.0000,0,0,多换,B,2487.0000,0.0000,0.0000,0.0000,0.0000,2494.0000,0.0000,0.0000,0.0000,0.0000,9,0,0,0,0,1,0,0,0,0
zc,WS211,2012-06-13 09:40:05.697,2488.0000,278,0,0.0000,0.0000,0,0,多换,B,2487.0000,0.0000,0.0000,0.0000,0.0000,2494.0000,0.0000,0.0000,0.0000,0.0000,5,0,0,0,0,1,0,0,0,0
zc,WS211,2012-06-13 09:40:06.447,2488.0000,278,0,0.0000,0.0000,0,0,多换,B,2487.0000,0.0000,0.0000,0.0000,0.0000,2494.0000,0.0000,0.0000,0.0000,0.0000,10,0,0,0,0,1,0,0,0,0
zc,WS211,2012-06-13 09:40:06.963,2488.0000,278,0,0.0000,0.0000,0,0,多换,B,2487.0000,0.0000,0.0000,0.0000,0.0000,2496.0000,0.0000,0.0000,0.0000,0.0000,10,0,0,0,0,1,0,0,0,0
zc,WS211,2012-06-13 09:40:07.463,2488.0000,278,0,0.0000,0.0000,0,0,多换,B,2487.0000,0.0000,0.0000,0.0000,0.0000,2497.0000,0.0000,0.0000,0.0000,0.0000,10,0,0,0,0,1,0,0,0,0
zc,WS211,2012-06-13 09:40:33.947,2488.0000,278,0,0.0000,0.0000,0,0,多换,B,2488.0000,0.0000,0.0000,0.0000,0.0000,2497.0000,0.0000,0.0000,0.0000,0.0000,1,0,0,0,0,1,0,0,0,0
zc,WS211,2012-06-13 09:40:35.183,2488.0000,278,0,0.0000,0.0000,0,0,多换,B,2488.0000,0.0000,0.0000,0.0000,0.0000,2496.0000,0.0000,0.0000,0.0000,0.0000,1,0,0,0,0,1,0,0,0,0
zc,WS211,2012-06-13 09:40:43.463,2488.0000,278,0,0.0000,0.0000,0,0,多换,B,2489.0000,0.0000,0.0000,0.0000,0.0000,2496.0000,0.0000,0.0000,0.0000,0.0000,1,0,0,0,0,1,0,0,0,0
zc,WS211,2012-06-13 09:40:54.213,2488.0000,278,0,0.0000,0.0000,0,0,多换,B,2488.0000,0.0000,0.0000,0.0000,0.0000,2496.0000,0.0000,0.0000,0.0000,0.0000,1,0,0,0,0,1,0,0,0,0
zc,WS211,2012-06-13 09:40:58.697,2488.0000,278,0,0.0000,0.0000,0,0,多换,B,2488.0000,0.0000,0.0000,0.0000,0.0000,2495.0000,0.0000,0.0000,0.0000,0.0000,1,0,0,0,0,1,0,0,0,0
zc,WS211,2012-06-13 09:41:18.197,2488.0000,278,0,0.0000,0.0000,0,0,多换,B,2487.0000,0.0000,0.0000,0.0000,0.0000,2495.0000,0.0000,0.0000,0.0000,0.0000,1,0,0,0,0,1,0,0,0,0
zc,WS211,2012-06-13 09:41:22.697,2488.0000,278,0,0.0000,0.0000,0,0,多换,B,2487.0000,0.0000,0.0000,0.0000,0.0000,2495.0000,0.0000,0.0000,0.0000,0.0000,1,0,0,0,0,2,0,0,0,0
zc,WS211,2012-06-13 09:41:26.933,2488.0000,278,0,0.0000,0.0000,0,0,多换,B,2488.0000,0.0000,0.0000,0.0000,0.0000,2495.0000,0.0000,0.0000,0.0000,0.0000,1,0,0,0,0,2,0,0,0,0
zc,WS211,2012-06-13 09:41:40.447,2488.0000,278,0,0.0000,0.0000,0,0,多换,B,2487.0000,0.0000,0.0000,0.0000,0.0000,2494.0000,0.0000,0.0000,0.0000,0.0000,1,0,0,0,0,1,0,0,0,0
zc,WS211,2012-06-13 09:41:40.993,2488.0000,278,0,0.0000,0.0000,0,0,多换,B,2487.0000,0.0000,0.0000,0.0000,0.0000,2495.0000,0.0000,0.0000,0.0000,0.0000,1,0,0,0,0,2,0,0,0,0
zc,WS211,2012-06-13 09:41:43.197,2488.0000,278,0,0.0000,0.0000,0,0,多换,B,2488.0000,0.0000,0.0000,0.0000,0.0000,2495.0000,0.0000,0.0000,0.0000,0.0000,1,0,0,0,0,2,0,0,0,0
zc,WS211,2012-06-13 09:41:43.683,2488.0000,278,0,0.0000,0.0000,0,0,多换,B,2487.0000,0.0000,0.0000,0.0000,0.0000,2494.0000,0.0000,0.0000,0.0000,0.0000,1,0,0,0,0,1,0,0,0,0
zc,WS211,2012-06-13 09:41:44.963,2488.0000,278,0,0.0000,0.0000,0,0,多换,B,2487.0000,0.0000,0.0000,0.0000,0.0000,2495.0000,0.0000,0.0000,0.0000,0.0000,1,0,0,0,0,2,0,0,0,0
zc,WS211,2012-06-13 09:42:15.713,2488.0000,278,0,0.0000,0.0000,0,0,多换,B,2488.0000,0.0000,0.0000,0.0000,0.0000,2495.0000,0.0000,0.0000,0.0000,0.0000,1,0,0,0,0,2,0,0,0,0
zc,WS211,2012-06-13 09:42:16.463,2488.0000,278,0,0.0000,0.0000,0,0,多换,B,2487.0000,0.0000,0.0000,0.0000,0.0000,2495.0000,0.0000,0.0000,0.0000,0.0000,1,0,0,0,0,2,0,0,0,0
zc,WS211,2012-06-13 09:42:17.447,2488.0000,278,0,0.0000,0.0000,0,0,多换,B,2488.0000,0.0000,0.0000,0.0000,0.0000,2495.0000,0.0000,0.0000,0.0000,0.0000,1,0,0,0,0,2,0,0,0,0
zc,WS211,2012-06-13 09:42:19.697,2488.0000,278,0,0.0000,0.0000,0,0,多换,B,2487.0000,0.0000,0.0000,0.0000,0.0000,2495.0000,0.0000,0.0000,0.0000,0.0000,1,0,0,0,0,2,0,0,0,0
zc,WS211,2012-06-13 09:42:26.197,2488.0000,278,0,0.0000,0.0000,0,0,多换,B,2488.0000,0.0000,0.0000,0.0000,0.0000,2495.0000,0.0000,0.0000,0.0000,0.0000,1,0,0,0,0,2,0,0,0,0
zc,WS211,2012-06-13 09:42:27.447,2488.0000,278,0,0.0000,0.0000,0,0,多换,B,2488.0000,0.0000,0.0000,0.0000,0.0000,2495.0000,0.0000,0.0000,0.0000,0.0000,1,0,0,0,0,1,0,0,0,0
zc,WS211,2012-06-13 09:42:57.213,2488.0000,278,0,0.0000,0.0000,0,0,多换,B,2488.0000,0.0000,0.0000,0.0000,0.0000,2496.0000,0.0000,0.0000,0.0000,0.0000,1,0,0,0,0,1,0,0,0,0
zc,WS211,2012-06-13 09:42:57.697,2488.0000,278,0,0.0000,0.0000,0,0,多换,B,2488.0000,0.0000,0.0000,0.0000,0.0000,2496.0000,0.0000,0.0000,0.0000,0.0000,1,0,0,0,0,2,0,0,0,0
zc,WS211,2012-06-13 09:42:58.447,2488.0000,278,0,0.0000,0.0000,0,0,多换,B,2488.0000,0.0000,0.0000,0.0000,0.0000,2495.0000,0.0000,0.0000,0.0000,0.0000,1,0,0,0,0,1,0,0,0,0
zc,WS211,2012-06-13 09:43:17.197,2488.0000,278,0,0.0000,0.0000,0,0,多换,B,2487.0000,0.0000,0.0000,0.0000,0.0000,2495.0000,0.0000,0.0000,0.0000,0.0000,1,0,0,0,0,1,0,0,0,0
zc,WS211,2012-06-13 09:43:39.730,2488.0000,278,0,0.0000,0.0000,0,0,多换,B,2487.0000,0.0000,0.0000,0.0000,0.0000,2494.0000,0.0000,0.0000,0.0000,0.0000,1,0,0,0,0,1,0,0,0,0
zc,WS211,2012-06-13 09:43:45.697,2488.0000,278,0,0.0000,0.0000,0,0,多换,B,2486.0000,0.0000,0.0000,0.0000,0.0000,2494.0000,0.0000,0.0000,0.0000,0.0000,1,0,0,0,0,1,0,0,0,0
zc,WS211,2012-06-13 09:43:46.683,2488.0000,278,0,0.0000,0.0000,0,0,多换,B,2486.0000,0.0000,0.0000,0.0000,0.0000,2493.0000,0.0000,0.0000,0.0000,0.0000,1,0,0,0,0,1,0,0,0,0
zc,WS211,2012-06-13 09:43:49.963,2488.0000,278,0,0.0000,0.0000,0,0,多换,B,2486.0000,0.0000,0.0000,0.0000,0.0000,2494.0000,0.0000,0.0000,0.0000,0.0000,1,0,0,0,0,1,0,0,0,0
zc,WS211,2012-06-13 09:43:56.197,2488.0000,278,0,0.0000,0.0000,0,0,多换,B,2487.0000,0.0000,0.0000,0.0000,0.0000,2494.0000,0.0000,0.0000,0.0000,0.0000,1,0,0,0,0,1,0,0,0,0
zc,WS211,2012-06-13 09:43:57.197,2488.0000,278,0,0.0000,0.0000,0,0,多换,B,2486.0000,0.0000,0.0000,0.0000,0.0000,2493.0000,0.0000,0.0000,0.0000,0.0000,1,0,0,0,0,1,0,0,0,0
zc,WS211,2012-06-13 09:44:02.183,2488.0000,278,0,0.0000,0.0000,0,0,多换,B,2486.0000,0.0000,0.0000,0.0000,0.0000,2494.0000,0.0000,0.0000,0.0000,0.0000,1,0,0,0,0,1,0,0,0,0
zc,WS211,2012-06-13 09:44:03.947,2488.0000,278,0,0.0000,0.0000,0,0,多换,B,2486.0000,0.0000,0.0000,0.0000,0.0000,2493.0000,0.0000,0.0000,0.0000,0.0000,1,0,0,0,0,1,0,0,0,0
zc,WS211,2012-06-13 09:44:07.433,2488.0000,278,0,0.0000,0.0000,0,0,多换,B,2486.0000,0.0000,0.0000,0.0000,0.0000,2494.0000,0.0000,0.0000,0.0000,0.0000,1,0,0,0,0,1,0,0,0,0
zc,WS211,2012-06-13 09:44:08.447,2488.0000,278,0,0.0000,0.0000,0,0,多换,B,2486.0000,0.0000,0.0000,0.0000,0.0000,2495.0000,0.0000,0.0000,0.0000,0.0000,1,0,0,0,0,1,0,0,0,0
zc,WS211,2012-06-13 09:44:10.697,2488.0000,278,0,0.0000,0.0000,0,0,多换,B,2487.0000,0.0000,0.0000,0.0000,0.0000,2496.0000,0.0000,0.0000,0.0000,0.0000,1,0,0,0,0,2,0,0,0,0
zc,WS211,2012-06-13 09:44:15.947,2488.0000,278,0,0.0000,0.0000,0,0,多换,B,2486.0000,0.0000,0.0000,0.0000,0.0000,2496.0000,0.0000,0.0000,0.0000,0.0000,1,0,0,0,0,2,0,0,0,0
zc,WS211,2012-06-13 09:44:19.713,2488.0000,278,0,0.0000,0.0000,0,0,多换,B,2487.0000,0.0000,0.0000,0.0000,0.0000,2496.0000,0.0000,0.0000,0.0000,0.0000,1,0,0,0,0,2,0,0,0,0
zc,WS211,2012-06-13 09:44:23.230,2488.0000,278,0,0.0000,0.0000,0,0,多换,B,2486.0000,0.0000,0.0000,0.0000,0.0000,2496.0000,0.0000,0.0000,0.0000,0.0000,1,0,0,0,0,2,0,0,0,0
zc,WS211,2012-06-13 09:44:23.743,2488.0000,278,0,0.0000,0.0000,0,0,多换,B,2486.0000,0.0000,0.0000,0.0000,0.0000,2494.0000,0.0000,0.0000,0.0000,0.0000,1,0,0,0,0,1,0,0,0,0
zc,WS211,2012-06-13 09:44:44.433,2488.0000,278,0,0.0000,0.0000,0,0,多换,B,2485.0000,0.0000,0.0000,0.0000,0.0000,2494.0000,0.0000,0.0000,0.0000,0.0000,1,0,0,0,0,2,0,0,0,0
zc,WS211,2012-06-13 09:44:45.683,2488.0000,278,0,0.0000,0.0000,0,0,多换,B,2485.0000,0.0000,0.0000,0.0000,0.0000,2493.0000,0.0000,0.0000,0.0000,0.0000,1,0,0,0,0,1,0,0,0,0
zc,WS211,2012-06-13 09:44:54.213,2488.0000,278,0,0.0000,0.0000,0,0,多换,B,2484.0000,0.0000,0.0000,0.0000,0.0000,2493.0000,0.0000,0.0000,0.0000,0.0000,1,0,0,0,0,1,0,0,0,0
zc,WS211,2012-06-13 09:44:56.963,2488.0000,278,0,0.0000,0.0000,0,0,多换,B,2485.0000,0.0000,0.0000,0.0000,0.0000,2493.0000,0.0000,0.0000,0.0000,0.0000,1,0,0,0,0,1,0,0,0,0
zc,WS211,2012-06-13 09:44:57.683,2488.0000,278,0,0.0000,0.0000,0,0,多换,B,2484.0000,0.0000,0.0000,0.0000,0.0000,2493.0000,0.0000,0.0000,0.0000,0.0000,1,0,0,0,0,2,0,0,0,0
zc,WS211,2012-06-13 09:44:59.183,2488.0000,278,0,0.0000,0.0000,0,0,多换,B,2484.0000,0.0000,0.0000,0.0000,0.0000,2493.0000,0.0000,0.0000,0.0000,0.0000,1,0,0,0,0,3,0,0,0,0
zc,WS211,2012-06-13 09:45:03.447,2488.0000,278,0,0.0000,0.0000,0,0,多换,B,2485.0000,0.0000,0.0000,0.0000,0.0000,2493.0000,0.0000,0.0000,0.0000,0.0000,1,0,0,0,0,2,0,0,0,0
zc,WS211,2012-06-13 09:45:09.947,2488.0000,278,0,0.0000,0.0000,0,0,多换,B,2485.0000,0.0000,0.0000,0.0000,0.0000,2493.0000,0.0000,0.0000,0.0000,0.0000,1,0,0,0,0,1,0,0,0,0
zc,WS211,2012-06-13 09:45:10.730,2488.0000,278,0,0.0000,0.0000,0,0,多换,B,2484.0000,0.0000,0.0000,0.0000,0.0000,2493.0000,0.0000,0.0000,0.0000,0.0000,7,0,0,0,0,1,0,0,0,0
zc,WS211,2012-06-13 09:45:10.933,2488.0000,278,0,0.0000,0.0000,0,0,多换,B,2484.0000,0.0000,0.0000,0.0000,0.0000,2493.0000,0.0000,0.0000,0.0000,0.0000,10,0,0,0,0,1,0,0,0,0
zc,WS211,2012-06-13 09:45:13.697,2488.0000,278,0,0.0000,0.0000,0,0,多换,B,2485.0000,0.0000,0.0000,0.0000,0.0000,2493.0000,0.0000,0.0000,0.0000,0.0000,1,0,0,0,0,1,0,0,0,0
zc,WS211,2012-06-13 09:45:35.183,2488.0000,278,0,0.0000,0.0000,0,0,多换,B,2485.0000,0.0000,0.0000,0.0000,0.0000,2492.0000,0.0000,0.0000,0.0000,0.0000,1,0,0,0,0,1,0,0,0,0
zc,WS211,2012-06-13 09:45:36.183,2488.0000,278,0,0.0000,0.0000,0,0,多换,B,2486.0000,0.0000,0.0000,0.0000,0.0000,2492.0000,0.0000,0.0000,0.0000,0.0000,1,0,0,0,0,1,0,0,0,0
zc,WS211,2012-06-13 09:46:04.947,2488.0000,278,0,0.0000,0.0000,0,0,多换,B,2485.0000,0.0000,0.0000,0.0000,0.0000,2492.0000,0.0000,0.0000,0.0000,0.0000,1,0,0,0,0,1,0,0,0,0
zc,WS211,2012-06-13 09:46:10.683,2488.0000,278,0,0.0000,0.0000,0,0,多换,B,2485.0000,0.0000,0.0000,0.0000,0.0000,2492.0000,0.0000,0.0000,0.0000,0.0000,1,0,0,0,0,2,0,0,0,0
zc,WS211,2012-06-13 09:46:16.947,2488.0000,278,0,0.0000,0.0000,0,0,多换,B,2484.0000,0.0000,0.0000,0.0000,0.0000,2492.0000,0.0000,0.0000,0.0000,0.0000,1,0,0,0,0,2,0,0,0,0
zc,WS211,2012-06-13 09:46:19.183,2488.0000,278,0,0.0000,0.0000,0,0,多换,B,2484.0000,0.0000,0.0000,0.0000,0.0000,2492.0000,0.0000,0.0000,0.0000,0.0000,2,0,0,0,0,2,0,0,0,0
zc,WS211,2012-06-13 09:46:19.980,2488.0000,278,0,0.0000,0.0000,0,0,多换,B,2484.0000,0.0000,0.0000,0.0000,0.0000,2492.0000,0.0000,0.0000,0.0000,0.0000,5,0,0,0,0,2,0,0,0,0
zc,WS211,2012-06-13 09:46:20.447,2488.0000,278,0,0.0000,0.0000,0,0,多换,B,2485.0000,0.0000,0.0000,0.0000,0.0000,2492.0000,0.0000,0.0000,0.0000,0.0000,1,0,0,0,0,2,0,0,0,0
zc,WS211,2012-06-13 09:46:22.260,2488.0000,278,0,0.0000,0.0000,0,0,多换,B,2484.0000,0.0000,0.0000,0.0000,0.0000,2492.0000,0.0000,0.0000,0.0000,0.0000,1,0,0,0,0,2,0,0,0,0
zc,WS211,2012-06-13 09:46:23.197,2488.0000,278,0,0.0000,0.0000,0,0,多换,B,2485.0000,0.0000,0.0000,0.0000,0.0000,2492.0000,0.0000,0.0000,0.0000,0.0000,1,0,0,0,0,2,0,0,0,0
zc,WS211,2012-06-13 09:46:37.260,2488.0000,278,0,0.0000,0.0000,0,0,多换,B,2484.0000,0.0000,0.0000,0.0000,0.0000,2492.0000,0.0000,0.0000,0.0000,0.0000,1,0,0,0,0,3,0,0,0,0
zc,WS211,2012-06-13 09:46:38.510,2488.0000,278,0,0.0000,0.0000,0,0,多换,B,2484.0000,0.0000,0.0000,0.0000,0.0000,2492.0000,0.0000,0.0000,0.0000,0.0000,1,0,0,0,0,2,0,0,0,0
zc,WS211,2012-06-13 09:46:39.027,2488.0000,278,0,0.0000,0.0000,0,0,多换,B,2484.0000,0.0000,0.0000,0.0000,0.0000,2492.0000,0.0000,0.0000,0.0000,0.0000,1,0,0,0,0,3,0,0,0,0
zc,WS211,2012-06-13 09:47:06.447,2488.0000,278,0,0.0000,0.0000,0,0,多换,B,2483.0000,0.0000,0.0000,0.0000,0.0000,2492.0000,0.0000,0.0000,0.0000,0.0000,1,0,0,0,0,3,0,0,0,0
zc,WS211,2012-06-13 09:47:07.963,2488.0000,278,0,0.0000,0.0000,0,0,多换,B,2483.0000,0.0000,0.0000,0.0000,0.0000,2492.0000,0.0000,0.0000,0.0000,0.0000,1,0,0,0,0,4,0,0,0,0
zc,WS211,2012-06-13 09:47:08.667,2488.0000,278,0,0.0000,0.0000,0,0,多换,B,2483.0000,0.0000,0.0000,0.0000,0.0000,2492.0000,0.0000,0.0000,0.0000,0.0000,1,0,0,0,0,3,0,0,0,0
zc,WS211,2012-06-13 09:47:09.230,2488.0000,278,0,0.0000,0.0000,0,0,多换,B,2483.0000,0.0000,0.0000,0.0000,0.0000,2492.0000,0.0000,0.0000,0.0000,0.0000,1,0,0,0,0,4,0,0,0,0
zc,WS211,2012-06-13 09:47:10.447,2488.0000,278,0,0.0000,0.0000,0,0,多换,B,2484.0000,0.0000,0.0000,0.0000,0.0000,2492.0000,0.0000,0.0000,0.0000,0.0000,1,0,0,0,0,3,0,0,0,0
zc,WS211,2012-06-13 09:47:14.433,2488.0000,278,0,0.0000,0.0000,0,0,多换,B,2484.0000,0.0000,0.0000,0.0000,0.0000,2492.0000,0.0000,0.0000,0.0000,0.0000,1,0,0,0,0,2,0,0,0,0
zc,WS211,2012-06-13 09:47:18.213,2488.0000,278,0,0.0000,0.0000,0,0,多换,B,2484.0000,0.0000,0.0000,0.0000,0.0000,2492.0000,0.0000,0.0000,0.0000,0.0000,1,0,0,0,0,1,0,0,0,0
zc,WS211,2012-06-13 09:47:23.697,2488.0000,278,0,0.0000,0.0000,0,0,多换,B,2484.0000,0.0000,0.0000,0.0000,0.0000,2491.0000,0.0000,0.0000,0.0000,0.0000,1,0,0,0,0,1,0,0,0,0
zc,WS211,2012-06-13 09:47:26.447,2488.0000,278,0,0.0000,0.0000,0,0,多换,B,2482.0000,0.0000,0.0000,0.0000,0.0000,2491.0000,0.0000,0.0000,0.0000,0.0000,1,0,0,0,0,1,0,0,0,0
zc,WS211,2012-06-13 09:47:27.463,2488.0000,278,0,0.0000,0.0000,0,0,多换,B,2484.0000,0.0000,0.0000,0.0000,0.0000,2491.0000,0.0000,0.0000,0.0000,0.0000,1,0,0,0,0,1,0,0,0,0
zc,WS211,2012-06-13 09:47:37.980,2491.0000,278,0,0.0000,2.0000,1,1,多换,B,2484.0000,0.0000,0.0000,0.0000,0.0000,2493.0000,0.0000,0.0000,0.0000,0.0000,1,0,0,0,0,2,0,0,0,0
zc,WS211,2012-06-13 09:47:42.447,2491.0000,278,0,0.0000,0.0000,0,0,多换,B,2485.0000,0.0000,0.0000,0.0000,0.0000,2493.0000,0.0000,0.0000,0.0000,0.0000,1,0,0,0,0,1,0,0,0,0
zc,WS211,2012-06-13 09:47:45.167,2491.0000,278,0,0.0000,0.0000,0,0,多换,B,2484.0000,0.0000,0.0000,0.0000,0.0000,2493.0000,0.0000,0.0000,0.0000,0.0000,1,0,0,0,0,2,0,0,0,0
zc,WS211,2012-06-13 09:47:46.417,2491.0000,278,0,0.0000,0.0000,0,0,多换,B,2485.0000,0.0000,0.0000,0.0000,0.0000,2493.0000,0.0000,0.0000,0.0000,0.0000,1,0,0,0,0,1,0,0,0,0
zc,WS211,2012-06-13 09:47:46.933,2491.0000,278,0,0.0000,0.0000,0,0,多换,B,2484.0000,0.0000,0.0000,0.0000,0.0000,2493.0000,0.0000,0.0000,0.0000,0.0000,1,0,0,0,0,1,0,0,0,0
zc,WS211,2012-06-13 09:47:48.167,2491.0000,278,0,0.0000,0.0000,0,0,多换,B,2484.0000,0.0000,0.0000,0.0000,0.0000,2493.0000,0.0000,0.0000,0.0000,0.0000,1,0,0,0,0,2,0,0,0,0
zc,WS211,2012-06-13 09:47:51.183,2491.0000,278,0,0.0000,0.0000,0,0,多换,B,2484.0000,0.0000,0.0000,0.0000,0.0000,2493.0000,0.0000,0.0000,0.0000,0.0000,1,0,0,0,0,1,0,0,0,0
zc,WS211,2012-06-13 09:47:51.947,2491.0000,278,0,0.0000,0.0000,0,0,多换,B,2484.0000,0.0000,0.0000,0.0000,0.0000,2493.0000,0.0000,0.0000,0.0000,0.0000,1,0,0,0,0,2,0,0,0,0
zc,WS211,2012-06-13 09:47:53.667,2491.0000,278,0,0.0000,0.0000,0,0,多换,B,2484.0000,0.0000,0.0000,0.0000,0.0000,2492.0000,0.0000,0.0000,0.0000,0.0000,1,0,0,0,0,1,0,0,0,0
zc,WS211,2012-06-13 09:48:11.167,2491.0000,278,0,0.0000,0.0000,0,0,多换,B,2484.0000,0.0000,0.0000,0.0000,0.0000,2493.0000,0.0000,0.0000,0.0000,0.0000,1,0,0,0,0,2,0,0,0,0
zc,WS211,2012-06-13 09:48:12.230,2491.0000,278,0,0.0000,0.0000,0,0,多换,B,2484.0000,0.0000,0.0000,0.0000,0.0000,2493.0000,0.0000,0.0000,0.0000,0.0000,1,0,0,0,0,3,0,0,0,0
zc,WS211,2012-06-13 09:48:22.183,2491.0000,278,0,0.0000,0.0000,0,0,多换,B,2484.0000,0.0000,0.0000,0.0000,0.0000,2493.0000,0.0000,0.0000,0.0000,0.0000,1,0,0,0,0,2,0,0,0,0
zc,WS211,2012-06-13 09:48:22.683,2491.0000,278,0,0.0000,0.0000,0,0,多换,B,2484.0000,0.0000,0.0000,0.0000,0.0000,2493.0000,0.0000,0.0000,0.0000,0.0000,1,0,0,0,0,3,0,0,0,0
zc,WS211,2012-06-13 09:48:24.417,2491.0000,278,0,0.0000,0.0000,0,0,多换,B,2484.0000,0.0000,0.0000,0.0000,0.0000,2492.0000,0.0000,0.0000,0.0000,0.0000,1,0,0,0,0,1,0,0,0,0
zc,WS211,2012-06-13 09:48:27.947,2491.0000,278,0,0.0000,0.0000,0,0,多换,B,2484.0000,0.0000,0.0000,0.0000,0.0000,2493.0000,0.0000,0.0000,0.0000,0.0000,1,0,0,0,0,2,0,0,0,0
zc,WS211,2012-06-13 09:48:31.433,2491.0000,278,0,0.0000,0.0000,0,0,多换,B,2485.0000,0.0000,0.0000,0.0000,0.0000,2493.0000,0.0000,0.0000,0.0000,0.0000,1,0,0,0,0,1,0,0,0,0
zc,WS211,2012-06-13 09:48:31.667,2491.0000,278,0,0.0000,0.0000,0,0,多换,B,2485.0000,0.0000,0.0000,0.0000,0.0000,2493.0000,0.0000,0.0000,0.0000,0.0000,1,0,0,0,0,1,0,0,0,0
zc,WS211,2012-06-13 09:48:49.243,2491.0000,278,0,0.0000,0.0000,0,0,多换,B,2485.0000,0.0000,0.0000,0.0000,0.0000,2494.0000,0.0000,0.0000,0.0000,0.0000,1,0,0,0,0,2,0,0,0,0
zc,WS211,2012-06-13 09:48:52.683,2491.0000,278,0,0.0000,0.0000,0,0,多换,B,2485.0000,0.0000,0.0000,0.0000,0.0000,2494.0000,0.0000,0.0000,0.0000,0.0000,1,0,0,0,0,3,0,0,0,0
zc,WS211,2012-06-13 09:49:39.167,2491.0000,278,0,0.0000,0.0000,0,0,多换,B,2485.0000,0.0000,0.0000,0.0000,0.0000,2493.0000,0.0000,0.0000,0.0000,0.0000,1,0,0,0,0,1,0,0,0,0
zc,WS211,2012-06-13 09:49:54.433,2491.0000,278,0,0.0000,0.0000,0,0,多换,B,2485.0000,0.0000,0.0000,0.0000,0.0000,2493.0000,0.0000,0.0000,0.0000,0.0000,1,0,0,0,0,2,0,0,0,0
zc,WS211,2012-06-13 09:49:59.933,2491.0000,278,0,0.0000,0.0000,0,0,多换,B,2484.0000,0.0000,0.0000,0.0000,0.0000,2493.0000,0.0000,0.0000,0.0000,0.0000,1,0,0,0,0,2,0,0,0,0
zc,WS211,2012-06-13 09:50:02.417,2491.0000,278,0,0.0000,0.0000,0,0,多换,B,2484.0000,0.0000,0.0000,0.0000,0.0000,2493.0000,0.0000,0.0000,0.0000,0.0000,1,0,0,0,0,3,0,0,0,0
zc,WS211,2012-06-13 09:50:06.183,2491.0000,278,0,0.0000,0.0000,0,0,多换,B,2485.0000,0.0000,0.0000,0.0000,0.0000,2493.0000,0.0000,0.0000,0.0000,0.0000,1,0,0,0,0,2,0,0,0,0
zc,WS211,2012-06-13 09:50:11.433,2491.0000,278,0,0.0000,0.0000,0,0,多换,B,2484.0000,0.0000,0.0000,0.0000,0.0000,2493.0000,0.0000,0.0000,0.0000,0.0000,1,0,0,0,0,2,0,0,0,0
zc,WS211,2012-06-13 09:50:14.933,2491.0000,278,0,0.0000,0.0000,0,0,多换,B,2485.0000,0.0000,0.0000,0.0000,0.0000,2493.0000,0.0000,0.0000,0.0000,0.0000,1,0,0,0,0,2,0,0,0,0
zc,WS211,2012-06-13 09:50:18.683,2491.0000,278,0,0.0000,0.0000,0,0,多换,B,2484.0000,0.0000,0.0000,0.0000,0.0000,2493.0000,0.0000,0.0000,0.0000,0.0000,1,0,0,0,0,2,0,0,0,0
zc,WS211,2012-06-13 09:50:19.433,2491.0000,278,0,0.0000,0.0000,0,0,多换,B,2485.0000,0.0000,0.0000,0.0000,0.0000,2493.0000,0.0000,0.0000,0.0000,0.0000,1,0,0,0,0,2,0,0,0,0
zc,WS211,2012-06-13 09:50:37.683,2491.0000,278,0,0.0000,0.0000,0,0,多换,B,2485.0000,0.0000,0.0000,0.0000,0.0000,2493.0000,0.0000,0.0000,0.0000,0.0000,1,0,0,0,0,1,0,0,0,0
zc,WS211,2012-06-13 09:50:37.917,2491.0000,278,0,0.0000,0.0000,0,0,多换,B,2485.0000,0.0000,0.0000,0.0000,0.0000,2493.0000,0.0000,0.0000,0.0000,0.0000,1,0,0,0,0,2,0,0,0,0
zc,WS211,2012-06-13 09:51:04.417,2491.0000,278,0,0.0000,0.0000,0,0,多换,B,2485.0000,0.0000,0.0000,0.0000,0.0000,2493.0000,0.0000,0.0000,0.0000,0.0000,1,0,0,0,0,3,0,0,0,0
zc,WS211,2012-06-13 09:51:36.947,2491.0000,278,0,0.0000,0.0000,0,0,多换,B,2485.0000,0.0000,0.0000,0.0000,0.0000,2492.0000,0.0000,0.0000,0.0000,0.0000,1,0,0,0,0,1,0,0,0,0
zc,WS211,2012-06-13 09:51:43.933,2491.0000,278,0,0.0000,0.0000,0,0,多换,B,2484.0000,0.0000,0.0000,0.0000,0.0000,2492.0000,0.0000,0.0000,0.0000,0.0000,1,0,0,0,0,1,0,0,0,0
zc,WS211,2012-06-13 09:51:50.197,2491.0000,278,0,0.0000,0.0000,0,0,多换,B,2483.0000,0.0000,0.0000,0.0000,0.0000,2491.0000,0.0000,0.0000,0.0000,0.0000,1,0,0,0,0,1,0,0,0,0
zc,WS211,2012-06-13 09:51:54.650,2491.0000,278,0,0.0000,0.0000,0,0,多换,B,2484.0000,0.0000,0.0000,0.0000,0.0000,2491.0000,0.0000,0.0000,0.0000,0.0000,1,0,0,0,0,1,0,0,0,0
zc,WS211,2012-06-13 09:51:55.683,2491.0000,278,0,0.0000,0.0000,0,0,多换,B,2483.0000,0.0000,0.0000,0.0000,0.0000,2491.0000,0.0000,0.0000,0.0000,0.0000,1,0,0,0,0,1,0,0,0,0
zc,WS211,2012-06-13 09:52:00.167,2491.0000,278,0,0.0000,0.0000,0,0,多换,B,2483.0000,0.0000,0.0000,0.0000,0.0000,2490.0000,0.0000,0.0000,0.0000,0.0000,1,0,0,0,0,1,0,0,0,0
zc,WS211,2012-06-13 09:52:03.947,2491.0000,278,0,0.0000,0.0000,0,0,多换,B,2482.0000,0.0000,0.0000,0.0000,0.0000,2490.0000,0.0000,0.0000,0.0000,0.0000,1,0,0,0,0,1,0,0,0,0
zc,WS211,2012-06-13 09:52:10.197,2491.0000,278,0,0.0000,0.0000,0,0,多换,B,2483.0000,0.0000,0.0000,0.0000,0.0000,2490.0000,0.0000,0.0000,0.0000,0.0000,1,0,0,0,0,1,0,0,0,0
zc,WS211,2012-06-13 09:52:11.917,2491.0000,278,0,0.0000,0.0000,0,0,多换,B,2482.0000,0.0000,0.0000,0.0000,0.0000,2490.0000,0.0000,0.0000,0.0000,0.0000,1,0,0,0,0,1,0,0,0,0
zc,WS211,2012-06-13 09:52:15.167,2491.0000,278,0,0.0000,0.0000,0,0,多换,B,2483.0000,0.0000,0.0000,0.0000,0.0000,2490.0000,0.0000,0.0000,0.0000,0.0000,1,0,0,0,0,1,0,0,0,0
zc,WS211,2012-06-13 09:52:15.683,2491.0000,278,0,0.0000,0.0000,0,0,多换,B,2482.0000,0.0000,0.0000,0.0000,0.0000,2490.0000,0.0000,0.0000,0.0000,0.0000,1,0,0,0,0,2,0,0,0,0
zc,WS211,2012-06-13 09:52:20.683,2491.0000,278,0,0.0000,0.0000,0,0,多换,B,2482.0000,0.0000,0.0000,0.0000,0.0000,2490.0000,0.0000,0.0000,0.0000,0.0000,1,0,0,0,0,1,0,0,0,0
zc,WS211,2012-06-13 09:52:23.667,2491.0000,278,0,0.0000,0.0000,0,0,多换,B,2483.0000,0.0000,0.0000,0.0000,0.0000,2490.0000,0.0000,0.0000,0.0000,0.0000,1,0,0,0,0,1,0,0,0,0
zc,WS211,2012-06-13 09:52:27.417,2491.0000,278,0,0.0000,0.0000,0,0,多换,B,2483.0000,0.0000,0.0000,0.0000,0.0000,2490.0000,0.0000,0.0000,0.0000,0.0000,1,0,0,0,0,2,0,0,0,0
zc,WS211,2012-06-13 09:52:28.417,2491.0000,278,0,0.0000,0.0000,0,0,多换,B,2482.0000,0.0000,0.0000,0.0000,0.0000,2490.0000,0.0000,0.0000,0.0000,0.0000,1,0,0,0,0,2,0,0,0,0
zc,WS211,2012-06-13 09:52:29.183,2491.0000,278,0,0.0000,0.0000,0,0,多换,B,2482.0000,0.0000,0.0000,0.0000,0.0000,2490.0000,0.0000,0.0000,0.0000,0.0000,1,0,0,0,0,1,0,0,0,0
zc,WS211,2012-06-13 09:52:30.183,2491.0000,278,0,0.0000,0.0000,0,0,多换,B,2483.0000,0.0000,0.0000,0.0000,0.0000,2490.0000,0.0000,0.0000,0.0000,0.0000,1,0,0,0,0,1,0,0,0,0
zc,WS211,2012-06-13 09:52:44.713,2491.0000,278,0,0.0000,0.0000,0,0,多换,B,2483.0000,0.0000,0.0000,0.0000,0.0000,2490.0000,0.0000,0.0000,0.0000,0.0000,1,0,0,0,0,2,0,0,0,0
zc,WS211,2012-06-13 09:52:53.183,2491.0000,278,0,0.0000,0.0000,0,0,多换,B,2483.0000,0.0000,0.0000,0.0000,0.0000,2490.0000,0.0000,0.0000,0.0000,0.0000,1,0,0,0,0,1,0,0,0,0
zc,WS211,2012-06-13 09:52:54.980,2491.0000,278,0,0.0000,0.0000,0,0,多换,B,2483.0000,0.0000,0.0000,0.0000,0.0000,2490.0000,0.0000,0.0000,0.0000,0.0000,1,0,0,0,0,2,0,0,0,0
zc,WS211,2012-06-13 09:52:58.947,2491.0000,278,0,0.0000,0.0000,0,0,多换,B,2483.0000,0.0000,0.0000,0.0000,0.0000,2490.0000,0.0000,0.0000,0.0000,0.0000,1,0,0,0,0,1,0,0,0,0
zc,WS211,2012-06-13 09:53:06.197,2491.0000,278,0,0.0000,0.0000,0,0,多换,B,2483.0000,0.0000,0.0000,0.0000,0.0000,2490.0000,0.0000,0.0000,0.0000,0.0000,1,0,0,0,0,2,0,0,0,0
zc,WS211,2012-06-13 09:53:07.667,2491.0000,278,0,0.0000,0.0000,0,0,多换,B,2483.0000,0.0000,0.0000,0.0000,0.0000,2490.0000,0.0000,0.0000,0.0000,0.0000,1,0,0,0,0,1,0,0,0,0
zc,WS211,2012-06-13 09:53:08.183,2491.0000,278,0,0.0000,0.0000,0,0,多换,B,2483.0000,0.0000,0.0000,0.0000,0.0000,2490.0000,0.0000,0.0000,0.0000,0.0000,1,0,0,0,0,2,0,0,0,0
zc,WS211,2012-06-13 09:53:13.947,2491.0000,278,0,0.0000,0.0000,0,0,多换,B,2483.0000,0.0000,0.0000,0.0000,0.0000,2490.0000,0.0000,0.0000,0.0000,0.0000,1,0,0,0,0,1,0,0,0,0
zc,WS211,2012-06-13 09:53:15.197,2491.0000,278,0,0.0000,0.0000,0,0,多换,B,2482.0000,0.0000,0.0000,0.0000,0.0000,2490.0000,0.0000,0.0000,0.0000,0.0000,1,0,0,0,0,1,0,0,0,0
zc,WS211,2012-06-13 09:53:18.713,2491.0000,278,0,0.0000,0.0000,0,0,多换,B,2482.0000,0.0000,0.0000,0.0000,0.0000,2489.0000,0.0000,0.0000,0.0000,0.0000,1,0,0,0,0,1,0,0,0,0
zc,WS211,2012-06-13 09:53:19.213,2491.0000,278,0,0.0000,0.0000,0,0,多换,B,2482.0000,0.0000,0.0000,0.0000,0.0000,2490.0000,0.0000,0.0000,0.0000,0.0000,1,0,0,0,0,2,0,0,0,0
zc,WS211,2012-06-13 09:53:23.183,2491.0000,278,0,0.0000,0.0000,0,0,多换,B,2482.0000,0.0000,0.0000,0.0000,0.0000,2489.0000,0.0000,0.0000,0.0000,0.0000,1,0,0,0,0,1,0,0,0,0
zc,WS211,2012-06-13 09:53:28.433,2491.0000,278,0,0.0000,0.0000,0,0,多换,B,2482.0000,0.0000,0.0000,0.0000,0.0000,2488.0000,0.0000,0.0000,0.0000,0.0000,1,0,0,0,0,1,0,0,0,0
zc,WS211,2012-06-13 09:53:35.213,2491.0000,278,0,0.0000,0.0000,0,0,多换,B,2482.0000,0.0000,0.0000,0.0000,0.0000,2489.0000,0.0000,0.0000,0.0000,0.0000,1,0,0,0,0,1,0,0,0,0
zc,WS211,2012-06-13 09:53:45.980,2491.0000,278,0,0.0000,0.0000,0,0,多换,B,2483.0000,0.0000,0.0000,0.0000,0.0000,2489.0000,0.0000,0.0000,0.0000,0.0000,1,0,0,0,0,1,0,0,0,0
zc,WS211,2012-06-13 09:54:18.433,2491.0000,278,0,0.0000,0.0000,0,0,多换,B,2482.0000,0.0000,0.0000,0.0000,0.0000,2489.0000,0.0000,0.0000,0.0000,0.0000,1,0,0,0,0,1,0,0,0,0
zc,WS211,2012-06-13 09:54:29.243,2491.0000,278,0,0.0000,0.0000,0,0,多换,B,2483.0000,0.0000,0.0000,0.0000,0.0000,2490.0000,0.0000,0.0000,0.0000,0.0000,1,0,0,0,0,1,0,0,0,0
zc,WS211,2012-06-13 09:54:29.683,2491.0000,278,0,0.0000,0.0000,0,0,多换,B,2482.0000,0.0000,0.0000,0.0000,0.0000,2490.0000,0.0000,0.0000,0.0000,0.0000,1,0,0,0,0,1,0,0,0,0
zc,WS211,2012-06-13 09:54:32.197,2491.0000,278,0,0.0000,0.0000,0,0,多换,B,2483.0000,0.0000,0.0000,0.0000,0.0000,2490.0000,0.0000,0.0000,0.0000,0.0000,1,0,0,0,0,1,0,0,0,0
zc,WS211,2012-06-13 09:54:51.947,2491.0000,278,0,0.0000,0.0000,0,0,多换,B,2483.0000,0.0000,0.0000,0.0000,0.0000,2491.0000,0.0000,0.0000,0.0000,0.0000,1,0,0,0,0,1,0,0,0,0
zc,WS211,2012-06-13 09:54:53.667,2491.0000,278,0,0.0000,0.0000,0,0,多换,B,2483.0000,0.0000,0.0000,0.0000,0.0000,2490.0000,0.0000,0.0000,0.0000,0.0000,1,0,0,0,0,1,0,0,0,0
zc,WS211,2012-06-13 09:55:38.667,2491.0000,278,0,0.0000,0.0000,0,0,多换,B,2483.0000,0.0000,0.0000,0.0000,0.0000,2490.0000,0.0000,0.0000,0.0000,0.0000,1,0,0,0,0,2,0,0,0,0
zc,WS211,2012-06-13 09:55:48.933,2491.0000,278,0,0.0000,0.0000,0,0,多换,B,2483.0000,0.0000,0.0000,0.0000,0.0000,2490.0000,0.0000,0.0000,0.0000,0.0000,1,0,0,0,0,1,0,0,0,0
zc,WS211,2012-06-13 09:55:49.947,2491.0000,278,0,0.0000,0.0000,0,0,多换,B,2483.0000,0.0000,0.0000,0.0000,0.0000,2490.0000,0.0000,0.0000,0.0000,0.0000,1,0,0,0,0,2,0,0,0,0
zc,WS211,2012-06-13 09:56:06.417,2491.0000,278,0,0.0000,0.0000,0,0,多换,B,2483.0000,0.0000,0.0000,0.0000,0.0000,2490.0000,0.0000,0.0000,0.0000,0.0000,1,0,0,0,0,1,0,0,0,0
zc,WS211,2012-06-13 09:57:23.933,2491.0000,278,0,0.0000,0.0000,0,0,多换,B,2483.0000,0.0000,0.0000,0.0000,0.0000,2490.0000,0.0000,0.0000,0.0000,0.0000,1,0,0,0,0,2,0,0,0,0
zc,WS211,2012-06-13 09:57:38.713,2491.0000,278,0,0.0000,0.0000,0,0,多换,B,2483.0000,0.0000,0.0000,0.0000,0.0000,2490.0000,0.0000,0.0000,0.0000,0.0000,1,0,0,0,0,1,0,0,0,0
zc,WS211,2012-06-13 09:58:27.433,2491.0000,278,0,0.0000,0.0000,0,0,多换,B,2484.0000,0.0000,0.0000,0.0000,0.0000,2490.0000,0.0000,0.0000,0.0000,0.0000,1,0,0,0,0,1,0,0,0,0
zc,WS211,2012-06-13 09:58:31.400,2491.0000,278,0,0.0000,0.0000,0,0,多换,B,2484.0000,0.0000,0.0000,0.0000,0.0000,2490.0000,0.0000,0.0000,0.0000,0.0000,1,0,0,0,0,1,0,0,0,0
zc,WS211,2012-06-13 09:59:59.230,2491.0000,278,0,0.0000,0.0000,0,0,多换,B,2483.0000,0.0000,0.0000,0.0000,0.0000,2490.0000,0.0000,0.0000,0.0000,0.0000,1,0,0,0,0,1,0,0,0,0
zc,WS211,2012-06-13 10:00:39.183,2491.0000,278,0,0.0000,0.0000,0,0,多换,B,2484.0000,0.0000,0.0000,0.0000,0.0000,2490.0000,0.0000,0.0000,0.0000,0.0000,1,0,0,0,0,1,0,0,0,0
zc,WS211,2012-06-13 10:00:51.417,2491.0000,278,0,0.0000,0.0000,0,0,多换,B,2483.0000,0.0000,0.0000,0.0000,0.0000,2490.0000,0.0000,0.0000,0.0000,0.0000,1,0,0,0,0,1,0,0,0,0
zc,WS211,2012-06-13 10:01:25.197,2491.0000,278,0,0.0000,0.0000,0,0,多换,B,2484.0000,0.0000,0.0000,0.0000,0.0000,2490.0000,0.0000,0.0000,0.0000,0.0000,1,0,0,0,0,1,0,0,0,0
zc,WS211,2012-06-13 10:01:26.197,2491.0000,278,0,0.0000,0.0000,0,0,多换,B,2483.0000,0.0000,0.0000,0.0000,0.0000,2490.0000,0.0000,0.0000,0.0000,0.0000,1,0,0,0,0,1,0,0,0,0
zc,WS211,2012-06-13 10:01:38.213,2491.0000,278,0,0.0000,0.0000,0,0,多换,B,2484.0000,0.0000,0.0000,0.0000,0.0000,2490.0000,0.0000,0.0000,0.0000,0.0000,1,0,0,0,0,1,0,0,0,0
zc,WS211,2012-06-13 10:02:36.667,2491.0000,278,0,0.0000,0.0000,0,0,多换,B,2484.0000,0.0000,0.0000,0.0000,0.0000,2493.0000,0.0000,0.0000,0.0000,0.0000,1,0,0,0,0,1,0,0,0,0
zc,WS211,2012-06-13 10:02:40.167,2491.0000,278,0,0.0000,0.0000,0,0,多换,B,2485.0000,0.0000,0.0000,0.0000,0.0000,2494.0000,0.0000,0.0000,0.0000,0.0000,1,0,0,0,0,1,0,0,0,0
zc,WS211,2012-06-13 10:02:54.183,2491.0000,278,0,0.0000,0.0000,0,0,多换,B,2486.0000,0.0000,0.0000,0.0000,0.0000,2495.0000,0.0000,0.0000,0.0000,0.0000,1,0,0,0,0,1,0,0,0,0
zc,WS211,2012-06-13 10:02:55.197,2491.0000,278,0,0.0000,0.0000,0,0,多换,B,2486.0000,0.0000,0.0000,0.0000,0.0000,2494.0000,0.0000,0.0000,0.0000,0.0000,1,0,0,0,0,1,0,0,0,0
zc,WS211,2012-06-13 10:03:18.667,2491.0000,278,0,0.0000,0.0000,0,0,多换,B,2485.0000,0.0000,0.0000,0.0000,0.0000,2494.0000,0.0000,0.0000,0.0000,0.0000,1,0,0,0,0,1,0,0,0,0
zc,WS211,2012-06-13 10:03:24.463,2491.0000,278,0,0.0000,0.0000,0,0,多换,B,2485.0000,0.0000,0.0000,0.0000,0.0000,2494.0000,0.0000,0.0000,0.0000,0.0000,1,0,0,0,0,2,0,0,0,0
zc,WS211,2012-06-13 10:03:33.167,2491.0000,278,0,0.0000,0.0000,0,0,多换,B,2485.0000,0.0000,0.0000,0.0000,0.0000,2493.0000,0.0000,0.0000,0.0000,0.0000,1,0,0,0,0,1,0,0,0,0
zc,WS211,2012-06-13 10:03:35.917,2491.0000,278,0,0.0000,0.0000,0,0,多换,B,2485.0000,0.0000,0.0000,0.0000,0.0000,2492.0000,0.0000,0.0000,0.0000,0.0000,1,0,0,0,0,1,0,0,0,0
zc,WS211,2012-06-13 10:03:38.683,2491.0000,278,0,0.0000,0.0000,0,0,多换,B,2485.0000,0.0000,0.0000,0.0000,0.0000,2493.0000,0.0000,0.0000,0.0000,0.0000,1,0,0,0,0,1,0,0,0,0
zc,WS211,2012-06-13 10:03:56.150,2491.0000,278,0,0.0000,0.0000,0,0,多换,B,2485.0000,0.0000,0.0000,0.0000,0.0000,2493.0000,0.0000,0.0000,0.0000,0.0000,1,0,0,0,0,2,0,0,0,0
zc,WS211,2012-06-13 10:04:52.167,2491.0000,278,0,0.0000,0.0000,0,0,多换,B,2485.0000,0.0000,0.0000,0.0000,0.0000,2492.0000,0.0000,0.0000,0.0000,0.0000,1,0,0,0,0,1,0,0,0,0
zc,WS211,2012-06-13 10:04:55.150,2491.0000,278,0,0.0000,0.0000,0,0,多换,B,2484.0000,0.0000,0.0000,0.0000,0.0000,2492.0000,0.0000,0.0000,0.0000,0.0000,1,0,0,0,0,1,0,0,0,0
zc,WS211,2012-06-13 10:05:53.197,2491.0000,278,0,0.0000,0.0000,0,0,多换,B,2484.0000,0.0000,0.0000,0.0000,0.0000,2490.0000,0.0000,0.0000,0.0000,0.0000,1,0,0,0,0,1,0,0,0,0
zc,WS211,2012-06-13 10:06:03.183,2491.0000,278,0,0.0000,0.0000,0,0,多换,B,2483.0000,0.0000,0.0000,0.0000,0.0000,2490.0000,0.0000,0.0000,0.0000,0.0000,1,0,0,0,0,1,0,0,0,0
zc,WS211,2012-06-13 10:06:07.713,2491.0000,278,0,0.0000,0.0000,0,0,多换,B,2484.0000,0.0000,0.0000,0.0000,0.0000,2490.0000,0.0000,0.0000,0.0000,0.0000,1,0,0,0,0,1,0,0,0,0
zc,WS211,2012-06-13 10:07:56.667,2491.0000,278,0,0.0000,0.0000,0,0,多换,B,2485.0000,0.0000,0.0000,0.0000,0.0000,2490.0000,0.0000,0.0000,0.0000,0.0000,1,0,0,0,0,1,0,0,0,0
zc,WS211,2012-06-13 10:07:58.900,2491.0000,278,0,0.0000,0.0000,0,0,多换,B,2485.0000,0.0000,0.0000,0.0000,0.0000,2493.0000,0.0000,0.0000,0.0000,0.0000,1,0,0,0,0,1,0,0,0,0
zc,WS211,2012-06-13 10:08:10.417,2491.0000,278,0,0.0000,0.0000,0,0,多换,B,2484.0000,0.0000,0.0000,0.0000,0.0000,2493.0000,0.0000,0.0000,0.0000,0.0000,1,0,0,0,0,1,0,0,0,0
zc,WS211,2012-06-13 10:08:12.963,2491.0000,278,0,0.0000,0.0000,0,0,多换,B,2484.0000,0.0000,0.0000,0.0000,0.0000,2492.0000,0.0000,0.0000,0.0000,0.0000,1,0,0,0,0,1,0,0,0,0
zc,WS211,2012-06-13 10:08:13.917,2491.0000,278,0,0.0000,0.0000,0,0,多换,B,2484.0000,0.0000,0.0000,0.0000,0.0000,2491.0000,0.0000,0.0000,0.0000,0.0000,1,0,0,0,0,1,0,0,0,0
zc,WS211,2012-06-13 10:08:31.493,2491.0000,278,0,0.0000,0.0000,0,0,多换,B,2484.0000,0.0000,0.0000,0.0000,0.0000,2487.0000,0.0000,0.0000,0.0000,0.0000,1,0,0,0,0,1,0,0,0,0
zc,WS211,2012-06-13 10:08:32.947,2491.0000,278,0,0.0000,0.0000,0,0,多换,B,2483.0000,0.0000,0.0000,0.0000,0.0000,2487.0000,0.0000,0.0000,0.0000,0.0000,1,0,0,0,0,1,0,0,0,0
zc,WS211,2012-06-13 10:08:49.290,2491.0000,278,0,0.0000,0.0000,0,0,多换,B,2483.0000,0.0000,0.0000,0.0000,0.0000,2491.0000,0.0000,0.0000,0.0000,0.0000,1,0,0,0,0,1,0,0,0,0
zc,WS211,2012-06-13 10:08:50.807,2491.0000,278,0,0.0000,0.0000,0,0,多换,B,2483.0000,0.0000,0.0000,0.0000,0.0000,2490.0000,0.0000,0.0000,0.0000,0.0000,1,0,0,0,0,1,0,0,0,0
zc,WS211,2012-06-13 10:08:53.667,2491.0000,278,0,0.0000,0.0000,0,0,多换,B,2483.0000,0.0000,0.0000,0.0000,0.0000,2491.0000,0.0000,0.0000,0.0000,0.0000,1,0,0,0,0,1,0,0,0,0
zc,WS211,2012-06-13 10:08:55.197,2491.0000,278,0,0.0000,0.0000,0,0,多换,B,2483.0000,0.0000,0.0000,0.0000,0.0000,2490.0000,0.0000,0.0000,0.0000,0.0000,1,0,0,0,0,1,0,0,0,0
zc,WS211,2012-06-13 10:09:00.417,2491.0000,278,0,0.0000,0.0000,0,0,多换,B,2482.0000,0.0000,0.0000,0.0000,0.0000,2490.0000,0.0000,0.0000,0.0000,0.0000,1,0,0,0,0,1,0,0,0,0
zc,WS211,2012-06-13 10:09:04.980,2491.0000,278,0,0.0000,0.0000,0,0,多换,B,2482.0000,0.0000,0.0000,0.0000,0.0000,2489.0000,0.0000,0.0000,0.0000,0.0000,1,0,0,0,0,1,0,0,0,0
zc,WS211,2012-06-13 10:09:05.963,2491.0000,278,0,0.0000,0.0000,0,0,多换,B,2482.0000,0.0000,0.0000,0.0000,0.0000,2489.0000,0.0000,0.0000,0.0000,0.0000,1,0,0,0,0,2,0,0,0,0
zc,WS211,2012-06-13 10:09:14.463,2491.0000,278,0,0.0000,0.0000,0,0,多换,B,2482.0000,0.0000,0.0000,0.0000,0.0000,2489.0000,0.0000,0.0000,0.0000,0.0000,1,0,0,0,0,1,0,0,0,0
zc,WS211,2012-06-13 10:09:16.730,2491.0000,278,0,0.0000,0.0000,0,0,多换,B,2481.0000,0.0000,0.0000,0.0000,0.0000,2489.0000,0.0000,0.0000,0.0000,0.0000,1,0,0,0,0,1,0,0,0,0
zc,WS211,2012-06-13 10:09:21.933,2491.0000,278,0,0.0000,0.0000,0,0,多换,B,2481.0000,0.0000,0.0000,0.0000,0.0000,2488.0000,0.0000,0.0000,0.0000,0.0000,1,0,0,0,0,1,0,0,0,0
zc,WS211,2012-06-13 10:09:24.197,2491.0000,278,0,0.0000,0.0000,0,0,多换,B,2480.0000,0.0000,0.0000,0.0000,0.0000,2488.0000,0.0000,0.0000,0.0000,0.0000,1,0,0,0,0,1,0,0,0,0
zc,WS211,2012-06-13 10:09:24.963,2491.0000,278,0,0.0000,0.0000,0,0,多换,B,2481.0000,0.0000,0.0000,0.0000,0.0000,2488.0000,0.0000,0.0000,0.0000,0.0000,1,0,0,0,0,1,0,0,0,0
zc,WS211,2012-06-13 10:09:25.167,2491.0000,278,0,0.0000,0.0000,0,0,多换,B,2480.0000,0.0000,0.0000,0.0000,0.0000,2488.0000,0.0000,0.0000,0.0000,0.0000,1,0,0,0,0,1,0,0,0,0
zc,WS211,2012-06-13 10:09:25.933,2491.0000,278,0,0.0000,0.0000,0,0,多换,B,2480.0000,0.0000,0.0000,0.0000,0.0000,2488.0000,0.0000,0.0000,0.0000,0.0000,1,0,0,0,0,2,0,0,0,0
zc,WS211,2012-06-13 10:09:28.667,2491.0000,278,0,0.0000,0.0000,0,0,多换,B,2480.0000,0.0000,0.0000,0.0000,0.0000,2487.0000,0.0000,0.0000,0.0000,0.0000,1,0,0,0,0,1,0,0,0,0
zc,WS211,2012-06-13 10:09:31.400,2491.0000,278,0,0.0000,0.0000,0,0,多换,B,2480.0000,0.0000,0.0000,0.0000,0.0000,2487.0000,0.0000,0.0000,0.0000,0.0000,1,0,0,0,0,1,0,0,0,0
zc,WS211,2012-06-13 10:09:33.183,2491.0000,278,0,0.0000,0.0000,0,0,多换,B,2479.0000,0.0000,0.0000,0.0000,0.0000,2487.0000,0.0000,0.0000,0.0000,0.0000,1,0,0,0,0,1,0,0,0,0
zc,WS211,2012-06-13 10:09:34.417,2491.0000,278,0,0.0000,0.0000,0,0,多换,B,2480.0000,0.0000,0.0000,0.0000,0.0000,2487.0000,0.0000,0.0000,0.0000,0.0000,1,0,0,0,0,1,0,0,0,0
zc,WS211,2012-06-13 10:09:34.980,2491.0000,278,0,0.0000,0.0000,0,0,多换,B,2479.0000,0.0000,0.0000,0.0000,0.0000,2487.0000,0.0000,0.0000,0.0000,0.0000,1,0,0,0,0,1,0,0,0,0
zc,WS211,2012-06-13 10:09:42.447,2491.0000,278,0,0.0000,0.0000,0,0,多换,B,2479.0000,0.0000,0.0000,0.0000,0.0000,2486.0000,0.0000,0.0000,0.0000,0.0000,1,0,0,0,0,1,0,0,0,0
zc,WS211,2012-06-13 10:09:44.197,2491.0000,278,0,0.0000,0.0000,0,0,多换,B,2480.0000,0.0000,0.0000,0.0000,0.0000,2486.0000,0.0000,0.0000,0.0000,0.0000,1,0,0,0,0,1,0,0,0,0
zc,WS211,2012-06-13 10:09:47.683,2491.0000,278,0,0.0000,0.0000,0,0,多换,B,2479.0000,0.0000,0.0000,0.0000,0.0000,2486.0000,0.0000,0.0000,0.0000,0.0000,1,0,0,0,0,1,0,0,0,0
zc,WS211,2012-06-13 10:09:49.230,2491.0000,278,0,0.0000,0.0000,0,0,多换,B,2479.0000,0.0000,0.0000,0.0000,0.0000,2487.0000,0.0000,0.0000,0.0000,0.0000,1,0,0,0,0,1,0,0,0,0
zc,WS211,2012-06-13 10:09:49.947,2491.0000,278,0,0.0000,0.0000,0,0,多换,B,2479.0000,0.0000,0.0000,0.0000,0.0000,2486.0000,0.0000,0.0000,0.0000,0.0000,1,0,0,0,0,1,0,0,0,0
zc,WS211,2012-06-13 10:09:52.947,2491.0000,278,0,0.0000,0.0000,0,0,多换,B,2479.0000,0.0000,0.0000,0.0000,0.0000,2487.0000,0.0000,0.0000,0.0000,0.0000,1,0,0,0,0,1,0,0,0,0
zc,WS211,2012-06-13 10:09:53.510,2491.0000,278,0,0.0000,0.0000,0,0,多换,B,2479.0000,0.0000,0.0000,0.0000,0.0000,2486.0000,0.0000,0.0000,0.0000,0.0000,1,0,0,0,0,1,0,0,0,0
