市场代码,合约代码,时间,最新,持仓,增仓,成交额,成交量,开仓,平仓,成交类型,方向,买一价,买二价,买三价,买四价,买五价,卖一价,卖二价,卖三价,卖四价,卖五价,买一量,买二量,买三量,买四量,买五量,卖一量,卖二量,卖三量,卖四量,卖五量
zc,WT207,2012-06-13 07:51:30.197,0.0000,56,0,0.0000,0.0000,0,0,空换,S,0.0000,0.0000,0.0000,0.0000,0.0000,0.0000,0.0000,0.0000,0.0000,0.0000,0,0,0,0,0,0,0,0,0,0
zc,WT207,2012-06-13 07:52:30.197,0.0000,56,0,0.0000,0.0000,0,0,空换,S,0.0000,0.0000,0.0000,0.0000,0.0000,0.0000,0.0000,0.0000,0.0000,0.0000,0,0,0,0,0,0,0,0,0,0
zc,WT207,2012-06-13 07:55:30.197,0.0000,56,0,0.0000,0.0000,0,0,空换,S,0.0000,0.0000,0.0000,0.0000,0.0000,0.0000,0.0000,0.0000,0.0000,0.0000,0,0,0,0,0,0,0,0,0,0
zc,WT207,2012-06-13 07:59:30.213,0.0000,56,0,0.0000,0.0000,0,0,空换,S,0.0000,0.0000,0.0000,0.0000,0.0000,0.0000,0.0000,0.0000,0.0000,0.0000,0,0,0,0,0,0,0,0,0,0
zc,WT207,2012-06-13 08:05:30.197,0.0000,56,0,0.0000,0.0000,0,0,空换,S,0.0000,0.0000,0.0000,0.0000,0.0000,0.0000,0.0000,0.0000,0.0000,0.0000,0,0,0,0,0,0,0,0,0,0
zc,WT207,2012-06-13 08:07:31.510,0.0000,56,0,0.0000,0.0000,0,0,空换,S,0.0000,0.0000,0.0000,0.0000,0.0000,0.0000,0.0000,0.0000,0.0000,0.0000,0,0,0,0,0,0,0,0,0,0
zc,WT207,2012-06-13 08:11:31.510,0.0000,56,0,0.0000,0.0000,0,0,空换,S,0.0000,0.0000,0.0000,0.0000,0.0000,0.0000,0.0000,0.0000,0.0000,0.0000,0,0,0,0,0,0,0,0,0,0
zc,WT207,2012-06-13 08:13:31.510,0.0000,56,0,0.0000,0.0000,0,0,空换,S,0.0000,0.0000,0.0000,0.0000,0.0000,0.0000,0.0000,0.0000,0.0000,0.0000,0,0,0,0,0,0,0,0,0,0
zc,WT207,2012-06-13 08:14:31.493,0.0000,56,0,0.0000,0.0000,0,0,空换,S,0.0000,0.0000,0.0000,0.0000,0.0000,0.0000,0.0000,0.0000,0.0000,0.0000,0,0,0,0,0,0,0,0,0,0
zc,WT207,2012-06-13 08:15:31.510,0.0000,56,0,0.0000,0.0000,0,0,空换,S,0.0000,0.0000,0.0000,0.0000,0.0000,0.0000,0.0000,0.0000,0.0000,0.0000,0,0,0,0,0,0,0,0,0,0
zc,WT207,2012-06-13 08:17:31.493,0.0000,56,0,0.0000,0.0000,0,0,空换,S,0.0000,0.0000,0.0000,0.0000,0.0000,0.0000,0.0000,0.0000,0.0000,0.0000,0,0,0,0,0,0,0,0,0,0
zc,WT207,2012-06-13 08:18:31.493,0.0000,56,0,0.0000,0.0000,0,0,空换,S,0.0000,0.0000,0.0000,0.0000,0.0000,0.0000,0.0000,0.0000,0.0000,0.0000,0,0,0,0,0,0,0,0,0,0
zc,WT207,2012-06-13 08:21:31.493,0.0000,56,0,0.0000,0.0000,0,0,空换,S,0.0000,0.0000,0.0000,0.0000,0.0000,0.0000,0.0000,0.0000,0.0000,0.0000,0,0,0,0,0,0,0,0,0,0
zc,WT207,2012-06-13 08:26:31.493,0.0000,56,0,0.0000,0.0000,0,0,空换,S,0.0000,0.0000,0.0000,0.0000,0.0000,0.0000,0.0000,0.0000,0.0000,0.0000,0,0,0,0,0,0,0,0,0,0
zc,WT207,2012-06-13 08:28:31.493,0.0000,56,0,0.0000,0.0000,0,0,空换,S,0.0000,0.0000,0.0000,0.0000,0.0000,0.0000,0.0000,0.0000,0.0000,0.0000,0,0,0,0,0,0,0,0,0,0
zc,WT207,2012-06-13 08:30:31.493,0.0000,56,0,0.0000,0.0000,0,0,空换,S,0.0000,0.0000,0.0000,0.0000,0.0000,0.0000,0.0000,0.0000,0.0000,0.0000,0,0,0,0,0,0,0,0,0,0
zc,WT207,2012-06-13 08:33:31.480,0.0000,56,0,0.0000,0.0000,0,0,空换,S,0.0000,0.0000,0.0000,0.0000,0.0000,0.0000,0.0000,0.0000,0.0000,0.0000,0,0,0,0,0,0,0,0,0,0
zc,WT207,2012-06-13 08:34:31.480,0.0000,56,0,0.0000,0.0000,0,0,空换,S,0.0000,0.0000,0.0000,0.0000,0.0000,0.0000,0.0000,0.0000,0.0000,0.0000,0,0,0,0,0,0,0,0,0,0
zc,WT207,2012-06-13 08:35:31.480,0.0000,56,0,0.0000,0.0000,0,0,空换,S,0.0000,0.0000,0.0000,0.0000,0.0000,0.0000,0.0000,0.0000,0.0000,0.0000,0,0,0,0,0,0,0,0,0,0
zc,WT207,2012-06-13 08:36:31.480,0.0000,56,0,0.0000,0.0000,0,0,空换,S,0.0000,0.0000,0.0000,0.0000,0.0000,0.0000,0.0000,0.0000,0.0000,0.0000,0,0,0,0,0,0,0,0,0,0
zc,WT207,2012-06-13 08:44:31.480,0.0000,56,0,0.0000,0.0000,0,0,空换,S,0.0000,0.0000,0.0000,0.0000,0.0000,0.0000,0.0000,0.0000,0.0000,0.0000,0,0,0,0,0,0,0,0,0,0
zc,WT207,2012-06-13 08:45:31.480,0.0000,56,0,0.0000,0.0000,0,0,空换,S,0.0000,0.0000,0.0000,0.0000,0.0000,0.0000,0.0000,0.0000,0.0000,0.0000,0,0,0,0,0,0,0,0,0,0
zc,WT207,2012-06-13 08:47:31.480,0.0000,56,0,0.0000,0.0000,0,0,空换,S,0.0000,0.0000,0.0000,0.0000,0.0000,0.0000,0.0000,0.0000,0.0000,0.0000,0,0,0,0,0,0,0,0,0,0
zc,WT207,2012-06-13 08:54:31.463,0.0000,56,0,0.0000,0.0000,0,0,空换,S,0.0000,0.0000,0.0000,0.0000,0.0000,0.0000,0.0000,0.0000,0.0000,0.0000,0,0,0,0,0,0,0,0,0,0
zc,WT207,2012-06-13 08:56:31.463,0.0000,56,0,0.0000,0.0000,0,0,空换,S,0.0000,0.0000,0.0000,0.0000,0.0000,0.0000,0.0000,0.0000,0.0000,0.0000,0,0,0,0,0,0,0,0,0,0
zc,WT207,2012-06-13 09:00:01.353,0.0000,56,0,0.0000,0.0000,0,0,空换,S,2067.0000,0.0000,0.0000,0.0000,0.0000,2134.0000,0.0000,0.0000,0.0000,0.0000,3,0,0,0,0,1,0,0,0,0
zc,WT207,2012-06-13 09:00:14.073,0.0000,56,0,0.0000,0.0000,0,0,空换,S,2067.0000,0.0000,0.0000,0.0000,0.0000,2133.0000,0.0000,0.0000,0.0000,0.0000,2,0,0,0,0,1,0,0,0,0
zc,WT207,2012-06-13 09:00:35.087,0.0000,56,0,0.0000,0.0000,0,0,空换,S,2067.0000,0.0000,0.0000,0.0000,0.0000,2132.0000,0.0000,0.0000,0.0000,0.0000,2,0,0,0,0,1,0,0,0,0
zc,WT207,2012-06-13 09:00:47.337,0.0000,56,0,0.0000,0.0000,0,0,空换,S,2068.0000,0.0000,0.0000,0.0000,0.0000,2132.0000,0.0000,0.0000,0.0000,0.0000,1,0,0,0,0,1,0,0,0,0
zc,WT207,2012-06-13 09:00:48.087,0.0000,56,0,0.0000,0.0000,0,0,空换,S,2068.0000,0.0000,0.0000,0.0000,0.0000,2132.0000,0.0000,0.0000,0.0000,0.0000,2,0,0,0,0,1,0,0,0,0
zc,WT207,2012-06-13 09:01:55.137,0.0000,56,0,0.0000,0.0000,0,0,空换,S,2068.0000,0.0000,0.0000,0.0000,0.0000,2131.0000,0.0000,0.0000,0.0000,0.0000,2,0,0,0,0,1,0,0,0,0
zc,WT207,2012-06-13 09:02:15.557,0.0000,56,0,0.0000,0.0000,0,0,空换,S,2068.0000,0.0000,0.0000,0.0000,0.0000,2131.0000,0.0000,0.0000,0.0000,0.0000,1,0,0,0,0,1,0,0,0,0
zc,WT207,2012-06-13 09:02:26.057,0.0000,56,0,0.0000,0.0000,0,0,空换,S,2068.0000,0.0000,0.0000,0.0000,0.0000,2130.0000,0.0000,0.0000,0.0000,0.0000,1,0,0,0,0,1,0,0,0,0
zc,WT207,2012-06-13 09:02:50.040,0.0000,56,0,0.0000,0.0000,0,0,空换,S,2068.0000,0.0000,0.0000,0.0000,0.0000,2129.0000,0.0000,0.0000,0.0000,0.0000,1,0,0,0,0,2,0,0,0,0
zc,WT207,2012-06-13 09:02:56.527,0.0000,56,0,0.0000,0.0000,0,0,空换,S,2068.0000,0.0000,0.0000,0.0000,0.0000,2128.0000,0.0000,0.0000,0.0000,0.0000,1,0,0,0,0,1,0,0,0,0
zc,WT207,2012-06-13 09:03:07.837,2068.0000,56,0,0.0000,2.0000,1,1,多换,B,2067.0000,0.0000,0.0000,0.0000,0.0000,2068.0000,0.0000,0.0000,0.0000,0.0000,3,0,0,0,0,1,0,0,0,0
zc,WT207,2012-06-13 09:03:17.837,2068.0000,56,0,0.0000,2.0000,1,1,多换,B,2067.0000,0.0000,0.0000,0.0000,0.0000,2128.0000,0.0000,0.0000,0.0000,0.0000,3,0,0,0,0,1,0,0,0,0
zc,WT207,2012-06-13 09:03:27.790,2068.0000,56,0,0.0000,0.0000,0,0,多换,B,2067.0000,0.0000,0.0000,0.0000,0.0000,2088.0000,0.0000,0.0000,0.0000,0.0000,3,0,0,0,0,1,0,0,0,0
zc,WT207,2012-06-13 09:03:53.760,2068.0000,56,0,0.0000,0.0000,0,0,多换,B,2068.0000,0.0000,0.0000,0.0000,0.0000,2088.0000,0.0000,0.0000,0.0000,0.0000,1,0,0,0,0,1,0,0,0,0
zc,WT207,2012-06-13 09:04:31.480,2068.0000,56,0,0.0000,0.0000,0,0,多换,B,2068.0000,0.0000,0.0000,0.0000,0.0000,2088.0000,0.0000,0.0000,0.0000,0.0000,1,0,0,0,0,1,0,0,0,0
zc,WT207,2012-06-13 09:08:19.777,2068.0000,56,0,0.0000,0.0000,0,0,多换,B,2067.0000,0.0000,0.0000,0.0000,0.0000,2088.0000,0.0000,0.0000,0.0000,0.0000,3,0,0,0,0,1,0,0,0,0
zc,WT207,2012-06-13 09:08:42.777,2068.0000,56,0,0.0000,0.0000,0,0,多换,B,2067.0000,0.0000,0.0000,0.0000,0.0000,2088.0000,0.0000,0.0000,0.0000,0.0000,4,0,0,0,0,1,0,0,0,0
zc,WT207,2012-06-13 09:08:54.777,2068.0000,56,0,0.0000,0.0000,0,0,多换,B,2068.0000,0.0000,0.0000,0.0000,0.0000,2088.0000,0.0000,0.0000,0.0000,0.0000,1,0,0,0,0,1,0,0,0,0
zc,WT207,2012-06-13 09:09:05.540,2068.0000,56,0,0.0000,2.0000,1,1,多换,B,2067.0000,0.0000,0.0000,0.0000,0.0000,2068.0000,0.0000,0.0000,0.0000,0.0000,4,0,0,0,0,1,0,0,0,0
zc,WT207,2012-06-13 09:09:20.027,2068.0000,56,0,0.0000,2.0000,1,1,多换,B,2067.0000,0.0000,0.0000,0.0000,0.0000,2088.0000,0.0000,0.0000,0.0000,0.0000,4,0,0,0,0,1,0,0,0,0
zc,WT207,2012-06-13 09:09:20.540,2068.0000,56,0,0.0000,0.0000,0,0,多换,B,2068.0000,0.0000,0.0000,0.0000,0.0000,2088.0000,0.0000,0.0000,0.0000,0.0000,1,0,0,0,0,1,0,0,0,0
zc,WT207,2012-06-13 09:09:28.057,2068.0000,56,0,0.0000,0.0000,0,0,多换,B,2067.0000,0.0000,0.0000,0.0000,0.0000,2088.0000,0.0000,0.0000,0.0000,0.0000,4,0,0,0,0,1,0,0,0,0
zc,WT207,2012-06-13 09:09:28.853,2068.0000,56,0,0.0000,0.0000,0,0,多换,B,2067.0000,0.0000,0.0000,0.0000,0.0000,2087.0000,0.0000,0.0000,0.0000,0.0000,4,0,0,0,0,1,0,0,0,0
zc,WT207,2012-06-13 09:09:40.493,2068.0000,56,0,0.0000,0.0000,0,0,多换,B,2067.0000,0.0000,0.0000,0.0000,0.0000,2068.0000,0.0000,0.0000,0.0000,0.0000,4,0,0,0,0,1,0,0,0,0
zc,WT207,2012-06-13 09:09:50.993,2067.0000,56,0,0.0000,2.0000,1,1,空换,S,2067.0000,0.0000,0.0000,0.0000,0.0000,2068.0000,0.0000,0.0000,0.0000,0.0000,3,0,0,0,0,1,0,0,0,0
zc,WT207,2012-06-13 09:10:27.760,2068.0000,56,0,0.0000,2.0000,1,1,多换,B,2067.0000,0.0000,0.0000,0.0000,0.0000,2087.0000,0.0000,0.0000,0.0000,0.0000,2,0,0,0,0,1,0,0,0,0
zc,WT207,2012-06-13 09:11:24.527,2068.0000,56,0,0.0000,0.0000,0,0,多换,B,2066.0000,0.0000,0.0000,0.0000,0.0000,2087.0000,0.0000,0.0000,0.0000,0.0000,2,0,0,0,0,1,0,0,0,0
zc,WT207,2012-06-13 09:11:30.730,2068.0000,56,0,0.0000,0.0000,0,0,多换,B,2067.0000,0.0000,0.0000,0.0000,0.0000,2087.0000,0.0000,0.0000,0.0000,0.0000,1,0,0,0,0,1,0,0,0,0
zc,WT207,2012-06-13 09:12:09.713,2068.0000,56,0,0.0000,0.0000,0,0,多换,B,2067.0000,0.0000,0.0000,0.0000,0.0000,2087.0000,0.0000,0.0000,0.0000,0.0000,2,0,0,0,0,1,0,0,0,0
zc,WT207,2012-06-13 09:12:34.730,2068.0000,56,0,0.0000,0.0000,0,0,多换,B,2067.0000,0.0000,0.0000,0.0000,0.0000,2087.0000,0.0000,0.0000,0.0000,0.0000,3,0,0,0,0,1,0,0,0,0
zc,WT207,2012-06-13 09:12:44.730,2068.0000,56,0,0.0000,0.0000,0,0,多换,B,2067.0000,0.0000,0.0000,0.0000,0.0000,2087.0000,0.0000,0.0000,0.0000,0.0000,2,0,0,0,0,1,0,0,0,0
zc,WT207,2012-06-13 09:13:09.993,2068.0000,56,0,0.0000,0.0000,0,0,多换,B,2067.0000,0.0000,0.0000,0.0000,0.0000,2087.0000,0.0000,0.0000,0.0000,0.0000,3,0,0,0,0,1,0,0,0,0
zc,WT207,2012-06-13 09:13:31.993,2068.0000,56,0,0.0000,0.0000,0,0,多换,B,2067.0000,0.0000,0.0000,0.0000,0.0000,2108.0000,0.0000,0.0000,0.0000,0.0000,3,0,0,0,0,1,0,0,0,0
zc,WT207,2012-06-13 09:13:38.260,2068.0000,56,0,0.0000,0.0000,0,0,多换,B,2067.0000,0.0000,0.0000,0.0000,0.0000,2107.0000,0.0000,0.0000,0.0000,0.0000,3,0,0,0,0,1,0,0,0,0
zc,WT207,2012-06-13 09:15:30.290,2068.0000,56,0,0.0000,0.0000,0,0,多换,B,2068.0000,0.0000,0.0000,0.0000,0.0000,2107.0000,0.0000,0.0000,0.0000,0.0000,1,0,0,0,0,1,0,0,0,0
zc,WT207,2012-06-13 09:15:31.480,2068.0000,56,0,0.0000,0.0000,0,0,多换,B,2068.0000,0.0000,0.0000,0.0000,0.0000,2107.0000,0.0000,0.0000,0.0000,0.0000,1,0,0,0,0,1,0,0,0,0
zc,WT207,2012-06-13 09:15:31.980,2068.0000,56,0,0.0000,0.0000,0,0,多换,B,2068.0000,0.0000,0.0000,0.0000,0.0000,2107.0000,0.0000,0.0000,0.0000,0.0000,2,0,0,0,0,1,0,0,0,0
zc,WT207,2012-06-13 09:15:42.057,2068.0000,56,0,0.0000,0.0000,0,0,多换,B,2068.0000,0.0000,0.0000,0.0000,0.0000,2106.0000,0.0000,0.0000,0.0000,0.0000,2,0,0,0,0,1,0,0,0,0
zc,WT207,2012-06-13 09:16:04.120,2068.0000,56,0,0.0000,0.0000,0,0,多换,B,2070.0000,0.0000,0.0000,0.0000,0.0000,2106.0000,0.0000,0.0000,0.0000,0.0000,2,0,0,0,0,1,0,0,0,0
zc,WT207,2012-06-13 09:17:40.337,2068.0000,56,0,0.0000,0.0000,0,0,多换,B,2071.0000,0.0000,0.0000,0.0000,0.0000,2106.0000,0.0000,0.0000,0.0000,0.0000,1,0,0,0,0,1,0,0,0,0
zc,WT207,2012-06-13 09:17:47.823,2068.0000,56,0,0.0000,0.0000,0,0,多换,B,2071.0000,0.0000,0.0000,0.0000,0.0000,2106.0000,0.0000,0.0000,0.0000,0.0000,2,0,0,0,0,1,0,0,0,0
zc,WT207,2012-06-13 09:18:05.743,2068.0000,56,0,0.0000,0.0000,0,0,多换,B,2071.0000,0.0000,0.0000,0.0000,0.0000,2106.0000,0.0000,0.0000,0.0000,0.0000,1,0,0,0,0,1,0,0,0,0
zc,WT207,2012-06-13 09:18:42.463,2068.0000,56,0,0.0000,0.0000,0,0,多换,B,2071.0000,0.0000,0.0000,0.0000,0.0000,2106.0000,0.0000,0.0000,0.0000,0.0000,2,0,0,0,0,1,0,0,0,0
zc,WT207,2012-06-13 09:18:44.743,2068.0000,56,0,0.0000,0.0000,0,0,多换,B,2070.0000,0.0000,0.0000,0.0000,0.0000,2106.0000,0.0000,0.0000,0.0000,0.0000,2,0,0,0,0,1,0,0,0,0
zc,WT207,2012-06-13 09:19:31.993,2068.0000,56,0,0.0000,0.0000,0,0,多换,B,2071.0000,0.0000,0.0000,0.0000,0.0000,2106.0000,0.0000,0.0000,0.0000,0.0000,2,0,0,0,0,1,0,0,0,0
zc,WT207,2012-06-13 09:19:41.790,2068.0000,56,0,0.0000,0.0000,0,0,多换,B,2073.0000,0.0000,0.0000,0.0000,0.0000,2106.0000,0.0000,0.0000,0.0000,0.0000,2,0,0,0,0,1,0,0,0,0
zc,WT207,2012-06-13 09:20:30.057,2068.0000,56,0,0.0000,0.0000,0,0,多换,B,2073.0000,0.0000,0.0000,0.0000,0.0000,2105.0000,0.0000,0.0000,0.0000,0.0000,2,0,0,0,0,1,0,0,0,0
zc,WT207,2012-06-13 09:21:04.730,2068.0000,56,0,0.0000,0.0000,0,0,多换,B,2075.0000,0.0000,0.0000,0.0000,0.0000,2105.0000,0.0000,0.0000,0.0000,0.0000,2,0,0,0,0,1,0,0,0,0
zc,WT207,2012-06-13 09:21:15.073,2068.0000,56,0,0.0000,0.0000,0,0,多换,B,2075.0000,0.0000,0.0000,0.0000,0.0000,2105.0000,0.0000,0.0000,0.0000,0.0000,1,0,0,0,0,1,0,0,0,0
zc,WT207,2012-06-13 09:21:21.993,2068.0000,56,0,0.0000,0.0000,0,0,多换,B,2074.0000,0.0000,0.0000,0.0000,0.0000,2105.0000,0.0000,0.0000,0.0000,0.0000,2,0,0,0,0,1,0,0,0,0
zc,WT207,2012-06-13 09:21:35.777,2068.0000,56,0,0.0000,0.0000,0,0,多换,B,2073.0000,0.0000,0.0000,0.0000,0.0000,2105.0000,0.0000,0.0000,0.0000,0.0000,2,0,0,0,0,1,0,0,0,0
zc,WT207,2012-06-13 09:21:52.777,2068.0000,56,0,0.0000,0.0000,0,0,多换,B,2075.0000,0.0000,0.0000,0.0000,0.0000,2105.0000,0.0000,0.0000,0.0000,0.0000,2,0,0,0,0,1,0,0,0,0
zc,WT207,2012-06-13 09:22:53.790,2068.0000,56,0,0.0000,0.0000,0,0,多换,B,2073.0000,0.0000,0.0000,0.0000,0.0000,2105.0000,0.0000,0.0000,0.0000,0.0000,2,0,0,0,0,1,0,0,0,0
zc,WT207,2012-06-13 09:25:41.947,2068.0000,56,0,0.0000,0.0000,0,0,多换,B,2077.0000,0.0000,0.0000,0.0000,0.0000,2105.0000,0.0000,0.0000,0.0000,0.0000,2,0,0,0,0,1,0,0,0,0
zc,WT207,2012-06-13 09:25:54.730,2068.0000,56,0,0.0000,0.0000,0,0,多换,B,2073.0000,0.0000,0.0000,0.0000,0.0000,2105.0000,0.0000,0.0000,0.0000,0.0000,2,0,0,0,0,1,0,0,0,0
zc,WT207,2012-06-13 09:26:02.480,2068.0000,56,0,0.0000,0.0000,0,0,多换,B,2074.0000,0.0000,0.0000,0.0000,0.0000,2105.0000,0.0000,0.0000,0.0000,0.0000,1,0,0,0,0,1,0,0,0,0
zc,WT207,2012-06-13 09:26:36.713,2068.0000,56,0,0.0000,0.0000,0,0,多换,B,2073.0000,0.0000,0.0000,0.0000,0.0000,2105.0000,0.0000,0.0000,0.0000,0.0000,2,0,0,0,0,1,0,0,0,0
zc,WT207,2012-06-13 09:26:41.947,2068.0000,56,0,0.0000,0.0000,0,0,多换,B,2074.0000,0.0000,0.0000,0.0000,0.0000,2105.0000,0.0000,0.0000,0.0000,0.0000,1,0,0,0,0,1,0,0,0,0
zc,WT207,2012-06-13 09:27:22.243,2068.0000,56,0,0.0000,0.0000,0,0,多换,B,2073.0000,0.0000,0.0000,0.0000,0.0000,2105.0000,0.0000,0.0000,0.0000,0.0000,2,0,0,0,0,1,0,0,0,0
zc,WT207,2012-06-13 09:27:51.463,2068.0000,56,0,0.0000,0.0000,0,0,多换,B,2074.0000,0.0000,0.0000,0.0000,0.0000,2105.0000,0.0000,0.0000,0.0000,0.0000,1,0,0,0,0,1,0,0,0,0
zc,WT207,2012-06-13 09:28:14.307,2068.0000,56,0,0.0000,0.0000,0,0,多换,B,2074.0000,0.0000,0.0000,0.0000,0.0000,2105.0000,0.0000,0.0000,0.0000,0.0000,2,0,0,0,0,1,0,0,0,0
zc,WT207,2012-06-13 09:29:09.807,2068.0000,56,0,0.0000,0.0000,0,0,多换,B,2076.0000,0.0000,0.0000,0.0000,0.0000,2105.0000,0.0000,0.0000,0.0000,0.0000,2,0,0,0,0,1,0,0,0,0
zc,WT207,2012-06-13 09:29:31.463,2068.0000,56,0,0.0000,0.0000,0,0,多换,B,2076.0000,0.0000,0.0000,0.0000,0.0000,2105.0000,0.0000,0.0000,0.0000,0.0000,2,0,0,0,0,1,0,0,0,0
zc,WT207,2012-06-13 09:29:43.337,2068.0000,56,0,0.0000,0.0000,0,0,多换,B,2077.0000,0.0000,0.0000,0.0000,0.0000,2105.0000,0.0000,0.0000,0.0000,0.0000,1,0,0,0,0,1,0,0,0,0
zc,WT207,2012-06-13 09:29:44.527,2068.0000,56,0,0.0000,0.0000,0,0,多换,B,2077.0000,0.0000,0.0000,0.0000,0.0000,2105.0000,0.0000,0.0000,0.0000,0.0000,2,0,0,0,0,1,0,0,0,0
zc,WT207,2012-06-13 09:29:54.993,2068.0000,56,0,0.0000,0.0000,0,0,多换,B,2077.0000,0.0000,0.0000,0.0000,0.0000,2105.0000,0.0000,0.0000,0.0000,0.0000,1,0,0,0,0,1,0,0,0,0
zc,WT207,2012-06-13 09:30:14.493,2068.0000,56,0,0.0000,0.0000,0,0,多换,B,2076.0000,0.0000,0.0000,0.0000,0.0000,2105.0000,0.0000,0.0000,0.0000,0.0000,2,0,0,0,0,1,0,0,0,0
zc,WT207,2012-06-13 09:30:18.573,2068.0000,56,0,0.0000,0.0000,0,0,多换,B,2077.0000,0.0000,0.0000,0.0000,0.0000,2105.0000,0.0000,0.0000,0.0000,0.0000,2,0,0,0,0,1,0,0,0,0
zc,WT207,2012-06-13 09:30:30.980,2068.0000,56,0,0.0000,0.0000,0,0,多换,B,2076.0000,0.0000,0.0000,0.0000,0.0000,2105.0000,0.0000,0.0000,0.0000,0.0000,2,0,0,0,0,1,0,0,0,0
zc,WT207,2012-06-13 09:30:34.463,2068.0000,56,0,0.0000,0.0000,0,0,多换,B,2078.0000,0.0000,0.0000,0.0000,0.0000,2105.0000,0.0000,0.0000,0.0000,0.0000,1,0,0,0,0,1,0,0,0,0
zc,WT207,2012-06-13 09:30:40.777,2068.0000,56,0,0.0000,0.0000,0,0,多换,B,2076.0000,0.0000,0.0000,0.0000,0.0000,2105.0000,0.0000,0.0000,0.0000,0.0000,2,0,0,0,0,1,0,0,0,0
zc,WT207,2012-06-13 09:30:43.493,2068.0000,56,0,0.0000,0.0000,0,0,多换,B,2078.0000,0.0000,0.0000,0.0000,0.0000,2105.0000,0.0000,0.0000,0.0000,0.0000,1,0,0,0,0,1,0,0,0,0
zc,WT207,2012-06-13 09:31:31.433,2068.0000,56,0,0.0000,0.0000,0,0,多换,B,2078.0000,0.0000,0.0000,0.0000,0.0000,2105.0000,0.0000,0.0000,0.0000,0.0000,1,0,0,0,0,1,0,0,0,0
zc,WT207,2012-06-13 09:31:48.947,2068.0000,56,0,0.0000,0.0000,0,0,多换,B,2076.0000,0.0000,0.0000,0.0000,0.0000,2105.0000,0.0000,0.0000,0.0000,0.0000,2,0,0,0,0,1,0,0,0,0
zc,WT207,2012-06-13 09:31:55.197,2068.0000,56,0,0.0000,0.0000,0,0,多换,B,2077.0000,0.0000,0.0000,0.0000,0.0000,2105.0000,0.0000,0.0000,0.0000,0.0000,1,0,0,0,0,1,0,0,0,0
zc,WT207,2012-06-13 09:32:09.980,2068.0000,56,0,0.0000,0.0000,0,0,多换,B,2076.0000,0.0000,0.0000,0.0000,0.0000,2105.0000,0.0000,0.0000,0.0000,0.0000,2,0,0,0,0,1,0,0,0,0
zc,WT207,2012-06-13 09:32:31.447,2068.0000,56,0,0.0000,0.0000,0,0,多换,B,2076.0000,0.0000,0.0000,0.0000,0.0000,2105.0000,0.0000,0.0000,0.0000,0.0000,2,0,0,0,0,1,0,0,0,0
zc,WT207,2012-06-13 09:33:31.447,2068.0000,56,0,0.0000,0.0000,0,0,多换,B,2076.0000,0.0000,0.0000,0.0000,0.0000,2105.0000,0.0000,0.0000,0.0000,0.0000,2,0,0,0,0,1,0,0,0,0
zc,WT207,2012-06-13 09:39:37.947,2068.0000,56,0,0.0000,0.0000,0,0,多换,B,2076.0000,0.0000,0.0000,0.0000,0.0000,2105.0000,0.0000,0.0000,0.0000,0.0000,1,0,0,0,0,1,0,0,0,0
zc,WT207,2012-06-13 09:40:16.493,2068.0000,56,0,0.0000,0.0000,0,0,多换,B,2075.0000,0.0000,0.0000,0.0000,0.0000,2105.0000,0.0000,0.0000,0.0000,0.0000,1,0,0,0,0,1,0,0,0,0
zc,WT207,2012-06-13 09:40:40.683,2068.0000,56,0,0.0000,0.0000,0,0,多换,B,2074.0000,0.0000,0.0000,0.0000,0.0000,2105.0000,0.0000,0.0000,0.0000,0.0000,1,0,0,0,0,1,0,0,0,0
zc,WT207,2012-06-13 09:40:45.463,2068.0000,56,0,0.0000,0.0000,0,0,多换,B,2073.0000,0.0000,0.0000,0.0000,0.0000,2105.0000,0.0000,0.0000,0.0000,0.0000,2,0,0,0,0,1,0,0,0,0
zc,WT207,2012-06-13 09:40:48.683,2068.0000,56,0,0.0000,0.0000,0,0,多换,B,2074.0000,0.0000,0.0000,0.0000,0.0000,2105.0000,0.0000,0.0000,0.0000,0.0000,1,0,0,0,0,1,0,0,0,0
zc,WT207,2012-06-13 09:40:59.697,2068.0000,56,0,0.0000,0.0000,0,0,多换,B,2074.0000,0.0000,0.0000,0.0000,0.0000,2105.0000,0.0000,0.0000,0.0000,0.0000,2,0,0,0,0,1,0,0,0,0
zc,WT207,2012-06-13 09:41:10.197,2068.0000,56,0,0.0000,0.0000,0,0,多换,B,2075.0000,0.0000,0.0000,0.0000,0.0000,2105.0000,0.0000,0.0000,0.0000,0.0000,1,0,0,0,0,1,0,0,0,0
zc,WT207,2012-06-13 09:41:48.963,2068.0000,56,0,0.0000,0.0000,0,0,多换,B,2075.0000,0.0000,0.0000,0.0000,0.0000,2105.0000,0.0000,0.0000,0.0000,0.0000,2,0,0,0,0,1,0,0,0,0
zc,WT207,2012-06-13 09:42:26.213,2068.0000,56,0,0.0000,0.0000,0,0,多换,B,2076.0000,0.0000,0.0000,0.0000,0.0000,2105.0000,0.0000,0.0000,0.0000,0.0000,1,0,0,0,0,1,0,0,0,0
zc,WT207,2012-06-13 09:42:55.683,2068.0000,56,0,0.0000,0.0000,0,0,多换,B,2076.0000,0.0000,0.0000,0.0000,0.0000,2105.0000,0.0000,0.0000,0.0000,0.0000,2,0,0,0,0,1,0,0,0,0
zc,WT207,2012-06-13 09:43:21.213,2068.0000,56,0,0.0000,0.0000,0,0,多换,B,2077.0000,0.0000,0.0000,0.0000,0.0000,2105.0000,0.0000,0.0000,0.0000,0.0000,1,0,0,0,0,1,0,0,0,0
zc,WT207,2012-06-13 09:43:40.480,2068.0000,56,0,0.0000,0.0000,0,0,多换,B,2076.0000,0.0000,0.0000,0.0000,0.0000,2105.0000,0.0000,0.0000,0.0000,0.0000,2,0,0,0,0,1,0,0,0,0
zc,WT207,2012-06-13 09:45:01.213,2068.0000,56,0,0.0000,0.0000,0,0,多换,B,2076.0000,0.0000,0.0000,0.0000,0.0000,2105.0000,0.0000,0.0000,0.0000,0.0000,1,0,0,0,0,1,0,0,0,0
zc,WT207,2012-06-13 09:45:09.963,2068.0000,56,0,0.0000,0.0000,0,0,多换,B,2075.0000,0.0000,0.0000,0.0000,0.0000,2105.0000,0.0000,0.0000,0.0000,0.0000,1,0,0,0,0,1,0,0,0,0
zc,WT207,2012-06-13 09:45:31.417,2068.0000,56,0,0.0000,0.0000,0,0,多换,B,2075.0000,0.0000,0.0000,0.0000,0.0000,2105.0000,0.0000,0.0000,0.0000,0.0000,1,0,0,0,0,1,0,0,0,0
zc,WT207,2012-06-13 09:46:29.683,2068.0000,56,0,0.0000,0.0000,0,0,多换,B,2074.0000,0.0000,0.0000,0.0000,0.0000,2105.0000,0.0000,0.0000,0.0000,0.0000,1,0,0,0,0,1,0,0,0,0
zc,WT207,2012-06-13 09:46:43.777,2068.0000,56,0,0.0000,0.0000,0,0,多换,B,2073.0000,0.0000,0.0000,0.0000,0.0000,2105.0000,0.0000,0.0000,0.0000,0.0000,2,0,0,0,0,1,0,0,0,0
zc,WT207,2012-06-13 09:46:59.730,2068.0000,56,0,0.0000,0.0000,0,0,多换,B,2074.0000,0.0000,0.0000,0.0000,0.0000,2105.0000,0.0000,0.0000,0.0000,0.0000,1,0,0,0,0,1,0,0,0,0
zc,WT207,2012-06-13 09:47:11.463,2068.0000,56,0,0.0000,0.0000,0,0,多换,B,2074.0000,0.0000,0.0000,0.0000,0.0000,2105.0000,0.0000,0.0000,0.0000,0.0000,2,0,0,0,0,1,0,0,0,0
zc,WT207,2012-06-13 09:52:44.743,2068.0000,56,0,0.0000,0.0000,0,0,多换,B,2073.0000,0.0000,0.0000,0.0000,0.0000,2105.0000,0.0000,0.0000,0.0000,0.0000,2,0,0,0,0,1,0,0,0,0
zc,WT207,2012-06-13 09:52:56.713,2068.0000,56,0,0.0000,0.0000,0,0,多换,B,2074.0000,0.0000,0.0000,0.0000,0.0000,2105.0000,0.0000,0.0000,0.0000,0.0000,1,0,0,0,0,1,0,0,0,0
zc,WT207,2012-06-13 09:53:38.683,2068.0000,56,0,0.0000,0.0000,0,0,多换,B,2073.0000,0.0000,0.0000,0.0000,0.0000,2105.0000,0.0000,0.0000,0.0000,0.0000,2,0,0,0,0,1,0,0,0,0
zc,WT207,2012-06-13 09:53:44.697,2068.0000,56,0,0.0000,0.0000,0,0,多换,B,2074.0000,0.0000,0.0000,0.0000,0.0000,2105.0000,0.0000,0.0000,0.0000,0.0000,1,0,0,0,0,1,0,0,0,0
zc,WT207,2012-06-13 09:54:03.230,2068.0000,56,0,0.0000,0.0000,0,0,多换,B,2074.0000,0.0000,0.0000,0.0000,0.0000,2105.0000,0.0000,0.0000,0.0000,0.0000,2,0,0,0,0,1,0,0,0,0
zc,WT207,2012-06-13 09:54:32.697,2068.0000,56,0,0.0000,0.0000,0,0,多换,B,2075.0000,0.0000,0.0000,0.0000,0.0000,2105.0000,0.0000,0.0000,0.0000,0.0000,1,0,0,0,0,1,0,0,0,0
zc,WT207,2012-06-13 09:55:17.433,2068.0000,56,0,0.0000,0.0000,0,0,多换,B,2074.0000,0.0000,0.0000,0.0000,0.0000,2105.0000,0.0000,0.0000,0.0000,0.0000,2,0,0,0,0,1,0,0,0,0
zc,WT207,2012-06-13 09:56:31.417,2068.0000,56,0,0.0000,0.0000,0,0,多换,B,2074.0000,0.0000,0.0000,0.0000,0.0000,2105.0000,0.0000,0.0000,0.0000,0.0000,2,0,0,0,0,1,0,0,0,0
zc,WT207,2012-06-13 09:57:05.667,2068.0000,56,0,0.0000,0.0000,0,0,多换,B,2075.0000,0.0000,0.0000,0.0000,0.0000,2105.0000,0.0000,0.0000,0.0000,0.0000,1,0,0,0,0,1,0,0,0,0
zc,WT207,2012-06-13 10:01:36.650,2068.0000,56,0,0.0000,0.0000,0,0,多换,B,2074.0000,0.0000,0.0000,0.0000,0.0000,2105.0000,0.0000,0.0000,0.0000,0.0000,2,0,0,0,0,1,0,0,0,0
zc,WT207,2012-06-13 10:04:06.417,2068.0000,56,0,0.0000,0.0000,0,0,多换,B,2073.0000,0.0000,0.0000,0.0000,0.0000,2105.0000,0.0000,0.0000,0.0000,0.0000,2,0,0,0,0,1,0,0,0,0
zc,WT207,2012-06-13 10:05:57.667,2068.0000,56,0,0.0000,0.0000,0,0,多换,B,2074.0000,0.0000,0.0000,0.0000,0.0000,2105.0000,0.0000,0.0000,0.0000,0.0000,2,0,0,0,0,1,0,0,0,0
zc,WT207,2012-06-13 10:07:31.400,2068.0000,56,0,0.0000,0.0000,0,0,多换,B,2074.0000,0.0000,0.0000,0.0000,0.0000,2105.0000,0.0000,0.0000,0.0000,0.0000,2,0,0,0,0,1,0,0,0,0
zc,WT207,2012-06-13 10:08:31.417,2068.0000,56,0,0.0000,0.0000,0,0,多换,B,2074.0000,0.0000,0.0000,0.0000,0.0000,2105.0000,0.0000,0.0000,0.0000,0.0000,2,0,0,0,0,1,0,0,0,0
zc,WT207,2012-06-13 10:09:59.933,2068.0000,56,0,0.0000,0.0000,0,0,多换,B,2073.0000,0.0000,0.0000,0.0000,0.0000,2105.0000,0.0000,0.0000,0.0000,0.0000,2,0,0,0,0,1,0,0,0,0
zc,WT207,2012-06-13 10:12:31.400,2068.0000,56,0,0.0000,0.0000,0,0,多换,B,2073.0000,0.0000,0.0000,0.0000,0.0000,2105.0000,0.0000,0.0000,0.0000,0.0000,2,0,0,0,0,1,0,0,0,0
zc,WT207,2012-06-13 10:13:10.900,2068.0000,56,0,0.0000,0.0000,0,0,多换,B,2072.0000,0.0000,0.0000,0.0000,0.0000,2105.0000,0.0000,0.0000,0.0000,0.0000,2,0,0,0,0,1,0,0,0,0
zc,WT207,2012-06-13 10:13:14.917,2068.0000,56,0,0.0000,0.0000,0,0,多换,B,2070.0000,0.0000,0.0000,0.0000,0.0000,2105.0000,0.0000,0.0000,0.0000,0.0000,1,0,0,0,0,1,0,0,0,0
zc,WT207,2012-06-13 10:13:18.947,2068.0000,56,0,0.0000,0.0000,0,0,多换,B,2069.0000,0.0000,0.0000,0.0000,0.0000,2105.0000,0.0000,0.0000,0.0000,0.0000,3,0,0,0,0,1,0,0,0,0
zc,WT207,2012-06-13 10:13:59.650,2068.0000,56,0,0.0000,0.0000,0,0,多换,B,2070.0000,0.0000,0.0000,0.0000,0.0000,2105.0000,0.0000,0.0000,0.0000,0.0000,1,0,0,0,0,1,0,0,0,0
zc,WT207,2012-06-13 10:14:04.947,2068.0000,56,0,0.0000,0.0000,0,0,多换,B,2069.0000,0.0000,0.0000,0.0000,0.0000,2105.0000,0.0000,0.0000,0.0000,0.0000,3,0,0,0,0,1,0,0,0,0
zc,WT207,2012-06-13 10:14:13.137,2068.0000,56,0,0.0000,0.0000,0,0,多换,B,2070.0000,0.0000,0.0000,0.0000,0.0000,2105.0000,0.0000,0.0000,0.0000,0.0000,1,0,0,0,0,1,0,0,0,0
zc,WT207,2012-06-13 10:14:17.667,2068.0000,56,0,0.0000,0.0000,0,0,多换,B,2069.0000,0.0000,0.0000,0.0000,0.0000,2105.0000,0.0000,0.0000,0.0000,0.0000,3,0,0,0,0,1,0,0,0,0
zc,WT207,2012-06-13 10:14:19.400,2068.0000,56,0,0.0000,0.0000,0,0,多换,B,2070.0000,0.0000,0.0000,0.0000,0.0000,2105.0000,0.0000,0.0000,0.0000,0.0000,1,0,0,0,0,1,0,0,0,0
zc,WT207,2012-06-13 10:14:24.400,2068.0000,56,0,0.0000,0.0000,0,0,多换,B,2069.0000,0.0000,0.0000,0.0000,0.0000,2105.0000,0.0000,0.0000,0.0000,0.0000,3,0,0,0,0,1,0,0,0,0
zc,WT207,2012-06-13 10:14:30.183,2068.0000,56,0,0.0000,0.0000,0,0,多换,B,2070.0000,0.0000,0.0000,0.0000,0.0000,2105.0000,0.0000,0.0000,0.0000,0.0000,1,0,0,0,0,1,0,0,0,0
zc,WT207,2012-06-13 10:14:31.400,2068.0000,56,0,0.0000,0.0000,0,0,多换,B,2070.0000,0.0000,0.0000,0.0000,0.0000,2105.0000,0.0000,0.0000,0.0000,0.0000,1,0,0,0,0,1,0,0,0,0
zc,WT207,2012-06-13 10:17:31.387,2068.0000,56,0,0.0000,0.0000,0,0,多换,B,2070.0000,0.0000,0.0000,0.0000,0.0000,2105.0000,0.0000,0.0000,0.0000,0.0000,1,0,0,0,0,1,0,0,0,0
zc,WT207,2012-06-13 10:21:31.387,2068.0000,56,0,0.0000,0.0000,0,0,多换,B,2070.0000,0.0000,0.0000,0.0000,0.0000,2105.0000,0.0000,0.0000,0.0000,0.0000,1,0,0,0,0,1,0,0,0,0
zc,WT207,2012-06-13 10:24:31.387,2068.0000,56,0,0.0000,0.0000,0,0,多换,B,2070.0000,0.0000,0.0000,0.0000,0.0000,2105.0000,0.0000,0.0000,0.0000,0.0000,1,0,0,0,0,1,0,0,0,0
zc,WT207,2012-06-13 10:26:31.387,2068.0000,56,0,0.0000,0.0000,0,0,多换,B,2070.0000,0.0000,0.0000,0.0000,0.0000,2105.0000,0.0000,0.0000,0.0000,0.0000,1,0,0,0,0,1,0,0,0,0
zc,WT207,2012-06-13 10:29:31.417,2068.0000,56,0,0.0000,0.0000,0,0,多换,B,2070.0000,0.0000,0.0000,0.0000,0.0000,2105.0000,0.0000,0.0000,0.0000,0.0000,1,0,0,0,0,1,0,0,0,0
zc,WT207,2012-06-13 10:30:01.573,2068.0000,56,0,0.0000,0.0000,0,0,多换,B,2070.0000,0.0000,0.0000,0.0000,0.0000,2105.0000,0.0000,0.0000,0.0000,0.0000,2,0,0,0,0,1,0,0,0,0
zc,WT207,2012-06-13 10:30:31.400,2068.0000,56,0,0.0000,0.0000,0,0,多换,B,2070.0000,0.0000,0.0000,0.0000,0.0000,2105.0000,0.0000,0.0000,0.0000,0.0000,2,0,0,0,0,1,0,0,0,0
zc,WT207,2012-06-13 10:32:21.697,2068.0000,56,0,0.0000,0.0000,0,0,多换,B,2071.0000,0.0000,0.0000,0.0000,0.0000,2105.0000,0.0000,0.0000,0.0000,0.0000,1,0,0,0,0,1,0,0,0,0
zc,WT207,2012-06-13 10:32:30.697,2068.0000,56,0,0.0000,0.0000,0,0,多换,B,2070.0000,0.0000,0.0000,0.0000,0.0000,2105.0000,0.0000,0.0000,0.0000,0.0000,2,0,0,0,0,1,0,0,0,0
zc,WT207,2012-06-13 10:33:12.933,2068.0000,56,0,0.0000,0.0000,0,0,多换,B,2071.0000,0.0000,0.0000,0.0000,0.0000,2105.0000,0.0000,0.0000,0.0000,0.0000,1,0,0,0,0,1,0,0,0,0
zc,WT207,2012-06-13 10:34:19.963,2068.0000,56,0,0.0000,0.0000,0,0,多换,B,2070.0000,0.0000,0.0000,0.0000,0.0000,2105.0000,0.0000,0.0000,0.0000,0.0000,2,0,0,0,0,1,0,0,0,0
zc,WT207,2012-06-13 10:34:33.417,2068.0000,56,0,0.0000,0.0000,0,0,多换,B,2071.0000,0.0000,0.0000,0.0000,0.0000,2105.0000,0.0000,0.0000,0.0000,0.0000,1,0,0,0,0,1,0,0,0,0
zc,WT207,2012-06-13 10:34:45.947,2068.0000,56,0,0.0000,0.0000,0,0,多换,B,2070.0000,0.0000,0.0000,0.0000,0.0000,2105.0000,0.0000,0.0000,0.0000,0.0000,2,0,0,0,0,1,0,0,0,0
zc,WT207,2012-06-13 10:35:19.150,2068.0000,56,0,0.0000,0.0000,0,0,多换,B,2071.0000,0.0000,0.0000,0.0000,0.0000,2105.0000,0.0000,0.0000,0.0000,0.0000,1,0,0,0,0,1,0,0,0,0
zc,WT207,2012-06-13 10:37:16.510,2068.0000,56,0,0.0000,0.0000,0,0,多换,B,2070.0000,0.0000,0.0000,0.0000,0.0000,2105.0000,0.0000,0.0000,0.0000,0.0000,2,0,0,0,0,1,0,0,0,0
zc,WT207,2012-06-13 10:39:29.683,2068.0000,56,0,0.0000,0.0000,0,0,多换,B,2071.0000,0.0000,0.0000,0.0000,0.0000,2105.0000,0.0000,0.0000,0.0000,0.0000,1,0,0,0,0,1,0,0,0,0
zc,WT207,2012-06-13 10:39:31.167,2068.0000,56,0,0.0000,0.0000,0,0,多换,B,2071.0000,0.0000,0.0000,0.0000,0.0000,2105.0000,0.0000,0.0000,0.0000,0.0000,1,0,0,0,0,1,0,0,0,0
zc,WT207,2012-06-13 10:40:02.213,2068.0000,56,0,0.0000,0.0000,0,0,多换,B,2070.0000,0.0000,0.0000,0.0000,0.0000,2105.0000,0.0000,0.0000,0.0000,0.0000,2,0,0,0,0,1,0,0,0,0
zc,WT207,2012-06-13 10:41:31.417,2068.0000,56,0,0.0000,0.0000,0,0,多换,B,2070.0000,0.0000,0.0000,0.0000,0.0000,2105.0000,0.0000,0.0000,0.0000,0.0000,2,0,0,0,0,1,0,0,0,0
zc,WT207,2012-06-13 10:41:45.010,2068.0000,56,0,0.0000,0.0000,0,0,多换,B,2071.0000,0.0000,0.0000,0.0000,0.0000,2105.0000,0.0000,0.0000,0.0000,0.0000,2,0,0,0,0,1,0,0,0,0
zc,WT207,2012-06-13 10:45:38.433,2068.0000,56,0,0.0000,0.0000,0,0,多换,B,2072.0000,0.0000,0.0000,0.0000,0.0000,2105.0000,0.0000,0.0000,0.0000,0.0000,1,0,0,0,0,1,0,0,0,0
zc,WT207,2012-06-13 10:45:45.183,2068.0000,56,0,0.0000,0.0000,0,0,多换,B,2071.0000,0.0000,0.0000,0.0000,0.0000,2105.0000,0.0000,0.0000,0.0000,0.0000,2,0,0,0,0,1,0,0,0,0
zc,WT207,2012-06-13 10:46:31.213,2068.0000,56,0,0.0000,0.0000,0,0,多换,B,2072.0000,0.0000,0.0000,0.0000,0.0000,2105.0000,0.0000,0.0000,0.0000,0.0000,2,0,0,0,0,1,0,0,0,0
zc,WT207,2012-06-13 10:48:30.400,2068.0000,56,0,0.0000,0.0000,0,0,多换,B,2073.0000,0.0000,0.0000,0.0000,0.0000,2105.0000,0.0000,0.0000,0.0000,0.0000,1,0,0,0,0,1,0,0,0,0
zc,WT207,2012-06-13 10:49:07.137,2068.0000,56,0,0.0000,0.0000,0,0,多换,B,2072.0000,0.0000,0.0000,0.0000,0.0000,2105.0000,0.0000,0.0000,0.0000,0.0000,2,0,0,0,0,1,0,0,0,0
zc,WT207,2012-06-13 10:50:12.650,2068.0000,56,0,0.0000,0.0000,0,0,多换,B,2072.0000,0.0000,0.0000,0.0000,0.0000,2105.0000,0.0000,0.0000,0.0000,0.0000,4,0,0,0,0,1,0,0,0,0
zc,WT207,2012-06-13 10:50:31.167,2068.0000,56,0,0.0000,0.0000,0,0,多换,B,2072.0000,0.0000,0.0000,0.0000,0.0000,2105.0000,0.0000,0.0000,0.0000,0.0000,4,0,0,0,0,1,0,0,0,0
zc,WT207,2012-06-13 10:52:12.933,2068.0000,56,0,0.0000,0.0000,0,0,多换,B,2075.0000,0.0000,0.0000,0.0000,0.0000,2105.0000,0.0000,0.0000,0.0000,0.0000,2,0,0,0,0,1,0,0,0,0
zc,WT207,2012-06-13 10:52:47.167,2068.0000,56,0,0.0000,0.0000,0,0,多换,B,2075.0000,0.0000,0.0000,0.0000,0.0000,2105.0000,0.0000,0.0000,0.0000,0.0000,1,0,0,0,0,1,0,0,0,0
zc,WT207,2012-06-13 10:52:50.637,2068.0000,56,0,0.0000,0.0000,0,0,多换,B,2073.0000,0.0000,0.0000,0.0000,0.0000,2105.0000,0.0000,0.0000,0.0000,0.0000,1,0,0,0,0,1,0,0,0,0
zc,WT207,2012-06-13 10:52:53.900,2068.0000,56,0,0.0000,0.0000,0,0,多换,B,2074.0000,0.0000,0.0000,0.0000,0.0000,2105.0000,0.0000,0.0000,0.0000,0.0000,1,0,0,0,0,1,0,0,0,0
zc,WT207,2012-06-13 10:53:33.167,2068.0000,56,0,0.0000,0.0000,0,0,多换,B,2075.0000,0.0000,0.0000,0.0000,0.0000,2105.0000,0.0000,0.0000,0.0000,0.0000,2,0,0,0,0,1,0,0,0,0
zc,WT207,2012-06-13 10:53:49.167,2068.0000,56,0,0.0000,0.0000,0,0,多换,B,2074.0000,0.0000,0.0000,0.0000,0.0000,2105.0000,0.0000,0.0000,0.0000,0.0000,1,0,0,0,0,1,0,0,0,0
zc,WT207,2012-06-13 10:54:29.900,2068.0000,56,0,0.0000,0.0000,0,0,多换,B,2073.0000,0.0000,0.0000,0.0000,0.0000,2105.0000,0.0000,0.0000,0.0000,0.0000,1,0,0,0,0,1,0,0,0,0
zc,WT207,2012-06-13 10:54:31.150,2068.0000,56,0,0.0000,0.0000,0,0,多换,B,2073.0000,0.0000,0.0000,0.0000,0.0000,2105.0000,0.0000,0.0000,0.0000,0.0000,1,0,0,0,0,1,0,0,0,0
zc,WT207,2012-06-13 10:54:32.683,2068.0000,56,0,0.0000,0.0000,0,0,多换,B,2073.0000,0.0000,0.0000,0.0000,0.0000,2105.0000,0.0000,0.0000,0.0000,0.0000,2,0,0,0,0,1,0,0,0,0
zc,WT207,2012-06-13 10:54:47.167,2068.0000,56,0,0.0000,0.0000,0,0,多换,B,2074.0000,0.0000,0.0000,0.0000,0.0000,2105.0000,0.0000,0.0000,0.0000,0.0000,1,0,0,0,0,1,0,0,0,0
zc,WT207,2012-06-13 10:54:48.213,2068.0000,56,0,0.0000,0.0000,0,0,多换,B,2075.0000,0.0000,0.0000,0.0000,0.0000,2105.0000,0.0000,0.0000,0.0000,0.0000,2,0,0,0,0,1,0,0,0,0
zc,WT207,2012-06-13 10:55:14.683,2068.0000,56,0,0.0000,0.0000,0,0,多换,B,2074.0000,0.0000,0.0000,0.0000,0.0000,2105.0000,0.0000,0.0000,0.0000,0.0000,1,0,0,0,0,1,0,0,0,0
zc,WT207,2012-06-13 10:55:18.213,2068.0000,56,0,0.0000,0.0000,0,0,多换,B,2074.0000,0.0000,0.0000,0.0000,0.0000,2105.0000,0.0000,0.0000,0.0000,0.0000,2,0,0,0,0,1,0,0,0,0
zc,WT207,2012-06-13 10:56:31.150,2068.0000,56,0,0.0000,0.0000,0,0,多换,B,2074.0000,0.0000,0.0000,0.0000,0.0000,2105.0000,0.0000,0.0000,0.0000,0.0000,2,0,0,0,0,1,0,0,0,0
zc,WT207,2012-06-13 10:58:14.933,2068.0000,56,0,0.0000,0.0000,0,0,多换,B,2074.0000,0.0000,0.0000,0.0000,0.0000,2105.0000,0.0000,0.0000,0.0000,0.0000,1,0,0,0,0,1,0,0,0,0
zc,WT207,2012-06-13 10:59:49.150,2068.0000,56,0,0.0000,0.0000,0,0,多换,B,2074.0000,0.0000,0.0000,0.0000,0.0000,2105.0000,0.0000,0.0000,0.0000,0.0000,2,0,0,0,0,1,0,0,0,0
zc,WT207,2012-06-13 11:00:06.637,2068.0000,56,0,0.0000,0.0000,0,0,多换,B,2074.0000,0.0000,0.0000,0.0000,0.0000,2105.0000,0.0000,0.0000,0.0000,0.0000,1,0,0,0,0,1,0,0,0,0
zc,WT207,2012-06-13 11:01:18.900,2068.0000,56,0,0.0000,0.0000,0,0,多换,B,2075.0000,0.0000,0.0000,0.0000,0.0000,2105.0000,0.0000,0.0000,0.0000,0.0000,2,0,0,0,0,1,0,0,0,0
zc,WT207,2012-06-13 11:02:31.137,2068.0000,56,0,0.0000,0.0000,0,0,多换,B,2075.0000,0.0000,0.0000,0.0000,0.0000,2105.0000,0.0000,0.0000,0.0000,0.0000,2,0,0,0,0,1,0,0,0,0
zc,WT207,2012-06-13 11:03:31.150,2068.0000,56,0,0.0000,0.0000,0,0,多换,B,2075.0000,0.0000,0.0000,0.0000,0.0000,2105.0000,0.0000,0.0000,0.0000,0.0000,2,0,0,0,0,1,0,0,0,0
zc,WT207,2012-06-13 11:08:07.400,2068.0000,56,0,0.0000,0.0000,0,0,多换,B,2073.0000,0.0000,0.0000,0.0000,0.0000,2105.0000,0.0000,0.0000,0.0000,0.0000,1,0,0,0,0,1,0,0,0,0
zc,WT207,2012-06-13 11:08:33.183,2068.0000,56,0,0.0000,0.0000,0,0,多换,B,2073.0000,0.0000,0.0000,0.0000,0.0000,2105.0000,0.0000,0.0000,0.0000,0.0000,2,0,0,0,0,1,0,0,0,0
zc,WT207,2012-06-13 11:10:00.917,2068.0000,56,0,0.0000,0.0000,0,0,多换,B,2073.0000,0.0000,0.0000,0.0000,0.0000,2105.0000,0.0000,0.0000,0.0000,0.0000,1,0,0,0,0,1,0,0,0,0
zc,WT207,2012-06-13 11:10:16.620,2068.0000,56,0,0.0000,0.0000,0,0,多换,B,2073.0000,0.0000,0.0000,0.0000,0.0000,2105.0000,0.0000,0.0000,0.0000,0.0000,2,0,0,0,0,1,0,0,0,0
zc,WT207,2012-06-13 11:10:31.137,2068.0000,56,0,0.0000,0.0000,0,0,多换,B,2073.0000,0.0000,0.0000,0.0000,0.0000,2105.0000,0.0000,0.0000,0.0000,0.0000,2,0,0,0,0,1,0,0,0,0
zc,WT207,2012-06-13 11:10:41.620,2068.0000,56,0,0.0000,0.0000,0,0,多换,B,2073.0000,0.0000,0.0000,0.0000,0.0000,2105.0000,0.0000,0.0000,0.0000,0.0000,1,0,0,0,0,1,0,0,0,0
zc,WT207,2012-06-13 11:11:01.197,2068.0000,56,0,0.0000,0.0000,0,0,多换,B,2073.0000,0.0000,0.0000,0.0000,0.0000,2105.0000,0.0000,0.0000,0.0000,0.0000,2,0,0,0,0,1,0,0,0,0
zc,WT207,2012-06-13 11:12:33.947,2068.0000,56,0,0.0000,0.0000,0,0,多换,B,2074.0000,0.0000,0.0000,0.0000,0.0000,2105.0000,0.0000,0.0000,0.0000,0.0000,1,0,0,0,0,1,0,0,0,0
zc,WT207,2012-06-13 11:13:31.137,2068.0000,56,0,0.0000,0.0000,0,0,多换,B,2074.0000,0.0000,0.0000,0.0000,0.0000,2105.0000,0.0000,0.0000,0.0000,0.0000,1,0,0,0,0,1,0,0,0,0
zc,WT207,2012-06-13 11:13:36.637,2068.0000,56,0,0.0000,0.0000,0,0,多换,B,2073.0000,0.0000,0.0000,0.0000,0.0000,2105.0000,0.0000,0.0000,0.0000,0.0000,2,0,0,0,0,1,0,0,0,0
zc,WT207,2012-06-13 11:14:49.447,2068.0000,56,0,0.0000,0.0000,0,0,多换,B,2074.0000,0.0000,0.0000,0.0000,0.0000,2105.0000,0.0000,0.0000,0.0000,0.0000,2,0,0,0,0,1,0,0,0,0
zc,WT207,2012-06-13 11:14:58.243,2068.0000,56,0,0.0000,0.0000,0,0,多换,B,2073.0000,0.0000,0.0000,0.0000,0.0000,2105.0000,0.0000,0.0000,0.0000,0.0000,2,0,0,0,0,1,0,0,0,0
zc,WT207,2012-06-13 11:15:45.417,2068.0000,56,0,0.0000,0.0000,0,0,多换,B,2073.0000,0.0000,0.0000,0.0000,0.0000,2105.0000,0.0000,0.0000,0.0000,0.0000,1,0,0,0,0,1,0,0,0,0
zc,WT207,2012-06-13 11:16:07.667,2068.0000,56,0,0.0000,0.0000,0,0,多换,B,2071.0000,0.0000,0.0000,0.0000,0.0000,2105.0000,0.0000,0.0000,0.0000,0.0000,2,0,0,0,0,1,0,0,0,0
zc,WT207,2012-06-13 11:19:31.137,2068.0000,56,0,0.0000,0.0000,0,0,多换,B,2071.0000,0.0000,0.0000,0.0000,0.0000,2105.0000,0.0000,0.0000,0.0000,0.0000,2,0,0,0,0,1,0,0,0,0
zc,WT207,2012-06-13 11:20:46.650,2068.0000,56,0,0.0000,0.0000,0,0,多换,B,2072.0000,0.0000,0.0000,0.0000,0.0000,2105.0000,0.0000,0.0000,0.0000,0.0000,2,0,0,0,0,1,0,0,0,0
zc,WT207,2012-06-13 11:23:31.120,2068.0000,56,0,0.0000,0.0000,0,0,多换,B,2072.0000,0.0000,0.0000,0.0000,0.0000,2105.0000,0.0000,0.0000,0.0000,0.0000,2,0,0,0,0,1,0,0,0,0
zc,WT207,2012-06-13 11:25:31.120,2068.0000,56,0,0.0000,0.0000,0,0,多换,B,2072.0000,0.0000,0.0000,0.0000,0.0000,2105.0000,0.0000,0.0000,0.0000,0.0000,2,0,0,0,0,1,0,0,0,0
zc,WT207,2012-06-13 11:26:52.433,2068.0000,56,0,0.0000,0.0000,0,0,多换,B,2073.0000,0.0000,0.0000,0.0000,0.0000,2105.0000,0.0000,0.0000,0.0000,0.0000,2,0,0,0,0,1,0,0,0,0
zc,WT207,2012-06-13 11:27:31.370,2068.0000,56,0,0.0000,0.0000,0,0,多换,B,2073.0000,0.0000,0.0000,0.0000,0.0000,2105.0000,0.0000,0.0000,0.0000,0.0000,2,0,0,0,0,1,0,0,0,0
zc,WT207,2012-06-13 11:28:31.137,2068.0000,56,0,0.0000,0.0000,0,0,多换,B,2073.0000,0.0000,0.0000,0.0000,0.0000,2105.0000,0.0000,0.0000,0.0000,0.0000,2,0,0,0,0,1,0,0,0,0
zc,WT207,2012-06-13 11:31:31.120,2068.0000,56,0,0.0000,0.0000,0,0,多换,B,2073.0000,0.0000,0.0000,0.0000,0.0000,2105.0000,0.0000,0.0000,0.0000,0.0000,2,0,0,0,0,1,0,0,0,0
zc,WT207,2012-06-13 11:33:31.120,2068.0000,56,0,0.0000,0.0000,0,0,多换,B,2073.0000,0.0000,0.0000,0.0000,0.0000,2105.0000,0.0000,0.0000,0.0000,0.0000,2,0,0,0,0,1,0,0,0,0
zc,WT207,2012-06-13 11:34:31.103,2068.0000,56,0,0.0000,0.0000,0,0,多换,B,2073.0000,0.0000,0.0000,0.0000,0.0000,2105.0000,0.0000,0.0000,0.0000,0.0000,2,0,0,0,0,1,0,0,0,0
zc,WT207,2012-06-13 11:37:31.120,2068.0000,56,0,0.0000,0.0000,0,0,多换,B,2073.0000,0.0000,0.0000,0.0000,0.0000,2105.0000,0.0000,0.0000,0.0000,0.0000,2,0,0,0,0,1,0,0,0,0
zc,WT207,2012-06-13 11:38:31.103,2068.0000,56,0,0.0000,0.0000,0,0,多换,B,2073.0000,0.0000,0.0000,0.0000,0.0000,2105.0000,0.0000,0.0000,0.0000,0.0000,2,0,0,0,0,1,0,0,0,0
zc,WT207,2012-06-13 11:42:31.103,2068.0000,56,0,0.0000,0.0000,0,0,多换,B,2073.0000,0.0000,0.0000,0.0000,0.0000,2105.0000,0.0000,0.0000,0.0000,0.0000,2,0,0,0,0,1,0,0,0,0
zc,WT207,2012-06-13 11:44:31.103,2068.0000,56,0,0.0000,0.0000,0,0,多换,B,2073.0000,0.0000,0.0000,0.0000,0.0000,2105.0000,0.0000,0.0000,0.0000,0.0000,2,0,0,0,0,1,0,0,0,0
zc,WT207,2012-06-13 11:48:31.337,2068.0000,56,0,0.0000,0.0000,0,0,多换,B,2073.0000,0.0000,0.0000,0.0000,0.0000,2105.0000,0.0000,0.0000,0.0000,0.0000,2,0,0,0,0,1,0,0,0,0
zc,WT207,2012-06-13 11:49:31.103,2068.0000,56,0,0.0000,0.0000,0,0,多换,B,2073.0000,0.0000,0.0000,0.0000,0.0000,2105.0000,0.0000,0.0000,0.0000,0.0000,2,0,0,0,0,1,0,0,0,0
zc,WT207,2012-06-13 11:53:31.087,2068.0000,56,0,0.0000,0.0000,0,0,多换,B,2073.0000,0.0000,0.0000,0.0000,0.0000,2105.0000,0.0000,0.0000,0.0000,0.0000,2,0,0,0,0,1,0,0,0,0
zc,WT207,2012-06-13 11:56:31.087,2068.0000,56,0,0.0000,0.0000,0,0,多换,B,2073.0000,0.0000,0.0000,0.0000,0.0000,2105.0000,0.0000,0.0000,0.0000,0.0000,2,0,0,0,0,1,0,0,0,0
zc,WT207,2012-06-13 11:57:31.087,2068.0000,56,0,0.0000,0.0000,0,0,多换,B,2073.0000,0.0000,0.0000,0.0000,0.0000,2105.0000,0.0000,0.0000,0.0000,0.0000,2,0,0,0,0,1,0,0,0,0
zc,WT207,2012-06-13 12:00:31.087,2068.0000,56,0,0.0000,0.0000,0,0,多换,B,2073.0000,0.0000,0.0000,0.0000,0.0000,2105.0000,0.0000,0.0000,0.0000,0.0000,2,0,0,0,0,1,0,0,0,0
zc,WT207,2012-06-13 12:01:31.073,2068.0000,56,0,0.0000,0.0000,0,0,多换,B,2073.0000,0.0000,0.0000,0.0000,0.0000,2105.0000,0.0000,0.0000,0.0000,0.0000,2,0,0,0,0,1,0,0,0,0
zc,WT207,2012-06-13 12:02:31.087,2068.0000,56,0,0.0000,0.0000,0,0,多换,B,2073.0000,0.0000,0.0000,0.0000,0.0000,2105.0000,0.0000,0.0000,0.0000,0.0000,2,0,0,0,0,1,0,0,0,0
zc,WT207,2012-06-13 12:06:31.087,2068.0000,56,0,0.0000,0.0000,0,0,多换,B,2073.0000,0.0000,0.0000,0.0000,0.0000,2105.0000,0.0000,0.0000,0.0000,0.0000,2,0,0,0,0,1,0,0,0,0
zc,WT207,2012-06-13 12:07:31.087,2068.0000,56,0,0.0000,0.0000,0,0,多换,B,2073.0000,0.0000,0.0000,0.0000,0.0000,2105.0000,0.0000,0.0000,0.0000,0.0000,2,0,0,0,0,1,0,0,0,0
zc,WT207,2012-06-13 12:09:31.073,2068.0000,56,0,0.0000,0.0000,0,0,多换,B,2073.0000,0.0000,0.0000,0.0000,0.0000,2105.0000,0.0000,0.0000,0.0000,0.0000,2,0,0,0,0,1,0,0,0,0
zc,WT207,2012-06-13 12:14:31.073,2068.0000,56,0,0.0000,0.0000,0,0,多换,B,2073.0000,0.0000,0.0000,0.0000,0.0000,2105.0000,0.0000,0.0000,0.0000,0.0000,2,0,0,0,0,1,0,0,0,0
zc,WT207,2012-06-13 12:15:31.103,2068.0000,56,0,0.0000,0.0000,0,0,多换,B,2073.0000,0.0000,0.0000,0.0000,0.0000,2105.0000,0.0000,0.0000,0.0000,0.0000,2,0,0,0,0,1,0,0,0,0
zc,WT207,2012-06-13 12:17:31.103,2068.0000,56,0,0.0000,0.0000,0,0,多换,B,2073.0000,0.0000,0.0000,0.0000,0.0000,2105.0000,0.0000,0.0000,0.0000,0.0000,2,0,0,0,0,1,0,0,0,0
zc,WT207,2012-06-13 12:21:31.103,2068.0000,56,0,0.0000,0.0000,0,0,多换,B,2073.0000,0.0000,0.0000,0.0000,0.0000,2105.0000,0.0000,0.0000,0.0000,0.0000,2,0,0,0,0,1,0,0,0,0
zc,WT207,2012-06-13 12:27:31.103,2068.0000,56,0,0.0000,0.0000,0,0,多换,B,2073.0000,0.0000,0.0000,0.0000,0.0000,2105.0000,0.0000,0.0000,0.0000,0.0000,2,0,0,0,0,1,0,0,0,0
zc,WT207,2012-06-13 12:34:31.087,2068.0000,56,0,0.0000,0.0000,0,0,多换,B,2073.0000,0.0000,0.0000,0.0000,0.0000,2105.0000,0.0000,0.0000,0.0000,0.0000,2,0,0,0,0,1,0,0,0,0
zc,WT207,2012-06-13 12:36:31.087,2068.0000,56,0,0.0000,0.0000,0,0,多换,B,2073.0000,0.0000,0.0000,0.0000,0.0000,2105.0000,0.0000,0.0000,0.0000,0.0000,2,0,0,0,0,1,0,0,0,0
zc,WT207,2012-06-13 12:37:31.073,2068.0000,56,0,0.0000,0.0000,0,0,多换,B,2073.0000,0.0000,0.0000,0.0000,0.0000,2105.0000,0.0000,0.0000,0.0000,0.0000,2,0,0,0,0,1,0,0,0,0
zc,WT207,2012-06-13 12:39:31.073,2068.0000,56,0,0.0000,0.0000,0,0,多换,B,2073.0000,0.0000,0.0000,0.0000,0.0000,2105.0000,0.0000,0.0000,0.0000,0.0000,2,0,0,0,0,1,0,0,0,0
zc,WT207,2012-06-13 12:41:31.073,2068.0000,56,0,0.0000,0.0000,0,0,多换,B,2073.0000,0.0000,0.0000,0.0000,0.0000,2105.0000,0.0000,0.0000,0.0000,0.0000,2,0,0,0,0,1,0,0,0,0
zc,WT207,2012-06-13 12:44:31.073,2068.0000,56,0,0.0000,0.0000,0,0,多换,B,2073.0000,0.0000,0.0000,0.0000,0.0000,2105.0000,0.0000,0.0000,0.0000,0.0000,2,0,0,0,0,1,0,0,0,0
zc,WT207,2012-06-13 12:47:31.057,2068.0000,56,0,0.0000,0.0000,0,0,多换,B,2073.0000,0.0000,0.0000,0.0000,0.0000,2105.0000,0.0000,0.0000,0.0000,0.0000,2,0,0,0,0,1,0,0,0,0
zc,WT207,2012-06-13 12:50:31.073,2068.0000,56,0,0.0000,0.0000,0,0,多换,B,2073.0000,0.0000,0.0000,0.0000,0.0000,2105.0000,0.0000,0.0000,0.0000,0.0000,2,0,0,0,0,1,0,0,0,0
zc,WT207,2012-06-13 12:52:31.073,2068.0000,56,0,0.0000,0.0000,0,0,多换,B,2073.0000,0.0000,0.0000,0.0000,0.0000,2105.0000,0.0000,0.0000,0.0000,0.0000,2,0,0,0,0,1,0,0,0,0
zc,WT207,2012-06-13 12:54:31.057,2068.0000,56,0,0.0000,0.0000,0,0,多换,B,2073.0000,0.0000,0.0000,0.0000,0.0000,2105.0000,0.0000,0.0000,0.0000,0.0000,2,0,0,0,0,1,0,0,0,0
zc,WT207,2012-06-13 12:55:31.057,2068.0000,56,0,0.0000,0.0000,0,0,多换,B,2073.0000,0.0000,0.0000,0.0000,0.0000,2105.0000,0.0000,0.0000,0.0000,0.0000,2,0,0,0,0,1,0,0,0,0
zc,WT207,2012-06-13 12:58:31.073,2068.0000,56,0,0.0000,0.0000,0,0,多换,B,2073.0000,0.0000,0.0000,0.0000,0.0000,2105.0000,0.0000,0.0000,0.0000,0.0000,2,0,0,0,0,1,0,0,0,0
zc,WT207,2012-06-13 13:03:31.073,2068.0000,56,0,0.0000,0.0000,0,0,多换,B,2073.0000,0.0000,0.0000,0.0000,0.0000,2105.0000,0.0000,0.0000,0.0000,0.0000,2,0,0,0,0,1,0,0,0,0
zc,WT207,2012-06-13 13:05:31.073,2068.0000,56,0,0.0000,0.0000,0,0,多换,B,2073.0000,0.0000,0.0000,0.0000,0.0000,2105.0000,0.0000,0.0000,0.0000,0.0000,2,0,0,0,0,1,0,0,0,0
zc,WT207,2012-06-13 13:08:31.073,2068.0000,56,0,0.0000,0.0000,0,0,多换,B,2073.0000,0.0000,0.0000,0.0000,0.0000,2105.0000,0.0000,0.0000,0.0000,0.0000,2,0,0,0,0,1,0,0,0,0
zc,WT207,2012-06-13 13:10:31.073,2068.0000,56,0,0.0000,0.0000,0,0,多换,B,2073.0000,0.0000,0.0000,0.0000,0.0000,2105.0000,0.0000,0.0000,0.0000,0.0000,2,0,0,0,0,1,0,0,0,0
zc,WT207,2012-06-13 13:13:31.073,2068.0000,56,0,0.0000,0.0000,0,0,多换,B,2073.0000,0.0000,0.0000,0.0000,0.0000,2105.0000,0.0000,0.0000,0.0000,0.0000,2,0,0,0,0,1,0,0,0,0
zc,WT207,2012-06-13 13:14:31.073,2068.0000,56,0,0.0000,0.0000,0,0,多换,B,2073.0000,0.0000,0.0000,0.0000,0.0000,2105.0000,0.0000,0.0000,0.0000,0.0000,2,0,0,0,0,1,0,0,0,0
zc,WT207,2012-06-13 13:15:31.057,2068.0000,56,0,0.0000,0.0000,0,0,多换,B,2073.0000,0.0000,0.0000,0.0000,0.0000,2105.0000,0.0000,0.0000,0.0000,0.0000,2,0,0,0,0,1,0,0,0,0
zc,WT207,2012-06-13 13:18:31.057,2068.0000,56,0,0.0000,0.0000,0,0,多换,B,2073.0000,0.0000,0.0000,0.0000,0.0000,2105.0000,0.0000,0.0000,0.0000,0.0000,2,0,0,0,0,1,0,0,0,0
zc,WT207,2012-06-13 13:19:31.057,2068.0000,56,0,0.0000,0.0000,0,0,多换,B,2073.0000,0.0000,0.0000,0.0000,0.0000,2105.0000,0.0000,0.0000,0.0000,0.0000,2,0,0,0,0,1,0,0,0,0
zc,WT207,2012-06-13 13:21:31.057,2068.0000,56,0,0.0000,0.0000,0,0,多换,B,2073.0000,0.0000,0.0000,0.0000,0.0000,2105.0000,0.0000,0.0000,0.0000,0.0000,2,0,0,0,0,1,0,0,0,0
zc,WT207,2012-06-13 13:22:31.057,2068.0000,56,0,0.0000,0.0000,0,0,多换,B,2073.0000,0.0000,0.0000,0.0000,0.0000,2105.0000,0.0000,0.0000,0.0000,0.0000,2,0,0,0,0,1,0,0,0,0
zc,WT207,2012-06-13 13:24:31.057,2068.0000,56,0,0.0000,0.0000,0,0,多换,B,2073.0000,0.0000,0.0000,0.0000,0.0000,2105.0000,0.0000,0.0000,0.0000,0.0000,2,0,0,0,0,1,0,0,0,0
zc,WT207,2012-06-13 13:26:31.040,2068.0000,56,0,0.0000,0.0000,0,0,多换,B,2073.0000,0.0000,0.0000,0.0000,0.0000,2105.0000,0.0000,0.0000,0.0000,0.0000,2,0,0,0,0,1,0,0,0,0
zc,WT207,2012-06-13 13:29:31.057,2068.0000,56,0,0.0000,0.0000,0,0,多换,B,2073.0000,0.0000,0.0000,0.0000,0.0000,2105.0000,0.0000,0.0000,0.0000,0.0000,2,0,0,0,0,1,0,0,0,0
zc,WT207,2012-06-13 13:35:24.073,2068.0000,56,0,0.0000,0.0000,0,0,多换,B,2072.0000,0.0000,0.0000,0.0000,0.0000,2105.0000,0.0000,0.0000,0.0000,0.0000,1,0,0,0,0,1,0,0,0,0
zc,WT207,2012-06-13 13:35:37.587,2068.0000,56,0,0.0000,0.0000,0,0,多换,B,2072.0000,0.0000,0.0000,0.0000,0.0000,2105.0000,0.0000,0.0000,0.0000,0.0000,2,0,0,0,0,1,0,0,0,0
zc,WT207,2012-06-13 13:36:53.073,2068.0000,56,0,0.0000,0.0000,0,0,多换,B,2072.0000,0.0000,0.0000,0.0000,0.0000,2105.0000,0.0000,0.0000,0.0000,0.0000,1,0,0,0,0,1,0,0,0,0
zc,WT207,2012-06-13 13:37:31.040,2068.0000,56,0,0.0000,0.0000,0,0,多换,B,2072.0000,0.0000,0.0000,0.0000,0.0000,2105.0000,0.0000,0.0000,0.0000,0.0000,1,0,0,0,0,1,0,0,0,0
zc,WT207,2012-06-13 13:37:53.370,2068.0000,56,0,0.0000,0.0000,0,0,多换,B,2071.0000,0.0000,0.0000,0.0000,0.0000,2105.0000,0.0000,0.0000,0.0000,0.0000,1,0,0,0,0,1,0,0,0,0
zc,WT207,2012-06-13 13:38:44.323,2068.0000,56,0,0.0000,0.0000,0,0,多换,B,2070.0000,0.0000,0.0000,0.0000,0.0000,2105.0000,0.0000,0.0000,0.0000,0.0000,2,0,0,0,0,1,0,0,0,0
zc,WT207,2012-06-13 13:38:48.087,2068.0000,56,0,0.0000,0.0000,0,0,多换,B,2071.0000,0.0000,0.0000,0.0000,0.0000,2105.0000,0.0000,0.0000,0.0000,0.0000,1,0,0,0,0,1,0,0,0,0
zc,WT207,2012-06-13 13:40:03.040,2068.0000,56,0,0.0000,0.0000,0,0,多换,B,2071.0000,0.0000,0.0000,0.0000,0.0000,2105.0000,0.0000,0.0000,0.0000,0.0000,2,0,0,0,0,1,0,0,0,0
zc,WT207,2012-06-13 13:40:31.040,2068.0000,56,0,0.0000,0.0000,0,0,多换,B,2071.0000,0.0000,0.0000,0.0000,0.0000,2105.0000,0.0000,0.0000,0.0000,0.0000,2,0,0,0,0,1,0,0,0,0
zc,WT207,2012-06-13 13:42:05.277,2068.0000,56,0,0.0000,0.0000,0,0,多换,B,2071.0000,0.0000,0.0000,0.0000,0.0000,2105.0000,0.0000,0.0000,0.0000,0.0000,1,0,0,0,0,1,0,0,0,0
zc,WT207,2012-06-13 13:42:06.290,2068.0000,56,0,0.0000,0.0000,0,0,多换,B,2071.0000,0.0000,0.0000,0.0000,0.0000,2104.0000,0.0000,0.0000,0.0000,0.0000,1,0,0,0,0,3,0,0,0,0
zc,WT207,2012-06-13 13:43:41.290,2068.0000,56,0,0.0000,0.0000,0,0,多换,B,2071.0000,0.0000,0.0000,0.0000,0.0000,2103.0000,0.0000,0.0000,0.0000,0.0000,1,0,0,0,0,1,0,0,0,0
zc,WT207,2012-06-13 13:43:49.103,2068.0000,56,0,0.0000,0.0000,0,0,多换,B,2071.0000,0.0000,0.0000,0.0000,0.0000,2102.0000,0.0000,0.0000,0.0000,0.0000,1,0,0,0,0,2,0,0,0,0
zc,WT207,2012-06-13 13:46:03.557,2068.0000,56,0,0.0000,0.0000,0,0,多换,B,2071.0000,0.0000,0.0000,0.0000,0.0000,2102.0000,0.0000,0.0000,0.0000,0.0000,2,0,0,0,0,2,0,0,0,0
zc,WT207,2012-06-13 13:46:22.620,2068.0000,56,0,0.0000,0.0000,0,0,多换,B,2071.0000,0.0000,0.0000,0.0000,0.0000,2101.0000,0.0000,0.0000,0.0000,0.0000,2,0,0,0,0,1,0,0,0,0
zc,WT207,2012-06-13 13:48:31.027,2068.0000,56,0,0.0000,0.0000,0,0,多换,B,2071.0000,0.0000,0.0000,0.0000,0.0000,2101.0000,0.0000,0.0000,0.0000,0.0000,2,0,0,0,0,1,0,0,0,0
zc,WT207,2012-06-13 13:49:31.040,2068.0000,56,0,0.0000,0.0000,0,0,多换,B,2071.0000,0.0000,0.0000,0.0000,0.0000,2101.0000,0.0000,0.0000,0.0000,0.0000,2,0,0,0,0,1,0,0,0,0
zc,WT207,2012-06-13 13:51:31.040,2068.0000,56,0,0.0000,0.0000,0,0,多换,B,2071.0000,0.0000,0.0000,0.0000,0.0000,2101.0000,0.0000,0.0000,0.0000,0.0000,2,0,0,0,0,1,0,0,0,0
zc,WT207,2012-06-13 13:51:39.807,2068.0000,56,0,0.0000,0.0000,0,0,多换,B,2071.0000,0.0000,0.0000,0.0000,0.0000,2099.0000,0.0000,0.0000,0.0000,0.0000,2,0,0,0,0,2,0,0,0,0
zc,WT207,2012-06-13 13:51:51.823,2068.0000,56,0,0.0000,0.0000,0,0,多换,B,2071.0000,0.0000,0.0000,0.0000,0.0000,2098.0000,0.0000,0.0000,0.0000,0.0000,2,0,0,0,0,1,0,0,0,0
zc,WT207,2012-06-13 13:53:31.040,2068.0000,56,0,0.0000,0.0000,0,0,多换,B,2071.0000,0.0000,0.0000,0.0000,0.0000,2098.0000,0.0000,0.0000,0.0000,0.0000,2,0,0,0,0,1,0,0,0,0
zc,WT207,2012-06-13 13:58:31.027,2068.0000,56,0,0.0000,0.0000,0,0,多换,B,2071.0000,0.0000,0.0000,0.0000,0.0000,2098.0000,0.0000,0.0000,0.0000,0.0000,2,0,0,0,0,1,0,0,0,0
zc,WT207,2012-06-13 14:00:31.010,2068.0000,56,0,0.0000,0.0000,0,0,多换,B,2071.0000,0.0000,0.0000,0.0000,0.0000,2098.0000,0.0000,0.0000,0.0000,0.0000,2,0,0,0,0,1,0,0,0,0
zc,WT207,2012-06-13 14:01:31.027,2068.0000,56,0,0.0000,0.0000,0,0,多换,B,2071.0000,0.0000,0.0000,0.0000,0.0000,2098.0000,0.0000,0.0000,0.0000,0.0000,2,0,0,0,0,1,0,0,0,0
zc,WT207,2012-06-13 14:02:31.027,2068.0000,56,0,0.0000,0.0000,0,0,多换,B,2071.0000,0.0000,0.0000,0.0000,0.0000,2098.0000,0.0000,0.0000,0.0000,0.0000,2,0,0,0,0,1,0,0,0,0
zc,WT207,2012-06-13 14:02:57.557,2068.0000,56,0,0.0000,0.0000,0,0,多换,B,2070.0000,0.0000,0.0000,0.0000,0.0000,2098.0000,0.0000,0.0000,0.0000,0.0000,2,0,0,0,0,1,0,0,0,0
zc,WT207,2012-06-13 14:03:47.527,2068.0000,56,0,0.0000,0.0000,0,0,多换,B,2071.0000,0.0000,0.0000,0.0000,0.0000,2098.0000,0.0000,0.0000,0.0000,0.0000,1,0,0,0,0,1,0,0,0,0
zc,WT207,2012-06-13 14:03:56.290,2068.0000,56,0,0.0000,0.0000,0,0,多换,B,2070.0000,0.0000,0.0000,0.0000,0.0000,2098.0000,0.0000,0.0000,0.0000,0.0000,2,0,0,0,0,1,0,0,0,0
zc,WT207,2012-06-13 14:04:22.540,2068.0000,56,0,0.0000,0.0000,0,0,多换,B,2071.0000,0.0000,0.0000,0.0000,0.0000,2098.0000,0.0000,0.0000,0.0000,0.0000,5,0,0,0,0,1,0,0,0,0
zc,WT207,2012-06-13 14:04:26.010,2068.0000,56,0,0.0000,0.0000,0,0,多换,B,2071.0000,0.0000,0.0000,0.0000,0.0000,2098.0000,0.0000,0.0000,0.0000,0.0000,6,0,0,0,0,1,0,0,0,0
zc,WT207,2012-06-13 14:04:31.010,2068.0000,56,0,0.0000,0.0000,0,0,多换,B,2071.0000,0.0000,0.0000,0.0000,0.0000,2098.0000,0.0000,0.0000,0.0000,0.0000,6,0,0,0,0,1,0,0,0,0
zc,WT207,2012-06-13 14:05:24.290,2068.0000,56,0,0.0000,0.0000,0,0,多换,B,2071.0000,0.0000,0.0000,0.0000,0.0000,2097.0000,0.0000,0.0000,0.0000,0.0000,6,0,0,0,0,1,0,0,0,0
zc,WT207,2012-06-13 14:09:26.993,2068.0000,56,0,0.0000,0.0000,0,0,多换,B,2071.0000,0.0000,0.0000,0.0000,0.0000,2097.0000,0.0000,0.0000,0.0000,0.0000,5,0,0,0,0,1,0,0,0,0
zc,WT207,2012-06-13 14:09:31.027,2068.0000,56,0,0.0000,0.0000,0,0,多换,B,2071.0000,0.0000,0.0000,0.0000,0.0000,2097.0000,0.0000,0.0000,0.0000,0.0000,5,0,0,0,0,1,0,0,0,0
zc,WT207,2012-06-13 14:10:35.557,2068.0000,56,0,0.0000,0.0000,0,0,多换,B,2071.0000,0.0000,0.0000,0.0000,0.0000,2097.0000,0.0000,0.0000,0.0000,0.0000,6,0,0,0,0,1,0,0,0,0
zc,WT207,2012-06-13 14:10:50.777,2068.0000,56,0,0.0000,0.0000,0,0,多换,B,2071.0000,0.0000,0.0000,0.0000,0.0000,2097.0000,0.0000,0.0000,0.0000,0.0000,5,0,0,0,0,1,0,0,0,0
zc,WT207,2012-06-13 14:11:45.010,2068.0000,56,0,0.0000,0.0000,0,0,多换,B,2071.0000,0.0000,0.0000,0.0000,0.0000,2097.0000,0.0000,0.0000,0.0000,0.0000,6,0,0,0,0,1,0,0,0,0
zc,WT207,2012-06-13 14:12:31.010,2068.0000,56,0,0.0000,0.0000,0,0,多换,B,2071.0000,0.0000,0.0000,0.0000,0.0000,2097.0000,0.0000,0.0000,0.0000,0.0000,6,0,0,0,0,1,0,0,0,0
zc,WT207,2012-06-13 14:13:48.540,2068.0000,56,0,0.0000,0.0000,0,0,多换,B,2071.0000,0.0000,0.0000,0.0000,0.0000,2097.0000,0.0000,0.0000,0.0000,0.0000,5,0,0,0,0,1,0,0,0,0
zc,WT207,2012-06-13 14:15:31.040,2068.0000,56,0,0.0000,0.0000,0,0,多换,B,2071.0000,0.0000,0.0000,0.0000,0.0000,2097.0000,0.0000,0.0000,0.0000,0.0000,5,0,0,0,0,1,0,0,0,0
zc,WT207,2012-06-13 14:17:19.527,2068.0000,56,0,0.0000,0.0000,0,0,多换,B,2071.0000,0.0000,0.0000,0.0000,0.0000,2096.0000,0.0000,0.0000,0.0000,0.0000,5,0,0,0,0,1,0,0,0,0
zc,WT207,2012-06-13 14:19:31.010,2068.0000,56,0,0.0000,0.0000,0,0,多换,B,2071.0000,0.0000,0.0000,0.0000,0.0000,2096.0000,0.0000,0.0000,0.0000,0.0000,5,0,0,0,0,1,0,0,0,0
zc,WT207,2012-06-13 14:20:09.057,2068.0000,56,0,0.0000,0.0000,0,0,多换,B,2071.0000,0.0000,0.0000,0.0000,0.0000,2095.0000,0.0000,0.0000,0.0000,0.0000,5,0,0,0,0,1,0,0,0,0
zc,WT207,2012-06-13 14:22:37.760,2068.0000,56,0,0.0000,0.0000,0,0,多换,B,2071.0000,0.0000,0.0000,0.0000,0.0000,2094.0000,0.0000,0.0000,0.0000,0.0000,5,0,0,0,0,1,0,0,0,0
zc,WT207,2012-06-13 14:23:31.010,2068.0000,56,0,0.0000,0.0000,0,0,多换,B,2071.0000,0.0000,0.0000,0.0000,0.0000,2094.0000,0.0000,0.0000,0.0000,0.0000,5,0,0,0,0,1,0,0,0,0
zc,WT207,2012-06-13 14:24:31.027,2068.0000,56,0,0.0000,0.0000,0,0,多换,B,2071.0000,0.0000,0.0000,0.0000,0.0000,2094.0000,0.0000,0.0000,0.0000,0.0000,5,0,0,0,0,1,0,0,0,0
zc,WT207,2012-06-13 14:28:31.010,2068.0000,56,0,0.0000,0.0000,0,0,多换,B,2071.0000,0.0000,0.0000,0.0000,0.0000,2094.0000,0.0000,0.0000,0.0000,0.0000,5,0,0,0,0,1,0,0,0,0
zc,WT207,2012-06-13 14:29:31.010,2068.0000,56,0,0.0000,0.0000,0,0,多换,B,2071.0000,0.0000,0.0000,0.0000,0.0000,2094.0000,0.0000,0.0000,0.0000,0.0000,5,0,0,0,0,1,0,0,0,0
zc,WT207,2012-06-13 14:29:32.307,2068.0000,56,0,0.0000,0.0000,0,0,多换,B,2071.0000,0.0000,0.0000,0.0000,0.0000,2093.0000,0.0000,0.0000,0.0000,0.0000,5,0,0,0,0,1,0,0,0,0
zc,WT207,2012-06-13 14:29:55.540,2068.0000,56,0,0.0000,0.0000,0,0,多换,B,2071.0000,0.0000,0.0000,0.0000,0.0000,2092.0000,0.0000,0.0000,0.0000,0.0000,5,0,0,0,0,1,0,0,0,0
zc,WT207,2012-06-13 14:30:31.027,2068.0000,56,0,0.0000,0.0000,0,0,多换,B,2071.0000,0.0000,0.0000,0.0000,0.0000,2092.0000,0.0000,0.0000,0.0000,0.0000,5,0,0,0,0,1,0,0,0,0
zc,WT207,2012-06-13 14:32:31.010,2068.0000,56,0,0.0000,0.0000,0,0,多换,B,2071.0000,0.0000,0.0000,0.0000,0.0000,2092.0000,0.0000,0.0000,0.0000,0.0000,5,0,0,0,0,1,0,0,0,0
zc,WT207,2012-06-13 14:34:31.010,2068.0000,56,0,0.0000,0.0000,0,0,多换,B,2071.0000,0.0000,0.0000,0.0000,0.0000,2092.0000,0.0000,0.0000,0.0000,0.0000,5,0,0,0,0,1,0,0,0,0
zc,WT207,2012-06-13 14:35:31.010,2068.0000,56,0,0.0000,0.0000,0,0,多换,B,2071.0000,0.0000,0.0000,0.0000,0.0000,2092.0000,0.0000,0.0000,0.0000,0.0000,5,0,0,0,0,1,0,0,0,0
zc,WT207,2012-06-13 14:36:41.323,2068.0000,56,0,0.0000,0.0000,0,0,多换,B,2069.0000,0.0000,0.0000,0.0000,0.0000,2092.0000,0.0000,0.0000,0.0000,0.0000,1,0,0,0,0,1,0,0,0,0
zc,WT207,2012-06-13 14:37:48.277,2068.0000,56,0,0.0000,0.0000,0,0,多换,B,2069.0000,0.0000,0.0000,0.0000,0.0000,2092.0000,0.0000,0.0000,0.0000,0.0000,2,0,0,0,0,1,0,0,0,0
zc,WT207,2012-06-13 14:38:02.260,2068.0000,56,0,0.0000,0.0000,0,0,多换,B,2069.0000,0.0000,0.0000,0.0000,0.0000,2092.0000,0.0000,0.0000,0.0000,0.0000,1,0,0,0,0,1,0,0,0,0
zc,WT207,2012-06-13 14:38:43.510,2068.0000,56,0,0.0000,0.0000,0,0,多换,B,2069.0000,0.0000,0.0000,0.0000,0.0000,2092.0000,0.0000,0.0000,0.0000,0.0000,2,0,0,0,0,1,0,0,0,0
zc,WT207,2012-06-13 14:38:55.637,2068.0000,56,0,0.0000,0.0000,0,0,多换,B,2069.0000,0.0000,0.0000,0.0000,0.0000,2092.0000,0.0000,0.0000,0.0000,0.0000,1,0,0,0,0,1,0,0,0,0
zc,WT207,2012-06-13 14:39:31.010,2068.0000,56,0,0.0000,0.0000,0,0,多换,B,2069.0000,0.0000,0.0000,0.0000,0.0000,2092.0000,0.0000,0.0000,0.0000,0.0000,1,0,0,0,0,1,0,0,0,0
zc,WT207,2012-06-13 14:40:31.010,2068.0000,56,0,0.0000,0.0000,0,0,多换,B,2069.0000,0.0000,0.0000,0.0000,0.0000,2092.0000,0.0000,0.0000,0.0000,0.0000,1,0,0,0,0,1,0,0,0,0
zc,WT207,2012-06-13 14:41:31.010,2068.0000,56,0,0.0000,0.0000,0,0,多换,B,2069.0000,0.0000,0.0000,0.0000,0.0000,2092.0000,0.0000,0.0000,0.0000,0.0000,1,0,0,0,0,1,0,0,0,0
zc,WT207,2012-06-13 14:42:00.540,2068.0000,56,0,0.0000,0.0000,0,0,多换,B,2069.0000,0.0000,0.0000,0.0000,0.0000,2092.0000,0.0000,0.0000,0.0000,0.0000,3,0,0,0,0,1,0,0,0,0
zc,WT207,2012-06-13 14:42:21.057,2068.0000,56,0,0.0000,0.0000,0,0,多换,B,2070.0000,0.0000,0.0000,0.0000,0.0000,2092.0000,0.0000,0.0000,0.0000,0.0000,1,0,0,0,0,1,0,0,0,0
zc,WT207,2012-06-13 14:43:39.760,2068.0000,56,0,0.0000,0.0000,0,0,多换,B,2070.0000,0.0000,0.0000,0.0000,0.0000,2092.0000,0.0000,0.0000,0.0000,0.0000,2,0,0,0,0,1,0,0,0,0
zc,WT207,2012-06-13 14:44:11.777,2068.0000,56,0,0.0000,0.0000,0,0,多换,B,2070.0000,0.0000,0.0000,0.0000,0.0000,2092.0000,0.0000,0.0000,0.0000,0.0000,1,0,0,0,0,1,0,0,0,0
zc,WT207,2012-06-13 14:47:31.010,2068.0000,56,0,0.0000,0.0000,0,0,多换,B,2070.0000,0.0000,0.0000,0.0000,0.0000,2092.0000,0.0000,0.0000,0.0000,0.0000,1,0,0,0,0,1,0,0,0,0
zc,WT207,2012-06-13 14:50:31.010,2068.0000,56,0,0.0000,0.0000,0,0,多换,B,2070.0000,0.0000,0.0000,0.0000,0.0000,2092.0000,0.0000,0.0000,0.0000,0.0000,1,0,0,0,0,1,0,0,0,0
zc,WT207,2012-06-13 14:51:31.027,2068.0000,56,0,0.0000,0.0000,0,0,多换,B,2070.0000,0.0000,0.0000,0.0000,0.0000,2092.0000,0.0000,0.0000,0.0000,0.0000,1,0,0,0,0,1,0,0,0,0
zc,WT207,2012-06-13 14:55:22.057,2068.0000,56,0,0.0000,0.0000,0,0,多换,B,2069.0000,0.0000,0.0000,0.0000,0.0000,2092.0000,0.0000,0.0000,0.0000,0.0000,3,0,0,0,0,1,0,0,0,0
zc,WT207,2012-06-13 14:55:32.040,2068.0000,56,0,0.0000,0.0000,0,0,多换,B,2070.0000,0.0000,0.0000,0.0000,0.0000,2092.0000,0.0000,0.0000,0.0000,0.0000,1,0,0,0,0,1,0,0,0,0
zc,WT207,2012-06-13 14:55:34.760,2068.0000,56,0,0.0000,0.0000,0,0,多换,B,2070.0000,0.0000,0.0000,0.0000,0.0000,2092.0000,0.0000,0.0000,0.0000,0.0000,2,0,0,0,0,1,0,0,0,0
zc,WT207,2012-06-13 14:55:48.760,2068.0000,56,0,0.0000,0.0000,0,0,多换,B,2071.0000,0.0000,0.0000,0.0000,0.0000,2092.0000,0.0000,0.0000,0.0000,0.0000,1,0,0,0,0,1,0,0,0,0
zc,WT207,2012-06-13 14:56:27.527,2068.0000,56,0,0.0000,0.0000,0,0,多换,B,2072.0000,0.0000,0.0000,0.0000,0.0000,2092.0000,0.0000,0.0000,0.0000,0.0000,1,0,0,0,0,1,0,0,0,0
zc,WT207,2012-06-13 14:56:41.087,2068.0000,56,0,0.0000,0.0000,0,0,多换,B,2071.0000,0.0000,0.0000,0.0000,0.0000,2092.0000,0.0000,0.0000,0.0000,0.0000,1,0,0,0,0,1,0,0,0,0
zc,WT207,2012-06-13 14:57:17.557,2068.0000,56,0,0.0000,0.0000,0,0,多换,B,2071.0000,0.0000,0.0000,0.0000,0.0000,2092.0000,0.0000,0.0000,0.0000,0.0000,2,0,0,0,0,1,0,0,0,0
zc,WT207,2012-06-13 14:57:31.010,2068.0000,56,0,0.0000,0.0000,0,0,多换,B,2071.0000,0.0000,0.0000,0.0000,0.0000,2092.0000,0.0000,0.0000,0.0000,0.0000,2,0,0,0,0,1,0,0,0,0
zc,WT207,2012-06-13 14:57:41.027,2068.0000,56,0,0.0000,0.0000,0,0,多换,B,2071.0000,0.0000,0.0000,0.0000,0.0000,2092.0000,0.0000,0.0000,0.0000,0.0000,1,0,0,0,0,1,0,0,0,0
zc,WT207,2012-06-13 14:57:49.073,2068.0000,56,0,0.0000,0.0000,0,0,多换,B,2070.0000,0.0000,0.0000,0.0000,0.0000,2092.0000,0.0000,0.0000,0.0000,0.0000,1,0,0,0,0,1,0,0,0,0
zc,WT207,2012-06-13 14:58:07.527,2068.0000,56,0,0.0000,0.0000,0,0,多换,B,2070.0000,0.0000,0.0000,0.0000,0.0000,2092.0000,0.0000,0.0000,0.0000,0.0000,2,0,0,0,0,1,0,0,0,0
zc,WT207,2012-06-13 14:58:31.010,2068.0000,56,0,0.0000,0.0000,0,0,多换,B,2070.0000,0.0000,0.0000,0.0000,0.0000,2092.0000,0.0000,0.0000,0.0000,0.0000,2,0,0,0,0,1,0,0,0,0
zc,WT207,2012-06-13 14:58:50.337,2068.0000,56,0,0.0000,0.0000,0,0,多换,B,2071.0000,0.0000,0.0000,0.0000,0.0000,2092.0000,0.0000,0.0000,0.0000,0.0000,1,0,0,0,0,1,0,0,0,0
zc,WT207,2012-06-13 14:59:02.807,2068.0000,56,0,0.0000,0.0000,0,0,多换,B,2074.0000,0.0000,0.0000,0.0000,0.0000,2092.0000,0.0000,0.0000,0.0000,0.0000,2,0,0,0,0,1,0,0,0,0
zc,WT207,2012-06-13 14:59:20.370,2068.0000,56,0,0.0000,0.0000,0,0,多换,B,2071.0000,0.0000,0.0000,0.0000,0.0000,2092.0000,0.0000,0.0000,0.0000,0.0000,1,0,0,0,0,1,0,0,0,0
zc,WT207,2012-06-13 14:59:54.370,2068.0000,56,0,0.0000,0.0000,0,0,多换,B,2071.0000,0.0000,0.0000,0.0000,0.0000,2114.0000,0.0000,0.0000,0.0000,0.0000,1,0,0,0,0,1,0,0,0,0
zc,WT207,2012-06-13 15:00:05.243,2068.0000,56,0,0.0000,0.0000,0,0,多换,B,2071.0000,0.0000,0.0000,0.0000,0.0000,2114.0000,0.0000,0.0000,0.0000,0.0000,1,0,0,0,0,1,0,0,0,0
zc,WT207,2012-06-13 15:00:30.993,2068.0000,56,0,0.0000,0.0000,0,0,多换,B,2071.0000,0.0000,0.0000,0.0000,0.0000,2114.0000,0.0000,0.0000,0.0000,0.0000,1,0,0,0,0,1,0,0,0,0
zc,WT207,2012-06-13 15:07:30.980,2068.0000,56,0,0.0000,0.0000,0,0,多换,B,2071.0000,0.0000,0.0000,0.0000,0.0000,2114.0000,0.0000,0.0000,0.0000,0.0000,1,0,0,0,0,1,0,0,0,0
zc,WT207,2012-06-13 15:08:30.980,2068.0000,56,0,0.0000,0.0000,0,0,多换,B,2071.0000,0.0000,0.0000,0.0000,0.0000,2114.0000,0.0000,0.0000,0.0000,0.0000,1,0,0,0,0,1,0,0,0,0
zc,WT207,2012-06-13 15:11:30.980,2068.0000,56,0,0.0000,0.0000,0,0,多换,B,2071.0000,0.0000,0.0000,0.0000,0.0000,2114.0000,0.0000,0.0000,0.0000,0.0000,1,0,0,0,0,1,0,0,0,0
zc,WT207,2012-06-13 15:15:30.980,2068.0000,56,0,0.0000,0.0000,0,0,多换,B,2071.0000,0.0000,0.0000,0.0000,0.0000,2114.0000,0.0000,0.0000,0.0000,0.0000,1,0,0,0,0,1,0,0,0,0
zc,WT207,2012-06-13 15:18:30.963,2068.0000,56,0,0.0000,0.0000,0,0,多换,B,2071.0000,0.0000,0.0000,0.0000,0.0000,2114.0000,0.0000,0.0000,0.0000,0.0000,1,0,0,0,0,1,0,0,0,0
zc,WT207,2012-06-13 15:19:30.963,2068.0000,56,0,0.0000,0.0000,0,0,多换,B,2071.0000,0.0000,0.0000,0.0000,0.0000,2114.0000,0.0000,0.0000,0.0000,0.0000,1,0,0,0,0,1,0,0,0,0
