市场代码,合约代码,时间,最新,持仓,增仓,成交额,成交量,开仓,平仓,成交类型,方向,买一价,买二价,买三价,买四价,买五价,卖一价,卖二价,卖三价,卖四价,卖五价,买一量,买二量,买三量,买四量,买五量,卖一量,卖二量,卖三量,卖四量,卖五量
zc,TA209,2012-06-27 07:55:57.940,0.0000,438572,0,0.0000,0.0000,0,0,空换,S,0.0000,0.0000,0.0000,0.0000,0.0000,0.0000,0.0000,0.0000,0.0000,0.0000,0,0,0,0,0,0,0,0,0,0
zc,TA209,2012-06-27 07:56:57.940,0.0000,438572,0,0.0000,0.0000,0,0,空换,S,0.0000,0.0000,0.0000,0.0000,0.0000,0.0000,0.0000,0.0000,0.0000,0.0000,0,0,0,0,0,0,0,0,0,0
zc,TA209,2012-06-27 08:00:57.940,0.0000,438572,0,0.0000,0.0000,0,0,空换,S,0.0000,0.0000,0.0000,0.0000,0.0000,0.0000,0.0000,0.0000,0.0000,0.0000,0,0,0,0,0,0,0,0,0,0
zc,TA209,2012-06-27 08:01:57.940,0.0000,438572,0,0.0000,0.0000,0,0,空换,S,0.0000,0.0000,0.0000,0.0000,0.0000,0.0000,0.0000,0.0000,0.0000,0.0000,0,0,0,0,0,0,0,0,0,0
zc,TA209,2012-06-27 08:08:57.940,0.0000,438572,0,0.0000,0.0000,0,0,空换,S,0.0000,0.0000,0.0000,0.0000,0.0000,0.0000,0.0000,0.0000,0.0000,0.0000,0,0,0,0,0,0,0,0,0,0
zc,TA209,2012-06-27 08:09:57.940,0.0000,438572,0,0.0000,0.0000,0,0,空换,S,0.0000,0.0000,0.0000,0.0000,0.0000,0.0000,0.0000,0.0000,0.0000,0.0000,0,0,0,0,0,0,0,0,0,0
zc,TA209,2012-06-27 08:10:57.940,0.0000,438572,0,0.0000,0.0000,0,0,空换,S,0.0000,0.0000,0.0000,0.0000,0.0000,0.0000,0.0000,0.0000,0.0000,0.0000,0,0,0,0,0,0,0,0,0,0
zc,TA209,2012-06-27 08:12:57.940,0.0000,438572,0,0.0000,0.0000,0,0,空换,S,0.0000,0.0000,0.0000,0.0000,0.0000,0.0000,0.0000,0.0000,0.0000,0.0000,0,0,0,0,0,0,0,0,0,0
zc,TA209,2012-06-27 08:16:57.957,0.0000,438572,0,0.0000,0.0000,0,0,空换,S,0.0000,0.0000,0.0000,0.0000,0.0000,0.0000,0.0000,0.0000,0.0000,0.0000,0,0,0,0,0,0,0,0,0,0
zc,TA209,2012-06-27 08:19:57.940,0.0000,438572,0,0.0000,0.0000,0,0,空换,S,0.0000,0.0000,0.0000,0.0000,0.0000,0.0000,0.0000,0.0000,0.0000,0.0000,0,0,0,0,0,0,0,0,0,0
zc,TA209,2012-06-27 08:20:57.940,0.0000,438572,0,0.0000,0.0000,0,0,空换,S,0.0000,0.0000,0.0000,0.0000,0.0000,0.0000,0.0000,0.0000,0.0000,0.0000,0,0,0,0,0,0,0,0,0,0
zc,TA209,2012-06-27 08:21:57.957,0.0000,438572,0,0.0000,0.0000,0,0,空换,S,0.0000,0.0000,0.0000,0.0000,0.0000,0.0000,0.0000,0.0000,0.0000,0.0000,0,0,0,0,0,0,0,0,0,0
zc,TA209,2012-06-27 08:29:13.737,0.0000,438572,0,0.0000,0.0000,0,0,空换,S,0.0000,0.0000,0.0000,0.0000,0.0000,0.0000,0.0000,0.0000,0.0000,0.0000,0,0,0,0,0,0,0,0,0,0
zc,TA209,2012-06-27 08:32:13.737,0.0000,438572,0,0.0000,0.0000,0,0,空换,S,0.0000,0.0000,0.0000,0.0000,0.0000,0.0000,0.0000,0.0000,0.0000,0.0000,0,0,0,0,0,0,0,0,0,0
zc,TA209,2012-06-27 08:36:13.737,0.0000,438572,0,0.0000,0.0000,0,0,空换,S,0.0000,0.0000,0.0000,0.0000,0.0000,0.0000,0.0000,0.0000,0.0000,0.0000,0,0,0,0,0,0,0,0,0,0
zc,TA209,2012-06-27 08:51:13.737,0.0000,438572,0,0.0000,0.0000,0,0,空换,S,0.0000,0.0000,0.0000,0.0000,0.0000,0.0000,0.0000,0.0000,0.0000,0.0000,0,0,0,0,0,0,0,0,0,0
zc,TA209,2012-06-27 08:53:13.770,0.0000,438572,0,0.0000,0.0000,0,0,空换,S,0.0000,0.0000,0.0000,0.0000,0.0000,0.0000,0.0000,0.0000,0.0000,0.0000,0,0,0,0,0,0,0,0,0,0
zc,TA209,2012-06-27 08:55:02.020,0.0000,438572,0,0.0000,0.0000,0,0,空换,S,0.0000,0.0000,0.0000,0.0000,0.0000,0.0000,0.0000,0.0000,0.0000,0.0000,0,0,0,0,0,0,0,0,0,0
zc,TA209,2012-06-27 08:55:08.487,0.0000,438572,0,0.0000,0.0000,0,0,空换,S,0.0000,0.0000,0.0000,0.0000,0.0000,0.0000,0.0000,0.0000,0.0000,0.0000,0,0,0,0,0,0,0,0,0,0
zc,TA209,2012-06-27 08:55:10.487,0.0000,438572,0,0.0000,0.0000,0,0,空换,S,0.0000,0.0000,0.0000,0.0000,0.0000,0.0000,0.0000,0.0000,0.0000,0.0000,0,0,0,0,0,0,0,0,0,0
zc,TA209,2012-06-27 08:55:13.770,0.0000,438572,0,0.0000,0.0000,0,0,空换,S,0.0000,0.0000,0.0000,0.0000,0.0000,0.0000,0.0000,0.0000,0.0000,0.0000,0,0,0,0,0,0,0,0,0,0
zc,TA209,2012-06-27 08:55:14.487,0.0000,438572,0,0.0000,0.0000,0,0,空换,S,0.0000,0.0000,0.0000,0.0000,0.0000,0.0000,0.0000,0.0000,0.0000,0.0000,0,0,0,0,0,0,0,0,0,0
zc,TA209,2012-06-27 08:55:16.487,0.0000,438572,0,0.0000,0.0000,0,0,空换,S,0.0000,0.0000,0.0000,0.0000,0.0000,0.0000,0.0000,0.0000,0.0000,0.0000,0,0,0,0,0,0,0,0,0,0
zc,TA209,2012-06-27 08:55:17.237,0.0000,438572,0,0.0000,0.0000,0,0,空换,S,0.0000,0.0000,0.0000,0.0000,0.0000,0.0000,0.0000,0.0000,0.0000,0.0000,0,0,0,0,0,0,0,0,0,0
zc,TA209,2012-06-27 08:56:33.737,0.0000,438572,0,0.0000,0.0000,0,0,空换,S,0.0000,0.0000,0.0000,0.0000,0.0000,0.0000,0.0000,0.0000,0.0000,0.0000,0,0,0,0,0,0,0,0,0,0
zc,TA209,2012-06-27 08:56:37.003,0.0000,438572,0,0.0000,0.0000,0,0,空换,S,0.0000,0.0000,0.0000,0.0000,0.0000,0.0000,0.0000,0.0000,0.0000,0.0000,0,0,0,0,0,0,0,0,0,0
zc,TA209,2012-06-27 08:56:37.487,0.0000,438572,0,0.0000,0.0000,0,0,空换,S,0.0000,0.0000,0.0000,0.0000,0.0000,0.0000,0.0000,0.0000,0.0000,0.0000,0,0,0,0,0,0,0,0,0,0
zc,TA209,2012-06-27 08:56:38.487,0.0000,438572,0,0.0000,0.0000,0,0,空换,S,0.0000,0.0000,0.0000,0.0000,0.0000,0.0000,0.0000,0.0000,0.0000,0.0000,0,0,0,0,0,0,0,0,0,0
zc,TA209,2012-06-27 08:56:40.253,0.0000,438572,0,0.0000,0.0000,0,0,空换,S,0.0000,0.0000,0.0000,0.0000,0.0000,0.0000,0.0000,0.0000,0.0000,0.0000,0,0,0,0,0,0,0,0,0,0
zc,TA209,2012-06-27 08:56:47.737,0.0000,438572,0,0.0000,0.0000,0,0,空换,S,0.0000,0.0000,0.0000,0.0000,0.0000,0.0000,0.0000,0.0000,0.0000,0.0000,0,0,0,0,0,0,0,0,0,0
zc,TA209,2012-06-27 08:57:13.737,0.0000,438572,0,0.0000,0.0000,0,0,空换,S,0.0000,0.0000,0.0000,0.0000,0.0000,0.0000,0.0000,0.0000,0.0000,0.0000,0,0,0,0,0,0,0,0,0,0
zc,TA209,2012-06-27 08:57:54.737,0.0000,438572,0,0.0000,0.0000,0,0,空换,S,0.0000,0.0000,0.0000,0.0000,0.0000,0.0000,0.0000,0.0000,0.0000,0.0000,0,0,0,0,0,0,0,0,0,0
zc,TA209,2012-06-27 08:59:01.677,7110.0000,438280,-292,0.0000,1226.0000,467,759,空平,B,7110.0000,0.0000,0.0000,0.0000,0.0000,7112.0000,0.0000,0.0000,0.0000,0.0000,310,0,0,0,0,6,0,0,0,0
zc,TA209,2012-06-27 09:00:01.237,7110.0000,438262,-18,0.0000,18.0000,0,18,双平,B,7110.0000,0.0000,0.0000,0.0000,0.0000,7112.0000,0.0000,0.0000,0.0000,0.0000,301,0,0,0,0,6,0,0,0,0
zc,TA209,2012-06-27 09:00:02.427,7114.0000,438244,-18,0.0000,654.0000,318,336,空平,B,7114.0000,0.0000,0.0000,0.0000,0.0000,7116.0000,0.0000,0.0000,0.0000,0.0000,74,0,0,0,0,54,0,0,0,0
zc,TA209,2012-06-27 09:00:03.160,7114.0000,437954,-290,0.0000,1010.0000,360,650,空平,B,7114.0000,0.0000,0.0000,0.0000,0.0000,7116.0000,0.0000,0.0000,0.0000,0.0000,2,0,0,0,0,79,0,0,0,0
zc,TA209,2012-06-27 09:00:03.893,7116.0000,437766,-188,0.0000,620.0000,216,404,空平,B,7108.0000,0.0000,0.0000,0.0000,0.0000,7116.0000,0.0000,0.0000,0.0000,0.0000,19,0,0,0,0,23,0,0,0,0
zc,TA209,2012-06-27 09:00:04.660,7114.0000,437708,-58,0.0000,210.0000,76,134,多平,S,7112.0000,0.0000,0.0000,0.0000,0.0000,7114.0000,0.0000,0.0000,0.0000,0.0000,3,0,0,0,0,69,0,0,0,0
zc,TA209,2012-06-27 09:00:05.097,7108.0000,437308,-400,0.0000,958.0000,279,679,多平,S,7106.0000,0.0000,0.0000,0.0000,0.0000,7108.0000,0.0000,0.0000,0.0000,0.0000,42,0,0,0,0,184,0,0,0,0
zc,TA209,2012-06-27 09:00:05.863,7106.0000,437420,112,0.0000,202.0000,157,45,空开,S,7104.0000,0.0000,0.0000,0.0000,0.0000,7106.0000,0.0000,0.0000,0.0000,0.0000,45,0,0,0,0,134,0,0,0,0
zc,TA209,2012-06-27 09:00:06.347,7104.0000,437688,268,0.0000,354.0000,311,43,空开,S,7102.0000,0.0000,0.0000,0.0000,0.0000,7104.0000,0.0000,0.0000,0.0000,0.0000,285,0,0,0,0,50,0,0,0,0
zc,TA209,2012-06-27 09:00:07.097,7106.0000,437738,50,0.0000,256.0000,153,103,多开,B,7102.0000,0.0000,0.0000,0.0000,0.0000,7104.0000,0.0000,0.0000,0.0000,0.0000,287,0,0,0,0,1,0,0,0,0
zc,TA209,2012-06-27 09:00:07.580,7106.0000,437256,-482,0.0000,500.0000,9,491,空平,B,7104.0000,0.0000,0.0000,0.0000,0.0000,7106.0000,0.0000,0.0000,0.0000,0.0000,9,0,0,0,0,195,0,0,0,0
zc,TA209,2012-06-27 09:00:08.347,7104.0000,437076,-180,0.0000,230.0000,25,205,多平,S,7104.0000,0.0000,0.0000,0.0000,0.0000,7106.0000,0.0000,0.0000,0.0000,0.0000,4,0,0,0,0,83,0,0,0,0
zc,TA209,2012-06-27 09:00:09.080,7102.0000,437060,-16,0.0000,84.0000,34,50,多平,S,7102.0000,0.0000,0.0000,0.0000,0.0000,7104.0000,0.0000,0.0000,0.0000,0.0000,276,0,0,0,0,117,0,0,0,0
zc,TA209,2012-06-27 09:00:09.863,7104.0000,436998,-62,0.0000,110.0000,24,86,空平,B,7102.0000,0.0000,0.0000,0.0000,0.0000,7104.0000,0.0000,0.0000,0.0000,0.0000,259,0,0,0,0,97,0,0,0,0
zc,TA209,2012-06-27 09:00:10.347,7104.0000,436754,-244,0.0000,340.0000,48,292,空平,B,7104.0000,0.0000,0.0000,0.0000,0.0000,7106.0000,0.0000,0.0000,0.0000,0.0000,107,0,0,0,0,64,0,0,0,0
zc,TA209,2012-06-27 09:00:11.080,7106.0000,436778,24,0.0000,72.0000,48,24,多开,B,7104.0000,0.0000,0.0000,0.0000,0.0000,7106.0000,0.0000,0.0000,0.0000,0.0000,327,0,0,0,0,45,0,0,0,0
zc,TA209,2012-06-27 09:00:11.830,7106.0000,436916,138,0.0000,462.0000,300,162,多开,B,7106.0000,0.0000,0.0000,0.0000,0.0000,7108.0000,0.0000,0.0000,0.0000,0.0000,137,0,0,0,0,162,0,0,0,0
zc,TA209,2012-06-27 09:00:12.597,7108.0000,437118,202,0.0000,420.0000,311,109,多开,B,7108.0000,0.0000,0.0000,0.0000,0.0000,7110.0000,0.0000,0.0000,0.0000,0.0000,5,0,0,0,0,37,0,0,0,0
zc,TA209,2012-06-27 09:00:13.097,7108.0000,437114,-4,0.0000,60.0000,28,32,空平,B,7108.0000,0.0000,0.0000,0.0000,0.0000,7110.0000,0.0000,0.0000,0.0000,0.0000,39,0,0,0,0,40,0,0,0,0
zc,TA209,2012-06-27 09:00:13.927,7108.0000,437120,6,0.0000,14.0000,10,4,多开,B,7108.0000,0.0000,0.0000,0.0000,0.0000,7110.0000,0.0000,0.0000,0.0000,0.0000,116,0,0,0,0,39,0,0,0,0
zc,TA209,2012-06-27 09:00:14.363,7108.0000,437170,50,0.0000,122.0000,86,36,多开,B,7108.0000,0.0000,0.0000,0.0000,0.0000,7110.0000,0.0000,0.0000,0.0000,0.0000,109,0,0,0,0,27,0,0,0,0
zc,TA209,2012-06-27 09:00:15.067,7110.0000,437220,50,0.0000,58.0000,54,4,多开,B,7108.0000,0.0000,0.0000,0.0000,0.0000,7110.0000,0.0000,0.0000,0.0000,0.0000,54,0,0,0,0,10,0,0,0,0
zc,TA209,2012-06-27 09:00:15.580,7108.0000,437320,100,0.0000,178.0000,139,39,空开,S,7110.0000,0.0000,0.0000,0.0000,0.0000,7112.0000,0.0000,0.0000,0.0000,0.0000,3,0,0,0,0,20,0,0,0,0
zc,TA209,2012-06-27 09:00:16.567,7110.0000,437314,-6,0.0000,68.0000,31,37,空平,B,7110.0000,0.0000,0.0000,0.0000,0.0000,7112.0000,0.0000,0.0000,0.0000,0.0000,83,0,0,0,0,28,0,0,0,0
zc,TA209,2012-06-27 09:00:16.830,7112.0000,437348,34,0.0000,154.0000,94,60,多开,B,7110.0000,0.0000,0.0000,0.0000,0.0000,7112.0000,0.0000,0.0000,0.0000,0.0000,46,0,0,0,0,19,0,0,0,0
zc,TA209,2012-06-27 09:00:17.830,7110.0000,437356,8,0.0000,110.0000,59,51,空开,S,7110.0000,0.0000,0.0000,0.0000,0.0000,7112.0000,0.0000,0.0000,0.0000,0.0000,39,0,0,0,0,3,0,0,0,0
zc,TA209,2012-06-27 09:00:18.347,7112.0000,437502,146,0.0000,186.0000,166,20,多开,B,7110.0000,0.0000,0.0000,0.0000,0.0000,7112.0000,0.0000,0.0000,0.0000,0.0000,13,0,0,0,0,30,0,0,0,0
zc,TA209,2012-06-27 09:00:19.097,7110.0000,437524,22,0.0000,52.0000,37,15,空开,S,7110.0000,0.0000,0.0000,0.0000,0.0000,7112.0000,0.0000,0.0000,0.0000,0.0000,4,0,0,0,0,86,0,0,0,0
zc,TA209,2012-06-27 09:00:19.800,7110.0000,437526,2,0.0000,4.0000,3,1,空开,S,7110.0000,0.0000,0.0000,0.0000,0.0000,7112.0000,0.0000,0.0000,0.0000,0.0000,3,0,0,0,0,92,0,0,0,0
zc,TA209,2012-06-27 09:00:20.863,7110.0000,437560,34,0.0000,72.0000,53,19,空开,S,7108.0000,0.0000,0.0000,0.0000,0.0000,7110.0000,0.0000,0.0000,0.0000,0.0000,51,0,0,0,0,14,0,0,0,0
zc,TA209,2012-06-27 09:00:21.317,7112.0000,437652,92,0.0000,248.0000,170,78,多开,B,7112.0000,0.0000,0.0000,0.0000,0.0000,7114.0000,0.0000,0.0000,0.0000,0.0000,11,0,0,0,0,101,0,0,0,0
zc,TA209,2012-06-27 09:00:21.830,7112.0000,437688,36,0.0000,66.0000,51,15,多开,B,7112.0000,0.0000,0.0000,0.0000,0.0000,7114.0000,0.0000,0.0000,0.0000,0.0000,85,0,0,0,0,99,0,0,0,0
zc,TA209,2012-06-27 09:00:22.550,7110.0000,437690,2,0.0000,196.0000,99,97,空开,S,7110.0000,0.0000,0.0000,0.0000,0.0000,7112.0000,0.0000,0.0000,0.0000,0.0000,16,0,0,0,0,75,0,0,0,0
zc,TA209,2012-06-27 09:00:23.067,7110.0000,437702,12,0.0000,22.0000,17,5,空开,S,7110.0000,0.0000,0.0000,0.0000,0.0000,7112.0000,0.0000,0.0000,0.0000,0.0000,9,0,0,0,0,114,0,0,0,0
zc,TA209,2012-06-27 09:00:23.863,7110.0000,437712,10,0.0000,24.0000,17,7,空开,S,7108.0000,0.0000,0.0000,0.0000,0.0000,7110.0000,0.0000,0.0000,0.0000,0.0000,54,0,0,0,0,3,0,0,0,0
zc,TA209,2012-06-27 09:00:24.330,7110.0000,437698,-14,0.0000,66.0000,26,40,多平,S,7108.0000,0.0000,0.0000,0.0000,0.0000,7110.0000,0.0000,0.0000,0.0000,0.0000,53,0,0,0,0,52,0,0,0,0
zc,TA209,2012-06-27 09:00:25.050,7110.0000,437686,-12,0.0000,30.0000,9,21,多平,S,7108.0000,0.0000,0.0000,0.0000,0.0000,7110.0000,0.0000,0.0000,0.0000,0.0000,47,0,0,0,0,48,0,0,0,0
zc,TA209,2012-06-27 09:00:25.580,7108.0000,437684,-2,0.0000,14.0000,6,8,多平,S,7108.0000,0.0000,0.0000,0.0000,0.0000,7110.0000,0.0000,0.0000,0.0000,0.0000,43,0,0,0,0,59,0,0,0,0
zc,TA209,2012-06-27 09:00:26.330,7110.0000,437712,28,0.0000,138.0000,83,55,多开,B,7108.0000,0.0000,0.0000,0.0000,0.0000,7110.0000,0.0000,0.0000,0.0000,0.0000,34,0,0,0,0,68,0,0,0,0
zc,TA209,2012-06-27 09:00:27.080,7110.0000,437684,-28,0.0000,196.0000,84,112,空平,B,7110.0000,0.0000,0.0000,0.0000,0.0000,7112.0000,0.0000,0.0000,0.0000,0.0000,45,0,0,0,0,146,0,0,0,0
zc,TA209,2012-06-27 09:00:27.580,7110.0000,437656,-28,0.0000,44.0000,8,36,空平,B,7110.0000,0.0000,0.0000,0.0000,0.0000,7112.0000,0.0000,0.0000,0.0000,0.0000,37,0,0,0,0,143,0,0,0,0
zc,TA209,2012-06-27 09:00:28.330,7108.0000,437566,-90,0.0000,202.0000,56,146,多平,S,7106.0000,0.0000,0.0000,0.0000,0.0000,7108.0000,0.0000,0.0000,0.0000,0.0000,18,0,0,0,0,7,0,0,0,0
zc,TA209,2012-06-27 09:00:28.817,7112.0000,437544,-22,0.0000,72.0000,25,47,空平,B,7110.0000,0.0000,0.0000,0.0000,0.0000,7112.0000,0.0000,0.0000,0.0000,0.0000,107,0,0,0,0,128,0,0,0,0
zc,TA209,2012-06-27 09:00:29.347,7108.0000,437544,0,0.0000,228.0000,114,114,空换,S,7106.0000,0.0000,0.0000,0.0000,0.0000,7108.0000,0.0000,0.0000,0.0000,0.0000,32,0,0,0,0,14,0,0,0,0
zc,TA209,2012-06-27 09:00:30.097,7108.0000,437562,18,0.0000,24.0000,21,3,空开,S,7106.0000,0.0000,0.0000,0.0000,0.0000,7108.0000,0.0000,0.0000,0.0000,0.0000,27,0,0,0,0,250,0,0,0,0
zc,TA209,2012-06-27 09:00:30.580,7108.0000,437574,12,0.0000,80.0000,46,34,空开,S,7106.0000,0.0000,0.0000,0.0000,0.0000,7108.0000,0.0000,0.0000,0.0000,0.0000,20,0,0,0,0,214,0,0,0,0
zc,TA209,2012-06-27 09:00:31.080,7106.0000,437550,-24,0.0000,68.0000,22,46,多平,S,7104.0000,0.0000,0.0000,0.0000,0.0000,7106.0000,0.0000,0.0000,0.0000,0.0000,146,0,0,0,0,24,0,0,0,0
zc,TA209,2012-06-27 09:00:31.817,7106.0000,437614,64,0.0000,126.0000,95,31,空开,S,7104.0000,0.0000,0.0000,0.0000,0.0000,7106.0000,0.0000,0.0000,0.0000,0.0000,123,0,0,0,0,14,0,0,0,0
zc,TA209,2012-06-27 09:00:32.317,7106.0000,437640,26,0.0000,40.0000,33,7,空开,S,7104.0000,0.0000,0.0000,0.0000,0.0000,7106.0000,0.0000,0.0000,0.0000,0.0000,121,0,0,0,0,319,0,0,0,0
zc,TA209,2012-06-27 09:00:33.300,7106.0000,437628,-12,0.0000,210.0000,99,111,多平,S,7104.0000,0.0000,0.0000,0.0000,0.0000,7106.0000,0.0000,0.0000,0.0000,0.0000,66,0,0,0,0,291,0,0,0,0
zc,TA209,2012-06-27 09:00:33.597,7106.0000,437614,-14,0.0000,74.0000,30,44,多平,S,7104.0000,0.0000,0.0000,0.0000,0.0000,7106.0000,0.0000,0.0000,0.0000,0.0000,47,0,0,0,0,280,0,0,0,0
zc,TA209,2012-06-27 09:00:34.300,7104.0000,437606,-8,0.0000,62.0000,27,35,多平,S,7104.0000,0.0000,0.0000,0.0000,0.0000,7106.0000,0.0000,0.0000,0.0000,0.0000,31,0,0,0,0,268,0,0,0,0
zc,TA209,2012-06-27 09:00:34.800,7104.0000,437584,-22,0.0000,32.0000,5,27,多平,S,7104.0000,0.0000,0.0000,0.0000,0.0000,7106.0000,0.0000,0.0000,0.0000,0.0000,74,0,0,0,0,61,0,0,0,0
zc,TA209,2012-06-27 09:00:35.580,7104.0000,437528,-56,0.0000,142.0000,43,99,多平,S,7104.0000,0.0000,0.0000,0.0000,0.0000,7106.0000,0.0000,0.0000,0.0000,0.0000,17,0,0,0,0,51,0,0,0,0
zc,TA209,2012-06-27 09:00:36.067,7106.0000,437630,102,0.0000,222.0000,162,60,多开,B,7106.0000,0.0000,0.0000,0.0000,0.0000,7108.0000,0.0000,0.0000,0.0000,0.0000,3,0,0,0,0,218,0,0,0,0
zc,TA209,2012-06-27 09:00:36.847,7106.0000,437628,-2,0.0000,6.0000,2,4,空平,B,7104.0000,0.0000,0.0000,0.0000,0.0000,7106.0000,0.0000,0.0000,0.0000,0.0000,256,0,0,0,0,10,0,0,0,0
zc,TA209,2012-06-27 09:00:37.550,7108.0000,437668,40,0.0000,84.0000,62,22,多开,B,7106.0000,0.0000,0.0000,0.0000,0.0000,7108.0000,0.0000,0.0000,0.0000,0.0000,10,0,0,0,0,216,0,0,0,0
zc,TA209,2012-06-27 09:00:38.317,7106.0000,437694,26,0.0000,56.0000,41,15,空开,S,7106.0000,0.0000,0.0000,0.0000,0.0000,7108.0000,0.0000,0.0000,0.0000,0.0000,7,0,0,0,0,214,0,0,0,0
zc,TA209,2012-06-27 09:00:38.800,7106.0000,437718,24,0.0000,54.0000,39,15,空开,S,7104.0000,0.0000,0.0000,0.0000,0.0000,7106.0000,0.0000,0.0000,0.0000,0.0000,210,0,0,0,0,32,0,0,0,0
zc,TA209,2012-06-27 09:00:39.597,7104.0000,437724,6,0.0000,20.0000,13,7,空开,S,7104.0000,0.0000,0.0000,0.0000,0.0000,7106.0000,0.0000,0.0000,0.0000,0.0000,144,0,0,0,0,26,0,0,0,0
zc,TA209,2012-06-27 09:00:40.067,7108.0000,437724,0,0.0000,60.0000,30,30,多换,B,7106.0000,0.0000,0.0000,0.0000,0.0000,7108.0000,0.0000,0.0000,0.0000,0.0000,84,0,0,0,0,209,0,0,0,0
zc,TA209,2012-06-27 09:00:40.567,7106.0000,437720,-4,0.0000,88.0000,42,46,多平,S,7106.0000,0.0000,0.0000,0.0000,0.0000,7108.0000,0.0000,0.0000,0.0000,0.0000,103,0,0,0,0,209,0,0,0,0
zc,TA209,2012-06-27 09:00:41.300,7106.0000,437790,70,0.0000,98.0000,84,14,空开,S,7106.0000,0.0000,0.0000,0.0000,0.0000,7108.0000,0.0000,0.0000,0.0000,0.0000,141,0,0,0,0,208,0,0,0,0
zc,TA209,2012-06-27 09:00:41.800,7106.0000,437628,-162,0.0000,430.0000,134,296,多平,S,7104.0000,0.0000,0.0000,0.0000,0.0000,7106.0000,0.0000,0.0000,0.0000,0.0000,141,0,0,0,0,82,0,0,0,0
zc,TA209,2012-06-27 09:00:42.550,7106.0000,437550,-78,0.0000,104.0000,13,91,多平,S,7104.0000,0.0000,0.0000,0.0000,0.0000,7106.0000,0.0000,0.0000,0.0000,0.0000,137,0,0,0,0,48,0,0,0,0
zc,TA209,2012-06-27 09:00:43.067,7106.0000,437548,-2,0.0000,12.0000,5,7,多平,S,7104.0000,0.0000,0.0000,0.0000,0.0000,7106.0000,0.0000,0.0000,0.0000,0.0000,137,0,0,0,0,69,0,0,0,0
zc,TA209,2012-06-27 09:00:43.863,7104.0000,437548,0,0.0000,28.0000,14,14,空换,S,7104.0000,0.0000,0.0000,0.0000,0.0000,7106.0000,0.0000,0.0000,0.0000,0.0000,127,0,0,0,0,68,0,0,0,0
zc,TA209,2012-06-27 09:00:44.363,7106.0000,437522,-26,0.0000,50.0000,12,38,空平,B,7104.0000,0.0000,0.0000,0.0000,0.0000,7106.0000,0.0000,0.0000,0.0000,0.0000,135,0,0,0,0,106,0,0,0,0
zc,TA209,2012-06-27 09:00:45.113,7104.0000,437572,50,0.0000,290.0000,170,120,空开,S,7104.0000,0.0000,0.0000,0.0000,0.0000,7106.0000,0.0000,0.0000,0.0000,0.0000,85,0,0,0,0,12,0,0,0,0
zc,TA209,2012-06-27 09:00:45.567,7106.0000,437572,0,0.0000,4.0000,2,2,多换,B,7104.0000,0.0000,0.0000,0.0000,0.0000,7106.0000,0.0000,0.0000,0.0000,0.0000,114,0,0,0,0,134,0,0,0,0
zc,TA209,2012-06-27 09:00:46.317,7104.0000,437586,14,0.0000,18.0000,16,2,空开,S,7104.0000,0.0000,0.0000,0.0000,0.0000,7106.0000,0.0000,0.0000,0.0000,0.0000,110,0,0,0,0,129,0,0,0,0
zc,TA209,2012-06-27 09:00:46.863,7102.0000,437486,-100,0.0000,484.0000,192,292,多平,S,7102.0000,0.0000,0.0000,0.0000,0.0000,7104.0000,0.0000,0.0000,0.0000,0.0000,230,0,0,0,0,3,0,0,0,0
zc,TA209,2012-06-27 09:00:47.597,7106.0000,437486,0,0.0000,178.0000,89,89,多换,B,7106.0000,0.0000,0.0000,0.0000,0.0000,7108.0000,0.0000,0.0000,0.0000,0.0000,20,0,0,0,0,45,0,0,0,0
zc,TA209,2012-06-27 09:00:48.113,7106.0000,437502,16,0.0000,68.0000,42,26,多开,B,7104.0000,0.0000,0.0000,0.0000,0.0000,7106.0000,0.0000,0.0000,0.0000,0.0000,1,0,0,0,0,33,0,0,0,0
zc,TA209,2012-06-27 09:00:48.830,7104.0000,437516,14,0.0000,40.0000,27,13,空开,S,7102.0000,0.0000,0.0000,0.0000,0.0000,7104.0000,0.0000,0.0000,0.0000,0.0000,237,0,0,0,0,1,0,0,0,0
zc,TA209,2012-06-27 09:00:49.330,7108.0000,438106,590,0.0000,760.0000,675,85,多开,B,7108.0000,0.0000,0.0000,0.0000,0.0000,7110.0000,0.0000,0.0000,0.0000,0.0000,620,0,0,0,0,201,0,0,0,0
zc,TA209,2012-06-27 09:00:50.097,7110.0000,438352,246,0.0000,788.0000,517,271,多开,B,7108.0000,0.0000,0.0000,0.0000,0.0000,7110.0000,0.0000,0.0000,0.0000,0.0000,444,0,0,0,0,18,0,0,0,0
zc,TA209,2012-06-27 09:00:50.597,7110.0000,438380,28,0.0000,208.0000,118,90,多开,B,7110.0000,0.0000,0.0000,0.0000,0.0000,7112.0000,0.0000,0.0000,0.0000,0.0000,57,0,0,0,0,207,0,0,0,0
zc,TA209,2012-06-27 09:00:51.317,7110.0000,438424,44,0.0000,128.0000,86,42,多开,B,7110.0000,0.0000,0.0000,0.0000,0.0000,7112.0000,0.0000,0.0000,0.0000,0.0000,8,0,0,0,0,204,0,0,0,0
zc,TA209,2012-06-27 09:00:51.847,7108.0000,438422,-2,0.0000,52.0000,25,27,多平,S,7108.0000,0.0000,0.0000,0.0000,0.0000,7110.0000,0.0000,0.0000,0.0000,0.0000,440,0,0,0,0,10,0,0,0,0
zc,TA209,2012-06-27 09:00:52.580,7108.0000,438432,10,0.0000,30.0000,20,10,空开,S,7108.0000,0.0000,0.0000,0.0000,0.0000,7110.0000,0.0000,0.0000,0.0000,0.0000,436,0,0,0,0,36,0,0,0,0
zc,TA209,2012-06-27 09:00:53.330,7108.0000,438442,10,0.0000,396.0000,203,193,空开,S,7108.0000,0.0000,0.0000,0.0000,0.0000,7110.0000,0.0000,0.0000,0.0000,0.0000,241,0,0,0,0,242,0,0,0,0
zc,TA209,2012-06-27 09:00:53.830,7108.0000,438446,4,0.0000,260.0000,132,128,空开,S,7108.0000,0.0000,0.0000,0.0000,0.0000,7110.0000,0.0000,0.0000,0.0000,0.0000,110,0,0,0,0,244,0,0,0,0
zc,TA209,2012-06-27 09:00:54.567,7106.0000,438434,-12,0.0000,242.0000,115,127,多平,S,7106.0000,0.0000,0.0000,0.0000,0.0000,7108.0000,0.0000,0.0000,0.0000,0.0000,51,0,0,0,0,83,0,0,0,0
zc,TA209,2012-06-27 09:00:55.033,7106.0000,438436,2,0.0000,64.0000,33,31,空开,S,7106.0000,0.0000,0.0000,0.0000,0.0000,7108.0000,0.0000,0.0000,0.0000,0.0000,22,0,0,0,0,146,0,0,0,0
zc,TA209,2012-06-27 09:00:55.800,7104.0000,438408,-28,0.0000,136.0000,54,82,多平,S,7104.0000,0.0000,0.0000,0.0000,0.0000,7106.0000,0.0000,0.0000,0.0000,0.0000,7,0,0,0,0,11,0,0,0,0
zc,TA209,2012-06-27 09:00:56.300,7106.0000,438410,2,0.0000,4.0000,3,1,多开,B,7104.0000,0.0000,0.0000,0.0000,0.0000,7106.0000,0.0000,0.0000,0.0000,0.0000,95,0,0,0,0,67,0,0,0,0
zc,TA209,2012-06-27 09:00:57.033,7104.0000,438406,-4,0.0000,4.0000,0,4,双平,S,7104.0000,0.0000,0.0000,0.0000,0.0000,7106.0000,0.0000,0.0000,0.0000,0.0000,93,0,0,0,0,71,0,0,0,0
zc,TA209,2012-06-27 09:00:57.567,7106.0000,438412,6,0.0000,18.0000,12,6,多开,B,7104.0000,0.0000,0.0000,0.0000,0.0000,7106.0000,0.0000,0.0000,0.0000,0.0000,126,0,0,0,0,69,0,0,0,0
zc,TA209,2012-06-27 09:00:58.347,7106.0000,438500,88,0.0000,90.0000,89,1,多开,B,7104.0000,0.0000,0.0000,0.0000,0.0000,7106.0000,0.0000,0.0000,0.0000,0.0000,96,0,0,0,0,54,0,0,0,0
zc,TA209,2012-06-27 09:00:59.020,7104.0000,438410,-90,0.0000,282.0000,96,186,多平,S,7104.0000,0.0000,0.0000,0.0000,0.0000,7106.0000,0.0000,0.0000,0.0000,0.0000,59,0,0,0,0,1,0,0,0,0
zc,TA209,2012-06-27 09:00:59.893,7108.0000,438310,-100,0.0000,194.0000,47,147,空平,B,7102.0000,0.0000,0.0000,0.0000,0.0000,7108.0000,0.0000,0.0000,0.0000,0.0000,285,0,0,0,0,51,0,0,0,0
zc,TA209,2012-06-27 09:01:00.347,7108.0000,438326,16,0.0000,20.0000,18,2,多开,B,7102.0000,0.0000,0.0000,0.0000,0.0000,7108.0000,0.0000,0.0000,0.0000,0.0000,295,0,0,0,0,53,0,0,0,0
zc,TA209,2012-06-27 09:01:01.067,7106.0000,438326,0,0.0000,6.0000,3,3,空换,S,7102.0000,0.0000,0.0000,0.0000,0.0000,7106.0000,0.0000,0.0000,0.0000,0.0000,296,0,0,0,0,1,0,0,0,0
zc,TA209,2012-06-27 09:01:01.330,7104.0000,438312,-14,0.0000,24.0000,5,19,多平,S,7102.0000,0.0000,0.0000,0.0000,0.0000,7104.0000,0.0000,0.0000,0.0000,0.0000,324,0,0,0,0,48,0,0,0,0
zc,TA209,2012-06-27 09:01:02.067,7104.0000,438354,42,0.0000,412.0000,227,185,空开,S,7102.0000,0.0000,0.0000,0.0000,0.0000,7104.0000,0.0000,0.0000,0.0000,0.0000,129,0,0,0,0,44,0,0,0,0
zc,TA209,2012-06-27 09:01:02.580,7104.0000,438358,4,0.0000,10.0000,7,3,空开,S,7102.0000,0.0000,0.0000,0.0000,0.0000,7104.0000,0.0000,0.0000,0.0000,0.0000,124,0,0,0,0,218,0,0,0,0
zc,TA209,2012-06-27 09:01:03.363,7104.0000,438422,64,0.0000,222.0000,143,79,空开,S,7102.0000,0.0000,0.0000,0.0000,0.0000,7104.0000,0.0000,0.0000,0.0000,0.0000,75,0,0,0,0,37,0,0,0,0
zc,TA209,2012-06-27 09:01:03.800,7100.0000,438320,-102,0.0000,198.0000,48,150,多平,S,7100.0000,0.0000,0.0000,0.0000,0.0000,7104.0000,0.0000,0.0000,0.0000,0.0000,554,0,0,0,0,34,0,0,0,0
zc,TA209,2012-06-27 09:01:04.580,7104.0000,438254,-66,0.0000,118.0000,26,92,空平,B,7102.0000,0.0000,0.0000,0.0000,0.0000,7104.0000,0.0000,0.0000,0.0000,0.0000,6,0,0,0,0,30,0,0,0,0
zc,TA209,2012-06-27 09:01:05.080,7102.0000,438256,2,0.0000,34.0000,18,16,空开,S,7102.0000,0.0000,0.0000,0.0000,0.0000,7104.0000,0.0000,0.0000,0.0000,0.0000,20,0,0,0,0,19,0,0,0,0
zc,TA209,2012-06-27 09:01:05.847,7104.0000,438304,48,0.0000,116.0000,82,34,多开,B,7104.0000,0.0000,0.0000,0.0000,0.0000,7106.0000,0.0000,0.0000,0.0000,0.0000,6,0,0,0,0,23,0,0,0,0
zc,TA209,2012-06-27 09:01:06.347,7104.0000,438310,6,0.0000,16.0000,11,5,多开,B,7102.0000,0.0000,0.0000,0.0000,0.0000,7106.0000,0.0000,0.0000,0.0000,0.0000,18,0,0,0,0,21,0,0,0,0
zc,TA209,2012-06-27 09:01:07.067,7102.0000,438310,0,0.0000,34.0000,17,17,空换,S,7102.0000,0.0000,0.0000,0.0000,0.0000,7104.0000,0.0000,0.0000,0.0000,0.0000,14,0,0,0,0,1,0,0,0,0
zc,TA209,2012-06-27 09:01:07.567,7102.0000,438308,-2,0.0000,6.0000,2,4,多平,S,7102.0000,0.0000,0.0000,0.0000,0.0000,7104.0000,0.0000,0.0000,0.0000,0.0000,12,0,0,0,0,3,0,0,0,0
zc,TA209,2012-06-27 09:01:08.300,7100.0000,438314,6,0.0000,42.0000,24,18,空开,S,7100.0000,0.0000,0.0000,0.0000,0.0000,7102.0000,0.0000,0.0000,0.0000,0.0000,530,0,0,0,0,184,0,0,0,0
zc,TA209,2012-06-27 09:01:08.830,7100.0000,438336,22,0.0000,54.0000,38,16,空开,S,7100.0000,0.0000,0.0000,0.0000,0.0000,7102.0000,0.0000,0.0000,0.0000,0.0000,519,0,0,0,0,188,0,0,0,0
zc,TA209,2012-06-27 09:01:09.330,7102.0000,438338,2,0.0000,106.0000,54,52,多开,B,7100.0000,0.0000,0.0000,0.0000,0.0000,7102.0000,0.0000,0.0000,0.0000,0.0000,518,0,0,0,0,138,0,0,0,0
zc,TA209,2012-06-27 09:01:10.097,7102.0000,438442,104,0.0000,126.0000,115,11,多开,B,7100.0000,0.0000,0.0000,0.0000,0.0000,7102.0000,0.0000,0.0000,0.0000,0.0000,518,0,0,0,0,87,0,0,0,0
zc,TA209,2012-06-27 09:01:10.550,7102.0000,438442,0,0.0000,10.0000,5,5,多换,B,7100.0000,0.0000,0.0000,0.0000,0.0000,7102.0000,0.0000,0.0000,0.0000,0.0000,525,0,0,0,0,85,0,0,0,0
zc,TA209,2012-06-27 09:01:11.300,7102.0000,438446,4,0.0000,10.0000,7,3,多开,B,7100.0000,0.0000,0.0000,0.0000,0.0000,7102.0000,0.0000,0.0000,0.0000,0.0000,527,0,0,0,0,83,0,0,0,0
zc,TA209,2012-06-27 09:01:11.580,7102.0000,438256,-190,0.0000,198.0000,4,194,空平,B,7100.0000,0.0000,0.0000,0.0000,0.0000,7102.0000,0.0000,0.0000,0.0000,0.0000,429,0,0,0,0,92,0,0,0,0
zc,TA209,2012-06-27 09:01:12.300,7102.0000,438262,6,0.0000,46.0000,26,20,多开,B,7100.0000,0.0000,0.0000,0.0000,0.0000,7102.0000,0.0000,0.0000,0.0000,0.0000,420,0,0,0,0,80,0,0,0,0
zc,TA209,2012-06-27 09:01:12.817,7100.0000,438264,2,0.0000,28.0000,15,13,空开,S,7100.0000,0.0000,0.0000,0.0000,0.0000,7102.0000,0.0000,0.0000,0.0000,0.0000,408,0,0,0,0,75,0,0,0,0
zc,TA209,2012-06-27 09:01:14.020,7100.0000,438254,-10,0.0000,30.0000,10,20,多平,S,7100.0000,0.0000,0.0000,0.0000,0.0000,7102.0000,0.0000,0.0000,0.0000,0.0000,396,0,0,0,0,85,0,0,0,0
zc,TA209,2012-06-27 09:01:14.800,7104.0000,438300,46,0.0000,234.0000,140,94,多开,B,7100.0000,0.0000,0.0000,0.0000,0.0000,7104.0000,0.0000,0.0000,0.0000,0.0000,365,0,0,0,0,13,0,0,0,0
zc,TA209,2012-06-27 09:01:15.283,7100.0000,438280,-20,0.0000,42.0000,11,31,多平,S,7102.0000,0.0000,0.0000,0.0000,0.0000,7104.0000,0.0000,0.0000,0.0000,0.0000,300,0,0,0,0,14,0,0,0,0
zc,TA209,2012-06-27 09:01:15.800,7102.0000,438286,6,0.0000,74.0000,40,34,多开,B,7102.0000,0.0000,0.0000,0.0000,0.0000,7104.0000,0.0000,0.0000,0.0000,0.0000,269,0,0,0,0,7,0,0,0,0
zc,TA209,2012-06-27 09:01:16.533,7102.0000,438402,116,0.0000,160.0000,138,22,多开,B,7102.0000,0.0000,0.0000,0.0000,0.0000,7104.0000,0.0000,0.0000,0.0000,0.0000,194,0,0,0,0,4,0,0,0,0
zc,TA209,2012-06-27 09:01:17.080,7102.0000,438404,2,0.0000,98.0000,50,48,多开,B,7102.0000,0.0000,0.0000,0.0000,0.0000,7104.0000,0.0000,0.0000,0.0000,0.0000,145,0,0,0,0,4,0,0,0,0
zc,TA209,2012-06-27 09:01:17.817,7102.0000,438442,38,0.0000,62.0000,50,12,多开,B,7102.0000,0.0000,0.0000,0.0000,0.0000,7104.0000,0.0000,0.0000,0.0000,0.0000,116,0,0,0,0,51,0,0,0,0
zc,TA209,2012-06-27 09:01:18.300,7104.0000,438642,200,0.0000,226.0000,213,13,多开,B,7104.0000,0.0000,0.0000,0.0000,0.0000,7106.0000,0.0000,0.0000,0.0000,0.0000,91,0,0,0,0,46,0,0,0,0
zc,TA209,2012-06-27 09:01:18.800,7102.0000,438752,110,0.0000,216.0000,163,53,空开,S,7102.0000,0.0000,0.0000,0.0000,0.0000,7106.0000,0.0000,0.0000,0.0000,0.0000,208,0,0,0,0,46,0,0,0,0
zc,TA209,2012-06-27 09:01:19.613,7104.0000,438758,6,0.0000,6.0000,6,0,双开,B,7102.0000,0.0000,0.0000,0.0000,0.0000,7104.0000,0.0000,0.0000,0.0000,0.0000,229,0,0,0,0,1,0,0,0,0
zc,TA209,2012-06-27 09:01:20.330,7104.0000,438760,2,0.0000,6.0000,4,2,多开,B,7102.0000,0.0000,0.0000,0.0000,0.0000,7104.0000,0.0000,0.0000,0.0000,0.0000,231,0,0,0,0,55,0,0,0,0
zc,TA209,2012-06-27 09:01:20.817,7102.0000,438784,24,0.0000,24.0000,24,0,双开,S,7102.0000,0.0000,0.0000,0.0000,0.0000,7104.0000,0.0000,0.0000,0.0000,0.0000,211,0,0,0,0,104,0,0,0,0
zc,TA209,2012-06-27 09:01:21.597,7104.0000,438836,52,0.0000,56.0000,54,2,多开,B,7102.0000,0.0000,0.0000,0.0000,0.0000,7104.0000,0.0000,0.0000,0.0000,0.0000,236,0,0,0,0,85,0,0,0,0
zc,TA209,2012-06-27 09:01:22.080,7102.0000,438878,42,0.0000,48.0000,45,3,空开,S,7102.0000,0.0000,0.0000,0.0000,0.0000,7104.0000,0.0000,0.0000,0.0000,0.0000,283,0,0,0,0,65,0,0,0,0
zc,TA209,2012-06-27 09:01:23.330,7102.0000,438608,-270,0.0000,738.0000,234,504,多平,S,7100.0000,0.0000,0.0000,0.0000,0.0000,7102.0000,0.0000,0.0000,0.0000,0.0000,381,0,0,0,0,215,0,0,0,0
zc,TA209,2012-06-27 09:01:23.830,7100.0000,438884,276,0.0000,746.0000,511,235,空开,S,7100.0000,0.0000,0.0000,0.0000,0.0000,7102.0000,0.0000,0.0000,0.0000,0.0000,8,0,0,0,0,224,0,0,0,0
zc,TA209,2012-06-27 09:01:24.597,7098.0000,438928,44,0.0000,82.0000,63,19,空开,S,7098.0000,0.0000,0.0000,0.0000,0.0000,7100.0000,0.0000,0.0000,0.0000,0.0000,127,0,0,0,0,40,0,0,0,0
zc,TA209,2012-06-27 09:01:25.097,7100.0000,439036,108,0.0000,108.0000,108,0,双开,B,7098.0000,0.0000,0.0000,0.0000,0.0000,7100.0000,0.0000,0.0000,0.0000,0.0000,126,0,0,0,0,54,0,0,0,0
zc,TA209,2012-06-27 09:01:25.800,7098.0000,439146,110,0.0000,174.0000,142,32,空开,S,7098.0000,0.0000,0.0000,0.0000,0.0000,7100.0000,0.0000,0.0000,0.0000,0.0000,95,0,0,0,0,38,0,0,0,0
zc,TA209,2012-06-27 09:01:26.597,7098.0000,439170,24,0.0000,30.0000,27,3,空开,S,7098.0000,0.0000,0.0000,0.0000,0.0000,7100.0000,0.0000,0.0000,0.0000,0.0000,89,0,0,0,0,32,0,0,0,0
zc,TA209,2012-06-27 09:01:27.317,7098.0000,439220,50,0.0000,88.0000,69,19,空开,S,7098.0000,0.0000,0.0000,0.0000,0.0000,7100.0000,0.0000,0.0000,0.0000,0.0000,57,0,0,0,0,22,0,0,0,0
zc,TA209,2012-06-27 09:01:27.830,7100.0000,439226,6,0.0000,16.0000,11,5,多开,B,7098.0000,0.0000,0.0000,0.0000,0.0000,7100.0000,0.0000,0.0000,0.0000,0.0000,55,0,0,0,0,5,0,0,0,0
zc,TA209,2012-06-27 09:01:28.567,7100.0000,439128,-98,0.0000,236.0000,69,167,空平,B,7100.0000,0.0000,0.0000,0.0000,0.0000,7102.0000,0.0000,0.0000,0.0000,0.0000,49,0,0,0,0,259,0,0,0,0
zc,TA209,2012-06-27 09:01:29.317,7100.0000,439124,-4,0.0000,4.0000,0,4,双平,B,7100.0000,0.0000,0.0000,0.0000,0.0000,7102.0000,0.0000,0.0000,0.0000,0.0000,49,0,0,0,0,308,0,0,0,0
zc,TA209,2012-06-27 09:01:29.800,7100.0000,439104,-20,0.0000,24.0000,2,22,空平,B,7100.0000,0.0000,0.0000,0.0000,0.0000,7102.0000,0.0000,0.0000,0.0000,0.0000,39,0,0,0,0,292,0,0,0,0
zc,TA209,2012-06-27 09:01:30.533,7102.0000,439102,-2,0.0000,36.0000,17,19,空平,B,7100.0000,0.0000,0.0000,0.0000,0.0000,7102.0000,0.0000,0.0000,0.0000,0.0000,33,0,0,0,0,281,0,0,0,0
zc,TA209,2012-06-27 09:01:31.067,7098.0000,439018,-84,0.0000,114.0000,15,99,多平,S,7098.0000,0.0000,0.0000,0.0000,0.0000,7100.0000,0.0000,0.0000,0.0000,0.0000,2,0,0,0,0,31,0,0,0,0
zc,TA209,2012-06-27 09:01:31.847,7100.0000,438982,-36,0.0000,44.0000,4,40,空平,B,7096.0000,0.0000,0.0000,0.0000,0.0000,7098.0000,0.0000,0.0000,0.0000,0.0000,51,0,0,0,0,1,0,0,0,0
zc,TA209,2012-06-27 09:01:32.533,7100.0000,438888,-94,0.0000,104.0000,5,99,空平,B,7100.0000,0.0000,0.0000,0.0000,0.0000,7102.0000,0.0000,0.0000,0.0000,0.0000,952,0,0,0,0,272,0,0,0,0
zc,TA209,2012-06-27 09:01:33.050,7102.0000,438748,-140,0.0000,182.0000,21,161,空平,B,7100.0000,0.0000,0.0000,0.0000,0.0000,7102.0000,0.0000,0.0000,0.0000,0.0000,873,0,0,0,0,248,0,0,0,0
zc,TA209,2012-06-27 09:01:33.817,7102.0000,438598,-150,0.0000,588.0000,219,369,空平,B,7102.0000,0.0000,0.0000,0.0000,0.0000,7104.0000,0.0000,0.0000,0.0000,0.0000,208,0,0,0,0,73,0,0,0,0
zc,TA209,2012-06-27 09:01:34.300,7102.0000,438588,-10,0.0000,38.0000,14,24,空平,B,7102.0000,0.0000,0.0000,0.0000,0.0000,7104.0000,0.0000,0.0000,0.0000,0.0000,281,0,0,0,0,70,0,0,0,0
zc,TA209,2012-06-27 09:01:35.067,7102.0000,438562,-26,0.0000,80.0000,27,53,空平,B,7102.0000,0.0000,0.0000,0.0000,0.0000,7104.0000,0.0000,0.0000,0.0000,0.0000,314,0,0,0,0,73,0,0,0,0
zc,TA209,2012-06-27 09:01:35.567,7100.0000,438222,-340,0.0000,646.0000,153,493,多平,S,7100.0000,0.0000,0.0000,0.0000,0.0000,7102.0000,0.0000,0.0000,0.0000,0.0000,868,0,0,0,0,101,0,0,0,0
zc,TA209,2012-06-27 09:01:36.363,7100.0000,438220,-2,0.0000,28.0000,13,15,多平,S,7100.0000,0.0000,0.0000,0.0000,0.0000,7102.0000,0.0000,0.0000,0.0000,0.0000,866,0,0,0,0,98,0,0,0,0
zc,TA209,2012-06-27 09:01:36.817,7100.0000,438218,-2,0.0000,134.0000,66,68,多平,S,7100.0000,0.0000,0.0000,0.0000,0.0000,7102.0000,0.0000,0.0000,0.0000,0.0000,862,0,0,0,0,35,0,0,0,0
zc,TA209,2012-06-27 09:01:37.567,7102.0000,438214,-4,0.0000,12.0000,4,8,空平,B,7100.0000,0.0000,0.0000,0.0000,0.0000,7102.0000,0.0000,0.0000,0.0000,0.0000,857,0,0,0,0,64,0,0,0,0
zc,TA209,2012-06-27 09:01:38.050,7100.0000,438214,0,0.0000,22.0000,11,11,空换,S,7100.0000,0.0000,0.0000,0.0000,0.0000,7102.0000,0.0000,0.0000,0.0000,0.0000,847,0,0,0,0,64,0,0,0,0
zc,TA209,2012-06-27 09:01:38.847,7102.0000,438274,60,0.0000,128.0000,94,34,多开,B,7100.0000,0.0000,0.0000,0.0000,0.0000,7102.0000,0.0000,0.0000,0.0000,0.0000,853,0,0,0,0,7,0,0,0,0
zc,TA209,2012-06-27 09:01:39.347,7102.0000,438256,-18,0.0000,48.0000,15,33,空平,B,7102.0000,0.0000,0.0000,0.0000,0.0000,7104.0000,0.0000,0.0000,0.0000,0.0000,14,0,0,0,0,87,0,0,0,0
zc,TA209,2012-06-27 09:01:40.050,7102.0000,438278,22,0.0000,24.0000,23,1,多开,B,7102.0000,0.0000,0.0000,0.0000,0.0000,7104.0000,0.0000,0.0000,0.0000,0.0000,10,0,0,0,0,86,0,0,0,0
zc,TA209,2012-06-27 09:01:40.580,7104.0000,438322,44,0.0000,120.0000,82,38,多开,B,7100.0000,0.0000,0.0000,0.0000,0.0000,7104.0000,0.0000,0.0000,0.0000,0.0000,883,0,0,0,0,108,0,0,0,0
zc,TA209,2012-06-27 09:01:41.363,7102.0000,438278,-44,0.0000,126.0000,41,85,多平,S,7100.0000,0.0000,0.0000,0.0000,0.0000,7102.0000,0.0000,0.0000,0.0000,0.0000,865,0,0,0,0,255,0,0,0,0
zc,TA209,2012-06-27 09:01:41.863,7100.0000,438276,-2,0.0000,20.0000,9,11,多平,S,7100.0000,0.0000,0.0000,0.0000,0.0000,7102.0000,0.0000,0.0000,0.0000,0.0000,798,0,0,0,0,259,0,0,0,0
zc,TA209,2012-06-27 09:01:42.330,7100.0000,438274,-2,0.0000,30.0000,14,16,多平,S,7100.0000,0.0000,0.0000,0.0000,0.0000,7102.0000,0.0000,0.0000,0.0000,0.0000,789,0,0,0,0,252,0,0,0,0
zc,TA209,2012-06-27 09:01:43.097,7100.0000,438266,-8,0.0000,12.0000,2,10,多平,S,7100.0000,0.0000,0.0000,0.0000,0.0000,7102.0000,0.0000,0.0000,0.0000,0.0000,788,0,0,0,0,251,0,0,0,0
zc,TA209,2012-06-27 09:01:43.580,7102.0000,438262,-4,0.0000,4.0000,0,4,双平,B,7100.0000,0.0000,0.0000,0.0000,0.0000,7102.0000,0.0000,0.0000,0.0000,0.0000,793,0,0,0,0,250,0,0,0,0
zc,TA209,2012-06-27 09:01:44.283,7102.0000,438260,-2,0.0000,10.0000,4,6,空平,B,7100.0000,0.0000,0.0000,0.0000,0.0000,7102.0000,0.0000,0.0000,0.0000,0.0000,803,0,0,0,0,246,0,0,0,0
zc,TA209,2012-06-27 09:01:44.830,7102.0000,438258,-2,0.0000,60.0000,29,31,空平,B,7100.0000,0.0000,0.0000,0.0000,0.0000,7102.0000,0.0000,0.0000,0.0000,0.0000,774,0,0,0,0,245,0,0,0,0
zc,TA209,2012-06-27 09:01:45.580,7100.0000,438250,-8,0.0000,18.0000,5,13,多平,S,7100.0000,0.0000,0.0000,0.0000,0.0000,7102.0000,0.0000,0.0000,0.0000,0.0000,770,0,0,0,0,242,0,0,0,0
zc,TA209,2012-06-27 09:01:46.033,7100.0000,438250,0,0.0000,0.0000,0,0,空换,S,7100.0000,0.0000,0.0000,0.0000,0.0000,7102.0000,0.0000,0.0000,0.0000,0.0000,771,0,0,0,0,245,0,0,0,0
zc,TA209,2012-06-27 09:01:46.800,7100.0000,438248,-2,0.0000,2.0000,0,2,双平,S,7100.0000,0.0000,0.0000,0.0000,0.0000,7102.0000,0.0000,0.0000,0.0000,0.0000,773,0,0,0,0,252,0,0,0,0
zc,TA209,2012-06-27 09:01:47.080,7100.0000,438248,0,0.0000,6.0000,3,3,空换,S,7100.0000,0.0000,0.0000,0.0000,0.0000,7102.0000,0.0000,0.0000,0.0000,0.0000,771,0,0,0,0,252,0,0,0,0
zc,TA209,2012-06-27 09:01:47.830,7100.0000,438240,-8,0.0000,14.0000,3,11,多平,S,7100.0000,0.0000,0.0000,0.0000,0.0000,7102.0000,0.0000,0.0000,0.0000,0.0000,768,0,0,0,0,249,0,0,0,0
zc,TA209,2012-06-27 09:01:48.627,7100.0000,438232,-8,0.0000,18.0000,5,13,多平,S,7100.0000,0.0000,0.0000,0.0000,0.0000,7102.0000,0.0000,0.0000,0.0000,0.0000,788,0,0,0,0,245,0,0,0,0
zc,TA209,2012-06-27 09:01:49.067,7102.0000,438232,0,0.0000,30.0000,15,15,多换,B,7100.0000,0.0000,0.0000,0.0000,0.0000,7102.0000,0.0000,0.0000,0.0000,0.0000,777,0,0,0,0,246,0,0,0,0
zc,TA209,2012-06-27 09:01:49.580,7102.0000,438192,-40,0.0000,68.0000,14,54,空平,B,7100.0000,0.0000,0.0000,0.0000,0.0000,7102.0000,0.0000,0.0000,0.0000,0.0000,775,0,0,0,0,219,0,0,0,0
zc,TA209,2012-06-27 09:01:50.330,7102.0000,438184,-8,0.0000,18.0000,5,13,空平,B,7100.0000,0.0000,0.0000,0.0000,0.0000,7102.0000,0.0000,0.0000,0.0000,0.0000,763,0,0,0,0,214,0,0,0,0
zc,TA209,2012-06-27 09:01:50.817,7100.0000,438170,-14,0.0000,16.0000,1,15,多平,S,7100.0000,0.0000,0.0000,0.0000,0.0000,7102.0000,0.0000,0.0000,0.0000,0.0000,756,0,0,0,0,217,0,0,0,0
zc,TA209,2012-06-27 09:01:51.567,7102.0000,438166,-4,0.0000,4.0000,0,4,双平,B,7100.0000,0.0000,0.0000,0.0000,0.0000,7102.0000,0.0000,0.0000,0.0000,0.0000,759,0,0,0,0,265,0,0,0,0
zc,TA209,2012-06-27 09:01:52.097,7100.0000,438166,0,0.0000,4.0000,2,2,空换,S,7100.0000,0.0000,0.0000,0.0000,0.0000,7102.0000,0.0000,0.0000,0.0000,0.0000,758,0,0,0,0,265,0,0,0,0
zc,TA209,2012-06-27 09:01:52.597,7100.0000,438164,-2,0.0000,4.0000,1,3,多平,S,7100.0000,0.0000,0.0000,0.0000,0.0000,7102.0000,0.0000,0.0000,0.0000,0.0000,757,0,0,0,0,265,0,0,0,0
zc,TA209,2012-06-27 09:01:53.300,7100.0000,438156,-8,0.0000,22.0000,7,15,多平,S,7100.0000,0.0000,0.0000,0.0000,0.0000,7102.0000,0.0000,0.0000,0.0000,0.0000,788,0,0,0,0,265,0,0,0,0
zc,TA209,2012-06-27 09:01:53.783,7100.0000,438120,-36,0.0000,44.0000,4,40,多平,S,7100.0000,0.0000,0.0000,0.0000,0.0000,7102.0000,0.0000,0.0000,0.0000,0.0000,774,0,0,0,0,262,0,0,0,0
zc,TA209,2012-06-27 09:01:54.550,7100.0000,438120,0,0.0000,6.0000,3,3,空换,S,7100.0000,0.0000,0.0000,0.0000,0.0000,7102.0000,0.0000,0.0000,0.0000,0.0000,775,0,0,0,0,263,0,0,0,0
zc,TA209,2012-06-27 09:01:55.113,7102.0000,438114,-6,0.0000,20.0000,7,13,空平,B,7100.0000,0.0000,0.0000,0.0000,0.0000,7102.0000,0.0000,0.0000,0.0000,0.0000,769,0,0,0,0,257,0,0,0,0
zc,TA209,2012-06-27 09:01:55.877,7102.0000,438114,0,0.0000,4.0000,2,2,多换,B,7100.0000,0.0000,0.0000,0.0000,0.0000,7102.0000,0.0000,0.0000,0.0000,0.0000,768,0,0,0,0,258,0,0,0,0
zc,TA209,2012-06-27 09:01:56.300,7102.0000,438104,-10,0.0000,10.0000,0,10,双平,B,7100.0000,0.0000,0.0000,0.0000,0.0000,7102.0000,0.0000,0.0000,0.0000,0.0000,765,0,0,0,0,255,0,0,0,0
zc,TA209,2012-06-27 09:01:56.817,7100.0000,438094,-10,0.0000,16.0000,3,13,多平,S,7100.0000,0.0000,0.0000,0.0000,0.0000,7102.0000,0.0000,0.0000,0.0000,0.0000,757,0,0,0,0,255,0,0,0,0
zc,TA209,2012-06-27 09:01:57.317,7102.0000,438040,-54,0.0000,64.0000,5,59,空平,B,7100.0000,0.0000,0.0000,0.0000,0.0000,7102.0000,0.0000,0.0000,0.0000,0.0000,730,0,0,0,0,257,0,0,0,0
zc,TA209,2012-06-27 09:01:58.317,7100.0000,438036,-4,0.0000,56.0000,26,30,多平,S,7100.0000,0.0000,0.0000,0.0000,0.0000,7102.0000,0.0000,0.0000,0.0000,0.0000,715,0,0,0,0,255,0,0,0,0
zc,TA209,2012-06-27 09:01:58.817,7102.0000,438028,-8,0.0000,52.0000,22,30,空平,B,7100.0000,0.0000,0.0000,0.0000,0.0000,7102.0000,0.0000,0.0000,0.0000,0.0000,695,0,0,0,0,251,0,0,0,0
zc,TA209,2012-06-27 09:01:59.347,7102.0000,437904,-124,0.0000,150.0000,13,137,空平,B,7100.0000,0.0000,0.0000,0.0000,0.0000,7102.0000,0.0000,0.0000,0.0000,0.0000,654,0,0,0,0,236,0,0,0,0
zc,TA209,2012-06-27 09:02:00.050,7102.0000,437904,0,0.0000,0.0000,0,0,多换,B,7100.0000,0.0000,0.0000,0.0000,0.0000,7102.0000,0.0000,0.0000,0.0000,0.0000,655,0,0,0,0,236,0,0,0,0
zc,TA209,2012-06-27 09:02:00.550,7100.0000,437890,-14,0.0000,18.0000,2,16,多平,S,7100.0000,0.0000,0.0000,0.0000,0.0000,7102.0000,0.0000,0.0000,0.0000,0.0000,646,0,0,0,0,236,0,0,0,0
zc,TA209,2012-06-27 09:02:01.317,7100.0000,436720,-1170,0.0000,1346.0000,88,1258,多平,S,7098.0000,0.0000,0.0000,0.0000,0.0000,7100.0000,0.0000,0.0000,0.0000,0.0000,68,0,0,0,0,151,0,0,0,0
zc,TA209,2012-06-27 09:02:01.847,7098.0000,436668,-52,0.0000,160.0000,54,106,多平,S,7098.0000,0.0000,0.0000,0.0000,0.0000,7100.0000,0.0000,0.0000,0.0000,0.0000,20,0,0,0,0,151,0,0,0,0
zc,TA209,2012-06-27 09:02:02.550,7098.0000,436660,-8,0.0000,48.0000,20,28,多平,S,7098.0000,0.0000,0.0000,0.0000,0.0000,7100.0000,0.0000,0.0000,0.0000,0.0000,3,0,0,0,0,189,0,0,0,0
zc,TA209,2012-06-27 09:02:02.783,7096.0000,436736,76,0.0000,122.0000,99,23,空开,S,7094.0000,0.0000,0.0000,0.0000,0.0000,7096.0000,0.0000,0.0000,0.0000,0.0000,118,0,0,0,0,23,0,0,0,0
zc,TA209,2012-06-27 09:02:03.550,7096.0000,436746,10,0.0000,10.0000,10,0,双开,S,7094.0000,0.0000,0.0000,0.0000,0.0000,7096.0000,0.0000,0.0000,0.0000,0.0000,118,0,0,0,0,83,0,0,0,0
zc,TA209,2012-06-27 09:02:04.050,7094.0000,436752,6,0.0000,74.0000,40,34,空开,S,7094.0000,0.0000,0.0000,0.0000,0.0000,7098.0000,0.0000,0.0000,0.0000,0.0000,115,0,0,0,0,18,0,0,0,0
zc,TA209,2012-06-27 09:02:04.817,7094.0000,436752,0,0.0000,6.0000,3,3,空换,S,7096.0000,0.0000,0.0000,0.0000,0.0000,7098.0000,0.0000,0.0000,0.0000,0.0000,1,0,0,0,0,20,0,0,0,0
zc,TA209,2012-06-27 09:02:05.330,7094.0000,436760,8,0.0000,110.0000,59,51,空开,S,7094.0000,0.0000,0.0000,0.0000,0.0000,7098.0000,0.0000,0.0000,0.0000,0.0000,93,0,0,0,0,75,0,0,0,0
zc,TA209,2012-06-27 09:02:05.800,7096.0000,436764,4,0.0000,34.0000,19,15,多开,B,7094.0000,0.0000,0.0000,0.0000,0.0000,7096.0000,0.0000,0.0000,0.0000,0.0000,77,0,0,0,0,9,0,0,0,0
zc,TA209,2012-06-27 09:02:06.580,7094.0000,436764,0,0.0000,38.0000,19,19,空换,S,7094.0000,0.0000,0.0000,0.0000,0.0000,7096.0000,0.0000,0.0000,0.0000,0.0000,64,0,0,0,0,60,0,0,0,0
zc,TA209,2012-06-27 09:02:07.080,7096.0000,436770,6,0.0000,8.0000,7,1,多开,B,7094.0000,0.0000,0.0000,0.0000,0.0000,7096.0000,0.0000,0.0000,0.0000,0.0000,61,0,0,0,0,59,0,0,0,0
zc,TA209,2012-06-27 09:02:07.817,7096.0000,436782,12,0.0000,18.0000,15,3,多开,B,7094.0000,0.0000,0.0000,0.0000,0.0000,7096.0000,0.0000,0.0000,0.0000,0.0000,75,0,0,0,0,61,0,0,0,0
zc,TA209,2012-06-27 09:02:08.067,7096.0000,436900,118,0.0000,132.0000,125,7,多开,B,7096.0000,0.0000,0.0000,0.0000,0.0000,7098.0000,0.0000,0.0000,0.0000,0.0000,8,0,0,0,0,78,0,0,0,0
zc,TA209,2012-06-27 09:02:08.800,7094.0000,436880,-20,0.0000,246.0000,113,133,多平,S,7094.0000,0.0000,0.0000,0.0000,0.0000,7098.0000,0.0000,0.0000,0.0000,0.0000,47,0,0,0,0,78,0,0,0,0
zc,TA209,2012-06-27 09:02:09.330,7094.0000,436892,12,0.0000,98.0000,55,43,空开,S,7092.0000,0.0000,0.0000,0.0000,0.0000,7094.0000,0.0000,0.0000,0.0000,0.0000,86,0,0,0,0,54,0,0,0,0
zc,TA209,2012-06-27 09:02:10.080,7096.0000,436928,36,0.0000,182.0000,109,73,多开,B,7094.0000,0.0000,0.0000,0.0000,0.0000,7096.0000,0.0000,0.0000,0.0000,0.0000,2,0,0,0,0,11,0,0,0,0
zc,TA209,2012-06-27 09:02:10.550,7094.0000,436938,10,0.0000,12.0000,11,1,空开,S,7094.0000,0.0000,0.0000,0.0000,0.0000,7096.0000,0.0000,0.0000,0.0000,0.0000,16,0,0,0,0,14,0,0,0,0
zc,TA209,2012-06-27 09:02:11.347,7094.0000,436944,6,0.0000,8.0000,7,1,空开,S,7094.0000,0.0000,0.0000,0.0000,0.0000,7096.0000,0.0000,0.0000,0.0000,0.0000,13,0,0,0,0,14,0,0,0,0
zc,TA209,2012-06-27 09:02:11.863,7094.0000,437086,142,0.0000,196.0000,169,27,空开,S,7092.0000,0.0000,0.0000,0.0000,0.0000,7094.0000,0.0000,0.0000,0.0000,0.0000,103,0,0,0,0,110,0,0,0,0
zc,TA209,2012-06-27 09:02:12.580,7094.0000,437092,6,0.0000,10.0000,8,2,空开,S,7092.0000,0.0000,0.0000,0.0000,0.0000,7094.0000,0.0000,0.0000,0.0000,0.0000,114,0,0,0,0,123,0,0,0,0
zc,TA209,2012-06-27 09:02:13.067,7094.0000,437262,170,0.0000,176.0000,173,3,空开,S,7092.0000,0.0000,0.0000,0.0000,0.0000,7094.0000,0.0000,0.0000,0.0000,0.0000,112,0,0,0,0,48,0,0,0,0
zc,TA209,2012-06-27 09:02:14.317,7094.0000,437250,-12,0.0000,106.0000,47,59,多平,S,7094.0000,0.0000,0.0000,0.0000,0.0000,7096.0000,0.0000,0.0000,0.0000,0.0000,71,0,0,0,0,55,0,0,0,0
zc,TA209,2012-06-27 09:02:14.800,7094.0000,437252,2,0.0000,14.0000,8,6,空开,S,7094.0000,0.0000,0.0000,0.0000,0.0000,7096.0000,0.0000,0.0000,0.0000,0.0000,89,0,0,0,0,54,0,0,0,0
zc,TA209,2012-06-27 09:02:15.550,7094.0000,437426,174,0.0000,178.0000,176,2,空开,S,7094.0000,0.0000,0.0000,0.0000,0.0000,7096.0000,0.0000,0.0000,0.0000,0.0000,61,0,0,0,0,1,0,0,0,0
zc,TA209,2012-06-27 09:02:15.800,7096.0000,437426,0,0.0000,118.0000,59,59,多换,B,7094.0000,0.0000,0.0000,0.0000,0.0000,7098.0000,0.0000,0.0000,0.0000,0.0000,16,0,0,0,0,75,0,0,0,0
zc,TA209,2012-06-27 09:02:16.597,7096.0000,437428,2,0.0000,4.0000,3,1,多开,B,7096.0000,0.0000,0.0000,0.0000,0.0000,7098.0000,0.0000,0.0000,0.0000,0.0000,71,0,0,0,0,76,0,0,0,0
zc,TA209,2012-06-27 09:02:17.080,7096.0000,437434,6,0.0000,8.0000,7,1,多开,B,7096.0000,0.0000,0.0000,0.0000,0.0000,7098.0000,0.0000,0.0000,0.0000,0.0000,70,0,0,0,0,82,0,0,0,0
zc,TA209,2012-06-27 09:02:17.830,7096.0000,437440,6,0.0000,26.0000,16,10,多开,B,7096.0000,0.0000,0.0000,0.0000,0.0000,7098.0000,0.0000,0.0000,0.0000,0.0000,67,0,0,0,0,72,0,0,0,0
zc,TA209,2012-06-27 09:02:18.283,7096.0000,437542,102,0.0000,116.0000,109,7,多开,B,7096.0000,0.0000,0.0000,0.0000,0.0000,7098.0000,0.0000,0.0000,0.0000,0.0000,82,0,0,0,0,71,0,0,0,0
zc,TA209,2012-06-27 09:02:18.800,7098.0000,437576,34,0.0000,82.0000,58,24,多开,B,7096.0000,0.0000,0.0000,0.0000,0.0000,7098.0000,0.0000,0.0000,0.0000,0.0000,88,0,0,0,0,71,0,0,0,0
zc,TA209,2012-06-27 09:02:19.533,7096.0000,437592,16,0.0000,16.0000,16,0,双开,S,7096.0000,0.0000,0.0000,0.0000,0.0000,7098.0000,0.0000,0.0000,0.0000,0.0000,82,0,0,0,0,121,0,0,0,0
zc,TA209,2012-06-27 09:02:19.800,7096.0000,437790,198,0.0000,204.0000,201,3,空开,S,7096.0000,0.0000,0.0000,0.0000,0.0000,7098.0000,0.0000,0.0000,0.0000,0.0000,373,0,0,0,0,35,0,0,0,0
zc,TA209,2012-06-27 09:02:20.567,7098.0000,437796,6,0.0000,6.0000,6,0,双开,B,7096.0000,0.0000,0.0000,0.0000,0.0000,7098.0000,0.0000,0.0000,0.0000,0.0000,376,0,0,0,0,35,0,0,0,0
zc,TA209,2012-06-27 09:02:21.080,7100.0000,437876,80,0.0000,106.0000,93,13,多开,B,7098.0000,0.0000,0.0000,0.0000,0.0000,7100.0000,0.0000,0.0000,0.0000,0.0000,54,0,0,0,0,249,0,0,0,0
zc,TA209,2012-06-27 09:02:21.800,7100.0000,437876,0,0.0000,8.0000,4,4,多换,B,7098.0000,0.0000,0.0000,0.0000,0.0000,7100.0000,0.0000,0.0000,0.0000,0.0000,54,0,0,0,0,245,0,0,0,0
zc,TA209,2012-06-27 09:02:22.317,7098.0000,437878,2,0.0000,6.0000,4,2,空开,S,7098.0000,0.0000,0.0000,0.0000,0.0000,7100.0000,0.0000,0.0000,0.0000,0.0000,52,0,0,0,0,243,0,0,0,0
zc,TA209,2012-06-27 09:02:22.830,7100.0000,437820,-58,0.0000,60.0000,1,59,空平,B,7098.0000,0.0000,0.0000,0.0000,0.0000,7100.0000,0.0000,0.0000,0.0000,0.0000,58,0,0,0,0,213,0,0,0,0
zc,TA209,2012-06-27 09:02:23.550,7098.0000,437820,0,0.0000,10.0000,5,5,空换,S,7098.0000,0.0000,0.0000,0.0000,0.0000,7100.0000,0.0000,0.0000,0.0000,0.0000,63,0,0,0,0,213,0,0,0,0
zc,TA209,2012-06-27 09:02:24.067,7098.0000,437818,-2,0.0000,6.0000,2,4,多平,S,7098.0000,0.0000,0.0000,0.0000,0.0000,7100.0000,0.0000,0.0000,0.0000,0.0000,62,0,0,0,0,208,0,0,0,0
zc,TA209,2012-06-27 09:02:24.800,7098.0000,437846,28,0.0000,28.0000,28,0,双开,S,7098.0000,0.0000,0.0000,0.0000,0.0000,7100.0000,0.0000,0.0000,0.0000,0.0000,50,0,0,0,0,177,0,0,0,0
zc,TA209,2012-06-27 09:02:25.317,7100.0000,437844,-2,0.0000,10.0000,4,6,空平,B,7098.0000,0.0000,0.0000,0.0000,0.0000,7100.0000,0.0000,0.0000,0.0000,0.0000,51,0,0,0,0,172,0,0,0,0
zc,TA209,2012-06-27 09:02:25.800,7100.0000,437856,12,0.0000,18.0000,15,3,多开,B,7098.0000,0.0000,0.0000,0.0000,0.0000,7100.0000,0.0000,0.0000,0.0000,0.0000,44,0,0,0,0,169,0,0,0,0
zc,TA209,2012-06-27 09:02:26.317,7100.0000,437958,102,0.0000,340.0000,221,119,多开,B,7098.0000,0.0000,0.0000,0.0000,0.0000,7100.0000,0.0000,0.0000,0.0000,0.0000,44,0,0,0,0,4,0,0,0,0
zc,TA209,2012-06-27 09:02:27.033,7100.0000,437958,0,0.0000,16.0000,8,8,多换,B,7098.0000,0.0000,0.0000,0.0000,0.0000,7100.0000,0.0000,0.0000,0.0000,0.0000,40,0,0,0,0,7,0,0,0,0
zc,TA209,2012-06-27 09:02:27.580,7100.0000,437962,4,0.0000,200.0000,102,98,多开,B,7098.0000,0.0000,0.0000,0.0000,0.0000,7100.0000,0.0000,0.0000,0.0000,0.0000,40,0,0,0,0,34,0,0,0,0
zc,TA209,2012-06-27 09:02:28.067,7100.0000,437940,-22,0.0000,190.0000,84,106,空平,B,7100.0000,0.0000,0.0000,0.0000,0.0000,7102.0000,0.0000,0.0000,0.0000,0.0000,52,0,0,0,0,303,0,0,0,0
zc,TA209,2012-06-27 09:02:28.770,7100.0000,437944,4,0.0000,4.0000,4,0,双开,B,7100.0000,0.0000,0.0000,0.0000,0.0000,7102.0000,0.0000,0.0000,0.0000,0.0000,51,0,0,0,0,303,0,0,0,0
zc,TA209,2012-06-27 09:02:29.300,7100.0000,437992,48,0.0000,114.0000,81,33,多开,B,7098.0000,0.0000,0.0000,0.0000,0.0000,7102.0000,0.0000,0.0000,0.0000,0.0000,51,0,0,0,0,298,0,0,0,0
zc,TA209,2012-06-27 09:02:30.050,7100.0000,438004,12,0.0000,24.0000,18,6,多开,B,7100.0000,0.0000,0.0000,0.0000,0.0000,7102.0000,0.0000,0.0000,0.0000,0.0000,105,0,0,0,0,299,0,0,0,0
zc,TA209,2012-06-27 09:02:30.567,7102.0000,438024,20,0.0000,26.0000,23,3,多开,B,7100.0000,0.0000,0.0000,0.0000,0.0000,7102.0000,0.0000,0.0000,0.0000,0.0000,96,0,0,0,0,296,0,0,0,0
zc,TA209,2012-06-27 09:02:31.050,7102.0000,438124,100,0.0000,104.0000,102,2,多开,B,7100.0000,0.0000,0.0000,0.0000,0.0000,7102.0000,0.0000,0.0000,0.0000,0.0000,46,0,0,0,0,294,0,0,0,0
zc,TA209,2012-06-27 09:02:31.567,7098.0000,438276,152,0.0000,174.0000,163,11,空开,S,7096.0000,0.0000,0.0000,0.0000,0.0000,7098.0000,0.0000,0.0000,0.0000,0.0000,280,0,0,0,0,161,0,0,0,0
zc,TA209,2012-06-27 09:02:32.283,7098.0000,438294,18,0.0000,24.0000,21,3,空开,S,7096.0000,0.0000,0.0000,0.0000,0.0000,7098.0000,0.0000,0.0000,0.0000,0.0000,278,0,0,0,0,149,0,0,0,0
zc,TA209,2012-06-27 09:02:32.800,7098.0000,438410,116,0.0000,130.0000,123,7,空开,S,7096.0000,0.0000,0.0000,0.0000,0.0000,7098.0000,0.0000,0.0000,0.0000,0.0000,276,0,0,0,0,89,0,0,0,0
zc,TA209,2012-06-27 09:02:33.317,7098.0000,438432,22,0.0000,40.0000,31,9,空开,S,7096.0000,0.0000,0.0000,0.0000,0.0000,7098.0000,0.0000,0.0000,0.0000,0.0000,278,0,0,0,0,70,0,0,0,0
zc,TA209,2012-06-27 09:02:34.050,7098.0000,438444,12,0.0000,22.0000,17,5,空开,S,7096.0000,0.0000,0.0000,0.0000,0.0000,7098.0000,0.0000,0.0000,0.0000,0.0000,278,0,0,0,0,60,0,0,0,0
zc,TA209,2012-06-27 09:02:34.580,7098.0000,438558,114,0.0000,120.0000,117,3,空开,S,7098.0000,0.0000,0.0000,0.0000,0.0000,7100.0000,0.0000,0.0000,0.0000,0.0000,2,0,0,0,0,8,0,0,0,0
zc,TA209,2012-06-27 09:02:35.067,7098.0000,438558,0,0.0000,0.0000,0,0,空换,S,7098.0000,0.0000,0.0000,0.0000,0.0000,7100.0000,0.0000,0.0000,0.0000,0.0000,4,0,0,0,0,12,0,0,0,0
zc,TA209,2012-06-27 09:02:35.550,7098.0000,438558,0,0.0000,0.0000,0,0,空换,S,7098.0000,0.0000,0.0000,0.0000,0.0000,7100.0000,0.0000,0.0000,0.0000,0.0000,4,0,0,0,0,176,0,0,0,0
zc,TA209,2012-06-27 09:02:36.300,7100.0000,438564,6,0.0000,8.0000,7,1,多开,B,7098.0000,0.0000,0.0000,0.0000,0.0000,7100.0000,0.0000,0.0000,0.0000,0.0000,10,0,0,0,0,204,0,0,0,0
zc,TA209,2012-06-27 09:02:36.800,7100.0000,438564,0,0.0000,4.0000,2,2,多换,B,7098.0000,0.0000,0.0000,0.0000,0.0000,7100.0000,0.0000,0.0000,0.0000,0.0000,19,0,0,0,0,261,0,0,0,0
zc,TA209,2012-06-27 09:02:37.283,7100.0000,438564,0,0.0000,0.0000,0,0,多换,B,7098.0000,0.0000,0.0000,0.0000,0.0000,7100.0000,0.0000,0.0000,0.0000,0.0000,20,0,0,0,0,263,0,0,0,0
zc,TA209,2012-06-27 09:02:38.033,7098.0000,438566,2,0.0000,2.0000,2,0,双开,S,7098.0000,0.0000,0.0000,0.0000,0.0000,7100.0000,0.0000,0.0000,0.0000,0.0000,19,0,0,0,0,267,0,0,0,0
zc,TA209,2012-06-27 09:02:38.550,7100.0000,438568,2,0.0000,2.0000,2,0,双开,B,7098.0000,0.0000,0.0000,0.0000,0.0000,7100.0000,0.0000,0.0000,0.0000,0.0000,19,0,0,0,0,266,0,0,0,0
zc,TA209,2012-06-27 09:02:39.080,7100.0000,438572,4,0.0000,4.0000,4,0,双开,B,7098.0000,0.0000,0.0000,0.0000,0.0000,7100.0000,0.0000,0.0000,0.0000,0.0000,19,0,0,0,0,265,0,0,0,0
zc,TA209,2012-06-27 09:02:39.550,7100.0000,438572,0,0.0000,0.0000,0,0,多换,B,7098.0000,0.0000,0.0000,0.0000,0.0000,7100.0000,0.0000,0.0000,0.0000,0.0000,19,0,0,0,0,281,0,0,0,0
zc,TA209,2012-06-27 09:02:40.283,7098.0000,438574,2,0.0000,2.0000,2,0,双开,S,7098.0000,0.0000,0.0000,0.0000,0.0000,7100.0000,0.0000,0.0000,0.0000,0.0000,19,0,0,0,0,281,0,0,0,0
zc,TA209,2012-06-27 09:02:40.817,7098.0000,438602,28,0.0000,40.0000,34,6,空开,S,7096.0000,0.0000,0.0000,0.0000,0.0000,7098.0000,0.0000,0.0000,0.0000,0.0000,337,0,0,0,0,143,0,0,0,0
zc,TA209,2012-06-27 09:02:41.347,7098.0000,438886,284,0.0000,286.0000,285,1,空开,S,7098.0000,0.0000,0.0000,0.0000,0.0000,7100.0000,0.0000,0.0000,0.0000,0.0000,1,0,0,0,0,284,0,0,0,0
zc,TA209,2012-06-27 09:02:42.143,7096.0000,438876,-10,0.0000,18.0000,4,14,多平,S,7096.0000,0.0000,0.0000,0.0000,0.0000,7100.0000,0.0000,0.0000,0.0000,0.0000,359,0,0,0,0,285,0,0,0,0
zc,TA209,2012-06-27 09:02:42.567,7098.0000,438876,0,0.0000,2.0000,1,1,多换,B,7098.0000,0.0000,0.0000,0.0000,0.0000,7100.0000,0.0000,0.0000,0.0000,0.0000,2,0,0,0,0,290,0,0,0,0
zc,TA209,2012-06-27 09:02:43.033,7098.0000,438878,2,0.0000,4.0000,3,1,多开,B,7096.0000,0.0000,0.0000,0.0000,0.0000,7098.0000,0.0000,0.0000,0.0000,0.0000,362,0,0,0,0,8,0,0,0,0
zc,TA209,2012-06-27 09:02:43.550,7100.0000,438902,24,0.0000,24.0000,24,0,双开,B,7098.0000,0.0000,0.0000,0.0000,0.0000,7100.0000,0.0000,0.0000,0.0000,0.0000,8,0,0,0,0,287,0,0,0,0
zc,TA209,2012-06-27 09:02:44.330,7096.0000,438902,0,0.0000,32.0000,16,16,空换,S,7098.0000,0.0000,0.0000,0.0000,0.0000,7100.0000,0.0000,0.0000,0.0000,0.0000,14,0,0,0,0,290,0,0,0,0
zc,TA209,2012-06-27 09:02:44.800,7100.0000,438900,-2,0.0000,2.0000,0,2,双平,B,7098.0000,0.0000,0.0000,0.0000,0.0000,7100.0000,0.0000,0.0000,0.0000,0.0000,14,0,0,0,0,286,0,0,0,0
zc,TA209,2012-06-27 09:02:45.363,7098.0000,438906,6,0.0000,26.0000,16,10,空开,S,7098.0000,0.0000,0.0000,0.0000,0.0000,7100.0000,0.0000,0.0000,0.0000,0.0000,22,0,0,0,0,228,0,0,0,0
zc,TA209,2012-06-27 09:02:46.080,7100.0000,439018,112,0.0000,464.0000,288,176,多开,B,7100.0000,0.0000,0.0000,0.0000,0.0000,7102.0000,0.0000,0.0000,0.0000,0.0000,55,0,0,0,0,328,0,0,0,0
zc,TA209,2012-06-27 09:02:46.567,7100.0000,439058,40,0.0000,40.0000,40,0,双开,B,7100.0000,0.0000,0.0000,0.0000,0.0000,7102.0000,0.0000,0.0000,0.0000,0.0000,42,0,0,0,0,324,0,0,0,0
zc,TA209,2012-06-27 09:02:47.300,7100.0000,439062,4,0.0000,4.0000,4,0,双开,B,7100.0000,0.0000,0.0000,0.0000,0.0000,7102.0000,0.0000,0.0000,0.0000,0.0000,52,0,0,0,0,323,0,0,0,0
zc,TA209,2012-06-27 09:02:47.597,7102.0000,439072,10,0.0000,212.0000,111,101,多开,B,7100.0000,0.0000,0.0000,0.0000,0.0000,7102.0000,0.0000,0.0000,0.0000,0.0000,22,0,0,0,0,222,0,0,0,0
zc,TA209,2012-06-27 09:02:48.330,7100.0000,439074,2,0.0000,12.0000,7,5,空开,S,7100.0000,0.0000,0.0000,0.0000,0.0000,7102.0000,0.0000,0.0000,0.0000,0.0000,16,0,0,0,0,223,0,0,0,0
zc,TA209,2012-06-27 09:02:48.847,7100.0000,439090,16,0.0000,18.0000,17,1,空开,S,7100.0000,0.0000,0.0000,0.0000,0.0000,7102.0000,0.0000,0.0000,0.0000,0.0000,7,0,0,0,0,223,0,0,0,0
zc,TA209,2012-06-27 09:02:49.567,7102.0000,439098,8,0.0000,24.0000,16,8,多开,B,7100.0000,0.0000,0.0000,0.0000,0.0000,7102.0000,0.0000,0.0000,0.0000,0.0000,12,0,0,0,0,216,0,0,0,0
zc,TA209,2012-06-27 09:02:49.830,7100.0000,439090,-8,0.0000,26.0000,9,17,多平,S,7098.0000,0.0000,0.0000,0.0000,0.0000,7102.0000,0.0000,0.0000,0.0000,0.0000,43,0,0,0,0,222,0,0,0,0
zc,TA209,2012-06-27 09:02:50.613,7100.0000,439064,-26,0.0000,38.0000,6,32,多平,S,7098.0000,0.0000,0.0000,0.0000,0.0000,7100.0000,0.0000,0.0000,0.0000,0.0000,54,0,0,0,0,10,0,0,0,0
zc,TA209,2012-06-27 09:02:51.300,7100.0000,439064,0,0.0000,0.0000,0,0,空换,S,7098.0000,0.0000,0.0000,0.0000,0.0000,7100.0000,0.0000,0.0000,0.0000,0.0000,65,0,0,0,0,80,0,0,0,0
zc,TA209,2012-06-27 09:02:51.847,7100.0000,439062,-2,0.0000,4.0000,1,3,多平,S,7098.0000,0.0000,0.0000,0.0000,0.0000,7100.0000,0.0000,0.0000,0.0000,0.0000,65,0,0,0,0,81,0,0,0,0
zc,TA209,2012-06-27 09:02:52.347,7100.0000,439028,-34,0.0000,42.0000,4,38,多平,S,7098.0000,0.0000,0.0000,0.0000,0.0000,7100.0000,0.0000,0.0000,0.0000,0.0000,65,0,0,0,0,62,0,0,0,0
zc,TA209,2012-06-27 09:02:53.097,7098.0000,439294,266,0.0000,326.0000,296,30,空开,S,7098.0000,0.0000,0.0000,0.0000,0.0000,7100.0000,0.0000,0.0000,0.0000,0.0000,181,0,0,0,0,122,0,0,0,0
zc,TA209,2012-06-27 09:02:53.580,7100.0000,439302,8,0.0000,24.0000,16,8,多开,B,7098.0000,0.0000,0.0000,0.0000,0.0000,7100.0000,0.0000,0.0000,0.0000,0.0000,180,0,0,0,0,115,0,0,0,0
zc,TA209,2012-06-27 09:02:54.097,7100.0000,439302,0,0.0000,2.0000,1,1,多换,B,7098.0000,0.0000,0.0000,0.0000,0.0000,7100.0000,0.0000,0.0000,0.0000,0.0000,180,0,0,0,0,115,0,0,0,0
zc,TA209,2012-06-27 09:02:54.847,7100.0000,439304,2,0.0000,42.0000,22,20,多开,B,7098.0000,0.0000,0.0000,0.0000,0.0000,7100.0000,0.0000,0.0000,0.0000,0.0000,186,0,0,0,0,79,0,0,0,0
zc,TA209,2012-06-27 09:02:55.300,7100.0000,439304,0,0.0000,0.0000,0,0,多换,B,7098.0000,0.0000,0.0000,0.0000,0.0000,7100.0000,0.0000,0.0000,0.0000,0.0000,187,0,0,0,0,80,0,0,0,0
zc,TA209,2012-06-27 09:02:55.800,7098.0000,439456,152,0.0000,326.0000,239,87,空开,S,7098.0000,0.0000,0.0000,0.0000,0.0000,7100.0000,0.0000,0.0000,0.0000,0.0000,32,0,0,0,0,78,0,0,0,0
zc,TA209,2012-06-27 09:02:56.580,7100.0000,439596,140,0.0000,154.0000,147,7,多开,B,7098.0000,0.0000,0.0000,0.0000,0.0000,7100.0000,0.0000,0.0000,0.0000,0.0000,32,0,0,0,0,2,0,0,0,0
zc,TA209,2012-06-27 09:02:57.080,7100.0000,439596,0,0.0000,0.0000,0,0,多换,B,7098.0000,0.0000,0.0000,0.0000,0.0000,7100.0000,0.0000,0.0000,0.0000,0.0000,82,0,0,0,0,2,0,0,0,0
zc,TA209,2012-06-27 09:02:57.533,7100.0000,439596,0,0.0000,4.0000,2,2,多换,B,7100.0000,0.0000,0.0000,0.0000,0.0000,7102.0000,0.0000,0.0000,0.0000,0.0000,14,0,0,0,0,128,0,0,0,0
zc,TA209,2012-06-27 09:02:58.317,7100.0000,439568,-28,0.0000,50.0000,11,39,空平,B,7100.0000,0.0000,0.0000,0.0000,0.0000,7102.0000,0.0000,0.0000,0.0000,0.0000,15,0,0,0,0,128,0,0,0,0
zc,TA209,2012-06-27 09:02:59.033,7098.0000,439876,308,0.0000,342.0000,325,17,空开,S,7098.0000,0.0000,0.0000,0.0000,0.0000,7100.0000,0.0000,0.0000,0.0000,0.0000,34,0,0,0,0,1,0,0,0,0
zc,TA209,2012-06-27 09:02:59.283,7098.0000,439878,2,0.0000,2.0000,2,0,双开,S,7098.0000,0.0000,0.0000,0.0000,0.0000,7100.0000,0.0000,0.0000,0.0000,0.0000,33,0,0,0,0,2,0,0,0,0
zc,TA209,2012-06-27 09:03:00.033,7100.0000,439888,10,0.0000,14.0000,12,2,多开,B,7098.0000,0.0000,0.0000,0.0000,0.0000,7100.0000,0.0000,0.0000,0.0000,0.0000,34,0,0,0,0,2,0,0,0,0
zc,TA209,2012-06-27 09:03:00.330,7100.0000,439894,6,0.0000,10.0000,8,2,多开,B,7100.0000,0.0000,0.0000,0.0000,0.0000,7102.0000,0.0000,0.0000,0.0000,0.0000,55,0,0,0,0,129,0,0,0,0
zc,TA209,2012-06-27 09:03:01.033,7100.0000,439896,2,0.0000,30.0000,16,14,多开,B,7100.0000,0.0000,0.0000,0.0000,0.0000,7102.0000,0.0000,0.0000,0.0000,0.0000,42,0,0,0,0,128,0,0,0,0
zc,TA209,2012-06-27 09:03:01.817,7102.0000,439894,-2,0.0000,4.0000,1,3,空平,B,7100.0000,0.0000,0.0000,0.0000,0.0000,7102.0000,0.0000,0.0000,0.0000,0.0000,47,0,0,0,0,127,0,0,0,0
zc,TA209,2012-06-27 09:03:02.300,7100.0000,439938,44,0.0000,66.0000,55,11,空开,S,7100.0000,0.0000,0.0000,0.0000,0.0000,7102.0000,0.0000,0.0000,0.0000,0.0000,104,0,0,0,0,96,0,0,0,0
zc,TA209,2012-06-27 09:03:02.830,7100.0000,440022,84,0.0000,176.0000,130,46,空开,S,7100.0000,0.0000,0.0000,0.0000,0.0000,7102.0000,0.0000,0.0000,0.0000,0.0000,101,0,0,0,0,9,0,0,0,0
zc,TA209,2012-06-27 09:03:03.580,7102.0000,440012,-10,0.0000,46.0000,18,28,空平,B,7102.0000,0.0000,0.0000,0.0000,0.0000,7104.0000,0.0000,0.0000,0.0000,0.0000,38,0,0,0,0,97,0,0,0,0
zc,TA209,2012-06-27 09:03:04.300,7102.0000,440010,-2,0.0000,10.0000,4,6,空平,B,7102.0000,0.0000,0.0000,0.0000,0.0000,7104.0000,0.0000,0.0000,0.0000,0.0000,36,0,0,0,0,94,0,0,0,0
zc,TA209,2012-06-27 09:03:04.567,7102.0000,439950,-60,0.0000,62.0000,1,61,空平,B,7102.0000,0.0000,0.0000,0.0000,0.0000,7104.0000,0.0000,0.0000,0.0000,0.0000,9,0,0,0,0,94,0,0,0,0
zc,TA209,2012-06-27 09:03:05.347,7102.0000,439972,22,0.0000,30.0000,26,4,多开,B,7102.0000,0.0000,0.0000,0.0000,0.0000,7104.0000,0.0000,0.0000,0.0000,0.0000,10,0,0,0,0,83,0,0,0,0
zc,TA209,2012-06-27 09:03:05.817,7102.0000,439974,2,0.0000,4.0000,3,1,多开,B,7102.0000,0.0000,0.0000,0.0000,0.0000,7104.0000,0.0000,0.0000,0.0000,0.0000,8,0,0,0,0,93,0,0,0,0
zc,TA209,2012-06-27 09:03:06.550,7102.0000,439962,-12,0.0000,16.0000,2,14,空平,B,7100.0000,0.0000,0.0000,0.0000,0.0000,7102.0000,0.0000,0.0000,0.0000,0.0000,100,0,0,0,0,28,0,0,0,0
zc,TA209,2012-06-27 09:03:07.050,7102.0000,439976,14,0.0000,14.0000,14,0,双开,B,7100.0000,0.0000,0.0000,0.0000,0.0000,7102.0000,0.0000,0.0000,0.0000,0.0000,100,0,0,0,0,21,0,0,0,0
zc,TA209,2012-06-27 09:03:07.533,7102.0000,439982,6,0.0000,10.0000,8,2,多开,B,7100.0000,0.0000,0.0000,0.0000,0.0000,7102.0000,0.0000,0.0000,0.0000,0.0000,103,0,0,0,0,14,0,0,0,0
zc,TA209,2012-06-27 09:03:08.317,7104.0000,439934,-48,0.0000,100.0000,26,74,空平,B,7100.0000,0.0000,0.0000,0.0000,0.0000,7104.0000,0.0000,0.0000,0.0000,0.0000,104,0,0,0,0,61,0,0,0,0
zc,TA209,2012-06-27 09:03:08.550,7104.0000,439934,0,0.0000,0.0000,0,0,多换,B,7102.0000,0.0000,0.0000,0.0000,0.0000,7104.0000,0.0000,0.0000,0.0000,0.0000,10,0,0,0,0,65,0,0,0,0
zc,TA209,2012-06-27 09:03:09.300,7104.0000,439946,12,0.0000,14.0000,13,1,多开,B,7102.0000,0.0000,0.0000,0.0000,0.0000,7104.0000,0.0000,0.0000,0.0000,0.0000,11,0,0,0,0,61,0,0,0,0
zc,TA209,2012-06-27 09:03:09.830,7102.0000,439924,-22,0.0000,30.0000,4,26,多平,S,7100.0000,0.0000,0.0000,0.0000,0.0000,7102.0000,0.0000,0.0000,0.0000,0.0000,108,0,0,0,0,11,0,0,0,0
zc,TA209,2012-06-27 09:03:10.317,7102.0000,439924,0,0.0000,0.0000,0,0,空换,S,7100.0000,0.0000,0.0000,0.0000,0.0000,7102.0000,0.0000,0.0000,0.0000,0.0000,110,0,0,0,0,14,0,0,0,0
zc,TA209,2012-06-27 09:03:10.830,7100.0000,439980,56,0.0000,240.0000,148,92,空开,S,7100.0000,0.0000,0.0000,0.0000,0.0000,7102.0000,0.0000,0.0000,0.0000,0.0000,20,0,0,0,0,1,0,0,0,0
zc,TA209,2012-06-27 09:03:11.550,7102.0000,439970,-10,0.0000,20.0000,5,15,空平,B,7100.0000,0.0000,0.0000,0.0000,0.0000,7102.0000,0.0000,0.0000,0.0000,0.0000,23,0,0,0,0,5,0,0,0,0
zc,TA209,2012-06-27 09:03:12.300,7102.0000,439958,-12,0.0000,14.0000,1,13,空平,B,7100.0000,0.0000,0.0000,0.0000,0.0000,7102.0000,0.0000,0.0000,0.0000,0.0000,23,0,0,0,0,62,0,0,0,0
zc,TA209,2012-06-27 09:03:12.783,7102.0000,439958,0,0.0000,32.0000,16,16,多换,B,7100.0000,0.0000,0.0000,0.0000,0.0000,7102.0000,0.0000,0.0000,0.0000,0.0000,33,0,0,0,0,117,0,0,0,0
zc,TA209,2012-06-27 09:03:13.300,7102.0000,439958,0,0.0000,16.0000,8,8,多换,B,7100.0000,0.0000,0.0000,0.0000,0.0000,7102.0000,0.0000,0.0000,0.0000,0.0000,34,0,0,0,0,124,0,0,0,0
zc,TA209,2012-06-27 09:03:13.877,7102.0000,439958,0,0.0000,0.0000,0,0,多换,B,7100.0000,0.0000,0.0000,0.0000,0.0000,7102.0000,0.0000,0.0000,0.0000,0.0000,34,0,0,0,0,126,0,0,0,0
zc,TA209,2012-06-27 09:03:14.533,7102.0000,439958,0,0.0000,0.0000,0,0,多换,B,7100.0000,0.0000,0.0000,0.0000,0.0000,7102.0000,0.0000,0.0000,0.0000,0.0000,37,0,0,0,0,133,0,0,0,0
zc,TA209,2012-06-27 09:03:15.067,7100.0000,439968,10,0.0000,368.0000,189,179,空开,S,7100.0000,0.0000,0.0000,0.0000,0.0000,7102.0000,0.0000,0.0000,0.0000,0.0000,23,0,0,0,0,36,0,0,0,0
zc,TA209,2012-06-27 09:03:15.817,7100.0000,439988,20,0.0000,50.0000,35,15,空开,S,7100.0000,0.0000,0.0000,0.0000,0.0000,7102.0000,0.0000,0.0000,0.0000,0.0000,13,0,0,0,0,21,0,0,0,0
zc,TA209,2012-06-27 09:03:16.067,7102.0000,440002,14,0.0000,44.0000,29,15,多开,B,7100.0000,0.0000,0.0000,0.0000,0.0000,7102.0000,0.0000,0.0000,0.0000,0.0000,6,0,0,0,0,25,0,0,0,0
zc,TA209,2012-06-27 09:03:16.783,7102.0000,440002,0,0.0000,2.0000,1,1,多换,B,7100.0000,0.0000,0.0000,0.0000,0.0000,7102.0000,0.0000,0.0000,0.0000,0.0000,8,0,0,0,0,62,0,0,0,0
zc,TA209,2012-06-27 09:03:17.520,7102.0000,439996,-6,0.0000,34.0000,14,20,空平,B,7100.0000,0.0000,0.0000,0.0000,0.0000,7102.0000,0.0000,0.0000,0.0000,0.0000,55,0,0,0,0,47,0,0,0,0
zc,TA209,2012-06-27 09:03:18.033,7102.0000,439994,-2,0.0000,24.0000,11,13,空平,B,7102.0000,0.0000,0.0000,0.0000,0.0000,7104.0000,0.0000,0.0000,0.0000,0.0000,6,0,0,0,0,112,0,0,0,0
zc,TA209,2012-06-27 09:03:18.817,7102.0000,439994,0,0.0000,44.0000,22,22,多换,B,7102.0000,0.0000,0.0000,0.0000,0.0000,7104.0000,0.0000,0.0000,0.0000,0.0000,5,0,0,0,0,92,0,0,0,0
zc,TA209,2012-06-27 09:03:19.317,7102.0000,439994,0,0.0000,0.0000,0,0,多换,B,7102.0000,0.0000,0.0000,0.0000,0.0000,7104.0000,0.0000,0.0000,0.0000,0.0000,29,0,0,0,0,98,0,0,0,0
zc,TA209,2012-06-27 09:03:19.783,7102.0000,439994,0,0.0000,2.0000,1,1,多换,B,7102.0000,0.0000,0.0000,0.0000,0.0000,7104.0000,0.0000,0.0000,0.0000,0.0000,28,0,0,0,0,121,0,0,0,0
zc,TA209,2012-06-27 09:03:20.300,7102.0000,439948,-46,0.0000,58.0000,6,52,空平,B,7100.0000,0.0000,0.0000,0.0000,0.0000,7102.0000,0.0000,0.0000,0.0000,0.0000,65,0,0,0,0,272,0,0,0,0
zc,TA209,2012-06-27 09:03:21.067,7100.0000,440036,88,0.0000,188.0000,138,50,空开,S,7098.0000,0.0000,0.0000,0.0000,0.0000,7100.0000,0.0000,0.0000,0.0000,0.0000,29,0,0,0,0,7,0,0,0,0
zc,TA209,2012-06-27 09:03:21.567,7100.0000,440050,14,0.0000,14.0000,14,0,双开,S,7100.0000,0.0000,0.0000,0.0000,0.0000,7102.0000,0.0000,0.0000,0.0000,0.0000,1,0,0,0,0,272,0,0,0,0
zc,TA209,2012-06-27 09:03:22.067,7100.0000,440050,0,0.0000,0.0000,0,0,空换,S,7100.0000,0.0000,0.0000,0.0000,0.0000,7102.0000,0.0000,0.0000,0.0000,0.0000,4,0,0,0,0,322,0,0,0,0
zc,TA209,2012-06-27 09:03:22.800,7100.0000,440058,8,0.0000,10.0000,9,1,空开,S,7098.0000,0.0000,0.0000,0.0000,0.0000,7100.0000,0.0000,0.0000,0.0000,0.0000,28,0,0,0,0,65,0,0,0,0
zc,TA209,2012-06-27 09:03:23.363,7100.0000,440060,2,0.0000,2.0000,2,0,双开,S,7098.0000,0.0000,0.0000,0.0000,0.0000,7100.0000,0.0000,0.0000,0.0000,0.0000,28,0,0,0,0,91,0,0,0,0
zc,TA209,2012-06-27 09:03:24.080,7098.0000,440062,2,0.0000,22.0000,12,10,空开,S,7098.0000,0.0000,0.0000,0.0000,0.0000,7100.0000,0.0000,0.0000,0.0000,0.0000,20,0,0,0,0,90,0,0,0,0
zc,TA209,2012-06-27 09:03:24.550,7100.0000,440090,28,0.0000,32.0000,30,2,多开,B,7098.0000,0.0000,0.0000,0.0000,0.0000,7100.0000,0.0000,0.0000,0.0000,0.0000,17,0,0,0,0,80,0,0,0,0
zc,TA209,2012-06-27 09:03:25.050,7100.0000,440120,30,0.0000,30.0000,30,0,双开,B,7098.0000,0.0000,0.0000,0.0000,0.0000,7100.0000,0.0000,0.0000,0.0000,0.0000,13,0,0,0,0,65,0,0,0,0
zc,TA209,2012-06-27 09:03:25.550,7100.0000,440124,4,0.0000,4.0000,4,0,双开,B,7098.0000,0.0000,0.0000,0.0000,0.0000,7100.0000,0.0000,0.0000,0.0000,0.0000,16,0,0,0,0,63,0,0,0,0
zc,TA209,2012-06-27 09:03:26.283,7100.0000,440130,6,0.0000,12.0000,9,3,多开,B,7098.0000,0.0000,0.0000,0.0000,0.0000,7100.0000,0.0000,0.0000,0.0000,0.0000,91,0,0,0,0,61,0,0,0,0
zc,TA209,2012-06-27 09:03:26.770,7100.0000,440138,8,0.0000,8.0000,8,0,双开,B,7098.0000,0.0000,0.0000,0.0000,0.0000,7100.0000,0.0000,0.0000,0.0000,0.0000,91,0,0,0,0,58,0,0,0,0
zc,TA209,2012-06-27 09:03:27.283,7098.0000,440146,8,0.0000,10.0000,9,1,空开,S,7098.0000,0.0000,0.0000,0.0000,0.0000,7100.0000,0.0000,0.0000,0.0000,0.0000,99,0,0,0,0,157,0,0,0,0
zc,TA209,2012-06-27 09:03:28.033,7100.0000,440170,24,0.0000,40.0000,32,8,多开,B,7098.0000,0.0000,0.0000,0.0000,0.0000,7100.0000,0.0000,0.0000,0.0000,0.0000,88,0,0,0,0,124,0,0,0,0
zc,TA209,2012-06-27 09:03:28.817,7100.0000,440170,0,0.0000,16.0000,8,8,多换,B,7098.0000,0.0000,0.0000,0.0000,0.0000,7100.0000,0.0000,0.0000,0.0000,0.0000,88,0,0,0,0,116,0,0,0,0
zc,TA209,2012-06-27 09:03:29.300,7100.0000,440222,52,0.0000,60.0000,56,4,多开,B,7098.0000,0.0000,0.0000,0.0000,0.0000,7100.0000,0.0000,0.0000,0.0000,0.0000,89,0,0,0,0,94,0,0,0,0
zc,TA209,2012-06-27 09:03:29.800,7100.0000,440222,0,0.0000,102.0000,51,51,多换,B,7098.0000,0.0000,0.0000,0.0000,0.0000,7100.0000,0.0000,0.0000,0.0000,0.0000,88,0,0,0,0,45,0,0,0,0
zc,TA209,2012-06-27 09:03:30.533,7100.0000,440226,4,0.0000,42.0000,23,19,多开,B,7098.0000,0.0000,0.0000,0.0000,0.0000,7100.0000,0.0000,0.0000,0.0000,0.0000,125,0,0,0,0,26,0,0,0,0
zc,TA209,2012-06-27 09:03:30.783,7100.0000,440278,52,0.0000,84.0000,68,16,多开,B,7100.0000,0.0000,0.0000,0.0000,0.0000,7102.0000,0.0000,0.0000,0.0000,0.0000,152,0,0,0,0,301,0,0,0,0
zc,TA209,2012-06-27 09:03:31.550,7100.0000,440300,22,0.0000,26.0000,24,2,多开,B,7100.0000,0.0000,0.0000,0.0000,0.0000,7102.0000,0.0000,0.0000,0.0000,0.0000,189,0,0,0,0,303,0,0,0,0
zc,TA209,2012-06-27 09:03:32.033,7100.0000,440304,4,0.0000,8.0000,6,2,多开,B,7100.0000,0.0000,0.0000,0.0000,0.0000,7102.0000,0.0000,0.0000,0.0000,0.0000,189,0,0,0,0,303,0,0,0,0
zc,TA209,2012-06-27 09:03:32.533,7102.0000,440304,0,0.0000,14.0000,7,7,多换,B,7100.0000,0.0000,0.0000,0.0000,0.0000,7102.0000,0.0000,0.0000,0.0000,0.0000,189,0,0,0,0,292,0,0,0,0
zc,TA209,2012-06-27 09:03:33.300,7102.0000,440304,0,0.0000,42.0000,21,21,多换,B,7100.0000,0.0000,0.0000,0.0000,0.0000,7102.0000,0.0000,0.0000,0.0000,0.0000,174,0,0,0,0,275,0,0,0,0
zc,TA209,2012-06-27 09:03:33.783,7100.0000,440314,10,0.0000,16.0000,13,3,空开,S,7100.0000,0.0000,0.0000,0.0000,0.0000,7102.0000,0.0000,0.0000,0.0000,0.0000,169,0,0,0,0,282,0,0,0,0
zc,TA209,2012-06-27 09:03:34.550,7100.0000,440316,2,0.0000,326.0000,164,162,空开,S,7100.0000,0.0000,0.0000,0.0000,0.0000,7102.0000,0.0000,0.0000,0.0000,0.0000,170,0,0,0,0,127,0,0,0,0
zc,TA209,2012-06-27 09:03:35.097,7102.0000,440398,82,0.0000,288.0000,185,103,多开,B,7102.0000,0.0000,0.0000,0.0000,0.0000,7104.0000,0.0000,0.0000,0.0000,0.0000,389,0,0,0,0,72,0,0,0,0
zc,TA209,2012-06-27 09:03:35.800,7102.0000,440402,4,0.0000,14.0000,9,5,多开,B,7102.0000,0.0000,0.0000,0.0000,0.0000,7104.0000,0.0000,0.0000,0.0000,0.0000,435,0,0,0,0,72,0,0,0,0
zc,TA209,2012-06-27 09:03:36.330,7104.0000,440474,72,0.0000,106.0000,89,17,多开,B,7102.0000,0.0000,0.0000,0.0000,0.0000,7104.0000,0.0000,0.0000,0.0000,0.0000,435,0,0,0,0,19,0,0,0,0
zc,TA209,2012-06-27 09:03:36.800,7102.0000,440482,8,0.0000,8.0000,8,0,双开,S,7102.0000,0.0000,0.0000,0.0000,0.0000,7104.0000,0.0000,0.0000,0.0000,0.0000,381,0,0,0,0,16,0,0,0,0
zc,TA209,2012-06-27 09:03:37.330,7104.0000,440484,2,0.0000,38.0000,20,18,多开,B,7102.0000,0.0000,0.0000,0.0000,0.0000,7104.0000,0.0000,0.0000,0.0000,0.0000,362,0,0,0,0,31,0,0,0,0
zc,TA209,2012-06-27 09:03:38.080,7102.0000,440504,20,0.0000,626.0000,323,303,空开,S,7102.0000,0.0000,0.0000,0.0000,0.0000,7104.0000,0.0000,0.0000,0.0000,0.0000,71,0,0,0,0,133,0,0,0,0
zc,TA209,2012-06-27 09:03:39.300,7104.0000,440506,2,0.0000,122.0000,62,60,多开,B,7102.0000,0.0000,0.0000,0.0000,0.0000,7104.0000,0.0000,0.0000,0.0000,0.0000,69,0,0,0,0,77,0,0,0,0
zc,TA209,2012-06-27 09:03:39.800,7102.0000,440506,0,0.0000,64.0000,32,32,空换,S,7102.0000,0.0000,0.0000,0.0000,0.0000,7104.0000,0.0000,0.0000,0.0000,0.0000,74,0,0,0,0,46,0,0,0,0
zc,TA209,2012-06-27 09:03:40.317,7104.0000,440506,0,0.0000,12.0000,6,6,多换,B,7102.0000,0.0000,0.0000,0.0000,0.0000,7104.0000,0.0000,0.0000,0.0000,0.0000,71,0,0,0,0,54,0,0,0,0
zc,TA209,2012-06-27 09:03:41.080,7104.0000,440472,-34,0.0000,148.0000,57,91,空平,B,7104.0000,0.0000,0.0000,0.0000,0.0000,7106.0000,0.0000,0.0000,0.0000,0.0000,3,0,0,0,0,420,0,0,0,0
zc,TA209,2012-06-27 09:03:41.567,7104.0000,440478,6,0.0000,6.0000,6,0,双开,B,7104.0000,0.0000,0.0000,0.0000,0.0000,7106.0000,0.0000,0.0000,0.0000,0.0000,1,0,0,0,0,420,0,0,0,0
zc,TA209,2012-06-27 09:03:42.330,7104.0000,440478,0,0.0000,4.0000,2,2,多换,B,7102.0000,0.0000,0.0000,0.0000,0.0000,7104.0000,0.0000,0.0000,0.0000,0.0000,64,0,0,0,0,194,0,0,0,0
zc,TA209,2012-06-27 09:03:42.817,7104.0000,440588,110,0.0000,114.0000,112,2,多开,B,7102.0000,0.0000,0.0000,0.0000,0.0000,7104.0000,0.0000,0.0000,0.0000,0.0000,64,0,0,0,0,228,0,0,0,0
zc,TA209,2012-06-27 09:03:43.347,7102.0000,440580,-8,0.0000,156.0000,74,82,多平,S,7100.0000,0.0000,0.0000,0.0000,0.0000,7102.0000,0.0000,0.0000,0.0000,0.0000,160,0,0,0,0,235,0,0,0,0
zc,TA209,2012-06-27 09:03:43.847,7102.0000,440438,-142,0.0000,192.0000,25,167,多平,S,7100.0000,0.0000,0.0000,0.0000,0.0000,7102.0000,0.0000,0.0000,0.0000,0.0000,180,0,0,0,0,141,0,0,0,0
zc,TA209,2012-06-27 09:03:44.567,7102.0000,440160,-278,0.0000,422.0000,72,350,多平,S,7100.0000,0.0000,0.0000,0.0000,0.0000,7102.0000,0.0000,0.0000,0.0000,0.0000,182,0,0,0,0,39,0,0,0,0
zc,TA209,2012-06-27 09:03:45.033,7102.0000,440082,-78,0.0000,78.0000,0,78,双平,S,7102.0000,0.0000,0.0000,0.0000,0.0000,7104.0000,0.0000,0.0000,0.0000,0.0000,11,0,0,0,0,136,0,0,0,0
zc,TA209,2012-06-27 09:03:45.863,7104.0000,440080,-2,0.0000,52.0000,25,27,空平,B,7102.0000,0.0000,0.0000,0.0000,0.0000,7104.0000,0.0000,0.0000,0.0000,0.0000,8,0,0,0,0,116,0,0,0,0
zc,TA209,2012-06-27 09:03:46.317,7104.0000,440100,20,0.0000,20.0000,20,0,双开,B,7102.0000,0.0000,0.0000,0.0000,0.0000,7104.0000,0.0000,0.0000,0.0000,0.0000,10,0,0,0,0,111,0,0,0,0
zc,TA209,2012-06-27 09:03:46.830,7102.0000,440100,0,0.0000,10.0000,5,5,空换,S,7102.0000,0.0000,0.0000,0.0000,0.0000,7104.0000,0.0000,0.0000,0.0000,0.0000,68,0,0,0,0,111,0,0,0,0
zc,TA209,2012-06-27 09:03:47.580,7104.0000,440176,76,0.0000,78.0000,77,1,多开,B,7102.0000,0.0000,0.0000,0.0000,0.0000,7104.0000,0.0000,0.0000,0.0000,0.0000,68,0,0,0,0,63,0,0,0,0
zc,TA209,2012-06-27 09:03:48.097,7104.0000,440176,0,0.0000,4.0000,2,2,多换,B,7102.0000,0.0000,0.0000,0.0000,0.0000,7104.0000,0.0000,0.0000,0.0000,0.0000,70,0,0,0,0,93,0,0,0,0
zc,TA209,2012-06-27 09:03:48.800,7102.0000,440180,4,0.0000,12.0000,8,4,空开,S,7102.0000,0.0000,0.0000,0.0000,0.0000,7104.0000,0.0000,0.0000,0.0000,0.0000,65,0,0,0,0,103,0,0,0,0
zc,TA209,2012-06-27 09:03:49.080,7104.0000,440188,8,0.0000,8.0000,8,0,双开,B,7102.0000,0.0000,0.0000,0.0000,0.0000,7104.0000,0.0000,0.0000,0.0000,0.0000,65,0,0,0,0,99,0,0,0,0
zc,TA209,2012-06-27 09:03:49.800,7104.0000,440200,12,0.0000,12.0000,12,0,双开,B,7102.0000,0.0000,0.0000,0.0000,0.0000,7104.0000,0.0000,0.0000,0.0000,0.0000,65,0,0,0,0,93,0,0,0,0
zc,TA209,2012-06-27 09:03:50.317,7102.0000,440202,2,0.0000,104.0000,53,51,空开,S,7102.0000,0.0000,0.0000,0.0000,0.0000,7104.0000,0.0000,0.0000,0.0000,0.0000,84,0,0,0,0,72,0,0,0,0
zc,TA209,2012-06-27 09:03:51.067,7104.0000,440202,0,0.0000,4.0000,2,2,多换,B,7102.0000,0.0000,0.0000,0.0000,0.0000,7104.0000,0.0000,0.0000,0.0000,0.0000,84,0,0,0,0,71,0,0,0,0
zc,TA209,2012-06-27 09:03:51.533,7104.0000,440202,0,0.0000,4.0000,2,2,多换,B,7102.0000,0.0000,0.0000,0.0000,0.0000,7104.0000,0.0000,0.0000,0.0000,0.0000,84,0,0,0,0,107,0,0,0,0
zc,TA209,2012-06-27 09:03:52.067,7104.0000,440102,-100,0.0000,102.0000,1,101,空平,B,7102.0000,0.0000,0.0000,0.0000,0.0000,7104.0000,0.0000,0.0000,0.0000,0.0000,105,0,0,0,0,76,0,0,0,0
zc,TA209,2012-06-27 09:03:52.817,7104.0000,440066,-36,0.0000,42.0000,3,39,空平,B,7102.0000,0.0000,0.0000,0.0000,0.0000,7104.0000,0.0000,0.0000,0.0000,0.0000,105,0,0,0,0,71,0,0,0,0
zc,TA209,2012-06-27 09:03:53.300,7104.0000,440074,8,0.0000,12.0000,10,2,多开,B,7102.0000,0.0000,0.0000,0.0000,0.0000,7104.0000,0.0000,0.0000,0.0000,0.0000,105,0,0,0,0,70,0,0,0,0
zc,TA209,2012-06-27 09:03:53.817,7104.0000,440000,-74,0.0000,134.0000,30,104,空平,B,7102.0000,0.0000,0.0000,0.0000,0.0000,7104.0000,0.0000,0.0000,0.0000,0.0000,104,0,0,0,0,12,0,0,0,0
zc,TA209,2012-06-27 09:03:54.300,7102.0000,439994,-6,0.0000,6.0000,0,6,双平,S,7102.0000,0.0000,0.0000,0.0000,0.0000,7104.0000,0.0000,0.0000,0.0000,0.0000,101,0,0,0,0,13,0,0,0,0
zc,TA209,2012-06-27 09:03:55.050,7104.0000,439996,2,0.0000,2.0000,2,0,双开,B,7102.0000,0.0000,0.0000,0.0000,0.0000,7104.0000,0.0000,0.0000,0.0000,0.0000,102,0,0,0,0,12,0,0,0,0
zc,TA209,2012-06-27 09:03:55.567,7102.0000,439996,0,0.0000,14.0000,7,7,空换,S,7102.0000,0.0000,0.0000,0.0000,0.0000,7104.0000,0.0000,0.0000,0.0000,0.0000,103,0,0,0,0,10,0,0,0,0
zc,TA209,2012-06-27 09:03:56.067,7104.0000,440014,18,0.0000,18.0000,18,0,双开,B,7102.0000,0.0000,0.0000,0.0000,0.0000,7104.0000,0.0000,0.0000,0.0000,0.0000,103,0,0,0,0,11,0,0,0,0
zc,TA209,2012-06-27 09:03:56.800,7104.0000,440034,20,0.0000,24.0000,22,2,多开,B,7104.0000,0.0000,0.0000,0.0000,0.0000,7106.0000,0.0000,0.0000,0.0000,0.0000,10,0,0,0,0,483,0,0,0,0
zc,TA209,2012-06-27 09:03:57.330,7106.0000,440034,0,0.0000,14.0000,7,7,多换,B,7104.0000,0.0000,0.0000,0.0000,0.0000,7106.0000,0.0000,0.0000,0.0000,0.0000,8,0,0,0,0,477,0,0,0,0
zc,TA209,2012-06-27 09:03:57.783,7104.0000,440034,0,0.0000,18.0000,9,9,空换,S,7102.0000,0.0000,0.0000,0.0000,0.0000,7104.0000,0.0000,0.0000,0.0000,0.0000,93,0,0,0,0,2,0,0,0,0
zc,TA209,2012-06-27 09:03:58.283,7104.0000,440034,0,0.0000,2.0000,1,1,空换,S,7102.0000,0.0000,0.0000,0.0000,0.0000,7104.0000,0.0000,0.0000,0.0000,0.0000,93,0,0,0,0,74,0,0,0,0
zc,TA209,2012-06-27 09:03:59.067,7104.0000,440036,2,0.0000,12.0000,7,5,空开,S,7102.0000,0.0000,0.0000,0.0000,0.0000,7104.0000,0.0000,0.0000,0.0000,0.0000,103,0,0,0,0,68,0,0,0,0
zc,TA209,2012-06-27 09:03:59.567,7102.0000,439978,-58,0.0000,234.0000,88,146,多平,S,7100.0000,0.0000,0.0000,0.0000,0.0000,7102.0000,0.0000,0.0000,0.0000,0.0000,420,0,0,0,0,190,0,0,0,0
zc,TA209,2012-06-27 09:04:00.317,7102.0000,439978,0,0.0000,4.0000,2,2,空换,S,7100.0000,0.0000,0.0000,0.0000,0.0000,7102.0000,0.0000,0.0000,0.0000,0.0000,444,0,0,0,0,188,0,0,0,0
zc,TA209,2012-06-27 09:04:00.800,7102.0000,439898,-80,0.0000,188.0000,54,134,多平,S,7100.0000,0.0000,0.0000,0.0000,0.0000,7102.0000,0.0000,0.0000,0.0000,0.0000,443,0,0,0,0,96,0,0,0,0
zc,TA209,2012-06-27 09:04:01.330,7102.0000,439898,0,0.0000,78.0000,39,39,空换,S,7100.0000,0.0000,0.0000,0.0000,0.0000,7102.0000,0.0000,0.0000,0.0000,0.0000,443,0,0,0,0,57,0,0,0,0
zc,TA209,2012-06-27 09:04:02.033,7102.0000,439900,2,0.0000,36.0000,19,17,空开,S,7100.0000,0.0000,0.0000,0.0000,0.0000,7102.0000,0.0000,0.0000,0.0000,0.0000,442,0,0,0,0,40,0,0,0,0
zc,TA209,2012-06-27 09:04:02.567,7100.0000,439908,8,0.0000,8.0000,8,0,双开,S,7100.0000,0.0000,0.0000,0.0000,0.0000,7102.0000,0.0000,0.0000,0.0000,0.0000,438,0,0,0,0,40,0,0,0,0
zc,TA209,2012-06-27 09:04:03.330,7100.0000,439908,0,0.0000,0.0000,0,0,空换,S,7100.0000,0.0000,0.0000,0.0000,0.0000,7102.0000,0.0000,0.0000,0.0000,0.0000,440,0,0,0,0,40,0,0,0,0
zc,TA209,2012-06-27 09:04:03.800,7102.0000,439906,-2,0.0000,2.0000,0,2,双平,B,7100.0000,0.0000,0.0000,0.0000,0.0000,7102.0000,0.0000,0.0000,0.0000,0.0000,438,0,0,0,0,39,0,0,0,0
zc,TA209,2012-06-27 09:04:04.330,7102.0000,439906,0,0.0000,4.0000,2,2,多换,B,7100.0000,0.0000,0.0000,0.0000,0.0000,7102.0000,0.0000,0.0000,0.0000,0.0000,438,0,0,0,0,37,0,0,0,0
zc,TA209,2012-06-27 09:04:04.817,7102.0000,439906,0,0.0000,2.0000,1,1,多换,B,7100.0000,0.0000,0.0000,0.0000,0.0000,7102.0000,0.0000,0.0000,0.0000,0.0000,438,0,0,0,0,42,0,0,0,0
zc,TA209,2012-06-27 09:04:05.550,7102.0000,439904,-2,0.0000,2.0000,0,2,双平,B,7100.0000,0.0000,0.0000,0.0000,0.0000,7102.0000,0.0000,0.0000,0.0000,0.0000,438,0,0,0,0,94,0,0,0,0
zc,TA209,2012-06-27 09:04:06.050,7102.0000,439904,0,0.0000,0.0000,0,0,多换,B,7100.0000,0.0000,0.0000,0.0000,0.0000,7102.0000,0.0000,0.0000,0.0000,0.0000,439,0,0,0,0,98,0,0,0,0
zc,TA209,2012-06-27 09:04:06.597,7100.0000,439912,8,0.0000,8.0000,8,0,双开,S,7100.0000,0.0000,0.0000,0.0000,0.0000,7102.0000,0.0000,0.0000,0.0000,0.0000,435,0,0,0,0,136,0,0,0,0
zc,TA209,2012-06-27 09:04:07.317,7102.0000,439912,0,0.0000,4.0000,2,2,多换,B,7100.0000,0.0000,0.0000,0.0000,0.0000,7102.0000,0.0000,0.0000,0.0000,0.0000,449,0,0,0,0,135,0,0,0,0
zc,TA209,2012-06-27 09:04:07.783,7102.0000,439906,-6,0.0000,6.0000,0,6,双平,B,7100.0000,0.0000,0.0000,0.0000,0.0000,7102.0000,0.0000,0.0000,0.0000,0.0000,448,0,0,0,0,198,0,0,0,0
zc,TA209,2012-06-27 09:04:08.567,7100.0000,439906,0,0.0000,10.0000,5,5,空换,S,7100.0000,0.0000,0.0000,0.0000,0.0000,7102.0000,0.0000,0.0000,0.0000,0.0000,408,0,0,0,0,199,0,0,0,0
zc,TA209,2012-06-27 09:04:08.800,7100.0000,439908,2,0.0000,4.0000,3,1,空开,S,7100.0000,0.0000,0.0000,0.0000,0.0000,7102.0000,0.0000,0.0000,0.0000,0.0000,405,0,0,0,0,203,0,0,0,0
zc,TA209,2012-06-27 09:04:09.533,7100.0000,439912,4,0.0000,6.0000,5,1,空开,S,7100.0000,0.0000,0.0000,0.0000,0.0000,7102.0000,0.0000,0.0000,0.0000,0.0000,399,0,0,0,0,202,0,0,0,0
zc,TA209,2012-06-27 09:04:10.067,7102.0000,439912,0,0.0000,10.0000,5,5,多换,B,7100.0000,0.0000,0.0000,0.0000,0.0000,7102.0000,0.0000,0.0000,0.0000,0.0000,396,0,0,0,0,206,0,0,0,0
zc,TA209,2012-06-27 09:04:10.550,7100.0000,439912,0,0.0000,108.0000,54,54,空换,S,7100.0000,0.0000,0.0000,0.0000,0.0000,7102.0000,0.0000,0.0000,0.0000,0.0000,342,0,0,0,0,153,0,0,0,0
zc,TA209,2012-06-27 09:04:11.283,7100.0000,439916,4,0.0000,8.0000,6,2,空开,S,7100.0000,0.0000,0.0000,0.0000,0.0000,7102.0000,0.0000,0.0000,0.0000,0.0000,338,0,0,0,0,155,0,0,0,0
zc,TA209,2012-06-27 09:04:11.800,7100.0000,439914,-2,0.0000,12.0000,5,7,多平,S,7100.0000,0.0000,0.0000,0.0000,0.0000,7102.0000,0.0000,0.0000,0.0000,0.0000,332,0,0,0,0,155,0,0,0,0
zc,TA209,2012-06-27 09:04:12.300,7100.0000,439912,-2,0.0000,4.0000,1,3,多平,S,7100.0000,0.0000,0.0000,0.0000,0.0000,7102.0000,0.0000,0.0000,0.0000,0.0000,331,0,0,0,0,155,0,0,0,0
zc,TA209,2012-06-27 09:04:13.050,7100.0000,439908,-4,0.0000,6.0000,1,5,多平,S,7100.0000,0.0000,0.0000,0.0000,0.0000,7102.0000,0.0000,0.0000,0.0000,0.0000,328,0,0,0,0,156,0,0,0,0
zc,TA209,2012-06-27 09:04:13.863,7100.0000,439908,0,0.0000,0.0000,0,0,空换,S,7100.0000,0.0000,0.0000,0.0000,0.0000,7102.0000,0.0000,0.0000,0.0000,0.0000,328,0,0,0,0,159,0,0,0,0
zc,TA209,2012-06-27 09:04:14.050,7100.0000,439888,-20,0.0000,22.0000,1,21,多平,S,7100.0000,0.0000,0.0000,0.0000,0.0000,7102.0000,0.0000,0.0000,0.0000,0.0000,320,0,0,0,0,160,0,0,0,0
zc,TA209,2012-06-27 09:04:14.800,7100.0000,439880,-8,0.0000,8.0000,0,8,双平,S,7100.0000,0.0000,0.0000,0.0000,0.0000,7102.0000,0.0000,0.0000,0.0000,0.0000,316,0,0,0,0,160,0,0,0,0
zc,TA209,2012-06-27 09:04:16.067,7102.0000,439878,-2,0.0000,4.0000,1,3,空平,B,7100.0000,0.0000,0.0000,0.0000,0.0000,7102.0000,0.0000,0.0000,0.0000,0.0000,315,0,0,0,0,160,0,0,0,0
zc,TA209,2012-06-27 09:04:16.567,7102.0000,439876,-2,0.0000,2.0000,0,2,双平,B,7100.0000,0.0000,0.0000,0.0000,0.0000,7102.0000,0.0000,0.0000,0.0000,0.0000,315,0,0,0,0,163,0,0,0,0
zc,TA209,2012-06-27 09:04:17.067,7100.0000,439876,0,0.0000,2.0000,1,1,空换,S,7100.0000,0.0000,0.0000,0.0000,0.0000,7102.0000,0.0000,0.0000,0.0000,0.0000,314,0,0,0,0,163,0,0,0,0
zc,TA209,2012-06-27 09:04:17.817,7100.0000,439878,2,0.0000,2.0000,2,0,双开,S,7100.0000,0.0000,0.0000,0.0000,0.0000,7102.0000,0.0000,0.0000,0.0000,0.0000,313,0,0,0,0,162,0,0,0,0
zc,TA209,2012-06-27 09:04:18.830,7100.0000,439878,0,0.0000,0.0000,0,0,空换,S,7100.0000,0.0000,0.0000,0.0000,0.0000,7102.0000,0.0000,0.0000,0.0000,0.0000,314,0,0,0,0,163,0,0,0,0
zc,TA209,2012-06-27 09:04:19.317,7102.0000,439878,0,0.0000,6.0000,3,3,多换,B,7100.0000,0.0000,0.0000,0.0000,0.0000,7102.0000,0.0000,0.0000,0.0000,0.0000,312,0,0,0,0,162,0,0,0,0
zc,TA209,2012-06-27 09:04:20.067,7100.0000,439908,30,0.0000,30.0000,30,0,双开,S,7100.0000,0.0000,0.0000,0.0000,0.0000,7102.0000,0.0000,0.0000,0.0000,0.0000,297,0,0,0,0,163,0,0,0,0
zc,TA209,2012-06-27 09:04:20.533,7100.0000,439910,2,0.0000,12.0000,7,5,空开,S,7100.0000,0.0000,0.0000,0.0000,0.0000,7102.0000,0.0000,0.0000,0.0000,0.0000,296,0,0,0,0,182,0,0,0,0
zc,TA209,2012-06-27 09:04:21.050,7100.0000,439910,0,0.0000,4.0000,2,2,空换,S,7100.0000,0.0000,0.0000,0.0000,0.0000,7102.0000,0.0000,0.0000,0.0000,0.0000,304,0,0,0,0,182,0,0,0,0
zc,TA209,2012-06-27 09:04:21.830,7100.0000,439916,6,0.0000,42.0000,24,18,空开,S,7100.0000,0.0000,0.0000,0.0000,0.0000,7102.0000,0.0000,0.0000,0.0000,0.0000,301,0,0,0,0,165,0,0,0,0
zc,TA209,2012-06-27 09:04:22.347,7100.0000,440354,438,0.0000,602.0000,520,82,空开,S,7098.0000,0.0000,0.0000,0.0000,0.0000,7100.0000,0.0000,0.0000,0.0000,0.0000,77,0,0,0,0,123,0,0,0,0
zc,TA209,2012-06-27 09:04:22.783,7100.0000,440354,0,0.0000,2.0000,1,1,空换,S,7098.0000,0.0000,0.0000,0.0000,0.0000,7100.0000,0.0000,0.0000,0.0000,0.0000,77,0,0,0,0,172,0,0,0,0
zc,TA209,2012-06-27 09:04:23.300,7098.0000,440314,-40,0.0000,120.0000,40,80,多平,S,7098.0000,0.0000,0.0000,0.0000,0.0000,7100.0000,0.0000,0.0000,0.0000,0.0000,30,0,0,0,0,174,0,0,0,0
zc,TA209,2012-06-27 09:04:24.033,7098.0000,440286,-28,0.0000,44.0000,8,36,多平,S,7098.0000,0.0000,0.0000,0.0000,0.0000,7100.0000,0.0000,0.0000,0.0000,0.0000,18,0,0,0,0,163,0,0,0,0
zc,TA209,2012-06-27 09:04:24.567,7098.0000,440252,-34,0.0000,36.0000,1,35,多平,S,7096.0000,0.0000,0.0000,0.0000,0.0000,7098.0000,0.0000,0.0000,0.0000,0.0000,528,0,0,0,0,35,0,0,0,0
zc,TA209,2012-06-27 09:04:25.050,7098.0000,440250,-2,0.0000,2.0000,0,2,双平,S,7096.0000,0.0000,0.0000,0.0000,0.0000,7098.0000,0.0000,0.0000,0.0000,0.0000,527,0,0,0,0,135,0,0,0,0
zc,TA209,2012-06-27 09:04:25.830,7098.0000,440230,-20,0.0000,20.0000,0,20,双平,S,7096.0000,0.0000,0.0000,0.0000,0.0000,7098.0000,0.0000,0.0000,0.0000,0.0000,527,0,0,0,0,125,0,0,0,0
zc,TA209,2012-06-27 09:04:26.300,7096.0000,440232,2,0.0000,26.0000,14,12,空开,S,7096.0000,0.0000,0.0000,0.0000,0.0000,7098.0000,0.0000,0.0000,0.0000,0.0000,538,0,0,0,0,133,0,0,0,0
zc,TA209,2012-06-27 09:04:26.817,7098.0000,440232,0,0.0000,2.0000,1,1,多换,B,7096.0000,0.0000,0.0000,0.0000,0.0000,7098.0000,0.0000,0.0000,0.0000,0.0000,538,0,0,0,0,132,0,0,0,0
zc,TA209,2012-06-27 09:04:27.283,7096.0000,440228,-4,0.0000,6.0000,1,5,多平,S,7096.0000,0.0000,0.0000,0.0000,0.0000,7098.0000,0.0000,0.0000,0.0000,0.0000,536,0,0,0,0,130,0,0,0,0
zc,TA209,2012-06-27 09:04:28.050,7098.0000,440224,-4,0.0000,26.0000,11,15,空平,B,7096.0000,0.0000,0.0000,0.0000,0.0000,7098.0000,0.0000,0.0000,0.0000,0.0000,524,0,0,0,0,128,0,0,0,0
zc,TA209,2012-06-27 09:04:28.533,7096.0000,440222,-2,0.0000,4.0000,1,3,多平,S,7096.0000,0.0000,0.0000,0.0000,0.0000,7098.0000,0.0000,0.0000,0.0000,0.0000,526,0,0,0,0,119,0,0,0,0
zc,TA209,2012-06-27 09:04:29.283,7096.0000,440224,2,0.0000,234.0000,118,116,空开,S,7096.0000,0.0000,0.0000,0.0000,0.0000,7098.0000,0.0000,0.0000,0.0000,0.0000,531,0,0,0,0,29,0,0,0,0
zc,TA209,2012-06-27 09:04:29.567,7098.0000,440230,6,0.0000,64.0000,35,29,多开,B,7098.0000,0.0000,0.0000,0.0000,0.0000,7100.0000,0.0000,0.0000,0.0000,0.0000,72,0,0,0,0,274,0,0,0,0
zc,TA209,2012-06-27 09:04:30.283,7098.0000,440232,2,0.0000,104.0000,53,51,多开,B,7098.0000,0.0000,0.0000,0.0000,0.0000,7100.0000,0.0000,0.0000,0.0000,0.0000,27,0,0,0,0,273,0,0,0,0
zc,TA209,2012-06-27 09:04:31.050,7098.0000,440244,12,0.0000,12.0000,12,0,双开,B,7098.0000,0.0000,0.0000,0.0000,0.0000,7100.0000,0.0000,0.0000,0.0000,0.0000,92,0,0,0,0,448,0,0,0,0
zc,TA209,2012-06-27 09:04:31.300,7098.0000,440246,2,0.0000,4.0000,3,1,多开,B,7098.0000,0.0000,0.0000,0.0000,0.0000,7100.0000,0.0000,0.0000,0.0000,0.0000,95,0,0,0,0,209,0,0,0,0
zc,TA209,2012-06-27 09:04:32.050,7098.0000,440268,22,0.0000,22.0000,22,0,双开,B,7098.0000,0.0000,0.0000,0.0000,0.0000,7100.0000,0.0000,0.0000,0.0000,0.0000,146,0,0,0,0,309,0,0,0,0
zc,TA209,2012-06-27 09:04:32.533,7100.0000,440274,6,0.0000,8.0000,7,1,多开,B,7098.0000,0.0000,0.0000,0.0000,0.0000,7100.0000,0.0000,0.0000,0.0000,0.0000,249,0,0,0,0,307,0,0,0,0
zc,TA209,2012-06-27 09:04:33.317,7098.0000,440278,4,0.0000,92.0000,48,44,空开,S,7098.0000,0.0000,0.0000,0.0000,0.0000,7100.0000,0.0000,0.0000,0.0000,0.0000,297,0,0,0,0,265,0,0,0,0
zc,TA209,2012-06-27 09:04:33.817,7098.0000,441020,742,0.0000,760.0000,751,9,空开,S,7098.0000,0.0000,0.0000,0.0000,0.0000,7100.0000,0.0000,0.0000,0.0000,0.0000,230,0,0,0,0,154,0,0,0,0
zc,TA209,2012-06-27 09:04:34.283,7098.0000,441112,92,0.0000,104.0000,98,6,空开,S,7098.0000,0.0000,0.0000,0.0000,0.0000,7100.0000,0.0000,0.0000,0.0000,0.0000,230,0,0,0,0,110,0,0,0,0
zc,TA209,2012-06-27 09:04:34.830,7100.0000,441452,340,0.0000,340.0000,340,0,双开,B,7100.0000,0.0000,0.0000,0.0000,0.0000,7102.0000,0.0000,0.0000,0.0000,0.0000,39,0,0,0,0,211,0,0,0,0
zc,TA209,2012-06-27 09:04:35.580,7100.0000,441456,4,0.0000,4.0000,4,0,双开,B,7100.0000,0.0000,0.0000,0.0000,0.0000,7102.0000,0.0000,0.0000,0.0000,0.0000,43,0,0,0,0,211,0,0,0,0
zc,TA209,2012-06-27 09:04:36.317,7100.0000,441460,4,0.0000,4.0000,4,0,双开,B,7100.0000,0.0000,0.0000,0.0000,0.0000,7102.0000,0.0000,0.0000,0.0000,0.0000,42,0,0,0,0,211,0,0,0,0
zc,TA209,2012-06-27 09:04:36.817,7100.0000,441460,0,0.0000,2.0000,1,1,多换,B,7100.0000,0.0000,0.0000,0.0000,0.0000,7102.0000,0.0000,0.0000,0.0000,0.0000,44,0,0,0,0,211,0,0,0,0
zc,TA209,2012-06-27 09:04:37.283,7102.0000,441452,-8,0.0000,18.0000,5,13,空平,B,7100.0000,0.0000,0.0000,0.0000,0.0000,7102.0000,0.0000,0.0000,0.0000,0.0000,33,0,0,0,0,207,0,0,0,0
zc,TA209,2012-06-27 09:04:37.817,7102.0000,441458,6,0.0000,16.0000,11,5,多开,B,7100.0000,0.0000,0.0000,0.0000,0.0000,7102.0000,0.0000,0.0000,0.0000,0.0000,37,0,0,0,0,203,0,0,0,0
zc,TA209,2012-06-27 09:04:38.580,7100.0000,441520,62,0.0000,82.0000,72,10,空开,S,7098.0000,0.0000,0.0000,0.0000,0.0000,7100.0000,0.0000,0.0000,0.0000,0.0000,192,0,0,0,0,12,0,0,0,0
zc,TA209,2012-06-27 09:04:39.033,7100.0000,441520,0,0.0000,0.0000,0,0,空换,S,7098.0000,0.0000,0.0000,0.0000,0.0000,7100.0000,0.0000,0.0000,0.0000,0.0000,193,0,0,0,0,12,0,0,0,0
zc,TA209,2012-06-27 09:04:39.550,7100.0000,441524,4,0.0000,4.0000,4,0,双开,S,7098.0000,0.0000,0.0000,0.0000,0.0000,7100.0000,0.0000,0.0000,0.0000,0.0000,193,0,0,0,0,13,0,0,0,0
zc,TA209,2012-06-27 09:04:40.067,7100.0000,441524,0,0.0000,0.0000,0,0,空换,S,7098.0000,0.0000,0.0000,0.0000,0.0000,7100.0000,0.0000,0.0000,0.0000,0.0000,196,0,0,0,0,15,0,0,0,0
zc,TA209,2012-06-27 09:04:40.817,7100.0000,441524,0,0.0000,0.0000,0,0,空换,S,7098.0000,0.0000,0.0000,0.0000,0.0000,7100.0000,0.0000,0.0000,0.0000,0.0000,196,0,0,0,0,17,0,0,0,0
zc,TA209,2012-06-27 09:04:41.597,7100.0000,441556,32,0.0000,36.0000,34,2,空开,S,7100.0000,0.0000,0.0000,0.0000,0.0000,7102.0000,0.0000,0.0000,0.0000,0.0000,38,0,0,0,0,206,0,0,0,0
zc,TA209,2012-06-27 09:04:41.817,7100.0000,441556,0,0.0000,0.0000,0,0,空换,S,7100.0000,0.0000,0.0000,0.0000,0.0000,7102.0000,0.0000,0.0000,0.0000,0.0000,38,0,0,0,0,207,0,0,0,0
zc,TA209,2012-06-27 09:04:42.550,7100.0000,441556,0,0.0000,40.0000,20,20,空换,S,7100.0000,0.0000,0.0000,0.0000,0.0000,7102.0000,0.0000,0.0000,0.0000,0.0000,22,0,0,0,0,217,0,0,0,0
zc,TA209,2012-06-27 09:04:43.050,7100.0000,441556,0,0.0000,0.0000,0,0,空换,S,7100.0000,0.0000,0.0000,0.0000,0.0000,7102.0000,0.0000,0.0000,0.0000,0.0000,23,0,0,0,0,217,0,0,0,0
zc,TA209,2012-06-27 09:04:43.783,7102.0000,441556,0,0.0000,30.0000,15,15,多换,B,7100.0000,0.0000,0.0000,0.0000,0.0000,7102.0000,0.0000,0.0000,0.0000,0.0000,10,0,0,0,0,226,0,0,0,0
zc,TA209,2012-06-27 09:04:44.067,7100.0000,441598,42,0.0000,54.0000,48,6,空开,S,7100.0000,0.0000,0.0000,0.0000,0.0000,7102.0000,0.0000,0.0000,0.0000,0.0000,6,0,0,0,0,207,0,0,0,0
zc,TA209,2012-06-27 09:04:44.800,7100.0000,441600,2,0.0000,8.0000,5,3,空开,S,7100.0000,0.0000,0.0000,0.0000,0.0000,7102.0000,0.0000,0.0000,0.0000,0.0000,4,0,0,0,0,208,0,0,0,0
zc,TA209,2012-06-27 09:04:45.347,7100.0000,441602,2,0.0000,2.0000,2,0,双开,S,7100.0000,0.0000,0.0000,0.0000,0.0000,7102.0000,0.0000,0.0000,0.0000,0.0000,3,0,0,0,0,213,0,0,0,0
zc,TA209,2012-06-27 09:04:46.050,7100.0000,441610,8,0.0000,10.0000,9,1,空开,S,7098.0000,0.0000,0.0000,0.0000,0.0000,7100.0000,0.0000,0.0000,0.0000,0.0000,210,0,0,0,0,1,0,0,0,0
zc,TA209,2012-06-27 09:04:46.567,7098.0000,441628,18,0.0000,20.0000,19,1,空开,S,7098.0000,0.0000,0.0000,0.0000,0.0000,7100.0000,0.0000,0.0000,0.0000,0.0000,202,0,0,0,0,65,0,0,0,0
zc,TA209,2012-06-27 09:04:47.033,7100.0000,441538,-90,0.0000,100.0000,5,95,空平,B,7098.0000,0.0000,0.0000,0.0000,0.0000,7100.0000,0.0000,0.0000,0.0000,0.0000,201,0,0,0,0,37,0,0,0,0
zc,TA209,2012-06-27 09:04:47.817,7098.0000,441542,4,0.0000,12.0000,8,4,空开,S,7098.0000,0.0000,0.0000,0.0000,0.0000,7100.0000,0.0000,0.0000,0.0000,0.0000,196,0,0,0,0,39,0,0,0,0
zc,TA209,2012-06-27 09:04:48.300,7098.0000,441546,4,0.0000,4.0000,4,0,双开,S,7098.0000,0.0000,0.0000,0.0000,0.0000,7100.0000,0.0000,0.0000,0.0000,0.0000,195,0,0,0,0,42,0,0,0,0
zc,TA209,2012-06-27 09:04:48.830,7098.0000,441548,2,0.0000,10.0000,6,4,空开,S,7098.0000,0.0000,0.0000,0.0000,0.0000,7100.0000,0.0000,0.0000,0.0000,0.0000,195,0,0,0,0,39,0,0,0,0
zc,TA209,2012-06-27 09:04:49.347,7100.0000,441546,-2,0.0000,4.0000,1,3,空平,B,7098.0000,0.0000,0.0000,0.0000,0.0000,7100.0000,0.0000,0.0000,0.0000,0.0000,195,0,0,0,0,49,0,0,0,0
zc,TA209,2012-06-27 09:04:50.050,7100.0000,441546,0,0.0000,4.0000,2,2,多换,B,7098.0000,0.0000,0.0000,0.0000,0.0000,7100.0000,0.0000,0.0000,0.0000,0.0000,186,0,0,0,0,47,0,0,0,0
zc,TA209,2012-06-27 09:04:50.550,7098.0000,441548,2,0.0000,6.0000,4,2,空开,S,7098.0000,0.0000,0.0000,0.0000,0.0000,7100.0000,0.0000,0.0000,0.0000,0.0000,185,0,0,0,0,46,0,0,0,0
zc,TA209,2012-06-27 09:04:51.080,7100.0000,441548,0,0.0000,8.0000,4,4,多换,B,7098.0000,0.0000,0.0000,0.0000,0.0000,7100.0000,0.0000,0.0000,0.0000,0.0000,185,0,0,0,0,62,0,0,0,0
zc,TA209,2012-06-27 09:04:51.817,7100.0000,441550,2,0.0000,4.0000,3,1,多开,B,7098.0000,0.0000,0.0000,0.0000,0.0000,7100.0000,0.0000,0.0000,0.0000,0.0000,186,0,0,0,0,165,0,0,0,0
zc,TA209,2012-06-27 09:04:52.317,7100.0000,441550,0,0.0000,0.0000,0,0,多换,B,7098.0000,0.0000,0.0000,0.0000,0.0000,7100.0000,0.0000,0.0000,0.0000,0.0000,197,0,0,0,0,205,0,0,0,0
zc,TA209,2012-06-27 09:04:53.067,7100.0000,441548,-2,0.0000,36.0000,17,19,空平,B,7098.0000,0.0000,0.0000,0.0000,0.0000,7100.0000,0.0000,0.0000,0.0000,0.0000,184,0,0,0,0,224,0,0,0,0
zc,TA209,2012-06-27 09:04:53.567,7098.0000,441548,0,0.0000,2.0000,1,1,空换,S,7098.0000,0.0000,0.0000,0.0000,0.0000,7100.0000,0.0000,0.0000,0.0000,0.0000,184,0,0,0,0,224,0,0,0,0
zc,TA209,2012-06-27 09:04:54.533,7098.0000,441560,12,0.0000,12.0000,12,0,双开,S,7098.0000,0.0000,0.0000,0.0000,0.0000,7100.0000,0.0000,0.0000,0.0000,0.0000,184,0,0,0,0,220,0,0,0,0
zc,TA209,2012-06-27 09:04:55.283,7098.0000,441564,4,0.0000,12.0000,8,4,空开,S,7098.0000,0.0000,0.0000,0.0000,0.0000,7100.0000,0.0000,0.0000,0.0000,0.0000,193,0,0,0,0,127,0,0,0,0
zc,TA209,2012-06-27 09:04:55.800,7100.0000,441572,8,0.0000,20.0000,14,6,多开,B,7098.0000,0.0000,0.0000,0.0000,0.0000,7100.0000,0.0000,0.0000,0.0000,0.0000,196,0,0,0,0,123,0,0,0,0
zc,TA209,2012-06-27 09:04:56.550,7100.0000,441572,0,0.0000,0.0000,0,0,多换,B,7098.0000,0.0000,0.0000,0.0000,0.0000,7100.0000,0.0000,0.0000,0.0000,0.0000,196,0,0,0,0,118,0,0,0,0
zc,TA209,2012-06-27 09:04:57.033,7098.0000,441576,4,0.0000,4.0000,4,0,双开,S,7098.0000,0.0000,0.0000,0.0000,0.0000,7100.0000,0.0000,0.0000,0.0000,0.0000,198,0,0,0,0,118,0,0,0,0
zc,TA209,2012-06-27 09:04:58.567,7098.0000,441586,10,0.0000,32.0000,21,11,空开,S,7098.0000,0.0000,0.0000,0.0000,0.0000,7100.0000,0.0000,0.0000,0.0000,0.0000,193,0,0,0,0,114,0,0,0,0
zc,TA209,2012-06-27 09:04:59.033,7098.0000,441586,0,0.0000,6.0000,3,3,空换,S,7098.0000,0.0000,0.0000,0.0000,0.0000,7100.0000,0.0000,0.0000,0.0000,0.0000,194,0,0,0,0,112,0,0,0,0
zc,TA209,2012-06-27 09:04:59.533,7098.0000,441586,0,0.0000,206.0000,103,103,空换,S,7098.0000,0.0000,0.0000,0.0000,0.0000,7100.0000,0.0000,0.0000,0.0000,0.0000,93,0,0,0,0,110,0,0,0,0
zc,TA209,2012-06-27 09:05:00.050,7098.0000,441586,0,0.0000,4.0000,2,2,空换,S,7098.0000,0.0000,0.0000,0.0000,0.0000,7100.0000,0.0000,0.0000,0.0000,0.0000,91,0,0,0,0,110,0,0,0,0
zc,TA209,2012-06-27 09:05:00.800,7100.0000,441614,28,0.0000,32.0000,30,2,多开,B,7098.0000,0.0000,0.0000,0.0000,0.0000,7100.0000,0.0000,0.0000,0.0000,0.0000,91,0,0,0,0,94,0,0,0,0
zc,TA209,2012-06-27 09:05:01.050,7098.0000,441558,-56,0.0000,118.0000,31,87,多平,S,7098.0000,0.0000,0.0000,0.0000,0.0000,7100.0000,0.0000,0.0000,0.0000,0.0000,32,0,0,0,0,100,0,0,0,0
zc,TA209,2012-06-27 09:05:01.783,7098.0000,441562,4,0.0000,14.0000,9,5,空开,S,7098.0000,0.0000,0.0000,0.0000,0.0000,7100.0000,0.0000,0.0000,0.0000,0.0000,29,0,0,0,0,159,0,0,0,0
zc,TA209,2012-06-27 09:05:02.550,7100.0000,441564,2,0.0000,58.0000,30,28,多开,B,7098.0000,0.0000,0.0000,0.0000,0.0000,7100.0000,0.0000,0.0000,0.0000,0.0000,20,0,0,0,0,233,0,0,0,0
zc,TA209,2012-06-27 09:05:03.050,7098.0000,441542,-22,0.0000,90.0000,34,56,多平,S,7096.0000,0.0000,0.0000,0.0000,0.0000,7098.0000,0.0000,0.0000,0.0000,0.0000,546,0,0,0,0,19,0,0,0,0
zc,TA209,2012-06-27 09:05:03.800,7098.0000,441550,8,0.0000,30.0000,19,11,空开,S,7096.0000,0.0000,0.0000,0.0000,0.0000,7098.0000,0.0000,0.0000,0.0000,0.0000,546,0,0,0,0,8,0,0,0,0
zc,TA209,2012-06-27 09:05:04.347,7098.0000,441560,10,0.0000,26.0000,18,8,空开,S,7098.0000,0.0000,0.0000,0.0000,0.0000,7100.0000,0.0000,0.0000,0.0000,0.0000,14,0,0,0,0,234,0,0,0,0
zc,TA209,2012-06-27 09:05:05.050,7098.0000,441592,32,0.0000,32.0000,32,0,双开,S,7096.0000,0.0000,0.0000,0.0000,0.0000,7098.0000,0.0000,0.0000,0.0000,0.0000,541,0,0,0,0,4,0,0,0,0
zc,TA209,2012-06-27 09:05:05.550,7098.0000,441596,4,0.0000,6.0000,5,1,空开,S,7096.0000,0.0000,0.0000,0.0000,0.0000,7098.0000,0.0000,0.0000,0.0000,0.0000,601,0,0,0,0,2,0,0,0,0
zc,TA209,2012-06-27 09:05:06.050,7098.0000,441600,4,0.0000,4.0000,4,0,双开,S,7096.0000,0.0000,0.0000,0.0000,0.0000,7098.0000,0.0000,0.0000,0.0000,0.0000,540,0,0,0,0,1,0,0,0,0
zc,TA209,2012-06-27 09:05:06.550,7100.0000,441596,-4,0.0000,40.0000,18,22,空平,B,7096.0000,0.0000,0.0000,0.0000,0.0000,7100.0000,0.0000,0.0000,0.0000,0.0000,532,0,0,0,0,224,0,0,0,0
zc,TA209,2012-06-27 09:05:07.330,7096.0000,441602,6,0.0000,14.0000,10,4,空开,S,7096.0000,0.0000,0.0000,0.0000,0.0000,7098.0000,0.0000,0.0000,0.0000,0.0000,529,0,0,0,0,1,0,0,0,0
zc,TA209,2012-06-27 09:05:07.830,7096.0000,441610,8,0.0000,8.0000,8,0,双开,S,7096.0000,0.0000,0.0000,0.0000,0.0000,7100.0000,0.0000,0.0000,0.0000,0.0000,526,0,0,0,0,141,0,0,0,0
zc,TA209,2012-06-27 09:05:08.567,7100.0000,441610,0,0.0000,8.0000,4,4,多换,B,7098.0000,0.0000,0.0000,0.0000,0.0000,7100.0000,0.0000,0.0000,0.0000,0.0000,4,0,0,0,0,86,0,0,0,0
zc,TA209,2012-06-27 09:05:09.050,7098.0000,441610,0,0.0000,8.0000,4,4,空换,S,7098.0000,0.0000,0.0000,0.0000,0.0000,7100.0000,0.0000,0.0000,0.0000,0.0000,60,0,0,0,0,86,0,0,0,0
zc,TA209,2012-06-27 09:05:09.533,7098.0000,441620,10,0.0000,10.0000,10,0,双开,S,7098.0000,0.0000,0.0000,0.0000,0.0000,7100.0000,0.0000,0.0000,0.0000,0.0000,112,0,0,0,0,88,0,0,0,0
zc,TA209,2012-06-27 09:05:10.283,7098.0000,441630,10,0.0000,112.0000,61,51,空开,S,7098.0000,0.0000,0.0000,0.0000,0.0000,7100.0000,0.0000,0.0000,0.0000,0.0000,56,0,0,0,0,92,0,0,0,0
zc,TA209,2012-06-27 09:05:10.830,7096.0000,441746,116,0.0000,122.0000,119,3,空开,S,7096.0000,0.0000,0.0000,0.0000,0.0000,7098.0000,0.0000,0.0000,0.0000,0.0000,527,0,0,0,0,114,0,0,0,0
zc,TA209,2012-06-27 09:05:11.283,7096.0000,441752,6,0.0000,6.0000,6,0,双开,S,7096.0000,0.0000,0.0000,0.0000,0.0000,7098.0000,0.0000,0.0000,0.0000,0.0000,524,0,0,0,0,131,0,0,0,0
zc,TA209,2012-06-27 09:05:11.800,7096.0000,441760,8,0.0000,8.0000,8,0,双开,S,7096.0000,0.0000,0.0000,0.0000,0.0000,7098.0000,0.0000,0.0000,0.0000,0.0000,528,0,0,0,0,130,0,0,0,0
zc,TA209,2012-06-27 09:05:12.550,7096.0000,441766,6,0.0000,14.0000,10,4,空开,S,7096.0000,0.0000,0.0000,0.0000,0.0000,7098.0000,0.0000,0.0000,0.0000,0.0000,525,0,0,0,0,132,0,0,0,0
zc,TA209,2012-06-27 09:05:13.033,7096.0000,441770,4,0.0000,4.0000,4,0,双开,S,7096.0000,0.0000,0.0000,0.0000,0.0000,7098.0000,0.0000,0.0000,0.0000,0.0000,523,0,0,0,0,133,0,0,0,0
zc,TA209,2012-06-27 09:05:14.317,7096.0000,441822,52,0.0000,142.0000,97,45,空开,S,7096.0000,0.0000,0.0000,0.0000,0.0000,7098.0000,0.0000,0.0000,0.0000,0.0000,465,0,0,0,0,130,0,0,0,0
zc,TA209,2012-06-27 09:05:14.580,7098.0000,441826,4,0.0000,26.0000,15,11,多开,B,7096.0000,0.0000,0.0000,0.0000,0.0000,7098.0000,0.0000,0.0000,0.0000,0.0000,471,0,0,0,0,126,0,0,0,0
zc,TA209,2012-06-27 09:05:15.300,7096.0000,441814,-12,0.0000,20.0000,4,16,多平,S,7096.0000,0.0000,0.0000,0.0000,0.0000,7098.0000,0.0000,0.0000,0.0000,0.0000,463,0,0,0,0,129,0,0,0,0
zc,TA209,2012-06-27 09:05:15.800,7096.0000,441914,100,0.0000,106.0000,103,3,空开,S,7096.0000,0.0000,0.0000,0.0000,0.0000,7098.0000,0.0000,0.0000,0.0000,0.0000,461,0,0,0,0,74,0,0,0,0
zc,TA209,2012-06-27 09:05:16.550,7096.0000,441920,6,0.0000,50.0000,28,22,空开,S,7096.0000,0.0000,0.0000,0.0000,0.0000,7098.0000,0.0000,0.0000,0.0000,0.0000,440,0,0,0,0,71,0,0,0,0
zc,TA209,2012-06-27 09:05:16.817,7098.0000,441920,0,0.0000,42.0000,21,21,多换,B,7096.0000,0.0000,0.0000,0.0000,0.0000,7098.0000,0.0000,0.0000,0.0000,0.0000,423,0,0,0,0,60,0,0,0,0
zc,TA209,2012-06-27 09:05:17.533,7098.0000,441920,0,0.0000,0.0000,0,0,多换,B,7096.0000,0.0000,0.0000,0.0000,0.0000,7098.0000,0.0000,0.0000,0.0000,0.0000,423,0,0,0,0,62,0,0,0,0
zc,TA209,2012-06-27 09:05:18.317,7096.0000,441922,2,0.0000,8.0000,5,3,空开,S,7096.0000,0.0000,0.0000,0.0000,0.0000,7098.0000,0.0000,0.0000,0.0000,0.0000,421,0,0,0,0,60,0,0,0,0
zc,TA209,2012-06-27 09:05:18.550,7098.0000,441924,2,0.0000,2.0000,2,0,双开,B,7096.0000,0.0000,0.0000,0.0000,0.0000,7098.0000,0.0000,0.0000,0.0000,0.0000,426,0,0,0,0,60,0,0,0,0
zc,TA209,2012-06-27 09:05:19.330,7096.0000,441924,0,0.0000,20.0000,10,10,空换,S,7096.0000,0.0000,0.0000,0.0000,0.0000,7098.0000,0.0000,0.0000,0.0000,0.0000,416,0,0,0,0,61,0,0,0,0
zc,TA209,2012-06-27 09:05:19.770,7098.0000,441928,4,0.0000,8.0000,6,2,多开,B,7096.0000,0.0000,0.0000,0.0000,0.0000,7098.0000,0.0000,0.0000,0.0000,0.0000,415,0,0,0,0,59,0,0,0,0
zc,TA209,2012-06-27 09:05:20.317,7098.0000,441940,12,0.0000,38.0000,25,13,多开,B,7096.0000,0.0000,0.0000,0.0000,0.0000,7098.0000,0.0000,0.0000,0.0000,0.0000,414,0,0,0,0,66,0,0,0,0
zc,TA209,2012-06-27 09:05:20.830,7098.0000,441940,0,0.0000,26.0000,13,13,多换,B,7096.0000,0.0000,0.0000,0.0000,0.0000,7098.0000,0.0000,0.0000,0.0000,0.0000,454,0,0,0,0,56,0,0,0,0
zc,TA209,2012-06-27 09:05:21.550,7098.0000,441952,12,0.0000,12.0000,12,0,双开,B,7096.0000,0.0000,0.0000,0.0000,0.0000,7098.0000,0.0000,0.0000,0.0000,0.0000,454,0,0,0,0,50,0,0,0,0
zc,TA209,2012-06-27 09:05:22.033,7098.0000,442212,260,0.0000,542.0000,401,141,多开,B,7096.0000,0.0000,0.0000,0.0000,0.0000,7098.0000,0.0000,0.0000,0.0000,0.0000,204,0,0,0,0,31,0,0,0,0
zc,TA209,2012-06-27 09:05:22.550,7098.0000,442258,46,0.0000,52.0000,49,3,多开,B,7096.0000,0.0000,0.0000,0.0000,0.0000,7098.0000,0.0000,0.0000,0.0000,0.0000,209,0,0,0,0,12,0,0,0,0
zc,TA209,2012-06-27 09:05:23.317,7098.0000,442280,22,0.0000,42.0000,32,10,多开,B,7098.0000,0.0000,0.0000,0.0000,0.0000,7100.0000,0.0000,0.0000,0.0000,0.0000,32,0,0,0,0,150,0,0,0,0
zc,TA209,2012-06-27 09:05:23.800,7098.0000,442280,0,0.0000,0.0000,0,0,多换,B,7098.0000,0.0000,0.0000,0.0000,0.0000,7100.0000,0.0000,0.0000,0.0000,0.0000,40,0,0,0,0,150,0,0,0,0
zc,TA209,2012-06-27 09:05:24.533,7098.0000,442290,10,0.0000,10.0000,10,0,双开,B,7098.0000,0.0000,0.0000,0.0000,0.0000,7100.0000,0.0000,0.0000,0.0000,0.0000,45,0,0,0,0,149,0,0,0,0
zc,TA209,2012-06-27 09:05:25.033,7100.0000,442298,8,0.0000,40.0000,24,16,多开,B,7098.0000,0.0000,0.0000,0.0000,0.0000,7100.0000,0.0000,0.0000,0.0000,0.0000,43,0,0,0,0,136,0,0,0,0
zc,TA209,2012-06-27 09:05:25.533,7100.0000,442298,0,0.0000,8.0000,4,4,多换,B,7098.0000,0.0000,0.0000,0.0000,0.0000,7100.0000,0.0000,0.0000,0.0000,0.0000,47,0,0,0,0,132,0,0,0,0
