市场代码,合约代码,时间,最新,持仓,增仓,成交额,成交量,开仓,平仓,成交类型,方向,买一价,买二价,买三价,买四价,买五价,卖一价,卖二价,卖三价,卖四价,卖五价,买一量,买二量,买三量,买四量,买五量,卖一量,卖二量,卖三量,卖四量,卖五量
zc,TA301,2012-06-27 07:53:58.660,0.0000,183376,0,0.0000,0.0000,0,0,空换,S,0.0000,0.0000,0.0000,0.0000,0.0000,0.0000,0.0000,0.0000,0.0000,0.0000,0,0,0,0,0,0,0,0,0,0
zc,TA301,2012-06-27 07:58:57.940,0.0000,183376,0,0.0000,0.0000,0,0,空换,S,0.0000,0.0000,0.0000,0.0000,0.0000,0.0000,0.0000,0.0000,0.0000,0.0000,0,0,0,0,0,0,0,0,0,0
zc,TA301,2012-06-27 07:59:57.940,0.0000,183376,0,0.0000,0.0000,0,0,空换,S,0.0000,0.0000,0.0000,0.0000,0.0000,0.0000,0.0000,0.0000,0.0000,0.0000,0,0,0,0,0,0,0,0,0,0
zc,TA301,2012-06-27 08:02:57.940,0.0000,183376,0,0.0000,0.0000,0,0,空换,S,0.0000,0.0000,0.0000,0.0000,0.0000,0.0000,0.0000,0.0000,0.0000,0.0000,0,0,0,0,0,0,0,0,0,0
zc,TA301,2012-06-27 08:03:57.940,0.0000,183376,0,0.0000,0.0000,0,0,空换,S,0.0000,0.0000,0.0000,0.0000,0.0000,0.0000,0.0000,0.0000,0.0000,0.0000,0,0,0,0,0,0,0,0,0,0
zc,TA301,2012-06-27 08:05:57.940,0.0000,183376,0,0.0000,0.0000,0,0,空换,S,0.0000,0.0000,0.0000,0.0000,0.0000,0.0000,0.0000,0.0000,0.0000,0.0000,0,0,0,0,0,0,0,0,0,0
zc,TA301,2012-06-27 08:06:57.927,0.0000,183376,0,0.0000,0.0000,0,0,空换,S,0.0000,0.0000,0.0000,0.0000,0.0000,0.0000,0.0000,0.0000,0.0000,0.0000,0,0,0,0,0,0,0,0,0,0
zc,TA301,2012-06-27 08:07:57.957,0.0000,183376,0,0.0000,0.0000,0,0,空换,S,0.0000,0.0000,0.0000,0.0000,0.0000,0.0000,0.0000,0.0000,0.0000,0.0000,0,0,0,0,0,0,0,0,0,0
zc,TA301,2012-06-27 08:11:57.940,0.0000,183376,0,0.0000,0.0000,0,0,空换,S,0.0000,0.0000,0.0000,0.0000,0.0000,0.0000,0.0000,0.0000,0.0000,0.0000,0,0,0,0,0,0,0,0,0,0
zc,TA301,2012-06-27 08:13:57.957,0.0000,183376,0,0.0000,0.0000,0,0,空换,S,0.0000,0.0000,0.0000,0.0000,0.0000,0.0000,0.0000,0.0000,0.0000,0.0000,0,0,0,0,0,0,0,0,0,0
zc,TA301,2012-06-27 08:14:57.957,0.0000,183376,0,0.0000,0.0000,0,0,空换,S,0.0000,0.0000,0.0000,0.0000,0.0000,0.0000,0.0000,0.0000,0.0000,0.0000,0,0,0,0,0,0,0,0,0,0
zc,TA301,2012-06-27 08:15:57.957,0.0000,183376,0,0.0000,0.0000,0,0,空换,S,0.0000,0.0000,0.0000,0.0000,0.0000,0.0000,0.0000,0.0000,0.0000,0.0000,0,0,0,0,0,0,0,0,0,0
zc,TA301,2012-06-27 08:17:57.957,0.0000,183376,0,0.0000,0.0000,0,0,空换,S,0.0000,0.0000,0.0000,0.0000,0.0000,0.0000,0.0000,0.0000,0.0000,0.0000,0,0,0,0,0,0,0,0,0,0
zc,TA301,2012-06-27 08:22:57.957,0.0000,183376,0,0.0000,0.0000,0,0,空换,S,0.0000,0.0000,0.0000,0.0000,0.0000,0.0000,0.0000,0.0000,0.0000,0.0000,0,0,0,0,0,0,0,0,0,0
zc,TA301,2012-06-27 08:55:03.987,0.0000,183376,0,0.0000,0.0000,0,0,空换,S,0.0000,0.0000,0.0000,0.0000,0.0000,0.0000,0.0000,0.0000,0.0000,0.0000,0,0,0,0,0,0,0,0,0,0
zc,TA301,2012-06-27 08:55:04.503,0.0000,183376,0,0.0000,0.0000,0,0,空换,S,0.0000,0.0000,0.0000,0.0000,0.0000,0.0000,0.0000,0.0000,0.0000,0.0000,0,0,0,0,0,0,0,0,0,0
zc,TA301,2012-06-27 08:55:13.753,0.0000,183376,0,0.0000,0.0000,0,0,空换,S,0.0000,0.0000,0.0000,0.0000,0.0000,0.0000,0.0000,0.0000,0.0000,0.0000,0,0,0,0,0,0,0,0,0,0
zc,TA301,2012-06-27 08:55:29.003,0.0000,183376,0,0.0000,0.0000,0,0,空换,S,0.0000,0.0000,0.0000,0.0000,0.0000,0.0000,0.0000,0.0000,0.0000,0.0000,0,0,0,0,0,0,0,0,0,0
zc,TA301,2012-06-27 08:55:42.737,0.0000,183376,0,0.0000,0.0000,0,0,空换,S,0.0000,0.0000,0.0000,0.0000,0.0000,0.0000,0.0000,0.0000,0.0000,0.0000,0,0,0,0,0,0,0,0,0,0
zc,TA301,2012-06-27 08:55:48.737,0.0000,183376,0,0.0000,0.0000,0,0,空换,S,0.0000,0.0000,0.0000,0.0000,0.0000,0.0000,0.0000,0.0000,0.0000,0.0000,0,0,0,0,0,0,0,0,0,0
zc,TA301,2012-06-27 08:56:04.487,0.0000,183376,0,0.0000,0.0000,0,0,空换,S,0.0000,0.0000,0.0000,0.0000,0.0000,0.0000,0.0000,0.0000,0.0000,0.0000,0,0,0,0,0,0,0,0,0,0
zc,TA301,2012-06-27 08:56:13.753,0.0000,183376,0,0.0000,0.0000,0,0,空换,S,0.0000,0.0000,0.0000,0.0000,0.0000,0.0000,0.0000,0.0000,0.0000,0.0000,0,0,0,0,0,0,0,0,0,0
zc,TA301,2012-06-27 08:56:15.987,0.0000,183376,0,0.0000,0.0000,0,0,空换,S,0.0000,0.0000,0.0000,0.0000,0.0000,0.0000,0.0000,0.0000,0.0000,0.0000,0,0,0,0,0,0,0,0,0,0
zc,TA301,2012-06-27 08:56:27.987,0.0000,183376,0,0.0000,0.0000,0,0,空换,S,0.0000,0.0000,0.0000,0.0000,0.0000,0.0000,0.0000,0.0000,0.0000,0.0000,0,0,0,0,0,0,0,0,0,0
zc,TA301,2012-06-27 08:56:28.987,0.0000,183376,0,0.0000,0.0000,0,0,空换,S,0.0000,0.0000,0.0000,0.0000,0.0000,0.0000,0.0000,0.0000,0.0000,0.0000,0,0,0,0,0,0,0,0,0,0
zc,TA301,2012-06-27 08:57:19.237,0.0000,183376,0,0.0000,0.0000,0,0,空换,S,0.0000,0.0000,0.0000,0.0000,0.0000,0.0000,0.0000,0.0000,0.0000,0.0000,0,0,0,0,0,0,0,0,0,0
zc,TA301,2012-06-27 08:57:43.487,0.0000,183376,0,0.0000,0.0000,0,0,空换,S,0.0000,0.0000,0.0000,0.0000,0.0000,0.0000,0.0000,0.0000,0.0000,0.0000,0,0,0,0,0,0,0,0,0,0
zc,TA301,2012-06-27 08:57:56.987,0.0000,183376,0,0.0000,0.0000,0,0,空换,S,0.0000,0.0000,0.0000,0.0000,0.0000,0.0000,0.0000,0.0000,0.0000,0.0000,0,0,0,0,0,0,0,0,0,0
zc,TA301,2012-06-27 08:58:01.737,0.0000,183376,0,0.0000,0.0000,0,0,空换,S,0.0000,0.0000,0.0000,0.0000,0.0000,0.0000,0.0000,0.0000,0.0000,0.0000,0,0,0,0,0,0,0,0,0,0
zc,TA301,2012-06-27 08:58:02.987,0.0000,183376,0,0.0000,0.0000,0,0,空换,S,0.0000,0.0000,0.0000,0.0000,0.0000,0.0000,0.0000,0.0000,0.0000,0.0000,0,0,0,0,0,0,0,0,0,0
zc,TA301,2012-06-27 08:58:45.737,0.0000,183376,0,0.0000,0.0000,0,0,空换,S,0.0000,0.0000,0.0000,0.0000,0.0000,0.0000,0.0000,0.0000,0.0000,0.0000,0,0,0,0,0,0,0,0,0,0
zc,TA301,2012-06-27 08:59:01.690,7124.0000,183382,6,0.0000,208.0000,107,101,多开,B,7122.0000,0.0000,0.0000,0.0000,0.0000,7124.0000,0.0000,0.0000,0.0000,0.0000,45,0,0,0,0,11,0,0,0,0
zc,TA301,2012-06-27 09:00:02.457,7124.0000,183372,-10,0.0000,176.0000,83,93,空平,B,7124.0000,0.0000,0.0000,0.0000,0.0000,7126.0000,0.0000,0.0000,0.0000,0.0000,1,0,0,0,0,100,0,0,0,0
zc,TA301,2012-06-27 09:00:03.177,7126.0000,183296,-76,0.0000,120.0000,22,98,空平,B,7124.0000,0.0000,0.0000,0.0000,0.0000,7126.0000,0.0000,0.0000,0.0000,0.0000,9,0,0,0,0,98,0,0,0,0
zc,TA301,2012-06-27 09:00:03.910,7124.0000,183296,0,0.0000,152.0000,76,76,空换,S,7124.0000,0.0000,0.0000,0.0000,0.0000,7126.0000,0.0000,0.0000,0.0000,0.0000,2,0,0,0,0,45,0,0,0,0
zc,TA301,2012-06-27 09:00:04.690,7126.0000,183284,-12,0.0000,106.0000,47,59,空平,B,7126.0000,0.0000,0.0000,0.0000,0.0000,7128.0000,0.0000,0.0000,0.0000,0.0000,12,0,0,0,0,13,0,0,0,0
zc,TA301,2012-06-27 09:00:05.127,7122.0000,183392,108,0.0000,154.0000,131,23,空开,S,7122.0000,0.0000,0.0000,0.0000,0.0000,7126.0000,0.0000,0.0000,0.0000,0.0000,3,0,0,0,0,12,0,0,0,0
zc,TA301,2012-06-27 09:00:05.893,7124.0000,183442,50,0.0000,86.0000,68,18,多开,B,7120.0000,0.0000,0.0000,0.0000,0.0000,7124.0000,0.0000,0.0000,0.0000,0.0000,1,0,0,0,0,5,0,0,0,0
zc,TA301,2012-06-27 09:00:06.363,7122.0000,183570,128,0.0000,134.0000,131,3,空开,S,7120.0000,0.0000,0.0000,0.0000,0.0000,7122.0000,0.0000,0.0000,0.0000,0.0000,1,0,0,0,0,1,0,0,0,0
zc,TA301,2012-06-27 09:00:07.113,7120.0000,183600,30,0.0000,104.0000,67,37,空开,S,7118.0000,0.0000,0.0000,0.0000,0.0000,7120.0000,0.0000,0.0000,0.0000,0.0000,89,0,0,0,0,1,0,0,0,0
zc,TA301,2012-06-27 09:00:07.613,7126.0000,183636,36,0.0000,218.0000,127,91,多开,B,7122.0000,0.0000,0.0000,0.0000,0.0000,7126.0000,0.0000,0.0000,0.0000,0.0000,27,0,0,0,0,47,0,0,0,0
zc,TA301,2012-06-27 09:00:08.347,7122.0000,183648,12,0.0000,38.0000,25,13,空开,S,7122.0000,0.0000,0.0000,0.0000,0.0000,7126.0000,0.0000,0.0000,0.0000,0.0000,11,0,0,0,0,45,0,0,0,0
zc,TA301,2012-06-27 09:00:09.097,7122.0000,183648,0,0.0000,6.0000,3,3,空换,S,7122.0000,0.0000,0.0000,0.0000,0.0000,7124.0000,0.0000,0.0000,0.0000,0.0000,8,0,0,0,0,42,0,0,0,0
zc,TA301,2012-06-27 09:00:09.877,7120.0000,183650,2,0.0000,62.0000,32,30,空开,S,7120.0000,0.0000,0.0000,0.0000,0.0000,7124.0000,0.0000,0.0000,0.0000,0.0000,39,0,0,0,0,33,0,0,0,0
zc,TA301,2012-06-27 09:00:10.377,7126.0000,183650,0,0.0000,54.0000,27,27,多换,B,7120.0000,0.0000,0.0000,0.0000,0.0000,7126.0000,0.0000,0.0000,0.0000,0.0000,38,0,0,0,0,26,0,0,0,0
zc,TA301,2012-06-27 09:00:11.080,7126.0000,183650,0,0.0000,0.0000,0,0,多换,B,7120.0000,0.0000,0.0000,0.0000,0.0000,7126.0000,0.0000,0.0000,0.0000,0.0000,38,0,0,0,0,29,0,0,0,0
zc,TA301,2012-06-27 09:00:11.863,7120.0000,183670,20,0.0000,20.0000,20,0,双开,S,7120.0000,0.0000,0.0000,0.0000,0.0000,7126.0000,0.0000,0.0000,0.0000,0.0000,56,0,0,0,0,15,0,0,0,0
zc,TA301,2012-06-27 09:00:12.613,7122.0000,183668,-2,0.0000,14.0000,6,8,空平,B,7122.0000,0.0000,0.0000,0.0000,0.0000,7126.0000,0.0000,0.0000,0.0000,0.0000,5,0,0,0,0,15,0,0,0,0
zc,TA301,2012-06-27 09:00:13.113,7122.0000,183668,0,0.0000,0.0000,0,0,多换,B,7122.0000,0.0000,0.0000,0.0000,0.0000,7124.0000,0.0000,0.0000,0.0000,0.0000,26,0,0,0,0,8,0,0,0,0
zc,TA301,2012-06-27 09:00:13.927,7122.0000,183668,0,0.0000,4.0000,2,2,多换,B,7122.0000,0.0000,0.0000,0.0000,0.0000,7124.0000,0.0000,0.0000,0.0000,0.0000,31,0,0,0,0,7,0,0,0,0
zc,TA301,2012-06-27 09:00:14.363,7122.0000,183674,6,0.0000,14.0000,10,4,多开,B,7122.0000,0.0000,0.0000,0.0000,0.0000,7124.0000,0.0000,0.0000,0.0000,0.0000,28,0,0,0,0,3,0,0,0,0
zc,TA301,2012-06-27 09:00:15.080,7122.0000,183678,4,0.0000,18.0000,11,7,多开,B,7122.0000,0.0000,0.0000,0.0000,0.0000,7126.0000,0.0000,0.0000,0.0000,0.0000,20,0,0,0,0,16,0,0,0,0
zc,TA301,2012-06-27 09:00:15.613,7126.0000,183662,-16,0.0000,42.0000,13,29,空平,B,7124.0000,0.0000,0.0000,0.0000,0.0000,7126.0000,0.0000,0.0000,0.0000,0.0000,3,0,0,0,0,8,0,0,0,0
zc,TA301,2012-06-27 09:00:16.567,7124.0000,183662,0,0.0000,4.0000,2,2,空换,S,7124.0000,0.0000,0.0000,0.0000,0.0000,7126.0000,0.0000,0.0000,0.0000,0.0000,6,0,0,0,0,8,0,0,0,0
zc,TA301,2012-06-27 09:00:16.847,7122.0000,183650,-12,0.0000,18.0000,3,15,多平,S,7122.0000,0.0000,0.0000,0.0000,0.0000,7126.0000,0.0000,0.0000,0.0000,0.0000,40,0,0,0,0,8,0,0,0,0
zc,TA301,2012-06-27 09:00:17.830,7124.0000,183646,-4,0.0000,6.0000,1,5,空平,B,7124.0000,0.0000,0.0000,0.0000,0.0000,7126.0000,0.0000,0.0000,0.0000,0.0000,1,0,0,0,0,9,0,0,0,0
zc,TA301,2012-06-27 09:00:18.363,7124.0000,183634,-12,0.0000,22.0000,5,17,空平,B,7122.0000,0.0000,0.0000,0.0000,0.0000,7126.0000,0.0000,0.0000,0.0000,0.0000,151,0,0,0,0,8,0,0,0,0
zc,TA301,2012-06-27 09:00:19.113,7122.0000,183632,-2,0.0000,14.0000,6,8,多平,S,7122.0000,0.0000,0.0000,0.0000,0.0000,7124.0000,0.0000,0.0000,0.0000,0.0000,143,0,0,0,0,1,0,0,0,0
zc,TA301,2012-06-27 09:00:19.800,7122.0000,183632,0,0.0000,2.0000,1,1,空换,S,7122.0000,0.0000,0.0000,0.0000,0.0000,7124.0000,0.0000,0.0000,0.0000,0.0000,142,0,0,0,0,2,0,0,0,0
zc,TA301,2012-06-27 09:00:20.893,7124.0000,183642,10,0.0000,12.0000,11,1,多开,B,7122.0000,0.0000,0.0000,0.0000,0.0000,7124.0000,0.0000,0.0000,0.0000,0.0000,139,0,0,0,0,21,0,0,0,0
zc,TA301,2012-06-27 09:00:21.347,7124.0000,183650,8,0.0000,42.0000,25,17,多开,B,7124.0000,0.0000,0.0000,0.0000,0.0000,7126.0000,0.0000,0.0000,0.0000,0.0000,23,0,0,0,0,16,0,0,0,0
zc,TA301,2012-06-27 09:00:21.830,7124.0000,183652,2,0.0000,104.0000,53,51,多开,B,7124.0000,0.0000,0.0000,0.0000,0.0000,7126.0000,0.0000,0.0000,0.0000,0.0000,22,0,0,0,0,17,0,0,0,0
zc,TA301,2012-06-27 09:00:22.580,7126.0000,183652,0,0.0000,4.0000,2,2,多换,B,7124.0000,0.0000,0.0000,0.0000,0.0000,7126.0000,0.0000,0.0000,0.0000,0.0000,18,0,0,0,0,27,0,0,0,0
zc,TA301,2012-06-27 09:00:23.067,7124.0000,183654,2,0.0000,22.0000,12,10,空开,S,7124.0000,0.0000,0.0000,0.0000,0.0000,7126.0000,0.0000,0.0000,0.0000,0.0000,9,0,0,0,0,48,0,0,0,0
zc,TA301,2012-06-27 09:00:23.877,7126.0000,183656,2,0.0000,10.0000,6,4,多开,B,7124.0000,0.0000,0.0000,0.0000,0.0000,7126.0000,0.0000,0.0000,0.0000,0.0000,7,0,0,0,0,48,0,0,0,0
zc,TA301,2012-06-27 09:00:24.347,7124.0000,183658,2,0.0000,18.0000,10,8,空开,S,7122.0000,0.0000,0.0000,0.0000,0.0000,7124.0000,0.0000,0.0000,0.0000,0.0000,143,0,0,0,0,27,0,0,0,0
zc,TA301,2012-06-27 09:00:25.067,7124.0000,183660,2,0.0000,38.0000,20,18,空开,S,7122.0000,0.0000,0.0000,0.0000,0.0000,7124.0000,0.0000,0.0000,0.0000,0.0000,143,0,0,0,0,9,0,0,0,0
zc,TA301,2012-06-27 09:00:25.597,7124.0000,183658,-2,0.0000,4.0000,1,3,多平,S,7122.0000,0.0000,0.0000,0.0000,0.0000,7124.0000,0.0000,0.0000,0.0000,0.0000,143,0,0,0,0,8,0,0,0,0
zc,TA301,2012-06-27 09:00:26.330,7124.0000,183658,0,0.0000,12.0000,6,6,空换,S,7122.0000,0.0000,0.0000,0.0000,0.0000,7124.0000,0.0000,0.0000,0.0000,0.0000,166,0,0,0,0,4,0,0,0,0
zc,TA301,2012-06-27 09:00:27.113,7124.0000,183664,6,0.0000,20.0000,13,7,空开,S,7124.0000,0.0000,0.0000,0.0000,0.0000,7126.0000,0.0000,0.0000,0.0000,0.0000,7,0,0,0,0,60,0,0,0,0
zc,TA301,2012-06-27 09:00:27.580,7124.0000,183664,0,0.0000,8.0000,4,4,空换,S,7124.0000,0.0000,0.0000,0.0000,0.0000,7126.0000,0.0000,0.0000,0.0000,0.0000,5,0,0,0,0,62,0,0,0,0
zc,TA301,2012-06-27 09:00:28.363,7124.0000,183664,0,0.0000,12.0000,6,6,空换,S,7122.0000,0.0000,0.0000,0.0000,0.0000,7124.0000,0.0000,0.0000,0.0000,0.0000,136,0,0,0,0,3,0,0,0,0
zc,TA301,2012-06-27 09:00:28.847,7124.0000,183664,0,0.0000,0.0000,0,0,空换,S,7122.0000,0.0000,0.0000,0.0000,0.0000,7124.0000,0.0000,0.0000,0.0000,0.0000,137,0,0,0,0,10,0,0,0,0
zc,TA301,2012-06-27 09:00:29.363,7124.0000,183670,6,0.0000,14.0000,10,4,空开,S,7122.0000,0.0000,0.0000,0.0000,0.0000,7124.0000,0.0000,0.0000,0.0000,0.0000,133,0,0,0,0,35,0,0,0,0
zc,TA301,2012-06-27 09:00:30.097,7124.0000,183736,66,0.0000,66.0000,66,0,双开,S,7122.0000,0.0000,0.0000,0.0000,0.0000,7124.0000,0.0000,0.0000,0.0000,0.0000,105,0,0,0,0,33,0,0,0,0
zc,TA301,2012-06-27 09:00:30.580,7124.0000,183760,24,0.0000,70.0000,47,23,空开,S,7122.0000,0.0000,0.0000,0.0000,0.0000,7124.0000,0.0000,0.0000,0.0000,0.0000,105,0,0,0,0,9,0,0,0,0
zc,TA301,2012-06-27 09:00:31.113,7122.0000,183764,4,0.0000,4.0000,4,0,双开,S,7122.0000,0.0000,0.0000,0.0000,0.0000,7124.0000,0.0000,0.0000,0.0000,0.0000,105,0,0,0,0,51,0,0,0,0
zc,TA301,2012-06-27 09:00:31.830,7122.0000,183808,44,0.0000,66.0000,55,11,空开,S,7122.0000,0.0000,0.0000,0.0000,0.0000,7124.0000,0.0000,0.0000,0.0000,0.0000,70,0,0,0,0,64,0,0,0,0
zc,TA301,2012-06-27 09:00:32.330,7122.0000,183808,0,0.0000,12.0000,6,6,空换,S,7122.0000,0.0000,0.0000,0.0000,0.0000,7124.0000,0.0000,0.0000,0.0000,0.0000,65,0,0,0,0,63,0,0,0,0
zc,TA301,2012-06-27 09:00:33.317,7122.0000,183850,42,0.0000,100.0000,71,29,空开,S,7122.0000,0.0000,0.0000,0.0000,0.0000,7124.0000,0.0000,0.0000,0.0000,0.0000,22,0,0,0,0,58,0,0,0,0
zc,TA301,2012-06-27 09:00:33.613,7122.0000,183856,6,0.0000,22.0000,14,8,空开,S,7122.0000,0.0000,0.0000,0.0000,0.0000,7124.0000,0.0000,0.0000,0.0000,0.0000,16,0,0,0,0,63,0,0,0,0
zc,TA301,2012-06-27 09:00:34.300,7122.0000,183856,0,0.0000,0.0000,0,0,空换,S,7122.0000,0.0000,0.0000,0.0000,0.0000,7124.0000,0.0000,0.0000,0.0000,0.0000,16,0,0,0,0,64,0,0,0,0
zc,TA301,2012-06-27 09:00:34.817,7122.0000,183878,22,0.0000,40.0000,31,9,空开,S,7122.0000,0.0000,0.0000,0.0000,0.0000,7124.0000,0.0000,0.0000,0.0000,0.0000,6,0,0,0,0,105,0,0,0,0
zc,TA301,2012-06-27 09:00:35.597,7122.0000,183898,20,0.0000,68.0000,44,24,空开,S,7120.0000,0.0000,0.0000,0.0000,0.0000,7124.0000,0.0000,0.0000,0.0000,0.0000,7,0,0,0,0,107,0,0,0,0
zc,TA301,2012-06-27 09:00:36.080,7122.0000,183898,0,0.0000,0.0000,0,0,空换,S,7120.0000,0.0000,0.0000,0.0000,0.0000,7122.0000,0.0000,0.0000,0.0000,0.0000,9,0,0,0,0,6,0,0,0,0
zc,TA301,2012-06-27 09:00:36.877,7122.0000,183900,2,0.0000,28.0000,15,13,空开,S,7122.0000,0.0000,0.0000,0.0000,0.0000,7124.0000,0.0000,0.0000,0.0000,0.0000,49,0,0,0,0,86,0,0,0,0
zc,TA301,2012-06-27 09:00:37.567,7122.0000,183944,44,0.0000,46.0000,45,1,空开,S,7122.0000,0.0000,0.0000,0.0000,0.0000,7124.0000,0.0000,0.0000,0.0000,0.0000,26,0,0,0,0,86,0,0,0,0
zc,TA301,2012-06-27 09:00:38.330,7122.0000,183964,20,0.0000,44.0000,32,12,空开,S,7122.0000,0.0000,0.0000,0.0000,0.0000,7124.0000,0.0000,0.0000,0.0000,0.0000,4,0,0,0,0,76,0,0,0,0
zc,TA301,2012-06-27 09:00:38.830,7122.0000,183968,4,0.0000,22.0000,13,9,空开,S,7122.0000,0.0000,0.0000,0.0000,0.0000,7124.0000,0.0000,0.0000,0.0000,0.0000,4,0,0,0,0,107,0,0,0,0
zc,TA301,2012-06-27 09:00:39.613,7122.0000,183976,8,0.0000,8.0000,8,0,双开,S,7120.0000,0.0000,0.0000,0.0000,0.0000,7124.0000,0.0000,0.0000,0.0000,0.0000,2,0,0,0,0,104,0,0,0,0
zc,TA301,2012-06-27 09:00:40.097,7122.0000,183976,0,0.0000,0.0000,0,0,空换,S,7120.0000,0.0000,0.0000,0.0000,0.0000,7122.0000,0.0000,0.0000,0.0000,0.0000,2,0,0,0,0,154,0,0,0,0
zc,TA301,2012-06-27 09:00:40.567,7120.0000,183976,0,0.0000,2.0000,1,1,空换,S,7120.0000,0.0000,0.0000,0.0000,0.0000,7122.0000,0.0000,0.0000,0.0000,0.0000,2,0,0,0,0,157,0,0,0,0
zc,TA301,2012-06-27 09:00:41.317,7120.0000,183970,-6,0.0000,50.0000,22,28,多平,S,7118.0000,0.0000,0.0000,0.0000,0.0000,7120.0000,0.0000,0.0000,0.0000,0.0000,99,0,0,0,0,25,0,0,0,0
zc,TA301,2012-06-27 09:00:41.817,7118.0000,183978,8,0.0000,8.0000,8,0,双开,S,7118.0000,0.0000,0.0000,0.0000,0.0000,7120.0000,0.0000,0.0000,0.0000,0.0000,91,0,0,0,0,25,0,0,0,0
zc,TA301,2012-06-27 09:00:42.567,7120.0000,183978,0,0.0000,10.0000,5,5,多换,B,7118.0000,0.0000,0.0000,0.0000,0.0000,7120.0000,0.0000,0.0000,0.0000,0.0000,87,0,0,0,0,24,0,0,0,0
zc,TA301,2012-06-27 09:00:43.080,7118.0000,183978,0,0.0000,30.0000,15,15,空换,S,7118.0000,0.0000,0.0000,0.0000,0.0000,7120.0000,0.0000,0.0000,0.0000,0.0000,72,0,0,0,0,25,0,0,0,0
zc,TA301,2012-06-27 09:00:43.863,7118.0000,183978,0,0.0000,0.0000,0,0,空换,S,7118.0000,0.0000,0.0000,0.0000,0.0000,7120.0000,0.0000,0.0000,0.0000,0.0000,72,0,0,0,0,31,0,0,0,0
zc,TA301,2012-06-27 09:00:45.127,7118.0000,183980,2,0.0000,12.0000,7,5,空开,S,7118.0000,0.0000,0.0000,0.0000,0.0000,7120.0000,0.0000,0.0000,0.0000,0.0000,66,0,0,0,0,31,0,0,0,0
zc,TA301,2012-06-27 09:00:45.580,7118.0000,183982,2,0.0000,2.0000,2,0,双开,S,7118.0000,0.0000,0.0000,0.0000,0.0000,7120.0000,0.0000,0.0000,0.0000,0.0000,65,0,0,0,0,37,0,0,0,0
zc,TA301,2012-06-27 09:00:46.330,7120.0000,183982,0,0.0000,10.0000,5,5,多换,B,7118.0000,0.0000,0.0000,0.0000,0.0000,7120.0000,0.0000,0.0000,0.0000,0.0000,65,0,0,0,0,32,0,0,0,0
zc,TA301,2012-06-27 09:00:46.877,7120.0000,183982,0,0.0000,42.0000,21,21,多换,B,7118.0000,0.0000,0.0000,0.0000,0.0000,7120.0000,0.0000,0.0000,0.0000,0.0000,45,0,0,0,0,31,0,0,0,0
zc,TA301,2012-06-27 09:00:47.613,7120.0000,183982,0,0.0000,6.0000,3,3,多换,B,7118.0000,0.0000,0.0000,0.0000,0.0000,7120.0000,0.0000,0.0000,0.0000,0.0000,46,0,0,0,0,31,0,0,0,0
zc,TA301,2012-06-27 09:00:48.143,7120.0000,183942,-40,0.0000,64.0000,12,52,空平,B,7120.0000,0.0000,0.0000,0.0000,0.0000,7122.0000,0.0000,0.0000,0.0000,0.0000,1,0,0,0,0,173,0,0,0,0
zc,TA301,2012-06-27 09:00:48.863,7120.0000,183940,-2,0.0000,2.0000,0,2,双平,B,7118.0000,0.0000,0.0000,0.0000,0.0000,7120.0000,0.0000,0.0000,0.0000,0.0000,43,0,0,0,0,1,0,0,0,0
zc,TA301,2012-06-27 09:00:49.347,7120.0000,183940,0,0.0000,12.0000,6,6,多换,B,7120.0000,0.0000,0.0000,0.0000,0.0000,7122.0000,0.0000,0.0000,0.0000,0.0000,1,0,0,0,0,166,0,0,0,0
zc,TA301,2012-06-27 09:00:50.113,7122.0000,183888,-52,0.0000,64.0000,6,58,空平,B,7120.0000,0.0000,0.0000,0.0000,0.0000,7122.0000,0.0000,0.0000,0.0000,0.0000,4,0,0,0,0,134,0,0,0,0
zc,TA301,2012-06-27 09:00:50.627,7122.0000,183866,-22,0.0000,22.0000,0,22,双平,B,7120.0000,0.0000,0.0000,0.0000,0.0000,7122.0000,0.0000,0.0000,0.0000,0.0000,9,0,0,0,0,123,0,0,0,0
zc,TA301,2012-06-27 09:00:51.317,7122.0000,183866,0,0.0000,28.0000,14,14,多换,B,7120.0000,0.0000,0.0000,0.0000,0.0000,7122.0000,0.0000,0.0000,0.0000,0.0000,31,0,0,0,0,120,0,0,0,0
zc,TA301,2012-06-27 09:00:51.877,7120.0000,183856,-10,0.0000,30.0000,10,20,多平,S,7120.0000,0.0000,0.0000,0.0000,0.0000,7122.0000,0.0000,0.0000,0.0000,0.0000,10,0,0,0,0,120,0,0,0,0
zc,TA301,2012-06-27 09:00:52.597,7120.0000,183836,-20,0.0000,24.0000,2,22,多平,S,7118.0000,0.0000,0.0000,0.0000,0.0000,7120.0000,0.0000,0.0000,0.0000,0.0000,52,0,0,0,0,24,0,0,0,0
zc,TA301,2012-06-27 09:00:53.347,7120.0000,183836,0,0.0000,0.0000,0,0,空换,S,7118.0000,0.0000,0.0000,0.0000,0.0000,7120.0000,0.0000,0.0000,0.0000,0.0000,56,0,0,0,0,24,0,0,0,0
zc,TA301,2012-06-27 09:00:53.830,7120.0000,183836,0,0.0000,2.0000,1,1,空换,S,7118.0000,0.0000,0.0000,0.0000,0.0000,7120.0000,0.0000,0.0000,0.0000,0.0000,56,0,0,0,0,23,0,0,0,0
zc,TA301,2012-06-27 09:00:54.580,7120.0000,183836,0,0.0000,0.0000,0,0,空换,S,7118.0000,0.0000,0.0000,0.0000,0.0000,7120.0000,0.0000,0.0000,0.0000,0.0000,61,0,0,0,0,27,0,0,0,0
zc,TA301,2012-06-27 09:00:55.050,7120.0000,183836,0,0.0000,14.0000,7,7,空换,S,7118.0000,0.0000,0.0000,0.0000,0.0000,7120.0000,0.0000,0.0000,0.0000,0.0000,56,0,0,0,0,25,0,0,0,0
zc,TA301,2012-06-27 09:00:55.830,7118.0000,183862,26,0.0000,28.0000,27,1,空开,S,7118.0000,0.0000,0.0000,0.0000,0.0000,7120.0000,0.0000,0.0000,0.0000,0.0000,42,0,0,0,0,26,0,0,0,0
zc,TA301,2012-06-27 09:00:56.317,7118.0000,183862,0,0.0000,6.0000,3,3,空换,S,7118.0000,0.0000,0.0000,0.0000,0.0000,7120.0000,0.0000,0.0000,0.0000,0.0000,39,0,0,0,0,34,0,0,0,0
zc,TA301,2012-06-27 09:00:57.050,7118.0000,183862,0,0.0000,0.0000,0,0,空换,S,7118.0000,0.0000,0.0000,0.0000,0.0000,7120.0000,0.0000,0.0000,0.0000,0.0000,40,0,0,0,0,34,0,0,0,0
zc,TA301,2012-06-27 09:00:57.567,7120.0000,183862,0,0.0000,2.0000,1,1,多换,B,7118.0000,0.0000,0.0000,0.0000,0.0000,7120.0000,0.0000,0.0000,0.0000,0.0000,40,0,0,0,0,34,0,0,0,0
zc,TA301,2012-06-27 09:00:58.363,7118.0000,183910,48,0.0000,50.0000,49,1,空开,S,7118.0000,0.0000,0.0000,0.0000,0.0000,7120.0000,0.0000,0.0000,0.0000,0.0000,15,0,0,0,0,34,0,0,0,0
zc,TA301,2012-06-27 09:00:59.020,7118.0000,183910,0,0.0000,0.0000,0,0,空换,S,7118.0000,0.0000,0.0000,0.0000,0.0000,7120.0000,0.0000,0.0000,0.0000,0.0000,16,0,0,0,0,34,0,0,0,0
zc,TA301,2012-06-27 09:00:59.910,7118.0000,183910,0,0.0000,4.0000,2,2,空换,S,7118.0000,0.0000,0.0000,0.0000,0.0000,7120.0000,0.0000,0.0000,0.0000,0.0000,14,0,0,0,0,84,0,0,0,0
zc,TA301,2012-06-27 09:01:00.347,7118.0000,183914,4,0.0000,6.0000,5,1,空开,S,7118.0000,0.0000,0.0000,0.0000,0.0000,7120.0000,0.0000,0.0000,0.0000,0.0000,12,0,0,0,0,84,0,0,0,0
zc,TA301,2012-06-27 09:01:01.347,7120.0000,183914,0,0.0000,12.0000,6,6,多换,B,7118.0000,0.0000,0.0000,0.0000,0.0000,7120.0000,0.0000,0.0000,0.0000,0.0000,13,0,0,0,0,93,0,0,0,0
zc,TA301,2012-06-27 09:01:02.067,7120.0000,183914,0,0.0000,14.0000,7,7,多换,B,7118.0000,0.0000,0.0000,0.0000,0.0000,7120.0000,0.0000,0.0000,0.0000,0.0000,8,0,0,0,0,83,0,0,0,0
zc,TA301,2012-06-27 09:01:02.580,7118.0000,183912,-2,0.0000,16.0000,7,9,多平,S,7116.0000,0.0000,0.0000,0.0000,0.0000,7118.0000,0.0000,0.0000,0.0000,0.0000,4,0,0,0,0,1,0,0,0,0
zc,TA301,2012-06-27 09:01:03.377,7116.0000,183996,84,0.0000,114.0000,99,15,空开,S,7118.0000,0.0000,0.0000,0.0000,0.0000,7120.0000,0.0000,0.0000,0.0000,0.0000,1,0,0,0,0,92,0,0,0,0
zc,TA301,2012-06-27 09:01:03.830,7118.0000,183996,0,0.0000,4.0000,2,2,多换,B,7112.0000,0.0000,0.0000,0.0000,0.0000,7118.0000,0.0000,0.0000,0.0000,0.0000,54,0,0,0,0,4,0,0,0,0
zc,TA301,2012-06-27 09:01:04.580,7118.0000,183988,-8,0.0000,36.0000,14,22,空平,B,7118.0000,0.0000,0.0000,0.0000,0.0000,7120.0000,0.0000,0.0000,0.0000,0.0000,31,0,0,0,0,107,0,0,0,0
zc,TA301,2012-06-27 09:01:05.080,7118.0000,184000,12,0.0000,14.0000,13,1,多开,B,7118.0000,0.0000,0.0000,0.0000,0.0000,7120.0000,0.0000,0.0000,0.0000,0.0000,25,0,0,0,0,120,0,0,0,0
zc,TA301,2012-06-27 09:01:05.877,7118.0000,184052,52,0.0000,52.0000,52,0,双开,B,7118.0000,0.0000,0.0000,0.0000,0.0000,7120.0000,0.0000,0.0000,0.0000,0.0000,1,0,0,0,0,101,0,0,0,0
zc,TA301,2012-06-27 09:01:06.377,7118.0000,184052,0,0.0000,2.0000,1,1,多换,B,7116.0000,0.0000,0.0000,0.0000,0.0000,7120.0000,0.0000,0.0000,0.0000,0.0000,6,0,0,0,0,84,0,0,0,0
zc,TA301,2012-06-27 09:01:07.080,7118.0000,184052,0,0.0000,0.0000,0,0,多换,B,7118.0000,0.0000,0.0000,0.0000,0.0000,7120.0000,0.0000,0.0000,0.0000,0.0000,1,0,0,0,0,85,0,0,0,0
zc,TA301,2012-06-27 09:01:07.580,7118.0000,184052,0,0.0000,0.0000,0,0,多换,B,7118.0000,0.0000,0.0000,0.0000,0.0000,7120.0000,0.0000,0.0000,0.0000,0.0000,1,0,0,0,0,89,0,0,0,0
zc,TA301,2012-06-27 09:01:08.330,7118.0000,184054,2,0.0000,2.0000,2,0,双开,B,7116.0000,0.0000,0.0000,0.0000,0.0000,7118.0000,0.0000,0.0000,0.0000,0.0000,8,0,0,0,0,13,0,0,0,0
zc,TA301,2012-06-27 09:01:09.347,7116.0000,184054,0,0.0000,2.0000,1,1,空换,S,7116.0000,0.0000,0.0000,0.0000,0.0000,7118.0000,0.0000,0.0000,0.0000,0.0000,7,0,0,0,0,24,0,0,0,0
zc,TA301,2012-06-27 09:01:10.097,7116.0000,184054,0,0.0000,0.0000,0,0,空换,S,7116.0000,0.0000,0.0000,0.0000,0.0000,7118.0000,0.0000,0.0000,0.0000,0.0000,7,0,0,0,0,41,0,0,0,0
zc,TA301,2012-06-27 09:01:10.567,7116.0000,184050,-4,0.0000,4.0000,0,4,双平,S,7116.0000,0.0000,0.0000,0.0000,0.0000,7118.0000,0.0000,0.0000,0.0000,0.0000,5,0,0,0,0,41,0,0,0,0
zc,TA301,2012-06-27 09:01:11.317,7116.0000,184050,0,0.0000,0.0000,0,0,空换,S,7116.0000,0.0000,0.0000,0.0000,0.0000,7118.0000,0.0000,0.0000,0.0000,0.0000,10,0,0,0,0,45,0,0,0,0
zc,TA301,2012-06-27 09:01:11.580,7116.0000,184048,-2,0.0000,2.0000,0,2,双平,S,7116.0000,0.0000,0.0000,0.0000,0.0000,7118.0000,0.0000,0.0000,0.0000,0.0000,9,0,0,0,0,46,0,0,0,0
zc,TA301,2012-06-27 09:01:12.300,7116.0000,184048,0,0.0000,4.0000,2,2,空换,S,7116.0000,0.0000,0.0000,0.0000,0.0000,7118.0000,0.0000,0.0000,0.0000,0.0000,7,0,0,0,0,46,0,0,0,0
zc,TA301,2012-06-27 09:01:12.817,7116.0000,184054,6,0.0000,6.0000,6,0,双开,S,7116.0000,0.0000,0.0000,0.0000,0.0000,7118.0000,0.0000,0.0000,0.0000,0.0000,4,0,0,0,0,46,0,0,0,0
zc,TA301,2012-06-27 09:01:14.830,7116.0000,184030,-24,0.0000,90.0000,33,57,多平,S,7114.0000,0.0000,0.0000,0.0000,0.0000,7116.0000,0.0000,0.0000,0.0000,0.0000,17,0,0,0,0,7,0,0,0,0
zc,TA301,2012-06-27 09:01:15.300,7116.0000,184034,4,0.0000,10.0000,7,3,空开,S,7114.0000,0.0000,0.0000,0.0000,0.0000,7116.0000,0.0000,0.0000,0.0000,0.0000,38,0,0,0,0,6,0,0,0,0
zc,TA301,2012-06-27 09:01:15.817,7116.0000,184048,14,0.0000,22.0000,18,4,空开,S,7116.0000,0.0000,0.0000,0.0000,0.0000,7118.0000,0.0000,0.0000,0.0000,0.0000,39,0,0,0,0,34,0,0,0,0
zc,TA301,2012-06-27 09:01:16.550,7118.0000,184050,2,0.0000,2.0000,2,0,双开,B,7116.0000,0.0000,0.0000,0.0000,0.0000,7118.0000,0.0000,0.0000,0.0000,0.0000,39,0,0,0,0,18,0,0,0,0
zc,TA301,2012-06-27 09:01:17.080,7116.0000,184052,2,0.0000,2.0000,2,0,双开,S,7116.0000,0.0000,0.0000,0.0000,0.0000,7118.0000,0.0000,0.0000,0.0000,0.0000,38,0,0,0,0,8,0,0,0,0
zc,TA301,2012-06-27 09:01:17.817,7118.0000,184052,0,0.0000,8.0000,4,4,多换,B,7116.0000,0.0000,0.0000,0.0000,0.0000,7118.0000,0.0000,0.0000,0.0000,0.0000,38,0,0,0,0,4,0,0,0,0
zc,TA301,2012-06-27 09:01:18.330,7118.0000,184050,-2,0.0000,38.0000,18,20,空平,B,7118.0000,0.0000,0.0000,0.0000,0.0000,7120.0000,0.0000,0.0000,0.0000,0.0000,32,0,0,0,0,89,0,0,0,0
zc,TA301,2012-06-27 09:01:18.830,7118.0000,184048,-2,0.0000,2.0000,0,2,双平,B,7118.0000,0.0000,0.0000,0.0000,0.0000,7120.0000,0.0000,0.0000,0.0000,0.0000,31,0,0,0,0,90,0,0,0,0
zc,TA301,2012-06-27 09:01:19.627,7118.0000,184044,-4,0.0000,8.0000,2,6,空平,B,7118.0000,0.0000,0.0000,0.0000,0.0000,7120.0000,0.0000,0.0000,0.0000,0.0000,28,0,0,0,0,90,0,0,0,0
zc,TA301,2012-06-27 09:01:20.330,7118.0000,184044,0,0.0000,0.0000,0,0,多换,B,7118.0000,0.0000,0.0000,0.0000,0.0000,7120.0000,0.0000,0.0000,0.0000,0.0000,28,0,0,0,0,95,0,0,0,0
zc,TA301,2012-06-27 09:01:21.613,7120.0000,184060,16,0.0000,100.0000,58,42,多开,B,7118.0000,0.0000,0.0000,0.0000,0.0000,7120.0000,0.0000,0.0000,0.0000,0.0000,28,0,0,0,0,131,0,0,0,0
zc,TA301,2012-06-27 09:01:22.080,7118.0000,184060,0,0.0000,2.0000,1,1,空换,S,7118.0000,0.0000,0.0000,0.0000,0.0000,7120.0000,0.0000,0.0000,0.0000,0.0000,27,0,0,0,0,112,0,0,0,0
zc,TA301,2012-06-27 09:01:23.347,7118.0000,184164,104,0.0000,158.0000,131,27,空开,S,7116.0000,0.0000,0.0000,0.0000,0.0000,7118.0000,0.0000,0.0000,0.0000,0.0000,26,0,0,0,0,41,0,0,0,0
zc,TA301,2012-06-27 09:01:23.830,7116.0000,184212,48,0.0000,52.0000,50,2,空开,S,7114.0000,0.0000,0.0000,0.0000,0.0000,7118.0000,0.0000,0.0000,0.0000,0.0000,18,0,0,0,0,17,0,0,0,0
zc,TA301,2012-06-27 09:01:24.627,7114.0000,184246,34,0.0000,34.0000,34,0,双开,S,7114.0000,0.0000,0.0000,0.0000,0.0000,7116.0000,0.0000,0.0000,0.0000,0.0000,1,0,0,0,0,16,0,0,0,0
zc,TA301,2012-06-27 09:01:25.113,7114.0000,184246,0,0.0000,4.0000,2,2,空换,S,7112.0000,0.0000,0.0000,0.0000,0.0000,7116.0000,0.0000,0.0000,0.0000,0.0000,35,0,0,0,0,15,0,0,0,0
zc,TA301,2012-06-27 09:01:25.817,7116.0000,184246,0,0.0000,42.0000,21,21,多换,B,7116.0000,0.0000,0.0000,0.0000,0.0000,7118.0000,0.0000,0.0000,0.0000,0.0000,184,0,0,0,0,36,0,0,0,0
zc,TA301,2012-06-27 09:01:26.613,7116.0000,184236,-10,0.0000,10.0000,0,10,双平,B,7116.0000,0.0000,0.0000,0.0000,0.0000,7118.0000,0.0000,0.0000,0.0000,0.0000,179,0,0,0,0,37,0,0,0,0
zc,TA301,2012-06-27 09:01:27.330,7116.0000,184236,0,0.0000,24.0000,12,12,多换,B,7116.0000,0.0000,0.0000,0.0000,0.0000,7118.0000,0.0000,0.0000,0.0000,0.0000,167,0,0,0,0,25,0,0,0,0
zc,TA301,2012-06-27 09:01:27.847,7116.0000,184236,0,0.0000,12.0000,6,6,多换,B,7116.0000,0.0000,0.0000,0.0000,0.0000,7118.0000,0.0000,0.0000,0.0000,0.0000,161,0,0,0,0,13,0,0,0,0
zc,TA301,2012-06-27 09:01:28.597,7116.0000,184016,-220,0.0000,330.0000,55,275,空平,B,7114.0000,0.0000,0.0000,0.0000,0.0000,7118.0000,0.0000,0.0000,0.0000,0.0000,50,0,0,0,0,8,0,0,0,0
zc,TA301,2012-06-27 09:01:29.330,7116.0000,184016,0,0.0000,0.0000,0,0,多换,B,7114.0000,0.0000,0.0000,0.0000,0.0000,7116.0000,0.0000,0.0000,0.0000,0.0000,50,0,0,0,0,49,0,0,0,0
zc,TA301,2012-06-27 09:01:29.817,7116.0000,184018,2,0.0000,2.0000,2,0,双开,B,7114.0000,0.0000,0.0000,0.0000,0.0000,7116.0000,0.0000,0.0000,0.0000,0.0000,43,0,0,0,0,32,0,0,0,0
zc,TA301,2012-06-27 09:01:30.533,7116.0000,184018,0,0.0000,0.0000,0,0,多换,B,7114.0000,0.0000,0.0000,0.0000,0.0000,7116.0000,0.0000,0.0000,0.0000,0.0000,37,0,0,0,0,32,0,0,0,0
zc,TA301,2012-06-27 09:01:31.080,7116.0000,184018,0,0.0000,0.0000,0,0,多换,B,7114.0000,0.0000,0.0000,0.0000,0.0000,7116.0000,0.0000,0.0000,0.0000,0.0000,4,0,0,0,0,32,0,0,0,0
zc,TA301,2012-06-27 09:01:31.877,7114.0000,184014,-4,0.0000,34.0000,15,19,多平,S,7112.0000,0.0000,0.0000,0.0000,0.0000,7114.0000,0.0000,0.0000,0.0000,0.0000,235,0,0,0,0,34,0,0,0,0
zc,TA301,2012-06-27 09:01:32.567,7114.0000,183986,-28,0.0000,68.0000,20,48,多平,S,7114.0000,0.0000,0.0000,0.0000,0.0000,7116.0000,0.0000,0.0000,0.0000,0.0000,19,0,0,0,0,30,0,0,0,0
zc,TA301,2012-06-27 09:01:33.067,7116.0000,183960,-26,0.0000,34.0000,4,30,空平,B,7114.0000,0.0000,0.0000,0.0000,0.0000,7116.0000,0.0000,0.0000,0.0000,0.0000,7,0,0,0,0,28,0,0,0,0
zc,TA301,2012-06-27 09:01:33.847,7116.0000,183960,0,0.0000,56.0000,28,28,多换,B,7116.0000,0.0000,0.0000,0.0000,0.0000,7118.0000,0.0000,0.0000,0.0000,0.0000,2,0,0,0,0,20,0,0,0,0
zc,TA301,2012-06-27 09:01:34.317,7116.0000,183956,-4,0.0000,4.0000,0,4,双平,B,7114.0000,0.0000,0.0000,0.0000,0.0000,7118.0000,0.0000,0.0000,0.0000,0.0000,25,0,0,0,0,21,0,0,0,0
zc,TA301,2012-06-27 09:01:35.080,7114.0000,183956,0,0.0000,14.0000,7,7,空换,S,7114.0000,0.0000,0.0000,0.0000,0.0000,7116.0000,0.0000,0.0000,0.0000,0.0000,20,0,0,0,0,3,0,0,0,0
zc,TA301,2012-06-27 09:01:35.597,7116.0000,183952,-4,0.0000,10.0000,3,7,空平,B,7114.0000,0.0000,0.0000,0.0000,0.0000,7118.0000,0.0000,0.0000,0.0000,0.0000,4,0,0,0,0,22,0,0,0,0
zc,TA301,2012-06-27 09:01:36.377,7118.0000,183936,-16,0.0000,44.0000,14,30,空平,B,7118.0000,0.0000,0.0000,0.0000,0.0000,7120.0000,0.0000,0.0000,0.0000,0.0000,9,0,0,0,0,58,0,0,0,0
zc,TA301,2012-06-27 09:01:36.830,7118.0000,183928,-8,0.0000,8.0000,0,8,双平,B,7118.0000,0.0000,0.0000,0.0000,0.0000,7120.0000,0.0000,0.0000,0.0000,0.0000,5,0,0,0,0,58,0,0,0,0
zc,TA301,2012-06-27 09:01:37.567,7118.0000,183928,0,0.0000,0.0000,0,0,多换,B,7118.0000,0.0000,0.0000,0.0000,0.0000,7120.0000,0.0000,0.0000,0.0000,0.0000,5,0,0,0,0,59,0,0,0,0
zc,TA301,2012-06-27 09:01:38.050,7118.0000,183928,0,0.0000,0.0000,0,0,多换,B,7118.0000,0.0000,0.0000,0.0000,0.0000,7120.0000,0.0000,0.0000,0.0000,0.0000,6,0,0,0,0,59,0,0,0,0
zc,TA301,2012-06-27 09:01:38.863,7118.0000,183930,2,0.0000,10.0000,6,4,多开,B,7114.0000,0.0000,0.0000,0.0000,0.0000,7118.0000,0.0000,0.0000,0.0000,0.0000,63,0,0,0,0,2,0,0,0,0
zc,TA301,2012-06-27 09:01:39.377,7118.0000,183930,0,0.0000,0.0000,0,0,多换,B,7114.0000,0.0000,0.0000,0.0000,0.0000,7118.0000,0.0000,0.0000,0.0000,0.0000,77,0,0,0,0,2,0,0,0,0
zc,TA301,2012-06-27 09:01:40.067,7118.0000,183930,0,0.0000,4.0000,2,2,多换,B,7118.0000,0.0000,0.0000,0.0000,0.0000,7120.0000,0.0000,0.0000,0.0000,0.0000,18,0,0,0,0,59,0,0,0,0
zc,TA301,2012-06-27 09:01:40.597,7118.0000,183930,0,0.0000,0.0000,0,0,多换,B,7118.0000,0.0000,0.0000,0.0000,0.0000,7120.0000,0.0000,0.0000,0.0000,0.0000,19,0,0,0,0,59,0,0,0,0
zc,TA301,2012-06-27 09:01:41.377,7120.0000,183972,42,0.0000,104.0000,73,31,多开,B,7118.0000,0.0000,0.0000,0.0000,0.0000,7120.0000,0.0000,0.0000,0.0000,0.0000,18,0,0,0,0,50,0,0,0,0
zc,TA301,2012-06-27 09:01:41.863,7118.0000,183970,-2,0.0000,2.0000,0,2,双平,S,7118.0000,0.0000,0.0000,0.0000,0.0000,7120.0000,0.0000,0.0000,0.0000,0.0000,17,0,0,0,0,50,0,0,0,0
zc,TA301,2012-06-27 09:01:42.347,7120.0000,183970,0,0.0000,36.0000,18,18,多换,B,7116.0000,0.0000,0.0000,0.0000,0.0000,7120.0000,0.0000,0.0000,0.0000,0.0000,1,0,0,0,0,47,0,0,0,0
zc,TA301,2012-06-27 09:01:43.113,7120.0000,183970,0,0.0000,0.0000,0,0,多换,B,7116.0000,0.0000,0.0000,0.0000,0.0000,7118.0000,0.0000,0.0000,0.0000,0.0000,2,0,0,0,0,11,0,0,0,0
zc,TA301,2012-06-27 09:01:43.597,7120.0000,183970,0,0.0000,0.0000,0,0,多换,B,7116.0000,0.0000,0.0000,0.0000,0.0000,7118.0000,0.0000,0.0000,0.0000,0.0000,2,0,0,0,0,12,0,0,0,0
zc,TA301,2012-06-27 09:01:44.300,7118.0000,183968,-2,0.0000,42.0000,20,22,多平,S,7118.0000,0.0000,0.0000,0.0000,0.0000,7120.0000,0.0000,0.0000,0.0000,0.0000,92,0,0,0,0,50,0,0,0,0
zc,TA301,2012-06-27 09:01:44.830,7120.0000,183926,-42,0.0000,42.0000,0,42,双平,B,7118.0000,0.0000,0.0000,0.0000,0.0000,7120.0000,0.0000,0.0000,0.0000,0.0000,73,0,0,0,0,50,0,0,0,0
zc,TA301,2012-06-27 09:01:45.597,7118.0000,183922,-4,0.0000,4.0000,0,4,双平,S,7118.0000,0.0000,0.0000,0.0000,0.0000,7120.0000,0.0000,0.0000,0.0000,0.0000,71,0,0,0,0,50,0,0,0,0
zc,TA301,2012-06-27 09:01:46.050,7118.0000,183922,0,0.0000,0.0000,0,0,空换,S,7118.0000,0.0000,0.0000,0.0000,0.0000,7120.0000,0.0000,0.0000,0.0000,0.0000,101,0,0,0,0,50,0,0,0,0
zc,TA301,2012-06-27 09:01:46.817,7118.0000,183922,0,0.0000,0.0000,0,0,空换,S,7118.0000,0.0000,0.0000,0.0000,0.0000,7120.0000,0.0000,0.0000,0.0000,0.0000,101,0,0,0,0,51,0,0,0,0
zc,TA301,2012-06-27 09:01:47.080,7118.0000,183920,-2,0.0000,2.0000,0,2,双平,S,7118.0000,0.0000,0.0000,0.0000,0.0000,7120.0000,0.0000,0.0000,0.0000,0.0000,100,0,0,0,0,51,0,0,0,0
zc,TA301,2012-06-27 09:01:47.847,7118.0000,183920,0,0.0000,0.0000,0,0,空换,S,7118.0000,0.0000,0.0000,0.0000,0.0000,7120.0000,0.0000,0.0000,0.0000,0.0000,102,0,0,0,0,50,0,0,0,0
zc,TA301,2012-06-27 09:01:48.627,7120.0000,183920,0,0.0000,2.0000,1,1,多换,B,7118.0000,0.0000,0.0000,0.0000,0.0000,7120.0000,0.0000,0.0000,0.0000,0.0000,102,0,0,0,0,54,0,0,0,0
zc,TA301,2012-06-27 09:01:49.080,7118.0000,183918,-2,0.0000,4.0000,1,3,多平,S,7118.0000,0.0000,0.0000,0.0000,0.0000,7120.0000,0.0000,0.0000,0.0000,0.0000,100,0,0,0,0,56,0,0,0,0
zc,TA301,2012-06-27 09:01:50.347,7120.0000,183918,0,0.0000,4.0000,2,2,多换,B,7118.0000,0.0000,0.0000,0.0000,0.0000,7120.0000,0.0000,0.0000,0.0000,0.0000,102,0,0,0,0,54,0,0,0,0
zc,TA301,2012-06-27 09:01:51.567,7120.0000,183916,-2,0.0000,2.0000,0,2,双平,B,7118.0000,0.0000,0.0000,0.0000,0.0000,7120.0000,0.0000,0.0000,0.0000,0.0000,102,0,0,0,0,56,0,0,0,0
zc,TA301,2012-06-27 09:01:52.097,7120.0000,183916,0,0.0000,0.0000,0,0,多换,B,7118.0000,0.0000,0.0000,0.0000,0.0000,7120.0000,0.0000,0.0000,0.0000,0.0000,106,0,0,0,0,56,0,0,0,0
zc,TA301,2012-06-27 09:01:53.300,7120.0000,183916,0,0.0000,0.0000,0,0,多换,B,7118.0000,0.0000,0.0000,0.0000,0.0000,7120.0000,0.0000,0.0000,0.0000,0.0000,107,0,0,0,0,59,0,0,0,0
zc,TA301,2012-06-27 09:01:53.800,7118.0000,183892,-24,0.0000,24.0000,0,24,双平,S,7118.0000,0.0000,0.0000,0.0000,0.0000,7120.0000,0.0000,0.0000,0.0000,0.0000,97,0,0,0,0,64,0,0,0,0
zc,TA301,2012-06-27 09:01:55.127,7120.0000,183888,-4,0.0000,8.0000,2,6,空平,B,7118.0000,0.0000,0.0000,0.0000,0.0000,7120.0000,0.0000,0.0000,0.0000,0.0000,96,0,0,0,0,60,0,0,0,0
zc,TA301,2012-06-27 09:01:55.877,7120.0000,183888,0,0.0000,0.0000,0,0,多换,B,7118.0000,0.0000,0.0000,0.0000,0.0000,7120.0000,0.0000,0.0000,0.0000,0.0000,96,0,0,0,0,62,0,0,0,0
zc,TA301,2012-06-27 09:01:56.300,7120.0000,183884,-4,0.0000,10.0000,3,7,空平,B,7118.0000,0.0000,0.0000,0.0000,0.0000,7120.0000,0.0000,0.0000,0.0000,0.0000,94,0,0,0,0,61,0,0,0,0
zc,TA301,2012-06-27 09:01:57.330,7118.0000,183880,-4,0.0000,4.0000,0,4,双平,S,7118.0000,0.0000,0.0000,0.0000,0.0000,7120.0000,0.0000,0.0000,0.0000,0.0000,92,0,0,0,0,61,0,0,0,0
zc,TA301,2012-06-27 09:01:58.317,7118.0000,183880,0,0.0000,0.0000,0,0,空换,S,7118.0000,0.0000,0.0000,0.0000,0.0000,7120.0000,0.0000,0.0000,0.0000,0.0000,92,0,0,0,0,63,0,0,0,0
zc,TA301,2012-06-27 09:01:58.830,7120.0000,183876,-4,0.0000,4.0000,0,4,双平,B,7118.0000,0.0000,0.0000,0.0000,0.0000,7120.0000,0.0000,0.0000,0.0000,0.0000,92,0,0,0,0,64,0,0,0,0
zc,TA301,2012-06-27 09:01:59.347,7120.0000,183852,-24,0.0000,70.0000,23,47,空平,B,7118.0000,0.0000,0.0000,0.0000,0.0000,7120.0000,0.0000,0.0000,0.0000,0.0000,94,0,0,0,0,52,0,0,0,0
zc,TA301,2012-06-27 09:02:00.067,7120.0000,183852,0,0.0000,0.0000,0,0,多换,B,7118.0000,0.0000,0.0000,0.0000,0.0000,7120.0000,0.0000,0.0000,0.0000,0.0000,94,0,0,0,0,80,0,0,0,0
zc,TA301,2012-06-27 09:02:01.347,7118.0000,183868,16,0.0000,78.0000,47,31,空开,S,7118.0000,0.0000,0.0000,0.0000,0.0000,7120.0000,0.0000,0.0000,0.0000,0.0000,55,0,0,0,0,90,0,0,0,0
zc,TA301,2012-06-27 09:02:01.847,7118.0000,183950,82,0.0000,114.0000,98,16,空开,S,7116.0000,0.0000,0.0000,0.0000,0.0000,7120.0000,0.0000,0.0000,0.0000,0.0000,3,0,0,0,0,88,0,0,0,0
zc,TA301,2012-06-27 09:02:02.567,7118.0000,183952,2,0.0000,2.0000,2,0,双开,S,7116.0000,0.0000,0.0000,0.0000,0.0000,7118.0000,0.0000,0.0000,0.0000,0.0000,3,0,0,0,0,6,0,0,0,0
zc,TA301,2012-06-27 09:02:02.817,7116.0000,183960,8,0.0000,8.0000,8,0,双开,S,7114.0000,0.0000,0.0000,0.0000,0.0000,7116.0000,0.0000,0.0000,0.0000,0.0000,141,0,0,0,0,39,0,0,0,0
zc,TA301,2012-06-27 09:02:03.567,7116.0000,183960,0,0.0000,2.0000,1,1,空换,S,7114.0000,0.0000,0.0000,0.0000,0.0000,7116.0000,0.0000,0.0000,0.0000,0.0000,144,0,0,0,0,44,0,0,0,0
zc,TA301,2012-06-27 09:02:04.080,7116.0000,183960,0,0.0000,0.0000,0,0,空换,S,7114.0000,0.0000,0.0000,0.0000,0.0000,7116.0000,0.0000,0.0000,0.0000,0.0000,144,0,0,0,0,33,0,0,0,0
zc,TA301,2012-06-27 09:02:04.830,7116.0000,183960,0,0.0000,0.0000,0,0,空换,S,7114.0000,0.0000,0.0000,0.0000,0.0000,7116.0000,0.0000,0.0000,0.0000,0.0000,144,0,0,0,0,28,0,0,0,0
zc,TA301,2012-06-27 09:02:05.817,7116.0000,183962,2,0.0000,2.0000,2,0,双开,S,7114.0000,0.0000,0.0000,0.0000,0.0000,7116.0000,0.0000,0.0000,0.0000,0.0000,144,0,0,0,0,42,0,0,0,0
zc,TA301,2012-06-27 09:02:06.580,7116.0000,183962,0,0.0000,0.0000,0,0,空换,S,7114.0000,0.0000,0.0000,0.0000,0.0000,7116.0000,0.0000,0.0000,0.0000,0.0000,144,0,0,0,0,44,0,0,0,0
zc,TA301,2012-06-27 09:02:07.097,7116.0000,183966,4,0.0000,6.0000,5,1,空开,S,7114.0000,0.0000,0.0000,0.0000,0.0000,7116.0000,0.0000,0.0000,0.0000,0.0000,142,0,0,0,0,44,0,0,0,0
zc,TA301,2012-06-27 09:02:07.817,7116.0000,183970,4,0.0000,4.0000,4,0,双开,S,7114.0000,0.0000,0.0000,0.0000,0.0000,7116.0000,0.0000,0.0000,0.0000,0.0000,96,0,0,0,0,42,0,0,0,0
zc,TA301,2012-06-27 09:02:08.080,7114.0000,183974,4,0.0000,4.0000,4,0,双开,S,7114.0000,0.0000,0.0000,0.0000,0.0000,7116.0000,0.0000,0.0000,0.0000,0.0000,95,0,0,0,0,30,0,0,0,0
zc,TA301,2012-06-27 09:02:08.830,7114.0000,184132,158,0.0000,196.0000,177,19,空开,S,7112.0000,0.0000,0.0000,0.0000,0.0000,7114.0000,0.0000,0.0000,0.0000,0.0000,238,0,0,0,0,19,0,0,0,0
zc,TA301,2012-06-27 09:02:09.363,7114.0000,184132,0,0.0000,0.0000,0,0,空换,S,7112.0000,0.0000,0.0000,0.0000,0.0000,7114.0000,0.0000,0.0000,0.0000,0.0000,238,0,0,0,0,29,0,0,0,0
zc,TA301,2012-06-27 09:02:10.097,7114.0000,184132,0,0.0000,70.0000,35,35,空换,S,7112.0000,0.0000,0.0000,0.0000,0.0000,7114.0000,0.0000,0.0000,0.0000,0.0000,237,0,0,0,0,6,0,0,0,0
zc,TA301,2012-06-27 09:02:10.550,7112.0000,184144,12,0.0000,12.0000,12,0,双开,S,7112.0000,0.0000,0.0000,0.0000,0.0000,7116.0000,0.0000,0.0000,0.0000,0.0000,233,0,0,0,0,17,0,0,0,0
zc,TA301,2012-06-27 09:02:11.363,7114.0000,184146,2,0.0000,2.0000,2,0,双开,B,7112.0000,0.0000,0.0000,0.0000,0.0000,7116.0000,0.0000,0.0000,0.0000,0.0000,233,0,0,0,0,23,0,0,0,0
zc,TA301,2012-06-27 09:02:11.893,7112.0000,184146,0,0.0000,18.0000,9,9,空换,S,7112.0000,0.0000,0.0000,0.0000,0.0000,7114.0000,0.0000,0.0000,0.0000,0.0000,225,0,0,0,0,20,0,0,0,0
zc,TA301,2012-06-27 09:02:12.580,7114.0000,184148,2,0.0000,2.0000,2,0,双开,B,7112.0000,0.0000,0.0000,0.0000,0.0000,7114.0000,0.0000,0.0000,0.0000,0.0000,225,0,0,0,0,25,0,0,0,0
zc,TA301,2012-06-27 09:02:13.770,7114.0000,184148,0,0.0000,0.0000,0,0,多换,B,7112.0000,0.0000,0.0000,0.0000,0.0000,7114.0000,0.0000,0.0000,0.0000,0.0000,225,0,0,0,0,11,0,0,0,0
zc,TA301,2012-06-27 09:02:14.317,7114.0000,184164,16,0.0000,26.0000,21,5,多开,B,7112.0000,0.0000,0.0000,0.0000,0.0000,7114.0000,0.0000,0.0000,0.0000,0.0000,216,0,0,0,0,2,0,0,0,0
zc,TA301,2012-06-27 09:02:14.830,7114.0000,184160,-4,0.0000,4.0000,0,4,双平,B,7114.0000,0.0000,0.0000,0.0000,0.0000,7116.0000,0.0000,0.0000,0.0000,0.0000,19,0,0,0,0,22,0,0,0,0
zc,TA301,2012-06-27 09:02:15.567,7112.0000,184156,-4,0.0000,48.0000,22,26,多平,S,7112.0000,0.0000,0.0000,0.0000,0.0000,7116.0000,0.0000,0.0000,0.0000,0.0000,214,0,0,0,0,14,0,0,0,0
zc,TA301,2012-06-27 09:02:15.830,7114.0000,184186,30,0.0000,30.0000,30,0,双开,B,7112.0000,0.0000,0.0000,0.0000,0.0000,7116.0000,0.0000,0.0000,0.0000,0.0000,208,0,0,0,0,13,0,0,0,0
zc,TA301,2012-06-27 09:02:16.613,7116.0000,184186,0,0.0000,2.0000,1,1,多换,B,7114.0000,0.0000,0.0000,0.0000,0.0000,7116.0000,0.0000,0.0000,0.0000,0.0000,1,0,0,0,0,6,0,0,0,0
zc,TA301,2012-06-27 09:02:17.097,7116.0000,184186,0,0.0000,2.0000,1,1,多换,B,7114.0000,0.0000,0.0000,0.0000,0.0000,7116.0000,0.0000,0.0000,0.0000,0.0000,15,0,0,0,0,8,0,0,0,0
zc,TA301,2012-06-27 09:02:17.830,7116.0000,184186,0,0.0000,0.0000,0,0,多换,B,7114.0000,0.0000,0.0000,0.0000,0.0000,7116.0000,0.0000,0.0000,0.0000,0.0000,32,0,0,0,0,9,0,0,0,0
zc,TA301,2012-06-27 09:02:18.300,7116.0000,184174,-12,0.0000,50.0000,19,31,空平,B,7116.0000,0.0000,0.0000,0.0000,0.0000,7118.0000,0.0000,0.0000,0.0000,0.0000,40,0,0,0,0,15,0,0,0,0
zc,TA301,2012-06-27 09:02:18.817,7114.0000,184122,-52,0.0000,86.0000,17,69,多平,S,7114.0000,0.0000,0.0000,0.0000,0.0000,7118.0000,0.0000,0.0000,0.0000,0.0000,29,0,0,0,0,19,0,0,0,0
zc,TA301,2012-06-27 09:02:19.550,7114.0000,184122,0,0.0000,0.0000,0,0,空换,S,7116.0000,0.0000,0.0000,0.0000,0.0000,7118.0000,0.0000,0.0000,0.0000,0.0000,1,0,0,0,0,19,0,0,0,0
zc,TA301,2012-06-27 09:02:20.580,7114.0000,184120,-2,0.0000,8.0000,3,5,多平,S,7114.0000,0.0000,0.0000,0.0000,0.0000,7116.0000,0.0000,0.0000,0.0000,0.0000,28,0,0,0,0,4,0,0,0,0
zc,TA301,2012-06-27 09:02:21.097,7116.0000,184112,-8,0.0000,28.0000,10,18,空平,B,7114.0000,0.0000,0.0000,0.0000,0.0000,7116.0000,0.0000,0.0000,0.0000,0.0000,33,0,0,0,0,5,0,0,0,0
zc,TA301,2012-06-27 09:02:22.317,7116.0000,184112,0,0.0000,0.0000,0,0,多换,B,7114.0000,0.0000,0.0000,0.0000,0.0000,7116.0000,0.0000,0.0000,0.0000,0.0000,34,0,0,0,0,6,0,0,0,0
zc,TA301,2012-06-27 09:02:22.847,7116.0000,184114,2,0.0000,2.0000,2,0,双开,B,7114.0000,0.0000,0.0000,0.0000,0.0000,7116.0000,0.0000,0.0000,0.0000,0.0000,33,0,0,0,0,5,0,0,0,0
zc,TA301,2012-06-27 09:02:23.567,7116.0000,184114,0,0.0000,0.0000,0,0,多换,B,7114.0000,0.0000,0.0000,0.0000,0.0000,7116.0000,0.0000,0.0000,0.0000,0.0000,33,0,0,0,0,6,0,0,0,0
zc,TA301,2012-06-27 09:02:24.080,7116.0000,184108,-6,0.0000,12.0000,3,9,空平,B,7116.0000,0.0000,0.0000,0.0000,0.0000,7118.0000,0.0000,0.0000,0.0000,0.0000,2,0,0,0,0,20,0,0,0,0
zc,TA301,2012-06-27 09:02:24.800,7116.0000,184108,0,0.0000,0.0000,0,0,多换,B,7116.0000,0.0000,0.0000,0.0000,0.0000,7118.0000,0.0000,0.0000,0.0000,0.0000,2,0,0,0,0,22,0,0,0,0
zc,TA301,2012-06-27 09:02:25.317,7116.0000,184108,0,0.0000,2.0000,1,1,多换,B,7116.0000,0.0000,0.0000,0.0000,0.0000,7118.0000,0.0000,0.0000,0.0000,0.0000,3,0,0,0,0,22,0,0,0,0
zc,TA301,2012-06-27 09:02:25.817,7116.0000,184108,0,0.0000,2.0000,1,1,多换,B,7116.0000,0.0000,0.0000,0.0000,0.0000,7118.0000,0.0000,0.0000,0.0000,0.0000,3,0,0,0,0,22,0,0,0,0
zc,TA301,2012-06-27 09:02:26.330,7116.0000,184102,-6,0.0000,10.0000,2,8,空平,B,7114.0000,0.0000,0.0000,0.0000,0.0000,7116.0000,0.0000,0.0000,0.0000,0.0000,35,0,0,0,0,15,0,0,0,0
zc,TA301,2012-06-27 09:02:27.067,7116.0000,184094,-8,0.0000,8.0000,0,8,双平,B,7114.0000,0.0000,0.0000,0.0000,0.0000,7116.0000,0.0000,0.0000,0.0000,0.0000,37,0,0,0,0,11,0,0,0,0
zc,TA301,2012-06-27 09:02:27.597,7116.0000,184072,-22,0.0000,24.0000,1,23,空平,B,7114.0000,0.0000,0.0000,0.0000,0.0000,7118.0000,0.0000,0.0000,0.0000,0.0000,35,0,0,0,0,25,0,0,0,0
zc,TA301,2012-06-27 09:02:28.097,7114.0000,184072,0,0.0000,8.0000,4,4,空换,S,7116.0000,0.0000,0.0000,0.0000,0.0000,7118.0000,0.0000,0.0000,0.0000,0.0000,61,0,0,0,0,25,0,0,0,0
zc,TA301,2012-06-27 09:02:29.317,7114.0000,184094,22,0.0000,50.0000,36,14,空开,S,7116.0000,0.0000,0.0000,0.0000,0.0000,7118.0000,0.0000,0.0000,0.0000,0.0000,45,0,0,0,0,25,0,0,0,0
zc,TA301,2012-06-27 09:02:30.080,7114.0000,184094,0,0.0000,0.0000,0,0,空换,S,7116.0000,0.0000,0.0000,0.0000,0.0000,7118.0000,0.0000,0.0000,0.0000,0.0000,47,0,0,0,0,25,0,0,0,0
zc,TA301,2012-06-27 09:02:30.567,7114.0000,184094,0,0.0000,0.0000,0,0,空换,S,7116.0000,0.0000,0.0000,0.0000,0.0000,7118.0000,0.0000,0.0000,0.0000,0.0000,47,0,0,0,0,26,0,0,0,0
zc,TA301,2012-06-27 09:02:31.067,7116.0000,184098,4,0.0000,22.0000,13,9,多开,B,7116.0000,0.0000,0.0000,0.0000,0.0000,7118.0000,0.0000,0.0000,0.0000,0.0000,47,0,0,0,0,16,0,0,0,0
zc,TA301,2012-06-27 09:02:31.597,7116.0000,184106,8,0.0000,20.0000,14,6,多开,B,7116.0000,0.0000,0.0000,0.0000,0.0000,7118.0000,0.0000,0.0000,0.0000,0.0000,42,0,0,0,0,26,0,0,0,0
zc,TA301,2012-06-27 09:02:32.283,7116.0000,184116,10,0.0000,10.0000,10,0,双开,B,7116.0000,0.0000,0.0000,0.0000,0.0000,7118.0000,0.0000,0.0000,0.0000,0.0000,39,0,0,0,0,33,0,0,0,0
zc,TA301,2012-06-27 09:02:32.817,7116.0000,184116,0,0.0000,6.0000,3,3,多换,B,7116.0000,0.0000,0.0000,0.0000,0.0000,7118.0000,0.0000,0.0000,0.0000,0.0000,37,0,0,0,0,30,0,0,0,0
zc,TA301,2012-06-27 09:02:34.050,7116.0000,184118,2,0.0000,2.0000,2,0,双开,B,7116.0000,0.0000,0.0000,0.0000,0.0000,7118.0000,0.0000,0.0000,0.0000,0.0000,36,0,0,0,0,40,0,0,0,0
zc,TA301,2012-06-27 09:02:34.597,7116.0000,184118,0,0.0000,0.0000,0,0,多换,B,7116.0000,0.0000,0.0000,0.0000,0.0000,7118.0000,0.0000,0.0000,0.0000,0.0000,37,0,0,0,0,35,0,0,0,0
zc,TA301,2012-06-27 09:02:35.067,7116.0000,184120,2,0.0000,2.0000,2,0,双开,B,7116.0000,0.0000,0.0000,0.0000,0.0000,7118.0000,0.0000,0.0000,0.0000,0.0000,36,0,0,0,0,35,0,0,0,0
zc,TA301,2012-06-27 09:02:35.567,7118.0000,184120,0,0.0000,2.0000,1,1,多换,B,7116.0000,0.0000,0.0000,0.0000,0.0000,7118.0000,0.0000,0.0000,0.0000,0.0000,46,0,0,0,0,28,0,0,0,0
zc,TA301,2012-06-27 09:02:37.283,7118.0000,184120,0,0.0000,4.0000,2,2,多换,B,7116.0000,0.0000,0.0000,0.0000,0.0000,7118.0000,0.0000,0.0000,0.0000,0.0000,46,0,0,0,0,26,0,0,0,0
zc,TA301,2012-06-27 09:02:38.050,7116.0000,184130,10,0.0000,32.0000,21,11,空开,S,7116.0000,0.0000,0.0000,0.0000,0.0000,7118.0000,0.0000,0.0000,0.0000,0.0000,45,0,0,0,0,11,0,0,0,0
zc,TA301,2012-06-27 09:02:39.080,7116.0000,184130,0,0.0000,12.0000,6,6,空换,S,7116.0000,0.0000,0.0000,0.0000,0.0000,7118.0000,0.0000,0.0000,0.0000,0.0000,44,0,0,0,0,12,0,0,0,0
zc,TA301,2012-06-27 09:02:40.847,7118.0000,184130,0,0.0000,2.0000,1,1,多换,B,7116.0000,0.0000,0.0000,0.0000,0.0000,7118.0000,0.0000,0.0000,0.0000,0.0000,44,0,0,0,0,16,0,0,0,0
zc,TA301,2012-06-27 09:02:41.377,7118.0000,184128,-2,0.0000,2.0000,0,2,双平,B,7116.0000,0.0000,0.0000,0.0000,0.0000,7118.0000,0.0000,0.0000,0.0000,0.0000,45,0,0,0,0,16,0,0,0,0
zc,TA301,2012-06-27 09:02:42.160,7116.0000,184132,4,0.0000,16.0000,10,6,空开,S,7116.0000,0.0000,0.0000,0.0000,0.0000,7118.0000,0.0000,0.0000,0.0000,0.0000,37,0,0,0,0,12,0,0,0,0
zc,TA301,2012-06-27 09:02:42.567,7116.0000,184134,2,0.0000,2.0000,2,0,双开,S,7116.0000,0.0000,0.0000,0.0000,0.0000,7118.0000,0.0000,0.0000,0.0000,0.0000,31,0,0,0,0,17,0,0,0,0
zc,TA301,2012-06-27 09:02:43.050,7118.0000,184134,0,0.0000,2.0000,1,1,多换,B,7116.0000,0.0000,0.0000,0.0000,0.0000,7118.0000,0.0000,0.0000,0.0000,0.0000,31,0,0,0,0,24,0,0,0,0
zc,TA301,2012-06-27 09:02:43.580,7116.0000,184136,2,0.0000,2.0000,2,0,双开,S,7116.0000,0.0000,0.0000,0.0000,0.0000,7118.0000,0.0000,0.0000,0.0000,0.0000,31,0,0,0,0,22,0,0,0,0
zc,TA301,2012-06-27 09:02:44.347,7116.0000,184136,0,0.0000,16.0000,8,8,空换,S,7116.0000,0.0000,0.0000,0.0000,0.0000,7118.0000,0.0000,0.0000,0.0000,0.0000,23,0,0,0,0,17,0,0,0,0
zc,TA301,2012-06-27 09:02:44.800,7116.0000,184138,2,0.0000,2.0000,2,0,双开,S,7116.0000,0.0000,0.0000,0.0000,0.0000,7118.0000,0.0000,0.0000,0.0000,0.0000,22,0,0,0,0,17,0,0,0,0
zc,TA301,2012-06-27 09:02:45.363,7116.0000,184140,2,0.0000,2.0000,2,0,双开,S,7116.0000,0.0000,0.0000,0.0000,0.0000,7118.0000,0.0000,0.0000,0.0000,0.0000,24,0,0,0,0,18,0,0,0,0
zc,TA301,2012-06-27 09:02:46.113,7118.0000,184114,-26,0.0000,36.0000,5,31,空平,B,7118.0000,0.0000,0.0000,0.0000,0.0000,7120.0000,0.0000,0.0000,0.0000,0.0000,3,0,0,0,0,125,0,0,0,0
zc,TA301,2012-06-27 09:02:46.567,7118.0000,184114,0,0.0000,0.0000,0,0,多换,B,7118.0000,0.0000,0.0000,0.0000,0.0000,7120.0000,0.0000,0.0000,0.0000,0.0000,4,0,0,0,0,125,0,0,0,0
zc,TA301,2012-06-27 09:02:47.317,7118.0000,184114,0,0.0000,10.0000,5,5,多换,B,7116.0000,0.0000,0.0000,0.0000,0.0000,7120.0000,0.0000,0.0000,0.0000,0.0000,28,0,0,0,0,125,0,0,0,0
zc,TA301,2012-06-27 09:02:48.347,7116.0000,184114,0,0.0000,2.0000,1,1,空换,S,7116.0000,0.0000,0.0000,0.0000,0.0000,7118.0000,0.0000,0.0000,0.0000,0.0000,27,0,0,0,0,10,0,0,0,0
zc,TA301,2012-06-27 09:02:48.847,7116.0000,184114,0,0.0000,2.0000,1,1,空换,S,7116.0000,0.0000,0.0000,0.0000,0.0000,7118.0000,0.0000,0.0000,0.0000,0.0000,27,0,0,0,0,11,0,0,0,0
zc,TA301,2012-06-27 09:02:49.567,7118.0000,184126,12,0.0000,18.0000,15,3,多开,B,7116.0000,0.0000,0.0000,0.0000,0.0000,7118.0000,0.0000,0.0000,0.0000,0.0000,24,0,0,0,0,3,0,0,0,0
zc,TA301,2012-06-27 09:02:49.863,7118.0000,184126,0,0.0000,0.0000,0,0,多换,B,7116.0000,0.0000,0.0000,0.0000,0.0000,7118.0000,0.0000,0.0000,0.0000,0.0000,23,0,0,0,0,3,0,0,0,0
zc,TA301,2012-06-27 09:02:50.643,7118.0000,184118,-8,0.0000,16.0000,4,12,空平,B,7118.0000,0.0000,0.0000,0.0000,0.0000,7120.0000,0.0000,0.0000,0.0000,0.0000,214,0,0,0,0,134,0,0,0,0
zc,TA301,2012-06-27 09:02:51.300,7118.0000,184104,-14,0.0000,14.0000,0,14,双平,B,7118.0000,0.0000,0.0000,0.0000,0.0000,7120.0000,0.0000,0.0000,0.0000,0.0000,207,0,0,0,0,148,0,0,0,0
zc,TA301,2012-06-27 09:02:51.847,7118.0000,184104,0,0.0000,0.0000,0,0,多换,B,7118.0000,0.0000,0.0000,0.0000,0.0000,7120.0000,0.0000,0.0000,0.0000,0.0000,208,0,0,0,0,148,0,0,0,0
zc,TA301,2012-06-27 09:02:52.347,7118.0000,184104,0,0.0000,0.0000,0,0,多换,B,7118.0000,0.0000,0.0000,0.0000,0.0000,7120.0000,0.0000,0.0000,0.0000,0.0000,209,0,0,0,0,158,0,0,0,0
zc,TA301,2012-06-27 09:02:53.097,7118.0000,184056,-48,0.0000,320.0000,136,184,空平,B,7118.0000,0.0000,0.0000,0.0000,0.0000,7120.0000,0.0000,0.0000,0.0000,0.0000,49,0,0,0,0,160,0,0,0,0
zc,TA301,2012-06-27 09:02:53.580,7118.0000,184056,0,0.0000,8.0000,4,4,多换,B,7118.0000,0.0000,0.0000,0.0000,0.0000,7120.0000,0.0000,0.0000,0.0000,0.0000,45,0,0,0,0,157,0,0,0,0
zc,TA301,2012-06-27 09:02:54.097,7118.0000,184056,0,0.0000,2.0000,1,1,多换,B,7118.0000,0.0000,0.0000,0.0000,0.0000,7120.0000,0.0000,0.0000,0.0000,0.0000,44,0,0,0,0,157,0,0,0,0
zc,TA301,2012-06-27 09:02:54.847,7118.0000,184056,0,0.0000,0.0000,0,0,多换,B,7118.0000,0.0000,0.0000,0.0000,0.0000,7120.0000,0.0000,0.0000,0.0000,0.0000,44,0,0,0,0,159,0,0,0,0
zc,TA301,2012-06-27 09:02:55.300,7120.0000,184142,86,0.0000,130.0000,108,22,多开,B,7118.0000,0.0000,0.0000,0.0000,0.0000,7120.0000,0.0000,0.0000,0.0000,0.0000,39,0,0,0,0,99,0,0,0,0
zc,TA301,2012-06-27 09:02:55.800,7118.0000,184140,-2,0.0000,30.0000,14,16,多平,S,7118.0000,0.0000,0.0000,0.0000,0.0000,7120.0000,0.0000,0.0000,0.0000,0.0000,24,0,0,0,0,88,0,0,0,0
zc,TA301,2012-06-27 09:02:56.580,7118.0000,184140,0,0.0000,0.0000,0,0,空换,S,7118.0000,0.0000,0.0000,0.0000,0.0000,7120.0000,0.0000,0.0000,0.0000,0.0000,24,0,0,0,0,87,0,0,0,0
zc,TA301,2012-06-27 09:02:57.080,7120.0000,184152,12,0.0000,26.0000,19,7,多开,B,7118.0000,0.0000,0.0000,0.0000,0.0000,7120.0000,0.0000,0.0000,0.0000,0.0000,24,0,0,0,0,74,0,0,0,0
zc,TA301,2012-06-27 09:02:57.567,7118.0000,184152,0,0.0000,2.0000,1,1,空换,S,7118.0000,0.0000,0.0000,0.0000,0.0000,7120.0000,0.0000,0.0000,0.0000,0.0000,23,0,0,0,0,66,0,0,0,0
zc,TA301,2012-06-27 09:02:58.330,7118.0000,184152,0,0.0000,0.0000,0,0,空换,S,7118.0000,0.0000,0.0000,0.0000,0.0000,7120.0000,0.0000,0.0000,0.0000,0.0000,23,0,0,0,0,67,0,0,0,0
zc,TA301,2012-06-27 09:02:59.050,7118.0000,184152,0,0.0000,8.0000,4,4,空换,S,7118.0000,0.0000,0.0000,0.0000,0.0000,7120.0000,0.0000,0.0000,0.0000,0.0000,19,0,0,0,0,67,0,0,0,0
zc,TA301,2012-06-27 09:03:00.033,7120.0000,184152,0,0.0000,12.0000,6,6,多换,B,7118.0000,0.0000,0.0000,0.0000,0.0000,7120.0000,0.0000,0.0000,0.0000,0.0000,18,0,0,0,0,62,0,0,0,0
zc,TA301,2012-06-27 09:03:00.347,7118.0000,184154,2,0.0000,4.0000,3,1,空开,S,7118.0000,0.0000,0.0000,0.0000,0.0000,7120.0000,0.0000,0.0000,0.0000,0.0000,17,0,0,0,0,67,0,0,0,0
zc,TA301,2012-06-27 09:03:01.033,7120.0000,184158,4,0.0000,4.0000,4,0,双开,B,7118.0000,0.0000,0.0000,0.0000,0.0000,7120.0000,0.0000,0.0000,0.0000,0.0000,17,0,0,0,0,59,0,0,0,0
zc,TA301,2012-06-27 09:03:01.817,7120.0000,184158,0,0.0000,8.0000,4,4,多换,B,7118.0000,0.0000,0.0000,0.0000,0.0000,7120.0000,0.0000,0.0000,0.0000,0.0000,34,0,0,0,0,55,0,0,0,0
zc,TA301,2012-06-27 09:03:02.300,7118.0000,184156,-2,0.0000,2.0000,0,2,双平,S,7118.0000,0.0000,0.0000,0.0000,0.0000,7120.0000,0.0000,0.0000,0.0000,0.0000,33,0,0,0,0,55,0,0,0,0
zc,TA301,2012-06-27 09:03:02.830,7118.0000,184128,-28,0.0000,50.0000,11,39,多平,S,7118.0000,0.0000,0.0000,0.0000,0.0000,7120.0000,0.0000,0.0000,0.0000,0.0000,10,0,0,0,0,54,0,0,0,0
zc,TA301,2012-06-27 09:03:03.597,7120.0000,184128,0,0.0000,10.0000,5,5,多换,B,7118.0000,0.0000,0.0000,0.0000,0.0000,7120.0000,0.0000,0.0000,0.0000,0.0000,14,0,0,0,0,49,0,0,0,0
zc,TA301,2012-06-27 09:03:04.317,7120.0000,184128,0,0.0000,8.0000,4,4,多换,B,7118.0000,0.0000,0.0000,0.0000,0.0000,7120.0000,0.0000,0.0000,0.0000,0.0000,30,0,0,0,0,46,0,0,0,0
zc,TA301,2012-06-27 09:03:04.567,7120.0000,184128,0,0.0000,0.0000,0,0,多换,B,7118.0000,0.0000,0.0000,0.0000,0.0000,7120.0000,0.0000,0.0000,0.0000,0.0000,30,0,0,0,0,47,0,0,0,0
zc,TA301,2012-06-27 09:03:05.817,7120.0000,184128,0,0.0000,0.0000,0,0,多换,B,7118.0000,0.0000,0.0000,0.0000,0.0000,7120.0000,0.0000,0.0000,0.0000,0.0000,31,0,0,0,0,58,0,0,0,0
zc,TA301,2012-06-27 09:03:06.580,7118.0000,184114,-14,0.0000,136.0000,61,75,多平,S,7116.0000,0.0000,0.0000,0.0000,0.0000,7118.0000,0.0000,0.0000,0.0000,0.0000,39,0,0,0,0,22,0,0,0,0
zc,TA301,2012-06-27 09:03:07.050,7118.0000,184114,0,0.0000,14.0000,7,7,空换,S,7116.0000,0.0000,0.0000,0.0000,0.0000,7118.0000,0.0000,0.0000,0.0000,0.0000,32,0,0,0,0,15,0,0,0,0
zc,TA301,2012-06-27 09:03:07.550,7118.0000,184114,0,0.0000,14.0000,7,7,空换,S,7116.0000,0.0000,0.0000,0.0000,0.0000,7118.0000,0.0000,0.0000,0.0000,0.0000,27,0,0,0,0,8,0,0,0,0
zc,TA301,2012-06-27 09:03:08.347,7118.0000,184114,0,0.0000,16.0000,8,8,空换,S,7116.0000,0.0000,0.0000,0.0000,0.0000,7120.0000,0.0000,0.0000,0.0000,0.0000,19,0,0,0,0,58,0,0,0,0
zc,TA301,2012-06-27 09:03:08.567,7118.0000,184114,0,0.0000,0.0000,0,0,空换,S,7118.0000,0.0000,0.0000,0.0000,0.0000,7120.0000,0.0000,0.0000,0.0000,0.0000,2,0,0,0,0,58,0,0,0,0
zc,TA301,2012-06-27 09:03:09.300,7118.0000,184114,0,0.0000,0.0000,0,0,空换,S,7118.0000,0.0000,0.0000,0.0000,0.0000,7120.0000,0.0000,0.0000,0.0000,0.0000,2,0,0,0,0,60,0,0,0,0
zc,TA301,2012-06-27 09:03:09.863,7118.0000,184088,-26,0.0000,30.0000,2,28,多平,S,7116.0000,0.0000,0.0000,0.0000,0.0000,7118.0000,0.0000,0.0000,0.0000,0.0000,55,0,0,0,0,1,0,0,0,0
zc,TA301,2012-06-27 09:03:10.330,7120.0000,184088,0,0.0000,4.0000,2,2,多换,B,7118.0000,0.0000,0.0000,0.0000,0.0000,7120.0000,0.0000,0.0000,0.0000,0.0000,4,0,0,0,0,60,0,0,0,0
zc,TA301,2012-06-27 09:03:10.863,7116.0000,184130,42,0.0000,120.0000,81,39,空开,S,7116.0000,0.0000,0.0000,0.0000,0.0000,7120.0000,0.0000,0.0000,0.0000,0.0000,31,0,0,0,0,10,0,0,0,0
zc,TA301,2012-06-27 09:03:11.567,7120.0000,184138,8,0.0000,8.0000,8,0,双开,B,7118.0000,0.0000,0.0000,0.0000,0.0000,7120.0000,0.0000,0.0000,0.0000,0.0000,30,0,0,0,0,6,0,0,0,0
zc,TA301,2012-06-27 09:03:12.783,7120.0000,184138,0,0.0000,0.0000,0,0,多换,B,7118.0000,0.0000,0.0000,0.0000,0.0000,7120.0000,0.0000,0.0000,0.0000,0.0000,30,0,0,0,0,9,0,0,0,0
zc,TA301,2012-06-27 09:03:13.317,7120.0000,184138,0,0.0000,0.0000,0,0,多换,B,7118.0000,0.0000,0.0000,0.0000,0.0000,7120.0000,0.0000,0.0000,0.0000,0.0000,33,0,0,0,0,9,0,0,0,0
zc,TA301,2012-06-27 09:03:13.877,7118.0000,184140,2,0.0000,6.0000,4,2,空开,S,7118.0000,0.0000,0.0000,0.0000,0.0000,7120.0000,0.0000,0.0000,0.0000,0.0000,31,0,0,0,0,8,0,0,0,0
zc,TA301,2012-06-27 09:03:14.550,7120.0000,184134,-6,0.0000,22.0000,8,14,空平,B,7120.0000,0.0000,0.0000,0.0000,0.0000,7122.0000,0.0000,0.0000,0.0000,0.0000,18,0,0,0,0,242,0,0,0,0
zc,TA301,2012-06-27 09:03:15.080,7120.0000,184142,8,0.0000,92.0000,50,42,多开,B,7120.0000,0.0000,0.0000,0.0000,0.0000,7122.0000,0.0000,0.0000,0.0000,0.0000,22,0,0,0,0,281,0,0,0,0
zc,TA301,2012-06-27 09:03:15.817,7120.0000,184162,20,0.0000,20.0000,20,0,双开,B,7120.0000,0.0000,0.0000,0.0000,0.0000,7122.0000,0.0000,0.0000,0.0000,0.0000,12,0,0,0,0,271,0,0,0,0
zc,TA301,2012-06-27 09:03:16.080,7120.0000,184160,-2,0.0000,32.0000,15,17,空平,B,7118.0000,0.0000,0.0000,0.0000,0.0000,7120.0000,0.0000,0.0000,0.0000,0.0000,32,0,0,0,0,21,0,0,0,0
zc,TA301,2012-06-27 09:03:16.783,7120.0000,184160,0,0.0000,0.0000,0,0,多换,B,7118.0000,0.0000,0.0000,0.0000,0.0000,7120.0000,0.0000,0.0000,0.0000,0.0000,34,0,0,0,0,21,0,0,0,0
zc,TA301,2012-06-27 09:03:18.050,7120.0000,184158,-2,0.0000,6.0000,2,4,空平,B,7118.0000,0.0000,0.0000,0.0000,0.0000,7120.0000,0.0000,0.0000,0.0000,0.0000,40,0,0,0,0,18,0,0,0,0
zc,TA301,2012-06-27 09:03:18.817,7118.0000,184158,0,0.0000,4.0000,2,2,空换,S,7118.0000,0.0000,0.0000,0.0000,0.0000,7120.0000,0.0000,0.0000,0.0000,0.0000,37,0,0,0,0,18,0,0,0,0
zc,TA301,2012-06-27 09:03:19.330,7118.0000,184158,0,0.0000,0.0000,0,0,空换,S,7118.0000,0.0000,0.0000,0.0000,0.0000,7120.0000,0.0000,0.0000,0.0000,0.0000,61,0,0,0,0,18,0,0,0,0
zc,TA301,2012-06-27 09:03:19.783,7118.0000,184158,0,0.0000,0.0000,0,0,空换,S,7118.0000,0.0000,0.0000,0.0000,0.0000,7120.0000,0.0000,0.0000,0.0000,0.0000,60,0,0,0,0,20,0,0,0,0
zc,TA301,2012-06-27 09:03:20.317,7118.0000,184158,0,0.0000,0.0000,0,0,空换,S,7118.0000,0.0000,0.0000,0.0000,0.0000,7120.0000,0.0000,0.0000,0.0000,0.0000,32,0,0,0,0,2,0,0,0,0
zc,TA301,2012-06-27 09:03:21.080,7120.0000,184154,-4,0.0000,60.0000,28,32,空平,B,7118.0000,0.0000,0.0000,0.0000,0.0000,7120.0000,0.0000,0.0000,0.0000,0.0000,32,0,0,0,0,10,0,0,0,0
zc,TA301,2012-06-27 09:03:21.580,7120.0000,184154,0,0.0000,0.0000,0,0,多换,B,7118.0000,0.0000,0.0000,0.0000,0.0000,7120.0000,0.0000,0.0000,0.0000,0.0000,32,0,0,0,0,9,0,0,0,0
zc,TA301,2012-06-27 09:03:22.067,7120.0000,184154,0,0.0000,0.0000,0,0,多换,B,7118.0000,0.0000,0.0000,0.0000,0.0000,7120.0000,0.0000,0.0000,0.0000,0.0000,37,0,0,0,0,3,0,0,0,0
zc,TA301,2012-06-27 09:03:22.817,7120.0000,184154,0,0.0000,2.0000,1,1,多换,B,7118.0000,0.0000,0.0000,0.0000,0.0000,7120.0000,0.0000,0.0000,0.0000,0.0000,37,0,0,0,0,12,0,0,0,0
zc,TA301,2012-06-27 09:03:23.363,7118.0000,184154,0,0.0000,2.0000,1,1,空换,S,7118.0000,0.0000,0.0000,0.0000,0.0000,7120.0000,0.0000,0.0000,0.0000,0.0000,37,0,0,0,0,19,0,0,0,0
zc,TA301,2012-06-27 09:03:24.550,7120.0000,184156,2,0.0000,2.0000,2,0,双开,B,7118.0000,0.0000,0.0000,0.0000,0.0000,7120.0000,0.0000,0.0000,0.0000,0.0000,37,0,0,0,0,19,0,0,0,0
zc,TA301,2012-06-27 09:03:25.550,7120.0000,184156,0,0.0000,4.0000,2,2,多换,B,7118.0000,0.0000,0.0000,0.0000,0.0000,7120.0000,0.0000,0.0000,0.0000,0.0000,38,0,0,0,0,17,0,0,0,0
zc,TA301,2012-06-27 09:03:26.300,7120.0000,184164,8,0.0000,8.0000,8,0,双开,B,7118.0000,0.0000,0.0000,0.0000,0.0000,7120.0000,0.0000,0.0000,0.0000,0.0000,35,0,0,0,0,13,0,0,0,0
zc,TA301,2012-06-27 09:03:26.770,7118.0000,184166,2,0.0000,2.0000,2,0,双开,S,7118.0000,0.0000,0.0000,0.0000,0.0000,7120.0000,0.0000,0.0000,0.0000,0.0000,34,0,0,0,0,17,0,0,0,0
zc,TA301,2012-06-27 09:03:27.317,7120.0000,184154,-12,0.0000,40.0000,14,26,空平,B,7120.0000,0.0000,0.0000,0.0000,0.0000,7122.0000,0.0000,0.0000,0.0000,0.0000,9,0,0,0,0,253,0,0,0,0
zc,TA301,2012-06-27 09:03:28.050,7120.0000,184140,-14,0.0000,18.0000,2,16,空平,B,7118.0000,0.0000,0.0000,0.0000,0.0000,7120.0000,0.0000,0.0000,0.0000,0.0000,29,0,0,0,0,18,0,0,0,0
zc,TA301,2012-06-27 09:03:28.830,7120.0000,184140,0,0.0000,10.0000,5,5,多换,B,7118.0000,0.0000,0.0000,0.0000,0.0000,7120.0000,0.0000,0.0000,0.0000,0.0000,29,0,0,0,0,14,0,0,0,0
zc,TA301,2012-06-27 09:03:29.300,7120.0000,184140,0,0.0000,0.0000,0,0,多换,B,7118.0000,0.0000,0.0000,0.0000,0.0000,7120.0000,0.0000,0.0000,0.0000,0.0000,8,0,0,0,0,15,0,0,0,0
zc,TA301,2012-06-27 09:03:30.800,7120.0000,184140,0,0.0000,16.0000,8,8,多换,B,7118.0000,0.0000,0.0000,0.0000,0.0000,7120.0000,0.0000,0.0000,0.0000,0.0000,18,0,0,0,0,7,0,0,0,0
zc,TA301,2012-06-27 09:03:31.550,7118.0000,184144,4,0.0000,4.0000,4,0,双开,S,7118.0000,0.0000,0.0000,0.0000,0.0000,7120.0000,0.0000,0.0000,0.0000,0.0000,16,0,0,0,0,8,0,0,0,0
zc,TA301,2012-06-27 09:03:32.533,7120.0000,184144,0,0.0000,6.0000,3,3,多换,B,7118.0000,0.0000,0.0000,0.0000,0.0000,7120.0000,0.0000,0.0000,0.0000,0.0000,16,0,0,0,0,5,0,0,0,0
zc,TA301,2012-06-27 09:03:33.300,7120.0000,184144,0,0.0000,0.0000,0,0,多换,B,7118.0000,0.0000,0.0000,0.0000,0.0000,7120.0000,0.0000,0.0000,0.0000,0.0000,20,0,0,0,0,5,0,0,0,0
zc,TA301,2012-06-27 09:03:34.567,7120.0000,184142,-2,0.0000,8.0000,3,5,空平,B,7118.0000,0.0000,0.0000,0.0000,0.0000,7120.0000,0.0000,0.0000,0.0000,0.0000,20,0,0,0,0,9,0,0,0,0
zc,TA301,2012-06-27 09:03:35.113,7120.0000,184158,16,0.0000,22.0000,19,3,多开,B,7120.0000,0.0000,0.0000,0.0000,0.0000,7122.0000,0.0000,0.0000,0.0000,0.0000,1,0,0,0,0,253,0,0,0,0
zc,TA301,2012-06-27 09:03:36.347,7120.0000,184158,0,0.0000,0.0000,0,0,多换,B,7120.0000,0.0000,0.0000,0.0000,0.0000,7122.0000,0.0000,0.0000,0.0000,0.0000,2,0,0,0,0,253,0,0,0,0
zc,TA301,2012-06-27 09:03:36.817,7120.0000,184158,0,0.0000,2.0000,1,1,多换,B,7120.0000,0.0000,0.0000,0.0000,0.0000,7122.0000,0.0000,0.0000,0.0000,0.0000,1,0,0,0,0,253,0,0,0,0
zc,TA301,2012-06-27 09:03:38.097,7122.0000,184164,6,0.0000,14.0000,10,4,多开,B,7120.0000,0.0000,0.0000,0.0000,0.0000,7122.0000,0.0000,0.0000,0.0000,0.0000,3,0,0,0,0,246,0,0,0,0
zc,TA301,2012-06-27 09:03:39.300,7120.0000,184166,2,0.0000,2.0000,2,0,双开,S,7120.0000,0.0000,0.0000,0.0000,0.0000,7122.0000,0.0000,0.0000,0.0000,0.0000,2,0,0,0,0,246,0,0,0,0
zc,TA301,2012-06-27 09:03:40.330,7120.0000,184166,0,0.0000,0.0000,0,0,空换,S,7120.0000,0.0000,0.0000,0.0000,0.0000,7122.0000,0.0000,0.0000,0.0000,0.0000,2,0,0,0,0,247,0,0,0,0
zc,TA301,2012-06-27 09:03:41.113,7120.0000,184166,0,0.0000,4.0000,2,2,空换,S,7120.0000,0.0000,0.0000,0.0000,0.0000,7122.0000,0.0000,0.0000,0.0000,0.0000,3,0,0,0,0,247,0,0,0,0
zc,TA301,2012-06-27 09:03:41.567,7120.0000,184166,0,0.0000,0.0000,0,0,空换,S,7120.0000,0.0000,0.0000,0.0000,0.0000,7122.0000,0.0000,0.0000,0.0000,0.0000,1,0,0,0,0,247,0,0,0,0
zc,TA301,2012-06-27 09:03:42.347,7120.0000,184162,-4,0.0000,4.0000,0,4,双平,S,7118.0000,0.0000,0.0000,0.0000,0.0000,7122.0000,0.0000,0.0000,0.0000,0.0000,52,0,0,0,0,247,0,0,0,0
zc,TA301,2012-06-27 09:03:42.830,7122.0000,184162,0,0.0000,2.0000,1,1,多换,B,7118.0000,0.0000,0.0000,0.0000,0.0000,7122.0000,0.0000,0.0000,0.0000,0.0000,47,0,0,0,0,246,0,0,0,0
zc,TA301,2012-06-27 09:03:43.377,7122.0000,184164,2,0.0000,2.0000,2,0,双开,B,7120.0000,0.0000,0.0000,0.0000,0.0000,7122.0000,0.0000,0.0000,0.0000,0.0000,1,0,0,0,0,245,0,0,0,0
zc,TA301,2012-06-27 09:03:44.580,7122.0000,184164,0,0.0000,2.0000,1,1,多换,B,7120.0000,0.0000,0.0000,0.0000,0.0000,7122.0000,0.0000,0.0000,0.0000,0.0000,1,0,0,0,0,244,0,0,0,0
zc,TA301,2012-06-27 09:03:46.317,7120.0000,184166,2,0.0000,20.0000,11,9,空开,S,7120.0000,0.0000,0.0000,0.0000,0.0000,7122.0000,0.0000,0.0000,0.0000,0.0000,1,0,0,0,0,244,0,0,0,0
zc,TA301,2012-06-27 09:03:46.847,7122.0000,184164,-2,0.0000,2.0000,0,2,双平,B,7120.0000,0.0000,0.0000,0.0000,0.0000,7122.0000,0.0000,0.0000,0.0000,0.0000,1,0,0,0,0,243,0,0,0,0
zc,TA301,2012-06-27 09:03:48.113,7122.0000,184164,0,0.0000,4.0000,2,2,多换,B,7120.0000,0.0000,0.0000,0.0000,0.0000,7122.0000,0.0000,0.0000,0.0000,0.0000,1,0,0,0,0,241,0,0,0,0
zc,TA301,2012-06-27 09:03:49.097,7120.0000,184164,0,0.0000,2.0000,1,1,空换,S,7118.0000,0.0000,0.0000,0.0000,0.0000,7122.0000,0.0000,0.0000,0.0000,0.0000,49,0,0,0,0,241,0,0,0,0
zc,TA301,2012-06-27 09:03:49.817,7120.0000,184164,0,0.0000,0.0000,0,0,空换,S,7120.0000,0.0000,0.0000,0.0000,0.0000,7122.0000,0.0000,0.0000,0.0000,0.0000,1,0,0,0,0,241,0,0,0,0
zc,TA301,2012-06-27 09:03:51.067,7122.0000,184170,6,0.0000,6.0000,6,0,双开,B,7120.0000,0.0000,0.0000,0.0000,0.0000,7122.0000,0.0000,0.0000,0.0000,0.0000,1,0,0,0,0,238,0,0,0,0
zc,TA301,2012-06-27 09:03:51.550,7120.0000,184182,12,0.0000,16.0000,14,2,空开,S,7118.0000,0.0000,0.0000,0.0000,0.0000,7120.0000,0.0000,0.0000,0.0000,0.0000,47,0,0,0,0,92,0,0,0,0
zc,TA301,2012-06-27 09:03:52.080,7120.0000,184186,4,0.0000,106.0000,55,51,空开,S,7118.0000,0.0000,0.0000,0.0000,0.0000,7120.0000,0.0000,0.0000,0.0000,0.0000,16,0,0,0,0,39,0,0,0,0
zc,TA301,2012-06-27 09:03:52.817,7120.0000,184186,0,0.0000,42.0000,21,21,空换,S,7118.0000,0.0000,0.0000,0.0000,0.0000,7120.0000,0.0000,0.0000,0.0000,0.0000,15,0,0,0,0,18,0,0,0,0
zc,TA301,2012-06-27 09:03:53.300,7120.0000,184202,16,0.0000,20.0000,18,2,空开,S,7118.0000,0.0000,0.0000,0.0000,0.0000,7120.0000,0.0000,0.0000,0.0000,0.0000,14,0,0,0,0,8,0,0,0,0
zc,TA301,2012-06-27 09:03:53.830,7120.0000,184204,2,0.0000,16.0000,9,7,空开,S,7118.0000,0.0000,0.0000,0.0000,0.0000,7122.0000,0.0000,0.0000,0.0000,0.0000,33,0,0,0,0,238,0,0,0,0
zc,TA301,2012-06-27 09:03:54.317,7120.0000,184204,0,0.0000,0.0000,0,0,空换,S,7118.0000,0.0000,0.0000,0.0000,0.0000,7122.0000,0.0000,0.0000,0.0000,0.0000,34,0,0,0,0,238,0,0,0,0
zc,TA301,2012-06-27 09:03:55.067,7120.0000,184204,0,0.0000,0.0000,0,0,空换,S,7120.0000,0.0000,0.0000,0.0000,0.0000,7122.0000,0.0000,0.0000,0.0000,0.0000,2,0,0,0,0,238,0,0,0,0
zc,TA301,2012-06-27 09:03:55.567,7120.0000,184204,0,0.0000,0.0000,0,0,空换,S,7120.0000,0.0000,0.0000,0.0000,0.0000,7122.0000,0.0000,0.0000,0.0000,0.0000,3,0,0,0,0,238,0,0,0,0
zc,TA301,2012-06-27 09:03:56.067,7120.0000,184200,-4,0.0000,4.0000,0,4,双平,S,7120.0000,0.0000,0.0000,0.0000,0.0000,7122.0000,0.0000,0.0000,0.0000,0.0000,1,0,0,0,0,238,0,0,0,0
zc,TA301,2012-06-27 09:03:56.817,7122.0000,184238,38,0.0000,42.0000,40,2,多开,B,7120.0000,0.0000,0.0000,0.0000,0.0000,7122.0000,0.0000,0.0000,0.0000,0.0000,6,0,0,0,0,219,0,0,0,0
zc,TA301,2012-06-27 09:03:57.347,7120.0000,184238,0,0.0000,2.0000,1,1,空换,S,7120.0000,0.0000,0.0000,0.0000,0.0000,7122.0000,0.0000,0.0000,0.0000,0.0000,5,0,0,0,0,219,0,0,0,0
zc,TA301,2012-06-27 09:03:57.800,7120.0000,184238,0,0.0000,0.0000,0,0,空换,S,7120.0000,0.0000,0.0000,0.0000,0.0000,7122.0000,0.0000,0.0000,0.0000,0.0000,6,0,0,0,0,219,0,0,0,0
zc,TA301,2012-06-27 09:03:58.300,7122.0000,184238,0,0.0000,6.0000,3,3,多换,B,7120.0000,0.0000,0.0000,0.0000,0.0000,7122.0000,0.0000,0.0000,0.0000,0.0000,6,0,0,0,0,216,0,0,0,0
zc,TA301,2012-06-27 09:03:59.067,7122.0000,184240,2,0.0000,2.0000,2,0,双开,B,7120.0000,0.0000,0.0000,0.0000,0.0000,7122.0000,0.0000,0.0000,0.0000,0.0000,6,0,0,0,0,215,0,0,0,0
zc,TA301,2012-06-27 09:03:59.597,7120.0000,184240,0,0.0000,4.0000,2,2,空换,S,7120.0000,0.0000,0.0000,0.0000,0.0000,7122.0000,0.0000,0.0000,0.0000,0.0000,1,0,0,0,0,235,0,0,0,0
zc,TA301,2012-06-27 09:04:00.817,7120.0000,184242,2,0.0000,2.0000,2,0,双开,S,7118.0000,0.0000,0.0000,0.0000,0.0000,7120.0000,0.0000,0.0000,0.0000,0.0000,15,0,0,0,0,4,0,0,0,0
zc,TA301,2012-06-27 09:04:01.330,7120.0000,184242,0,0.0000,0.0000,0,0,空换,S,7118.0000,0.0000,0.0000,0.0000,0.0000,7120.0000,0.0000,0.0000,0.0000,0.0000,115,0,0,0,0,4,0,0,0,0
zc,TA301,2012-06-27 09:04:02.033,7120.0000,184242,0,0.0000,0.0000,0,0,空换,S,7118.0000,0.0000,0.0000,0.0000,0.0000,7120.0000,0.0000,0.0000,0.0000,0.0000,116,0,0,0,0,4,0,0,0,0
zc,TA301,2012-06-27 09:04:02.567,7118.0000,184242,0,0.0000,6.0000,3,3,空换,S,7118.0000,0.0000,0.0000,0.0000,0.0000,7120.0000,0.0000,0.0000,0.0000,0.0000,114,0,0,0,0,5,0,0,0,0
zc,TA301,2012-06-27 09:04:03.347,7120.0000,184240,-2,0.0000,10.0000,4,6,空平,B,7120.0000,0.0000,0.0000,0.0000,0.0000,7122.0000,0.0000,0.0000,0.0000,0.0000,2,0,0,0,0,235,0,0,0,0
zc,TA301,2012-06-27 09:04:03.830,7120.0000,184238,-2,0.0000,6.0000,2,4,空平,B,7118.0000,0.0000,0.0000,0.0000,0.0000,7120.0000,0.0000,0.0000,0.0000,0.0000,114,0,0,0,0,2,0,0,0,0
zc,TA301,2012-06-27 09:04:04.330,7120.0000,184238,0,0.0000,2.0000,1,1,多换,B,7118.0000,0.0000,0.0000,0.0000,0.0000,7120.0000,0.0000,0.0000,0.0000,0.0000,114,0,0,0,0,1,0,0,0,0
zc,TA301,2012-06-27 09:04:05.567,7120.0000,184238,0,0.0000,2.0000,1,1,多换,B,7118.0000,0.0000,0.0000,0.0000,0.0000,7122.0000,0.0000,0.0000,0.0000,0.0000,114,0,0,0,0,233,0,0,0,0
zc,TA301,2012-06-27 09:04:06.067,7120.0000,184238,0,0.0000,0.0000,0,0,多换,B,7118.0000,0.0000,0.0000,0.0000,0.0000,7120.0000,0.0000,0.0000,0.0000,0.0000,116,0,0,0,0,2,0,0,0,0
zc,TA301,2012-06-27 09:04:06.613,7120.0000,184238,0,0.0000,4.0000,2,2,多换,B,7118.0000,0.0000,0.0000,0.0000,0.0000,7122.0000,0.0000,0.0000,0.0000,0.0000,116,0,0,0,0,233,0,0,0,0
zc,TA301,2012-06-27 09:04:07.330,7120.0000,184238,0,0.0000,4.0000,2,2,多换,B,7120.0000,0.0000,0.0000,0.0000,0.0000,7122.0000,0.0000,0.0000,0.0000,0.0000,5,0,0,0,0,233,0,0,0,0
zc,TA301,2012-06-27 09:04:07.783,7120.0000,184238,0,0.0000,4.0000,2,2,多换,B,7120.0000,0.0000,0.0000,0.0000,0.0000,7122.0000,0.0000,0.0000,0.0000,0.0000,4,0,0,0,0,233,0,0,0,0
zc,TA301,2012-06-27 09:04:08.580,7120.0000,184238,0,0.0000,0.0000,0,0,多换,B,7120.0000,0.0000,0.0000,0.0000,0.0000,7122.0000,0.0000,0.0000,0.0000,0.0000,4,0,0,0,0,234,0,0,0,0
zc,TA301,2012-06-27 09:04:09.567,7120.0000,184246,8,0.0000,10.0000,9,1,多开,B,7118.0000,0.0000,0.0000,0.0000,0.0000,7120.0000,0.0000,0.0000,0.0000,0.0000,116,0,0,0,0,16,0,0,0,0
zc,TA301,2012-06-27 09:04:10.067,7120.0000,184246,0,0.0000,0.0000,0,0,多换,B,7118.0000,0.0000,0.0000,0.0000,0.0000,7120.0000,0.0000,0.0000,0.0000,0.0000,117,0,0,0,0,17,0,0,0,0
zc,TA301,2012-06-27 09:04:10.550,7120.0000,184246,0,0.0000,0.0000,0,0,多换,B,7118.0000,0.0000,0.0000,0.0000,0.0000,7120.0000,0.0000,0.0000,0.0000,0.0000,117,0,0,0,0,19,0,0,0,0
zc,TA301,2012-06-27 09:04:11.300,7120.0000,184248,2,0.0000,4.0000,3,1,多开,B,7118.0000,0.0000,0.0000,0.0000,0.0000,7120.0000,0.0000,0.0000,0.0000,0.0000,117,0,0,0,0,18,0,0,0,0
zc,TA301,2012-06-27 09:04:11.800,7120.0000,184254,6,0.0000,6.0000,6,0,双开,B,7118.0000,0.0000,0.0000,0.0000,0.0000,7120.0000,0.0000,0.0000,0.0000,0.0000,117,0,0,0,0,15,0,0,0,0
zc,TA301,2012-06-27 09:04:12.300,7120.0000,184258,4,0.0000,4.0000,4,0,双开,B,7118.0000,0.0000,0.0000,0.0000,0.0000,7120.0000,0.0000,0.0000,0.0000,0.0000,117,0,0,0,0,13,0,0,0,0
zc,TA301,2012-06-27 09:04:13.050,7120.0000,184260,2,0.0000,6.0000,4,2,多开,B,7118.0000,0.0000,0.0000,0.0000,0.0000,7120.0000,0.0000,0.0000,0.0000,0.0000,117,0,0,0,0,10,0,0,0,0
zc,TA301,2012-06-27 09:04:16.067,7120.0000,184260,0,0.0000,0.0000,0,0,多换,B,7118.0000,0.0000,0.0000,0.0000,0.0000,7120.0000,0.0000,0.0000,0.0000,0.0000,117,0,0,0,0,11,0,0,0,0
zc,TA301,2012-06-27 09:04:16.580,7120.0000,184260,0,0.0000,2.0000,1,1,多换,B,7118.0000,0.0000,0.0000,0.0000,0.0000,7120.0000,0.0000,0.0000,0.0000,0.0000,116,0,0,0,0,10,0,0,0,0
zc,TA301,2012-06-27 09:04:18.033,7120.0000,184262,2,0.0000,2.0000,2,0,双开,B,7118.0000,0.0000,0.0000,0.0000,0.0000,7120.0000,0.0000,0.0000,0.0000,0.0000,116,0,0,0,0,9,0,0,0,0
zc,TA301,2012-06-27 09:04:19.317,7118.0000,184266,4,0.0000,4.0000,4,0,双开,S,7118.0000,0.0000,0.0000,0.0000,0.0000,7120.0000,0.0000,0.0000,0.0000,0.0000,116,0,0,0,0,9,0,0,0,0
zc,TA301,2012-06-27 09:04:20.067,7120.0000,184268,2,0.0000,2.0000,2,0,双开,B,7118.0000,0.0000,0.0000,0.0000,0.0000,7120.0000,0.0000,0.0000,0.0000,0.0000,117,0,0,0,0,8,0,0,0,0
zc,TA301,2012-06-27 09:04:20.550,7120.0000,184268,0,0.0000,0.0000,0,0,多换,B,7118.0000,0.0000,0.0000,0.0000,0.0000,7120.0000,0.0000,0.0000,0.0000,0.0000,117,0,0,0,0,9,0,0,0,0
zc,TA301,2012-06-27 09:04:21.050,7120.0000,184268,0,0.0000,0.0000,0,0,多换,B,7118.0000,0.0000,0.0000,0.0000,0.0000,7120.0000,0.0000,0.0000,0.0000,0.0000,114,0,0,0,0,27,0,0,0,0
zc,TA301,2012-06-27 09:04:21.830,7120.0000,184262,-6,0.0000,20.0000,7,13,空平,B,7118.0000,0.0000,0.0000,0.0000,0.0000,7120.0000,0.0000,0.0000,0.0000,0.0000,114,0,0,0,0,20,0,0,0,0
zc,TA301,2012-06-27 09:04:22.377,7120.0000,184262,0,0.0000,14.0000,7,7,多换,B,7118.0000,0.0000,0.0000,0.0000,0.0000,7120.0000,0.0000,0.0000,0.0000,0.0000,114,0,0,0,0,33,0,0,0,0
zc,TA301,2012-06-27 09:04:22.800,7120.0000,184262,0,0.0000,0.0000,0,0,多换,B,7118.0000,0.0000,0.0000,0.0000,0.0000,7120.0000,0.0000,0.0000,0.0000,0.0000,116,0,0,0,0,33,0,0,0,0
zc,TA301,2012-06-27 09:04:23.300,7120.0000,184266,4,0.0000,68.0000,36,32,多开,B,7118.0000,0.0000,0.0000,0.0000,0.0000,7120.0000,0.0000,0.0000,0.0000,0.0000,97,0,0,0,0,9,0,0,0,0
zc,TA301,2012-06-27 09:04:24.050,7118.0000,184270,4,0.0000,10.0000,7,3,空开,S,7118.0000,0.0000,0.0000,0.0000,0.0000,7120.0000,0.0000,0.0000,0.0000,0.0000,94,0,0,0,0,22,0,0,0,0
zc,TA301,2012-06-27 09:04:24.580,7118.0000,184270,0,0.0000,0.0000,0,0,空换,S,7118.0000,0.0000,0.0000,0.0000,0.0000,7120.0000,0.0000,0.0000,0.0000,0.0000,94,0,0,0,0,37,0,0,0,0
zc,TA301,2012-06-27 09:04:25.067,7120.0000,184270,0,0.0000,2.0000,1,1,多换,B,7118.0000,0.0000,0.0000,0.0000,0.0000,7120.0000,0.0000,0.0000,0.0000,0.0000,94,0,0,0,0,37,0,0,0,0
zc,TA301,2012-06-27 09:04:26.317,7118.0000,184248,-22,0.0000,22.0000,0,22,双平,S,7118.0000,0.0000,0.0000,0.0000,0.0000,7120.0000,0.0000,0.0000,0.0000,0.0000,82,0,0,0,0,54,0,0,0,0
zc,TA301,2012-06-27 09:04:26.830,7118.0000,184248,0,0.0000,0.0000,0,0,空换,S,7118.0000,0.0000,0.0000,0.0000,0.0000,7120.0000,0.0000,0.0000,0.0000,0.0000,82,0,0,0,0,58,0,0,0,0
zc,TA301,2012-06-27 09:04:27.300,7118.0000,184246,-2,0.0000,4.0000,1,3,多平,S,7118.0000,0.0000,0.0000,0.0000,0.0000,7120.0000,0.0000,0.0000,0.0000,0.0000,81,0,0,0,0,62,0,0,0,0
zc,TA301,2012-06-27 09:04:28.050,7118.0000,184222,-24,0.0000,24.0000,0,24,双平,S,7118.0000,0.0000,0.0000,0.0000,0.0000,7120.0000,0.0000,0.0000,0.0000,0.0000,69,0,0,0,0,55,0,0,0,0
zc,TA301,2012-06-27 09:04:28.533,7118.0000,184220,-2,0.0000,2.0000,0,2,双平,S,7118.0000,0.0000,0.0000,0.0000,0.0000,7120.0000,0.0000,0.0000,0.0000,0.0000,68,0,0,0,0,60,0,0,0,0
zc,TA301,2012-06-27 09:04:29.300,7118.0000,184166,-54,0.0000,102.0000,24,78,多平,S,7118.0000,0.0000,0.0000,0.0000,0.0000,7120.0000,0.0000,0.0000,0.0000,0.0000,40,0,0,0,0,65,0,0,0,0
zc,TA301,2012-06-27 09:04:29.597,7118.0000,184104,-62,0.0000,80.0000,9,71,多平,S,7116.0000,0.0000,0.0000,0.0000,0.0000,7118.0000,0.0000,0.0000,0.0000,0.0000,54,0,0,0,0,3,0,0,0,0
zc,TA301,2012-06-27 09:04:30.283,7118.0000,184102,-2,0.0000,2.0000,0,2,双平,S,7116.0000,0.0000,0.0000,0.0000,0.0000,7118.0000,0.0000,0.0000,0.0000,0.0000,54,0,0,0,0,2,0,0,0,0
zc,TA301,2012-06-27 09:04:31.317,7118.0000,184102,0,0.0000,0.0000,0,0,空换,S,7116.0000,0.0000,0.0000,0.0000,0.0000,7118.0000,0.0000,0.0000,0.0000,0.0000,54,0,0,0,0,19,0,0,0,0
zc,TA301,2012-06-27 09:04:33.317,7118.0000,184136,34,0.0000,38.0000,36,2,空开,S,7116.0000,0.0000,0.0000,0.0000,0.0000,7120.0000,0.0000,0.0000,0.0000,0.0000,36,0,0,0,0,42,0,0,0,0
zc,TA301,2012-06-27 09:04:33.830,7116.0000,184116,-20,0.0000,100.0000,40,60,多平,S,7118.0000,0.0000,0.0000,0.0000,0.0000,7120.0000,0.0000,0.0000,0.0000,0.0000,1,0,0,0,0,44,0,0,0,0
zc,TA301,2012-06-27 09:04:34.300,7116.0000,184116,0,0.0000,0.0000,0,0,空换,S,7118.0000,0.0000,0.0000,0.0000,0.0000,7120.0000,0.0000,0.0000,0.0000,0.0000,4,0,0,0,0,33,0,0,0,0
zc,TA301,2012-06-27 09:04:35.597,7116.0000,184116,0,0.0000,0.0000,0,0,空换,S,7118.0000,0.0000,0.0000,0.0000,0.0000,7120.0000,0.0000,0.0000,0.0000,0.0000,4,0,0,0,0,36,0,0,0,0
zc,TA301,2012-06-27 09:04:36.330,7118.0000,184114,-2,0.0000,4.0000,1,3,空平,B,7118.0000,0.0000,0.0000,0.0000,0.0000,7120.0000,0.0000,0.0000,0.0000,0.0000,4,0,0,0,0,36,0,0,0,0
zc,TA301,2012-06-27 09:04:37.817,7120.0000,184112,-2,0.0000,2.0000,0,2,双平,B,7118.0000,0.0000,0.0000,0.0000,0.0000,7120.0000,0.0000,0.0000,0.0000,0.0000,4,0,0,0,0,35,0,0,0,0
zc,TA301,2012-06-27 09:04:38.613,7118.0000,184116,4,0.0000,10.0000,7,3,空开,S,7116.0000,0.0000,0.0000,0.0000,0.0000,7118.0000,0.0000,0.0000,0.0000,0.0000,1,0,0,0,0,6,0,0,0,0
zc,TA301,2012-06-27 09:04:39.050,7118.0000,184116,0,0.0000,0.0000,0,0,空换,S,7116.0000,0.0000,0.0000,0.0000,0.0000,7118.0000,0.0000,0.0000,0.0000,0.0000,1,0,0,0,0,7,0,0,0,0
zc,TA301,2012-06-27 09:04:39.567,7118.0000,184116,0,0.0000,0.0000,0,0,空换,S,7116.0000,0.0000,0.0000,0.0000,0.0000,7118.0000,0.0000,0.0000,0.0000,0.0000,11,0,0,0,0,7,0,0,0,0
zc,TA301,2012-06-27 09:04:40.067,7118.0000,184116,0,0.0000,0.0000,0,0,空换,S,7116.0000,0.0000,0.0000,0.0000,0.0000,7118.0000,0.0000,0.0000,0.0000,0.0000,12,0,0,0,0,9,0,0,0,0
zc,TA301,2012-06-27 09:04:41.627,7118.0000,184134,18,0.0000,20.0000,19,1,空开,S,7118.0000,0.0000,0.0000,0.0000,0.0000,7120.0000,0.0000,0.0000,0.0000,0.0000,11,0,0,0,0,209,0,0,0,0
zc,TA301,2012-06-27 09:04:41.817,7118.0000,184134,0,0.0000,10.0000,5,5,空换,S,7118.0000,0.0000,0.0000,0.0000,0.0000,7120.0000,0.0000,0.0000,0.0000,0.0000,6,0,0,0,0,209,0,0,0,0
zc,TA301,2012-06-27 09:04:42.567,7118.0000,184134,0,0.0000,0.0000,0,0,空换,S,7118.0000,0.0000,0.0000,0.0000,0.0000,7120.0000,0.0000,0.0000,0.0000,0.0000,6,0,0,0,0,210,0,0,0,0
zc,TA301,2012-06-27 09:04:43.050,7118.0000,184134,0,0.0000,0.0000,0,0,空换,S,7118.0000,0.0000,0.0000,0.0000,0.0000,7120.0000,0.0000,0.0000,0.0000,0.0000,7,0,0,0,0,210,0,0,0,0
zc,TA301,2012-06-27 09:04:43.783,7120.0000,184134,0,0.0000,16.0000,8,8,多换,B,7118.0000,0.0000,0.0000,0.0000,0.0000,7120.0000,0.0000,0.0000,0.0000,0.0000,7,0,0,0,0,202,0,0,0,0
zc,TA301,2012-06-27 09:04:44.817,7118.0000,184136,2,0.0000,2.0000,2,0,双开,S,7118.0000,0.0000,0.0000,0.0000,0.0000,7120.0000,0.0000,0.0000,0.0000,0.0000,6,0,0,0,0,202,0,0,0,0
zc,TA301,2012-06-27 09:04:46.067,7118.0000,184136,0,0.0000,0.0000,0,0,空换,S,7118.0000,0.0000,0.0000,0.0000,0.0000,7120.0000,0.0000,0.0000,0.0000,0.0000,6,0,0,0,0,204,0,0,0,0
zc,TA301,2012-06-27 09:04:48.847,7118.0000,184136,0,0.0000,12.0000,6,6,空换,S,7116.0000,0.0000,0.0000,0.0000,0.0000,7118.0000,0.0000,0.0000,0.0000,0.0000,16,0,0,0,0,44,0,0,0,0
zc,TA301,2012-06-27 09:04:49.347,7118.0000,184136,0,0.0000,0.0000,0,0,空换,S,7116.0000,0.0000,0.0000,0.0000,0.0000,7118.0000,0.0000,0.0000,0.0000,0.0000,16,0,0,0,0,45,0,0,0,0
zc,TA301,2012-06-27 09:04:50.050,7118.0000,184136,0,0.0000,0.0000,0,0,空换,S,7116.0000,0.0000,0.0000,0.0000,0.0000,7118.0000,0.0000,0.0000,0.0000,0.0000,16,0,0,0,0,46,0,0,0,0
zc,TA301,2012-06-27 09:04:50.567,7118.0000,184136,0,0.0000,20.0000,10,10,空换,S,7116.0000,0.0000,0.0000,0.0000,0.0000,7118.0000,0.0000,0.0000,0.0000,0.0000,16,0,0,0,0,36,0,0,0,0
zc,TA301,2012-06-27 09:04:51.080,7118.0000,184136,0,0.0000,0.0000,0,0,空换,S,7116.0000,0.0000,0.0000,0.0000,0.0000,7118.0000,0.0000,0.0000,0.0000,0.0000,34,0,0,0,0,48,0,0,0,0
zc,TA301,2012-06-27 09:04:51.830,7116.0000,184136,0,0.0000,2.0000,1,1,空换,S,7116.0000,0.0000,0.0000,0.0000,0.0000,7118.0000,0.0000,0.0000,0.0000,0.0000,33,0,0,0,0,48,0,0,0,0
zc,TA301,2012-06-27 09:04:53.067,7116.0000,184182,46,0.0000,52.0000,49,3,空开,S,7116.0000,0.0000,0.0000,0.0000,0.0000,7118.0000,0.0000,0.0000,0.0000,0.0000,8,0,0,0,0,51,0,0,0,0
zc,TA301,2012-06-27 09:04:53.567,7118.0000,184182,0,0.0000,4.0000,2,2,多换,B,7116.0000,0.0000,0.0000,0.0000,0.0000,7118.0000,0.0000,0.0000,0.0000,0.0000,8,0,0,0,0,50,0,0,0,0
zc,TA301,2012-06-27 09:04:54.533,7118.0000,184182,0,0.0000,6.0000,3,3,多换,B,7116.0000,0.0000,0.0000,0.0000,0.0000,7118.0000,0.0000,0.0000,0.0000,0.0000,8,0,0,0,0,47,0,0,0,0
zc,TA301,2012-06-27 09:04:57.550,7118.0000,184182,0,0.0000,0.0000,0,0,多换,B,7116.0000,0.0000,0.0000,0.0000,0.0000,7118.0000,0.0000,0.0000,0.0000,0.0000,41,0,0,0,0,47,0,0,0,0
zc,TA301,2012-06-27 09:04:58.567,7116.0000,184184,2,0.0000,4.0000,3,1,空开,S,7116.0000,0.0000,0.0000,0.0000,0.0000,7118.0000,0.0000,0.0000,0.0000,0.0000,46,0,0,0,0,47,0,0,0,0
zc,TA301,2012-06-27 09:04:59.033,7118.0000,184184,0,0.0000,2.0000,1,1,多换,B,7116.0000,0.0000,0.0000,0.0000,0.0000,7118.0000,0.0000,0.0000,0.0000,0.0000,46,0,0,0,0,56,0,0,0,0
zc,TA301,2012-06-27 09:04:59.533,7118.0000,184184,0,0.0000,4.0000,2,2,多换,B,7116.0000,0.0000,0.0000,0.0000,0.0000,7118.0000,0.0000,0.0000,0.0000,0.0000,46,0,0,0,0,54,0,0,0,0
zc,TA301,2012-06-27 09:05:00.050,7118.0000,184184,0,0.0000,6.0000,3,3,多换,B,7116.0000,0.0000,0.0000,0.0000,0.0000,7118.0000,0.0000,0.0000,0.0000,0.0000,48,0,0,0,0,51,0,0,0,0
zc,TA301,2012-06-27 09:05:01.067,7118.0000,184184,0,0.0000,0.0000,0,0,多换,B,7116.0000,0.0000,0.0000,0.0000,0.0000,7118.0000,0.0000,0.0000,0.0000,0.0000,49,0,0,0,0,51,0,0,0,0
zc,TA301,2012-06-27 09:05:01.783,7116.0000,184184,0,0.0000,2.0000,1,1,空换,S,7116.0000,0.0000,0.0000,0.0000,0.0000,7118.0000,0.0000,0.0000,0.0000,0.0000,48,0,0,0,0,54,0,0,0,0
zc,TA301,2012-06-27 09:05:02.567,7116.0000,184224,40,0.0000,40.0000,40,0,双开,S,7116.0000,0.0000,0.0000,0.0000,0.0000,7118.0000,0.0000,0.0000,0.0000,0.0000,28,0,0,0,0,54,0,0,0,0
zc,TA301,2012-06-27 09:05:03.080,7118.0000,184214,-10,0.0000,12.0000,1,11,空平,B,7116.0000,0.0000,0.0000,0.0000,0.0000,7118.0000,0.0000,0.0000,0.0000,0.0000,28,0,0,0,0,50,0,0,0,0
zc,TA301,2012-06-27 09:05:03.817,7118.0000,184214,0,0.0000,0.0000,0,0,多换,B,7116.0000,0.0000,0.0000,0.0000,0.0000,7118.0000,0.0000,0.0000,0.0000,0.0000,28,0,0,0,0,51,0,0,0,0
zc,TA301,2012-06-27 09:05:05.080,7118.0000,184214,0,0.0000,0.0000,0,0,多换,B,7116.0000,0.0000,0.0000,0.0000,0.0000,7118.0000,0.0000,0.0000,0.0000,0.0000,28,0,0,0,0,56,0,0,0,0
zc,TA301,2012-06-27 09:05:05.550,7118.0000,184214,0,0.0000,16.0000,8,8,多换,B,7116.0000,0.0000,0.0000,0.0000,0.0000,7118.0000,0.0000,0.0000,0.0000,0.0000,28,0,0,0,0,48,0,0,0,0
zc,TA301,2012-06-27 09:05:06.067,7118.0000,184214,0,0.0000,2.0000,1,1,多换,B,7116.0000,0.0000,0.0000,0.0000,0.0000,7118.0000,0.0000,0.0000,0.0000,0.0000,28,0,0,0,0,47,0,0,0,0
zc,TA301,2012-06-27 09:05:06.567,7118.0000,184214,0,0.0000,2.0000,1,1,多换,B,7116.0000,0.0000,0.0000,0.0000,0.0000,7118.0000,0.0000,0.0000,0.0000,0.0000,30,0,0,0,0,46,0,0,0,0
zc,TA301,2012-06-27 09:05:07.847,7118.0000,184212,-2,0.0000,6.0000,2,4,空平,B,7116.0000,0.0000,0.0000,0.0000,0.0000,7118.0000,0.0000,0.0000,0.0000,0.0000,29,0,0,0,0,43,0,0,0,0
zc,TA301,2012-06-27 09:05:08.580,7118.0000,184212,0,0.0000,0.0000,0,0,多换,B,7116.0000,0.0000,0.0000,0.0000,0.0000,7118.0000,0.0000,0.0000,0.0000,0.0000,31,0,0,0,0,43,0,0,0,0
zc,TA301,2012-06-27 09:05:10.300,7118.0000,184212,0,0.0000,2.0000,1,1,多换,B,7116.0000,0.0000,0.0000,0.0000,0.0000,7118.0000,0.0000,0.0000,0.0000,0.0000,31,0,0,0,0,42,0,0,0,0
zc,TA301,2012-06-27 09:05:11.283,7118.0000,184212,0,0.0000,0.0000,0,0,多换,B,7116.0000,0.0000,0.0000,0.0000,0.0000,7118.0000,0.0000,0.0000,0.0000,0.0000,31,0,0,0,0,39,0,0,0,0
zc,TA301,2012-06-27 09:05:11.800,7116.0000,184212,0,0.0000,2.0000,1,1,空换,S,7116.0000,0.0000,0.0000,0.0000,0.0000,7118.0000,0.0000,0.0000,0.0000,0.0000,30,0,0,0,0,39,0,0,0,0
zc,TA301,2012-06-27 09:05:12.550,7118.0000,184212,0,0.0000,2.0000,1,1,多换,B,7116.0000,0.0000,0.0000,0.0000,0.0000,7118.0000,0.0000,0.0000,0.0000,0.0000,30,0,0,0,0,38,0,0,0,0
zc,TA301,2012-06-27 09:05:13.050,7116.0000,184214,2,0.0000,8.0000,5,3,空开,S,7116.0000,0.0000,0.0000,0.0000,0.0000,7118.0000,0.0000,0.0000,0.0000,0.0000,29,0,0,0,0,35,0,0,0,0
zc,TA301,2012-06-27 09:05:14.597,7116.0000,184218,4,0.0000,4.0000,4,0,双开,S,7116.0000,0.0000,0.0000,0.0000,0.0000,7118.0000,0.0000,0.0000,0.0000,0.0000,28,0,0,0,0,35,0,0,0,0
zc,TA301,2012-06-27 09:05:15.317,7118.0000,184218,0,0.0000,2.0000,1,1,多换,B,7116.0000,0.0000,0.0000,0.0000,0.0000,7118.0000,0.0000,0.0000,0.0000,0.0000,28,0,0,0,0,34,0,0,0,0
zc,TA301,2012-06-27 09:05:15.800,7118.0000,184218,0,0.0000,0.0000,0,0,多换,B,7116.0000,0.0000,0.0000,0.0000,0.0000,7118.0000,0.0000,0.0000,0.0000,0.0000,28,0,0,0,0,37,0,0,0,0
zc,TA301,2012-06-27 09:05:16.550,7118.0000,184218,0,0.0000,0.0000,0,0,多换,B,7116.0000,0.0000,0.0000,0.0000,0.0000,7118.0000,0.0000,0.0000,0.0000,0.0000,28,0,0,0,0,40,0,0,0,0
zc,TA301,2012-06-27 09:05:16.817,7118.0000,184218,0,0.0000,0.0000,0,0,多换,B,7116.0000,0.0000,0.0000,0.0000,0.0000,7118.0000,0.0000,0.0000,0.0000,0.0000,29,0,0,0,0,40,0,0,0,0
zc,TA301,2012-06-27 09:05:17.533,7118.0000,184212,-6,0.0000,6.0000,0,6,双平,B,7116.0000,0.0000,0.0000,0.0000,0.0000,7118.0000,0.0000,0.0000,0.0000,0.0000,29,0,0,0,0,37,0,0,0,0
zc,TA301,2012-06-27 09:05:19.770,7118.0000,184212,0,0.0000,0.0000,0,0,多换,B,7116.0000,0.0000,0.0000,0.0000,0.0000,7118.0000,0.0000,0.0000,0.0000,0.0000,29,0,0,0,0,39,0,0,0,0
zc,TA301,2012-06-27 09:05:20.847,7118.0000,184212,0,0.0000,0.0000,0,0,多换,B,7116.0000,0.0000,0.0000,0.0000,0.0000,7118.0000,0.0000,0.0000,0.0000,0.0000,29,0,0,0,0,40,0,0,0,0
zc,TA301,2012-06-27 09:05:21.550,7118.0000,184212,0,0.0000,0.0000,0,0,多换,B,7116.0000,0.0000,0.0000,0.0000,0.0000,7118.0000,0.0000,0.0000,0.0000,0.0000,29,0,0,0,0,90,0,0,0,0
zc,TA301,2012-06-27 09:05:22.050,7118.0000,184212,0,0.0000,0.0000,0,0,多换,B,7116.0000,0.0000,0.0000,0.0000,0.0000,7118.0000,0.0000,0.0000,0.0000,0.0000,32,0,0,0,0,90,0,0,0,0
zc,TA301,2012-06-27 09:05:22.550,7118.0000,184212,0,0.0000,0.0000,0,0,多换,B,7116.0000,0.0000,0.0000,0.0000,0.0000,7118.0000,0.0000,0.0000,0.0000,0.0000,32,0,0,0,0,91,0,0,0,0
zc,TA301,2012-06-27 09:05:23.330,7116.0000,184212,0,0.0000,8.0000,4,4,空换,S,7116.0000,0.0000,0.0000,0.0000,0.0000,7118.0000,0.0000,0.0000,0.0000,0.0000,33,0,0,0,0,91,0,0,0,0
zc,TA301,2012-06-27 09:05:25.050,7116.0000,184212,0,0.0000,0.0000,0,0,空换,S,7116.0000,0.0000,0.0000,0.0000,0.0000,7118.0000,0.0000,0.0000,0.0000,0.0000,35,0,0,0,0,91,0,0,0,0
zc,TA301,2012-06-27 09:05:25.533,7116.0000,184212,0,0.0000,0.0000,0,0,空换,S,7116.0000,0.0000,0.0000,0.0000,0.0000,7118.0000,0.0000,0.0000,0.0000,0.0000,37,0,0,0,0,92,0,0,0,0
zc,TA301,2012-06-27 09:05:26.817,7116.0000,184212,0,0.0000,0.0000,0,0,空换,S,7116.0000,0.0000,0.0000,0.0000,0.0000,7118.0000,0.0000,0.0000,0.0000,0.0000,37,0,0,0,0,93,0,0,0,0
zc,TA301,2012-06-27 09:05:27.317,7116.0000,184212,0,0.0000,4.0000,2,2,空换,S,7116.0000,0.0000,0.0000,0.0000,0.0000,7118.0000,0.0000,0.0000,0.0000,0.0000,35,0,0,0,0,94,0,0,0,0
zc,TA301,2012-06-27 09:05:27.800,7116.0000,184212,0,0.0000,0.0000,0,0,空换,S,7116.0000,0.0000,0.0000,0.0000,0.0000,7118.0000,0.0000,0.0000,0.0000,0.0000,135,0,0,0,0,94,0,0,0,0
zc,TA301,2012-06-27 09:05:28.817,7118.0000,184212,0,0.0000,12.0000,6,6,多换,B,7116.0000,0.0000,0.0000,0.0000,0.0000,7118.0000,0.0000,0.0000,0.0000,0.0000,135,0,0,0,0,88,0,0,0,0
zc,TA301,2012-06-27 09:05:29.580,7118.0000,184212,0,0.0000,0.0000,0,0,多换,B,7116.0000,0.0000,0.0000,0.0000,0.0000,7118.0000,0.0000,0.0000,0.0000,0.0000,135,0,0,0,0,102,0,0,0,0
zc,TA301,2012-06-27 09:05:30.067,7116.0000,184222,10,0.0000,12.0000,11,1,空开,S,7116.0000,0.0000,0.0000,0.0000,0.0000,7118.0000,0.0000,0.0000,0.0000,0.0000,129,0,0,0,0,108,0,0,0,0
zc,TA301,2012-06-27 09:05:30.817,7118.0000,184222,0,0.0000,8.0000,4,4,多换,B,7116.0000,0.0000,0.0000,0.0000,0.0000,7118.0000,0.0000,0.0000,0.0000,0.0000,126,0,0,0,0,106,0,0,0,0
zc,TA301,2012-06-27 09:05:31.317,7118.0000,184222,0,0.0000,22.0000,11,11,多换,B,7116.0000,0.0000,0.0000,0.0000,0.0000,7118.0000,0.0000,0.0000,0.0000,0.0000,126,0,0,0,0,105,0,0,0,0
zc,TA301,2012-06-27 09:05:32.067,7116.0000,184418,196,0.0000,262.0000,229,33,空开,S,7114.0000,0.0000,0.0000,0.0000,0.0000,7116.0000,0.0000,0.0000,0.0000,0.0000,65,0,0,0,0,11,0,0,0,0
zc,TA301,2012-06-27 09:05:32.550,7114.0000,184460,42,0.0000,50.0000,46,4,空开,S,7114.0000,0.0000,0.0000,0.0000,0.0000,7116.0000,0.0000,0.0000,0.0000,0.0000,41,0,0,0,0,17,0,0,0,0
zc,TA301,2012-06-27 09:05:33.613,7114.0000,184530,70,0.0000,84.0000,77,7,空开,S,7112.0000,0.0000,0.0000,0.0000,0.0000,7114.0000,0.0000,0.0000,0.0000,0.0000,74,0,0,0,0,27,0,0,0,0
zc,TA301,2012-06-27 09:05:34.080,7114.0000,184532,2,0.0000,2.0000,2,0,双开,S,7112.0000,0.0000,0.0000,0.0000,0.0000,7114.0000,0.0000,0.0000,0.0000,0.0000,74,0,0,0,0,28,0,0,0,0
zc,TA301,2012-06-27 09:05:34.830,7112.0000,184554,22,0.0000,26.0000,24,2,空开,S,7112.0000,0.0000,0.0000,0.0000,0.0000,7114.0000,0.0000,0.0000,0.0000,0.0000,61,0,0,0,0,25,0,0,0,0
zc,TA301,2012-06-27 09:05:35.330,7112.0000,184574,20,0.0000,86.0000,53,33,空开,S,7112.0000,0.0000,0.0000,0.0000,0.0000,7114.0000,0.0000,0.0000,0.0000,0.0000,18,0,0,0,0,28,0,0,0,0
zc,TA301,2012-06-27 09:05:36.080,7112.0000,184574,0,0.0000,34.0000,17,17,空换,S,7112.0000,0.0000,0.0000,0.0000,0.0000,7114.0000,0.0000,0.0000,0.0000,0.0000,1,0,0,0,0,27,0,0,0,0
zc,TA301,2012-06-27 09:05:36.580,7112.0000,184576,2,0.0000,2.0000,2,0,双开,S,7110.0000,0.0000,0.0000,0.0000,0.0000,7114.0000,0.0000,0.0000,0.0000,0.0000,73,0,0,0,0,27,0,0,0,0
zc,TA301,2012-06-27 09:05:37.330,7112.0000,184576,0,0.0000,0.0000,0,0,空换,S,7110.0000,0.0000,0.0000,0.0000,0.0000,7112.0000,0.0000,0.0000,0.0000,0.0000,73,0,0,0,0,1,0,0,0,0
zc,TA301,2012-06-27 09:05:37.817,7110.0000,184586,10,0.0000,16.0000,13,3,空开,S,7110.0000,0.0000,0.0000,0.0000,0.0000,7114.0000,0.0000,0.0000,0.0000,0.0000,66,0,0,0,0,35,0,0,0,0
zc,TA301,2012-06-27 09:05:39.050,7110.0000,184584,-2,0.0000,2.0000,0,2,双平,S,7112.0000,0.0000,0.0000,0.0000,0.0000,7114.0000,0.0000,0.0000,0.0000,0.0000,3,0,0,0,0,28,0,0,0,0
zc,TA301,2012-06-27 09:05:39.597,7114.0000,184588,4,0.0000,8.0000,6,2,多开,B,7110.0000,0.0000,0.0000,0.0000,0.0000,7114.0000,0.0000,0.0000,0.0000,0.0000,65,0,0,0,0,26,0,0,0,0
zc,TA301,2012-06-27 09:05:40.330,7114.0000,184588,0,0.0000,0.0000,0,0,多换,B,7112.0000,0.0000,0.0000,0.0000,0.0000,7114.0000,0.0000,0.0000,0.0000,0.0000,34,0,0,0,0,24,0,0,0,0
zc,TA301,2012-06-27 09:05:40.847,7112.0000,184584,-4,0.0000,14.0000,5,9,多平,S,7112.0000,0.0000,0.0000,0.0000,0.0000,7114.0000,0.0000,0.0000,0.0000,0.0000,27,0,0,0,0,24,0,0,0,0
zc,TA301,2012-06-27 09:05:41.580,7112.0000,184584,0,0.0000,22.0000,11,11,空换,S,7112.0000,0.0000,0.0000,0.0000,0.0000,7114.0000,0.0000,0.0000,0.0000,0.0000,16,0,0,0,0,32,0,0,0,0
zc,TA301,2012-06-27 09:05:42.097,7112.0000,184584,0,0.0000,32.0000,16,16,空换,S,7110.0000,0.0000,0.0000,0.0000,0.0000,7114.0000,0.0000,0.0000,0.0000,0.0000,66,0,0,0,0,25,0,0,0,0
zc,TA301,2012-06-27 09:05:42.830,7110.0000,184582,-2,0.0000,2.0000,0,2,双平,S,7110.0000,0.0000,0.0000,0.0000,0.0000,7114.0000,0.0000,0.0000,0.0000,0.0000,66,0,0,0,0,25,0,0,0,0
zc,TA301,2012-06-27 09:05:43.330,7110.0000,184582,0,0.0000,0.0000,0,0,空换,S,7110.0000,0.0000,0.0000,0.0000,0.0000,7114.0000,0.0000,0.0000,0.0000,0.0000,67,0,0,0,0,25,0,0,0,0
zc,TA301,2012-06-27 09:05:44.067,7110.0000,184582,0,0.0000,0.0000,0,0,空换,S,7110.0000,0.0000,0.0000,0.0000,0.0000,7112.0000,0.0000,0.0000,0.0000,0.0000,67,0,0,0,0,2,0,0,0,0
zc,TA301,2012-06-27 09:05:44.627,7110.0000,184544,-38,0.0000,38.0000,0,38,双平,S,7110.0000,0.0000,0.0000,0.0000,0.0000,7112.0000,0.0000,0.0000,0.0000,0.0000,49,0,0,0,0,2,0,0,0,0
zc,TA301,2012-06-27 09:05:45.597,7112.0000,184548,4,0.0000,4.0000,4,0,双开,B,7112.0000,0.0000,0.0000,0.0000,0.0000,7114.0000,0.0000,0.0000,0.0000,0.0000,19,0,0,0,0,34,0,0,0,0
zc,TA301,2012-06-27 09:05:46.097,7114.0000,184550,2,0.0000,178.0000,90,88,多开,B,7110.0000,0.0000,0.0000,0.0000,0.0000,7114.0000,0.0000,0.0000,0.0000,0.0000,3,0,0,0,0,76,0,0,0,0
zc,TA301,2012-06-27 09:05:46.847,7114.0000,184550,0,0.0000,0.0000,0,0,多换,B,7110.0000,0.0000,0.0000,0.0000,0.0000,7112.0000,0.0000,0.0000,0.0000,0.0000,3,0,0,0,0,14,0,0,0,0
zc,TA301,2012-06-27 09:05:47.330,7114.0000,184550,0,0.0000,0.0000,0,0,多换,B,7110.0000,0.0000,0.0000,0.0000,0.0000,7112.0000,0.0000,0.0000,0.0000,0.0000,3,0,0,0,0,22,0,0,0,0
zc,TA301,2012-06-27 09:05:48.080,7106.0000,184626,76,0.0000,94.0000,85,9,空开,S,7104.0000,0.0000,0.0000,0.0000,0.0000,7106.0000,0.0000,0.0000,0.0000,0.0000,6,0,0,0,0,7,0,0,0,0
zc,TA301,2012-06-27 09:05:48.580,7106.0000,184640,14,0.0000,16.0000,15,1,空开,S,7104.0000,0.0000,0.0000,0.0000,0.0000,7106.0000,0.0000,0.0000,0.0000,0.0000,5,0,0,0,0,1,0,0,0,0
zc,TA301,2012-06-27 09:05:49.317,7104.0000,184642,2,0.0000,12.0000,7,5,空开,S,7102.0000,0.0000,0.0000,0.0000,0.0000,7104.0000,0.0000,0.0000,0.0000,0.0000,21,0,0,0,0,8,0,0,0,0
zc,TA301,2012-06-27 09:05:49.830,7104.0000,184662,20,0.0000,42.0000,31,11,空开,S,7102.0000,0.0000,0.0000,0.0000,0.0000,7104.0000,0.0000,0.0000,0.0000,0.0000,14,0,0,0,0,8,0,0,0,0
zc,TA301,2012-06-27 09:05:50.580,7104.0000,184670,8,0.0000,34.0000,21,13,空开,S,7100.0000,0.0000,0.0000,0.0000,0.0000,7104.0000,0.0000,0.0000,0.0000,0.0000,12,0,0,0,0,1,0,0,0,0
zc,TA301,2012-06-27 09:05:51.127,7100.0000,184688,18,0.0000,26.0000,22,4,空开,S,7098.0000,0.0000,0.0000,0.0000,0.0000,7102.0000,0.0000,0.0000,0.0000,0.0000,6,0,0,0,0,10,0,0,0,0
zc,TA301,2012-06-27 09:05:51.893,7098.0000,184692,4,0.0000,30.0000,17,13,空开,S,7098.0000,0.0000,0.0000,0.0000,0.0000,7102.0000,0.0000,0.0000,0.0000,0.0000,7,0,0,0,0,4,0,0,0,0
zc,TA301,2012-06-27 09:05:52.613,7098.0000,184690,-2,0.0000,2.0000,0,2,双平,S,7098.0000,0.0000,0.0000,0.0000,0.0000,7102.0000,0.0000,0.0000,0.0000,0.0000,6,0,0,0,0,7,0,0,0,0
zc,TA301,2012-06-27 09:05:53.330,7098.0000,184670,-20,0.0000,52.0000,16,36,多平,S,7098.0000,0.0000,0.0000,0.0000,0.0000,7102.0000,0.0000,0.0000,0.0000,0.0000,2,0,0,0,0,5,0,0,0,0
zc,TA301,2012-06-27 09:05:53.817,7098.0000,184686,16,0.0000,20.0000,18,2,空开,S,7098.0000,0.0000,0.0000,0.0000,0.0000,7100.0000,0.0000,0.0000,0.0000,0.0000,5,0,0,0,0,2,0,0,0,0
zc,TA301,2012-06-27 09:05:54.567,7102.0000,184686,0,0.0000,12.0000,6,6,多换,B,7098.0000,0.0000,0.0000,0.0000,0.0000,7102.0000,0.0000,0.0000,0.0000,0.0000,7,0,0,0,0,3,0,0,0,0
zc,TA301,2012-06-27 09:05:55.080,7098.0000,184696,10,0.0000,18.0000,14,4,空开,S,7096.0000,0.0000,0.0000,0.0000,0.0000,7102.0000,0.0000,0.0000,0.0000,0.0000,17,0,0,0,0,1,0,0,0,0
zc,TA301,2012-06-27 09:05:55.783,7102.0000,184714,18,0.0000,20.0000,19,1,多开,B,7096.0000,0.0000,0.0000,0.0000,0.0000,7102.0000,0.0000,0.0000,0.0000,0.0000,17,0,0,0,0,1,0,0,0,0
zc,TA301,2012-06-27 09:05:56.317,7102.0000,184714,0,0.0000,0.0000,0,0,多换,B,7098.0000,0.0000,0.0000,0.0000,0.0000,7102.0000,0.0000,0.0000,0.0000,0.0000,2,0,0,0,0,1,0,0,0,0
zc,TA301,2012-06-27 09:05:57.080,7100.0000,184724,10,0.0000,10.0000,10,0,双开,S,7098.0000,0.0000,0.0000,0.0000,0.0000,7100.0000,0.0000,0.0000,0.0000,0.0000,3,0,0,0,0,5,0,0,0,0
zc,TA301,2012-06-27 09:05:57.567,7100.0000,184728,4,0.0000,6.0000,5,1,空开,S,7098.0000,0.0000,0.0000,0.0000,0.0000,7100.0000,0.0000,0.0000,0.0000,0.0000,3,0,0,0,0,2,0,0,0,0
zc,TA301,2012-06-27 09:05:58.377,7098.0000,184736,8,0.0000,24.0000,16,8,空开,S,7096.0000,0.0000,0.0000,0.0000,0.0000,7098.0000,0.0000,0.0000,0.0000,0.0000,15,0,0,0,0,1,0,0,0,0
zc,TA301,2012-06-27 09:05:58.847,7098.0000,184740,4,0.0000,12.0000,8,4,空开,S,7096.0000,0.0000,0.0000,0.0000,0.0000,7100.0000,0.0000,0.0000,0.0000,0.0000,16,0,0,0,0,22,0,0,0,0
zc,TA301,2012-06-27 09:05:59.363,7100.0000,184742,2,0.0000,14.0000,8,6,多开,B,7096.0000,0.0000,0.0000,0.0000,0.0000,7098.0000,0.0000,0.0000,0.0000,0.0000,27,0,0,0,0,1,0,0,0,0
zc,TA301,2012-06-27 09:06:00.330,7098.0000,184744,2,0.0000,6.0000,4,2,空开,S,7096.0000,0.0000,0.0000,0.0000,0.0000,7100.0000,0.0000,0.0000,0.0000,0.0000,27,0,0,0,0,13,0,0,0,0
zc,TA301,2012-06-27 09:06:00.627,7100.0000,184746,2,0.0000,4.0000,3,1,多开,B,7096.0000,0.0000,0.0000,0.0000,0.0000,7098.0000,0.0000,0.0000,0.0000,0.0000,25,0,0,0,0,8,0,0,0,0
zc,TA301,2012-06-27 09:06:01.627,7098.0000,184756,10,0.0000,16.0000,13,3,空开,S,7096.0000,0.0000,0.0000,0.0000,0.0000,7098.0000,0.0000,0.0000,0.0000,0.0000,28,0,0,0,0,8,0,0,0,0
zc,TA301,2012-06-27 09:06:02.113,7098.0000,184748,-8,0.0000,18.0000,5,13,多平,S,7100.0000,0.0000,0.0000,0.0000,0.0000,7102.0000,0.0000,0.0000,0.0000,0.0000,3,0,0,0,0,3,0,0,0,0
zc,TA301,2012-06-27 09:06:02.863,7098.0000,184744,-4,0.0000,4.0000,0,4,双平,S,7100.0000,0.0000,0.0000,0.0000,0.0000,7102.0000,0.0000,0.0000,0.0000,0.0000,1,0,0,0,0,3,0,0,0,0
zc,TA301,2012-06-27 09:06:03.363,7102.0000,184740,-4,0.0000,6.0000,1,5,空平,B,7102.0000,0.0000,0.0000,0.0000,0.0000,7106.0000,0.0000,0.0000,0.0000,0.0000,19,0,0,0,0,23,0,0,0,0
zc,TA301,2012-06-27 09:06:03.863,7102.0000,184738,-2,0.0000,2.0000,0,2,双平,B,7102.0000,0.0000,0.0000,0.0000,0.0000,7106.0000,0.0000,0.0000,0.0000,0.0000,19,0,0,0,0,23,0,0,0,0
zc,TA301,2012-06-27 09:06:04.330,7102.0000,184738,0,0.0000,0.0000,0,0,多换,B,7102.0000,0.0000,0.0000,0.0000,0.0000,7106.0000,0.0000,0.0000,0.0000,0.0000,31,0,0,0,0,23,0,0,0,0
zc,TA301,2012-06-27 09:06:05.067,7106.0000,184730,-8,0.0000,8.0000,0,8,双平,B,7102.0000,0.0000,0.0000,0.0000,0.0000,7106.0000,0.0000,0.0000,0.0000,0.0000,35,0,0,0,0,20,0,0,0,0
zc,TA301,2012-06-27 09:06:05.567,7102.0000,184716,-14,0.0000,24.0000,5,19,多平,S,7102.0000,0.0000,0.0000,0.0000,0.0000,7106.0000,0.0000,0.0000,0.0000,0.0000,24,0,0,0,0,9,0,0,0,0
zc,TA301,2012-06-27 09:06:06.330,7106.0000,184782,66,0.0000,110.0000,88,22,多开,B,7102.0000,0.0000,0.0000,0.0000,0.0000,7106.0000,0.0000,0.0000,0.0000,0.0000,54,0,0,0,0,30,0,0,0,0
zc,TA301,2012-06-27 09:06:06.817,7106.0000,184822,40,0.0000,42.0000,41,1,多开,B,7102.0000,0.0000,0.0000,0.0000,0.0000,7106.0000,0.0000,0.0000,0.0000,0.0000,54,0,0,0,0,9,0,0,0,0
zc,TA301,2012-06-27 09:06:07.580,7106.0000,184822,0,0.0000,0.0000,0,0,多换,B,7102.0000,0.0000,0.0000,0.0000,0.0000,7106.0000,0.0000,0.0000,0.0000,0.0000,52,0,0,0,0,9,0,0,0,0
zc,TA301,2012-06-27 09:06:08.080,7106.0000,184828,6,0.0000,6.0000,6,0,双开,B,7102.0000,0.0000,0.0000,0.0000,0.0000,7106.0000,0.0000,0.0000,0.0000,0.0000,52,0,0,0,0,6,0,0,0,0
zc,TA301,2012-06-27 09:06:08.783,7106.0000,184830,2,0.0000,4.0000,3,1,多开,B,7102.0000,0.0000,0.0000,0.0000,0.0000,7106.0000,0.0000,0.0000,0.0000,0.0000,52,0,0,0,0,4,0,0,0,0
zc,TA301,2012-06-27 09:06:09.300,7106.0000,184834,4,0.0000,8.0000,6,2,多开,B,7104.0000,0.0000,0.0000,0.0000,0.0000,7106.0000,0.0000,0.0000,0.0000,0.0000,19,0,0,0,0,1,0,0,0,0
zc,TA301,2012-06-27 09:06:09.800,7106.0000,184834,0,0.0000,0.0000,0,0,多换,B,7104.0000,0.0000,0.0000,0.0000,0.0000,7106.0000,0.0000,0.0000,0.0000,0.0000,19,0,0,0,0,11,0,0,0,0
zc,TA301,2012-06-27 09:06:10.567,7104.0000,184872,38,0.0000,38.0000,38,0,双开,S,7102.0000,0.0000,0.0000,0.0000,0.0000,7106.0000,0.0000,0.0000,0.0000,0.0000,53,0,0,0,0,12,0,0,0,0
zc,TA301,2012-06-27 09:06:11.097,7104.0000,184872,0,0.0000,0.0000,0,0,空换,S,7102.0000,0.0000,0.0000,0.0000,0.0000,7104.0000,0.0000,0.0000,0.0000,0.0000,54,0,0,0,0,2,0,0,0,0
zc,TA301,2012-06-27 09:06:11.567,7102.0000,184848,-24,0.0000,46.0000,11,35,多平,S,7102.0000,0.0000,0.0000,0.0000,0.0000,7106.0000,0.0000,0.0000,0.0000,0.0000,37,0,0,0,0,14,0,0,0,0
zc,TA301,2012-06-27 09:06:12.317,7102.0000,184848,0,0.0000,0.0000,0,0,空换,S,7104.0000,0.0000,0.0000,0.0000,0.0000,7106.0000,0.0000,0.0000,0.0000,0.0000,1,0,0,0,0,11,0,0,0,0
zc,TA301,2012-06-27 09:06:12.800,7104.0000,184848,0,0.0000,2.0000,1,1,多换,B,7104.0000,0.0000,0.0000,0.0000,0.0000,7106.0000,0.0000,0.0000,0.0000,0.0000,1,0,0,0,0,12,0,0,0,0
zc,TA301,2012-06-27 09:06:13.330,7104.0000,184848,0,0.0000,2.0000,1,1,多换,B,7102.0000,0.0000,0.0000,0.0000,0.0000,7104.0000,0.0000,0.0000,0.0000,0.0000,40,0,0,0,0,6,0,0,0,0
zc,TA301,2012-06-27 09:06:13.783,7104.0000,184848,0,0.0000,0.0000,0,0,多换,B,7102.0000,0.0000,0.0000,0.0000,0.0000,7104.0000,0.0000,0.0000,0.0000,0.0000,40,0,0,0,0,6,0,0,0,0
zc,TA301,2012-06-27 09:06:14.067,7104.0000,184836,-12,0.0000,16.0000,2,14,空平,B,7104.0000,0.0000,0.0000,0.0000,0.0000,7106.0000,0.0000,0.0000,0.0000,0.0000,3,0,0,0,0,18,0,0,0,0
zc,TA301,2012-06-27 09:06:14.567,7106.0000,184840,4,0.0000,6.0000,5,1,多开,B,7104.0000,0.0000,0.0000,0.0000,0.0000,7106.0000,0.0000,0.0000,0.0000,0.0000,2,0,0,0,0,16,0,0,0,0
zc,TA301,2012-06-27 09:06:15.317,7106.0000,184880,40,0.0000,96.0000,68,28,多开,B,7104.0000,0.0000,0.0000,0.0000,0.0000,7106.0000,0.0000,0.0000,0.0000,0.0000,1,0,0,0,0,39,0,0,0,0
zc,TA301,2012-06-27 09:06:16.080,7104.0000,184882,2,0.0000,2.0000,2,0,双开,S,7104.0000,0.0000,0.0000,0.0000,0.0000,7106.0000,0.0000,0.0000,0.0000,0.0000,1,0,0,0,0,42,0,0,0,0
zc,TA301,2012-06-27 09:06:17.050,7104.0000,184884,2,0.0000,2.0000,2,0,双开,S,7104.0000,0.0000,0.0000,0.0000,0.0000,7106.0000,0.0000,0.0000,0.0000,0.0000,1,0,0,0,0,42,0,0,0,0
zc,TA301,2012-06-27 09:06:17.567,7104.0000,184884,0,0.0000,0.0000,0,0,空换,S,7104.0000,0.0000,0.0000,0.0000,0.0000,7106.0000,0.0000,0.0000,0.0000,0.0000,3,0,0,0,0,42,0,0,0,0
zc,TA301,2012-06-27 09:06:18.330,7104.0000,184886,2,0.0000,2.0000,2,0,双开,S,7104.0000,0.0000,0.0000,0.0000,0.0000,7106.0000,0.0000,0.0000,0.0000,0.0000,1,0,0,0,0,42,0,0,0,0
zc,TA301,2012-06-27 09:06:18.800,7106.0000,184888,2,0.0000,4.0000,3,1,多开,B,7104.0000,0.0000,0.0000,0.0000,0.0000,7106.0000,0.0000,0.0000,0.0000,0.0000,3,0,0,0,0,41,0,0,0,0
zc,TA301,2012-06-27 09:06:19.783,7106.0000,184888,0,0.0000,6.0000,3,3,多换,B,7104.0000,0.0000,0.0000,0.0000,0.0000,7106.0000,0.0000,0.0000,0.0000,0.0000,2,0,0,0,0,39,0,0,0,0
zc,TA301,2012-06-27 09:06:20.580,7104.0000,184890,2,0.0000,8.0000,5,3,空开,S,7102.0000,0.0000,0.0000,0.0000,0.0000,7106.0000,0.0000,0.0000,0.0000,0.0000,23,0,0,0,0,38,0,0,0,0
zc,TA301,2012-06-27 09:06:21.317,7106.0000,184888,-2,0.0000,2.0000,0,2,双平,B,7104.0000,0.0000,0.0000,0.0000,0.0000,7106.0000,0.0000,0.0000,0.0000,0.0000,1,0,0,0,0,40,0,0,0,0
zc,TA301,2012-06-27 09:06:21.567,7106.0000,184888,0,0.0000,0.0000,0,0,多换,B,7104.0000,0.0000,0.0000,0.0000,0.0000,7106.0000,0.0000,0.0000,0.0000,0.0000,1,0,0,0,0,41,0,0,0,0
zc,TA301,2012-06-27 09:06:22.300,7106.0000,184950,62,0.0000,100.0000,81,19,多开,B,7104.0000,0.0000,0.0000,0.0000,0.0000,7108.0000,0.0000,0.0000,0.0000,0.0000,1,0,0,0,0,21,0,0,0,0
zc,TA301,2012-06-27 09:06:22.817,7104.0000,184992,42,0.0000,42.0000,42,0,双开,S,7102.0000,0.0000,0.0000,0.0000,0.0000,7104.0000,0.0000,0.0000,0.0000,0.0000,25,0,0,0,0,19,0,0,0,0
zc,TA301,2012-06-27 09:06:23.567,7104.0000,184992,0,0.0000,38.0000,19,19,空换,S,7104.0000,0.0000,0.0000,0.0000,0.0000,7108.0000,0.0000,0.0000,0.0000,0.0000,28,0,0,0,0,28,0,0,0,0
zc,TA301,2012-06-27 09:06:24.033,7104.0000,184992,0,0.0000,0.0000,0,0,空换,S,7104.0000,0.0000,0.0000,0.0000,0.0000,7108.0000,0.0000,0.0000,0.0000,0.0000,28,0,0,0,0,29,0,0,0,0
