市场代码,合约代码,时间,最新,持仓,增仓,成交额,成交量,开仓,平仓,成交类型,方向,买一价,买二价,买三价,买四价,买五价,卖一价,卖二价,卖三价,卖四价,卖五价,买一量,买二量,买三量,买四量,买五量,卖一量,卖二量,卖三量,卖四量,卖五量
zc,WS301,2012-06-27 07:47:56.613,0.0000,463176,0,0.0000,0.0000,0,0,空换,S,0.0000,0.0000,0.0000,0.0000,0.0000,0.0000,0.0000,0.0000,0.0000,0.0000,0,0,0,0,0,0,0,0,0,0
zc,WS301,2012-06-27 07:52:56.597,0.0000,463176,0,0.0000,0.0000,0,0,空换,S,0.0000,0.0000,0.0000,0.0000,0.0000,0.0000,0.0000,0.0000,0.0000,0.0000,0,0,0,0,0,0,0,0,0,0
zc,WS301,2012-06-27 08:10:57.957,0.0000,463176,0,0.0000,0.0000,0,0,空换,S,0.0000,0.0000,0.0000,0.0000,0.0000,0.0000,0.0000,0.0000,0.0000,0.0000,0,0,0,0,0,0,0,0,0,0
zc,WS301,2012-06-27 08:18:57.973,0.0000,463176,0,0.0000,0.0000,0,0,空换,S,0.0000,0.0000,0.0000,0.0000,0.0000,0.0000,0.0000,0.0000,0.0000,0.0000,0,0,0,0,0,0,0,0,0,0
zc,WS301,2012-06-27 08:20:57.957,0.0000,463176,0,0.0000,0.0000,0,0,空换,S,0.0000,0.0000,0.0000,0.0000,0.0000,0.0000,0.0000,0.0000,0.0000,0.0000,0,0,0,0,0,0,0,0,0,0
zc,WS301,2012-06-27 08:23:16.770,0.0000,463176,0,0.0000,0.0000,0,0,空换,S,0.0000,0.0000,0.0000,0.0000,0.0000,0.0000,0.0000,0.0000,0.0000,0.0000,0,0,0,0,0,0,0,0,0,0
zc,WS301,2012-06-27 08:26:13.770,0.0000,463176,0,0.0000,0.0000,0,0,空换,S,0.0000,0.0000,0.0000,0.0000,0.0000,0.0000,0.0000,0.0000,0.0000,0.0000,0,0,0,0,0,0,0,0,0,0
zc,WS301,2012-06-27 08:27:13.753,0.0000,463176,0,0.0000,0.0000,0,0,空换,S,0.0000,0.0000,0.0000,0.0000,0.0000,0.0000,0.0000,0.0000,0.0000,0.0000,0,0,0,0,0,0,0,0,0,0
zc,WS301,2012-06-27 08:31:13.753,0.0000,463176,0,0.0000,0.0000,0,0,空换,S,0.0000,0.0000,0.0000,0.0000,0.0000,0.0000,0.0000,0.0000,0.0000,0.0000,0,0,0,0,0,0,0,0,0,0
zc,WS301,2012-06-27 08:33:13.753,0.0000,463176,0,0.0000,0.0000,0,0,空换,S,0.0000,0.0000,0.0000,0.0000,0.0000,0.0000,0.0000,0.0000,0.0000,0.0000,0,0,0,0,0,0,0,0,0,0
zc,WS301,2012-06-27 08:34:13.753,0.0000,463176,0,0.0000,0.0000,0,0,空换,S,0.0000,0.0000,0.0000,0.0000,0.0000,0.0000,0.0000,0.0000,0.0000,0.0000,0,0,0,0,0,0,0,0,0,0
zc,WS301,2012-06-27 08:35:13.753,0.0000,463176,0,0.0000,0.0000,0,0,空换,S,0.0000,0.0000,0.0000,0.0000,0.0000,0.0000,0.0000,0.0000,0.0000,0.0000,0,0,0,0,0,0,0,0,0,0
zc,WS301,2012-06-27 08:37:13.737,0.0000,463176,0,0.0000,0.0000,0,0,空换,S,0.0000,0.0000,0.0000,0.0000,0.0000,0.0000,0.0000,0.0000,0.0000,0.0000,0,0,0,0,0,0,0,0,0,0
zc,WS301,2012-06-27 08:38:13.737,0.0000,463176,0,0.0000,0.0000,0,0,空换,S,0.0000,0.0000,0.0000,0.0000,0.0000,0.0000,0.0000,0.0000,0.0000,0.0000,0,0,0,0,0,0,0,0,0,0
zc,WS301,2012-06-27 08:40:13.770,0.0000,463176,0,0.0000,0.0000,0,0,空换,S,0.0000,0.0000,0.0000,0.0000,0.0000,0.0000,0.0000,0.0000,0.0000,0.0000,0,0,0,0,0,0,0,0,0,0
zc,WS301,2012-06-27 08:41:13.753,0.0000,463176,0,0.0000,0.0000,0,0,空换,S,0.0000,0.0000,0.0000,0.0000,0.0000,0.0000,0.0000,0.0000,0.0000,0.0000,0,0,0,0,0,0,0,0,0,0
zc,WS301,2012-06-27 08:43:13.753,0.0000,463176,0,0.0000,0.0000,0,0,空换,S,0.0000,0.0000,0.0000,0.0000,0.0000,0.0000,0.0000,0.0000,0.0000,0.0000,0,0,0,0,0,0,0,0,0,0
zc,WS301,2012-06-27 08:44:13.753,0.0000,463176,0,0.0000,0.0000,0,0,空换,S,0.0000,0.0000,0.0000,0.0000,0.0000,0.0000,0.0000,0.0000,0.0000,0.0000,0,0,0,0,0,0,0,0,0,0
zc,WS301,2012-06-27 08:46:13.753,0.0000,463176,0,0.0000,0.0000,0,0,空换,S,0.0000,0.0000,0.0000,0.0000,0.0000,0.0000,0.0000,0.0000,0.0000,0.0000,0,0,0,0,0,0,0,0,0,0
zc,WS301,2012-06-27 08:48:13.753,0.0000,463176,0,0.0000,0.0000,0,0,空换,S,0.0000,0.0000,0.0000,0.0000,0.0000,0.0000,0.0000,0.0000,0.0000,0.0000,0,0,0,0,0,0,0,0,0,0
zc,WS301,2012-06-27 08:49:13.753,0.0000,463176,0,0.0000,0.0000,0,0,空换,S,0.0000,0.0000,0.0000,0.0000,0.0000,0.0000,0.0000,0.0000,0.0000,0.0000,0,0,0,0,0,0,0,0,0,0
zc,WS301,2012-06-27 08:50:13.753,0.0000,463176,0,0.0000,0.0000,0,0,空换,S,0.0000,0.0000,0.0000,0.0000,0.0000,0.0000,0.0000,0.0000,0.0000,0.0000,0,0,0,0,0,0,0,0,0,0
zc,WS301,2012-06-27 08:52:13.770,0.0000,463176,0,0.0000,0.0000,0,0,空换,S,0.0000,0.0000,0.0000,0.0000,0.0000,0.0000,0.0000,0.0000,0.0000,0.0000,0,0,0,0,0,0,0,0,0,0
zc,WS301,2012-06-27 08:54:13.753,0.0000,463176,0,0.0000,0.0000,0,0,空换,S,0.0000,0.0000,0.0000,0.0000,0.0000,0.0000,0.0000,0.0000,0.0000,0.0000,0,0,0,0,0,0,0,0,0,0
zc,WS301,2012-06-27 08:55:02.033,0.0000,463176,0,0.0000,0.0000,0,0,空换,S,0.0000,0.0000,0.0000,0.0000,0.0000,0.0000,0.0000,0.0000,0.0000,0.0000,0,0,0,0,0,0,0,0,0,0
zc,WS301,2012-06-27 08:55:02.770,0.0000,463176,0,0.0000,0.0000,0,0,空换,S,0.0000,0.0000,0.0000,0.0000,0.0000,0.0000,0.0000,0.0000,0.0000,0.0000,0,0,0,0,0,0,0,0,0,0
zc,WS301,2012-06-27 08:55:03.503,0.0000,463176,0,0.0000,0.0000,0,0,空换,S,0.0000,0.0000,0.0000,0.0000,0.0000,0.0000,0.0000,0.0000,0.0000,0.0000,0,0,0,0,0,0,0,0,0,0
zc,WS301,2012-06-27 08:55:12.737,0.0000,463176,0,0.0000,0.0000,0,0,空换,S,0.0000,0.0000,0.0000,0.0000,0.0000,0.0000,0.0000,0.0000,0.0000,0.0000,0,0,0,0,0,0,0,0,0,0
zc,WS301,2012-06-27 08:55:40.987,0.0000,463176,0,0.0000,0.0000,0,0,空换,S,0.0000,0.0000,0.0000,0.0000,0.0000,0.0000,0.0000,0.0000,0.0000,0.0000,0,0,0,0,0,0,0,0,0,0
zc,WS301,2012-06-27 08:56:16.003,0.0000,463176,0,0.0000,0.0000,0,0,空换,S,0.0000,0.0000,0.0000,0.0000,0.0000,0.0000,0.0000,0.0000,0.0000,0.0000,0,0,0,0,0,0,0,0,0,0
zc,WS301,2012-06-27 08:56:17.003,0.0000,463176,0,0.0000,0.0000,0,0,空换,S,0.0000,0.0000,0.0000,0.0000,0.0000,0.0000,0.0000,0.0000,0.0000,0.0000,0,0,0,0,0,0,0,0,0,0
zc,WS301,2012-06-27 08:56:59.503,0.0000,463176,0,0.0000,0.0000,0,0,空换,S,0.0000,0.0000,0.0000,0.0000,0.0000,0.0000,0.0000,0.0000,0.0000,0.0000,0,0,0,0,0,0,0,0,0,0
zc,WS301,2012-06-27 08:57:05.737,0.0000,463176,0,0.0000,0.0000,0,0,空换,S,0.0000,0.0000,0.0000,0.0000,0.0000,0.0000,0.0000,0.0000,0.0000,0.0000,0,0,0,0,0,0,0,0,0,0
zc,WS301,2012-06-27 08:57:13.237,0.0000,463176,0,0.0000,0.0000,0,0,空换,S,0.0000,0.0000,0.0000,0.0000,0.0000,0.0000,0.0000,0.0000,0.0000,0.0000,0,0,0,0,0,0,0,0,0,0
zc,WS301,2012-06-27 08:57:33.237,0.0000,463176,0,0.0000,0.0000,0,0,空换,S,0.0000,0.0000,0.0000,0.0000,0.0000,0.0000,0.0000,0.0000,0.0000,0.0000,0,0,0,0,0,0,0,0,0,0
zc,WS301,2012-06-27 08:57:33.737,0.0000,463176,0,0.0000,0.0000,0,0,空换,S,0.0000,0.0000,0.0000,0.0000,0.0000,0.0000,0.0000,0.0000,0.0000,0.0000,0,0,0,0,0,0,0,0,0,0
zc,WS301,2012-06-27 08:57:44.487,0.0000,463176,0,0.0000,0.0000,0,0,空换,S,0.0000,0.0000,0.0000,0.0000,0.0000,0.0000,0.0000,0.0000,0.0000,0.0000,0,0,0,0,0,0,0,0,0,0
zc,WS301,2012-06-27 08:58:40.237,0.0000,463176,0,0.0000,0.0000,0,0,空换,S,0.0000,0.0000,0.0000,0.0000,0.0000,0.0000,0.0000,0.0000,0.0000,0.0000,0,0,0,0,0,0,0,0,0,0
zc,WS301,2012-06-27 08:58:42.487,0.0000,463176,0,0.0000,0.0000,0,0,空换,S,0.0000,0.0000,0.0000,0.0000,0.0000,0.0000,0.0000,0.0000,0.0000,0.0000,0,0,0,0,0,0,0,0,0,0
zc,WS301,2012-06-27 08:58:46.753,0.0000,463176,0,0.0000,0.0000,0,0,空换,S,0.0000,0.0000,0.0000,0.0000,0.0000,0.0000,0.0000,0.0000,0.0000,0.0000,0,0,0,0,0,0,0,0,0,0
zc,WS301,2012-06-27 08:58:47.237,0.0000,463176,0,0.0000,0.0000,0,0,空换,S,0.0000,0.0000,0.0000,0.0000,0.0000,0.0000,0.0000,0.0000,0.0000,0.0000,0,0,0,0,0,0,0,0,0,0
zc,WS301,2012-06-27 08:58:47.737,0.0000,463176,0,0.0000,0.0000,0,0,空换,S,0.0000,0.0000,0.0000,0.0000,0.0000,0.0000,0.0000,0.0000,0.0000,0.0000,0,0,0,0,0,0,0,0,0,0
zc,WS301,2012-06-27 08:58:52.487,0.0000,463176,0,0.0000,0.0000,0,0,空换,S,0.0000,0.0000,0.0000,0.0000,0.0000,0.0000,0.0000,0.0000,0.0000,0.0000,0,0,0,0,0,0,0,0,0,0
zc,WS301,2012-06-27 08:58:56.987,0.0000,463176,0,0.0000,0.0000,0,0,空换,S,0.0000,0.0000,0.0000,0.0000,0.0000,0.0000,0.0000,0.0000,0.0000,0.0000,0,0,0,0,0,0,0,0,0,0
zc,WS301,2012-06-27 08:59:01.737,2534.0000,463884,708,0.0000,832.0000,770,62,多开,B,2534.0000,0.0000,0.0000,0.0000,0.0000,2535.0000,0.0000,0.0000,0.0000,0.0000,32,0,0,0,0,141,0,0,0,0
zc,WS301,2012-06-27 08:59:13.753,2534.0000,463884,0,0.0000,0.0000,0,0,多换,B,2534.0000,0.0000,0.0000,0.0000,0.0000,2535.0000,0.0000,0.0000,0.0000,0.0000,32,0,0,0,0,141,0,0,0,0
zc,WS301,2012-06-27 09:00:02.520,2537.0000,464242,358,0.0000,472.0000,415,57,多开,B,2537.0000,0.0000,0.0000,0.0000,0.0000,2539.0000,0.0000,0.0000,0.0000,0.0000,55,0,0,0,0,203,0,0,0,0
zc,WS301,2012-06-27 09:00:03.223,2536.0000,464386,144,0.0000,186.0000,165,21,空开,S,2536.0000,0.0000,0.0000,0.0000,0.0000,2538.0000,0.0000,0.0000,0.0000,0.0000,7,0,0,0,0,9,0,0,0,0
zc,WS301,2012-06-27 09:00:03.957,2539.0000,464384,-2,0.0000,106.0000,52,54,空平,B,2536.0000,0.0000,0.0000,0.0000,0.0000,2539.0000,0.0000,0.0000,0.0000,0.0000,1,0,0,0,0,184,0,0,0,0
zc,WS301,2012-06-27 09:00:04.723,2536.0000,464384,0,0.0000,8.0000,4,4,空换,S,2535.0000,0.0000,0.0000,0.0000,0.0000,2536.0000,0.0000,0.0000,0.0000,0.0000,129,0,0,0,0,59,0,0,0,0
zc,WS301,2012-06-27 09:00:05.177,2536.0000,464392,8,0.0000,8.0000,8,0,双开,S,2535.0000,0.0000,0.0000,0.0000,0.0000,2536.0000,0.0000,0.0000,0.0000,0.0000,141,0,0,0,0,55,0,0,0,0
zc,WS301,2012-06-27 09:00:05.927,2536.0000,464404,12,0.0000,16.0000,14,2,空开,S,2535.0000,0.0000,0.0000,0.0000,0.0000,2536.0000,0.0000,0.0000,0.0000,0.0000,143,0,0,0,0,47,0,0,0,0
zc,WS301,2012-06-27 09:00:06.393,2536.0000,464410,6,0.0000,34.0000,20,14,空开,S,2535.0000,0.0000,0.0000,0.0000,0.0000,2536.0000,0.0000,0.0000,0.0000,0.0000,149,0,0,0,0,43,0,0,0,0
zc,WS301,2012-06-27 09:00:07.160,2536.0000,464432,22,0.0000,26.0000,24,2,空开,S,2535.0000,0.0000,0.0000,0.0000,0.0000,2536.0000,0.0000,0.0000,0.0000,0.0000,163,0,0,0,0,37,0,0,0,0
zc,WS301,2012-06-27 09:00:07.677,2536.0000,464434,2,0.0000,2.0000,2,0,双开,S,2535.0000,0.0000,0.0000,0.0000,0.0000,2536.0000,0.0000,0.0000,0.0000,0.0000,176,0,0,0,0,36,0,0,0,0
zc,WS301,2012-06-27 09:00:08.377,2536.0000,464438,4,0.0000,4.0000,4,0,双开,S,2535.0000,0.0000,0.0000,0.0000,0.0000,2536.0000,0.0000,0.0000,0.0000,0.0000,175,0,0,0,0,34,0,0,0,0
zc,WS301,2012-06-27 09:00:09.127,2536.0000,464458,20,0.0000,20.0000,20,0,双开,S,2535.0000,0.0000,0.0000,0.0000,0.0000,2536.0000,0.0000,0.0000,0.0000,0.0000,173,0,0,0,0,44,0,0,0,0
zc,WS301,2012-06-27 09:00:09.910,2536.0000,464478,20,0.0000,22.0000,21,1,空开,S,2535.0000,0.0000,0.0000,0.0000,0.0000,2536.0000,0.0000,0.0000,0.0000,0.0000,179,0,0,0,0,37,0,0,0,0
zc,WS301,2012-06-27 09:00:10.393,2536.0000,464482,4,0.0000,8.0000,6,2,空开,S,2535.0000,0.0000,0.0000,0.0000,0.0000,2536.0000,0.0000,0.0000,0.0000,0.0000,107,0,0,0,0,32,0,0,0,0
zc,WS301,2012-06-27 09:00:11.127,2536.0000,464496,14,0.0000,74.0000,44,30,空开,S,2536.0000,0.0000,0.0000,0.0000,0.0000,2537.0000,0.0000,0.0000,0.0000,0.0000,319,0,0,0,0,5,0,0,0,0
zc,WS301,2012-06-27 09:00:11.910,2536.0000,464498,2,0.0000,12.0000,7,5,空开,S,2536.0000,0.0000,0.0000,0.0000,0.0000,2537.0000,0.0000,0.0000,0.0000,0.0000,317,0,0,0,0,2,0,0,0,0
zc,WS301,2012-06-27 09:00:12.660,2537.0000,464500,2,0.0000,4.0000,3,1,多开,B,2537.0000,0.0000,0.0000,0.0000,0.0000,2538.0000,0.0000,0.0000,0.0000,0.0000,19,0,0,0,0,97,0,0,0,0
zc,WS301,2012-06-27 09:00:13.160,2537.0000,464500,0,0.0000,22.0000,11,11,多换,B,2537.0000,0.0000,0.0000,0.0000,0.0000,2538.0000,0.0000,0.0000,0.0000,0.0000,18,0,0,0,0,4,0,0,0,0
zc,WS301,2012-06-27 09:00:13.783,2537.0000,464500,0,0.0000,0.0000,0,0,多换,B,2537.0000,0.0000,0.0000,0.0000,0.0000,2538.0000,0.0000,0.0000,0.0000,0.0000,19,0,0,0,0,7,0,0,0,0
zc,WS301,2012-06-27 09:00:13.940,2537.0000,464500,0,0.0000,0.0000,0,0,多换,B,2537.0000,0.0000,0.0000,0.0000,0.0000,2538.0000,0.0000,0.0000,0.0000,0.0000,19,0,0,0,0,7,0,0,0,0
zc,WS301,2012-06-27 09:00:14.410,2538.0000,464504,4,0.0000,4.0000,4,0,双开,B,2537.0000,0.0000,0.0000,0.0000,0.0000,2538.0000,0.0000,0.0000,0.0000,0.0000,18,0,0,0,0,3,0,0,0,0
zc,WS301,2012-06-27 09:00:15.127,2538.0000,464506,2,0.0000,2.0000,2,0,双开,B,2537.0000,0.0000,0.0000,0.0000,0.0000,2538.0000,0.0000,0.0000,0.0000,0.0000,18,0,0,0,0,12,0,0,0,0
zc,WS301,2012-06-27 09:00:15.677,2538.0000,464530,24,0.0000,44.0000,34,10,多开,B,2537.0000,0.0000,0.0000,0.0000,0.0000,2539.0000,0.0000,0.0000,0.0000,0.0000,19,0,0,0,0,201,0,0,0,0
zc,WS301,2012-06-27 09:00:16.613,2538.0000,464576,46,0.0000,46.0000,46,0,双开,B,2537.0000,0.0000,0.0000,0.0000,0.0000,2538.0000,0.0000,0.0000,0.0000,0.0000,28,0,0,0,0,9,0,0,0,0
zc,WS301,2012-06-27 09:00:16.910,2538.0000,464576,0,0.0000,0.0000,0,0,多换,B,2537.0000,0.0000,0.0000,0.0000,0.0000,2538.0000,0.0000,0.0000,0.0000,0.0000,28,0,0,0,0,10,0,0,0,0
zc,WS301,2012-06-27 09:00:17.877,2538.0000,464596,20,0.0000,20.0000,20,0,双开,B,2537.0000,0.0000,0.0000,0.0000,0.0000,2538.0000,0.0000,0.0000,0.0000,0.0000,43,0,0,0,0,30,0,0,0,0
zc,WS301,2012-06-27 09:00:18.410,2538.0000,464596,0,0.0000,0.0000,0,0,多换,B,2537.0000,0.0000,0.0000,0.0000,0.0000,2538.0000,0.0000,0.0000,0.0000,0.0000,45,0,0,0,0,29,0,0,0,0
zc,WS301,2012-06-27 09:00:19.160,2538.0000,464630,34,0.0000,52.0000,43,9,多开,B,2537.0000,0.0000,0.0000,0.0000,0.0000,2538.0000,0.0000,0.0000,0.0000,0.0000,47,0,0,0,0,3,0,0,0,0
zc,WS301,2012-06-27 09:00:19.847,2538.0000,464630,0,0.0000,8.0000,4,4,多换,B,2538.0000,0.0000,0.0000,0.0000,0.0000,2539.0000,0.0000,0.0000,0.0000,0.0000,3,0,0,0,0,198,0,0,0,0
zc,WS301,2012-06-27 09:00:20.927,2539.0000,464640,10,0.0000,18.0000,14,4,多开,B,2538.0000,0.0000,0.0000,0.0000,0.0000,2539.0000,0.0000,0.0000,0.0000,0.0000,5,0,0,0,0,192,0,0,0,0
zc,WS301,2012-06-27 09:00:21.393,2538.0000,464638,-2,0.0000,16.0000,7,9,多平,S,2537.0000,0.0000,0.0000,0.0000,0.0000,2538.0000,0.0000,0.0000,0.0000,0.0000,57,0,0,0,0,94,0,0,0,0
zc,WS301,2012-06-27 09:00:21.863,2538.0000,464638,0,0.0000,30.0000,15,15,空换,S,2537.0000,0.0000,0.0000,0.0000,0.0000,2538.0000,0.0000,0.0000,0.0000,0.0000,57,0,0,0,0,83,0,0,0,0
zc,WS301,2012-06-27 09:00:22.597,2538.0000,464636,-2,0.0000,4.0000,1,3,多平,S,2537.0000,0.0000,0.0000,0.0000,0.0000,2538.0000,0.0000,0.0000,0.0000,0.0000,57,0,0,0,0,81,0,0,0,0
zc,WS301,2012-06-27 09:00:23.097,2538.0000,464634,-2,0.0000,26.0000,12,14,多平,S,2537.0000,0.0000,0.0000,0.0000,0.0000,2538.0000,0.0000,0.0000,0.0000,0.0000,57,0,0,0,0,68,0,0,0,0
zc,WS301,2012-06-27 09:00:23.927,2538.0000,464632,-2,0.0000,2.0000,0,2,双平,S,2537.0000,0.0000,0.0000,0.0000,0.0000,2538.0000,0.0000,0.0000,0.0000,0.0000,57,0,0,0,0,120,0,0,0,0
zc,WS301,2012-06-27 09:00:24.377,2538.0000,464632,0,0.0000,4.0000,2,2,空换,S,2537.0000,0.0000,0.0000,0.0000,0.0000,2538.0000,0.0000,0.0000,0.0000,0.0000,58,0,0,0,0,133,0,0,0,0
zc,WS301,2012-06-27 09:00:25.080,2538.0000,464632,0,0.0000,2.0000,1,1,空换,S,2537.0000,0.0000,0.0000,0.0000,0.0000,2538.0000,0.0000,0.0000,0.0000,0.0000,58,0,0,0,0,132,0,0,0,0
zc,WS301,2012-06-27 09:00:25.613,2538.0000,464632,0,0.0000,2.0000,1,1,空换,S,2537.0000,0.0000,0.0000,0.0000,0.0000,2538.0000,0.0000,0.0000,0.0000,0.0000,59,0,0,0,0,131,0,0,0,0
zc,WS301,2012-06-27 09:00:26.347,2537.0000,464626,-6,0.0000,16.0000,5,11,多平,S,2537.0000,0.0000,0.0000,0.0000,0.0000,2538.0000,0.0000,0.0000,0.0000,0.0000,75,0,0,0,0,132,0,0,0,0
zc,WS301,2012-06-27 09:00:27.143,2537.0000,464614,-12,0.0000,20.0000,4,16,多平,S,2537.0000,0.0000,0.0000,0.0000,0.0000,2538.0000,0.0000,0.0000,0.0000,0.0000,67,0,0,0,0,131,0,0,0,0
zc,WS301,2012-06-27 09:00:27.613,2537.0000,464614,0,0.0000,2.0000,1,1,空换,S,2537.0000,0.0000,0.0000,0.0000,0.0000,2538.0000,0.0000,0.0000,0.0000,0.0000,70,0,0,0,0,131,0,0,0,0
zc,WS301,2012-06-27 09:00:28.410,2537.0000,464614,0,0.0000,0.0000,0,0,空换,S,2537.0000,0.0000,0.0000,0.0000,0.0000,2538.0000,0.0000,0.0000,0.0000,0.0000,71,0,0,0,0,144,0,0,0,0
zc,WS301,2012-06-27 09:00:28.877,2538.0000,464626,12,0.0000,14.0000,13,1,多开,B,2537.0000,0.0000,0.0000,0.0000,0.0000,2538.0000,0.0000,0.0000,0.0000,0.0000,66,0,0,0,0,143,0,0,0,0
zc,WS301,2012-06-27 09:00:29.393,2538.0000,464630,4,0.0000,8.0000,6,2,多开,B,2537.0000,0.0000,0.0000,0.0000,0.0000,2538.0000,0.0000,0.0000,0.0000,0.0000,65,0,0,0,0,151,0,0,0,0
zc,WS301,2012-06-27 09:00:30.113,2538.0000,464630,0,0.0000,10.0000,5,5,多换,B,2537.0000,0.0000,0.0000,0.0000,0.0000,2538.0000,0.0000,0.0000,0.0000,0.0000,64,0,0,0,0,147,0,0,0,0
zc,WS301,2012-06-27 09:00:30.613,2538.0000,464630,0,0.0000,4.0000,2,2,多换,B,2537.0000,0.0000,0.0000,0.0000,0.0000,2538.0000,0.0000,0.0000,0.0000,0.0000,65,0,0,0,0,146,0,0,0,0
zc,WS301,2012-06-27 09:00:31.143,2538.0000,464732,102,0.0000,202.0000,152,50,多开,B,2537.0000,0.0000,0.0000,0.0000,0.0000,2538.0000,0.0000,0.0000,0.0000,0.0000,66,0,0,0,0,85,0,0,0,0
zc,WS301,2012-06-27 09:00:31.863,2538.0000,464734,2,0.0000,4.0000,3,1,多开,B,2537.0000,0.0000,0.0000,0.0000,0.0000,2538.0000,0.0000,0.0000,0.0000,0.0000,68,0,0,0,0,83,0,0,0,0
zc,WS301,2012-06-27 09:00:33.330,2538.0000,464762,28,0.0000,168.0000,98,70,多开,B,2538.0000,0.0000,0.0000,0.0000,0.0000,2539.0000,0.0000,0.0000,0.0000,0.0000,47,0,0,0,0,220,0,0,0,0
zc,WS301,2012-06-27 09:00:33.627,2538.0000,464762,0,0.0000,0.0000,0,0,多换,B,2538.0000,0.0000,0.0000,0.0000,0.0000,2539.0000,0.0000,0.0000,0.0000,0.0000,58,0,0,0,0,201,0,0,0,0
zc,WS301,2012-06-27 09:00:34.317,2538.0000,464768,6,0.0000,24.0000,15,9,多开,B,2538.0000,0.0000,0.0000,0.0000,0.0000,2539.0000,0.0000,0.0000,0.0000,0.0000,49,0,0,0,0,200,0,0,0,0
zc,WS301,2012-06-27 09:00:34.817,2538.0000,464768,0,0.0000,0.0000,0,0,多换,B,2538.0000,0.0000,0.0000,0.0000,0.0000,2539.0000,0.0000,0.0000,0.0000,0.0000,55,0,0,0,0,200,0,0,0,0
zc,WS301,2012-06-27 09:00:35.643,2539.0000,464768,0,0.0000,4.0000,2,2,多换,B,2538.0000,0.0000,0.0000,0.0000,0.0000,2539.0000,0.0000,0.0000,0.0000,0.0000,59,0,0,0,0,198,0,0,0,0
zc,WS301,2012-06-27 09:00:36.127,2539.0000,464776,8,0.0000,22.0000,15,7,多开,B,2538.0000,0.0000,0.0000,0.0000,0.0000,2539.0000,0.0000,0.0000,0.0000,0.0000,74,0,0,0,0,192,0,0,0,0
zc,WS301,2012-06-27 09:00:36.910,2538.0000,464776,0,0.0000,2.0000,1,1,空换,S,2538.0000,0.0000,0.0000,0.0000,0.0000,2539.0000,0.0000,0.0000,0.0000,0.0000,73,0,0,0,0,192,0,0,0,0
zc,WS301,2012-06-27 09:00:37.580,2538.0000,464776,0,0.0000,0.0000,0,0,空换,S,2538.0000,0.0000,0.0000,0.0000,0.0000,2539.0000,0.0000,0.0000,0.0000,0.0000,73,0,0,0,0,193,0,0,0,0
zc,WS301,2012-06-27 09:00:38.363,2539.0000,464776,0,0.0000,8.0000,4,4,多换,B,2538.0000,0.0000,0.0000,0.0000,0.0000,2539.0000,0.0000,0.0000,0.0000,0.0000,75,0,0,0,0,190,0,0,0,0
zc,WS301,2012-06-27 09:00:38.847,2538.0000,464776,0,0.0000,2.0000,1,1,空换,S,2538.0000,0.0000,0.0000,0.0000,0.0000,2539.0000,0.0000,0.0000,0.0000,0.0000,73,0,0,0,0,209,0,0,0,0
zc,WS301,2012-06-27 09:00:39.627,2538.0000,464778,2,0.0000,2.0000,2,0,双开,S,2538.0000,0.0000,0.0000,0.0000,0.0000,2539.0000,0.0000,0.0000,0.0000,0.0000,73,0,0,0,0,210,0,0,0,0
zc,WS301,2012-06-27 09:00:40.143,2539.0000,464778,0,0.0000,4.0000,2,2,多换,B,2538.0000,0.0000,0.0000,0.0000,0.0000,2539.0000,0.0000,0.0000,0.0000,0.0000,79,0,0,0,0,208,0,0,0,0
zc,WS301,2012-06-27 09:00:40.597,2539.0000,464778,0,0.0000,20.0000,10,10,多换,B,2538.0000,0.0000,0.0000,0.0000,0.0000,2539.0000,0.0000,0.0000,0.0000,0.0000,80,0,0,0,0,197,0,0,0,0
zc,WS301,2012-06-27 09:00:41.347,2538.0000,464778,0,0.0000,2.0000,1,1,空换,S,2538.0000,0.0000,0.0000,0.0000,0.0000,2539.0000,0.0000,0.0000,0.0000,0.0000,80,0,0,0,0,196,0,0,0,0
zc,WS301,2012-06-27 09:00:41.847,2539.0000,464778,0,0.0000,16.0000,8,8,多换,B,2538.0000,0.0000,0.0000,0.0000,0.0000,2539.0000,0.0000,0.0000,0.0000,0.0000,82,0,0,0,0,188,0,0,0,0
zc,WS301,2012-06-27 09:00:42.580,2538.0000,464778,0,0.0000,22.0000,11,11,空换,S,2538.0000,0.0000,0.0000,0.0000,0.0000,2539.0000,0.0000,0.0000,0.0000,0.0000,71,0,0,0,0,188,0,0,0,0
zc,WS301,2012-06-27 09:00:43.097,2538.0000,464778,0,0.0000,0.0000,0,0,空换,S,2538.0000,0.0000,0.0000,0.0000,0.0000,2539.0000,0.0000,0.0000,0.0000,0.0000,74,0,0,0,0,169,0,0,0,0
zc,WS301,2012-06-27 09:00:43.877,2539.0000,464774,-4,0.0000,40.0000,18,22,空平,B,2538.0000,0.0000,0.0000,0.0000,0.0000,2539.0000,0.0000,0.0000,0.0000,0.0000,77,0,0,0,0,149,0,0,0,0
zc,WS301,2012-06-27 09:00:44.363,2539.0000,464774,0,0.0000,40.0000,20,20,多换,B,2538.0000,0.0000,0.0000,0.0000,0.0000,2539.0000,0.0000,0.0000,0.0000,0.0000,88,0,0,0,0,129,0,0,0,0
zc,WS301,2012-06-27 09:00:45.127,2539.0000,464794,20,0.0000,250.0000,135,115,多开,B,2538.0000,0.0000,0.0000,0.0000,0.0000,2539.0000,0.0000,0.0000,0.0000,0.0000,93,0,0,0,0,4,0,0,0,0
zc,WS301,2012-06-27 09:00:45.580,2539.0000,464794,0,0.0000,2.0000,1,1,多换,B,2538.0000,0.0000,0.0000,0.0000,0.0000,2539.0000,0.0000,0.0000,0.0000,0.0000,94,0,0,0,0,3,0,0,0,0
zc,WS301,2012-06-27 09:00:46.347,2539.0000,464782,-12,0.0000,12.0000,0,12,双平,B,2539.0000,0.0000,0.0000,0.0000,0.0000,2540.0000,0.0000,0.0000,0.0000,0.0000,88,0,0,0,0,81,0,0,0,0
zc,WS301,2012-06-27 09:00:46.893,2540.0000,464780,-2,0.0000,2.0000,0,2,双平,B,2539.0000,0.0000,0.0000,0.0000,0.0000,2540.0000,0.0000,0.0000,0.0000,0.0000,116,0,0,0,0,80,0,0,0,0
zc,WS301,2012-06-27 09:00:47.627,2539.0000,464780,0,0.0000,50.0000,25,25,空换,S,2539.0000,0.0000,0.0000,0.0000,0.0000,2540.0000,0.0000,0.0000,0.0000,0.0000,126,0,0,0,0,57,0,0,0,0
zc,WS301,2012-06-27 09:00:48.190,2540.0000,464840,60,0.0000,120.0000,90,30,多开,B,2540.0000,0.0000,0.0000,0.0000,0.0000,2541.0000,0.0000,0.0000,0.0000,0.0000,49,0,0,0,0,65,0,0,0,0
zc,WS301,2012-06-27 09:00:48.893,2540.0000,464840,0,0.0000,110.0000,55,55,多换,B,2540.0000,0.0000,0.0000,0.0000,0.0000,2541.0000,0.0000,0.0000,0.0000,0.0000,16,0,0,0,0,65,0,0,0,0
zc,WS301,2012-06-27 09:00:49.377,2540.0000,464838,-2,0.0000,8.0000,3,5,空平,B,2540.0000,0.0000,0.0000,0.0000,0.0000,2541.0000,0.0000,0.0000,0.0000,0.0000,38,0,0,0,0,62,0,0,0,0
zc,WS301,2012-06-27 09:00:50.143,2541.0000,464840,2,0.0000,6.0000,4,2,多开,B,2540.0000,0.0000,0.0000,0.0000,0.0000,2541.0000,0.0000,0.0000,0.0000,0.0000,37,0,0,0,0,59,0,0,0,0
zc,WS301,2012-06-27 09:00:50.660,2541.0000,464802,-38,0.0000,72.0000,17,55,空平,B,2540.0000,0.0000,0.0000,0.0000,0.0000,2541.0000,0.0000,0.0000,0.0000,0.0000,20,0,0,0,0,42,0,0,0,0
zc,WS301,2012-06-27 09:00:51.347,2541.0000,464736,-66,0.0000,144.0000,39,105,空平,B,2541.0000,0.0000,0.0000,0.0000,0.0000,2542.0000,0.0000,0.0000,0.0000,0.0000,51,0,0,0,0,249,0,0,0,0
zc,WS301,2012-06-27 09:00:51.877,2541.0000,464730,-6,0.0000,18.0000,6,12,空平,B,2541.0000,0.0000,0.0000,0.0000,0.0000,2542.0000,0.0000,0.0000,0.0000,0.0000,44,0,0,0,0,254,0,0,0,0
zc,WS301,2012-06-27 09:00:52.643,2540.0000,464714,-16,0.0000,92.0000,38,54,多平,S,2540.0000,0.0000,0.0000,0.0000,0.0000,2541.0000,0.0000,0.0000,0.0000,0.0000,199,0,0,0,0,22,0,0,0,0
zc,WS301,2012-06-27 09:00:53.377,2540.0000,464720,6,0.0000,8.0000,7,1,空开,S,2540.0000,0.0000,0.0000,0.0000,0.0000,2541.0000,0.0000,0.0000,0.0000,0.0000,198,0,0,0,0,124,0,0,0,0
zc,WS301,2012-06-27 09:00:53.863,2540.0000,464720,0,0.0000,0.0000,0,0,空换,S,2540.0000,0.0000,0.0000,0.0000,0.0000,2541.0000,0.0000,0.0000,0.0000,0.0000,203,0,0,0,0,144,0,0,0,0
zc,WS301,2012-06-27 09:00:54.597,2540.0000,464720,0,0.0000,10.0000,5,5,空换,S,2540.0000,0.0000,0.0000,0.0000,0.0000,2541.0000,0.0000,0.0000,0.0000,0.0000,205,0,0,0,0,146,0,0,0,0
zc,WS301,2012-06-27 09:00:55.067,2541.0000,464724,4,0.0000,4.0000,4,0,双开,B,2540.0000,0.0000,0.0000,0.0000,0.0000,2541.0000,0.0000,0.0000,0.0000,0.0000,205,0,0,0,0,147,0,0,0,0
zc,WS301,2012-06-27 09:00:55.863,2541.0000,464710,-14,0.0000,84.0000,35,49,空平,B,2540.0000,0.0000,0.0000,0.0000,0.0000,2541.0000,0.0000,0.0000,0.0000,0.0000,205,0,0,0,0,179,0,0,0,0
zc,WS301,2012-06-27 09:00:56.330,2541.0000,464710,0,0.0000,6.0000,3,3,多换,B,2540.0000,0.0000,0.0000,0.0000,0.0000,2541.0000,0.0000,0.0000,0.0000,0.0000,205,0,0,0,0,180,0,0,0,0
zc,WS301,2012-06-27 09:00:57.067,2541.0000,464710,0,0.0000,34.0000,17,17,多换,B,2540.0000,0.0000,0.0000,0.0000,0.0000,2541.0000,0.0000,0.0000,0.0000,0.0000,205,0,0,0,0,165,0,0,0,0
zc,WS301,2012-06-27 09:00:57.580,2541.0000,464754,44,0.0000,50.0000,47,3,多开,B,2540.0000,0.0000,0.0000,0.0000,0.0000,2541.0000,0.0000,0.0000,0.0000,0.0000,188,0,0,0,0,178,0,0,0,0
zc,WS301,2012-06-27 09:00:58.363,2541.0000,464754,0,0.0000,4.0000,2,2,多换,B,2540.0000,0.0000,0.0000,0.0000,0.0000,2541.0000,0.0000,0.0000,0.0000,0.0000,192,0,0,0,0,177,0,0,0,0
zc,WS301,2012-06-27 09:00:59.033,2541.0000,464396,-358,0.0000,374.0000,8,366,空平,B,2541.0000,0.0000,0.0000,0.0000,0.0000,2542.0000,0.0000,0.0000,0.0000,0.0000,14,0,0,0,0,335,0,0,0,0
zc,WS301,2012-06-27 09:00:59.927,2541.0000,464394,-2,0.0000,4.0000,1,3,空平,B,2541.0000,0.0000,0.0000,0.0000,0.0000,2542.0000,0.0000,0.0000,0.0000,0.0000,13,0,0,0,0,345,0,0,0,0
zc,WS301,2012-06-27 09:01:00.377,2541.0000,464372,-22,0.0000,26.0000,2,24,空平,B,2540.0000,0.0000,0.0000,0.0000,0.0000,2541.0000,0.0000,0.0000,0.0000,0.0000,194,0,0,0,0,41,0,0,0,0
zc,WS301,2012-06-27 09:01:01.097,2541.0000,464372,0,0.0000,8.0000,4,4,多换,B,2540.0000,0.0000,0.0000,0.0000,0.0000,2541.0000,0.0000,0.0000,0.0000,0.0000,211,0,0,0,0,39,0,0,0,0
zc,WS301,2012-06-27 09:01:01.363,2541.0000,464372,0,0.0000,4.0000,2,2,多换,B,2540.0000,0.0000,0.0000,0.0000,0.0000,2541.0000,0.0000,0.0000,0.0000,0.0000,213,0,0,0,0,47,0,0,0,0
zc,WS301,2012-06-27 09:01:02.097,2541.0000,464370,-2,0.0000,20.0000,9,11,空平,B,2540.0000,0.0000,0.0000,0.0000,0.0000,2541.0000,0.0000,0.0000,0.0000,0.0000,220,0,0,0,0,143,0,0,0,0
zc,WS301,2012-06-27 09:01:02.627,2540.0000,464370,0,0.0000,2.0000,1,1,空换,S,2540.0000,0.0000,0.0000,0.0000,0.0000,2541.0000,0.0000,0.0000,0.0000,0.0000,218,0,0,0,0,134,0,0,0,0
zc,WS301,2012-06-27 09:01:03.427,2541.0000,464370,0,0.0000,28.0000,14,14,多换,B,2540.0000,0.0000,0.0000,0.0000,0.0000,2541.0000,0.0000,0.0000,0.0000,0.0000,223,0,0,0,0,122,0,0,0,0
zc,WS301,2012-06-27 09:01:03.877,2540.0000,464370,0,0.0000,6.0000,3,3,空换,S,2540.0000,0.0000,0.0000,0.0000,0.0000,2541.0000,0.0000,0.0000,0.0000,0.0000,219,0,0,0,0,138,0,0,0,0
zc,WS301,2012-06-27 09:01:04.613,2541.0000,464370,0,0.0000,2.0000,1,1,多换,B,2540.0000,0.0000,0.0000,0.0000,0.0000,2541.0000,0.0000,0.0000,0.0000,0.0000,219,0,0,0,0,141,0,0,0,0
zc,WS301,2012-06-27 09:01:05.113,2541.0000,464018,-352,0.0000,398.0000,23,375,空平,B,2541.0000,0.0000,0.0000,0.0000,0.0000,2542.0000,0.0000,0.0000,0.0000,0.0000,8,0,0,0,0,322,0,0,0,0
zc,WS301,2012-06-27 09:01:05.893,2541.0000,464018,0,0.0000,6.0000,3,3,多换,B,2541.0000,0.0000,0.0000,0.0000,0.0000,2542.0000,0.0000,0.0000,0.0000,0.0000,21,0,0,0,0,323,0,0,0,0
zc,WS301,2012-06-27 09:01:06.410,2541.0000,464008,-10,0.0000,20.0000,5,15,空平,B,2541.0000,0.0000,0.0000,0.0000,0.0000,2542.0000,0.0000,0.0000,0.0000,0.0000,11,0,0,0,0,331,0,0,0,0
zc,WS301,2012-06-27 09:01:07.113,2541.0000,463970,-38,0.0000,72.0000,17,55,空平,B,2540.0000,0.0000,0.0000,0.0000,0.0000,2541.0000,0.0000,0.0000,0.0000,0.0000,220,0,0,0,0,142,0,0,0,0
zc,WS301,2012-06-27 09:01:07.580,2541.0000,463970,0,0.0000,4.0000,2,2,多换,B,2540.0000,0.0000,0.0000,0.0000,0.0000,2541.0000,0.0000,0.0000,0.0000,0.0000,219,0,0,0,0,142,0,0,0,0
zc,WS301,2012-06-27 09:01:08.377,2541.0000,463970,0,0.0000,12.0000,6,6,多换,B,2540.0000,0.0000,0.0000,0.0000,0.0000,2541.0000,0.0000,0.0000,0.0000,0.0000,219,0,0,0,0,146,0,0,0,0
zc,WS301,2012-06-27 09:01:08.863,2540.0000,463810,-160,0.0000,164.0000,2,162,多平,S,2540.0000,0.0000,0.0000,0.0000,0.0000,2541.0000,0.0000,0.0000,0.0000,0.0000,219,0,0,0,0,66,0,0,0,0
zc,WS301,2012-06-27 09:01:09.377,2541.0000,463806,-4,0.0000,10.0000,3,7,空平,B,2540.0000,0.0000,0.0000,0.0000,0.0000,2541.0000,0.0000,0.0000,0.0000,0.0000,218,0,0,0,0,76,0,0,0,0
zc,WS301,2012-06-27 09:01:10.113,2540.0000,463806,0,0.0000,56.0000,28,28,空换,S,2540.0000,0.0000,0.0000,0.0000,0.0000,2541.0000,0.0000,0.0000,0.0000,0.0000,213,0,0,0,0,82,0,0,0,0
zc,WS301,2012-06-27 09:01:10.580,2541.0000,463806,0,0.0000,14.0000,7,7,多换,B,2540.0000,0.0000,0.0000,0.0000,0.0000,2541.0000,0.0000,0.0000,0.0000,0.0000,215,0,0,0,0,76,0,0,0,0
zc,WS301,2012-06-27 09:01:11.330,2540.0000,463806,0,0.0000,12.0000,6,6,空换,S,2540.0000,0.0000,0.0000,0.0000,0.0000,2541.0000,0.0000,0.0000,0.0000,0.0000,209,0,0,0,0,76,0,0,0,0
zc,WS301,2012-06-27 09:01:11.597,2540.0000,463806,0,0.0000,0.0000,0,0,空换,S,2540.0000,0.0000,0.0000,0.0000,0.0000,2541.0000,0.0000,0.0000,0.0000,0.0000,209,0,0,0,0,87,0,0,0,0
zc,WS301,2012-06-27 09:01:12.330,2541.0000,463744,-62,0.0000,238.0000,88,150,空平,B,2541.0000,0.0000,0.0000,0.0000,0.0000,2542.0000,0.0000,0.0000,0.0000,0.0000,21,0,0,0,0,382,0,0,0,0
zc,WS301,2012-06-27 09:01:12.847,2541.0000,463724,-20,0.0000,28.0000,4,24,空平,B,2541.0000,0.0000,0.0000,0.0000,0.0000,2542.0000,0.0000,0.0000,0.0000,0.0000,41,0,0,0,0,382,0,0,0,0
zc,WS301,2012-06-27 09:01:13.770,2541.0000,463714,-10,0.0000,10.0000,0,10,双平,B,2541.0000,0.0000,0.0000,0.0000,0.0000,2542.0000,0.0000,0.0000,0.0000,0.0000,56,0,0,0,0,384,0,0,0,0
zc,WS301,2012-06-27 09:01:14.033,2541.0000,463712,-2,0.0000,4.0000,1,3,空平,B,2541.0000,0.0000,0.0000,0.0000,0.0000,2542.0000,0.0000,0.0000,0.0000,0.0000,56,0,0,0,0,384,0,0,0,0
zc,WS301,2012-06-27 09:01:14.863,2541.0000,463710,-2,0.0000,8.0000,3,5,空平,B,2541.0000,0.0000,0.0000,0.0000,0.0000,2542.0000,0.0000,0.0000,0.0000,0.0000,54,0,0,0,0,386,0,0,0,0
zc,WS301,2012-06-27 09:01:15.330,2541.0000,463716,6,0.0000,12.0000,9,3,多开,B,2541.0000,0.0000,0.0000,0.0000,0.0000,2542.0000,0.0000,0.0000,0.0000,0.0000,58,0,0,0,0,387,0,0,0,0
zc,WS301,2012-06-27 09:01:15.847,2541.0000,463716,0,0.0000,2.0000,1,1,多换,B,2541.0000,0.0000,0.0000,0.0000,0.0000,2542.0000,0.0000,0.0000,0.0000,0.0000,56,0,0,0,0,388,0,0,0,0
zc,WS301,2012-06-27 09:01:16.567,2541.0000,463716,0,0.0000,8.0000,4,4,多换,B,2541.0000,0.0000,0.0000,0.0000,0.0000,2542.0000,0.0000,0.0000,0.0000,0.0000,52,0,0,0,0,388,0,0,0,0
zc,WS301,2012-06-27 09:01:17.113,2541.0000,463716,0,0.0000,22.0000,11,11,多换,B,2541.0000,0.0000,0.0000,0.0000,0.0000,2542.0000,0.0000,0.0000,0.0000,0.0000,49,0,0,0,0,388,0,0,0,0
zc,WS301,2012-06-27 09:01:17.830,2541.0000,463730,14,0.0000,58.0000,36,22,多开,B,2541.0000,0.0000,0.0000,0.0000,0.0000,2542.0000,0.0000,0.0000,0.0000,0.0000,21,0,0,0,0,387,0,0,0,0
zc,WS301,2012-06-27 09:01:18.363,2541.0000,463750,20,0.0000,26.0000,23,3,多开,B,2541.0000,0.0000,0.0000,0.0000,0.0000,2542.0000,0.0000,0.0000,0.0000,0.0000,29,0,0,0,0,347,0,0,0,0
zc,WS301,2012-06-27 09:01:18.847,2541.0000,463750,0,0.0000,60.0000,30,30,多换,B,2540.0000,0.0000,0.0000,0.0000,0.0000,2541.0000,0.0000,0.0000,0.0000,0.0000,226,0,0,0,0,37,0,0,0,0
zc,WS301,2012-06-27 09:01:19.643,2541.0000,463750,0,0.0000,2.0000,1,1,多换,B,2540.0000,0.0000,0.0000,0.0000,0.0000,2541.0000,0.0000,0.0000,0.0000,0.0000,228,0,0,0,0,41,0,0,0,0
zc,WS301,2012-06-27 09:01:20.363,2541.0000,463750,0,0.0000,0.0000,0,0,多换,B,2540.0000,0.0000,0.0000,0.0000,0.0000,2541.0000,0.0000,0.0000,0.0000,0.0000,236,0,0,0,0,43,0,0,0,0
zc,WS301,2012-06-27 09:01:20.830,2541.0000,463752,2,0.0000,194.0000,98,96,多开,B,2540.0000,0.0000,0.0000,0.0000,0.0000,2541.0000,0.0000,0.0000,0.0000,0.0000,139,0,0,0,0,260,0,0,0,0
zc,WS301,2012-06-27 09:01:21.627,2541.0000,463758,6,0.0000,10.0000,8,2,多开,B,2540.0000,0.0000,0.0000,0.0000,0.0000,2541.0000,0.0000,0.0000,0.0000,0.0000,138,0,0,0,0,263,0,0,0,0
zc,WS301,2012-06-27 09:01:22.097,2541.0000,463760,2,0.0000,10.0000,6,4,多开,B,2540.0000,0.0000,0.0000,0.0000,0.0000,2541.0000,0.0000,0.0000,0.0000,0.0000,136,0,0,0,0,265,0,0,0,0
zc,WS301,2012-06-27 09:01:23.393,2540.0000,464006,246,0.0000,282.0000,264,18,空开,S,2539.0000,0.0000,0.0000,0.0000,0.0000,2540.0000,0.0000,0.0000,0.0000,0.0000,123,0,0,0,0,168,0,0,0,0
zc,WS301,2012-06-27 09:01:23.863,2540.0000,464008,2,0.0000,2.0000,2,0,双开,S,2539.0000,0.0000,0.0000,0.0000,0.0000,2540.0000,0.0000,0.0000,0.0000,0.0000,123,0,0,0,0,176,0,0,0,0
zc,WS301,2012-06-27 09:01:24.643,2540.0000,464012,4,0.0000,8.0000,6,2,空开,S,2539.0000,0.0000,0.0000,0.0000,0.0000,2540.0000,0.0000,0.0000,0.0000,0.0000,122,0,0,0,0,173,0,0,0,0
zc,WS301,2012-06-27 09:01:25.143,2539.0000,464008,-4,0.0000,4.0000,0,4,双平,S,2539.0000,0.0000,0.0000,0.0000,0.0000,2540.0000,0.0000,0.0000,0.0000,0.0000,120,0,0,0,0,173,0,0,0,0
zc,WS301,2012-06-27 09:01:25.847,2540.0000,464026,18,0.0000,22.0000,20,2,多开,B,2539.0000,0.0000,0.0000,0.0000,0.0000,2540.0000,0.0000,0.0000,0.0000,0.0000,119,0,0,0,0,20,0,0,0,0
zc,WS301,2012-06-27 09:01:26.643,2539.0000,464014,-12,0.0000,20.0000,4,16,多平,S,2539.0000,0.0000,0.0000,0.0000,0.0000,2540.0000,0.0000,0.0000,0.0000,0.0000,112,0,0,0,0,18,0,0,0,0
zc,WS301,2012-06-27 09:01:27.347,2539.0000,463854,-160,0.0000,200.0000,20,180,多平,S,2539.0000,0.0000,0.0000,0.0000,0.0000,2540.0000,0.0000,0.0000,0.0000,0.0000,24,0,0,0,0,48,0,0,0,0
zc,WS301,2012-06-27 09:01:28.627,2540.0000,463858,4,0.0000,124.0000,64,60,多开,B,2540.0000,0.0000,0.0000,0.0000,0.0000,2541.0000,0.0000,0.0000,0.0000,0.0000,42,0,0,0,0,346,0,0,0,0
zc,WS301,2012-06-27 09:01:29.363,2540.0000,463854,-4,0.0000,4.0000,0,4,双平,B,2540.0000,0.0000,0.0000,0.0000,0.0000,2541.0000,0.0000,0.0000,0.0000,0.0000,41,0,0,0,0,382,0,0,0,0
zc,WS301,2012-06-27 09:01:29.830,2540.0000,463850,-4,0.0000,20.0000,8,12,空平,B,2540.0000,0.0000,0.0000,0.0000,0.0000,2541.0000,0.0000,0.0000,0.0000,0.0000,34,0,0,0,0,382,0,0,0,0
zc,WS301,2012-06-27 09:01:30.550,2540.0000,463872,22,0.0000,82.0000,52,30,多开,B,2539.0000,0.0000,0.0000,0.0000,0.0000,2540.0000,0.0000,0.0000,0.0000,0.0000,17,0,0,0,0,110,0,0,0,0
zc,WS301,2012-06-27 09:01:31.097,2540.0000,463874,2,0.0000,2.0000,2,0,双开,B,2539.0000,0.0000,0.0000,0.0000,0.0000,2540.0000,0.0000,0.0000,0.0000,0.0000,19,0,0,0,0,158,0,0,0,0
zc,WS301,2012-06-27 09:01:31.910,2540.0000,463910,36,0.0000,36.0000,36,0,双开,B,2539.0000,0.0000,0.0000,0.0000,0.0000,2540.0000,0.0000,0.0000,0.0000,0.0000,13,0,0,0,0,155,0,0,0,0
zc,WS301,2012-06-27 09:01:32.613,2540.0000,463910,0,0.0000,0.0000,0,0,多换,B,2539.0000,0.0000,0.0000,0.0000,0.0000,2540.0000,0.0000,0.0000,0.0000,0.0000,13,0,0,0,0,157,0,0,0,0
zc,WS301,2012-06-27 09:01:33.113,2539.0000,463910,0,0.0000,8.0000,4,4,空换,S,2539.0000,0.0000,0.0000,0.0000,0.0000,2540.0000,0.0000,0.0000,0.0000,0.0000,11,0,0,0,0,157,0,0,0,0
zc,WS301,2012-06-27 09:01:33.893,2540.0000,463920,10,0.0000,10.0000,10,0,双开,B,2539.0000,0.0000,0.0000,0.0000,0.0000,2540.0000,0.0000,0.0000,0.0000,0.0000,11,0,0,0,0,157,0,0,0,0
zc,WS301,2012-06-27 09:01:34.330,2540.0000,463920,0,0.0000,0.0000,0,0,多换,B,2539.0000,0.0000,0.0000,0.0000,0.0000,2540.0000,0.0000,0.0000,0.0000,0.0000,11,0,0,0,0,187,0,0,0,0
zc,WS301,2012-06-27 09:01:35.113,2540.0000,463922,2,0.0000,2.0000,2,0,双开,B,2539.0000,0.0000,0.0000,0.0000,0.0000,2540.0000,0.0000,0.0000,0.0000,0.0000,11,0,0,0,0,187,0,0,0,0
zc,WS301,2012-06-27 09:01:35.627,2539.0000,463922,0,0.0000,8.0000,4,4,空换,S,2539.0000,0.0000,0.0000,0.0000,0.0000,2540.0000,0.0000,0.0000,0.0000,0.0000,12,0,0,0,0,239,0,0,0,0
zc,WS301,2012-06-27 09:01:36.410,2539.0000,463920,-2,0.0000,6.0000,2,4,多平,S,2539.0000,0.0000,0.0000,0.0000,0.0000,2540.0000,0.0000,0.0000,0.0000,0.0000,9,0,0,0,0,239,0,0,0,0
zc,WS301,2012-06-27 09:01:36.847,2539.0000,463918,-2,0.0000,8.0000,3,5,多平,S,2539.0000,0.0000,0.0000,0.0000,0.0000,2540.0000,0.0000,0.0000,0.0000,0.0000,7,0,0,0,0,239,0,0,0,0
zc,WS301,2012-06-27 09:01:37.580,2539.0000,463922,4,0.0000,14.0000,9,5,空开,S,2538.0000,0.0000,0.0000,0.0000,0.0000,2539.0000,0.0000,0.0000,0.0000,0.0000,86,0,0,0,0,5,0,0,0,0
zc,WS301,2012-06-27 09:01:38.067,2539.0000,463922,0,0.0000,0.0000,0,0,空换,S,2538.0000,0.0000,0.0000,0.0000,0.0000,2539.0000,0.0000,0.0000,0.0000,0.0000,86,0,0,0,0,10,0,0,0,0
zc,WS301,2012-06-27 09:01:38.893,2539.0000,463918,-4,0.0000,6.0000,1,5,多平,S,2538.0000,0.0000,0.0000,0.0000,0.0000,2539.0000,0.0000,0.0000,0.0000,0.0000,87,0,0,0,0,8,0,0,0,0
zc,WS301,2012-06-27 09:01:39.377,2539.0000,463918,0,0.0000,4.0000,2,2,空换,S,2538.0000,0.0000,0.0000,0.0000,0.0000,2539.0000,0.0000,0.0000,0.0000,0.0000,87,0,0,0,0,7,0,0,0,0
zc,WS301,2012-06-27 09:01:40.097,2539.0000,463900,-18,0.0000,20.0000,1,19,多平,S,2539.0000,0.0000,0.0000,0.0000,0.0000,2540.0000,0.0000,0.0000,0.0000,0.0000,12,0,0,0,0,210,0,0,0,0
zc,WS301,2012-06-27 09:01:40.613,2538.0000,463876,-24,0.0000,28.0000,2,26,多平,S,2538.0000,0.0000,0.0000,0.0000,0.0000,2540.0000,0.0000,0.0000,0.0000,0.0000,120,0,0,0,0,210,0,0,0,0
zc,WS301,2012-06-27 09:01:41.393,2538.0000,463876,0,0.0000,0.0000,0,0,空换,S,2538.0000,0.0000,0.0000,0.0000,0.0000,2540.0000,0.0000,0.0000,0.0000,0.0000,127,0,0,0,0,240,0,0,0,0
zc,WS301,2012-06-27 09:01:41.877,2540.0000,463884,8,0.0000,8.0000,8,0,双开,B,2538.0000,0.0000,0.0000,0.0000,0.0000,2540.0000,0.0000,0.0000,0.0000,0.0000,127,0,0,0,0,236,0,0,0,0
zc,WS301,2012-06-27 09:01:42.377,2540.0000,463884,0,0.0000,2.0000,1,1,多换,B,2539.0000,0.0000,0.0000,0.0000,0.0000,2540.0000,0.0000,0.0000,0.0000,0.0000,26,0,0,0,0,233,0,0,0,0
zc,WS301,2012-06-27 09:01:43.127,2539.0000,463884,0,0.0000,4.0000,2,2,空换,S,2539.0000,0.0000,0.0000,0.0000,0.0000,2540.0000,0.0000,0.0000,0.0000,0.0000,24,0,0,0,0,236,0,0,0,0
zc,WS301,2012-06-27 09:01:44.330,2539.0000,463884,0,0.0000,2.0000,1,1,空换,S,2539.0000,0.0000,0.0000,0.0000,0.0000,2540.0000,0.0000,0.0000,0.0000,0.0000,23,0,0,0,0,236,0,0,0,0
zc,WS301,2012-06-27 09:01:44.847,2539.0000,463886,2,0.0000,24.0000,13,11,空开,S,2539.0000,0.0000,0.0000,0.0000,0.0000,2540.0000,0.0000,0.0000,0.0000,0.0000,25,0,0,0,0,236,0,0,0,0
zc,WS301,2012-06-27 09:01:45.613,2539.0000,463886,0,0.0000,0.0000,0,0,空换,S,2539.0000,0.0000,0.0000,0.0000,0.0000,2540.0000,0.0000,0.0000,0.0000,0.0000,25,0,0,0,0,235,0,0,0,0
zc,WS301,2012-06-27 09:01:46.050,2539.0000,463894,8,0.0000,10.0000,9,1,空开,S,2539.0000,0.0000,0.0000,0.0000,0.0000,2540.0000,0.0000,0.0000,0.0000,0.0000,20,0,0,0,0,235,0,0,0,0
zc,WS301,2012-06-27 09:01:46.817,2539.0000,463896,2,0.0000,4.0000,3,1,空开,S,2539.0000,0.0000,0.0000,0.0000,0.0000,2540.0000,0.0000,0.0000,0.0000,0.0000,25,0,0,0,0,240,0,0,0,0
zc,WS301,2012-06-27 09:01:47.097,2539.0000,463882,-14,0.0000,40.0000,13,27,多平,S,2538.0000,0.0000,0.0000,0.0000,0.0000,2539.0000,0.0000,0.0000,0.0000,0.0000,132,0,0,0,0,54,0,0,0,0
zc,WS301,2012-06-27 09:01:47.847,2539.0000,463882,0,0.0000,0.0000,0,0,空换,S,2538.0000,0.0000,0.0000,0.0000,0.0000,2539.0000,0.0000,0.0000,0.0000,0.0000,133,0,0,0,0,58,0,0,0,0
zc,WS301,2012-06-27 09:01:48.643,2539.0000,463882,0,0.0000,0.0000,0,0,空换,S,2538.0000,0.0000,0.0000,0.0000,0.0000,2539.0000,0.0000,0.0000,0.0000,0.0000,131,0,0,0,0,58,0,0,0,0
zc,WS301,2012-06-27 09:01:49.080,2539.0000,463882,0,0.0000,0.0000,0,0,空换,S,2538.0000,0.0000,0.0000,0.0000,0.0000,2539.0000,0.0000,0.0000,0.0000,0.0000,161,0,0,0,0,58,0,0,0,0
zc,WS301,2012-06-27 09:01:49.597,2539.0000,463882,0,0.0000,2.0000,1,1,空换,S,2538.0000,0.0000,0.0000,0.0000,0.0000,2539.0000,0.0000,0.0000,0.0000,0.0000,170,0,0,0,0,101,0,0,0,0
zc,WS301,2012-06-27 09:01:50.363,2539.0000,463882,0,0.0000,4.0000,2,2,空换,S,2538.0000,0.0000,0.0000,0.0000,0.0000,2539.0000,0.0000,0.0000,0.0000,0.0000,173,0,0,0,0,104,0,0,0,0
zc,WS301,2012-06-27 09:01:51.580,2539.0000,463882,0,0.0000,2.0000,1,1,空换,S,2538.0000,0.0000,0.0000,0.0000,0.0000,2539.0000,0.0000,0.0000,0.0000,0.0000,173,0,0,0,0,103,0,0,0,0
zc,WS301,2012-06-27 09:01:52.113,2539.0000,463882,0,0.0000,0.0000,0,0,空换,S,2538.0000,0.0000,0.0000,0.0000,0.0000,2539.0000,0.0000,0.0000,0.0000,0.0000,173,0,0,0,0,119,0,0,0,0
zc,WS301,2012-06-27 09:01:52.613,2539.0000,463876,-6,0.0000,6.0000,0,6,双平,S,2538.0000,0.0000,0.0000,0.0000,0.0000,2539.0000,0.0000,0.0000,0.0000,0.0000,173,0,0,0,0,119,0,0,0,0
zc,WS301,2012-06-27 09:01:53.317,2539.0000,463876,0,0.0000,6.0000,3,3,空换,S,2538.0000,0.0000,0.0000,0.0000,0.0000,2539.0000,0.0000,0.0000,0.0000,0.0000,171,0,0,0,0,118,0,0,0,0
zc,WS301,2012-06-27 09:01:53.800,2539.0000,463876,0,0.0000,16.0000,8,8,空换,S,2538.0000,0.0000,0.0000,0.0000,0.0000,2539.0000,0.0000,0.0000,0.0000,0.0000,164,0,0,0,0,126,0,0,0,0
zc,WS301,2012-06-27 09:01:54.567,2538.0000,463876,0,0.0000,2.0000,1,1,空换,S,2538.0000,0.0000,0.0000,0.0000,0.0000,2539.0000,0.0000,0.0000,0.0000,0.0000,163,0,0,0,0,137,0,0,0,0
zc,WS301,2012-06-27 09:01:55.127,2538.0000,463876,0,0.0000,2.0000,1,1,空换,S,2538.0000,0.0000,0.0000,0.0000,0.0000,2539.0000,0.0000,0.0000,0.0000,0.0000,162,0,0,0,0,139,0,0,0,0
zc,WS301,2012-06-27 09:01:55.893,2538.0000,463876,0,0.0000,4.0000,2,2,空换,S,2538.0000,0.0000,0.0000,0.0000,0.0000,2539.0000,0.0000,0.0000,0.0000,0.0000,160,0,0,0,0,137,0,0,0,0
zc,WS301,2012-06-27 09:01:56.317,2538.0000,463886,10,0.0000,22.0000,16,6,空开,S,2538.0000,0.0000,0.0000,0.0000,0.0000,2539.0000,0.0000,0.0000,0.0000,0.0000,139,0,0,0,0,137,0,0,0,0
zc,WS301,2012-06-27 09:01:56.830,2538.0000,463886,0,0.0000,0.0000,0,0,空换,S,2538.0000,0.0000,0.0000,0.0000,0.0000,2539.0000,0.0000,0.0000,0.0000,0.0000,155,0,0,0,0,138,0,0,0,0
zc,WS301,2012-06-27 09:01:57.330,2538.0000,463886,0,0.0000,0.0000,0,0,空换,S,2538.0000,0.0000,0.0000,0.0000,0.0000,2539.0000,0.0000,0.0000,0.0000,0.0000,155,0,0,0,0,134,0,0,0,0
zc,WS301,2012-06-27 09:01:58.330,2538.0000,463886,0,0.0000,0.0000,0,0,空换,S,2538.0000,0.0000,0.0000,0.0000,0.0000,2539.0000,0.0000,0.0000,0.0000,0.0000,156,0,0,0,0,128,0,0,0,0
zc,WS301,2012-06-27 09:01:58.847,2539.0000,463882,-4,0.0000,4.0000,0,4,双平,B,2538.0000,0.0000,0.0000,0.0000,0.0000,2539.0000,0.0000,0.0000,0.0000,0.0000,157,0,0,0,0,126,0,0,0,0
zc,WS301,2012-06-27 09:01:59.363,2538.0000,463884,2,0.0000,2.0000,2,0,双开,S,2538.0000,0.0000,0.0000,0.0000,0.0000,2539.0000,0.0000,0.0000,0.0000,0.0000,156,0,0,0,0,126,0,0,0,0
zc,WS301,2012-06-27 09:02:00.080,2538.0000,463884,0,0.0000,4.0000,2,2,空换,S,2538.0000,0.0000,0.0000,0.0000,0.0000,2539.0000,0.0000,0.0000,0.0000,0.0000,154,0,0,0,0,126,0,0,0,0
zc,WS301,2012-06-27 09:02:01.363,2538.0000,463886,2,0.0000,2.0000,2,0,双开,S,2538.0000,0.0000,0.0000,0.0000,0.0000,2539.0000,0.0000,0.0000,0.0000,0.0000,153,0,0,0,0,134,0,0,0,0
zc,WS301,2012-06-27 09:02:01.893,2538.0000,463888,2,0.0000,2.0000,2,0,双开,S,2538.0000,0.0000,0.0000,0.0000,0.0000,2539.0000,0.0000,0.0000,0.0000,0.0000,159,0,0,0,0,134,0,0,0,0
zc,WS301,2012-06-27 09:02:02.597,2538.0000,463888,0,0.0000,8.0000,4,4,空换,S,2538.0000,0.0000,0.0000,0.0000,0.0000,2539.0000,0.0000,0.0000,0.0000,0.0000,155,0,0,0,0,134,0,0,0,0
zc,WS301,2012-06-27 09:02:03.580,2538.0000,463888,0,0.0000,0.0000,0,0,空换,S,2538.0000,0.0000,0.0000,0.0000,0.0000,2539.0000,0.0000,0.0000,0.0000,0.0000,154,0,0,0,0,136,0,0,0,0
zc,WS301,2012-06-27 09:02:04.097,2539.0000,463886,-2,0.0000,2.0000,0,2,双平,B,2538.0000,0.0000,0.0000,0.0000,0.0000,2539.0000,0.0000,0.0000,0.0000,0.0000,154,0,0,0,0,134,0,0,0,0
zc,WS301,2012-06-27 09:02:04.847,2539.0000,463886,0,0.0000,2.0000,1,1,多换,B,2538.0000,0.0000,0.0000,0.0000,0.0000,2539.0000,0.0000,0.0000,0.0000,0.0000,155,0,0,0,0,233,0,0,0,0
zc,WS301,2012-06-27 09:02:05.363,2539.0000,463886,0,0.0000,0.0000,0,0,多换,B,2538.0000,0.0000,0.0000,0.0000,0.0000,2539.0000,0.0000,0.0000,0.0000,0.0000,156,0,0,0,0,238,0,0,0,0
zc,WS301,2012-06-27 09:02:05.830,2538.0000,463888,2,0.0000,70.0000,36,34,空开,S,2538.0000,0.0000,0.0000,0.0000,0.0000,2539.0000,0.0000,0.0000,0.0000,0.0000,152,0,0,0,0,207,0,0,0,0
zc,WS301,2012-06-27 09:02:07.097,2539.0000,463890,2,0.0000,2.0000,2,0,双开,B,2538.0000,0.0000,0.0000,0.0000,0.0000,2539.0000,0.0000,0.0000,0.0000,0.0000,152,0,0,0,0,206,0,0,0,0
zc,WS301,2012-06-27 09:02:07.830,2539.0000,463890,0,0.0000,0.0000,0,0,多换,B,2538.0000,0.0000,0.0000,0.0000,0.0000,2539.0000,0.0000,0.0000,0.0000,0.0000,154,0,0,0,0,206,0,0,0,0
zc,WS301,2012-06-27 09:02:08.080,2538.0000,463890,0,0.0000,10.0000,5,5,空换,S,2538.0000,0.0000,0.0000,0.0000,0.0000,2539.0000,0.0000,0.0000,0.0000,0.0000,149,0,0,0,0,211,0,0,0,0
zc,WS301,2012-06-27 09:02:08.863,2539.0000,463898,8,0.0000,14.0000,11,3,多开,B,2538.0000,0.0000,0.0000,0.0000,0.0000,2539.0000,0.0000,0.0000,0.0000,0.0000,149,0,0,0,0,204,0,0,0,0
zc,WS301,2012-06-27 09:02:09.363,2538.0000,463898,0,0.0000,12.0000,6,6,空换,S,2538.0000,0.0000,0.0000,0.0000,0.0000,2539.0000,0.0000,0.0000,0.0000,0.0000,143,0,0,0,0,204,0,0,0,0
zc,WS301,2012-06-27 09:02:10.097,2538.0000,463910,12,0.0000,14.0000,13,1,空开,S,2538.0000,0.0000,0.0000,0.0000,0.0000,2539.0000,0.0000,0.0000,0.0000,0.0000,136,0,0,0,0,204,0,0,0,0
zc,WS301,2012-06-27 09:02:10.597,2538.0000,463918,8,0.0000,10.0000,9,1,空开,S,2538.0000,0.0000,0.0000,0.0000,0.0000,2539.0000,0.0000,0.0000,0.0000,0.0000,136,0,0,0,0,204,0,0,0,0
zc,WS301,2012-06-27 09:02:11.377,2538.0000,463774,-144,0.0000,286.0000,71,215,多平,S,2537.0000,0.0000,0.0000,0.0000,0.0000,2538.0000,0.0000,0.0000,0.0000,0.0000,103,0,0,0,0,62,0,0,0,0
zc,WS301,2012-06-27 09:02:11.910,2538.0000,463774,0,0.0000,12.0000,6,6,空换,S,2537.0000,0.0000,0.0000,0.0000,0.0000,2538.0000,0.0000,0.0000,0.0000,0.0000,98,0,0,0,0,56,0,0,0,0
zc,WS301,2012-06-27 09:02:12.597,2538.0000,463782,8,0.0000,22.0000,15,7,空开,S,2537.0000,0.0000,0.0000,0.0000,0.0000,2538.0000,0.0000,0.0000,0.0000,0.0000,97,0,0,0,0,65,0,0,0,0
zc,WS301,2012-06-27 09:02:13.067,2538.0000,463782,0,0.0000,10.0000,5,5,空换,S,2537.0000,0.0000,0.0000,0.0000,0.0000,2538.0000,0.0000,0.0000,0.0000,0.0000,95,0,0,0,0,62,0,0,0,0
zc,WS301,2012-06-27 09:02:14.330,2537.0000,463776,-6,0.0000,6.0000,0,6,双平,S,2537.0000,0.0000,0.0000,0.0000,0.0000,2538.0000,0.0000,0.0000,0.0000,0.0000,96,0,0,0,0,61,0,0,0,0
zc,WS301,2012-06-27 09:02:14.863,2538.0000,463776,0,0.0000,4.0000,2,2,多换,B,2537.0000,0.0000,0.0000,0.0000,0.0000,2538.0000,0.0000,0.0000,0.0000,0.0000,96,0,0,0,0,59,0,0,0,0
zc,WS301,2012-06-27 09:02:15.597,2538.0000,463776,0,0.0000,4.0000,2,2,多换,B,2537.0000,0.0000,0.0000,0.0000,0.0000,2538.0000,0.0000,0.0000,0.0000,0.0000,95,0,0,0,0,63,0,0,0,0
zc,WS301,2012-06-27 09:02:15.847,2538.0000,463772,-4,0.0000,4.0000,0,4,双平,B,2537.0000,0.0000,0.0000,0.0000,0.0000,2538.0000,0.0000,0.0000,0.0000,0.0000,97,0,0,0,0,61,0,0,0,0
zc,WS301,2012-06-27 09:02:16.643,2538.0000,463764,-8,0.0000,8.0000,0,8,双平,B,2537.0000,0.0000,0.0000,0.0000,0.0000,2538.0000,0.0000,0.0000,0.0000,0.0000,95,0,0,0,0,57,0,0,0,0
zc,WS301,2012-06-27 09:02:17.113,2538.0000,463652,-112,0.0000,114.0000,1,113,空平,B,2538.0000,0.0000,0.0000,0.0000,0.0000,2539.0000,0.0000,0.0000,0.0000,0.0000,7,0,0,0,0,203,0,0,0,0
zc,WS301,2012-06-27 09:02:17.863,2538.0000,463640,-12,0.0000,16.0000,2,14,空平,B,2538.0000,0.0000,0.0000,0.0000,0.0000,2539.0000,0.0000,0.0000,0.0000,0.0000,3,0,0,0,0,203,0,0,0,0
zc,WS301,2012-06-27 09:02:18.330,2538.0000,463640,0,0.0000,0.0000,0,0,多换,B,2538.0000,0.0000,0.0000,0.0000,0.0000,2539.0000,0.0000,0.0000,0.0000,0.0000,8,0,0,0,0,203,0,0,0,0
zc,WS301,2012-06-27 09:02:18.847,2538.0000,463640,0,0.0000,0.0000,0,0,多换,B,2538.0000,0.0000,0.0000,0.0000,0.0000,2539.0000,0.0000,0.0000,0.0000,0.0000,16,0,0,0,0,203,0,0,0,0
zc,WS301,2012-06-27 09:02:19.597,2537.0000,463650,10,0.0000,40.0000,25,15,空开,S,2537.0000,0.0000,0.0000,0.0000,0.0000,2538.0000,0.0000,0.0000,0.0000,0.0000,156,0,0,0,0,9,0,0,0,0
zc,WS301,2012-06-27 09:02:19.817,2538.0000,463650,0,0.0000,2.0000,1,1,多换,B,2537.0000,0.0000,0.0000,0.0000,0.0000,2538.0000,0.0000,0.0000,0.0000,0.0000,159,0,0,0,0,8,0,0,0,0
zc,WS301,2012-06-27 09:02:20.627,2538.0000,463666,16,0.0000,16.0000,16,0,双开,B,2538.0000,0.0000,0.0000,0.0000,0.0000,2539.0000,0.0000,0.0000,0.0000,0.0000,8,0,0,0,0,203,0,0,0,0
zc,WS301,2012-06-27 09:02:21.097,2538.0000,463666,0,0.0000,6.0000,3,3,多换,B,2538.0000,0.0000,0.0000,0.0000,0.0000,2539.0000,0.0000,0.0000,0.0000,0.0000,5,0,0,0,0,203,0,0,0,0
zc,WS301,2012-06-27 09:02:22.330,2538.0000,463666,0,0.0000,0.0000,0,0,多换,B,2538.0000,0.0000,0.0000,0.0000,0.0000,2539.0000,0.0000,0.0000,0.0000,0.0000,20,0,0,0,0,203,0,0,0,0
zc,WS301,2012-06-27 09:02:22.863,2538.0000,463668,2,0.0000,4.0000,3,1,多开,B,2538.0000,0.0000,0.0000,0.0000,0.0000,2539.0000,0.0000,0.0000,0.0000,0.0000,18,0,0,0,0,203,0,0,0,0
zc,WS301,2012-06-27 09:02:23.567,2538.0000,463668,0,0.0000,0.0000,0,0,多换,B,2538.0000,0.0000,0.0000,0.0000,0.0000,2539.0000,0.0000,0.0000,0.0000,0.0000,20,0,0,0,0,203,0,0,0,0
zc,WS301,2012-06-27 09:02:24.113,2538.0000,463668,0,0.0000,2.0000,1,1,多换,B,2538.0000,0.0000,0.0000,0.0000,0.0000,2539.0000,0.0000,0.0000,0.0000,0.0000,24,0,0,0,0,202,0,0,0,0
zc,WS301,2012-06-27 09:02:24.800,2538.0000,463668,0,0.0000,2.0000,1,1,多换,B,2538.0000,0.0000,0.0000,0.0000,0.0000,2539.0000,0.0000,0.0000,0.0000,0.0000,29,0,0,0,0,202,0,0,0,0
zc,WS301,2012-06-27 09:02:25.347,2538.0000,463630,-38,0.0000,58.0000,10,48,空平,B,2537.0000,0.0000,0.0000,0.0000,0.0000,2538.0000,0.0000,0.0000,0.0000,0.0000,164,0,0,0,0,31,0,0,0,0
zc,WS301,2012-06-27 09:02:25.830,2538.0000,463630,0,0.0000,0.0000,0,0,多换,B,2537.0000,0.0000,0.0000,0.0000,0.0000,2538.0000,0.0000,0.0000,0.0000,0.0000,164,0,0,0,0,54,0,0,0,0
zc,WS301,2012-06-27 09:02:26.363,2538.0000,463630,0,0.0000,4.0000,2,2,多换,B,2537.0000,0.0000,0.0000,0.0000,0.0000,2538.0000,0.0000,0.0000,0.0000,0.0000,164,0,0,0,0,53,0,0,0,0
zc,WS301,2012-06-27 09:02:27.080,2538.0000,463630,0,0.0000,2.0000,1,1,多换,B,2537.0000,0.0000,0.0000,0.0000,0.0000,2538.0000,0.0000,0.0000,0.0000,0.0000,165,0,0,0,0,63,0,0,0,0
zc,WS301,2012-06-27 09:02:27.627,2538.0000,463630,0,0.0000,10.0000,5,5,多换,B,2537.0000,0.0000,0.0000,0.0000,0.0000,2538.0000,0.0000,0.0000,0.0000,0.0000,164,0,0,0,0,73,0,0,0,0
zc,WS301,2012-06-27 09:02:28.783,2538.0000,463630,0,0.0000,0.0000,0,0,多换,B,2537.0000,0.0000,0.0000,0.0000,0.0000,2538.0000,0.0000,0.0000,0.0000,0.0000,162,0,0,0,0,74,0,0,0,0
zc,WS301,2012-06-27 09:02:29.330,2539.0000,463778,148,0.0000,614.0000,381,233,多开,B,2539.0000,0.0000,0.0000,0.0000,0.0000,2540.0000,0.0000,0.0000,0.0000,0.0000,193,0,0,0,0,147,0,0,0,0
zc,WS301,2012-06-27 09:02:30.080,2539.0000,463778,0,0.0000,4.0000,2,2,多换,B,2539.0000,0.0000,0.0000,0.0000,0.0000,2540.0000,0.0000,0.0000,0.0000,0.0000,191,0,0,0,0,147,0,0,0,0
zc,WS301,2012-06-27 09:02:30.580,2540.0000,463782,4,0.0000,4.0000,4,0,双开,B,2539.0000,0.0000,0.0000,0.0000,0.0000,2540.0000,0.0000,0.0000,0.0000,0.0000,191,0,0,0,0,144,0,0,0,0
zc,WS301,2012-06-27 09:02:31.080,2539.0000,463784,2,0.0000,176.0000,89,87,空开,S,2539.0000,0.0000,0.0000,0.0000,0.0000,2540.0000,0.0000,0.0000,0.0000,0.0000,103,0,0,0,0,144,0,0,0,0
zc,WS301,2012-06-27 09:02:32.817,2539.0000,463784,0,0.0000,6.0000,3,3,空换,S,2539.0000,0.0000,0.0000,0.0000,0.0000,2540.0000,0.0000,0.0000,0.0000,0.0000,105,0,0,0,0,160,0,0,0,0
zc,WS301,2012-06-27 09:02:33.330,2540.0000,463828,44,0.0000,60.0000,52,8,多开,B,2539.0000,0.0000,0.0000,0.0000,0.0000,2540.0000,0.0000,0.0000,0.0000,0.0000,105,0,0,0,0,130,0,0,0,0
zc,WS301,2012-06-27 09:02:34.067,2540.0000,463828,0,0.0000,0.0000,0,0,多换,B,2539.0000,0.0000,0.0000,0.0000,0.0000,2540.0000,0.0000,0.0000,0.0000,0.0000,115,0,0,0,0,129,0,0,0,0
zc,WS301,2012-06-27 09:02:35.080,2540.0000,463828,0,0.0000,0.0000,0,0,多换,B,2539.0000,0.0000,0.0000,0.0000,0.0000,2540.0000,0.0000,0.0000,0.0000,0.0000,105,0,0,0,0,129,0,0,0,0
zc,WS301,2012-06-27 09:02:36.317,2540.0000,463828,0,0.0000,0.0000,0,0,多换,B,2539.0000,0.0000,0.0000,0.0000,0.0000,2540.0000,0.0000,0.0000,0.0000,0.0000,116,0,0,0,0,129,0,0,0,0
zc,WS301,2012-06-27 09:02:36.817,2540.0000,463828,0,0.0000,20.0000,10,10,多换,B,2539.0000,0.0000,0.0000,0.0000,0.0000,2540.0000,0.0000,0.0000,0.0000,0.0000,116,0,0,0,0,120,0,0,0,0
zc,WS301,2012-06-27 09:02:37.300,2540.0000,463828,0,0.0000,0.0000,0,0,多换,B,2539.0000,0.0000,0.0000,0.0000,0.0000,2540.0000,0.0000,0.0000,0.0000,0.0000,116,0,0,0,0,119,0,0,0,0
zc,WS301,2012-06-27 09:02:38.050,2539.0000,463828,0,0.0000,26.0000,13,13,空换,S,2539.0000,0.0000,0.0000,0.0000,0.0000,2540.0000,0.0000,0.0000,0.0000,0.0000,121,0,0,0,0,109,0,0,0,0
zc,WS301,2012-06-27 09:02:38.550,2539.0000,463828,0,0.0000,0.0000,0,0,空换,S,2539.0000,0.0000,0.0000,0.0000,0.0000,2540.0000,0.0000,0.0000,0.0000,0.0000,121,0,0,0,0,110,0,0,0,0
zc,WS301,2012-06-27 09:02:39.097,2539.0000,463828,0,0.0000,20.0000,10,10,空换,S,2539.0000,0.0000,0.0000,0.0000,0.0000,2540.0000,0.0000,0.0000,0.0000,0.0000,111,0,0,0,0,110,0,0,0,0
zc,WS301,2012-06-27 09:02:40.283,2539.0000,463828,0,0.0000,0.0000,0,0,空换,S,2539.0000,0.0000,0.0000,0.0000,0.0000,2540.0000,0.0000,0.0000,0.0000,0.0000,111,0,0,0,0,107,0,0,0,0
zc,WS301,2012-06-27 09:02:40.863,2539.0000,463828,0,0.0000,0.0000,0,0,空换,S,2539.0000,0.0000,0.0000,0.0000,0.0000,2540.0000,0.0000,0.0000,0.0000,0.0000,122,0,0,0,0,108,0,0,0,0
zc,WS301,2012-06-27 09:02:41.377,2539.0000,463832,4,0.0000,4.0000,4,0,双开,S,2539.0000,0.0000,0.0000,0.0000,0.0000,2540.0000,0.0000,0.0000,0.0000,0.0000,120,0,0,0,0,113,0,0,0,0
zc,WS301,2012-06-27 09:02:42.160,2540.0000,463832,0,0.0000,64.0000,32,32,多换,B,2539.0000,0.0000,0.0000,0.0000,0.0000,2540.0000,0.0000,0.0000,0.0000,0.0000,165,0,0,0,0,81,0,0,0,0
zc,WS301,2012-06-27 09:02:42.580,2540.0000,463832,0,0.0000,22.0000,11,11,多换,B,2539.0000,0.0000,0.0000,0.0000,0.0000,2540.0000,0.0000,0.0000,0.0000,0.0000,165,0,0,0,0,70,0,0,0,0
zc,WS301,2012-06-27 09:02:43.067,2540.0000,463832,0,0.0000,10.0000,5,5,多换,B,2539.0000,0.0000,0.0000,0.0000,0.0000,2540.0000,0.0000,0.0000,0.0000,0.0000,166,0,0,0,0,65,0,0,0,0
zc,WS301,2012-06-27 09:02:43.580,2540.0000,463832,0,0.0000,6.0000,3,3,多换,B,2539.0000,0.0000,0.0000,0.0000,0.0000,2540.0000,0.0000,0.0000,0.0000,0.0000,166,0,0,0,0,162,0,0,0,0
zc,WS301,2012-06-27 09:02:44.347,2540.0000,463832,0,0.0000,4.0000,2,2,多换,B,2539.0000,0.0000,0.0000,0.0000,0.0000,2540.0000,0.0000,0.0000,0.0000,0.0000,166,0,0,0,0,164,0,0,0,0
zc,WS301,2012-06-27 09:02:44.817,2540.0000,463832,0,0.0000,2.0000,1,1,多换,B,2539.0000,0.0000,0.0000,0.0000,0.0000,2540.0000,0.0000,0.0000,0.0000,0.0000,166,0,0,0,0,163,0,0,0,0
zc,WS301,2012-06-27 09:02:46.143,2540.0000,463832,0,0.0000,0.0000,0,0,多换,B,2539.0000,0.0000,0.0000,0.0000,0.0000,2540.0000,0.0000,0.0000,0.0000,0.0000,198,0,0,0,0,165,0,0,0,0
zc,WS301,2012-06-27 09:02:46.580,2540.0000,463832,0,0.0000,0.0000,0,0,多换,B,2539.0000,0.0000,0.0000,0.0000,0.0000,2540.0000,0.0000,0.0000,0.0000,0.0000,198,0,0,0,0,160,0,0,0,0
zc,WS301,2012-06-27 09:02:47.347,2540.0000,463832,0,0.0000,0.0000,0,0,多换,B,2539.0000,0.0000,0.0000,0.0000,0.0000,2540.0000,0.0000,0.0000,0.0000,0.0000,198,0,0,0,0,161,0,0,0,0
zc,WS301,2012-06-27 09:02:47.597,2540.0000,463832,0,0.0000,2.0000,1,1,多换,B,2539.0000,0.0000,0.0000,0.0000,0.0000,2540.0000,0.0000,0.0000,0.0000,0.0000,199,0,0,0,0,160,0,0,0,0
zc,WS301,2012-06-27 09:02:48.377,2540.0000,463832,0,0.0000,0.0000,0,0,多换,B,2539.0000,0.0000,0.0000,0.0000,0.0000,2540.0000,0.0000,0.0000,0.0000,0.0000,199,0,0,0,0,161,0,0,0,0
zc,WS301,2012-06-27 09:02:49.893,2540.0000,463832,0,0.0000,12.0000,6,6,多换,B,2539.0000,0.0000,0.0000,0.0000,0.0000,2540.0000,0.0000,0.0000,0.0000,0.0000,199,0,0,0,0,167,0,0,0,0
zc,WS301,2012-06-27 09:02:50.690,2540.0000,463832,0,0.0000,2.0000,1,1,多换,B,2539.0000,0.0000,0.0000,0.0000,0.0000,2540.0000,0.0000,0.0000,0.0000,0.0000,198,0,0,0,0,166,0,0,0,0
zc,WS301,2012-06-27 09:02:51.347,2540.0000,463832,0,0.0000,2.0000,1,1,多换,B,2539.0000,0.0000,0.0000,0.0000,0.0000,2540.0000,0.0000,0.0000,0.0000,0.0000,198,0,0,0,0,165,0,0,0,0
zc,WS301,2012-06-27 09:02:52.363,2540.0000,463832,0,0.0000,10.0000,5,5,多换,B,2539.0000,0.0000,0.0000,0.0000,0.0000,2540.0000,0.0000,0.0000,0.0000,0.0000,198,0,0,0,0,160,0,0,0,0
zc,WS301,2012-06-27 09:02:53.113,2540.0000,463832,0,0.0000,10.0000,5,5,多换,B,2539.0000,0.0000,0.0000,0.0000,0.0000,2540.0000,0.0000,0.0000,0.0000,0.0000,198,0,0,0,0,157,0,0,0,0
zc,WS301,2012-06-27 09:02:53.597,2539.0000,463832,0,0.0000,4.0000,2,2,空换,S,2539.0000,0.0000,0.0000,0.0000,0.0000,2540.0000,0.0000,0.0000,0.0000,0.0000,197,0,0,0,0,156,0,0,0,0
zc,WS301,2012-06-27 09:02:54.113,2539.0000,463838,6,0.0000,6.0000,6,0,双开,S,2539.0000,0.0000,0.0000,0.0000,0.0000,2540.0000,0.0000,0.0000,0.0000,0.0000,194,0,0,0,0,159,0,0,0,0
zc,WS301,2012-06-27 09:02:54.863,2539.0000,463838,0,0.0000,0.0000,0,0,空换,S,2539.0000,0.0000,0.0000,0.0000,0.0000,2540.0000,0.0000,0.0000,0.0000,0.0000,192,0,0,0,0,160,0,0,0,0
zc,WS301,2012-06-27 09:02:55.800,2539.0000,463838,0,0.0000,0.0000,0,0,空换,S,2539.0000,0.0000,0.0000,0.0000,0.0000,2540.0000,0.0000,0.0000,0.0000,0.0000,192,0,0,0,0,159,0,0,0,0
zc,WS301,2012-06-27 09:02:56.597,2540.0000,463838,0,0.0000,2.0000,1,1,多换,B,2539.0000,0.0000,0.0000,0.0000,0.0000,2540.0000,0.0000,0.0000,0.0000,0.0000,192,0,0,0,0,158,0,0,0,0
zc,WS301,2012-06-27 09:02:57.113,2540.0000,463838,0,0.0000,2.0000,1,1,多换,B,2539.0000,0.0000,0.0000,0.0000,0.0000,2540.0000,0.0000,0.0000,0.0000,0.0000,192,0,0,0,0,158,0,0,0,0
zc,WS301,2012-06-27 09:02:57.580,2540.0000,463838,0,0.0000,2.0000,1,1,多换,B,2539.0000,0.0000,0.0000,0.0000,0.0000,2540.0000,0.0000,0.0000,0.0000,0.0000,192,0,0,0,0,157,0,0,0,0
zc,WS301,2012-06-27 09:02:58.330,2540.0000,463838,0,0.0000,0.0000,0,0,多换,B,2539.0000,0.0000,0.0000,0.0000,0.0000,2540.0000,0.0000,0.0000,0.0000,0.0000,198,0,0,0,0,157,0,0,0,0
zc,WS301,2012-06-27 09:02:59.067,2540.0000,463838,0,0.0000,2.0000,1,1,多换,B,2539.0000,0.0000,0.0000,0.0000,0.0000,2540.0000,0.0000,0.0000,0.0000,0.0000,199,0,0,0,0,164,0,0,0,0
zc,WS301,2012-06-27 09:02:59.300,2540.0000,463838,0,0.0000,0.0000,0,0,多换,B,2539.0000,0.0000,0.0000,0.0000,0.0000,2540.0000,0.0000,0.0000,0.0000,0.0000,201,0,0,0,0,165,0,0,0,0
zc,WS301,2012-06-27 09:03:00.050,2540.0000,463838,0,0.0000,4.0000,2,2,多换,B,2539.0000,0.0000,0.0000,0.0000,0.0000,2540.0000,0.0000,0.0000,0.0000,0.0000,231,0,0,0,0,163,0,0,0,0
zc,WS301,2012-06-27 09:03:00.347,2540.0000,463838,0,0.0000,0.0000,0,0,多换,B,2539.0000,0.0000,0.0000,0.0000,0.0000,2540.0000,0.0000,0.0000,0.0000,0.0000,232,0,0,0,0,163,0,0,0,0
zc,WS301,2012-06-27 09:03:01.050,2540.0000,463838,0,0.0000,0.0000,0,0,多换,B,2539.0000,0.0000,0.0000,0.0000,0.0000,2540.0000,0.0000,0.0000,0.0000,0.0000,233,0,0,0,0,163,0,0,0,0
zc,WS301,2012-06-27 09:03:02.300,2540.0000,463838,0,0.0000,10.0000,5,5,多换,B,2539.0000,0.0000,0.0000,0.0000,0.0000,2540.0000,0.0000,0.0000,0.0000,0.0000,243,0,0,0,0,158,0,0,0,0
zc,WS301,2012-06-27 09:03:02.847,2540.0000,463540,-298,0.0000,306.0000,4,302,空平,B,2539.0000,0.0000,0.0000,0.0000,0.0000,2540.0000,0.0000,0.0000,0.0000,0.0000,258,0,0,0,0,5,0,0,0,0
zc,WS301,2012-06-27 09:03:04.330,2540.0000,463532,-8,0.0000,10.0000,1,9,空平,B,2540.0000,0.0000,0.0000,0.0000,0.0000,2541.0000,0.0000,0.0000,0.0000,0.0000,77,0,0,0,0,321,0,0,0,0
zc,WS301,2012-06-27 09:03:04.580,2541.0000,463530,-2,0.0000,4.0000,1,3,空平,B,2540.0000,0.0000,0.0000,0.0000,0.0000,2541.0000,0.0000,0.0000,0.0000,0.0000,78,0,0,0,0,318,0,0,0,0
zc,WS301,2012-06-27 09:03:05.363,2541.0000,463530,0,0.0000,0.0000,0,0,多换,B,2540.0000,0.0000,0.0000,0.0000,0.0000,2541.0000,0.0000,0.0000,0.0000,0.0000,98,0,0,0,0,318,0,0,0,0
zc,WS301,2012-06-27 09:03:05.830,2541.0000,463530,0,0.0000,0.0000,0,0,多换,B,2540.0000,0.0000,0.0000,0.0000,0.0000,2541.0000,0.0000,0.0000,0.0000,0.0000,106,0,0,0,0,318,0,0,0,0
zc,WS301,2012-06-27 09:03:06.613,2541.0000,463530,0,0.0000,0.0000,0,0,多换,B,2540.0000,0.0000,0.0000,0.0000,0.0000,2541.0000,0.0000,0.0000,0.0000,0.0000,112,0,0,0,0,318,0,0,0,0
zc,WS301,2012-06-27 09:03:07.550,2541.0000,463530,0,0.0000,0.0000,0,0,多换,B,2540.0000,0.0000,0.0000,0.0000,0.0000,2541.0000,0.0000,0.0000,0.0000,0.0000,112,0,0,0,0,317,0,0,0,0
zc,WS301,2012-06-27 09:03:08.377,2540.0000,463526,-4,0.0000,4.0000,0,4,双平,S,2540.0000,0.0000,0.0000,0.0000,0.0000,2541.0000,0.0000,0.0000,0.0000,0.0000,113,0,0,0,0,318,0,0,0,0
zc,WS301,2012-06-27 09:03:08.580,2541.0000,463526,0,0.0000,8.0000,4,4,多换,B,2540.0000,0.0000,0.0000,0.0000,0.0000,2541.0000,0.0000,0.0000,0.0000,0.0000,118,0,0,0,0,293,0,0,0,0
zc,WS301,2012-06-27 09:03:09.347,2541.0000,463526,0,0.0000,4.0000,2,2,多换,B,2540.0000,0.0000,0.0000,0.0000,0.0000,2541.0000,0.0000,0.0000,0.0000,0.0000,129,0,0,0,0,291,0,0,0,0
zc,WS301,2012-06-27 09:03:09.910,2541.0000,463526,0,0.0000,4.0000,2,2,多换,B,2540.0000,0.0000,0.0000,0.0000,0.0000,2541.0000,0.0000,0.0000,0.0000,0.0000,129,0,0,0,0,289,0,0,0,0
zc,WS301,2012-06-27 09:03:10.377,2541.0000,463526,0,0.0000,0.0000,0,0,多换,B,2540.0000,0.0000,0.0000,0.0000,0.0000,2541.0000,0.0000,0.0000,0.0000,0.0000,129,0,0,0,0,288,0,0,0,0
zc,WS301,2012-06-27 09:03:10.893,2541.0000,463526,0,0.0000,0.0000,0,0,多换,B,2540.0000,0.0000,0.0000,0.0000,0.0000,2541.0000,0.0000,0.0000,0.0000,0.0000,131,0,0,0,0,288,0,0,0,0
zc,WS301,2012-06-27 09:03:12.317,2541.0000,463534,8,0.0000,40.0000,24,16,多开,B,2540.0000,0.0000,0.0000,0.0000,0.0000,2541.0000,0.0000,0.0000,0.0000,0.0000,132,0,0,0,0,266,0,0,0,0
zc,WS301,2012-06-27 09:03:12.800,2541.0000,463534,0,0.0000,0.0000,0,0,多换,B,2540.0000,0.0000,0.0000,0.0000,0.0000,2541.0000,0.0000,0.0000,0.0000,0.0000,132,0,0,0,0,256,0,0,0,0
zc,WS301,2012-06-27 09:03:13.317,2541.0000,463534,0,0.0000,2.0000,1,1,多换,B,2540.0000,0.0000,0.0000,0.0000,0.0000,2541.0000,0.0000,0.0000,0.0000,0.0000,132,0,0,0,0,255,0,0,0,0
zc,WS301,2012-06-27 09:03:13.893,2541.0000,463536,2,0.0000,2.0000,2,0,双开,B,2540.0000,0.0000,0.0000,0.0000,0.0000,2541.0000,0.0000,0.0000,0.0000,0.0000,132,0,0,0,0,255,0,0,0,0
zc,WS301,2012-06-27 09:03:14.580,2540.0000,463532,-4,0.0000,4.0000,0,4,双平,S,2540.0000,0.0000,0.0000,0.0000,0.0000,2541.0000,0.0000,0.0000,0.0000,0.0000,130,0,0,0,0,255,0,0,0,0
zc,WS301,2012-06-27 09:03:15.127,2541.0000,463524,-8,0.0000,36.0000,14,22,空平,B,2540.0000,0.0000,0.0000,0.0000,0.0000,2541.0000,0.0000,0.0000,0.0000,0.0000,149,0,0,0,0,246,0,0,0,0
zc,WS301,2012-06-27 09:03:15.830,2541.0000,463524,0,0.0000,0.0000,0,0,多换,B,2540.0000,0.0000,0.0000,0.0000,0.0000,2541.0000,0.0000,0.0000,0.0000,0.0000,150,0,0,0,0,197,0,0,0,0
zc,WS301,2012-06-27 09:03:16.113,2541.0000,463524,0,0.0000,0.0000,0,0,多换,B,2540.0000,0.0000,0.0000,0.0000,0.0000,2541.0000,0.0000,0.0000,0.0000,0.0000,154,0,0,0,0,197,0,0,0,0
zc,WS301,2012-06-27 09:03:16.800,2541.0000,463528,4,0.0000,4.0000,4,0,双开,B,2540.0000,0.0000,0.0000,0.0000,0.0000,2541.0000,0.0000,0.0000,0.0000,0.0000,154,0,0,0,0,194,0,0,0,0
zc,WS301,2012-06-27 09:03:17.550,2541.0000,463532,4,0.0000,4.0000,4,0,双开,B,2540.0000,0.0000,0.0000,0.0000,0.0000,2541.0000,0.0000,0.0000,0.0000,0.0000,225,0,0,0,0,183,0,0,0,0
zc,WS301,2012-06-27 09:03:18.067,2541.0000,463534,2,0.0000,2.0000,2,0,双开,B,2540.0000,0.0000,0.0000,0.0000,0.0000,2541.0000,0.0000,0.0000,0.0000,0.0000,230,0,0,0,0,175,0,0,0,0
zc,WS301,2012-06-27 09:03:18.830,2541.0000,463536,2,0.0000,20.0000,11,9,多开,B,2540.0000,0.0000,0.0000,0.0000,0.0000,2541.0000,0.0000,0.0000,0.0000,0.0000,237,0,0,0,0,166,0,0,0,0
zc,WS301,2012-06-27 09:03:19.347,2541.0000,463530,-6,0.0000,14.0000,4,10,空平,B,2540.0000,0.0000,0.0000,0.0000,0.0000,2541.0000,0.0000,0.0000,0.0000,0.0000,232,0,0,0,0,163,0,0,0,0
zc,WS301,2012-06-27 09:03:19.800,2541.0000,463532,2,0.0000,2.0000,2,0,双开,B,2540.0000,0.0000,0.0000,0.0000,0.0000,2541.0000,0.0000,0.0000,0.0000,0.0000,232,0,0,0,0,162,0,0,0,0
zc,WS301,2012-06-27 09:03:20.330,2541.0000,463538,6,0.0000,40.0000,23,17,多开,B,2540.0000,0.0000,0.0000,0.0000,0.0000,2541.0000,0.0000,0.0000,0.0000,0.0000,232,0,0,0,0,142,0,0,0,0
zc,WS301,2012-06-27 09:03:21.080,2541.0000,463544,6,0.0000,10.0000,8,2,多开,B,2540.0000,0.0000,0.0000,0.0000,0.0000,2541.0000,0.0000,0.0000,0.0000,0.0000,232,0,0,0,0,137,0,0,0,0
zc,WS301,2012-06-27 09:03:21.597,2541.0000,463556,12,0.0000,26.0000,19,7,多开,B,2540.0000,0.0000,0.0000,0.0000,0.0000,2541.0000,0.0000,0.0000,0.0000,0.0000,232,0,0,0,0,124,0,0,0,0
zc,WS301,2012-06-27 09:03:22.080,2541.0000,463554,-2,0.0000,4.0000,1,3,空平,B,2540.0000,0.0000,0.0000,0.0000,0.0000,2541.0000,0.0000,0.0000,0.0000,0.0000,232,0,0,0,0,122,0,0,0,0
zc,WS301,2012-06-27 09:03:22.830,2541.0000,463554,0,0.0000,0.0000,0,0,多换,B,2540.0000,0.0000,0.0000,0.0000,0.0000,2541.0000,0.0000,0.0000,0.0000,0.0000,234,0,0,0,0,122,0,0,0,0
zc,WS301,2012-06-27 09:03:23.377,2541.0000,463554,0,0.0000,0.0000,0,0,多换,B,2540.0000,0.0000,0.0000,0.0000,0.0000,2541.0000,0.0000,0.0000,0.0000,0.0000,234,0,0,0,0,123,0,0,0,0
zc,WS301,2012-06-27 09:03:24.080,2541.0000,463554,0,0.0000,4.0000,2,2,多换,B,2540.0000,0.0000,0.0000,0.0000,0.0000,2541.0000,0.0000,0.0000,0.0000,0.0000,234,0,0,0,0,121,0,0,0,0
zc,WS301,2012-06-27 09:03:24.567,2541.0000,463554,0,0.0000,22.0000,11,11,多换,B,2540.0000,0.0000,0.0000,0.0000,0.0000,2541.0000,0.0000,0.0000,0.0000,0.0000,232,0,0,0,0,110,0,0,0,0
zc,WS301,2012-06-27 09:03:25.067,2541.0000,463554,0,0.0000,26.0000,13,13,多换,B,2540.0000,0.0000,0.0000,0.0000,0.0000,2541.0000,0.0000,0.0000,0.0000,0.0000,243,0,0,0,0,108,0,0,0,0
zc,WS301,2012-06-27 09:03:25.550,2541.0000,463554,0,0.0000,28.0000,14,14,多换,B,2540.0000,0.0000,0.0000,0.0000,0.0000,2541.0000,0.0000,0.0000,0.0000,0.0000,255,0,0,0,0,103,0,0,0,0
zc,WS301,2012-06-27 09:03:26.300,2541.0000,463554,0,0.0000,4.0000,2,2,多换,B,2540.0000,0.0000,0.0000,0.0000,0.0000,2541.0000,0.0000,0.0000,0.0000,0.0000,255,0,0,0,0,102,0,0,0,0
zc,WS301,2012-06-27 09:03:26.783,2541.0000,463554,0,0.0000,22.0000,11,11,多换,B,2540.0000,0.0000,0.0000,0.0000,0.0000,2541.0000,0.0000,0.0000,0.0000,0.0000,256,0,0,0,0,95,0,0,0,0
zc,WS301,2012-06-27 09:03:27.330,2541.0000,463554,0,0.0000,0.0000,0,0,多换,B,2540.0000,0.0000,0.0000,0.0000,0.0000,2541.0000,0.0000,0.0000,0.0000,0.0000,256,0,0,0,0,96,0,0,0,0
zc,WS301,2012-06-27 09:03:28.080,2541.0000,463554,0,0.0000,16.0000,8,8,多换,B,2540.0000,0.0000,0.0000,0.0000,0.0000,2541.0000,0.0000,0.0000,0.0000,0.0000,256,0,0,0,0,88,0,0,0,0
zc,WS301,2012-06-27 09:03:28.830,2541.0000,463554,0,0.0000,2.0000,1,1,多换,B,2540.0000,0.0000,0.0000,0.0000,0.0000,2541.0000,0.0000,0.0000,0.0000,0.0000,255,0,0,0,0,84,0,0,0,0
zc,WS301,2012-06-27 09:03:29.317,2541.0000,463554,0,0.0000,12.0000,6,6,多换,B,2540.0000,0.0000,0.0000,0.0000,0.0000,2541.0000,0.0000,0.0000,0.0000,0.0000,255,0,0,0,0,75,0,0,0,0
zc,WS301,2012-06-27 09:03:29.817,2541.0000,463584,30,0.0000,150.0000,90,60,多开,B,2541.0000,0.0000,0.0000,0.0000,0.0000,2542.0000,0.0000,0.0000,0.0000,0.0000,4,0,0,0,0,363,0,0,0,0
zc,WS301,2012-06-27 09:03:30.567,2541.0000,463582,-2,0.0000,4.0000,1,3,空平,B,2541.0000,0.0000,0.0000,0.0000,0.0000,2542.0000,0.0000,0.0000,0.0000,0.0000,207,0,0,0,0,363,0,0,0,0
zc,WS301,2012-06-27 09:03:30.817,2541.0000,463576,-6,0.0000,14.0000,4,10,空平,B,2541.0000,0.0000,0.0000,0.0000,0.0000,2542.0000,0.0000,0.0000,0.0000,0.0000,205,0,0,0,0,361,0,0,0,0
zc,WS301,2012-06-27 09:03:31.567,2541.0000,463576,0,0.0000,2.0000,1,1,多换,B,2541.0000,0.0000,0.0000,0.0000,0.0000,2542.0000,0.0000,0.0000,0.0000,0.0000,225,0,0,0,0,368,0,0,0,0
zc,WS301,2012-06-27 09:03:32.050,2541.0000,463578,2,0.0000,4.0000,3,1,多开,B,2541.0000,0.0000,0.0000,0.0000,0.0000,2542.0000,0.0000,0.0000,0.0000,0.0000,224,0,0,0,0,367,0,0,0,0
zc,WS301,2012-06-27 09:03:32.550,2541.0000,463572,-6,0.0000,6.0000,0,6,双平,B,2541.0000,0.0000,0.0000,0.0000,0.0000,2542.0000,0.0000,0.0000,0.0000,0.0000,238,0,0,0,0,365,0,0,0,0
zc,WS301,2012-06-27 09:03:35.160,2542.0000,463574,2,0.0000,2.0000,2,0,双开,B,2541.0000,0.0000,0.0000,0.0000,0.0000,2542.0000,0.0000,0.0000,0.0000,0.0000,238,0,0,0,0,364,0,0,0,0
zc,WS301,2012-06-27 09:03:35.830,2542.0000,463576,2,0.0000,4.0000,3,1,多开,B,2541.0000,0.0000,0.0000,0.0000,0.0000,2542.0000,0.0000,0.0000,0.0000,0.0000,238,0,0,0,0,362,0,0,0,0
zc,WS301,2012-06-27 09:03:36.393,2542.0000,463596,20,0.0000,20.0000,20,0,双开,B,2541.0000,0.0000,0.0000,0.0000,0.0000,2542.0000,0.0000,0.0000,0.0000,0.0000,238,0,0,0,0,352,0,0,0,0
zc,WS301,2012-06-27 09:03:36.830,2542.0000,463582,-14,0.0000,26.0000,6,20,空平,B,2541.0000,0.0000,0.0000,0.0000,0.0000,2542.0000,0.0000,0.0000,0.0000,0.0000,228,0,0,0,0,348,0,0,0,0
zc,WS301,2012-06-27 09:03:37.347,2542.0000,463582,0,0.0000,0.0000,0,0,多换,B,2541.0000,0.0000,0.0000,0.0000,0.0000,2542.0000,0.0000,0.0000,0.0000,0.0000,239,0,0,0,0,348,0,0,0,0
zc,WS301,2012-06-27 09:03:38.127,2541.0000,463454,-128,0.0000,132.0000,2,130,多平,S,2541.0000,0.0000,0.0000,0.0000,0.0000,2542.0000,0.0000,0.0000,0.0000,0.0000,174,0,0,0,0,348,0,0,0,0
zc,WS301,2012-06-27 09:03:38.550,2542.0000,463466,12,0.0000,14.0000,13,1,多开,B,2541.0000,0.0000,0.0000,0.0000,0.0000,2542.0000,0.0000,0.0000,0.0000,0.0000,174,0,0,0,0,340,0,0,0,0
zc,WS301,2012-06-27 09:03:39.317,2542.0000,463468,2,0.0000,2.0000,2,0,双开,B,2541.0000,0.0000,0.0000,0.0000,0.0000,2542.0000,0.0000,0.0000,0.0000,0.0000,177,0,0,0,0,341,0,0,0,0
zc,WS301,2012-06-27 09:03:39.817,2542.0000,463486,18,0.0000,118.0000,68,50,多开,B,2541.0000,0.0000,0.0000,0.0000,0.0000,2542.0000,0.0000,0.0000,0.0000,0.0000,127,0,0,0,0,332,0,0,0,0
zc,WS301,2012-06-27 09:03:40.347,2541.0000,463466,-20,0.0000,20.0000,0,20,双平,S,2541.0000,0.0000,0.0000,0.0000,0.0000,2542.0000,0.0000,0.0000,0.0000,0.0000,117,0,0,0,0,402,0,0,0,0
zc,WS301,2012-06-27 09:03:41.143,2542.0000,463466,0,0.0000,2.0000,1,1,多换,B,2541.0000,0.0000,0.0000,0.0000,0.0000,2542.0000,0.0000,0.0000,0.0000,0.0000,117,0,0,0,0,401,0,0,0,0
zc,WS301,2012-06-27 09:03:41.580,2541.0000,463472,6,0.0000,24.0000,15,9,空开,S,2541.0000,0.0000,0.0000,0.0000,0.0000,2542.0000,0.0000,0.0000,0.0000,0.0000,111,0,0,0,0,395,0,0,0,0
zc,WS301,2012-06-27 09:03:42.377,2541.0000,463458,-14,0.0000,26.0000,6,20,多平,S,2541.0000,0.0000,0.0000,0.0000,0.0000,2542.0000,0.0000,0.0000,0.0000,0.0000,102,0,0,0,0,390,0,0,0,0
zc,WS301,2012-06-27 09:03:42.847,2542.0000,463478,20,0.0000,24.0000,22,2,多开,B,2541.0000,0.0000,0.0000,0.0000,0.0000,2542.0000,0.0000,0.0000,0.0000,0.0000,101,0,0,0,0,378,0,0,0,0
zc,WS301,2012-06-27 09:03:43.410,2542.0000,463488,10,0.0000,10.0000,10,0,双开,B,2541.0000,0.0000,0.0000,0.0000,0.0000,2542.0000,0.0000,0.0000,0.0000,0.0000,101,0,0,0,0,373,0,0,0,0
zc,WS301,2012-06-27 09:03:43.863,2541.0000,463508,20,0.0000,40.0000,30,10,空开,S,2541.0000,0.0000,0.0000,0.0000,0.0000,2542.0000,0.0000,0.0000,0.0000,0.0000,94,0,0,0,0,364,0,0,0,0
zc,WS301,2012-06-27 09:03:45.067,2541.0000,463504,-4,0.0000,4.0000,0,4,双平,S,2541.0000,0.0000,0.0000,0.0000,0.0000,2542.0000,0.0000,0.0000,0.0000,0.0000,93,0,0,0,0,364,0,0,0,0
zc,WS301,2012-06-27 09:03:45.877,2541.0000,463566,62,0.0000,120.0000,91,29,空开,S,2541.0000,0.0000,0.0000,0.0000,0.0000,2542.0000,0.0000,0.0000,0.0000,0.0000,37,0,0,0,0,304,0,0,0,0
zc,WS301,2012-06-27 09:03:46.863,2541.0000,463566,0,0.0000,2.0000,1,1,空换,S,2541.0000,0.0000,0.0000,0.0000,0.0000,2542.0000,0.0000,0.0000,0.0000,0.0000,38,0,0,0,0,304,0,0,0,0
zc,WS301,2012-06-27 09:03:47.597,2541.0000,463566,0,0.0000,76.0000,38,38,空换,S,2540.0000,0.0000,0.0000,0.0000,0.0000,2541.0000,0.0000,0.0000,0.0000,0.0000,223,0,0,0,0,139,0,0,0,0
zc,WS301,2012-06-27 09:03:48.113,2541.0000,463566,0,0.0000,0.0000,0,0,空换,S,2540.0000,0.0000,0.0000,0.0000,0.0000,2541.0000,0.0000,0.0000,0.0000,0.0000,223,0,0,0,0,143,0,0,0,0
zc,WS301,2012-06-27 09:03:48.817,2541.0000,463566,0,0.0000,0.0000,0,0,空换,S,2540.0000,0.0000,0.0000,0.0000,0.0000,2541.0000,0.0000,0.0000,0.0000,0.0000,223,0,0,0,0,353,0,0,0,0
zc,WS301,2012-06-27 09:03:49.127,2541.0000,463566,0,0.0000,4.0000,2,2,空换,S,2540.0000,0.0000,0.0000,0.0000,0.0000,2541.0000,0.0000,0.0000,0.0000,0.0000,223,0,0,0,0,356,0,0,0,0
zc,WS301,2012-06-27 09:03:50.330,2540.0000,463566,0,0.0000,2.0000,1,1,空换,S,2540.0000,0.0000,0.0000,0.0000,0.0000,2541.0000,0.0000,0.0000,0.0000,0.0000,222,0,0,0,0,356,0,0,0,0
zc,WS301,2012-06-27 09:03:51.080,2541.0000,463566,0,0.0000,22.0000,11,11,多换,B,2540.0000,0.0000,0.0000,0.0000,0.0000,2541.0000,0.0000,0.0000,0.0000,0.0000,222,0,0,0,0,345,0,0,0,0
zc,WS301,2012-06-27 09:03:51.580,2541.0000,463566,0,0.0000,0.0000,0,0,多换,B,2540.0000,0.0000,0.0000,0.0000,0.0000,2541.0000,0.0000,0.0000,0.0000,0.0000,224,0,0,0,0,346,0,0,0,0
zc,WS301,2012-06-27 09:03:52.817,2541.0000,463546,-20,0.0000,20.0000,0,20,双平,B,2540.0000,0.0000,0.0000,0.0000,0.0000,2541.0000,0.0000,0.0000,0.0000,0.0000,224,0,0,0,0,339,0,0,0,0
zc,WS301,2012-06-27 09:03:53.317,2541.0000,463546,0,0.0000,2.0000,1,1,多换,B,2540.0000,0.0000,0.0000,0.0000,0.0000,2541.0000,0.0000,0.0000,0.0000,0.0000,225,0,0,0,0,344,0,0,0,0
zc,WS301,2012-06-27 09:03:54.363,2541.0000,463546,0,0.0000,0.0000,0,0,多换,B,2540.0000,0.0000,0.0000,0.0000,0.0000,2541.0000,0.0000,0.0000,0.0000,0.0000,225,0,0,0,0,346,0,0,0,0
zc,WS301,2012-06-27 09:03:55.113,2541.0000,463546,0,0.0000,0.0000,0,0,多换,B,2540.0000,0.0000,0.0000,0.0000,0.0000,2541.0000,0.0000,0.0000,0.0000,0.0000,225,0,0,0,0,351,0,0,0,0
zc,WS301,2012-06-27 09:03:55.597,2541.0000,463546,0,0.0000,2.0000,1,1,多换,B,2540.0000,0.0000,0.0000,0.0000,0.0000,2541.0000,0.0000,0.0000,0.0000,0.0000,226,0,0,0,0,350,0,0,0,0
zc,WS301,2012-06-27 09:03:56.830,2541.0000,463546,0,0.0000,0.0000,0,0,多换,B,2540.0000,0.0000,0.0000,0.0000,0.0000,2541.0000,0.0000,0.0000,0.0000,0.0000,227,0,0,0,0,350,0,0,0,0
zc,WS301,2012-06-27 09:03:57.363,2541.0000,463546,0,0.0000,0.0000,0,0,多换,B,2540.0000,0.0000,0.0000,0.0000,0.0000,2541.0000,0.0000,0.0000,0.0000,0.0000,228,0,0,0,0,380,0,0,0,0
zc,WS301,2012-06-27 09:03:57.817,2541.0000,463546,0,0.0000,0.0000,0,0,多换,B,2540.0000,0.0000,0.0000,0.0000,0.0000,2541.0000,0.0000,0.0000,0.0000,0.0000,228,0,0,0,0,385,0,0,0,0
zc,WS301,2012-06-27 09:03:58.300,2541.0000,463546,0,0.0000,0.0000,0,0,多换,B,2540.0000,0.0000,0.0000,0.0000,0.0000,2541.0000,0.0000,0.0000,0.0000,0.0000,228,0,0,0,0,397,0,0,0,0
zc,WS301,2012-06-27 09:03:59.080,2541.0000,463446,-100,0.0000,120.0000,10,110,空平,B,2540.0000,0.0000,0.0000,0.0000,0.0000,2541.0000,0.0000,0.0000,0.0000,0.0000,229,0,0,0,0,348,0,0,0,0
zc,WS301,2012-06-27 09:03:59.613,2540.0000,463442,-4,0.0000,4.0000,0,4,双平,S,2540.0000,0.0000,0.0000,0.0000,0.0000,2541.0000,0.0000,0.0000,0.0000,0.0000,229,0,0,0,0,348,0,0,0,0
zc,WS301,2012-06-27 09:04:00.330,2540.0000,463440,-2,0.0000,12.0000,5,7,多平,S,2540.0000,0.0000,0.0000,0.0000,0.0000,2541.0000,0.0000,0.0000,0.0000,0.0000,194,0,0,0,0,378,0,0,0,0
zc,WS301,2012-06-27 09:04:00.863,2540.0000,463438,-2,0.0000,392.0000,195,197,多平,S,2539.0000,0.0000,0.0000,0.0000,0.0000,2540.0000,0.0000,0.0000,0.0000,0.0000,257,0,0,0,0,8,0,0,0,0
zc,WS301,2012-06-27 09:04:01.363,2540.0000,463438,0,0.0000,4.0000,2,2,空换,S,2539.0000,0.0000,0.0000,0.0000,0.0000,2540.0000,0.0000,0.0000,0.0000,0.0000,258,0,0,0,0,6,0,0,0,0
zc,WS301,2012-06-27 09:04:02.050,2540.0000,463438,0,0.0000,0.0000,0,0,空换,S,2539.0000,0.0000,0.0000,0.0000,0.0000,2540.0000,0.0000,0.0000,0.0000,0.0000,258,0,0,0,0,36,0,0,0,0
zc,WS301,2012-06-27 09:04:02.613,2540.0000,463438,0,0.0000,2.0000,1,1,空换,S,2539.0000,0.0000,0.0000,0.0000,0.0000,2540.0000,0.0000,0.0000,0.0000,0.0000,258,0,0,0,0,43,0,0,0,0
zc,WS301,2012-06-27 09:04:03.377,2540.0000,463438,0,0.0000,0.0000,0,0,空换,S,2539.0000,0.0000,0.0000,0.0000,0.0000,2540.0000,0.0000,0.0000,0.0000,0.0000,259,0,0,0,0,45,0,0,0,0
zc,WS301,2012-06-27 09:04:03.863,2540.0000,463438,0,0.0000,0.0000,0,0,空换,S,2539.0000,0.0000,0.0000,0.0000,0.0000,2540.0000,0.0000,0.0000,0.0000,0.0000,258,0,0,0,0,90,0,0,0,0
zc,WS301,2012-06-27 09:04:04.377,2540.0000,463438,0,0.0000,0.0000,0,0,空换,S,2539.0000,0.0000,0.0000,0.0000,0.0000,2540.0000,0.0000,0.0000,0.0000,0.0000,247,0,0,0,0,90,0,0,0,0
zc,WS301,2012-06-27 09:04:04.830,2540.0000,463496,58,0.0000,170.0000,114,56,空开,S,2539.0000,0.0000,0.0000,0.0000,0.0000,2540.0000,0.0000,0.0000,0.0000,0.0000,247,0,0,0,0,5,0,0,0,0
zc,WS301,2012-06-27 09:04:05.597,2540.0000,463498,2,0.0000,4.0000,3,1,空开,S,2539.0000,0.0000,0.0000,0.0000,0.0000,2540.0000,0.0000,0.0000,0.0000,0.0000,247,0,0,0,0,3,0,0,0,0
zc,WS301,2012-06-27 09:04:06.113,2539.0000,463498,0,0.0000,12.0000,6,6,空换,S,2539.0000,0.0000,0.0000,0.0000,0.0000,2540.0000,0.0000,0.0000,0.0000,0.0000,241,0,0,0,0,3,0,0,0,0
zc,WS301,2012-06-27 09:04:06.677,2541.0000,463562,64,0.0000,140.0000,102,38,多开,B,2539.0000,0.0000,0.0000,0.0000,0.0000,2541.0000,0.0000,0.0000,0.0000,0.0000,241,0,0,0,0,309,0,0,0,0
zc,WS301,2012-06-27 09:04:07.363,2541.0000,463562,0,0.0000,0.0000,0,0,多换,B,2539.0000,0.0000,0.0000,0.0000,0.0000,2541.0000,0.0000,0.0000,0.0000,0.0000,240,0,0,0,0,309,0,0,0,0
zc,WS301,2012-06-27 09:04:08.580,2541.0000,463562,0,0.0000,0.0000,0,0,多换,B,2539.0000,0.0000,0.0000,0.0000,0.0000,2540.0000,0.0000,0.0000,0.0000,0.0000,239,0,0,0,0,5,0,0,0,0
zc,WS301,2012-06-27 09:04:09.597,2539.0000,463562,0,0.0000,4.0000,2,2,空换,S,2539.0000,0.0000,0.0000,0.0000,0.0000,2540.0000,0.0000,0.0000,0.0000,0.0000,238,0,0,0,0,5,0,0,0,0
zc,WS301,2012-06-27 09:04:10.097,2539.0000,463562,0,0.0000,8.0000,4,4,空换,S,2539.0000,0.0000,0.0000,0.0000,0.0000,2540.0000,0.0000,0.0000,0.0000,0.0000,237,0,0,0,0,6,0,0,0,0
zc,WS301,2012-06-27 09:04:10.580,2540.0000,463562,0,0.0000,12.0000,6,6,多换,B,2540.0000,0.0000,0.0000,0.0000,0.0000,2541.0000,0.0000,0.0000,0.0000,0.0000,14,0,0,0,0,311,0,0,0,0
zc,WS301,2012-06-27 09:04:11.300,2540.0000,463562,0,0.0000,0.0000,0,0,多换,B,2540.0000,0.0000,0.0000,0.0000,0.0000,2541.0000,0.0000,0.0000,0.0000,0.0000,27,0,0,0,0,311,0,0,0,0
zc,WS301,2012-06-27 09:04:11.817,2540.0000,463562,0,0.0000,16.0000,8,8,多换,B,2540.0000,0.0000,0.0000,0.0000,0.0000,2541.0000,0.0000,0.0000,0.0000,0.0000,19,0,0,0,0,313,0,0,0,0
zc,WS301,2012-06-27 09:04:12.317,2540.0000,463562,0,0.0000,2.0000,1,1,多换,B,2540.0000,0.0000,0.0000,0.0000,0.0000,2541.0000,0.0000,0.0000,0.0000,0.0000,18,0,0,0,0,313,0,0,0,0
zc,WS301,2012-06-27 09:04:13.067,2540.0000,463562,0,0.0000,36.0000,18,18,多换,B,2539.0000,0.0000,0.0000,0.0000,0.0000,2540.0000,0.0000,0.0000,0.0000,0.0000,226,0,0,0,0,132,0,0,0,0
zc,WS301,2012-06-27 09:04:13.783,2540.0000,463562,0,0.0000,0.0000,0,0,多换,B,2539.0000,0.0000,0.0000,0.0000,0.0000,2540.0000,0.0000,0.0000,0.0000,0.0000,226,0,0,0,0,132,0,0,0,0
zc,WS301,2012-06-27 09:04:14.067,2540.0000,463562,0,0.0000,0.0000,0,0,多换,B,2539.0000,0.0000,0.0000,0.0000,0.0000,2540.0000,0.0000,0.0000,0.0000,0.0000,221,0,0,0,0,132,0,0,0,0
zc,WS301,2012-06-27 09:04:14.817,2540.0000,463562,0,0.0000,6.0000,3,3,多换,B,2539.0000,0.0000,0.0000,0.0000,0.0000,2540.0000,0.0000,0.0000,0.0000,0.0000,220,0,0,0,0,134,0,0,0,0
zc,WS301,2012-06-27 09:04:15.330,2540.0000,463562,0,0.0000,20.0000,10,10,多换,B,2539.0000,0.0000,0.0000,0.0000,0.0000,2540.0000,0.0000,0.0000,0.0000,0.0000,221,0,0,0,0,124,0,0,0,0
zc,WS301,2012-06-27 09:04:16.080,2540.0000,463562,0,0.0000,0.0000,0,0,多换,B,2539.0000,0.0000,0.0000,0.0000,0.0000,2540.0000,0.0000,0.0000,0.0000,0.0000,264,0,0,0,0,124,0,0,0,0
zc,WS301,2012-06-27 09:04:16.597,2540.0000,463562,0,0.0000,2.0000,1,1,多换,B,2539.0000,0.0000,0.0000,0.0000,0.0000,2540.0000,0.0000,0.0000,0.0000,0.0000,264,0,0,0,0,124,0,0,0,0
zc,WS301,2012-06-27 09:04:17.067,2540.0000,463562,0,0.0000,6.0000,3,3,多换,B,2539.0000,0.0000,0.0000,0.0000,0.0000,2540.0000,0.0000,0.0000,0.0000,0.0000,264,0,0,0,0,121,0,0,0,0
zc,WS301,2012-06-27 09:04:17.830,2540.0000,463562,0,0.0000,0.0000,0,0,多换,B,2539.0000,0.0000,0.0000,0.0000,0.0000,2540.0000,0.0000,0.0000,0.0000,0.0000,263,0,0,0,0,121,0,0,0,0
zc,WS301,2012-06-27 09:04:18.033,2540.0000,463562,0,0.0000,0.0000,0,0,多换,B,2539.0000,0.0000,0.0000,0.0000,0.0000,2540.0000,0.0000,0.0000,0.0000,0.0000,264,0,0,0,0,122,0,0,0,0
zc,WS301,2012-06-27 09:04:18.847,2540.0000,463562,0,0.0000,2.0000,1,1,多换,B,2539.0000,0.0000,0.0000,0.0000,0.0000,2540.0000,0.0000,0.0000,0.0000,0.0000,264,0,0,0,0,121,0,0,0,0
zc,WS301,2012-06-27 09:04:19.347,2540.0000,463562,0,0.0000,2.0000,1,1,多换,B,2539.0000,0.0000,0.0000,0.0000,0.0000,2540.0000,0.0000,0.0000,0.0000,0.0000,264,0,0,0,0,121,0,0,0,0
zc,WS301,2012-06-27 09:04:20.097,2541.0000,463564,2,0.0000,480.0000,241,239,多开,B,2540.0000,0.0000,0.0000,0.0000,0.0000,2541.0000,0.0000,0.0000,0.0000,0.0000,30,0,0,0,0,201,0,0,0,0
zc,WS301,2012-06-27 09:04:21.067,2540.0000,463580,16,0.0000,16.0000,16,0,双开,S,2540.0000,0.0000,0.0000,0.0000,0.0000,2541.0000,0.0000,0.0000,0.0000,0.0000,26,0,0,0,0,201,0,0,0,0
zc,WS301,2012-06-27 09:04:21.847,2540.0000,463580,0,0.0000,2.0000,1,1,空换,S,2540.0000,0.0000,0.0000,0.0000,0.0000,2541.0000,0.0000,0.0000,0.0000,0.0000,30,0,0,0,0,201,0,0,0,0
zc,WS301,2012-06-27 09:04:22.410,2541.0000,463606,26,0.0000,404.0000,215,189,多开,B,2541.0000,0.0000,0.0000,0.0000,0.0000,2542.0000,0.0000,0.0000,0.0000,0.0000,1,0,0,0,0,267,0,0,0,0
zc,WS301,2012-06-27 09:04:23.330,2541.0000,463606,0,0.0000,2.0000,1,1,多换,B,2540.0000,0.0000,0.0000,0.0000,0.0000,2541.0000,0.0000,0.0000,0.0000,0.0000,34,0,0,0,0,10,0,0,0,0
zc,WS301,2012-06-27 09:04:24.050,2542.0000,463688,82,0.0000,82.0000,82,0,双开,B,2540.0000,0.0000,0.0000,0.0000,0.0000,2542.0000,0.0000,0.0000,0.0000,0.0000,83,0,0,0,0,235,0,0,0,0
zc,WS301,2012-06-27 09:04:25.847,2540.0000,463688,0,0.0000,2.0000,1,1,空换,S,2540.0000,0.0000,0.0000,0.0000,0.0000,2541.0000,0.0000,0.0000,0.0000,0.0000,90,0,0,0,0,2,0,0,0,0
zc,WS301,2012-06-27 09:04:26.330,2540.0000,463688,0,0.0000,2.0000,1,1,空换,S,2540.0000,0.0000,0.0000,0.0000,0.0000,2541.0000,0.0000,0.0000,0.0000,0.0000,90,0,0,0,0,2,0,0,0,0
zc,WS301,2012-06-27 09:04:27.300,2540.0000,463688,0,0.0000,0.0000,0,0,空换,S,2540.0000,0.0000,0.0000,0.0000,0.0000,2541.0000,0.0000,0.0000,0.0000,0.0000,94,0,0,0,0,2,0,0,0,0
zc,WS301,2012-06-27 09:04:28.067,2540.0000,463688,0,0.0000,2.0000,1,1,空换,S,2540.0000,0.0000,0.0000,0.0000,0.0000,2541.0000,0.0000,0.0000,0.0000,0.0000,93,0,0,0,0,12,0,0,0,0
zc,WS301,2012-06-27 09:04:28.550,2540.0000,463688,0,0.0000,0.0000,0,0,空换,S,2540.0000,0.0000,0.0000,0.0000,0.0000,2541.0000,0.0000,0.0000,0.0000,0.0000,93,0,0,0,0,13,0,0,0,0
zc,WS301,2012-06-27 09:04:29.317,2541.0000,463704,16,0.0000,38.0000,27,11,多开,B,2541.0000,0.0000,0.0000,0.0000,0.0000,2542.0000,0.0000,0.0000,0.0000,0.0000,62,0,0,0,0,235,0,0,0,0
zc,WS301,2012-06-27 09:04:29.627,2541.0000,463704,0,0.0000,4.0000,2,2,多换,B,2541.0000,0.0000,0.0000,0.0000,0.0000,2542.0000,0.0000,0.0000,0.0000,0.0000,60,0,0,0,0,235,0,0,0,0
zc,WS301,2012-06-27 09:04:30.317,2541.0000,463704,0,0.0000,0.0000,0,0,多换,B,2541.0000,0.0000,0.0000,0.0000,0.0000,2542.0000,0.0000,0.0000,0.0000,0.0000,95,0,0,0,0,235,0,0,0,0
zc,WS301,2012-06-27 09:04:31.080,2541.0000,463708,4,0.0000,4.0000,4,0,双开,B,2541.0000,0.0000,0.0000,0.0000,0.0000,2542.0000,0.0000,0.0000,0.0000,0.0000,93,0,0,0,0,236,0,0,0,0
zc,WS301,2012-06-27 09:04:31.330,2541.0000,463836,128,0.0000,130.0000,129,1,多开,B,2541.0000,0.0000,0.0000,0.0000,0.0000,2542.0000,0.0000,0.0000,0.0000,0.0000,92,0,0,0,0,175,0,0,0,0
zc,WS301,2012-06-27 09:04:32.067,2541.0000,463836,0,0.0000,0.0000,0,0,多换,B,2541.0000,0.0000,0.0000,0.0000,0.0000,2542.0000,0.0000,0.0000,0.0000,0.0000,122,0,0,0,0,176,0,0,0,0
zc,WS301,2012-06-27 09:04:32.533,2541.0000,463846,10,0.0000,12.0000,11,1,多开,B,2541.0000,0.0000,0.0000,0.0000,0.0000,2542.0000,0.0000,0.0000,0.0000,0.0000,121,0,0,0,0,173,0,0,0,0
zc,WS301,2012-06-27 09:04:33.347,2542.0000,463916,70,0.0000,70.0000,70,0,双开,B,2541.0000,0.0000,0.0000,0.0000,0.0000,2542.0000,0.0000,0.0000,0.0000,0.0000,121,0,0,0,0,138,0,0,0,0
zc,WS301,2012-06-27 09:04:33.863,2542.0000,463916,0,0.0000,0.0000,0,0,多换,B,2541.0000,0.0000,0.0000,0.0000,0.0000,2542.0000,0.0000,0.0000,0.0000,0.0000,126,0,0,0,0,138,0,0,0,0
zc,WS301,2012-06-27 09:04:34.347,2541.0000,463916,0,0.0000,4.0000,2,2,空换,S,2541.0000,0.0000,0.0000,0.0000,0.0000,2542.0000,0.0000,0.0000,0.0000,0.0000,124,0,0,0,0,138,0,0,0,0
zc,WS301,2012-06-27 09:04:34.863,2541.0000,463926,10,0.0000,12.0000,11,1,空开,S,2541.0000,0.0000,0.0000,0.0000,0.0000,2542.0000,0.0000,0.0000,0.0000,0.0000,124,0,0,0,0,197,0,0,0,0
zc,WS301,2012-06-27 09:04:35.613,2542.0000,463928,2,0.0000,2.0000,2,0,双开,B,2541.0000,0.0000,0.0000,0.0000,0.0000,2542.0000,0.0000,0.0000,0.0000,0.0000,125,0,0,0,0,197,0,0,0,0
zc,WS301,2012-06-27 09:04:36.330,2542.0000,463938,10,0.0000,10.0000,10,0,双开,B,2541.0000,0.0000,0.0000,0.0000,0.0000,2542.0000,0.0000,0.0000,0.0000,0.0000,126,0,0,0,0,192,0,0,0,0
zc,WS301,2012-06-27 09:04:37.317,2542.0000,463938,0,0.0000,0.0000,0,0,多换,B,2541.0000,0.0000,0.0000,0.0000,0.0000,2542.0000,0.0000,0.0000,0.0000,0.0000,91,0,0,0,0,193,0,0,0,0
zc,WS301,2012-06-27 09:04:37.847,2542.0000,463938,0,0.0000,0.0000,0,0,多换,B,2541.0000,0.0000,0.0000,0.0000,0.0000,2542.0000,0.0000,0.0000,0.0000,0.0000,92,0,0,0,0,193,0,0,0,0
zc,WS301,2012-06-27 09:04:38.643,2542.0000,463946,8,0.0000,8.0000,8,0,双开,B,2541.0000,0.0000,0.0000,0.0000,0.0000,2542.0000,0.0000,0.0000,0.0000,0.0000,92,0,0,0,0,252,0,0,0,0
zc,WS301,2012-06-27 09:04:39.067,2541.0000,463886,-60,0.0000,190.0000,65,125,多平,S,2540.0000,0.0000,0.0000,0.0000,0.0000,2541.0000,0.0000,0.0000,0.0000,0.0000,359,0,0,0,0,5,0,0,0,0
zc,WS301,2012-06-27 09:04:40.830,2542.0000,464160,274,0.0000,370.0000,322,48,多开,B,2541.0000,0.0000,0.0000,0.0000,0.0000,2542.0000,0.0000,0.0000,0.0000,0.0000,7,0,0,0,0,57,0,0,0,0
zc,WS301,2012-06-27 09:04:41.660,2542.0000,464160,0,0.0000,10.0000,5,5,多换,B,2541.0000,0.0000,0.0000,0.0000,0.0000,2542.0000,0.0000,0.0000,0.0000,0.0000,7,0,0,0,0,52,0,0,0,0
zc,WS301,2012-06-27 09:04:41.863,2541.0000,464160,0,0.0000,6.0000,3,3,空换,S,2541.0000,0.0000,0.0000,0.0000,0.0000,2542.0000,0.0000,0.0000,0.0000,0.0000,12,0,0,0,0,52,0,0,0,0
zc,WS301,2012-06-27 09:04:42.597,2541.0000,464160,0,0.0000,0.0000,0,0,空换,S,2541.0000,0.0000,0.0000,0.0000,0.0000,2542.0000,0.0000,0.0000,0.0000,0.0000,14,0,0,0,0,53,0,0,0,0
zc,WS301,2012-06-27 09:04:43.067,2541.0000,464160,0,0.0000,20.0000,10,10,空换,S,2541.0000,0.0000,0.0000,0.0000,0.0000,2542.0000,0.0000,0.0000,0.0000,0.0000,76,0,0,0,0,53,0,0,0,0
zc,WS301,2012-06-27 09:04:43.817,2541.0000,464162,2,0.0000,14.0000,8,6,空开,S,2541.0000,0.0000,0.0000,0.0000,0.0000,2542.0000,0.0000,0.0000,0.0000,0.0000,75,0,0,0,0,48,0,0,0,0
zc,WS301,2012-06-27 09:04:44.080,2542.0000,464162,0,0.0000,4.0000,2,2,多换,B,2541.0000,0.0000,0.0000,0.0000,0.0000,2542.0000,0.0000,0.0000,0.0000,0.0000,77,0,0,0,0,96,0,0,0,0
zc,WS301,2012-06-27 09:04:44.830,2542.0000,464162,0,0.0000,2.0000,1,1,多换,B,2541.0000,0.0000,0.0000,0.0000,0.0000,2542.0000,0.0000,0.0000,0.0000,0.0000,77,0,0,0,0,95,0,0,0,0
zc,WS301,2012-06-27 09:04:46.080,2542.0000,464158,-4,0.0000,4.0000,0,4,双平,B,2541.0000,0.0000,0.0000,0.0000,0.0000,2542.0000,0.0000,0.0000,0.0000,0.0000,78,0,0,0,0,93,0,0,0,0
zc,WS301,2012-06-27 09:04:46.597,2543.0000,464290,132,0.0000,410.0000,271,139,多开,B,2541.0000,0.0000,0.0000,0.0000,0.0000,2543.0000,0.0000,0.0000,0.0000,0.0000,74,0,0,0,0,106,0,0,0,0
zc,WS301,2012-06-27 09:04:47.050,2543.0000,464290,0,0.0000,0.0000,0,0,多换,B,2542.0000,0.0000,0.0000,0.0000,0.0000,2543.0000,0.0000,0.0000,0.0000,0.0000,150,0,0,0,0,106,0,0,0,0
zc,WS301,2012-06-27 09:04:47.830,2543.0000,464292,2,0.0000,4.0000,3,1,多开,B,2542.0000,0.0000,0.0000,0.0000,0.0000,2543.0000,0.0000,0.0000,0.0000,0.0000,151,0,0,0,0,104,0,0,0,0
zc,WS301,2012-06-27 09:04:48.317,2542.0000,464296,4,0.0000,8.0000,6,2,空开,S,2542.0000,0.0000,0.0000,0.0000,0.0000,2543.0000,0.0000,0.0000,0.0000,0.0000,151,0,0,0,0,101,0,0,0,0
zc,WS301,2012-06-27 09:04:49.377,2543.0000,464298,2,0.0000,8.0000,5,3,多开,B,2542.0000,0.0000,0.0000,0.0000,0.0000,2543.0000,0.0000,0.0000,0.0000,0.0000,2,0,0,0,0,97,0,0,0,0
zc,WS301,2012-06-27 09:04:50.080,2543.0000,464298,0,0.0000,2.0000,1,1,多换,B,2542.0000,0.0000,0.0000,0.0000,0.0000,2543.0000,0.0000,0.0000,0.0000,0.0000,2,0,0,0,0,96,0,0,0,0
zc,WS301,2012-06-27 09:04:50.567,2543.0000,464298,0,0.0000,10.0000,5,5,多换,B,2542.0000,0.0000,0.0000,0.0000,0.0000,2543.0000,0.0000,0.0000,0.0000,0.0000,57,0,0,0,0,91,0,0,0,0
zc,WS301,2012-06-27 09:04:51.847,2544.0000,464296,-2,0.0000,206.0000,102,104,空平,B,2543.0000,0.0000,0.0000,0.0000,0.0000,2544.0000,0.0000,0.0000,0.0000,0.0000,1,0,0,0,0,136,0,0,0,0
zc,WS301,2012-06-27 09:04:52.347,2543.0000,464294,-2,0.0000,2.0000,0,2,双平,S,2543.0000,0.0000,0.0000,0.0000,0.0000,2544.0000,0.0000,0.0000,0.0000,0.0000,5,0,0,0,0,137,0,0,0,0
zc,WS301,2012-06-27 09:04:53.080,2544.0000,464298,4,0.0000,10.0000,7,3,多开,B,2543.0000,0.0000,0.0000,0.0000,0.0000,2544.0000,0.0000,0.0000,0.0000,0.0000,14,0,0,0,0,138,0,0,0,0
zc,WS301,2012-06-27 09:04:53.580,2543.0000,464298,0,0.0000,6.0000,3,3,空换,S,2543.0000,0.0000,0.0000,0.0000,0.0000,2544.0000,0.0000,0.0000,0.0000,0.0000,12,0,0,0,0,138,0,0,0,0
zc,WS301,2012-06-27 09:04:54.270,2544.0000,464300,2,0.0000,2.0000,2,0,双开,B,2543.0000,0.0000,0.0000,0.0000,0.0000,2544.0000,0.0000,0.0000,0.0000,0.0000,12,0,0,0,0,139,0,0,0,0
zc,WS301,2012-06-27 09:04:54.550,2544.0000,464302,2,0.0000,2.0000,2,0,双开,B,2543.0000,0.0000,0.0000,0.0000,0.0000,2544.0000,0.0000,0.0000,0.0000,0.0000,13,0,0,0,0,138,0,0,0,0
zc,WS301,2012-06-27 09:04:55.300,2544.0000,464322,20,0.0000,20.0000,20,0,双开,B,2543.0000,0.0000,0.0000,0.0000,0.0000,2544.0000,0.0000,0.0000,0.0000,0.0000,13,0,0,0,0,136,0,0,0,0
zc,WS301,2012-06-27 09:04:55.817,2543.0000,464438,116,0.0000,280.0000,198,82,空开,S,2543.0000,0.0000,0.0000,0.0000,0.0000,2545.0000,0.0000,0.0000,0.0000,0.0000,9,0,0,0,0,389,0,0,0,0
zc,WS301,2012-06-27 09:04:56.567,2543.0000,464438,0,0.0000,0.0000,0,0,空换,S,2544.0000,0.0000,0.0000,0.0000,0.0000,2545.0000,0.0000,0.0000,0.0000,0.0000,25,0,0,0,0,397,0,0,0,0
zc,WS301,2012-06-27 09:04:57.050,2544.0000,464446,8,0.0000,10.0000,9,1,多开,B,2544.0000,0.0000,0.0000,0.0000,0.0000,2545.0000,0.0000,0.0000,0.0000,0.0000,20,0,0,0,0,397,0,0,0,0
zc,WS301,2012-06-27 09:04:57.567,2544.0000,464458,12,0.0000,36.0000,24,12,多开,B,2544.0000,0.0000,0.0000,0.0000,0.0000,2545.0000,0.0000,0.0000,0.0000,0.0000,2,0,0,0,0,397,0,0,0,0
zc,WS301,2012-06-27 09:04:58.580,2543.0000,464504,46,0.0000,88.0000,67,21,空开,S,2542.0000,0.0000,0.0000,0.0000,0.0000,2543.0000,0.0000,0.0000,0.0000,0.0000,22,0,0,0,0,75,0,0,0,0
zc,WS301,2012-06-27 09:04:59.050,2543.0000,464502,-2,0.0000,22.0000,10,12,多平,S,2542.0000,0.0000,0.0000,0.0000,0.0000,2543.0000,0.0000,0.0000,0.0000,0.0000,22,0,0,0,0,64,0,0,0,0
zc,WS301,2012-06-27 09:04:59.550,2543.0000,464498,-4,0.0000,128.0000,62,66,多平,S,2542.0000,0.0000,0.0000,0.0000,0.0000,2543.0000,0.0000,0.0000,0.0000,0.0000,23,0,0,0,0,1,0,0,0,0
zc,WS301,2012-06-27 09:05:00.080,2544.0000,464508,10,0.0000,24.0000,17,7,多开,B,2543.0000,0.0000,0.0000,0.0000,0.0000,2544.0000,0.0000,0.0000,0.0000,0.0000,2,0,0,0,0,47,0,0,0,0
zc,WS301,2012-06-27 09:05:00.817,2544.0000,464508,0,0.0000,0.0000,0,0,多换,B,2543.0000,0.0000,0.0000,0.0000,0.0000,2544.0000,0.0000,0.0000,0.0000,0.0000,3,0,0,0,0,47,0,0,0,0
zc,WS301,2012-06-27 09:05:01.067,2544.0000,464568,60,0.0000,62.0000,61,1,多开,B,2543.0000,0.0000,0.0000,0.0000,0.0000,2544.0000,0.0000,0.0000,0.0000,0.0000,12,0,0,0,0,56,0,0,0,0
zc,WS301,2012-06-27 09:05:01.800,2543.0000,464568,0,0.0000,4.0000,2,2,空换,S,2543.0000,0.0000,0.0000,0.0000,0.0000,2544.0000,0.0000,0.0000,0.0000,0.0000,17,0,0,0,0,58,0,0,0,0
zc,WS301,2012-06-27 09:05:02.580,2544.0000,464574,6,0.0000,60.0000,33,27,多开,B,2543.0000,0.0000,0.0000,0.0000,0.0000,2544.0000,0.0000,0.0000,0.0000,0.0000,17,0,0,0,0,28,0,0,0,0
zc,WS301,2012-06-27 09:05:03.080,2543.0000,464578,4,0.0000,38.0000,21,17,空开,S,2543.0000,0.0000,0.0000,0.0000,0.0000,2544.0000,0.0000,0.0000,0.0000,0.0000,27,0,0,0,0,26,0,0,0,0
zc,WS301,2012-06-27 09:05:03.830,2543.0000,464578,0,0.0000,54.0000,27,27,空换,S,2542.0000,0.0000,0.0000,0.0000,0.0000,2543.0000,0.0000,0.0000,0.0000,0.0000,21,0,0,0,0,23,0,0,0,0
zc,WS301,2012-06-27 09:05:04.377,2543.0000,464568,-10,0.0000,10.0000,0,10,双平,S,2542.0000,0.0000,0.0000,0.0000,0.0000,2543.0000,0.0000,0.0000,0.0000,0.0000,23,0,0,0,0,18,0,0,0,0
zc,WS301,2012-06-27 09:05:05.080,2543.0000,464568,0,0.0000,10.0000,5,5,空换,S,2542.0000,0.0000,0.0000,0.0000,0.0000,2543.0000,0.0000,0.0000,0.0000,0.0000,23,0,0,0,0,13,0,0,0,0
zc,WS301,2012-06-27 09:05:05.567,2543.0000,464564,-4,0.0000,24.0000,10,14,多平,S,2542.0000,0.0000,0.0000,0.0000,0.0000,2543.0000,0.0000,0.0000,0.0000,0.0000,21,0,0,0,0,16,0,0,0,0
zc,WS301,2012-06-27 09:05:06.080,2543.0000,464564,0,0.0000,12.0000,6,6,空换,S,2542.0000,0.0000,0.0000,0.0000,0.0000,2543.0000,0.0000,0.0000,0.0000,0.0000,18,0,0,0,0,18,0,0,0,0
zc,WS301,2012-06-27 09:05:06.580,2543.0000,464564,0,0.0000,0.0000,0,0,空换,S,2542.0000,0.0000,0.0000,0.0000,0.0000,2543.0000,0.0000,0.0000,0.0000,0.0000,17,0,0,0,0,18,0,0,0,0
zc,WS301,2012-06-27 09:05:07.363,2543.0000,464574,10,0.0000,36.0000,23,13,空开,S,2543.0000,0.0000,0.0000,0.0000,0.0000,2544.0000,0.0000,0.0000,0.0000,0.0000,12,0,0,0,0,87,0,0,0,0
zc,WS301,2012-06-27 09:05:07.863,2543.0000,464576,2,0.0000,4.0000,3,1,空开,S,2543.0000,0.0000,0.0000,0.0000,0.0000,2544.0000,0.0000,0.0000,0.0000,0.0000,10,0,0,0,0,91,0,0,0,0
zc,WS301,2012-06-27 09:05:08.597,2543.0000,464652,76,0.0000,164.0000,120,44,空开,S,2543.0000,0.0000,0.0000,0.0000,0.0000,2544.0000,0.0000,0.0000,0.0000,0.0000,13,0,0,0,0,19,0,0,0,0
zc,WS301,2012-06-27 09:05:09.067,2543.0000,464652,0,0.0000,10.0000,5,5,空换,S,2543.0000,0.0000,0.0000,0.0000,0.0000,2544.0000,0.0000,0.0000,0.0000,0.0000,27,0,0,0,0,16,0,0,0,0
zc,WS301,2012-06-27 09:05:09.533,2544.0000,464654,2,0.0000,32.0000,17,15,多开,B,2543.0000,0.0000,0.0000,0.0000,0.0000,2544.0000,0.0000,0.0000,0.0000,0.0000,16,0,0,0,0,11,0,0,0,0
zc,WS301,2012-06-27 09:05:10.300,2544.0000,464654,0,0.0000,0.0000,0,0,多换,B,2543.0000,0.0000,0.0000,0.0000,0.0000,2544.0000,0.0000,0.0000,0.0000,0.0000,17,0,0,0,0,64,0,0,0,0
zc,WS301,2012-06-27 09:05:10.847,2544.0000,464654,0,0.0000,0.0000,0,0,多换,B,2543.0000,0.0000,0.0000,0.0000,0.0000,2544.0000,0.0000,0.0000,0.0000,0.0000,19,0,0,0,0,66,0,0,0,0
zc,WS301,2012-06-27 09:05:11.283,2544.0000,464654,0,0.0000,0.0000,0,0,多换,B,2543.0000,0.0000,0.0000,0.0000,0.0000,2544.0000,0.0000,0.0000,0.0000,0.0000,20,0,0,0,0,73,0,0,0,0
zc,WS301,2012-06-27 09:05:11.817,2543.0000,464656,2,0.0000,2.0000,2,0,双开,S,2543.0000,0.0000,0.0000,0.0000,0.0000,2544.0000,0.0000,0.0000,0.0000,0.0000,18,0,0,0,0,94,0,0,0,0
zc,WS301,2012-06-27 09:05:12.567,2543.0000,464656,0,0.0000,0.0000,0,0,空换,S,2543.0000,0.0000,0.0000,0.0000,0.0000,2544.0000,0.0000,0.0000,0.0000,0.0000,22,0,0,0,0,99,0,0,0,0
zc,WS301,2012-06-27 09:05:13.050,2544.0000,464660,4,0.0000,12.0000,8,4,多开,B,2543.0000,0.0000,0.0000,0.0000,0.0000,2544.0000,0.0000,0.0000,0.0000,0.0000,20,0,0,0,0,99,0,0,0,0
zc,WS301,2012-06-27 09:05:14.330,2543.0000,464660,0,0.0000,6.0000,3,3,空换,S,2543.0000,0.0000,0.0000,0.0000,0.0000,2544.0000,0.0000,0.0000,0.0000,0.0000,18,0,0,0,0,102,0,0,0,0
zc,WS301,2012-06-27 09:05:14.613,2544.0000,464734,74,0.0000,110.0000,92,18,多开,B,2543.0000,0.0000,0.0000,0.0000,0.0000,2544.0000,0.0000,0.0000,0.0000,0.0000,36,0,0,0,0,59,0,0,0,0
zc,WS301,2012-06-27 09:05:15.317,2543.0000,464714,-20,0.0000,28.0000,4,24,多平,S,2543.0000,0.0000,0.0000,0.0000,0.0000,2544.0000,0.0000,0.0000,0.0000,0.0000,31,0,0,0,0,79,0,0,0,0
zc,WS301,2012-06-27 09:05:15.817,2543.0000,464716,2,0.0000,6.0000,4,2,空开,S,2543.0000,0.0000,0.0000,0.0000,0.0000,2544.0000,0.0000,0.0000,0.0000,0.0000,32,0,0,0,0,80,0,0,0,0
zc,WS301,2012-06-27 09:05:16.567,2543.0000,464726,10,0.0000,10.0000,10,0,双开,S,2543.0000,0.0000,0.0000,0.0000,0.0000,2544.0000,0.0000,0.0000,0.0000,0.0000,35,0,0,0,0,121,0,0,0,0
zc,WS301,2012-06-27 09:05:16.830,2543.0000,464726,0,0.0000,2.0000,1,1,空换,S,2543.0000,0.0000,0.0000,0.0000,0.0000,2544.0000,0.0000,0.0000,0.0000,0.0000,34,0,0,0,0,126,0,0,0,0
zc,WS301,2012-06-27 09:05:17.550,2543.0000,464726,0,0.0000,0.0000,0,0,空换,S,2543.0000,0.0000,0.0000,0.0000,0.0000,2544.0000,0.0000,0.0000,0.0000,0.0000,43,0,0,0,0,126,0,0,0,0
zc,WS301,2012-06-27 09:05:18.567,2543.0000,464726,0,0.0000,2.0000,1,1,空换,S,2543.0000,0.0000,0.0000,0.0000,0.0000,2544.0000,0.0000,0.0000,0.0000,0.0000,42,0,0,0,0,129,0,0,0,0
zc,WS301,2012-06-27 09:05:19.347,2543.0000,464728,2,0.0000,2.0000,2,0,双开,S,2543.0000,0.0000,0.0000,0.0000,0.0000,2544.0000,0.0000,0.0000,0.0000,0.0000,61,0,0,0,0,129,0,0,0,0
zc,WS301,2012-06-27 09:05:19.783,2543.0000,464730,2,0.0000,30.0000,16,14,空开,S,2543.0000,0.0000,0.0000,0.0000,0.0000,2544.0000,0.0000,0.0000,0.0000,0.0000,48,0,0,0,0,128,0,0,0,0
zc,WS301,2012-06-27 09:05:20.317,2544.0000,464732,2,0.0000,2.0000,2,0,双开,B,2543.0000,0.0000,0.0000,0.0000,0.0000,2544.0000,0.0000,0.0000,0.0000,0.0000,49,0,0,0,0,137,0,0,0,0
zc,WS301,2012-06-27 09:05:20.847,2544.0000,464734,2,0.0000,4.0000,3,1,多开,B,2543.0000,0.0000,0.0000,0.0000,0.0000,2544.0000,0.0000,0.0000,0.0000,0.0000,63,0,0,0,0,136,0,0,0,0
zc,WS301,2012-06-27 09:05:21.567,2544.0000,464734,0,0.0000,0.0000,0,0,多换,B,2543.0000,0.0000,0.0000,0.0000,0.0000,2544.0000,0.0000,0.0000,0.0000,0.0000,63,0,0,0,0,137,0,0,0,0
zc,WS301,2012-06-27 09:05:22.067,2544.0000,464738,4,0.0000,8.0000,6,2,多开,B,2543.0000,0.0000,0.0000,0.0000,0.0000,2544.0000,0.0000,0.0000,0.0000,0.0000,65,0,0,0,0,136,0,0,0,0
zc,WS301,2012-06-27 09:05:22.567,2544.0000,464738,0,0.0000,0.0000,0,0,多换,B,2543.0000,0.0000,0.0000,0.0000,0.0000,2544.0000,0.0000,0.0000,0.0000,0.0000,70,0,0,0,0,136,0,0,0,0
zc,WS301,2012-06-27 09:05:23.347,2544.0000,464740,2,0.0000,2.0000,2,0,双开,B,2543.0000,0.0000,0.0000,0.0000,0.0000,2544.0000,0.0000,0.0000,0.0000,0.0000,79,0,0,0,0,147,0,0,0,0
zc,WS301,2012-06-27 09:05:23.800,2543.0000,464740,0,0.0000,2.0000,1,1,空换,S,2543.0000,0.0000,0.0000,0.0000,0.0000,2544.0000,0.0000,0.0000,0.0000,0.0000,78,0,0,0,0,151,0,0,0,0
zc,WS301,2012-06-27 09:05:24.550,2543.0000,464744,4,0.0000,10.0000,7,3,空开,S,2543.0000,0.0000,0.0000,0.0000,0.0000,2544.0000,0.0000,0.0000,0.0000,0.0000,73,0,0,0,0,152,0,0,0,0
zc,WS301,2012-06-27 09:05:25.067,2543.0000,464740,-4,0.0000,4.0000,0,4,双平,S,2543.0000,0.0000,0.0000,0.0000,0.0000,2544.0000,0.0000,0.0000,0.0000,0.0000,71,0,0,0,0,152,0,0,0,0
zc,WS301,2012-06-27 09:05:25.550,2543.0000,464738,-2,0.0000,4.0000,1,3,多平,S,2543.0000,0.0000,0.0000,0.0000,0.0000,2544.0000,0.0000,0.0000,0.0000,0.0000,68,0,0,0,0,155,0,0,0,0
zc,WS301,2012-06-27 09:05:26.830,2543.0000,464738,0,0.0000,2.0000,1,1,空换,S,2543.0000,0.0000,0.0000,0.0000,0.0000,2544.0000,0.0000,0.0000,0.0000,0.0000,71,0,0,0,0,155,0,0,0,0
zc,WS301,2012-06-27 09:05:27.330,2543.0000,464738,0,0.0000,2.0000,1,1,空换,S,2543.0000,0.0000,0.0000,0.0000,0.0000,2544.0000,0.0000,0.0000,0.0000,0.0000,70,0,0,0,0,183,0,0,0,0
zc,WS301,2012-06-27 09:05:27.817,2543.0000,464738,0,0.0000,0.0000,0,0,空换,S,2543.0000,0.0000,0.0000,0.0000,0.0000,2544.0000,0.0000,0.0000,0.0000,0.0000,70,0,0,0,0,195,0,0,0,0
zc,WS301,2012-06-27 09:05:28.567,2543.0000,464740,2,0.0000,2.0000,2,0,双开,S,2543.0000,0.0000,0.0000,0.0000,0.0000,2544.0000,0.0000,0.0000,0.0000,0.0000,69,0,0,0,0,195,0,0,0,0
zc,WS301,2012-06-27 09:05:28.830,2543.0000,464742,2,0.0000,4.0000,3,1,空开,S,2543.0000,0.0000,0.0000,0.0000,0.0000,2544.0000,0.0000,0.0000,0.0000,0.0000,67,0,0,0,0,195,0,0,0,0
zc,WS301,2012-06-27 09:05:30.080,2543.0000,464742,0,0.0000,4.0000,2,2,空换,S,2543.0000,0.0000,0.0000,0.0000,0.0000,2544.0000,0.0000,0.0000,0.0000,0.0000,66,0,0,0,0,201,0,0,0,0
zc,WS301,2012-06-27 09:05:30.847,2543.0000,464742,0,0.0000,0.0000,0,0,空换,S,2543.0000,0.0000,0.0000,0.0000,0.0000,2544.0000,0.0000,0.0000,0.0000,0.0000,67,0,0,0,0,200,0,0,0,0
zc,WS301,2012-06-27 09:05:31.330,2543.0000,464742,0,0.0000,0.0000,0,0,空换,S,2543.0000,0.0000,0.0000,0.0000,0.0000,2544.0000,0.0000,0.0000,0.0000,0.0000,67,0,0,0,0,206,0,0,0,0
zc,WS301,2012-06-27 09:05:32.097,2544.0000,464782,40,0.0000,42.0000,41,1,多开,B,2543.0000,0.0000,0.0000,0.0000,0.0000,2544.0000,0.0000,0.0000,0.0000,0.0000,66,0,0,0,0,184,0,0,0,0
zc,WS301,2012-06-27 09:05:32.567,2544.0000,464784,2,0.0000,2.0000,2,0,双开,B,2543.0000,0.0000,0.0000,0.0000,0.0000,2544.0000,0.0000,0.0000,0.0000,0.0000,63,0,0,0,0,184,0,0,0,0
zc,WS301,2012-06-27 09:05:33.643,2543.0000,464794,10,0.0000,14.0000,12,2,空开,S,2543.0000,0.0000,0.0000,0.0000,0.0000,2544.0000,0.0000,0.0000,0.0000,0.0000,36,0,0,0,0,214,0,0,0,0
zc,WS301,2012-06-27 09:05:34.097,2543.0000,464794,0,0.0000,0.0000,0,0,空换,S,2543.0000,0.0000,0.0000,0.0000,0.0000,2544.0000,0.0000,0.0000,0.0000,0.0000,36,0,0,0,0,222,0,0,0,0
zc,WS301,2012-06-27 09:05:34.877,2543.0000,464806,12,0.0000,20.0000,16,4,空开,S,2543.0000,0.0000,0.0000,0.0000,0.0000,2544.0000,0.0000,0.0000,0.0000,0.0000,28,0,0,0,0,224,0,0,0,0
zc,WS301,2012-06-27 09:05:35.347,2543.0000,464814,8,0.0000,60.0000,34,26,空开,S,2542.0000,0.0000,0.0000,0.0000,0.0000,2543.0000,0.0000,0.0000,0.0000,0.0000,36,0,0,0,0,4,0,0,0,0
zc,WS301,2012-06-27 09:05:36.113,2543.0000,464816,2,0.0000,20.0000,11,9,空开,S,2543.0000,0.0000,0.0000,0.0000,0.0000,2544.0000,0.0000,0.0000,0.0000,0.0000,3,0,0,0,0,245,0,0,0,0
zc,WS301,2012-06-27 09:05:36.627,2543.0000,464818,2,0.0000,8.0000,5,3,空开,S,2542.0000,0.0000,0.0000,0.0000,0.0000,2543.0000,0.0000,0.0000,0.0000,0.0000,36,0,0,0,0,4,0,0,0,0
zc,WS301,2012-06-27 09:05:37.363,2543.0000,464818,0,0.0000,0.0000,0,0,空换,S,2542.0000,0.0000,0.0000,0.0000,0.0000,2543.0000,0.0000,0.0000,0.0000,0.0000,36,0,0,0,0,45,0,0,0,0
zc,WS301,2012-06-27 09:05:37.830,2543.0000,464818,0,0.0000,6.0000,3,3,空换,S,2542.0000,0.0000,0.0000,0.0000,0.0000,2543.0000,0.0000,0.0000,0.0000,0.0000,36,0,0,0,0,54,0,0,0,0
zc,WS301,2012-06-27 09:05:38.300,2543.0000,464818,0,0.0000,0.0000,0,0,空换,S,2542.0000,0.0000,0.0000,0.0000,0.0000,2543.0000,0.0000,0.0000,0.0000,0.0000,36,0,0,0,0,63,0,0,0,0
zc,WS301,2012-06-27 09:05:39.080,2543.0000,464818,0,0.0000,2.0000,1,1,空换,S,2542.0000,0.0000,0.0000,0.0000,0.0000,2543.0000,0.0000,0.0000,0.0000,0.0000,36,0,0,0,0,62,0,0,0,0
zc,WS301,2012-06-27 09:05:39.627,2543.0000,464816,-2,0.0000,4.0000,1,3,多平,S,2542.0000,0.0000,0.0000,0.0000,0.0000,2543.0000,0.0000,0.0000,0.0000,0.0000,49,0,0,0,0,63,0,0,0,0
zc,WS301,2012-06-27 09:05:40.363,2543.0000,464816,0,0.0000,0.0000,0,0,空换,S,2542.0000,0.0000,0.0000,0.0000,0.0000,2543.0000,0.0000,0.0000,0.0000,0.0000,49,0,0,0,0,68,0,0,0,0
zc,WS301,2012-06-27 09:05:40.847,2543.0000,464816,0,0.0000,0.0000,0,0,空换,S,2542.0000,0.0000,0.0000,0.0000,0.0000,2543.0000,0.0000,0.0000,0.0000,0.0000,49,0,0,0,0,179,0,0,0,0
zc,WS301,2012-06-27 09:05:41.613,2543.0000,464816,0,0.0000,0.0000,0,0,空换,S,2542.0000,0.0000,0.0000,0.0000,0.0000,2543.0000,0.0000,0.0000,0.0000,0.0000,51,0,0,0,0,182,0,0,0,0
zc,WS301,2012-06-27 09:05:42.127,2543.0000,464816,0,0.0000,0.0000,0,0,空换,S,2542.0000,0.0000,0.0000,0.0000,0.0000,2543.0000,0.0000,0.0000,0.0000,0.0000,51,0,0,0,0,207,0,0,0,0
zc,WS301,2012-06-27 09:05:44.113,2543.0000,464816,0,0.0000,2.0000,1,1,空换,S,2542.0000,0.0000,0.0000,0.0000,0.0000,2543.0000,0.0000,0.0000,0.0000,0.0000,51,0,0,0,0,189,0,0,0,0
zc,WS301,2012-06-27 09:05:44.660,2543.0000,464816,0,0.0000,0.0000,0,0,空换,S,2542.0000,0.0000,0.0000,0.0000,0.0000,2543.0000,0.0000,0.0000,0.0000,0.0000,52,0,0,0,0,189,0,0,0,0
zc,WS301,2012-06-27 09:05:45.627,2542.0000,464776,-40,0.0000,40.0000,0,40,双平,S,2542.0000,0.0000,0.0000,0.0000,0.0000,2543.0000,0.0000,0.0000,0.0000,0.0000,49,0,0,0,0,189,0,0,0,0
zc,WS301,2012-06-27 09:05:46.127,2542.0000,464774,-2,0.0000,22.0000,10,12,多平,S,2542.0000,0.0000,0.0000,0.0000,0.0000,2543.0000,0.0000,0.0000,0.0000,0.0000,78,0,0,0,0,179,0,0,0,0
zc,WS301,2012-06-27 09:05:46.877,2542.0000,464866,92,0.0000,158.0000,125,33,空开,S,2541.0000,0.0000,0.0000,0.0000,0.0000,2542.0000,0.0000,0.0000,0.0000,0.0000,118,0,0,0,0,75,0,0,0,0
zc,WS301,2012-06-27 09:05:47.330,2542.0000,464886,20,0.0000,20.0000,20,0,双开,S,2541.0000,0.0000,0.0000,0.0000,0.0000,2542.0000,0.0000,0.0000,0.0000,0.0000,118,0,0,0,0,74,0,0,0,0
zc,WS301,2012-06-27 09:05:48.113,2542.0000,464890,4,0.0000,4.0000,4,0,双开,S,2541.0000,0.0000,0.0000,0.0000,0.0000,2542.0000,0.0000,0.0000,0.0000,0.0000,118,0,0,0,0,72,0,0,0,0
zc,WS301,2012-06-27 09:05:48.613,2542.0000,464964,74,0.0000,84.0000,79,5,空开,S,2541.0000,0.0000,0.0000,0.0000,0.0000,2542.0000,0.0000,0.0000,0.0000,0.0000,128,0,0,0,0,31,0,0,0,0
