市场代码,合约代码,时间,最新,持仓,增仓,成交额,成交量,开仓,平仓,成交类型,方向,买一价,买二价,买三价,买四价,买五价,卖一价,卖二价,卖三价,卖四价,卖五价,买一量,买二量,买三量,买四量,买五量,卖一量,卖二量,卖三量,卖四量,卖五量
zc,TA301,2012-06-08 07:46:28.227,0.0000,119258,0,0.0000,0.0000,0,0,空换,S,0.0000,0.0000,0.0000,0.0000,0.0000,0.0000,0.0000,0.0000,0.0000,0.0000,0,0,0,0,0,0,0,0,0,0
zc,TA301,2012-06-08 07:53:28.227,0.0000,119258,0,0.0000,0.0000,0,0,空换,S,0.0000,0.0000,0.0000,0.0000,0.0000,0.0000,0.0000,0.0000,0.0000,0.0000,0,0,0,0,0,0,0,0,0,0
zc,TA301,2012-06-08 08:32:29.507,0.0000,119258,0,0.0000,0.0000,0,0,空换,S,0.0000,0.0000,0.0000,0.0000,0.0000,0.0000,0.0000,0.0000,0.0000,0.0000,0,0,0,0,0,0,0,0,0,0
zc,TA301,2012-06-08 08:55:01.757,0.0000,119258,0,0.0000,0.0000,0,0,空换,S,0.0000,0.0000,0.0000,0.0000,0.0000,0.0000,0.0000,0.0000,0.0000,0.0000,0,0,0,0,0,0,0,0,0,0
zc,TA301,2012-06-08 08:55:02.540,0.0000,119258,0,0.0000,0.0000,0,0,空换,S,0.0000,0.0000,0.0000,0.0000,0.0000,0.0000,0.0000,0.0000,0.0000,0.0000,0,0,0,0,0,0,0,0,0,0
zc,TA301,2012-06-08 08:55:03.493,0.0000,119258,0,0.0000,0.0000,0,0,空换,S,0.0000,0.0000,0.0000,0.0000,0.0000,0.0000,0.0000,0.0000,0.0000,0.0000,0,0,0,0,0,0,0,0,0,0
zc,TA301,2012-06-08 08:55:04.477,0.0000,119258,0,0.0000,0.0000,0,0,空换,S,0.0000,0.0000,0.0000,0.0000,0.0000,0.0000,0.0000,0.0000,0.0000,0.0000,0,0,0,0,0,0,0,0,0,0
zc,TA301,2012-06-08 08:55:19.993,0.0000,119258,0,0.0000,0.0000,0,0,空换,S,0.0000,0.0000,0.0000,0.0000,0.0000,0.0000,0.0000,0.0000,0.0000,0.0000,0,0,0,0,0,0,0,0,0,0
zc,TA301,2012-06-08 08:56:00.993,0.0000,119258,0,0.0000,0.0000,0,0,空换,S,0.0000,0.0000,0.0000,0.0000,0.0000,0.0000,0.0000,0.0000,0.0000,0.0000,0,0,0,0,0,0,0,0,0,0
zc,TA301,2012-06-08 08:56:01.493,0.0000,119258,0,0.0000,0.0000,0,0,空换,S,0.0000,0.0000,0.0000,0.0000,0.0000,0.0000,0.0000,0.0000,0.0000,0.0000,0,0,0,0,0,0,0,0,0,0
zc,TA301,2012-06-08 08:56:10.743,0.0000,119258,0,0.0000,0.0000,0,0,空换,S,0.0000,0.0000,0.0000,0.0000,0.0000,0.0000,0.0000,0.0000,0.0000,0.0000,0,0,0,0,0,0,0,0,0,0
zc,TA301,2012-06-08 08:56:28.007,0.0000,119258,0,0.0000,0.0000,0,0,空换,S,0.0000,0.0000,0.0000,0.0000,0.0000,0.0000,0.0000,0.0000,0.0000,0.0000,0,0,0,0,0,0,0,0,0,0
zc,TA301,2012-06-08 08:56:29.493,0.0000,119258,0,0.0000,0.0000,0,0,空换,S,0.0000,0.0000,0.0000,0.0000,0.0000,0.0000,0.0000,0.0000,0.0000,0.0000,0,0,0,0,0,0,0,0,0,0
zc,TA301,2012-06-08 08:56:29.743,0.0000,119258,0,0.0000,0.0000,0,0,空换,S,0.0000,0.0000,0.0000,0.0000,0.0000,0.0000,0.0000,0.0000,0.0000,0.0000,0,0,0,0,0,0,0,0,0,0
zc,TA301,2012-06-08 08:56:31.993,0.0000,119258,0,0.0000,0.0000,0,0,空换,S,0.0000,0.0000,0.0000,0.0000,0.0000,0.0000,0.0000,0.0000,0.0000,0.0000,0,0,0,0,0,0,0,0,0,0
zc,TA301,2012-06-08 08:56:39.243,0.0000,119258,0,0.0000,0.0000,0,0,空换,S,0.0000,0.0000,0.0000,0.0000,0.0000,0.0000,0.0000,0.0000,0.0000,0.0000,0,0,0,0,0,0,0,0,0,0
zc,TA301,2012-06-08 08:56:39.493,0.0000,119258,0,0.0000,0.0000,0,0,空换,S,0.0000,0.0000,0.0000,0.0000,0.0000,0.0000,0.0000,0.0000,0.0000,0.0000,0,0,0,0,0,0,0,0,0,0
zc,TA301,2012-06-08 08:56:45.727,0.0000,119258,0,0.0000,0.0000,0,0,空换,S,0.0000,0.0000,0.0000,0.0000,0.0000,0.0000,0.0000,0.0000,0.0000,0.0000,0,0,0,0,0,0,0,0,0,0
zc,TA301,2012-06-08 08:56:46.743,0.0000,119258,0,0.0000,0.0000,0,0,空换,S,0.0000,0.0000,0.0000,0.0000,0.0000,0.0000,0.0000,0.0000,0.0000,0.0000,0,0,0,0,0,0,0,0,0,0
zc,TA301,2012-06-08 08:56:56.243,0.0000,119258,0,0.0000,0.0000,0,0,空换,S,0.0000,0.0000,0.0000,0.0000,0.0000,0.0000,0.0000,0.0000,0.0000,0.0000,0,0,0,0,0,0,0,0,0,0
zc,TA301,2012-06-08 08:57:03.493,0.0000,119258,0,0.0000,0.0000,0,0,空换,S,0.0000,0.0000,0.0000,0.0000,0.0000,0.0000,0.0000,0.0000,0.0000,0.0000,0,0,0,0,0,0,0,0,0,0
zc,TA301,2012-06-08 08:57:06.743,0.0000,119258,0,0.0000,0.0000,0,0,空换,S,0.0000,0.0000,0.0000,0.0000,0.0000,0.0000,0.0000,0.0000,0.0000,0.0000,0,0,0,0,0,0,0,0,0,0
zc,TA301,2012-06-08 08:57:15.977,0.0000,119258,0,0.0000,0.0000,0,0,空换,S,0.0000,0.0000,0.0000,0.0000,0.0000,0.0000,0.0000,0.0000,0.0000,0.0000,0,0,0,0,0,0,0,0,0,0
zc,TA301,2012-06-08 08:57:43.227,0.0000,119258,0,0.0000,0.0000,0,0,空换,S,0.0000,0.0000,0.0000,0.0000,0.0000,0.0000,0.0000,0.0000,0.0000,0.0000,0,0,0,0,0,0,0,0,0,0
zc,TA301,2012-06-08 08:58:45.493,0.0000,119258,0,0.0000,0.0000,0,0,空换,S,0.0000,0.0000,0.0000,0.0000,0.0000,0.0000,0.0000,0.0000,0.0000,0.0000,0,0,0,0,0,0,0,0,0,0
zc,TA301,2012-06-08 08:58:46.243,0.0000,119258,0,0.0000,0.0000,0,0,空换,S,0.0000,0.0000,0.0000,0.0000,0.0000,0.0000,0.0000,0.0000,0.0000,0.0000,0,0,0,0,0,0,0,0,0,0
zc,TA301,2012-06-08 08:58:51.493,0.0000,119258,0,0.0000,0.0000,0,0,空换,S,0.0000,0.0000,0.0000,0.0000,0.0000,0.0000,0.0000,0.0000,0.0000,0.0000,0,0,0,0,0,0,0,0,0,0
zc,TA301,2012-06-08 09:00:01.663,7212.0000,119252,-6,0.0000,806.0000,400,406,空平,B,7212.0000,0.0000,0.0000,0.0000,0.0000,7216.0000,0.0000,0.0000,0.0000,0.0000,35,0,0,0,0,31,0,0,0,0
zc,TA301,2012-06-08 09:00:02.977,7214.0000,119304,52,0.0000,254.0000,153,101,多开,B,7214.0000,0.0000,0.0000,0.0000,0.0000,7216.0000,0.0000,0.0000,0.0000,0.0000,10,0,0,0,0,17,0,0,0,0
zc,TA301,2012-06-08 09:00:04.227,7214.0000,119316,12,0.0000,206.0000,109,97,多开,B,7210.0000,0.0000,0.0000,0.0000,0.0000,7214.0000,0.0000,0.0000,0.0000,0.0000,35,0,0,0,0,2,0,0,0,0
zc,TA301,2012-06-08 09:00:05.210,7212.0000,119302,-14,0.0000,82.0000,34,48,多平,S,7206.0000,0.0000,0.0000,0.0000,0.0000,7210.0000,0.0000,0.0000,0.0000,0.0000,6,0,0,0,0,23,0,0,0,0
zc,TA301,2012-06-08 09:00:05.663,7206.0000,119312,10,0.0000,10.0000,10,0,双开,S,7206.0000,0.0000,0.0000,0.0000,0.0000,7210.0000,0.0000,0.0000,0.0000,0.0000,2,0,0,0,0,33,0,0,0,0
zc,TA301,2012-06-08 09:00:06.413,7206.0000,119312,0,0.0000,8.0000,4,4,空换,S,7208.0000,0.0000,0.0000,0.0000,0.0000,7210.0000,0.0000,0.0000,0.0000,0.0000,9,0,0,0,0,35,0,0,0,0
zc,TA301,2012-06-08 09:00:06.930,7202.0000,119284,-28,0.0000,72.0000,22,50,多平,S,7202.0000,0.0000,0.0000,0.0000,0.0000,7206.0000,0.0000,0.0000,0.0000,0.0000,102,0,0,0,0,3,0,0,0,0
zc,TA301,2012-06-08 09:00:07.663,7206.0000,119290,6,0.0000,210.0000,108,102,多开,B,7200.0000,0.0000,0.0000,0.0000,0.0000,7206.0000,0.0000,0.0000,0.0000,0.0000,131,0,0,0,0,3,0,0,0,0
zc,TA301,2012-06-08 09:00:08.147,7200.0000,119284,-6,0.0000,36.0000,15,21,多平,S,7200.0000,0.0000,0.0000,0.0000,0.0000,7206.0000,0.0000,0.0000,0.0000,0.0000,120,0,0,0,0,4,0,0,0,0
zc,TA301,2012-06-08 09:00:08.633,7202.0000,119282,-2,0.0000,2.0000,0,2,双平,B,7200.0000,0.0000,0.0000,0.0000,0.0000,7206.0000,0.0000,0.0000,0.0000,0.0000,120,0,0,0,0,4,0,0,0,0
zc,TA301,2012-06-08 09:00:09.430,7210.0000,119228,-54,0.0000,92.0000,19,73,空平,B,7206.0000,0.0000,0.0000,0.0000,0.0000,7210.0000,0.0000,0.0000,0.0000,0.0000,3,0,0,0,0,16,0,0,0,0
zc,TA301,2012-06-08 09:00:10.163,7200.0000,119220,-8,0.0000,38.0000,15,23,多平,S,7206.0000,0.0000,0.0000,0.0000,0.0000,7210.0000,0.0000,0.0000,0.0000,0.0000,4,0,0,0,0,16,0,0,0,0
zc,TA301,2012-06-08 09:00:10.447,7202.0000,119220,0,0.0000,16.0000,8,8,多换,B,7200.0000,0.0000,0.0000,0.0000,0.0000,7206.0000,0.0000,0.0000,0.0000,0.0000,113,0,0,0,0,1,0,0,0,0
zc,TA301,2012-06-08 09:00:11.163,7200.0000,119206,-14,0.0000,36.0000,11,25,多平,S,7200.0000,0.0000,0.0000,0.0000,0.0000,7204.0000,0.0000,0.0000,0.0000,0.0000,95,0,0,0,0,1,0,0,0,0
zc,TA301,2012-06-08 09:00:11.850,7200.0000,119208,2,0.0000,12.0000,7,5,空开,S,7200.0000,0.0000,0.0000,0.0000,0.0000,7204.0000,0.0000,0.0000,0.0000,0.0000,90,0,0,0,0,1,0,0,0,0
zc,TA301,2012-06-08 09:00:12.180,7204.0000,119210,2,0.0000,2.0000,2,0,双开,B,7200.0000,0.0000,0.0000,0.0000,0.0000,7206.0000,0.0000,0.0000,0.0000,0.0000,94,0,0,0,0,69,0,0,0,0
zc,TA301,2012-06-08 09:00:12.867,7204.0000,119214,4,0.0000,4.0000,4,0,双开,B,7200.0000,0.0000,0.0000,0.0000,0.0000,7206.0000,0.0000,0.0000,0.0000,0.0000,91,0,0,0,0,67,0,0,0,0
zc,TA301,2012-06-08 09:00:13.367,7200.0000,119210,-4,0.0000,22.0000,9,13,多平,S,7200.0000,0.0000,0.0000,0.0000,0.0000,7206.0000,0.0000,0.0000,0.0000,0.0000,84,0,0,0,0,70,0,0,0,0
zc,TA301,2012-06-08 09:00:14.367,7200.0000,119208,-2,0.0000,24.0000,11,13,多平,S,7200.0000,0.0000,0.0000,0.0000,0.0000,7206.0000,0.0000,0.0000,0.0000,0.0000,86,0,0,0,0,62,0,0,0,0
zc,TA301,2012-06-08 09:00:14.883,7200.0000,119204,-4,0.0000,4.0000,0,4,双平,S,7202.0000,0.0000,0.0000,0.0000,0.0000,7206.0000,0.0000,0.0000,0.0000,0.0000,8,0,0,0,0,46,0,0,0,0
zc,TA301,2012-06-08 09:00:15.617,7202.0000,119214,10,0.0000,12.0000,11,1,多开,B,7202.0000,0.0000,0.0000,0.0000,0.0000,7206.0000,0.0000,0.0000,0.0000,0.0000,7,0,0,0,0,41,0,0,0,0
zc,TA301,2012-06-08 09:00:16.210,7202.0000,119202,-12,0.0000,14.0000,1,13,空平,B,7202.0000,0.0000,0.0000,0.0000,0.0000,7206.0000,0.0000,0.0000,0.0000,0.0000,2,0,0,0,0,41,0,0,0,0
zc,TA301,2012-06-08 09:00:17.163,7202.0000,119202,0,0.0000,2.0000,1,1,多换,B,7204.0000,0.0000,0.0000,0.0000,0.0000,7206.0000,0.0000,0.0000,0.0000,0.0000,8,0,0,0,0,41,0,0,0,0
zc,TA301,2012-06-08 09:00:17.447,7204.0000,119172,-30,0.0000,62.0000,16,46,空平,B,7204.0000,0.0000,0.0000,0.0000,0.0000,7206.0000,0.0000,0.0000,0.0000,0.0000,5,0,0,0,0,26,0,0,0,0
zc,TA301,2012-06-08 09:00:18.647,7202.0000,119118,-54,0.0000,70.0000,8,62,多平,S,7202.0000,0.0000,0.0000,0.0000,0.0000,7204.0000,0.0000,0.0000,0.0000,0.0000,5,0,0,0,0,1,0,0,0,0
zc,TA301,2012-06-08 09:00:19.913,7204.0000,119112,-6,0.0000,32.0000,13,19,空平,B,7202.0000,0.0000,0.0000,0.0000,0.0000,7204.0000,0.0000,0.0000,0.0000,0.0000,29,0,0,0,0,12,0,0,0,0
zc,TA301,2012-06-08 09:00:20.383,7202.0000,119108,-4,0.0000,4.0000,0,4,双平,S,7202.0000,0.0000,0.0000,0.0000,0.0000,7204.0000,0.0000,0.0000,0.0000,0.0000,33,0,0,0,0,17,0,0,0,0
zc,TA301,2012-06-08 09:00:20.850,7202.0000,119100,-8,0.0000,8.0000,0,8,双平,S,7202.0000,0.0000,0.0000,0.0000,0.0000,7204.0000,0.0000,0.0000,0.0000,0.0000,32,0,0,0,0,17,0,0,0,0
zc,TA301,2012-06-08 09:00:21.663,7202.0000,119036,-64,0.0000,80.0000,8,72,多平,S,7200.0000,0.0000,0.0000,0.0000,0.0000,7204.0000,0.0000,0.0000,0.0000,0.0000,87,0,0,0,0,12,0,0,0,0
zc,TA301,2012-06-08 09:00:22.413,7202.0000,119032,-4,0.0000,16.0000,6,10,多平,S,7202.0000,0.0000,0.0000,0.0000,0.0000,7204.0000,0.0000,0.0000,0.0000,0.0000,5,0,0,0,0,10,0,0,0,0
zc,TA301,2012-06-08 09:00:23.147,7204.0000,119024,-8,0.0000,16.0000,4,12,空平,B,7202.0000,0.0000,0.0000,0.0000,0.0000,7204.0000,0.0000,0.0000,0.0000,0.0000,8,0,0,0,0,2,0,0,0,0
zc,TA301,2012-06-08 09:00:23.647,7206.0000,119018,-6,0.0000,8.0000,1,7,空平,B,7202.0000,0.0000,0.0000,0.0000,0.0000,7206.0000,0.0000,0.0000,0.0000,0.0000,5,0,0,0,0,2,0,0,0,0
zc,TA301,2012-06-08 09:00:24.383,7202.0000,119008,-10,0.0000,24.0000,7,17,多平,S,7204.0000,0.0000,0.0000,0.0000,0.0000,7206.0000,0.0000,0.0000,0.0000,0.0000,2,0,0,0,0,2,0,0,0,0
zc,TA301,2012-06-08 09:00:25.087,7206.0000,119004,-4,0.0000,4.0000,0,4,双平,B,7206.0000,0.0000,0.0000,0.0000,0.0000,7208.0000,0.0000,0.0000,0.0000,0.0000,3,0,0,0,0,4,0,0,0,0
zc,TA301,2012-06-08 09:00:25.680,7204.0000,119006,2,0.0000,8.0000,5,3,空开,S,7206.0000,0.0000,0.0000,0.0000,0.0000,7210.0000,0.0000,0.0000,0.0000,0.0000,1,0,0,0,0,18,0,0,0,0
zc,TA301,2012-06-08 09:00:26.413,7202.0000,118952,-54,0.0000,74.0000,10,64,多平,S,7200.0000,0.0000,0.0000,0.0000,0.0000,7202.0000,0.0000,0.0000,0.0000,0.0000,95,0,0,0,0,5,0,0,0,0
zc,TA301,2012-06-08 09:00:27.117,7202.0000,118946,-6,0.0000,10.0000,2,8,多平,S,7202.0000,0.0000,0.0000,0.0000,0.0000,7204.0000,0.0000,0.0000,0.0000,0.0000,1,0,0,0,0,1,0,0,0,0
zc,TA301,2012-06-08 09:00:27.663,7200.0000,118944,-2,0.0000,10.0000,4,6,多平,S,7200.0000,0.0000,0.0000,0.0000,0.0000,7208.0000,0.0000,0.0000,0.0000,0.0000,92,0,0,0,0,6,0,0,0,0
zc,TA301,2012-06-08 09:00:28.367,7204.0000,118942,-2,0.0000,6.0000,2,4,空平,B,7202.0000,0.0000,0.0000,0.0000,0.0000,7204.0000,0.0000,0.0000,0.0000,0.0000,110,0,0,0,0,4,0,0,0,0
zc,TA301,2012-06-08 09:00:28.883,7202.0000,118944,2,0.0000,2.0000,2,0,双开,S,7202.0000,0.0000,0.0000,0.0000,0.0000,7204.0000,0.0000,0.0000,0.0000,0.0000,109,0,0,0,0,10,0,0,0,0
zc,TA301,2012-06-08 09:00:29.633,7202.0000,118944,0,0.0000,2.0000,1,1,空换,S,7202.0000,0.0000,0.0000,0.0000,0.0000,7204.0000,0.0000,0.0000,0.0000,0.0000,109,0,0,0,0,4,0,0,0,0
zc,TA301,2012-06-08 09:00:30.413,7202.0000,118956,12,0.0000,12.0000,12,0,双开,S,7202.0000,0.0000,0.0000,0.0000,0.0000,7204.0000,0.0000,0.0000,0.0000,0.0000,144,0,0,0,0,4,0,0,0,0
zc,TA301,2012-06-08 09:00:30.897,7204.0000,118958,2,0.0000,16.0000,9,7,多开,B,7202.0000,0.0000,0.0000,0.0000,0.0000,7204.0000,0.0000,0.0000,0.0000,0.0000,143,0,0,0,0,1,0,0,0,0
zc,TA301,2012-06-08 09:00:31.617,7204.0000,118958,0,0.0000,0.0000,0,0,多换,B,7202.0000,0.0000,0.0000,0.0000,0.0000,7204.0000,0.0000,0.0000,0.0000,0.0000,144,0,0,0,0,5,0,0,0,0
zc,TA301,2012-06-08 09:00:32.117,7204.0000,118960,2,0.0000,4.0000,3,1,多开,B,7202.0000,0.0000,0.0000,0.0000,0.0000,7204.0000,0.0000,0.0000,0.0000,0.0000,140,0,0,0,0,3,0,0,0,0
zc,TA301,2012-06-08 09:00:32.867,7204.0000,118960,0,0.0000,6.0000,3,3,多换,B,7204.0000,0.0000,0.0000,0.0000,0.0000,7206.0000,0.0000,0.0000,0.0000,0.0000,5,0,0,0,0,1,0,0,0,0
zc,TA301,2012-06-08 09:00:33.303,7204.0000,118960,0,0.0000,4.0000,2,2,多换,B,7204.0000,0.0000,0.0000,0.0000,0.0000,7206.0000,0.0000,0.0000,0.0000,0.0000,4,0,0,0,0,1,0,0,0,0
zc,TA301,2012-06-08 09:00:34.133,7204.0000,118960,0,0.0000,0.0000,0,0,多换,B,7204.0000,0.0000,0.0000,0.0000,0.0000,7206.0000,0.0000,0.0000,0.0000,0.0000,5,0,0,0,0,4,0,0,0,0
zc,TA301,2012-06-08 09:00:34.587,7206.0000,118968,8,0.0000,14.0000,11,3,多开,B,7204.0000,0.0000,0.0000,0.0000,0.0000,7206.0000,0.0000,0.0000,0.0000,0.0000,9,0,0,0,0,3,0,0,0,0
zc,TA301,2012-06-08 09:00:35.350,7204.0000,118968,0,0.0000,2.0000,1,1,空换,S,7204.0000,0.0000,0.0000,0.0000,0.0000,7206.0000,0.0000,0.0000,0.0000,0.0000,10,0,0,0,0,3,0,0,0,0
zc,TA301,2012-06-08 09:00:35.913,7204.0000,118972,4,0.0000,4.0000,4,0,双开,S,7204.0000,0.0000,0.0000,0.0000,0.0000,7208.0000,0.0000,0.0000,0.0000,0.0000,10,0,0,0,0,2,0,0,0,0
zc,TA301,2012-06-08 09:00:36.633,7204.0000,118976,4,0.0000,4.0000,4,0,双开,S,7204.0000,0.0000,0.0000,0.0000,0.0000,7206.0000,0.0000,0.0000,0.0000,0.0000,10,0,0,0,0,20,0,0,0,0
zc,TA301,2012-06-08 09:00:37.133,7204.0000,118974,-2,0.0000,4.0000,1,3,多平,S,7206.0000,0.0000,0.0000,0.0000,0.0000,7210.0000,0.0000,0.0000,0.0000,0.0000,3,0,0,0,0,16,0,0,0,0
zc,TA301,2012-06-08 09:00:38.087,7204.0000,118974,0,0.0000,0.0000,0,0,空换,S,7206.0000,0.0000,0.0000,0.0000,0.0000,7210.0000,0.0000,0.0000,0.0000,0.0000,5,0,0,0,0,16,0,0,0,0
zc,TA301,2012-06-08 09:00:38.383,7204.0000,118984,10,0.0000,20.0000,15,5,空开,S,7204.0000,0.0000,0.0000,0.0000,0.0000,7210.0000,0.0000,0.0000,0.0000,0.0000,9,0,0,0,0,16,0,0,0,0
zc,TA301,2012-06-08 09:00:39.117,7206.0000,118984,0,0.0000,4.0000,2,2,多换,B,7204.0000,0.0000,0.0000,0.0000,0.0000,7210.0000,0.0000,0.0000,0.0000,0.0000,19,0,0,0,0,16,0,0,0,0
zc,TA301,2012-06-08 09:00:39.600,7210.0000,118980,-4,0.0000,4.0000,0,4,双平,B,7206.0000,0.0000,0.0000,0.0000,0.0000,7210.0000,0.0000,0.0000,0.0000,0.0000,8,0,0,0,0,15,0,0,0,0
zc,TA301,2012-06-08 09:00:40.383,7206.0000,118980,0,0.0000,2.0000,1,1,空换,S,7206.0000,0.0000,0.0000,0.0000,0.0000,7208.0000,0.0000,0.0000,0.0000,0.0000,27,0,0,0,0,1,0,0,0,0
zc,TA301,2012-06-08 09:00:41.617,7208.0000,118982,2,0.0000,2.0000,2,0,双开,B,7208.0000,0.0000,0.0000,0.0000,0.0000,7210.0000,0.0000,0.0000,0.0000,0.0000,4,0,0,0,0,34,0,0,0,0
zc,TA301,2012-06-08 09:00:42.087,7208.0000,119008,26,0.0000,26.0000,26,0,双开,B,7208.0000,0.0000,0.0000,0.0000,0.0000,7210.0000,0.0000,0.0000,0.0000,0.0000,1,0,0,0,0,21,0,0,0,0
zc,TA301,2012-06-08 09:00:42.883,7210.0000,119010,2,0.0000,4.0000,3,1,多开,B,7206.0000,0.0000,0.0000,0.0000,0.0000,7210.0000,0.0000,0.0000,0.0000,0.0000,28,0,0,0,0,19,0,0,0,0
zc,TA301,2012-06-08 09:00:43.320,7210.0000,119010,0,0.0000,4.0000,2,2,多换,B,7206.0000,0.0000,0.0000,0.0000,0.0000,7210.0000,0.0000,0.0000,0.0000,0.0000,28,0,0,0,0,17,0,0,0,0
zc,TA301,2012-06-08 09:00:44.070,7206.0000,119012,2,0.0000,2.0000,2,0,双开,S,7206.0000,0.0000,0.0000,0.0000,0.0000,7210.0000,0.0000,0.0000,0.0000,0.0000,27,0,0,0,0,17,0,0,0,0
zc,TA301,2012-06-08 09:00:44.600,7206.0000,119012,0,0.0000,0.0000,0,0,空换,S,7206.0000,0.0000,0.0000,0.0000,0.0000,7210.0000,0.0000,0.0000,0.0000,0.0000,27,0,0,0,0,11,0,0,0,0
zc,TA301,2012-06-08 09:00:45.367,7206.0000,119042,30,0.0000,30.0000,30,0,双开,S,7206.0000,0.0000,0.0000,0.0000,0.0000,7210.0000,0.0000,0.0000,0.0000,0.0000,12,0,0,0,0,11,0,0,0,0
zc,TA301,2012-06-08 09:00:47.350,7210.0000,119042,0,0.0000,2.0000,1,1,多换,B,7206.0000,0.0000,0.0000,0.0000,0.0000,7210.0000,0.0000,0.0000,0.0000,0.0000,12,0,0,0,0,11,0,0,0,0
zc,TA301,2012-06-08 09:00:47.837,7210.0000,119042,0,0.0000,0.0000,0,0,多换,B,7206.0000,0.0000,0.0000,0.0000,0.0000,7210.0000,0.0000,0.0000,0.0000,0.0000,12,0,0,0,0,17,0,0,0,0
zc,TA301,2012-06-08 09:00:48.600,7206.0000,119042,0,0.0000,24.0000,12,12,空换,S,7204.0000,0.0000,0.0000,0.0000,0.0000,7206.0000,0.0000,0.0000,0.0000,0.0000,23,0,0,0,0,12,0,0,0,0
zc,TA301,2012-06-08 09:00:49.147,7206.0000,119042,0,0.0000,4.0000,2,2,空换,S,7204.0000,0.0000,0.0000,0.0000,0.0000,7206.0000,0.0000,0.0000,0.0000,0.0000,23,0,0,0,0,10,0,0,0,0
zc,TA301,2012-06-08 09:00:49.883,7206.0000,119042,0,0.0000,2.0000,1,1,空换,S,7204.0000,0.0000,0.0000,0.0000,0.0000,7206.0000,0.0000,0.0000,0.0000,0.0000,24,0,0,0,0,9,0,0,0,0
zc,TA301,2012-06-08 09:00:50.337,7206.0000,119042,0,0.0000,4.0000,2,2,空换,S,7204.0000,0.0000,0.0000,0.0000,0.0000,7206.0000,0.0000,0.0000,0.0000,0.0000,26,0,0,0,0,7,0,0,0,0
zc,TA301,2012-06-08 09:00:51.087,7206.0000,119042,0,0.0000,2.0000,1,1,空换,S,7204.0000,0.0000,0.0000,0.0000,0.0000,7206.0000,0.0000,0.0000,0.0000,0.0000,67,0,0,0,0,6,0,0,0,0
zc,TA301,2012-06-08 09:00:51.617,7204.0000,119028,-14,0.0000,70.0000,28,42,多平,S,7204.0000,0.0000,0.0000,0.0000,0.0000,7206.0000,0.0000,0.0000,0.0000,0.0000,235,0,0,0,0,5,0,0,0,0
zc,TA301,2012-06-08 09:00:52.303,7206.0000,119028,0,0.0000,2.0000,1,1,多换,B,7204.0000,0.0000,0.0000,0.0000,0.0000,7206.0000,0.0000,0.0000,0.0000,0.0000,236,0,0,0,0,21,0,0,0,0
zc,TA301,2012-06-08 09:00:52.803,7206.0000,119026,-2,0.0000,8.0000,3,5,空平,B,7204.0000,0.0000,0.0000,0.0000,0.0000,7206.0000,0.0000,0.0000,0.0000,0.0000,235,0,0,0,0,18,0,0,0,0
zc,TA301,2012-06-08 09:00:53.553,7204.0000,119032,6,0.0000,6.0000,6,0,双开,S,7204.0000,0.0000,0.0000,0.0000,0.0000,7206.0000,0.0000,0.0000,0.0000,0.0000,232,0,0,0,0,18,0,0,0,0
zc,TA301,2012-06-08 09:00:54.133,7206.0000,119032,0,0.0000,36.0000,18,18,多换,B,7206.0000,0.0000,0.0000,0.0000,0.0000,7210.0000,0.0000,0.0000,0.0000,0.0000,25,0,0,0,0,13,0,0,0,0
zc,TA301,2012-06-08 09:00:54.820,7206.0000,119032,0,0.0000,0.0000,0,0,多换,B,7206.0000,0.0000,0.0000,0.0000,0.0000,7210.0000,0.0000,0.0000,0.0000,0.0000,29,0,0,0,0,13,0,0,0,0
zc,TA301,2012-06-08 09:00:55.320,7206.0000,119032,0,0.0000,0.0000,0,0,多换,B,7206.0000,0.0000,0.0000,0.0000,0.0000,7210.0000,0.0000,0.0000,0.0000,0.0000,36,0,0,0,0,13,0,0,0,0
zc,TA301,2012-06-08 09:00:56.070,7206.0000,119032,0,0.0000,0.0000,0,0,多换,B,7206.0000,0.0000,0.0000,0.0000,0.0000,7210.0000,0.0000,0.0000,0.0000,0.0000,37,0,0,0,0,13,0,0,0,0
zc,TA301,2012-06-08 09:00:56.587,7206.0000,119032,0,0.0000,10.0000,5,5,多换,B,7206.0000,0.0000,0.0000,0.0000,0.0000,7210.0000,0.0000,0.0000,0.0000,0.0000,36,0,0,0,0,13,0,0,0,0
zc,TA301,2012-06-08 09:00:57.320,7210.0000,119032,0,0.0000,6.0000,3,3,多换,B,7206.0000,0.0000,0.0000,0.0000,0.0000,7210.0000,0.0000,0.0000,0.0000,0.0000,36,0,0,0,0,11,0,0,0,0
zc,TA301,2012-06-08 09:00:57.820,7206.0000,119030,-2,0.0000,12.0000,5,7,多平,S,7206.0000,0.0000,0.0000,0.0000,0.0000,7210.0000,0.0000,0.0000,0.0000,0.0000,31,0,0,0,0,11,0,0,0,0
zc,TA301,2012-06-08 09:00:58.617,7206.0000,119070,40,0.0000,40.0000,40,0,双开,S,7206.0000,0.0000,0.0000,0.0000,0.0000,7210.0000,0.0000,0.0000,0.0000,0.0000,17,0,0,0,0,10,0,0,0,0
zc,TA301,2012-06-08 09:00:59.087,7206.0000,119072,2,0.0000,2.0000,2,0,双开,S,7206.0000,0.0000,0.0000,0.0000,0.0000,7210.0000,0.0000,0.0000,0.0000,0.0000,17,0,0,0,0,10,0,0,0,0
zc,TA301,2012-06-08 09:00:59.867,7206.0000,119072,0,0.0000,0.0000,0,0,空换,S,7208.0000,0.0000,0.0000,0.0000,0.0000,7210.0000,0.0000,0.0000,0.0000,0.0000,5,0,0,0,0,10,0,0,0,0
zc,TA301,2012-06-08 09:01:00.337,7208.0000,119062,-10,0.0000,40.0000,15,25,空平,B,7206.0000,0.0000,0.0000,0.0000,0.0000,7210.0000,0.0000,0.0000,0.0000,0.0000,17,0,0,0,0,8,0,0,0,0
zc,TA301,2012-06-08 09:01:01.070,7206.0000,119062,0,0.0000,12.0000,6,6,空换,S,7206.0000,0.0000,0.0000,0.0000,0.0000,7210.0000,0.0000,0.0000,0.0000,0.0000,8,0,0,0,0,10,0,0,0,0
zc,TA301,2012-06-08 09:01:01.913,7206.0000,119060,-2,0.0000,6.0000,2,4,多平,S,7208.0000,0.0000,0.0000,0.0000,0.0000,7210.0000,0.0000,0.0000,0.0000,0.0000,1,0,0,0,0,7,0,0,0,0
zc,TA301,2012-06-08 09:01:02.350,7210.0000,119064,4,0.0000,16.0000,10,6,多开,B,7206.0000,0.0000,0.0000,0.0000,0.0000,7210.0000,0.0000,0.0000,0.0000,0.0000,34,0,0,0,0,6,0,0,0,0
zc,TA301,2012-06-08 09:01:03.117,7210.0000,119068,4,0.0000,10.0000,7,3,多开,B,7206.0000,0.0000,0.0000,0.0000,0.0000,7210.0000,0.0000,0.0000,0.0000,0.0000,33,0,0,0,0,1,0,0,0,0
zc,TA301,2012-06-08 09:01:03.320,7210.0000,119068,0,0.0000,2.0000,1,1,多换,B,7206.0000,0.0000,0.0000,0.0000,0.0000,7212.0000,0.0000,0.0000,0.0000,0.0000,39,0,0,0,0,99,0,0,0,0
zc,TA301,2012-06-08 09:01:04.383,7210.0000,119068,0,0.0000,0.0000,0,0,多换,B,7206.0000,0.0000,0.0000,0.0000,0.0000,7212.0000,0.0000,0.0000,0.0000,0.0000,20,0,0,0,0,99,0,0,0,0
zc,TA301,2012-06-08 09:01:04.850,7210.0000,119068,0,0.0000,0.0000,0,0,多换,B,7206.0000,0.0000,0.0000,0.0000,0.0000,7210.0000,0.0000,0.0000,0.0000,0.0000,28,0,0,0,0,1,0,0,0,0
zc,TA301,2012-06-08 09:01:05.587,7212.0000,118830,-238,0.0000,268.0000,15,253,空平,B,7212.0000,0.0000,0.0000,0.0000,0.0000,7214.0000,0.0000,0.0000,0.0000,0.0000,189,0,0,0,0,11,0,0,0,0
zc,TA301,2012-06-08 09:01:06.117,7212.0000,118830,0,0.0000,62.0000,31,31,多换,B,7212.0000,0.0000,0.0000,0.0000,0.0000,7214.0000,0.0000,0.0000,0.0000,0.0000,158,0,0,0,0,1,0,0,0,0
zc,TA301,2012-06-08 09:01:06.867,7212.0000,118810,-20,0.0000,24.0000,2,22,空平,B,7212.0000,0.0000,0.0000,0.0000,0.0000,7214.0000,0.0000,0.0000,0.0000,0.0000,146,0,0,0,0,1,0,0,0,0
zc,TA301,2012-06-08 09:01:07.600,7212.0000,118810,0,0.0000,2.0000,1,1,多换,B,7212.0000,0.0000,0.0000,0.0000,0.0000,7214.0000,0.0000,0.0000,0.0000,0.0000,145,0,0,0,0,1,0,0,0,0
zc,TA301,2012-06-08 09:01:08.070,7214.0000,118808,-2,0.0000,8.0000,3,5,空平,B,7212.0000,0.0000,0.0000,0.0000,0.0000,7216.0000,0.0000,0.0000,0.0000,0.0000,145,0,0,0,0,13,0,0,0,0
zc,TA301,2012-06-08 09:01:08.647,7212.0000,118808,0,0.0000,18.0000,9,9,空换,S,7212.0000,0.0000,0.0000,0.0000,0.0000,7216.0000,0.0000,0.0000,0.0000,0.0000,136,0,0,0,0,16,0,0,0,0
zc,TA301,2012-06-08 09:01:09.350,7212.0000,118808,0,0.0000,0.0000,0,0,空换,S,7214.0000,0.0000,0.0000,0.0000,0.0000,7216.0000,0.0000,0.0000,0.0000,0.0000,5,0,0,0,0,16,0,0,0,0
zc,TA301,2012-06-08 09:01:10.087,7212.0000,118808,0,0.0000,0.0000,0,0,空换,S,7214.0000,0.0000,0.0000,0.0000,0.0000,7216.0000,0.0000,0.0000,0.0000,0.0000,5,0,0,0,0,17,0,0,0,0
zc,TA301,2012-06-08 09:01:10.867,7212.0000,118808,0,0.0000,0.0000,0,0,空换,S,7214.0000,0.0000,0.0000,0.0000,0.0000,7216.0000,0.0000,0.0000,0.0000,0.0000,6,0,0,0,0,16,0,0,0,0
zc,TA301,2012-06-08 09:01:11.337,7214.0000,118818,10,0.0000,10.0000,10,0,双开,B,7214.0000,0.0000,0.0000,0.0000,0.0000,7216.0000,0.0000,0.0000,0.0000,0.0000,1,0,0,0,0,12,0,0,0,0
zc,TA301,2012-06-08 09:01:12.100,7212.0000,118812,-6,0.0000,8.0000,1,7,多平,S,7212.0000,0.0000,0.0000,0.0000,0.0000,7216.0000,0.0000,0.0000,0.0000,0.0000,133,0,0,0,0,12,0,0,0,0
zc,TA301,2012-06-08 09:01:12.883,7216.0000,118790,-22,0.0000,28.0000,3,25,空平,B,7216.0000,0.0000,0.0000,0.0000,0.0000,7218.0000,0.0000,0.0000,0.0000,0.0000,64,0,0,0,0,27,0,0,0,0
zc,TA301,2012-06-08 09:01:13.663,7212.0000,118774,-16,0.0000,138.0000,61,77,多平,S,7216.0000,0.0000,0.0000,0.0000,0.0000,7218.0000,0.0000,0.0000,0.0000,0.0000,1,0,0,0,0,23,0,0,0,0
zc,TA301,2012-06-08 09:01:14.133,7220.0000,118778,4,0.0000,50.0000,27,23,多开,B,7216.0000,0.0000,0.0000,0.0000,0.0000,7220.0000,0.0000,0.0000,0.0000,0.0000,1,0,0,0,0,121,0,0,0,0
zc,TA301,2012-06-08 09:01:14.850,7216.0000,118780,2,0.0000,2.0000,2,0,双开,S,7214.0000,0.0000,0.0000,0.0000,0.0000,7218.0000,0.0000,0.0000,0.0000,0.0000,3,0,0,0,0,3,0,0,0,0
zc,TA301,2012-06-08 09:01:15.367,7218.0000,118782,2,0.0000,8.0000,5,3,多开,B,7214.0000,0.0000,0.0000,0.0000,0.0000,7218.0000,0.0000,0.0000,0.0000,0.0000,3,0,0,0,0,20,0,0,0,0
zc,TA301,2012-06-08 09:01:16.133,7218.0000,118812,30,0.0000,32.0000,31,1,多开,B,7216.0000,0.0000,0.0000,0.0000,0.0000,7218.0000,0.0000,0.0000,0.0000,0.0000,1,0,0,0,0,10,0,0,0,0
zc,TA301,2012-06-08 09:01:16.617,7218.0000,118824,12,0.0000,14.0000,13,1,多开,B,7218.0000,0.0000,0.0000,0.0000,0.0000,7220.0000,0.0000,0.0000,0.0000,0.0000,1,0,0,0,0,96,0,0,0,0
zc,TA301,2012-06-08 09:01:17.633,7218.0000,118884,60,0.0000,66.0000,63,3,多开,B,7216.0000,0.0000,0.0000,0.0000,0.0000,7218.0000,0.0000,0.0000,0.0000,0.0000,1,0,0,0,0,4,0,0,0,0
zc,TA301,2012-06-08 09:01:18.117,7218.0000,118884,0,0.0000,18.0000,9,9,多换,B,7218.0000,0.0000,0.0000,0.0000,0.0000,7220.0000,0.0000,0.0000,0.0000,0.0000,120,0,0,0,0,74,0,0,0,0
zc,TA301,2012-06-08 09:01:18.850,7218.0000,118864,-20,0.0000,20.0000,0,20,双平,B,7218.0000,0.0000,0.0000,0.0000,0.0000,7220.0000,0.0000,0.0000,0.0000,0.0000,140,0,0,0,0,74,0,0,0,0
zc,TA301,2012-06-08 09:01:19.320,7218.0000,118868,4,0.0000,162.0000,83,79,多开,B,7218.0000,0.0000,0.0000,0.0000,0.0000,7220.0000,0.0000,0.0000,0.0000,0.0000,62,0,0,0,0,197,0,0,0,0
zc,TA301,2012-06-08 09:01:20.133,7218.0000,118876,8,0.0000,132.0000,70,62,多开,B,7216.0000,0.0000,0.0000,0.0000,0.0000,7218.0000,0.0000,0.0000,0.0000,0.0000,2,0,0,0,0,34,0,0,0,0
zc,TA301,2012-06-08 09:01:20.837,7218.0000,118876,0,0.0000,0.0000,0,0,多换,B,7216.0000,0.0000,0.0000,0.0000,0.0000,7218.0000,0.0000,0.0000,0.0000,0.0000,2,0,0,0,0,16,0,0,0,0
zc,TA301,2012-06-08 09:01:21.350,7218.0000,118898,22,0.0000,24.0000,23,1,多开,B,7216.0000,0.0000,0.0000,0.0000,0.0000,7218.0000,0.0000,0.0000,0.0000,0.0000,2,0,0,0,0,52,0,0,0,0
zc,TA301,2012-06-08 09:01:22.100,7218.0000,118898,0,0.0000,2.0000,1,1,多换,B,7216.0000,0.0000,0.0000,0.0000,0.0000,7218.0000,0.0000,0.0000,0.0000,0.0000,2,0,0,0,0,30,0,0,0,0
zc,TA301,2012-06-08 09:01:22.850,7220.0000,118978,80,0.0000,100.0000,90,10,多开,B,7218.0000,0.0000,0.0000,0.0000,0.0000,7220.0000,0.0000,0.0000,0.0000,0.0000,5,0,0,0,0,102,0,0,0,0
zc,TA301,2012-06-08 09:01:23.350,7218.0000,118978,0,0.0000,4.0000,2,2,空换,S,7218.0000,0.0000,0.0000,0.0000,0.0000,7220.0000,0.0000,0.0000,0.0000,0.0000,3,0,0,0,0,102,0,0,0,0
zc,TA301,2012-06-08 09:01:23.837,7220.0000,119004,26,0.0000,28.0000,27,1,多开,B,7218.0000,0.0000,0.0000,0.0000,0.0000,7220.0000,0.0000,0.0000,0.0000,0.0000,1,0,0,0,0,10,0,0,0,0
zc,TA301,2012-06-08 09:01:24.600,7216.0000,119006,2,0.0000,6.0000,4,2,空开,S,7216.0000,0.0000,0.0000,0.0000,0.0000,7220.0000,0.0000,0.0000,0.0000,0.0000,1,0,0,0,0,3,0,0,0,0
zc,TA301,2012-06-08 09:01:25.087,7220.0000,119010,4,0.0000,6.0000,5,1,多开,B,7220.0000,0.0000,0.0000,0.0000,0.0000,7222.0000,0.0000,0.0000,0.0000,0.0000,1,0,0,0,0,111,0,0,0,0
zc,TA301,2012-06-08 09:01:25.837,7220.0000,119014,4,0.0000,4.0000,4,0,双开,B,7220.0000,0.0000,0.0000,0.0000,0.0000,7222.0000,0.0000,0.0000,0.0000,0.0000,9,0,0,0,0,111,0,0,0,0
zc,TA301,2012-06-08 09:01:26.553,7220.0000,119032,18,0.0000,18.0000,18,0,双开,B,7218.0000,0.0000,0.0000,0.0000,0.0000,7220.0000,0.0000,0.0000,0.0000,0.0000,1,0,0,0,0,11,0,0,0,0
zc,TA301,2012-06-08 09:01:27.100,7218.0000,119036,4,0.0000,12.0000,8,4,空开,S,7216.0000,0.0000,0.0000,0.0000,0.0000,7218.0000,0.0000,0.0000,0.0000,0.0000,4,0,0,0,0,20,0,0,0,0
zc,TA301,2012-06-08 09:01:28.100,7218.0000,119036,0,0.0000,0.0000,0,0,空换,S,7216.0000,0.0000,0.0000,0.0000,0.0000,7218.0000,0.0000,0.0000,0.0000,0.0000,3,0,0,0,0,21,0,0,0,0
zc,TA301,2012-06-08 09:01:28.397,7218.0000,119036,0,0.0000,2.0000,1,1,空换,S,7216.0000,0.0000,0.0000,0.0000,0.0000,7218.0000,0.0000,0.0000,0.0000,0.0000,3,0,0,0,0,16,0,0,0,0
zc,TA301,2012-06-08 09:01:29.070,7218.0000,119036,0,0.0000,2.0000,1,1,空换,S,7216.0000,0.0000,0.0000,0.0000,0.0000,7218.0000,0.0000,0.0000,0.0000,0.0000,3,0,0,0,0,15,0,0,0,0
zc,TA301,2012-06-08 09:01:29.523,7218.0000,119036,0,0.0000,2.0000,1,1,空换,S,7216.0000,0.0000,0.0000,0.0000,0.0000,7218.0000,0.0000,0.0000,0.0000,0.0000,3,0,0,0,0,14,0,0,0,0
zc,TA301,2012-06-08 09:01:29.897,7218.0000,119036,0,0.0000,0.0000,0,0,空换,S,7216.0000,0.0000,0.0000,0.0000,0.0000,7218.0000,0.0000,0.0000,0.0000,0.0000,3,0,0,0,0,28,0,0,0,0
zc,TA301,2012-06-08 09:01:30.413,7218.0000,119054,18,0.0000,26.0000,22,4,空开,S,7214.0000,0.0000,0.0000,0.0000,0.0000,7216.0000,0.0000,0.0000,0.0000,0.0000,5,0,0,0,0,4,0,0,0,0
zc,TA301,2012-06-08 09:01:31.070,7216.0000,119056,2,0.0000,2.0000,2,0,双开,S,7214.0000,0.0000,0.0000,0.0000,0.0000,7216.0000,0.0000,0.0000,0.0000,0.0000,5,0,0,0,0,17,0,0,0,0
zc,TA301,2012-06-08 09:01:31.867,7216.0000,119062,6,0.0000,6.0000,6,0,双开,S,7214.0000,0.0000,0.0000,0.0000,0.0000,7216.0000,0.0000,0.0000,0.0000,0.0000,5,0,0,0,0,14,0,0,0,0
zc,TA301,2012-06-08 09:01:32.883,7218.0000,119062,0,0.0000,296.0000,148,148,多换,B,7218.0000,0.0000,0.0000,0.0000,0.0000,7220.0000,0.0000,0.0000,0.0000,0.0000,102,0,0,0,0,188,0,0,0,0
zc,TA301,2012-06-08 09:01:33.803,7218.0000,119062,0,0.0000,112.0000,56,56,多换,B,7218.0000,0.0000,0.0000,0.0000,0.0000,7220.0000,0.0000,0.0000,0.0000,0.0000,46,0,0,0,0,133,0,0,0,0
zc,TA301,2012-06-08 09:01:34.100,7218.0000,119062,0,0.0000,16.0000,8,8,多换,B,7218.0000,0.0000,0.0000,0.0000,0.0000,7220.0000,0.0000,0.0000,0.0000,0.0000,38,0,0,0,0,125,0,0,0,0
zc,TA301,2012-06-08 09:01:34.820,7218.0000,119060,-2,0.0000,26.0000,12,14,空平,B,7218.0000,0.0000,0.0000,0.0000,0.0000,7220.0000,0.0000,0.0000,0.0000,0.0000,25,0,0,0,0,115,0,0,0,0
zc,TA301,2012-06-08 09:01:35.600,7220.0000,119062,2,0.0000,52.0000,27,25,多开,B,7216.0000,0.0000,0.0000,0.0000,0.0000,7220.0000,0.0000,0.0000,0.0000,0.0000,1,0,0,0,0,90,0,0,0,0
zc,TA301,2012-06-08 09:01:36.053,7220.0000,119066,4,0.0000,4.0000,4,0,双开,B,7216.0000,0.0000,0.0000,0.0000,0.0000,7220.0000,0.0000,0.0000,0.0000,0.0000,11,0,0,0,0,88,0,0,0,0
zc,TA301,2012-06-08 09:01:36.850,7218.0000,119072,6,0.0000,6.0000,6,0,双开,S,7216.0000,0.0000,0.0000,0.0000,0.0000,7218.0000,0.0000,0.0000,0.0000,0.0000,13,0,0,0,0,81,0,0,0,0
zc,TA301,2012-06-08 09:01:37.553,7218.0000,119074,2,0.0000,2.0000,2,0,双开,S,7216.0000,0.0000,0.0000,0.0000,0.0000,7218.0000,0.0000,0.0000,0.0000,0.0000,13,0,0,0,0,97,0,0,0,0
zc,TA301,2012-06-08 09:01:38.053,7218.0000,119178,104,0.0000,106.0000,105,1,空开,S,7216.0000,0.0000,0.0000,0.0000,0.0000,7218.0000,0.0000,0.0000,0.0000,0.0000,19,0,0,0,0,48,0,0,0,0
zc,TA301,2012-06-08 09:01:38.803,7218.0000,119238,60,0.0000,64.0000,62,2,空开,S,7214.0000,0.0000,0.0000,0.0000,0.0000,7218.0000,0.0000,0.0000,0.0000,0.0000,6,0,0,0,0,26,0,0,0,0
zc,TA301,2012-06-08 09:01:39.350,7216.0000,119258,20,0.0000,20.0000,20,0,双开,S,7212.0000,0.0000,0.0000,0.0000,0.0000,7214.0000,0.0000,0.0000,0.0000,0.0000,8,0,0,0,0,8,0,0,0,0
zc,TA301,2012-06-08 09:01:40.117,7216.0000,119268,10,0.0000,10.0000,10,0,双开,S,7212.0000,0.0000,0.0000,0.0000,0.0000,7216.0000,0.0000,0.0000,0.0000,0.0000,8,0,0,0,0,9,0,0,0,0
zc,TA301,2012-06-08 09:01:40.850,7214.0000,119274,6,0.0000,6.0000,6,0,双开,S,7212.0000,0.0000,0.0000,0.0000,0.0000,7216.0000,0.0000,0.0000,0.0000,0.0000,8,0,0,0,0,10,0,0,0,0
zc,TA301,2012-06-08 09:01:41.337,7214.0000,119274,0,0.0000,0.0000,0,0,空换,S,7214.0000,0.0000,0.0000,0.0000,0.0000,7216.0000,0.0000,0.0000,0.0000,0.0000,1,0,0,0,0,10,0,0,0,0
zc,TA301,2012-06-08 09:01:42.117,7214.0000,119274,0,0.0000,0.0000,0,0,空换,S,7214.0000,0.0000,0.0000,0.0000,0.0000,7216.0000,0.0000,0.0000,0.0000,0.0000,5,0,0,0,0,25,0,0,0,0
zc,TA301,2012-06-08 09:01:42.803,7214.0000,119284,10,0.0000,14.0000,12,2,空开,S,7212.0000,0.0000,0.0000,0.0000,0.0000,7216.0000,0.0000,0.0000,0.0000,0.0000,8,0,0,0,0,26,0,0,0,0
zc,TA301,2012-06-08 09:01:43.303,7214.0000,119284,0,0.0000,0.0000,0,0,空换,S,7212.0000,0.0000,0.0000,0.0000,0.0000,7214.0000,0.0000,0.0000,0.0000,0.0000,8,0,0,0,0,10,0,0,0,0
zc,TA301,2012-06-08 09:01:44.133,7212.0000,119286,2,0.0000,2.0000,2,0,双开,S,7212.0000,0.0000,0.0000,0.0000,0.0000,7214.0000,0.0000,0.0000,0.0000,0.0000,7,0,0,0,0,10,0,0,0,0
zc,TA301,2012-06-08 09:01:44.837,7212.0000,119286,0,0.0000,0.0000,0,0,空换,S,7212.0000,0.0000,0.0000,0.0000,0.0000,7214.0000,0.0000,0.0000,0.0000,0.0000,8,0,0,0,0,10,0,0,0,0
zc,TA301,2012-06-08 09:01:45.100,7216.0000,119306,20,0.0000,26.0000,23,3,多开,B,7214.0000,0.0000,0.0000,0.0000,0.0000,7216.0000,0.0000,0.0000,0.0000,0.0000,2,0,0,0,0,4,0,0,0,0
zc,TA301,2012-06-08 09:01:45.820,7214.0000,119310,4,0.0000,4.0000,4,0,双开,S,7212.0000,0.0000,0.0000,0.0000,0.0000,7216.0000,0.0000,0.0000,0.0000,0.0000,9,0,0,0,0,7,0,0,0,0
zc,TA301,2012-06-08 09:01:46.570,7216.0000,119328,18,0.0000,22.0000,20,2,多开,B,7210.0000,0.0000,0.0000,0.0000,0.0000,7216.0000,0.0000,0.0000,0.0000,0.0000,7,0,0,0,0,8,0,0,0,0
zc,TA301,2012-06-08 09:01:47.053,7216.0000,119328,0,0.0000,0.0000,0,0,多换,B,7210.0000,0.0000,0.0000,0.0000,0.0000,7216.0000,0.0000,0.0000,0.0000,0.0000,7,0,0,0,0,9,0,0,0,0
zc,TA301,2012-06-08 09:01:47.600,7216.0000,119330,2,0.0000,4.0000,3,1,多开,B,7210.0000,0.0000,0.0000,0.0000,0.0000,7214.0000,0.0000,0.0000,0.0000,0.0000,6,0,0,0,0,5,0,0,0,0
zc,TA301,2012-06-08 09:01:48.337,7216.0000,119330,0,0.0000,6.0000,3,3,多换,B,7210.0000,0.0000,0.0000,0.0000,0.0000,7216.0000,0.0000,0.0000,0.0000,0.0000,7,0,0,0,0,5,0,0,0,0
zc,TA301,2012-06-08 09:01:48.790,7216.0000,119330,0,0.0000,0.0000,0,0,多换,B,7214.0000,0.0000,0.0000,0.0000,0.0000,7216.0000,0.0000,0.0000,0.0000,0.0000,1,0,0,0,0,5,0,0,0,0
zc,TA301,2012-06-08 09:01:49.617,7214.0000,119334,4,0.0000,6.0000,5,1,空开,S,7212.0000,0.0000,0.0000,0.0000,0.0000,7216.0000,0.0000,0.0000,0.0000,0.0000,179,0,0,0,0,13,0,0,0,0
zc,TA301,2012-06-08 09:01:50.290,7214.0000,119334,0,0.0000,0.0000,0,0,空换,S,7212.0000,0.0000,0.0000,0.0000,0.0000,7216.0000,0.0000,0.0000,0.0000,0.0000,180,0,0,0,0,13,0,0,0,0
zc,TA301,2012-06-08 09:01:50.867,7216.0000,119334,0,0.0000,12.0000,6,6,多换,B,7212.0000,0.0000,0.0000,0.0000,0.0000,7216.0000,0.0000,0.0000,0.0000,0.0000,180,0,0,0,0,7,0,0,0,0
zc,TA301,2012-06-08 09:01:51.633,7216.0000,119334,0,0.0000,200.0000,100,100,多换,B,7212.0000,0.0000,0.0000,0.0000,0.0000,7216.0000,0.0000,0.0000,0.0000,0.0000,180,0,0,0,0,125,0,0,0,0
zc,TA301,2012-06-08 09:01:52.383,7214.0000,119332,-2,0.0000,58.0000,28,30,多平,S,7212.0000,0.0000,0.0000,0.0000,0.0000,7214.0000,0.0000,0.0000,0.0000,0.0000,180,0,0,0,0,97,0,0,0,0
zc,TA301,2012-06-08 09:01:52.587,7214.0000,119332,0,0.0000,4.0000,2,2,空换,S,7212.0000,0.0000,0.0000,0.0000,0.0000,7214.0000,0.0000,0.0000,0.0000,0.0000,181,0,0,0,0,95,0,0,0,0
zc,TA301,2012-06-08 09:01:53.337,7214.0000,119332,0,0.0000,0.0000,0,0,空换,S,7216.0000,0.0000,0.0000,0.0000,0.0000,7218.0000,0.0000,0.0000,0.0000,0.0000,40,0,0,0,0,120,0,0,0,0
zc,TA301,2012-06-08 09:01:54.117,7216.0000,119378,46,0.0000,48.0000,47,1,多开,B,7216.0000,0.0000,0.0000,0.0000,0.0000,7218.0000,0.0000,0.0000,0.0000,0.0000,16,0,0,0,0,97,0,0,0,0
zc,TA301,2012-06-08 09:01:54.350,7212.0000,119414,36,0.0000,78.0000,57,21,空开,S,7212.0000,0.0000,0.0000,0.0000,0.0000,7214.0000,0.0000,0.0000,0.0000,0.0000,160,0,0,0,0,11,0,0,0,0
zc,TA301,2012-06-08 09:01:55.087,7214.0000,119422,8,0.0000,12.0000,10,2,多开,B,7212.0000,0.0000,0.0000,0.0000,0.0000,7214.0000,0.0000,0.0000,0.0000,0.0000,158,0,0,0,0,28,0,0,0,0
zc,TA301,2012-06-08 09:01:55.820,7212.0000,119440,18,0.0000,30.0000,24,6,空开,S,7212.0000,0.0000,0.0000,0.0000,0.0000,7214.0000,0.0000,0.0000,0.0000,0.0000,153,0,0,0,0,15,0,0,0,0
zc,TA301,2012-06-08 09:01:56.320,7212.0000,119442,2,0.0000,22.0000,12,10,空开,S,7212.0000,0.0000,0.0000,0.0000,0.0000,7214.0000,0.0000,0.0000,0.0000,0.0000,143,0,0,0,0,4,0,0,0,0
zc,TA301,2012-06-08 09:01:57.117,7212.0000,119442,0,0.0000,54.0000,27,27,空换,S,7212.0000,0.0000,0.0000,0.0000,0.0000,7214.0000,0.0000,0.0000,0.0000,0.0000,124,0,0,0,0,2,0,0,0,0
zc,TA301,2012-06-08 09:01:58.133,7212.0000,119442,0,0.0000,112.0000,56,56,空换,S,7212.0000,0.0000,0.0000,0.0000,0.0000,7214.0000,0.0000,0.0000,0.0000,0.0000,69,0,0,0,0,2,0,0,0,0
zc,TA301,2012-06-08 09:01:58.803,7212.0000,119442,0,0.0000,2.0000,1,1,空换,S,7212.0000,0.0000,0.0000,0.0000,0.0000,7214.0000,0.0000,0.0000,0.0000,0.0000,68,0,0,0,0,1,0,0,0,0
zc,TA301,2012-06-08 09:01:59.303,7212.0000,119444,2,0.0000,46.0000,24,22,空开,S,7212.0000,0.0000,0.0000,0.0000,0.0000,7214.0000,0.0000,0.0000,0.0000,0.0000,46,0,0,0,0,2,0,0,0,0
zc,TA301,2012-06-08 09:01:59.837,7214.0000,119456,12,0.0000,94.0000,53,41,多开,B,7210.0000,0.0000,0.0000,0.0000,0.0000,7214.0000,0.0000,0.0000,0.0000,0.0000,7,0,0,0,0,9,0,0,0,0
zc,TA301,2012-06-08 09:02:01.117,7210.0000,119468,12,0.0000,12.0000,12,0,双开,S,7210.0000,0.0000,0.0000,0.0000,0.0000,7212.0000,0.0000,0.0000,0.0000,0.0000,6,0,0,0,0,2,0,0,0,0
zc,TA301,2012-06-08 09:02:01.600,7210.0000,119484,16,0.0000,16.0000,16,0,双开,S,7208.0000,0.0000,0.0000,0.0000,0.0000,7210.0000,0.0000,0.0000,0.0000,0.0000,1,0,0,0,0,3,0,0,0,0
zc,TA301,2012-06-08 09:02:02.290,7214.0000,119544,60,0.0000,110.0000,85,25,多开,B,7208.0000,0.0000,0.0000,0.0000,0.0000,7210.0000,0.0000,0.0000,0.0000,0.0000,3,0,0,0,0,29,0,0,0,0
zc,TA301,2012-06-08 09:02:03.070,7212.0000,119544,0,0.0000,4.0000,2,2,空换,S,7208.0000,0.0000,0.0000,0.0000,0.0000,7210.0000,0.0000,0.0000,0.0000,0.0000,9,0,0,0,0,29,0,0,0,0
zc,TA301,2012-06-08 09:02:03.587,7210.0000,119532,-12,0.0000,12.0000,0,12,双平,S,7208.0000,0.0000,0.0000,0.0000,0.0000,7210.0000,0.0000,0.0000,0.0000,0.0000,6,0,0,0,0,23,0,0,0,0
zc,TA301,2012-06-08 09:02:04.320,7210.0000,119532,0,0.0000,4.0000,2,2,空换,S,7208.0000,0.0000,0.0000,0.0000,0.0000,7210.0000,0.0000,0.0000,0.0000,0.0000,5,0,0,0,0,25,0,0,0,0
zc,TA301,2012-06-08 09:02:04.867,7210.0000,119490,-42,0.0000,52.0000,5,47,多平,S,7210.0000,0.0000,0.0000,0.0000,0.0000,7214.0000,0.0000,0.0000,0.0000,0.0000,77,0,0,0,0,1,0,0,0,0
zc,TA301,2012-06-08 09:02:05.320,7210.0000,119488,-2,0.0000,2.0000,0,2,双平,S,7210.0000,0.0000,0.0000,0.0000,0.0000,7214.0000,0.0000,0.0000,0.0000,0.0000,76,0,0,0,0,1,0,0,0,0
zc,TA301,2012-06-08 09:02:06.820,7210.0000,119488,0,0.0000,122.0000,61,61,空换,S,7210.0000,0.0000,0.0000,0.0000,0.0000,7212.0000,0.0000,0.0000,0.0000,0.0000,13,0,0,0,0,13,0,0,0,0
zc,TA301,2012-06-08 09:02:07.070,7210.0000,119488,0,0.0000,2.0000,1,1,空换,S,7210.0000,0.0000,0.0000,0.0000,0.0000,7212.0000,0.0000,0.0000,0.0000,0.0000,37,0,0,0,0,11,0,0,0,0
zc,TA301,2012-06-08 09:02:08.100,7210.0000,119416,-72,0.0000,78.0000,3,75,多平,S,7208.0000,0.0000,0.0000,0.0000,0.0000,7210.0000,0.0000,0.0000,0.0000,0.0000,11,0,0,0,0,43,0,0,0,0
zc,TA301,2012-06-08 09:02:08.600,7210.0000,119416,0,0.0000,6.0000,3,3,空换,S,7208.0000,0.0000,0.0000,0.0000,0.0000,7210.0000,0.0000,0.0000,0.0000,0.0000,8,0,0,0,0,227,0,0,0,0
zc,TA301,2012-06-08 09:02:09.070,7210.0000,119414,-2,0.0000,2.0000,0,2,双平,S,7208.0000,0.0000,0.0000,0.0000,0.0000,7210.0000,0.0000,0.0000,0.0000,0.0000,10,0,0,0,0,226,0,0,0,0
zc,TA301,2012-06-08 09:02:09.850,7208.0000,119432,18,0.0000,36.0000,27,9,空开,S,7206.0000,0.0000,0.0000,0.0000,0.0000,7208.0000,0.0000,0.0000,0.0000,0.0000,12,0,0,0,0,5,0,0,0,0
zc,TA301,2012-06-08 09:02:10.570,7210.0000,119442,10,0.0000,20.0000,15,5,多开,B,7206.0000,0.0000,0.0000,0.0000,0.0000,7210.0000,0.0000,0.0000,0.0000,0.0000,12,0,0,0,0,127,0,0,0,0
zc,TA301,2012-06-08 09:02:11.070,7210.0000,119442,0,0.0000,2.0000,1,1,多换,B,7206.0000,0.0000,0.0000,0.0000,0.0000,7210.0000,0.0000,0.0000,0.0000,0.0000,12,0,0,0,0,155,0,0,0,0
zc,TA301,2012-06-08 09:02:11.570,7210.0000,119442,0,0.0000,0.0000,0,0,多换,B,7206.0000,0.0000,0.0000,0.0000,0.0000,7208.0000,0.0000,0.0000,0.0000,0.0000,12,0,0,0,0,30,0,0,0,0
zc,TA301,2012-06-08 09:02:12.337,7208.0000,119442,0,0.0000,2.0000,1,1,空换,S,7206.0000,0.0000,0.0000,0.0000,0.0000,7208.0000,0.0000,0.0000,0.0000,0.0000,16,0,0,0,0,66,0,0,0,0
zc,TA301,2012-06-08 09:02:12.837,7206.0000,119456,14,0.0000,24.0000,19,5,空开,S,7206.0000,0.0000,0.0000,0.0000,0.0000,7208.0000,0.0000,0.0000,0.0000,0.0000,7,0,0,0,0,64,0,0,0,0
zc,TA301,2012-06-08 09:02:13.523,7206.0000,119458,2,0.0000,8.0000,5,3,空开,S,7206.0000,0.0000,0.0000,0.0000,0.0000,7208.0000,0.0000,0.0000,0.0000,0.0000,6,0,0,0,0,64,0,0,0,0
zc,TA301,2012-06-08 09:02:14.070,7206.0000,119456,-2,0.0000,2.0000,0,2,双平,S,7206.0000,0.0000,0.0000,0.0000,0.0000,7208.0000,0.0000,0.0000,0.0000,0.0000,6,0,0,0,0,64,0,0,0,0
zc,TA301,2012-06-08 09:02:14.540,7208.0000,119452,-4,0.0000,4.0000,0,4,双平,B,7206.0000,0.0000,0.0000,0.0000,0.0000,7208.0000,0.0000,0.0000,0.0000,0.0000,8,0,0,0,0,62,0,0,0,0
zc,TA301,2012-06-08 09:02:15.383,7204.0000,119472,20,0.0000,140.0000,80,60,空开,S,7202.0000,0.0000,0.0000,0.0000,0.0000,7204.0000,0.0000,0.0000,0.0000,0.0000,11,0,0,0,0,132,0,0,0,0
zc,TA301,2012-06-08 09:02:15.820,7204.0000,119476,4,0.0000,24.0000,14,10,空开,S,7202.0000,0.0000,0.0000,0.0000,0.0000,7204.0000,0.0000,0.0000,0.0000,0.0000,6,0,0,0,0,120,0,0,0,0
zc,TA301,2012-06-08 09:02:16.540,7204.0000,119492,16,0.0000,16.0000,16,0,双开,S,7202.0000,0.0000,0.0000,0.0000,0.0000,7204.0000,0.0000,0.0000,0.0000,0.0000,6,0,0,0,0,112,0,0,0,0
zc,TA301,2012-06-08 09:02:17.070,7204.0000,119492,0,0.0000,0.0000,0,0,空换,S,7202.0000,0.0000,0.0000,0.0000,0.0000,7204.0000,0.0000,0.0000,0.0000,0.0000,9,0,0,0,0,113,0,0,0,0
zc,TA301,2012-06-08 09:02:17.837,7202.0000,119512,20,0.0000,20.0000,20,0,双开,S,7202.0000,0.0000,0.0000,0.0000,0.0000,7204.0000,0.0000,0.0000,0.0000,0.0000,9,0,0,0,0,113,0,0,0,0
zc,TA301,2012-06-08 09:02:18.350,7204.0000,119516,4,0.0000,8.0000,6,2,多开,B,7202.0000,0.0000,0.0000,0.0000,0.0000,7204.0000,0.0000,0.0000,0.0000,0.0000,10,0,0,0,0,112,0,0,0,0
zc,TA301,2012-06-08 09:02:19.040,7204.0000,119520,4,0.0000,4.0000,4,0,双开,B,7202.0000,0.0000,0.0000,0.0000,0.0000,7204.0000,0.0000,0.0000,0.0000,0.0000,19,0,0,0,0,111,0,0,0,0
zc,TA301,2012-06-08 09:02:20.100,7202.0000,119514,-6,0.0000,24.0000,9,15,多平,S,7202.0000,0.0000,0.0000,0.0000,0.0000,7204.0000,0.0000,0.0000,0.0000,0.0000,18,0,0,0,0,111,0,0,0,0
zc,TA301,2012-06-08 09:02:20.820,7202.0000,119514,0,0.0000,0.0000,0,0,空换,S,7202.0000,0.0000,0.0000,0.0000,0.0000,7204.0000,0.0000,0.0000,0.0000,0.0000,24,0,0,0,0,111,0,0,0,0
zc,TA301,2012-06-08 09:02:21.303,7204.0000,119514,0,0.0000,30.0000,15,15,多换,B,7202.0000,0.0000,0.0000,0.0000,0.0000,7204.0000,0.0000,0.0000,0.0000,0.0000,19,0,0,0,0,105,0,0,0,0
zc,TA301,2012-06-08 09:02:21.837,7202.0000,119516,2,0.0000,2.0000,2,0,双开,S,7202.0000,0.0000,0.0000,0.0000,0.0000,7204.0000,0.0000,0.0000,0.0000,0.0000,14,0,0,0,0,106,0,0,0,0
zc,TA301,2012-06-08 09:02:22.850,7202.0000,119506,-10,0.0000,70.0000,30,40,多平,S,7200.0000,0.0000,0.0000,0.0000,0.0000,7204.0000,0.0000,0.0000,0.0000,0.0000,216,0,0,0,0,97,0,0,0,0
zc,TA301,2012-06-08 09:02:23.367,7200.0000,119506,0,0.0000,4.0000,2,2,空换,S,7200.0000,0.0000,0.0000,0.0000,0.0000,7202.0000,0.0000,0.0000,0.0000,0.0000,216,0,0,0,0,1,0,0,0,0
zc,TA301,2012-06-08 09:02:23.850,7202.0000,119510,4,0.0000,58.0000,31,27,多开,B,7202.0000,0.0000,0.0000,0.0000,0.0000,7204.0000,0.0000,0.0000,0.0000,0.0000,4,0,0,0,0,81,0,0,0,0
zc,TA301,2012-06-08 09:02:24.587,7202.0000,119510,0,0.0000,0.0000,0,0,多换,B,7202.0000,0.0000,0.0000,0.0000,0.0000,7204.0000,0.0000,0.0000,0.0000,0.0000,5,0,0,0,0,82,0,0,0,0
zc,TA301,2012-06-08 09:02:25.117,7202.0000,119532,22,0.0000,48.0000,35,13,多开,B,7200.0000,0.0000,0.0000,0.0000,0.0000,7204.0000,0.0000,0.0000,0.0000,0.0000,226,0,0,0,0,68,0,0,0,0
zc,TA301,2012-06-08 09:02:25.570,7202.0000,119536,4,0.0000,4.0000,4,0,双开,B,7200.0000,0.0000,0.0000,0.0000,0.0000,7202.0000,0.0000,0.0000,0.0000,0.0000,227,0,0,0,0,1,0,0,0,0
zc,TA301,2012-06-08 09:02:26.087,7202.0000,119536,0,0.0000,0.0000,0,0,多换,B,7200.0000,0.0000,0.0000,0.0000,0.0000,7202.0000,0.0000,0.0000,0.0000,0.0000,227,0,0,0,0,25,0,0,0,0
zc,TA301,2012-06-08 09:02:26.820,7200.0000,119534,-2,0.0000,4.0000,1,3,多平,S,7200.0000,0.0000,0.0000,0.0000,0.0000,7202.0000,0.0000,0.0000,0.0000,0.0000,225,0,0,0,0,27,0,0,0,0
zc,TA301,2012-06-08 09:02:27.553,7200.0000,119534,0,0.0000,2.0000,1,1,空换,S,7200.0000,0.0000,0.0000,0.0000,0.0000,7202.0000,0.0000,0.0000,0.0000,0.0000,225,0,0,0,0,26,0,0,0,0
zc,TA301,2012-06-08 09:02:28.087,7200.0000,119518,-16,0.0000,52.0000,18,34,多平,S,7200.0000,0.0000,0.0000,0.0000,0.0000,7202.0000,0.0000,0.0000,0.0000,0.0000,216,0,0,0,0,10,0,0,0,0
zc,TA301,2012-06-08 09:02:28.790,7200.0000,119516,-2,0.0000,4.0000,1,3,多平,S,7200.0000,0.0000,0.0000,0.0000,0.0000,7202.0000,0.0000,0.0000,0.0000,0.0000,215,0,0,0,0,16,0,0,0,0
zc,TA301,2012-06-08 09:02:30.070,7202.0000,119530,14,0.0000,60.0000,37,23,多开,B,7200.0000,0.0000,0.0000,0.0000,0.0000,7202.0000,0.0000,0.0000,0.0000,0.0000,203,0,0,0,0,2,0,0,0,0
zc,TA301,2012-06-08 09:02:30.553,7200.0000,119720,190,0.0000,206.0000,198,8,空开,S,7200.0000,0.0000,0.0000,0.0000,0.0000,7202.0000,0.0000,0.0000,0.0000,0.0000,125,0,0,0,0,4,0,0,0,0
zc,TA301,2012-06-08 09:02:31.367,7198.0000,119948,228,0.0000,264.0000,246,18,空开,S,7198.0000,0.0000,0.0000,0.0000,0.0000,7200.0000,0.0000,0.0000,0.0000,0.0000,14,0,0,0,0,9,0,0,0,0
zc,TA301,2012-06-08 09:02:31.883,7196.0000,119974,26,0.0000,36.0000,31,5,空开,S,7196.0000,0.0000,0.0000,0.0000,0.0000,7198.0000,0.0000,0.0000,0.0000,0.0000,8,0,0,0,0,15,0,0,0,0
zc,TA301,2012-06-08 09:02:32.837,7196.0000,120014,40,0.0000,42.0000,41,1,空开,S,7194.0000,0.0000,0.0000,0.0000,0.0000,7196.0000,0.0000,0.0000,0.0000,0.0000,10,0,0,0,0,13,0,0,0,0
zc,TA301,2012-06-08 09:02:33.337,7194.0000,120022,8,0.0000,8.0000,8,0,双开,S,7194.0000,0.0000,0.0000,0.0000,0.0000,7196.0000,0.0000,0.0000,0.0000,0.0000,8,0,0,0,0,36,0,0,0,0
zc,TA301,2012-06-08 09:02:34.053,7194.0000,120022,0,0.0000,6.0000,3,3,空换,S,7194.0000,0.0000,0.0000,0.0000,0.0000,7196.0000,0.0000,0.0000,0.0000,0.0000,5,0,0,0,0,35,0,0,0,0
zc,TA301,2012-06-08 09:02:34.600,7194.0000,120026,4,0.0000,10.0000,7,3,空开,S,7192.0000,0.0000,0.0000,0.0000,0.0000,7196.0000,0.0000,0.0000,0.0000,0.0000,25,0,0,0,0,37,0,0,0,0
zc,TA301,2012-06-08 09:02:35.303,7194.0000,120026,0,0.0000,0.0000,0,0,空换,S,7192.0000,0.0000,0.0000,0.0000,0.0000,7194.0000,0.0000,0.0000,0.0000,0.0000,25,0,0,0,0,8,0,0,0,0
zc,TA301,2012-06-08 09:02:35.837,7194.0000,120028,2,0.0000,2.0000,2,0,双开,S,7192.0000,0.0000,0.0000,0.0000,0.0000,7194.0000,0.0000,0.0000,0.0000,0.0000,25,0,0,0,0,1,0,0,0,0
zc,TA301,2012-06-08 09:02:36.570,7194.0000,120142,114,0.0000,122.0000,118,4,空开,S,7192.0000,0.0000,0.0000,0.0000,0.0000,7194.0000,0.0000,0.0000,0.0000,0.0000,16,0,0,0,0,19,0,0,0,0
zc,TA301,2012-06-08 09:02:37.100,7192.0000,120164,22,0.0000,28.0000,25,3,空开,S,7192.0000,0.0000,0.0000,0.0000,0.0000,7194.0000,0.0000,0.0000,0.0000,0.0000,4,0,0,0,0,11,0,0,0,0
zc,TA301,2012-06-08 09:02:38.147,7194.0000,120182,18,0.0000,28.0000,23,5,多开,B,7190.0000,0.0000,0.0000,0.0000,0.0000,7192.0000,0.0000,0.0000,0.0000,0.0000,20,0,0,0,0,1,0,0,0,0
zc,TA301,2012-06-08 09:02:38.850,7192.0000,120198,16,0.0000,22.0000,19,3,空开,S,7190.0000,0.0000,0.0000,0.0000,0.0000,7194.0000,0.0000,0.0000,0.0000,0.0000,20,0,0,0,0,4,0,0,0,0
zc,TA301,2012-06-08 09:02:39.303,7192.0000,120198,0,0.0000,0.0000,0,0,空换,S,7190.0000,0.0000,0.0000,0.0000,0.0000,7192.0000,0.0000,0.0000,0.0000,0.0000,21,0,0,0,0,1,0,0,0,0
zc,TA301,2012-06-08 09:02:40.133,7190.0000,120180,-18,0.0000,58.0000,20,38,多平,S,7190.0000,0.0000,0.0000,0.0000,0.0000,7192.0000,0.0000,0.0000,0.0000,0.0000,3,0,0,0,0,27,0,0,0,0
zc,TA301,2012-06-08 09:02:40.600,7188.0000,120190,10,0.0000,66.0000,38,28,空开,S,7186.0000,0.0000,0.0000,0.0000,0.0000,7190.0000,0.0000,0.0000,0.0000,0.0000,11,0,0,0,0,7,0,0,0,0
zc,TA301,2012-06-08 09:02:41.320,7188.0000,120190,0,0.0000,0.0000,0,0,空换,S,7186.0000,0.0000,0.0000,0.0000,0.0000,7190.0000,0.0000,0.0000,0.0000,0.0000,2,0,0,0,0,8,0,0,0,0
zc,TA301,2012-06-08 09:02:41.867,7188.0000,120208,18,0.0000,20.0000,19,1,空开,S,7188.0000,0.0000,0.0000,0.0000,0.0000,7190.0000,0.0000,0.0000,0.0000,0.0000,5,0,0,0,0,23,0,0,0,0
zc,TA301,2012-06-08 09:02:42.587,7190.0000,120212,4,0.0000,6.0000,5,1,多开,B,7188.0000,0.0000,0.0000,0.0000,0.0000,7190.0000,0.0000,0.0000,0.0000,0.0000,4,0,0,0,0,14,0,0,0,0
zc,TA301,2012-06-08 09:02:43.337,7186.0000,120236,24,0.0000,44.0000,34,10,空开,S,7186.0000,0.0000,0.0000,0.0000,0.0000,7188.0000,0.0000,0.0000,0.0000,0.0000,5,0,0,0,0,1,0,0,0,0
zc,TA301,2012-06-08 09:02:43.867,7188.0000,120398,162,0.0000,192.0000,177,15,多开,B,7182.0000,0.0000,0.0000,0.0000,0.0000,7186.0000,0.0000,0.0000,0.0000,0.0000,1,0,0,0,0,2,0,0,0,0
zc,TA301,2012-06-08 09:02:44.587,7180.0000,120410,12,0.0000,20.0000,16,4,空开,S,7184.0000,0.0000,0.0000,0.0000,0.0000,7186.0000,0.0000,0.0000,0.0000,0.0000,10,0,0,0,0,14,0,0,0,0
zc,TA301,2012-06-08 09:02:45.117,7176.0000,120544,134,0.0000,188.0000,161,27,空开,S,7176.0000,0.0000,0.0000,0.0000,0.0000,7178.0000,0.0000,0.0000,0.0000,0.0000,11,0,0,0,0,33,0,0,0,0
zc,TA301,2012-06-08 09:02:45.867,7176.0000,120570,26,0.0000,26.0000,26,0,双开,S,7174.0000,0.0000,0.0000,0.0000,0.0000,7176.0000,0.0000,0.0000,0.0000,0.0000,6,0,0,0,0,11,0,0,0,0
zc,TA301,2012-06-08 09:02:46.647,7166.0000,120638,68,0.0000,106.0000,87,19,空开,S,7164.0000,0.0000,0.0000,0.0000,0.0000,7166.0000,0.0000,0.0000,0.0000,0.0000,1,0,0,0,0,1,0,0,0,0
zc,TA301,2012-06-08 09:02:47.163,7168.0000,120656,18,0.0000,42.0000,30,12,多开,B,7156.0000,0.0000,0.0000,0.0000,0.0000,7158.0000,0.0000,0.0000,0.0000,0.0000,1,0,0,0,0,2,0,0,0,0
zc,TA301,2012-06-08 09:02:47.850,7158.0000,120700,44,0.0000,258.0000,151,107,空开,S,7156.0000,0.0000,0.0000,0.0000,0.0000,7172.0000,0.0000,0.0000,0.0000,0.0000,1,0,0,0,0,52,0,0,0,0
zc,TA301,2012-06-08 09:02:48.633,7154.0000,120682,-18,0.0000,26.0000,4,22,多平,S,7152.0000,0.0000,0.0000,0.0000,0.0000,7156.0000,0.0000,0.0000,0.0000,0.0000,13,0,0,0,0,18,0,0,0,0
zc,TA301,2012-06-08 09:02:49.383,7152.0000,120672,-10,0.0000,56.0000,23,33,多平,S,7152.0000,0.0000,0.0000,0.0000,0.0000,7166.0000,0.0000,0.0000,0.0000,0.0000,11,0,0,0,0,17,0,0,0,0
zc,TA301,2012-06-08 09:02:49.837,7152.0000,120708,36,0.0000,86.0000,61,25,空开,S,7154.0000,0.0000,0.0000,0.0000,0.0000,7166.0000,0.0000,0.0000,0.0000,0.0000,2,0,0,0,0,11,0,0,0,0
zc,TA301,2012-06-08 09:02:50.570,7154.0000,120698,-10,0.0000,40.0000,15,25,空平,B,7152.0000,0.0000,0.0000,0.0000,0.0000,7166.0000,0.0000,0.0000,0.0000,0.0000,17,0,0,0,0,9,0,0,0,0
zc,TA301,2012-06-08 09:02:51.087,7152.0000,120694,-4,0.0000,42.0000,19,23,多平,S,7156.0000,0.0000,0.0000,0.0000,0.0000,7164.0000,0.0000,0.0000,0.0000,0.0000,9,0,0,0,0,51,0,0,0,0
zc,TA301,2012-06-08 09:02:51.617,7160.0000,120684,-10,0.0000,62.0000,26,36,空平,B,7160.0000,0.0000,0.0000,0.0000,0.0000,7162.0000,0.0000,0.0000,0.0000,0.0000,12,0,0,0,0,3,0,0,0,0
zc,TA301,2012-06-08 09:02:52.367,7154.0000,120712,28,0.0000,96.0000,62,34,空开,S,7156.0000,0.0000,0.0000,0.0000,0.0000,7164.0000,0.0000,0.0000,0.0000,0.0000,1,0,0,0,0,43,0,0,0,0
zc,TA301,2012-06-08 09:02:53.100,7164.0000,120670,-42,0.0000,80.0000,19,61,空平,B,7162.0000,0.0000,0.0000,0.0000,0.0000,7164.0000,0.0000,0.0000,0.0000,0.0000,2,0,0,0,0,9,0,0,0,0
zc,TA301,2012-06-08 09:02:53.850,7164.0000,120656,-14,0.0000,26.0000,6,20,空平,B,7160.0000,0.0000,0.0000,0.0000,0.0000,7166.0000,0.0000,0.0000,0.0000,0.0000,1,0,0,0,0,1,0,0,0,0
zc,TA301,2012-06-08 09:02:54.367,7164.0000,120656,0,0.0000,12.0000,6,6,多换,B,7158.0000,0.0000,0.0000,0.0000,0.0000,7164.0000,0.0000,0.0000,0.0000,0.0000,1,0,0,0,0,6,0,0,0,0
zc,TA301,2012-06-08 09:02:55.133,7166.0000,120648,-8,0.0000,22.0000,7,15,空平,B,7166.0000,0.0000,0.0000,0.0000,0.0000,7168.0000,0.0000,0.0000,0.0000,0.0000,2,0,0,0,0,1,0,0,0,0
zc,TA301,2012-06-08 09:02:55.587,7164.0000,120644,-4,0.0000,14.0000,5,9,多平,S,7158.0000,0.0000,0.0000,0.0000,0.0000,7162.0000,0.0000,0.0000,0.0000,0.0000,1,0,0,0,0,1,0,0,0,0
zc,TA301,2012-06-08 09:02:56.350,7162.0000,120638,-6,0.0000,38.0000,16,22,多平,S,7156.0000,0.0000,0.0000,0.0000,0.0000,7158.0000,0.0000,0.0000,0.0000,0.0000,4,0,0,0,0,3,0,0,0,0
zc,TA301,2012-06-08 09:02:57.117,7162.0000,120642,4,0.0000,10.0000,7,3,空开,S,7158.0000,0.0000,0.0000,0.0000,0.0000,7162.0000,0.0000,0.0000,0.0000,0.0000,1,0,0,0,0,6,0,0,0,0
zc,TA301,2012-06-08 09:02:57.820,7162.0000,120602,-40,0.0000,44.0000,2,42,多平,S,7160.0000,0.0000,0.0000,0.0000,0.0000,7162.0000,0.0000,0.0000,0.0000,0.0000,1,0,0,0,0,4,0,0,0,0
zc,TA301,2012-06-08 09:02:58.367,7158.0000,120604,2,0.0000,4.0000,3,1,空开,S,7156.0000,0.0000,0.0000,0.0000,0.0000,7162.0000,0.0000,0.0000,0.0000,0.0000,1,0,0,0,0,5,0,0,0,0
zc,TA301,2012-06-08 09:02:59.070,7162.0000,120608,4,0.0000,18.0000,11,7,多开,B,7158.0000,0.0000,0.0000,0.0000,0.0000,7160.0000,0.0000,0.0000,0.0000,0.0000,2,0,0,0,0,1,0,0,0,0
zc,TA301,2012-06-08 09:02:59.540,7164.0000,120606,-2,0.0000,6.0000,2,4,空平,B,7158.0000,0.0000,0.0000,0.0000,0.0000,7164.0000,0.0000,0.0000,0.0000,0.0000,1,0,0,0,0,2,0,0,0,0
zc,TA301,2012-06-08 09:03:00.350,7164.0000,120608,2,0.0000,4.0000,3,1,多开,B,7162.0000,0.0000,0.0000,0.0000,0.0000,7166.0000,0.0000,0.0000,0.0000,0.0000,6,0,0,0,0,24,0,0,0,0
zc,TA301,2012-06-08 09:03:00.837,7162.0000,120614,6,0.0000,6.0000,6,0,双开,S,7162.0000,0.0000,0.0000,0.0000,0.0000,7164.0000,0.0000,0.0000,0.0000,0.0000,4,0,0,0,0,1,0,0,0,0
zc,TA301,2012-06-08 09:03:01.587,7164.0000,120632,18,0.0000,30.0000,24,6,多开,B,7164.0000,0.0000,0.0000,0.0000,0.0000,7166.0000,0.0000,0.0000,0.0000,0.0000,37,0,0,0,0,21,0,0,0,0
zc,TA301,2012-06-08 09:03:01.850,7164.0000,120636,4,0.0000,6.0000,5,1,多开,B,7164.0000,0.0000,0.0000,0.0000,0.0000,7166.0000,0.0000,0.0000,0.0000,0.0000,37,0,0,0,0,19,0,0,0,0
zc,TA301,2012-06-08 09:03:02.867,7164.0000,120636,0,0.0000,0.0000,0,0,多换,B,7164.0000,0.0000,0.0000,0.0000,0.0000,7166.0000,0.0000,0.0000,0.0000,0.0000,37,0,0,0,0,20,0,0,0,0
zc,TA301,2012-06-08 09:03:03.617,7166.0000,120638,2,0.0000,2.0000,2,0,双开,B,7164.0000,0.0000,0.0000,0.0000,0.0000,7166.0000,0.0000,0.0000,0.0000,0.0000,38,0,0,0,0,18,0,0,0,0
zc,TA301,2012-06-08 09:03:04.290,7166.0000,120666,28,0.0000,28.0000,28,0,双开,B,7164.0000,0.0000,0.0000,0.0000,0.0000,7166.0000,0.0000,0.0000,0.0000,0.0000,41,0,0,0,0,4,0,0,0,0
zc,TA301,2012-06-08 09:03:04.867,7166.0000,120668,2,0.0000,10.0000,6,4,多开,B,7164.0000,0.0000,0.0000,0.0000,0.0000,7168.0000,0.0000,0.0000,0.0000,0.0000,42,0,0,0,0,2,0,0,0,0
zc,TA301,2012-06-08 09:03:06.087,7166.0000,120668,0,0.0000,2.0000,1,1,多换,B,7164.0000,0.0000,0.0000,0.0000,0.0000,7166.0000,0.0000,0.0000,0.0000,0.0000,48,0,0,0,0,2,0,0,0,0
zc,TA301,2012-06-08 09:03:06.820,7168.0000,120666,-2,0.0000,6.0000,2,4,空平,B,7166.0000,0.0000,0.0000,0.0000,0.0000,7168.0000,0.0000,0.0000,0.0000,0.0000,3,0,0,0,0,43,0,0,0,0
zc,TA301,2012-06-08 09:03:07.350,7164.0000,120688,22,0.0000,28.0000,25,3,空开,S,7164.0000,0.0000,0.0000,0.0000,0.0000,7168.0000,0.0000,0.0000,0.0000,0.0000,42,0,0,0,0,42,0,0,0,0
zc,TA301,2012-06-08 09:03:08.100,7168.0000,120688,0,0.0000,2.0000,1,1,多换,B,7168.0000,0.0000,0.0000,0.0000,0.0000,7170.0000,0.0000,0.0000,0.0000,0.0000,3,0,0,0,0,41,0,0,0,0
zc,TA301,2012-06-08 09:03:08.587,7166.0000,120688,0,0.0000,44.0000,22,22,空换,S,7166.0000,0.0000,0.0000,0.0000,0.0000,7170.0000,0.0000,0.0000,0.0000,0.0000,16,0,0,0,0,41,0,0,0,0
zc,TA301,2012-06-08 09:03:09.367,7166.0000,120790,102,0.0000,208.0000,155,53,空开,S,7164.0000,0.0000,0.0000,0.0000,0.0000,7166.0000,0.0000,0.0000,0.0000,0.0000,12,0,0,0,0,18,0,0,0,0
zc,TA301,2012-06-08 09:03:09.867,7166.0000,120756,-34,0.0000,36.0000,1,35,多平,S,7168.0000,0.0000,0.0000,0.0000,0.0000,7170.0000,0.0000,0.0000,0.0000,0.0000,6,0,0,0,0,34,0,0,0,0
zc,TA301,2012-06-08 09:03:10.523,7170.0000,120758,2,0.0000,2.0000,2,0,双开,B,7168.0000,0.0000,0.0000,0.0000,0.0000,7170.0000,0.0000,0.0000,0.0000,0.0000,6,0,0,0,0,5,0,0,0,0
zc,TA301,2012-06-08 09:03:10.883,7170.0000,120758,0,0.0000,0.0000,0,0,多换,B,7168.0000,0.0000,0.0000,0.0000,0.0000,7172.0000,0.0000,0.0000,0.0000,0.0000,6,0,0,0,0,9,0,0,0,0
zc,TA301,2012-06-08 09:03:11.553,7168.0000,120754,-4,0.0000,4.0000,0,4,双平,S,7168.0000,0.0000,0.0000,0.0000,0.0000,7172.0000,0.0000,0.0000,0.0000,0.0000,4,0,0,0,0,38,0,0,0,0
zc,TA301,2012-06-08 09:03:12.070,7170.0000,120758,4,0.0000,4.0000,4,0,双开,B,7168.0000,0.0000,0.0000,0.0000,0.0000,7170.0000,0.0000,0.0000,0.0000,0.0000,14,0,0,0,0,1,0,0,0,0
zc,TA301,2012-06-08 09:03:12.837,7168.0000,120750,-8,0.0000,34.0000,13,21,多平,S,7166.0000,0.0000,0.0000,0.0000,0.0000,7168.0000,0.0000,0.0000,0.0000,0.0000,10,0,0,0,0,13,0,0,0,0
zc,TA301,2012-06-08 09:03:13.600,7168.0000,120742,-8,0.0000,8.0000,0,8,双平,S,7166.0000,0.0000,0.0000,0.0000,0.0000,7168.0000,0.0000,0.0000,0.0000,0.0000,20,0,0,0,0,12,0,0,0,0
zc,TA301,2012-06-08 09:03:14.070,7168.0000,120716,-26,0.0000,38.0000,6,32,多平,S,7168.0000,0.0000,0.0000,0.0000,0.0000,7170.0000,0.0000,0.0000,0.0000,0.0000,50,0,0,0,0,1,0,0,0,0
zc,TA301,2012-06-08 09:03:14.820,7170.0000,120710,-6,0.0000,8.0000,1,7,空平,B,7170.0000,0.0000,0.0000,0.0000,0.0000,7172.0000,0.0000,0.0000,0.0000,0.0000,3,0,0,0,0,1,0,0,0,0
zc,TA301,2012-06-08 09:03:15.367,7170.0000,120710,0,0.0000,0.0000,0,0,多换,B,7170.0000,0.0000,0.0000,0.0000,0.0000,7174.0000,0.0000,0.0000,0.0000,0.0000,3,0,0,0,0,1,0,0,0,0
zc,TA301,2012-06-08 09:03:16.100,7168.0000,120716,6,0.0000,80.0000,43,37,空开,S,7172.0000,0.0000,0.0000,0.0000,0.0000,7176.0000,0.0000,0.0000,0.0000,0.0000,1,0,0,0,0,7,0,0,0,0
zc,TA301,2012-06-08 09:03:16.600,7172.0000,120668,-48,0.0000,60.0000,6,54,空平,B,7168.0000,0.0000,0.0000,0.0000,0.0000,7172.0000,0.0000,0.0000,0.0000,0.0000,10,0,0,0,0,1,0,0,0,0
zc,TA301,2012-06-08 09:03:17.337,7172.0000,120670,2,0.0000,2.0000,2,0,双开,B,7170.0000,0.0000,0.0000,0.0000,0.0000,7172.0000,0.0000,0.0000,0.0000,0.0000,2,0,0,0,0,1,0,0,0,0
zc,TA301,2012-06-08 09:03:17.837,7174.0000,120678,8,0.0000,8.0000,8,0,双开,B,7172.0000,0.0000,0.0000,0.0000,0.0000,7174.0000,0.0000,0.0000,0.0000,0.0000,1,0,0,0,0,36,0,0,0,0
zc,TA301,2012-06-08 09:03:18.553,7174.0000,120686,8,0.0000,8.0000,8,0,双开,B,7172.0000,0.0000,0.0000,0.0000,0.0000,7174.0000,0.0000,0.0000,0.0000,0.0000,2,0,0,0,0,32,0,0,0,0
zc,TA301,2012-06-08 09:03:19.070,7174.0000,120686,0,0.0000,0.0000,0,0,多换,B,7172.0000,0.0000,0.0000,0.0000,0.0000,7174.0000,0.0000,0.0000,0.0000,0.0000,8,0,0,0,0,32,0,0,0,0
zc,TA301,2012-06-08 09:03:19.820,7176.0000,120688,2,0.0000,8.0000,5,3,多开,B,7172.0000,0.0000,0.0000,0.0000,0.0000,7176.0000,0.0000,0.0000,0.0000,0.0000,7,0,0,0,0,34,0,0,0,0
zc,TA301,2012-06-08 09:03:20.290,7170.0000,120720,32,0.0000,42.0000,37,5,空开,S,7170.0000,0.0000,0.0000,0.0000,0.0000,7172.0000,0.0000,0.0000,0.0000,0.0000,31,0,0,0,0,1,0,0,0,0
zc,TA301,2012-06-08 09:03:21.040,7172.0000,120720,0,0.0000,2.0000,1,1,多换,B,7174.0000,0.0000,0.0000,0.0000,0.0000,7176.0000,0.0000,0.0000,0.0000,0.0000,1,0,0,0,0,34,0,0,0,0
zc,TA301,2012-06-08 09:03:21.600,7172.0000,120728,8,0.0000,8.0000,8,0,双开,B,7170.0000,0.0000,0.0000,0.0000,0.0000,7174.0000,0.0000,0.0000,0.0000,0.0000,38,0,0,0,0,12,0,0,0,0
zc,TA301,2012-06-08 09:03:22.303,7170.0000,120812,84,0.0000,88.0000,86,2,空开,S,7168.0000,0.0000,0.0000,0.0000,0.0000,7170.0000,0.0000,0.0000,0.0000,0.0000,7,0,0,0,0,8,0,0,0,0
zc,TA301,2012-06-08 09:03:23.053,7174.0000,120788,-24,0.0000,248.0000,112,136,空平,B,7174.0000,0.0000,0.0000,0.0000,0.0000,7176.0000,0.0000,0.0000,0.0000,0.0000,11,0,0,0,0,27,0,0,0,0
zc,TA301,2012-06-08 09:03:23.837,7174.0000,120820,32,0.0000,106.0000,69,37,多开,B,7174.0000,0.0000,0.0000,0.0000,0.0000,7178.0000,0.0000,0.0000,0.0000,0.0000,10,0,0,0,0,3,0,0,0,0
zc,TA301,2012-06-08 09:03:24.303,7174.0000,120808,-12,0.0000,16.0000,2,14,空平,B,7174.0000,0.0000,0.0000,0.0000,0.0000,7178.0000,0.0000,0.0000,0.0000,0.0000,2,0,0,0,0,5,0,0,0,0
zc,TA301,2012-06-08 09:03:25.070,7174.0000,120804,-4,0.0000,6.0000,1,5,空平,B,7172.0000,0.0000,0.0000,0.0000,0.0000,7174.0000,0.0000,0.0000,0.0000,0.0000,20,0,0,0,0,8,0,0,0,0
zc,TA301,2012-06-08 09:03:25.337,7174.0000,120798,-6,0.0000,10.0000,2,8,空平,B,7172.0000,0.0000,0.0000,0.0000,0.0000,7174.0000,0.0000,0.0000,0.0000,0.0000,19,0,0,0,0,3,0,0,0,0
zc,TA301,2012-06-08 09:03:26.023,7174.0000,120798,0,0.0000,4.0000,2,2,多换,B,7172.0000,0.0000,0.0000,0.0000,0.0000,7174.0000,0.0000,0.0000,0.0000,0.0000,19,0,0,0,0,3,0,0,0,0
zc,TA301,2012-06-08 09:03:26.523,7174.0000,120798,0,0.0000,0.0000,0,0,多换,B,7172.0000,0.0000,0.0000,0.0000,0.0000,7174.0000,0.0000,0.0000,0.0000,0.0000,20,0,0,0,0,3,0,0,0,0
zc,TA301,2012-06-08 09:03:27.350,7174.0000,120806,8,0.0000,12.0000,10,2,多开,B,7174.0000,0.0000,0.0000,0.0000,0.0000,7176.0000,0.0000,0.0000,0.0000,0.0000,10,0,0,0,0,10,0,0,0,0
zc,TA301,2012-06-08 09:03:28.040,7174.0000,120816,10,0.0000,12.0000,11,1,多开,B,7174.0000,0.0000,0.0000,0.0000,0.0000,7176.0000,0.0000,0.0000,0.0000,0.0000,5,0,0,0,0,10,0,0,0,0
zc,TA301,2012-06-08 09:03:28.553,7174.0000,120816,0,0.0000,0.0000,0,0,多换,B,7174.0000,0.0000,0.0000,0.0000,0.0000,7176.0000,0.0000,0.0000,0.0000,0.0000,5,0,0,0,0,11,0,0,0,0
zc,TA301,2012-06-08 09:03:29.803,7176.0000,120824,8,0.0000,10.0000,9,1,多开,B,7174.0000,0.0000,0.0000,0.0000,0.0000,7176.0000,0.0000,0.0000,0.0000,0.0000,4,0,0,0,0,7,0,0,0,0
zc,TA301,2012-06-08 09:03:30.320,7174.0000,120832,8,0.0000,8.0000,8,0,双开,S,7174.0000,0.0000,0.0000,0.0000,0.0000,7176.0000,0.0000,0.0000,0.0000,0.0000,10,0,0,0,0,3,0,0,0,0
zc,TA301,2012-06-08 09:03:30.820,7176.0000,120834,2,0.0000,18.0000,10,8,多开,B,7176.0000,0.0000,0.0000,0.0000,0.0000,7178.0000,0.0000,0.0000,0.0000,0.0000,3,0,0,0,0,11,0,0,0,0
zc,TA301,2012-06-08 09:03:31.553,7176.0000,120834,0,0.0000,26.0000,13,13,多换,B,7174.0000,0.0000,0.0000,0.0000,0.0000,7178.0000,0.0000,0.0000,0.0000,0.0000,408,0,0,0,0,8,0,0,0,0
zc,TA301,2012-06-08 09:03:32.070,7176.0000,120836,2,0.0000,64.0000,33,31,多开,B,7176.0000,0.0000,0.0000,0.0000,0.0000,7178.0000,0.0000,0.0000,0.0000,0.0000,119,0,0,0,0,4,0,0,0,0
zc,TA301,2012-06-08 09:03:33.053,7176.0000,120840,4,0.0000,242.0000,123,119,多开,B,7174.0000,0.0000,0.0000,0.0000,0.0000,7178.0000,0.0000,0.0000,0.0000,0.0000,408,0,0,0,0,3,0,0,0,0
zc,TA301,2012-06-08 09:03:33.290,7174.0000,120844,4,0.0000,4.0000,4,0,双开,S,7174.0000,0.0000,0.0000,0.0000,0.0000,7178.0000,0.0000,0.0000,0.0000,0.0000,407,0,0,0,0,3,0,0,0,0
zc,TA301,2012-06-08 09:03:34.117,7178.0000,120844,0,0.0000,4.0000,2,2,多换,B,7176.0000,0.0000,0.0000,0.0000,0.0000,7178.0000,0.0000,0.0000,0.0000,0.0000,10,0,0,0,0,2,0,0,0,0
zc,TA301,2012-06-08 09:03:34.600,7176.0000,120852,8,0.0000,32.0000,20,12,空开,S,7176.0000,0.0000,0.0000,0.0000,0.0000,7178.0000,0.0000,0.0000,0.0000,0.0000,4,0,0,0,0,10,0,0,0,0
zc,TA301,2012-06-08 09:03:35.320,7178.0000,120902,50,0.0000,54.0000,52,2,多开,B,7174.0000,0.0000,0.0000,0.0000,0.0000,7178.0000,0.0000,0.0000,0.0000,0.0000,412,0,0,0,0,3,0,0,0,0
zc,TA301,2012-06-08 09:03:35.867,7178.0000,120902,0,0.0000,2.0000,1,1,多换,B,7174.0000,0.0000,0.0000,0.0000,0.0000,7176.0000,0.0000,0.0000,0.0000,0.0000,412,0,0,0,0,25,0,0,0,0
zc,TA301,2012-06-08 09:03:36.540,7178.0000,120904,2,0.0000,2.0000,2,0,双开,B,7174.0000,0.0000,0.0000,0.0000,0.0000,7176.0000,0.0000,0.0000,0.0000,0.0000,412,0,0,0,0,24,0,0,0,0
zc,TA301,2012-06-08 09:03:37.053,7178.0000,120904,0,0.0000,0.0000,0,0,多换,B,7174.0000,0.0000,0.0000,0.0000,0.0000,7176.0000,0.0000,0.0000,0.0000,0.0000,413,0,0,0,0,25,0,0,0,0
zc,TA301,2012-06-08 09:03:37.850,7174.0000,120918,14,0.0000,14.0000,14,0,双开,S,7174.0000,0.0000,0.0000,0.0000,0.0000,7176.0000,0.0000,0.0000,0.0000,0.0000,409,0,0,0,0,32,0,0,0,0
zc,TA301,2012-06-08 09:03:38.320,7176.0000,120922,4,0.0000,12.0000,8,4,多开,B,7174.0000,0.0000,0.0000,0.0000,0.0000,7176.0000,0.0000,0.0000,0.0000,0.0000,404,0,0,0,0,31,0,0,0,0
zc,TA301,2012-06-08 09:03:38.820,7176.0000,120924,2,0.0000,6.0000,4,2,多开,B,7174.0000,0.0000,0.0000,0.0000,0.0000,7176.0000,0.0000,0.0000,0.0000,0.0000,405,0,0,0,0,29,0,0,0,0
zc,TA301,2012-06-08 09:03:39.540,7174.0000,120922,-2,0.0000,2.0000,0,2,双平,S,7174.0000,0.0000,0.0000,0.0000,0.0000,7176.0000,0.0000,0.0000,0.0000,0.0000,404,0,0,0,0,29,0,0,0,0
zc,TA301,2012-06-08 09:03:40.053,7174.0000,120924,2,0.0000,8.0000,5,3,空开,S,7174.0000,0.0000,0.0000,0.0000,0.0000,7176.0000,0.0000,0.0000,0.0000,0.0000,402,0,0,0,0,26,0,0,0,0
zc,TA301,2012-06-08 09:03:40.837,7174.0000,120918,-6,0.0000,248.0000,121,127,多平,S,7174.0000,0.0000,0.0000,0.0000,0.0000,7176.0000,0.0000,0.0000,0.0000,0.0000,301,0,0,0,0,22,0,0,0,0
zc,TA301,2012-06-08 09:03:41.383,7174.0000,120914,-4,0.0000,12.0000,4,8,多平,S,7174.0000,0.0000,0.0000,0.0000,0.0000,7176.0000,0.0000,0.0000,0.0000,0.0000,295,0,0,0,0,23,0,0,0,0
zc,TA301,2012-06-08 09:03:42.087,7174.0000,120916,2,0.0000,12.0000,7,5,空开,S,7174.0000,0.0000,0.0000,0.0000,0.0000,7176.0000,0.0000,0.0000,0.0000,0.0000,273,0,0,0,0,22,0,0,0,0
zc,TA301,2012-06-08 09:03:42.337,7174.0000,120916,0,0.0000,2.0000,1,1,空换,S,7174.0000,0.0000,0.0000,0.0000,0.0000,7176.0000,0.0000,0.0000,0.0000,0.0000,273,0,0,0,0,20,0,0,0,0
zc,TA301,2012-06-08 09:03:43.070,7174.0000,120916,0,0.0000,2.0000,1,1,空换,S,7174.0000,0.0000,0.0000,0.0000,0.0000,7176.0000,0.0000,0.0000,0.0000,0.0000,272,0,0,0,0,20,0,0,0,0
zc,TA301,2012-06-08 09:03:43.867,7174.0000,120922,6,0.0000,128.0000,67,61,空开,S,7174.0000,0.0000,0.0000,0.0000,0.0000,7176.0000,0.0000,0.0000,0.0000,0.0000,213,0,0,0,0,65,0,0,0,0
zc,TA301,2012-06-08 09:03:44.367,7174.0000,120938,16,0.0000,428.0000,222,206,空开,S,7172.0000,0.0000,0.0000,0.0000,0.0000,7174.0000,0.0000,0.0000,0.0000,0.0000,23,0,0,0,0,7,0,0,0,0
zc,TA301,2012-06-08 09:03:45.100,7174.0000,120942,4,0.0000,16.0000,10,6,空开,S,7172.0000,0.0000,0.0000,0.0000,0.0000,7174.0000,0.0000,0.0000,0.0000,0.0000,25,0,0,0,0,20,0,0,0,0
zc,TA301,2012-06-08 09:03:45.337,7174.0000,120918,-24,0.0000,108.0000,42,66,多平,S,7174.0000,0.0000,0.0000,0.0000,0.0000,7176.0000,0.0000,0.0000,0.0000,0.0000,171,0,0,0,0,18,0,0,0,0
zc,TA301,2012-06-08 09:03:46.070,7174.0000,120918,0,0.0000,0.0000,0,0,空换,S,7174.0000,0.0000,0.0000,0.0000,0.0000,7176.0000,0.0000,0.0000,0.0000,0.0000,172,0,0,0,0,18,0,0,0,0
zc,TA301,2012-06-08 09:03:46.570,7174.0000,120918,0,0.0000,0.0000,0,0,空换,S,7174.0000,0.0000,0.0000,0.0000,0.0000,7176.0000,0.0000,0.0000,0.0000,0.0000,172,0,0,0,0,19,0,0,0,0
zc,TA301,2012-06-08 09:03:47.290,7174.0000,120920,2,0.0000,8.0000,5,3,空开,S,7174.0000,0.0000,0.0000,0.0000,0.0000,7176.0000,0.0000,0.0000,0.0000,0.0000,169,0,0,0,0,18,0,0,0,0
zc,TA301,2012-06-08 09:03:48.117,7176.0000,120926,6,0.0000,16.0000,11,5,多开,B,7174.0000,0.0000,0.0000,0.0000,0.0000,7176.0000,0.0000,0.0000,0.0000,0.0000,168,0,0,0,0,13,0,0,0,0
zc,TA301,2012-06-08 09:03:48.850,7176.0000,120922,-4,0.0000,44.0000,20,24,空平,B,7176.0000,0.0000,0.0000,0.0000,0.0000,7178.0000,0.0000,0.0000,0.0000,0.0000,60,0,0,0,0,16,0,0,0,0
zc,TA301,2012-06-08 09:03:49.100,7176.0000,120922,0,0.0000,8.0000,4,4,多换,B,7176.0000,0.0000,0.0000,0.0000,0.0000,7178.0000,0.0000,0.0000,0.0000,0.0000,56,0,0,0,0,13,0,0,0,0
zc,TA301,2012-06-08 09:03:50.087,7174.0000,120924,2,0.0000,282.0000,142,140,空开,S,7174.0000,0.0000,0.0000,0.0000,0.0000,7178.0000,0.0000,0.0000,0.0000,0.0000,87,0,0,0,0,6,0,0,0,0
zc,TA301,2012-06-08 09:03:50.337,7174.0000,120924,0,0.0000,2.0000,1,1,空换,S,7174.0000,0.0000,0.0000,0.0000,0.0000,7178.0000,0.0000,0.0000,0.0000,0.0000,86,0,0,0,0,6,0,0,0,0
zc,TA301,2012-06-08 09:03:51.100,7178.0000,120924,0,0.0000,2.0000,1,1,多换,B,7176.0000,0.0000,0.0000,0.0000,0.0000,7178.0000,0.0000,0.0000,0.0000,0.0000,1,0,0,0,0,22,0,0,0,0
zc,TA301,2012-06-08 09:03:51.587,7176.0000,120926,2,0.0000,2.0000,2,0,双开,S,7174.0000,0.0000,0.0000,0.0000,0.0000,7176.0000,0.0000,0.0000,0.0000,0.0000,86,0,0,0,0,1,0,0,0,0
zc,TA301,2012-06-08 09:03:52.320,7176.0000,120930,4,0.0000,4.0000,4,0,双开,S,7174.0000,0.0000,0.0000,0.0000,0.0000,7176.0000,0.0000,0.0000,0.0000,0.0000,86,0,0,0,0,4,0,0,0,0
zc,TA301,2012-06-08 09:03:52.837,7174.0000,120930,0,0.0000,130.0000,65,65,空换,S,7174.0000,0.0000,0.0000,0.0000,0.0000,7176.0000,0.0000,0.0000,0.0000,0.0000,23,0,0,0,0,1,0,0,0,0
zc,TA301,2012-06-08 09:03:53.320,7174.0000,120930,0,0.0000,0.0000,0,0,空换,S,7174.0000,0.0000,0.0000,0.0000,0.0000,7178.0000,0.0000,0.0000,0.0000,0.0000,23,0,0,0,0,23,0,0,0,0
zc,TA301,2012-06-08 09:03:54.053,7176.0000,120926,-4,0.0000,6.0000,1,5,空平,B,7174.0000,0.0000,0.0000,0.0000,0.0000,7178.0000,0.0000,0.0000,0.0000,0.0000,21,0,0,0,0,23,0,0,0,0
zc,TA301,2012-06-08 09:03:54.570,7174.0000,120942,16,0.0000,28.0000,22,6,空开,S,7174.0000,0.0000,0.0000,0.0000,0.0000,7178.0000,0.0000,0.0000,0.0000,0.0000,18,0,0,0,0,23,0,0,0,0
zc,TA301,2012-06-08 09:03:55.337,7174.0000,120942,0,0.0000,0.0000,0,0,空换,S,7174.0000,0.0000,0.0000,0.0000,0.0000,7178.0000,0.0000,0.0000,0.0000,0.0000,19,0,0,0,0,22,0,0,0,0
zc,TA301,2012-06-08 09:03:55.837,7174.0000,120942,0,0.0000,4.0000,2,2,空换,S,7174.0000,0.0000,0.0000,0.0000,0.0000,7176.0000,0.0000,0.0000,0.0000,0.0000,16,0,0,0,0,5,0,0,0,0
zc,TA301,2012-06-08 09:03:56.303,7174.0000,120956,14,0.0000,36.0000,25,11,空开,S,7172.0000,0.0000,0.0000,0.0000,0.0000,7174.0000,0.0000,0.0000,0.0000,0.0000,10,0,0,0,0,32,0,0,0,0
zc,TA301,2012-06-08 09:03:56.803,7174.0000,120982,26,0.0000,26.0000,26,0,双开,S,7172.0000,0.0000,0.0000,0.0000,0.0000,7174.0000,0.0000,0.0000,0.0000,0.0000,11,0,0,0,0,21,0,0,0,0
zc,TA301,2012-06-08 09:03:57.570,7174.0000,120982,0,0.0000,0.0000,0,0,空换,S,7172.0000,0.0000,0.0000,0.0000,0.0000,7174.0000,0.0000,0.0000,0.0000,0.0000,11,0,0,0,0,33,0,0,0,0
zc,TA301,2012-06-08 09:03:58.553,7172.0000,120986,4,0.0000,6.0000,5,1,空开,S,7172.0000,0.0000,0.0000,0.0000,0.0000,7174.0000,0.0000,0.0000,0.0000,0.0000,10,0,0,0,0,31,0,0,0,0
zc,TA301,2012-06-08 09:03:59.320,7174.0000,120990,4,0.0000,6.0000,5,1,多开,B,7172.0000,0.0000,0.0000,0.0000,0.0000,7174.0000,0.0000,0.0000,0.0000,0.0000,10,0,0,0,0,31,0,0,0,0
zc,TA301,2012-06-08 09:03:59.837,7172.0000,120990,0,0.0000,2.0000,1,1,空换,S,7172.0000,0.0000,0.0000,0.0000,0.0000,7174.0000,0.0000,0.0000,0.0000,0.0000,9,0,0,0,0,34,0,0,0,0
zc,TA301,2012-06-08 09:04:00.587,7172.0000,120994,4,0.0000,4.0000,4,0,双开,S,7172.0000,0.0000,0.0000,0.0000,0.0000,7174.0000,0.0000,0.0000,0.0000,0.0000,8,0,0,0,0,33,0,0,0,0
zc,TA301,2012-06-08 09:04:01.053,7172.0000,120994,0,0.0000,10.0000,5,5,空换,S,7172.0000,0.0000,0.0000,0.0000,0.0000,7174.0000,0.0000,0.0000,0.0000,0.0000,3,0,0,0,0,33,0,0,0,0
zc,TA301,2012-06-08 09:04:01.553,7172.0000,120996,2,0.0000,6.0000,4,2,空开,S,7170.0000,0.0000,0.0000,0.0000,0.0000,7172.0000,0.0000,0.0000,0.0000,0.0000,80,0,0,0,0,29,0,0,0,0
zc,TA301,2012-06-08 09:04:02.117,7172.0000,120996,0,0.0000,2.0000,1,1,空换,S,7170.0000,0.0000,0.0000,0.0000,0.0000,7172.0000,0.0000,0.0000,0.0000,0.0000,80,0,0,0,0,29,0,0,0,0
zc,TA301,2012-06-08 09:04:03.070,7172.0000,120984,-12,0.0000,18.0000,3,15,多平,S,7170.0000,0.0000,0.0000,0.0000,0.0000,7172.0000,0.0000,0.0000,0.0000,0.0000,78,0,0,0,0,21,0,0,0,0
zc,TA301,2012-06-08 09:04:03.587,7172.0000,120952,-32,0.0000,32.0000,0,32,双平,S,7170.0000,0.0000,0.0000,0.0000,0.0000,7172.0000,0.0000,0.0000,0.0000,0.0000,82,0,0,0,0,5,0,0,0,0
zc,TA301,2012-06-08 09:04:04.320,7172.0000,120952,0,0.0000,10.0000,5,5,空换,S,7172.0000,0.0000,0.0000,0.0000,0.0000,7174.0000,0.0000,0.0000,0.0000,0.0000,9,0,0,0,0,31,0,0,0,0
zc,TA301,2012-06-08 09:04:04.837,7172.0000,120956,4,0.0000,6.0000,5,1,空开,S,7172.0000,0.0000,0.0000,0.0000,0.0000,7174.0000,0.0000,0.0000,0.0000,0.0000,7,0,0,0,0,31,0,0,0,0
zc,TA301,2012-06-08 09:04:05.553,7172.0000,120956,0,0.0000,0.0000,0,0,空换,S,7172.0000,0.0000,0.0000,0.0000,0.0000,7174.0000,0.0000,0.0000,0.0000,0.0000,10,0,0,0,0,31,0,0,0,0
zc,TA301,2012-06-08 09:04:06.117,7172.0000,120972,16,0.0000,20.0000,18,2,空开,S,7170.0000,0.0000,0.0000,0.0000,0.0000,7172.0000,0.0000,0.0000,0.0000,0.0000,88,0,0,0,0,1,0,0,0,0
zc,TA301,2012-06-08 09:04:06.540,7170.0000,120972,0,0.0000,2.0000,1,1,空换,S,7170.0000,0.0000,0.0000,0.0000,0.0000,7172.0000,0.0000,0.0000,0.0000,0.0000,87,0,0,0,0,1,0,0,0,0
zc,TA301,2012-06-08 09:04:07.290,7170.0000,120980,8,0.0000,8.0000,8,0,双开,S,7170.0000,0.0000,0.0000,0.0000,0.0000,7172.0000,0.0000,0.0000,0.0000,0.0000,83,0,0,0,0,1,0,0,0,0
zc,TA301,2012-06-08 09:04:07.850,7170.0000,120980,0,0.0000,0.0000,0,0,空换,S,7170.0000,0.0000,0.0000,0.0000,0.0000,7172.0000,0.0000,0.0000,0.0000,0.0000,83,0,0,0,0,5,0,0,0,0
zc,TA301,2012-06-08 09:04:08.553,7172.0000,120982,2,0.0000,6.0000,4,2,多开,B,7170.0000,0.0000,0.0000,0.0000,0.0000,7172.0000,0.0000,0.0000,0.0000,0.0000,83,0,0,0,0,3,0,0,0,0
zc,TA301,2012-06-08 09:04:08.790,7172.0000,120982,0,0.0000,0.0000,0,0,多换,B,7170.0000,0.0000,0.0000,0.0000,0.0000,7172.0000,0.0000,0.0000,0.0000,0.0000,83,0,0,0,0,7,0,0,0,0
zc,TA301,2012-06-08 09:04:09.540,7172.0000,120986,4,0.0000,12.0000,8,4,多开,B,7170.0000,0.0000,0.0000,0.0000,0.0000,7172.0000,0.0000,0.0000,0.0000,0.0000,78,0,0,0,0,6,0,0,0,0
zc,TA301,2012-06-08 09:04:10.040,7172.0000,120988,2,0.0000,2.0000,2,0,双开,B,7170.0000,0.0000,0.0000,0.0000,0.0000,7172.0000,0.0000,0.0000,0.0000,0.0000,78,0,0,0,0,7,0,0,0,0
zc,TA301,2012-06-08 09:04:10.820,7170.0000,120970,-18,0.0000,30.0000,6,24,多平,S,7170.0000,0.0000,0.0000,0.0000,0.0000,7172.0000,0.0000,0.0000,0.0000,0.0000,63,0,0,0,0,7,0,0,0,0
zc,TA301,2012-06-08 09:04:11.337,7170.0000,120970,0,0.0000,0.0000,0,0,空换,S,7170.0000,0.0000,0.0000,0.0000,0.0000,7172.0000,0.0000,0.0000,0.0000,0.0000,63,0,0,0,0,19,0,0,0,0
zc,TA301,2012-06-08 09:04:11.837,7170.0000,120970,0,0.0000,0.0000,0,0,空换,S,7170.0000,0.0000,0.0000,0.0000,0.0000,7172.0000,0.0000,0.0000,0.0000,0.0000,63,0,0,0,0,20,0,0,0,0
zc,TA301,2012-06-08 09:04:12.553,7170.0000,120966,-4,0.0000,4.0000,0,4,双平,S,7170.0000,0.0000,0.0000,0.0000,0.0000,7172.0000,0.0000,0.0000,0.0000,0.0000,61,0,0,0,0,20,0,0,0,0
zc,TA301,2012-06-08 09:04:13.117,7170.0000,120964,-2,0.0000,24.0000,11,13,多平,S,7170.0000,0.0000,0.0000,0.0000,0.0000,7172.0000,0.0000,0.0000,0.0000,0.0000,56,0,0,0,0,12,0,0,0,0
zc,TA301,2012-06-08 09:04:13.820,7170.0000,120966,2,0.0000,4.0000,3,1,空开,S,7170.0000,0.0000,0.0000,0.0000,0.0000,7172.0000,0.0000,0.0000,0.0000,0.0000,55,0,0,0,0,11,0,0,0,0
zc,TA301,2012-06-08 09:04:14.337,7172.0000,120956,-10,0.0000,16.0000,3,13,空平,B,7170.0000,0.0000,0.0000,0.0000,0.0000,7172.0000,0.0000,0.0000,0.0000,0.0000,49,0,0,0,0,10,0,0,0,0
zc,TA301,2012-06-08 09:04:15.070,7170.0000,120952,-4,0.0000,8.0000,2,6,多平,S,7170.0000,0.0000,0.0000,0.0000,0.0000,7172.0000,0.0000,0.0000,0.0000,0.0000,43,0,0,0,0,10,0,0,0,0
zc,TA301,2012-06-08 09:04:15.540,7170.0000,120936,-16,0.0000,18.0000,1,17,多平,S,7170.0000,0.0000,0.0000,0.0000,0.0000,7172.0000,0.0000,0.0000,0.0000,0.0000,39,0,0,0,0,10,0,0,0,0
zc,TA301,2012-06-08 09:04:16.087,7164.0000,121042,106,0.0000,242.0000,174,68,空开,S,7164.0000,0.0000,0.0000,0.0000,0.0000,7172.0000,0.0000,0.0000,0.0000,0.0000,22,0,0,0,0,10,0,0,0,0
zc,TA301,2012-06-08 09:04:16.587,7172.0000,121062,20,0.0000,20.0000,20,0,双开,B,7164.0000,0.0000,0.0000,0.0000,0.0000,7172.0000,0.0000,0.0000,0.0000,0.0000,22,0,0,0,0,2,0,0,0,0
zc,TA301,2012-06-08 09:04:17.320,7172.0000,121066,4,0.0000,4.0000,4,0,双开,B,7166.0000,0.0000,0.0000,0.0000,0.0000,7170.0000,0.0000,0.0000,0.0000,0.0000,1,0,0,0,0,4,0,0,0,0
zc,TA301,2012-06-08 09:04:17.820,7172.0000,121066,0,0.0000,0.0000,0,0,多换,B,7166.0000,0.0000,0.0000,0.0000,0.0000,7170.0000,0.0000,0.0000,0.0000,0.0000,1,0,0,0,0,5,0,0,0,0
zc,TA301,2012-06-08 09:04:18.647,7172.0000,121066,0,0.0000,0.0000,0,0,多换,B,7164.0000,0.0000,0.0000,0.0000,0.0000,7170.0000,0.0000,0.0000,0.0000,0.0000,17,0,0,0,0,20,0,0,0,0
zc,TA301,2012-06-08 09:04:19.350,7172.0000,121068,2,0.0000,2.0000,2,0,双开,B,7164.0000,0.0000,0.0000,0.0000,0.0000,7170.0000,0.0000,0.0000,0.0000,0.0000,17,0,0,0,0,21,0,0,0,0
zc,TA301,2012-06-08 09:04:19.540,7170.0000,121070,2,0.0000,2.0000,2,0,双开,S,7164.0000,0.0000,0.0000,0.0000,0.0000,7170.0000,0.0000,0.0000,0.0000,0.0000,17,0,0,0,0,20,0,0,0,0
zc,TA301,2012-06-08 09:04:20.350,7170.0000,121070,0,0.0000,0.0000,0,0,空换,S,7164.0000,0.0000,0.0000,0.0000,0.0000,7168.0000,0.0000,0.0000,0.0000,0.0000,16,0,0,0,0,8,0,0,0,0
zc,TA301,2012-06-08 09:04:20.867,7164.0000,121080,10,0.0000,34.0000,22,12,空开,S,7162.0000,0.0000,0.0000,0.0000,0.0000,7164.0000,0.0000,0.0000,0.0000,0.0000,37,0,0,0,0,4,0,0,0,0
zc,TA301,2012-06-08 09:04:21.850,7164.0000,121080,0,0.0000,0.0000,0,0,空换,S,7164.0000,0.0000,0.0000,0.0000,0.0000,7166.0000,0.0000,0.0000,0.0000,0.0000,10,0,0,0,0,4,0,0,0,0
zc,TA301,2012-06-08 09:04:22.100,7166.0000,121088,8,0.0000,8.0000,8,0,双开,B,7166.0000,0.0000,0.0000,0.0000,0.0000,7168.0000,0.0000,0.0000,0.0000,0.0000,6,0,0,0,0,7,0,0,0,0
zc,TA301,2012-06-08 09:04:22.883,7166.0000,121088,0,0.0000,2.0000,1,1,多换,B,7166.0000,0.0000,0.0000,0.0000,0.0000,7170.0000,0.0000,0.0000,0.0000,0.0000,5,0,0,0,0,119,0,0,0,0
zc,TA301,2012-06-08 09:04:23.587,7166.0000,121092,4,0.0000,16.0000,10,6,多开,B,7168.0000,0.0000,0.0000,0.0000,0.0000,7170.0000,0.0000,0.0000,0.0000,0.0000,2,0,0,0,0,112,0,0,0,0
zc,TA301,2012-06-08 09:04:24.397,7166.0000,121090,-2,0.0000,14.0000,6,8,空平,B,7166.0000,0.0000,0.0000,0.0000,0.0000,7170.0000,0.0000,0.0000,0.0000,0.0000,3,0,0,0,0,110,0,0,0,0
zc,TA301,2012-06-08 09:04:26.837,7166.0000,121090,0,0.0000,0.0000,0,0,多换,B,7168.0000,0.0000,0.0000,0.0000,0.0000,7170.0000,0.0000,0.0000,0.0000,0.0000,3,0,0,0,0,110,0,0,0,0
zc,TA301,2012-06-08 09:04:27.367,7170.0000,120992,-98,0.0000,110.0000,6,104,空平,B,7168.0000,0.0000,0.0000,0.0000,0.0000,7170.0000,0.0000,0.0000,0.0000,0.0000,15,0,0,0,0,55,0,0,0,0
zc,TA301,2012-06-08 09:04:28.070,7170.0000,120982,-10,0.0000,20.0000,5,15,空平,B,7166.0000,0.0000,0.0000,0.0000,0.0000,7170.0000,0.0000,0.0000,0.0000,0.0000,64,0,0,0,0,45,0,0,0,0
zc,TA301,2012-06-08 09:04:28.587,7166.0000,120980,-2,0.0000,14.0000,6,8,多平,S,7168.0000,0.0000,0.0000,0.0000,0.0000,7170.0000,0.0000,0.0000,0.0000,0.0000,2,0,0,0,0,39,0,0,0,0
zc,TA301,2012-06-08 09:04:29.820,7170.0000,120960,-20,0.0000,66.0000,23,43,空平,B,7168.0000,0.0000,0.0000,0.0000,0.0000,7170.0000,0.0000,0.0000,0.0000,0.0000,23,0,0,0,0,26,0,0,0,0
zc,TA301,2012-06-08 09:04:30.600,7172.0000,120934,-26,0.0000,86.0000,30,56,空平,B,7168.0000,0.0000,0.0000,0.0000,0.0000,7172.0000,0.0000,0.0000,0.0000,0.0000,26,0,0,0,0,18,0,0,0,0
zc,TA301,2012-06-08 09:04:31.163,7172.0000,120934,0,0.0000,0.0000,0,0,多换,B,7170.0000,0.0000,0.0000,0.0000,0.0000,7172.0000,0.0000,0.0000,0.0000,0.0000,5,0,0,0,0,18,0,0,0,0
zc,TA301,2012-06-08 09:04:31.803,7172.0000,120934,0,0.0000,0.0000,0,0,多换,B,7170.0000,0.0000,0.0000,0.0000,0.0000,7172.0000,0.0000,0.0000,0.0000,0.0000,13,0,0,0,0,18,0,0,0,0
zc,TA301,2012-06-08 09:04:32.273,7172.0000,120922,-12,0.0000,24.0000,6,18,空平,B,7170.0000,0.0000,0.0000,0.0000,0.0000,7172.0000,0.0000,0.0000,0.0000,0.0000,3,0,0,0,0,6,0,0,0,0
zc,TA301,2012-06-08 09:04:32.837,7172.0000,120910,-12,0.0000,16.0000,2,14,空平,B,7170.0000,0.0000,0.0000,0.0000,0.0000,7174.0000,0.0000,0.0000,0.0000,0.0000,3,0,0,0,0,32,0,0,0,0
zc,TA301,2012-06-08 09:04:33.600,7172.0000,120910,0,0.0000,0.0000,0,0,多换,B,7172.0000,0.0000,0.0000,0.0000,0.0000,7174.0000,0.0000,0.0000,0.0000,0.0000,3,0,0,0,0,32,0,0,0,0
zc,TA301,2012-06-08 09:04:34.053,7172.0000,120906,-4,0.0000,4.0000,0,4,双平,B,7172.0000,0.0000,0.0000,0.0000,0.0000,7174.0000,0.0000,0.0000,0.0000,0.0000,1,0,0,0,0,32,0,0,0,0
zc,TA301,2012-06-08 09:04:34.803,7174.0000,120906,0,0.0000,66.0000,33,33,多换,B,7172.0000,0.0000,0.0000,0.0000,0.0000,7176.0000,0.0000,0.0000,0.0000,0.0000,3,0,0,0,0,1,0,0,0,0
zc,TA301,2012-06-08 09:04:35.273,7172.0000,120906,0,0.0000,8.0000,4,4,空换,S,7172.0000,0.0000,0.0000,0.0000,0.0000,7176.0000,0.0000,0.0000,0.0000,0.0000,18,0,0,0,0,1,0,0,0,0
zc,TA301,2012-06-08 09:04:36.087,7172.0000,120906,0,0.0000,0.0000,0,0,空换,S,7174.0000,0.0000,0.0000,0.0000,0.0000,7176.0000,0.0000,0.0000,0.0000,0.0000,36,0,0,0,0,1,0,0,0,0
zc,TA301,2012-06-08 09:04:36.320,7172.0000,120904,-2,0.0000,2.0000,0,2,双平,S,7174.0000,0.0000,0.0000,0.0000,0.0000,7176.0000,0.0000,0.0000,0.0000,0.0000,36,0,0,0,0,1,0,0,0,0
zc,TA301,2012-06-08 09:04:37.040,7176.0000,120904,0,0.0000,2.0000,1,1,多换,B,7174.0000,0.0000,0.0000,0.0000,0.0000,7176.0000,0.0000,0.0000,0.0000,0.0000,36,0,0,0,0,50,0,0,0,0
zc,TA301,2012-06-08 09:04:37.773,7174.0000,120904,0,0.0000,14.0000,7,7,空换,S,7174.0000,0.0000,0.0000,0.0000,0.0000,7176.0000,0.0000,0.0000,0.0000,0.0000,29,0,0,0,0,50,0,0,0,0
zc,TA301,2012-06-08 09:04:38.773,7176.0000,120900,-4,0.0000,6.0000,1,5,空平,B,7174.0000,0.0000,0.0000,0.0000,0.0000,7176.0000,0.0000,0.0000,0.0000,0.0000,27,0,0,0,0,49,0,0,0,0
zc,TA301,2012-06-08 09:04:39.303,7176.0000,120900,0,0.0000,0.0000,0,0,多换,B,7174.0000,0.0000,0.0000,0.0000,0.0000,7176.0000,0.0000,0.0000,0.0000,0.0000,27,0,0,0,0,50,0,0,0,0
zc,TA301,2012-06-08 09:04:39.837,7174.0000,120900,0,0.0000,2.0000,1,1,空换,S,7174.0000,0.0000,0.0000,0.0000,0.0000,7176.0000,0.0000,0.0000,0.0000,0.0000,26,0,0,0,0,50,0,0,0,0
zc,TA301,2012-06-08 09:04:40.553,7174.0000,120900,0,0.0000,40.0000,20,20,空换,S,7174.0000,0.0000,0.0000,0.0000,0.0000,7176.0000,0.0000,0.0000,0.0000,0.0000,7,0,0,0,0,50,0,0,0,0
zc,TA301,2012-06-08 09:04:41.087,7174.0000,120888,-12,0.0000,34.0000,11,23,多平,S,7172.0000,0.0000,0.0000,0.0000,0.0000,7174.0000,0.0000,0.0000,0.0000,0.0000,6,0,0,0,0,7,0,0,0,0
zc,TA301,2012-06-08 09:04:42.040,7174.0000,120888,0,0.0000,0.0000,0,0,空换,S,7172.0000,0.0000,0.0000,0.0000,0.0000,7174.0000,0.0000,0.0000,0.0000,0.0000,4,0,0,0,0,17,0,0,0,0
zc,TA301,2012-06-08 09:04:43.820,7172.0000,120888,0,0.0000,8.0000,4,4,空换,S,7170.0000,0.0000,0.0000,0.0000,0.0000,7172.0000,0.0000,0.0000,0.0000,0.0000,79,0,0,0,0,1,0,0,0,0
zc,TA301,2012-06-08 09:04:44.540,7172.0000,120888,0,0.0000,2.0000,1,1,空换,S,7170.0000,0.0000,0.0000,0.0000,0.0000,7174.0000,0.0000,0.0000,0.0000,0.0000,79,0,0,0,0,16,0,0,0,0
zc,TA301,2012-06-08 09:04:45.087,7172.0000,120888,0,0.0000,0.0000,0,0,空换,S,7170.0000,0.0000,0.0000,0.0000,0.0000,7172.0000,0.0000,0.0000,0.0000,0.0000,79,0,0,0,0,1,0,0,0,0
zc,TA301,2012-06-08 09:04:45.553,7170.0000,120888,0,0.0000,2.0000,1,1,空换,S,7170.0000,0.0000,0.0000,0.0000,0.0000,7172.0000,0.0000,0.0000,0.0000,0.0000,78,0,0,0,0,1,0,0,0,0
zc,TA301,2012-06-08 09:04:46.867,7172.0000,120888,0,0.0000,2.0000,1,1,多换,B,7170.0000,0.0000,0.0000,0.0000,0.0000,7174.0000,0.0000,0.0000,0.0000,0.0000,77,0,0,0,0,16,0,0,0,0
zc,TA301,2012-06-08 09:04:47.290,7170.0000,120780,-108,0.0000,164.0000,28,136,多平,S,7170.0000,0.0000,0.0000,0.0000,0.0000,7172.0000,0.0000,0.0000,0.0000,0.0000,4,0,0,0,0,14,0,0,0,0
zc,TA301,2012-06-08 09:04:47.790,7170.0000,120780,0,0.0000,6.0000,3,3,空换,S,7170.0000,0.0000,0.0000,0.0000,0.0000,7172.0000,0.0000,0.0000,0.0000,0.0000,13,0,0,0,0,12,0,0,0,0
zc,TA301,2012-06-08 09:04:48.540,7170.0000,120790,10,0.0000,10.0000,10,0,双开,S,7170.0000,0.0000,0.0000,0.0000,0.0000,7172.0000,0.0000,0.0000,0.0000,0.0000,10,0,0,0,0,12,0,0,0,0
zc,TA301,2012-06-08 09:04:49.053,7172.0000,120790,0,0.0000,24.0000,12,12,多换,B,7172.0000,0.0000,0.0000,0.0000,0.0000,7174.0000,0.0000,0.0000,0.0000,0.0000,2,0,0,0,0,16,0,0,0,0
zc,TA301,2012-06-08 09:04:49.540,7172.0000,120790,0,0.0000,0.0000,0,0,多换,B,7172.0000,0.0000,0.0000,0.0000,0.0000,7174.0000,0.0000,0.0000,0.0000,0.0000,5,0,0,0,0,16,0,0,0,0
zc,TA301,2012-06-08 09:04:50.320,7172.0000,120792,2,0.0000,2.0000,2,0,双开,B,7172.0000,0.0000,0.0000,0.0000,0.0000,7174.0000,0.0000,0.0000,0.0000,0.0000,1,0,0,0,0,22,0,0,0,0
zc,TA301,2012-06-08 09:04:50.803,7172.0000,120792,0,0.0000,0.0000,0,0,多换,B,7172.0000,0.0000,0.0000,0.0000,0.0000,7174.0000,0.0000,0.0000,0.0000,0.0000,1,0,0,0,0,24,0,0,0,0
zc,TA301,2012-06-08 09:04:51.350,7172.0000,120792,0,0.0000,4.0000,2,2,多换,B,7170.0000,0.0000,0.0000,0.0000,0.0000,7174.0000,0.0000,0.0000,0.0000,0.0000,15,0,0,0,0,24,0,0,0,0
zc,TA301,2012-06-08 09:04:52.117,7172.0000,120792,0,0.0000,0.0000,0,0,多换,B,7170.0000,0.0000,0.0000,0.0000,0.0000,7172.0000,0.0000,0.0000,0.0000,0.0000,15,0,0,0,0,2,0,0,0,0
zc,TA301,2012-06-08 09:04:52.553,7172.0000,120796,4,0.0000,4.0000,4,0,双开,B,7170.0000,0.0000,0.0000,0.0000,0.0000,7172.0000,0.0000,0.0000,0.0000,0.0000,15,0,0,0,0,1,0,0,0,0
zc,TA301,2012-06-08 09:04:53.790,7172.0000,120796,0,0.0000,0.0000,0,0,多换,B,7170.0000,0.0000,0.0000,0.0000,0.0000,7172.0000,0.0000,0.0000,0.0000,0.0000,16,0,0,0,0,1,0,0,0,0
zc,TA301,2012-06-08 09:04:54.290,7172.0000,120794,-2,0.0000,2.0000,0,2,双平,B,7172.0000,0.0000,0.0000,0.0000,0.0000,7174.0000,0.0000,0.0000,0.0000,0.0000,4,0,0,0,0,13,0,0,0,0
zc,TA301,2012-06-08 09:04:54.773,7172.0000,120794,0,0.0000,0.0000,0,0,多换,B,7172.0000,0.0000,0.0000,0.0000,0.0000,7174.0000,0.0000,0.0000,0.0000,0.0000,5,0,0,0,0,13,0,0,0,0
zc,TA301,2012-06-08 09:04:55.290,7172.0000,120794,0,0.0000,0.0000,0,0,多换,B,7172.0000,0.0000,0.0000,0.0000,0.0000,7174.0000,0.0000,0.0000,0.0000,0.0000,39,0,0,0,0,13,0,0,0,0
zc,TA301,2012-06-08 09:04:56.040,7172.0000,120792,-2,0.0000,2.0000,0,2,双平,B,7172.0000,0.0000,0.0000,0.0000,0.0000,7174.0000,0.0000,0.0000,0.0000,0.0000,38,0,0,0,0,18,0,0,0,0
zc,TA301,2012-06-08 09:04:56.303,7172.0000,120792,0,0.0000,0.0000,0,0,多换,B,7172.0000,0.0000,0.0000,0.0000,0.0000,7174.0000,0.0000,0.0000,0.0000,0.0000,39,0,0,0,0,18,0,0,0,0
zc,TA301,2012-06-08 09:04:57.803,7172.0000,120792,0,0.0000,4.0000,2,2,多换,B,7172.0000,0.0000,0.0000,0.0000,0.0000,7174.0000,0.0000,0.0000,0.0000,0.0000,39,0,0,0,0,18,0,0,0,0
zc,TA301,2012-06-08 09:04:58.303,7172.0000,120804,12,0.0000,16.0000,14,2,多开,B,7172.0000,0.0000,0.0000,0.0000,0.0000,7174.0000,0.0000,0.0000,0.0000,0.0000,31,0,0,0,0,18,0,0,0,0
zc,TA301,2012-06-08 09:04:58.790,7174.0000,120862,58,0.0000,66.0000,62,4,多开,B,7172.0000,0.0000,0.0000,0.0000,0.0000,7174.0000,0.0000,0.0000,0.0000,0.0000,5,0,0,0,0,13,0,0,0,0
zc,TA301,2012-06-08 09:04:59.553,7174.0000,120862,0,0.0000,4.0000,2,2,多换,B,7172.0000,0.0000,0.0000,0.0000,0.0000,7174.0000,0.0000,0.0000,0.0000,0.0000,5,0,0,0,0,12,0,0,0,0
zc,TA301,2012-06-08 09:05:00.070,7170.0000,120856,-6,0.0000,20.0000,7,13,多平,S,7170.0000,0.0000,0.0000,0.0000,0.0000,7174.0000,0.0000,0.0000,0.0000,0.0000,14,0,0,0,0,12,0,0,0,0
zc,TA301,2012-06-08 09:05:00.600,7170.0000,120856,0,0.0000,0.0000,0,0,空换,S,7170.0000,0.0000,0.0000,0.0000,0.0000,7172.0000,0.0000,0.0000,0.0000,0.0000,14,0,0,0,0,1,0,0,0,0
zc,TA301,2012-06-08 09:05:01.290,7172.0000,120860,4,0.0000,4.0000,4,0,双开,B,7170.0000,0.0000,0.0000,0.0000,0.0000,7172.0000,0.0000,0.0000,0.0000,0.0000,15,0,0,0,0,1,0,0,0,0
zc,TA301,2012-06-08 09:05:02.553,7172.0000,120864,4,0.0000,4.0000,4,0,双开,B,7170.0000,0.0000,0.0000,0.0000,0.0000,7172.0000,0.0000,0.0000,0.0000,0.0000,25,0,0,0,0,2,0,0,0,0
zc,TA301,2012-06-08 09:05:03.290,7172.0000,120864,0,0.0000,0.0000,0,0,多换,B,7170.0000,0.0000,0.0000,0.0000,0.0000,7172.0000,0.0000,0.0000,0.0000,0.0000,25,0,0,0,0,3,0,0,0,0
zc,TA301,2012-06-08 09:05:03.523,7170.0000,120864,0,0.0000,4.0000,2,2,空换,S,7170.0000,0.0000,0.0000,0.0000,0.0000,7172.0000,0.0000,0.0000,0.0000,0.0000,23,0,0,0,0,3,0,0,0,0
zc,TA301,2012-06-08 09:05:05.053,7172.0000,120876,12,0.0000,12.0000,12,0,双开,B,7170.0000,0.0000,0.0000,0.0000,0.0000,7172.0000,0.0000,0.0000,0.0000,0.0000,24,0,0,0,0,4,0,0,0,0
zc,TA301,2012-06-08 09:05:05.290,7172.0000,120876,0,0.0000,0.0000,0,0,多换,B,7170.0000,0.0000,0.0000,0.0000,0.0000,7172.0000,0.0000,0.0000,0.0000,0.0000,25,0,0,0,0,9,0,0,0,0
zc,TA301,2012-06-08 09:05:06.820,7170.0000,120928,52,0.0000,52.0000,52,0,双开,S,7170.0000,0.0000,0.0000,0.0000,0.0000,7172.0000,0.0000,0.0000,0.0000,0.0000,6,0,0,0,0,7,0,0,0,0
zc,TA301,2012-06-08 09:05:07.303,7172.0000,120938,10,0.0000,10.0000,10,0,双开,B,7170.0000,0.0000,0.0000,0.0000,0.0000,7172.0000,0.0000,0.0000,0.0000,0.0000,1,0,0,0,0,5,0,0,0,0
zc,TA301,2012-06-08 09:05:07.837,7168.0000,120938,0,0.0000,4.0000,2,2,空换,S,7168.0000,0.0000,0.0000,0.0000,0.0000,7170.0000,0.0000,0.0000,0.0000,0.0000,57,0,0,0,0,1,0,0,0,0
zc,TA301,2012-06-08 09:05:08.587,7168.0000,120938,0,0.0000,12.0000,6,6,空换,S,7168.0000,0.0000,0.0000,0.0000,0.0000,7170.0000,0.0000,0.0000,0.0000,0.0000,51,0,0,0,0,5,0,0,0,0
zc,TA301,2012-06-08 09:05:09.303,7166.0000,120952,14,0.0000,104.0000,59,45,空开,S,7166.0000,0.0000,0.0000,0.0000,0.0000,7170.0000,0.0000,0.0000,0.0000,0.0000,15,0,0,0,0,4,0,0,0,0
zc,TA301,2012-06-08 09:05:10.303,7166.0000,120952,0,0.0000,0.0000,0,0,空换,S,7166.0000,0.0000,0.0000,0.0000,0.0000,7168.0000,0.0000,0.0000,0.0000,0.0000,15,0,0,0,0,1,0,0,0,0
zc,TA301,2012-06-08 09:05:11.100,7166.0000,120952,0,0.0000,0.0000,0,0,空换,S,7166.0000,0.0000,0.0000,0.0000,0.0000,7168.0000,0.0000,0.0000,0.0000,0.0000,20,0,0,0,0,1,0,0,0,0
zc,TA301,2012-06-08 09:05:11.553,7166.0000,120978,26,0.0000,30.0000,28,2,空开,S,7164.0000,0.0000,0.0000,0.0000,0.0000,7168.0000,0.0000,0.0000,0.0000,0.0000,8,0,0,0,0,1,0,0,0,0
zc,TA301,2012-06-08 09:05:12.303,7166.0000,120978,0,0.0000,0.0000,0,0,空换,S,7164.0000,0.0000,0.0000,0.0000,0.0000,7168.0000,0.0000,0.0000,0.0000,0.0000,8,0,0,0,0,5,0,0,0,0
zc,TA301,2012-06-08 09:05:12.820,7168.0000,120992,14,0.0000,18.0000,16,2,多开,B,7162.0000,0.0000,0.0000,0.0000,0.0000,7164.0000,0.0000,0.0000,0.0000,0.0000,42,0,0,0,0,1,0,0,0,0
zc,TA301,2012-06-08 09:05:13.600,7162.0000,120990,-2,0.0000,6.0000,2,4,多平,S,7162.0000,0.0000,0.0000,0.0000,0.0000,7164.0000,0.0000,0.0000,0.0000,0.0000,40,0,0,0,0,1,0,0,0,0
zc,TA301,2012-06-08 09:05:14.087,7162.0000,121076,86,0.0000,86.0000,86,0,双开,S,7160.0000,0.0000,0.0000,0.0000,0.0000,7166.0000,0.0000,0.0000,0.0000,0.0000,68,0,0,0,0,21,0,0,0,0
zc,TA301,2012-06-08 09:05:14.790,7162.0000,121076,0,0.0000,0.0000,0,0,空换,S,7162.0000,0.0000,0.0000,0.0000,0.0000,7166.0000,0.0000,0.0000,0.0000,0.0000,1,0,0,0,0,21,0,0,0,0
zc,TA301,2012-06-08 09:05:15.320,7166.0000,121078,2,0.0000,2.0000,2,0,双开,B,7160.0000,0.0000,0.0000,0.0000,0.0000,7166.0000,0.0000,0.0000,0.0000,0.0000,73,0,0,0,0,20,0,0,0,0
zc,TA301,2012-06-08 09:05:16.100,7160.0000,121080,2,0.0000,4.0000,3,1,空开,S,7160.0000,0.0000,0.0000,0.0000,0.0000,7164.0000,0.0000,0.0000,0.0000,0.0000,71,0,0,0,0,6,0,0,0,0
zc,TA301,2012-06-08 09:05:16.553,7160.0000,121080,0,0.0000,0.0000,0,0,空换,S,7160.0000,0.0000,0.0000,0.0000,0.0000,7162.0000,0.0000,0.0000,0.0000,0.0000,68,0,0,0,0,6,0,0,0,0
zc,TA301,2012-06-08 09:05:17.303,7162.0000,121082,2,0.0000,2.0000,2,0,双开,B,7160.0000,0.0000,0.0000,0.0000,0.0000,7162.0000,0.0000,0.0000,0.0000,0.0000,68,0,0,0,0,5,0,0,0,0
zc,TA301,2012-06-08 09:05:18.100,7164.0000,121084,2,0.0000,20.0000,11,9,多开,B,7162.0000,0.0000,0.0000,0.0000,0.0000,7166.0000,0.0000,0.0000,0.0000,0.0000,41,0,0,0,0,55,0,0,0,0
zc,TA301,2012-06-08 09:05:18.820,7164.0000,121086,2,0.0000,2.0000,2,0,双开,B,7162.0000,0.0000,0.0000,0.0000,0.0000,7164.0000,0.0000,0.0000,0.0000,0.0000,41,0,0,0,0,19,0,0,0,0
zc,TA301,2012-06-08 09:05:19.290,7164.0000,121086,0,0.0000,0.0000,0,0,多换,B,7162.0000,0.0000,0.0000,0.0000,0.0000,7164.0000,0.0000,0.0000,0.0000,0.0000,45,0,0,0,0,38,0,0,0,0
zc,TA301,2012-06-08 09:05:19.837,7160.0000,121098,12,0.0000,96.0000,54,42,空开,S,7160.0000,0.0000,0.0000,0.0000,0.0000,7162.0000,0.0000,0.0000,0.0000,0.0000,67,0,0,0,0,1,0,0,0,0
zc,TA301,2012-06-08 09:05:20.540,7162.0000,121100,2,0.0000,2.0000,2,0,双开,B,7160.0000,0.0000,0.0000,0.0000,0.0000,7162.0000,0.0000,0.0000,0.0000,0.0000,69,0,0,0,0,45,0,0,0,0
zc,TA301,2012-06-08 09:05:21.320,7162.0000,121094,-6,0.0000,34.0000,14,20,空平,B,7160.0000,0.0000,0.0000,0.0000,0.0000,7162.0000,0.0000,0.0000,0.0000,0.0000,55,0,0,0,0,42,0,0,0,0
zc,TA301,2012-06-08 09:05:21.773,7160.0000,121094,0,0.0000,4.0000,2,2,空换,S,7160.0000,0.0000,0.0000,0.0000,0.0000,7162.0000,0.0000,0.0000,0.0000,0.0000,53,0,0,0,0,42,0,0,0,0
zc,TA301,2012-06-08 09:05:22.553,7160.0000,121086,-8,0.0000,14.0000,3,11,多平,S,7160.0000,0.0000,0.0000,0.0000,0.0000,7162.0000,0.0000,0.0000,0.0000,0.0000,56,0,0,0,0,42,0,0,0,0
zc,TA301,2012-06-08 09:05:23.023,7162.0000,121088,2,0.0000,2.0000,2,0,双开,B,7160.0000,0.0000,0.0000,0.0000,0.0000,7162.0000,0.0000,0.0000,0.0000,0.0000,62,0,0,0,0,41,0,0,0,0
zc,TA301,2012-06-08 09:05:23.850,7160.0000,121106,18,0.0000,124.0000,71,53,空开,S,7158.0000,0.0000,0.0000,0.0000,0.0000,7160.0000,0.0000,0.0000,0.0000,0.0000,9,0,0,0,0,2,0,0,0,0
zc,TA301,2012-06-08 09:05:24.570,7156.0000,121118,12,0.0000,42.0000,27,15,空开,S,7156.0000,0.0000,0.0000,0.0000,0.0000,7160.0000,0.0000,0.0000,0.0000,0.0000,24,0,0,0,0,16,0,0,0,0
zc,TA301,2012-06-08 09:05:25.053,7160.0000,121122,4,0.0000,18.0000,11,7,多开,B,7158.0000,0.0000,0.0000,0.0000,0.0000,7160.0000,0.0000,0.0000,0.0000,0.0000,3,0,0,0,0,14,0,0,0,0
zc,TA301,2012-06-08 09:05:25.790,7158.0000,121122,0,0.0000,6.0000,3,3,空换,S,7158.0000,0.0000,0.0000,0.0000,0.0000,7160.0000,0.0000,0.0000,0.0000,0.0000,7,0,0,0,0,2,0,0,0,0
zc,TA301,2012-06-08 09:05:26.337,7160.0000,121086,-36,0.0000,38.0000,1,37,空平,B,7158.0000,0.0000,0.0000,0.0000,0.0000,7160.0000,0.0000,0.0000,0.0000,0.0000,1,0,0,0,0,1,0,0,0,0
zc,TA301,2012-06-08 09:05:27.100,7158.0000,121086,0,0.0000,6.0000,3,3,空换,S,7158.0000,0.0000,0.0000,0.0000,0.0000,7160.0000,0.0000,0.0000,0.0000,0.0000,4,0,0,0,0,4,0,0,0,0
zc,TA301,2012-06-08 09:05:28.273,7160.0000,121094,8,0.0000,10.0000,9,1,多开,B,7158.0000,0.0000,0.0000,0.0000,0.0000,7160.0000,0.0000,0.0000,0.0000,0.0000,1,0,0,0,0,2,0,0,0,0
zc,TA301,2012-06-08 09:05:28.850,7160.0000,121098,4,0.0000,18.0000,11,7,多开,B,7160.0000,0.0000,0.0000,0.0000,0.0000,7162.0000,0.0000,0.0000,0.0000,0.0000,7,0,0,0,0,26,0,0,0,0
zc,TA301,2012-06-08 09:05:29.493,7162.0000,121092,-6,0.0000,6.0000,0,6,双平,B,7160.0000,0.0000,0.0000,0.0000,0.0000,7162.0000,0.0000,0.0000,0.0000,0.0000,5,0,0,0,0,1,0,0,0,0
zc,TA301,2012-06-08 09:05:29.837,7160.0000,121090,-2,0.0000,14.0000,6,8,多平,S,7158.0000,0.0000,0.0000,0.0000,0.0000,7164.0000,0.0000,0.0000,0.0000,0.0000,5,0,0,0,0,10,0,0,0,0
zc,TA301,2012-06-08 09:05:30.600,7160.0000,121090,0,0.0000,4.0000,2,2,空换,S,7160.0000,0.0000,0.0000,0.0000,0.0000,7162.0000,0.0000,0.0000,0.0000,0.0000,14,0,0,0,0,7,0,0,0,0
zc,TA301,2012-06-08 09:05:31.053,7160.0000,121104,14,0.0000,14.0000,14,0,双开,S,7160.0000,0.0000,0.0000,0.0000,0.0000,7166.0000,0.0000,0.0000,0.0000,0.0000,13,0,0,0,0,31,0,0,0,0
zc,TA301,2012-06-08 09:05:32.320,7160.0000,121104,0,0.0000,2.0000,1,1,空换,S,7160.0000,0.0000,0.0000,0.0000,0.0000,7166.0000,0.0000,0.0000,0.0000,0.0000,16,0,0,0,0,31,0,0,0,0
zc,TA301,2012-06-08 09:05:33.100,7160.0000,121110,6,0.0000,6.0000,6,0,双开,S,7162.0000,0.0000,0.0000,0.0000,0.0000,7166.0000,0.0000,0.0000,0.0000,0.0000,1,0,0,0,0,31,0,0,0,0
zc,TA301,2012-06-08 09:05:33.790,7166.0000,121112,2,0.0000,4.0000,3,1,多开,B,7162.0000,0.0000,0.0000,0.0000,0.0000,7166.0000,0.0000,0.0000,0.0000,0.0000,1,0,0,0,0,30,0,0,0,0
zc,TA301,2012-06-08 09:05:34.350,7164.0000,121094,-18,0.0000,54.0000,18,36,多平,S,7160.0000,0.0000,0.0000,0.0000,0.0000,7166.0000,0.0000,0.0000,0.0000,0.0000,29,0,0,0,0,46,0,0,0,0
zc,TA301,2012-06-08 09:05:35.023,7164.0000,121094,0,0.0000,0.0000,0,0,空换,S,7160.0000,0.0000,0.0000,0.0000,0.0000,7166.0000,0.0000,0.0000,0.0000,0.0000,29,0,0,0,0,39,0,0,0,0
zc,TA301,2012-06-08 09:05:35.540,7160.0000,121094,0,0.0000,2.0000,1,1,空换,S,7160.0000,0.0000,0.0000,0.0000,0.0000,7164.0000,0.0000,0.0000,0.0000,0.0000,29,0,0,0,0,1,0,0,0,0
zc,TA301,2012-06-08 09:05:36.367,7164.0000,121098,4,0.0000,8.0000,6,2,多开,B,7162.0000,0.0000,0.0000,0.0000,0.0000,7164.0000,0.0000,0.0000,0.0000,0.0000,18,0,0,0,0,36,0,0,0,0
zc,TA301,2012-06-08 09:05:37.600,7162.0000,121100,2,0.0000,38.0000,20,18,空开,S,7160.0000,0.0000,0.0000,0.0000,0.0000,7164.0000,0.0000,0.0000,0.0000,0.0000,29,0,0,0,0,1,0,0,0,0
zc,TA301,2012-06-08 09:05:38.133,7162.0000,121100,0,0.0000,0.0000,0,0,空换,S,7160.0000,0.0000,0.0000,0.0000,0.0000,7162.0000,0.0000,0.0000,0.0000,0.0000,30,0,0,0,0,2,0,0,0,0
zc,TA301,2012-06-08 09:05:38.773,7160.0000,121100,0,0.0000,2.0000,1,1,空换,S,7160.0000,0.0000,0.0000,0.0000,0.0000,7162.0000,0.0000,0.0000,0.0000,0.0000,31,0,0,0,0,2,0,0,0,0
zc,TA301,2012-06-08 09:05:39.303,7162.0000,121102,2,0.0000,4.0000,3,1,多开,B,7162.0000,0.0000,0.0000,0.0000,0.0000,7164.0000,0.0000,0.0000,0.0000,0.0000,1,0,0,0,0,17,0,0,0,0
zc,TA301,2012-06-08 09:05:40.100,7160.0000,121162,60,0.0000,106.0000,83,23,空开,S,7158.0000,0.0000,0.0000,0.0000,0.0000,7162.0000,0.0000,0.0000,0.0000,0.0000,6,0,0,0,0,5,0,0,0,0
zc,TA301,2012-06-08 09:05:40.523,7160.0000,121162,0,0.0000,0.0000,0,0,空换,S,7158.0000,0.0000,0.0000,0.0000,0.0000,7162.0000,0.0000,0.0000,0.0000,0.0000,6,0,0,0,0,35,0,0,0,0
zc,TA301,2012-06-08 09:05:41.117,7158.0000,121160,-2,0.0000,12.0000,5,7,多平,S,7156.0000,0.0000,0.0000,0.0000,0.0000,7158.0000,0.0000,0.0000,0.0000,0.0000,20,0,0,0,0,8,0,0,0,0
zc,TA301,2012-06-08 09:05:41.570,7156.0000,121200,40,0.0000,42.0000,41,1,空开,S,7154.0000,0.0000,0.0000,0.0000,0.0000,7158.0000,0.0000,0.0000,0.0000,0.0000,12,0,0,0,0,7,0,0,0,0
zc,TA301,2012-06-08 09:05:42.320,7158.0000,121200,0,0.0000,2.0000,1,1,多换,B,7156.0000,0.0000,0.0000,0.0000,0.0000,7158.0000,0.0000,0.0000,0.0000,0.0000,2,0,0,0,0,6,0,0,0,0
zc,TA301,2012-06-08 09:05:42.837,7154.0000,121212,12,0.0000,36.0000,24,12,空开,S,7154.0000,0.0000,0.0000,0.0000,0.0000,7160.0000,0.0000,0.0000,0.0000,0.0000,5,0,0,0,0,5,0,0,0,0
zc,TA301,2012-06-08 09:05:43.553,7154.0000,121220,8,0.0000,16.0000,12,4,空开,S,7152.0000,0.0000,0.0000,0.0000,0.0000,7154.0000,0.0000,0.0000,0.0000,0.0000,44,0,0,0,0,1,0,0,0,0
zc,TA301,2012-06-08 09:05:44.320,7158.0000,121262,42,0.0000,56.0000,49,7,多开,B,7152.0000,0.0000,0.0000,0.0000,0.0000,7158.0000,0.0000,0.0000,0.0000,0.0000,21,0,0,0,0,24,0,0,0,0
zc,TA301,2012-06-08 09:05:44.837,7152.0000,121302,40,0.0000,42.0000,41,1,空开,S,7150.0000,0.0000,0.0000,0.0000,0.0000,7152.0000,0.0000,0.0000,0.0000,0.0000,95,0,0,0,0,39,0,0,0,0
zc,TA301,2012-06-08 09:05:45.570,7152.0000,121312,10,0.0000,10.0000,10,0,双开,S,7150.0000,0.0000,0.0000,0.0000,0.0000,7152.0000,0.0000,0.0000,0.0000,0.0000,95,0,0,0,0,35,0,0,0,0
zc,TA301,2012-06-08 09:05:46.803,7152.0000,121328,16,0.0000,16.0000,16,0,双开,S,7150.0000,0.0000,0.0000,0.0000,0.0000,7152.0000,0.0000,0.0000,0.0000,0.0000,95,0,0,0,0,27,0,0,0,0
zc,TA301,2012-06-08 09:05:47.337,7150.0000,121450,122,0.0000,122.0000,122,0,双开,S,7150.0000,0.0000,0.0000,0.0000,0.0000,7152.0000,0.0000,0.0000,0.0000,0.0000,34,0,0,0,0,28,0,0,0,0
zc,TA301,2012-06-08 09:05:48.100,7150.0000,121450,0,0.0000,4.0000,2,2,空换,S,7150.0000,0.0000,0.0000,0.0000,0.0000,7152.0000,0.0000,0.0000,0.0000,0.0000,32,0,0,0,0,28,0,0,0,0
zc,TA301,2012-06-08 09:05:48.633,7150.0000,121454,4,0.0000,10.0000,7,3,空开,S,7150.0000,0.0000,0.0000,0.0000,0.0000,7152.0000,0.0000,0.0000,0.0000,0.0000,29,0,0,0,0,26,0,0,0,0
zc,TA301,2012-06-08 09:05:49.350,7152.0000,121466,12,0.0000,62.0000,37,25,多开,B,7150.0000,0.0000,0.0000,0.0000,0.0000,7152.0000,0.0000,0.0000,0.0000,0.0000,4,0,0,0,0,21,0,0,0,0
zc,TA301,2012-06-08 09:05:49.837,7152.0000,121482,16,0.0000,22.0000,19,3,多开,B,7148.0000,0.0000,0.0000,0.0000,0.0000,7150.0000,0.0000,0.0000,0.0000,0.0000,18,0,0,0,0,1,0,0,0,0
zc,TA301,2012-06-08 09:05:50.553,7150.0000,121478,-4,0.0000,24.0000,10,14,多平,S,7150.0000,0.0000,0.0000,0.0000,0.0000,7152.0000,0.0000,0.0000,0.0000,0.0000,10,0,0,0,0,7,0,0,0,0
zc,TA301,2012-06-08 09:05:51.303,7148.0000,121498,20,0.0000,22.0000,21,1,空开,S,7148.0000,0.0000,0.0000,0.0000,0.0000,7150.0000,0.0000,0.0000,0.0000,0.0000,17,0,0,0,0,4,0,0,0,0
zc,TA301,2012-06-08 09:05:51.803,7150.0000,121510,12,0.0000,14.0000,13,1,多开,B,7148.0000,0.0000,0.0000,0.0000,0.0000,7150.0000,0.0000,0.0000,0.0000,0.0000,17,0,0,0,0,28,0,0,0,0
zc,TA301,2012-06-08 09:05:52.850,7148.0000,121566,56,0.0000,68.0000,62,6,空开,S,7146.0000,0.0000,0.0000,0.0000,0.0000,7148.0000,0.0000,0.0000,0.0000,0.0000,13,0,0,0,0,2,0,0,0,0
zc,TA301,2012-06-08 09:05:53.320,7150.0000,121568,2,0.0000,12.0000,7,5,多开,B,7146.0000,0.0000,0.0000,0.0000,0.0000,7150.0000,0.0000,0.0000,0.0000,0.0000,11,0,0,0,0,6,0,0,0,0
zc,TA301,2012-06-08 09:05:53.850,7148.0000,121568,0,0.0000,16.0000,8,8,空换,S,7148.0000,0.0000,0.0000,0.0000,0.0000,7150.0000,0.0000,0.0000,0.0000,0.0000,4,0,0,0,0,5,0,0,0,0
zc,TA301,2012-06-08 09:05:54.570,7152.0000,121572,4,0.0000,30.0000,17,13,多开,B,7150.0000,0.0000,0.0000,0.0000,0.0000,7152.0000,0.0000,0.0000,0.0000,0.0000,1,0,0,0,0,4,0,0,0,0
zc,TA301,2012-06-08 09:05:55.100,7150.0000,121574,2,0.0000,2.0000,2,0,双开,S,7148.0000,0.0000,0.0000,0.0000,0.0000,7152.0000,0.0000,0.0000,0.0000,0.0000,22,0,0,0,0,4,0,0,0,0
zc,TA301,2012-06-08 09:05:55.883,7154.0000,121568,-6,0.0000,20.0000,7,13,空平,B,7152.0000,0.0000,0.0000,0.0000,0.0000,7158.0000,0.0000,0.0000,0.0000,0.0000,6,0,0,0,0,29,0,0,0,0
zc,TA301,2012-06-08 09:05:56.303,7150.0000,121566,-2,0.0000,2.0000,0,2,双平,S,7150.0000,0.0000,0.0000,0.0000,0.0000,7158.0000,0.0000,0.0000,0.0000,0.0000,5,0,0,0,0,29,0,0,0,0
zc,TA301,2012-06-08 09:05:57.053,7150.0000,121566,0,0.0000,2.0000,1,1,空换,S,7148.0000,0.0000,0.0000,0.0000,0.0000,7154.0000,0.0000,0.0000,0.0000,0.0000,46,0,0,0,0,28,0,0,0,0
zc,TA301,2012-06-08 09:05:57.540,7148.0000,121564,-2,0.0000,2.0000,0,2,双平,S,7150.0000,0.0000,0.0000,0.0000,0.0000,7154.0000,0.0000,0.0000,0.0000,0.0000,20,0,0,0,0,28,0,0,0,0
zc,TA301,2012-06-08 09:05:58.570,7154.0000,121568,4,0.0000,4.0000,4,0,双开,B,7150.0000,0.0000,0.0000,0.0000,0.0000,7156.0000,0.0000,0.0000,0.0000,0.0000,21,0,0,0,0,17,0,0,0,0
zc,TA301,2012-06-08 09:05:58.837,7154.0000,121570,2,0.0000,32.0000,17,15,多开,B,7150.0000,0.0000,0.0000,0.0000,0.0000,7154.0000,0.0000,0.0000,0.0000,0.0000,9,0,0,0,0,12,0,0,0,0
zc,TA301,2012-06-08 09:05:59.570,7156.0000,121610,40,0.0000,42.0000,41,1,多开,B,7152.0000,0.0000,0.0000,0.0000,0.0000,7156.0000,0.0000,0.0000,0.0000,0.0000,1,0,0,0,0,5,0,0,0,0
zc,TA301,2012-06-08 09:06:00.100,7152.0000,121612,2,0.0000,2.0000,2,0,双开,S,7152.0000,0.0000,0.0000,0.0000,0.0000,7156.0000,0.0000,0.0000,0.0000,0.0000,1,0,0,0,0,5,0,0,0,0
zc,TA301,2012-06-08 09:06:00.803,7152.0000,121616,4,0.0000,4.0000,4,0,双开,S,7150.0000,0.0000,0.0000,0.0000,0.0000,7156.0000,0.0000,0.0000,0.0000,0.0000,13,0,0,0,0,5,0,0,0,0
zc,TA301,2012-06-08 09:06:01.367,7150.0000,121610,-6,0.0000,6.0000,0,6,双平,S,7150.0000,0.0000,0.0000,0.0000,0.0000,7152.0000,0.0000,0.0000,0.0000,0.0000,7,0,0,0,0,1,0,0,0,0
zc,TA301,2012-06-08 09:06:02.040,7152.0000,121610,0,0.0000,2.0000,1,1,多换,B,7150.0000,0.0000,0.0000,0.0000,0.0000,7154.0000,0.0000,0.0000,0.0000,0.0000,7,0,0,0,0,2,0,0,0,0
zc,TA301,2012-06-08 09:06:02.570,7154.0000,121614,4,0.0000,4.0000,4,0,双开,B,7150.0000,0.0000,0.0000,0.0000,0.0000,7156.0000,0.0000,0.0000,0.0000,0.0000,7,0,0,0,0,4,0,0,0,0
zc,TA301,2012-06-08 09:06:03.320,7152.0000,121608,-6,0.0000,6.0000,0,6,双平,S,7152.0000,0.0000,0.0000,0.0000,0.0000,7156.0000,0.0000,0.0000,0.0000,0.0000,1,0,0,0,0,2,0,0,0,0
zc,TA301,2012-06-08 09:06:04.040,7152.0000,121608,0,0.0000,0.0000,0,0,空换,S,7150.0000,0.0000,0.0000,0.0000,0.0000,7156.0000,0.0000,0.0000,0.0000,0.0000,8,0,0,0,0,3,0,0,0,0
