市场代码,合约代码,时间,最新,持仓,增仓,成交额,成交量,开仓,平仓,成交类型,方向,买一价,买二价,买三价,买四价,买五价,卖一价,卖二价,卖三价,卖四价,卖五价,买一量,买二量,买三量,买四量,买五量,卖一量,卖二量,卖三量,卖四量,卖五量
zc,TA209,2012-06-08 08:09:29.540,0.0000,464252,0,0.0000,0.0000,0,0,空换,S,0.0000,0.0000,0.0000,0.0000,0.0000,0.0000,0.0000,0.0000,0.0000,0.0000,0,0,0,0,0,0,0,0,0,0
zc,TA209,2012-06-08 08:29:29.507,0.0000,464252,0,0.0000,0.0000,0,0,空换,S,0.0000,0.0000,0.0000,0.0000,0.0000,0.0000,0.0000,0.0000,0.0000,0.0000,0,0,0,0,0,0,0,0,0,0
zc,TA209,2012-06-08 08:38:29.507,0.0000,464252,0,0.0000,0.0000,0,0,空换,S,0.0000,0.0000,0.0000,0.0000,0.0000,0.0000,0.0000,0.0000,0.0000,0.0000,0,0,0,0,0,0,0,0,0,0
zc,TA209,2012-06-08 08:42:29.493,0.0000,464252,0,0.0000,0.0000,0,0,空换,S,0.0000,0.0000,0.0000,0.0000,0.0000,0.0000,0.0000,0.0000,0.0000,0.0000,0,0,0,0,0,0,0,0,0,0
zc,TA209,2012-06-08 08:47:29.493,0.0000,464252,0,0.0000,0.0000,0,0,空换,S,0.0000,0.0000,0.0000,0.0000,0.0000,0.0000,0.0000,0.0000,0.0000,0.0000,0,0,0,0,0,0,0,0,0,0
zc,TA209,2012-06-08 08:55:01.743,0.0000,464252,0,0.0000,0.0000,0,0,空换,S,0.0000,0.0000,0.0000,0.0000,0.0000,0.0000,0.0000,0.0000,0.0000,0.0000,0,0,0,0,0,0,0,0,0,0
zc,TA209,2012-06-08 08:55:02.540,0.0000,464252,0,0.0000,0.0000,0,0,空换,S,0.0000,0.0000,0.0000,0.0000,0.0000,0.0000,0.0000,0.0000,0.0000,0.0000,0,0,0,0,0,0,0,0,0,0
zc,TA209,2012-06-08 08:55:14.727,0.0000,464252,0,0.0000,0.0000,0,0,空换,S,0.0000,0.0000,0.0000,0.0000,0.0000,0.0000,0.0000,0.0000,0.0000,0.0000,0,0,0,0,0,0,0,0,0,0
zc,TA209,2012-06-08 08:55:15.227,0.0000,464252,0,0.0000,0.0000,0,0,空换,S,0.0000,0.0000,0.0000,0.0000,0.0000,0.0000,0.0000,0.0000,0.0000,0.0000,0,0,0,0,0,0,0,0,0,0
zc,TA209,2012-06-08 08:55:16.477,0.0000,464252,0,0.0000,0.0000,0,0,空换,S,0.0000,0.0000,0.0000,0.0000,0.0000,0.0000,0.0000,0.0000,0.0000,0.0000,0,0,0,0,0,0,0,0,0,0
zc,TA209,2012-06-08 08:55:36.727,0.0000,464252,0,0.0000,0.0000,0,0,空换,S,0.0000,0.0000,0.0000,0.0000,0.0000,0.0000,0.0000,0.0000,0.0000,0.0000,0,0,0,0,0,0,0,0,0,0
zc,TA209,2012-06-08 08:55:41.743,0.0000,464252,0,0.0000,0.0000,0,0,空换,S,0.0000,0.0000,0.0000,0.0000,0.0000,0.0000,0.0000,0.0000,0.0000,0.0000,0,0,0,0,0,0,0,0,0,0
zc,TA209,2012-06-08 08:55:44.493,0.0000,464252,0,0.0000,0.0000,0,0,空换,S,0.0000,0.0000,0.0000,0.0000,0.0000,0.0000,0.0000,0.0000,0.0000,0.0000,0,0,0,0,0,0,0,0,0,0
zc,TA209,2012-06-08 08:55:47.977,0.0000,464252,0,0.0000,0.0000,0,0,空换,S,0.0000,0.0000,0.0000,0.0000,0.0000,0.0000,0.0000,0.0000,0.0000,0.0000,0,0,0,0,0,0,0,0,0,0
zc,TA209,2012-06-08 08:55:57.477,0.0000,464252,0,0.0000,0.0000,0,0,空换,S,0.0000,0.0000,0.0000,0.0000,0.0000,0.0000,0.0000,0.0000,0.0000,0.0000,0,0,0,0,0,0,0,0,0,0
zc,TA209,2012-06-08 08:56:02.243,0.0000,464252,0,0.0000,0.0000,0,0,空换,S,0.0000,0.0000,0.0000,0.0000,0.0000,0.0000,0.0000,0.0000,0.0000,0.0000,0,0,0,0,0,0,0,0,0,0
zc,TA209,2012-06-08 08:56:10.243,0.0000,464252,0,0.0000,0.0000,0,0,空换,S,0.0000,0.0000,0.0000,0.0000,0.0000,0.0000,0.0000,0.0000,0.0000,0.0000,0,0,0,0,0,0,0,0,0,0
zc,TA209,2012-06-08 08:56:14.743,0.0000,464252,0,0.0000,0.0000,0,0,空换,S,0.0000,0.0000,0.0000,0.0000,0.0000,0.0000,0.0000,0.0000,0.0000,0.0000,0,0,0,0,0,0,0,0,0,0
zc,TA209,2012-06-08 08:56:16.977,0.0000,464252,0,0.0000,0.0000,0,0,空换,S,0.0000,0.0000,0.0000,0.0000,0.0000,0.0000,0.0000,0.0000,0.0000,0.0000,0,0,0,0,0,0,0,0,0,0
zc,TA209,2012-06-08 08:56:19.227,0.0000,464252,0,0.0000,0.0000,0,0,空换,S,0.0000,0.0000,0.0000,0.0000,0.0000,0.0000,0.0000,0.0000,0.0000,0.0000,0,0,0,0,0,0,0,0,0,0
zc,TA209,2012-06-08 08:56:20.727,0.0000,464252,0,0.0000,0.0000,0,0,空换,S,0.0000,0.0000,0.0000,0.0000,0.0000,0.0000,0.0000,0.0000,0.0000,0.0000,0,0,0,0,0,0,0,0,0,0
zc,TA209,2012-06-08 08:56:24.243,0.0000,464252,0,0.0000,0.0000,0,0,空换,S,0.0000,0.0000,0.0000,0.0000,0.0000,0.0000,0.0000,0.0000,0.0000,0.0000,0,0,0,0,0,0,0,0,0,0
zc,TA209,2012-06-08 08:56:24.757,0.0000,464252,0,0.0000,0.0000,0,0,空换,S,0.0000,0.0000,0.0000,0.0000,0.0000,0.0000,0.0000,0.0000,0.0000,0.0000,0,0,0,0,0,0,0,0,0,0
zc,TA209,2012-06-08 08:56:25.227,0.0000,464252,0,0.0000,0.0000,0,0,空换,S,0.0000,0.0000,0.0000,0.0000,0.0000,0.0000,0.0000,0.0000,0.0000,0.0000,0,0,0,0,0,0,0,0,0,0
zc,TA209,2012-06-08 08:56:27.493,0.0000,464252,0,0.0000,0.0000,0,0,空换,S,0.0000,0.0000,0.0000,0.0000,0.0000,0.0000,0.0000,0.0000,0.0000,0.0000,0,0,0,0,0,0,0,0,0,0
zc,TA209,2012-06-08 08:56:28.493,0.0000,464252,0,0.0000,0.0000,0,0,空换,S,0.0000,0.0000,0.0000,0.0000,0.0000,0.0000,0.0000,0.0000,0.0000,0.0000,0,0,0,0,0,0,0,0,0,0
zc,TA209,2012-06-08 08:56:29.727,0.0000,464252,0,0.0000,0.0000,0,0,空换,S,0.0000,0.0000,0.0000,0.0000,0.0000,0.0000,0.0000,0.0000,0.0000,0.0000,0,0,0,0,0,0,0,0,0,0
zc,TA209,2012-06-08 08:56:39.477,0.0000,464252,0,0.0000,0.0000,0,0,空换,S,0.0000,0.0000,0.0000,0.0000,0.0000,0.0000,0.0000,0.0000,0.0000,0.0000,0,0,0,0,0,0,0,0,0,0
zc,TA209,2012-06-08 08:56:42.493,0.0000,464252,0,0.0000,0.0000,0,0,空换,S,0.0000,0.0000,0.0000,0.0000,0.0000,0.0000,0.0000,0.0000,0.0000,0.0000,0,0,0,0,0,0,0,0,0,0
zc,TA209,2012-06-08 08:57:10.493,0.0000,464252,0,0.0000,0.0000,0,0,空换,S,0.0000,0.0000,0.0000,0.0000,0.0000,0.0000,0.0000,0.0000,0.0000,0.0000,0,0,0,0,0,0,0,0,0,0
zc,TA209,2012-06-08 08:57:27.977,0.0000,464252,0,0.0000,0.0000,0,0,空换,S,0.0000,0.0000,0.0000,0.0000,0.0000,0.0000,0.0000,0.0000,0.0000,0.0000,0,0,0,0,0,0,0,0,0,0
zc,TA209,2012-06-08 08:57:28.977,0.0000,464252,0,0.0000,0.0000,0,0,空换,S,0.0000,0.0000,0.0000,0.0000,0.0000,0.0000,0.0000,0.0000,0.0000,0.0000,0,0,0,0,0,0,0,0,0,0
zc,TA209,2012-06-08 08:57:31.977,0.0000,464252,0,0.0000,0.0000,0,0,空换,S,0.0000,0.0000,0.0000,0.0000,0.0000,0.0000,0.0000,0.0000,0.0000,0.0000,0,0,0,0,0,0,0,0,0,0
zc,TA209,2012-06-08 08:57:44.493,0.0000,464252,0,0.0000,0.0000,0,0,空换,S,0.0000,0.0000,0.0000,0.0000,0.0000,0.0000,0.0000,0.0000,0.0000,0.0000,0,0,0,0,0,0,0,0,0,0
zc,TA209,2012-06-08 08:57:57.743,0.0000,464252,0,0.0000,0.0000,0,0,空换,S,0.0000,0.0000,0.0000,0.0000,0.0000,0.0000,0.0000,0.0000,0.0000,0.0000,0,0,0,0,0,0,0,0,0,0
zc,TA209,2012-06-08 08:57:59.493,0.0000,464252,0,0.0000,0.0000,0,0,空换,S,0.0000,0.0000,0.0000,0.0000,0.0000,0.0000,0.0000,0.0000,0.0000,0.0000,0,0,0,0,0,0,0,0,0,0
zc,TA209,2012-06-08 08:58:03.227,0.0000,464252,0,0.0000,0.0000,0,0,空换,S,0.0000,0.0000,0.0000,0.0000,0.0000,0.0000,0.0000,0.0000,0.0000,0.0000,0,0,0,0,0,0,0,0,0,0
zc,TA209,2012-06-08 08:58:06.727,0.0000,464252,0,0.0000,0.0000,0,0,空换,S,0.0000,0.0000,0.0000,0.0000,0.0000,0.0000,0.0000,0.0000,0.0000,0.0000,0,0,0,0,0,0,0,0,0,0
zc,TA209,2012-06-08 08:58:36.977,0.0000,464252,0,0.0000,0.0000,0,0,空换,S,0.0000,0.0000,0.0000,0.0000,0.0000,0.0000,0.0000,0.0000,0.0000,0.0000,0,0,0,0,0,0,0,0,0,0
zc,TA209,2012-06-08 08:58:38.227,0.0000,464252,0,0.0000,0.0000,0,0,空换,S,0.0000,0.0000,0.0000,0.0000,0.0000,0.0000,0.0000,0.0000,0.0000,0.0000,0,0,0,0,0,0,0,0,0,0
zc,TA209,2012-06-08 08:58:38.743,0.0000,464252,0,0.0000,0.0000,0,0,空换,S,0.0000,0.0000,0.0000,0.0000,0.0000,0.0000,0.0000,0.0000,0.0000,0.0000,0,0,0,0,0,0,0,0,0,0
zc,TA209,2012-06-08 08:58:41.477,0.0000,464252,0,0.0000,0.0000,0,0,空换,S,0.0000,0.0000,0.0000,0.0000,0.0000,0.0000,0.0000,0.0000,0.0000,0.0000,0,0,0,0,0,0,0,0,0,0
zc,TA209,2012-06-08 08:58:49.977,0.0000,464252,0,0.0000,0.0000,0,0,空换,S,0.0000,0.0000,0.0000,0.0000,0.0000,0.0000,0.0000,0.0000,0.0000,0.0000,0,0,0,0,0,0,0,0,0,0
zc,TA209,2012-06-08 08:58:51.477,0.0000,464252,0,0.0000,0.0000,0,0,空换,S,0.0000,0.0000,0.0000,0.0000,0.0000,0.0000,0.0000,0.0000,0.0000,0.0000,0,0,0,0,0,0,0,0,0,0
zc,TA209,2012-06-08 08:58:58.477,0.0000,464252,0,0.0000,0.0000,0,0,空换,S,0.0000,0.0000,0.0000,0.0000,0.0000,0.0000,0.0000,0.0000,0.0000,0.0000,0,0,0,0,0,0,0,0,0,0
zc,TA209,2012-06-08 08:58:59.727,0.0000,464252,0,0.0000,0.0000,0,0,空换,S,0.0000,0.0000,0.0000,0.0000,0.0000,0.0000,0.0000,0.0000,0.0000,0.0000,0,0,0,0,0,0,0,0,0,0
zc,TA209,2012-06-08 08:59:03.197,7242.0000,463806,-446,0.0000,3776.0000,1665,2111,空平,B,7240.0000,0.0000,0.0000,0.0000,0.0000,7242.0000,0.0000,0.0000,0.0000,0.0000,285,0,0,0,0,90,0,0,0,0
zc,TA209,2012-06-08 09:00:01.647,7238.0000,464230,424,0.0000,1500.0000,962,538,空开,S,7232.0000,0.0000,0.0000,0.0000,0.0000,7238.0000,0.0000,0.0000,0.0000,0.0000,5,0,0,0,0,418,0,0,0,0
zc,TA209,2012-06-08 09:00:02.947,7234.0000,464546,316,0.0000,1018.0000,667,351,空开,S,7232.0000,0.0000,0.0000,0.0000,0.0000,7236.0000,0.0000,0.0000,0.0000,0.0000,9,0,0,0,0,6,0,0,0,0
zc,TA209,2012-06-08 09:00:04.197,7236.0000,464374,-172,0.0000,1382.0000,605,777,空平,B,7236.0000,0.0000,0.0000,0.0000,0.0000,7238.0000,0.0000,0.0000,0.0000,0.0000,302,0,0,0,0,13,0,0,0,0
zc,TA209,2012-06-08 09:00:05.197,7232.0000,464288,-86,0.0000,1732.0000,823,909,多平,S,7224.0000,0.0000,0.0000,0.0000,0.0000,7232.0000,0.0000,0.0000,0.0000,0.0000,3,0,0,0,0,88,0,0,0,0
zc,TA209,2012-06-08 09:00:05.647,7232.0000,464300,12,0.0000,448.0000,230,218,空开,S,7230.0000,0.0000,0.0000,0.0000,0.0000,7232.0000,0.0000,0.0000,0.0000,0.0000,8,0,0,0,0,35,0,0,0,0
zc,TA209,2012-06-08 09:00:06.383,7240.0000,464160,-140,0.0000,774.0000,317,457,空平,B,7238.0000,0.0000,0.0000,0.0000,0.0000,7240.0000,0.0000,0.0000,0.0000,0.0000,164,0,0,0,0,2457,0,0,0,0
zc,TA209,2012-06-08 09:00:06.897,7232.0000,463952,-208,0.0000,566.0000,179,387,多平,S,7232.0000,0.0000,0.0000,0.0000,0.0000,7238.0000,0.0000,0.0000,0.0000,0.0000,19,0,0,0,0,22,0,0,0,0
zc,TA209,2012-06-08 09:00:07.633,7232.0000,464042,90,0.0000,166.0000,128,38,空开,S,7226.0000,0.0000,0.0000,0.0000,0.0000,7232.0000,0.0000,0.0000,0.0000,0.0000,1,0,0,0,0,64,0,0,0,0
zc,TA209,2012-06-08 09:00:08.133,7222.0000,463930,-112,0.0000,364.0000,126,238,多平,S,7222.0000,0.0000,0.0000,0.0000,0.0000,7232.0000,0.0000,0.0000,0.0000,0.0000,108,0,0,0,0,73,0,0,0,0
zc,TA209,2012-06-08 09:00:08.633,7224.0000,464066,136,0.0000,232.0000,184,48,多开,B,7224.0000,0.0000,0.0000,0.0000,0.0000,7232.0000,0.0000,0.0000,0.0000,0.0000,2,0,0,0,0,18,0,0,0,0
zc,TA209,2012-06-08 09:00:09.397,7234.0000,463716,-350,0.0000,850.0000,250,600,空平,B,7234.0000,0.0000,0.0000,0.0000,0.0000,7238.0000,0.0000,0.0000,0.0000,0.0000,5,0,0,0,0,113,0,0,0,0
zc,TA209,2012-06-08 09:00:10.133,7232.0000,463724,8,0.0000,184.0000,96,88,空开,S,7232.0000,0.0000,0.0000,0.0000,0.0000,7234.0000,0.0000,0.0000,0.0000,0.0000,119,0,0,0,0,119,0,0,0,0
zc,TA209,2012-06-08 09:00:10.413,7234.0000,463848,124,0.0000,456.0000,290,166,多开,B,7230.0000,0.0000,0.0000,0.0000,0.0000,7234.0000,0.0000,0.0000,0.0000,0.0000,6,0,0,0,0,58,0,0,0,0
zc,TA209,2012-06-08 09:00:11.133,7228.0000,463870,22,0.0000,82.0000,52,30,空开,S,7224.0000,0.0000,0.0000,0.0000,0.0000,7228.0000,0.0000,0.0000,0.0000,0.0000,4,0,0,0,0,11,0,0,0,0
zc,TA209,2012-06-08 09:00:11.850,7228.0000,463888,18,0.0000,34.0000,26,8,空开,S,7226.0000,0.0000,0.0000,0.0000,0.0000,7228.0000,0.0000,0.0000,0.0000,0.0000,198,0,0,0,0,4,0,0,0,0
zc,TA209,2012-06-08 09:00:12.163,7230.0000,463822,-66,0.0000,110.0000,22,88,空平,B,7228.0000,0.0000,0.0000,0.0000,0.0000,7230.0000,0.0000,0.0000,0.0000,0.0000,4,0,0,0,0,147,0,0,0,0
zc,TA209,2012-06-08 09:00:12.867,7226.0000,463804,-18,0.0000,26.0000,4,22,多平,S,7226.0000,0.0000,0.0000,0.0000,0.0000,7230.0000,0.0000,0.0000,0.0000,0.0000,170,0,0,0,0,147,0,0,0,0
zc,TA209,2012-06-08 09:00:13.367,7228.0000,463748,-56,0.0000,206.0000,75,131,空平,B,7228.0000,0.0000,0.0000,0.0000,0.0000,7230.0000,0.0000,0.0000,0.0000,0.0000,2,0,0,0,0,68,0,0,0,0
zc,TA209,2012-06-08 09:00:14.367,7228.0000,463586,-162,0.0000,252.0000,45,207,空平,B,7228.0000,0.0000,0.0000,0.0000,0.0000,7230.0000,0.0000,0.0000,0.0000,0.0000,148,0,0,0,0,43,0,0,0,0
zc,TA209,2012-06-08 09:00:14.867,7230.0000,463508,-78,0.0000,188.0000,55,133,空平,B,7230.0000,0.0000,0.0000,0.0000,0.0000,7232.0000,0.0000,0.0000,0.0000,0.0000,239,0,0,0,0,43,0,0,0,0
zc,TA209,2012-06-08 09:00:15.600,7230.0000,463496,-12,0.0000,32.0000,10,22,空平,B,7230.0000,0.0000,0.0000,0.0000,0.0000,7232.0000,0.0000,0.0000,0.0000,0.0000,285,0,0,0,0,39,0,0,0,0
zc,TA209,2012-06-08 09:00:16.180,7230.0000,463572,76,0.0000,396.0000,236,160,多开,B,7230.0000,0.0000,0.0000,0.0000,0.0000,7234.0000,0.0000,0.0000,0.0000,0.0000,241,0,0,0,0,73,0,0,0,0
zc,TA209,2012-06-08 09:00:17.147,7232.0000,463540,-32,0.0000,62.0000,15,47,空平,B,7232.0000,0.0000,0.0000,0.0000,0.0000,7234.0000,0.0000,0.0000,0.0000,0.0000,42,0,0,0,0,61,0,0,0,0
zc,TA209,2012-06-08 09:00:17.413,7234.0000,463522,-18,0.0000,220.0000,101,119,空平,B,7234.0000,0.0000,0.0000,0.0000,0.0000,7236.0000,0.0000,0.0000,0.0000,0.0000,69,0,0,0,0,20,0,0,0,0
zc,TA209,2012-06-08 09:00:18.633,7238.0000,463536,14,0.0000,332.0000,173,159,多开,B,7236.0000,0.0000,0.0000,0.0000,0.0000,7238.0000,0.0000,0.0000,0.0000,0.0000,6,0,0,0,0,216,0,0,0,0
zc,TA209,2012-06-08 09:00:19.897,7236.0000,463540,4,0.0000,322.0000,163,159,空开,S,7234.0000,0.0000,0.0000,0.0000,0.0000,7236.0000,0.0000,0.0000,0.0000,0.0000,5,0,0,0,0,2,0,0,0,0
zc,TA209,2012-06-08 09:00:20.350,7236.0000,463540,0,0.0000,52.0000,26,26,空换,S,7236.0000,0.0000,0.0000,0.0000,0.0000,7238.0000,0.0000,0.0000,0.0000,0.0000,487,0,0,0,0,221,0,0,0,0
zc,TA209,2012-06-08 09:00:20.837,7238.0000,463410,-130,0.0000,152.0000,11,141,空平,B,7236.0000,0.0000,0.0000,0.0000,0.0000,7238.0000,0.0000,0.0000,0.0000,0.0000,471,0,0,0,0,171,0,0,0,0
zc,TA209,2012-06-08 09:00:21.647,7238.0000,463334,-76,0.0000,300.0000,112,188,空平,B,7236.0000,0.0000,0.0000,0.0000,0.0000,7238.0000,0.0000,0.0000,0.0000,0.0000,435,0,0,0,0,34,0,0,0,0
zc,TA209,2012-06-08 09:00:22.397,7238.0000,463334,0,0.0000,94.0000,47,47,多换,B,7238.0000,0.0000,0.0000,0.0000,0.0000,7240.0000,0.0000,0.0000,0.0000,0.0000,27,0,0,0,0,1345,0,0,0,0
zc,TA209,2012-06-08 09:00:23.133,7236.0000,463326,-8,0.0000,618.0000,305,313,多平,S,7238.0000,0.0000,0.0000,0.0000,0.0000,7240.0000,0.0000,0.0000,0.0000,0.0000,8,0,0,0,0,1146,0,0,0,0
zc,TA209,2012-06-08 09:00:23.617,7238.0000,463378,52,0.0000,86.0000,69,17,多开,B,7236.0000,0.0000,0.0000,0.0000,0.0000,7238.0000,0.0000,0.0000,0.0000,0.0000,484,0,0,0,0,111,0,0,0,0
zc,TA209,2012-06-08 09:00:24.367,7238.0000,463396,18,0.0000,22.0000,20,2,多开,B,7236.0000,0.0000,0.0000,0.0000,0.0000,7238.0000,0.0000,0.0000,0.0000,0.0000,484,0,0,0,0,155,0,0,0,0
zc,TA209,2012-06-08 09:00:25.070,7238.0000,463446,50,0.0000,158.0000,104,54,多开,B,7236.0000,0.0000,0.0000,0.0000,0.0000,7238.0000,0.0000,0.0000,0.0000,0.0000,119,0,0,0,0,114,0,0,0,0
zc,TA209,2012-06-08 09:00:25.647,7234.0000,463306,-140,0.0000,302.0000,81,221,多平,S,7234.0000,0.0000,0.0000,0.0000,0.0000,7236.0000,0.0000,0.0000,0.0000,0.0000,8,0,0,0,0,28,0,0,0,0
zc,TA209,2012-06-08 09:00:26.383,7234.0000,463252,-54,0.0000,208.0000,77,131,多平,S,7232.0000,0.0000,0.0000,0.0000,0.0000,7234.0000,0.0000,0.0000,0.0000,0.0000,183,0,0,0,0,2,0,0,0,0
zc,TA209,2012-06-08 09:00:27.087,7238.0000,463258,6,0.0000,106.0000,56,50,多开,B,7236.0000,0.0000,0.0000,0.0000,0.0000,7238.0000,0.0000,0.0000,0.0000,0.0000,50,0,0,0,0,88,0,0,0,0
zc,TA209,2012-06-08 09:00:27.633,7238.0000,463092,-166,0.0000,232.0000,33,199,空平,B,7238.0000,0.0000,0.0000,0.0000,0.0000,7240.0000,0.0000,0.0000,0.0000,0.0000,277,0,0,0,0,1139,0,0,0,0
zc,TA209,2012-06-08 09:00:28.350,7238.0000,463004,-88,0.0000,188.0000,50,138,空平,B,7238.0000,0.0000,0.0000,0.0000,0.0000,7240.0000,0.0000,0.0000,0.0000,0.0000,183,0,0,0,0,1143,0,0,0,0
zc,TA209,2012-06-08 09:00:28.867,7236.0000,463082,78,0.0000,660.0000,369,291,空开,S,7234.0000,0.0000,0.0000,0.0000,0.0000,7236.0000,0.0000,0.0000,0.0000,0.0000,6,0,0,0,0,32,0,0,0,0
zc,TA209,2012-06-08 09:00:29.617,7236.0000,463086,4,0.0000,84.0000,44,40,空开,S,7236.0000,0.0000,0.0000,0.0000,0.0000,7238.0000,0.0000,0.0000,0.0000,0.0000,3,0,0,0,0,112,0,0,0,0
zc,TA209,2012-06-08 09:00:30.397,7236.0000,463076,-10,0.0000,64.0000,27,37,多平,S,7234.0000,0.0000,0.0000,0.0000,0.0000,7236.0000,0.0000,0.0000,0.0000,0.0000,94,0,0,0,0,34,0,0,0,0
zc,TA209,2012-06-08 09:00:30.883,7236.0000,462856,-220,0.0000,454.0000,117,337,多平,S,7238.0000,0.0000,0.0000,0.0000,0.0000,7240.0000,0.0000,0.0000,0.0000,0.0000,10,0,0,0,0,1112,0,0,0,0
zc,TA209,2012-06-08 09:00:31.617,7238.0000,462850,-6,0.0000,150.0000,72,78,空平,B,7238.0000,0.0000,0.0000,0.0000,0.0000,7240.0000,0.0000,0.0000,0.0000,0.0000,85,0,0,0,0,1115,0,0,0,0
zc,TA209,2012-06-08 09:00:32.100,7236.0000,462864,14,0.0000,232.0000,123,109,空开,S,7236.0000,0.0000,0.0000,0.0000,0.0000,7240.0000,0.0000,0.0000,0.0000,0.0000,18,0,0,0,0,1153,0,0,0,0
zc,TA209,2012-06-08 09:00:32.850,7236.0000,462888,24,0.0000,28.0000,26,2,空开,S,7236.0000,0.0000,0.0000,0.0000,0.0000,7238.0000,0.0000,0.0000,0.0000,0.0000,15,0,0,0,0,11,0,0,0,0
zc,TA209,2012-06-08 09:00:33.303,7238.0000,462902,14,0.0000,14.0000,14,0,双开,B,7236.0000,0.0000,0.0000,0.0000,0.0000,7238.0000,0.0000,0.0000,0.0000,0.0000,175,0,0,0,0,69,0,0,0,0
zc,TA209,2012-06-08 09:00:34.117,7236.0000,463038,136,0.0000,608.0000,372,236,空开,S,7234.0000,0.0000,0.0000,0.0000,0.0000,7236.0000,0.0000,0.0000,0.0000,0.0000,128,0,0,0,0,286,0,0,0,0
zc,TA209,2012-06-08 09:00:34.570,7236.0000,463062,24,0.0000,70.0000,47,23,空开,S,7234.0000,0.0000,0.0000,0.0000,0.0000,7236.0000,0.0000,0.0000,0.0000,0.0000,127,0,0,0,0,332,0,0,0,0
zc,TA209,2012-06-08 09:00:35.337,7236.0000,463106,44,0.0000,436.0000,240,196,空开,S,7234.0000,0.0000,0.0000,0.0000,0.0000,7236.0000,0.0000,0.0000,0.0000,0.0000,107,0,0,0,0,137,0,0,0,0
zc,TA209,2012-06-08 09:00:35.883,7236.0000,463064,-42,0.0000,344.0000,151,193,多平,S,7236.0000,0.0000,0.0000,0.0000,0.0000,7238.0000,0.0000,0.0000,0.0000,0.0000,193,0,0,0,0,9,0,0,0,0
zc,TA209,2012-06-08 09:00:36.617,7234.0000,462342,-722,0.0000,1116.0000,197,919,多平,S,7232.0000,0.0000,0.0000,0.0000,0.0000,7234.0000,0.0000,0.0000,0.0000,0.0000,236,0,0,0,0,80,0,0,0,0
zc,TA209,2012-06-08 09:00:37.100,7238.0000,462346,4,0.0000,446.0000,225,221,多开,B,7238.0000,0.0000,0.0000,0.0000,0.0000,7240.0000,0.0000,0.0000,0.0000,0.0000,172,0,0,0,0,1154,0,0,0,0
zc,TA209,2012-06-08 09:00:38.087,7238.0000,462306,-40,0.0000,80.0000,20,60,空平,B,7238.0000,0.0000,0.0000,0.0000,0.0000,7240.0000,0.0000,0.0000,0.0000,0.0000,140,0,0,0,0,1158,0,0,0,0
zc,TA209,2012-06-08 09:00:38.367,7238.0000,462300,-6,0.0000,76.0000,35,41,空平,B,7238.0000,0.0000,0.0000,0.0000,0.0000,7240.0000,0.0000,0.0000,0.0000,0.0000,26,0,0,0,0,1144,0,0,0,0
zc,TA209,2012-06-08 09:00:39.100,7238.0000,462288,-12,0.0000,74.0000,31,43,空平,B,7238.0000,0.0000,0.0000,0.0000,0.0000,7240.0000,0.0000,0.0000,0.0000,0.0000,5,0,0,0,0,1128,0,0,0,0
zc,TA209,2012-06-08 09:00:39.587,7240.0000,462280,-8,0.0000,28.0000,10,18,空平,B,7238.0000,0.0000,0.0000,0.0000,0.0000,7240.0000,0.0000,0.0000,0.0000,0.0000,2,0,0,0,0,1103,0,0,0,0
zc,TA209,2012-06-08 09:00:40.367,7240.0000,462264,-16,0.0000,72.0000,28,44,空平,B,7236.0000,0.0000,0.0000,0.0000,0.0000,7238.0000,0.0000,0.0000,0.0000,0.0000,168,0,0,0,0,492,0,0,0,0
zc,TA209,2012-06-08 09:00:40.837,7238.0000,462222,-42,0.0000,72.0000,15,57,多平,S,7236.0000,0.0000,0.0000,0.0000,0.0000,7238.0000,0.0000,0.0000,0.0000,0.0000,161,0,0,0,0,505,0,0,0,0
zc,TA209,2012-06-08 09:00:41.600,7238.0000,462102,-120,0.0000,368.0000,124,244,多平,S,7236.0000,0.0000,0.0000,0.0000,0.0000,7238.0000,0.0000,0.0000,0.0000,0.0000,246,0,0,0,0,359,0,0,0,0
zc,TA209,2012-06-08 09:00:42.070,7236.0000,462098,-4,0.0000,42.0000,19,23,多平,S,7236.0000,0.0000,0.0000,0.0000,0.0000,7238.0000,0.0000,0.0000,0.0000,0.0000,236,0,0,0,0,372,0,0,0,0
zc,TA209,2012-06-08 09:00:42.850,7236.0000,461726,-372,0.0000,500.0000,64,436,多平,S,7236.0000,0.0000,0.0000,0.0000,0.0000,7238.0000,0.0000,0.0000,0.0000,0.0000,227,0,0,0,0,131,0,0,0,0
zc,TA209,2012-06-08 09:00:43.320,7238.0000,461704,-22,0.0000,98.0000,38,60,空平,B,7236.0000,0.0000,0.0000,0.0000,0.0000,7238.0000,0.0000,0.0000,0.0000,0.0000,233,0,0,0,0,86,0,0,0,0
zc,TA209,2012-06-08 09:00:44.053,7238.0000,461700,-4,0.0000,118.0000,57,61,空平,B,7236.0000,0.0000,0.0000,0.0000,0.0000,7238.0000,0.0000,0.0000,0.0000,0.0000,216,0,0,0,0,50,0,0,0,0
zc,TA209,2012-06-08 09:00:44.570,7240.0000,461782,82,0.0000,106.0000,94,12,多开,B,7238.0000,0.0000,0.0000,0.0000,0.0000,7240.0000,0.0000,0.0000,0.0000,0.0000,50,0,0,0,0,1112,0,0,0,0
zc,TA209,2012-06-08 09:00:45.367,7238.0000,461792,10,0.0000,12.0000,11,1,空开,S,7238.0000,0.0000,0.0000,0.0000,0.0000,7240.0000,0.0000,0.0000,0.0000,0.0000,120,0,0,0,0,1141,0,0,0,0
zc,TA209,2012-06-08 09:00:46.053,7238.0000,461800,8,0.0000,102.0000,55,47,空开,S,7238.0000,0.0000,0.0000,0.0000,0.0000,7240.0000,0.0000,0.0000,0.0000,0.0000,109,0,0,0,0,1139,0,0,0,0
zc,TA209,2012-06-08 09:00:46.540,7238.0000,461802,2,0.0000,16.0000,9,7,空开,S,7238.0000,0.0000,0.0000,0.0000,0.0000,7240.0000,0.0000,0.0000,0.0000,0.0000,105,0,0,0,0,1135,0,0,0,0
zc,TA209,2012-06-08 09:00:47.350,7238.0000,461894,92,0.0000,110.0000,101,9,空开,S,7238.0000,0.0000,0.0000,0.0000,0.0000,7240.0000,0.0000,0.0000,0.0000,0.0000,54,0,0,0,0,1133,0,0,0,0
zc,TA209,2012-06-08 09:00:47.820,7236.0000,462104,210,0.0000,418.0000,314,104,空开,S,7236.0000,0.0000,0.0000,0.0000,0.0000,7238.0000,0.0000,0.0000,0.0000,0.0000,76,0,0,0,0,23,0,0,0,0
zc,TA209,2012-06-08 09:00:48.587,7238.0000,462028,-76,0.0000,642.0000,283,359,空平,B,7236.0000,0.0000,0.0000,0.0000,0.0000,7238.0000,0.0000,0.0000,0.0000,0.0000,80,0,0,0,0,82,0,0,0,0
zc,TA209,2012-06-08 09:00:49.133,7238.0000,462028,0,0.0000,6.0000,3,3,多换,B,7236.0000,0.0000,0.0000,0.0000,0.0000,7238.0000,0.0000,0.0000,0.0000,0.0000,92,0,0,0,0,59,0,0,0,0
zc,TA209,2012-06-08 09:00:49.867,7238.0000,462164,136,0.0000,148.0000,142,6,多开,B,7238.0000,0.0000,0.0000,0.0000,0.0000,7240.0000,0.0000,0.0000,0.0000,0.0000,7,0,0,0,0,927,0,0,0,0
zc,TA209,2012-06-08 09:00:50.303,7238.0000,462188,24,0.0000,46.0000,35,11,多开,B,7236.0000,0.0000,0.0000,0.0000,0.0000,7238.0000,0.0000,0.0000,0.0000,0.0000,83,0,0,0,0,23,0,0,0,0
zc,TA209,2012-06-08 09:00:51.070,7238.0000,462174,-14,0.0000,324.0000,155,169,空平,B,7238.0000,0.0000,0.0000,0.0000,0.0000,7240.0000,0.0000,0.0000,0.0000,0.0000,13,0,0,0,0,927,0,0,0,0
zc,TA209,2012-06-08 09:00:51.600,7238.0000,462216,42,0.0000,62.0000,52,10,多开,B,7238.0000,0.0000,0.0000,0.0000,0.0000,7240.0000,0.0000,0.0000,0.0000,0.0000,89,0,0,0,0,934,0,0,0,0
zc,TA209,2012-06-08 09:00:52.303,7240.0000,462332,116,0.0000,148.0000,132,16,多开,B,7238.0000,0.0000,0.0000,0.0000,0.0000,7240.0000,0.0000,0.0000,0.0000,0.0000,50,0,0,0,0,921,0,0,0,0
zc,TA209,2012-06-08 09:00:52.803,7238.0000,462394,62,0.0000,168.0000,115,53,空开,S,7238.0000,0.0000,0.0000,0.0000,0.0000,7240.0000,0.0000,0.0000,0.0000,0.0000,49,0,0,0,0,846,0,0,0,0
zc,TA209,2012-06-08 09:00:53.553,7238.0000,462710,316,0.0000,412.0000,364,48,空开,S,7238.0000,0.0000,0.0000,0.0000,0.0000,7240.0000,0.0000,0.0000,0.0000,0.0000,15,0,0,0,0,671,0,0,0,0
zc,TA209,2012-06-08 09:00:54.117,7238.0000,462732,22,0.0000,90.0000,56,34,空开,S,7238.0000,0.0000,0.0000,0.0000,0.0000,7240.0000,0.0000,0.0000,0.0000,0.0000,69,0,0,0,0,661,0,0,0,0
zc,TA209,2012-06-08 09:00:54.820,7240.0000,462760,28,0.0000,36.0000,32,4,多开,B,7238.0000,0.0000,0.0000,0.0000,0.0000,7240.0000,0.0000,0.0000,0.0000,0.0000,147,0,0,0,0,648,0,0,0,0
zc,TA209,2012-06-08 09:00:55.320,7238.0000,462776,16,0.0000,120.0000,68,52,空开,S,7238.0000,0.0000,0.0000,0.0000,0.0000,7240.0000,0.0000,0.0000,0.0000,0.0000,91,0,0,0,0,620,0,0,0,0
zc,TA209,2012-06-08 09:00:56.070,7238.0000,462770,-6,0.0000,18.0000,6,12,多平,S,7238.0000,0.0000,0.0000,0.0000,0.0000,7240.0000,0.0000,0.0000,0.0000,0.0000,90,0,0,0,0,616,0,0,0,0
zc,TA209,2012-06-08 09:00:56.587,7240.0000,463110,340,0.0000,382.0000,361,21,多开,B,7238.0000,0.0000,0.0000,0.0000,0.0000,7240.0000,0.0000,0.0000,0.0000,0.0000,80,0,0,0,0,439,0,0,0,0
zc,TA209,2012-06-08 09:00:57.320,7238.0000,463268,158,0.0000,162.0000,160,2,空开,S,7238.0000,0.0000,0.0000,0.0000,0.0000,7240.0000,0.0000,0.0000,0.0000,0.0000,71,0,0,0,0,364,0,0,0,0
zc,TA209,2012-06-08 09:00:57.820,7238.0000,463396,128,0.0000,398.0000,263,135,空开,S,7238.0000,0.0000,0.0000,0.0000,0.0000,7240.0000,0.0000,0.0000,0.0000,0.0000,93,0,0,0,0,172,0,0,0,0
zc,TA209,2012-06-08 09:00:58.587,7240.0000,463416,20,0.0000,394.0000,207,187,多开,B,7240.0000,0.0000,0.0000,0.0000,0.0000,7242.0000,0.0000,0.0000,0.0000,0.0000,52,0,0,0,0,182,0,0,0,0
zc,TA209,2012-06-08 09:00:59.070,7240.0000,463592,176,0.0000,212.0000,194,18,多开,B,7240.0000,0.0000,0.0000,0.0000,0.0000,7242.0000,0.0000,0.0000,0.0000,0.0000,135,0,0,0,0,178,0,0,0,0
zc,TA209,2012-06-08 09:00:59.850,7242.0000,463952,360,0.0000,446.0000,403,43,多开,B,7242.0000,0.0000,0.0000,0.0000,0.0000,7244.0000,0.0000,0.0000,0.0000,0.0000,20,0,0,0,0,14,0,0,0,0
zc,TA209,2012-06-08 09:01:00.337,7242.0000,463988,36,0.0000,256.0000,146,110,多开,B,7242.0000,0.0000,0.0000,0.0000,0.0000,7244.0000,0.0000,0.0000,0.0000,0.0000,15,0,0,0,0,13,0,0,0,0
zc,TA209,2012-06-08 09:01:01.040,7242.0000,463990,2,0.0000,46.0000,24,22,多开,B,7240.0000,0.0000,0.0000,0.0000,0.0000,7242.0000,0.0000,0.0000,0.0000,0.0000,72,0,0,0,0,32,0,0,0,0
zc,TA209,2012-06-08 09:01:01.883,7244.0000,463978,-12,0.0000,180.0000,84,96,空平,B,7242.0000,0.0000,0.0000,0.0000,0.0000,7244.0000,0.0000,0.0000,0.0000,0.0000,59,0,0,0,0,101,0,0,0,0
zc,TA209,2012-06-08 09:01:02.337,7244.0000,463978,0,0.0000,26.0000,13,13,多换,B,7242.0000,0.0000,0.0000,0.0000,0.0000,7244.0000,0.0000,0.0000,0.0000,0.0000,66,0,0,0,0,96,0,0,0,0
zc,TA209,2012-06-08 09:01:03.100,7242.0000,463812,-166,0.0000,206.0000,20,186,多平,S,7242.0000,0.0000,0.0000,0.0000,0.0000,7244.0000,0.0000,0.0000,0.0000,0.0000,63,0,0,0,0,5,0,0,0,0
zc,TA209,2012-06-08 09:01:03.303,7244.0000,463812,0,0.0000,2.0000,1,1,多换,B,7242.0000,0.0000,0.0000,0.0000,0.0000,7244.0000,0.0000,0.0000,0.0000,0.0000,64,0,0,0,0,166,0,0,0,0
zc,TA209,2012-06-08 09:01:04.367,7242.0000,463688,-124,0.0000,248.0000,62,186,多平,S,7240.0000,0.0000,0.0000,0.0000,0.0000,7244.0000,0.0000,0.0000,0.0000,0.0000,86,0,0,0,0,111,0,0,0,0
zc,TA209,2012-06-08 09:01:04.837,7242.0000,463678,-10,0.0000,72.0000,31,41,多平,S,7240.0000,0.0000,0.0000,0.0000,0.0000,7242.0000,0.0000,0.0000,0.0000,0.0000,86,0,0,0,0,41,0,0,0,0
zc,TA209,2012-06-08 09:01:05.570,7240.0000,463636,-42,0.0000,104.0000,31,73,多平,S,7240.0000,0.0000,0.0000,0.0000,0.0000,7242.0000,0.0000,0.0000,0.0000,0.0000,146,0,0,0,0,14,0,0,0,0
zc,TA209,2012-06-08 09:01:06.100,7240.0000,462822,-814,0.0000,962.0000,74,888,多平,S,7242.0000,0.0000,0.0000,0.0000,0.0000,7244.0000,0.0000,0.0000,0.0000,0.0000,10,0,0,0,0,12,0,0,0,0
zc,TA209,2012-06-08 09:01:06.867,7242.0000,462826,4,0.0000,34.0000,19,15,多开,B,7242.0000,0.0000,0.0000,0.0000,0.0000,7244.0000,0.0000,0.0000,0.0000,0.0000,144,0,0,0,0,147,0,0,0,0
zc,TA209,2012-06-08 09:01:07.587,7242.0000,463208,382,0.0000,404.0000,393,11,多开,B,7240.0000,0.0000,0.0000,0.0000,0.0000,7242.0000,0.0000,0.0000,0.0000,0.0000,73,0,0,0,0,406,0,0,0,0
zc,TA209,2012-06-08 09:01:08.053,7240.0000,463226,18,0.0000,20.0000,19,1,空开,S,7240.0000,0.0000,0.0000,0.0000,0.0000,7242.0000,0.0000,0.0000,0.0000,0.0000,78,0,0,0,0,413,0,0,0,0
zc,TA209,2012-06-08 09:01:08.633,7238.0000,463096,-130,0.0000,394.0000,132,262,多平,S,7238.0000,0.0000,0.0000,0.0000,0.0000,7240.0000,0.0000,0.0000,0.0000,0.0000,154,0,0,0,0,172,0,0,0,0
zc,TA209,2012-06-08 09:01:09.320,7240.0000,463070,-26,0.0000,156.0000,65,91,空平,B,7238.0000,0.0000,0.0000,0.0000,0.0000,7240.0000,0.0000,0.0000,0.0000,0.0000,158,0,0,0,0,133,0,0,0,0
zc,TA209,2012-06-08 09:01:10.087,7240.0000,463068,-2,0.0000,28.0000,13,15,空平,B,7238.0000,0.0000,0.0000,0.0000,0.0000,7240.0000,0.0000,0.0000,0.0000,0.0000,155,0,0,0,0,123,0,0,0,0
zc,TA209,2012-06-08 09:01:10.850,7240.0000,463048,-20,0.0000,30.0000,5,25,空平,B,7238.0000,0.0000,0.0000,0.0000,0.0000,7240.0000,0.0000,0.0000,0.0000,0.0000,154,0,0,0,0,109,0,0,0,0
zc,TA209,2012-06-08 09:01:11.320,7240.0000,463030,-18,0.0000,222.0000,102,120,空平,B,7240.0000,0.0000,0.0000,0.0000,0.0000,7242.0000,0.0000,0.0000,0.0000,0.0000,21,0,0,0,0,464,0,0,0,0
zc,TA209,2012-06-08 09:01:12.087,7242.0000,463030,0,0.0000,8.0000,4,4,多换,B,7240.0000,0.0000,0.0000,0.0000,0.0000,7242.0000,0.0000,0.0000,0.0000,0.0000,240,0,0,0,0,464,0,0,0,0
zc,TA209,2012-06-08 09:01:12.867,7240.0000,463052,22,0.0000,56.0000,39,17,空开,S,7240.0000,0.0000,0.0000,0.0000,0.0000,7242.0000,0.0000,0.0000,0.0000,0.0000,241,0,0,0,0,451,0,0,0,0
zc,TA209,2012-06-08 09:01:13.647,7240.0000,463232,180,0.0000,702.0000,441,261,空开,S,7238.0000,0.0000,0.0000,0.0000,0.0000,7242.0000,0.0000,0.0000,0.0000,0.0000,180,0,0,0,0,421,0,0,0,0
zc,TA209,2012-06-08 09:01:14.117,7242.0000,463244,12,0.0000,22.0000,17,5,多开,B,7240.0000,0.0000,0.0000,0.0000,0.0000,7242.0000,0.0000,0.0000,0.0000,0.0000,1,0,0,0,0,414,0,0,0,0
zc,TA209,2012-06-08 09:01:14.820,7240.0000,463248,4,0.0000,54.0000,29,25,空开,S,7238.0000,0.0000,0.0000,0.0000,0.0000,7240.0000,0.0000,0.0000,0.0000,0.0000,484,0,0,0,0,3,0,0,0,0
zc,TA209,2012-06-08 09:01:15.350,7240.0000,463248,0,0.0000,44.0000,22,22,空换,S,7238.0000,0.0000,0.0000,0.0000,0.0000,7240.0000,0.0000,0.0000,0.0000,0.0000,481,0,0,0,0,20,0,0,0,0
zc,TA209,2012-06-08 09:01:16.117,7238.0000,463284,36,0.0000,138.0000,87,51,空开,S,7238.0000,0.0000,0.0000,0.0000,0.0000,7240.0000,0.0000,0.0000,0.0000,0.0000,452,0,0,0,0,10,0,0,0,0
zc,TA209,2012-06-08 09:01:16.587,7242.0000,463302,18,0.0000,62.0000,40,22,多开,B,7240.0000,0.0000,0.0000,0.0000,0.0000,7242.0000,0.0000,0.0000,0.0000,0.0000,260,0,0,0,0,412,0,0,0,0
zc,TA209,2012-06-08 09:01:17.600,7240.0000,463398,96,0.0000,96.0000,96,0,双开,S,7240.0000,0.0000,0.0000,0.0000,0.0000,7242.0000,0.0000,0.0000,0.0000,0.0000,284,0,0,0,0,369,0,0,0,0
zc,TA209,2012-06-08 09:01:18.087,7242.0000,463564,166,0.0000,172.0000,169,3,多开,B,7240.0000,0.0000,0.0000,0.0000,0.0000,7242.0000,0.0000,0.0000,0.0000,0.0000,350,0,0,0,0,295,0,0,0,0
zc,TA209,2012-06-08 09:01:18.850,7242.0000,463630,66,0.0000,186.0000,126,60,多开,B,7240.0000,0.0000,0.0000,0.0000,0.0000,7242.0000,0.0000,0.0000,0.0000,0.0000,335,0,0,0,0,237,0,0,0,0
zc,TA209,2012-06-08 09:01:19.320,7242.0000,464002,372,0.0000,410.0000,391,19,多开,B,7240.0000,0.0000,0.0000,0.0000,0.0000,7242.0000,0.0000,0.0000,0.0000,0.0000,223,0,0,0,0,225,0,0,0,0
zc,TA209,2012-06-08 09:01:20.100,7240.0000,464290,288,0.0000,564.0000,426,138,空开,S,7238.0000,0.0000,0.0000,0.0000,0.0000,7240.0000,0.0000,0.0000,0.0000,0.0000,458,0,0,0,0,34,0,0,0,0
zc,TA209,2012-06-08 09:01:20.820,7240.0000,464300,10,0.0000,38.0000,24,14,空开,S,7238.0000,0.0000,0.0000,0.0000,0.0000,7240.0000,0.0000,0.0000,0.0000,0.0000,416,0,0,0,0,16,0,0,0,0
zc,TA209,2012-06-08 09:01:21.337,7240.0000,464348,48,0.0000,66.0000,57,9,空开,S,7238.0000,0.0000,0.0000,0.0000,0.0000,7240.0000,0.0000,0.0000,0.0000,0.0000,426,0,0,0,0,41,0,0,0,0
zc,TA209,2012-06-08 09:01:22.087,7240.0000,464338,-10,0.0000,82.0000,36,46,多平,S,7240.0000,0.0000,0.0000,0.0000,0.0000,7242.0000,0.0000,0.0000,0.0000,0.0000,27,0,0,0,0,204,0,0,0,0
zc,TA209,2012-06-08 09:01:22.837,7242.0000,464424,86,0.0000,114.0000,100,14,多开,B,7240.0000,0.0000,0.0000,0.0000,0.0000,7242.0000,0.0000,0.0000,0.0000,0.0000,27,0,0,0,0,162,0,0,0,0
zc,TA209,2012-06-08 09:01:23.350,7242.0000,464524,100,0.0000,110.0000,105,5,多开,B,7240.0000,0.0000,0.0000,0.0000,0.0000,7242.0000,0.0000,0.0000,0.0000,0.0000,61,0,0,0,0,117,0,0,0,0
zc,TA209,2012-06-08 09:01:23.820,7242.0000,464520,-4,0.0000,328.0000,162,166,空平,B,7240.0000,0.0000,0.0000,0.0000,0.0000,7242.0000,0.0000,0.0000,0.0000,0.0000,15,0,0,0,0,7,0,0,0,0
zc,TA209,2012-06-08 09:01:24.570,7242.0000,464526,6,0.0000,42.0000,24,18,多开,B,7242.0000,0.0000,0.0000,0.0000,0.0000,7244.0000,0.0000,0.0000,0.0000,0.0000,92,0,0,0,0,227,0,0,0,0
zc,TA209,2012-06-08 09:01:25.070,7242.0000,464520,-6,0.0000,18.0000,6,12,空平,B,7242.0000,0.0000,0.0000,0.0000,0.0000,7244.0000,0.0000,0.0000,0.0000,0.0000,86,0,0,0,0,227,0,0,0,0
zc,TA209,2012-06-08 09:01:25.820,7244.0000,464522,2,0.0000,6.0000,4,2,多开,B,7242.0000,0.0000,0.0000,0.0000,0.0000,7244.0000,0.0000,0.0000,0.0000,0.0000,97,0,0,0,0,376,0,0,0,0
zc,TA209,2012-06-08 09:01:26.540,7244.0000,464540,18,0.0000,40.0000,29,11,多开,B,7242.0000,0.0000,0.0000,0.0000,0.0000,7244.0000,0.0000,0.0000,0.0000,0.0000,88,0,0,0,0,359,0,0,0,0
zc,TA209,2012-06-08 09:01:27.070,7242.0000,464590,50,0.0000,210.0000,130,80,空开,S,7242.0000,0.0000,0.0000,0.0000,0.0000,7244.0000,0.0000,0.0000,0.0000,0.0000,1,0,0,0,0,358,0,0,0,0
zc,TA209,2012-06-08 09:01:28.087,7244.0000,464584,-6,0.0000,84.0000,39,45,空平,B,7240.0000,0.0000,0.0000,0.0000,0.0000,7244.0000,0.0000,0.0000,0.0000,0.0000,85,0,0,0,0,359,0,0,0,0
zc,TA209,2012-06-08 09:01:28.383,7240.0000,464580,-4,0.0000,54.0000,25,29,多平,S,7240.0000,0.0000,0.0000,0.0000,0.0000,7242.0000,0.0000,0.0000,0.0000,0.0000,61,0,0,0,0,11,0,0,0,0
zc,TA209,2012-06-08 09:01:29.053,7242.0000,464590,10,0.0000,16.0000,13,3,多开,B,7240.0000,0.0000,0.0000,0.0000,0.0000,7242.0000,0.0000,0.0000,0.0000,0.0000,59,0,0,0,0,751,0,0,0,0
zc,TA209,2012-06-08 09:01:29.883,7242.0000,464592,2,0.0000,6.0000,4,2,多开,B,7240.0000,0.0000,0.0000,0.0000,0.0000,7242.0000,0.0000,0.0000,0.0000,0.0000,57,0,0,0,0,758,0,0,0,0
zc,TA209,2012-06-08 09:01:30.383,7240.0000,464552,-40,0.0000,158.0000,59,99,多平,S,7238.0000,0.0000,0.0000,0.0000,0.0000,7240.0000,0.0000,0.0000,0.0000,0.0000,977,0,0,0,0,105,0,0,0,0
zc,TA209,2012-06-08 09:01:31.070,7240.0000,464562,10,0.0000,22.0000,16,6,空开,S,7238.0000,0.0000,0.0000,0.0000,0.0000,7240.0000,0.0000,0.0000,0.0000,0.0000,971,0,0,0,0,129,0,0,0,0
zc,TA209,2012-06-08 09:01:31.867,7240.0000,464558,-4,0.0000,40.0000,18,22,多平,S,7238.0000,0.0000,0.0000,0.0000,0.0000,7240.0000,0.0000,0.0000,0.0000,0.0000,969,0,0,0,0,129,0,0,0,0
zc,TA209,2012-06-08 09:01:32.320,7240.0000,464720,162,0.0000,176.0000,169,7,空开,S,7238.0000,0.0000,0.0000,0.0000,0.0000,7240.0000,0.0000,0.0000,0.0000,0.0000,894,0,0,0,0,116,0,0,0,0
zc,TA209,2012-06-08 09:01:32.850,7240.0000,464916,196,0.0000,238.0000,217,21,空开,S,7240.0000,0.0000,0.0000,0.0000,0.0000,7242.0000,0.0000,0.0000,0.0000,0.0000,103,0,0,0,0,703,0,0,0,0
zc,TA209,2012-06-08 09:01:33.803,7240.0000,465016,100,0.0000,110.0000,105,5,空开,S,7240.0000,0.0000,0.0000,0.0000,0.0000,7242.0000,0.0000,0.0000,0.0000,0.0000,52,0,0,0,0,705,0,0,0,0
zc,TA209,2012-06-08 09:01:34.087,7242.0000,465032,16,0.0000,36.0000,26,10,多开,B,7240.0000,0.0000,0.0000,0.0000,0.0000,7242.0000,0.0000,0.0000,0.0000,0.0000,96,0,0,0,0,715,0,0,0,0
zc,TA209,2012-06-08 09:01:34.820,7240.0000,464974,-58,0.0000,94.0000,18,76,多平,S,7240.0000,0.0000,0.0000,0.0000,0.0000,7242.0000,0.0000,0.0000,0.0000,0.0000,83,0,0,0,0,679,0,0,0,0
zc,TA209,2012-06-08 09:01:35.587,7242.0000,465020,46,0.0000,80.0000,63,17,多开,B,7240.0000,0.0000,0.0000,0.0000,0.0000,7242.0000,0.0000,0.0000,0.0000,0.0000,73,0,0,0,0,666,0,0,0,0
zc,TA209,2012-06-08 09:01:36.053,7242.0000,465016,-4,0.0000,20.0000,8,12,空平,B,7240.0000,0.0000,0.0000,0.0000,0.0000,7242.0000,0.0000,0.0000,0.0000,0.0000,72,0,0,0,0,659,0,0,0,0
zc,TA209,2012-06-08 09:01:36.820,7240.0000,464964,-52,0.0000,236.0000,92,144,多平,S,7238.0000,0.0000,0.0000,0.0000,0.0000,7240.0000,0.0000,0.0000,0.0000,0.0000,916,0,0,0,0,161,0,0,0,0
zc,TA209,2012-06-08 09:01:37.553,7240.0000,464956,-8,0.0000,26.0000,9,17,多平,S,7238.0000,0.0000,0.0000,0.0000,0.0000,7240.0000,0.0000,0.0000,0.0000,0.0000,917,0,0,0,0,203,0,0,0,0
zc,TA209,2012-06-08 09:01:38.053,7240.0000,465080,124,0.0000,438.0000,281,157,空开,S,7238.0000,0.0000,0.0000,0.0000,0.0000,7240.0000,0.0000,0.0000,0.0000,0.0000,922,0,0,0,0,293,0,0,0,0
zc,TA209,2012-06-08 09:01:38.773,7238.0000,465220,140,0.0000,1882.0000,1011,871,空开,S,7238.0000,0.0000,0.0000,0.0000,0.0000,7240.0000,0.0000,0.0000,0.0000,0.0000,3,0,0,0,0,292,0,0,0,0
zc,TA209,2012-06-08 09:01:39.320,7236.0000,465496,276,0.0000,438.0000,357,81,空开,S,7234.0000,0.0000,0.0000,0.0000,0.0000,7236.0000,0.0000,0.0000,0.0000,0.0000,87,0,0,0,0,26,0,0,0,0
zc,TA209,2012-06-08 09:01:40.100,7236.0000,465414,-82,0.0000,158.0000,38,120,多平,S,7236.0000,0.0000,0.0000,0.0000,0.0000,7238.0000,0.0000,0.0000,0.0000,0.0000,91,0,0,0,0,438,0,0,0,0
zc,TA209,2012-06-08 09:01:40.820,7234.0000,465258,-156,0.0000,328.0000,86,242,多平,S,7234.0000,0.0000,0.0000,0.0000,0.0000,7236.0000,0.0000,0.0000,0.0000,0.0000,69,0,0,0,0,11,0,0,0,0
zc,TA209,2012-06-08 09:01:41.303,7234.0000,465324,66,0.0000,96.0000,81,15,空开,S,7234.0000,0.0000,0.0000,0.0000,0.0000,7236.0000,0.0000,0.0000,0.0000,0.0000,28,0,0,0,0,37,0,0,0,0
zc,TA209,2012-06-08 09:01:42.100,7236.0000,465334,10,0.0000,14.0000,12,2,多开,B,7234.0000,0.0000,0.0000,0.0000,0.0000,7236.0000,0.0000,0.0000,0.0000,0.0000,88,0,0,0,0,32,0,0,0,0
zc,TA209,2012-06-08 09:01:42.790,7234.0000,465406,72,0.0000,100.0000,86,14,空开,S,7234.0000,0.0000,0.0000,0.0000,0.0000,7236.0000,0.0000,0.0000,0.0000,0.0000,43,0,0,0,0,31,0,0,0,0
zc,TA209,2012-06-08 09:01:43.303,7234.0000,465408,2,0.0000,14.0000,8,6,空开,S,7234.0000,0.0000,0.0000,0.0000,0.0000,7236.0000,0.0000,0.0000,0.0000,0.0000,43,0,0,0,0,25,0,0,0,0
zc,TA209,2012-06-08 09:01:44.117,7238.0000,465402,-6,0.0000,144.0000,69,75,空平,B,7234.0000,0.0000,0.0000,0.0000,0.0000,7238.0000,0.0000,0.0000,0.0000,0.0000,26,0,0,0,0,237,0,0,0,0
zc,TA209,2012-06-08 09:01:44.820,7236.0000,465448,46,0.0000,90.0000,68,22,空开,S,7236.0000,0.0000,0.0000,0.0000,0.0000,7238.0000,0.0000,0.0000,0.0000,0.0000,4,0,0,0,0,237,0,0,0,0
zc,TA209,2012-06-08 09:01:45.070,7236.0000,465452,4,0.0000,6.0000,5,1,空开,S,7236.0000,0.0000,0.0000,0.0000,0.0000,7238.0000,0.0000,0.0000,0.0000,0.0000,4,0,0,0,0,235,0,0,0,0
zc,TA209,2012-06-08 09:01:45.803,7236.0000,465470,18,0.0000,64.0000,41,23,空开,S,7234.0000,0.0000,0.0000,0.0000,0.0000,7236.0000,0.0000,0.0000,0.0000,0.0000,2,0,0,0,0,17,0,0,0,0
zc,TA209,2012-06-08 09:01:46.553,7234.0000,465464,-6,0.0000,84.0000,39,45,多平,S,7234.0000,0.0000,0.0000,0.0000,0.0000,7236.0000,0.0000,0.0000,0.0000,0.0000,8,0,0,0,0,25,0,0,0,0
zc,TA209,2012-06-08 09:01:47.040,7236.0000,465460,-4,0.0000,4.0000,0,4,双平,B,7234.0000,0.0000,0.0000,0.0000,0.0000,7236.0000,0.0000,0.0000,0.0000,0.0000,9,0,0,0,0,31,0,0,0,0
zc,TA209,2012-06-08 09:01:47.570,7234.0000,465474,14,0.0000,38.0000,26,12,空开,S,7232.0000,0.0000,0.0000,0.0000,0.0000,7234.0000,0.0000,0.0000,0.0000,0.0000,205,0,0,0,0,16,0,0,0,0
zc,TA209,2012-06-08 09:01:48.320,7234.0000,465440,-34,0.0000,106.0000,36,70,多平,S,7234.0000,0.0000,0.0000,0.0000,0.0000,7236.0000,0.0000,0.0000,0.0000,0.0000,48,0,0,0,0,194,0,0,0,0
zc,TA209,2012-06-08 09:01:48.773,7234.0000,465444,4,0.0000,14.0000,9,5,空开,S,7234.0000,0.0000,0.0000,0.0000,0.0000,7236.0000,0.0000,0.0000,0.0000,0.0000,48,0,0,0,0,198,0,0,0,0
zc,TA209,2012-06-08 09:01:49.587,7234.0000,465450,6,0.0000,34.0000,20,14,空开,S,7234.0000,0.0000,0.0000,0.0000,0.0000,7236.0000,0.0000,0.0000,0.0000,0.0000,158,0,0,0,0,273,0,0,0,0
zc,TA209,2012-06-08 09:01:50.273,7234.0000,465440,-10,0.0000,148.0000,69,79,多平,S,7234.0000,0.0000,0.0000,0.0000,0.0000,7236.0000,0.0000,0.0000,0.0000,0.0000,248,0,0,0,0,271,0,0,0,0
zc,TA209,2012-06-08 09:01:50.850,7236.0000,465512,72,0.0000,84.0000,78,6,多开,B,7234.0000,0.0000,0.0000,0.0000,0.0000,7236.0000,0.0000,0.0000,0.0000,0.0000,214,0,0,0,0,264,0,0,0,0
zc,TA209,2012-06-08 09:01:51.633,7234.0000,465828,316,0.0000,320.0000,318,2,空开,S,7234.0000,0.0000,0.0000,0.0000,0.0000,7236.0000,0.0000,0.0000,0.0000,0.0000,161,0,0,0,0,165,0,0,0,0
zc,TA209,2012-06-08 09:01:52.350,7234.0000,466072,244,0.0000,762.0000,503,259,空开,S,7232.0000,0.0000,0.0000,0.0000,0.0000,7234.0000,0.0000,0.0000,0.0000,0.0000,307,0,0,0,0,612,0,0,0,0
zc,TA209,2012-06-08 09:01:52.587,7234.0000,466074,2,0.0000,46.0000,24,22,空开,S,7232.0000,0.0000,0.0000,0.0000,0.0000,7234.0000,0.0000,0.0000,0.0000,0.0000,365,0,0,0,0,609,0,0,0,0
zc,TA209,2012-06-08 09:01:53.320,7236.0000,467106,1032,0.0000,1224.0000,1128,96,多开,B,7236.0000,0.0000,0.0000,0.0000,0.0000,7238.0000,0.0000,0.0000,0.0000,0.0000,92,0,0,0,0,265,0,0,0,0
zc,TA209,2012-06-08 09:01:54.100,7236.0000,467116,10,0.0000,52.0000,31,21,多开,B,7236.0000,0.0000,0.0000,0.0000,0.0000,7238.0000,0.0000,0.0000,0.0000,0.0000,75,0,0,0,0,266,0,0,0,0
zc,TA209,2012-06-08 09:01:54.320,7234.0000,466878,-238,0.0000,654.0000,208,446,多平,S,7232.0000,0.0000,0.0000,0.0000,0.0000,7234.0000,0.0000,0.0000,0.0000,0.0000,127,0,0,0,0,10,0,0,0,0
zc,TA209,2012-06-08 09:01:55.070,7234.0000,466878,0,0.0000,20.0000,10,10,空换,S,7232.0000,0.0000,0.0000,0.0000,0.0000,7234.0000,0.0000,0.0000,0.0000,0.0000,121,0,0,0,0,602,0,0,0,0
zc,TA209,2012-06-08 09:01:55.803,7234.0000,466904,26,0.0000,50.0000,38,12,空开,S,7232.0000,0.0000,0.0000,0.0000,0.0000,7234.0000,0.0000,0.0000,0.0000,0.0000,49,0,0,0,0,591,0,0,0,0
zc,TA209,2012-06-08 09:01:56.303,7234.0000,466916,12,0.0000,196.0000,104,92,空开,S,7232.0000,0.0000,0.0000,0.0000,0.0000,7234.0000,0.0000,0.0000,0.0000,0.0000,38,0,0,0,0,503,0,0,0,0
zc,TA209,2012-06-08 09:01:57.087,7230.0000,466916,0,0.0000,142.0000,71,71,空换,S,7230.0000,0.0000,0.0000,0.0000,0.0000,7232.0000,0.0000,0.0000,0.0000,0.0000,120,0,0,0,0,36,0,0,0,0
zc,TA209,2012-06-08 09:01:58.117,7230.0000,467096,180,0.0000,376.0000,278,98,空开,S,7228.0000,0.0000,0.0000,0.0000,0.0000,7230.0000,0.0000,0.0000,0.0000,0.0000,12,0,0,0,0,55,0,0,0,0
zc,TA209,2012-06-08 09:01:58.803,7230.0000,467130,34,0.0000,38.0000,36,2,空开,S,7228.0000,0.0000,0.0000,0.0000,0.0000,7230.0000,0.0000,0.0000,0.0000,0.0000,11,0,0,0,0,398,0,0,0,0
zc,TA209,2012-06-08 09:01:59.303,7228.0000,467138,8,0.0000,78.0000,43,35,空开,S,7228.0000,0.0000,0.0000,0.0000,0.0000,7230.0000,0.0000,0.0000,0.0000,0.0000,12,0,0,0,0,368,0,0,0,0
zc,TA209,2012-06-08 09:01:59.803,7230.0000,467232,94,0.0000,104.0000,99,5,多开,B,7228.0000,0.0000,0.0000,0.0000,0.0000,7230.0000,0.0000,0.0000,0.0000,0.0000,4,0,0,0,0,377,0,0,0,0
zc,TA209,2012-06-08 09:02:00.320,7230.0000,467220,-12,0.0000,146.0000,67,79,空平,B,7226.0000,0.0000,0.0000,0.0000,0.0000,7230.0000,0.0000,0.0000,0.0000,0.0000,278,0,0,0,0,327,0,0,0,0
zc,TA209,2012-06-08 09:02:01.087,7226.0000,467254,34,0.0000,76.0000,55,21,空开,S,7226.0000,0.0000,0.0000,0.0000,0.0000,7228.0000,0.0000,0.0000,0.0000,0.0000,274,0,0,0,0,2,0,0,0,0
zc,TA209,2012-06-08 09:02:01.570,7230.0000,467268,14,0.0000,66.0000,40,26,多开,B,7228.0000,0.0000,0.0000,0.0000,0.0000,7230.0000,0.0000,0.0000,0.0000,0.0000,23,0,0,0,0,321,0,0,0,0
zc,TA209,2012-06-08 09:02:02.273,7228.0000,467352,84,0.0000,366.0000,225,141,空开,S,7228.0000,0.0000,0.0000,0.0000,0.0000,7230.0000,0.0000,0.0000,0.0000,0.0000,78,0,0,0,0,150,0,0,0,0
zc,TA209,2012-06-08 09:02:03.070,7228.0000,467360,8,0.0000,88.0000,48,40,空开,S,7228.0000,0.0000,0.0000,0.0000,0.0000,7230.0000,0.0000,0.0000,0.0000,0.0000,105,0,0,0,0,115,0,0,0,0
zc,TA209,2012-06-08 09:02:03.553,7228.0000,467462,102,0.0000,396.0000,249,147,空开,S,7230.0000,0.0000,0.0000,0.0000,0.0000,7232.0000,0.0000,0.0000,0.0000,0.0000,9,0,0,0,0,24,0,0,0,0
zc,TA209,2012-06-08 09:02:04.303,7232.0000,467452,-10,0.0000,40.0000,15,25,空平,B,7230.0000,0.0000,0.0000,0.0000,0.0000,7232.0000,0.0000,0.0000,0.0000,0.0000,10,0,0,0,0,14,0,0,0,0
zc,TA209,2012-06-08 09:02:04.837,7228.0000,467618,166,0.0000,250.0000,208,42,空开,S,7232.0000,0.0000,0.0000,0.0000,0.0000,7234.0000,0.0000,0.0000,0.0000,0.0000,19,0,0,0,0,511,0,0,0,0
zc,TA209,2012-06-08 09:02:05.303,7232.0000,467758,140,0.0000,166.0000,153,13,多开,B,7232.0000,0.0000,0.0000,0.0000,0.0000,7234.0000,0.0000,0.0000,0.0000,0.0000,8,0,0,0,0,511,0,0,0,0
zc,TA209,2012-06-08 09:02:06.087,7234.0000,467758,0,0.0000,28.0000,14,14,多换,B,7232.0000,0.0000,0.0000,0.0000,0.0000,7234.0000,0.0000,0.0000,0.0000,0.0000,8,0,0,0,0,498,0,0,0,0
zc,TA209,2012-06-08 09:02:06.790,7230.0000,467936,178,0.0000,262.0000,220,42,空开,S,7228.0000,0.0000,0.0000,0.0000,0.0000,7230.0000,0.0000,0.0000,0.0000,0.0000,48,0,0,0,0,13,0,0,0,0
zc,TA209,2012-06-08 09:02:07.070,7230.0000,467942,6,0.0000,8.0000,7,1,空开,S,7228.0000,0.0000,0.0000,0.0000,0.0000,7230.0000,0.0000,0.0000,0.0000,0.0000,72,0,0,0,0,11,0,0,0,0
zc,TA209,2012-06-08 09:02:08.087,7230.0000,468050,108,0.0000,148.0000,128,20,空开,S,7230.0000,0.0000,0.0000,0.0000,0.0000,7232.0000,0.0000,0.0000,0.0000,0.0000,38,0,0,0,0,965,0,0,0,0
zc,TA209,2012-06-08 09:02:08.587,7228.0000,468126,76,0.0000,240.0000,158,82,空开,S,7226.0000,0.0000,0.0000,0.0000,0.0000,7228.0000,0.0000,0.0000,0.0000,0.0000,288,0,0,0,0,163,0,0,0,0
zc,TA209,2012-06-08 09:02:09.070,7228.0000,468224,98,0.0000,118.0000,108,10,空开,S,7226.0000,0.0000,0.0000,0.0000,0.0000,7228.0000,0.0000,0.0000,0.0000,0.0000,292,0,0,0,0,145,0,0,0,0
zc,TA209,2012-06-08 09:02:09.820,7228.0000,468274,50,0.0000,198.0000,124,74,空开,S,7226.0000,0.0000,0.0000,0.0000,0.0000,7228.0000,0.0000,0.0000,0.0000,0.0000,307,0,0,0,0,97,0,0,0,0
zc,TA209,2012-06-08 09:02:10.570,7228.0000,468282,8,0.0000,214.0000,111,103,空开,S,7226.0000,0.0000,0.0000,0.0000,0.0000,7228.0000,0.0000,0.0000,0.0000,0.0000,256,0,0,0,0,52,0,0,0,0
zc,TA209,2012-06-08 09:02:11.053,7228.0000,468318,36,0.0000,62.0000,49,13,空开,S,7226.0000,0.0000,0.0000,0.0000,0.0000,7228.0000,0.0000,0.0000,0.0000,0.0000,256,0,0,0,0,81,0,0,0,0
zc,TA209,2012-06-08 09:02:11.553,7226.0000,468282,-36,0.0000,166.0000,65,101,多平,S,7226.0000,0.0000,0.0000,0.0000,0.0000,7228.0000,0.0000,0.0000,0.0000,0.0000,220,0,0,0,0,36,0,0,0,0
zc,TA209,2012-06-08 09:02:12.337,7226.0000,468218,-64,0.0000,82.0000,9,73,多平,S,7226.0000,0.0000,0.0000,0.0000,0.0000,7228.0000,0.0000,0.0000,0.0000,0.0000,217,0,0,0,0,1,0,0,0,0
zc,TA209,2012-06-08 09:02:12.820,7228.0000,468220,2,0.0000,182.0000,92,90,多开,B,7228.0000,0.0000,0.0000,0.0000,0.0000,7230.0000,0.0000,0.0000,0.0000,0.0000,7,0,0,0,0,132,0,0,0,0
zc,TA209,2012-06-08 09:02:13.523,7228.0000,468226,6,0.0000,12.0000,9,3,多开,B,7228.0000,0.0000,0.0000,0.0000,0.0000,7230.0000,0.0000,0.0000,0.0000,0.0000,23,0,0,0,0,133,0,0,0,0
zc,TA209,2012-06-08 09:02:14.070,7228.0000,468226,0,0.0000,6.0000,3,3,多换,B,7228.0000,0.0000,0.0000,0.0000,0.0000,7230.0000,0.0000,0.0000,0.0000,0.0000,31,0,0,0,0,132,0,0,0,0
zc,TA209,2012-06-08 09:02:14.540,7228.0000,468290,64,0.0000,90.0000,77,13,多开,B,7228.0000,0.0000,0.0000,0.0000,0.0000,7230.0000,0.0000,0.0000,0.0000,0.0000,10,0,0,0,0,134,0,0,0,0
zc,TA209,2012-06-08 09:02:15.350,7226.0000,468280,-10,0.0000,52.0000,21,31,多平,S,7226.0000,0.0000,0.0000,0.0000,0.0000,7228.0000,0.0000,0.0000,0.0000,0.0000,238,0,0,0,0,16,0,0,0,0
zc,TA209,2012-06-08 09:02:15.803,7228.0000,468228,-52,0.0000,102.0000,25,77,空平,B,7226.0000,0.0000,0.0000,0.0000,0.0000,7228.0000,0.0000,0.0000,0.0000,0.0000,260,0,0,0,0,10,0,0,0,0
zc,TA209,2012-06-08 09:02:16.540,7228.0000,468224,-4,0.0000,16.0000,6,10,空平,B,7226.0000,0.0000,0.0000,0.0000,0.0000,7228.0000,0.0000,0.0000,0.0000,0.0000,266,0,0,0,0,7,0,0,0,0
zc,TA209,2012-06-08 09:02:17.070,7228.0000,468222,-2,0.0000,66.0000,32,34,空平,B,7226.0000,0.0000,0.0000,0.0000,0.0000,7228.0000,0.0000,0.0000,0.0000,0.0000,263,0,0,0,0,80,0,0,0,0
zc,TA209,2012-06-08 09:02:17.820,7226.0000,468216,-6,0.0000,82.0000,38,44,多平,S,7226.0000,0.0000,0.0000,0.0000,0.0000,7228.0000,0.0000,0.0000,0.0000,0.0000,257,0,0,0,0,51,0,0,0,0
zc,TA209,2012-06-08 09:02:18.337,7228.0000,468236,20,0.0000,24.0000,22,2,多开,B,7226.0000,0.0000,0.0000,0.0000,0.0000,7228.0000,0.0000,0.0000,0.0000,0.0000,263,0,0,0,0,118,0,0,0,0
zc,TA209,2012-06-08 09:02:19.040,7228.0000,468230,-6,0.0000,84.0000,39,45,空平,B,7226.0000,0.0000,0.0000,0.0000,0.0000,7228.0000,0.0000,0.0000,0.0000,0.0000,249,0,0,0,0,173,0,0,0,0
zc,TA209,2012-06-08 09:02:19.553,7228.0000,468402,172,0.0000,196.0000,184,12,多开,B,7226.0000,0.0000,0.0000,0.0000,0.0000,7228.0000,0.0000,0.0000,0.0000,0.0000,167,0,0,0,0,160,0,0,0,0
zc,TA209,2012-06-08 09:02:20.070,7228.0000,468500,98,0.0000,462.0000,280,182,多开,B,7228.0000,0.0000,0.0000,0.0000,0.0000,7230.0000,0.0000,0.0000,0.0000,0.0000,4,0,0,0,0,242,0,0,0,0
zc,TA209,2012-06-08 09:02:20.803,7228.0000,468508,8,0.0000,34.0000,21,13,多开,B,7228.0000,0.0000,0.0000,0.0000,0.0000,7230.0000,0.0000,0.0000,0.0000,0.0000,64,0,0,0,0,242,0,0,0,0
zc,TA209,2012-06-08 09:02:21.303,7230.0000,468478,-30,0.0000,48.0000,9,39,空平,B,7228.0000,0.0000,0.0000,0.0000,0.0000,7230.0000,0.0000,0.0000,0.0000,0.0000,47,0,0,0,0,177,0,0,0,0
zc,TA209,2012-06-08 09:02:21.820,7228.0000,468588,110,0.0000,268.0000,189,79,空开,S,7226.0000,0.0000,0.0000,0.0000,0.0000,7230.0000,0.0000,0.0000,0.0000,0.0000,18,0,0,0,0,177,0,0,0,0
zc,TA209,2012-06-08 09:02:22.837,7222.0000,468682,94,0.0000,424.0000,259,165,空开,S,7226.0000,0.0000,0.0000,0.0000,0.0000,7230.0000,0.0000,0.0000,0.0000,0.0000,3,0,0,0,0,89,0,0,0,0
zc,TA209,2012-06-08 09:02:23.350,7228.0000,468694,12,0.0000,28.0000,20,8,多开,B,7226.0000,0.0000,0.0000,0.0000,0.0000,7230.0000,0.0000,0.0000,0.0000,0.0000,49,0,0,0,0,89,0,0,0,0
zc,TA209,2012-06-08 09:02:23.820,7228.0000,468696,2,0.0000,6.0000,4,2,多开,B,7228.0000,0.0000,0.0000,0.0000,0.0000,7230.0000,0.0000,0.0000,0.0000,0.0000,24,0,0,0,0,97,0,0,0,0
zc,TA209,2012-06-08 09:02:24.570,7226.0000,468864,168,0.0000,218.0000,193,25,空开,S,7224.0000,0.0000,0.0000,0.0000,0.0000,7226.0000,0.0000,0.0000,0.0000,0.0000,1,0,0,0,0,27,0,0,0,0
zc,TA209,2012-06-08 09:02:25.100,7226.0000,468882,18,0.0000,42.0000,30,12,空开,S,7224.0000,0.0000,0.0000,0.0000,0.0000,7226.0000,0.0000,0.0000,0.0000,0.0000,60,0,0,0,0,36,0,0,0,0
zc,TA209,2012-06-08 09:02:25.553,7226.0000,468900,18,0.0000,22.0000,20,2,空开,S,7224.0000,0.0000,0.0000,0.0000,0.0000,7226.0000,0.0000,0.0000,0.0000,0.0000,66,0,0,0,0,27,0,0,0,0
zc,TA209,2012-06-08 09:02:26.070,7222.0000,468926,26,0.0000,150.0000,88,62,空开,S,7222.0000,0.0000,0.0000,0.0000,0.0000,7224.0000,0.0000,0.0000,0.0000,0.0000,132,0,0,0,0,3,0,0,0,0
zc,TA209,2012-06-08 09:02:26.820,7222.0000,469018,92,0.0000,124.0000,108,16,空开,S,7222.0000,0.0000,0.0000,0.0000,0.0000,7224.0000,0.0000,0.0000,0.0000,0.0000,102,0,0,0,0,3,0,0,0,0
zc,TA209,2012-06-08 09:02:27.540,7224.0000,469014,-4,0.0000,26.0000,11,15,空平,B,7226.0000,0.0000,0.0000,0.0000,0.0000,7228.0000,0.0000,0.0000,0.0000,0.0000,1,0,0,0,0,16,0,0,0,0
zc,TA209,2012-06-08 09:02:28.070,7222.0000,469102,88,0.0000,146.0000,117,29,空开,S,7222.0000,0.0000,0.0000,0.0000,0.0000,7224.0000,0.0000,0.0000,0.0000,0.0000,67,0,0,0,0,66,0,0,0,0
zc,TA209,2012-06-08 09:02:28.790,7224.0000,469152,50,0.0000,108.0000,79,29,多开,B,7222.0000,0.0000,0.0000,0.0000,0.0000,7224.0000,0.0000,0.0000,0.0000,0.0000,50,0,0,0,0,57,0,0,0,0
zc,TA209,2012-06-08 09:02:30.053,7220.0000,469100,-52,0.0000,258.0000,103,155,多平,S,7220.0000,0.0000,0.0000,0.0000,0.0000,7222.0000,0.0000,0.0000,0.0000,0.0000,134,0,0,0,0,284,0,0,0,0
zc,TA209,2012-06-08 09:02:30.540,7220.0000,469418,318,0.0000,346.0000,332,14,空开,S,7220.0000,0.0000,0.0000,0.0000,0.0000,7222.0000,0.0000,0.0000,0.0000,0.0000,27,0,0,0,0,251,0,0,0,0
zc,TA209,2012-06-08 09:02:31.337,7216.0000,469742,324,0.0000,364.0000,344,20,空开,S,7216.0000,0.0000,0.0000,0.0000,0.0000,7218.0000,0.0000,0.0000,0.0000,0.0000,47,0,0,0,0,9,0,0,0,0
zc,TA209,2012-06-08 09:02:31.850,7218.0000,469862,120,0.0000,148.0000,134,14,多开,B,7218.0000,0.0000,0.0000,0.0000,0.0000,7220.0000,0.0000,0.0000,0.0000,0.0000,6,0,0,0,0,438,0,0,0,0
zc,TA209,2012-06-08 09:02:32.803,7214.0000,469816,-46,0.0000,148.0000,51,97,多平,S,7214.0000,0.0000,0.0000,0.0000,0.0000,7216.0000,0.0000,0.0000,0.0000,0.0000,152,0,0,0,0,232,0,0,0,0
zc,TA209,2012-06-08 09:02:33.320,7214.0000,469782,-34,0.0000,90.0000,28,62,多平,S,7214.0000,0.0000,0.0000,0.0000,0.0000,7216.0000,0.0000,0.0000,0.0000,0.0000,120,0,0,0,0,226,0,0,0,0
zc,TA209,2012-06-08 09:02:34.053,7216.0000,469762,-20,0.0000,128.0000,54,74,空平,B,7214.0000,0.0000,0.0000,0.0000,0.0000,7216.0000,0.0000,0.0000,0.0000,0.0000,133,0,0,0,0,201,0,0,0,0
zc,TA209,2012-06-08 09:02:34.570,7214.0000,469744,-18,0.0000,456.0000,219,237,多平,S,7214.0000,0.0000,0.0000,0.0000,0.0000,7216.0000,0.0000,0.0000,0.0000,0.0000,57,0,0,0,0,102,0,0,0,0
zc,TA209,2012-06-08 09:02:35.290,7212.0000,469690,-54,0.0000,214.0000,80,134,多平,S,7212.0000,0.0000,0.0000,0.0000,0.0000,7214.0000,0.0000,0.0000,0.0000,0.0000,31,0,0,0,0,38,0,0,0,0
zc,TA209,2012-06-08 09:02:35.820,7214.0000,469584,-106,0.0000,248.0000,71,177,空平,B,7214.0000,0.0000,0.0000,0.0000,0.0000,7216.0000,0.0000,0.0000,0.0000,0.0000,10,0,0,0,0,81,0,0,0,0
zc,TA209,2012-06-08 09:02:36.553,7212.0000,469692,108,0.0000,304.0000,206,98,空开,S,7210.0000,0.0000,0.0000,0.0000,0.0000,7212.0000,0.0000,0.0000,0.0000,0.0000,125,0,0,0,0,33,0,0,0,0
zc,TA209,2012-06-08 09:02:37.087,7212.0000,469696,4,0.0000,174.0000,89,85,空开,S,7212.0000,0.0000,0.0000,0.0000,0.0000,7214.0000,0.0000,0.0000,0.0000,0.0000,67,0,0,0,0,134,0,0,0,0
zc,TA209,2012-06-08 09:02:38.117,7214.0000,469644,-52,0.0000,166.0000,57,109,空平,B,7212.0000,0.0000,0.0000,0.0000,0.0000,7214.0000,0.0000,0.0000,0.0000,0.0000,53,0,0,0,0,169,0,0,0,0
zc,TA209,2012-06-08 09:02:38.837,7214.0000,469772,128,0.0000,304.0000,216,88,多开,B,7212.0000,0.0000,0.0000,0.0000,0.0000,7214.0000,0.0000,0.0000,0.0000,0.0000,59,0,0,0,0,120,0,0,0,0
zc,TA209,2012-06-08 09:02:39.290,7214.0000,469752,-20,0.0000,46.0000,13,33,空平,B,7212.0000,0.0000,0.0000,0.0000,0.0000,7214.0000,0.0000,0.0000,0.0000,0.0000,54,0,0,0,0,105,0,0,0,0
zc,TA209,2012-06-08 09:02:40.117,7214.0000,469908,156,0.0000,562.0000,359,203,多开,B,7214.0000,0.0000,0.0000,0.0000,0.0000,7216.0000,0.0000,0.0000,0.0000,0.0000,36,0,0,0,0,77,0,0,0,0
zc,TA209,2012-06-08 09:02:40.570,7212.0000,469902,-6,0.0000,300.0000,147,153,多平,S,7210.0000,0.0000,0.0000,0.0000,0.0000,7212.0000,0.0000,0.0000,0.0000,0.0000,23,0,0,0,0,5,0,0,0,0
zc,TA209,2012-06-08 09:02:41.303,7210.0000,469952,50,0.0000,84.0000,67,17,空开,S,7208.0000,0.0000,0.0000,0.0000,0.0000,7210.0000,0.0000,0.0000,0.0000,0.0000,132,0,0,0,0,492,0,0,0,0
zc,TA209,2012-06-08 09:02:41.837,7208.0000,470964,1012,0.0000,1104.0000,1058,46,空开,S,7206.0000,0.0000,0.0000,0.0000,0.0000,7208.0000,0.0000,0.0000,0.0000,0.0000,62,0,0,0,0,24,0,0,0,0
zc,TA209,2012-06-08 09:02:42.570,7208.0000,470970,6,0.0000,310.0000,158,152,空开,S,7208.0000,0.0000,0.0000,0.0000,0.0000,7210.0000,0.0000,0.0000,0.0000,0.0000,1,0,0,0,0,14,0,0,0,0
zc,TA209,2012-06-08 09:02:43.320,7204.0000,471048,78,0.0000,222.0000,150,72,空开,S,7204.0000,0.0000,0.0000,0.0000,0.0000,7206.0000,0.0000,0.0000,0.0000,0.0000,1,0,0,0,0,181,0,0,0,0
zc,TA209,2012-06-08 09:02:43.837,7202.0000,471178,130,0.0000,502.0000,316,186,空开,S,7200.0000,0.0000,0.0000,0.0000,0.0000,7202.0000,0.0000,0.0000,0.0000,0.0000,186,0,0,0,0,454,0,0,0,0
zc,TA209,2012-06-08 09:02:44.570,7202.0000,471670,492,0.0000,536.0000,514,22,空开,S,7200.0000,0.0000,0.0000,0.0000,0.0000,7202.0000,0.0000,0.0000,0.0000,0.0000,168,0,0,0,0,607,0,0,0,0
zc,TA209,2012-06-08 09:02:45.087,7194.0000,471810,140,0.0000,514.0000,327,187,空开,S,7192.0000,0.0000,0.0000,0.0000,0.0000,7194.0000,0.0000,0.0000,0.0000,0.0000,2,0,0,0,0,112,0,0,0,0
zc,TA209,2012-06-08 09:02:45.837,7190.0000,471864,54,0.0000,90.0000,72,18,空开,S,7190.0000,0.0000,0.0000,0.0000,0.0000,7192.0000,0.0000,0.0000,0.0000,0.0000,17,0,0,0,0,4,0,0,0,0
zc,TA209,2012-06-08 09:02:46.617,7184.0000,472176,312,0.0000,918.0000,615,303,空开,S,7182.0000,0.0000,0.0000,0.0000,0.0000,7184.0000,0.0000,0.0000,0.0000,0.0000,1,0,0,0,0,4,0,0,0,0
zc,TA209,2012-06-08 09:02:47.147,7170.0000,472328,152,0.0000,696.0000,424,272,空开,S,7170.0000,0.0000,0.0000,0.0000,0.0000,7172.0000,0.0000,0.0000,0.0000,0.0000,39,0,0,0,0,2,0,0,0,0
zc,TA209,2012-06-08 09:02:47.820,7172.0000,472866,538,0.0000,932.0000,735,197,多开,B,7170.0000,0.0000,0.0000,0.0000,0.0000,7190.0000,0.0000,0.0000,0.0000,0.0000,120,0,0,0,0,105,0,0,0,0
zc,TA209,2012-06-08 09:02:48.600,7168.0000,473298,432,0.0000,838.0000,635,203,空开,S,7168.0000,0.0000,0.0000,0.0000,0.0000,7170.0000,0.0000,0.0000,0.0000,0.0000,358,0,0,0,0,17,0,0,0,0
zc,TA209,2012-06-08 09:02:49.367,7178.0000,473600,302,0.0000,650.0000,476,174,多开,B,7172.0000,0.0000,0.0000,0.0000,0.0000,7178.0000,0.0000,0.0000,0.0000,0.0000,67,0,0,0,0,122,0,0,0,0
zc,TA209,2012-06-08 09:02:49.820,7184.0000,473334,-266,0.0000,684.0000,209,475,空平,B,7182.0000,0.0000,0.0000,0.0000,0.0000,7184.0000,0.0000,0.0000,0.0000,0.0000,54,0,0,0,0,15,0,0,0,0
zc,TA209,2012-06-08 09:02:50.540,7174.0000,473358,24,0.0000,190.0000,107,83,空开,S,7178.0000,0.0000,0.0000,0.0000,0.0000,7184.0000,0.0000,0.0000,0.0000,0.0000,20,0,0,0,0,1,0,0,0,0
zc,TA209,2012-06-08 09:02:51.053,7176.0000,473236,-122,0.0000,184.0000,31,153,空平,B,7176.0000,0.0000,0.0000,0.0000,0.0000,7182.0000,0.0000,0.0000,0.0000,0.0000,13,0,0,0,0,1,0,0,0,0
zc,TA209,2012-06-08 09:02:51.587,7176.0000,473218,-18,0.0000,208.0000,95,113,空平,B,7176.0000,0.0000,0.0000,0.0000,0.0000,7178.0000,0.0000,0.0000,0.0000,0.0000,33,0,0,0,0,37,0,0,0,0
zc,TA209,2012-06-08 09:02:52.337,7182.0000,473216,-2,0.0000,162.0000,80,82,空平,B,7184.0000,0.0000,0.0000,0.0000,0.0000,7186.0000,0.0000,0.0000,0.0000,0.0000,1,0,0,0,0,5,0,0,0,0
zc,TA209,2012-06-08 09:02:53.087,7192.0000,473600,384,0.0000,856.0000,620,236,多开,B,7190.0000,0.0000,0.0000,0.0000,0.0000,7192.0000,0.0000,0.0000,0.0000,0.0000,2,0,0,0,0,120,0,0,0,0
zc,TA209,2012-06-08 09:02:53.837,7178.0000,473608,8,0.0000,364.0000,186,178,空开,S,7178.0000,0.0000,0.0000,0.0000,0.0000,7190.0000,0.0000,0.0000,0.0000,0.0000,82,0,0,0,0,257,0,0,0,0
zc,TA209,2012-06-08 09:02:54.337,7184.0000,473612,4,0.0000,162.0000,83,79,多开,B,7182.0000,0.0000,0.0000,0.0000,0.0000,7184.0000,0.0000,0.0000,0.0000,0.0000,41,0,0,0,0,6,0,0,0,0
zc,TA209,2012-06-08 09:02:55.100,7184.0000,473510,-102,0.0000,246.0000,72,174,空平,B,7186.0000,0.0000,0.0000,0.0000,0.0000,7188.0000,0.0000,0.0000,0.0000,0.0000,1,0,0,0,0,43,0,0,0,0
zc,TA209,2012-06-08 09:02:55.553,7184.0000,473550,40,0.0000,374.0000,207,167,多开,B,7184.0000,0.0000,0.0000,0.0000,0.0000,7186.0000,0.0000,0.0000,0.0000,0.0000,13,0,0,0,0,133,0,0,0,0
zc,TA209,2012-06-08 09:02:56.320,7180.0000,473752,202,0.0000,540.0000,371,169,空开,S,7180.0000,0.0000,0.0000,0.0000,0.0000,7182.0000,0.0000,0.0000,0.0000,0.0000,13,0,0,0,0,1,0,0,0,0
zc,TA209,2012-06-08 09:02:57.087,7186.0000,473724,-28,0.0000,114.0000,43,71,空平,B,7184.0000,0.0000,0.0000,0.0000,0.0000,7186.0000,0.0000,0.0000,0.0000,0.0000,291,0,0,0,0,81,0,0,0,0
zc,TA209,2012-06-08 09:02:57.790,7184.0000,473652,-72,0.0000,270.0000,99,171,多平,S,7184.0000,0.0000,0.0000,0.0000,0.0000,7186.0000,0.0000,0.0000,0.0000,0.0000,185,0,0,0,0,209,0,0,0,0
zc,TA209,2012-06-08 09:02:58.350,7186.0000,473662,10,0.0000,714.0000,362,352,多开,B,7182.0000,0.0000,0.0000,0.0000,0.0000,7186.0000,0.0000,0.0000,0.0000,0.0000,98,0,0,0,0,95,0,0,0,0
zc,TA209,2012-06-08 09:02:59.040,7184.0000,473716,54,0.0000,102.0000,78,24,空开,S,7182.0000,0.0000,0.0000,0.0000,0.0000,7184.0000,0.0000,0.0000,0.0000,0.0000,95,0,0,0,0,3,0,0,0,0
zc,TA209,2012-06-08 09:02:59.523,7184.0000,473726,10,0.0000,66.0000,38,28,空开,S,7182.0000,0.0000,0.0000,0.0000,0.0000,7184.0000,0.0000,0.0000,0.0000,0.0000,108,0,0,0,0,2,0,0,0,0
zc,TA209,2012-06-08 09:03:00.320,7184.0000,473796,70,0.0000,94.0000,82,12,空开,S,7184.0000,0.0000,0.0000,0.0000,0.0000,7186.0000,0.0000,0.0000,0.0000,0.0000,14,0,0,0,0,128,0,0,0,0
zc,TA209,2012-06-08 09:03:00.820,7186.0000,473878,82,0.0000,270.0000,176,94,多开,B,7184.0000,0.0000,0.0000,0.0000,0.0000,7186.0000,0.0000,0.0000,0.0000,0.0000,8,0,0,0,0,22,0,0,0,0
zc,TA209,2012-06-08 09:03:01.570,7186.0000,473944,66,0.0000,130.0000,98,32,多开,B,7184.0000,0.0000,0.0000,0.0000,0.0000,7188.0000,0.0000,0.0000,0.0000,0.0000,130,0,0,0,0,43,0,0,0,0
zc,TA209,2012-06-08 09:03:01.837,7186.0000,474068,124,0.0000,154.0000,139,15,多开,B,7186.0000,0.0000,0.0000,0.0000,0.0000,7188.0000,0.0000,0.0000,0.0000,0.0000,9,0,0,0,0,14,0,0,0,0
zc,TA209,2012-06-08 09:03:02.850,7186.0000,474072,4,0.0000,314.0000,159,155,多开,B,7184.0000,0.0000,0.0000,0.0000,0.0000,7186.0000,0.0000,0.0000,0.0000,0.0000,135,0,0,0,0,68,0,0,0,0
zc,TA209,2012-06-08 09:03:03.600,7186.0000,474204,132,0.0000,532.0000,332,200,多开,B,7186.0000,0.0000,0.0000,0.0000,0.0000,7188.0000,0.0000,0.0000,0.0000,0.0000,15,0,0,0,0,17,0,0,0,0
zc,TA209,2012-06-08 09:03:04.290,7188.0000,474192,-12,0.0000,472.0000,230,242,空平,B,7186.0000,0.0000,0.0000,0.0000,0.0000,7188.0000,0.0000,0.0000,0.0000,0.0000,80,0,0,0,0,30,0,0,0,0
zc,TA209,2012-06-08 09:03:04.837,7188.0000,474198,6,0.0000,146.0000,76,70,多开,B,7188.0000,0.0000,0.0000,0.0000,0.0000,7190.0000,0.0000,0.0000,0.0000,0.0000,46,0,0,0,0,216,0,0,0,0
zc,TA209,2012-06-08 09:03:05.507,7188.0000,474200,2,0.0000,80.0000,41,39,多开,B,7188.0000,0.0000,0.0000,0.0000,0.0000,7190.0000,0.0000,0.0000,0.0000,0.0000,242,0,0,0,0,219,0,0,0,0
zc,TA209,2012-06-08 09:03:06.070,7188.0000,474394,194,0.0000,304.0000,249,55,多开,B,7188.0000,0.0000,0.0000,0.0000,0.0000,7190.0000,0.0000,0.0000,0.0000,0.0000,230,0,0,0,0,123,0,0,0,0
zc,TA209,2012-06-08 09:03:06.803,7188.0000,474426,32,0.0000,106.0000,69,37,多开,B,7188.0000,0.0000,0.0000,0.0000,0.0000,7190.0000,0.0000,0.0000,0.0000,0.0000,264,0,0,0,0,83,0,0,0,0
zc,TA209,2012-06-08 09:03:07.337,7188.0000,474472,46,0.0000,104.0000,75,29,多开,B,7188.0000,0.0000,0.0000,0.0000,0.0000,7190.0000,0.0000,0.0000,0.0000,0.0000,247,0,0,0,0,46,0,0,0,0
zc,TA209,2012-06-08 09:03:08.087,7190.0000,474478,6,0.0000,122.0000,64,58,多开,B,7190.0000,0.0000,0.0000,0.0000,0.0000,7192.0000,0.0000,0.0000,0.0000,0.0000,272,0,0,0,0,51,0,0,0,0
zc,TA209,2012-06-08 09:03:08.553,7192.0000,474452,-26,0.0000,46.0000,10,36,空平,B,7190.0000,0.0000,0.0000,0.0000,0.0000,7192.0000,0.0000,0.0000,0.0000,0.0000,274,0,0,0,0,48,0,0,0,0
zc,TA209,2012-06-08 09:03:09.337,7192.0000,474318,-134,0.0000,224.0000,45,179,空平,B,7192.0000,0.0000,0.0000,0.0000,0.0000,7194.0000,0.0000,0.0000,0.0000,0.0000,18,0,0,0,0,22,0,0,0,0
zc,TA209,2012-06-08 09:03:09.837,7192.0000,474248,-70,0.0000,194.0000,62,132,空平,B,7190.0000,0.0000,0.0000,0.0000,0.0000,7192.0000,0.0000,0.0000,0.0000,0.0000,256,0,0,0,0,34,0,0,0,0
zc,TA209,2012-06-08 09:03:10.523,7192.0000,474190,-58,0.0000,88.0000,15,73,空平,B,7190.0000,0.0000,0.0000,0.0000,0.0000,7192.0000,0.0000,0.0000,0.0000,0.0000,265,0,0,0,0,5,0,0,0,0
zc,TA209,2012-06-08 09:03:10.867,7192.0000,474248,58,0.0000,68.0000,63,5,多开,B,7192.0000,0.0000,0.0000,0.0000,0.0000,7194.0000,0.0000,0.0000,0.0000,0.0000,144,0,0,0,0,9,0,0,0,0
zc,TA209,2012-06-08 09:03:11.540,7192.0000,474264,16,0.0000,152.0000,84,68,多开,B,7192.0000,0.0000,0.0000,0.0000,0.0000,7194.0000,0.0000,0.0000,0.0000,0.0000,244,0,0,0,0,154,0,0,0,0
zc,TA209,2012-06-08 09:03:12.070,7194.0000,474244,-20,0.0000,304.0000,142,162,空平,B,7192.0000,0.0000,0.0000,0.0000,0.0000,7194.0000,0.0000,0.0000,0.0000,0.0000,271,0,0,0,0,32,0,0,0,0
zc,TA209,2012-06-08 09:03:12.803,7196.0000,474164,-80,0.0000,98.0000,9,89,空平,B,7194.0000,0.0000,0.0000,0.0000,0.0000,7196.0000,0.0000,0.0000,0.0000,0.0000,514,0,0,0,0,14,0,0,0,0
zc,TA209,2012-06-08 09:03:13.587,7194.0000,474158,-6,0.0000,80.0000,37,43,多平,S,7194.0000,0.0000,0.0000,0.0000,0.0000,7196.0000,0.0000,0.0000,0.0000,0.0000,487,0,0,0,0,20,0,0,0,0
zc,TA209,2012-06-08 09:03:14.053,7196.0000,474174,16,0.0000,222.0000,119,103,多开,B,7194.0000,0.0000,0.0000,0.0000,0.0000,7196.0000,0.0000,0.0000,0.0000,0.0000,500,0,0,0,0,25,0,0,0,0
zc,TA209,2012-06-08 09:03:14.803,7196.0000,474164,-10,0.0000,88.0000,39,49,空平,B,7194.0000,0.0000,0.0000,0.0000,0.0000,7196.0000,0.0000,0.0000,0.0000,0.0000,491,0,0,0,0,5,0,0,0,0
zc,TA209,2012-06-08 09:03:15.350,7196.0000,474184,20,0.0000,32.0000,26,6,多开,B,7196.0000,0.0000,0.0000,0.0000,0.0000,7198.0000,0.0000,0.0000,0.0000,0.0000,15,0,0,0,0,5,0,0,0,0
zc,TA209,2012-06-08 09:03:16.070,7196.0000,474234,50,0.0000,64.0000,57,7,多开,B,7198.0000,0.0000,0.0000,0.0000,0.0000,7200.0000,0.0000,0.0000,0.0000,0.0000,8,0,0,0,0,1090,0,0,0,0
zc,TA209,2012-06-08 09:03:16.570,7194.0000,473966,-268,0.0000,752.0000,242,510,多平,S,7194.0000,0.0000,0.0000,0.0000,0.0000,7196.0000,0.0000,0.0000,0.0000,0.0000,262,0,0,0,0,10,0,0,0,0
zc,TA209,2012-06-08 09:03:17.303,7198.0000,473750,-216,0.0000,508.0000,146,362,空平,B,7194.0000,0.0000,0.0000,0.0000,0.0000,7196.0000,0.0000,0.0000,0.0000,0.0000,256,0,0,0,0,4,0,0,0,0
zc,TA209,2012-06-08 09:03:17.820,7194.0000,473732,-18,0.0000,64.0000,23,41,多平,S,7194.0000,0.0000,0.0000,0.0000,0.0000,7196.0000,0.0000,0.0000,0.0000,0.0000,276,0,0,0,0,78,0,0,0,0
zc,TA209,2012-06-08 09:03:18.540,7196.0000,473722,-10,0.0000,132.0000,61,71,空平,B,7194.0000,0.0000,0.0000,0.0000,0.0000,7196.0000,0.0000,0.0000,0.0000,0.0000,276,0,0,0,0,218,0,0,0,0
zc,TA209,2012-06-08 09:03:19.053,7196.0000,473486,-236,0.0000,356.0000,60,296,空平,B,7194.0000,0.0000,0.0000,0.0000,0.0000,7196.0000,0.0000,0.0000,0.0000,0.0000,171,0,0,0,0,168,0,0,0,0
zc,TA209,2012-06-08 09:03:19.803,7196.0000,473500,14,0.0000,468.0000,241,227,多开,B,7196.0000,0.0000,0.0000,0.0000,0.0000,7198.0000,0.0000,0.0000,0.0000,0.0000,426,0,0,0,0,241,0,0,0,0
zc,TA209,2012-06-08 09:03:20.273,7198.0000,473550,50,0.0000,52.0000,51,1,多开,B,7196.0000,0.0000,0.0000,0.0000,0.0000,7198.0000,0.0000,0.0000,0.0000,0.0000,417,0,0,0,0,218,0,0,0,0
zc,TA209,2012-06-08 09:03:21.023,7198.0000,473574,24,0.0000,28.0000,26,2,多开,B,7196.0000,0.0000,0.0000,0.0000,0.0000,7198.0000,0.0000,0.0000,0.0000,0.0000,413,0,0,0,0,214,0,0,0,0
zc,TA209,2012-06-08 09:03:21.570,7196.0000,473750,176,0.0000,1084.0000,630,454,空开,S,7194.0000,0.0000,0.0000,0.0000,0.0000,7196.0000,0.0000,0.0000,0.0000,0.0000,13,0,0,0,0,12,0,0,0,0
zc,TA209,2012-06-08 09:03:22.290,7192.0000,473994,244,0.0000,482.0000,363,119,空开,S,7190.0000,0.0000,0.0000,0.0000,0.0000,7192.0000,0.0000,0.0000,0.0000,0.0000,360,0,0,0,0,266,0,0,0,0
zc,TA209,2012-06-08 09:03:23.040,7192.0000,474224,230,0.0000,506.0000,368,138,空开,S,7190.0000,0.0000,0.0000,0.0000,0.0000,7192.0000,0.0000,0.0000,0.0000,0.0000,366,0,0,0,0,13,0,0,0,0
zc,TA209,2012-06-08 09:03:23.803,7196.0000,474268,44,0.0000,80.0000,62,18,多开,B,7192.0000,0.0000,0.0000,0.0000,0.0000,7196.0000,0.0000,0.0000,0.0000,0.0000,7,0,0,0,0,139,0,0,0,0
zc,TA209,2012-06-08 09:03:24.290,7192.0000,474300,32,0.0000,40.0000,36,4,空开,S,7192.0000,0.0000,0.0000,0.0000,0.0000,7196.0000,0.0000,0.0000,0.0000,0.0000,18,0,0,0,0,236,0,0,0,0
zc,TA209,2012-06-08 09:03:25.053,7194.0000,474312,12,0.0000,14.0000,13,1,多开,B,7192.0000,0.0000,0.0000,0.0000,0.0000,7194.0000,0.0000,0.0000,0.0000,0.0000,184,0,0,0,0,1,0,0,0,0
zc,TA209,2012-06-08 09:03:25.303,7194.0000,474238,-74,0.0000,152.0000,39,113,空平,B,7192.0000,0.0000,0.0000,0.0000,0.0000,7194.0000,0.0000,0.0000,0.0000,0.0000,172,0,0,0,0,329,0,0,0,0
zc,TA209,2012-06-08 09:03:26.023,7194.0000,474218,-20,0.0000,34.0000,7,27,空平,B,7192.0000,0.0000,0.0000,0.0000,0.0000,7194.0000,0.0000,0.0000,0.0000,0.0000,284,0,0,0,0,319,0,0,0,0
zc,TA209,2012-06-08 09:03:26.523,7192.0000,474162,-56,0.0000,202.0000,73,129,多平,S,7192.0000,0.0000,0.0000,0.0000,0.0000,7194.0000,0.0000,0.0000,0.0000,0.0000,236,0,0,0,0,295,0,0,0,0
zc,TA209,2012-06-08 09:03:27.320,7192.0000,474180,18,0.0000,44.0000,31,13,空开,S,7192.0000,0.0000,0.0000,0.0000,0.0000,7194.0000,0.0000,0.0000,0.0000,0.0000,262,0,0,0,0,278,0,0,0,0
zc,TA209,2012-06-08 09:03:28.040,7192.0000,474186,6,0.0000,82.0000,44,38,空开,S,7192.0000,0.0000,0.0000,0.0000,0.0000,7194.0000,0.0000,0.0000,0.0000,0.0000,242,0,0,0,0,247,0,0,0,0
zc,TA209,2012-06-08 09:03:28.540,7194.0000,474236,50,0.0000,92.0000,71,21,多开,B,7192.0000,0.0000,0.0000,0.0000,0.0000,7194.0000,0.0000,0.0000,0.0000,0.0000,234,0,0,0,0,212,0,0,0,0
zc,TA209,2012-06-08 09:03:29.803,7194.0000,474248,12,0.0000,146.0000,79,67,多开,B,7192.0000,0.0000,0.0000,0.0000,0.0000,7194.0000,0.0000,0.0000,0.0000,0.0000,90,0,0,0,0,119,0,0,0,0
zc,TA209,2012-06-08 09:03:30.320,7194.0000,474272,24,0.0000,154.0000,89,65,多开,B,7192.0000,0.0000,0.0000,0.0000,0.0000,7194.0000,0.0000,0.0000,0.0000,0.0000,32,0,0,0,0,109,0,0,0,0
zc,TA209,2012-06-08 09:03:30.803,7192.0000,474274,2,0.0000,52.0000,27,25,空开,S,7192.0000,0.0000,0.0000,0.0000,0.0000,7194.0000,0.0000,0.0000,0.0000,0.0000,21,0,0,0,0,124,0,0,0,0
zc,TA209,2012-06-08 09:03:31.540,7192.0000,474274,0,0.0000,58.0000,29,29,空换,S,7192.0000,0.0000,0.0000,0.0000,0.0000,7194.0000,0.0000,0.0000,0.0000,0.0000,21,0,0,0,0,100,0,0,0,0
zc,TA209,2012-06-08 09:03:32.053,7192.0000,474360,86,0.0000,128.0000,107,21,空开,S,7192.0000,0.0000,0.0000,0.0000,0.0000,7194.0000,0.0000,0.0000,0.0000,0.0000,2,0,0,0,0,192,0,0,0,0
zc,TA209,2012-06-08 09:03:33.023,7190.0000,475014,654,0.0000,1408.0000,1031,377,空开,S,7192.0000,0.0000,0.0000,0.0000,0.0000,7194.0000,0.0000,0.0000,0.0000,0.0000,12,0,0,0,0,77,0,0,0,0
zc,TA209,2012-06-08 09:03:33.290,7192.0000,475068,54,0.0000,86.0000,70,16,多开,B,7192.0000,0.0000,0.0000,0.0000,0.0000,7194.0000,0.0000,0.0000,0.0000,0.0000,4,0,0,0,0,77,0,0,0,0
zc,TA209,2012-06-08 09:03:34.087,7190.0000,475078,10,0.0000,28.0000,19,9,空开,S,7190.0000,0.0000,0.0000,0.0000,0.0000,7192.0000,0.0000,0.0000,0.0000,0.0000,123,0,0,0,0,1,0,0,0,0
zc,TA209,2012-06-08 09:03:34.587,7192.0000,475138,60,0.0000,100.0000,80,20,多开,B,7190.0000,0.0000,0.0000,0.0000,0.0000,7192.0000,0.0000,0.0000,0.0000,0.0000,118,0,0,0,0,383,0,0,0,0
zc,TA209,2012-06-08 09:03:35.303,7192.0000,475240,102,0.0000,460.0000,281,179,多开,B,7190.0000,0.0000,0.0000,0.0000,0.0000,7192.0000,0.0000,0.0000,0.0000,0.0000,48,0,0,0,0,241,0,0,0,0
zc,TA209,2012-06-08 09:03:35.850,7190.0000,475322,82,0.0000,118.0000,100,18,空开,S,7188.0000,0.0000,0.0000,0.0000,0.0000,7190.0000,0.0000,0.0000,0.0000,0.0000,83,0,0,0,0,73,0,0,0,0
zc,TA209,2012-06-08 09:03:36.540,7190.0000,475344,22,0.0000,24.0000,23,1,空开,S,7188.0000,0.0000,0.0000,0.0000,0.0000,7190.0000,0.0000,0.0000,0.0000,0.0000,81,0,0,0,0,155,0,0,0,0
zc,TA209,2012-06-08 09:03:37.053,7190.0000,475368,24,0.0000,130.0000,77,53,空开,S,7188.0000,0.0000,0.0000,0.0000,0.0000,7190.0000,0.0000,0.0000,0.0000,0.0000,65,0,0,0,0,208,0,0,0,0
zc,TA209,2012-06-08 09:03:37.837,7190.0000,475518,150,0.0000,190.0000,170,20,空开,S,7188.0000,0.0000,0.0000,0.0000,0.0000,7190.0000,0.0000,0.0000,0.0000,0.0000,21,0,0,0,0,180,0,0,0,0
zc,TA209,2012-06-08 09:03:38.303,7188.0000,475554,36,0.0000,46.0000,41,5,空开,S,7186.0000,0.0000,0.0000,0.0000,0.0000,7188.0000,0.0000,0.0000,0.0000,0.0000,146,0,0,0,0,53,0,0,0,0
zc,TA209,2012-06-08 09:03:38.803,7186.0000,475584,30,0.0000,38.0000,34,4,空开,S,7186.0000,0.0000,0.0000,0.0000,0.0000,7188.0000,0.0000,0.0000,0.0000,0.0000,142,0,0,0,0,37,0,0,0,0
zc,TA209,2012-06-08 09:03:39.523,7188.0000,475610,26,0.0000,26.0000,26,0,双开,B,7186.0000,0.0000,0.0000,0.0000,0.0000,7188.0000,0.0000,0.0000,0.0000,0.0000,142,0,0,0,0,58,0,0,0,0
zc,TA209,2012-06-08 09:03:40.023,7188.0000,475908,298,0.0000,334.0000,316,18,多开,B,7188.0000,0.0000,0.0000,0.0000,0.0000,7190.0000,0.0000,0.0000,0.0000,0.0000,8,0,0,0,0,148,0,0,0,0
zc,TA209,2012-06-08 09:03:40.820,7186.0000,476160,252,0.0000,308.0000,280,28,空开,S,7186.0000,0.0000,0.0000,0.0000,0.0000,7190.0000,0.0000,0.0000,0.0000,0.0000,184,0,0,0,0,134,0,0,0,0
zc,TA209,2012-06-08 09:03:41.367,7188.0000,476168,8,0.0000,38.0000,23,15,多开,B,7186.0000,0.0000,0.0000,0.0000,0.0000,7188.0000,0.0000,0.0000,0.0000,0.0000,183,0,0,0,0,2,0,0,0,0
zc,TA209,2012-06-08 09:03:42.070,7186.0000,476182,14,0.0000,160.0000,87,73,空开,S,7186.0000,0.0000,0.0000,0.0000,0.0000,7188.0000,0.0000,0.0000,0.0000,0.0000,184,0,0,0,0,9,0,0,0,0
zc,TA209,2012-06-08 09:03:42.320,7186.0000,476214,32,0.0000,116.0000,74,42,空开,S,7186.0000,0.0000,0.0000,0.0000,0.0000,7190.0000,0.0000,0.0000,0.0000,0.0000,191,0,0,0,0,84,0,0,0,0
zc,TA209,2012-06-08 09:03:43.053,7190.0000,476244,30,0.0000,228.0000,129,99,多开,B,7188.0000,0.0000,0.0000,0.0000,0.0000,7190.0000,0.0000,0.0000,0.0000,0.0000,11,0,0,0,0,81,0,0,0,0
zc,TA209,2012-06-08 09:03:43.837,7188.0000,476610,366,0.0000,548.0000,457,91,空开,S,7186.0000,0.0000,0.0000,0.0000,0.0000,7188.0000,0.0000,0.0000,0.0000,0.0000,85,0,0,0,0,48,0,0,0,0
zc,TA209,2012-06-08 09:03:44.320,7188.0000,477198,588,0.0000,696.0000,642,54,空开,S,7184.0000,0.0000,0.0000,0.0000,0.0000,7188.0000,0.0000,0.0000,0.0000,0.0000,37,0,0,0,0,13,0,0,0,0
zc,TA209,2012-06-08 09:03:45.087,7188.0000,477152,-46,0.0000,116.0000,35,81,多平,S,7188.0000,0.0000,0.0000,0.0000,0.0000,7190.0000,0.0000,0.0000,0.0000,0.0000,2,0,0,0,0,109,0,0,0,0
zc,TA209,2012-06-08 09:03:45.320,7188.0000,477156,4,0.0000,34.0000,19,15,空开,S,7186.0000,0.0000,0.0000,0.0000,0.0000,7188.0000,0.0000,0.0000,0.0000,0.0000,31,0,0,0,0,6,0,0,0,0
zc,TA209,2012-06-08 09:03:46.070,7188.0000,477190,34,0.0000,64.0000,49,15,空开,S,7186.0000,0.0000,0.0000,0.0000,0.0000,7188.0000,0.0000,0.0000,0.0000,0.0000,15,0,0,0,0,76,0,0,0,0
zc,TA209,2012-06-08 09:03:46.553,7186.0000,477236,46,0.0000,74.0000,60,14,空开,S,7186.0000,0.0000,0.0000,0.0000,0.0000,7188.0000,0.0000,0.0000,0.0000,0.0000,5,0,0,0,0,167,0,0,0,0
zc,TA209,2012-06-08 09:03:47.273,7188.0000,477260,24,0.0000,52.0000,38,14,多开,B,7186.0000,0.0000,0.0000,0.0000,0.0000,7188.0000,0.0000,0.0000,0.0000,0.0000,17,0,0,0,0,148,0,0,0,0
zc,TA209,2012-06-08 09:03:48.100,7188.0000,477128,-132,0.0000,340.0000,104,236,空平,B,7184.0000,0.0000,0.0000,0.0000,0.0000,7186.0000,0.0000,0.0000,0.0000,0.0000,84,0,0,0,0,1,0,0,0,0
zc,TA209,2012-06-08 09:03:48.820,7186.0000,477132,4,0.0000,42.0000,23,19,空开,S,7186.0000,0.0000,0.0000,0.0000,0.0000,7188.0000,0.0000,0.0000,0.0000,0.0000,11,0,0,0,0,56,0,0,0,0
zc,TA209,2012-06-08 09:03:49.100,7186.0000,477138,6,0.0000,8.0000,7,1,空开,S,7186.0000,0.0000,0.0000,0.0000,0.0000,7188.0000,0.0000,0.0000,0.0000,0.0000,15,0,0,0,0,56,0,0,0,0
zc,TA209,2012-06-08 09:03:50.053,7186.0000,477316,178,0.0000,246.0000,212,34,空开,S,7186.0000,0.0000,0.0000,0.0000,0.0000,7188.0000,0.0000,0.0000,0.0000,0.0000,59,0,0,0,0,73,0,0,0,0
zc,TA209,2012-06-08 09:03:50.320,7186.0000,477326,10,0.0000,16.0000,13,3,空开,S,7186.0000,0.0000,0.0000,0.0000,0.0000,7188.0000,0.0000,0.0000,0.0000,0.0000,113,0,0,0,0,81,0,0,0,0
zc,TA209,2012-06-08 09:03:51.070,7188.0000,477516,190,0.0000,264.0000,227,37,多开,B,7188.0000,0.0000,0.0000,0.0000,0.0000,7190.0000,0.0000,0.0000,0.0000,0.0000,11,0,0,0,0,90,0,0,0,0
zc,TA209,2012-06-08 09:03:51.553,7186.0000,477520,4,0.0000,714.0000,359,355,空开,S,7184.0000,0.0000,0.0000,0.0000,0.0000,7186.0000,0.0000,0.0000,0.0000,0.0000,63,0,0,0,0,45,0,0,0,0
zc,TA209,2012-06-08 09:03:52.320,7186.0000,477520,0,0.0000,26.0000,13,13,空换,S,7184.0000,0.0000,0.0000,0.0000,0.0000,7186.0000,0.0000,0.0000,0.0000,0.0000,66,0,0,0,0,144,0,0,0,0
zc,TA209,2012-06-08 09:03:52.820,7182.0000,477740,220,0.0000,556.0000,388,168,空开,S,7182.0000,0.0000,0.0000,0.0000,0.0000,7184.0000,0.0000,0.0000,0.0000,0.0000,92,0,0,0,0,57,0,0,0,0
zc,TA209,2012-06-08 09:03:53.303,7186.0000,477762,22,0.0000,168.0000,95,73,多开,B,7184.0000,0.0000,0.0000,0.0000,0.0000,7186.0000,0.0000,0.0000,0.0000,0.0000,39,0,0,0,0,287,0,0,0,0
zc,TA209,2012-06-08 09:03:54.040,7184.0000,477770,8,0.0000,40.0000,24,16,空开,S,7184.0000,0.0000,0.0000,0.0000,0.0000,7186.0000,0.0000,0.0000,0.0000,0.0000,30,0,0,0,0,199,0,0,0,0
zc,TA209,2012-06-08 09:03:54.570,7186.0000,477912,142,0.0000,188.0000,165,23,多开,B,7184.0000,0.0000,0.0000,0.0000,0.0000,7186.0000,0.0000,0.0000,0.0000,0.0000,17,0,0,0,0,142,0,0,0,0
zc,TA209,2012-06-08 09:03:55.303,7184.0000,478416,504,0.0000,600.0000,552,48,空开,S,7186.0000,0.0000,0.0000,0.0000,0.0000,7188.0000,0.0000,0.0000,0.0000,0.0000,6,0,0,0,0,42,0,0,0,0
zc,TA209,2012-06-08 09:03:55.803,7184.0000,478522,106,0.0000,330.0000,218,112,空开,S,7182.0000,0.0000,0.0000,0.0000,0.0000,7184.0000,0.0000,0.0000,0.0000,0.0000,95,0,0,0,0,93,0,0,0,0
zc,TA209,2012-06-08 09:03:56.273,7184.0000,478556,34,0.0000,44.0000,39,5,空开,S,7182.0000,0.0000,0.0000,0.0000,0.0000,7184.0000,0.0000,0.0000,0.0000,0.0000,91,0,0,0,0,192,0,0,0,0
zc,TA209,2012-06-08 09:03:56.790,7184.0000,478564,8,0.0000,40.0000,24,16,空开,S,7182.0000,0.0000,0.0000,0.0000,0.0000,7184.0000,0.0000,0.0000,0.0000,0.0000,99,0,0,0,0,199,0,0,0,0
zc,TA209,2012-06-08 09:03:57.553,7184.0000,478584,20,0.0000,56.0000,38,18,空开,S,7182.0000,0.0000,0.0000,0.0000,0.0000,7184.0000,0.0000,0.0000,0.0000,0.0000,91,0,0,0,0,195,0,0,0,0
zc,TA209,2012-06-08 09:03:58.087,7184.0000,478666,82,0.0000,132.0000,107,25,空开,S,7182.0000,0.0000,0.0000,0.0000,0.0000,7184.0000,0.0000,0.0000,0.0000,0.0000,40,0,0,0,0,183,0,0,0,0
zc,TA209,2012-06-08 09:03:58.553,7184.0000,478692,26,0.0000,26.0000,26,0,双开,S,7182.0000,0.0000,0.0000,0.0000,0.0000,7184.0000,0.0000,0.0000,0.0000,0.0000,31,0,0,0,0,183,0,0,0,0
zc,TA209,2012-06-08 09:03:59.320,7184.0000,478756,64,0.0000,94.0000,79,15,空开,S,7182.0000,0.0000,0.0000,0.0000,0.0000,7184.0000,0.0000,0.0000,0.0000,0.0000,6,0,0,0,0,181,0,0,0,0
zc,TA209,2012-06-08 09:03:59.820,7182.0000,478768,12,0.0000,32.0000,22,10,空开,S,7180.0000,0.0000,0.0000,0.0000,0.0000,7182.0000,0.0000,0.0000,0.0000,0.0000,1170,0,0,0,0,42,0,0,0,0
zc,TA209,2012-06-08 09:04:00.570,7182.0000,478768,0,0.0000,194.0000,97,97,空换,S,7182.0000,0.0000,0.0000,0.0000,0.0000,7184.0000,0.0000,0.0000,0.0000,0.0000,227,0,0,0,0,163,0,0,0,0
zc,TA209,2012-06-08 09:04:01.053,7182.0000,478790,22,0.0000,130.0000,76,54,空开,S,7182.0000,0.0000,0.0000,0.0000,0.0000,7184.0000,0.0000,0.0000,0.0000,0.0000,308,0,0,0,0,150,0,0,0,0
zc,TA209,2012-06-08 09:04:01.523,7184.0000,478822,32,0.0000,262.0000,147,115,多开,B,7182.0000,0.0000,0.0000,0.0000,0.0000,7184.0000,0.0000,0.0000,0.0000,0.0000,236,0,0,0,0,150,0,0,0,0
zc,TA209,2012-06-08 09:04:02.100,7184.0000,478824,2,0.0000,60.0000,31,29,多开,B,7182.0000,0.0000,0.0000,0.0000,0.0000,7184.0000,0.0000,0.0000,0.0000,0.0000,225,0,0,0,0,163,0,0,0,0
zc,TA209,2012-06-08 09:04:03.053,7182.0000,478816,-8,0.0000,316.0000,154,162,多平,S,7182.0000,0.0000,0.0000,0.0000,0.0000,7184.0000,0.0000,0.0000,0.0000,0.0000,189,0,0,0,0,61,0,0,0,0
zc,TA209,2012-06-08 09:04:03.570,7186.0000,479014,198,0.0000,238.0000,218,20,多开,B,7184.0000,0.0000,0.0000,0.0000,0.0000,7186.0000,0.0000,0.0000,0.0000,0.0000,227,0,0,0,0,124,0,0,0,0
zc,TA209,2012-06-08 09:04:04.303,7184.0000,479106,92,0.0000,98.0000,95,3,空开,S,7184.0000,0.0000,0.0000,0.0000,0.0000,7186.0000,0.0000,0.0000,0.0000,0.0000,208,0,0,0,0,120,0,0,0,0
zc,TA209,2012-06-08 09:04:04.820,7184.0000,479172,66,0.0000,74.0000,70,4,空开,S,7184.0000,0.0000,0.0000,0.0000,0.0000,7186.0000,0.0000,0.0000,0.0000,0.0000,196,0,0,0,0,110,0,0,0,0
zc,TA209,2012-06-08 09:04:05.553,7186.0000,479156,-16,0.0000,302.0000,143,159,空平,B,7184.0000,0.0000,0.0000,0.0000,0.0000,7186.0000,0.0000,0.0000,0.0000,0.0000,164,0,0,0,0,4,0,0,0,0
zc,TA209,2012-06-08 09:04:06.087,7180.0000,478584,-572,0.0000,1044.0000,236,808,多平,S,7180.0000,0.0000,0.0000,0.0000,0.0000,7182.0000,0.0000,0.0000,0.0000,0.0000,1129,0,0,0,0,199,0,0,0,0
zc,TA209,2012-06-08 09:04:06.540,7182.0000,478582,-2,0.0000,28.0000,13,15,空平,B,7180.0000,0.0000,0.0000,0.0000,0.0000,7182.0000,0.0000,0.0000,0.0000,0.0000,1135,0,0,0,0,235,0,0,0,0
zc,TA209,2012-06-08 09:04:07.290,7182.0000,478280,-302,0.0000,312.0000,5,307,空平,B,7180.0000,0.0000,0.0000,0.0000,0.0000,7182.0000,0.0000,0.0000,0.0000,0.0000,1128,0,0,0,0,79,0,0,0,0
zc,TA209,2012-06-08 09:04:07.820,7182.0000,478324,44,0.0000,584.0000,314,270,多开,B,7182.0000,0.0000,0.0000,0.0000,0.0000,7184.0000,0.0000,0.0000,0.0000,0.0000,151,0,0,0,0,10,0,0,0,0
zc,TA209,2012-06-08 09:04:08.540,7184.0000,478334,10,0.0000,264.0000,137,127,多开,B,7182.0000,0.0000,0.0000,0.0000,0.0000,7184.0000,0.0000,0.0000,0.0000,0.0000,157,0,0,0,0,262,0,0,0,0
zc,TA209,2012-06-08 09:04:08.790,7182.0000,478326,-8,0.0000,316.0000,154,162,多平,S,7182.0000,0.0000,0.0000,0.0000,0.0000,7184.0000,0.0000,0.0000,0.0000,0.0000,152,0,0,0,0,117,0,0,0,0
zc,TA209,2012-06-08 09:04:09.523,7182.0000,478372,46,0.0000,86.0000,66,20,空开,S,7182.0000,0.0000,0.0000,0.0000,0.0000,7184.0000,0.0000,0.0000,0.0000,0.0000,116,0,0,0,0,117,0,0,0,0
zc,TA209,2012-06-08 09:04:10.040,7182.0000,478366,-6,0.0000,18.0000,6,12,多平,S,7182.0000,0.0000,0.0000,0.0000,0.0000,7184.0000,0.0000,0.0000,0.0000,0.0000,122,0,0,0,0,168,0,0,0,0
zc,TA209,2012-06-08 09:04:10.820,7182.0000,478334,-32,0.0000,52.0000,10,42,多平,S,7182.0000,0.0000,0.0000,0.0000,0.0000,7184.0000,0.0000,0.0000,0.0000,0.0000,99,0,0,0,0,231,0,0,0,0
zc,TA209,2012-06-08 09:04:11.320,7182.0000,478330,-4,0.0000,30.0000,13,17,多平,S,7182.0000,0.0000,0.0000,0.0000,0.0000,7184.0000,0.0000,0.0000,0.0000,0.0000,90,0,0,0,0,280,0,0,0,0
zc,TA209,2012-06-08 09:04:11.820,7184.0000,478374,44,0.0000,216.0000,130,86,多开,B,7180.0000,0.0000,0.0000,0.0000,0.0000,7182.0000,0.0000,0.0000,0.0000,0.0000,1003,0,0,0,0,12,0,0,0,0
zc,TA209,2012-06-08 09:04:12.553,7180.0000,478370,-4,0.0000,20.0000,8,12,多平,S,7180.0000,0.0000,0.0000,0.0000,0.0000,7182.0000,0.0000,0.0000,0.0000,0.0000,1003,0,0,0,0,70,0,0,0,0
zc,TA209,2012-06-08 09:04:13.087,7182.0000,478440,70,0.0000,196.0000,133,63,多开,B,7182.0000,0.0000,0.0000,0.0000,0.0000,7184.0000,0.0000,0.0000,0.0000,0.0000,12,0,0,0,0,307,0,0,0,0
zc,TA209,2012-06-08 09:04:13.820,7184.0000,478146,-294,0.0000,1176.0000,441,735,空平,B,7180.0000,0.0000,0.0000,0.0000,0.0000,7184.0000,0.0000,0.0000,0.0000,0.0000,701,0,0,0,0,93,0,0,0,0
zc,TA209,2012-06-08 09:04:14.320,7184.0000,478140,-6,0.0000,218.0000,106,112,空平,B,7182.0000,0.0000,0.0000,0.0000,0.0000,7184.0000,0.0000,0.0000,0.0000,0.0000,3,0,0,0,0,4,0,0,0,0
zc,TA209,2012-06-08 09:04:15.053,7182.0000,478140,0,0.0000,26.0000,13,13,空换,S,7180.0000,0.0000,0.0000,0.0000,0.0000,7182.0000,0.0000,0.0000,0.0000,0.0000,657,0,0,0,0,105,0,0,0,0
zc,TA209,2012-06-08 09:04:15.540,7180.0000,478140,0,0.0000,264.0000,132,132,空换,S,7180.0000,0.0000,0.0000,0.0000,0.0000,7182.0000,0.0000,0.0000,0.0000,0.0000,544,0,0,0,0,116,0,0,0,0
zc,TA209,2012-06-08 09:04:16.053,7182.0000,478138,-2,0.0000,162.0000,80,82,空平,B,7180.0000,0.0000,0.0000,0.0000,0.0000,7182.0000,0.0000,0.0000,0.0000,0.0000,637,0,0,0,0,71,0,0,0,0
zc,TA209,2012-06-08 09:04:16.570,7180.0000,478270,132,0.0000,602.0000,367,235,空开,S,7180.0000,0.0000,0.0000,0.0000,0.0000,7182.0000,0.0000,0.0000,0.0000,0.0000,348,0,0,0,0,119,0,0,0,0
zc,TA209,2012-06-08 09:04:17.303,7180.0000,478650,380,0.0000,646.0000,513,133,空开,S,7180.0000,0.0000,0.0000,0.0000,0.0000,7182.0000,0.0000,0.0000,0.0000,0.0000,32,0,0,0,0,133,0,0,0,0
zc,TA209,2012-06-08 09:04:17.820,7180.0000,478686,36,0.0000,36.0000,36,0,双开,S,7180.0000,0.0000,0.0000,0.0000,0.0000,7182.0000,0.0000,0.0000,0.0000,0.0000,24,0,0,0,0,126,0,0,0,0
zc,TA209,2012-06-08 09:04:18.617,7178.0000,478754,68,0.0000,126.0000,97,29,空开,S,7178.0000,0.0000,0.0000,0.0000,0.0000,7180.0000,0.0000,0.0000,0.0000,0.0000,156,0,0,0,0,22,0,0,0,0
zc,TA209,2012-06-08 09:04:19.337,7180.0000,478780,26,0.0000,64.0000,45,19,多开,B,7178.0000,0.0000,0.0000,0.0000,0.0000,7180.0000,0.0000,0.0000,0.0000,0.0000,133,0,0,0,0,118,0,0,0,0
zc,TA209,2012-06-08 09:04:19.540,7178.0000,478992,212,0.0000,236.0000,224,12,空开,S,7178.0000,0.0000,0.0000,0.0000,0.0000,7180.0000,0.0000,0.0000,0.0000,0.0000,17,0,0,0,0,180,0,0,0,0
zc,TA209,2012-06-08 09:04:20.320,7178.0000,479036,44,0.0000,44.0000,44,0,双开,S,7176.0000,0.0000,0.0000,0.0000,0.0000,7178.0000,0.0000,0.0000,0.0000,0.0000,166,0,0,0,0,181,0,0,0,0
zc,TA209,2012-06-08 09:04:20.837,7174.0000,479402,366,0.0000,384.0000,375,9,空开,S,7174.0000,0.0000,0.0000,0.0000,0.0000,7176.0000,0.0000,0.0000,0.0000,0.0000,545,0,0,0,0,20,0,0,0,0
zc,TA209,2012-06-08 09:04:21.820,7176.0000,479368,-34,0.0000,100.0000,33,67,空平,B,7176.0000,0.0000,0.0000,0.0000,0.0000,7178.0000,0.0000,0.0000,0.0000,0.0000,137,0,0,0,0,99,0,0,0,0
zc,TA209,2012-06-08 09:04:22.087,7176.0000,479404,36,0.0000,422.0000,229,193,多开,B,7176.0000,0.0000,0.0000,0.0000,0.0000,7178.0000,0.0000,0.0000,0.0000,0.0000,346,0,0,0,0,9,0,0,0,0
zc,TA209,2012-06-08 09:04:22.867,7180.0000,479476,72,0.0000,150.0000,111,39,多开,B,7178.0000,0.0000,0.0000,0.0000,0.0000,7180.0000,0.0000,0.0000,0.0000,0.0000,12,0,0,0,0,119,0,0,0,0
zc,TA209,2012-06-08 09:04:23.553,7180.0000,479354,-122,0.0000,344.0000,111,233,空平,B,7180.0000,0.0000,0.0000,0.0000,0.0000,7182.0000,0.0000,0.0000,0.0000,0.0000,87,0,0,0,0,144,0,0,0,0
zc,TA209,2012-06-08 09:04:24.367,7182.0000,479670,316,0.0000,420.0000,368,52,多开,B,7182.0000,0.0000,0.0000,0.0000,0.0000,7184.0000,0.0000,0.0000,0.0000,0.0000,51,0,0,0,0,224,0,0,0,0
zc,TA209,2012-06-08 09:04:24.820,7182.0000,479736,66,0.0000,66.0000,66,0,双开,B,7182.0000,0.0000,0.0000,0.0000,0.0000,7184.0000,0.0000,0.0000,0.0000,0.0000,71,0,0,0,0,223,0,0,0,0
zc,TA209,2012-06-08 09:04:25.553,7182.0000,479740,4,0.0000,6.0000,5,1,多开,B,7182.0000,0.0000,0.0000,0.0000,0.0000,7184.0000,0.0000,0.0000,0.0000,0.0000,71,0,0,0,0,221,0,0,0,0
zc,TA209,2012-06-08 09:04:26.070,7182.0000,479772,32,0.0000,126.0000,79,47,多开,B,7182.0000,0.0000,0.0000,0.0000,0.0000,7184.0000,0.0000,0.0000,0.0000,0.0000,68,0,0,0,0,171,0,0,0,0
zc,TA209,2012-06-08 09:04:26.820,7184.0000,479880,108,0.0000,454.0000,281,173,多开,B,7184.0000,0.0000,0.0000,0.0000,0.0000,7186.0000,0.0000,0.0000,0.0000,0.0000,123,0,0,0,0,92,0,0,0,0
zc,TA209,2012-06-08 09:04:27.337,7184.0000,480042,162,0.0000,318.0000,240,78,多开,B,7184.0000,0.0000,0.0000,0.0000,0.0000,7186.0000,0.0000,0.0000,0.0000,0.0000,15,0,0,0,0,84,0,0,0,0
zc,TA209,2012-06-08 09:04:28.053,7184.0000,480050,8,0.0000,62.0000,35,27,多开,B,7182.0000,0.0000,0.0000,0.0000,0.0000,7186.0000,0.0000,0.0000,0.0000,0.0000,150,0,0,0,0,74,0,0,0,0
zc,TA209,2012-06-08 09:04:28.570,7184.0000,480062,12,0.0000,28.0000,20,8,多开,B,7184.0000,0.0000,0.0000,0.0000,0.0000,7186.0000,0.0000,0.0000,0.0000,0.0000,2,0,0,0,0,68,0,0,0,0
zc,TA209,2012-06-08 09:04:29.820,7186.0000,480066,4,0.0000,132.0000,68,64,多开,B,7184.0000,0.0000,0.0000,0.0000,0.0000,7186.0000,0.0000,0.0000,0.0000,0.0000,49,0,0,0,0,52,0,0,0,0
zc,TA209,2012-06-08 09:04:30.570,7184.0000,480094,28,0.0000,254.0000,141,113,空开,S,7184.0000,0.0000,0.0000,0.0000,0.0000,7188.0000,0.0000,0.0000,0.0000,0.0000,10,0,0,0,0,40,0,0,0,0
zc,TA209,2012-06-08 09:04:31.133,7184.0000,480094,0,0.0000,32.0000,16,16,空换,S,7186.0000,0.0000,0.0000,0.0000,0.0000,7188.0000,0.0000,0.0000,0.0000,0.0000,2,0,0,0,0,40,0,0,0,0
zc,TA209,2012-06-08 09:04:31.790,7186.0000,480100,6,0.0000,36.0000,21,15,多开,B,7186.0000,0.0000,0.0000,0.0000,0.0000,7188.0000,0.0000,0.0000,0.0000,0.0000,13,0,0,0,0,35,0,0,0,0
zc,TA209,2012-06-08 09:04:32.273,7188.0000,480076,-24,0.0000,78.0000,27,51,空平,B,7186.0000,0.0000,0.0000,0.0000,0.0000,7188.0000,0.0000,0.0000,0.0000,0.0000,71,0,0,0,0,17,0,0,0,0
zc,TA209,2012-06-08 09:04:32.820,7190.0000,480020,-56,0.0000,216.0000,80,136,空平,B,7188.0000,0.0000,0.0000,0.0000,0.0000,7190.0000,0.0000,0.0000,0.0000,0.0000,1,0,0,0,0,9,0,0,0,0
zc,TA209,2012-06-08 09:04:33.587,7190.0000,480018,-2,0.0000,30.0000,14,16,空平,B,7190.0000,0.0000,0.0000,0.0000,0.0000,7192.0000,0.0000,0.0000,0.0000,0.0000,10,0,0,0,0,541,0,0,0,0
zc,TA209,2012-06-08 09:04:34.053,7190.0000,480008,-10,0.0000,18.0000,4,14,空平,B,7190.0000,0.0000,0.0000,0.0000,0.0000,7192.0000,0.0000,0.0000,0.0000,0.0000,15,0,0,0,0,536,0,0,0,0
zc,TA209,2012-06-08 09:04:34.790,7192.0000,479898,-110,0.0000,364.0000,127,237,空平,B,7190.0000,0.0000,0.0000,0.0000,0.0000,7192.0000,0.0000,0.0000,0.0000,0.0000,21,0,0,0,0,424,0,0,0,0
zc,TA209,2012-06-08 09:04:35.273,7190.0000,479882,-16,0.0000,68.0000,26,42,多平,S,7190.0000,0.0000,0.0000,0.0000,0.0000,7192.0000,0.0000,0.0000,0.0000,0.0000,8,0,0,0,0,407,0,0,0,0
zc,TA209,2012-06-08 09:04:36.053,7192.0000,479884,2,0.0000,68.0000,35,33,多开,B,7188.0000,0.0000,0.0000,0.0000,0.0000,7192.0000,0.0000,0.0000,0.0000,0.0000,23,0,0,0,0,396,0,0,0,0
zc,TA209,2012-06-08 09:04:36.303,7190.0000,479904,20,0.0000,46.0000,33,13,空开,S,7190.0000,0.0000,0.0000,0.0000,0.0000,7192.0000,0.0000,0.0000,0.0000,0.0000,37,0,0,0,0,385,0,0,0,0
zc,TA209,2012-06-08 09:04:37.040,7192.0000,479886,-18,0.0000,42.0000,12,30,空平,B,7190.0000,0.0000,0.0000,0.0000,0.0000,7192.0000,0.0000,0.0000,0.0000,0.0000,22,0,0,0,0,381,0,0,0,0
zc,TA209,2012-06-08 09:04:37.773,7192.0000,479842,-44,0.0000,184.0000,70,114,空平,B,7190.0000,0.0000,0.0000,0.0000,0.0000,7192.0000,0.0000,0.0000,0.0000,0.0000,14,0,0,0,0,342,0,0,0,0
zc,TA209,2012-06-08 09:04:38.040,7192.0000,479844,2,0.0000,8.0000,5,3,多开,B,7190.0000,0.0000,0.0000,0.0000,0.0000,7192.0000,0.0000,0.0000,0.0000,0.0000,22,0,0,0,0,341,0,0,0,0
zc,TA209,2012-06-08 09:04:38.757,7192.0000,479880,36,0.0000,100.0000,68,32,多开,B,7190.0000,0.0000,0.0000,0.0000,0.0000,7192.0000,0.0000,0.0000,0.0000,0.0000,18,0,0,0,0,292,0,0,0,0
zc,TA209,2012-06-08 09:04:39.290,7192.0000,479914,34,0.0000,70.0000,52,18,多开,B,7190.0000,0.0000,0.0000,0.0000,0.0000,7192.0000,0.0000,0.0000,0.0000,0.0000,6,0,0,0,0,270,0,0,0,0
zc,TA209,2012-06-08 09:04:39.803,7190.0000,479928,14,0.0000,16.0000,15,1,空开,S,7188.0000,0.0000,0.0000,0.0000,0.0000,7190.0000,0.0000,0.0000,0.0000,0.0000,17,0,0,0,0,196,0,0,0,0
zc,TA209,2012-06-08 09:04:40.540,7186.0000,479976,48,0.0000,342.0000,195,147,空开,S,7186.0000,0.0000,0.0000,0.0000,0.0000,7190.0000,0.0000,0.0000,0.0000,0.0000,33,0,0,0,0,159,0,0,0,0
zc,TA209,2012-06-08 09:04:41.053,7190.0000,479976,0,0.0000,14.0000,7,7,多换,B,7188.0000,0.0000,0.0000,0.0000,0.0000,7190.0000,0.0000,0.0000,0.0000,0.0000,31,0,0,0,0,197,0,0,0,0
zc,TA209,2012-06-08 09:04:41.540,7188.0000,479976,0,0.0000,4.0000,2,2,空换,S,7188.0000,0.0000,0.0000,0.0000,0.0000,7190.0000,0.0000,0.0000,0.0000,0.0000,62,0,0,0,0,197,0,0,0,0
zc,TA209,2012-06-08 09:04:42.023,7188.0000,480042,66,0.0000,78.0000,72,6,空开,S,7188.0000,0.0000,0.0000,0.0000,0.0000,7190.0000,0.0000,0.0000,0.0000,0.0000,62,0,0,0,0,171,0,0,0,0
zc,TA209,2012-06-08 09:04:42.773,7190.0000,480048,6,0.0000,10.0000,8,2,多开,B,7188.0000,0.0000,0.0000,0.0000,0.0000,7190.0000,0.0000,0.0000,0.0000,0.0000,64,0,0,0,0,166,0,0,0,0
zc,TA209,2012-06-08 09:04:43.257,7190.0000,480048,0,0.0000,4.0000,2,2,多换,B,7188.0000,0.0000,0.0000,0.0000,0.0000,7190.0000,0.0000,0.0000,0.0000,0.0000,70,0,0,0,0,176,0,0,0,0
zc,TA209,2012-06-08 09:04:43.790,7188.0000,480086,38,0.0000,162.0000,100,62,空开,S,7186.0000,0.0000,0.0000,0.0000,0.0000,7188.0000,0.0000,0.0000,0.0000,0.0000,28,0,0,0,0,35,0,0,0,0
zc,TA209,2012-06-08 09:04:44.523,7188.0000,480114,28,0.0000,48.0000,38,10,空开,S,7186.0000,0.0000,0.0000,0.0000,0.0000,7188.0000,0.0000,0.0000,0.0000,0.0000,28,0,0,0,0,25,0,0,0,0
zc,TA209,2012-06-08 09:04:45.070,7188.0000,480124,10,0.0000,18.0000,14,4,空开,S,7186.0000,0.0000,0.0000,0.0000,0.0000,7188.0000,0.0000,0.0000,0.0000,0.0000,33,0,0,0,0,61,0,0,0,0
zc,TA209,2012-06-08 09:04:45.553,7188.0000,480154,30,0.0000,30.0000,30,0,双开,S,7186.0000,0.0000,0.0000,0.0000,0.0000,7188.0000,0.0000,0.0000,0.0000,0.0000,70,0,0,0,0,66,0,0,0,0
zc,TA209,2012-06-08 09:04:46.290,7188.0000,480154,0,0.0000,0.0000,0,0,空换,S,7186.0000,0.0000,0.0000,0.0000,0.0000,7188.0000,0.0000,0.0000,0.0000,0.0000,80,0,0,0,0,67,0,0,0,0
zc,TA209,2012-06-08 09:04:46.850,7186.0000,480214,60,0.0000,66.0000,63,3,空开,S,7186.0000,0.0000,0.0000,0.0000,0.0000,7188.0000,0.0000,0.0000,0.0000,0.0000,79,0,0,0,0,36,0,0,0,0
zc,TA209,2012-06-08 09:04:47.273,7186.0000,480240,26,0.0000,64.0000,45,19,空开,S,7186.0000,0.0000,0.0000,0.0000,0.0000,7188.0000,0.0000,0.0000,0.0000,0.0000,69,0,0,0,0,84,0,0,0,0
zc,TA209,2012-06-08 09:04:47.790,7188.0000,480242,2,0.0000,8.0000,5,3,多开,B,7186.0000,0.0000,0.0000,0.0000,0.0000,7188.0000,0.0000,0.0000,0.0000,0.0000,67,0,0,0,0,81,0,0,0,0
zc,TA209,2012-06-08 09:04:48.540,7188.0000,480242,0,0.0000,8.0000,4,4,多换,B,7186.0000,0.0000,0.0000,0.0000,0.0000,7188.0000,0.0000,0.0000,0.0000,0.0000,66,0,0,0,0,91,0,0,0,0
zc,TA209,2012-06-08 09:04:49.040,7188.0000,480230,-12,0.0000,192.0000,90,102,空平,B,7188.0000,0.0000,0.0000,0.0000,0.0000,7190.0000,0.0000,0.0000,0.0000,0.0000,11,0,0,0,0,192,0,0,0,0
zc,TA209,2012-06-08 09:04:49.540,7186.0000,480272,42,0.0000,88.0000,65,23,空开,S,7188.0000,0.0000,0.0000,0.0000,0.0000,7190.0000,0.0000,0.0000,0.0000,0.0000,51,0,0,0,0,197,0,0,0,0
zc,TA209,2012-06-08 09:04:50.303,7186.0000,480272,0,0.0000,106.0000,53,53,空换,S,7184.0000,0.0000,0.0000,0.0000,0.0000,7186.0000,0.0000,0.0000,0.0000,0.0000,52,0,0,0,0,448,0,0,0,0
zc,TA209,2012-06-08 09:04:50.803,7186.0000,480390,118,0.0000,118.0000,118,0,双开,S,7184.0000,0.0000,0.0000,0.0000,0.0000,7186.0000,0.0000,0.0000,0.0000,0.0000,52,0,0,0,0,397,0,0,0,0
zc,TA209,2012-06-08 09:04:51.320,7182.0000,480240,-150,0.0000,518.0000,184,334,多平,S,7182.0000,0.0000,0.0000,0.0000,0.0000,7186.0000,0.0000,0.0000,0.0000,0.0000,323,0,0,0,0,320,0,0,0,0
zc,TA209,2012-06-08 09:04:52.100,7186.0000,480242,2,0.0000,2.0000,2,0,双开,B,7182.0000,0.0000,0.0000,0.0000,0.0000,7184.0000,0.0000,0.0000,0.0000,0.0000,329,0,0,0,0,2,0,0,0,0
zc,TA209,2012-06-08 09:04:52.540,7184.0000,480248,6,0.0000,6.0000,6,0,双开,S,7182.0000,0.0000,0.0000,0.0000,0.0000,7186.0000,0.0000,0.0000,0.0000,0.0000,327,0,0,0,0,319,0,0,0,0
zc,TA209,2012-06-08 09:04:53.053,7186.0000,480248,0,0.0000,10.0000,5,5,多换,B,7184.0000,0.0000,0.0000,0.0000,0.0000,7186.0000,0.0000,0.0000,0.0000,0.0000,41,0,0,0,0,316,0,0,0,0
zc,TA209,2012-06-08 09:04:53.773,7186.0000,480254,6,0.0000,14.0000,10,4,多开,B,7184.0000,0.0000,0.0000,0.0000,0.0000,7186.0000,0.0000,0.0000,0.0000,0.0000,38,0,0,0,0,314,0,0,0,0
zc,TA209,2012-06-08 09:04:54.257,7184.0000,480252,-2,0.0000,2.0000,0,2,双平,S,7184.0000,0.0000,0.0000,0.0000,0.0000,7186.0000,0.0000,0.0000,0.0000,0.0000,103,0,0,0,0,314,0,0,0,0
zc,TA209,2012-06-08 09:04:54.773,7184.0000,480252,0,0.0000,4.0000,2,2,空换,S,7184.0000,0.0000,0.0000,0.0000,0.0000,7186.0000,0.0000,0.0000,0.0000,0.0000,111,0,0,0,0,334,0,0,0,0
zc,TA209,2012-06-08 09:04:55.290,7184.0000,480254,2,0.0000,14.0000,8,6,空开,S,7184.0000,0.0000,0.0000,0.0000,0.0000,7186.0000,0.0000,0.0000,0.0000,0.0000,108,0,0,0,0,334,0,0,0,0
zc,TA209,2012-06-08 09:04:56.040,7186.0000,480260,6,0.0000,12.0000,9,3,多开,B,7184.0000,0.0000,0.0000,0.0000,0.0000,7186.0000,0.0000,0.0000,0.0000,0.0000,115,0,0,0,0,333,0,0,0,0
zc,TA209,2012-06-08 09:04:56.290,7186.0000,480260,0,0.0000,0.0000,0,0,多换,B,7184.0000,0.0000,0.0000,0.0000,0.0000,7186.0000,0.0000,0.0000,0.0000,0.0000,142,0,0,0,0,333,0,0,0,0
zc,TA209,2012-06-08 09:04:57.053,7184.0000,480260,0,0.0000,6.0000,3,3,空换,S,7184.0000,0.0000,0.0000,0.0000,0.0000,7186.0000,0.0000,0.0000,0.0000,0.0000,146,0,0,0,0,332,0,0,0,0
zc,TA209,2012-06-08 09:04:57.790,7186.0000,480266,6,0.0000,150.0000,78,72,多开,B,7184.0000,0.0000,0.0000,0.0000,0.0000,7186.0000,0.0000,0.0000,0.0000,0.0000,145,0,0,0,0,260,0,0,0,0
zc,TA209,2012-06-08 09:04:58.303,7186.0000,480268,2,0.0000,6.0000,4,2,多开,B,7184.0000,0.0000,0.0000,0.0000,0.0000,7186.0000,0.0000,0.0000,0.0000,0.0000,135,0,0,0,0,262,0,0,0,0
zc,TA209,2012-06-08 09:04:58.790,7186.0000,480340,72,0.0000,172.0000,122,50,多开,B,7184.0000,0.0000,0.0000,0.0000,0.0000,7186.0000,0.0000,0.0000,0.0000,0.0000,86,0,0,0,0,263,0,0,0,0
zc,TA209,2012-06-08 09:04:59.553,7186.0000,480346,6,0.0000,18.0000,12,6,多开,B,7184.0000,0.0000,0.0000,0.0000,0.0000,7186.0000,0.0000,0.0000,0.0000,0.0000,92,0,0,0,0,292,0,0,0,0
zc,TA209,2012-06-08 09:05:00.053,7184.0000,480394,48,0.0000,134.0000,91,43,空开,S,7184.0000,0.0000,0.0000,0.0000,0.0000,7186.0000,0.0000,0.0000,0.0000,0.0000,32,0,0,0,0,293,0,0,0,0
zc,TA209,2012-06-08 09:05:00.570,7184.0000,480442,48,0.0000,100.0000,74,26,空开,S,7182.0000,0.0000,0.0000,0.0000,0.0000,7184.0000,0.0000,0.0000,0.0000,0.0000,354,0,0,0,0,259,0,0,0,0
zc,TA209,2012-06-08 09:05:01.290,7184.0000,480470,28,0.0000,28.0000,28,0,双开,S,7182.0000,0.0000,0.0000,0.0000,0.0000,7184.0000,0.0000,0.0000,0.0000,0.0000,345,0,0,0,0,304,0,0,0,0
zc,TA209,2012-06-08 09:05:01.803,7184.0000,480490,20,0.0000,20.0000,20,0,双开,S,7182.0000,0.0000,0.0000,0.0000,0.0000,7184.0000,0.0000,0.0000,0.0000,0.0000,349,0,0,0,0,311,0,0,0,0
zc,TA209,2012-06-08 09:05:02.540,7184.0000,480546,56,0.0000,146.0000,101,45,空开,S,7182.0000,0.0000,0.0000,0.0000,0.0000,7184.0000,0.0000,0.0000,0.0000,0.0000,324,0,0,0,0,186,0,0,0,0
zc,TA209,2012-06-08 09:05:03.273,7184.0000,480632,86,0.0000,94.0000,90,4,空开,S,7182.0000,0.0000,0.0000,0.0000,0.0000,7184.0000,0.0000,0.0000,0.0000,0.0000,294,0,0,0,0,184,0,0,0,0
zc,TA209,2012-06-08 09:05:03.523,7184.0000,480658,26,0.0000,34.0000,30,4,空开,S,7182.0000,0.0000,0.0000,0.0000,0.0000,7184.0000,0.0000,0.0000,0.0000,0.0000,294,0,0,0,0,169,0,0,0,0
zc,TA209,2012-06-08 09:05:04.257,7184.0000,480688,30,0.0000,30.0000,30,0,双开,S,7182.0000,0.0000,0.0000,0.0000,0.0000,7184.0000,0.0000,0.0000,0.0000,0.0000,289,0,0,0,0,163,0,0,0,0
zc,TA209,2012-06-08 09:05:05.040,7182.0000,480716,28,0.0000,34.0000,31,3,空开,S,7182.0000,0.0000,0.0000,0.0000,0.0000,7184.0000,0.0000,0.0000,0.0000,0.0000,291,0,0,0,0,150,0,0,0,0
zc,TA209,2012-06-08 09:05:05.290,7184.0000,480716,0,0.0000,42.0000,21,21,多换,B,7182.0000,0.0000,0.0000,0.0000,0.0000,7184.0000,0.0000,0.0000,0.0000,0.0000,292,0,0,0,0,138,0,0,0,0
zc,TA209,2012-06-08 09:05:06.070,7182.0000,480754,38,0.0000,44.0000,41,3,空开,S,7182.0000,0.0000,0.0000,0.0000,0.0000,7184.0000,0.0000,0.0000,0.0000,0.0000,274,0,0,0,0,138,0,0,0,0
zc,TA209,2012-06-08 09:05:06.803,7186.0000,481314,560,0.0000,1348.0000,954,394,多开,B,7184.0000,0.0000,0.0000,0.0000,0.0000,7186.0000,0.0000,0.0000,0.0000,0.0000,30,0,0,0,0,114,0,0,0,0
zc,TA209,2012-06-08 09:05:07.273,7182.0000,481510,196,0.0000,196.0000,196,0,双开,S,7180.0000,0.0000,0.0000,0.0000,0.0000,7182.0000,0.0000,0.0000,0.0000,0.0000,3,0,0,0,0,121,0,0,0,0
zc,TA209,2012-06-08 09:05:07.803,7180.0000,481466,-44,0.0000,56.0000,6,50,多平,S,7178.0000,0.0000,0.0000,0.0000,0.0000,7180.0000,0.0000,0.0000,0.0000,0.0000,72,0,0,0,0,71,0,0,0,0
zc,TA209,2012-06-08 09:05:08.570,7180.0000,481456,-10,0.0000,36.0000,13,23,多平,S,7178.0000,0.0000,0.0000,0.0000,0.0000,7180.0000,0.0000,0.0000,0.0000,0.0000,186,0,0,0,0,63,0,0,0,0
zc,TA209,2012-06-08 09:05:09.273,7180.0000,481600,144,0.0000,194.0000,169,25,空开,S,7178.0000,0.0000,0.0000,0.0000,0.0000,7180.0000,0.0000,0.0000,0.0000,0.0000,158,0,0,0,0,69,0,0,0,0
zc,TA209,2012-06-08 09:05:09.790,7178.0000,481636,36,0.0000,88.0000,62,26,空开,S,7178.0000,0.0000,0.0000,0.0000,0.0000,7180.0000,0.0000,0.0000,0.0000,0.0000,127,0,0,0,0,37,0,0,0,0
zc,TA209,2012-06-08 09:05:10.290,7180.0000,481682,46,0.0000,150.0000,98,52,多开,B,7178.0000,0.0000,0.0000,0.0000,0.0000,7180.0000,0.0000,0.0000,0.0000,0.0000,66,0,0,0,0,25,0,0,0,0
zc,TA209,2012-06-08 09:05:11.087,7180.0000,481776,94,0.0000,264.0000,179,85,多开,B,7180.0000,0.0000,0.0000,0.0000,0.0000,7182.0000,0.0000,0.0000,0.0000,0.0000,9,0,0,0,0,192,0,0,0,0
zc,TA209,2012-06-08 09:05:11.523,7178.0000,481898,122,0.0000,394.0000,258,136,空开,S,7174.0000,0.0000,0.0000,0.0000,0.0000,7182.0000,0.0000,0.0000,0.0000,0.0000,86,0,0,0,0,192,0,0,0,0
zc,TA209,2012-06-08 09:05:12.290,7174.0000,481946,48,0.0000,48.0000,48,0,双开,S,7174.0000,0.0000,0.0000,0.0000,0.0000,7178.0000,0.0000,0.0000,0.0000,0.0000,64,0,0,0,0,4,0,0,0,0
zc,TA209,2012-06-08 09:05:12.803,7174.0000,481992,46,0.0000,94.0000,70,24,空开,S,7174.0000,0.0000,0.0000,0.0000,0.0000,7178.0000,0.0000,0.0000,0.0000,0.0000,42,0,0,0,0,31,0,0,0,0
zc,TA209,2012-06-08 09:05:13.570,7174.0000,481970,-22,0.0000,26.0000,2,24,多平,S,7174.0000,0.0000,0.0000,0.0000,0.0000,7176.0000,0.0000,0.0000,0.0000,0.0000,79,0,0,0,0,1,0,0,0,0
zc,TA209,2012-06-08 09:05:14.053,7174.0000,482052,82,0.0000,294.0000,188,106,空开,S,7174.0000,0.0000,0.0000,0.0000,0.0000,7178.0000,0.0000,0.0000,0.0000,0.0000,28,0,0,0,0,50,0,0,0,0
zc,TA209,2012-06-08 09:05:14.773,7174.0000,482024,-28,0.0000,38.0000,5,33,多平,S,7176.0000,0.0000,0.0000,0.0000,0.0000,7178.0000,0.0000,0.0000,0.0000,0.0000,1,0,0,0,0,120,0,0,0,0
zc,TA209,2012-06-08 09:05:15.320,7178.0000,482004,-20,0.0000,64.0000,22,42,空平,B,7174.0000,0.0000,0.0000,0.0000,0.0000,7178.0000,0.0000,0.0000,0.0000,0.0000,27,0,0,0,0,36,0,0,0,0
zc,TA209,2012-06-08 09:05:16.070,7176.0000,482018,14,0.0000,232.0000,123,109,空开,S,7174.0000,0.0000,0.0000,0.0000,0.0000,7176.0000,0.0000,0.0000,0.0000,0.0000,20,0,0,0,0,58,0,0,0,0
zc,TA209,2012-06-08 09:05:16.540,7172.0000,482036,18,0.0000,62.0000,40,22,空开,S,7172.0000,0.0000,0.0000,0.0000,0.0000,7174.0000,0.0000,0.0000,0.0000,0.0000,190,0,0,0,0,16,0,0,0,0
zc,TA209,2012-06-08 09:05:17.303,7174.0000,482120,84,0.0000,190.0000,137,53,多开,B,7172.0000,0.0000,0.0000,0.0000,0.0000,7174.0000,0.0000,0.0000,0.0000,0.0000,134,0,0,0,0,20,0,0,0,0
zc,TA209,2012-06-08 09:05:18.070,7174.0000,482164,44,0.0000,130.0000,87,43,多开,B,7174.0000,0.0000,0.0000,0.0000,0.0000,7176.0000,0.0000,0.0000,0.0000,0.0000,2,0,0,0,0,39,0,0,0,0
zc,TA209,2012-06-08 09:05:18.803,7174.0000,482196,32,0.0000,34.0000,33,1,多开,B,7172.0000,0.0000,0.0000,0.0000,0.0000,7174.0000,0.0000,0.0000,0.0000,0.0000,157,0,0,0,0,19,0,0,0,0
zc,TA209,2012-06-08 09:05:19.290,7174.0000,482362,166,0.0000,438.0000,302,136,多开,B,7172.0000,0.0000,0.0000,0.0000,0.0000,7174.0000,0.0000,0.0000,0.0000,0.0000,191,0,0,0,0,628,0,0,0,0
zc,TA209,2012-06-08 09:05:19.803,7172.0000,482668,306,0.0000,464.0000,385,79,空开,S,7170.0000,0.0000,0.0000,0.0000,0.0000,7172.0000,0.0000,0.0000,0.0000,0.0000,959,0,0,0,0,175,0,0,0,0
zc,TA209,2012-06-08 09:05:20.523,7172.0000,482754,86,0.0000,338.0000,212,126,空开,S,7170.0000,0.0000,0.0000,0.0000,0.0000,7172.0000,0.0000,0.0000,0.0000,0.0000,826,0,0,0,0,204,0,0,0,0
zc,TA209,2012-06-08 09:05:21.303,7172.0000,482780,26,0.0000,110.0000,68,42,空开,S,7170.0000,0.0000,0.0000,0.0000,0.0000,7172.0000,0.0000,0.0000,0.0000,0.0000,808,0,0,0,0,184,0,0,0,0
zc,TA209,2012-06-08 09:05:21.773,7170.0000,482756,-24,0.0000,458.0000,217,241,多平,S,7170.0000,0.0000,0.0000,0.0000,0.0000,7172.0000,0.0000,0.0000,0.0000,0.0000,587,0,0,0,0,168,0,0,0,0
zc,TA209,2012-06-08 09:05:22.553,7170.0000,482698,-58,0.0000,242.0000,92,150,多平,S,7170.0000,0.0000,0.0000,0.0000,0.0000,7172.0000,0.0000,0.0000,0.0000,0.0000,471,0,0,0,0,170,0,0,0,0
zc,TA209,2012-06-08 09:05:23.007,7170.0000,482794,96,0.0000,554.0000,325,229,空开,S,7170.0000,0.0000,0.0000,0.0000,0.0000,7172.0000,0.0000,0.0000,0.0000,0.0000,202,0,0,0,0,103,0,0,0,0
zc,TA209,2012-06-08 09:05:23.820,7174.0000,483228,434,0.0000,906.0000,670,236,多开,B,7168.0000,0.0000,0.0000,0.0000,0.0000,7170.0000,0.0000,0.0000,0.0000,0.0000,458,0,0,0,0,3,0,0,0,0
zc,TA209,2012-06-08 09:05:24.553,7170.0000,483198,-30,0.0000,146.0000,58,88,多平,S,7170.0000,0.0000,0.0000,0.0000,0.0000,7172.0000,0.0000,0.0000,0.0000,0.0000,64,0,0,0,0,56,0,0,0,0
zc,TA209,2012-06-08 09:05:25.040,7172.0000,483198,0,0.0000,134.0000,67,67,多换,B,7172.0000,0.0000,0.0000,0.0000,0.0000,7174.0000,0.0000,0.0000,0.0000,0.0000,250,0,0,0,0,586,0,0,0,0
zc,TA209,2012-06-08 09:05:25.773,7174.0000,483186,-12,0.0000,34.0000,11,23,空平,B,7172.0000,0.0000,0.0000,0.0000,0.0000,7174.0000,0.0000,0.0000,0.0000,0.0000,328,0,0,0,0,583,0,0,0,0
zc,TA209,2012-06-08 09:05:26.320,7174.0000,482876,-310,0.0000,426.0000,58,368,空平,B,7172.0000,0.0000,0.0000,0.0000,0.0000,7174.0000,0.0000,0.0000,0.0000,0.0000,329,0,0,0,0,450,0,0,0,0
zc,TA209,2012-06-08 09:05:27.087,7174.0000,482826,-50,0.0000,210.0000,80,130,空平,B,7172.0000,0.0000,0.0000,0.0000,0.0000,7174.0000,0.0000,0.0000,0.0000,0.0000,288,0,0,0,0,364,0,0,0,0
