市场代码,合约代码,时间,最新,持仓,增仓,成交额,成交量,开仓,平仓,成交类型,方向,买一价,买二价,买三价,买四价,买五价,卖一价,卖二价,卖三价,卖四价,卖五价,买一量,买二量,买三量,买四量,买五量,卖一量,卖二量,卖三量,卖四量,卖五量
zc,WS209,2012-06-08 08:02:29.553,0.0000,234200,0,0.0000,0.0000,0,0,空换,S,0.0000,0.0000,0.0000,0.0000,0.0000,0.0000,0.0000,0.0000,0.0000,0.0000,0,0,0,0,0,0,0,0,0,0
zc,WS209,2012-06-08 08:09:29.540,0.0000,234200,0,0.0000,0.0000,0,0,空换,S,0.0000,0.0000,0.0000,0.0000,0.0000,0.0000,0.0000,0.0000,0.0000,0.0000,0,0,0,0,0,0,0,0,0,0
zc,WS209,2012-06-08 08:29:29.523,0.0000,234200,0,0.0000,0.0000,0,0,空换,S,0.0000,0.0000,0.0000,0.0000,0.0000,0.0000,0.0000,0.0000,0.0000,0.0000,0,0,0,0,0,0,0,0,0,0
zc,WS209,2012-06-08 08:32:29.523,0.0000,234200,0,0.0000,0.0000,0,0,空换,S,0.0000,0.0000,0.0000,0.0000,0.0000,0.0000,0.0000,0.0000,0.0000,0.0000,0,0,0,0,0,0,0,0,0,0
zc,WS209,2012-06-08 08:38:29.507,0.0000,234200,0,0.0000,0.0000,0,0,空换,S,0.0000,0.0000,0.0000,0.0000,0.0000,0.0000,0.0000,0.0000,0.0000,0.0000,0,0,0,0,0,0,0,0,0,0
zc,WS209,2012-06-08 08:42:29.507,0.0000,234200,0,0.0000,0.0000,0,0,空换,S,0.0000,0.0000,0.0000,0.0000,0.0000,0.0000,0.0000,0.0000,0.0000,0.0000,0,0,0,0,0,0,0,0,0,0
zc,WS209,2012-06-08 08:47:29.507,0.0000,234200,0,0.0000,0.0000,0,0,空换,S,0.0000,0.0000,0.0000,0.0000,0.0000,0.0000,0.0000,0.0000,0.0000,0.0000,0,0,0,0,0,0,0,0,0,0
zc,WS209,2012-06-08 08:49:29.507,0.0000,234200,0,0.0000,0.0000,0,0,空换,S,0.0000,0.0000,0.0000,0.0000,0.0000,0.0000,0.0000,0.0000,0.0000,0.0000,0,0,0,0,0,0,0,0,0,0
zc,WS209,2012-06-08 08:55:02.540,0.0000,234200,0,0.0000,0.0000,0,0,空换,S,0.0000,0.0000,0.0000,0.0000,0.0000,0.0000,0.0000,0.0000,0.0000,0.0000,0,0,0,0,0,0,0,0,0,0
zc,WS209,2012-06-08 08:55:41.757,0.0000,234200,0,0.0000,0.0000,0,0,空换,S,0.0000,0.0000,0.0000,0.0000,0.0000,0.0000,0.0000,0.0000,0.0000,0.0000,0,0,0,0,0,0,0,0,0,0
zc,WS209,2012-06-08 08:56:11.993,0.0000,234200,0,0.0000,0.0000,0,0,空换,S,0.0000,0.0000,0.0000,0.0000,0.0000,0.0000,0.0000,0.0000,0.0000,0.0000,0,0,0,0,0,0,0,0,0,0
zc,WS209,2012-06-08 08:56:16.243,0.0000,234200,0,0.0000,0.0000,0,0,空换,S,0.0000,0.0000,0.0000,0.0000,0.0000,0.0000,0.0000,0.0000,0.0000,0.0000,0,0,0,0,0,0,0,0,0,0
zc,WS209,2012-06-08 08:56:55.227,0.0000,234200,0,0.0000,0.0000,0,0,空换,S,0.0000,0.0000,0.0000,0.0000,0.0000,0.0000,0.0000,0.0000,0.0000,0.0000,0,0,0,0,0,0,0,0,0,0
zc,WS209,2012-06-08 08:57:44.493,0.0000,234200,0,0.0000,0.0000,0,0,空换,S,0.0000,0.0000,0.0000,0.0000,0.0000,0.0000,0.0000,0.0000,0.0000,0.0000,0,0,0,0,0,0,0,0,0,0
zc,WS209,2012-06-08 08:57:48.757,0.0000,234200,0,0.0000,0.0000,0,0,空换,S,0.0000,0.0000,0.0000,0.0000,0.0000,0.0000,0.0000,0.0000,0.0000,0.0000,0,0,0,0,0,0,0,0,0,0
zc,WS209,2012-06-08 08:57:59.493,0.0000,234200,0,0.0000,0.0000,0,0,空换,S,0.0000,0.0000,0.0000,0.0000,0.0000,0.0000,0.0000,0.0000,0.0000,0.0000,0,0,0,0,0,0,0,0,0,0
zc,WS209,2012-06-08 08:58:02.227,0.0000,234200,0,0.0000,0.0000,0,0,空换,S,0.0000,0.0000,0.0000,0.0000,0.0000,0.0000,0.0000,0.0000,0.0000,0.0000,0,0,0,0,0,0,0,0,0,0
zc,WS209,2012-06-08 08:58:14.727,0.0000,234200,0,0.0000,0.0000,0,0,空换,S,0.0000,0.0000,0.0000,0.0000,0.0000,0.0000,0.0000,0.0000,0.0000,0.0000,0,0,0,0,0,0,0,0,0,0
zc,WS209,2012-06-08 08:58:29.507,0.0000,234200,0,0.0000,0.0000,0,0,空换,S,0.0000,0.0000,0.0000,0.0000,0.0000,0.0000,0.0000,0.0000,0.0000,0.0000,0,0,0,0,0,0,0,0,0,0
zc,WS209,2012-06-08 08:58:38.243,0.0000,234200,0,0.0000,0.0000,0,0,空换,S,0.0000,0.0000,0.0000,0.0000,0.0000,0.0000,0.0000,0.0000,0.0000,0.0000,0,0,0,0,0,0,0,0,0,0
zc,WS209,2012-06-08 08:58:51.993,0.0000,234200,0,0.0000,0.0000,0,0,空换,S,0.0000,0.0000,0.0000,0.0000,0.0000,0.0000,0.0000,0.0000,0.0000,0.0000,0,0,0,0,0,0,0,0,0,0
zc,WS209,2012-06-08 09:00:01.710,2427.0000,234294,94,0.0000,172.0000,133,39,多开,B,2426.0000,0.0000,0.0000,0.0000,0.0000,2428.0000,0.0000,0.0000,0.0000,0.0000,4,0,0,0,0,4,0,0,0,0
zc,WS209,2012-06-08 09:00:05.257,2426.0000,234308,14,0.0000,70.0000,42,28,空开,S,2426.0000,0.0000,0.0000,0.0000,0.0000,2428.0000,0.0000,0.0000,0.0000,0.0000,21,0,0,0,0,51,0,0,0,0
zc,WS209,2012-06-08 09:00:05.680,2428.0000,234296,-12,0.0000,150.0000,69,81,空平,B,2428.0000,0.0000,0.0000,0.0000,0.0000,2429.0000,0.0000,0.0000,0.0000,0.0000,26,0,0,0,0,79,0,0,0,0
zc,WS209,2012-06-08 09:00:06.447,2428.0000,234296,0,0.0000,56.0000,28,28,多换,B,2426.0000,0.0000,0.0000,0.0000,0.0000,2428.0000,0.0000,0.0000,0.0000,0.0000,18,0,0,0,0,13,0,0,0,0
zc,WS209,2012-06-08 09:00:06.960,2426.0000,234294,-2,0.0000,16.0000,7,9,多平,S,2426.0000,0.0000,0.0000,0.0000,0.0000,2428.0000,0.0000,0.0000,0.0000,0.0000,11,0,0,0,0,12,0,0,0,0
zc,WS209,2012-06-08 09:00:07.697,2425.0000,234290,-4,0.0000,42.0000,19,23,多平,S,2424.0000,0.0000,0.0000,0.0000,0.0000,2427.0000,0.0000,0.0000,0.0000,0.0000,8,0,0,0,0,12,0,0,0,0
zc,WS209,2012-06-08 09:00:08.147,2424.0000,234352,62,0.0000,158.0000,110,48,空开,S,2424.0000,0.0000,0.0000,0.0000,0.0000,2428.0000,0.0000,0.0000,0.0000,0.0000,32,0,0,0,0,3,0,0,0,0
zc,WS209,2012-06-08 09:00:08.647,2428.0000,234354,2,0.0000,4.0000,3,1,多开,B,2424.0000,0.0000,0.0000,0.0000,0.0000,2428.0000,0.0000,0.0000,0.0000,0.0000,32,0,0,0,0,16,0,0,0,0
zc,WS209,2012-06-08 09:00:10.197,2428.0000,234354,0,0.0000,0.0000,0,0,多换,B,2424.0000,0.0000,0.0000,0.0000,0.0000,2427.0000,0.0000,0.0000,0.0000,0.0000,5,0,0,0,0,4,0,0,0,0
zc,WS209,2012-06-08 09:00:10.477,2424.0000,234354,0,0.0000,2.0000,1,1,空换,S,2424.0000,0.0000,0.0000,0.0000,0.0000,2427.0000,0.0000,0.0000,0.0000,0.0000,4,0,0,0,0,4,0,0,0,0
zc,WS209,2012-06-08 09:00:11.163,2424.0000,234354,0,0.0000,2.0000,1,1,空换,S,2424.0000,0.0000,0.0000,0.0000,0.0000,2426.0000,0.0000,0.0000,0.0000,0.0000,3,0,0,0,0,5,0,0,0,0
zc,WS209,2012-06-08 09:00:11.867,2426.0000,234356,2,0.0000,2.0000,2,0,双开,B,2425.0000,0.0000,0.0000,0.0000,0.0000,2427.0000,0.0000,0.0000,0.0000,0.0000,1,0,0,0,0,9,0,0,0,0
zc,WS209,2012-06-08 09:00:12.197,2427.0000,234366,10,0.0000,12.0000,11,1,多开,B,2424.0000,0.0000,0.0000,0.0000,0.0000,2425.0000,0.0000,0.0000,0.0000,0.0000,2,0,0,0,0,4,0,0,0,0
zc,WS209,2012-06-08 09:00:12.883,2427.0000,234366,0,0.0000,2.0000,1,1,多换,B,2424.0000,0.0000,0.0000,0.0000,0.0000,2425.0000,0.0000,0.0000,0.0000,0.0000,2,0,0,0,0,3,0,0,0,0
zc,WS209,2012-06-08 09:00:13.383,2424.0000,234366,0,0.0000,4.0000,2,2,空换,S,2423.0000,0.0000,0.0000,0.0000,0.0000,2424.0000,0.0000,0.0000,0.0000,0.0000,2,0,0,0,0,29,0,0,0,0
zc,WS209,2012-06-08 09:00:14.383,2424.0000,234366,0,0.0000,36.0000,18,18,空换,S,2423.0000,0.0000,0.0000,0.0000,0.0000,2424.0000,0.0000,0.0000,0.0000,0.0000,2,0,0,0,0,11,0,0,0,0
zc,WS209,2012-06-08 09:00:14.897,2424.0000,234366,0,0.0000,14.0000,7,7,空换,S,2423.0000,0.0000,0.0000,0.0000,0.0000,2424.0000,0.0000,0.0000,0.0000,0.0000,22,0,0,0,0,10,0,0,0,0
zc,WS209,2012-06-08 09:00:15.617,2424.0000,234366,0,0.0000,0.0000,0,0,空换,S,2423.0000,0.0000,0.0000,0.0000,0.0000,2424.0000,0.0000,0.0000,0.0000,0.0000,22,0,0,0,0,25,0,0,0,0
zc,WS209,2012-06-08 09:00:16.243,2424.0000,234368,2,0.0000,66.0000,34,32,空开,S,2422.0000,0.0000,0.0000,0.0000,0.0000,2424.0000,0.0000,0.0000,0.0000,0.0000,14,0,0,0,0,20,0,0,0,0
zc,WS209,2012-06-08 09:00:17.180,2424.0000,234366,-2,0.0000,2.0000,0,2,双平,S,2422.0000,0.0000,0.0000,0.0000,0.0000,2424.0000,0.0000,0.0000,0.0000,0.0000,15,0,0,0,0,19,0,0,0,0
zc,WS209,2012-06-08 09:00:17.447,2422.0000,234366,0,0.0000,2.0000,1,1,空换,S,2422.0000,0.0000,0.0000,0.0000,0.0000,2424.0000,0.0000,0.0000,0.0000,0.0000,14,0,0,0,0,21,0,0,0,0
zc,WS209,2012-06-08 09:00:18.697,2422.0000,234366,0,0.0000,4.0000,2,2,空换,S,2422.0000,0.0000,0.0000,0.0000,0.0000,2424.0000,0.0000,0.0000,0.0000,0.0000,13,0,0,0,0,21,0,0,0,0
zc,WS209,2012-06-08 09:00:19.930,2424.0000,234368,2,0.0000,4.0000,3,1,多开,B,2422.0000,0.0000,0.0000,0.0000,0.0000,2424.0000,0.0000,0.0000,0.0000,0.0000,12,0,0,0,0,20,0,0,0,0
zc,WS209,2012-06-08 09:00:20.383,2423.0000,234368,0,0.0000,8.0000,4,4,空换,S,2422.0000,0.0000,0.0000,0.0000,0.0000,2423.0000,0.0000,0.0000,0.0000,0.0000,10,0,0,0,0,8,0,0,0,0
zc,WS209,2012-06-08 09:00:20.850,2423.0000,234368,0,0.0000,6.0000,3,3,空换,S,2422.0000,0.0000,0.0000,0.0000,0.0000,2423.0000,0.0000,0.0000,0.0000,0.0000,10,0,0,0,0,5,0,0,0,0
zc,WS209,2012-06-08 09:00:21.697,2423.0000,234372,4,0.0000,10.0000,7,3,空开,S,2422.0000,0.0000,0.0000,0.0000,0.0000,2424.0000,0.0000,0.0000,0.0000,0.0000,15,0,0,0,0,20,0,0,0,0
zc,WS209,2012-06-08 09:00:22.430,2423.0000,234372,0,0.0000,0.0000,0,0,空换,S,2422.0000,0.0000,0.0000,0.0000,0.0000,2424.0000,0.0000,0.0000,0.0000,0.0000,21,0,0,0,0,20,0,0,0,0
zc,WS209,2012-06-08 09:00:23.680,2423.0000,234372,0,0.0000,0.0000,0,0,空换,S,2423.0000,0.0000,0.0000,0.0000,0.0000,2424.0000,0.0000,0.0000,0.0000,0.0000,11,0,0,0,0,20,0,0,0,0
zc,WS209,2012-06-08 09:00:24.397,2424.0000,234372,0,0.0000,2.0000,1,1,多换,B,2423.0000,0.0000,0.0000,0.0000,0.0000,2424.0000,0.0000,0.0000,0.0000,0.0000,11,0,0,0,0,19,0,0,0,0
zc,WS209,2012-06-08 09:00:25.117,2424.0000,234372,0,0.0000,2.0000,1,1,多换,B,2423.0000,0.0000,0.0000,0.0000,0.0000,2424.0000,0.0000,0.0000,0.0000,0.0000,17,0,0,0,0,22,0,0,0,0
zc,WS209,2012-06-08 09:00:25.710,2424.0000,234372,0,0.0000,0.0000,0,0,多换,B,2423.0000,0.0000,0.0000,0.0000,0.0000,2424.0000,0.0000,0.0000,0.0000,0.0000,18,0,0,0,0,22,0,0,0,0
zc,WS209,2012-06-08 09:00:26.447,2424.0000,234372,0,0.0000,40.0000,20,20,多换,B,2423.0000,0.0000,0.0000,0.0000,0.0000,2424.0000,0.0000,0.0000,0.0000,0.0000,17,0,0,0,0,2,0,0,0,0
zc,WS209,2012-06-08 09:00:27.147,2423.0000,234372,0,0.0000,2.0000,1,1,空换,S,2423.0000,0.0000,0.0000,0.0000,0.0000,2424.0000,0.0000,0.0000,0.0000,0.0000,16,0,0,0,0,2,0,0,0,0
zc,WS209,2012-06-08 09:00:27.680,2423.0000,234372,0,0.0000,0.0000,0,0,空换,S,2423.0000,0.0000,0.0000,0.0000,0.0000,2424.0000,0.0000,0.0000,0.0000,0.0000,18,0,0,0,0,2,0,0,0,0
zc,WS209,2012-06-08 09:00:28.397,2423.0000,234374,2,0.0000,2.0000,2,0,双开,S,2423.0000,0.0000,0.0000,0.0000,0.0000,2424.0000,0.0000,0.0000,0.0000,0.0000,18,0,0,0,0,2,0,0,0,0
zc,WS209,2012-06-08 09:00:28.897,2423.0000,234374,0,0.0000,0.0000,0,0,空换,S,2423.0000,0.0000,0.0000,0.0000,0.0000,2424.0000,0.0000,0.0000,0.0000,0.0000,18,0,0,0,0,4,0,0,0,0
zc,WS209,2012-06-08 09:00:29.507,2423.0000,234374,0,0.0000,0.0000,0,0,空换,S,2423.0000,0.0000,0.0000,0.0000,0.0000,2424.0000,0.0000,0.0000,0.0000,0.0000,16,0,0,0,0,4,0,0,0,0
zc,WS209,2012-06-08 09:00:29.647,2424.0000,234374,0,0.0000,2.0000,1,1,多换,B,2423.0000,0.0000,0.0000,0.0000,0.0000,2424.0000,0.0000,0.0000,0.0000,0.0000,16,0,0,0,0,3,0,0,0,0
zc,WS209,2012-06-08 09:00:30.413,2423.0000,234374,0,0.0000,2.0000,1,1,空换,S,2423.0000,0.0000,0.0000,0.0000,0.0000,2424.0000,0.0000,0.0000,0.0000,0.0000,16,0,0,0,0,3,0,0,0,0
zc,WS209,2012-06-08 09:00:30.913,2423.0000,234374,0,0.0000,0.0000,0,0,空换,S,2423.0000,0.0000,0.0000,0.0000,0.0000,2424.0000,0.0000,0.0000,0.0000,0.0000,16,0,0,0,0,8,0,0,0,0
zc,WS209,2012-06-08 09:00:32.117,2424.0000,234378,4,0.0000,10.0000,7,3,多开,B,2423.0000,0.0000,0.0000,0.0000,0.0000,2424.0000,0.0000,0.0000,0.0000,0.0000,14,0,0,0,0,5,0,0,0,0
zc,WS209,2012-06-08 09:00:32.897,2424.0000,234380,2,0.0000,68.0000,35,33,多开,B,2422.0000,0.0000,0.0000,0.0000,0.0000,2424.0000,0.0000,0.0000,0.0000,0.0000,3,0,0,0,0,6,0,0,0,0
zc,WS209,2012-06-08 09:00:33.320,2424.0000,234380,0,0.0000,0.0000,0,0,多换,B,2422.0000,0.0000,0.0000,0.0000,0.0000,2424.0000,0.0000,0.0000,0.0000,0.0000,5,0,0,0,0,7,0,0,0,0
zc,WS209,2012-06-08 09:00:34.617,2424.0000,234380,0,0.0000,0.0000,0,0,多换,B,2423.0000,0.0000,0.0000,0.0000,0.0000,2424.0000,0.0000,0.0000,0.0000,0.0000,1,0,0,0,0,5,0,0,0,0
zc,WS209,2012-06-08 09:00:36.647,2424.0000,234380,0,0.0000,0.0000,0,0,多换,B,2423.0000,0.0000,0.0000,0.0000,0.0000,2424.0000,0.0000,0.0000,0.0000,0.0000,3,0,0,0,0,5,0,0,0,0
zc,WS209,2012-06-08 09:00:37.163,2424.0000,234378,-2,0.0000,12.0000,5,7,空平,B,2423.0000,0.0000,0.0000,0.0000,0.0000,2424.0000,0.0000,0.0000,0.0000,0.0000,10,0,0,0,0,9,0,0,0,0
zc,WS209,2012-06-08 09:00:38.100,2424.0000,234378,0,0.0000,0.0000,0,0,多换,B,2423.0000,0.0000,0.0000,0.0000,0.0000,2424.0000,0.0000,0.0000,0.0000,0.0000,9,0,0,0,0,10,0,0,0,0
zc,WS209,2012-06-08 09:00:38.397,2423.0000,234378,0,0.0000,2.0000,1,1,空换,S,2423.0000,0.0000,0.0000,0.0000,0.0000,2424.0000,0.0000,0.0000,0.0000,0.0000,8,0,0,0,0,10,0,0,0,0
zc,WS209,2012-06-08 09:00:40.397,2424.0000,234378,0,0.0000,2.0000,1,1,多换,B,2423.0000,0.0000,0.0000,0.0000,0.0000,2424.0000,0.0000,0.0000,0.0000,0.0000,8,0,0,0,0,9,0,0,0,0
zc,WS209,2012-06-08 09:00:40.850,2424.0000,234378,0,0.0000,8.0000,4,4,多换,B,2423.0000,0.0000,0.0000,0.0000,0.0000,2424.0000,0.0000,0.0000,0.0000,0.0000,5,0,0,0,0,9,0,0,0,0
zc,WS209,2012-06-08 09:00:41.647,2423.0000,234380,2,0.0000,4.0000,3,1,空开,S,2423.0000,0.0000,0.0000,0.0000,0.0000,2424.0000,0.0000,0.0000,0.0000,0.0000,3,0,0,0,0,11,0,0,0,0
zc,WS209,2012-06-08 09:00:42.100,2424.0000,234380,0,0.0000,8.0000,4,4,多换,B,2423.0000,0.0000,0.0000,0.0000,0.0000,2424.0000,0.0000,0.0000,0.0000,0.0000,3,0,0,0,0,9,0,0,0,0
zc,WS209,2012-06-08 09:00:42.913,2424.0000,234380,0,0.0000,0.0000,0,0,多换,B,2423.0000,0.0000,0.0000,0.0000,0.0000,2424.0000,0.0000,0.0000,0.0000,0.0000,6,0,0,0,0,9,0,0,0,0
zc,WS209,2012-06-08 09:00:43.337,2424.0000,234380,0,0.0000,0.0000,0,0,多换,B,2423.0000,0.0000,0.0000,0.0000,0.0000,2424.0000,0.0000,0.0000,0.0000,0.0000,6,0,0,0,0,8,0,0,0,0
zc,WS209,2012-06-08 09:00:44.070,2423.0000,234380,0,0.0000,2.0000,1,1,空换,S,2423.0000,0.0000,0.0000,0.0000,0.0000,2424.0000,0.0000,0.0000,0.0000,0.0000,18,0,0,0,0,8,0,0,0,0
zc,WS209,2012-06-08 09:00:44.600,2423.0000,234380,0,0.0000,0.0000,0,0,空换,S,2423.0000,0.0000,0.0000,0.0000,0.0000,2424.0000,0.0000,0.0000,0.0000,0.0000,27,0,0,0,0,8,0,0,0,0
zc,WS209,2012-06-08 09:00:45.383,2424.0000,234382,2,0.0000,2.0000,2,0,双开,B,2423.0000,0.0000,0.0000,0.0000,0.0000,2424.0000,0.0000,0.0000,0.0000,0.0000,27,0,0,0,0,7,0,0,0,0
zc,WS209,2012-06-08 09:00:46.070,2424.0000,234382,0,0.0000,0.0000,0,0,多换,B,2423.0000,0.0000,0.0000,0.0000,0.0000,2424.0000,0.0000,0.0000,0.0000,0.0000,29,0,0,0,0,7,0,0,0,0
zc,WS209,2012-06-08 09:00:47.367,2424.0000,234382,0,0.0000,2.0000,1,1,多换,B,2423.0000,0.0000,0.0000,0.0000,0.0000,2424.0000,0.0000,0.0000,0.0000,0.0000,31,0,0,0,0,6,0,0,0,0
zc,WS209,2012-06-08 09:00:48.617,2424.0000,234382,0,0.0000,2.0000,1,1,多换,B,2423.0000,0.0000,0.0000,0.0000,0.0000,2424.0000,0.0000,0.0000,0.0000,0.0000,31,0,0,0,0,5,0,0,0,0
zc,WS209,2012-06-08 09:00:50.337,2424.0000,234382,0,0.0000,4.0000,2,2,多换,B,2423.0000,0.0000,0.0000,0.0000,0.0000,2424.0000,0.0000,0.0000,0.0000,0.0000,31,0,0,0,0,3,0,0,0,0
zc,WS209,2012-06-08 09:00:51.100,2424.0000,234380,-2,0.0000,2.0000,0,2,双平,B,2423.0000,0.0000,0.0000,0.0000,0.0000,2424.0000,0.0000,0.0000,0.0000,0.0000,31,0,0,0,0,2,0,0,0,0
zc,WS209,2012-06-08 09:00:51.617,2424.0000,234382,2,0.0000,4.0000,3,1,多开,B,2423.0000,0.0000,0.0000,0.0000,0.0000,2425.0000,0.0000,0.0000,0.0000,0.0000,33,0,0,0,0,12,0,0,0,0
zc,WS209,2012-06-08 09:00:52.820,2424.0000,234382,0,0.0000,0.0000,0,0,多换,B,2424.0000,0.0000,0.0000,0.0000,0.0000,2425.0000,0.0000,0.0000,0.0000,0.0000,1,0,0,0,0,12,0,0,0,0
zc,WS209,2012-06-08 09:00:54.163,2424.0000,234382,0,0.0000,2.0000,1,1,多换,B,2423.0000,0.0000,0.0000,0.0000,0.0000,2424.0000,0.0000,0.0000,0.0000,0.0000,33,0,0,0,0,4,0,0,0,0
zc,WS209,2012-06-08 09:00:54.837,2424.0000,234382,0,0.0000,2.0000,1,1,多换,B,2423.0000,0.0000,0.0000,0.0000,0.0000,2424.0000,0.0000,0.0000,0.0000,0.0000,34,0,0,0,0,3,0,0,0,0
zc,WS209,2012-06-08 09:00:56.087,2424.0000,234382,0,0.0000,2.0000,1,1,多换,B,2423.0000,0.0000,0.0000,0.0000,0.0000,2424.0000,0.0000,0.0000,0.0000,0.0000,37,0,0,0,0,2,0,0,0,0
zc,WS209,2012-06-08 09:00:56.600,2424.0000,234382,0,0.0000,6.0000,3,3,多换,B,2424.0000,0.0000,0.0000,0.0000,0.0000,2425.0000,0.0000,0.0000,0.0000,0.0000,6,0,0,0,0,12,0,0,0,0
zc,WS209,2012-06-08 09:00:57.337,2424.0000,234382,0,0.0000,0.0000,0,0,多换,B,2424.0000,0.0000,0.0000,0.0000,0.0000,2425.0000,0.0000,0.0000,0.0000,0.0000,7,0,0,0,0,12,0,0,0,0
zc,WS209,2012-06-08 09:00:57.837,2424.0000,234382,0,0.0000,0.0000,0,0,多换,B,2424.0000,0.0000,0.0000,0.0000,0.0000,2425.0000,0.0000,0.0000,0.0000,0.0000,8,0,0,0,0,27,0,0,0,0
zc,WS209,2012-06-08 09:00:58.633,2424.0000,234382,0,0.0000,0.0000,0,0,多换,B,2424.0000,0.0000,0.0000,0.0000,0.0000,2425.0000,0.0000,0.0000,0.0000,0.0000,9,0,0,0,0,27,0,0,0,0
zc,WS209,2012-06-08 09:00:59.087,2424.0000,234382,0,0.0000,0.0000,0,0,多换,B,2424.0000,0.0000,0.0000,0.0000,0.0000,2425.0000,0.0000,0.0000,0.0000,0.0000,11,0,0,0,0,27,0,0,0,0
zc,WS209,2012-06-08 09:00:59.883,2424.0000,234382,0,0.0000,0.0000,0,0,多换,B,2424.0000,0.0000,0.0000,0.0000,0.0000,2425.0000,0.0000,0.0000,0.0000,0.0000,12,0,0,0,0,28,0,0,0,0
zc,WS209,2012-06-08 09:01:01.070,2425.0000,234382,0,0.0000,100.0000,50,50,多换,B,2424.0000,0.0000,0.0000,0.0000,0.0000,2425.0000,0.0000,0.0000,0.0000,0.0000,13,0,0,0,0,38,0,0,0,0
zc,WS209,2012-06-08 09:01:01.947,2424.0000,234382,0,0.0000,10.0000,5,5,空换,S,2424.0000,0.0000,0.0000,0.0000,0.0000,2425.0000,0.0000,0.0000,0.0000,0.0000,9,0,0,0,0,38,0,0,0,0
zc,WS209,2012-06-08 09:01:02.367,2424.0000,234382,0,0.0000,0.0000,0,0,空换,S,2424.0000,0.0000,0.0000,0.0000,0.0000,2425.0000,0.0000,0.0000,0.0000,0.0000,10,0,0,0,0,68,0,0,0,0
zc,WS209,2012-06-08 09:01:03.117,2424.0000,234382,0,0.0000,0.0000,0,0,空换,S,2424.0000,0.0000,0.0000,0.0000,0.0000,2425.0000,0.0000,0.0000,0.0000,0.0000,11,0,0,0,0,68,0,0,0,0
zc,WS209,2012-06-08 09:01:03.350,2425.0000,234382,0,0.0000,4.0000,2,2,多换,B,2424.0000,0.0000,0.0000,0.0000,0.0000,2425.0000,0.0000,0.0000,0.0000,0.0000,11,0,0,0,0,66,0,0,0,0
zc,WS209,2012-06-08 09:01:04.383,2424.0000,234386,4,0.0000,4.0000,4,0,双开,S,2424.0000,0.0000,0.0000,0.0000,0.0000,2425.0000,0.0000,0.0000,0.0000,0.0000,10,0,0,0,0,67,0,0,0,0
zc,WS209,2012-06-08 09:01:05.617,2424.0000,234386,0,0.0000,0.0000,0,0,空换,S,2424.0000,0.0000,0.0000,0.0000,0.0000,2425.0000,0.0000,0.0000,0.0000,0.0000,12,0,0,0,0,68,0,0,0,0
zc,WS209,2012-06-08 09:01:06.883,2424.0000,234386,0,0.0000,24.0000,12,12,空换,S,2423.0000,0.0000,0.0000,0.0000,0.0000,2425.0000,0.0000,0.0000,0.0000,0.0000,37,0,0,0,0,57,0,0,0,0
zc,WS209,2012-06-08 09:01:08.117,2425.0000,234386,0,0.0000,2.0000,1,1,多换,B,2424.0000,0.0000,0.0000,0.0000,0.0000,2425.0000,0.0000,0.0000,0.0000,0.0000,1,0,0,0,0,56,0,0,0,0
zc,WS209,2012-06-08 09:01:08.663,2425.0000,234386,0,0.0000,0.0000,0,0,多换,B,2424.0000,0.0000,0.0000,0.0000,0.0000,2425.0000,0.0000,0.0000,0.0000,0.0000,1,0,0,0,0,60,0,0,0,0
zc,WS209,2012-06-08 09:01:10.100,2425.0000,234386,0,0.0000,0.0000,0,0,多换,B,2424.0000,0.0000,0.0000,0.0000,0.0000,2425.0000,0.0000,0.0000,0.0000,0.0000,2,0,0,0,0,60,0,0,0,0
zc,WS209,2012-06-08 09:01:10.883,2424.0000,234386,0,0.0000,6.0000,3,3,空换,S,2423.0000,0.0000,0.0000,0.0000,0.0000,2424.0000,0.0000,0.0000,0.0000,0.0000,28,0,0,0,0,1,0,0,0,0
zc,WS209,2012-06-08 09:01:11.350,2424.0000,234386,0,0.0000,4.0000,2,2,空换,S,2423.0000,0.0000,0.0000,0.0000,0.0000,2424.0000,0.0000,0.0000,0.0000,0.0000,33,0,0,0,0,51,0,0,0,0
zc,WS209,2012-06-08 09:01:12.133,2424.0000,234386,0,0.0000,2.0000,1,1,空换,S,2423.0000,0.0000,0.0000,0.0000,0.0000,2424.0000,0.0000,0.0000,0.0000,0.0000,34,0,0,0,0,50,0,0,0,0
zc,WS209,2012-06-08 09:01:12.913,2424.0000,234386,0,0.0000,4.0000,2,2,空换,S,2423.0000,0.0000,0.0000,0.0000,0.0000,2424.0000,0.0000,0.0000,0.0000,0.0000,35,0,0,0,0,49,0,0,0,0
zc,WS209,2012-06-08 09:01:13.680,2424.0000,234384,-2,0.0000,4.0000,1,3,多平,S,2423.0000,0.0000,0.0000,0.0000,0.0000,2424.0000,0.0000,0.0000,0.0000,0.0000,34,0,0,0,0,47,0,0,0,0
zc,WS209,2012-06-08 09:01:14.163,2424.0000,234384,0,0.0000,0.0000,0,0,空换,S,2423.0000,0.0000,0.0000,0.0000,0.0000,2424.0000,0.0000,0.0000,0.0000,0.0000,36,0,0,0,0,47,0,0,0,0
zc,WS209,2012-06-08 09:01:15.383,2423.0000,234384,0,0.0000,68.0000,34,34,空换,S,2422.0000,0.0000,0.0000,0.0000,0.0000,2423.0000,0.0000,0.0000,0.0000,0.0000,9,0,0,0,0,10,0,0,0,0
zc,WS209,2012-06-08 09:01:16.163,2423.0000,234384,0,0.0000,10.0000,5,5,空换,S,2422.0000,0.0000,0.0000,0.0000,0.0000,2423.0000,0.0000,0.0000,0.0000,0.0000,9,0,0,0,0,5,0,0,0,0
zc,WS209,2012-06-08 09:01:16.647,2423.0000,234384,0,0.0000,2.0000,1,1,空换,S,2422.0000,0.0000,0.0000,0.0000,0.0000,2423.0000,0.0000,0.0000,0.0000,0.0000,11,0,0,0,0,4,0,0,0,0
zc,WS209,2012-06-08 09:01:18.227,2423.0000,234384,0,0.0000,4.0000,2,2,空换,S,2422.0000,0.0000,0.0000,0.0000,0.0000,2423.0000,0.0000,0.0000,0.0000,0.0000,10,0,0,0,0,3,0,0,0,0
zc,WS209,2012-06-08 09:01:18.883,2423.0000,234384,0,0.0000,2.0000,1,1,空换,S,2422.0000,0.0000,0.0000,0.0000,0.0000,2423.0000,0.0000,0.0000,0.0000,0.0000,10,0,0,0,0,4,0,0,0,0
zc,WS209,2012-06-08 09:01:19.337,2423.0000,234384,0,0.0000,12.0000,6,6,空换,S,2422.0000,0.0000,0.0000,0.0000,0.0000,2423.0000,0.0000,0.0000,0.0000,0.0000,5,0,0,0,0,3,0,0,0,0
zc,WS209,2012-06-08 09:01:20.163,2422.0000,234382,-2,0.0000,10.0000,4,6,多平,S,2421.0000,0.0000,0.0000,0.0000,0.0000,2422.0000,0.0000,0.0000,0.0000,0.0000,5,0,0,0,0,7,0,0,0,0
zc,WS209,2012-06-08 09:01:20.837,2422.0000,234382,0,0.0000,0.0000,0,0,空换,S,2421.0000,0.0000,0.0000,0.0000,0.0000,2422.0000,0.0000,0.0000,0.0000,0.0000,18,0,0,0,0,7,0,0,0,0
zc,WS209,2012-06-08 09:01:21.383,2422.0000,234382,0,0.0000,2.0000,1,1,空换,S,2421.0000,0.0000,0.0000,0.0000,0.0000,2422.0000,0.0000,0.0000,0.0000,0.0000,20,0,0,0,0,6,0,0,0,0
zc,WS209,2012-06-08 09:01:22.117,2422.0000,234382,0,0.0000,8.0000,4,4,空换,S,2421.0000,0.0000,0.0000,0.0000,0.0000,2422.0000,0.0000,0.0000,0.0000,0.0000,20,0,0,0,0,2,0,0,0,0
zc,WS209,2012-06-08 09:01:24.633,2421.0000,234382,0,0.0000,14.0000,7,7,空换,S,2421.0000,0.0000,0.0000,0.0000,0.0000,2422.0000,0.0000,0.0000,0.0000,0.0000,14,0,0,0,0,1,0,0,0,0
zc,WS209,2012-06-08 09:01:25.117,2421.0000,234382,0,0.0000,2.0000,1,1,空换,S,2421.0000,0.0000,0.0000,0.0000,0.0000,2422.0000,0.0000,0.0000,0.0000,0.0000,14,0,0,0,0,4,0,0,0,0
zc,WS209,2012-06-08 09:01:25.850,2422.0000,234382,0,0.0000,2.0000,1,1,多换,B,2422.0000,0.0000,0.0000,0.0000,0.0000,2423.0000,0.0000,0.0000,0.0000,0.0000,1,0,0,0,0,7,0,0,0,0
zc,WS209,2012-06-08 09:01:28.100,2422.0000,234382,0,0.0000,0.0000,0,0,多换,B,2422.0000,0.0000,0.0000,0.0000,0.0000,2423.0000,0.0000,0.0000,0.0000,0.0000,4,0,0,0,0,7,0,0,0,0
zc,WS209,2012-06-08 09:01:28.413,2422.0000,234386,4,0.0000,4.0000,4,0,双开,B,2422.0000,0.0000,0.0000,0.0000,0.0000,2423.0000,0.0000,0.0000,0.0000,0.0000,2,0,0,0,0,7,0,0,0,0
zc,WS209,2012-06-08 09:01:29.070,2422.0000,234386,0,0.0000,0.0000,0,0,多换,B,2422.0000,0.0000,0.0000,0.0000,0.0000,2423.0000,0.0000,0.0000,0.0000,0.0000,2,0,0,0,0,49,0,0,0,0
zc,WS209,2012-06-08 09:01:29.523,2422.0000,234386,0,0.0000,0.0000,0,0,多换,B,2422.0000,0.0000,0.0000,0.0000,0.0000,2423.0000,0.0000,0.0000,0.0000,0.0000,3,0,0,0,0,49,0,0,0,0
zc,WS209,2012-06-08 09:01:29.897,2423.0000,234386,0,0.0000,2.0000,1,1,多换,B,2422.0000,0.0000,0.0000,0.0000,0.0000,2423.0000,0.0000,0.0000,0.0000,0.0000,3,0,0,0,0,48,0,0,0,0
zc,WS209,2012-06-08 09:01:30.447,2423.0000,234386,0,0.0000,0.0000,0,0,多换,B,2422.0000,0.0000,0.0000,0.0000,0.0000,2423.0000,0.0000,0.0000,0.0000,0.0000,13,0,0,0,0,48,0,0,0,0
zc,WS209,2012-06-08 09:01:31.087,2423.0000,234386,0,0.0000,0.0000,0,0,多换,B,2422.0000,0.0000,0.0000,0.0000,0.0000,2423.0000,0.0000,0.0000,0.0000,0.0000,13,0,0,0,0,51,0,0,0,0
zc,WS209,2012-06-08 09:01:31.883,2423.0000,234386,0,0.0000,0.0000,0,0,多换,B,2422.0000,0.0000,0.0000,0.0000,0.0000,2423.0000,0.0000,0.0000,0.0000,0.0000,14,0,0,0,0,51,0,0,0,0
zc,WS209,2012-06-08 09:01:32.320,2422.0000,234384,-2,0.0000,2.0000,0,2,双平,S,2422.0000,0.0000,0.0000,0.0000,0.0000,2423.0000,0.0000,0.0000,0.0000,0.0000,14,0,0,0,0,51,0,0,0,0
zc,WS209,2012-06-08 09:01:33.820,2422.0000,234384,0,0.0000,0.0000,0,0,空换,S,2422.0000,0.0000,0.0000,0.0000,0.0000,2423.0000,0.0000,0.0000,0.0000,0.0000,15,0,0,0,0,61,0,0,0,0
zc,WS209,2012-06-08 09:01:34.100,2423.0000,234384,0,0.0000,2.0000,1,1,多换,B,2422.0000,0.0000,0.0000,0.0000,0.0000,2423.0000,0.0000,0.0000,0.0000,0.0000,15,0,0,0,0,60,0,0,0,0
zc,WS209,2012-06-08 09:01:34.837,2423.0000,234384,0,0.0000,0.0000,0,0,多换,B,2422.0000,0.0000,0.0000,0.0000,0.0000,2423.0000,0.0000,0.0000,0.0000,0.0000,24,0,0,0,0,60,0,0,0,0
zc,WS209,2012-06-08 09:01:35.617,2423.0000,234384,0,0.0000,0.0000,0,0,多换,B,2422.0000,0.0000,0.0000,0.0000,0.0000,2423.0000,0.0000,0.0000,0.0000,0.0000,24,0,0,0,0,110,0,0,0,0
zc,WS209,2012-06-08 09:01:36.070,2422.0000,234380,-4,0.0000,4.0000,0,4,双平,S,2422.0000,0.0000,0.0000,0.0000,0.0000,2423.0000,0.0000,0.0000,0.0000,0.0000,22,0,0,0,0,110,0,0,0,0
zc,WS209,2012-06-08 09:01:38.820,2423.0000,234372,-8,0.0000,10.0000,1,9,空平,B,2422.0000,0.0000,0.0000,0.0000,0.0000,2423.0000,0.0000,0.0000,0.0000,0.0000,17,0,0,0,0,105,0,0,0,0
zc,WS209,2012-06-08 09:01:39.383,2422.0000,234370,-2,0.0000,12.0000,5,7,多平,S,2422.0000,0.0000,0.0000,0.0000,0.0000,2423.0000,0.0000,0.0000,0.0000,0.0000,42,0,0,0,0,100,0,0,0,0
zc,WS209,2012-06-08 09:01:40.133,2423.0000,234370,0,0.0000,4.0000,2,2,多换,B,2422.0000,0.0000,0.0000,0.0000,0.0000,2423.0000,0.0000,0.0000,0.0000,0.0000,40,0,0,0,0,98,0,0,0,0
zc,WS209,2012-06-08 09:01:40.850,2423.0000,234370,0,0.0000,0.0000,0,0,多换,B,2422.0000,0.0000,0.0000,0.0000,0.0000,2423.0000,0.0000,0.0000,0.0000,0.0000,41,0,0,0,0,100,0,0,0,0
zc,WS209,2012-06-08 09:01:41.350,2423.0000,234370,0,0.0000,10.0000,5,5,多换,B,2422.0000,0.0000,0.0000,0.0000,0.0000,2423.0000,0.0000,0.0000,0.0000,0.0000,36,0,0,0,0,95,0,0,0,0
zc,WS209,2012-06-08 09:01:42.117,2423.0000,234370,0,0.0000,2.0000,1,1,多换,B,2422.0000,0.0000,0.0000,0.0000,0.0000,2423.0000,0.0000,0.0000,0.0000,0.0000,36,0,0,0,0,94,0,0,0,0
zc,WS209,2012-06-08 09:01:42.820,2423.0000,234370,0,0.0000,28.0000,14,14,多换,B,2422.0000,0.0000,0.0000,0.0000,0.0000,2423.0000,0.0000,0.0000,0.0000,0.0000,22,0,0,0,0,80,0,0,0,0
zc,WS209,2012-06-08 09:01:43.337,2422.0000,234376,6,0.0000,6.0000,6,0,双开,S,2422.0000,0.0000,0.0000,0.0000,0.0000,2423.0000,0.0000,0.0000,0.0000,0.0000,20,0,0,0,0,80,0,0,0,0
zc,WS209,2012-06-08 09:01:44.180,2423.0000,234376,0,0.0000,2.0000,1,1,多换,B,2422.0000,0.0000,0.0000,0.0000,0.0000,2423.0000,0.0000,0.0000,0.0000,0.0000,50,0,0,0,0,79,0,0,0,0
zc,WS209,2012-06-08 09:01:45.133,2423.0000,234374,-2,0.0000,8.0000,3,5,空平,B,2422.0000,0.0000,0.0000,0.0000,0.0000,2423.0000,0.0000,0.0000,0.0000,0.0000,50,0,0,0,0,73,0,0,0,0
zc,WS209,2012-06-08 09:01:45.850,2423.0000,234374,0,0.0000,6.0000,3,3,多换,B,2422.0000,0.0000,0.0000,0.0000,0.0000,2423.0000,0.0000,0.0000,0.0000,0.0000,50,0,0,0,0,70,0,0,0,0
zc,WS209,2012-06-08 09:01:46.600,2423.0000,234374,0,0.0000,8.0000,4,4,多换,B,2422.0000,0.0000,0.0000,0.0000,0.0000,2423.0000,0.0000,0.0000,0.0000,0.0000,50,0,0,0,0,61,0,0,0,0
zc,WS209,2012-06-08 09:01:47.070,2423.0000,234378,4,0.0000,6.0000,5,1,多开,B,2422.0000,0.0000,0.0000,0.0000,0.0000,2423.0000,0.0000,0.0000,0.0000,0.0000,47,0,0,0,0,58,0,0,0,0
zc,WS209,2012-06-08 09:01:47.617,2423.0000,234380,2,0.0000,2.0000,2,0,双开,B,2422.0000,0.0000,0.0000,0.0000,0.0000,2423.0000,0.0000,0.0000,0.0000,0.0000,47,0,0,0,0,57,0,0,0,0
zc,WS209,2012-06-08 09:01:48.350,2423.0000,234402,22,0.0000,22.0000,22,0,双开,B,2422.0000,0.0000,0.0000,0.0000,0.0000,2423.0000,0.0000,0.0000,0.0000,0.0000,36,0,0,0,0,46,0,0,0,0
zc,WS209,2012-06-08 09:01:48.820,2423.0000,234422,20,0.0000,20.0000,20,0,双开,B,2422.0000,0.0000,0.0000,0.0000,0.0000,2423.0000,0.0000,0.0000,0.0000,0.0000,26,0,0,0,0,36,0,0,0,0
zc,WS209,2012-06-08 09:01:49.633,2423.0000,234422,0,0.0000,2.0000,1,1,多换,B,2422.0000,0.0000,0.0000,0.0000,0.0000,2423.0000,0.0000,0.0000,0.0000,0.0000,26,0,0,0,0,45,0,0,0,0
zc,WS209,2012-06-08 09:01:50.883,2422.0000,234420,-2,0.0000,20.0000,9,11,多平,S,2422.0000,0.0000,0.0000,0.0000,0.0000,2423.0000,0.0000,0.0000,0.0000,0.0000,51,0,0,0,0,45,0,0,0,0
zc,WS209,2012-06-08 09:01:51.633,2422.0000,234426,6,0.0000,6.0000,6,0,双开,S,2422.0000,0.0000,0.0000,0.0000,0.0000,2423.0000,0.0000,0.0000,0.0000,0.0000,48,0,0,0,0,45,0,0,0,0
zc,WS209,2012-06-08 09:01:52.600,2422.0000,234452,26,0.0000,60.0000,43,17,空开,S,2422.0000,0.0000,0.0000,0.0000,0.0000,2423.0000,0.0000,0.0000,0.0000,0.0000,18,0,0,0,0,45,0,0,0,0
zc,WS209,2012-06-08 09:01:53.367,2422.0000,234452,0,0.0000,0.0000,0,0,空换,S,2422.0000,0.0000,0.0000,0.0000,0.0000,2423.0000,0.0000,0.0000,0.0000,0.0000,22,0,0,0,0,45,0,0,0,0
zc,WS209,2012-06-08 09:01:54.383,2422.0000,234452,0,0.0000,0.0000,0,0,空换,S,2422.0000,0.0000,0.0000,0.0000,0.0000,2423.0000,0.0000,0.0000,0.0000,0.0000,23,0,0,0,0,45,0,0,0,0
zc,WS209,2012-06-08 09:01:55.820,2422.0000,234452,0,0.0000,20.0000,10,10,空换,S,2422.0000,0.0000,0.0000,0.0000,0.0000,2423.0000,0.0000,0.0000,0.0000,0.0000,13,0,0,0,0,65,0,0,0,0
zc,WS209,2012-06-08 09:01:56.320,2422.0000,234452,0,0.0000,0.0000,0,0,空换,S,2422.0000,0.0000,0.0000,0.0000,0.0000,2423.0000,0.0000,0.0000,0.0000,0.0000,14,0,0,0,0,65,0,0,0,0
zc,WS209,2012-06-08 09:01:57.147,2423.0000,234454,2,0.0000,2.0000,2,0,双开,B,2422.0000,0.0000,0.0000,0.0000,0.0000,2423.0000,0.0000,0.0000,0.0000,0.0000,15,0,0,0,0,64,0,0,0,0
zc,WS209,2012-06-08 09:01:58.147,2422.0000,234454,0,0.0000,4.0000,2,2,空换,S,2422.0000,0.0000,0.0000,0.0000,0.0000,2423.0000,0.0000,0.0000,0.0000,0.0000,14,0,0,0,0,65,0,0,0,0
zc,WS209,2012-06-08 09:01:58.820,2422.0000,234452,-2,0.0000,2.0000,0,2,双平,S,2422.0000,0.0000,0.0000,0.0000,0.0000,2423.0000,0.0000,0.0000,0.0000,0.0000,13,0,0,0,0,65,0,0,0,0
zc,WS209,2012-06-08 09:01:59.303,2422.0000,234452,0,0.0000,0.0000,0,0,空换,S,2422.0000,0.0000,0.0000,0.0000,0.0000,2423.0000,0.0000,0.0000,0.0000,0.0000,16,0,0,0,0,66,0,0,0,0
zc,WS209,2012-06-08 09:02:00.337,2422.0000,234440,-12,0.0000,26.0000,7,19,多平,S,2422.0000,0.0000,0.0000,0.0000,0.0000,2423.0000,0.0000,0.0000,0.0000,0.0000,3,0,0,0,0,53,0,0,0,0
zc,WS209,2012-06-08 09:02:01.147,2422.0000,234440,0,0.0000,0.0000,0,0,空换,S,2422.0000,0.0000,0.0000,0.0000,0.0000,2423.0000,0.0000,0.0000,0.0000,0.0000,5,0,0,0,0,53,0,0,0,0
zc,WS209,2012-06-08 09:02:01.647,2422.0000,234440,0,0.0000,10.0000,5,5,空换,S,2421.0000,0.0000,0.0000,0.0000,0.0000,2423.0000,0.0000,0.0000,0.0000,0.0000,54,0,0,0,0,48,0,0,0,0
zc,WS209,2012-06-08 09:02:02.290,2422.0000,234440,0,0.0000,0.0000,0,0,空换,S,2421.0000,0.0000,0.0000,0.0000,0.0000,2423.0000,0.0000,0.0000,0.0000,0.0000,55,0,0,0,0,48,0,0,0,0
zc,WS209,2012-06-08 09:02:03.087,2422.0000,234440,0,0.0000,0.0000,0,0,空换,S,2422.0000,0.0000,0.0000,0.0000,0.0000,2423.0000,0.0000,0.0000,0.0000,0.0000,1,0,0,0,0,48,0,0,0,0
zc,WS209,2012-06-08 09:02:04.337,2422.0000,234440,0,0.0000,2.0000,1,1,空换,S,2421.0000,0.0000,0.0000,0.0000,0.0000,2423.0000,0.0000,0.0000,0.0000,0.0000,56,0,0,0,0,47,0,0,0,0
zc,WS209,2012-06-08 09:02:04.897,2423.0000,234448,8,0.0000,8.0000,8,0,双开,B,2421.0000,0.0000,0.0000,0.0000,0.0000,2423.0000,0.0000,0.0000,0.0000,0.0000,57,0,0,0,0,43,0,0,0,0
zc,WS209,2012-06-08 09:02:05.320,2423.0000,234448,0,0.0000,0.0000,0,0,多换,B,2422.0000,0.0000,0.0000,0.0000,0.0000,2423.0000,0.0000,0.0000,0.0000,0.0000,1,0,0,0,0,43,0,0,0,0
zc,WS209,2012-06-08 09:02:06.087,2423.0000,234448,0,0.0000,0.0000,0,0,多换,B,2422.0000,0.0000,0.0000,0.0000,0.0000,2423.0000,0.0000,0.0000,0.0000,0.0000,1,0,0,0,0,34,0,0,0,0
zc,WS209,2012-06-08 09:02:06.837,2423.0000,234448,0,0.0000,0.0000,0,0,多换,B,2422.0000,0.0000,0.0000,0.0000,0.0000,2423.0000,0.0000,0.0000,0.0000,0.0000,11,0,0,0,0,32,0,0,0,0
zc,WS209,2012-06-08 09:02:10.617,2422.0000,234448,0,0.0000,2.0000,1,1,空换,S,2422.0000,0.0000,0.0000,0.0000,0.0000,2423.0000,0.0000,0.0000,0.0000,0.0000,12,0,0,0,0,32,0,0,0,0
zc,WS209,2012-06-08 09:02:11.070,2422.0000,234448,0,0.0000,0.0000,0,0,空换,S,2422.0000,0.0000,0.0000,0.0000,0.0000,2423.0000,0.0000,0.0000,0.0000,0.0000,13,0,0,0,0,32,0,0,0,0
zc,WS209,2012-06-08 09:02:11.600,2423.0000,234468,20,0.0000,36.0000,28,8,多开,B,2422.0000,0.0000,0.0000,0.0000,0.0000,2423.0000,0.0000,0.0000,0.0000,0.0000,5,0,0,0,0,14,0,0,0,0
zc,WS209,2012-06-08 09:02:12.350,2423.0000,234518,50,0.0000,58.0000,54,4,多开,B,2422.0000,0.0000,0.0000,0.0000,0.0000,2424.0000,0.0000,0.0000,0.0000,0.0000,16,0,0,0,0,47,0,0,0,0
zc,WS209,2012-06-08 09:02:12.850,2423.0000,234518,0,0.0000,0.0000,0,0,多换,B,2422.0000,0.0000,0.0000,0.0000,0.0000,2424.0000,0.0000,0.0000,0.0000,0.0000,17,0,0,0,0,47,0,0,0,0
zc,WS209,2012-06-08 09:02:13.553,2422.0000,234530,12,0.0000,12.0000,12,0,双开,S,2422.0000,0.0000,0.0000,0.0000,0.0000,2423.0000,0.0000,0.0000,0.0000,0.0000,12,0,0,0,0,10,0,0,0,0
zc,WS209,2012-06-08 09:02:14.087,2423.0000,234534,4,0.0000,4.0000,4,0,双开,B,2422.0000,0.0000,0.0000,0.0000,0.0000,2424.0000,0.0000,0.0000,0.0000,0.0000,19,0,0,0,0,47,0,0,0,0
zc,WS209,2012-06-08 09:02:17.087,2423.0000,234534,0,0.0000,0.0000,0,0,多换,B,2422.0000,0.0000,0.0000,0.0000,0.0000,2424.0000,0.0000,0.0000,0.0000,0.0000,20,0,0,0,0,47,0,0,0,0
zc,WS209,2012-06-08 09:02:17.837,2423.0000,234534,0,0.0000,0.0000,0,0,多换,B,2423.0000,0.0000,0.0000,0.0000,0.0000,2424.0000,0.0000,0.0000,0.0000,0.0000,11,0,0,0,0,48,0,0,0,0
zc,WS209,2012-06-08 09:02:18.350,2424.0000,234534,0,0.0000,2.0000,1,1,多换,B,2423.0000,0.0000,0.0000,0.0000,0.0000,2424.0000,0.0000,0.0000,0.0000,0.0000,18,0,0,0,0,35,0,0,0,0
zc,WS209,2012-06-08 09:02:19.553,2424.0000,234534,0,0.0000,0.0000,0,0,多换,B,2423.0000,0.0000,0.0000,0.0000,0.0000,2424.0000,0.0000,0.0000,0.0000,0.0000,19,0,0,0,0,35,0,0,0,0
zc,WS209,2012-06-08 09:02:20.820,2424.0000,234532,-2,0.0000,2.0000,0,2,双平,B,2423.0000,0.0000,0.0000,0.0000,0.0000,2424.0000,0.0000,0.0000,0.0000,0.0000,18,0,0,0,0,34,0,0,0,0
zc,WS209,2012-06-08 09:02:21.303,2424.0000,234530,-2,0.0000,2.0000,0,2,双平,B,2423.0000,0.0000,0.0000,0.0000,0.0000,2424.0000,0.0000,0.0000,0.0000,0.0000,17,0,0,0,0,33,0,0,0,0
zc,WS209,2012-06-08 09:02:21.837,2424.0000,234524,-6,0.0000,6.0000,0,6,双平,B,2423.0000,0.0000,0.0000,0.0000,0.0000,2424.0000,0.0000,0.0000,0.0000,0.0000,14,0,0,0,0,30,0,0,0,0
zc,WS209,2012-06-08 09:02:22.867,2424.0000,234506,-18,0.0000,18.0000,0,18,双平,B,2423.0000,0.0000,0.0000,0.0000,0.0000,2424.0000,0.0000,0.0000,0.0000,0.0000,15,0,0,0,0,21,0,0,0,0
zc,WS209,2012-06-08 09:02:23.397,2423.0000,234524,18,0.0000,24.0000,21,3,空开,S,2423.0000,0.0000,0.0000,0.0000,0.0000,2424.0000,0.0000,0.0000,0.0000,0.0000,30,0,0,0,0,21,0,0,0,0
zc,WS209,2012-06-08 09:02:23.883,2424.0000,234550,26,0.0000,68.0000,47,21,多开,B,2424.0000,0.0000,0.0000,0.0000,0.0000,2425.0000,0.0000,0.0000,0.0000,0.0000,17,0,0,0,0,24,0,0,0,0
zc,WS209,2012-06-08 09:02:24.587,2424.0000,234550,0,0.0000,6.0000,3,3,多换,B,2424.0000,0.0000,0.0000,0.0000,0.0000,2425.0000,0.0000,0.0000,0.0000,0.0000,14,0,0,0,0,25,0,0,0,0
zc,WS209,2012-06-08 09:02:25.133,2424.0000,234550,0,0.0000,0.0000,0,0,多换,B,2424.0000,0.0000,0.0000,0.0000,0.0000,2425.0000,0.0000,0.0000,0.0000,0.0000,14,0,0,0,0,34,0,0,0,0
zc,WS209,2012-06-08 09:02:25.600,2424.0000,234550,0,0.0000,0.0000,0,0,多换,B,2424.0000,0.0000,0.0000,0.0000,0.0000,2425.0000,0.0000,0.0000,0.0000,0.0000,14,0,0,0,0,35,0,0,0,0
zc,WS209,2012-06-08 09:02:26.837,2423.0000,234590,40,0.0000,40.0000,40,0,双开,S,2423.0000,0.0000,0.0000,0.0000,0.0000,2424.0000,0.0000,0.0000,0.0000,0.0000,7,0,0,0,0,11,0,0,0,0
zc,WS209,2012-06-08 09:02:27.570,2424.0000,234590,0,0.0000,2.0000,1,1,多换,B,2423.0000,0.0000,0.0000,0.0000,0.0000,2424.0000,0.0000,0.0000,0.0000,0.0000,7,0,0,0,0,10,0,0,0,0
zc,WS209,2012-06-08 09:02:28.100,2424.0000,234590,0,0.0000,4.0000,2,2,多换,B,2423.0000,0.0000,0.0000,0.0000,0.0000,2424.0000,0.0000,0.0000,0.0000,0.0000,16,0,0,0,0,8,0,0,0,0
zc,WS209,2012-06-08 09:02:30.600,2424.0000,234540,-50,0.0000,54.0000,2,52,空平,B,2423.0000,0.0000,0.0000,0.0000,0.0000,2424.0000,0.0000,0.0000,0.0000,0.0000,16,0,0,0,0,11,0,0,0,0
zc,WS209,2012-06-08 09:02:31.397,2424.0000,234540,0,0.0000,0.0000,0,0,多换,B,2423.0000,0.0000,0.0000,0.0000,0.0000,2424.0000,0.0000,0.0000,0.0000,0.0000,8,0,0,0,0,11,0,0,0,0
zc,WS209,2012-06-08 09:02:31.930,2424.0000,234540,0,0.0000,20.0000,10,10,多换,B,2423.0000,0.0000,0.0000,0.0000,0.0000,2424.0000,0.0000,0.0000,0.0000,0.0000,8,0,0,0,0,1,0,0,0,0
zc,WS209,2012-06-08 09:02:32.867,2424.0000,234540,0,0.0000,2.0000,1,1,多换,B,2423.0000,0.0000,0.0000,0.0000,0.0000,2424.0000,0.0000,0.0000,0.0000,0.0000,8,0,0,0,0,30,0,0,0,0
zc,WS209,2012-06-08 09:02:33.337,2424.0000,234544,4,0.0000,4.0000,4,0,双开,B,2423.0000,0.0000,0.0000,0.0000,0.0000,2424.0000,0.0000,0.0000,0.0000,0.0000,9,0,0,0,0,28,0,0,0,0
zc,WS209,2012-06-08 09:02:34.070,2424.0000,234544,0,0.0000,0.0000,0,0,多换,B,2423.0000,0.0000,0.0000,0.0000,0.0000,2424.0000,0.0000,0.0000,0.0000,0.0000,9,0,0,0,0,29,0,0,0,0
zc,WS209,2012-06-08 09:02:34.633,2424.0000,234546,2,0.0000,2.0000,2,0,双开,B,2423.0000,0.0000,0.0000,0.0000,0.0000,2424.0000,0.0000,0.0000,0.0000,0.0000,9,0,0,0,0,36,0,0,0,0
zc,WS209,2012-06-08 09:02:35.337,2424.0000,234546,0,0.0000,4.0000,2,2,多换,B,2423.0000,0.0000,0.0000,0.0000,0.0000,2424.0000,0.0000,0.0000,0.0000,0.0000,10,0,0,0,0,34,0,0,0,0
zc,WS209,2012-06-08 09:02:37.117,2424.0000,234548,2,0.0000,2.0000,2,0,双开,B,2423.0000,0.0000,0.0000,0.0000,0.0000,2424.0000,0.0000,0.0000,0.0000,0.0000,10,0,0,0,0,33,0,0,0,0
zc,WS209,2012-06-08 09:02:38.180,2423.0000,234558,10,0.0000,10.0000,10,0,双开,S,2423.0000,0.0000,0.0000,0.0000,0.0000,2424.0000,0.0000,0.0000,0.0000,0.0000,5,0,0,0,0,28,0,0,0,0
zc,WS209,2012-06-08 09:02:39.337,2423.0000,234568,10,0.0000,12.0000,11,1,空开,S,2422.0000,0.0000,0.0000,0.0000,0.0000,2424.0000,0.0000,0.0000,0.0000,0.0000,13,0,0,0,0,22,0,0,0,0
zc,WS209,2012-06-08 09:02:40.180,2423.0000,234570,2,0.0000,2.0000,2,0,双开,S,2422.0000,0.0000,0.0000,0.0000,0.0000,2424.0000,0.0000,0.0000,0.0000,0.0000,14,0,0,0,0,21,0,0,0,0
zc,WS209,2012-06-08 09:02:40.633,2423.0000,234570,0,0.0000,0.0000,0,0,空换,S,2422.0000,0.0000,0.0000,0.0000,0.0000,2424.0000,0.0000,0.0000,0.0000,0.0000,44,0,0,0,0,21,0,0,0,0
zc,WS209,2012-06-08 09:02:41.320,2423.0000,234570,0,0.0000,0.0000,0,0,空换,S,2422.0000,0.0000,0.0000,0.0000,0.0000,2424.0000,0.0000,0.0000,0.0000,0.0000,44,0,0,0,0,23,0,0,0,0
zc,WS209,2012-06-08 09:02:41.897,2423.0000,234570,0,0.0000,0.0000,0,0,空换,S,2422.0000,0.0000,0.0000,0.0000,0.0000,2424.0000,0.0000,0.0000,0.0000,0.0000,43,0,0,0,0,23,0,0,0,0
zc,WS209,2012-06-08 09:02:43.367,2423.0000,234570,0,0.0000,0.0000,0,0,空换,S,2422.0000,0.0000,0.0000,0.0000,0.0000,2424.0000,0.0000,0.0000,0.0000,0.0000,43,0,0,0,0,24,0,0,0,0
zc,WS209,2012-06-08 09:02:45.163,2423.0000,234570,0,0.0000,0.0000,0,0,空换,S,2423.0000,0.0000,0.0000,0.0000,0.0000,2424.0000,0.0000,0.0000,0.0000,0.0000,5,0,0,0,0,24,0,0,0,0
zc,WS209,2012-06-08 09:02:46.697,2423.0000,234582,12,0.0000,12.0000,12,0,双开,S,2423.0000,0.0000,0.0000,0.0000,0.0000,2424.0000,0.0000,0.0000,0.0000,0.0000,1,0,0,0,0,18,0,0,0,0
zc,WS209,2012-06-08 09:02:47.210,2423.0000,234584,2,0.0000,2.0000,2,0,双开,S,2422.0000,0.0000,0.0000,0.0000,0.0000,2424.0000,0.0000,0.0000,0.0000,0.0000,43,0,0,0,0,17,0,0,0,0
zc,WS209,2012-06-08 09:02:48.680,2423.0000,234584,0,0.0000,0.0000,0,0,空换,S,2422.0000,0.0000,0.0000,0.0000,0.0000,2423.0000,0.0000,0.0000,0.0000,0.0000,15,0,0,0,0,5,0,0,0,0
zc,WS209,2012-06-08 09:02:49.413,2423.0000,234584,0,0.0000,0.0000,0,0,空换,S,2422.0000,0.0000,0.0000,0.0000,0.0000,2423.0000,0.0000,0.0000,0.0000,0.0000,25,0,0,0,0,5,0,0,0,0
zc,WS209,2012-06-08 09:02:49.867,2423.0000,234604,20,0.0000,20.0000,20,0,双开,S,2422.0000,0.0000,0.0000,0.0000,0.0000,2423.0000,0.0000,0.0000,0.0000,0.0000,25,0,0,0,0,5,0,0,0,0
zc,WS209,2012-06-08 09:02:50.587,2423.0000,234606,2,0.0000,2.0000,2,0,双开,S,2422.0000,0.0000,0.0000,0.0000,0.0000,2423.0000,0.0000,0.0000,0.0000,0.0000,25,0,0,0,0,4,0,0,0,0
zc,WS209,2012-06-08 09:02:51.117,2422.0000,234606,0,0.0000,2.0000,1,1,空换,S,2422.0000,0.0000,0.0000,0.0000,0.0000,2423.0000,0.0000,0.0000,0.0000,0.0000,24,0,0,0,0,4,0,0,0,0
zc,WS209,2012-06-08 09:02:52.397,2423.0000,234608,2,0.0000,2.0000,2,0,双开,B,2422.0000,0.0000,0.0000,0.0000,0.0000,2423.0000,0.0000,0.0000,0.0000,0.0000,24,0,0,0,0,12,0,0,0,0
zc,WS209,2012-06-08 09:02:53.147,2423.0000,234610,2,0.0000,2.0000,2,0,双开,B,2422.0000,0.0000,0.0000,0.0000,0.0000,2423.0000,0.0000,0.0000,0.0000,0.0000,24,0,0,0,0,11,0,0,0,0
zc,WS209,2012-06-08 09:02:53.883,2423.0000,234610,0,0.0000,0.0000,0,0,多换,B,2422.0000,0.0000,0.0000,0.0000,0.0000,2423.0000,0.0000,0.0000,0.0000,0.0000,25,0,0,0,0,11,0,0,0,0
zc,WS209,2012-06-08 09:02:55.163,2422.0000,234614,4,0.0000,6.0000,5,1,空开,S,2422.0000,0.0000,0.0000,0.0000,0.0000,2423.0000,0.0000,0.0000,0.0000,0.0000,22,0,0,0,0,40,0,0,0,0
zc,WS209,2012-06-08 09:02:55.633,2422.0000,234614,0,0.0000,0.0000,0,0,空换,S,2422.0000,0.0000,0.0000,0.0000,0.0000,2423.0000,0.0000,0.0000,0.0000,0.0000,22,0,0,0,0,36,0,0,0,0
zc,WS209,2012-06-08 09:02:56.383,2422.0000,234614,0,0.0000,2.0000,1,1,空换,S,2422.0000,0.0000,0.0000,0.0000,0.0000,2423.0000,0.0000,0.0000,0.0000,0.0000,52,0,0,0,0,10,0,0,0,0
zc,WS209,2012-06-08 09:02:57.147,2423.0000,234616,2,0.0000,2.0000,2,0,双开,B,2422.0000,0.0000,0.0000,0.0000,0.0000,2423.0000,0.0000,0.0000,0.0000,0.0000,21,0,0,0,0,39,0,0,0,0
zc,WS209,2012-06-08 09:02:57.850,2423.0000,234616,0,0.0000,0.0000,0,0,多换,B,2422.0000,0.0000,0.0000,0.0000,0.0000,2423.0000,0.0000,0.0000,0.0000,0.0000,21,0,0,0,0,44,0,0,0,0
zc,WS209,2012-06-08 09:02:58.413,2423.0000,234616,0,0.0000,0.0000,0,0,多换,B,2422.0000,0.0000,0.0000,0.0000,0.0000,2423.0000,0.0000,0.0000,0.0000,0.0000,20,0,0,0,0,44,0,0,0,0
zc,WS209,2012-06-08 09:02:59.100,2422.0000,234612,-4,0.0000,40.0000,18,22,多平,S,2421.0000,0.0000,0.0000,0.0000,0.0000,2423.0000,0.0000,0.0000,0.0000,0.0000,82,0,0,0,0,24,0,0,0,0
zc,WS209,2012-06-08 09:02:59.570,2422.0000,234612,0,0.0000,0.0000,0,0,空换,S,2422.0000,0.0000,0.0000,0.0000,0.0000,2423.0000,0.0000,0.0000,0.0000,0.0000,1,0,0,0,0,24,0,0,0,0
zc,WS209,2012-06-08 09:03:00.397,2422.0000,234612,0,0.0000,2.0000,1,1,空换,S,2421.0000,0.0000,0.0000,0.0000,0.0000,2423.0000,0.0000,0.0000,0.0000,0.0000,83,0,0,0,0,23,0,0,0,0
zc,WS209,2012-06-08 09:03:00.837,2423.0000,234612,0,0.0000,2.0000,1,1,多换,B,2421.0000,0.0000,0.0000,0.0000,0.0000,2422.0000,0.0000,0.0000,0.0000,0.0000,83,0,0,0,0,2,0,0,0,0
zc,WS209,2012-06-08 09:03:01.617,2422.0000,234614,2,0.0000,2.0000,2,0,双开,S,2421.0000,0.0000,0.0000,0.0000,0.0000,2422.0000,0.0000,0.0000,0.0000,0.0000,83,0,0,0,0,1,0,0,0,0
zc,WS209,2012-06-08 09:03:01.850,2422.0000,234616,2,0.0000,2.0000,2,0,双开,S,2422.0000,0.0000,0.0000,0.0000,0.0000,2423.0000,0.0000,0.0000,0.0000,0.0000,15,0,0,0,0,22,0,0,0,0
zc,WS209,2012-06-08 09:03:02.883,2422.0000,234622,6,0.0000,24.0000,15,9,空开,S,2422.0000,0.0000,0.0000,0.0000,0.0000,2423.0000,0.0000,0.0000,0.0000,0.0000,3,0,0,0,0,13,0,0,0,0
zc,WS209,2012-06-08 09:03:03.633,2422.0000,234622,0,0.0000,0.0000,0,0,空换,S,2422.0000,0.0000,0.0000,0.0000,0.0000,2423.0000,0.0000,0.0000,0.0000,0.0000,3,0,0,0,0,15,0,0,0,0
zc,WS209,2012-06-08 09:03:04.303,2422.0000,234622,0,0.0000,0.0000,0,0,空换,S,2422.0000,0.0000,0.0000,0.0000,0.0000,2423.0000,0.0000,0.0000,0.0000,0.0000,23,0,0,0,0,22,0,0,0,0
zc,WS209,2012-06-08 09:03:04.897,2422.0000,234622,0,0.0000,32.0000,16,16,空换,S,2422.0000,0.0000,0.0000,0.0000,0.0000,2423.0000,0.0000,0.0000,0.0000,0.0000,7,0,0,0,0,23,0,0,0,0
zc,WS209,2012-06-08 09:03:05.523,2422.0000,234622,0,0.0000,14.0000,7,7,空换,S,2421.0000,0.0000,0.0000,0.0000,0.0000,2423.0000,0.0000,0.0000,0.0000,0.0000,54,0,0,0,0,24,0,0,0,0
zc,WS209,2012-06-08 09:03:06.117,2422.0000,234622,0,0.0000,0.0000,0,0,空换,S,2421.0000,0.0000,0.0000,0.0000,0.0000,2423.0000,0.0000,0.0000,0.0000,0.0000,55,0,0,0,0,24,0,0,0,0
zc,WS209,2012-06-08 09:03:06.867,2422.0000,234622,0,0.0000,0.0000,0,0,空换,S,2421.0000,0.0000,0.0000,0.0000,0.0000,2423.0000,0.0000,0.0000,0.0000,0.0000,55,0,0,0,0,26,0,0,0,0
zc,WS209,2012-06-08 09:03:07.397,2422.0000,234622,0,0.0000,0.0000,0,0,空换,S,2422.0000,0.0000,0.0000,0.0000,0.0000,2423.0000,0.0000,0.0000,0.0000,0.0000,1,0,0,0,0,26,0,0,0,0
zc,WS209,2012-06-08 09:03:08.133,2422.0000,234622,0,0.0000,0.0000,0,0,空换,S,2422.0000,0.0000,0.0000,0.0000,0.0000,2423.0000,0.0000,0.0000,0.0000,0.0000,11,0,0,0,0,26,0,0,0,0
zc,WS209,2012-06-08 09:03:08.617,2422.0000,234622,0,0.0000,14.0000,7,7,空换,S,2422.0000,0.0000,0.0000,0.0000,0.0000,2423.0000,0.0000,0.0000,0.0000,0.0000,4,0,0,0,0,27,0,0,0,0
zc,WS209,2012-06-08 09:03:09.897,2422.0000,234630,8,0.0000,8.0000,8,0,双开,S,2421.0000,0.0000,0.0000,0.0000,0.0000,2422.0000,0.0000,0.0000,0.0000,0.0000,56,0,0,0,0,16,0,0,0,0
zc,WS209,2012-06-08 09:03:10.540,2422.0000,234630,0,0.0000,0.0000,0,0,空换,S,2421.0000,0.0000,0.0000,0.0000,0.0000,2422.0000,0.0000,0.0000,0.0000,0.0000,56,0,0,0,0,17,0,0,0,0
zc,WS209,2012-06-08 09:03:10.897,2422.0000,234632,2,0.0000,2.0000,2,0,双开,S,2421.0000,0.0000,0.0000,0.0000,0.0000,2422.0000,0.0000,0.0000,0.0000,0.0000,56,0,0,0,0,16,0,0,0,0
zc,WS209,2012-06-08 09:03:11.553,2422.0000,234632,0,0.0000,0.0000,0,0,空换,S,2421.0000,0.0000,0.0000,0.0000,0.0000,2422.0000,0.0000,0.0000,0.0000,0.0000,56,0,0,0,0,21,0,0,0,0
zc,WS209,2012-06-08 09:03:12.087,2422.0000,234632,0,0.0000,0.0000,0,0,空换,S,2421.0000,0.0000,0.0000,0.0000,0.0000,2422.0000,0.0000,0.0000,0.0000,0.0000,57,0,0,0,0,21,0,0,0,0
zc,WS209,2012-06-08 09:03:12.867,2422.0000,234654,22,0.0000,22.0000,22,0,双开,S,2421.0000,0.0000,0.0000,0.0000,0.0000,2422.0000,0.0000,0.0000,0.0000,0.0000,57,0,0,0,0,10,0,0,0,0
zc,WS209,2012-06-08 09:03:13.600,2421.0000,234654,0,0.0000,2.0000,1,1,空换,S,2421.0000,0.0000,0.0000,0.0000,0.0000,2422.0000,0.0000,0.0000,0.0000,0.0000,56,0,0,0,0,11,0,0,0,0
zc,WS209,2012-06-08 09:03:14.100,2421.0000,234654,0,0.0000,0.0000,0,0,空换,S,2421.0000,0.0000,0.0000,0.0000,0.0000,2422.0000,0.0000,0.0000,0.0000,0.0000,59,0,0,0,0,10,0,0,0,0
zc,WS209,2012-06-08 09:03:14.850,2421.0000,234654,0,0.0000,20.0000,10,10,空换,S,2421.0000,0.0000,0.0000,0.0000,0.0000,2422.0000,0.0000,0.0000,0.0000,0.0000,49,0,0,0,0,8,0,0,0,0
zc,WS209,2012-06-08 09:03:15.383,2421.0000,234656,2,0.0000,30.0000,16,14,空开,S,2421.0000,0.0000,0.0000,0.0000,0.0000,2422.0000,0.0000,0.0000,0.0000,0.0000,34,0,0,0,0,8,0,0,0,0
zc,WS209,2012-06-08 09:03:16.133,2421.0000,234658,2,0.0000,4.0000,3,1,空开,S,2421.0000,0.0000,0.0000,0.0000,0.0000,2422.0000,0.0000,0.0000,0.0000,0.0000,32,0,0,0,0,7,0,0,0,0
zc,WS209,2012-06-08 09:03:16.633,2421.0000,234650,-8,0.0000,16.0000,4,12,多平,S,2421.0000,0.0000,0.0000,0.0000,0.0000,2422.0000,0.0000,0.0000,0.0000,0.0000,24,0,0,0,0,14,0,0,0,0
zc,WS209,2012-06-08 09:03:17.367,2421.0000,234652,2,0.0000,6.0000,4,2,空开,S,2421.0000,0.0000,0.0000,0.0000,0.0000,2422.0000,0.0000,0.0000,0.0000,0.0000,23,0,0,0,0,17,0,0,0,0
zc,WS209,2012-06-08 09:03:17.867,2421.0000,234650,-2,0.0000,2.0000,0,2,双平,S,2421.0000,0.0000,0.0000,0.0000,0.0000,2422.0000,0.0000,0.0000,0.0000,0.0000,22,0,0,0,0,18,0,0,0,0
zc,WS209,2012-06-08 09:03:18.570,2421.0000,234642,-8,0.0000,14.0000,3,11,多平,S,2421.0000,0.0000,0.0000,0.0000,0.0000,2422.0000,0.0000,0.0000,0.0000,0.0000,15,0,0,0,0,13,0,0,0,0
zc,WS209,2012-06-08 09:03:19.087,2421.0000,234650,8,0.0000,30.0000,19,11,空开,S,2420.0000,0.0000,0.0000,0.0000,0.0000,2422.0000,0.0000,0.0000,0.0000,0.0000,36,0,0,0,0,13,0,0,0,0
zc,WS209,2012-06-08 09:03:19.837,2421.0000,234650,0,0.0000,0.0000,0,0,空换,S,2421.0000,0.0000,0.0000,0.0000,0.0000,2422.0000,0.0000,0.0000,0.0000,0.0000,200,0,0,0,0,17,0,0,0,0
zc,WS209,2012-06-08 09:03:21.070,2421.0000,234656,6,0.0000,6.0000,6,0,双开,S,2421.0000,0.0000,0.0000,0.0000,0.0000,2422.0000,0.0000,0.0000,0.0000,0.0000,197,0,0,0,0,17,0,0,0,0
zc,WS209,2012-06-08 09:03:21.647,2421.0000,234656,0,0.0000,60.0000,30,30,空换,S,2421.0000,0.0000,0.0000,0.0000,0.0000,2422.0000,0.0000,0.0000,0.0000,0.0000,167,0,0,0,0,19,0,0,0,0
zc,WS209,2012-06-08 09:03:22.337,2422.0000,234656,0,0.0000,2.0000,1,1,多换,B,2421.0000,0.0000,0.0000,0.0000,0.0000,2422.0000,0.0000,0.0000,0.0000,0.0000,167,0,0,0,0,17,0,0,0,0
zc,WS209,2012-06-08 09:03:23.087,2421.0000,234658,2,0.0000,20.0000,11,9,空开,S,2421.0000,0.0000,0.0000,0.0000,0.0000,2422.0000,0.0000,0.0000,0.0000,0.0000,157,0,0,0,0,18,0,0,0,0
zc,WS209,2012-06-08 09:03:23.867,2421.0000,234676,18,0.0000,18.0000,18,0,双开,S,2421.0000,0.0000,0.0000,0.0000,0.0000,2422.0000,0.0000,0.0000,0.0000,0.0000,148,0,0,0,0,18,0,0,0,0
zc,WS209,2012-06-08 09:03:24.320,2421.0000,234816,140,0.0000,142.0000,141,1,空开,S,2421.0000,0.0000,0.0000,0.0000,0.0000,2422.0000,0.0000,0.0000,0.0000,0.0000,77,0,0,0,0,17,0,0,0,0
zc,WS209,2012-06-08 09:03:25.117,2421.0000,234816,0,0.0000,0.0000,0,0,空换,S,2421.0000,0.0000,0.0000,0.0000,0.0000,2422.0000,0.0000,0.0000,0.0000,0.0000,79,0,0,0,0,16,0,0,0,0
zc,WS209,2012-06-08 09:03:25.337,2422.0000,234818,2,0.0000,20.0000,11,9,多开,B,2421.0000,0.0000,0.0000,0.0000,0.0000,2422.0000,0.0000,0.0000,0.0000,0.0000,79,0,0,0,0,6,0,0,0,0
zc,WS209,2012-06-08 09:03:26.540,2422.0000,234818,0,0.0000,0.0000,0,0,多换,B,2421.0000,0.0000,0.0000,0.0000,0.0000,2422.0000,0.0000,0.0000,0.0000,0.0000,81,0,0,0,0,6,0,0,0,0
zc,WS209,2012-06-08 09:03:27.397,2421.0000,234824,6,0.0000,6.0000,6,0,双开,S,2421.0000,0.0000,0.0000,0.0000,0.0000,2422.0000,0.0000,0.0000,0.0000,0.0000,81,0,0,0,0,9,0,0,0,0
zc,WS209,2012-06-08 09:03:28.053,2421.0000,234832,8,0.0000,8.0000,8,0,双开,S,2421.0000,0.0000,0.0000,0.0000,0.0000,2422.0000,0.0000,0.0000,0.0000,0.0000,79,0,0,0,0,10,0,0,0,0
zc,WS209,2012-06-08 09:03:28.587,2421.0000,234834,2,0.0000,2.0000,2,0,双开,S,2421.0000,0.0000,0.0000,0.0000,0.0000,2422.0000,0.0000,0.0000,0.0000,0.0000,82,0,0,0,0,10,0,0,0,0
zc,WS209,2012-06-08 09:03:29.820,2421.0000,234834,0,0.0000,0.0000,0,0,空换,S,2421.0000,0.0000,0.0000,0.0000,0.0000,2422.0000,0.0000,0.0000,0.0000,0.0000,103,0,0,0,0,10,0,0,0,0
zc,WS209,2012-06-08 09:03:33.087,2421.0000,234834,0,0.0000,0.0000,0,0,空换,S,2421.0000,0.0000,0.0000,0.0000,0.0000,2422.0000,0.0000,0.0000,0.0000,0.0000,103,0,0,0,0,11,0,0,0,0
zc,WS209,2012-06-08 09:03:33.303,2421.0000,234834,0,0.0000,0.0000,0,0,空换,S,2421.0000,0.0000,0.0000,0.0000,0.0000,2422.0000,0.0000,0.0000,0.0000,0.0000,155,0,0,0,0,11,0,0,0,0
zc,WS209,2012-06-08 09:03:34.633,2421.0000,234834,0,0.0000,0.0000,0,0,空换,S,2421.0000,0.0000,0.0000,0.0000,0.0000,2422.0000,0.0000,0.0000,0.0000,0.0000,155,0,0,0,0,16,0,0,0,0
zc,WS209,2012-06-08 09:03:37.850,2421.0000,234834,0,0.0000,0.0000,0,0,空换,S,2421.0000,0.0000,0.0000,0.0000,0.0000,2422.0000,0.0000,0.0000,0.0000,0.0000,156,0,0,0,0,16,0,0,0,0
zc,WS209,2012-06-08 09:03:38.337,2421.0000,234834,0,0.0000,0.0000,0,0,空换,S,2421.0000,0.0000,0.0000,0.0000,0.0000,2422.0000,0.0000,0.0000,0.0000,0.0000,157,0,0,0,0,16,0,0,0,0
zc,WS209,2012-06-08 09:03:38.820,2421.0000,234834,0,0.0000,0.0000,0,0,空换,S,2421.0000,0.0000,0.0000,0.0000,0.0000,2422.0000,0.0000,0.0000,0.0000,0.0000,159,0,0,0,0,16,0,0,0,0
zc,WS209,2012-06-08 09:03:39.540,2422.0000,234848,14,0.0000,18.0000,16,2,多开,B,2421.0000,0.0000,0.0000,0.0000,0.0000,2422.0000,0.0000,0.0000,0.0000,0.0000,151,0,0,0,0,15,0,0,0,0
zc,WS209,2012-06-08 09:03:40.053,2422.0000,234844,-4,0.0000,4.0000,0,4,双平,B,2421.0000,0.0000,0.0000,0.0000,0.0000,2422.0000,0.0000,0.0000,0.0000,0.0000,151,0,0,0,0,13,0,0,0,0
zc,WS209,2012-06-08 09:03:41.397,2422.0000,234844,0,0.0000,26.0000,13,13,多换,B,2421.0000,0.0000,0.0000,0.0000,0.0000,2423.0000,0.0000,0.0000,0.0000,0.0000,138,0,0,0,0,37,0,0,0,0
zc,WS209,2012-06-08 09:03:42.367,2422.0000,234844,0,0.0000,0.0000,0,0,多换,B,2422.0000,0.0000,0.0000,0.0000,0.0000,2423.0000,0.0000,0.0000,0.0000,0.0000,17,0,0,0,0,19,0,0,0,0
zc,WS209,2012-06-08 09:03:43.883,2422.0000,234844,0,0.0000,0.0000,0,0,多换,B,2422.0000,0.0000,0.0000,0.0000,0.0000,2423.0000,0.0000,0.0000,0.0000,0.0000,18,0,0,0,0,19,0,0,0,0
zc,WS209,2012-06-08 09:03:45.117,2423.0000,234834,-10,0.0000,20.0000,5,15,空平,B,2422.0000,0.0000,0.0000,0.0000,0.0000,2423.0000,0.0000,0.0000,0.0000,0.0000,18,0,0,0,0,9,0,0,0,0
zc,WS209,2012-06-08 09:03:45.383,2423.0000,234820,-14,0.0000,18.0000,2,16,空平,B,2423.0000,0.0000,0.0000,0.0000,0.0000,2424.0000,0.0000,0.0000,0.0000,0.0000,11,0,0,0,0,27,0,0,0,0
zc,WS209,2012-06-08 09:03:46.087,2423.0000,234820,0,0.0000,0.0000,0,0,多换,B,2423.0000,0.0000,0.0000,0.0000,0.0000,2424.0000,0.0000,0.0000,0.0000,0.0000,20,0,0,0,0,29,0,0,0,0
zc,WS209,2012-06-08 09:03:46.570,2423.0000,234820,0,0.0000,0.0000,0,0,多换,B,2423.0000,0.0000,0.0000,0.0000,0.0000,2424.0000,0.0000,0.0000,0.0000,0.0000,20,0,0,0,0,27,0,0,0,0
zc,WS209,2012-06-08 09:03:47.290,2423.0000,234820,0,0.0000,2.0000,1,1,多换,B,2423.0000,0.0000,0.0000,0.0000,0.0000,2424.0000,0.0000,0.0000,0.0000,0.0000,19,0,0,0,0,26,0,0,0,0
zc,WS209,2012-06-08 09:03:48.147,2423.0000,234854,34,0.0000,54.0000,44,10,多开,B,2422.0000,0.0000,0.0000,0.0000,0.0000,2423.0000,0.0000,0.0000,0.0000,0.0000,4,0,0,0,0,10,0,0,0,0
zc,WS209,2012-06-08 09:03:48.897,2421.0000,234936,82,0.0000,86.0000,84,2,空开,S,2421.0000,0.0000,0.0000,0.0000,0.0000,2423.0000,0.0000,0.0000,0.0000,0.0000,114,0,0,0,0,7,0,0,0,0
zc,WS209,2012-06-08 09:03:51.617,2423.0000,234938,2,0.0000,2.0000,2,0,双开,B,2421.0000,0.0000,0.0000,0.0000,0.0000,2422.0000,0.0000,0.0000,0.0000,0.0000,97,0,0,0,0,6,0,0,0,0
zc,WS209,2012-06-08 09:03:52.850,2421.0000,234942,4,0.0000,4.0000,4,0,双开,S,2421.0000,0.0000,0.0000,0.0000,0.0000,2422.0000,0.0000,0.0000,0.0000,0.0000,95,0,0,0,0,4,0,0,0,0
zc,WS209,2012-06-08 09:03:53.337,2421.0000,234944,2,0.0000,2.0000,2,0,双开,S,2421.0000,0.0000,0.0000,0.0000,0.0000,2422.0000,0.0000,0.0000,0.0000,0.0000,94,0,0,0,0,3,0,0,0,0
zc,WS209,2012-06-08 09:03:54.053,2421.0000,234948,4,0.0000,4.0000,4,0,双开,S,2421.0000,0.0000,0.0000,0.0000,0.0000,2422.0000,0.0000,0.0000,0.0000,0.0000,93,0,0,0,0,1,0,0,0,0
zc,WS209,2012-06-08 09:03:54.587,2421.0000,234948,0,0.0000,0.0000,0,0,空换,S,2421.0000,0.0000,0.0000,0.0000,0.0000,2422.0000,0.0000,0.0000,0.0000,0.0000,93,0,0,0,0,10,0,0,0,0
zc,WS209,2012-06-08 09:03:55.337,2421.0000,234970,22,0.0000,22.0000,22,0,双开,S,2421.0000,0.0000,0.0000,0.0000,0.0000,2422.0000,0.0000,0.0000,0.0000,0.0000,92,0,0,0,0,8,0,0,0,0
zc,WS209,2012-06-08 09:03:55.867,2422.0000,234980,10,0.0000,10.0000,10,0,双开,B,2421.0000,0.0000,0.0000,0.0000,0.0000,2422.0000,0.0000,0.0000,0.0000,0.0000,92,0,0,0,0,18,0,0,0,0
zc,WS209,2012-06-08 09:03:56.337,2421.0000,235138,158,0.0000,184.0000,171,13,空开,S,2420.0000,0.0000,0.0000,0.0000,0.0000,2422.0000,0.0000,0.0000,0.0000,0.0000,105,0,0,0,0,46,0,0,0,0
zc,WS209,2012-06-08 09:03:56.803,2421.0000,235138,0,0.0000,0.0000,0,0,空换,S,2421.0000,0.0000,0.0000,0.0000,0.0000,2422.0000,0.0000,0.0000,0.0000,0.0000,20,0,0,0,0,46,0,0,0,0
zc,WS209,2012-06-08 09:03:57.570,2422.0000,235140,2,0.0000,2.0000,2,0,双开,B,2421.0000,0.0000,0.0000,0.0000,0.0000,2422.0000,0.0000,0.0000,0.0000,0.0000,20,0,0,0,0,14,0,0,0,0
zc,WS209,2012-06-08 09:03:58.087,2422.0000,235142,2,0.0000,2.0000,2,0,双开,B,2421.0000,0.0000,0.0000,0.0000,0.0000,2422.0000,0.0000,0.0000,0.0000,0.0000,38,0,0,0,0,1,0,0,0,0
zc,WS209,2012-06-08 09:03:58.570,2422.0000,235142,0,0.0000,0.0000,0,0,多换,B,2421.0000,0.0000,0.0000,0.0000,0.0000,2422.0000,0.0000,0.0000,0.0000,0.0000,40,0,0,0,0,1,0,0,0,0
zc,WS209,2012-06-08 09:03:59.337,2421.0000,235144,2,0.0000,2.0000,2,0,双开,S,2421.0000,0.0000,0.0000,0.0000,0.0000,2422.0000,0.0000,0.0000,0.0000,0.0000,39,0,0,0,0,1,0,0,0,0
zc,WS209,2012-06-08 09:03:59.850,2422.0000,235146,2,0.0000,4.0000,3,1,多开,B,2421.0000,0.0000,0.0000,0.0000,0.0000,2423.0000,0.0000,0.0000,0.0000,0.0000,38,0,0,0,0,53,0,0,0,0
zc,WS209,2012-06-08 09:04:01.587,2422.0000,235148,2,0.0000,4.0000,3,1,多开,B,2421.0000,0.0000,0.0000,0.0000,0.0000,2423.0000,0.0000,0.0000,0.0000,0.0000,38,0,0,0,0,53,0,0,0,0
zc,WS209,2012-06-08 09:04:02.133,2421.0000,235206,58,0.0000,58.0000,58,0,双开,S,2421.0000,0.0000,0.0000,0.0000,0.0000,2423.0000,0.0000,0.0000,0.0000,0.0000,9,0,0,0,0,53,0,0,0,0
zc,WS209,2012-06-08 09:04:03.600,2422.0000,235204,-2,0.0000,2.0000,0,2,双平,B,2421.0000,0.0000,0.0000,0.0000,0.0000,2423.0000,0.0000,0.0000,0.0000,0.0000,10,0,0,0,0,53,0,0,0,0
zc,WS209,2012-06-08 09:04:04.350,2423.0000,235206,2,0.0000,2.0000,2,0,双开,B,2421.0000,0.0000,0.0000,0.0000,0.0000,2423.0000,0.0000,0.0000,0.0000,0.0000,10,0,0,0,0,53,0,0,0,0
zc,WS209,2012-06-08 09:04:05.570,2423.0000,235206,0,0.0000,0.0000,0,0,多换,B,2422.0000,0.0000,0.0000,0.0000,0.0000,2423.0000,0.0000,0.0000,0.0000,0.0000,1,0,0,0,0,68,0,0,0,0
zc,WS209,2012-06-08 09:04:07.897,2422.0000,235208,2,0.0000,2.0000,2,0,双开,S,2421.0000,0.0000,0.0000,0.0000,0.0000,2423.0000,0.0000,0.0000,0.0000,0.0000,13,0,0,0,0,67,0,0,0,0
zc,WS209,2012-06-08 09:04:08.553,2422.0000,235208,0,0.0000,0.0000,0,0,空换,S,2421.0000,0.0000,0.0000,0.0000,0.0000,2422.0000,0.0000,0.0000,0.0000,0.0000,14,0,0,0,0,1,0,0,0,0
zc,WS209,2012-06-08 09:04:10.837,2422.0000,235208,0,0.0000,0.0000,0,0,空换,S,2421.0000,0.0000,0.0000,0.0000,0.0000,2422.0000,0.0000,0.0000,0.0000,0.0000,15,0,0,0,0,1,0,0,0,0
zc,WS209,2012-06-08 09:04:11.337,2422.0000,235210,2,0.0000,4.0000,3,1,空开,S,2421.0000,0.0000,0.0000,0.0000,0.0000,2422.0000,0.0000,0.0000,0.0000,0.0000,16,0,0,0,0,49,0,0,0,0
zc,WS209,2012-06-08 09:04:11.850,2422.0000,235210,0,0.0000,0.0000,0,0,空换,S,2421.0000,0.0000,0.0000,0.0000,0.0000,2422.0000,0.0000,0.0000,0.0000,0.0000,18,0,0,0,0,90,0,0,0,0
zc,WS209,2012-06-08 09:04:13.117,2422.0000,235210,0,0.0000,0.0000,0,0,空换,S,2421.0000,0.0000,0.0000,0.0000,0.0000,2422.0000,0.0000,0.0000,0.0000,0.0000,17,0,0,0,0,90,0,0,0,0
zc,WS209,2012-06-08 09:04:14.350,2421.0000,235242,32,0.0000,36.0000,34,2,空开,S,2420.0000,0.0000,0.0000,0.0000,0.0000,2421.0000,0.0000,0.0000,0.0000,0.0000,91,0,0,0,0,38,0,0,0,0
zc,WS209,2012-06-08 09:04:15.087,2421.0000,235242,0,0.0000,0.0000,0,0,空换,S,2420.0000,0.0000,0.0000,0.0000,0.0000,2421.0000,0.0000,0.0000,0.0000,0.0000,92,0,0,0,0,38,0,0,0,0
zc,WS209,2012-06-08 09:04:15.553,2421.0000,235242,0,0.0000,0.0000,0,0,空换,S,2420.0000,0.0000,0.0000,0.0000,0.0000,2421.0000,0.0000,0.0000,0.0000,0.0000,93,0,0,0,0,39,0,0,0,0
zc,WS209,2012-06-08 09:04:16.117,2421.0000,235242,0,0.0000,0.0000,0,0,空换,S,2420.0000,0.0000,0.0000,0.0000,0.0000,2421.0000,0.0000,0.0000,0.0000,0.0000,93,0,0,0,0,40,0,0,0,0
zc,WS209,2012-06-08 09:04:17.350,2420.0000,235238,-4,0.0000,4.0000,0,4,双平,S,2420.0000,0.0000,0.0000,0.0000,0.0000,2421.0000,0.0000,0.0000,0.0000,0.0000,92,0,0,0,0,40,0,0,0,0
zc,WS209,2012-06-08 09:04:17.837,2420.0000,235238,0,0.0000,6.0000,3,3,空换,S,2420.0000,0.0000,0.0000,0.0000,0.0000,2421.0000,0.0000,0.0000,0.0000,0.0000,90,0,0,0,0,39,0,0,0,0
zc,WS209,2012-06-08 09:04:19.350,2421.0000,235240,2,0.0000,2.0000,2,0,双开,B,2420.0000,0.0000,0.0000,0.0000,0.0000,2421.0000,0.0000,0.0000,0.0000,0.0000,90,0,0,0,0,38,0,0,0,0
zc,WS209,2012-06-08 09:04:19.553,2420.0000,235226,-14,0.0000,26.0000,6,20,多平,S,2420.0000,0.0000,0.0000,0.0000,0.0000,2421.0000,0.0000,0.0000,0.0000,0.0000,77,0,0,0,0,38,0,0,0,0
zc,WS209,2012-06-08 09:04:20.367,2420.0000,235226,0,0.0000,0.0000,0,0,空换,S,2420.0000,0.0000,0.0000,0.0000,0.0000,2421.0000,0.0000,0.0000,0.0000,0.0000,74,0,0,0,0,38,0,0,0,0
zc,WS209,2012-06-08 09:04:20.897,2420.0000,235226,0,0.0000,0.0000,0,0,空换,S,2420.0000,0.0000,0.0000,0.0000,0.0000,2421.0000,0.0000,0.0000,0.0000,0.0000,74,0,0,0,0,79,0,0,0,0
zc,WS209,2012-06-08 09:04:22.147,2420.0000,235226,0,0.0000,0.0000,0,0,空换,S,2420.0000,0.0000,0.0000,0.0000,0.0000,2421.0000,0.0000,0.0000,0.0000,0.0000,75,0,0,0,0,79,0,0,0,0
zc,WS209,2012-06-08 09:04:22.897,2420.0000,235226,0,0.0000,0.0000,0,0,空换,S,2420.0000,0.0000,0.0000,0.0000,0.0000,2421.0000,0.0000,0.0000,0.0000,0.0000,74,0,0,0,0,79,0,0,0,0
zc,WS209,2012-06-08 09:04:23.617,2420.0000,235216,-10,0.0000,20.0000,5,15,多平,S,2420.0000,0.0000,0.0000,0.0000,0.0000,2421.0000,0.0000,0.0000,0.0000,0.0000,63,0,0,0,0,79,0,0,0,0
zc,WS209,2012-06-08 09:04:26.070,2420.0000,235214,-2,0.0000,2.0000,0,2,双平,S,2420.0000,0.0000,0.0000,0.0000,0.0000,2421.0000,0.0000,0.0000,0.0000,0.0000,63,0,0,0,0,70,0,0,0,0
zc,WS209,2012-06-08 09:04:26.850,2420.0000,235214,0,0.0000,0.0000,0,0,空换,S,2420.0000,0.0000,0.0000,0.0000,0.0000,2421.0000,0.0000,0.0000,0.0000,0.0000,63,0,0,0,0,71,0,0,0,0
zc,WS209,2012-06-08 09:04:27.397,2420.0000,235214,0,0.0000,0.0000,0,0,空换,S,2420.0000,0.0000,0.0000,0.0000,0.0000,2421.0000,0.0000,0.0000,0.0000,0.0000,63,0,0,0,0,72,0,0,0,0
zc,WS209,2012-06-08 09:04:28.087,2420.0000,235222,8,0.0000,12.0000,10,2,空开,S,2420.0000,0.0000,0.0000,0.0000,0.0000,2421.0000,0.0000,0.0000,0.0000,0.0000,57,0,0,0,0,73,0,0,0,0
zc,WS209,2012-06-08 09:04:28.587,2420.0000,235224,2,0.0000,40.0000,21,19,空开,S,2420.0000,0.0000,0.0000,0.0000,0.0000,2421.0000,0.0000,0.0000,0.0000,0.0000,37,0,0,0,0,53,0,0,0,0
zc,WS209,2012-06-08 09:04:29.837,2420.0000,235218,-6,0.0000,12.0000,3,9,多平,S,2420.0000,0.0000,0.0000,0.0000,0.0000,2421.0000,0.0000,0.0000,0.0000,0.0000,31,0,0,0,0,51,0,0,0,0
zc,WS209,2012-06-08 09:04:30.633,2420.0000,235216,-2,0.0000,6.0000,2,4,多平,S,2420.0000,0.0000,0.0000,0.0000,0.0000,2421.0000,0.0000,0.0000,0.0000,0.0000,28,0,0,0,0,49,0,0,0,0
zc,WS209,2012-06-08 09:04:31.197,2420.0000,235206,-10,0.0000,16.0000,3,13,多平,S,2420.0000,0.0000,0.0000,0.0000,0.0000,2421.0000,0.0000,0.0000,0.0000,0.0000,21,0,0,0,0,47,0,0,0,0
zc,WS209,2012-06-08 09:04:31.803,2420.0000,235206,0,0.0000,0.0000,0,0,空换,S,2420.0000,0.0000,0.0000,0.0000,0.0000,2421.0000,0.0000,0.0000,0.0000,0.0000,22,0,0,0,0,47,0,0,0,0
zc,WS209,2012-06-08 09:04:32.883,2420.0000,235206,0,0.0000,0.0000,0,0,空换,S,2420.0000,0.0000,0.0000,0.0000,0.0000,2421.0000,0.0000,0.0000,0.0000,0.0000,23,0,0,0,0,47,0,0,0,0
zc,WS209,2012-06-08 09:04:33.617,2420.0000,235224,18,0.0000,44.0000,31,13,空开,S,2420.0000,0.0000,0.0000,0.0000,0.0000,2421.0000,0.0000,0.0000,0.0000,0.0000,13,0,0,0,0,53,0,0,0,0
zc,WS209,2012-06-08 09:04:34.070,2420.0000,235218,-6,0.0000,8.0000,1,7,多平,S,2420.0000,0.0000,0.0000,0.0000,0.0000,2421.0000,0.0000,0.0000,0.0000,0.0000,9,0,0,0,0,53,0,0,0,0
zc,WS209,2012-06-08 09:04:34.837,2420.0000,235218,0,0.0000,2.0000,1,1,空换,S,2420.0000,0.0000,0.0000,0.0000,0.0000,2421.0000,0.0000,0.0000,0.0000,0.0000,8,0,0,0,0,47,0,0,0,0
zc,WS209,2012-06-08 09:04:35.290,2420.0000,235218,0,0.0000,16.0000,8,8,空换,S,2419.0000,0.0000,0.0000,0.0000,0.0000,2420.0000,0.0000,0.0000,0.0000,0.0000,11,0,0,0,0,2,0,0,0,0
zc,WS209,2012-06-08 09:04:36.117,2420.0000,235218,0,0.0000,0.0000,0,0,空换,S,2419.0000,0.0000,0.0000,0.0000,0.0000,2420.0000,0.0000,0.0000,0.0000,0.0000,11,0,0,0,0,4,0,0,0,0
zc,WS209,2012-06-08 09:04:36.337,2420.0000,235218,0,0.0000,24.0000,12,12,空换,S,2419.0000,0.0000,0.0000,0.0000,0.0000,2420.0000,0.0000,0.0000,0.0000,0.0000,9,0,0,0,0,100,0,0,0,0
zc,WS209,2012-06-08 09:04:38.053,2420.0000,235218,0,0.0000,0.0000,0,0,空换,S,2419.0000,0.0000,0.0000,0.0000,0.0000,2420.0000,0.0000,0.0000,0.0000,0.0000,10,0,0,0,0,102,0,0,0,0
zc,WS209,2012-06-08 09:04:38.773,2419.0000,235218,0,0.0000,4.0000,2,2,空换,S,2419.0000,0.0000,0.0000,0.0000,0.0000,2420.0000,0.0000,0.0000,0.0000,0.0000,21,0,0,0,0,102,0,0,0,0
zc,WS209,2012-06-08 09:04:39.837,2419.0000,235218,0,0.0000,0.0000,0,0,空换,S,2419.0000,0.0000,0.0000,0.0000,0.0000,2420.0000,0.0000,0.0000,0.0000,0.0000,14,0,0,0,0,102,0,0,0,0
zc,WS209,2012-06-08 09:04:40.553,2419.0000,235216,-2,0.0000,2.0000,0,2,双平,S,2419.0000,0.0000,0.0000,0.0000,0.0000,2420.0000,0.0000,0.0000,0.0000,0.0000,13,0,0,0,0,102,0,0,0,0
zc,WS209,2012-06-08 09:04:41.117,2419.0000,235214,-2,0.0000,4.0000,1,3,多平,S,2419.0000,0.0000,0.0000,0.0000,0.0000,2420.0000,0.0000,0.0000,0.0000,0.0000,5,0,0,0,0,102,0,0,0,0
zc,WS209,2012-06-08 09:04:41.553,2419.0000,235220,6,0.0000,10.0000,8,2,空开,S,2418.0000,0.0000,0.0000,0.0000,0.0000,2419.0000,0.0000,0.0000,0.0000,0.0000,70,0,0,0,0,7,0,0,0,0
zc,WS209,2012-06-08 09:04:42.053,2419.0000,235220,0,0.0000,0.0000,0,0,空换,S,2418.0000,0.0000,0.0000,0.0000,0.0000,2419.0000,0.0000,0.0000,0.0000,0.0000,70,0,0,0,0,12,0,0,0,0
zc,WS209,2012-06-08 09:04:42.803,2419.0000,235234,14,0.0000,24.0000,19,5,空开,S,2418.0000,0.0000,0.0000,0.0000,0.0000,2420.0000,0.0000,0.0000,0.0000,0.0000,60,0,0,0,0,102,0,0,0,0
zc,WS209,2012-06-08 09:04:43.257,2419.0000,235234,0,0.0000,0.0000,0,0,空换,S,2418.0000,0.0000,0.0000,0.0000,0.0000,2420.0000,0.0000,0.0000,0.0000,0.0000,60,0,0,0,0,118,0,0,0,0
zc,WS209,2012-06-08 09:04:43.850,2419.0000,235234,0,0.0000,0.0000,0,0,空换,S,2418.0000,0.0000,0.0000,0.0000,0.0000,2419.0000,0.0000,0.0000,0.0000,0.0000,60,0,0,0,0,1,0,0,0,0
zc,WS209,2012-06-08 09:04:44.570,2418.0000,235230,-4,0.0000,4.0000,0,4,双平,S,2418.0000,0.0000,0.0000,0.0000,0.0000,2419.0000,0.0000,0.0000,0.0000,0.0000,58,0,0,0,0,1,0,0,0,0
zc,WS209,2012-06-08 09:04:45.117,2419.0000,235232,2,0.0000,4.0000,3,1,多开,B,2419.0000,0.0000,0.0000,0.0000,0.0000,2420.0000,0.0000,0.0000,0.0000,0.0000,8,0,0,0,0,123,0,0,0,0
zc,WS209,2012-06-08 09:04:45.570,2419.0000,235232,0,0.0000,0.0000,0,0,多换,B,2419.0000,0.0000,0.0000,0.0000,0.0000,2420.0000,0.0000,0.0000,0.0000,0.0000,18,0,0,0,0,123,0,0,0,0
zc,WS209,2012-06-08 09:04:46.290,2419.0000,235232,0,0.0000,0.0000,0,0,多换,B,2419.0000,0.0000,0.0000,0.0000,0.0000,2420.0000,0.0000,0.0000,0.0000,0.0000,20,0,0,0,0,123,0,0,0,0
zc,WS209,2012-06-08 09:04:46.897,2419.0000,235232,0,0.0000,0.0000,0,0,多换,B,2419.0000,0.0000,0.0000,0.0000,0.0000,2420.0000,0.0000,0.0000,0.0000,0.0000,21,0,0,0,0,123,0,0,0,0
zc,WS209,2012-06-08 09:04:47.320,2419.0000,235232,0,0.0000,0.0000,0,0,多换,B,2419.0000,0.0000,0.0000,0.0000,0.0000,2420.0000,0.0000,0.0000,0.0000,0.0000,12,0,0,0,0,123,0,0,0,0
zc,WS209,2012-06-08 09:04:47.803,2419.0000,235232,0,0.0000,0.0000,0,0,多换,B,2419.0000,0.0000,0.0000,0.0000,0.0000,2420.0000,0.0000,0.0000,0.0000,0.0000,13,0,0,0,0,123,0,0,0,0
zc,WS209,2012-06-08 09:04:48.540,2419.0000,235234,2,0.0000,2.0000,2,0,双开,B,2419.0000,0.0000,0.0000,0.0000,0.0000,2420.0000,0.0000,0.0000,0.0000,0.0000,12,0,0,0,0,123,0,0,0,0
zc,WS209,2012-06-08 09:04:50.350,2419.0000,235232,-2,0.0000,24.0000,11,13,空平,B,2418.0000,0.0000,0.0000,0.0000,0.0000,2419.0000,0.0000,0.0000,0.0000,0.0000,59,0,0,0,0,3,0,0,0,0
zc,WS209,2012-06-08 09:04:50.820,2418.0000,235232,0,0.0000,4.0000,2,2,空换,S,2418.0000,0.0000,0.0000,0.0000,0.0000,2419.0000,0.0000,0.0000,0.0000,0.0000,87,0,0,0,0,17,0,0,0,0
zc,WS209,2012-06-08 09:04:51.397,2418.0000,235232,0,0.0000,0.0000,0,0,空换,S,2418.0000,0.0000,0.0000,0.0000,0.0000,2419.0000,0.0000,0.0000,0.0000,0.0000,89,0,0,0,0,17,0,0,0,0
zc,WS209,2012-06-08 09:04:52.133,2419.0000,235232,0,0.0000,2.0000,1,1,多换,B,2418.0000,0.0000,0.0000,0.0000,0.0000,2419.0000,0.0000,0.0000,0.0000,0.0000,88,0,0,0,0,31,0,0,0,0
zc,WS209,2012-06-08 09:04:52.587,2419.0000,235232,0,0.0000,0.0000,0,0,多换,B,2418.0000,0.0000,0.0000,0.0000,0.0000,2419.0000,0.0000,0.0000,0.0000,0.0000,73,0,0,0,0,31,0,0,0,0
zc,WS209,2012-06-08 09:04:53.790,2419.0000,235232,0,0.0000,2.0000,1,1,多换,B,2418.0000,0.0000,0.0000,0.0000,0.0000,2419.0000,0.0000,0.0000,0.0000,0.0000,73,0,0,0,0,30,0,0,0,0
zc,WS209,2012-06-08 09:04:54.320,2418.0000,235230,-2,0.0000,60.0000,29,31,多平,S,2418.0000,0.0000,0.0000,0.0000,0.0000,2419.0000,0.0000,0.0000,0.0000,0.0000,66,0,0,0,0,9,0,0,0,0
zc,WS209,2012-06-08 09:04:54.790,2418.0000,235236,6,0.0000,6.0000,6,0,双开,S,2418.0000,0.0000,0.0000,0.0000,0.0000,2419.0000,0.0000,0.0000,0.0000,0.0000,63,0,0,0,0,9,0,0,0,0
zc,WS209,2012-06-08 09:04:55.303,2418.0000,235236,0,0.0000,0.0000,0,0,空换,S,2418.0000,0.0000,0.0000,0.0000,0.0000,2419.0000,0.0000,0.0000,0.0000,0.0000,64,0,0,0,0,10,0,0,0,0
zc,WS209,2012-06-08 09:04:56.053,2418.0000,235238,2,0.0000,2.0000,2,0,双开,S,2418.0000,0.0000,0.0000,0.0000,0.0000,2419.0000,0.0000,0.0000,0.0000,0.0000,64,0,0,0,0,10,0,0,0,0
zc,WS209,2012-06-08 09:04:56.303,2418.0000,235238,0,0.0000,2.0000,1,1,空换,S,2418.0000,0.0000,0.0000,0.0000,0.0000,2419.0000,0.0000,0.0000,0.0000,0.0000,63,0,0,0,0,10,0,0,0,0
zc,WS209,2012-06-08 09:04:57.070,2418.0000,235238,0,0.0000,0.0000,0,0,空换,S,2418.0000,0.0000,0.0000,0.0000,0.0000,2419.0000,0.0000,0.0000,0.0000,0.0000,64,0,0,0,0,10,0,0,0,0
zc,WS209,2012-06-08 09:04:57.803,2418.0000,235238,0,0.0000,2.0000,1,1,空换,S,2418.0000,0.0000,0.0000,0.0000,0.0000,2419.0000,0.0000,0.0000,0.0000,0.0000,64,0,0,0,0,17,0,0,0,0
zc,WS209,2012-06-08 09:04:58.320,2418.0000,235232,-6,0.0000,68.0000,31,37,多平,S,2418.0000,0.0000,0.0000,0.0000,0.0000,2419.0000,0.0000,0.0000,0.0000,0.0000,33,0,0,0,0,18,0,0,0,0
zc,WS209,2012-06-08 09:04:58.803,2418.0000,235232,0,0.0000,0.0000,0,0,空换,S,2418.0000,0.0000,0.0000,0.0000,0.0000,2419.0000,0.0000,0.0000,0.0000,0.0000,35,0,0,0,0,18,0,0,0,0
zc,WS209,2012-06-08 09:04:59.570,2419.0000,235234,2,0.0000,4.0000,3,1,多开,B,2418.0000,0.0000,0.0000,0.0000,0.0000,2419.0000,0.0000,0.0000,0.0000,0.0000,37,0,0,0,0,17,0,0,0,0
zc,WS209,2012-06-08 09:05:00.100,2419.0000,235234,0,0.0000,0.0000,0,0,多换,B,2418.0000,0.0000,0.0000,0.0000,0.0000,2419.0000,0.0000,0.0000,0.0000,0.0000,37,0,0,0,0,24,0,0,0,0
zc,WS209,2012-06-08 09:05:00.617,2419.0000,235234,0,0.0000,0.0000,0,0,多换,B,2418.0000,0.0000,0.0000,0.0000,0.0000,2419.0000,0.0000,0.0000,0.0000,0.0000,38,0,0,0,0,24,0,0,0,0
zc,WS209,2012-06-08 09:05:01.303,2419.0000,235234,0,0.0000,4.0000,2,2,多换,B,2418.0000,0.0000,0.0000,0.0000,0.0000,2419.0000,0.0000,0.0000,0.0000,0.0000,38,0,0,0,0,22,0,0,0,0
zc,WS209,2012-06-08 09:05:01.803,2419.0000,235234,0,0.0000,0.0000,0,0,多换,B,2418.0000,0.0000,0.0000,0.0000,0.0000,2419.0000,0.0000,0.0000,0.0000,0.0000,38,0,0,0,0,21,0,0,0,0
zc,WS209,2012-06-08 09:05:02.553,2419.0000,235234,0,0.0000,0.0000,0,0,多换,B,2418.0000,0.0000,0.0000,0.0000,0.0000,2419.0000,0.0000,0.0000,0.0000,0.0000,39,0,0,0,0,21,0,0,0,0
zc,WS209,2012-06-08 09:05:04.257,2418.0000,235234,0,0.0000,8.0000,4,4,空换,S,2418.0000,0.0000,0.0000,0.0000,0.0000,2419.0000,0.0000,0.0000,0.0000,0.0000,36,0,0,0,0,20,0,0,0,0
zc,WS209,2012-06-08 09:05:05.053,2419.0000,235234,0,0.0000,4.0000,2,2,多换,B,2418.0000,0.0000,0.0000,0.0000,0.0000,2419.0000,0.0000,0.0000,0.0000,0.0000,38,0,0,0,0,19,0,0,0,0
zc,WS209,2012-06-08 09:05:05.303,2419.0000,235234,0,0.0000,2.0000,1,1,多换,B,2418.0000,0.0000,0.0000,0.0000,0.0000,2419.0000,0.0000,0.0000,0.0000,0.0000,38,0,0,0,0,18,0,0,0,0
zc,WS209,2012-06-08 09:05:06.070,2419.0000,235234,0,0.0000,2.0000,1,1,多换,B,2418.0000,0.0000,0.0000,0.0000,0.0000,2419.0000,0.0000,0.0000,0.0000,0.0000,38,0,0,0,0,16,0,0,0,0
zc,WS209,2012-06-08 09:05:06.850,2419.0000,235236,2,0.0000,2.0000,2,0,双开,B,2418.0000,0.0000,0.0000,0.0000,0.0000,2419.0000,0.0000,0.0000,0.0000,0.0000,39,0,0,0,0,15,0,0,0,0
zc,WS209,2012-06-08 09:05:07.303,2418.0000,235238,2,0.0000,6.0000,4,2,空开,S,2418.0000,0.0000,0.0000,0.0000,0.0000,2419.0000,0.0000,0.0000,0.0000,0.0000,37,0,0,0,0,14,0,0,0,0
zc,WS209,2012-06-08 09:05:07.867,2419.0000,235238,0,0.0000,4.0000,2,2,多换,B,2418.0000,0.0000,0.0000,0.0000,0.0000,2419.0000,0.0000,0.0000,0.0000,0.0000,47,0,0,0,0,12,0,0,0,0
zc,WS209,2012-06-08 09:05:08.587,2418.0000,235230,-8,0.0000,110.0000,51,59,多平,S,2417.0000,0.0000,0.0000,0.0000,0.0000,2418.0000,0.0000,0.0000,0.0000,0.0000,19,0,0,0,0,53,0,0,0,0
zc,WS209,2012-06-08 09:05:09.337,2418.0000,235230,0,0.0000,2.0000,1,1,空换,S,2417.0000,0.0000,0.0000,0.0000,0.0000,2418.0000,0.0000,0.0000,0.0000,0.0000,20,0,0,0,0,52,0,0,0,0
zc,WS209,2012-06-08 09:05:09.790,2418.0000,235230,0,0.0000,8.0000,4,4,空换,S,2417.0000,0.0000,0.0000,0.0000,0.0000,2418.0000,0.0000,0.0000,0.0000,0.0000,20,0,0,0,0,48,0,0,0,0
zc,WS209,2012-06-08 09:05:10.320,2418.0000,235228,-2,0.0000,6.0000,2,4,多平,S,2417.0000,0.0000,0.0000,0.0000,0.0000,2418.0000,0.0000,0.0000,0.0000,0.0000,20,0,0,0,0,45,0,0,0,0
zc,WS209,2012-06-08 09:05:11.117,2418.0000,235226,-2,0.0000,2.0000,0,2,双平,S,2417.0000,0.0000,0.0000,0.0000,0.0000,2418.0000,0.0000,0.0000,0.0000,0.0000,25,0,0,0,0,44,0,0,0,0
zc,WS209,2012-06-08 09:05:11.600,2418.0000,235226,0,0.0000,4.0000,2,2,空换,S,2417.0000,0.0000,0.0000,0.0000,0.0000,2418.0000,0.0000,0.0000,0.0000,0.0000,34,0,0,0,0,42,0,0,0,0
zc,WS209,2012-06-08 09:05:12.320,2418.0000,235226,0,0.0000,2.0000,1,1,空换,S,2417.0000,0.0000,0.0000,0.0000,0.0000,2418.0000,0.0000,0.0000,0.0000,0.0000,34,0,0,0,0,41,0,0,0,0
zc,WS209,2012-06-08 09:05:12.850,2418.0000,235228,2,0.0000,6.0000,4,2,空开,S,2417.0000,0.0000,0.0000,0.0000,0.0000,2418.0000,0.0000,0.0000,0.0000,0.0000,33,0,0,0,0,39,0,0,0,0
zc,WS209,2012-06-08 09:05:13.633,2418.0000,235228,0,0.0000,6.0000,3,3,空换,S,2417.0000,0.0000,0.0000,0.0000,0.0000,2418.0000,0.0000,0.0000,0.0000,0.0000,33,0,0,0,0,36,0,0,0,0
zc,WS209,2012-06-08 09:05:14.133,2418.0000,235228,0,0.0000,2.0000,1,1,空换,S,2417.0000,0.0000,0.0000,0.0000,0.0000,2418.0000,0.0000,0.0000,0.0000,0.0000,17,0,0,0,0,45,0,0,0,0
zc,WS209,2012-06-08 09:05:14.790,2417.0000,235226,-2,0.0000,2.0000,0,2,双平,S,2417.0000,0.0000,0.0000,0.0000,0.0000,2418.0000,0.0000,0.0000,0.0000,0.0000,16,0,0,0,0,45,0,0,0,0
zc,WS209,2012-06-08 09:05:15.337,2417.0000,235228,2,0.0000,4.0000,3,1,空开,S,2417.0000,0.0000,0.0000,0.0000,0.0000,2418.0000,0.0000,0.0000,0.0000,0.0000,32,0,0,0,0,37,0,0,0,0
zc,WS209,2012-06-08 09:05:16.117,2418.0000,235228,0,0.0000,26.0000,13,13,多换,B,2417.0000,0.0000,0.0000,0.0000,0.0000,2418.0000,0.0000,0.0000,0.0000,0.0000,21,0,0,0,0,35,0,0,0,0
zc,WS209,2012-06-08 09:05:18.133,2418.0000,235228,0,0.0000,0.0000,0,0,多换,B,2417.0000,0.0000,0.0000,0.0000,0.0000,2418.0000,0.0000,0.0000,0.0000,0.0000,22,0,0,0,0,136,0,0,0,0
zc,WS209,2012-06-08 09:05:18.837,2417.0000,235230,2,0.0000,2.0000,2,0,双开,S,2417.0000,0.0000,0.0000,0.0000,0.0000,2418.0000,0.0000,0.0000,0.0000,0.0000,21,0,0,0,0,136,0,0,0,0
zc,WS209,2012-06-08 09:05:19.303,2417.0000,235230,0,0.0000,0.0000,0,0,空换,S,2417.0000,0.0000,0.0000,0.0000,0.0000,2418.0000,0.0000,0.0000,0.0000,0.0000,22,0,0,0,0,136,0,0,0,0
zc,WS209,2012-06-08 09:05:19.867,2417.0000,235230,0,0.0000,2.0000,1,1,空换,S,2417.0000,0.0000,0.0000,0.0000,0.0000,2418.0000,0.0000,0.0000,0.0000,0.0000,21,0,0,0,0,141,0,0,0,0
zc,WS209,2012-06-08 09:05:20.570,2417.0000,235230,0,0.0000,0.0000,0,0,空换,S,2417.0000,0.0000,0.0000,0.0000,0.0000,2418.0000,0.0000,0.0000,0.0000,0.0000,9,0,0,0,0,152,0,0,0,0
zc,WS209,2012-06-08 09:05:21.320,2417.0000,235230,0,0.0000,0.0000,0,0,空换,S,2417.0000,0.0000,0.0000,0.0000,0.0000,2418.0000,0.0000,0.0000,0.0000,0.0000,9,0,0,0,0,153,0,0,0,0
zc,WS209,2012-06-08 09:05:21.773,2417.0000,235230,0,0.0000,0.0000,0,0,空换,S,2417.0000,0.0000,0.0000,0.0000,0.0000,2418.0000,0.0000,0.0000,0.0000,0.0000,12,0,0,0,0,143,0,0,0,0
zc,WS209,2012-06-08 09:05:22.570,2417.0000,235230,0,0.0000,2.0000,1,1,空换,S,2417.0000,0.0000,0.0000,0.0000,0.0000,2418.0000,0.0000,0.0000,0.0000,0.0000,11,0,0,0,0,143,0,0,0,0
zc,WS209,2012-06-08 09:05:23.023,2417.0000,235232,2,0.0000,2.0000,2,0,双开,S,2417.0000,0.0000,0.0000,0.0000,0.0000,2418.0000,0.0000,0.0000,0.0000,0.0000,8,0,0,0,0,153,0,0,0,0
zc,WS209,2012-06-08 09:05:23.883,2417.0000,235234,2,0.0000,2.0000,2,0,双开,S,2417.0000,0.0000,0.0000,0.0000,0.0000,2418.0000,0.0000,0.0000,0.0000,0.0000,22,0,0,0,0,153,0,0,0,0
zc,WS209,2012-06-08 09:05:24.617,2417.0000,235234,0,0.0000,0.0000,0,0,空换,S,2417.0000,0.0000,0.0000,0.0000,0.0000,2418.0000,0.0000,0.0000,0.0000,0.0000,23,0,0,0,0,152,0,0,0,0
zc,WS209,2012-06-08 09:05:25.820,2417.0000,235242,8,0.0000,44.0000,26,18,空开,S,2417.0000,0.0000,0.0000,0.0000,0.0000,2418.0000,0.0000,0.0000,0.0000,0.0000,1,0,0,0,0,172,0,0,0,0
zc,WS209,2012-06-08 09:05:26.367,2417.0000,235242,0,0.0000,0.0000,0,0,空换,S,2417.0000,0.0000,0.0000,0.0000,0.0000,2418.0000,0.0000,0.0000,0.0000,0.0000,1,0,0,0,0,171,0,0,0,0
zc,WS209,2012-06-08 09:05:27.147,2417.0000,235242,0,0.0000,8.0000,4,4,空换,S,2416.0000,0.0000,0.0000,0.0000,0.0000,2417.0000,0.0000,0.0000,0.0000,0.0000,16,0,0,0,0,1,0,0,0,0
zc,WS209,2012-06-08 09:05:27.523,2417.0000,235244,2,0.0000,4.0000,3,1,空开,S,2417.0000,0.0000,0.0000,0.0000,0.0000,2418.0000,0.0000,0.0000,0.0000,0.0000,12,0,0,0,0,161,0,0,0,0
zc,WS209,2012-06-08 09:05:28.303,2417.0000,235242,-2,0.0000,4.0000,1,3,多平,S,2417.0000,0.0000,0.0000,0.0000,0.0000,2418.0000,0.0000,0.0000,0.0000,0.0000,15,0,0,0,0,161,0,0,0,0
zc,WS209,2012-06-08 09:05:28.883,2417.0000,235242,0,0.0000,0.0000,0,0,空换,S,2417.0000,0.0000,0.0000,0.0000,0.0000,2418.0000,0.0000,0.0000,0.0000,0.0000,16,0,0,0,0,161,0,0,0,0
zc,WS209,2012-06-08 09:05:29.493,2417.0000,235242,0,0.0000,0.0000,0,0,空换,S,2417.0000,0.0000,0.0000,0.0000,0.0000,2418.0000,0.0000,0.0000,0.0000,0.0000,16,0,0,0,0,176,0,0,0,0
zc,WS209,2012-06-08 09:05:29.867,2417.0000,235240,-2,0.0000,2.0000,0,2,双平,S,2417.0000,0.0000,0.0000,0.0000,0.0000,2418.0000,0.0000,0.0000,0.0000,0.0000,15,0,0,0,0,177,0,0,0,0
zc,WS209,2012-06-08 09:05:30.633,2417.0000,235238,-2,0.0000,2.0000,0,2,双平,S,2417.0000,0.0000,0.0000,0.0000,0.0000,2418.0000,0.0000,0.0000,0.0000,0.0000,21,0,0,0,0,177,0,0,0,0
zc,WS209,2012-06-08 09:05:31.820,2417.0000,235238,0,0.0000,0.0000,0,0,空换,S,2417.0000,0.0000,0.0000,0.0000,0.0000,2418.0000,0.0000,0.0000,0.0000,0.0000,31,0,0,0,0,177,0,0,0,0
zc,WS209,2012-06-08 09:05:32.337,2417.0000,235226,-12,0.0000,44.0000,16,28,多平,S,2417.0000,0.0000,0.0000,0.0000,0.0000,2418.0000,0.0000,0.0000,0.0000,0.0000,39,0,0,0,0,177,0,0,0,0
zc,WS209,2012-06-08 09:05:33.133,2417.0000,235226,0,0.0000,0.0000,0,0,空换,S,2417.0000,0.0000,0.0000,0.0000,0.0000,2418.0000,0.0000,0.0000,0.0000,0.0000,88,0,0,0,0,177,0,0,0,0
zc,WS209,2012-06-08 09:05:34.397,2418.0000,235226,0,0.0000,2.0000,1,1,多换,B,2417.0000,0.0000,0.0000,0.0000,0.0000,2418.0000,0.0000,0.0000,0.0000,0.0000,89,0,0,0,0,176,0,0,0,0
zc,WS209,2012-06-08 09:05:35.040,2417.0000,235226,0,0.0000,10.0000,5,5,空换,S,2417.0000,0.0000,0.0000,0.0000,0.0000,2418.0000,0.0000,0.0000,0.0000,0.0000,84,0,0,0,0,176,0,0,0,0
zc,WS209,2012-06-08 09:05:35.553,2418.0000,235398,172,0.0000,206.0000,189,17,多开,B,2417.0000,0.0000,0.0000,0.0000,0.0000,2418.0000,0.0000,0.0000,0.0000,0.0000,26,0,0,0,0,175,0,0,0,0
zc,WS209,2012-06-08 09:05:37.633,2418.0000,235388,-10,0.0000,12.0000,1,11,空平,B,2417.0000,0.0000,0.0000,0.0000,0.0000,2418.0000,0.0000,0.0000,0.0000,0.0000,27,0,0,0,0,179,0,0,0,0
zc,WS209,2012-06-08 09:05:38.180,2418.0000,235388,0,0.0000,6.0000,3,3,多换,B,2417.0000,0.0000,0.0000,0.0000,0.0000,2418.0000,0.0000,0.0000,0.0000,0.0000,26,0,0,0,0,178,0,0,0,0
zc,WS209,2012-06-08 09:05:38.790,2418.0000,235388,0,0.0000,0.0000,0,0,多换,B,2417.0000,0.0000,0.0000,0.0000,0.0000,2418.0000,0.0000,0.0000,0.0000,0.0000,30,0,0,0,0,178,0,0,0,0
zc,WS209,2012-06-08 09:05:39.337,2417.0000,235404,16,0.0000,16.0000,16,0,双开,S,2417.0000,0.0000,0.0000,0.0000,0.0000,2418.0000,0.0000,0.0000,0.0000,0.0000,22,0,0,0,0,178,0,0,0,0
zc,WS209,2012-06-08 09:05:40.553,2417.0000,235404,0,0.0000,0.0000,0,0,空换,S,2417.0000,0.0000,0.0000,0.0000,0.0000,2418.0000,0.0000,0.0000,0.0000,0.0000,23,0,0,0,0,178,0,0,0,0
zc,WS209,2012-06-08 09:05:41.617,2417.0000,235404,0,0.0000,0.0000,0,0,空换,S,2417.0000,0.0000,0.0000,0.0000,0.0000,2418.0000,0.0000,0.0000,0.0000,0.0000,43,0,0,0,0,178,0,0,0,0
zc,WS209,2012-06-08 09:05:42.350,2418.0000,235404,0,0.0000,4.0000,2,2,多换,B,2417.0000,0.0000,0.0000,0.0000,0.0000,2418.0000,0.0000,0.0000,0.0000,0.0000,43,0,0,0,0,176,0,0,0,0
zc,WS209,2012-06-08 09:05:42.867,2417.0000,235404,0,0.0000,20.0000,10,10,空换,S,2417.0000,0.0000,0.0000,0.0000,0.0000,2418.0000,0.0000,0.0000,0.0000,0.0000,33,0,0,0,0,176,0,0,0,0
zc,WS209,2012-06-08 09:05:43.600,2417.0000,235404,0,0.0000,0.0000,0,0,空换,S,2417.0000,0.0000,0.0000,0.0000,0.0000,2418.0000,0.0000,0.0000,0.0000,0.0000,35,0,0,0,0,176,0,0,0,0
zc,WS209,2012-06-08 09:05:44.867,2417.0000,235404,0,0.0000,0.0000,0,0,空换,S,2417.0000,0.0000,0.0000,0.0000,0.0000,2418.0000,0.0000,0.0000,0.0000,0.0000,43,0,0,0,0,176,0,0,0,0
zc,WS209,2012-06-08 09:05:45.587,2418.0000,235404,0,0.0000,4.0000,2,2,多换,B,2417.0000,0.0000,0.0000,0.0000,0.0000,2418.0000,0.0000,0.0000,0.0000,0.0000,62,0,0,0,0,174,0,0,0,0
zc,WS209,2012-06-08 09:05:46.053,2417.0000,235566,162,0.0000,378.0000,270,108,空开,S,2417.0000,0.0000,0.0000,0.0000,0.0000,2419.0000,0.0000,0.0000,0.0000,0.0000,98,0,0,0,0,104,0,0,0,0
zc,WS209,2012-06-08 09:05:46.803,2417.0000,235566,0,0.0000,0.0000,0,0,空换,S,2417.0000,0.0000,0.0000,0.0000,0.0000,2418.0000,0.0000,0.0000,0.0000,0.0000,81,0,0,0,0,1,0,0,0,0
zc,WS209,2012-06-08 09:05:47.350,2417.0000,235566,0,0.0000,0.0000,0,0,空换,S,2417.0000,0.0000,0.0000,0.0000,0.0000,2418.0000,0.0000,0.0000,0.0000,0.0000,100,0,0,0,0,1,0,0,0,0
zc,WS209,2012-06-08 09:05:48.117,2417.0000,235566,0,0.0000,0.0000,0,0,空换,S,2417.0000,0.0000,0.0000,0.0000,0.0000,2418.0000,0.0000,0.0000,0.0000,0.0000,101,0,0,0,0,1,0,0,0,0
zc,WS209,2012-06-08 09:05:49.367,2418.0000,235566,0,0.0000,2.0000,1,1,多换,B,2418.0000,0.0000,0.0000,0.0000,0.0000,2419.0000,0.0000,0.0000,0.0000,0.0000,1,0,0,0,0,106,0,0,0,0
zc,WS209,2012-06-08 09:05:49.867,2418.0000,235566,0,0.0000,2.0000,1,1,多换,B,2418.0000,0.0000,0.0000,0.0000,0.0000,2419.0000,0.0000,0.0000,0.0000,0.0000,3,0,0,0,0,106,0,0,0,0
zc,WS209,2012-06-08 09:05:50.600,2418.0000,235570,4,0.0000,4.0000,4,0,双开,B,2418.0000,0.0000,0.0000,0.0000,0.0000,2419.0000,0.0000,0.0000,0.0000,0.0000,3,0,0,0,0,106,0,0,0,0
zc,WS209,2012-06-08 09:05:51.337,2418.0000,235574,4,0.0000,4.0000,4,0,双开,B,2418.0000,0.0000,0.0000,0.0000,0.0000,2419.0000,0.0000,0.0000,0.0000,0.0000,10,0,0,0,0,106,0,0,0,0
zc,WS209,2012-06-08 09:05:51.837,2418.0000,235576,2,0.0000,2.0000,2,0,双开,B,2418.0000,0.0000,0.0000,0.0000,0.0000,2419.0000,0.0000,0.0000,0.0000,0.0000,9,0,0,0,0,116,0,0,0,0
zc,WS209,2012-06-08 09:05:52.883,2418.0000,235576,0,0.0000,18.0000,9,9,多换,B,2417.0000,0.0000,0.0000,0.0000,0.0000,2418.0000,0.0000,0.0000,0.0000,0.0000,44,0,0,0,0,1,0,0,0,0
zc,WS209,2012-06-08 09:05:53.350,2418.0000,235578,2,0.0000,2.0000,2,0,双开,B,2417.0000,0.0000,0.0000,0.0000,0.0000,2419.0000,0.0000,0.0000,0.0000,0.0000,24,0,0,0,0,116,0,0,0,0
zc,WS209,2012-06-08 09:05:54.600,2418.0000,235578,0,0.0000,0.0000,0,0,多换,B,2417.0000,0.0000,0.0000,0.0000,0.0000,2419.0000,0.0000,0.0000,0.0000,0.0000,25,0,0,0,0,116,0,0,0,0
zc,WS209,2012-06-08 09:05:55.133,2418.0000,235578,0,0.0000,0.0000,0,0,多换,B,2418.0000,0.0000,0.0000,0.0000,0.0000,2419.0000,0.0000,0.0000,0.0000,0.0000,1,0,0,0,0,116,0,0,0,0
zc,WS209,2012-06-08 09:05:58.587,2418.0000,235578,0,0.0000,4.0000,2,2,多换,B,2417.0000,0.0000,0.0000,0.0000,0.0000,2419.0000,0.0000,0.0000,0.0000,0.0000,36,0,0,0,0,115,0,0,0,0
zc,WS209,2012-06-08 09:05:59.617,2418.0000,235578,0,0.0000,0.0000,0,0,多换,B,2417.0000,0.0000,0.0000,0.0000,0.0000,2418.0000,0.0000,0.0000,0.0000,0.0000,37,0,0,0,0,40,0,0,0,0
zc,WS209,2012-06-08 09:06:00.117,2418.0000,235578,0,0.0000,0.0000,0,0,多换,B,2417.0000,0.0000,0.0000,0.0000,0.0000,2418.0000,0.0000,0.0000,0.0000,0.0000,42,0,0,0,0,45,0,0,0,0
zc,WS209,2012-06-08 09:06:00.837,2418.0000,235578,0,0.0000,0.0000,0,0,多换,B,2417.0000,0.0000,0.0000,0.0000,0.0000,2418.0000,0.0000,0.0000,0.0000,0.0000,42,0,0,0,0,46,0,0,0,0
zc,WS209,2012-06-08 09:06:01.413,2418.0000,235578,0,0.0000,0.0000,0,0,多换,B,2417.0000,0.0000,0.0000,0.0000,0.0000,2418.0000,0.0000,0.0000,0.0000,0.0000,45,0,0,0,0,47,0,0,0,0
zc,WS209,2012-06-08 09:06:02.070,2418.0000,235578,0,0.0000,12.0000,6,6,多换,B,2417.0000,0.0000,0.0000,0.0000,0.0000,2418.0000,0.0000,0.0000,0.0000,0.0000,48,0,0,0,0,41,0,0,0,0
zc,WS209,2012-06-08 09:06:02.587,2418.0000,235578,0,0.0000,0.0000,0,0,多换,B,2417.0000,0.0000,0.0000,0.0000,0.0000,2418.0000,0.0000,0.0000,0.0000,0.0000,50,0,0,0,0,41,0,0,0,0
zc,WS209,2012-06-08 09:06:04.587,2418.0000,235578,0,0.0000,4.0000,2,2,多换,B,2417.0000,0.0000,0.0000,0.0000,0.0000,2418.0000,0.0000,0.0000,0.0000,0.0000,48,0,0,0,0,39,0,0,0,0
zc,WS209,2012-06-08 09:06:05.367,2418.0000,235578,0,0.0000,0.0000,0,0,多换,B,2417.0000,0.0000,0.0000,0.0000,0.0000,2418.0000,0.0000,0.0000,0.0000,0.0000,47,0,0,0,0,39,0,0,0,0
zc,WS209,2012-06-08 09:06:05.867,2418.0000,235578,0,0.0000,0.0000,0,0,多换,B,2417.0000,0.0000,0.0000,0.0000,0.0000,2418.0000,0.0000,0.0000,0.0000,0.0000,54,0,0,0,0,40,0,0,0,0
zc,WS209,2012-06-08 09:06:07.133,2418.0000,235578,0,0.0000,2.0000,1,1,多换,B,2417.0000,0.0000,0.0000,0.0000,0.0000,2418.0000,0.0000,0.0000,0.0000,0.0000,54,0,0,0,0,40,0,0,0,0
zc,WS209,2012-06-08 09:06:07.850,2418.0000,235576,-2,0.0000,2.0000,0,2,双平,B,2417.0000,0.0000,0.0000,0.0000,0.0000,2418.0000,0.0000,0.0000,0.0000,0.0000,54,0,0,0,0,42,0,0,0,0
zc,WS209,2012-06-08 09:06:10.350,2418.0000,235578,2,0.0000,84.0000,43,41,多开,B,2418.0000,0.0000,0.0000,0.0000,0.0000,2419.0000,0.0000,0.0000,0.0000,0.0000,40,0,0,0,0,113,0,0,0,0
zc,WS209,2012-06-08 09:06:10.867,2418.0000,235580,2,0.0000,2.0000,2,0,双开,B,2418.0000,0.0000,0.0000,0.0000,0.0000,2419.0000,0.0000,0.0000,0.0000,0.0000,39,0,0,0,0,115,0,0,0,0
zc,WS209,2012-06-08 09:06:11.587,2418.0000,235580,0,0.0000,0.0000,0,0,多换,B,2418.0000,0.0000,0.0000,0.0000,0.0000,2419.0000,0.0000,0.0000,0.0000,0.0000,39,0,0,0,0,117,0,0,0,0
zc,WS209,2012-06-08 09:06:12.100,2418.0000,235582,2,0.0000,2.0000,2,0,双开,B,2418.0000,0.0000,0.0000,0.0000,0.0000,2419.0000,0.0000,0.0000,0.0000,0.0000,38,0,0,0,0,117,0,0,0,0
zc,WS209,2012-06-08 09:06:12.837,2418.0000,235582,0,0.0000,0.0000,0,0,多换,B,2418.0000,0.0000,0.0000,0.0000,0.0000,2419.0000,0.0000,0.0000,0.0000,0.0000,39,0,0,0,0,117,0,0,0,0
zc,WS209,2012-06-08 09:06:13.350,2419.0000,235582,0,0.0000,2.0000,1,1,多换,B,2418.0000,0.0000,0.0000,0.0000,0.0000,2419.0000,0.0000,0.0000,0.0000,0.0000,39,0,0,0,0,116,0,0,0,0
zc,WS209,2012-06-08 09:06:13.867,2419.0000,235582,0,0.0000,0.0000,0,0,多换,B,2418.0000,0.0000,0.0000,0.0000,0.0000,2419.0000,0.0000,0.0000,0.0000,0.0000,40,0,0,0,0,116,0,0,0,0
zc,WS209,2012-06-08 09:06:14.553,2419.0000,235582,0,0.0000,2.0000,1,1,多换,B,2418.0000,0.0000,0.0000,0.0000,0.0000,2419.0000,0.0000,0.0000,0.0000,0.0000,40,0,0,0,0,115,0,0,0,0
zc,WS209,2012-06-08 09:06:15.163,2419.0000,235580,-2,0.0000,2.0000,0,2,双平,B,2418.0000,0.0000,0.0000,0.0000,0.0000,2419.0000,0.0000,0.0000,0.0000,0.0000,40,0,0,0,0,114,0,0,0,0
zc,WS209,2012-06-08 09:06:16.320,2419.0000,235580,0,0.0000,0.0000,0,0,多换,B,2418.0000,0.0000,0.0000,0.0000,0.0000,2419.0000,0.0000,0.0000,0.0000,0.0000,41,0,0,0,0,114,0,0,0,0
zc,WS209,2012-06-08 09:06:17.367,2418.0000,235580,0,0.0000,14.0000,7,7,空换,S,2418.0000,0.0000,0.0000,0.0000,0.0000,2419.0000,0.0000,0.0000,0.0000,0.0000,34,0,0,0,0,108,0,0,0,0
zc,WS209,2012-06-08 09:06:18.290,2418.0000,235580,0,0.0000,2.0000,1,1,空换,S,2418.0000,0.0000,0.0000,0.0000,0.0000,2419.0000,0.0000,0.0000,0.0000,0.0000,33,0,0,0,0,107,0,0,0,0
zc,WS209,2012-06-08 09:06:18.600,2418.0000,235580,0,0.0000,2.0000,1,1,空换,S,2418.0000,0.0000,0.0000,0.0000,0.0000,2419.0000,0.0000,0.0000,0.0000,0.0000,32,0,0,0,0,107,0,0,0,0
zc,WS209,2012-06-08 09:06:19.337,2418.0000,235580,0,0.0000,0.0000,0,0,空换,S,2418.0000,0.0000,0.0000,0.0000,0.0000,2419.0000,0.0000,0.0000,0.0000,0.0000,33,0,0,0,0,107,0,0,0,0
zc,WS209,2012-06-08 09:06:20.553,2418.0000,235580,0,0.0000,0.0000,0,0,空换,S,2418.0000,0.0000,0.0000,0.0000,0.0000,2419.0000,0.0000,0.0000,0.0000,0.0000,33,0,0,0,0,108,0,0,0,0
zc,WS209,2012-06-08 09:06:21.053,2419.0000,235584,4,0.0000,12.0000,8,4,多开,B,2418.0000,0.0000,0.0000,0.0000,0.0000,2419.0000,0.0000,0.0000,0.0000,0.0000,31,0,0,0,0,105,0,0,0,0
zc,WS209,2012-06-08 09:06:21.647,2419.0000,235606,22,0.0000,22.0000,22,0,双开,B,2418.0000,0.0000,0.0000,0.0000,0.0000,2419.0000,0.0000,0.0000,0.0000,0.0000,31,0,0,0,0,94,0,0,0,0
zc,WS209,2012-06-08 09:06:22.897,2419.0000,235606,0,0.0000,0.0000,0,0,多换,B,2418.0000,0.0000,0.0000,0.0000,0.0000,2419.0000,0.0000,0.0000,0.0000,0.0000,30,0,0,0,0,94,0,0,0,0
zc,WS209,2012-06-08 09:06:23.600,2419.0000,235606,0,0.0000,0.0000,0,0,多换,B,2418.0000,0.0000,0.0000,0.0000,0.0000,2419.0000,0.0000,0.0000,0.0000,0.0000,32,0,0,0,0,94,0,0,0,0
zc,WS209,2012-06-08 09:06:25.803,2418.0000,235666,60,0.0000,66.0000,63,3,空开,S,2417.0000,0.0000,0.0000,0.0000,0.0000,2418.0000,0.0000,0.0000,0.0000,0.0000,91,0,0,0,0,17,0,0,0,0
zc,WS209,2012-06-08 09:06:26.320,2418.0000,235672,6,0.0000,6.0000,6,0,双开,S,2417.0000,0.0000,0.0000,0.0000,0.0000,2418.0000,0.0000,0.0000,0.0000,0.0000,91,0,0,0,0,14,0,0,0,0
zc,WS209,2012-06-08 09:06:27.040,2418.0000,235674,2,0.0000,2.0000,2,0,双开,S,2417.0000,0.0000,0.0000,0.0000,0.0000,2418.0000,0.0000,0.0000,0.0000,0.0000,91,0,0,0,0,13,0,0,0,0
zc,WS209,2012-06-08 09:06:27.587,2418.0000,235676,2,0.0000,4.0000,3,1,空开,S,2417.0000,0.0000,0.0000,0.0000,0.0000,2418.0000,0.0000,0.0000,0.0000,0.0000,91,0,0,0,0,15,0,0,0,0
zc,WS209,2012-06-08 09:06:28.337,2418.0000,235686,10,0.0000,12.0000,11,1,空开,S,2417.0000,0.0000,0.0000,0.0000,0.0000,2418.0000,0.0000,0.0000,0.0000,0.0000,91,0,0,0,0,9,0,0,0,0
zc,WS209,2012-06-08 09:06:28.850,2418.0000,235686,0,0.0000,0.0000,0,0,空换,S,2417.0000,0.0000,0.0000,0.0000,0.0000,2418.0000,0.0000,0.0000,0.0000,0.0000,91,0,0,0,0,10,0,0,0,0
zc,WS209,2012-06-08 09:06:29.647,2418.0000,235698,12,0.0000,20.0000,16,4,空开,S,2418.0000,0.0000,0.0000,0.0000,0.0000,2419.0000,0.0000,0.0000,0.0000,0.0000,10,0,0,0,0,92,0,0,0,0
zc,WS209,2012-06-08 09:06:30.337,2418.0000,235698,0,0.0000,0.0000,0,0,空换,S,2418.0000,0.0000,0.0000,0.0000,0.0000,2419.0000,0.0000,0.0000,0.0000,0.0000,11,0,0,0,0,94,0,0,0,0
zc,WS209,2012-06-08 09:06:34.227,2418.0000,235698,0,0.0000,0.0000,0,0,空换,S,2418.0000,0.0000,0.0000,0.0000,0.0000,2419.0000,0.0000,0.0000,0.0000,0.0000,13,0,0,0,0,94,0,0,0,0
zc,WS209,2012-06-08 09:06:35.553,2418.0000,235698,0,0.0000,0.0000,0,0,空换,S,2418.0000,0.0000,0.0000,0.0000,0.0000,2419.0000,0.0000,0.0000,0.0000,0.0000,13,0,0,0,0,95,0,0,0,0
zc,WS209,2012-06-08 09:06:37.040,2418.0000,235698,0,0.0000,0.0000,0,0,空换,S,2418.0000,0.0000,0.0000,0.0000,0.0000,2419.0000,0.0000,0.0000,0.0000,0.0000,13,0,0,0,0,96,0,0,0,0
zc,WS209,2012-06-08 09:06:38.883,2418.0000,235698,0,0.0000,0.0000,0,0,空换,S,2418.0000,0.0000,0.0000,0.0000,0.0000,2419.0000,0.0000,0.0000,0.0000,0.0000,13,0,0,0,0,99,0,0,0,0
zc,WS209,2012-06-08 09:06:40.553,2418.0000,235698,0,0.0000,0.0000,0,0,空换,S,2418.0000,0.0000,0.0000,0.0000,0.0000,2419.0000,0.0000,0.0000,0.0000,0.0000,15,0,0,0,0,99,0,0,0,0
zc,WS209,2012-06-08 09:06:41.070,2419.0000,235700,2,0.0000,2.0000,2,0,双开,B,2418.0000,0.0000,0.0000,0.0000,0.0000,2419.0000,0.0000,0.0000,0.0000,0.0000,16,0,0,0,0,100,0,0,0,0
zc,WS209,2012-06-08 09:06:41.790,2418.0000,235706,6,0.0000,6.0000,6,0,双开,S,2418.0000,0.0000,0.0000,0.0000,0.0000,2419.0000,0.0000,0.0000,0.0000,0.0000,14,0,0,0,0,97,0,0,0,0
zc,WS209,2012-06-08 09:06:43.070,2418.0000,235706,0,0.0000,0.0000,0,0,空换,S,2418.0000,0.0000,0.0000,0.0000,0.0000,2419.0000,0.0000,0.0000,0.0000,0.0000,14,0,0,0,0,142,0,0,0,0
zc,WS209,2012-06-08 09:06:43.570,2419.0000,235706,0,0.0000,2.0000,1,1,多换,B,2418.0000,0.0000,0.0000,0.0000,0.0000,2419.0000,0.0000,0.0000,0.0000,0.0000,14,0,0,0,0,141,0,0,0,0
zc,WS209,2012-06-08 09:06:44.040,2419.0000,235708,2,0.0000,2.0000,2,0,双开,B,2418.0000,0.0000,0.0000,0.0000,0.0000,2419.0000,0.0000,0.0000,0.0000,0.0000,14,0,0,0,0,140,0,0,0,0
zc,WS209,2012-06-08 09:06:46.100,2419.0000,235708,0,0.0000,0.0000,0,0,多换,B,2418.0000,0.0000,0.0000,0.0000,0.0000,2419.0000,0.0000,0.0000,0.0000,0.0000,17,0,0,0,0,140,0,0,0,0
zc,WS209,2012-06-08 09:06:46.587,2419.0000,235708,0,0.0000,0.0000,0,0,多换,B,2418.0000,0.0000,0.0000,0.0000,0.0000,2419.0000,0.0000,0.0000,0.0000,0.0000,18,0,0,0,0,150,0,0,0,0
zc,WS209,2012-06-08 09:06:47.337,2419.0000,235708,0,0.0000,0.0000,0,0,多换,B,2418.0000,0.0000,0.0000,0.0000,0.0000,2419.0000,0.0000,0.0000,0.0000,0.0000,21,0,0,0,0,150,0,0,0,0
zc,WS209,2012-06-08 09:06:47.790,2419.0000,235708,0,0.0000,0.0000,0,0,多换,B,2418.0000,0.0000,0.0000,0.0000,0.0000,2419.0000,0.0000,0.0000,0.0000,0.0000,22,0,0,0,0,150,0,0,0,0
zc,WS209,2012-06-08 09:06:48.803,2419.0000,235708,0,0.0000,0.0000,0,0,多换,B,2418.0000,0.0000,0.0000,0.0000,0.0000,2419.0000,0.0000,0.0000,0.0000,0.0000,23,0,0,0,0,150,0,0,0,0
zc,WS209,2012-06-08 09:06:50.600,2418.0000,235698,-10,0.0000,46.0000,18,28,多平,S,2417.0000,0.0000,0.0000,0.0000,0.0000,2418.0000,0.0000,0.0000,0.0000,0.0000,60,0,0,0,0,577,0,0,0,0
zc,WS209,2012-06-08 09:06:52.540,2418.0000,235698,0,0.0000,0.0000,0,0,空换,S,2417.0000,0.0000,0.0000,0.0000,0.0000,2418.0000,0.0000,0.0000,0.0000,0.0000,60,0,0,0,0,597,0,0,0,0
zc,WS209,2012-06-08 09:06:52.790,2418.0000,235698,0,0.0000,2.0000,1,1,空换,S,2417.0000,0.0000,0.0000,0.0000,0.0000,2418.0000,0.0000,0.0000,0.0000,0.0000,60,0,0,0,0,599,0,0,0,0
zc,WS209,2012-06-08 09:06:53.633,2418.0000,235698,0,0.0000,2.0000,1,1,空换,S,2417.0000,0.0000,0.0000,0.0000,0.0000,2418.0000,0.0000,0.0000,0.0000,0.0000,60,0,0,0,0,601,0,0,0,0
zc,WS209,2012-06-08 09:06:54.820,2417.0000,235698,0,0.0000,8.0000,4,4,空换,S,2417.0000,0.0000,0.0000,0.0000,0.0000,2418.0000,0.0000,0.0000,0.0000,0.0000,56,0,0,0,0,602,0,0,0,0
zc,WS209,2012-06-08 09:06:55.773,2417.0000,235708,10,0.0000,14.0000,12,2,空开,S,2417.0000,0.0000,0.0000,0.0000,0.0000,2418.0000,0.0000,0.0000,0.0000,0.0000,51,0,0,0,0,600,0,0,0,0
zc,WS209,2012-06-08 09:06:57.087,2417.0000,235708,0,0.0000,0.0000,0,0,空换,S,2417.0000,0.0000,0.0000,0.0000,0.0000,2418.0000,0.0000,0.0000,0.0000,0.0000,50,0,0,0,0,597,0,0,0,0
zc,WS209,2012-06-08 09:06:57.820,2417.0000,235704,-4,0.0000,8.0000,2,6,多平,S,2417.0000,0.0000,0.0000,0.0000,0.0000,2418.0000,0.0000,0.0000,0.0000,0.0000,41,0,0,0,0,601,0,0,0,0
zc,WS209,2012-06-08 09:06:58.570,2417.0000,235704,0,0.0000,10.0000,5,5,空换,S,2417.0000,0.0000,0.0000,0.0000,0.0000,2418.0000,0.0000,0.0000,0.0000,0.0000,36,0,0,0,0,601,0,0,0,0
zc,WS209,2012-06-08 09:06:59.133,2417.0000,235704,0,0.0000,0.0000,0,0,空换,S,2417.0000,0.0000,0.0000,0.0000,0.0000,2418.0000,0.0000,0.0000,0.0000,0.0000,36,0,0,0,0,603,0,0,0,0
zc,WS209,2012-06-08 09:06:59.523,2418.0000,235720,16,0.0000,22.0000,19,3,多开,B,2417.0000,0.0000,0.0000,0.0000,0.0000,2418.0000,0.0000,0.0000,0.0000,0.0000,25,0,0,0,0,602,0,0,0,0
zc,WS209,2012-06-08 09:07:00.350,2417.0000,235732,12,0.0000,26.0000,19,7,空开,S,2417.0000,0.0000,0.0000,0.0000,0.0000,2418.0000,0.0000,0.0000,0.0000,0.0000,12,0,0,0,0,602,0,0,0,0
zc,WS209,2012-06-08 09:07:00.820,2417.0000,235730,-2,0.0000,10.0000,4,6,多平,S,2417.0000,0.0000,0.0000,0.0000,0.0000,2418.0000,0.0000,0.0000,0.0000,0.0000,7,0,0,0,0,602,0,0,0,0
zc,WS209,2012-06-08 09:07:01.617,2418.0000,235720,-10,0.0000,12.0000,1,11,空平,B,2417.0000,0.0000,0.0000,0.0000,0.0000,2418.0000,0.0000,0.0000,0.0000,0.0000,6,0,0,0,0,607,0,0,0,0
zc,WS209,2012-06-08 09:07:02.053,2417.0000,235730,10,0.0000,10.0000,10,0,双开,S,2417.0000,0.0000,0.0000,0.0000,0.0000,2418.0000,0.0000,0.0000,0.0000,0.0000,1,0,0,0,0,607,0,0,0,0
zc,WS209,2012-06-08 09:07:02.790,2417.0000,235730,0,0.0000,2.0000,1,1,空换,S,2416.0000,0.0000,0.0000,0.0000,0.0000,2417.0000,0.0000,0.0000,0.0000,0.0000,66,0,0,0,0,100,0,0,0,0
zc,WS209,2012-06-08 09:07:03.303,2417.0000,235730,0,0.0000,0.0000,0,0,空换,S,2416.0000,0.0000,0.0000,0.0000,0.0000,2417.0000,0.0000,0.0000,0.0000,0.0000,66,0,0,0,0,101,0,0,0,0
zc,WS209,2012-06-08 09:07:04.100,2417.0000,235730,0,0.0000,0.0000,0,0,空换,S,2416.0000,0.0000,0.0000,0.0000,0.0000,2417.0000,0.0000,0.0000,0.0000,0.0000,66,0,0,0,0,104,0,0,0,0
zc,WS209,2012-06-08 09:07:04.523,2417.0000,235730,0,0.0000,0.0000,0,0,空换,S,2416.0000,0.0000,0.0000,0.0000,0.0000,2417.0000,0.0000,0.0000,0.0000,0.0000,66,0,0,0,0,107,0,0,0,0
zc,WS209,2012-06-08 09:07:05.087,2417.0000,235730,0,0.0000,2.0000,1,1,空换,S,2416.0000,0.0000,0.0000,0.0000,0.0000,2417.0000,0.0000,0.0000,0.0000,0.0000,66,0,0,0,0,100,0,0,0,0
zc,WS209,2012-06-08 09:07:05.587,2417.0000,235730,0,0.0000,0.0000,0,0,空换,S,2416.0000,0.0000,0.0000,0.0000,0.0000,2417.0000,0.0000,0.0000,0.0000,0.0000,66,0,0,0,0,104,0,0,0,0
zc,WS209,2012-06-08 09:07:07.070,2417.0000,235750,20,0.0000,26.0000,23,3,空开,S,2416.0000,0.0000,0.0000,0.0000,0.0000,2417.0000,0.0000,0.0000,0.0000,0.0000,63,0,0,0,0,91,0,0,0,0
zc,WS209,2012-06-08 09:07:07.540,2417.0000,235752,2,0.0000,6.0000,4,2,空开,S,2416.0000,0.0000,0.0000,0.0000,0.0000,2417.0000,0.0000,0.0000,0.0000,0.0000,61,0,0,0,0,87,0,0,0,0
zc,WS209,2012-06-08 09:07:08.087,2417.0000,235754,2,0.0000,2.0000,2,0,双开,S,2416.0000,0.0000,0.0000,0.0000,0.0000,2417.0000,0.0000,0.0000,0.0000,0.0000,62,0,0,0,0,86,0,0,0,0
zc,WS209,2012-06-08 09:07:09.367,2417.0000,235764,10,0.0000,32.0000,21,11,空开,S,2416.0000,0.0000,0.0000,0.0000,0.0000,2417.0000,0.0000,0.0000,0.0000,0.0000,51,0,0,0,0,70,0,0,0,0
zc,WS209,2012-06-08 09:07:09.803,2417.0000,235766,2,0.0000,4.0000,3,1,空开,S,2416.0000,0.0000,0.0000,0.0000,0.0000,2417.0000,0.0000,0.0000,0.0000,0.0000,48,0,0,0,0,69,0,0,0,0
zc,WS209,2012-06-08 09:07:10.553,2417.0000,235766,0,0.0000,6.0000,3,3,空换,S,2416.0000,0.0000,0.0000,0.0000,0.0000,2417.0000,0.0000,0.0000,0.0000,0.0000,49,0,0,0,0,66,0,0,0,0
zc,WS209,2012-06-08 09:07:10.883,2417.0000,235768,2,0.0000,4.0000,3,1,空开,S,2416.0000,0.0000,0.0000,0.0000,0.0000,2417.0000,0.0000,0.0000,0.0000,0.0000,48,0,0,0,0,65,0,0,0,0
zc,WS209,2012-06-08 09:07:11.633,2417.0000,235782,14,0.0000,14.0000,14,0,双开,S,2416.0000,0.0000,0.0000,0.0000,0.0000,2417.0000,0.0000,0.0000,0.0000,0.0000,47,0,0,0,0,58,0,0,0,0
zc,WS209,2012-06-08 09:07:12.023,2417.0000,235782,0,0.0000,0.0000,0,0,空换,S,2416.0000,0.0000,0.0000,0.0000,0.0000,2417.0000,0.0000,0.0000,0.0000,0.0000,47,0,0,0,0,68,0,0,0,0
zc,WS209,2012-06-08 09:07:12.867,2417.0000,235784,2,0.0000,2.0000,2,0,双开,S,2416.0000,0.0000,0.0000,0.0000,0.0000,2417.0000,0.0000,0.0000,0.0000,0.0000,47,0,0,0,0,67,0,0,0,0
zc,WS209,2012-06-08 09:07:13.540,2417.0000,235784,0,0.0000,38.0000,19,19,空换,S,2416.0000,0.0000,0.0000,0.0000,0.0000,2417.0000,0.0000,0.0000,0.0000,0.0000,36,0,0,0,0,48,0,0,0,0
zc,WS209,2012-06-08 09:07:14.087,2417.0000,235792,8,0.0000,28.0000,18,10,空开,S,2416.0000,0.0000,0.0000,0.0000,0.0000,2417.0000,0.0000,0.0000,0.0000,0.0000,66,0,0,0,0,34,0,0,0,0
zc,WS209,2012-06-08 09:07:14.883,2417.0000,235794,2,0.0000,2.0000,2,0,双开,S,2416.0000,0.0000,0.0000,0.0000,0.0000,2417.0000,0.0000,0.0000,0.0000,0.0000,66,0,0,0,0,33,0,0,0,0
zc,WS209,2012-06-08 09:07:15.303,2417.0000,235794,0,0.0000,2.0000,1,1,空换,S,2416.0000,0.0000,0.0000,0.0000,0.0000,2417.0000,0.0000,0.0000,0.0000,0.0000,65,0,0,0,0,32,0,0,0,0
zc,WS209,2012-06-08 09:07:16.070,2417.0000,235796,2,0.0000,12.0000,7,5,空开,S,2416.0000,0.0000,0.0000,0.0000,0.0000,2417.0000,0.0000,0.0000,0.0000,0.0000,28,0,0,0,0,41,0,0,0,0
zc,WS209,2012-06-08 09:07:16.570,2417.0000,235802,6,0.0000,6.0000,6,0,双开,S,2416.0000,0.0000,0.0000,0.0000,0.0000,2417.0000,0.0000,0.0000,0.0000,0.0000,28,0,0,0,0,39,0,0,0,0
zc,WS209,2012-06-08 09:07:17.070,2417.0000,235804,2,0.0000,2.0000,2,0,双开,S,2416.0000,0.0000,0.0000,0.0000,0.0000,2417.0000,0.0000,0.0000,0.0000,0.0000,48,0,0,0,0,39,0,0,0,0
zc,WS209,2012-06-08 09:07:18.273,2417.0000,235806,2,0.0000,2.0000,2,0,双开,S,2416.0000,0.0000,0.0000,0.0000,0.0000,2417.0000,0.0000,0.0000,0.0000,0.0000,50,0,0,0,0,38,0,0,0,0
zc,WS209,2012-06-08 09:07:18.803,2417.0000,235806,0,0.0000,0.0000,0,0,空换,S,2416.0000,0.0000,0.0000,0.0000,0.0000,2417.0000,0.0000,0.0000,0.0000,0.0000,89,0,0,0,0,26,0,0,0,0
zc,WS209,2012-06-08 09:07:19.587,2417.0000,235806,0,0.0000,0.0000,0,0,空换,S,2416.0000,0.0000,0.0000,0.0000,0.0000,2417.0000,0.0000,0.0000,0.0000,0.0000,89,0,0,0,0,24,0,0,0,0
zc,WS209,2012-06-08 09:07:20.070,2417.0000,235806,0,0.0000,0.0000,0,0,空换,S,2416.0000,0.0000,0.0000,0.0000,0.0000,2417.0000,0.0000,0.0000,0.0000,0.0000,86,0,0,0,0,26,0,0,0,0
zc,WS209,2012-06-08 09:07:20.820,2417.0000,235806,0,0.0000,4.0000,2,2,空换,S,2416.0000,0.0000,0.0000,0.0000,0.0000,2417.0000,0.0000,0.0000,0.0000,0.0000,91,0,0,0,0,24,0,0,0,0
zc,WS209,2012-06-08 09:07:21.290,2417.0000,235796,-10,0.0000,48.0000,19,29,多平,S,2417.0000,0.0000,0.0000,0.0000,0.0000,2418.0000,0.0000,0.0000,0.0000,0.0000,1,0,0,0,0,601,0,0,0,0
zc,WS209,2012-06-08 09:07:21.820,2417.0000,235796,0,0.0000,0.0000,0,0,空换,S,2417.0000,0.0000,0.0000,0.0000,0.0000,2418.0000,0.0000,0.0000,0.0000,0.0000,1,0,0,0,0,603,0,0,0,0
zc,WS209,2012-06-08 09:07:22.570,2416.0000,235794,-2,0.0000,20.0000,9,11,多平,S,2416.0000,0.0000,0.0000,0.0000,0.0000,2418.0000,0.0000,0.0000,0.0000,0.0000,58,0,0,0,0,603,0,0,0,0
zc,WS209,2012-06-08 09:07:23.820,2416.0000,235794,0,0.0000,0.0000,0,0,空换,S,2416.0000,0.0000,0.0000,0.0000,0.0000,2417.0000,0.0000,0.0000,0.0000,0.0000,45,0,0,0,0,10,0,0,0,0
zc,WS209,2012-06-08 09:07:25.383,2416.0000,235794,0,0.0000,0.0000,0,0,空换,S,2416.0000,0.0000,0.0000,0.0000,0.0000,2417.0000,0.0000,0.0000,0.0000,0.0000,45,0,0,0,0,13,0,0,0,0
zc,WS209,2012-06-08 09:07:26.100,2416.0000,235800,6,0.0000,20.0000,13,7,空开,S,2416.0000,0.0000,0.0000,0.0000,0.0000,2417.0000,0.0000,0.0000,0.0000,0.0000,35,0,0,0,0,13,0,0,0,0
zc,WS209,2012-06-08 09:07:26.587,2416.0000,235792,-8,0.0000,12.0000,2,10,多平,S,2416.0000,0.0000,0.0000,0.0000,0.0000,2417.0000,0.0000,0.0000,0.0000,0.0000,31,0,0,0,0,12,0,0,0,0
zc,WS209,2012-06-08 09:07:27.087,2416.0000,235786,-6,0.0000,58.0000,26,32,多平,S,2416.0000,0.0000,0.0000,0.0000,0.0000,2417.0000,0.0000,0.0000,0.0000,0.0000,2,0,0,0,0,12,0,0,0,0
zc,WS209,2012-06-08 09:07:27.820,2416.0000,235786,0,0.0000,0.0000,0,0,空换,S,2416.0000,0.0000,0.0000,0.0000,0.0000,2417.0000,0.0000,0.0000,0.0000,0.0000,3,0,0,0,0,13,0,0,0,0
zc,WS209,2012-06-08 09:07:28.337,2416.0000,235788,2,0.0000,2.0000,2,0,双开,S,2416.0000,0.0000,0.0000,0.0000,0.0000,2417.0000,0.0000,0.0000,0.0000,0.0000,11,0,0,0,0,16,0,0,0,0
zc,WS209,2012-06-08 09:07:29.053,2416.0000,235764,-24,0.0000,24.0000,0,24,双平,S,2415.0000,0.0000,0.0000,0.0000,0.0000,2416.0000,0.0000,0.0000,0.0000,0.0000,50,0,0,0,0,7,0,0,0,0
zc,WS209,2012-06-08 09:07:29.507,2416.0000,235764,0,0.0000,0.0000,0,0,空换,S,2415.0000,0.0000,0.0000,0.0000,0.0000,2416.0000,0.0000,0.0000,0.0000,0.0000,50,0,0,0,0,7,0,0,0,0
zc,WS209,2012-06-08 09:07:30.070,2416.0000,235764,0,0.0000,12.0000,6,6,空换,S,2415.0000,0.0000,0.0000,0.0000,0.0000,2416.0000,0.0000,0.0000,0.0000,0.0000,50,0,0,0,0,1,0,0,0,0
zc,WS209,2012-06-08 09:07:31.303,2416.0000,235764,0,0.0000,2.0000,1,1,空换,S,2416.0000,0.0000,0.0000,0.0000,0.0000,2417.0000,0.0000,0.0000,0.0000,0.0000,1,0,0,0,0,16,0,0,0,0
zc,WS209,2012-06-08 09:07:31.773,2416.0000,235764,0,0.0000,0.0000,0,0,空换,S,2416.0000,0.0000,0.0000,0.0000,0.0000,2417.0000,0.0000,0.0000,0.0000,0.0000,3,0,0,0,0,16,0,0,0,0
zc,WS209,2012-06-08 09:07:32.350,2416.0000,235764,0,0.0000,0.0000,0,0,空换,S,2416.0000,0.0000,0.0000,0.0000,0.0000,2417.0000,0.0000,0.0000,0.0000,0.0000,8,0,0,0,0,16,0,0,0,0
zc,WS209,2012-06-08 09:07:34.100,2416.0000,235764,0,0.0000,0.0000,0,0,空换,S,2416.0000,0.0000,0.0000,0.0000,0.0000,2417.0000,0.0000,0.0000,0.0000,0.0000,8,0,0,0,0,17,0,0,0,0
zc,WS209,2012-06-08 09:07:35.320,2416.0000,235764,0,0.0000,0.0000,0,0,空换,S,2416.0000,0.0000,0.0000,0.0000,0.0000,2417.0000,0.0000,0.0000,0.0000,0.0000,13,0,0,0,0,18,0,0,0,0
zc,WS209,2012-06-08 09:07:35.773,2416.0000,235766,2,0.0000,2.0000,2,0,双开,S,2416.0000,0.0000,0.0000,0.0000,0.0000,2417.0000,0.0000,0.0000,0.0000,0.0000,12,0,0,0,0,18,0,0,0,0
zc,WS209,2012-06-08 09:07:36.337,2416.0000,235760,-6,0.0000,20.0000,7,13,多平,S,2416.0000,0.0000,0.0000,0.0000,0.0000,2417.0000,0.0000,0.0000,0.0000,0.0000,2,0,0,0,0,16,0,0,0,0
