市场代码,合约代码,时间,最新,持仓,增仓,成交额,成交量,开仓,平仓,成交类型,方向,买一价,买二价,买三价,买四价,买五价,卖一价,卖二价,卖三价,卖四价,卖五价,买一量,买二量,买三量,买四量,买五量,卖一量,卖二量,卖三量,卖四量,卖五量
zc,WS301,2012-06-08 07:42:02.227,0.0000,455864,0,0.0000,0.0000,0,0,空换,S,0.0000,0.0000,0.0000,0.0000,0.0000,0.0000,0.0000,0.0000,0.0000,0.0000,0,0,0,0,0,0,0,0,0,0
zc,WS301,2012-06-08 07:44:28.243,0.0000,455864,0,0.0000,0.0000,0,0,空换,S,0.0000,0.0000,0.0000,0.0000,0.0000,0.0000,0.0000,0.0000,0.0000,0.0000,0,0,0,0,0,0,0,0,0,0
zc,WS301,2012-06-08 07:47:28.243,0.0000,455864,0,0.0000,0.0000,0,0,空换,S,0.0000,0.0000,0.0000,0.0000,0.0000,0.0000,0.0000,0.0000,0.0000,0.0000,0,0,0,0,0,0,0,0,0,0
zc,WS301,2012-06-08 07:48:28.243,0.0000,455864,0,0.0000,0.0000,0,0,空换,S,0.0000,0.0000,0.0000,0.0000,0.0000,0.0000,0.0000,0.0000,0.0000,0.0000,0,0,0,0,0,0,0,0,0,0
zc,WS301,2012-06-08 07:49:28.243,0.0000,455864,0,0.0000,0.0000,0,0,空换,S,0.0000,0.0000,0.0000,0.0000,0.0000,0.0000,0.0000,0.0000,0.0000,0.0000,0,0,0,0,0,0,0,0,0,0
zc,WS301,2012-06-08 07:50:28.227,0.0000,455864,0,0.0000,0.0000,0,0,空换,S,0.0000,0.0000,0.0000,0.0000,0.0000,0.0000,0.0000,0.0000,0.0000,0.0000,0,0,0,0,0,0,0,0,0,0
zc,WS301,2012-06-08 07:51:28.227,0.0000,455864,0,0.0000,0.0000,0,0,空换,S,0.0000,0.0000,0.0000,0.0000,0.0000,0.0000,0.0000,0.0000,0.0000,0.0000,0,0,0,0,0,0,0,0,0,0
zc,WS301,2012-06-08 08:13:29.540,0.0000,455864,0,0.0000,0.0000,0,0,空换,S,0.0000,0.0000,0.0000,0.0000,0.0000,0.0000,0.0000,0.0000,0.0000,0.0000,0,0,0,0,0,0,0,0,0,0
zc,WS301,2012-06-08 08:15:29.540,0.0000,455864,0,0.0000,0.0000,0,0,空换,S,0.0000,0.0000,0.0000,0.0000,0.0000,0.0000,0.0000,0.0000,0.0000,0.0000,0,0,0,0,0,0,0,0,0,0
zc,WS301,2012-06-08 08:17:29.540,0.0000,455864,0,0.0000,0.0000,0,0,空换,S,0.0000,0.0000,0.0000,0.0000,0.0000,0.0000,0.0000,0.0000,0.0000,0.0000,0,0,0,0,0,0,0,0,0,0
zc,WS301,2012-06-08 08:24:29.523,0.0000,455864,0,0.0000,0.0000,0,0,空换,S,0.0000,0.0000,0.0000,0.0000,0.0000,0.0000,0.0000,0.0000,0.0000,0.0000,0,0,0,0,0,0,0,0,0,0
zc,WS301,2012-06-08 08:28:29.523,0.0000,455864,0,0.0000,0.0000,0,0,空换,S,0.0000,0.0000,0.0000,0.0000,0.0000,0.0000,0.0000,0.0000,0.0000,0.0000,0,0,0,0,0,0,0,0,0,0
zc,WS301,2012-06-08 08:39:29.523,0.0000,455864,0,0.0000,0.0000,0,0,空换,S,0.0000,0.0000,0.0000,0.0000,0.0000,0.0000,0.0000,0.0000,0.0000,0.0000,0,0,0,0,0,0,0,0,0,0
zc,WS301,2012-06-08 08:55:02.553,0.0000,455864,0,0.0000,0.0000,0,0,空换,S,0.0000,0.0000,0.0000,0.0000,0.0000,0.0000,0.0000,0.0000,0.0000,0.0000,0,0,0,0,0,0,0,0,0,0
zc,WS301,2012-06-08 08:55:07.493,0.0000,455864,0,0.0000,0.0000,0,0,空换,S,0.0000,0.0000,0.0000,0.0000,0.0000,0.0000,0.0000,0.0000,0.0000,0.0000,0,0,0,0,0,0,0,0,0,0
zc,WS301,2012-06-08 08:55:10.727,0.0000,455864,0,0.0000,0.0000,0,0,空换,S,0.0000,0.0000,0.0000,0.0000,0.0000,0.0000,0.0000,0.0000,0.0000,0.0000,0,0,0,0,0,0,0,0,0,0
zc,WS301,2012-06-08 08:55:13.227,0.0000,455864,0,0.0000,0.0000,0,0,空换,S,0.0000,0.0000,0.0000,0.0000,0.0000,0.0000,0.0000,0.0000,0.0000,0.0000,0,0,0,0,0,0,0,0,0,0
zc,WS301,2012-06-08 08:55:16.493,0.0000,455864,0,0.0000,0.0000,0,0,空换,S,0.0000,0.0000,0.0000,0.0000,0.0000,0.0000,0.0000,0.0000,0.0000,0.0000,0,0,0,0,0,0,0,0,0,0
zc,WS301,2012-06-08 08:55:40.993,0.0000,455864,0,0.0000,0.0000,0,0,空换,S,0.0000,0.0000,0.0000,0.0000,0.0000,0.0000,0.0000,0.0000,0.0000,0.0000,0,0,0,0,0,0,0,0,0,0
zc,WS301,2012-06-08 08:56:03.227,0.0000,455864,0,0.0000,0.0000,0,0,空换,S,0.0000,0.0000,0.0000,0.0000,0.0000,0.0000,0.0000,0.0000,0.0000,0.0000,0,0,0,0,0,0,0,0,0,0
zc,WS301,2012-06-08 08:56:05.977,0.0000,455864,0,0.0000,0.0000,0,0,空换,S,0.0000,0.0000,0.0000,0.0000,0.0000,0.0000,0.0000,0.0000,0.0000,0.0000,0,0,0,0,0,0,0,0,0,0
zc,WS301,2012-06-08 08:58:27.743,0.0000,455864,0,0.0000,0.0000,0,0,空换,S,0.0000,0.0000,0.0000,0.0000,0.0000,0.0000,0.0000,0.0000,0.0000,0.0000,0,0,0,0,0,0,0,0,0,0
zc,WS301,2012-06-08 08:58:58.493,0.0000,455864,0,0.0000,0.0000,0,0,空换,S,0.0000,0.0000,0.0000,0.0000,0.0000,0.0000,0.0000,0.0000,0.0000,0.0000,0,0,0,0,0,0,0,0,0,0
zc,WS301,2012-06-08 09:00:01.727,2527.0000,455868,4,0.0000,2370.0000,1187,1183,多开,B,2526.0000,0.0000,0.0000,0.0000,0.0000,2527.0000,0.0000,0.0000,0.0000,0.0000,138,0,0,0,0,165,0,0,0,0
zc,WS301,2012-06-08 09:00:05.697,2526.0000,455832,-36,0.0000,804.0000,384,420,多平,S,2526.0000,0.0000,0.0000,0.0000,0.0000,2527.0000,0.0000,0.0000,0.0000,0.0000,26,0,0,0,0,629,0,0,0,0
zc,WS301,2012-06-08 09:00:06.460,2526.0000,455884,52,0.0000,56.0000,54,2,空开,S,2525.0000,0.0000,0.0000,0.0000,0.0000,2526.0000,0.0000,0.0000,0.0000,0.0000,85,0,0,0,0,148,0,0,0,0
zc,WS301,2012-06-08 09:00:06.960,2526.0000,455886,2,0.0000,2.0000,2,0,双开,S,2525.0000,0.0000,0.0000,0.0000,0.0000,2526.0000,0.0000,0.0000,0.0000,0.0000,85,0,0,0,0,200,0,0,0,0
zc,WS301,2012-06-08 09:00:07.710,2525.0000,456022,136,0.0000,210.0000,173,37,空开,S,2524.0000,0.0000,0.0000,0.0000,0.0000,2525.0000,0.0000,0.0000,0.0000,0.0000,96,0,0,0,0,84,0,0,0,0
zc,WS301,2012-06-08 09:00:08.163,2524.0000,456146,124,0.0000,280.0000,202,78,空开,S,2524.0000,0.0000,0.0000,0.0000,0.0000,2525.0000,0.0000,0.0000,0.0000,0.0000,79,0,0,0,0,4,0,0,0,0
zc,WS301,2012-06-08 09:00:08.647,2525.0000,456144,-2,0.0000,6.0000,2,4,空平,B,2524.0000,0.0000,0.0000,0.0000,0.0000,2525.0000,0.0000,0.0000,0.0000,0.0000,79,0,0,0,0,68,0,0,0,0
zc,WS301,2012-06-08 09:00:09.460,2524.0000,456148,4,0.0000,18.0000,11,7,空开,S,2524.0000,0.0000,0.0000,0.0000,0.0000,2525.0000,0.0000,0.0000,0.0000,0.0000,72,0,0,0,0,72,0,0,0,0
zc,WS301,2012-06-08 09:00:10.197,2524.0000,456148,0,0.0000,146.0000,73,73,空换,S,2523.0000,0.0000,0.0000,0.0000,0.0000,2524.0000,0.0000,0.0000,0.0000,0.0000,14,0,0,0,0,9,0,0,0,0
zc,WS301,2012-06-08 09:00:10.493,2524.0000,456148,0,0.0000,0.0000,0,0,空换,S,2523.0000,0.0000,0.0000,0.0000,0.0000,2524.0000,0.0000,0.0000,0.0000,0.0000,104,0,0,0,0,12,0,0,0,0
zc,WS301,2012-06-08 09:00:11.180,2523.0000,456148,0,0.0000,108.0000,54,54,空换,S,2523.0000,0.0000,0.0000,0.0000,0.0000,2524.0000,0.0000,0.0000,0.0000,0.0000,127,0,0,0,0,5,0,0,0,0
zc,WS301,2012-06-08 09:00:11.883,2524.0000,456140,-8,0.0000,50.0000,21,29,空平,B,2524.0000,0.0000,0.0000,0.0000,0.0000,2525.0000,0.0000,0.0000,0.0000,0.0000,13,0,0,0,0,36,0,0,0,0
zc,WS301,2012-06-08 09:00:12.210,2524.0000,456116,-24,0.0000,220.0000,98,122,空平,B,2522.0000,0.0000,0.0000,0.0000,0.0000,2523.0000,0.0000,0.0000,0.0000,0.0000,212,0,0,0,0,12,0,0,0,0
zc,WS301,2012-06-08 09:00:12.897,2523.0000,456116,0,0.0000,6.0000,3,3,空换,S,2522.0000,0.0000,0.0000,0.0000,0.0000,2523.0000,0.0000,0.0000,0.0000,0.0000,262,0,0,0,0,46,0,0,0,0
zc,WS301,2012-06-08 09:00:13.383,2522.0000,456114,-2,0.0000,10.0000,4,6,多平,S,2522.0000,0.0000,0.0000,0.0000,0.0000,2523.0000,0.0000,0.0000,0.0000,0.0000,259,0,0,0,0,47,0,0,0,0
zc,WS301,2012-06-08 09:00:14.383,2522.0000,456110,-4,0.0000,4.0000,0,4,双平,S,2522.0000,0.0000,0.0000,0.0000,0.0000,2523.0000,0.0000,0.0000,0.0000,0.0000,257,0,0,0,0,47,0,0,0,0
zc,WS301,2012-06-08 09:00:14.913,2523.0000,456122,12,0.0000,164.0000,88,76,多开,B,2523.0000,0.0000,0.0000,0.0000,0.0000,2524.0000,0.0000,0.0000,0.0000,0.0000,21,0,0,0,0,23,0,0,0,0
zc,WS301,2012-06-08 09:00:15.633,2523.0000,456124,2,0.0000,12.0000,7,5,多开,B,2523.0000,0.0000,0.0000,0.0000,0.0000,2524.0000,0.0000,0.0000,0.0000,0.0000,34,0,0,0,0,37,0,0,0,0
zc,WS301,2012-06-08 09:00:16.257,2524.0000,456126,2,0.0000,88.0000,45,43,多开,B,2522.0000,0.0000,0.0000,0.0000,0.0000,2523.0000,0.0000,0.0000,0.0000,0.0000,208,0,0,0,0,50,0,0,0,0
zc,WS301,2012-06-08 09:00:17.180,2523.0000,456126,0,0.0000,6.0000,3,3,空换,S,2522.0000,0.0000,0.0000,0.0000,0.0000,2523.0000,0.0000,0.0000,0.0000,0.0000,208,0,0,0,0,49,0,0,0,0
zc,WS301,2012-06-08 09:00:17.460,2522.0000,456104,-22,0.0000,22.0000,0,22,双平,S,2522.0000,0.0000,0.0000,0.0000,0.0000,2523.0000,0.0000,0.0000,0.0000,0.0000,206,0,0,0,0,50,0,0,0,0
zc,WS301,2012-06-08 09:00:18.697,2523.0000,456102,-2,0.0000,14.0000,6,8,空平,B,2522.0000,0.0000,0.0000,0.0000,0.0000,2523.0000,0.0000,0.0000,0.0000,0.0000,215,0,0,0,0,47,0,0,0,0
zc,WS301,2012-06-08 09:00:19.930,2522.0000,456096,-6,0.0000,32.0000,13,19,多平,S,2522.0000,0.0000,0.0000,0.0000,0.0000,2523.0000,0.0000,0.0000,0.0000,0.0000,213,0,0,0,0,34,0,0,0,0
zc,WS301,2012-06-08 09:00:20.383,2522.0000,456084,-12,0.0000,54.0000,21,33,多平,S,2522.0000,0.0000,0.0000,0.0000,0.0000,2523.0000,0.0000,0.0000,0.0000,0.0000,218,0,0,0,0,14,0,0,0,0
zc,WS301,2012-06-08 09:00:20.850,2523.0000,456084,0,0.0000,12.0000,6,6,多换,B,2522.0000,0.0000,0.0000,0.0000,0.0000,2523.0000,0.0000,0.0000,0.0000,0.0000,213,0,0,0,0,13,0,0,0,0
zc,WS301,2012-06-08 09:00:21.710,2524.0000,456084,0,0.0000,42.0000,21,21,多换,B,2522.0000,0.0000,0.0000,0.0000,0.0000,2524.0000,0.0000,0.0000,0.0000,0.0000,210,0,0,0,0,536,0,0,0,0
zc,WS301,2012-06-08 09:00:22.447,2523.0000,456076,-8,0.0000,32.0000,12,20,多平,S,2522.0000,0.0000,0.0000,0.0000,0.0000,2523.0000,0.0000,0.0000,0.0000,0.0000,206,0,0,0,0,22,0,0,0,0
zc,WS301,2012-06-08 09:00:23.180,2523.0000,456074,-2,0.0000,6.0000,2,4,多平,S,2522.0000,0.0000,0.0000,0.0000,0.0000,2523.0000,0.0000,0.0000,0.0000,0.0000,206,0,0,0,0,19,0,0,0,0
zc,WS301,2012-06-08 09:00:23.697,2522.0000,456072,-2,0.0000,10.0000,4,6,多平,S,2522.0000,0.0000,0.0000,0.0000,0.0000,2523.0000,0.0000,0.0000,0.0000,0.0000,203,0,0,0,0,17,0,0,0,0
zc,WS301,2012-06-08 09:00:24.413,2523.0000,456070,-2,0.0000,6.0000,2,4,空平,B,2522.0000,0.0000,0.0000,0.0000,0.0000,2523.0000,0.0000,0.0000,0.0000,0.0000,205,0,0,0,0,16,0,0,0,0
zc,WS301,2012-06-08 09:00:25.133,2523.0000,455968,-102,0.0000,136.0000,17,119,空平,B,2522.0000,0.0000,0.0000,0.0000,0.0000,2524.0000,0.0000,0.0000,0.0000,0.0000,154,0,0,0,0,541,0,0,0,0
zc,WS301,2012-06-08 09:00:25.727,2524.0000,455846,-122,0.0000,122.0000,0,122,双平,B,2523.0000,0.0000,0.0000,0.0000,0.0000,2524.0000,0.0000,0.0000,0.0000,0.0000,1,0,0,0,0,543,0,0,0,0
zc,WS301,2012-06-08 09:00:26.460,2523.0000,455846,0,0.0000,6.0000,3,3,空换,S,2522.0000,0.0000,0.0000,0.0000,0.0000,2524.0000,0.0000,0.0000,0.0000,0.0000,94,0,0,0,0,535,0,0,0,0
zc,WS301,2012-06-08 09:00:27.163,2524.0000,455822,-24,0.0000,34.0000,5,29,空平,B,2522.0000,0.0000,0.0000,0.0000,0.0000,2524.0000,0.0000,0.0000,0.0000,0.0000,83,0,0,0,0,535,0,0,0,0
zc,WS301,2012-06-08 09:00:27.697,2523.0000,455822,0,0.0000,2.0000,1,1,空换,S,2522.0000,0.0000,0.0000,0.0000,0.0000,2523.0000,0.0000,0.0000,0.0000,0.0000,93,0,0,0,0,5,0,0,0,0
zc,WS301,2012-06-08 09:00:28.397,2523.0000,455822,0,0.0000,2.0000,1,1,空换,S,2522.0000,0.0000,0.0000,0.0000,0.0000,2523.0000,0.0000,0.0000,0.0000,0.0000,93,0,0,0,0,19,0,0,0,0
zc,WS301,2012-06-08 09:00:28.897,2522.0000,455718,-104,0.0000,172.0000,34,138,多平,S,2522.0000,0.0000,0.0000,0.0000,0.0000,2523.0000,0.0000,0.0000,0.0000,0.0000,9,0,0,0,0,48,0,0,0,0
zc,WS301,2012-06-08 09:00:29.663,2523.0000,455746,28,0.0000,62.0000,45,17,多开,B,2522.0000,0.0000,0.0000,0.0000,0.0000,2523.0000,0.0000,0.0000,0.0000,0.0000,10,0,0,0,0,22,0,0,0,0
zc,WS301,2012-06-08 09:00:30.430,2522.0000,455716,-30,0.0000,52.0000,11,41,多平,S,2521.0000,0.0000,0.0000,0.0000,0.0000,2523.0000,0.0000,0.0000,0.0000,0.0000,349,0,0,0,0,32,0,0,0,0
zc,WS301,2012-06-08 09:00:30.930,2522.0000,455712,-4,0.0000,6.0000,1,5,多平,S,2521.0000,0.0000,0.0000,0.0000,0.0000,2522.0000,0.0000,0.0000,0.0000,0.0000,349,0,0,0,0,17,0,0,0,0
zc,WS301,2012-06-08 09:00:31.633,2521.0000,455674,-38,0.0000,58.0000,10,48,多平,S,2521.0000,0.0000,0.0000,0.0000,0.0000,2522.0000,0.0000,0.0000,0.0000,0.0000,331,0,0,0,0,71,0,0,0,0
zc,WS301,2012-06-08 09:00:32.133,2522.0000,455674,0,0.0000,10.0000,5,5,多换,B,2521.0000,0.0000,0.0000,0.0000,0.0000,2522.0000,0.0000,0.0000,0.0000,0.0000,329,0,0,0,0,72,0,0,0,0
zc,WS301,2012-06-08 09:00:32.913,2522.0000,455662,-12,0.0000,54.0000,21,33,空平,B,2521.0000,0.0000,0.0000,0.0000,0.0000,2522.0000,0.0000,0.0000,0.0000,0.0000,328,0,0,0,0,45,0,0,0,0
zc,WS301,2012-06-08 09:00:33.320,2522.0000,455662,0,0.0000,20.0000,10,10,多换,B,2521.0000,0.0000,0.0000,0.0000,0.0000,2522.0000,0.0000,0.0000,0.0000,0.0000,328,0,0,0,0,35,0,0,0,0
zc,WS301,2012-06-08 09:00:34.133,2522.0000,455662,0,0.0000,2.0000,1,1,多换,B,2521.0000,0.0000,0.0000,0.0000,0.0000,2522.0000,0.0000,0.0000,0.0000,0.0000,329,0,0,0,0,34,0,0,0,0
zc,WS301,2012-06-08 09:00:34.633,2522.0000,455574,-88,0.0000,88.0000,0,88,双平,B,2522.0000,0.0000,0.0000,0.0000,0.0000,2523.0000,0.0000,0.0000,0.0000,0.0000,113,0,0,0,0,26,0,0,0,0
zc,WS301,2012-06-08 09:00:35.350,2522.0000,455530,-44,0.0000,44.0000,0,44,双平,B,2522.0000,0.0000,0.0000,0.0000,0.0000,2523.0000,0.0000,0.0000,0.0000,0.0000,91,0,0,0,0,25,0,0,0,0
zc,WS301,2012-06-08 09:00:35.913,2522.0000,455526,-4,0.0000,8.0000,2,6,空平,B,2522.0000,0.0000,0.0000,0.0000,0.0000,2523.0000,0.0000,0.0000,0.0000,0.0000,95,0,0,0,0,24,0,0,0,0
zc,WS301,2012-06-08 09:00:36.647,2523.0000,455546,20,0.0000,20.0000,20,0,双开,B,2522.0000,0.0000,0.0000,0.0000,0.0000,2523.0000,0.0000,0.0000,0.0000,0.0000,102,0,0,0,0,14,0,0,0,0
zc,WS301,2012-06-08 09:00:37.163,2522.0000,455538,-8,0.0000,16.0000,4,12,多平,S,2522.0000,0.0000,0.0000,0.0000,0.0000,2523.0000,0.0000,0.0000,0.0000,0.0000,105,0,0,0,0,114,0,0,0,0
zc,WS301,2012-06-08 09:00:38.117,2522.0000,455538,0,0.0000,0.0000,0,0,空换,S,2522.0000,0.0000,0.0000,0.0000,0.0000,2523.0000,0.0000,0.0000,0.0000,0.0000,106,0,0,0,0,174,0,0,0,0
zc,WS301,2012-06-08 09:00:38.413,2523.0000,455500,-38,0.0000,60.0000,11,49,空平,B,2522.0000,0.0000,0.0000,0.0000,0.0000,2523.0000,0.0000,0.0000,0.0000,0.0000,77,0,0,0,0,166,0,0,0,0
zc,WS301,2012-06-08 09:00:39.117,2522.0000,455494,-6,0.0000,6.0000,0,6,双平,S,2522.0000,0.0000,0.0000,0.0000,0.0000,2523.0000,0.0000,0.0000,0.0000,0.0000,75,0,0,0,0,172,0,0,0,0
zc,WS301,2012-06-08 09:00:40.397,2523.0000,455494,0,0.0000,22.0000,11,11,多换,B,2522.0000,0.0000,0.0000,0.0000,0.0000,2523.0000,0.0000,0.0000,0.0000,0.0000,75,0,0,0,0,161,0,0,0,0
zc,WS301,2012-06-08 09:00:40.850,2522.0000,455392,-102,0.0000,110.0000,4,106,多平,S,2522.0000,0.0000,0.0000,0.0000,0.0000,2523.0000,0.0000,0.0000,0.0000,0.0000,20,0,0,0,0,181,0,0,0,0
zc,WS301,2012-06-08 09:00:41.663,2522.0000,455398,6,0.0000,42.0000,24,18,空开,S,2521.0000,0.0000,0.0000,0.0000,0.0000,2522.0000,0.0000,0.0000,0.0000,0.0000,310,0,0,0,0,42,0,0,0,0
zc,WS301,2012-06-08 09:00:42.100,2522.0000,455402,4,0.0000,10.0000,7,3,空开,S,2521.0000,0.0000,0.0000,0.0000,0.0000,2522.0000,0.0000,0.0000,0.0000,0.0000,315,0,0,0,0,38,0,0,0,0
zc,WS301,2012-06-08 09:00:42.913,2522.0000,455402,0,0.0000,50.0000,25,25,空换,S,2521.0000,0.0000,0.0000,0.0000,0.0000,2522.0000,0.0000,0.0000,0.0000,0.0000,316,0,0,0,0,13,0,0,0,0
zc,WS301,2012-06-08 09:00:43.350,2523.0000,455324,-78,0.0000,180.0000,51,129,空平,B,2521.0000,0.0000,0.0000,0.0000,0.0000,2523.0000,0.0000,0.0000,0.0000,0.0000,276,0,0,0,0,147,0,0,0,0
zc,WS301,2012-06-08 09:00:44.087,2522.0000,455324,0,0.0000,26.0000,13,13,空换,S,2522.0000,0.0000,0.0000,0.0000,0.0000,2523.0000,0.0000,0.0000,0.0000,0.0000,2,0,0,0,0,151,0,0,0,0
zc,WS301,2012-06-08 09:00:44.617,2522.0000,455324,0,0.0000,2.0000,1,1,空换,S,2522.0000,0.0000,0.0000,0.0000,0.0000,2523.0000,0.0000,0.0000,0.0000,0.0000,38,0,0,0,0,151,0,0,0,0
zc,WS301,2012-06-08 09:00:45.383,2523.0000,455324,0,0.0000,6.0000,3,3,多换,B,2522.0000,0.0000,0.0000,0.0000,0.0000,2523.0000,0.0000,0.0000,0.0000,0.0000,72,0,0,0,0,148,0,0,0,0
zc,WS301,2012-06-08 09:00:46.070,2523.0000,455324,0,0.0000,14.0000,7,7,多换,B,2522.0000,0.0000,0.0000,0.0000,0.0000,2523.0000,0.0000,0.0000,0.0000,0.0000,119,0,0,0,0,145,0,0,0,0
zc,WS301,2012-06-08 09:00:46.540,2523.0000,455324,0,0.0000,40.0000,20,20,多换,B,2522.0000,0.0000,0.0000,0.0000,0.0000,2523.0000,0.0000,0.0000,0.0000,0.0000,131,0,0,0,0,126,0,0,0,0
zc,WS301,2012-06-08 09:00:47.367,2522.0000,455324,0,0.0000,64.0000,32,32,空换,S,2522.0000,0.0000,0.0000,0.0000,0.0000,2523.0000,0.0000,0.0000,0.0000,0.0000,130,0,0,0,0,85,0,0,0,0
zc,WS301,2012-06-08 09:00:47.850,2522.0000,455324,0,0.0000,0.0000,0,0,空换,S,2522.0000,0.0000,0.0000,0.0000,0.0000,2523.0000,0.0000,0.0000,0.0000,0.0000,139,0,0,0,0,86,0,0,0,0
zc,WS301,2012-06-08 09:00:48.633,2522.0000,455326,2,0.0000,8.0000,5,3,空开,S,2522.0000,0.0000,0.0000,0.0000,0.0000,2523.0000,0.0000,0.0000,0.0000,0.0000,138,0,0,0,0,82,0,0,0,0
zc,WS301,2012-06-08 09:00:49.147,2523.0000,455268,-58,0.0000,64.0000,3,61,空平,B,2522.0000,0.0000,0.0000,0.0000,0.0000,2523.0000,0.0000,0.0000,0.0000,0.0000,115,0,0,0,0,78,0,0,0,0
zc,WS301,2012-06-08 09:00:49.897,2522.0000,455264,-4,0.0000,6.0000,1,5,多平,S,2522.0000,0.0000,0.0000,0.0000,0.0000,2523.0000,0.0000,0.0000,0.0000,0.0000,119,0,0,0,0,127,0,0,0,0
zc,WS301,2012-06-08 09:00:50.350,2522.0000,455264,0,0.0000,6.0000,3,3,空换,S,2522.0000,0.0000,0.0000,0.0000,0.0000,2523.0000,0.0000,0.0000,0.0000,0.0000,122,0,0,0,0,123,0,0,0,0
zc,WS301,2012-06-08 09:00:51.100,2522.0000,455264,0,0.0000,0.0000,0,0,空换,S,2522.0000,0.0000,0.0000,0.0000,0.0000,2523.0000,0.0000,0.0000,0.0000,0.0000,122,0,0,0,0,152,0,0,0,0
zc,WS301,2012-06-08 09:00:51.617,2522.0000,455266,2,0.0000,56.0000,29,27,空开,S,2522.0000,0.0000,0.0000,0.0000,0.0000,2523.0000,0.0000,0.0000,0.0000,0.0000,86,0,0,0,0,150,0,0,0,0
zc,WS301,2012-06-08 09:00:52.320,2522.0000,455266,0,0.0000,2.0000,1,1,空换,S,2522.0000,0.0000,0.0000,0.0000,0.0000,2523.0000,0.0000,0.0000,0.0000,0.0000,76,0,0,0,0,156,0,0,0,0
zc,WS301,2012-06-08 09:00:52.820,2522.0000,455266,0,0.0000,24.0000,12,12,空换,S,2522.0000,0.0000,0.0000,0.0000,0.0000,2523.0000,0.0000,0.0000,0.0000,0.0000,69,0,0,0,0,154,0,0,0,0
zc,WS301,2012-06-08 09:00:53.570,2522.0000,455266,0,0.0000,0.0000,0,0,空换,S,2522.0000,0.0000,0.0000,0.0000,0.0000,2523.0000,0.0000,0.0000,0.0000,0.0000,70,0,0,0,0,154,0,0,0,0
zc,WS301,2012-06-08 09:00:54.163,2522.0000,455266,0,0.0000,22.0000,11,11,空换,S,2522.0000,0.0000,0.0000,0.0000,0.0000,2523.0000,0.0000,0.0000,0.0000,0.0000,58,0,0,0,0,158,0,0,0,0
zc,WS301,2012-06-08 09:00:54.837,2522.0000,455268,2,0.0000,6.0000,4,2,空开,S,2522.0000,0.0000,0.0000,0.0000,0.0000,2523.0000,0.0000,0.0000,0.0000,0.0000,65,0,0,0,0,157,0,0,0,0
zc,WS301,2012-06-08 09:00:55.350,2522.0000,455268,0,0.0000,12.0000,6,6,空换,S,2522.0000,0.0000,0.0000,0.0000,0.0000,2523.0000,0.0000,0.0000,0.0000,0.0000,62,0,0,0,0,160,0,0,0,0
zc,WS301,2012-06-08 09:00:56.087,2523.0000,455270,2,0.0000,6.0000,4,2,多开,B,2522.0000,0.0000,0.0000,0.0000,0.0000,2523.0000,0.0000,0.0000,0.0000,0.0000,63,0,0,0,0,157,0,0,0,0
zc,WS301,2012-06-08 09:00:56.600,2523.0000,455270,0,0.0000,6.0000,3,3,多换,B,2522.0000,0.0000,0.0000,0.0000,0.0000,2523.0000,0.0000,0.0000,0.0000,0.0000,71,0,0,0,0,152,0,0,0,0
zc,WS301,2012-06-08 09:00:57.337,2522.0000,455270,0,0.0000,6.0000,3,3,空换,S,2522.0000,0.0000,0.0000,0.0000,0.0000,2523.0000,0.0000,0.0000,0.0000,0.0000,69,0,0,0,0,152,0,0,0,0
zc,WS301,2012-06-08 09:00:57.837,2522.0000,455270,0,0.0000,2.0000,1,1,空换,S,2522.0000,0.0000,0.0000,0.0000,0.0000,2523.0000,0.0000,0.0000,0.0000,0.0000,69,0,0,0,0,179,0,0,0,0
zc,WS301,2012-06-08 09:00:58.633,2522.0000,455270,0,0.0000,0.0000,0,0,空换,S,2522.0000,0.0000,0.0000,0.0000,0.0000,2523.0000,0.0000,0.0000,0.0000,0.0000,69,0,0,0,0,180,0,0,0,0
zc,WS301,2012-06-08 09:00:59.100,2522.0000,455274,4,0.0000,4.0000,4,0,双开,S,2522.0000,0.0000,0.0000,0.0000,0.0000,2523.0000,0.0000,0.0000,0.0000,0.0000,69,0,0,0,0,180,0,0,0,0
zc,WS301,2012-06-08 09:00:59.883,2522.0000,455274,0,0.0000,0.0000,0,0,空换,S,2522.0000,0.0000,0.0000,0.0000,0.0000,2523.0000,0.0000,0.0000,0.0000,0.0000,70,0,0,0,0,180,0,0,0,0
zc,WS301,2012-06-08 09:01:00.337,2522.0000,455274,0,0.0000,8.0000,4,4,空换,S,2522.0000,0.0000,0.0000,0.0000,0.0000,2523.0000,0.0000,0.0000,0.0000,0.0000,68,0,0,0,0,178,0,0,0,0
zc,WS301,2012-06-08 09:01:01.070,2523.0000,455190,-84,0.0000,84.0000,0,84,双平,B,2522.0000,0.0000,0.0000,0.0000,0.0000,2523.0000,0.0000,0.0000,0.0000,0.0000,82,0,0,0,0,135,0,0,0,0
zc,WS301,2012-06-08 09:01:01.947,2523.0000,455190,0,0.0000,20.0000,10,10,多换,B,2522.0000,0.0000,0.0000,0.0000,0.0000,2523.0000,0.0000,0.0000,0.0000,0.0000,80,0,0,0,0,125,0,0,0,0
zc,WS301,2012-06-08 09:01:02.383,2522.0000,455190,0,0.0000,16.0000,8,8,空换,S,2522.0000,0.0000,0.0000,0.0000,0.0000,2523.0000,0.0000,0.0000,0.0000,0.0000,82,0,0,0,0,116,0,0,0,0
zc,WS301,2012-06-08 09:01:03.117,2522.0000,455190,0,0.0000,0.0000,0,0,空换,S,2522.0000,0.0000,0.0000,0.0000,0.0000,2523.0000,0.0000,0.0000,0.0000,0.0000,83,0,0,0,0,132,0,0,0,0
zc,WS301,2012-06-08 09:01:03.350,2523.0000,455186,-4,0.0000,4.0000,0,4,双平,B,2522.0000,0.0000,0.0000,0.0000,0.0000,2523.0000,0.0000,0.0000,0.0000,0.0000,83,0,0,0,0,130,0,0,0,0
zc,WS301,2012-06-08 09:01:04.397,2523.0000,455186,0,0.0000,2.0000,1,1,多换,B,2522.0000,0.0000,0.0000,0.0000,0.0000,2523.0000,0.0000,0.0000,0.0000,0.0000,85,0,0,0,0,129,0,0,0,0
zc,WS301,2012-06-08 09:01:04.850,2523.0000,455182,-4,0.0000,4.0000,0,4,双平,B,2522.0000,0.0000,0.0000,0.0000,0.0000,2523.0000,0.0000,0.0000,0.0000,0.0000,85,0,0,0,0,127,0,0,0,0
zc,WS301,2012-06-08 09:01:05.633,2523.0000,455172,-10,0.0000,22.0000,6,16,空平,B,2522.0000,0.0000,0.0000,0.0000,0.0000,2523.0000,0.0000,0.0000,0.0000,0.0000,91,0,0,0,0,116,0,0,0,0
zc,WS301,2012-06-08 09:01:06.133,2523.0000,455172,0,0.0000,0.0000,0,0,多换,B,2522.0000,0.0000,0.0000,0.0000,0.0000,2523.0000,0.0000,0.0000,0.0000,0.0000,92,0,0,0,0,126,0,0,0,0
zc,WS301,2012-06-08 09:01:06.897,2522.0000,455248,76,0.0000,100.0000,88,12,空开,S,2522.0000,0.0000,0.0000,0.0000,0.0000,2523.0000,0.0000,0.0000,0.0000,0.0000,42,0,0,0,0,126,0,0,0,0
zc,WS301,2012-06-08 09:01:07.617,2522.0000,455248,0,0.0000,0.0000,0,0,空换,S,2522.0000,0.0000,0.0000,0.0000,0.0000,2523.0000,0.0000,0.0000,0.0000,0.0000,50,0,0,0,0,106,0,0,0,0
zc,WS301,2012-06-08 09:01:08.117,2523.0000,455246,-2,0.0000,24.0000,11,13,空平,B,2522.0000,0.0000,0.0000,0.0000,0.0000,2523.0000,0.0000,0.0000,0.0000,0.0000,52,0,0,0,0,94,0,0,0,0
zc,WS301,2012-06-08 09:01:08.663,2522.0000,455246,0,0.0000,8.0000,4,4,空换,S,2522.0000,0.0000,0.0000,0.0000,0.0000,2523.0000,0.0000,0.0000,0.0000,0.0000,52,0,0,0,0,95,0,0,0,0
zc,WS301,2012-06-08 09:01:09.367,2523.0000,455216,-30,0.0000,30.0000,0,30,双平,B,2522.0000,0.0000,0.0000,0.0000,0.0000,2523.0000,0.0000,0.0000,0.0000,0.0000,52,0,0,0,0,80,0,0,0,0
zc,WS301,2012-06-08 09:01:10.100,2523.0000,455216,0,0.0000,2.0000,1,1,多换,B,2522.0000,0.0000,0.0000,0.0000,0.0000,2523.0000,0.0000,0.0000,0.0000,0.0000,166,0,0,0,0,79,0,0,0,0
zc,WS301,2012-06-08 09:01:10.883,2522.0000,454976,-240,0.0000,346.0000,53,293,多平,S,2521.0000,0.0000,0.0000,0.0000,0.0000,2522.0000,0.0000,0.0000,0.0000,0.0000,267,0,0,0,0,327,0,0,0,0
zc,WS301,2012-06-08 09:01:11.350,2522.0000,454972,-4,0.0000,116.0000,56,60,多平,S,2521.0000,0.0000,0.0000,0.0000,0.0000,2522.0000,0.0000,0.0000,0.0000,0.0000,300,0,0,0,0,269,0,0,0,0
zc,WS301,2012-06-08 09:01:12.133,2522.0000,454970,-2,0.0000,4.0000,1,3,多平,S,2521.0000,0.0000,0.0000,0.0000,0.0000,2522.0000,0.0000,0.0000,0.0000,0.0000,303,0,0,0,0,267,0,0,0,0
zc,WS301,2012-06-08 09:01:12.913,2522.0000,454942,-28,0.0000,40.0000,6,34,多平,S,2521.0000,0.0000,0.0000,0.0000,0.0000,2522.0000,0.0000,0.0000,0.0000,0.0000,281,0,0,0,0,273,0,0,0,0
zc,WS301,2012-06-08 09:01:13.680,2522.0000,454936,-6,0.0000,10.0000,2,8,多平,S,2521.0000,0.0000,0.0000,0.0000,0.0000,2522.0000,0.0000,0.0000,0.0000,0.0000,279,0,0,0,0,270,0,0,0,0
zc,WS301,2012-06-08 09:01:14.180,2521.0000,454724,-212,0.0000,214.0000,1,213,多平,S,2521.0000,0.0000,0.0000,0.0000,0.0000,2522.0000,0.0000,0.0000,0.0000,0.0000,182,0,0,0,0,269,0,0,0,0
zc,WS301,2012-06-08 09:01:14.867,2521.0000,454946,222,0.0000,258.0000,240,18,空开,S,2521.0000,0.0000,0.0000,0.0000,0.0000,2522.0000,0.0000,0.0000,0.0000,0.0000,54,0,0,0,0,265,0,0,0,0
zc,WS301,2012-06-08 09:01:15.397,2521.0000,454872,-74,0.0000,96.0000,11,85,多平,S,2520.0000,0.0000,0.0000,0.0000,0.0000,2521.0000,0.0000,0.0000,0.0000,0.0000,116,0,0,0,0,12,0,0,0,0
zc,WS301,2012-06-08 09:01:16.163,2521.0000,454858,-14,0.0000,20.0000,3,17,多平,S,2520.0000,0.0000,0.0000,0.0000,0.0000,2521.0000,0.0000,0.0000,0.0000,0.0000,111,0,0,0,0,53,0,0,0,0
zc,WS301,2012-06-08 09:01:16.663,2520.0000,454854,-4,0.0000,160.0000,78,82,多平,S,2520.0000,0.0000,0.0000,0.0000,0.0000,2521.0000,0.0000,0.0000,0.0000,0.0000,42,0,0,0,0,74,0,0,0,0
zc,WS301,2012-06-08 09:01:17.663,2520.0000,454854,0,0.0000,2.0000,1,1,空换,S,2520.0000,0.0000,0.0000,0.0000,0.0000,2521.0000,0.0000,0.0000,0.0000,0.0000,41,0,0,0,0,83,0,0,0,0
zc,WS301,2012-06-08 09:01:18.243,2521.0000,454854,0,0.0000,2.0000,1,1,多换,B,2520.0000,0.0000,0.0000,0.0000,0.0000,2521.0000,0.0000,0.0000,0.0000,0.0000,40,0,0,0,0,82,0,0,0,0
zc,WS301,2012-06-08 09:01:18.883,2521.0000,454876,22,0.0000,60.0000,41,19,多开,B,2520.0000,0.0000,0.0000,0.0000,0.0000,2521.0000,0.0000,0.0000,0.0000,0.0000,22,0,0,0,0,69,0,0,0,0
zc,WS301,2012-06-08 09:01:19.337,2521.0000,454880,4,0.0000,6.0000,5,1,多开,B,2520.0000,0.0000,0.0000,0.0000,0.0000,2521.0000,0.0000,0.0000,0.0000,0.0000,21,0,0,0,0,66,0,0,0,0
zc,WS301,2012-06-08 09:01:20.180,2520.0000,454874,-6,0.0000,92.0000,43,49,多平,S,2519.0000,0.0000,0.0000,0.0000,0.0000,2520.0000,0.0000,0.0000,0.0000,0.0000,103,0,0,0,0,11,0,0,0,0
zc,WS301,2012-06-08 09:01:20.837,2520.0000,454872,-2,0.0000,38.0000,18,20,多平,S,2519.0000,0.0000,0.0000,0.0000,0.0000,2520.0000,0.0000,0.0000,0.0000,0.0000,91,0,0,0,0,17,0,0,0,0
zc,WS301,2012-06-08 09:01:21.383,2520.0000,454866,-6,0.0000,16.0000,5,11,多平,S,2519.0000,0.0000,0.0000,0.0000,0.0000,2520.0000,0.0000,0.0000,0.0000,0.0000,98,0,0,0,0,59,0,0,0,0
zc,WS301,2012-06-08 09:01:22.117,2519.0000,454866,0,0.0000,20.0000,10,10,空换,S,2519.0000,0.0000,0.0000,0.0000,0.0000,2520.0000,0.0000,0.0000,0.0000,0.0000,89,0,0,0,0,62,0,0,0,0
zc,WS301,2012-06-08 09:01:22.883,2519.0000,454866,0,0.0000,30.0000,15,15,空换,S,2519.0000,0.0000,0.0000,0.0000,0.0000,2520.0000,0.0000,0.0000,0.0000,0.0000,74,0,0,0,0,75,0,0,0,0
zc,WS301,2012-06-08 09:01:23.367,2519.0000,454866,0,0.0000,14.0000,7,7,空换,S,2519.0000,0.0000,0.0000,0.0000,0.0000,2520.0000,0.0000,0.0000,0.0000,0.0000,70,0,0,0,0,72,0,0,0,0
zc,WS301,2012-06-08 09:01:23.850,2519.0000,454864,-2,0.0000,16.0000,7,9,多平,S,2519.0000,0.0000,0.0000,0.0000,0.0000,2520.0000,0.0000,0.0000,0.0000,0.0000,65,0,0,0,0,69,0,0,0,0
zc,WS301,2012-06-08 09:01:24.647,2519.0000,454862,-2,0.0000,62.0000,30,32,多平,S,2519.0000,0.0000,0.0000,0.0000,0.0000,2520.0000,0.0000,0.0000,0.0000,0.0000,35,0,0,0,0,70,0,0,0,0
zc,WS301,2012-06-08 09:01:25.133,2519.0000,454840,-22,0.0000,88.0000,33,55,多平,S,2518.0000,0.0000,0.0000,0.0000,0.0000,2519.0000,0.0000,0.0000,0.0000,0.0000,22,0,0,0,0,46,0,0,0,0
zc,WS301,2012-06-08 09:01:25.867,2520.0000,454602,-238,0.0000,246.0000,4,242,空平,B,2520.0000,0.0000,0.0000,0.0000,0.0000,2521.0000,0.0000,0.0000,0.0000,0.0000,51,0,0,0,0,33,0,0,0,0
zc,WS301,2012-06-08 09:01:26.587,2520.0000,454600,-2,0.0000,2.0000,0,2,双平,B,2520.0000,0.0000,0.0000,0.0000,0.0000,2521.0000,0.0000,0.0000,0.0000,0.0000,52,0,0,0,0,33,0,0,0,0
zc,WS301,2012-06-08 09:01:27.133,2520.0000,454600,0,0.0000,6.0000,3,3,多换,B,2520.0000,0.0000,0.0000,0.0000,0.0000,2521.0000,0.0000,0.0000,0.0000,0.0000,51,0,0,0,0,33,0,0,0,0
zc,WS301,2012-06-08 09:01:28.100,2520.0000,454542,-58,0.0000,58.0000,0,58,双平,B,2520.0000,0.0000,0.0000,0.0000,0.0000,2521.0000,0.0000,0.0000,0.0000,0.0000,22,0,0,0,0,33,0,0,0,0
zc,WS301,2012-06-08 09:01:28.413,2520.0000,454542,0,0.0000,0.0000,0,0,多换,B,2520.0000,0.0000,0.0000,0.0000,0.0000,2521.0000,0.0000,0.0000,0.0000,0.0000,22,0,0,0,0,32,0,0,0,0
zc,WS301,2012-06-08 09:01:29.087,2520.0000,454504,-38,0.0000,48.0000,5,43,空平,B,2519.0000,0.0000,0.0000,0.0000,0.0000,2520.0000,0.0000,0.0000,0.0000,0.0000,245,0,0,0,0,33,0,0,0,0
zc,WS301,2012-06-08 09:01:29.897,2520.0000,454502,-2,0.0000,2.0000,0,2,双平,B,2519.0000,0.0000,0.0000,0.0000,0.0000,2520.0000,0.0000,0.0000,0.0000,0.0000,252,0,0,0,0,33,0,0,0,0
zc,WS301,2012-06-08 09:01:30.447,2520.0000,454502,0,0.0000,0.0000,0,0,多换,B,2519.0000,0.0000,0.0000,0.0000,0.0000,2520.0000,0.0000,0.0000,0.0000,0.0000,253,0,0,0,0,93,0,0,0,0
zc,WS301,2012-06-08 09:01:31.100,2520.0000,454504,2,0.0000,186.0000,94,92,多开,B,2520.0000,0.0000,0.0000,0.0000,0.0000,2521.0000,0.0000,0.0000,0.0000,0.0000,7,0,0,0,0,45,0,0,0,0
zc,WS301,2012-06-08 09:01:31.883,2520.0000,454506,2,0.0000,4.0000,3,1,多开,B,2520.0000,0.0000,0.0000,0.0000,0.0000,2521.0000,0.0000,0.0000,0.0000,0.0000,30,0,0,0,0,44,0,0,0,0
zc,WS301,2012-06-08 09:01:32.337,2520.0000,454500,-6,0.0000,84.0000,39,45,空平,B,2520.0000,0.0000,0.0000,0.0000,0.0000,2521.0000,0.0000,0.0000,0.0000,0.0000,28,0,0,0,0,23,0,0,0,0
zc,WS301,2012-06-08 09:01:32.913,2521.0000,454494,-6,0.0000,42.0000,18,24,空平,B,2520.0000,0.0000,0.0000,0.0000,0.0000,2521.0000,0.0000,0.0000,0.0000,0.0000,64,0,0,0,0,18,0,0,0,0
zc,WS301,2012-06-08 09:01:33.820,2520.0000,454486,-8,0.0000,10.0000,1,9,多平,S,2520.0000,0.0000,0.0000,0.0000,0.0000,2521.0000,0.0000,0.0000,0.0000,0.0000,64,0,0,0,0,18,0,0,0,0
zc,WS301,2012-06-08 09:01:34.117,2520.0000,454486,0,0.0000,60.0000,30,30,空换,S,2520.0000,0.0000,0.0000,0.0000,0.0000,2521.0000,0.0000,0.0000,0.0000,0.0000,34,0,0,0,0,17,0,0,0,0
zc,WS301,2012-06-08 09:01:34.850,2521.0000,454510,24,0.0000,34.0000,29,5,多开,B,2521.0000,0.0000,0.0000,0.0000,0.0000,2522.0000,0.0000,0.0000,0.0000,0.0000,41,0,0,0,0,16,0,0,0,0
zc,WS301,2012-06-08 09:01:35.633,2521.0000,454510,0,0.0000,60.0000,30,30,多换,B,2521.0000,0.0000,0.0000,0.0000,0.0000,2522.0000,0.0000,0.0000,0.0000,0.0000,11,0,0,0,0,16,0,0,0,0
zc,WS301,2012-06-08 09:01:36.070,2521.0000,454510,0,0.0000,4.0000,2,2,多换,B,2521.0000,0.0000,0.0000,0.0000,0.0000,2522.0000,0.0000,0.0000,0.0000,0.0000,76,0,0,0,0,38,0,0,0,0
zc,WS301,2012-06-08 09:01:36.883,2521.0000,454510,0,0.0000,8.0000,4,4,多换,B,2521.0000,0.0000,0.0000,0.0000,0.0000,2522.0000,0.0000,0.0000,0.0000,0.0000,73,0,0,0,0,38,0,0,0,0
zc,WS301,2012-06-08 09:01:37.570,2521.0000,454510,0,0.0000,10.0000,5,5,多换,B,2521.0000,0.0000,0.0000,0.0000,0.0000,2522.0000,0.0000,0.0000,0.0000,0.0000,71,0,0,0,0,38,0,0,0,0
zc,WS301,2012-06-08 09:01:38.070,2521.0000,454510,0,0.0000,0.0000,0,0,多换,B,2521.0000,0.0000,0.0000,0.0000,0.0000,2522.0000,0.0000,0.0000,0.0000,0.0000,72,0,0,0,0,38,0,0,0,0
zc,WS301,2012-06-08 09:01:38.820,2521.0000,454500,-10,0.0000,36.0000,13,23,空平,B,2521.0000,0.0000,0.0000,0.0000,0.0000,2522.0000,0.0000,0.0000,0.0000,0.0000,69,0,0,0,0,33,0,0,0,0
zc,WS301,2012-06-08 09:01:39.383,2521.0000,454514,14,0.0000,18.0000,16,2,多开,B,2521.0000,0.0000,0.0000,0.0000,0.0000,2522.0000,0.0000,0.0000,0.0000,0.0000,70,0,0,0,0,57,0,0,0,0
zc,WS301,2012-06-08 09:01:40.147,2522.0000,454516,2,0.0000,6.0000,4,2,多开,B,2521.0000,0.0000,0.0000,0.0000,0.0000,2522.0000,0.0000,0.0000,0.0000,0.0000,69,0,0,0,0,55,0,0,0,0
zc,WS301,2012-06-08 09:01:40.867,2521.0000,454526,10,0.0000,16.0000,13,3,空开,S,2521.0000,0.0000,0.0000,0.0000,0.0000,2522.0000,0.0000,0.0000,0.0000,0.0000,61,0,0,0,0,55,0,0,0,0
zc,WS301,2012-06-08 09:01:41.350,2522.0000,454536,10,0.0000,10.0000,10,0,双开,B,2521.0000,0.0000,0.0000,0.0000,0.0000,2522.0000,0.0000,0.0000,0.0000,0.0000,61,0,0,0,0,50,0,0,0,0
zc,WS301,2012-06-08 09:01:42.133,2522.0000,454536,0,0.0000,2.0000,1,1,多换,B,2521.0000,0.0000,0.0000,0.0000,0.0000,2522.0000,0.0000,0.0000,0.0000,0.0000,62,0,0,0,0,50,0,0,0,0
zc,WS301,2012-06-08 09:01:42.820,2521.0000,454564,28,0.0000,36.0000,32,4,空开,S,2521.0000,0.0000,0.0000,0.0000,0.0000,2522.0000,0.0000,0.0000,0.0000,0.0000,59,0,0,0,0,37,0,0,0,0
zc,WS301,2012-06-08 09:01:43.350,2521.0000,454570,6,0.0000,6.0000,6,0,双开,S,2521.0000,0.0000,0.0000,0.0000,0.0000,2522.0000,0.0000,0.0000,0.0000,0.0000,56,0,0,0,0,34,0,0,0,0
zc,WS301,2012-06-08 09:01:44.180,2522.0000,454572,2,0.0000,2.0000,2,0,双开,B,2521.0000,0.0000,0.0000,0.0000,0.0000,2522.0000,0.0000,0.0000,0.0000,0.0000,58,0,0,0,0,69,0,0,0,0
zc,WS301,2012-06-08 09:01:44.837,2522.0000,454572,0,0.0000,0.0000,0,0,多换,B,2521.0000,0.0000,0.0000,0.0000,0.0000,2522.0000,0.0000,0.0000,0.0000,0.0000,102,0,0,0,0,76,0,0,0,0
zc,WS301,2012-06-08 09:01:45.133,2522.0000,454574,2,0.0000,2.0000,2,0,双开,B,2521.0000,0.0000,0.0000,0.0000,0.0000,2522.0000,0.0000,0.0000,0.0000,0.0000,102,0,0,0,0,75,0,0,0,0
zc,WS301,2012-06-08 09:01:46.617,2522.0000,454582,8,0.0000,8.0000,8,0,双开,B,2521.0000,0.0000,0.0000,0.0000,0.0000,2522.0000,0.0000,0.0000,0.0000,0.0000,104,0,0,0,0,71,0,0,0,0
zc,WS301,2012-06-08 09:01:47.070,2522.0000,454588,6,0.0000,6.0000,6,0,双开,B,2521.0000,0.0000,0.0000,0.0000,0.0000,2522.0000,0.0000,0.0000,0.0000,0.0000,104,0,0,0,0,68,0,0,0,0
zc,WS301,2012-06-08 09:01:47.633,2522.0000,454590,2,0.0000,2.0000,2,0,双开,B,2521.0000,0.0000,0.0000,0.0000,0.0000,2522.0000,0.0000,0.0000,0.0000,0.0000,109,0,0,0,0,73,0,0,0,0
zc,WS301,2012-06-08 09:01:48.367,2522.0000,454612,22,0.0000,24.0000,23,1,多开,B,2521.0000,0.0000,0.0000,0.0000,0.0000,2522.0000,0.0000,0.0000,0.0000,0.0000,108,0,0,0,0,70,0,0,0,0
zc,WS301,2012-06-08 09:01:48.820,2521.0000,454640,28,0.0000,90.0000,59,31,空开,S,2521.0000,0.0000,0.0000,0.0000,0.0000,2522.0000,0.0000,0.0000,0.0000,0.0000,99,0,0,0,0,35,0,0,0,0
zc,WS301,2012-06-08 09:01:49.647,2521.0000,454616,-24,0.0000,220.0000,98,122,多平,S,2520.0000,0.0000,0.0000,0.0000,0.0000,2521.0000,0.0000,0.0000,0.0000,0.0000,81,0,0,0,0,400,0,0,0,0
zc,WS301,2012-06-08 09:01:50.290,2521.0000,454706,90,0.0000,152.0000,121,31,空开,S,2520.0000,0.0000,0.0000,0.0000,0.0000,2521.0000,0.0000,0.0000,0.0000,0.0000,31,0,0,0,0,399,0,0,0,0
zc,WS301,2012-06-08 09:01:50.883,2521.0000,454706,0,0.0000,0.0000,0,0,空换,S,2520.0000,0.0000,0.0000,0.0000,0.0000,2521.0000,0.0000,0.0000,0.0000,0.0000,34,0,0,0,0,399,0,0,0,0
zc,WS301,2012-06-08 09:01:51.647,2521.0000,454696,-10,0.0000,16.0000,3,13,多平,S,2520.0000,0.0000,0.0000,0.0000,0.0000,2521.0000,0.0000,0.0000,0.0000,0.0000,35,0,0,0,0,391,0,0,0,0
zc,WS301,2012-06-08 09:01:52.413,2520.0000,454698,2,0.0000,4.0000,3,1,空开,S,2520.0000,0.0000,0.0000,0.0000,0.0000,2521.0000,0.0000,0.0000,0.0000,0.0000,34,0,0,0,0,390,0,0,0,0
zc,WS301,2012-06-08 09:01:52.617,2521.0000,454698,0,0.0000,78.0000,39,39,多换,B,2520.0000,0.0000,0.0000,0.0000,0.0000,2521.0000,0.0000,0.0000,0.0000,0.0000,39,0,0,0,0,366,0,0,0,0
zc,WS301,2012-06-08 09:01:54.133,2521.0000,454698,0,0.0000,16.0000,8,8,多换,B,2520.0000,0.0000,0.0000,0.0000,0.0000,2521.0000,0.0000,0.0000,0.0000,0.0000,88,0,0,0,0,359,0,0,0,0
zc,WS301,2012-06-08 09:01:55.087,2521.0000,454698,0,0.0000,0.0000,0,0,多换,B,2520.0000,0.0000,0.0000,0.0000,0.0000,2521.0000,0.0000,0.0000,0.0000,0.0000,94,0,0,0,0,379,0,0,0,0
zc,WS301,2012-06-08 09:01:55.837,2520.0000,454690,-8,0.0000,140.0000,66,74,多平,S,2520.0000,0.0000,0.0000,0.0000,0.0000,2521.0000,0.0000,0.0000,0.0000,0.0000,38,0,0,0,0,379,0,0,0,0
zc,WS301,2012-06-08 09:01:56.337,2521.0000,454690,0,0.0000,2.0000,1,1,多换,B,2520.0000,0.0000,0.0000,0.0000,0.0000,2521.0000,0.0000,0.0000,0.0000,0.0000,46,0,0,0,0,381,0,0,0,0
zc,WS301,2012-06-08 09:01:57.147,2520.0000,454690,0,0.0000,20.0000,10,10,空换,S,2520.0000,0.0000,0.0000,0.0000,0.0000,2521.0000,0.0000,0.0000,0.0000,0.0000,41,0,0,0,0,379,0,0,0,0
zc,WS301,2012-06-08 09:01:58.147,2521.0000,454690,0,0.0000,4.0000,2,2,多换,B,2520.0000,0.0000,0.0000,0.0000,0.0000,2521.0000,0.0000,0.0000,0.0000,0.0000,47,0,0,0,0,377,0,0,0,0
zc,WS301,2012-06-08 09:01:58.820,2520.0000,454694,4,0.0000,4.0000,4,0,双开,S,2520.0000,0.0000,0.0000,0.0000,0.0000,2521.0000,0.0000,0.0000,0.0000,0.0000,44,0,0,0,0,377,0,0,0,0
zc,WS301,2012-06-08 09:01:59.320,2520.0000,454694,0,0.0000,0.0000,0,0,空换,S,2520.0000,0.0000,0.0000,0.0000,0.0000,2521.0000,0.0000,0.0000,0.0000,0.0000,48,0,0,0,0,377,0,0,0,0
zc,WS301,2012-06-08 09:02:00.337,2520.0000,454670,-24,0.0000,42.0000,9,33,多平,S,2520.0000,0.0000,0.0000,0.0000,0.0000,2521.0000,0.0000,0.0000,0.0000,0.0000,27,0,0,0,0,377,0,0,0,0
zc,WS301,2012-06-08 09:02:01.163,2520.0000,454670,0,0.0000,0.0000,0,0,空换,S,2520.0000,0.0000,0.0000,0.0000,0.0000,2521.0000,0.0000,0.0000,0.0000,0.0000,35,0,0,0,0,378,0,0,0,0
zc,WS301,2012-06-08 09:02:01.647,2520.0000,454662,-8,0.0000,16.0000,4,12,多平,S,2520.0000,0.0000,0.0000,0.0000,0.0000,2521.0000,0.0000,0.0000,0.0000,0.0000,27,0,0,0,0,378,0,0,0,0
zc,WS301,2012-06-08 09:02:02.303,2521.0000,454662,0,0.0000,20.0000,10,10,多换,B,2520.0000,0.0000,0.0000,0.0000,0.0000,2521.0000,0.0000,0.0000,0.0000,0.0000,28,0,0,0,0,368,0,0,0,0
zc,WS301,2012-06-08 09:02:03.100,2521.0000,454662,0,0.0000,20.0000,10,10,多换,B,2520.0000,0.0000,0.0000,0.0000,0.0000,2521.0000,0.0000,0.0000,0.0000,0.0000,30,0,0,0,0,358,0,0,0,0
zc,WS301,2012-06-08 09:02:03.600,2521.0000,454662,0,0.0000,0.0000,0,0,多换,B,2520.0000,0.0000,0.0000,0.0000,0.0000,2521.0000,0.0000,0.0000,0.0000,0.0000,31,0,0,0,0,361,0,0,0,0
zc,WS301,2012-06-08 09:02:04.337,2520.0000,454656,-6,0.0000,8.0000,1,7,多平,S,2520.0000,0.0000,0.0000,0.0000,0.0000,2521.0000,0.0000,0.0000,0.0000,0.0000,238,0,0,0,0,361,0,0,0,0
zc,WS301,2012-06-08 09:02:04.913,2521.0000,454656,0,0.0000,10.0000,5,5,多换,B,2520.0000,0.0000,0.0000,0.0000,0.0000,2521.0000,0.0000,0.0000,0.0000,0.0000,240,0,0,0,0,358,0,0,0,0
zc,WS301,2012-06-08 09:02:05.337,2521.0000,454436,-220,0.0000,220.0000,0,220,双平,B,2520.0000,0.0000,0.0000,0.0000,0.0000,2521.0000,0.0000,0.0000,0.0000,0.0000,241,0,0,0,0,253,0,0,0,0
zc,WS301,2012-06-08 09:02:06.087,2521.0000,453986,-450,0.0000,528.0000,39,489,空平,B,2520.0000,0.0000,0.0000,0.0000,0.0000,2521.0000,0.0000,0.0000,0.0000,0.0000,247,0,0,0,0,2,0,0,0,0
zc,WS301,2012-06-08 09:02:06.837,2521.0000,453980,-6,0.0000,8.0000,1,7,空平,B,2521.0000,0.0000,0.0000,0.0000,0.0000,2522.0000,0.0000,0.0000,0.0000,0.0000,336,0,0,0,0,30,0,0,0,0
zc,WS301,2012-06-08 09:02:07.087,2521.0000,453900,-80,0.0000,80.0000,0,80,双平,B,2521.0000,0.0000,0.0000,0.0000,0.0000,2522.0000,0.0000,0.0000,0.0000,0.0000,364,0,0,0,0,30,0,0,0,0
zc,WS301,2012-06-08 09:02:08.147,2521.0000,453900,0,0.0000,8.0000,4,4,多换,B,2521.0000,0.0000,0.0000,0.0000,0.0000,2522.0000,0.0000,0.0000,0.0000,0.0000,364,0,0,0,0,27,0,0,0,0
zc,WS301,2012-06-08 09:02:08.617,2521.0000,453900,0,0.0000,0.0000,0,0,多换,B,2521.0000,0.0000,0.0000,0.0000,0.0000,2522.0000,0.0000,0.0000,0.0000,0.0000,374,0,0,0,0,27,0,0,0,0
zc,WS301,2012-06-08 09:02:09.087,2522.0000,453900,0,0.0000,4.0000,2,2,多换,B,2521.0000,0.0000,0.0000,0.0000,0.0000,2522.0000,0.0000,0.0000,0.0000,0.0000,375,0,0,0,0,30,0,0,0,0
zc,WS301,2012-06-08 09:02:09.883,2522.0000,453900,0,0.0000,4.0000,2,2,多换,B,2521.0000,0.0000,0.0000,0.0000,0.0000,2522.0000,0.0000,0.0000,0.0000,0.0000,376,0,0,0,0,28,0,0,0,0
zc,WS301,2012-06-08 09:02:10.617,2522.0000,453906,6,0.0000,14.0000,10,4,多开,B,2521.0000,0.0000,0.0000,0.0000,0.0000,2522.0000,0.0000,0.0000,0.0000,0.0000,374,0,0,0,0,21,0,0,0,0
zc,WS301,2012-06-08 09:02:11.070,2522.0000,453906,0,0.0000,0.0000,0,0,多换,B,2521.0000,0.0000,0.0000,0.0000,0.0000,2522.0000,0.0000,0.0000,0.0000,0.0000,385,0,0,0,0,21,0,0,0,0
zc,WS301,2012-06-08 09:02:11.617,2522.0000,453906,0,0.0000,28.0000,14,14,多换,B,2521.0000,0.0000,0.0000,0.0000,0.0000,2522.0000,0.0000,0.0000,0.0000,0.0000,385,0,0,0,0,32,0,0,0,0
zc,WS301,2012-06-08 09:02:12.367,2522.0000,453938,32,0.0000,78.0000,55,23,多开,B,2521.0000,0.0000,0.0000,0.0000,0.0000,2522.0000,0.0000,0.0000,0.0000,0.0000,378,0,0,0,0,18,0,0,0,0
zc,WS301,2012-06-08 09:02:12.850,2522.0000,453938,0,0.0000,6.0000,3,3,多换,B,2521.0000,0.0000,0.0000,0.0000,0.0000,2522.0000,0.0000,0.0000,0.0000,0.0000,389,0,0,0,0,16,0,0,0,0
zc,WS301,2012-06-08 09:02:13.553,2522.0000,453946,8,0.0000,24.0000,16,8,多开,B,2521.0000,0.0000,0.0000,0.0000,0.0000,2522.0000,0.0000,0.0000,0.0000,0.0000,322,0,0,0,0,10,0,0,0,0
zc,WS301,2012-06-08 09:02:14.100,2522.0000,453948,2,0.0000,20.0000,11,9,多开,B,2522.0000,0.0000,0.0000,0.0000,0.0000,2523.0000,0.0000,0.0000,0.0000,0.0000,73,0,0,0,0,167,0,0,0,0
zc,WS301,2012-06-08 09:02:14.553,2522.0000,454008,60,0.0000,60.0000,60,0,双开,B,2522.0000,0.0000,0.0000,0.0000,0.0000,2523.0000,0.0000,0.0000,0.0000,0.0000,78,0,0,0,0,167,0,0,0,0
zc,WS301,2012-06-08 09:02:15.413,2522.0000,454008,0,0.0000,0.0000,0,0,多换,B,2522.0000,0.0000,0.0000,0.0000,0.0000,2523.0000,0.0000,0.0000,0.0000,0.0000,83,0,0,0,0,167,0,0,0,0
zc,WS301,2012-06-08 09:02:15.820,2522.0000,454008,0,0.0000,0.0000,0,0,多换,B,2522.0000,0.0000,0.0000,0.0000,0.0000,2523.0000,0.0000,0.0000,0.0000,0.0000,85,0,0,0,0,167,0,0,0,0
zc,WS301,2012-06-08 09:02:16.540,2523.0000,454014,6,0.0000,10.0000,8,2,多开,B,2522.0000,0.0000,0.0000,0.0000,0.0000,2523.0000,0.0000,0.0000,0.0000,0.0000,124,0,0,0,0,165,0,0,0,0
zc,WS301,2012-06-08 09:02:17.087,2523.0000,454014,0,0.0000,40.0000,20,20,多换,B,2522.0000,0.0000,0.0000,0.0000,0.0000,2523.0000,0.0000,0.0000,0.0000,0.0000,136,0,0,0,0,146,0,0,0,0
zc,WS301,2012-06-08 09:02:17.850,2523.0000,454014,0,0.0000,2.0000,1,1,多换,B,2522.0000,0.0000,0.0000,0.0000,0.0000,2523.0000,0.0000,0.0000,0.0000,0.0000,161,0,0,0,0,145,0,0,0,0
zc,WS301,2012-06-08 09:02:18.367,2523.0000,454014,0,0.0000,290.0000,145,145,多换,B,2523.0000,0.0000,0.0000,0.0000,0.0000,2524.0000,0.0000,0.0000,0.0000,0.0000,9,0,0,0,0,531,0,0,0,0
zc,WS301,2012-06-08 09:02:19.040,2523.0000,454014,0,0.0000,4.0000,2,2,多换,B,2523.0000,0.0000,0.0000,0.0000,0.0000,2524.0000,0.0000,0.0000,0.0000,0.0000,29,0,0,0,0,535,0,0,0,0
zc,WS301,2012-06-08 09:02:19.570,2523.0000,454014,0,0.0000,0.0000,0,0,多换,B,2523.0000,0.0000,0.0000,0.0000,0.0000,2524.0000,0.0000,0.0000,0.0000,0.0000,36,0,0,0,0,541,0,0,0,0
zc,WS301,2012-06-08 09:02:20.100,2523.0000,454014,0,0.0000,10.0000,5,5,多换,B,2523.0000,0.0000,0.0000,0.0000,0.0000,2524.0000,0.0000,0.0000,0.0000,0.0000,32,0,0,0,0,541,0,0,0,0
zc,WS301,2012-06-08 09:02:20.820,2523.0000,454018,4,0.0000,6.0000,5,1,多开,B,2523.0000,0.0000,0.0000,0.0000,0.0000,2524.0000,0.0000,0.0000,0.0000,0.0000,30,0,0,0,0,540,0,0,0,0
zc,WS301,2012-06-08 09:02:21.320,2523.0000,454016,-2,0.0000,6.0000,2,4,空平,B,2523.0000,0.0000,0.0000,0.0000,0.0000,2524.0000,0.0000,0.0000,0.0000,0.0000,30,0,0,0,0,539,0,0,0,0
zc,WS301,2012-06-08 09:02:21.850,2524.0000,454010,-6,0.0000,6.0000,0,6,双平,B,2523.0000,0.0000,0.0000,0.0000,0.0000,2524.0000,0.0000,0.0000,0.0000,0.0000,30,0,0,0,0,536,0,0,0,0
zc,WS301,2012-06-08 09:02:22.867,2524.0000,454010,0,0.0000,30.0000,15,15,多换,B,2523.0000,0.0000,0.0000,0.0000,0.0000,2524.0000,0.0000,0.0000,0.0000,0.0000,31,0,0,0,0,532,0,0,0,0
zc,WS301,2012-06-08 09:02:23.413,2523.0000,454018,8,0.0000,30.0000,19,11,空开,S,2523.0000,0.0000,0.0000,0.0000,0.0000,2524.0000,0.0000,0.0000,0.0000,0.0000,18,0,0,0,0,549,0,0,0,0
zc,WS301,2012-06-08 09:02:23.897,2523.0000,454006,-12,0.0000,62.0000,25,37,多平,S,2522.0000,0.0000,0.0000,0.0000,0.0000,2523.0000,0.0000,0.0000,0.0000,0.0000,207,0,0,0,0,70,0,0,0,0
zc,WS301,2012-06-08 09:02:24.600,2523.0000,454006,0,0.0000,10.0000,5,5,空换,S,2522.0000,0.0000,0.0000,0.0000,0.0000,2523.0000,0.0000,0.0000,0.0000,0.0000,212,0,0,0,0,65,0,0,0,0
zc,WS301,2012-06-08 09:02:25.147,2524.0000,453728,-278,0.0000,318.0000,20,298,空平,B,2523.0000,0.0000,0.0000,0.0000,0.0000,2524.0000,0.0000,0.0000,0.0000,0.0000,57,0,0,0,0,507,0,0,0,0
zc,WS301,2012-06-08 09:02:25.600,2523.0000,453726,-2,0.0000,4.0000,1,3,多平,S,2523.0000,0.0000,0.0000,0.0000,0.0000,2524.0000,0.0000,0.0000,0.0000,0.0000,57,0,0,0,0,506,0,0,0,0
zc,WS301,2012-06-08 09:02:26.100,2523.0000,453726,0,0.0000,0.0000,0,0,空换,S,2523.0000,0.0000,0.0000,0.0000,0.0000,2524.0000,0.0000,0.0000,0.0000,0.0000,68,0,0,0,0,506,0,0,0,0
zc,WS301,2012-06-08 09:02:26.850,2522.0000,453628,-98,0.0000,574.0000,238,336,多平,S,2521.0000,0.0000,0.0000,0.0000,0.0000,2522.0000,0.0000,0.0000,0.0000,0.0000,401,0,0,0,0,713,0,0,0,0
zc,WS301,2012-06-08 09:02:27.570,2522.0000,453626,-2,0.0000,12.0000,5,7,多平,S,2521.0000,0.0000,0.0000,0.0000,0.0000,2522.0000,0.0000,0.0000,0.0000,0.0000,416,0,0,0,0,707,0,0,0,0
zc,WS301,2012-06-08 09:02:28.100,2522.0000,453622,-4,0.0000,8.0000,2,6,多平,S,2521.0000,0.0000,0.0000,0.0000,0.0000,2522.0000,0.0000,0.0000,0.0000,0.0000,418,0,0,0,0,703,0,0,0,0
zc,WS301,2012-06-08 09:02:28.803,2522.0000,453622,0,0.0000,22.0000,11,11,空换,S,2521.0000,0.0000,0.0000,0.0000,0.0000,2522.0000,0.0000,0.0000,0.0000,0.0000,419,0,0,0,0,692,0,0,0,0
zc,WS301,2012-06-08 09:02:30.117,2522.0000,453570,-52,0.0000,64.0000,6,58,多平,S,2521.0000,0.0000,0.0000,0.0000,0.0000,2522.0000,0.0000,0.0000,0.0000,0.0000,423,0,0,0,0,660,0,0,0,0
zc,WS301,2012-06-08 09:02:30.600,2522.0000,453566,-4,0.0000,14.0000,5,9,多平,S,2521.0000,0.0000,0.0000,0.0000,0.0000,2522.0000,0.0000,0.0000,0.0000,0.0000,421,0,0,0,0,654,0,0,0,0
zc,WS301,2012-06-08 09:02:31.397,2522.0000,453566,0,0.0000,6.0000,3,3,空换,S,2521.0000,0.0000,0.0000,0.0000,0.0000,2522.0000,0.0000,0.0000,0.0000,0.0000,418,0,0,0,0,651,0,0,0,0
zc,WS301,2012-06-08 09:02:31.947,2522.0000,453526,-40,0.0000,44.0000,2,42,多平,S,2521.0000,0.0000,0.0000,0.0000,0.0000,2522.0000,0.0000,0.0000,0.0000,0.0000,409,0,0,0,0,629,0,0,0,0
zc,WS301,2012-06-08 09:02:32.883,2522.0000,453524,-2,0.0000,16.0000,7,9,多平,S,2521.0000,0.0000,0.0000,0.0000,0.0000,2522.0000,0.0000,0.0000,0.0000,0.0000,421,0,0,0,0,621,0,0,0,0
zc,WS301,2012-06-08 09:02:33.350,2522.0000,453524,0,0.0000,8.0000,4,4,空换,S,2521.0000,0.0000,0.0000,0.0000,0.0000,2522.0000,0.0000,0.0000,0.0000,0.0000,429,0,0,0,0,617,0,0,0,0
zc,WS301,2012-06-08 09:02:34.070,2522.0000,453524,0,0.0000,2.0000,1,1,空换,S,2521.0000,0.0000,0.0000,0.0000,0.0000,2522.0000,0.0000,0.0000,0.0000,0.0000,429,0,0,0,0,616,0,0,0,0
zc,WS301,2012-06-08 09:02:34.633,2522.0000,453524,0,0.0000,6.0000,3,3,空换,S,2521.0000,0.0000,0.0000,0.0000,0.0000,2522.0000,0.0000,0.0000,0.0000,0.0000,430,0,0,0,0,614,0,0,0,0
zc,WS301,2012-06-08 09:02:35.350,2522.0000,453524,0,0.0000,10.0000,5,5,空换,S,2521.0000,0.0000,0.0000,0.0000,0.0000,2522.0000,0.0000,0.0000,0.0000,0.0000,430,0,0,0,0,610,0,0,0,0
zc,WS301,2012-06-08 09:02:35.837,2522.0000,453524,0,0.0000,14.0000,7,7,空换,S,2521.0000,0.0000,0.0000,0.0000,0.0000,2522.0000,0.0000,0.0000,0.0000,0.0000,432,0,0,0,0,603,0,0,0,0
zc,WS301,2012-06-08 09:02:36.600,2522.0000,453520,-4,0.0000,20.0000,8,12,多平,S,2521.0000,0.0000,0.0000,0.0000,0.0000,2522.0000,0.0000,0.0000,0.0000,0.0000,432,0,0,0,0,596,0,0,0,0
zc,WS301,2012-06-08 09:02:37.117,2522.0000,453520,0,0.0000,8.0000,4,4,空换,S,2521.0000,0.0000,0.0000,0.0000,0.0000,2522.0000,0.0000,0.0000,0.0000,0.0000,431,0,0,0,0,593,0,0,0,0
zc,WS301,2012-06-08 09:02:38.197,2522.0000,453530,10,0.0000,28.0000,19,9,空开,S,2521.0000,0.0000,0.0000,0.0000,0.0000,2522.0000,0.0000,0.0000,0.0000,0.0000,427,0,0,0,0,585,0,0,0,0
zc,WS301,2012-06-08 09:02:38.883,2522.0000,453530,0,0.0000,4.0000,2,2,空换,S,2521.0000,0.0000,0.0000,0.0000,0.0000,2522.0000,0.0000,0.0000,0.0000,0.0000,427,0,0,0,0,583,0,0,0,0
zc,WS301,2012-06-08 09:02:39.350,2522.0000,453540,10,0.0000,18.0000,14,4,空开,S,2521.0000,0.0000,0.0000,0.0000,0.0000,2522.0000,0.0000,0.0000,0.0000,0.0000,422,0,0,0,0,583,0,0,0,0
zc,WS301,2012-06-08 09:02:40.180,2522.0000,453540,0,0.0000,16.0000,8,8,空换,S,2521.0000,0.0000,0.0000,0.0000,0.0000,2522.0000,0.0000,0.0000,0.0000,0.0000,423,0,0,0,0,577,0,0,0,0
zc,WS301,2012-06-08 09:02:40.647,2522.0000,453540,0,0.0000,6.0000,3,3,空换,S,2521.0000,0.0000,0.0000,0.0000,0.0000,2522.0000,0.0000,0.0000,0.0000,0.0000,423,0,0,0,0,574,0,0,0,0
zc,WS301,2012-06-08 09:02:41.337,2522.0000,453540,0,0.0000,4.0000,2,2,空换,S,2521.0000,0.0000,0.0000,0.0000,0.0000,2522.0000,0.0000,0.0000,0.0000,0.0000,423,0,0,0,0,572,0,0,0,0
zc,WS301,2012-06-08 09:02:41.897,2522.0000,453520,-20,0.0000,26.0000,3,23,多平,S,2521.0000,0.0000,0.0000,0.0000,0.0000,2522.0000,0.0000,0.0000,0.0000,0.0000,423,0,0,0,0,559,0,0,0,0
zc,WS301,2012-06-08 09:02:42.600,2521.0000,453518,-2,0.0000,2.0000,0,2,双平,S,2521.0000,0.0000,0.0000,0.0000,0.0000,2522.0000,0.0000,0.0000,0.0000,0.0000,426,0,0,0,0,559,0,0,0,0
zc,WS301,2012-06-08 09:02:43.383,2522.0000,453518,0,0.0000,12.0000,6,6,多换,B,2521.0000,0.0000,0.0000,0.0000,0.0000,2522.0000,0.0000,0.0000,0.0000,0.0000,431,0,0,0,0,553,0,0,0,0
zc,WS301,2012-06-08 09:02:43.897,2522.0000,453518,0,0.0000,6.0000,3,3,多换,B,2521.0000,0.0000,0.0000,0.0000,0.0000,2522.0000,0.0000,0.0000,0.0000,0.0000,433,0,0,0,0,550,0,0,0,0
zc,WS301,2012-06-08 09:02:44.617,2521.0000,453516,-2,0.0000,6.0000,2,4,多平,S,2521.0000,0.0000,0.0000,0.0000,0.0000,2522.0000,0.0000,0.0000,0.0000,0.0000,438,0,0,0,0,549,0,0,0,0
zc,WS301,2012-06-08 09:02:45.163,2522.0000,453516,0,0.0000,4.0000,2,2,多换,B,2521.0000,0.0000,0.0000,0.0000,0.0000,2522.0000,0.0000,0.0000,0.0000,0.0000,445,0,0,0,0,547,0,0,0,0
zc,WS301,2012-06-08 09:02:45.897,2522.0000,453512,-4,0.0000,4.0000,0,4,双平,B,2521.0000,0.0000,0.0000,0.0000,0.0000,2522.0000,0.0000,0.0000,0.0000,0.0000,446,0,0,0,0,545,0,0,0,0
zc,WS301,2012-06-08 09:02:46.697,2521.0000,453342,-170,0.0000,182.0000,6,176,多平,S,2521.0000,0.0000,0.0000,0.0000,0.0000,2522.0000,0.0000,0.0000,0.0000,0.0000,388,0,0,0,0,544,0,0,0,0
zc,WS301,2012-06-08 09:02:47.227,2521.0000,453208,-134,0.0000,410.0000,138,272,多平,S,2521.0000,0.0000,0.0000,0.0000,0.0000,2522.0000,0.0000,0.0000,0.0000,0.0000,214,0,0,0,0,544,0,0,0,0
zc,WS301,2012-06-08 09:02:47.850,2521.0000,453172,-36,0.0000,94.0000,29,65,多平,S,2521.0000,0.0000,0.0000,0.0000,0.0000,2522.0000,0.0000,0.0000,0.0000,0.0000,168,0,0,0,0,544,0,0,0,0
zc,WS301,2012-06-08 09:02:48.697,2521.0000,453032,-140,0.0000,352.0000,106,246,多平,S,2520.0000,0.0000,0.0000,0.0000,0.0000,2521.0000,0.0000,0.0000,0.0000,0.0000,139,0,0,0,0,71,0,0,0,0
zc,WS301,2012-06-08 09:02:49.430,2520.0000,453030,-2,0.0000,16.0000,7,9,多平,S,2520.0000,0.0000,0.0000,0.0000,0.0000,2521.0000,0.0000,0.0000,0.0000,0.0000,136,0,0,0,0,89,0,0,0,0
zc,WS301,2012-06-08 09:02:49.883,2521.0000,453042,12,0.0000,20.0000,16,4,多开,B,2520.0000,0.0000,0.0000,0.0000,0.0000,2521.0000,0.0000,0.0000,0.0000,0.0000,136,0,0,0,0,80,0,0,0,0
zc,WS301,2012-06-08 09:02:50.587,2521.0000,453044,2,0.0000,6.0000,4,2,多开,B,2520.0000,0.0000,0.0000,0.0000,0.0000,2521.0000,0.0000,0.0000,0.0000,0.0000,132,0,0,0,0,77,0,0,0,0
zc,WS301,2012-06-08 09:02:51.133,2521.0000,453032,-12,0.0000,110.0000,49,61,空平,B,2520.0000,0.0000,0.0000,0.0000,0.0000,2521.0000,0.0000,0.0000,0.0000,0.0000,112,0,0,0,0,52,0,0,0,0
zc,WS301,2012-06-08 09:02:51.647,2520.0000,453018,-14,0.0000,64.0000,25,39,多平,S,2520.0000,0.0000,0.0000,0.0000,0.0000,2521.0000,0.0000,0.0000,0.0000,0.0000,97,0,0,0,0,35,0,0,0,0
zc,WS301,2012-06-08 09:02:52.413,2521.0000,453020,2,0.0000,8.0000,5,3,多开,B,2520.0000,0.0000,0.0000,0.0000,0.0000,2521.0000,0.0000,0.0000,0.0000,0.0000,97,0,0,0,0,31,0,0,0,0
zc,WS301,2012-06-08 09:02:53.147,2521.0000,453030,10,0.0000,12.0000,11,1,多开,B,2520.0000,0.0000,0.0000,0.0000,0.0000,2521.0000,0.0000,0.0000,0.0000,0.0000,96,0,0,0,0,26,0,0,0,0
zc,WS301,2012-06-08 09:02:53.897,2521.0000,453040,10,0.0000,22.0000,16,6,多开,B,2520.0000,0.0000,0.0000,0.0000,0.0000,2521.0000,0.0000,0.0000,0.0000,0.0000,101,0,0,0,0,20,0,0,0,0
zc,WS301,2012-06-08 09:02:54.397,2521.0000,453050,10,0.0000,12.0000,11,1,多开,B,2520.0000,0.0000,0.0000,0.0000,0.0000,2521.0000,0.0000,0.0000,0.0000,0.0000,100,0,0,0,0,30,0,0,0,0
zc,WS301,2012-06-08 09:02:55.180,2520.0000,453048,-2,0.0000,26.0000,12,14,多平,S,2520.0000,0.0000,0.0000,0.0000,0.0000,2521.0000,0.0000,0.0000,0.0000,0.0000,110,0,0,0,0,30,0,0,0,0
zc,WS301,2012-06-08 09:02:55.633,2521.0000,453056,8,0.0000,10.0000,9,1,多开,B,2520.0000,0.0000,0.0000,0.0000,0.0000,2521.0000,0.0000,0.0000,0.0000,0.0000,110,0,0,0,0,26,0,0,0,0
zc,WS301,2012-06-08 09:02:56.397,2521.0000,453108,52,0.0000,64.0000,58,6,多开,B,2521.0000,0.0000,0.0000,0.0000,0.0000,2522.0000,0.0000,0.0000,0.0000,0.0000,174,0,0,0,0,558,0,0,0,0
zc,WS301,2012-06-08 09:02:57.163,2521.0000,453122,14,0.0000,358.0000,186,172,多开,B,2520.0000,0.0000,0.0000,0.0000,0.0000,2521.0000,0.0000,0.0000,0.0000,0.0000,113,0,0,0,0,396,0,0,0,0
zc,WS301,2012-06-08 09:02:57.867,2521.0000,453122,0,0.0000,0.0000,0,0,多换,B,2520.0000,0.0000,0.0000,0.0000,0.0000,2521.0000,0.0000,0.0000,0.0000,0.0000,115,0,0,0,0,396,0,0,0,0
zc,WS301,2012-06-08 09:02:58.430,2521.0000,453122,0,0.0000,20.0000,10,10,多换,B,2520.0000,0.0000,0.0000,0.0000,0.0000,2521.0000,0.0000,0.0000,0.0000,0.0000,114,0,0,0,0,386,0,0,0,0
zc,WS301,2012-06-08 09:02:59.117,2521.0000,453078,-44,0.0000,82.0000,19,63,空平,B,2520.0000,0.0000,0.0000,0.0000,0.0000,2521.0000,0.0000,0.0000,0.0000,0.0000,76,0,0,0,0,387,0,0,0,0
zc,WS301,2012-06-08 09:02:59.587,2521.0000,453078,0,0.0000,0.0000,0,0,多换,B,2520.0000,0.0000,0.0000,0.0000,0.0000,2521.0000,0.0000,0.0000,0.0000,0.0000,72,0,0,0,0,389,0,0,0,0
zc,WS301,2012-06-08 09:03:00.397,2520.0000,453088,10,0.0000,34.0000,22,12,空开,S,2520.0000,0.0000,0.0000,0.0000,0.0000,2521.0000,0.0000,0.0000,0.0000,0.0000,63,0,0,0,0,381,0,0,0,0
zc,WS301,2012-06-08 09:03:00.850,2520.0000,453082,-6,0.0000,62.0000,28,34,多平,S,2520.0000,0.0000,0.0000,0.0000,0.0000,2521.0000,0.0000,0.0000,0.0000,0.0000,33,0,0,0,0,383,0,0,0,0
zc,WS301,2012-06-08 09:03:01.633,2520.0000,453084,2,0.0000,14.0000,8,6,空开,S,2520.0000,0.0000,0.0000,0.0000,0.0000,2521.0000,0.0000,0.0000,0.0000,0.0000,32,0,0,0,0,382,0,0,0,0
zc,WS301,2012-06-08 09:03:01.867,2521.0000,453084,0,0.0000,6.0000,3,3,多换,B,2520.0000,0.0000,0.0000,0.0000,0.0000,2521.0000,0.0000,0.0000,0.0000,0.0000,42,0,0,0,0,378,0,0,0,0
zc,WS301,2012-06-08 09:03:02.883,2520.0000,453074,-10,0.0000,62.0000,26,36,多平,S,2520.0000,0.0000,0.0000,0.0000,0.0000,2521.0000,0.0000,0.0000,0.0000,0.0000,15,0,0,0,0,377,0,0,0,0
zc,WS301,2012-06-08 09:03:03.633,2520.0000,453062,-12,0.0000,30.0000,9,21,多平,S,2519.0000,0.0000,0.0000,0.0000,0.0000,2520.0000,0.0000,0.0000,0.0000,0.0000,116,0,0,0,0,57,0,0,0,0
zc,WS301,2012-06-08 09:03:04.303,2520.0000,453062,0,0.0000,0.0000,0,0,空换,S,2519.0000,0.0000,0.0000,0.0000,0.0000,2520.0000,0.0000,0.0000,0.0000,0.0000,118,0,0,0,0,70,0,0,0,0
zc,WS301,2012-06-08 09:03:04.913,2520.0000,453030,-32,0.0000,36.0000,2,34,多平,S,2519.0000,0.0000,0.0000,0.0000,0.0000,2520.0000,0.0000,0.0000,0.0000,0.0000,119,0,0,0,0,68,0,0,0,0
zc,WS301,2012-06-08 09:03:05.523,2519.0000,453016,-14,0.0000,18.0000,2,16,多平,S,2519.0000,0.0000,0.0000,0.0000,0.0000,2520.0000,0.0000,0.0000,0.0000,0.0000,115,0,0,0,0,68,0,0,0,0
zc,WS301,2012-06-08 09:03:06.117,2519.0000,453016,0,0.0000,20.0000,10,10,空换,S,2519.0000,0.0000,0.0000,0.0000,0.0000,2520.0000,0.0000,0.0000,0.0000,0.0000,106,0,0,0,0,78,0,0,0,0
zc,WS301,2012-06-08 09:03:06.867,2519.0000,453016,0,0.0000,2.0000,1,1,空换,S,2519.0000,0.0000,0.0000,0.0000,0.0000,2520.0000,0.0000,0.0000,0.0000,0.0000,105,0,0,0,0,78,0,0,0,0
zc,WS301,2012-06-08 09:03:07.397,2519.0000,453016,0,0.0000,22.0000,11,11,空换,S,2519.0000,0.0000,0.0000,0.0000,0.0000,2520.0000,0.0000,0.0000,0.0000,0.0000,97,0,0,0,0,76,0,0,0,0
zc,WS301,2012-06-08 09:03:08.147,2519.0000,453016,0,0.0000,18.0000,9,9,空换,S,2519.0000,0.0000,0.0000,0.0000,0.0000,2520.0000,0.0000,0.0000,0.0000,0.0000,143,0,0,0,0,76,0,0,0,0
zc,WS301,2012-06-08 09:03:08.617,2519.0000,453016,0,0.0000,0.0000,0,0,空换,S,2519.0000,0.0000,0.0000,0.0000,0.0000,2520.0000,0.0000,0.0000,0.0000,0.0000,143,0,0,0,0,69,0,0,0,0
zc,WS301,2012-06-08 09:03:09.397,2519.0000,453028,12,0.0000,30.0000,21,9,空开,S,2519.0000,0.0000,0.0000,0.0000,0.0000,2520.0000,0.0000,0.0000,0.0000,0.0000,130,0,0,0,0,147,0,0,0,0
zc,WS301,2012-06-08 09:03:09.913,2519.0000,453028,0,0.0000,40.0000,20,20,空换,S,2519.0000,0.0000,0.0000,0.0000,0.0000,2520.0000,0.0000,0.0000,0.0000,0.0000,108,0,0,0,0,150,0,0,0,0
zc,WS301,2012-06-08 09:03:10.540,2519.0000,453028,0,0.0000,6.0000,3,3,空换,S,2519.0000,0.0000,0.0000,0.0000,0.0000,2520.0000,0.0000,0.0000,0.0000,0.0000,105,0,0,0,0,151,0,0,0,0
zc,WS301,2012-06-08 09:03:10.897,2519.0000,453038,10,0.0000,10.0000,10,0,双开,S,2519.0000,0.0000,0.0000,0.0000,0.0000,2520.0000,0.0000,0.0000,0.0000,0.0000,98,0,0,0,0,166,0,0,0,0
zc,WS301,2012-06-08 09:03:11.570,2519.0000,453214,176,0.0000,198.0000,187,11,空开,S,2518.0000,0.0000,0.0000,0.0000,0.0000,2519.0000,0.0000,0.0000,0.0000,0.0000,63,0,0,0,0,54,0,0,0,0
zc,WS301,2012-06-08 09:03:12.087,2519.0000,453218,4,0.0000,4.0000,4,0,双开,S,2518.0000,0.0000,0.0000,0.0000,0.0000,2519.0000,0.0000,0.0000,0.0000,0.0000,68,0,0,0,0,58,0,0,0,0
zc,WS301,2012-06-08 09:03:12.883,2518.0000,453220,2,0.0000,10.0000,6,4,空开,S,2518.0000,0.0000,0.0000,0.0000,0.0000,2519.0000,0.0000,0.0000,0.0000,0.0000,66,0,0,0,0,62,0,0,0,0
zc,WS301,2012-06-08 09:03:13.617,2519.0000,453220,0,0.0000,4.0000,2,2,多换,B,2518.0000,0.0000,0.0000,0.0000,0.0000,2519.0000,0.0000,0.0000,0.0000,0.0000,65,0,0,0,0,62,0,0,0,0
zc,WS301,2012-06-08 09:03:14.117,2519.0000,453220,0,0.0000,0.0000,0,0,多换,B,2518.0000,0.0000,0.0000,0.0000,0.0000,2519.0000,0.0000,0.0000,0.0000,0.0000,65,0,0,0,0,65,0,0,0,0
zc,WS301,2012-06-08 09:03:14.867,2518.0000,453326,106,0.0000,254.0000,180,74,空开,S,2518.0000,0.0000,0.0000,0.0000,0.0000,2519.0000,0.0000,0.0000,0.0000,0.0000,63,0,0,0,0,5,0,0,0,0
zc,WS301,2012-06-08 09:03:15.383,2518.0000,453302,-24,0.0000,34.0000,5,29,多平,S,2518.0000,0.0000,0.0000,0.0000,0.0000,2519.0000,0.0000,0.0000,0.0000,0.0000,82,0,0,0,0,1,0,0,0,0
zc,WS301,2012-06-08 09:03:16.147,2518.0000,453300,-2,0.0000,2.0000,0,2,双平,S,2518.0000,0.0000,0.0000,0.0000,0.0000,2519.0000,0.0000,0.0000,0.0000,0.0000,81,0,0,0,0,1,0,0,0,0
zc,WS301,2012-06-08 09:03:16.647,2518.0000,453286,-14,0.0000,16.0000,1,15,多平,S,2518.0000,0.0000,0.0000,0.0000,0.0000,2519.0000,0.0000,0.0000,0.0000,0.0000,78,0,0,0,0,8,0,0,0,0
zc,WS301,2012-06-08 09:03:17.383,2518.0000,453284,-2,0.0000,2.0000,0,2,双平,S,2518.0000,0.0000,0.0000,0.0000,0.0000,2519.0000,0.0000,0.0000,0.0000,0.0000,77,0,0,0,0,9,0,0,0,0
zc,WS301,2012-06-08 09:03:18.570,2518.0000,453260,-24,0.0000,24.0000,0,24,双平,S,2518.0000,0.0000,0.0000,0.0000,0.0000,2519.0000,0.0000,0.0000,0.0000,0.0000,71,0,0,0,0,4,0,0,0,0
zc,WS301,2012-06-08 09:03:19.087,2518.0000,453246,-14,0.0000,28.0000,7,21,多平,S,2518.0000,0.0000,0.0000,0.0000,0.0000,2519.0000,0.0000,0.0000,0.0000,0.0000,65,0,0,0,0,4,0,0,0,0
zc,WS301,2012-06-08 09:03:19.850,2519.0000,453252,6,0.0000,12.0000,9,3,多开,B,2519.0000,0.0000,0.0000,0.0000,0.0000,2520.0000,0.0000,0.0000,0.0000,0.0000,1,0,0,0,0,140,0,0,0,0
zc,WS301,2012-06-08 09:03:21.087,2518.0000,453260,8,0.0000,8.0000,8,0,双开,S,2518.0000,0.0000,0.0000,0.0000,0.0000,2520.0000,0.0000,0.0000,0.0000,0.0000,65,0,0,0,0,140,0,0,0,0
zc,WS301,2012-06-08 09:03:21.647,2519.0000,453260,0,0.0000,2.0000,1,1,多换,B,2518.0000,0.0000,0.0000,0.0000,0.0000,2519.0000,0.0000,0.0000,0.0000,0.0000,165,0,0,0,0,3,0,0,0,0
zc,WS301,2012-06-08 09:03:22.350,2519.0000,453254,-6,0.0000,6.0000,0,6,双平,B,2519.0000,0.0000,0.0000,0.0000,0.0000,2520.0000,0.0000,0.0000,0.0000,0.0000,1,0,0,0,0,140,0,0,0,0
zc,WS301,2012-06-08 09:03:23.100,2519.0000,453246,-8,0.0000,18.0000,5,13,空平,B,2519.0000,0.0000,0.0000,0.0000,0.0000,2520.0000,0.0000,0.0000,0.0000,0.0000,47,0,0,0,0,140,0,0,0,0
zc,WS301,2012-06-08 09:03:23.883,2520.0000,453230,-16,0.0000,18.0000,1,17,空平,B,2519.0000,0.0000,0.0000,0.0000,0.0000,2520.0000,0.0000,0.0000,0.0000,0.0000,44,0,0,0,0,134,0,0,0,0
zc,WS301,2012-06-08 09:03:24.337,2518.0000,453190,-40,0.0000,240.0000,100,140,多平,S,2518.0000,0.0000,0.0000,0.0000,0.0000,2519.0000,0.0000,0.0000,0.0000,0.0000,189,0,0,0,0,1,0,0,0,0
zc,WS301,2012-06-08 09:03:25.133,2519.0000,453192,2,0.0000,8.0000,5,3,多开,B,2519.0000,0.0000,0.0000,0.0000,0.0000,2520.0000,0.0000,0.0000,0.0000,0.0000,2,0,0,0,0,154,0,0,0,0
zc,WS301,2012-06-08 09:03:25.350,2520.0000,453192,0,0.0000,2.0000,1,1,多换,B,2519.0000,0.0000,0.0000,0.0000,0.0000,2520.0000,0.0000,0.0000,0.0000,0.0000,2,0,0,0,0,143,0,0,0,0
zc,WS301,2012-06-08 09:03:26.540,2520.0000,453192,0,0.0000,0.0000,0,0,多换,B,2519.0000,0.0000,0.0000,0.0000,0.0000,2520.0000,0.0000,0.0000,0.0000,0.0000,4,0,0,0,0,143,0,0,0,0
zc,WS301,2012-06-08 09:03:27.397,2519.0000,453198,6,0.0000,10.0000,8,2,空开,S,2519.0000,0.0000,0.0000,0.0000,0.0000,2520.0000,0.0000,0.0000,0.0000,0.0000,7,0,0,0,0,146,0,0,0,0
zc,WS301,2012-06-08 09:03:28.053,2519.0000,453198,0,0.0000,0.0000,0,0,空换,S,2519.0000,0.0000,0.0000,0.0000,0.0000,2520.0000,0.0000,0.0000,0.0000,0.0000,7,0,0,0,0,147,0,0,0,0
zc,WS301,2012-06-08 09:03:28.600,2519.0000,453198,0,0.0000,0.0000,0,0,空换,S,2519.0000,0.0000,0.0000,0.0000,0.0000,2520.0000,0.0000,0.0000,0.0000,0.0000,10,0,0,0,0,147,0,0,0,0
zc,WS301,2012-06-08 09:03:29.820,2519.0000,453188,-10,0.0000,26.0000,8,18,多平,S,2519.0000,0.0000,0.0000,0.0000,0.0000,2520.0000,0.0000,0.0000,0.0000,0.0000,48,0,0,0,0,154,0,0,0,0
zc,WS301,2012-06-08 09:03:30.337,2519.0000,453196,8,0.0000,8.0000,8,0,双开,S,2519.0000,0.0000,0.0000,0.0000,0.0000,2520.0000,0.0000,0.0000,0.0000,0.0000,44,0,0,0,0,154,0,0,0,0
zc,WS301,2012-06-08 09:03:30.850,2519.0000,453196,0,0.0000,0.0000,0,0,空换,S,2519.0000,0.0000,0.0000,0.0000,0.0000,2520.0000,0.0000,0.0000,0.0000,0.0000,60,0,0,0,0,155,0,0,0,0
zc,WS301,2012-06-08 09:03:31.600,2519.0000,453196,0,0.0000,4.0000,2,2,空换,S,2519.0000,0.0000,0.0000,0.0000,0.0000,2520.0000,0.0000,0.0000,0.0000,0.0000,58,0,0,0,0,175,0,0,0,0
zc,WS301,2012-06-08 09:03:32.117,2520.0000,453198,2,0.0000,6.0000,4,2,多开,B,2519.0000,0.0000,0.0000,0.0000,0.0000,2520.0000,0.0000,0.0000,0.0000,0.0000,56,0,0,0,0,174,0,0,0,0
zc,WS301,2012-06-08 09:03:33.100,2519.0000,453198,0,0.0000,4.0000,2,2,空换,S,2519.0000,0.0000,0.0000,0.0000,0.0000,2520.0000,0.0000,0.0000,0.0000,0.0000,64,0,0,0,0,175,0,0,0,0
zc,WS301,2012-06-08 09:03:33.303,2519.0000,453198,0,0.0000,0.0000,0,0,空换,S,2519.0000,0.0000,0.0000,0.0000,0.0000,2520.0000,0.0000,0.0000,0.0000,0.0000,64,0,0,0,0,176,0,0,0,0
zc,WS301,2012-06-08 09:03:34.163,2520.0000,453198,0,0.0000,4.0000,2,2,多换,B,2519.0000,0.0000,0.0000,0.0000,0.0000,2520.0000,0.0000,0.0000,0.0000,0.0000,64,0,0,0,0,174,0,0,0,0
zc,WS301,2012-06-08 09:03:34.647,2520.0000,453202,4,0.0000,6.0000,5,1,多开,B,2519.0000,0.0000,0.0000,0.0000,0.0000,2520.0000,0.0000,0.0000,0.0000,0.0000,63,0,0,0,0,178,0,0,0,0
zc,WS301,2012-06-08 09:03:35.350,2520.0000,453192,-10,0.0000,16.0000,3,13,空平,B,2519.0000,0.0000,0.0000,0.0000,0.0000,2520.0000,0.0000,0.0000,0.0000,0.0000,60,0,0,0,0,213,0,0,0,0
zc,WS301,2012-06-08 09:03:35.897,2520.0000,453184,-8,0.0000,8.0000,0,8,双平,B,2519.0000,0.0000,0.0000,0.0000,0.0000,2520.0000,0.0000,0.0000,0.0000,0.0000,71,0,0,0,0,209,0,0,0,0
zc,WS301,2012-06-08 09:03:36.553,2519.0000,453186,2,0.0000,4.0000,3,1,空开,S,2519.0000,0.0000,0.0000,0.0000,0.0000,2520.0000,0.0000,0.0000,0.0000,0.0000,70,0,0,0,0,209,0,0,0,0
zc,WS301,2012-06-08 09:03:37.053,2520.0000,453186,0,0.0000,10.0000,5,5,多换,B,2519.0000,0.0000,0.0000,0.0000,0.0000,2520.0000,0.0000,0.0000,0.0000,0.0000,71,0,0,0,0,204,0,0,0,0
zc,WS301,2012-06-08 09:03:37.867,2519.0000,453188,2,0.0000,24.0000,13,11,空开,S,2519.0000,0.0000,0.0000,0.0000,0.0000,2520.0000,0.0000,0.0000,0.0000,0.0000,59,0,0,0,0,204,0,0,0,0
zc,WS301,2012-06-08 09:03:38.350,2519.0000,453188,0,0.0000,0.0000,0,0,空换,S,2519.0000,0.0000,0.0000,0.0000,0.0000,2520.0000,0.0000,0.0000,0.0000,0.0000,65,0,0,0,0,204,0,0,0,0
zc,WS301,2012-06-08 09:03:38.837,2519.0000,453192,4,0.0000,4.0000,4,0,双开,S,2519.0000,0.0000,0.0000,0.0000,0.0000,2520.0000,0.0000,0.0000,0.0000,0.0000,63,0,0,0,0,203,0,0,0,0
zc,WS301,2012-06-08 09:03:40.070,2520.0000,453092,-100,0.0000,104.0000,2,102,空平,B,2519.0000,0.0000,0.0000,0.0000,0.0000,2520.0000,0.0000,0.0000,0.0000,0.0000,65,0,0,0,0,149,0,0,0,0
zc,WS301,2012-06-08 09:03:40.850,2520.0000,453092,0,0.0000,0.0000,0,0,多换,B,2519.0000,0.0000,0.0000,0.0000,0.0000,2520.0000,0.0000,0.0000,0.0000,0.0000,65,0,0,0,0,154,0,0,0,0
zc,WS301,2012-06-08 09:03:41.413,2520.0000,452910,-182,0.0000,248.0000,33,215,空平,B,2519.0000,0.0000,0.0000,0.0000,0.0000,2520.0000,0.0000,0.0000,0.0000,0.0000,65,0,0,0,0,30,0,0,0,0
zc,WS301,2012-06-08 09:03:42.087,2519.0000,452940,30,0.0000,44.0000,37,7,空开,S,2519.0000,0.0000,0.0000,0.0000,0.0000,2520.0000,0.0000,0.0000,0.0000,0.0000,77,0,0,0,0,25,0,0,0,0
zc,WS301,2012-06-08 09:03:42.383,2520.0000,452940,0,0.0000,50.0000,25,25,多换,B,2520.0000,0.0000,0.0000,0.0000,0.0000,2521.0000,0.0000,0.0000,0.0000,0.0000,175,0,0,0,0,406,0,0,0,0
zc,WS301,2012-06-08 09:03:43.897,2520.0000,452940,0,0.0000,6.0000,3,3,多换,B,2520.0000,0.0000,0.0000,0.0000,0.0000,2521.0000,0.0000,0.0000,0.0000,0.0000,172,0,0,0,0,406,0,0,0,0
zc,WS301,2012-06-08 09:03:44.397,2520.0000,452940,0,0.0000,8.0000,4,4,多换,B,2520.0000,0.0000,0.0000,0.0000,0.0000,2521.0000,0.0000,0.0000,0.0000,0.0000,168,0,0,0,0,406,0,0,0,0
zc,WS301,2012-06-08 09:03:45.133,2520.0000,452946,6,0.0000,302.0000,154,148,多开,B,2520.0000,0.0000,0.0000,0.0000,0.0000,2521.0000,0.0000,0.0000,0.0000,0.0000,22,0,0,0,0,393,0,0,0,0
zc,WS301,2012-06-08 09:03:45.397,2520.0000,452952,6,0.0000,6.0000,6,0,双开,B,2520.0000,0.0000,0.0000,0.0000,0.0000,2521.0000,0.0000,0.0000,0.0000,0.0000,30,0,0,0,0,384,0,0,0,0
zc,WS301,2012-06-08 09:03:46.087,2521.0000,452952,0,0.0000,2.0000,1,1,多换,B,2520.0000,0.0000,0.0000,0.0000,0.0000,2521.0000,0.0000,0.0000,0.0000,0.0000,18,0,0,0,0,383,0,0,0,0
zc,WS301,2012-06-08 09:03:47.303,2520.0000,452954,2,0.0000,2.0000,2,0,双开,S,2520.0000,0.0000,0.0000,0.0000,0.0000,2521.0000,0.0000,0.0000,0.0000,0.0000,37,0,0,0,0,383,0,0,0,0
zc,WS301,2012-06-08 09:03:48.163,2520.0000,452954,0,0.0000,96.0000,48,48,空换,S,2519.0000,0.0000,0.0000,0.0000,0.0000,2520.0000,0.0000,0.0000,0.0000,0.0000,96,0,0,0,0,455,0,0,0,0
zc,WS301,2012-06-08 09:03:48.897,2520.0000,452914,-40,0.0000,50.0000,5,45,多平,S,2519.0000,0.0000,0.0000,0.0000,0.0000,2520.0000,0.0000,0.0000,0.0000,0.0000,92,0,0,0,0,431,0,0,0,0
zc,WS301,2012-06-08 09:03:49.117,2520.0000,452908,-6,0.0000,12.0000,3,9,多平,S,2519.0000,0.0000,0.0000,0.0000,0.0000,2520.0000,0.0000,0.0000,0.0000,0.0000,94,0,0,0,0,425,0,0,0,0
zc,WS301,2012-06-08 09:03:50.117,2520.0000,452908,0,0.0000,6.0000,3,3,空换,S,2519.0000,0.0000,0.0000,0.0000,0.0000,2520.0000,0.0000,0.0000,0.0000,0.0000,97,0,0,0,0,422,0,0,0,0
zc,WS301,2012-06-08 09:03:50.337,2519.0000,452914,6,0.0000,6.0000,6,0,双开,S,2519.0000,0.0000,0.0000,0.0000,0.0000,2520.0000,0.0000,0.0000,0.0000,0.0000,94,0,0,0,0,423,0,0,0,0
zc,WS301,2012-06-08 09:03:51.133,2520.0000,452914,0,0.0000,4.0000,2,2,多换,B,2519.0000,0.0000,0.0000,0.0000,0.0000,2520.0000,0.0000,0.0000,0.0000,0.0000,94,0,0,0,0,421,0,0,0,0
zc,WS301,2012-06-08 09:03:51.633,2519.0000,453080,166,0.0000,192.0000,179,13,空开,S,2518.0000,0.0000,0.0000,0.0000,0.0000,2519.0000,0.0000,0.0000,0.0000,0.0000,117,0,0,0,0,29,0,0,0,0
zc,WS301,2012-06-08 09:03:52.337,2519.0000,453080,0,0.0000,0.0000,0,0,空换,S,2518.0000,0.0000,0.0000,0.0000,0.0000,2519.0000,0.0000,0.0000,0.0000,0.0000,121,0,0,0,0,29,0,0,0,0
zc,WS301,2012-06-08 09:03:52.850,2518.0000,453086,6,0.0000,6.0000,6,0,双开,S,2518.0000,0.0000,0.0000,0.0000,0.0000,2519.0000,0.0000,0.0000,0.0000,0.0000,121,0,0,0,0,83,0,0,0,0
zc,WS301,2012-06-08 09:03:53.337,2518.0000,453086,0,0.0000,2.0000,1,1,空换,S,2518.0000,0.0000,0.0000,0.0000,0.0000,2519.0000,0.0000,0.0000,0.0000,0.0000,114,0,0,0,0,83,0,0,0,0
zc,WS301,2012-06-08 09:03:54.053,2518.0000,453146,60,0.0000,156.0000,108,48,空开,S,2518.0000,0.0000,0.0000,0.0000,0.0000,2519.0000,0.0000,0.0000,0.0000,0.0000,112,0,0,0,0,10,0,0,0,0
zc,WS301,2012-06-08 09:03:54.587,2519.0000,453146,0,0.0000,10.0000,5,5,多换,B,2518.0000,0.0000,0.0000,0.0000,0.0000,2519.0000,0.0000,0.0000,0.0000,0.0000,119,0,0,0,0,5,0,0,0,0
zc,WS301,2012-06-08 09:03:55.350,2518.0000,453146,0,0.0000,12.0000,6,6,空换,S,2518.0000,0.0000,0.0000,0.0000,0.0000,2520.0000,0.0000,0.0000,0.0000,0.0000,133,0,0,0,0,477,0,0,0,0
zc,WS301,2012-06-08 09:03:55.867,2518.0000,453146,0,0.0000,0.0000,0,0,空换,S,2518.0000,0.0000,0.0000,0.0000,0.0000,2519.0000,0.0000,0.0000,0.0000,0.0000,153,0,0,0,0,181,0,0,0,0
zc,WS301,2012-06-08 09:03:56.350,2519.0000,453126,-20,0.0000,230.0000,105,125,空平,B,2518.0000,0.0000,0.0000,0.0000,0.0000,2519.0000,0.0000,0.0000,0.0000,0.0000,115,0,0,0,0,176,0,0,0,0
zc,WS301,2012-06-08 09:03:56.820,2519.0000,453126,0,0.0000,0.0000,0,0,多换,B,2518.0000,0.0000,0.0000,0.0000,0.0000,2519.0000,0.0000,0.0000,0.0000,0.0000,136,0,0,0,0,176,0,0,0,0
zc,WS301,2012-06-08 09:03:57.587,2519.0000,452794,-332,0.0000,332.0000,0,332,双平,B,2518.0000,0.0000,0.0000,0.0000,0.0000,2519.0000,0.0000,0.0000,0.0000,0.0000,135,0,0,0,0,12,0,0,0,0
zc,WS301,2012-06-08 09:03:58.100,2519.0000,452770,-24,0.0000,34.0000,5,29,空平,B,2519.0000,0.0000,0.0000,0.0000,0.0000,2520.0000,0.0000,0.0000,0.0000,0.0000,93,0,0,0,0,511,0,0,0,0
zc,WS301,2012-06-08 09:03:58.570,2519.0000,452770,0,0.0000,0.0000,0,0,多换,B,2519.0000,0.0000,0.0000,0.0000,0.0000,2520.0000,0.0000,0.0000,0.0000,0.0000,100,0,0,0,0,511,0,0,0,0
zc,WS301,2012-06-08 09:03:59.337,2519.0000,452770,0,0.0000,2.0000,1,1,多换,B,2519.0000,0.0000,0.0000,0.0000,0.0000,2520.0000,0.0000,0.0000,0.0000,0.0000,99,0,0,0,0,511,0,0,0,0
zc,WS301,2012-06-08 09:03:59.867,2519.0000,452764,-6,0.0000,10.0000,2,8,空平,B,2519.0000,0.0000,0.0000,0.0000,0.0000,2520.0000,0.0000,0.0000,0.0000,0.0000,94,0,0,0,0,510,0,0,0,0
zc,WS301,2012-06-08 09:04:00.600,2519.0000,452764,0,0.0000,0.0000,0,0,多换,B,2519.0000,0.0000,0.0000,0.0000,0.0000,2520.0000,0.0000,0.0000,0.0000,0.0000,94,0,0,0,0,511,0,0,0,0
zc,WS301,2012-06-08 09:04:01.070,2519.0000,452764,0,0.0000,0.0000,0,0,多换,B,2519.0000,0.0000,0.0000,0.0000,0.0000,2520.0000,0.0000,0.0000,0.0000,0.0000,95,0,0,0,0,511,0,0,0,0
zc,WS301,2012-06-08 09:04:01.600,2519.0000,452762,-2,0.0000,2.0000,0,2,双平,B,2519.0000,0.0000,0.0000,0.0000,0.0000,2520.0000,0.0000,0.0000,0.0000,0.0000,94,0,0,0,0,511,0,0,0,0
zc,WS301,2012-06-08 09:04:02.133,2519.0000,452762,0,0.0000,30.0000,15,15,多换,B,2519.0000,0.0000,0.0000,0.0000,0.0000,2520.0000,0.0000,0.0000,0.0000,0.0000,79,0,0,0,0,511,0,0,0,0
zc,WS301,2012-06-08 09:04:03.070,2519.0000,452762,0,0.0000,0.0000,0,0,多换,B,2519.0000,0.0000,0.0000,0.0000,0.0000,2520.0000,0.0000,0.0000,0.0000,0.0000,79,0,0,0,0,512,0,0,0,0
zc,WS301,2012-06-08 09:04:03.617,2520.0000,452758,-4,0.0000,4.0000,0,4,双平,B,2519.0000,0.0000,0.0000,0.0000,0.0000,2520.0000,0.0000,0.0000,0.0000,0.0000,79,0,0,0,0,510,0,0,0,0
zc,WS301,2012-06-08 09:04:04.367,2520.0000,452758,0,0.0000,2.0000,1,1,多换,B,2519.0000,0.0000,0.0000,0.0000,0.0000,2520.0000,0.0000,0.0000,0.0000,0.0000,79,0,0,0,0,509,0,0,0,0
zc,WS301,2012-06-08 09:04:04.837,2519.0000,452750,-8,0.0000,10.0000,1,9,多平,S,2519.0000,0.0000,0.0000,0.0000,0.0000,2520.0000,0.0000,0.0000,0.0000,0.0000,78,0,0,0,0,507,0,0,0,0
zc,WS301,2012-06-08 09:04:05.587,2519.0000,452630,-120,0.0000,120.0000,0,120,双平,S,2519.0000,0.0000,0.0000,0.0000,0.0000,2520.0000,0.0000,0.0000,0.0000,0.0000,20,0,0,0,0,507,0,0,0,0
zc,WS301,2012-06-08 09:04:06.163,2520.0000,452628,-2,0.0000,2.0000,0,2,双平,B,2519.0000,0.0000,0.0000,0.0000,0.0000,2520.0000,0.0000,0.0000,0.0000,0.0000,125,0,0,0,0,506,0,0,0,0
zc,WS301,2012-06-08 09:04:06.553,2519.0000,452624,-4,0.0000,14.0000,5,9,多平,S,2519.0000,0.0000,0.0000,0.0000,0.0000,2520.0000,0.0000,0.0000,0.0000,0.0000,125,0,0,0,0,501,0,0,0,0
zc,WS301,2012-06-08 09:04:07.290,2519.0000,452622,-2,0.0000,2.0000,0,2,双平,S,2519.0000,0.0000,0.0000,0.0000,0.0000,2520.0000,0.0000,0.0000,0.0000,0.0000,134,0,0,0,0,501,0,0,0,0
zc,WS301,2012-06-08 09:04:07.897,2519.0000,452612,-10,0.0000,12.0000,1,11,多平,S,2519.0000,0.0000,0.0000,0.0000,0.0000,2520.0000,0.0000,0.0000,0.0000,0.0000,158,0,0,0,0,501,0,0,0,0
zc,WS301,2012-06-08 09:04:08.553,2519.0000,452612,0,0.0000,0.0000,0,0,空换,S,2519.0000,0.0000,0.0000,0.0000,0.0000,2520.0000,0.0000,0.0000,0.0000,0.0000,159,0,0,0,0,501,0,0,0,0
zc,WS301,2012-06-08 09:04:08.790,2520.0000,452612,0,0.0000,20.0000,10,10,多换,B,2519.0000,0.0000,0.0000,0.0000,0.0000,2520.0000,0.0000,0.0000,0.0000,0.0000,161,0,0,0,0,490,0,0,0,0
zc,WS301,2012-06-08 09:04:10.053,2520.0000,452612,0,0.0000,0.0000,0,0,多换,B,2519.0000,0.0000,0.0000,0.0000,0.0000,2520.0000,0.0000,0.0000,0.0000,0.0000,162,0,0,0,0,490,0,0,0,0
zc,WS301,2012-06-08 09:04:10.837,2519.0000,452622,10,0.0000,12.0000,11,1,空开,S,2519.0000,0.0000,0.0000,0.0000,0.0000,2520.0000,0.0000,0.0000,0.0000,0.0000,157,0,0,0,0,489,0,0,0,0
zc,WS301,2012-06-08 09:04:11.337,2519.0000,452622,0,0.0000,0.0000,0,0,空换,S,2519.0000,0.0000,0.0000,0.0000,0.0000,2520.0000,0.0000,0.0000,0.0000,0.0000,158,0,0,0,0,489,0,0,0,0
zc,WS301,2012-06-08 09:04:11.867,2519.0000,452596,-26,0.0000,316.0000,145,171,多平,S,2518.0000,0.0000,0.0000,0.0000,0.0000,2519.0000,0.0000,0.0000,0.0000,0.0000,167,0,0,0,0,741,0,0,0,0
zc,WS301,2012-06-08 09:04:12.553,2519.0000,452596,0,0.0000,202.0000,101,101,空换,S,2518.0000,0.0000,0.0000,0.0000,0.0000,2519.0000,0.0000,0.0000,0.0000,0.0000,184,0,0,0,0,640,0,0,0,0
zc,WS301,2012-06-08 09:04:13.837,2519.0000,452592,-4,0.0000,4.0000,0,4,双平,S,2518.0000,0.0000,0.0000,0.0000,0.0000,2519.0000,0.0000,0.0000,0.0000,0.0000,184,0,0,0,0,640,0,0,0,0
zc,WS301,2012-06-08 09:04:14.350,2519.0000,452592,0,0.0000,0.0000,0,0,空换,S,2518.0000,0.0000,0.0000,0.0000,0.0000,2519.0000,0.0000,0.0000,0.0000,0.0000,167,0,0,0,0,640,0,0,0,0
zc,WS301,2012-06-08 09:04:15.087,2519.0000,452592,0,0.0000,30.0000,15,15,空换,S,2518.0000,0.0000,0.0000,0.0000,0.0000,2519.0000,0.0000,0.0000,0.0000,0.0000,168,0,0,0,0,625,0,0,0,0
zc,WS301,2012-06-08 09:04:15.553,2518.0000,452582,-10,0.0000,18.0000,4,14,多平,S,2518.0000,0.0000,0.0000,0.0000,0.0000,2519.0000,0.0000,0.0000,0.0000,0.0000,165,0,0,0,0,621,0,0,0,0
zc,WS301,2012-06-08 09:04:16.117,2518.0000,452582,0,0.0000,0.0000,0,0,空换,S,2518.0000,0.0000,0.0000,0.0000,0.0000,2519.0000,0.0000,0.0000,0.0000,0.0000,159,0,0,0,0,621,0,0,0,0
zc,WS301,2012-06-08 09:04:16.617,2519.0000,452582,0,0.0000,2.0000,1,1,多换,B,2518.0000,0.0000,0.0000,0.0000,0.0000,2519.0000,0.0000,0.0000,0.0000,0.0000,160,0,0,0,0,621,0,0,0,0
zc,WS301,2012-06-08 09:04:17.350,2519.0000,452584,2,0.0000,12.0000,7,5,多开,B,2518.0000,0.0000,0.0000,0.0000,0.0000,2519.0000,0.0000,0.0000,0.0000,0.0000,159,0,0,0,0,616,0,0,0,0
zc,WS301,2012-06-08 09:04:17.837,2519.0000,452584,0,0.0000,4.0000,2,2,多换,B,2518.0000,0.0000,0.0000,0.0000,0.0000,2519.0000,0.0000,0.0000,0.0000,0.0000,158,0,0,0,0,616,0,0,0,0
zc,WS301,2012-06-08 09:04:18.647,2519.0000,452580,-4,0.0000,86.0000,41,45,空平,B,2518.0000,0.0000,0.0000,0.0000,0.0000,2519.0000,0.0000,0.0000,0.0000,0.0000,131,0,0,0,0,614,0,0,0,0
zc,WS301,2012-06-08 09:04:19.367,2519.0000,452572,-8,0.0000,26.0000,9,17,空平,B,2518.0000,0.0000,0.0000,0.0000,0.0000,2519.0000,0.0000,0.0000,0.0000,0.0000,123,0,0,0,0,606,0,0,0,0
zc,WS301,2012-06-08 09:04:19.553,2519.0000,452568,-4,0.0000,6.0000,1,5,空平,B,2518.0000,0.0000,0.0000,0.0000,0.0000,2519.0000,0.0000,0.0000,0.0000,0.0000,123,0,0,0,0,654,0,0,0,0
zc,WS301,2012-06-08 09:04:20.367,2518.0000,452538,-30,0.0000,30.0000,0,30,双平,S,2518.0000,0.0000,0.0000,0.0000,0.0000,2519.0000,0.0000,0.0000,0.0000,0.0000,108,0,0,0,0,654,0,0,0,0
zc,WS301,2012-06-08 09:04:20.913,2518.0000,452472,-66,0.0000,222.0000,78,144,多平,S,2517.0000,0.0000,0.0000,0.0000,0.0000,2518.0000,0.0000,0.0000,0.0000,0.0000,363,0,0,0,0,94,0,0,0,0
zc,WS301,2012-06-08 09:04:21.897,2518.0000,452476,4,0.0000,50.0000,27,23,空开,S,2517.0000,0.0000,0.0000,0.0000,0.0000,2518.0000,0.0000,0.0000,0.0000,0.0000,346,0,0,0,0,94,0,0,0,0
zc,WS301,2012-06-08 09:04:22.147,2518.0000,452476,0,0.0000,2.0000,1,1,空换,S,2517.0000,0.0000,0.0000,0.0000,0.0000,2518.0000,0.0000,0.0000,0.0000,0.0000,346,0,0,0,0,94,0,0,0,0
zc,WS301,2012-06-08 09:04:22.913,2518.0000,452476,0,0.0000,8.0000,4,4,空换,S,2517.0000,0.0000,0.0000,0.0000,0.0000,2518.0000,0.0000,0.0000,0.0000,0.0000,338,0,0,0,0,97,0,0,0,0
zc,WS301,2012-06-08 09:04:23.633,2517.0000,452434,-42,0.0000,42.0000,0,42,双平,S,2517.0000,0.0000,0.0000,0.0000,0.0000,2518.0000,0.0000,0.0000,0.0000,0.0000,318,0,0,0,0,97,0,0,0,0
zc,WS301,2012-06-08 09:04:24.430,2518.0000,452434,0,0.0000,42.0000,21,21,多换,B,2517.0000,0.0000,0.0000,0.0000,0.0000,2518.0000,0.0000,0.0000,0.0000,0.0000,305,0,0,0,0,76,0,0,0,0
zc,WS301,2012-06-08 09:04:24.820,2518.0000,452430,-4,0.0000,54.0000,25,29,空平,B,2517.0000,0.0000,0.0000,0.0000,0.0000,2518.0000,0.0000,0.0000,0.0000,0.0000,303,0,0,0,0,50,0,0,0,0
zc,WS301,2012-06-08 09:04:25.553,2517.0000,452426,-4,0.0000,6.0000,1,5,多平,S,2517.0000,0.0000,0.0000,0.0000,0.0000,2518.0000,0.0000,0.0000,0.0000,0.0000,301,0,0,0,0,49,0,0,0,0
zc,WS301,2012-06-08 09:04:26.087,2518.0000,452420,-6,0.0000,36.0000,15,21,空平,B,2517.0000,0.0000,0.0000,0.0000,0.0000,2518.0000,0.0000,0.0000,0.0000,0.0000,300,0,0,0,0,32,0,0,0,0
zc,WS301,2012-06-08 09:04:26.850,2518.0000,452358,-62,0.0000,140.0000,39,101,空平,B,2517.0000,0.0000,0.0000,0.0000,0.0000,2518.0000,0.0000,0.0000,0.0000,0.0000,229,0,0,0,0,33,0,0,0,0
zc,WS301,2012-06-08 09:04:27.413,2518.0000,452358,0,0.0000,10.0000,5,5,多换,B,2517.0000,0.0000,0.0000,0.0000,0.0000,2518.0000,0.0000,0.0000,0.0000,0.0000,226,0,0,0,0,34,0,0,0,0
zc,WS301,2012-06-08 09:04:28.087,2517.0000,452358,0,0.0000,16.0000,8,8,空换,S,2517.0000,0.0000,0.0000,0.0000,0.0000,2518.0000,0.0000,0.0000,0.0000,0.0000,218,0,0,0,0,39,0,0,0,0
zc,WS301,2012-06-08 09:04:28.600,2517.0000,452358,0,0.0000,56.0000,28,28,空换,S,2517.0000,0.0000,0.0000,0.0000,0.0000,2518.0000,0.0000,0.0000,0.0000,0.0000,218,0,0,0,0,31,0,0,0,0
zc,WS301,2012-06-08 09:04:29.837,2517.0000,452358,0,0.0000,6.0000,3,3,空换,S,2517.0000,0.0000,0.0000,0.0000,0.0000,2518.0000,0.0000,0.0000,0.0000,0.0000,217,0,0,0,0,35,0,0,0,0
zc,WS301,2012-06-08 09:04:30.647,2517.0000,452360,2,0.0000,4.0000,3,1,空开,S,2517.0000,0.0000,0.0000,0.0000,0.0000,2518.0000,0.0000,0.0000,0.0000,0.0000,215,0,0,0,0,35,0,0,0,0
zc,WS301,2012-06-08 09:04:31.210,2518.0000,452362,2,0.0000,6.0000,4,2,多开,B,2517.0000,0.0000,0.0000,0.0000,0.0000,2518.0000,0.0000,0.0000,0.0000,0.0000,214,0,0,0,0,34,0,0,0,0
zc,WS301,2012-06-08 09:04:31.803,2518.0000,452362,0,0.0000,2.0000,1,1,多换,B,2517.0000,0.0000,0.0000,0.0000,0.0000,2518.0000,0.0000,0.0000,0.0000,0.0000,214,0,0,0,0,33,0,0,0,0
zc,WS301,2012-06-08 09:04:32.290,2518.0000,452360,-2,0.0000,4.0000,1,3,空平,B,2517.0000,0.0000,0.0000,0.0000,0.0000,2518.0000,0.0000,0.0000,0.0000,0.0000,214,0,0,0,0,31,0,0,0,0
zc,WS301,2012-06-08 09:04:32.883,2518.0000,452356,-4,0.0000,6.0000,1,5,空平,B,2517.0000,0.0000,0.0000,0.0000,0.0000,2518.0000,0.0000,0.0000,0.0000,0.0000,214,0,0,0,0,29,0,0,0,0
zc,WS301,2012-06-08 09:04:33.633,2517.0000,452358,2,0.0000,48.0000,25,23,空开,S,2517.0000,0.0000,0.0000,0.0000,0.0000,2518.0000,0.0000,0.0000,0.0000,0.0000,207,0,0,0,0,26,0,0,0,0
zc,WS301,2012-06-08 09:04:34.070,2518.0000,452348,-10,0.0000,74.0000,32,42,空平,B,2517.0000,0.0000,0.0000,0.0000,0.0000,2518.0000,0.0000,0.0000,0.0000,0.0000,171,0,0,0,0,25,0,0,0,0
zc,WS301,2012-06-08 09:04:34.837,2518.0000,452348,0,0.0000,14.0000,7,7,多换,B,2517.0000,0.0000,0.0000,0.0000,0.0000,2518.0000,0.0000,0.0000,0.0000,0.0000,170,0,0,0,0,19,0,0,0,0
zc,WS301,2012-06-08 09:04:35.303,2517.0000,452336,-12,0.0000,20.0000,4,16,多平,S,2517.0000,0.0000,0.0000,0.0000,0.0000,2518.0000,0.0000,0.0000,0.0000,0.0000,158,0,0,0,0,19,0,0,0,0
zc,WS301,2012-06-08 09:04:36.133,2518.0000,452334,-2,0.0000,10.0000,4,6,空平,B,2517.0000,0.0000,0.0000,0.0000,0.0000,2518.0000,0.0000,0.0000,0.0000,0.0000,166,0,0,0,0,16,0,0,0,0
zc,WS301,2012-06-08 09:04:36.337,2517.0000,452336,2,0.0000,2.0000,2,0,双开,S,2517.0000,0.0000,0.0000,0.0000,0.0000,2518.0000,0.0000,0.0000,0.0000,0.0000,166,0,0,0,0,16,0,0,0,0
zc,WS301,2012-06-08 09:04:37.053,2518.0000,452350,14,0.0000,22.0000,18,4,多开,B,2517.0000,0.0000,0.0000,0.0000,0.0000,2518.0000,0.0000,0.0000,0.0000,0.0000,167,0,0,0,0,5,0,0,0,0
zc,WS301,2012-06-08 09:04:37.790,2518.0000,452354,4,0.0000,16.0000,10,6,多开,B,2517.0000,0.0000,0.0000,0.0000,0.0000,2519.0000,0.0000,0.0000,0.0000,0.0000,166,0,0,0,0,705,0,0,0,0
zc,WS301,2012-06-08 09:04:38.053,2518.0000,452354,0,0.0000,2.0000,1,1,多换,B,2518.0000,0.0000,0.0000,0.0000,0.0000,2519.0000,0.0000,0.0000,0.0000,0.0000,1,0,0,0,0,705,0,0,0,0
zc,WS301,2012-06-08 09:04:38.790,2518.0000,452354,0,0.0000,4.0000,2,2,多换,B,2518.0000,0.0000,0.0000,0.0000,0.0000,2519.0000,0.0000,0.0000,0.0000,0.0000,14,0,0,0,0,705,0,0,0,0
zc,WS301,2012-06-08 09:04:39.303,2518.0000,452354,0,0.0000,0.0000,0,0,多换,B,2518.0000,0.0000,0.0000,0.0000,0.0000,2519.0000,0.0000,0.0000,0.0000,0.0000,14,0,0,0,0,704,0,0,0,0
zc,WS301,2012-06-08 09:04:39.850,2518.0000,452356,2,0.0000,14.0000,8,6,多开,B,2518.0000,0.0000,0.0000,0.0000,0.0000,2519.0000,0.0000,0.0000,0.0000,0.0000,7,0,0,0,0,704,0,0,0,0
zc,WS301,2012-06-08 09:04:41.133,2518.0000,452356,0,0.0000,16.0000,8,8,多换,B,2517.0000,0.0000,0.0000,0.0000,0.0000,2518.0000,0.0000,0.0000,0.0000,0.0000,171,0,0,0,0,1,0,0,0,0
zc,WS301,2012-06-08 09:04:41.553,2518.0000,452356,0,0.0000,0.0000,0,0,多换,B,2517.0000,0.0000,0.0000,0.0000,0.0000,2518.0000,0.0000,0.0000,0.0000,0.0000,172,0,0,0,0,9,0,0,0,0
zc,WS301,2012-06-08 09:04:42.070,2517.0000,452360,4,0.0000,4.0000,4,0,双开,S,2517.0000,0.0000,0.0000,0.0000,0.0000,2518.0000,0.0000,0.0000,0.0000,0.0000,171,0,0,0,0,15,0,0,0,0
zc,WS301,2012-06-08 09:04:42.820,2517.0000,452388,28,0.0000,36.0000,32,4,空开,S,2517.0000,0.0000,0.0000,0.0000,0.0000,2519.0000,0.0000,0.0000,0.0000,0.0000,170,0,0,0,0,692,0,0,0,0
zc,WS301,2012-06-08 09:04:43.273,2518.0000,452388,0,0.0000,2.0000,1,1,多换,B,2517.0000,0.0000,0.0000,0.0000,0.0000,2518.0000,0.0000,0.0000,0.0000,0.0000,170,0,0,0,0,4,0,0,0,0
zc,WS301,2012-06-08 09:04:43.850,2518.0000,452388,0,0.0000,0.0000,0,0,多换,B,2517.0000,0.0000,0.0000,0.0000,0.0000,2518.0000,0.0000,0.0000,0.0000,0.0000,170,0,0,0,0,10,0,0,0,0
zc,WS301,2012-06-08 09:04:44.570,2517.0000,452388,0,0.0000,24.0000,12,12,空换,S,2517.0000,0.0000,0.0000,0.0000,0.0000,2518.0000,0.0000,0.0000,0.0000,0.0000,158,0,0,0,0,10,0,0,0,0
zc,WS301,2012-06-08 09:04:45.133,2517.0000,452388,0,0.0000,2.0000,1,1,空换,S,2517.0000,0.0000,0.0000,0.0000,0.0000,2518.0000,0.0000,0.0000,0.0000,0.0000,157,0,0,0,0,16,0,0,0,0
zc,WS301,2012-06-08 09:04:45.570,2517.0000,452388,0,0.0000,2.0000,1,1,空换,S,2517.0000,0.0000,0.0000,0.0000,0.0000,2518.0000,0.0000,0.0000,0.0000,0.0000,156,0,0,0,0,46,0,0,0,0
zc,WS301,2012-06-08 09:04:46.290,2518.0000,452390,2,0.0000,10.0000,6,4,多开,B,2517.0000,0.0000,0.0000,0.0000,0.0000,2518.0000,0.0000,0.0000,0.0000,0.0000,157,0,0,0,0,42,0,0,0,0
zc,WS301,2012-06-08 09:04:47.337,2518.0000,452390,0,0.0000,0.0000,0,0,多换,B,2517.0000,0.0000,0.0000,0.0000,0.0000,2518.0000,0.0000,0.0000,0.0000,0.0000,159,0,0,0,0,42,0,0,0,0
zc,WS301,2012-06-08 09:04:47.803,2517.0000,452410,20,0.0000,20.0000,20,0,双开,S,2517.0000,0.0000,0.0000,0.0000,0.0000,2518.0000,0.0000,0.0000,0.0000,0.0000,149,0,0,0,0,42,0,0,0,0
zc,WS301,2012-06-08 09:04:48.553,2517.0000,452410,0,0.0000,0.0000,0,0,空换,S,2517.0000,0.0000,0.0000,0.0000,0.0000,2518.0000,0.0000,0.0000,0.0000,0.0000,149,0,0,0,0,44,0,0,0,0
zc,WS301,2012-06-08 09:04:49.087,2518.0000,452412,2,0.0000,6.0000,4,2,多开,B,2517.0000,0.0000,0.0000,0.0000,0.0000,2518.0000,0.0000,0.0000,0.0000,0.0000,147,0,0,0,0,43,0,0,0,0
zc,WS301,2012-06-08 09:04:49.553,2518.0000,452414,2,0.0000,4.0000,3,1,多开,B,2517.0000,0.0000,0.0000,0.0000,0.0000,2518.0000,0.0000,0.0000,0.0000,0.0000,147,0,0,0,0,43,0,0,0,0
zc,WS301,2012-06-08 09:04:50.350,2517.0000,452414,0,0.0000,2.0000,1,1,空换,S,2517.0000,0.0000,0.0000,0.0000,0.0000,2518.0000,0.0000,0.0000,0.0000,0.0000,146,0,0,0,0,46,0,0,0,0
zc,WS301,2012-06-08 09:04:50.820,2517.0000,452420,6,0.0000,8.0000,7,1,空开,S,2517.0000,0.0000,0.0000,0.0000,0.0000,2518.0000,0.0000,0.0000,0.0000,0.0000,145,0,0,0,0,59,0,0,0,0
zc,WS301,2012-06-08 09:04:51.397,2517.0000,452430,10,0.0000,14.0000,12,2,空开,S,2517.0000,0.0000,0.0000,0.0000,0.0000,2518.0000,0.0000,0.0000,0.0000,0.0000,138,0,0,0,0,58,0,0,0,0
zc,WS301,2012-06-08 09:04:52.133,2517.0000,452394,-36,0.0000,142.0000,53,89,多平,S,2517.0000,0.0000,0.0000,0.0000,0.0000,2518.0000,0.0000,0.0000,0.0000,0.0000,69,0,0,0,0,57,0,0,0,0
zc,WS301,2012-06-08 09:04:52.600,2517.0000,452350,-44,0.0000,138.0000,47,91,多平,S,2516.0000,0.0000,0.0000,0.0000,0.0000,2517.0000,0.0000,0.0000,0.0000,0.0000,502,0,0,0,0,327,0,0,0,0
zc,WS301,2012-06-08 09:04:53.053,2517.0000,452350,0,0.0000,20.0000,10,10,空换,S,2516.0000,0.0000,0.0000,0.0000,0.0000,2517.0000,0.0000,0.0000,0.0000,0.0000,500,0,0,0,0,319,0,0,0,0
zc,WS301,2012-06-08 09:04:53.803,2517.0000,452348,-2,0.0000,6.0000,2,4,多平,S,2516.0000,0.0000,0.0000,0.0000,0.0000,2517.0000,0.0000,0.0000,0.0000,0.0000,500,0,0,0,0,317,0,0,0,0
zc,WS301,2012-06-08 09:04:54.337,2517.0000,452348,0,0.0000,0.0000,0,0,空换,S,2516.0000,0.0000,0.0000,0.0000,0.0000,2517.0000,0.0000,0.0000,0.0000,0.0000,508,0,0,0,0,317,0,0,0,0
zc,WS301,2012-06-08 09:04:54.803,2517.0000,452346,-2,0.0000,4.0000,1,3,多平,S,2516.0000,0.0000,0.0000,0.0000,0.0000,2517.0000,0.0000,0.0000,0.0000,0.0000,506,0,0,0,0,317,0,0,0,0
zc,WS301,2012-06-08 09:04:56.053,2517.0000,452346,0,0.0000,4.0000,2,2,空换,S,2516.0000,0.0000,0.0000,0.0000,0.0000,2517.0000,0.0000,0.0000,0.0000,0.0000,506,0,0,0,0,315,0,0,0,0
zc,WS301,2012-06-08 09:04:56.320,2517.0000,452346,0,0.0000,10.0000,5,5,空换,S,2516.0000,0.0000,0.0000,0.0000,0.0000,2517.0000,0.0000,0.0000,0.0000,0.0000,509,0,0,0,0,310,0,0,0,0
zc,WS301,2012-06-08 09:04:57.070,2516.0000,452346,0,0.0000,2.0000,1,1,空换,S,2516.0000,0.0000,0.0000,0.0000,0.0000,2517.0000,0.0000,0.0000,0.0000,0.0000,509,0,0,0,0,313,0,0,0,0
zc,WS301,2012-06-08 09:04:57.820,2516.0000,452328,-18,0.0000,26.0000,4,22,多平,S,2516.0000,0.0000,0.0000,0.0000,0.0000,2517.0000,0.0000,0.0000,0.0000,0.0000,498,0,0,0,0,314,0,0,0,0
zc,WS301,2012-06-08 09:04:58.320,2517.0000,452322,-6,0.0000,14.0000,4,10,空平,B,2516.0000,0.0000,0.0000,0.0000,0.0000,2517.0000,0.0000,0.0000,0.0000,0.0000,495,0,0,0,0,320,0,0,0,0
zc,WS301,2012-06-08 09:04:58.820,2517.0000,452322,0,0.0000,2.0000,1,1,多换,B,2516.0000,0.0000,0.0000,0.0000,0.0000,2517.0000,0.0000,0.0000,0.0000,0.0000,495,0,0,0,0,319,0,0,0,0
zc,WS301,2012-06-08 09:04:59.570,2516.0000,452302,-20,0.0000,20.0000,0,20,双平,S,2516.0000,0.0000,0.0000,0.0000,0.0000,2517.0000,0.0000,0.0000,0.0000,0.0000,508,0,0,0,0,319,0,0,0,0
zc,WS301,2012-06-08 09:05:00.117,2516.0000,452302,0,0.0000,4.0000,2,2,空换,S,2516.0000,0.0000,0.0000,0.0000,0.0000,2517.0000,0.0000,0.0000,0.0000,0.0000,507,0,0,0,0,319,0,0,0,0
zc,WS301,2012-06-08 09:05:00.617,2517.0000,452302,0,0.0000,4.0000,2,2,多换,B,2516.0000,0.0000,0.0000,0.0000,0.0000,2517.0000,0.0000,0.0000,0.0000,0.0000,507,0,0,0,0,317,0,0,0,0
zc,WS301,2012-06-08 09:05:01.303,2516.0000,452300,-2,0.0000,2.0000,0,2,双平,S,2516.0000,0.0000,0.0000,0.0000,0.0000,2517.0000,0.0000,0.0000,0.0000,0.0000,506,0,0,0,0,317,0,0,0,0
zc,WS301,2012-06-08 09:05:01.820,2516.0000,452296,-4,0.0000,8.0000,2,6,多平,S,2516.0000,0.0000,0.0000,0.0000,0.0000,2517.0000,0.0000,0.0000,0.0000,0.0000,506,0,0,0,0,315,0,0,0,0
zc,WS301,2012-06-08 09:05:02.553,2516.0000,452282,-14,0.0000,16.0000,1,15,多平,S,2516.0000,0.0000,0.0000,0.0000,0.0000,2517.0000,0.0000,0.0000,0.0000,0.0000,502,0,0,0,0,314,0,0,0,0
zc,WS301,2012-06-08 09:05:03.303,2516.0000,451982,-300,0.0000,300.0000,0,300,双平,S,2516.0000,0.0000,0.0000,0.0000,0.0000,2517.0000,0.0000,0.0000,0.0000,0.0000,358,0,0,0,0,314,0,0,0,0
zc,WS301,2012-06-08 09:05:03.540,2517.0000,451982,0,0.0000,10.0000,5,5,多换,B,2516.0000,0.0000,0.0000,0.0000,0.0000,2517.0000,0.0000,0.0000,0.0000,0.0000,358,0,0,0,0,309,0,0,0,0
zc,WS301,2012-06-08 09:05:04.273,2517.0000,451982,0,0.0000,0.0000,0,0,多换,B,2516.0000,0.0000,0.0000,0.0000,0.0000,2517.0000,0.0000,0.0000,0.0000,0.0000,361,0,0,0,0,309,0,0,0,0
zc,WS301,2012-06-08 09:05:05.070,2517.0000,451832,-150,0.0000,154.0000,2,152,空平,B,2516.0000,0.0000,0.0000,0.0000,0.0000,2517.0000,0.0000,0.0000,0.0000,0.0000,287,0,0,0,0,308,0,0,0,0
zc,WS301,2012-06-08 09:05:05.303,2517.0000,451830,-2,0.0000,4.0000,1,3,空平,B,2516.0000,0.0000,0.0000,0.0000,0.0000,2517.0000,0.0000,0.0000,0.0000,0.0000,288,0,0,0,0,305,0,0,0,0
zc,WS301,2012-06-08 09:05:06.850,2516.0000,451810,-20,0.0000,22.0000,1,21,多平,S,2516.0000,0.0000,0.0000,0.0000,0.0000,2517.0000,0.0000,0.0000,0.0000,0.0000,278,0,0,0,0,305,0,0,0,0
zc,WS301,2012-06-08 09:05:07.320,2517.0000,451810,0,0.0000,6.0000,3,3,多换,B,2516.0000,0.0000,0.0000,0.0000,0.0000,2517.0000,0.0000,0.0000,0.0000,0.0000,278,0,0,0,0,302,0,0,0,0
zc,WS301,2012-06-08 09:05:07.883,2517.0000,451810,0,0.0000,6.0000,3,3,多换,B,2516.0000,0.0000,0.0000,0.0000,0.0000,2517.0000,0.0000,0.0000,0.0000,0.0000,278,0,0,0,0,299,0,0,0,0
zc,WS301,2012-06-08 09:05:08.600,2517.0000,451810,0,0.0000,0.0000,0,0,多换,B,2516.0000,0.0000,0.0000,0.0000,0.0000,2517.0000,0.0000,0.0000,0.0000,0.0000,278,0,0,0,0,315,0,0,0,0
zc,WS301,2012-06-08 09:05:09.337,2517.0000,451710,-100,0.0000,102.0000,1,101,空平,B,2516.0000,0.0000,0.0000,0.0000,0.0000,2517.0000,0.0000,0.0000,0.0000,0.0000,230,0,0,0,0,314,0,0,0,0
zc,WS301,2012-06-08 09:05:09.803,2516.0000,451708,-2,0.0000,4.0000,1,3,多平,S,2516.0000,0.0000,0.0000,0.0000,0.0000,2517.0000,0.0000,0.0000,0.0000,0.0000,232,0,0,0,0,314,0,0,0,0
zc,WS301,2012-06-08 09:05:10.337,2517.0000,451640,-68,0.0000,84.0000,8,76,空平,B,2516.0000,0.0000,0.0000,0.0000,0.0000,2517.0000,0.0000,0.0000,0.0000,0.0000,192,0,0,0,0,312,0,0,0,0
zc,WS301,2012-06-08 09:05:11.133,2516.0000,451640,0,0.0000,2.0000,1,1,空换,S,2516.0000,0.0000,0.0000,0.0000,0.0000,2517.0000,0.0000,0.0000,0.0000,0.0000,216,0,0,0,0,312,0,0,0,0
zc,WS301,2012-06-08 09:05:11.600,2516.0000,451640,0,0.0000,0.0000,0,0,空换,S,2516.0000,0.0000,0.0000,0.0000,0.0000,2517.0000,0.0000,0.0000,0.0000,0.0000,221,0,0,0,0,332,0,0,0,0
zc,WS301,2012-06-08 09:05:12.320,2516.0000,451538,-102,0.0000,296.0000,97,199,多平,S,2516.0000,0.0000,0.0000,0.0000,0.0000,2517.0000,0.0000,0.0000,0.0000,0.0000,83,0,0,0,0,337,0,0,0,0
zc,WS301,2012-06-08 09:05:12.867,2516.0000,451532,-6,0.0000,74.0000,34,40,多平,S,2516.0000,0.0000,0.0000,0.0000,0.0000,2517.0000,0.0000,0.0000,0.0000,0.0000,60,0,0,0,0,337,0,0,0,0
zc,WS301,2012-06-08 09:05:13.647,2516.0000,451532,0,0.0000,2.0000,1,1,空换,S,2516.0000,0.0000,0.0000,0.0000,0.0000,2517.0000,0.0000,0.0000,0.0000,0.0000,60,0,0,0,0,337,0,0,0,0
zc,WS301,2012-06-08 09:05:14.147,2516.0000,451474,-58,0.0000,122.0000,32,90,多平,S,2515.0000,0.0000,0.0000,0.0000,0.0000,2516.0000,0.0000,0.0000,0.0000,0.0000,281,0,0,0,0,26,0,0,0,0
zc,WS301,2012-06-08 09:05:14.790,2516.0000,451474,0,0.0000,6.0000,3,3,空换,S,2515.0000,0.0000,0.0000,0.0000,0.0000,2516.0000,0.0000,0.0000,0.0000,0.0000,294,0,0,0,0,26,0,0,0,0
zc,WS301,2012-06-08 09:05:15.350,2516.0000,451368,-106,0.0000,118.0000,6,112,多平,S,2516.0000,0.0000,0.0000,0.0000,0.0000,2517.0000,0.0000,0.0000,0.0000,0.0000,75,0,0,0,0,338,0,0,0,0
zc,WS301,2012-06-08 09:05:16.117,2516.0000,451366,-2,0.0000,24.0000,11,13,多平,S,2516.0000,0.0000,0.0000,0.0000,0.0000,2517.0000,0.0000,0.0000,0.0000,0.0000,63,0,0,0,0,328,0,0,0,0
zc,WS301,2012-06-08 09:05:16.570,2516.0000,451366,0,0.0000,4.0000,2,2,空换,S,2516.0000,0.0000,0.0000,0.0000,0.0000,2517.0000,0.0000,0.0000,0.0000,0.0000,63,0,0,0,0,328,0,0,0,0
zc,WS301,2012-06-08 09:05:17.320,2516.0000,451366,0,0.0000,0.0000,0,0,空换,S,2516.0000,0.0000,0.0000,0.0000,0.0000,2517.0000,0.0000,0.0000,0.0000,0.0000,63,0,0,0,0,380,0,0,0,0
zc,WS301,2012-06-08 09:05:18.147,2517.0000,451366,0,0.0000,2.0000,1,1,多换,B,2516.0000,0.0000,0.0000,0.0000,0.0000,2517.0000,0.0000,0.0000,0.0000,0.0000,63,0,0,0,0,379,0,0,0,0
zc,WS301,2012-06-08 09:05:18.837,2516.0000,451328,-38,0.0000,66.0000,14,52,多平,S,2516.0000,0.0000,0.0000,0.0000,0.0000,2517.0000,0.0000,0.0000,0.0000,0.0000,39,0,0,0,0,372,0,0,0,0
zc,WS301,2012-06-08 09:05:19.303,2516.0000,451328,0,0.0000,0.0000,0,0,空换,S,2516.0000,0.0000,0.0000,0.0000,0.0000,2517.0000,0.0000,0.0000,0.0000,0.0000,94,0,0,0,0,373,0,0,0,0
zc,WS301,2012-06-08 09:05:19.867,2516.0000,451324,-4,0.0000,6.0000,1,5,多平,S,2516.0000,0.0000,0.0000,0.0000,0.0000,2517.0000,0.0000,0.0000,0.0000,0.0000,92,0,0,0,0,372,0,0,0,0
zc,WS301,2012-06-08 09:05:20.587,2516.0000,451276,-48,0.0000,208.0000,80,128,多平,S,2515.0000,0.0000,0.0000,0.0000,0.0000,2516.0000,0.0000,0.0000,0.0000,0.0000,294,0,0,0,0,98,0,0,0,0
zc,WS301,2012-06-08 09:05:21.337,2516.0000,451276,0,0.0000,2.0000,1,1,空换,S,2515.0000,0.0000,0.0000,0.0000,0.0000,2516.0000,0.0000,0.0000,0.0000,0.0000,296,0,0,0,0,97,0,0,0,0
zc,WS301,2012-06-08 09:05:21.790,2516.0000,451084,-192,0.0000,214.0000,11,203,多平,S,2516.0000,0.0000,0.0000,0.0000,0.0000,2517.0000,0.0000,0.0000,0.0000,0.0000,47,0,0,0,0,374,0,0,0,0
zc,WS301,2012-06-08 09:05:22.570,2516.0000,451048,-36,0.0000,40.0000,2,38,多平,S,2516.0000,0.0000,0.0000,0.0000,0.0000,2517.0000,0.0000,0.0000,0.0000,0.0000,41,0,0,0,0,362,0,0,0,0
zc,WS301,2012-06-08 09:05:23.040,2516.0000,450972,-76,0.0000,88.0000,6,82,多平,S,2515.0000,0.0000,0.0000,0.0000,0.0000,2516.0000,0.0000,0.0000,0.0000,0.0000,295,0,0,0,0,16,0,0,0,0
zc,WS301,2012-06-08 09:05:23.883,2516.0000,450972,0,0.0000,2.0000,1,1,空换,S,2515.0000,0.0000,0.0000,0.0000,0.0000,2516.0000,0.0000,0.0000,0.0000,0.0000,300,0,0,0,0,20,0,0,0,0
zc,WS301,2012-06-08 09:05:24.617,2516.0000,450972,0,0.0000,28.0000,14,14,空换,S,2515.0000,0.0000,0.0000,0.0000,0.0000,2516.0000,0.0000,0.0000,0.0000,0.0000,292,0,0,0,0,99,0,0,0,0
zc,WS301,2012-06-08 09:05:25.070,2516.0000,450972,0,0.0000,16.0000,8,8,空换,S,2515.0000,0.0000,0.0000,0.0000,0.0000,2516.0000,0.0000,0.0000,0.0000,0.0000,292,0,0,0,0,91,0,0,0,0
zc,WS301,2012-06-08 09:05:25.837,2516.0000,450978,6,0.0000,48.0000,27,21,空开,S,2515.0000,0.0000,0.0000,0.0000,0.0000,2516.0000,0.0000,0.0000,0.0000,0.0000,280,0,0,0,0,80,0,0,0,0
zc,WS301,2012-06-08 09:05:26.367,2516.0000,450978,0,0.0000,0.0000,0,0,空换,S,2515.0000,0.0000,0.0000,0.0000,0.0000,2516.0000,0.0000,0.0000,0.0000,0.0000,281,0,0,0,0,81,0,0,0,0
zc,WS301,2012-06-08 09:05:27.163,2516.0000,450978,0,0.0000,2.0000,1,1,空换,S,2515.0000,0.0000,0.0000,0.0000,0.0000,2516.0000,0.0000,0.0000,0.0000,0.0000,280,0,0,0,0,82,0,0,0,0
zc,WS301,2012-06-08 09:05:27.540,2516.0000,450838,-140,0.0000,168.0000,14,154,多平,S,2516.0000,0.0000,0.0000,0.0000,0.0000,2517.0000,0.0000,0.0000,0.0000,0.0000,81,0,0,0,0,370,0,0,0,0
zc,WS301,2012-06-08 09:05:28.303,2516.0000,450832,-6,0.0000,6.0000,0,6,双平,S,2516.0000,0.0000,0.0000,0.0000,0.0000,2517.0000,0.0000,0.0000,0.0000,0.0000,80,0,0,0,0,368,0,0,0,0
zc,WS301,2012-06-08 09:05:28.897,2516.0000,450832,0,0.0000,0.0000,0,0,空换,S,2516.0000,0.0000,0.0000,0.0000,0.0000,2517.0000,0.0000,0.0000,0.0000,0.0000,303,0,0,0,0,368,0,0,0,0
zc,WS301,2012-06-08 09:05:29.867,2517.0000,450830,-2,0.0000,112.0000,55,57,空平,B,2516.0000,0.0000,0.0000,0.0000,0.0000,2517.0000,0.0000,0.0000,0.0000,0.0000,526,0,0,0,0,314,0,0,0,0
zc,WS301,2012-06-08 09:05:30.633,2516.0000,450822,-8,0.0000,8.0000,0,8,双平,S,2516.0000,0.0000,0.0000,0.0000,0.0000,2517.0000,0.0000,0.0000,0.0000,0.0000,523,0,0,0,0,313,0,0,0,0
zc,WS301,2012-06-08 09:05:31.070,2516.0000,450820,-2,0.0000,2.0000,0,2,双平,S,2516.0000,0.0000,0.0000,0.0000,0.0000,2517.0000,0.0000,0.0000,0.0000,0.0000,543,0,0,0,0,312,0,0,0,0
zc,WS301,2012-06-08 09:05:31.820,2517.0000,450816,-4,0.0000,6.0000,1,5,空平,B,2516.0000,0.0000,0.0000,0.0000,0.0000,2517.0000,0.0000,0.0000,0.0000,0.0000,542,0,0,0,0,311,0,0,0,0
zc,WS301,2012-06-08 09:05:32.350,2516.0000,450804,-12,0.0000,52.0000,20,32,多平,S,2516.0000,0.0000,0.0000,0.0000,0.0000,2517.0000,0.0000,0.0000,0.0000,0.0000,518,0,0,0,0,317,0,0,0,0
zc,WS301,2012-06-08 09:05:33.133,2516.0000,450800,-4,0.0000,4.0000,0,4,双平,S,2516.0000,0.0000,0.0000,0.0000,0.0000,2517.0000,0.0000,0.0000,0.0000,0.0000,517,0,0,0,0,317,0,0,0,0
zc,WS301,2012-06-08 09:05:33.803,2517.0000,450800,0,0.0000,106.0000,53,53,多换,B,2516.0000,0.0000,0.0000,0.0000,0.0000,2517.0000,0.0000,0.0000,0.0000,0.0000,515,0,0,0,0,266,0,0,0,0
zc,WS301,2012-06-08 09:05:34.397,2517.0000,450792,-8,0.0000,8.0000,0,8,双平,B,2516.0000,0.0000,0.0000,0.0000,0.0000,2517.0000,0.0000,0.0000,0.0000,0.0000,522,0,0,0,0,263,0,0,0,0
zc,WS301,2012-06-08 09:05:35.040,2516.0000,450792,0,0.0000,10.0000,5,5,空换,S,2516.0000,0.0000,0.0000,0.0000,0.0000,2517.0000,0.0000,0.0000,0.0000,0.0000,517,0,0,0,0,258,0,0,0,0
zc,WS301,2012-06-08 09:05:35.553,2517.0000,450728,-64,0.0000,452.0000,194,258,空平,B,2516.0000,0.0000,0.0000,0.0000,0.0000,2517.0000,0.0000,0.0000,0.0000,0.0000,445,0,0,0,0,96,0,0,0,0
zc,WS301,2012-06-08 09:05:36.397,2517.0000,450536,-192,0.0000,228.0000,18,210,空平,B,2516.0000,0.0000,0.0000,0.0000,0.0000,2517.0000,0.0000,0.0000,0.0000,0.0000,359,0,0,0,0,123,0,0,0,0
zc,WS301,2012-06-08 09:05:36.790,2517.0000,450578,42,0.0000,48.0000,45,3,多开,B,2516.0000,0.0000,0.0000,0.0000,0.0000,2517.0000,0.0000,0.0000,0.0000,0.0000,358,0,0,0,0,99,0,0,0,0
zc,WS301,2012-06-08 09:05:37.633,2517.0000,450584,6,0.0000,54.0000,30,24,多开,B,2516.0000,0.0000,0.0000,0.0000,0.0000,2517.0000,0.0000,0.0000,0.0000,0.0000,358,0,0,0,0,72,0,0,0,0
zc,WS301,2012-06-08 09:05:38.180,2517.0000,450584,0,0.0000,4.0000,2,2,多换,B,2516.0000,0.0000,0.0000,0.0000,0.0000,2517.0000,0.0000,0.0000,0.0000,0.0000,359,0,0,0,0,70,0,0,0,0
zc,WS301,2012-06-08 09:05:38.790,2516.0000,450582,-2,0.0000,2.0000,0,2,双平,S,2516.0000,0.0000,0.0000,0.0000,0.0000,2517.0000,0.0000,0.0000,0.0000,0.0000,360,0,0,0,0,70,0,0,0,0
zc,WS301,2012-06-08 09:05:39.337,2517.0000,450582,0,0.0000,2.0000,1,1,多换,B,2516.0000,0.0000,0.0000,0.0000,0.0000,2517.0000,0.0000,0.0000,0.0000,0.0000,361,0,0,0,0,69,0,0,0,0
zc,WS301,2012-06-08 09:05:40.133,2517.0000,450582,0,0.0000,4.0000,2,2,多换,B,2516.0000,0.0000,0.0000,0.0000,0.0000,2517.0000,0.0000,0.0000,0.0000,0.0000,366,0,0,0,0,67,0,0,0,0
zc,WS301,2012-06-08 09:05:40.570,2516.0000,450580,-2,0.0000,42.0000,20,22,多平,S,2516.0000,0.0000,0.0000,0.0000,0.0000,2517.0000,0.0000,0.0000,0.0000,0.0000,365,0,0,0,0,47,0,0,0,0
zc,WS301,2012-06-08 09:05:41.147,2517.0000,450584,4,0.0000,8.0000,6,2,多开,B,2516.0000,0.0000,0.0000,0.0000,0.0000,2517.0000,0.0000,0.0000,0.0000,0.0000,365,0,0,0,0,43,0,0,0,0
zc,WS301,2012-06-08 09:05:41.617,2517.0000,450584,0,0.0000,0.0000,0,0,多换,B,2516.0000,0.0000,0.0000,0.0000,0.0000,2517.0000,0.0000,0.0000,0.0000,0.0000,366,0,0,0,0,43,0,0,0,0
zc,WS301,2012-06-08 09:05:42.350,2517.0000,450586,2,0.0000,14.0000,8,6,多开,B,2516.0000,0.0000,0.0000,0.0000,0.0000,2517.0000,0.0000,0.0000,0.0000,0.0000,368,0,0,0,0,36,0,0,0,0
zc,WS301,2012-06-08 09:05:42.867,2517.0000,450586,0,0.0000,4.0000,2,2,多换,B,2516.0000,0.0000,0.0000,0.0000,0.0000,2517.0000,0.0000,0.0000,0.0000,0.0000,368,0,0,0,0,34,0,0,0,0
zc,WS301,2012-06-08 09:05:43.600,2517.0000,450584,-2,0.0000,48.0000,23,25,空平,B,2516.0000,0.0000,0.0000,0.0000,0.0000,2517.0000,0.0000,0.0000,0.0000,0.0000,367,0,0,0,0,11,0,0,0,0
zc,WS301,2012-06-08 09:05:44.350,2517.0000,450584,0,0.0000,22.0000,11,11,多换,B,2516.0000,0.0000,0.0000,0.0000,0.0000,2518.0000,0.0000,0.0000,0.0000,0.0000,368,0,0,0,0,55,0,0,0,0
zc,WS301,2012-06-08 09:05:44.867,2517.0000,450584,0,0.0000,0.0000,0,0,多换,B,2517.0000,0.0000,0.0000,0.0000,0.0000,2518.0000,0.0000,0.0000,0.0000,0.0000,6,0,0,0,0,55,0,0,0,0
zc,WS301,2012-06-08 09:05:45.587,2518.0000,450588,4,0.0000,4.0000,4,0,双开,B,2517.0000,0.0000,0.0000,0.0000,0.0000,2518.0000,0.0000,0.0000,0.0000,0.0000,145,0,0,0,0,60,0,0,0,0
zc,WS301,2012-06-08 09:05:46.053,2517.0000,450858,270,0.0000,380.0000,325,55,空开,S,2517.0000,0.0000,0.0000,0.0000,0.0000,2518.0000,0.0000,0.0000,0.0000,0.0000,141,0,0,0,0,36,0,0,0,0
zc,WS301,2012-06-08 09:05:46.820,2517.0000,451058,200,0.0000,202.0000,201,1,空开,S,2517.0000,0.0000,0.0000,0.0000,0.0000,2518.0000,0.0000,0.0000,0.0000,0.0000,41,0,0,0,0,31,0,0,0,0
zc,WS301,2012-06-08 09:05:47.367,2518.0000,451058,0,0.0000,2.0000,1,1,多换,B,2517.0000,0.0000,0.0000,0.0000,0.0000,2518.0000,0.0000,0.0000,0.0000,0.0000,64,0,0,0,0,30,0,0,0,0
zc,WS301,2012-06-08 09:05:48.133,2518.0000,451058,0,0.0000,0.0000,0,0,多换,B,2517.0000,0.0000,0.0000,0.0000,0.0000,2518.0000,0.0000,0.0000,0.0000,0.0000,65,0,0,0,0,36,0,0,0,0
zc,WS301,2012-06-08 09:05:48.647,2517.0000,451058,0,0.0000,8.0000,4,4,空换,S,2517.0000,0.0000,0.0000,0.0000,0.0000,2518.0000,0.0000,0.0000,0.0000,0.0000,63,0,0,0,0,36,0,0,0,0
zc,WS301,2012-06-08 09:05:49.383,2517.0000,451058,0,0.0000,2.0000,1,1,空换,S,2517.0000,0.0000,0.0000,0.0000,0.0000,2518.0000,0.0000,0.0000,0.0000,0.0000,63,0,0,0,0,136,0,0,0,0
zc,WS301,2012-06-08 09:05:49.867,2518.0000,451058,0,0.0000,2.0000,1,1,多换,B,2517.0000,0.0000,0.0000,0.0000,0.0000,2518.0000,0.0000,0.0000,0.0000,0.0000,64,0,0,0,0,135,0,0,0,0
zc,WS301,2012-06-08 09:05:50.600,2518.0000,451058,0,0.0000,10.0000,5,5,多换,B,2517.0000,0.0000,0.0000,0.0000,0.0000,2518.0000,0.0000,0.0000,0.0000,0.0000,74,0,0,0,0,130,0,0,0,0
zc,WS301,2012-06-08 09:05:51.350,2518.0000,451058,0,0.0000,2.0000,1,1,多换,B,2517.0000,0.0000,0.0000,0.0000,0.0000,2518.0000,0.0000,0.0000,0.0000,0.0000,74,0,0,0,0,129,0,0,0,0
zc,WS301,2012-06-08 09:05:51.850,2517.0000,451050,-8,0.0000,172.0000,82,90,多平,S,2516.0000,0.0000,0.0000,0.0000,0.0000,2517.0000,0.0000,0.0000,0.0000,0.0000,391,0,0,0,0,514,0,0,0,0
zc,WS301,2012-06-08 09:05:52.897,2517.0000,451036,-14,0.0000,232.0000,109,123,多平,S,2516.0000,0.0000,0.0000,0.0000,0.0000,2517.0000,0.0000,0.0000,0.0000,0.0000,378,0,0,0,0,404,0,0,0,0
zc,WS301,2012-06-08 09:05:53.367,2517.0000,451020,-16,0.0000,18.0000,1,17,多平,S,2516.0000,0.0000,0.0000,0.0000,0.0000,2517.0000,0.0000,0.0000,0.0000,0.0000,370,0,0,0,0,403,0,0,0,0
zc,WS301,2012-06-08 09:05:53.850,2517.0000,451018,-2,0.0000,2.0000,0,2,双平,S,2516.0000,0.0000,0.0000,0.0000,0.0000,2517.0000,0.0000,0.0000,0.0000,0.0000,377,0,0,0,0,502,0,0,0,0
zc,WS301,2012-06-08 09:05:54.600,2517.0000,451018,0,0.0000,2.0000,1,1,空换,S,2516.0000,0.0000,0.0000,0.0000,0.0000,2517.0000,0.0000,0.0000,0.0000,0.0000,382,0,0,0,0,501,0,0,0,0
zc,WS301,2012-06-08 09:05:55.147,2517.0000,451018,0,0.0000,22.0000,11,11,空换,S,2516.0000,0.0000,0.0000,0.0000,0.0000,2517.0000,0.0000,0.0000,0.0000,0.0000,382,0,0,0,0,490,0,0,0,0
zc,WS301,2012-06-08 09:05:55.913,2517.0000,451006,-12,0.0000,14.0000,1,13,多平,S,2516.0000,0.0000,0.0000,0.0000,0.0000,2517.0000,0.0000,0.0000,0.0000,0.0000,378,0,0,0,0,487,0,0,0,0
zc,WS301,2012-06-08 09:05:56.320,2517.0000,451006,0,0.0000,8.0000,4,4,空换,S,2516.0000,0.0000,0.0000,0.0000,0.0000,2517.0000,0.0000,0.0000,0.0000,0.0000,377,0,0,0,0,483,0,0,0,0
zc,WS301,2012-06-08 09:05:57.070,2517.0000,451006,0,0.0000,6.0000,3,3,空换,S,2516.0000,0.0000,0.0000,0.0000,0.0000,2517.0000,0.0000,0.0000,0.0000,0.0000,378,0,0,0,0,480,0,0,0,0
zc,WS301,2012-06-08 09:05:57.570,2517.0000,451006,0,0.0000,0.0000,0,0,空换,S,2516.0000,0.0000,0.0000,0.0000,0.0000,2517.0000,0.0000,0.0000,0.0000,0.0000,386,0,0,0,0,480,0,0,0,0
zc,WS301,2012-06-08 09:05:58.587,2516.0000,450920,-86,0.0000,92.0000,3,89,多平,S,2516.0000,0.0000,0.0000,0.0000,0.0000,2517.0000,0.0000,0.0000,0.0000,0.0000,340,0,0,0,0,480,0,0,0,0
zc,WS301,2012-06-08 09:05:58.850,2517.0000,450920,0,0.0000,2.0000,1,1,多换,B,2516.0000,0.0000,0.0000,0.0000,0.0000,2517.0000,0.0000,0.0000,0.0000,0.0000,340,0,0,0,0,479,0,0,0,0
