市场代码,合约代码,时间,最新,持仓,增仓,成交额,成交量,开仓,平仓,成交类型,方向,买一价,买二价,买三价,买四价,买五价,卖一价,卖二价,卖三价,卖四价,卖五价,买一量,买二量,买三量,买四量,买五量,卖一量,卖二量,卖三量,卖四量,卖五量
sc,ru1210,2012-06-29 07:36:29.500,22765.0000,206,0,0.0000,0.0000,0,0,多换,B,0.0000,0.0000,0.0000,0.0000,0.0000,0.0000,0.0000,0.0000,0.0000,0.0000,0,0,0,0,0,0,0,0,0,0
sc,ru1210,2012-06-29 08:59:00.500,22765.0000,206,0,0.0000,0.0000,0,0,多换,B,22350.0000,0.0000,0.0000,0.0000,0.0000,22700.0000,0.0000,0.0000,0.0000,0.0000,1,0,0,0,0,1,0,0,0,0
sc,ru1210,2012-06-29 09:00:01.000,22765.0000,206,0,0.0000,0.0000,0,0,多换,B,22355.0000,0.0000,0.0000,0.0000,0.0000,22695.0000,0.0000,0.0000,0.0000,0.0000,12,0,0,0,0,12,0,0,0,0
sc,ru1210,2012-06-29 09:00:01.500,22765.0000,206,0,0.0000,0.0000,0,0,多换,B,22355.0000,0.0000,0.0000,0.0000,0.0000,22690.0000,0.0000,0.0000,0.0000,0.0000,12,0,0,0,0,2,0,0,0,0
sc,ru1210,2012-06-29 09:00:02.000,22765.0000,206,0,0.0000,0.0000,0,0,多换,B,22355.0000,0.0000,0.0000,0.0000,0.0000,22685.0000,0.0000,0.0000,0.0000,0.0000,12,0,0,0,0,13,0,0,0,0
sc,ru1210,2012-06-29 09:00:02.500,22765.0000,206,0,0.0000,0.0000,0,0,多换,B,22365.0000,0.0000,0.0000,0.0000,0.0000,22685.0000,0.0000,0.0000,0.0000,0.0000,2,0,0,0,0,13,0,0,0,0
sc,ru1210,2012-06-29 09:00:03.000,22765.0000,206,0,0.0000,0.0000,0,0,多换,B,22370.0000,0.0000,0.0000,0.0000,0.0000,22680.0000,0.0000,0.0000,0.0000,0.0000,11,0,0,0,0,3,0,0,0,0
sc,ru1210,2012-06-29 09:00:03.500,22765.0000,206,0,0.0000,0.0000,0,0,多换,B,22375.0000,0.0000,0.0000,0.0000,0.0000,22675.0000,0.0000,0.0000,0.0000,0.0000,1,0,0,0,0,10,0,0,0,0
sc,ru1210,2012-06-29 09:00:04.000,22765.0000,206,0,0.0000,0.0000,0,0,多换,B,22385.0000,0.0000,0.0000,0.0000,0.0000,22675.0000,0.0000,0.0000,0.0000,0.0000,2,0,0,0,0,14,0,0,0,0
sc,ru1210,2012-06-29 09:00:04.500,22765.0000,206,0,0.0000,0.0000,0,0,多换,B,22390.0000,0.0000,0.0000,0.0000,0.0000,22670.0000,0.0000,0.0000,0.0000,0.0000,10,0,0,0,0,1,0,0,0,0
sc,ru1210,2012-06-29 09:00:05.000,22765.0000,206,0,0.0000,0.0000,0,0,多换,B,22400.0000,0.0000,0.0000,0.0000,0.0000,22665.0000,0.0000,0.0000,0.0000,0.0000,2,0,0,0,0,10,0,0,0,0
sc,ru1210,2012-06-29 09:00:05.500,22765.0000,206,0,0.0000,0.0000,0,0,多换,B,22400.0000,0.0000,0.0000,0.0000,0.0000,22665.0000,0.0000,0.0000,0.0000,0.0000,2,0,0,0,0,10,0,0,0,0
sc,ru1210,2012-06-29 09:00:06.000,22765.0000,206,0,0.0000,0.0000,0,0,多换,B,22405.0000,0.0000,0.0000,0.0000,0.0000,22660.0000,0.0000,0.0000,0.0000,0.0000,1,0,0,0,0,3,0,0,0,0
sc,ru1210,2012-06-29 09:00:06.500,22765.0000,206,0,0.0000,0.0000,0,0,多换,B,22410.0000,0.0000,0.0000,0.0000,0.0000,22655.0000,0.0000,0.0000,0.0000,0.0000,10,0,0,0,0,11,0,0,0,0
sc,ru1210,2012-06-29 09:00:07.000,22765.0000,206,0,0.0000,0.0000,0,0,多换,B,22415.0000,0.0000,0.0000,0.0000,0.0000,22650.0000,0.0000,0.0000,0.0000,0.0000,1,0,0,0,0,1,0,0,0,0
sc,ru1210,2012-06-29 09:00:07.500,22765.0000,206,0,0.0000,0.0000,0,0,多换,B,22425.0000,0.0000,0.0000,0.0000,0.0000,22650.0000,0.0000,0.0000,0.0000,0.0000,2,0,0,0,0,4,0,0,0,0
sc,ru1210,2012-06-29 09:00:08.000,22765.0000,206,0,0.0000,0.0000,0,0,多换,B,22430.0000,0.0000,0.0000,0.0000,0.0000,22645.0000,0.0000,0.0000,0.0000,0.0000,10,0,0,0,0,10,0,0,0,0
sc,ru1210,2012-06-29 09:00:08.500,22765.0000,206,0,0.0000,0.0000,0,0,多换,B,22440.0000,0.0000,0.0000,0.0000,0.0000,22645.0000,0.0000,0.0000,0.0000,0.0000,2,0,0,0,0,11,0,0,0,0
sc,ru1210,2012-06-29 09:00:09.000,22765.0000,206,0,0.0000,0.0000,0,0,多换,B,22440.0000,0.0000,0.0000,0.0000,0.0000,22640.0000,0.0000,0.0000,0.0000,0.0000,2,0,0,0,0,1,0,0,0,0
sc,ru1210,2012-06-29 09:00:09.500,22765.0000,206,0,0.0000,0.0000,0,0,多换,B,22440.0000,0.0000,0.0000,0.0000,0.0000,22635.0000,0.0000,0.0000,0.0000,0.0000,2,0,0,0,0,10,0,0,0,0
sc,ru1210,2012-06-29 09:00:10.000,22765.0000,206,0,0.0000,0.0000,0,0,多换,B,22440.0000,0.0000,0.0000,0.0000,0.0000,22635.0000,0.0000,0.0000,0.0000,0.0000,2,0,0,0,0,10,0,0,0,0
sc,ru1210,2012-06-29 09:00:10.500,22765.0000,206,0,0.0000,0.0000,0,0,多换,B,22440.0000,0.0000,0.0000,0.0000,0.0000,22630.0000,0.0000,0.0000,0.0000,0.0000,2,0,0,0,0,1,0,0,0,0
sc,ru1210,2012-06-29 09:00:11.000,22765.0000,206,0,0.0000,0.0000,0,0,多换,B,22445.0000,0.0000,0.0000,0.0000,0.0000,22625.0000,0.0000,0.0000,0.0000,0.0000,10,0,0,0,0,11,0,0,0,0
sc,ru1210,2012-06-29 09:00:11.500,22765.0000,206,0,0.0000,0.0000,0,0,多换,B,22455.0000,0.0000,0.0000,0.0000,0.0000,22620.0000,0.0000,0.0000,0.0000,0.0000,2,0,0,0,0,1,0,0,0,0
sc,ru1210,2012-06-29 09:00:12.000,22765.0000,206,0,0.0000,0.0000,0,0,多换,B,22460.0000,0.0000,0.0000,0.0000,0.0000,22620.0000,0.0000,0.0000,0.0000,0.0000,1,0,0,0,0,1,0,0,0,0
sc,ru1210,2012-06-29 09:00:12.500,22765.0000,206,0,0.0000,0.0000,0,0,多换,B,22470.0000,0.0000,0.0000,0.0000,0.0000,22615.0000,0.0000,0.0000,0.0000,0.0000,2,0,0,0,0,10,0,0,0,0
sc,ru1210,2012-06-29 09:00:13.000,22765.0000,206,0,0.0000,0.0000,0,0,多换,B,22470.0000,0.0000,0.0000,0.0000,0.0000,22610.0000,0.0000,0.0000,0.0000,0.0000,2,0,0,0,0,1,0,0,0,0
sc,ru1210,2012-06-29 09:00:13.500,22765.0000,206,0,0.0000,0.0000,0,0,多换,B,22470.0000,0.0000,0.0000,0.0000,0.0000,22610.0000,0.0000,0.0000,0.0000,0.0000,2,0,0,0,0,2,0,0,0,0
sc,ru1210,2012-06-29 09:00:14.000,22765.0000,206,0,0.0000,0.0000,0,0,多换,B,22475.0000,0.0000,0.0000,0.0000,0.0000,22610.0000,0.0000,0.0000,0.0000,0.0000,1,0,0,0,0,2,0,0,0,0
sc,ru1210,2012-06-29 09:00:14.500,22765.0000,206,0,0.0000,0.0000,0,0,多换,B,22475.0000,0.0000,0.0000,0.0000,0.0000,22605.0000,0.0000,0.0000,0.0000,0.0000,1,0,0,0,0,13,0,0,0,0
sc,ru1210,2012-06-29 09:00:15.000,22765.0000,206,0,0.0000,0.0000,0,0,多换,B,22475.0000,0.0000,0.0000,0.0000,0.0000,22600.0000,0.0000,0.0000,0.0000,0.0000,1,0,0,0,0,1,0,0,0,0
sc,ru1210,2012-06-29 09:00:15.500,22765.0000,206,0,0.0000,0.0000,0,0,多换,B,22485.0000,0.0000,0.0000,0.0000,0.0000,22595.0000,0.0000,0.0000,0.0000,0.0000,2,0,0,0,0,1,0,0,0,0
sc,ru1210,2012-06-29 09:00:16.000,22765.0000,206,0,0.0000,0.0000,0,0,多换,B,22480.0000,0.0000,0.0000,0.0000,0.0000,22595.0000,0.0000,0.0000,0.0000,0.0000,2,0,0,0,0,1,0,0,0,0
sc,ru1210,2012-06-29 09:00:16.500,22765.0000,206,0,0.0000,0.0000,0,0,多换,B,22490.0000,0.0000,0.0000,0.0000,0.0000,22590.0000,0.0000,0.0000,0.0000,0.0000,1,0,0,0,0,4,0,0,0,0
sc,ru1210,2012-06-29 09:00:17.000,22765.0000,206,0,0.0000,0.0000,0,0,多换,B,22490.0000,0.0000,0.0000,0.0000,0.0000,22590.0000,0.0000,0.0000,0.0000,0.0000,1,0,0,0,0,4,0,0,0,0
sc,ru1210,2012-06-29 09:00:17.500,22765.0000,206,0,0.0000,0.0000,0,0,多换,B,22490.0000,0.0000,0.0000,0.0000,0.0000,22590.0000,0.0000,0.0000,0.0000,0.0000,1,0,0,0,0,4,0,0,0,0
sc,ru1210,2012-06-29 09:00:18.000,22765.0000,206,0,0.0000,0.0000,0,0,多换,B,22490.0000,0.0000,0.0000,0.0000,0.0000,22585.0000,0.0000,0.0000,0.0000,0.0000,1,0,0,0,0,1,0,0,0,0
sc,ru1210,2012-06-29 09:00:18.500,22765.0000,206,0,0.0000,0.0000,0,0,多换,B,22490.0000,0.0000,0.0000,0.0000,0.0000,22585.0000,0.0000,0.0000,0.0000,0.0000,1,0,0,0,0,1,0,0,0,0
sc,ru1210,2012-06-29 09:00:19.000,22765.0000,206,0,0.0000,0.0000,0,0,多换,B,22490.0000,0.0000,0.0000,0.0000,0.0000,22580.0000,0.0000,0.0000,0.0000,0.0000,1,0,0,0,0,3,0,0,0,0
sc,ru1210,2012-06-29 09:00:20.000,22765.0000,206,0,0.0000,0.0000,0,0,多换,B,22490.0000,0.0000,0.0000,0.0000,0.0000,22580.0000,0.0000,0.0000,0.0000,0.0000,1,0,0,0,0,3,0,0,0,0
sc,ru1210,2012-06-29 09:00:20.500,22765.0000,206,0,0.0000,0.0000,0,0,多换,B,22490.0000,0.0000,0.0000,0.0000,0.0000,22575.0000,0.0000,0.0000,0.0000,0.0000,1,0,0,0,0,1,0,0,0,0
sc,ru1210,2012-06-29 09:00:21.000,22765.0000,206,0,0.0000,0.0000,0,0,多换,B,22490.0000,0.0000,0.0000,0.0000,0.0000,22575.0000,0.0000,0.0000,0.0000,0.0000,1,0,0,0,0,1,0,0,0,0
sc,ru1210,2012-06-29 09:00:21.500,22765.0000,206,0,0.0000,0.0000,0,0,多换,B,22490.0000,0.0000,0.0000,0.0000,0.0000,22570.0000,0.0000,0.0000,0.0000,0.0000,1,0,0,0,0,4,0,0,0,0
sc,ru1210,2012-06-29 09:00:22.500,22765.0000,206,0,0.0000,0.0000,0,0,多换,B,22490.0000,0.0000,0.0000,0.0000,0.0000,22570.0000,0.0000,0.0000,0.0000,0.0000,1,0,0,0,0,4,0,0,0,0
sc,ru1210,2012-06-29 09:00:23.000,22765.0000,206,0,0.0000,0.0000,0,0,多换,B,22490.0000,0.0000,0.0000,0.0000,0.0000,22570.0000,0.0000,0.0000,0.0000,0.0000,1,0,0,0,0,4,0,0,0,0
sc,ru1210,2012-06-29 09:00:23.500,22765.0000,206,0,0.0000,0.0000,0,0,多换,B,22490.0000,0.0000,0.0000,0.0000,0.0000,22565.0000,0.0000,0.0000,0.0000,0.0000,1,0,0,0,0,1,0,0,0,0
sc,ru1210,2012-06-29 09:00:24.000,22765.0000,206,0,0.0000,0.0000,0,0,多换,B,22490.0000,0.0000,0.0000,0.0000,0.0000,22565.0000,0.0000,0.0000,0.0000,0.0000,1,0,0,0,0,1,0,0,0,0
sc,ru1210,2012-06-29 09:00:24.500,22765.0000,206,0,0.0000,0.0000,0,0,多换,B,22490.0000,0.0000,0.0000,0.0000,0.0000,22560.0000,0.0000,0.0000,0.0000,0.0000,1,0,0,0,0,3,0,0,0,0
sc,ru1210,2012-06-29 09:00:25.000,22765.0000,206,0,0.0000,0.0000,0,0,多换,B,22490.0000,0.0000,0.0000,0.0000,0.0000,22560.0000,0.0000,0.0000,0.0000,0.0000,1,0,0,0,0,3,0,0,0,0
sc,ru1210,2012-06-29 09:00:30.000,22765.0000,206,0,0.0000,0.0000,0,0,多换,B,22490.0000,0.0000,0.0000,0.0000,0.0000,22560.0000,0.0000,0.0000,0.0000,0.0000,1,0,0,0,0,3,0,0,0,0
sc,ru1210,2012-06-29 09:00:31.000,22765.0000,206,0,0.0000,0.0000,0,0,多换,B,22490.0000,0.0000,0.0000,0.0000,0.0000,22555.0000,0.0000,0.0000,0.0000,0.0000,1,0,0,0,0,1,0,0,0,0
sc,ru1210,2012-06-29 09:00:31.500,22765.0000,206,0,0.0000,0.0000,0,0,多换,B,22490.0000,0.0000,0.0000,0.0000,0.0000,22555.0000,0.0000,0.0000,0.0000,0.0000,1,0,0,0,0,1,0,0,0,0
sc,ru1210,2012-06-29 09:00:32.000,22765.0000,206,0,0.0000,0.0000,0,0,多换,B,22490.0000,0.0000,0.0000,0.0000,0.0000,22550.0000,0.0000,0.0000,0.0000,0.0000,1,0,0,0,0,4,0,0,0,0
sc,ru1210,2012-06-29 09:00:33.000,22765.0000,206,0,0.0000,0.0000,0,0,多换,B,22490.0000,0.0000,0.0000,0.0000,0.0000,22545.0000,0.0000,0.0000,0.0000,0.0000,1,0,0,0,0,1,0,0,0,0
sc,ru1210,2012-06-29 09:00:33.500,22765.0000,206,0,0.0000,0.0000,0,0,多换,B,22490.0000,0.0000,0.0000,0.0000,0.0000,22545.0000,0.0000,0.0000,0.0000,0.0000,1,0,0,0,0,1,0,0,0,0
sc,ru1210,2012-06-29 09:00:38.000,22765.0000,206,0,0.0000,0.0000,0,0,多换,B,22490.0000,0.0000,0.0000,0.0000,0.0000,22545.0000,0.0000,0.0000,0.0000,0.0000,1,0,0,0,0,1,0,0,0,0
sc,ru1210,2012-06-29 09:00:39.000,22765.0000,206,0,0.0000,0.0000,0,0,多换,B,22490.0000,0.0000,0.0000,0.0000,0.0000,22540.0000,0.0000,0.0000,0.0000,0.0000,1,0,0,0,0,1,0,0,0,0
sc,ru1210,2012-06-29 09:00:41.000,22765.0000,206,0,0.0000,0.0000,0,0,多换,B,22490.0000,0.0000,0.0000,0.0000,0.0000,22540.0000,0.0000,0.0000,0.0000,0.0000,1,0,0,0,0,1,0,0,0,0
sc,ru1210,2012-06-29 09:00:47.000,22765.0000,206,0,0.0000,0.0000,0,0,多换,B,22490.0000,0.0000,0.0000,0.0000,0.0000,22535.0000,0.0000,0.0000,0.0000,0.0000,1,0,0,0,0,3,0,0,0,0
sc,ru1210,2012-06-29 09:00:47.500,22765.0000,206,0,0.0000,0.0000,0,0,多换,B,22490.0000,0.0000,0.0000,0.0000,0.0000,22535.0000,0.0000,0.0000,0.0000,0.0000,1,0,0,0,0,3,0,0,0,0
sc,ru1210,2012-06-29 09:00:48.500,22765.0000,206,0,0.0000,0.0000,0,0,多换,B,22435.0000,0.0000,0.0000,0.0000,0.0000,22530.0000,0.0000,0.0000,0.0000,0.0000,1,0,0,0,0,1,0,0,0,0
sc,ru1210,2012-06-29 09:00:49.000,22765.0000,206,0,0.0000,0.0000,0,0,多换,B,22445.0000,0.0000,0.0000,0.0000,0.0000,22530.0000,0.0000,0.0000,0.0000,0.0000,2,0,0,0,0,1,0,0,0,0
sc,ru1210,2012-06-29 09:00:49.500,22765.0000,206,0,0.0000,0.0000,0,0,多换,B,22445.0000,0.0000,0.0000,0.0000,0.0000,22525.0000,0.0000,0.0000,0.0000,0.0000,2,0,0,0,0,3,0,0,0,0
sc,ru1210,2012-06-29 09:00:50.000,22765.0000,206,0,0.0000,0.0000,0,0,多换,B,22445.0000,0.0000,0.0000,0.0000,0.0000,22520.0000,0.0000,0.0000,0.0000,0.0000,2,0,0,0,0,1,0,0,0,0
sc,ru1210,2012-06-29 09:00:50.500,22765.0000,206,0,0.0000,0.0000,0,0,多换,B,22440.0000,0.0000,0.0000,0.0000,0.0000,22520.0000,0.0000,0.0000,0.0000,0.0000,1,0,0,0,0,1,0,0,0,0
sc,ru1210,2012-06-29 09:00:51.500,22765.0000,206,0,0.0000,0.0000,0,0,多换,B,22450.0000,0.0000,0.0000,0.0000,0.0000,22520.0000,0.0000,0.0000,0.0000,0.0000,2,0,0,0,0,1,0,0,0,0
sc,ru1210,2012-06-29 09:00:52.000,22765.0000,206,0,0.0000,0.0000,0,0,多换,B,22445.0000,0.0000,0.0000,0.0000,0.0000,22520.0000,0.0000,0.0000,0.0000,0.0000,2,0,0,0,0,1,0,0,0,0
sc,ru1210,2012-06-29 09:00:52.500,22765.0000,206,0,0.0000,0.0000,0,0,多换,B,22455.0000,0.0000,0.0000,0.0000,0.0000,22520.0000,0.0000,0.0000,0.0000,0.0000,1,0,0,0,0,1,0,0,0,0
sc,ru1210,2012-06-29 09:00:53.500,22765.0000,206,0,0.0000,0.0000,0,0,多换,B,22460.0000,0.0000,0.0000,0.0000,0.0000,22520.0000,0.0000,0.0000,0.0000,0.0000,1,0,0,0,0,1,0,0,0,0
sc,ru1210,2012-06-29 09:00:54.000,22765.0000,206,0,0.0000,0.0000,0,0,多换,B,22460.0000,0.0000,0.0000,0.0000,0.0000,22520.0000,0.0000,0.0000,0.0000,0.0000,1,0,0,0,0,1,0,0,0,0
sc,ru1210,2012-06-29 09:01:00.500,22765.0000,206,0,0.0000,0.0000,0,0,多换,B,22460.0000,0.0000,0.0000,0.0000,0.0000,22850.0000,0.0000,0.0000,0.0000,0.0000,3,0,0,0,0,1,0,0,0,0
sc,ru1210,2012-06-29 09:01:01.000,22765.0000,206,0,0.0000,0.0000,0,0,多换,B,22460.0000,0.0000,0.0000,0.0000,0.0000,22770.0000,0.0000,0.0000,0.0000,0.0000,1,0,0,0,0,1,0,0,0,0
sc,ru1210,2012-06-29 09:01:01.500,22765.0000,206,0,0.0000,0.0000,0,0,多换,B,22460.0000,0.0000,0.0000,0.0000,0.0000,22760.0000,0.0000,0.0000,0.0000,0.0000,1,0,0,0,0,4,0,0,0,0
sc,ru1210,2012-06-29 09:01:02.000,22765.0000,206,0,0.0000,0.0000,0,0,多换,B,22465.0000,0.0000,0.0000,0.0000,0.0000,22750.0000,0.0000,0.0000,0.0000,0.0000,2,0,0,0,0,1,0,0,0,0
sc,ru1210,2012-06-29 09:01:02.500,22765.0000,206,0,0.0000,0.0000,0,0,多换,B,22460.0000,0.0000,0.0000,0.0000,0.0000,22740.0000,0.0000,0.0000,0.0000,0.0000,1,0,0,0,0,3,0,0,0,0
sc,ru1210,2012-06-29 09:01:03.000,22765.0000,206,0,0.0000,0.0000,0,0,多换,B,22470.0000,0.0000,0.0000,0.0000,0.0000,22730.0000,0.0000,0.0000,0.0000,0.0000,1,0,0,0,0,1,0,0,0,0
sc,ru1210,2012-06-29 09:01:03.500,22765.0000,206,0,0.0000,0.0000,0,0,多换,B,22470.0000,0.0000,0.0000,0.0000,0.0000,22725.0000,0.0000,0.0000,0.0000,0.0000,1,0,0,0,0,2,0,0,0,0
sc,ru1210,2012-06-29 09:01:04.000,22765.0000,206,0,0.0000,0.0000,0,0,多换,B,22470.0000,0.0000,0.0000,0.0000,0.0000,22715.0000,0.0000,0.0000,0.0000,0.0000,1,0,0,0,0,1,0,0,0,0
sc,ru1210,2012-06-29 09:01:04.500,22765.0000,206,0,0.0000,0.0000,0,0,多换,B,22470.0000,0.0000,0.0000,0.0000,0.0000,22705.0000,0.0000,0.0000,0.0000,0.0000,1,0,0,0,0,1,0,0,0,0
sc,ru1210,2012-06-29 09:01:05.000,22765.0000,206,0,0.0000,0.0000,0,0,多换,B,22470.0000,0.0000,0.0000,0.0000,0.0000,22695.0000,0.0000,0.0000,0.0000,0.0000,1,0,0,0,0,1,0,0,0,0
sc,ru1210,2012-06-29 09:01:05.500,22765.0000,206,0,0.0000,0.0000,0,0,多换,B,22470.0000,0.0000,0.0000,0.0000,0.0000,22690.0000,0.0000,0.0000,0.0000,0.0000,1,0,0,0,0,3,0,0,0,0
sc,ru1210,2012-06-29 09:01:06.000,22765.0000,206,0,0.0000,0.0000,0,0,多换,B,22470.0000,0.0000,0.0000,0.0000,0.0000,22680.0000,0.0000,0.0000,0.0000,0.0000,1,0,0,0,0,1,0,0,0,0
sc,ru1210,2012-06-29 09:01:06.500,22765.0000,206,0,0.0000,0.0000,0,0,多换,B,22470.0000,0.0000,0.0000,0.0000,0.0000,22675.0000,0.0000,0.0000,0.0000,0.0000,1,0,0,0,0,1,0,0,0,0
sc,ru1210,2012-06-29 09:01:07.000,22765.0000,206,0,0.0000,0.0000,0,0,多换,B,22470.0000,0.0000,0.0000,0.0000,0.0000,22665.0000,0.0000,0.0000,0.0000,0.0000,3,0,0,0,0,1,0,0,0,0
sc,ru1210,2012-06-29 09:01:07.500,22765.0000,206,0,0.0000,0.0000,0,0,多换,B,22470.0000,0.0000,0.0000,0.0000,0.0000,22660.0000,0.0000,0.0000,0.0000,0.0000,3,0,0,0,0,14,0,0,0,0
sc,ru1210,2012-06-29 09:01:08.000,22765.0000,206,0,0.0000,0.0000,0,0,多换,B,22475.0000,0.0000,0.0000,0.0000,0.0000,22650.0000,0.0000,0.0000,0.0000,0.0000,1,0,0,0,0,1,0,0,0,0
sc,ru1210,2012-06-29 09:01:08.500,22765.0000,206,0,0.0000,0.0000,0,0,多换,B,22475.0000,0.0000,0.0000,0.0000,0.0000,22645.0000,0.0000,0.0000,0.0000,0.0000,1,0,0,0,0,1,0,0,0,0
sc,ru1210,2012-06-29 09:01:09.000,22765.0000,206,0,0.0000,0.0000,0,0,多换,B,22475.0000,0.0000,0.0000,0.0000,0.0000,22635.0000,0.0000,0.0000,0.0000,0.0000,1,0,0,0,0,1,0,0,0,0
sc,ru1210,2012-06-29 09:01:09.500,22765.0000,206,0,0.0000,0.0000,0,0,多换,B,22475.0000,0.0000,0.0000,0.0000,0.0000,22630.0000,0.0000,0.0000,0.0000,0.0000,1,0,0,0,0,1,0,0,0,0
sc,ru1210,2012-06-29 09:01:10.000,22765.0000,206,0,0.0000,0.0000,0,0,多换,B,22475.0000,0.0000,0.0000,0.0000,0.0000,22620.0000,0.0000,0.0000,0.0000,0.0000,1,0,0,0,0,1,0,0,0,0
sc,ru1210,2012-06-29 09:01:10.500,22765.0000,206,0,0.0000,0.0000,0,0,多换,B,22475.0000,0.0000,0.0000,0.0000,0.0000,22615.0000,0.0000,0.0000,0.0000,0.0000,1,0,0,0,0,11,0,0,0,0
sc,ru1210,2012-06-29 09:01:11.000,22765.0000,206,0,0.0000,0.0000,0,0,多换,B,22475.0000,0.0000,0.0000,0.0000,0.0000,22605.0000,0.0000,0.0000,0.0000,0.0000,1,0,0,0,0,1,0,0,0,0
sc,ru1210,2012-06-29 09:01:11.500,22765.0000,206,0,0.0000,0.0000,0,0,多换,B,22475.0000,0.0000,0.0000,0.0000,0.0000,22605.0000,0.0000,0.0000,0.0000,0.0000,1,0,0,0,0,1,0,0,0,0
sc,ru1210,2012-06-29 09:01:12.000,22765.0000,206,0,0.0000,0.0000,0,0,多换,B,22475.0000,0.0000,0.0000,0.0000,0.0000,22600.0000,0.0000,0.0000,0.0000,0.0000,1,0,0,0,0,11,0,0,0,0
sc,ru1210,2012-06-29 09:01:12.500,22765.0000,206,0,0.0000,0.0000,0,0,多换,B,22475.0000,0.0000,0.0000,0.0000,0.0000,22590.0000,0.0000,0.0000,0.0000,0.0000,1,0,0,0,0,1,0,0,0,0
sc,ru1210,2012-06-29 09:01:13.000,22765.0000,206,0,0.0000,0.0000,0,0,多换,B,22475.0000,0.0000,0.0000,0.0000,0.0000,22590.0000,0.0000,0.0000,0.0000,0.0000,1,0,0,0,0,1,0,0,0,0
sc,ru1210,2012-06-29 09:01:13.500,22765.0000,206,0,0.0000,0.0000,0,0,多换,B,22475.0000,0.0000,0.0000,0.0000,0.0000,22585.0000,0.0000,0.0000,0.0000,0.0000,1,0,0,0,0,10,0,0,0,0
sc,ru1210,2012-06-29 09:01:14.000,22765.0000,206,0,0.0000,0.0000,0,0,多换,B,22475.0000,0.0000,0.0000,0.0000,0.0000,22575.0000,0.0000,0.0000,0.0000,0.0000,1,0,0,0,0,1,0,0,0,0
sc,ru1210,2012-06-29 09:01:14.500,22765.0000,206,0,0.0000,0.0000,0,0,多换,B,22475.0000,0.0000,0.0000,0.0000,0.0000,22575.0000,0.0000,0.0000,0.0000,0.0000,1,0,0,0,0,1,0,0,0,0
sc,ru1210,2012-06-29 09:01:15.000,22765.0000,206,0,0.0000,0.0000,0,0,多换,B,22470.0000,0.0000,0.0000,0.0000,0.0000,22570.0000,0.0000,0.0000,0.0000,0.0000,1,0,0,0,0,3,0,0,0,0
sc,ru1210,2012-06-29 09:01:15.500,22765.0000,206,0,0.0000,0.0000,0,0,多换,B,22470.0000,0.0000,0.0000,0.0000,0.0000,22560.0000,0.0000,0.0000,0.0000,0.0000,1,0,0,0,0,1,0,0,0,0
sc,ru1210,2012-06-29 09:01:16.000,22765.0000,206,0,0.0000,0.0000,0,0,多换,B,22470.0000,0.0000,0.0000,0.0000,0.0000,22560.0000,0.0000,0.0000,0.0000,0.0000,1,0,0,0,0,1,0,0,0,0
sc,ru1210,2012-06-29 09:01:16.500,22765.0000,206,0,0.0000,0.0000,0,0,多换,B,22470.0000,0.0000,0.0000,0.0000,0.0000,22555.0000,0.0000,0.0000,0.0000,0.0000,1,0,0,0,0,4,0,0,0,0
sc,ru1210,2012-06-29 09:01:17.000,22765.0000,206,0,0.0000,0.0000,0,0,多换,B,22470.0000,0.0000,0.0000,0.0000,0.0000,22545.0000,0.0000,0.0000,0.0000,0.0000,1,0,0,0,0,1,0,0,0,0
sc,ru1210,2012-06-29 09:01:17.500,22765.0000,206,0,0.0000,0.0000,0,0,多换,B,22470.0000,0.0000,0.0000,0.0000,0.0000,22540.0000,0.0000,0.0000,0.0000,0.0000,1,0,0,0,0,1,0,0,0,0
sc,ru1210,2012-06-29 09:01:18.000,22765.0000,206,0,0.0000,0.0000,0,0,多换,B,22470.0000,0.0000,0.0000,0.0000,0.0000,22540.0000,0.0000,0.0000,0.0000,0.0000,1,0,0,0,0,5,0,0,0,0
sc,ru1210,2012-06-29 09:01:18.500,22765.0000,206,0,0.0000,0.0000,0,0,多换,B,22470.0000,0.0000,0.0000,0.0000,0.0000,22535.0000,0.0000,0.0000,0.0000,0.0000,1,0,0,0,0,2,0,0,0,0
sc,ru1210,2012-06-29 09:01:19.000,22765.0000,206,0,0.0000,0.0000,0,0,多换,B,22470.0000,0.0000,0.0000,0.0000,0.0000,22535.0000,0.0000,0.0000,0.0000,0.0000,1,0,0,0,0,1,0,0,0,0
sc,ru1210,2012-06-29 09:01:19.500,22765.0000,206,0,0.0000,0.0000,0,0,多换,B,22470.0000,0.0000,0.0000,0.0000,0.0000,22530.0000,0.0000,0.0000,0.0000,0.0000,1,0,0,0,0,4,0,0,0,0
sc,ru1210,2012-06-29 09:01:20.000,22765.0000,206,0,0.0000,0.0000,0,0,多换,B,22470.0000,0.0000,0.0000,0.0000,0.0000,22530.0000,0.0000,0.0000,0.0000,0.0000,1,0,0,0,0,4,0,0,0,0
sc,ru1210,2012-06-29 09:01:20.500,22765.0000,206,0,0.0000,0.0000,0,0,多换,B,22470.0000,0.0000,0.0000,0.0000,0.0000,22530.0000,0.0000,0.0000,0.0000,0.0000,1,0,0,0,0,3,0,0,0,0
sc,ru1210,2012-06-29 09:01:21.000,22765.0000,206,0,0.0000,0.0000,0,0,多换,B,22470.0000,0.0000,0.0000,0.0000,0.0000,22525.0000,0.0000,0.0000,0.0000,0.0000,1,0,0,0,0,1,0,0,0,0
sc,ru1210,2012-06-29 09:01:21.500,22765.0000,206,0,0.0000,0.0000,0,0,多换,B,22470.0000,0.0000,0.0000,0.0000,0.0000,22525.0000,0.0000,0.0000,0.0000,0.0000,1,0,0,0,0,1,0,0,0,0
sc,ru1210,2012-06-29 09:01:23.500,22765.0000,206,0,0.0000,0.0000,0,0,多换,B,22475.0000,0.0000,0.0000,0.0000,0.0000,22525.0000,0.0000,0.0000,0.0000,0.0000,1,0,0,0,0,1,0,0,0,0
sc,ru1210,2012-06-29 09:01:34.500,22765.0000,206,0,0.0000,0.0000,0,0,多换,B,22475.0000,0.0000,0.0000,0.0000,0.0000,22525.0000,0.0000,0.0000,0.0000,0.0000,1,0,0,0,0,1,0,0,0,0
sc,ru1210,2012-06-29 09:01:35.500,22765.0000,206,0,0.0000,0.0000,0,0,多换,B,22475.0000,0.0000,0.0000,0.0000,0.0000,22540.0000,0.0000,0.0000,0.0000,0.0000,1,0,0,0,0,1,0,0,0,0
sc,ru1210,2012-06-29 09:01:38.000,22765.0000,206,0,0.0000,0.0000,0,0,多换,B,22475.0000,0.0000,0.0000,0.0000,0.0000,22535.0000,0.0000,0.0000,0.0000,0.0000,1,0,0,0,0,1,0,0,0,0
sc,ru1210,2012-06-29 09:01:39.000,22765.0000,206,0,0.0000,0.0000,0,0,多换,B,22475.0000,0.0000,0.0000,0.0000,0.0000,22535.0000,0.0000,0.0000,0.0000,0.0000,1,0,0,0,0,1,0,0,0,0
sc,ru1210,2012-06-29 09:01:49.000,22765.0000,206,0,0.0000,0.0000,0,0,多换,B,22470.0000,0.0000,0.0000,0.0000,0.0000,22535.0000,0.0000,0.0000,0.0000,0.0000,1,0,0,0,0,1,0,0,0,0
sc,ru1210,2012-06-29 09:01:54.000,22765.0000,206,0,0.0000,0.0000,0,0,多换,B,22470.0000,0.0000,0.0000,0.0000,0.0000,22530.0000,0.0000,0.0000,0.0000,0.0000,1,0,0,0,0,4,0,0,0,0
sc,ru1210,2012-06-29 09:01:55.500,22765.0000,206,0,0.0000,0.0000,0,0,多换,B,22470.0000,0.0000,0.0000,0.0000,0.0000,22530.0000,0.0000,0.0000,0.0000,0.0000,1,0,0,0,0,4,0,0,0,0
sc,ru1210,2012-06-29 09:01:56.000,22765.0000,206,0,0.0000,0.0000,0,0,多换,B,22470.0000,0.0000,0.0000,0.0000,0.0000,22525.0000,0.0000,0.0000,0.0000,0.0000,1,0,0,0,0,1,0,0,0,0
sc,ru1210,2012-06-29 09:01:56.500,22765.0000,206,0,0.0000,0.0000,0,0,多换,B,22470.0000,0.0000,0.0000,0.0000,0.0000,22525.0000,0.0000,0.0000,0.0000,0.0000,1,0,0,0,0,1,0,0,0,0
sc,ru1210,2012-06-29 09:02:12.500,22765.0000,206,0,0.0000,0.0000,0,0,多换,B,22470.0000,0.0000,0.0000,0.0000,0.0000,22525.0000,0.0000,0.0000,0.0000,0.0000,1,0,0,0,0,1,0,0,0,0
sc,ru1210,2012-06-29 09:02:22.000,22765.0000,206,0,0.0000,0.0000,0,0,多换,B,22470.0000,0.0000,0.0000,0.0000,0.0000,22540.0000,0.0000,0.0000,0.0000,0.0000,1,0,0,0,0,1,0,0,0,0
sc,ru1210,2012-06-29 09:02:28.000,22765.0000,206,0,0.0000,0.0000,0,0,多换,B,22475.0000,0.0000,0.0000,0.0000,0.0000,22540.0000,0.0000,0.0000,0.0000,0.0000,1,0,0,0,0,1,0,0,0,0
sc,ru1210,2012-06-29 09:02:33.000,22765.0000,206,0,0.0000,0.0000,0,0,多换,B,22475.0000,0.0000,0.0000,0.0000,0.0000,22540.0000,0.0000,0.0000,0.0000,0.0000,3,0,0,0,0,1,0,0,0,0
sc,ru1210,2012-06-29 09:02:34.000,22765.0000,206,0,0.0000,0.0000,0,0,多换,B,22475.0000,0.0000,0.0000,0.0000,0.0000,22670.0000,0.0000,0.0000,0.0000,0.0000,3,0,0,0,0,2,0,0,0,0
sc,ru1210,2012-06-29 09:02:34.500,22765.0000,206,0,0.0000,0.0000,0,0,多换,B,22480.0000,0.0000,0.0000,0.0000,0.0000,22660.0000,0.0000,0.0000,0.0000,0.0000,2,0,0,0,0,1,0,0,0,0
sc,ru1210,2012-06-29 09:02:35.000,22765.0000,206,0,0.0000,0.0000,0,0,多换,B,22480.0000,0.0000,0.0000,0.0000,0.0000,22655.0000,0.0000,0.0000,0.0000,0.0000,2,0,0,0,0,11,0,0,0,0
sc,ru1210,2012-06-29 09:02:35.500,22765.0000,206,0,0.0000,0.0000,0,0,多换,B,22485.0000,0.0000,0.0000,0.0000,0.0000,22645.0000,0.0000,0.0000,0.0000,0.0000,1,0,0,0,0,1,0,0,0,0
sc,ru1210,2012-06-29 09:02:36.000,22765.0000,206,0,0.0000,0.0000,0,0,多换,B,22485.0000,0.0000,0.0000,0.0000,0.0000,22640.0000,0.0000,0.0000,0.0000,0.0000,1,0,0,0,0,2,0,0,0,0
sc,ru1210,2012-06-29 09:02:36.500,22765.0000,206,0,0.0000,0.0000,0,0,多换,B,22485.0000,0.0000,0.0000,0.0000,0.0000,22630.0000,0.0000,0.0000,0.0000,0.0000,1,0,0,0,0,1,0,0,0,0
sc,ru1210,2012-06-29 09:02:37.000,22765.0000,206,0,0.0000,0.0000,0,0,多换,B,22485.0000,0.0000,0.0000,0.0000,0.0000,22625.0000,0.0000,0.0000,0.0000,0.0000,1,0,0,0,0,1,0,0,0,0
sc,ru1210,2012-06-29 09:02:37.500,22765.0000,206,0,0.0000,0.0000,0,0,多换,B,22485.0000,0.0000,0.0000,0.0000,0.0000,22615.0000,0.0000,0.0000,0.0000,0.0000,1,0,0,0,0,1,0,0,0,0
sc,ru1210,2012-06-29 09:02:38.000,22765.0000,206,0,0.0000,0.0000,0,0,多换,B,22485.0000,0.0000,0.0000,0.0000,0.0000,22610.0000,0.0000,0.0000,0.0000,0.0000,1,0,0,0,0,11,0,0,0,0
sc,ru1210,2012-06-29 09:02:38.500,22765.0000,206,0,0.0000,0.0000,0,0,多换,B,22485.0000,0.0000,0.0000,0.0000,0.0000,22600.0000,0.0000,0.0000,0.0000,0.0000,1,0,0,0,0,1,0,0,0,0
sc,ru1210,2012-06-29 09:02:39.000,22765.0000,206,0,0.0000,0.0000,0,0,多换,B,22485.0000,0.0000,0.0000,0.0000,0.0000,22600.0000,0.0000,0.0000,0.0000,0.0000,1,0,0,0,0,1,0,0,0,0
sc,ru1210,2012-06-29 09:02:39.500,22765.0000,206,0,0.0000,0.0000,0,0,多换,B,22485.0000,0.0000,0.0000,0.0000,0.0000,22595.0000,0.0000,0.0000,0.0000,0.0000,1,0,0,0,0,12,0,0,0,0
sc,ru1210,2012-06-29 09:02:40.000,22765.0000,206,0,0.0000,0.0000,0,0,多换,B,22485.0000,0.0000,0.0000,0.0000,0.0000,22595.0000,0.0000,0.0000,0.0000,0.0000,1,0,0,0,0,12,0,0,0,0
sc,ru1210,2012-06-29 09:02:40.500,22765.0000,206,0,0.0000,0.0000,0,0,多换,B,22485.0000,0.0000,0.0000,0.0000,0.0000,22585.0000,0.0000,0.0000,0.0000,0.0000,1,0,0,0,0,1,0,0,0,0
sc,ru1210,2012-06-29 09:02:41.500,22765.0000,206,0,0.0000,0.0000,0,0,多换,B,22485.0000,0.0000,0.0000,0.0000,0.0000,22585.0000,0.0000,0.0000,0.0000,0.0000,1,0,0,0,0,1,0,0,0,0
sc,ru1210,2012-06-29 09:02:42.000,22765.0000,206,0,0.0000,0.0000,0,0,多换,B,22485.0000,0.0000,0.0000,0.0000,0.0000,22580.0000,0.0000,0.0000,0.0000,0.0000,1,0,0,0,0,3,0,0,0,0
sc,ru1210,2012-06-29 09:02:42.500,22765.0000,206,0,0.0000,0.0000,0,0,多换,B,22485.0000,0.0000,0.0000,0.0000,0.0000,22580.0000,0.0000,0.0000,0.0000,0.0000,1,0,0,0,0,3,0,0,0,0
sc,ru1210,2012-06-29 09:02:43.000,22765.0000,206,0,0.0000,0.0000,0,0,多换,B,22485.0000,0.0000,0.0000,0.0000,0.0000,22570.0000,0.0000,0.0000,0.0000,0.0000,1,0,0,0,0,1,0,0,0,0
sc,ru1210,2012-06-29 09:02:43.500,22765.0000,206,0,0.0000,0.0000,0,0,多换,B,22485.0000,0.0000,0.0000,0.0000,0.0000,22565.0000,0.0000,0.0000,0.0000,0.0000,1,0,0,0,0,1,0,0,0,0
sc,ru1210,2012-06-29 09:02:44.000,22765.0000,206,0,0.0000,0.0000,0,0,多换,B,22485.0000,0.0000,0.0000,0.0000,0.0000,22565.0000,0.0000,0.0000,0.0000,0.0000,1,0,0,0,0,5,0,0,0,0
sc,ru1210,2012-06-29 09:02:44.500,22765.0000,206,0,0.0000,0.0000,0,0,多换,B,22485.0000,0.0000,0.0000,0.0000,0.0000,22560.0000,0.0000,0.0000,0.0000,0.0000,1,0,0,0,0,1,0,0,0,0
sc,ru1210,2012-06-29 09:02:45.000,22765.0000,206,0,0.0000,0.0000,0,0,多换,B,22485.0000,0.0000,0.0000,0.0000,0.0000,22565.0000,0.0000,0.0000,0.0000,0.0000,1,0,0,0,0,2,0,0,0,0
sc,ru1210,2012-06-29 09:02:45.500,22765.0000,206,0,0.0000,0.0000,0,0,多换,B,22485.0000,0.0000,0.0000,0.0000,0.0000,22555.0000,0.0000,0.0000,0.0000,0.0000,1,0,0,0,0,4,0,0,0,0
sc,ru1210,2012-06-29 09:02:46.000,22765.0000,206,0,0.0000,0.0000,0,0,多换,B,22485.0000,0.0000,0.0000,0.0000,0.0000,22555.0000,0.0000,0.0000,0.0000,0.0000,1,0,0,0,0,4,0,0,0,0
sc,ru1210,2012-06-29 09:02:46.500,22765.0000,206,0,0.0000,0.0000,0,0,多换,B,22485.0000,0.0000,0.0000,0.0000,0.0000,22550.0000,0.0000,0.0000,0.0000,0.0000,1,0,0,0,0,1,0,0,0,0
sc,ru1210,2012-06-29 09:02:47.000,22765.0000,206,0,0.0000,0.0000,0,0,多换,B,22485.0000,0.0000,0.0000,0.0000,0.0000,22550.0000,0.0000,0.0000,0.0000,0.0000,1,0,0,0,0,1,0,0,0,0
sc,ru1210,2012-06-29 09:03:06.000,22765.0000,206,0,0.0000,0.0000,0,0,多换,B,22485.0000,0.0000,0.0000,0.0000,0.0000,22545.0000,0.0000,0.0000,0.0000,0.0000,1,0,0,0,0,3,0,0,0,0
sc,ru1210,2012-06-29 09:03:08.500,22765.0000,206,0,0.0000,0.0000,0,0,多换,B,22485.0000,0.0000,0.0000,0.0000,0.0000,22545.0000,0.0000,0.0000,0.0000,0.0000,1,0,0,0,0,3,0,0,0,0
sc,ru1210,2012-06-29 09:03:10.000,22765.0000,206,0,0.0000,0.0000,0,0,多换,B,22485.0000,0.0000,0.0000,0.0000,0.0000,22545.0000,0.0000,0.0000,0.0000,0.0000,1,0,0,0,0,3,0,0,0,0
sc,ru1210,2012-06-29 09:03:11.000,22765.0000,206,0,0.0000,0.0000,0,0,多换,B,22485.0000,0.0000,0.0000,0.0000,0.0000,22540.0000,0.0000,0.0000,0.0000,0.0000,1,0,0,0,0,1,0,0,0,0
sc,ru1210,2012-06-29 09:03:11.500,22765.0000,206,0,0.0000,0.0000,0,0,多换,B,22485.0000,0.0000,0.0000,0.0000,0.0000,22535.0000,0.0000,0.0000,0.0000,0.0000,1,0,0,0,0,1,0,0,0,0
sc,ru1210,2012-06-29 09:03:15.500,22765.0000,206,0,0.0000,0.0000,0,0,多换,B,22485.0000,0.0000,0.0000,0.0000,0.0000,22540.0000,0.0000,0.0000,0.0000,0.0000,1,0,0,0,0,1,0,0,0,0
sc,ru1210,2012-06-29 09:03:34.000,22765.0000,206,0,0.0000,0.0000,0,0,多换,B,22485.0000,0.0000,0.0000,0.0000,0.0000,22535.0000,0.0000,0.0000,0.0000,0.0000,1,0,0,0,0,1,0,0,0,0
sc,ru1210,2012-06-29 09:03:34.500,22765.0000,206,0,0.0000,0.0000,0,0,多换,B,22485.0000,0.0000,0.0000,0.0000,0.0000,22535.0000,0.0000,0.0000,0.0000,0.0000,1,0,0,0,0,5,0,0,0,0
sc,ru1210,2012-06-29 09:03:36.000,22765.0000,206,0,0.0000,0.0000,0,0,多换,B,22485.0000,0.0000,0.0000,0.0000,0.0000,22535.0000,0.0000,0.0000,0.0000,0.0000,1,0,0,0,0,5,0,0,0,0
sc,ru1210,2012-06-29 09:03:37.000,22765.0000,206,0,0.0000,0.0000,0,0,多换,B,22485.0000,0.0000,0.0000,0.0000,0.0000,22530.0000,0.0000,0.0000,0.0000,0.0000,1,0,0,0,0,1,0,0,0,0
sc,ru1210,2012-06-29 09:03:37.500,22765.0000,206,0,0.0000,0.0000,0,0,多换,B,22485.0000,0.0000,0.0000,0.0000,0.0000,22530.0000,0.0000,0.0000,0.0000,0.0000,1,0,0,0,0,1,0,0,0,0
sc,ru1210,2012-06-29 09:03:40.500,22765.0000,206,0,0.0000,0.0000,0,0,多换,B,22485.0000,0.0000,0.0000,0.0000,0.0000,22530.0000,0.0000,0.0000,0.0000,0.0000,1,0,0,0,0,1,0,0,0,0
sc,ru1210,2012-06-29 09:03:49.000,22765.0000,206,0,0.0000,0.0000,0,0,多换,B,22460.0000,0.0000,0.0000,0.0000,0.0000,22525.0000,0.0000,0.0000,0.0000,0.0000,1,0,0,0,0,3,0,0,0,0
sc,ru1210,2012-06-29 09:03:49.500,22765.0000,206,0,0.0000,0.0000,0,0,多换,B,22465.0000,0.0000,0.0000,0.0000,0.0000,22520.0000,0.0000,0.0000,0.0000,0.0000,1,0,0,0,0,1,0,0,0,0
sc,ru1210,2012-06-29 09:03:50.000,22765.0000,206,0,0.0000,0.0000,0,0,多换,B,22465.0000,0.0000,0.0000,0.0000,0.0000,22520.0000,0.0000,0.0000,0.0000,0.0000,1,0,0,0,0,1,0,0,0,0
sc,ru1210,2012-06-29 09:03:52.500,22765.0000,206,0,0.0000,0.0000,0,0,多换,B,22465.0000,0.0000,0.0000,0.0000,0.0000,22530.0000,0.0000,0.0000,0.0000,0.0000,1,0,0,0,0,1,0,0,0,0
sc,ru1210,2012-06-29 09:03:55.500,22765.0000,206,0,0.0000,0.0000,0,0,多换,B,22465.0000,0.0000,0.0000,0.0000,0.0000,22525.0000,0.0000,0.0000,0.0000,0.0000,1,0,0,0,0,4,0,0,0,0
sc,ru1210,2012-06-29 09:03:56.500,22765.0000,206,0,0.0000,0.0000,0,0,多换,B,22465.0000,0.0000,0.0000,0.0000,0.0000,22520.0000,0.0000,0.0000,0.0000,0.0000,1,0,0,0,0,1,0,0,0,0
sc,ru1210,2012-06-29 09:03:57.000,22765.0000,206,0,0.0000,0.0000,0,0,多换,B,22465.0000,0.0000,0.0000,0.0000,0.0000,22520.0000,0.0000,0.0000,0.0000,0.0000,1,0,0,0,0,1,0,0,0,0
sc,ru1210,2012-06-29 09:03:57.500,22765.0000,206,0,0.0000,0.0000,0,0,多换,B,22465.0000,0.0000,0.0000,0.0000,0.0000,22520.0000,0.0000,0.0000,0.0000,0.0000,1,0,0,0,0,1,0,0,0,0
sc,ru1210,2012-06-29 09:04:00.000,22765.0000,206,0,0.0000,0.0000,0,0,多换,B,22465.0000,0.0000,0.0000,0.0000,0.0000,22530.0000,0.0000,0.0000,0.0000,0.0000,1,0,0,0,0,1,0,0,0,0
sc,ru1210,2012-06-29 09:04:04.000,22765.0000,206,0,0.0000,0.0000,0,0,多换,B,22470.0000,0.0000,0.0000,0.0000,0.0000,22530.0000,0.0000,0.0000,0.0000,0.0000,1,0,0,0,0,1,0,0,0,0
sc,ru1210,2012-06-29 09:04:09.000,22765.0000,206,0,0.0000,0.0000,0,0,多换,B,22470.0000,0.0000,0.0000,0.0000,0.0000,22525.0000,0.0000,0.0000,0.0000,0.0000,1,0,0,0,0,1,0,0,0,0
sc,ru1210,2012-06-29 09:04:11.000,22765.0000,206,0,0.0000,0.0000,0,0,多换,B,22470.0000,0.0000,0.0000,0.0000,0.0000,22525.0000,0.0000,0.0000,0.0000,0.0000,1,0,0,0,0,1,0,0,0,0
sc,ru1210,2012-06-29 09:04:11.500,22765.0000,206,0,0.0000,0.0000,0,0,多换,B,22470.0000,0.0000,0.0000,0.0000,0.0000,22520.0000,0.0000,0.0000,0.0000,0.0000,1,0,0,0,0,1,0,0,0,0
sc,ru1210,2012-06-29 09:04:15.000,22765.0000,206,0,0.0000,0.0000,0,0,多换,B,22465.0000,0.0000,0.0000,0.0000,0.0000,22520.0000,0.0000,0.0000,0.0000,0.0000,1,0,0,0,0,1,0,0,0,0
sc,ru1210,2012-06-29 09:04:21.000,22765.0000,206,0,0.0000,0.0000,0,0,多换,B,22465.0000,0.0000,0.0000,0.0000,0.0000,22525.0000,0.0000,0.0000,0.0000,0.0000,1,0,0,0,0,1,0,0,0,0
sc,ru1210,2012-06-29 09:04:21.500,22765.0000,206,0,0.0000,0.0000,0,0,多换,B,22465.0000,0.0000,0.0000,0.0000,0.0000,22595.0000,0.0000,0.0000,0.0000,0.0000,1,0,0,0,0,10,0,0,0,0
sc,ru1210,2012-06-29 09:04:22.000,22765.0000,206,0,0.0000,0.0000,0,0,多换,B,22465.0000,0.0000,0.0000,0.0000,0.0000,22585.0000,0.0000,0.0000,0.0000,0.0000,1,0,0,0,0,1,0,0,0,0
sc,ru1210,2012-06-29 09:04:22.500,22765.0000,206,0,0.0000,0.0000,0,0,多换,B,22465.0000,0.0000,0.0000,0.0000,0.0000,22585.0000,0.0000,0.0000,0.0000,0.0000,3,0,0,0,0,1,0,0,0,0
sc,ru1210,2012-06-29 09:04:23.000,22765.0000,206,0,0.0000,0.0000,0,0,多换,B,22465.0000,0.0000,0.0000,0.0000,0.0000,22580.0000,0.0000,0.0000,0.0000,0.0000,1,0,0,0,0,11,0,0,0,0
sc,ru1210,2012-06-29 09:04:23.500,22765.0000,206,0,0.0000,0.0000,0,0,多换,B,22465.0000,0.0000,0.0000,0.0000,0.0000,22570.0000,0.0000,0.0000,0.0000,0.0000,3,0,0,0,0,1,0,0,0,0
sc,ru1210,2012-06-29 09:04:24.000,22765.0000,206,0,0.0000,0.0000,0,0,多换,B,22465.0000,0.0000,0.0000,0.0000,0.0000,22570.0000,0.0000,0.0000,0.0000,0.0000,3,0,0,0,0,1,0,0,0,0
sc,ru1210,2012-06-29 09:04:24.500,22765.0000,206,0,0.0000,0.0000,0,0,多换,B,22465.0000,0.0000,0.0000,0.0000,0.0000,22565.0000,0.0000,0.0000,0.0000,0.0000,3,0,0,0,0,1,0,0,0,0
sc,ru1210,2012-06-29 09:04:25.000,22765.0000,206,0,0.0000,0.0000,0,0,多换,B,22465.0000,0.0000,0.0000,0.0000,0.0000,22555.0000,0.0000,0.0000,0.0000,0.0000,3,0,0,0,0,1,0,0,0,0
sc,ru1210,2012-06-29 09:04:25.500,22765.0000,206,0,0.0000,0.0000,0,0,多换,B,22465.0000,0.0000,0.0000,0.0000,0.0000,22555.0000,0.0000,0.0000,0.0000,0.0000,3,0,0,0,0,1,0,0,0,0
sc,ru1210,2012-06-29 09:04:26.000,22765.0000,206,0,0.0000,0.0000,0,0,多换,B,22465.0000,0.0000,0.0000,0.0000,0.0000,22550.0000,0.0000,0.0000,0.0000,0.0000,1,0,0,0,0,3,0,0,0,0
sc,ru1210,2012-06-29 09:04:26.500,22765.0000,206,0,0.0000,0.0000,0,0,多换,B,22470.0000,0.0000,0.0000,0.0000,0.0000,22545.0000,0.0000,0.0000,0.0000,0.0000,1,0,0,0,0,1,0,0,0,0
sc,ru1210,2012-06-29 09:04:27.000,22765.0000,206,0,0.0000,0.0000,0,0,多换,B,22470.0000,0.0000,0.0000,0.0000,0.0000,22545.0000,0.0000,0.0000,0.0000,0.0000,1,0,0,0,0,1,0,0,0,0
sc,ru1210,2012-06-29 09:04:27.500,22765.0000,206,0,0.0000,0.0000,0,0,多换,B,22470.0000,0.0000,0.0000,0.0000,0.0000,22540.0000,0.0000,0.0000,0.0000,0.0000,1,0,0,0,0,4,0,0,0,0
sc,ru1210,2012-06-29 09:04:29.500,22765.0000,206,0,0.0000,0.0000,0,0,多换,B,22470.0000,0.0000,0.0000,0.0000,0.0000,22540.0000,0.0000,0.0000,0.0000,0.0000,1,0,0,0,0,4,0,0,0,0
sc,ru1210,2012-06-29 09:04:30.000,22765.0000,206,0,0.0000,0.0000,0,0,多换,B,22470.0000,0.0000,0.0000,0.0000,0.0000,22535.0000,0.0000,0.0000,0.0000,0.0000,1,0,0,0,0,1,0,0,0,0
sc,ru1210,2012-06-29 09:04:30.500,22765.0000,206,0,0.0000,0.0000,0,0,多换,B,22470.0000,0.0000,0.0000,0.0000,0.0000,22535.0000,0.0000,0.0000,0.0000,0.0000,1,0,0,0,0,1,0,0,0,0
sc,ru1210,2012-06-29 09:04:36.000,22765.0000,206,0,0.0000,0.0000,0,0,多换,B,22470.0000,0.0000,0.0000,0.0000,0.0000,22535.0000,0.0000,0.0000,0.0000,0.0000,1,0,0,0,0,1,0,0,0,0
sc,ru1210,2012-06-29 09:04:40.500,22765.0000,206,0,0.0000,0.0000,0,0,多换,B,22470.0000,0.0000,0.0000,0.0000,0.0000,22535.0000,0.0000,0.0000,0.0000,0.0000,3,0,0,0,0,1,0,0,0,0
sc,ru1210,2012-06-29 09:04:42.000,22765.0000,206,0,0.0000,0.0000,0,0,多换,B,22475.0000,0.0000,0.0000,0.0000,0.0000,22535.0000,0.0000,0.0000,0.0000,0.0000,2,0,0,0,0,1,0,0,0,0
sc,ru1210,2012-06-29 09:04:42.500,22765.0000,206,0,0.0000,0.0000,0,0,多换,B,22475.0000,0.0000,0.0000,0.0000,0.0000,22535.0000,0.0000,0.0000,0.0000,0.0000,2,0,0,0,0,1,0,0,0,0
sc,ru1210,2012-06-29 09:04:43.000,22765.0000,206,0,0.0000,0.0000,0,0,多换,B,22480.0000,0.0000,0.0000,0.0000,0.0000,22535.0000,0.0000,0.0000,0.0000,0.0000,1,0,0,0,0,1,0,0,0,0
sc,ru1210,2012-06-29 09:04:43.500,22765.0000,206,0,0.0000,0.0000,0,0,多换,B,22480.0000,0.0000,0.0000,0.0000,0.0000,22535.0000,0.0000,0.0000,0.0000,0.0000,1,0,0,0,0,1,0,0,0,0
sc,ru1210,2012-06-29 09:04:44.500,22765.0000,206,0,0.0000,0.0000,0,0,多换,B,22480.0000,0.0000,0.0000,0.0000,0.0000,22850.0000,0.0000,0.0000,0.0000,0.0000,1,0,0,0,0,1,0,0,0,0
sc,ru1210,2012-06-29 09:04:45.000,22765.0000,206,0,0.0000,0.0000,0,0,多换,B,22480.0000,0.0000,0.0000,0.0000,0.0000,22780.0000,0.0000,0.0000,0.0000,0.0000,1,0,0,0,0,1,0,0,0,0
sc,ru1210,2012-06-29 09:04:45.500,22765.0000,206,0,0.0000,0.0000,0,0,多换,B,22480.0000,0.0000,0.0000,0.0000,0.0000,22765.0000,0.0000,0.0000,0.0000,0.0000,1,0,0,0,0,4,0,0,0,0
sc,ru1210,2012-06-29 09:04:46.000,22765.0000,206,0,0.0000,0.0000,0,0,多换,B,22480.0000,0.0000,0.0000,0.0000,0.0000,22755.0000,0.0000,0.0000,0.0000,0.0000,1,0,0,0,0,1,0,0,0,0
sc,ru1210,2012-06-29 09:04:46.500,22765.0000,206,0,0.0000,0.0000,0,0,多换,B,22480.0000,0.0000,0.0000,0.0000,0.0000,22745.0000,0.0000,0.0000,0.0000,0.0000,1,0,0,0,0,3,0,0,0,0
sc,ru1210,2012-06-29 09:04:47.000,22765.0000,206,0,0.0000,0.0000,0,0,多换,B,22480.0000,0.0000,0.0000,0.0000,0.0000,22735.0000,0.0000,0.0000,0.0000,0.0000,1,0,0,0,0,1,0,0,0,0
sc,ru1210,2012-06-29 09:04:47.500,22765.0000,206,0,0.0000,0.0000,0,0,多换,B,22480.0000,0.0000,0.0000,0.0000,0.0000,22725.0000,0.0000,0.0000,0.0000,0.0000,1,0,0,0,0,3,0,0,0,0
sc,ru1210,2012-06-29 09:04:48.000,22765.0000,206,0,0.0000,0.0000,0,0,多换,B,22480.0000,0.0000,0.0000,0.0000,0.0000,22715.0000,0.0000,0.0000,0.0000,0.0000,1,0,0,0,0,1,0,0,0,0
sc,ru1210,2012-06-29 09:04:48.500,22765.0000,206,0,0.0000,0.0000,0,0,多换,B,22480.0000,0.0000,0.0000,0.0000,0.0000,22705.0000,0.0000,0.0000,0.0000,0.0000,1,0,0,0,0,3,0,0,0,0
sc,ru1210,2012-06-29 09:04:49.000,22765.0000,206,0,0.0000,0.0000,0,0,多换,B,22480.0000,0.0000,0.0000,0.0000,0.0000,22695.0000,0.0000,0.0000,0.0000,0.0000,1,0,0,0,0,1,0,0,0,0
sc,ru1210,2012-06-29 09:04:49.500,22765.0000,206,0,0.0000,0.0000,0,0,多换,B,22480.0000,0.0000,0.0000,0.0000,0.0000,22690.0000,0.0000,0.0000,0.0000,0.0000,1,0,0,0,0,6,0,0,0,0
sc,ru1210,2012-06-29 09:04:50.000,22765.0000,206,0,0.0000,0.0000,0,0,多换,B,22480.0000,0.0000,0.0000,0.0000,0.0000,22680.0000,0.0000,0.0000,0.0000,0.0000,1,0,0,0,0,1,0,0,0,0
sc,ru1210,2012-06-29 09:04:50.500,22765.0000,206,0,0.0000,0.0000,0,0,多换,B,22480.0000,0.0000,0.0000,0.0000,0.0000,22675.0000,0.0000,0.0000,0.0000,0.0000,1,0,0,0,0,3,0,0,0,0
sc,ru1210,2012-06-29 09:04:51.000,22765.0000,206,0,0.0000,0.0000,0,0,多换,B,22480.0000,0.0000,0.0000,0.0000,0.0000,22665.0000,0.0000,0.0000,0.0000,0.0000,1,0,0,0,0,1,0,0,0,0
sc,ru1210,2012-06-29 09:04:51.500,22765.0000,206,0,0.0000,0.0000,0,0,多换,B,22480.0000,0.0000,0.0000,0.0000,0.0000,22660.0000,0.0000,0.0000,0.0000,0.0000,3,0,0,0,0,14,0,0,0,0
sc,ru1210,2012-06-29 09:04:52.000,22765.0000,206,0,0.0000,0.0000,0,0,多换,B,22480.0000,0.0000,0.0000,0.0000,0.0000,22650.0000,0.0000,0.0000,0.0000,0.0000,3,0,0,0,0,1,0,0,0,0
sc,ru1210,2012-06-29 09:04:52.500,22765.0000,206,0,0.0000,0.0000,0,0,多换,B,22480.0000,0.0000,0.0000,0.0000,0.0000,22645.0000,0.0000,0.0000,0.0000,0.0000,3,0,0,0,0,1,0,0,0,0
sc,ru1210,2012-06-29 09:04:53.000,22765.0000,206,0,0.0000,0.0000,0,0,多换,B,22480.0000,0.0000,0.0000,0.0000,0.0000,22635.0000,0.0000,0.0000,0.0000,0.0000,1,0,0,0,0,1,0,0,0,0
sc,ru1210,2012-06-29 09:04:53.500,22765.0000,206,0,0.0000,0.0000,0,0,多换,B,22480.0000,0.0000,0.0000,0.0000,0.0000,22630.0000,0.0000,0.0000,0.0000,0.0000,1,0,0,0,0,1,0,0,0,0
sc,ru1210,2012-06-29 09:04:54.000,22765.0000,206,0,0.0000,0.0000,0,0,多换,B,22480.0000,0.0000,0.0000,0.0000,0.0000,22620.0000,0.0000,0.0000,0.0000,0.0000,1,0,0,0,0,1,0,0,0,0
sc,ru1210,2012-06-29 09:04:54.500,22765.0000,206,0,0.0000,0.0000,0,0,多换,B,22480.0000,0.0000,0.0000,0.0000,0.0000,22615.0000,0.0000,0.0000,0.0000,0.0000,3,0,0,0,0,10,0,0,0,0
sc,ru1210,2012-06-29 09:04:55.000,22765.0000,206,0,0.0000,0.0000,0,0,多换,B,22480.0000,0.0000,0.0000,0.0000,0.0000,22605.0000,0.0000,0.0000,0.0000,0.0000,1,0,0,0,0,1,0,0,0,0
sc,ru1210,2012-06-29 09:04:55.500,22765.0000,206,0,0.0000,0.0000,0,0,多换,B,22480.0000,0.0000,0.0000,0.0000,0.0000,22600.0000,0.0000,0.0000,0.0000,0.0000,1,0,0,0,0,10,0,0,0,0
sc,ru1210,2012-06-29 09:04:56.000,22765.0000,206,0,0.0000,0.0000,0,0,多换,B,22480.0000,0.0000,0.0000,0.0000,0.0000,22590.0000,0.0000,0.0000,0.0000,0.0000,1,0,0,0,0,1,0,0,0,0
sc,ru1210,2012-06-29 09:04:56.500,22765.0000,206,0,0.0000,0.0000,0,0,多换,B,22480.0000,0.0000,0.0000,0.0000,0.0000,22585.0000,0.0000,0.0000,0.0000,0.0000,3,0,0,0,0,1,0,0,0,0
sc,ru1210,2012-06-29 09:04:57.000,22765.0000,206,0,0.0000,0.0000,0,0,多换,B,22480.0000,0.0000,0.0000,0.0000,0.0000,22575.0000,0.0000,0.0000,0.0000,0.0000,3,0,0,0,0,1,0,0,0,0
sc,ru1210,2012-06-29 09:04:57.500,22765.0000,206,0,0.0000,0.0000,0,0,多换,B,22480.0000,0.0000,0.0000,0.0000,0.0000,22575.0000,0.0000,0.0000,0.0000,0.0000,1,0,0,0,0,1,0,0,0,0
sc,ru1210,2012-06-29 09:04:58.000,22765.0000,206,0,0.0000,0.0000,0,0,多换,B,22480.0000,0.0000,0.0000,0.0000,0.0000,22570.0000,0.0000,0.0000,0.0000,0.0000,3,0,0,0,0,3,0,0,0,0
sc,ru1210,2012-06-29 09:04:58.500,22765.0000,206,0,0.0000,0.0000,0,0,多换,B,22480.0000,0.0000,0.0000,0.0000,0.0000,22570.0000,0.0000,0.0000,0.0000,0.0000,3,0,0,0,0,5,0,0,0,0
sc,ru1210,2012-06-29 09:04:59.500,22765.0000,206,0,0.0000,0.0000,0,0,多换,B,22485.0000,0.0000,0.0000,0.0000,0.0000,22565.0000,0.0000,0.0000,0.0000,0.0000,2,0,0,0,0,1,0,0,0,0
sc,ru1210,2012-06-29 09:05:00.000,22765.0000,206,0,0.0000,0.0000,0,0,多换,B,22485.0000,0.0000,0.0000,0.0000,0.0000,22565.0000,0.0000,0.0000,0.0000,0.0000,2,0,0,0,0,1,0,0,0,0
sc,ru1210,2012-06-29 09:05:02.000,22765.0000,206,0,0.0000,0.0000,0,0,多换,B,22485.0000,0.0000,0.0000,0.0000,0.0000,22560.0000,0.0000,0.0000,0.0000,0.0000,2,0,0,0,0,3,0,0,0,0
sc,ru1210,2012-06-29 09:05:02.500,22765.0000,206,0,0.0000,0.0000,0,0,多换,B,22490.0000,0.0000,0.0000,0.0000,0.0000,22560.0000,0.0000,0.0000,0.0000,0.0000,1,0,0,0,0,4,0,0,0,0
sc,ru1210,2012-06-29 09:05:03.000,22765.0000,206,0,0.0000,0.0000,0,0,多换,B,22490.0000,0.0000,0.0000,0.0000,0.0000,22555.0000,0.0000,0.0000,0.0000,0.0000,1,0,0,0,0,1,0,0,0,0
sc,ru1210,2012-06-29 09:05:03.500,22765.0000,206,0,0.0000,0.0000,0,0,多换,B,22495.0000,0.0000,0.0000,0.0000,0.0000,22555.0000,0.0000,0.0000,0.0000,0.0000,1,0,0,0,0,1,0,0,0,0
sc,ru1210,2012-06-29 09:05:04.000,22765.0000,206,0,0.0000,0.0000,0,0,多换,B,22495.0000,0.0000,0.0000,0.0000,0.0000,22555.0000,0.0000,0.0000,0.0000,0.0000,1,0,0,0,0,1,0,0,0,0
sc,ru1210,2012-06-29 09:05:04.500,22765.0000,206,0,0.0000,0.0000,0,0,多换,B,22495.0000,0.0000,0.0000,0.0000,0.0000,22555.0000,0.0000,0.0000,0.0000,0.0000,1,0,0,0,0,1,0,0,0,0
sc,ru1210,2012-06-29 09:05:05.500,22765.0000,206,0,0.0000,0.0000,0,0,多换,B,22495.0000,0.0000,0.0000,0.0000,0.0000,22550.0000,0.0000,0.0000,0.0000,0.0000,1,0,0,0,0,1,0,0,0,0
sc,ru1210,2012-06-29 09:05:06.000,22765.0000,206,0,0.0000,0.0000,0,0,多换,B,22495.0000,0.0000,0.0000,0.0000,0.0000,22550.0000,0.0000,0.0000,0.0000,0.0000,1,0,0,0,0,1,0,0,0,0
sc,ru1210,2012-06-29 09:05:28.000,22765.0000,206,0,0.0000,0.0000,0,0,多换,B,22495.0000,0.0000,0.0000,0.0000,0.0000,22550.0000,0.0000,0.0000,0.0000,0.0000,1,0,0,0,0,1,0,0,0,0
sc,ru1210,2012-06-29 09:05:45.500,22765.0000,206,0,0.0000,0.0000,0,0,多换,B,22495.0000,0.0000,0.0000,0.0000,0.0000,22555.0000,0.0000,0.0000,0.0000,0.0000,1,0,0,0,0,1,0,0,0,0
sc,ru1210,2012-06-29 09:05:46.500,22765.0000,206,0,0.0000,0.0000,0,0,多换,B,22495.0000,0.0000,0.0000,0.0000,0.0000,22555.0000,0.0000,0.0000,0.0000,0.0000,3,0,0,0,0,1,0,0,0,0
sc,ru1210,2012-06-29 09:05:47.000,22765.0000,206,0,0.0000,0.0000,0,0,多换,B,22495.0000,0.0000,0.0000,0.0000,0.0000,22850.0000,0.0000,0.0000,0.0000,0.0000,1,0,0,0,0,1,0,0,0,0
sc,ru1210,2012-06-29 09:05:47.500,22765.0000,206,0,0.0000,0.0000,0,0,多换,B,22495.0000,0.0000,0.0000,0.0000,0.0000,22710.0000,0.0000,0.0000,0.0000,0.0000,1,0,0,0,0,1,0,0,0,0
sc,ru1210,2012-06-29 09:05:48.000,22765.0000,206,0,0.0000,0.0000,0,0,多换,B,22495.0000,0.0000,0.0000,0.0000,0.0000,22700.0000,0.0000,0.0000,0.0000,0.0000,1,0,0,0,0,1,0,0,0,0
sc,ru1210,2012-06-29 09:05:48.500,22765.0000,206,0,0.0000,0.0000,0,0,多换,B,22495.0000,0.0000,0.0000,0.0000,0.0000,22695.0000,0.0000,0.0000,0.0000,0.0000,1,0,0,0,0,5,0,0,0,0
sc,ru1210,2012-06-29 09:05:49.000,22765.0000,206,0,0.0000,0.0000,0,0,多换,B,22495.0000,0.0000,0.0000,0.0000,0.0000,22685.0000,0.0000,0.0000,0.0000,0.0000,1,0,0,0,0,1,0,0,0,0
sc,ru1210,2012-06-29 09:05:49.500,22765.0000,206,0,0.0000,0.0000,0,0,多换,B,22495.0000,0.0000,0.0000,0.0000,0.0000,22635.0000,0.0000,0.0000,0.0000,0.0000,1,0,0,0,0,1,0,0,0,0
sc,ru1210,2012-06-29 09:05:50.000,22765.0000,206,0,0.0000,0.0000,0,0,多换,B,22495.0000,0.0000,0.0000,0.0000,0.0000,22625.0000,0.0000,0.0000,0.0000,0.0000,1,0,0,0,0,1,0,0,0,0
sc,ru1210,2012-06-29 09:05:50.500,22765.0000,206,0,0.0000,0.0000,0,0,多换,B,22495.0000,0.0000,0.0000,0.0000,0.0000,22625.0000,0.0000,0.0000,0.0000,0.0000,1,0,0,0,0,1,0,0,0,0
sc,ru1210,2012-06-29 09:05:51.000,22765.0000,206,0,0.0000,0.0000,0,0,多换,B,22495.0000,0.0000,0.0000,0.0000,0.0000,22595.0000,0.0000,0.0000,0.0000,0.0000,1,0,0,0,0,1,0,0,0,0
sc,ru1210,2012-06-29 09:05:51.500,22765.0000,206,0,0.0000,0.0000,0,0,多换,B,22495.0000,0.0000,0.0000,0.0000,0.0000,22585.0000,0.0000,0.0000,0.0000,0.0000,1,0,0,0,0,1,0,0,0,0
sc,ru1210,2012-06-29 09:05:52.000,22765.0000,206,0,0.0000,0.0000,0,0,多换,B,22495.0000,0.0000,0.0000,0.0000,0.0000,22585.0000,0.0000,0.0000,0.0000,0.0000,1,0,0,0,0,1,0,0,0,0
sc,ru1210,2012-06-29 09:05:52.500,22765.0000,206,0,0.0000,0.0000,0,0,多换,B,22495.0000,0.0000,0.0000,0.0000,0.0000,22580.0000,0.0000,0.0000,0.0000,0.0000,1,0,0,0,0,3,0,0,0,0
sc,ru1210,2012-06-29 09:05:53.000,22765.0000,206,0,0.0000,0.0000,0,0,多换,B,22495.0000,0.0000,0.0000,0.0000,0.0000,22570.0000,0.0000,0.0000,0.0000,0.0000,1,0,0,0,0,1,0,0,0,0
sc,ru1210,2012-06-29 09:05:53.500,22765.0000,206,0,0.0000,0.0000,0,0,多换,B,22495.0000,0.0000,0.0000,0.0000,0.0000,22575.0000,0.0000,0.0000,0.0000,0.0000,1,0,0,0,0,2,0,0,0,0
sc,ru1210,2012-06-29 09:05:54.000,22765.0000,206,0,0.0000,0.0000,0,0,多换,B,22495.0000,0.0000,0.0000,0.0000,0.0000,22565.0000,0.0000,0.0000,0.0000,0.0000,1,0,0,0,0,3,0,0,0,0
sc,ru1210,2012-06-29 09:05:57.000,22765.0000,206,0,0.0000,0.0000,0,0,多换,B,22495.0000,0.0000,0.0000,0.0000,0.0000,22560.0000,0.0000,0.0000,0.0000,0.0000,1,0,0,0,0,1,0,0,0,0
sc,ru1210,2012-06-29 09:05:57.500,22765.0000,206,0,0.0000,0.0000,0,0,多换,B,22495.0000,0.0000,0.0000,0.0000,0.0000,22560.0000,0.0000,0.0000,0.0000,0.0000,1,0,0,0,0,1,0,0,0,0
sc,ru1210,2012-06-29 09:05:58.500,22765.0000,206,0,0.0000,0.0000,0,0,多换,B,22495.0000,0.0000,0.0000,0.0000,0.0000,22560.0000,0.0000,0.0000,0.0000,0.0000,1,0,0,0,0,1,0,0,0,0
sc,ru1210,2012-06-29 09:05:59.000,22765.0000,206,0,0.0000,0.0000,0,0,多换,B,22495.0000,0.0000,0.0000,0.0000,0.0000,22560.0000,0.0000,0.0000,0.0000,0.0000,1,0,0,0,0,1,0,0,0,0
sc,ru1210,2012-06-29 09:06:01.500,22765.0000,206,0,0.0000,0.0000,0,0,多换,B,22495.0000,0.0000,0.0000,0.0000,0.0000,22560.0000,0.0000,0.0000,0.0000,0.0000,3,0,0,0,0,1,0,0,0,0
sc,ru1210,2012-06-29 09:06:03.000,22765.0000,206,0,0.0000,0.0000,0,0,多换,B,22500.0000,0.0000,0.0000,0.0000,0.0000,22620.0000,0.0000,0.0000,0.0000,0.0000,2,0,0,0,0,10,0,0,0,0
sc,ru1210,2012-06-29 09:06:03.500,22765.0000,206,0,0.0000,0.0000,0,0,多换,B,22505.0000,0.0000,0.0000,0.0000,0.0000,22605.0000,0.0000,0.0000,0.0000,0.0000,2,0,0,0,0,1,0,0,0,0
sc,ru1210,2012-06-29 09:06:04.000,22765.0000,206,0,0.0000,0.0000,0,0,多换,B,22510.0000,0.0000,0.0000,0.0000,0.0000,22605.0000,0.0000,0.0000,0.0000,0.0000,2,0,0,0,0,2,0,0,0,0
sc,ru1210,2012-06-29 09:06:04.500,22765.0000,206,0,0.0000,0.0000,0,0,多换,B,22515.0000,0.0000,0.0000,0.0000,0.0000,22605.0000,0.0000,0.0000,0.0000,0.0000,3,0,0,0,0,1,0,0,0,0
sc,ru1210,2012-06-29 09:06:05.000,22765.0000,206,0,0.0000,0.0000,0,0,多换,B,22515.0000,0.0000,0.0000,0.0000,0.0000,22595.0000,0.0000,0.0000,0.0000,0.0000,1,0,0,0,0,1,0,0,0,0
sc,ru1210,2012-06-29 09:06:05.500,22765.0000,206,0,0.0000,0.0000,0,0,多换,B,22515.0000,0.0000,0.0000,0.0000,0.0000,22600.0000,0.0000,0.0000,0.0000,0.0000,1,0,0,0,0,3,0,0,0,0
sc,ru1210,2012-06-29 09:06:06.000,22765.0000,206,0,0.0000,0.0000,0,0,多换,B,22515.0000,0.0000,0.0000,0.0000,0.0000,22595.0000,0.0000,0.0000,0.0000,0.0000,3,0,0,0,0,1,0,0,0,0
sc,ru1210,2012-06-29 09:06:06.500,22765.0000,206,0,0.0000,0.0000,0,0,多换,B,22515.0000,0.0000,0.0000,0.0000,0.0000,22595.0000,0.0000,0.0000,0.0000,0.0000,1,0,0,0,0,1,0,0,0,0
sc,ru1210,2012-06-29 09:06:07.000,22765.0000,206,0,0.0000,0.0000,0,0,多换,B,22515.0000,0.0000,0.0000,0.0000,0.0000,22590.0000,0.0000,0.0000,0.0000,0.0000,1,0,0,0,0,1,0,0,0,0
sc,ru1210,2012-06-29 09:06:07.500,22765.0000,206,0,0.0000,0.0000,0,0,多换,B,22515.0000,0.0000,0.0000,0.0000,0.0000,22590.0000,0.0000,0.0000,0.0000,0.0000,1,0,0,0,0,4,0,0,0,0
sc,ru1210,2012-06-29 09:06:08.000,22765.0000,206,0,0.0000,0.0000,0,0,多换,B,22515.0000,0.0000,0.0000,0.0000,0.0000,22585.0000,0.0000,0.0000,0.0000,0.0000,1,0,0,0,0,1,0,0,0,0
sc,ru1210,2012-06-29 09:06:08.500,22765.0000,206,0,0.0000,0.0000,0,0,多换,B,22515.0000,0.0000,0.0000,0.0000,0.0000,22580.0000,0.0000,0.0000,0.0000,0.0000,1,0,0,0,0,1,0,0,0,0
sc,ru1210,2012-06-29 09:06:09.000,22765.0000,206,0,0.0000,0.0000,0,0,多换,B,22515.0000,0.0000,0.0000,0.0000,0.0000,22580.0000,0.0000,0.0000,0.0000,0.0000,1,0,0,0,0,1,0,0,0,0
sc,ru1210,2012-06-29 09:06:11.000,22765.0000,206,0,0.0000,0.0000,0,0,多换,B,22515.0000,0.0000,0.0000,0.0000,0.0000,22580.0000,0.0000,0.0000,0.0000,0.0000,3,0,0,0,0,1,0,0,0,0
sc,ru1210,2012-06-29 09:06:12.000,22765.0000,206,0,0.0000,0.0000,0,0,多换,B,22515.0000,0.0000,0.0000,0.0000,0.0000,22580.0000,0.0000,0.0000,0.0000,0.0000,1,0,0,0,0,1,0,0,0,0
sc,ru1210,2012-06-29 09:06:13.000,22765.0000,206,0,0.0000,0.0000,0,0,多换,B,22515.0000,0.0000,0.0000,0.0000,0.0000,22580.0000,0.0000,0.0000,0.0000,0.0000,3,0,0,0,0,1,0,0,0,0
sc,ru1210,2012-06-29 09:06:14.500,22765.0000,206,0,0.0000,0.0000,0,0,多换,B,22515.0000,0.0000,0.0000,0.0000,0.0000,22580.0000,0.0000,0.0000,0.0000,0.0000,1,0,0,0,0,1,0,0,0,0
sc,ru1210,2012-06-29 09:06:29.500,22765.0000,206,0,0.0000,0.0000,0,0,多换,B,22515.0000,0.0000,0.0000,0.0000,0.0000,22575.0000,0.0000,0.0000,0.0000,0.0000,1,0,0,0,0,1,0,0,0,0
sc,ru1210,2012-06-29 09:06:37.500,22765.0000,206,0,0.0000,0.0000,0,0,多换,B,22520.0000,0.0000,0.0000,0.0000,0.0000,22575.0000,0.0000,0.0000,0.0000,0.0000,1,0,0,0,0,1,0,0,0,0
sc,ru1210,2012-06-29 09:06:42.500,22765.0000,206,0,0.0000,0.0000,0,0,多换,B,22520.0000,0.0000,0.0000,0.0000,0.0000,22570.0000,0.0000,0.0000,0.0000,0.0000,1,0,0,0,0,3,0,0,0,0
sc,ru1210,2012-06-29 09:06:43.000,22765.0000,206,0,0.0000,0.0000,0,0,多换,B,22520.0000,0.0000,0.0000,0.0000,0.0000,22570.0000,0.0000,0.0000,0.0000,0.0000,1,0,0,0,0,3,0,0,0,0
sc,ru1210,2012-06-29 09:06:46.000,22765.0000,206,0,0.0000,0.0000,0,0,多换,B,22515.0000,0.0000,0.0000,0.0000,0.0000,22570.0000,0.0000,0.0000,0.0000,0.0000,1,0,0,0,0,3,0,0,0,0
sc,ru1210,2012-06-29 09:06:47.000,22765.0000,206,0,0.0000,0.0000,0,0,多换,B,22515.0000,0.0000,0.0000,0.0000,0.0000,22565.0000,0.0000,0.0000,0.0000,0.0000,1,0,0,0,0,1,0,0,0,0
sc,ru1210,2012-06-29 09:06:47.500,22765.0000,206,0,0.0000,0.0000,0,0,多换,B,22515.0000,0.0000,0.0000,0.0000,0.0000,22565.0000,0.0000,0.0000,0.0000,0.0000,1,0,0,0,0,1,0,0,0,0
sc,ru1210,2012-06-29 09:07:14.000,22765.0000,206,0,0.0000,0.0000,0,0,多换,B,22515.0000,0.0000,0.0000,0.0000,0.0000,22560.0000,0.0000,0.0000,0.0000,0.0000,1,0,0,0,0,1,0,0,0,0
sc,ru1210,2012-06-29 09:07:14.500,22765.0000,206,0,0.0000,0.0000,0,0,多换,B,22435.0000,0.0000,0.0000,0.0000,0.0000,22560.0000,0.0000,0.0000,0.0000,0.0000,1,0,0,0,0,4,0,0,0,0
sc,ru1210,2012-06-29 09:07:15.000,22765.0000,206,0,0.0000,0.0000,0,0,多换,B,22445.0000,0.0000,0.0000,0.0000,0.0000,22560.0000,0.0000,0.0000,0.0000,0.0000,2,0,0,0,0,4,0,0,0,0
sc,ru1210,2012-06-29 09:07:15.500,22765.0000,206,0,0.0000,0.0000,0,0,多换,B,22450.0000,0.0000,0.0000,0.0000,0.0000,22560.0000,0.0000,0.0000,0.0000,0.0000,10,0,0,0,0,4,0,0,0,0
sc,ru1210,2012-06-29 09:07:16.500,22765.0000,206,0,0.0000,0.0000,0,0,多换,B,22460.0000,0.0000,0.0000,0.0000,0.0000,22560.0000,0.0000,0.0000,0.0000,0.0000,2,0,0,0,0,4,0,0,0,0
sc,ru1210,2012-06-29 09:07:17.000,22765.0000,206,0,0.0000,0.0000,0,0,多换,B,22460.0000,0.0000,0.0000,0.0000,0.0000,22560.0000,0.0000,0.0000,0.0000,0.0000,2,0,0,0,0,4,0,0,0,0
sc,ru1210,2012-06-29 09:07:18.000,22765.0000,206,0,0.0000,0.0000,0,0,多换,B,22460.0000,0.0000,0.0000,0.0000,0.0000,22560.0000,0.0000,0.0000,0.0000,0.0000,2,0,0,0,0,4,0,0,0,0
sc,ru1210,2012-06-29 09:07:19.000,22765.0000,206,0,0.0000,0.0000,0,0,多换,B,22460.0000,0.0000,0.0000,0.0000,0.0000,22555.0000,0.0000,0.0000,0.0000,0.0000,2,0,0,0,0,1,0,0,0,0
sc,ru1210,2012-06-29 09:07:19.500,22765.0000,206,0,0.0000,0.0000,0,0,多换,B,22460.0000,0.0000,0.0000,0.0000,0.0000,22555.0000,0.0000,0.0000,0.0000,0.0000,2,0,0,0,0,1,0,0,0,0
sc,ru1210,2012-06-29 09:07:21.500,22765.0000,206,0,0.0000,0.0000,0,0,多换,B,22460.0000,0.0000,0.0000,0.0000,0.0000,22550.0000,0.0000,0.0000,0.0000,0.0000,2,0,0,0,0,1,0,0,0,0
sc,ru1210,2012-06-29 09:07:24.000,22765.0000,206,0,0.0000,0.0000,0,0,多换,B,22460.0000,0.0000,0.0000,0.0000,0.0000,22545.0000,0.0000,0.0000,0.0000,0.0000,2,0,0,0,0,1,0,0,0,0
sc,ru1210,2012-06-29 09:07:24.500,22765.0000,206,0,0.0000,0.0000,0,0,多换,B,22460.0000,0.0000,0.0000,0.0000,0.0000,22545.0000,0.0000,0.0000,0.0000,0.0000,2,0,0,0,0,1,0,0,0,0
sc,ru1210,2012-06-29 09:07:33.500,22765.0000,206,0,0.0000,0.0000,0,0,多换,B,22460.0000,0.0000,0.0000,0.0000,0.0000,22555.0000,0.0000,0.0000,0.0000,0.0000,2,0,0,0,0,1,0,0,0,0
sc,ru1210,2012-06-29 09:07:35.000,22765.0000,206,0,0.0000,0.0000,0,0,多换,B,22460.0000,0.0000,0.0000,0.0000,0.0000,22550.0000,0.0000,0.0000,0.0000,0.0000,2,0,0,0,0,1,0,0,0,0
sc,ru1210,2012-06-29 09:07:35.500,22765.0000,206,0,0.0000,0.0000,0,0,多换,B,22460.0000,0.0000,0.0000,0.0000,0.0000,22550.0000,0.0000,0.0000,0.0000,0.0000,2,0,0,0,0,1,0,0,0,0
sc,ru1210,2012-06-29 09:07:37.500,22765.0000,206,0,0.0000,0.0000,0,0,多换,B,22465.0000,0.0000,0.0000,0.0000,0.0000,22550.0000,0.0000,0.0000,0.0000,0.0000,1,0,0,0,0,1,0,0,0,0
sc,ru1210,2012-06-29 09:07:38.000,22765.0000,206,0,0.0000,0.0000,0,0,多换,B,22475.0000,0.0000,0.0000,0.0000,0.0000,22550.0000,0.0000,0.0000,0.0000,0.0000,2,0,0,0,0,1,0,0,0,0
sc,ru1210,2012-06-29 09:07:38.500,22765.0000,206,0,0.0000,0.0000,0,0,多换,B,22475.0000,0.0000,0.0000,0.0000,0.0000,22550.0000,0.0000,0.0000,0.0000,0.0000,2,0,0,0,0,1,0,0,0,0
sc,ru1210,2012-06-29 09:07:41.000,22765.0000,206,0,0.0000,0.0000,0,0,多换,B,22480.0000,0.0000,0.0000,0.0000,0.0000,22550.0000,0.0000,0.0000,0.0000,0.0000,1,0,0,0,0,1,0,0,0,0
sc,ru1210,2012-06-29 09:07:41.500,22765.0000,206,0,0.0000,0.0000,0,0,多换,B,22480.0000,0.0000,0.0000,0.0000,0.0000,22550.0000,0.0000,0.0000,0.0000,0.0000,3,0,0,0,0,1,0,0,0,0
sc,ru1210,2012-06-29 09:07:42.000,22765.0000,206,0,0.0000,0.0000,0,0,多换,B,22485.0000,0.0000,0.0000,0.0000,0.0000,22550.0000,0.0000,0.0000,0.0000,0.0000,1,0,0,0,0,1,0,0,0,0
sc,ru1210,2012-06-29 09:07:44.000,22765.0000,206,0,0.0000,0.0000,0,0,多换,B,22485.0000,0.0000,0.0000,0.0000,0.0000,22550.0000,0.0000,0.0000,0.0000,0.0000,1,0,0,0,0,1,0,0,0,0
sc,ru1210,2012-06-29 09:07:45.000,22765.0000,206,0,0.0000,0.0000,0,0,多换,B,22485.0000,0.0000,0.0000,0.0000,0.0000,22550.0000,0.0000,0.0000,0.0000,0.0000,1,0,0,0,0,1,0,0,0,0
sc,ru1210,2012-06-29 09:08:06.500,22765.0000,206,0,0.0000,0.0000,0,0,多换,B,22485.0000,0.0000,0.0000,0.0000,0.0000,22550.0000,0.0000,0.0000,0.0000,0.0000,3,0,0,0,0,1,0,0,0,0
sc,ru1210,2012-06-29 09:08:07.000,22765.0000,206,0,0.0000,0.0000,0,0,多换,B,22490.0000,0.0000,0.0000,0.0000,0.0000,22550.0000,0.0000,0.0000,0.0000,0.0000,1,0,0,0,0,1,0,0,0,0
sc,ru1210,2012-06-29 09:08:09.000,22765.0000,206,0,0.0000,0.0000,0,0,多换,B,22490.0000,0.0000,0.0000,0.0000,0.0000,22550.0000,0.0000,0.0000,0.0000,0.0000,3,0,0,0,0,1,0,0,0,0
sc,ru1210,2012-06-29 09:08:10.000,22765.0000,206,0,0.0000,0.0000,0,0,多换,B,22490.0000,0.0000,0.0000,0.0000,0.0000,22555.0000,0.0000,0.0000,0.0000,0.0000,3,0,0,0,0,1,0,0,0,0
sc,ru1210,2012-06-29 09:08:18.500,22765.0000,206,0,0.0000,0.0000,0,0,多换,B,22495.0000,0.0000,0.0000,0.0000,0.0000,22900.0000,0.0000,0.0000,0.0000,0.0000,2,0,0,0,0,1,0,0,0,0
sc,ru1210,2012-06-29 09:08:19.000,22765.0000,206,0,0.0000,0.0000,0,0,多换,B,22490.0000,0.0000,0.0000,0.0000,0.0000,22735.0000,0.0000,0.0000,0.0000,0.0000,3,0,0,0,0,1,0,0,0,0
sc,ru1210,2012-06-29 09:08:19.500,22765.0000,206,0,0.0000,0.0000,0,0,多换,B,22500.0000,0.0000,0.0000,0.0000,0.0000,22725.0000,0.0000,0.0000,0.0000,0.0000,1,0,0,0,0,4,0,0,0,0
sc,ru1210,2012-06-29 09:08:20.000,22765.0000,206,0,0.0000,0.0000,0,0,多换,B,22500.0000,0.0000,0.0000,0.0000,0.0000,22715.0000,0.0000,0.0000,0.0000,0.0000,1,0,0,0,0,1,0,0,0,0
sc,ru1210,2012-06-29 09:08:20.500,22765.0000,206,0,0.0000,0.0000,0,0,多换,B,22500.0000,0.0000,0.0000,0.0000,0.0000,22645.0000,0.0000,0.0000,0.0000,0.0000,1,0,0,0,0,1,0,0,0,0
sc,ru1210,2012-06-29 09:08:21.000,22765.0000,206,0,0.0000,0.0000,0,0,多换,B,22500.0000,0.0000,0.0000,0.0000,0.0000,22635.0000,0.0000,0.0000,0.0000,0.0000,1,0,0,0,0,1,0,0,0,0
sc,ru1210,2012-06-29 09:08:21.500,22765.0000,206,0,0.0000,0.0000,0,0,多换,B,22500.0000,0.0000,0.0000,0.0000,0.0000,22630.0000,0.0000,0.0000,0.0000,0.0000,1,0,0,0,0,1,0,0,0,0
sc,ru1210,2012-06-29 09:08:22.000,22765.0000,206,0,0.0000,0.0000,0,0,多换,B,22500.0000,0.0000,0.0000,0.0000,0.0000,22620.0000,0.0000,0.0000,0.0000,0.0000,1,0,0,0,0,1,0,0,0,0
sc,ru1210,2012-06-29 09:08:22.500,22765.0000,206,0,0.0000,0.0000,0,0,多换,B,22500.0000,0.0000,0.0000,0.0000,0.0000,22600.0000,0.0000,0.0000,0.0000,0.0000,1,0,0,0,0,1,0,0,0,0
sc,ru1210,2012-06-29 09:08:23.000,22765.0000,206,0,0.0000,0.0000,0,0,多换,B,22500.0000,0.0000,0.0000,0.0000,0.0000,22590.0000,0.0000,0.0000,0.0000,0.0000,1,0,0,0,0,1,0,0,0,0
sc,ru1210,2012-06-29 09:08:23.500,22765.0000,206,0,0.0000,0.0000,0,0,多换,B,22500.0000,0.0000,0.0000,0.0000,0.0000,22590.0000,0.0000,0.0000,0.0000,0.0000,1,0,0,0,0,1,0,0,0,0
sc,ru1210,2012-06-29 09:08:24.000,22765.0000,206,0,0.0000,0.0000,0,0,多换,B,22500.0000,0.0000,0.0000,0.0000,0.0000,22580.0000,0.0000,0.0000,0.0000,0.0000,1,0,0,0,0,1,0,0,0,0
sc,ru1210,2012-06-29 09:08:24.500,22765.0000,206,0,0.0000,0.0000,0,0,多换,B,22500.0000,0.0000,0.0000,0.0000,0.0000,22575.0000,0.0000,0.0000,0.0000,0.0000,1,0,0,0,0,1,0,0,0,0
sc,ru1210,2012-06-29 09:08:25.000,22765.0000,206,0,0.0000,0.0000,0,0,多换,B,22500.0000,0.0000,0.0000,0.0000,0.0000,22570.0000,0.0000,0.0000,0.0000,0.0000,1,0,0,0,0,1,0,0,0,0
sc,ru1210,2012-06-29 09:08:25.500,22765.0000,206,0,0.0000,0.0000,0,0,多换,B,22500.0000,0.0000,0.0000,0.0000,0.0000,22570.0000,0.0000,0.0000,0.0000,0.0000,1,0,0,0,0,5,0,0,0,0
sc,ru1210,2012-06-29 09:08:26.500,22765.0000,206,0,0.0000,0.0000,0,0,多换,B,22500.0000,0.0000,0.0000,0.0000,0.0000,22570.0000,0.0000,0.0000,0.0000,0.0000,1,0,0,0,0,5,0,0,0,0
sc,ru1210,2012-06-29 09:08:29.500,22765.0000,206,0,0.0000,0.0000,0,0,多换,B,22500.0000,0.0000,0.0000,0.0000,0.0000,22565.0000,0.0000,0.0000,0.0000,0.0000,1,0,0,0,0,1,0,0,0,0
sc,ru1210,2012-06-29 09:08:30.000,22765.0000,206,0,0.0000,0.0000,0,0,多换,B,22500.0000,0.0000,0.0000,0.0000,0.0000,22565.0000,0.0000,0.0000,0.0000,0.0000,1,0,0,0,0,1,0,0,0,0
sc,ru1210,2012-06-29 09:08:37.000,22765.0000,206,0,0.0000,0.0000,0,0,多换,B,22500.0000,0.0000,0.0000,0.0000,0.0000,22565.0000,0.0000,0.0000,0.0000,0.0000,1,0,0,0,0,1,0,0,0,0
sc,ru1210,2012-06-29 09:08:41.000,22765.0000,206,0,0.0000,0.0000,0,0,多换,B,22500.0000,0.0000,0.0000,0.0000,0.0000,22565.0000,0.0000,0.0000,0.0000,0.0000,3,0,0,0,0,1,0,0,0,0
sc,ru1210,2012-06-29 09:08:41.500,22765.0000,206,0,0.0000,0.0000,0,0,多换,B,22500.0000,0.0000,0.0000,0.0000,0.0000,22565.0000,0.0000,0.0000,0.0000,0.0000,1,0,0,0,0,1,0,0,0,0
sc,ru1210,2012-06-29 09:08:46.000,22765.0000,206,0,0.0000,0.0000,0,0,多换,B,22500.0000,0.0000,0.0000,0.0000,0.0000,22565.0000,0.0000,0.0000,0.0000,0.0000,3,0,0,0,0,1,0,0,0,0
sc,ru1210,2012-06-29 09:08:56.500,22765.0000,206,0,0.0000,0.0000,0,0,多换,B,22505.0000,0.0000,0.0000,0.0000,0.0000,22565.0000,0.0000,0.0000,0.0000,0.0000,2,0,0,0,0,1,0,0,0,0
sc,ru1210,2012-06-29 09:08:57.500,22765.0000,206,0,0.0000,0.0000,0,0,多换,B,22505.0000,0.0000,0.0000,0.0000,0.0000,22570.0000,0.0000,0.0000,0.0000,0.0000,2,0,0,0,0,1,0,0,0,0
sc,ru1210,2012-06-29 09:08:59.000,22765.0000,206,0,0.0000,0.0000,0,0,多换,B,22505.0000,0.0000,0.0000,0.0000,0.0000,22570.0000,0.0000,0.0000,0.0000,0.0000,2,0,0,0,0,1,0,0,0,0
sc,ru1210,2012-06-29 09:08:59.500,22765.0000,206,0,0.0000,0.0000,0,0,多换,B,22505.0000,0.0000,0.0000,0.0000,0.0000,22705.0000,0.0000,0.0000,0.0000,0.0000,2,0,0,0,0,2,0,0,0,0
sc,ru1210,2012-06-29 09:09:00.000,22765.0000,206,0,0.0000,0.0000,0,0,多换,B,22505.0000,0.0000,0.0000,0.0000,0.0000,22650.0000,0.0000,0.0000,0.0000,0.0000,2,0,0,0,0,1,0,0,0,0
sc,ru1210,2012-06-29 09:09:00.500,22765.0000,206,0,0.0000,0.0000,0,0,多换,B,22505.0000,0.0000,0.0000,0.0000,0.0000,22640.0000,0.0000,0.0000,0.0000,0.0000,2,0,0,0,0,1,0,0,0,0
sc,ru1210,2012-06-29 09:09:01.000,22765.0000,206,0,0.0000,0.0000,0,0,多换,B,22505.0000,0.0000,0.0000,0.0000,0.0000,22640.0000,0.0000,0.0000,0.0000,0.0000,2,0,0,0,0,1,0,0,0,0
sc,ru1210,2012-06-29 09:09:01.500,22765.0000,206,0,0.0000,0.0000,0,0,多换,B,22505.0000,0.0000,0.0000,0.0000,0.0000,22635.0000,0.0000,0.0000,0.0000,0.0000,2,0,0,0,0,3,0,0,0,0
sc,ru1210,2012-06-29 09:09:02.000,22765.0000,206,0,0.0000,0.0000,0,0,多换,B,22505.0000,0.0000,0.0000,0.0000,0.0000,22615.0000,0.0000,0.0000,0.0000,0.0000,2,0,0,0,0,1,0,0,0,0
sc,ru1210,2012-06-29 09:09:02.500,22765.0000,206,0,0.0000,0.0000,0,0,多换,B,22505.0000,0.0000,0.0000,0.0000,0.0000,22605.0000,0.0000,0.0000,0.0000,0.0000,2,0,0,0,0,1,0,0,0,0
sc,ru1210,2012-06-29 09:09:03.000,22765.0000,206,0,0.0000,0.0000,0,0,多换,B,22500.0000,0.0000,0.0000,0.0000,0.0000,22600.0000,0.0000,0.0000,0.0000,0.0000,1,0,0,0,0,3,0,0,0,0
sc,ru1210,2012-06-29 09:09:03.500,22765.0000,206,0,0.0000,0.0000,0,0,多换,B,22505.0000,0.0000,0.0000,0.0000,0.0000,22600.0000,0.0000,0.0000,0.0000,0.0000,2,0,0,0,0,5,0,0,0,0
sc,ru1210,2012-06-29 09:09:04.500,22765.0000,206,0,0.0000,0.0000,0,0,多换,B,22505.0000,0.0000,0.0000,0.0000,0.0000,22595.0000,0.0000,0.0000,0.0000,0.0000,2,0,0,0,0,1,0,0,0,0
sc,ru1210,2012-06-29 09:09:05.000,22765.0000,206,0,0.0000,0.0000,0,0,多换,B,22510.0000,0.0000,0.0000,0.0000,0.0000,22595.0000,0.0000,0.0000,0.0000,0.0000,1,0,0,0,0,1,0,0,0,0
sc,ru1210,2012-06-29 09:09:05.500,22765.0000,206,0,0.0000,0.0000,0,0,多换,B,22510.0000,0.0000,0.0000,0.0000,0.0000,22590.0000,0.0000,0.0000,0.0000,0.0000,1,0,0,0,0,4,0,0,0,0
sc,ru1210,2012-06-29 09:09:06.000,22765.0000,206,0,0.0000,0.0000,0,0,多换,B,22515.0000,0.0000,0.0000,0.0000,0.0000,22590.0000,0.0000,0.0000,0.0000,0.0000,1,0,0,0,0,5,0,0,0,0
sc,ru1210,2012-06-29 09:09:07.000,22765.0000,206,0,0.0000,0.0000,0,0,多换,B,22515.0000,0.0000,0.0000,0.0000,0.0000,22585.0000,0.0000,0.0000,0.0000,0.0000,1,0,0,0,0,2,0,0,0,0
sc,ru1210,2012-06-29 09:09:07.500,22765.0000,206,0,0.0000,0.0000,0,0,多换,B,22515.0000,0.0000,0.0000,0.0000,0.0000,22585.0000,0.0000,0.0000,0.0000,0.0000,1,0,0,0,0,2,0,0,0,0
sc,ru1210,2012-06-29 09:09:08.000,22765.0000,206,0,0.0000,0.0000,0,0,多换,B,22515.0000,0.0000,0.0000,0.0000,0.0000,22580.0000,0.0000,0.0000,0.0000,0.0000,1,0,0,0,0,4,0,0,0,0
sc,ru1210,2012-06-29 09:09:09.000,22765.0000,206,0,0.0000,0.0000,0,0,多换,B,22515.0000,0.0000,0.0000,0.0000,0.0000,22580.0000,0.0000,0.0000,0.0000,0.0000,1,0,0,0,0,4,0,0,0,0
sc,ru1210,2012-06-29 09:09:10.500,22765.0000,206,0,0.0000,0.0000,0,0,多换,B,22515.0000,0.0000,0.0000,0.0000,0.0000,22580.0000,0.0000,0.0000,0.0000,0.0000,1,0,0,0,0,4,0,0,0,0
sc,ru1210,2012-06-29 09:09:11.000,22765.0000,206,0,0.0000,0.0000,0,0,多换,B,22515.0000,0.0000,0.0000,0.0000,0.0000,22575.0000,0.0000,0.0000,0.0000,0.0000,1,0,0,0,0,1,0,0,0,0
sc,ru1210,2012-06-29 09:09:11.500,22765.0000,206,0,0.0000,0.0000,0,0,多换,B,22515.0000,0.0000,0.0000,0.0000,0.0000,22575.0000,0.0000,0.0000,0.0000,0.0000,1,0,0,0,0,2,0,0,0,0
sc,ru1210,2012-06-29 09:09:34.000,22765.0000,206,0,0.0000,0.0000,0,0,多换,B,22515.0000,0.0000,0.0000,0.0000,0.0000,22575.0000,0.0000,0.0000,0.0000,0.0000,1,0,0,0,0,2,0,0,0,0
sc,ru1210,2012-06-29 09:09:42.500,22765.0000,206,0,0.0000,0.0000,0,0,多换,B,22515.0000,0.0000,0.0000,0.0000,0.0000,22570.0000,0.0000,0.0000,0.0000,0.0000,1,0,0,0,0,4,0,0,0,0
sc,ru1210,2012-06-29 09:09:44.000,22765.0000,206,0,0.0000,0.0000,0,0,多换,B,22515.0000,0.0000,0.0000,0.0000,0.0000,22565.0000,0.0000,0.0000,0.0000,0.0000,1,0,0,0,0,1,0,0,0,0
sc,ru1210,2012-06-29 09:09:44.500,22765.0000,206,0,0.0000,0.0000,0,0,多换,B,22515.0000,0.0000,0.0000,0.0000,0.0000,22565.0000,0.0000,0.0000,0.0000,0.0000,1,0,0,0,0,1,0,0,0,0
sc,ru1210,2012-06-29 09:09:46.000,22765.0000,206,0,0.0000,0.0000,0,0,多换,B,22515.0000,0.0000,0.0000,0.0000,0.0000,22575.0000,0.0000,0.0000,0.0000,0.0000,1,0,0,0,0,1,0,0,0,0
sc,ru1210,2012-06-29 09:09:46.500,22765.0000,206,0,0.0000,0.0000,0,0,多换,B,22515.0000,0.0000,0.0000,0.0000,0.0000,22570.0000,0.0000,0.0000,0.0000,0.0000,1,0,0,0,0,4,0,0,0,0
sc,ru1210,2012-06-29 09:09:52.000,22765.0000,206,0,0.0000,0.0000,0,0,多换,B,22515.0000,0.0000,0.0000,0.0000,0.0000,22570.0000,0.0000,0.0000,0.0000,0.0000,1,0,0,0,0,4,0,0,0,0
sc,ru1210,2012-06-29 09:09:53.000,22765.0000,206,0,0.0000,0.0000,0,0,多换,B,22515.0000,0.0000,0.0000,0.0000,0.0000,22565.0000,0.0000,0.0000,0.0000,0.0000,1,0,0,0,0,1,0,0,0,0
sc,ru1210,2012-06-29 09:09:53.500,22765.0000,206,0,0.0000,0.0000,0,0,多换,B,22515.0000,0.0000,0.0000,0.0000,0.0000,22565.0000,0.0000,0.0000,0.0000,0.0000,1,0,0,0,0,1,0,0,0,0
sc,ru1210,2012-06-29 09:10:01.500,22765.0000,206,0,0.0000,0.0000,0,0,多换,B,22515.0000,0.0000,0.0000,0.0000,0.0000,22635.0000,0.0000,0.0000,0.0000,0.0000,1,0,0,0,0,10,0,0,0,0
sc,ru1210,2012-06-29 09:10:02.000,22765.0000,206,0,0.0000,0.0000,0,0,多换,B,22515.0000,0.0000,0.0000,0.0000,0.0000,22615.0000,0.0000,0.0000,0.0000,0.0000,1,0,0,0,0,1,0,0,0,0
sc,ru1210,2012-06-29 09:10:02.500,22765.0000,206,0,0.0000,0.0000,0,0,多换,B,22515.0000,0.0000,0.0000,0.0000,0.0000,22605.0000,0.0000,0.0000,0.0000,0.0000,1,0,0,0,0,1,0,0,0,0
sc,ru1210,2012-06-29 09:10:03.000,22765.0000,206,0,0.0000,0.0000,0,0,多换,B,22515.0000,0.0000,0.0000,0.0000,0.0000,22605.0000,0.0000,0.0000,0.0000,0.0000,1,0,0,0,0,1,0,0,0,0
sc,ru1210,2012-06-29 09:10:03.500,22765.0000,206,0,0.0000,0.0000,0,0,多换,B,22515.0000,0.0000,0.0000,0.0000,0.0000,22600.0000,0.0000,0.0000,0.0000,0.0000,1,0,0,0,0,4,0,0,0,0
sc,ru1210,2012-06-29 09:10:04.000,22765.0000,206,0,0.0000,0.0000,0,0,多换,B,22515.0000,0.0000,0.0000,0.0000,0.0000,22595.0000,0.0000,0.0000,0.0000,0.0000,1,0,0,0,0,1,0,0,0,0
sc,ru1210,2012-06-29 09:10:04.500,22765.0000,206,0,0.0000,0.0000,0,0,多换,B,22515.0000,0.0000,0.0000,0.0000,0.0000,22595.0000,0.0000,0.0000,0.0000,0.0000,1,0,0,0,0,1,0,0,0,0
sc,ru1210,2012-06-29 09:10:05.000,22765.0000,206,0,0.0000,0.0000,0,0,多换,B,22515.0000,0.0000,0.0000,0.0000,0.0000,22590.0000,0.0000,0.0000,0.0000,0.0000,1,0,0,0,0,4,0,0,0,0
sc,ru1210,2012-06-29 09:10:06.000,22765.0000,206,0,0.0000,0.0000,0,0,多换,B,22515.0000,0.0000,0.0000,0.0000,0.0000,22585.0000,0.0000,0.0000,0.0000,0.0000,1,0,0,0,0,1,0,0,0,0
sc,ru1210,2012-06-29 09:10:06.500,22765.0000,206,0,0.0000,0.0000,0,0,多换,B,22515.0000,0.0000,0.0000,0.0000,0.0000,22585.0000,0.0000,0.0000,0.0000,0.0000,1,0,0,0,0,1,0,0,0,0
sc,ru1210,2012-06-29 09:10:12.000,22765.0000,206,0,0.0000,0.0000,0,0,多换,B,22515.0000,0.0000,0.0000,0.0000,0.0000,22580.0000,0.0000,0.0000,0.0000,0.0000,1,0,0,0,0,1,0,0,0,0
sc,ru1210,2012-06-29 09:10:12.500,22765.0000,206,0,0.0000,0.0000,0,0,多换,B,22515.0000,0.0000,0.0000,0.0000,0.0000,22580.0000,0.0000,0.0000,0.0000,0.0000,1,0,0,0,0,4,0,0,0,0
sc,ru1210,2012-06-29 09:10:19.000,22765.0000,206,0,0.0000,0.0000,0,0,多换,B,22515.0000,0.0000,0.0000,0.0000,0.0000,22580.0000,0.0000,0.0000,0.0000,0.0000,1,0,0,0,0,4,0,0,0,0
sc,ru1210,2012-06-29 09:10:20.000,22765.0000,206,0,0.0000,0.0000,0,0,多换,B,22515.0000,0.0000,0.0000,0.0000,0.0000,22575.0000,0.0000,0.0000,0.0000,0.0000,1,0,0,0,0,1,0,0,0,0
sc,ru1210,2012-06-29 09:10:20.500,22765.0000,206,0,0.0000,0.0000,0,0,多换,B,22515.0000,0.0000,0.0000,0.0000,0.0000,22575.0000,0.0000,0.0000,0.0000,0.0000,1,0,0,0,0,1,0,0,0,0
sc,ru1210,2012-06-29 09:10:44.000,22765.0000,206,0,0.0000,0.0000,0,0,多换,B,22515.0000,0.0000,0.0000,0.0000,0.0000,22570.0000,0.0000,0.0000,0.0000,0.0000,1,0,0,0,0,4,0,0,0,0
sc,ru1210,2012-06-29 09:10:56.500,22765.0000,206,0,0.0000,0.0000,0,0,多换,B,22515.0000,0.0000,0.0000,0.0000,0.0000,22565.0000,0.0000,0.0000,0.0000,0.0000,1,0,0,0,0,1,0,0,0,0
sc,ru1210,2012-06-29 09:10:57.000,22765.0000,206,0,0.0000,0.0000,0,0,多换,B,22515.0000,0.0000,0.0000,0.0000,0.0000,22565.0000,0.0000,0.0000,0.0000,0.0000,1,0,0,0,0,1,0,0,0,0
sc,ru1210,2012-06-29 09:10:58.000,22765.0000,206,0,0.0000,0.0000,0,0,多换,B,22515.0000,0.0000,0.0000,0.0000,0.0000,22565.0000,0.0000,0.0000,0.0000,0.0000,1,0,0,0,0,1,0,0,0,0
sc,ru1210,2012-06-29 09:13:17.500,22765.0000,206,0,0.0000,0.0000,0,0,多换,B,22515.0000,0.0000,0.0000,0.0000,0.0000,22560.0000,0.0000,0.0000,0.0000,0.0000,1,0,0,0,0,3,0,0,0,0
sc,ru1210,2012-06-29 09:13:27.000,22765.0000,206,0,0.0000,0.0000,0,0,多换,B,22515.0000,0.0000,0.0000,0.0000,0.0000,22560.0000,0.0000,0.0000,0.0000,0.0000,1,0,0,0,0,3,0,0,0,0
sc,ru1210,2012-06-29 09:13:47.500,22765.0000,206,0,0.0000,0.0000,0,0,多换,B,22515.0000,0.0000,0.0000,0.0000,0.0000,22555.0000,0.0000,0.0000,0.0000,0.0000,1,0,0,0,0,3,0,0,0,0
sc,ru1210,2012-06-29 09:13:48.000,22765.0000,206,0,0.0000,0.0000,0,0,多换,B,22515.0000,0.0000,0.0000,0.0000,0.0000,22555.0000,0.0000,0.0000,0.0000,0.0000,1,0,0,0,0,3,0,0,0,0
sc,ru1210,2012-06-29 09:14:06.500,22765.0000,206,0,0.0000,0.0000,0,0,多换,B,22515.0000,0.0000,0.0000,0.0000,0.0000,22550.0000,0.0000,0.0000,0.0000,0.0000,1,0,0,0,0,3,0,0,0,0
sc,ru1210,2012-06-29 09:14:08.000,22765.0000,206,0,0.0000,0.0000,0,0,多换,B,22515.0000,0.0000,0.0000,0.0000,0.0000,22550.0000,0.0000,0.0000,0.0000,0.0000,1,0,0,0,0,3,0,0,0,0
sc,ru1210,2012-06-29 09:14:28.000,22765.0000,206,0,0.0000,0.0000,0,0,多换,B,22515.0000,0.0000,0.0000,0.0000,0.0000,22550.0000,0.0000,0.0000,0.0000,0.0000,1,0,0,0,0,3,0,0,0,0
sc,ru1210,2012-06-29 09:14:29.000,22765.0000,206,0,0.0000,0.0000,0,0,多换,B,22510.0000,0.0000,0.0000,0.0000,0.0000,22550.0000,0.0000,0.0000,0.0000,0.0000,1,0,0,0,0,3,0,0,0,0
sc,ru1210,2012-06-29 09:14:30.500,22765.0000,206,0,0.0000,0.0000,0,0,多换,B,22510.0000,0.0000,0.0000,0.0000,0.0000,22550.0000,0.0000,0.0000,0.0000,0.0000,1,0,0,0,0,3,0,0,0,0
sc,ru1210,2012-06-29 09:14:38.000,22765.0000,206,0,0.0000,0.0000,0,0,多换,B,22510.0000,0.0000,0.0000,0.0000,0.0000,22550.0000,0.0000,0.0000,0.0000,0.0000,1,0,0,0,0,3,0,0,0,0
sc,ru1210,2012-06-29 09:14:50.500,22765.0000,206,0,0.0000,0.0000,0,0,多换,B,22515.0000,0.0000,0.0000,0.0000,0.0000,22550.0000,0.0000,0.0000,0.0000,0.0000,1,0,0,0,0,3,0,0,0,0
sc,ru1210,2012-06-29 09:14:51.000,22765.0000,206,0,0.0000,0.0000,0,0,多换,B,22515.0000,0.0000,0.0000,0.0000,0.0000,22550.0000,0.0000,0.0000,0.0000,0.0000,1,0,0,0,0,3,0,0,0,0
sc,ru1210,2012-06-29 09:15:01.500,22765.0000,206,0,0.0000,0.0000,0,0,多换,B,22515.0000,0.0000,0.0000,0.0000,0.0000,22635.0000,0.0000,0.0000,0.0000,0.0000,1,0,0,0,0,10,0,0,0,0
sc,ru1210,2012-06-29 09:15:02.000,22765.0000,206,0,0.0000,0.0000,0,0,多换,B,22515.0000,0.0000,0.0000,0.0000,0.0000,22600.0000,0.0000,0.0000,0.0000,0.0000,1,0,0,0,0,3,0,0,0,0
sc,ru1210,2012-06-29 09:15:02.500,22765.0000,206,0,0.0000,0.0000,0,0,多换,B,22515.0000,0.0000,0.0000,0.0000,0.0000,22590.0000,0.0000,0.0000,0.0000,0.0000,1,0,0,0,0,1,0,0,0,0
sc,ru1210,2012-06-29 09:15:03.000,22765.0000,206,0,0.0000,0.0000,0,0,多换,B,22515.0000,0.0000,0.0000,0.0000,0.0000,22590.0000,0.0000,0.0000,0.0000,0.0000,1,0,0,0,0,1,0,0,0,0
sc,ru1210,2012-06-29 09:15:03.500,22765.0000,206,0,0.0000,0.0000,0,0,多换,B,22515.0000,0.0000,0.0000,0.0000,0.0000,22580.0000,0.0000,0.0000,0.0000,0.0000,1,0,0,0,0,1,0,0,0,0
sc,ru1210,2012-06-29 09:15:04.000,22765.0000,206,0,0.0000,0.0000,0,0,多换,B,22515.0000,0.0000,0.0000,0.0000,0.0000,22575.0000,0.0000,0.0000,0.0000,0.0000,1,0,0,0,0,3,0,0,0,0
sc,ru1210,2012-06-29 09:15:05.000,22765.0000,206,0,0.0000,0.0000,0,0,多换,B,22515.0000,0.0000,0.0000,0.0000,0.0000,22575.0000,0.0000,0.0000,0.0000,0.0000,1,0,0,0,0,3,0,0,0,0
sc,ru1210,2012-06-29 09:15:06.500,22765.0000,206,0,0.0000,0.0000,0,0,多换,B,22515.0000,0.0000,0.0000,0.0000,0.0000,22575.0000,0.0000,0.0000,0.0000,0.0000,1,0,0,0,0,3,0,0,0,0
sc,ru1210,2012-06-29 09:15:07.500,22765.0000,206,0,0.0000,0.0000,0,0,多换,B,22515.0000,0.0000,0.0000,0.0000,0.0000,22570.0000,0.0000,0.0000,0.0000,0.0000,1,0,0,0,0,1,0,0,0,0
sc,ru1210,2012-06-29 09:15:08.000,22765.0000,206,0,0.0000,0.0000,0,0,多换,B,22515.0000,0.0000,0.0000,0.0000,0.0000,22570.0000,0.0000,0.0000,0.0000,0.0000,1,0,0,0,0,1,0,0,0,0
sc,ru1210,2012-06-29 09:15:08.500,22765.0000,206,0,0.0000,0.0000,0,0,多换,B,22515.0000,0.0000,0.0000,0.0000,0.0000,22565.0000,0.0000,0.0000,0.0000,0.0000,1,0,0,0,0,3,0,0,0,0
sc,ru1210,2012-06-29 09:15:13.500,22765.0000,206,0,0.0000,0.0000,0,0,多换,B,22515.0000,0.0000,0.0000,0.0000,0.0000,22565.0000,0.0000,0.0000,0.0000,0.0000,1,0,0,0,0,3,0,0,0,0
sc,ru1210,2012-06-29 09:15:29.000,22765.0000,206,0,0.0000,0.0000,0,0,多换,B,22520.0000,0.0000,0.0000,0.0000,0.0000,22565.0000,0.0000,0.0000,0.0000,0.0000,1,0,0,0,0,3,0,0,0,0
sc,ru1210,2012-06-29 09:15:54.500,22765.0000,206,0,0.0000,0.0000,0,0,多换,B,22520.0000,0.0000,0.0000,0.0000,0.0000,22560.0000,0.0000,0.0000,0.0000,0.0000,1,0,0,0,0,1,0,0,0,0
sc,ru1210,2012-06-29 09:15:55.000,22765.0000,206,0,0.0000,0.0000,0,0,多换,B,22520.0000,0.0000,0.0000,0.0000,0.0000,22560.0000,0.0000,0.0000,0.0000,0.0000,1,0,0,0,0,1,0,0,0,0
sc,ru1210,2012-06-29 09:16:06.500,22765.0000,206,0,0.0000,0.0000,0,0,多换,B,22520.0000,0.0000,0.0000,0.0000,0.0000,22555.0000,0.0000,0.0000,0.0000,0.0000,2,0,0,0,0,3,0,0,0,0
sc,ru1210,2012-06-29 09:16:08.000,22765.0000,206,0,0.0000,0.0000,0,0,多换,B,22520.0000,0.0000,0.0000,0.0000,0.0000,22555.0000,0.0000,0.0000,0.0000,0.0000,1,0,0,0,0,3,0,0,0,0
sc,ru1210,2012-06-29 09:16:44.000,22765.0000,206,0,0.0000,0.0000,0,0,多换,B,22520.0000,0.0000,0.0000,0.0000,0.0000,22555.0000,0.0000,0.0000,0.0000,0.0000,1,0,0,0,0,3,0,0,0,0
sc,ru1210,2012-06-29 09:16:45.000,22765.0000,206,0,0.0000,0.0000,0,0,多换,B,22520.0000,0.0000,0.0000,0.0000,0.0000,22550.0000,0.0000,0.0000,0.0000,0.0000,1,0,0,0,0,1,0,0,0,0
sc,ru1210,2012-06-29 09:16:45.500,22765.0000,206,0,0.0000,0.0000,0,0,多换,B,22520.0000,0.0000,0.0000,0.0000,0.0000,22550.0000,0.0000,0.0000,0.0000,0.0000,1,0,0,0,0,1,0,0,0,0
sc,ru1210,2012-06-29 09:16:46.000,22765.0000,206,0,0.0000,0.0000,0,0,多换,B,22520.0000,0.0000,0.0000,0.0000,0.0000,22545.0000,0.0000,0.0000,0.0000,0.0000,1,0,0,0,0,3,0,0,0,0
sc,ru1210,2012-06-29 09:16:50.000,22765.0000,206,0,0.0000,0.0000,0,0,多换,B,22470.0000,0.0000,0.0000,0.0000,0.0000,22545.0000,0.0000,0.0000,0.0000,0.0000,1,0,0,0,0,3,0,0,0,0
sc,ru1210,2012-06-29 09:16:50.500,22765.0000,206,0,0.0000,0.0000,0,0,多换,B,22480.0000,0.0000,0.0000,0.0000,0.0000,22545.0000,0.0000,0.0000,0.0000,0.0000,1,0,0,0,0,3,0,0,0,0
sc,ru1210,2012-06-29 09:16:51.000,22765.0000,206,0,0.0000,0.0000,0,0,多换,B,22480.0000,0.0000,0.0000,0.0000,0.0000,22545.0000,0.0000,0.0000,0.0000,0.0000,1,0,0,0,0,3,0,0,0,0
sc,ru1210,2012-06-29 09:16:52.000,22765.0000,206,0,0.0000,0.0000,0,0,多换,B,22480.0000,0.0000,0.0000,0.0000,0.0000,22540.0000,0.0000,0.0000,0.0000,0.0000,1,0,0,0,0,1,0,0,0,0
sc,ru1210,2012-06-29 09:16:52.500,22765.0000,206,0,0.0000,0.0000,0,0,多换,B,22480.0000,0.0000,0.0000,0.0000,0.0000,22540.0000,0.0000,0.0000,0.0000,0.0000,1,0,0,0,0,1,0,0,0,0
sc,ru1210,2012-06-29 09:16:53.000,22765.0000,206,0,0.0000,0.0000,0,0,多换,B,22480.0000,0.0000,0.0000,0.0000,0.0000,22540.0000,0.0000,0.0000,0.0000,0.0000,1,0,0,0,0,1,0,0,0,0
sc,ru1210,2012-06-29 09:16:55.000,22765.0000,206,0,0.0000,0.0000,0,0,多换,B,22485.0000,0.0000,0.0000,0.0000,0.0000,22540.0000,0.0000,0.0000,0.0000,0.0000,1,0,0,0,0,1,0,0,0,0
sc,ru1210,2012-06-29 09:17:22.500,22765.0000,206,0,0.0000,0.0000,0,0,多换,B,22485.0000,0.0000,0.0000,0.0000,0.0000,22535.0000,0.0000,0.0000,0.0000,0.0000,1,0,0,0,0,3,0,0,0,0
sc,ru1210,2012-06-29 09:17:36.000,22765.0000,206,0,0.0000,0.0000,0,0,多换,B,22480.0000,0.0000,0.0000,0.0000,0.0000,22535.0000,0.0000,0.0000,0.0000,0.0000,1,0,0,0,0,3,0,0,0,0
sc,ru1210,2012-06-29 09:17:38.500,22765.0000,206,0,0.0000,0.0000,0,0,多换,B,22485.0000,0.0000,0.0000,0.0000,0.0000,22535.0000,0.0000,0.0000,0.0000,0.0000,1,0,0,0,0,3,0,0,0,0
sc,ru1210,2012-06-29 09:17:59.500,22765.0000,206,0,0.0000,0.0000,0,0,多换,B,22480.0000,0.0000,0.0000,0.0000,0.0000,22535.0000,0.0000,0.0000,0.0000,0.0000,1,0,0,0,0,3,0,0,0,0
sc,ru1210,2012-06-29 09:18:01.500,22765.0000,206,0,0.0000,0.0000,0,0,多换,B,22480.0000,0.0000,0.0000,0.0000,0.0000,22535.0000,0.0000,0.0000,0.0000,0.0000,1,0,0,0,0,3,0,0,0,0
sc,ru1210,2012-06-29 09:18:02.500,22765.0000,206,0,0.0000,0.0000,0,0,多换,B,22485.0000,0.0000,0.0000,0.0000,0.0000,22535.0000,0.0000,0.0000,0.0000,0.0000,1,0,0,0,0,3,0,0,0,0
sc,ru1210,2012-06-29 09:18:03.000,22765.0000,206,0,0.0000,0.0000,0,0,多换,B,22485.0000,0.0000,0.0000,0.0000,0.0000,22530.0000,0.0000,0.0000,0.0000,0.0000,1,0,0,0,0,1,0,0,0,0
sc,ru1210,2012-06-29 09:18:03.500,22765.0000,206,0,0.0000,0.0000,0,0,多换,B,22485.0000,0.0000,0.0000,0.0000,0.0000,22530.0000,0.0000,0.0000,0.0000,0.0000,1,0,0,0,0,2,0,0,0,0
sc,ru1210,2012-06-29 09:18:04.000,22765.0000,206,0,0.0000,0.0000,0,0,多换,B,22485.0000,0.0000,0.0000,0.0000,0.0000,22525.0000,0.0000,0.0000,0.0000,0.0000,1,0,0,0,0,3,0,0,0,0
sc,ru1210,2012-06-29 09:18:04.500,22765.0000,206,0,0.0000,0.0000,0,0,多换,B,22485.0000,0.0000,0.0000,0.0000,0.0000,22525.0000,0.0000,0.0000,0.0000,0.0000,1,0,0,0,0,3,0,0,0,0
sc,ru1210,2012-06-29 09:18:05.000,22765.0000,206,0,0.0000,0.0000,0,0,多换,B,22480.0000,0.0000,0.0000,0.0000,0.0000,22525.0000,0.0000,0.0000,0.0000,0.0000,1,0,0,0,0,3,0,0,0,0
sc,ru1210,2012-06-29 09:18:07.500,22765.0000,206,0,0.0000,0.0000,0,0,多换,B,22350.0000,0.0000,0.0000,0.0000,0.0000,22520.0000,0.0000,0.0000,0.0000,0.0000,1,0,0,0,0,1,0,0,0,0
sc,ru1210,2012-06-29 09:18:08.000,22765.0000,206,0,0.0000,0.0000,0,0,多换,B,22440.0000,0.0000,0.0000,0.0000,0.0000,22520.0000,0.0000,0.0000,0.0000,0.0000,1,0,0,0,0,1,0,0,0,0
sc,ru1210,2012-06-29 09:18:08.500,22765.0000,206,0,0.0000,0.0000,0,0,多换,B,22445.0000,0.0000,0.0000,0.0000,0.0000,22515.0000,0.0000,0.0000,0.0000,0.0000,2,0,0,0,0,3,0,0,0,0
sc,ru1210,2012-06-29 09:18:09.000,22765.0000,206,0,0.0000,0.0000,0,0,多换,B,22445.0000,0.0000,0.0000,0.0000,0.0000,22515.0000,0.0000,0.0000,0.0000,0.0000,2,0,0,0,0,3,0,0,0,0
sc,ru1210,2012-06-29 09:18:09.500,22765.0000,206,0,0.0000,0.0000,0,0,多换,B,22445.0000,0.0000,0.0000,0.0000,0.0000,22515.0000,0.0000,0.0000,0.0000,0.0000,2,0,0,0,0,3,0,0,0,0
sc,ru1210,2012-06-29 09:18:10.000,22765.0000,206,0,0.0000,0.0000,0,0,多换,B,22455.0000,0.0000,0.0000,0.0000,0.0000,22515.0000,0.0000,0.0000,0.0000,0.0000,1,0,0,0,0,3,0,0,0,0
sc,ru1210,2012-06-29 09:18:10.500,22765.0000,206,0,0.0000,0.0000,0,0,多换,B,22455.0000,0.0000,0.0000,0.0000,0.0000,22515.0000,0.0000,0.0000,0.0000,0.0000,1,0,0,0,0,3,0,0,0,0
sc,ru1210,2012-06-29 09:18:15.000,22765.0000,206,0,0.0000,0.0000,0,0,多换,B,22455.0000,0.0000,0.0000,0.0000,0.0000,22515.0000,0.0000,0.0000,0.0000,0.0000,3,0,0,0,0,3,0,0,0,0
sc,ru1210,2012-06-29 09:18:20.500,22765.0000,206,0,0.0000,0.0000,0,0,多换,B,22460.0000,0.0000,0.0000,0.0000,0.0000,22515.0000,0.0000,0.0000,0.0000,0.0000,1,0,0,0,0,3,0,0,0,0
sc,ru1210,2012-06-29 09:18:24.500,22765.0000,206,0,0.0000,0.0000,0,0,多换,B,22460.0000,0.0000,0.0000,0.0000,0.0000,22530.0000,0.0000,0.0000,0.0000,0.0000,3,0,0,0,0,1,0,0,0,0
sc,ru1210,2012-06-29 09:18:25.500,22765.0000,206,0,0.0000,0.0000,0,0,多换,B,22460.0000,0.0000,0.0000,0.0000,0.0000,22530.0000,0.0000,0.0000,0.0000,0.0000,3,0,0,0,0,1,0,0,0,0
sc,ru1210,2012-06-29 09:18:35.500,22765.0000,206,0,0.0000,0.0000,0,0,多换,B,22465.0000,0.0000,0.0000,0.0000,0.0000,22530.0000,0.0000,0.0000,0.0000,0.0000,2,0,0,0,0,1,0,0,0,0
sc,ru1210,2012-06-29 09:18:36.000,22765.0000,206,0,0.0000,0.0000,0,0,多换,B,22465.0000,0.0000,0.0000,0.0000,0.0000,22530.0000,0.0000,0.0000,0.0000,0.0000,2,0,0,0,0,1,0,0,0,0
sc,ru1210,2012-06-29 09:18:36.500,22765.0000,206,0,0.0000,0.0000,0,0,多换,B,22475.0000,0.0000,0.0000,0.0000,0.0000,22530.0000,0.0000,0.0000,0.0000,0.0000,1,0,0,0,0,1,0,0,0,0
sc,ru1210,2012-06-29 09:18:39.000,22765.0000,206,0,0.0000,0.0000,0,0,多换,B,22475.0000,0.0000,0.0000,0.0000,0.0000,22530.0000,0.0000,0.0000,0.0000,0.0000,1,0,0,0,0,1,0,0,0,0
sc,ru1210,2012-06-29 09:18:39.500,22765.0000,206,0,0.0000,0.0000,0,0,多换,B,22480.0000,0.0000,0.0000,0.0000,0.0000,22530.0000,0.0000,0.0000,0.0000,0.0000,1,0,0,0,0,1,0,0,0,0
sc,ru1210,2012-06-29 09:18:47.000,22765.0000,206,0,0.0000,0.0000,0,0,多换,B,22480.0000,0.0000,0.0000,0.0000,0.0000,22530.0000,0.0000,0.0000,0.0000,0.0000,1,0,0,0,0,1,0,0,0,0
sc,ru1210,2012-06-29 09:19:07.500,22765.0000,206,0,0.0000,0.0000,0,0,多换,B,22480.0000,0.0000,0.0000,0.0000,0.0000,22525.0000,0.0000,0.0000,0.0000,0.0000,1,0,0,0,0,3,0,0,0,0
sc,ru1210,2012-06-29 09:19:09.500,22765.0000,206,0,0.0000,0.0000,0,0,多换,B,22475.0000,0.0000,0.0000,0.0000,0.0000,22525.0000,0.0000,0.0000,0.0000,0.0000,1,0,0,0,0,3,0,0,0,0
sc,ru1210,2012-06-29 09:19:12.500,22765.0000,206,0,0.0000,0.0000,0,0,多换,B,22480.0000,0.0000,0.0000,0.0000,0.0000,22525.0000,0.0000,0.0000,0.0000,0.0000,1,0,0,0,0,3,0,0,0,0
sc,ru1210,2012-06-29 09:19:47.000,22765.0000,206,0,0.0000,0.0000,0,0,多换,B,22475.0000,0.0000,0.0000,0.0000,0.0000,22525.0000,0.0000,0.0000,0.0000,0.0000,1,0,0,0,0,3,0,0,0,0
sc,ru1210,2012-06-29 09:20:14.000,22765.0000,206,0,0.0000,0.0000,0,0,多换,B,22475.0000,0.0000,0.0000,0.0000,0.0000,22520.0000,0.0000,0.0000,0.0000,0.0000,1,0,0,0,0,1,0,0,0,0
sc,ru1210,2012-06-29 09:20:14.500,22765.0000,206,0,0.0000,0.0000,0,0,多换,B,22475.0000,0.0000,0.0000,0.0000,0.0000,22520.0000,0.0000,0.0000,0.0000,0.0000,1,0,0,0,0,1,0,0,0,0
sc,ru1210,2012-06-29 09:20:22.000,22765.0000,206,0,0.0000,0.0000,0,0,多换,B,22475.0000,0.0000,0.0000,0.0000,0.0000,22530.0000,0.0000,0.0000,0.0000,0.0000,1,0,0,0,0,1,0,0,0,0
sc,ru1210,2012-06-29 09:20:25.500,22765.0000,206,0,0.0000,0.0000,0,0,多换,B,22480.0000,0.0000,0.0000,0.0000,0.0000,22530.0000,0.0000,0.0000,0.0000,0.0000,1,0,0,0,0,1,0,0,0,0
sc,ru1210,2012-06-29 09:20:26.000,22765.0000,206,0,0.0000,0.0000,0,0,多换,B,22480.0000,0.0000,0.0000,0.0000,0.0000,22525.0000,0.0000,0.0000,0.0000,0.0000,1,0,0,0,0,3,0,0,0,0
sc,ru1210,2012-06-29 09:20:42.500,22765.0000,206,0,0.0000,0.0000,0,0,多换,B,22480.0000,0.0000,0.0000,0.0000,0.0000,22525.0000,0.0000,0.0000,0.0000,0.0000,1,0,0,0,0,3,0,0,0,0
sc,ru1210,2012-06-29 09:22:22.500,22765.0000,206,0,0.0000,0.0000,0,0,多换,B,22475.0000,0.0000,0.0000,0.0000,0.0000,22525.0000,0.0000,0.0000,0.0000,0.0000,1,0,0,0,0,3,0,0,0,0
sc,ru1210,2012-06-29 09:22:27.500,22765.0000,206,0,0.0000,0.0000,0,0,多换,B,22475.0000,0.0000,0.0000,0.0000,0.0000,22520.0000,0.0000,0.0000,0.0000,0.0000,1,0,0,0,0,1,0,0,0,0
sc,ru1210,2012-06-29 09:22:28.000,22765.0000,206,0,0.0000,0.0000,0,0,多换,B,22475.0000,0.0000,0.0000,0.0000,0.0000,22520.0000,0.0000,0.0000,0.0000,0.0000,1,0,0,0,0,1,0,0,0,0
sc,ru1210,2012-06-29 09:22:51.500,22765.0000,206,0,0.0000,0.0000,0,0,多换,B,22475.0000,0.0000,0.0000,0.0000,0.0000,22515.0000,0.0000,0.0000,0.0000,0.0000,1,0,0,0,0,3,0,0,0,0
sc,ru1210,2012-06-29 09:22:53.500,22765.0000,206,0,0.0000,0.0000,0,0,多换,B,22475.0000,0.0000,0.0000,0.0000,0.0000,22515.0000,0.0000,0.0000,0.0000,0.0000,1,0,0,0,0,3,0,0,0,0
sc,ru1210,2012-06-29 09:23:44.000,22765.0000,206,0,0.0000,0.0000,0,0,多换,B,22475.0000,0.0000,0.0000,0.0000,0.0000,22530.0000,0.0000,0.0000,0.0000,0.0000,1,0,0,0,0,1,0,0,0,0
sc,ru1210,2012-06-29 09:23:52.500,22765.0000,206,0,0.0000,0.0000,0,0,多换,B,22475.0000,0.0000,0.0000,0.0000,0.0000,22635.0000,0.0000,0.0000,0.0000,0.0000,1,0,0,0,0,10,0,0,0,0
sc,ru1210,2012-06-29 09:23:53.000,22765.0000,206,0,0.0000,0.0000,0,0,多换,B,22475.0000,0.0000,0.0000,0.0000,0.0000,22590.0000,0.0000,0.0000,0.0000,0.0000,1,0,0,0,0,3,0,0,0,0
sc,ru1210,2012-06-29 09:23:53.500,22765.0000,206,0,0.0000,0.0000,0,0,多换,B,22475.0000,0.0000,0.0000,0.0000,0.0000,22580.0000,0.0000,0.0000,0.0000,0.0000,1,0,0,0,0,1,0,0,0,0
sc,ru1210,2012-06-29 09:23:54.000,22765.0000,206,0,0.0000,0.0000,0,0,多换,B,22475.0000,0.0000,0.0000,0.0000,0.0000,22580.0000,0.0000,0.0000,0.0000,0.0000,1,0,0,0,0,1,0,0,0,0
sc,ru1210,2012-06-29 09:23:54.500,22765.0000,206,0,0.0000,0.0000,0,0,多换,B,22475.0000,0.0000,0.0000,0.0000,0.0000,22560.0000,0.0000,0.0000,0.0000,0.0000,1,0,0,0,0,3,0,0,0,0
sc,ru1210,2012-06-29 09:23:55.000,22765.0000,206,0,0.0000,0.0000,0,0,多换,B,22475.0000,0.0000,0.0000,0.0000,0.0000,22560.0000,0.0000,0.0000,0.0000,0.0000,1,0,0,0,0,4,0,0,0,0
sc,ru1210,2012-06-29 09:23:55.500,22765.0000,206,0,0.0000,0.0000,0,0,多换,B,22475.0000,0.0000,0.0000,0.0000,0.0000,22560.0000,0.0000,0.0000,0.0000,0.0000,1,0,0,0,0,4,0,0,0,0
sc,ru1210,2012-06-29 09:23:56.000,22765.0000,206,0,0.0000,0.0000,0,0,多换,B,22475.0000,0.0000,0.0000,0.0000,0.0000,22555.0000,0.0000,0.0000,0.0000,0.0000,1,0,0,0,0,2,0,0,0,0
sc,ru1210,2012-06-29 09:23:56.500,22765.0000,206,0,0.0000,0.0000,0,0,多换,B,22475.0000,0.0000,0.0000,0.0000,0.0000,22555.0000,0.0000,0.0000,0.0000,0.0000,1,0,0,0,0,2,0,0,0,0
sc,ru1210,2012-06-29 09:23:57.000,22765.0000,206,0,0.0000,0.0000,0,0,多换,B,22475.0000,0.0000,0.0000,0.0000,0.0000,22545.0000,0.0000,0.0000,0.0000,0.0000,1,0,0,0,0,3,0,0,0,0
sc,ru1210,2012-06-29 09:23:57.500,22765.0000,206,0,0.0000,0.0000,0,0,多换,B,22475.0000,0.0000,0.0000,0.0000,0.0000,22545.0000,0.0000,0.0000,0.0000,0.0000,1,0,0,0,0,3,0,0,0,0
sc,ru1210,2012-06-29 09:24:00.000,22765.0000,206,0,0.0000,0.0000,0,0,多换,B,22475.0000,0.0000,0.0000,0.0000,0.0000,22540.0000,0.0000,0.0000,0.0000,0.0000,1,0,0,0,0,1,0,0,0,0
sc,ru1210,2012-06-29 09:24:00.500,22765.0000,206,0,0.0000,0.0000,0,0,多换,B,22475.0000,0.0000,0.0000,0.0000,0.0000,22540.0000,0.0000,0.0000,0.0000,0.0000,1,0,0,0,0,1,0,0,0,0
sc,ru1210,2012-06-29 09:24:01.000,22765.0000,206,0,0.0000,0.0000,0,0,多换,B,22475.0000,0.0000,0.0000,0.0000,0.0000,22535.0000,0.0000,0.0000,0.0000,0.0000,1,0,0,0,0,3,0,0,0,0
sc,ru1210,2012-06-29 09:24:01.500,22765.0000,206,0,0.0000,0.0000,0,0,多换,B,22475.0000,0.0000,0.0000,0.0000,0.0000,22535.0000,0.0000,0.0000,0.0000,0.0000,1,0,0,0,0,3,0,0,0,0
sc,ru1210,2012-06-29 09:24:03.500,22765.0000,206,0,0.0000,0.0000,0,0,多换,B,22480.0000,0.0000,0.0000,0.0000,0.0000,22535.0000,0.0000,0.0000,0.0000,0.0000,1,0,0,0,0,3,0,0,0,0
sc,ru1210,2012-06-29 09:24:14.000,22765.0000,206,0,0.0000,0.0000,0,0,多换,B,22480.0000,0.0000,0.0000,0.0000,0.0000,22535.0000,0.0000,0.0000,0.0000,0.0000,1,0,0,0,0,3,0,0,0,0
sc,ru1210,2012-06-29 09:25:24.000,22765.0000,206,0,0.0000,0.0000,0,0,多换,B,22480.0000,0.0000,0.0000,0.0000,0.0000,22635.0000,0.0000,0.0000,0.0000,0.0000,3,0,0,0,0,10,0,0,0,0
sc,ru1210,2012-06-29 09:25:24.500,22765.0000,206,0,0.0000,0.0000,0,0,多换,B,22480.0000,0.0000,0.0000,0.0000,0.0000,22590.0000,0.0000,0.0000,0.0000,0.0000,1,0,0,0,0,3,0,0,0,0
sc,ru1210,2012-06-29 09:25:25.000,22765.0000,206,0,0.0000,0.0000,0,0,多换,B,22480.0000,0.0000,0.0000,0.0000,0.0000,22580.0000,0.0000,0.0000,0.0000,0.0000,1,0,0,0,0,1,0,0,0,0
sc,ru1210,2012-06-29 09:25:25.500,22765.0000,206,0,0.0000,0.0000,0,0,多换,B,22480.0000,0.0000,0.0000,0.0000,0.0000,22580.0000,0.0000,0.0000,0.0000,0.0000,1,0,0,0,0,1,0,0,0,0
sc,ru1210,2012-06-29 09:25:26.000,22765.0000,206,0,0.0000,0.0000,0,0,多换,B,22480.0000,0.0000,0.0000,0.0000,0.0000,22565.0000,0.0000,0.0000,0.0000,0.0000,1,0,0,0,0,3,0,0,0,0
sc,ru1210,2012-06-29 09:25:26.500,22765.0000,206,0,0.0000,0.0000,0,0,多换,B,22480.0000,0.0000,0.0000,0.0000,0.0000,22565.0000,0.0000,0.0000,0.0000,0.0000,1,0,0,0,0,4,0,0,0,0
sc,ru1210,2012-06-29 09:25:27.000,22765.0000,206,0,0.0000,0.0000,0,0,多换,B,22480.0000,0.0000,0.0000,0.0000,0.0000,22565.0000,0.0000,0.0000,0.0000,0.0000,1,0,0,0,0,4,0,0,0,0
sc,ru1210,2012-06-29 09:25:27.500,22765.0000,206,0,0.0000,0.0000,0,0,多换,B,22480.0000,0.0000,0.0000,0.0000,0.0000,22560.0000,0.0000,0.0000,0.0000,0.0000,1,0,0,0,0,1,0,0,0,0
sc,ru1210,2012-06-29 09:25:28.000,22765.0000,206,0,0.0000,0.0000,0,0,多换,B,22480.0000,0.0000,0.0000,0.0000,0.0000,22560.0000,0.0000,0.0000,0.0000,0.0000,1,0,0,0,0,1,0,0,0,0
sc,ru1210,2012-06-29 09:25:28.500,22765.0000,206,0,0.0000,0.0000,0,0,多换,B,22480.0000,0.0000,0.0000,0.0000,0.0000,22555.0000,0.0000,0.0000,0.0000,0.0000,1,0,0,0,0,3,0,0,0,0
sc,ru1210,2012-06-29 09:25:29.000,22765.0000,206,0,0.0000,0.0000,0,0,多换,B,22480.0000,0.0000,0.0000,0.0000,0.0000,22555.0000,0.0000,0.0000,0.0000,0.0000,1,0,0,0,0,3,0,0,0,0
sc,ru1210,2012-06-29 09:25:32.500,22765.0000,206,0,0.0000,0.0000,0,0,多换,B,22480.0000,0.0000,0.0000,0.0000,0.0000,22550.0000,0.0000,0.0000,0.0000,0.0000,1,0,0,0,0,1,0,0,0,0
sc,ru1210,2012-06-29 09:25:33.000,22765.0000,206,0,0.0000,0.0000,0,0,多换,B,22480.0000,0.0000,0.0000,0.0000,0.0000,22545.0000,0.0000,0.0000,0.0000,0.0000,1,0,0,0,0,1,0,0,0,0
sc,ru1210,2012-06-29 09:25:33.500,22765.0000,206,0,0.0000,0.0000,0,0,多换,B,22480.0000,0.0000,0.0000,0.0000,0.0000,22545.0000,0.0000,0.0000,0.0000,0.0000,1,0,0,0,0,4,0,0,0,0
sc,ru1210,2012-06-29 09:26:17.000,22765.0000,206,0,0.0000,0.0000,0,0,多换,B,22480.0000,0.0000,0.0000,0.0000,0.0000,22545.0000,0.0000,0.0000,0.0000,0.0000,1,0,0,0,0,4,0,0,0,0
sc,ru1210,2012-06-29 09:26:19.500,22765.0000,206,0,0.0000,0.0000,0,0,多换,B,22480.0000,0.0000,0.0000,0.0000,0.0000,22545.0000,0.0000,0.0000,0.0000,0.0000,1,0,0,0,0,4,0,0,0,0
sc,ru1210,2012-06-29 09:26:35.500,22765.0000,206,0,0.0000,0.0000,0,0,多换,B,22480.0000,0.0000,0.0000,0.0000,0.0000,22540.0000,0.0000,0.0000,0.0000,0.0000,1,0,0,0,0,1,0,0,0,0
sc,ru1210,2012-06-29 09:26:36.500,22765.0000,206,0,0.0000,0.0000,0,0,多换,B,22480.0000,0.0000,0.0000,0.0000,0.0000,22540.0000,0.0000,0.0000,0.0000,0.0000,1,0,0,0,0,1,0,0,0,0
sc,ru1210,2012-06-29 09:26:37.000,22765.0000,206,0,0.0000,0.0000,0,0,多换,B,22480.0000,0.0000,0.0000,0.0000,0.0000,22535.0000,0.0000,0.0000,0.0000,0.0000,1,0,0,0,0,3,0,0,0,0
sc,ru1210,2012-06-29 09:26:37.500,22765.0000,206,0,0.0000,0.0000,0,0,多换,B,22480.0000,0.0000,0.0000,0.0000,0.0000,22535.0000,0.0000,0.0000,0.0000,0.0000,1,0,0,0,0,3,0,0,0,0
sc,ru1210,2012-06-29 09:26:40.000,22765.0000,206,0,0.0000,0.0000,0,0,多换,B,22480.0000,0.0000,0.0000,0.0000,0.0000,22530.0000,0.0000,0.0000,0.0000,0.0000,1,0,0,0,0,1,0,0,0,0
sc,ru1210,2012-06-29 09:26:40.500,22765.0000,206,0,0.0000,0.0000,0,0,多换,B,22480.0000,0.0000,0.0000,0.0000,0.0000,22530.0000,0.0000,0.0000,0.0000,0.0000,1,0,0,0,0,1,0,0,0,0
sc,ru1210,2012-06-29 09:26:41.500,22765.0000,206,0,0.0000,0.0000,0,0,多换,B,22475.0000,0.0000,0.0000,0.0000,0.0000,22530.0000,0.0000,0.0000,0.0000,0.0000,1,0,0,0,0,1,0,0,0,0
sc,ru1210,2012-06-29 09:26:44.000,22765.0000,206,0,0.0000,0.0000,0,0,多换,B,22475.0000,0.0000,0.0000,0.0000,0.0000,22525.0000,0.0000,0.0000,0.0000,0.0000,1,0,0,0,0,3,0,0,0,0
sc,ru1210,2012-06-29 09:26:44.500,22765.0000,206,0,0.0000,0.0000,0,0,多换,B,22475.0000,0.0000,0.0000,0.0000,0.0000,22525.0000,0.0000,0.0000,0.0000,0.0000,1,0,0,0,0,3,0,0,0,0
sc,ru1210,2012-06-29 09:27:05.000,22765.0000,206,0,0.0000,0.0000,0,0,多换,B,22475.0000,0.0000,0.0000,0.0000,0.0000,22525.0000,0.0000,0.0000,0.0000,0.0000,1,0,0,0,0,3,0,0,0,0
sc,ru1210,2012-06-29 09:27:11.000,22765.0000,206,0,0.0000,0.0000,0,0,多换,B,22475.0000,0.0000,0.0000,0.0000,0.0000,22520.0000,0.0000,0.0000,0.0000,0.0000,1,0,0,0,0,1,0,0,0,0
sc,ru1210,2012-06-29 09:27:11.500,22765.0000,206,0,0.0000,0.0000,0,0,多换,B,22475.0000,0.0000,0.0000,0.0000,0.0000,22520.0000,0.0000,0.0000,0.0000,0.0000,1,0,0,0,0,1,0,0,0,0
sc,ru1210,2012-06-29 09:27:12.000,22765.0000,206,0,0.0000,0.0000,0,0,多换,B,22475.0000,0.0000,0.0000,0.0000,0.0000,22515.0000,0.0000,0.0000,0.0000,0.0000,1,0,0,0,0,3,0,0,0,0
sc,ru1210,2012-06-29 09:27:12.500,22765.0000,206,0,0.0000,0.0000,0,0,多换,B,22475.0000,0.0000,0.0000,0.0000,0.0000,22515.0000,0.0000,0.0000,0.0000,0.0000,1,0,0,0,0,3,0,0,0,0
sc,ru1210,2012-06-29 09:27:13.000,22765.0000,206,0,0.0000,0.0000,0,0,多换,B,22440.0000,0.0000,0.0000,0.0000,0.0000,22515.0000,0.0000,0.0000,0.0000,0.0000,1,0,0,0,0,3,0,0,0,0
sc,ru1210,2012-06-29 09:27:13.500,22765.0000,206,0,0.0000,0.0000,0,0,多换,B,22450.0000,0.0000,0.0000,0.0000,0.0000,22515.0000,0.0000,0.0000,0.0000,0.0000,1,0,0,0,0,3,0,0,0,0
sc,ru1210,2012-06-29 09:27:17.000,22765.0000,206,0,0.0000,0.0000,0,0,多换,B,22450.0000,0.0000,0.0000,0.0000,0.0000,22510.0000,0.0000,0.0000,0.0000,0.0000,1,0,0,0,0,1,0,0,0,0
sc,ru1210,2012-06-29 09:27:17.500,22765.0000,206,0,0.0000,0.0000,0,0,多换,B,22450.0000,0.0000,0.0000,0.0000,0.0000,22510.0000,0.0000,0.0000,0.0000,0.0000,1,0,0,0,0,1,0,0,0,0
sc,ru1210,2012-06-29 09:27:18.500,22765.0000,206,0,0.0000,0.0000,0,0,多换,B,22455.0000,0.0000,0.0000,0.0000,0.0000,22510.0000,0.0000,0.0000,0.0000,0.0000,1,0,0,0,0,1,0,0,0,0
sc,ru1210,2012-06-29 09:27:23.000,22765.0000,206,0,0.0000,0.0000,0,0,多换,B,22455.0000,0.0000,0.0000,0.0000,0.0000,22510.0000,0.0000,0.0000,0.0000,0.0000,1,0,0,0,0,1,0,0,0,0
sc,ru1210,2012-06-29 09:27:23.500,22765.0000,206,0,0.0000,0.0000,0,0,多换,B,22455.0000,0.0000,0.0000,0.0000,0.0000,22505.0000,0.0000,0.0000,0.0000,0.0000,1,0,0,0,0,3,0,0,0,0
sc,ru1210,2012-06-29 09:27:28.500,22765.0000,206,0,0.0000,0.0000,0,0,多换,B,22450.0000,0.0000,0.0000,0.0000,0.0000,22505.0000,0.0000,0.0000,0.0000,0.0000,1,0,0,0,0,3,0,0,0,0
sc,ru1210,2012-06-29 09:27:29.000,22765.0000,206,0,0.0000,0.0000,0,0,多换,B,22450.0000,0.0000,0.0000,0.0000,0.0000,22505.0000,0.0000,0.0000,0.0000,0.0000,1,0,0,0,0,3,0,0,0,0
sc,ru1210,2012-06-29 09:27:31.000,22765.0000,206,0,0.0000,0.0000,0,0,多换,B,22450.0000,0.0000,0.0000,0.0000,0.0000,22505.0000,0.0000,0.0000,0.0000,0.0000,1,0,0,0,0,3,0,0,0,0
sc,ru1210,2012-06-29 09:27:31.500,22765.0000,206,0,0.0000,0.0000,0,0,多换,B,22450.0000,0.0000,0.0000,0.0000,0.0000,22500.0000,0.0000,0.0000,0.0000,0.0000,1,0,0,0,0,1,0,0,0,0
sc,ru1210,2012-06-29 09:27:32.000,22765.0000,206,0,0.0000,0.0000,0,0,多换,B,22450.0000,0.0000,0.0000,0.0000,0.0000,22495.0000,0.0000,0.0000,0.0000,0.0000,1,0,0,0,0,1,0,0,0,0
sc,ru1210,2012-06-29 09:27:32.500,22765.0000,206,0,0.0000,0.0000,0,0,多换,B,22450.0000,0.0000,0.0000,0.0000,0.0000,22495.0000,0.0000,0.0000,0.0000,0.0000,1,0,0,0,0,4,0,0,0,0
sc,ru1210,2012-06-29 09:27:35.000,22765.0000,206,0,0.0000,0.0000,0,0,多换,B,22450.0000,0.0000,0.0000,0.0000,0.0000,22495.0000,0.0000,0.0000,0.0000,0.0000,1,0,0,0,0,3,0,0,0,0
sc,ru1210,2012-06-29 09:27:39.000,22765.0000,206,0,0.0000,0.0000,0,0,多换,B,22450.0000,0.0000,0.0000,0.0000,0.0000,22495.0000,0.0000,0.0000,0.0000,0.0000,1,0,0,0,0,3,0,0,0,0
sc,ru1210,2012-06-29 09:27:50.500,22495.0000,208,2,449900.0000,2.0000,2,0,双开,S,22450.0000,0.0000,0.0000,0.0000,0.0000,22495.0000,0.0000,0.0000,0.0000,0.0000,1,0,0,0,0,2,0,0,0,0
sc,ru1210,2012-06-29 09:27:51.000,22495.0000,208,0,0.0000,0.0000,0,0,空换,S,22450.0000,0.0000,0.0000,0.0000,0.0000,22635.0000,0.0000,0.0000,0.0000,0.0000,1,0,0,0,0,10,0,0,0,0
sc,ru1210,2012-06-29 09:27:51.500,22495.0000,208,0,0.0000,0.0000,0,0,空换,S,22450.0000,0.0000,0.0000,0.0000,0.0000,22570.0000,0.0000,0.0000,0.0000,0.0000,1,0,0,0,0,2,0,0,0,0
sc,ru1210,2012-06-29 09:27:52.000,22495.0000,208,0,0.0000,0.0000,0,0,空换,S,22455.0000,0.0000,0.0000,0.0000,0.0000,22560.0000,0.0000,0.0000,0.0000,0.0000,1,0,0,0,0,1,0,0,0,0
sc,ru1210,2012-06-29 09:27:52.500,22495.0000,208,0,0.0000,0.0000,0,0,空换,S,22455.0000,0.0000,0.0000,0.0000,0.0000,22560.0000,0.0000,0.0000,0.0000,0.0000,1,0,0,0,0,1,0,0,0,0
sc,ru1210,2012-06-29 09:27:53.000,22495.0000,208,0,0.0000,0.0000,0,0,空换,S,22455.0000,0.0000,0.0000,0.0000,0.0000,22535.0000,0.0000,0.0000,0.0000,0.0000,1,0,0,0,0,1,0,0,0,0
sc,ru1210,2012-06-29 09:27:53.500,22495.0000,208,0,0.0000,0.0000,0,0,空换,S,22455.0000,0.0000,0.0000,0.0000,0.0000,22525.0000,0.0000,0.0000,0.0000,0.0000,1,0,0,0,0,1,0,0,0,0
sc,ru1210,2012-06-29 09:27:54.000,22495.0000,208,0,0.0000,0.0000,0,0,空换,S,22455.0000,0.0000,0.0000,0.0000,0.0000,22525.0000,0.0000,0.0000,0.0000,0.0000,1,0,0,0,0,1,0,0,0,0
sc,ru1210,2012-06-29 09:27:54.500,22495.0000,208,0,0.0000,0.0000,0,0,空换,S,22455.0000,0.0000,0.0000,0.0000,0.0000,22520.0000,0.0000,0.0000,0.0000,0.0000,1,0,0,0,0,1,0,0,0,0
sc,ru1210,2012-06-29 09:27:55.000,22495.0000,208,0,0.0000,0.0000,0,0,空换,S,22455.0000,0.0000,0.0000,0.0000,0.0000,22515.0000,0.0000,0.0000,0.0000,0.0000,1,0,0,0,0,2,0,0,0,0
sc,ru1210,2012-06-29 09:27:56.000,22495.0000,208,0,0.0000,0.0000,0,0,空换,S,22455.0000,0.0000,0.0000,0.0000,0.0000,22510.0000,0.0000,0.0000,0.0000,0.0000,1,0,0,0,0,1,0,0,0,0
sc,ru1210,2012-06-29 09:27:56.500,22495.0000,208,0,0.0000,0.0000,0,0,空换,S,22455.0000,0.0000,0.0000,0.0000,0.0000,22510.0000,0.0000,0.0000,0.0000,0.0000,1,0,0,0,0,2,0,0,0,0
sc,ru1210,2012-06-29 09:27:57.000,22495.0000,208,0,0.0000,0.0000,0,0,空换,S,22455.0000,0.0000,0.0000,0.0000,0.0000,22505.0000,0.0000,0.0000,0.0000,0.0000,1,0,0,0,0,2,0,0,0,0
sc,ru1210,2012-06-29 09:27:57.500,22495.0000,208,0,0.0000,0.0000,0,0,空换,S,22455.0000,0.0000,0.0000,0.0000,0.0000,22505.0000,0.0000,0.0000,0.0000,0.0000,1,0,0,0,0,2,0,0,0,0
sc,ru1210,2012-06-29 09:27:59.000,22495.0000,208,0,0.0000,0.0000,0,0,空换,S,22455.0000,0.0000,0.0000,0.0000,0.0000,22505.0000,0.0000,0.0000,0.0000,0.0000,1,0,0,0,0,2,0,0,0,0
sc,ru1210,2012-06-29 09:28:01.000,22495.0000,208,0,0.0000,0.0000,0,0,空换,S,22455.0000,0.0000,0.0000,0.0000,0.0000,22500.0000,0.0000,0.0000,0.0000,0.0000,1,0,0,0,0,1,0,0,0,0
sc,ru1210,2012-06-29 09:28:01.500,22495.0000,208,0,0.0000,0.0000,0,0,空换,S,22455.0000,0.0000,0.0000,0.0000,0.0000,22500.0000,0.0000,0.0000,0.0000,0.0000,1,0,0,0,0,1,0,0,0,0
sc,ru1210,2012-06-29 09:28:04.500,22495.0000,208,0,0.0000,0.0000,0,0,空换,S,22455.0000,0.0000,0.0000,0.0000,0.0000,22495.0000,0.0000,0.0000,0.0000,0.0000,1,0,0,0,0,2,0,0,0,0
sc,ru1210,2012-06-29 09:28:10.500,22495.0000,208,0,0.0000,0.0000,0,0,空换,S,22455.0000,0.0000,0.0000,0.0000,0.0000,22495.0000,0.0000,0.0000,0.0000,0.0000,1,0,0,0,0,2,0,0,0,0
sc,ru1210,2012-06-29 09:28:18.000,22495.0000,208,0,0.0000,0.0000,0,0,空换,S,22455.0000,0.0000,0.0000,0.0000,0.0000,22490.0000,0.0000,0.0000,0.0000,0.0000,1,0,0,0,0,1,0,0,0,0
sc,ru1210,2012-06-29 09:28:18.500,22495.0000,208,0,0.0000,0.0000,0,0,空换,S,22450.0000,0.0000,0.0000,0.0000,0.0000,22490.0000,0.0000,0.0000,0.0000,0.0000,1,0,0,0,0,1,0,0,0,0
sc,ru1210,2012-06-29 09:28:19.000,22495.0000,208,0,0.0000,0.0000,0,0,空换,S,22460.0000,0.0000,0.0000,0.0000,0.0000,22485.0000,0.0000,0.0000,0.0000,0.0000,1,0,0,0,0,2,0,0,0,0
sc,ru1210,2012-06-29 09:28:19.500,22495.0000,208,0,0.0000,0.0000,0,0,空换,S,22460.0000,0.0000,0.0000,0.0000,0.0000,22485.0000,0.0000,0.0000,0.0000,0.0000,1,0,0,0,0,2,0,0,0,0
sc,ru1210,2012-06-29 09:28:28.500,22495.0000,208,0,0.0000,0.0000,0,0,空换,S,22460.0000,0.0000,0.0000,0.0000,0.0000,22485.0000,0.0000,0.0000,0.0000,0.0000,1,0,0,0,0,2,0,0,0,0
sc,ru1210,2012-06-29 09:29:13.500,22495.0000,208,0,0.0000,0.0000,0,0,空换,S,22460.0000,0.0000,0.0000,0.0000,0.0000,22555.0000,0.0000,0.0000,0.0000,0.0000,1,0,0,0,0,10,0,0,0,0
sc,ru1210,2012-06-29 09:29:14.000,22495.0000,208,0,0.0000,0.0000,0,0,空换,S,22460.0000,0.0000,0.0000,0.0000,0.0000,22530.0000,0.0000,0.0000,0.0000,0.0000,1,0,0,0,0,2,0,0,0,0
sc,ru1210,2012-06-29 09:29:14.500,22495.0000,208,0,0.0000,0.0000,0,0,空换,S,22460.0000,0.0000,0.0000,0.0000,0.0000,22520.0000,0.0000,0.0000,0.0000,0.0000,1,0,0,0,0,1,0,0,0,0
sc,ru1210,2012-06-29 09:29:15.000,22495.0000,208,0,0.0000,0.0000,0,0,空换,S,22460.0000,0.0000,0.0000,0.0000,0.0000,22520.0000,0.0000,0.0000,0.0000,0.0000,1,0,0,0,0,1,0,0,0,0
sc,ru1210,2012-06-29 09:29:15.500,22495.0000,208,0,0.0000,0.0000,0,0,空换,S,22460.0000,0.0000,0.0000,0.0000,0.0000,22515.0000,0.0000,0.0000,0.0000,0.0000,1,0,0,0,0,1,0,0,0,0
sc,ru1210,2012-06-29 09:29:16.000,22495.0000,208,0,0.0000,0.0000,0,0,空换,S,22460.0000,0.0000,0.0000,0.0000,0.0000,22510.0000,0.0000,0.0000,0.0000,0.0000,1,0,0,0,0,1,0,0,0,0
sc,ru1210,2012-06-29 09:29:16.500,22495.0000,208,0,0.0000,0.0000,0,0,空换,S,22460.0000,0.0000,0.0000,0.0000,0.0000,22505.0000,0.0000,0.0000,0.0000,0.0000,1,0,0,0,0,2,0,0,0,0
sc,ru1210,2012-06-29 09:29:17.000,22495.0000,208,0,0.0000,0.0000,0,0,空换,S,22460.0000,0.0000,0.0000,0.0000,0.0000,22505.0000,0.0000,0.0000,0.0000,0.0000,1,0,0,0,0,3,0,0,0,0
sc,ru1210,2012-06-29 09:29:17.500,22495.0000,208,0,0.0000,0.0000,0,0,空换,S,22460.0000,0.0000,0.0000,0.0000,0.0000,22505.0000,0.0000,0.0000,0.0000,0.0000,1,0,0,0,0,3,0,0,0,0
sc,ru1210,2012-06-29 09:29:18.000,22495.0000,208,0,0.0000,0.0000,0,0,空换,S,22460.0000,0.0000,0.0000,0.0000,0.0000,22505.0000,0.0000,0.0000,0.0000,0.0000,1,0,0,0,0,3,0,0,0,0
sc,ru1210,2012-06-29 09:29:19.000,22495.0000,208,0,0.0000,0.0000,0,0,空换,S,22460.0000,0.0000,0.0000,0.0000,0.0000,22500.0000,0.0000,0.0000,0.0000,0.0000,1,0,0,0,0,1,0,0,0,0
sc,ru1210,2012-06-29 09:29:19.500,22495.0000,208,0,0.0000,0.0000,0,0,空换,S,22460.0000,0.0000,0.0000,0.0000,0.0000,22500.0000,0.0000,0.0000,0.0000,0.0000,1,0,0,0,0,1,0,0,0,0
sc,ru1210,2012-06-29 09:29:21.000,22495.0000,208,0,0.0000,0.0000,0,0,空换,S,22460.0000,0.0000,0.0000,0.0000,0.0000,22495.0000,0.0000,0.0000,0.0000,0.0000,1,0,0,0,0,2,0,0,0,0
sc,ru1210,2012-06-29 09:29:22.500,22495.0000,208,0,0.0000,0.0000,0,0,空换,S,22460.0000,0.0000,0.0000,0.0000,0.0000,22495.0000,0.0000,0.0000,0.0000,0.0000,1,0,0,0,0,2,0,0,0,0
sc,ru1210,2012-06-29 09:30:37.500,22495.0000,208,0,0.0000,0.0000,0,0,空换,S,22460.0000,0.0000,0.0000,0.0000,0.0000,22490.0000,0.0000,0.0000,0.0000,0.0000,1,0,0,0,0,1,0,0,0,0
sc,ru1210,2012-06-29 09:30:38.000,22495.0000,208,0,0.0000,0.0000,0,0,空换,S,22460.0000,0.0000,0.0000,0.0000,0.0000,22490.0000,0.0000,0.0000,0.0000,0.0000,1,0,0,0,0,1,0,0,0,0
sc,ru1210,2012-06-29 09:30:45.000,22495.0000,208,0,0.0000,0.0000,0,0,空换,S,22460.0000,0.0000,0.0000,0.0000,0.0000,22485.0000,0.0000,0.0000,0.0000,0.0000,1,0,0,0,0,2,0,0,0,0
sc,ru1210,2012-06-29 09:30:52.000,22495.0000,208,0,0.0000,0.0000,0,0,空换,S,22460.0000,0.0000,0.0000,0.0000,0.0000,22485.0000,0.0000,0.0000,0.0000,0.0000,1,0,0,0,0,2,0,0,0,0
sc,ru1210,2012-06-29 09:30:59.500,22495.0000,208,0,0.0000,0.0000,0,0,空换,S,22460.0000,0.0000,0.0000,0.0000,0.0000,22480.0000,0.0000,0.0000,0.0000,0.0000,1,0,0,0,0,1,0,0,0,0
sc,ru1210,2012-06-29 09:31:00.000,22495.0000,208,0,0.0000,0.0000,0,0,空换,S,22460.0000,0.0000,0.0000,0.0000,0.0000,22480.0000,0.0000,0.0000,0.0000,0.0000,1,0,0,0,0,1,0,0,0,0
sc,ru1210,2012-06-29 09:31:04.500,22495.0000,208,0,0.0000,0.0000,0,0,空换,S,22405.0000,0.0000,0.0000,0.0000,0.0000,22480.0000,0.0000,0.0000,0.0000,0.0000,1,0,0,0,0,1,0,0,0,0
sc,ru1210,2012-06-29 09:31:05.000,22495.0000,208,0,0.0000,0.0000,0,0,空换,S,22420.0000,0.0000,0.0000,0.0000,0.0000,22480.0000,0.0000,0.0000,0.0000,0.0000,2,0,0,0,0,1,0,0,0,0
