市场代码,合约代码,时间,最新,持仓,增仓,成交额,成交量,开仓,平仓,成交类型,方向,买一价,买二价,买三价,买四价,买五价,卖一价,卖二价,卖三价,卖四价,卖五价,买一量,买二量,买三量,买四量,买五量,卖一量,卖二量,卖三量,卖四量,卖五量
sc,ru1208,2012-06-29 07:36:29.500,23080.0000,780,0,0.0000,0.0000,0,0,多换,B,0.0000,0.0000,0.0000,0.0000,0.0000,0.0000,0.0000,0.0000,0.0000,0.0000,0,0,0,0,0,0,0,0,0,0
sc,ru1208,2012-06-29 08:59:00.500,23080.0000,780,0,0.0000,0.0000,0,0,多换,B,22520.0000,0.0000,0.0000,0.0000,0.0000,22930.0000,0.0000,0.0000,0.0000,0.0000,5,0,0,0,0,2,0,0,0,0
sc,ru1208,2012-06-29 09:00:01.000,23080.0000,780,0,0.0000,0.0000,0,0,多换,B,22700.0000,0.0000,0.0000,0.0000,0.0000,22930.0000,0.0000,0.0000,0.0000,0.0000,2,0,0,0,0,2,0,0,0,0
sc,ru1208,2012-06-29 09:00:01.500,23080.0000,780,0,0.0000,0.0000,0,0,多换,B,22700.0000,0.0000,0.0000,0.0000,0.0000,23080.0000,0.0000,0.0000,0.0000,0.0000,2,0,0,0,0,1,0,0,0,0
sc,ru1208,2012-06-29 09:00:02.000,23080.0000,780,0,0.0000,0.0000,0,0,多换,B,22705.0000,0.0000,0.0000,0.0000,0.0000,23075.0000,0.0000,0.0000,0.0000,0.0000,4,0,0,0,0,15,0,0,0,0
sc,ru1208,2012-06-29 09:00:02.500,23080.0000,780,0,0.0000,0.0000,0,0,多换,B,22715.0000,0.0000,0.0000,0.0000,0.0000,23075.0000,0.0000,0.0000,0.0000,0.0000,6,0,0,0,0,16,0,0,0,0
sc,ru1208,2012-06-29 09:00:03.000,23080.0000,780,0,0.0000,0.0000,0,0,多换,B,22715.0000,0.0000,0.0000,0.0000,0.0000,23075.0000,0.0000,0.0000,0.0000,0.0000,6,0,0,0,0,16,0,0,0,0
sc,ru1208,2012-06-29 09:00:03.500,23080.0000,780,0,0.0000,0.0000,0,0,多换,B,22720.0000,0.0000,0.0000,0.0000,0.0000,23075.0000,0.0000,0.0000,0.0000,0.0000,4,0,0,0,0,16,0,0,0,0
sc,ru1208,2012-06-29 09:00:04.000,23080.0000,780,0,0.0000,0.0000,0,0,多换,B,22730.0000,0.0000,0.0000,0.0000,0.0000,22925.0000,0.0000,0.0000,0.0000,0.0000,6,0,0,0,0,1,0,0,0,0
sc,ru1208,2012-06-29 09:00:04.500,23080.0000,780,0,0.0000,0.0000,0,0,多换,B,22730.0000,0.0000,0.0000,0.0000,0.0000,22920.0000,0.0000,0.0000,0.0000,0.0000,6,0,0,0,0,1,0,0,0,0
sc,ru1208,2012-06-29 09:00:05.000,23080.0000,780,0,0.0000,0.0000,0,0,多换,B,22735.0000,0.0000,0.0000,0.0000,0.0000,22920.0000,0.0000,0.0000,0.0000,0.0000,4,0,0,0,0,1,0,0,0,0
sc,ru1208,2012-06-29 09:00:05.500,23080.0000,780,0,0.0000,0.0000,0,0,多换,B,22735.0000,0.0000,0.0000,0.0000,0.0000,22915.0000,0.0000,0.0000,0.0000,0.0000,5,0,0,0,0,4,0,0,0,0
sc,ru1208,2012-06-29 09:00:06.000,23080.0000,780,0,0.0000,0.0000,0,0,多换,B,22745.0000,0.0000,0.0000,0.0000,0.0000,22915.0000,0.0000,0.0000,0.0000,0.0000,6,0,0,0,0,4,0,0,0,0
sc,ru1208,2012-06-29 09:00:06.500,23080.0000,780,0,0.0000,0.0000,0,0,多换,B,22750.0000,0.0000,0.0000,0.0000,0.0000,22910.0000,0.0000,0.0000,0.0000,0.0000,1,0,0,0,0,1,0,0,0,0
sc,ru1208,2012-06-29 09:00:07.000,23080.0000,780,0,0.0000,0.0000,0,0,多换,B,22760.0000,0.0000,0.0000,0.0000,0.0000,22910.0000,0.0000,0.0000,0.0000,0.0000,7,0,0,0,0,1,0,0,0,0
sc,ru1208,2012-06-29 09:00:07.500,23080.0000,780,0,0.0000,0.0000,0,0,多换,B,22765.0000,0.0000,0.0000,0.0000,0.0000,22905.0000,0.0000,0.0000,0.0000,0.0000,6,0,0,0,0,4,0,0,0,0
sc,ru1208,2012-06-29 09:00:08.000,23080.0000,780,0,0.0000,0.0000,0,0,多换,B,22770.0000,0.0000,0.0000,0.0000,0.0000,22905.0000,0.0000,0.0000,0.0000,0.0000,8,0,0,0,0,4,0,0,0,0
sc,ru1208,2012-06-29 09:00:08.500,23080.0000,780,0,0.0000,0.0000,0,0,多换,B,22780.0000,0.0000,0.0000,0.0000,0.0000,22905.0000,0.0000,0.0000,0.0000,0.0000,1,0,0,0,0,4,0,0,0,0
sc,ru1208,2012-06-29 09:00:09.000,23080.0000,780,0,0.0000,0.0000,0,0,多换,B,22780.0000,0.0000,0.0000,0.0000,0.0000,22905.0000,0.0000,0.0000,0.0000,0.0000,1,0,0,0,0,4,0,0,0,0
sc,ru1208,2012-06-29 09:00:09.500,23080.0000,780,0,0.0000,0.0000,0,0,多换,B,22785.0000,0.0000,0.0000,0.0000,0.0000,22900.0000,0.0000,0.0000,0.0000,0.0000,5,0,0,0,0,1,0,0,0,0
sc,ru1208,2012-06-29 09:00:10.000,23080.0000,780,0,0.0000,0.0000,0,0,多换,B,22795.0000,0.0000,0.0000,0.0000,0.0000,22900.0000,0.0000,0.0000,0.0000,0.0000,1,0,0,0,0,1,0,0,0,0
sc,ru1208,2012-06-29 09:00:10.500,23080.0000,780,0,0.0000,0.0000,0,0,多换,B,22795.0000,0.0000,0.0000,0.0000,0.0000,22905.0000,0.0000,0.0000,0.0000,0.0000,1,0,0,0,0,1,0,0,0,0
sc,ru1208,2012-06-29 09:00:11.000,23080.0000,780,0,0.0000,0.0000,0,0,多换,B,22800.0000,0.0000,0.0000,0.0000,0.0000,22905.0000,0.0000,0.0000,0.0000,0.0000,4,0,0,0,0,1,0,0,0,0
sc,ru1208,2012-06-29 09:00:11.500,23080.0000,780,0,0.0000,0.0000,0,0,多换,B,22810.0000,0.0000,0.0000,0.0000,0.0000,22910.0000,0.0000,0.0000,0.0000,0.0000,1,0,0,0,0,1,0,0,0,0
sc,ru1208,2012-06-29 09:00:12.000,23080.0000,780,0,0.0000,0.0000,0,0,多换,B,22815.0000,0.0000,0.0000,0.0000,0.0000,22910.0000,0.0000,0.0000,0.0000,0.0000,3,0,0,0,0,1,0,0,0,0
sc,ru1208,2012-06-29 09:00:12.500,23080.0000,780,0,0.0000,0.0000,0,0,多换,B,22820.0000,0.0000,0.0000,0.0000,0.0000,22910.0000,0.0000,0.0000,0.0000,0.0000,5,0,0,0,0,1,0,0,0,0
sc,ru1208,2012-06-29 09:00:13.500,23080.0000,780,0,0.0000,0.0000,0,0,多换,B,22825.0000,0.0000,0.0000,0.0000,0.0000,22910.0000,0.0000,0.0000,0.0000,0.0000,1,0,0,0,0,1,0,0,0,0
sc,ru1208,2012-06-29 09:00:14.000,23080.0000,780,0,0.0000,0.0000,0,0,多换,B,22825.0000,0.0000,0.0000,0.0000,0.0000,22910.0000,0.0000,0.0000,0.0000,0.0000,4,0,0,0,0,1,0,0,0,0
sc,ru1208,2012-06-29 09:00:14.500,23080.0000,780,0,0.0000,0.0000,0,0,多换,B,22830.0000,0.0000,0.0000,0.0000,0.0000,22910.0000,0.0000,0.0000,0.0000,0.0000,4,0,0,0,0,1,0,0,0,0
sc,ru1208,2012-06-29 09:00:15.000,23080.0000,780,0,0.0000,0.0000,0,0,多换,B,22835.0000,0.0000,0.0000,0.0000,0.0000,22910.0000,0.0000,0.0000,0.0000,0.0000,1,0,0,0,0,1,0,0,0,0
sc,ru1208,2012-06-29 09:00:15.500,23080.0000,780,0,0.0000,0.0000,0,0,多换,B,22700.0000,0.0000,0.0000,0.0000,0.0000,22910.0000,0.0000,0.0000,0.0000,0.0000,2,0,0,0,0,1,0,0,0,0
sc,ru1208,2012-06-29 09:00:16.000,23080.0000,780,0,0.0000,0.0000,0,0,多换,B,22840.0000,0.0000,0.0000,0.0000,0.0000,22910.0000,0.0000,0.0000,0.0000,0.0000,3,0,0,0,0,1,0,0,0,0
sc,ru1208,2012-06-29 09:00:16.500,23080.0000,780,0,0.0000,0.0000,0,0,多换,B,22840.0000,0.0000,0.0000,0.0000,0.0000,22910.0000,0.0000,0.0000,0.0000,0.0000,3,0,0,0,0,1,0,0,0,0
sc,ru1208,2012-06-29 09:00:17.000,23080.0000,780,0,0.0000,0.0000,0,0,多换,B,22845.0000,0.0000,0.0000,0.0000,0.0000,22910.0000,0.0000,0.0000,0.0000,0.0000,4,0,0,0,0,1,0,0,0,0
sc,ru1208,2012-06-29 09:00:17.500,23080.0000,780,0,0.0000,0.0000,0,0,多换,B,22845.0000,0.0000,0.0000,0.0000,0.0000,22910.0000,0.0000,0.0000,0.0000,0.0000,4,0,0,0,0,1,0,0,0,0
sc,ru1208,2012-06-29 09:00:18.000,23080.0000,780,0,0.0000,0.0000,0,0,多换,B,22700.0000,0.0000,0.0000,0.0000,0.0000,22910.0000,0.0000,0.0000,0.0000,0.0000,2,0,0,0,0,1,0,0,0,0
sc,ru1208,2012-06-29 09:00:18.500,23080.0000,780,0,0.0000,0.0000,0,0,多换,B,22710.0000,0.0000,0.0000,0.0000,0.0000,22910.0000,0.0000,0.0000,0.0000,0.0000,7,0,0,0,0,1,0,0,0,0
sc,ru1208,2012-06-29 09:00:19.000,23080.0000,780,0,0.0000,0.0000,0,0,多换,B,22715.0000,0.0000,0.0000,0.0000,0.0000,22910.0000,0.0000,0.0000,0.0000,0.0000,3,0,0,0,0,1,0,0,0,0
sc,ru1208,2012-06-29 09:00:19.500,23080.0000,780,0,0.0000,0.0000,0,0,多换,B,22720.0000,0.0000,0.0000,0.0000,0.0000,22910.0000,0.0000,0.0000,0.0000,0.0000,12,0,0,0,0,1,0,0,0,0
sc,ru1208,2012-06-29 09:00:20.000,23080.0000,780,0,0.0000,0.0000,0,0,多换,B,22730.0000,0.0000,0.0000,0.0000,0.0000,23075.0000,0.0000,0.0000,0.0000,0.0000,7,0,0,0,0,10,0,0,0,0
sc,ru1208,2012-06-29 09:00:20.500,23080.0000,780,0,0.0000,0.0000,0,0,多换,B,22740.0000,0.0000,0.0000,0.0000,0.0000,22900.0000,0.0000,0.0000,0.0000,0.0000,7,0,0,0,0,2,0,0,0,0
sc,ru1208,2012-06-29 09:00:21.000,23080.0000,780,0,0.0000,0.0000,0,0,多换,B,22750.0000,0.0000,0.0000,0.0000,0.0000,22900.0000,0.0000,0.0000,0.0000,0.0000,7,0,0,0,0,2,0,0,0,0
sc,ru1208,2012-06-29 09:00:21.500,23080.0000,780,0,0.0000,0.0000,0,0,多换,B,22760.0000,0.0000,0.0000,0.0000,0.0000,22900.0000,0.0000,0.0000,0.0000,0.0000,7,0,0,0,0,2,0,0,0,0
sc,ru1208,2012-06-29 09:00:22.000,23080.0000,780,0,0.0000,0.0000,0,0,多换,B,22770.0000,0.0000,0.0000,0.0000,0.0000,22900.0000,0.0000,0.0000,0.0000,0.0000,7,0,0,0,0,1,0,0,0,0
sc,ru1208,2012-06-29 09:00:22.500,23080.0000,780,0,0.0000,0.0000,0,0,多换,B,22780.0000,0.0000,0.0000,0.0000,0.0000,22900.0000,0.0000,0.0000,0.0000,0.0000,1,0,0,0,0,1,0,0,0,0
sc,ru1208,2012-06-29 09:00:23.000,23080.0000,780,0,0.0000,0.0000,0,0,多换,B,22785.0000,0.0000,0.0000,0.0000,0.0000,22900.0000,0.0000,0.0000,0.0000,0.0000,4,0,0,0,0,1,0,0,0,0
sc,ru1208,2012-06-29 09:00:23.500,23080.0000,780,0,0.0000,0.0000,0,0,多换,B,22795.0000,0.0000,0.0000,0.0000,0.0000,22900.0000,0.0000,0.0000,0.0000,0.0000,1,0,0,0,0,1,0,0,0,0
sc,ru1208,2012-06-29 09:00:24.000,23080.0000,780,0,0.0000,0.0000,0,0,多换,B,22795.0000,0.0000,0.0000,0.0000,0.0000,22900.0000,0.0000,0.0000,0.0000,0.0000,1,0,0,0,0,1,0,0,0,0
sc,ru1208,2012-06-29 09:00:24.500,23080.0000,780,0,0.0000,0.0000,0,0,多换,B,22800.0000,0.0000,0.0000,0.0000,0.0000,22900.0000,0.0000,0.0000,0.0000,0.0000,4,0,0,0,0,1,0,0,0,0
sc,ru1208,2012-06-29 09:00:25.000,23080.0000,780,0,0.0000,0.0000,0,0,多换,B,22810.0000,0.0000,0.0000,0.0000,0.0000,22900.0000,0.0000,0.0000,0.0000,0.0000,1,0,0,0,0,1,0,0,0,0
sc,ru1208,2012-06-29 09:00:25.500,23080.0000,780,0,0.0000,0.0000,0,0,多换,B,22810.0000,0.0000,0.0000,0.0000,0.0000,22900.0000,0.0000,0.0000,0.0000,0.0000,1,0,0,0,0,1,0,0,0,0
sc,ru1208,2012-06-29 09:00:26.000,23080.0000,780,0,0.0000,0.0000,0,0,多换,B,22815.0000,0.0000,0.0000,0.0000,0.0000,22900.0000,0.0000,0.0000,0.0000,0.0000,4,0,0,0,0,1,0,0,0,0
sc,ru1208,2012-06-29 09:00:26.500,23080.0000,780,0,0.0000,0.0000,0,0,多换,B,22815.0000,0.0000,0.0000,0.0000,0.0000,22900.0000,0.0000,0.0000,0.0000,0.0000,5,0,0,0,0,1,0,0,0,0
sc,ru1208,2012-06-29 09:00:27.000,23080.0000,780,0,0.0000,0.0000,0,0,多换,B,22820.0000,0.0000,0.0000,0.0000,0.0000,22900.0000,0.0000,0.0000,0.0000,0.0000,4,0,0,0,0,1,0,0,0,0
sc,ru1208,2012-06-29 09:00:27.500,23080.0000,780,0,0.0000,0.0000,0,0,多换,B,22820.0000,0.0000,0.0000,0.0000,0.0000,22900.0000,0.0000,0.0000,0.0000,0.0000,4,0,0,0,0,1,0,0,0,0
sc,ru1208,2012-06-29 09:00:28.000,23080.0000,780,0,0.0000,0.0000,0,0,多换,B,22825.0000,0.0000,0.0000,0.0000,0.0000,22900.0000,0.0000,0.0000,0.0000,0.0000,4,0,0,0,0,1,0,0,0,0
sc,ru1208,2012-06-29 09:00:28.500,23080.0000,780,0,0.0000,0.0000,0,0,多换,B,22825.0000,0.0000,0.0000,0.0000,0.0000,22900.0000,0.0000,0.0000,0.0000,0.0000,4,0,0,0,0,1,0,0,0,0
sc,ru1208,2012-06-29 09:00:29.000,23080.0000,780,0,0.0000,0.0000,0,0,多换,B,22830.0000,0.0000,0.0000,0.0000,0.0000,22900.0000,0.0000,0.0000,0.0000,0.0000,3,0,0,0,0,1,0,0,0,0
sc,ru1208,2012-06-29 09:00:29.500,23080.0000,780,0,0.0000,0.0000,0,0,多换,B,22830.0000,0.0000,0.0000,0.0000,0.0000,22900.0000,0.0000,0.0000,0.0000,0.0000,3,0,0,0,0,1,0,0,0,0
sc,ru1208,2012-06-29 09:00:30.000,23080.0000,780,0,0.0000,0.0000,0,0,多换,B,22835.0000,0.0000,0.0000,0.0000,0.0000,22900.0000,0.0000,0.0000,0.0000,0.0000,4,0,0,0,0,1,0,0,0,0
sc,ru1208,2012-06-29 09:00:30.500,23080.0000,780,0,0.0000,0.0000,0,0,多换,B,22835.0000,0.0000,0.0000,0.0000,0.0000,22900.0000,0.0000,0.0000,0.0000,0.0000,4,0,0,0,0,1,0,0,0,0
sc,ru1208,2012-06-29 09:00:31.000,23080.0000,780,0,0.0000,0.0000,0,0,多换,B,22840.0000,0.0000,0.0000,0.0000,0.0000,22900.0000,0.0000,0.0000,0.0000,0.0000,3,0,0,0,0,1,0,0,0,0
sc,ru1208,2012-06-29 09:00:32.000,23080.0000,780,0,0.0000,0.0000,0,0,多换,B,22840.0000,0.0000,0.0000,0.0000,0.0000,22900.0000,0.0000,0.0000,0.0000,0.0000,3,0,0,0,0,1,0,0,0,0
sc,ru1208,2012-06-29 09:00:32.500,23080.0000,780,0,0.0000,0.0000,0,0,多换,B,22840.0000,0.0000,0.0000,0.0000,0.0000,22900.0000,0.0000,0.0000,0.0000,0.0000,3,0,0,0,0,1,0,0,0,0
sc,ru1208,2012-06-29 09:00:35.000,23080.0000,780,0,0.0000,0.0000,0,0,多换,B,22840.0000,0.0000,0.0000,0.0000,0.0000,22900.0000,0.0000,0.0000,0.0000,0.0000,3,0,0,0,0,1,0,0,0,0
sc,ru1208,2012-06-29 09:00:35.500,23080.0000,780,0,0.0000,0.0000,0,0,多换,B,22840.0000,0.0000,0.0000,0.0000,0.0000,22900.0000,0.0000,0.0000,0.0000,0.0000,3,0,0,0,0,1,0,0,0,0
sc,ru1208,2012-06-29 09:00:36.000,23080.0000,780,0,0.0000,0.0000,0,0,多换,B,22840.0000,0.0000,0.0000,0.0000,0.0000,22900.0000,0.0000,0.0000,0.0000,0.0000,3,0,0,0,0,1,0,0,0,0
sc,ru1208,2012-06-29 09:00:37.500,23080.0000,780,0,0.0000,0.0000,0,0,多换,B,22840.0000,0.0000,0.0000,0.0000,0.0000,22900.0000,0.0000,0.0000,0.0000,0.0000,3,0,0,0,0,1,0,0,0,0
sc,ru1208,2012-06-29 09:00:38.000,23080.0000,780,0,0.0000,0.0000,0,0,多换,B,22840.0000,0.0000,0.0000,0.0000,0.0000,22900.0000,0.0000,0.0000,0.0000,0.0000,3,0,0,0,0,1,0,0,0,0
sc,ru1208,2012-06-29 09:00:39.000,23080.0000,780,0,0.0000,0.0000,0,0,多换,B,22840.0000,0.0000,0.0000,0.0000,0.0000,22900.0000,0.0000,0.0000,0.0000,0.0000,3,0,0,0,0,1,0,0,0,0
sc,ru1208,2012-06-29 09:00:39.500,23080.0000,780,0,0.0000,0.0000,0,0,多换,B,22840.0000,0.0000,0.0000,0.0000,0.0000,22900.0000,0.0000,0.0000,0.0000,0.0000,3,0,0,0,0,1,0,0,0,0
sc,ru1208,2012-06-29 09:00:40.000,23080.0000,780,0,0.0000,0.0000,0,0,多换,B,22840.0000,0.0000,0.0000,0.0000,0.0000,22900.0000,0.0000,0.0000,0.0000,0.0000,3,0,0,0,0,1,0,0,0,0
sc,ru1208,2012-06-29 09:00:40.500,23080.0000,780,0,0.0000,0.0000,0,0,多换,B,22840.0000,0.0000,0.0000,0.0000,0.0000,22900.0000,0.0000,0.0000,0.0000,0.0000,3,0,0,0,0,1,0,0,0,0
sc,ru1208,2012-06-29 09:00:41.500,23080.0000,780,0,0.0000,0.0000,0,0,多换,B,22840.0000,0.0000,0.0000,0.0000,0.0000,22900.0000,0.0000,0.0000,0.0000,0.0000,3,0,0,0,0,1,0,0,0,0
sc,ru1208,2012-06-29 09:00:42.000,23080.0000,780,0,0.0000,0.0000,0,0,多换,B,22840.0000,0.0000,0.0000,0.0000,0.0000,22900.0000,0.0000,0.0000,0.0000,0.0000,3,0,0,0,0,1,0,0,0,0
sc,ru1208,2012-06-29 09:00:43.500,23080.0000,780,0,0.0000,0.0000,0,0,多换,B,22840.0000,0.0000,0.0000,0.0000,0.0000,22900.0000,0.0000,0.0000,0.0000,0.0000,3,0,0,0,0,1,0,0,0,0
sc,ru1208,2012-06-29 09:00:44.000,23080.0000,780,0,0.0000,0.0000,0,0,多换,B,22840.0000,0.0000,0.0000,0.0000,0.0000,22900.0000,0.0000,0.0000,0.0000,0.0000,3,0,0,0,0,3,0,0,0,0
sc,ru1208,2012-06-29 09:00:46.000,23080.0000,780,0,0.0000,0.0000,0,0,多换,B,22840.0000,0.0000,0.0000,0.0000,0.0000,22900.0000,0.0000,0.0000,0.0000,0.0000,3,0,0,0,0,1,0,0,0,0
sc,ru1208,2012-06-29 09:00:46.500,23080.0000,780,0,0.0000,0.0000,0,0,多换,B,22840.0000,0.0000,0.0000,0.0000,0.0000,22895.0000,0.0000,0.0000,0.0000,0.0000,3,0,0,0,0,1,0,0,0,0
sc,ru1208,2012-06-29 09:00:48.000,23080.0000,780,0,0.0000,0.0000,0,0,多换,B,22840.0000,0.0000,0.0000,0.0000,0.0000,22895.0000,0.0000,0.0000,0.0000,0.0000,3,0,0,0,0,1,0,0,0,0
sc,ru1208,2012-06-29 09:00:48.500,23080.0000,780,0,0.0000,0.0000,0,0,多换,B,22700.0000,0.0000,0.0000,0.0000,0.0000,22895.0000,0.0000,0.0000,0.0000,0.0000,2,0,0,0,0,2,0,0,0,0
sc,ru1208,2012-06-29 09:00:49.000,23080.0000,780,0,0.0000,0.0000,0,0,多换,B,22710.0000,0.0000,0.0000,0.0000,0.0000,22890.0000,0.0000,0.0000,0.0000,0.0000,7,0,0,0,0,1,0,0,0,0
sc,ru1208,2012-06-29 09:00:49.500,23080.0000,780,0,0.0000,0.0000,0,0,多换,B,22720.0000,0.0000,0.0000,0.0000,0.0000,22890.0000,0.0000,0.0000,0.0000,0.0000,7,0,0,0,0,1,0,0,0,0
sc,ru1208,2012-06-29 09:00:50.000,23080.0000,780,0,0.0000,0.0000,0,0,多换,B,22730.0000,0.0000,0.0000,0.0000,0.0000,22885.0000,0.0000,0.0000,0.0000,0.0000,7,0,0,0,0,1,0,0,0,0
sc,ru1208,2012-06-29 09:00:50.500,23080.0000,780,0,0.0000,0.0000,0,0,多换,B,22740.0000,0.0000,0.0000,0.0000,0.0000,22880.0000,0.0000,0.0000,0.0000,0.0000,7,0,0,0,0,1,0,0,0,0
sc,ru1208,2012-06-29 09:00:51.000,23080.0000,780,0,0.0000,0.0000,0,0,多换,B,22750.0000,0.0000,0.0000,0.0000,0.0000,22880.0000,0.0000,0.0000,0.0000,0.0000,1,0,0,0,0,1,0,0,0,0
sc,ru1208,2012-06-29 09:00:51.500,23080.0000,780,0,0.0000,0.0000,0,0,多换,B,22760.0000,0.0000,0.0000,0.0000,0.0000,22880.0000,0.0000,0.0000,0.0000,0.0000,6,0,0,0,0,1,0,0,0,0
sc,ru1208,2012-06-29 09:00:52.000,23080.0000,780,0,0.0000,0.0000,0,0,多换,B,22770.0000,0.0000,0.0000,0.0000,0.0000,22890.0000,0.0000,0.0000,0.0000,0.0000,1,0,0,0,0,1,0,0,0,0
sc,ru1208,2012-06-29 09:00:52.500,23080.0000,780,0,0.0000,0.0000,0,0,多换,B,22775.0000,0.0000,0.0000,0.0000,0.0000,22885.0000,0.0000,0.0000,0.0000,0.0000,1,0,0,0,0,1,0,0,0,0
sc,ru1208,2012-06-29 09:00:53.000,23080.0000,780,0,0.0000,0.0000,0,0,多换,B,22785.0000,0.0000,0.0000,0.0000,0.0000,22885.0000,0.0000,0.0000,0.0000,0.0000,1,0,0,0,0,2,0,0,0,0
sc,ru1208,2012-06-29 09:00:53.500,23080.0000,780,0,0.0000,0.0000,0,0,多换,B,22785.0000,0.0000,0.0000,0.0000,0.0000,22885.0000,0.0000,0.0000,0.0000,0.0000,1,0,0,0,0,2,0,0,0,0
sc,ru1208,2012-06-29 09:00:54.000,23080.0000,780,0,0.0000,0.0000,0,0,多换,B,22790.0000,0.0000,0.0000,0.0000,0.0000,22885.0000,0.0000,0.0000,0.0000,0.0000,4,0,0,0,0,1,0,0,0,0
sc,ru1208,2012-06-29 09:00:54.500,23080.0000,780,0,0.0000,0.0000,0,0,多换,B,22795.0000,0.0000,0.0000,0.0000,0.0000,22890.0000,0.0000,0.0000,0.0000,0.0000,1,0,0,0,0,1,0,0,0,0
sc,ru1208,2012-06-29 09:00:55.000,23080.0000,780,0,0.0000,0.0000,0,0,多换,B,22795.0000,0.0000,0.0000,0.0000,0.0000,22890.0000,0.0000,0.0000,0.0000,0.0000,4,0,0,0,0,2,0,0,0,0
sc,ru1208,2012-06-29 09:00:55.500,23080.0000,780,0,0.0000,0.0000,0,0,多换,B,22800.0000,0.0000,0.0000,0.0000,0.0000,22890.0000,0.0000,0.0000,0.0000,0.0000,4,0,0,0,0,2,0,0,0,0
sc,ru1208,2012-06-29 09:00:56.000,23080.0000,780,0,0.0000,0.0000,0,0,多换,B,22800.0000,0.0000,0.0000,0.0000,0.0000,22890.0000,0.0000,0.0000,0.0000,0.0000,4,0,0,0,0,2,0,0,0,0
sc,ru1208,2012-06-29 09:00:56.500,23080.0000,780,0,0.0000,0.0000,0,0,多换,B,22805.0000,0.0000,0.0000,0.0000,0.0000,22890.0000,0.0000,0.0000,0.0000,0.0000,3,0,0,0,0,2,0,0,0,0
sc,ru1208,2012-06-29 09:00:57.000,23080.0000,780,0,0.0000,0.0000,0,0,多换,B,22805.0000,0.0000,0.0000,0.0000,0.0000,22890.0000,0.0000,0.0000,0.0000,0.0000,3,0,0,0,0,2,0,0,0,0
sc,ru1208,2012-06-29 09:00:57.500,23080.0000,780,0,0.0000,0.0000,0,0,多换,B,22810.0000,0.0000,0.0000,0.0000,0.0000,22890.0000,0.0000,0.0000,0.0000,0.0000,4,0,0,0,0,2,0,0,0,0
sc,ru1208,2012-06-29 09:00:58.000,23080.0000,780,0,0.0000,0.0000,0,0,多换,B,22810.0000,0.0000,0.0000,0.0000,0.0000,22890.0000,0.0000,0.0000,0.0000,0.0000,4,0,0,0,0,1,0,0,0,0
sc,ru1208,2012-06-29 09:00:58.500,23080.0000,780,0,0.0000,0.0000,0,0,多换,B,22815.0000,0.0000,0.0000,0.0000,0.0000,22895.0000,0.0000,0.0000,0.0000,0.0000,3,0,0,0,0,1,0,0,0,0
sc,ru1208,2012-06-29 09:00:59.000,23080.0000,780,0,0.0000,0.0000,0,0,多换,B,22815.0000,0.0000,0.0000,0.0000,0.0000,22895.0000,0.0000,0.0000,0.0000,0.0000,3,0,0,0,0,2,0,0,0,0
sc,ru1208,2012-06-29 09:01:00.500,23080.0000,780,0,0.0000,0.0000,0,0,多换,B,22815.0000,0.0000,0.0000,0.0000,0.0000,22900.0000,0.0000,0.0000,0.0000,0.0000,3,0,0,0,0,1,0,0,0,0
sc,ru1208,2012-06-29 09:01:01.000,23080.0000,780,0,0.0000,0.0000,0,0,多换,B,22820.0000,0.0000,0.0000,0.0000,0.0000,22900.0000,0.0000,0.0000,0.0000,0.0000,4,0,0,0,0,3,0,0,0,0
sc,ru1208,2012-06-29 09:01:01.500,23080.0000,780,0,0.0000,0.0000,0,0,多换,B,22820.0000,0.0000,0.0000,0.0000,0.0000,22900.0000,0.0000,0.0000,0.0000,0.0000,4,0,0,0,0,3,0,0,0,0
sc,ru1208,2012-06-29 09:01:02.000,23080.0000,780,0,0.0000,0.0000,0,0,多换,B,22825.0000,0.0000,0.0000,0.0000,0.0000,22900.0000,0.0000,0.0000,0.0000,0.0000,3,0,0,0,0,3,0,0,0,0
sc,ru1208,2012-06-29 09:01:02.500,23080.0000,780,0,0.0000,0.0000,0,0,多换,B,22825.0000,0.0000,0.0000,0.0000,0.0000,22900.0000,0.0000,0.0000,0.0000,0.0000,3,0,0,0,0,2,0,0,0,0
sc,ru1208,2012-06-29 09:01:03.000,23080.0000,780,0,0.0000,0.0000,0,0,多换,B,22825.0000,0.0000,0.0000,0.0000,0.0000,22895.0000,0.0000,0.0000,0.0000,0.0000,3,0,0,0,0,1,0,0,0,0
sc,ru1208,2012-06-29 09:01:03.500,23080.0000,780,0,0.0000,0.0000,0,0,多换,B,22830.0000,0.0000,0.0000,0.0000,0.0000,22895.0000,0.0000,0.0000,0.0000,0.0000,4,0,0,0,0,1,0,0,0,0
sc,ru1208,2012-06-29 09:01:04.000,23080.0000,780,0,0.0000,0.0000,0,0,多换,B,22830.0000,0.0000,0.0000,0.0000,0.0000,22900.0000,0.0000,0.0000,0.0000,0.0000,4,0,0,0,0,1,0,0,0,0
sc,ru1208,2012-06-29 09:01:04.500,23080.0000,780,0,0.0000,0.0000,0,0,多换,B,22835.0000,0.0000,0.0000,0.0000,0.0000,22900.0000,0.0000,0.0000,0.0000,0.0000,3,0,0,0,0,1,0,0,0,0
sc,ru1208,2012-06-29 09:01:05.000,23080.0000,780,0,0.0000,0.0000,0,0,多换,B,22835.0000,0.0000,0.0000,0.0000,0.0000,22900.0000,0.0000,0.0000,0.0000,0.0000,3,0,0,0,0,1,0,0,0,0
sc,ru1208,2012-06-29 09:01:07.000,23080.0000,780,0,0.0000,0.0000,0,0,多换,B,22835.0000,0.0000,0.0000,0.0000,0.0000,22900.0000,0.0000,0.0000,0.0000,0.0000,3,0,0,0,0,1,0,0,0,0
sc,ru1208,2012-06-29 09:01:07.500,23080.0000,780,0,0.0000,0.0000,0,0,多换,B,22835.0000,0.0000,0.0000,0.0000,0.0000,22900.0000,0.0000,0.0000,0.0000,0.0000,3,0,0,0,0,1,0,0,0,0
sc,ru1208,2012-06-29 09:01:08.500,23080.0000,780,0,0.0000,0.0000,0,0,多换,B,22835.0000,0.0000,0.0000,0.0000,0.0000,22900.0000,0.0000,0.0000,0.0000,0.0000,3,0,0,0,0,1,0,0,0,0
sc,ru1208,2012-06-29 09:01:09.000,23080.0000,780,0,0.0000,0.0000,0,0,多换,B,22835.0000,0.0000,0.0000,0.0000,0.0000,22900.0000,0.0000,0.0000,0.0000,0.0000,3,0,0,0,0,3,0,0,0,0
sc,ru1208,2012-06-29 09:01:10.500,23080.0000,780,0,0.0000,0.0000,0,0,多换,B,22835.0000,0.0000,0.0000,0.0000,0.0000,22900.0000,0.0000,0.0000,0.0000,0.0000,3,0,0,0,0,1,0,0,0,0
sc,ru1208,2012-06-29 09:01:11.000,23080.0000,780,0,0.0000,0.0000,0,0,多换,B,22835.0000,0.0000,0.0000,0.0000,0.0000,22900.0000,0.0000,0.0000,0.0000,0.0000,3,0,0,0,0,1,0,0,0,0
sc,ru1208,2012-06-29 09:01:12.500,23080.0000,780,0,0.0000,0.0000,0,0,多换,B,22835.0000,0.0000,0.0000,0.0000,0.0000,22900.0000,0.0000,0.0000,0.0000,0.0000,3,0,0,0,0,1,0,0,0,0
sc,ru1208,2012-06-29 09:01:13.000,23080.0000,780,0,0.0000,0.0000,0,0,多换,B,22835.0000,0.0000,0.0000,0.0000,0.0000,22900.0000,0.0000,0.0000,0.0000,0.0000,3,0,0,0,0,1,0,0,0,0
sc,ru1208,2012-06-29 09:01:14.500,23080.0000,780,0,0.0000,0.0000,0,0,多换,B,22835.0000,0.0000,0.0000,0.0000,0.0000,22900.0000,0.0000,0.0000,0.0000,0.0000,3,0,0,0,0,1,0,0,0,0
sc,ru1208,2012-06-29 09:01:15.000,23080.0000,780,0,0.0000,0.0000,0,0,多换,B,22835.0000,0.0000,0.0000,0.0000,0.0000,22900.0000,0.0000,0.0000,0.0000,0.0000,3,0,0,0,0,3,0,0,0,0
sc,ru1208,2012-06-29 09:01:16.000,23080.0000,780,0,0.0000,0.0000,0,0,多换,B,22835.0000,0.0000,0.0000,0.0000,0.0000,22900.0000,0.0000,0.0000,0.0000,0.0000,3,0,0,0,0,1,0,0,0,0
sc,ru1208,2012-06-29 09:01:16.500,23080.0000,780,0,0.0000,0.0000,0,0,多换,B,22835.0000,0.0000,0.0000,0.0000,0.0000,22895.0000,0.0000,0.0000,0.0000,0.0000,3,0,0,0,0,2,0,0,0,0
sc,ru1208,2012-06-29 09:01:18.500,23080.0000,780,0,0.0000,0.0000,0,0,多换,B,22700.0000,0.0000,0.0000,0.0000,0.0000,22895.0000,0.0000,0.0000,0.0000,0.0000,2,0,0,0,0,2,0,0,0,0
sc,ru1208,2012-06-29 09:01:19.000,23080.0000,780,0,0.0000,0.0000,0,0,多换,B,22710.0000,0.0000,0.0000,0.0000,0.0000,22895.0000,0.0000,0.0000,0.0000,0.0000,7,0,0,0,0,2,0,0,0,0
sc,ru1208,2012-06-29 09:01:19.500,23080.0000,780,0,0.0000,0.0000,0,0,多换,B,22720.0000,0.0000,0.0000,0.0000,0.0000,22895.0000,0.0000,0.0000,0.0000,0.0000,7,0,0,0,0,2,0,0,0,0
sc,ru1208,2012-06-29 09:01:20.000,23080.0000,780,0,0.0000,0.0000,0,0,多换,B,22730.0000,0.0000,0.0000,0.0000,0.0000,22895.0000,0.0000,0.0000,0.0000,0.0000,7,0,0,0,0,2,0,0,0,0
sc,ru1208,2012-06-29 09:01:20.500,23080.0000,780,0,0.0000,0.0000,0,0,多换,B,22740.0000,0.0000,0.0000,0.0000,0.0000,22895.0000,0.0000,0.0000,0.0000,0.0000,7,0,0,0,0,2,0,0,0,0
sc,ru1208,2012-06-29 09:01:21.000,23080.0000,780,0,0.0000,0.0000,0,0,多换,B,22750.0000,0.0000,0.0000,0.0000,0.0000,22895.0000,0.0000,0.0000,0.0000,0.0000,7,0,0,0,0,2,0,0,0,0
sc,ru1208,2012-06-29 09:01:21.500,23080.0000,780,0,0.0000,0.0000,0,0,多换,B,22760.0000,0.0000,0.0000,0.0000,0.0000,22900.0000,0.0000,0.0000,0.0000,0.0000,7,0,0,0,0,1,0,0,0,0
sc,ru1208,2012-06-29 09:01:22.000,23080.0000,780,0,0.0000,0.0000,0,0,多换,B,22770.0000,0.0000,0.0000,0.0000,0.0000,22900.0000,0.0000,0.0000,0.0000,0.0000,7,0,0,0,0,3,0,0,0,0
sc,ru1208,2012-06-29 09:01:22.500,23080.0000,780,0,0.0000,0.0000,0,0,多换,B,22780.0000,0.0000,0.0000,0.0000,0.0000,22900.0000,0.0000,0.0000,0.0000,0.0000,1,0,0,0,0,3,0,0,0,0
sc,ru1208,2012-06-29 09:01:23.000,23080.0000,780,0,0.0000,0.0000,0,0,多换,B,22785.0000,0.0000,0.0000,0.0000,0.0000,22900.0000,0.0000,0.0000,0.0000,0.0000,5,0,0,0,0,3,0,0,0,0
sc,ru1208,2012-06-29 09:01:23.500,23080.0000,780,0,0.0000,0.0000,0,0,多换,B,22795.0000,0.0000,0.0000,0.0000,0.0000,22900.0000,0.0000,0.0000,0.0000,0.0000,1,0,0,0,0,3,0,0,0,0
sc,ru1208,2012-06-29 09:01:24.000,23080.0000,780,0,0.0000,0.0000,0,0,多换,B,22795.0000,0.0000,0.0000,0.0000,0.0000,22900.0000,0.0000,0.0000,0.0000,0.0000,1,0,0,0,0,3,0,0,0,0
sc,ru1208,2012-06-29 09:01:24.500,23080.0000,780,0,0.0000,0.0000,0,0,多换,B,22800.0000,0.0000,0.0000,0.0000,0.0000,22900.0000,0.0000,0.0000,0.0000,0.0000,4,0,0,0,0,3,0,0,0,0
sc,ru1208,2012-06-29 09:01:25.000,23080.0000,780,0,0.0000,0.0000,0,0,多换,B,22805.0000,0.0000,0.0000,0.0000,0.0000,22900.0000,0.0000,0.0000,0.0000,0.0000,1,0,0,0,0,3,0,0,0,0
sc,ru1208,2012-06-29 09:01:25.500,23080.0000,780,0,0.0000,0.0000,0,0,多换,B,22800.0000,0.0000,0.0000,0.0000,0.0000,22900.0000,0.0000,0.0000,0.0000,0.0000,3,0,0,0,0,2,0,0,0,0
sc,ru1208,2012-06-29 09:01:26.000,23080.0000,780,0,0.0000,0.0000,0,0,多换,B,22805.0000,0.0000,0.0000,0.0000,0.0000,22895.0000,0.0000,0.0000,0.0000,0.0000,4,0,0,0,0,1,0,0,0,0
sc,ru1208,2012-06-29 09:01:26.500,23080.0000,780,0,0.0000,0.0000,0,0,多换,B,22805.0000,0.0000,0.0000,0.0000,0.0000,22895.0000,0.0000,0.0000,0.0000,0.0000,4,0,0,0,0,1,0,0,0,0
sc,ru1208,2012-06-29 09:01:27.000,23080.0000,780,0,0.0000,0.0000,0,0,多换,B,22810.0000,0.0000,0.0000,0.0000,0.0000,22895.0000,0.0000,0.0000,0.0000,0.0000,3,0,0,0,0,2,0,0,0,0
sc,ru1208,2012-06-29 09:01:27.500,23080.0000,780,0,0.0000,0.0000,0,0,多换,B,22810.0000,0.0000,0.0000,0.0000,0.0000,22895.0000,0.0000,0.0000,0.0000,0.0000,3,0,0,0,0,2,0,0,0,0
sc,ru1208,2012-06-29 09:01:28.000,23080.0000,780,0,0.0000,0.0000,0,0,多换,B,22815.0000,0.0000,0.0000,0.0000,0.0000,22895.0000,0.0000,0.0000,0.0000,0.0000,4,0,0,0,0,2,0,0,0,0
sc,ru1208,2012-06-29 09:01:28.500,23080.0000,780,0,0.0000,0.0000,0,0,多换,B,22815.0000,0.0000,0.0000,0.0000,0.0000,22895.0000,0.0000,0.0000,0.0000,0.0000,4,0,0,0,0,2,0,0,0,0
sc,ru1208,2012-06-29 09:01:29.000,23080.0000,780,0,0.0000,0.0000,0,0,多换,B,22820.0000,0.0000,0.0000,0.0000,0.0000,22900.0000,0.0000,0.0000,0.0000,0.0000,3,0,0,0,0,1,0,0,0,0
sc,ru1208,2012-06-29 09:01:29.500,23080.0000,780,0,0.0000,0.0000,0,0,多换,B,22820.0000,0.0000,0.0000,0.0000,0.0000,22900.0000,0.0000,0.0000,0.0000,0.0000,3,0,0,0,0,3,0,0,0,0
sc,ru1208,2012-06-29 09:01:30.000,23080.0000,780,0,0.0000,0.0000,0,0,多换,B,22825.0000,0.0000,0.0000,0.0000,0.0000,22900.0000,0.0000,0.0000,0.0000,0.0000,4,0,0,0,0,3,0,0,0,0
sc,ru1208,2012-06-29 09:01:30.500,23080.0000,780,0,0.0000,0.0000,0,0,多换,B,22825.0000,0.0000,0.0000,0.0000,0.0000,22900.0000,0.0000,0.0000,0.0000,0.0000,4,0,0,0,0,3,0,0,0,0
sc,ru1208,2012-06-29 09:01:31.000,23080.0000,780,0,0.0000,0.0000,0,0,多换,B,22830.0000,0.0000,0.0000,0.0000,0.0000,22900.0000,0.0000,0.0000,0.0000,0.0000,3,0,0,0,0,3,0,0,0,0
sc,ru1208,2012-06-29 09:01:34.500,23080.0000,780,0,0.0000,0.0000,0,0,多换,B,22830.0000,0.0000,0.0000,0.0000,0.0000,22900.0000,0.0000,0.0000,0.0000,0.0000,3,0,0,0,0,1,0,0,0,0
sc,ru1208,2012-06-29 09:01:35.000,23080.0000,780,0,0.0000,0.0000,0,0,多换,B,22830.0000,0.0000,0.0000,0.0000,0.0000,22900.0000,0.0000,0.0000,0.0000,0.0000,3,0,0,0,0,1,0,0,0,0
sc,ru1208,2012-06-29 09:01:39.000,23080.0000,780,0,0.0000,0.0000,0,0,多换,B,22830.0000,0.0000,0.0000,0.0000,0.0000,22900.0000,0.0000,0.0000,0.0000,0.0000,3,0,0,0,0,1,0,0,0,0
sc,ru1208,2012-06-29 09:01:39.500,23080.0000,780,0,0.0000,0.0000,0,0,多换,B,22835.0000,0.0000,0.0000,0.0000,0.0000,22900.0000,0.0000,0.0000,0.0000,0.0000,4,0,0,0,0,1,0,0,0,0
sc,ru1208,2012-06-29 09:01:40.000,23080.0000,780,0,0.0000,0.0000,0,0,多换,B,22835.0000,0.0000,0.0000,0.0000,0.0000,22900.0000,0.0000,0.0000,0.0000,0.0000,4,0,0,0,0,1,0,0,0,0
sc,ru1208,2012-06-29 09:01:40.500,23080.0000,780,0,0.0000,0.0000,0,0,多换,B,22840.0000,0.0000,0.0000,0.0000,0.0000,22900.0000,0.0000,0.0000,0.0000,0.0000,3,0,0,0,0,1,0,0,0,0
sc,ru1208,2012-06-29 09:01:41.000,23080.0000,780,0,0.0000,0.0000,0,0,多换,B,22840.0000,0.0000,0.0000,0.0000,0.0000,22900.0000,0.0000,0.0000,0.0000,0.0000,3,0,0,0,0,1,0,0,0,0
sc,ru1208,2012-06-29 09:01:41.500,23080.0000,780,0,0.0000,0.0000,0,0,多换,B,22840.0000,0.0000,0.0000,0.0000,0.0000,22900.0000,0.0000,0.0000,0.0000,0.0000,3,0,0,0,0,1,0,0,0,0
sc,ru1208,2012-06-29 09:01:44.000,23080.0000,780,0,0.0000,0.0000,0,0,多换,B,22840.0000,0.0000,0.0000,0.0000,0.0000,22900.0000,0.0000,0.0000,0.0000,0.0000,3,0,0,0,0,1,0,0,0,0
sc,ru1208,2012-06-29 09:01:44.500,23080.0000,780,0,0.0000,0.0000,0,0,多换,B,22840.0000,0.0000,0.0000,0.0000,0.0000,22900.0000,0.0000,0.0000,0.0000,0.0000,3,0,0,0,0,3,0,0,0,0
sc,ru1208,2012-06-29 09:01:47.000,23080.0000,780,0,0.0000,0.0000,0,0,多换,B,22840.0000,0.0000,0.0000,0.0000,0.0000,22900.0000,0.0000,0.0000,0.0000,0.0000,3,0,0,0,0,1,0,0,0,0
sc,ru1208,2012-06-29 09:01:47.500,23080.0000,780,0,0.0000,0.0000,0,0,多换,B,22840.0000,0.0000,0.0000,0.0000,0.0000,22895.0000,0.0000,0.0000,0.0000,0.0000,3,0,0,0,0,2,0,0,0,0
sc,ru1208,2012-06-29 09:01:49.000,23080.0000,780,0,0.0000,0.0000,0,0,多换,B,22840.0000,0.0000,0.0000,0.0000,0.0000,22900.0000,0.0000,0.0000,0.0000,0.0000,3,0,0,0,0,1,0,0,0,0
sc,ru1208,2012-06-29 09:01:49.500,23080.0000,780,0,0.0000,0.0000,0,0,多换,B,22840.0000,0.0000,0.0000,0.0000,0.0000,22900.0000,0.0000,0.0000,0.0000,0.0000,3,0,0,0,0,3,0,0,0,0
sc,ru1208,2012-06-29 09:01:51.500,23080.0000,780,0,0.0000,0.0000,0,0,多换,B,22840.0000,0.0000,0.0000,0.0000,0.0000,22900.0000,0.0000,0.0000,0.0000,0.0000,3,0,0,0,0,1,0,0,0,0
sc,ru1208,2012-06-29 09:01:52.000,23080.0000,780,0,0.0000,0.0000,0,0,多换,B,22840.0000,0.0000,0.0000,0.0000,0.0000,22895.0000,0.0000,0.0000,0.0000,0.0000,3,0,0,0,0,2,0,0,0,0
sc,ru1208,2012-06-29 09:01:54.000,23080.0000,780,0,0.0000,0.0000,0,0,多换,B,22700.0000,0.0000,0.0000,0.0000,0.0000,22895.0000,0.0000,0.0000,0.0000,0.0000,2,0,0,0,0,2,0,0,0,0
sc,ru1208,2012-06-29 09:01:54.500,23080.0000,780,0,0.0000,0.0000,0,0,多换,B,22710.0000,0.0000,0.0000,0.0000,0.0000,22895.0000,0.0000,0.0000,0.0000,0.0000,7,0,0,0,0,2,0,0,0,0
sc,ru1208,2012-06-29 09:01:55.000,23080.0000,780,0,0.0000,0.0000,0,0,多换,B,22720.0000,0.0000,0.0000,0.0000,0.0000,22895.0000,0.0000,0.0000,0.0000,0.0000,7,0,0,0,0,2,0,0,0,0
sc,ru1208,2012-06-29 09:01:55.500,23080.0000,780,0,0.0000,0.0000,0,0,多换,B,22730.0000,0.0000,0.0000,0.0000,0.0000,22895.0000,0.0000,0.0000,0.0000,0.0000,7,0,0,0,0,2,0,0,0,0
sc,ru1208,2012-06-29 09:01:56.000,23080.0000,780,0,0.0000,0.0000,0,0,多换,B,22740.0000,0.0000,0.0000,0.0000,0.0000,22895.0000,0.0000,0.0000,0.0000,0.0000,7,0,0,0,0,2,0,0,0,0
sc,ru1208,2012-06-29 09:01:56.500,23080.0000,780,0,0.0000,0.0000,0,0,多换,B,22750.0000,0.0000,0.0000,0.0000,0.0000,22895.0000,0.0000,0.0000,0.0000,0.0000,7,0,0,0,0,2,0,0,0,0
sc,ru1208,2012-06-29 09:01:57.000,23080.0000,780,0,0.0000,0.0000,0,0,多换,B,22760.0000,0.0000,0.0000,0.0000,0.0000,22895.0000,0.0000,0.0000,0.0000,0.0000,1,0,0,0,0,2,0,0,0,0
sc,ru1208,2012-06-29 09:01:57.500,23080.0000,780,0,0.0000,0.0000,0,0,多换,B,22765.0000,0.0000,0.0000,0.0000,0.0000,22895.0000,0.0000,0.0000,0.0000,0.0000,5,0,0,0,0,2,0,0,0,0
sc,ru1208,2012-06-29 09:01:58.000,23080.0000,780,0,0.0000,0.0000,0,0,多换,B,22775.0000,0.0000,0.0000,0.0000,0.0000,22895.0000,0.0000,0.0000,0.0000,0.0000,1,0,0,0,0,2,0,0,0,0
sc,ru1208,2012-06-29 09:01:58.500,23080.0000,780,0,0.0000,0.0000,0,0,多换,B,22775.0000,0.0000,0.0000,0.0000,0.0000,22895.0000,0.0000,0.0000,0.0000,0.0000,1,0,0,0,0,2,0,0,0,0
sc,ru1208,2012-06-29 09:01:59.000,23080.0000,780,0,0.0000,0.0000,0,0,多换,B,22780.0000,0.0000,0.0000,0.0000,0.0000,22895.0000,0.0000,0.0000,0.0000,0.0000,4,0,0,0,0,2,0,0,0,0
sc,ru1208,2012-06-29 09:01:59.500,23080.0000,780,0,0.0000,0.0000,0,0,多换,B,22780.0000,0.0000,0.0000,0.0000,0.0000,22895.0000,0.0000,0.0000,0.0000,0.0000,4,0,0,0,0,2,0,0,0,0
sc,ru1208,2012-06-29 09:02:00.000,23080.0000,780,0,0.0000,0.0000,0,0,多换,B,22790.0000,0.0000,0.0000,0.0000,0.0000,22895.0000,0.0000,0.0000,0.0000,0.0000,1,0,0,0,0,2,0,0,0,0
sc,ru1208,2012-06-29 09:02:00.500,23080.0000,780,0,0.0000,0.0000,0,0,多换,B,22790.0000,0.0000,0.0000,0.0000,0.0000,22895.0000,0.0000,0.0000,0.0000,0.0000,1,0,0,0,0,2,0,0,0,0
sc,ru1208,2012-06-29 09:02:01.000,23080.0000,780,0,0.0000,0.0000,0,0,多换,B,22795.0000,0.0000,0.0000,0.0000,0.0000,22895.0000,0.0000,0.0000,0.0000,0.0000,4,0,0,0,0,2,0,0,0,0
sc,ru1208,2012-06-29 09:02:01.500,23080.0000,780,0,0.0000,0.0000,0,0,多换,B,22795.0000,0.0000,0.0000,0.0000,0.0000,22895.0000,0.0000,0.0000,0.0000,0.0000,4,0,0,0,0,2,0,0,0,0
sc,ru1208,2012-06-29 09:02:02.000,23080.0000,780,0,0.0000,0.0000,0,0,多换,B,22800.0000,0.0000,0.0000,0.0000,0.0000,22895.0000,0.0000,0.0000,0.0000,0.0000,3,0,0,0,0,2,0,0,0,0
sc,ru1208,2012-06-29 09:02:02.500,23080.0000,780,0,0.0000,0.0000,0,0,多换,B,22800.0000,0.0000,0.0000,0.0000,0.0000,22895.0000,0.0000,0.0000,0.0000,0.0000,3,0,0,0,0,2,0,0,0,0
sc,ru1208,2012-06-29 09:02:03.000,23080.0000,780,0,0.0000,0.0000,0,0,多换,B,22805.0000,0.0000,0.0000,0.0000,0.0000,22895.0000,0.0000,0.0000,0.0000,0.0000,4,0,0,0,0,2,0,0,0,0
sc,ru1208,2012-06-29 09:02:03.500,23080.0000,780,0,0.0000,0.0000,0,0,多换,B,22805.0000,0.0000,0.0000,0.0000,0.0000,22895.0000,0.0000,0.0000,0.0000,0.0000,4,0,0,0,0,2,0,0,0,0
sc,ru1208,2012-06-29 09:02:04.000,23080.0000,780,0,0.0000,0.0000,0,0,多换,B,22810.0000,0.0000,0.0000,0.0000,0.0000,22895.0000,0.0000,0.0000,0.0000,0.0000,3,0,0,0,0,2,0,0,0,0
sc,ru1208,2012-06-29 09:02:04.500,23080.0000,780,0,0.0000,0.0000,0,0,多换,B,22810.0000,0.0000,0.0000,0.0000,0.0000,22895.0000,0.0000,0.0000,0.0000,0.0000,3,0,0,0,0,2,0,0,0,0
sc,ru1208,2012-06-29 09:02:05.000,23080.0000,780,0,0.0000,0.0000,0,0,多换,B,22815.0000,0.0000,0.0000,0.0000,0.0000,22895.0000,0.0000,0.0000,0.0000,0.0000,4,0,0,0,0,2,0,0,0,0
sc,ru1208,2012-06-29 09:02:05.500,23080.0000,780,0,0.0000,0.0000,0,0,多换,B,22700.0000,0.0000,0.0000,0.0000,0.0000,22895.0000,0.0000,0.0000,0.0000,0.0000,2,0,0,0,0,2,0,0,0,0
sc,ru1208,2012-06-29 09:02:06.000,23080.0000,780,0,0.0000,0.0000,0,0,多换,B,22820.0000,0.0000,0.0000,0.0000,0.0000,22895.0000,0.0000,0.0000,0.0000,0.0000,3,0,0,0,0,2,0,0,0,0
sc,ru1208,2012-06-29 09:02:06.500,23080.0000,780,0,0.0000,0.0000,0,0,多换,B,22820.0000,0.0000,0.0000,0.0000,0.0000,22895.0000,0.0000,0.0000,0.0000,0.0000,3,0,0,0,0,2,0,0,0,0
sc,ru1208,2012-06-29 09:02:12.500,23080.0000,780,0,0.0000,0.0000,0,0,多换,B,22820.0000,0.0000,0.0000,0.0000,0.0000,22900.0000,0.0000,0.0000,0.0000,0.0000,3,0,0,0,0,1,0,0,0,0
sc,ru1208,2012-06-29 09:02:13.000,23080.0000,780,0,0.0000,0.0000,0,0,多换,B,22820.0000,0.0000,0.0000,0.0000,0.0000,22900.0000,0.0000,0.0000,0.0000,0.0000,3,0,0,0,0,3,0,0,0,0
sc,ru1208,2012-06-29 09:02:13.500,23080.0000,780,0,0.0000,0.0000,0,0,多换,B,22825.0000,0.0000,0.0000,0.0000,0.0000,22900.0000,0.0000,0.0000,0.0000,0.0000,4,0,0,0,0,3,0,0,0,0
sc,ru1208,2012-06-29 09:02:14.000,23080.0000,780,0,0.0000,0.0000,0,0,多换,B,22705.0000,0.0000,0.0000,0.0000,0.0000,22900.0000,0.0000,0.0000,0.0000,0.0000,2,0,0,0,0,2,0,0,0,0
sc,ru1208,2012-06-29 09:02:14.500,23080.0000,780,0,0.0000,0.0000,0,0,多换,B,22715.0000,0.0000,0.0000,0.0000,0.0000,22895.0000,0.0000,0.0000,0.0000,0.0000,7,0,0,0,0,1,0,0,0,0
sc,ru1208,2012-06-29 09:02:15.000,23080.0000,780,0,0.0000,0.0000,0,0,多换,B,22725.0000,0.0000,0.0000,0.0000,0.0000,22895.0000,0.0000,0.0000,0.0000,0.0000,7,0,0,0,0,1,0,0,0,0
sc,ru1208,2012-06-29 09:02:15.500,23080.0000,780,0,0.0000,0.0000,0,0,多换,B,22735.0000,0.0000,0.0000,0.0000,0.0000,22895.0000,0.0000,0.0000,0.0000,0.0000,7,0,0,0,0,2,0,0,0,0
sc,ru1208,2012-06-29 09:02:16.000,23080.0000,780,0,0.0000,0.0000,0,0,多换,B,22745.0000,0.0000,0.0000,0.0000,0.0000,22895.0000,0.0000,0.0000,0.0000,0.0000,7,0,0,0,0,2,0,0,0,0
sc,ru1208,2012-06-29 09:02:16.500,23080.0000,780,0,0.0000,0.0000,0,0,多换,B,22755.0000,0.0000,0.0000,0.0000,0.0000,22895.0000,0.0000,0.0000,0.0000,0.0000,7,0,0,0,0,2,0,0,0,0
sc,ru1208,2012-06-29 09:02:17.000,23080.0000,780,0,0.0000,0.0000,0,0,多换,B,22765.0000,0.0000,0.0000,0.0000,0.0000,22895.0000,0.0000,0.0000,0.0000,0.0000,7,0,0,0,0,2,0,0,0,0
sc,ru1208,2012-06-29 09:02:17.500,23080.0000,780,0,0.0000,0.0000,0,0,多换,B,22775.0000,0.0000,0.0000,0.0000,0.0000,22895.0000,0.0000,0.0000,0.0000,0.0000,1,0,0,0,0,1,0,0,0,0
sc,ru1208,2012-06-29 09:02:18.000,23080.0000,780,0,0.0000,0.0000,0,0,多换,B,22780.0000,0.0000,0.0000,0.0000,0.0000,22890.0000,0.0000,0.0000,0.0000,0.0000,1,0,0,0,0,1,0,0,0,0
sc,ru1208,2012-06-29 09:02:18.500,23080.0000,780,0,0.0000,0.0000,0,0,多换,B,22790.0000,0.0000,0.0000,0.0000,0.0000,22890.0000,0.0000,0.0000,0.0000,0.0000,1,0,0,0,0,1,0,0,0,0
sc,ru1208,2012-06-29 09:02:19.000,23080.0000,780,0,0.0000,0.0000,0,0,多换,B,22790.0000,0.0000,0.0000,0.0000,0.0000,22890.0000,0.0000,0.0000,0.0000,0.0000,1,0,0,0,0,1,0,0,0,0
sc,ru1208,2012-06-29 09:02:19.500,23080.0000,780,0,0.0000,0.0000,0,0,多换,B,22795.0000,0.0000,0.0000,0.0000,0.0000,22890.0000,0.0000,0.0000,0.0000,0.0000,7,0,0,0,0,1,0,0,0,0
sc,ru1208,2012-06-29 09:02:20.000,23080.0000,780,0,0.0000,0.0000,0,0,多换,B,22800.0000,0.0000,0.0000,0.0000,0.0000,22895.0000,0.0000,0.0000,0.0000,0.0000,1,0,0,0,0,1,0,0,0,0
sc,ru1208,2012-06-29 09:02:20.500,23080.0000,780,0,0.0000,0.0000,0,0,多换,B,22800.0000,0.0000,0.0000,0.0000,0.0000,22895.0000,0.0000,0.0000,0.0000,0.0000,1,0,0,0,0,2,0,0,0,0
sc,ru1208,2012-06-29 09:02:21.000,23080.0000,780,0,0.0000,0.0000,0,0,多换,B,22805.0000,0.0000,0.0000,0.0000,0.0000,22895.0000,0.0000,0.0000,0.0000,0.0000,4,0,0,0,0,1,0,0,0,0
sc,ru1208,2012-06-29 09:02:21.500,23080.0000,780,0,0.0000,0.0000,0,0,多换,B,22810.0000,0.0000,0.0000,0.0000,0.0000,22900.0000,0.0000,0.0000,0.0000,0.0000,3,0,0,0,0,2,0,0,0,0
sc,ru1208,2012-06-29 09:02:22.000,23080.0000,780,0,0.0000,0.0000,0,0,多换,B,22810.0000,0.0000,0.0000,0.0000,0.0000,22900.0000,0.0000,0.0000,0.0000,0.0000,3,0,0,0,0,3,0,0,0,0
sc,ru1208,2012-06-29 09:02:22.500,23080.0000,780,0,0.0000,0.0000,0,0,多换,B,22815.0000,0.0000,0.0000,0.0000,0.0000,22900.0000,0.0000,0.0000,0.0000,0.0000,4,0,0,0,0,3,0,0,0,0
sc,ru1208,2012-06-29 09:02:23.000,23080.0000,780,0,0.0000,0.0000,0,0,多换,B,22815.0000,0.0000,0.0000,0.0000,0.0000,22900.0000,0.0000,0.0000,0.0000,0.0000,4,0,0,0,0,3,0,0,0,0
sc,ru1208,2012-06-29 09:02:23.500,23080.0000,780,0,0.0000,0.0000,0,0,多换,B,22815.0000,0.0000,0.0000,0.0000,0.0000,22900.0000,0.0000,0.0000,0.0000,0.0000,4,0,0,0,0,3,0,0,0,0
sc,ru1208,2012-06-29 09:02:25.000,23080.0000,780,0,0.0000,0.0000,0,0,多换,B,22820.0000,0.0000,0.0000,0.0000,0.0000,22900.0000,0.0000,0.0000,0.0000,0.0000,3,0,0,0,0,1,0,0,0,0
sc,ru1208,2012-06-29 09:02:25.500,23080.0000,780,0,0.0000,0.0000,0,0,多换,B,22820.0000,0.0000,0.0000,0.0000,0.0000,22900.0000,0.0000,0.0000,0.0000,0.0000,3,0,0,0,0,1,0,0,0,0
sc,ru1208,2012-06-29 09:02:26.000,23080.0000,780,0,0.0000,0.0000,0,0,多换,B,22825.0000,0.0000,0.0000,0.0000,0.0000,22900.0000,0.0000,0.0000,0.0000,0.0000,4,0,0,0,0,1,0,0,0,0
sc,ru1208,2012-06-29 09:02:26.500,23080.0000,780,0,0.0000,0.0000,0,0,多换,B,22825.0000,0.0000,0.0000,0.0000,0.0000,22900.0000,0.0000,0.0000,0.0000,0.0000,4,0,0,0,0,1,0,0,0,0
sc,ru1208,2012-06-29 09:02:30.000,23080.0000,780,0,0.0000,0.0000,0,0,多换,B,22825.0000,0.0000,0.0000,0.0000,0.0000,22900.0000,0.0000,0.0000,0.0000,0.0000,4,0,0,0,0,1,0,0,0,0
sc,ru1208,2012-06-29 09:02:30.500,23080.0000,780,0,0.0000,0.0000,0,0,多换,B,22825.0000,0.0000,0.0000,0.0000,0.0000,22900.0000,0.0000,0.0000,0.0000,0.0000,4,0,0,0,0,1,0,0,0,0
sc,ru1208,2012-06-29 09:02:33.000,23080.0000,780,0,0.0000,0.0000,0,0,多换,B,22830.0000,0.0000,0.0000,0.0000,0.0000,22900.0000,0.0000,0.0000,0.0000,0.0000,3,0,0,0,0,1,0,0,0,0
sc,ru1208,2012-06-29 09:02:33.500,23080.0000,780,0,0.0000,0.0000,0,0,多换,B,22830.0000,0.0000,0.0000,0.0000,0.0000,22900.0000,0.0000,0.0000,0.0000,0.0000,3,0,0,0,0,1,0,0,0,0
sc,ru1208,2012-06-29 09:02:34.000,23080.0000,780,0,0.0000,0.0000,0,0,多换,B,22835.0000,0.0000,0.0000,0.0000,0.0000,22900.0000,0.0000,0.0000,0.0000,0.0000,4,0,0,0,0,1,0,0,0,0
sc,ru1208,2012-06-29 09:02:34.500,23080.0000,780,0,0.0000,0.0000,0,0,多换,B,22835.0000,0.0000,0.0000,0.0000,0.0000,22900.0000,0.0000,0.0000,0.0000,0.0000,4,0,0,0,0,1,0,0,0,0
sc,ru1208,2012-06-29 09:02:35.000,23080.0000,780,0,0.0000,0.0000,0,0,多换,B,22840.0000,0.0000,0.0000,0.0000,0.0000,22900.0000,0.0000,0.0000,0.0000,0.0000,3,0,0,0,0,1,0,0,0,0
sc,ru1208,2012-06-29 09:02:37.500,23080.0000,780,0,0.0000,0.0000,0,0,多换,B,22840.0000,0.0000,0.0000,0.0000,0.0000,22900.0000,0.0000,0.0000,0.0000,0.0000,3,0,0,0,0,1,0,0,0,0
sc,ru1208,2012-06-29 09:02:39.000,23080.0000,780,0,0.0000,0.0000,0,0,多换,B,22840.0000,0.0000,0.0000,0.0000,0.0000,22900.0000,0.0000,0.0000,0.0000,0.0000,3,0,0,0,0,1,0,0,0,0
sc,ru1208,2012-06-29 09:02:39.500,23080.0000,780,0,0.0000,0.0000,0,0,多换,B,22840.0000,0.0000,0.0000,0.0000,0.0000,22900.0000,0.0000,0.0000,0.0000,0.0000,3,0,0,0,0,1,0,0,0,0
sc,ru1208,2012-06-29 09:02:40.500,23080.0000,780,0,0.0000,0.0000,0,0,多换,B,22840.0000,0.0000,0.0000,0.0000,0.0000,22900.0000,0.0000,0.0000,0.0000,0.0000,3,0,0,0,0,1,0,0,0,0
sc,ru1208,2012-06-29 09:02:41.000,23080.0000,780,0,0.0000,0.0000,0,0,多换,B,22840.0000,0.0000,0.0000,0.0000,0.0000,22900.0000,0.0000,0.0000,0.0000,0.0000,3,0,0,0,0,1,0,0,0,0
sc,ru1208,2012-06-29 09:02:44.500,23080.0000,780,0,0.0000,0.0000,0,0,多换,B,22840.0000,0.0000,0.0000,0.0000,0.0000,22900.0000,0.0000,0.0000,0.0000,0.0000,3,0,0,0,0,1,0,0,0,0
sc,ru1208,2012-06-29 09:02:46.000,23080.0000,780,0,0.0000,0.0000,0,0,多换,B,22840.0000,0.0000,0.0000,0.0000,0.0000,22900.0000,0.0000,0.0000,0.0000,0.0000,3,0,0,0,0,1,0,0,0,0
sc,ru1208,2012-06-29 09:02:46.500,23080.0000,780,0,0.0000,0.0000,0,0,多换,B,22840.0000,0.0000,0.0000,0.0000,0.0000,22900.0000,0.0000,0.0000,0.0000,0.0000,3,0,0,0,0,1,0,0,0,0
sc,ru1208,2012-06-29 09:02:57.500,23080.0000,780,0,0.0000,0.0000,0,0,多换,B,22840.0000,0.0000,0.0000,0.0000,0.0000,22900.0000,0.0000,0.0000,0.0000,0.0000,3,0,0,0,0,1,0,0,0,0
sc,ru1208,2012-06-29 09:02:59.500,23080.0000,780,0,0.0000,0.0000,0,0,多换,B,22840.0000,0.0000,0.0000,0.0000,0.0000,22900.0000,0.0000,0.0000,0.0000,0.0000,3,0,0,0,0,1,0,0,0,0
sc,ru1208,2012-06-29 09:03:02.000,23080.0000,780,0,0.0000,0.0000,0,0,多换,B,22840.0000,0.0000,0.0000,0.0000,0.0000,22900.0000,0.0000,0.0000,0.0000,0.0000,3,0,0,0,0,1,0,0,0,0
sc,ru1208,2012-06-29 09:03:03.000,23080.0000,780,0,0.0000,0.0000,0,0,多换,B,22840.0000,0.0000,0.0000,0.0000,0.0000,22900.0000,0.0000,0.0000,0.0000,0.0000,3,0,0,0,0,1,0,0,0,0
sc,ru1208,2012-06-29 09:03:06.000,23080.0000,780,0,0.0000,0.0000,0,0,多换,B,22840.0000,0.0000,0.0000,0.0000,0.0000,22895.0000,0.0000,0.0000,0.0000,0.0000,3,0,0,0,0,3,0,0,0,0
sc,ru1208,2012-06-29 09:03:06.500,23080.0000,780,0,0.0000,0.0000,0,0,多换,B,22840.0000,0.0000,0.0000,0.0000,0.0000,22895.0000,0.0000,0.0000,0.0000,0.0000,3,0,0,0,0,3,0,0,0,0
sc,ru1208,2012-06-29 09:03:07.500,23080.0000,780,0,0.0000,0.0000,0,0,多换,B,22840.0000,0.0000,0.0000,0.0000,0.0000,22895.0000,0.0000,0.0000,0.0000,0.0000,3,0,0,0,0,3,0,0,0,0
sc,ru1208,2012-06-29 09:03:08.000,23080.0000,780,0,0.0000,0.0000,0,0,多换,B,22840.0000,0.0000,0.0000,0.0000,0.0000,22895.0000,0.0000,0.0000,0.0000,0.0000,3,0,0,0,0,3,0,0,0,0
sc,ru1208,2012-06-29 09:03:08.500,23080.0000,780,0,0.0000,0.0000,0,0,多换,B,22840.0000,0.0000,0.0000,0.0000,0.0000,22895.0000,0.0000,0.0000,0.0000,0.0000,3,0,0,0,0,3,0,0,0,0
sc,ru1208,2012-06-29 09:03:09.000,23080.0000,780,0,0.0000,0.0000,0,0,多换,B,22840.0000,0.0000,0.0000,0.0000,0.0000,22895.0000,0.0000,0.0000,0.0000,0.0000,3,0,0,0,0,3,0,0,0,0
sc,ru1208,2012-06-29 09:03:09.500,23080.0000,780,0,0.0000,0.0000,0,0,多换,B,22840.0000,0.0000,0.0000,0.0000,0.0000,22895.0000,0.0000,0.0000,0.0000,0.0000,3,0,0,0,0,3,0,0,0,0
sc,ru1208,2012-06-29 09:03:10.500,23080.0000,780,0,0.0000,0.0000,0,0,多换,B,22840.0000,0.0000,0.0000,0.0000,0.0000,22895.0000,0.0000,0.0000,0.0000,0.0000,3,0,0,0,0,3,0,0,0,0
sc,ru1208,2012-06-29 09:03:15.000,23080.0000,780,0,0.0000,0.0000,0,0,多换,B,22840.0000,0.0000,0.0000,0.0000,0.0000,22895.0000,0.0000,0.0000,0.0000,0.0000,3,0,0,0,0,3,0,0,0,0
sc,ru1208,2012-06-29 09:03:16.000,23080.0000,780,0,0.0000,0.0000,0,0,多换,B,22840.0000,0.0000,0.0000,0.0000,0.0000,22895.0000,0.0000,0.0000,0.0000,0.0000,3,0,0,0,0,3,0,0,0,0
sc,ru1208,2012-06-29 09:03:19.500,23080.0000,780,0,0.0000,0.0000,0,0,多换,B,22840.0000,0.0000,0.0000,0.0000,0.0000,22895.0000,0.0000,0.0000,0.0000,0.0000,3,0,0,0,0,3,0,0,0,0
sc,ru1208,2012-06-29 09:03:20.000,23080.0000,780,0,0.0000,0.0000,0,0,多换,B,22840.0000,0.0000,0.0000,0.0000,0.0000,22895.0000,0.0000,0.0000,0.0000,0.0000,3,0,0,0,0,3,0,0,0,0
sc,ru1208,2012-06-29 09:03:24.000,23080.0000,780,0,0.0000,0.0000,0,0,多换,B,22840.0000,0.0000,0.0000,0.0000,0.0000,22895.0000,0.0000,0.0000,0.0000,0.0000,3,0,0,0,0,3,0,0,0,0
sc,ru1208,2012-06-29 09:03:24.500,23080.0000,780,0,0.0000,0.0000,0,0,多换,B,22840.0000,0.0000,0.0000,0.0000,0.0000,22895.0000,0.0000,0.0000,0.0000,0.0000,3,0,0,0,0,3,0,0,0,0
sc,ru1208,2012-06-29 09:03:27.000,23080.0000,780,0,0.0000,0.0000,0,0,多换,B,22840.0000,0.0000,0.0000,0.0000,0.0000,22895.0000,0.0000,0.0000,0.0000,0.0000,3,0,0,0,0,3,0,0,0,0
sc,ru1208,2012-06-29 09:03:27.500,23080.0000,780,0,0.0000,0.0000,0,0,多换,B,22840.0000,0.0000,0.0000,0.0000,0.0000,22895.0000,0.0000,0.0000,0.0000,0.0000,3,0,0,0,0,3,0,0,0,0
sc,ru1208,2012-06-29 09:03:34.500,23080.0000,780,0,0.0000,0.0000,0,0,多换,B,22840.0000,0.0000,0.0000,0.0000,0.0000,22895.0000,0.0000,0.0000,0.0000,0.0000,3,0,0,0,0,3,0,0,0,0
sc,ru1208,2012-06-29 09:03:35.000,23080.0000,780,0,0.0000,0.0000,0,0,多换,B,22840.0000,0.0000,0.0000,0.0000,0.0000,22895.0000,0.0000,0.0000,0.0000,0.0000,3,0,0,0,0,5,0,0,0,0
sc,ru1208,2012-06-29 09:03:39.000,23080.0000,780,0,0.0000,0.0000,0,0,多换,B,22700.0000,0.0000,0.0000,0.0000,0.0000,22895.0000,0.0000,0.0000,0.0000,0.0000,2,0,0,0,0,3,0,0,0,0
sc,ru1208,2012-06-29 09:03:39.500,23080.0000,780,0,0.0000,0.0000,0,0,多换,B,22710.0000,0.0000,0.0000,0.0000,0.0000,22890.0000,0.0000,0.0000,0.0000,0.0000,7,0,0,0,0,2,0,0,0,0
sc,ru1208,2012-06-29 09:03:40.000,23080.0000,780,0,0.0000,0.0000,0,0,多换,B,22720.0000,0.0000,0.0000,0.0000,0.0000,22890.0000,0.0000,0.0000,0.0000,0.0000,7,0,0,0,0,2,0,0,0,0
sc,ru1208,2012-06-29 09:03:40.500,23080.0000,780,0,0.0000,0.0000,0,0,多换,B,22730.0000,0.0000,0.0000,0.0000,0.0000,22890.0000,0.0000,0.0000,0.0000,0.0000,7,0,0,0,0,2,0,0,0,0
sc,ru1208,2012-06-29 09:03:41.000,23080.0000,780,0,0.0000,0.0000,0,0,多换,B,22730.0000,0.0000,0.0000,0.0000,0.0000,22900.0000,0.0000,0.0000,0.0000,0.0000,7,0,0,0,0,1,0,0,0,0
sc,ru1208,2012-06-29 09:03:41.500,23080.0000,780,0,0.0000,0.0000,0,0,多换,B,22740.0000,0.0000,0.0000,0.0000,0.0000,22895.0000,0.0000,0.0000,0.0000,0.0000,7,0,0,0,0,2,0,0,0,0
sc,ru1208,2012-06-29 09:03:42.000,23080.0000,780,0,0.0000,0.0000,0,0,多换,B,22750.0000,0.0000,0.0000,0.0000,0.0000,22895.0000,0.0000,0.0000,0.0000,0.0000,7,0,0,0,0,2,0,0,0,0
sc,ru1208,2012-06-29 09:03:42.500,23080.0000,780,0,0.0000,0.0000,0,0,多换,B,22755.0000,0.0000,0.0000,0.0000,0.0000,22895.0000,0.0000,0.0000,0.0000,0.0000,5,0,0,0,0,2,0,0,0,0
sc,ru1208,2012-06-29 09:03:43.000,23080.0000,780,0,0.0000,0.0000,0,0,多换,B,22765.0000,0.0000,0.0000,0.0000,0.0000,22895.0000,0.0000,0.0000,0.0000,0.0000,7,0,0,0,0,2,0,0,0,0
sc,ru1208,2012-06-29 09:03:43.500,23080.0000,780,0,0.0000,0.0000,0,0,多换,B,22775.0000,0.0000,0.0000,0.0000,0.0000,22895.0000,0.0000,0.0000,0.0000,0.0000,1,0,0,0,0,2,0,0,0,0
sc,ru1208,2012-06-29 09:03:44.000,23080.0000,780,0,0.0000,0.0000,0,0,多换,B,22780.0000,0.0000,0.0000,0.0000,0.0000,22900.0000,0.0000,0.0000,0.0000,0.0000,5,0,0,0,0,1,0,0,0,0
sc,ru1208,2012-06-29 09:03:44.500,23080.0000,780,0,0.0000,0.0000,0,0,多换,B,22790.0000,0.0000,0.0000,0.0000,0.0000,22900.0000,0.0000,0.0000,0.0000,0.0000,1,0,0,0,0,3,0,0,0,0
sc,ru1208,2012-06-29 09:03:45.000,23080.0000,780,0,0.0000,0.0000,0,0,多换,B,22795.0000,0.0000,0.0000,0.0000,0.0000,22900.0000,0.0000,0.0000,0.0000,0.0000,4,0,0,0,0,3,0,0,0,0
sc,ru1208,2012-06-29 09:03:45.500,23080.0000,780,0,0.0000,0.0000,0,0,多换,B,22795.0000,0.0000,0.0000,0.0000,0.0000,22895.0000,0.0000,0.0000,0.0000,0.0000,4,0,0,0,0,1,0,0,0,0
sc,ru1208,2012-06-29 09:03:46.000,23080.0000,780,0,0.0000,0.0000,0,0,多换,B,22805.0000,0.0000,0.0000,0.0000,0.0000,22895.0000,0.0000,0.0000,0.0000,0.0000,1,0,0,0,0,3,0,0,0,0
sc,ru1208,2012-06-29 09:03:46.500,23080.0000,780,0,0.0000,0.0000,0,0,多换,B,22810.0000,0.0000,0.0000,0.0000,0.0000,22890.0000,0.0000,0.0000,0.0000,0.0000,3,0,0,0,0,1,0,0,0,0
sc,ru1208,2012-06-29 09:03:47.000,23080.0000,780,0,0.0000,0.0000,0,0,多换,B,22815.0000,0.0000,0.0000,0.0000,0.0000,22890.0000,0.0000,0.0000,0.0000,0.0000,4,0,0,0,0,1,0,0,0,0
sc,ru1208,2012-06-29 09:03:47.500,23080.0000,780,0,0.0000,0.0000,0,0,多换,B,22815.0000,0.0000,0.0000,0.0000,0.0000,22890.0000,0.0000,0.0000,0.0000,0.0000,4,0,0,0,0,1,0,0,0,0
sc,ru1208,2012-06-29 09:03:48.000,23080.0000,780,0,0.0000,0.0000,0,0,多换,B,22815.0000,0.0000,0.0000,0.0000,0.0000,22890.0000,0.0000,0.0000,0.0000,0.0000,4,0,0,0,0,1,0,0,0,0
sc,ru1208,2012-06-29 09:03:48.500,23080.0000,780,0,0.0000,0.0000,0,0,多换,B,22820.0000,0.0000,0.0000,0.0000,0.0000,22890.0000,0.0000,0.0000,0.0000,0.0000,3,0,0,0,0,1,0,0,0,0
sc,ru1208,2012-06-29 09:03:49.000,23080.0000,780,0,0.0000,0.0000,0,0,多换,B,22820.0000,0.0000,0.0000,0.0000,0.0000,22890.0000,0.0000,0.0000,0.0000,0.0000,3,0,0,0,0,2,0,0,0,0
sc,ru1208,2012-06-29 09:03:49.500,23080.0000,780,0,0.0000,0.0000,0,0,多换,B,22820.0000,0.0000,0.0000,0.0000,0.0000,22885.0000,0.0000,0.0000,0.0000,0.0000,3,0,0,0,0,2,0,0,0,0
sc,ru1208,2012-06-29 09:03:50.000,23080.0000,780,0,0.0000,0.0000,0,0,多换,B,22820.0000,0.0000,0.0000,0.0000,0.0000,22880.0000,0.0000,0.0000,0.0000,0.0000,3,0,0,0,0,1,0,0,0,0
sc,ru1208,2012-06-29 09:03:50.500,23080.0000,780,0,0.0000,0.0000,0,0,多换,B,22820.0000,0.0000,0.0000,0.0000,0.0000,22885.0000,0.0000,0.0000,0.0000,0.0000,3,0,0,0,0,1,0,0,0,0
sc,ru1208,2012-06-29 09:03:51.000,23080.0000,780,0,0.0000,0.0000,0,0,多换,B,22820.0000,0.0000,0.0000,0.0000,0.0000,22885.0000,0.0000,0.0000,0.0000,0.0000,3,0,0,0,0,1,0,0,0,0
sc,ru1208,2012-06-29 09:03:51.500,23080.0000,780,0,0.0000,0.0000,0,0,多换,B,22820.0000,0.0000,0.0000,0.0000,0.0000,22885.0000,0.0000,0.0000,0.0000,0.0000,3,0,0,0,0,1,0,0,0,0
sc,ru1208,2012-06-29 09:03:52.500,23080.0000,780,0,0.0000,0.0000,0,0,多换,B,22820.0000,0.0000,0.0000,0.0000,0.0000,22885.0000,0.0000,0.0000,0.0000,0.0000,3,0,0,0,0,1,0,0,0,0
sc,ru1208,2012-06-29 09:03:53.000,23080.0000,780,0,0.0000,0.0000,0,0,多换,B,22820.0000,0.0000,0.0000,0.0000,0.0000,22885.0000,0.0000,0.0000,0.0000,0.0000,3,0,0,0,0,1,0,0,0,0
sc,ru1208,2012-06-29 09:03:55.500,23080.0000,780,0,0.0000,0.0000,0,0,多换,B,22820.0000,0.0000,0.0000,0.0000,0.0000,22885.0000,0.0000,0.0000,0.0000,0.0000,3,0,0,0,0,1,0,0,0,0
sc,ru1208,2012-06-29 09:03:56.000,23080.0000,780,0,0.0000,0.0000,0,0,多换,B,22820.0000,0.0000,0.0000,0.0000,0.0000,22885.0000,0.0000,0.0000,0.0000,0.0000,3,0,0,0,0,2,0,0,0,0
sc,ru1208,2012-06-29 09:03:56.500,23080.0000,780,0,0.0000,0.0000,0,0,多换,B,22820.0000,0.0000,0.0000,0.0000,0.0000,22880.0000,0.0000,0.0000,0.0000,0.0000,3,0,0,0,0,1,0,0,0,0
sc,ru1208,2012-06-29 09:03:57.000,23080.0000,780,0,0.0000,0.0000,0,0,多换,B,22820.0000,0.0000,0.0000,0.0000,0.0000,22880.0000,0.0000,0.0000,0.0000,0.0000,3,0,0,0,0,1,0,0,0,0
sc,ru1208,2012-06-29 09:03:57.500,23080.0000,780,0,0.0000,0.0000,0,0,多换,B,22820.0000,0.0000,0.0000,0.0000,0.0000,22890.0000,0.0000,0.0000,0.0000,0.0000,3,0,0,0,0,1,0,0,0,0
sc,ru1208,2012-06-29 09:03:58.000,23080.0000,780,0,0.0000,0.0000,0,0,多换,B,22820.0000,0.0000,0.0000,0.0000,0.0000,22885.0000,0.0000,0.0000,0.0000,0.0000,3,0,0,0,0,1,0,0,0,0
sc,ru1208,2012-06-29 09:03:58.500,23080.0000,780,0,0.0000,0.0000,0,0,多换,B,22820.0000,0.0000,0.0000,0.0000,0.0000,22885.0000,0.0000,0.0000,0.0000,0.0000,3,0,0,0,0,1,0,0,0,0
sc,ru1208,2012-06-29 09:04:08.000,23080.0000,780,0,0.0000,0.0000,0,0,多换,B,22820.0000,0.0000,0.0000,0.0000,0.0000,22885.0000,0.0000,0.0000,0.0000,0.0000,3,0,0,0,0,1,0,0,0,0
sc,ru1208,2012-06-29 09:04:08.500,23080.0000,780,0,0.0000,0.0000,0,0,多换,B,22820.0000,0.0000,0.0000,0.0000,0.0000,22885.0000,0.0000,0.0000,0.0000,0.0000,3,0,0,0,0,1,0,0,0,0
sc,ru1208,2012-06-29 09:04:13.500,23080.0000,780,0,0.0000,0.0000,0,0,多换,B,22820.0000,0.0000,0.0000,0.0000,0.0000,22885.0000,0.0000,0.0000,0.0000,0.0000,3,0,0,0,0,1,0,0,0,0
sc,ru1208,2012-06-29 09:04:14.000,23080.0000,780,0,0.0000,0.0000,0,0,多换,B,22820.0000,0.0000,0.0000,0.0000,0.0000,22885.0000,0.0000,0.0000,0.0000,0.0000,3,0,0,0,0,1,0,0,0,0
sc,ru1208,2012-06-29 09:04:14.500,23080.0000,780,0,0.0000,0.0000,0,0,多换,B,22820.0000,0.0000,0.0000,0.0000,0.0000,22885.0000,0.0000,0.0000,0.0000,0.0000,3,0,0,0,0,1,0,0,0,0
sc,ru1208,2012-06-29 09:04:15.500,23080.0000,780,0,0.0000,0.0000,0,0,多换,B,22820.0000,0.0000,0.0000,0.0000,0.0000,22885.0000,0.0000,0.0000,0.0000,0.0000,3,0,0,0,0,1,0,0,0,0
sc,ru1208,2012-06-29 09:04:16.000,23080.0000,780,0,0.0000,0.0000,0,0,多换,B,22820.0000,0.0000,0.0000,0.0000,0.0000,22885.0000,0.0000,0.0000,0.0000,0.0000,3,0,0,0,0,1,0,0,0,0
sc,ru1208,2012-06-29 09:04:17.000,23080.0000,780,0,0.0000,0.0000,0,0,多换,B,22820.0000,0.0000,0.0000,0.0000,0.0000,22885.0000,0.0000,0.0000,0.0000,0.0000,3,0,0,0,0,1,0,0,0,0
sc,ru1208,2012-06-29 09:04:17.500,23080.0000,780,0,0.0000,0.0000,0,0,多换,B,22820.0000,0.0000,0.0000,0.0000,0.0000,22885.0000,0.0000,0.0000,0.0000,0.0000,3,0,0,0,0,1,0,0,0,0
sc,ru1208,2012-06-29 09:04:20.500,23080.0000,780,0,0.0000,0.0000,0,0,多换,B,22825.0000,0.0000,0.0000,0.0000,0.0000,22885.0000,0.0000,0.0000,0.0000,0.0000,4,0,0,0,0,1,0,0,0,0
sc,ru1208,2012-06-29 09:04:21.000,23080.0000,780,0,0.0000,0.0000,0,0,多换,B,22825.0000,0.0000,0.0000,0.0000,0.0000,22900.0000,0.0000,0.0000,0.0000,0.0000,4,0,0,0,0,1,0,0,0,0
sc,ru1208,2012-06-29 09:04:21.500,23080.0000,780,0,0.0000,0.0000,0,0,多换,B,22830.0000,0.0000,0.0000,0.0000,0.0000,22895.0000,0.0000,0.0000,0.0000,0.0000,3,0,0,0,0,1,0,0,0,0
sc,ru1208,2012-06-29 09:04:23.500,23080.0000,780,0,0.0000,0.0000,0,0,多换,B,22830.0000,0.0000,0.0000,0.0000,0.0000,22895.0000,0.0000,0.0000,0.0000,0.0000,3,0,0,0,0,1,0,0,0,0
sc,ru1208,2012-06-29 09:04:24.000,23080.0000,780,0,0.0000,0.0000,0,0,多换,B,22830.0000,0.0000,0.0000,0.0000,0.0000,22895.0000,0.0000,0.0000,0.0000,0.0000,3,0,0,0,0,1,0,0,0,0
sc,ru1208,2012-06-29 09:04:26.000,23080.0000,780,0,0.0000,0.0000,0,0,多换,B,22830.0000,0.0000,0.0000,0.0000,0.0000,22895.0000,0.0000,0.0000,0.0000,0.0000,3,0,0,0,0,1,0,0,0,0
sc,ru1208,2012-06-29 09:04:26.500,23080.0000,780,0,0.0000,0.0000,0,0,多换,B,22830.0000,0.0000,0.0000,0.0000,0.0000,22895.0000,0.0000,0.0000,0.0000,0.0000,3,0,0,0,0,3,0,0,0,0
sc,ru1208,2012-06-29 09:04:27.000,23080.0000,780,0,0.0000,0.0000,0,0,多换,B,22830.0000,0.0000,0.0000,0.0000,0.0000,22890.0000,0.0000,0.0000,0.0000,0.0000,3,0,0,0,0,1,0,0,0,0
sc,ru1208,2012-06-29 09:04:27.500,23080.0000,780,0,0.0000,0.0000,0,0,多换,B,22830.0000,0.0000,0.0000,0.0000,0.0000,22890.0000,0.0000,0.0000,0.0000,0.0000,3,0,0,0,0,1,0,0,0,0
sc,ru1208,2012-06-29 09:04:28.000,23080.0000,780,0,0.0000,0.0000,0,0,多换,B,22830.0000,0.0000,0.0000,0.0000,0.0000,22890.0000,0.0000,0.0000,0.0000,0.0000,3,0,0,0,0,1,0,0,0,0
sc,ru1208,2012-06-29 09:04:28.500,23080.0000,780,0,0.0000,0.0000,0,0,多换,B,22830.0000,0.0000,0.0000,0.0000,0.0000,22890.0000,0.0000,0.0000,0.0000,0.0000,3,0,0,0,0,1,0,0,0,0
sc,ru1208,2012-06-29 09:04:36.000,23080.0000,780,0,0.0000,0.0000,0,0,多换,B,22830.0000,0.0000,0.0000,0.0000,0.0000,22900.0000,0.0000,0.0000,0.0000,0.0000,3,0,0,0,0,1,0,0,0,0
sc,ru1208,2012-06-29 09:04:36.500,23080.0000,780,0,0.0000,0.0000,0,0,多换,B,22830.0000,0.0000,0.0000,0.0000,0.0000,22895.0000,0.0000,0.0000,0.0000,0.0000,3,0,0,0,0,1,0,0,0,0
sc,ru1208,2012-06-29 09:04:37.000,23080.0000,780,0,0.0000,0.0000,0,0,多换,B,22830.0000,0.0000,0.0000,0.0000,0.0000,22895.0000,0.0000,0.0000,0.0000,0.0000,3,0,0,0,0,1,0,0,0,0
sc,ru1208,2012-06-29 09:04:40.500,23080.0000,780,0,0.0000,0.0000,0,0,多换,B,22835.0000,0.0000,0.0000,0.0000,0.0000,22900.0000,0.0000,0.0000,0.0000,0.0000,4,0,0,0,0,1,0,0,0,0
sc,ru1208,2012-06-29 09:04:41.000,23080.0000,780,0,0.0000,0.0000,0,0,多换,B,22835.0000,0.0000,0.0000,0.0000,0.0000,22900.0000,0.0000,0.0000,0.0000,0.0000,4,0,0,0,0,2,0,0,0,0
sc,ru1208,2012-06-29 09:04:41.500,23080.0000,780,0,0.0000,0.0000,0,0,多换,B,22840.0000,0.0000,0.0000,0.0000,0.0000,22900.0000,0.0000,0.0000,0.0000,0.0000,3,0,0,0,0,2,0,0,0,0
sc,ru1208,2012-06-29 09:04:42.000,23080.0000,780,0,0.0000,0.0000,0,0,多换,B,22840.0000,0.0000,0.0000,0.0000,0.0000,22900.0000,0.0000,0.0000,0.0000,0.0000,3,0,0,0,0,1,0,0,0,0
sc,ru1208,2012-06-29 09:04:42.500,23080.0000,780,0,0.0000,0.0000,0,0,多换,B,22840.0000,0.0000,0.0000,0.0000,0.0000,22900.0000,0.0000,0.0000,0.0000,0.0000,3,0,0,0,0,1,0,0,0,0
sc,ru1208,2012-06-29 09:04:51.500,23080.0000,780,0,0.0000,0.0000,0,0,多换,B,22840.0000,0.0000,0.0000,0.0000,0.0000,22900.0000,0.0000,0.0000,0.0000,0.0000,3,0,0,0,0,1,0,0,0,0
sc,ru1208,2012-06-29 09:04:52.000,23080.0000,780,0,0.0000,0.0000,0,0,多换,B,22845.0000,0.0000,0.0000,0.0000,0.0000,22900.0000,0.0000,0.0000,0.0000,0.0000,4,0,0,0,0,1,0,0,0,0
sc,ru1208,2012-06-29 09:04:52.500,23080.0000,780,0,0.0000,0.0000,0,0,多换,B,22845.0000,0.0000,0.0000,0.0000,0.0000,22900.0000,0.0000,0.0000,0.0000,0.0000,4,0,0,0,0,1,0,0,0,0
sc,ru1208,2012-06-29 09:04:53.000,23080.0000,780,0,0.0000,0.0000,0,0,多换,B,22850.0000,0.0000,0.0000,0.0000,0.0000,22900.0000,0.0000,0.0000,0.0000,0.0000,3,0,0,0,0,1,0,0,0,0
sc,ru1208,2012-06-29 09:05:13.000,23080.0000,780,0,0.0000,0.0000,0,0,多换,B,22850.0000,0.0000,0.0000,0.0000,0.0000,22900.0000,0.0000,0.0000,0.0000,0.0000,3,0,0,0,0,2,0,0,0,0
sc,ru1208,2012-06-29 09:05:14.500,23080.0000,780,0,0.0000,0.0000,0,0,多换,B,22850.0000,0.0000,0.0000,0.0000,0.0000,22900.0000,0.0000,0.0000,0.0000,0.0000,3,0,0,0,0,1,0,0,0,0
sc,ru1208,2012-06-29 09:05:45.000,23080.0000,780,0,0.0000,0.0000,0,0,多换,B,22855.0000,0.0000,0.0000,0.0000,0.0000,22900.0000,0.0000,0.0000,0.0000,0.0000,4,0,0,0,0,1,0,0,0,0
sc,ru1208,2012-06-29 09:05:45.500,23080.0000,780,0,0.0000,0.0000,0,0,多换,B,22855.0000,0.0000,0.0000,0.0000,0.0000,22900.0000,0.0000,0.0000,0.0000,0.0000,4,0,0,0,0,1,0,0,0,0
sc,ru1208,2012-06-29 09:05:46.000,23080.0000,780,0,0.0000,0.0000,0,0,多换,B,22860.0000,0.0000,0.0000,0.0000,0.0000,22900.0000,0.0000,0.0000,0.0000,0.0000,3,0,0,0,0,1,0,0,0,0
sc,ru1208,2012-06-29 09:05:48.500,23080.0000,780,0,0.0000,0.0000,0,0,多换,B,22860.0000,0.0000,0.0000,0.0000,0.0000,22900.0000,0.0000,0.0000,0.0000,0.0000,3,0,0,0,0,1,0,0,0,0
sc,ru1208,2012-06-29 09:06:03.000,23080.0000,780,0,0.0000,0.0000,0,0,多换,B,22865.0000,0.0000,0.0000,0.0000,0.0000,22900.0000,0.0000,0.0000,0.0000,0.0000,4,0,0,0,0,1,0,0,0,0
sc,ru1208,2012-06-29 09:06:03.500,23080.0000,780,0,0.0000,0.0000,0,0,多换,B,22865.0000,0.0000,0.0000,0.0000,0.0000,22900.0000,0.0000,0.0000,0.0000,0.0000,4,0,0,0,0,1,0,0,0,0
sc,ru1208,2012-06-29 09:06:04.000,23080.0000,780,0,0.0000,0.0000,0,0,多换,B,22870.0000,0.0000,0.0000,0.0000,0.0000,22900.0000,0.0000,0.0000,0.0000,0.0000,3,0,0,0,0,1,0,0,0,0
sc,ru1208,2012-06-29 09:06:04.500,23080.0000,780,0,0.0000,0.0000,0,0,多换,B,22870.0000,0.0000,0.0000,0.0000,0.0000,22900.0000,0.0000,0.0000,0.0000,0.0000,4,0,0,0,0,1,0,0,0,0
sc,ru1208,2012-06-29 09:06:05.000,23080.0000,780,0,0.0000,0.0000,0,0,多换,B,22870.0000,0.0000,0.0000,0.0000,0.0000,22900.0000,0.0000,0.0000,0.0000,0.0000,3,0,0,0,0,1,0,0,0,0
sc,ru1208,2012-06-29 09:06:05.500,23080.0000,780,0,0.0000,0.0000,0,0,多换,B,22875.0000,0.0000,0.0000,0.0000,0.0000,22900.0000,0.0000,0.0000,0.0000,0.0000,4,0,0,0,0,1,0,0,0,0
sc,ru1208,2012-06-29 09:06:06.000,23080.0000,780,0,0.0000,0.0000,0,0,多换,B,22875.0000,0.0000,0.0000,0.0000,0.0000,22900.0000,0.0000,0.0000,0.0000,0.0000,4,0,0,0,0,1,0,0,0,0
sc,ru1208,2012-06-29 09:06:06.500,23080.0000,780,0,0.0000,0.0000,0,0,多换,B,22880.0000,0.0000,0.0000,0.0000,0.0000,22900.0000,0.0000,0.0000,0.0000,0.0000,3,0,0,0,0,1,0,0,0,0
sc,ru1208,2012-06-29 09:06:07.000,23080.0000,780,0,0.0000,0.0000,0,0,多换,B,22880.0000,0.0000,0.0000,0.0000,0.0000,22900.0000,0.0000,0.0000,0.0000,0.0000,3,0,0,0,0,1,0,0,0,0
sc,ru1208,2012-06-29 09:06:18.000,23080.0000,780,0,0.0000,0.0000,0,0,多换,B,22720.0000,0.0000,0.0000,0.0000,0.0000,22900.0000,0.0000,0.0000,0.0000,0.0000,1,0,0,0,0,1,0,0,0,0
sc,ru1208,2012-06-29 09:06:18.500,23080.0000,780,0,0.0000,0.0000,0,0,多换,B,22730.0000,0.0000,0.0000,0.0000,0.0000,22900.0000,0.0000,0.0000,0.0000,0.0000,7,0,0,0,0,1,0,0,0,0
sc,ru1208,2012-06-29 09:06:19.000,23080.0000,780,0,0.0000,0.0000,0,0,多换,B,22740.0000,0.0000,0.0000,0.0000,0.0000,22900.0000,0.0000,0.0000,0.0000,0.0000,7,0,0,0,0,1,0,0,0,0
sc,ru1208,2012-06-29 09:06:19.500,23080.0000,780,0,0.0000,0.0000,0,0,多换,B,22750.0000,0.0000,0.0000,0.0000,0.0000,22900.0000,0.0000,0.0000,0.0000,0.0000,7,0,0,0,0,1,0,0,0,0
sc,ru1208,2012-06-29 09:06:20.000,23080.0000,780,0,0.0000,0.0000,0,0,多换,B,22760.0000,0.0000,0.0000,0.0000,0.0000,22900.0000,0.0000,0.0000,0.0000,0.0000,7,0,0,0,0,1,0,0,0,0
sc,ru1208,2012-06-29 09:06:20.500,23080.0000,780,0,0.0000,0.0000,0,0,多换,B,22770.0000,0.0000,0.0000,0.0000,0.0000,22900.0000,0.0000,0.0000,0.0000,0.0000,7,0,0,0,0,1,0,0,0,0
sc,ru1208,2012-06-29 09:06:21.000,23080.0000,780,0,0.0000,0.0000,0,0,多换,B,22780.0000,0.0000,0.0000,0.0000,0.0000,22900.0000,0.0000,0.0000,0.0000,0.0000,7,0,0,0,0,1,0,0,0,0
sc,ru1208,2012-06-29 09:06:21.500,23080.0000,780,0,0.0000,0.0000,0,0,多换,B,22790.0000,0.0000,0.0000,0.0000,0.0000,22900.0000,0.0000,0.0000,0.0000,0.0000,7,0,0,0,0,1,0,0,0,0
sc,ru1208,2012-06-29 09:06:22.000,23080.0000,780,0,0.0000,0.0000,0,0,多换,B,22800.0000,0.0000,0.0000,0.0000,0.0000,22900.0000,0.0000,0.0000,0.0000,0.0000,7,0,0,0,0,1,0,0,0,0
sc,ru1208,2012-06-29 09:06:22.500,23080.0000,780,0,0.0000,0.0000,0,0,多换,B,22810.0000,0.0000,0.0000,0.0000,0.0000,22900.0000,0.0000,0.0000,0.0000,0.0000,7,0,0,0,0,1,0,0,0,0
sc,ru1208,2012-06-29 09:06:23.000,23080.0000,780,0,0.0000,0.0000,0,0,多换,B,22820.0000,0.0000,0.0000,0.0000,0.0000,22900.0000,0.0000,0.0000,0.0000,0.0000,1,0,0,0,0,1,0,0,0,0
sc,ru1208,2012-06-29 09:06:23.500,23080.0000,780,0,0.0000,0.0000,0,0,多换,B,22825.0000,0.0000,0.0000,0.0000,0.0000,22900.0000,0.0000,0.0000,0.0000,0.0000,5,0,0,0,0,1,0,0,0,0
sc,ru1208,2012-06-29 09:06:24.000,23080.0000,780,0,0.0000,0.0000,0,0,多换,B,22835.0000,0.0000,0.0000,0.0000,0.0000,22900.0000,0.0000,0.0000,0.0000,0.0000,1,0,0,0,0,1,0,0,0,0
sc,ru1208,2012-06-29 09:06:24.500,23080.0000,780,0,0.0000,0.0000,0,0,多换,B,22835.0000,0.0000,0.0000,0.0000,0.0000,22900.0000,0.0000,0.0000,0.0000,0.0000,1,0,0,0,0,1,0,0,0,0
sc,ru1208,2012-06-29 09:06:25.000,23080.0000,780,0,0.0000,0.0000,0,0,多换,B,22840.0000,0.0000,0.0000,0.0000,0.0000,22900.0000,0.0000,0.0000,0.0000,0.0000,7,0,0,0,0,1,0,0,0,0
sc,ru1208,2012-06-29 09:06:25.500,23080.0000,780,0,0.0000,0.0000,0,0,多换,B,22845.0000,0.0000,0.0000,0.0000,0.0000,22900.0000,0.0000,0.0000,0.0000,0.0000,1,0,0,0,0,1,0,0,0,0
sc,ru1208,2012-06-29 09:06:26.000,23080.0000,780,0,0.0000,0.0000,0,0,多换,B,22845.0000,0.0000,0.0000,0.0000,0.0000,22900.0000,0.0000,0.0000,0.0000,0.0000,1,0,0,0,0,1,0,0,0,0
sc,ru1208,2012-06-29 09:06:26.500,23080.0000,780,0,0.0000,0.0000,0,0,多换,B,22850.0000,0.0000,0.0000,0.0000,0.0000,22900.0000,0.0000,0.0000,0.0000,0.0000,4,0,0,0,0,1,0,0,0,0
sc,ru1208,2012-06-29 09:06:27.000,23080.0000,780,0,0.0000,0.0000,0,0,多换,B,22850.0000,0.0000,0.0000,0.0000,0.0000,22900.0000,0.0000,0.0000,0.0000,0.0000,8,0,0,0,0,1,0,0,0,0
sc,ru1208,2012-06-29 09:06:28.500,23080.0000,780,0,0.0000,0.0000,0,0,多换,B,22850.0000,0.0000,0.0000,0.0000,0.0000,22900.0000,0.0000,0.0000,0.0000,0.0000,7,0,0,0,0,1,0,0,0,0
sc,ru1208,2012-06-29 09:06:44.500,23080.0000,780,0,0.0000,0.0000,0,0,多换,B,22850.0000,0.0000,0.0000,0.0000,0.0000,22980.0000,0.0000,0.0000,0.0000,0.0000,7,0,0,0,0,2,0,0,0,0
sc,ru1208,2012-06-29 09:06:45.000,23080.0000,780,0,0.0000,0.0000,0,0,多换,B,22850.0000,0.0000,0.0000,0.0000,0.0000,22955.0000,0.0000,0.0000,0.0000,0.0000,7,0,0,0,0,2,0,0,0,0
sc,ru1208,2012-06-29 09:06:45.500,23080.0000,780,0,0.0000,0.0000,0,0,多换,B,22850.0000,0.0000,0.0000,0.0000,0.0000,22950.0000,0.0000,0.0000,0.0000,0.0000,7,0,0,0,0,1,0,0,0,0
sc,ru1208,2012-06-29 09:06:46.000,23080.0000,780,0,0.0000,0.0000,0,0,多换,B,22850.0000,0.0000,0.0000,0.0000,0.0000,22950.0000,0.0000,0.0000,0.0000,0.0000,7,0,0,0,0,3,0,0,0,0
sc,ru1208,2012-06-29 09:06:46.500,23080.0000,780,0,0.0000,0.0000,0,0,多换,B,22850.0000,0.0000,0.0000,0.0000,0.0000,22945.0000,0.0000,0.0000,0.0000,0.0000,7,0,0,0,0,1,0,0,0,0
sc,ru1208,2012-06-29 09:06:47.000,23080.0000,780,0,0.0000,0.0000,0,0,多换,B,22850.0000,0.0000,0.0000,0.0000,0.0000,22940.0000,0.0000,0.0000,0.0000,0.0000,7,0,0,0,0,3,0,0,0,0
sc,ru1208,2012-06-29 09:06:47.500,23080.0000,780,0,0.0000,0.0000,0,0,多换,B,22850.0000,0.0000,0.0000,0.0000,0.0000,22935.0000,0.0000,0.0000,0.0000,0.0000,7,0,0,0,0,1,0,0,0,0
sc,ru1208,2012-06-29 09:06:48.000,23080.0000,780,0,0.0000,0.0000,0,0,多换,B,22850.0000,0.0000,0.0000,0.0000,0.0000,22930.0000,0.0000,0.0000,0.0000,0.0000,7,0,0,0,0,1,0,0,0,0
sc,ru1208,2012-06-29 09:06:48.500,23080.0000,780,0,0.0000,0.0000,0,0,多换,B,22850.0000,0.0000,0.0000,0.0000,0.0000,22925.0000,0.0000,0.0000,0.0000,0.0000,7,0,0,0,0,1,0,0,0,0
sc,ru1208,2012-06-29 09:06:49.500,23080.0000,780,0,0.0000,0.0000,0,0,多换,B,22850.0000,0.0000,0.0000,0.0000,0.0000,22925.0000,0.0000,0.0000,0.0000,0.0000,17,0,0,0,0,1,0,0,0,0
sc,ru1208,2012-06-29 09:07:02.500,23080.0000,780,0,0.0000,0.0000,0,0,多换,B,22850.0000,0.0000,0.0000,0.0000,0.0000,22925.0000,0.0000,0.0000,0.0000,0.0000,17,0,0,0,0,1,0,0,0,0
sc,ru1208,2012-06-29 09:07:06.500,23080.0000,780,0,0.0000,0.0000,0,0,多换,B,22855.0000,0.0000,0.0000,0.0000,0.0000,22925.0000,0.0000,0.0000,0.0000,0.0000,1,0,0,0,0,1,0,0,0,0
sc,ru1208,2012-06-29 09:07:07.000,23080.0000,780,0,0.0000,0.0000,0,0,多换,B,22855.0000,0.0000,0.0000,0.0000,0.0000,22925.0000,0.0000,0.0000,0.0000,0.0000,1,0,0,0,0,1,0,0,0,0
sc,ru1208,2012-06-29 09:07:09.500,23080.0000,780,0,0.0000,0.0000,0,0,多换,B,22855.0000,0.0000,0.0000,0.0000,0.0000,22925.0000,0.0000,0.0000,0.0000,0.0000,1,0,0,0,0,1,0,0,0,0
sc,ru1208,2012-06-29 09:07:14.000,23080.0000,780,0,0.0000,0.0000,0,0,多换,B,22855.0000,0.0000,0.0000,0.0000,0.0000,22920.0000,0.0000,0.0000,0.0000,0.0000,1,0,0,0,0,2,0,0,0,0
sc,ru1208,2012-06-29 09:07:14.500,23080.0000,780,0,0.0000,0.0000,0,0,多换,B,22720.0000,0.0000,0.0000,0.0000,0.0000,22915.0000,0.0000,0.0000,0.0000,0.0000,1,0,0,0,0,1,0,0,0,0
sc,ru1208,2012-06-29 09:07:15.000,23080.0000,780,0,0.0000,0.0000,0,0,多换,B,22730.0000,0.0000,0.0000,0.0000,0.0000,22915.0000,0.0000,0.0000,0.0000,0.0000,8,0,0,0,0,1,0,0,0,0
sc,ru1208,2012-06-29 09:07:15.500,23080.0000,780,0,0.0000,0.0000,0,0,多换,B,22740.0000,0.0000,0.0000,0.0000,0.0000,22915.0000,0.0000,0.0000,0.0000,0.0000,8,0,0,0,0,1,0,0,0,0
sc,ru1208,2012-06-29 09:07:16.000,23080.0000,780,0,0.0000,0.0000,0,0,多换,B,22745.0000,0.0000,0.0000,0.0000,0.0000,22915.0000,0.0000,0.0000,0.0000,0.0000,5,0,0,0,0,1,0,0,0,0
sc,ru1208,2012-06-29 09:07:16.500,23080.0000,780,0,0.0000,0.0000,0,0,多换,B,22750.0000,0.0000,0.0000,0.0000,0.0000,22915.0000,0.0000,0.0000,0.0000,0.0000,8,0,0,0,0,1,0,0,0,0
sc,ru1208,2012-06-29 09:07:17.000,23080.0000,780,0,0.0000,0.0000,0,0,多换,B,22760.0000,0.0000,0.0000,0.0000,0.0000,22915.0000,0.0000,0.0000,0.0000,0.0000,8,0,0,0,0,1,0,0,0,0
sc,ru1208,2012-06-29 09:07:17.500,23080.0000,780,0,0.0000,0.0000,0,0,多换,B,22770.0000,0.0000,0.0000,0.0000,0.0000,22915.0000,0.0000,0.0000,0.0000,0.0000,8,0,0,0,0,1,0,0,0,0
sc,ru1208,2012-06-29 09:07:18.000,23080.0000,780,0,0.0000,0.0000,0,0,多换,B,22780.0000,0.0000,0.0000,0.0000,0.0000,22915.0000,0.0000,0.0000,0.0000,0.0000,8,0,0,0,0,1,0,0,0,0
sc,ru1208,2012-06-29 09:07:18.500,23080.0000,780,0,0.0000,0.0000,0,0,多换,B,22790.0000,0.0000,0.0000,0.0000,0.0000,22915.0000,0.0000,0.0000,0.0000,0.0000,8,0,0,0,0,1,0,0,0,0
sc,ru1208,2012-06-29 09:07:19.000,23080.0000,780,0,0.0000,0.0000,0,0,多换,B,22800.0000,0.0000,0.0000,0.0000,0.0000,22915.0000,0.0000,0.0000,0.0000,0.0000,2,0,0,0,0,1,0,0,0,0
sc,ru1208,2012-06-29 09:07:19.500,23080.0000,780,0,0.0000,0.0000,0,0,多换,B,22810.0000,0.0000,0.0000,0.0000,0.0000,22915.0000,0.0000,0.0000,0.0000,0.0000,2,0,0,0,0,1,0,0,0,0
sc,ru1208,2012-06-29 09:07:20.000,23080.0000,780,0,0.0000,0.0000,0,0,多换,B,22820.0000,0.0000,0.0000,0.0000,0.0000,22915.0000,0.0000,0.0000,0.0000,0.0000,2,0,0,0,0,1,0,0,0,0
sc,ru1208,2012-06-29 09:07:20.500,23080.0000,780,0,0.0000,0.0000,0,0,多换,B,22830.0000,0.0000,0.0000,0.0000,0.0000,22915.0000,0.0000,0.0000,0.0000,0.0000,1,0,0,0,0,1,0,0,0,0
sc,ru1208,2012-06-29 09:07:21.000,23080.0000,780,0,0.0000,0.0000,0,0,多换,B,22830.0000,0.0000,0.0000,0.0000,0.0000,22915.0000,0.0000,0.0000,0.0000,0.0000,1,0,0,0,0,1,0,0,0,0
sc,ru1208,2012-06-29 09:07:21.500,23080.0000,780,0,0.0000,0.0000,0,0,多换,B,22835.0000,0.0000,0.0000,0.0000,0.0000,22910.0000,0.0000,0.0000,0.0000,0.0000,4,0,0,0,0,2,0,0,0,0
sc,ru1208,2012-06-29 09:07:22.000,23080.0000,780,0,0.0000,0.0000,0,0,多换,B,22840.0000,0.0000,0.0000,0.0000,0.0000,22905.0000,0.0000,0.0000,0.0000,0.0000,1,0,0,0,0,1,0,0,0,0
sc,ru1208,2012-06-29 09:07:22.500,23080.0000,780,0,0.0000,0.0000,0,0,多换,B,22840.0000,0.0000,0.0000,0.0000,0.0000,22905.0000,0.0000,0.0000,0.0000,0.0000,1,0,0,0,0,1,0,0,0,0
sc,ru1208,2012-06-29 09:07:23.000,23080.0000,780,0,0.0000,0.0000,0,0,多换,B,22840.0000,0.0000,0.0000,0.0000,0.0000,22905.0000,0.0000,0.0000,0.0000,0.0000,1,0,0,0,0,1,0,0,0,0
sc,ru1208,2012-06-29 09:07:29.500,23080.0000,780,0,0.0000,0.0000,0,0,多换,B,22845.0000,0.0000,0.0000,0.0000,0.0000,22905.0000,0.0000,0.0000,0.0000,0.0000,3,0,0,0,0,1,0,0,0,0
sc,ru1208,2012-06-29 09:07:32.500,23080.0000,780,0,0.0000,0.0000,0,0,多换,B,22850.0000,0.0000,0.0000,0.0000,0.0000,22980.0000,0.0000,0.0000,0.0000,0.0000,1,0,0,0,0,2,0,0,0,0
sc,ru1208,2012-06-29 09:07:33.000,23080.0000,780,0,0.0000,0.0000,0,0,多换,B,22850.0000,0.0000,0.0000,0.0000,0.0000,22945.0000,0.0000,0.0000,0.0000,0.0000,1,0,0,0,0,2,0,0,0,0
sc,ru1208,2012-06-29 09:07:33.500,23080.0000,780,0,0.0000,0.0000,0,0,多换,B,22850.0000,0.0000,0.0000,0.0000,0.0000,22940.0000,0.0000,0.0000,0.0000,0.0000,1,0,0,0,0,1,0,0,0,0
sc,ru1208,2012-06-29 09:07:34.000,23080.0000,780,0,0.0000,0.0000,0,0,多换,B,22850.0000,0.0000,0.0000,0.0000,0.0000,22940.0000,0.0000,0.0000,0.0000,0.0000,1,0,0,0,0,3,0,0,0,0
sc,ru1208,2012-06-29 09:07:34.500,23080.0000,780,0,0.0000,0.0000,0,0,多换,B,22850.0000,0.0000,0.0000,0.0000,0.0000,22935.0000,0.0000,0.0000,0.0000,0.0000,1,0,0,0,0,4,0,0,0,0
sc,ru1208,2012-06-29 09:07:35.000,23080.0000,780,0,0.0000,0.0000,0,0,多换,B,22855.0000,0.0000,0.0000,0.0000,0.0000,22930.0000,0.0000,0.0000,0.0000,0.0000,3,0,0,0,0,1,0,0,0,0
sc,ru1208,2012-06-29 09:07:35.500,23080.0000,780,0,0.0000,0.0000,0,0,多换,B,22855.0000,0.0000,0.0000,0.0000,0.0000,22930.0000,0.0000,0.0000,0.0000,0.0000,3,0,0,0,0,1,0,0,0,0
sc,ru1208,2012-06-29 09:07:36.000,23080.0000,780,0,0.0000,0.0000,0,0,多换,B,22855.0000,0.0000,0.0000,0.0000,0.0000,22920.0000,0.0000,0.0000,0.0000,0.0000,3,0,0,0,0,2,0,0,0,0
sc,ru1208,2012-06-29 09:07:36.500,23080.0000,780,0,0.0000,0.0000,0,0,多换,B,22855.0000,0.0000,0.0000,0.0000,0.0000,22915.0000,0.0000,0.0000,0.0000,0.0000,3,0,0,0,0,1,0,0,0,0
sc,ru1208,2012-06-29 09:07:37.000,23080.0000,780,0,0.0000,0.0000,0,0,多换,B,22855.0000,0.0000,0.0000,0.0000,0.0000,22915.0000,0.0000,0.0000,0.0000,0.0000,3,0,0,0,0,1,0,0,0,0
sc,ru1208,2012-06-29 09:07:49.000,23080.0000,780,0,0.0000,0.0000,0,0,多换,B,22855.0000,0.0000,0.0000,0.0000,0.0000,22915.0000,0.0000,0.0000,0.0000,0.0000,3,0,0,0,0,1,0,0,0,0
sc,ru1208,2012-06-29 09:07:52.500,23080.0000,780,0,0.0000,0.0000,0,0,多换,B,22855.0000,0.0000,0.0000,0.0000,0.0000,22915.0000,0.0000,0.0000,0.0000,0.0000,3,0,0,0,0,1,0,0,0,0
sc,ru1208,2012-06-29 09:07:54.500,23080.0000,780,0,0.0000,0.0000,0,0,多换,B,22855.0000,0.0000,0.0000,0.0000,0.0000,22915.0000,0.0000,0.0000,0.0000,0.0000,3,0,0,0,0,1,0,0,0,0
sc,ru1208,2012-06-29 09:07:57.000,23080.0000,780,0,0.0000,0.0000,0,0,多换,B,22855.0000,0.0000,0.0000,0.0000,0.0000,22915.0000,0.0000,0.0000,0.0000,0.0000,3,0,0,0,0,1,0,0,0,0
sc,ru1208,2012-06-29 09:08:02.500,23080.0000,780,0,0.0000,0.0000,0,0,多换,B,22855.0000,0.0000,0.0000,0.0000,0.0000,22915.0000,0.0000,0.0000,0.0000,0.0000,3,0,0,0,0,1,0,0,0,0
sc,ru1208,2012-06-29 09:08:09.000,23080.0000,780,0,0.0000,0.0000,0,0,多换,B,22860.0000,0.0000,0.0000,0.0000,0.0000,22980.0000,0.0000,0.0000,0.0000,0.0000,1,0,0,0,0,2,0,0,0,0
sc,ru1208,2012-06-29 09:08:09.500,23080.0000,780,0,0.0000,0.0000,0,0,多换,B,22860.0000,0.0000,0.0000,0.0000,0.0000,22950.0000,0.0000,0.0000,0.0000,0.0000,1,0,0,0,0,2,0,0,0,0
sc,ru1208,2012-06-29 09:08:10.000,23080.0000,780,0,0.0000,0.0000,0,0,多换,B,22860.0000,0.0000,0.0000,0.0000,0.0000,22945.0000,0.0000,0.0000,0.0000,0.0000,1,0,0,0,0,1,0,0,0,0
sc,ru1208,2012-06-29 09:08:10.500,23080.0000,780,0,0.0000,0.0000,0,0,多换,B,22860.0000,0.0000,0.0000,0.0000,0.0000,22945.0000,0.0000,0.0000,0.0000,0.0000,1,0,0,0,0,1,0,0,0,0
sc,ru1208,2012-06-29 09:08:11.000,23080.0000,780,0,0.0000,0.0000,0,0,多换,B,22860.0000,0.0000,0.0000,0.0000,0.0000,22940.0000,0.0000,0.0000,0.0000,0.0000,1,0,0,0,0,3,0,0,0,0
sc,ru1208,2012-06-29 09:08:11.500,23080.0000,780,0,0.0000,0.0000,0,0,多换,B,22860.0000,0.0000,0.0000,0.0000,0.0000,22935.0000,0.0000,0.0000,0.0000,0.0000,1,0,0,0,0,1,0,0,0,0
sc,ru1208,2012-06-29 09:08:12.000,23080.0000,780,0,0.0000,0.0000,0,0,多换,B,22860.0000,0.0000,0.0000,0.0000,0.0000,22935.0000,0.0000,0.0000,0.0000,0.0000,1,0,0,0,0,1,0,0,0,0
sc,ru1208,2012-06-29 09:08:12.500,23080.0000,780,0,0.0000,0.0000,0,0,多换,B,22860.0000,0.0000,0.0000,0.0000,0.0000,22930.0000,0.0000,0.0000,0.0000,0.0000,1,0,0,0,0,2,0,0,0,0
sc,ru1208,2012-06-29 09:08:13.000,23080.0000,780,0,0.0000,0.0000,0,0,多换,B,22860.0000,0.0000,0.0000,0.0000,0.0000,22925.0000,0.0000,0.0000,0.0000,0.0000,1,0,0,0,0,1,0,0,0,0
sc,ru1208,2012-06-29 09:08:18.000,23080.0000,780,0,0.0000,0.0000,0,0,多换,B,22860.0000,0.0000,0.0000,0.0000,0.0000,22925.0000,0.0000,0.0000,0.0000,0.0000,1,0,0,0,0,1,0,0,0,0
sc,ru1208,2012-06-29 09:08:21.500,23080.0000,780,0,0.0000,0.0000,0,0,多换,B,22860.0000,0.0000,0.0000,0.0000,0.0000,22925.0000,0.0000,0.0000,0.0000,0.0000,1,0,0,0,0,1,0,0,0,0
sc,ru1208,2012-06-29 09:08:29.000,23080.0000,780,0,0.0000,0.0000,0,0,多换,B,22865.0000,0.0000,0.0000,0.0000,0.0000,22925.0000,0.0000,0.0000,0.0000,0.0000,3,0,0,0,0,1,0,0,0,0
sc,ru1208,2012-06-29 09:08:31.000,23080.0000,780,0,0.0000,0.0000,0,0,多换,B,22865.0000,0.0000,0.0000,0.0000,0.0000,22925.0000,0.0000,0.0000,0.0000,0.0000,3,0,0,0,0,1,0,0,0,0
sc,ru1208,2012-06-29 09:08:39.000,23080.0000,780,0,0.0000,0.0000,0,0,多换,B,22865.0000,0.0000,0.0000,0.0000,0.0000,22925.0000,0.0000,0.0000,0.0000,0.0000,3,0,0,0,0,1,0,0,0,0
sc,ru1208,2012-06-29 09:08:40.000,23080.0000,780,0,0.0000,0.0000,0,0,多换,B,22865.0000,0.0000,0.0000,0.0000,0.0000,22925.0000,0.0000,0.0000,0.0000,0.0000,3,0,0,0,0,1,0,0,0,0
sc,ru1208,2012-06-29 09:08:41.000,23080.0000,780,0,0.0000,0.0000,0,0,多换,B,22870.0000,0.0000,0.0000,0.0000,0.0000,22980.0000,0.0000,0.0000,0.0000,0.0000,1,0,0,0,0,2,0,0,0,0
sc,ru1208,2012-06-29 09:08:41.500,23080.0000,780,0,0.0000,0.0000,0,0,多换,B,22835.0000,0.0000,0.0000,0.0000,0.0000,22955.0000,0.0000,0.0000,0.0000,0.0000,4,0,0,0,0,2,0,0,0,0
sc,ru1208,2012-06-29 09:08:42.000,23080.0000,780,0,0.0000,0.0000,0,0,多换,B,22845.0000,0.0000,0.0000,0.0000,0.0000,22950.0000,0.0000,0.0000,0.0000,0.0000,1,0,0,0,0,3,0,0,0,0
sc,ru1208,2012-06-29 09:08:42.500,23080.0000,780,0,0.0000,0.0000,0,0,多换,B,22850.0000,0.0000,0.0000,0.0000,0.0000,22945.0000,0.0000,0.0000,0.0000,0.0000,4,0,0,0,0,1,0,0,0,0
sc,ru1208,2012-06-29 09:08:43.000,23080.0000,780,0,0.0000,0.0000,0,0,多换,B,22860.0000,0.0000,0.0000,0.0000,0.0000,22945.0000,0.0000,0.0000,0.0000,0.0000,1,0,0,0,0,1,0,0,0,0
sc,ru1208,2012-06-29 09:08:43.500,23080.0000,780,0,0.0000,0.0000,0,0,多换,B,22860.0000,0.0000,0.0000,0.0000,0.0000,22945.0000,0.0000,0.0000,0.0000,0.0000,1,0,0,0,0,1,0,0,0,0
sc,ru1208,2012-06-29 09:08:44.000,23080.0000,780,0,0.0000,0.0000,0,0,多换,B,22865.0000,0.0000,0.0000,0.0000,0.0000,22945.0000,0.0000,0.0000,0.0000,0.0000,3,0,0,0,0,1,0,0,0,0
sc,ru1208,2012-06-29 09:08:46.000,23080.0000,780,0,0.0000,0.0000,0,0,多换,B,22870.0000,0.0000,0.0000,0.0000,0.0000,22945.0000,0.0000,0.0000,0.0000,0.0000,1,0,0,0,0,1,0,0,0,0
sc,ru1208,2012-06-29 09:08:46.500,23080.0000,780,0,0.0000,0.0000,0,0,多换,B,22870.0000,0.0000,0.0000,0.0000,0.0000,22945.0000,0.0000,0.0000,0.0000,0.0000,1,0,0,0,0,1,0,0,0,0
sc,ru1208,2012-06-29 09:08:47.000,23080.0000,780,0,0.0000,0.0000,0,0,多换,B,22875.0000,0.0000,0.0000,0.0000,0.0000,22945.0000,0.0000,0.0000,0.0000,0.0000,3,0,0,0,0,1,0,0,0,0
sc,ru1208,2012-06-29 09:08:55.500,23080.0000,780,0,0.0000,0.0000,0,0,多换,B,22875.0000,0.0000,0.0000,0.0000,0.0000,22945.0000,0.0000,0.0000,0.0000,0.0000,3,0,0,0,0,1,0,0,0,0
sc,ru1208,2012-06-29 09:08:59.000,23080.0000,780,0,0.0000,0.0000,0,0,多换,B,22880.0000,0.0000,0.0000,0.0000,0.0000,22945.0000,0.0000,0.0000,0.0000,0.0000,1,0,0,0,0,1,0,0,0,0
sc,ru1208,2012-06-29 09:08:59.500,23080.0000,780,0,0.0000,0.0000,0,0,多换,B,22880.0000,0.0000,0.0000,0.0000,0.0000,22945.0000,0.0000,0.0000,0.0000,0.0000,1,0,0,0,0,1,0,0,0,0
sc,ru1208,2012-06-29 09:09:00.000,23080.0000,780,0,0.0000,0.0000,0,0,多换,B,22885.0000,0.0000,0.0000,0.0000,0.0000,22945.0000,0.0000,0.0000,0.0000,0.0000,3,0,0,0,0,1,0,0,0,0
sc,ru1208,2012-06-29 09:09:03.000,23080.0000,780,0,0.0000,0.0000,0,0,多换,B,22885.0000,0.0000,0.0000,0.0000,0.0000,22945.0000,0.0000,0.0000,0.0000,0.0000,3,0,0,0,0,1,0,0,0,0
sc,ru1208,2012-06-29 09:09:07.000,23080.0000,780,0,0.0000,0.0000,0,0,多换,B,22850.0000,0.0000,0.0000,0.0000,0.0000,22945.0000,0.0000,0.0000,0.0000,0.0000,4,0,0,0,0,1,0,0,0,0
sc,ru1208,2012-06-29 09:09:07.500,23080.0000,780,0,0.0000,0.0000,0,0,多换,B,22860.0000,0.0000,0.0000,0.0000,0.0000,22945.0000,0.0000,0.0000,0.0000,0.0000,1,0,0,0,0,1,0,0,0,0
sc,ru1208,2012-06-29 09:09:09.000,23080.0000,780,0,0.0000,0.0000,0,0,多换,B,22860.0000,0.0000,0.0000,0.0000,0.0000,22945.0000,0.0000,0.0000,0.0000,0.0000,1,0,0,0,0,1,0,0,0,0
sc,ru1208,2012-06-29 09:09:09.500,23080.0000,780,0,0.0000,0.0000,0,0,多换,B,22865.0000,0.0000,0.0000,0.0000,0.0000,22945.0000,0.0000,0.0000,0.0000,0.0000,3,0,0,0,0,1,0,0,0,0
sc,ru1208,2012-06-29 09:09:10.500,23080.0000,780,0,0.0000,0.0000,0,0,多换,B,22870.0000,0.0000,0.0000,0.0000,0.0000,22945.0000,0.0000,0.0000,0.0000,0.0000,1,0,0,0,0,1,0,0,0,0
sc,ru1208,2012-06-29 09:09:11.000,23080.0000,780,0,0.0000,0.0000,0,0,多换,B,22870.0000,0.0000,0.0000,0.0000,0.0000,22945.0000,0.0000,0.0000,0.0000,0.0000,1,0,0,0,0,1,0,0,0,0
sc,ru1208,2012-06-29 09:09:11.500,23080.0000,780,0,0.0000,0.0000,0,0,多换,B,22875.0000,0.0000,0.0000,0.0000,0.0000,22945.0000,0.0000,0.0000,0.0000,0.0000,3,0,0,0,0,1,0,0,0,0
sc,ru1208,2012-06-29 09:09:42.500,23080.0000,780,0,0.0000,0.0000,0,0,多换,B,22875.0000,0.0000,0.0000,0.0000,0.0000,22940.0000,0.0000,0.0000,0.0000,0.0000,3,0,0,0,0,3,0,0,0,0
sc,ru1208,2012-06-29 09:09:43.000,23080.0000,780,0,0.0000,0.0000,0,0,多换,B,22875.0000,0.0000,0.0000,0.0000,0.0000,22935.0000,0.0000,0.0000,0.0000,0.0000,3,0,0,0,0,1,0,0,0,0
sc,ru1208,2012-06-29 09:09:43.500,23080.0000,780,0,0.0000,0.0000,0,0,多换,B,22875.0000,0.0000,0.0000,0.0000,0.0000,22930.0000,0.0000,0.0000,0.0000,0.0000,3,0,0,0,0,2,0,0,0,0
sc,ru1208,2012-06-29 09:09:44.000,23080.0000,780,0,0.0000,0.0000,0,0,多换,B,22875.0000,0.0000,0.0000,0.0000,0.0000,22925.0000,0.0000,0.0000,0.0000,0.0000,3,0,0,0,0,1,0,0,0,0
sc,ru1208,2012-06-29 09:09:48.000,23080.0000,780,0,0.0000,0.0000,0,0,多换,B,22850.0000,0.0000,0.0000,0.0000,0.0000,22925.0000,0.0000,0.0000,0.0000,0.0000,4,0,0,0,0,1,0,0,0,0
sc,ru1208,2012-06-29 09:09:48.500,23080.0000,780,0,0.0000,0.0000,0,0,多换,B,22855.0000,0.0000,0.0000,0.0000,0.0000,22925.0000,0.0000,0.0000,0.0000,0.0000,4,0,0,0,0,1,0,0,0,0
sc,ru1208,2012-06-29 09:09:57.000,23080.0000,780,0,0.0000,0.0000,0,0,多换,B,22855.0000,0.0000,0.0000,0.0000,0.0000,22925.0000,0.0000,0.0000,0.0000,0.0000,4,0,0,0,0,1,0,0,0,0
sc,ru1208,2012-06-29 09:09:57.500,23080.0000,780,0,0.0000,0.0000,0,0,多换,B,22865.0000,0.0000,0.0000,0.0000,0.0000,22925.0000,0.0000,0.0000,0.0000,0.0000,1,0,0,0,0,1,0,0,0,0
sc,ru1208,2012-06-29 09:09:58.000,23080.0000,780,0,0.0000,0.0000,0,0,多换,B,22865.0000,0.0000,0.0000,0.0000,0.0000,22925.0000,0.0000,0.0000,0.0000,0.0000,1,0,0,0,0,1,0,0,0,0
sc,ru1208,2012-06-29 09:09:58.500,23080.0000,780,0,0.0000,0.0000,0,0,多换,B,22870.0000,0.0000,0.0000,0.0000,0.0000,22925.0000,0.0000,0.0000,0.0000,0.0000,3,0,0,0,0,1,0,0,0,0
sc,ru1208,2012-06-29 09:09:59.000,23080.0000,780,0,0.0000,0.0000,0,0,多换,B,22870.0000,0.0000,0.0000,0.0000,0.0000,22980.0000,0.0000,0.0000,0.0000,0.0000,3,0,0,0,0,2,0,0,0,0
sc,ru1208,2012-06-29 09:09:59.500,23080.0000,780,0,0.0000,0.0000,0,0,多换,B,22870.0000,0.0000,0.0000,0.0000,0.0000,22955.0000,0.0000,0.0000,0.0000,0.0000,3,0,0,0,0,2,0,0,0,0
sc,ru1208,2012-06-29 09:10:00.000,23080.0000,780,0,0.0000,0.0000,0,0,多换,B,22875.0000,0.0000,0.0000,0.0000,0.0000,22950.0000,0.0000,0.0000,0.0000,0.0000,1,0,0,0,0,1,0,0,0,0
sc,ru1208,2012-06-29 09:10:00.500,23080.0000,780,0,0.0000,0.0000,0,0,多换,B,22875.0000,0.0000,0.0000,0.0000,0.0000,22950.0000,0.0000,0.0000,0.0000,0.0000,1,0,0,0,0,1,0,0,0,0
sc,ru1208,2012-06-29 09:10:01.000,23080.0000,780,0,0.0000,0.0000,0,0,多换,B,22880.0000,0.0000,0.0000,0.0000,0.0000,22950.0000,0.0000,0.0000,0.0000,0.0000,3,0,0,0,0,1,0,0,0,0
sc,ru1208,2012-06-29 09:10:34.000,23080.0000,780,0,0.0000,0.0000,0,0,多换,B,22880.0000,0.0000,0.0000,0.0000,0.0000,22945.0000,0.0000,0.0000,0.0000,0.0000,3,0,0,0,0,1,0,0,0,0
sc,ru1208,2012-06-29 09:10:34.500,23080.0000,780,0,0.0000,0.0000,0,0,多换,B,22880.0000,0.0000,0.0000,0.0000,0.0000,22940.0000,0.0000,0.0000,0.0000,0.0000,3,0,0,0,0,1,0,0,0,0
sc,ru1208,2012-06-29 09:10:35.000,23080.0000,780,0,0.0000,0.0000,0,0,多换,B,22880.0000,0.0000,0.0000,0.0000,0.0000,22940.0000,0.0000,0.0000,0.0000,0.0000,3,0,0,0,0,1,0,0,0,0
sc,ru1208,2012-06-29 09:10:39.000,23080.0000,780,0,0.0000,0.0000,0,0,多换,B,22880.0000,0.0000,0.0000,0.0000,0.0000,22935.0000,0.0000,0.0000,0.0000,0.0000,3,0,0,0,0,2,0,0,0,0
sc,ru1208,2012-06-29 09:10:39.500,23080.0000,780,0,0.0000,0.0000,0,0,多换,B,22880.0000,0.0000,0.0000,0.0000,0.0000,22930.0000,0.0000,0.0000,0.0000,0.0000,3,0,0,0,0,1,0,0,0,0
sc,ru1208,2012-06-29 09:10:44.000,23080.0000,780,0,0.0000,0.0000,0,0,多换,B,22720.0000,0.0000,0.0000,0.0000,0.0000,22930.0000,0.0000,0.0000,0.0000,0.0000,1,0,0,0,0,1,0,0,0,0
sc,ru1208,2012-06-29 09:10:44.500,23080.0000,780,0,0.0000,0.0000,0,0,多换,B,22790.0000,0.0000,0.0000,0.0000,0.0000,22930.0000,0.0000,0.0000,0.0000,0.0000,3,0,0,0,0,1,0,0,0,0
sc,ru1208,2012-06-29 09:10:45.000,23080.0000,780,0,0.0000,0.0000,0,0,多换,B,22800.0000,0.0000,0.0000,0.0000,0.0000,22930.0000,0.0000,0.0000,0.0000,0.0000,8,0,0,0,0,1,0,0,0,0
sc,ru1208,2012-06-29 09:10:45.500,23080.0000,780,0,0.0000,0.0000,0,0,多换,B,22810.0000,0.0000,0.0000,0.0000,0.0000,22930.0000,0.0000,0.0000,0.0000,0.0000,2,0,0,0,0,1,0,0,0,0
sc,ru1208,2012-06-29 09:10:46.000,23080.0000,780,0,0.0000,0.0000,0,0,多换,B,22820.0000,0.0000,0.0000,0.0000,0.0000,22930.0000,0.0000,0.0000,0.0000,0.0000,2,0,0,0,0,1,0,0,0,0
sc,ru1208,2012-06-29 09:10:46.500,23080.0000,780,0,0.0000,0.0000,0,0,多换,B,22835.0000,0.0000,0.0000,0.0000,0.0000,22930.0000,0.0000,0.0000,0.0000,0.0000,3,0,0,0,0,1,0,0,0,0
sc,ru1208,2012-06-29 09:10:47.000,23080.0000,780,0,0.0000,0.0000,0,0,多换,B,22845.0000,0.0000,0.0000,0.0000,0.0000,22930.0000,0.0000,0.0000,0.0000,0.0000,1,0,0,0,0,1,0,0,0,0
sc,ru1208,2012-06-29 09:10:47.500,23080.0000,780,0,0.0000,0.0000,0,0,多换,B,22860.0000,0.0000,0.0000,0.0000,0.0000,22930.0000,0.0000,0.0000,0.0000,0.0000,1,0,0,0,0,1,0,0,0,0
sc,ru1208,2012-06-29 09:10:48.000,23080.0000,780,0,0.0000,0.0000,0,0,多换,B,22865.0000,0.0000,0.0000,0.0000,0.0000,22930.0000,0.0000,0.0000,0.0000,0.0000,1,0,0,0,0,1,0,0,0,0
sc,ru1208,2012-06-29 09:10:48.500,23080.0000,780,0,0.0000,0.0000,0,0,多换,B,22865.0000,0.0000,0.0000,0.0000,0.0000,22930.0000,0.0000,0.0000,0.0000,0.0000,4,0,0,0,0,1,0,0,0,0
sc,ru1208,2012-06-29 09:10:58.000,23080.0000,780,0,0.0000,0.0000,0,0,多换,B,22865.0000,0.0000,0.0000,0.0000,0.0000,22930.0000,0.0000,0.0000,0.0000,0.0000,4,0,0,0,0,1,0,0,0,0
sc,ru1208,2012-06-29 09:11:11.500,23080.0000,780,0,0.0000,0.0000,0,0,多换,B,22865.0000,0.0000,0.0000,0.0000,0.0000,22930.0000,0.0000,0.0000,0.0000,0.0000,4,0,0,0,0,1,0,0,0,0
sc,ru1208,2012-06-29 09:11:12.500,23080.0000,780,0,0.0000,0.0000,0,0,多换,B,22865.0000,0.0000,0.0000,0.0000,0.0000,22930.0000,0.0000,0.0000,0.0000,0.0000,3,0,0,0,0,1,0,0,0,0
sc,ru1208,2012-06-29 09:11:16.500,23080.0000,780,0,0.0000,0.0000,0,0,多换,B,22865.0000,0.0000,0.0000,0.0000,0.0000,22930.0000,0.0000,0.0000,0.0000,0.0000,3,0,0,0,0,1,0,0,0,0
sc,ru1208,2012-06-29 09:12:15.500,23080.0000,780,0,0.0000,0.0000,0,0,多换,B,22865.0000,0.0000,0.0000,0.0000,0.0000,22930.0000,0.0000,0.0000,0.0000,0.0000,4,0,0,0,0,1,0,0,0,0
sc,ru1208,2012-06-29 09:12:22.500,23080.0000,780,0,0.0000,0.0000,0,0,多换,B,22865.0000,0.0000,0.0000,0.0000,0.0000,22930.0000,0.0000,0.0000,0.0000,0.0000,4,0,0,0,0,1,0,0,0,0
sc,ru1208,2012-06-29 09:13:06.500,23080.0000,780,0,0.0000,0.0000,0,0,多换,B,22865.0000,0.0000,0.0000,0.0000,0.0000,22925.0000,0.0000,0.0000,0.0000,0.0000,4,0,0,0,0,1,0,0,0,0
sc,ru1208,2012-06-29 09:13:07.000,23080.0000,780,0,0.0000,0.0000,0,0,多换,B,22865.0000,0.0000,0.0000,0.0000,0.0000,22920.0000,0.0000,0.0000,0.0000,0.0000,4,0,0,0,0,1,0,0,0,0
sc,ru1208,2012-06-29 09:13:09.500,23080.0000,780,0,0.0000,0.0000,0,0,多换,B,22865.0000,0.0000,0.0000,0.0000,0.0000,22920.0000,0.0000,0.0000,0.0000,0.0000,4,0,0,0,0,1,0,0,0,0
sc,ru1208,2012-06-29 09:13:12.500,23080.0000,780,0,0.0000,0.0000,0,0,多换,B,22865.0000,0.0000,0.0000,0.0000,0.0000,22920.0000,0.0000,0.0000,0.0000,0.0000,3,0,0,0,0,1,0,0,0,0
sc,ru1208,2012-06-29 09:13:14.500,23080.0000,780,0,0.0000,0.0000,0,0,多换,B,22865.0000,0.0000,0.0000,0.0000,0.0000,22915.0000,0.0000,0.0000,0.0000,0.0000,3,0,0,0,0,1,0,0,0,0
sc,ru1208,2012-06-29 09:13:15.000,23080.0000,780,0,0.0000,0.0000,0,0,多换,B,22865.0000,0.0000,0.0000,0.0000,0.0000,22915.0000,0.0000,0.0000,0.0000,0.0000,3,0,0,0,0,2,0,0,0,0
sc,ru1208,2012-06-29 09:13:22.500,23080.0000,780,0,0.0000,0.0000,0,0,多换,B,22865.0000,0.0000,0.0000,0.0000,0.0000,22915.0000,0.0000,0.0000,0.0000,0.0000,3,0,0,0,0,2,0,0,0,0
sc,ru1208,2012-06-29 09:13:23.500,23080.0000,780,0,0.0000,0.0000,0,0,多换,B,22865.0000,0.0000,0.0000,0.0000,0.0000,22910.0000,0.0000,0.0000,0.0000,0.0000,3,0,0,0,0,1,0,0,0,0
sc,ru1208,2012-06-29 09:13:24.000,23080.0000,780,0,0.0000,0.0000,0,0,多换,B,22865.0000,0.0000,0.0000,0.0000,0.0000,22915.0000,0.0000,0.0000,0.0000,0.0000,3,0,0,0,0,1,0,0,0,0
sc,ru1208,2012-06-29 09:13:24.500,23080.0000,780,0,0.0000,0.0000,0,0,多换,B,22865.0000,0.0000,0.0000,0.0000,0.0000,22915.0000,0.0000,0.0000,0.0000,0.0000,3,0,0,0,0,2,0,0,0,0
sc,ru1208,2012-06-29 09:13:25.000,23080.0000,780,0,0.0000,0.0000,0,0,多换,B,22865.0000,0.0000,0.0000,0.0000,0.0000,22915.0000,0.0000,0.0000,0.0000,0.0000,3,0,0,0,0,1,0,0,0,0
sc,ru1208,2012-06-29 09:13:34.500,23080.0000,780,0,0.0000,0.0000,0,0,多换,B,22865.0000,0.0000,0.0000,0.0000,0.0000,22980.0000,0.0000,0.0000,0.0000,0.0000,3,0,0,0,0,2,0,0,0,0
sc,ru1208,2012-06-29 09:13:35.000,23080.0000,780,0,0.0000,0.0000,0,0,多换,B,22865.0000,0.0000,0.0000,0.0000,0.0000,22950.0000,0.0000,0.0000,0.0000,0.0000,3,0,0,0,0,2,0,0,0,0
sc,ru1208,2012-06-29 09:13:35.500,23080.0000,780,0,0.0000,0.0000,0,0,多换,B,22865.0000,0.0000,0.0000,0.0000,0.0000,22945.0000,0.0000,0.0000,0.0000,0.0000,3,0,0,0,0,1,0,0,0,0
sc,ru1208,2012-06-29 09:13:36.000,23080.0000,780,0,0.0000,0.0000,0,0,多换,B,22865.0000,0.0000,0.0000,0.0000,0.0000,22945.0000,0.0000,0.0000,0.0000,0.0000,3,0,0,0,0,3,0,0,0,0
sc,ru1208,2012-06-29 09:13:36.500,23080.0000,780,0,0.0000,0.0000,0,0,多换,B,22865.0000,0.0000,0.0000,0.0000,0.0000,22940.0000,0.0000,0.0000,0.0000,0.0000,3,0,0,0,0,4,0,0,0,0
sc,ru1208,2012-06-29 09:13:37.000,23080.0000,780,0,0.0000,0.0000,0,0,多换,B,22865.0000,0.0000,0.0000,0.0000,0.0000,22935.0000,0.0000,0.0000,0.0000,0.0000,3,0,0,0,0,1,0,0,0,0
sc,ru1208,2012-06-29 09:13:37.500,23080.0000,780,0,0.0000,0.0000,0,0,多换,B,22865.0000,0.0000,0.0000,0.0000,0.0000,22935.0000,0.0000,0.0000,0.0000,0.0000,3,0,0,0,0,1,0,0,0,0
sc,ru1208,2012-06-29 09:13:38.000,23080.0000,780,0,0.0000,0.0000,0,0,多换,B,22865.0000,0.0000,0.0000,0.0000,0.0000,22925.0000,0.0000,0.0000,0.0000,0.0000,3,0,0,0,0,2,0,0,0,0
sc,ru1208,2012-06-29 09:13:38.500,23080.0000,780,0,0.0000,0.0000,0,0,多换,B,22865.0000,0.0000,0.0000,0.0000,0.0000,22920.0000,0.0000,0.0000,0.0000,0.0000,3,0,0,0,0,1,0,0,0,0
sc,ru1208,2012-06-29 09:13:47.500,23080.0000,780,0,0.0000,0.0000,0,0,多换,B,22865.0000,0.0000,0.0000,0.0000,0.0000,22920.0000,0.0000,0.0000,0.0000,0.0000,3,0,0,0,0,1,0,0,0,0
sc,ru1208,2012-06-29 09:14:29.000,23080.0000,780,0,0.0000,0.0000,0,0,多换,B,22860.0000,0.0000,0.0000,0.0000,0.0000,22915.0000,0.0000,0.0000,0.0000,0.0000,1,0,0,0,0,2,0,0,0,0
sc,ru1208,2012-06-29 09:14:29.500,23080.0000,780,0,0.0000,0.0000,0,0,多换,B,22860.0000,0.0000,0.0000,0.0000,0.0000,22910.0000,0.0000,0.0000,0.0000,0.0000,1,0,0,0,0,1,0,0,0,0
sc,ru1208,2012-06-29 09:14:30.500,23080.0000,780,0,0.0000,0.0000,0,0,多换,B,22860.0000,0.0000,0.0000,0.0000,0.0000,22910.0000,0.0000,0.0000,0.0000,0.0000,1,0,0,0,0,1,0,0,0,0
sc,ru1208,2012-06-29 09:14:43.500,23080.0000,780,0,0.0000,0.0000,0,0,多换,B,22860.0000,0.0000,0.0000,0.0000,0.0000,22980.0000,0.0000,0.0000,0.0000,0.0000,1,0,0,0,0,2,0,0,0,0
sc,ru1208,2012-06-29 09:14:44.000,23080.0000,780,0,0.0000,0.0000,0,0,多换,B,22860.0000,0.0000,0.0000,0.0000,0.0000,22950.0000,0.0000,0.0000,0.0000,0.0000,1,0,0,0,0,2,0,0,0,0
sc,ru1208,2012-06-29 09:14:44.500,23080.0000,780,0,0.0000,0.0000,0,0,多换,B,22860.0000,0.0000,0.0000,0.0000,0.0000,22945.0000,0.0000,0.0000,0.0000,0.0000,1,0,0,0,0,3,0,0,0,0
sc,ru1208,2012-06-29 09:14:45.000,23080.0000,780,0,0.0000,0.0000,0,0,多换,B,22860.0000,0.0000,0.0000,0.0000,0.0000,22940.0000,0.0000,0.0000,0.0000,0.0000,1,0,0,0,0,1,0,0,0,0
sc,ru1208,2012-06-29 09:14:45.500,23080.0000,780,0,0.0000,0.0000,0,0,多换,B,22860.0000,0.0000,0.0000,0.0000,0.0000,22940.0000,0.0000,0.0000,0.0000,0.0000,1,0,0,0,0,4,0,0,0,0
sc,ru1208,2012-06-29 09:14:46.000,23080.0000,780,0,0.0000,0.0000,0,0,多换,B,22860.0000,0.0000,0.0000,0.0000,0.0000,22935.0000,0.0000,0.0000,0.0000,0.0000,1,0,0,0,0,1,0,0,0,0
sc,ru1208,2012-06-29 09:14:46.500,23080.0000,780,0,0.0000,0.0000,0,0,多换,B,22860.0000,0.0000,0.0000,0.0000,0.0000,22935.0000,0.0000,0.0000,0.0000,0.0000,1,0,0,0,0,1,0,0,0,0
sc,ru1208,2012-06-29 09:14:47.000,23080.0000,780,0,0.0000,0.0000,0,0,多换,B,22860.0000,0.0000,0.0000,0.0000,0.0000,22925.0000,0.0000,0.0000,0.0000,0.0000,1,0,0,0,0,2,0,0,0,0
sc,ru1208,2012-06-29 09:14:47.500,23080.0000,780,0,0.0000,0.0000,0,0,多换,B,22860.0000,0.0000,0.0000,0.0000,0.0000,22920.0000,0.0000,0.0000,0.0000,0.0000,1,0,0,0,0,1,0,0,0,0
sc,ru1208,2012-06-29 09:14:49.500,23080.0000,780,0,0.0000,0.0000,0,0,多换,B,22860.0000,0.0000,0.0000,0.0000,0.0000,22920.0000,0.0000,0.0000,0.0000,0.0000,1,0,0,0,0,1,0,0,0,0
sc,ru1208,2012-06-29 09:14:50.500,23080.0000,780,0,0.0000,0.0000,0,0,多换,B,22865.0000,0.0000,0.0000,0.0000,0.0000,22920.0000,0.0000,0.0000,0.0000,0.0000,3,0,0,0,0,1,0,0,0,0
sc,ru1208,2012-06-29 09:15:01.500,23080.0000,780,0,0.0000,0.0000,0,0,多换,B,22865.0000,0.0000,0.0000,0.0000,0.0000,22980.0000,0.0000,0.0000,0.0000,0.0000,3,0,0,0,0,2,0,0,0,0
sc,ru1208,2012-06-29 09:15:02.000,23080.0000,780,0,0.0000,0.0000,0,0,多换,B,22865.0000,0.0000,0.0000,0.0000,0.0000,22955.0000,0.0000,0.0000,0.0000,0.0000,3,0,0,0,0,2,0,0,0,0
sc,ru1208,2012-06-29 09:15:02.500,23080.0000,780,0,0.0000,0.0000,0,0,多换,B,22865.0000,0.0000,0.0000,0.0000,0.0000,22950.0000,0.0000,0.0000,0.0000,0.0000,3,0,0,0,0,1,0,0,0,0
sc,ru1208,2012-06-29 09:15:03.000,23080.0000,780,0,0.0000,0.0000,0,0,多换,B,22865.0000,0.0000,0.0000,0.0000,0.0000,22950.0000,0.0000,0.0000,0.0000,0.0000,3,0,0,0,0,3,0,0,0,0
sc,ru1208,2012-06-29 09:15:03.500,23080.0000,780,0,0.0000,0.0000,0,0,多换,B,22865.0000,0.0000,0.0000,0.0000,0.0000,22945.0000,0.0000,0.0000,0.0000,0.0000,3,0,0,0,0,4,0,0,0,0
sc,ru1208,2012-06-29 09:15:04.000,23080.0000,780,0,0.0000,0.0000,0,0,多换,B,22865.0000,0.0000,0.0000,0.0000,0.0000,22940.0000,0.0000,0.0000,0.0000,0.0000,3,0,0,0,0,1,0,0,0,0
sc,ru1208,2012-06-29 09:15:04.500,23080.0000,780,0,0.0000,0.0000,0,0,多换,B,22865.0000,0.0000,0.0000,0.0000,0.0000,22940.0000,0.0000,0.0000,0.0000,0.0000,3,0,0,0,0,1,0,0,0,0
sc,ru1208,2012-06-29 09:15:05.000,23080.0000,780,0,0.0000,0.0000,0,0,多换,B,22865.0000,0.0000,0.0000,0.0000,0.0000,22935.0000,0.0000,0.0000,0.0000,0.0000,3,0,0,0,0,2,0,0,0,0
sc,ru1208,2012-06-29 09:15:05.500,23080.0000,780,0,0.0000,0.0000,0,0,多换,B,22865.0000,0.0000,0.0000,0.0000,0.0000,22930.0000,0.0000,0.0000,0.0000,0.0000,3,0,0,0,0,1,0,0,0,0
sc,ru1208,2012-06-29 09:15:09.000,23080.0000,780,0,0.0000,0.0000,0,0,多换,B,22870.0000,0.0000,0.0000,0.0000,0.0000,22930.0000,0.0000,0.0000,0.0000,0.0000,1,0,0,0,0,1,0,0,0,0
sc,ru1208,2012-06-29 09:15:09.500,23080.0000,780,0,0.0000,0.0000,0,0,多换,B,22870.0000,0.0000,0.0000,0.0000,0.0000,22930.0000,0.0000,0.0000,0.0000,0.0000,1,0,0,0,0,1,0,0,0,0
sc,ru1208,2012-06-29 09:15:10.000,23080.0000,780,0,0.0000,0.0000,0,0,多换,B,22875.0000,0.0000,0.0000,0.0000,0.0000,22930.0000,0.0000,0.0000,0.0000,0.0000,3,0,0,0,0,1,0,0,0,0
sc,ru1208,2012-06-29 09:15:11.500,23080.0000,780,0,0.0000,0.0000,0,0,多换,B,22875.0000,0.0000,0.0000,0.0000,0.0000,22980.0000,0.0000,0.0000,0.0000,0.0000,3,0,0,0,0,2,0,0,0,0
sc,ru1208,2012-06-29 09:15:12.000,23080.0000,780,0,0.0000,0.0000,0,0,多换,B,22890.0000,0.0000,0.0000,0.0000,0.0000,22960.0000,0.0000,0.0000,0.0000,0.0000,1,0,0,0,0,2,0,0,0,0
sc,ru1208,2012-06-29 09:15:12.500,23080.0000,780,0,0.0000,0.0000,0,0,多换,B,22890.0000,0.0000,0.0000,0.0000,0.0000,22955.0000,0.0000,0.0000,0.0000,0.0000,1,0,0,0,0,1,0,0,0,0
sc,ru1208,2012-06-29 09:15:13.500,23080.0000,780,0,0.0000,0.0000,0,0,多换,B,22890.0000,0.0000,0.0000,0.0000,0.0000,22955.0000,0.0000,0.0000,0.0000,0.0000,1,0,0,0,0,1,0,0,0,0
sc,ru1208,2012-06-29 09:15:15.500,23080.0000,780,0,0.0000,0.0000,0,0,多换,B,22890.0000,0.0000,0.0000,0.0000,0.0000,22950.0000,0.0000,0.0000,0.0000,0.0000,1,0,0,0,0,3,0,0,0,0
sc,ru1208,2012-06-29 09:15:16.000,23080.0000,780,0,0.0000,0.0000,0,0,多换,B,22890.0000,0.0000,0.0000,0.0000,0.0000,22945.0000,0.0000,0.0000,0.0000,0.0000,1,0,0,0,0,1,0,0,0,0
sc,ru1208,2012-06-29 09:15:16.500,23080.0000,780,0,0.0000,0.0000,0,0,多换,B,22890.0000,0.0000,0.0000,0.0000,0.0000,22945.0000,0.0000,0.0000,0.0000,0.0000,1,0,0,0,0,1,0,0,0,0
sc,ru1208,2012-06-29 09:15:17.000,23080.0000,780,0,0.0000,0.0000,0,0,多换,B,22890.0000,0.0000,0.0000,0.0000,0.0000,22940.0000,0.0000,0.0000,0.0000,0.0000,1,0,0,0,0,2,0,0,0,0
sc,ru1208,2012-06-29 09:15:17.500,23080.0000,780,0,0.0000,0.0000,0,0,多换,B,22890.0000,0.0000,0.0000,0.0000,0.0000,22935.0000,0.0000,0.0000,0.0000,0.0000,1,0,0,0,0,1,0,0,0,0
sc,ru1208,2012-06-29 09:15:47.500,23080.0000,780,0,0.0000,0.0000,0,0,多换,B,22890.0000,0.0000,0.0000,0.0000,0.0000,22935.0000,0.0000,0.0000,0.0000,0.0000,1,0,0,0,0,1,0,0,0,0
sc,ru1208,2012-06-29 09:15:48.000,23080.0000,780,0,0.0000,0.0000,0,0,多换,B,22735.0000,0.0000,0.0000,0.0000,0.0000,22935.0000,0.0000,0.0000,0.0000,0.0000,6,0,0,0,0,1,0,0,0,0
sc,ru1208,2012-06-29 09:15:48.500,23080.0000,780,0,0.0000,0.0000,0,0,多换,B,22800.0000,0.0000,0.0000,0.0000,0.0000,22935.0000,0.0000,0.0000,0.0000,0.0000,3,0,0,0,0,1,0,0,0,0
sc,ru1208,2012-06-29 09:15:49.000,23080.0000,780,0,0.0000,0.0000,0,0,多换,B,22820.0000,0.0000,0.0000,0.0000,0.0000,22935.0000,0.0000,0.0000,0.0000,0.0000,1,0,0,0,0,1,0,0,0,0
sc,ru1208,2012-06-29 09:15:49.500,23080.0000,780,0,0.0000,0.0000,0,0,多换,B,22830.0000,0.0000,0.0000,0.0000,0.0000,22935.0000,0.0000,0.0000,0.0000,0.0000,2,0,0,0,0,1,0,0,0,0
sc,ru1208,2012-06-29 09:15:50.000,23080.0000,780,0,0.0000,0.0000,0,0,多换,B,22840.0000,0.0000,0.0000,0.0000,0.0000,22935.0000,0.0000,0.0000,0.0000,0.0000,2,0,0,0,0,1,0,0,0,0
sc,ru1208,2012-06-29 09:15:50.500,23080.0000,780,0,0.0000,0.0000,0,0,多换,B,22850.0000,0.0000,0.0000,0.0000,0.0000,22935.0000,0.0000,0.0000,0.0000,0.0000,4,0,0,0,0,1,0,0,0,0
sc,ru1208,2012-06-29 09:15:51.000,23080.0000,780,0,0.0000,0.0000,0,0,多换,B,22860.0000,0.0000,0.0000,0.0000,0.0000,22935.0000,0.0000,0.0000,0.0000,0.0000,1,0,0,0,0,1,0,0,0,0
sc,ru1208,2012-06-29 09:15:51.500,23080.0000,780,0,0.0000,0.0000,0,0,多换,B,22875.0000,0.0000,0.0000,0.0000,0.0000,22935.0000,0.0000,0.0000,0.0000,0.0000,1,0,0,0,0,1,0,0,0,0
sc,ru1208,2012-06-29 09:15:52.000,23080.0000,780,0,0.0000,0.0000,0,0,多换,B,22875.0000,0.0000,0.0000,0.0000,0.0000,22935.0000,0.0000,0.0000,0.0000,0.0000,1,0,0,0,0,1,0,0,0,0
sc,ru1208,2012-06-29 09:15:53.500,23080.0000,780,0,0.0000,0.0000,0,0,多换,B,22875.0000,0.0000,0.0000,0.0000,0.0000,22935.0000,0.0000,0.0000,0.0000,0.0000,1,0,0,0,0,1,0,0,0,0
sc,ru1208,2012-06-29 09:16:06.500,23080.0000,780,0,0.0000,0.0000,0,0,多换,B,22875.0000,0.0000,0.0000,0.0000,0.0000,22935.0000,0.0000,0.0000,0.0000,0.0000,1,0,0,0,0,1,0,0,0,0
sc,ru1208,2012-06-29 09:16:10.000,23080.0000,780,0,0.0000,0.0000,0,0,多换,B,22875.0000,0.0000,0.0000,0.0000,0.0000,22935.0000,0.0000,0.0000,0.0000,0.0000,1,0,0,0,0,1,0,0,0,0
sc,ru1208,2012-06-29 09:16:18.000,23080.0000,780,0,0.0000,0.0000,0,0,多换,B,22875.0000,0.0000,0.0000,0.0000,0.0000,22935.0000,0.0000,0.0000,0.0000,0.0000,1,0,0,0,0,1,0,0,0,0
sc,ru1208,2012-06-29 09:16:20.000,23080.0000,780,0,0.0000,0.0000,0,0,多换,B,22875.0000,0.0000,0.0000,0.0000,0.0000,22935.0000,0.0000,0.0000,0.0000,0.0000,1,0,0,0,0,1,0,0,0,0
sc,ru1208,2012-06-29 09:16:28.000,23080.0000,780,0,0.0000,0.0000,0,0,多换,B,22875.0000,0.0000,0.0000,0.0000,0.0000,22935.0000,0.0000,0.0000,0.0000,0.0000,1,0,0,0,0,1,0,0,0,0
sc,ru1208,2012-06-29 09:16:43.500,23080.0000,780,0,0.0000,0.0000,0,0,多换,B,22875.0000,0.0000,0.0000,0.0000,0.0000,22930.0000,0.0000,0.0000,0.0000,0.0000,1,0,0,0,0,3,0,0,0,0
sc,ru1208,2012-06-29 09:16:44.000,23080.0000,780,0,0.0000,0.0000,0,0,多换,B,22875.0000,0.0000,0.0000,0.0000,0.0000,22925.0000,0.0000,0.0000,0.0000,0.0000,1,0,0,0,0,1,0,0,0,0
sc,ru1208,2012-06-29 09:16:44.500,23080.0000,780,0,0.0000,0.0000,0,0,多换,B,22875.0000,0.0000,0.0000,0.0000,0.0000,22925.0000,0.0000,0.0000,0.0000,0.0000,1,0,0,0,0,1,0,0,0,0
sc,ru1208,2012-06-29 09:16:45.000,23080.0000,780,0,0.0000,0.0000,0,0,多换,B,22875.0000,0.0000,0.0000,0.0000,0.0000,22920.0000,0.0000,0.0000,0.0000,0.0000,1,0,0,0,0,1,0,0,0,0
sc,ru1208,2012-06-29 09:16:45.500,23080.0000,780,0,0.0000,0.0000,0,0,多换,B,22875.0000,0.0000,0.0000,0.0000,0.0000,22915.0000,0.0000,0.0000,0.0000,0.0000,1,0,0,0,0,1,0,0,0,0
sc,ru1208,2012-06-29 09:16:46.000,23080.0000,780,0,0.0000,0.0000,0,0,多换,B,22740.0000,0.0000,0.0000,0.0000,0.0000,22915.0000,0.0000,0.0000,0.0000,0.0000,2,0,0,0,0,1,0,0,0,0
sc,ru1208,2012-06-29 09:16:46.500,23080.0000,780,0,0.0000,0.0000,0,0,多换,B,22795.0000,0.0000,0.0000,0.0000,0.0000,22915.0000,0.0000,0.0000,0.0000,0.0000,3,0,0,0,0,1,0,0,0,0
sc,ru1208,2012-06-29 09:16:47.000,23080.0000,780,0,0.0000,0.0000,0,0,多换,B,22810.0000,0.0000,0.0000,0.0000,0.0000,22915.0000,0.0000,0.0000,0.0000,0.0000,1,0,0,0,0,1,0,0,0,0
sc,ru1208,2012-06-29 09:16:47.500,23080.0000,780,0,0.0000,0.0000,0,0,多换,B,22820.0000,0.0000,0.0000,0.0000,0.0000,22915.0000,0.0000,0.0000,0.0000,0.0000,2,0,0,0,0,1,0,0,0,0
sc,ru1208,2012-06-29 09:16:48.000,23080.0000,780,0,0.0000,0.0000,0,0,多换,B,22830.0000,0.0000,0.0000,0.0000,0.0000,22915.0000,0.0000,0.0000,0.0000,0.0000,1,0,0,0,0,1,0,0,0,0
sc,ru1208,2012-06-29 09:16:48.500,23080.0000,780,0,0.0000,0.0000,0,0,多换,B,22835.0000,0.0000,0.0000,0.0000,0.0000,22915.0000,0.0000,0.0000,0.0000,0.0000,7,0,0,0,0,1,0,0,0,0
sc,ru1208,2012-06-29 09:16:49.000,23080.0000,780,0,0.0000,0.0000,0,0,多换,B,22855.0000,0.0000,0.0000,0.0000,0.0000,22915.0000,0.0000,0.0000,0.0000,0.0000,1,0,0,0,0,1,0,0,0,0
sc,ru1208,2012-06-29 09:16:49.500,23080.0000,780,0,0.0000,0.0000,0,0,多换,B,22855.0000,0.0000,0.0000,0.0000,0.0000,22915.0000,0.0000,0.0000,0.0000,0.0000,1,0,0,0,0,1,0,0,0,0
sc,ru1208,2012-06-29 09:16:50.000,23080.0000,780,0,0.0000,0.0000,0,0,多换,B,22855.0000,0.0000,0.0000,0.0000,0.0000,22915.0000,0.0000,0.0000,0.0000,0.0000,1,0,0,0,0,1,0,0,0,0
sc,ru1208,2012-06-29 09:16:50.500,23080.0000,780,0,0.0000,0.0000,0,0,多换,B,22855.0000,0.0000,0.0000,0.0000,0.0000,22915.0000,0.0000,0.0000,0.0000,0.0000,1,0,0,0,0,1,0,0,0,0
sc,ru1208,2012-06-29 09:17:22.000,23080.0000,780,0,0.0000,0.0000,0,0,多换,B,22855.0000,0.0000,0.0000,0.0000,0.0000,22915.0000,0.0000,0.0000,0.0000,0.0000,1,0,0,0,0,1,0,0,0,0
sc,ru1208,2012-06-29 09:17:27.500,23080.0000,780,0,0.0000,0.0000,0,0,多换,B,22855.0000,0.0000,0.0000,0.0000,0.0000,22915.0000,0.0000,0.0000,0.0000,0.0000,1,0,0,0,0,1,0,0,0,0
sc,ru1208,2012-06-29 09:17:36.000,23080.0000,780,0,0.0000,0.0000,0,0,多换,B,22855.0000,0.0000,0.0000,0.0000,0.0000,22915.0000,0.0000,0.0000,0.0000,0.0000,1,0,0,0,0,1,0,0,0,0
sc,ru1208,2012-06-29 09:17:57.500,23080.0000,780,0,0.0000,0.0000,0,0,多换,B,22855.0000,0.0000,0.0000,0.0000,0.0000,22910.0000,0.0000,0.0000,0.0000,0.0000,1,0,0,0,0,4,0,0,0,0
sc,ru1208,2012-06-29 09:17:58.000,23080.0000,780,0,0.0000,0.0000,0,0,多换,B,22855.0000,0.0000,0.0000,0.0000,0.0000,22905.0000,0.0000,0.0000,0.0000,0.0000,1,0,0,0,0,1,0,0,0,0
sc,ru1208,2012-06-29 09:17:58.500,23080.0000,780,0,0.0000,0.0000,0,0,多换,B,22855.0000,0.0000,0.0000,0.0000,0.0000,22905.0000,0.0000,0.0000,0.0000,0.0000,1,0,0,0,0,1,0,0,0,0
sc,ru1208,2012-06-29 09:17:59.000,23080.0000,780,0,0.0000,0.0000,0,0,多换,B,22855.0000,0.0000,0.0000,0.0000,0.0000,22900.0000,0.0000,0.0000,0.0000,0.0000,1,0,0,0,0,2,0,0,0,0
sc,ru1208,2012-06-29 09:17:59.500,23080.0000,780,0,0.0000,0.0000,0,0,多换,B,22855.0000,0.0000,0.0000,0.0000,0.0000,22895.0000,0.0000,0.0000,0.0000,0.0000,1,0,0,0,0,1,0,0,0,0
sc,ru1208,2012-06-29 09:18:02.000,23080.0000,780,0,0.0000,0.0000,0,0,多换,B,22735.0000,0.0000,0.0000,0.0000,0.0000,22895.0000,0.0000,0.0000,0.0000,0.0000,6,0,0,0,0,1,0,0,0,0
sc,ru1208,2012-06-29 09:18:02.500,23080.0000,780,0,0.0000,0.0000,0,0,多换,B,22795.0000,0.0000,0.0000,0.0000,0.0000,22895.0000,0.0000,0.0000,0.0000,0.0000,1,0,0,0,0,1,0,0,0,0
sc,ru1208,2012-06-29 09:18:03.000,23080.0000,780,0,0.0000,0.0000,0,0,多换,B,22805.0000,0.0000,0.0000,0.0000,0.0000,22895.0000,0.0000,0.0000,0.0000,0.0000,1,0,0,0,0,1,0,0,0,0
sc,ru1208,2012-06-29 09:18:03.500,23080.0000,780,0,0.0000,0.0000,0,0,多换,B,22810.0000,0.0000,0.0000,0.0000,0.0000,22895.0000,0.0000,0.0000,0.0000,0.0000,4,0,0,0,0,1,0,0,0,0
sc,ru1208,2012-06-29 09:18:04.000,23080.0000,780,0,0.0000,0.0000,0,0,多换,B,22820.0000,0.0000,0.0000,0.0000,0.0000,22895.0000,0.0000,0.0000,0.0000,0.0000,1,0,0,0,0,1,0,0,0,0
