市场代码,合约代码,时间,最新,持仓,增仓,成交额,成交量,开仓,平仓,成交类型,方向,买一价,买二价,买三价,买四价,买五价,卖一价,卖二价,卖三价,卖四价,卖五价,买一量,买二量,买三量,买四量,买五量,卖一量,卖二量,卖三量,卖四量,卖五量
sc,ru1306,2012-06-29 07:36:29.500,22965.0000,8,0,0.0000,0.0000,0,0,多换,B,0.0000,0.0000,0.0000,0.0000,0.0000,0.0000,0.0000,0.0000,0.0000,0.0000,0,0,0,0,0,0,0,0,0,0
sc,ru1306,2012-06-29 08:59:00.500,22965.0000,8,0,0.0000,0.0000,0,0,多换,B,22000.0000,0.0000,0.0000,0.0000,0.0000,0.0000,0.0000,0.0000,0.0000,0.0000,1,0,0,0,0,0,0,0,0,0
sc,ru1306,2012-06-29 09:00:01.000,22965.0000,8,0,0.0000,0.0000,0,0,多换,B,22005.0000,0.0000,0.0000,0.0000,0.0000,24335.0000,0.0000,0.0000,0.0000,0.0000,2,0,0,0,0,1,0,0,0,0
sc,ru1306,2012-06-29 09:00:01.500,22965.0000,8,0,0.0000,0.0000,0,0,多换,B,22100.0000,0.0000,0.0000,0.0000,0.0000,24335.0000,0.0000,0.0000,0.0000,0.0000,2,0,0,0,0,1,0,0,0,0
sc,ru1306,2012-06-29 09:00:02.000,22965.0000,8,0,0.0000,0.0000,0,0,多换,B,22100.0000,0.0000,0.0000,0.0000,0.0000,24335.0000,0.0000,0.0000,0.0000,0.0000,2,0,0,0,0,1,0,0,0,0
sc,ru1306,2012-06-29 09:00:02.500,22965.0000,8,0,0.0000,0.0000,0,0,多换,B,22105.0000,0.0000,0.0000,0.0000,0.0000,24335.0000,0.0000,0.0000,0.0000,0.0000,1,0,0,0,0,1,0,0,0,0
sc,ru1306,2012-06-29 09:00:03.000,22965.0000,8,0,0.0000,0.0000,0,0,多换,B,22105.0000,0.0000,0.0000,0.0000,0.0000,24320.0000,0.0000,0.0000,0.0000,0.0000,1,0,0,0,0,4,0,0,0,0
sc,ru1306,2012-06-29 09:00:03.500,22965.0000,8,0,0.0000,0.0000,0,0,多换,B,22105.0000,0.0000,0.0000,0.0000,0.0000,24315.0000,0.0000,0.0000,0.0000,0.0000,1,0,0,0,0,1,0,0,0,0
sc,ru1306,2012-06-29 09:00:04.000,22965.0000,8,0,0.0000,0.0000,0,0,多换,B,22105.0000,0.0000,0.0000,0.0000,0.0000,24315.0000,0.0000,0.0000,0.0000,0.0000,1,0,0,0,0,1,0,0,0,0
sc,ru1306,2012-06-29 09:00:05.000,22965.0000,8,0,0.0000,0.0000,0,0,多换,B,22120.0000,0.0000,0.0000,0.0000,0.0000,24315.0000,0.0000,0.0000,0.0000,0.0000,3,0,0,0,0,1,0,0,0,0
sc,ru1306,2012-06-29 09:00:05.500,22965.0000,8,0,0.0000,0.0000,0,0,多换,B,22125.0000,0.0000,0.0000,0.0000,0.0000,24315.0000,0.0000,0.0000,0.0000,0.0000,1,0,0,0,0,1,0,0,0,0
sc,ru1306,2012-06-29 09:00:07.000,22965.0000,8,0,0.0000,0.0000,0,0,多换,B,22125.0000,0.0000,0.0000,0.0000,0.0000,24315.0000,0.0000,0.0000,0.0000,0.0000,1,0,0,0,0,1,0,0,0,0
sc,ru1306,2012-06-29 09:00:07.500,22965.0000,8,0,0.0000,0.0000,0,0,多换,B,22125.0000,0.0000,0.0000,0.0000,0.0000,24315.0000,0.0000,0.0000,0.0000,0.0000,1,0,0,0,0,1,0,0,0,0
sc,ru1306,2012-06-29 09:00:08.000,22965.0000,8,0,0.0000,0.0000,0,0,多换,B,22125.0000,0.0000,0.0000,0.0000,0.0000,24315.0000,0.0000,0.0000,0.0000,0.0000,1,0,0,0,0,1,0,0,0,0
sc,ru1306,2012-06-29 09:00:08.500,22965.0000,8,0,0.0000,0.0000,0,0,多换,B,22225.0000,0.0000,0.0000,0.0000,0.0000,23425.0000,0.0000,0.0000,0.0000,0.0000,2,0,0,0,0,1,0,0,0,0
sc,ru1306,2012-06-29 09:00:09.000,22965.0000,8,0,0.0000,0.0000,0,0,多换,B,22230.0000,0.0000,0.0000,0.0000,0.0000,23420.0000,0.0000,0.0000,0.0000,0.0000,1,0,0,0,0,1,0,0,0,0
sc,ru1306,2012-06-29 09:00:10.000,22965.0000,8,0,0.0000,0.0000,0,0,多换,B,22230.0000,0.0000,0.0000,0.0000,0.0000,23410.0000,0.0000,0.0000,0.0000,0.0000,1,0,0,0,0,2,0,0,0,0
sc,ru1306,2012-06-29 09:00:10.500,22965.0000,8,0,0.0000,0.0000,0,0,多换,B,22230.0000,0.0000,0.0000,0.0000,0.0000,23405.0000,0.0000,0.0000,0.0000,0.0000,1,0,0,0,0,1,0,0,0,0
sc,ru1306,2012-06-29 09:00:12.000,22965.0000,8,0,0.0000,0.0000,0,0,多换,B,22240.0000,0.0000,0.0000,0.0000,0.0000,23405.0000,0.0000,0.0000,0.0000,0.0000,2,0,0,0,0,1,0,0,0,0
sc,ru1306,2012-06-29 09:00:12.500,22965.0000,8,0,0.0000,0.0000,0,0,多换,B,22245.0000,0.0000,0.0000,0.0000,0.0000,23405.0000,0.0000,0.0000,0.0000,0.0000,1,0,0,0,0,1,0,0,0,0
sc,ru1306,2012-06-29 09:00:13.000,22965.0000,8,0,0.0000,0.0000,0,0,多换,B,22245.0000,0.0000,0.0000,0.0000,0.0000,23405.0000,0.0000,0.0000,0.0000,0.0000,1,0,0,0,0,1,0,0,0,0
sc,ru1306,2012-06-29 09:00:13.500,22965.0000,8,0,0.0000,0.0000,0,0,多换,B,22245.0000,0.0000,0.0000,0.0000,0.0000,23405.0000,0.0000,0.0000,0.0000,0.0000,1,0,0,0,0,1,0,0,0,0
sc,ru1306,2012-06-29 09:00:14.500,22965.0000,8,0,0.0000,0.0000,0,0,多换,B,22245.0000,0.0000,0.0000,0.0000,0.0000,23405.0000,0.0000,0.0000,0.0000,0.0000,1,0,0,0,0,1,0,0,0,0
sc,ru1306,2012-06-29 09:00:15.000,22965.0000,8,0,0.0000,0.0000,0,0,多换,B,22345.0000,0.0000,0.0000,0.0000,0.0000,23395.0000,0.0000,0.0000,0.0000,0.0000,2,0,0,0,0,2,0,0,0,0
sc,ru1306,2012-06-29 09:00:15.500,22965.0000,8,0,0.0000,0.0000,0,0,多换,B,22350.0000,0.0000,0.0000,0.0000,0.0000,23390.0000,0.0000,0.0000,0.0000,0.0000,1,0,0,0,0,1,0,0,0,0
sc,ru1306,2012-06-29 09:00:16.500,22965.0000,8,0,0.0000,0.0000,0,0,多换,B,22350.0000,0.0000,0.0000,0.0000,0.0000,23390.0000,0.0000,0.0000,0.0000,0.0000,1,0,0,0,0,1,0,0,0,0
sc,ru1306,2012-06-29 09:00:18.000,22965.0000,8,0,0.0000,0.0000,0,0,多换,B,22350.0000,0.0000,0.0000,0.0000,0.0000,23380.0000,0.0000,0.0000,0.0000,0.0000,1,0,0,0,0,2,0,0,0,0
sc,ru1306,2012-06-29 09:00:18.500,22965.0000,8,0,0.0000,0.0000,0,0,多换,B,22350.0000,0.0000,0.0000,0.0000,0.0000,23375.0000,0.0000,0.0000,0.0000,0.0000,1,0,0,0,0,1,0,0,0,0
sc,ru1306,2012-06-29 09:00:19.000,22965.0000,8,0,0.0000,0.0000,0,0,多换,B,22350.0000,0.0000,0.0000,0.0000,0.0000,23375.0000,0.0000,0.0000,0.0000,0.0000,1,0,0,0,0,1,0,0,0,0
sc,ru1306,2012-06-29 09:00:19.500,22965.0000,8,0,0.0000,0.0000,0,0,多换,B,22350.0000,0.0000,0.0000,0.0000,0.0000,23370.0000,0.0000,0.0000,0.0000,0.0000,1,0,0,0,0,2,0,0,0,0
sc,ru1306,2012-06-29 09:00:20.000,22965.0000,8,0,0.0000,0.0000,0,0,多换,B,22350.0000,0.0000,0.0000,0.0000,0.0000,23365.0000,0.0000,0.0000,0.0000,0.0000,1,0,0,0,0,1,0,0,0,0
sc,ru1306,2012-06-29 09:00:20.500,22965.0000,8,0,0.0000,0.0000,0,0,多换,B,22350.0000,0.0000,0.0000,0.0000,0.0000,23365.0000,0.0000,0.0000,0.0000,0.0000,1,0,0,0,0,1,0,0,0,0
sc,ru1306,2012-06-29 09:00:21.000,22965.0000,8,0,0.0000,0.0000,0,0,多换,B,22350.0000,0.0000,0.0000,0.0000,0.0000,23365.0000,0.0000,0.0000,0.0000,0.0000,1,0,0,0,0,1,0,0,0,0
sc,ru1306,2012-06-29 09:00:21.500,22965.0000,8,0,0.0000,0.0000,0,0,多换,B,22450.0000,0.0000,0.0000,0.0000,0.0000,23360.0000,0.0000,0.0000,0.0000,0.0000,2,0,0,0,0,2,0,0,0,0
sc,ru1306,2012-06-29 09:00:22.000,22965.0000,8,0,0.0000,0.0000,0,0,多换,B,22455.0000,0.0000,0.0000,0.0000,0.0000,23355.0000,0.0000,0.0000,0.0000,0.0000,1,0,0,0,0,1,0,0,0,0
sc,ru1306,2012-06-29 09:00:23.000,22965.0000,8,0,0.0000,0.0000,0,0,多换,B,22455.0000,0.0000,0.0000,0.0000,0.0000,23355.0000,0.0000,0.0000,0.0000,0.0000,1,0,0,0,0,1,0,0,0,0
sc,ru1306,2012-06-29 09:00:23.500,22965.0000,8,0,0.0000,0.0000,0,0,多换,B,22455.0000,0.0000,0.0000,0.0000,0.0000,23350.0000,0.0000,0.0000,0.0000,0.0000,1,0,0,0,0,2,0,0,0,0
sc,ru1306,2012-06-29 09:00:24.000,22965.0000,8,0,0.0000,0.0000,0,0,多换,B,22455.0000,0.0000,0.0000,0.0000,0.0000,23345.0000,0.0000,0.0000,0.0000,0.0000,1,0,0,0,0,1,0,0,0,0
sc,ru1306,2012-06-29 09:00:24.500,22965.0000,8,0,0.0000,0.0000,0,0,多换,B,22460.0000,0.0000,0.0000,0.0000,0.0000,23345.0000,0.0000,0.0000,0.0000,0.0000,2,0,0,0,0,1,0,0,0,0
sc,ru1306,2012-06-29 09:00:25.000,22965.0000,8,0,0.0000,0.0000,0,0,多换,B,22465.0000,0.0000,0.0000,0.0000,0.0000,23345.0000,0.0000,0.0000,0.0000,0.0000,1,0,0,0,0,1,0,0,0,0
sc,ru1306,2012-06-29 09:00:25.500,22965.0000,8,0,0.0000,0.0000,0,0,多换,B,22465.0000,0.0000,0.0000,0.0000,0.0000,23340.0000,0.0000,0.0000,0.0000,0.0000,1,0,0,0,0,2,0,0,0,0
sc,ru1306,2012-06-29 09:00:26.000,22965.0000,8,0,0.0000,0.0000,0,0,多换,B,22465.0000,0.0000,0.0000,0.0000,0.0000,23335.0000,0.0000,0.0000,0.0000,0.0000,1,0,0,0,0,1,0,0,0,0
sc,ru1306,2012-06-29 09:00:26.500,22965.0000,8,0,0.0000,0.0000,0,0,多换,B,22470.0000,0.0000,0.0000,0.0000,0.0000,23335.0000,0.0000,0.0000,0.0000,0.0000,2,0,0,0,0,1,0,0,0,0
sc,ru1306,2012-06-29 09:00:27.000,22965.0000,8,0,0.0000,0.0000,0,0,多换,B,22475.0000,0.0000,0.0000,0.0000,0.0000,23330.0000,0.0000,0.0000,0.0000,0.0000,1,0,0,0,0,2,0,0,0,0
sc,ru1306,2012-06-29 09:00:27.500,22965.0000,8,0,0.0000,0.0000,0,0,多换,B,22480.0000,0.0000,0.0000,0.0000,0.0000,23325.0000,0.0000,0.0000,0.0000,0.0000,2,0,0,0,0,1,0,0,0,0
sc,ru1306,2012-06-29 09:00:28.000,22965.0000,8,0,0.0000,0.0000,0,0,多换,B,22490.0000,0.0000,0.0000,0.0000,0.0000,23320.0000,0.0000,0.0000,0.0000,0.0000,1,0,0,0,0,2,0,0,0,0
sc,ru1306,2012-06-29 09:00:28.500,22965.0000,8,0,0.0000,0.0000,0,0,多换,B,22495.0000,0.0000,0.0000,0.0000,0.0000,23315.0000,0.0000,0.0000,0.0000,0.0000,1,0,0,0,0,1,0,0,0,0
sc,ru1306,2012-06-29 09:00:29.500,22965.0000,8,0,0.0000,0.0000,0,0,多换,B,22495.0000,0.0000,0.0000,0.0000,0.0000,23315.0000,0.0000,0.0000,0.0000,0.0000,1,0,0,0,0,1,0,0,0,0
sc,ru1306,2012-06-29 09:00:30.000,22965.0000,8,0,0.0000,0.0000,0,0,多换,B,22495.0000,0.0000,0.0000,0.0000,0.0000,23315.0000,0.0000,0.0000,0.0000,0.0000,1,0,0,0,0,1,0,0,0,0
sc,ru1306,2012-06-29 09:00:31.500,22965.0000,8,0,0.0000,0.0000,0,0,多换,B,22585.0000,0.0000,0.0000,0.0000,0.0000,23145.0000,0.0000,0.0000,0.0000,0.0000,1,0,0,0,0,1,0,0,0,0
sc,ru1306,2012-06-29 09:00:32.000,22965.0000,8,0,0.0000,0.0000,0,0,多换,B,22590.0000,0.0000,0.0000,0.0000,0.0000,23140.0000,0.0000,0.0000,0.0000,0.0000,1,0,0,0,0,1,0,0,0,0
sc,ru1306,2012-06-29 09:00:32.500,22965.0000,8,0,0.0000,0.0000,0,0,多换,B,22590.0000,0.0000,0.0000,0.0000,0.0000,23140.0000,0.0000,0.0000,0.0000,0.0000,1,0,0,0,0,1,0,0,0,0
sc,ru1306,2012-06-29 09:00:34.000,22965.0000,8,0,0.0000,0.0000,0,0,多换,B,22590.0000,0.0000,0.0000,0.0000,0.0000,23140.0000,0.0000,0.0000,0.0000,0.0000,1,0,0,0,0,1,0,0,0,0
sc,ru1306,2012-06-29 09:00:35.500,22965.0000,8,0,0.0000,0.0000,0,0,多换,B,22625.0000,0.0000,0.0000,0.0000,0.0000,23055.0000,0.0000,0.0000,0.0000,0.0000,1,0,0,0,0,1,0,0,0,0
sc,ru1306,2012-06-29 09:00:36.000,22965.0000,8,0,0.0000,0.0000,0,0,多换,B,22630.0000,0.0000,0.0000,0.0000,0.0000,23050.0000,0.0000,0.0000,0.0000,0.0000,1,0,0,0,0,1,0,0,0,0
sc,ru1306,2012-06-29 09:00:36.500,22965.0000,8,0,0.0000,0.0000,0,0,多换,B,22630.0000,0.0000,0.0000,0.0000,0.0000,23050.0000,0.0000,0.0000,0.0000,0.0000,1,0,0,0,0,1,0,0,0,0
sc,ru1306,2012-06-29 09:00:39.500,22965.0000,8,0,0.0000,0.0000,0,0,多换,B,22650.0000,0.0000,0.0000,0.0000,0.0000,23010.0000,0.0000,0.0000,0.0000,0.0000,1,0,0,0,0,1,0,0,0,0
sc,ru1306,2012-06-29 09:00:40.000,22965.0000,8,0,0.0000,0.0000,0,0,多换,B,22655.0000,0.0000,0.0000,0.0000,0.0000,23005.0000,0.0000,0.0000,0.0000,0.0000,1,0,0,0,0,1,0,0,0,0
sc,ru1306,2012-06-29 09:00:40.500,22965.0000,8,0,0.0000,0.0000,0,0,多换,B,22655.0000,0.0000,0.0000,0.0000,0.0000,23005.0000,0.0000,0.0000,0.0000,0.0000,1,0,0,0,0,1,0,0,0,0
sc,ru1306,2012-06-29 09:00:43.500,22965.0000,8,0,0.0000,0.0000,0,0,多换,B,22655.0000,0.0000,0.0000,0.0000,0.0000,22985.0000,0.0000,0.0000,0.0000,0.0000,1,0,0,0,0,1,0,0,0,0
sc,ru1306,2012-06-29 09:00:44.000,22965.0000,8,0,0.0000,0.0000,0,0,多换,B,22655.0000,0.0000,0.0000,0.0000,0.0000,22980.0000,0.0000,0.0000,0.0000,0.0000,1,0,0,0,0,1,0,0,0,0
sc,ru1306,2012-06-29 09:00:44.500,22965.0000,8,0,0.0000,0.0000,0,0,多换,B,22655.0000,0.0000,0.0000,0.0000,0.0000,22980.0000,0.0000,0.0000,0.0000,0.0000,1,0,0,0,0,1,0,0,0,0
sc,ru1306,2012-06-29 09:00:47.000,22965.0000,8,0,0.0000,0.0000,0,0,多换,B,22655.0000,0.0000,0.0000,0.0000,0.0000,22980.0000,0.0000,0.0000,0.0000,0.0000,1,0,0,0,0,1,0,0,0,0
sc,ru1306,2012-06-29 09:00:48.500,22965.0000,8,0,0.0000,0.0000,0,0,多换,B,22655.0000,0.0000,0.0000,0.0000,0.0000,22960.0000,0.0000,0.0000,0.0000,0.0000,1,0,0,0,0,1,0,0,0,0
sc,ru1306,2012-06-29 09:00:49.000,22965.0000,8,0,0.0000,0.0000,0,0,多换,B,22655.0000,0.0000,0.0000,0.0000,0.0000,22955.0000,0.0000,0.0000,0.0000,0.0000,1,0,0,0,0,1,0,0,0,0
sc,ru1306,2012-06-29 09:00:49.500,22965.0000,8,0,0.0000,0.0000,0,0,多换,B,22655.0000,0.0000,0.0000,0.0000,0.0000,22955.0000,0.0000,0.0000,0.0000,0.0000,1,0,0,0,0,1,0,0,0,0
sc,ru1306,2012-06-29 09:00:58.000,22965.0000,8,0,0.0000,0.0000,0,0,多换,B,22655.0000,0.0000,0.0000,0.0000,0.0000,22955.0000,0.0000,0.0000,0.0000,0.0000,1,0,0,0,0,1,0,0,0,0
sc,ru1306,2012-06-29 09:01:10.500,22965.0000,8,0,0.0000,0.0000,0,0,多换,B,22100.0000,0.0000,0.0000,0.0000,0.0000,22955.0000,0.0000,0.0000,0.0000,0.0000,1,0,0,0,0,1,0,0,0,0
sc,ru1306,2012-06-29 09:01:11.000,22965.0000,8,0,0.0000,0.0000,0,0,多换,B,22660.0000,0.0000,0.0000,0.0000,0.0000,22955.0000,0.0000,0.0000,0.0000,0.0000,1,0,0,0,0,1,0,0,0,0
sc,ru1306,2012-06-29 09:01:12.000,22965.0000,8,0,0.0000,0.0000,0,0,多换,B,22660.0000,0.0000,0.0000,0.0000,0.0000,22955.0000,0.0000,0.0000,0.0000,0.0000,1,0,0,0,0,1,0,0,0,0
sc,ru1306,2012-06-29 09:01:18.000,22965.0000,8,0,0.0000,0.0000,0,0,多换,B,22660.0000,0.0000,0.0000,0.0000,0.0000,22955.0000,0.0000,0.0000,0.0000,0.0000,1,0,0,0,0,1,0,0,0,0
sc,ru1306,2012-06-29 09:01:19.500,22965.0000,8,0,0.0000,0.0000,0,0,多换,B,22660.0000,0.0000,0.0000,0.0000,0.0000,23425.0000,0.0000,0.0000,0.0000,0.0000,2,0,0,0,0,1,0,0,0,0
sc,ru1306,2012-06-29 09:01:20.000,22965.0000,8,0,0.0000,0.0000,0,0,多换,B,22660.0000,0.0000,0.0000,0.0000,0.0000,22950.0000,0.0000,0.0000,0.0000,0.0000,2,0,0,0,0,1,0,0,0,0
sc,ru1306,2012-06-29 09:01:20.500,22965.0000,8,0,0.0000,0.0000,0,0,多换,B,22660.0000,0.0000,0.0000,0.0000,0.0000,22950.0000,0.0000,0.0000,0.0000,0.0000,2,0,0,0,0,1,0,0,0,0
sc,ru1306,2012-06-29 09:01:25.000,22965.0000,8,0,0.0000,0.0000,0,0,多换,B,22660.0000,0.0000,0.0000,0.0000,0.0000,22950.0000,0.0000,0.0000,0.0000,0.0000,1,0,0,0,0,1,0,0,0,0
sc,ru1306,2012-06-29 09:01:25.500,22965.0000,8,0,0.0000,0.0000,0,0,多换,B,22660.0000,0.0000,0.0000,0.0000,0.0000,22950.0000,0.0000,0.0000,0.0000,0.0000,1,0,0,0,0,1,0,0,0,0
sc,ru1306,2012-06-29 09:01:42.000,22965.0000,8,0,0.0000,0.0000,0,0,多换,B,22115.0000,0.0000,0.0000,0.0000,0.0000,22950.0000,0.0000,0.0000,0.0000,0.0000,4,0,0,0,0,1,0,0,0,0
sc,ru1306,2012-06-29 09:01:42.500,22965.0000,8,0,0.0000,0.0000,0,0,多换,B,22665.0000,0.0000,0.0000,0.0000,0.0000,22950.0000,0.0000,0.0000,0.0000,0.0000,1,0,0,0,0,1,0,0,0,0
sc,ru1306,2012-06-29 09:01:43.500,22965.0000,8,0,0.0000,0.0000,0,0,多换,B,22665.0000,0.0000,0.0000,0.0000,0.0000,22950.0000,0.0000,0.0000,0.0000,0.0000,1,0,0,0,0,1,0,0,0,0
sc,ru1306,2012-06-29 09:01:49.000,22965.0000,8,0,0.0000,0.0000,0,0,多换,B,22665.0000,0.0000,0.0000,0.0000,0.0000,22950.0000,0.0000,0.0000,0.0000,0.0000,1,0,0,0,0,1,0,0,0,0
sc,ru1306,2012-06-29 09:01:50.500,22965.0000,8,0,0.0000,0.0000,0,0,多换,B,22665.0000,0.0000,0.0000,0.0000,0.0000,23410.0000,0.0000,0.0000,0.0000,0.0000,1,0,0,0,0,3,0,0,0,0
sc,ru1306,2012-06-29 09:01:51.000,22965.0000,8,0,0.0000,0.0000,0,0,多换,B,22665.0000,0.0000,0.0000,0.0000,0.0000,22945.0000,0.0000,0.0000,0.0000,0.0000,1,0,0,0,0,1,0,0,0,0
sc,ru1306,2012-06-29 09:01:52.000,22965.0000,8,0,0.0000,0.0000,0,0,多换,B,22665.0000,0.0000,0.0000,0.0000,0.0000,22945.0000,0.0000,0.0000,0.0000,0.0000,1,0,0,0,0,1,0,0,0,0
sc,ru1306,2012-06-29 09:01:56.500,22965.0000,8,0,0.0000,0.0000,0,0,多换,B,22665.0000,0.0000,0.0000,0.0000,0.0000,22945.0000,0.0000,0.0000,0.0000,0.0000,1,0,0,0,0,1,0,0,0,0
sc,ru1306,2012-06-29 09:02:02.000,22965.0000,8,0,0.0000,0.0000,0,0,多换,B,22665.0000,0.0000,0.0000,0.0000,0.0000,22945.0000,0.0000,0.0000,0.0000,0.0000,1,0,0,0,0,1,0,0,0,0
sc,ru1306,2012-06-29 09:02:10.500,22965.0000,8,0,0.0000,0.0000,0,0,多换,B,22665.0000,0.0000,0.0000,0.0000,0.0000,22945.0000,0.0000,0.0000,0.0000,0.0000,1,0,0,0,0,1,0,0,0,0
sc,ru1306,2012-06-29 09:02:13.000,22965.0000,8,0,0.0000,0.0000,0,0,多换,B,22115.0000,0.0000,0.0000,0.0000,0.0000,22945.0000,0.0000,0.0000,0.0000,0.0000,4,0,0,0,0,1,0,0,0,0
sc,ru1306,2012-06-29 09:02:13.500,22965.0000,8,0,0.0000,0.0000,0,0,多换,B,22670.0000,0.0000,0.0000,0.0000,0.0000,22945.0000,0.0000,0.0000,0.0000,0.0000,1,0,0,0,0,1,0,0,0,0
sc,ru1306,2012-06-29 09:02:14.000,22965.0000,8,0,0.0000,0.0000,0,0,多换,B,22670.0000,0.0000,0.0000,0.0000,0.0000,22945.0000,0.0000,0.0000,0.0000,0.0000,1,0,0,0,0,1,0,0,0,0
sc,ru1306,2012-06-29 09:02:14.500,22965.0000,8,0,0.0000,0.0000,0,0,多换,B,22670.0000,0.0000,0.0000,0.0000,0.0000,22945.0000,0.0000,0.0000,0.0000,0.0000,1,0,0,0,0,1,0,0,0,0
sc,ru1306,2012-06-29 09:02:20.000,22965.0000,8,0,0.0000,0.0000,0,0,多换,B,22670.0000,0.0000,0.0000,0.0000,0.0000,22945.0000,0.0000,0.0000,0.0000,0.0000,1,0,0,0,0,1,0,0,0,0
sc,ru1306,2012-06-29 09:02:21.000,22965.0000,8,0,0.0000,0.0000,0,0,多换,B,22670.0000,0.0000,0.0000,0.0000,0.0000,23410.0000,0.0000,0.0000,0.0000,0.0000,1,0,0,0,0,3,0,0,0,0
sc,ru1306,2012-06-29 09:02:21.500,22965.0000,8,0,0.0000,0.0000,0,0,多换,B,22670.0000,0.0000,0.0000,0.0000,0.0000,22940.0000,0.0000,0.0000,0.0000,0.0000,1,0,0,0,0,1,0,0,0,0
sc,ru1306,2012-06-29 09:02:22.000,22965.0000,8,0,0.0000,0.0000,0,0,多换,B,22670.0000,0.0000,0.0000,0.0000,0.0000,22940.0000,0.0000,0.0000,0.0000,0.0000,1,0,0,0,0,1,0,0,0,0
sc,ru1306,2012-06-29 09:02:27.000,22965.0000,8,0,0.0000,0.0000,0,0,多换,B,22670.0000,0.0000,0.0000,0.0000,0.0000,22940.0000,0.0000,0.0000,0.0000,0.0000,1,0,0,0,0,1,0,0,0,0
sc,ru1306,2012-06-29 09:02:28.000,22965.0000,8,0,0.0000,0.0000,0,0,多换,B,22670.0000,0.0000,0.0000,0.0000,0.0000,22940.0000,0.0000,0.0000,0.0000,0.0000,1,0,0,0,0,1,0,0,0,0
sc,ru1306,2012-06-29 09:02:28.500,22965.0000,8,0,0.0000,0.0000,0,0,多换,B,22670.0000,0.0000,0.0000,0.0000,0.0000,22940.0000,0.0000,0.0000,0.0000,0.0000,1,0,0,0,0,1,0,0,0,0
sc,ru1306,2012-06-29 09:02:41.500,22965.0000,8,0,0.0000,0.0000,0,0,多换,B,22670.0000,0.0000,0.0000,0.0000,0.0000,22940.0000,0.0000,0.0000,0.0000,0.0000,1,0,0,0,0,1,0,0,0,0
sc,ru1306,2012-06-29 09:02:43.500,22965.0000,8,0,0.0000,0.0000,0,0,多换,B,22100.0000,0.0000,0.0000,0.0000,0.0000,22940.0000,0.0000,0.0000,0.0000,0.0000,1,0,0,0,0,1,0,0,0,0
sc,ru1306,2012-06-29 09:02:44.000,22965.0000,8,0,0.0000,0.0000,0,0,多换,B,22675.0000,0.0000,0.0000,0.0000,0.0000,22940.0000,0.0000,0.0000,0.0000,0.0000,1,0,0,0,0,1,0,0,0,0
sc,ru1306,2012-06-29 09:02:45.000,22965.0000,8,0,0.0000,0.0000,0,0,多换,B,22675.0000,0.0000,0.0000,0.0000,0.0000,22940.0000,0.0000,0.0000,0.0000,0.0000,1,0,0,0,0,1,0,0,0,0
sc,ru1306,2012-06-29 09:02:49.500,22965.0000,8,0,0.0000,0.0000,0,0,多换,B,22675.0000,0.0000,0.0000,0.0000,0.0000,22940.0000,0.0000,0.0000,0.0000,0.0000,1,0,0,0,0,1,0,0,0,0
sc,ru1306,2012-06-29 09:02:52.000,22965.0000,8,0,0.0000,0.0000,0,0,多换,B,22675.0000,0.0000,0.0000,0.0000,0.0000,23425.0000,0.0000,0.0000,0.0000,0.0000,1,0,0,0,0,1,0,0,0,0
sc,ru1306,2012-06-29 09:02:52.500,22965.0000,8,0,0.0000,0.0000,0,0,多换,B,22675.0000,0.0000,0.0000,0.0000,0.0000,22935.0000,0.0000,0.0000,0.0000,0.0000,1,0,0,0,0,1,0,0,0,0
sc,ru1306,2012-06-29 09:02:53.000,22965.0000,8,0,0.0000,0.0000,0,0,多换,B,22675.0000,0.0000,0.0000,0.0000,0.0000,22935.0000,0.0000,0.0000,0.0000,0.0000,1,0,0,0,0,1,0,0,0,0
sc,ru1306,2012-06-29 09:02:53.500,22965.0000,8,0,0.0000,0.0000,0,0,多换,B,22675.0000,0.0000,0.0000,0.0000,0.0000,22935.0000,0.0000,0.0000,0.0000,0.0000,1,0,0,0,0,1,0,0,0,0
sc,ru1306,2012-06-29 09:02:59.000,22965.0000,8,0,0.0000,0.0000,0,0,多换,B,22675.0000,0.0000,0.0000,0.0000,0.0000,22935.0000,0.0000,0.0000,0.0000,0.0000,1,0,0,0,0,1,0,0,0,0
sc,ru1306,2012-06-29 09:03:14.000,22965.0000,8,0,0.0000,0.0000,0,0,多换,B,22115.0000,0.0000,0.0000,0.0000,0.0000,22935.0000,0.0000,0.0000,0.0000,0.0000,4,0,0,0,0,1,0,0,0,0
sc,ru1306,2012-06-29 09:03:14.500,22965.0000,8,0,0.0000,0.0000,0,0,多换,B,22680.0000,0.0000,0.0000,0.0000,0.0000,22935.0000,0.0000,0.0000,0.0000,0.0000,1,0,0,0,0,1,0,0,0,0
sc,ru1306,2012-06-29 09:03:15.000,22965.0000,8,0,0.0000,0.0000,0,0,多换,B,22680.0000,0.0000,0.0000,0.0000,0.0000,22935.0000,0.0000,0.0000,0.0000,0.0000,1,0,0,0,0,1,0,0,0,0
sc,ru1306,2012-06-29 09:03:21.500,22965.0000,8,0,0.0000,0.0000,0,0,多换,B,22680.0000,0.0000,0.0000,0.0000,0.0000,22935.0000,0.0000,0.0000,0.0000,0.0000,1,0,0,0,0,1,0,0,0,0
sc,ru1306,2012-06-29 09:03:22.500,22965.0000,8,0,0.0000,0.0000,0,0,多换,B,22680.0000,0.0000,0.0000,0.0000,0.0000,22935.0000,0.0000,0.0000,0.0000,0.0000,1,0,0,0,0,1,0,0,0,0
sc,ru1306,2012-06-29 09:03:23.000,22965.0000,8,0,0.0000,0.0000,0,0,多换,B,22680.0000,0.0000,0.0000,0.0000,0.0000,23410.0000,0.0000,0.0000,0.0000,0.0000,1,0,0,0,0,4,0,0,0,0
sc,ru1306,2012-06-29 09:03:23.500,22965.0000,8,0,0.0000,0.0000,0,0,多换,B,22680.0000,0.0000,0.0000,0.0000,0.0000,22930.0000,0.0000,0.0000,0.0000,0.0000,1,0,0,0,0,1,0,0,0,0
sc,ru1306,2012-06-29 09:03:24.500,22965.0000,8,0,0.0000,0.0000,0,0,多换,B,22680.0000,0.0000,0.0000,0.0000,0.0000,22930.0000,0.0000,0.0000,0.0000,0.0000,1,0,0,0,0,1,0,0,0,0
sc,ru1306,2012-06-29 09:03:29.500,22965.0000,8,0,0.0000,0.0000,0,0,多换,B,22680.0000,0.0000,0.0000,0.0000,0.0000,22930.0000,0.0000,0.0000,0.0000,0.0000,1,0,0,0,0,1,0,0,0,0
sc,ru1306,2012-06-29 09:03:30.000,22965.0000,8,0,0.0000,0.0000,0,0,多换,B,22680.0000,0.0000,0.0000,0.0000,0.0000,22930.0000,0.0000,0.0000,0.0000,0.0000,1,0,0,0,0,1,0,0,0,0
sc,ru1306,2012-06-29 09:03:37.500,22965.0000,8,0,0.0000,0.0000,0,0,多换,B,22680.0000,0.0000,0.0000,0.0000,0.0000,22930.0000,0.0000,0.0000,0.0000,0.0000,1,0,0,0,0,1,0,0,0,0
sc,ru1306,2012-06-29 09:03:44.500,22965.0000,8,0,0.0000,0.0000,0,0,多换,B,22120.0000,0.0000,0.0000,0.0000,0.0000,22930.0000,0.0000,0.0000,0.0000,0.0000,1,0,0,0,0,1,0,0,0,0
sc,ru1306,2012-06-29 09:03:45.000,22965.0000,8,0,0.0000,0.0000,0,0,多换,B,22685.0000,0.0000,0.0000,0.0000,0.0000,22930.0000,0.0000,0.0000,0.0000,0.0000,1,0,0,0,0,1,0,0,0,0
sc,ru1306,2012-06-29 09:03:46.000,22965.0000,8,0,0.0000,0.0000,0,0,多换,B,22685.0000,0.0000,0.0000,0.0000,0.0000,22930.0000,0.0000,0.0000,0.0000,0.0000,1,0,0,0,0,1,0,0,0,0
sc,ru1306,2012-06-29 09:03:48.000,22965.0000,8,0,0.0000,0.0000,0,0,多换,B,22685.0000,0.0000,0.0000,0.0000,0.0000,22930.0000,0.0000,0.0000,0.0000,0.0000,1,0,0,0,0,1,0,0,0,0
sc,ru1306,2012-06-29 09:03:48.500,22965.0000,8,0,0.0000,0.0000,0,0,多换,B,22685.0000,0.0000,0.0000,0.0000,0.0000,22930.0000,0.0000,0.0000,0.0000,0.0000,1,0,0,0,0,1,0,0,0,0
sc,ru1306,2012-06-29 09:03:50.500,22965.0000,8,0,0.0000,0.0000,0,0,多换,B,22685.0000,0.0000,0.0000,0.0000,0.0000,22930.0000,0.0000,0.0000,0.0000,0.0000,1,0,0,0,0,1,0,0,0,0
sc,ru1306,2012-06-29 09:03:54.000,22965.0000,8,0,0.0000,0.0000,0,0,多换,B,22685.0000,0.0000,0.0000,0.0000,0.0000,23425.0000,0.0000,0.0000,0.0000,0.0000,1,0,0,0,0,1,0,0,0,0
sc,ru1306,2012-06-29 09:03:54.500,22965.0000,8,0,0.0000,0.0000,0,0,多换,B,22685.0000,0.0000,0.0000,0.0000,0.0000,22925.0000,0.0000,0.0000,0.0000,0.0000,1,0,0,0,0,1,0,0,0,0
sc,ru1306,2012-06-29 09:03:55.000,22965.0000,8,0,0.0000,0.0000,0,0,多换,B,22685.0000,0.0000,0.0000,0.0000,0.0000,22925.0000,0.0000,0.0000,0.0000,0.0000,1,0,0,0,0,1,0,0,0,0
sc,ru1306,2012-06-29 09:03:57.500,22965.0000,8,0,0.0000,0.0000,0,0,多换,B,22685.0000,0.0000,0.0000,0.0000,0.0000,22925.0000,0.0000,0.0000,0.0000,0.0000,1,0,0,0,0,1,0,0,0,0
sc,ru1306,2012-06-29 09:03:58.000,22965.0000,8,0,0.0000,0.0000,0,0,多换,B,22685.0000,0.0000,0.0000,0.0000,0.0000,22925.0000,0.0000,0.0000,0.0000,0.0000,1,0,0,0,0,1,0,0,0,0
sc,ru1306,2012-06-29 09:03:59.500,22965.0000,8,0,0.0000,0.0000,0,0,多换,B,22685.0000,0.0000,0.0000,0.0000,0.0000,22925.0000,0.0000,0.0000,0.0000,0.0000,1,0,0,0,0,1,0,0,0,0
sc,ru1306,2012-06-29 09:04:01.000,22965.0000,8,0,0.0000,0.0000,0,0,多换,B,22685.0000,0.0000,0.0000,0.0000,0.0000,22925.0000,0.0000,0.0000,0.0000,0.0000,1,0,0,0,0,1,0,0,0,0
sc,ru1306,2012-06-29 09:04:15.500,22965.0000,8,0,0.0000,0.0000,0,0,多换,B,22120.0000,0.0000,0.0000,0.0000,0.0000,22925.0000,0.0000,0.0000,0.0000,0.0000,1,0,0,0,0,1,0,0,0,0
sc,ru1306,2012-06-29 09:04:16.000,22965.0000,8,0,0.0000,0.0000,0,0,多换,B,22690.0000,0.0000,0.0000,0.0000,0.0000,22925.0000,0.0000,0.0000,0.0000,0.0000,1,0,0,0,0,1,0,0,0,0
sc,ru1306,2012-06-29 09:04:16.500,22965.0000,8,0,0.0000,0.0000,0,0,多换,B,22690.0000,0.0000,0.0000,0.0000,0.0000,22925.0000,0.0000,0.0000,0.0000,0.0000,1,0,0,0,0,1,0,0,0,0
sc,ru1306,2012-06-29 09:04:21.000,22965.0000,8,0,0.0000,0.0000,0,0,多换,B,22690.0000,0.0000,0.0000,0.0000,0.0000,22925.0000,0.0000,0.0000,0.0000,0.0000,1,0,0,0,0,1,0,0,0,0
sc,ru1306,2012-06-29 09:04:21.500,22965.0000,8,0,0.0000,0.0000,0,0,多换,B,22690.0000,0.0000,0.0000,0.0000,0.0000,22925.0000,0.0000,0.0000,0.0000,0.0000,1,0,0,0,0,1,0,0,0,0
sc,ru1306,2012-06-29 09:04:24.500,22965.0000,8,0,0.0000,0.0000,0,0,多换,B,22690.0000,0.0000,0.0000,0.0000,0.0000,23425.0000,0.0000,0.0000,0.0000,0.0000,1,0,0,0,0,1,0,0,0,0
sc,ru1306,2012-06-29 09:04:25.000,22965.0000,8,0,0.0000,0.0000,0,0,多换,B,22690.0000,0.0000,0.0000,0.0000,0.0000,22920.0000,0.0000,0.0000,0.0000,0.0000,1,0,0,0,0,1,0,0,0,0
sc,ru1306,2012-06-29 09:04:25.500,22965.0000,8,0,0.0000,0.0000,0,0,多换,B,22690.0000,0.0000,0.0000,0.0000,0.0000,22920.0000,0.0000,0.0000,0.0000,0.0000,1,0,0,0,0,1,0,0,0,0
sc,ru1306,2012-06-29 09:04:26.000,22965.0000,8,0,0.0000,0.0000,0,0,多换,B,22690.0000,0.0000,0.0000,0.0000,0.0000,22920.0000,0.0000,0.0000,0.0000,0.0000,1,0,0,0,0,1,0,0,0,0
sc,ru1306,2012-06-29 09:04:31.000,22965.0000,8,0,0.0000,0.0000,0,0,多换,B,22690.0000,0.0000,0.0000,0.0000,0.0000,22920.0000,0.0000,0.0000,0.0000,0.0000,1,0,0,0,0,1,0,0,0,0
sc,ru1306,2012-06-29 09:04:42.000,22965.0000,8,0,0.0000,0.0000,0,0,多换,B,22690.0000,0.0000,0.0000,0.0000,0.0000,23410.0000,0.0000,0.0000,0.0000,0.0000,1,0,0,0,0,4,0,0,0,0
sc,ru1306,2012-06-29 09:04:42.500,22965.0000,8,0,0.0000,0.0000,0,0,多换,B,22690.0000,0.0000,0.0000,0.0000,0.0000,23195.0000,0.0000,0.0000,0.0000,0.0000,1,0,0,0,0,1,0,0,0,0
sc,ru1306,2012-06-29 09:04:43.000,22965.0000,8,0,0.0000,0.0000,0,0,多换,B,22690.0000,0.0000,0.0000,0.0000,0.0000,23180.0000,0.0000,0.0000,0.0000,0.0000,1,0,0,0,0,2,0,0,0,0
sc,ru1306,2012-06-29 09:04:43.500,22965.0000,8,0,0.0000,0.0000,0,0,多换,B,22690.0000,0.0000,0.0000,0.0000,0.0000,23175.0000,0.0000,0.0000,0.0000,0.0000,1,0,0,0,0,1,0,0,0,0
sc,ru1306,2012-06-29 09:04:44.000,22965.0000,8,0,0.0000,0.0000,0,0,多换,B,22690.0000,0.0000,0.0000,0.0000,0.0000,23165.0000,0.0000,0.0000,0.0000,0.0000,1,0,0,0,0,2,0,0,0,0
sc,ru1306,2012-06-29 09:04:44.500,22965.0000,8,0,0.0000,0.0000,0,0,多换,B,22690.0000,0.0000,0.0000,0.0000,0.0000,23160.0000,0.0000,0.0000,0.0000,0.0000,1,0,0,0,0,1,0,0,0,0
sc,ru1306,2012-06-29 09:04:45.000,22965.0000,8,0,0.0000,0.0000,0,0,多换,B,22690.0000,0.0000,0.0000,0.0000,0.0000,23150.0000,0.0000,0.0000,0.0000,0.0000,1,0,0,0,0,2,0,0,0,0
sc,ru1306,2012-06-29 09:04:45.500,22965.0000,8,0,0.0000,0.0000,0,0,多换,B,22690.0000,0.0000,0.0000,0.0000,0.0000,23145.0000,0.0000,0.0000,0.0000,0.0000,1,0,0,0,0,1,0,0,0,0
sc,ru1306,2012-06-29 09:04:46.000,22965.0000,8,0,0.0000,0.0000,0,0,多换,B,22120.0000,0.0000,0.0000,0.0000,0.0000,23135.0000,0.0000,0.0000,0.0000,0.0000,1,0,0,0,0,2,0,0,0,0
sc,ru1306,2012-06-29 09:04:46.500,22965.0000,8,0,0.0000,0.0000,0,0,多换,B,22395.0000,0.0000,0.0000,0.0000,0.0000,23060.0000,0.0000,0.0000,0.0000,0.0000,1,0,0,0,0,1,0,0,0,0
sc,ru1306,2012-06-29 09:04:47.000,22965.0000,8,0,0.0000,0.0000,0,0,多换,B,22410.0000,0.0000,0.0000,0.0000,0.0000,23055.0000,0.0000,0.0000,0.0000,0.0000,3,0,0,0,0,1,0,0,0,0
sc,ru1306,2012-06-29 09:04:47.500,22965.0000,8,0,0.0000,0.0000,0,0,多换,B,22415.0000,0.0000,0.0000,0.0000,0.0000,23055.0000,0.0000,0.0000,0.0000,0.0000,1,0,0,0,0,1,0,0,0,0
sc,ru1306,2012-06-29 09:04:48.000,22965.0000,8,0,0.0000,0.0000,0,0,多换,B,22430.0000,0.0000,0.0000,0.0000,0.0000,23055.0000,0.0000,0.0000,0.0000,0.0000,3,0,0,0,0,1,0,0,0,0
sc,ru1306,2012-06-29 09:04:48.500,22965.0000,8,0,0.0000,0.0000,0,0,多换,B,22435.0000,0.0000,0.0000,0.0000,0.0000,23055.0000,0.0000,0.0000,0.0000,0.0000,1,0,0,0,0,1,0,0,0,0
sc,ru1306,2012-06-29 09:04:49.000,22965.0000,8,0,0.0000,0.0000,0,0,多换,B,22450.0000,0.0000,0.0000,0.0000,0.0000,23055.0000,0.0000,0.0000,0.0000,0.0000,3,0,0,0,0,1,0,0,0,0
sc,ru1306,2012-06-29 09:04:49.500,22965.0000,8,0,0.0000,0.0000,0,0,多换,B,22455.0000,0.0000,0.0000,0.0000,0.0000,23055.0000,0.0000,0.0000,0.0000,0.0000,1,0,0,0,0,1,0,0,0,0
sc,ru1306,2012-06-29 09:04:50.000,22965.0000,8,0,0.0000,0.0000,0,0,多换,B,22470.0000,0.0000,0.0000,0.0000,0.0000,23055.0000,0.0000,0.0000,0.0000,0.0000,2,0,0,0,0,1,0,0,0,0
sc,ru1306,2012-06-29 09:04:50.500,22965.0000,8,0,0.0000,0.0000,0,0,多换,B,22565.0000,0.0000,0.0000,0.0000,0.0000,23015.0000,0.0000,0.0000,0.0000,0.0000,1,0,0,0,0,1,0,0,0,0
sc,ru1306,2012-06-29 09:04:51.000,22965.0000,8,0,0.0000,0.0000,0,0,多换,B,22570.0000,0.0000,0.0000,0.0000,0.0000,23010.0000,0.0000,0.0000,0.0000,0.0000,4,0,0,0,0,1,0,0,0,0
sc,ru1306,2012-06-29 09:04:51.500,22965.0000,8,0,0.0000,0.0000,0,0,多换,B,22570.0000,0.0000,0.0000,0.0000,0.0000,23010.0000,0.0000,0.0000,0.0000,0.0000,4,0,0,0,0,1,0,0,0,0
sc,ru1306,2012-06-29 09:04:53.000,22965.0000,8,0,0.0000,0.0000,0,0,多换,B,22570.0000,0.0000,0.0000,0.0000,0.0000,23010.0000,0.0000,0.0000,0.0000,0.0000,4,0,0,0,0,1,0,0,0,0
sc,ru1306,2012-06-29 09:04:54.000,22965.0000,8,0,0.0000,0.0000,0,0,多换,B,22620.0000,0.0000,0.0000,0.0000,0.0000,22990.0000,0.0000,0.0000,0.0000,0.0000,1,0,0,0,0,1,0,0,0,0
sc,ru1306,2012-06-29 09:04:54.500,22965.0000,8,0,0.0000,0.0000,0,0,多换,B,22625.0000,0.0000,0.0000,0.0000,0.0000,22985.0000,0.0000,0.0000,0.0000,0.0000,1,0,0,0,0,1,0,0,0,0
sc,ru1306,2012-06-29 09:04:55.000,22965.0000,8,0,0.0000,0.0000,0,0,多换,B,22625.0000,0.0000,0.0000,0.0000,0.0000,22985.0000,0.0000,0.0000,0.0000,0.0000,2,0,0,0,0,1,0,0,0,0
sc,ru1306,2012-06-29 09:04:57.500,22965.0000,8,0,0.0000,0.0000,0,0,多换,B,22645.0000,0.0000,0.0000,0.0000,0.0000,22985.0000,0.0000,0.0000,0.0000,0.0000,1,0,0,0,0,1,0,0,0,0
sc,ru1306,2012-06-29 09:04:58.000,22965.0000,8,0,0.0000,0.0000,0,0,多换,B,22650.0000,0.0000,0.0000,0.0000,0.0000,22985.0000,0.0000,0.0000,0.0000,0.0000,1,0,0,0,0,1,0,0,0,0
sc,ru1306,2012-06-29 09:04:58.500,22965.0000,8,0,0.0000,0.0000,0,0,多换,B,22650.0000,0.0000,0.0000,0.0000,0.0000,22985.0000,0.0000,0.0000,0.0000,0.0000,1,0,0,0,0,1,0,0,0,0
sc,ru1306,2012-06-29 09:04:59.000,22965.0000,8,0,0.0000,0.0000,0,0,多换,B,22650.0000,0.0000,0.0000,0.0000,0.0000,22985.0000,0.0000,0.0000,0.0000,0.0000,2,0,0,0,0,1,0,0,0,0
sc,ru1306,2012-06-29 09:05:00.000,22965.0000,8,0,0.0000,0.0000,0,0,多换,B,22650.0000,0.0000,0.0000,0.0000,0.0000,22985.0000,0.0000,0.0000,0.0000,0.0000,2,0,0,0,0,1,0,0,0,0
sc,ru1306,2012-06-29 09:05:01.500,22965.0000,8,0,0.0000,0.0000,0,0,多换,B,22670.0000,0.0000,0.0000,0.0000,0.0000,22985.0000,0.0000,0.0000,0.0000,0.0000,1,0,0,0,0,1,0,0,0,0
sc,ru1306,2012-06-29 09:05:02.000,22965.0000,8,0,0.0000,0.0000,0,0,多换,B,22675.0000,0.0000,0.0000,0.0000,0.0000,22985.0000,0.0000,0.0000,0.0000,0.0000,1,0,0,0,0,1,0,0,0,0
sc,ru1306,2012-06-29 09:05:03.500,22965.0000,8,0,0.0000,0.0000,0,0,多换,B,22675.0000,0.0000,0.0000,0.0000,0.0000,22985.0000,0.0000,0.0000,0.0000,0.0000,1,0,0,0,0,1,0,0,0,0
sc,ru1306,2012-06-29 09:05:11.500,22965.0000,8,0,0.0000,0.0000,0,0,多换,B,22675.0000,0.0000,0.0000,0.0000,0.0000,22985.0000,0.0000,0.0000,0.0000,0.0000,1,0,0,0,0,1,0,0,0,0
sc,ru1306,2012-06-29 09:05:25.000,22965.0000,8,0,0.0000,0.0000,0,0,多换,B,22675.0000,0.0000,0.0000,0.0000,0.0000,23155.0000,0.0000,0.0000,0.0000,0.0000,1,0,0,0,0,1,0,0,0,0
sc,ru1306,2012-06-29 09:05:25.500,22965.0000,8,0,0.0000,0.0000,0,0,多换,B,22675.0000,0.0000,0.0000,0.0000,0.0000,22980.0000,0.0000,0.0000,0.0000,0.0000,1,0,0,0,0,1,0,0,0,0
sc,ru1306,2012-06-29 09:05:27.000,22965.0000,8,0,0.0000,0.0000,0,0,多换,B,22675.0000,0.0000,0.0000,0.0000,0.0000,22980.0000,0.0000,0.0000,0.0000,0.0000,1,0,0,0,0,1,0,0,0,0
sc,ru1306,2012-06-29 09:05:28.000,22965.0000,8,0,0.0000,0.0000,0,0,多换,B,22675.0000,0.0000,0.0000,0.0000,0.0000,22980.0000,0.0000,0.0000,0.0000,0.0000,1,0,0,0,0,1,0,0,0,0
sc,ru1306,2012-06-29 09:05:32.500,22965.0000,8,0,0.0000,0.0000,0,0,多换,B,22120.0000,0.0000,0.0000,0.0000,0.0000,22980.0000,0.0000,0.0000,0.0000,0.0000,1,0,0,0,0,1,0,0,0,0
sc,ru1306,2012-06-29 09:05:33.000,22965.0000,8,0,0.0000,0.0000,0,0,多换,B,22680.0000,0.0000,0.0000,0.0000,0.0000,22980.0000,0.0000,0.0000,0.0000,0.0000,1,0,0,0,0,1,0,0,0,0
sc,ru1306,2012-06-29 09:05:34.000,22965.0000,8,0,0.0000,0.0000,0,0,多换,B,22680.0000,0.0000,0.0000,0.0000,0.0000,22980.0000,0.0000,0.0000,0.0000,0.0000,1,0,0,0,0,1,0,0,0,0
sc,ru1306,2012-06-29 09:05:38.500,22965.0000,8,0,0.0000,0.0000,0,0,多换,B,22680.0000,0.0000,0.0000,0.0000,0.0000,22980.0000,0.0000,0.0000,0.0000,0.0000,1,0,0,0,0,1,0,0,0,0
sc,ru1306,2012-06-29 09:05:55.500,22965.0000,8,0,0.0000,0.0000,0,0,多换,B,22680.0000,0.0000,0.0000,0.0000,0.0000,23155.0000,0.0000,0.0000,0.0000,0.0000,1,0,0,0,0,1,0,0,0,0
sc,ru1306,2012-06-29 09:05:56.000,22965.0000,8,0,0.0000,0.0000,0,0,多换,B,22680.0000,0.0000,0.0000,0.0000,0.0000,22975.0000,0.0000,0.0000,0.0000,0.0000,1,0,0,0,0,1,0,0,0,0
sc,ru1306,2012-06-29 09:05:56.500,22965.0000,8,0,0.0000,0.0000,0,0,多换,B,22680.0000,0.0000,0.0000,0.0000,0.0000,22975.0000,0.0000,0.0000,0.0000,0.0000,1,0,0,0,0,1,0,0,0,0
sc,ru1306,2012-06-29 09:06:03.000,22965.0000,8,0,0.0000,0.0000,0,0,多换,B,22680.0000,0.0000,0.0000,0.0000,0.0000,22975.0000,0.0000,0.0000,0.0000,0.0000,1,0,0,0,0,1,0,0,0,0
sc,ru1306,2012-06-29 09:06:03.500,22965.0000,8,0,0.0000,0.0000,0,0,多换,B,22120.0000,0.0000,0.0000,0.0000,0.0000,22975.0000,0.0000,0.0000,0.0000,0.0000,1,0,0,0,0,1,0,0,0,0
sc,ru1306,2012-06-29 09:06:04.000,22965.0000,8,0,0.0000,0.0000,0,0,多换,B,22700.0000,0.0000,0.0000,0.0000,0.0000,22975.0000,0.0000,0.0000,0.0000,0.0000,1,0,0,0,0,1,0,0,0,0
sc,ru1306,2012-06-29 09:06:04.500,22965.0000,8,0,0.0000,0.0000,0,0,多换,B,22705.0000,0.0000,0.0000,0.0000,0.0000,22975.0000,0.0000,0.0000,0.0000,0.0000,1,0,0,0,0,1,0,0,0,0
sc,ru1306,2012-06-29 09:06:05.500,22965.0000,8,0,0.0000,0.0000,0,0,多换,B,22705.0000,0.0000,0.0000,0.0000,0.0000,22975.0000,0.0000,0.0000,0.0000,0.0000,1,0,0,0,0,1,0,0,0,0
sc,ru1306,2012-06-29 09:06:09.500,22965.0000,8,0,0.0000,0.0000,0,0,多换,B,22705.0000,0.0000,0.0000,0.0000,0.0000,22975.0000,0.0000,0.0000,0.0000,0.0000,1,0,0,0,0,1,0,0,0,0
sc,ru1306,2012-06-29 09:06:26.500,22965.0000,8,0,0.0000,0.0000,0,0,多换,B,22705.0000,0.0000,0.0000,0.0000,0.0000,23155.0000,0.0000,0.0000,0.0000,0.0000,1,0,0,0,0,1,0,0,0,0
sc,ru1306,2012-06-29 09:06:27.000,22965.0000,8,0,0.0000,0.0000,0,0,多换,B,22705.0000,0.0000,0.0000,0.0000,0.0000,22970.0000,0.0000,0.0000,0.0000,0.0000,1,0,0,0,0,1,0,0,0,0
sc,ru1306,2012-06-29 09:06:28.000,22965.0000,8,0,0.0000,0.0000,0,0,多换,B,22705.0000,0.0000,0.0000,0.0000,0.0000,22970.0000,0.0000,0.0000,0.0000,0.0000,1,0,0,0,0,1,0,0,0,0
sc,ru1306,2012-06-29 09:06:36.000,22965.0000,8,0,0.0000,0.0000,0,0,多换,B,22145.0000,0.0000,0.0000,0.0000,0.0000,22970.0000,0.0000,0.0000,0.0000,0.0000,1,0,0,0,0,1,0,0,0,0
sc,ru1306,2012-06-29 09:06:36.500,22965.0000,8,0,0.0000,0.0000,0,0,多换,B,22710.0000,0.0000,0.0000,0.0000,0.0000,22970.0000,0.0000,0.0000,0.0000,0.0000,1,0,0,0,0,1,0,0,0,0
sc,ru1306,2012-06-29 09:06:37.000,22965.0000,8,0,0.0000,0.0000,0,0,多换,B,22710.0000,0.0000,0.0000,0.0000,0.0000,22970.0000,0.0000,0.0000,0.0000,0.0000,1,0,0,0,0,1,0,0,0,0
sc,ru1306,2012-06-29 09:06:41.500,22965.0000,8,0,0.0000,0.0000,0,0,多换,B,22710.0000,0.0000,0.0000,0.0000,0.0000,22970.0000,0.0000,0.0000,0.0000,0.0000,1,0,0,0,0,1,0,0,0,0
sc,ru1306,2012-06-29 09:06:43.000,22965.0000,8,0,0.0000,0.0000,0,0,多换,B,22710.0000,0.0000,0.0000,0.0000,0.0000,22970.0000,0.0000,0.0000,0.0000,0.0000,1,0,0,0,0,1,0,0,0,0
sc,ru1306,2012-06-29 09:06:44.500,22965.0000,8,0,0.0000,0.0000,0,0,多换,B,22710.0000,0.0000,0.0000,0.0000,0.0000,22970.0000,0.0000,0.0000,0.0000,0.0000,1,0,0,0,0,1,0,0,0,0
sc,ru1306,2012-06-29 09:06:57.000,22965.0000,8,0,0.0000,0.0000,0,0,多换,B,22710.0000,0.0000,0.0000,0.0000,0.0000,23480.0000,0.0000,0.0000,0.0000,0.0000,1,0,0,0,0,1,0,0,0,0
sc,ru1306,2012-06-29 09:06:57.500,22965.0000,8,0,0.0000,0.0000,0,0,多换,B,22710.0000,0.0000,0.0000,0.0000,0.0000,22965.0000,0.0000,0.0000,0.0000,0.0000,1,0,0,0,0,1,0,0,0,0
sc,ru1306,2012-06-29 09:06:58.000,22965.0000,8,0,0.0000,0.0000,0,0,多换,B,22710.0000,0.0000,0.0000,0.0000,0.0000,22965.0000,0.0000,0.0000,0.0000,0.0000,1,0,0,0,0,1,0,0,0,0
sc,ru1306,2012-06-29 09:07:00.500,22965.0000,8,0,0.0000,0.0000,0,0,多换,B,22710.0000,0.0000,0.0000,0.0000,0.0000,22965.0000,0.0000,0.0000,0.0000,0.0000,1,0,0,0,0,1,0,0,0,0
sc,ru1306,2012-06-29 09:07:07.000,22965.0000,8,0,0.0000,0.0000,0,0,多换,B,22145.0000,0.0000,0.0000,0.0000,0.0000,22965.0000,0.0000,0.0000,0.0000,0.0000,1,0,0,0,0,1,0,0,0,0
sc,ru1306,2012-06-29 09:07:07.500,22965.0000,8,0,0.0000,0.0000,0,0,多换,B,22715.0000,0.0000,0.0000,0.0000,0.0000,22965.0000,0.0000,0.0000,0.0000,0.0000,1,0,0,0,0,1,0,0,0,0
sc,ru1306,2012-06-29 09:07:08.000,22965.0000,8,0,0.0000,0.0000,0,0,多换,B,22715.0000,0.0000,0.0000,0.0000,0.0000,22965.0000,0.0000,0.0000,0.0000,0.0000,1,0,0,0,0,1,0,0,0,0
sc,ru1306,2012-06-29 09:07:10.000,22965.0000,8,0,0.0000,0.0000,0,0,多换,B,22715.0000,0.0000,0.0000,0.0000,0.0000,22965.0000,0.0000,0.0000,0.0000,0.0000,1,0,0,0,0,1,0,0,0,0
sc,ru1306,2012-06-29 09:07:14.000,22965.0000,8,0,0.0000,0.0000,0,0,多换,B,22715.0000,0.0000,0.0000,0.0000,0.0000,22965.0000,0.0000,0.0000,0.0000,0.0000,1,0,0,0,0,1,0,0,0,0
sc,ru1306,2012-06-29 09:07:27.500,22965.0000,8,0,0.0000,0.0000,0,0,多换,B,22715.0000,0.0000,0.0000,0.0000,0.0000,23480.0000,0.0000,0.0000,0.0000,0.0000,1,0,0,0,0,1,0,0,0,0
sc,ru1306,2012-06-29 09:07:28.000,22965.0000,8,0,0.0000,0.0000,0,0,多换,B,22715.0000,0.0000,0.0000,0.0000,0.0000,22960.0000,0.0000,0.0000,0.0000,0.0000,1,0,0,0,0,1,0,0,0,0
sc,ru1306,2012-06-29 09:07:28.500,22965.0000,8,0,0.0000,0.0000,0,0,多换,B,22715.0000,0.0000,0.0000,0.0000,0.0000,22960.0000,0.0000,0.0000,0.0000,0.0000,1,0,0,0,0,1,0,0,0,0
sc,ru1306,2012-06-29 09:07:31.000,22965.0000,8,0,0.0000,0.0000,0,0,多换,B,22715.0000,0.0000,0.0000,0.0000,0.0000,22960.0000,0.0000,0.0000,0.0000,0.0000,1,0,0,0,0,1,0,0,0,0
sc,ru1306,2012-06-29 09:07:34.000,22965.0000,8,0,0.0000,0.0000,0,0,多换,B,22715.0000,0.0000,0.0000,0.0000,0.0000,22960.0000,0.0000,0.0000,0.0000,0.0000,1,0,0,0,0,1,0,0,0,0
sc,ru1306,2012-06-29 09:07:38.000,22965.0000,8,0,0.0000,0.0000,0,0,多换,B,22145.0000,0.0000,0.0000,0.0000,0.0000,22960.0000,0.0000,0.0000,0.0000,0.0000,1,0,0,0,0,1,0,0,0,0
sc,ru1306,2012-06-29 09:07:38.500,22965.0000,8,0,0.0000,0.0000,0,0,多换,B,22720.0000,0.0000,0.0000,0.0000,0.0000,22960.0000,0.0000,0.0000,0.0000,0.0000,1,0,0,0,0,1,0,0,0,0
sc,ru1306,2012-06-29 09:07:39.000,22965.0000,8,0,0.0000,0.0000,0,0,多换,B,22720.0000,0.0000,0.0000,0.0000,0.0000,22960.0000,0.0000,0.0000,0.0000,0.0000,1,0,0,0,0,1,0,0,0,0
sc,ru1306,2012-06-29 09:07:39.500,22965.0000,8,0,0.0000,0.0000,0,0,多换,B,22720.0000,0.0000,0.0000,0.0000,0.0000,22960.0000,0.0000,0.0000,0.0000,0.0000,1,0,0,0,0,1,0,0,0,0
sc,ru1306,2012-06-29 09:07:44.500,22965.0000,8,0,0.0000,0.0000,0,0,多换,B,22720.0000,0.0000,0.0000,0.0000,0.0000,22960.0000,0.0000,0.0000,0.0000,0.0000,1,0,0,0,0,1,0,0,0,0
sc,ru1306,2012-06-29 09:07:50.500,22965.0000,8,0,0.0000,0.0000,0,0,多换,B,22720.0000,0.0000,0.0000,0.0000,0.0000,22960.0000,0.0000,0.0000,0.0000,0.0000,1,0,0,0,0,1,0,0,0,0
sc,ru1306,2012-06-29 09:07:58.500,22965.0000,8,0,0.0000,0.0000,0,0,多换,B,22720.0000,0.0000,0.0000,0.0000,0.0000,23465.0000,0.0000,0.0000,0.0000,0.0000,1,0,0,0,0,4,0,0,0,0
sc,ru1306,2012-06-29 09:07:59.000,22965.0000,8,0,0.0000,0.0000,0,0,多换,B,22720.0000,0.0000,0.0000,0.0000,0.0000,22955.0000,0.0000,0.0000,0.0000,0.0000,1,0,0,0,0,1,0,0,0,0
sc,ru1306,2012-06-29 09:07:59.500,22965.0000,8,0,0.0000,0.0000,0,0,多换,B,22720.0000,0.0000,0.0000,0.0000,0.0000,22955.0000,0.0000,0.0000,0.0000,0.0000,1,0,0,0,0,1,0,0,0,0
sc,ru1306,2012-06-29 09:08:00.500,22965.0000,8,0,0.0000,0.0000,0,0,多换,B,22720.0000,0.0000,0.0000,0.0000,0.0000,22955.0000,0.0000,0.0000,0.0000,0.0000,1,0,0,0,0,1,0,0,0,0
sc,ru1306,2012-06-29 09:08:09.500,22965.0000,8,0,0.0000,0.0000,0,0,多换,B,22230.0000,0.0000,0.0000,0.0000,0.0000,22955.0000,0.0000,0.0000,0.0000,0.0000,1,0,0,0,0,1,0,0,0,0
sc,ru1306,2012-06-29 09:08:10.000,22965.0000,8,0,0.0000,0.0000,0,0,多换,B,22725.0000,0.0000,0.0000,0.0000,0.0000,22955.0000,0.0000,0.0000,0.0000,0.0000,1,0,0,0,0,1,0,0,0,0
sc,ru1306,2012-06-29 09:08:10.500,22965.0000,8,0,0.0000,0.0000,0,0,多换,B,22725.0000,0.0000,0.0000,0.0000,0.0000,22955.0000,0.0000,0.0000,0.0000,0.0000,1,0,0,0,0,1,0,0,0,0
sc,ru1306,2012-06-29 09:08:11.000,22965.0000,8,0,0.0000,0.0000,0,0,多换,B,22725.0000,0.0000,0.0000,0.0000,0.0000,22955.0000,0.0000,0.0000,0.0000,0.0000,1,0,0,0,0,1,0,0,0,0
sc,ru1306,2012-06-29 09:08:16.000,22965.0000,8,0,0.0000,0.0000,0,0,多换,B,22725.0000,0.0000,0.0000,0.0000,0.0000,22955.0000,0.0000,0.0000,0.0000,0.0000,1,0,0,0,0,1,0,0,0,0
sc,ru1306,2012-06-29 09:08:29.000,22965.0000,8,0,0.0000,0.0000,0,0,多换,B,22725.0000,0.0000,0.0000,0.0000,0.0000,23480.0000,0.0000,0.0000,0.0000,0.0000,1,0,0,0,0,1,0,0,0,0
sc,ru1306,2012-06-29 09:08:29.500,22965.0000,8,0,0.0000,0.0000,0,0,多换,B,22725.0000,0.0000,0.0000,0.0000,0.0000,22950.0000,0.0000,0.0000,0.0000,0.0000,1,0,0,0,0,1,0,0,0,0
sc,ru1306,2012-06-29 09:08:30.500,22965.0000,8,0,0.0000,0.0000,0,0,多换,B,22725.0000,0.0000,0.0000,0.0000,0.0000,22950.0000,0.0000,0.0000,0.0000,0.0000,1,0,0,0,0,1,0,0,0,0
sc,ru1306,2012-06-29 09:08:36.000,22965.0000,8,0,0.0000,0.0000,0,0,多换,B,22725.0000,0.0000,0.0000,0.0000,0.0000,22950.0000,0.0000,0.0000,0.0000,0.0000,1,0,0,0,0,1,0,0,0,0
sc,ru1306,2012-06-29 09:08:40.500,22965.0000,8,0,0.0000,0.0000,0,0,多换,B,22245.0000,0.0000,0.0000,0.0000,0.0000,22950.0000,0.0000,0.0000,0.0000,0.0000,4,0,0,0,0,1,0,0,0,0
sc,ru1306,2012-06-29 09:08:41.000,22965.0000,8,0,0.0000,0.0000,0,0,多换,B,22730.0000,0.0000,0.0000,0.0000,0.0000,22920.0000,0.0000,0.0000,0.0000,0.0000,1,0,0,0,0,1,0,0,0,0
sc,ru1306,2012-06-29 09:08:41.500,22965.0000,8,0,0.0000,0.0000,0,0,多换,B,22730.0000,0.0000,0.0000,0.0000,0.0000,22920.0000,0.0000,0.0000,0.0000,0.0000,1,0,0,0,0,1,0,0,0,0
sc,ru1306,2012-06-29 09:08:42.000,22965.0000,8,0,0.0000,0.0000,0,0,多换,B,22730.0000,0.0000,0.0000,0.0000,0.0000,22920.0000,0.0000,0.0000,0.0000,0.0000,1,0,0,0,0,1,0,0,0,0
sc,ru1306,2012-06-29 09:08:44.500,22965.0000,8,0,0.0000,0.0000,0,0,多换,B,22755.0000,0.0000,0.0000,0.0000,0.0000,22920.0000,0.0000,0.0000,0.0000,0.0000,1,0,0,0,0,1,0,0,0,0
sc,ru1306,2012-06-29 09:08:45.000,22965.0000,8,0,0.0000,0.0000,0,0,多换,B,22760.0000,0.0000,0.0000,0.0000,0.0000,22920.0000,0.0000,0.0000,0.0000,0.0000,1,0,0,0,0,1,0,0,0,0
sc,ru1306,2012-06-29 09:08:45.500,22965.0000,8,0,0.0000,0.0000,0,0,多换,B,22760.0000,0.0000,0.0000,0.0000,0.0000,22920.0000,0.0000,0.0000,0.0000,0.0000,1,0,0,0,0,1,0,0,0,0
sc,ru1306,2012-06-29 09:08:47.000,22965.0000,8,0,0.0000,0.0000,0,0,多换,B,22760.0000,0.0000,0.0000,0.0000,0.0000,22920.0000,0.0000,0.0000,0.0000,0.0000,1,0,0,0,0,1,0,0,0,0
sc,ru1306,2012-06-29 09:08:48.500,22965.0000,8,0,0.0000,0.0000,0,0,多换,B,22780.0000,0.0000,0.0000,0.0000,0.0000,22920.0000,0.0000,0.0000,0.0000,0.0000,1,0,0,0,0,1,0,0,0,0
sc,ru1306,2012-06-29 09:08:49.000,22965.0000,8,0,0.0000,0.0000,0,0,多换,B,22785.0000,0.0000,0.0000,0.0000,0.0000,22920.0000,0.0000,0.0000,0.0000,0.0000,1,0,0,0,0,1,0,0,0,0
sc,ru1306,2012-06-29 09:08:49.500,22965.0000,8,0,0.0000,0.0000,0,0,多换,B,22785.0000,0.0000,0.0000,0.0000,0.0000,22920.0000,0.0000,0.0000,0.0000,0.0000,1,0,0,0,0,1,0,0,0,0
sc,ru1306,2012-06-29 09:09:01.500,22965.0000,8,0,0.0000,0.0000,0,0,多换,B,22785.0000,0.0000,0.0000,0.0000,0.0000,22920.0000,0.0000,0.0000,0.0000,0.0000,1,0,0,0,0,1,0,0,0,0
sc,ru1306,2012-06-29 09:09:19.500,22965.0000,8,0,0.0000,0.0000,0,0,多换,B,22230.0000,0.0000,0.0000,0.0000,0.0000,22920.0000,0.0000,0.0000,0.0000,0.0000,1,0,0,0,0,1,0,0,0,0
sc,ru1306,2012-06-29 09:09:20.000,22965.0000,8,0,0.0000,0.0000,0,0,多换,B,22790.0000,0.0000,0.0000,0.0000,0.0000,22920.0000,0.0000,0.0000,0.0000,0.0000,1,0,0,0,0,1,0,0,0,0
sc,ru1306,2012-06-29 09:09:20.500,22965.0000,8,0,0.0000,0.0000,0,0,多换,B,22790.0000,0.0000,0.0000,0.0000,0.0000,22920.0000,0.0000,0.0000,0.0000,0.0000,1,0,0,0,0,1,0,0,0,0
sc,ru1306,2012-06-29 09:09:25.500,22965.0000,8,0,0.0000,0.0000,0,0,多换,B,22790.0000,0.0000,0.0000,0.0000,0.0000,22920.0000,0.0000,0.0000,0.0000,0.0000,1,0,0,0,0,1,0,0,0,0
sc,ru1306,2012-06-29 09:09:50.500,22965.0000,8,0,0.0000,0.0000,0,0,多换,B,22245.0000,0.0000,0.0000,0.0000,0.0000,22920.0000,0.0000,0.0000,0.0000,0.0000,4,0,0,0,0,1,0,0,0,0
sc,ru1306,2012-06-29 09:09:51.000,22965.0000,8,0,0.0000,0.0000,0,0,多换,B,22795.0000,0.0000,0.0000,0.0000,0.0000,22920.0000,0.0000,0.0000,0.0000,0.0000,1,0,0,0,0,1,0,0,0,0
sc,ru1306,2012-06-29 09:09:52.000,22965.0000,8,0,0.0000,0.0000,0,0,多换,B,22795.0000,0.0000,0.0000,0.0000,0.0000,22920.0000,0.0000,0.0000,0.0000,0.0000,1,0,0,0,0,1,0,0,0,0
sc,ru1306,2012-06-29 09:09:57.000,22965.0000,8,0,0.0000,0.0000,0,0,多换,B,22795.0000,0.0000,0.0000,0.0000,0.0000,22920.0000,0.0000,0.0000,0.0000,0.0000,1,0,0,0,0,1,0,0,0,0
sc,ru1306,2012-06-29 09:10:21.500,22965.0000,8,0,0.0000,0.0000,0,0,多换,B,22245.0000,0.0000,0.0000,0.0000,0.0000,22920.0000,0.0000,0.0000,0.0000,0.0000,4,0,0,0,0,1,0,0,0,0
sc,ru1306,2012-06-29 09:10:22.000,22965.0000,8,0,0.0000,0.0000,0,0,多换,B,22800.0000,0.0000,0.0000,0.0000,0.0000,22920.0000,0.0000,0.0000,0.0000,0.0000,1,0,0,0,0,1,0,0,0,0
sc,ru1306,2012-06-29 09:10:22.500,22965.0000,8,0,0.0000,0.0000,0,0,多换,B,22800.0000,0.0000,0.0000,0.0000,0.0000,22920.0000,0.0000,0.0000,0.0000,0.0000,1,0,0,0,0,1,0,0,0,0
sc,ru1306,2012-06-29 09:10:23.000,22965.0000,8,0,0.0000,0.0000,0,0,多换,B,22800.0000,0.0000,0.0000,0.0000,0.0000,22920.0000,0.0000,0.0000,0.0000,0.0000,1,0,0,0,0,1,0,0,0,0
sc,ru1306,2012-06-29 09:10:28.000,22965.0000,8,0,0.0000,0.0000,0,0,多换,B,22800.0000,0.0000,0.0000,0.0000,0.0000,22920.0000,0.0000,0.0000,0.0000,0.0000,1,0,0,0,0,1,0,0,0,0
sc,ru1306,2012-06-29 09:10:53.500,22965.0000,8,0,0.0000,0.0000,0,0,多换,B,22245.0000,0.0000,0.0000,0.0000,0.0000,22920.0000,0.0000,0.0000,0.0000,0.0000,4,0,0,0,0,1,0,0,0,0
sc,ru1306,2012-06-29 09:10:54.000,22965.0000,8,0,0.0000,0.0000,0,0,多换,B,22515.0000,0.0000,0.0000,0.0000,0.0000,22920.0000,0.0000,0.0000,0.0000,0.0000,1,0,0,0,0,1,0,0,0,0
sc,ru1306,2012-06-29 09:10:54.500,22965.0000,8,0,0.0000,0.0000,0,0,多换,B,22525.0000,0.0000,0.0000,0.0000,0.0000,22920.0000,0.0000,0.0000,0.0000,0.0000,2,0,0,0,0,1,0,0,0,0
sc,ru1306,2012-06-29 09:10:55.000,22965.0000,8,0,0.0000,0.0000,0,0,多换,B,22530.0000,0.0000,0.0000,0.0000,0.0000,22920.0000,0.0000,0.0000,0.0000,0.0000,1,0,0,0,0,1,0,0,0,0
sc,ru1306,2012-06-29 09:10:55.500,22965.0000,8,0,0.0000,0.0000,0,0,多换,B,22540.0000,0.0000,0.0000,0.0000,0.0000,22920.0000,0.0000,0.0000,0.0000,0.0000,2,0,0,0,0,1,0,0,0,0
sc,ru1306,2012-06-29 09:10:56.000,22965.0000,8,0,0.0000,0.0000,0,0,多换,B,22545.0000,0.0000,0.0000,0.0000,0.0000,22920.0000,0.0000,0.0000,0.0000,0.0000,1,0,0,0,0,1,0,0,0,0
sc,ru1306,2012-06-29 09:10:56.500,22965.0000,8,0,0.0000,0.0000,0,0,多换,B,22550.0000,0.0000,0.0000,0.0000,0.0000,22920.0000,0.0000,0.0000,0.0000,0.0000,2,0,0,0,0,1,0,0,0,0
sc,ru1306,2012-06-29 09:10:57.000,22965.0000,8,0,0.0000,0.0000,0,0,多换,B,22555.0000,0.0000,0.0000,0.0000,0.0000,22920.0000,0.0000,0.0000,0.0000,0.0000,1,0,0,0,0,1,0,0,0,0
sc,ru1306,2012-06-29 09:10:57.500,22965.0000,8,0,0.0000,0.0000,0,0,多换,B,22670.0000,0.0000,0.0000,0.0000,0.0000,22920.0000,0.0000,0.0000,0.0000,0.0000,1,0,0,0,0,1,0,0,0,0
sc,ru1306,2012-06-29 09:10:58.000,22965.0000,8,0,0.0000,0.0000,0,0,多换,B,22675.0000,0.0000,0.0000,0.0000,0.0000,22920.0000,0.0000,0.0000,0.0000,0.0000,1,0,0,0,0,1,0,0,0,0
sc,ru1306,2012-06-29 09:10:58.500,22965.0000,8,0,0.0000,0.0000,0,0,多换,B,22675.0000,0.0000,0.0000,0.0000,0.0000,22920.0000,0.0000,0.0000,0.0000,0.0000,1,0,0,0,0,1,0,0,0,0
sc,ru1306,2012-06-29 09:11:00.000,22965.0000,8,0,0.0000,0.0000,0,0,多换,B,22675.0000,0.0000,0.0000,0.0000,0.0000,22920.0000,0.0000,0.0000,0.0000,0.0000,1,0,0,0,0,1,0,0,0,0
sc,ru1306,2012-06-29 09:11:01.500,22965.0000,8,0,0.0000,0.0000,0,0,多换,B,22730.0000,0.0000,0.0000,0.0000,0.0000,22920.0000,0.0000,0.0000,0.0000,0.0000,1,0,0,0,0,1,0,0,0,0
sc,ru1306,2012-06-29 09:11:02.000,22965.0000,8,0,0.0000,0.0000,0,0,多换,B,22735.0000,0.0000,0.0000,0.0000,0.0000,22920.0000,0.0000,0.0000,0.0000,0.0000,1,0,0,0,0,1,0,0,0,0
sc,ru1306,2012-06-29 09:11:02.500,22965.0000,8,0,0.0000,0.0000,0,0,多换,B,22735.0000,0.0000,0.0000,0.0000,0.0000,22920.0000,0.0000,0.0000,0.0000,0.0000,1,0,0,0,0,1,0,0,0,0
sc,ru1306,2012-06-29 09:11:05.500,22965.0000,8,0,0.0000,0.0000,0,0,多换,B,22760.0000,0.0000,0.0000,0.0000,0.0000,22920.0000,0.0000,0.0000,0.0000,0.0000,1,0,0,0,0,1,0,0,0,0
sc,ru1306,2012-06-29 09:11:06.000,22965.0000,8,0,0.0000,0.0000,0,0,多换,B,22765.0000,0.0000,0.0000,0.0000,0.0000,22920.0000,0.0000,0.0000,0.0000,0.0000,1,0,0,0,0,1,0,0,0,0
sc,ru1306,2012-06-29 09:11:07.000,22965.0000,8,0,0.0000,0.0000,0,0,多换,B,22765.0000,0.0000,0.0000,0.0000,0.0000,22920.0000,0.0000,0.0000,0.0000,0.0000,1,0,0,0,0,1,0,0,0,0
sc,ru1306,2012-06-29 09:11:16.500,22965.0000,8,0,0.0000,0.0000,0,0,多换,B,22765.0000,0.0000,0.0000,0.0000,0.0000,22920.0000,0.0000,0.0000,0.0000,0.0000,1,0,0,0,0,1,0,0,0,0
sc,ru1306,2012-06-29 09:11:36.500,22965.0000,8,0,0.0000,0.0000,0,0,多换,B,22230.0000,0.0000,0.0000,0.0000,0.0000,22920.0000,0.0000,0.0000,0.0000,0.0000,1,0,0,0,0,1,0,0,0,0
sc,ru1306,2012-06-29 09:11:37.000,22965.0000,8,0,0.0000,0.0000,0,0,多换,B,22505.0000,0.0000,0.0000,0.0000,0.0000,22920.0000,0.0000,0.0000,0.0000,0.0000,1,0,0,0,0,1,0,0,0,0
sc,ru1306,2012-06-29 09:11:37.500,22965.0000,8,0,0.0000,0.0000,0,0,多换,B,22515.0000,0.0000,0.0000,0.0000,0.0000,22920.0000,0.0000,0.0000,0.0000,0.0000,2,0,0,0,0,1,0,0,0,0
sc,ru1306,2012-06-29 09:11:38.000,22965.0000,8,0,0.0000,0.0000,0,0,多换,B,22520.0000,0.0000,0.0000,0.0000,0.0000,22920.0000,0.0000,0.0000,0.0000,0.0000,1,0,0,0,0,1,0,0,0,0
sc,ru1306,2012-06-29 09:11:38.500,22965.0000,8,0,0.0000,0.0000,0,0,多换,B,22525.0000,0.0000,0.0000,0.0000,0.0000,22920.0000,0.0000,0.0000,0.0000,0.0000,2,0,0,0,0,1,0,0,0,0
sc,ru1306,2012-06-29 09:11:39.000,22965.0000,8,0,0.0000,0.0000,0,0,多换,B,22530.0000,0.0000,0.0000,0.0000,0.0000,22920.0000,0.0000,0.0000,0.0000,0.0000,1,0,0,0,0,1,0,0,0,0
sc,ru1306,2012-06-29 09:11:39.500,22965.0000,8,0,0.0000,0.0000,0,0,多换,B,22535.0000,0.0000,0.0000,0.0000,0.0000,22920.0000,0.0000,0.0000,0.0000,0.0000,2,0,0,0,0,1,0,0,0,0
sc,ru1306,2012-06-29 09:11:40.000,22965.0000,8,0,0.0000,0.0000,0,0,多换,B,22540.0000,0.0000,0.0000,0.0000,0.0000,22920.0000,0.0000,0.0000,0.0000,0.0000,1,0,0,0,0,1,0,0,0,0
sc,ru1306,2012-06-29 09:11:40.500,22965.0000,8,0,0.0000,0.0000,0,0,多换,B,22660.0000,0.0000,0.0000,0.0000,0.0000,22920.0000,0.0000,0.0000,0.0000,0.0000,1,0,0,0,0,1,0,0,0,0
sc,ru1306,2012-06-29 09:11:41.000,22965.0000,8,0,0.0000,0.0000,0,0,多换,B,22665.0000,0.0000,0.0000,0.0000,0.0000,22920.0000,0.0000,0.0000,0.0000,0.0000,1,0,0,0,0,1,0,0,0,0
sc,ru1306,2012-06-29 09:11:41.500,22965.0000,8,0,0.0000,0.0000,0,0,多换,B,22665.0000,0.0000,0.0000,0.0000,0.0000,22920.0000,0.0000,0.0000,0.0000,0.0000,1,0,0,0,0,1,0,0,0,0
sc,ru1306,2012-06-29 09:11:42.500,22965.0000,8,0,0.0000,0.0000,0,0,多换,B,22665.0000,0.0000,0.0000,0.0000,0.0000,23480.0000,0.0000,0.0000,0.0000,0.0000,1,0,0,0,0,1,0,0,0,0
sc,ru1306,2012-06-29 09:11:43.000,22965.0000,8,0,0.0000,0.0000,0,0,多换,B,22665.0000,0.0000,0.0000,0.0000,0.0000,23465.0000,0.0000,0.0000,0.0000,0.0000,1,0,0,0,0,4,0,0,0,0
sc,ru1306,2012-06-29 09:11:43.500,22965.0000,8,0,0.0000,0.0000,0,0,多换,B,22665.0000,0.0000,0.0000,0.0000,0.0000,23450.0000,0.0000,0.0000,0.0000,0.0000,1,0,0,0,0,1,0,0,0,0
sc,ru1306,2012-06-29 09:11:44.000,22965.0000,8,0,0.0000,0.0000,0,0,多换,B,22665.0000,0.0000,0.0000,0.0000,0.0000,23435.0000,0.0000,0.0000,0.0000,0.0000,1,0,0,0,0,4,0,0,0,0
sc,ru1306,2012-06-29 09:11:44.500,22965.0000,8,0,0.0000,0.0000,0,0,多换,B,22665.0000,0.0000,0.0000,0.0000,0.0000,23430.0000,0.0000,0.0000,0.0000,0.0000,1,0,0,0,0,1,0,0,0,0
sc,ru1306,2012-06-29 09:11:45.000,22965.0000,8,0,0.0000,0.0000,0,0,多换,B,22665.0000,0.0000,0.0000,0.0000,0.0000,23415.0000,0.0000,0.0000,0.0000,0.0000,1,0,0,0,0,4,0,0,0,0
sc,ru1306,2012-06-29 09:11:45.500,22965.0000,8,0,0.0000,0.0000,0,0,多换,B,22725.0000,0.0000,0.0000,0.0000,0.0000,23160.0000,0.0000,0.0000,0.0000,0.0000,1,0,0,0,0,1,0,0,0,0
sc,ru1306,2012-06-29 09:11:46.000,22965.0000,8,0,0.0000,0.0000,0,0,多换,B,22730.0000,0.0000,0.0000,0.0000,0.0000,23150.0000,0.0000,0.0000,0.0000,0.0000,1,0,0,0,0,2,0,0,0,0
sc,ru1306,2012-06-29 09:11:46.500,22965.0000,8,0,0.0000,0.0000,0,0,多换,B,22730.0000,0.0000,0.0000,0.0000,0.0000,23145.0000,0.0000,0.0000,0.0000,0.0000,1,0,0,0,0,1,0,0,0,0
sc,ru1306,2012-06-29 09:11:47.000,22965.0000,8,0,0.0000,0.0000,0,0,多换,B,22730.0000,0.0000,0.0000,0.0000,0.0000,23135.0000,0.0000,0.0000,0.0000,0.0000,1,0,0,0,0,2,0,0,0,0
sc,ru1306,2012-06-29 09:11:47.500,22965.0000,8,0,0.0000,0.0000,0,0,多换,B,22730.0000,0.0000,0.0000,0.0000,0.0000,23130.0000,0.0000,0.0000,0.0000,0.0000,1,0,0,0,0,1,0,0,0,0
sc,ru1306,2012-06-29 09:11:48.000,22965.0000,8,0,0.0000,0.0000,0,0,多换,B,22730.0000,0.0000,0.0000,0.0000,0.0000,23125.0000,0.0000,0.0000,0.0000,0.0000,1,0,0,0,0,2,0,0,0,0
sc,ru1306,2012-06-29 09:11:48.500,22965.0000,8,0,0.0000,0.0000,0,0,多换,B,22730.0000,0.0000,0.0000,0.0000,0.0000,23120.0000,0.0000,0.0000,0.0000,0.0000,1,0,0,0,0,1,0,0,0,0
sc,ru1306,2012-06-29 09:11:49.000,22965.0000,8,0,0.0000,0.0000,0,0,多换,B,22730.0000,0.0000,0.0000,0.0000,0.0000,23115.0000,0.0000,0.0000,0.0000,0.0000,1,0,0,0,0,2,0,0,0,0
sc,ru1306,2012-06-29 09:11:49.500,22965.0000,8,0,0.0000,0.0000,0,0,多换,B,22755.0000,0.0000,0.0000,0.0000,0.0000,23005.0000,0.0000,0.0000,0.0000,0.0000,1,0,0,0,0,1,0,0,0,0
sc,ru1306,2012-06-29 09:11:50.000,22965.0000,8,0,0.0000,0.0000,0,0,多换,B,22760.0000,0.0000,0.0000,0.0000,0.0000,23000.0000,0.0000,0.0000,0.0000,0.0000,1,0,0,0,0,1,0,0,0,0
sc,ru1306,2012-06-29 09:11:50.500,22965.0000,8,0,0.0000,0.0000,0,0,多换,B,22760.0000,0.0000,0.0000,0.0000,0.0000,23000.0000,0.0000,0.0000,0.0000,0.0000,1,0,0,0,0,1,0,0,0,0
sc,ru1306,2012-06-29 09:11:53.500,22965.0000,8,0,0.0000,0.0000,0,0,多换,B,22760.0000,0.0000,0.0000,0.0000,0.0000,22945.0000,0.0000,0.0000,0.0000,0.0000,1,0,0,0,0,1,0,0,0,0
sc,ru1306,2012-06-29 09:11:54.000,22965.0000,8,0,0.0000,0.0000,0,0,多换,B,22760.0000,0.0000,0.0000,0.0000,0.0000,22940.0000,0.0000,0.0000,0.0000,0.0000,1,0,0,0,0,1,0,0,0,0
sc,ru1306,2012-06-29 09:11:54.500,22965.0000,8,0,0.0000,0.0000,0,0,多换,B,22760.0000,0.0000,0.0000,0.0000,0.0000,22940.0000,0.0000,0.0000,0.0000,0.0000,1,0,0,0,0,1,0,0,0,0
sc,ru1306,2012-06-29 09:11:58.000,22965.0000,8,0,0.0000,0.0000,0,0,多换,B,22760.0000,0.0000,0.0000,0.0000,0.0000,22915.0000,0.0000,0.0000,0.0000,0.0000,1,0,0,0,0,1,0,0,0,0
sc,ru1306,2012-06-29 09:11:58.500,22965.0000,8,0,0.0000,0.0000,0,0,多换,B,22760.0000,0.0000,0.0000,0.0000,0.0000,22915.0000,0.0000,0.0000,0.0000,0.0000,1,0,0,0,0,1,0,0,0,0
sc,ru1306,2012-06-29 09:12:15.500,22965.0000,8,0,0.0000,0.0000,0,0,多换,B,22780.0000,0.0000,0.0000,0.0000,0.0000,22915.0000,0.0000,0.0000,0.0000,0.0000,1,0,0,0,0,1,0,0,0,0
sc,ru1306,2012-06-29 09:12:16.000,22965.0000,8,0,0.0000,0.0000,0,0,多换,B,22785.0000,0.0000,0.0000,0.0000,0.0000,22915.0000,0.0000,0.0000,0.0000,0.0000,1,0,0,0,0,1,0,0,0,0
sc,ru1306,2012-06-29 09:12:16.500,22965.0000,8,0,0.0000,0.0000,0,0,多换,B,22785.0000,0.0000,0.0000,0.0000,0.0000,22915.0000,0.0000,0.0000,0.0000,0.0000,1,0,0,0,0,1,0,0,0,0
sc,ru1306,2012-06-29 09:12:22.000,22965.0000,8,0,0.0000,0.0000,0,0,多换,B,22785.0000,0.0000,0.0000,0.0000,0.0000,22915.0000,0.0000,0.0000,0.0000,0.0000,1,0,0,0,0,1,0,0,0,0
sc,ru1306,2012-06-29 09:12:46.500,22965.0000,8,0,0.0000,0.0000,0,0,多换,B,22230.0000,0.0000,0.0000,0.0000,0.0000,22915.0000,0.0000,0.0000,0.0000,0.0000,1,0,0,0,0,1,0,0,0,0
sc,ru1306,2012-06-29 09:12:47.000,22965.0000,8,0,0.0000,0.0000,0,0,多换,B,22510.0000,0.0000,0.0000,0.0000,0.0000,22915.0000,0.0000,0.0000,0.0000,0.0000,1,0,0,0,0,1,0,0,0,0
sc,ru1306,2012-06-29 09:12:47.500,22965.0000,8,0,0.0000,0.0000,0,0,多换,B,22520.0000,0.0000,0.0000,0.0000,0.0000,22915.0000,0.0000,0.0000,0.0000,0.0000,2,0,0,0,0,1,0,0,0,0
sc,ru1306,2012-06-29 09:12:48.000,22965.0000,8,0,0.0000,0.0000,0,0,多换,B,22525.0000,0.0000,0.0000,0.0000,0.0000,22915.0000,0.0000,0.0000,0.0000,0.0000,1,0,0,0,0,1,0,0,0,0
sc,ru1306,2012-06-29 09:12:48.500,22965.0000,8,0,0.0000,0.0000,0,0,多换,B,22535.0000,0.0000,0.0000,0.0000,0.0000,22915.0000,0.0000,0.0000,0.0000,0.0000,2,0,0,0,0,1,0,0,0,0
sc,ru1306,2012-06-29 09:12:49.000,22965.0000,8,0,0.0000,0.0000,0,0,多换,B,22540.0000,0.0000,0.0000,0.0000,0.0000,22915.0000,0.0000,0.0000,0.0000,0.0000,1,0,0,0,0,1,0,0,0,0
sc,ru1306,2012-06-29 09:12:49.500,22965.0000,8,0,0.0000,0.0000,0,0,多换,B,22550.0000,0.0000,0.0000,0.0000,0.0000,22915.0000,0.0000,0.0000,0.0000,0.0000,2,0,0,0,0,1,0,0,0,0
sc,ru1306,2012-06-29 09:12:50.000,22965.0000,8,0,0.0000,0.0000,0,0,多换,B,22555.0000,0.0000,0.0000,0.0000,0.0000,22915.0000,0.0000,0.0000,0.0000,0.0000,1,0,0,0,0,1,0,0,0,0
sc,ru1306,2012-06-29 09:12:50.500,22965.0000,8,0,0.0000,0.0000,0,0,多换,B,22670.0000,0.0000,0.0000,0.0000,0.0000,22915.0000,0.0000,0.0000,0.0000,0.0000,1,0,0,0,0,1,0,0,0,0
sc,ru1306,2012-06-29 09:12:51.000,22965.0000,8,0,0.0000,0.0000,0,0,多换,B,22675.0000,0.0000,0.0000,0.0000,0.0000,22915.0000,0.0000,0.0000,0.0000,0.0000,1,0,0,0,0,1,0,0,0,0
sc,ru1306,2012-06-29 09:12:51.500,22965.0000,8,0,0.0000,0.0000,0,0,多换,B,22675.0000,0.0000,0.0000,0.0000,0.0000,22915.0000,0.0000,0.0000,0.0000,0.0000,1,0,0,0,0,1,0,0,0,0
sc,ru1306,2012-06-29 09:12:52.500,22965.0000,8,0,0.0000,0.0000,0,0,多换,B,22675.0000,0.0000,0.0000,0.0000,0.0000,22915.0000,0.0000,0.0000,0.0000,0.0000,1,0,0,0,0,1,0,0,0,0
sc,ru1306,2012-06-29 09:12:54.500,22965.0000,8,0,0.0000,0.0000,0,0,多换,B,22730.0000,0.0000,0.0000,0.0000,0.0000,22915.0000,0.0000,0.0000,0.0000,0.0000,1,0,0,0,0,1,0,0,0,0
sc,ru1306,2012-06-29 09:12:55.000,22965.0000,8,0,0.0000,0.0000,0,0,多换,B,22735.0000,0.0000,0.0000,0.0000,0.0000,22915.0000,0.0000,0.0000,0.0000,0.0000,1,0,0,0,0,1,0,0,0,0
sc,ru1306,2012-06-29 09:12:55.500,22965.0000,8,0,0.0000,0.0000,0,0,多换,B,22735.0000,0.0000,0.0000,0.0000,0.0000,22915.0000,0.0000,0.0000,0.0000,0.0000,1,0,0,0,0,1,0,0,0,0
sc,ru1306,2012-06-29 09:12:58.500,22965.0000,8,0,0.0000,0.0000,0,0,多换,B,22760.0000,0.0000,0.0000,0.0000,0.0000,22915.0000,0.0000,0.0000,0.0000,0.0000,1,0,0,0,0,1,0,0,0,0
sc,ru1306,2012-06-29 09:12:59.000,22965.0000,8,0,0.0000,0.0000,0,0,多换,B,22765.0000,0.0000,0.0000,0.0000,0.0000,22915.0000,0.0000,0.0000,0.0000,0.0000,1,0,0,0,0,1,0,0,0,0
sc,ru1306,2012-06-29 09:12:59.500,22965.0000,8,0,0.0000,0.0000,0,0,多换,B,22765.0000,0.0000,0.0000,0.0000,0.0000,22915.0000,0.0000,0.0000,0.0000,0.0000,1,0,0,0,0,1,0,0,0,0
sc,ru1306,2012-06-29 09:13:16.500,22965.0000,8,0,0.0000,0.0000,0,0,多换,B,22765.0000,0.0000,0.0000,0.0000,0.0000,22915.0000,0.0000,0.0000,0.0000,0.0000,1,0,0,0,0,1,0,0,0,0
sc,ru1306,2012-06-29 09:13:30.500,22965.0000,8,0,0.0000,0.0000,0,0,多换,B,22230.0000,0.0000,0.0000,0.0000,0.0000,22915.0000,0.0000,0.0000,0.0000,0.0000,1,0,0,0,0,1,0,0,0,0
sc,ru1306,2012-06-29 09:13:31.000,22965.0000,8,0,0.0000,0.0000,0,0,多换,B,22770.0000,0.0000,0.0000,0.0000,0.0000,22915.0000,0.0000,0.0000,0.0000,0.0000,1,0,0,0,0,1,0,0,0,0
sc,ru1306,2012-06-29 09:13:31.500,22965.0000,8,0,0.0000,0.0000,0,0,多换,B,22770.0000,0.0000,0.0000,0.0000,0.0000,22915.0000,0.0000,0.0000,0.0000,0.0000,1,0,0,0,0,1,0,0,0,0
sc,ru1306,2012-06-29 09:13:32.000,22965.0000,8,0,0.0000,0.0000,0,0,多换,B,22770.0000,0.0000,0.0000,0.0000,0.0000,22915.0000,0.0000,0.0000,0.0000,0.0000,1,0,0,0,0,1,0,0,0,0
sc,ru1306,2012-06-29 09:13:37.500,22965.0000,8,0,0.0000,0.0000,0,0,多换,B,22770.0000,0.0000,0.0000,0.0000,0.0000,22915.0000,0.0000,0.0000,0.0000,0.0000,1,0,0,0,0,1,0,0,0,0
sc,ru1306,2012-06-29 09:14:02.000,22965.0000,8,0,0.0000,0.0000,0,0,多换,B,22245.0000,0.0000,0.0000,0.0000,0.0000,22915.0000,0.0000,0.0000,0.0000,0.0000,4,0,0,0,0,1,0,0,0,0
sc,ru1306,2012-06-29 09:14:02.500,22965.0000,8,0,0.0000,0.0000,0,0,多换,B,22775.0000,0.0000,0.0000,0.0000,0.0000,22915.0000,0.0000,0.0000,0.0000,0.0000,1,0,0,0,0,1,0,0,0,0
sc,ru1306,2012-06-29 09:14:04.500,22965.0000,8,0,0.0000,0.0000,0,0,多换,B,22775.0000,0.0000,0.0000,0.0000,0.0000,22915.0000,0.0000,0.0000,0.0000,0.0000,1,0,0,0,0,1,0,0,0,0
sc,ru1306,2012-06-29 09:14:08.500,22965.0000,8,0,0.0000,0.0000,0,0,多换,B,22775.0000,0.0000,0.0000,0.0000,0.0000,22915.0000,0.0000,0.0000,0.0000,0.0000,1,0,0,0,0,1,0,0,0,0
sc,ru1306,2012-06-29 09:14:33.500,22965.0000,8,0,0.0000,0.0000,0,0,多换,B,22245.0000,0.0000,0.0000,0.0000,0.0000,22915.0000,0.0000,0.0000,0.0000,0.0000,4,0,0,0,0,1,0,0,0,0
sc,ru1306,2012-06-29 09:14:34.000,22965.0000,8,0,0.0000,0.0000,0,0,多换,B,22505.0000,0.0000,0.0000,0.0000,0.0000,22915.0000,0.0000,0.0000,0.0000,0.0000,1,0,0,0,0,1,0,0,0,0
sc,ru1306,2012-06-29 09:14:34.500,22965.0000,8,0,0.0000,0.0000,0,0,多换,B,22515.0000,0.0000,0.0000,0.0000,0.0000,22915.0000,0.0000,0.0000,0.0000,0.0000,2,0,0,0,0,1,0,0,0,0
sc,ru1306,2012-06-29 09:14:35.000,22965.0000,8,0,0.0000,0.0000,0,0,多换,B,22520.0000,0.0000,0.0000,0.0000,0.0000,22915.0000,0.0000,0.0000,0.0000,0.0000,1,0,0,0,0,1,0,0,0,0
sc,ru1306,2012-06-29 09:14:35.500,22965.0000,8,0,0.0000,0.0000,0,0,多换,B,22525.0000,0.0000,0.0000,0.0000,0.0000,22915.0000,0.0000,0.0000,0.0000,0.0000,2,0,0,0,0,1,0,0,0,0
sc,ru1306,2012-06-29 09:14:36.000,22965.0000,8,0,0.0000,0.0000,0,0,多换,B,22530.0000,0.0000,0.0000,0.0000,0.0000,22915.0000,0.0000,0.0000,0.0000,0.0000,1,0,0,0,0,1,0,0,0,0
sc,ru1306,2012-06-29 09:14:36.500,22965.0000,8,0,0.0000,0.0000,0,0,多换,B,22535.0000,0.0000,0.0000,0.0000,0.0000,22915.0000,0.0000,0.0000,0.0000,0.0000,2,0,0,0,0,1,0,0,0,0
sc,ru1306,2012-06-29 09:14:37.000,22965.0000,8,0,0.0000,0.0000,0,0,多换,B,22540.0000,0.0000,0.0000,0.0000,0.0000,22915.0000,0.0000,0.0000,0.0000,0.0000,1,0,0,0,0,1,0,0,0,0
sc,ru1306,2012-06-29 09:14:37.500,22965.0000,8,0,0.0000,0.0000,0,0,多换,B,22655.0000,0.0000,0.0000,0.0000,0.0000,22915.0000,0.0000,0.0000,0.0000,0.0000,1,0,0,0,0,1,0,0,0,0
sc,ru1306,2012-06-29 09:14:38.000,22965.0000,8,0,0.0000,0.0000,0,0,多换,B,22660.0000,0.0000,0.0000,0.0000,0.0000,22915.0000,0.0000,0.0000,0.0000,0.0000,1,0,0,0,0,1,0,0,0,0
sc,ru1306,2012-06-29 09:14:38.500,22965.0000,8,0,0.0000,0.0000,0,0,多换,B,22660.0000,0.0000,0.0000,0.0000,0.0000,22915.0000,0.0000,0.0000,0.0000,0.0000,1,0,0,0,0,1,0,0,0,0
sc,ru1306,2012-06-29 09:14:39.500,22965.0000,8,0,0.0000,0.0000,0,0,多换,B,22660.0000,0.0000,0.0000,0.0000,0.0000,22915.0000,0.0000,0.0000,0.0000,0.0000,1,0,0,0,0,1,0,0,0,0
sc,ru1306,2012-06-29 09:14:41.500,22965.0000,8,0,0.0000,0.0000,0,0,多换,B,22715.0000,0.0000,0.0000,0.0000,0.0000,22915.0000,0.0000,0.0000,0.0000,0.0000,1,0,0,0,0,1,0,0,0,0
sc,ru1306,2012-06-29 09:14:42.000,22965.0000,8,0,0.0000,0.0000,0,0,多换,B,22720.0000,0.0000,0.0000,0.0000,0.0000,22915.0000,0.0000,0.0000,0.0000,0.0000,1,0,0,0,0,1,0,0,0,0
sc,ru1306,2012-06-29 09:14:42.500,22965.0000,8,0,0.0000,0.0000,0,0,多换,B,22720.0000,0.0000,0.0000,0.0000,0.0000,22915.0000,0.0000,0.0000,0.0000,0.0000,1,0,0,0,0,1,0,0,0,0
sc,ru1306,2012-06-29 09:14:45.500,22965.0000,8,0,0.0000,0.0000,0,0,多换,B,22750.0000,0.0000,0.0000,0.0000,0.0000,22915.0000,0.0000,0.0000,0.0000,0.0000,1,0,0,0,0,1,0,0,0,0
sc,ru1306,2012-06-29 09:14:46.000,22965.0000,8,0,0.0000,0.0000,0,0,多换,B,22755.0000,0.0000,0.0000,0.0000,0.0000,22915.0000,0.0000,0.0000,0.0000,0.0000,1,0,0,0,0,1,0,0,0,0
sc,ru1306,2012-06-29 09:14:46.500,22965.0000,8,0,0.0000,0.0000,0,0,多换,B,22755.0000,0.0000,0.0000,0.0000,0.0000,22915.0000,0.0000,0.0000,0.0000,0.0000,1,0,0,0,0,1,0,0,0,0
sc,ru1306,2012-06-29 09:14:50.500,22965.0000,8,0,0.0000,0.0000,0,0,多换,B,22775.0000,0.0000,0.0000,0.0000,0.0000,22915.0000,0.0000,0.0000,0.0000,0.0000,1,0,0,0,0,1,0,0,0,0
sc,ru1306,2012-06-29 09:14:51.000,22965.0000,8,0,0.0000,0.0000,0,0,多换,B,22780.0000,0.0000,0.0000,0.0000,0.0000,22915.0000,0.0000,0.0000,0.0000,0.0000,1,0,0,0,0,1,0,0,0,0
sc,ru1306,2012-06-29 09:14:51.500,22965.0000,8,0,0.0000,0.0000,0,0,多换,B,22780.0000,0.0000,0.0000,0.0000,0.0000,22915.0000,0.0000,0.0000,0.0000,0.0000,1,0,0,0,0,1,0,0,0,0
sc,ru1306,2012-06-29 09:14:59.500,22965.0000,8,0,0.0000,0.0000,0,0,多换,B,22780.0000,0.0000,0.0000,0.0000,0.0000,23480.0000,0.0000,0.0000,0.0000,0.0000,1,0,0,0,0,1,0,0,0,0
sc,ru1306,2012-06-29 09:15:00.000,22965.0000,8,0,0.0000,0.0000,0,0,多换,B,22780.0000,0.0000,0.0000,0.0000,0.0000,23465.0000,0.0000,0.0000,0.0000,0.0000,1,0,0,0,0,5,0,0,0,0
sc,ru1306,2012-06-29 09:15:00.500,22965.0000,8,0,0.0000,0.0000,0,0,多换,B,22780.0000,0.0000,0.0000,0.0000,0.0000,23460.0000,0.0000,0.0000,0.0000,0.0000,1,0,0,0,0,1,0,0,0,0
sc,ru1306,2012-06-29 09:15:01.000,22965.0000,8,0,0.0000,0.0000,0,0,多换,B,22780.0000,0.0000,0.0000,0.0000,0.0000,23445.0000,0.0000,0.0000,0.0000,0.0000,1,0,0,0,0,4,0,0,0,0
sc,ru1306,2012-06-29 09:15:01.500,22965.0000,8,0,0.0000,0.0000,0,0,多换,B,22780.0000,0.0000,0.0000,0.0000,0.0000,23440.0000,0.0000,0.0000,0.0000,0.0000,1,0,0,0,0,1,0,0,0,0
sc,ru1306,2012-06-29 09:15:02.000,22965.0000,8,0,0.0000,0.0000,0,0,多换,B,22780.0000,0.0000,0.0000,0.0000,0.0000,23165.0000,0.0000,0.0000,0.0000,0.0000,1,0,0,0,0,1,0,0,0,0
sc,ru1306,2012-06-29 09:15:02.500,22965.0000,8,0,0.0000,0.0000,0,0,多换,B,22780.0000,0.0000,0.0000,0.0000,0.0000,23155.0000,0.0000,0.0000,0.0000,0.0000,1,0,0,0,0,2,0,0,0,0
sc,ru1306,2012-06-29 09:15:03.000,22965.0000,8,0,0.0000,0.0000,0,0,多换,B,22780.0000,0.0000,0.0000,0.0000,0.0000,23150.0000,0.0000,0.0000,0.0000,0.0000,1,0,0,0,0,1,0,0,0,0
sc,ru1306,2012-06-29 09:15:03.500,22965.0000,8,0,0.0000,0.0000,0,0,多换,B,22780.0000,0.0000,0.0000,0.0000,0.0000,23145.0000,0.0000,0.0000,0.0000,0.0000,1,0,0,0,0,2,0,0,0,0
sc,ru1306,2012-06-29 09:15:04.000,22965.0000,8,0,0.0000,0.0000,0,0,多换,B,22780.0000,0.0000,0.0000,0.0000,0.0000,23140.0000,0.0000,0.0000,0.0000,0.0000,1,0,0,0,0,1,0,0,0,0
sc,ru1306,2012-06-29 09:15:04.500,22965.0000,8,0,0.0000,0.0000,0,0,多换,B,22780.0000,0.0000,0.0000,0.0000,0.0000,23135.0000,0.0000,0.0000,0.0000,0.0000,1,0,0,0,0,2,0,0,0,0
sc,ru1306,2012-06-29 09:15:05.000,22965.0000,8,0,0.0000,0.0000,0,0,多换,B,22780.0000,0.0000,0.0000,0.0000,0.0000,23130.0000,0.0000,0.0000,0.0000,0.0000,1,0,0,0,0,1,0,0,0,0
sc,ru1306,2012-06-29 09:15:05.500,22965.0000,8,0,0.0000,0.0000,0,0,多换,B,22780.0000,0.0000,0.0000,0.0000,0.0000,23125.0000,0.0000,0.0000,0.0000,0.0000,1,0,0,0,0,2,0,0,0,0
sc,ru1306,2012-06-29 09:15:06.000,22965.0000,8,0,0.0000,0.0000,0,0,多换,B,22780.0000,0.0000,0.0000,0.0000,0.0000,23120.0000,0.0000,0.0000,0.0000,0.0000,1,0,0,0,0,1,0,0,0,0
sc,ru1306,2012-06-29 09:15:06.500,22965.0000,8,0,0.0000,0.0000,0,0,多换,B,22780.0000,0.0000,0.0000,0.0000,0.0000,23010.0000,0.0000,0.0000,0.0000,0.0000,1,0,0,0,0,1,0,0,0,0
sc,ru1306,2012-06-29 09:15:07.000,22965.0000,8,0,0.0000,0.0000,0,0,多换,B,22780.0000,0.0000,0.0000,0.0000,0.0000,23005.0000,0.0000,0.0000,0.0000,0.0000,1,0,0,0,0,1,0,0,0,0
sc,ru1306,2012-06-29 09:15:07.500,22965.0000,8,0,0.0000,0.0000,0,0,多换,B,22780.0000,0.0000,0.0000,0.0000,0.0000,23005.0000,0.0000,0.0000,0.0000,0.0000,1,0,0,0,0,1,0,0,0,0
sc,ru1306,2012-06-29 09:15:08.000,22965.0000,8,0,0.0000,0.0000,0,0,多换,B,22780.0000,0.0000,0.0000,0.0000,0.0000,23005.0000,0.0000,0.0000,0.0000,0.0000,1,0,0,0,0,1,0,0,0,0
sc,ru1306,2012-06-29 09:15:10.500,22965.0000,8,0,0.0000,0.0000,0,0,多换,B,22780.0000,0.0000,0.0000,0.0000,0.0000,22950.0000,0.0000,0.0000,0.0000,0.0000,1,0,0,0,0,1,0,0,0,0
sc,ru1306,2012-06-29 09:15:11.000,22965.0000,8,0,0.0000,0.0000,0,0,多换,B,22780.0000,0.0000,0.0000,0.0000,0.0000,22950.0000,0.0000,0.0000,0.0000,0.0000,1,0,0,0,0,1,0,0,0,0
sc,ru1306,2012-06-29 09:15:11.500,22965.0000,8,0,0.0000,0.0000,0,0,多换,B,22780.0000,0.0000,0.0000,0.0000,0.0000,22950.0000,0.0000,0.0000,0.0000,0.0000,1,0,0,0,0,1,0,0,0,0
sc,ru1306,2012-06-29 09:15:19.500,22965.0000,8,0,0.0000,0.0000,0,0,多换,B,22780.0000,0.0000,0.0000,0.0000,0.0000,22945.0000,0.0000,0.0000,0.0000,0.0000,1,0,0,0,0,1,0,0,0,0
sc,ru1306,2012-06-29 09:15:20.000,22965.0000,8,0,0.0000,0.0000,0,0,多换,B,22780.0000,0.0000,0.0000,0.0000,0.0000,23480.0000,0.0000,0.0000,0.0000,0.0000,1,0,0,0,0,1,0,0,0,0
sc,ru1306,2012-06-29 09:15:20.500,22965.0000,8,0,0.0000,0.0000,0,0,多换,B,22780.0000,0.0000,0.0000,0.0000,0.0000,23465.0000,0.0000,0.0000,0.0000,0.0000,1,0,0,0,0,5,0,0,0,0
sc,ru1306,2012-06-29 09:15:21.000,22965.0000,8,0,0.0000,0.0000,0,0,多换,B,22780.0000,0.0000,0.0000,0.0000,0.0000,23460.0000,0.0000,0.0000,0.0000,0.0000,1,0,0,0,0,1,0,0,0,0
sc,ru1306,2012-06-29 09:15:21.500,22965.0000,8,0,0.0000,0.0000,0,0,多换,B,22230.0000,0.0000,0.0000,0.0000,0.0000,23445.0000,0.0000,0.0000,0.0000,0.0000,1,0,0,0,0,4,0,0,0,0
sc,ru1306,2012-06-29 09:15:22.000,22965.0000,8,0,0.0000,0.0000,0,0,多换,B,22785.0000,0.0000,0.0000,0.0000,0.0000,23440.0000,0.0000,0.0000,0.0000,0.0000,1,0,0,0,0,1,0,0,0,0
sc,ru1306,2012-06-29 09:15:22.500,22965.0000,8,0,0.0000,0.0000,0,0,多换,B,22785.0000,0.0000,0.0000,0.0000,0.0000,23170.0000,0.0000,0.0000,0.0000,0.0000,1,0,0,0,0,1,0,0,0,0
sc,ru1306,2012-06-29 09:15:23.000,22965.0000,8,0,0.0000,0.0000,0,0,多换,B,22785.0000,0.0000,0.0000,0.0000,0.0000,23160.0000,0.0000,0.0000,0.0000,0.0000,1,0,0,0,0,2,0,0,0,0
sc,ru1306,2012-06-29 09:15:23.500,22965.0000,8,0,0.0000,0.0000,0,0,多换,B,22785.0000,0.0000,0.0000,0.0000,0.0000,23155.0000,0.0000,0.0000,0.0000,0.0000,1,0,0,0,0,1,0,0,0,0
sc,ru1306,2012-06-29 09:15:24.000,22965.0000,8,0,0.0000,0.0000,0,0,多换,B,22785.0000,0.0000,0.0000,0.0000,0.0000,23150.0000,0.0000,0.0000,0.0000,0.0000,1,0,0,0,0,2,0,0,0,0
sc,ru1306,2012-06-29 09:15:24.500,22965.0000,8,0,0.0000,0.0000,0,0,多换,B,22785.0000,0.0000,0.0000,0.0000,0.0000,23145.0000,0.0000,0.0000,0.0000,0.0000,1,0,0,0,0,1,0,0,0,0
sc,ru1306,2012-06-29 09:15:25.000,22965.0000,8,0,0.0000,0.0000,0,0,多换,B,22785.0000,0.0000,0.0000,0.0000,0.0000,23140.0000,0.0000,0.0000,0.0000,0.0000,1,0,0,0,0,2,0,0,0,0
sc,ru1306,2012-06-29 09:15:25.500,22965.0000,8,0,0.0000,0.0000,0,0,多换,B,22785.0000,0.0000,0.0000,0.0000,0.0000,23135.0000,0.0000,0.0000,0.0000,0.0000,1,0,0,0,0,1,0,0,0,0
sc,ru1306,2012-06-29 09:15:26.000,22965.0000,8,0,0.0000,0.0000,0,0,多换,B,22785.0000,0.0000,0.0000,0.0000,0.0000,23130.0000,0.0000,0.0000,0.0000,0.0000,1,0,0,0,0,2,0,0,0,0
sc,ru1306,2012-06-29 09:15:26.500,22965.0000,8,0,0.0000,0.0000,0,0,多换,B,22785.0000,0.0000,0.0000,0.0000,0.0000,23015.0000,0.0000,0.0000,0.0000,0.0000,1,0,0,0,0,1,0,0,0,0
sc,ru1306,2012-06-29 09:15:27.000,22965.0000,8,0,0.0000,0.0000,0,0,多换,B,22785.0000,0.0000,0.0000,0.0000,0.0000,23010.0000,0.0000,0.0000,0.0000,0.0000,1,0,0,0,0,1,0,0,0,0
sc,ru1306,2012-06-29 09:15:28.000,22965.0000,8,0,0.0000,0.0000,0,0,多换,B,22785.0000,0.0000,0.0000,0.0000,0.0000,23010.0000,0.0000,0.0000,0.0000,0.0000,1,0,0,0,0,1,0,0,0,0
sc,ru1306,2012-06-29 09:15:28.500,22965.0000,8,0,0.0000,0.0000,0,0,多换,B,22785.0000,0.0000,0.0000,0.0000,0.0000,23010.0000,0.0000,0.0000,0.0000,0.0000,1,0,0,0,0,1,0,0,0,0
sc,ru1306,2012-06-29 09:15:31.500,22965.0000,8,0,0.0000,0.0000,0,0,多换,B,22785.0000,0.0000,0.0000,0.0000,0.0000,22950.0000,0.0000,0.0000,0.0000,0.0000,1,0,0,0,0,1,0,0,0,0
sc,ru1306,2012-06-29 09:15:32.000,22965.0000,8,0,0.0000,0.0000,0,0,多换,B,22785.0000,0.0000,0.0000,0.0000,0.0000,22945.0000,0.0000,0.0000,0.0000,0.0000,1,0,0,0,0,1,0,0,0,0
sc,ru1306,2012-06-29 09:15:32.500,22965.0000,8,0,0.0000,0.0000,0,0,多换,B,22785.0000,0.0000,0.0000,0.0000,0.0000,22945.0000,0.0000,0.0000,0.0000,0.0000,1,0,0,0,0,1,0,0,0,0
sc,ru1306,2012-06-29 09:15:35.500,22965.0000,8,0,0.0000,0.0000,0,0,多换,B,22785.0000,0.0000,0.0000,0.0000,0.0000,22920.0000,0.0000,0.0000,0.0000,0.0000,1,0,0,0,0,1,0,0,0,0
sc,ru1306,2012-06-29 09:15:36.000,22965.0000,8,0,0.0000,0.0000,0,0,多换,B,22785.0000,0.0000,0.0000,0.0000,0.0000,22920.0000,0.0000,0.0000,0.0000,0.0000,1,0,0,0,0,1,0,0,0,0
sc,ru1306,2012-06-29 09:15:41.500,22965.0000,8,0,0.0000,0.0000,0,0,多换,B,22785.0000,0.0000,0.0000,0.0000,0.0000,22920.0000,0.0000,0.0000,0.0000,0.0000,1,0,0,0,0,1,0,0,0,0
sc,ru1306,2012-06-29 09:15:53.500,22965.0000,8,0,0.0000,0.0000,0,0,多换,B,22245.0000,0.0000,0.0000,0.0000,0.0000,22920.0000,0.0000,0.0000,0.0000,0.0000,4,0,0,0,0,1,0,0,0,0
sc,ru1306,2012-06-29 09:15:54.000,22965.0000,8,0,0.0000,0.0000,0,0,多换,B,22790.0000,0.0000,0.0000,0.0000,0.0000,22920.0000,0.0000,0.0000,0.0000,0.0000,1,0,0,0,0,1,0,0,0,0
sc,ru1306,2012-06-29 09:15:55.000,22965.0000,8,0,0.0000,0.0000,0,0,多换,B,22790.0000,0.0000,0.0000,0.0000,0.0000,22920.0000,0.0000,0.0000,0.0000,0.0000,1,0,0,0,0,1,0,0,0,0
sc,ru1306,2012-06-29 09:16:00.000,22965.0000,8,0,0.0000,0.0000,0,0,多换,B,22790.0000,0.0000,0.0000,0.0000,0.0000,22920.0000,0.0000,0.0000,0.0000,0.0000,1,0,0,0,0,1,0,0,0,0
sc,ru1306,2012-06-29 09:16:24.500,22965.0000,8,0,0.0000,0.0000,0,0,多换,B,22245.0000,0.0000,0.0000,0.0000,0.0000,22920.0000,0.0000,0.0000,0.0000,0.0000,4,0,0,0,0,1,0,0,0,0
sc,ru1306,2012-06-29 09:16:25.000,22965.0000,8,0,0.0000,0.0000,0,0,多换,B,22795.0000,0.0000,0.0000,0.0000,0.0000,22920.0000,0.0000,0.0000,0.0000,0.0000,1,0,0,0,0,1,0,0,0,0
sc,ru1306,2012-06-29 09:16:26.000,22965.0000,8,0,0.0000,0.0000,0,0,多换,B,22795.0000,0.0000,0.0000,0.0000,0.0000,22920.0000,0.0000,0.0000,0.0000,0.0000,1,0,0,0,0,1,0,0,0,0
sc,ru1306,2012-06-29 09:16:30.500,22965.0000,8,0,0.0000,0.0000,0,0,多换,B,22795.0000,0.0000,0.0000,0.0000,0.0000,22920.0000,0.0000,0.0000,0.0000,0.0000,1,0,0,0,0,1,0,0,0,0
sc,ru1306,2012-06-29 09:16:49.500,22965.0000,8,0,0.0000,0.0000,0,0,多换,B,22795.0000,0.0000,0.0000,0.0000,0.0000,22920.0000,0.0000,0.0000,0.0000,0.0000,1,0,0,0,0,1,0,0,0,0
sc,ru1306,2012-06-29 09:16:56.000,22965.0000,8,0,0.0000,0.0000,0,0,多换,B,22230.0000,0.0000,0.0000,0.0000,0.0000,22920.0000,0.0000,0.0000,0.0000,0.0000,1,0,0,0,0,1,0,0,0,0
sc,ru1306,2012-06-29 09:16:56.500,22965.0000,8,0,0.0000,0.0000,0,0,多换,B,22800.0000,0.0000,0.0000,0.0000,0.0000,22920.0000,0.0000,0.0000,0.0000,0.0000,1,0,0,0,0,1,0,0,0,0
sc,ru1306,2012-06-29 09:16:58.500,22965.0000,8,0,0.0000,0.0000,0,0,多换,B,22800.0000,0.0000,0.0000,0.0000,0.0000,22920.0000,0.0000,0.0000,0.0000,0.0000,1,0,0,0,0,1,0,0,0,0
sc,ru1306,2012-06-29 09:17:00.500,22965.0000,8,0,0.0000,0.0000,0,0,多换,B,22800.0000,0.0000,0.0000,0.0000,0.0000,22920.0000,0.0000,0.0000,0.0000,0.0000,1,0,0,0,0,1,0,0,0,0
sc,ru1306,2012-06-29 09:17:22.000,22965.0000,8,0,0.0000,0.0000,0,0,多换,B,22800.0000,0.0000,0.0000,0.0000,0.0000,22915.0000,0.0000,0.0000,0.0000,0.0000,1,0,0,0,0,1,0,0,0,0
sc,ru1306,2012-06-29 09:17:22.500,22965.0000,8,0,0.0000,0.0000,0,0,多换,B,22800.0000,0.0000,0.0000,0.0000,0.0000,22915.0000,0.0000,0.0000,0.0000,0.0000,1,0,0,0,0,1,0,0,0,0
sc,ru1306,2012-06-29 09:17:25.500,22965.0000,8,0,0.0000,0.0000,0,0,多换,B,22800.0000,0.0000,0.0000,0.0000,0.0000,22890.0000,0.0000,0.0000,0.0000,0.0000,1,0,0,0,0,1,0,0,0,0
sc,ru1306,2012-06-29 09:17:26.000,22965.0000,8,0,0.0000,0.0000,0,0,多换,B,22800.0000,0.0000,0.0000,0.0000,0.0000,22890.0000,0.0000,0.0000,0.0000,0.0000,1,0,0,0,0,1,0,0,0,0
sc,ru1306,2012-06-29 09:17:30.000,22965.0000,8,0,0.0000,0.0000,0,0,多换,B,22245.0000,0.0000,0.0000,0.0000,0.0000,22890.0000,0.0000,0.0000,0.0000,0.0000,4,0,0,0,0,1,0,0,0,0
sc,ru1306,2012-06-29 09:17:30.500,22965.0000,8,0,0.0000,0.0000,0,0,多换,B,22345.0000,0.0000,0.0000,0.0000,0.0000,22890.0000,0.0000,0.0000,0.0000,0.0000,2,0,0,0,0,1,0,0,0,0
sc,ru1306,2012-06-29 09:17:31.000,22965.0000,8,0,0.0000,0.0000,0,0,多换,B,22505.0000,0.0000,0.0000,0.0000,0.0000,22890.0000,0.0000,0.0000,0.0000,0.0000,1,0,0,0,0,1,0,0,0,0
sc,ru1306,2012-06-29 09:17:31.500,22965.0000,8,0,0.0000,0.0000,0,0,多换,B,22515.0000,0.0000,0.0000,0.0000,0.0000,22890.0000,0.0000,0.0000,0.0000,0.0000,2,0,0,0,0,1,0,0,0,0
sc,ru1306,2012-06-29 09:17:32.000,22965.0000,8,0,0.0000,0.0000,0,0,多换,B,22520.0000,0.0000,0.0000,0.0000,0.0000,22890.0000,0.0000,0.0000,0.0000,0.0000,1,0,0,0,0,1,0,0,0,0
sc,ru1306,2012-06-29 09:17:32.500,22965.0000,8,0,0.0000,0.0000,0,0,多换,B,22530.0000,0.0000,0.0000,0.0000,0.0000,22890.0000,0.0000,0.0000,0.0000,0.0000,2,0,0,0,0,1,0,0,0,0
sc,ru1306,2012-06-29 09:17:33.000,22965.0000,8,0,0.0000,0.0000,0,0,多换,B,22535.0000,0.0000,0.0000,0.0000,0.0000,22890.0000,0.0000,0.0000,0.0000,0.0000,1,0,0,0,0,1,0,0,0,0
sc,ru1306,2012-06-29 09:17:33.500,22965.0000,8,0,0.0000,0.0000,0,0,多换,B,22540.0000,0.0000,0.0000,0.0000,0.0000,22890.0000,0.0000,0.0000,0.0000,0.0000,2,0,0,0,0,1,0,0,0,0
sc,ru1306,2012-06-29 09:17:34.000,22965.0000,8,0,0.0000,0.0000,0,0,多换,B,22545.0000,0.0000,0.0000,0.0000,0.0000,22890.0000,0.0000,0.0000,0.0000,0.0000,1,0,0,0,0,1,0,0,0,0
sc,ru1306,2012-06-29 09:17:34.500,22965.0000,8,0,0.0000,0.0000,0,0,多换,B,22650.0000,0.0000,0.0000,0.0000,0.0000,22890.0000,0.0000,0.0000,0.0000,0.0000,1,0,0,0,0,1,0,0,0,0
sc,ru1306,2012-06-29 09:17:35.000,22965.0000,8,0,0.0000,0.0000,0,0,多换,B,22655.0000,0.0000,0.0000,0.0000,0.0000,22890.0000,0.0000,0.0000,0.0000,0.0000,1,0,0,0,0,1,0,0,0,0
sc,ru1306,2012-06-29 09:17:35.500,22965.0000,8,0,0.0000,0.0000,0,0,多换,B,22655.0000,0.0000,0.0000,0.0000,0.0000,22890.0000,0.0000,0.0000,0.0000,0.0000,1,0,0,0,0,1,0,0,0,0
sc,ru1306,2012-06-29 09:17:37.000,22965.0000,8,0,0.0000,0.0000,0,0,多换,B,22655.0000,0.0000,0.0000,0.0000,0.0000,22890.0000,0.0000,0.0000,0.0000,0.0000,1,0,0,0,0,1,0,0,0,0
sc,ru1306,2012-06-29 09:17:38.500,22965.0000,8,0,0.0000,0.0000,0,0,多换,B,22710.0000,0.0000,0.0000,0.0000,0.0000,22890.0000,0.0000,0.0000,0.0000,0.0000,1,0,0,0,0,1,0,0,0,0
sc,ru1306,2012-06-29 09:17:39.000,22965.0000,8,0,0.0000,0.0000,0,0,多换,B,22715.0000,0.0000,0.0000,0.0000,0.0000,22890.0000,0.0000,0.0000,0.0000,0.0000,1,0,0,0,0,1,0,0,0,0
sc,ru1306,2012-06-29 09:17:39.500,22965.0000,8,0,0.0000,0.0000,0,0,多换,B,22715.0000,0.0000,0.0000,0.0000,0.0000,22890.0000,0.0000,0.0000,0.0000,0.0000,1,0,0,0,0,1,0,0,0,0
sc,ru1306,2012-06-29 09:17:42.500,22965.0000,8,0,0.0000,0.0000,0,0,多换,B,22740.0000,0.0000,0.0000,0.0000,0.0000,22890.0000,0.0000,0.0000,0.0000,0.0000,1,0,0,0,0,1,0,0,0,0
sc,ru1306,2012-06-29 09:17:43.000,22965.0000,8,0,0.0000,0.0000,0,0,多换,B,22745.0000,0.0000,0.0000,0.0000,0.0000,22890.0000,0.0000,0.0000,0.0000,0.0000,1,0,0,0,0,1,0,0,0,0
sc,ru1306,2012-06-29 09:17:43.500,22965.0000,8,0,0.0000,0.0000,0,0,多换,B,22745.0000,0.0000,0.0000,0.0000,0.0000,22890.0000,0.0000,0.0000,0.0000,0.0000,1,0,0,0,0,1,0,0,0,0
sc,ru1306,2012-06-29 09:18:07.500,22965.0000,8,0,0.0000,0.0000,0,0,多换,B,22745.0000,0.0000,0.0000,0.0000,0.0000,22890.0000,0.0000,0.0000,0.0000,0.0000,1,0,0,0,0,1,0,0,0,0
sc,ru1306,2012-06-29 09:18:13.500,22965.0000,8,0,0.0000,0.0000,0,0,多换,B,22230.0000,0.0000,0.0000,0.0000,0.0000,22890.0000,0.0000,0.0000,0.0000,0.0000,1,0,0,0,0,1,0,0,0,0
sc,ru1306,2012-06-29 09:18:14.000,22965.0000,8,0,0.0000,0.0000,0,0,多换,B,22490.0000,0.0000,0.0000,0.0000,0.0000,22890.0000,0.0000,0.0000,0.0000,0.0000,1,0,0,0,0,1,0,0,0,0
sc,ru1306,2012-06-29 09:18:14.500,22965.0000,8,0,0.0000,0.0000,0,0,多换,B,22500.0000,0.0000,0.0000,0.0000,0.0000,22890.0000,0.0000,0.0000,0.0000,0.0000,2,0,0,0,0,1,0,0,0,0
sc,ru1306,2012-06-29 09:18:15.000,22965.0000,8,0,0.0000,0.0000,0,0,多换,B,22505.0000,0.0000,0.0000,0.0000,0.0000,22890.0000,0.0000,0.0000,0.0000,0.0000,1,0,0,0,0,1,0,0,0,0
sc,ru1306,2012-06-29 09:18:15.500,22965.0000,8,0,0.0000,0.0000,0,0,多换,B,22510.0000,0.0000,0.0000,0.0000,0.0000,22890.0000,0.0000,0.0000,0.0000,0.0000,2,0,0,0,0,1,0,0,0,0
sc,ru1306,2012-06-29 09:18:16.000,22965.0000,8,0,0.0000,0.0000,0,0,多换,B,22515.0000,0.0000,0.0000,0.0000,0.0000,22890.0000,0.0000,0.0000,0.0000,0.0000,1,0,0,0,0,1,0,0,0,0
sc,ru1306,2012-06-29 09:18:16.500,22965.0000,8,0,0.0000,0.0000,0,0,多换,B,22520.0000,0.0000,0.0000,0.0000,0.0000,22890.0000,0.0000,0.0000,0.0000,0.0000,2,0,0,0,0,1,0,0,0,0
sc,ru1306,2012-06-29 09:18:17.000,22965.0000,8,0,0.0000,0.0000,0,0,多换,B,22525.0000,0.0000,0.0000,0.0000,0.0000,22890.0000,0.0000,0.0000,0.0000,0.0000,1,0,0,0,0,1,0,0,0,0
sc,ru1306,2012-06-29 09:18:17.500,22965.0000,8,0,0.0000,0.0000,0,0,多换,B,22530.0000,0.0000,0.0000,0.0000,0.0000,22890.0000,0.0000,0.0000,0.0000,0.0000,2,0,0,0,0,1,0,0,0,0
sc,ru1306,2012-06-29 09:18:18.000,22965.0000,8,0,0.0000,0.0000,0,0,多换,B,22535.0000,0.0000,0.0000,0.0000,0.0000,22890.0000,0.0000,0.0000,0.0000,0.0000,1,0,0,0,0,1,0,0,0,0
sc,ru1306,2012-06-29 09:18:18.500,22965.0000,8,0,0.0000,0.0000,0,0,多换,B,22540.0000,0.0000,0.0000,0.0000,0.0000,22890.0000,0.0000,0.0000,0.0000,0.0000,2,0,0,0,0,1,0,0,0,0
sc,ru1306,2012-06-29 09:18:19.000,22965.0000,8,0,0.0000,0.0000,0,0,多换,B,22545.0000,0.0000,0.0000,0.0000,0.0000,22890.0000,0.0000,0.0000,0.0000,0.0000,1,0,0,0,0,1,0,0,0,0
sc,ru1306,2012-06-29 09:18:19.500,22965.0000,8,0,0.0000,0.0000,0,0,多换,B,22645.0000,0.0000,0.0000,0.0000,0.0000,22890.0000,0.0000,0.0000,0.0000,0.0000,1,0,0,0,0,1,0,0,0,0
sc,ru1306,2012-06-29 09:18:20.000,22965.0000,8,0,0.0000,0.0000,0,0,多换,B,22650.0000,0.0000,0.0000,0.0000,0.0000,22890.0000,0.0000,0.0000,0.0000,0.0000,1,0,0,0,0,1,0,0,0,0
sc,ru1306,2012-06-29 09:18:20.500,22965.0000,8,0,0.0000,0.0000,0,0,多换,B,22650.0000,0.0000,0.0000,0.0000,0.0000,22890.0000,0.0000,0.0000,0.0000,0.0000,1,0,0,0,0,1,0,0,0,0
sc,ru1306,2012-06-29 09:18:21.500,22965.0000,8,0,0.0000,0.0000,0,0,多换,B,22650.0000,0.0000,0.0000,0.0000,0.0000,22890.0000,0.0000,0.0000,0.0000,0.0000,1,0,0,0,0,1,0,0,0,0
sc,ru1306,2012-06-29 09:18:23.000,22965.0000,8,0,0.0000,0.0000,0,0,多换,B,22700.0000,0.0000,0.0000,0.0000,0.0000,22890.0000,0.0000,0.0000,0.0000,0.0000,1,0,0,0,0,1,0,0,0,0
sc,ru1306,2012-06-29 09:18:23.500,22965.0000,8,0,0.0000,0.0000,0,0,多换,B,22705.0000,0.0000,0.0000,0.0000,0.0000,22890.0000,0.0000,0.0000,0.0000,0.0000,1,0,0,0,0,1,0,0,0,0
sc,ru1306,2012-06-29 09:18:24.000,22965.0000,8,0,0.0000,0.0000,0,0,多换,B,22705.0000,0.0000,0.0000,0.0000,0.0000,22890.0000,0.0000,0.0000,0.0000,0.0000,1,0,0,0,0,1,0,0,0,0
sc,ru1306,2012-06-29 09:18:27.500,22965.0000,8,0,0.0000,0.0000,0,0,多换,B,22730.0000,0.0000,0.0000,0.0000,0.0000,22890.0000,0.0000,0.0000,0.0000,0.0000,1,0,0,0,0,1,0,0,0,0
sc,ru1306,2012-06-29 09:18:28.000,22965.0000,8,0,0.0000,0.0000,0,0,多换,B,22735.0000,0.0000,0.0000,0.0000,0.0000,22890.0000,0.0000,0.0000,0.0000,0.0000,1,0,0,0,0,1,0,0,0,0
sc,ru1306,2012-06-29 09:18:28.500,22965.0000,8,0,0.0000,0.0000,0,0,多换,B,22735.0000,0.0000,0.0000,0.0000,0.0000,22890.0000,0.0000,0.0000,0.0000,0.0000,1,0,0,0,0,1,0,0,0,0
sc,ru1306,2012-06-29 09:18:35.500,22965.0000,8,0,0.0000,0.0000,0,0,多换,B,22755.0000,0.0000,0.0000,0.0000,0.0000,22890.0000,0.0000,0.0000,0.0000,0.0000,1,0,0,0,0,1,0,0,0,0
sc,ru1306,2012-06-29 09:18:36.000,22965.0000,8,0,0.0000,0.0000,0,0,多换,B,22760.0000,0.0000,0.0000,0.0000,0.0000,22890.0000,0.0000,0.0000,0.0000,0.0000,1,0,0,0,0,1,0,0,0,0
sc,ru1306,2012-06-29 09:18:36.500,22965.0000,8,0,0.0000,0.0000,0,0,多换,B,22760.0000,0.0000,0.0000,0.0000,0.0000,22890.0000,0.0000,0.0000,0.0000,0.0000,1,0,0,0,0,1,0,0,0,0
sc,ru1306,2012-06-29 09:19:06.500,22965.0000,8,0,0.0000,0.0000,0,0,多换,B,22230.0000,0.0000,0.0000,0.0000,0.0000,22890.0000,0.0000,0.0000,0.0000,0.0000,1,0,0,0,0,1,0,0,0,0
sc,ru1306,2012-06-29 09:19:07.000,22965.0000,8,0,0.0000,0.0000,0,0,多换,B,22765.0000,0.0000,0.0000,0.0000,0.0000,22890.0000,0.0000,0.0000,0.0000,0.0000,1,0,0,0,0,1,0,0,0,0
sc,ru1306,2012-06-29 09:19:07.500,22965.0000,8,0,0.0000,0.0000,0,0,多换,B,22765.0000,0.0000,0.0000,0.0000,0.0000,22890.0000,0.0000,0.0000,0.0000,0.0000,1,0,0,0,0,1,0,0,0,0
sc,ru1306,2012-06-29 09:19:08.000,22965.0000,8,0,0.0000,0.0000,0,0,多换,B,22765.0000,0.0000,0.0000,0.0000,0.0000,22890.0000,0.0000,0.0000,0.0000,0.0000,1,0,0,0,0,1,0,0,0,0
sc,ru1306,2012-06-29 09:19:14.000,22965.0000,8,0,0.0000,0.0000,0,0,多换,B,22765.0000,0.0000,0.0000,0.0000,0.0000,22890.0000,0.0000,0.0000,0.0000,0.0000,1,0,0,0,0,1,0,0,0,0
sc,ru1306,2012-06-29 09:19:40.000,22965.0000,8,0,0.0000,0.0000,0,0,多换,B,22245.0000,0.0000,0.0000,0.0000,0.0000,22890.0000,0.0000,0.0000,0.0000,0.0000,4,0,0,0,0,1,0,0,0,0
sc,ru1306,2012-06-29 09:19:40.500,22965.0000,8,0,0.0000,0.0000,0,0,多换,B,22345.0000,0.0000,0.0000,0.0000,0.0000,22890.0000,0.0000,0.0000,0.0000,0.0000,2,0,0,0,0,1,0,0,0,0
sc,ru1306,2012-06-29 09:19:41.000,22965.0000,8,0,0.0000,0.0000,0,0,多换,B,22500.0000,0.0000,0.0000,0.0000,0.0000,22890.0000,0.0000,0.0000,0.0000,0.0000,1,0,0,0,0,1,0,0,0,0
sc,ru1306,2012-06-29 09:19:41.500,22965.0000,8,0,0.0000,0.0000,0,0,多换,B,22510.0000,0.0000,0.0000,0.0000,0.0000,22890.0000,0.0000,0.0000,0.0000,0.0000,2,0,0,0,0,1,0,0,0,0
sc,ru1306,2012-06-29 09:19:42.000,22965.0000,8,0,0.0000,0.0000,0,0,多换,B,22515.0000,0.0000,0.0000,0.0000,0.0000,22890.0000,0.0000,0.0000,0.0000,0.0000,1,0,0,0,0,1,0,0,0,0
sc,ru1306,2012-06-29 09:19:42.500,22965.0000,8,0,0.0000,0.0000,0,0,多换,B,22520.0000,0.0000,0.0000,0.0000,0.0000,22890.0000,0.0000,0.0000,0.0000,0.0000,2,0,0,0,0,1,0,0,0,0
sc,ru1306,2012-06-29 09:19:43.000,22965.0000,8,0,0.0000,0.0000,0,0,多换,B,22525.0000,0.0000,0.0000,0.0000,0.0000,22890.0000,0.0000,0.0000,0.0000,0.0000,1,0,0,0,0,1,0,0,0,0
sc,ru1306,2012-06-29 09:19:43.500,22965.0000,8,0,0.0000,0.0000,0,0,多换,B,22530.0000,0.0000,0.0000,0.0000,0.0000,22890.0000,0.0000,0.0000,0.0000,0.0000,2,0,0,0,0,1,0,0,0,0
sc,ru1306,2012-06-29 09:19:44.000,22965.0000,8,0,0.0000,0.0000,0,0,多换,B,22535.0000,0.0000,0.0000,0.0000,0.0000,22890.0000,0.0000,0.0000,0.0000,0.0000,1,0,0,0,0,1,0,0,0,0
sc,ru1306,2012-06-29 09:19:44.500,22965.0000,8,0,0.0000,0.0000,0,0,多换,B,22640.0000,0.0000,0.0000,0.0000,0.0000,22890.0000,0.0000,0.0000,0.0000,0.0000,1,0,0,0,0,1,0,0,0,0
sc,ru1306,2012-06-29 09:19:45.000,22965.0000,8,0,0.0000,0.0000,0,0,多换,B,22645.0000,0.0000,0.0000,0.0000,0.0000,22890.0000,0.0000,0.0000,0.0000,0.0000,1,0,0,0,0,1,0,0,0,0
sc,ru1306,2012-06-29 09:19:45.500,22965.0000,8,0,0.0000,0.0000,0,0,多换,B,22645.0000,0.0000,0.0000,0.0000,0.0000,22890.0000,0.0000,0.0000,0.0000,0.0000,1,0,0,0,0,1,0,0,0,0
sc,ru1306,2012-06-29 09:19:46.500,22965.0000,8,0,0.0000,0.0000,0,0,多换,B,22645.0000,0.0000,0.0000,0.0000,0.0000,22890.0000,0.0000,0.0000,0.0000,0.0000,1,0,0,0,0,1,0,0,0,0
sc,ru1306,2012-06-29 09:19:48.500,22965.0000,8,0,0.0000,0.0000,0,0,多换,B,22700.0000,0.0000,0.0000,0.0000,0.0000,22890.0000,0.0000,0.0000,0.0000,0.0000,1,0,0,0,0,1,0,0,0,0
sc,ru1306,2012-06-29 09:19:49.000,22965.0000,8,0,0.0000,0.0000,0,0,多换,B,22705.0000,0.0000,0.0000,0.0000,0.0000,22890.0000,0.0000,0.0000,0.0000,0.0000,1,0,0,0,0,1,0,0,0,0
sc,ru1306,2012-06-29 09:19:49.500,22965.0000,8,0,0.0000,0.0000,0,0,多换,B,22705.0000,0.0000,0.0000,0.0000,0.0000,22890.0000,0.0000,0.0000,0.0000,0.0000,1,0,0,0,0,1,0,0,0,0
sc,ru1306,2012-06-29 09:19:52.500,22965.0000,8,0,0.0000,0.0000,0,0,多换,B,22730.0000,0.0000,0.0000,0.0000,0.0000,22890.0000,0.0000,0.0000,0.0000,0.0000,1,0,0,0,0,1,0,0,0,0
sc,ru1306,2012-06-29 09:19:53.000,22965.0000,8,0,0.0000,0.0000,0,0,多换,B,22735.0000,0.0000,0.0000,0.0000,0.0000,22890.0000,0.0000,0.0000,0.0000,0.0000,1,0,0,0,0,1,0,0,0,0
sc,ru1306,2012-06-29 09:19:54.000,22965.0000,8,0,0.0000,0.0000,0,0,多换,B,22735.0000,0.0000,0.0000,0.0000,0.0000,22890.0000,0.0000,0.0000,0.0000,0.0000,1,0,0,0,0,1,0,0,0,0
sc,ru1306,2012-06-29 09:20:21.500,22965.0000,8,0,0.0000,0.0000,0,0,多换,B,22755.0000,0.0000,0.0000,0.0000,0.0000,22890.0000,0.0000,0.0000,0.0000,0.0000,1,0,0,0,0,1,0,0,0,0
sc,ru1306,2012-06-29 09:20:22.000,22965.0000,8,0,0.0000,0.0000,0,0,多换,B,22760.0000,0.0000,0.0000,0.0000,0.0000,22890.0000,0.0000,0.0000,0.0000,0.0000,1,0,0,0,0,1,0,0,0,0
sc,ru1306,2012-06-29 09:20:22.500,22965.0000,8,0,0.0000,0.0000,0,0,多换,B,22760.0000,0.0000,0.0000,0.0000,0.0000,22890.0000,0.0000,0.0000,0.0000,0.0000,1,0,0,0,0,1,0,0,0,0
sc,ru1306,2012-06-29 09:20:27.500,22965.0000,8,0,0.0000,0.0000,0,0,多换,B,22760.0000,0.0000,0.0000,0.0000,0.0000,23480.0000,0.0000,0.0000,0.0000,0.0000,1,0,0,0,0,1,0,0,0,0
sc,ru1306,2012-06-29 09:20:28.000,22965.0000,8,0,0.0000,0.0000,0,0,多换,B,22760.0000,0.0000,0.0000,0.0000,0.0000,23465.0000,0.0000,0.0000,0.0000,0.0000,1,0,0,0,0,5,0,0,0,0
sc,ru1306,2012-06-29 09:20:28.500,22965.0000,8,0,0.0000,0.0000,0,0,多换,B,22760.0000,0.0000,0.0000,0.0000,0.0000,23460.0000,0.0000,0.0000,0.0000,0.0000,1,0,0,0,0,1,0,0,0,0
sc,ru1306,2012-06-29 09:20:29.000,22965.0000,8,0,0.0000,0.0000,0,0,多换,B,22760.0000,0.0000,0.0000,0.0000,0.0000,23445.0000,0.0000,0.0000,0.0000,0.0000,1,0,0,0,0,4,0,0,0,0
sc,ru1306,2012-06-29 09:20:29.500,22965.0000,8,0,0.0000,0.0000,0,0,多换,B,22760.0000,0.0000,0.0000,0.0000,0.0000,23440.0000,0.0000,0.0000,0.0000,0.0000,1,0,0,0,0,1,0,0,0,0
sc,ru1306,2012-06-29 09:20:30.000,22965.0000,8,0,0.0000,0.0000,0,0,多换,B,22760.0000,0.0000,0.0000,0.0000,0.0000,23425.0000,0.0000,0.0000,0.0000,0.0000,1,0,0,0,0,4,0,0,0,0
sc,ru1306,2012-06-29 09:20:30.500,22965.0000,8,0,0.0000,0.0000,0,0,多换,B,22760.0000,0.0000,0.0000,0.0000,0.0000,23150.0000,0.0000,0.0000,0.0000,0.0000,1,0,0,0,0,1,0,0,0,0
sc,ru1306,2012-06-29 09:20:31.000,22965.0000,8,0,0.0000,0.0000,0,0,多换,B,22760.0000,0.0000,0.0000,0.0000,0.0000,23140.0000,0.0000,0.0000,0.0000,0.0000,1,0,0,0,0,2,0,0,0,0
sc,ru1306,2012-06-29 09:20:31.500,22965.0000,8,0,0.0000,0.0000,0,0,多换,B,22760.0000,0.0000,0.0000,0.0000,0.0000,23135.0000,0.0000,0.0000,0.0000,0.0000,1,0,0,0,0,1,0,0,0,0
sc,ru1306,2012-06-29 09:20:32.000,22965.0000,8,0,0.0000,0.0000,0,0,多换,B,22760.0000,0.0000,0.0000,0.0000,0.0000,23125.0000,0.0000,0.0000,0.0000,0.0000,1,0,0,0,0,2,0,0,0,0
sc,ru1306,2012-06-29 09:20:32.500,22965.0000,8,0,0.0000,0.0000,0,0,多换,B,22760.0000,0.0000,0.0000,0.0000,0.0000,23120.0000,0.0000,0.0000,0.0000,0.0000,1,0,0,0,0,1,0,0,0,0
sc,ru1306,2012-06-29 09:20:33.000,22965.0000,8,0,0.0000,0.0000,0,0,多换,B,22760.0000,0.0000,0.0000,0.0000,0.0000,23115.0000,0.0000,0.0000,0.0000,0.0000,1,0,0,0,0,2,0,0,0,0
sc,ru1306,2012-06-29 09:20:33.500,22965.0000,8,0,0.0000,0.0000,0,0,多换,B,22760.0000,0.0000,0.0000,0.0000,0.0000,23110.0000,0.0000,0.0000,0.0000,0.0000,1,0,0,0,0,1,0,0,0,0
sc,ru1306,2012-06-29 09:20:34.000,22965.0000,8,0,0.0000,0.0000,0,0,多换,B,22760.0000,0.0000,0.0000,0.0000,0.0000,23105.0000,0.0000,0.0000,0.0000,0.0000,1,0,0,0,0,2,0,0,0,0
sc,ru1306,2012-06-29 09:20:34.500,22965.0000,8,0,0.0000,0.0000,0,0,多换,B,22760.0000,0.0000,0.0000,0.0000,0.0000,22985.0000,0.0000,0.0000,0.0000,0.0000,1,0,0,0,0,1,0,0,0,0
sc,ru1306,2012-06-29 09:20:35.000,22965.0000,8,0,0.0000,0.0000,0,0,多换,B,22760.0000,0.0000,0.0000,0.0000,0.0000,22980.0000,0.0000,0.0000,0.0000,0.0000,1,0,0,0,0,1,0,0,0,0
sc,ru1306,2012-06-29 09:20:35.500,22965.0000,8,0,0.0000,0.0000,0,0,多换,B,22760.0000,0.0000,0.0000,0.0000,0.0000,22980.0000,0.0000,0.0000,0.0000,0.0000,1,0,0,0,0,1,0,0,0,0
sc,ru1306,2012-06-29 09:20:38.500,22965.0000,8,0,0.0000,0.0000,0,0,多换,B,22760.0000,0.0000,0.0000,0.0000,0.0000,22920.0000,0.0000,0.0000,0.0000,0.0000,1,0,0,0,0,1,0,0,0,0
sc,ru1306,2012-06-29 09:20:39.000,22965.0000,8,0,0.0000,0.0000,0,0,多换,B,22760.0000,0.0000,0.0000,0.0000,0.0000,22915.0000,0.0000,0.0000,0.0000,0.0000,1,0,0,0,0,1,0,0,0,0
sc,ru1306,2012-06-29 09:20:39.500,22965.0000,8,0,0.0000,0.0000,0,0,多换,B,22760.0000,0.0000,0.0000,0.0000,0.0000,22915.0000,0.0000,0.0000,0.0000,0.0000,1,0,0,0,0,1,0,0,0,0
sc,ru1306,2012-06-29 09:20:42.500,22965.0000,8,0,0.0000,0.0000,0,0,多换,B,22760.0000,0.0000,0.0000,0.0000,0.0000,22885.0000,0.0000,0.0000,0.0000,0.0000,1,0,0,0,0,1,0,0,0,0
sc,ru1306,2012-06-29 09:20:43.000,22965.0000,8,0,0.0000,0.0000,0,0,多换,B,22760.0000,0.0000,0.0000,0.0000,0.0000,22885.0000,0.0000,0.0000,0.0000,0.0000,1,0,0,0,0,1,0,0,0,0
sc,ru1306,2012-06-29 09:20:56.500,22965.0000,8,0,0.0000,0.0000,0,0,多换,B,22230.0000,0.0000,0.0000,0.0000,0.0000,22885.0000,0.0000,0.0000,0.0000,0.0000,1,0,0,0,0,1,0,0,0,0
sc,ru1306,2012-06-29 09:20:57.000,22965.0000,8,0,0.0000,0.0000,0,0,多换,B,22245.0000,0.0000,0.0000,0.0000,0.0000,22885.0000,0.0000,0.0000,0.0000,0.0000,4,0,0,0,0,1,0,0,0,0
sc,ru1306,2012-06-29 09:20:57.500,22965.0000,8,0,0.0000,0.0000,0,0,多换,B,22490.0000,0.0000,0.0000,0.0000,0.0000,22885.0000,0.0000,0.0000,0.0000,0.0000,1,0,0,0,0,1,0,0,0,0
sc,ru1306,2012-06-29 09:20:58.000,22965.0000,8,0,0.0000,0.0000,0,0,多换,B,22500.0000,0.0000,0.0000,0.0000,0.0000,22885.0000,0.0000,0.0000,0.0000,0.0000,2,0,0,0,0,1,0,0,0,0
sc,ru1306,2012-06-29 09:20:58.500,22965.0000,8,0,0.0000,0.0000,0,0,多换,B,22505.0000,0.0000,0.0000,0.0000,0.0000,22885.0000,0.0000,0.0000,0.0000,0.0000,1,0,0,0,0,1,0,0,0,0
sc,ru1306,2012-06-29 09:20:59.000,22965.0000,8,0,0.0000,0.0000,0,0,多换,B,22515.0000,0.0000,0.0000,0.0000,0.0000,22885.0000,0.0000,0.0000,0.0000,0.0000,2,0,0,0,0,1,0,0,0,0
sc,ru1306,2012-06-29 09:20:59.500,22965.0000,8,0,0.0000,0.0000,0,0,多换,B,22520.0000,0.0000,0.0000,0.0000,0.0000,22885.0000,0.0000,0.0000,0.0000,0.0000,1,0,0,0,0,1,0,0,0,0
sc,ru1306,2012-06-29 09:21:00.000,22965.0000,8,0,0.0000,0.0000,0,0,多换,B,22525.0000,0.0000,0.0000,0.0000,0.0000,22885.0000,0.0000,0.0000,0.0000,0.0000,2,0,0,0,0,1,0,0,0,0
sc,ru1306,2012-06-29 09:21:00.500,22965.0000,8,0,0.0000,0.0000,0,0,多换,B,22530.0000,0.0000,0.0000,0.0000,0.0000,22885.0000,0.0000,0.0000,0.0000,0.0000,1,0,0,0,0,1,0,0,0,0
sc,ru1306,2012-06-29 09:21:01.000,22965.0000,8,0,0.0000,0.0000,0,0,多换,B,22535.0000,0.0000,0.0000,0.0000,0.0000,22885.0000,0.0000,0.0000,0.0000,0.0000,2,0,0,0,0,1,0,0,0,0
sc,ru1306,2012-06-29 09:21:01.500,22965.0000,8,0,0.0000,0.0000,0,0,多换,B,22640.0000,0.0000,0.0000,0.0000,0.0000,22885.0000,0.0000,0.0000,0.0000,0.0000,1,0,0,0,0,1,0,0,0,0
sc,ru1306,2012-06-29 09:21:02.000,22965.0000,8,0,0.0000,0.0000,0,0,多换,B,22645.0000,0.0000,0.0000,0.0000,0.0000,22885.0000,0.0000,0.0000,0.0000,0.0000,1,0,0,0,0,1,0,0,0,0
sc,ru1306,2012-06-29 09:21:02.500,22965.0000,8,0,0.0000,0.0000,0,0,多换,B,22645.0000,0.0000,0.0000,0.0000,0.0000,22885.0000,0.0000,0.0000,0.0000,0.0000,1,0,0,0,0,1,0,0,0,0
sc,ru1306,2012-06-29 09:21:05.500,22965.0000,8,0,0.0000,0.0000,0,0,多换,B,22700.0000,0.0000,0.0000,0.0000,0.0000,22885.0000,0.0000,0.0000,0.0000,0.0000,1,0,0,0,0,1,0,0,0,0
sc,ru1306,2012-06-29 09:21:06.000,22965.0000,8,0,0.0000,0.0000,0,0,多换,B,22705.0000,0.0000,0.0000,0.0000,0.0000,22885.0000,0.0000,0.0000,0.0000,0.0000,1,0,0,0,0,1,0,0,0,0
sc,ru1306,2012-06-29 09:21:06.500,22965.0000,8,0,0.0000,0.0000,0,0,多换,B,22705.0000,0.0000,0.0000,0.0000,0.0000,22885.0000,0.0000,0.0000,0.0000,0.0000,1,0,0,0,0,1,0,0,0,0
sc,ru1306,2012-06-29 09:21:09.500,22965.0000,8,0,0.0000,0.0000,0,0,多换,B,22730.0000,0.0000,0.0000,0.0000,0.0000,22885.0000,0.0000,0.0000,0.0000,0.0000,1,0,0,0,0,1,0,0,0,0
sc,ru1306,2012-06-29 09:21:10.000,22965.0000,8,0,0.0000,0.0000,0,0,多换,B,22735.0000,0.0000,0.0000,0.0000,0.0000,22885.0000,0.0000,0.0000,0.0000,0.0000,1,0,0,0,0,1,0,0,0,0
sc,ru1306,2012-06-29 09:21:10.500,22965.0000,8,0,0.0000,0.0000,0,0,多换,B,22735.0000,0.0000,0.0000,0.0000,0.0000,22885.0000,0.0000,0.0000,0.0000,0.0000,1,0,0,0,0,1,0,0,0,0
sc,ru1306,2012-06-29 09:21:19.000,22965.0000,8,0,0.0000,0.0000,0,0,多换,B,22755.0000,0.0000,0.0000,0.0000,0.0000,22885.0000,0.0000,0.0000,0.0000,0.0000,1,0,0,0,0,1,0,0,0,0
sc,ru1306,2012-06-29 09:21:19.500,22965.0000,8,0,0.0000,0.0000,0,0,多换,B,22760.0000,0.0000,0.0000,0.0000,0.0000,22885.0000,0.0000,0.0000,0.0000,0.0000,1,0,0,0,0,1,0,0,0,0
sc,ru1306,2012-06-29 09:21:20.500,22965.0000,8,0,0.0000,0.0000,0,0,多换,B,22760.0000,0.0000,0.0000,0.0000,0.0000,22885.0000,0.0000,0.0000,0.0000,0.0000,1,0,0,0,0,1,0,0,0,0
sc,ru1306,2012-06-29 09:21:50.000,22965.0000,8,0,0.0000,0.0000,0,0,多换,B,22535.0000,0.0000,0.0000,0.0000,0.0000,22885.0000,0.0000,0.0000,0.0000,0.0000,2,0,0,0,0,1,0,0,0,0
sc,ru1306,2012-06-29 09:21:50.500,22965.0000,8,0,0.0000,0.0000,0,0,多换,B,22645.0000,0.0000,0.0000,0.0000,0.0000,22885.0000,0.0000,0.0000,0.0000,0.0000,1,0,0,0,0,1,0,0,0,0
sc,ru1306,2012-06-29 09:21:51.000,22965.0000,8,0,0.0000,0.0000,0,0,多换,B,22650.0000,0.0000,0.0000,0.0000,0.0000,22885.0000,0.0000,0.0000,0.0000,0.0000,1,0,0,0,0,1,0,0,0,0
sc,ru1306,2012-06-29 09:21:51.500,22965.0000,8,0,0.0000,0.0000,0,0,多换,B,22650.0000,0.0000,0.0000,0.0000,0.0000,22885.0000,0.0000,0.0000,0.0000,0.0000,1,0,0,0,0,1,0,0,0,0
sc,ru1306,2012-06-29 09:21:54.500,22965.0000,8,0,0.0000,0.0000,0,0,多换,B,22700.0000,0.0000,0.0000,0.0000,0.0000,22885.0000,0.0000,0.0000,0.0000,0.0000,1,0,0,0,0,1,0,0,0,0
sc,ru1306,2012-06-29 09:21:55.000,22965.0000,8,0,0.0000,0.0000,0,0,多换,B,22705.0000,0.0000,0.0000,0.0000,0.0000,22885.0000,0.0000,0.0000,0.0000,0.0000,1,0,0,0,0,1,0,0,0,0
sc,ru1306,2012-06-29 09:21:55.500,22965.0000,8,0,0.0000,0.0000,0,0,多换,B,22705.0000,0.0000,0.0000,0.0000,0.0000,22885.0000,0.0000,0.0000,0.0000,0.0000,1,0,0,0,0,1,0,0,0,0
sc,ru1306,2012-06-29 09:21:57.000,22965.0000,8,0,0.0000,0.0000,0,0,多换,B,22705.0000,0.0000,0.0000,0.0000,0.0000,22885.0000,0.0000,0.0000,0.0000,0.0000,1,0,0,0,0,1,0,0,0,0
sc,ru1306,2012-06-29 09:21:58.500,22965.0000,8,0,0.0000,0.0000,0,0,多换,B,22730.0000,0.0000,0.0000,0.0000,0.0000,22885.0000,0.0000,0.0000,0.0000,0.0000,1,0,0,0,0,1,0,0,0,0
sc,ru1306,2012-06-29 09:21:59.000,22965.0000,8,0,0.0000,0.0000,0,0,多换,B,22735.0000,0.0000,0.0000,0.0000,0.0000,22885.0000,0.0000,0.0000,0.0000,0.0000,1,0,0,0,0,1,0,0,0,0
sc,ru1306,2012-06-29 09:22:00.000,22965.0000,8,0,0.0000,0.0000,0,0,多换,B,22735.0000,0.0000,0.0000,0.0000,0.0000,22885.0000,0.0000,0.0000,0.0000,0.0000,1,0,0,0,0,1,0,0,0,0
sc,ru1306,2012-06-29 09:22:29.500,22965.0000,8,0,0.0000,0.0000,0,0,多换,B,22535.0000,0.0000,0.0000,0.0000,0.0000,22885.0000,0.0000,0.0000,0.0000,0.0000,2,0,0,0,0,1,0,0,0,0
sc,ru1306,2012-06-29 09:22:30.000,22965.0000,8,0,0.0000,0.0000,0,0,多换,B,22640.0000,0.0000,0.0000,0.0000,0.0000,22885.0000,0.0000,0.0000,0.0000,0.0000,1,0,0,0,0,1,0,0,0,0
sc,ru1306,2012-06-29 09:22:30.500,22965.0000,8,0,0.0000,0.0000,0,0,多换,B,22645.0000,0.0000,0.0000,0.0000,0.0000,22885.0000,0.0000,0.0000,0.0000,0.0000,1,0,0,0,0,1,0,0,0,0
sc,ru1306,2012-06-29 09:22:31.000,22965.0000,8,0,0.0000,0.0000,0,0,多换,B,22645.0000,0.0000,0.0000,0.0000,0.0000,22885.0000,0.0000,0.0000,0.0000,0.0000,1,0,0,0,0,1,0,0,0,0
sc,ru1306,2012-06-29 09:22:33.500,22965.0000,8,0,0.0000,0.0000,0,0,多换,B,22695.0000,0.0000,0.0000,0.0000,0.0000,22885.0000,0.0000,0.0000,0.0000,0.0000,1,0,0,0,0,1,0,0,0,0
sc,ru1306,2012-06-29 09:22:34.000,22965.0000,8,0,0.0000,0.0000,0,0,多换,B,22700.0000,0.0000,0.0000,0.0000,0.0000,22885.0000,0.0000,0.0000,0.0000,0.0000,1,0,0,0,0,1,0,0,0,0
sc,ru1306,2012-06-29 09:22:34.500,22965.0000,8,0,0.0000,0.0000,0,0,多换,B,22700.0000,0.0000,0.0000,0.0000,0.0000,22885.0000,0.0000,0.0000,0.0000,0.0000,1,0,0,0,0,1,0,0,0,0
sc,ru1306,2012-06-29 09:22:37.500,22965.0000,8,0,0.0000,0.0000,0,0,多换,B,22725.0000,0.0000,0.0000,0.0000,0.0000,22885.0000,0.0000,0.0000,0.0000,0.0000,1,0,0,0,0,1,0,0,0,0
sc,ru1306,2012-06-29 09:22:38.000,22965.0000,8,0,0.0000,0.0000,0,0,多换,B,22730.0000,0.0000,0.0000,0.0000,0.0000,22885.0000,0.0000,0.0000,0.0000,0.0000,1,0,0,0,0,1,0,0,0,0
sc,ru1306,2012-06-29 09:22:38.500,22965.0000,8,0,0.0000,0.0000,0,0,多换,B,22730.0000,0.0000,0.0000,0.0000,0.0000,22885.0000,0.0000,0.0000,0.0000,0.0000,1,0,0,0,0,1,0,0,0,0
sc,ru1306,2012-06-29 09:22:45.500,22965.0000,8,0,0.0000,0.0000,0,0,多换,B,22750.0000,0.0000,0.0000,0.0000,0.0000,22885.0000,0.0000,0.0000,0.0000,0.0000,1,0,0,0,0,1,0,0,0,0
sc,ru1306,2012-06-29 09:22:46.000,22965.0000,8,0,0.0000,0.0000,0,0,多换,B,22755.0000,0.0000,0.0000,0.0000,0.0000,22885.0000,0.0000,0.0000,0.0000,0.0000,1,0,0,0,0,1,0,0,0,0
sc,ru1306,2012-06-29 09:22:46.500,22965.0000,8,0,0.0000,0.0000,0,0,多换,B,22755.0000,0.0000,0.0000,0.0000,0.0000,22885.0000,0.0000,0.0000,0.0000,0.0000,1,0,0,0,0,1,0,0,0,0
sc,ru1306,2012-06-29 09:23:17.000,22965.0000,8,0,0.0000,0.0000,0,0,多换,B,22535.0000,0.0000,0.0000,0.0000,0.0000,22885.0000,0.0000,0.0000,0.0000,0.0000,2,0,0,0,0,1,0,0,0,0
sc,ru1306,2012-06-29 09:23:17.500,22965.0000,8,0,0.0000,0.0000,0,0,多换,B,22640.0000,0.0000,0.0000,0.0000,0.0000,22885.0000,0.0000,0.0000,0.0000,0.0000,1,0,0,0,0,1,0,0,0,0
sc,ru1306,2012-06-29 09:23:18.000,22965.0000,8,0,0.0000,0.0000,0,0,多换,B,22645.0000,0.0000,0.0000,0.0000,0.0000,22885.0000,0.0000,0.0000,0.0000,0.0000,1,0,0,0,0,1,0,0,0,0
sc,ru1306,2012-06-29 09:23:18.500,22965.0000,8,0,0.0000,0.0000,0,0,多换,B,22645.0000,0.0000,0.0000,0.0000,0.0000,22885.0000,0.0000,0.0000,0.0000,0.0000,1,0,0,0,0,1,0,0,0,0
sc,ru1306,2012-06-29 09:23:21.500,22965.0000,8,0,0.0000,0.0000,0,0,多换,B,22695.0000,0.0000,0.0000,0.0000,0.0000,22885.0000,0.0000,0.0000,0.0000,0.0000,1,0,0,0,0,1,0,0,0,0
sc,ru1306,2012-06-29 09:23:22.000,22965.0000,8,0,0.0000,0.0000,0,0,多换,B,22700.0000,0.0000,0.0000,0.0000,0.0000,22885.0000,0.0000,0.0000,0.0000,0.0000,1,0,0,0,0,1,0,0,0,0
sc,ru1306,2012-06-29 09:23:22.500,22965.0000,8,0,0.0000,0.0000,0,0,多换,B,22700.0000,0.0000,0.0000,0.0000,0.0000,22885.0000,0.0000,0.0000,0.0000,0.0000,1,0,0,0,0,1,0,0,0,0
sc,ru1306,2012-06-29 09:23:24.500,22965.0000,8,0,0.0000,0.0000,0,0,多换,B,22700.0000,0.0000,0.0000,0.0000,0.0000,22885.0000,0.0000,0.0000,0.0000,0.0000,1,0,0,0,0,1,0,0,0,0
sc,ru1306,2012-06-29 09:23:25.500,22965.0000,8,0,0.0000,0.0000,0,0,多换,B,22725.0000,0.0000,0.0000,0.0000,0.0000,22885.0000,0.0000,0.0000,0.0000,0.0000,1,0,0,0,0,1,0,0,0,0
sc,ru1306,2012-06-29 09:23:26.000,22965.0000,8,0,0.0000,0.0000,0,0,多换,B,22730.0000,0.0000,0.0000,0.0000,0.0000,22885.0000,0.0000,0.0000,0.0000,0.0000,1,0,0,0,0,1,0,0,0,0
sc,ru1306,2012-06-29 09:23:26.500,22965.0000,8,0,0.0000,0.0000,0,0,多换,B,22730.0000,0.0000,0.0000,0.0000,0.0000,22885.0000,0.0000,0.0000,0.0000,0.0000,1,0,0,0,0,1,0,0,0,0
sc,ru1306,2012-06-29 09:23:34.500,22965.0000,8,0,0.0000,0.0000,0,0,多换,B,22750.0000,0.0000,0.0000,0.0000,0.0000,22885.0000,0.0000,0.0000,0.0000,0.0000,1,0,0,0,0,1,0,0,0,0
sc,ru1306,2012-06-29 09:23:35.000,22965.0000,8,0,0.0000,0.0000,0,0,多换,B,22755.0000,0.0000,0.0000,0.0000,0.0000,22885.0000,0.0000,0.0000,0.0000,0.0000,1,0,0,0,0,1,0,0,0,0
sc,ru1306,2012-06-29 09:23:36.000,22965.0000,8,0,0.0000,0.0000,0,0,多换,B,22755.0000,0.0000,0.0000,0.0000,0.0000,22885.0000,0.0000,0.0000,0.0000,0.0000,1,0,0,0,0,1,0,0,0,0
sc,ru1306,2012-06-29 09:23:44.000,22965.0000,8,0,0.0000,0.0000,0,0,多换,B,22755.0000,0.0000,0.0000,0.0000,0.0000,23480.0000,0.0000,0.0000,0.0000,0.0000,1,0,0,0,0,1,0,0,0,0
sc,ru1306,2012-06-29 09:23:44.500,22965.0000,8,0,0.0000,0.0000,0,0,多换,B,22755.0000,0.0000,0.0000,0.0000,0.0000,23465.0000,0.0000,0.0000,0.0000,0.0000,1,0,0,0,0,4,0,0,0,0
sc,ru1306,2012-06-29 09:23:45.000,22965.0000,8,0,0.0000,0.0000,0,0,多换,B,22755.0000,0.0000,0.0000,0.0000,0.0000,23460.0000,0.0000,0.0000,0.0000,0.0000,1,0,0,0,0,1,0,0,0,0
sc,ru1306,2012-06-29 09:23:45.500,22965.0000,8,0,0.0000,0.0000,0,0,多换,B,22755.0000,0.0000,0.0000,0.0000,0.0000,23445.0000,0.0000,0.0000,0.0000,0.0000,1,0,0,0,0,4,0,0,0,0
sc,ru1306,2012-06-29 09:23:46.000,22965.0000,8,0,0.0000,0.0000,0,0,多换,B,22755.0000,0.0000,0.0000,0.0000,0.0000,23440.0000,0.0000,0.0000,0.0000,0.0000,1,0,0,0,0,1,0,0,0,0
sc,ru1306,2012-06-29 09:23:46.500,22965.0000,8,0,0.0000,0.0000,0,0,多换,B,22755.0000,0.0000,0.0000,0.0000,0.0000,23425.0000,0.0000,0.0000,0.0000,0.0000,1,0,0,0,0,4,0,0,0,0
sc,ru1306,2012-06-29 09:23:47.000,22965.0000,8,0,0.0000,0.0000,0,0,多换,B,22755.0000,0.0000,0.0000,0.0000,0.0000,23420.0000,0.0000,0.0000,0.0000,0.0000,1,0,0,0,0,1,0,0,0,0
sc,ru1306,2012-06-29 09:23:47.500,22965.0000,8,0,0.0000,0.0000,0,0,多换,B,22755.0000,0.0000,0.0000,0.0000,0.0000,23145.0000,0.0000,0.0000,0.0000,0.0000,1,0,0,0,0,1,0,0,0,0
