市场代码,合约代码,时间,最新,持仓,增仓,成交额,成交量,开仓,平仓,成交类型,方向,买一价,买二价,买三价,买四价,买五价,卖一价,卖二价,卖三价,卖四价,卖五价,买一量,买二量,买三量,买四量,买五量,卖一量,卖二量,卖三量,卖四量,卖五量
sc,ru1301,2012-06-29 07:36:29.500,22770.0000,15932,0,0.0000,0.0000,0,0,多换,B,0.0000,0.0000,0.0000,0.0000,0.0000,0.0000,0.0000,0.0000,0.0000,0.0000,0,0,0,0,0,0,0,0,0,0
sc,ru1301,2012-06-29 08:59:00.500,22565.0000,15958,26,19405900.0000,86.0000,56,30,空开,S,22555.0000,0.0000,0.0000,0.0000,0.0000,22595.0000,0.0000,0.0000,0.0000,0.0000,1,0,0,0,0,1,0,0,0,0
sc,ru1301,2012-06-29 09:00:00.500,22595.0000,15968,10,2710400.0000,12.0000,11,1,多开,B,22560.0000,0.0000,0.0000,0.0000,0.0000,22595.0000,0.0000,0.0000,0.0000,0.0000,2,0,0,0,0,6,0,0,0,0
sc,ru1301,2012-06-29 09:00:01.000,22565.0000,15950,-18,7221300.0000,32.0000,7,25,多平,S,22565.0000,0.0000,0.0000,0.0000,0.0000,22595.0000,0.0000,0.0000,0.0000,0.0000,8,0,0,0,0,4,0,0,0,0
sc,ru1301,2012-06-29 09:00:01.500,22565.0000,15952,2,451300.0000,2.0000,2,0,双开,S,22565.0000,0.0000,0.0000,0.0000,0.0000,22590.0000,0.0000,0.0000,0.0000,0.0000,6,0,0,0,0,3,0,0,0,0
sc,ru1301,2012-06-29 09:00:02.000,22565.0000,15956,4,3159700.0000,14.0000,9,5,空开,S,22565.0000,0.0000,0.0000,0.0000,0.0000,22590.0000,0.0000,0.0000,0.0000,0.0000,1,0,0,0,0,3,0,0,0,0
sc,ru1301,2012-06-29 09:00:02.500,22565.0000,15956,0,451300.0000,2.0000,1,1,空换,S,22570.0000,0.0000,0.0000,0.0000,0.0000,22590.0000,0.0000,0.0000,0.0000,0.0000,1,0,0,0,0,3,0,0,0,0
sc,ru1301,2012-06-29 09:00:03.000,22585.0000,15958,2,1354500.0000,6.0000,4,2,多开,B,22565.0000,0.0000,0.0000,0.0000,0.0000,22585.0000,0.0000,0.0000,0.0000,0.0000,1,0,0,0,0,2,0,0,0,0
sc,ru1301,2012-06-29 09:00:03.500,22560.0000,15958,0,1353800.0000,6.0000,3,3,空换,S,22560.0000,0.0000,0.0000,0.0000,0.0000,22565.0000,0.0000,0.0000,0.0000,0.0000,2,0,0,0,0,2,0,0,0,0
sc,ru1301,2012-06-29 09:00:04.000,22565.0000,15960,2,451300.0000,2.0000,2,0,双开,B,22560.0000,0.0000,0.0000,0.0000,0.0000,22580.0000,0.0000,0.0000,0.0000,0.0000,2,0,0,0,0,1,0,0,0,0
sc,ru1301,2012-06-29 09:00:04.500,22580.0000,15962,2,2707700.0000,12.0000,7,5,多开,B,22555.0000,0.0000,0.0000,0.0000,0.0000,22560.0000,0.0000,0.0000,0.0000,0.0000,5,0,0,0,0,1,0,0,0,0
sc,ru1301,2012-06-29 09:00:05.000,22555.0000,15960,-2,1354300.0000,6.0000,2,4,多平,S,22555.0000,0.0000,0.0000,0.0000,0.0000,22560.0000,0.0000,0.0000,0.0000,0.0000,4,0,0,0,0,1,0,0,0,0
sc,ru1301,2012-06-29 09:00:05.500,22555.0000,15960,0,2707100.0000,12.0000,6,6,空换,S,22555.0000,0.0000,0.0000,0.0000,0.0000,22560.0000,0.0000,0.0000,0.0000,0.0000,3,0,0,0,0,1,0,0,0,0
sc,ru1301,2012-06-29 09:00:06.500,22560.0000,15962,2,451200.0000,2.0000,2,0,双开,B,22555.0000,0.0000,0.0000,0.0000,0.0000,22560.0000,0.0000,0.0000,0.0000,0.0000,3,0,0,0,0,1,0,0,0,0
sc,ru1301,2012-06-29 09:00:07.000,22555.0000,15958,-4,1804500.0000,8.0000,2,6,多平,S,22550.0000,0.0000,0.0000,0.0000,0.0000,22555.0000,0.0000,0.0000,0.0000,0.0000,12,0,0,0,0,5,0,0,0,0
sc,ru1301,2012-06-29 09:00:07.500,22555.0000,15958,0,451100.0000,2.0000,1,1,空换,S,22550.0000,0.0000,0.0000,0.0000,0.0000,22555.0000,0.0000,0.0000,0.0000,0.0000,12,0,0,0,0,4,0,0,0,0
sc,ru1301,2012-06-29 09:00:08.000,22555.0000,15954,-4,1353300.0000,6.0000,1,5,多平,S,22550.0000,0.0000,0.0000,0.0000,0.0000,22565.0000,0.0000,0.0000,0.0000,0.0000,12,0,0,0,0,1,0,0,0,0
sc,ru1301,2012-06-29 09:00:08.500,22555.0000,15954,0,0.0000,0.0000,0,0,空换,S,22550.0000,0.0000,0.0000,0.0000,0.0000,22565.0000,0.0000,0.0000,0.0000,0.0000,12,0,0,0,0,1,0,0,0,0
sc,ru1301,2012-06-29 09:00:09.000,22565.0000,15956,2,902300.0000,4.0000,3,1,多开,B,22550.0000,0.0000,0.0000,0.0000,0.0000,22585.0000,0.0000,0.0000,0.0000,0.0000,11,0,0,0,0,1,0,0,0,0
sc,ru1301,2012-06-29 09:00:09.500,22565.0000,15954,-2,451300.0000,2.0000,0,2,双平,B,22565.0000,0.0000,0.0000,0.0000,0.0000,22580.0000,0.0000,0.0000,0.0000,0.0000,6,0,0,0,0,3,0,0,0,0
sc,ru1301,2012-06-29 09:00:10.000,22565.0000,15954,0,0.0000,0.0000,0,0,多换,B,22565.0000,0.0000,0.0000,0.0000,0.0000,22575.0000,0.0000,0.0000,0.0000,0.0000,7,0,0,0,0,1,0,0,0,0
sc,ru1301,2012-06-29 09:00:10.500,22575.0000,15954,0,451500.0000,2.0000,1,1,多换,B,22565.0000,0.0000,0.0000,0.0000,0.0000,22570.0000,0.0000,0.0000,0.0000,0.0000,7,0,0,0,0,1,0,0,0,0
sc,ru1301,2012-06-29 09:00:11.000,22570.0000,15954,0,1354000.0000,6.0000,3,3,空换,S,22570.0000,0.0000,0.0000,0.0000,0.0000,22585.0000,0.0000,0.0000,0.0000,0.0000,10,0,0,0,0,1,0,0,0,0
sc,ru1301,2012-06-29 09:00:11.500,22570.0000,15954,0,0.0000,0.0000,0,0,空换,S,22580.0000,0.0000,0.0000,0.0000,0.0000,22585.0000,0.0000,0.0000,0.0000,0.0000,5,0,0,0,0,1,0,0,0,0
sc,ru1301,2012-06-29 09:00:12.000,22585.0000,15954,0,903300.0000,4.0000,2,2,多换,B,22580.0000,0.0000,0.0000,0.0000,0.0000,22590.0000,0.0000,0.0000,0.0000,0.0000,4,0,0,0,0,7,0,0,0,0
sc,ru1301,2012-06-29 09:00:12.500,22585.0000,15954,0,451700.0000,2.0000,1,1,多换,B,22585.0000,0.0000,0.0000,0.0000,0.0000,22590.0000,0.0000,0.0000,0.0000,0.0000,1,0,0,0,0,7,0,0,0,0
sc,ru1301,2012-06-29 09:00:13.000,22580.0000,15954,0,2258100.0000,10.0000,5,5,空换,S,22575.0000,0.0000,0.0000,0.0000,0.0000,22590.0000,0.0000,0.0000,0.0000,0.0000,2,0,0,0,0,7,0,0,0,0
sc,ru1301,2012-06-29 09:00:13.500,22570.0000,15948,-6,1805800.0000,8.0000,1,7,多平,S,22580.0000,0.0000,0.0000,0.0000,0.0000,22590.0000,0.0000,0.0000,0.0000,0.0000,1,0,0,0,0,7,0,0,0,0
sc,ru1301,2012-06-29 09:00:14.000,22590.0000,15948,0,903200.0000,4.0000,2,2,多换,B,22570.0000,0.0000,0.0000,0.0000,0.0000,22590.0000,0.0000,0.0000,0.0000,0.0000,8,0,0,0,0,6,0,0,0,0
sc,ru1301,2012-06-29 09:00:14.500,22590.0000,15948,0,0.0000,0.0000,0,0,多换,B,22570.0000,0.0000,0.0000,0.0000,0.0000,22585.0000,0.0000,0.0000,0.0000,0.0000,8,0,0,0,0,2,0,0,0,0
sc,ru1301,2012-06-29 09:00:15.000,22585.0000,15950,2,451700.0000,2.0000,2,0,双开,S,22575.0000,0.0000,0.0000,0.0000,0.0000,22585.0000,0.0000,0.0000,0.0000,0.0000,1,0,0,0,0,2,0,0,0,0
sc,ru1301,2012-06-29 09:00:15.500,22585.0000,15950,0,0.0000,0.0000,0,0,空换,S,22575.0000,0.0000,0.0000,0.0000,0.0000,22585.0000,0.0000,0.0000,0.0000,0.0000,1,0,0,0,0,3,0,0,0,0
sc,ru1301,2012-06-29 09:00:16.000,22585.0000,15950,0,451700.0000,2.0000,1,1,空换,S,22570.0000,0.0000,0.0000,0.0000,0.0000,22585.0000,0.0000,0.0000,0.0000,0.0000,8,0,0,0,0,12,0,0,0,0
sc,ru1301,2012-06-29 09:00:16.500,22585.0000,15948,-2,903200.0000,4.0000,1,3,多平,S,22575.0000,0.0000,0.0000,0.0000,0.0000,22585.0000,0.0000,0.0000,0.0000,0.0000,1,0,0,0,0,11,0,0,0,0
sc,ru1301,2012-06-29 09:00:17.000,22585.0000,15948,0,903400.0000,4.0000,2,2,空换,S,22575.0000,0.0000,0.0000,0.0000,0.0000,22585.0000,0.0000,0.0000,0.0000,0.0000,1,0,0,0,0,9,0,0,0,0
sc,ru1301,2012-06-29 09:00:18.000,22575.0000,15948,0,451500.0000,2.0000,1,1,空换,S,22570.0000,0.0000,0.0000,0.0000,0.0000,22575.0000,0.0000,0.0000,0.0000,0.0000,9,0,0,0,0,2,0,0,0,0
sc,ru1301,2012-06-29 09:00:18.500,22575.0000,15950,2,451500.0000,2.0000,2,0,双开,S,22570.0000,0.0000,0.0000,0.0000,0.0000,22575.0000,0.0000,0.0000,0.0000,0.0000,9,0,0,0,0,1,0,0,0,0
sc,ru1301,2012-06-29 09:00:19.000,22575.0000,15950,0,0.0000,0.0000,0,0,空换,S,22570.0000,0.0000,0.0000,0.0000,0.0000,22575.0000,0.0000,0.0000,0.0000,0.0000,9,0,0,0,0,1,0,0,0,0
sc,ru1301,2012-06-29 09:00:19.500,22580.0000,15950,0,903100.0000,4.0000,2,2,多换,B,22570.0000,0.0000,0.0000,0.0000,0.0000,22585.0000,0.0000,0.0000,0.0000,0.0000,9,0,0,0,0,9,0,0,0,0
sc,ru1301,2012-06-29 09:00:20.500,22570.0000,15950,0,1354200.0000,6.0000,3,3,空换,S,22570.0000,0.0000,0.0000,0.0000,0.0000,22575.0000,0.0000,0.0000,0.0000,0.0000,6,0,0,0,0,5,0,0,0,0
sc,ru1301,2012-06-29 09:00:21.000,22570.0000,15940,-10,3159900.0000,14.0000,2,12,多平,S,22565.0000,0.0000,0.0000,0.0000,0.0000,22575.0000,0.0000,0.0000,0.0000,0.0000,8,0,0,0,0,4,0,0,0,0
sc,ru1301,2012-06-29 09:00:21.500,22570.0000,15940,0,0.0000,0.0000,0,0,空换,S,22565.0000,0.0000,0.0000,0.0000,0.0000,22575.0000,0.0000,0.0000,0.0000,0.0000,8,0,0,0,0,6,0,0,0,0
sc,ru1301,2012-06-29 09:00:22.000,22565.0000,15942,2,1354000.0000,6.0000,4,2,空开,S,22565.0000,0.0000,0.0000,0.0000,0.0000,22570.0000,0.0000,0.0000,0.0000,0.0000,6,0,0,0,0,13,0,0,0,0
sc,ru1301,2012-06-29 09:00:22.500,22565.0000,15942,0,902600.0000,4.0000,2,2,空换,S,22565.0000,0.0000,0.0000,0.0000,0.0000,22570.0000,0.0000,0.0000,0.0000,0.0000,4,0,0,0,0,13,0,0,0,0
sc,ru1301,2012-06-29 09:00:23.000,22570.0000,15948,6,1354200.0000,6.0000,6,0,双开,B,22565.0000,0.0000,0.0000,0.0000,0.0000,22570.0000,0.0000,0.0000,0.0000,0.0000,4,0,0,0,0,10,0,0,0,0
sc,ru1301,2012-06-29 09:00:23.500,22565.0000,15948,0,451300.0000,2.0000,1,1,空换,S,22565.0000,0.0000,0.0000,0.0000,0.0000,22570.0000,0.0000,0.0000,0.0000,0.0000,3,0,0,0,0,10,0,0,0,0
sc,ru1301,2012-06-29 09:00:24.000,22565.0000,15948,0,0.0000,0.0000,0,0,空换,S,22565.0000,0.0000,0.0000,0.0000,0.0000,22570.0000,0.0000,0.0000,0.0000,0.0000,3,0,0,0,0,10,0,0,0,0
sc,ru1301,2012-06-29 09:00:24.500,22565.0000,15946,-2,1805200.0000,8.0000,3,5,多平,S,22560.0000,0.0000,0.0000,0.0000,0.0000,22565.0000,0.0000,0.0000,0.0000,0.0000,1,0,0,0,0,6,0,0,0,0
sc,ru1301,2012-06-29 09:00:25.500,22560.0000,15946,0,451200.0000,2.0000,1,1,空换,S,22555.0000,0.0000,0.0000,0.0000,0.0000,22565.0000,0.0000,0.0000,0.0000,0.0000,2,0,0,0,0,6,0,0,0,0
sc,ru1301,2012-06-29 09:00:26.000,22560.0000,15946,0,0.0000,0.0000,0,0,空换,S,22555.0000,0.0000,0.0000,0.0000,0.0000,22565.0000,0.0000,0.0000,0.0000,0.0000,2,0,0,0,0,6,0,0,0,0
sc,ru1301,2012-06-29 09:00:26.500,22565.0000,15946,0,451300.0000,2.0000,1,1,多换,B,22560.0000,0.0000,0.0000,0.0000,0.0000,22565.0000,0.0000,0.0000,0.0000,0.0000,1,0,0,0,0,5,0,0,0,0
sc,ru1301,2012-06-29 09:00:27.000,22565.0000,15944,-2,2256500.0000,10.0000,4,6,空平,B,22565.0000,0.0000,0.0000,0.0000,0.0000,22570.0000,0.0000,0.0000,0.0000,0.0000,10,0,0,0,0,10,0,0,0,0
sc,ru1301,2012-06-29 09:00:27.500,22565.0000,15946,2,1354000.0000,6.0000,4,2,多开,B,22565.0000,0.0000,0.0000,0.0000,0.0000,22570.0000,0.0000,0.0000,0.0000,0.0000,8,0,0,0,0,9,0,0,0,0
sc,ru1301,2012-06-29 09:00:28.000,22570.0000,15948,2,451400.0000,2.0000,2,0,双开,B,22565.0000,0.0000,0.0000,0.0000,0.0000,22570.0000,0.0000,0.0000,0.0000,0.0000,8,0,0,0,0,8,0,0,0,0
sc,ru1301,2012-06-29 09:00:28.500,22565.0000,15944,-4,902600.0000,4.0000,0,4,双平,S,22565.0000,0.0000,0.0000,0.0000,0.0000,22570.0000,0.0000,0.0000,0.0000,0.0000,6,0,0,0,0,8,0,0,0,0
sc,ru1301,2012-06-29 09:00:29.000,22570.0000,15946,2,451400.0000,2.0000,2,0,双开,B,22565.0000,0.0000,0.0000,0.0000,0.0000,22570.0000,0.0000,0.0000,0.0000,0.0000,6,0,0,0,0,7,0,0,0,0
sc,ru1301,2012-06-29 09:00:29.500,22565.0000,15946,0,451300.0000,2.0000,1,1,空换,S,22565.0000,0.0000,0.0000,0.0000,0.0000,22570.0000,0.0000,0.0000,0.0000,0.0000,5,0,0,0,0,7,0,0,0,0
sc,ru1301,2012-06-29 09:00:30.000,22570.0000,15948,2,451400.0000,2.0000,2,0,双开,B,22565.0000,0.0000,0.0000,0.0000,0.0000,22570.0000,0.0000,0.0000,0.0000,0.0000,5,0,0,0,0,10,0,0,0,0
sc,ru1301,2012-06-29 09:00:30.500,22570.0000,15948,0,451400.0000,2.0000,1,1,多换,B,22565.0000,0.0000,0.0000,0.0000,0.0000,22570.0000,0.0000,0.0000,0.0000,0.0000,5,0,0,0,0,9,0,0,0,0
sc,ru1301,2012-06-29 09:00:31.000,22565.0000,15950,2,2707800.0000,12.0000,7,5,空开,S,22555.0000,0.0000,0.0000,0.0000,0.0000,22570.0000,0.0000,0.0000,0.0000,0.0000,4,0,0,0,0,9,0,0,0,0
sc,ru1301,2012-06-29 09:00:31.500,22555.0000,15954,4,902200.0000,4.0000,4,0,双开,S,22555.0000,0.0000,0.0000,0.0000,0.0000,22570.0000,0.0000,0.0000,0.0000,0.0000,3,0,0,0,0,9,0,0,0,0
sc,ru1301,2012-06-29 09:00:32.000,22555.0000,15954,0,0.0000,0.0000,0,0,空换,S,22560.0000,0.0000,0.0000,0.0000,0.0000,22565.0000,0.0000,0.0000,0.0000,0.0000,1,0,0,0,0,20,0,0,0,0
sc,ru1301,2012-06-29 09:00:32.500,22555.0000,15954,0,0.0000,0.0000,0,0,空换,S,22560.0000,0.0000,0.0000,0.0000,0.0000,22565.0000,0.0000,0.0000,0.0000,0.0000,1,0,0,0,0,20,0,0,0,0
sc,ru1301,2012-06-29 09:00:33.500,22560.0000,15954,0,451200.0000,2.0000,1,1,多换,B,22555.0000,0.0000,0.0000,0.0000,0.0000,22560.0000,0.0000,0.0000,0.0000,0.0000,2,0,0,0,0,4,0,0,0,0
sc,ru1301,2012-06-29 09:00:34.000,22560.0000,15954,0,0.0000,0.0000,0,0,多换,B,22555.0000,0.0000,0.0000,0.0000,0.0000,22560.0000,0.0000,0.0000,0.0000,0.0000,2,0,0,0,0,4,0,0,0,0
sc,ru1301,2012-06-29 09:00:34.500,22555.0000,15956,2,1353300.0000,6.0000,4,2,空开,S,22550.0000,0.0000,0.0000,0.0000,0.0000,22555.0000,0.0000,0.0000,0.0000,0.0000,3,0,0,0,0,4,0,0,0,0
sc,ru1301,2012-06-29 09:00:35.000,22555.0000,15958,2,451100.0000,2.0000,2,0,双开,S,22550.0000,0.0000,0.0000,0.0000,0.0000,22555.0000,0.0000,0.0000,0.0000,0.0000,3,0,0,0,0,3,0,0,0,0
sc,ru1301,2012-06-29 09:00:35.500,22555.0000,15958,0,0.0000,0.0000,0,0,空换,S,22550.0000,0.0000,0.0000,0.0000,0.0000,22555.0000,0.0000,0.0000,0.0000,0.0000,3,0,0,0,0,3,0,0,0,0
sc,ru1301,2012-06-29 09:00:36.000,22550.0000,15960,2,451000.0000,2.0000,2,0,双开,S,22550.0000,0.0000,0.0000,0.0000,0.0000,22555.0000,0.0000,0.0000,0.0000,0.0000,2,0,0,0,0,3,0,0,0,0
sc,ru1301,2012-06-29 09:00:36.500,22555.0000,15960,0,451100.0000,2.0000,1,1,多换,B,22550.0000,0.0000,0.0000,0.0000,0.0000,22555.0000,0.0000,0.0000,0.0000,0.0000,2,0,0,0,0,3,0,0,0,0
sc,ru1301,2012-06-29 09:00:37.000,22555.0000,15960,0,0.0000,0.0000,0,0,多换,B,22550.0000,0.0000,0.0000,0.0000,0.0000,22555.0000,0.0000,0.0000,0.0000,0.0000,2,0,0,0,0,3,0,0,0,0
sc,ru1301,2012-06-29 09:00:37.500,22555.0000,15960,0,0.0000,0.0000,0,0,多换,B,22550.0000,0.0000,0.0000,0.0000,0.0000,22555.0000,0.0000,0.0000,0.0000,0.0000,2,0,0,0,0,3,0,0,0,0
sc,ru1301,2012-06-29 09:00:38.500,22555.0000,15960,0,0.0000,0.0000,0,0,多换,B,22550.0000,0.0000,0.0000,0.0000,0.0000,22555.0000,0.0000,0.0000,0.0000,0.0000,2,0,0,0,0,3,0,0,0,0
sc,ru1301,2012-06-29 09:00:39.500,22550.0000,15964,4,1804000.0000,8.0000,6,2,空开,S,22540.0000,0.0000,0.0000,0.0000,0.0000,22555.0000,0.0000,0.0000,0.0000,0.0000,11,0,0,0,0,3,0,0,0,0
sc,ru1301,2012-06-29 09:00:40.000,22555.0000,15966,2,451100.0000,2.0000,2,0,双开,B,22540.0000,0.0000,0.0000,0.0000,0.0000,22555.0000,0.0000,0.0000,0.0000,0.0000,12,0,0,0,0,2,0,0,0,0
sc,ru1301,2012-06-29 09:00:40.500,22555.0000,15968,2,902200.0000,4.0000,3,1,多开,B,22545.0000,0.0000,0.0000,0.0000,0.0000,22560.0000,0.0000,0.0000,0.0000,0.0000,2,0,0,0,0,4,0,0,0,0
sc,ru1301,2012-06-29 09:00:41.000,22555.0000,15968,0,0.0000,0.0000,0,0,多换,B,22555.0000,0.0000,0.0000,0.0000,0.0000,22560.0000,0.0000,0.0000,0.0000,0.0000,1,0,0,0,0,4,0,0,0,0
sc,ru1301,2012-06-29 09:00:41.500,22555.0000,15968,0,451100.0000,2.0000,1,1,多换,B,22545.0000,0.0000,0.0000,0.0000,0.0000,22560.0000,0.0000,0.0000,0.0000,0.0000,2,0,0,0,0,4,0,0,0,0
sc,ru1301,2012-06-29 09:00:42.000,22555.0000,15968,0,0.0000,0.0000,0,0,多换,B,22545.0000,0.0000,0.0000,0.0000,0.0000,22560.0000,0.0000,0.0000,0.0000,0.0000,2,0,0,0,0,4,0,0,0,0
sc,ru1301,2012-06-29 09:00:42.500,22560.0000,15970,2,451200.0000,2.0000,2,0,双开,B,22545.0000,0.0000,0.0000,0.0000,0.0000,22560.0000,0.0000,0.0000,0.0000,0.0000,2,0,0,0,0,3,0,0,0,0
sc,ru1301,2012-06-29 09:00:43.500,22560.0000,15970,0,0.0000,0.0000,0,0,多换,B,22555.0000,0.0000,0.0000,0.0000,0.0000,22560.0000,0.0000,0.0000,0.0000,0.0000,2,0,0,0,0,3,0,0,0,0
sc,ru1301,2012-06-29 09:00:44.500,22555.0000,15972,2,902200.0000,4.0000,3,1,空开,S,22545.0000,0.0000,0.0000,0.0000,0.0000,22560.0000,0.0000,0.0000,0.0000,0.0000,2,0,0,0,0,3,0,0,0,0
sc,ru1301,2012-06-29 09:00:45.000,22555.0000,15972,0,0.0000,0.0000,0,0,空换,S,22555.0000,0.0000,0.0000,0.0000,0.0000,22560.0000,0.0000,0.0000,0.0000,0.0000,1,0,0,0,0,3,0,0,0,0
sc,ru1301,2012-06-29 09:00:45.500,22555.0000,15972,0,451100.0000,2.0000,1,1,空换,S,22545.0000,0.0000,0.0000,0.0000,0.0000,22560.0000,0.0000,0.0000,0.0000,0.0000,2,0,0,0,0,3,0,0,0,0
sc,ru1301,2012-06-29 09:00:46.000,22555.0000,15972,0,0.0000,0.0000,0,0,空换,S,22545.0000,0.0000,0.0000,0.0000,0.0000,22560.0000,0.0000,0.0000,0.0000,0.0000,2,0,0,0,0,4,0,0,0,0
sc,ru1301,2012-06-29 09:00:46.500,22555.0000,15972,0,0.0000,0.0000,0,0,空换,S,22545.0000,0.0000,0.0000,0.0000,0.0000,22555.0000,0.0000,0.0000,0.0000,0.0000,2,0,0,0,0,2,0,0,0,0
sc,ru1301,2012-06-29 09:00:47.000,22555.0000,15972,0,0.0000,0.0000,0,0,空换,S,22545.0000,0.0000,0.0000,0.0000,0.0000,22555.0000,0.0000,0.0000,0.0000,0.0000,3,0,0,0,0,2,0,0,0,0
sc,ru1301,2012-06-29 09:00:48.000,22555.0000,15972,0,0.0000,0.0000,0,0,空换,S,22550.0000,0.0000,0.0000,0.0000,0.0000,22555.0000,0.0000,0.0000,0.0000,0.0000,1,0,0,0,0,2,0,0,0,0
sc,ru1301,2012-06-29 09:00:49.000,22550.0000,15970,-2,451000.0000,2.0000,0,2,双平,S,22545.0000,0.0000,0.0000,0.0000,0.0000,22550.0000,0.0000,0.0000,0.0000,0.0000,3,0,0,0,0,1,0,0,0,0
sc,ru1301,2012-06-29 09:00:49.500,22545.0000,15972,2,2254800.0000,10.0000,6,4,空开,S,22540.0000,0.0000,0.0000,0.0000,0.0000,22545.0000,0.0000,0.0000,0.0000,0.0000,12,0,0,0,0,2,0,0,0,0
sc,ru1301,2012-06-29 09:00:50.500,22545.0000,15972,0,901800.0000,4.0000,2,2,空换,S,22540.0000,0.0000,0.0000,0.0000,0.0000,22550.0000,0.0000,0.0000,0.0000,0.0000,12,0,0,0,0,5,0,0,0,0
sc,ru1301,2012-06-29 09:00:51.000,22545.0000,15972,0,2254100.0000,10.0000,5,5,空换,S,22540.0000,0.0000,0.0000,0.0000,0.0000,22550.0000,0.0000,0.0000,0.0000,0.0000,8,0,0,0,0,5,0,0,0,0
sc,ru1301,2012-06-29 09:00:51.500,22540.0000,15974,2,450800.0000,2.0000,2,0,双开,S,22535.0000,0.0000,0.0000,0.0000,0.0000,22545.0000,0.0000,0.0000,0.0000,0.0000,13,0,0,0,0,1,0,0,0,0
sc,ru1301,2012-06-29 09:00:52.000,22540.0000,15974,0,0.0000,0.0000,0,0,空换,S,22535.0000,0.0000,0.0000,0.0000,0.0000,22545.0000,0.0000,0.0000,0.0000,0.0000,13,0,0,0,0,1,0,0,0,0
sc,ru1301,2012-06-29 09:00:52.500,22540.0000,15974,0,0.0000,0.0000,0,0,空换,S,22540.0000,0.0000,0.0000,0.0000,0.0000,22545.0000,0.0000,0.0000,0.0000,0.0000,1,0,0,0,0,1,0,0,0,0
sc,ru1301,2012-06-29 09:00:53.000,22535.0000,15990,16,4056500.0000,18.0000,17,1,空开,S,22535.0000,0.0000,0.0000,0.0000,0.0000,22545.0000,0.0000,0.0000,0.0000,0.0000,6,0,0,0,0,1,0,0,0,0
sc,ru1301,2012-06-29 09:00:53.500,22535.0000,15990,0,0.0000,0.0000,0,0,空换,S,22535.0000,0.0000,0.0000,0.0000,0.0000,22545.0000,0.0000,0.0000,0.0000,0.0000,7,0,0,0,0,1,0,0,0,0
sc,ru1301,2012-06-29 09:00:54.000,22535.0000,15990,0,0.0000,0.0000,0,0,空换,S,22535.0000,0.0000,0.0000,0.0000,0.0000,22540.0000,0.0000,0.0000,0.0000,0.0000,6,0,0,0,0,1,0,0,0,0
sc,ru1301,2012-06-29 09:00:54.500,22535.0000,15990,0,0.0000,0.0000,0,0,空换,S,22535.0000,0.0000,0.0000,0.0000,0.0000,22540.0000,0.0000,0.0000,0.0000,0.0000,6,0,0,0,0,1,0,0,0,0
sc,ru1301,2012-06-29 09:00:55.000,22540.0000,15988,-2,450800.0000,2.0000,0,2,双平,B,22535.0000,0.0000,0.0000,0.0000,0.0000,22545.0000,0.0000,0.0000,0.0000,0.0000,6,0,0,0,0,4,0,0,0,0
sc,ru1301,2012-06-29 09:00:56.000,22535.0000,15988,0,450700.0000,2.0000,1,1,空换,S,22535.0000,0.0000,0.0000,0.0000,0.0000,22545.0000,0.0000,0.0000,0.0000,0.0000,5,0,0,0,0,4,0,0,0,0
sc,ru1301,2012-06-29 09:00:56.500,22535.0000,15988,0,0.0000,0.0000,0,0,空换,S,22535.0000,0.0000,0.0000,0.0000,0.0000,22545.0000,0.0000,0.0000,0.0000,0.0000,5,0,0,0,0,4,0,0,0,0
sc,ru1301,2012-06-29 09:00:57.000,22535.0000,15988,0,0.0000,0.0000,0,0,空换,S,22535.0000,0.0000,0.0000,0.0000,0.0000,22545.0000,0.0000,0.0000,0.0000,0.0000,5,0,0,0,0,4,0,0,0,0
sc,ru1301,2012-06-29 09:00:58.000,22535.0000,15988,0,0.0000,0.0000,0,0,空换,S,22535.0000,0.0000,0.0000,0.0000,0.0000,22545.0000,0.0000,0.0000,0.0000,0.0000,5,0,0,0,0,4,0,0,0,0
sc,ru1301,2012-06-29 09:00:58.500,22535.0000,15988,0,450700.0000,2.0000,1,1,空换,S,22540.0000,0.0000,0.0000,0.0000,0.0000,22545.0000,0.0000,0.0000,0.0000,0.0000,1,0,0,0,0,4,0,0,0,0
sc,ru1301,2012-06-29 09:00:59.000,22535.0000,15994,6,2253500.0000,10.0000,8,2,空开,S,22530.0000,0.0000,0.0000,0.0000,0.0000,22540.0000,0.0000,0.0000,0.0000,0.0000,1,0,0,0,0,1,0,0,0,0
sc,ru1301,2012-06-29 09:00:59.500,22535.0000,15994,0,0.0000,0.0000,0,0,空换,S,22530.0000,0.0000,0.0000,0.0000,0.0000,22535.0000,0.0000,0.0000,0.0000,0.0000,1,0,0,0,0,4,0,0,0,0
sc,ru1301,2012-06-29 09:01:00.000,22530.0000,15994,0,450600.0000,2.0000,1,1,空换,S,22525.0000,0.0000,0.0000,0.0000,0.0000,22535.0000,0.0000,0.0000,0.0000,0.0000,11,0,0,0,0,4,0,0,0,0
sc,ru1301,2012-06-29 09:01:00.500,22545.0000,15998,4,2704500.0000,12.0000,8,4,多开,B,22535.0000,0.0000,0.0000,0.0000,0.0000,22545.0000,0.0000,0.0000,0.0000,0.0000,6,0,0,0,0,3,0,0,0,0
sc,ru1301,2012-06-29 09:01:01.000,22535.0000,16002,4,901400.0000,4.0000,4,0,双开,S,22535.0000,0.0000,0.0000,0.0000,0.0000,22545.0000,0.0000,0.0000,0.0000,0.0000,4,0,0,0,0,3,0,0,0,0
sc,ru1301,2012-06-29 09:01:01.500,22535.0000,16004,2,2253300.0000,10.0000,6,4,空开,S,22525.0000,0.0000,0.0000,0.0000,0.0000,22545.0000,0.0000,0.0000,0.0000,0.0000,11,0,0,0,0,3,0,0,0,0
sc,ru1301,2012-06-29 09:01:02.000,22535.0000,16002,-2,450700.0000,2.0000,0,2,双平,S,22525.0000,0.0000,0.0000,0.0000,0.0000,22540.0000,0.0000,0.0000,0.0000,0.0000,10,0,0,0,0,1,0,0,0,0
sc,ru1301,2012-06-29 09:01:02.500,22535.0000,16002,0,0.0000,0.0000,0,0,空换,S,22530.0000,0.0000,0.0000,0.0000,0.0000,22540.0000,0.0000,0.0000,0.0000,0.0000,1,0,0,0,0,1,0,0,0,0
sc,ru1301,2012-06-29 09:01:03.000,22540.0000,16008,6,3155800.0000,14.0000,10,4,多开,B,22530.0000,0.0000,0.0000,0.0000,0.0000,22545.0000,0.0000,0.0000,0.0000,0.0000,1,0,0,0,0,1,0,0,0,0
sc,ru1301,2012-06-29 09:01:03.500,22545.0000,16008,0,450900.0000,2.0000,1,1,多换,B,22535.0000,0.0000,0.0000,0.0000,0.0000,22550.0000,0.0000,0.0000,0.0000,0.0000,1,0,0,0,0,1,0,0,0,0
sc,ru1301,2012-06-29 09:01:04.000,22545.0000,16008,0,0.0000,0.0000,0,0,多换,B,22535.0000,0.0000,0.0000,0.0000,0.0000,22550.0000,0.0000,0.0000,0.0000,0.0000,1,0,0,0,0,1,0,0,0,0
sc,ru1301,2012-06-29 09:01:04.500,22540.0000,16010,2,450800.0000,2.0000,2,0,双开,S,22535.0000,0.0000,0.0000,0.0000,0.0000,22550.0000,0.0000,0.0000,0.0000,0.0000,1,0,0,0,0,1,0,0,0,0
sc,ru1301,2012-06-29 09:01:05.000,22540.0000,16010,0,0.0000,0.0000,0,0,空换,S,22545.0000,0.0000,0.0000,0.0000,0.0000,22550.0000,0.0000,0.0000,0.0000,0.0000,4,0,0,0,0,1,0,0,0,0
sc,ru1301,2012-06-29 09:01:06.000,22540.0000,16010,0,0.0000,0.0000,0,0,空换,S,22545.0000,0.0000,0.0000,0.0000,0.0000,22550.0000,0.0000,0.0000,0.0000,0.0000,4,0,0,0,0,1,0,0,0,0
sc,ru1301,2012-06-29 09:01:06.500,22550.0000,16012,2,451000.0000,2.0000,2,0,双开,B,22545.0000,0.0000,0.0000,0.0000,0.0000,22555.0000,0.0000,0.0000,0.0000,0.0000,4,0,0,0,0,1,0,0,0,0
sc,ru1301,2012-06-29 09:01:07.000,22550.0000,16012,0,0.0000,0.0000,0,0,多换,B,22545.0000,0.0000,0.0000,0.0000,0.0000,22555.0000,0.0000,0.0000,0.0000,0.0000,4,0,0,0,0,1,0,0,0,0
sc,ru1301,2012-06-29 09:01:07.500,22550.0000,16012,0,0.0000,0.0000,0,0,多换,B,22545.0000,0.0000,0.0000,0.0000,0.0000,22555.0000,0.0000,0.0000,0.0000,0.0000,4,0,0,0,0,1,0,0,0,0
sc,ru1301,2012-06-29 09:01:08.000,22545.0000,16012,0,901800.0000,4.0000,2,2,空换,S,22545.0000,0.0000,0.0000,0.0000,0.0000,22555.0000,0.0000,0.0000,0.0000,0.0000,2,0,0,0,0,1,0,0,0,0
sc,ru1301,2012-06-29 09:01:08.500,22545.0000,16012,0,0.0000,0.0000,0,0,空换,S,22545.0000,0.0000,0.0000,0.0000,0.0000,22550.0000,0.0000,0.0000,0.0000,0.0000,2,0,0,0,0,1,0,0,0,0
sc,ru1301,2012-06-29 09:01:09.500,22545.0000,16014,2,450900.0000,2.0000,2,0,双开,S,22545.0000,0.0000,0.0000,0.0000,0.0000,22550.0000,0.0000,0.0000,0.0000,0.0000,1,0,0,0,0,1,0,0,0,0
sc,ru1301,2012-06-29 09:01:10.000,22545.0000,16014,0,0.0000,0.0000,0,0,空换,S,22550.0000,0.0000,0.0000,0.0000,0.0000,22555.0000,0.0000,0.0000,0.0000,0.0000,7,0,0,0,0,1,0,0,0,0
sc,ru1301,2012-06-29 09:01:10.500,22555.0000,16016,2,2254700.0000,10.0000,6,4,多开,B,22550.0000,0.0000,0.0000,0.0000,0.0000,22590.0000,0.0000,0.0000,0.0000,0.0000,3,0,0,0,0,1,0,0,0,0
sc,ru1301,2012-06-29 09:01:11.000,22555.0000,16016,0,0.0000,0.0000,0,0,多换,B,22550.0000,0.0000,0.0000,0.0000,0.0000,22585.0000,0.0000,0.0000,0.0000,0.0000,3,0,0,0,0,1,0,0,0,0
sc,ru1301,2012-06-29 09:01:11.500,22555.0000,16016,0,0.0000,0.0000,0,0,多换,B,22550.0000,0.0000,0.0000,0.0000,0.0000,22580.0000,0.0000,0.0000,0.0000,0.0000,3,0,0,0,0,3,0,0,0,0
sc,ru1301,2012-06-29 09:01:12.000,22555.0000,16016,0,0.0000,0.0000,0,0,多换,B,22550.0000,0.0000,0.0000,0.0000,0.0000,22575.0000,0.0000,0.0000,0.0000,0.0000,3,0,0,0,0,6,0,0,0,0
sc,ru1301,2012-06-29 09:01:12.500,22555.0000,16016,0,0.0000,0.0000,0,0,多换,B,22550.0000,0.0000,0.0000,0.0000,0.0000,22575.0000,0.0000,0.0000,0.0000,0.0000,4,0,0,0,0,6,0,0,0,0
sc,ru1301,2012-06-29 09:01:13.000,22555.0000,16016,0,0.0000,0.0000,0,0,多换,B,22550.0000,0.0000,0.0000,0.0000,0.0000,22570.0000,0.0000,0.0000,0.0000,0.0000,4,0,0,0,0,2,0,0,0,0
sc,ru1301,2012-06-29 09:01:13.500,22555.0000,16016,0,0.0000,0.0000,0,0,多换,B,22550.0000,0.0000,0.0000,0.0000,0.0000,22570.0000,0.0000,0.0000,0.0000,0.0000,4,0,0,0,0,2,0,0,0,0
sc,ru1301,2012-06-29 09:01:14.000,22555.0000,16016,0,0.0000,0.0000,0,0,多换,B,22550.0000,0.0000,0.0000,0.0000,0.0000,22565.0000,0.0000,0.0000,0.0000,0.0000,6,0,0,0,0,1,0,0,0,0
sc,ru1301,2012-06-29 09:01:14.500,22555.0000,16016,0,0.0000,0.0000,0,0,多换,B,22550.0000,0.0000,0.0000,0.0000,0.0000,22560.0000,0.0000,0.0000,0.0000,0.0000,7,0,0,0,0,2,0,0,0,0
sc,ru1301,2012-06-29 09:01:15.000,22550.0000,16016,0,451000.0000,2.0000,1,1,空换,S,22550.0000,0.0000,0.0000,0.0000,0.0000,22560.0000,0.0000,0.0000,0.0000,0.0000,6,0,0,0,0,2,0,0,0,0
sc,ru1301,2012-06-29 09:01:15.500,22550.0000,16016,0,0.0000,0.0000,0,0,空换,S,22550.0000,0.0000,0.0000,0.0000,0.0000,22560.0000,0.0000,0.0000,0.0000,0.0000,6,0,0,0,0,2,0,0,0,0
sc,ru1301,2012-06-29 09:01:16.000,22550.0000,16016,0,0.0000,0.0000,0,0,空换,S,22550.0000,0.0000,0.0000,0.0000,0.0000,22555.0000,0.0000,0.0000,0.0000,0.0000,6,0,0,0,0,2,0,0,0,0
sc,ru1301,2012-06-29 09:01:16.500,22555.0000,16018,2,4059300.0000,18.0000,10,8,多开,B,22555.0000,0.0000,0.0000,0.0000,0.0000,22560.0000,0.0000,0.0000,0.0000,0.0000,5,0,0,0,0,3,0,0,0,0
sc,ru1301,2012-06-29 09:01:17.000,22555.0000,16024,6,2706600.0000,12.0000,9,3,多开,B,22545.0000,0.0000,0.0000,0.0000,0.0000,22555.0000,0.0000,0.0000,0.0000,0.0000,2,0,0,0,0,3,0,0,0,0
sc,ru1301,2012-06-29 09:01:17.500,22555.0000,16024,0,0.0000,0.0000,0,0,多换,B,22550.0000,0.0000,0.0000,0.0000,0.0000,22555.0000,0.0000,0.0000,0.0000,0.0000,1,0,0,0,0,3,0,0,0,0
sc,ru1301,2012-06-29 09:01:18.000,22550.0000,16024,0,451000.0000,2.0000,1,1,空换,S,22545.0000,0.0000,0.0000,0.0000,0.0000,22550.0000,0.0000,0.0000,0.0000,0.0000,2,0,0,0,0,1,0,0,0,0
sc,ru1301,2012-06-29 09:01:18.500,22550.0000,16020,-4,902000.0000,4.0000,0,4,双平,S,22555.0000,0.0000,0.0000,0.0000,0.0000,22560.0000,0.0000,0.0000,0.0000,0.0000,8,0,0,0,0,1,0,0,0,0
sc,ru1301,2012-06-29 09:01:19.000,22555.0000,16014,-6,3608800.0000,16.0000,5,11,空平,B,22545.0000,0.0000,0.0000,0.0000,0.0000,22560.0000,0.0000,0.0000,0.0000,0.0000,2,0,0,0,0,1,0,0,0,0
sc,ru1301,2012-06-29 09:01:19.500,22555.0000,16014,0,0.0000,0.0000,0,0,多换,B,22550.0000,0.0000,0.0000,0.0000,0.0000,22560.0000,0.0000,0.0000,0.0000,0.0000,1,0,0,0,0,1,0,0,0,0
sc,ru1301,2012-06-29 09:01:20.000,22555.0000,16014,0,0.0000,0.0000,0,0,多换,B,22550.0000,0.0000,0.0000,0.0000,0.0000,22555.0000,0.0000,0.0000,0.0000,0.0000,1,0,0,0,0,1,0,0,0,0
sc,ru1301,2012-06-29 09:01:21.000,22550.0000,16016,2,451000.0000,2.0000,2,0,双开,S,22545.0000,0.0000,0.0000,0.0000,0.0000,22560.0000,0.0000,0.0000,0.0000,0.0000,3,0,0,0,0,1,0,0,0,0
sc,ru1301,2012-06-29 09:01:21.500,22560.0000,16020,4,902400.0000,4.0000,4,0,双开,B,22560.0000,0.0000,0.0000,0.0000,0.0000,22575.0000,0.0000,0.0000,0.0000,0.0000,3,0,0,0,0,1,0,0,0,0
sc,ru1301,2012-06-29 09:01:22.000,22560.0000,16020,0,0.0000,0.0000,0,0,多换,B,22560.0000,0.0000,0.0000,0.0000,0.0000,22575.0000,0.0000,0.0000,0.0000,0.0000,3,0,0,0,0,1,0,0,0,0
sc,ru1301,2012-06-29 09:01:22.500,22560.0000,16020,0,0.0000,0.0000,0,0,多换,B,22560.0000,0.0000,0.0000,0.0000,0.0000,22575.0000,0.0000,0.0000,0.0000,0.0000,3,0,0,0,0,1,0,0,0,0
sc,ru1301,2012-06-29 09:01:23.000,22560.0000,16022,2,902400.0000,4.0000,3,1,多开,B,22560.0000,0.0000,0.0000,0.0000,0.0000,22575.0000,0.0000,0.0000,0.0000,0.0000,1,0,0,0,0,1,0,0,0,0
sc,ru1301,2012-06-29 09:01:23.500,22560.0000,16024,2,451200.0000,2.0000,2,0,双开,B,22545.0000,0.0000,0.0000,0.0000,0.0000,22550.0000,0.0000,0.0000,0.0000,0.0000,3,0,0,0,0,2,0,0,0,0
sc,ru1301,2012-06-29 09:01:24.000,22560.0000,16024,0,0.0000,0.0000,0,0,多换,B,22545.0000,0.0000,0.0000,0.0000,0.0000,22550.0000,0.0000,0.0000,0.0000,0.0000,4,0,0,0,0,2,0,0,0,0
sc,ru1301,2012-06-29 09:01:24.500,22550.0000,16026,2,902100.0000,4.0000,3,1,空开,S,22550.0000,0.0000,0.0000,0.0000,0.0000,22575.0000,0.0000,0.0000,0.0000,0.0000,1,0,0,0,0,1,0,0,0,0
sc,ru1301,2012-06-29 09:01:25.000,22550.0000,16026,0,0.0000,0.0000,0,0,空换,S,22550.0000,0.0000,0.0000,0.0000,0.0000,22575.0000,0.0000,0.0000,0.0000,0.0000,2,0,0,0,0,1,0,0,0,0
sc,ru1301,2012-06-29 09:01:25.500,22550.0000,16026,0,0.0000,0.0000,0,0,空换,S,22550.0000,0.0000,0.0000,0.0000,0.0000,22570.0000,0.0000,0.0000,0.0000,0.0000,2,0,0,0,0,2,0,0,0,0
sc,ru1301,2012-06-29 09:01:26.000,22550.0000,16026,0,0.0000,0.0000,0,0,空换,S,22550.0000,0.0000,0.0000,0.0000,0.0000,22570.0000,0.0000,0.0000,0.0000,0.0000,2,0,0,0,0,2,0,0,0,0
sc,ru1301,2012-06-29 09:01:26.500,22550.0000,16026,0,0.0000,0.0000,0,0,空换,S,22550.0000,0.0000,0.0000,0.0000,0.0000,22565.0000,0.0000,0.0000,0.0000,0.0000,3,0,0,0,0,1,0,0,0,0
sc,ru1301,2012-06-29 09:01:27.000,22550.0000,16026,0,0.0000,0.0000,0,0,空换,S,22550.0000,0.0000,0.0000,0.0000,0.0000,22565.0000,0.0000,0.0000,0.0000,0.0000,3,0,0,0,0,1,0,0,0,0
sc,ru1301,2012-06-29 09:01:27.500,22565.0000,16024,-2,451300.0000,2.0000,0,2,双平,B,22550.0000,0.0000,0.0000,0.0000,0.0000,22570.0000,0.0000,0.0000,0.0000,0.0000,3,0,0,0,0,1,0,0,0,0
sc,ru1301,2012-06-29 09:01:28.000,22565.0000,16024,0,0.0000,0.0000,0,0,多换,B,22550.0000,0.0000,0.0000,0.0000,0.0000,22570.0000,0.0000,0.0000,0.0000,0.0000,3,0,0,0,0,1,0,0,0,0
sc,ru1301,2012-06-29 09:01:28.500,22570.0000,16026,2,451400.0000,2.0000,2,0,双开,B,22555.0000,0.0000,0.0000,0.0000,0.0000,22575.0000,0.0000,0.0000,0.0000,0.0000,1,0,0,0,0,2,0,0,0,0
sc,ru1301,2012-06-29 09:01:29.000,22570.0000,16026,0,0.0000,0.0000,0,0,多换,B,22550.0000,0.0000,0.0000,0.0000,0.0000,22570.0000,0.0000,0.0000,0.0000,0.0000,3,0,0,0,0,11,0,0,0,0
sc,ru1301,2012-06-29 09:01:29.500,22570.0000,16026,0,0.0000,0.0000,0,0,多换,B,22555.0000,0.0000,0.0000,0.0000,0.0000,22570.0000,0.0000,0.0000,0.0000,0.0000,2,0,0,0,0,11,0,0,0,0
sc,ru1301,2012-06-29 09:01:30.000,22570.0000,16026,0,0.0000,0.0000,0,0,多换,B,22555.0000,0.0000,0.0000,0.0000,0.0000,22570.0000,0.0000,0.0000,0.0000,0.0000,2,0,0,0,0,11,0,0,0,0
sc,ru1301,2012-06-29 09:01:30.500,22570.0000,16026,0,0.0000,0.0000,0,0,多换,B,22555.0000,0.0000,0.0000,0.0000,0.0000,22570.0000,0.0000,0.0000,0.0000,0.0000,2,0,0,0,0,11,0,0,0,0
sc,ru1301,2012-06-29 09:01:31.000,22570.0000,16026,0,0.0000,0.0000,0,0,多换,B,22555.0000,0.0000,0.0000,0.0000,0.0000,22570.0000,0.0000,0.0000,0.0000,0.0000,2,0,0,0,0,12,0,0,0,0
sc,ru1301,2012-06-29 09:01:31.500,22555.0000,16028,2,902200.0000,4.0000,3,1,空开,S,22550.0000,0.0000,0.0000,0.0000,0.0000,22555.0000,0.0000,0.0000,0.0000,0.0000,4,0,0,0,0,6,0,0,0,0
sc,ru1301,2012-06-29 09:01:32.000,22555.0000,16028,0,0.0000,0.0000,0,0,空换,S,22550.0000,0.0000,0.0000,0.0000,0.0000,22555.0000,0.0000,0.0000,0.0000,0.0000,5,0,0,0,0,6,0,0,0,0
sc,ru1301,2012-06-29 09:01:32.500,22555.0000,16028,0,451100.0000,2.0000,1,1,空换,S,22550.0000,0.0000,0.0000,0.0000,0.0000,22555.0000,0.0000,0.0000,0.0000,0.0000,5,0,0,0,0,5,0,0,0,0
sc,ru1301,2012-06-29 09:01:33.000,22555.0000,16026,-2,451100.0000,2.0000,0,2,双平,S,22550.0000,0.0000,0.0000,0.0000,0.0000,22555.0000,0.0000,0.0000,0.0000,0.0000,5,0,0,0,0,5,0,0,0,0
sc,ru1301,2012-06-29 09:01:33.500,22555.0000,16024,-2,902200.0000,4.0000,1,3,多平,S,22550.0000,0.0000,0.0000,0.0000,0.0000,22555.0000,0.0000,0.0000,0.0000,0.0000,5,0,0,0,0,5,0,0,0,0
sc,ru1301,2012-06-29 09:01:34.000,22555.0000,16022,-2,451100.0000,2.0000,0,2,双平,S,22550.0000,0.0000,0.0000,0.0000,0.0000,22555.0000,0.0000,0.0000,0.0000,0.0000,4,0,0,0,0,4,0,0,0,0
sc,ru1301,2012-06-29 09:01:34.500,22555.0000,16024,2,902200.0000,4.0000,3,1,空开,S,22550.0000,0.0000,0.0000,0.0000,0.0000,22555.0000,0.0000,0.0000,0.0000,0.0000,4,0,0,0,0,3,0,0,0,0
sc,ru1301,2012-06-29 09:01:35.000,22555.0000,16026,2,451100.0000,2.0000,2,0,双开,S,22550.0000,0.0000,0.0000,0.0000,0.0000,22555.0000,0.0000,0.0000,0.0000,0.0000,3,0,0,0,0,3,0,0,0,0
sc,ru1301,2012-06-29 09:01:36.500,22555.0000,16026,0,0.0000,0.0000,0,0,空换,S,22550.0000,0.0000,0.0000,0.0000,0.0000,22555.0000,0.0000,0.0000,0.0000,0.0000,3,0,0,0,0,3,0,0,0,0
sc,ru1301,2012-06-29 09:01:37.000,22555.0000,16026,0,0.0000,0.0000,0,0,空换,S,22550.0000,0.0000,0.0000,0.0000,0.0000,22555.0000,0.0000,0.0000,0.0000,0.0000,4,0,0,0,0,3,0,0,0,0
sc,ru1301,2012-06-29 09:01:37.500,22555.0000,16026,0,0.0000,0.0000,0,0,空换,S,22550.0000,0.0000,0.0000,0.0000,0.0000,22555.0000,0.0000,0.0000,0.0000,0.0000,6,0,0,0,0,3,0,0,0,0
sc,ru1301,2012-06-29 09:01:38.000,22555.0000,16026,0,0.0000,0.0000,0,0,空换,S,22550.0000,0.0000,0.0000,0.0000,0.0000,22555.0000,0.0000,0.0000,0.0000,0.0000,7,0,0,0,0,3,0,0,0,0
sc,ru1301,2012-06-29 09:01:38.500,22555.0000,16026,0,0.0000,0.0000,0,0,空换,S,22550.0000,0.0000,0.0000,0.0000,0.0000,22555.0000,0.0000,0.0000,0.0000,0.0000,7,0,0,0,0,3,0,0,0,0
sc,ru1301,2012-06-29 09:01:39.000,22555.0000,16028,2,451100.0000,2.0000,2,0,双开,S,22550.0000,0.0000,0.0000,0.0000,0.0000,22555.0000,0.0000,0.0000,0.0000,0.0000,7,0,0,0,0,2,0,0,0,0
sc,ru1301,2012-06-29 09:01:39.500,22555.0000,16030,2,451100.0000,2.0000,2,0,双开,S,22550.0000,0.0000,0.0000,0.0000,0.0000,22555.0000,0.0000,0.0000,0.0000,0.0000,7,0,0,0,0,1,0,0,0,0
sc,ru1301,2012-06-29 09:01:40.000,22555.0000,16030,0,0.0000,0.0000,0,0,空换,S,22550.0000,0.0000,0.0000,0.0000,0.0000,22555.0000,0.0000,0.0000,0.0000,0.0000,7,0,0,0,0,1,0,0,0,0
sc,ru1301,2012-06-29 09:01:41.500,22555.0000,16032,2,902100.0000,4.0000,3,1,空开,S,22555.0000,0.0000,0.0000,0.0000,0.0000,22570.0000,0.0000,0.0000,0.0000,0.0000,9,0,0,0,0,11,0,0,0,0
sc,ru1301,2012-06-29 09:01:42.000,22555.0000,16032,0,0.0000,0.0000,0,0,空换,S,22555.0000,0.0000,0.0000,0.0000,0.0000,22565.0000,0.0000,0.0000,0.0000,0.0000,9,0,0,0,0,1,0,0,0,0
sc,ru1301,2012-06-29 09:01:42.500,22555.0000,16032,0,0.0000,0.0000,0,0,空换,S,22555.0000,0.0000,0.0000,0.0000,0.0000,22565.0000,0.0000,0.0000,0.0000,0.0000,11,0,0,0,0,2,0,0,0,0
sc,ru1301,2012-06-29 09:01:43.000,22555.0000,16032,0,0.0000,0.0000,0,0,空换,S,22555.0000,0.0000,0.0000,0.0000,0.0000,22560.0000,0.0000,0.0000,0.0000,0.0000,11,0,0,0,0,1,0,0,0,0
sc,ru1301,2012-06-29 09:01:44.000,22555.0000,16032,0,0.0000,0.0000,0,0,空换,S,22555.0000,0.0000,0.0000,0.0000,0.0000,22560.0000,0.0000,0.0000,0.0000,0.0000,11,0,0,0,0,1,0,0,0,0
sc,ru1301,2012-06-29 09:01:44.500,22555.0000,16032,0,0.0000,0.0000,0,0,空换,S,22555.0000,0.0000,0.0000,0.0000,0.0000,22560.0000,0.0000,0.0000,0.0000,0.0000,11,0,0,0,0,2,0,0,0,0
sc,ru1301,2012-06-29 09:01:45.500,22555.0000,16032,0,0.0000,0.0000,0,0,空换,S,22555.0000,0.0000,0.0000,0.0000,0.0000,22560.0000,0.0000,0.0000,0.0000,0.0000,11,0,0,0,0,4,0,0,0,0
sc,ru1301,2012-06-29 09:01:46.000,22555.0000,16032,0,0.0000,0.0000,0,0,空换,S,22555.0000,0.0000,0.0000,0.0000,0.0000,22560.0000,0.0000,0.0000,0.0000,0.0000,12,0,0,0,0,4,0,0,0,0
sc,ru1301,2012-06-29 09:01:47.000,22555.0000,16032,0,451100.0000,2.0000,1,1,空换,S,22555.0000,0.0000,0.0000,0.0000,0.0000,22560.0000,0.0000,0.0000,0.0000,0.0000,11,0,0,0,0,4,0,0,0,0
sc,ru1301,2012-06-29 09:01:47.500,22555.0000,16034,2,451100.0000,2.0000,2,0,双开,S,22555.0000,0.0000,0.0000,0.0000,0.0000,22560.0000,0.0000,0.0000,0.0000,0.0000,10,0,0,0,0,4,0,0,0,0
sc,ru1301,2012-06-29 09:01:48.000,22560.0000,16032,-2,451200.0000,2.0000,0,2,双平,B,22555.0000,0.0000,0.0000,0.0000,0.0000,22560.0000,0.0000,0.0000,0.0000,0.0000,10,0,0,0,0,3,0,0,0,0
sc,ru1301,2012-06-29 09:01:50.000,22555.0000,16034,2,451100.0000,2.0000,2,0,双开,S,22555.0000,0.0000,0.0000,0.0000,0.0000,22560.0000,0.0000,0.0000,0.0000,0.0000,9,0,0,0,0,3,0,0,0,0
sc,ru1301,2012-06-29 09:01:50.500,22560.0000,16030,-4,1353600.0000,6.0000,1,5,空平,B,22555.0000,0.0000,0.0000,0.0000,0.0000,22565.0000,0.0000,0.0000,0.0000,0.0000,9,0,0,0,0,2,0,0,0,0
sc,ru1301,2012-06-29 09:01:51.500,22565.0000,16028,-2,902600.0000,4.0000,1,3,空平,B,22565.0000,0.0000,0.0000,0.0000,0.0000,22570.0000,0.0000,0.0000,0.0000,0.0000,3,0,0,0,0,31,0,0,0,0
sc,ru1301,2012-06-29 09:01:52.000,22565.0000,16028,0,1353900.0000,6.0000,3,3,多换,B,22555.0000,0.0000,0.0000,0.0000,0.0000,22565.0000,0.0000,0.0000,0.0000,0.0000,9,0,0,0,0,9,0,0,0,0
sc,ru1301,2012-06-29 09:01:52.500,22565.0000,16028,0,0.0000,0.0000,0,0,多换,B,22555.0000,0.0000,0.0000,0.0000,0.0000,22565.0000,0.0000,0.0000,0.0000,0.0000,10,0,0,0,0,6,0,0,0,0
sc,ru1301,2012-06-29 09:01:53.000,22565.0000,16028,0,0.0000,0.0000,0,0,多换,B,22555.0000,0.0000,0.0000,0.0000,0.0000,22565.0000,0.0000,0.0000,0.0000,0.0000,10,0,0,0,0,4,0,0,0,0
sc,ru1301,2012-06-29 09:01:53.500,22565.0000,16028,0,0.0000,0.0000,0,0,多换,B,22555.0000,0.0000,0.0000,0.0000,0.0000,22565.0000,0.0000,0.0000,0.0000,0.0000,10,0,0,0,0,5,0,0,0,0
sc,ru1301,2012-06-29 09:01:54.000,22555.0000,16030,2,451100.0000,2.0000,2,0,双开,S,22555.0000,0.0000,0.0000,0.0000,0.0000,22565.0000,0.0000,0.0000,0.0000,0.0000,9,0,0,0,0,5,0,0,0,0
sc,ru1301,2012-06-29 09:01:54.500,22565.0000,16030,0,1353800.0000,6.0000,3,3,多换,B,22555.0000,0.0000,0.0000,0.0000,0.0000,22560.0000,0.0000,0.0000,0.0000,0.0000,9,0,0,0,0,1,0,0,0,0
sc,ru1301,2012-06-29 09:01:55.500,22565.0000,16030,0,0.0000,0.0000,0,0,多换,B,22555.0000,0.0000,0.0000,0.0000,0.0000,22560.0000,0.0000,0.0000,0.0000,0.0000,9,0,0,0,0,1,0,0,0,0
sc,ru1301,2012-06-29 09:01:56.000,22555.0000,16028,-2,4511200.0000,20.0000,9,11,多平,S,22550.0000,0.0000,0.0000,0.0000,0.0000,22555.0000,0.0000,0.0000,0.0000,0.0000,6,0,0,0,0,8,0,0,0,0
sc,ru1301,2012-06-29 09:01:56.500,22550.0000,16026,-2,451000.0000,2.0000,0,2,双平,S,22550.0000,0.0000,0.0000,0.0000,0.0000,22555.0000,0.0000,0.0000,0.0000,0.0000,5,0,0,0,0,4,0,0,0,0
sc,ru1301,2012-06-29 09:01:57.000,22550.0000,16026,0,451000.0000,2.0000,1,1,空换,S,22550.0000,0.0000,0.0000,0.0000,0.0000,22555.0000,0.0000,0.0000,0.0000,0.0000,4,0,0,0,0,1,0,0,0,0
sc,ru1301,2012-06-29 09:01:57.500,22550.0000,16026,0,0.0000,0.0000,0,0,空换,S,22550.0000,0.0000,0.0000,0.0000,0.0000,22555.0000,0.0000,0.0000,0.0000,0.0000,4,0,0,0,0,1,0,0,0,0
sc,ru1301,2012-06-29 09:01:58.000,22550.0000,16026,0,0.0000,0.0000,0,0,空换,S,22550.0000,0.0000,0.0000,0.0000,0.0000,22555.0000,0.0000,0.0000,0.0000,0.0000,4,0,0,0,0,1,0,0,0,0
sc,ru1301,2012-06-29 09:01:59.500,22550.0000,16026,0,0.0000,0.0000,0,0,空换,S,22550.0000,0.0000,0.0000,0.0000,0.0000,22555.0000,0.0000,0.0000,0.0000,0.0000,4,0,0,0,0,2,0,0,0,0
sc,ru1301,2012-06-29 09:02:00.000,22550.0000,16028,2,1804000.0000,8.0000,5,3,空开,S,22545.0000,0.0000,0.0000,0.0000,0.0000,22550.0000,0.0000,0.0000,0.0000,0.0000,3,0,0,0,0,5,0,0,0,0
sc,ru1301,2012-06-29 09:02:00.500,22550.0000,16028,0,0.0000,0.0000,0,0,空换,S,22545.0000,0.0000,0.0000,0.0000,0.0000,22550.0000,0.0000,0.0000,0.0000,0.0000,3,0,0,0,0,5,0,0,0,0
sc,ru1301,2012-06-29 09:02:01.000,22550.0000,16028,0,0.0000,0.0000,0,0,空换,S,22545.0000,0.0000,0.0000,0.0000,0.0000,22555.0000,0.0000,0.0000,0.0000,0.0000,3,0,0,0,0,2,0,0,0,0
sc,ru1301,2012-06-29 09:02:02.000,22550.0000,16028,0,0.0000,0.0000,0,0,空换,S,22545.0000,0.0000,0.0000,0.0000,0.0000,22555.0000,0.0000,0.0000,0.0000,0.0000,3,0,0,0,0,2,0,0,0,0
sc,ru1301,2012-06-29 09:02:02.500,22550.0000,16028,0,0.0000,0.0000,0,0,空换,S,22545.0000,0.0000,0.0000,0.0000,0.0000,22555.0000,0.0000,0.0000,0.0000,0.0000,3,0,0,0,0,2,0,0,0,0
sc,ru1301,2012-06-29 09:02:03.000,22550.0000,16028,0,0.0000,0.0000,0,0,空换,S,22545.0000,0.0000,0.0000,0.0000,0.0000,22555.0000,0.0000,0.0000,0.0000,0.0000,3,0,0,0,0,2,0,0,0,0
sc,ru1301,2012-06-29 09:02:04.000,22550.0000,16028,0,0.0000,0.0000,0,0,空换,S,22545.0000,0.0000,0.0000,0.0000,0.0000,22555.0000,0.0000,0.0000,0.0000,0.0000,3,0,0,0,0,2,0,0,0,0
sc,ru1301,2012-06-29 09:02:04.500,22550.0000,16028,0,0.0000,0.0000,0,0,空换,S,22550.0000,0.0000,0.0000,0.0000,0.0000,22555.0000,0.0000,0.0000,0.0000,0.0000,1,0,0,0,0,2,0,0,0,0
sc,ru1301,2012-06-29 09:02:05.000,22550.0000,16028,0,0.0000,0.0000,0,0,空换,S,22550.0000,0.0000,0.0000,0.0000,0.0000,22555.0000,0.0000,0.0000,0.0000,0.0000,1,0,0,0,0,1,0,0,0,0
sc,ru1301,2012-06-29 09:02:05.500,22550.0000,16028,0,0.0000,0.0000,0,0,空换,S,22550.0000,0.0000,0.0000,0.0000,0.0000,22555.0000,0.0000,0.0000,0.0000,0.0000,1,0,0,0,0,1,0,0,0,0
sc,ru1301,2012-06-29 09:02:06.500,22550.0000,16028,0,0.0000,0.0000,0,0,空换,S,22550.0000,0.0000,0.0000,0.0000,0.0000,22555.0000,0.0000,0.0000,0.0000,0.0000,1,0,0,0,0,1,0,0,0,0
sc,ru1301,2012-06-29 09:02:07.500,22550.0000,16028,0,451000.0000,2.0000,1,1,空换,S,22545.0000,0.0000,0.0000,0.0000,0.0000,22550.0000,0.0000,0.0000,0.0000,0.0000,3,0,0,0,0,1,0,0,0,0
sc,ru1301,2012-06-29 09:02:08.000,22550.0000,16026,-2,451000.0000,2.0000,0,2,双平,S,22550.0000,0.0000,0.0000,0.0000,0.0000,22555.0000,0.0000,0.0000,0.0000,0.0000,3,0,0,0,0,1,0,0,0,0
sc,ru1301,2012-06-29 09:02:08.500,22550.0000,16026,0,0.0000,0.0000,0,0,空换,S,22550.0000,0.0000,0.0000,0.0000,0.0000,22555.0000,0.0000,0.0000,0.0000,0.0000,5,0,0,0,0,1,0,0,0,0
sc,ru1301,2012-06-29 09:02:09.000,22555.0000,16030,4,902100.0000,4.0000,4,0,双开,B,22555.0000,0.0000,0.0000,0.0000,0.0000,22565.0000,0.0000,0.0000,0.0000,0.0000,1,0,0,0,0,3,0,0,0,0
sc,ru1301,2012-06-29 09:02:09.500,22555.0000,16032,2,451100.0000,2.0000,2,0,双开,B,22550.0000,0.0000,0.0000,0.0000,0.0000,22565.0000,0.0000,0.0000,0.0000,0.0000,4,0,0,0,0,2,0,0,0,0
sc,ru1301,2012-06-29 09:02:10.500,22555.0000,16032,0,0.0000,0.0000,0,0,多换,B,22550.0000,0.0000,0.0000,0.0000,0.0000,22565.0000,0.0000,0.0000,0.0000,0.0000,5,0,0,0,0,2,0,0,0,0
sc,ru1301,2012-06-29 09:02:11.000,22555.0000,16032,0,0.0000,0.0000,0,0,多换,B,22550.0000,0.0000,0.0000,0.0000,0.0000,22565.0000,0.0000,0.0000,0.0000,0.0000,4,0,0,0,0,3,0,0,0,0
sc,ru1301,2012-06-29 09:02:12.500,22555.0000,16032,0,0.0000,0.0000,0,0,多换,B,22555.0000,0.0000,0.0000,0.0000,0.0000,22565.0000,0.0000,0.0000,0.0000,0.0000,1,0,0,0,0,3,0,0,0,0
sc,ru1301,2012-06-29 09:02:13.000,22555.0000,16032,0,0.0000,0.0000,0,0,多换,B,22555.0000,0.0000,0.0000,0.0000,0.0000,22565.0000,0.0000,0.0000,0.0000,0.0000,1,0,0,0,0,3,0,0,0,0
sc,ru1301,2012-06-29 09:02:13.500,22555.0000,16032,0,0.0000,0.0000,0,0,多换,B,22555.0000,0.0000,0.0000,0.0000,0.0000,22565.0000,0.0000,0.0000,0.0000,0.0000,1,0,0,0,0,3,0,0,0,0
sc,ru1301,2012-06-29 09:02:14.000,22555.0000,16032,0,0.0000,0.0000,0,0,多换,B,22555.0000,0.0000,0.0000,0.0000,0.0000,22565.0000,0.0000,0.0000,0.0000,0.0000,1,0,0,0,0,2,0,0,0,0
sc,ru1301,2012-06-29 09:02:14.500,22555.0000,16034,2,451100.0000,2.0000,2,0,双开,B,22550.0000,0.0000,0.0000,0.0000,0.0000,22565.0000,0.0000,0.0000,0.0000,0.0000,2,0,0,0,0,2,0,0,0,0
sc,ru1301,2012-06-29 09:02:15.500,22555.0000,16034,0,0.0000,0.0000,0,0,多换,B,22550.0000,0.0000,0.0000,0.0000,0.0000,22560.0000,0.0000,0.0000,0.0000,0.0000,2,0,0,0,0,1,0,0,0,0
sc,ru1301,2012-06-29 09:02:16.000,22555.0000,16034,0,0.0000,0.0000,0,0,多换,B,22550.0000,0.0000,0.0000,0.0000,0.0000,22560.0000,0.0000,0.0000,0.0000,0.0000,2,0,0,0,0,1,0,0,0,0
sc,ru1301,2012-06-29 09:02:16.500,22555.0000,16034,0,0.0000,0.0000,0,0,多换,B,22550.0000,0.0000,0.0000,0.0000,0.0000,22560.0000,0.0000,0.0000,0.0000,0.0000,2,0,0,0,0,1,0,0,0,0
sc,ru1301,2012-06-29 09:02:17.000,22550.0000,16036,2,451000.0000,2.0000,2,0,双开,S,22550.0000,0.0000,0.0000,0.0000,0.0000,22560.0000,0.0000,0.0000,0.0000,0.0000,1,0,0,0,0,1,0,0,0,0
sc,ru1301,2012-06-29 09:02:17.500,22550.0000,16036,0,0.0000,0.0000,0,0,空换,S,22550.0000,0.0000,0.0000,0.0000,0.0000,22560.0000,0.0000,0.0000,0.0000,0.0000,1,0,0,0,0,1,0,0,0,0
sc,ru1301,2012-06-29 09:02:18.000,22550.0000,16036,0,0.0000,0.0000,0,0,空换,S,22550.0000,0.0000,0.0000,0.0000,0.0000,22560.0000,0.0000,0.0000,0.0000,0.0000,1,0,0,0,0,1,0,0,0,0
sc,ru1301,2012-06-29 09:02:19.000,22550.0000,16036,0,0.0000,0.0000,0,0,空换,S,22550.0000,0.0000,0.0000,0.0000,0.0000,22560.0000,0.0000,0.0000,0.0000,0.0000,1,0,0,0,0,1,0,0,0,0
sc,ru1301,2012-06-29 09:02:20.500,22560.0000,16034,-2,451200.0000,2.0000,0,2,双平,B,22550.0000,0.0000,0.0000,0.0000,0.0000,22565.0000,0.0000,0.0000,0.0000,0.0000,2,0,0,0,0,5,0,0,0,0
sc,ru1301,2012-06-29 09:02:21.000,22560.0000,16034,0,0.0000,0.0000,0,0,多换,B,22555.0000,0.0000,0.0000,0.0000,0.0000,22565.0000,0.0000,0.0000,0.0000,0.0000,2,0,0,0,0,4,0,0,0,0
sc,ru1301,2012-06-29 09:02:21.500,22560.0000,16034,0,0.0000,0.0000,0,0,多换,B,22555.0000,0.0000,0.0000,0.0000,0.0000,22565.0000,0.0000,0.0000,0.0000,0.0000,3,0,0,0,0,4,0,0,0,0
sc,ru1301,2012-06-29 09:02:22.000,22560.0000,16034,0,0.0000,0.0000,0,0,多换,B,22560.0000,0.0000,0.0000,0.0000,0.0000,22565.0000,0.0000,0.0000,0.0000,0.0000,1,0,0,0,0,4,0,0,0,0
sc,ru1301,2012-06-29 09:02:22.500,22560.0000,16034,0,0.0000,0.0000,0,0,多换,B,22560.0000,0.0000,0.0000,0.0000,0.0000,22565.0000,0.0000,0.0000,0.0000,0.0000,1,0,0,0,0,3,0,0,0,0
sc,ru1301,2012-06-29 09:02:23.000,22560.0000,16034,0,0.0000,0.0000,0,0,多换,B,22560.0000,0.0000,0.0000,0.0000,0.0000,22565.0000,0.0000,0.0000,0.0000,0.0000,1,0,0,0,0,1,0,0,0,0
sc,ru1301,2012-06-29 09:02:23.500,22560.0000,16034,0,0.0000,0.0000,0,0,多换,B,22560.0000,0.0000,0.0000,0.0000,0.0000,22565.0000,0.0000,0.0000,0.0000,0.0000,1,0,0,0,0,1,0,0,0,0
sc,ru1301,2012-06-29 09:02:24.000,22560.0000,16036,2,451200.0000,2.0000,2,0,双开,B,22560.0000,0.0000,0.0000,0.0000,0.0000,22565.0000,0.0000,0.0000,0.0000,0.0000,2,0,0,0,0,1,0,0,0,0
sc,ru1301,2012-06-29 09:02:24.500,22565.0000,16038,2,451300.0000,2.0000,2,0,双开,B,22560.0000,0.0000,0.0000,0.0000,0.0000,22570.0000,0.0000,0.0000,0.0000,0.0000,2,0,0,0,0,30,0,0,0,0
sc,ru1301,2012-06-29 09:02:25.000,22560.0000,16038,0,451200.0000,2.0000,1,1,空换,S,22565.0000,0.0000,0.0000,0.0000,0.0000,22570.0000,0.0000,0.0000,0.0000,0.0000,1,0,0,0,0,30,0,0,0,0
sc,ru1301,2012-06-29 09:02:25.500,22560.0000,16038,0,0.0000,0.0000,0,0,空换,S,22565.0000,0.0000,0.0000,0.0000,0.0000,22570.0000,0.0000,0.0000,0.0000,0.0000,1,0,0,0,0,30,0,0,0,0
sc,ru1301,2012-06-29 09:02:26.000,22565.0000,16036,-2,451300.0000,2.0000,0,2,双平,B,22560.0000,0.0000,0.0000,0.0000,0.0000,22570.0000,0.0000,0.0000,0.0000,0.0000,2,0,0,0,0,30,0,0,0,0
sc,ru1301,2012-06-29 09:02:26.500,22565.0000,16036,0,0.0000,0.0000,0,0,多换,B,22565.0000,0.0000,0.0000,0.0000,0.0000,22570.0000,0.0000,0.0000,0.0000,0.0000,1,0,0,0,0,30,0,0,0,0
sc,ru1301,2012-06-29 09:02:27.000,22565.0000,16036,0,0.0000,0.0000,0,0,多换,B,22565.0000,0.0000,0.0000,0.0000,0.0000,22570.0000,0.0000,0.0000,0.0000,0.0000,6,0,0,0,0,30,0,0,0,0
sc,ru1301,2012-06-29 09:02:28.000,22565.0000,16036,0,0.0000,0.0000,0,0,多换,B,22565.0000,0.0000,0.0000,0.0000,0.0000,22570.0000,0.0000,0.0000,0.0000,0.0000,1,0,0,0,0,30,0,0,0,0
sc,ru1301,2012-06-29 09:02:28.500,22570.0000,16036,0,902800.0000,4.0000,2,2,多换,B,22565.0000,0.0000,0.0000,0.0000,0.0000,22570.0000,0.0000,0.0000,0.0000,0.0000,1,0,0,0,0,28,0,0,0,0
sc,ru1301,2012-06-29 09:02:29.000,22570.0000,16036,0,0.0000,0.0000,0,0,多换,B,22565.0000,0.0000,0.0000,0.0000,0.0000,22570.0000,0.0000,0.0000,0.0000,0.0000,1,0,0,0,0,28,0,0,0,0
sc,ru1301,2012-06-29 09:02:30.000,22570.0000,16036,0,0.0000,0.0000,0,0,多换,B,22565.0000,0.0000,0.0000,0.0000,0.0000,22570.0000,0.0000,0.0000,0.0000,0.0000,6,0,0,0,0,28,0,0,0,0
sc,ru1301,2012-06-29 09:02:30.500,22570.0000,16036,0,0.0000,0.0000,0,0,多换,B,22565.0000,0.0000,0.0000,0.0000,0.0000,22570.0000,0.0000,0.0000,0.0000,0.0000,6,0,0,0,0,28,0,0,0,0
sc,ru1301,2012-06-29 09:02:32.000,22565.0000,16038,2,451300.0000,2.0000,2,0,双开,S,22565.0000,0.0000,0.0000,0.0000,0.0000,22570.0000,0.0000,0.0000,0.0000,0.0000,7,0,0,0,0,28,0,0,0,0
sc,ru1301,2012-06-29 09:02:32.500,22570.0000,16038,0,451400.0000,2.0000,1,1,多换,B,22565.0000,0.0000,0.0000,0.0000,0.0000,22570.0000,0.0000,0.0000,0.0000,0.0000,7,0,0,0,0,27,0,0,0,0
sc,ru1301,2012-06-29 09:02:33.000,22570.0000,16048,10,6319600.0000,28.0000,19,9,多开,B,22565.0000,0.0000,0.0000,0.0000,0.0000,22570.0000,0.0000,0.0000,0.0000,0.0000,2,0,0,0,0,13,0,0,0,0
sc,ru1301,2012-06-29 09:02:33.500,22570.0000,16044,-4,3159800.0000,14.0000,5,9,空平,B,22565.0000,0.0000,0.0000,0.0000,0.0000,22570.0000,0.0000,0.0000,0.0000,0.0000,3,0,0,0,0,6,0,0,0,0
sc,ru1301,2012-06-29 09:02:34.000,22570.0000,16044,0,1805600.0000,8.0000,4,4,多换,B,22565.0000,0.0000,0.0000,0.0000,0.0000,22570.0000,0.0000,0.0000,0.0000,0.0000,3,0,0,0,0,2,0,0,0,0
sc,ru1301,2012-06-29 09:02:34.500,22570.0000,16040,-4,902800.0000,4.0000,0,4,双平,B,22560.0000,0.0000,0.0000,0.0000,0.0000,22585.0000,0.0000,0.0000,0.0000,0.0000,2,0,0,0,0,1,0,0,0,0
sc,ru1301,2012-06-29 09:02:35.000,22585.0000,16040,0,451700.0000,2.0000,1,1,多换,B,22570.0000,0.0000,0.0000,0.0000,0.0000,22590.0000,0.0000,0.0000,0.0000,0.0000,1,0,0,0,0,2,0,0,0,0
sc,ru1301,2012-06-29 09:02:35.500,22585.0000,16040,0,0.0000,0.0000,0,0,多换,B,22570.0000,0.0000,0.0000,0.0000,0.0000,22585.0000,0.0000,0.0000,0.0000,0.0000,3,0,0,0,0,2,0,0,0,0
sc,ru1301,2012-06-29 09:02:36.000,22585.0000,16040,0,0.0000,0.0000,0,0,多换,B,22570.0000,0.0000,0.0000,0.0000,0.0000,22580.0000,0.0000,0.0000,0.0000,0.0000,3,0,0,0,0,1,0,0,0,0
sc,ru1301,2012-06-29 09:02:36.500,22585.0000,16030,-10,2258500.0000,10.0000,0,10,双平,B,22570.0000,0.0000,0.0000,0.0000,0.0000,22585.0000,0.0000,0.0000,0.0000,0.0000,4,0,0,0,0,1,0,0,0,0
sc,ru1301,2012-06-29 09:02:37.000,22585.0000,16030,0,0.0000,0.0000,0,0,多换,B,22570.0000,0.0000,0.0000,0.0000,0.0000,22585.0000,0.0000,0.0000,0.0000,0.0000,4,0,0,0,0,1,0,0,0,0
sc,ru1301,2012-06-29 09:02:37.500,22585.0000,16030,0,0.0000,0.0000,0,0,多换,B,22575.0000,0.0000,0.0000,0.0000,0.0000,22585.0000,0.0000,0.0000,0.0000,0.0000,1,0,0,0,0,2,0,0,0,0
sc,ru1301,2012-06-29 09:02:38.000,22585.0000,16030,0,0.0000,0.0000,0,0,多换,B,22570.0000,0.0000,0.0000,0.0000,0.0000,22580.0000,0.0000,0.0000,0.0000,0.0000,5,0,0,0,0,1,0,0,0,0
sc,ru1301,2012-06-29 09:02:38.500,22585.0000,16030,0,0.0000,0.0000,0,0,多换,B,22570.0000,0.0000,0.0000,0.0000,0.0000,22580.0000,0.0000,0.0000,0.0000,0.0000,5,0,0,0,0,2,0,0,0,0
sc,ru1301,2012-06-29 09:02:39.000,22585.0000,16030,0,0.0000,0.0000,0,0,多换,B,22570.0000,0.0000,0.0000,0.0000,0.0000,22580.0000,0.0000,0.0000,0.0000,0.0000,5,0,0,0,0,2,0,0,0,0
sc,ru1301,2012-06-29 09:02:39.500,22585.0000,16030,0,0.0000,0.0000,0,0,多换,B,22570.0000,0.0000,0.0000,0.0000,0.0000,22580.0000,0.0000,0.0000,0.0000,0.0000,5,0,0,0,0,2,0,0,0,0
sc,ru1301,2012-06-29 09:02:41.000,22585.0000,16030,0,0.0000,0.0000,0,0,多换,B,22570.0000,0.0000,0.0000,0.0000,0.0000,22580.0000,0.0000,0.0000,0.0000,0.0000,5,0,0,0,0,1,0,0,0,0
sc,ru1301,2012-06-29 09:02:41.500,22580.0000,16030,0,451600.0000,2.0000,1,1,空换,S,22570.0000,0.0000,0.0000,0.0000,0.0000,22585.0000,0.0000,0.0000,0.0000,0.0000,5,0,0,0,0,1,0,0,0,0
sc,ru1301,2012-06-29 09:02:42.000,22580.0000,16030,0,0.0000,0.0000,0,0,空换,S,22570.0000,0.0000,0.0000,0.0000,0.0000,22585.0000,0.0000,0.0000,0.0000,0.0000,5,0,0,0,0,1,0,0,0,0
sc,ru1301,2012-06-29 09:02:42.500,22580.0000,16030,0,0.0000,0.0000,0,0,空换,S,22575.0000,0.0000,0.0000,0.0000,0.0000,22585.0000,0.0000,0.0000,0.0000,0.0000,1,0,0,0,0,1,0,0,0,0
sc,ru1301,2012-06-29 09:02:43.000,22580.0000,16030,0,0.0000,0.0000,0,0,空换,S,22575.0000,0.0000,0.0000,0.0000,0.0000,22585.0000,0.0000,0.0000,0.0000,0.0000,2,0,0,0,0,3,0,0,0,0
sc,ru1301,2012-06-29 09:02:43.500,22575.0000,16032,2,903000.0000,4.0000,3,1,空开,S,22570.0000,0.0000,0.0000,0.0000,0.0000,22580.0000,0.0000,0.0000,0.0000,0.0000,5,0,0,0,0,1,0,0,0,0
sc,ru1301,2012-06-29 09:02:44.000,22570.0000,16032,0,451400.0000,2.0000,1,1,空换,S,22570.0000,0.0000,0.0000,0.0000,0.0000,22580.0000,0.0000,0.0000,0.0000,0.0000,4,0,0,0,0,1,0,0,0,0
sc,ru1301,2012-06-29 09:02:44.500,22570.0000,16034,2,451400.0000,2.0000,2,0,双开,S,22570.0000,0.0000,0.0000,0.0000,0.0000,22585.0000,0.0000,0.0000,0.0000,0.0000,4,0,0,0,0,2,0,0,0,0
sc,ru1301,2012-06-29 09:02:45.000,22570.0000,16034,0,0.0000,0.0000,0,0,空换,S,22570.0000,0.0000,0.0000,0.0000,0.0000,22585.0000,0.0000,0.0000,0.0000,0.0000,4,0,0,0,0,2,0,0,0,0
sc,ru1301,2012-06-29 09:02:45.500,22570.0000,16034,0,0.0000,0.0000,0,0,空换,S,22570.0000,0.0000,0.0000,0.0000,0.0000,22580.0000,0.0000,0.0000,0.0000,0.0000,4,0,0,0,0,2,0,0,0,0
sc,ru1301,2012-06-29 09:02:46.000,22570.0000,16034,0,0.0000,0.0000,0,0,空换,S,22570.0000,0.0000,0.0000,0.0000,0.0000,22580.0000,0.0000,0.0000,0.0000,0.0000,4,0,0,0,0,1,0,0,0,0
sc,ru1301,2012-06-29 09:02:46.500,22570.0000,16034,0,0.0000,0.0000,0,0,空换,S,22570.0000,0.0000,0.0000,0.0000,0.0000,22575.0000,0.0000,0.0000,0.0000,0.0000,4,0,0,0,0,6,0,0,0,0
sc,ru1301,2012-06-29 09:02:47.000,22570.0000,16034,0,0.0000,0.0000,0,0,空换,S,22570.0000,0.0000,0.0000,0.0000,0.0000,22575.0000,0.0000,0.0000,0.0000,0.0000,4,0,0,0,0,6,0,0,0,0
sc,ru1301,2012-06-29 09:02:47.500,22570.0000,16034,0,451400.0000,2.0000,1,1,空换,S,22570.0000,0.0000,0.0000,0.0000,0.0000,22585.0000,0.0000,0.0000,0.0000,0.0000,3,0,0,0,0,1,0,0,0,0
sc,ru1301,2012-06-29 09:02:48.500,22570.0000,16034,0,0.0000,0.0000,0,0,空换,S,22570.0000,0.0000,0.0000,0.0000,0.0000,22580.0000,0.0000,0.0000,0.0000,0.0000,3,0,0,0,0,3,0,0,0,0
sc,ru1301,2012-06-29 09:02:49.000,22570.0000,16034,0,0.0000,0.0000,0,0,空换,S,22570.0000,0.0000,0.0000,0.0000,0.0000,22580.0000,0.0000,0.0000,0.0000,0.0000,4,0,0,0,0,5,0,0,0,0
sc,ru1301,2012-06-29 09:02:50.000,22570.0000,16034,0,0.0000,0.0000,0,0,空换,S,22570.0000,0.0000,0.0000,0.0000,0.0000,22575.0000,0.0000,0.0000,0.0000,0.0000,4,0,0,0,0,1,0,0,0,0
sc,ru1301,2012-06-29 09:02:50.500,22570.0000,16034,0,0.0000,0.0000,0,0,空换,S,22570.0000,0.0000,0.0000,0.0000,0.0000,22575.0000,0.0000,0.0000,0.0000,0.0000,4,0,0,0,0,1,0,0,0,0
sc,ru1301,2012-06-29 09:02:51.000,22580.0000,16034,0,451600.0000,2.0000,1,1,多换,B,22570.0000,0.0000,0.0000,0.0000,0.0000,22580.0000,0.0000,0.0000,0.0000,0.0000,4,0,0,0,0,3,0,0,0,0
sc,ru1301,2012-06-29 09:02:51.500,22580.0000,16034,0,0.0000,0.0000,0,0,多换,B,22570.0000,0.0000,0.0000,0.0000,0.0000,22580.0000,0.0000,0.0000,0.0000,0.0000,4,0,0,0,0,3,0,0,0,0
sc,ru1301,2012-06-29 09:02:52.000,22580.0000,16034,0,0.0000,0.0000,0,0,多换,B,22570.0000,0.0000,0.0000,0.0000,0.0000,22580.0000,0.0000,0.0000,0.0000,0.0000,4,0,0,0,0,3,0,0,0,0
sc,ru1301,2012-06-29 09:02:53.000,22580.0000,16034,0,0.0000,0.0000,0,0,多换,B,22570.0000,0.0000,0.0000,0.0000,0.0000,22580.0000,0.0000,0.0000,0.0000,0.0000,4,0,0,0,0,4,0,0,0,0
sc,ru1301,2012-06-29 09:02:53.500,22580.0000,16036,2,451600.0000,2.0000,2,0,双开,B,22570.0000,0.0000,0.0000,0.0000,0.0000,22580.0000,0.0000,0.0000,0.0000,0.0000,4,0,0,0,0,3,0,0,0,0
sc,ru1301,2012-06-29 09:02:54.000,22580.0000,16036,0,0.0000,0.0000,0,0,多换,B,22570.0000,0.0000,0.0000,0.0000,0.0000,22575.0000,0.0000,0.0000,0.0000,0.0000,4,0,0,0,0,1,0,0,0,0
sc,ru1301,2012-06-29 09:02:54.500,22575.0000,16036,0,451500.0000,2.0000,1,1,空换,S,22570.0000,0.0000,0.0000,0.0000,0.0000,22580.0000,0.0000,0.0000,0.0000,0.0000,4,0,0,0,0,1,0,0,0,0
sc,ru1301,2012-06-29 09:02:55.000,22575.0000,16036,0,0.0000,0.0000,0,0,空换,S,22570.0000,0.0000,0.0000,0.0000,0.0000,22575.0000,0.0000,0.0000,0.0000,0.0000,4,0,0,0,0,2,0,0,0,0
sc,ru1301,2012-06-29 09:02:55.500,22575.0000,16034,-2,903000.0000,4.0000,1,3,多平,S,22570.0000,0.0000,0.0000,0.0000,0.0000,22580.0000,0.0000,0.0000,0.0000,0.0000,4,0,0,0,0,1,0,0,0,0
sc,ru1301,2012-06-29 09:02:56.000,22575.0000,16034,0,0.0000,0.0000,0,0,空换,S,22575.0000,0.0000,0.0000,0.0000,0.0000,22580.0000,0.0000,0.0000,0.0000,0.0000,2,0,0,0,0,1,0,0,0,0
sc,ru1301,2012-06-29 09:02:56.500,22575.0000,16034,0,0.0000,0.0000,0,0,空换,S,22575.0000,0.0000,0.0000,0.0000,0.0000,22580.0000,0.0000,0.0000,0.0000,0.0000,3,0,0,0,0,1,0,0,0,0
sc,ru1301,2012-06-29 09:02:58.500,22575.0000,16034,0,0.0000,0.0000,0,0,空换,S,22575.0000,0.0000,0.0000,0.0000,0.0000,22580.0000,0.0000,0.0000,0.0000,0.0000,4,0,0,0,0,1,0,0,0,0
sc,ru1301,2012-06-29 09:02:59.000,22575.0000,16038,4,1354500.0000,6.0000,5,1,空开,S,22575.0000,0.0000,0.0000,0.0000,0.0000,22580.0000,0.0000,0.0000,0.0000,0.0000,1,0,0,0,0,6,0,0,0,0
sc,ru1301,2012-06-29 09:03:00.000,22575.0000,16038,0,0.0000,0.0000,0,0,空换,S,22575.0000,0.0000,0.0000,0.0000,0.0000,22580.0000,0.0000,0.0000,0.0000,0.0000,1,0,0,0,0,1,0,0,0,0
sc,ru1301,2012-06-29 09:03:00.500,22575.0000,16038,0,0.0000,0.0000,0,0,空换,S,22575.0000,0.0000,0.0000,0.0000,0.0000,22580.0000,0.0000,0.0000,0.0000,0.0000,1,0,0,0,0,1,0,0,0,0
sc,ru1301,2012-06-29 09:03:01.000,22575.0000,16038,0,0.0000,0.0000,0,0,空换,S,22575.0000,0.0000,0.0000,0.0000,0.0000,22580.0000,0.0000,0.0000,0.0000,0.0000,1,0,0,0,0,1,0,0,0,0
sc,ru1301,2012-06-29 09:03:02.500,22575.0000,16038,0,0.0000,0.0000,0,0,空换,S,22570.0000,0.0000,0.0000,0.0000,0.0000,22580.0000,0.0000,0.0000,0.0000,0.0000,4,0,0,0,0,1,0,0,0,0
sc,ru1301,2012-06-29 09:03:03.000,22585.0000,16032,-6,1806700.0000,8.0000,1,7,空平,B,22580.0000,0.0000,0.0000,0.0000,0.0000,22585.0000,0.0000,0.0000,0.0000,0.0000,1,0,0,0,0,5,0,0,0,0
sc,ru1301,2012-06-29 09:03:03.500,22580.0000,16032,0,451600.0000,2.0000,1,1,空换,S,22570.0000,0.0000,0.0000,0.0000,0.0000,22580.0000,0.0000,0.0000,0.0000,0.0000,4,0,0,0,0,16,0,0,0,0
sc,ru1301,2012-06-29 09:03:04.000,22580.0000,16032,0,0.0000,0.0000,0,0,空换,S,22570.0000,0.0000,0.0000,0.0000,0.0000,22580.0000,0.0000,0.0000,0.0000,0.0000,5,0,0,0,0,14,0,0,0,0
sc,ru1301,2012-06-29 09:03:04.500,22580.0000,16032,0,0.0000,0.0000,0,0,空换,S,22570.0000,0.0000,0.0000,0.0000,0.0000,22580.0000,0.0000,0.0000,0.0000,0.0000,5,0,0,0,0,13,0,0,0,0
sc,ru1301,2012-06-29 09:03:05.000,22580.0000,16032,0,0.0000,0.0000,0,0,空换,S,22570.0000,0.0000,0.0000,0.0000,0.0000,22575.0000,0.0000,0.0000,0.0000,0.0000,5,0,0,0,0,1,0,0,0,0
sc,ru1301,2012-06-29 09:03:05.500,22570.0000,16038,6,2257000.0000,10.0000,8,2,空开,S,22565.0000,0.0000,0.0000,0.0000,0.0000,22575.0000,0.0000,0.0000,0.0000,0.0000,1,0,0,0,0,3,0,0,0,0
sc,ru1301,2012-06-29 09:03:06.000,22560.0000,16066,28,6316900.0000,28.0000,28,0,双开,S,22560.0000,0.0000,0.0000,0.0000,0.0000,22575.0000,0.0000,0.0000,0.0000,0.0000,9,0,0,0,0,4,0,0,0,0
sc,ru1301,2012-06-29 09:03:06.500,22560.0000,16066,0,0.0000,0.0000,0,0,空换,S,22560.0000,0.0000,0.0000,0.0000,0.0000,22570.0000,0.0000,0.0000,0.0000,0.0000,9,0,0,0,0,2,0,0,0,0
sc,ru1301,2012-06-29 09:03:07.000,22550.0000,16092,26,7218800.0000,32.0000,29,3,空开,S,22550.0000,0.0000,0.0000,0.0000,0.0000,22570.0000,0.0000,0.0000,0.0000,0.0000,25,0,0,0,0,2,0,0,0,0
sc,ru1301,2012-06-29 09:03:08.000,22550.0000,16092,0,0.0000,0.0000,0,0,空换,S,22550.0000,0.0000,0.0000,0.0000,0.0000,22565.0000,0.0000,0.0000,0.0000,0.0000,25,0,0,0,0,1,0,0,0,0
sc,ru1301,2012-06-29 09:03:08.500,22550.0000,16110,18,4961000.0000,22.0000,20,2,空开,S,22555.0000,0.0000,0.0000,0.0000,0.0000,22565.0000,0.0000,0.0000,0.0000,0.0000,1,0,0,0,0,1,0,0,0,0
sc,ru1301,2012-06-29 09:03:09.000,22550.0000,16110,0,0.0000,0.0000,0,0,空换,S,22555.0000,0.0000,0.0000,0.0000,0.0000,22565.0000,0.0000,0.0000,0.0000,0.0000,3,0,0,0,0,1,0,0,0,0
sc,ru1301,2012-06-29 09:03:09.500,22550.0000,16110,0,0.0000,0.0000,0,0,空换,S,22555.0000,0.0000,0.0000,0.0000,0.0000,22560.0000,0.0000,0.0000,0.0000,0.0000,5,0,0,0,0,7,0,0,0,0
sc,ru1301,2012-06-29 09:03:10.000,22560.0000,16110,0,451200.0000,2.0000,1,1,多换,B,22555.0000,0.0000,0.0000,0.0000,0.0000,22560.0000,0.0000,0.0000,0.0000,0.0000,5,0,0,0,0,6,0,0,0,0
sc,ru1301,2012-06-29 09:03:10.500,22550.0000,16130,20,4510500.0000,20.0000,20,0,双开,S,22550.0000,0.0000,0.0000,0.0000,0.0000,22560.0000,0.0000,0.0000,0.0000,0.0000,11,0,0,0,0,6,0,0,0,0
sc,ru1301,2012-06-29 09:03:11.000,22550.0000,16130,0,0.0000,0.0000,0,0,空换,S,22550.0000,0.0000,0.0000,0.0000,0.0000,22560.0000,0.0000,0.0000,0.0000,0.0000,11,0,0,0,0,6,0,0,0,0
sc,ru1301,2012-06-29 09:03:11.500,22550.0000,16150,20,4510000.0000,20.0000,20,0,双开,S,22550.0000,0.0000,0.0000,0.0000,0.0000,22555.0000,0.0000,0.0000,0.0000,0.0000,1,0,0,0,0,4,0,0,0,0
sc,ru1301,2012-06-29 09:03:12.000,22555.0000,16142,-8,1804400.0000,8.0000,0,8,双平,B,22555.0000,0.0000,0.0000,0.0000,0.0000,22560.0000,0.0000,0.0000,0.0000,0.0000,3,0,0,0,0,6,0,0,0,0
sc,ru1301,2012-06-29 09:03:12.500,22555.0000,16142,0,0.0000,0.0000,0,0,多换,B,22550.0000,0.0000,0.0000,0.0000,0.0000,22560.0000,0.0000,0.0000,0.0000,0.0000,1,0,0,0,0,6,0,0,0,0
sc,ru1301,2012-06-29 09:03:13.500,22555.0000,16142,0,0.0000,0.0000,0,0,多换,B,22550.0000,0.0000,0.0000,0.0000,0.0000,22560.0000,0.0000,0.0000,0.0000,0.0000,2,0,0,0,0,6,0,0,0,0
sc,ru1301,2012-06-29 09:03:14.000,22550.0000,16146,4,902000.0000,4.0000,4,0,双开,S,22550.0000,0.0000,0.0000,0.0000,0.0000,22560.0000,0.0000,0.0000,0.0000,0.0000,2,0,0,0,0,6,0,0,0,0
sc,ru1301,2012-06-29 09:03:14.500,22550.0000,16146,0,0.0000,0.0000,0,0,空换,S,22550.0000,0.0000,0.0000,0.0000,0.0000,22560.0000,0.0000,0.0000,0.0000,0.0000,1,0,0,0,0,6,0,0,0,0
sc,ru1301,2012-06-29 09:03:15.000,22550.0000,16146,0,0.0000,0.0000,0,0,空换,S,22555.0000,0.0000,0.0000,0.0000,0.0000,22560.0000,0.0000,0.0000,0.0000,0.0000,10,0,0,0,0,6,0,0,0,0
sc,ru1301,2012-06-29 09:03:15.500,22555.0000,16150,4,1353500.0000,6.0000,5,1,多开,B,22555.0000,0.0000,0.0000,0.0000,0.0000,22560.0000,0.0000,0.0000,0.0000,0.0000,9,0,0,0,0,4,0,0,0,0
sc,ru1301,2012-06-29 09:03:16.000,22555.0000,16150,0,0.0000,0.0000,0,0,多换,B,22555.0000,0.0000,0.0000,0.0000,0.0000,22565.0000,0.0000,0.0000,0.0000,0.0000,9,0,0,0,0,1,0,0,0,0
sc,ru1301,2012-06-29 09:03:16.500,22565.0000,16148,-2,451300.0000,2.0000,0,2,双平,B,22570.0000,0.0000,0.0000,0.0000,0.0000,22575.0000,0.0000,0.0000,0.0000,0.0000,1,0,0,0,0,4,0,0,0,0
sc,ru1301,2012-06-29 09:03:17.000,22555.0000,16148,0,4511300.0000,20.0000,10,10,空换,S,22560.0000,0.0000,0.0000,0.0000,0.0000,22570.0000,0.0000,0.0000,0.0000,0.0000,1,0,0,0,0,4,0,0,0,0
sc,ru1301,2012-06-29 09:03:17.500,22555.0000,16148,0,0.0000,0.0000,0,0,空换,S,22560.0000,0.0000,0.0000,0.0000,0.0000,22570.0000,0.0000,0.0000,0.0000,0.0000,1,0,0,0,0,3,0,0,0,0
sc,ru1301,2012-06-29 09:03:18.000,22560.0000,16148,0,451200.0000,2.0000,1,1,多换,B,22565.0000,0.0000,0.0000,0.0000,0.0000,22570.0000,0.0000,0.0000,0.0000,0.0000,19,0,0,0,0,5,0,0,0,0
sc,ru1301,2012-06-29 09:03:18.500,22565.0000,16148,0,451300.0000,2.0000,1,1,多换,B,22565.0000,0.0000,0.0000,0.0000,0.0000,22570.0000,0.0000,0.0000,0.0000,0.0000,19,0,0,0,0,5,0,0,0,0
sc,ru1301,2012-06-29 09:03:19.000,22565.0000,16146,-2,451300.0000,2.0000,0,2,双平,B,22565.0000,0.0000,0.0000,0.0000,0.0000,22570.0000,0.0000,0.0000,0.0000,0.0000,18,0,0,0,0,7,0,0,0,0
sc,ru1301,2012-06-29 09:03:19.500,22565.0000,16144,-2,1805200.0000,8.0000,3,5,空平,B,22565.0000,0.0000,0.0000,0.0000,0.0000,22570.0000,0.0000,0.0000,0.0000,0.0000,13,0,0,0,0,7,0,0,0,0
sc,ru1301,2012-06-29 09:03:20.000,22565.0000,16144,0,902600.0000,4.0000,2,2,多换,B,22565.0000,0.0000,0.0000,0.0000,0.0000,22570.0000,0.0000,0.0000,0.0000,0.0000,11,0,0,0,0,10,0,0,0,0
sc,ru1301,2012-06-29 09:03:20.500,22570.0000,16144,0,902800.0000,4.0000,2,2,多换,B,22565.0000,0.0000,0.0000,0.0000,0.0000,22570.0000,0.0000,0.0000,0.0000,0.0000,11,0,0,0,0,8,0,0,0,0
sc,ru1301,2012-06-29 09:03:21.000,22570.0000,16140,-4,1354000.0000,6.0000,1,5,空平,B,22565.0000,0.0000,0.0000,0.0000,0.0000,22570.0000,0.0000,0.0000,0.0000,0.0000,9,0,0,0,0,7,0,0,0,0
sc,ru1301,2012-06-29 09:03:21.500,22565.0000,16138,-2,451300.0000,2.0000,0,2,双平,S,22565.0000,0.0000,0.0000,0.0000,0.0000,22570.0000,0.0000,0.0000,0.0000,0.0000,8,0,0,0,0,7,0,0,0,0
sc,ru1301,2012-06-29 09:03:23.000,22565.0000,16138,0,2256500.0000,10.0000,5,5,空换,S,22565.0000,0.0000,0.0000,0.0000,0.0000,22570.0000,0.0000,0.0000,0.0000,0.0000,3,0,0,0,0,2,0,0,0,0
sc,ru1301,2012-06-29 09:03:23.500,22565.0000,16138,0,451300.0000,2.0000,1,1,空换,S,22565.0000,0.0000,0.0000,0.0000,0.0000,22570.0000,0.0000,0.0000,0.0000,0.0000,2,0,0,0,0,2,0,0,0,0
sc,ru1301,2012-06-29 09:03:24.000,22565.0000,16138,0,0.0000,0.0000,0,0,空换,S,22565.0000,0.0000,0.0000,0.0000,0.0000,22570.0000,0.0000,0.0000,0.0000,0.0000,2,0,0,0,0,2,0,0,0,0
sc,ru1301,2012-06-29 09:03:24.500,22565.0000,16138,0,0.0000,0.0000,0,0,空换,S,22565.0000,0.0000,0.0000,0.0000,0.0000,22570.0000,0.0000,0.0000,0.0000,0.0000,2,0,0,0,0,2,0,0,0,0
sc,ru1301,2012-06-29 09:03:25.000,22565.0000,16138,0,451300.0000,2.0000,1,1,空换,S,22565.0000,0.0000,0.0000,0.0000,0.0000,22570.0000,0.0000,0.0000,0.0000,0.0000,1,0,0,0,0,2,0,0,0,0
sc,ru1301,2012-06-29 09:03:25.500,22565.0000,16138,0,0.0000,0.0000,0,0,空换,S,22565.0000,0.0000,0.0000,0.0000,0.0000,22570.0000,0.0000,0.0000,0.0000,0.0000,1,0,0,0,0,7,0,0,0,0
sc,ru1301,2012-06-29 09:03:26.000,22565.0000,16138,0,0.0000,0.0000,0,0,空换,S,22565.0000,0.0000,0.0000,0.0000,0.0000,22570.0000,0.0000,0.0000,0.0000,0.0000,1,0,0,0,0,7,0,0,0,0
sc,ru1301,2012-06-29 09:03:27.000,22565.0000,16138,0,0.0000,0.0000,0,0,空换,S,22565.0000,0.0000,0.0000,0.0000,0.0000,22570.0000,0.0000,0.0000,0.0000,0.0000,16,0,0,0,0,7,0,0,0,0
sc,ru1301,2012-06-29 09:03:27.500,22565.0000,16118,-20,7220800.0000,32.0000,6,26,多平,S,22555.0000,0.0000,0.0000,0.0000,0.0000,22565.0000,0.0000,0.0000,0.0000,0.0000,2,0,0,0,0,3,0,0,0,0
sc,ru1301,2012-06-29 09:03:29.500,22565.0000,16118,0,0.0000,0.0000,0,0,空换,S,22555.0000,0.0000,0.0000,0.0000,0.0000,22565.0000,0.0000,0.0000,0.0000,0.0000,2,0,0,0,0,3,0,0,0,0
sc,ru1301,2012-06-29 09:03:30.000,22565.0000,16118,0,1805200.0000,8.0000,4,4,空换,S,22565.0000,0.0000,0.0000,0.0000,0.0000,22570.0000,0.0000,0.0000,0.0000,0.0000,6,0,0,0,0,2,0,0,0,0
sc,ru1301,2012-06-29 09:03:31.500,22565.0000,16118,0,0.0000,0.0000,0,0,空换,S,22565.0000,0.0000,0.0000,0.0000,0.0000,22575.0000,0.0000,0.0000,0.0000,0.0000,6,0,0,0,0,4,0,0,0,0
sc,ru1301,2012-06-29 09:03:32.000,22565.0000,16102,-16,3610400.0000,16.0000,0,16,双平,S,22565.0000,0.0000,0.0000,0.0000,0.0000,22575.0000,0.0000,0.0000,0.0000,0.0000,8,0,0,0,0,4,0,0,0,0
sc,ru1301,2012-06-29 09:03:32.500,22565.0000,16102,0,0.0000,0.0000,0,0,空换,S,22565.0000,0.0000,0.0000,0.0000,0.0000,22570.0000,0.0000,0.0000,0.0000,0.0000,8,0,0,0,0,2,0,0,0,0
sc,ru1301,2012-06-29 09:03:33.500,22565.0000,16102,0,902600.0000,4.0000,2,2,空换,S,22565.0000,0.0000,0.0000,0.0000,0.0000,22570.0000,0.0000,0.0000,0.0000,0.0000,6,0,0,0,0,2,0,0,0,0
sc,ru1301,2012-06-29 09:03:34.000,22565.0000,16090,-12,2707800.0000,12.0000,0,12,双平,S,22555.0000,0.0000,0.0000,0.0000,0.0000,22565.0000,0.0000,0.0000,0.0000,0.0000,2,0,0,0,0,2,0,0,0,0
sc,ru1301,2012-06-29 09:03:34.500,22565.0000,16090,0,0.0000,0.0000,0,0,空换,S,22555.0000,0.0000,0.0000,0.0000,0.0000,22565.0000,0.0000,0.0000,0.0000,0.0000,2,0,0,0,0,8,0,0,0,0
sc,ru1301,2012-06-29 09:03:35.000,22565.0000,16090,0,0.0000,0.0000,0,0,空换,S,22555.0000,0.0000,0.0000,0.0000,0.0000,22565.0000,0.0000,0.0000,0.0000,0.0000,3,0,0,0,0,1,0,0,0,0
sc,ru1301,2012-06-29 09:03:35.500,22555.0000,16092,2,451100.0000,2.0000,2,0,双开,S,22555.0000,0.0000,0.0000,0.0000,0.0000,22565.0000,0.0000,0.0000,0.0000,0.0000,2,0,0,0,0,1,0,0,0,0
sc,ru1301,2012-06-29 09:03:36.000,22555.0000,16092,0,0.0000,0.0000,0,0,空换,S,22555.0000,0.0000,0.0000,0.0000,0.0000,22565.0000,0.0000,0.0000,0.0000,0.0000,2,0,0,0,0,2,0,0,0,0
sc,ru1301,2012-06-29 09:03:36.500,22555.0000,16092,0,0.0000,0.0000,0,0,空换,S,22555.0000,0.0000,0.0000,0.0000,0.0000,22565.0000,0.0000,0.0000,0.0000,0.0000,2,0,0,0,0,2,0,0,0,0
sc,ru1301,2012-06-29 09:03:37.000,22555.0000,16092,0,0.0000,0.0000,0,0,空换,S,22555.0000,0.0000,0.0000,0.0000,0.0000,22560.0000,0.0000,0.0000,0.0000,0.0000,2,0,0,0,0,1,0,0,0,0
sc,ru1301,2012-06-29 09:03:37.500,22555.0000,16092,0,0.0000,0.0000,0,0,空换,S,22555.0000,0.0000,0.0000,0.0000,0.0000,22560.0000,0.0000,0.0000,0.0000,0.0000,2,0,0,0,0,1,0,0,0,0
sc,ru1301,2012-06-29 09:03:38.000,22555.0000,16096,4,902200.0000,4.0000,4,0,双开,S,22550.0000,0.0000,0.0000,0.0000,0.0000,22555.0000,0.0000,0.0000,0.0000,0.0000,1,0,0,0,0,9,0,0,0,0
sc,ru1301,2012-06-29 09:03:38.500,22555.0000,16098,2,902100.0000,4.0000,3,1,空开,S,22545.0000,0.0000,0.0000,0.0000,0.0000,22555.0000,0.0000,0.0000,0.0000,0.0000,2,0,0,0,0,10,0,0,0,0
sc,ru1301,2012-06-29 09:03:39.000,22555.0000,16098,0,0.0000,0.0000,0,0,空换,S,22545.0000,0.0000,0.0000,0.0000,0.0000,22555.0000,0.0000,0.0000,0.0000,0.0000,2,0,0,0,0,10,0,0,0,0
sc,ru1301,2012-06-29 09:03:39.500,22555.0000,16098,0,0.0000,0.0000,0,0,空换,S,22545.0000,0.0000,0.0000,0.0000,0.0000,22555.0000,0.0000,0.0000,0.0000,0.0000,2,0,0,0,0,10,0,0,0,0
sc,ru1301,2012-06-29 09:03:40.500,22555.0000,16100,2,451100.0000,2.0000,2,0,双开,S,22545.0000,0.0000,0.0000,0.0000,0.0000,22555.0000,0.0000,0.0000,0.0000,0.0000,2,0,0,0,0,9,0,0,0,0
sc,ru1301,2012-06-29 09:03:41.000,22555.0000,16100,0,0.0000,0.0000,0,0,空换,S,22545.0000,0.0000,0.0000,0.0000,0.0000,22555.0000,0.0000,0.0000,0.0000,0.0000,2,0,0,0,0,9,0,0,0,0
sc,ru1301,2012-06-29 09:03:41.500,22555.0000,16100,0,0.0000,0.0000,0,0,空换,S,22550.0000,0.0000,0.0000,0.0000,0.0000,22555.0000,0.0000,0.0000,0.0000,0.0000,1,0,0,0,0,9,0,0,0,0
sc,ru1301,2012-06-29 09:03:42.000,22555.0000,16102,2,4059900.0000,18.0000,10,8,空开,S,22550.0000,0.0000,0.0000,0.0000,0.0000,22565.0000,0.0000,0.0000,0.0000,0.0000,1,0,0,0,0,1,0,0,0,0
sc,ru1301,2012-06-29 09:03:42.500,22555.0000,16102,0,0.0000,0.0000,0,0,空换,S,22550.0000,0.0000,0.0000,0.0000,0.0000,22565.0000,0.0000,0.0000,0.0000,0.0000,1,0,0,0,0,2,0,0,0,0
sc,ru1301,2012-06-29 09:03:43.000,22555.0000,16102,0,0.0000,0.0000,0,0,空换,S,22550.0000,0.0000,0.0000,0.0000,0.0000,22565.0000,0.0000,0.0000,0.0000,0.0000,2,0,0,0,0,2,0,0,0,0
sc,ru1301,2012-06-29 09:03:43.500,22565.0000,16104,2,451300.0000,2.0000,2,0,双开,B,22550.0000,0.0000,0.0000,0.0000,0.0000,22565.0000,0.0000,0.0000,0.0000,0.0000,2,0,0,0,0,1,0,0,0,0
sc,ru1301,2012-06-29 09:03:44.000,22565.0000,16104,0,0.0000,0.0000,0,0,多换,B,22555.0000,0.0000,0.0000,0.0000,0.0000,22565.0000,0.0000,0.0000,0.0000,0.0000,1,0,0,0,0,1,0,0,0,0
sc,ru1301,2012-06-29 09:03:44.500,22555.0000,16104,0,451100.0000,2.0000,1,1,空换,S,22550.0000,0.0000,0.0000,0.0000,0.0000,22565.0000,0.0000,0.0000,0.0000,0.0000,2,0,0,0,0,1,0,0,0,0
sc,ru1301,2012-06-29 09:03:45.500,22550.0000,16108,4,902000.0000,4.0000,4,0,双开,S,22545.0000,0.0000,0.0000,0.0000,0.0000,22550.0000,0.0000,0.0000,0.0000,0.0000,3,0,0,0,0,4,0,0,0,0
sc,ru1301,2012-06-29 09:03:46.000,22550.0000,16108,0,0.0000,0.0000,0,0,空换,S,22545.0000,0.0000,0.0000,0.0000,0.0000,22550.0000,0.0000,0.0000,0.0000,0.0000,3,0,0,0,0,5,0,0,0,0
sc,ru1301,2012-06-29 09:03:46.500,22550.0000,16108,0,0.0000,0.0000,0,0,空换,S,22545.0000,0.0000,0.0000,0.0000,0.0000,22550.0000,0.0000,0.0000,0.0000,0.0000,3,0,0,0,0,5,0,0,0,0
sc,ru1301,2012-06-29 09:03:48.500,22545.0000,16108,0,901800.0000,4.0000,2,2,空换,S,22545.0000,0.0000,0.0000,0.0000,0.0000,22550.0000,0.0000,0.0000,0.0000,0.0000,1,0,0,0,0,5,0,0,0,0
sc,ru1301,2012-06-29 09:03:49.000,22545.0000,16108,0,450900.0000,2.0000,1,1,空换,S,22540.0000,0.0000,0.0000,0.0000,0.0000,22545.0000,0.0000,0.0000,0.0000,0.0000,1,0,0,0,0,4,0,0,0,0
sc,ru1301,2012-06-29 09:03:49.500,22540.0000,16110,2,450800.0000,2.0000,2,0,双开,S,22535.0000,0.0000,0.0000,0.0000,0.0000,22545.0000,0.0000,0.0000,0.0000,0.0000,2,0,0,0,0,4,0,0,0,0
sc,ru1301,2012-06-29 09:03:50.000,22540.0000,16110,0,0.0000,0.0000,0,0,空换,S,22535.0000,0.0000,0.0000,0.0000,0.0000,22545.0000,0.0000,0.0000,0.0000,0.0000,2,0,0,0,0,3,0,0,0,0
sc,ru1301,2012-06-29 09:03:50.500,22535.0000,16114,4,1352500.0000,6.0000,5,1,空开,S,22535.0000,0.0000,0.0000,0.0000,0.0000,22545.0000,0.0000,0.0000,0.0000,0.0000,1,0,0,0,0,1,0,0,0,0
sc,ru1301,2012-06-29 09:03:51.000,22535.0000,16114,0,0.0000,0.0000,0,0,空换,S,22540.0000,0.0000,0.0000,0.0000,0.0000,22545.0000,0.0000,0.0000,0.0000,0.0000,1,0,0,0,0,1,0,0,0,0
sc,ru1301,2012-06-29 09:03:51.500,22535.0000,16116,2,901400.0000,4.0000,3,1,空开,S,22530.0000,0.0000,0.0000,0.0000,0.0000,22545.0000,0.0000,0.0000,0.0000,0.0000,4,0,0,0,0,1,0,0,0,0
sc,ru1301,2012-06-29 09:03:52.000,22535.0000,16116,0,0.0000,0.0000,0,0,空换,S,22530.0000,0.0000,0.0000,0.0000,0.0000,22540.0000,0.0000,0.0000,0.0000,0.0000,4,0,0,0,0,2,0,0,0,0
sc,ru1301,2012-06-29 09:03:52.500,22535.0000,16116,0,0.0000,0.0000,0,0,空换,S,22530.0000,0.0000,0.0000,0.0000,0.0000,22540.0000,0.0000,0.0000,0.0000,0.0000,4,0,0,0,0,2,0,0,0,0
sc,ru1301,2012-06-29 09:03:53.000,22535.0000,16116,0,0.0000,0.0000,0,0,空换,S,22530.0000,0.0000,0.0000,0.0000,0.0000,22540.0000,0.0000,0.0000,0.0000,0.0000,4,0,0,0,0,2,0,0,0,0
sc,ru1301,2012-06-29 09:03:53.500,22530.0000,16116,0,450600.0000,2.0000,1,1,空换,S,22530.0000,0.0000,0.0000,0.0000,0.0000,22540.0000,0.0000,0.0000,0.0000,0.0000,3,0,0,0,0,2,0,0,0,0
sc,ru1301,2012-06-29 09:03:54.000,22530.0000,16116,0,0.0000,0.0000,0,0,空换,S,22535.0000,0.0000,0.0000,0.0000,0.0000,22540.0000,0.0000,0.0000,0.0000,0.0000,1,0,0,0,0,2,0,0,0,0
sc,ru1301,2012-06-29 09:03:56.000,22535.0000,16118,2,450700.0000,2.0000,2,0,双开,B,22530.0000,0.0000,0.0000,0.0000,0.0000,22540.0000,0.0000,0.0000,0.0000,0.0000,3,0,0,0,0,2,0,0,0,0
sc,ru1301,2012-06-29 09:03:56.500,22535.0000,16118,0,0.0000,0.0000,0,0,多换,B,22535.0000,0.0000,0.0000,0.0000,0.0000,22550.0000,0.0000,0.0000,0.0000,0.0000,1,0,0,0,0,3,0,0,0,0
sc,ru1301,2012-06-29 09:03:57.000,22535.0000,16118,0,0.0000,0.0000,0,0,多换,B,22540.0000,0.0000,0.0000,0.0000,0.0000,22550.0000,0.0000,0.0000,0.0000,0.0000,2,0,0,0,0,3,0,0,0,0
sc,ru1301,2012-06-29 09:03:57.500,22535.0000,16120,2,450700.0000,2.0000,2,0,双开,B,22540.0000,0.0000,0.0000,0.0000,0.0000,22550.0000,0.0000,0.0000,0.0000,0.0000,2,0,0,0,0,3,0,0,0,0
sc,ru1301,2012-06-29 09:03:58.500,22535.0000,16120,0,0.0000,0.0000,0,0,多换,B,22540.0000,0.0000,0.0000,0.0000,0.0000,22550.0000,0.0000,0.0000,0.0000,0.0000,2,0,0,0,0,3,0,0,0,0
sc,ru1301,2012-06-29 09:03:59.000,22535.0000,16120,0,0.0000,0.0000,0,0,多换,B,22545.0000,0.0000,0.0000,0.0000,0.0000,22550.0000,0.0000,0.0000,0.0000,0.0000,1,0,0,0,0,3,0,0,0,0
sc,ru1301,2012-06-29 09:03:59.500,22535.0000,16120,0,0.0000,0.0000,0,0,多换,B,22545.0000,0.0000,0.0000,0.0000,0.0000,22550.0000,0.0000,0.0000,0.0000,0.0000,3,0,0,0,0,3,0,0,0,0
sc,ru1301,2012-06-29 09:04:00.000,22545.0000,16118,-2,450900.0000,2.0000,0,2,双平,B,22540.0000,0.0000,0.0000,0.0000,0.0000,22550.0000,0.0000,0.0000,0.0000,0.0000,2,0,0,0,0,3,0,0,0,0
sc,ru1301,2012-06-29 09:04:00.500,22545.0000,16118,0,0.0000,0.0000,0,0,多换,B,22540.0000,0.0000,0.0000,0.0000,0.0000,22550.0000,0.0000,0.0000,0.0000,0.0000,2,0,0,0,0,3,0,0,0,0
sc,ru1301,2012-06-29 09:04:01.500,22550.0000,16122,4,902000.0000,4.0000,4,0,双开,B,22540.0000,0.0000,0.0000,0.0000,0.0000,22550.0000,0.0000,0.0000,0.0000,0.0000,2,0,0,0,0,1,0,0,0,0
sc,ru1301,2012-06-29 09:04:02.000,22550.0000,16122,0,0.0000,0.0000,0,0,多换,B,22540.0000,0.0000,0.0000,0.0000,0.0000,22550.0000,0.0000,0.0000,0.0000,0.0000,3,0,0,0,0,1,0,0,0,0
sc,ru1301,2012-06-29 09:04:02.500,22550.0000,16122,0,0.0000,0.0000,0,0,多换,B,22540.0000,0.0000,0.0000,0.0000,0.0000,22550.0000,0.0000,0.0000,0.0000,0.0000,3,0,0,0,0,1,0,0,0,0
sc,ru1301,2012-06-29 09:04:03.000,22550.0000,16122,0,0.0000,0.0000,0,0,多换,B,22540.0000,0.0000,0.0000,0.0000,0.0000,22545.0000,0.0000,0.0000,0.0000,0.0000,3,0,0,0,0,2,0,0,0,0
sc,ru1301,2012-06-29 09:04:04.000,22545.0000,16120,-2,450900.0000,2.0000,0,2,双平,S,22540.0000,0.0000,0.0000,0.0000,0.0000,22545.0000,0.0000,0.0000,0.0000,0.0000,3,0,0,0,0,1,0,0,0,0
sc,ru1301,2012-06-29 09:04:04.500,22545.0000,16120,0,0.0000,0.0000,0,0,空换,S,22540.0000,0.0000,0.0000,0.0000,0.0000,22545.0000,0.0000,0.0000,0.0000,0.0000,1,0,0,0,0,1,0,0,0,0
sc,ru1301,2012-06-29 09:04:05.500,22545.0000,16120,0,0.0000,0.0000,0,0,空换,S,22540.0000,0.0000,0.0000,0.0000,0.0000,22545.0000,0.0000,0.0000,0.0000,0.0000,1,0,0,0,0,1,0,0,0,0
sc,ru1301,2012-06-29 09:04:06.000,22545.0000,16118,-2,450900.0000,2.0000,0,2,双平,S,22545.0000,0.0000,0.0000,0.0000,0.0000,22550.0000,0.0000,0.0000,0.0000,0.0000,1,0,0,0,0,1,0,0,0,0
sc,ru1301,2012-06-29 09:04:07.500,22545.0000,16118,0,0.0000,0.0000,0,0,空换,S,22545.0000,0.0000,0.0000,0.0000,0.0000,22550.0000,0.0000,0.0000,0.0000,0.0000,1,0,0,0,0,1,0,0,0,0
sc,ru1301,2012-06-29 09:04:10.000,22545.0000,16118,0,0.0000,0.0000,0,0,空换,S,22545.0000,0.0000,0.0000,0.0000,0.0000,22550.0000,0.0000,0.0000,0.0000,0.0000,2,0,0,0,0,1,0,0,0,0
sc,ru1301,2012-06-29 09:04:10.500,22545.0000,16120,2,901800.0000,4.0000,3,1,空开,S,22535.0000,0.0000,0.0000,0.0000,0.0000,22550.0000,0.0000,0.0000,0.0000,0.0000,1,0,0,0,0,1,0,0,0,0
sc,ru1301,2012-06-29 09:04:11.000,22545.0000,16120,0,0.0000,0.0000,0,0,空换,S,22535.0000,0.0000,0.0000,0.0000,0.0000,22550.0000,0.0000,0.0000,0.0000,0.0000,1,0,0,0,0,1,0,0,0,0
sc,ru1301,2012-06-29 09:04:11.500,22545.0000,16120,0,0.0000,0.0000,0,0,空换,S,22535.0000,0.0000,0.0000,0.0000,0.0000,22550.0000,0.0000,0.0000,0.0000,0.0000,3,0,0,0,0,1,0,0,0,0
sc,ru1301,2012-06-29 09:04:12.000,22550.0000,16122,2,451000.0000,2.0000,2,0,双开,B,22535.0000,0.0000,0.0000,0.0000,0.0000,22565.0000,0.0000,0.0000,0.0000,0.0000,6,0,0,0,0,1,0,0,0,0
sc,ru1301,2012-06-29 09:04:12.500,22550.0000,16122,0,0.0000,0.0000,0,0,多换,B,22535.0000,0.0000,0.0000,0.0000,0.0000,22550.0000,0.0000,0.0000,0.0000,0.0000,6,0,0,0,0,1,0,0,0,0
sc,ru1301,2012-06-29 09:04:13.000,22550.0000,16122,0,0.0000,0.0000,0,0,多换,B,22540.0000,0.0000,0.0000,0.0000,0.0000,22545.0000,0.0000,0.0000,0.0000,0.0000,2,0,0,0,0,1,0,0,0,0
sc,ru1301,2012-06-29 09:04:13.500,22550.0000,16122,0,0.0000,0.0000,0,0,多换,B,22540.0000,0.0000,0.0000,0.0000,0.0000,22550.0000,0.0000,0.0000,0.0000,0.0000,3,0,0,0,0,1,0,0,0,0
sc,ru1301,2012-06-29 09:04:14.500,22550.0000,16122,0,0.0000,0.0000,0,0,多换,B,22540.0000,0.0000,0.0000,0.0000,0.0000,22550.0000,0.0000,0.0000,0.0000,0.0000,3,0,0,0,0,1,0,0,0,0
sc,ru1301,2012-06-29 09:04:15.000,22550.0000,16122,0,0.0000,0.0000,0,0,多换,B,22540.0000,0.0000,0.0000,0.0000,0.0000,22550.0000,0.0000,0.0000,0.0000,0.0000,3,0,0,0,0,1,0,0,0,0
sc,ru1301,2012-06-29 09:04:15.500,22550.0000,16122,0,0.0000,0.0000,0,0,多换,B,22540.0000,0.0000,0.0000,0.0000,0.0000,22545.0000,0.0000,0.0000,0.0000,0.0000,3,0,0,0,0,1,0,0,0,0
sc,ru1301,2012-06-29 09:04:16.000,22545.0000,16124,2,450900.0000,2.0000,2,0,双开,S,22545.0000,0.0000,0.0000,0.0000,0.0000,22550.0000,0.0000,0.0000,0.0000,0.0000,1,0,0,0,0,1,0,0,0,0
sc,ru1301,2012-06-29 09:04:18.000,22545.0000,16124,0,450900.0000,2.0000,1,1,空换,S,22540.0000,0.0000,0.0000,0.0000,0.0000,22550.0000,0.0000,0.0000,0.0000,0.0000,3,0,0,0,0,1,0,0,0,0
sc,ru1301,2012-06-29 09:04:19.000,22550.0000,16122,-2,451000.0000,2.0000,0,2,双平,B,22545.0000,0.0000,0.0000,0.0000,0.0000,22560.0000,0.0000,0.0000,0.0000,0.0000,1,0,0,0,0,1,0,0,0,0
sc,ru1301,2012-06-29 09:04:19.500,22550.0000,16122,0,0.0000,0.0000,0,0,多换,B,22545.0000,0.0000,0.0000,0.0000,0.0000,22560.0000,0.0000,0.0000,0.0000,0.0000,2,0,0,0,0,2,0,0,0,0
sc,ru1301,2012-06-29 09:04:20.000,22550.0000,16122,0,0.0000,0.0000,0,0,多换,B,22550.0000,0.0000,0.0000,0.0000,0.0000,22560.0000,0.0000,0.0000,0.0000,0.0000,2,0,0,0,0,1,0,0,0,0
sc,ru1301,2012-06-29 09:04:21.000,22550.0000,16124,2,451000.0000,2.0000,2,0,双开,B,22550.0000,0.0000,0.0000,0.0000,0.0000,22560.0000,0.0000,0.0000,0.0000,0.0000,1,0,0,0,0,1,0,0,0,0
sc,ru1301,2012-06-29 09:04:22.500,22550.0000,16124,0,0.0000,0.0000,0,0,多换,B,22555.0000,0.0000,0.0000,0.0000,0.0000,22560.0000,0.0000,0.0000,0.0000,0.0000,1,0,0,0,0,1,0,0,0,0
sc,ru1301,2012-06-29 09:04:23.000,22550.0000,16124,0,0.0000,0.0000,0,0,多换,B,22550.0000,0.0000,0.0000,0.0000,0.0000,22560.0000,0.0000,0.0000,0.0000,0.0000,2,0,0,0,0,1,0,0,0,0
sc,ru1301,2012-06-29 09:04:23.500,22550.0000,16124,0,0.0000,0.0000,0,0,多换,B,22555.0000,0.0000,0.0000,0.0000,0.0000,22560.0000,0.0000,0.0000,0.0000,0.0000,1,0,0,0,0,1,0,0,0,0
sc,ru1301,2012-06-29 09:04:24.000,22550.0000,16128,4,902000.0000,4.0000,4,0,双开,B,22550.0000,0.0000,0.0000,0.0000,0.0000,22560.0000,0.0000,0.0000,0.0000,0.0000,2,0,0,0,0,1,0,0,0,0
sc,ru1301,2012-06-29 09:04:25.000,22550.0000,16128,0,0.0000,0.0000,0,0,多换,B,22550.0000,0.0000,0.0000,0.0000,0.0000,22560.0000,0.0000,0.0000,0.0000,0.0000,2,0,0,0,0,1,0,0,0,0
sc,ru1301,2012-06-29 09:04:25.500,22550.0000,16128,0,0.0000,0.0000,0,0,多换,B,22550.0000,0.0000,0.0000,0.0000,0.0000,22560.0000,0.0000,0.0000,0.0000,0.0000,1,0,0,0,0,1,0,0,0,0
sc,ru1301,2012-06-29 09:04:26.000,22550.0000,16128,0,0.0000,0.0000,0,0,多换,B,22550.0000,0.0000,0.0000,0.0000,0.0000,22555.0000,0.0000,0.0000,0.0000,0.0000,1,0,0,0,0,1,0,0,0,0
sc,ru1301,2012-06-29 09:04:26.500,22550.0000,16128,0,0.0000,0.0000,0,0,多换,B,22545.0000,0.0000,0.0000,0.0000,0.0000,22550.0000,0.0000,0.0000,0.0000,0.0000,1,0,0,0,0,2,0,0,0,0
sc,ru1301,2012-06-29 09:04:27.000,22550.0000,16128,0,0.0000,0.0000,0,0,多换,B,22545.0000,0.0000,0.0000,0.0000,0.0000,22555.0000,0.0000,0.0000,0.0000,0.0000,1,0,0,0,0,1,0,0,0,0
sc,ru1301,2012-06-29 09:04:28.500,22550.0000,16128,0,0.0000,0.0000,0,0,多换,B,22545.0000,0.0000,0.0000,0.0000,0.0000,22555.0000,0.0000,0.0000,0.0000,0.0000,1,0,0,0,0,1,0,0,0,0
sc,ru1301,2012-06-29 09:04:29.000,22550.0000,16128,0,0.0000,0.0000,0,0,多换,B,22545.0000,0.0000,0.0000,0.0000,0.0000,22555.0000,0.0000,0.0000,0.0000,0.0000,1,0,0,0,0,1,0,0,0,0
sc,ru1301,2012-06-29 09:04:29.500,22550.0000,16128,0,0.0000,0.0000,0,0,多换,B,22545.0000,0.0000,0.0000,0.0000,0.0000,22555.0000,0.0000,0.0000,0.0000,0.0000,1,0,0,0,0,1,0,0,0,0
sc,ru1301,2012-06-29 09:04:30.500,22550.0000,16128,0,0.0000,0.0000,0,0,多换,B,22545.0000,0.0000,0.0000,0.0000,0.0000,22555.0000,0.0000,0.0000,0.0000,0.0000,1,0,0,0,0,1,0,0,0,0
sc,ru1301,2012-06-29 09:04:31.000,22550.0000,16128,0,0.0000,0.0000,0,0,多换,B,22545.0000,0.0000,0.0000,0.0000,0.0000,22555.0000,0.0000,0.0000,0.0000,0.0000,1,0,0,0,0,1,0,0,0,0
sc,ru1301,2012-06-29 09:04:32.000,22550.0000,16128,0,0.0000,0.0000,0,0,多换,B,22545.0000,0.0000,0.0000,0.0000,0.0000,22555.0000,0.0000,0.0000,0.0000,0.0000,1,0,0,0,0,1,0,0,0,0
sc,ru1301,2012-06-29 09:04:34.500,22550.0000,16128,0,0.0000,0.0000,0,0,多换,B,22545.0000,0.0000,0.0000,0.0000,0.0000,22555.0000,0.0000,0.0000,0.0000,0.0000,1,0,0,0,0,1,0,0,0,0
sc,ru1301,2012-06-29 09:04:35.000,22550.0000,16128,0,0.0000,0.0000,0,0,多换,B,22550.0000,0.0000,0.0000,0.0000,0.0000,22555.0000,0.0000,0.0000,0.0000,0.0000,1,0,0,0,0,1,0,0,0,0
sc,ru1301,2012-06-29 09:04:36.000,22555.0000,16128,0,451100.0000,2.0000,1,1,多换,B,22555.0000,0.0000,0.0000,0.0000,0.0000,22560.0000,0.0000,0.0000,0.0000,0.0000,2,0,0,0,0,1,0,0,0,0
sc,ru1301,2012-06-29 09:04:37.000,22555.0000,16128,0,0.0000,0.0000,0,0,多换,B,22555.0000,0.0000,0.0000,0.0000,0.0000,22560.0000,0.0000,0.0000,0.0000,0.0000,2,0,0,0,0,1,0,0,0,0
sc,ru1301,2012-06-29 09:04:39.500,22555.0000,16128,0,0.0000,0.0000,0,0,多换,B,22555.0000,0.0000,0.0000,0.0000,0.0000,22560.0000,0.0000,0.0000,0.0000,0.0000,2,0,0,0,0,1,0,0,0,0
sc,ru1301,2012-06-29 09:04:41.000,22560.0000,16128,0,451200.0000,2.0000,1,1,多换,B,22560.0000,0.0000,0.0000,0.0000,0.0000,22570.0000,0.0000,0.0000,0.0000,0.0000,3,0,0,0,0,1,0,0,0,0
sc,ru1301,2012-06-29 09:04:41.500,22560.0000,16128,0,0.0000,0.0000,0,0,多换,B,22565.0000,0.0000,0.0000,0.0000,0.0000,22570.0000,0.0000,0.0000,0.0000,0.0000,2,0,0,0,0,1,0,0,0,0
sc,ru1301,2012-06-29 09:04:42.000,22570.0000,16132,4,1354000.0000,6.0000,5,1,多开,B,22560.0000,0.0000,0.0000,0.0000,0.0000,22575.0000,0.0000,0.0000,0.0000,0.0000,4,0,0,0,0,1,0,0,0,0
sc,ru1301,2012-06-29 09:04:43.000,22575.0000,16130,-2,451500.0000,2.0000,0,2,双平,B,22575.0000,0.0000,0.0000,0.0000,0.0000,22580.0000,0.0000,0.0000,0.0000,0.0000,2,0,0,0,0,14,0,0,0,0
sc,ru1301,2012-06-29 09:04:43.500,22575.0000,16128,-2,903000.0000,4.0000,1,3,空平,B,22565.0000,0.0000,0.0000,0.0000,0.0000,22575.0000,0.0000,0.0000,0.0000,0.0000,1,0,0,0,0,3,0,0,0,0
sc,ru1301,2012-06-29 09:04:44.000,22575.0000,16128,0,0.0000,0.0000,0,0,多换,B,22565.0000,0.0000,0.0000,0.0000,0.0000,22570.0000,0.0000,0.0000,0.0000,0.0000,1,0,0,0,0,1,0,0,0,0
sc,ru1301,2012-06-29 09:04:44.500,22565.0000,16132,4,902600.0000,4.0000,4,0,双开,S,22560.0000,0.0000,0.0000,0.0000,0.0000,22575.0000,0.0000,0.0000,0.0000,0.0000,1,0,0,0,0,3,0,0,0,0
sc,ru1301,2012-06-29 09:04:45.000,22565.0000,16132,0,0.0000,0.0000,0,0,空换,S,22565.0000,0.0000,0.0000,0.0000,0.0000,22575.0000,0.0000,0.0000,0.0000,0.0000,1,0,0,0,0,4,0,0,0,0
sc,ru1301,2012-06-29 09:04:45.500,22565.0000,16132,0,0.0000,0.0000,0,0,空换,S,22565.0000,0.0000,0.0000,0.0000,0.0000,22570.0000,0.0000,0.0000,0.0000,0.0000,1,0,0,0,0,2,0,0,0,0
sc,ru1301,2012-06-29 09:04:46.500,22565.0000,16132,0,0.0000,0.0000,0,0,空换,S,22565.0000,0.0000,0.0000,0.0000,0.0000,22570.0000,0.0000,0.0000,0.0000,0.0000,1,0,0,0,0,3,0,0,0,0
sc,ru1301,2012-06-29 09:04:47.500,22570.0000,16132,0,1354200.0000,6.0000,3,3,多换,B,22570.0000,0.0000,0.0000,0.0000,0.0000,22575.0000,0.0000,0.0000,0.0000,0.0000,5,0,0,0,0,3,0,0,0,0
sc,ru1301,2012-06-29 09:04:49.000,22570.0000,16132,0,0.0000,0.0000,0,0,多换,B,22570.0000,0.0000,0.0000,0.0000,0.0000,22575.0000,0.0000,0.0000,0.0000,0.0000,5,0,0,0,0,2,0,0,0,0
sc,ru1301,2012-06-29 09:04:49.500,22570.0000,16132,0,451400.0000,2.0000,1,1,多换,B,22570.0000,0.0000,0.0000,0.0000,0.0000,22575.0000,0.0000,0.0000,0.0000,0.0000,4,0,0,0,0,2,0,0,0,0
sc,ru1301,2012-06-29 09:04:53.000,22570.0000,16132,0,0.0000,0.0000,0,0,多换,B,22570.0000,0.0000,0.0000,0.0000,0.0000,22575.0000,0.0000,0.0000,0.0000,0.0000,4,0,0,0,0,2,0,0,0,0
sc,ru1301,2012-06-29 09:04:53.500,22570.0000,16132,0,0.0000,0.0000,0,0,多换,B,22570.0000,0.0000,0.0000,0.0000,0.0000,22575.0000,0.0000,0.0000,0.0000,0.0000,4,0,0,0,0,2,0,0,0,0
sc,ru1301,2012-06-29 09:04:54.000,22570.0000,16132,0,0.0000,0.0000,0,0,多换,B,22570.0000,0.0000,0.0000,0.0000,0.0000,22580.0000,0.0000,0.0000,0.0000,0.0000,4,0,0,0,0,11,0,0,0,0
sc,ru1301,2012-06-29 09:04:55.000,22570.0000,16132,0,0.0000,0.0000,0,0,多换,B,22570.0000,0.0000,0.0000,0.0000,0.0000,22580.0000,0.0000,0.0000,0.0000,0.0000,4,0,0,0,0,21,0,0,0,0
sc,ru1301,2012-06-29 09:04:55.500,22570.0000,16132,0,0.0000,0.0000,0,0,多换,B,22570.0000,0.0000,0.0000,0.0000,0.0000,22575.0000,0.0000,0.0000,0.0000,0.0000,4,0,0,0,0,1,0,0,0,0
sc,ru1301,2012-06-29 09:04:56.000,22575.0000,16132,0,451500.0000,2.0000,1,1,多换,B,22570.0000,0.0000,0.0000,0.0000,0.0000,22580.0000,0.0000,0.0000,0.0000,0.0000,4,0,0,0,0,21,0,0,0,0
sc,ru1301,2012-06-29 09:04:56.500,22575.0000,16132,0,0.0000,0.0000,0,0,多换,B,22570.0000,0.0000,0.0000,0.0000,0.0000,22575.0000,0.0000,0.0000,0.0000,0.0000,4,0,0,0,0,2,0,0,0,0
sc,ru1301,2012-06-29 09:04:57.000,22575.0000,16132,0,0.0000,0.0000,0,0,多换,B,22570.0000,0.0000,0.0000,0.0000,0.0000,22575.0000,0.0000,0.0000,0.0000,0.0000,4,0,0,0,0,2,0,0,0,0
sc,ru1301,2012-06-29 09:04:57.500,22575.0000,16132,0,451500.0000,2.0000,1,1,多换,B,22570.0000,0.0000,0.0000,0.0000,0.0000,22575.0000,0.0000,0.0000,0.0000,0.0000,5,0,0,0,0,1,0,0,0,0
sc,ru1301,2012-06-29 09:04:58.000,22575.0000,16132,0,451500.0000,2.0000,1,1,多换,B,22570.0000,0.0000,0.0000,0.0000,0.0000,22580.0000,0.0000,0.0000,0.0000,0.0000,5,0,0,0,0,21,0,0,0,0
sc,ru1301,2012-06-29 09:04:59.500,22580.0000,16132,0,451600.0000,2.0000,1,1,多换,B,22575.0000,0.0000,0.0000,0.0000,0.0000,22580.0000,0.0000,0.0000,0.0000,0.0000,4,0,0,0,0,20,0,0,0,0
sc,ru1301,2012-06-29 09:05:00.000,22580.0000,16132,0,0.0000,0.0000,0,0,多换,B,22575.0000,0.0000,0.0000,0.0000,0.0000,22580.0000,0.0000,0.0000,0.0000,0.0000,4,0,0,0,0,20,0,0,0,0
sc,ru1301,2012-06-29 09:05:01.000,22580.0000,16132,0,0.0000,0.0000,0,0,多换,B,22575.0000,0.0000,0.0000,0.0000,0.0000,22580.0000,0.0000,0.0000,0.0000,0.0000,4,0,0,0,0,20,0,0,0,0
sc,ru1301,2012-06-29 09:05:01.500,22575.0000,16134,2,903000.0000,4.0000,3,1,空开,S,22575.0000,0.0000,0.0000,0.0000,0.0000,22580.0000,0.0000,0.0000,0.0000,0.0000,4,0,0,0,0,20,0,0,0,0
sc,ru1301,2012-06-29 09:05:02.000,22575.0000,16134,0,0.0000,0.0000,0,0,空换,S,22575.0000,0.0000,0.0000,0.0000,0.0000,22580.0000,0.0000,0.0000,0.0000,0.0000,2,0,0,0,0,20,0,0,0,0
sc,ru1301,2012-06-29 09:05:02.500,22575.0000,16134,0,0.0000,0.0000,0,0,空换,S,22570.0000,0.0000,0.0000,0.0000,0.0000,22575.0000,0.0000,0.0000,0.0000,0.0000,5,0,0,0,0,2,0,0,0,0
sc,ru1301,2012-06-29 09:05:03.000,22575.0000,16134,0,451500.0000,2.0000,1,1,空换,S,22570.0000,0.0000,0.0000,0.0000,0.0000,22575.0000,0.0000,0.0000,0.0000,0.0000,5,0,0,0,0,1,0,0,0,0
sc,ru1301,2012-06-29 09:05:04.000,22575.0000,16134,0,0.0000,0.0000,0,0,空换,S,22570.0000,0.0000,0.0000,0.0000,0.0000,22575.0000,0.0000,0.0000,0.0000,0.0000,5,0,0,0,0,1,0,0,0,0
sc,ru1301,2012-06-29 09:05:04.500,22575.0000,16134,0,0.0000,0.0000,0,0,空换,S,22570.0000,0.0000,0.0000,0.0000,0.0000,22580.0000,0.0000,0.0000,0.0000,0.0000,5,0,0,0,0,20,0,0,0,0
sc,ru1301,2012-06-29 09:05:05.000,22575.0000,16134,0,0.0000,0.0000,0,0,空换,S,22570.0000,0.0000,0.0000,0.0000,0.0000,22580.0000,0.0000,0.0000,0.0000,0.0000,5,0,0,0,0,20,0,0,0,0
sc,ru1301,2012-06-29 09:05:05.500,22575.0000,16134,0,0.0000,0.0000,0,0,空换,S,22570.0000,0.0000,0.0000,0.0000,0.0000,22575.0000,0.0000,0.0000,0.0000,0.0000,5,0,0,0,0,1,0,0,0,0
sc,ru1301,2012-06-29 09:05:06.500,22575.0000,16134,0,0.0000,0.0000,0,0,空换,S,22570.0000,0.0000,0.0000,0.0000,0.0000,22580.0000,0.0000,0.0000,0.0000,0.0000,5,0,0,0,0,20,0,0,0,0
sc,ru1301,2012-06-29 09:05:07.000,22575.0000,16134,0,0.0000,0.0000,0,0,空换,S,22575.0000,0.0000,0.0000,0.0000,0.0000,22580.0000,0.0000,0.0000,0.0000,0.0000,1,0,0,0,0,20,0,0,0,0
sc,ru1301,2012-06-29 09:05:07.500,22575.0000,16134,0,0.0000,0.0000,0,0,空换,S,22575.0000,0.0000,0.0000,0.0000,0.0000,22580.0000,0.0000,0.0000,0.0000,0.0000,1,0,0,0,0,20,0,0,0,0
sc,ru1301,2012-06-29 09:05:08.000,22575.0000,16134,0,0.0000,0.0000,0,0,空换,S,22570.0000,0.0000,0.0000,0.0000,0.0000,22580.0000,0.0000,0.0000,0.0000,0.0000,5,0,0,0,0,20,0,0,0,0
sc,ru1301,2012-06-29 09:05:08.500,22575.0000,16134,0,0.0000,0.0000,0,0,空换,S,22570.0000,0.0000,0.0000,0.0000,0.0000,22575.0000,0.0000,0.0000,0.0000,0.0000,9,0,0,0,0,1,0,0,0,0
sc,ru1301,2012-06-29 09:05:09.000,22570.0000,16134,0,451400.0000,2.0000,1,1,空换,S,22570.0000,0.0000,0.0000,0.0000,0.0000,22575.0000,0.0000,0.0000,0.0000,0.0000,8,0,0,0,0,1,0,0,0,0
sc,ru1301,2012-06-29 09:05:09.500,22570.0000,16134,0,0.0000,0.0000,0,0,空换,S,22570.0000,0.0000,0.0000,0.0000,0.0000,22575.0000,0.0000,0.0000,0.0000,0.0000,8,0,0,0,0,1,0,0,0,0
sc,ru1301,2012-06-29 09:05:10.000,22570.0000,16134,0,0.0000,0.0000,0,0,空换,S,22570.0000,0.0000,0.0000,0.0000,0.0000,22575.0000,0.0000,0.0000,0.0000,0.0000,8,0,0,0,0,1,0,0,0,0
sc,ru1301,2012-06-29 09:05:10.500,22570.0000,16134,0,0.0000,0.0000,0,0,空换,S,22570.0000,0.0000,0.0000,0.0000,0.0000,22575.0000,0.0000,0.0000,0.0000,0.0000,8,0,0,0,0,2,0,0,0,0
sc,ru1301,2012-06-29 09:05:11.500,22570.0000,16134,0,0.0000,0.0000,0,0,空换,S,22570.0000,0.0000,0.0000,0.0000,0.0000,22575.0000,0.0000,0.0000,0.0000,0.0000,8,0,0,0,0,1,0,0,0,0
sc,ru1301,2012-06-29 09:05:12.500,22575.0000,16136,2,451500.0000,2.0000,2,0,双开,B,22570.0000,0.0000,0.0000,0.0000,0.0000,22575.0000,0.0000,0.0000,0.0000,0.0000,8,0,0,0,0,1,0,0,0,0
sc,ru1301,2012-06-29 09:05:13.000,22570.0000,16144,8,1805600.0000,8.0000,8,0,双开,S,22570.0000,0.0000,0.0000,0.0000,0.0000,22575.0000,0.0000,0.0000,0.0000,0.0000,4,0,0,0,0,1,0,0,0,0
sc,ru1301,2012-06-29 09:05:13.500,22570.0000,16144,0,0.0000,0.0000,0,0,空换,S,22570.0000,0.0000,0.0000,0.0000,0.0000,22575.0000,0.0000,0.0000,0.0000,0.0000,4,0,0,0,0,3,0,0,0,0
sc,ru1301,2012-06-29 09:05:14.000,22575.0000,16144,0,451500.0000,2.0000,1,1,多换,B,22570.0000,0.0000,0.0000,0.0000,0.0000,22575.0000,0.0000,0.0000,0.0000,0.0000,4,0,0,0,0,3,0,0,0,0
sc,ru1301,2012-06-29 09:05:14.500,22575.0000,16144,0,0.0000,0.0000,0,0,多换,B,22570.0000,0.0000,0.0000,0.0000,0.0000,22575.0000,0.0000,0.0000,0.0000,0.0000,4,0,0,0,0,3,0,0,0,0
sc,ru1301,2012-06-29 09:05:17.000,22575.0000,16144,0,0.0000,0.0000,0,0,多换,B,22570.0000,0.0000,0.0000,0.0000,0.0000,22575.0000,0.0000,0.0000,0.0000,0.0000,4,0,0,0,0,3,0,0,0,0
sc,ru1301,2012-06-29 09:05:17.500,22575.0000,16144,0,0.0000,0.0000,0,0,多换,B,22570.0000,0.0000,0.0000,0.0000,0.0000,22575.0000,0.0000,0.0000,0.0000,0.0000,5,0,0,0,0,3,0,0,0,0
sc,ru1301,2012-06-29 09:05:18.500,22575.0000,16144,0,0.0000,0.0000,0,0,多换,B,22570.0000,0.0000,0.0000,0.0000,0.0000,22575.0000,0.0000,0.0000,0.0000,0.0000,7,0,0,0,0,3,0,0,0,0
sc,ru1301,2012-06-29 09:05:19.000,22575.0000,16142,-2,451500.0000,2.0000,0,2,双平,B,22570.0000,0.0000,0.0000,0.0000,0.0000,22575.0000,0.0000,0.0000,0.0000,0.0000,7,0,0,0,0,1,0,0,0,0
sc,ru1301,2012-06-29 09:05:19.500,22575.0000,16142,0,0.0000,0.0000,0,0,多换,B,22570.0000,0.0000,0.0000,0.0000,0.0000,22575.0000,0.0000,0.0000,0.0000,0.0000,5,0,0,0,0,1,0,0,0,0
sc,ru1301,2012-06-29 09:05:22.500,22570.0000,16146,4,2257200.0000,10.0000,7,3,空开,S,22570.0000,0.0000,0.0000,0.0000,0.0000,22580.0000,0.0000,0.0000,0.0000,0.0000,3,0,0,0,0,13,0,0,0,0
sc,ru1301,2012-06-29 09:05:23.000,22570.0000,16146,0,0.0000,0.0000,0,0,空换,S,22570.0000,0.0000,0.0000,0.0000,0.0000,22580.0000,0.0000,0.0000,0.0000,0.0000,3,0,0,0,0,13,0,0,0,0
sc,ru1301,2012-06-29 09:05:23.500,22570.0000,16146,0,0.0000,0.0000,0,0,空换,S,22570.0000,0.0000,0.0000,0.0000,0.0000,22575.0000,0.0000,0.0000,0.0000,0.0000,3,0,0,0,0,2,0,0,0,0
sc,ru1301,2012-06-29 09:05:24.000,22570.0000,16146,0,0.0000,0.0000,0,0,空换,S,22570.0000,0.0000,0.0000,0.0000,0.0000,22575.0000,0.0000,0.0000,0.0000,0.0000,3,0,0,0,0,2,0,0,0,0
sc,ru1301,2012-06-29 09:05:25.000,22570.0000,16146,0,0.0000,0.0000,0,0,空换,S,22570.0000,0.0000,0.0000,0.0000,0.0000,22575.0000,0.0000,0.0000,0.0000,0.0000,3,0,0,0,0,2,0,0,0,0
sc,ru1301,2012-06-29 09:05:25.500,22570.0000,16146,0,0.0000,0.0000,0,0,空换,S,22570.0000,0.0000,0.0000,0.0000,0.0000,22575.0000,0.0000,0.0000,0.0000,0.0000,3,0,0,0,0,3,0,0,0,0
sc,ru1301,2012-06-29 09:05:26.500,22575.0000,16140,-6,1354500.0000,6.0000,0,6,双平,B,22575.0000,0.0000,0.0000,0.0000,0.0000,22580.0000,0.0000,0.0000,0.0000,0.0000,1,0,0,0,0,13,0,0,0,0
sc,ru1301,2012-06-29 09:05:27.000,22575.0000,16138,-2,451500.0000,2.0000,0,2,双平,B,22570.0000,0.0000,0.0000,0.0000,0.0000,22580.0000,0.0000,0.0000,0.0000,0.0000,3,0,0,0,0,13,0,0,0,0
sc,ru1301,2012-06-29 09:05:27.500,22575.0000,16138,0,0.0000,0.0000,0,0,多换,B,22570.0000,0.0000,0.0000,0.0000,0.0000,22580.0000,0.0000,0.0000,0.0000,0.0000,3,0,0,0,0,13,0,0,0,0
sc,ru1301,2012-06-29 09:05:28.000,22570.0000,16140,2,451400.0000,2.0000,2,0,双开,S,22570.0000,0.0000,0.0000,0.0000,0.0000,22575.0000,0.0000,0.0000,0.0000,0.0000,2,0,0,0,0,1,0,0,0,0
sc,ru1301,2012-06-29 09:05:29.500,22570.0000,16140,0,0.0000,0.0000,0,0,空换,S,22570.0000,0.0000,0.0000,0.0000,0.0000,22575.0000,0.0000,0.0000,0.0000,0.0000,2,0,0,0,0,1,0,0,0,0
sc,ru1301,2012-06-29 09:05:30.000,22570.0000,16140,0,0.0000,0.0000,0,0,空换,S,22570.0000,0.0000,0.0000,0.0000,0.0000,22575.0000,0.0000,0.0000,0.0000,0.0000,2,0,0,0,0,1,0,0,0,0
sc,ru1301,2012-06-29 09:05:30.500,22570.0000,16140,0,0.0000,0.0000,0,0,空换,S,22570.0000,0.0000,0.0000,0.0000,0.0000,22575.0000,0.0000,0.0000,0.0000,0.0000,2,0,0,0,0,2,0,0,0,0
sc,ru1301,2012-06-29 09:05:31.500,22570.0000,16140,0,0.0000,0.0000,0,0,空换,S,22570.0000,0.0000,0.0000,0.0000,0.0000,22575.0000,0.0000,0.0000,0.0000,0.0000,2,0,0,0,0,2,0,0,0,0
sc,ru1301,2012-06-29 09:05:32.000,22570.0000,16140,0,0.0000,0.0000,0,0,空换,S,22570.0000,0.0000,0.0000,0.0000,0.0000,22575.0000,0.0000,0.0000,0.0000,0.0000,27,0,0,0,0,2,0,0,0,0
sc,ru1301,2012-06-29 09:05:32.500,22575.0000,16144,4,903000.0000,4.0000,4,0,双开,B,22575.0000,0.0000,0.0000,0.0000,0.0000,22580.0000,0.0000,0.0000,0.0000,0.0000,8,0,0,0,0,13,0,0,0,0
sc,ru1301,2012-06-29 09:05:33.000,22575.0000,16144,0,903000.0000,4.0000,2,2,多换,B,22575.0000,0.0000,0.0000,0.0000,0.0000,22580.0000,0.0000,0.0000,0.0000,0.0000,6,0,0,0,0,13,0,0,0,0
sc,ru1301,2012-06-29 09:05:35.500,22575.0000,16146,2,451500.0000,2.0000,2,0,双开,B,22575.0000,0.0000,0.0000,0.0000,0.0000,22580.0000,0.0000,0.0000,0.0000,0.0000,5,0,0,0,0,13,0,0,0,0
sc,ru1301,2012-06-29 09:05:36.500,22575.0000,16146,0,0.0000,0.0000,0,0,多换,B,22575.0000,0.0000,0.0000,0.0000,0.0000,22580.0000,0.0000,0.0000,0.0000,0.0000,5,0,0,0,0,13,0,0,0,0
sc,ru1301,2012-06-29 09:05:37.000,22575.0000,16150,4,903000.0000,4.0000,4,0,双开,B,22575.0000,0.0000,0.0000,0.0000,0.0000,22580.0000,0.0000,0.0000,0.0000,0.0000,4,0,0,0,0,13,0,0,0,0
sc,ru1301,2012-06-29 09:05:37.500,22575.0000,16150,0,0.0000,0.0000,0,0,多换,B,22575.0000,0.0000,0.0000,0.0000,0.0000,22580.0000,0.0000,0.0000,0.0000,0.0000,4,0,0,0,0,13,0,0,0,0
sc,ru1301,2012-06-29 09:05:38.000,22580.0000,16152,2,451600.0000,2.0000,2,0,双开,B,22575.0000,0.0000,0.0000,0.0000,0.0000,22580.0000,0.0000,0.0000,0.0000,0.0000,4,0,0,0,0,12,0,0,0,0
sc,ru1301,2012-06-29 09:05:38.500,22580.0000,16152,0,0.0000,0.0000,0,0,多换,B,22575.0000,0.0000,0.0000,0.0000,0.0000,22580.0000,0.0000,0.0000,0.0000,0.0000,4,0,0,0,0,12,0,0,0,0
sc,ru1301,2012-06-29 09:05:40.000,22580.0000,16152,0,0.0000,0.0000,0,0,多换,B,22575.0000,0.0000,0.0000,0.0000,0.0000,22580.0000,0.0000,0.0000,0.0000,0.0000,4,0,0,0,0,12,0,0,0,0
sc,ru1301,2012-06-29 09:05:40.500,22580.0000,16152,0,0.0000,0.0000,0,0,多换,B,22575.0000,0.0000,0.0000,0.0000,0.0000,22580.0000,0.0000,0.0000,0.0000,0.0000,4,0,0,0,0,12,0,0,0,0
sc,ru1301,2012-06-29 09:05:41.000,22575.0000,16152,0,903100.0000,4.0000,2,2,空换,S,22575.0000,0.0000,0.0000,0.0000,0.0000,22580.0000,0.0000,0.0000,0.0000,0.0000,3,0,0,0,0,11,0,0,0,0
sc,ru1301,2012-06-29 09:05:41.500,22575.0000,16152,0,0.0000,0.0000,0,0,空换,S,22575.0000,0.0000,0.0000,0.0000,0.0000,22580.0000,0.0000,0.0000,0.0000,0.0000,3,0,0,0,0,11,0,0,0,0
sc,ru1301,2012-06-29 09:05:42.500,22575.0000,16152,0,0.0000,0.0000,0,0,空换,S,22575.0000,0.0000,0.0000,0.0000,0.0000,22580.0000,0.0000,0.0000,0.0000,0.0000,5,0,0,0,0,11,0,0,0,0
sc,ru1301,2012-06-29 09:05:43.000,22580.0000,16152,0,451600.0000,2.0000,1,1,多换,B,22575.0000,0.0000,0.0000,0.0000,0.0000,22580.0000,0.0000,0.0000,0.0000,0.0000,7,0,0,0,0,10,0,0,0,0
sc,ru1301,2012-06-29 09:05:43.500,22580.0000,16150,-2,4516000.0000,20.0000,9,11,空平,B,22575.0000,0.0000,0.0000,0.0000,0.0000,22590.0000,0.0000,0.0000,0.0000,0.0000,9,0,0,0,0,4,0,0,0,0
sc,ru1301,2012-06-29 09:05:44.000,22580.0000,16150,0,0.0000,0.0000,0,0,多换,B,22580.0000,0.0000,0.0000,0.0000,0.0000,22590.0000,0.0000,0.0000,0.0000,0.0000,3,0,0,0,0,4,0,0,0,0
sc,ru1301,2012-06-29 09:05:44.500,22580.0000,16150,0,0.0000,0.0000,0,0,多换,B,22585.0000,0.0000,0.0000,0.0000,0.0000,22590.0000,0.0000,0.0000,0.0000,0.0000,2,0,0,0,0,4,0,0,0,0
sc,ru1301,2012-06-29 09:05:45.000,22590.0000,16142,-8,1807200.0000,8.0000,0,8,双平,B,22590.0000,0.0000,0.0000,0.0000,0.0000,22595.0000,0.0000,0.0000,0.0000,0.0000,2,0,0,0,0,6,0,0,0,0
sc,ru1301,2012-06-29 09:05:45.500,22590.0000,16142,0,0.0000,0.0000,0,0,多换,B,22590.0000,0.0000,0.0000,0.0000,0.0000,22595.0000,0.0000,0.0000,0.0000,0.0000,2,0,0,0,0,6,0,0,0,0
sc,ru1301,2012-06-29 09:05:46.000,22590.0000,16142,0,0.0000,0.0000,0,0,多换,B,22590.0000,0.0000,0.0000,0.0000,0.0000,22595.0000,0.0000,0.0000,0.0000,0.0000,2,0,0,0,0,6,0,0,0,0
sc,ru1301,2012-06-29 09:05:46.500,22590.0000,16142,0,0.0000,0.0000,0,0,多换,B,22590.0000,0.0000,0.0000,0.0000,0.0000,22595.0000,0.0000,0.0000,0.0000,0.0000,4,0,0,0,0,6,0,0,0,0
sc,ru1301,2012-06-29 09:05:47.000,22590.0000,16140,-2,1807200.0000,8.0000,3,5,空平,B,22580.0000,0.0000,0.0000,0.0000,0.0000,22590.0000,0.0000,0.0000,0.0000,0.0000,3,0,0,0,0,4,0,0,0,0
sc,ru1301,2012-06-29 09:05:47.500,22590.0000,16140,0,0.0000,0.0000,0,0,多换,B,22580.0000,0.0000,0.0000,0.0000,0.0000,22590.0000,0.0000,0.0000,0.0000,0.0000,3,0,0,0,0,4,0,0,0,0
sc,ru1301,2012-06-29 09:05:48.000,22590.0000,16140,0,0.0000,0.0000,0,0,多换,B,22580.0000,0.0000,0.0000,0.0000,0.0000,22590.0000,0.0000,0.0000,0.0000,0.0000,1,0,0,0,0,4,0,0,0,0
sc,ru1301,2012-06-29 09:05:48.500,22590.0000,16140,0,0.0000,0.0000,0,0,多换,B,22580.0000,0.0000,0.0000,0.0000,0.0000,22590.0000,0.0000,0.0000,0.0000,0.0000,1,0,0,0,0,6,0,0,0,0
sc,ru1301,2012-06-29 09:05:49.000,22590.0000,16140,0,0.0000,0.0000,0,0,多换,B,22580.0000,0.0000,0.0000,0.0000,0.0000,22590.0000,0.0000,0.0000,0.0000,0.0000,1,0,0,0,0,8,0,0,0,0
sc,ru1301,2012-06-29 09:05:49.500,22590.0000,16140,0,0.0000,0.0000,0,0,多换,B,22575.0000,0.0000,0.0000,0.0000,0.0000,22590.0000,0.0000,0.0000,0.0000,0.0000,2,0,0,0,0,8,0,0,0,0
sc,ru1301,2012-06-29 09:05:50.000,22590.0000,16140,0,0.0000,0.0000,0,0,多换,B,22580.0000,0.0000,0.0000,0.0000,0.0000,22590.0000,0.0000,0.0000,0.0000,0.0000,1,0,0,0,0,6,0,0,0,0
sc,ru1301,2012-06-29 09:05:50.500,22575.0000,16144,4,1806100.0000,8.0000,6,2,空开,S,22570.0000,0.0000,0.0000,0.0000,0.0000,22585.0000,0.0000,0.0000,0.0000,0.0000,3,0,0,0,0,1,0,0,0,0
sc,ru1301,2012-06-29 09:05:51.000,22575.0000,16144,0,0.0000,0.0000,0,0,空换,S,22580.0000,0.0000,0.0000,0.0000,0.0000,22585.0000,0.0000,0.0000,0.0000,0.0000,26,0,0,0,0,1,0,0,0,0
sc,ru1301,2012-06-29 09:05:51.500,22575.0000,16144,0,0.0000,0.0000,0,0,空换,S,22580.0000,0.0000,0.0000,0.0000,0.0000,22585.0000,0.0000,0.0000,0.0000,0.0000,26,0,0,0,0,4,0,0,0,0
sc,ru1301,2012-06-29 09:05:52.000,22580.0000,16172,28,7225600.0000,32.0000,30,2,多开,B,22580.0000,0.0000,0.0000,0.0000,0.0000,22585.0000,0.0000,0.0000,0.0000,0.0000,10,0,0,0,0,3,0,0,0,0
sc,ru1301,2012-06-29 09:05:52.500,22580.0000,16172,0,0.0000,0.0000,0,0,多换,B,22580.0000,0.0000,0.0000,0.0000,0.0000,22585.0000,0.0000,0.0000,0.0000,0.0000,10,0,0,0,0,2,0,0,0,0
sc,ru1301,2012-06-29 09:05:54.000,22580.0000,16172,0,0.0000,0.0000,0,0,多换,B,22580.0000,0.0000,0.0000,0.0000,0.0000,22585.0000,0.0000,0.0000,0.0000,0.0000,12,0,0,0,0,2,0,0,0,0
sc,ru1301,2012-06-29 09:05:54.500,22580.0000,16172,0,0.0000,0.0000,0,0,多换,B,22580.0000,0.0000,0.0000,0.0000,0.0000,22585.0000,0.0000,0.0000,0.0000,0.0000,12,0,0,0,0,2,0,0,0,0
sc,ru1301,2012-06-29 09:05:55.000,22585.0000,16170,-2,903400.0000,4.0000,1,3,空平,B,22580.0000,0.0000,0.0000,0.0000,0.0000,22590.0000,0.0000,0.0000,0.0000,0.0000,10,0,0,0,0,1,0,0,0,0
sc,ru1301,2012-06-29 09:05:56.000,22585.0000,16170,0,0.0000,0.0000,0,0,多换,B,22580.0000,0.0000,0.0000,0.0000,0.0000,22590.0000,0.0000,0.0000,0.0000,0.0000,10,0,0,0,0,1,0,0,0,0
sc,ru1301,2012-06-29 09:05:57.000,22580.0000,16170,0,451600.0000,2.0000,1,1,空换,S,22580.0000,0.0000,0.0000,0.0000,0.0000,22590.0000,0.0000,0.0000,0.0000,0.0000,11,0,0,0,0,1,0,0,0,0
sc,ru1301,2012-06-29 09:05:58.000,22580.0000,16170,0,0.0000,0.0000,0,0,空换,S,22585.0000,0.0000,0.0000,0.0000,0.0000,22590.0000,0.0000,0.0000,0.0000,0.0000,2,0,0,0,0,2,0,0,0,0
sc,ru1301,2012-06-29 09:05:58.500,22580.0000,16170,0,0.0000,0.0000,0,0,空换,S,22585.0000,0.0000,0.0000,0.0000,0.0000,22590.0000,0.0000,0.0000,0.0000,0.0000,2,0,0,0,0,2,0,0,0,0
sc,ru1301,2012-06-29 09:05:59.000,22590.0000,16168,-2,903600.0000,4.0000,1,3,空平,B,22590.0000,0.0000,0.0000,0.0000,0.0000,22595.0000,0.0000,0.0000,0.0000,0.0000,6,0,0,0,0,6,0,0,0,0
sc,ru1301,2012-06-29 09:06:00.000,22590.0000,16168,0,0.0000,0.0000,0,0,多换,B,22590.0000,0.0000,0.0000,0.0000,0.0000,22595.0000,0.0000,0.0000,0.0000,0.0000,6,0,0,0,0,6,0,0,0,0
sc,ru1301,2012-06-29 09:06:01.000,22590.0000,16168,0,0.0000,0.0000,0,0,多换,B,22590.0000,0.0000,0.0000,0.0000,0.0000,22595.0000,0.0000,0.0000,0.0000,0.0000,6,0,0,0,0,6,0,0,0,0
sc,ru1301,2012-06-29 09:06:01.500,22590.0000,16168,0,0.0000,0.0000,0,0,多换,B,22590.0000,0.0000,0.0000,0.0000,0.0000,22595.0000,0.0000,0.0000,0.0000,0.0000,6,0,0,0,0,6,0,0,0,0
