市场代码,合约代码,时间,最新,持仓,增仓,成交额,成交量,开仓,平仓,成交类型,方向,买一价,买二价,买三价,买四价,买五价,卖一价,卖二价,卖三价,卖四价,卖五价,买一量,买二量,买三量,买四量,买五量,卖一量,卖二量,卖三量,卖四量,卖五量
sc,ru1303,2012-06-29 07:36:29.500,22835.0000,216,0,0.0000,0.0000,0,0,多换,B,0.0000,0.0000,0.0000,0.0000,0.0000,0.0000,0.0000,0.0000,0.0000,0.0000,0,0,0,0,0,0,0,0,0,0
sc,ru1303,2012-06-29 08:59:00.500,22835.0000,216,0,0.0000,0.0000,0,0,多换,B,0.0000,0.0000,0.0000,0.0000,0.0000,0.0000,0.0000,0.0000,0.0000,0.0000,0,0,0,0,0,0,0,0,0,0
sc,ru1303,2012-06-29 09:00:01.000,22835.0000,216,0,0.0000,0.0000,0,0,多换,B,21415.0000,0.0000,0.0000,0.0000,0.0000,24140.0000,0.0000,0.0000,0.0000,0.0000,1,0,0,0,0,1,0,0,0,0
sc,ru1303,2012-06-29 09:00:01.500,22835.0000,216,0,0.0000,0.0000,0,0,多换,B,21420.0000,0.0000,0.0000,0.0000,0.0000,24135.0000,0.0000,0.0000,0.0000,0.0000,10,0,0,0,0,13,0,0,0,0
sc,ru1303,2012-06-29 09:00:02.000,22835.0000,216,0,0.0000,0.0000,0,0,多换,B,21420.0000,0.0000,0.0000,0.0000,0.0000,24130.0000,0.0000,0.0000,0.0000,0.0000,10,0,0,0,0,1,0,0,0,0
sc,ru1303,2012-06-29 09:00:02.500,22835.0000,216,0,0.0000,0.0000,0,0,多换,B,21425.0000,0.0000,0.0000,0.0000,0.0000,24125.0000,0.0000,0.0000,0.0000,0.0000,1,0,0,0,0,11,0,0,0,0
sc,ru1303,2012-06-29 09:00:03.000,22835.0000,216,0,0.0000,0.0000,0,0,多换,B,21515.0000,0.0000,0.0000,0.0000,0.0000,24040.0000,0.0000,0.0000,0.0000,0.0000,2,0,0,0,0,2,0,0,0,0
sc,ru1303,2012-06-29 09:00:03.500,22835.0000,216,0,0.0000,0.0000,0,0,多换,B,21520.0000,0.0000,0.0000,0.0000,0.0000,24035.0000,0.0000,0.0000,0.0000,0.0000,1,0,0,0,0,4,0,0,0,0
sc,ru1303,2012-06-29 09:00:04.000,22835.0000,216,0,0.0000,0.0000,0,0,多换,B,21520.0000,0.0000,0.0000,0.0000,0.0000,24030.0000,0.0000,0.0000,0.0000,0.0000,1,0,0,0,0,10,0,0,0,0
sc,ru1303,2012-06-29 09:00:04.500,22835.0000,216,0,0.0000,0.0000,0,0,多换,B,21525.0000,0.0000,0.0000,0.0000,0.0000,24025.0000,0.0000,0.0000,0.0000,0.0000,30,0,0,0,0,1,0,0,0,0
sc,ru1303,2012-06-29 09:00:05.000,22835.0000,216,0,0.0000,0.0000,0,0,多换,B,21530.0000,0.0000,0.0000,0.0000,0.0000,24020.0000,0.0000,0.0000,0.0000,0.0000,1,0,0,0,0,1,0,0,0,0
sc,ru1303,2012-06-29 09:00:05.500,22835.0000,216,0,0.0000,0.0000,0,0,多换,B,21530.0000,0.0000,0.0000,0.0000,0.0000,24015.0000,0.0000,0.0000,0.0000,0.0000,1,0,0,0,0,13,0,0,0,0
sc,ru1303,2012-06-29 09:00:06.000,22835.0000,216,0,0.0000,0.0000,0,0,多换,B,21535.0000,0.0000,0.0000,0.0000,0.0000,24015.0000,0.0000,0.0000,0.0000,0.0000,10,0,0,0,0,37,0,0,0,0
sc,ru1303,2012-06-29 09:00:06.500,22835.0000,216,0,0.0000,0.0000,0,0,多换,B,21545.0000,0.0000,0.0000,0.0000,0.0000,24015.0000,0.0000,0.0000,0.0000,0.0000,20,0,0,0,0,37,0,0,0,0
sc,ru1303,2012-06-29 09:00:07.000,22835.0000,216,0,0.0000,0.0000,0,0,多换,B,22010.0000,0.0000,0.0000,0.0000,0.0000,23205.0000,0.0000,0.0000,0.0000,0.0000,1,0,0,0,0,1,0,0,0,0
sc,ru1303,2012-06-29 09:00:07.500,22835.0000,216,0,0.0000,0.0000,0,0,多换,B,22015.0000,0.0000,0.0000,0.0000,0.0000,23200.0000,0.0000,0.0000,0.0000,0.0000,11,0,0,0,0,11,0,0,0,0
sc,ru1303,2012-06-29 09:00:08.000,22835.0000,216,0,0.0000,0.0000,0,0,多换,B,22015.0000,0.0000,0.0000,0.0000,0.0000,23195.0000,0.0000,0.0000,0.0000,0.0000,11,0,0,0,0,2,0,0,0,0
sc,ru1303,2012-06-29 09:00:08.500,22835.0000,216,0,0.0000,0.0000,0,0,多换,B,22015.0000,0.0000,0.0000,0.0000,0.0000,23190.0000,0.0000,0.0000,0.0000,0.0000,11,0,0,0,0,1,0,0,0,0
sc,ru1303,2012-06-29 09:00:09.000,22835.0000,216,0,0.0000,0.0000,0,0,多换,B,22015.0000,0.0000,0.0000,0.0000,0.0000,23185.0000,0.0000,0.0000,0.0000,0.0000,11,0,0,0,0,11,0,0,0,0
sc,ru1303,2012-06-29 09:00:09.500,22835.0000,216,0,0.0000,0.0000,0,0,多换,B,22015.0000,0.0000,0.0000,0.0000,0.0000,23180.0000,0.0000,0.0000,0.0000,0.0000,11,0,0,0,0,1,0,0,0,0
sc,ru1303,2012-06-29 09:00:10.000,22835.0000,216,0,0.0000,0.0000,0,0,多换,B,22015.0000,0.0000,0.0000,0.0000,0.0000,23175.0000,0.0000,0.0000,0.0000,0.0000,12,0,0,0,0,2,0,0,0,0
sc,ru1303,2012-06-29 09:00:10.500,22835.0000,216,0,0.0000,0.0000,0,0,多换,B,22015.0000,0.0000,0.0000,0.0000,0.0000,23170.0000,0.0000,0.0000,0.0000,0.0000,12,0,0,0,0,1,0,0,0,0
sc,ru1303,2012-06-29 09:00:11.000,22835.0000,216,0,0.0000,0.0000,0,0,多换,B,22115.0000,0.0000,0.0000,0.0000,0.0000,23160.0000,0.0000,0.0000,0.0000,0.0000,2,0,0,0,0,1,0,0,0,0
sc,ru1303,2012-06-29 09:00:11.500,22835.0000,216,0,0.0000,0.0000,0,0,多换,B,22120.0000,0.0000,0.0000,0.0000,0.0000,23155.0000,0.0000,0.0000,0.0000,0.0000,11,0,0,0,0,1,0,0,0,0
sc,ru1303,2012-06-29 09:00:12.000,22835.0000,216,0,0.0000,0.0000,0,0,多换,B,22120.0000,0.0000,0.0000,0.0000,0.0000,23150.0000,0.0000,0.0000,0.0000,0.0000,11,0,0,0,0,12,0,0,0,0
sc,ru1303,2012-06-29 09:00:12.500,22835.0000,216,0,0.0000,0.0000,0,0,多换,B,22120.0000,0.0000,0.0000,0.0000,0.0000,23145.0000,0.0000,0.0000,0.0000,0.0000,11,0,0,0,0,1,0,0,0,0
sc,ru1303,2012-06-29 09:00:13.000,22835.0000,216,0,0.0000,0.0000,0,0,多换,B,22120.0000,0.0000,0.0000,0.0000,0.0000,23145.0000,0.0000,0.0000,0.0000,0.0000,11,0,0,0,0,2,0,0,0,0
sc,ru1303,2012-06-29 09:00:13.500,22835.0000,216,0,0.0000,0.0000,0,0,多换,B,22120.0000,0.0000,0.0000,0.0000,0.0000,23130.0000,0.0000,0.0000,0.0000,0.0000,11,0,0,0,0,4,0,0,0,0
sc,ru1303,2012-06-29 09:00:14.000,22835.0000,216,0,0.0000,0.0000,0,0,多换,B,22120.0000,0.0000,0.0000,0.0000,0.0000,23125.0000,0.0000,0.0000,0.0000,0.0000,11,0,0,0,0,3,0,0,0,0
sc,ru1303,2012-06-29 09:00:14.500,22835.0000,216,0,0.0000,0.0000,0,0,多换,B,22120.0000,0.0000,0.0000,0.0000,0.0000,23125.0000,0.0000,0.0000,0.0000,0.0000,11,0,0,0,0,3,0,0,0,0
sc,ru1303,2012-06-29 09:00:15.000,22835.0000,216,0,0.0000,0.0000,0,0,多换,B,22120.0000,0.0000,0.0000,0.0000,0.0000,23120.0000,0.0000,0.0000,0.0000,0.0000,11,0,0,0,0,11,0,0,0,0
sc,ru1303,2012-06-29 09:00:15.500,22835.0000,216,0,0.0000,0.0000,0,0,多换,B,22120.0000,0.0000,0.0000,0.0000,0.0000,23115.0000,0.0000,0.0000,0.0000,0.0000,11,0,0,0,0,1,0,0,0,0
sc,ru1303,2012-06-29 09:00:16.000,22835.0000,216,0,0.0000,0.0000,0,0,多换,B,22120.0000,0.0000,0.0000,0.0000,0.0000,23110.0000,0.0000,0.0000,0.0000,0.0000,11,0,0,0,0,1,0,0,0,0
sc,ru1303,2012-06-29 09:00:16.500,22835.0000,216,0,0.0000,0.0000,0,0,多换,B,22120.0000,0.0000,0.0000,0.0000,0.0000,23105.0000,0.0000,0.0000,0.0000,0.0000,12,0,0,0,0,14,0,0,0,0
sc,ru1303,2012-06-29 09:00:17.000,22835.0000,216,0,0.0000,0.0000,0,0,多换,B,22120.0000,0.0000,0.0000,0.0000,0.0000,23100.0000,0.0000,0.0000,0.0000,0.0000,12,0,0,0,0,1,0,0,0,0
sc,ru1303,2012-06-29 09:00:17.500,22835.0000,216,0,0.0000,0.0000,0,0,多换,B,22220.0000,0.0000,0.0000,0.0000,0.0000,23095.0000,0.0000,0.0000,0.0000,0.0000,2,0,0,0,0,2,0,0,0,0
sc,ru1303,2012-06-29 09:00:18.000,22835.0000,216,0,0.0000,0.0000,0,0,多换,B,22225.0000,0.0000,0.0000,0.0000,0.0000,23090.0000,0.0000,0.0000,0.0000,0.0000,11,0,0,0,0,11,0,0,0,0
sc,ru1303,2012-06-29 09:00:18.500,22835.0000,216,0,0.0000,0.0000,0,0,多换,B,22225.0000,0.0000,0.0000,0.0000,0.0000,23085.0000,0.0000,0.0000,0.0000,0.0000,11,0,0,0,0,1,0,0,0,0
sc,ru1303,2012-06-29 09:00:19.000,22835.0000,216,0,0.0000,0.0000,0,0,多换,B,22225.0000,0.0000,0.0000,0.0000,0.0000,23085.0000,0.0000,0.0000,0.0000,0.0000,11,0,0,0,0,2,0,0,0,0
sc,ru1303,2012-06-29 09:00:19.500,22835.0000,216,0,0.0000,0.0000,0,0,多换,B,22225.0000,0.0000,0.0000,0.0000,0.0000,23070.0000,0.0000,0.0000,0.0000,0.0000,11,0,0,0,0,3,0,0,0,0
sc,ru1303,2012-06-29 09:00:20.000,22835.0000,216,0,0.0000,0.0000,0,0,多换,B,22225.0000,0.0000,0.0000,0.0000,0.0000,23065.0000,0.0000,0.0000,0.0000,0.0000,11,0,0,0,0,2,0,0,0,0
sc,ru1303,2012-06-29 09:00:20.500,22835.0000,216,0,0.0000,0.0000,0,0,多换,B,22240.0000,0.0000,0.0000,0.0000,0.0000,23065.0000,0.0000,0.0000,0.0000,0.0000,3,0,0,0,0,2,0,0,0,0
sc,ru1303,2012-06-29 09:00:21.000,22835.0000,216,0,0.0000,0.0000,0,0,多换,B,22245.0000,0.0000,0.0000,0.0000,0.0000,23060.0000,0.0000,0.0000,0.0000,0.0000,11,0,0,0,0,11,0,0,0,0
sc,ru1303,2012-06-29 09:00:21.500,22835.0000,216,0,0.0000,0.0000,0,0,多换,B,22245.0000,0.0000,0.0000,0.0000,0.0000,23050.0000,0.0000,0.0000,0.0000,0.0000,11,0,0,0,0,3,0,0,0,0
sc,ru1303,2012-06-29 09:00:22.000,22835.0000,216,0,0.0000,0.0000,0,0,多换,B,22245.0000,0.0000,0.0000,0.0000,0.0000,23045.0000,0.0000,0.0000,0.0000,0.0000,11,0,0,0,0,2,0,0,0,0
sc,ru1303,2012-06-29 09:00:22.500,22835.0000,216,0,0.0000,0.0000,0,0,多换,B,22255.0000,0.0000,0.0000,0.0000,0.0000,23040.0000,0.0000,0.0000,0.0000,0.0000,3,0,0,0,0,11,0,0,0,0
sc,ru1303,2012-06-29 09:00:23.000,22835.0000,216,0,0.0000,0.0000,0,0,多换,B,22260.0000,0.0000,0.0000,0.0000,0.0000,23035.0000,0.0000,0.0000,0.0000,0.0000,11,0,0,0,0,1,0,0,0,0
sc,ru1303,2012-06-29 09:00:23.500,22835.0000,216,0,0.0000,0.0000,0,0,多换,B,22360.0000,0.0000,0.0000,0.0000,0.0000,23030.0000,0.0000,0.0000,0.0000,0.0000,2,0,0,0,0,4,0,0,0,0
sc,ru1303,2012-06-29 09:00:24.000,22835.0000,216,0,0.0000,0.0000,0,0,多换,B,22365.0000,0.0000,0.0000,0.0000,0.0000,23025.0000,0.0000,0.0000,0.0000,0.0000,1,0,0,0,0,12,0,0,0,0
sc,ru1303,2012-06-29 09:00:24.500,22835.0000,216,0,0.0000,0.0000,0,0,多换,B,22370.0000,0.0000,0.0000,0.0000,0.0000,23025.0000,0.0000,0.0000,0.0000,0.0000,10,0,0,0,0,12,0,0,0,0
sc,ru1303,2012-06-29 09:00:25.000,22835.0000,216,0,0.0000,0.0000,0,0,多换,B,22375.0000,0.0000,0.0000,0.0000,0.0000,23025.0000,0.0000,0.0000,0.0000,0.0000,1,0,0,0,0,12,0,0,0,0
sc,ru1303,2012-06-29 09:00:25.500,22835.0000,216,0,0.0000,0.0000,0,0,多换,B,22375.0000,0.0000,0.0000,0.0000,0.0000,23015.0000,0.0000,0.0000,0.0000,0.0000,1,0,0,0,0,3,0,0,0,0
sc,ru1303,2012-06-29 09:00:26.000,22835.0000,216,0,0.0000,0.0000,0,0,多换,B,22380.0000,0.0000,0.0000,0.0000,0.0000,23010.0000,0.0000,0.0000,0.0000,0.0000,10,0,0,0,0,11,0,0,0,0
sc,ru1303,2012-06-29 09:00:26.500,22835.0000,216,0,0.0000,0.0000,0,0,多换,B,22385.0000,0.0000,0.0000,0.0000,0.0000,23005.0000,0.0000,0.0000,0.0000,0.0000,1,0,0,0,0,1,0,0,0,0
sc,ru1303,2012-06-29 09:00:27.000,22835.0000,216,0,0.0000,0.0000,0,0,多换,B,22385.0000,0.0000,0.0000,0.0000,0.0000,23000.0000,0.0000,0.0000,0.0000,0.0000,1,0,0,0,0,3,0,0,0,0
sc,ru1303,2012-06-29 09:00:27.500,22835.0000,216,0,0.0000,0.0000,0,0,多换,B,22390.0000,0.0000,0.0000,0.0000,0.0000,22995.0000,0.0000,0.0000,0.0000,0.0000,12,0,0,0,0,10,0,0,0,0
sc,ru1303,2012-06-29 09:00:28.000,22835.0000,216,0,0.0000,0.0000,0,0,多换,B,22395.0000,0.0000,0.0000,0.0000,0.0000,22985.0000,0.0000,0.0000,0.0000,0.0000,1,0,0,0,0,2,0,0,0,0
sc,ru1303,2012-06-29 09:00:28.500,22835.0000,216,0,0.0000,0.0000,0,0,多换,B,22395.0000,0.0000,0.0000,0.0000,0.0000,22980.0000,0.0000,0.0000,0.0000,0.0000,1,0,0,0,0,1,0,0,0,0
sc,ru1303,2012-06-29 09:00:29.000,22835.0000,216,0,0.0000,0.0000,0,0,多换,B,22400.0000,0.0000,0.0000,0.0000,0.0000,22975.0000,0.0000,0.0000,0.0000,0.0000,12,0,0,0,0,12,0,0,0,0
sc,ru1303,2012-06-29 09:00:29.500,22835.0000,216,0,0.0000,0.0000,0,0,多换,B,22405.0000,0.0000,0.0000,0.0000,0.0000,22970.0000,0.0000,0.0000,0.0000,0.0000,1,0,0,0,0,2,0,0,0,0
sc,ru1303,2012-06-29 09:00:30.000,22835.0000,216,0,0.0000,0.0000,0,0,多换,B,22405.0000,0.0000,0.0000,0.0000,0.0000,22965.0000,0.0000,0.0000,0.0000,0.0000,2,0,0,0,0,2,0,0,0,0
sc,ru1303,2012-06-29 09:00:30.500,22835.0000,216,0,0.0000,0.0000,0,0,多换,B,22420.0000,0.0000,0.0000,0.0000,0.0000,22960.0000,0.0000,0.0000,0.0000,0.0000,1,0,0,0,0,12,0,0,0,0
sc,ru1303,2012-06-29 09:00:31.000,22835.0000,216,0,0.0000,0.0000,0,0,多换,B,22425.0000,0.0000,0.0000,0.0000,0.0000,22955.0000,0.0000,0.0000,0.0000,0.0000,3,0,0,0,0,2,0,0,0,0
sc,ru1303,2012-06-29 09:00:31.500,22835.0000,216,0,0.0000,0.0000,0,0,多换,B,22460.0000,0.0000,0.0000,0.0000,0.0000,22910.0000,0.0000,0.0000,0.0000,0.0000,1,0,0,0,0,1,0,0,0,0
sc,ru1303,2012-06-29 09:00:32.000,22835.0000,216,0,0.0000,0.0000,0,0,多换,B,22465.0000,0.0000,0.0000,0.0000,0.0000,22905.0000,0.0000,0.0000,0.0000,0.0000,1,0,0,0,0,11,0,0,0,0
sc,ru1303,2012-06-29 09:00:32.500,22835.0000,216,0,0.0000,0.0000,0,0,多换,B,22465.0000,0.0000,0.0000,0.0000,0.0000,22905.0000,0.0000,0.0000,0.0000,0.0000,1,0,0,0,0,12,0,0,0,0
sc,ru1303,2012-06-29 09:00:33.000,22835.0000,216,0,0.0000,0.0000,0,0,多换,B,22465.0000,0.0000,0.0000,0.0000,0.0000,22905.0000,0.0000,0.0000,0.0000,0.0000,1,0,0,0,0,12,0,0,0,0
sc,ru1303,2012-06-29 09:00:33.500,22835.0000,216,0,0.0000,0.0000,0,0,多换,B,22465.0000,0.0000,0.0000,0.0000,0.0000,22900.0000,0.0000,0.0000,0.0000,0.0000,1,0,0,0,0,1,0,0,0,0
sc,ru1303,2012-06-29 09:00:34.000,22835.0000,216,0,0.0000,0.0000,0,0,多换,B,22465.0000,0.0000,0.0000,0.0000,0.0000,22895.0000,0.0000,0.0000,0.0000,0.0000,1,0,0,0,0,11,0,0,0,0
sc,ru1303,2012-06-29 09:00:34.500,22835.0000,216,0,0.0000,0.0000,0,0,多换,B,22465.0000,0.0000,0.0000,0.0000,0.0000,22890.0000,0.0000,0.0000,0.0000,0.0000,1,0,0,0,0,1,0,0,0,0
sc,ru1303,2012-06-29 09:00:35.000,22835.0000,216,0,0.0000,0.0000,0,0,多换,B,22465.0000,0.0000,0.0000,0.0000,0.0000,22885.0000,0.0000,0.0000,0.0000,0.0000,1,0,0,0,0,1,0,0,0,0
sc,ru1303,2012-06-29 09:00:35.500,22835.0000,216,0,0.0000,0.0000,0,0,多换,B,22485.0000,0.0000,0.0000,0.0000,0.0000,22870.0000,0.0000,0.0000,0.0000,0.0000,1,0,0,0,0,1,0,0,0,0
sc,ru1303,2012-06-29 09:00:36.000,22835.0000,216,0,0.0000,0.0000,0,0,多换,B,22490.0000,0.0000,0.0000,0.0000,0.0000,22865.0000,0.0000,0.0000,0.0000,0.0000,1,0,0,0,0,1,0,0,0,0
sc,ru1303,2012-06-29 09:00:36.500,22835.0000,216,0,0.0000,0.0000,0,0,多换,B,22495.0000,0.0000,0.0000,0.0000,0.0000,22860.0000,0.0000,0.0000,0.0000,0.0000,1,0,0,0,0,1,0,0,0,0
sc,ru1303,2012-06-29 09:00:37.000,22835.0000,216,0,0.0000,0.0000,0,0,多换,B,22500.0000,0.0000,0.0000,0.0000,0.0000,22855.0000,0.0000,0.0000,0.0000,0.0000,1,0,0,0,0,11,0,0,0,0
sc,ru1303,2012-06-29 09:00:37.500,22835.0000,216,0,0.0000,0.0000,0,0,多换,B,22500.0000,0.0000,0.0000,0.0000,0.0000,22850.0000,0.0000,0.0000,0.0000,0.0000,1,0,0,0,0,2,0,0,0,0
sc,ru1303,2012-06-29 09:00:38.000,22835.0000,216,0,0.0000,0.0000,0,0,多换,B,22500.0000,0.0000,0.0000,0.0000,0.0000,22845.0000,0.0000,0.0000,0.0000,0.0000,1,0,0,0,0,1,0,0,0,0
sc,ru1303,2012-06-29 09:00:38.500,22835.0000,216,0,0.0000,0.0000,0,0,多换,B,22500.0000,0.0000,0.0000,0.0000,0.0000,22840.0000,0.0000,0.0000,0.0000,0.0000,1,0,0,0,0,10,0,0,0,0
sc,ru1303,2012-06-29 09:00:39.000,22835.0000,216,0,0.0000,0.0000,0,0,多换,B,22500.0000,0.0000,0.0000,0.0000,0.0000,22835.0000,0.0000,0.0000,0.0000,0.0000,1,0,0,0,0,2,0,0,0,0
sc,ru1303,2012-06-29 09:00:39.500,22835.0000,216,0,0.0000,0.0000,0,0,多换,B,22500.0000,0.0000,0.0000,0.0000,0.0000,22830.0000,0.0000,0.0000,0.0000,0.0000,1,0,0,0,0,2,0,0,0,0
sc,ru1303,2012-06-29 09:00:40.000,22835.0000,216,0,0.0000,0.0000,0,0,多换,B,22500.0000,0.0000,0.0000,0.0000,0.0000,22825.0000,0.0000,0.0000,0.0000,0.0000,1,0,0,0,0,11,0,0,0,0
sc,ru1303,2012-06-29 09:00:40.500,22835.0000,216,0,0.0000,0.0000,0,0,多换,B,22500.0000,0.0000,0.0000,0.0000,0.0000,22825.0000,0.0000,0.0000,0.0000,0.0000,1,0,0,0,0,11,0,0,0,0
sc,ru1303,2012-06-29 09:00:41.000,22835.0000,216,0,0.0000,0.0000,0,0,多换,B,22500.0000,0.0000,0.0000,0.0000,0.0000,22820.0000,0.0000,0.0000,0.0000,0.0000,1,0,0,0,0,1,0,0,0,0
sc,ru1303,2012-06-29 09:00:41.500,22835.0000,216,0,0.0000,0.0000,0,0,多换,B,22500.0000,0.0000,0.0000,0.0000,0.0000,22815.0000,0.0000,0.0000,0.0000,0.0000,1,0,0,0,0,13,0,0,0,0
sc,ru1303,2012-06-29 09:00:42.500,22835.0000,216,0,0.0000,0.0000,0,0,多换,B,22500.0000,0.0000,0.0000,0.0000,0.0000,22815.0000,0.0000,0.0000,0.0000,0.0000,1,0,0,0,0,13,0,0,0,0
sc,ru1303,2012-06-29 09:00:43.000,22835.0000,216,0,0.0000,0.0000,0,0,多换,B,22500.0000,0.0000,0.0000,0.0000,0.0000,22810.0000,0.0000,0.0000,0.0000,0.0000,1,0,0,0,0,1,0,0,0,0
sc,ru1303,2012-06-29 09:00:43.500,22835.0000,216,0,0.0000,0.0000,0,0,多换,B,22500.0000,0.0000,0.0000,0.0000,0.0000,22805.0000,0.0000,0.0000,0.0000,0.0000,1,0,0,0,0,11,0,0,0,0
sc,ru1303,2012-06-29 09:00:44.000,22835.0000,216,0,0.0000,0.0000,0,0,多换,B,22500.0000,0.0000,0.0000,0.0000,0.0000,22800.0000,0.0000,0.0000,0.0000,0.0000,1,0,0,0,0,2,0,0,0,0
sc,ru1303,2012-06-29 09:00:44.500,22835.0000,216,0,0.0000,0.0000,0,0,多换,B,22500.0000,0.0000,0.0000,0.0000,0.0000,22795.0000,0.0000,0.0000,0.0000,0.0000,1,0,0,0,0,1,0,0,0,0
sc,ru1303,2012-06-29 09:00:45.000,22835.0000,216,0,0.0000,0.0000,0,0,多换,B,22500.0000,0.0000,0.0000,0.0000,0.0000,22795.0000,0.0000,0.0000,0.0000,0.0000,1,0,0,0,0,2,0,0,0,0
sc,ru1303,2012-06-29 09:00:45.500,22835.0000,216,0,0.0000,0.0000,0,0,多换,B,22500.0000,0.0000,0.0000,0.0000,0.0000,22795.0000,0.0000,0.0000,0.0000,0.0000,1,0,0,0,0,2,0,0,0,0
sc,ru1303,2012-06-29 09:00:46.000,22835.0000,216,0,0.0000,0.0000,0,0,多换,B,22500.0000,0.0000,0.0000,0.0000,0.0000,22790.0000,0.0000,0.0000,0.0000,0.0000,1,0,0,0,0,2,0,0,0,0
sc,ru1303,2012-06-29 09:00:46.500,22835.0000,216,0,0.0000,0.0000,0,0,多换,B,22500.0000,0.0000,0.0000,0.0000,0.0000,22785.0000,0.0000,0.0000,0.0000,0.0000,1,0,0,0,0,1,0,0,0,0
sc,ru1303,2012-06-29 09:00:47.000,22835.0000,216,0,0.0000,0.0000,0,0,多换,B,22500.0000,0.0000,0.0000,0.0000,0.0000,22785.0000,0.0000,0.0000,0.0000,0.0000,1,0,0,0,0,2,0,0,0,0
sc,ru1303,2012-06-29 09:00:47.500,22835.0000,216,0,0.0000,0.0000,0,0,多换,B,22500.0000,0.0000,0.0000,0.0000,0.0000,22785.0000,0.0000,0.0000,0.0000,0.0000,1,0,0,0,0,2,0,0,0,0
sc,ru1303,2012-06-29 09:00:48.000,22835.0000,216,0,0.0000,0.0000,0,0,多换,B,22500.0000,0.0000,0.0000,0.0000,0.0000,22780.0000,0.0000,0.0000,0.0000,0.0000,1,0,0,0,0,2,0,0,0,0
sc,ru1303,2012-06-29 09:00:48.500,22835.0000,216,0,0.0000,0.0000,0,0,多换,B,22500.0000,0.0000,0.0000,0.0000,0.0000,22775.0000,0.0000,0.0000,0.0000,0.0000,1,0,0,0,0,1,0,0,0,0
sc,ru1303,2012-06-29 09:00:49.000,22835.0000,216,0,0.0000,0.0000,0,0,多换,B,22500.0000,0.0000,0.0000,0.0000,0.0000,22770.0000,0.0000,0.0000,0.0000,0.0000,1,0,0,0,0,1,0,0,0,0
sc,ru1303,2012-06-29 09:00:49.500,22835.0000,216,0,0.0000,0.0000,0,0,多换,B,22500.0000,0.0000,0.0000,0.0000,0.0000,22765.0000,0.0000,0.0000,0.0000,0.0000,1,0,0,0,0,1,0,0,0,0
sc,ru1303,2012-06-29 09:00:50.000,22835.0000,216,0,0.0000,0.0000,0,0,多换,B,22500.0000,0.0000,0.0000,0.0000,0.0000,22760.0000,0.0000,0.0000,0.0000,0.0000,1,0,0,0,0,1,0,0,0,0
sc,ru1303,2012-06-29 09:00:50.500,22835.0000,216,0,0.0000,0.0000,0,0,多换,B,22500.0000,0.0000,0.0000,0.0000,0.0000,22755.0000,0.0000,0.0000,0.0000,0.0000,1,0,0,0,0,2,0,0,0,0
sc,ru1303,2012-06-29 09:00:51.000,22835.0000,216,0,0.0000,0.0000,0,0,多换,B,22500.0000,0.0000,0.0000,0.0000,0.0000,22755.0000,0.0000,0.0000,0.0000,0.0000,1,0,0,0,0,2,0,0,0,0
sc,ru1303,2012-06-29 09:00:51.500,22835.0000,216,0,0.0000,0.0000,0,0,多换,B,22500.0000,0.0000,0.0000,0.0000,0.0000,22750.0000,0.0000,0.0000,0.0000,0.0000,1,0,0,0,0,2,0,0,0,0
sc,ru1303,2012-06-29 09:00:52.000,22835.0000,216,0,0.0000,0.0000,0,0,多换,B,22500.0000,0.0000,0.0000,0.0000,0.0000,22745.0000,0.0000,0.0000,0.0000,0.0000,1,0,0,0,0,1,0,0,0,0
sc,ru1303,2012-06-29 09:00:52.500,22835.0000,216,0,0.0000,0.0000,0,0,多换,B,22500.0000,0.0000,0.0000,0.0000,0.0000,22745.0000,0.0000,0.0000,0.0000,0.0000,1,0,0,0,0,2,0,0,0,0
sc,ru1303,2012-06-29 09:00:53.000,22835.0000,216,0,0.0000,0.0000,0,0,多换,B,22500.0000,0.0000,0.0000,0.0000,0.0000,22745.0000,0.0000,0.0000,0.0000,0.0000,1,0,0,0,0,2,0,0,0,0
sc,ru1303,2012-06-29 09:00:53.500,22835.0000,216,0,0.0000,0.0000,0,0,多换,B,22500.0000,0.0000,0.0000,0.0000,0.0000,22740.0000,0.0000,0.0000,0.0000,0.0000,1,0,0,0,0,2,0,0,0,0
sc,ru1303,2012-06-29 09:00:54.000,22835.0000,216,0,0.0000,0.0000,0,0,多换,B,22500.0000,0.0000,0.0000,0.0000,0.0000,22735.0000,0.0000,0.0000,0.0000,0.0000,1,0,0,0,0,1,0,0,0,0
sc,ru1303,2012-06-29 09:00:54.500,22835.0000,216,0,0.0000,0.0000,0,0,多换,B,22500.0000,0.0000,0.0000,0.0000,0.0000,22735.0000,0.0000,0.0000,0.0000,0.0000,1,0,0,0,0,2,0,0,0,0
sc,ru1303,2012-06-29 09:00:55.000,22835.0000,216,0,0.0000,0.0000,0,0,多换,B,22500.0000,0.0000,0.0000,0.0000,0.0000,22735.0000,0.0000,0.0000,0.0000,0.0000,1,0,0,0,0,2,0,0,0,0
sc,ru1303,2012-06-29 09:00:55.500,22835.0000,216,0,0.0000,0.0000,0,0,多换,B,22500.0000,0.0000,0.0000,0.0000,0.0000,22730.0000,0.0000,0.0000,0.0000,0.0000,1,0,0,0,0,2,0,0,0,0
sc,ru1303,2012-06-29 09:00:56.000,22835.0000,216,0,0.0000,0.0000,0,0,多换,B,22500.0000,0.0000,0.0000,0.0000,0.0000,22725.0000,0.0000,0.0000,0.0000,0.0000,1,0,0,0,0,1,0,0,0,0
sc,ru1303,2012-06-29 09:00:56.500,22835.0000,216,0,0.0000,0.0000,0,0,多换,B,22500.0000,0.0000,0.0000,0.0000,0.0000,22720.0000,0.0000,0.0000,0.0000,0.0000,1,0,0,0,0,1,0,0,0,0
sc,ru1303,2012-06-29 09:00:57.000,22835.0000,216,0,0.0000,0.0000,0,0,多换,B,22505.0000,0.0000,0.0000,0.0000,0.0000,22720.0000,0.0000,0.0000,0.0000,0.0000,1,0,0,0,0,1,0,0,0,0
sc,ru1303,2012-06-29 09:00:57.500,22835.0000,216,0,0.0000,0.0000,0,0,多换,B,22510.0000,0.0000,0.0000,0.0000,0.0000,22715.0000,0.0000,0.0000,0.0000,0.0000,1,0,0,0,0,2,0,0,0,0
sc,ru1303,2012-06-29 09:00:58.000,22835.0000,216,0,0.0000,0.0000,0,0,多换,B,22510.0000,0.0000,0.0000,0.0000,0.0000,22715.0000,0.0000,0.0000,0.0000,0.0000,1,0,0,0,0,2,0,0,0,0
sc,ru1303,2012-06-29 09:00:58.500,22835.0000,216,0,0.0000,0.0000,0,0,多换,B,22510.0000,0.0000,0.0000,0.0000,0.0000,22710.0000,0.0000,0.0000,0.0000,0.0000,1,0,0,0,0,1,0,0,0,0
sc,ru1303,2012-06-29 09:00:59.000,22835.0000,216,0,0.0000,0.0000,0,0,多换,B,22510.0000,0.0000,0.0000,0.0000,0.0000,22710.0000,0.0000,0.0000,0.0000,0.0000,1,0,0,0,0,1,0,0,0,0
sc,ru1303,2012-06-29 09:00:59.500,22835.0000,216,0,0.0000,0.0000,0,0,多换,B,22510.0000,0.0000,0.0000,0.0000,0.0000,22705.0000,0.0000,0.0000,0.0000,0.0000,1,0,0,0,0,2,0,0,0,0
sc,ru1303,2012-06-29 09:01:00.000,22835.0000,216,0,0.0000,0.0000,0,0,多换,B,22510.0000,0.0000,0.0000,0.0000,0.0000,22705.0000,0.0000,0.0000,0.0000,0.0000,1,0,0,0,0,2,0,0,0,0
sc,ru1303,2012-06-29 09:01:00.500,22835.0000,216,0,0.0000,0.0000,0,0,多换,B,22510.0000,0.0000,0.0000,0.0000,0.0000,22700.0000,0.0000,0.0000,0.0000,0.0000,1,0,0,0,0,1,0,0,0,0
sc,ru1303,2012-06-29 09:01:01.000,22835.0000,216,0,0.0000,0.0000,0,0,多换,B,22510.0000,0.0000,0.0000,0.0000,0.0000,22700.0000,0.0000,0.0000,0.0000,0.0000,1,0,0,0,0,1,0,0,0,0
sc,ru1303,2012-06-29 09:01:01.500,22835.0000,216,0,0.0000,0.0000,0,0,多换,B,22510.0000,0.0000,0.0000,0.0000,0.0000,22695.0000,0.0000,0.0000,0.0000,0.0000,1,0,0,0,0,2,0,0,0,0
sc,ru1303,2012-06-29 09:01:02.000,22835.0000,216,0,0.0000,0.0000,0,0,多换,B,22510.0000,0.0000,0.0000,0.0000,0.0000,22695.0000,0.0000,0.0000,0.0000,0.0000,1,0,0,0,0,2,0,0,0,0
sc,ru1303,2012-06-29 09:01:02.500,22835.0000,216,0,0.0000,0.0000,0,0,多换,B,22510.0000,0.0000,0.0000,0.0000,0.0000,22690.0000,0.0000,0.0000,0.0000,0.0000,1,0,0,0,0,1,0,0,0,0
sc,ru1303,2012-06-29 09:01:03.000,22835.0000,216,0,0.0000,0.0000,0,0,多换,B,22510.0000,0.0000,0.0000,0.0000,0.0000,22690.0000,0.0000,0.0000,0.0000,0.0000,1,0,0,0,0,1,0,0,0,0
sc,ru1303,2012-06-29 09:01:03.500,22835.0000,216,0,0.0000,0.0000,0,0,多换,B,22510.0000,0.0000,0.0000,0.0000,0.0000,22695.0000,0.0000,0.0000,0.0000,0.0000,1,0,0,0,0,2,0,0,0,0
sc,ru1303,2012-06-29 09:01:04.000,22835.0000,216,0,0.0000,0.0000,0,0,多换,B,22510.0000,0.0000,0.0000,0.0000,0.0000,22695.0000,0.0000,0.0000,0.0000,0.0000,1,0,0,0,0,2,0,0,0,0
sc,ru1303,2012-06-29 09:01:05.000,22835.0000,216,0,0.0000,0.0000,0,0,多换,B,22510.0000,0.0000,0.0000,0.0000,0.0000,22700.0000,0.0000,0.0000,0.0000,0.0000,1,0,0,0,0,1,0,0,0,0
sc,ru1303,2012-06-29 09:01:05.500,22835.0000,216,0,0.0000,0.0000,0,0,多换,B,22510.0000,0.0000,0.0000,0.0000,0.0000,22700.0000,0.0000,0.0000,0.0000,0.0000,1,0,0,0,0,3,0,0,0,0
sc,ru1303,2012-06-29 09:01:07.000,22835.0000,216,0,0.0000,0.0000,0,0,多换,B,22510.0000,0.0000,0.0000,0.0000,0.0000,22805.0000,0.0000,0.0000,0.0000,0.0000,1,0,0,0,0,10,0,0,0,0
sc,ru1303,2012-06-29 09:01:07.500,22835.0000,216,0,0.0000,0.0000,0,0,多换,B,22510.0000,0.0000,0.0000,0.0000,0.0000,22705.0000,0.0000,0.0000,0.0000,0.0000,1,0,0,0,0,1,0,0,0,0
sc,ru1303,2012-06-29 09:01:08.000,22835.0000,216,0,0.0000,0.0000,0,0,多换,B,22510.0000,0.0000,0.0000,0.0000,0.0000,22705.0000,0.0000,0.0000,0.0000,0.0000,1,0,0,0,0,1,0,0,0,0
sc,ru1303,2012-06-29 09:01:09.000,22835.0000,216,0,0.0000,0.0000,0,0,多换,B,22510.0000,0.0000,0.0000,0.0000,0.0000,22805.0000,0.0000,0.0000,0.0000,0.0000,1,0,0,0,0,10,0,0,0,0
sc,ru1303,2012-06-29 09:01:09.500,22835.0000,216,0,0.0000,0.0000,0,0,多换,B,22510.0000,0.0000,0.0000,0.0000,0.0000,22700.0000,0.0000,0.0000,0.0000,0.0000,1,0,0,0,0,1,0,0,0,0
sc,ru1303,2012-06-29 09:01:10.000,22835.0000,216,0,0.0000,0.0000,0,0,多换,B,22510.0000,0.0000,0.0000,0.0000,0.0000,22700.0000,0.0000,0.0000,0.0000,0.0000,1,0,0,0,0,1,0,0,0,0
sc,ru1303,2012-06-29 09:01:11.000,22835.0000,216,0,0.0000,0.0000,0,0,多换,B,22510.0000,0.0000,0.0000,0.0000,0.0000,23175.0000,0.0000,0.0000,0.0000,0.0000,1,0,0,0,0,1,0,0,0,0
sc,ru1303,2012-06-29 09:01:11.500,22835.0000,216,0,0.0000,0.0000,0,0,多换,B,22510.0000,0.0000,0.0000,0.0000,0.0000,23015.0000,0.0000,0.0000,0.0000,0.0000,1,0,0,0,0,1,0,0,0,0
sc,ru1303,2012-06-29 09:01:12.000,22835.0000,216,0,0.0000,0.0000,0,0,多换,B,22510.0000,0.0000,0.0000,0.0000,0.0000,23005.0000,0.0000,0.0000,0.0000,0.0000,1,0,0,0,0,3,0,0,0,0
sc,ru1303,2012-06-29 09:01:12.500,22835.0000,216,0,0.0000,0.0000,0,0,多换,B,22510.0000,0.0000,0.0000,0.0000,0.0000,23000.0000,0.0000,0.0000,0.0000,0.0000,1,0,0,0,0,1,0,0,0,0
sc,ru1303,2012-06-29 09:01:13.000,22835.0000,216,0,0.0000,0.0000,0,0,多换,B,22510.0000,0.0000,0.0000,0.0000,0.0000,22990.0000,0.0000,0.0000,0.0000,0.0000,1,0,0,0,0,3,0,0,0,0
sc,ru1303,2012-06-29 09:01:13.500,22835.0000,216,0,0.0000,0.0000,0,0,多换,B,22510.0000,0.0000,0.0000,0.0000,0.0000,22985.0000,0.0000,0.0000,0.0000,0.0000,1,0,0,0,0,11,0,0,0,0
sc,ru1303,2012-06-29 09:01:14.000,22835.0000,216,0,0.0000,0.0000,0,0,多换,B,22510.0000,0.0000,0.0000,0.0000,0.0000,22975.0000,0.0000,0.0000,0.0000,0.0000,1,0,0,0,0,2,0,0,0,0
sc,ru1303,2012-06-29 09:01:14.500,22835.0000,216,0,0.0000,0.0000,0,0,多换,B,22515.0000,0.0000,0.0000,0.0000,0.0000,22970.0000,0.0000,0.0000,0.0000,0.0000,2,0,0,0,0,1,0,0,0,0
sc,ru1303,2012-06-29 09:01:15.000,22835.0000,216,0,0.0000,0.0000,0,0,多换,B,22520.0000,0.0000,0.0000,0.0000,0.0000,22960.0000,0.0000,0.0000,0.0000,0.0000,1,0,0,0,0,2,0,0,0,0
sc,ru1303,2012-06-29 09:01:15.500,22835.0000,216,0,0.0000,0.0000,0,0,多换,B,22520.0000,0.0000,0.0000,0.0000,0.0000,22905.0000,0.0000,0.0000,0.0000,0.0000,1,0,0,0,0,1,0,0,0,0
sc,ru1303,2012-06-29 09:01:16.000,22835.0000,216,0,0.0000,0.0000,0,0,多换,B,22520.0000,0.0000,0.0000,0.0000,0.0000,22900.0000,0.0000,0.0000,0.0000,0.0000,1,0,0,0,0,1,0,0,0,0
sc,ru1303,2012-06-29 09:01:16.500,22835.0000,216,0,0.0000,0.0000,0,0,多换,B,22520.0000,0.0000,0.0000,0.0000,0.0000,22895.0000,0.0000,0.0000,0.0000,0.0000,1,0,0,0,0,11,0,0,0,0
sc,ru1303,2012-06-29 09:01:17.000,22835.0000,216,0,0.0000,0.0000,0,0,多换,B,22520.0000,0.0000,0.0000,0.0000,0.0000,22890.0000,0.0000,0.0000,0.0000,0.0000,1,0,0,0,0,1,0,0,0,0
sc,ru1303,2012-06-29 09:01:17.500,22835.0000,216,0,0.0000,0.0000,0,0,多换,B,22520.0000,0.0000,0.0000,0.0000,0.0000,22885.0000,0.0000,0.0000,0.0000,0.0000,1,0,0,0,0,2,0,0,0,0
sc,ru1303,2012-06-29 09:01:18.000,22835.0000,216,0,0.0000,0.0000,0,0,多换,B,22520.0000,0.0000,0.0000,0.0000,0.0000,22880.0000,0.0000,0.0000,0.0000,0.0000,1,0,0,0,0,1,0,0,0,0
sc,ru1303,2012-06-29 09:01:18.500,22835.0000,216,0,0.0000,0.0000,0,0,多换,B,22520.0000,0.0000,0.0000,0.0000,0.0000,22875.0000,0.0000,0.0000,0.0000,0.0000,1,0,0,0,0,1,0,0,0,0
sc,ru1303,2012-06-29 09:01:19.000,22835.0000,216,0,0.0000,0.0000,0,0,多换,B,22520.0000,0.0000,0.0000,0.0000,0.0000,22870.0000,0.0000,0.0000,0.0000,0.0000,1,0,0,0,0,1,0,0,0,0
sc,ru1303,2012-06-29 09:01:19.500,22835.0000,216,0,0.0000,0.0000,0,0,多换,B,22520.0000,0.0000,0.0000,0.0000,0.0000,22855.0000,0.0000,0.0000,0.0000,0.0000,1,0,0,0,0,1,0,0,0,0
sc,ru1303,2012-06-29 09:01:20.000,22835.0000,216,0,0.0000,0.0000,0,0,多换,B,22520.0000,0.0000,0.0000,0.0000,0.0000,22850.0000,0.0000,0.0000,0.0000,0.0000,1,0,0,0,0,2,0,0,0,0
sc,ru1303,2012-06-29 09:01:20.500,22835.0000,216,0,0.0000,0.0000,0,0,多换,B,22520.0000,0.0000,0.0000,0.0000,0.0000,22850.0000,0.0000,0.0000,0.0000,0.0000,1,0,0,0,0,2,0,0,0,0
sc,ru1303,2012-06-29 09:01:21.000,22835.0000,216,0,0.0000,0.0000,0,0,多换,B,22520.0000,0.0000,0.0000,0.0000,0.0000,22850.0000,0.0000,0.0000,0.0000,0.0000,1,0,0,0,0,2,0,0,0,0
sc,ru1303,2012-06-29 09:01:21.500,22835.0000,216,0,0.0000,0.0000,0,0,多换,B,22520.0000,0.0000,0.0000,0.0000,0.0000,22845.0000,0.0000,0.0000,0.0000,0.0000,1,0,0,0,0,12,0,0,0,0
sc,ru1303,2012-06-29 09:01:22.000,22835.0000,216,0,0.0000,0.0000,0,0,多换,B,22520.0000,0.0000,0.0000,0.0000,0.0000,22840.0000,0.0000,0.0000,0.0000,0.0000,1,0,0,0,0,1,0,0,0,0
sc,ru1303,2012-06-29 09:01:22.500,22835.0000,216,0,0.0000,0.0000,0,0,多换,B,22520.0000,0.0000,0.0000,0.0000,0.0000,22835.0000,0.0000,0.0000,0.0000,0.0000,1,0,0,0,0,1,0,0,0,0
sc,ru1303,2012-06-29 09:01:23.000,22835.0000,216,0,0.0000,0.0000,0,0,多换,B,22520.0000,0.0000,0.0000,0.0000,0.0000,22830.0000,0.0000,0.0000,0.0000,0.0000,1,0,0,0,0,11,0,0,0,0
sc,ru1303,2012-06-29 09:01:23.500,22835.0000,216,0,0.0000,0.0000,0,0,多换,B,22520.0000,0.0000,0.0000,0.0000,0.0000,22825.0000,0.0000,0.0000,0.0000,0.0000,1,0,0,0,0,2,0,0,0,0
sc,ru1303,2012-06-29 09:01:24.000,22835.0000,216,0,0.0000,0.0000,0,0,多换,B,22520.0000,0.0000,0.0000,0.0000,0.0000,22820.0000,0.0000,0.0000,0.0000,0.0000,1,0,0,0,0,1,0,0,0,0
sc,ru1303,2012-06-29 09:01:24.500,22835.0000,216,0,0.0000,0.0000,0,0,多换,B,22520.0000,0.0000,0.0000,0.0000,0.0000,22815.0000,0.0000,0.0000,0.0000,0.0000,1,0,0,0,0,10,0,0,0,0
sc,ru1303,2012-06-29 09:01:25.000,22835.0000,216,0,0.0000,0.0000,0,0,多换,B,22520.0000,0.0000,0.0000,0.0000,0.0000,22810.0000,0.0000,0.0000,0.0000,0.0000,1,0,0,0,0,1,0,0,0,0
sc,ru1303,2012-06-29 09:01:25.500,22835.0000,216,0,0.0000,0.0000,0,0,多换,B,22520.0000,0.0000,0.0000,0.0000,0.0000,22805.0000,0.0000,0.0000,0.0000,0.0000,1,0,0,0,0,1,0,0,0,0
sc,ru1303,2012-06-29 09:01:26.000,22835.0000,216,0,0.0000,0.0000,0,0,多换,B,22520.0000,0.0000,0.0000,0.0000,0.0000,22800.0000,0.0000,0.0000,0.0000,0.0000,1,0,0,0,0,1,0,0,0,0
sc,ru1303,2012-06-29 09:01:27.000,22835.0000,216,0,0.0000,0.0000,0,0,多换,B,22520.0000,0.0000,0.0000,0.0000,0.0000,22800.0000,0.0000,0.0000,0.0000,0.0000,1,0,0,0,0,1,0,0,0,0
sc,ru1303,2012-06-29 09:01:27.500,22835.0000,216,0,0.0000,0.0000,0,0,多换,B,22520.0000,0.0000,0.0000,0.0000,0.0000,22795.0000,0.0000,0.0000,0.0000,0.0000,1,0,0,0,0,2,0,0,0,0
sc,ru1303,2012-06-29 09:01:28.000,22835.0000,216,0,0.0000,0.0000,0,0,多换,B,22520.0000,0.0000,0.0000,0.0000,0.0000,22790.0000,0.0000,0.0000,0.0000,0.0000,1,0,0,0,0,1,0,0,0,0
sc,ru1303,2012-06-29 09:01:29.000,22835.0000,216,0,0.0000,0.0000,0,0,多换,B,22520.0000,0.0000,0.0000,0.0000,0.0000,22790.0000,0.0000,0.0000,0.0000,0.0000,1,0,0,0,0,1,0,0,0,0
sc,ru1303,2012-06-29 09:01:29.500,22835.0000,216,0,0.0000,0.0000,0,0,多换,B,22520.0000,0.0000,0.0000,0.0000,0.0000,22785.0000,0.0000,0.0000,0.0000,0.0000,1,0,0,0,0,2,0,0,0,0
sc,ru1303,2012-06-29 09:01:30.000,22835.0000,216,0,0.0000,0.0000,0,0,多换,B,22520.0000,0.0000,0.0000,0.0000,0.0000,22780.0000,0.0000,0.0000,0.0000,0.0000,1,0,0,0,0,2,0,0,0,0
sc,ru1303,2012-06-29 09:01:31.000,22835.0000,216,0,0.0000,0.0000,0,0,多换,B,22525.0000,0.0000,0.0000,0.0000,0.0000,22780.0000,0.0000,0.0000,0.0000,0.0000,1,0,0,0,0,2,0,0,0,0
sc,ru1303,2012-06-29 09:01:31.500,22835.0000,216,0,0.0000,0.0000,0,0,多换,B,22530.0000,0.0000,0.0000,0.0000,0.0000,22775.0000,0.0000,0.0000,0.0000,0.0000,1,0,0,0,0,2,0,0,0,0
sc,ru1303,2012-06-29 09:01:32.000,22835.0000,216,0,0.0000,0.0000,0,0,多换,B,22530.0000,0.0000,0.0000,0.0000,0.0000,22770.0000,0.0000,0.0000,0.0000,0.0000,1,0,0,0,0,1,0,0,0,0
sc,ru1303,2012-06-29 09:01:32.500,22835.0000,216,0,0.0000,0.0000,0,0,多换,B,22530.0000,0.0000,0.0000,0.0000,0.0000,22770.0000,0.0000,0.0000,0.0000,0.0000,1,0,0,0,0,2,0,0,0,0
sc,ru1303,2012-06-29 09:01:33.000,22835.0000,216,0,0.0000,0.0000,0,0,多换,B,22530.0000,0.0000,0.0000,0.0000,0.0000,22770.0000,0.0000,0.0000,0.0000,0.0000,1,0,0,0,0,2,0,0,0,0
sc,ru1303,2012-06-29 09:01:33.500,22835.0000,216,0,0.0000,0.0000,0,0,多换,B,22530.0000,0.0000,0.0000,0.0000,0.0000,22765.0000,0.0000,0.0000,0.0000,0.0000,1,0,0,0,0,2,0,0,0,0
sc,ru1303,2012-06-29 09:01:34.000,22835.0000,216,0,0.0000,0.0000,0,0,多换,B,22530.0000,0.0000,0.0000,0.0000,0.0000,22760.0000,0.0000,0.0000,0.0000,0.0000,1,0,0,0,0,1,0,0,0,0
sc,ru1303,2012-06-29 09:01:34.500,22835.0000,216,0,0.0000,0.0000,0,0,多换,B,22530.0000,0.0000,0.0000,0.0000,0.0000,22755.0000,0.0000,0.0000,0.0000,0.0000,1,0,0,0,0,1,0,0,0,0
sc,ru1303,2012-06-29 09:01:35.000,22835.0000,216,0,0.0000,0.0000,0,0,多换,B,22530.0000,0.0000,0.0000,0.0000,0.0000,22750.0000,0.0000,0.0000,0.0000,0.0000,1,0,0,0,0,1,0,0,0,0
sc,ru1303,2012-06-29 09:01:35.500,22835.0000,216,0,0.0000,0.0000,0,0,多换,B,22530.0000,0.0000,0.0000,0.0000,0.0000,22745.0000,0.0000,0.0000,0.0000,0.0000,1,0,0,0,0,2,0,0,0,0
sc,ru1303,2012-06-29 09:01:36.000,22835.0000,216,0,0.0000,0.0000,0,0,多换,B,22530.0000,0.0000,0.0000,0.0000,0.0000,22740.0000,0.0000,0.0000,0.0000,0.0000,1,0,0,0,0,1,0,0,0,0
sc,ru1303,2012-06-29 09:01:36.500,22835.0000,216,0,0.0000,0.0000,0,0,多换,B,22530.0000,0.0000,0.0000,0.0000,0.0000,22740.0000,0.0000,0.0000,0.0000,0.0000,1,0,0,0,0,2,0,0,0,0
sc,ru1303,2012-06-29 09:01:37.000,22835.0000,216,0,0.0000,0.0000,0,0,多换,B,22530.0000,0.0000,0.0000,0.0000,0.0000,22740.0000,0.0000,0.0000,0.0000,0.0000,1,0,0,0,0,2,0,0,0,0
sc,ru1303,2012-06-29 09:01:37.500,22835.0000,216,0,0.0000,0.0000,0,0,多换,B,22530.0000,0.0000,0.0000,0.0000,0.0000,22735.0000,0.0000,0.0000,0.0000,0.0000,1,0,0,0,0,2,0,0,0,0
sc,ru1303,2012-06-29 09:01:38.000,22835.0000,216,0,0.0000,0.0000,0,0,多换,B,22530.0000,0.0000,0.0000,0.0000,0.0000,22735.0000,0.0000,0.0000,0.0000,0.0000,1,0,0,0,0,2,0,0,0,0
sc,ru1303,2012-06-29 09:01:38.500,22835.0000,216,0,0.0000,0.0000,0,0,多换,B,22530.0000,0.0000,0.0000,0.0000,0.0000,22730.0000,0.0000,0.0000,0.0000,0.0000,1,0,0,0,0,1,0,0,0,0
sc,ru1303,2012-06-29 09:01:39.000,22835.0000,216,0,0.0000,0.0000,0,0,多换,B,22530.0000,0.0000,0.0000,0.0000,0.0000,22730.0000,0.0000,0.0000,0.0000,0.0000,1,0,0,0,0,1,0,0,0,0
sc,ru1303,2012-06-29 09:01:39.500,22835.0000,216,0,0.0000,0.0000,0,0,多换,B,22530.0000,0.0000,0.0000,0.0000,0.0000,22725.0000,0.0000,0.0000,0.0000,0.0000,1,0,0,0,0,2,0,0,0,0
sc,ru1303,2012-06-29 09:01:40.000,22835.0000,216,0,0.0000,0.0000,0,0,多换,B,22530.0000,0.0000,0.0000,0.0000,0.0000,22725.0000,0.0000,0.0000,0.0000,0.0000,1,0,0,0,0,2,0,0,0,0
sc,ru1303,2012-06-29 09:01:40.500,22835.0000,216,0,0.0000,0.0000,0,0,多换,B,22530.0000,0.0000,0.0000,0.0000,0.0000,22720.0000,0.0000,0.0000,0.0000,0.0000,1,0,0,0,0,1,0,0,0,0
sc,ru1303,2012-06-29 09:01:41.000,22835.0000,216,0,0.0000,0.0000,0,0,多换,B,22530.0000,0.0000,0.0000,0.0000,0.0000,22720.0000,0.0000,0.0000,0.0000,0.0000,1,0,0,0,0,1,0,0,0,0
sc,ru1303,2012-06-29 09:01:41.500,22835.0000,216,0,0.0000,0.0000,0,0,多换,B,22530.0000,0.0000,0.0000,0.0000,0.0000,22715.0000,0.0000,0.0000,0.0000,0.0000,1,0,0,0,0,2,0,0,0,0
sc,ru1303,2012-06-29 09:01:42.000,22835.0000,216,0,0.0000,0.0000,0,0,多换,B,22530.0000,0.0000,0.0000,0.0000,0.0000,22715.0000,0.0000,0.0000,0.0000,0.0000,1,0,0,0,0,2,0,0,0,0
sc,ru1303,2012-06-29 09:01:42.500,22835.0000,216,0,0.0000,0.0000,0,0,多换,B,22530.0000,0.0000,0.0000,0.0000,0.0000,22715.0000,0.0000,0.0000,0.0000,0.0000,1,0,0,0,0,3,0,0,0,0
sc,ru1303,2012-06-29 09:01:44.500,22835.0000,216,0,0.0000,0.0000,0,0,多换,B,22530.0000,0.0000,0.0000,0.0000,0.0000,22715.0000,0.0000,0.0000,0.0000,0.0000,1,0,0,0,0,2,0,0,0,0
sc,ru1303,2012-06-29 09:01:45.000,22835.0000,216,0,0.0000,0.0000,0,0,多换,B,22530.0000,0.0000,0.0000,0.0000,0.0000,22710.0000,0.0000,0.0000,0.0000,0.0000,1,0,0,0,0,1,0,0,0,0
sc,ru1303,2012-06-29 09:01:45.500,22835.0000,216,0,0.0000,0.0000,0,0,多换,B,22530.0000,0.0000,0.0000,0.0000,0.0000,22710.0000,0.0000,0.0000,0.0000,0.0000,1,0,0,0,0,1,0,0,0,0
sc,ru1303,2012-06-29 09:01:46.000,22835.0000,216,0,0.0000,0.0000,0,0,多换,B,22530.0000,0.0000,0.0000,0.0000,0.0000,22710.0000,0.0000,0.0000,0.0000,0.0000,1,0,0,0,0,3,0,0,0,0
sc,ru1303,2012-06-29 09:01:47.500,22835.0000,216,0,0.0000,0.0000,0,0,多换,B,22530.0000,0.0000,0.0000,0.0000,0.0000,22710.0000,0.0000,0.0000,0.0000,0.0000,1,0,0,0,0,3,0,0,0,0
sc,ru1303,2012-06-29 09:01:49.500,22835.0000,216,0,0.0000,0.0000,0,0,多换,B,22535.0000,0.0000,0.0000,0.0000,0.0000,22710.0000,0.0000,0.0000,0.0000,0.0000,1,0,0,0,0,3,0,0,0,0
sc,ru1303,2012-06-29 09:01:50.000,22835.0000,216,0,0.0000,0.0000,0,0,多换,B,22540.0000,0.0000,0.0000,0.0000,0.0000,22710.0000,0.0000,0.0000,0.0000,0.0000,1,0,0,0,0,3,0,0,0,0
sc,ru1303,2012-06-29 09:01:51.000,22835.0000,216,0,0.0000,0.0000,0,0,多换,B,22540.0000,0.0000,0.0000,0.0000,0.0000,22815.0000,0.0000,0.0000,0.0000,0.0000,1,0,0,0,0,10,0,0,0,0
sc,ru1303,2012-06-29 09:01:51.500,22835.0000,216,0,0.0000,0.0000,0,0,多换,B,22540.0000,0.0000,0.0000,0.0000,0.0000,22810.0000,0.0000,0.0000,0.0000,0.0000,1,0,0,0,0,4,0,0,0,0
sc,ru1303,2012-06-29 09:01:52.000,22835.0000,216,0,0.0000,0.0000,0,0,多换,B,22540.0000,0.0000,0.0000,0.0000,0.0000,22805.0000,0.0000,0.0000,0.0000,0.0000,1,0,0,0,0,10,0,0,0,0
sc,ru1303,2012-06-29 09:01:52.500,22835.0000,216,0,0.0000,0.0000,0,0,多换,B,22540.0000,0.0000,0.0000,0.0000,0.0000,22800.0000,0.0000,0.0000,0.0000,0.0000,1,0,0,0,0,1,0,0,0,0
sc,ru1303,2012-06-29 09:01:53.000,22835.0000,216,0,0.0000,0.0000,0,0,多换,B,22540.0000,0.0000,0.0000,0.0000,0.0000,22800.0000,0.0000,0.0000,0.0000,0.0000,1,0,0,0,0,1,0,0,0,0
sc,ru1303,2012-06-29 09:01:53.500,22835.0000,216,0,0.0000,0.0000,0,0,多换,B,22540.0000,0.0000,0.0000,0.0000,0.0000,22795.0000,0.0000,0.0000,0.0000,0.0000,1,0,0,0,0,3,0,0,0,0
sc,ru1303,2012-06-29 09:01:54.000,22835.0000,216,0,0.0000,0.0000,0,0,多换,B,22540.0000,0.0000,0.0000,0.0000,0.0000,22790.0000,0.0000,0.0000,0.0000,0.0000,1,0,0,0,0,1,0,0,0,0
sc,ru1303,2012-06-29 09:01:55.000,22835.0000,216,0,0.0000,0.0000,0,0,多换,B,22540.0000,0.0000,0.0000,0.0000,0.0000,22790.0000,0.0000,0.0000,0.0000,0.0000,1,0,0,0,0,1,0,0,0,0
sc,ru1303,2012-06-29 09:01:55.500,22835.0000,216,0,0.0000,0.0000,0,0,多换,B,22540.0000,0.0000,0.0000,0.0000,0.0000,22785.0000,0.0000,0.0000,0.0000,0.0000,1,0,0,0,0,3,0,0,0,0
sc,ru1303,2012-06-29 09:01:56.000,22835.0000,216,0,0.0000,0.0000,0,0,多换,B,22540.0000,0.0000,0.0000,0.0000,0.0000,22780.0000,0.0000,0.0000,0.0000,0.0000,1,0,0,0,0,1,0,0,0,0
sc,ru1303,2012-06-29 09:01:56.500,22835.0000,216,0,0.0000,0.0000,0,0,多换,B,22540.0000,0.0000,0.0000,0.0000,0.0000,22780.0000,0.0000,0.0000,0.0000,0.0000,1,0,0,0,0,1,0,0,0,0
sc,ru1303,2012-06-29 09:01:57.000,22835.0000,216,0,0.0000,0.0000,0,0,多换,B,22540.0000,0.0000,0.0000,0.0000,0.0000,22775.0000,0.0000,0.0000,0.0000,0.0000,1,0,0,0,0,1,0,0,0,0
sc,ru1303,2012-06-29 09:01:57.500,22835.0000,216,0,0.0000,0.0000,0,0,多换,B,22540.0000,0.0000,0.0000,0.0000,0.0000,22770.0000,0.0000,0.0000,0.0000,0.0000,1,0,0,0,0,3,0,0,0,0
sc,ru1303,2012-06-29 09:01:58.500,22835.0000,216,0,0.0000,0.0000,0,0,多换,B,22540.0000,0.0000,0.0000,0.0000,0.0000,22770.0000,0.0000,0.0000,0.0000,0.0000,1,0,0,0,0,3,0,0,0,0
sc,ru1303,2012-06-29 09:01:59.000,22835.0000,216,0,0.0000,0.0000,0,0,多换,B,22540.0000,0.0000,0.0000,0.0000,0.0000,22765.0000,0.0000,0.0000,0.0000,0.0000,1,0,0,0,0,1,0,0,0,0
sc,ru1303,2012-06-29 09:01:59.500,22835.0000,216,0,0.0000,0.0000,0,0,多换,B,22540.0000,0.0000,0.0000,0.0000,0.0000,22760.0000,0.0000,0.0000,0.0000,0.0000,1,0,0,0,0,1,0,0,0,0
sc,ru1303,2012-06-29 09:02:00.000,22835.0000,216,0,0.0000,0.0000,0,0,多换,B,22540.0000,0.0000,0.0000,0.0000,0.0000,22755.0000,0.0000,0.0000,0.0000,0.0000,1,0,0,0,0,2,0,0,0,0
sc,ru1303,2012-06-29 09:02:00.500,22835.0000,216,0,0.0000,0.0000,0,0,多换,B,22540.0000,0.0000,0.0000,0.0000,0.0000,22750.0000,0.0000,0.0000,0.0000,0.0000,1,0,0,0,0,1,0,0,0,0
sc,ru1303,2012-06-29 09:02:01.000,22835.0000,216,0,0.0000,0.0000,0,0,多换,B,22540.0000,0.0000,0.0000,0.0000,0.0000,22750.0000,0.0000,0.0000,0.0000,0.0000,1,0,0,0,0,2,0,0,0,0
sc,ru1303,2012-06-29 09:02:01.500,22835.0000,216,0,0.0000,0.0000,0,0,多换,B,22540.0000,0.0000,0.0000,0.0000,0.0000,22750.0000,0.0000,0.0000,0.0000,0.0000,1,0,0,0,0,2,0,0,0,0
sc,ru1303,2012-06-29 09:02:02.000,22835.0000,216,0,0.0000,0.0000,0,0,多换,B,22540.0000,0.0000,0.0000,0.0000,0.0000,22745.0000,0.0000,0.0000,0.0000,0.0000,1,0,0,0,0,2,0,0,0,0
sc,ru1303,2012-06-29 09:02:02.500,22835.0000,216,0,0.0000,0.0000,0,0,多换,B,22540.0000,0.0000,0.0000,0.0000,0.0000,22740.0000,0.0000,0.0000,0.0000,0.0000,1,0,0,0,0,1,0,0,0,0
sc,ru1303,2012-06-29 09:02:03.000,22835.0000,216,0,0.0000,0.0000,0,0,多换,B,22540.0000,0.0000,0.0000,0.0000,0.0000,22735.0000,0.0000,0.0000,0.0000,0.0000,1,0,0,0,0,1,0,0,0,0
sc,ru1303,2012-06-29 09:02:03.500,22835.0000,216,0,0.0000,0.0000,0,0,多换,B,22540.0000,0.0000,0.0000,0.0000,0.0000,22730.0000,0.0000,0.0000,0.0000,0.0000,1,0,0,0,0,2,0,0,0,0
sc,ru1303,2012-06-29 09:02:04.000,22835.0000,216,0,0.0000,0.0000,0,0,多换,B,22540.0000,0.0000,0.0000,0.0000,0.0000,22725.0000,0.0000,0.0000,0.0000,0.0000,1,0,0,0,0,1,0,0,0,0
sc,ru1303,2012-06-29 09:02:04.500,22835.0000,216,0,0.0000,0.0000,0,0,多换,B,22540.0000,0.0000,0.0000,0.0000,0.0000,22725.0000,0.0000,0.0000,0.0000,0.0000,1,0,0,0,0,1,0,0,0,0
sc,ru1303,2012-06-29 09:02:05.000,22835.0000,216,0,0.0000,0.0000,0,0,多换,B,22545.0000,0.0000,0.0000,0.0000,0.0000,22720.0000,0.0000,0.0000,0.0000,0.0000,1,0,0,0,0,1,0,0,0,0
sc,ru1303,2012-06-29 09:02:05.500,22835.0000,216,0,0.0000,0.0000,0,0,多换,B,22550.0000,0.0000,0.0000,0.0000,0.0000,22720.0000,0.0000,0.0000,0.0000,0.0000,1,0,0,0,0,2,0,0,0,0
sc,ru1303,2012-06-29 09:02:06.000,22835.0000,216,0,0.0000,0.0000,0,0,多换,B,22550.0000,0.0000,0.0000,0.0000,0.0000,22715.0000,0.0000,0.0000,0.0000,0.0000,1,0,0,0,0,1,0,0,0,0
sc,ru1303,2012-06-29 09:02:06.500,22835.0000,216,0,0.0000,0.0000,0,0,多换,B,22550.0000,0.0000,0.0000,0.0000,0.0000,22715.0000,0.0000,0.0000,0.0000,0.0000,1,0,0,0,0,1,0,0,0,0
sc,ru1303,2012-06-29 09:02:07.000,22835.0000,216,0,0.0000,0.0000,0,0,多换,B,22550.0000,0.0000,0.0000,0.0000,0.0000,22710.0000,0.0000,0.0000,0.0000,0.0000,1,0,0,0,0,2,0,0,0,0
sc,ru1303,2012-06-29 09:02:07.500,22835.0000,216,0,0.0000,0.0000,0,0,多换,B,22550.0000,0.0000,0.0000,0.0000,0.0000,22710.0000,0.0000,0.0000,0.0000,0.0000,1,0,0,0,0,2,0,0,0,0
sc,ru1303,2012-06-29 09:02:08.000,22835.0000,216,0,0.0000,0.0000,0,0,多换,B,22550.0000,0.0000,0.0000,0.0000,0.0000,22705.0000,0.0000,0.0000,0.0000,0.0000,1,0,0,0,0,1,0,0,0,0
sc,ru1303,2012-06-29 09:02:08.500,22835.0000,216,0,0.0000,0.0000,0,0,多换,B,22550.0000,0.0000,0.0000,0.0000,0.0000,22705.0000,0.0000,0.0000,0.0000,0.0000,1,0,0,0,0,1,0,0,0,0
sc,ru1303,2012-06-29 09:02:09.000,22835.0000,216,0,0.0000,0.0000,0,0,多换,B,22550.0000,0.0000,0.0000,0.0000,0.0000,22705.0000,0.0000,0.0000,0.0000,0.0000,1,0,0,0,0,3,0,0,0,0
sc,ru1303,2012-06-29 09:02:09.500,22835.0000,216,0,0.0000,0.0000,0,0,多换,B,22550.0000,0.0000,0.0000,0.0000,0.0000,22705.0000,0.0000,0.0000,0.0000,0.0000,1,0,0,0,0,2,0,0,0,0
sc,ru1303,2012-06-29 09:02:10.000,22835.0000,216,0,0.0000,0.0000,0,0,多换,B,22550.0000,0.0000,0.0000,0.0000,0.0000,22705.0000,0.0000,0.0000,0.0000,0.0000,1,0,0,0,0,1,0,0,0,0
sc,ru1303,2012-06-29 09:02:10.500,22835.0000,216,0,0.0000,0.0000,0,0,多换,B,22550.0000,0.0000,0.0000,0.0000,0.0000,22715.0000,0.0000,0.0000,0.0000,0.0000,1,0,0,0,0,2,0,0,0,0
sc,ru1303,2012-06-29 09:02:11.000,22835.0000,216,0,0.0000,0.0000,0,0,多换,B,22550.0000,0.0000,0.0000,0.0000,0.0000,22715.0000,0.0000,0.0000,0.0000,0.0000,1,0,0,0,0,3,0,0,0,0
sc,ru1303,2012-06-29 09:02:16.000,22835.0000,216,0,0.0000,0.0000,0,0,多换,B,22550.0000,0.0000,0.0000,0.0000,0.0000,22805.0000,0.0000,0.0000,0.0000,0.0000,1,0,0,0,0,10,0,0,0,0
sc,ru1303,2012-06-29 09:02:16.500,22835.0000,216,0,0.0000,0.0000,0,0,多换,B,22550.0000,0.0000,0.0000,0.0000,0.0000,22710.0000,0.0000,0.0000,0.0000,0.0000,1,0,0,0,0,1,0,0,0,0
sc,ru1303,2012-06-29 09:02:17.000,22835.0000,216,0,0.0000,0.0000,0,0,多换,B,22550.0000,0.0000,0.0000,0.0000,0.0000,22710.0000,0.0000,0.0000,0.0000,0.0000,1,0,0,0,0,1,0,0,0,0
sc,ru1303,2012-06-29 09:02:18.000,22835.0000,216,0,0.0000,0.0000,0,0,多换,B,22550.0000,0.0000,0.0000,0.0000,0.0000,22710.0000,0.0000,0.0000,0.0000,0.0000,1,0,0,0,0,1,0,0,0,0
sc,ru1303,2012-06-29 09:02:18.500,22835.0000,216,0,0.0000,0.0000,0,0,多换,B,22550.0000,0.0000,0.0000,0.0000,0.0000,22710.0000,0.0000,0.0000,0.0000,0.0000,1,0,0,0,0,3,0,0,0,0
sc,ru1303,2012-06-29 09:02:19.500,22835.0000,216,0,0.0000,0.0000,0,0,多换,B,22555.0000,0.0000,0.0000,0.0000,0.0000,22710.0000,0.0000,0.0000,0.0000,0.0000,1,0,0,0,0,3,0,0,0,0
sc,ru1303,2012-06-29 09:02:20.000,22835.0000,216,0,0.0000,0.0000,0,0,多换,B,22560.0000,0.0000,0.0000,0.0000,0.0000,22710.0000,0.0000,0.0000,0.0000,0.0000,1,0,0,0,0,3,0,0,0,0
sc,ru1303,2012-06-29 09:02:21.000,22835.0000,216,0,0.0000,0.0000,0,0,多换,B,22560.0000,0.0000,0.0000,0.0000,0.0000,22710.0000,0.0000,0.0000,0.0000,0.0000,1,0,0,0,0,1,0,0,0,0
sc,ru1303,2012-06-29 09:02:21.500,22835.0000,216,0,0.0000,0.0000,0,0,多换,B,22560.0000,0.0000,0.0000,0.0000,0.0000,22710.0000,0.0000,0.0000,0.0000,0.0000,1,0,0,0,0,1,0,0,0,0
sc,ru1303,2012-06-29 09:02:22.000,22835.0000,216,0,0.0000,0.0000,0,0,多换,B,22560.0000,0.0000,0.0000,0.0000,0.0000,22715.0000,0.0000,0.0000,0.0000,0.0000,1,0,0,0,0,2,0,0,0,0
sc,ru1303,2012-06-29 09:02:22.500,22835.0000,216,0,0.0000,0.0000,0,0,多换,B,22560.0000,0.0000,0.0000,0.0000,0.0000,22715.0000,0.0000,0.0000,0.0000,0.0000,1,0,0,0,0,3,0,0,0,0
sc,ru1303,2012-06-29 09:02:25.000,22835.0000,216,0,0.0000,0.0000,0,0,多换,B,22560.0000,0.0000,0.0000,0.0000,0.0000,22805.0000,0.0000,0.0000,0.0000,0.0000,1,0,0,0,0,10,0,0,0,0
sc,ru1303,2012-06-29 09:02:25.500,22835.0000,216,0,0.0000,0.0000,0,0,多换,B,22560.0000,0.0000,0.0000,0.0000,0.0000,22720.0000,0.0000,0.0000,0.0000,0.0000,1,0,0,0,0,2,0,0,0,0
sc,ru1303,2012-06-29 09:02:26.000,22835.0000,216,0,0.0000,0.0000,0,0,多换,B,22560.0000,0.0000,0.0000,0.0000,0.0000,22720.0000,0.0000,0.0000,0.0000,0.0000,1,0,0,0,0,2,0,0,0,0
sc,ru1303,2012-06-29 09:02:27.000,22835.0000,216,0,0.0000,0.0000,0,0,多换,B,22560.0000,0.0000,0.0000,0.0000,0.0000,22720.0000,0.0000,0.0000,0.0000,0.0000,1,0,0,0,0,2,0,0,0,0
sc,ru1303,2012-06-29 09:02:27.500,22835.0000,216,0,0.0000,0.0000,0,0,多换,B,22560.0000,0.0000,0.0000,0.0000,0.0000,22720.0000,0.0000,0.0000,0.0000,0.0000,1,0,0,0,0,3,0,0,0,0
sc,ru1303,2012-06-29 09:02:35.000,22835.0000,216,0,0.0000,0.0000,0,0,多换,B,22560.0000,0.0000,0.0000,0.0000,0.0000,23175.0000,0.0000,0.0000,0.0000,0.0000,1,0,0,0,0,1,0,0,0,0
sc,ru1303,2012-06-29 09:02:35.500,22835.0000,216,0,0.0000,0.0000,0,0,多换,B,22560.0000,0.0000,0.0000,0.0000,0.0000,22740.0000,0.0000,0.0000,0.0000,0.0000,1,0,0,0,0,2,0,0,0,0
sc,ru1303,2012-06-29 09:02:36.000,22835.0000,216,0,0.0000,0.0000,0,0,多换,B,22560.0000,0.0000,0.0000,0.0000,0.0000,22740.0000,0.0000,0.0000,0.0000,0.0000,1,0,0,0,0,2,0,0,0,0
sc,ru1303,2012-06-29 09:02:36.500,22835.0000,216,0,0.0000,0.0000,0,0,多换,B,22560.0000,0.0000,0.0000,0.0000,0.0000,22740.0000,0.0000,0.0000,0.0000,0.0000,1,0,0,0,0,2,0,0,0,0
sc,ru1303,2012-06-29 09:02:37.000,22835.0000,216,0,0.0000,0.0000,0,0,多换,B,22560.0000,0.0000,0.0000,0.0000,0.0000,23160.0000,0.0000,0.0000,0.0000,0.0000,1,0,0,0,0,5,0,0,0,0
sc,ru1303,2012-06-29 09:02:37.500,22835.0000,216,0,0.0000,0.0000,0,0,多换,B,22560.0000,0.0000,0.0000,0.0000,0.0000,22735.0000,0.0000,0.0000,0.0000,0.0000,1,0,0,0,0,1,0,0,0,0
sc,ru1303,2012-06-29 09:02:38.000,22835.0000,216,0,0.0000,0.0000,0,0,多换,B,22565.0000,0.0000,0.0000,0.0000,0.0000,22735.0000,0.0000,0.0000,0.0000,0.0000,1,0,0,0,0,1,0,0,0,0
sc,ru1303,2012-06-29 09:02:38.500,22835.0000,216,0,0.0000,0.0000,0,0,多换,B,22570.0000,0.0000,0.0000,0.0000,0.0000,22735.0000,0.0000,0.0000,0.0000,0.0000,1,0,0,0,0,1,0,0,0,0
sc,ru1303,2012-06-29 09:02:39.000,22835.0000,216,0,0.0000,0.0000,0,0,多换,B,22570.0000,0.0000,0.0000,0.0000,0.0000,22735.0000,0.0000,0.0000,0.0000,0.0000,1,0,0,0,0,1,0,0,0,0
sc,ru1303,2012-06-29 09:02:39.500,22835.0000,216,0,0.0000,0.0000,0,0,多换,B,22570.0000,0.0000,0.0000,0.0000,0.0000,22730.0000,0.0000,0.0000,0.0000,0.0000,1,0,0,0,0,2,0,0,0,0
sc,ru1303,2012-06-29 09:02:40.000,22835.0000,216,0,0.0000,0.0000,0,0,多换,B,22570.0000,0.0000,0.0000,0.0000,0.0000,22730.0000,0.0000,0.0000,0.0000,0.0000,1,0,0,0,0,2,0,0,0,0
sc,ru1303,2012-06-29 09:02:40.500,22835.0000,216,0,0.0000,0.0000,0,0,多换,B,22570.0000,0.0000,0.0000,0.0000,0.0000,22730.0000,0.0000,0.0000,0.0000,0.0000,1,0,0,0,0,3,0,0,0,0
sc,ru1303,2012-06-29 09:02:41.500,22835.0000,216,0,0.0000,0.0000,0,0,多换,B,22570.0000,0.0000,0.0000,0.0000,0.0000,22730.0000,0.0000,0.0000,0.0000,0.0000,1,0,0,0,0,3,0,0,0,0
sc,ru1303,2012-06-29 09:02:42.000,22835.0000,216,0,0.0000,0.0000,0,0,多换,B,22570.0000,0.0000,0.0000,0.0000,0.0000,23155.0000,0.0000,0.0000,0.0000,0.0000,1,0,0,0,0,10,0,0,0,0
sc,ru1303,2012-06-29 09:02:42.500,22835.0000,216,0,0.0000,0.0000,0,0,多换,B,22570.0000,0.0000,0.0000,0.0000,0.0000,23010.0000,0.0000,0.0000,0.0000,0.0000,1,0,0,0,0,1,0,0,0,0
sc,ru1303,2012-06-29 09:02:43.000,22835.0000,216,0,0.0000,0.0000,0,0,多换,B,22570.0000,0.0000,0.0000,0.0000,0.0000,22995.0000,0.0000,0.0000,0.0000,0.0000,1,0,0,0,0,4,0,0,0,0
sc,ru1303,2012-06-29 09:02:43.500,22835.0000,216,0,0.0000,0.0000,0,0,多换,B,22570.0000,0.0000,0.0000,0.0000,0.0000,22990.0000,0.0000,0.0000,0.0000,0.0000,1,0,0,0,0,1,0,0,0,0
sc,ru1303,2012-06-29 09:02:44.000,22835.0000,216,0,0.0000,0.0000,0,0,多换,B,22570.0000,0.0000,0.0000,0.0000,0.0000,22975.0000,0.0000,0.0000,0.0000,0.0000,1,0,0,0,0,3,0,0,0,0
sc,ru1303,2012-06-29 09:02:44.500,22835.0000,216,0,0.0000,0.0000,0,0,多换,B,22570.0000,0.0000,0.0000,0.0000,0.0000,22970.0000,0.0000,0.0000,0.0000,0.0000,1,0,0,0,0,13,0,0,0,0
sc,ru1303,2012-06-29 09:02:45.000,22835.0000,216,0,0.0000,0.0000,0,0,多换,B,22570.0000,0.0000,0.0000,0.0000,0.0000,22955.0000,0.0000,0.0000,0.0000,0.0000,1,0,0,0,0,3,0,0,0,0
sc,ru1303,2012-06-29 09:02:45.500,22835.0000,216,0,0.0000,0.0000,0,0,多换,B,22570.0000,0.0000,0.0000,0.0000,0.0000,22950.0000,0.0000,0.0000,0.0000,0.0000,1,0,0,0,0,1,0,0,0,0
sc,ru1303,2012-06-29 09:02:46.000,22835.0000,216,0,0.0000,0.0000,0,0,多换,B,22570.0000,0.0000,0.0000,0.0000,0.0000,22940.0000,0.0000,0.0000,0.0000,0.0000,1,0,0,0,0,3,0,0,0,0
sc,ru1303,2012-06-29 09:02:46.500,22835.0000,216,0,0.0000,0.0000,0,0,多换,B,22570.0000,0.0000,0.0000,0.0000,0.0000,22905.0000,0.0000,0.0000,0.0000,0.0000,1,0,0,0,0,1,0,0,0,0
sc,ru1303,2012-06-29 09:02:47.000,22835.0000,216,0,0.0000,0.0000,0,0,多换,B,22570.0000,0.0000,0.0000,0.0000,0.0000,22895.0000,0.0000,0.0000,0.0000,0.0000,1,0,0,0,0,2,0,0,0,0
sc,ru1303,2012-06-29 09:02:47.500,22835.0000,216,0,0.0000,0.0000,0,0,多换,B,22570.0000,0.0000,0.0000,0.0000,0.0000,22890.0000,0.0000,0.0000,0.0000,0.0000,1,0,0,0,0,11,0,0,0,0
sc,ru1303,2012-06-29 09:02:48.000,22835.0000,216,0,0.0000,0.0000,0,0,多换,B,22570.0000,0.0000,0.0000,0.0000,0.0000,22885.0000,0.0000,0.0000,0.0000,0.0000,1,0,0,0,0,2,0,0,0,0
sc,ru1303,2012-06-29 09:02:48.500,22835.0000,216,0,0.0000,0.0000,0,0,多换,B,22570.0000,0.0000,0.0000,0.0000,0.0000,22880.0000,0.0000,0.0000,0.0000,0.0000,1,0,0,0,0,2,0,0,0,0
sc,ru1303,2012-06-29 09:02:49.000,22835.0000,216,0,0.0000,0.0000,0,0,多换,B,22570.0000,0.0000,0.0000,0.0000,0.0000,22875.0000,0.0000,0.0000,0.0000,0.0000,1,0,0,0,0,12,0,0,0,0
sc,ru1303,2012-06-29 09:02:49.500,22835.0000,216,0,0.0000,0.0000,0,0,多换,B,22570.0000,0.0000,0.0000,0.0000,0.0000,22870.0000,0.0000,0.0000,0.0000,0.0000,1,0,0,0,0,1,0,0,0,0
sc,ru1303,2012-06-29 09:02:50.000,22835.0000,216,0,0.0000,0.0000,0,0,多换,B,22570.0000,0.0000,0.0000,0.0000,0.0000,22865.0000,0.0000,0.0000,0.0000,0.0000,1,0,0,0,0,4,0,0,0,0
sc,ru1303,2012-06-29 09:02:50.500,22835.0000,216,0,0.0000,0.0000,0,0,多换,B,22570.0000,0.0000,0.0000,0.0000,0.0000,22860.0000,0.0000,0.0000,0.0000,0.0000,1,0,0,0,0,11,0,0,0,0
sc,ru1303,2012-06-29 09:02:51.000,22835.0000,216,0,0.0000,0.0000,0,0,多换,B,22570.0000,0.0000,0.0000,0.0000,0.0000,22855.0000,0.0000,0.0000,0.0000,0.0000,1,0,0,0,0,2,0,0,0,0
sc,ru1303,2012-06-29 09:02:51.500,22835.0000,216,0,0.0000,0.0000,0,0,多换,B,22570.0000,0.0000,0.0000,0.0000,0.0000,22850.0000,0.0000,0.0000,0.0000,0.0000,1,0,0,0,0,1,0,0,0,0
sc,ru1303,2012-06-29 09:02:52.000,22835.0000,216,0,0.0000,0.0000,0,0,多换,B,22570.0000,0.0000,0.0000,0.0000,0.0000,22845.0000,0.0000,0.0000,0.0000,0.0000,1,0,0,0,0,13,0,0,0,0
sc,ru1303,2012-06-29 09:02:52.500,22835.0000,216,0,0.0000,0.0000,0,0,多换,B,22570.0000,0.0000,0.0000,0.0000,0.0000,22840.0000,0.0000,0.0000,0.0000,0.0000,1,0,0,0,0,1,0,0,0,0
sc,ru1303,2012-06-29 09:02:53.000,22835.0000,216,0,0.0000,0.0000,0,0,多换,B,22570.0000,0.0000,0.0000,0.0000,0.0000,22840.0000,0.0000,0.0000,0.0000,0.0000,1,0,0,0,0,3,0,0,0,0
sc,ru1303,2012-06-29 09:02:53.500,22835.0000,216,0,0.0000,0.0000,0,0,多换,B,22570.0000,0.0000,0.0000,0.0000,0.0000,22835.0000,0.0000,0.0000,0.0000,0.0000,1,0,0,0,0,11,0,0,0,0
sc,ru1303,2012-06-29 09:02:54.000,22835.0000,216,0,0.0000,0.0000,0,0,多换,B,22570.0000,0.0000,0.0000,0.0000,0.0000,22830.0000,0.0000,0.0000,0.0000,0.0000,1,0,0,0,0,3,0,0,0,0
sc,ru1303,2012-06-29 09:02:54.500,22835.0000,216,0,0.0000,0.0000,0,0,多换,B,22570.0000,0.0000,0.0000,0.0000,0.0000,22830.0000,0.0000,0.0000,0.0000,0.0000,1,0,0,0,0,3,0,0,0,0
sc,ru1303,2012-06-29 09:02:55.000,22835.0000,216,0,0.0000,0.0000,0,0,多换,B,22575.0000,0.0000,0.0000,0.0000,0.0000,22825.0000,0.0000,0.0000,0.0000,0.0000,1,0,0,0,0,10,0,0,0,0
sc,ru1303,2012-06-29 09:02:55.500,22835.0000,216,0,0.0000,0.0000,0,0,多换,B,22580.0000,0.0000,0.0000,0.0000,0.0000,22820.0000,0.0000,0.0000,0.0000,0.0000,1,0,0,0,0,2,0,0,0,0
sc,ru1303,2012-06-29 09:02:56.000,22835.0000,216,0,0.0000,0.0000,0,0,多换,B,22580.0000,0.0000,0.0000,0.0000,0.0000,22815.0000,0.0000,0.0000,0.0000,0.0000,1,0,0,0,0,2,0,0,0,0
sc,ru1303,2012-06-29 09:02:56.500,22835.0000,216,0,0.0000,0.0000,0,0,多换,B,22580.0000,0.0000,0.0000,0.0000,0.0000,22810.0000,0.0000,0.0000,0.0000,0.0000,1,0,0,0,0,1,0,0,0,0
sc,ru1303,2012-06-29 09:02:57.000,22835.0000,216,0,0.0000,0.0000,0,0,多换,B,22580.0000,0.0000,0.0000,0.0000,0.0000,22810.0000,0.0000,0.0000,0.0000,0.0000,1,0,0,0,0,1,0,0,0,0
sc,ru1303,2012-06-29 09:02:57.500,22835.0000,216,0,0.0000,0.0000,0,0,多换,B,22580.0000,0.0000,0.0000,0.0000,0.0000,22805.0000,0.0000,0.0000,0.0000,0.0000,1,0,0,0,0,1,0,0,0,0
sc,ru1303,2012-06-29 09:02:58.000,22835.0000,216,0,0.0000,0.0000,0,0,多换,B,22580.0000,0.0000,0.0000,0.0000,0.0000,22800.0000,0.0000,0.0000,0.0000,0.0000,1,0,0,0,0,2,0,0,0,0
sc,ru1303,2012-06-29 09:02:59.000,22835.0000,216,0,0.0000,0.0000,0,0,多换,B,22580.0000,0.0000,0.0000,0.0000,0.0000,22800.0000,0.0000,0.0000,0.0000,0.0000,1,0,0,0,0,2,0,0,0,0
sc,ru1303,2012-06-29 09:02:59.500,22835.0000,216,0,0.0000,0.0000,0,0,多换,B,22580.0000,0.0000,0.0000,0.0000,0.0000,22795.0000,0.0000,0.0000,0.0000,0.0000,1,0,0,0,0,2,0,0,0,0
sc,ru1303,2012-06-29 09:03:00.000,22835.0000,216,0,0.0000,0.0000,0,0,多换,B,22580.0000,0.0000,0.0000,0.0000,0.0000,22790.0000,0.0000,0.0000,0.0000,0.0000,1,0,0,0,0,1,0,0,0,0
sc,ru1303,2012-06-29 09:03:00.500,22835.0000,216,0,0.0000,0.0000,0,0,多换,B,22580.0000,0.0000,0.0000,0.0000,0.0000,22785.0000,0.0000,0.0000,0.0000,0.0000,1,0,0,0,0,1,0,0,0,0
sc,ru1303,2012-06-29 09:03:01.000,22835.0000,216,0,0.0000,0.0000,0,0,多换,B,22580.0000,0.0000,0.0000,0.0000,0.0000,22780.0000,0.0000,0.0000,0.0000,0.0000,1,0,0,0,0,1,0,0,0,0
sc,ru1303,2012-06-29 09:03:01.500,22835.0000,216,0,0.0000,0.0000,0,0,多换,B,22580.0000,0.0000,0.0000,0.0000,0.0000,22775.0000,0.0000,0.0000,0.0000,0.0000,1,0,0,0,0,1,0,0,0,0
sc,ru1303,2012-06-29 09:03:02.000,22835.0000,216,0,0.0000,0.0000,0,0,多换,B,22580.0000,0.0000,0.0000,0.0000,0.0000,22770.0000,0.0000,0.0000,0.0000,0.0000,1,0,0,0,0,1,0,0,0,0
sc,ru1303,2012-06-29 09:03:02.500,22835.0000,216,0,0.0000,0.0000,0,0,多换,B,22580.0000,0.0000,0.0000,0.0000,0.0000,22770.0000,0.0000,0.0000,0.0000,0.0000,1,0,0,0,0,2,0,0,0,0
sc,ru1303,2012-06-29 09:03:03.000,22835.0000,216,0,0.0000,0.0000,0,0,多换,B,22580.0000,0.0000,0.0000,0.0000,0.0000,22770.0000,0.0000,0.0000,0.0000,0.0000,1,0,0,0,0,2,0,0,0,0
sc,ru1303,2012-06-29 09:03:03.500,22835.0000,216,0,0.0000,0.0000,0,0,多换,B,22580.0000,0.0000,0.0000,0.0000,0.0000,22765.0000,0.0000,0.0000,0.0000,0.0000,1,0,0,0,0,2,0,0,0,0
sc,ru1303,2012-06-29 09:03:04.000,22835.0000,216,0,0.0000,0.0000,0,0,多换,B,22580.0000,0.0000,0.0000,0.0000,0.0000,22760.0000,0.0000,0.0000,0.0000,0.0000,1,0,0,0,0,1,0,0,0,0
sc,ru1303,2012-06-29 09:03:04.500,22835.0000,216,0,0.0000,0.0000,0,0,多换,B,22580.0000,0.0000,0.0000,0.0000,0.0000,22755.0000,0.0000,0.0000,0.0000,0.0000,1,0,0,0,0,1,0,0,0,0
sc,ru1303,2012-06-29 09:03:05.000,22835.0000,216,0,0.0000,0.0000,0,0,多换,B,22580.0000,0.0000,0.0000,0.0000,0.0000,22750.0000,0.0000,0.0000,0.0000,0.0000,1,0,0,0,0,1,0,0,0,0
sc,ru1303,2012-06-29 09:03:05.500,22835.0000,216,0,0.0000,0.0000,0,0,多换,B,22580.0000,0.0000,0.0000,0.0000,0.0000,22745.0000,0.0000,0.0000,0.0000,0.0000,1,0,0,0,0,1,0,0,0,0
sc,ru1303,2012-06-29 09:03:06.000,22835.0000,216,0,0.0000,0.0000,0,0,多换,B,22580.0000,0.0000,0.0000,0.0000,0.0000,22740.0000,0.0000,0.0000,0.0000,0.0000,1,0,0,0,0,1,0,0,0,0
sc,ru1303,2012-06-29 09:03:06.500,22835.0000,216,0,0.0000,0.0000,0,0,多换,B,22580.0000,0.0000,0.0000,0.0000,0.0000,22735.0000,0.0000,0.0000,0.0000,0.0000,1,0,0,0,0,2,0,0,0,0
sc,ru1303,2012-06-29 09:03:07.000,22835.0000,216,0,0.0000,0.0000,0,0,多换,B,22580.0000,0.0000,0.0000,0.0000,0.0000,22735.0000,0.0000,0.0000,0.0000,0.0000,1,0,0,0,0,2,0,0,0,0
sc,ru1303,2012-06-29 09:03:07.500,22835.0000,216,0,0.0000,0.0000,0,0,多换,B,22580.0000,0.0000,0.0000,0.0000,0.0000,22730.0000,0.0000,0.0000,0.0000,0.0000,1,0,0,0,0,1,0,0,0,0
sc,ru1303,2012-06-29 09:03:08.000,22835.0000,216,0,0.0000,0.0000,0,0,多换,B,22580.0000,0.0000,0.0000,0.0000,0.0000,22730.0000,0.0000,0.0000,0.0000,0.0000,1,0,0,0,0,1,0,0,0,0
sc,ru1303,2012-06-29 09:03:08.500,22835.0000,216,0,0.0000,0.0000,0,0,多换,B,22580.0000,0.0000,0.0000,0.0000,0.0000,22725.0000,0.0000,0.0000,0.0000,0.0000,1,0,0,0,0,2,0,0,0,0
sc,ru1303,2012-06-29 09:03:09.000,22835.0000,216,0,0.0000,0.0000,0,0,多换,B,22580.0000,0.0000,0.0000,0.0000,0.0000,22725.0000,0.0000,0.0000,0.0000,0.0000,1,0,0,0,0,2,0,0,0,0
sc,ru1303,2012-06-29 09:03:09.500,22835.0000,216,0,0.0000,0.0000,0,0,多换,B,22580.0000,0.0000,0.0000,0.0000,0.0000,22720.0000,0.0000,0.0000,0.0000,0.0000,1,0,0,0,0,1,0,0,0,0
sc,ru1303,2012-06-29 09:03:10.000,22835.0000,216,0,0.0000,0.0000,0,0,多换,B,22580.0000,0.0000,0.0000,0.0000,0.0000,22720.0000,0.0000,0.0000,0.0000,0.0000,1,0,0,0,0,1,0,0,0,0
sc,ru1303,2012-06-29 09:03:10.500,22835.0000,216,0,0.0000,0.0000,0,0,多换,B,22580.0000,0.0000,0.0000,0.0000,0.0000,22715.0000,0.0000,0.0000,0.0000,0.0000,1,0,0,0,0,2,0,0,0,0
sc,ru1303,2012-06-29 09:03:11.000,22835.0000,216,0,0.0000,0.0000,0,0,多换,B,22580.0000,0.0000,0.0000,0.0000,0.0000,22715.0000,0.0000,0.0000,0.0000,0.0000,1,0,0,0,0,2,0,0,0,0
sc,ru1303,2012-06-29 09:03:11.500,22835.0000,216,0,0.0000,0.0000,0,0,多换,B,22580.0000,0.0000,0.0000,0.0000,0.0000,22710.0000,0.0000,0.0000,0.0000,0.0000,1,0,0,0,0,1,0,0,0,0
sc,ru1303,2012-06-29 09:03:12.000,22835.0000,216,0,0.0000,0.0000,0,0,多换,B,22580.0000,0.0000,0.0000,0.0000,0.0000,22710.0000,0.0000,0.0000,0.0000,0.0000,1,0,0,0,0,1,0,0,0,0
sc,ru1303,2012-06-29 09:03:12.500,22835.0000,216,0,0.0000,0.0000,0,0,多换,B,22580.0000,0.0000,0.0000,0.0000,0.0000,22705.0000,0.0000,0.0000,0.0000,0.0000,1,0,0,0,0,1,0,0,0,0
sc,ru1303,2012-06-29 09:03:13.000,22835.0000,216,0,0.0000,0.0000,0,0,多换,B,22580.0000,0.0000,0.0000,0.0000,0.0000,22705.0000,0.0000,0.0000,0.0000,0.0000,1,0,0,0,0,1,0,0,0,0
sc,ru1303,2012-06-29 09:03:13.500,22835.0000,216,0,0.0000,0.0000,0,0,多换,B,22580.0000,0.0000,0.0000,0.0000,0.0000,22710.0000,0.0000,0.0000,0.0000,0.0000,1,0,0,0,0,2,0,0,0,0
sc,ru1303,2012-06-29 09:03:14.000,22835.0000,216,0,0.0000,0.0000,0,0,多换,B,22580.0000,0.0000,0.0000,0.0000,0.0000,22710.0000,0.0000,0.0000,0.0000,0.0000,1,0,0,0,0,3,0,0,0,0
sc,ru1303,2012-06-29 09:03:16.500,22835.0000,216,0,0.0000,0.0000,0,0,多换,B,22580.0000,0.0000,0.0000,0.0000,0.0000,22825.0000,0.0000,0.0000,0.0000,0.0000,1,0,0,0,0,10,0,0,0,0
sc,ru1303,2012-06-29 09:03:17.000,22835.0000,216,0,0.0000,0.0000,0,0,多换,B,22580.0000,0.0000,0.0000,0.0000,0.0000,22715.0000,0.0000,0.0000,0.0000,0.0000,1,0,0,0,0,1,0,0,0,0
sc,ru1303,2012-06-29 09:03:17.500,22835.0000,216,0,0.0000,0.0000,0,0,多换,B,22580.0000,0.0000,0.0000,0.0000,0.0000,22715.0000,0.0000,0.0000,0.0000,0.0000,1,0,0,0,0,1,0,0,0,0
sc,ru1303,2012-06-29 09:03:18.000,22835.0000,216,0,0.0000,0.0000,0,0,多换,B,22580.0000,0.0000,0.0000,0.0000,0.0000,22725.0000,0.0000,0.0000,0.0000,0.0000,1,0,0,0,0,1,0,0,0,0
sc,ru1303,2012-06-29 09:03:18.500,22835.0000,216,0,0.0000,0.0000,0,0,多换,B,22585.0000,0.0000,0.0000,0.0000,0.0000,22720.0000,0.0000,0.0000,0.0000,0.0000,1,0,0,0,0,1,0,0,0,0
sc,ru1303,2012-06-29 09:03:19.000,22835.0000,216,0,0.0000,0.0000,0,0,多换,B,22590.0000,0.0000,0.0000,0.0000,0.0000,22715.0000,0.0000,0.0000,0.0000,0.0000,1,0,0,0,0,2,0,0,0,0
sc,ru1303,2012-06-29 09:03:20.000,22835.0000,216,0,0.0000,0.0000,0,0,多换,B,22590.0000,0.0000,0.0000,0.0000,0.0000,22715.0000,0.0000,0.0000,0.0000,0.0000,1,0,0,0,0,2,0,0,0,0
sc,ru1303,2012-06-29 09:03:20.500,22835.0000,216,0,0.0000,0.0000,0,0,多换,B,22590.0000,0.0000,0.0000,0.0000,0.0000,22720.0000,0.0000,0.0000,0.0000,0.0000,1,0,0,0,0,1,0,0,0,0
sc,ru1303,2012-06-29 09:03:21.000,22835.0000,216,0,0.0000,0.0000,0,0,多换,B,22590.0000,0.0000,0.0000,0.0000,0.0000,22720.0000,0.0000,0.0000,0.0000,0.0000,1,0,0,0,0,3,0,0,0,0
sc,ru1303,2012-06-29 09:03:26.000,22835.0000,216,0,0.0000,0.0000,0,0,多换,B,22590.0000,0.0000,0.0000,0.0000,0.0000,22720.0000,0.0000,0.0000,0.0000,0.0000,1,0,0,0,0,3,0,0,0,0
sc,ru1303,2012-06-29 09:03:26.500,22835.0000,216,0,0.0000,0.0000,0,0,多换,B,22595.0000,0.0000,0.0000,0.0000,0.0000,22720.0000,0.0000,0.0000,0.0000,0.0000,1,0,0,0,0,3,0,0,0,0
sc,ru1303,2012-06-29 09:03:27.000,22835.0000,216,0,0.0000,0.0000,0,0,多换,B,22600.0000,0.0000,0.0000,0.0000,0.0000,22720.0000,0.0000,0.0000,0.0000,0.0000,1,0,0,0,0,3,0,0,0,0
sc,ru1303,2012-06-29 09:03:28.000,22835.0000,216,0,0.0000,0.0000,0,0,多换,B,22595.0000,0.0000,0.0000,0.0000,0.0000,22820.0000,0.0000,0.0000,0.0000,0.0000,1,0,0,0,0,2,0,0,0,0
sc,ru1303,2012-06-29 09:03:28.500,22835.0000,216,0,0.0000,0.0000,0,0,多换,B,22595.0000,0.0000,0.0000,0.0000,0.0000,22715.0000,0.0000,0.0000,0.0000,0.0000,1,0,0,0,0,2,0,0,0,0
sc,ru1303,2012-06-29 09:03:29.000,22835.0000,216,0,0.0000,0.0000,0,0,多换,B,22595.0000,0.0000,0.0000,0.0000,0.0000,22715.0000,0.0000,0.0000,0.0000,0.0000,1,0,0,0,0,2,0,0,0,0
sc,ru1303,2012-06-29 09:03:29.500,22835.0000,216,0,0.0000,0.0000,0,0,多换,B,22595.0000,0.0000,0.0000,0.0000,0.0000,22715.0000,0.0000,0.0000,0.0000,0.0000,1,0,0,0,0,2,0,0,0,0
sc,ru1303,2012-06-29 09:03:30.000,22835.0000,216,0,0.0000,0.0000,0,0,多换,B,22595.0000,0.0000,0.0000,0.0000,0.0000,22715.0000,0.0000,0.0000,0.0000,0.0000,1,0,0,0,0,2,0,0,0,0
sc,ru1303,2012-06-29 09:03:30.500,22835.0000,216,0,0.0000,0.0000,0,0,多换,B,22600.0000,0.0000,0.0000,0.0000,0.0000,22720.0000,0.0000,0.0000,0.0000,0.0000,1,0,0,0,0,1,0,0,0,0
sc,ru1303,2012-06-29 09:03:31.000,22835.0000,216,0,0.0000,0.0000,0,0,多换,B,22600.0000,0.0000,0.0000,0.0000,0.0000,22720.0000,0.0000,0.0000,0.0000,0.0000,1,0,0,0,0,3,0,0,0,0
sc,ru1303,2012-06-29 09:03:32.000,22835.0000,216,0,0.0000,0.0000,0,0,多换,B,22600.0000,0.0000,0.0000,0.0000,0.0000,22720.0000,0.0000,0.0000,0.0000,0.0000,1,0,0,0,0,1,0,0,0,0
sc,ru1303,2012-06-29 09:03:32.500,22835.0000,216,0,0.0000,0.0000,0,0,多换,B,22600.0000,0.0000,0.0000,0.0000,0.0000,22725.0000,0.0000,0.0000,0.0000,0.0000,1,0,0,0,0,2,0,0,0,0
sc,ru1303,2012-06-29 09:03:33.000,22835.0000,216,0,0.0000,0.0000,0,0,多换,B,22600.0000,0.0000,0.0000,0.0000,0.0000,22720.0000,0.0000,0.0000,0.0000,0.0000,1,0,0,0,0,1,0,0,0,0
sc,ru1303,2012-06-29 09:03:33.500,22835.0000,216,0,0.0000,0.0000,0,0,多换,B,22600.0000,0.0000,0.0000,0.0000,0.0000,22720.0000,0.0000,0.0000,0.0000,0.0000,1,0,0,0,0,1,0,0,0,0
sc,ru1303,2012-06-29 09:03:34.000,22835.0000,216,0,0.0000,0.0000,0,0,多换,B,22600.0000,0.0000,0.0000,0.0000,0.0000,22720.0000,0.0000,0.0000,0.0000,0.0000,1,0,0,0,0,1,0,0,0,0
sc,ru1303,2012-06-29 09:03:34.500,22835.0000,216,0,0.0000,0.0000,0,0,多换,B,22605.0000,0.0000,0.0000,0.0000,0.0000,22720.0000,0.0000,0.0000,0.0000,0.0000,1,0,0,0,0,3,0,0,0,0
sc,ru1303,2012-06-29 09:03:35.500,22835.0000,216,0,0.0000,0.0000,0,0,多换,B,22605.0000,0.0000,0.0000,0.0000,0.0000,22720.0000,0.0000,0.0000,0.0000,0.0000,1,0,0,0,0,2,0,0,0,0
sc,ru1303,2012-06-29 09:03:36.000,22835.0000,216,0,0.0000,0.0000,0,0,多换,B,22605.0000,0.0000,0.0000,0.0000,0.0000,22715.0000,0.0000,0.0000,0.0000,0.0000,1,0,0,0,0,1,0,0,0,0
sc,ru1303,2012-06-29 09:03:36.500,22835.0000,216,0,0.0000,0.0000,0,0,多换,B,22605.0000,0.0000,0.0000,0.0000,0.0000,22715.0000,0.0000,0.0000,0.0000,0.0000,1,0,0,0,0,2,0,0,0,0
sc,ru1303,2012-06-29 09:03:37.000,22835.0000,216,0,0.0000,0.0000,0,0,多换,B,22605.0000,0.0000,0.0000,0.0000,0.0000,22715.0000,0.0000,0.0000,0.0000,0.0000,1,0,0,0,0,3,0,0,0,0
sc,ru1303,2012-06-29 09:03:37.500,22835.0000,216,0,0.0000,0.0000,0,0,多换,B,22605.0000,0.0000,0.0000,0.0000,0.0000,22715.0000,0.0000,0.0000,0.0000,0.0000,1,0,0,0,0,3,0,0,0,0
sc,ru1303,2012-06-29 09:03:38.500,22835.0000,216,0,0.0000,0.0000,0,0,多换,B,22605.0000,0.0000,0.0000,0.0000,0.0000,22715.0000,0.0000,0.0000,0.0000,0.0000,1,0,0,0,0,2,0,0,0,0
sc,ru1303,2012-06-29 09:03:39.000,22835.0000,216,0,0.0000,0.0000,0,0,多换,B,22605.0000,0.0000,0.0000,0.0000,0.0000,22710.0000,0.0000,0.0000,0.0000,0.0000,1,0,0,0,0,1,0,0,0,0
sc,ru1303,2012-06-29 09:03:39.500,22835.0000,216,0,0.0000,0.0000,0,0,多换,B,22605.0000,0.0000,0.0000,0.0000,0.0000,22710.0000,0.0000,0.0000,0.0000,0.0000,1,0,0,0,0,1,0,0,0,0
sc,ru1303,2012-06-29 09:03:40.000,22835.0000,216,0,0.0000,0.0000,0,0,多换,B,22605.0000,0.0000,0.0000,0.0000,0.0000,22705.0000,0.0000,0.0000,0.0000,0.0000,1,0,0,0,0,2,0,0,0,0
sc,ru1303,2012-06-29 09:03:40.500,22835.0000,216,0,0.0000,0.0000,0,0,多换,B,22605.0000,0.0000,0.0000,0.0000,0.0000,22705.0000,0.0000,0.0000,0.0000,0.0000,1,0,0,0,0,2,0,0,0,0
sc,ru1303,2012-06-29 09:03:41.000,22835.0000,216,0,0.0000,0.0000,0,0,多换,B,22605.0000,0.0000,0.0000,0.0000,0.0000,22705.0000,0.0000,0.0000,0.0000,0.0000,1,0,0,0,0,3,0,0,0,0
sc,ru1303,2012-06-29 09:03:42.500,22835.0000,216,0,0.0000,0.0000,0,0,多换,B,22605.0000,0.0000,0.0000,0.0000,0.0000,22815.0000,0.0000,0.0000,0.0000,0.0000,1,0,0,0,0,10,0,0,0,0
sc,ru1303,2012-06-29 09:03:43.000,22835.0000,216,0,0.0000,0.0000,0,0,多换,B,22605.0000,0.0000,0.0000,0.0000,0.0000,22715.0000,0.0000,0.0000,0.0000,0.0000,1,0,0,0,0,1,0,0,0,0
sc,ru1303,2012-06-29 09:03:43.500,22835.0000,216,0,0.0000,0.0000,0,0,多换,B,22605.0000,0.0000,0.0000,0.0000,0.0000,22715.0000,0.0000,0.0000,0.0000,0.0000,1,0,0,0,0,1,0,0,0,0
sc,ru1303,2012-06-29 09:03:44.000,22835.0000,216,0,0.0000,0.0000,0,0,多换,B,22605.0000,0.0000,0.0000,0.0000,0.0000,22715.0000,0.0000,0.0000,0.0000,0.0000,1,0,0,0,0,1,0,0,0,0
sc,ru1303,2012-06-29 09:03:44.500,22835.0000,216,0,0.0000,0.0000,0,0,多换,B,22605.0000,0.0000,0.0000,0.0000,0.0000,22715.0000,0.0000,0.0000,0.0000,0.0000,1,0,0,0,0,1,0,0,0,0
sc,ru1303,2012-06-29 09:03:45.000,22835.0000,216,0,0.0000,0.0000,0,0,多换,B,22605.0000,0.0000,0.0000,0.0000,0.0000,22715.0000,0.0000,0.0000,0.0000,0.0000,1,0,0,0,0,3,0,0,0,0
sc,ru1303,2012-06-29 09:03:45.500,22835.0000,216,0,0.0000,0.0000,0,0,多换,B,22515.0000,0.0000,0.0000,0.0000,0.0000,22715.0000,0.0000,0.0000,0.0000,0.0000,1,0,0,0,0,3,0,0,0,0
sc,ru1303,2012-06-29 09:03:46.000,22835.0000,216,0,0.0000,0.0000,0,0,多换,B,22520.0000,0.0000,0.0000,0.0000,0.0000,22715.0000,0.0000,0.0000,0.0000,0.0000,1,0,0,0,0,1,0,0,0,0
sc,ru1303,2012-06-29 09:03:46.500,22835.0000,216,0,0.0000,0.0000,0,0,多换,B,22520.0000,0.0000,0.0000,0.0000,0.0000,22710.0000,0.0000,0.0000,0.0000,0.0000,1,0,0,0,0,2,0,0,0,0
sc,ru1303,2012-06-29 09:03:47.000,22835.0000,216,0,0.0000,0.0000,0,0,多换,B,22520.0000,0.0000,0.0000,0.0000,0.0000,22710.0000,0.0000,0.0000,0.0000,0.0000,1,0,0,0,0,3,0,0,0,0
sc,ru1303,2012-06-29 09:03:47.500,22835.0000,216,0,0.0000,0.0000,0,0,多换,B,22610.0000,0.0000,0.0000,0.0000,0.0000,22710.0000,0.0000,0.0000,0.0000,0.0000,1,0,0,0,0,3,0,0,0,0
sc,ru1303,2012-06-29 09:03:48.000,22835.0000,216,0,0.0000,0.0000,0,0,多换,B,22610.0000,0.0000,0.0000,0.0000,0.0000,22710.0000,0.0000,0.0000,0.0000,0.0000,1,0,0,0,0,3,0,0,0,0
sc,ru1303,2012-06-29 09:03:50.000,22835.0000,216,0,0.0000,0.0000,0,0,多换,B,22515.0000,0.0000,0.0000,0.0000,0.0000,22710.0000,0.0000,0.0000,0.0000,0.0000,1,0,0,0,0,3,0,0,0,0
sc,ru1303,2012-06-29 09:03:50.500,22835.0000,216,0,0.0000,0.0000,0,0,多换,B,22525.0000,0.0000,0.0000,0.0000,0.0000,22710.0000,0.0000,0.0000,0.0000,0.0000,1,0,0,0,0,3,0,0,0,0
sc,ru1303,2012-06-29 09:03:51.000,22835.0000,216,0,0.0000,0.0000,0,0,多换,B,22530.0000,0.0000,0.0000,0.0000,0.0000,22710.0000,0.0000,0.0000,0.0000,0.0000,1,0,0,0,0,3,0,0,0,0
sc,ru1303,2012-06-29 09:03:53.500,22835.0000,216,0,0.0000,0.0000,0,0,多换,B,22530.0000,0.0000,0.0000,0.0000,0.0000,22710.0000,0.0000,0.0000,0.0000,0.0000,1,0,0,0,0,3,0,0,0,0
sc,ru1303,2012-06-29 09:03:54.000,22835.0000,216,0,0.0000,0.0000,0,0,多换,B,22530.0000,0.0000,0.0000,0.0000,0.0000,22710.0000,0.0000,0.0000,0.0000,0.0000,1,0,0,0,0,3,0,0,0,0
sc,ru1303,2012-06-29 09:03:55.000,22835.0000,216,0,0.0000,0.0000,0,0,多换,B,22535.0000,0.0000,0.0000,0.0000,0.0000,22710.0000,0.0000,0.0000,0.0000,0.0000,1,0,0,0,0,3,0,0,0,0
sc,ru1303,2012-06-29 09:03:55.500,22835.0000,216,0,0.0000,0.0000,0,0,多换,B,22540.0000,0.0000,0.0000,0.0000,0.0000,22710.0000,0.0000,0.0000,0.0000,0.0000,1,0,0,0,0,3,0,0,0,0
sc,ru1303,2012-06-29 09:03:58.500,22835.0000,216,0,0.0000,0.0000,0,0,多换,B,22540.0000,0.0000,0.0000,0.0000,0.0000,22710.0000,0.0000,0.0000,0.0000,0.0000,1,0,0,0,0,3,0,0,0,0
sc,ru1303,2012-06-29 09:03:59.000,22835.0000,216,0,0.0000,0.0000,0,0,多换,B,22545.0000,0.0000,0.0000,0.0000,0.0000,22710.0000,0.0000,0.0000,0.0000,0.0000,1,0,0,0,0,3,0,0,0,0
sc,ru1303,2012-06-29 09:03:59.500,22835.0000,216,0,0.0000,0.0000,0,0,多换,B,22550.0000,0.0000,0.0000,0.0000,0.0000,22710.0000,0.0000,0.0000,0.0000,0.0000,1,0,0,0,0,3,0,0,0,0
sc,ru1303,2012-06-29 09:04:02.500,22835.0000,216,0,0.0000,0.0000,0,0,多换,B,22550.0000,0.0000,0.0000,0.0000,0.0000,22710.0000,0.0000,0.0000,0.0000,0.0000,1,0,0,0,0,3,0,0,0,0
sc,ru1303,2012-06-29 09:04:03.500,22835.0000,216,0,0.0000,0.0000,0,0,多换,B,22555.0000,0.0000,0.0000,0.0000,0.0000,22710.0000,0.0000,0.0000,0.0000,0.0000,1,0,0,0,0,3,0,0,0,0
sc,ru1303,2012-06-29 09:04:04.000,22835.0000,216,0,0.0000,0.0000,0,0,多换,B,22560.0000,0.0000,0.0000,0.0000,0.0000,22710.0000,0.0000,0.0000,0.0000,0.0000,1,0,0,0,0,3,0,0,0,0
sc,ru1303,2012-06-29 09:04:06.000,22835.0000,216,0,0.0000,0.0000,0,0,多换,B,22560.0000,0.0000,0.0000,0.0000,0.0000,22710.0000,0.0000,0.0000,0.0000,0.0000,1,0,0,0,0,3,0,0,0,0
sc,ru1303,2012-06-29 09:04:06.500,22835.0000,216,0,0.0000,0.0000,0,0,多换,B,22565.0000,0.0000,0.0000,0.0000,0.0000,22710.0000,0.0000,0.0000,0.0000,0.0000,1,0,0,0,0,3,0,0,0,0
sc,ru1303,2012-06-29 09:04:07.000,22835.0000,216,0,0.0000,0.0000,0,0,多换,B,22570.0000,0.0000,0.0000,0.0000,0.0000,22710.0000,0.0000,0.0000,0.0000,0.0000,1,0,0,0,0,3,0,0,0,0
sc,ru1303,2012-06-29 09:04:09.000,22835.0000,216,0,0.0000,0.0000,0,0,多换,B,22570.0000,0.0000,0.0000,0.0000,0.0000,22710.0000,0.0000,0.0000,0.0000,0.0000,1,0,0,0,0,3,0,0,0,0
sc,ru1303,2012-06-29 09:04:09.500,22835.0000,216,0,0.0000,0.0000,0,0,多换,B,22575.0000,0.0000,0.0000,0.0000,0.0000,22710.0000,0.0000,0.0000,0.0000,0.0000,1,0,0,0,0,3,0,0,0,0
sc,ru1303,2012-06-29 09:04:10.000,22835.0000,216,0,0.0000,0.0000,0,0,多换,B,22580.0000,0.0000,0.0000,0.0000,0.0000,22710.0000,0.0000,0.0000,0.0000,0.0000,1,0,0,0,0,3,0,0,0,0
sc,ru1303,2012-06-29 09:04:11.000,22835.0000,216,0,0.0000,0.0000,0,0,多换,B,22575.0000,0.0000,0.0000,0.0000,0.0000,22710.0000,0.0000,0.0000,0.0000,0.0000,1,0,0,0,0,3,0,0,0,0
sc,ru1303,2012-06-29 09:04:11.500,22835.0000,216,0,0.0000,0.0000,0,0,多换,B,22515.0000,0.0000,0.0000,0.0000,0.0000,22710.0000,0.0000,0.0000,0.0000,0.0000,1,0,0,0,0,3,0,0,0,0
sc,ru1303,2012-06-29 09:04:12.000,22835.0000,216,0,0.0000,0.0000,0,0,多换,B,22580.0000,0.0000,0.0000,0.0000,0.0000,22710.0000,0.0000,0.0000,0.0000,0.0000,1,0,0,0,0,3,0,0,0,0
sc,ru1303,2012-06-29 09:04:12.500,22835.0000,216,0,0.0000,0.0000,0,0,多换,B,22580.0000,0.0000,0.0000,0.0000,0.0000,22815.0000,0.0000,0.0000,0.0000,0.0000,1,0,0,0,0,10,0,0,0,0
sc,ru1303,2012-06-29 09:04:13.000,22835.0000,216,0,0.0000,0.0000,0,0,多换,B,22580.0000,0.0000,0.0000,0.0000,0.0000,22715.0000,0.0000,0.0000,0.0000,0.0000,1,0,0,0,0,1,0,0,0,0
sc,ru1303,2012-06-29 09:04:13.500,22835.0000,216,0,0.0000,0.0000,0,0,多换,B,22580.0000,0.0000,0.0000,0.0000,0.0000,22715.0000,0.0000,0.0000,0.0000,0.0000,1,0,0,0,0,1,0,0,0,0
sc,ru1303,2012-06-29 09:04:14.000,22835.0000,216,0,0.0000,0.0000,0,0,多换,B,22580.0000,0.0000,0.0000,0.0000,0.0000,22810.0000,0.0000,0.0000,0.0000,0.0000,1,0,0,0,0,3,0,0,0,0
sc,ru1303,2012-06-29 09:04:14.500,22835.0000,216,0,0.0000,0.0000,0,0,多换,B,22580.0000,0.0000,0.0000,0.0000,0.0000,22805.0000,0.0000,0.0000,0.0000,0.0000,1,0,0,0,0,13,0,0,0,0
sc,ru1303,2012-06-29 09:04:15.000,22835.0000,216,0,0.0000,0.0000,0,0,多换,B,22580.0000,0.0000,0.0000,0.0000,0.0000,22800.0000,0.0000,0.0000,0.0000,0.0000,1,0,0,0,0,2,0,0,0,0
sc,ru1303,2012-06-29 09:04:15.500,22835.0000,216,0,0.0000,0.0000,0,0,多换,B,22580.0000,0.0000,0.0000,0.0000,0.0000,22795.0000,0.0000,0.0000,0.0000,0.0000,1,0,0,0,0,2,0,0,0,0
sc,ru1303,2012-06-29 09:04:16.000,22835.0000,216,0,0.0000,0.0000,0,0,多换,B,22580.0000,0.0000,0.0000,0.0000,0.0000,22790.0000,0.0000,0.0000,0.0000,0.0000,1,0,0,0,0,10,0,0,0,0
sc,ru1303,2012-06-29 09:04:16.500,22835.0000,216,0,0.0000,0.0000,0,0,多换,B,22580.0000,0.0000,0.0000,0.0000,0.0000,22785.0000,0.0000,0.0000,0.0000,0.0000,1,0,0,0,0,1,0,0,0,0
sc,ru1303,2012-06-29 09:04:17.000,22835.0000,216,0,0.0000,0.0000,0,0,多换,B,22580.0000,0.0000,0.0000,0.0000,0.0000,22785.0000,0.0000,0.0000,0.0000,0.0000,1,0,0,0,0,1,0,0,0,0
sc,ru1303,2012-06-29 09:04:17.500,22835.0000,216,0,0.0000,0.0000,0,0,多换,B,22580.0000,0.0000,0.0000,0.0000,0.0000,22780.0000,0.0000,0.0000,0.0000,0.0000,1,0,0,0,0,1,0,0,0,0
sc,ru1303,2012-06-29 09:04:18.000,22835.0000,216,0,0.0000,0.0000,0,0,多换,B,22580.0000,0.0000,0.0000,0.0000,0.0000,22775.0000,0.0000,0.0000,0.0000,0.0000,1,0,0,0,0,3,0,0,0,0
sc,ru1303,2012-06-29 09:04:18.500,22835.0000,216,0,0.0000,0.0000,0,0,多换,B,22580.0000,0.0000,0.0000,0.0000,0.0000,22775.0000,0.0000,0.0000,0.0000,0.0000,1,0,0,0,0,3,0,0,0,0
sc,ru1303,2012-06-29 09:04:19.000,22835.0000,216,0,0.0000,0.0000,0,0,多换,B,22580.0000,0.0000,0.0000,0.0000,0.0000,22775.0000,0.0000,0.0000,0.0000,0.0000,1,0,0,0,0,3,0,0,0,0
sc,ru1303,2012-06-29 09:04:19.500,22835.0000,216,0,0.0000,0.0000,0,0,多换,B,22580.0000,0.0000,0.0000,0.0000,0.0000,22770.0000,0.0000,0.0000,0.0000,0.0000,1,0,0,0,0,1,0,0,0,0
sc,ru1303,2012-06-29 09:04:20.000,22835.0000,216,0,0.0000,0.0000,0,0,多换,B,22580.0000,0.0000,0.0000,0.0000,0.0000,22765.0000,0.0000,0.0000,0.0000,0.0000,1,0,0,0,0,1,0,0,0,0
sc,ru1303,2012-06-29 09:04:20.500,22835.0000,216,0,0.0000,0.0000,0,0,多换,B,22585.0000,0.0000,0.0000,0.0000,0.0000,22760.0000,0.0000,0.0000,0.0000,0.0000,1,0,0,0,0,1,0,0,0,0
sc,ru1303,2012-06-29 09:04:21.000,22835.0000,216,0,0.0000,0.0000,0,0,多换,B,22585.0000,0.0000,0.0000,0.0000,0.0000,22755.0000,0.0000,0.0000,0.0000,0.0000,1,0,0,0,0,1,0,0,0,0
sc,ru1303,2012-06-29 09:04:21.500,22835.0000,216,0,0.0000,0.0000,0,0,多换,B,22590.0000,0.0000,0.0000,0.0000,0.0000,22755.0000,0.0000,0.0000,0.0000,0.0000,1,0,0,0,0,2,0,0,0,0
sc,ru1303,2012-06-29 09:04:22.000,22835.0000,216,0,0.0000,0.0000,0,0,多换,B,22590.0000,0.0000,0.0000,0.0000,0.0000,22750.0000,0.0000,0.0000,0.0000,0.0000,1,0,0,0,0,1,0,0,0,0
sc,ru1303,2012-06-29 09:04:22.500,22835.0000,216,0,0.0000,0.0000,0,0,多换,B,22590.0000,0.0000,0.0000,0.0000,0.0000,22745.0000,0.0000,0.0000,0.0000,0.0000,1,0,0,0,0,2,0,0,0,0
sc,ru1303,2012-06-29 09:04:23.000,22835.0000,216,0,0.0000,0.0000,0,0,多换,B,22590.0000,0.0000,0.0000,0.0000,0.0000,22745.0000,0.0000,0.0000,0.0000,0.0000,1,0,0,0,0,2,0,0,0,0
sc,ru1303,2012-06-29 09:04:23.500,22835.0000,216,0,0.0000,0.0000,0,0,多换,B,22590.0000,0.0000,0.0000,0.0000,0.0000,22740.0000,0.0000,0.0000,0.0000,0.0000,1,0,0,0,0,1,0,0,0,0
sc,ru1303,2012-06-29 09:04:24.000,22835.0000,216,0,0.0000,0.0000,0,0,多换,B,22590.0000,0.0000,0.0000,0.0000,0.0000,22740.0000,0.0000,0.0000,0.0000,0.0000,1,0,0,0,0,2,0,0,0,0
sc,ru1303,2012-06-29 09:04:24.500,22835.0000,216,0,0.0000,0.0000,0,0,多换,B,22590.0000,0.0000,0.0000,0.0000,0.0000,22735.0000,0.0000,0.0000,0.0000,0.0000,1,0,0,0,0,1,0,0,0,0
sc,ru1303,2012-06-29 09:04:25.000,22835.0000,216,0,0.0000,0.0000,0,0,多换,B,22590.0000,0.0000,0.0000,0.0000,0.0000,22735.0000,0.0000,0.0000,0.0000,0.0000,1,0,0,0,0,1,0,0,0,0
sc,ru1303,2012-06-29 09:04:25.500,22835.0000,216,0,0.0000,0.0000,0,0,多换,B,22590.0000,0.0000,0.0000,0.0000,0.0000,22730.0000,0.0000,0.0000,0.0000,0.0000,1,0,0,0,0,2,0,0,0,0
sc,ru1303,2012-06-29 09:04:26.000,22835.0000,216,0,0.0000,0.0000,0,0,多换,B,22590.0000,0.0000,0.0000,0.0000,0.0000,22730.0000,0.0000,0.0000,0.0000,0.0000,1,0,0,0,0,3,0,0,0,0
sc,ru1303,2012-06-29 09:04:26.500,22835.0000,216,0,0.0000,0.0000,0,0,多换,B,22590.0000,0.0000,0.0000,0.0000,0.0000,22725.0000,0.0000,0.0000,0.0000,0.0000,1,0,0,0,0,1,0,0,0,0
sc,ru1303,2012-06-29 09:04:27.000,22835.0000,216,0,0.0000,0.0000,0,0,多换,B,22590.0000,0.0000,0.0000,0.0000,0.0000,22725.0000,0.0000,0.0000,0.0000,0.0000,1,0,0,0,0,1,0,0,0,0
sc,ru1303,2012-06-29 09:04:27.500,22835.0000,216,0,0.0000,0.0000,0,0,多换,B,22590.0000,0.0000,0.0000,0.0000,0.0000,22720.0000,0.0000,0.0000,0.0000,0.0000,1,0,0,0,0,2,0,0,0,0
sc,ru1303,2012-06-29 09:04:28.000,22835.0000,216,0,0.0000,0.0000,0,0,多换,B,22590.0000,0.0000,0.0000,0.0000,0.0000,22720.0000,0.0000,0.0000,0.0000,0.0000,1,0,0,0,0,2,0,0,0,0
sc,ru1303,2012-06-29 09:04:28.500,22835.0000,216,0,0.0000,0.0000,0,0,多换,B,22590.0000,0.0000,0.0000,0.0000,0.0000,22715.0000,0.0000,0.0000,0.0000,0.0000,1,0,0,0,0,1,0,0,0,0
sc,ru1303,2012-06-29 09:04:29.000,22835.0000,216,0,0.0000,0.0000,0,0,多换,B,22590.0000,0.0000,0.0000,0.0000,0.0000,22715.0000,0.0000,0.0000,0.0000,0.0000,1,0,0,0,0,1,0,0,0,0
sc,ru1303,2012-06-29 09:04:29.500,22835.0000,216,0,0.0000,0.0000,0,0,多换,B,22590.0000,0.0000,0.0000,0.0000,0.0000,22710.0000,0.0000,0.0000,0.0000,0.0000,1,0,0,0,0,2,0,0,0,0
sc,ru1303,2012-06-29 09:04:30.000,22835.0000,216,0,0.0000,0.0000,0,0,多换,B,22590.0000,0.0000,0.0000,0.0000,0.0000,22710.0000,0.0000,0.0000,0.0000,0.0000,1,0,0,0,0,2,0,0,0,0
sc,ru1303,2012-06-29 09:04:30.500,22835.0000,216,0,0.0000,0.0000,0,0,多换,B,22590.0000,0.0000,0.0000,0.0000,0.0000,22705.0000,0.0000,0.0000,0.0000,0.0000,1,0,0,0,0,1,0,0,0,0
sc,ru1303,2012-06-29 09:04:31.000,22835.0000,216,0,0.0000,0.0000,0,0,多换,B,22590.0000,0.0000,0.0000,0.0000,0.0000,22705.0000,0.0000,0.0000,0.0000,0.0000,1,0,0,0,0,1,0,0,0,0
sc,ru1303,2012-06-29 09:04:31.500,22835.0000,216,0,0.0000,0.0000,0,0,多换,B,22590.0000,0.0000,0.0000,0.0000,0.0000,22705.0000,0.0000,0.0000,0.0000,0.0000,1,0,0,0,0,3,0,0,0,0
sc,ru1303,2012-06-29 09:04:36.500,22835.0000,216,0,0.0000,0.0000,0,0,多换,B,22590.0000,0.0000,0.0000,0.0000,0.0000,23175.0000,0.0000,0.0000,0.0000,0.0000,1,0,0,0,0,1,0,0,0,0
sc,ru1303,2012-06-29 09:04:37.000,22835.0000,216,0,0.0000,0.0000,0,0,多换,B,22590.0000,0.0000,0.0000,0.0000,0.0000,23015.0000,0.0000,0.0000,0.0000,0.0000,1,0,0,0,0,1,0,0,0,0
sc,ru1303,2012-06-29 09:04:37.500,22835.0000,216,0,0.0000,0.0000,0,0,多换,B,22590.0000,0.0000,0.0000,0.0000,0.0000,23000.0000,0.0000,0.0000,0.0000,0.0000,1,0,0,0,0,4,0,0,0,0
sc,ru1303,2012-06-29 09:04:38.000,22835.0000,216,0,0.0000,0.0000,0,0,多换,B,22590.0000,0.0000,0.0000,0.0000,0.0000,22995.0000,0.0000,0.0000,0.0000,0.0000,1,0,0,0,0,1,0,0,0,0
sc,ru1303,2012-06-29 09:04:38.500,22835.0000,216,0,0.0000,0.0000,0,0,多换,B,22590.0000,0.0000,0.0000,0.0000,0.0000,22980.0000,0.0000,0.0000,0.0000,0.0000,1,0,0,0,0,4,0,0,0,0
sc,ru1303,2012-06-29 09:04:39.000,22835.0000,216,0,0.0000,0.0000,0,0,多换,B,22590.0000,0.0000,0.0000,0.0000,0.0000,22975.0000,0.0000,0.0000,0.0000,0.0000,1,0,0,0,0,14,0,0,0,0
sc,ru1303,2012-06-29 09:04:39.500,22835.0000,216,0,0.0000,0.0000,0,0,多换,B,22590.0000,0.0000,0.0000,0.0000,0.0000,22960.0000,0.0000,0.0000,0.0000,0.0000,1,0,0,0,0,4,0,0,0,0
sc,ru1303,2012-06-29 09:04:40.000,22835.0000,216,0,0.0000,0.0000,0,0,多换,B,22590.0000,0.0000,0.0000,0.0000,0.0000,22955.0000,0.0000,0.0000,0.0000,0.0000,1,0,0,0,0,1,0,0,0,0
sc,ru1303,2012-06-29 09:04:40.500,22835.0000,216,0,0.0000,0.0000,0,0,多换,B,22590.0000,0.0000,0.0000,0.0000,0.0000,22905.0000,0.0000,0.0000,0.0000,0.0000,1,0,0,0,0,1,0,0,0,0
sc,ru1303,2012-06-29 09:04:41.000,22835.0000,216,0,0.0000,0.0000,0,0,多换,B,22590.0000,0.0000,0.0000,0.0000,0.0000,22895.0000,0.0000,0.0000,0.0000,0.0000,1,0,0,0,0,3,0,0,0,0
sc,ru1303,2012-06-29 09:04:41.500,22835.0000,216,0,0.0000,0.0000,0,0,多换,B,22595.0000,0.0000,0.0000,0.0000,0.0000,22890.0000,0.0000,0.0000,0.0000,0.0000,1,0,0,0,0,11,0,0,0,0
sc,ru1303,2012-06-29 09:04:42.000,22835.0000,216,0,0.0000,0.0000,0,0,多换,B,22595.0000,0.0000,0.0000,0.0000,0.0000,22880.0000,0.0000,0.0000,0.0000,0.0000,1,0,0,0,0,2,0,0,0,0
sc,ru1303,2012-06-29 09:04:42.500,22835.0000,216,0,0.0000,0.0000,0,0,多换,B,22600.0000,0.0000,0.0000,0.0000,0.0000,22875.0000,0.0000,0.0000,0.0000,0.0000,1,0,0,0,0,4,0,0,0,0
sc,ru1303,2012-06-29 09:04:43.000,22835.0000,216,0,0.0000,0.0000,0,0,多换,B,22600.0000,0.0000,0.0000,0.0000,0.0000,22870.0000,0.0000,0.0000,0.0000,0.0000,1,0,0,0,0,12,0,0,0,0
sc,ru1303,2012-06-29 09:04:43.500,22835.0000,216,0,0.0000,0.0000,0,0,多换,B,22605.0000,0.0000,0.0000,0.0000,0.0000,22865.0000,0.0000,0.0000,0.0000,0.0000,1,0,0,0,0,1,0,0,0,0
sc,ru1303,2012-06-29 09:04:44.000,22835.0000,216,0,0.0000,0.0000,0,0,多换,B,22600.0000,0.0000,0.0000,0.0000,0.0000,22860.0000,0.0000,0.0000,0.0000,0.0000,1,0,0,0,0,3,0,0,0,0
sc,ru1303,2012-06-29 09:04:44.500,22835.0000,216,0,0.0000,0.0000,0,0,多换,B,22515.0000,0.0000,0.0000,0.0000,0.0000,22855.0000,0.0000,0.0000,0.0000,0.0000,1,0,0,0,0,3,0,0,0,0
sc,ru1303,2012-06-29 09:04:45.000,22835.0000,216,0,0.0000,0.0000,0,0,多换,B,22605.0000,0.0000,0.0000,0.0000,0.0000,22850.0000,0.0000,0.0000,0.0000,0.0000,1,0,0,0,0,2,0,0,0,0
sc,ru1303,2012-06-29 09:04:45.500,22835.0000,216,0,0.0000,0.0000,0,0,多换,B,22605.0000,0.0000,0.0000,0.0000,0.0000,22845.0000,0.0000,0.0000,0.0000,0.0000,1,0,0,0,0,1,0,0,0,0
sc,ru1303,2012-06-29 09:04:46.000,22835.0000,216,0,0.0000,0.0000,0,0,多换,B,22605.0000,0.0000,0.0000,0.0000,0.0000,22840.0000,0.0000,0.0000,0.0000,0.0000,1,0,0,0,0,13,0,0,0,0
sc,ru1303,2012-06-29 09:04:46.500,22835.0000,216,0,0.0000,0.0000,0,0,多换,B,22605.0000,0.0000,0.0000,0.0000,0.0000,22835.0000,0.0000,0.0000,0.0000,0.0000,1,0,0,0,0,3,0,0,0,0
sc,ru1303,2012-06-29 09:04:47.000,22835.0000,216,0,0.0000,0.0000,0,0,多换,B,22605.0000,0.0000,0.0000,0.0000,0.0000,22830.0000,0.0000,0.0000,0.0000,0.0000,1,0,0,0,0,2,0,0,0,0
sc,ru1303,2012-06-29 09:04:47.500,22835.0000,216,0,0.0000,0.0000,0,0,多换,B,22605.0000,0.0000,0.0000,0.0000,0.0000,22825.0000,0.0000,0.0000,0.0000,0.0000,1,0,0,0,0,11,0,0,0,0
sc,ru1303,2012-06-29 09:04:48.000,22835.0000,216,0,0.0000,0.0000,0,0,多换,B,22605.0000,0.0000,0.0000,0.0000,0.0000,22825.0000,0.0000,0.0000,0.0000,0.0000,1,0,0,0,0,14,0,0,0,0
sc,ru1303,2012-06-29 09:04:48.500,22835.0000,216,0,0.0000,0.0000,0,0,多换,B,22605.0000,0.0000,0.0000,0.0000,0.0000,22820.0000,0.0000,0.0000,0.0000,0.0000,1,0,0,0,0,2,0,0,0,0
sc,ru1303,2012-06-29 09:04:49.000,22835.0000,216,0,0.0000,0.0000,0,0,多换,B,22605.0000,0.0000,0.0000,0.0000,0.0000,22815.0000,0.0000,0.0000,0.0000,0.0000,1,0,0,0,0,11,0,0,0,0
sc,ru1303,2012-06-29 09:04:49.500,22835.0000,216,0,0.0000,0.0000,0,0,多换,B,22605.0000,0.0000,0.0000,0.0000,0.0000,22810.0000,0.0000,0.0000,0.0000,0.0000,1,0,0,0,0,1,0,0,0,0
sc,ru1303,2012-06-29 09:04:50.000,22835.0000,216,0,0.0000,0.0000,0,0,多换,B,22605.0000,0.0000,0.0000,0.0000,0.0000,22805.0000,0.0000,0.0000,0.0000,0.0000,1,0,0,0,0,1,0,0,0,0
sc,ru1303,2012-06-29 09:04:50.500,22835.0000,216,0,0.0000,0.0000,0,0,多换,B,22605.0000,0.0000,0.0000,0.0000,0.0000,22800.0000,0.0000,0.0000,0.0000,0.0000,1,0,0,0,0,2,0,0,0,0
sc,ru1303,2012-06-29 09:04:51.000,22835.0000,216,0,0.0000,0.0000,0,0,多换,B,22605.0000,0.0000,0.0000,0.0000,0.0000,22795.0000,0.0000,0.0000,0.0000,0.0000,1,0,0,0,0,1,0,0,0,0
sc,ru1303,2012-06-29 09:04:51.500,22835.0000,216,0,0.0000,0.0000,0,0,多换,B,22605.0000,0.0000,0.0000,0.0000,0.0000,22795.0000,0.0000,0.0000,0.0000,0.0000,1,0,0,0,0,2,0,0,0,0
sc,ru1303,2012-06-29 09:04:52.000,22835.0000,216,0,0.0000,0.0000,0,0,多换,B,22605.0000,0.0000,0.0000,0.0000,0.0000,22795.0000,0.0000,0.0000,0.0000,0.0000,1,0,0,0,0,2,0,0,0,0
sc,ru1303,2012-06-29 09:04:52.500,22835.0000,216,0,0.0000,0.0000,0,0,多换,B,22605.0000,0.0000,0.0000,0.0000,0.0000,22790.0000,0.0000,0.0000,0.0000,0.0000,1,0,0,0,0,2,0,0,0,0
sc,ru1303,2012-06-29 09:04:53.000,22835.0000,216,0,0.0000,0.0000,0,0,多换,B,22605.0000,0.0000,0.0000,0.0000,0.0000,22785.0000,0.0000,0.0000,0.0000,0.0000,1,0,0,0,0,1,0,0,0,0
sc,ru1303,2012-06-29 09:04:53.500,22835.0000,216,0,0.0000,0.0000,0,0,多换,B,22605.0000,0.0000,0.0000,0.0000,0.0000,22780.0000,0.0000,0.0000,0.0000,0.0000,1,0,0,0,0,1,0,0,0,0
sc,ru1303,2012-06-29 09:04:54.000,22835.0000,216,0,0.0000,0.0000,0,0,多换,B,22605.0000,0.0000,0.0000,0.0000,0.0000,22775.0000,0.0000,0.0000,0.0000,0.0000,1,0,0,0,0,2,0,0,0,0
sc,ru1303,2012-06-29 09:04:54.500,22835.0000,216,0,0.0000,0.0000,0,0,多换,B,22605.0000,0.0000,0.0000,0.0000,0.0000,22770.0000,0.0000,0.0000,0.0000,0.0000,1,0,0,0,0,1,0,0,0,0
sc,ru1303,2012-06-29 09:04:55.000,22835.0000,216,0,0.0000,0.0000,0,0,多换,B,22605.0000,0.0000,0.0000,0.0000,0.0000,22765.0000,0.0000,0.0000,0.0000,0.0000,1,0,0,0,0,1,0,0,0,0
sc,ru1303,2012-06-29 09:04:55.500,22835.0000,216,0,0.0000,0.0000,0,0,多换,B,22605.0000,0.0000,0.0000,0.0000,0.0000,22765.0000,0.0000,0.0000,0.0000,0.0000,1,0,0,0,0,2,0,0,0,0
sc,ru1303,2012-06-29 09:04:56.000,22835.0000,216,0,0.0000,0.0000,0,0,多换,B,22605.0000,0.0000,0.0000,0.0000,0.0000,22760.0000,0.0000,0.0000,0.0000,0.0000,1,0,0,0,0,1,0,0,0,0
sc,ru1303,2012-06-29 09:04:56.500,22835.0000,216,0,0.0000,0.0000,0,0,多换,B,22605.0000,0.0000,0.0000,0.0000,0.0000,22755.0000,0.0000,0.0000,0.0000,0.0000,1,0,0,0,0,1,0,0,0,0
sc,ru1303,2012-06-29 09:04:57.000,22835.0000,216,0,0.0000,0.0000,0,0,多换,B,22605.0000,0.0000,0.0000,0.0000,0.0000,22750.0000,0.0000,0.0000,0.0000,0.0000,1,0,0,0,0,1,0,0,0,0
sc,ru1303,2012-06-29 09:04:57.500,22835.0000,216,0,0.0000,0.0000,0,0,多换,B,22605.0000,0.0000,0.0000,0.0000,0.0000,22750.0000,0.0000,0.0000,0.0000,0.0000,1,0,0,0,0,1,0,0,0,0
sc,ru1303,2012-06-29 09:04:58.000,22835.0000,216,0,0.0000,0.0000,0,0,多换,B,22605.0000,0.0000,0.0000,0.0000,0.0000,22745.0000,0.0000,0.0000,0.0000,0.0000,1,0,0,0,0,1,0,0,0,0
sc,ru1303,2012-06-29 09:04:58.500,22835.0000,216,0,0.0000,0.0000,0,0,多换,B,22605.0000,0.0000,0.0000,0.0000,0.0000,22745.0000,0.0000,0.0000,0.0000,0.0000,1,0,0,0,0,2,0,0,0,0
sc,ru1303,2012-06-29 09:04:59.000,22835.0000,216,0,0.0000,0.0000,0,0,多换,B,22605.0000,0.0000,0.0000,0.0000,0.0000,22745.0000,0.0000,0.0000,0.0000,0.0000,1,0,0,0,0,2,0,0,0,0
sc,ru1303,2012-06-29 09:04:59.500,22835.0000,216,0,0.0000,0.0000,0,0,多换,B,22605.0000,0.0000,0.0000,0.0000,0.0000,22740.0000,0.0000,0.0000,0.0000,0.0000,1,0,0,0,0,1,0,0,0,0
sc,ru1303,2012-06-29 09:05:00.000,22835.0000,216,0,0.0000,0.0000,0,0,多换,B,22610.0000,0.0000,0.0000,0.0000,0.0000,22740.0000,0.0000,0.0000,0.0000,0.0000,1,0,0,0,0,1,0,0,0,0
sc,ru1303,2012-06-29 09:05:00.500,22835.0000,216,0,0.0000,0.0000,0,0,多换,B,22610.0000,0.0000,0.0000,0.0000,0.0000,22735.0000,0.0000,0.0000,0.0000,0.0000,1,0,0,0,0,2,0,0,0,0
sc,ru1303,2012-06-29 09:05:01.000,22835.0000,216,0,0.0000,0.0000,0,0,多换,B,22615.0000,0.0000,0.0000,0.0000,0.0000,22735.0000,0.0000,0.0000,0.0000,0.0000,1,0,0,0,0,2,0,0,0,0
sc,ru1303,2012-06-29 09:05:01.500,22835.0000,216,0,0.0000,0.0000,0,0,多换,B,22615.0000,0.0000,0.0000,0.0000,0.0000,22730.0000,0.0000,0.0000,0.0000,0.0000,1,0,0,0,0,1,0,0,0,0
sc,ru1303,2012-06-29 09:05:02.000,22835.0000,216,0,0.0000,0.0000,0,0,多换,B,22615.0000,0.0000,0.0000,0.0000,0.0000,22730.0000,0.0000,0.0000,0.0000,0.0000,1,0,0,0,0,1,0,0,0,0
sc,ru1303,2012-06-29 09:05:03.000,22835.0000,216,0,0.0000,0.0000,0,0,多换,B,22615.0000,0.0000,0.0000,0.0000,0.0000,22725.0000,0.0000,0.0000,0.0000,0.0000,1,0,0,0,0,1,0,0,0,0
sc,ru1303,2012-06-29 09:05:05.000,22835.0000,216,0,0.0000,0.0000,0,0,多换,B,22615.0000,0.0000,0.0000,0.0000,0.0000,22730.0000,0.0000,0.0000,0.0000,0.0000,1,0,0,0,0,1,0,0,0,0
sc,ru1303,2012-06-29 09:05:06.000,22835.0000,216,0,0.0000,0.0000,0,0,多换,B,22615.0000,0.0000,0.0000,0.0000,0.0000,22725.0000,0.0000,0.0000,0.0000,0.0000,1,0,0,0,0,1,0,0,0,0
sc,ru1303,2012-06-29 09:05:07.500,22835.0000,216,0,0.0000,0.0000,0,0,多换,B,22615.0000,0.0000,0.0000,0.0000,0.0000,22730.0000,0.0000,0.0000,0.0000,0.0000,1,0,0,0,0,1,0,0,0,0
sc,ru1303,2012-06-29 09:05:09.000,22835.0000,216,0,0.0000,0.0000,0,0,多换,B,22615.0000,0.0000,0.0000,0.0000,0.0000,22725.0000,0.0000,0.0000,0.0000,0.0000,1,0,0,0,0,1,0,0,0,0
sc,ru1303,2012-06-29 09:05:23.000,22835.0000,216,0,0.0000,0.0000,0,0,多换,B,22615.0000,0.0000,0.0000,0.0000,0.0000,22730.0000,0.0000,0.0000,0.0000,0.0000,1,0,0,0,0,1,0,0,0,0
sc,ru1303,2012-06-29 09:05:24.000,22835.0000,216,0,0.0000,0.0000,0,0,多换,B,22615.0000,0.0000,0.0000,0.0000,0.0000,22725.0000,0.0000,0.0000,0.0000,0.0000,1,0,0,0,0,1,0,0,0,0
sc,ru1303,2012-06-29 09:05:27.000,22835.0000,216,0,0.0000,0.0000,0,0,多换,B,22615.0000,0.0000,0.0000,0.0000,0.0000,22730.0000,0.0000,0.0000,0.0000,0.0000,1,0,0,0,0,1,0,0,0,0
sc,ru1303,2012-06-29 09:05:28.500,22835.0000,216,0,0.0000,0.0000,0,0,多换,B,22615.0000,0.0000,0.0000,0.0000,0.0000,22725.0000,0.0000,0.0000,0.0000,0.0000,1,0,0,0,0,1,0,0,0,0
sc,ru1303,2012-06-29 09:05:33.000,22835.0000,216,0,0.0000,0.0000,0,0,多换,B,22615.0000,0.0000,0.0000,0.0000,0.0000,22730.0000,0.0000,0.0000,0.0000,0.0000,1,0,0,0,0,1,0,0,0,0
sc,ru1303,2012-06-29 09:05:44.000,22835.0000,216,0,0.0000,0.0000,0,0,多换,B,22615.0000,0.0000,0.0000,0.0000,0.0000,22950.0000,0.0000,0.0000,0.0000,0.0000,1,0,0,0,0,1,0,0,0,0
sc,ru1303,2012-06-29 09:05:44.500,22835.0000,216,0,0.0000,0.0000,0,0,多换,B,22615.0000,0.0000,0.0000,0.0000,0.0000,22840.0000,0.0000,0.0000,0.0000,0.0000,1,0,0,0,0,3,0,0,0,0
sc,ru1303,2012-06-29 09:05:45.000,22835.0000,216,0,0.0000,0.0000,0,0,多换,B,22620.0000,0.0000,0.0000,0.0000,0.0000,22835.0000,0.0000,0.0000,0.0000,0.0000,1,0,0,0,0,11,0,0,0,0
sc,ru1303,2012-06-29 09:05:46.000,22835.0000,216,0,0.0000,0.0000,0,0,多换,B,22620.0000,0.0000,0.0000,0.0000,0.0000,22835.0000,0.0000,0.0000,0.0000,0.0000,1,0,0,0,0,11,0,0,0,0
sc,ru1303,2012-06-29 09:05:47.500,22835.0000,216,0,0.0000,0.0000,0,0,多换,B,22615.0000,0.0000,0.0000,0.0000,0.0000,22835.0000,0.0000,0.0000,0.0000,0.0000,1,0,0,0,0,11,0,0,0,0
sc,ru1303,2012-06-29 09:05:51.500,22835.0000,216,0,0.0000,0.0000,0,0,多换,B,22615.0000,0.0000,0.0000,0.0000,0.0000,22835.0000,0.0000,0.0000,0.0000,0.0000,1,0,0,0,0,13,0,0,0,0
sc,ru1303,2012-06-29 09:05:53.500,22835.0000,216,0,0.0000,0.0000,0,0,多换,B,22615.0000,0.0000,0.0000,0.0000,0.0000,22835.0000,0.0000,0.0000,0.0000,0.0000,1,0,0,0,0,11,0,0,0,0
sc,ru1303,2012-06-29 09:05:57.500,22835.0000,216,0,0.0000,0.0000,0,0,多换,B,22615.0000,0.0000,0.0000,0.0000,0.0000,22830.0000,0.0000,0.0000,0.0000,0.0000,1,0,0,0,0,1,0,0,0,0
sc,ru1303,2012-06-29 09:05:58.000,22835.0000,216,0,0.0000,0.0000,0,0,多换,B,22615.0000,0.0000,0.0000,0.0000,0.0000,22825.0000,0.0000,0.0000,0.0000,0.0000,1,0,0,0,0,11,0,0,0,0
sc,ru1303,2012-06-29 09:05:58.500,22835.0000,216,0,0.0000,0.0000,0,0,多换,B,22620.0000,0.0000,0.0000,0.0000,0.0000,22825.0000,0.0000,0.0000,0.0000,0.0000,1,0,0,0,0,11,0,0,0,0
sc,ru1303,2012-06-29 09:05:59.000,22835.0000,216,0,0.0000,0.0000,0,0,多换,B,22620.0000,0.0000,0.0000,0.0000,0.0000,22780.0000,0.0000,0.0000,0.0000,0.0000,1,0,0,0,0,3,0,0,0,0
sc,ru1303,2012-06-29 09:05:59.500,22835.0000,216,0,0.0000,0.0000,0,0,多换,B,22620.0000,0.0000,0.0000,0.0000,0.0000,22775.0000,0.0000,0.0000,0.0000,0.0000,1,0,0,0,0,1,0,0,0,0
sc,ru1303,2012-06-29 09:06:01.500,22835.0000,216,0,0.0000,0.0000,0,0,多换,B,22620.0000,0.0000,0.0000,0.0000,0.0000,22775.0000,0.0000,0.0000,0.0000,0.0000,1,0,0,0,0,1,0,0,0,0
sc,ru1303,2012-06-29 09:06:03.500,22835.0000,216,0,0.0000,0.0000,0,0,多换,B,22620.0000,0.0000,0.0000,0.0000,0.0000,22780.0000,0.0000,0.0000,0.0000,0.0000,1,0,0,0,0,3,0,0,0,0
sc,ru1303,2012-06-29 09:06:04.000,22835.0000,216,0,0.0000,0.0000,0,0,多换,B,22620.0000,0.0000,0.0000,0.0000,0.0000,22780.0000,0.0000,0.0000,0.0000,0.0000,1,0,0,0,0,3,0,0,0,0
sc,ru1303,2012-06-29 09:06:04.500,22835.0000,216,0,0.0000,0.0000,0,0,多换,B,22620.0000,0.0000,0.0000,0.0000,0.0000,22780.0000,0.0000,0.0000,0.0000,0.0000,1,0,0,0,0,3,0,0,0,0
sc,ru1303,2012-06-29 09:06:05.000,22835.0000,216,0,0.0000,0.0000,0,0,多换,B,22620.0000,0.0000,0.0000,0.0000,0.0000,22775.0000,0.0000,0.0000,0.0000,0.0000,1,0,0,0,0,1,0,0,0,0
sc,ru1303,2012-06-29 09:06:05.500,22835.0000,216,0,0.0000,0.0000,0,0,多换,B,22620.0000,0.0000,0.0000,0.0000,0.0000,22780.0000,0.0000,0.0000,0.0000,0.0000,1,0,0,0,0,3,0,0,0,0
sc,ru1303,2012-06-29 09:06:08.000,22835.0000,216,0,0.0000,0.0000,0,0,多换,B,22620.0000,0.0000,0.0000,0.0000,0.0000,22780.0000,0.0000,0.0000,0.0000,0.0000,1,0,0,0,0,3,0,0,0,0
sc,ru1303,2012-06-29 09:06:18.000,22835.0000,216,0,0.0000,0.0000,0,0,多换,B,22620.0000,0.0000,0.0000,0.0000,0.0000,22775.0000,0.0000,0.0000,0.0000,0.0000,1,0,0,0,0,1,0,0,0,0
sc,ru1303,2012-06-29 09:06:20.000,22835.0000,216,0,0.0000,0.0000,0,0,多换,B,22620.0000,0.0000,0.0000,0.0000,0.0000,22780.0000,0.0000,0.0000,0.0000,0.0000,1,0,0,0,0,3,0,0,0,0
sc,ru1303,2012-06-29 09:06:20.500,22835.0000,216,0,0.0000,0.0000,0,0,多换,B,22615.0000,0.0000,0.0000,0.0000,0.0000,22780.0000,0.0000,0.0000,0.0000,0.0000,1,0,0,0,0,3,0,0,0,0
sc,ru1303,2012-06-29 09:06:21.000,22835.0000,216,0,0.0000,0.0000,0,0,多换,B,22625.0000,0.0000,0.0000,0.0000,0.0000,22780.0000,0.0000,0.0000,0.0000,0.0000,1,0,0,0,0,3,0,0,0,0
sc,ru1303,2012-06-29 09:06:21.500,22835.0000,216,0,0.0000,0.0000,0,0,多换,B,22625.0000,0.0000,0.0000,0.0000,0.0000,22775.0000,0.0000,0.0000,0.0000,0.0000,1,0,0,0,0,1,0,0,0,0
sc,ru1303,2012-06-29 09:06:22.000,22835.0000,216,0,0.0000,0.0000,0,0,多换,B,22615.0000,0.0000,0.0000,0.0000,0.0000,22780.0000,0.0000,0.0000,0.0000,0.0000,1,0,0,0,0,3,0,0,0,0
sc,ru1303,2012-06-29 09:06:22.500,22835.0000,216,0,0.0000,0.0000,0,0,多换,B,22620.0000,0.0000,0.0000,0.0000,0.0000,22780.0000,0.0000,0.0000,0.0000,0.0000,1,0,0,0,0,3,0,0,0,0
sc,ru1303,2012-06-29 09:06:23.000,22835.0000,216,0,0.0000,0.0000,0,0,多换,B,22620.0000,0.0000,0.0000,0.0000,0.0000,22775.0000,0.0000,0.0000,0.0000,0.0000,1,0,0,0,0,1,0,0,0,0
sc,ru1303,2012-06-29 09:06:26.500,22835.0000,216,0,0.0000,0.0000,0,0,多换,B,22620.0000,0.0000,0.0000,0.0000,0.0000,22780.0000,0.0000,0.0000,0.0000,0.0000,1,0,0,0,0,3,0,0,0,0
sc,ru1303,2012-06-29 09:06:28.500,22835.0000,216,0,0.0000,0.0000,0,0,多换,B,22620.0000,0.0000,0.0000,0.0000,0.0000,22775.0000,0.0000,0.0000,0.0000,0.0000,1,0,0,0,0,1,0,0,0,0
sc,ru1303,2012-06-29 09:06:44.500,22835.0000,216,0,0.0000,0.0000,0,0,多换,B,22620.0000,0.0000,0.0000,0.0000,0.0000,22775.0000,0.0000,0.0000,0.0000,0.0000,1,0,0,0,0,1,0,0,0,0
sc,ru1303,2012-06-29 09:06:45.000,22835.0000,216,0,0.0000,0.0000,0,0,多换,B,22620.0000,0.0000,0.0000,0.0000,0.0000,22775.0000,0.0000,0.0000,0.0000,0.0000,1,0,0,0,0,1,0,0,0,0
sc,ru1303,2012-06-29 09:06:54.000,22835.0000,216,0,0.0000,0.0000,0,0,多换,B,22620.0000,0.0000,0.0000,0.0000,0.0000,22775.0000,0.0000,0.0000,0.0000,0.0000,1,0,0,0,0,1,0,0,0,0
sc,ru1303,2012-06-29 09:06:54.500,22835.0000,216,0,0.0000,0.0000,0,0,多换,B,22625.0000,0.0000,0.0000,0.0000,0.0000,22775.0000,0.0000,0.0000,0.0000,0.0000,1,0,0,0,0,1,0,0,0,0
sc,ru1303,2012-06-29 09:06:55.500,22835.0000,216,0,0.0000,0.0000,0,0,多换,B,22625.0000,0.0000,0.0000,0.0000,0.0000,22775.0000,0.0000,0.0000,0.0000,0.0000,1,0,0,0,0,1,0,0,0,0
sc,ru1303,2012-06-29 09:06:58.500,22835.0000,216,0,0.0000,0.0000,0,0,多换,B,22625.0000,0.0000,0.0000,0.0000,0.0000,22780.0000,0.0000,0.0000,0.0000,0.0000,1,0,0,0,0,3,0,0,0,0
sc,ru1303,2012-06-29 09:06:59.000,22835.0000,216,0,0.0000,0.0000,0,0,多换,B,22625.0000,0.0000,0.0000,0.0000,0.0000,22770.0000,0.0000,0.0000,0.0000,0.0000,1,0,0,0,0,1,0,0,0,0
sc,ru1303,2012-06-29 09:07:07.000,22835.0000,216,0,0.0000,0.0000,0,0,多换,B,22070.0000,0.0000,0.0000,0.0000,0.0000,22770.0000,0.0000,0.0000,0.0000,0.0000,1,0,0,0,0,1,0,0,0,0
sc,ru1303,2012-06-29 09:07:07.500,22835.0000,216,0,0.0000,0.0000,0,0,多换,B,22290.0000,0.0000,0.0000,0.0000,0.0000,22770.0000,0.0000,0.0000,0.0000,0.0000,1,0,0,0,0,1,0,0,0,0
sc,ru1303,2012-06-29 09:07:08.000,22835.0000,216,0,0.0000,0.0000,0,0,多换,B,22305.0000,0.0000,0.0000,0.0000,0.0000,22770.0000,0.0000,0.0000,0.0000,0.0000,4,0,0,0,0,1,0,0,0,0
sc,ru1303,2012-06-29 09:07:08.500,22835.0000,216,0,0.0000,0.0000,0,0,多换,B,22310.0000,0.0000,0.0000,0.0000,0.0000,22770.0000,0.0000,0.0000,0.0000,0.0000,1,0,0,0,0,1,0,0,0,0
sc,ru1303,2012-06-29 09:07:09.000,22835.0000,216,0,0.0000,0.0000,0,0,多换,B,22325.0000,0.0000,0.0000,0.0000,0.0000,22770.0000,0.0000,0.0000,0.0000,0.0000,4,0,0,0,0,1,0,0,0,0
sc,ru1303,2012-06-29 09:07:09.500,22835.0000,216,0,0.0000,0.0000,0,0,多换,B,22330.0000,0.0000,0.0000,0.0000,0.0000,22770.0000,0.0000,0.0000,0.0000,0.0000,11,0,0,0,0,1,0,0,0,0
sc,ru1303,2012-06-29 09:07:10.000,22835.0000,216,0,0.0000,0.0000,0,0,多换,B,22345.0000,0.0000,0.0000,0.0000,0.0000,22770.0000,0.0000,0.0000,0.0000,0.0000,4,0,0,0,0,1,0,0,0,0
sc,ru1303,2012-06-29 09:07:10.500,22835.0000,216,0,0.0000,0.0000,0,0,多换,B,22350.0000,0.0000,0.0000,0.0000,0.0000,22770.0000,0.0000,0.0000,0.0000,0.0000,1,0,0,0,0,1,0,0,0,0
sc,ru1303,2012-06-29 09:07:11.000,22835.0000,216,0,0.0000,0.0000,0,0,多换,B,22430.0000,0.0000,0.0000,0.0000,0.0000,22770.0000,0.0000,0.0000,0.0000,0.0000,1,0,0,0,0,1,0,0,0,0
sc,ru1303,2012-06-29 09:07:11.500,22835.0000,216,0,0.0000,0.0000,0,0,多换,B,22440.0000,0.0000,0.0000,0.0000,0.0000,22770.0000,0.0000,0.0000,0.0000,0.0000,3,0,0,0,0,1,0,0,0,0
sc,ru1303,2012-06-29 09:07:12.000,22835.0000,216,0,0.0000,0.0000,0,0,多换,B,22445.0000,0.0000,0.0000,0.0000,0.0000,22770.0000,0.0000,0.0000,0.0000,0.0000,1,0,0,0,0,1,0,0,0,0
sc,ru1303,2012-06-29 09:07:12.500,22835.0000,216,0,0.0000,0.0000,0,0,多换,B,22455.0000,0.0000,0.0000,0.0000,0.0000,22770.0000,0.0000,0.0000,0.0000,0.0000,3,0,0,0,0,1,0,0,0,0
sc,ru1303,2012-06-29 09:07:13.000,22835.0000,216,0,0.0000,0.0000,0,0,多换,B,22460.0000,0.0000,0.0000,0.0000,0.0000,22770.0000,0.0000,0.0000,0.0000,0.0000,1,0,0,0,0,1,0,0,0,0
sc,ru1303,2012-06-29 09:07:13.500,22835.0000,216,0,0.0000,0.0000,0,0,多换,B,22470.0000,0.0000,0.0000,0.0000,0.0000,22770.0000,0.0000,0.0000,0.0000,0.0000,2,0,0,0,0,1,0,0,0,0
sc,ru1303,2012-06-29 09:07:14.000,22835.0000,216,0,0.0000,0.0000,0,0,多换,B,22475.0000,0.0000,0.0000,0.0000,0.0000,22770.0000,0.0000,0.0000,0.0000,0.0000,1,0,0,0,0,1,0,0,0,0
sc,ru1303,2012-06-29 09:07:14.500,22835.0000,216,0,0.0000,0.0000,0,0,多换,B,22490.0000,0.0000,0.0000,0.0000,0.0000,22770.0000,0.0000,0.0000,0.0000,0.0000,1,0,0,0,0,1,0,0,0,0
sc,ru1303,2012-06-29 09:07:15.000,22835.0000,216,0,0.0000,0.0000,0,0,多换,B,22495.0000,0.0000,0.0000,0.0000,0.0000,22770.0000,0.0000,0.0000,0.0000,0.0000,3,0,0,0,0,1,0,0,0,0
sc,ru1303,2012-06-29 09:07:15.500,22835.0000,216,0,0.0000,0.0000,0,0,多换,B,22495.0000,0.0000,0.0000,0.0000,0.0000,22770.0000,0.0000,0.0000,0.0000,0.0000,3,0,0,0,0,1,0,0,0,0
sc,ru1303,2012-06-29 09:07:20.000,22835.0000,216,0,0.0000,0.0000,0,0,多换,B,22495.0000,0.0000,0.0000,0.0000,0.0000,22770.0000,0.0000,0.0000,0.0000,0.0000,3,0,0,0,0,1,0,0,0,0
sc,ru1303,2012-06-29 09:07:21.000,22835.0000,216,0,0.0000,0.0000,0,0,多换,B,22495.0000,0.0000,0.0000,0.0000,0.0000,22770.0000,0.0000,0.0000,0.0000,0.0000,3,0,0,0,0,1,0,0,0,0
sc,ru1303,2012-06-29 09:07:22.500,22835.0000,216,0,0.0000,0.0000,0,0,多换,B,22510.0000,0.0000,0.0000,0.0000,0.0000,22770.0000,0.0000,0.0000,0.0000,0.0000,1,0,0,0,0,1,0,0,0,0
sc,ru1303,2012-06-29 09:07:23.000,22835.0000,216,0,0.0000,0.0000,0,0,多换,B,22515.0000,0.0000,0.0000,0.0000,0.0000,22770.0000,0.0000,0.0000,0.0000,0.0000,3,0,0,0,0,1,0,0,0,0
sc,ru1303,2012-06-29 09:07:23.500,22835.0000,216,0,0.0000,0.0000,0,0,多换,B,22515.0000,0.0000,0.0000,0.0000,0.0000,22770.0000,0.0000,0.0000,0.0000,0.0000,3,0,0,0,0,1,0,0,0,0
sc,ru1303,2012-06-29 09:07:27.500,22835.0000,216,0,0.0000,0.0000,0,0,多换,B,22515.0000,0.0000,0.0000,0.0000,0.0000,22770.0000,0.0000,0.0000,0.0000,0.0000,3,0,0,0,0,1,0,0,0,0
sc,ru1303,2012-06-29 09:07:29.500,22835.0000,216,0,0.0000,0.0000,0,0,多换,B,22520.0000,0.0000,0.0000,0.0000,0.0000,22780.0000,0.0000,0.0000,0.0000,0.0000,1,0,0,0,0,3,0,0,0,0
sc,ru1303,2012-06-29 09:07:30.000,22835.0000,216,0,0.0000,0.0000,0,0,多换,B,22525.0000,0.0000,0.0000,0.0000,0.0000,22765.0000,0.0000,0.0000,0.0000,0.0000,1,0,0,0,0,1,0,0,0,0
sc,ru1303,2012-06-29 09:07:30.500,22835.0000,216,0,0.0000,0.0000,0,0,多换,B,22525.0000,0.0000,0.0000,0.0000,0.0000,22765.0000,0.0000,0.0000,0.0000,0.0000,1,0,0,0,0,1,0,0,0,0
sc,ru1303,2012-06-29 09:07:31.000,22835.0000,216,0,0.0000,0.0000,0,0,多换,B,22525.0000,0.0000,0.0000,0.0000,0.0000,22745.0000,0.0000,0.0000,0.0000,0.0000,1,0,0,0,0,3,0,0,0,0
sc,ru1303,2012-06-29 09:07:31.500,22835.0000,216,0,0.0000,0.0000,0,0,多换,B,22525.0000,0.0000,0.0000,0.0000,0.0000,22745.0000,0.0000,0.0000,0.0000,0.0000,1,0,0,0,0,3,0,0,0,0
sc,ru1303,2012-06-29 09:07:35.000,22835.0000,216,0,0.0000,0.0000,0,0,多换,B,22525.0000,0.0000,0.0000,0.0000,0.0000,22745.0000,0.0000,0.0000,0.0000,0.0000,1,0,0,0,0,3,0,0,0,0
sc,ru1303,2012-06-29 09:08:00.500,22835.0000,216,0,0.0000,0.0000,0,0,多换,B,22070.0000,0.0000,0.0000,0.0000,0.0000,22745.0000,0.0000,0.0000,0.0000,0.0000,1,0,0,0,0,3,0,0,0,0
sc,ru1303,2012-06-29 09:08:01.000,22835.0000,216,0,0.0000,0.0000,0,0,多换,B,22285.0000,0.0000,0.0000,0.0000,0.0000,22745.0000,0.0000,0.0000,0.0000,0.0000,1,0,0,0,0,3,0,0,0,0
sc,ru1303,2012-06-29 09:08:01.500,22835.0000,216,0,0.0000,0.0000,0,0,多换,B,22300.0000,0.0000,0.0000,0.0000,0.0000,22745.0000,0.0000,0.0000,0.0000,0.0000,4,0,0,0,0,3,0,0,0,0
sc,ru1303,2012-06-29 09:08:02.000,22835.0000,216,0,0.0000,0.0000,0,0,多换,B,22305.0000,0.0000,0.0000,0.0000,0.0000,22745.0000,0.0000,0.0000,0.0000,0.0000,1,0,0,0,0,3,0,0,0,0
sc,ru1303,2012-06-29 09:08:02.500,22835.0000,216,0,0.0000,0.0000,0,0,多换,B,22320.0000,0.0000,0.0000,0.0000,0.0000,22745.0000,0.0000,0.0000,0.0000,0.0000,4,0,0,0,0,3,0,0,0,0
sc,ru1303,2012-06-29 09:08:03.000,22835.0000,216,0,0.0000,0.0000,0,0,多换,B,22325.0000,0.0000,0.0000,0.0000,0.0000,22745.0000,0.0000,0.0000,0.0000,0.0000,11,0,0,0,0,3,0,0,0,0
sc,ru1303,2012-06-29 09:08:03.500,22835.0000,216,0,0.0000,0.0000,0,0,多换,B,22340.0000,0.0000,0.0000,0.0000,0.0000,22745.0000,0.0000,0.0000,0.0000,0.0000,3,0,0,0,0,3,0,0,0,0
