市场代码,合约代码,时间,最新,持仓,增仓,成交额,成交量,开仓,平仓,成交类型,方向,买一价,买二价,买三价,买四价,买五价,卖一价,卖二价,卖三价,卖四价,卖五价,买一量,买二量,买三量,买四量,买五量,卖一量,卖二量,卖三量,卖四量,卖五量
sc,wr1210,2012-06-29 07:36:29.500,4102.0000,6,0,0.0000,0.0000,0,0,多换,B,0.0000,0.0000,0.0000,0.0000,0.0000,0.0000,0.0000,0.0000,0.0000,0.0000,0,0,0,0,0,0,0,0,0,0
sc,wr1210,2012-06-29 08:59:00.500,4102.0000,6,0,0.0000,0.0000,0,0,多换,B,4050.0000,0.0000,0.0000,0.0000,0.0000,0.0000,0.0000,0.0000,0.0000,0.0000,1,0,0,0,0,0,0,0,0,0
sc,wr1210,2012-06-29 09:00:01.500,4102.0000,6,0,0.0000,0.0000,0,0,多换,B,4050.0000,0.0000,0.0000,0.0000,0.0000,4307.0000,0.0000,0.0000,0.0000,0.0000,1,0,0,0,0,11,0,0,0,0
sc,wr1210,2012-06-29 09:00:03.000,4102.0000,6,0,0.0000,0.0000,0,0,多换,B,4050.0000,0.0000,0.0000,0.0000,0.0000,4305.0000,0.0000,0.0000,0.0000,0.0000,1,0,0,0,0,2,0,0,0,0
sc,wr1210,2012-06-29 09:00:06.500,4102.0000,6,0,0.0000,0.0000,0,0,多换,B,4050.0000,0.0000,0.0000,0.0000,0.0000,4305.0000,0.0000,0.0000,0.0000,0.0000,1,0,0,0,0,2,0,0,0,0
sc,wr1210,2012-06-29 09:00:07.000,4102.0000,6,0,0.0000,0.0000,0,0,多换,B,4050.0000,0.0000,0.0000,0.0000,0.0000,4300.0000,0.0000,0.0000,0.0000,0.0000,1,0,0,0,0,7,0,0,0,0
sc,wr1210,2012-06-29 09:00:07.500,4102.0000,6,0,0.0000,0.0000,0,0,多换,B,4050.0000,0.0000,0.0000,0.0000,0.0000,4300.0000,0.0000,0.0000,0.0000,0.0000,1,0,0,0,0,7,0,0,0,0
sc,wr1210,2012-06-29 09:00:08.000,4102.0000,6,0,0.0000,0.0000,0,0,多换,B,4050.0000,0.0000,0.0000,0.0000,0.0000,4298.0000,0.0000,0.0000,0.0000,0.0000,1,0,0,0,0,2,0,0,0,0
sc,wr1210,2012-06-29 09:00:09.000,4102.0000,6,0,0.0000,0.0000,0,0,多换,B,4050.0000,0.0000,0.0000,0.0000,0.0000,4298.0000,0.0000,0.0000,0.0000,0.0000,1,0,0,0,0,6,0,0,0,0
sc,wr1210,2012-06-29 09:00:12.500,4102.0000,6,0,0.0000,0.0000,0,0,多换,B,4050.0000,0.0000,0.0000,0.0000,0.0000,4298.0000,0.0000,0.0000,0.0000,0.0000,1,0,0,0,0,6,0,0,0,0
sc,wr1210,2012-06-29 09:00:13.000,4102.0000,6,0,0.0000,0.0000,0,0,多换,B,4050.0000,0.0000,0.0000,0.0000,0.0000,4293.0000,0.0000,0.0000,0.0000,0.0000,1,0,0,0,0,7,0,0,0,0
sc,wr1210,2012-06-29 09:00:14.000,4102.0000,6,0,0.0000,0.0000,0,0,多换,B,4050.0000,0.0000,0.0000,0.0000,0.0000,4291.0000,0.0000,0.0000,0.0000,0.0000,1,0,0,0,0,2,0,0,0,0
sc,wr1210,2012-06-29 09:00:15.500,4102.0000,6,0,0.0000,0.0000,0,0,多换,B,4050.0000,0.0000,0.0000,0.0000,0.0000,4291.0000,0.0000,0.0000,0.0000,0.0000,1,0,0,0,0,6,0,0,0,0
sc,wr1210,2012-06-29 09:00:18.500,4102.0000,6,0,0.0000,0.0000,0,0,多换,B,4050.0000,0.0000,0.0000,0.0000,0.0000,4291.0000,0.0000,0.0000,0.0000,0.0000,1,0,0,0,0,6,0,0,0,0
sc,wr1210,2012-06-29 09:00:25.000,4102.0000,6,0,0.0000,0.0000,0,0,多换,B,4050.0000,0.0000,0.0000,0.0000,0.0000,4286.0000,0.0000,0.0000,0.0000,0.0000,1,0,0,0,0,7,0,0,0,0
sc,wr1210,2012-06-29 09:00:25.500,4102.0000,6,0,0.0000,0.0000,0,0,多换,B,4050.0000,0.0000,0.0000,0.0000,0.0000,4286.0000,0.0000,0.0000,0.0000,0.0000,1,0,0,0,0,7,0,0,0,0
sc,wr1210,2012-06-29 09:00:26.000,4102.0000,6,0,0.0000,0.0000,0,0,多换,B,4050.0000,0.0000,0.0000,0.0000,0.0000,4284.0000,0.0000,0.0000,0.0000,0.0000,1,0,0,0,0,2,0,0,0,0
sc,wr1210,2012-06-29 09:00:26.500,4102.0000,6,0,0.0000,0.0000,0,0,多换,B,4050.0000,0.0000,0.0000,0.0000,0.0000,4284.0000,0.0000,0.0000,0.0000,0.0000,1,0,0,0,0,2,0,0,0,0
sc,wr1210,2012-06-29 09:00:31.000,4102.0000,6,0,0.0000,0.0000,0,0,多换,B,4050.0000,0.0000,0.0000,0.0000,0.0000,4284.0000,0.0000,0.0000,0.0000,0.0000,1,0,0,0,0,2,0,0,0,0
sc,wr1210,2012-06-29 09:00:32.500,4102.0000,6,0,0.0000,0.0000,0,0,多换,B,4050.0000,0.0000,0.0000,0.0000,0.0000,4279.0000,0.0000,0.0000,0.0000,0.0000,1,0,0,0,0,7,0,0,0,0
sc,wr1210,2012-06-29 09:00:33.500,4102.0000,6,0,0.0000,0.0000,0,0,多换,B,4050.0000,0.0000,0.0000,0.0000,0.0000,4277.0000,0.0000,0.0000,0.0000,0.0000,1,0,0,0,0,2,0,0,0,0
sc,wr1210,2012-06-29 09:00:38.500,4102.0000,6,0,0.0000,0.0000,0,0,多换,B,4050.0000,0.0000,0.0000,0.0000,0.0000,4277.0000,0.0000,0.0000,0.0000,0.0000,1,0,0,0,0,2,0,0,0,0
sc,wr1210,2012-06-29 09:00:39.000,4102.0000,6,0,0.0000,0.0000,0,0,多换,B,4050.0000,0.0000,0.0000,0.0000,0.0000,4277.0000,0.0000,0.0000,0.0000,0.0000,1,0,0,0,0,2,0,0,0,0
sc,wr1210,2012-06-29 09:00:39.500,4102.0000,6,0,0.0000,0.0000,0,0,多换,B,4050.0000,0.0000,0.0000,0.0000,0.0000,4272.0000,0.0000,0.0000,0.0000,0.0000,1,0,0,0,0,7,0,0,0,0
sc,wr1210,2012-06-29 09:00:40.000,4102.0000,6,0,0.0000,0.0000,0,0,多换,B,4050.0000,0.0000,0.0000,0.0000,0.0000,4272.0000,0.0000,0.0000,0.0000,0.0000,1,0,0,0,0,7,0,0,0,0
sc,wr1210,2012-06-29 09:00:40.500,4102.0000,6,0,0.0000,0.0000,0,0,多换,B,4050.0000,0.0000,0.0000,0.0000,0.0000,4270.0000,0.0000,0.0000,0.0000,0.0000,1,0,0,0,0,2,0,0,0,0
sc,wr1210,2012-06-29 09:00:45.000,4102.0000,6,0,0.0000,0.0000,0,0,多换,B,4050.0000,0.0000,0.0000,0.0000,0.0000,4270.0000,0.0000,0.0000,0.0000,0.0000,1,0,0,0,0,2,0,0,0,0
sc,wr1210,2012-06-29 09:00:45.500,4102.0000,6,0,0.0000,0.0000,0,0,多换,B,4050.0000,0.0000,0.0000,0.0000,0.0000,4270.0000,0.0000,0.0000,0.0000,0.0000,1,0,0,0,0,6,0,0,0,0
sc,wr1210,2012-06-29 09:00:46.000,4102.0000,6,0,0.0000,0.0000,0,0,多换,B,4050.0000,0.0000,0.0000,0.0000,0.0000,4265.0000,0.0000,0.0000,0.0000,0.0000,1,0,0,0,0,7,0,0,0,0
sc,wr1210,2012-06-29 09:00:47.000,4102.0000,6,0,0.0000,0.0000,0,0,多换,B,4050.0000,0.0000,0.0000,0.0000,0.0000,4263.0000,0.0000,0.0000,0.0000,0.0000,1,0,0,0,0,2,0,0,0,0
sc,wr1210,2012-06-29 09:00:51.000,4102.0000,6,0,0.0000,0.0000,0,0,多换,B,4050.0000,0.0000,0.0000,0.0000,0.0000,4263.0000,0.0000,0.0000,0.0000,0.0000,1,0,0,0,0,2,0,0,0,0
sc,wr1210,2012-06-29 09:00:51.500,4102.0000,6,0,0.0000,0.0000,0,0,多换,B,4050.0000,0.0000,0.0000,0.0000,0.0000,4263.0000,0.0000,0.0000,0.0000,0.0000,1,0,0,0,0,2,0,0,0,0
sc,wr1210,2012-06-29 09:00:52.000,4102.0000,6,0,0.0000,0.0000,0,0,多换,B,4050.0000,0.0000,0.0000,0.0000,0.0000,4258.0000,0.0000,0.0000,0.0000,0.0000,1,0,0,0,0,7,0,0,0,0
sc,wr1210,2012-06-29 09:00:53.500,4102.0000,6,0,0.0000,0.0000,0,0,多换,B,4050.0000,0.0000,0.0000,0.0000,0.0000,4256.0000,0.0000,0.0000,0.0000,0.0000,1,0,0,0,0,2,0,0,0,0
sc,wr1210,2012-06-29 09:00:57.000,4102.0000,6,0,0.0000,0.0000,0,0,多换,B,4050.0000,0.0000,0.0000,0.0000,0.0000,4256.0000,0.0000,0.0000,0.0000,0.0000,1,0,0,0,0,2,0,0,0,0
sc,wr1210,2012-06-29 09:00:58.000,4102.0000,6,0,0.0000,0.0000,0,0,多换,B,4050.0000,0.0000,0.0000,0.0000,0.0000,4256.0000,0.0000,0.0000,0.0000,0.0000,1,0,0,0,0,2,0,0,0,0
sc,wr1210,2012-06-29 09:00:58.500,4102.0000,6,0,0.0000,0.0000,0,0,多换,B,4050.0000,0.0000,0.0000,0.0000,0.0000,4251.0000,0.0000,0.0000,0.0000,0.0000,1,0,0,0,0,7,0,0,0,0
sc,wr1210,2012-06-29 09:00:59.500,4102.0000,6,0,0.0000,0.0000,0,0,多换,B,4050.0000,0.0000,0.0000,0.0000,0.0000,4249.0000,0.0000,0.0000,0.0000,0.0000,1,0,0,0,0,2,0,0,0,0
sc,wr1210,2012-06-29 09:01:00.000,4102.0000,6,0,0.0000,0.0000,0,0,多换,B,4050.0000,0.0000,0.0000,0.0000,0.0000,4249.0000,0.0000,0.0000,0.0000,0.0000,1,0,0,0,0,2,0,0,0,0
sc,wr1210,2012-06-29 09:01:00.500,4102.0000,6,0,0.0000,0.0000,0,0,多换,B,4050.0000,0.0000,0.0000,0.0000,0.0000,4249.0000,0.0000,0.0000,0.0000,0.0000,1,0,0,0,0,6,0,0,0,0
sc,wr1210,2012-06-29 09:01:01.000,4102.0000,6,0,0.0000,0.0000,0,0,多换,B,4050.0000,0.0000,0.0000,0.0000,0.0000,4249.0000,0.0000,0.0000,0.0000,0.0000,1,0,0,0,0,6,0,0,0,0
sc,wr1210,2012-06-29 09:01:02.000,4102.0000,6,0,0.0000,0.0000,0,0,多换,B,4050.0000,0.0000,0.0000,0.0000,0.0000,4244.0000,0.0000,0.0000,0.0000,0.0000,1,0,0,0,0,7,0,0,0,0
sc,wr1210,2012-06-29 09:01:03.000,4102.0000,6,0,0.0000,0.0000,0,0,多换,B,4050.0000,0.0000,0.0000,0.0000,0.0000,4242.0000,0.0000,0.0000,0.0000,0.0000,1,0,0,0,0,2,0,0,0,0
sc,wr1210,2012-06-29 09:01:06.000,4102.0000,6,0,0.0000,0.0000,0,0,多换,B,4050.0000,0.0000,0.0000,0.0000,0.0000,4242.0000,0.0000,0.0000,0.0000,0.0000,1,0,0,0,0,2,0,0,0,0
sc,wr1210,2012-06-29 09:01:07.000,4102.0000,6,0,0.0000,0.0000,0,0,多换,B,4050.0000,0.0000,0.0000,0.0000,0.0000,4242.0000,0.0000,0.0000,0.0000,0.0000,1,0,0,0,0,6,0,0,0,0
sc,wr1210,2012-06-29 09:01:07.500,4102.0000,6,0,0.0000,0.0000,0,0,多换,B,4050.0000,0.0000,0.0000,0.0000,0.0000,4242.0000,0.0000,0.0000,0.0000,0.0000,1,0,0,0,0,6,0,0,0,0
sc,wr1210,2012-06-29 09:01:09.000,4102.0000,6,0,0.0000,0.0000,0,0,多换,B,4050.0000,0.0000,0.0000,0.0000,0.0000,4237.0000,0.0000,0.0000,0.0000,0.0000,1,0,0,0,0,7,0,0,0,0
sc,wr1210,2012-06-29 09:01:10.000,4102.0000,6,0,0.0000,0.0000,0,0,多换,B,4050.0000,0.0000,0.0000,0.0000,0.0000,4235.0000,0.0000,0.0000,0.0000,0.0000,1,0,0,0,0,2,0,0,0,0
sc,wr1210,2012-06-29 09:01:12.000,4102.0000,6,0,0.0000,0.0000,0,0,多换,B,4050.0000,0.0000,0.0000,0.0000,0.0000,4235.0000,0.0000,0.0000,0.0000,0.0000,1,0,0,0,0,2,0,0,0,0
sc,wr1210,2012-06-29 09:01:12.500,4102.0000,6,0,0.0000,0.0000,0,0,多换,B,4050.0000,0.0000,0.0000,0.0000,0.0000,4235.0000,0.0000,0.0000,0.0000,0.0000,1,0,0,0,0,6,0,0,0,0
sc,wr1210,2012-06-29 09:01:14.500,4102.0000,6,0,0.0000,0.0000,0,0,多换,B,4050.0000,0.0000,0.0000,0.0000,0.0000,4235.0000,0.0000,0.0000,0.0000,0.0000,1,0,0,0,0,6,0,0,0,0
sc,wr1210,2012-06-29 09:01:16.000,4102.0000,6,0,0.0000,0.0000,0,0,多换,B,4050.0000,0.0000,0.0000,0.0000,0.0000,4230.0000,0.0000,0.0000,0.0000,0.0000,1,0,0,0,0,7,0,0,0,0
sc,wr1210,2012-06-29 09:01:17.000,4102.0000,6,0,0.0000,0.0000,0,0,多换,B,4050.0000,0.0000,0.0000,0.0000,0.0000,4228.0000,0.0000,0.0000,0.0000,0.0000,1,0,0,0,0,2,0,0,0,0
sc,wr1210,2012-06-29 09:01:18.000,4102.0000,6,0,0.0000,0.0000,0,0,多换,B,4050.0000,0.0000,0.0000,0.0000,0.0000,4228.0000,0.0000,0.0000,0.0000,0.0000,1,0,0,0,0,2,0,0,0,0
sc,wr1210,2012-06-29 09:01:19.000,4102.0000,6,0,0.0000,0.0000,0,0,多换,B,4050.0000,0.0000,0.0000,0.0000,0.0000,4228.0000,0.0000,0.0000,0.0000,0.0000,1,0,0,0,0,6,0,0,0,0
sc,wr1210,2012-06-29 09:01:22.000,4102.0000,6,0,0.0000,0.0000,0,0,多换,B,4050.0000,0.0000,0.0000,0.0000,0.0000,4228.0000,0.0000,0.0000,0.0000,0.0000,1,0,0,0,0,6,0,0,0,0
sc,wr1210,2012-06-29 09:01:23.000,4102.0000,6,0,0.0000,0.0000,0,0,多换,B,4050.0000,0.0000,0.0000,0.0000,0.0000,4223.0000,0.0000,0.0000,0.0000,0.0000,1,0,0,0,0,7,0,0,0,0
sc,wr1210,2012-06-29 09:01:24.000,4102.0000,6,0,0.0000,0.0000,0,0,多换,B,4050.0000,0.0000,0.0000,0.0000,0.0000,4221.0000,0.0000,0.0000,0.0000,0.0000,1,0,0,0,0,2,0,0,0,0
sc,wr1210,2012-06-29 09:01:25.000,4102.0000,6,0,0.0000,0.0000,0,0,多换,B,4050.0000,0.0000,0.0000,0.0000,0.0000,4221.0000,0.0000,0.0000,0.0000,0.0000,1,0,0,0,0,6,0,0,0,0
sc,wr1210,2012-06-29 09:01:28.500,4102.0000,6,0,0.0000,0.0000,0,0,多换,B,4050.0000,0.0000,0.0000,0.0000,0.0000,4221.0000,0.0000,0.0000,0.0000,0.0000,1,0,0,0,0,6,0,0,0,0
sc,wr1210,2012-06-29 09:01:29.500,4102.0000,6,0,0.0000,0.0000,0,0,多换,B,4050.0000,0.0000,0.0000,0.0000,0.0000,4216.0000,0.0000,0.0000,0.0000,0.0000,1,0,0,0,0,7,0,0,0,0
sc,wr1210,2012-06-29 09:01:30.500,4102.0000,6,0,0.0000,0.0000,0,0,多换,B,4050.0000,0.0000,0.0000,0.0000,0.0000,4214.0000,0.0000,0.0000,0.0000,0.0000,1,0,0,0,0,2,0,0,0,0
sc,wr1210,2012-06-29 09:01:31.000,4102.0000,6,0,0.0000,0.0000,0,0,多换,B,4050.0000,0.0000,0.0000,0.0000,0.0000,4214.0000,0.0000,0.0000,0.0000,0.0000,1,0,0,0,0,2,0,0,0,0
sc,wr1210,2012-06-29 09:01:32.000,4102.0000,6,0,0.0000,0.0000,0,0,多换,B,4050.0000,0.0000,0.0000,0.0000,0.0000,4214.0000,0.0000,0.0000,0.0000,0.0000,1,0,0,0,0,6,0,0,0,0
sc,wr1210,2012-06-29 09:01:35.500,4102.0000,6,0,0.0000,0.0000,0,0,多换,B,4050.0000,0.0000,0.0000,0.0000,0.0000,4214.0000,0.0000,0.0000,0.0000,0.0000,1,0,0,0,0,6,0,0,0,0
sc,wr1210,2012-06-29 09:01:36.000,4102.0000,6,0,0.0000,0.0000,0,0,多换,B,4050.0000,0.0000,0.0000,0.0000,0.0000,4209.0000,0.0000,0.0000,0.0000,0.0000,1,0,0,0,0,7,0,0,0,0
sc,wr1210,2012-06-29 09:01:37.000,4102.0000,6,0,0.0000,0.0000,0,0,多换,B,4050.0000,0.0000,0.0000,0.0000,0.0000,4207.0000,0.0000,0.0000,0.0000,0.0000,1,0,0,0,0,2,0,0,0,0
sc,wr1210,2012-06-29 09:01:38.000,4102.0000,6,0,0.0000,0.0000,0,0,多换,B,4050.0000,0.0000,0.0000,0.0000,0.0000,4207.0000,0.0000,0.0000,0.0000,0.0000,1,0,0,0,0,2,0,0,0,0
sc,wr1210,2012-06-29 09:01:39.000,4102.0000,6,0,0.0000,0.0000,0,0,多换,B,4050.0000,0.0000,0.0000,0.0000,0.0000,4207.0000,0.0000,0.0000,0.0000,0.0000,1,0,0,0,0,6,0,0,0,0
sc,wr1210,2012-06-29 09:01:41.500,4102.0000,6,0,0.0000,0.0000,0,0,多换,B,4050.0000,0.0000,0.0000,0.0000,0.0000,4207.0000,0.0000,0.0000,0.0000,0.0000,1,0,0,0,0,6,0,0,0,0
sc,wr1210,2012-06-29 09:01:42.500,4102.0000,6,0,0.0000,0.0000,0,0,多换,B,4050.0000,0.0000,0.0000,0.0000,0.0000,4202.0000,0.0000,0.0000,0.0000,0.0000,1,0,0,0,0,7,0,0,0,0
sc,wr1210,2012-06-29 09:01:43.500,4102.0000,6,0,0.0000,0.0000,0,0,多换,B,4050.0000,0.0000,0.0000,0.0000,0.0000,4200.0000,0.0000,0.0000,0.0000,0.0000,1,0,0,0,0,2,0,0,0,0
sc,wr1210,2012-06-29 09:01:45.500,4102.0000,6,0,0.0000,0.0000,0,0,多换,B,4050.0000,0.0000,0.0000,0.0000,0.0000,4200.0000,0.0000,0.0000,0.0000,0.0000,1,0,0,0,0,2,0,0,0,0
sc,wr1210,2012-06-29 09:01:46.000,4102.0000,6,0,0.0000,0.0000,0,0,多换,B,4050.0000,0.0000,0.0000,0.0000,0.0000,4200.0000,0.0000,0.0000,0.0000,0.0000,1,0,0,0,0,6,0,0,0,0
sc,wr1210,2012-06-29 09:01:48.500,4102.0000,6,0,0.0000,0.0000,0,0,多换,B,4050.0000,0.0000,0.0000,0.0000,0.0000,4200.0000,0.0000,0.0000,0.0000,0.0000,1,0,0,0,0,6,0,0,0,0
sc,wr1210,2012-06-29 09:01:50.000,4102.0000,6,0,0.0000,0.0000,0,0,多换,B,4050.0000,0.0000,0.0000,0.0000,0.0000,4195.0000,0.0000,0.0000,0.0000,0.0000,1,0,0,0,0,7,0,0,0,0
sc,wr1210,2012-06-29 09:01:51.000,4102.0000,6,0,0.0000,0.0000,0,0,多换,B,4050.0000,0.0000,0.0000,0.0000,0.0000,4193.0000,0.0000,0.0000,0.0000,0.0000,1,0,0,0,0,2,0,0,0,0
sc,wr1210,2012-06-29 09:01:52.000,4102.0000,6,0,0.0000,0.0000,0,0,多换,B,4050.0000,0.0000,0.0000,0.0000,0.0000,4193.0000,0.0000,0.0000,0.0000,0.0000,1,0,0,0,0,2,0,0,0,0
sc,wr1210,2012-06-29 09:01:53.000,4102.0000,6,0,0.0000,0.0000,0,0,多换,B,4050.0000,0.0000,0.0000,0.0000,0.0000,4193.0000,0.0000,0.0000,0.0000,0.0000,1,0,0,0,0,6,0,0,0,0
sc,wr1210,2012-06-29 09:01:55.500,4102.0000,6,0,0.0000,0.0000,0,0,多换,B,4050.0000,0.0000,0.0000,0.0000,0.0000,4193.0000,0.0000,0.0000,0.0000,0.0000,1,0,0,0,0,6,0,0,0,0
sc,wr1210,2012-06-29 09:01:57.000,4102.0000,6,0,0.0000,0.0000,0,0,多换,B,4050.0000,0.0000,0.0000,0.0000,0.0000,4188.0000,0.0000,0.0000,0.0000,0.0000,1,0,0,0,0,7,0,0,0,0
sc,wr1210,2012-06-29 09:01:58.000,4102.0000,6,0,0.0000,0.0000,0,0,多换,B,4050.0000,0.0000,0.0000,0.0000,0.0000,4186.0000,0.0000,0.0000,0.0000,0.0000,1,0,0,0,0,2,0,0,0,0
sc,wr1210,2012-06-29 09:01:59.000,4102.0000,6,0,0.0000,0.0000,0,0,多换,B,4050.0000,0.0000,0.0000,0.0000,0.0000,4186.0000,0.0000,0.0000,0.0000,0.0000,1,0,0,0,0,2,0,0,0,0
sc,wr1210,2012-06-29 09:02:00.000,4102.0000,6,0,0.0000,0.0000,0,0,多换,B,4050.0000,0.0000,0.0000,0.0000,0.0000,4186.0000,0.0000,0.0000,0.0000,0.0000,1,0,0,0,0,6,0,0,0,0
sc,wr1210,2012-06-29 09:02:00.500,4102.0000,6,0,0.0000,0.0000,0,0,多换,B,4050.0000,0.0000,0.0000,0.0000,0.0000,4186.0000,0.0000,0.0000,0.0000,0.0000,1,0,0,0,0,6,0,0,0,0
sc,wr1210,2012-06-29 09:02:01.000,4102.0000,6,0,0.0000,0.0000,0,0,多换,B,4050.0000,0.0000,0.0000,0.0000,0.0000,4181.0000,0.0000,0.0000,0.0000,0.0000,1,0,0,0,0,7,0,0,0,0
sc,wr1210,2012-06-29 09:02:01.500,4102.0000,6,0,0.0000,0.0000,0,0,多换,B,4050.0000,0.0000,0.0000,0.0000,0.0000,4181.0000,0.0000,0.0000,0.0000,0.0000,1,0,0,0,0,7,0,0,0,0
sc,wr1210,2012-06-29 09:02:02.000,4102.0000,6,0,0.0000,0.0000,0,0,多换,B,4050.0000,0.0000,0.0000,0.0000,0.0000,4171.0000,0.0000,0.0000,0.0000,0.0000,1,0,0,0,0,1,0,0,0,0
sc,wr1210,2012-06-29 09:02:03.500,4102.0000,6,0,0.0000,0.0000,0,0,多换,B,4050.0000,0.0000,0.0000,0.0000,0.0000,4169.0000,0.0000,0.0000,0.0000,0.0000,1,0,0,0,0,2,0,0,0,0
sc,wr1210,2012-06-29 09:02:06.500,4102.0000,6,0,0.0000,0.0000,0,0,多换,B,4050.0000,0.0000,0.0000,0.0000,0.0000,4169.0000,0.0000,0.0000,0.0000,0.0000,1,0,0,0,0,2,0,0,0,0
sc,wr1210,2012-06-29 09:02:07.000,4102.0000,6,0,0.0000,0.0000,0,0,多换,B,4050.0000,0.0000,0.0000,0.0000,0.0000,4164.0000,0.0000,0.0000,0.0000,0.0000,1,0,0,0,0,7,0,0,0,0
sc,wr1210,2012-06-29 09:02:08.000,4102.0000,6,0,0.0000,0.0000,0,0,多换,B,4050.0000,0.0000,0.0000,0.0000,0.0000,4162.0000,0.0000,0.0000,0.0000,0.0000,1,0,0,0,0,2,0,0,0,0
sc,wr1210,2012-06-29 09:02:09.000,4102.0000,6,0,0.0000,0.0000,0,0,多换,B,4050.0000,0.0000,0.0000,0.0000,0.0000,4162.0000,0.0000,0.0000,0.0000,0.0000,1,0,0,0,0,6,0,0,0,0
sc,wr1210,2012-06-29 09:02:12.500,4102.0000,6,0,0.0000,0.0000,0,0,多换,B,4050.0000,0.0000,0.0000,0.0000,0.0000,4162.0000,0.0000,0.0000,0.0000,0.0000,1,0,0,0,0,6,0,0,0,0
sc,wr1210,2012-06-29 09:02:13.500,4102.0000,6,0,0.0000,0.0000,0,0,多换,B,4050.0000,0.0000,0.0000,0.0000,0.0000,4157.0000,0.0000,0.0000,0.0000,0.0000,1,0,0,0,0,7,0,0,0,0
sc,wr1210,2012-06-29 09:02:15.000,4102.0000,6,0,0.0000,0.0000,0,0,多换,B,4050.0000,0.0000,0.0000,0.0000,0.0000,4157.0000,0.0000,0.0000,0.0000,0.0000,1,0,0,0,0,7,0,0,0,0
sc,wr1210,2012-06-29 09:02:15.500,4102.0000,6,0,0.0000,0.0000,0,0,多换,B,4050.0000,0.0000,0.0000,0.0000,0.0000,4155.0000,0.0000,0.0000,0.0000,0.0000,1,0,0,0,0,2,0,0,0,0
sc,wr1210,2012-06-29 09:02:16.000,4102.0000,6,0,0.0000,0.0000,0,0,多换,B,4050.0000,0.0000,0.0000,0.0000,0.0000,4155.0000,0.0000,0.0000,0.0000,0.0000,1,0,0,0,0,6,0,0,0,0
sc,wr1210,2012-06-29 09:02:19.500,4102.0000,6,0,0.0000,0.0000,0,0,多换,B,4050.0000,0.0000,0.0000,0.0000,0.0000,4155.0000,0.0000,0.0000,0.0000,0.0000,1,0,0,0,0,6,0,0,0,0
sc,wr1210,2012-06-29 09:02:20.500,4102.0000,6,0,0.0000,0.0000,0,0,多换,B,4050.0000,0.0000,0.0000,0.0000,0.0000,4150.0000,0.0000,0.0000,0.0000,0.0000,1,0,0,0,0,4,0,0,0,0
sc,wr1210,2012-06-29 09:02:21.500,4102.0000,6,0,0.0000,0.0000,0,0,多换,B,4050.0000,0.0000,0.0000,0.0000,0.0000,4148.0000,0.0000,0.0000,0.0000,0.0000,1,0,0,0,0,2,0,0,0,0
sc,wr1210,2012-06-29 09:02:22.000,4102.0000,6,0,0.0000,0.0000,0,0,多换,B,4050.0000,0.0000,0.0000,0.0000,0.0000,4148.0000,0.0000,0.0000,0.0000,0.0000,1,0,0,0,0,2,0,0,0,0
sc,wr1210,2012-06-29 09:02:23.000,4102.0000,6,0,0.0000,0.0000,0,0,多换,B,4050.0000,0.0000,0.0000,0.0000,0.0000,4148.0000,0.0000,0.0000,0.0000,0.0000,1,0,0,0,0,6,0,0,0,0
sc,wr1210,2012-06-29 09:02:26.500,4102.0000,6,0,0.0000,0.0000,0,0,多换,B,4050.0000,0.0000,0.0000,0.0000,0.0000,4148.0000,0.0000,0.0000,0.0000,0.0000,1,0,0,0,0,6,0,0,0,0
sc,wr1210,2012-06-29 09:02:27.500,4102.0000,6,0,0.0000,0.0000,0,0,多换,B,4050.0000,0.0000,0.0000,0.0000,0.0000,4143.0000,0.0000,0.0000,0.0000,0.0000,1,0,0,0,0,4,0,0,0,0
sc,wr1210,2012-06-29 09:02:28.000,4102.0000,6,0,0.0000,0.0000,0,0,多换,B,4050.0000,0.0000,0.0000,0.0000,0.0000,4143.0000,0.0000,0.0000,0.0000,0.0000,1,0,0,0,0,4,0,0,0,0
sc,wr1210,2012-06-29 09:02:28.500,4102.0000,6,0,0.0000,0.0000,0,0,多换,B,4050.0000,0.0000,0.0000,0.0000,0.0000,4141.0000,0.0000,0.0000,0.0000,0.0000,1,0,0,0,0,2,0,0,0,0
sc,wr1210,2012-06-29 09:02:33.500,4102.0000,6,0,0.0000,0.0000,0,0,多换,B,4050.0000,0.0000,0.0000,0.0000,0.0000,4141.0000,0.0000,0.0000,0.0000,0.0000,1,0,0,0,0,2,0,0,0,0
sc,wr1210,2012-06-29 09:02:34.000,4102.0000,6,0,0.0000,0.0000,0,0,多换,B,4050.0000,0.0000,0.0000,0.0000,0.0000,4138.0000,0.0000,0.0000,0.0000,0.0000,1,0,0,0,0,4,0,0,0,0
sc,wr1210,2012-06-29 09:02:35.000,4102.0000,6,0,0.0000,0.0000,0,0,多换,B,4050.0000,0.0000,0.0000,0.0000,0.0000,4136.0000,0.0000,0.0000,0.0000,0.0000,1,0,0,0,0,2,0,0,0,0
sc,wr1210,2012-06-29 09:02:39.500,4102.0000,6,0,0.0000,0.0000,0,0,多换,B,4050.0000,0.0000,0.0000,0.0000,0.0000,4136.0000,0.0000,0.0000,0.0000,0.0000,1,0,0,0,0,2,0,0,0,0
sc,wr1210,2012-06-29 09:02:40.500,4102.0000,6,0,0.0000,0.0000,0,0,多换,B,4050.0000,0.0000,0.0000,0.0000,0.0000,4133.0000,0.0000,0.0000,0.0000,0.0000,1,0,0,0,0,4,0,0,0,0
sc,wr1210,2012-06-29 09:02:41.500,4102.0000,6,0,0.0000,0.0000,0,0,多换,B,4050.0000,0.0000,0.0000,0.0000,0.0000,4131.0000,0.0000,0.0000,0.0000,0.0000,1,0,0,0,0,2,0,0,0,0
sc,wr1210,2012-06-29 09:02:46.500,4102.0000,6,0,0.0000,0.0000,0,0,多换,B,4050.0000,0.0000,0.0000,0.0000,0.0000,4131.0000,0.0000,0.0000,0.0000,0.0000,1,0,0,0,0,2,0,0,0,0
sc,wr1210,2012-06-29 09:02:47.500,4102.0000,6,0,0.0000,0.0000,0,0,多换,B,4050.0000,0.0000,0.0000,0.0000,0.0000,4128.0000,0.0000,0.0000,0.0000,0.0000,1,0,0,0,0,4,0,0,0,0
sc,wr1210,2012-06-29 09:03:07.000,4102.0000,6,0,0.0000,0.0000,0,0,多换,B,4050.0000,0.0000,0.0000,0.0000,0.0000,4127.0000,0.0000,0.0000,0.0000,0.0000,1,0,0,0,0,1,0,0,0,0
sc,wr1210,2012-06-29 09:03:08.000,4102.0000,6,0,0.0000,0.0000,0,0,多换,B,4050.0000,0.0000,0.0000,0.0000,0.0000,4127.0000,0.0000,0.0000,0.0000,0.0000,1,0,0,0,0,1,0,0,0,0
sc,wr1210,2012-06-29 09:03:08.500,4102.0000,6,0,0.0000,0.0000,0,0,多换,B,4050.0000,0.0000,0.0000,0.0000,0.0000,4124.0000,0.0000,0.0000,0.0000,0.0000,1,0,0,0,0,4,0,0,0,0
sc,wr1210,2012-06-29 09:03:23.500,4102.0000,6,0,0.0000,0.0000,0,0,多换,B,4050.0000,0.0000,0.0000,0.0000,0.0000,4124.0000,0.0000,0.0000,0.0000,0.0000,1,0,0,0,0,4,0,0,0,0
sc,wr1210,2012-06-29 09:03:36.000,4102.0000,6,0,0.0000,0.0000,0,0,多换,B,4050.0000,0.0000,0.0000,0.0000,0.0000,4124.0000,0.0000,0.0000,0.0000,0.0000,1,0,0,0,0,4,0,0,0,0
sc,wr1210,2012-06-29 09:03:38.500,4102.0000,6,0,0.0000,0.0000,0,0,多换,B,4050.0000,0.0000,0.0000,0.0000,0.0000,4123.0000,0.0000,0.0000,0.0000,0.0000,1,0,0,0,0,1,0,0,0,0
sc,wr1210,2012-06-29 09:03:39.500,4102.0000,6,0,0.0000,0.0000,0,0,多换,B,4050.0000,0.0000,0.0000,0.0000,0.0000,4123.0000,0.0000,0.0000,0.0000,0.0000,1,0,0,0,0,1,0,0,0,0
sc,wr1210,2012-06-29 09:03:40.500,4102.0000,6,0,0.0000,0.0000,0,0,多换,B,4050.0000,0.0000,0.0000,0.0000,0.0000,4122.0000,0.0000,0.0000,0.0000,0.0000,1,0,0,0,0,4,0,0,0,0
sc,wr1210,2012-06-29 09:05:55.000,4102.0000,6,0,0.0000,0.0000,0,0,多换,B,4050.0000,0.0000,0.0000,0.0000,0.0000,4122.0000,0.0000,0.0000,0.0000,0.0000,1,0,0,0,0,4,0,0,0,0
sc,wr1210,2012-06-29 09:11:22.500,4102.0000,6,0,0.0000,0.0000,0,0,多换,B,4050.0000,0.0000,0.0000,0.0000,0.0000,4122.0000,0.0000,0.0000,0.0000,0.0000,1,0,0,0,0,4,0,0,0,0
sc,wr1210,2012-06-29 09:11:23.000,4102.0000,6,0,0.0000,0.0000,0,0,多换,B,4050.0000,0.0000,0.0000,0.0000,0.0000,4121.0000,0.0000,0.0000,0.0000,0.0000,1,0,0,0,0,1,0,0,0,0
sc,wr1210,2012-06-29 09:11:24.000,4102.0000,6,0,0.0000,0.0000,0,0,多换,B,4050.0000,0.0000,0.0000,0.0000,0.0000,4121.0000,0.0000,0.0000,0.0000,0.0000,1,0,0,0,0,1,0,0,0,0
sc,wr1210,2012-06-29 09:11:24.500,4102.0000,6,0,0.0000,0.0000,0,0,多换,B,4050.0000,0.0000,0.0000,0.0000,0.0000,4120.0000,0.0000,0.0000,0.0000,0.0000,1,0,0,0,0,4,0,0,0,0
sc,wr1210,2012-06-29 09:11:37.000,4102.0000,6,0,0.0000,0.0000,0,0,多换,B,4050.0000,0.0000,0.0000,0.0000,0.0000,4120.0000,0.0000,0.0000,0.0000,0.0000,1,0,0,0,0,4,0,0,0,0
sc,wr1210,2012-06-29 09:11:38.000,4102.0000,6,0,0.0000,0.0000,0,0,多换,B,4050.0000,0.0000,0.0000,0.0000,0.0000,4118.0000,0.0000,0.0000,0.0000,0.0000,1,0,0,0,0,1,0,0,0,0
sc,wr1210,2012-06-29 09:11:40.000,4102.0000,6,0,0.0000,0.0000,0,0,多换,B,4050.0000,0.0000,0.0000,0.0000,0.0000,4118.0000,0.0000,0.0000,0.0000,0.0000,1,0,0,0,0,1,0,0,0,0
sc,wr1210,2012-06-29 09:12:52.500,4102.0000,6,0,0.0000,0.0000,0,0,多换,B,4050.0000,0.0000,0.0000,0.0000,0.0000,4117.0000,0.0000,0.0000,0.0000,0.0000,1,0,0,0,0,4,0,0,0,0
sc,wr1210,2012-06-29 09:14:20.000,4102.0000,6,0,0.0000,0.0000,0,0,多换,B,4050.0000,0.0000,0.0000,0.0000,0.0000,4117.0000,0.0000,0.0000,0.0000,0.0000,1,0,0,0,0,4,0,0,0,0
sc,wr1210,2012-06-29 09:14:21.000,4102.0000,6,0,0.0000,0.0000,0,0,多换,B,4050.0000,0.0000,0.0000,0.0000,0.0000,4116.0000,0.0000,0.0000,0.0000,0.0000,1,0,0,0,0,1,0,0,0,0
sc,wr1210,2012-06-29 09:14:22.000,4102.0000,6,0,0.0000,0.0000,0,0,多换,B,4050.0000,0.0000,0.0000,0.0000,0.0000,4116.0000,0.0000,0.0000,0.0000,0.0000,1,0,0,0,0,1,0,0,0,0
sc,wr1210,2012-06-29 09:15:40.500,4102.0000,6,0,0.0000,0.0000,0,0,多换,B,4050.0000,0.0000,0.0000,0.0000,0.0000,4115.0000,0.0000,0.0000,0.0000,0.0000,1,0,0,0,0,4,0,0,0,0
sc,wr1210,2012-06-29 09:15:48.500,4102.0000,6,0,0.0000,0.0000,0,0,多换,B,4050.0000,0.0000,0.0000,0.0000,0.0000,4115.0000,0.0000,0.0000,0.0000,0.0000,1,0,0,0,0,4,0,0,0,0
sc,wr1210,2012-06-29 09:15:49.000,4102.0000,6,0,0.0000,0.0000,0,0,多换,B,4050.0000,0.0000,0.0000,0.0000,0.0000,4114.0000,0.0000,0.0000,0.0000,0.0000,1,0,0,0,0,1,0,0,0,0
sc,wr1210,2012-06-29 09:15:50.000,4102.0000,6,0,0.0000,0.0000,0,0,多换,B,4050.0000,0.0000,0.0000,0.0000,0.0000,4114.0000,0.0000,0.0000,0.0000,0.0000,1,0,0,0,0,1,0,0,0,0
sc,wr1210,2012-06-29 09:16:54.500,4102.0000,6,0,0.0000,0.0000,0,0,多换,B,4050.0000,0.0000,0.0000,0.0000,0.0000,4113.0000,0.0000,0.0000,0.0000,0.0000,1,0,0,0,0,4,0,0,0,0
sc,wr1210,2012-06-29 09:17:26.500,4102.0000,6,0,0.0000,0.0000,0,0,多换,B,4050.0000,0.0000,0.0000,0.0000,0.0000,4113.0000,0.0000,0.0000,0.0000,0.0000,1,0,0,0,0,4,0,0,0,0
sc,wr1210,2012-06-29 09:17:27.000,4102.0000,6,0,0.0000,0.0000,0,0,多换,B,4050.0000,0.0000,0.0000,0.0000,0.0000,4112.0000,0.0000,0.0000,0.0000,0.0000,1,0,0,0,0,1,0,0,0,0
sc,wr1210,2012-06-29 09:17:27.500,4102.0000,6,0,0.0000,0.0000,0,0,多换,B,4050.0000,0.0000,0.0000,0.0000,0.0000,4112.0000,0.0000,0.0000,0.0000,0.0000,1,0,0,0,0,1,0,0,0,0
sc,wr1210,2012-06-29 09:17:29.000,4102.0000,6,0,0.0000,0.0000,0,0,多换,B,4050.0000,0.0000,0.0000,0.0000,0.0000,4111.0000,0.0000,0.0000,0.0000,0.0000,1,0,0,0,0,4,0,0,0,0
sc,wr1210,2012-06-29 09:17:36.000,4102.0000,6,0,0.0000,0.0000,0,0,多换,B,4050.0000,0.0000,0.0000,0.0000,0.0000,4111.0000,0.0000,0.0000,0.0000,0.0000,1,0,0,0,0,4,0,0,0,0
sc,wr1210,2012-06-29 09:17:36.500,4102.0000,6,0,0.0000,0.0000,0,0,多换,B,4050.0000,0.0000,0.0000,0.0000,0.0000,4110.0000,0.0000,0.0000,0.0000,0.0000,1,0,0,0,0,1,0,0,0,0
sc,wr1210,2012-06-29 09:17:37.500,4102.0000,6,0,0.0000,0.0000,0,0,多换,B,4050.0000,0.0000,0.0000,0.0000,0.0000,4110.0000,0.0000,0.0000,0.0000,0.0000,1,0,0,0,0,1,0,0,0,0
sc,wr1210,2012-06-29 09:17:39.000,4102.0000,6,0,0.0000,0.0000,0,0,多换,B,4050.0000,0.0000,0.0000,0.0000,0.0000,4109.0000,0.0000,0.0000,0.0000,0.0000,1,0,0,0,0,4,0,0,0,0
sc,wr1210,2012-06-29 09:17:46.000,4102.0000,6,0,0.0000,0.0000,0,0,多换,B,4050.0000,0.0000,0.0000,0.0000,0.0000,4109.0000,0.0000,0.0000,0.0000,0.0000,1,0,0,0,0,4,0,0,0,0
sc,wr1210,2012-06-29 09:17:46.500,4102.0000,6,0,0.0000,0.0000,0,0,多换,B,4050.0000,0.0000,0.0000,0.0000,0.0000,4108.0000,0.0000,0.0000,0.0000,0.0000,1,0,0,0,0,1,0,0,0,0
sc,wr1210,2012-06-29 09:17:47.500,4102.0000,6,0,0.0000,0.0000,0,0,多换,B,4050.0000,0.0000,0.0000,0.0000,0.0000,4108.0000,0.0000,0.0000,0.0000,0.0000,1,0,0,0,0,1,0,0,0,0
sc,wr1210,2012-06-29 09:17:49.500,4102.0000,6,0,0.0000,0.0000,0,0,多换,B,4050.0000,0.0000,0.0000,0.0000,0.0000,4107.0000,0.0000,0.0000,0.0000,0.0000,1,0,0,0,0,4,0,0,0,0
sc,wr1210,2012-06-29 09:17:55.500,4102.0000,6,0,0.0000,0.0000,0,0,多换,B,4050.0000,0.0000,0.0000,0.0000,0.0000,4107.0000,0.0000,0.0000,0.0000,0.0000,1,0,0,0,0,4,0,0,0,0
sc,wr1210,2012-06-29 09:17:56.500,4102.0000,6,0,0.0000,0.0000,0,0,多换,B,4050.0000,0.0000,0.0000,0.0000,0.0000,4105.0000,0.0000,0.0000,0.0000,0.0000,1,0,0,0,0,1,0,0,0,0
sc,wr1210,2012-06-29 09:17:57.000,4102.0000,6,0,0.0000,0.0000,0,0,多换,B,4050.0000,0.0000,0.0000,0.0000,0.0000,4105.0000,0.0000,0.0000,0.0000,0.0000,1,0,0,0,0,1,0,0,0,0
sc,wr1210,2012-06-29 09:18:23.500,4102.0000,6,0,0.0000,0.0000,0,0,多换,B,4050.0000,0.0000,0.0000,0.0000,0.0000,4104.0000,0.0000,0.0000,0.0000,0.0000,1,0,0,0,0,1,0,0,0,0
sc,wr1210,2012-06-29 09:18:31.000,4102.0000,6,0,0.0000,0.0000,0,0,多换,B,4050.0000,0.0000,0.0000,0.0000,0.0000,4103.0000,0.0000,0.0000,0.0000,0.0000,1,0,0,0,0,4,0,0,0,0
sc,wr1210,2012-06-29 09:18:37.500,4102.0000,6,0,0.0000,0.0000,0,0,多换,B,4050.0000,0.0000,0.0000,0.0000,0.0000,4103.0000,0.0000,0.0000,0.0000,0.0000,1,0,0,0,0,4,0,0,0,0
sc,wr1210,2012-06-29 09:18:38.000,4102.0000,6,0,0.0000,0.0000,0,0,多换,B,4050.0000,0.0000,0.0000,0.0000,0.0000,4100.0000,0.0000,0.0000,0.0000,0.0000,1,0,0,0,0,1,0,0,0,0
sc,wr1210,2012-06-29 09:18:39.000,4102.0000,6,0,0.0000,0.0000,0,0,多换,B,4050.0000,0.0000,0.0000,0.0000,0.0000,4100.0000,0.0000,0.0000,0.0000,0.0000,1,0,0,0,0,1,0,0,0,0
sc,wr1210,2012-06-29 09:29:57.000,4102.0000,6,0,0.0000,0.0000,0,0,多换,B,4050.0000,0.0000,0.0000,0.0000,0.0000,4100.0000,0.0000,0.0000,0.0000,0.0000,1,0,0,0,0,1,0,0,0,0
sc,wr1210,2012-06-29 09:48:31.000,4102.0000,6,0,0.0000,0.0000,0,0,多换,B,0.0000,0.0000,0.0000,0.0000,0.0000,4100.0000,0.0000,0.0000,0.0000,0.0000,0,0,0,0,0,1,0,0,0,0
sc,wr1210,2012-06-29 09:48:32.000,4102.0000,6,0,0.0000,0.0000,0,0,多换,B,3896.0000,0.0000,0.0000,0.0000,0.0000,4100.0000,0.0000,0.0000,0.0000,0.0000,4,0,0,0,0,1,0,0,0,0
sc,wr1210,2012-06-29 09:48:32.500,4102.0000,6,0,0.0000,0.0000,0,0,多换,B,3896.0000,0.0000,0.0000,0.0000,0.0000,4100.0000,0.0000,0.0000,0.0000,0.0000,6,0,0,0,0,1,0,0,0,0
sc,wr1210,2012-06-29 09:48:42.500,4102.0000,6,0,0.0000,0.0000,0,0,多换,B,4000.0000,0.0000,0.0000,0.0000,0.0000,4100.0000,0.0000,0.0000,0.0000,0.0000,1,0,0,0,0,1,0,0,0,0
sc,wr1210,2012-06-29 09:48:45.000,4102.0000,6,0,0.0000,0.0000,0,0,多换,B,4000.0000,0.0000,0.0000,0.0000,0.0000,4100.0000,0.0000,0.0000,0.0000,0.0000,1,0,0,0,0,1,0,0,0,0
sc,wr1210,2012-06-29 09:51:46.500,4102.0000,6,0,0.0000,0.0000,0,0,多换,B,4001.0000,0.0000,0.0000,0.0000,0.0000,4100.0000,0.0000,0.0000,0.0000,0.0000,1,0,0,0,0,1,0,0,0,0
sc,wr1210,2012-06-29 09:52:17.500,4102.0000,6,0,0.0000,0.0000,0,0,多换,B,4001.0000,0.0000,0.0000,0.0000,0.0000,4100.0000,0.0000,0.0000,0.0000,0.0000,1,0,0,0,0,1,0,0,0,0
sc,wr1210,2012-06-29 09:52:18.000,4102.0000,6,0,0.0000,0.0000,0,0,多换,B,4025.0000,0.0000,0.0000,0.0000,0.0000,4100.0000,0.0000,0.0000,0.0000,0.0000,1,0,0,0,0,1,0,0,0,0
sc,wr1210,2012-06-29 09:53:37.000,4102.0000,6,0,0.0000,0.0000,0,0,多换,B,4026.0000,0.0000,0.0000,0.0000,0.0000,4100.0000,0.0000,0.0000,0.0000,0.0000,1,0,0,0,0,1,0,0,0,0
sc,wr1210,2012-06-29 09:54:06.500,4102.0000,6,0,0.0000,0.0000,0,0,多换,B,4026.0000,0.0000,0.0000,0.0000,0.0000,4100.0000,0.0000,0.0000,0.0000,0.0000,1,0,0,0,0,1,0,0,0,0
sc,wr1210,2012-06-29 09:54:36.000,4102.0000,6,0,0.0000,0.0000,0,0,多换,B,4030.0000,0.0000,0.0000,0.0000,0.0000,4100.0000,0.0000,0.0000,0.0000,0.0000,1,0,0,0,0,1,0,0,0,0
sc,wr1210,2012-06-29 09:58:15.000,4102.0000,6,0,0.0000,0.0000,0,0,多换,B,4031.0000,0.0000,0.0000,0.0000,0.0000,4100.0000,0.0000,0.0000,0.0000,0.0000,1,0,0,0,0,1,0,0,0,0
sc,wr1210,2012-06-29 09:58:37.000,4102.0000,6,0,0.0000,0.0000,0,0,多换,B,4031.0000,0.0000,0.0000,0.0000,0.0000,4100.0000,0.0000,0.0000,0.0000,0.0000,1,0,0,0,0,1,0,0,0,0
sc,wr1210,2012-06-29 09:58:37.500,4102.0000,6,0,0.0000,0.0000,0,0,多换,B,4035.0000,0.0000,0.0000,0.0000,0.0000,4100.0000,0.0000,0.0000,0.0000,0.0000,1,0,0,0,0,1,0,0,0,0
sc,wr1210,2012-06-29 10:00:11.000,4102.0000,6,0,0.0000,0.0000,0,0,多换,B,4035.0000,0.0000,0.0000,0.0000,0.0000,4100.0000,0.0000,0.0000,0.0000,0.0000,1,0,0,0,0,1,0,0,0,0
sc,wr1210,2012-06-29 10:00:11.500,4102.0000,6,0,0.0000,0.0000,0,0,多换,B,4036.0000,0.0000,0.0000,0.0000,0.0000,4100.0000,0.0000,0.0000,0.0000,0.0000,1,0,0,0,0,1,0,0,0,0
sc,wr1210,2012-06-29 10:00:19.500,4102.0000,6,0,0.0000,0.0000,0,0,多换,B,4036.0000,0.0000,0.0000,0.0000,0.0000,4100.0000,0.0000,0.0000,0.0000,0.0000,1,0,0,0,0,1,0,0,0,0
sc,wr1210,2012-06-29 10:00:20.000,4102.0000,6,0,0.0000,0.0000,0,0,多换,B,4040.0000,0.0000,0.0000,0.0000,0.0000,4100.0000,0.0000,0.0000,0.0000,0.0000,1,0,0,0,0,1,0,0,0,0
sc,wr1210,2012-06-29 10:31:19.500,4102.0000,6,0,0.0000,0.0000,0,0,多换,B,4040.0000,0.0000,0.0000,0.0000,0.0000,4100.0000,0.0000,0.0000,0.0000,0.0000,1,0,0,0,0,1,0,0,0,0
sc,wr1210,2012-06-29 10:35:24.500,4102.0000,6,0,0.0000,0.0000,0,0,多换,B,4040.0000,0.0000,0.0000,0.0000,0.0000,4099.0000,0.0000,0.0000,0.0000,0.0000,1,0,0,0,0,4,0,0,0,0
sc,wr1210,2012-06-29 10:54:00.000,4102.0000,6,0,0.0000,0.0000,0,0,多换,B,4040.0000,0.0000,0.0000,0.0000,0.0000,4100.0000,0.0000,0.0000,0.0000,0.0000,1,0,0,0,0,1,0,0,0,0
sc,wr1210,2012-06-29 10:57:05.500,4102.0000,6,0,0.0000,0.0000,0,0,多换,B,4040.0000,0.0000,0.0000,0.0000,0.0000,4131.0000,0.0000,0.0000,0.0000,0.0000,1,0,0,0,0,2,0,0,0,0
sc,wr1210,2012-06-29 10:57:06.500,4102.0000,6,0,0.0000,0.0000,0,0,多换,B,4040.0000,0.0000,0.0000,0.0000,0.0000,4126.0000,0.0000,0.0000,0.0000,0.0000,1,0,0,0,0,4,0,0,0,0
sc,wr1210,2012-06-29 10:57:07.500,4102.0000,6,0,0.0000,0.0000,0,0,多换,B,4040.0000,0.0000,0.0000,0.0000,0.0000,4126.0000,0.0000,0.0000,0.0000,0.0000,1,0,0,0,0,4,0,0,0,0
sc,wr1210,2012-06-29 10:57:08.000,4102.0000,6,0,0.0000,0.0000,0,0,多换,B,4040.0000,0.0000,0.0000,0.0000,0.0000,4124.0000,0.0000,0.0000,0.0000,0.0000,1,0,0,0,0,2,0,0,0,0
sc,wr1210,2012-06-29 10:57:12.500,4102.0000,6,0,0.0000,0.0000,0,0,多换,B,4040.0000,0.0000,0.0000,0.0000,0.0000,4124.0000,0.0000,0.0000,0.0000,0.0000,1,0,0,0,0,2,0,0,0,0
sc,wr1210,2012-06-29 10:57:14.000,4102.0000,6,0,0.0000,0.0000,0,0,多换,B,4040.0000,0.0000,0.0000,0.0000,0.0000,4121.0000,0.0000,0.0000,0.0000,0.0000,1,0,0,0,0,4,0,0,0,0
sc,wr1210,2012-06-29 10:57:15.000,4102.0000,6,0,0.0000,0.0000,0,0,多换,B,4040.0000,0.0000,0.0000,0.0000,0.0000,4119.0000,0.0000,0.0000,0.0000,0.0000,1,0,0,0,0,2,0,0,0,0
sc,wr1210,2012-06-29 10:57:18.000,4102.0000,6,0,0.0000,0.0000,0,0,多换,B,4040.0000,0.0000,0.0000,0.0000,0.0000,4110.0000,0.0000,0.0000,0.0000,0.0000,1,0,0,0,0,1,0,0,0,0
sc,wr1210,2012-06-29 10:57:20.000,4102.0000,6,0,0.0000,0.0000,0,0,多换,B,4040.0000,0.0000,0.0000,0.0000,0.0000,4110.0000,0.0000,0.0000,0.0000,0.0000,1,0,0,0,0,1,0,0,0,0
sc,wr1210,2012-06-29 10:57:21.000,4102.0000,6,0,0.0000,0.0000,0,0,多换,B,4040.0000,0.0000,0.0000,0.0000,0.0000,4109.0000,0.0000,0.0000,0.0000,0.0000,1,0,0,0,0,4,0,0,0,0
sc,wr1210,2012-06-29 10:57:44.000,4102.0000,6,0,0.0000,0.0000,0,0,多换,B,4040.0000,0.0000,0.0000,0.0000,0.0000,4109.0000,0.0000,0.0000,0.0000,0.0000,1,0,0,0,0,4,0,0,0,0
sc,wr1210,2012-06-29 10:57:44.500,4102.0000,6,0,0.0000,0.0000,0,0,多换,B,4040.0000,0.0000,0.0000,0.0000,0.0000,4108.0000,0.0000,0.0000,0.0000,0.0000,1,0,0,0,0,1,0,0,0,0
sc,wr1210,2012-06-29 10:57:45.500,4102.0000,6,0,0.0000,0.0000,0,0,多换,B,4040.0000,0.0000,0.0000,0.0000,0.0000,4108.0000,0.0000,0.0000,0.0000,0.0000,1,0,0,0,0,1,0,0,0,0
sc,wr1210,2012-06-29 10:57:46.500,4102.0000,6,0,0.0000,0.0000,0,0,多换,B,4040.0000,0.0000,0.0000,0.0000,0.0000,4107.0000,0.0000,0.0000,0.0000,0.0000,1,0,0,0,0,4,0,0,0,0
sc,wr1210,2012-06-29 10:58:04.000,4102.0000,6,0,0.0000,0.0000,0,0,多换,B,4040.0000,0.0000,0.0000,0.0000,0.0000,4107.0000,0.0000,0.0000,0.0000,0.0000,1,0,0,0,0,4,0,0,0,0
sc,wr1210,2012-06-29 10:58:05.000,4102.0000,6,0,0.0000,0.0000,0,0,多换,B,4040.0000,0.0000,0.0000,0.0000,0.0000,4106.0000,0.0000,0.0000,0.0000,0.0000,1,0,0,0,0,1,0,0,0,0
sc,wr1210,2012-06-29 10:58:06.000,4102.0000,6,0,0.0000,0.0000,0,0,多换,B,4040.0000,0.0000,0.0000,0.0000,0.0000,4106.0000,0.0000,0.0000,0.0000,0.0000,1,0,0,0,0,1,0,0,0,0
sc,wr1210,2012-06-29 10:58:39.000,4102.0000,6,0,0.0000,0.0000,0,0,多换,B,4040.0000,0.0000,0.0000,0.0000,0.0000,4105.0000,0.0000,0.0000,0.0000,0.0000,1,0,0,0,0,4,0,0,0,0
sc,wr1210,2012-06-29 10:59:26.500,4102.0000,6,0,0.0000,0.0000,0,0,多换,B,4040.0000,0.0000,0.0000,0.0000,0.0000,4106.0000,0.0000,0.0000,0.0000,0.0000,1,0,0,0,0,1,0,0,0,0
sc,wr1210,2012-06-29 11:00:21.500,4102.0000,6,0,0.0000,0.0000,0,0,多换,B,4040.0000,0.0000,0.0000,0.0000,0.0000,4106.0000,0.0000,0.0000,0.0000,0.0000,1,0,0,0,0,1,0,0,0,0
sc,wr1210,2012-06-29 11:04:46.500,4102.0000,6,0,0.0000,0.0000,0,0,多换,B,4040.0000,0.0000,0.0000,0.0000,0.0000,0.0000,0.0000,0.0000,0.0000,0.0000,1,0,0,0,0,0,0,0,0,0
sc,wr1210,2012-06-29 11:04:47.000,4102.0000,6,0,0.0000,0.0000,0,0,多换,B,4040.0000,0.0000,0.0000,0.0000,0.0000,4307.0000,0.0000,0.0000,0.0000,0.0000,1,0,0,0,0,4,0,0,0,0
sc,wr1210,2012-06-29 11:04:47.500,4102.0000,6,0,0.0000,0.0000,0,0,多换,B,4040.0000,0.0000,0.0000,0.0000,0.0000,4307.0000,0.0000,0.0000,0.0000,0.0000,1,0,0,0,0,11,0,0,0,0
sc,wr1210,2012-06-29 11:04:48.500,4102.0000,6,0,0.0000,0.0000,0,0,多换,B,4040.0000,0.0000,0.0000,0.0000,0.0000,4116.0000,0.0000,0.0000,0.0000,0.0000,1,0,0,0,0,1,0,0,0,0
sc,wr1210,2012-06-29 11:04:53.000,4102.0000,6,0,0.0000,0.0000,0,0,多换,B,4040.0000,0.0000,0.0000,0.0000,0.0000,4116.0000,0.0000,0.0000,0.0000,0.0000,1,0,0,0,0,1,0,0,0,0
sc,wr1210,2012-06-29 11:04:53.500,4102.0000,6,0,0.0000,0.0000,0,0,多换,B,4040.0000,0.0000,0.0000,0.0000,0.0000,4116.0000,0.0000,0.0000,0.0000,0.0000,1,0,0,0,0,1,0,0,0,0
sc,wr1210,2012-06-29 11:04:54.000,4102.0000,6,0,0.0000,0.0000,0,0,多换,B,4040.0000,0.0000,0.0000,0.0000,0.0000,4116.0000,0.0000,0.0000,0.0000,0.0000,1,0,0,0,0,1,0,0,0,0
sc,wr1210,2012-06-29 11:05:06.000,4102.0000,6,0,0.0000,0.0000,0,0,多换,B,4040.0000,0.0000,0.0000,0.0000,0.0000,4116.0000,0.0000,0.0000,0.0000,0.0000,1,0,0,0,0,1,0,0,0,0
sc,wr1210,2012-06-29 11:14:21.500,4102.0000,6,0,0.0000,0.0000,0,0,多换,B,4041.0000,0.0000,0.0000,0.0000,0.0000,4116.0000,0.0000,0.0000,0.0000,0.0000,1,0,0,0,0,1,0,0,0,0
sc,wr1210,2012-06-29 11:15:02.000,4102.0000,6,0,0.0000,0.0000,0,0,多换,B,4041.0000,0.0000,0.0000,0.0000,0.0000,4188.0000,0.0000,0.0000,0.0000,0.0000,1,0,0,0,0,1,0,0,0,0
sc,wr1210,2012-06-29 11:15:03.000,4102.0000,6,0,0.0000,0.0000,0,0,多换,B,4041.0000,0.0000,0.0000,0.0000,0.0000,4183.0000,0.0000,0.0000,0.0000,0.0000,1,0,0,0,0,7,0,0,0,0
sc,wr1210,2012-06-29 11:15:04.000,4102.0000,6,0,0.0000,0.0000,0,0,多换,B,4041.0000,0.0000,0.0000,0.0000,0.0000,4126.0000,0.0000,0.0000,0.0000,0.0000,1,0,0,0,0,1,0,0,0,0
sc,wr1210,2012-06-29 11:15:09.000,4102.0000,6,0,0.0000,0.0000,0,0,多换,B,4041.0000,0.0000,0.0000,0.0000,0.0000,4126.0000,0.0000,0.0000,0.0000,0.0000,1,0,0,0,0,1,0,0,0,0
sc,wr1210,2012-06-29 11:18:12.500,4102.0000,6,0,0.0000,0.0000,0,0,多换,B,4041.0000,0.0000,0.0000,0.0000,0.0000,4125.0000,0.0000,0.0000,0.0000,0.0000,1,0,0,0,0,4,0,0,0,0
sc,wr1210,2012-06-29 11:18:25.000,4102.0000,6,0,0.0000,0.0000,0,0,多换,B,4041.0000,0.0000,0.0000,0.0000,0.0000,4125.0000,0.0000,0.0000,0.0000,0.0000,1,0,0,0,0,4,0,0,0,0
sc,wr1210,2012-06-29 11:18:25.500,4102.0000,6,0,0.0000,0.0000,0,0,多换,B,4041.0000,0.0000,0.0000,0.0000,0.0000,4124.0000,0.0000,0.0000,0.0000,0.0000,1,0,0,0,0,1,0,0,0,0
sc,wr1210,2012-06-29 11:18:26.500,4102.0000,6,0,0.0000,0.0000,0,0,多换,B,4041.0000,0.0000,0.0000,0.0000,0.0000,4124.0000,0.0000,0.0000,0.0000,0.0000,1,0,0,0,0,1,0,0,0,0
sc,wr1210,2012-06-29 11:20:41.500,4102.0000,6,0,0.0000,0.0000,0,0,多换,B,4041.0000,0.0000,0.0000,0.0000,0.0000,4123.0000,0.0000,0.0000,0.0000,0.0000,1,0,0,0,0,4,0,0,0,0
sc,wr1210,2012-06-29 11:21:02.000,4102.0000,6,0,0.0000,0.0000,0,0,多换,B,4041.0000,0.0000,0.0000,0.0000,0.0000,4123.0000,0.0000,0.0000,0.0000,0.0000,1,0,0,0,0,4,0,0,0,0
sc,wr1210,2012-06-29 11:21:02.500,4102.0000,6,0,0.0000,0.0000,0,0,多换,B,4045.0000,0.0000,0.0000,0.0000,0.0000,4123.0000,0.0000,0.0000,0.0000,0.0000,1,0,0,0,0,4,0,0,0,0
sc,wr1210,2012-06-29 11:21:23.500,4102.0000,6,0,0.0000,0.0000,0,0,多换,B,4045.0000,0.0000,0.0000,0.0000,0.0000,4123.0000,0.0000,0.0000,0.0000,0.0000,1,0,0,0,0,4,0,0,0,0
sc,wr1210,2012-06-29 11:21:24.000,4102.0000,6,0,0.0000,0.0000,0,0,多换,B,4045.0000,0.0000,0.0000,0.0000,0.0000,4122.0000,0.0000,0.0000,0.0000,0.0000,1,0,0,0,0,1,0,0,0,0
sc,wr1210,2012-06-29 11:21:25.500,4102.0000,6,0,0.0000,0.0000,0,0,多换,B,4045.0000,0.0000,0.0000,0.0000,0.0000,4122.0000,0.0000,0.0000,0.0000,0.0000,1,0,0,0,0,1,0,0,0,0
sc,wr1210,2012-06-29 11:21:59.000,4102.0000,6,0,0.0000,0.0000,0,0,多换,B,4045.0000,0.0000,0.0000,0.0000,0.0000,4122.0000,0.0000,0.0000,0.0000,0.0000,1,0,0,0,0,1,0,0,0,0
sc,wr1210,2012-06-29 11:25:16.500,4102.0000,6,0,0.0000,0.0000,0,0,多换,B,4045.0000,0.0000,0.0000,0.0000,0.0000,4121.0000,0.0000,0.0000,0.0000,0.0000,1,0,0,0,0,4,0,0,0,0
sc,wr1210,2012-06-29 11:26:18.500,4102.0000,6,0,0.0000,0.0000,0,0,多换,B,4045.0000,0.0000,0.0000,0.0000,0.0000,4122.0000,0.0000,0.0000,0.0000,0.0000,1,0,0,0,0,1,0,0,0,0
sc,wr1210,2012-06-29 13:35:15.500,4102.0000,6,0,0.0000,0.0000,0,0,多换,B,4045.0000,0.0000,0.0000,0.0000,0.0000,4186.0000,0.0000,0.0000,0.0000,0.0000,1,0,0,0,0,2,0,0,0,0
sc,wr1210,2012-06-29 13:35:16.500,4102.0000,6,0,0.0000,0.0000,0,0,多换,B,4045.0000,0.0000,0.0000,0.0000,0.0000,4181.0000,0.0000,0.0000,0.0000,0.0000,1,0,0,0,0,7,0,0,0,0
sc,wr1210,2012-06-29 13:35:18.000,4102.0000,6,0,0.0000,0.0000,0,0,多换,B,4045.0000,0.0000,0.0000,0.0000,0.0000,4179.0000,0.0000,0.0000,0.0000,0.0000,1,0,0,0,0,2,0,0,0,0
sc,wr1210,2012-06-29 13:35:20.000,4102.0000,6,0,0.0000,0.0000,0,0,多换,B,4045.0000,0.0000,0.0000,0.0000,0.0000,4134.0000,0.0000,0.0000,0.0000,0.0000,1,0,0,0,0,1,0,0,0,0
sc,wr1210,2012-06-29 13:35:22.000,4102.0000,6,0,0.0000,0.0000,0,0,多换,B,4045.0000,0.0000,0.0000,0.0000,0.0000,4134.0000,0.0000,0.0000,0.0000,0.0000,1,0,0,0,0,1,0,0,0,0
sc,wr1210,2012-06-29 13:35:22.500,4102.0000,6,0,0.0000,0.0000,0,0,多换,B,4045.0000,0.0000,0.0000,0.0000,0.0000,4134.0000,0.0000,0.0000,0.0000,0.0000,1,0,0,0,0,1,0,0,0,0
sc,wr1210,2012-06-29 13:35:24.500,4102.0000,6,0,0.0000,0.0000,0,0,多换,B,4045.0000,0.0000,0.0000,0.0000,0.0000,4133.0000,0.0000,0.0000,0.0000,0.0000,1,0,0,0,0,4,0,0,0,0
sc,wr1210,2012-06-29 13:43:13.000,4102.0000,6,0,0.0000,0.0000,0,0,多换,B,4045.0000,0.0000,0.0000,0.0000,0.0000,4133.0000,0.0000,0.0000,0.0000,0.0000,1,0,0,0,0,4,0,0,0,0
sc,wr1210,2012-06-29 13:43:14.000,4102.0000,6,0,0.0000,0.0000,0,0,多换,B,4045.0000,0.0000,0.0000,0.0000,0.0000,4132.0000,0.0000,0.0000,0.0000,0.0000,1,0,0,0,0,1,0,0,0,0
sc,wr1210,2012-06-29 13:43:15.000,4102.0000,6,0,0.0000,0.0000,0,0,多换,B,4045.0000,0.0000,0.0000,0.0000,0.0000,4132.0000,0.0000,0.0000,0.0000,0.0000,1,0,0,0,0,1,0,0,0,0
sc,wr1210,2012-06-29 13:43:17.000,4102.0000,6,0,0.0000,0.0000,0,0,多换,B,4045.0000,0.0000,0.0000,0.0000,0.0000,4131.0000,0.0000,0.0000,0.0000,0.0000,1,0,0,0,0,4,0,0,0,0
sc,wr1210,2012-06-29 13:43:29.500,4102.0000,6,0,0.0000,0.0000,0,0,多换,B,4045.0000,0.0000,0.0000,0.0000,0.0000,4131.0000,0.0000,0.0000,0.0000,0.0000,1,0,0,0,0,4,0,0,0,0
sc,wr1210,2012-06-29 13:43:30.500,4102.0000,6,0,0.0000,0.0000,0,0,多换,B,4045.0000,0.0000,0.0000,0.0000,0.0000,4130.0000,0.0000,0.0000,0.0000,0.0000,1,0,0,0,0,1,0,0,0,0
sc,wr1210,2012-06-29 13:43:31.000,4102.0000,6,0,0.0000,0.0000,0,0,多换,B,4045.0000,0.0000,0.0000,0.0000,0.0000,4130.0000,0.0000,0.0000,0.0000,0.0000,1,0,0,0,0,1,0,0,0,0
sc,wr1210,2012-06-29 13:46:19.000,4102.0000,6,0,0.0000,0.0000,0,0,多换,B,4045.0000,0.0000,0.0000,0.0000,0.0000,4129.0000,0.0000,0.0000,0.0000,0.0000,1,0,0,0,0,4,0,0,0,0
sc,wr1210,2012-06-29 13:48:10.500,4102.0000,6,0,0.0000,0.0000,0,0,多换,B,4045.0000,0.0000,0.0000,0.0000,0.0000,4130.0000,0.0000,0.0000,0.0000,0.0000,1,0,0,0,0,1,0,0,0,0
sc,wr1210,2012-06-29 13:50:54.000,4102.0000,6,0,0.0000,0.0000,0,0,多换,B,4045.0000,0.0000,0.0000,0.0000,0.0000,4129.0000,0.0000,0.0000,0.0000,0.0000,1,0,0,0,0,4,0,0,0,0
sc,wr1210,2012-06-29 13:59:44.500,4102.0000,6,0,0.0000,0.0000,0,0,多换,B,4045.0000,0.0000,0.0000,0.0000,0.0000,4129.0000,0.0000,0.0000,0.0000,0.0000,1,0,0,0,0,4,0,0,0,0
sc,wr1210,2012-06-29 13:59:45.500,4102.0000,6,0,0.0000,0.0000,0,0,多换,B,4045.0000,0.0000,0.0000,0.0000,0.0000,4128.0000,0.0000,0.0000,0.0000,0.0000,1,0,0,0,0,1,0,0,0,0
sc,wr1210,2012-06-29 13:59:46.500,4102.0000,6,0,0.0000,0.0000,0,0,多换,B,4045.0000,0.0000,0.0000,0.0000,0.0000,4128.0000,0.0000,0.0000,0.0000,0.0000,1,0,0,0,0,1,0,0,0,0
sc,wr1210,2012-06-29 14:05:50.500,4102.0000,6,0,0.0000,0.0000,0,0,多换,B,4045.0000,0.0000,0.0000,0.0000,0.0000,4179.0000,0.0000,0.0000,0.0000,0.0000,1,0,0,0,0,2,0,0,0,0
sc,wr1210,2012-06-29 14:05:52.000,4102.0000,6,0,0.0000,0.0000,0,0,多换,B,4045.0000,0.0000,0.0000,0.0000,0.0000,4179.0000,0.0000,0.0000,0.0000,0.0000,1,0,0,0,0,6,0,0,0,0
sc,wr1210,2012-06-29 14:05:52.500,4102.0000,6,0,0.0000,0.0000,0,0,多换,B,4045.0000,0.0000,0.0000,0.0000,0.0000,4174.0000,0.0000,0.0000,0.0000,0.0000,1,0,0,0,0,7,0,0,0,0
sc,wr1210,2012-06-29 14:05:54.000,4102.0000,6,0,0.0000,0.0000,0,0,多换,B,4045.0000,0.0000,0.0000,0.0000,0.0000,4172.0000,0.0000,0.0000,0.0000,0.0000,1,0,0,0,0,2,0,0,0,0
sc,wr1210,2012-06-29 14:05:57.000,4102.0000,6,0,0.0000,0.0000,0,0,多换,B,4045.0000,0.0000,0.0000,0.0000,0.0000,4172.0000,0.0000,0.0000,0.0000,0.0000,1,0,0,0,0,2,0,0,0,0
sc,wr1210,2012-06-29 14:05:58.000,4102.0000,6,0,0.0000,0.0000,0,0,多换,B,4045.0000,0.0000,0.0000,0.0000,0.0000,4172.0000,0.0000,0.0000,0.0000,0.0000,1,0,0,0,0,6,0,0,0,0
sc,wr1210,2012-06-29 14:05:59.000,4102.0000,6,0,0.0000,0.0000,0,0,多换,B,4045.0000,0.0000,0.0000,0.0000,0.0000,4167.0000,0.0000,0.0000,0.0000,0.0000,1,0,0,0,0,7,0,0,0,0
sc,wr1210,2012-06-29 14:06:00.500,4102.0000,6,0,0.0000,0.0000,0,0,多换,B,4045.0000,0.0000,0.0000,0.0000,0.0000,4165.0000,0.0000,0.0000,0.0000,0.0000,1,0,0,0,0,2,0,0,0,0
sc,wr1210,2012-06-29 14:06:01.500,4102.0000,6,0,0.0000,0.0000,0,0,多换,B,4045.0000,0.0000,0.0000,0.0000,0.0000,4165.0000,0.0000,0.0000,0.0000,0.0000,1,0,0,0,0,2,0,0,0,0
sc,wr1210,2012-06-29 14:06:02.000,4102.0000,6,0,0.0000,0.0000,0,0,多换,B,4045.0000,0.0000,0.0000,0.0000,0.0000,4165.0000,0.0000,0.0000,0.0000,0.0000,1,0,0,0,0,6,0,0,0,0
sc,wr1210,2012-06-29 14:06:03.000,4102.0000,6,0,0.0000,0.0000,0,0,多换,B,4045.0000,0.0000,0.0000,0.0000,0.0000,4160.0000,0.0000,0.0000,0.0000,0.0000,1,0,0,0,0,4,0,0,0,0
sc,wr1210,2012-06-29 14:06:04.000,4102.0000,6,0,0.0000,0.0000,0,0,多换,B,4045.0000,0.0000,0.0000,0.0000,0.0000,4158.0000,0.0000,0.0000,0.0000,0.0000,1,0,0,0,0,2,0,0,0,0
sc,wr1210,2012-06-29 14:06:07.000,4102.0000,6,0,0.0000,0.0000,0,0,多换,B,4045.0000,0.0000,0.0000,0.0000,0.0000,4158.0000,0.0000,0.0000,0.0000,0.0000,1,0,0,0,0,2,0,0,0,0
sc,wr1210,2012-06-29 14:06:07.500,4102.0000,6,0,0.0000,0.0000,0,0,多换,B,4045.0000,0.0000,0.0000,0.0000,0.0000,4158.0000,0.0000,0.0000,0.0000,0.0000,1,0,0,0,0,6,0,0,0,0
sc,wr1210,2012-06-29 14:06:08.500,4102.0000,6,0,0.0000,0.0000,0,0,多换,B,4045.0000,0.0000,0.0000,0.0000,0.0000,4158.0000,0.0000,0.0000,0.0000,0.0000,1,0,0,0,0,6,0,0,0,0
sc,wr1210,2012-06-29 14:06:09.500,4102.0000,6,0,0.0000,0.0000,0,0,多换,B,4045.0000,0.0000,0.0000,0.0000,0.0000,4153.0000,0.0000,0.0000,0.0000,0.0000,1,0,0,0,0,4,0,0,0,0
sc,wr1210,2012-06-29 14:06:10.500,4102.0000,6,0,0.0000,0.0000,0,0,多换,B,4045.0000,0.0000,0.0000,0.0000,0.0000,4151.0000,0.0000,0.0000,0.0000,0.0000,1,0,0,0,0,2,0,0,0,0
sc,wr1210,2012-06-29 14:06:13.000,4102.0000,6,0,0.0000,0.0000,0,0,多换,B,4045.0000,0.0000,0.0000,0.0000,0.0000,4151.0000,0.0000,0.0000,0.0000,0.0000,1,0,0,0,0,2,0,0,0,0
sc,wr1210,2012-06-29 14:06:15.500,4102.0000,6,0,0.0000,0.0000,0,0,多换,B,4045.0000,0.0000,0.0000,0.0000,0.0000,4151.0000,0.0000,0.0000,0.0000,0.0000,1,0,0,0,0,2,0,0,0,0
sc,wr1210,2012-06-29 14:06:16.500,4102.0000,6,0,0.0000,0.0000,0,0,多换,B,4045.0000,0.0000,0.0000,0.0000,0.0000,4148.0000,0.0000,0.0000,0.0000,0.0000,1,0,0,0,0,4,0,0,0,0
sc,wr1210,2012-06-29 14:06:18.000,4102.0000,6,0,0.0000,0.0000,0,0,多换,B,4045.0000,0.0000,0.0000,0.0000,0.0000,4146.0000,0.0000,0.0000,0.0000,0.0000,1,0,0,0,0,2,0,0,0,0
sc,wr1210,2012-06-29 14:06:23.000,4102.0000,6,0,0.0000,0.0000,0,0,多换,B,4045.0000,0.0000,0.0000,0.0000,0.0000,4146.0000,0.0000,0.0000,0.0000,0.0000,1,0,0,0,0,2,0,0,0,0
sc,wr1210,2012-06-29 14:06:23.500,4102.0000,6,0,0.0000,0.0000,0,0,多换,B,4045.0000,0.0000,0.0000,0.0000,0.0000,4143.0000,0.0000,0.0000,0.0000,0.0000,1,0,0,0,0,4,0,0,0,0
sc,wr1210,2012-06-29 14:06:25.000,4102.0000,6,0,0.0000,0.0000,0,0,多换,B,4045.0000,0.0000,0.0000,0.0000,0.0000,4141.0000,0.0000,0.0000,0.0000,0.0000,1,0,0,0,0,2,0,0,0,0
sc,wr1210,2012-06-29 14:06:30.500,4102.0000,6,0,0.0000,0.0000,0,0,多换,B,4045.0000,0.0000,0.0000,0.0000,0.0000,4141.0000,0.0000,0.0000,0.0000,0.0000,1,0,0,0,0,2,0,0,0,0
sc,wr1210,2012-06-29 14:06:31.500,4102.0000,6,0,0.0000,0.0000,0,0,多换,B,4045.0000,0.0000,0.0000,0.0000,0.0000,4138.0000,0.0000,0.0000,0.0000,0.0000,1,0,0,0,0,4,0,0,0,0
sc,wr1210,2012-06-29 14:06:39.000,4102.0000,6,0,0.0000,0.0000,0,0,多换,B,4045.0000,0.0000,0.0000,0.0000,0.0000,4134.0000,0.0000,0.0000,0.0000,0.0000,1,0,0,0,0,1,0,0,0,0
sc,wr1210,2012-06-29 14:06:40.000,4102.0000,6,0,0.0000,0.0000,0,0,多换,B,4045.0000,0.0000,0.0000,0.0000,0.0000,4134.0000,0.0000,0.0000,0.0000,0.0000,1,0,0,0,0,1,0,0,0,0
sc,wr1210,2012-06-29 14:06:40.500,4102.0000,6,0,0.0000,0.0000,0,0,多换,B,4045.0000,0.0000,0.0000,0.0000,0.0000,4133.0000,0.0000,0.0000,0.0000,0.0000,1,0,0,0,0,4,0,0,0,0
sc,wr1210,2012-06-29 14:06:58.000,4102.0000,6,0,0.0000,0.0000,0,0,多换,B,4045.0000,0.0000,0.0000,0.0000,0.0000,4133.0000,0.0000,0.0000,0.0000,0.0000,1,0,0,0,0,4,0,0,0,0
sc,wr1210,2012-06-29 14:06:58.500,4102.0000,6,0,0.0000,0.0000,0,0,多换,B,4045.0000,0.0000,0.0000,0.0000,0.0000,4132.0000,0.0000,0.0000,0.0000,0.0000,1,0,0,0,0,1,0,0,0,0
sc,wr1210,2012-06-29 14:07:00.000,4102.0000,6,0,0.0000,0.0000,0,0,多换,B,4045.0000,0.0000,0.0000,0.0000,0.0000,4132.0000,0.0000,0.0000,0.0000,0.0000,1,0,0,0,0,1,0,0,0,0
sc,wr1210,2012-06-29 14:12:10.000,4102.0000,6,0,0.0000,0.0000,0,0,多换,B,4045.0000,0.0000,0.0000,0.0000,0.0000,4131.0000,0.0000,0.0000,0.0000,0.0000,1,0,0,0,0,4,0,0,0,0
sc,wr1210,2012-06-29 14:15:57.500,4102.0000,6,0,0.0000,0.0000,0,0,多换,B,4045.0000,0.0000,0.0000,0.0000,0.0000,4131.0000,0.0000,0.0000,0.0000,0.0000,1,0,0,0,0,4,0,0,0,0
sc,wr1210,2012-06-29 14:15:58.000,4102.0000,6,0,0.0000,0.0000,0,0,多换,B,4045.0000,0.0000,0.0000,0.0000,0.0000,4130.0000,0.0000,0.0000,0.0000,0.0000,1,0,0,0,0,1,0,0,0,0
sc,wr1210,2012-06-29 14:15:59.500,4102.0000,6,0,0.0000,0.0000,0,0,多换,B,4045.0000,0.0000,0.0000,0.0000,0.0000,4130.0000,0.0000,0.0000,0.0000,0.0000,1,0,0,0,0,1,0,0,0,0
sc,wr1210,2012-06-29 14:18:46.500,4102.0000,6,0,0.0000,0.0000,0,0,多换,B,4045.0000,0.0000,0.0000,0.0000,0.0000,4129.0000,0.0000,0.0000,0.0000,0.0000,1,0,0,0,0,4,0,0,0,0
sc,wr1210,2012-06-29 14:24:25.000,4102.0000,6,0,0.0000,0.0000,0,0,多换,B,4045.0000,0.0000,0.0000,0.0000,0.0000,4129.0000,0.0000,0.0000,0.0000,0.0000,1,0,0,0,0,4,0,0,0,0
sc,wr1210,2012-06-29 14:24:26.000,4102.0000,6,0,0.0000,0.0000,0,0,多换,B,4045.0000,0.0000,0.0000,0.0000,0.0000,4128.0000,0.0000,0.0000,0.0000,0.0000,1,0,0,0,0,1,0,0,0,0
sc,wr1210,2012-06-29 14:24:28.000,4102.0000,6,0,0.0000,0.0000,0,0,多换,B,4045.0000,0.0000,0.0000,0.0000,0.0000,4128.0000,0.0000,0.0000,0.0000,0.0000,1,0,0,0,0,1,0,0,0,0
sc,wr1210,2012-06-29 14:30:01.500,4102.0000,6,0,0.0000,0.0000,0,0,多换,B,4046.0000,0.0000,0.0000,0.0000,0.0000,4128.0000,0.0000,0.0000,0.0000,0.0000,1,0,0,0,0,1,0,0,0,0
sc,wr1210,2012-06-29 14:30:15.500,4102.0000,6,0,0.0000,0.0000,0,0,多换,B,4050.0000,0.0000,0.0000,0.0000,0.0000,4128.0000,0.0000,0.0000,0.0000,0.0000,1,0,0,0,0,1,0,0,0,0
sc,wr1210,2012-06-29 14:30:30.000,4102.0000,6,0,0.0000,0.0000,0,0,多换,B,4050.0000,0.0000,0.0000,0.0000,0.0000,4127.0000,0.0000,0.0000,0.0000,0.0000,1,0,0,0,0,4,0,0,0,0
sc,wr1210,2012-06-29 14:30:39.000,4102.0000,6,0,0.0000,0.0000,0,0,多换,B,4050.0000,0.0000,0.0000,0.0000,0.0000,4127.0000,0.0000,0.0000,0.0000,0.0000,1,0,0,0,0,4,0,0,0,0
sc,wr1210,2012-06-29 14:30:40.000,4102.0000,6,0,0.0000,0.0000,0,0,多换,B,4050.0000,0.0000,0.0000,0.0000,0.0000,4126.0000,0.0000,0.0000,0.0000,0.0000,1,0,0,0,0,1,0,0,0,0
sc,wr1210,2012-06-29 14:30:41.500,4102.0000,6,0,0.0000,0.0000,0,0,多换,B,4050.0000,0.0000,0.0000,0.0000,0.0000,4126.0000,0.0000,0.0000,0.0000,0.0000,1,0,0,0,0,1,0,0,0,0
sc,wr1210,2012-06-29 14:34:23.000,4102.0000,6,0,0.0000,0.0000,0,0,多换,B,4050.0000,0.0000,0.0000,0.0000,0.0000,4126.0000,0.0000,0.0000,0.0000,0.0000,1,0,0,0,0,1,0,0,0,0
sc,wr1210,2012-06-29 14:52:56.000,4102.0000,6,0,0.0000,0.0000,0,0,多换,B,4050.0000,0.0000,0.0000,0.0000,0.0000,4125.0000,0.0000,0.0000,0.0000,0.0000,1,0,0,0,0,4,0,0,0,0
sc,wr1210,2012-06-29 14:59:21.500,4102.0000,6,0,0.0000,0.0000,0,0,多换,B,4050.0000,0.0000,0.0000,0.0000,0.0000,4126.0000,0.0000,0.0000,0.0000,0.0000,1,0,0,0,0,1,0,0,0,0
sc,wr1210,2012-06-29 14:59:55.500,4102.0000,6,0,0.0000,0.0000,0,0,多换,B,4050.0000,0.0000,0.0000,0.0000,0.0000,4126.0000,0.0000,0.0000,0.0000,0.0000,1,0,0,0,0,1,0,0,0,0
sc,wr1210,2012-06-29 15:00:00.500,4102.0000,6,0,0.0000,0.0000,0,0,多换,B,4050.0000,0.0000,0.0000,0.0000,0.0000,4126.0000,0.0000,0.0000,0.0000,0.0000,1,0,0,0,0,1,0,0,0,0
sc,wr1210,2012-06-29 15:23:42.500,4102.0000,6,0,0.0000,0.0000,0,0,多换,B,4050.0000,0.0000,0.0000,0.0000,0.0000,4126.0000,0.0000,0.0000,0.0000,0.0000,1,0,0,0,0,1,0,0,0,0
