市场代码,合约代码,时间,最新,持仓,增仓,成交额,成交量,开仓,平仓,成交类型,方向,买一价,买二价,买三价,买四价,买五价,卖一价,卖二价,卖三价,卖四价,卖五价,买一量,买二量,买三量,买四量,买五量,卖一量,卖二量,卖三量,卖四量,卖五量
sc,wr1305,2012-06-29 07:36:29.500,4128.0000,18,0,0.0000,0.0000,0,0,多换,B,0.0000,0.0000,0.0000,0.0000,0.0000,0.0000,0.0000,0.0000,0.0000,0.0000,0,0,0,0,0,0,0,0,0,0
sc,wr1305,2012-06-29 08:59:00.500,4128.0000,18,0,0.0000,0.0000,0,0,多换,B,4000.0000,0.0000,0.0000,0.0000,0.0000,0.0000,0.0000,0.0000,0.0000,0.0000,3,0,0,0,0,0,0,0,0,0
sc,wr1305,2012-06-29 09:00:01.000,4128.0000,18,0,0.0000,0.0000,0,0,多换,B,4000.0000,0.0000,0.0000,0.0000,0.0000,4332.0000,0.0000,0.0000,0.0000,0.0000,3,0,0,0,0,4,0,0,0,0
sc,wr1305,2012-06-29 09:00:01.500,4128.0000,18,0,0.0000,0.0000,0,0,多换,B,4000.0000,0.0000,0.0000,0.0000,0.0000,4332.0000,0.0000,0.0000,0.0000,0.0000,3,0,0,0,0,11,0,0,0,0
sc,wr1305,2012-06-29 09:00:02.000,4128.0000,18,0,0.0000,0.0000,0,0,多换,B,4005.0000,0.0000,0.0000,0.0000,0.0000,4332.0000,0.0000,0.0000,0.0000,0.0000,1,0,0,0,0,11,0,0,0,0
sc,wr1305,2012-06-29 09:00:03.000,4128.0000,18,0,0.0000,0.0000,0,0,多换,B,4005.0000,0.0000,0.0000,0.0000,0.0000,4330.0000,0.0000,0.0000,0.0000,0.0000,1,0,0,0,0,2,0,0,0,0
sc,wr1305,2012-06-29 09:00:06.500,4128.0000,18,0,0.0000,0.0000,0,0,多换,B,4005.0000,0.0000,0.0000,0.0000,0.0000,4330.0000,0.0000,0.0000,0.0000,0.0000,1,0,0,0,0,2,0,0,0,0
sc,wr1305,2012-06-29 09:00:07.000,4128.0000,18,0,0.0000,0.0000,0,0,多换,B,4005.0000,0.0000,0.0000,0.0000,0.0000,4330.0000,0.0000,0.0000,0.0000,0.0000,1,0,0,0,0,6,0,0,0,0
sc,wr1305,2012-06-29 09:00:12.000,4128.0000,18,0,0.0000,0.0000,0,0,多换,B,4005.0000,0.0000,0.0000,0.0000,0.0000,4330.0000,0.0000,0.0000,0.0000,0.0000,1,0,0,0,0,6,0,0,0,0
sc,wr1305,2012-06-29 09:00:18.500,4128.0000,18,0,0.0000,0.0000,0,0,多换,B,4005.0000,0.0000,0.0000,0.0000,0.0000,4310.0000,0.0000,0.0000,0.0000,0.0000,1,0,0,0,0,7,0,0,0,0
sc,wr1305,2012-06-29 09:00:19.500,4128.0000,18,0,0.0000,0.0000,0,0,多换,B,4005.0000,0.0000,0.0000,0.0000,0.0000,4308.0000,0.0000,0.0000,0.0000,0.0000,1,0,0,0,0,2,0,0,0,0
sc,wr1305,2012-06-29 09:00:20.500,4128.0000,18,0,0.0000,0.0000,0,0,多换,B,4005.0000,0.0000,0.0000,0.0000,0.0000,4308.0000,0.0000,0.0000,0.0000,0.0000,1,0,0,0,0,6,0,0,0,0
sc,wr1305,2012-06-29 09:00:21.500,4128.0000,18,0,0.0000,0.0000,0,0,多换,B,4005.0000,0.0000,0.0000,0.0000,0.0000,4308.0000,0.0000,0.0000,0.0000,0.0000,1,0,0,0,0,6,0,0,0,0
sc,wr1305,2012-06-29 09:00:22.500,4128.0000,18,0,0.0000,0.0000,0,0,多换,B,4025.0000,0.0000,0.0000,0.0000,0.0000,4308.0000,0.0000,0.0000,0.0000,0.0000,3,0,0,0,0,6,0,0,0,0
sc,wr1305,2012-06-29 09:00:23.500,4128.0000,18,0,0.0000,0.0000,0,0,多换,B,4025.0000,0.0000,0.0000,0.0000,0.0000,4308.0000,0.0000,0.0000,0.0000,0.0000,3,0,0,0,0,6,0,0,0,0
sc,wr1305,2012-06-29 09:00:24.000,4128.0000,18,0,0.0000,0.0000,0,0,多换,B,4030.0000,0.0000,0.0000,0.0000,0.0000,4308.0000,0.0000,0.0000,0.0000,0.0000,1,0,0,0,0,6,0,0,0,0
sc,wr1305,2012-06-29 09:00:31.000,4128.0000,18,0,0.0000,0.0000,0,0,多换,B,4030.0000,0.0000,0.0000,0.0000,0.0000,4288.0000,0.0000,0.0000,0.0000,0.0000,1,0,0,0,0,7,0,0,0,0
sc,wr1305,2012-06-29 09:00:32.500,4128.0000,18,0,0.0000,0.0000,0,0,多换,B,4030.0000,0.0000,0.0000,0.0000,0.0000,4288.0000,0.0000,0.0000,0.0000,0.0000,1,0,0,0,0,7,0,0,0,0
sc,wr1305,2012-06-29 09:00:33.000,4128.0000,18,0,0.0000,0.0000,0,0,多换,B,4030.0000,0.0000,0.0000,0.0000,0.0000,4286.0000,0.0000,0.0000,0.0000,0.0000,1,0,0,0,0,2,0,0,0,0
sc,wr1305,2012-06-29 09:00:39.000,4128.0000,18,0,0.0000,0.0000,0,0,多换,B,4030.0000,0.0000,0.0000,0.0000,0.0000,4286.0000,0.0000,0.0000,0.0000,0.0000,1,0,0,0,0,6,0,0,0,0
sc,wr1305,2012-06-29 09:00:44.000,4128.0000,18,0,0.0000,0.0000,0,0,多换,B,4030.0000,0.0000,0.0000,0.0000,0.0000,4266.0000,0.0000,0.0000,0.0000,0.0000,1,0,0,0,0,7,0,0,0,0
sc,wr1305,2012-06-29 09:00:45.000,4128.0000,18,0,0.0000,0.0000,0,0,多换,B,4030.0000,0.0000,0.0000,0.0000,0.0000,4264.0000,0.0000,0.0000,0.0000,0.0000,1,0,0,0,0,2,0,0,0,0
sc,wr1305,2012-06-29 09:00:50.000,4128.0000,18,0,0.0000,0.0000,0,0,多换,B,4030.0000,0.0000,0.0000,0.0000,0.0000,4264.0000,0.0000,0.0000,0.0000,0.0000,1,0,0,0,0,2,0,0,0,0
sc,wr1305,2012-06-29 09:00:50.500,4128.0000,18,0,0.0000,0.0000,0,0,多换,B,4030.0000,0.0000,0.0000,0.0000,0.0000,4264.0000,0.0000,0.0000,0.0000,0.0000,1,0,0,0,0,2,0,0,0,0
sc,wr1305,2012-06-29 09:00:51.000,4128.0000,18,0,0.0000,0.0000,0,0,多换,B,4030.0000,0.0000,0.0000,0.0000,0.0000,4264.0000,0.0000,0.0000,0.0000,0.0000,1,0,0,0,0,6,0,0,0,0
sc,wr1305,2012-06-29 09:00:54.000,4128.0000,18,0,0.0000,0.0000,0,0,多换,B,4031.0000,0.0000,0.0000,0.0000,0.0000,4264.0000,0.0000,0.0000,0.0000,0.0000,1,0,0,0,0,6,0,0,0,0
sc,wr1305,2012-06-29 09:00:55.000,4128.0000,18,0,0.0000,0.0000,0,0,多换,B,4031.0000,0.0000,0.0000,0.0000,0.0000,4264.0000,0.0000,0.0000,0.0000,0.0000,1,0,0,0,0,6,0,0,0,0
sc,wr1305,2012-06-29 09:00:55.500,4128.0000,18,0,0.0000,0.0000,0,0,多换,B,4036.0000,0.0000,0.0000,0.0000,0.0000,4264.0000,0.0000,0.0000,0.0000,0.0000,1,0,0,0,0,6,0,0,0,0
sc,wr1305,2012-06-29 09:00:58.500,4128.0000,18,0,0.0000,0.0000,0,0,多换,B,4036.0000,0.0000,0.0000,0.0000,0.0000,4244.0000,0.0000,0.0000,0.0000,0.0000,1,0,0,0,0,7,0,0,0,0
sc,wr1305,2012-06-29 09:00:59.500,4128.0000,18,0,0.0000,0.0000,0,0,多换,B,4036.0000,0.0000,0.0000,0.0000,0.0000,4242.0000,0.0000,0.0000,0.0000,0.0000,1,0,0,0,0,2,0,0,0,0
sc,wr1305,2012-06-29 09:01:00.000,4128.0000,18,0,0.0000,0.0000,0,0,多换,B,4036.0000,0.0000,0.0000,0.0000,0.0000,4242.0000,0.0000,0.0000,0.0000,0.0000,1,0,0,0,0,2,0,0,0,0
sc,wr1305,2012-06-29 09:01:01.000,4128.0000,18,0,0.0000,0.0000,0,0,多换,B,4036.0000,0.0000,0.0000,0.0000,0.0000,4242.0000,0.0000,0.0000,0.0000,0.0000,1,0,0,0,0,6,0,0,0,0
sc,wr1305,2012-06-29 09:01:10.000,4128.0000,18,0,0.0000,0.0000,0,0,多换,B,4036.0000,0.0000,0.0000,0.0000,0.0000,4222.0000,0.0000,0.0000,0.0000,0.0000,1,0,0,0,0,6,0,0,0,0
sc,wr1305,2012-06-29 09:01:10.500,4128.0000,18,0,0.0000,0.0000,0,0,多换,B,4036.0000,0.0000,0.0000,0.0000,0.0000,4222.0000,0.0000,0.0000,0.0000,0.0000,1,0,0,0,0,6,0,0,0,0
sc,wr1305,2012-06-29 09:01:11.000,4128.0000,18,0,0.0000,0.0000,0,0,多换,B,4036.0000,0.0000,0.0000,0.0000,0.0000,4220.0000,0.0000,0.0000,0.0000,0.0000,1,0,0,0,0,2,0,0,0,0
sc,wr1305,2012-06-29 09:01:11.500,4128.0000,18,0,0.0000,0.0000,0,0,多换,B,4036.0000,0.0000,0.0000,0.0000,0.0000,4220.0000,0.0000,0.0000,0.0000,0.0000,1,0,0,0,0,2,0,0,0,0
sc,wr1305,2012-06-29 09:01:17.000,4128.0000,18,0,0.0000,0.0000,0,0,多换,B,4036.0000,0.0000,0.0000,0.0000,0.0000,4220.0000,0.0000,0.0000,0.0000,0.0000,1,0,0,0,0,2,0,0,0,0
sc,wr1305,2012-06-29 09:01:17.500,4128.0000,18,0,0.0000,0.0000,0,0,多换,B,4036.0000,0.0000,0.0000,0.0000,0.0000,4220.0000,0.0000,0.0000,0.0000,0.0000,1,0,0,0,0,6,0,0,0,0
sc,wr1305,2012-06-29 09:01:19.000,4128.0000,18,0,0.0000,0.0000,0,0,多换,B,4036.0000,0.0000,0.0000,0.0000,0.0000,4220.0000,0.0000,0.0000,0.0000,0.0000,1,0,0,0,0,6,0,0,0,0
sc,wr1305,2012-06-29 09:01:19.500,4128.0000,18,0,0.0000,0.0000,0,0,多换,B,4050.0000,0.0000,0.0000,0.0000,0.0000,4220.0000,0.0000,0.0000,0.0000,0.0000,3,0,0,0,0,6,0,0,0,0
sc,wr1305,2012-06-29 09:01:20.500,4128.0000,18,0,0.0000,0.0000,0,0,多换,B,4050.0000,0.0000,0.0000,0.0000,0.0000,4220.0000,0.0000,0.0000,0.0000,0.0000,3,0,0,0,0,6,0,0,0,0
sc,wr1305,2012-06-29 09:01:21.000,4128.0000,18,0,0.0000,0.0000,0,0,多换,B,4055.0000,0.0000,0.0000,0.0000,0.0000,4220.0000,0.0000,0.0000,0.0000,0.0000,1,0,0,0,0,6,0,0,0,0
sc,wr1305,2012-06-29 09:01:41.000,4128.0000,18,0,0.0000,0.0000,0,0,多换,B,4055.0000,0.0000,0.0000,0.0000,0.0000,4220.0000,0.0000,0.0000,0.0000,0.0000,1,0,0,0,0,6,0,0,0,0
sc,wr1305,2012-06-29 09:01:43.500,4128.0000,18,0,0.0000,0.0000,0,0,多换,B,4055.0000,0.0000,0.0000,0.0000,0.0000,4220.0000,0.0000,0.0000,0.0000,0.0000,1,0,0,0,0,6,0,0,0,0
sc,wr1305,2012-06-29 09:01:44.000,4128.0000,18,0,0.0000,0.0000,0,0,多换,B,4056.0000,0.0000,0.0000,0.0000,0.0000,4220.0000,0.0000,0.0000,0.0000,0.0000,3,0,0,0,0,6,0,0,0,0
sc,wr1305,2012-06-29 09:01:45.000,4128.0000,18,0,0.0000,0.0000,0,0,多换,B,4056.0000,0.0000,0.0000,0.0000,0.0000,4200.0000,0.0000,0.0000,0.0000,0.0000,3,0,0,0,0,1,0,0,0,0
sc,wr1305,2012-06-29 09:01:45.500,4128.0000,18,0,0.0000,0.0000,0,0,多换,B,4061.0000,0.0000,0.0000,0.0000,0.0000,4200.0000,0.0000,0.0000,0.0000,0.0000,1,0,0,0,0,1,0,0,0,0
sc,wr1305,2012-06-29 09:01:46.000,4128.0000,18,0,0.0000,0.0000,0,0,多换,B,4061.0000,0.0000,0.0000,0.0000,0.0000,4198.0000,0.0000,0.0000,0.0000,0.0000,1,0,0,0,0,2,0,0,0,0
sc,wr1305,2012-06-29 09:01:51.500,4128.0000,18,0,0.0000,0.0000,0,0,多换,B,4061.0000,0.0000,0.0000,0.0000,0.0000,4198.0000,0.0000,0.0000,0.0000,0.0000,1,0,0,0,0,2,0,0,0,0
sc,wr1305,2012-06-29 09:01:53.000,4128.0000,18,0,0.0000,0.0000,0,0,多换,B,4061.0000,0.0000,0.0000,0.0000,0.0000,4198.0000,0.0000,0.0000,0.0000,0.0000,1,0,0,0,0,6,0,0,0,0
sc,wr1305,2012-06-29 09:01:54.000,4128.0000,18,0,0.0000,0.0000,0,0,多换,B,4061.0000,0.0000,0.0000,0.0000,0.0000,4178.0000,0.0000,0.0000,0.0000,0.0000,1,0,0,0,0,4,0,0,0,0
sc,wr1305,2012-06-29 09:01:55.000,4128.0000,18,0,0.0000,0.0000,0,0,多换,B,4061.0000,0.0000,0.0000,0.0000,0.0000,4176.0000,0.0000,0.0000,0.0000,0.0000,1,0,0,0,0,2,0,0,0,0
sc,wr1305,2012-06-29 09:01:58.500,4128.0000,18,0,0.0000,0.0000,0,0,多换,B,4061.0000,0.0000,0.0000,0.0000,0.0000,4176.0000,0.0000,0.0000,0.0000,0.0000,1,0,0,0,0,2,0,0,0,0
sc,wr1305,2012-06-29 09:02:06.500,4128.0000,18,0,0.0000,0.0000,0,0,多换,B,4061.0000,0.0000,0.0000,0.0000,0.0000,4166.0000,0.0000,0.0000,0.0000,0.0000,1,0,0,0,0,4,0,0,0,0
sc,wr1305,2012-06-29 09:02:07.500,4128.0000,18,0,0.0000,0.0000,0,0,多换,B,4061.0000,0.0000,0.0000,0.0000,0.0000,4164.0000,0.0000,0.0000,0.0000,0.0000,1,0,0,0,0,2,0,0,0,0
sc,wr1305,2012-06-29 09:02:33.000,4128.0000,18,0,0.0000,0.0000,0,0,多换,B,4061.0000,0.0000,0.0000,0.0000,0.0000,4164.0000,0.0000,0.0000,0.0000,0.0000,1,0,0,0,0,2,0,0,0,0
sc,wr1305,2012-06-29 09:02:33.500,4128.0000,18,0,0.0000,0.0000,0,0,多换,B,4065.0000,0.0000,0.0000,0.0000,0.0000,4164.0000,0.0000,0.0000,0.0000,0.0000,3,0,0,0,0,2,0,0,0,0
sc,wr1305,2012-06-29 09:02:34.500,4128.0000,18,0,0.0000,0.0000,0,0,多换,B,4065.0000,0.0000,0.0000,0.0000,0.0000,4164.0000,0.0000,0.0000,0.0000,0.0000,3,0,0,0,0,2,0,0,0,0
sc,wr1305,2012-06-29 09:02:35.000,4128.0000,18,0,0.0000,0.0000,0,0,多换,B,4070.0000,0.0000,0.0000,0.0000,0.0000,4164.0000,0.0000,0.0000,0.0000,0.0000,1,0,0,0,0,2,0,0,0,0
sc,wr1305,2012-06-29 09:02:45.000,4128.0000,18,0,0.0000,0.0000,0,0,多换,B,4070.0000,0.0000,0.0000,0.0000,0.0000,4164.0000,0.0000,0.0000,0.0000,0.0000,1,0,0,0,0,2,0,0,0,0
sc,wr1305,2012-06-29 09:02:48.000,4128.0000,18,0,0.0000,0.0000,0,0,多换,B,4070.0000,0.0000,0.0000,0.0000,0.0000,4164.0000,0.0000,0.0000,0.0000,0.0000,1,0,0,0,0,2,0,0,0,0
sc,wr1305,2012-06-29 09:02:48.500,4128.0000,18,0,0.0000,0.0000,0,0,多换,B,4071.0000,0.0000,0.0000,0.0000,0.0000,4164.0000,0.0000,0.0000,0.0000,0.0000,1,0,0,0,0,2,0,0,0,0
sc,wr1305,2012-06-29 09:02:49.500,4128.0000,18,0,0.0000,0.0000,0,0,多换,B,4071.0000,0.0000,0.0000,0.0000,0.0000,4164.0000,0.0000,0.0000,0.0000,0.0000,1,0,0,0,0,2,0,0,0,0
sc,wr1305,2012-06-29 09:02:50.000,4128.0000,18,0,0.0000,0.0000,0,0,多换,B,4076.0000,0.0000,0.0000,0.0000,0.0000,4164.0000,0.0000,0.0000,0.0000,0.0000,1,0,0,0,0,2,0,0,0,0
sc,wr1305,2012-06-29 09:02:51.000,4128.0000,18,0,0.0000,0.0000,0,0,多换,B,4076.0000,0.0000,0.0000,0.0000,0.0000,4164.0000,0.0000,0.0000,0.0000,0.0000,1,0,0,0,0,2,0,0,0,0
sc,wr1305,2012-06-29 09:02:51.500,4128.0000,18,0,0.0000,0.0000,0,0,多换,B,4077.0000,0.0000,0.0000,0.0000,0.0000,4164.0000,0.0000,0.0000,0.0000,0.0000,1,0,0,0,0,2,0,0,0,0
sc,wr1305,2012-06-29 09:02:52.000,4128.0000,18,0,0.0000,0.0000,0,0,多换,B,4077.0000,0.0000,0.0000,0.0000,0.0000,4164.0000,0.0000,0.0000,0.0000,0.0000,1,0,0,0,0,2,0,0,0,0
sc,wr1305,2012-06-29 09:02:52.500,4128.0000,18,0,0.0000,0.0000,0,0,多换,B,4077.0000,0.0000,0.0000,0.0000,0.0000,4164.0000,0.0000,0.0000,0.0000,0.0000,1,0,0,0,0,2,0,0,0,0
sc,wr1305,2012-06-29 09:02:53.000,4128.0000,18,0,0.0000,0.0000,0,0,多换,B,4082.0000,0.0000,0.0000,0.0000,0.0000,4164.0000,0.0000,0.0000,0.0000,0.0000,1,0,0,0,0,2,0,0,0,0
sc,wr1305,2012-06-29 09:02:54.000,4128.0000,18,0,0.0000,0.0000,0,0,多换,B,4082.0000,0.0000,0.0000,0.0000,0.0000,4164.0000,0.0000,0.0000,0.0000,0.0000,1,0,0,0,0,2,0,0,0,0
sc,wr1305,2012-06-29 09:02:59.500,4128.0000,18,0,0.0000,0.0000,0,0,多换,B,4082.0000,0.0000,0.0000,0.0000,0.0000,4164.0000,0.0000,0.0000,0.0000,0.0000,1,0,0,0,0,2,0,0,0,0
sc,wr1305,2012-06-29 09:03:01.500,4128.0000,18,0,0.0000,0.0000,0,0,多换,B,4082.0000,0.0000,0.0000,0.0000,0.0000,4164.0000,0.0000,0.0000,0.0000,0.0000,1,0,0,0,0,2,0,0,0,0
sc,wr1305,2012-06-29 09:03:20.500,4128.0000,18,0,0.0000,0.0000,0,0,多换,B,4082.0000,0.0000,0.0000,0.0000,0.0000,4154.0000,0.0000,0.0000,0.0000,0.0000,1,0,0,0,0,4,0,0,0,0
sc,wr1305,2012-06-29 09:04:18.000,4128.0000,18,0,0.0000,0.0000,0,0,多换,B,4082.0000,0.0000,0.0000,0.0000,0.0000,4154.0000,0.0000,0.0000,0.0000,0.0000,1,0,0,0,0,4,0,0,0,0
sc,wr1305,2012-06-29 09:04:18.500,4128.0000,18,0,0.0000,0.0000,0,0,多换,B,4083.0000,0.0000,0.0000,0.0000,0.0000,4154.0000,0.0000,0.0000,0.0000,0.0000,1,0,0,0,0,4,0,0,0,0
sc,wr1305,2012-06-29 09:04:19.500,4128.0000,18,0,0.0000,0.0000,0,0,多换,B,4083.0000,0.0000,0.0000,0.0000,0.0000,4154.0000,0.0000,0.0000,0.0000,0.0000,1,0,0,0,0,4,0,0,0,0
sc,wr1305,2012-06-29 09:04:21.000,4128.0000,18,0,0.0000,0.0000,0,0,多换,B,4088.0000,0.0000,0.0000,0.0000,0.0000,4154.0000,0.0000,0.0000,0.0000,0.0000,1,0,0,0,0,4,0,0,0,0
sc,wr1305,2012-06-29 09:04:39.000,4128.0000,18,0,0.0000,0.0000,0,0,多换,B,4089.0000,0.0000,0.0000,0.0000,0.0000,4154.0000,0.0000,0.0000,0.0000,0.0000,1,0,0,0,0,4,0,0,0,0
sc,wr1305,2012-06-29 09:04:40.000,4128.0000,18,0,0.0000,0.0000,0,0,多换,B,4089.0000,0.0000,0.0000,0.0000,0.0000,4154.0000,0.0000,0.0000,0.0000,0.0000,1,0,0,0,0,4,0,0,0,0
sc,wr1305,2012-06-29 09:05:35.500,4128.0000,18,0,0.0000,0.0000,0,0,多换,B,4089.0000,0.0000,0.0000,0.0000,0.0000,4133.0000,0.0000,0.0000,0.0000,0.0000,1,0,0,0,0,2,0,0,0,0
sc,wr1305,2012-06-29 09:05:37.500,4128.0000,18,0,0.0000,0.0000,0,0,多换,B,4089.0000,0.0000,0.0000,0.0000,0.0000,4133.0000,0.0000,0.0000,0.0000,0.0000,1,0,0,0,0,2,0,0,0,0
sc,wr1305,2012-06-29 09:06:06.500,4128.0000,18,0,0.0000,0.0000,0,0,多换,B,4089.0000,0.0000,0.0000,0.0000,0.0000,4133.0000,0.0000,0.0000,0.0000,0.0000,1,0,0,0,0,2,0,0,0,0
sc,wr1305,2012-06-29 09:06:07.000,4128.0000,18,0,0.0000,0.0000,0,0,多换,B,4089.0000,0.0000,0.0000,0.0000,0.0000,4133.0000,0.0000,0.0000,0.0000,0.0000,1,0,0,0,0,2,0,0,0,0
sc,wr1305,2012-06-29 09:06:18.000,4128.0000,18,0,0.0000,0.0000,0,0,多换,B,4090.0000,0.0000,0.0000,0.0000,0.0000,4133.0000,0.0000,0.0000,0.0000,0.0000,1,0,0,0,0,2,0,0,0,0
sc,wr1305,2012-06-29 09:07:00.000,4128.0000,18,0,0.0000,0.0000,0,0,多换,B,4091.0000,0.0000,0.0000,0.0000,0.0000,4133.0000,0.0000,0.0000,0.0000,0.0000,1,0,0,0,0,2,0,0,0,0
sc,wr1305,2012-06-29 09:07:17.000,4128.0000,18,0,0.0000,0.0000,0,0,多换,B,4091.0000,0.0000,0.0000,0.0000,0.0000,4133.0000,0.0000,0.0000,0.0000,0.0000,1,0,0,0,0,2,0,0,0,0
sc,wr1305,2012-06-29 09:07:17.500,4128.0000,18,0,0.0000,0.0000,0,0,多换,B,4095.0000,0.0000,0.0000,0.0000,0.0000,4133.0000,0.0000,0.0000,0.0000,0.0000,1,0,0,0,0,2,0,0,0,0
sc,wr1305,2012-06-29 09:07:50.500,4128.0000,18,0,0.0000,0.0000,0,0,多换,B,4095.0000,0.0000,0.0000,0.0000,0.0000,4132.0000,0.0000,0.0000,0.0000,0.0000,1,0,0,0,0,1,0,0,0,0
sc,wr1305,2012-06-29 09:07:59.000,4128.0000,18,0,0.0000,0.0000,0,0,多换,B,4096.0000,0.0000,0.0000,0.0000,0.0000,4132.0000,0.0000,0.0000,0.0000,0.0000,1,0,0,0,0,1,0,0,0,0
sc,wr1305,2012-06-29 09:10:02.000,4128.0000,18,0,0.0000,0.0000,0,0,多换,B,4096.0000,0.0000,0.0000,0.0000,0.0000,4132.0000,0.0000,0.0000,0.0000,0.0000,1,0,0,0,0,1,0,0,0,0
sc,wr1305,2012-06-29 09:10:02.500,4128.0000,18,0,0.0000,0.0000,0,0,多换,B,4100.0000,0.0000,0.0000,0.0000,0.0000,4132.0000,0.0000,0.0000,0.0000,0.0000,1,0,0,0,0,1,0,0,0,0
sc,wr1305,2012-06-29 09:10:27.500,4128.0000,18,0,0.0000,0.0000,0,0,多换,B,4101.0000,0.0000,0.0000,0.0000,0.0000,4132.0000,0.0000,0.0000,0.0000,0.0000,1,0,0,0,0,1,0,0,0,0
sc,wr1305,2012-06-29 09:12:04.000,4128.0000,18,0,0.0000,0.0000,0,0,多换,B,4101.0000,0.0000,0.0000,0.0000,0.0000,4132.0000,0.0000,0.0000,0.0000,0.0000,1,0,0,0,0,2,0,0,0,0
sc,wr1305,2012-06-29 09:19:52.000,4128.0000,18,0,0.0000,0.0000,0,0,多换,B,4101.0000,0.0000,0.0000,0.0000,0.0000,4128.0000,0.0000,0.0000,0.0000,0.0000,1,0,0,0,0,8,0,0,0,0
sc,wr1305,2012-06-29 09:20:18.000,4128.0000,18,0,0.0000,0.0000,0,0,多换,B,4101.0000,0.0000,0.0000,0.0000,0.0000,4128.0000,0.0000,0.0000,0.0000,0.0000,1,0,0,0,0,8,0,0,0,0
sc,wr1305,2012-06-29 09:20:18.500,4128.0000,18,0,0.0000,0.0000,0,0,多换,B,4101.0000,0.0000,0.0000,0.0000,0.0000,4128.0000,0.0000,0.0000,0.0000,0.0000,1,0,0,0,0,8,0,0,0,0
sc,wr1305,2012-06-29 09:20:39.000,4128.0000,18,0,0.0000,0.0000,0,0,多换,B,4101.0000,0.0000,0.0000,0.0000,0.0000,4132.0000,0.0000,0.0000,0.0000,0.0000,1,0,0,0,0,2,0,0,0,0
sc,wr1305,2012-06-29 09:37:04.000,4128.0000,18,0,0.0000,0.0000,0,0,多换,B,4101.0000,0.0000,0.0000,0.0000,0.0000,4132.0000,0.0000,0.0000,0.0000,0.0000,1,0,0,0,0,2,0,0,0,0
sc,wr1305,2012-06-29 09:37:04.500,4128.0000,18,0,0.0000,0.0000,0,0,多换,B,4101.0000,0.0000,0.0000,0.0000,0.0000,4132.0000,0.0000,0.0000,0.0000,0.0000,1,0,0,0,0,2,0,0,0,0
sc,wr1305,2012-06-29 09:46:54.000,4128.0000,18,0,0.0000,0.0000,0,0,多换,B,4050.0000,0.0000,0.0000,0.0000,0.0000,4132.0000,0.0000,0.0000,0.0000,0.0000,1,0,0,0,0,2,0,0,0,0
sc,wr1305,2012-06-29 09:46:55.500,4128.0000,18,0,0.0000,0.0000,0,0,多换,B,4055.0000,0.0000,0.0000,0.0000,0.0000,4132.0000,0.0000,0.0000,0.0000,0.0000,1,0,0,0,0,2,0,0,0,0
sc,wr1305,2012-06-29 09:47:49.000,4128.0000,18,0,0.0000,0.0000,0,0,多换,B,4055.0000,0.0000,0.0000,0.0000,0.0000,4132.0000,0.0000,0.0000,0.0000,0.0000,1,0,0,0,0,2,0,0,0,0
sc,wr1305,2012-06-29 09:47:52.000,4128.0000,18,0,0.0000,0.0000,0,0,多换,B,4056.0000,0.0000,0.0000,0.0000,0.0000,4132.0000,0.0000,0.0000,0.0000,0.0000,1,0,0,0,0,2,0,0,0,0
sc,wr1305,2012-06-29 09:47:56.500,4128.0000,18,0,0.0000,0.0000,0,0,多换,B,4056.0000,0.0000,0.0000,0.0000,0.0000,4132.0000,0.0000,0.0000,0.0000,0.0000,1,0,0,0,0,2,0,0,0,0
sc,wr1305,2012-06-29 09:48:00.500,4128.0000,18,0,0.0000,0.0000,0,0,多换,B,4061.0000,0.0000,0.0000,0.0000,0.0000,4132.0000,0.0000,0.0000,0.0000,0.0000,1,0,0,0,0,2,0,0,0,0
sc,wr1305,2012-06-29 09:48:05.000,4128.0000,18,0,0.0000,0.0000,0,0,多换,B,4062.0000,0.0000,0.0000,0.0000,0.0000,4132.0000,0.0000,0.0000,0.0000,0.0000,1,0,0,0,0,2,0,0,0,0
sc,wr1305,2012-06-29 09:48:06.000,4128.0000,18,0,0.0000,0.0000,0,0,多换,B,4062.0000,0.0000,0.0000,0.0000,0.0000,4132.0000,0.0000,0.0000,0.0000,0.0000,1,0,0,0,0,2,0,0,0,0
sc,wr1305,2012-06-29 09:48:07.000,4128.0000,18,0,0.0000,0.0000,0,0,多换,B,4067.0000,0.0000,0.0000,0.0000,0.0000,4132.0000,0.0000,0.0000,0.0000,0.0000,1,0,0,0,0,2,0,0,0,0
sc,wr1305,2012-06-29 09:48:24.500,4128.0000,18,0,0.0000,0.0000,0,0,多换,B,4067.0000,0.0000,0.0000,0.0000,0.0000,4132.0000,0.0000,0.0000,0.0000,0.0000,1,0,0,0,0,2,0,0,0,0
sc,wr1305,2012-06-29 09:48:25.500,4128.0000,18,0,0.0000,0.0000,0,0,多换,B,4068.0000,0.0000,0.0000,0.0000,0.0000,4132.0000,0.0000,0.0000,0.0000,0.0000,1,0,0,0,0,2,0,0,0,0
sc,wr1305,2012-06-29 09:48:29.500,4128.0000,18,0,0.0000,0.0000,0,0,多换,B,4068.0000,0.0000,0.0000,0.0000,0.0000,4132.0000,0.0000,0.0000,0.0000,0.0000,1,0,0,0,0,2,0,0,0,0
sc,wr1305,2012-06-29 09:48:31.500,4128.0000,18,0,0.0000,0.0000,0,0,多换,B,4073.0000,0.0000,0.0000,0.0000,0.0000,4132.0000,0.0000,0.0000,0.0000,0.0000,1,0,0,0,0,2,0,0,0,0
sc,wr1305,2012-06-29 09:49:09.000,4128.0000,18,0,0.0000,0.0000,0,0,多换,B,4073.0000,0.0000,0.0000,0.0000,0.0000,4132.0000,0.0000,0.0000,0.0000,0.0000,1,0,0,0,0,2,0,0,0,0
sc,wr1305,2012-06-29 09:49:14.000,4128.0000,18,0,0.0000,0.0000,0,0,多换,B,4074.0000,0.0000,0.0000,0.0000,0.0000,4132.0000,0.0000,0.0000,0.0000,0.0000,1,0,0,0,0,2,0,0,0,0
sc,wr1305,2012-06-29 09:49:19.500,4128.0000,18,0,0.0000,0.0000,0,0,多换,B,4074.0000,0.0000,0.0000,0.0000,0.0000,4132.0000,0.0000,0.0000,0.0000,0.0000,1,0,0,0,0,2,0,0,0,0
sc,wr1305,2012-06-29 09:49:21.500,4128.0000,18,0,0.0000,0.0000,0,0,多换,B,4079.0000,0.0000,0.0000,0.0000,0.0000,4132.0000,0.0000,0.0000,0.0000,0.0000,1,0,0,0,0,2,0,0,0,0
sc,wr1305,2012-06-29 09:49:39.000,4128.0000,18,0,0.0000,0.0000,0,0,多换,B,4080.0000,0.0000,0.0000,0.0000,0.0000,4132.0000,0.0000,0.0000,0.0000,0.0000,1,0,0,0,0,2,0,0,0,0
sc,wr1305,2012-06-29 09:49:42.000,4128.0000,18,0,0.0000,0.0000,0,0,多换,B,4080.0000,0.0000,0.0000,0.0000,0.0000,4132.0000,0.0000,0.0000,0.0000,0.0000,1,0,0,0,0,2,0,0,0,0
sc,wr1305,2012-06-29 09:54:22.000,4128.0000,18,0,0.0000,0.0000,0,0,多换,B,4080.0000,0.0000,0.0000,0.0000,0.0000,4132.0000,0.0000,0.0000,0.0000,0.0000,2,0,0,0,0,2,0,0,0,0
sc,wr1305,2012-06-29 09:57:18.500,4128.0000,18,0,0.0000,0.0000,0,0,多换,B,4080.0000,0.0000,0.0000,0.0000,0.0000,4132.0000,0.0000,0.0000,0.0000,0.0000,2,0,0,0,0,2,0,0,0,0
sc,wr1305,2012-06-29 09:57:33.000,4128.0000,18,0,0.0000,0.0000,0,0,多换,B,4080.0000,0.0000,0.0000,0.0000,0.0000,4132.0000,0.0000,0.0000,0.0000,0.0000,2,0,0,0,0,2,0,0,0,0
sc,wr1305,2012-06-29 10:00:05.500,4128.0000,18,0,0.0000,0.0000,0,0,多换,B,4081.0000,0.0000,0.0000,0.0000,0.0000,4132.0000,0.0000,0.0000,0.0000,0.0000,1,0,0,0,0,2,0,0,0,0
sc,wr1305,2012-06-29 10:05:49.500,4128.0000,18,0,0.0000,0.0000,0,0,多换,B,4081.0000,0.0000,0.0000,0.0000,0.0000,4132.0000,0.0000,0.0000,0.0000,0.0000,1,0,0,0,0,2,0,0,0,0
sc,wr1305,2012-06-29 10:05:50.000,4128.0000,18,0,0.0000,0.0000,0,0,多换,B,4081.0000,0.0000,0.0000,0.0000,0.0000,4132.0000,0.0000,0.0000,0.0000,0.0000,1,0,0,0,0,2,0,0,0,0
sc,wr1305,2012-06-29 10:31:24.500,4128.0000,18,0,0.0000,0.0000,0,0,多换,B,4050.0000,0.0000,0.0000,0.0000,0.0000,4132.0000,0.0000,0.0000,0.0000,0.0000,1,0,0,0,0,2,0,0,0,0
sc,wr1305,2012-06-29 10:31:25.500,4128.0000,18,0,0.0000,0.0000,0,0,多换,B,4055.0000,0.0000,0.0000,0.0000,0.0000,4132.0000,0.0000,0.0000,0.0000,0.0000,1,0,0,0,0,2,0,0,0,0
sc,wr1305,2012-06-29 10:31:27.000,4128.0000,18,0,0.0000,0.0000,0,0,多换,B,4056.0000,0.0000,0.0000,0.0000,0.0000,4132.0000,0.0000,0.0000,0.0000,0.0000,1,0,0,0,0,2,0,0,0,0
sc,wr1305,2012-06-29 10:31:28.500,4128.0000,18,0,0.0000,0.0000,0,0,多换,B,4056.0000,0.0000,0.0000,0.0000,0.0000,4132.0000,0.0000,0.0000,0.0000,0.0000,1,0,0,0,0,2,0,0,0,0
sc,wr1305,2012-06-29 10:31:29.000,4128.0000,18,0,0.0000,0.0000,0,0,多换,B,4061.0000,0.0000,0.0000,0.0000,0.0000,4132.0000,0.0000,0.0000,0.0000,0.0000,1,0,0,0,0,2,0,0,0,0
sc,wr1305,2012-06-29 10:32:09.000,4128.0000,18,0,0.0000,0.0000,0,0,多换,B,4061.0000,0.0000,0.0000,0.0000,0.0000,4131.0000,0.0000,0.0000,0.0000,0.0000,1,0,0,0,0,4,0,0,0,0
sc,wr1305,2012-06-29 10:33:07.000,4128.0000,18,0,0.0000,0.0000,0,0,多换,B,4061.0000,0.0000,0.0000,0.0000,0.0000,4132.0000,0.0000,0.0000,0.0000,0.0000,1,0,0,0,0,2,0,0,0,0
sc,wr1305,2012-06-29 10:35:05.500,4128.0000,18,0,0.0000,0.0000,0,0,多换,B,4061.0000,0.0000,0.0000,0.0000,0.0000,4131.0000,0.0000,0.0000,0.0000,0.0000,1,0,0,0,0,4,0,0,0,0
sc,wr1305,2012-06-29 10:36:05.000,4128.0000,18,0,0.0000,0.0000,0,0,多换,B,4062.0000,0.0000,0.0000,0.0000,0.0000,4131.0000,0.0000,0.0000,0.0000,0.0000,1,0,0,0,0,4,0,0,0,0
sc,wr1305,2012-06-29 10:36:07.000,4128.0000,18,0,0.0000,0.0000,0,0,多换,B,4062.0000,0.0000,0.0000,0.0000,0.0000,4131.0000,0.0000,0.0000,0.0000,0.0000,1,0,0,0,0,4,0,0,0,0
sc,wr1305,2012-06-29 10:36:07.500,4128.0000,18,0,0.0000,0.0000,0,0,多换,B,4067.0000,0.0000,0.0000,0.0000,0.0000,4131.0000,0.0000,0.0000,0.0000,0.0000,1,0,0,0,0,4,0,0,0,0
sc,wr1305,2012-06-29 10:36:13.500,4128.0000,18,0,0.0000,0.0000,0,0,多换,B,4068.0000,0.0000,0.0000,0.0000,0.0000,4131.0000,0.0000,0.0000,0.0000,0.0000,1,0,0,0,0,4,0,0,0,0
sc,wr1305,2012-06-29 10:36:14.500,4128.0000,18,0,0.0000,0.0000,0,0,多换,B,4068.0000,0.0000,0.0000,0.0000,0.0000,4131.0000,0.0000,0.0000,0.0000,0.0000,1,0,0,0,0,4,0,0,0,0
sc,wr1305,2012-06-29 10:36:19.500,4128.0000,18,0,0.0000,0.0000,0,0,多换,B,4068.0000,0.0000,0.0000,0.0000,0.0000,4131.0000,0.0000,0.0000,0.0000,0.0000,1,0,0,0,0,4,0,0,0,0
sc,wr1305,2012-06-29 10:36:20.500,4128.0000,18,0,0.0000,0.0000,0,0,多换,B,4068.0000,0.0000,0.0000,0.0000,0.0000,4130.0000,0.0000,0.0000,0.0000,0.0000,1,0,0,0,0,1,0,0,0,0
sc,wr1305,2012-06-29 10:36:21.000,4128.0000,18,0,0.0000,0.0000,0,0,多换,B,4068.0000,0.0000,0.0000,0.0000,0.0000,4130.0000,0.0000,0.0000,0.0000,0.0000,1,0,0,0,0,1,0,0,0,0
sc,wr1305,2012-06-29 10:36:26.500,4128.0000,18,0,0.0000,0.0000,0,0,多换,B,4068.0000,0.0000,0.0000,0.0000,0.0000,4129.0000,0.0000,0.0000,0.0000,0.0000,1,0,0,0,0,4,0,0,0,0
sc,wr1305,2012-06-29 10:36:34.500,4128.0000,18,0,0.0000,0.0000,0,0,多换,B,4068.0000,0.0000,0.0000,0.0000,0.0000,4129.0000,0.0000,0.0000,0.0000,0.0000,1,0,0,0,0,4,0,0,0,0
sc,wr1305,2012-06-29 10:36:35.500,4128.0000,18,0,0.0000,0.0000,0,0,多换,B,4068.0000,0.0000,0.0000,0.0000,0.0000,4128.0000,0.0000,0.0000,0.0000,0.0000,1,0,0,0,0,1,0,0,0,0
sc,wr1305,2012-06-29 10:36:40.500,4128.0000,18,0,0.0000,0.0000,0,0,多换,B,4073.0000,0.0000,0.0000,0.0000,0.0000,4128.0000,0.0000,0.0000,0.0000,0.0000,1,0,0,0,0,1,0,0,0,0
sc,wr1305,2012-06-29 10:37:47.000,4128.0000,18,0,0.0000,0.0000,0,0,多换,B,4073.0000,0.0000,0.0000,0.0000,0.0000,4128.0000,0.0000,0.0000,0.0000,0.0000,1,0,0,0,0,1,0,0,0,0
sc,wr1305,2012-06-29 10:38:35.000,4128.0000,18,0,0.0000,0.0000,0,0,多换,B,4074.0000,0.0000,0.0000,0.0000,0.0000,4128.0000,0.0000,0.0000,0.0000,0.0000,1,0,0,0,0,1,0,0,0,0
sc,wr1305,2012-06-29 10:38:36.500,4128.0000,18,0,0.0000,0.0000,0,0,多换,B,4074.0000,0.0000,0.0000,0.0000,0.0000,4128.0000,0.0000,0.0000,0.0000,0.0000,1,0,0,0,0,1,0,0,0,0
sc,wr1305,2012-06-29 10:40:10.500,4128.0000,18,0,0.0000,0.0000,0,0,多换,B,4074.0000,0.0000,0.0000,0.0000,0.0000,4127.0000,0.0000,0.0000,0.0000,0.0000,1,0,0,0,0,4,0,0,0,0
sc,wr1305,2012-06-29 10:40:46.000,4128.0000,18,0,0.0000,0.0000,0,0,多换,B,4074.0000,0.0000,0.0000,0.0000,0.0000,4127.0000,0.0000,0.0000,0.0000,0.0000,1,0,0,0,0,4,0,0,0,0
sc,wr1305,2012-06-29 10:40:47.000,4128.0000,18,0,0.0000,0.0000,0,0,多换,B,4074.0000,0.0000,0.0000,0.0000,0.0000,4126.0000,0.0000,0.0000,0.0000,0.0000,1,0,0,0,0,1,0,0,0,0
sc,wr1305,2012-06-29 10:40:48.000,4128.0000,18,0,0.0000,0.0000,0,0,多换,B,4074.0000,0.0000,0.0000,0.0000,0.0000,4126.0000,0.0000,0.0000,0.0000,0.0000,1,0,0,0,0,1,0,0,0,0
sc,wr1305,2012-06-29 10:41:02.000,4128.0000,18,0,0.0000,0.0000,0,0,多换,B,4074.0000,0.0000,0.0000,0.0000,0.0000,4125.0000,0.0000,0.0000,0.0000,0.0000,1,0,0,0,0,4,0,0,0,0
sc,wr1305,2012-06-29 10:45:29.000,4128.0000,18,0,0.0000,0.0000,0,0,多换,B,4074.0000,0.0000,0.0000,0.0000,0.0000,4125.0000,0.0000,0.0000,0.0000,0.0000,1,0,0,0,0,4,0,0,0,0
sc,wr1305,2012-06-29 10:45:30.000,4128.0000,18,0,0.0000,0.0000,0,0,多换,B,4074.0000,0.0000,0.0000,0.0000,0.0000,4124.0000,0.0000,0.0000,0.0000,0.0000,1,0,0,0,0,1,0,0,0,0
sc,wr1305,2012-06-29 10:45:39.000,4128.0000,18,0,0.0000,0.0000,0,0,多换,B,4074.0000,0.0000,0.0000,0.0000,0.0000,4124.0000,0.0000,0.0000,0.0000,0.0000,1,0,0,0,0,1,0,0,0,0
sc,wr1305,2012-06-29 10:47:17.000,4128.0000,18,0,0.0000,0.0000,0,0,多换,B,4050.0000,0.0000,0.0000,0.0000,0.0000,4124.0000,0.0000,0.0000,0.0000,0.0000,1,0,0,0,0,1,0,0,0,0
sc,wr1305,2012-06-29 10:47:18.000,4128.0000,18,0,0.0000,0.0000,0,0,多换,B,4055.0000,0.0000,0.0000,0.0000,0.0000,4124.0000,0.0000,0.0000,0.0000,0.0000,1,0,0,0,0,1,0,0,0,0
sc,wr1305,2012-06-29 10:47:19.500,4128.0000,18,0,0.0000,0.0000,0,0,多换,B,4056.0000,0.0000,0.0000,0.0000,0.0000,4124.0000,0.0000,0.0000,0.0000,0.0000,1,0,0,0,0,1,0,0,0,0
sc,wr1305,2012-06-29 10:47:22.000,4128.0000,18,0,0.0000,0.0000,0,0,多换,B,4056.0000,0.0000,0.0000,0.0000,0.0000,4124.0000,0.0000,0.0000,0.0000,0.0000,1,0,0,0,0,1,0,0,0,0
sc,wr1305,2012-06-29 10:47:22.500,4128.0000,18,0,0.0000,0.0000,0,0,多换,B,4061.0000,0.0000,0.0000,0.0000,0.0000,4124.0000,0.0000,0.0000,0.0000,0.0000,1,0,0,0,0,1,0,0,0,0
sc,wr1305,2012-06-29 10:47:30.500,4128.0000,18,0,0.0000,0.0000,0,0,多换,B,4061.0000,0.0000,0.0000,0.0000,0.0000,4124.0000,0.0000,0.0000,0.0000,0.0000,2,0,0,0,0,1,0,0,0,0
sc,wr1305,2012-06-29 10:54:21.000,4128.0000,18,0,0.0000,0.0000,0,0,多换,B,4061.0000,0.0000,0.0000,0.0000,0.0000,4132.0000,0.0000,0.0000,0.0000,0.0000,2,0,0,0,0,1,0,0,0,0
sc,wr1305,2012-06-29 10:54:24.000,4128.0000,18,0,0.0000,0.0000,0,0,多换,B,4061.0000,0.0000,0.0000,0.0000,0.0000,4128.0000,0.0000,0.0000,0.0000,0.0000,2,0,0,0,0,1,0,0,0,0
sc,wr1305,2012-06-29 10:54:45.500,4128.0000,18,0,0.0000,0.0000,0,0,多换,B,4062.0000,0.0000,0.0000,0.0000,0.0000,4128.0000,0.0000,0.0000,0.0000,0.0000,1,0,0,0,0,1,0,0,0,0
sc,wr1305,2012-06-29 10:54:48.000,4128.0000,18,0,0.0000,0.0000,0,0,多换,B,4062.0000,0.0000,0.0000,0.0000,0.0000,4128.0000,0.0000,0.0000,0.0000,0.0000,1,0,0,0,0,1,0,0,0,0
sc,wr1305,2012-06-29 10:54:48.500,4128.0000,18,0,0.0000,0.0000,0,0,多换,B,4067.0000,0.0000,0.0000,0.0000,0.0000,4128.0000,0.0000,0.0000,0.0000,0.0000,1,0,0,0,0,1,0,0,0,0
sc,wr1305,2012-06-29 10:55:33.500,4128.0000,18,0,0.0000,0.0000,0,0,多换,B,4067.0000,0.0000,0.0000,0.0000,0.0000,4132.0000,0.0000,0.0000,0.0000,0.0000,1,0,0,0,0,1,0,0,0,0
sc,wr1305,2012-06-29 10:55:39.500,4128.0000,18,0,0.0000,0.0000,0,0,多换,B,4067.0000,0.0000,0.0000,0.0000,0.0000,4131.0000,0.0000,0.0000,0.0000,0.0000,1,0,0,0,0,1,0,0,0,0
sc,wr1305,2012-06-29 10:56:45.000,4128.0000,18,0,0.0000,0.0000,0,0,多换,B,4067.0000,0.0000,0.0000,0.0000,0.0000,4131.0000,0.0000,0.0000,0.0000,0.0000,1,0,0,0,0,1,0,0,0,0
sc,wr1305,2012-06-29 10:56:45.500,4128.0000,18,0,0.0000,0.0000,0,0,多换,B,4068.0000,0.0000,0.0000,0.0000,0.0000,4131.0000,0.0000,0.0000,0.0000,0.0000,1,0,0,0,0,1,0,0,0,0
sc,wr1305,2012-06-29 10:56:47.000,4128.0000,18,0,0.0000,0.0000,0,0,多换,B,4068.0000,0.0000,0.0000,0.0000,0.0000,4131.0000,0.0000,0.0000,0.0000,0.0000,1,0,0,0,0,1,0,0,0,0
sc,wr1305,2012-06-29 10:56:47.500,4128.0000,18,0,0.0000,0.0000,0,0,多换,B,4073.0000,0.0000,0.0000,0.0000,0.0000,4131.0000,0.0000,0.0000,0.0000,0.0000,1,0,0,0,0,1,0,0,0,0
sc,wr1305,2012-06-29 10:56:57.500,4128.0000,18,0,0.0000,0.0000,0,0,多换,B,4073.0000,0.0000,0.0000,0.0000,0.0000,4131.0000,0.0000,0.0000,0.0000,0.0000,1,0,0,0,0,1,0,0,0,0
sc,wr1305,2012-06-29 10:56:58.000,4128.0000,18,0,0.0000,0.0000,0,0,多换,B,4074.0000,0.0000,0.0000,0.0000,0.0000,4131.0000,0.0000,0.0000,0.0000,0.0000,1,0,0,0,0,1,0,0,0,0
sc,wr1305,2012-06-29 10:56:59.500,4128.0000,18,0,0.0000,0.0000,0,0,多换,B,4074.0000,0.0000,0.0000,0.0000,0.0000,4131.0000,0.0000,0.0000,0.0000,0.0000,1,0,0,0,0,1,0,0,0,0
sc,wr1305,2012-06-29 10:57:20.500,4128.0000,18,0,0.0000,0.0000,0,0,多换,B,4079.0000,0.0000,0.0000,0.0000,0.0000,4131.0000,0.0000,0.0000,0.0000,0.0000,1,0,0,0,0,1,0,0,0,0
sc,wr1305,2012-06-29 10:57:28.000,4128.0000,18,0,0.0000,0.0000,0,0,多换,B,4080.0000,0.0000,0.0000,0.0000,0.0000,4131.0000,0.0000,0.0000,0.0000,0.0000,1,0,0,0,0,1,0,0,0,0
sc,wr1305,2012-06-29 10:57:29.500,4128.0000,18,0,0.0000,0.0000,0,0,多换,B,4080.0000,0.0000,0.0000,0.0000,0.0000,4131.0000,0.0000,0.0000,0.0000,0.0000,1,0,0,0,0,1,0,0,0,0
sc,wr1305,2012-06-29 11:00:15.000,4128.0000,18,0,0.0000,0.0000,0,0,多换,B,4085.0000,0.0000,0.0000,0.0000,0.0000,4131.0000,0.0000,0.0000,0.0000,0.0000,1,0,0,0,0,1,0,0,0,0
sc,wr1305,2012-06-29 11:01:00.500,4128.0000,18,0,0.0000,0.0000,0,0,多换,B,4085.0000,0.0000,0.0000,0.0000,0.0000,4131.0000,0.0000,0.0000,0.0000,0.0000,1,0,0,0,0,1,0,0,0,0
sc,wr1305,2012-06-29 11:01:01.000,4128.0000,18,0,0.0000,0.0000,0,0,多换,B,4086.0000,0.0000,0.0000,0.0000,0.0000,4131.0000,0.0000,0.0000,0.0000,0.0000,1,0,0,0,0,1,0,0,0,0
sc,wr1305,2012-06-29 11:01:02.000,4128.0000,18,0,0.0000,0.0000,0,0,多换,B,4086.0000,0.0000,0.0000,0.0000,0.0000,4131.0000,0.0000,0.0000,0.0000,0.0000,1,0,0,0,0,1,0,0,0,0
sc,wr1305,2012-06-29 11:01:52.500,4128.0000,18,0,0.0000,0.0000,0,0,多换,B,4091.0000,0.0000,0.0000,0.0000,0.0000,4131.0000,0.0000,0.0000,0.0000,0.0000,1,0,0,0,0,1,0,0,0,0
sc,wr1305,2012-06-29 11:01:59.500,4128.0000,18,0,0.0000,0.0000,0,0,多换,B,4092.0000,0.0000,0.0000,0.0000,0.0000,4131.0000,0.0000,0.0000,0.0000,0.0000,1,0,0,0,0,1,0,0,0,0
sc,wr1305,2012-06-29 11:02:01.000,4128.0000,18,0,0.0000,0.0000,0,0,多换,B,4092.0000,0.0000,0.0000,0.0000,0.0000,4131.0000,0.0000,0.0000,0.0000,0.0000,1,0,0,0,0,1,0,0,0,0
sc,wr1305,2012-06-29 11:02:30.000,4128.0000,18,0,0.0000,0.0000,0,0,多换,B,4097.0000,0.0000,0.0000,0.0000,0.0000,4131.0000,0.0000,0.0000,0.0000,0.0000,1,0,0,0,0,1,0,0,0,0
sc,wr1305,2012-06-29 11:03:25.000,4128.0000,18,0,0.0000,0.0000,0,0,多换,B,4098.0000,0.0000,0.0000,0.0000,0.0000,4131.0000,0.0000,0.0000,0.0000,0.0000,1,0,0,0,0,1,0,0,0,0
sc,wr1305,2012-06-29 11:03:26.000,4128.0000,18,0,0.0000,0.0000,0,0,多换,B,4098.0000,0.0000,0.0000,0.0000,0.0000,4131.0000,0.0000,0.0000,0.0000,0.0000,1,0,0,0,0,1,0,0,0,0
sc,wr1305,2012-06-29 11:04:26.000,4128.0000,18,0,0.0000,0.0000,0,0,多换,B,4098.0000,0.0000,0.0000,0.0000,0.0000,4132.0000,0.0000,0.0000,0.0000,0.0000,1,0,0,0,0,1,0,0,0,0
sc,wr1305,2012-06-29 11:09:42.500,4128.0000,18,0,0.0000,0.0000,0,0,多换,B,4050.0000,0.0000,0.0000,0.0000,0.0000,4132.0000,0.0000,0.0000,0.0000,0.0000,1,0,0,0,0,1,0,0,0,0
sc,wr1305,2012-06-29 11:09:45.000,4128.0000,18,0,0.0000,0.0000,0,0,多换,B,4055.0000,0.0000,0.0000,0.0000,0.0000,4132.0000,0.0000,0.0000,0.0000,0.0000,1,0,0,0,0,1,0,0,0,0
sc,wr1305,2012-06-29 11:10:13.000,4128.0000,18,0,0.0000,0.0000,0,0,多换,B,4055.0000,0.0000,0.0000,0.0000,0.0000,4132.0000,0.0000,0.0000,0.0000,0.0000,1,0,0,0,0,1,0,0,0,0
sc,wr1305,2012-06-29 11:10:13.500,4128.0000,18,0,0.0000,0.0000,0,0,多换,B,4056.0000,0.0000,0.0000,0.0000,0.0000,4132.0000,0.0000,0.0000,0.0000,0.0000,1,0,0,0,0,1,0,0,0,0
sc,wr1305,2012-06-29 11:10:14.500,4128.0000,18,0,0.0000,0.0000,0,0,多换,B,4056.0000,0.0000,0.0000,0.0000,0.0000,4132.0000,0.0000,0.0000,0.0000,0.0000,1,0,0,0,0,1,0,0,0,0
sc,wr1305,2012-06-29 11:10:15.500,4128.0000,18,0,0.0000,0.0000,0,0,多换,B,4061.0000,0.0000,0.0000,0.0000,0.0000,4132.0000,0.0000,0.0000,0.0000,0.0000,1,0,0,0,0,1,0,0,0,0
sc,wr1305,2012-06-29 11:12:13.000,4128.0000,18,0,0.0000,0.0000,0,0,多换,B,4061.0000,0.0000,0.0000,0.0000,0.0000,4132.0000,0.0000,0.0000,0.0000,0.0000,1,0,0,0,0,1,0,0,0,0
sc,wr1305,2012-06-29 11:12:13.500,4128.0000,18,0,0.0000,0.0000,0,0,多换,B,4075.0000,0.0000,0.0000,0.0000,0.0000,4132.0000,0.0000,0.0000,0.0000,0.0000,1,0,0,0,0,1,0,0,0,0
sc,wr1305,2012-06-29 11:12:15.000,4128.0000,18,0,0.0000,0.0000,0,0,多换,B,4075.0000,0.0000,0.0000,0.0000,0.0000,4132.0000,0.0000,0.0000,0.0000,0.0000,1,0,0,0,0,1,0,0,0,0
sc,wr1305,2012-06-29 11:12:15.500,4128.0000,18,0,0.0000,0.0000,0,0,多换,B,4080.0000,0.0000,0.0000,0.0000,0.0000,4132.0000,0.0000,0.0000,0.0000,0.0000,1,0,0,0,0,1,0,0,0,0
sc,wr1305,2012-06-29 11:12:34.000,4128.0000,18,0,0.0000,0.0000,0,0,多换,B,4081.0000,0.0000,0.0000,0.0000,0.0000,4132.0000,0.0000,0.0000,0.0000,0.0000,1,0,0,0,0,1,0,0,0,0
sc,wr1305,2012-06-29 11:12:35.500,4128.0000,18,0,0.0000,0.0000,0,0,多换,B,4081.0000,0.0000,0.0000,0.0000,0.0000,4132.0000,0.0000,0.0000,0.0000,0.0000,1,0,0,0,0,1,0,0,0,0
sc,wr1305,2012-06-29 11:12:36.000,4128.0000,18,0,0.0000,0.0000,0,0,多换,B,4086.0000,0.0000,0.0000,0.0000,0.0000,4132.0000,0.0000,0.0000,0.0000,0.0000,1,0,0,0,0,1,0,0,0,0
sc,wr1305,2012-06-29 11:12:40.500,4128.0000,18,0,0.0000,0.0000,0,0,多换,B,4087.0000,0.0000,0.0000,0.0000,0.0000,4132.0000,0.0000,0.0000,0.0000,0.0000,1,0,0,0,0,1,0,0,0,0
sc,wr1305,2012-06-29 11:12:41.500,4128.0000,18,0,0.0000,0.0000,0,0,多换,B,4087.0000,0.0000,0.0000,0.0000,0.0000,4132.0000,0.0000,0.0000,0.0000,0.0000,1,0,0,0,0,1,0,0,0,0
sc,wr1305,2012-06-29 11:12:42.500,4128.0000,18,0,0.0000,0.0000,0,0,多换,B,4092.0000,0.0000,0.0000,0.0000,0.0000,4132.0000,0.0000,0.0000,0.0000,0.0000,1,0,0,0,0,1,0,0,0,0
sc,wr1305,2012-06-29 11:14:11.000,4128.0000,18,0,0.0000,0.0000,0,0,多换,B,4092.0000,0.0000,0.0000,0.0000,0.0000,4132.0000,0.0000,0.0000,0.0000,0.0000,1,0,0,0,0,1,0,0,0,0
sc,wr1305,2012-06-29 11:14:11.500,4128.0000,18,0,0.0000,0.0000,0,0,多换,B,4093.0000,0.0000,0.0000,0.0000,0.0000,4132.0000,0.0000,0.0000,0.0000,0.0000,1,0,0,0,0,1,0,0,0,0
sc,wr1305,2012-06-29 11:14:13.500,4128.0000,18,0,0.0000,0.0000,0,0,多换,B,4093.0000,0.0000,0.0000,0.0000,0.0000,4132.0000,0.0000,0.0000,0.0000,0.0000,1,0,0,0,0,1,0,0,0,0
sc,wr1305,2012-06-29 11:14:14.000,4128.0000,18,0,0.0000,0.0000,0,0,多换,B,4098.0000,0.0000,0.0000,0.0000,0.0000,4132.0000,0.0000,0.0000,0.0000,0.0000,1,0,0,0,0,1,0,0,0,0
sc,wr1305,2012-06-29 11:14:43.000,4128.0000,18,0,0.0000,0.0000,0,0,多换,B,4099.0000,0.0000,0.0000,0.0000,0.0000,4132.0000,0.0000,0.0000,0.0000,0.0000,1,0,0,0,0,1,0,0,0,0
sc,wr1305,2012-06-29 11:14:44.500,4128.0000,18,0,0.0000,0.0000,0,0,多换,B,4099.0000,0.0000,0.0000,0.0000,0.0000,4132.0000,0.0000,0.0000,0.0000,0.0000,1,0,0,0,0,1,0,0,0,0
sc,wr1305,2012-06-29 11:21:53.500,4128.0000,18,0,0.0000,0.0000,0,0,多换,B,4075.0000,0.0000,0.0000,0.0000,0.0000,4132.0000,0.0000,0.0000,0.0000,0.0000,1,0,0,0,0,1,0,0,0,0
sc,wr1305,2012-06-29 11:21:55.000,4128.0000,18,0,0.0000,0.0000,0,0,多换,B,4080.0000,0.0000,0.0000,0.0000,0.0000,4132.0000,0.0000,0.0000,0.0000,0.0000,1,0,0,0,0,1,0,0,0,0
sc,wr1305,2012-06-29 11:26:18.000,4128.0000,18,0,0.0000,0.0000,0,0,多换,B,4080.0000,0.0000,0.0000,0.0000,0.0000,4132.0000,0.0000,0.0000,0.0000,0.0000,1,0,0,0,0,1,0,0,0,0
sc,wr1305,2012-06-29 11:26:18.500,4128.0000,18,0,0.0000,0.0000,0,0,多换,B,4080.0000,0.0000,0.0000,0.0000,0.0000,4132.0000,0.0000,0.0000,0.0000,0.0000,2,0,0,0,0,1,0,0,0,0
sc,wr1305,2012-06-29 11:26:58.500,4128.0000,18,0,0.0000,0.0000,0,0,多换,B,4081.0000,0.0000,0.0000,0.0000,0.0000,4132.0000,0.0000,0.0000,0.0000,0.0000,1,0,0,0,0,1,0,0,0,0
sc,wr1305,2012-06-29 11:27:00.000,4128.0000,18,0,0.0000,0.0000,0,0,多换,B,4081.0000,0.0000,0.0000,0.0000,0.0000,4132.0000,0.0000,0.0000,0.0000,0.0000,1,0,0,0,0,1,0,0,0,0
sc,wr1305,2012-06-29 11:27:02.000,4128.0000,18,0,0.0000,0.0000,0,0,多换,B,4086.0000,0.0000,0.0000,0.0000,0.0000,4132.0000,0.0000,0.0000,0.0000,0.0000,1,0,0,0,0,1,0,0,0,0
sc,wr1305,2012-06-29 11:27:13.000,4128.0000,18,0,0.0000,0.0000,0,0,多换,B,4086.0000,0.0000,0.0000,0.0000,0.0000,4132.0000,0.0000,0.0000,0.0000,0.0000,1,0,0,0,0,1,0,0,0,0
sc,wr1305,2012-06-29 11:27:13.500,4128.0000,18,0,0.0000,0.0000,0,0,多换,B,4087.0000,0.0000,0.0000,0.0000,0.0000,4132.0000,0.0000,0.0000,0.0000,0.0000,1,0,0,0,0,1,0,0,0,0
sc,wr1305,2012-06-29 11:27:16.000,4128.0000,18,0,0.0000,0.0000,0,0,多换,B,4087.0000,0.0000,0.0000,0.0000,0.0000,4132.0000,0.0000,0.0000,0.0000,0.0000,1,0,0,0,0,1,0,0,0,0
sc,wr1305,2012-06-29 11:27:21.000,4128.0000,18,0,0.0000,0.0000,0,0,多换,B,4092.0000,0.0000,0.0000,0.0000,0.0000,4132.0000,0.0000,0.0000,0.0000,0.0000,1,0,0,0,0,1,0,0,0,0
sc,wr1305,2012-06-29 11:27:54.000,4128.0000,18,0,0.0000,0.0000,0,0,多换,B,4092.0000,0.0000,0.0000,0.0000,0.0000,4132.0000,0.0000,0.0000,0.0000,0.0000,1,0,0,0,0,1,0,0,0,0
sc,wr1305,2012-06-29 11:27:54.500,4128.0000,18,0,0.0000,0.0000,0,0,多换,B,4095.0000,0.0000,0.0000,0.0000,0.0000,4132.0000,0.0000,0.0000,0.0000,0.0000,1,0,0,0,0,1,0,0,0,0
sc,wr1305,2012-06-29 11:27:55.500,4128.0000,18,0,0.0000,0.0000,0,0,多换,B,4095.0000,0.0000,0.0000,0.0000,0.0000,4132.0000,0.0000,0.0000,0.0000,0.0000,1,0,0,0,0,1,0,0,0,0
sc,wr1305,2012-06-29 13:30:02.500,4128.0000,18,0,0.0000,0.0000,0,0,多换,B,4100.0000,0.0000,0.0000,0.0000,0.0000,4132.0000,0.0000,0.0000,0.0000,0.0000,1,0,0,0,0,1,0,0,0,0
sc,wr1305,2012-06-29 13:33:55.000,4128.0000,18,0,0.0000,0.0000,0,0,多换,B,4100.0000,0.0000,0.0000,0.0000,0.0000,4132.0000,0.0000,0.0000,0.0000,0.0000,1,0,0,0,0,1,0,0,0,0
sc,wr1305,2012-06-29 13:33:55.500,4128.0000,18,0,0.0000,0.0000,0,0,多换,B,4101.0000,0.0000,0.0000,0.0000,0.0000,4132.0000,0.0000,0.0000,0.0000,0.0000,1,0,0,0,0,1,0,0,0,0
sc,wr1305,2012-06-29 13:33:57.000,4128.0000,18,0,0.0000,0.0000,0,0,多换,B,4101.0000,0.0000,0.0000,0.0000,0.0000,4132.0000,0.0000,0.0000,0.0000,0.0000,1,0,0,0,0,1,0,0,0,0
sc,wr1305,2012-06-29 13:35:11.000,4128.0000,18,0,0.0000,0.0000,0,0,多换,B,4101.0000,0.0000,0.0000,0.0000,0.0000,4132.0000,0.0000,0.0000,0.0000,0.0000,1,0,0,0,0,1,0,0,0,0
sc,wr1305,2012-06-29 13:41:02.000,4128.0000,18,0,0.0000,0.0000,0,0,多换,B,4102.0000,0.0000,0.0000,0.0000,0.0000,4132.0000,0.0000,0.0000,0.0000,0.0000,1,0,0,0,0,1,0,0,0,0
sc,wr1305,2012-06-29 13:46:22.500,4128.0000,18,0,0.0000,0.0000,0,0,多换,B,4102.0000,0.0000,0.0000,0.0000,0.0000,4132.0000,0.0000,0.0000,0.0000,0.0000,1,0,0,0,0,1,0,0,0,0
sc,wr1305,2012-06-29 13:46:23.500,4128.0000,18,0,0.0000,0.0000,0,0,多换,B,4102.0000,0.0000,0.0000,0.0000,0.0000,4132.0000,0.0000,0.0000,0.0000,0.0000,1,0,0,0,0,1,0,0,0,0
sc,wr1305,2012-06-29 13:57:20.000,4128.0000,18,0,0.0000,0.0000,0,0,多换,B,4075.0000,0.0000,0.0000,0.0000,0.0000,4132.0000,0.0000,0.0000,0.0000,0.0000,1,0,0,0,0,1,0,0,0,0
sc,wr1305,2012-06-29 13:57:22.000,4128.0000,18,0,0.0000,0.0000,0,0,多换,B,4076.0000,0.0000,0.0000,0.0000,0.0000,4132.0000,0.0000,0.0000,0.0000,0.0000,1,0,0,0,0,1,0,0,0,0
sc,wr1305,2012-06-29 13:57:23.000,4128.0000,18,0,0.0000,0.0000,0,0,多换,B,4081.0000,0.0000,0.0000,0.0000,0.0000,4132.0000,0.0000,0.0000,0.0000,0.0000,1,0,0,0,0,1,0,0,0,0
sc,wr1305,2012-06-29 13:57:38.000,4128.0000,18,0,0.0000,0.0000,0,0,多换,B,4082.0000,0.0000,0.0000,0.0000,0.0000,4132.0000,0.0000,0.0000,0.0000,0.0000,1,0,0,0,0,1,0,0,0,0
sc,wr1305,2012-06-29 13:57:41.500,4128.0000,18,0,0.0000,0.0000,0,0,多换,B,4082.0000,0.0000,0.0000,0.0000,0.0000,4132.0000,0.0000,0.0000,0.0000,0.0000,1,0,0,0,0,1,0,0,0,0
sc,wr1305,2012-06-29 13:57:43.500,4128.0000,18,0,0.0000,0.0000,0,0,多换,B,4087.0000,0.0000,0.0000,0.0000,0.0000,4132.0000,0.0000,0.0000,0.0000,0.0000,1,0,0,0,0,1,0,0,0,0
sc,wr1305,2012-06-29 14:04:06.000,4128.0000,18,0,0.0000,0.0000,0,0,多换,B,4087.0000,0.0000,0.0000,0.0000,0.0000,4132.0000,0.0000,0.0000,0.0000,0.0000,1,0,0,0,0,1,0,0,0,0
sc,wr1305,2012-06-29 14:04:06.500,4128.0000,18,0,0.0000,0.0000,0,0,多换,B,4088.0000,0.0000,0.0000,0.0000,0.0000,4132.0000,0.0000,0.0000,0.0000,0.0000,1,0,0,0,0,1,0,0,0,0
sc,wr1305,2012-06-29 14:04:11.500,4128.0000,18,0,0.0000,0.0000,0,0,多换,B,4088.0000,0.0000,0.0000,0.0000,0.0000,4132.0000,0.0000,0.0000,0.0000,0.0000,1,0,0,0,0,1,0,0,0,0
sc,wr1305,2012-06-29 14:04:12.500,4128.0000,18,0,0.0000,0.0000,0,0,多换,B,4093.0000,0.0000,0.0000,0.0000,0.0000,4132.0000,0.0000,0.0000,0.0000,0.0000,1,0,0,0,0,1,0,0,0,0
sc,wr1305,2012-06-29 14:09:12.500,4128.0000,18,0,0.0000,0.0000,0,0,多换,B,4094.0000,0.0000,0.0000,0.0000,0.0000,4132.0000,0.0000,0.0000,0.0000,0.0000,1,0,0,0,0,1,0,0,0,0
sc,wr1305,2012-06-29 14:09:14.500,4128.0000,18,0,0.0000,0.0000,0,0,多换,B,4094.0000,0.0000,0.0000,0.0000,0.0000,4132.0000,0.0000,0.0000,0.0000,0.0000,1,0,0,0,0,1,0,0,0,0
sc,wr1305,2012-06-29 14:09:18.500,4128.0000,18,0,0.0000,0.0000,0,0,多换,B,4099.0000,0.0000,0.0000,0.0000,0.0000,4132.0000,0.0000,0.0000,0.0000,0.0000,1,0,0,0,0,1,0,0,0,0
sc,wr1305,2012-06-29 14:11:34.000,4128.0000,18,0,0.0000,0.0000,0,0,多换,B,4099.0000,0.0000,0.0000,0.0000,0.0000,4132.0000,0.0000,0.0000,0.0000,0.0000,1,0,0,0,0,1,0,0,0,0
sc,wr1305,2012-06-29 14:12:50.500,4128.0000,18,0,0.0000,0.0000,0,0,多换,B,4100.0000,0.0000,0.0000,0.0000,0.0000,4132.0000,0.0000,0.0000,0.0000,0.0000,1,0,0,0,0,1,0,0,0,0
sc,wr1305,2012-06-29 14:12:52.000,4128.0000,18,0,0.0000,0.0000,0,0,多换,B,4100.0000,0.0000,0.0000,0.0000,0.0000,4132.0000,0.0000,0.0000,0.0000,0.0000,1,0,0,0,0,1,0,0,0,0
sc,wr1305,2012-06-29 14:13:48.000,4128.0000,18,0,0.0000,0.0000,0,0,多换,B,4105.0000,0.0000,0.0000,0.0000,0.0000,4132.0000,0.0000,0.0000,0.0000,0.0000,1,0,0,0,0,1,0,0,0,0
sc,wr1305,2012-06-29 14:15:13.500,4128.0000,18,0,0.0000,0.0000,0,0,多换,B,4106.0000,0.0000,0.0000,0.0000,0.0000,4132.0000,0.0000,0.0000,0.0000,0.0000,1,0,0,0,0,1,0,0,0,0
sc,wr1305,2012-06-29 14:15:15.000,4128.0000,18,0,0.0000,0.0000,0,0,多换,B,4106.0000,0.0000,0.0000,0.0000,0.0000,4132.0000,0.0000,0.0000,0.0000,0.0000,1,0,0,0,0,1,0,0,0,0
sc,wr1305,2012-06-29 14:16:50.500,4128.0000,18,0,0.0000,0.0000,0,0,多换,B,4075.0000,0.0000,0.0000,0.0000,0.0000,4132.0000,0.0000,0.0000,0.0000,0.0000,1,0,0,0,0,1,0,0,0,0
sc,wr1305,2012-06-29 14:16:52.000,4128.0000,18,0,0.0000,0.0000,0,0,多换,B,4080.0000,0.0000,0.0000,0.0000,0.0000,4132.0000,0.0000,0.0000,0.0000,0.0000,1,0,0,0,0,1,0,0,0,0
sc,wr1305,2012-06-29 14:20:17.000,4128.0000,18,0,0.0000,0.0000,0,0,多换,B,4081.0000,0.0000,0.0000,0.0000,0.0000,4132.0000,0.0000,0.0000,0.0000,0.0000,1,0,0,0,0,1,0,0,0,0
sc,wr1305,2012-06-29 14:20:20.500,4128.0000,18,0,0.0000,0.0000,0,0,多换,B,4081.0000,0.0000,0.0000,0.0000,0.0000,4132.0000,0.0000,0.0000,0.0000,0.0000,1,0,0,0,0,1,0,0,0,0
sc,wr1305,2012-06-29 14:20:21.500,4128.0000,18,0,0.0000,0.0000,0,0,多换,B,4086.0000,0.0000,0.0000,0.0000,0.0000,4132.0000,0.0000,0.0000,0.0000,0.0000,1,0,0,0,0,1,0,0,0,0
sc,wr1305,2012-06-29 14:23:10.000,4128.0000,18,0,0.0000,0.0000,0,0,多换,B,4087.0000,0.0000,0.0000,0.0000,0.0000,4132.0000,0.0000,0.0000,0.0000,0.0000,1,0,0,0,0,1,0,0,0,0
sc,wr1305,2012-06-29 14:23:15.000,4128.0000,18,0,0.0000,0.0000,0,0,多换,B,4087.0000,0.0000,0.0000,0.0000,0.0000,4132.0000,0.0000,0.0000,0.0000,0.0000,1,0,0,0,0,1,0,0,0,0
sc,wr1305,2012-06-29 14:23:16.500,4128.0000,18,0,0.0000,0.0000,0,0,多换,B,4092.0000,0.0000,0.0000,0.0000,0.0000,4132.0000,0.0000,0.0000,0.0000,0.0000,1,0,0,0,0,1,0,0,0,0
sc,wr1305,2012-06-29 14:23:25.000,4128.0000,18,0,0.0000,0.0000,0,0,多换,B,4093.0000,0.0000,0.0000,0.0000,0.0000,4132.0000,0.0000,0.0000,0.0000,0.0000,1,0,0,0,0,1,0,0,0,0
sc,wr1305,2012-06-29 14:23:28.500,4128.0000,18,0,0.0000,0.0000,0,0,多换,B,4093.0000,0.0000,0.0000,0.0000,0.0000,4132.0000,0.0000,0.0000,0.0000,0.0000,1,0,0,0,0,1,0,0,0,0
sc,wr1305,2012-06-29 14:23:34.500,4128.0000,18,0,0.0000,0.0000,0,0,多换,B,4098.0000,0.0000,0.0000,0.0000,0.0000,4132.0000,0.0000,0.0000,0.0000,0.0000,1,0,0,0,0,1,0,0,0,0
sc,wr1305,2012-06-29 14:23:38.000,4128.0000,18,0,0.0000,0.0000,0,0,多换,B,4098.0000,0.0000,0.0000,0.0000,0.0000,4132.0000,0.0000,0.0000,0.0000,0.0000,2,0,0,0,0,1,0,0,0,0
sc,wr1305,2012-06-29 14:28:24.500,4128.0000,18,0,0.0000,0.0000,0,0,多换,B,4098.0000,0.0000,0.0000,0.0000,0.0000,4132.0000,0.0000,0.0000,0.0000,0.0000,1,0,0,0,0,1,0,0,0,0
sc,wr1305,2012-06-29 14:28:25.500,4128.0000,18,0,0.0000,0.0000,0,0,多换,B,4099.0000,0.0000,0.0000,0.0000,0.0000,4132.0000,0.0000,0.0000,0.0000,0.0000,1,0,0,0,0,1,0,0,0,0
sc,wr1305,2012-06-29 14:28:29.500,4128.0000,18,0,0.0000,0.0000,0,0,多换,B,4099.0000,0.0000,0.0000,0.0000,0.0000,4132.0000,0.0000,0.0000,0.0000,0.0000,1,0,0,0,0,1,0,0,0,0
sc,wr1305,2012-06-29 14:34:05.500,4128.0000,18,0,0.0000,0.0000,0,0,多换,B,4075.0000,0.0000,0.0000,0.0000,0.0000,4132.0000,0.0000,0.0000,0.0000,0.0000,1,0,0,0,0,1,0,0,0,0
sc,wr1305,2012-06-29 14:34:07.000,4128.0000,18,0,0.0000,0.0000,0,0,多换,B,4080.0000,0.0000,0.0000,0.0000,0.0000,4132.0000,0.0000,0.0000,0.0000,0.0000,1,0,0,0,0,1,0,0,0,0
sc,wr1305,2012-06-29 14:34:10.000,4128.0000,18,0,0.0000,0.0000,0,0,多换,B,4081.0000,0.0000,0.0000,0.0000,0.0000,4132.0000,0.0000,0.0000,0.0000,0.0000,1,0,0,0,0,1,0,0,0,0
sc,wr1305,2012-06-29 14:34:11.500,4128.0000,18,0,0.0000,0.0000,0,0,多换,B,4081.0000,0.0000,0.0000,0.0000,0.0000,4132.0000,0.0000,0.0000,0.0000,0.0000,1,0,0,0,0,1,0,0,0,0
sc,wr1305,2012-06-29 14:34:13.000,4128.0000,18,0,0.0000,0.0000,0,0,多换,B,4086.0000,0.0000,0.0000,0.0000,0.0000,4132.0000,0.0000,0.0000,0.0000,0.0000,1,0,0,0,0,1,0,0,0,0
sc,wr1305,2012-06-29 14:37:51.500,4128.0000,18,0,0.0000,0.0000,0,0,多换,B,4086.0000,0.0000,0.0000,0.0000,0.0000,4132.0000,0.0000,0.0000,0.0000,0.0000,1,0,0,0,0,1,0,0,0,0
sc,wr1305,2012-06-29 14:37:52.000,4128.0000,18,0,0.0000,0.0000,0,0,多换,B,4100.0000,0.0000,0.0000,0.0000,0.0000,4132.0000,0.0000,0.0000,0.0000,0.0000,1,0,0,0,0,1,0,0,0,0
sc,wr1305,2012-06-29 14:37:54.000,4128.0000,18,0,0.0000,0.0000,0,0,多换,B,4100.0000,0.0000,0.0000,0.0000,0.0000,4132.0000,0.0000,0.0000,0.0000,0.0000,1,0,0,0,0,1,0,0,0,0
sc,wr1305,2012-06-29 14:41:14.500,4128.0000,18,0,0.0000,0.0000,0,0,多换,B,4100.0000,0.0000,0.0000,0.0000,0.0000,4132.0000,0.0000,0.0000,0.0000,0.0000,1,0,0,0,0,1,0,0,0,0
sc,wr1305,2012-06-29 14:41:15.500,4128.0000,18,0,0.0000,0.0000,0,0,多换,B,4101.0000,0.0000,0.0000,0.0000,0.0000,4132.0000,0.0000,0.0000,0.0000,0.0000,1,0,0,0,0,1,0,0,0,0
sc,wr1305,2012-06-29 14:48:47.000,4128.0000,18,0,0.0000,0.0000,0,0,多换,B,4100.0000,0.0000,0.0000,0.0000,0.0000,4132.0000,0.0000,0.0000,0.0000,0.0000,1,0,0,0,0,1,0,0,0,0
sc,wr1305,2012-06-29 14:55:49.000,4128.0000,18,0,0.0000,0.0000,0,0,多换,B,4075.0000,0.0000,0.0000,0.0000,0.0000,4132.0000,0.0000,0.0000,0.0000,0.0000,1,0,0,0,0,1,0,0,0,0
sc,wr1305,2012-06-29 14:55:50.500,4128.0000,18,0,0.0000,0.0000,0,0,多换,B,4080.0000,0.0000,0.0000,0.0000,0.0000,4132.0000,0.0000,0.0000,0.0000,0.0000,1,0,0,0,0,1,0,0,0,0
sc,wr1305,2012-06-29 14:58:13.000,4128.0000,18,0,0.0000,0.0000,0,0,多换,B,4080.0000,0.0000,0.0000,0.0000,0.0000,4132.0000,0.0000,0.0000,0.0000,0.0000,2,0,0,0,0,1,0,0,0,0
sc,wr1305,2012-06-29 14:59:57.000,4128.0000,18,0,0.0000,0.0000,0,0,多换,B,4080.0000,0.0000,0.0000,0.0000,0.0000,4132.0000,0.0000,0.0000,0.0000,0.0000,1,0,0,0,0,1,0,0,0,0
sc,wr1305,2012-06-29 15:00:00.500,4128.0000,18,0,0.0000,0.0000,0,0,多换,B,4080.0000,0.0000,0.0000,0.0000,0.0000,4132.0000,0.0000,0.0000,0.0000,0.0000,1,0,0,0,0,1,0,0,0,0
sc,wr1305,2012-06-29 15:23:42.500,4128.0000,18,0,0.0000,0.0000,0,0,多换,B,4080.0000,0.0000,0.0000,0.0000,0.0000,4132.0000,0.0000,0.0000,0.0000,0.0000,1,0,0,0,0,1,0,0,0,0
