市场代码,合约代码,时间,最新,持仓,增仓,成交额,成交量,开仓,平仓,成交类型,方向,买一价,买二价,买三价,买四价,买五价,卖一价,卖二价,卖三价,卖四价,卖五价,买一量,买二量,买三量,买四量,买五量,卖一量,卖二量,卖三量,卖四量,卖五量
sc,zn1212,2012-06-29 07:36:29.500,14395.0000,11630,0,0.0000,0.0000,0,0,空换,S,0.0000,0.0000,0.0000,0.0000,0.0000,0.0000,0.0000,0.0000,0.0000,0.0000,0,0,0,0,0,0,0,0,0,0
sc,zn1212,2012-06-29 08:59:00.500,14395.0000,11630,0,0.0000,0.0000,0,0,空换,S,14350.0000,0.0000,0.0000,0.0000,0.0000,14430.0000,0.0000,0.0000,0.0000,0.0000,20,0,0,0,0,2,0,0,0,0
sc,zn1212,2012-06-29 09:00:00.500,14395.0000,11630,0,0.0000,0.0000,0,0,空换,S,14350.0000,0.0000,0.0000,0.0000,0.0000,14425.0000,0.0000,0.0000,0.0000,0.0000,20,0,0,0,0,3,0,0,0,0
sc,zn1212,2012-06-29 09:00:01.000,14395.0000,11630,0,0.0000,0.0000,0,0,空换,S,14350.0000,0.0000,0.0000,0.0000,0.0000,14420.0000,0.0000,0.0000,0.0000,0.0000,20,0,0,0,0,3,0,0,0,0
sc,zn1212,2012-06-29 09:00:01.500,14395.0000,11630,0,0.0000,0.0000,0,0,空换,S,14350.0000,0.0000,0.0000,0.0000,0.0000,14420.0000,0.0000,0.0000,0.0000,0.0000,20,0,0,0,0,4,0,0,0,0
sc,zn1212,2012-06-29 09:00:02.500,14395.0000,11630,0,0.0000,0.0000,0,0,空换,S,14350.0000,0.0000,0.0000,0.0000,0.0000,14415.0000,0.0000,0.0000,0.0000,0.0000,20,0,0,0,0,2,0,0,0,0
sc,zn1212,2012-06-29 09:00:03.000,14395.0000,11630,0,0.0000,0.0000,0,0,空换,S,14350.0000,0.0000,0.0000,0.0000,0.0000,14410.0000,0.0000,0.0000,0.0000,0.0000,20,0,0,0,0,3,0,0,0,0
sc,zn1212,2012-06-29 09:00:03.500,14395.0000,11630,0,0.0000,0.0000,0,0,空换,S,14350.0000,0.0000,0.0000,0.0000,0.0000,14405.0000,0.0000,0.0000,0.0000,0.0000,20,0,0,0,0,3,0,0,0,0
sc,zn1212,2012-06-29 09:00:04.000,14395.0000,11630,0,0.0000,0.0000,0,0,空换,S,14350.0000,0.0000,0.0000,0.0000,0.0000,14405.0000,0.0000,0.0000,0.0000,0.0000,20,0,0,0,0,3,0,0,0,0
sc,zn1212,2012-06-29 09:00:04.500,14395.0000,11630,0,0.0000,0.0000,0,0,空换,S,14350.0000,0.0000,0.0000,0.0000,0.0000,14405.0000,0.0000,0.0000,0.0000,0.0000,23,0,0,0,0,3,0,0,0,0
sc,zn1212,2012-06-29 09:00:07.000,14405.0000,11630,0,432150.0000,6.0000,3,3,多换,B,14350.0000,0.0000,0.0000,0.0000,0.0000,14410.0000,0.0000,0.0000,0.0000,0.0000,23,0,0,0,0,3,0,0,0,0
sc,zn1212,2012-06-29 09:00:07.500,14405.0000,11630,0,0.0000,0.0000,0,0,多换,B,14355.0000,0.0000,0.0000,0.0000,0.0000,14410.0000,0.0000,0.0000,0.0000,0.0000,3,0,0,0,0,3,0,0,0,0
sc,zn1212,2012-06-29 09:00:08.000,14405.0000,11630,0,0.0000,0.0000,0,0,多换,B,14355.0000,0.0000,0.0000,0.0000,0.0000,14410.0000,0.0000,0.0000,0.0000,0.0000,3,0,0,0,0,3,0,0,0,0
sc,zn1212,2012-06-29 09:00:09.000,14405.0000,11630,0,0.0000,0.0000,0,0,多换,B,14355.0000,0.0000,0.0000,0.0000,0.0000,14410.0000,0.0000,0.0000,0.0000,0.0000,8,0,0,0,0,3,0,0,0,0
sc,zn1212,2012-06-29 09:00:10.000,14405.0000,11630,0,0.0000,0.0000,0,0,多换,B,14355.0000,0.0000,0.0000,0.0000,0.0000,14410.0000,0.0000,0.0000,0.0000,0.0000,3,0,0,0,0,3,0,0,0,0
sc,zn1212,2012-06-29 09:00:11.000,14405.0000,11630,0,0.0000,0.0000,0,0,多换,B,14355.0000,0.0000,0.0000,0.0000,0.0000,14410.0000,0.0000,0.0000,0.0000,0.0000,6,0,0,0,0,3,0,0,0,0
sc,zn1212,2012-06-29 09:00:11.500,14405.0000,11630,0,0.0000,0.0000,0,0,多换,B,14355.0000,0.0000,0.0000,0.0000,0.0000,14410.0000,0.0000,0.0000,0.0000,0.0000,6,0,0,0,0,3,0,0,0,0
sc,zn1212,2012-06-29 09:00:12.000,14405.0000,11630,0,0.0000,0.0000,0,0,多换,B,14370.0000,0.0000,0.0000,0.0000,0.0000,14400.0000,0.0000,0.0000,0.0000,0.0000,5,0,0,0,0,5,0,0,0,0
sc,zn1212,2012-06-29 09:00:12.500,14405.0000,11630,0,0.0000,0.0000,0,0,多换,B,14375.0000,0.0000,0.0000,0.0000,0.0000,14400.0000,0.0000,0.0000,0.0000,0.0000,5,0,0,0,0,5,0,0,0,0
sc,zn1212,2012-06-29 09:00:13.000,14405.0000,11630,0,0.0000,0.0000,0,0,多换,B,14375.0000,0.0000,0.0000,0.0000,0.0000,14400.0000,0.0000,0.0000,0.0000,0.0000,5,0,0,0,0,5,0,0,0,0
sc,zn1212,2012-06-29 09:00:13.500,14405.0000,11630,0,0.0000,0.0000,0,0,多换,B,14355.0000,0.0000,0.0000,0.0000,0.0000,14395.0000,0.0000,0.0000,0.0000,0.0000,8,0,0,0,0,5,0,0,0,0
sc,zn1212,2012-06-29 09:00:14.000,14405.0000,11630,0,0.0000,0.0000,0,0,多换,B,14370.0000,0.0000,0.0000,0.0000,0.0000,14395.0000,0.0000,0.0000,0.0000,0.0000,5,0,0,0,0,5,0,0,0,0
sc,zn1212,2012-06-29 09:00:14.500,14405.0000,11630,0,0.0000,0.0000,0,0,多换,B,14350.0000,0.0000,0.0000,0.0000,0.0000,14390.0000,0.0000,0.0000,0.0000,0.0000,20,0,0,0,0,5,0,0,0,0
sc,zn1212,2012-06-29 09:00:15.000,14405.0000,11630,0,0.0000,0.0000,0,0,多换,B,14365.0000,0.0000,0.0000,0.0000,0.0000,14390.0000,0.0000,0.0000,0.0000,0.0000,5,0,0,0,0,5,0,0,0,0
sc,zn1212,2012-06-29 09:00:16.000,14405.0000,11630,0,0.0000,0.0000,0,0,多换,B,14365.0000,0.0000,0.0000,0.0000,0.0000,14385.0000,0.0000,0.0000,0.0000,0.0000,5,0,0,0,0,5,0,0,0,0
sc,zn1212,2012-06-29 09:00:16.500,14405.0000,11630,0,0.0000,0.0000,0,0,多换,B,14365.0000,0.0000,0.0000,0.0000,0.0000,14385.0000,0.0000,0.0000,0.0000,0.0000,5,0,0,0,0,5,0,0,0,0
sc,zn1212,2012-06-29 09:00:24.000,14405.0000,11630,0,0.0000,0.0000,0,0,多换,B,14365.0000,0.0000,0.0000,0.0000,0.0000,14410.0000,0.0000,0.0000,0.0000,0.0000,5,0,0,0,0,5,0,0,0,0
sc,zn1212,2012-06-29 09:00:24.500,14405.0000,11630,0,0.0000,0.0000,0,0,多换,B,14365.0000,0.0000,0.0000,0.0000,0.0000,14390.0000,0.0000,0.0000,0.0000,0.0000,5,0,0,0,0,5,0,0,0,0
sc,zn1212,2012-06-29 09:00:31.000,14405.0000,11630,0,0.0000,0.0000,0,0,多换,B,14365.0000,0.0000,0.0000,0.0000,0.0000,14390.0000,0.0000,0.0000,0.0000,0.0000,5,0,0,0,0,5,0,0,0,0
sc,zn1212,2012-06-29 09:00:32.500,14405.0000,11630,0,0.0000,0.0000,0,0,多换,B,14365.0000,0.0000,0.0000,0.0000,0.0000,14390.0000,0.0000,0.0000,0.0000,0.0000,5,0,0,0,0,5,0,0,0,0
sc,zn1212,2012-06-29 09:00:34.500,14405.0000,11630,0,0.0000,0.0000,0,0,多换,B,14365.0000,0.0000,0.0000,0.0000,0.0000,14385.0000,0.0000,0.0000,0.0000,0.0000,5,0,0,0,0,5,0,0,0,0
sc,zn1212,2012-06-29 09:00:38.500,14405.0000,11630,0,0.0000,0.0000,0,0,多换,B,14365.0000,0.0000,0.0000,0.0000,0.0000,14385.0000,0.0000,0.0000,0.0000,0.0000,5,0,0,0,0,5,0,0,0,0
sc,zn1212,2012-06-29 09:00:41.500,14405.0000,11630,0,0.0000,0.0000,0,0,多换,B,14350.0000,0.0000,0.0000,0.0000,0.0000,14380.0000,0.0000,0.0000,0.0000,0.0000,20,0,0,0,0,5,0,0,0,0
sc,zn1212,2012-06-29 09:00:42.000,14405.0000,11630,0,0.0000,0.0000,0,0,多换,B,14360.0000,0.0000,0.0000,0.0000,0.0000,14380.0000,0.0000,0.0000,0.0000,0.0000,5,0,0,0,0,5,0,0,0,0
sc,zn1212,2012-06-29 09:00:49.000,14405.0000,11630,0,0.0000,0.0000,0,0,多换,B,14350.0000,0.0000,0.0000,0.0000,0.0000,14375.0000,0.0000,0.0000,0.0000,0.0000,20,0,0,0,0,5,0,0,0,0
sc,zn1212,2012-06-29 09:00:49.500,14405.0000,11630,0,0.0000,0.0000,0,0,多换,B,14355.0000,0.0000,0.0000,0.0000,0.0000,14385.0000,0.0000,0.0000,0.0000,0.0000,5,0,0,0,0,5,0,0,0,0
sc,zn1212,2012-06-29 09:00:50.000,14405.0000,11630,0,0.0000,0.0000,0,0,多换,B,14355.0000,0.0000,0.0000,0.0000,0.0000,14380.0000,0.0000,0.0000,0.0000,0.0000,5,0,0,0,0,5,0,0,0,0
sc,zn1212,2012-06-29 09:00:52.500,14405.0000,11630,0,0.0000,0.0000,0,0,多换,B,14350.0000,0.0000,0.0000,0.0000,0.0000,14375.0000,0.0000,0.0000,0.0000,0.0000,20,0,0,0,0,5,0,0,0,0
sc,zn1212,2012-06-29 09:00:53.000,14405.0000,11630,0,0.0000,0.0000,0,0,多换,B,14350.0000,0.0000,0.0000,0.0000,0.0000,14375.0000,0.0000,0.0000,0.0000,0.0000,25,0,0,0,0,5,0,0,0,0
sc,zn1212,2012-06-29 09:00:53.500,14405.0000,11630,0,0.0000,0.0000,0,0,多换,B,14355.0000,0.0000,0.0000,0.0000,0.0000,14385.0000,0.0000,0.0000,0.0000,0.0000,5,0,0,0,0,5,0,0,0,0
sc,zn1212,2012-06-29 09:00:54.000,14405.0000,11630,0,0.0000,0.0000,0,0,多换,B,14350.0000,0.0000,0.0000,0.0000,0.0000,14375.0000,0.0000,0.0000,0.0000,0.0000,20,0,0,0,0,5,0,0,0,0
sc,zn1212,2012-06-29 09:00:54.500,14405.0000,11630,0,0.0000,0.0000,0,0,多换,B,14355.0000,0.0000,0.0000,0.0000,0.0000,14385.0000,0.0000,0.0000,0.0000,0.0000,5,0,0,0,0,5,0,0,0,0
sc,zn1212,2012-06-29 09:00:55.000,14405.0000,11630,0,0.0000,0.0000,0,0,多换,B,14355.0000,0.0000,0.0000,0.0000,0.0000,14385.0000,0.0000,0.0000,0.0000,0.0000,5,0,0,0,0,5,0,0,0,0
sc,zn1212,2012-06-29 09:00:55.500,14405.0000,11630,0,0.0000,0.0000,0,0,多换,B,14350.0000,0.0000,0.0000,0.0000,0.0000,14380.0000,0.0000,0.0000,0.0000,0.0000,20,0,0,0,0,5,0,0,0,0
sc,zn1212,2012-06-29 09:00:56.000,14405.0000,11630,0,0.0000,0.0000,0,0,多换,B,14350.0000,0.0000,0.0000,0.0000,0.0000,14375.0000,0.0000,0.0000,0.0000,0.0000,25,0,0,0,0,5,0,0,0,0
sc,zn1212,2012-06-29 09:00:57.000,14405.0000,11630,0,0.0000,0.0000,0,0,多换,B,14355.0000,0.0000,0.0000,0.0000,0.0000,14385.0000,0.0000,0.0000,0.0000,0.0000,5,0,0,0,0,5,0,0,0,0
sc,zn1212,2012-06-29 09:00:57.500,14405.0000,11630,0,0.0000,0.0000,0,0,多换,B,14350.0000,0.0000,0.0000,0.0000,0.0000,14370.0000,0.0000,0.0000,0.0000,0.0000,20,0,0,0,0,5,0,0,0,0
sc,zn1212,2012-06-29 09:00:58.000,14405.0000,11630,0,0.0000,0.0000,0,0,多换,B,14355.0000,0.0000,0.0000,0.0000,0.0000,14385.0000,0.0000,0.0000,0.0000,0.0000,5,0,0,0,0,5,0,0,0,0
sc,zn1212,2012-06-29 09:00:58.500,14405.0000,11630,0,0.0000,0.0000,0,0,多换,B,14350.0000,0.0000,0.0000,0.0000,0.0000,14380.0000,0.0000,0.0000,0.0000,0.0000,20,0,0,0,0,5,0,0,0,0
sc,zn1212,2012-06-29 09:00:59.000,14405.0000,11630,0,0.0000,0.0000,0,0,多换,B,14350.0000,0.0000,0.0000,0.0000,0.0000,14380.0000,0.0000,0.0000,0.0000,0.0000,25,0,0,0,0,5,0,0,0,0
sc,zn1212,2012-06-29 09:01:02.000,14405.0000,11630,0,0.0000,0.0000,0,0,多换,B,14350.0000,0.0000,0.0000,0.0000,0.0000,14375.0000,0.0000,0.0000,0.0000,0.0000,25,0,0,0,0,5,0,0,0,0
sc,zn1212,2012-06-29 09:01:02.500,14405.0000,11630,0,0.0000,0.0000,0,0,多换,B,14355.0000,0.0000,0.0000,0.0000,0.0000,14375.0000,0.0000,0.0000,0.0000,0.0000,5,0,0,0,0,5,0,0,0,0
sc,zn1212,2012-06-29 09:01:08.000,14405.0000,11630,0,0.0000,0.0000,0,0,多换,B,14350.0000,0.0000,0.0000,0.0000,0.0000,14370.0000,0.0000,0.0000,0.0000,0.0000,20,0,0,0,0,5,0,0,0,0
sc,zn1212,2012-06-29 09:01:08.500,14405.0000,11630,0,0.0000,0.0000,0,0,多换,B,14350.0000,0.0000,0.0000,0.0000,0.0000,14385.0000,0.0000,0.0000,0.0000,0.0000,25,0,0,0,0,5,0,0,0,0
sc,zn1212,2012-06-29 09:01:09.000,14405.0000,11630,0,0.0000,0.0000,0,0,多换,B,14350.0000,0.0000,0.0000,0.0000,0.0000,14375.0000,0.0000,0.0000,0.0000,0.0000,25,0,0,0,0,5,0,0,0,0
sc,zn1212,2012-06-29 09:01:09.500,14405.0000,11630,0,0.0000,0.0000,0,0,多换,B,14350.0000,0.0000,0.0000,0.0000,0.0000,14370.0000,0.0000,0.0000,0.0000,0.0000,25,0,0,0,0,5,0,0,0,0
sc,zn1212,2012-06-29 09:01:10.000,14405.0000,11630,0,0.0000,0.0000,0,0,多换,B,14350.0000,0.0000,0.0000,0.0000,0.0000,14370.0000,0.0000,0.0000,0.0000,0.0000,20,0,0,0,0,5,0,0,0,0
sc,zn1212,2012-06-29 09:01:10.500,14405.0000,11630,0,0.0000,0.0000,0,0,多换,B,14350.0000,0.0000,0.0000,0.0000,0.0000,14370.0000,0.0000,0.0000,0.0000,0.0000,25,0,0,0,0,5,0,0,0,0
sc,zn1212,2012-06-29 09:01:16.000,14405.0000,11630,0,0.0000,0.0000,0,0,多换,B,14350.0000,0.0000,0.0000,0.0000,0.0000,14370.0000,0.0000,0.0000,0.0000,0.0000,25,0,0,0,0,5,0,0,0,0
sc,zn1212,2012-06-29 09:01:16.500,14405.0000,11630,0,0.0000,0.0000,0,0,多换,B,14350.0000,0.0000,0.0000,0.0000,0.0000,14370.0000,0.0000,0.0000,0.0000,0.0000,20,0,0,0,0,5,0,0,0,0
sc,zn1212,2012-06-29 09:01:18.500,14405.0000,11630,0,0.0000,0.0000,0,0,多换,B,14355.0000,0.0000,0.0000,0.0000,0.0000,14370.0000,0.0000,0.0000,0.0000,0.0000,3,0,0,0,0,5,0,0,0,0
sc,zn1212,2012-06-29 09:01:19.000,14405.0000,11630,0,0.0000,0.0000,0,0,多换,B,14355.0000,0.0000,0.0000,0.0000,0.0000,14385.0000,0.0000,0.0000,0.0000,0.0000,3,0,0,0,0,5,0,0,0,0
sc,zn1212,2012-06-29 09:01:19.500,14405.0000,11630,0,0.0000,0.0000,0,0,多换,B,14355.0000,0.0000,0.0000,0.0000,0.0000,14375.0000,0.0000,0.0000,0.0000,0.0000,3,0,0,0,0,5,0,0,0,0
sc,zn1212,2012-06-29 09:01:20.000,14405.0000,11630,0,0.0000,0.0000,0,0,多换,B,14350.0000,0.0000,0.0000,0.0000,0.0000,14375.0000,0.0000,0.0000,0.0000,0.0000,20,0,0,0,0,5,0,0,0,0
sc,zn1212,2012-06-29 09:01:20.500,14405.0000,11630,0,0.0000,0.0000,0,0,多换,B,14350.0000,0.0000,0.0000,0.0000,0.0000,14375.0000,0.0000,0.0000,0.0000,0.0000,23,0,0,0,0,5,0,0,0,0
sc,zn1212,2012-06-29 09:01:21.000,14405.0000,11630,0,0.0000,0.0000,0,0,多换,B,14350.0000,0.0000,0.0000,0.0000,0.0000,14370.0000,0.0000,0.0000,0.0000,0.0000,23,0,0,0,0,5,0,0,0,0
sc,zn1212,2012-06-29 09:01:21.500,14405.0000,11630,0,0.0000,0.0000,0,0,多换,B,14350.0000,0.0000,0.0000,0.0000,0.0000,14380.0000,0.0000,0.0000,0.0000,0.0000,23,0,0,0,0,3,0,0,0,0
sc,zn1212,2012-06-29 09:01:22.000,14405.0000,11630,0,0.0000,0.0000,0,0,多换,B,14355.0000,0.0000,0.0000,0.0000,0.0000,14375.0000,0.0000,0.0000,0.0000,0.0000,3,0,0,0,0,5,0,0,0,0
sc,zn1212,2012-06-29 09:01:24.000,14405.0000,11630,0,0.0000,0.0000,0,0,多换,B,14355.0000,0.0000,0.0000,0.0000,0.0000,14375.0000,0.0000,0.0000,0.0000,0.0000,3,0,0,0,0,5,0,0,0,0
sc,zn1212,2012-06-29 09:01:25.000,14405.0000,11630,0,0.0000,0.0000,0,0,多换,B,14355.0000,0.0000,0.0000,0.0000,0.0000,14370.0000,0.0000,0.0000,0.0000,0.0000,3,0,0,0,0,5,0,0,0,0
sc,zn1212,2012-06-29 09:01:26.000,14405.0000,11630,0,0.0000,0.0000,0,0,多换,B,14355.0000,0.0000,0.0000,0.0000,0.0000,14385.0000,0.0000,0.0000,0.0000,0.0000,8,0,0,0,0,5,0,0,0,0
sc,zn1212,2012-06-29 09:01:26.500,14405.0000,11630,0,0.0000,0.0000,0,0,多换,B,14355.0000,0.0000,0.0000,0.0000,0.0000,14375.0000,0.0000,0.0000,0.0000,0.0000,3,0,0,0,0,5,0,0,0,0
sc,zn1212,2012-06-29 09:01:27.500,14405.0000,11630,0,0.0000,0.0000,0,0,多换,B,14355.0000,0.0000,0.0000,0.0000,0.0000,14375.0000,0.0000,0.0000,0.0000,0.0000,8,0,0,0,0,5,0,0,0,0
sc,zn1212,2012-06-29 09:01:40.500,14405.0000,11630,0,0.0000,0.0000,0,0,多换,B,14355.0000,0.0000,0.0000,0.0000,0.0000,14370.0000,0.0000,0.0000,0.0000,0.0000,3,0,0,0,0,5,0,0,0,0
sc,zn1212,2012-06-29 09:01:41.500,14405.0000,11630,0,0.0000,0.0000,0,0,多换,B,14355.0000,0.0000,0.0000,0.0000,0.0000,14385.0000,0.0000,0.0000,0.0000,0.0000,3,0,0,0,0,5,0,0,0,0
sc,zn1212,2012-06-29 09:01:42.000,14405.0000,11630,0,0.0000,0.0000,0,0,多换,B,14355.0000,0.0000,0.0000,0.0000,0.0000,14375.0000,0.0000,0.0000,0.0000,0.0000,3,0,0,0,0,5,0,0,0,0
sc,zn1212,2012-06-29 09:01:44.000,14405.0000,11630,0,0.0000,0.0000,0,0,多换,B,14355.0000,0.0000,0.0000,0.0000,0.0000,14375.0000,0.0000,0.0000,0.0000,0.0000,8,0,0,0,0,5,0,0,0,0
sc,zn1212,2012-06-29 09:01:46.500,14405.0000,11630,0,0.0000,0.0000,0,0,多换,B,14355.0000,0.0000,0.0000,0.0000,0.0000,14375.0000,0.0000,0.0000,0.0000,0.0000,3,0,0,0,0,5,0,0,0,0
sc,zn1212,2012-06-29 09:01:53.500,14405.0000,11630,0,0.0000,0.0000,0,0,多换,B,14355.0000,0.0000,0.0000,0.0000,0.0000,14375.0000,0.0000,0.0000,0.0000,0.0000,8,0,0,0,0,5,0,0,0,0
sc,zn1212,2012-06-29 09:01:54.500,14405.0000,11630,0,0.0000,0.0000,0,0,多换,B,14355.0000,0.0000,0.0000,0.0000,0.0000,14370.0000,0.0000,0.0000,0.0000,0.0000,3,0,0,0,0,5,0,0,0,0
sc,zn1212,2012-06-29 09:01:58.000,14405.0000,11630,0,0.0000,0.0000,0,0,多换,B,14355.0000,0.0000,0.0000,0.0000,0.0000,14365.0000,0.0000,0.0000,0.0000,0.0000,3,0,0,0,0,5,0,0,0,0
sc,zn1212,2012-06-29 09:02:00.500,14405.0000,11630,0,0.0000,0.0000,0,0,多换,B,14350.0000,0.0000,0.0000,0.0000,0.0000,14385.0000,0.0000,0.0000,0.0000,0.0000,20,0,0,0,0,5,0,0,0,0
sc,zn1212,2012-06-29 09:02:01.000,14405.0000,11630,0,0.0000,0.0000,0,0,多换,B,14350.0000,0.0000,0.0000,0.0000,0.0000,14370.0000,0.0000,0.0000,0.0000,0.0000,28,0,0,0,0,5,0,0,0,0
sc,zn1212,2012-06-29 09:02:01.500,14405.0000,11630,0,0.0000,0.0000,0,0,多换,B,14350.0000,0.0000,0.0000,0.0000,0.0000,14370.0000,0.0000,0.0000,0.0000,0.0000,28,0,0,0,0,5,0,0,0,0
sc,zn1212,2012-06-29 09:02:04.500,14405.0000,11630,0,0.0000,0.0000,0,0,多换,B,14350.0000,0.0000,0.0000,0.0000,0.0000,14370.0000,0.0000,0.0000,0.0000,0.0000,23,0,0,0,0,5,0,0,0,0
sc,zn1212,2012-06-29 09:02:07.000,14405.0000,11630,0,0.0000,0.0000,0,0,多换,B,14350.0000,0.0000,0.0000,0.0000,0.0000,14370.0000,0.0000,0.0000,0.0000,0.0000,23,0,0,0,0,5,0,0,0,0
sc,zn1212,2012-06-29 09:02:07.500,14405.0000,11630,0,0.0000,0.0000,0,0,多换,B,14350.0000,0.0000,0.0000,0.0000,0.0000,14370.0000,0.0000,0.0000,0.0000,0.0000,20,0,0,0,0,5,0,0,0,0
sc,zn1212,2012-06-29 09:02:08.000,14405.0000,11630,0,0.0000,0.0000,0,0,多换,B,14350.0000,0.0000,0.0000,0.0000,0.0000,14370.0000,0.0000,0.0000,0.0000,0.0000,23,0,0,0,0,5,0,0,0,0
sc,zn1212,2012-06-29 09:02:12.000,14405.0000,11630,0,0.0000,0.0000,0,0,多换,B,14350.0000,0.0000,0.0000,0.0000,0.0000,14370.0000,0.0000,0.0000,0.0000,0.0000,20,0,0,0,0,5,0,0,0,0
sc,zn1212,2012-06-29 09:02:13.000,14405.0000,11630,0,0.0000,0.0000,0,0,多换,B,14350.0000,0.0000,0.0000,0.0000,0.0000,14370.0000,0.0000,0.0000,0.0000,0.0000,23,0,0,0,0,5,0,0,0,0
sc,zn1212,2012-06-29 09:02:14.500,14405.0000,11630,0,0.0000,0.0000,0,0,多换,B,14355.0000,0.0000,0.0000,0.0000,0.0000,14370.0000,0.0000,0.0000,0.0000,0.0000,3,0,0,0,0,5,0,0,0,0
sc,zn1212,2012-06-29 09:02:24.500,14405.0000,11630,0,0.0000,0.0000,0,0,多换,B,14355.0000,0.0000,0.0000,0.0000,0.0000,14370.0000,0.0000,0.0000,0.0000,0.0000,3,0,0,0,0,5,0,0,0,0
sc,zn1212,2012-06-29 09:02:26.500,14405.0000,11630,0,0.0000,0.0000,0,0,多换,B,14355.0000,0.0000,0.0000,0.0000,0.0000,14370.0000,0.0000,0.0000,0.0000,0.0000,3,0,0,0,0,5,0,0,0,0
sc,zn1212,2012-06-29 09:02:27.000,14405.0000,11630,0,0.0000,0.0000,0,0,多换,B,14355.0000,0.0000,0.0000,0.0000,0.0000,14370.0000,0.0000,0.0000,0.0000,0.0000,3,0,0,0,0,5,0,0,0,0
sc,zn1212,2012-06-29 09:02:29.500,14405.0000,11630,0,0.0000,0.0000,0,0,多换,B,14355.0000,0.0000,0.0000,0.0000,0.0000,14365.0000,0.0000,0.0000,0.0000,0.0000,3,0,0,0,0,5,0,0,0,0
sc,zn1212,2012-06-29 09:02:33.000,14405.0000,11630,0,0.0000,0.0000,0,0,多换,B,14355.0000,0.0000,0.0000,0.0000,0.0000,14385.0000,0.0000,0.0000,0.0000,0.0000,3,0,0,0,0,6,0,0,0,0
sc,zn1212,2012-06-29 09:02:33.500,14405.0000,11630,0,0.0000,0.0000,0,0,多换,B,14355.0000,0.0000,0.0000,0.0000,0.0000,14370.0000,0.0000,0.0000,0.0000,0.0000,3,0,0,0,0,5,0,0,0,0
sc,zn1212,2012-06-29 09:02:40.500,14405.0000,11630,0,0.0000,0.0000,0,0,多换,B,14355.0000,0.0000,0.0000,0.0000,0.0000,14385.0000,0.0000,0.0000,0.0000,0.0000,3,0,0,0,0,6,0,0,0,0
sc,zn1212,2012-06-29 09:02:41.000,14405.0000,11630,0,0.0000,0.0000,0,0,多换,B,14355.0000,0.0000,0.0000,0.0000,0.0000,14375.0000,0.0000,0.0000,0.0000,0.0000,3,0,0,0,0,5,0,0,0,0
sc,zn1212,2012-06-29 09:02:45.500,14405.0000,11630,0,0.0000,0.0000,0,0,多换,B,14355.0000,0.0000,0.0000,0.0000,0.0000,14375.0000,0.0000,0.0000,0.0000,0.0000,8,0,0,0,0,5,0,0,0,0
sc,zn1212,2012-06-29 09:02:46.500,14405.0000,11630,0,0.0000,0.0000,0,0,多换,B,14355.0000,0.0000,0.0000,0.0000,0.0000,14375.0000,0.0000,0.0000,0.0000,0.0000,3,0,0,0,0,5,0,0,0,0
sc,zn1212,2012-06-29 09:02:50.000,14405.0000,11630,0,0.0000,0.0000,0,0,多换,B,14355.0000,0.0000,0.0000,0.0000,0.0000,14375.0000,0.0000,0.0000,0.0000,0.0000,8,0,0,0,0,5,0,0,0,0
sc,zn1212,2012-06-29 09:02:50.500,14405.0000,11630,0,0.0000,0.0000,0,0,多换,B,14355.0000,0.0000,0.0000,0.0000,0.0000,14375.0000,0.0000,0.0000,0.0000,0.0000,3,0,0,0,0,5,0,0,0,0
sc,zn1212,2012-06-29 09:02:53.000,14405.0000,11630,0,0.0000,0.0000,0,0,多换,B,14355.0000,0.0000,0.0000,0.0000,0.0000,14370.0000,0.0000,0.0000,0.0000,0.0000,3,0,0,0,0,5,0,0,0,0
sc,zn1212,2012-06-29 09:02:54.500,14405.0000,11630,0,0.0000,0.0000,0,0,多换,B,14355.0000,0.0000,0.0000,0.0000,0.0000,14385.0000,0.0000,0.0000,0.0000,0.0000,3,0,0,0,0,6,0,0,0,0
sc,zn1212,2012-06-29 09:02:55.000,14405.0000,11630,0,0.0000,0.0000,0,0,多换,B,14355.0000,0.0000,0.0000,0.0000,0.0000,14375.0000,0.0000,0.0000,0.0000,0.0000,3,0,0,0,0,5,0,0,0,0
sc,zn1212,2012-06-29 09:02:57.500,14405.0000,11630,0,0.0000,0.0000,0,0,多换,B,14355.0000,0.0000,0.0000,0.0000,0.0000,14370.0000,0.0000,0.0000,0.0000,0.0000,3,0,0,0,0,5,0,0,0,0
sc,zn1212,2012-06-29 09:02:58.000,14405.0000,11630,0,0.0000,0.0000,0,0,多换,B,14355.0000,0.0000,0.0000,0.0000,0.0000,14385.0000,0.0000,0.0000,0.0000,0.0000,8,0,0,0,0,6,0,0,0,0
sc,zn1212,2012-06-29 09:02:58.500,14405.0000,11630,0,0.0000,0.0000,0,0,多换,B,14355.0000,0.0000,0.0000,0.0000,0.0000,14380.0000,0.0000,0.0000,0.0000,0.0000,8,0,0,0,0,5,0,0,0,0
sc,zn1212,2012-06-29 09:03:08.500,14405.0000,11630,0,0.0000,0.0000,0,0,多换,B,14360.0000,0.0000,0.0000,0.0000,0.0000,14380.0000,0.0000,0.0000,0.0000,0.0000,5,0,0,0,0,5,0,0,0,0
sc,zn1212,2012-06-29 09:03:09.000,14405.0000,11630,0,0.0000,0.0000,0,0,多换,B,14360.0000,0.0000,0.0000,0.0000,0.0000,14380.0000,0.0000,0.0000,0.0000,0.0000,5,0,0,0,0,5,0,0,0,0
sc,zn1212,2012-06-29 09:03:14.000,14405.0000,11630,0,0.0000,0.0000,0,0,多换,B,14355.0000,0.0000,0.0000,0.0000,0.0000,14375.0000,0.0000,0.0000,0.0000,0.0000,3,0,0,0,0,5,0,0,0,0
sc,zn1212,2012-06-29 09:03:23.500,14405.0000,11630,0,0.0000,0.0000,0,0,多换,B,14360.0000,0.0000,0.0000,0.0000,0.0000,14385.0000,0.0000,0.0000,0.0000,0.0000,5,0,0,0,0,5,0,0,0,0
sc,zn1212,2012-06-29 09:03:24.000,14405.0000,11630,0,0.0000,0.0000,0,0,多换,B,14355.0000,0.0000,0.0000,0.0000,0.0000,14380.0000,0.0000,0.0000,0.0000,0.0000,3,0,0,0,0,5,0,0,0,0
sc,zn1212,2012-06-29 09:03:25.000,14405.0000,11630,0,0.0000,0.0000,0,0,多换,B,14355.0000,0.0000,0.0000,0.0000,0.0000,14380.0000,0.0000,0.0000,0.0000,0.0000,8,0,0,0,0,5,0,0,0,0
sc,zn1212,2012-06-29 09:03:26.500,14355.0000,11630,0,143550.0000,2.0000,1,1,空换,S,14360.0000,0.0000,0.0000,0.0000,0.0000,14380.0000,0.0000,0.0000,0.0000,0.0000,2,0,0,0,0,5,0,0,0,0
sc,zn1212,2012-06-29 09:03:27.000,14355.0000,11630,0,0.0000,0.0000,0,0,空换,S,14360.0000,0.0000,0.0000,0.0000,0.0000,14380.0000,0.0000,0.0000,0.0000,0.0000,2,0,0,0,0,5,0,0,0,0
sc,zn1212,2012-06-29 09:03:34.500,14355.0000,11630,0,0.0000,0.0000,0,0,空换,S,14360.0000,0.0000,0.0000,0.0000,0.0000,14375.0000,0.0000,0.0000,0.0000,0.0000,2,0,0,0,0,5,0,0,0,0
sc,zn1212,2012-06-29 09:03:36.000,14355.0000,11630,0,0.0000,0.0000,0,0,空换,S,14360.0000,0.0000,0.0000,0.0000,0.0000,14375.0000,0.0000,0.0000,0.0000,0.0000,2,0,0,0,0,5,0,0,0,0
sc,zn1212,2012-06-29 09:03:36.500,14355.0000,11630,0,0.0000,0.0000,0,0,空换,S,14360.0000,0.0000,0.0000,0.0000,0.0000,14375.0000,0.0000,0.0000,0.0000,0.0000,2,0,0,0,0,5,0,0,0,0
sc,zn1212,2012-06-29 09:03:39.000,14355.0000,11630,0,0.0000,0.0000,0,0,空换,S,14360.0000,0.0000,0.0000,0.0000,0.0000,14370.0000,0.0000,0.0000,0.0000,0.0000,2,0,0,0,0,5,0,0,0,0
sc,zn1212,2012-06-29 09:03:39.500,14355.0000,11630,0,0.0000,0.0000,0,0,空换,S,14360.0000,0.0000,0.0000,0.0000,0.0000,14385.0000,0.0000,0.0000,0.0000,0.0000,2,0,0,0,0,5,0,0,0,0
sc,zn1212,2012-06-29 09:03:40.000,14355.0000,11630,0,0.0000,0.0000,0,0,空换,S,14360.0000,0.0000,0.0000,0.0000,0.0000,14380.0000,0.0000,0.0000,0.0000,0.0000,2,0,0,0,0,5,0,0,0,0
sc,zn1212,2012-06-29 09:03:40.500,14355.0000,11630,0,0.0000,0.0000,0,0,空换,S,14360.0000,0.0000,0.0000,0.0000,0.0000,14375.0000,0.0000,0.0000,0.0000,0.0000,2,0,0,0,0,5,0,0,0,0
sc,zn1212,2012-06-29 09:03:41.000,14355.0000,11630,0,0.0000,0.0000,0,0,空换,S,14360.0000,0.0000,0.0000,0.0000,0.0000,14370.0000,0.0000,0.0000,0.0000,0.0000,2,0,0,0,0,5,0,0,0,0
sc,zn1212,2012-06-29 09:03:41.500,14355.0000,11630,0,0.0000,0.0000,0,0,空换,S,14360.0000,0.0000,0.0000,0.0000,0.0000,14385.0000,0.0000,0.0000,0.0000,0.0000,2,0,0,0,0,6,0,0,0,0
sc,zn1212,2012-06-29 09:03:42.000,14355.0000,11630,0,0.0000,0.0000,0,0,空换,S,14360.0000,0.0000,0.0000,0.0000,0.0000,14380.0000,0.0000,0.0000,0.0000,0.0000,2,0,0,0,0,5,0,0,0,0
sc,zn1212,2012-06-29 09:03:42.500,14355.0000,11630,0,0.0000,0.0000,0,0,空换,S,14360.0000,0.0000,0.0000,0.0000,0.0000,14375.0000,0.0000,0.0000,0.0000,0.0000,2,0,0,0,0,5,0,0,0,0
sc,zn1212,2012-06-29 09:03:58.000,14355.0000,11630,0,0.0000,0.0000,0,0,空换,S,14350.0000,0.0000,0.0000,0.0000,0.0000,14375.0000,0.0000,0.0000,0.0000,0.0000,20,0,0,0,0,5,0,0,0,0
sc,zn1212,2012-06-29 09:03:58.500,14355.0000,11630,0,0.0000,0.0000,0,0,空换,S,14355.0000,0.0000,0.0000,0.0000,0.0000,14370.0000,0.0000,0.0000,0.0000,0.0000,2,0,0,0,0,5,0,0,0,0
sc,zn1212,2012-06-29 09:04:04.500,14355.0000,11630,0,0.0000,0.0000,0,0,空换,S,14355.0000,0.0000,0.0000,0.0000,0.0000,14385.0000,0.0000,0.0000,0.0000,0.0000,2,0,0,0,0,5,0,0,0,0
sc,zn1212,2012-06-29 09:04:05.000,14355.0000,11630,0,0.0000,0.0000,0,0,空换,S,14355.0000,0.0000,0.0000,0.0000,0.0000,14375.0000,0.0000,0.0000,0.0000,0.0000,2,0,0,0,0,5,0,0,0,0
sc,zn1212,2012-06-29 09:04:07.500,14355.0000,11630,0,0.0000,0.0000,0,0,空换,S,14355.0000,0.0000,0.0000,0.0000,0.0000,14370.0000,0.0000,0.0000,0.0000,0.0000,2,0,0,0,0,5,0,0,0,0
sc,zn1212,2012-06-29 09:04:11.000,14355.0000,11630,0,0.0000,0.0000,0,0,空换,S,14355.0000,0.0000,0.0000,0.0000,0.0000,14385.0000,0.0000,0.0000,0.0000,0.0000,7,0,0,0,0,6,0,0,0,0
sc,zn1212,2012-06-29 09:04:11.500,14355.0000,11630,0,0.0000,0.0000,0,0,空换,S,14355.0000,0.0000,0.0000,0.0000,0.0000,14375.0000,0.0000,0.0000,0.0000,0.0000,7,0,0,0,0,5,0,0,0,0
sc,zn1212,2012-06-29 09:04:15.500,14355.0000,11630,0,0.0000,0.0000,0,0,空换,S,14355.0000,0.0000,0.0000,0.0000,0.0000,14375.0000,0.0000,0.0000,0.0000,0.0000,2,0,0,0,0,5,0,0,0,0
sc,zn1212,2012-06-29 09:04:17.000,14355.0000,11630,0,0.0000,0.0000,0,0,空换,S,14355.0000,0.0000,0.0000,0.0000,0.0000,14370.0000,0.0000,0.0000,0.0000,0.0000,2,0,0,0,0,5,0,0,0,0
sc,zn1212,2012-06-29 09:04:24.000,14355.0000,11630,0,0.0000,0.0000,0,0,空换,S,14355.0000,0.0000,0.0000,0.0000,0.0000,14385.0000,0.0000,0.0000,0.0000,0.0000,2,0,0,0,0,6,0,0,0,0
sc,zn1212,2012-06-29 09:04:24.500,14355.0000,11630,0,0.0000,0.0000,0,0,空换,S,14355.0000,0.0000,0.0000,0.0000,0.0000,14375.0000,0.0000,0.0000,0.0000,0.0000,2,0,0,0,0,5,0,0,0,0
sc,zn1212,2012-06-29 09:04:28.000,14355.0000,11630,0,0.0000,0.0000,0,0,空换,S,14355.0000,0.0000,0.0000,0.0000,0.0000,14375.0000,0.0000,0.0000,0.0000,0.0000,7,0,0,0,0,5,0,0,0,0
sc,zn1212,2012-06-29 09:04:28.500,14355.0000,11630,0,0.0000,0.0000,0,0,空换,S,14355.0000,0.0000,0.0000,0.0000,0.0000,14375.0000,0.0000,0.0000,0.0000,0.0000,2,0,0,0,0,5,0,0,0,0
sc,zn1212,2012-06-29 09:04:29.000,14355.0000,11630,0,0.0000,0.0000,0,0,空换,S,14355.0000,0.0000,0.0000,0.0000,0.0000,14370.0000,0.0000,0.0000,0.0000,0.0000,2,0,0,0,0,5,0,0,0,0
sc,zn1212,2012-06-29 09:04:29.500,14355.0000,11630,0,0.0000,0.0000,0,0,空换,S,14355.0000,0.0000,0.0000,0.0000,0.0000,14370.0000,0.0000,0.0000,0.0000,0.0000,2,0,0,0,0,7,0,0,0,0
sc,zn1212,2012-06-29 09:04:31.500,14355.0000,11630,0,0.0000,0.0000,0,0,空换,S,14355.0000,0.0000,0.0000,0.0000,0.0000,14370.0000,0.0000,0.0000,0.0000,0.0000,7,0,0,0,0,2,0,0,0,0
sc,zn1212,2012-06-29 09:04:34.000,14355.0000,11630,0,0.0000,0.0000,0,0,空换,S,14355.0000,0.0000,0.0000,0.0000,0.0000,14370.0000,0.0000,0.0000,0.0000,0.0000,2,0,0,0,0,7,0,0,0,0
sc,zn1212,2012-06-29 09:04:34.500,14355.0000,11630,0,0.0000,0.0000,0,0,空换,S,14355.0000,0.0000,0.0000,0.0000,0.0000,14370.0000,0.0000,0.0000,0.0000,0.0000,2,0,0,0,0,7,0,0,0,0
sc,zn1212,2012-06-29 09:04:39.500,14355.0000,11630,0,0.0000,0.0000,0,0,空换,S,14355.0000,0.0000,0.0000,0.0000,0.0000,14370.0000,0.0000,0.0000,0.0000,0.0000,2,0,0,0,0,7,0,0,0,0
sc,zn1212,2012-06-29 09:04:40.000,14355.0000,11630,0,0.0000,0.0000,0,0,空换,S,14355.0000,0.0000,0.0000,0.0000,0.0000,14370.0000,0.0000,0.0000,0.0000,0.0000,7,0,0,0,0,2,0,0,0,0
sc,zn1212,2012-06-29 09:04:41.000,14355.0000,11630,0,0.0000,0.0000,0,0,空换,S,14355.0000,0.0000,0.0000,0.0000,0.0000,14370.0000,0.0000,0.0000,0.0000,0.0000,9,0,0,0,0,2,0,0,0,0
sc,zn1212,2012-06-29 09:04:46.500,14355.0000,11630,0,0.0000,0.0000,0,0,空换,S,14360.0000,0.0000,0.0000,0.0000,0.0000,14370.0000,0.0000,0.0000,0.0000,0.0000,5,0,0,0,0,2,0,0,0,0
sc,zn1212,2012-06-29 09:04:47.500,14370.0000,11630,0,287400.0000,4.0000,2,2,多换,B,14370.0000,0.0000,0.0000,0.0000,0.0000,14375.0000,0.0000,0.0000,0.0000,0.0000,2,0,0,0,0,2,0,0,0,0
sc,zn1212,2012-06-29 09:04:48.000,14370.0000,11630,0,0.0000,0.0000,0,0,多换,B,14370.0000,0.0000,0.0000,0.0000,0.0000,14375.0000,0.0000,0.0000,0.0000,0.0000,4,0,0,0,0,2,0,0,0,0
sc,zn1212,2012-06-29 09:04:50.500,14370.0000,11630,0,0.0000,0.0000,0,0,多换,B,14370.0000,0.0000,0.0000,0.0000,0.0000,14385.0000,0.0000,0.0000,0.0000,0.0000,4,0,0,0,0,5,0,0,0,0
sc,zn1212,2012-06-29 09:04:51.000,14370.0000,11630,0,0.0000,0.0000,0,0,多换,B,14370.0000,0.0000,0.0000,0.0000,0.0000,14380.0000,0.0000,0.0000,0.0000,0.0000,4,0,0,0,0,5,0,0,0,0
sc,zn1212,2012-06-29 09:04:51.500,14370.0000,11630,0,0.0000,0.0000,0,0,多换,B,14375.0000,0.0000,0.0000,0.0000,0.0000,14380.0000,0.0000,0.0000,0.0000,0.0000,2,0,0,0,0,5,0,0,0,0
sc,zn1212,2012-06-29 09:04:52.000,14370.0000,11630,0,0.0000,0.0000,0,0,多换,B,14375.0000,0.0000,0.0000,0.0000,0.0000,14400.0000,0.0000,0.0000,0.0000,0.0000,2,0,0,0,0,1,0,0,0,0
sc,zn1212,2012-06-29 09:04:52.500,14370.0000,11630,0,0.0000,0.0000,0,0,多换,B,14375.0000,0.0000,0.0000,0.0000,0.0000,14385.0000,0.0000,0.0000,0.0000,0.0000,2,0,0,0,0,5,0,0,0,0
sc,zn1212,2012-06-29 09:04:53.500,14370.0000,11630,0,0.0000,0.0000,0,0,多换,B,14375.0000,0.0000,0.0000,0.0000,0.0000,14385.0000,0.0000,0.0000,0.0000,0.0000,2,0,0,0,0,5,0,0,0,0
sc,zn1212,2012-06-29 09:04:54.000,14370.0000,11630,0,0.0000,0.0000,0,0,多换,B,14375.0000,0.0000,0.0000,0.0000,0.0000,14400.0000,0.0000,0.0000,0.0000,0.0000,2,0,0,0,0,1,0,0,0,0
sc,zn1212,2012-06-29 09:04:54.500,14370.0000,11630,0,0.0000,0.0000,0,0,多换,B,14375.0000,0.0000,0.0000,0.0000,0.0000,14395.0000,0.0000,0.0000,0.0000,0.0000,2,0,0,0,0,5,0,0,0,0
sc,zn1212,2012-06-29 09:04:55.000,14370.0000,11630,0,0.0000,0.0000,0,0,多换,B,14375.0000,0.0000,0.0000,0.0000,0.0000,14395.0000,0.0000,0.0000,0.0000,0.0000,7,0,0,0,0,5,0,0,0,0
sc,zn1212,2012-06-29 09:04:56.000,14370.0000,11630,0,0.0000,0.0000,0,0,多换,B,14375.0000,0.0000,0.0000,0.0000,0.0000,14395.0000,0.0000,0.0000,0.0000,0.0000,2,0,0,0,0,5,0,0,0,0
sc,zn1212,2012-06-29 09:04:56.500,14370.0000,11630,0,0.0000,0.0000,0,0,多换,B,14375.0000,0.0000,0.0000,0.0000,0.0000,14395.0000,0.0000,0.0000,0.0000,0.0000,7,0,0,0,0,5,0,0,0,0
sc,zn1212,2012-06-29 09:04:57.000,14370.0000,11630,0,0.0000,0.0000,0,0,多换,B,14375.0000,0.0000,0.0000,0.0000,0.0000,14395.0000,0.0000,0.0000,0.0000,0.0000,2,0,0,0,0,5,0,0,0,0
sc,zn1212,2012-06-29 09:05:01.000,14370.0000,11630,0,0.0000,0.0000,0,0,多换,B,14375.0000,0.0000,0.0000,0.0000,0.0000,14390.0000,0.0000,0.0000,0.0000,0.0000,2,0,0,0,0,5,0,0,0,0
sc,zn1212,2012-06-29 09:05:02.000,14370.0000,11630,0,0.0000,0.0000,0,0,多换,B,14375.0000,0.0000,0.0000,0.0000,0.0000,14400.0000,0.0000,0.0000,0.0000,0.0000,2,0,0,0,0,6,0,0,0,0
sc,zn1212,2012-06-29 09:05:02.500,14370.0000,11630,0,0.0000,0.0000,0,0,多换,B,14375.0000,0.0000,0.0000,0.0000,0.0000,14395.0000,0.0000,0.0000,0.0000,0.0000,2,0,0,0,0,5,0,0,0,0
sc,zn1212,2012-06-29 09:05:05.000,14370.0000,11630,0,0.0000,0.0000,0,0,多换,B,14375.0000,0.0000,0.0000,0.0000,0.0000,14390.0000,0.0000,0.0000,0.0000,0.0000,7,0,0,0,0,5,0,0,0,0
sc,zn1212,2012-06-29 09:05:07.500,14370.0000,11630,0,0.0000,0.0000,0,0,多换,B,14380.0000,0.0000,0.0000,0.0000,0.0000,14395.0000,0.0000,0.0000,0.0000,0.0000,5,0,0,0,0,5,0,0,0,0
sc,zn1212,2012-06-29 09:05:08.000,14370.0000,11630,0,0.0000,0.0000,0,0,多换,B,14385.0000,0.0000,0.0000,0.0000,0.0000,14395.0000,0.0000,0.0000,0.0000,0.0000,5,0,0,0,0,5,0,0,0,0
sc,zn1212,2012-06-29 09:05:08.500,14370.0000,11630,0,0.0000,0.0000,0,0,多换,B,14390.0000,0.0000,0.0000,0.0000,0.0000,14400.0000,0.0000,0.0000,0.0000,0.0000,2,0,0,0,0,1,0,0,0,0
sc,zn1212,2012-06-29 09:05:09.000,14370.0000,11630,0,0.0000,0.0000,0,0,多换,B,14390.0000,0.0000,0.0000,0.0000,0.0000,14400.0000,0.0000,0.0000,0.0000,0.0000,2,0,0,0,0,6,0,0,0,0
sc,zn1212,2012-06-29 09:05:09.500,14370.0000,11630,0,0.0000,0.0000,0,0,多换,B,14390.0000,0.0000,0.0000,0.0000,0.0000,14400.0000,0.0000,0.0000,0.0000,0.0000,2,0,0,0,0,6,0,0,0,0
sc,zn1212,2012-06-29 09:05:10.000,14370.0000,11630,0,0.0000,0.0000,0,0,多换,B,14350.0000,0.0000,0.0000,0.0000,0.0000,14400.0000,0.0000,0.0000,0.0000,0.0000,20,0,0,0,0,6,0,0,0,0
sc,zn1212,2012-06-29 09:05:10.500,14370.0000,11630,0,0.0000,0.0000,0,0,多换,B,14385.0000,0.0000,0.0000,0.0000,0.0000,14395.0000,0.0000,0.0000,0.0000,0.0000,2,0,0,0,0,5,0,0,0,0
sc,zn1212,2012-06-29 09:05:11.000,14370.0000,11630,0,0.0000,0.0000,0,0,多换,B,14385.0000,0.0000,0.0000,0.0000,0.0000,14395.0000,0.0000,0.0000,0.0000,0.0000,2,0,0,0,0,5,0,0,0,0
sc,zn1212,2012-06-29 09:05:11.500,14370.0000,11630,0,0.0000,0.0000,0,0,多换,B,14385.0000,0.0000,0.0000,0.0000,0.0000,14395.0000,0.0000,0.0000,0.0000,0.0000,2,0,0,0,0,10,0,0,0,0
sc,zn1212,2012-06-29 09:05:15.500,14370.0000,11630,0,0.0000,0.0000,0,0,多换,B,14385.0000,0.0000,0.0000,0.0000,0.0000,14395.0000,0.0000,0.0000,0.0000,0.0000,2,0,0,0,0,10,0,0,0,0
sc,zn1212,2012-06-29 09:05:19.000,14370.0000,11630,0,0.0000,0.0000,0,0,多换,B,14390.0000,0.0000,0.0000,0.0000,0.0000,14395.0000,0.0000,0.0000,0.0000,0.0000,2,0,0,0,0,5,0,0,0,0
sc,zn1212,2012-06-29 09:05:19.500,14370.0000,11630,0,0.0000,0.0000,0,0,多换,B,14390.0000,0.0000,0.0000,0.0000,0.0000,14395.0000,0.0000,0.0000,0.0000,0.0000,2,0,0,0,0,10,0,0,0,0
sc,zn1212,2012-06-29 09:05:20.500,14370.0000,11630,0,0.0000,0.0000,0,0,多换,B,14355.0000,0.0000,0.0000,0.0000,0.0000,14395.0000,0.0000,0.0000,0.0000,0.0000,28,0,0,0,0,10,0,0,0,0
sc,zn1212,2012-06-29 09:05:21.000,14370.0000,11630,0,0.0000,0.0000,0,0,多换,B,14380.0000,0.0000,0.0000,0.0000,0.0000,14395.0000,0.0000,0.0000,0.0000,0.0000,5,0,0,0,0,10,0,0,0,0
sc,zn1212,2012-06-29 09:05:22.500,14370.0000,11630,0,0.0000,0.0000,0,0,多换,B,14385.0000,0.0000,0.0000,0.0000,0.0000,14395.0000,0.0000,0.0000,0.0000,0.0000,2,0,0,0,0,10,0,0,0,0
sc,zn1212,2012-06-29 09:05:23.000,14370.0000,11630,0,0.0000,0.0000,0,0,多换,B,14385.0000,0.0000,0.0000,0.0000,0.0000,14395.0000,0.0000,0.0000,0.0000,0.0000,2,0,0,0,0,10,0,0,0,0
sc,zn1212,2012-06-29 09:05:24.000,14370.0000,11630,0,0.0000,0.0000,0,0,多换,B,14385.0000,0.0000,0.0000,0.0000,0.0000,14395.0000,0.0000,0.0000,0.0000,0.0000,7,0,0,0,0,5,0,0,0,0
sc,zn1212,2012-06-29 09:05:24.500,14395.0000,11640,10,719750.0000,10.0000,10,0,双开,B,14390.0000,0.0000,0.0000,0.0000,0.0000,14400.0000,0.0000,0.0000,0.0000,0.0000,5,0,0,0,0,1,0,0,0,0
sc,zn1212,2012-06-29 09:05:25.000,14395.0000,11640,0,0.0000,0.0000,0,0,多换,B,14390.0000,0.0000,0.0000,0.0000,0.0000,14400.0000,0.0000,0.0000,0.0000,0.0000,5,0,0,0,0,1,0,0,0,0
sc,zn1212,2012-06-29 09:05:25.500,14395.0000,11640,0,0.0000,0.0000,0,0,多换,B,14385.0000,0.0000,0.0000,0.0000,0.0000,14400.0000,0.0000,0.0000,0.0000,0.0000,2,0,0,0,0,6,0,0,0,0
sc,zn1212,2012-06-29 09:05:26.000,14395.0000,11640,0,0.0000,0.0000,0,0,多换,B,14385.0000,0.0000,0.0000,0.0000,0.0000,14400.0000,0.0000,0.0000,0.0000,0.0000,12,0,0,0,0,6,0,0,0,0
sc,zn1212,2012-06-29 09:05:28.000,14395.0000,11640,0,0.0000,0.0000,0,0,多换,B,14385.0000,0.0000,0.0000,0.0000,0.0000,14400.0000,0.0000,0.0000,0.0000,0.0000,12,0,0,0,0,6,0,0,0,0
sc,zn1212,2012-06-29 09:05:33.500,14395.0000,11640,0,0.0000,0.0000,0,0,多换,B,14385.0000,0.0000,0.0000,0.0000,0.0000,14400.0000,0.0000,0.0000,0.0000,0.0000,7,0,0,0,0,11,0,0,0,0
sc,zn1212,2012-06-29 09:05:37.500,14395.0000,11640,0,0.0000,0.0000,0,0,多换,B,14385.0000,0.0000,0.0000,0.0000,0.0000,14395.0000,0.0000,0.0000,0.0000,0.0000,2,0,0,0,0,5,0,0,0,0
sc,zn1212,2012-06-29 09:05:38.500,14395.0000,11640,0,0.0000,0.0000,0,0,多换,B,14385.0000,0.0000,0.0000,0.0000,0.0000,14395.0000,0.0000,0.0000,0.0000,0.0000,2,0,0,0,0,10,0,0,0,0
sc,zn1212,2012-06-29 09:05:39.000,14395.0000,11640,0,0.0000,0.0000,0,0,多换,B,14385.0000,0.0000,0.0000,0.0000,0.0000,14395.0000,0.0000,0.0000,0.0000,0.0000,7,0,0,0,0,5,0,0,0,0
sc,zn1212,2012-06-29 09:05:39.500,14395.0000,11640,0,0.0000,0.0000,0,0,多换,B,14385.0000,0.0000,0.0000,0.0000,0.0000,14400.0000,0.0000,0.0000,0.0000,0.0000,7,0,0,0,0,1,0,0,0,0
sc,zn1212,2012-06-29 09:05:40.000,14395.0000,11640,0,0.0000,0.0000,0,0,多换,B,14385.0000,0.0000,0.0000,0.0000,0.0000,14400.0000,0.0000,0.0000,0.0000,0.0000,7,0,0,0,0,11,0,0,0,0
sc,zn1212,2012-06-29 09:05:41.500,14395.0000,11640,0,0.0000,0.0000,0,0,多换,B,14390.0000,0.0000,0.0000,0.0000,0.0000,14400.0000,0.0000,0.0000,0.0000,0.0000,5,0,0,0,0,6,0,0,0,0
sc,zn1212,2012-06-29 09:05:42.000,14395.0000,11640,0,0.0000,0.0000,0,0,多换,B,14385.0000,0.0000,0.0000,0.0000,0.0000,14400.0000,0.0000,0.0000,0.0000,0.0000,7,0,0,0,0,11,0,0,0,0
sc,zn1212,2012-06-29 09:05:44.000,14395.0000,11640,0,0.0000,0.0000,0,0,多换,B,14385.0000,0.0000,0.0000,0.0000,0.0000,14400.0000,0.0000,0.0000,0.0000,0.0000,12,0,0,0,0,6,0,0,0,0
sc,zn1212,2012-06-29 09:05:44.500,14395.0000,11640,0,0.0000,0.0000,0,0,多换,B,14390.0000,0.0000,0.0000,0.0000,0.0000,14400.0000,0.0000,0.0000,0.0000,0.0000,5,0,0,0,0,1,0,0,0,0
sc,zn1212,2012-06-29 09:05:47.500,14395.0000,11640,0,0.0000,0.0000,0,0,多换,B,14395.0000,0.0000,0.0000,0.0000,0.0000,14400.0000,0.0000,0.0000,0.0000,0.0000,5,0,0,0,0,1,0,0,0,0
sc,zn1212,2012-06-29 09:05:48.000,14400.0000,11640,0,144000.0000,2.0000,1,1,多换,B,14400.0000,0.0000,0.0000,0.0000,0.0000,14430.0000,0.0000,0.0000,0.0000,0.0000,1,0,0,0,0,2,0,0,0,0
sc,zn1212,2012-06-29 09:05:48.500,14400.0000,11640,0,0.0000,0.0000,0,0,多换,B,14400.0000,0.0000,0.0000,0.0000,0.0000,14410.0000,0.0000,0.0000,0.0000,0.0000,1,0,0,0,0,10,0,0,0,0
sc,zn1212,2012-06-29 09:05:49.500,14400.0000,11640,0,0.0000,0.0000,0,0,多换,B,14400.0000,0.0000,0.0000,0.0000,0.0000,14410.0000,0.0000,0.0000,0.0000,0.0000,6,0,0,0,0,5,0,0,0,0
sc,zn1212,2012-06-29 09:05:50.000,14400.0000,11640,0,0.0000,0.0000,0,0,多换,B,14400.0000,0.0000,0.0000,0.0000,0.0000,14430.0000,0.0000,0.0000,0.0000,0.0000,6,0,0,0,0,2,0,0,0,0
sc,zn1212,2012-06-29 09:05:50.500,14400.0000,11640,0,0.0000,0.0000,0,0,多换,B,14400.0000,0.0000,0.0000,0.0000,0.0000,14415.0000,0.0000,0.0000,0.0000,0.0000,6,0,0,0,0,10,0,0,0,0
sc,zn1212,2012-06-29 09:05:51.000,14400.0000,11640,0,0.0000,0.0000,0,0,多换,B,14405.0000,0.0000,0.0000,0.0000,0.0000,14415.0000,0.0000,0.0000,0.0000,0.0000,5,0,0,0,0,5,0,0,0,0
sc,zn1212,2012-06-29 09:05:51.500,14400.0000,11640,0,0.0000,0.0000,0,0,多换,B,14400.0000,0.0000,0.0000,0.0000,0.0000,14415.0000,0.0000,0.0000,0.0000,0.0000,6,0,0,0,0,5,0,0,0,0
sc,zn1212,2012-06-29 09:05:52.000,14400.0000,11640,0,0.0000,0.0000,0,0,多换,B,14410.0000,0.0000,0.0000,0.0000,0.0000,14430.0000,0.0000,0.0000,0.0000,0.0000,5,0,0,0,0,2,0,0,0,0
sc,zn1212,2012-06-29 09:05:52.500,14400.0000,11640,0,0.0000,0.0000,0,0,多换,B,14415.0000,0.0000,0.0000,0.0000,0.0000,14420.0000,0.0000,0.0000,0.0000,0.0000,11,0,0,0,0,5,0,0,0,0
sc,zn1212,2012-06-29 09:05:53.000,14420.0000,11650,10,721000.0000,10.0000,10,0,双开,B,14420.0000,0.0000,0.0000,0.0000,0.0000,14430.0000,0.0000,0.0000,0.0000,0.0000,2,0,0,0,0,2,0,0,0,0
sc,zn1212,2012-06-29 09:05:53.500,14420.0000,11650,0,0.0000,0.0000,0,0,多换,B,14420.0000,0.0000,0.0000,0.0000,0.0000,14430.0000,0.0000,0.0000,0.0000,0.0000,2,0,0,0,0,2,0,0,0,0
sc,zn1212,2012-06-29 09:05:54.500,14420.0000,11650,0,0.0000,0.0000,0,0,多换,B,14425.0000,0.0000,0.0000,0.0000,0.0000,14430.0000,0.0000,0.0000,0.0000,0.0000,5,0,0,0,0,2,0,0,0,0
sc,zn1212,2012-06-29 09:05:55.000,14430.0000,11650,0,144300.0000,2.0000,1,1,多换,B,14425.0000,0.0000,0.0000,0.0000,0.0000,14430.0000,0.0000,0.0000,0.0000,0.0000,5,0,0,0,0,1,0,0,0,0
sc,zn1212,2012-06-29 09:05:55.500,14430.0000,11650,0,0.0000,0.0000,0,0,多换,B,14425.0000,0.0000,0.0000,0.0000,0.0000,14430.0000,0.0000,0.0000,0.0000,0.0000,5,0,0,0,0,1,0,0,0,0
sc,zn1212,2012-06-29 09:05:56.500,14430.0000,11650,0,144300.0000,2.0000,1,1,多换,B,14430.0000,0.0000,0.0000,0.0000,0.0000,14505.0000,0.0000,0.0000,0.0000,0.0000,6,0,0,0,0,1,0,0,0,0
sc,zn1212,2012-06-29 09:05:57.000,14430.0000,11650,0,0.0000,0.0000,0,0,多换,B,14435.0000,0.0000,0.0000,0.0000,0.0000,14445.0000,0.0000,0.0000,0.0000,0.0000,5,0,0,0,0,5,0,0,0,0
sc,zn1212,2012-06-29 09:05:57.500,14430.0000,11650,0,0.0000,0.0000,0,0,多换,B,14405.0000,0.0000,0.0000,0.0000,0.0000,14440.0000,0.0000,0.0000,0.0000,0.0000,5,0,0,0,0,3,0,0,0,0
sc,zn1212,2012-06-29 09:05:58.000,14430.0000,11650,0,0.0000,0.0000,0,0,多换,B,14435.0000,0.0000,0.0000,0.0000,0.0000,14445.0000,0.0000,0.0000,0.0000,0.0000,5,0,0,0,0,5,0,0,0,0
sc,zn1212,2012-06-29 09:05:58.500,14430.0000,11650,0,0.0000,0.0000,0,0,多换,B,14435.0000,0.0000,0.0000,0.0000,0.0000,14445.0000,0.0000,0.0000,0.0000,0.0000,5,0,0,0,0,5,0,0,0,0
sc,zn1212,2012-06-29 09:05:59.000,14430.0000,11650,0,0.0000,0.0000,0,0,多换,B,14440.0000,0.0000,0.0000,0.0000,0.0000,14475.0000,0.0000,0.0000,0.0000,0.0000,5,0,0,0,0,5,0,0,0,0
sc,zn1212,2012-06-29 09:05:59.500,14430.0000,11650,0,0.0000,0.0000,0,0,多换,B,14440.0000,0.0000,0.0000,0.0000,0.0000,14455.0000,0.0000,0.0000,0.0000,0.0000,5,0,0,0,0,8,0,0,0,0
sc,zn1212,2012-06-29 09:06:00.000,14430.0000,11650,0,0.0000,0.0000,0,0,多换,B,14440.0000,0.0000,0.0000,0.0000,0.0000,14455.0000,0.0000,0.0000,0.0000,0.0000,5,0,0,0,0,8,0,0,0,0
sc,zn1212,2012-06-29 09:06:00.500,14430.0000,11650,0,0.0000,0.0000,0,0,多换,B,14440.0000,0.0000,0.0000,0.0000,0.0000,14455.0000,0.0000,0.0000,0.0000,0.0000,5,0,0,0,0,8,0,0,0,0
sc,zn1212,2012-06-29 09:06:01.000,14430.0000,11650,0,0.0000,0.0000,0,0,多换,B,14445.0000,0.0000,0.0000,0.0000,0.0000,14455.0000,0.0000,0.0000,0.0000,0.0000,5,0,0,0,0,5,0,0,0,0
sc,zn1212,2012-06-29 09:06:01.500,14430.0000,11650,0,0.0000,0.0000,0,0,多换,B,14445.0000,0.0000,0.0000,0.0000,0.0000,14455.0000,0.0000,0.0000,0.0000,0.0000,5,0,0,0,0,5,0,0,0,0
sc,zn1212,2012-06-29 09:06:02.000,14430.0000,11650,0,0.0000,0.0000,0,0,多换,B,14445.0000,0.0000,0.0000,0.0000,0.0000,14500.0000,0.0000,0.0000,0.0000,0.0000,5,0,0,0,0,1,0,0,0,0
sc,zn1212,2012-06-29 09:06:02.500,14430.0000,11650,0,0.0000,0.0000,0,0,多换,B,14445.0000,0.0000,0.0000,0.0000,0.0000,14460.0000,0.0000,0.0000,0.0000,0.0000,5,0,0,0,0,8,0,0,0,0
sc,zn1212,2012-06-29 09:06:03.000,14430.0000,11650,0,0.0000,0.0000,0,0,多换,B,14445.0000,0.0000,0.0000,0.0000,0.0000,14460.0000,0.0000,0.0000,0.0000,0.0000,5,0,0,0,0,8,0,0,0,0
sc,zn1212,2012-06-29 09:06:04.500,14430.0000,11650,0,0.0000,0.0000,0,0,多换,B,14450.0000,0.0000,0.0000,0.0000,0.0000,14460.0000,0.0000,0.0000,0.0000,0.0000,5,0,0,0,0,5,0,0,0,0
sc,zn1212,2012-06-29 09:06:05.000,14430.0000,11650,0,0.0000,0.0000,0,0,多换,B,14445.0000,0.0000,0.0000,0.0000,0.0000,14460.0000,0.0000,0.0000,0.0000,0.0000,5,0,0,0,0,5,0,0,0,0
sc,zn1212,2012-06-29 09:06:05.500,14430.0000,11650,0,0.0000,0.0000,0,0,多换,B,14410.0000,0.0000,0.0000,0.0000,0.0000,14455.0000,0.0000,0.0000,0.0000,0.0000,13,0,0,0,0,3,0,0,0,0
sc,zn1212,2012-06-29 09:06:06.000,14430.0000,11650,0,0.0000,0.0000,0,0,多换,B,14440.0000,0.0000,0.0000,0.0000,0.0000,14455.0000,0.0000,0.0000,0.0000,0.0000,5,0,0,0,0,3,0,0,0,0
sc,zn1212,2012-06-29 09:06:06.500,14430.0000,11650,0,0.0000,0.0000,0,0,多换,B,14440.0000,0.0000,0.0000,0.0000,0.0000,14455.0000,0.0000,0.0000,0.0000,0.0000,5,0,0,0,0,3,0,0,0,0
sc,zn1212,2012-06-29 09:06:07.000,14430.0000,11650,0,0.0000,0.0000,0,0,多换,B,14440.0000,0.0000,0.0000,0.0000,0.0000,14455.0000,0.0000,0.0000,0.0000,0.0000,5,0,0,0,0,8,0,0,0,0
sc,zn1212,2012-06-29 09:06:07.500,14430.0000,11650,0,0.0000,0.0000,0,0,多换,B,14440.0000,0.0000,0.0000,0.0000,0.0000,14450.0000,0.0000,0.0000,0.0000,0.0000,5,0,0,0,0,5,0,0,0,0
sc,zn1212,2012-06-29 09:06:08.000,14430.0000,11650,0,0.0000,0.0000,0,0,多换,B,14440.0000,0.0000,0.0000,0.0000,0.0000,14455.0000,0.0000,0.0000,0.0000,0.0000,5,0,0,0,0,3,0,0,0,0
sc,zn1212,2012-06-29 09:06:08.500,14430.0000,11650,0,0.0000,0.0000,0,0,多换,B,14415.0000,0.0000,0.0000,0.0000,0.0000,14450.0000,0.0000,0.0000,0.0000,0.0000,15,0,0,0,0,3,0,0,0,0
sc,zn1212,2012-06-29 09:06:09.000,14430.0000,11650,0,0.0000,0.0000,0,0,多换,B,14435.0000,0.0000,0.0000,0.0000,0.0000,14450.0000,0.0000,0.0000,0.0000,0.0000,5,0,0,0,0,3,0,0,0,0
sc,zn1212,2012-06-29 09:06:10.000,14430.0000,11650,0,0.0000,0.0000,0,0,多换,B,14435.0000,0.0000,0.0000,0.0000,0.0000,14450.0000,0.0000,0.0000,0.0000,0.0000,5,0,0,0,0,8,0,0,0,0
sc,zn1212,2012-06-29 09:06:11.500,14430.0000,11650,0,0.0000,0.0000,0,0,多换,B,14435.0000,0.0000,0.0000,0.0000,0.0000,14450.0000,0.0000,0.0000,0.0000,0.0000,5,0,0,0,0,8,0,0,0,0
sc,zn1212,2012-06-29 09:06:16.000,14430.0000,11650,0,0.0000,0.0000,0,0,多换,B,14425.0000,0.0000,0.0000,0.0000,0.0000,14445.0000,0.0000,0.0000,0.0000,0.0000,5,0,0,0,0,3,0,0,0,0
sc,zn1212,2012-06-29 09:06:16.500,14430.0000,11650,0,0.0000,0.0000,0,0,多换,B,14430.0000,0.0000,0.0000,0.0000,0.0000,14445.0000,0.0000,0.0000,0.0000,0.0000,5,0,0,0,0,8,0,0,0,0
sc,zn1212,2012-06-29 09:06:17.000,14430.0000,11650,0,0.0000,0.0000,0,0,多换,B,14430.0000,0.0000,0.0000,0.0000,0.0000,14445.0000,0.0000,0.0000,0.0000,0.0000,5,0,0,0,0,8,0,0,0,0
sc,zn1212,2012-06-29 09:06:20.000,14430.0000,11650,0,0.0000,0.0000,0,0,多换,B,14430.0000,0.0000,0.0000,0.0000,0.0000,14445.0000,0.0000,0.0000,0.0000,0.0000,5,0,0,0,0,8,0,0,0,0
sc,zn1212,2012-06-29 09:06:20.500,14430.0000,11650,0,288600.0000,4.0000,2,2,多换,B,14425.0000,0.0000,0.0000,0.0000,0.0000,14445.0000,0.0000,0.0000,0.0000,0.0000,5,0,0,0,0,8,0,0,0,0
sc,zn1212,2012-06-29 09:06:21.000,14430.0000,11650,0,0.0000,0.0000,0,0,多换,B,14425.0000,0.0000,0.0000,0.0000,0.0000,14445.0000,0.0000,0.0000,0.0000,0.0000,10,0,0,0,0,8,0,0,0,0
sc,zn1212,2012-06-29 09:06:26.000,14430.0000,11650,0,0.0000,0.0000,0,0,多换,B,14425.0000,0.0000,0.0000,0.0000,0.0000,14440.0000,0.0000,0.0000,0.0000,0.0000,5,0,0,0,0,5,0,0,0,0
sc,zn1212,2012-06-29 09:06:27.000,14430.0000,11650,0,0.0000,0.0000,0,0,多换,B,14410.0000,0.0000,0.0000,0.0000,0.0000,14440.0000,0.0000,0.0000,0.0000,0.0000,3,0,0,0,0,10,0,0,0,0
sc,zn1212,2012-06-29 09:06:27.500,14430.0000,11650,0,0.0000,0.0000,0,0,多换,B,14425.0000,0.0000,0.0000,0.0000,0.0000,14440.0000,0.0000,0.0000,0.0000,0.0000,5,0,0,0,0,5,0,0,0,0
sc,zn1212,2012-06-29 09:06:31.000,14430.0000,11650,0,0.0000,0.0000,0,0,多换,B,14420.0000,0.0000,0.0000,0.0000,0.0000,14440.0000,0.0000,0.0000,0.0000,0.0000,5,0,0,0,0,10,0,0,0,0
sc,zn1212,2012-06-29 09:06:31.500,14430.0000,11650,0,0.0000,0.0000,0,0,多换,B,14420.0000,0.0000,0.0000,0.0000,0.0000,14440.0000,0.0000,0.0000,0.0000,0.0000,10,0,0,0,0,10,0,0,0,0
sc,zn1212,2012-06-29 09:06:32.000,14430.0000,11650,0,0.0000,0.0000,0,0,多换,B,14420.0000,0.0000,0.0000,0.0000,0.0000,14440.0000,0.0000,0.0000,0.0000,0.0000,10,0,0,0,0,10,0,0,0,0
sc,zn1212,2012-06-29 09:06:38.000,14430.0000,11650,0,0.0000,0.0000,0,0,多换,B,14420.0000,0.0000,0.0000,0.0000,0.0000,14435.0000,0.0000,0.0000,0.0000,0.0000,5,0,0,0,0,5,0,0,0,0
sc,zn1212,2012-06-29 09:06:38.500,14430.0000,11650,0,0.0000,0.0000,0,0,多换,B,14420.0000,0.0000,0.0000,0.0000,0.0000,14435.0000,0.0000,0.0000,0.0000,0.0000,5,0,0,0,0,5,0,0,0,0
sc,zn1212,2012-06-29 09:06:40.000,14430.0000,11650,0,0.0000,0.0000,0,0,多换,B,14350.0000,0.0000,0.0000,0.0000,0.0000,14435.0000,0.0000,0.0000,0.0000,0.0000,20,0,0,0,0,10,0,0,0,0
sc,zn1212,2012-06-29 09:06:40.500,14430.0000,11650,0,0.0000,0.0000,0,0,多换,B,14420.0000,0.0000,0.0000,0.0000,0.0000,14435.0000,0.0000,0.0000,0.0000,0.0000,5,0,0,0,0,5,0,0,0,0
sc,zn1212,2012-06-29 09:06:41.000,14430.0000,11650,0,0.0000,0.0000,0,0,多换,B,14420.0000,0.0000,0.0000,0.0000,0.0000,14435.0000,0.0000,0.0000,0.0000,0.0000,5,0,0,0,0,5,0,0,0,0
sc,zn1212,2012-06-29 09:06:41.500,14430.0000,11650,0,0.0000,0.0000,0,0,多换,B,14410.0000,0.0000,0.0000,0.0000,0.0000,14430.0000,0.0000,0.0000,0.0000,0.0000,3,0,0,0,0,5,0,0,0,0
sc,zn1212,2012-06-29 09:06:42.000,14430.0000,11650,0,0.0000,0.0000,0,0,多换,B,14415.0000,0.0000,0.0000,0.0000,0.0000,14430.0000,0.0000,0.0000,0.0000,0.0000,5,0,0,0,0,5,0,0,0,0
sc,zn1212,2012-06-29 09:06:42.500,14430.0000,11650,0,0.0000,0.0000,0,0,多换,B,14355.0000,0.0000,0.0000,0.0000,0.0000,14430.0000,0.0000,0.0000,0.0000,0.0000,83,0,0,0,0,10,0,0,0,0
sc,zn1212,2012-06-29 09:06:43.000,14430.0000,11650,0,0.0000,0.0000,0,0,多换,B,14415.0000,0.0000,0.0000,0.0000,0.0000,14425.0000,0.0000,0.0000,0.0000,0.0000,5,0,0,0,0,5,0,0,0,0
sc,zn1212,2012-06-29 09:06:43.500,14430.0000,11650,0,0.0000,0.0000,0,0,多换,B,14420.0000,0.0000,0.0000,0.0000,0.0000,14425.0000,0.0000,0.0000,0.0000,0.0000,3,0,0,0,0,5,0,0,0,0
sc,zn1212,2012-06-29 09:06:44.000,14430.0000,11650,0,0.0000,0.0000,0,0,多换,B,14420.0000,0.0000,0.0000,0.0000,0.0000,14480.0000,0.0000,0.0000,0.0000,0.0000,3,0,0,0,0,2,0,0,0,0
sc,zn1212,2012-06-29 09:06:44.500,14430.0000,11650,0,0.0000,0.0000,0,0,多换,B,14405.0000,0.0000,0.0000,0.0000,0.0000,14430.0000,0.0000,0.0000,0.0000,0.0000,5,0,0,0,0,5,0,0,0,0
sc,zn1212,2012-06-29 09:06:45.000,14430.0000,11650,0,0.0000,0.0000,0,0,多换,B,14410.0000,0.0000,0.0000,0.0000,0.0000,14430.0000,0.0000,0.0000,0.0000,0.0000,5,0,0,0,0,10,0,0,0,0
sc,zn1212,2012-06-29 09:06:45.500,14430.0000,11650,0,0.0000,0.0000,0,0,多换,B,14415.0000,0.0000,0.0000,0.0000,0.0000,14430.0000,0.0000,0.0000,0.0000,0.0000,5,0,0,0,0,5,0,0,0,0
sc,zn1212,2012-06-29 09:06:46.000,14430.0000,11650,0,0.0000,0.0000,0,0,多换,B,14410.0000,0.0000,0.0000,0.0000,0.0000,14430.0000,0.0000,0.0000,0.0000,0.0000,5,0,0,0,0,10,0,0,0,0
sc,zn1212,2012-06-29 09:06:46.500,14430.0000,11650,0,0.0000,0.0000,0,0,多换,B,14410.0000,0.0000,0.0000,0.0000,0.0000,14430.0000,0.0000,0.0000,0.0000,0.0000,5,0,0,0,0,10,0,0,0,0
sc,zn1212,2012-06-29 09:06:48.000,14430.0000,11650,0,0.0000,0.0000,0,0,多换,B,14410.0000,0.0000,0.0000,0.0000,0.0000,14430.0000,0.0000,0.0000,0.0000,0.0000,5,0,0,0,0,10,0,0,0,0
sc,zn1212,2012-06-29 09:06:49.500,14430.0000,11650,0,0.0000,0.0000,0,0,多换,B,14410.0000,0.0000,0.0000,0.0000,0.0000,14430.0000,0.0000,0.0000,0.0000,0.0000,10,0,0,0,0,10,0,0,0,0
sc,zn1212,2012-06-29 09:06:50.000,14430.0000,11650,0,0.0000,0.0000,0,0,多换,B,14410.0000,0.0000,0.0000,0.0000,0.0000,14425.0000,0.0000,0.0000,0.0000,0.0000,5,0,0,0,0,5,0,0,0,0
sc,zn1212,2012-06-29 09:06:50.500,14430.0000,11650,0,0.0000,0.0000,0,0,多换,B,14360.0000,0.0000,0.0000,0.0000,0.0000,14425.0000,0.0000,0.0000,0.0000,0.0000,13,0,0,0,0,5,0,0,0,0
sc,zn1212,2012-06-29 09:06:51.000,14430.0000,11650,0,0.0000,0.0000,0,0,多换,B,14410.0000,0.0000,0.0000,0.0000,0.0000,14430.0000,0.0000,0.0000,0.0000,0.0000,10,0,0,0,0,5,0,0,0,0
sc,zn1212,2012-06-29 09:06:51.500,14430.0000,11650,0,0.0000,0.0000,0,0,多换,B,14410.0000,0.0000,0.0000,0.0000,0.0000,14430.0000,0.0000,0.0000,0.0000,0.0000,10,0,0,0,0,10,0,0,0,0
sc,zn1212,2012-06-29 09:06:52.000,14430.0000,11650,0,0.0000,0.0000,0,0,多换,B,14410.0000,0.0000,0.0000,0.0000,0.0000,14425.0000,0.0000,0.0000,0.0000,0.0000,5,0,0,0,0,5,0,0,0,0
sc,zn1212,2012-06-29 09:06:52.500,14430.0000,11650,0,0.0000,0.0000,0,0,多换,B,14410.0000,0.0000,0.0000,0.0000,0.0000,14425.0000,0.0000,0.0000,0.0000,0.0000,5,0,0,0,0,5,0,0,0,0
sc,zn1212,2012-06-29 09:06:53.500,14430.0000,11650,0,0.0000,0.0000,0,0,多换,B,14390.0000,0.0000,0.0000,0.0000,0.0000,14425.0000,0.0000,0.0000,0.0000,0.0000,10,0,0,0,0,10,0,0,0,0
sc,zn1212,2012-06-29 09:06:54.000,14430.0000,11650,0,0.0000,0.0000,0,0,多换,B,14405.0000,0.0000,0.0000,0.0000,0.0000,14425.0000,0.0000,0.0000,0.0000,0.0000,10,0,0,0,0,10,0,0,0,0
sc,zn1212,2012-06-29 09:06:56.500,14430.0000,11650,0,0.0000,0.0000,0,0,多换,B,14405.0000,0.0000,0.0000,0.0000,0.0000,14420.0000,0.0000,0.0000,0.0000,0.0000,5,0,0,0,0,5,0,0,0,0
sc,zn1212,2012-06-29 09:06:57.000,14430.0000,11650,0,0.0000,0.0000,0,0,多换,B,14375.0000,0.0000,0.0000,0.0000,0.0000,14420.0000,0.0000,0.0000,0.0000,0.0000,10,0,0,0,0,5,0,0,0,0
sc,zn1212,2012-06-29 09:06:57.500,14430.0000,11650,0,0.0000,0.0000,0,0,多换,B,14400.0000,0.0000,0.0000,0.0000,0.0000,14420.0000,0.0000,0.0000,0.0000,0.0000,10,0,0,0,0,5,0,0,0,0
sc,zn1212,2012-06-29 09:06:58.000,14430.0000,11650,0,0.0000,0.0000,0,0,多换,B,14400.0000,0.0000,0.0000,0.0000,0.0000,14420.0000,0.0000,0.0000,0.0000,0.0000,10,0,0,0,0,10,0,0,0,0
sc,zn1212,2012-06-29 09:06:59.500,14430.0000,11650,0,0.0000,0.0000,0,0,多换,B,14400.0000,0.0000,0.0000,0.0000,0.0000,14415.0000,0.0000,0.0000,0.0000,0.0000,5,0,0,0,0,5,0,0,0,0
sc,zn1212,2012-06-29 09:07:00.000,14430.0000,11650,0,0.0000,0.0000,0,0,多换,B,14380.0000,0.0000,0.0000,0.0000,0.0000,14415.0000,0.0000,0.0000,0.0000,0.0000,18,0,0,0,0,5,0,0,0,0
sc,zn1212,2012-06-29 09:07:00.500,14430.0000,11650,0,0.0000,0.0000,0,0,多换,B,14395.0000,0.0000,0.0000,0.0000,0.0000,14415.0000,0.0000,0.0000,0.0000,0.0000,10,0,0,0,0,5,0,0,0,0
sc,zn1212,2012-06-29 09:07:01.500,14430.0000,11650,0,0.0000,0.0000,0,0,多换,B,14400.0000,0.0000,0.0000,0.0000,0.0000,14420.0000,0.0000,0.0000,0.0000,0.0000,5,0,0,0,0,5,0,0,0,0
sc,zn1212,2012-06-29 09:07:02.000,14430.0000,11650,0,0.0000,0.0000,0,0,多换,B,14395.0000,0.0000,0.0000,0.0000,0.0000,14420.0000,0.0000,0.0000,0.0000,0.0000,10,0,0,0,0,10,0,0,0,0
sc,zn1212,2012-06-29 09:07:02.500,14430.0000,11650,0,0.0000,0.0000,0,0,多换,B,14400.0000,0.0000,0.0000,0.0000,0.0000,14420.0000,0.0000,0.0000,0.0000,0.0000,5,0,0,0,0,10,0,0,0,0
sc,zn1212,2012-06-29 09:07:03.000,14430.0000,11650,0,0.0000,0.0000,0,0,多换,B,14395.0000,0.0000,0.0000,0.0000,0.0000,14415.0000,0.0000,0.0000,0.0000,0.0000,10,0,0,0,0,5,0,0,0,0
sc,zn1212,2012-06-29 09:07:04.000,14430.0000,11650,0,0.0000,0.0000,0,0,多换,B,14395.0000,0.0000,0.0000,0.0000,0.0000,14410.0000,0.0000,0.0000,0.0000,0.0000,10,0,0,0,0,5,0,0,0,0
sc,zn1212,2012-06-29 09:07:08.000,14410.0000,11650,0,432300.0000,6.0000,3,3,空换,S,14400.0000,0.0000,0.0000,0.0000,0.0000,14410.0000,0.0000,0.0000,0.0000,0.0000,5,0,0,0,0,2,0,0,0,0
sc,zn1212,2012-06-29 09:07:10.000,14410.0000,11650,0,0.0000,0.0000,0,0,空换,S,14400.0000,0.0000,0.0000,0.0000,0.0000,14420.0000,0.0000,0.0000,0.0000,0.0000,5,0,0,0,0,5,0,0,0,0
sc,zn1212,2012-06-29 09:07:10.500,14410.0000,11650,0,0.0000,0.0000,0,0,空换,S,14405.0000,0.0000,0.0000,0.0000,0.0000,14415.0000,0.0000,0.0000,0.0000,0.0000,5,0,0,0,0,2,0,0,0,0
sc,zn1212,2012-06-29 09:07:11.000,14410.0000,11650,0,0.0000,0.0000,0,0,空换,S,14405.0000,0.0000,0.0000,0.0000,0.0000,14415.0000,0.0000,0.0000,0.0000,0.0000,5,0,0,0,0,2,0,0,0,0
sc,zn1212,2012-06-29 09:07:13.000,14410.0000,11650,0,0.0000,0.0000,0,0,空换,S,14405.0000,0.0000,0.0000,0.0000,0.0000,14415.0000,0.0000,0.0000,0.0000,0.0000,5,0,0,0,0,2,0,0,0,0
sc,zn1212,2012-06-29 09:07:14.000,14410.0000,11650,0,0.0000,0.0000,0,0,空换,S,14380.0000,0.0000,0.0000,0.0000,0.0000,14410.0000,0.0000,0.0000,0.0000,0.0000,13,0,0,0,0,2,0,0,0,0
sc,zn1212,2012-06-29 09:07:14.500,14410.0000,11650,0,0.0000,0.0000,0,0,空换,S,14405.0000,0.0000,0.0000,0.0000,0.0000,14415.0000,0.0000,0.0000,0.0000,0.0000,5,0,0,0,0,2,0,0,0,0
sc,zn1212,2012-06-29 09:07:15.000,14410.0000,11650,0,0.0000,0.0000,0,0,空换,S,14405.0000,0.0000,0.0000,0.0000,0.0000,14415.0000,0.0000,0.0000,0.0000,0.0000,5,0,0,0,0,2,0,0,0,0
sc,zn1212,2012-06-29 09:07:16.500,14410.0000,11650,0,0.0000,0.0000,0,0,空换,S,14405.0000,0.0000,0.0000,0.0000,0.0000,14415.0000,0.0000,0.0000,0.0000,0.0000,5,0,0,0,0,2,0,0,0,0
sc,zn1212,2012-06-29 09:07:19.000,14410.0000,11650,0,0.0000,0.0000,0,0,空换,S,14395.0000,0.0000,0.0000,0.0000,0.0000,14415.0000,0.0000,0.0000,0.0000,0.0000,5,0,0,0,0,2,0,0,0,0
sc,zn1212,2012-06-29 09:07:19.500,14410.0000,11650,0,0.0000,0.0000,0,0,空换,S,14400.0000,0.0000,0.0000,0.0000,0.0000,14415.0000,0.0000,0.0000,0.0000,0.0000,5,0,0,0,0,2,0,0,0,0
sc,zn1212,2012-06-29 09:07:20.500,14410.0000,11650,0,0.0000,0.0000,0,0,空换,S,14400.0000,0.0000,0.0000,0.0000,0.0000,14415.0000,0.0000,0.0000,0.0000,0.0000,5,0,0,0,0,2,0,0,0,0
sc,zn1212,2012-06-29 09:07:21.000,14410.0000,11650,0,0.0000,0.0000,0,0,空换,S,14400.0000,0.0000,0.0000,0.0000,0.0000,14415.0000,0.0000,0.0000,0.0000,0.0000,25,0,0,0,0,2,0,0,0,0
sc,zn1212,2012-06-29 09:07:28.000,14410.0000,11650,0,0.0000,0.0000,0,0,空换,S,14405.0000,0.0000,0.0000,0.0000,0.0000,14415.0000,0.0000,0.0000,0.0000,0.0000,2,0,0,0,0,2,0,0,0,0
sc,zn1212,2012-06-29 09:07:39.500,14410.0000,11650,0,0.0000,0.0000,0,0,空换,S,14410.0000,0.0000,0.0000,0.0000,0.0000,14415.0000,0.0000,0.0000,0.0000,0.0000,8,0,0,0,0,2,0,0,0,0
sc,zn1212,2012-06-29 09:07:51.000,14410.0000,11650,0,0.0000,0.0000,0,0,空换,S,14410.0000,0.0000,0.0000,0.0000,0.0000,14415.0000,0.0000,0.0000,0.0000,0.0000,8,0,0,0,0,2,0,0,0,0
sc,zn1212,2012-06-29 09:07:59.000,14410.0000,11650,0,0.0000,0.0000,0,0,空换,S,14410.0000,0.0000,0.0000,0.0000,0.0000,14415.0000,0.0000,0.0000,0.0000,0.0000,8,0,0,0,0,2,0,0,0,0
sc,zn1212,2012-06-29 09:08:01.000,14410.0000,11650,0,0.0000,0.0000,0,0,空换,S,14410.0000,0.0000,0.0000,0.0000,0.0000,14415.0000,0.0000,0.0000,0.0000,0.0000,8,0,0,0,0,2,0,0,0,0
sc,zn1212,2012-06-29 09:08:07.500,14410.0000,11650,0,720500.0000,10.0000,5,5,空换,S,14410.0000,0.0000,0.0000,0.0000,0.0000,14415.0000,0.0000,0.0000,0.0000,0.0000,3,0,0,0,0,5,0,0,0,0
sc,zn1212,2012-06-29 09:08:08.000,14410.0000,11650,0,0.0000,0.0000,0,0,空换,S,14410.0000,0.0000,0.0000,0.0000,0.0000,14435.0000,0.0000,0.0000,0.0000,0.0000,3,0,0,0,0,5,0,0,0,0
sc,zn1212,2012-06-29 09:08:08.500,14410.0000,11650,0,0.0000,0.0000,0,0,空换,S,14410.0000,0.0000,0.0000,0.0000,0.0000,14420.0000,0.0000,0.0000,0.0000,0.0000,3,0,0,0,0,5,0,0,0,0
sc,zn1212,2012-06-29 09:08:09.000,14410.0000,11650,0,0.0000,0.0000,0,0,空换,S,14410.0000,0.0000,0.0000,0.0000,0.0000,14415.0000,0.0000,0.0000,0.0000,0.0000,3,0,0,0,0,5,0,0,0,0
sc,zn1212,2012-06-29 09:08:09.500,14410.0000,11650,0,0.0000,0.0000,0,0,空换,S,14410.0000,0.0000,0.0000,0.0000,0.0000,14420.0000,0.0000,0.0000,0.0000,0.0000,3,0,0,0,0,10,0,0,0,0
sc,zn1212,2012-06-29 09:08:11.000,14410.0000,11650,0,0.0000,0.0000,0,0,空换,S,14410.0000,0.0000,0.0000,0.0000,0.0000,14415.0000,0.0000,0.0000,0.0000,0.0000,3,0,0,0,0,5,0,0,0,0
sc,zn1212,2012-06-29 09:08:11.500,14410.0000,11650,0,144100.0000,2.0000,1,1,空换,S,14410.0000,0.0000,0.0000,0.0000,0.0000,14415.0000,0.0000,0.0000,0.0000,0.0000,2,0,0,0,0,5,0,0,0,0
sc,zn1212,2012-06-29 09:08:12.000,14410.0000,11650,0,0.0000,0.0000,0,0,空换,S,14410.0000,0.0000,0.0000,0.0000,0.0000,14420.0000,0.0000,0.0000,0.0000,0.0000,2,0,0,0,0,5,0,0,0,0
sc,zn1212,2012-06-29 09:08:12.500,14410.0000,11650,0,0.0000,0.0000,0,0,空换,S,14410.0000,0.0000,0.0000,0.0000,0.0000,14415.0000,0.0000,0.0000,0.0000,0.0000,2,0,0,0,0,1,0,0,0,0
sc,zn1212,2012-06-29 09:08:14.000,14410.0000,11650,0,0.0000,0.0000,0,0,空换,S,14410.0000,0.0000,0.0000,0.0000,0.0000,14415.0000,0.0000,0.0000,0.0000,0.0000,2,0,0,0,0,6,0,0,0,0
sc,zn1212,2012-06-29 09:08:15.000,14410.0000,11650,0,0.0000,0.0000,0,0,空换,S,14410.0000,0.0000,0.0000,0.0000,0.0000,14415.0000,0.0000,0.0000,0.0000,0.0000,2,0,0,0,0,11,0,0,0,0
sc,zn1212,2012-06-29 09:08:15.500,14410.0000,11652,2,144100.0000,2.0000,2,0,双开,S,14410.0000,0.0000,0.0000,0.0000,0.0000,14415.0000,0.0000,0.0000,0.0000,0.0000,1,0,0,0,0,11,0,0,0,0
sc,zn1212,2012-06-29 09:08:17.000,14410.0000,11652,0,0.0000,0.0000,0,0,空换,S,14410.0000,0.0000,0.0000,0.0000,0.0000,14415.0000,0.0000,0.0000,0.0000,0.0000,1,0,0,0,0,6,0,0,0,0
sc,zn1212,2012-06-29 09:08:24.000,14410.0000,11652,0,0.0000,0.0000,0,0,空换,S,14410.0000,0.0000,0.0000,0.0000,0.0000,14415.0000,0.0000,0.0000,0.0000,0.0000,1,0,0,0,0,1,0,0,0,0
sc,zn1212,2012-06-29 09:08:25.000,14410.0000,11652,0,0.0000,0.0000,0,0,空换,S,14410.0000,0.0000,0.0000,0.0000,0.0000,14415.0000,0.0000,0.0000,0.0000,0.0000,1,0,0,0,0,6,0,0,0,0
sc,zn1212,2012-06-29 09:08:27.000,14410.0000,11652,0,0.0000,0.0000,0,0,空换,S,14410.0000,0.0000,0.0000,0.0000,0.0000,14415.0000,0.0000,0.0000,0.0000,0.0000,1,0,0,0,0,1,0,0,0,0
sc,zn1212,2012-06-29 09:08:31.500,14410.0000,11652,0,144100.0000,2.0000,1,1,空换,S,14405.0000,0.0000,0.0000,0.0000,0.0000,14415.0000,0.0000,0.0000,0.0000,0.0000,2,0,0,0,0,1,0,0,0,0
sc,zn1212,2012-06-29 09:08:32.000,14410.0000,11652,0,0.0000,0.0000,0,0,空换,S,14405.0000,0.0000,0.0000,0.0000,0.0000,14415.0000,0.0000,0.0000,0.0000,0.0000,7,0,0,0,0,1,0,0,0,0
sc,zn1212,2012-06-29 09:08:36.000,14410.0000,11652,0,0.0000,0.0000,0,0,空换,S,14405.0000,0.0000,0.0000,0.0000,0.0000,14435.0000,0.0000,0.0000,0.0000,0.0000,7,0,0,0,0,10,0,0,0,0
sc,zn1212,2012-06-29 09:08:36.500,14410.0000,11652,0,0.0000,0.0000,0,0,空换,S,14405.0000,0.0000,0.0000,0.0000,0.0000,14420.0000,0.0000,0.0000,0.0000,0.0000,7,0,0,0,0,10,0,0,0,0
sc,zn1212,2012-06-29 09:08:49.500,14410.0000,11652,0,0.0000,0.0000,0,0,空换,S,14405.0000,0.0000,0.0000,0.0000,0.0000,14420.0000,0.0000,0.0000,0.0000,0.0000,7,0,0,0,0,5,0,0,0,0
sc,zn1212,2012-06-29 09:08:50.000,14410.0000,11652,0,0.0000,0.0000,0,0,空换,S,14405.0000,0.0000,0.0000,0.0000,0.0000,14420.0000,0.0000,0.0000,0.0000,0.0000,7,0,0,0,0,10,0,0,0,0
sc,zn1212,2012-06-29 09:08:50.500,14410.0000,11652,0,0.0000,0.0000,0,0,空换,S,14410.0000,0.0000,0.0000,0.0000,0.0000,14420.0000,0.0000,0.0000,0.0000,0.0000,5,0,0,0,0,5,0,0,0,0
sc,zn1212,2012-06-29 09:08:51.000,14410.0000,11652,0,0.0000,0.0000,0,0,空换,S,14405.0000,0.0000,0.0000,0.0000,0.0000,14435.0000,0.0000,0.0000,0.0000,0.0000,7,0,0,0,0,5,0,0,0,0
sc,zn1212,2012-06-29 09:08:51.500,14410.0000,11652,0,0.0000,0.0000,0,0,空换,S,14410.0000,0.0000,0.0000,0.0000,0.0000,14425.0000,0.0000,0.0000,0.0000,0.0000,5,0,0,0,0,10,0,0,0,0
sc,zn1212,2012-06-29 09:08:54.500,14410.0000,11652,0,0.0000,0.0000,0,0,空换,S,14405.0000,0.0000,0.0000,0.0000,0.0000,14420.0000,0.0000,0.0000,0.0000,0.0000,2,0,0,0,0,5,0,0,0,0
sc,zn1212,2012-06-29 09:08:55.000,14410.0000,11652,0,0.0000,0.0000,0,0,空换,S,14410.0000,0.0000,0.0000,0.0000,0.0000,14425.0000,0.0000,0.0000,0.0000,0.0000,5,0,0,0,0,10,0,0,0,0
sc,zn1212,2012-06-29 09:08:55.500,14410.0000,11652,0,0.0000,0.0000,0,0,空换,S,14415.0000,0.0000,0.0000,0.0000,0.0000,14425.0000,0.0000,0.0000,0.0000,0.0000,5,0,0,0,0,5,0,0,0,0
sc,zn1212,2012-06-29 09:09:01.000,14410.0000,11652,0,0.0000,0.0000,0,0,空换,S,14415.0000,0.0000,0.0000,0.0000,0.0000,14435.0000,0.0000,0.0000,0.0000,0.0000,5,0,0,0,0,5,0,0,0,0
sc,zn1212,2012-06-29 09:09:01.500,14410.0000,11652,0,0.0000,0.0000,0,0,空换,S,14415.0000,0.0000,0.0000,0.0000,0.0000,14430.0000,0.0000,0.0000,0.0000,0.0000,5,0,0,0,0,10,0,0,0,0
sc,zn1212,2012-06-29 09:09:05.000,14410.0000,11652,0,0.0000,0.0000,0,0,空换,S,14420.0000,0.0000,0.0000,0.0000,0.0000,14430.0000,0.0000,0.0000,0.0000,0.0000,5,0,0,0,0,5,0,0,0,0
sc,zn1212,2012-06-29 09:09:06.000,14410.0000,11652,0,0.0000,0.0000,0,0,空换,S,14425.0000,0.0000,0.0000,0.0000,0.0000,14475.0000,0.0000,0.0000,0.0000,0.0000,5,0,0,0,0,3,0,0,0,0
sc,zn1212,2012-06-29 09:09:06.500,14410.0000,11652,0,0.0000,0.0000,0,0,空换,S,14420.0000,0.0000,0.0000,0.0000,0.0000,14440.0000,0.0000,0.0000,0.0000,0.0000,5,0,0,0,0,10,0,0,0,0
sc,zn1212,2012-06-29 09:09:07.000,14410.0000,11652,0,0.0000,0.0000,0,0,空换,S,14420.0000,0.0000,0.0000,0.0000,0.0000,14440.0000,0.0000,0.0000,0.0000,0.0000,5,0,0,0,0,10,0,0,0,0
sc,zn1212,2012-06-29 09:09:07.500,14410.0000,11652,0,0.0000,0.0000,0,0,空换,S,14420.0000,0.0000,0.0000,0.0000,0.0000,14435.0000,0.0000,0.0000,0.0000,0.0000,5,0,0,0,0,5,0,0,0,0
sc,zn1212,2012-06-29 09:09:08.000,14410.0000,11652,0,0.0000,0.0000,0,0,空换,S,14425.0000,0.0000,0.0000,0.0000,0.0000,14435.0000,0.0000,0.0000,0.0000,0.0000,5,0,0,0,0,5,0,0,0,0
sc,zn1212,2012-06-29 09:09:08.500,14410.0000,11652,0,0.0000,0.0000,0,0,空换,S,14425.0000,0.0000,0.0000,0.0000,0.0000,14440.0000,0.0000,0.0000,0.0000,0.0000,5,0,0,0,0,5,0,0,0,0
sc,zn1212,2012-06-29 09:09:09.000,14410.0000,11652,0,0.0000,0.0000,0,0,空换,S,14425.0000,0.0000,0.0000,0.0000,0.0000,14440.0000,0.0000,0.0000,0.0000,0.0000,5,0,0,0,0,10,0,0,0,0
sc,zn1212,2012-06-29 09:09:13.000,14410.0000,11652,0,0.0000,0.0000,0,0,空换,S,14425.0000,0.0000,0.0000,0.0000,0.0000,14435.0000,0.0000,0.0000,0.0000,0.0000,5,0,0,0,0,5,0,0,0,0
sc,zn1212,2012-06-29 09:09:13.500,14410.0000,11652,0,0.0000,0.0000,0,0,空换,S,14425.0000,0.0000,0.0000,0.0000,0.0000,14440.0000,0.0000,0.0000,0.0000,0.0000,5,0,0,0,0,5,0,0,0,0
sc,zn1212,2012-06-29 09:09:14.000,14410.0000,11652,0,0.0000,0.0000,0,0,空换,S,14425.0000,0.0000,0.0000,0.0000,0.0000,14440.0000,0.0000,0.0000,0.0000,0.0000,5,0,0,0,0,10,0,0,0,0
sc,zn1212,2012-06-29 09:09:18.000,14410.0000,11652,0,0.0000,0.0000,0,0,空换,S,14405.0000,0.0000,0.0000,0.0000,0.0000,14435.0000,0.0000,0.0000,0.0000,0.0000,2,0,0,0,0,5,0,0,0,0
sc,zn1212,2012-06-29 09:09:18.500,14410.0000,11652,0,0.0000,0.0000,0,0,空换,S,14420.0000,0.0000,0.0000,0.0000,0.0000,14435.0000,0.0000,0.0000,0.0000,0.0000,5,0,0,0,0,5,0,0,0,0
sc,zn1212,2012-06-29 09:09:19.000,14410.0000,11652,0,0.0000,0.0000,0,0,空换,S,14420.0000,0.0000,0.0000,0.0000,0.0000,14435.0000,0.0000,0.0000,0.0000,0.0000,5,0,0,0,0,10,0,0,0,0
sc,zn1212,2012-06-29 09:09:22.500,14410.0000,11652,0,0.0000,0.0000,0,0,空换,S,14415.0000,0.0000,0.0000,0.0000,0.0000,14430.0000,0.0000,0.0000,0.0000,0.0000,5,0,0,0,0,5,0,0,0,0
sc,zn1212,2012-06-29 09:09:23.000,14410.0000,11652,0,0.0000,0.0000,0,0,空换,S,14415.0000,0.0000,0.0000,0.0000,0.0000,14430.0000,0.0000,0.0000,0.0000,0.0000,5,0,0,0,0,10,0,0,0,0
sc,zn1212,2012-06-29 09:09:33.000,14410.0000,11652,0,0.0000,0.0000,0,0,空换,S,14415.0000,0.0000,0.0000,0.0000,0.0000,14430.0000,0.0000,0.0000,0.0000,0.0000,5,0,0,0,0,5,0,0,0,0
sc,zn1212,2012-06-29 09:09:34.500,14410.0000,11652,0,0.0000,0.0000,0,0,空换,S,14415.0000,0.0000,0.0000,0.0000,0.0000,14430.0000,0.0000,0.0000,0.0000,0.0000,5,0,0,0,0,10,0,0,0,0
sc,zn1212,2012-06-29 09:09:35.500,14410.0000,11652,0,0.0000,0.0000,0,0,空换,S,14415.0000,0.0000,0.0000,0.0000,0.0000,14430.0000,0.0000,0.0000,0.0000,0.0000,10,0,0,0,0,5,0,0,0,0
sc,zn1212,2012-06-29 09:09:36.000,14410.0000,11652,0,0.0000,0.0000,0,0,空换,S,14415.0000,0.0000,0.0000,0.0000,0.0000,14430.0000,0.0000,0.0000,0.0000,0.0000,5,0,0,0,0,10,0,0,0,0
sc,zn1212,2012-06-29 09:09:39.000,14410.0000,11652,0,0.0000,0.0000,0,0,空换,S,14415.0000,0.0000,0.0000,0.0000,0.0000,14430.0000,0.0000,0.0000,0.0000,0.0000,10,0,0,0,0,5,0,0,0,0
sc,zn1212,2012-06-29 09:09:39.500,14410.0000,11652,0,0.0000,0.0000,0,0,空换,S,14415.0000,0.0000,0.0000,0.0000,0.0000,14425.0000,0.0000,0.0000,0.0000,0.0000,5,0,0,0,0,5,0,0,0,0
sc,zn1212,2012-06-29 09:09:40.000,14410.0000,11652,0,0.0000,0.0000,0,0,空换,S,14405.0000,0.0000,0.0000,0.0000,0.0000,14430.0000,0.0000,0.0000,0.0000,0.0000,2,0,0,0,0,5,0,0,0,0
sc,zn1212,2012-06-29 09:09:40.500,14410.0000,11652,0,0.0000,0.0000,0,0,空换,S,14410.0000,0.0000,0.0000,0.0000,0.0000,14425.0000,0.0000,0.0000,0.0000,0.0000,5,0,0,0,0,5,0,0,0,0
sc,zn1212,2012-06-29 09:09:45.000,14410.0000,11652,0,0.0000,0.0000,0,0,空换,S,14415.0000,0.0000,0.0000,0.0000,0.0000,14430.0000,0.0000,0.0000,0.0000,0.0000,5,0,0,0,0,5,0,0,0,0
sc,zn1212,2012-06-29 09:09:45.500,14410.0000,11652,0,0.0000,0.0000,0,0,空换,S,14415.0000,0.0000,0.0000,0.0000,0.0000,14430.0000,0.0000,0.0000,0.0000,0.0000,5,0,0,0,0,10,0,0,0,0
sc,zn1212,2012-06-29 09:09:46.000,14410.0000,11652,0,0.0000,0.0000,0,0,空换,S,14405.0000,0.0000,0.0000,0.0000,0.0000,14425.0000,0.0000,0.0000,0.0000,0.0000,2,0,0,0,0,5,0,0,0,0
sc,zn1212,2012-06-29 09:09:46.500,14410.0000,11652,0,0.0000,0.0000,0,0,空换,S,14410.0000,0.0000,0.0000,0.0000,0.0000,14425.0000,0.0000,0.0000,0.0000,0.0000,5,0,0,0,0,5,0,0,0,0
sc,zn1212,2012-06-29 09:09:50.500,14410.0000,11652,0,0.0000,0.0000,0,0,空换,S,14410.0000,0.0000,0.0000,0.0000,0.0000,14425.0000,0.0000,0.0000,0.0000,0.0000,5,0,0,0,0,10,0,0,0,0
sc,zn1212,2012-06-29 09:09:55.000,14410.0000,11652,0,0.0000,0.0000,0,0,空换,S,14410.0000,0.0000,0.0000,0.0000,0.0000,14425.0000,0.0000,0.0000,0.0000,0.0000,5,0,0,0,0,10,0,0,0,0
sc,zn1212,2012-06-29 09:09:57.500,14410.0000,11652,0,0.0000,0.0000,0,0,空换,S,14410.0000,0.0000,0.0000,0.0000,0.0000,14425.0000,0.0000,0.0000,0.0000,0.0000,5,0,0,0,0,5,0,0,0,0
sc,zn1212,2012-06-29 09:09:59.000,14410.0000,11652,0,0.0000,0.0000,0,0,空换,S,14410.0000,0.0000,0.0000,0.0000,0.0000,14425.0000,0.0000,0.0000,0.0000,0.0000,5,0,0,0,0,10,0,0,0,0
sc,zn1212,2012-06-29 09:10:01.500,14410.0000,11652,0,0.0000,0.0000,0,0,空换,S,14415.0000,0.0000,0.0000,0.0000,0.0000,14425.0000,0.0000,0.0000,0.0000,0.0000,5,0,0,0,0,5,0,0,0,0
sc,zn1212,2012-06-29 09:10:02.000,14410.0000,11652,0,0.0000,0.0000,0,0,空换,S,14415.0000,0.0000,0.0000,0.0000,0.0000,14445.0000,0.0000,0.0000,0.0000,0.0000,5,0,0,0,0,5,0,0,0,0
sc,zn1212,2012-06-29 09:10:02.500,14410.0000,11652,0,0.0000,0.0000,0,0,空换,S,14415.0000,0.0000,0.0000,0.0000,0.0000,14430.0000,0.0000,0.0000,0.0000,0.0000,5,0,0,0,0,10,0,0,0,0
sc,zn1212,2012-06-29 09:10:05.000,14410.0000,11652,0,0.0000,0.0000,0,0,空换,S,14420.0000,0.0000,0.0000,0.0000,0.0000,14430.0000,0.0000,0.0000,0.0000,0.0000,5,0,0,0,0,5,0,0,0,0
sc,zn1212,2012-06-29 09:10:05.500,14410.0000,11652,0,0.0000,0.0000,0,0,空换,S,14415.0000,0.0000,0.0000,0.0000,0.0000,14430.0000,0.0000,0.0000,0.0000,0.0000,5,0,0,0,0,5,0,0,0,0
sc,zn1212,2012-06-29 09:10:09.000,14410.0000,11652,0,0.0000,0.0000,0,0,空换,S,14415.0000,0.0000,0.0000,0.0000,0.0000,14425.0000,0.0000,0.0000,0.0000,0.0000,5,0,0,0,0,1,0,0,0,0
sc,zn1212,2012-06-29 09:10:10.500,14410.0000,11652,0,0.0000,0.0000,0,0,空换,S,14415.0000,0.0000,0.0000,0.0000,0.0000,14425.0000,0.0000,0.0000,0.0000,0.0000,5,0,0,0,0,1,0,0,0,0
sc,zn1212,2012-06-29 09:10:17.000,14410.0000,11652,0,0.0000,0.0000,0,0,空换,S,14415.0000,0.0000,0.0000,0.0000,0.0000,14425.0000,0.0000,0.0000,0.0000,0.0000,5,0,0,0,0,1,0,0,0,0
sc,zn1212,2012-06-29 09:10:18.000,14410.0000,11652,0,0.0000,0.0000,0,0,空换,S,14405.0000,0.0000,0.0000,0.0000,0.0000,14425.0000,0.0000,0.0000,0.0000,0.0000,2,0,0,0,0,1,0,0,0,0
sc,zn1212,2012-06-29 09:10:18.500,14410.0000,11652,0,0.0000,0.0000,0,0,空换,S,14410.0000,0.0000,0.0000,0.0000,0.0000,14425.0000,0.0000,0.0000,0.0000,0.0000,5,0,0,0,0,1,0,0,0,0
sc,zn1212,2012-06-29 09:10:19.000,14410.0000,11652,0,0.0000,0.0000,0,0,空换,S,14410.0000,0.0000,0.0000,0.0000,0.0000,14425.0000,0.0000,0.0000,0.0000,0.0000,5,0,0,0,0,6,0,0,0,0
sc,zn1212,2012-06-29 09:10:19.500,14410.0000,11652,0,0.0000,0.0000,0,0,空换,S,14410.0000,0.0000,0.0000,0.0000,0.0000,14425.0000,0.0000,0.0000,0.0000,0.0000,5,0,0,0,0,6,0,0,0,0
sc,zn1212,2012-06-29 09:10:20.000,14410.0000,11652,0,0.0000,0.0000,0,0,空换,S,14410.0000,0.0000,0.0000,0.0000,0.0000,14425.0000,0.0000,0.0000,0.0000,0.0000,5,0,0,0,0,11,0,0,0,0
sc,zn1212,2012-06-29 09:10:22.000,14410.0000,11652,0,0.0000,0.0000,0,0,空换,S,14410.0000,0.0000,0.0000,0.0000,0.0000,14425.0000,0.0000,0.0000,0.0000,0.0000,5,0,0,0,0,11,0,0,0,0
sc,zn1212,2012-06-29 09:10:25.500,14410.0000,11652,0,0.0000,0.0000,0,0,空换,S,14415.0000,0.0000,0.0000,0.0000,0.0000,14425.0000,0.0000,0.0000,0.0000,0.0000,5,0,0,0,0,6,0,0,0,0
sc,zn1212,2012-06-29 09:10:26.000,14410.0000,11652,0,0.0000,0.0000,0,0,空换,S,14415.0000,0.0000,0.0000,0.0000,0.0000,14425.0000,0.0000,0.0000,0.0000,0.0000,5,0,0,0,0,1,0,0,0,0
sc,zn1212,2012-06-29 09:10:26.500,14410.0000,11652,0,0.0000,0.0000,0,0,空换,S,14415.0000,0.0000,0.0000,0.0000,0.0000,14425.0000,0.0000,0.0000,0.0000,0.0000,5,0,0,0,0,2,0,0,0,0
sc,zn1212,2012-06-29 09:10:29.500,14410.0000,11652,0,0.0000,0.0000,0,0,空换,S,14420.0000,0.0000,0.0000,0.0000,0.0000,14425.0000,0.0000,0.0000,0.0000,0.0000,82,0,0,0,0,2,0,0,0,0
sc,zn1212,2012-06-29 09:10:30.500,14410.0000,11652,0,0.0000,0.0000,0,0,空换,S,14420.0000,0.0000,0.0000,0.0000,0.0000,14425.0000,0.0000,0.0000,0.0000,0.0000,82,0,0,0,0,7,0,0,0,0
sc,zn1212,2012-06-29 09:10:44.500,14420.0000,11652,0,721000.0000,10.0000,5,5,多换,B,14420.0000,0.0000,0.0000,0.0000,0.0000,14425.0000,0.0000,0.0000,0.0000,0.0000,77,0,0,0,0,7,0,0,0,0
sc,zn1212,2012-06-29 09:10:45.000,14420.0000,11652,0,0.0000,0.0000,0,0,多换,B,14420.0000,0.0000,0.0000,0.0000,0.0000,14425.0000,0.0000,0.0000,0.0000,0.0000,77,0,0,0,0,12,0,0,0,0
sc,zn1212,2012-06-29 09:10:47.500,14420.0000,11652,0,0.0000,0.0000,0,0,多换,B,14420.0000,0.0000,0.0000,0.0000,0.0000,14425.0000,0.0000,0.0000,0.0000,0.0000,77,0,0,0,0,7,0,0,0,0
sc,zn1212,2012-06-29 09:10:48.000,14420.0000,11652,0,0.0000,0.0000,0,0,多换,B,14420.0000,0.0000,0.0000,0.0000,0.0000,14425.0000,0.0000,0.0000,0.0000,0.0000,77,0,0,0,0,2,0,0,0,0
sc,zn1212,2012-06-29 09:10:49.500,14420.0000,11650,-2,144200.0000,2.0000,0,2,双平,B,14420.0000,0.0000,0.0000,0.0000,0.0000,14425.0000,0.0000,0.0000,0.0000,0.0000,76,0,0,0,0,2,0,0,0,0
sc,zn1212,2012-06-29 09:10:54.000,14420.0000,11650,0,0.0000,0.0000,0,0,多换,B,14420.0000,0.0000,0.0000,0.0000,0.0000,14425.0000,0.0000,0.0000,0.0000,0.0000,76,0,0,0,0,7,0,0,0,0
sc,zn1212,2012-06-29 09:10:54.500,14420.0000,11650,0,0.0000,0.0000,0,0,多换,B,14420.0000,0.0000,0.0000,0.0000,0.0000,14425.0000,0.0000,0.0000,0.0000,0.0000,76,0,0,0,0,12,0,0,0,0
sc,zn1212,2012-06-29 09:10:58.000,14420.0000,11650,0,0.0000,0.0000,0,0,多换,B,14420.0000,0.0000,0.0000,0.0000,0.0000,14425.0000,0.0000,0.0000,0.0000,0.0000,76,0,0,0,0,7,0,0,0,0
sc,zn1212,2012-06-29 09:11:00.000,14420.0000,11650,0,0.0000,0.0000,0,0,多换,B,14420.0000,0.0000,0.0000,0.0000,0.0000,14425.0000,0.0000,0.0000,0.0000,0.0000,76,0,0,0,0,2,0,0,0,0
sc,zn1212,2012-06-29 09:11:00.500,14420.0000,11650,0,0.0000,0.0000,0,0,多换,B,14420.0000,0.0000,0.0000,0.0000,0.0000,14425.0000,0.0000,0.0000,0.0000,0.0000,76,0,0,0,0,7,0,0,0,0
sc,zn1212,2012-06-29 09:11:01.000,14420.0000,11650,0,0.0000,0.0000,0,0,多换,B,14420.0000,0.0000,0.0000,0.0000,0.0000,14425.0000,0.0000,0.0000,0.0000,0.0000,76,0,0,0,0,12,0,0,0,0
sc,zn1212,2012-06-29 09:11:07.000,14420.0000,11650,0,0.0000,0.0000,0,0,多换,B,14420.0000,0.0000,0.0000,0.0000,0.0000,14425.0000,0.0000,0.0000,0.0000,0.0000,76,0,0,0,0,12,0,0,0,0
sc,zn1212,2012-06-29 09:11:08.500,14420.0000,11650,0,2163000.0000,30.0000,15,15,多换,B,14420.0000,0.0000,0.0000,0.0000,0.0000,14425.0000,0.0000,0.0000,0.0000,0.0000,61,0,0,0,0,8,0,0,0,0
sc,zn1212,2012-06-29 09:11:09.000,14420.0000,11650,0,721000.0000,10.0000,5,5,多换,B,14420.0000,0.0000,0.0000,0.0000,0.0000,14425.0000,0.0000,0.0000,0.0000,0.0000,56,0,0,0,0,7,0,0,0,0
sc,zn1212,2012-06-29 09:11:10.500,14420.0000,11650,0,0.0000,0.0000,0,0,多换,B,14420.0000,0.0000,0.0000,0.0000,0.0000,14425.0000,0.0000,0.0000,0.0000,0.0000,56,0,0,0,0,7,0,0,0,0
sc,zn1212,2012-06-29 09:11:11.000,14420.0000,11650,0,0.0000,0.0000,0,0,多换,B,14420.0000,0.0000,0.0000,0.0000,0.0000,14425.0000,0.0000,0.0000,0.0000,0.0000,56,0,0,0,0,2,0,0,0,0
sc,zn1212,2012-06-29 09:11:22.500,14420.0000,11650,0,0.0000,0.0000,0,0,多换,B,14420.0000,0.0000,0.0000,0.0000,0.0000,14425.0000,0.0000,0.0000,0.0000,0.0000,56,0,0,0,0,2,0,0,0,0
sc,zn1212,2012-06-29 09:11:23.000,14420.0000,11650,0,144200.0000,2.0000,1,1,多换,B,14420.0000,0.0000,0.0000,0.0000,0.0000,14425.0000,0.0000,0.0000,0.0000,0.0000,55,0,0,0,0,2,0,0,0,0
sc,zn1212,2012-06-29 09:11:29.500,14420.0000,11650,0,0.0000,0.0000,0,0,多换,B,14420.0000,0.0000,0.0000,0.0000,0.0000,14425.0000,0.0000,0.0000,0.0000,0.0000,55,0,0,0,0,2,0,0,0,0
sc,zn1212,2012-06-29 09:11:34.000,14420.0000,11650,0,2884000.0000,40.0000,20,20,多换,B,14420.0000,0.0000,0.0000,0.0000,0.0000,14425.0000,0.0000,0.0000,0.0000,0.0000,35,0,0,0,0,2,0,0,0,0
sc,zn1212,2012-06-29 09:11:34.500,14420.0000,11640,-10,1009400.0000,14.0000,2,12,空平,B,14420.0000,0.0000,0.0000,0.0000,0.0000,14425.0000,0.0000,0.0000,0.0000,0.0000,28,0,0,0,0,7,0,0,0,0
sc,zn1212,2012-06-29 09:11:36.500,14420.0000,11640,0,144200.0000,2.0000,1,1,多换,B,14420.0000,0.0000,0.0000,0.0000,0.0000,14425.0000,0.0000,0.0000,0.0000,0.0000,27,0,0,0,0,7,0,0,0,0
sc,zn1212,2012-06-29 09:11:37.000,14420.0000,11626,-14,1009400.0000,14.0000,0,14,双平,B,14420.0000,0.0000,0.0000,0.0000,0.0000,14425.0000,0.0000,0.0000,0.0000,0.0000,20,0,0,0,0,7,0,0,0,0
sc,zn1212,2012-06-29 09:11:52.000,14420.0000,11626,0,144200.0000,2.0000,1,1,多换,B,14420.0000,0.0000,0.0000,0.0000,0.0000,14425.0000,0.0000,0.0000,0.0000,0.0000,19,0,0,0,0,7,0,0,0,0
sc,zn1212,2012-06-29 09:11:54.000,14420.0000,11626,0,2739800.0000,38.0000,19,19,多换,B,14405.0000,0.0000,0.0000,0.0000,0.0000,14420.0000,0.0000,0.0000,0.0000,0.0000,2,0,0,0,0,6,0,0,0,0
sc,zn1212,2012-06-29 09:11:54.500,14420.0000,11626,0,0.0000,0.0000,0,0,多换,B,14410.0000,0.0000,0.0000,0.0000,0.0000,14425.0000,0.0000,0.0000,0.0000,0.0000,5,0,0,0,0,7,0,0,0,0
sc,zn1212,2012-06-29 09:11:58.500,14420.0000,11626,0,0.0000,0.0000,0,0,多换,B,14415.0000,0.0000,0.0000,0.0000,0.0000,14425.0000,0.0000,0.0000,0.0000,0.0000,5,0,0,0,0,2,0,0,0,0
sc,zn1212,2012-06-29 09:12:00.500,14420.0000,11626,0,0.0000,0.0000,0,0,多换,B,14405.0000,0.0000,0.0000,0.0000,0.0000,14425.0000,0.0000,0.0000,0.0000,0.0000,2,0,0,0,0,7,0,0,0,0
sc,zn1212,2012-06-29 09:12:01.000,14420.0000,11626,0,0.0000,0.0000,0,0,多换,B,14410.0000,0.0000,0.0000,0.0000,0.0000,14425.0000,0.0000,0.0000,0.0000,0.0000,5,0,0,0,0,7,0,0,0,0
sc,zn1212,2012-06-29 09:12:01.500,14420.0000,11626,0,0.0000,0.0000,0,0,多换,B,14410.0000,0.0000,0.0000,0.0000,0.0000,14425.0000,0.0000,0.0000,0.0000,0.0000,5,0,0,0,0,7,0,0,0,0
sc,zn1212,2012-06-29 09:12:14.500,14420.0000,11626,0,0.0000,0.0000,0,0,多换,B,14410.0000,0.0000,0.0000,0.0000,0.0000,14425.0000,0.0000,0.0000,0.0000,0.0000,5,0,0,0,0,2,0,0,0,0
sc,zn1212,2012-06-29 09:12:22.000,14420.0000,11626,0,0.0000,0.0000,0,0,多换,B,14405.0000,0.0000,0.0000,0.0000,0.0000,14425.0000,0.0000,0.0000,0.0000,0.0000,2,0,0,0,0,7,0,0,0,0
sc,zn1212,2012-06-29 09:12:22.500,14420.0000,11626,0,0.0000,0.0000,0,0,多换,B,14410.0000,0.0000,0.0000,0.0000,0.0000,14425.0000,0.0000,0.0000,0.0000,0.0000,5,0,0,0,0,2,0,0,0,0
sc,zn1212,2012-06-29 09:12:25.000,14420.0000,11626,0,0.0000,0.0000,0,0,多换,B,14410.0000,0.0000,0.0000,0.0000,0.0000,14420.0000,0.0000,0.0000,0.0000,0.0000,5,0,0,0,0,2,0,0,0,0
sc,zn1212,2012-06-29 09:12:35.500,14420.0000,11626,0,0.0000,0.0000,0,0,多换,B,14405.0000,0.0000,0.0000,0.0000,0.0000,14420.0000,0.0000,0.0000,0.0000,0.0000,2,0,0,0,0,2,0,0,0,0
sc,zn1212,2012-06-29 09:12:36.000,14420.0000,11626,0,0.0000,0.0000,0,0,多换,B,14405.0000,0.0000,0.0000,0.0000,0.0000,14420.0000,0.0000,0.0000,0.0000,0.0000,7,0,0,0,0,2,0,0,0,0
sc,zn1212,2012-06-29 09:12:38.000,14420.0000,11626,0,0.0000,0.0000,0,0,多换,B,14405.0000,0.0000,0.0000,0.0000,0.0000,14420.0000,0.0000,0.0000,0.0000,0.0000,7,0,0,0,0,4,0,0,0,0
sc,zn1212,2012-06-29 09:12:46.000,14420.0000,11626,0,0.0000,0.0000,0,0,多换,B,14405.0000,0.0000,0.0000,0.0000,0.0000,14420.0000,0.0000,0.0000,0.0000,0.0000,7,0,0,0,0,2,0,0,0,0
sc,zn1212,2012-06-29 09:12:46.500,14420.0000,11626,0,0.0000,0.0000,0,0,多换,B,14405.0000,0.0000,0.0000,0.0000,0.0000,14420.0000,0.0000,0.0000,0.0000,0.0000,5,0,0,0,0,2,0,0,0,0
sc,zn1212,2012-06-29 09:12:50.500,14420.0000,11626,0,0.0000,0.0000,0,0,多换,B,14405.0000,0.0000,0.0000,0.0000,0.0000,14420.0000,0.0000,0.0000,0.0000,0.0000,5,0,0,0,0,2,0,0,0,0
sc,zn1212,2012-06-29 09:12:53.500,14420.0000,11626,0,0.0000,0.0000,0,0,多换,B,14400.0000,0.0000,0.0000,0.0000,0.0000,14420.0000,0.0000,0.0000,0.0000,0.0000,20,0,0,0,0,10,0,0,0,0
sc,zn1212,2012-06-29 09:12:54.000,14420.0000,11626,0,0.0000,0.0000,0,0,多换,B,14400.0000,0.0000,0.0000,0.0000,0.0000,14420.0000,0.0000,0.0000,0.0000,0.0000,25,0,0,0,0,10,0,0,0,0
sc,zn1212,2012-06-29 09:12:55.500,14420.0000,11626,0,0.0000,0.0000,0,0,多换,B,14400.0000,0.0000,0.0000,0.0000,0.0000,14420.0000,0.0000,0.0000,0.0000,0.0000,25,0,0,0,0,10,0,0,0,0
sc,zn1212,2012-06-29 09:12:58.500,14420.0000,11626,0,0.0000,0.0000,0,0,多换,B,14400.0000,0.0000,0.0000,0.0000,0.0000,14415.0000,0.0000,0.0000,0.0000,0.0000,20,0,0,0,0,8,0,0,0,0
sc,zn1212,2012-06-29 09:12:59.000,14420.0000,11626,0,0.0000,0.0000,0,0,多换,B,14400.0000,0.0000,0.0000,0.0000,0.0000,14415.0000,0.0000,0.0000,0.0000,0.0000,20,0,0,0,0,11,0,0,0,0
sc,zn1212,2012-06-29 09:13:01.000,14420.0000,11626,0,0.0000,0.0000,0,0,多换,B,14400.0000,0.0000,0.0000,0.0000,0.0000,14410.0000,0.0000,0.0000,0.0000,0.0000,20,0,0,0,0,5,0,0,0,0
sc,zn1212,2012-06-29 09:13:01.500,14420.0000,11626,0,0.0000,0.0000,0,0,多换,B,14400.0000,0.0000,0.0000,0.0000,0.0000,14410.0000,0.0000,0.0000,0.0000,0.0000,20,0,0,0,0,5,0,0,0,0
sc,zn1212,2012-06-29 09:13:03.000,14400.0000,11626,0,2880000.0000,40.0000,20,20,空换,S,14330.0000,0.0000,0.0000,0.0000,0.0000,14405.0000,0.0000,0.0000,0.0000,0.0000,2,0,0,0,0,5,0,0,0,0
sc,zn1212,2012-06-29 09:13:03.500,14400.0000,11626,0,0.0000,0.0000,0,0,空换,S,14390.0000,0.0000,0.0000,0.0000,0.0000,14410.0000,0.0000,0.0000,0.0000,0.0000,5,0,0,0,0,5,0,0,0,0
sc,zn1212,2012-06-29 09:13:04.000,14400.0000,11626,0,0.0000,0.0000,0,0,空换,S,14390.0000,0.0000,0.0000,0.0000,0.0000,14405.0000,0.0000,0.0000,0.0000,0.0000,5,0,0,0,0,5,0,0,0,0
sc,zn1212,2012-06-29 09:13:06.000,14400.0000,11626,0,0.0000,0.0000,0,0,空换,S,14390.0000,0.0000,0.0000,0.0000,0.0000,14405.0000,0.0000,0.0000,0.0000,0.0000,5,0,0,0,0,5,0,0,0,0
sc,zn1212,2012-06-29 09:13:06.500,14400.0000,11626,0,0.0000,0.0000,0,0,空换,S,14390.0000,0.0000,0.0000,0.0000,0.0000,14405.0000,0.0000,0.0000,0.0000,0.0000,5,0,0,0,0,5,0,0,0,0
sc,zn1212,2012-06-29 09:13:08.500,14400.0000,11626,0,0.0000,0.0000,0,0,空换,S,14390.0000,0.0000,0.0000,0.0000,0.0000,14405.0000,0.0000,0.0000,0.0000,0.0000,5,0,0,0,0,5,0,0,0,0
sc,zn1212,2012-06-29 09:13:14.000,14400.0000,11626,0,0.0000,0.0000,0,0,空换,S,14390.0000,0.0000,0.0000,0.0000,0.0000,14410.0000,0.0000,0.0000,0.0000,0.0000,5,0,0,0,0,5,0,0,0,0
sc,zn1212,2012-06-29 09:13:14.500,14400.0000,11626,0,0.0000,0.0000,0,0,空换,S,14390.0000,0.0000,0.0000,0.0000,0.0000,14410.0000,0.0000,0.0000,0.0000,0.0000,5,0,0,0,0,10,0,0,0,0
sc,zn1212,2012-06-29 09:13:16.500,14400.0000,11626,0,0.0000,0.0000,0,0,空换,S,14390.0000,0.0000,0.0000,0.0000,0.0000,14410.0000,0.0000,0.0000,0.0000,0.0000,5,0,0,0,0,10,0,0,0,0
sc,zn1212,2012-06-29 09:13:18.500,14400.0000,11626,0,0.0000,0.0000,0,0,空换,S,14395.0000,0.0000,0.0000,0.0000,0.0000,14410.0000,0.0000,0.0000,0.0000,0.0000,5,0,0,0,0,2,0,0,0,0
sc,zn1212,2012-06-29 09:13:19.000,14400.0000,11626,0,0.0000,0.0000,0,0,空换,S,14390.0000,0.0000,0.0000,0.0000,0.0000,14410.0000,0.0000,0.0000,0.0000,0.0000,5,0,0,0,0,10,0,0,0,0
sc,zn1212,2012-06-29 09:13:22.500,14400.0000,11626,0,0.0000,0.0000,0,0,空换,S,14355.0000,0.0000,0.0000,0.0000,0.0000,14405.0000,0.0000,0.0000,0.0000,0.0000,10,0,0,0,0,8,0,0,0,0
sc,zn1212,2012-06-29 09:13:23.000,14400.0000,11626,0,0.0000,0.0000,0,0,空换,S,14385.0000,0.0000,0.0000,0.0000,0.0000,14405.0000,0.0000,0.0000,0.0000,0.0000,5,0,0,0,0,8,0,0,0,0
sc,zn1212,2012-06-29 09:13:23.500,14400.0000,11626,0,0.0000,0.0000,0,0,空换,S,14385.0000,0.0000,0.0000,0.0000,0.0000,14405.0000,0.0000,0.0000,0.0000,0.0000,5,0,0,0,0,8,0,0,0,0
sc,zn1212,2012-06-29 09:13:24.500,14400.0000,11626,0,0.0000,0.0000,0,0,空换,S,14385.0000,0.0000,0.0000,0.0000,0.0000,14405.0000,0.0000,0.0000,0.0000,0.0000,5,0,0,0,0,8,0,0,0,0
sc,zn1212,2012-06-29 09:13:25.500,14400.0000,11626,0,0.0000,0.0000,0,0,空换,S,14385.0000,0.0000,0.0000,0.0000,0.0000,14405.0000,0.0000,0.0000,0.0000,0.0000,5,0,0,0,0,8,0,0,0,0
sc,zn1212,2012-06-29 09:13:27.500,14400.0000,11626,0,0.0000,0.0000,0,0,空换,S,14360.0000,0.0000,0.0000,0.0000,0.0000,14400.0000,0.0000,0.0000,0.0000,0.0000,15,0,0,0,0,8,0,0,0,0
sc,zn1212,2012-06-29 09:13:28.000,14400.0000,11626,0,0.0000,0.0000,0,0,空换,S,14380.0000,0.0000,0.0000,0.0000,0.0000,14400.0000,0.0000,0.0000,0.0000,0.0000,5,0,0,0,0,8,0,0,0,0
sc,zn1212,2012-06-29 09:13:29.000,14400.0000,11626,0,0.0000,0.0000,0,0,空换,S,14380.0000,0.0000,0.0000,0.0000,0.0000,14400.0000,0.0000,0.0000,0.0000,0.0000,5,0,0,0,0,10,0,0,0,0
sc,zn1212,2012-06-29 09:13:32.500,14400.0000,11626,0,0.0000,0.0000,0,0,空换,S,14380.0000,0.0000,0.0000,0.0000,0.0000,14400.0000,0.0000,0.0000,0.0000,0.0000,5,0,0,0,0,10,0,0,0,0
sc,zn1212,2012-06-29 09:13:49.000,14400.0000,11626,0,0.0000,0.0000,0,0,空换,S,14360.0000,0.0000,0.0000,0.0000,0.0000,14395.0000,0.0000,0.0000,0.0000,0.0000,5,0,0,0,0,5,0,0,0,0
sc,zn1212,2012-06-29 09:13:49.500,14400.0000,11626,0,0.0000,0.0000,0,0,空换,S,14375.0000,0.0000,0.0000,0.0000,0.0000,14395.0000,0.0000,0.0000,0.0000,0.0000,5,0,0,0,0,8,0,0,0,0
sc,zn1212,2012-06-29 09:13:57.500,14400.0000,11626,0,0.0000,0.0000,0,0,空换,S,14350.0000,0.0000,0.0000,0.0000,0.0000,14390.0000,0.0000,0.0000,0.0000,0.0000,3,0,0,0,0,8,0,0,0,0
sc,zn1212,2012-06-29 09:13:58.000,14400.0000,11626,0,0.0000,0.0000,0,0,空换,S,14370.0000,0.0000,0.0000,0.0000,0.0000,14390.0000,0.0000,0.0000,0.0000,0.0000,5,0,0,0,0,8,0,0,0,0
sc,zn1212,2012-06-29 09:13:59.000,14400.0000,11626,0,0.0000,0.0000,0,0,空换,S,14375.0000,0.0000,0.0000,0.0000,0.0000,14400.0000,0.0000,0.0000,0.0000,0.0000,5,0,0,0,0,3,0,0,0,0
sc,zn1212,2012-06-29 09:13:59.500,14400.0000,11626,0,0.0000,0.0000,0,0,空换,S,14375.0000,0.0000,0.0000,0.0000,0.0000,14395.0000,0.0000,0.0000,0.0000,0.0000,5,0,0,0,0,8,0,0,0,0
sc,zn1212,2012-06-29 09:14:00.000,14400.0000,11626,0,0.0000,0.0000,0,0,空换,S,14375.0000,0.0000,0.0000,0.0000,0.0000,14395.0000,0.0000,0.0000,0.0000,0.0000,5,0,0,0,0,8,0,0,0,0
sc,zn1212,2012-06-29 09:14:00.500,14400.0000,11626,0,0.0000,0.0000,0,0,空换,S,14375.0000,0.0000,0.0000,0.0000,0.0000,14395.0000,0.0000,0.0000,0.0000,0.0000,5,0,0,0,0,8,0,0,0,0
sc,zn1212,2012-06-29 09:14:04.000,14400.0000,11626,0,0.0000,0.0000,0,0,空换,S,14380.0000,0.0000,0.0000,0.0000,0.0000,14395.0000,0.0000,0.0000,0.0000,0.0000,5,0,0,0,0,8,0,0,0,0
sc,zn1212,2012-06-29 09:14:04.500,14400.0000,11626,0,0.0000,0.0000,0,0,空换,S,14380.0000,0.0000,0.0000,0.0000,0.0000,14395.0000,0.0000,0.0000,0.0000,0.0000,5,0,0,0,0,8,0,0,0,0
sc,zn1212,2012-06-29 09:14:09.000,14400.0000,11626,0,0.0000,0.0000,0,0,空换,S,14385.0000,0.0000,0.0000,0.0000,0.0000,14400.0000,0.0000,0.0000,0.0000,0.0000,5,0,0,0,0,3,0,0,0,0
sc,zn1212,2012-06-29 09:14:09.500,14385.0000,11626,0,719250.0000,10.0000,5,5,空换,S,14355.0000,0.0000,0.0000,0.0000,0.0000,14385.0000,0.0000,0.0000,0.0000,0.0000,5,0,0,0,0,10,0,0,0,0
sc,zn1212,2012-06-29 09:14:10.000,14385.0000,11626,0,287700.0000,4.0000,2,2,空换,S,14380.0000,0.0000,0.0000,0.0000,0.0000,14395.0000,0.0000,0.0000,0.0000,0.0000,5,0,0,0,0,5,0,0,0,0
sc,zn1212,2012-06-29 09:14:10.500,14385.0000,11626,0,0.0000,0.0000,0,0,空换,S,14380.0000,0.0000,0.0000,0.0000,0.0000,14395.0000,0.0000,0.0000,0.0000,0.0000,5,0,0,0,0,5,0,0,0,0
sc,zn1212,2012-06-29 09:14:11.500,14385.0000,11626,0,0.0000,0.0000,0,0,空换,S,14380.0000,0.0000,0.0000,0.0000,0.0000,14395.0000,0.0000,0.0000,0.0000,0.0000,5,0,0,0,0,5,0,0,0,0
sc,zn1212,2012-06-29 09:14:15.000,14385.0000,11626,0,0.0000,0.0000,0,0,空换,S,14380.0000,0.0000,0.0000,0.0000,0.0000,14410.0000,0.0000,0.0000,0.0000,0.0000,5,0,0,0,0,2,0,0,0,0
sc,zn1212,2012-06-29 09:14:15.500,14385.0000,11626,0,0.0000,0.0000,0,0,空换,S,14385.0000,0.0000,0.0000,0.0000,0.0000,14400.0000,0.0000,0.0000,0.0000,0.0000,5,0,0,0,0,5,0,0,0,0
sc,zn1212,2012-06-29 09:14:20.000,14385.0000,11626,0,0.0000,0.0000,0,0,空换,S,14355.0000,0.0000,0.0000,0.0000,0.0000,14395.0000,0.0000,0.0000,0.0000,0.0000,5,0,0,0,0,5,0,0,0,0
sc,zn1212,2012-06-29 09:14:20.500,14385.0000,11626,0,0.0000,0.0000,0,0,空换,S,14380.0000,0.0000,0.0000,0.0000,0.0000,14395.0000,0.0000,0.0000,0.0000,0.0000,5,0,0,0,0,5,0,0,0,0
sc,zn1212,2012-06-29 09:14:21.000,14385.0000,11626,0,0.0000,0.0000,0,0,空换,S,14380.0000,0.0000,0.0000,0.0000,0.0000,14395.0000,0.0000,0.0000,0.0000,0.0000,5,0,0,0,0,5,0,0,0,0
sc,zn1212,2012-06-29 09:14:26.500,14385.0000,11626,0,0.0000,0.0000,0,0,空换,S,14355.0000,0.0000,0.0000,0.0000,0.0000,14395.0000,0.0000,0.0000,0.0000,0.0000,5,0,0,0,0,5,0,0,0,0
sc,zn1212,2012-06-29 09:14:27.000,14385.0000,11626,0,0.0000,0.0000,0,0,空换,S,14375.0000,0.0000,0.0000,0.0000,0.0000,14395.0000,0.0000,0.0000,0.0000,0.0000,5,0,0,0,0,5,0,0,0,0
sc,zn1212,2012-06-29 09:14:27.500,14385.0000,11626,0,0.0000,0.0000,0,0,空换,S,14375.0000,0.0000,0.0000,0.0000,0.0000,14390.0000,0.0000,0.0000,0.0000,0.0000,5,0,0,0,0,5,0,0,0,0
sc,zn1212,2012-06-29 09:14:29.000,14385.0000,11626,0,0.0000,0.0000,0,0,空换,S,14375.0000,0.0000,0.0000,0.0000,0.0000,14405.0000,0.0000,0.0000,0.0000,0.0000,5,0,0,0,0,3,0,0,0,0
sc,zn1212,2012-06-29 09:14:29.500,14385.0000,11626,0,0.0000,0.0000,0,0,空换,S,14380.0000,0.0000,0.0000,0.0000,0.0000,14395.0000,0.0000,0.0000,0.0000,0.0000,5,0,0,0,0,5,0,0,0,0
sc,zn1212,2012-06-29 09:14:30.500,14385.0000,11626,0,0.0000,0.0000,0,0,空换,S,14355.0000,0.0000,0.0000,0.0000,0.0000,14390.0000,0.0000,0.0000,0.0000,0.0000,5,0,0,0,0,5,0,0,0,0
sc,zn1212,2012-06-29 09:14:31.000,14395.0000,11672,46,3598500.0000,50.0000,48,2,多开,B,14395.0000,0.0000,0.0000,0.0000,0.0000,14405.0000,0.0000,0.0000,0.0000,0.0000,25,0,0,0,0,3,0,0,0,0
sc,zn1212,2012-06-29 09:14:31.500,14395.0000,11722,50,3598750.0000,50.0000,50,0,双开,B,14385.0000,0.0000,0.0000,0.0000,0.0000,14395.0000,0.0000,0.0000,0.0000,0.0000,5,0,0,0,0,7,0,0,0,0
sc,zn1212,2012-06-29 09:14:32.000,14395.0000,11722,0,0.0000,0.0000,0,0,多换,B,14385.0000,0.0000,0.0000,0.0000,0.0000,14400.0000,0.0000,0.0000,0.0000,0.0000,5,0,0,0,0,8,0,0,0,0
sc,zn1212,2012-06-29 09:14:33.000,14395.0000,11722,0,0.0000,0.0000,0,0,多换,B,14375.0000,0.0000,0.0000,0.0000,0.0000,14395.0000,0.0000,0.0000,0.0000,0.0000,5,0,0,0,0,5,0,0,0,0
sc,zn1212,2012-06-29 09:14:33.500,14395.0000,11722,0,0.0000,0.0000,0,0,多换,B,14380.0000,0.0000,0.0000,0.0000,0.0000,14395.0000,0.0000,0.0000,0.0000,0.0000,5,0,0,0,0,8,0,0,0,0
sc,zn1212,2012-06-29 09:14:35.500,14395.0000,11722,0,0.0000,0.0000,0,0,多换,B,14380.0000,0.0000,0.0000,0.0000,0.0000,14395.0000,0.0000,0.0000,0.0000,0.0000,5,0,0,0,0,10,0,0,0,0
sc,zn1212,2012-06-29 09:14:36.500,14395.0000,11722,0,0.0000,0.0000,0,0,多换,B,14380.0000,0.0000,0.0000,0.0000,0.0000,14395.0000,0.0000,0.0000,0.0000,0.0000,5,0,0,0,0,8,0,0,0,0
sc,zn1212,2012-06-29 09:14:37.000,14395.0000,11722,0,0.0000,0.0000,0,0,多换,B,14385.0000,0.0000,0.0000,0.0000,0.0000,14405.0000,0.0000,0.0000,0.0000,0.0000,5,0,0,0,0,3,0,0,0,0
sc,zn1212,2012-06-29 09:14:37.500,14385.0000,11722,0,719250.0000,10.0000,5,5,空换,S,14375.0000,0.0000,0.0000,0.0000,0.0000,14385.0000,0.0000,0.0000,0.0000,0.0000,5,0,0,0,0,7,0,0,0,0
sc,zn1212,2012-06-29 09:14:38.000,14385.0000,11722,0,0.0000,0.0000,0,0,空换,S,14375.0000,0.0000,0.0000,0.0000,0.0000,14390.0000,0.0000,0.0000,0.0000,0.0000,5,0,0,0,0,5,0,0,0,0
sc,zn1212,2012-06-29 09:14:38.500,14385.0000,11722,0,0.0000,0.0000,0,0,空换,S,14375.0000,0.0000,0.0000,0.0000,0.0000,14400.0000,0.0000,0.0000,0.0000,0.0000,5,0,0,0,0,3,0,0,0,0
sc,zn1212,2012-06-29 09:14:39.000,14385.0000,11722,0,0.0000,0.0000,0,0,空换,S,14375.0000,0.0000,0.0000,0.0000,0.0000,14390.0000,0.0000,0.0000,0.0000,0.0000,5,0,0,0,0,5,0,0,0,0
sc,zn1212,2012-06-29 09:14:41.500,14385.0000,11722,0,0.0000,0.0000,0,0,空换,S,14380.0000,0.0000,0.0000,0.0000,0.0000,14390.0000,0.0000,0.0000,0.0000,0.0000,30,0,0,0,0,5,0,0,0,0
sc,zn1212,2012-06-29 09:14:47.500,14385.0000,11722,0,0.0000,0.0000,0,0,空换,S,14380.0000,0.0000,0.0000,0.0000,0.0000,14385.0000,0.0000,0.0000,0.0000,0.0000,30,0,0,0,0,5,0,0,0,0
sc,zn1212,2012-06-29 09:14:48.000,14385.0000,11722,0,0.0000,0.0000,0,0,空换,S,14380.0000,0.0000,0.0000,0.0000,0.0000,14385.0000,0.0000,0.0000,0.0000,0.0000,30,0,0,0,0,5,0,0,0,0
sc,zn1212,2012-06-29 09:14:51.500,14385.0000,11722,0,0.0000,0.0000,0,0,空换,S,14380.0000,0.0000,0.0000,0.0000,0.0000,14385.0000,0.0000,0.0000,0.0000,0.0000,30,0,0,0,0,10,0,0,0,0
sc,zn1212,2012-06-29 09:14:52.000,14380.0000,11782,60,4314000.0000,60.0000,60,0,双开,S,14355.0000,0.0000,0.0000,0.0000,0.0000,14380.0000,0.0000,0.0000,0.0000,0.0000,5,0,0,0,0,7,0,0,0,0
sc,zn1212,2012-06-29 09:14:52.500,14380.0000,11782,0,0.0000,0.0000,0,0,空换,S,14370.0000,0.0000,0.0000,0.0000,0.0000,14385.0000,0.0000,0.0000,0.0000,0.0000,5,0,0,0,0,5,0,0,0,0
sc,zn1212,2012-06-29 09:14:53.000,14380.0000,11782,0,0.0000,0.0000,0,0,空换,S,14375.0000,0.0000,0.0000,0.0000,0.0000,14380.0000,0.0000,0.0000,0.0000,0.0000,5,0,0,0,0,5,0,0,0,0
sc,zn1212,2012-06-29 09:14:54.000,14380.0000,11782,0,0.0000,0.0000,0,0,空换,S,14375.0000,0.0000,0.0000,0.0000,0.0000,14390.0000,0.0000,0.0000,0.0000,0.0000,5,0,0,0,0,5,0,0,0,0
sc,zn1212,2012-06-29 09:14:54.500,14380.0000,11782,0,0.0000,0.0000,0,0,空换,S,14375.0000,0.0000,0.0000,0.0000,0.0000,14385.0000,0.0000,0.0000,0.0000,0.0000,5,0,0,0,0,5,0,0,0,0
sc,zn1212,2012-06-29 09:14:57.500,14380.0000,11782,0,0.0000,0.0000,0,0,空换,S,14375.0000,0.0000,0.0000,0.0000,0.0000,14385.0000,0.0000,0.0000,0.0000,0.0000,5,0,0,0,0,5,0,0,0,0
sc,zn1212,2012-06-29 09:15:03.500,14380.0000,11782,0,0.0000,0.0000,0,0,空换,S,14375.0000,0.0000,0.0000,0.0000,0.0000,14385.0000,0.0000,0.0000,0.0000,0.0000,5,0,0,0,0,5,0,0,0,0
sc,zn1212,2012-06-29 09:15:05.500,14380.0000,11782,0,0.0000,0.0000,0,0,空换,S,14380.0000,0.0000,0.0000,0.0000,0.0000,14385.0000,0.0000,0.0000,0.0000,0.0000,5,0,0,0,0,5,0,0,0,0
sc,zn1212,2012-06-29 09:15:06.000,14380.0000,11782,0,0.0000,0.0000,0,0,空换,S,14380.0000,0.0000,0.0000,0.0000,0.0000,14385.0000,0.0000,0.0000,0.0000,0.0000,5,0,0,0,0,5,0,0,0,0
sc,zn1212,2012-06-29 09:15:09.000,14380.0000,11782,0,0.0000,0.0000,0,0,空换,S,14380.0000,0.0000,0.0000,0.0000,0.0000,14390.0000,0.0000,0.0000,0.0000,0.0000,5,0,0,0,0,6,0,0,0,0
sc,zn1212,2012-06-29 09:15:09.500,14380.0000,11782,0,0.0000,0.0000,0,0,空换,S,14380.0000,0.0000,0.0000,0.0000,0.0000,14385.0000,0.0000,0.0000,0.0000,0.0000,5,0,0,0,0,5,0,0,0,0
sc,zn1212,2012-06-29 09:15:12.000,14380.0000,11782,0,0.0000,0.0000,0,0,空换,S,14380.0000,0.0000,0.0000,0.0000,0.0000,14395.0000,0.0000,0.0000,0.0000,0.0000,5,0,0,0,0,5,0,0,0,0
sc,zn1212,2012-06-29 09:15:12.500,14380.0000,11782,0,0.0000,0.0000,0,0,空换,S,14335.0000,0.0000,0.0000,0.0000,0.0000,14390.0000,0.0000,0.0000,0.0000,0.0000,3,0,0,0,0,10,0,0,0,0
sc,zn1212,2012-06-29 09:15:13.000,14380.0000,11782,0,0.0000,0.0000,0,0,空换,S,14375.0000,0.0000,0.0000,0.0000,0.0000,14390.0000,0.0000,0.0000,0.0000,0.0000,5,0,0,0,0,10,0,0,0,0
sc,zn1212,2012-06-29 09:15:13.500,14380.0000,11782,0,0.0000,0.0000,0,0,空换,S,14375.0000,0.0000,0.0000,0.0000,0.0000,14390.0000,0.0000,0.0000,0.0000,0.0000,5,0,0,0,0,10,0,0,0,0
sc,zn1212,2012-06-29 09:15:14.500,14380.0000,11782,0,0.0000,0.0000,0,0,空换,S,14375.0000,0.0000,0.0000,0.0000,0.0000,14390.0000,0.0000,0.0000,0.0000,0.0000,5,0,0,0,0,10,0,0,0,0
sc,zn1212,2012-06-29 09:15:17.000,14380.0000,11782,0,0.0000,0.0000,0,0,空换,S,14375.0000,0.0000,0.0000,0.0000,0.0000,14390.0000,0.0000,0.0000,0.0000,0.0000,5,0,0,0,0,5,0,0,0,0
sc,zn1212,2012-06-29 09:15:17.500,14380.0000,11782,0,0.0000,0.0000,0,0,空换,S,14380.0000,0.0000,0.0000,0.0000,0.0000,14390.0000,0.0000,0.0000,0.0000,0.0000,5,0,0,0,0,5,0,0,0,0
sc,zn1212,2012-06-29 09:15:20.000,14380.0000,11782,0,0.0000,0.0000,0,0,空换,S,14380.0000,0.0000,0.0000,0.0000,0.0000,14390.0000,0.0000,0.0000,0.0000,0.0000,5,0,0,0,0,5,0,0,0,0
sc,zn1212,2012-06-29 09:15:31.500,14380.0000,11782,0,0.0000,0.0000,0,0,空换,S,14385.0000,0.0000,0.0000,0.0000,0.0000,14390.0000,0.0000,0.0000,0.0000,0.0000,5,0,0,0,0,5,0,0,0,0
sc,zn1212,2012-06-29 09:15:39.500,14390.0000,11790,8,1582900.0000,22.0000,15,7,多开,B,14385.0000,0.0000,0.0000,0.0000,0.0000,14390.0000,0.0000,0.0000,0.0000,0.0000,5,0,0,0,0,4,0,0,0,0
sc,zn1212,2012-06-29 09:15:40.000,14390.0000,11790,0,575600.0000,8.0000,4,4,多换,B,14345.0000,0.0000,0.0000,0.0000,0.0000,14410.0000,0.0000,0.0000,0.0000,0.0000,3,0,0,0,0,2,0,0,0,0
sc,zn1212,2012-06-29 09:15:40.500,14390.0000,11790,0,0.0000,0.0000,0,0,多换,B,14380.0000,0.0000,0.0000,0.0000,0.0000,14395.0000,0.0000,0.0000,0.0000,0.0000,5,0,0,0,0,9,0,0,0,0
sc,zn1212,2012-06-29 09:15:41.000,14390.0000,11790,0,0.0000,0.0000,0,0,多换,B,14380.0000,0.0000,0.0000,0.0000,0.0000,14395.0000,0.0000,0.0000,0.0000,0.0000,5,0,0,0,0,9,0,0,0,0
sc,zn1212,2012-06-29 09:15:42.500,14390.0000,11790,0,0.0000,0.0000,0,0,多换,B,14380.0000,0.0000,0.0000,0.0000,0.0000,14395.0000,0.0000,0.0000,0.0000,0.0000,5,0,0,0,0,9,0,0,0,0
sc,zn1212,2012-06-29 09:15:47.000,14395.0000,11788,-2,143950.0000,2.0000,0,2,双平,B,14380.0000,0.0000,0.0000,0.0000,0.0000,14395.0000,0.0000,0.0000,0.0000,0.0000,5,0,0,0,0,8,0,0,0,0
sc,zn1212,2012-06-29 09:15:49.500,14395.0000,11788,0,0.0000,0.0000,0,0,多换,B,14380.0000,0.0000,0.0000,0.0000,0.0000,14395.0000,0.0000,0.0000,0.0000,0.0000,7,0,0,0,0,8,0,0,0,0
sc,zn1212,2012-06-29 09:15:54.500,14395.0000,11788,0,0.0000,0.0000,0,0,多换,B,14380.0000,0.0000,0.0000,0.0000,0.0000,14395.0000,0.0000,0.0000,0.0000,0.0000,7,0,0,0,0,8,0,0,0,0
sc,zn1212,2012-06-29 09:15:58.500,14395.0000,11788,0,0.0000,0.0000,0,0,多换,B,14390.0000,0.0000,0.0000,0.0000,0.0000,14395.0000,0.0000,0.0000,0.0000,0.0000,50,0,0,0,0,8,0,0,0,0
sc,zn1212,2012-06-29 09:16:08.500,14395.0000,11788,0,0.0000,0.0000,0,0,多换,B,14390.0000,0.0000,0.0000,0.0000,0.0000,14395.0000,0.0000,0.0000,0.0000,0.0000,50,0,0,0,0,13,0,0,0,0
sc,zn1212,2012-06-29 09:16:15.500,14390.0000,11794,6,863400.0000,12.0000,9,3,空开,S,14390.0000,0.0000,0.0000,0.0000,0.0000,14395.0000,0.0000,0.0000,0.0000,0.0000,44,0,0,0,0,15,0,0,0,0
sc,zn1212,2012-06-29 09:16:16.000,14390.0000,11828,34,2446300.0000,34.0000,34,0,双开,S,14390.0000,0.0000,0.0000,0.0000,0.0000,14395.0000,0.0000,0.0000,0.0000,0.0000,27,0,0,0,0,20,0,0,0,0
sc,zn1212,2012-06-29 09:16:16.500,14390.0000,11828,0,0.0000,0.0000,0,0,空换,S,14390.0000,0.0000,0.0000,0.0000,0.0000,14395.0000,0.0000,0.0000,0.0000,0.0000,27,0,0,0,0,10,0,0,0,0
sc,zn1212,2012-06-29 09:16:17.000,14390.0000,11882,54,3885300.0000,54.0000,54,0,双开,S,14350.0000,0.0000,0.0000,0.0000,0.0000,14390.0000,0.0000,0.0000,0.0000,0.0000,18,0,0,0,0,21,0,0,0,0
sc,zn1212,2012-06-29 09:16:17.500,14390.0000,11882,0,0.0000,0.0000,0,0,空换,S,14385.0000,0.0000,0.0000,0.0000,0.0000,14395.0000,0.0000,0.0000,0.0000,0.0000,5,0,0,0,0,5,0,0,0,0
sc,zn1212,2012-06-29 09:16:18.000,14390.0000,11882,0,0.0000,0.0000,0,0,空换,S,14385.0000,0.0000,0.0000,0.0000,0.0000,14395.0000,0.0000,0.0000,0.0000,0.0000,5,0,0,0,0,5,0,0,0,0
sc,zn1212,2012-06-29 09:16:19.500,14390.0000,11882,0,0.0000,0.0000,0,0,空换,S,14385.0000,0.0000,0.0000,0.0000,0.0000,14395.0000,0.0000,0.0000,0.0000,0.0000,5,0,0,0,0,5,0,0,0,0
sc,zn1212,2012-06-29 09:16:42.500,14390.0000,11882,0,0.0000,0.0000,0,0,空换,S,14375.0000,0.0000,0.0000,0.0000,0.0000,14395.0000,0.0000,0.0000,0.0000,0.0000,5,0,0,0,0,5,0,0,0,0
sc,zn1212,2012-06-29 09:16:43.000,14390.0000,11882,0,0.0000,0.0000,0,0,空换,S,14380.0000,0.0000,0.0000,0.0000,0.0000,14395.0000,0.0000,0.0000,0.0000,0.0000,5,0,0,0,0,5,0,0,0,0
sc,zn1212,2012-06-29 09:16:44.000,14390.0000,11882,0,0.0000,0.0000,0,0,空换,S,14385.0000,0.0000,0.0000,0.0000,0.0000,14395.0000,0.0000,0.0000,0.0000,0.0000,5,0,0,0,0,5,0,0,0,0
sc,zn1212,2012-06-29 09:16:44.500,14390.0000,11882,0,0.0000,0.0000,0,0,空换,S,14380.0000,0.0000,0.0000,0.0000,0.0000,14395.0000,0.0000,0.0000,0.0000,0.0000,5,0,0,0,0,10,0,0,0,0
sc,zn1212,2012-06-29 09:16:45.000,14390.0000,11882,0,0.0000,0.0000,0,0,空换,S,14385.0000,0.0000,0.0000,0.0000,0.0000,14395.0000,0.0000,0.0000,0.0000,0.0000,5,0,0,0,0,5,0,0,0,0
sc,zn1212,2012-06-29 09:16:48.000,14390.0000,11882,0,0.0000,0.0000,0,0,空换,S,14375.0000,0.0000,0.0000,0.0000,0.0000,14395.0000,0.0000,0.0000,0.0000,0.0000,5,0,0,0,0,10,0,0,0,0
sc,zn1212,2012-06-29 09:16:48.500,14390.0000,11882,0,0.0000,0.0000,0,0,空换,S,14380.0000,0.0000,0.0000,0.0000,0.0000,14395.0000,0.0000,0.0000,0.0000,0.0000,5,0,0,0,0,10,0,0,0,0
sc,zn1212,2012-06-29 09:16:49.500,14390.0000,11882,0,0.0000,0.0000,0,0,空换,S,14380.0000,0.0000,0.0000,0.0000,0.0000,14395.0000,0.0000,0.0000,0.0000,0.0000,5,0,0,0,0,17,0,0,0,0
sc,zn1212,2012-06-29 09:16:50.000,14390.0000,11882,0,0.0000,0.0000,0,0,空换,S,14385.0000,0.0000,0.0000,0.0000,0.0000,14395.0000,0.0000,0.0000,0.0000,0.0000,5,0,0,0,0,12,0,0,0,0
sc,zn1212,2012-06-29 09:16:50.500,14390.0000,11882,0,0.0000,0.0000,0,0,空换,S,14385.0000,0.0000,0.0000,0.0000,0.0000,14395.0000,0.0000,0.0000,0.0000,0.0000,5,0,0,0,0,5,0,0,0,0
sc,zn1212,2012-06-29 09:16:52.500,14390.0000,11882,0,0.0000,0.0000,0,0,空换,S,14375.0000,0.0000,0.0000,0.0000,0.0000,14395.0000,0.0000,0.0000,0.0000,0.0000,5,0,0,0,0,10,0,0,0,0
sc,zn1212,2012-06-29 09:16:53.000,14390.0000,11882,0,0.0000,0.0000,0,0,空换,S,14380.0000,0.0000,0.0000,0.0000,0.0000,14395.0000,0.0000,0.0000,0.0000,0.0000,5,0,0,0,0,10,0,0,0,0
sc,zn1212,2012-06-29 09:16:54.000,14390.0000,11882,0,0.0000,0.0000,0,0,空换,S,14380.0000,0.0000,0.0000,0.0000,0.0000,14395.0000,0.0000,0.0000,0.0000,0.0000,5,0,0,0,0,17,0,0,0,0
sc,zn1212,2012-06-29 09:17:02.500,14390.0000,11882,0,0.0000,0.0000,0,0,空换,S,14385.0000,0.0000,0.0000,0.0000,0.0000,14395.0000,0.0000,0.0000,0.0000,0.0000,5,0,0,0,0,12,0,0,0,0
sc,zn1212,2012-06-29 09:17:03.000,14390.0000,11882,0,0.0000,0.0000,0,0,空换,S,14380.0000,0.0000,0.0000,0.0000,0.0000,14395.0000,0.0000,0.0000,0.0000,0.0000,5,0,0,0,0,17,0,0,0,0
sc,zn1212,2012-06-29 09:17:05.000,14390.0000,11882,0,0.0000,0.0000,0,0,空换,S,14380.0000,0.0000,0.0000,0.0000,0.0000,14395.0000,0.0000,0.0000,0.0000,0.0000,5,0,0,0,0,17,0,0,0,0
sc,zn1212,2012-06-29 09:17:12.000,14390.0000,11882,0,0.0000,0.0000,0,0,空换,S,14385.0000,0.0000,0.0000,0.0000,0.0000,14395.0000,0.0000,0.0000,0.0000,0.0000,5,0,0,0,0,12,0,0,0,0
sc,zn1212,2012-06-29 09:17:19.500,14390.0000,11882,0,0.0000,0.0000,0,0,空换,S,14375.0000,0.0000,0.0000,0.0000,0.0000,14395.0000,0.0000,0.0000,0.0000,0.0000,5,0,0,0,0,17,0,0,0,0
sc,zn1212,2012-06-29 09:17:20.000,14390.0000,11882,0,0.0000,0.0000,0,0,空换,S,14380.0000,0.0000,0.0000,0.0000,0.0000,14395.0000,0.0000,0.0000,0.0000,0.0000,5,0,0,0,0,17,0,0,0,0
sc,zn1212,2012-06-29 09:17:31.000,14390.0000,11882,0,0.0000,0.0000,0,0,空换,S,14380.0000,0.0000,0.0000,0.0000,0.0000,14390.0000,0.0000,0.0000,0.0000,0.0000,5,0,0,0,0,5,0,0,0,0
sc,zn1212,2012-06-29 09:17:41.000,14390.0000,11882,0,0.0000,0.0000,0,0,空换,S,14380.0000,0.0000,0.0000,0.0000,0.0000,14390.0000,0.0000,0.0000,0.0000,0.0000,5,0,0,0,0,5,0,0,0,0
sc,zn1212,2012-06-29 09:17:45.000,14380.0000,11882,0,143800.0000,2.0000,1,1,空换,S,14355.0000,0.0000,0.0000,0.0000,0.0000,14390.0000,0.0000,0.0000,0.0000,0.0000,1,0,0,0,0,6,0,0,0,0
sc,zn1212,2012-06-29 09:17:45.500,14380.0000,11882,0,0.0000,0.0000,0,0,空换,S,14375.0000,0.0000,0.0000,0.0000,0.0000,14390.0000,0.0000,0.0000,0.0000,0.0000,5,0,0,0,0,6,0,0,0,0
sc,zn1212,2012-06-29 09:17:52.000,14380.0000,11882,0,0.0000,0.0000,0,0,空换,S,14375.0000,0.0000,0.0000,0.0000,0.0000,14390.0000,0.0000,0.0000,0.0000,0.0000,5,0,0,0,0,6,0,0,0,0
sc,zn1212,2012-06-29 09:18:15.000,14380.0000,11882,0,0.0000,0.0000,0,0,空换,S,14375.0000,0.0000,0.0000,0.0000,0.0000,14390.0000,0.0000,0.0000,0.0000,0.0000,5,0,0,0,0,6,0,0,0,0
sc,zn1212,2012-06-29 09:18:30.500,14380.0000,11882,0,0.0000,0.0000,0,0,空换,S,14380.0000,0.0000,0.0000,0.0000,0.0000,14390.0000,0.0000,0.0000,0.0000,0.0000,5,0,0,0,0,5,0,0,0,0
sc,zn1212,2012-06-29 09:18:31.000,14380.0000,11882,0,0.0000,0.0000,0,0,空换,S,14380.0000,0.0000,0.0000,0.0000,0.0000,14395.0000,0.0000,0.0000,0.0000,0.0000,5,0,0,0,0,5,0,0,0,0
sc,zn1212,2012-06-29 09:18:31.500,14380.0000,11882,0,0.0000,0.0000,0,0,空换,S,14380.0000,0.0000,0.0000,0.0000,0.0000,14395.0000,0.0000,0.0000,0.0000,0.0000,5,0,0,0,0,6,0,0,0,0
sc,zn1212,2012-06-29 09:19:03.000,14380.0000,11882,0,0.0000,0.0000,0,0,空换,S,14360.0000,0.0000,0.0000,0.0000,0.0000,14395.0000,0.0000,0.0000,0.0000,0.0000,5,0,0,0,0,1,0,0,0,0
sc,zn1212,2012-06-29 09:19:03.500,14380.0000,11882,0,0.0000,0.0000,0,0,空换,S,14375.0000,0.0000,0.0000,0.0000,0.0000,14395.0000,0.0000,0.0000,0.0000,0.0000,5,0,0,0,0,1,0,0,0,0
sc,zn1212,2012-06-29 09:19:08.000,14380.0000,11882,0,0.0000,0.0000,0,0,空换,S,14375.0000,0.0000,0.0000,0.0000,0.0000,14395.0000,0.0000,0.0000,0.0000,0.0000,7,0,0,0,0,1,0,0,0,0
sc,zn1212,2012-06-29 09:19:09.000,14380.0000,11882,0,0.0000,0.0000,0,0,空换,S,14375.0000,0.0000,0.0000,0.0000,0.0000,14390.0000,0.0000,0.0000,0.0000,0.0000,7,0,0,0,0,1,0,0,0,0
sc,zn1212,2012-06-29 09:19:26.500,14380.0000,11882,0,0.0000,0.0000,0,0,空换,S,14380.0000,0.0000,0.0000,0.0000,0.0000,14390.0000,0.0000,0.0000,0.0000,0.0000,5,0,0,0,0,1,0,0,0,0
sc,zn1212,2012-06-29 09:19:41.000,14380.0000,11882,0,0.0000,0.0000,0,0,空换,S,14375.0000,0.0000,0.0000,0.0000,0.0000,14390.0000,0.0000,0.0000,0.0000,0.0000,2,0,0,0,0,1,0,0,0,0
sc,zn1212,2012-06-29 09:19:41.500,14380.0000,11882,0,0.0000,0.0000,0,0,空换,S,14375.0000,0.0000,0.0000,0.0000,0.0000,14390.0000,0.0000,0.0000,0.0000,0.0000,7,0,0,0,0,1,0,0,0,0
