市场代码,合约代码,时间,最新,持仓,增仓,成交额,成交量,开仓,平仓,成交类型,方向,买一价,买二价,买三价,买四价,买五价,卖一价,卖二价,卖三价,卖四价,卖五价,买一量,买二量,买三量,买四量,买五量,卖一量,卖二量,卖三量,卖四量,卖五量
sc,zn1207,2012-06-29 07:36:29.500,14330.0000,14166,0,0.0000,0.0000,0,0,多换,B,0.0000,0.0000,0.0000,0.0000,0.0000,0.0000,0.0000,0.0000,0.0000,0.0000,0,0,0,0,0,0,0,0,0,0
sc,zn1207,2012-06-29 08:59:00.500,14330.0000,14166,0,0.0000,0.0000,0,0,多换,B,13480.0000,0.0000,0.0000,0.0000,0.0000,14430.0000,0.0000,0.0000,0.0000,0.0000,3,0,0,0,0,55,0,0,0,0
sc,zn1207,2012-06-29 09:00:00.500,14330.0000,14166,0,0.0000,0.0000,0,0,多换,B,13480.0000,0.0000,0.0000,0.0000,0.0000,14425.0000,0.0000,0.0000,0.0000,0.0000,3,0,0,0,0,3,0,0,0,0
sc,zn1207,2012-06-29 09:00:01.000,14330.0000,14166,0,0.0000,0.0000,0,0,多换,B,14000.0000,0.0000,0.0000,0.0000,0.0000,14420.0000,0.0000,0.0000,0.0000,0.0000,20,0,0,0,0,2,0,0,0,0
sc,zn1207,2012-06-29 09:00:01.500,14330.0000,14166,0,0.0000,0.0000,0,0,多换,B,14005.0000,0.0000,0.0000,0.0000,0.0000,14420.0000,0.0000,0.0000,0.0000,0.0000,20,0,0,0,0,5,0,0,0,0
sc,zn1207,2012-06-29 09:00:02.000,14330.0000,14166,0,0.0000,0.0000,0,0,多换,B,14015.0000,0.0000,0.0000,0.0000,0.0000,14420.0000,0.0000,0.0000,0.0000,0.0000,10,0,0,0,0,5,0,0,0,0
sc,zn1207,2012-06-29 09:00:02.500,14330.0000,14166,0,0.0000,0.0000,0,0,多换,B,14020.0000,0.0000,0.0000,0.0000,0.0000,14415.0000,0.0000,0.0000,0.0000,0.0000,19,0,0,0,0,10,0,0,0,0
sc,zn1207,2012-06-29 09:00:03.000,14330.0000,14166,0,0.0000,0.0000,0,0,多换,B,14025.0000,0.0000,0.0000,0.0000,0.0000,14410.0000,0.0000,0.0000,0.0000,0.0000,40,0,0,0,0,5,0,0,0,0
sc,zn1207,2012-06-29 09:00:03.500,14330.0000,14166,0,0.0000,0.0000,0,0,多换,B,14240.0000,0.0000,0.0000,0.0000,0.0000,14405.0000,0.0000,0.0000,0.0000,0.0000,5,0,0,0,0,15,0,0,0,0
sc,zn1207,2012-06-29 09:00:04.000,14330.0000,14166,0,0.0000,0.0000,0,0,多换,B,14245.0000,0.0000,0.0000,0.0000,0.0000,14405.0000,0.0000,0.0000,0.0000,0.0000,9,0,0,0,0,15,0,0,0,0
sc,zn1207,2012-06-29 09:00:04.500,14330.0000,14166,0,0.0000,0.0000,0,0,多换,B,14250.0000,0.0000,0.0000,0.0000,0.0000,14400.0000,0.0000,0.0000,0.0000,0.0000,2,0,0,0,0,8,0,0,0,0
sc,zn1207,2012-06-29 09:00:05.000,14330.0000,14166,0,0.0000,0.0000,0,0,多换,B,14250.0000,0.0000,0.0000,0.0000,0.0000,14400.0000,0.0000,0.0000,0.0000,0.0000,7,0,0,0,0,13,0,0,0,0
sc,zn1207,2012-06-29 09:00:05.500,14330.0000,14166,0,0.0000,0.0000,0,0,多换,B,14255.0000,0.0000,0.0000,0.0000,0.0000,14400.0000,0.0000,0.0000,0.0000,0.0000,8,0,0,0,0,13,0,0,0,0
sc,zn1207,2012-06-29 09:00:06.000,14330.0000,14166,0,0.0000,0.0000,0,0,多换,B,14260.0000,0.0000,0.0000,0.0000,0.0000,14395.0000,0.0000,0.0000,0.0000,0.0000,4,0,0,0,0,5,0,0,0,0
sc,zn1207,2012-06-29 09:00:06.500,14330.0000,14166,0,0.0000,0.0000,0,0,多换,B,14260.0000,0.0000,0.0000,0.0000,0.0000,14390.0000,0.0000,0.0000,0.0000,0.0000,4,0,0,0,0,3,0,0,0,0
sc,zn1207,2012-06-29 09:00:07.000,14330.0000,14166,0,0.0000,0.0000,0,0,多换,B,14265.0000,0.0000,0.0000,0.0000,0.0000,14390.0000,0.0000,0.0000,0.0000,0.0000,2,0,0,0,0,3,0,0,0,0
sc,zn1207,2012-06-29 09:00:07.500,14330.0000,14166,0,0.0000,0.0000,0,0,多换,B,14270.0000,0.0000,0.0000,0.0000,0.0000,14385.0000,0.0000,0.0000,0.0000,0.0000,8,0,0,0,0,5,0,0,0,0
sc,zn1207,2012-06-29 09:00:08.000,14330.0000,14166,0,0.0000,0.0000,0,0,多换,B,14275.0000,0.0000,0.0000,0.0000,0.0000,14385.0000,0.0000,0.0000,0.0000,0.0000,4,0,0,0,0,5,0,0,0,0
sc,zn1207,2012-06-29 09:00:08.500,14330.0000,14166,0,0.0000,0.0000,0,0,多换,B,14275.0000,0.0000,0.0000,0.0000,0.0000,14385.0000,0.0000,0.0000,0.0000,0.0000,6,0,0,0,0,5,0,0,0,0
sc,zn1207,2012-06-29 09:00:09.000,14330.0000,14166,0,0.0000,0.0000,0,0,多换,B,14275.0000,0.0000,0.0000,0.0000,0.0000,14385.0000,0.0000,0.0000,0.0000,0.0000,6,0,0,0,0,5,0,0,0,0
sc,zn1207,2012-06-29 09:00:10.000,14330.0000,14166,0,0.0000,0.0000,0,0,多换,B,14275.0000,0.0000,0.0000,0.0000,0.0000,14385.0000,0.0000,0.0000,0.0000,0.0000,6,0,0,0,0,5,0,0,0,0
sc,zn1207,2012-06-29 09:00:10.500,14330.0000,14166,0,0.0000,0.0000,0,0,多换,B,14275.0000,0.0000,0.0000,0.0000,0.0000,14385.0000,0.0000,0.0000,0.0000,0.0000,11,0,0,0,0,5,0,0,0,0
sc,zn1207,2012-06-29 09:00:11.000,14330.0000,14166,0,0.0000,0.0000,0,0,多换,B,14275.0000,0.0000,0.0000,0.0000,0.0000,14385.0000,0.0000,0.0000,0.0000,0.0000,9,0,0,0,0,5,0,0,0,0
sc,zn1207,2012-06-29 09:00:11.500,14330.0000,14166,0,0.0000,0.0000,0,0,多换,B,14280.0000,0.0000,0.0000,0.0000,0.0000,14385.0000,0.0000,0.0000,0.0000,0.0000,2,0,0,0,0,5,0,0,0,0
sc,zn1207,2012-06-29 09:00:12.000,14330.0000,14166,0,0.0000,0.0000,0,0,多换,B,14280.0000,0.0000,0.0000,0.0000,0.0000,14380.0000,0.0000,0.0000,0.0000,0.0000,2,0,0,0,0,8,0,0,0,0
sc,zn1207,2012-06-29 09:00:12.500,14330.0000,14166,0,0.0000,0.0000,0,0,多换,B,14285.0000,0.0000,0.0000,0.0000,0.0000,14375.0000,0.0000,0.0000,0.0000,0.0000,3,0,0,0,0,3,0,0,0,0
sc,zn1207,2012-06-29 09:00:13.000,14330.0000,14166,0,0.0000,0.0000,0,0,多换,B,14290.0000,0.0000,0.0000,0.0000,0.0000,14375.0000,0.0000,0.0000,0.0000,0.0000,4,0,0,0,0,3,0,0,0,0
sc,zn1207,2012-06-29 09:00:13.500,14330.0000,14166,0,0.0000,0.0000,0,0,多换,B,14290.0000,0.0000,0.0000,0.0000,0.0000,14370.0000,0.0000,0.0000,0.0000,0.0000,4,0,0,0,0,5,0,0,0,0
sc,zn1207,2012-06-29 09:00:14.500,14330.0000,14166,0,0.0000,0.0000,0,0,多换,B,14250.0000,0.0000,0.0000,0.0000,0.0000,14370.0000,0.0000,0.0000,0.0000,0.0000,5,0,0,0,0,5,0,0,0,0
sc,zn1207,2012-06-29 09:00:15.000,14330.0000,14166,0,0.0000,0.0000,0,0,多换,B,14255.0000,0.0000,0.0000,0.0000,0.0000,14365.0000,0.0000,0.0000,0.0000,0.0000,17,0,0,0,0,5,0,0,0,0
sc,zn1207,2012-06-29 09:00:15.500,14330.0000,14166,0,0.0000,0.0000,0,0,多换,B,14255.0000,0.0000,0.0000,0.0000,0.0000,14365.0000,0.0000,0.0000,0.0000,0.0000,17,0,0,0,0,5,0,0,0,0
sc,zn1207,2012-06-29 09:00:16.500,14330.0000,14166,0,0.0000,0.0000,0,0,多换,B,14255.0000,0.0000,0.0000,0.0000,0.0000,14350.0000,0.0000,0.0000,0.0000,0.0000,17,0,0,0,0,2,0,0,0,0
sc,zn1207,2012-06-29 09:00:17.000,14330.0000,14166,0,0.0000,0.0000,0,0,多换,B,14255.0000,0.0000,0.0000,0.0000,0.0000,14345.0000,0.0000,0.0000,0.0000,0.0000,17,0,0,0,0,5,0,0,0,0
sc,zn1207,2012-06-29 09:00:17.500,14330.0000,14166,0,0.0000,0.0000,0,0,多换,B,14255.0000,0.0000,0.0000,0.0000,0.0000,14345.0000,0.0000,0.0000,0.0000,0.0000,17,0,0,0,0,5,0,0,0,0
sc,zn1207,2012-06-29 09:00:19.000,14330.0000,14166,0,0.0000,0.0000,0,0,多换,B,14255.0000,0.0000,0.0000,0.0000,0.0000,14345.0000,0.0000,0.0000,0.0000,0.0000,17,0,0,0,0,5,0,0,0,0
sc,zn1207,2012-06-29 09:00:23.000,14330.0000,14166,0,0.0000,0.0000,0,0,多换,B,14255.0000,0.0000,0.0000,0.0000,0.0000,14345.0000,0.0000,0.0000,0.0000,0.0000,14,0,0,0,0,5,0,0,0,0
sc,zn1207,2012-06-29 09:00:24.000,14330.0000,14166,0,0.0000,0.0000,0,0,多换,B,14255.0000,0.0000,0.0000,0.0000,0.0000,14345.0000,0.0000,0.0000,0.0000,0.0000,17,0,0,0,0,5,0,0,0,0
sc,zn1207,2012-06-29 09:00:28.500,14330.0000,14166,0,0.0000,0.0000,0,0,多换,B,14255.0000,0.0000,0.0000,0.0000,0.0000,14320.0000,0.0000,0.0000,0.0000,0.0000,17,0,0,0,0,1,0,0,0,0
sc,zn1207,2012-06-29 09:00:29.000,14330.0000,14166,0,0.0000,0.0000,0,0,多换,B,14255.0000,0.0000,0.0000,0.0000,0.0000,14320.0000,0.0000,0.0000,0.0000,0.0000,17,0,0,0,0,1,0,0,0,0
sc,zn1207,2012-06-29 09:00:31.000,14330.0000,14166,0,0.0000,0.0000,0,0,多换,B,14255.0000,0.0000,0.0000,0.0000,0.0000,14320.0000,0.0000,0.0000,0.0000,0.0000,17,0,0,0,0,1,0,0,0,0
sc,zn1207,2012-06-29 09:00:36.000,14330.0000,14166,0,0.0000,0.0000,0,0,多换,B,14255.0000,0.0000,0.0000,0.0000,0.0000,14315.0000,0.0000,0.0000,0.0000,0.0000,14,0,0,0,0,2,0,0,0,0
sc,zn1207,2012-06-29 09:00:37.500,14330.0000,14166,0,0.0000,0.0000,0,0,多换,B,14255.0000,0.0000,0.0000,0.0000,0.0000,14300.0000,0.0000,0.0000,0.0000,0.0000,14,0,0,0,0,1,0,0,0,0
sc,zn1207,2012-06-29 09:00:38.000,14330.0000,14166,0,0.0000,0.0000,0,0,多换,B,14255.0000,0.0000,0.0000,0.0000,0.0000,14300.0000,0.0000,0.0000,0.0000,0.0000,14,0,0,0,0,1,0,0,0,0
sc,zn1207,2012-06-29 09:00:48.500,14330.0000,14166,0,0.0000,0.0000,0,0,多换,B,14255.0000,0.0000,0.0000,0.0000,0.0000,14300.0000,0.0000,0.0000,0.0000,0.0000,9,0,0,0,0,1,0,0,0,0
sc,zn1207,2012-06-29 09:00:49.000,14330.0000,14166,0,0.0000,0.0000,0,0,多换,B,14255.0000,0.0000,0.0000,0.0000,0.0000,14300.0000,0.0000,0.0000,0.0000,0.0000,14,0,0,0,0,1,0,0,0,0
sc,zn1207,2012-06-29 09:00:52.000,14330.0000,14166,0,0.0000,0.0000,0,0,多换,B,14255.0000,0.0000,0.0000,0.0000,0.0000,14300.0000,0.0000,0.0000,0.0000,0.0000,9,0,0,0,0,1,0,0,0,0
sc,zn1207,2012-06-29 09:00:53.000,14330.0000,14166,0,0.0000,0.0000,0,0,多换,B,14255.0000,0.0000,0.0000,0.0000,0.0000,14300.0000,0.0000,0.0000,0.0000,0.0000,14,0,0,0,0,1,0,0,0,0
sc,zn1207,2012-06-29 09:00:54.000,14330.0000,14166,0,0.0000,0.0000,0,0,多换,B,14255.0000,0.0000,0.0000,0.0000,0.0000,14300.0000,0.0000,0.0000,0.0000,0.0000,9,0,0,0,0,1,0,0,0,0
sc,zn1207,2012-06-29 09:01:09.000,14330.0000,14166,0,0.0000,0.0000,0,0,多换,B,14275.0000,0.0000,0.0000,0.0000,0.0000,14300.0000,0.0000,0.0000,0.0000,0.0000,2,0,0,0,0,1,0,0,0,0
sc,zn1207,2012-06-29 09:01:09.500,14330.0000,14166,0,0.0000,0.0000,0,0,多换,B,14275.0000,0.0000,0.0000,0.0000,0.0000,14300.0000,0.0000,0.0000,0.0000,0.0000,6,0,0,0,0,1,0,0,0,0
sc,zn1207,2012-06-29 09:01:10.000,14330.0000,14166,0,0.0000,0.0000,0,0,多换,B,14275.0000,0.0000,0.0000,0.0000,0.0000,14300.0000,0.0000,0.0000,0.0000,0.0000,9,0,0,0,0,1,0,0,0,0
sc,zn1207,2012-06-29 09:01:15.000,14330.0000,14166,0,0.0000,0.0000,0,0,多换,B,14275.0000,0.0000,0.0000,0.0000,0.0000,14300.0000,0.0000,0.0000,0.0000,0.0000,2,0,0,0,0,1,0,0,0,0
sc,zn1207,2012-06-29 09:01:18.500,14330.0000,14166,0,0.0000,0.0000,0,0,多换,B,14275.0000,0.0000,0.0000,0.0000,0.0000,14300.0000,0.0000,0.0000,0.0000,0.0000,2,0,0,0,0,4,0,0,0,0
sc,zn1207,2012-06-29 09:01:20.500,14330.0000,14166,0,0.0000,0.0000,0,0,多换,B,14275.0000,0.0000,0.0000,0.0000,0.0000,14295.0000,0.0000,0.0000,0.0000,0.0000,2,0,0,0,0,3,0,0,0,0
sc,zn1207,2012-06-29 09:01:22.000,14330.0000,14166,0,0.0000,0.0000,0,0,多换,B,14275.0000,0.0000,0.0000,0.0000,0.0000,14300.0000,0.0000,0.0000,0.0000,0.0000,2,0,0,0,0,1,0,0,0,0
sc,zn1207,2012-06-29 09:01:22.500,14330.0000,14166,0,0.0000,0.0000,0,0,多换,B,14275.0000,0.0000,0.0000,0.0000,0.0000,14300.0000,0.0000,0.0000,0.0000,0.0000,2,0,0,0,0,4,0,0,0,0
sc,zn1207,2012-06-29 09:01:24.000,14330.0000,14166,0,0.0000,0.0000,0,0,多换,B,14275.0000,0.0000,0.0000,0.0000,0.0000,14300.0000,0.0000,0.0000,0.0000,0.0000,2,0,0,0,0,1,0,0,0,0
sc,zn1207,2012-06-29 09:01:29.500,14330.0000,14166,0,0.0000,0.0000,0,0,多换,B,14275.0000,0.0000,0.0000,0.0000,0.0000,14300.0000,0.0000,0.0000,0.0000,0.0000,2,0,0,0,0,1,0,0,0,0
sc,zn1207,2012-06-29 09:01:35.500,14330.0000,14166,0,0.0000,0.0000,0,0,多换,B,14275.0000,0.0000,0.0000,0.0000,0.0000,14300.0000,0.0000,0.0000,0.0000,0.0000,6,0,0,0,0,1,0,0,0,0
sc,zn1207,2012-06-29 09:01:37.500,14330.0000,14166,0,0.0000,0.0000,0,0,多换,B,14275.0000,0.0000,0.0000,0.0000,0.0000,14300.0000,0.0000,0.0000,0.0000,0.0000,4,0,0,0,0,1,0,0,0,0
sc,zn1207,2012-06-29 09:01:38.000,14330.0000,14166,0,0.0000,0.0000,0,0,多换,B,14275.0000,0.0000,0.0000,0.0000,0.0000,14300.0000,0.0000,0.0000,0.0000,0.0000,8,0,0,0,0,1,0,0,0,0
sc,zn1207,2012-06-29 09:01:39.000,14330.0000,14166,0,0.0000,0.0000,0,0,多换,B,14275.0000,0.0000,0.0000,0.0000,0.0000,14300.0000,0.0000,0.0000,0.0000,0.0000,6,0,0,0,0,1,0,0,0,0
sc,zn1207,2012-06-29 09:01:43.000,14330.0000,14166,0,0.0000,0.0000,0,0,多换,B,14275.0000,0.0000,0.0000,0.0000,0.0000,14300.0000,0.0000,0.0000,0.0000,0.0000,6,0,0,0,0,4,0,0,0,0
sc,zn1207,2012-06-29 09:01:43.500,14330.0000,14166,0,0.0000,0.0000,0,0,多换,B,14275.0000,0.0000,0.0000,0.0000,0.0000,14300.0000,0.0000,0.0000,0.0000,0.0000,4,0,0,0,0,4,0,0,0,0
sc,zn1207,2012-06-29 09:01:45.500,14330.0000,14166,0,0.0000,0.0000,0,0,多换,B,14275.0000,0.0000,0.0000,0.0000,0.0000,14300.0000,0.0000,0.0000,0.0000,0.0000,4,0,0,0,0,1,0,0,0,0
sc,zn1207,2012-06-29 09:01:47.500,14330.0000,14166,0,0.0000,0.0000,0,0,多换,B,14275.0000,0.0000,0.0000,0.0000,0.0000,14300.0000,0.0000,0.0000,0.0000,0.0000,9,0,0,0,0,1,0,0,0,0
sc,zn1207,2012-06-29 09:01:49.500,14330.0000,14166,0,0.0000,0.0000,0,0,多换,B,14280.0000,0.0000,0.0000,0.0000,0.0000,14300.0000,0.0000,0.0000,0.0000,0.0000,2,0,0,0,0,1,0,0,0,0
sc,zn1207,2012-06-29 09:01:55.000,14330.0000,14166,0,0.0000,0.0000,0,0,多换,B,14280.0000,0.0000,0.0000,0.0000,0.0000,14300.0000,0.0000,0.0000,0.0000,0.0000,5,0,0,0,0,1,0,0,0,0
sc,zn1207,2012-06-29 09:01:57.000,14330.0000,14166,0,0.0000,0.0000,0,0,多换,B,14280.0000,0.0000,0.0000,0.0000,0.0000,14300.0000,0.0000,0.0000,0.0000,0.0000,5,0,0,0,0,4,0,0,0,0
sc,zn1207,2012-06-29 09:01:57.500,14330.0000,14166,0,0.0000,0.0000,0,0,多换,B,14275.0000,0.0000,0.0000,0.0000,0.0000,14300.0000,0.0000,0.0000,0.0000,0.0000,2,0,0,0,0,4,0,0,0,0
sc,zn1207,2012-06-29 09:01:58.000,14330.0000,14166,0,0.0000,0.0000,0,0,多换,B,14275.0000,0.0000,0.0000,0.0000,0.0000,14300.0000,0.0000,0.0000,0.0000,0.0000,7,0,0,0,0,4,0,0,0,0
sc,zn1207,2012-06-29 09:02:01.000,14330.0000,14166,0,0.0000,0.0000,0,0,多换,B,14275.0000,0.0000,0.0000,0.0000,0.0000,14295.0000,0.0000,0.0000,0.0000,0.0000,7,0,0,0,0,3,0,0,0,0
sc,zn1207,2012-06-29 09:02:07.000,14330.0000,14166,0,0.0000,0.0000,0,0,多换,B,14275.0000,0.0000,0.0000,0.0000,0.0000,14300.0000,0.0000,0.0000,0.0000,0.0000,7,0,0,0,0,1,0,0,0,0
sc,zn1207,2012-06-29 09:02:07.500,14330.0000,14166,0,0.0000,0.0000,0,0,多换,B,14275.0000,0.0000,0.0000,0.0000,0.0000,14300.0000,0.0000,0.0000,0.0000,0.0000,7,0,0,0,0,4,0,0,0,0
sc,zn1207,2012-06-29 09:02:10.000,14330.0000,14166,0,0.0000,0.0000,0,0,多换,B,14275.0000,0.0000,0.0000,0.0000,0.0000,14295.0000,0.0000,0.0000,0.0000,0.0000,7,0,0,0,0,3,0,0,0,0
sc,zn1207,2012-06-29 09:02:12.000,14330.0000,14166,0,0.0000,0.0000,0,0,多换,B,14275.0000,0.0000,0.0000,0.0000,0.0000,14300.0000,0.0000,0.0000,0.0000,0.0000,7,0,0,0,0,1,0,0,0,0
sc,zn1207,2012-06-29 09:02:12.500,14330.0000,14166,0,0.0000,0.0000,0,0,多换,B,14275.0000,0.0000,0.0000,0.0000,0.0000,14300.0000,0.0000,0.0000,0.0000,0.0000,7,0,0,0,0,4,0,0,0,0
sc,zn1207,2012-06-29 09:02:15.500,14275.0000,14158,-8,571000.0000,8.0000,0,8,双平,S,14275.0000,0.0000,0.0000,0.0000,0.0000,14300.0000,0.0000,0.0000,0.0000,0.0000,3,0,0,0,0,4,0,0,0,0
sc,zn1207,2012-06-29 09:02:33.000,14275.0000,14158,0,0.0000,0.0000,0,0,空换,S,14275.0000,0.0000,0.0000,0.0000,0.0000,14300.0000,0.0000,0.0000,0.0000,0.0000,3,0,0,0,0,1,0,0,0,0
sc,zn1207,2012-06-29 09:02:41.500,14275.0000,14158,0,0.0000,0.0000,0,0,空换,S,14280.0000,0.0000,0.0000,0.0000,0.0000,14300.0000,0.0000,0.0000,0.0000,0.0000,3,0,0,0,0,1,0,0,0,0
sc,zn1207,2012-06-29 09:02:59.000,14275.0000,14158,0,0.0000,0.0000,0,0,空换,S,14285.0000,0.0000,0.0000,0.0000,0.0000,14300.0000,0.0000,0.0000,0.0000,0.0000,20,0,0,0,0,1,0,0,0,0
sc,zn1207,2012-06-29 09:03:21.000,14285.0000,14158,0,142850.0000,2.0000,1,1,多换,B,14285.0000,0.0000,0.0000,0.0000,0.0000,14300.0000,0.0000,0.0000,0.0000,0.0000,19,0,0,0,0,1,0,0,0,0
sc,zn1207,2012-06-29 09:03:23.500,14285.0000,14158,0,0.0000,0.0000,0,0,多换,B,14285.0000,0.0000,0.0000,0.0000,0.0000,14300.0000,0.0000,0.0000,0.0000,0.0000,19,0,0,0,0,1,0,0,0,0
sc,zn1207,2012-06-29 09:03:26.000,14285.0000,14158,0,1428500.0000,20.0000,10,10,多换,B,14285.0000,0.0000,0.0000,0.0000,0.0000,14300.0000,0.0000,0.0000,0.0000,0.0000,9,0,0,0,0,1,0,0,0,0
sc,zn1207,2012-06-29 09:03:26.500,14285.0000,14158,0,0.0000,0.0000,0,0,多换,B,14290.0000,0.0000,0.0000,0.0000,0.0000,14300.0000,0.0000,0.0000,0.0000,0.0000,5,0,0,0,0,1,0,0,0,0
sc,zn1207,2012-06-29 09:03:27.000,14285.0000,14158,0,0.0000,0.0000,0,0,多换,B,14290.0000,0.0000,0.0000,0.0000,0.0000,14300.0000,0.0000,0.0000,0.0000,0.0000,5,0,0,0,0,1,0,0,0,0
sc,zn1207,2012-06-29 09:03:33.000,14285.0000,14158,0,0.0000,0.0000,0,0,多换,B,14285.0000,0.0000,0.0000,0.0000,0.0000,14300.0000,0.0000,0.0000,0.0000,0.0000,9,0,0,0,0,1,0,0,0,0
sc,zn1207,2012-06-29 09:03:33.500,14285.0000,14158,0,0.0000,0.0000,0,0,多换,B,14285.0000,0.0000,0.0000,0.0000,0.0000,14300.0000,0.0000,0.0000,0.0000,0.0000,17,0,0,0,0,1,0,0,0,0
sc,zn1207,2012-06-29 09:03:34.000,14285.0000,14158,0,0.0000,0.0000,0,0,多换,B,14285.0000,0.0000,0.0000,0.0000,0.0000,14300.0000,0.0000,0.0000,0.0000,0.0000,17,0,0,0,0,6,0,0,0,0
sc,zn1207,2012-06-29 09:03:39.000,14285.0000,14158,0,0.0000,0.0000,0,0,多换,B,14285.0000,0.0000,0.0000,0.0000,0.0000,14300.0000,0.0000,0.0000,0.0000,0.0000,14,0,0,0,0,6,0,0,0,0
sc,zn1207,2012-06-29 09:03:57.500,14285.0000,14158,0,0.0000,0.0000,0,0,多换,B,14290.0000,0.0000,0.0000,0.0000,0.0000,14300.0000,0.0000,0.0000,0.0000,0.0000,5,0,0,0,0,6,0,0,0,0
sc,zn1207,2012-06-29 09:03:58.000,14285.0000,14158,0,0.0000,0.0000,0,0,多换,B,14290.0000,0.0000,0.0000,0.0000,0.0000,14295.0000,0.0000,0.0000,0.0000,0.0000,5,0,0,0,0,5,0,0,0,0
sc,zn1207,2012-06-29 09:04:03.500,14295.0000,14158,0,714750.0000,10.0000,5,5,多换,B,14290.0000,0.0000,0.0000,0.0000,0.0000,14300.0000,0.0000,0.0000,0.0000,0.0000,5,0,0,0,0,4,0,0,0,0
sc,zn1207,2012-06-29 09:04:04.000,14295.0000,14158,0,0.0000,0.0000,0,0,多换,B,14290.0000,0.0000,0.0000,0.0000,0.0000,14300.0000,0.0000,0.0000,0.0000,0.0000,5,0,0,0,0,1,0,0,0,0
sc,zn1207,2012-06-29 09:04:15.500,14295.0000,14158,0,0.0000,0.0000,0,0,多换,B,14285.0000,0.0000,0.0000,0.0000,0.0000,14300.0000,0.0000,0.0000,0.0000,0.0000,9,0,0,0,0,1,0,0,0,0
sc,zn1207,2012-06-29 09:04:16.000,14295.0000,14158,0,0.0000,0.0000,0,0,多换,B,14285.0000,0.0000,0.0000,0.0000,0.0000,14300.0000,0.0000,0.0000,0.0000,0.0000,14,0,0,0,0,1,0,0,0,0
sc,zn1207,2012-06-29 09:04:19.000,14295.0000,14158,0,0.0000,0.0000,0,0,多换,B,14285.0000,0.0000,0.0000,0.0000,0.0000,14300.0000,0.0000,0.0000,0.0000,0.0000,14,0,0,0,0,2,0,0,0,0
sc,zn1207,2012-06-29 09:04:24.500,14295.0000,14158,0,0.0000,0.0000,0,0,多换,B,14285.0000,0.0000,0.0000,0.0000,0.0000,14300.0000,0.0000,0.0000,0.0000,0.0000,14,0,0,0,0,2,0,0,0,0
sc,zn1207,2012-06-29 09:04:30.000,14295.0000,14158,0,0.0000,0.0000,0,0,多换,B,14285.0000,0.0000,0.0000,0.0000,0.0000,14300.0000,0.0000,0.0000,0.0000,0.0000,21,0,0,0,0,2,0,0,0,0
sc,zn1207,2012-06-29 09:04:35.000,14295.0000,14158,0,0.0000,0.0000,0,0,多换,B,14285.0000,0.0000,0.0000,0.0000,0.0000,14300.0000,0.0000,0.0000,0.0000,0.0000,21,0,0,0,0,12,0,0,0,0
sc,zn1207,2012-06-29 09:04:39.500,14295.0000,14158,0,0.0000,0.0000,0,0,多换,B,14290.0000,0.0000,0.0000,0.0000,0.0000,14300.0000,0.0000,0.0000,0.0000,0.0000,5,0,0,0,0,12,0,0,0,0
sc,zn1207,2012-06-29 09:04:43.000,14295.0000,14158,0,0.0000,0.0000,0,0,多换,B,14290.0000,0.0000,0.0000,0.0000,0.0000,14300.0000,0.0000,0.0000,0.0000,0.0000,15,0,0,0,0,12,0,0,0,0
sc,zn1207,2012-06-29 09:04:44.500,14295.0000,14158,0,0.0000,0.0000,0,0,多换,B,14290.0000,0.0000,0.0000,0.0000,0.0000,14300.0000,0.0000,0.0000,0.0000,0.0000,5,0,0,0,0,12,0,0,0,0
sc,zn1207,2012-06-29 09:04:45.000,14295.0000,14158,0,0.0000,0.0000,0,0,多换,B,14290.0000,0.0000,0.0000,0.0000,0.0000,14300.0000,0.0000,0.0000,0.0000,0.0000,12,0,0,0,0,12,0,0,0,0
sc,zn1207,2012-06-29 09:04:45.500,14295.0000,14158,0,0.0000,0.0000,0,0,多换,B,14290.0000,0.0000,0.0000,0.0000,0.0000,14300.0000,0.0000,0.0000,0.0000,0.0000,15,0,0,0,0,12,0,0,0,0
sc,zn1207,2012-06-29 09:04:46.500,14295.0000,14158,0,0.0000,0.0000,0,0,多换,B,14290.0000,0.0000,0.0000,0.0000,0.0000,14300.0000,0.0000,0.0000,0.0000,0.0000,12,0,0,0,0,12,0,0,0,0
sc,zn1207,2012-06-29 09:04:47.000,14295.0000,14158,0,0.0000,0.0000,0,0,多换,B,14290.0000,0.0000,0.0000,0.0000,0.0000,14300.0000,0.0000,0.0000,0.0000,0.0000,15,0,0,0,0,12,0,0,0,0
sc,zn1207,2012-06-29 09:04:47.500,14295.0000,14158,0,0.0000,0.0000,0,0,多换,B,14295.0000,0.0000,0.0000,0.0000,0.0000,14300.0000,0.0000,0.0000,0.0000,0.0000,5,0,0,0,0,12,0,0,0,0
sc,zn1207,2012-06-29 09:04:48.000,14295.0000,14158,0,0.0000,0.0000,0,0,多换,B,14295.0000,0.0000,0.0000,0.0000,0.0000,14300.0000,0.0000,0.0000,0.0000,0.0000,5,0,0,0,0,12,0,0,0,0
sc,zn1207,2012-06-29 09:04:49.000,14295.0000,14158,0,0.0000,0.0000,0,0,多换,B,14295.0000,0.0000,0.0000,0.0000,0.0000,14300.0000,0.0000,0.0000,0.0000,0.0000,15,0,0,0,0,12,0,0,0,0
sc,zn1207,2012-06-29 09:04:50.500,14295.0000,14158,0,0.0000,0.0000,0,0,多换,B,14295.0000,0.0000,0.0000,0.0000,0.0000,14300.0000,0.0000,0.0000,0.0000,0.0000,5,0,0,0,0,12,0,0,0,0
sc,zn1207,2012-06-29 09:04:51.000,14295.0000,14158,0,0.0000,0.0000,0,0,多换,B,14295.0000,0.0000,0.0000,0.0000,0.0000,14300.0000,0.0000,0.0000,0.0000,0.0000,15,0,0,0,0,12,0,0,0,0
sc,zn1207,2012-06-29 09:04:51.500,14300.0000,14148,-10,1430000.0000,20.0000,5,15,空平,B,14295.0000,0.0000,0.0000,0.0000,0.0000,14300.0000,0.0000,0.0000,0.0000,0.0000,15,0,0,0,0,2,0,0,0,0
sc,zn1207,2012-06-29 09:04:53.500,14300.0000,14148,0,286000.0000,4.0000,2,2,多换,B,14295.0000,0.0000,0.0000,0.0000,0.0000,14320.0000,0.0000,0.0000,0.0000,0.0000,15,0,0,0,0,3,0,0,0,0
sc,zn1207,2012-06-29 09:04:54.000,14300.0000,14148,0,0.0000,0.0000,0,0,多换,B,14300.0000,0.0000,0.0000,0.0000,0.0000,14315.0000,0.0000,0.0000,0.0000,0.0000,7,0,0,0,0,7,0,0,0,0
sc,zn1207,2012-06-29 09:04:54.500,14300.0000,14148,0,0.0000,0.0000,0,0,多换,B,14300.0000,0.0000,0.0000,0.0000,0.0000,14320.0000,0.0000,0.0000,0.0000,0.0000,15,0,0,0,0,3,0,0,0,0
sc,zn1207,2012-06-29 09:04:55.000,14300.0000,14148,0,0.0000,0.0000,0,0,多换,B,14300.0000,0.0000,0.0000,0.0000,0.0000,14320.0000,0.0000,0.0000,0.0000,0.0000,15,0,0,0,0,10,0,0,0,0
sc,zn1207,2012-06-29 09:04:55.500,14300.0000,14148,0,0.0000,0.0000,0,0,多换,B,14300.0000,0.0000,0.0000,0.0000,0.0000,14315.0000,0.0000,0.0000,0.0000,0.0000,10,0,0,0,0,7,0,0,0,0
sc,zn1207,2012-06-29 09:04:56.000,14300.0000,14148,0,0.0000,0.0000,0,0,多换,B,14300.0000,0.0000,0.0000,0.0000,0.0000,14320.0000,0.0000,0.0000,0.0000,0.0000,15,0,0,0,0,3,0,0,0,0
sc,zn1207,2012-06-29 09:04:56.500,14300.0000,14148,0,0.0000,0.0000,0,0,多换,B,14300.0000,0.0000,0.0000,0.0000,0.0000,14315.0000,0.0000,0.0000,0.0000,0.0000,10,0,0,0,0,7,0,0,0,0
sc,zn1207,2012-06-29 09:05:00.500,14300.0000,14148,0,0.0000,0.0000,0,0,多换,B,14300.0000,0.0000,0.0000,0.0000,0.0000,14310.0000,0.0000,0.0000,0.0000,0.0000,10,0,0,0,0,7,0,0,0,0
sc,zn1207,2012-06-29 09:05:01.500,14300.0000,14148,0,0.0000,0.0000,0,0,多换,B,14300.0000,0.0000,0.0000,0.0000,0.0000,14320.0000,0.0000,0.0000,0.0000,0.0000,3,0,0,0,0,3,0,0,0,0
sc,zn1207,2012-06-29 09:05:02.000,14300.0000,14148,0,0.0000,0.0000,0,0,多换,B,14300.0000,0.0000,0.0000,0.0000,0.0000,14315.0000,0.0000,0.0000,0.0000,0.0000,10,0,0,0,0,7,0,0,0,0
sc,zn1207,2012-06-29 09:05:04.000,14300.0000,14148,0,0.0000,0.0000,0,0,多换,B,14305.0000,0.0000,0.0000,0.0000,0.0000,14315.0000,0.0000,0.0000,0.0000,0.0000,4,0,0,0,0,7,0,0,0,0
sc,zn1207,2012-06-29 09:05:04.500,14300.0000,14148,0,0.0000,0.0000,0,0,多换,B,14305.0000,0.0000,0.0000,0.0000,0.0000,14315.0000,0.0000,0.0000,0.0000,0.0000,4,0,0,0,0,7,0,0,0,0
sc,zn1207,2012-06-29 09:05:05.500,14300.0000,14148,0,0.0000,0.0000,0,0,多换,B,14285.0000,0.0000,0.0000,0.0000,0.0000,14315.0000,0.0000,0.0000,0.0000,0.0000,9,0,0,0,0,7,0,0,0,0
sc,zn1207,2012-06-29 09:05:06.000,14300.0000,14148,0,0.0000,0.0000,0,0,多换,B,14295.0000,0.0000,0.0000,0.0000,0.0000,14315.0000,0.0000,0.0000,0.0000,0.0000,5,0,0,0,0,7,0,0,0,0
sc,zn1207,2012-06-29 09:05:07.500,14300.0000,14148,0,0.0000,0.0000,0,0,多换,B,14300.0000,0.0000,0.0000,0.0000,0.0000,14320.0000,0.0000,0.0000,0.0000,0.0000,5,0,0,0,0,6,0,0,0,0
sc,zn1207,2012-06-29 09:05:08.000,14300.0000,14148,0,0.0000,0.0000,0,0,多换,B,14305.0000,0.0000,0.0000,0.0000,0.0000,14320.0000,0.0000,0.0000,0.0000,0.0000,9,0,0,0,0,6,0,0,0,0
sc,zn1207,2012-06-29 09:05:08.500,14300.0000,14148,0,0.0000,0.0000,0,0,多换,B,14310.0000,0.0000,0.0000,0.0000,0.0000,14320.0000,0.0000,0.0000,0.0000,0.0000,6,0,0,0,0,6,0,0,0,0
sc,zn1207,2012-06-29 09:05:09.500,14300.0000,14148,0,0.0000,0.0000,0,0,多换,B,14310.0000,0.0000,0.0000,0.0000,0.0000,14320.0000,0.0000,0.0000,0.0000,0.0000,6,0,0,0,0,6,0,0,0,0
sc,zn1207,2012-06-29 09:05:10.500,14300.0000,14148,0,0.0000,0.0000,0,0,多换,B,14305.0000,0.0000,0.0000,0.0000,0.0000,14320.0000,0.0000,0.0000,0.0000,0.0000,4,0,0,0,0,13,0,0,0,0
sc,zn1207,2012-06-29 09:05:11.000,14300.0000,14148,0,0.0000,0.0000,0,0,多换,B,14305.0000,0.0000,0.0000,0.0000,0.0000,14320.0000,0.0000,0.0000,0.0000,0.0000,10,0,0,0,0,13,0,0,0,0
sc,zn1207,2012-06-29 09:05:19.000,14300.0000,14148,0,0.0000,0.0000,0,0,多换,B,14305.0000,0.0000,0.0000,0.0000,0.0000,14320.0000,0.0000,0.0000,0.0000,0.0000,15,0,0,0,0,6,0,0,0,0
sc,zn1207,2012-06-29 09:05:19.500,14300.0000,14148,0,0.0000,0.0000,0,0,多换,B,14310.0000,0.0000,0.0000,0.0000,0.0000,14320.0000,0.0000,0.0000,0.0000,0.0000,6,0,0,0,0,13,0,0,0,0
sc,zn1207,2012-06-29 09:05:21.000,14300.0000,14148,0,0.0000,0.0000,0,0,多换,B,14305.0000,0.0000,0.0000,0.0000,0.0000,14320.0000,0.0000,0.0000,0.0000,0.0000,4,0,0,0,0,13,0,0,0,0
sc,zn1207,2012-06-29 09:05:21.500,14300.0000,14148,0,0.0000,0.0000,0,0,多换,B,14305.0000,0.0000,0.0000,0.0000,0.0000,14320.0000,0.0000,0.0000,0.0000,0.0000,10,0,0,0,0,13,0,0,0,0
sc,zn1207,2012-06-29 09:05:24.000,14300.0000,14148,0,0.0000,0.0000,0,0,多换,B,14305.0000,0.0000,0.0000,0.0000,0.0000,14320.0000,0.0000,0.0000,0.0000,0.0000,15,0,0,0,0,6,0,0,0,0
sc,zn1207,2012-06-29 09:05:24.500,14300.0000,14148,0,0.0000,0.0000,0,0,多换,B,14310.0000,0.0000,0.0000,0.0000,0.0000,14320.0000,0.0000,0.0000,0.0000,0.0000,11,0,0,0,0,6,0,0,0,0
sc,zn1207,2012-06-29 09:05:25.500,14300.0000,14148,0,0.0000,0.0000,0,0,多换,B,14310.0000,0.0000,0.0000,0.0000,0.0000,14320.0000,0.0000,0.0000,0.0000,0.0000,6,0,0,0,0,6,0,0,0,0
sc,zn1207,2012-06-29 09:05:26.000,14320.0000,14136,-12,859200.0000,12.0000,0,12,双平,B,14320.0000,0.0000,0.0000,0.0000,0.0000,14340.0000,0.0000,0.0000,0.0000,0.0000,4,0,0,0,0,1,0,0,0,0
sc,zn1207,2012-06-29 09:05:26.500,14320.0000,14136,0,0.0000,0.0000,0,0,多换,B,14320.0000,0.0000,0.0000,0.0000,0.0000,14325.0000,0.0000,0.0000,0.0000,0.0000,4,0,0,0,0,7,0,0,0,0
sc,zn1207,2012-06-29 09:05:27.000,14320.0000,14136,0,0.0000,0.0000,0,0,多换,B,14320.0000,0.0000,0.0000,0.0000,0.0000,14325.0000,0.0000,0.0000,0.0000,0.0000,4,0,0,0,0,7,0,0,0,0
sc,zn1207,2012-06-29 09:05:28.000,14320.0000,14136,0,0.0000,0.0000,0,0,多换,B,14320.0000,0.0000,0.0000,0.0000,0.0000,14325.0000,0.0000,0.0000,0.0000,0.0000,4,0,0,0,0,7,0,0,0,0
sc,zn1207,2012-06-29 09:05:37.500,14320.0000,14128,-8,572800.0000,8.0000,0,8,双平,B,14285.0000,0.0000,0.0000,0.0000,0.0000,14320.0000,0.0000,0.0000,0.0000,0.0000,9,0,0,0,0,3,0,0,0,0
sc,zn1207,2012-06-29 09:05:38.000,14320.0000,14128,0,0.0000,0.0000,0,0,多换,B,14305.0000,0.0000,0.0000,0.0000,0.0000,14320.0000,0.0000,0.0000,0.0000,0.0000,5,0,0,0,0,3,0,0,0,0
sc,zn1207,2012-06-29 09:05:38.500,14320.0000,14128,0,0.0000,0.0000,0,0,多换,B,14305.0000,0.0000,0.0000,0.0000,0.0000,14320.0000,0.0000,0.0000,0.0000,0.0000,5,0,0,0,0,3,0,0,0,0
sc,zn1207,2012-06-29 09:05:39.000,14320.0000,14128,0,0.0000,0.0000,0,0,多换,B,14310.0000,0.0000,0.0000,0.0000,0.0000,14340.0000,0.0000,0.0000,0.0000,0.0000,5,0,0,0,0,1,0,0,0,0
sc,zn1207,2012-06-29 09:05:39.500,14320.0000,14128,0,0.0000,0.0000,0,0,多换,B,14310.0000,0.0000,0.0000,0.0000,0.0000,14325.0000,0.0000,0.0000,0.0000,0.0000,15,0,0,0,0,3,0,0,0,0
sc,zn1207,2012-06-29 09:05:41.000,14320.0000,14128,0,0.0000,0.0000,0,0,多换,B,14310.0000,0.0000,0.0000,0.0000,0.0000,14325.0000,0.0000,0.0000,0.0000,0.0000,15,0,0,0,0,3,0,0,0,0
sc,zn1207,2012-06-29 09:05:41.500,14320.0000,14128,0,0.0000,0.0000,0,0,多换,B,14315.0000,0.0000,0.0000,0.0000,0.0000,14340.0000,0.0000,0.0000,0.0000,0.0000,5,0,0,0,0,1,0,0,0,0
sc,zn1207,2012-06-29 09:05:42.000,14320.0000,14128,0,0.0000,0.0000,0,0,多换,B,14315.0000,0.0000,0.0000,0.0000,0.0000,14325.0000,0.0000,0.0000,0.0000,0.0000,10,0,0,0,0,3,0,0,0,0
sc,zn1207,2012-06-29 09:05:44.500,14320.0000,14128,0,0.0000,0.0000,0,0,多换,B,14315.0000,0.0000,0.0000,0.0000,0.0000,14340.0000,0.0000,0.0000,0.0000,0.0000,15,0,0,0,0,1,0,0,0,0
sc,zn1207,2012-06-29 09:05:45.000,14320.0000,14128,0,0.0000,0.0000,0,0,多换,B,14315.0000,0.0000,0.0000,0.0000,0.0000,14330.0000,0.0000,0.0000,0.0000,0.0000,15,0,0,0,0,3,0,0,0,0
sc,zn1207,2012-06-29 09:05:45.500,14320.0000,14128,0,0.0000,0.0000,0,0,多换,B,14320.0000,0.0000,0.0000,0.0000,0.0000,14330.0000,0.0000,0.0000,0.0000,0.0000,10,0,0,0,0,3,0,0,0,0
sc,zn1207,2012-06-29 09:05:46.000,14320.0000,14128,0,0.0000,0.0000,0,0,多换,B,14320.0000,0.0000,0.0000,0.0000,0.0000,14330.0000,0.0000,0.0000,0.0000,0.0000,10,0,0,0,0,3,0,0,0,0
sc,zn1207,2012-06-29 09:05:47.000,14320.0000,14128,0,0.0000,0.0000,0,0,多换,B,14320.0000,0.0000,0.0000,0.0000,0.0000,14330.0000,0.0000,0.0000,0.0000,0.0000,3,0,0,0,0,3,0,0,0,0
sc,zn1207,2012-06-29 09:05:47.500,14320.0000,14128,0,0.0000,0.0000,0,0,多换,B,14320.0000,0.0000,0.0000,0.0000,0.0000,14340.0000,0.0000,0.0000,0.0000,0.0000,5,0,0,0,0,1,0,0,0,0
sc,zn1207,2012-06-29 09:05:48.000,14320.0000,14128,0,0.0000,0.0000,0,0,多换,B,14320.0000,0.0000,0.0000,0.0000,0.0000,14335.0000,0.0000,0.0000,0.0000,0.0000,5,0,0,0,0,3,0,0,0,0
sc,zn1207,2012-06-29 09:05:48.500,14320.0000,14128,0,0.0000,0.0000,0,0,多换,B,14320.0000,0.0000,0.0000,0.0000,0.0000,14335.0000,0.0000,0.0000,0.0000,0.0000,12,0,0,0,0,3,0,0,0,0
sc,zn1207,2012-06-29 09:05:49.500,14320.0000,14128,0,0.0000,0.0000,0,0,多换,B,14325.0000,0.0000,0.0000,0.0000,0.0000,14340.0000,0.0000,0.0000,0.0000,0.0000,5,0,0,0,0,1,0,0,0,0
sc,zn1207,2012-06-29 09:05:50.000,14320.0000,14128,0,0.0000,0.0000,0,0,多换,B,14325.0000,0.0000,0.0000,0.0000,0.0000,14340.0000,0.0000,0.0000,0.0000,0.0000,5,0,0,0,0,4,0,0,0,0
sc,zn1207,2012-06-29 09:05:51.000,14320.0000,14128,0,0.0000,0.0000,0,0,多换,B,14330.0000,0.0000,0.0000,0.0000,0.0000,14340.0000,0.0000,0.0000,0.0000,0.0000,5,0,0,0,0,1,0,0,0,0
sc,zn1207,2012-06-29 09:05:51.500,14320.0000,14128,0,0.0000,0.0000,0,0,多换,B,14325.0000,0.0000,0.0000,0.0000,0.0000,14340.0000,0.0000,0.0000,0.0000,0.0000,10,0,0,0,0,1,0,0,0,0
sc,zn1207,2012-06-29 09:05:52.000,14320.0000,14128,0,0.0000,0.0000,0,0,多换,B,14335.0000,0.0000,0.0000,0.0000,0.0000,14340.0000,0.0000,0.0000,0.0000,0.0000,5,0,0,0,0,1,0,0,0,0
sc,zn1207,2012-06-29 09:05:52.500,14340.0000,14128,0,143400.0000,2.0000,1,1,多换,B,14340.0000,0.0000,0.0000,0.0000,0.0000,14350.0000,0.0000,0.0000,0.0000,0.0000,4,0,0,0,0,12,0,0,0,0
sc,zn1207,2012-06-29 09:05:53.000,14340.0000,14128,0,0.0000,0.0000,0,0,多换,B,14345.0000,0.0000,0.0000,0.0000,0.0000,14350.0000,0.0000,0.0000,0.0000,0.0000,5,0,0,0,0,12,0,0,0,0
sc,zn1207,2012-06-29 09:05:54.000,14340.0000,14128,0,0.0000,0.0000,0,0,多换,B,14345.0000,0.0000,0.0000,0.0000,0.0000,14350.0000,0.0000,0.0000,0.0000,0.0000,9,0,0,0,0,12,0,0,0,0
sc,zn1207,2012-06-29 09:05:54.500,14350.0000,14128,0,717500.0000,10.0000,5,5,多换,B,14345.0000,0.0000,0.0000,0.0000,0.0000,14350.0000,0.0000,0.0000,0.0000,0.0000,9,0,0,0,0,7,0,0,0,0
sc,zn1207,2012-06-29 09:05:55.000,14350.0000,14128,0,0.0000,0.0000,0,0,多换,B,14345.0000,0.0000,0.0000,0.0000,0.0000,14350.0000,0.0000,0.0000,0.0000,0.0000,12,0,0,0,0,7,0,0,0,0
sc,zn1207,2012-06-29 09:05:55.500,14350.0000,14128,0,0.0000,0.0000,0,0,多换,B,14345.0000,0.0000,0.0000,0.0000,0.0000,14350.0000,0.0000,0.0000,0.0000,0.0000,15,0,0,0,0,7,0,0,0,0
sc,zn1207,2012-06-29 09:05:56.500,14350.0000,14128,0,717500.0000,10.0000,5,5,多换,B,14345.0000,0.0000,0.0000,0.0000,0.0000,14350.0000,0.0000,0.0000,0.0000,0.0000,15,0,0,0,0,2,0,0,0,0
sc,zn1207,2012-06-29 09:05:57.000,14350.0000,14128,0,287000.0000,4.0000,2,2,多换,B,14350.0000,0.0000,0.0000,0.0000,0.0000,14390.0000,0.0000,0.0000,0.0000,0.0000,6,0,0,0,0,1,0,0,0,0
sc,zn1207,2012-06-29 09:05:57.500,14350.0000,14128,0,0.0000,0.0000,0,0,多换,B,14350.0000,0.0000,0.0000,0.0000,0.0000,14365.0000,0.0000,0.0000,0.0000,0.0000,13,0,0,0,0,14,0,0,0,0
sc,zn1207,2012-06-29 09:05:58.000,14350.0000,14128,0,0.0000,0.0000,0,0,多换,B,14350.0000,0.0000,0.0000,0.0000,0.0000,14385.0000,0.0000,0.0000,0.0000,0.0000,10,0,0,0,0,5,0,0,0,0
sc,zn1207,2012-06-29 09:05:58.500,14350.0000,14128,0,0.0000,0.0000,0,0,多换,B,14350.0000,0.0000,0.0000,0.0000,0.0000,14375.0000,0.0000,0.0000,0.0000,0.0000,10,0,0,0,0,14,0,0,0,0
sc,zn1207,2012-06-29 09:05:59.000,14350.0000,14128,0,0.0000,0.0000,0,0,多换,B,14350.0000,0.0000,0.0000,0.0000,0.0000,14425.0000,0.0000,0.0000,0.0000,0.0000,15,0,0,0,0,1,0,0,0,0
sc,zn1207,2012-06-29 09:05:59.500,14350.0000,14128,0,0.0000,0.0000,0,0,多换,B,14350.0000,0.0000,0.0000,0.0000,0.0000,14380.0000,0.0000,0.0000,0.0000,0.0000,15,0,0,0,0,14,0,0,0,0
sc,zn1207,2012-06-29 09:06:00.000,14350.0000,14128,0,0.0000,0.0000,0,0,多换,B,14350.0000,0.0000,0.0000,0.0000,0.0000,14380.0000,0.0000,0.0000,0.0000,0.0000,15,0,0,0,0,14,0,0,0,0
sc,zn1207,2012-06-29 09:06:00.500,14350.0000,14128,0,0.0000,0.0000,0,0,多换,B,14350.0000,0.0000,0.0000,0.0000,0.0000,14380.0000,0.0000,0.0000,0.0000,0.0000,15,0,0,0,0,14,0,0,0,0
sc,zn1207,2012-06-29 09:06:01.000,14350.0000,14128,0,0.0000,0.0000,0,0,多换,B,14355.0000,0.0000,0.0000,0.0000,0.0000,14420.0000,0.0000,0.0000,0.0000,0.0000,5,0,0,0,0,56,0,0,0,0
sc,zn1207,2012-06-29 09:06:01.500,14350.0000,14128,0,0.0000,0.0000,0,0,多换,B,14355.0000,0.0000,0.0000,0.0000,0.0000,14385.0000,0.0000,0.0000,0.0000,0.0000,5,0,0,0,0,14,0,0,0,0
sc,zn1207,2012-06-29 09:06:02.000,14350.0000,14128,0,0.0000,0.0000,0,0,多换,B,14360.0000,0.0000,0.0000,0.0000,0.0000,14385.0000,0.0000,0.0000,0.0000,0.0000,5,0,0,0,0,14,0,0,0,0
sc,zn1207,2012-06-29 09:06:02.500,14350.0000,14128,0,0.0000,0.0000,0,0,多换,B,14365.0000,0.0000,0.0000,0.0000,0.0000,14385.0000,0.0000,0.0000,0.0000,0.0000,7,0,0,0,0,14,0,0,0,0
sc,zn1207,2012-06-29 09:06:03.000,14350.0000,14128,0,0.0000,0.0000,0,0,多换,B,14365.0000,0.0000,0.0000,0.0000,0.0000,14385.0000,0.0000,0.0000,0.0000,0.0000,10,0,0,0,0,14,0,0,0,0
sc,zn1207,2012-06-29 09:06:04.000,14350.0000,14128,0,0.0000,0.0000,0,0,多换,B,14365.0000,0.0000,0.0000,0.0000,0.0000,14385.0000,0.0000,0.0000,0.0000,0.0000,10,0,0,0,0,14,0,0,0,0
sc,zn1207,2012-06-29 09:06:04.500,14350.0000,14128,0,0.0000,0.0000,0,0,多换,B,14365.0000,0.0000,0.0000,0.0000,0.0000,14425.0000,0.0000,0.0000,0.0000,0.0000,15,0,0,0,0,1,0,0,0,0
sc,zn1207,2012-06-29 09:06:05.000,14350.0000,14128,0,0.0000,0.0000,0,0,多换,B,14370.0000,0.0000,0.0000,0.0000,0.0000,14390.0000,0.0000,0.0000,0.0000,0.0000,3,0,0,0,0,14,0,0,0,0
sc,zn1207,2012-06-29 09:06:05.500,14350.0000,14128,0,0.0000,0.0000,0,0,多换,B,14370.0000,0.0000,0.0000,0.0000,0.0000,14380.0000,0.0000,0.0000,0.0000,0.0000,3,0,0,0,0,14,0,0,0,0
sc,zn1207,2012-06-29 09:06:06.000,14350.0000,14128,0,0.0000,0.0000,0,0,多换,B,14325.0000,0.0000,0.0000,0.0000,0.0000,14380.0000,0.0000,0.0000,0.0000,0.0000,1,0,0,0,0,14,0,0,0,0
sc,zn1207,2012-06-29 09:06:06.500,14350.0000,14128,0,0.0000,0.0000,0,0,多换,B,14355.0000,0.0000,0.0000,0.0000,0.0000,14380.0000,0.0000,0.0000,0.0000,0.0000,5,0,0,0,0,16,0,0,0,0
sc,zn1207,2012-06-29 09:06:07.000,14350.0000,14128,0,0.0000,0.0000,0,0,多换,B,14330.0000,0.0000,0.0000,0.0000,0.0000,14375.0000,0.0000,0.0000,0.0000,0.0000,22,0,0,0,0,14,0,0,0,0
sc,zn1207,2012-06-29 09:06:07.500,14350.0000,14128,0,0.0000,0.0000,0,0,多换,B,14350.0000,0.0000,0.0000,0.0000,0.0000,14375.0000,0.0000,0.0000,0.0000,0.0000,5,0,0,0,0,14,0,0,0,0
sc,zn1207,2012-06-29 09:06:08.000,14350.0000,14128,0,0.0000,0.0000,0,0,多换,B,14355.0000,0.0000,0.0000,0.0000,0.0000,14375.0000,0.0000,0.0000,0.0000,0.0000,10,0,0,0,0,14,0,0,0,0
sc,zn1207,2012-06-29 09:06:08.500,14350.0000,14128,0,0.0000,0.0000,0,0,多换,B,14360.0000,0.0000,0.0000,0.0000,0.0000,14370.0000,0.0000,0.0000,0.0000,0.0000,5,0,0,0,0,14,0,0,0,0
sc,zn1207,2012-06-29 09:06:09.000,14350.0000,14128,0,0.0000,0.0000,0,0,多换,B,14355.0000,0.0000,0.0000,0.0000,0.0000,14370.0000,0.0000,0.0000,0.0000,0.0000,15,0,0,0,0,14,0,0,0,0
sc,zn1207,2012-06-29 09:06:16.000,14350.0000,14128,0,0.0000,0.0000,0,0,多换,B,14355.0000,0.0000,0.0000,0.0000,0.0000,14365.0000,0.0000,0.0000,0.0000,0.0000,15,0,0,0,0,14,0,0,0,0
sc,zn1207,2012-06-29 09:06:16.500,14350.0000,14128,0,0.0000,0.0000,0,0,多换,B,14355.0000,0.0000,0.0000,0.0000,0.0000,14365.0000,0.0000,0.0000,0.0000,0.0000,10,0,0,0,0,14,0,0,0,0
sc,zn1207,2012-06-29 09:06:24.000,14350.0000,14128,0,0.0000,0.0000,0,0,多换,B,14350.0000,0.0000,0.0000,0.0000,0.0000,14365.0000,0.0000,0.0000,0.0000,0.0000,5,0,0,0,0,14,0,0,0,0
sc,zn1207,2012-06-29 09:06:24.500,14350.0000,14128,0,0.0000,0.0000,0,0,多换,B,14350.0000,0.0000,0.0000,0.0000,0.0000,14360.0000,0.0000,0.0000,0.0000,0.0000,12,0,0,0,0,1,0,0,0,0
sc,zn1207,2012-06-29 09:06:25.000,14350.0000,14128,0,0.0000,0.0000,0,0,多换,B,14350.0000,0.0000,0.0000,0.0000,0.0000,14360.0000,0.0000,0.0000,0.0000,0.0000,15,0,0,0,0,1,0,0,0,0
sc,zn1207,2012-06-29 09:06:26.000,14350.0000,14128,0,0.0000,0.0000,0,0,多换,B,14355.0000,0.0000,0.0000,0.0000,0.0000,14360.0000,0.0000,0.0000,0.0000,0.0000,4,0,0,0,0,15,0,0,0,0
sc,zn1207,2012-06-29 09:06:26.500,14350.0000,14128,0,0.0000,0.0000,0,0,多换,B,14355.0000,0.0000,0.0000,0.0000,0.0000,14360.0000,0.0000,0.0000,0.0000,0.0000,4,0,0,0,0,15,0,0,0,0
sc,zn1207,2012-06-29 09:06:27.000,14350.0000,14128,0,0.0000,0.0000,0,0,多换,B,14355.0000,0.0000,0.0000,0.0000,0.0000,14360.0000,0.0000,0.0000,0.0000,0.0000,4,0,0,0,0,15,0,0,0,0
sc,zn1207,2012-06-29 09:06:27.500,14350.0000,14128,0,0.0000,0.0000,0,0,多换,B,14345.0000,0.0000,0.0000,0.0000,0.0000,14360.0000,0.0000,0.0000,0.0000,0.0000,5,0,0,0,0,1,0,0,0,0
sc,zn1207,2012-06-29 09:06:28.000,14350.0000,14128,0,0.0000,0.0000,0,0,多换,B,14350.0000,0.0000,0.0000,0.0000,0.0000,14360.0000,0.0000,0.0000,0.0000,0.0000,12,0,0,0,0,1,0,0,0,0
sc,zn1207,2012-06-29 09:06:28.500,14350.0000,14128,0,0.0000,0.0000,0,0,多换,B,14350.0000,0.0000,0.0000,0.0000,0.0000,14360.0000,0.0000,0.0000,0.0000,0.0000,15,0,0,0,0,1,0,0,0,0
sc,zn1207,2012-06-29 09:06:31.000,14350.0000,14128,0,0.0000,0.0000,0,0,多换,B,14350.0000,0.0000,0.0000,0.0000,0.0000,14360.0000,0.0000,0.0000,0.0000,0.0000,15,0,0,0,0,15,0,0,0,0
sc,zn1207,2012-06-29 09:06:31.500,14350.0000,14128,0,0.0000,0.0000,0,0,多换,B,14350.0000,0.0000,0.0000,0.0000,0.0000,14360.0000,0.0000,0.0000,0.0000,0.0000,10,0,0,0,0,15,0,0,0,0
sc,zn1207,2012-06-29 09:06:38.000,14350.0000,14128,0,0.0000,0.0000,0,0,多换,B,14350.0000,0.0000,0.0000,0.0000,0.0000,14355.0000,0.0000,0.0000,0.0000,0.0000,10,0,0,0,0,14,0,0,0,0
sc,zn1207,2012-06-29 09:06:38.500,14350.0000,14128,0,0.0000,0.0000,0,0,多换,B,14340.0000,0.0000,0.0000,0.0000,0.0000,14355.0000,0.0000,0.0000,0.0000,0.0000,5,0,0,0,0,14,0,0,0,0
sc,zn1207,2012-06-29 09:06:39.000,14350.0000,14128,0,0.0000,0.0000,0,0,多换,B,14345.0000,0.0000,0.0000,0.0000,0.0000,14355.0000,0.0000,0.0000,0.0000,0.0000,7,0,0,0,0,14,0,0,0,0
sc,zn1207,2012-06-29 09:06:40.000,14350.0000,14128,0,0.0000,0.0000,0,0,多换,B,14345.0000,0.0000,0.0000,0.0000,0.0000,14355.0000,0.0000,0.0000,0.0000,0.0000,10,0,0,0,0,14,0,0,0,0
sc,zn1207,2012-06-29 09:06:40.500,14350.0000,14128,0,0.0000,0.0000,0,0,多换,B,14345.0000,0.0000,0.0000,0.0000,0.0000,14360.0000,0.0000,0.0000,0.0000,0.0000,10,0,0,0,0,1,0,0,0,0
sc,zn1207,2012-06-29 09:06:41.000,14350.0000,14128,0,0.0000,0.0000,0,0,多换,B,14345.0000,0.0000,0.0000,0.0000,0.0000,14360.0000,0.0000,0.0000,0.0000,0.0000,15,0,0,0,0,15,0,0,0,0
sc,zn1207,2012-06-29 09:06:41.500,14350.0000,14128,0,0.0000,0.0000,0,0,多换,B,14345.0000,0.0000,0.0000,0.0000,0.0000,14350.0000,0.0000,0.0000,0.0000,0.0000,15,0,0,0,0,14,0,0,0,0
sc,zn1207,2012-06-29 09:06:42.000,14350.0000,14128,0,0.0000,0.0000,0,0,多换,B,14345.0000,0.0000,0.0000,0.0000,0.0000,14350.0000,0.0000,0.0000,0.0000,0.0000,11,0,0,0,0,14,0,0,0,0
sc,zn1207,2012-06-29 09:06:42.500,14350.0000,14128,0,0.0000,0.0000,0,0,多换,B,14345.0000,0.0000,0.0000,0.0000,0.0000,14350.0000,0.0000,0.0000,0.0000,0.0000,10,0,0,0,0,14,0,0,0,0
sc,zn1207,2012-06-29 09:06:43.000,14350.0000,14128,0,0.0000,0.0000,0,0,多换,B,14345.0000,0.0000,0.0000,0.0000,0.0000,14350.0000,0.0000,0.0000,0.0000,0.0000,10,0,0,0,0,10,0,0,0,0
sc,zn1207,2012-06-29 09:06:43.500,14345.0000,14108,-20,1434500.0000,20.0000,0,20,双平,S,14340.0000,0.0000,0.0000,0.0000,0.0000,14345.0000,0.0000,0.0000,0.0000,0.0000,5,0,0,0,0,4,0,0,0,0
sc,zn1207,2012-06-29 09:06:44.000,14345.0000,14108,0,0.0000,0.0000,0,0,空换,S,14330.0000,0.0000,0.0000,0.0000,0.0000,14350.0000,0.0000,0.0000,0.0000,0.0000,5,0,0,0,0,10,0,0,0,0
sc,zn1207,2012-06-29 09:06:44.500,14345.0000,14108,0,0.0000,0.0000,0,0,空换,S,14335.0000,0.0000,0.0000,0.0000,0.0000,14350.0000,0.0000,0.0000,0.0000,0.0000,5,0,0,0,0,10,0,0,0,0
sc,zn1207,2012-06-29 09:06:45.000,14345.0000,14108,0,0.0000,0.0000,0,0,空换,S,14335.0000,0.0000,0.0000,0.0000,0.0000,14350.0000,0.0000,0.0000,0.0000,0.0000,10,0,0,0,0,14,0,0,0,0
sc,zn1207,2012-06-29 09:06:45.500,14345.0000,14108,0,0.0000,0.0000,0,0,空换,S,14340.0000,0.0000,0.0000,0.0000,0.0000,14350.0000,0.0000,0.0000,0.0000,0.0000,5,0,0,0,0,10,0,0,0,0
sc,zn1207,2012-06-29 09:06:46.000,14345.0000,14108,0,0.0000,0.0000,0,0,空换,S,14340.0000,0.0000,0.0000,0.0000,0.0000,14350.0000,0.0000,0.0000,0.0000,0.0000,5,0,0,0,0,14,0,0,0,0
sc,zn1207,2012-06-29 09:06:46.500,14345.0000,14108,0,0.0000,0.0000,0,0,空换,S,14335.0000,0.0000,0.0000,0.0000,0.0000,14350.0000,0.0000,0.0000,0.0000,0.0000,5,0,0,0,0,14,0,0,0,0
sc,zn1207,2012-06-29 09:06:47.000,14345.0000,14108,0,0.0000,0.0000,0,0,空换,S,14335.0000,0.0000,0.0000,0.0000,0.0000,14350.0000,0.0000,0.0000,0.0000,0.0000,10,0,0,0,0,14,0,0,0,0
sc,zn1207,2012-06-29 09:06:50.000,14345.0000,14108,0,0.0000,0.0000,0,0,空换,S,14335.0000,0.0000,0.0000,0.0000,0.0000,14345.0000,0.0000,0.0000,0.0000,0.0000,5,0,0,0,0,4,0,0,0,0
sc,zn1207,2012-06-29 09:06:50.500,14345.0000,14108,0,0.0000,0.0000,0,0,空换,S,14330.0000,0.0000,0.0000,0.0000,0.0000,14345.0000,0.0000,0.0000,0.0000,0.0000,5,0,0,0,0,4,0,0,0,0
sc,zn1207,2012-06-29 09:06:51.000,14345.0000,14108,0,0.0000,0.0000,0,0,空换,S,14335.0000,0.0000,0.0000,0.0000,0.0000,14350.0000,0.0000,0.0000,0.0000,0.0000,5,0,0,0,0,10,0,0,0,0
sc,zn1207,2012-06-29 09:06:51.500,14345.0000,14108,0,0.0000,0.0000,0,0,空换,S,14335.0000,0.0000,0.0000,0.0000,0.0000,14350.0000,0.0000,0.0000,0.0000,0.0000,10,0,0,0,0,14,0,0,0,0
sc,zn1207,2012-06-29 09:06:52.000,14345.0000,14108,0,0.0000,0.0000,0,0,空换,S,14335.0000,0.0000,0.0000,0.0000,0.0000,14345.0000,0.0000,0.0000,0.0000,0.0000,5,0,0,0,0,4,0,0,0,0
sc,zn1207,2012-06-29 09:06:52.500,14345.0000,14108,0,0.0000,0.0000,0,0,空换,S,14330.0000,0.0000,0.0000,0.0000,0.0000,14345.0000,0.0000,0.0000,0.0000,0.0000,5,0,0,0,0,4,0,0,0,0
sc,zn1207,2012-06-29 09:06:53.000,14345.0000,14108,0,0.0000,0.0000,0,0,空换,S,14330.0000,0.0000,0.0000,0.0000,0.0000,14345.0000,0.0000,0.0000,0.0000,0.0000,10,0,0,0,0,4,0,0,0,0
sc,zn1207,2012-06-29 09:06:56.500,14345.0000,14108,0,0.0000,0.0000,0,0,空换,S,14330.0000,0.0000,0.0000,0.0000,0.0000,14340.0000,0.0000,0.0000,0.0000,0.0000,5,0,0,0,0,4,0,0,0,0
sc,zn1207,2012-06-29 09:06:57.000,14345.0000,14108,0,0.0000,0.0000,0,0,空换,S,14325.0000,0.0000,0.0000,0.0000,0.0000,14340.0000,0.0000,0.0000,0.0000,0.0000,5,0,0,0,0,4,0,0,0,0
sc,zn1207,2012-06-29 09:06:57.500,14345.0000,14108,0,0.0000,0.0000,0,0,空换,S,14325.0000,0.0000,0.0000,0.0000,0.0000,14340.0000,0.0000,0.0000,0.0000,0.0000,10,0,0,0,0,4,0,0,0,0
sc,zn1207,2012-06-29 09:06:58.500,14345.0000,14108,0,0.0000,0.0000,0,0,空换,S,14325.0000,0.0000,0.0000,0.0000,0.0000,14340.0000,0.0000,0.0000,0.0000,0.0000,10,0,0,0,0,4,0,0,0,0
sc,zn1207,2012-06-29 09:06:59.500,14345.0000,14108,0,0.0000,0.0000,0,0,空换,S,14325.0000,0.0000,0.0000,0.0000,0.0000,14335.0000,0.0000,0.0000,0.0000,0.0000,5,0,0,0,0,4,0,0,0,0
sc,zn1207,2012-06-29 09:07:00.000,14345.0000,14108,0,0.0000,0.0000,0,0,空换,S,14320.0000,0.0000,0.0000,0.0000,0.0000,14335.0000,0.0000,0.0000,0.0000,0.0000,5,0,0,0,0,4,0,0,0,0
sc,zn1207,2012-06-29 09:07:00.500,14345.0000,14108,0,0.0000,0.0000,0,0,空换,S,14320.0000,0.0000,0.0000,0.0000,0.0000,14335.0000,0.0000,0.0000,0.0000,0.0000,10,0,0,0,0,4,0,0,0,0
sc,zn1207,2012-06-29 09:07:01.500,14345.0000,14108,0,0.0000,0.0000,0,0,空换,S,14325.0000,0.0000,0.0000,0.0000,0.0000,14350.0000,0.0000,0.0000,0.0000,0.0000,5,0,0,0,0,10,0,0,0,0
sc,zn1207,2012-06-29 09:07:02.000,14345.0000,14108,0,0.0000,0.0000,0,0,空换,S,14290.0000,0.0000,0.0000,0.0000,0.0000,14340.0000,0.0000,0.0000,0.0000,0.0000,1,0,0,0,0,4,0,0,0,0
sc,zn1207,2012-06-29 09:07:02.500,14345.0000,14108,0,0.0000,0.0000,0,0,空换,S,14325.0000,0.0000,0.0000,0.0000,0.0000,14340.0000,0.0000,0.0000,0.0000,0.0000,6,0,0,0,0,4,0,0,0,0
sc,zn1207,2012-06-29 09:07:03.000,14345.0000,14108,0,0.0000,0.0000,0,0,空换,S,14325.0000,0.0000,0.0000,0.0000,0.0000,14335.0000,0.0000,0.0000,0.0000,0.0000,5,0,0,0,0,4,0,0,0,0
sc,zn1207,2012-06-29 09:07:03.500,14345.0000,14108,0,0.0000,0.0000,0,0,空换,S,14325.0000,0.0000,0.0000,0.0000,0.0000,14335.0000,0.0000,0.0000,0.0000,0.0000,1,0,0,0,0,4,0,0,0,0
sc,zn1207,2012-06-29 09:07:04.000,14345.0000,14108,0,0.0000,0.0000,0,0,空换,S,14320.0000,0.0000,0.0000,0.0000,0.0000,14335.0000,0.0000,0.0000,0.0000,0.0000,5,0,0,0,0,4,0,0,0,0
sc,zn1207,2012-06-29 09:07:04.500,14345.0000,14108,0,0.0000,0.0000,0,0,空换,S,14320.0000,0.0000,0.0000,0.0000,0.0000,14335.0000,0.0000,0.0000,0.0000,0.0000,10,0,0,0,0,4,0,0,0,0
sc,zn1207,2012-06-29 09:07:06.000,14345.0000,14108,0,0.0000,0.0000,0,0,空换,S,14325.0000,0.0000,0.0000,0.0000,0.0000,14335.0000,0.0000,0.0000,0.0000,0.0000,5,0,0,0,0,4,0,0,0,0
sc,zn1207,2012-06-29 09:07:08.500,14345.0000,14108,0,0.0000,0.0000,0,0,空换,S,14325.0000,0.0000,0.0000,0.0000,0.0000,14335.0000,0.0000,0.0000,0.0000,0.0000,10,0,0,0,0,4,0,0,0,0
sc,zn1207,2012-06-29 09:07:10.000,14345.0000,14108,0,0.0000,0.0000,0,0,空换,S,14325.0000,0.0000,0.0000,0.0000,0.0000,14350.0000,0.0000,0.0000,0.0000,0.0000,10,0,0,0,0,10,0,0,0,0
sc,zn1207,2012-06-29 09:07:10.500,14345.0000,14108,0,0.0000,0.0000,0,0,空换,S,14325.0000,0.0000,0.0000,0.0000,0.0000,14340.0000,0.0000,0.0000,0.0000,0.0000,15,0,0,0,0,4,0,0,0,0
sc,zn1207,2012-06-29 09:07:11.000,14345.0000,14108,0,0.0000,0.0000,0,0,空换,S,14330.0000,0.0000,0.0000,0.0000,0.0000,14340.0000,0.0000,0.0000,0.0000,0.0000,5,0,0,0,0,4,0,0,0,0
sc,zn1207,2012-06-29 09:07:13.500,14345.0000,14108,0,0.0000,0.0000,0,0,空换,S,14330.0000,0.0000,0.0000,0.0000,0.0000,14340.0000,0.0000,0.0000,0.0000,0.0000,5,0,0,0,0,4,0,0,0,0
sc,zn1207,2012-06-29 09:07:14.000,14345.0000,14108,0,0.0000,0.0000,0,0,空换,S,14330.0000,0.0000,0.0000,0.0000,0.0000,14335.0000,0.0000,0.0000,0.0000,0.0000,5,0,0,0,0,4,0,0,0,0
sc,zn1207,2012-06-29 09:07:14.500,14345.0000,14108,0,0.0000,0.0000,0,0,空换,S,14320.0000,0.0000,0.0000,0.0000,0.0000,14350.0000,0.0000,0.0000,0.0000,0.0000,5,0,0,0,0,10,0,0,0,0
sc,zn1207,2012-06-29 09:07:15.000,14345.0000,14108,0,0.0000,0.0000,0,0,空换,S,14325.0000,0.0000,0.0000,0.0000,0.0000,14340.0000,0.0000,0.0000,0.0000,0.0000,5,0,0,0,0,4,0,0,0,0
sc,zn1207,2012-06-29 09:07:15.500,14345.0000,14108,0,0.0000,0.0000,0,0,空换,S,14325.0000,0.0000,0.0000,0.0000,0.0000,14340.0000,0.0000,0.0000,0.0000,0.0000,10,0,0,0,0,4,0,0,0,0
sc,zn1207,2012-06-29 09:07:22.000,14345.0000,14108,0,0.0000,0.0000,0,0,空换,S,14325.0000,0.0000,0.0000,0.0000,0.0000,14340.0000,0.0000,0.0000,0.0000,0.0000,10,0,0,0,0,4,0,0,0,0
sc,zn1207,2012-06-29 09:07:27.500,14345.0000,14108,0,0.0000,0.0000,0,0,空换,S,14325.0000,0.0000,0.0000,0.0000,0.0000,14340.0000,0.0000,0.0000,0.0000,0.0000,9,0,0,0,0,4,0,0,0,0
sc,zn1207,2012-06-29 09:07:32.500,14345.0000,14108,0,0.0000,0.0000,0,0,空换,S,14325.0000,0.0000,0.0000,0.0000,0.0000,14340.0000,0.0000,0.0000,0.0000,0.0000,9,0,0,0,0,4,0,0,0,0
sc,zn1207,2012-06-29 09:07:44.000,14345.0000,14108,0,0.0000,0.0000,0,0,空换,S,14330.0000,0.0000,0.0000,0.0000,0.0000,14340.0000,0.0000,0.0000,0.0000,0.0000,3,0,0,0,0,4,0,0,0,0
sc,zn1207,2012-06-29 09:07:47.000,14345.0000,14108,0,0.0000,0.0000,0,0,空换,S,14335.0000,0.0000,0.0000,0.0000,0.0000,14340.0000,0.0000,0.0000,0.0000,0.0000,5,0,0,0,0,4,0,0,0,0
sc,zn1207,2012-06-29 09:07:47.500,14345.0000,14108,0,0.0000,0.0000,0,0,空换,S,14335.0000,0.0000,0.0000,0.0000,0.0000,14340.0000,0.0000,0.0000,0.0000,0.0000,4,0,0,0,0,4,0,0,0,0
sc,zn1207,2012-06-29 09:07:50.500,14330.0000,14094,-14,1003300.0000,14.0000,0,14,双平,S,14325.0000,0.0000,0.0000,0.0000,0.0000,14330.0000,0.0000,0.0000,0.0000,0.0000,5,0,0,0,0,3,0,0,0,0
sc,zn1207,2012-06-29 09:07:51.000,14330.0000,14094,0,0.0000,0.0000,0,0,空换,S,14325.0000,0.0000,0.0000,0.0000,0.0000,14330.0000,0.0000,0.0000,0.0000,0.0000,5,0,0,0,0,3,0,0,0,0
sc,zn1207,2012-06-29 09:07:56.500,14330.0000,14094,0,429900.0000,6.0000,3,3,空换,S,14330.0000,0.0000,0.0000,0.0000,0.0000,14340.0000,0.0000,0.0000,0.0000,0.0000,1,0,0,0,0,4,0,0,0,0
sc,zn1207,2012-06-29 09:07:57.000,14330.0000,14094,0,0.0000,0.0000,0,0,空换,S,14330.0000,0.0000,0.0000,0.0000,0.0000,14340.0000,0.0000,0.0000,0.0000,0.0000,1,0,0,0,0,4,0,0,0,0
sc,zn1207,2012-06-29 09:08:00.500,14330.0000,14094,0,143300.0000,2.0000,1,1,空换,S,14290.0000,0.0000,0.0000,0.0000,0.0000,14340.0000,0.0000,0.0000,0.0000,0.0000,5,0,0,0,0,4,0,0,0,0
sc,zn1207,2012-06-29 09:08:01.000,14330.0000,14094,0,0.0000,0.0000,0,0,空换,S,14320.0000,0.0000,0.0000,0.0000,0.0000,14340.0000,0.0000,0.0000,0.0000,0.0000,5,0,0,0,0,4,0,0,0,0
sc,zn1207,2012-06-29 09:08:01.500,14330.0000,14094,0,0.0000,0.0000,0,0,空换,S,14320.0000,0.0000,0.0000,0.0000,0.0000,14340.0000,0.0000,0.0000,0.0000,0.0000,5,0,0,0,0,4,0,0,0,0
sc,zn1207,2012-06-29 09:08:02.000,14330.0000,14094,0,0.0000,0.0000,0,0,空换,S,14320.0000,0.0000,0.0000,0.0000,0.0000,14340.0000,0.0000,0.0000,0.0000,0.0000,5,0,0,0,0,5,0,0,0,0
sc,zn1207,2012-06-29 09:08:02.500,14330.0000,14094,0,0.0000,0.0000,0,0,空换,S,14320.0000,0.0000,0.0000,0.0000,0.0000,14340.0000,0.0000,0.0000,0.0000,0.0000,5,0,0,0,0,5,0,0,0,0
sc,zn1207,2012-06-29 09:08:07.500,14330.0000,14094,0,0.0000,0.0000,0,0,空换,S,14320.0000,0.0000,0.0000,0.0000,0.0000,14335.0000,0.0000,0.0000,0.0000,0.0000,3,0,0,0,0,4,0,0,0,0
sc,zn1207,2012-06-29 09:08:08.000,14330.0000,14094,0,0.0000,0.0000,0,0,空换,S,14320.0000,0.0000,0.0000,0.0000,0.0000,14340.0000,0.0000,0.0000,0.0000,0.0000,3,0,0,0,0,1,0,0,0,0
sc,zn1207,2012-06-29 09:08:08.500,14330.0000,14094,0,0.0000,0.0000,0,0,空换,S,14320.0000,0.0000,0.0000,0.0000,0.0000,14340.0000,0.0000,0.0000,0.0000,0.0000,3,0,0,0,0,5,0,0,0,0
sc,zn1207,2012-06-29 09:08:09.000,14330.0000,14094,0,0.0000,0.0000,0,0,空换,S,14295.0000,0.0000,0.0000,0.0000,0.0000,14335.0000,0.0000,0.0000,0.0000,0.0000,5,0,0,0,0,4,0,0,0,0
sc,zn1207,2012-06-29 09:08:09.500,14330.0000,14094,0,0.0000,0.0000,0,0,空换,S,14320.0000,0.0000,0.0000,0.0000,0.0000,14340.0000,0.0000,0.0000,0.0000,0.0000,5,0,0,0,0,1,0,0,0,0
sc,zn1207,2012-06-29 09:08:10.000,14330.0000,14094,0,0.0000,0.0000,0,0,空换,S,14300.0000,0.0000,0.0000,0.0000,0.0000,14340.0000,0.0000,0.0000,0.0000,0.0000,18,0,0,0,0,5,0,0,0,0
sc,zn1207,2012-06-29 09:08:10.500,14330.0000,14094,0,0.0000,0.0000,0,0,空换,S,14320.0000,0.0000,0.0000,0.0000,0.0000,14340.0000,0.0000,0.0000,0.0000,0.0000,5,0,0,0,0,5,0,0,0,0
sc,zn1207,2012-06-29 09:08:11.000,14330.0000,14094,0,0.0000,0.0000,0,0,空换,S,14290.0000,0.0000,0.0000,0.0000,0.0000,14335.0000,0.0000,0.0000,0.0000,0.0000,5,0,0,0,0,4,0,0,0,0
sc,zn1207,2012-06-29 09:08:11.500,14330.0000,14094,0,0.0000,0.0000,0,0,空换,S,14315.0000,0.0000,0.0000,0.0000,0.0000,14335.0000,0.0000,0.0000,0.0000,0.0000,5,0,0,0,0,4,0,0,0,0
sc,zn1207,2012-06-29 09:08:12.000,14330.0000,14094,0,0.0000,0.0000,0,0,空换,S,14315.0000,0.0000,0.0000,0.0000,0.0000,14335.0000,0.0000,0.0000,0.0000,0.0000,5,0,0,0,0,4,0,0,0,0
sc,zn1207,2012-06-29 09:08:12.500,14330.0000,14094,0,0.0000,0.0000,0,0,空换,S,14320.0000,0.0000,0.0000,0.0000,0.0000,14335.0000,0.0000,0.0000,0.0000,0.0000,5,0,0,0,0,4,0,0,0,0
sc,zn1207,2012-06-29 09:08:13.000,14330.0000,14094,0,0.0000,0.0000,0,0,空换,S,14320.0000,0.0000,0.0000,0.0000,0.0000,14335.0000,0.0000,0.0000,0.0000,0.0000,5,0,0,0,0,4,0,0,0,0
sc,zn1207,2012-06-29 09:08:14.000,14330.0000,14094,0,0.0000,0.0000,0,0,空换,S,14295.0000,0.0000,0.0000,0.0000,0.0000,14330.0000,0.0000,0.0000,0.0000,0.0000,5,0,0,0,0,4,0,0,0,0
sc,zn1207,2012-06-29 09:08:14.500,14330.0000,14094,0,0.0000,0.0000,0,0,空换,S,14315.0000,0.0000,0.0000,0.0000,0.0000,14330.0000,0.0000,0.0000,0.0000,0.0000,5,0,0,0,0,4,0,0,0,0
sc,zn1207,2012-06-29 09:08:15.000,14330.0000,14094,0,0.0000,0.0000,0,0,空换,S,14315.0000,0.0000,0.0000,0.0000,0.0000,14330.0000,0.0000,0.0000,0.0000,0.0000,5,0,0,0,0,4,0,0,0,0
sc,zn1207,2012-06-29 09:08:15.500,14330.0000,14094,0,0.0000,0.0000,0,0,空换,S,14315.0000,0.0000,0.0000,0.0000,0.0000,14330.0000,0.0000,0.0000,0.0000,0.0000,5,0,0,0,0,4,0,0,0,0
sc,zn1207,2012-06-29 09:08:16.000,14330.0000,14094,0,0.0000,0.0000,0,0,空换,S,14315.0000,0.0000,0.0000,0.0000,0.0000,14330.0000,0.0000,0.0000,0.0000,0.0000,8,0,0,0,0,4,0,0,0,0
sc,zn1207,2012-06-29 09:08:17.000,14330.0000,14094,0,0.0000,0.0000,0,0,空换,S,14320.0000,0.0000,0.0000,0.0000,0.0000,14340.0000,0.0000,0.0000,0.0000,0.0000,5,0,0,0,0,1,0,0,0,0
sc,zn1207,2012-06-29 09:08:17.500,14330.0000,14094,0,0.0000,0.0000,0,0,空换,S,14320.0000,0.0000,0.0000,0.0000,0.0000,14335.0000,0.0000,0.0000,0.0000,0.0000,5,0,0,0,0,4,0,0,0,0
sc,zn1207,2012-06-29 09:08:19.000,14330.0000,14094,0,0.0000,0.0000,0,0,空换,S,14320.0000,0.0000,0.0000,0.0000,0.0000,14335.0000,0.0000,0.0000,0.0000,0.0000,5,0,0,0,0,4,0,0,0,0
sc,zn1207,2012-06-29 09:08:24.500,14330.0000,14094,0,0.0000,0.0000,0,0,空换,S,14320.0000,0.0000,0.0000,0.0000,0.0000,14335.0000,0.0000,0.0000,0.0000,0.0000,5,0,0,0,0,4,0,0,0,0
sc,zn1207,2012-06-29 09:08:33.500,14330.0000,14094,0,0.0000,0.0000,0,0,空换,S,14320.0000,0.0000,0.0000,0.0000,0.0000,14335.0000,0.0000,0.0000,0.0000,0.0000,5,0,0,0,0,4,0,0,0,0
sc,zn1207,2012-06-29 09:08:37.000,14330.0000,14094,0,0.0000,0.0000,0,0,空换,S,14325.0000,0.0000,0.0000,0.0000,0.0000,14335.0000,0.0000,0.0000,0.0000,0.0000,5,0,0,0,0,4,0,0,0,0
sc,zn1207,2012-06-29 09:08:48.000,14330.0000,14094,0,0.0000,0.0000,0,0,空换,S,14330.0000,0.0000,0.0000,0.0000,0.0000,14335.0000,0.0000,0.0000,0.0000,0.0000,3,0,0,0,0,4,0,0,0,0
sc,zn1207,2012-06-29 09:08:48.500,14330.0000,14094,0,0.0000,0.0000,0,0,空换,S,14330.0000,0.0000,0.0000,0.0000,0.0000,14335.0000,0.0000,0.0000,0.0000,0.0000,3,0,0,0,0,4,0,0,0,0
sc,zn1207,2012-06-29 09:08:49.500,14330.0000,14094,0,0.0000,0.0000,0,0,空换,S,14335.0000,0.0000,0.0000,0.0000,0.0000,14340.0000,0.0000,0.0000,0.0000,0.0000,10,0,0,0,0,1,0,0,0,0
sc,zn1207,2012-06-29 09:08:50.000,14335.0000,14086,-8,573400.0000,8.0000,0,8,双平,B,14335.0000,0.0000,0.0000,0.0000,0.0000,14340.0000,0.0000,0.0000,0.0000,0.0000,6,0,0,0,0,6,0,0,0,0
sc,zn1207,2012-06-29 09:08:50.500,14335.0000,14086,0,0.0000,0.0000,0,0,多换,B,14335.0000,0.0000,0.0000,0.0000,0.0000,14340.0000,0.0000,0.0000,0.0000,0.0000,6,0,0,0,0,1,0,0,0,0
sc,zn1207,2012-06-29 09:08:51.000,14335.0000,14086,0,0.0000,0.0000,0,0,多换,B,14335.0000,0.0000,0.0000,0.0000,0.0000,14340.0000,0.0000,0.0000,0.0000,0.0000,6,0,0,0,0,1,0,0,0,0
sc,zn1207,2012-06-29 09:08:51.500,14335.0000,14086,0,0.0000,0.0000,0,0,多换,B,14335.0000,0.0000,0.0000,0.0000,0.0000,14340.0000,0.0000,0.0000,0.0000,0.0000,6,0,0,0,0,1,0,0,0,0
sc,zn1207,2012-06-29 09:08:52.000,14335.0000,14086,0,0.0000,0.0000,0,0,多换,B,14335.0000,0.0000,0.0000,0.0000,0.0000,14340.0000,0.0000,0.0000,0.0000,0.0000,6,0,0,0,0,1,0,0,0,0
sc,zn1207,2012-06-29 09:08:54.500,14335.0000,14086,0,0.0000,0.0000,0,0,多换,B,14335.0000,0.0000,0.0000,0.0000,0.0000,14340.0000,0.0000,0.0000,0.0000,0.0000,6,0,0,0,0,6,0,0,0,0
sc,zn1207,2012-06-29 09:08:55.000,14335.0000,14086,0,0.0000,0.0000,0,0,多换,B,14335.0000,0.0000,0.0000,0.0000,0.0000,14340.0000,0.0000,0.0000,0.0000,0.0000,6,0,0,0,0,1,0,0,0,0
sc,zn1207,2012-06-29 09:08:55.500,14335.0000,14086,0,0.0000,0.0000,0,0,多换,B,14335.0000,0.0000,0.0000,0.0000,0.0000,14340.0000,0.0000,0.0000,0.0000,0.0000,11,0,0,0,0,1,0,0,0,0
sc,zn1207,2012-06-29 09:08:56.000,14335.0000,14086,0,0.0000,0.0000,0,0,多换,B,14335.0000,0.0000,0.0000,0.0000,0.0000,14340.0000,0.0000,0.0000,0.0000,0.0000,16,0,0,0,0,1,0,0,0,0
sc,zn1207,2012-06-29 09:08:57.000,14335.0000,14086,0,0.0000,0.0000,0,0,多换,B,14335.0000,0.0000,0.0000,0.0000,0.0000,14340.0000,0.0000,0.0000,0.0000,0.0000,16,0,0,0,0,1,0,0,0,0
sc,zn1207,2012-06-29 09:08:58.500,14335.0000,14086,0,0.0000,0.0000,0,0,多换,B,14335.0000,0.0000,0.0000,0.0000,0.0000,14340.0000,0.0000,0.0000,0.0000,0.0000,16,0,0,0,0,1,0,0,0,0
sc,zn1207,2012-06-29 09:09:00.000,14335.0000,14086,0,0.0000,0.0000,0,0,多换,B,14335.0000,0.0000,0.0000,0.0000,0.0000,14340.0000,0.0000,0.0000,0.0000,0.0000,19,0,0,0,0,1,0,0,0,0
sc,zn1207,2012-06-29 09:09:01.500,14335.0000,14086,0,0.0000,0.0000,0,0,多换,B,14335.0000,0.0000,0.0000,0.0000,0.0000,14340.0000,0.0000,0.0000,0.0000,0.0000,19,0,0,0,0,1,0,0,0,0
sc,zn1207,2012-06-29 09:09:05.000,14340.0000,14086,0,143400.0000,2.0000,1,1,多换,B,14335.0000,0.0000,0.0000,0.0000,0.0000,14350.0000,0.0000,0.0000,0.0000,0.0000,19,0,0,0,0,11,0,0,0,0
sc,zn1207,2012-06-29 09:09:05.500,14340.0000,14086,0,0.0000,0.0000,0,0,多换,B,14340.0000,0.0000,0.0000,0.0000,0.0000,14350.0000,0.0000,0.0000,0.0000,0.0000,5,0,0,0,0,12,0,0,0,0
sc,zn1207,2012-06-29 09:09:06.000,14340.0000,14086,0,0.0000,0.0000,0,0,多换,B,14340.0000,0.0000,0.0000,0.0000,0.0000,14350.0000,0.0000,0.0000,0.0000,0.0000,10,0,0,0,0,11,0,0,0,0
sc,zn1207,2012-06-29 09:09:06.500,14340.0000,14086,0,0.0000,0.0000,0,0,多换,B,14345.0000,0.0000,0.0000,0.0000,0.0000,14350.0000,0.0000,0.0000,0.0000,0.0000,5,0,0,0,0,11,0,0,0,0
sc,zn1207,2012-06-29 09:09:07.000,14340.0000,14086,0,0.0000,0.0000,0,0,多换,B,14340.0000,0.0000,0.0000,0.0000,0.0000,14350.0000,0.0000,0.0000,0.0000,0.0000,5,0,0,0,0,11,0,0,0,0
sc,zn1207,2012-06-29 09:09:07.500,14340.0000,14084,-2,143400.0000,2.0000,0,2,双平,B,14335.0000,0.0000,0.0000,0.0000,0.0000,14350.0000,0.0000,0.0000,0.0000,0.0000,9,0,0,0,0,12,0,0,0,0
sc,zn1207,2012-06-29 09:09:08.000,14340.0000,14084,0,0.0000,0.0000,0,0,多换,B,14340.0000,0.0000,0.0000,0.0000,0.0000,14350.0000,0.0000,0.0000,0.0000,0.0000,10,0,0,0,0,11,0,0,0,0
sc,zn1207,2012-06-29 09:09:08.500,14340.0000,14084,0,0.0000,0.0000,0,0,多换,B,14345.0000,0.0000,0.0000,0.0000,0.0000,14350.0000,0.0000,0.0000,0.0000,0.0000,5,0,0,0,0,11,0,0,0,0
sc,zn1207,2012-06-29 09:09:10.000,14340.0000,14084,0,0.0000,0.0000,0,0,多换,B,14345.0000,0.0000,0.0000,0.0000,0.0000,14350.0000,0.0000,0.0000,0.0000,0.0000,5,0,0,0,0,11,0,0,0,0
sc,zn1207,2012-06-29 09:09:18.000,14340.0000,14084,0,0.0000,0.0000,0,0,多换,B,14345.0000,0.0000,0.0000,0.0000,0.0000,14350.0000,0.0000,0.0000,0.0000,0.0000,5,0,0,0,0,12,0,0,0,0
sc,zn1207,2012-06-29 09:09:22.500,14345.0000,14072,-12,1434500.0000,20.0000,4,16,空平,B,14335.0000,0.0000,0.0000,0.0000,0.0000,14345.0000,0.0000,0.0000,0.0000,0.0000,6,0,0,0,0,1,0,0,0,0
sc,zn1207,2012-06-29 09:09:23.000,14345.0000,14072,0,0.0000,0.0000,0,0,多换,B,14335.0000,0.0000,0.0000,0.0000,0.0000,14345.0000,0.0000,0.0000,0.0000,0.0000,14,0,0,0,0,1,0,0,0,0
sc,zn1207,2012-06-29 09:09:23.500,14345.0000,14072,0,0.0000,0.0000,0,0,多换,B,14335.0000,0.0000,0.0000,0.0000,0.0000,14345.0000,0.0000,0.0000,0.0000,0.0000,15,0,0,0,0,1,0,0,0,0
sc,zn1207,2012-06-29 09:09:39.500,14345.0000,14072,0,0.0000,0.0000,0,0,多换,B,14335.0000,0.0000,0.0000,0.0000,0.0000,14345.0000,0.0000,0.0000,0.0000,0.0000,11,0,0,0,0,6,0,0,0,0
sc,zn1207,2012-06-29 09:09:40.000,14345.0000,14072,0,0.0000,0.0000,0,0,多换,B,14335.0000,0.0000,0.0000,0.0000,0.0000,14345.0000,0.0000,0.0000,0.0000,0.0000,6,0,0,0,0,1,0,0,0,0
sc,zn1207,2012-06-29 09:09:40.500,14345.0000,14072,0,0.0000,0.0000,0,0,多换,B,14335.0000,0.0000,0.0000,0.0000,0.0000,14345.0000,0.0000,0.0000,0.0000,0.0000,6,0,0,0,0,6,0,0,0,0
sc,zn1207,2012-06-29 09:09:45.000,14345.0000,14072,0,0.0000,0.0000,0,0,多换,B,14335.0000,0.0000,0.0000,0.0000,0.0000,14345.0000,0.0000,0.0000,0.0000,0.0000,10,0,0,0,0,1,0,0,0,0
sc,zn1207,2012-06-29 09:09:45.500,14345.0000,14072,0,0.0000,0.0000,0,0,多换,B,14335.0000,0.0000,0.0000,0.0000,0.0000,14345.0000,0.0000,0.0000,0.0000,0.0000,15,0,0,0,0,1,0,0,0,0
sc,zn1207,2012-06-29 09:09:46.000,14345.0000,14072,0,0.0000,0.0000,0,0,多换,B,14335.0000,0.0000,0.0000,0.0000,0.0000,14345.0000,0.0000,0.0000,0.0000,0.0000,11,0,0,0,0,6,0,0,0,0
sc,zn1207,2012-06-29 09:09:46.500,14345.0000,14072,0,0.0000,0.0000,0,0,多换,B,14335.0000,0.0000,0.0000,0.0000,0.0000,14345.0000,0.0000,0.0000,0.0000,0.0000,6,0,0,0,0,6,0,0,0,0
sc,zn1207,2012-06-29 09:09:54.500,14345.0000,14072,0,0.0000,0.0000,0,0,多换,B,14335.0000,0.0000,0.0000,0.0000,0.0000,14345.0000,0.0000,0.0000,0.0000,0.0000,6,0,0,0,0,5,0,0,0,0
sc,zn1207,2012-06-29 09:09:57.000,14345.0000,14072,0,0.0000,0.0000,0,0,多换,B,14335.0000,0.0000,0.0000,0.0000,0.0000,14350.0000,0.0000,0.0000,0.0000,0.0000,6,0,0,0,0,11,0,0,0,0
sc,zn1207,2012-06-29 09:09:57.500,14345.0000,14072,0,0.0000,0.0000,0,0,多换,B,14335.0000,0.0000,0.0000,0.0000,0.0000,14350.0000,0.0000,0.0000,0.0000,0.0000,6,0,0,0,0,11,0,0,0,0
sc,zn1207,2012-06-29 09:09:59.000,14345.0000,14072,0,0.0000,0.0000,0,0,多换,B,14335.0000,0.0000,0.0000,0.0000,0.0000,14350.0000,0.0000,0.0000,0.0000,0.0000,6,0,0,0,0,16,0,0,0,0
sc,zn1207,2012-06-29 09:10:01.000,14345.0000,14072,0,0.0000,0.0000,0,0,多换,B,14335.0000,0.0000,0.0000,0.0000,0.0000,14350.0000,0.0000,0.0000,0.0000,0.0000,9,0,0,0,0,16,0,0,0,0
sc,zn1207,2012-06-29 09:10:01.500,14345.0000,14072,0,0.0000,0.0000,0,0,多换,B,14335.0000,0.0000,0.0000,0.0000,0.0000,14350.0000,0.0000,0.0000,0.0000,0.0000,13,0,0,0,0,11,0,0,0,0
sc,zn1207,2012-06-29 09:10:02.000,14345.0000,14072,0,0.0000,0.0000,0,0,多换,B,14335.0000,0.0000,0.0000,0.0000,0.0000,14350.0000,0.0000,0.0000,0.0000,0.0000,15,0,0,0,0,11,0,0,0,0
sc,zn1207,2012-06-29 09:10:05.000,14345.0000,14072,0,0.0000,0.0000,0,0,多换,B,14340.0000,0.0000,0.0000,0.0000,0.0000,14350.0000,0.0000,0.0000,0.0000,0.0000,4,0,0,0,0,11,0,0,0,0
sc,zn1207,2012-06-29 09:10:05.500,14345.0000,14072,0,0.0000,0.0000,0,0,多换,B,14340.0000,0.0000,0.0000,0.0000,0.0000,14350.0000,0.0000,0.0000,0.0000,0.0000,5,0,0,0,0,11,0,0,0,0
sc,zn1207,2012-06-29 09:10:06.000,14345.0000,14072,0,0.0000,0.0000,0,0,多换,B,14335.0000,0.0000,0.0000,0.0000,0.0000,14350.0000,0.0000,0.0000,0.0000,0.0000,11,0,0,0,0,11,0,0,0,0
sc,zn1207,2012-06-29 09:10:06.500,14345.0000,14072,0,0.0000,0.0000,0,0,多换,B,14335.0000,0.0000,0.0000,0.0000,0.0000,14350.0000,0.0000,0.0000,0.0000,0.0000,15,0,0,0,0,11,0,0,0,0
sc,zn1207,2012-06-29 09:10:10.000,14345.0000,14072,0,0.0000,0.0000,0,0,多换,B,14340.0000,0.0000,0.0000,0.0000,0.0000,14350.0000,0.0000,0.0000,0.0000,0.0000,5,0,0,0,0,11,0,0,0,0
sc,zn1207,2012-06-29 09:10:14.500,14345.0000,14072,0,0.0000,0.0000,0,0,多换,B,14345.0000,0.0000,0.0000,0.0000,0.0000,14350.0000,0.0000,0.0000,0.0000,0.0000,1,0,0,0,0,11,0,0,0,0
sc,zn1207,2012-06-29 09:10:15.500,14345.0000,14070,-2,143450.0000,2.0000,0,2,双平,B,14335.0000,0.0000,0.0000,0.0000,0.0000,14350.0000,0.0000,0.0000,0.0000,0.0000,10,0,0,0,0,11,0,0,0,0
sc,zn1207,2012-06-29 09:10:16.000,14345.0000,14070,0,0.0000,0.0000,0,0,多换,B,14345.0000,0.0000,0.0000,0.0000,0.0000,14350.0000,0.0000,0.0000,0.0000,0.0000,5,0,0,0,0,11,0,0,0,0
sc,zn1207,2012-06-29 09:10:18.000,14345.0000,14060,-10,717250.0000,10.0000,0,10,双平,B,14335.0000,0.0000,0.0000,0.0000,0.0000,14350.0000,0.0000,0.0000,0.0000,0.0000,6,0,0,0,0,11,0,0,0,0
sc,zn1207,2012-06-29 09:10:18.500,14345.0000,14054,-6,430350.0000,6.0000,0,6,双平,B,14345.0000,0.0000,0.0000,0.0000,0.0000,14350.0000,0.0000,0.0000,0.0000,0.0000,2,0,0,0,0,11,0,0,0,0
sc,zn1207,2012-06-29 09:10:19.000,14345.0000,14054,0,0.0000,0.0000,0,0,多换,B,14340.0000,0.0000,0.0000,0.0000,0.0000,14345.0000,0.0000,0.0000,0.0000,0.0000,5,0,0,0,0,1,0,0,0,0
sc,zn1207,2012-06-29 09:10:19.500,14345.0000,14054,0,0.0000,0.0000,0,0,多换,B,14340.0000,0.0000,0.0000,0.0000,0.0000,14350.0000,0.0000,0.0000,0.0000,0.0000,2,0,0,0,0,16,0,0,0,0
sc,zn1207,2012-06-29 09:10:25.500,14345.0000,14054,0,0.0000,0.0000,0,0,多换,B,14340.0000,0.0000,0.0000,0.0000,0.0000,14350.0000,0.0000,0.0000,0.0000,0.0000,6,0,0,0,0,11,0,0,0,0
sc,zn1207,2012-06-29 09:10:29.500,14345.0000,14054,0,0.0000,0.0000,0,0,多换,B,14345.0000,0.0000,0.0000,0.0000,0.0000,14350.0000,0.0000,0.0000,0.0000,0.0000,5,0,0,0,0,11,0,0,0,0
sc,zn1207,2012-06-29 09:10:30.000,14345.0000,14054,0,0.0000,0.0000,0,0,多换,B,14345.0000,0.0000,0.0000,0.0000,0.0000,14350.0000,0.0000,0.0000,0.0000,0.0000,5,0,0,0,0,11,0,0,0,0
sc,zn1207,2012-06-29 09:10:30.500,14345.0000,14048,-6,430350.0000,6.0000,0,6,双平,B,14345.0000,0.0000,0.0000,0.0000,0.0000,14350.0000,0.0000,0.0000,0.0000,0.0000,2,0,0,0,0,16,0,0,0,0
sc,zn1207,2012-06-29 09:10:38.000,14345.0000,14048,0,0.0000,0.0000,0,0,多换,B,14345.0000,0.0000,0.0000,0.0000,0.0000,14350.0000,0.0000,0.0000,0.0000,0.0000,2,0,0,0,0,16,0,0,0,0
sc,zn1207,2012-06-29 09:10:44.500,14345.0000,14044,-4,286900.0000,4.0000,0,4,双平,B,14340.0000,0.0000,0.0000,0.0000,0.0000,14345.0000,0.0000,0.0000,0.0000,0.0000,5,0,0,0,0,5,0,0,0,0
sc,zn1207,2012-06-29 09:10:45.000,14345.0000,14044,0,0.0000,0.0000,0,0,多换,B,14335.0000,0.0000,0.0000,0.0000,0.0000,14345.0000,0.0000,0.0000,0.0000,0.0000,6,0,0,0,0,5,0,0,0,0
sc,zn1207,2012-06-29 09:10:47.500,14345.0000,14044,0,0.0000,0.0000,0,0,多换,B,14335.0000,0.0000,0.0000,0.0000,0.0000,14350.0000,0.0000,0.0000,0.0000,0.0000,10,0,0,0,0,11,0,0,0,0
sc,zn1207,2012-06-29 09:10:48.000,14345.0000,14044,0,0.0000,0.0000,0,0,多换,B,14335.0000,0.0000,0.0000,0.0000,0.0000,14350.0000,0.0000,0.0000,0.0000,0.0000,15,0,0,0,0,16,0,0,0,0
sc,zn1207,2012-06-29 09:10:54.000,14345.0000,14044,0,0.0000,0.0000,0,0,多换,B,14335.0000,0.0000,0.0000,0.0000,0.0000,14345.0000,0.0000,0.0000,0.0000,0.0000,11,0,0,0,0,5,0,0,0,0
sc,zn1207,2012-06-29 09:10:54.500,14345.0000,14044,0,0.0000,0.0000,0,0,多换,B,14335.0000,0.0000,0.0000,0.0000,0.0000,14345.0000,0.0000,0.0000,0.0000,0.0000,6,0,0,0,0,5,0,0,0,0
sc,zn1207,2012-06-29 09:10:58.000,14345.0000,14044,0,0.0000,0.0000,0,0,多换,B,14335.0000,0.0000,0.0000,0.0000,0.0000,14350.0000,0.0000,0.0000,0.0000,0.0000,10,0,0,0,0,11,0,0,0,0
sc,zn1207,2012-06-29 09:10:58.500,14345.0000,14044,0,0.0000,0.0000,0,0,多换,B,14335.0000,0.0000,0.0000,0.0000,0.0000,14350.0000,0.0000,0.0000,0.0000,0.0000,15,0,0,0,0,16,0,0,0,0
sc,zn1207,2012-06-29 09:11:00.500,14345.0000,14044,0,0.0000,0.0000,0,0,多换,B,14335.0000,0.0000,0.0000,0.0000,0.0000,14345.0000,0.0000,0.0000,0.0000,0.0000,11,0,0,0,0,5,0,0,0,0
sc,zn1207,2012-06-29 09:11:01.000,14345.0000,14044,0,0.0000,0.0000,0,0,多换,B,14335.0000,0.0000,0.0000,0.0000,0.0000,14345.0000,0.0000,0.0000,0.0000,0.0000,6,0,0,0,0,5,0,0,0,0
sc,zn1207,2012-06-29 09:11:02.500,14345.0000,14044,0,0.0000,0.0000,0,0,多换,B,14335.0000,0.0000,0.0000,0.0000,0.0000,14350.0000,0.0000,0.0000,0.0000,0.0000,6,0,0,0,0,11,0,0,0,0
sc,zn1207,2012-06-29 09:11:03.000,14345.0000,14044,0,0.0000,0.0000,0,0,多换,B,14335.0000,0.0000,0.0000,0.0000,0.0000,14350.0000,0.0000,0.0000,0.0000,0.0000,6,0,0,0,0,16,0,0,0,0
sc,zn1207,2012-06-29 09:11:10.500,14345.0000,14044,0,0.0000,0.0000,0,0,多换,B,14335.0000,0.0000,0.0000,0.0000,0.0000,14350.0000,0.0000,0.0000,0.0000,0.0000,10,0,0,0,0,11,0,0,0,0
sc,zn1207,2012-06-29 09:11:11.000,14345.0000,14044,0,0.0000,0.0000,0,0,多换,B,14335.0000,0.0000,0.0000,0.0000,0.0000,14350.0000,0.0000,0.0000,0.0000,0.0000,15,0,0,0,0,11,0,0,0,0
sc,zn1207,2012-06-29 09:11:19.000,14345.0000,14044,0,0.0000,0.0000,0,0,多换,B,14335.0000,0.0000,0.0000,0.0000,0.0000,14350.0000,0.0000,0.0000,0.0000,0.0000,11,0,0,0,0,16,0,0,0,0
sc,zn1207,2012-06-29 09:11:19.500,14345.0000,14044,0,0.0000,0.0000,0,0,多换,B,14335.0000,0.0000,0.0000,0.0000,0.0000,14350.0000,0.0000,0.0000,0.0000,0.0000,6,0,0,0,0,16,0,0,0,0
sc,zn1207,2012-06-29 09:11:27.500,14345.0000,14044,0,0.0000,0.0000,0,0,多换,B,14335.0000,0.0000,0.0000,0.0000,0.0000,14350.0000,0.0000,0.0000,0.0000,0.0000,10,0,0,0,0,16,0,0,0,0
sc,zn1207,2012-06-29 09:11:28.000,14345.0000,14044,0,0.0000,0.0000,0,0,多换,B,14335.0000,0.0000,0.0000,0.0000,0.0000,14350.0000,0.0000,0.0000,0.0000,0.0000,15,0,0,0,0,16,0,0,0,0
sc,zn1207,2012-06-29 09:11:34.500,14345.0000,14044,0,0.0000,0.0000,0,0,多换,B,14335.0000,0.0000,0.0000,0.0000,0.0000,14345.0000,0.0000,0.0000,0.0000,0.0000,11,0,0,0,0,5,0,0,0,0
sc,zn1207,2012-06-29 09:11:35.500,14345.0000,14044,0,0.0000,0.0000,0,0,多换,B,14335.0000,0.0000,0.0000,0.0000,0.0000,14345.0000,0.0000,0.0000,0.0000,0.0000,7,0,0,0,0,5,0,0,0,0
sc,zn1207,2012-06-29 09:11:53.500,14345.0000,14044,0,0.0000,0.0000,0,0,多换,B,14335.0000,0.0000,0.0000,0.0000,0.0000,14345.0000,0.0000,0.0000,0.0000,0.0000,7,0,0,0,0,7,0,0,0,0
sc,zn1207,2012-06-29 09:11:56.000,14345.0000,14044,0,0.0000,0.0000,0,0,多换,B,14335.0000,0.0000,0.0000,0.0000,0.0000,14345.0000,0.0000,0.0000,0.0000,0.0000,6,0,0,0,0,7,0,0,0,0
sc,zn1207,2012-06-29 09:11:58.500,14345.0000,14044,0,0.0000,0.0000,0,0,多换,B,14335.0000,0.0000,0.0000,0.0000,0.0000,14345.0000,0.0000,0.0000,0.0000,0.0000,10,0,0,0,0,2,0,0,0,0
sc,zn1207,2012-06-29 09:11:59.000,14345.0000,14044,0,0.0000,0.0000,0,0,多换,B,14335.0000,0.0000,0.0000,0.0000,0.0000,14345.0000,0.0000,0.0000,0.0000,0.0000,10,0,0,0,0,2,0,0,0,0
sc,zn1207,2012-06-29 09:12:00.500,14345.0000,14044,0,0.0000,0.0000,0,0,多换,B,14335.0000,0.0000,0.0000,0.0000,0.0000,14345.0000,0.0000,0.0000,0.0000,0.0000,6,0,0,0,0,7,0,0,0,0
sc,zn1207,2012-06-29 09:12:01.000,14345.0000,14044,0,0.0000,0.0000,0,0,多换,B,14335.0000,0.0000,0.0000,0.0000,0.0000,14345.0000,0.0000,0.0000,0.0000,0.0000,6,0,0,0,0,7,0,0,0,0
sc,zn1207,2012-06-29 09:12:03.500,14345.0000,14044,0,0.0000,0.0000,0,0,多换,B,14335.0000,0.0000,0.0000,0.0000,0.0000,14340.0000,0.0000,0.0000,0.0000,0.0000,6,0,0,0,0,1,0,0,0,0
sc,zn1207,2012-06-29 09:12:04.500,14345.0000,14044,0,0.0000,0.0000,0,0,多换,B,14335.0000,0.0000,0.0000,0.0000,0.0000,14340.0000,0.0000,0.0000,0.0000,0.0000,6,0,0,0,0,1,0,0,0,0
sc,zn1207,2012-06-29 09:12:09.500,14345.0000,14044,0,0.0000,0.0000,0,0,多换,B,14335.0000,0.0000,0.0000,0.0000,0.0000,14340.0000,0.0000,0.0000,0.0000,0.0000,6,0,0,0,0,1,0,0,0,0
sc,zn1207,2012-06-29 09:12:11.500,14345.0000,14044,0,0.0000,0.0000,0,0,多换,B,14335.0000,0.0000,0.0000,0.0000,0.0000,14340.0000,0.0000,0.0000,0.0000,0.0000,6,0,0,0,0,1,0,0,0,0
sc,zn1207,2012-06-29 09:12:14.000,14345.0000,14044,0,0.0000,0.0000,0,0,多换,B,14335.0000,0.0000,0.0000,0.0000,0.0000,14340.0000,0.0000,0.0000,0.0000,0.0000,6,0,0,0,0,1,0,0,0,0
sc,zn1207,2012-06-29 09:12:22.000,14335.0000,14044,0,860100.0000,12.0000,6,6,空换,S,14330.0000,0.0000,0.0000,0.0000,0.0000,14335.0000,0.0000,0.0000,0.0000,0.0000,5,0,0,0,0,3,0,0,0,0
sc,zn1207,2012-06-29 09:12:22.500,14335.0000,14044,0,0.0000,0.0000,0,0,空换,S,14330.0000,0.0000,0.0000,0.0000,0.0000,14340.0000,0.0000,0.0000,0.0000,0.0000,9,0,0,0,0,1,0,0,0,0
sc,zn1207,2012-06-29 09:12:32.500,14335.0000,14044,0,0.0000,0.0000,0,0,空换,S,14330.0000,0.0000,0.0000,0.0000,0.0000,14340.0000,0.0000,0.0000,0.0000,0.0000,19,0,0,0,0,1,0,0,0,0
sc,zn1207,2012-06-29 09:12:34.500,14335.0000,14044,0,0.0000,0.0000,0,0,空换,S,14330.0000,0.0000,0.0000,0.0000,0.0000,14335.0000,0.0000,0.0000,0.0000,0.0000,19,0,0,0,0,11,0,0,0,0
sc,zn1207,2012-06-29 09:12:35.500,14335.0000,14044,0,0.0000,0.0000,0,0,空换,S,14330.0000,0.0000,0.0000,0.0000,0.0000,14335.0000,0.0000,0.0000,0.0000,0.0000,15,0,0,0,0,11,0,0,0,0
sc,zn1207,2012-06-29 09:12:38.500,14335.0000,14044,0,0.0000,0.0000,0,0,空换,S,14330.0000,0.0000,0.0000,0.0000,0.0000,14335.0000,0.0000,0.0000,0.0000,0.0000,10,0,0,0,0,11,0,0,0,0
sc,zn1207,2012-06-29 09:12:39.000,14335.0000,14044,0,0.0000,0.0000,0,0,空换,S,14330.0000,0.0000,0.0000,0.0000,0.0000,14335.0000,0.0000,0.0000,0.0000,0.0000,10,0,0,0,0,12,0,0,0,0
sc,zn1207,2012-06-29 09:12:45.000,14335.0000,14044,0,0.0000,0.0000,0,0,空换,S,14330.0000,0.0000,0.0000,0.0000,0.0000,14335.0000,0.0000,0.0000,0.0000,0.0000,10,0,0,0,0,14,0,0,0,0
sc,zn1207,2012-06-29 09:12:53.000,14330.0000,14044,0,1433000.0000,20.0000,10,10,空换,S,14325.0000,0.0000,0.0000,0.0000,0.0000,14335.0000,0.0000,0.0000,0.0000,0.0000,4,0,0,0,0,14,0,0,0,0
sc,zn1207,2012-06-29 09:12:53.500,14330.0000,14044,0,0.0000,0.0000,0,0,空换,S,14325.0000,0.0000,0.0000,0.0000,0.0000,14335.0000,0.0000,0.0000,0.0000,0.0000,4,0,0,0,0,14,0,0,0,0
sc,zn1207,2012-06-29 09:12:54.000,14330.0000,14044,0,0.0000,0.0000,0,0,空换,S,14285.0000,0.0000,0.0000,0.0000,0.0000,14335.0000,0.0000,0.0000,0.0000,0.0000,1,0,0,0,0,14,0,0,0,0
sc,zn1207,2012-06-29 09:12:54.500,14330.0000,14044,0,0.0000,0.0000,0,0,空换,S,14320.0000,0.0000,0.0000,0.0000,0.0000,14335.0000,0.0000,0.0000,0.0000,0.0000,8,0,0,0,0,14,0,0,0,0
sc,zn1207,2012-06-29 09:12:55.000,14330.0000,14044,0,0.0000,0.0000,0,0,空换,S,14320.0000,0.0000,0.0000,0.0000,0.0000,14335.0000,0.0000,0.0000,0.0000,0.0000,8,0,0,0,0,14,0,0,0,0
sc,zn1207,2012-06-29 09:12:56.000,14330.0000,14044,0,0.0000,0.0000,0,0,空换,S,14320.0000,0.0000,0.0000,0.0000,0.0000,14335.0000,0.0000,0.0000,0.0000,0.0000,8,0,0,0,0,14,0,0,0,0
sc,zn1207,2012-06-29 09:12:58.500,14330.0000,14044,0,0.0000,0.0000,0,0,空换,S,14320.0000,0.0000,0.0000,0.0000,0.0000,14335.0000,0.0000,0.0000,0.0000,0.0000,4,0,0,0,0,22,0,0,0,0
sc,zn1207,2012-06-29 09:12:59.000,14330.0000,14044,0,0.0000,0.0000,0,0,空换,S,14280.0000,0.0000,0.0000,0.0000,0.0000,14335.0000,0.0000,0.0000,0.0000,0.0000,1,0,0,0,0,22,0,0,0,0
sc,zn1207,2012-06-29 09:12:59.500,14330.0000,14044,0,0.0000,0.0000,0,0,空换,S,14315.0000,0.0000,0.0000,0.0000,0.0000,14335.0000,0.0000,0.0000,0.0000,0.0000,4,0,0,0,0,22,0,0,0,0
sc,zn1207,2012-06-29 09:13:00.000,14330.0000,14044,0,0.0000,0.0000,0,0,空换,S,14315.0000,0.0000,0.0000,0.0000,0.0000,14335.0000,0.0000,0.0000,0.0000,0.0000,4,0,0,0,0,22,0,0,0,0
sc,zn1207,2012-06-29 09:13:01.000,14330.0000,14044,0,0.0000,0.0000,0,0,空换,S,14295.0000,0.0000,0.0000,0.0000,0.0000,14330.0000,0.0000,0.0000,0.0000,0.0000,3,0,0,0,0,8,0,0,0,0
sc,zn1207,2012-06-29 09:13:01.500,14330.0000,14044,0,0.0000,0.0000,0,0,空换,S,14310.0000,0.0000,0.0000,0.0000,0.0000,14330.0000,0.0000,0.0000,0.0000,0.0000,4,0,0,0,0,8,0,0,0,0
sc,zn1207,2012-06-29 09:13:02.000,14330.0000,14044,0,0.0000,0.0000,0,0,空换,S,14310.0000,0.0000,0.0000,0.0000,0.0000,14330.0000,0.0000,0.0000,0.0000,0.0000,4,0,0,0,0,8,0,0,0,0
sc,zn1207,2012-06-29 09:13:03.000,14330.0000,14044,0,0.0000,0.0000,0,0,空换,S,14295.0000,0.0000,0.0000,0.0000,0.0000,14325.0000,0.0000,0.0000,0.0000,0.0000,5,0,0,0,0,5,0,0,0,0
sc,zn1207,2012-06-29 09:13:03.500,14330.0000,14044,0,0.0000,0.0000,0,0,空换,S,14310.0000,0.0000,0.0000,0.0000,0.0000,14335.0000,0.0000,0.0000,0.0000,0.0000,4,0,0,0,0,14,0,0,0,0
sc,zn1207,2012-06-29 09:13:04.000,14330.0000,14044,0,0.0000,0.0000,0,0,空换,S,14310.0000,0.0000,0.0000,0.0000,0.0000,14330.0000,0.0000,0.0000,0.0000,0.0000,4,0,0,0,0,8,0,0,0,0
sc,zn1207,2012-06-29 09:13:04.500,14330.0000,14044,0,0.0000,0.0000,0,0,空换,S,14310.0000,0.0000,0.0000,0.0000,0.0000,14330.0000,0.0000,0.0000,0.0000,0.0000,4,0,0,0,0,8,0,0,0,0
sc,zn1207,2012-06-29 09:13:18.500,14330.0000,14044,0,0.0000,0.0000,0,0,空换,S,14315.0000,0.0000,0.0000,0.0000,0.0000,14335.0000,0.0000,0.0000,0.0000,0.0000,4,0,0,0,0,14,0,0,0,0
sc,zn1207,2012-06-29 09:13:19.000,14330.0000,14044,0,0.0000,0.0000,0,0,空换,S,14270.0000,0.0000,0.0000,0.0000,0.0000,14330.0000,0.0000,0.0000,0.0000,0.0000,1,0,0,0,0,5,0,0,0,0
sc,zn1207,2012-06-29 09:13:19.500,14330.0000,14044,0,0.0000,0.0000,0,0,空换,S,14310.0000,0.0000,0.0000,0.0000,0.0000,14330.0000,0.0000,0.0000,0.0000,0.0000,4,0,0,0,0,5,0,0,0,0
sc,zn1207,2012-06-29 09:13:20.000,14330.0000,14044,0,0.0000,0.0000,0,0,空换,S,14310.0000,0.0000,0.0000,0.0000,0.0000,14330.0000,0.0000,0.0000,0.0000,0.0000,4,0,0,0,0,5,0,0,0,0
sc,zn1207,2012-06-29 09:13:20.500,14330.0000,14044,0,0.0000,0.0000,0,0,空换,S,14310.0000,0.0000,0.0000,0.0000,0.0000,14330.0000,0.0000,0.0000,0.0000,0.0000,4,0,0,0,0,8,0,0,0,0
sc,zn1207,2012-06-29 09:13:21.000,14330.0000,14044,0,0.0000,0.0000,0,0,空换,S,14310.0000,0.0000,0.0000,0.0000,0.0000,14330.0000,0.0000,0.0000,0.0000,0.0000,4,0,0,0,0,8,0,0,0,0
sc,zn1207,2012-06-29 09:13:22.000,14330.0000,14044,0,0.0000,0.0000,0,0,空换,S,14310.0000,0.0000,0.0000,0.0000,0.0000,14330.0000,0.0000,0.0000,0.0000,0.0000,4,0,0,0,0,8,0,0,0,0
sc,zn1207,2012-06-29 09:13:22.500,14330.0000,14044,0,0.0000,0.0000,0,0,空换,S,14300.0000,0.0000,0.0000,0.0000,0.0000,14325.0000,0.0000,0.0000,0.0000,0.0000,5,0,0,0,0,8,0,0,0,0
sc,zn1207,2012-06-29 09:13:23.000,14330.0000,14044,0,0.0000,0.0000,0,0,空换,S,14310.0000,0.0000,0.0000,0.0000,0.0000,14325.0000,0.0000,0.0000,0.0000,0.0000,5,0,0,0,0,8,0,0,0,0
sc,zn1207,2012-06-29 09:13:27.000,14330.0000,14044,0,0.0000,0.0000,0,0,空换,S,14310.0000,0.0000,0.0000,0.0000,0.0000,14325.0000,0.0000,0.0000,0.0000,0.0000,9,0,0,0,0,8,0,0,0,0
sc,zn1207,2012-06-29 09:13:27.500,14310.0000,14042,-2,143100.0000,2.0000,0,2,双平,S,14275.0000,0.0000,0.0000,0.0000,0.0000,14320.0000,0.0000,0.0000,0.0000,0.0000,5,0,0,0,0,5,0,0,0,0
sc,zn1207,2012-06-29 09:13:28.000,14310.0000,14042,0,0.0000,0.0000,0,0,空换,S,14305.0000,0.0000,0.0000,0.0000,0.0000,14320.0000,0.0000,0.0000,0.0000,0.0000,4,0,0,0,0,8,0,0,0,0
sc,zn1207,2012-06-29 09:13:28.500,14310.0000,14042,0,0.0000,0.0000,0,0,空换,S,14305.0000,0.0000,0.0000,0.0000,0.0000,14320.0000,0.0000,0.0000,0.0000,0.0000,4,0,0,0,0,8,0,0,0,0
sc,zn1207,2012-06-29 09:13:29.000,14310.0000,14042,0,0.0000,0.0000,0,0,空换,S,14305.0000,0.0000,0.0000,0.0000,0.0000,14320.0000,0.0000,0.0000,0.0000,0.0000,4,0,0,0,0,8,0,0,0,0
sc,zn1207,2012-06-29 09:13:29.500,14310.0000,14042,0,0.0000,0.0000,0,0,空换,S,14305.0000,0.0000,0.0000,0.0000,0.0000,14320.0000,0.0000,0.0000,0.0000,0.0000,4,0,0,0,0,8,0,0,0,0
sc,zn1207,2012-06-29 09:13:32.000,14310.0000,14042,0,0.0000,0.0000,0,0,空换,S,14305.0000,0.0000,0.0000,0.0000,0.0000,14320.0000,0.0000,0.0000,0.0000,0.0000,4,0,0,0,0,8,0,0,0,0
sc,zn1207,2012-06-29 09:13:35.500,14310.0000,14042,0,0.0000,0.0000,0,0,空换,S,14305.0000,0.0000,0.0000,0.0000,0.0000,14320.0000,0.0000,0.0000,0.0000,0.0000,4,0,0,0,0,8,0,0,0,0
sc,zn1207,2012-06-29 09:13:41.500,14310.0000,14042,0,0.0000,0.0000,0,0,空换,S,14310.0000,0.0000,0.0000,0.0000,0.0000,14320.0000,0.0000,0.0000,0.0000,0.0000,1,0,0,0,0,8,0,0,0,0
sc,zn1207,2012-06-29 09:13:42.000,14310.0000,14042,0,0.0000,0.0000,0,0,空换,S,14310.0000,0.0000,0.0000,0.0000,0.0000,14320.0000,0.0000,0.0000,0.0000,0.0000,1,0,0,0,0,9,0,0,0,0
sc,zn1207,2012-06-29 09:13:49.000,14310.0000,14042,0,0.0000,0.0000,0,0,空换,S,14310.0000,0.0000,0.0000,0.0000,0.0000,14315.0000,0.0000,0.0000,0.0000,0.0000,1,0,0,0,0,8,0,0,0,0
sc,zn1207,2012-06-29 09:13:49.500,14310.0000,14042,0,0.0000,0.0000,0,0,空换,S,14310.0000,0.0000,0.0000,0.0000,0.0000,14315.0000,0.0000,0.0000,0.0000,0.0000,1,0,0,0,0,8,0,0,0,0
sc,zn1207,2012-06-29 09:13:56.500,14310.0000,14042,0,0.0000,0.0000,0,0,空换,S,14310.0000,0.0000,0.0000,0.0000,0.0000,14315.0000,0.0000,0.0000,0.0000,0.0000,1,0,0,0,0,8,0,0,0,0
sc,zn1207,2012-06-29 09:13:57.500,14310.0000,14042,0,143100.0000,2.0000,1,1,空换,S,14265.0000,0.0000,0.0000,0.0000,0.0000,14310.0000,0.0000,0.0000,0.0000,0.0000,1,0,0,0,0,2,0,0,0,0
sc,zn1207,2012-06-29 09:13:58.000,14310.0000,14042,0,0.0000,0.0000,0,0,空换,S,14295.0000,0.0000,0.0000,0.0000,0.0000,14310.0000,0.0000,0.0000,0.0000,0.0000,5,0,0,0,0,3,0,0,0,0
sc,zn1207,2012-06-29 09:13:58.500,14310.0000,14042,0,0.0000,0.0000,0,0,空换,S,14295.0000,0.0000,0.0000,0.0000,0.0000,14310.0000,0.0000,0.0000,0.0000,0.0000,5,0,0,0,0,3,0,0,0,0
sc,zn1207,2012-06-29 09:13:59.000,14310.0000,14042,0,0.0000,0.0000,0,0,空换,S,14300.0000,0.0000,0.0000,0.0000,0.0000,14310.0000,0.0000,0.0000,0.0000,0.0000,5,0,0,0,0,3,0,0,0,0
sc,zn1207,2012-06-29 09:13:59.500,14310.0000,14042,0,0.0000,0.0000,0,0,空换,S,14300.0000,0.0000,0.0000,0.0000,0.0000,14320.0000,0.0000,0.0000,0.0000,0.0000,5,0,0,0,0,1,0,0,0,0
sc,zn1207,2012-06-29 09:14:00.000,14310.0000,14042,0,0.0000,0.0000,0,0,空换,S,14300.0000,0.0000,0.0000,0.0000,0.0000,14315.0000,0.0000,0.0000,0.0000,0.0000,5,0,0,0,0,3,0,0,0,0
sc,zn1207,2012-06-29 09:14:09.000,14310.0000,14042,0,0.0000,0.0000,0,0,空换,S,14305.0000,0.0000,0.0000,0.0000,0.0000,14320.0000,0.0000,0.0000,0.0000,0.0000,5,0,0,0,0,1,0,0,0,0
sc,zn1207,2012-06-29 09:14:09.500,14310.0000,14042,0,0.0000,0.0000,0,0,空换,S,14305.0000,0.0000,0.0000,0.0000,0.0000,14320.0000,0.0000,0.0000,0.0000,0.0000,5,0,0,0,0,4,0,0,0,0
sc,zn1207,2012-06-29 09:14:15.000,14310.0000,14042,0,0.0000,0.0000,0,0,空换,S,14305.0000,0.0000,0.0000,0.0000,0.0000,14320.0000,0.0000,0.0000,0.0000,0.0000,5,0,0,0,0,1,0,0,0,0
sc,zn1207,2012-06-29 09:14:15.500,14310.0000,14042,0,0.0000,0.0000,0,0,空换,S,14310.0000,0.0000,0.0000,0.0000,0.0000,14320.0000,0.0000,0.0000,0.0000,0.0000,5,0,0,0,0,1,0,0,0,0
sc,zn1207,2012-06-29 09:14:16.000,14310.0000,14042,0,0.0000,0.0000,0,0,空换,S,14310.0000,0.0000,0.0000,0.0000,0.0000,14320.0000,0.0000,0.0000,0.0000,0.0000,5,0,0,0,0,1,0,0,0,0
sc,zn1207,2012-06-29 09:14:19.000,14310.0000,14038,-4,286200.0000,4.0000,0,4,双平,S,14310.0000,0.0000,0.0000,0.0000,0.0000,14320.0000,0.0000,0.0000,0.0000,0.0000,3,0,0,0,0,1,0,0,0,0
sc,zn1207,2012-06-29 09:14:20.000,14310.0000,14038,0,0.0000,0.0000,0,0,空换,S,14270.0000,0.0000,0.0000,0.0000,0.0000,14320.0000,0.0000,0.0000,0.0000,0.0000,1,0,0,0,0,9,0,0,0,0
sc,zn1207,2012-06-29 09:14:20.500,14310.0000,14038,0,0.0000,0.0000,0,0,空换,S,14305.0000,0.0000,0.0000,0.0000,0.0000,14320.0000,0.0000,0.0000,0.0000,0.0000,3,0,0,0,0,9,0,0,0,0
sc,zn1207,2012-06-29 09:14:21.000,14310.0000,14038,0,0.0000,0.0000,0,0,空换,S,14305.0000,0.0000,0.0000,0.0000,0.0000,14320.0000,0.0000,0.0000,0.0000,0.0000,3,0,0,0,0,9,0,0,0,0
sc,zn1207,2012-06-29 09:14:21.500,14310.0000,14038,0,0.0000,0.0000,0,0,空换,S,14305.0000,0.0000,0.0000,0.0000,0.0000,14320.0000,0.0000,0.0000,0.0000,0.0000,3,0,0,0,0,9,0,0,0,0
sc,zn1207,2012-06-29 09:14:22.000,14310.0000,14038,0,0.0000,0.0000,0,0,空换,S,14305.0000,0.0000,0.0000,0.0000,0.0000,14320.0000,0.0000,0.0000,0.0000,0.0000,3,0,0,0,0,9,0,0,0,0
sc,zn1207,2012-06-29 09:14:23.000,14310.0000,14038,0,0.0000,0.0000,0,0,空换,S,14305.0000,0.0000,0.0000,0.0000,0.0000,14310.0000,0.0000,0.0000,0.0000,0.0000,3,0,0,0,0,10,0,0,0,0
sc,zn1207,2012-06-29 09:14:23.500,14310.0000,14038,0,0.0000,0.0000,0,0,空换,S,14305.0000,0.0000,0.0000,0.0000,0.0000,14310.0000,0.0000,0.0000,0.0000,0.0000,3,0,0,0,0,10,0,0,0,0
sc,zn1207,2012-06-29 09:14:26.500,14310.0000,14038,0,0.0000,0.0000,0,0,空换,S,14300.0000,0.0000,0.0000,0.0000,0.0000,14310.0000,0.0000,0.0000,0.0000,0.0000,1,0,0,0,0,10,0,0,0,0
sc,zn1207,2012-06-29 09:14:27.000,14310.0000,14038,0,0.0000,0.0000,0,0,空换,S,14300.0000,0.0000,0.0000,0.0000,0.0000,14310.0000,0.0000,0.0000,0.0000,0.0000,4,0,0,0,0,10,0,0,0,0
sc,zn1207,2012-06-29 09:14:27.500,14310.0000,14038,0,0.0000,0.0000,0,0,空换,S,14300.0000,0.0000,0.0000,0.0000,0.0000,14310.0000,0.0000,0.0000,0.0000,0.0000,4,0,0,0,0,10,0,0,0,0
sc,zn1207,2012-06-29 09:14:29.500,14310.0000,14038,0,0.0000,0.0000,0,0,空换,S,14305.0000,0.0000,0.0000,0.0000,0.0000,14310.0000,0.0000,0.0000,0.0000,0.0000,3,0,0,0,0,10,0,0,0,0
sc,zn1207,2012-06-29 09:14:30.500,14310.0000,14038,0,0.0000,0.0000,0,0,空换,S,14300.0000,0.0000,0.0000,0.0000,0.0000,14310.0000,0.0000,0.0000,0.0000,0.0000,1,0,0,0,0,10,0,0,0,0
sc,zn1207,2012-06-29 09:14:31.000,14310.0000,14038,0,0.0000,0.0000,0,0,空换,S,14300.0000,0.0000,0.0000,0.0000,0.0000,14310.0000,0.0000,0.0000,0.0000,0.0000,4,0,0,0,0,10,0,0,0,0
sc,zn1207,2012-06-29 09:14:31.500,14310.0000,14038,0,0.0000,0.0000,0,0,空换,S,14305.0000,0.0000,0.0000,0.0000,0.0000,14310.0000,0.0000,0.0000,0.0000,0.0000,3,0,0,0,0,10,0,0,0,0
sc,zn1207,2012-06-29 09:14:33.000,14310.0000,14038,0,0.0000,0.0000,0,0,空换,S,14300.0000,0.0000,0.0000,0.0000,0.0000,14310.0000,0.0000,0.0000,0.0000,0.0000,1,0,0,0,0,10,0,0,0,0
sc,zn1207,2012-06-29 09:14:33.500,14310.0000,14038,0,0.0000,0.0000,0,0,空换,S,14300.0000,0.0000,0.0000,0.0000,0.0000,14310.0000,0.0000,0.0000,0.0000,0.0000,4,0,0,0,0,10,0,0,0,0
sc,zn1207,2012-06-29 09:14:37.000,14310.0000,14038,0,0.0000,0.0000,0,0,空换,S,14305.0000,0.0000,0.0000,0.0000,0.0000,14310.0000,0.0000,0.0000,0.0000,0.0000,3,0,0,0,0,10,0,0,0,0
sc,zn1207,2012-06-29 09:14:38.000,14310.0000,14038,0,0.0000,0.0000,0,0,空换,S,14300.0000,0.0000,0.0000,0.0000,0.0000,14310.0000,0.0000,0.0000,0.0000,0.0000,1,0,0,0,0,10,0,0,0,0
sc,zn1207,2012-06-29 09:14:38.500,14310.0000,14038,0,0.0000,0.0000,0,0,空换,S,14300.0000,0.0000,0.0000,0.0000,0.0000,14310.0000,0.0000,0.0000,0.0000,0.0000,4,0,0,0,0,10,0,0,0,0
sc,zn1207,2012-06-29 09:14:39.000,14310.0000,14038,0,0.0000,0.0000,0,0,空换,S,14300.0000,0.0000,0.0000,0.0000,0.0000,14310.0000,0.0000,0.0000,0.0000,0.0000,3,0,0,0,0,10,0,0,0,0
sc,zn1207,2012-06-29 09:14:41.000,14310.0000,14038,0,0.0000,0.0000,0,0,空换,S,14300.0000,0.0000,0.0000,0.0000,0.0000,14310.0000,0.0000,0.0000,0.0000,0.0000,3,0,0,0,0,10,0,0,0,0
sc,zn1207,2012-06-29 09:14:48.500,14310.0000,14038,0,0.0000,0.0000,0,0,空换,S,14300.0000,0.0000,0.0000,0.0000,0.0000,14310.0000,0.0000,0.0000,0.0000,0.0000,3,0,0,0,0,11,0,0,0,0
sc,zn1207,2012-06-29 09:14:51.500,14310.0000,14038,0,0.0000,0.0000,0,0,空换,S,14295.0000,0.0000,0.0000,0.0000,0.0000,14310.0000,0.0000,0.0000,0.0000,0.0000,1,0,0,0,0,19,0,0,0,0
sc,zn1207,2012-06-29 09:14:52.000,14310.0000,14038,0,0.0000,0.0000,0,0,空换,S,14295.0000,0.0000,0.0000,0.0000,0.0000,14310.0000,0.0000,0.0000,0.0000,0.0000,4,0,0,0,0,19,0,0,0,0
sc,zn1207,2012-06-29 09:14:52.500,14310.0000,14038,0,0.0000,0.0000,0,0,空换,S,14295.0000,0.0000,0.0000,0.0000,0.0000,14310.0000,0.0000,0.0000,0.0000,0.0000,3,0,0,0,0,19,0,0,0,0
sc,zn1207,2012-06-29 09:14:53.000,14310.0000,14038,0,0.0000,0.0000,0,0,空换,S,14300.0000,0.0000,0.0000,0.0000,0.0000,14310.0000,0.0000,0.0000,0.0000,0.0000,3,0,0,0,0,11,0,0,0,0
sc,zn1207,2012-06-29 09:14:57.500,14310.0000,14038,0,0.0000,0.0000,0,0,空换,S,14300.0000,0.0000,0.0000,0.0000,0.0000,14310.0000,0.0000,0.0000,0.0000,0.0000,3,0,0,0,0,11,0,0,0,0
sc,zn1207,2012-06-29 09:15:01.000,14310.0000,14038,0,0.0000,0.0000,0,0,空换,S,14300.0000,0.0000,0.0000,0.0000,0.0000,14310.0000,0.0000,0.0000,0.0000,0.0000,3,0,0,0,0,11,0,0,0,0
sc,zn1207,2012-06-29 09:15:05.500,14310.0000,14038,0,0.0000,0.0000,0,0,空换,S,14305.0000,0.0000,0.0000,0.0000,0.0000,14310.0000,0.0000,0.0000,0.0000,0.0000,3,0,0,0,0,11,0,0,0,0
sc,zn1207,2012-06-29 09:15:06.000,14310.0000,14038,0,0.0000,0.0000,0,0,空换,S,14305.0000,0.0000,0.0000,0.0000,0.0000,14310.0000,0.0000,0.0000,0.0000,0.0000,3,0,0,0,0,11,0,0,0,0
sc,zn1207,2012-06-29 09:15:12.500,14310.0000,14038,0,0.0000,0.0000,0,0,空换,S,14295.0000,0.0000,0.0000,0.0000,0.0000,14310.0000,0.0000,0.0000,0.0000,0.0000,5,0,0,0,0,11,0,0,0,0
sc,zn1207,2012-06-29 09:15:13.000,14310.0000,14038,0,0.0000,0.0000,0,0,空换,S,14300.0000,0.0000,0.0000,0.0000,0.0000,14310.0000,0.0000,0.0000,0.0000,0.0000,3,0,0,0,0,11,0,0,0,0
sc,zn1207,2012-06-29 09:15:13.500,14310.0000,14038,0,0.0000,0.0000,0,0,空换,S,14300.0000,0.0000,0.0000,0.0000,0.0000,14310.0000,0.0000,0.0000,0.0000,0.0000,3,0,0,0,0,11,0,0,0,0
sc,zn1207,2012-06-29 09:15:17.500,14310.0000,14038,0,0.0000,0.0000,0,0,空换,S,14305.0000,0.0000,0.0000,0.0000,0.0000,14310.0000,0.0000,0.0000,0.0000,0.0000,3,0,0,0,0,11,0,0,0,0
sc,zn1207,2012-06-29 09:15:18.000,14310.0000,14038,0,0.0000,0.0000,0,0,空换,S,14305.0000,0.0000,0.0000,0.0000,0.0000,14310.0000,0.0000,0.0000,0.0000,0.0000,3,0,0,0,0,10,0,0,0,0
sc,zn1207,2012-06-29 09:15:18.500,14305.0000,14036,-2,143050.0000,2.0000,0,2,双平,S,14305.0000,0.0000,0.0000,0.0000,0.0000,14310.0000,0.0000,0.0000,0.0000,0.0000,2,0,0,0,0,10,0,0,0,0
sc,zn1207,2012-06-29 09:15:22.500,14305.0000,14036,0,0.0000,0.0000,0,0,空换,S,14305.0000,0.0000,0.0000,0.0000,0.0000,14310.0000,0.0000,0.0000,0.0000,0.0000,2,0,0,0,0,10,0,0,0,0
sc,zn1207,2012-06-29 09:15:30.500,14310.0000,14016,-20,1431000.0000,20.0000,0,20,双平,B,14305.0000,0.0000,0.0000,0.0000,0.0000,14320.0000,0.0000,0.0000,0.0000,0.0000,2,0,0,0,0,1,0,0,0,0
sc,zn1207,2012-06-29 09:15:31.000,14310.0000,14016,0,0.0000,0.0000,0,0,多换,B,14305.0000,0.0000,0.0000,0.0000,0.0000,14320.0000,0.0000,0.0000,0.0000,0.0000,2,0,0,0,0,9,0,0,0,0
sc,zn1207,2012-06-29 09:15:31.500,14310.0000,14016,0,0.0000,0.0000,0,0,多换,B,14310.0000,0.0000,0.0000,0.0000,0.0000,14320.0000,0.0000,0.0000,0.0000,0.0000,2,0,0,0,0,4,0,0,0,0
sc,zn1207,2012-06-29 09:15:32.000,14310.0000,14016,0,0.0000,0.0000,0,0,多换,B,14310.0000,0.0000,0.0000,0.0000,0.0000,14320.0000,0.0000,0.0000,0.0000,0.0000,2,0,0,0,0,1,0,0,0,0
sc,zn1207,2012-06-29 09:15:32.500,14310.0000,14016,0,0.0000,0.0000,0,0,多换,B,14310.0000,0.0000,0.0000,0.0000,0.0000,14320.0000,0.0000,0.0000,0.0000,0.0000,2,0,0,0,0,1,0,0,0,0
sc,zn1207,2012-06-29 09:15:39.500,14310.0000,14016,0,0.0000,0.0000,0,0,多换,B,14315.0000,0.0000,0.0000,0.0000,0.0000,14320.0000,0.0000,0.0000,0.0000,0.0000,2,0,0,0,0,1,0,0,0,0
sc,zn1207,2012-06-29 09:15:40.000,14310.0000,14016,0,0.0000,0.0000,0,0,多换,B,14305.0000,0.0000,0.0000,0.0000,0.0000,14320.0000,0.0000,0.0000,0.0000,0.0000,5,0,0,0,0,1,0,0,0,0
sc,zn1207,2012-06-29 09:15:40.500,14310.0000,14016,0,0.0000,0.0000,0,0,多换,B,14310.0000,0.0000,0.0000,0.0000,0.0000,14320.0000,0.0000,0.0000,0.0000,0.0000,2,0,0,0,0,1,0,0,0,0
sc,zn1207,2012-06-29 09:15:41.000,14310.0000,14016,0,0.0000,0.0000,0,0,多换,B,14310.0000,0.0000,0.0000,0.0000,0.0000,14320.0000,0.0000,0.0000,0.0000,0.0000,2,0,0,0,0,1,0,0,0,0
sc,zn1207,2012-06-29 09:15:45.500,14310.0000,14016,0,0.0000,0.0000,0,0,多换,B,14310.0000,0.0000,0.0000,0.0000,0.0000,14320.0000,0.0000,0.0000,0.0000,0.0000,2,0,0,0,0,1,0,0,0,0
sc,zn1207,2012-06-29 09:15:53.000,14310.0000,14016,0,0.0000,0.0000,0,0,多换,B,14310.0000,0.0000,0.0000,0.0000,0.0000,14320.0000,0.0000,0.0000,0.0000,0.0000,2,0,0,0,0,1,0,0,0,0
sc,zn1207,2012-06-29 09:16:12.500,14310.0000,14012,-4,286200.0000,4.0000,0,4,双平,B,14305.0000,0.0000,0.0000,0.0000,0.0000,14310.0000,0.0000,0.0000,0.0000,0.0000,8,0,0,0,0,8,0,0,0,0
sc,zn1207,2012-06-29 09:16:13.000,14310.0000,14012,0,0.0000,0.0000,0,0,多换,B,14305.0000,0.0000,0.0000,0.0000,0.0000,14310.0000,0.0000,0.0000,0.0000,0.0000,13,0,0,0,0,8,0,0,0,0
sc,zn1207,2012-06-29 09:16:15.500,14310.0000,14012,0,0.0000,0.0000,0,0,多换,B,14305.0000,0.0000,0.0000,0.0000,0.0000,14310.0000,0.0000,0.0000,0.0000,0.0000,5,0,0,0,0,8,0,0,0,0
sc,zn1207,2012-06-29 09:16:17.500,14310.0000,14012,0,0.0000,0.0000,0,0,多换,B,14305.0000,0.0000,0.0000,0.0000,0.0000,14310.0000,0.0000,0.0000,0.0000,0.0000,10,0,0,0,0,8,0,0,0,0
sc,zn1207,2012-06-29 09:16:23.500,14310.0000,14012,0,0.0000,0.0000,0,0,多换,B,14305.0000,0.0000,0.0000,0.0000,0.0000,14310.0000,0.0000,0.0000,0.0000,0.0000,5,0,0,0,0,8,0,0,0,0
sc,zn1207,2012-06-29 09:16:30.000,14310.0000,14012,0,0.0000,0.0000,0,0,多换,B,14305.0000,0.0000,0.0000,0.0000,0.0000,14310.0000,0.0000,0.0000,0.0000,0.0000,10,0,0,0,0,8,0,0,0,0
sc,zn1207,2012-06-29 09:16:30.500,14310.0000,14012,0,0.0000,0.0000,0,0,多换,B,14305.0000,0.0000,0.0000,0.0000,0.0000,14310.0000,0.0000,0.0000,0.0000,0.0000,20,0,0,0,0,8,0,0,0,0
sc,zn1207,2012-06-29 09:16:42.500,14310.0000,14012,0,0.0000,0.0000,0,0,多换,B,14305.0000,0.0000,0.0000,0.0000,0.0000,14310.0000,0.0000,0.0000,0.0000,0.0000,15,0,0,0,0,8,0,0,0,0
sc,zn1207,2012-06-29 09:16:44.000,14310.0000,14012,0,0.0000,0.0000,0,0,多换,B,14305.0000,0.0000,0.0000,0.0000,0.0000,14310.0000,0.0000,0.0000,0.0000,0.0000,20,0,0,0,0,8,0,0,0,0
sc,zn1207,2012-06-29 09:16:44.500,14310.0000,14012,0,0.0000,0.0000,0,0,多换,B,14305.0000,0.0000,0.0000,0.0000,0.0000,14310.0000,0.0000,0.0000,0.0000,0.0000,15,0,0,0,0,8,0,0,0,0
sc,zn1207,2012-06-29 09:16:45.000,14310.0000,14012,0,0.0000,0.0000,0,0,多换,B,14305.0000,0.0000,0.0000,0.0000,0.0000,14310.0000,0.0000,0.0000,0.0000,0.0000,20,0,0,0,0,8,0,0,0,0
sc,zn1207,2012-06-29 09:16:48.000,14310.0000,14012,0,0.0000,0.0000,0,0,多换,B,14305.0000,0.0000,0.0000,0.0000,0.0000,14310.0000,0.0000,0.0000,0.0000,0.0000,15,0,0,0,0,8,0,0,0,0
sc,zn1207,2012-06-29 09:16:50.000,14310.0000,14012,0,0.0000,0.0000,0,0,多换,B,14305.0000,0.0000,0.0000,0.0000,0.0000,14310.0000,0.0000,0.0000,0.0000,0.0000,20,0,0,0,0,8,0,0,0,0
sc,zn1207,2012-06-29 09:16:52.500,14310.0000,14012,0,0.0000,0.0000,0,0,多换,B,14305.0000,0.0000,0.0000,0.0000,0.0000,14310.0000,0.0000,0.0000,0.0000,0.0000,15,0,0,0,0,8,0,0,0,0
sc,zn1207,2012-06-29 09:16:57.500,14310.0000,14012,0,0.0000,0.0000,0,0,多换,B,14305.0000,0.0000,0.0000,0.0000,0.0000,14310.0000,0.0000,0.0000,0.0000,0.0000,5,0,0,0,0,8,0,0,0,0
sc,zn1207,2012-06-29 09:17:02.000,14310.0000,14012,0,0.0000,0.0000,0,0,多换,B,14295.0000,0.0000,0.0000,0.0000,0.0000,14310.0000,0.0000,0.0000,0.0000,0.0000,5,0,0,0,0,8,0,0,0,0
sc,zn1207,2012-06-29 09:17:02.500,14310.0000,14012,0,0.0000,0.0000,0,0,多换,B,14305.0000,0.0000,0.0000,0.0000,0.0000,14310.0000,0.0000,0.0000,0.0000,0.0000,5,0,0,0,0,8,0,0,0,0
sc,zn1207,2012-06-29 09:17:03.000,14310.0000,14012,0,0.0000,0.0000,0,0,多换,B,14300.0000,0.0000,0.0000,0.0000,0.0000,14310.0000,0.0000,0.0000,0.0000,0.0000,13,0,0,0,0,8,0,0,0,0
sc,zn1207,2012-06-29 09:17:03.500,14310.0000,14012,0,0.0000,0.0000,0,0,多换,B,14300.0000,0.0000,0.0000,0.0000,0.0000,14310.0000,0.0000,0.0000,0.0000,0.0000,13,0,0,0,0,8,0,0,0,0
sc,zn1207,2012-06-29 09:17:04.000,14310.0000,14012,0,0.0000,0.0000,0,0,多换,B,14300.0000,0.0000,0.0000,0.0000,0.0000,14310.0000,0.0000,0.0000,0.0000,0.0000,8,0,0,0,0,8,0,0,0,0
sc,zn1207,2012-06-29 09:17:07.000,14310.0000,14012,0,0.0000,0.0000,0,0,多换,B,14300.0000,0.0000,0.0000,0.0000,0.0000,14310.0000,0.0000,0.0000,0.0000,0.0000,13,0,0,0,0,8,0,0,0,0
sc,zn1207,2012-06-29 09:17:12.000,14310.0000,14012,0,0.0000,0.0000,0,0,多换,B,14305.0000,0.0000,0.0000,0.0000,0.0000,14310.0000,0.0000,0.0000,0.0000,0.0000,5,0,0,0,0,8,0,0,0,0
sc,zn1207,2012-06-29 09:17:18.500,14310.0000,13996,-16,1144800.0000,16.0000,0,16,双平,B,14310.0000,0.0000,0.0000,0.0000,0.0000,14320.0000,0.0000,0.0000,0.0000,0.0000,2,0,0,0,0,6,0,0,0,0
sc,zn1207,2012-06-29 09:17:19.000,14310.0000,13996,0,0.0000,0.0000,0,0,多换,B,14310.0000,0.0000,0.0000,0.0000,0.0000,14320.0000,0.0000,0.0000,0.0000,0.0000,2,0,0,0,0,6,0,0,0,0
sc,zn1207,2012-06-29 09:17:19.500,14310.0000,13996,0,0.0000,0.0000,0,0,多换,B,14310.0000,0.0000,0.0000,0.0000,0.0000,14315.0000,0.0000,0.0000,0.0000,0.0000,2,0,0,0,0,5,0,0,0,0
sc,zn1207,2012-06-29 09:17:21.000,14310.0000,13996,0,0.0000,0.0000,0,0,多换,B,14310.0000,0.0000,0.0000,0.0000,0.0000,14315.0000,0.0000,0.0000,0.0000,0.0000,2,0,0,0,0,5,0,0,0,0
sc,zn1207,2012-06-29 09:17:30.000,14310.0000,13996,0,0.0000,0.0000,0,0,多换,B,14310.0000,0.0000,0.0000,0.0000,0.0000,14315.0000,0.0000,0.0000,0.0000,0.0000,2,0,0,0,0,5,0,0,0,0
sc,zn1207,2012-06-29 09:17:51.000,14310.0000,13996,0,0.0000,0.0000,0,0,多换,B,14310.0000,0.0000,0.0000,0.0000,0.0000,14315.0000,0.0000,0.0000,0.0000,0.0000,2,0,0,0,0,24,0,0,0,0
sc,zn1207,2012-06-29 09:18:05.500,14310.0000,13992,-4,286200.0000,4.0000,0,4,双平,B,14300.0000,0.0000,0.0000,0.0000,0.0000,14315.0000,0.0000,0.0000,0.0000,0.0000,41,0,0,0,0,24,0,0,0,0
sc,zn1207,2012-06-29 09:18:06.000,14310.0000,13992,0,0.0000,0.0000,0,0,多换,B,14300.0000,0.0000,0.0000,0.0000,0.0000,14315.0000,0.0000,0.0000,0.0000,0.0000,46,0,0,0,0,24,0,0,0,0
sc,zn1207,2012-06-29 09:18:30.500,14310.0000,13992,0,0.0000,0.0000,0,0,多换,B,14305.0000,0.0000,0.0000,0.0000,0.0000,14315.0000,0.0000,0.0000,0.0000,0.0000,5,0,0,0,0,19,0,0,0,0
sc,zn1207,2012-06-29 09:18:45.000,14310.0000,13992,0,0.0000,0.0000,0,0,多换,B,14305.0000,0.0000,0.0000,0.0000,0.0000,14315.0000,0.0000,0.0000,0.0000,0.0000,8,0,0,0,0,19,0,0,0,0
sc,zn1207,2012-06-29 09:18:55.000,14305.0000,13986,-6,1144400.0000,16.0000,5,11,多平,S,14300.0000,0.0000,0.0000,0.0000,0.0000,14305.0000,0.0000,0.0000,0.0000,0.0000,41,0,0,0,0,7,0,0,0,0
sc,zn1207,2012-06-29 09:18:55.500,14305.0000,13974,-12,858300.0000,12.0000,0,12,双平,S,14300.0000,0.0000,0.0000,0.0000,0.0000,14305.0000,0.0000,0.0000,0.0000,0.0000,46,0,0,0,0,1,0,0,0,0
sc,zn1207,2012-06-29 09:18:56.000,14305.0000,13974,0,143050.0000,2.0000,1,1,空换,S,14300.0000,0.0000,0.0000,0.0000,0.0000,14315.0000,0.0000,0.0000,0.0000,0.0000,46,0,0,0,0,19,0,0,0,0
sc,zn1207,2012-06-29 09:18:57.000,14305.0000,13974,0,0.0000,0.0000,0,0,空换,S,14300.0000,0.0000,0.0000,0.0000,0.0000,14315.0000,0.0000,0.0000,0.0000,0.0000,46,0,0,0,0,24,0,0,0,0
sc,zn1207,2012-06-29 09:19:10.000,14305.0000,13974,0,0.0000,0.0000,0,0,空换,S,14305.0000,0.0000,0.0000,0.0000,0.0000,14315.0000,0.0000,0.0000,0.0000,0.0000,3,0,0,0,0,24,0,0,0,0
sc,zn1207,2012-06-29 09:19:15.500,14305.0000,13974,0,0.0000,0.0000,0,0,空换,S,14310.0000,0.0000,0.0000,0.0000,0.0000,14315.0000,0.0000,0.0000,0.0000,0.0000,10,0,0,0,0,24,0,0,0,0
sc,zn1207,2012-06-29 09:19:47.000,14305.0000,13974,0,0.0000,0.0000,0,0,空换,S,14310.0000,0.0000,0.0000,0.0000,0.0000,14315.0000,0.0000,0.0000,0.0000,0.0000,10,0,0,0,0,24,0,0,0,0
sc,zn1207,2012-06-29 09:19:48.000,14315.0000,13964,-10,715750.0000,10.0000,0,10,双平,B,14310.0000,0.0000,0.0000,0.0000,0.0000,14315.0000,0.0000,0.0000,0.0000,0.0000,10,0,0,0,0,19,0,0,0,0
sc,zn1207,2012-06-29 09:19:54.500,14315.0000,13964,0,0.0000,0.0000,0,0,多换,B,14310.0000,0.0000,0.0000,0.0000,0.0000,14315.0000,0.0000,0.0000,0.0000,0.0000,10,0,0,0,0,19,0,0,0,0
sc,zn1207,2012-06-29 09:19:59.500,14315.0000,13964,0,0.0000,0.0000,0,0,多换,B,14310.0000,0.0000,0.0000,0.0000,0.0000,14315.0000,0.0000,0.0000,0.0000,0.0000,10,0,0,0,0,19,0,0,0,0
sc,zn1207,2012-06-29 09:20:02.000,14310.0000,13952,-12,858600.0000,12.0000,0,12,双平,S,14310.0000,0.0000,0.0000,0.0000,0.0000,14315.0000,0.0000,0.0000,0.0000,0.0000,4,0,0,0,0,19,0,0,0,0
sc,zn1207,2012-06-29 09:20:10.000,14315.0000,13942,-10,715750.0000,10.0000,0,10,双平,B,14310.0000,0.0000,0.0000,0.0000,0.0000,14315.0000,0.0000,0.0000,0.0000,0.0000,4,0,0,0,0,14,0,0,0,0
sc,zn1207,2012-06-29 09:20:15.500,14310.0000,13934,-8,572400.0000,8.0000,0,8,双平,S,14305.0000,0.0000,0.0000,0.0000,0.0000,14310.0000,0.0000,0.0000,0.0000,0.0000,5,0,0,0,0,2,0,0,0,0
sc,zn1207,2012-06-29 09:20:16.500,14310.0000,13934,0,0.0000,0.0000,0,0,空换,S,14305.0000,0.0000,0.0000,0.0000,0.0000,14310.0000,0.0000,0.0000,0.0000,0.0000,4,0,0,0,0,2,0,0,0,0
sc,zn1207,2012-06-29 09:20:17.500,14310.0000,13934,0,0.0000,0.0000,0,0,空换,S,14300.0000,0.0000,0.0000,0.0000,0.0000,14310.0000,0.0000,0.0000,0.0000,0.0000,41,0,0,0,0,2,0,0,0,0
sc,zn1207,2012-06-29 09:20:20.500,14310.0000,13934,0,0.0000,0.0000,0,0,空换,S,14305.0000,0.0000,0.0000,0.0000,0.0000,14310.0000,0.0000,0.0000,0.0000,0.0000,5,0,0,0,0,2,0,0,0,0
sc,zn1207,2012-06-29 09:20:25.500,14310.0000,13930,-4,286200.0000,4.0000,0,4,双平,S,14310.0000,0.0000,0.0000,0.0000,0.0000,14315.0000,0.0000,0.0000,0.0000,0.0000,3,0,0,0,0,9,0,0,0,0
sc,zn1207,2012-06-29 09:20:33.000,14310.0000,13930,0,0.0000,0.0000,0,0,空换,S,14310.0000,0.0000,0.0000,0.0000,0.0000,14315.0000,0.0000,0.0000,0.0000,0.0000,3,0,0,0,0,9,0,0,0,0
sc,zn1207,2012-06-29 09:20:36.500,14310.0000,13930,0,0.0000,0.0000,0,0,空换,S,14305.0000,0.0000,0.0000,0.0000,0.0000,14315.0000,0.0000,0.0000,0.0000,0.0000,10,0,0,0,0,9,0,0,0,0
sc,zn1207,2012-06-29 09:20:42.000,14315.0000,13924,-6,429450.0000,6.0000,0,6,双平,B,14305.0000,0.0000,0.0000,0.0000,0.0000,14315.0000,0.0000,0.0000,0.0000,0.0000,10,0,0,0,0,6,0,0,0,0
sc,zn1207,2012-06-29 09:20:48.000,14315.0000,13924,0,0.0000,0.0000,0,0,多换,B,14305.0000,0.0000,0.0000,0.0000,0.0000,14315.0000,0.0000,0.0000,0.0000,0.0000,6,0,0,0,0,6,0,0,0,0
sc,zn1207,2012-06-29 09:20:51.500,14315.0000,13924,0,0.0000,0.0000,0,0,多换,B,14310.0000,0.0000,0.0000,0.0000,0.0000,14315.0000,0.0000,0.0000,0.0000,0.0000,10,0,0,0,0,6,0,0,0,0
sc,zn1207,2012-06-29 09:20:57.000,14315.0000,13914,-10,715750.0000,10.0000,0,10,双平,B,14310.0000,0.0000,0.0000,0.0000,0.0000,14315.0000,0.0000,0.0000,0.0000,0.0000,10,0,0,0,0,1,0,0,0,0
sc,zn1207,2012-06-29 09:21:03.500,14315.0000,13914,0,0.0000,0.0000,0,0,多换,B,14310.0000,0.0000,0.0000,0.0000,0.0000,14315.0000,0.0000,0.0000,0.0000,0.0000,10,0,0,0,0,1,0,0,0,0
sc,zn1207,2012-06-29 09:21:15.500,14315.0000,13912,-2,143150.0000,2.0000,0,2,双平,B,14315.0000,0.0000,0.0000,0.0000,0.0000,14320.0000,0.0000,0.0000,0.0000,0.0000,4,0,0,0,0,1,0,0,0,0
sc,zn1207,2012-06-29 09:21:16.000,14315.0000,13912,0,0.0000,0.0000,0,0,多换,B,14315.0000,0.0000,0.0000,0.0000,0.0000,14320.0000,0.0000,0.0000,0.0000,0.0000,4,0,0,0,0,6,0,0,0,0
sc,zn1207,2012-06-29 09:21:16.500,14315.0000,13912,0,0.0000,0.0000,0,0,多换,B,14315.0000,0.0000,0.0000,0.0000,0.0000,14320.0000,0.0000,0.0000,0.0000,0.0000,4,0,0,0,0,6,0,0,0,0
sc,zn1207,2012-06-29 09:21:25.000,14315.0000,13912,0,0.0000,0.0000,0,0,多换,B,14310.0000,0.0000,0.0000,0.0000,0.0000,14320.0000,0.0000,0.0000,0.0000,0.0000,10,0,0,0,0,6,0,0,0,0
sc,zn1207,2012-06-29 09:21:33.000,14315.0000,13912,0,0.0000,0.0000,0,0,多换,B,14310.0000,0.0000,0.0000,0.0000,0.0000,14320.0000,0.0000,0.0000,0.0000,0.0000,10,0,0,0,0,6,0,0,0,0
sc,zn1207,2012-06-29 09:21:33.500,14315.0000,13912,0,0.0000,0.0000,0,0,多换,B,14310.0000,0.0000,0.0000,0.0000,0.0000,14320.0000,0.0000,0.0000,0.0000,0.0000,10,0,0,0,0,6,0,0,0,0
sc,zn1207,2012-06-29 09:21:37.000,14315.0000,13912,0,0.0000,0.0000,0,0,多换,B,14310.0000,0.0000,0.0000,0.0000,0.0000,14320.0000,0.0000,0.0000,0.0000,0.0000,10,0,0,0,0,6,0,0,0,0
sc,zn1207,2012-06-29 09:21:39.500,14320.0000,13910,-2,572800.0000,8.0000,3,5,空平,B,14310.0000,0.0000,0.0000,0.0000,0.0000,14335.0000,0.0000,0.0000,0.0000,0.0000,13,0,0,0,0,14,0,0,0,0
sc,zn1207,2012-06-29 09:21:40.000,14320.0000,13910,0,0.0000,0.0000,0,0,多换,B,14310.0000,0.0000,0.0000,0.0000,0.0000,14325.0000,0.0000,0.0000,0.0000,0.0000,13,0,0,0,0,5,0,0,0,0
sc,zn1207,2012-06-29 09:21:42.000,14320.0000,13910,0,0.0000,0.0000,0,0,多换,B,14310.0000,0.0000,0.0000,0.0000,0.0000,14325.0000,0.0000,0.0000,0.0000,0.0000,13,0,0,0,0,5,0,0,0,0
sc,zn1207,2012-06-29 09:22:11.500,14320.0000,13910,0,0.0000,0.0000,0,0,多换,B,14310.0000,0.0000,0.0000,0.0000,0.0000,14325.0000,0.0000,0.0000,0.0000,0.0000,10,0,0,0,0,5,0,0,0,0
sc,zn1207,2012-06-29 09:22:14.500,14320.0000,13910,0,0.0000,0.0000,0,0,多换,B,14310.0000,0.0000,0.0000,0.0000,0.0000,14320.0000,0.0000,0.0000,0.0000,0.0000,10,0,0,0,0,5,0,0,0,0
sc,zn1207,2012-06-29 09:22:15.000,14320.0000,13910,0,0.0000,0.0000,0,0,多换,B,14310.0000,0.0000,0.0000,0.0000,0.0000,14320.0000,0.0000,0.0000,0.0000,0.0000,10,0,0,0,0,5,0,0,0,0
sc,zn1207,2012-06-29 09:22:26.000,14320.0000,13910,0,716000.0000,10.0000,5,5,多换,B,14310.0000,0.0000,0.0000,0.0000,0.0000,14325.0000,0.0000,0.0000,0.0000,0.0000,10,0,0,0,0,5,0,0,0,0
sc,zn1207,2012-06-29 09:22:26.500,14320.0000,13910,0,0.0000,0.0000,0,0,多换,B,14310.0000,0.0000,0.0000,0.0000,0.0000,14325.0000,0.0000,0.0000,0.0000,0.0000,10,0,0,0,0,10,0,0,0,0
sc,zn1207,2012-06-29 09:22:30.000,14320.0000,13910,0,0.0000,0.0000,0,0,多换,B,14310.0000,0.0000,0.0000,0.0000,0.0000,14325.0000,0.0000,0.0000,0.0000,0.0000,10,0,0,0,0,10,0,0,0,0
sc,zn1207,2012-06-29 09:22:37.500,14320.0000,13910,0,0.0000,0.0000,0,0,多换,B,14310.0000,0.0000,0.0000,0.0000,0.0000,14325.0000,0.0000,0.0000,0.0000,0.0000,10,0,0,0,0,5,0,0,0,0
sc,zn1207,2012-06-29 09:22:42.000,14320.0000,13910,0,0.0000,0.0000,0,0,多换,B,14310.0000,0.0000,0.0000,0.0000,0.0000,14325.0000,0.0000,0.0000,0.0000,0.0000,18,0,0,0,0,5,0,0,0,0
sc,zn1207,2012-06-29 09:22:55.500,14310.0000,13910,0,858600.0000,12.0000,6,6,空换,S,14310.0000,0.0000,0.0000,0.0000,0.0000,14320.0000,0.0000,0.0000,0.0000,0.0000,4,0,0,0,0,5,0,0,0,0
