市场代码,合约代码,时间,最新,持仓,增仓,成交额,成交量,开仓,平仓,成交类型,方向,买一价,买二价,买三价,买四价,买五价,卖一价,卖二价,卖三价,卖四价,卖五价,买一量,买二量,买三量,买四量,买五量,卖一量,卖二量,卖三量,卖四量,卖五量
sc,zn1302,2012-06-29 07:36:29.500,14455.0000,430,0,0.0000,0.0000,0,0,多换,B,0.0000,0.0000,0.0000,0.0000,0.0000,0.0000,0.0000,0.0000,0.0000,0.0000,0,0,0,0,0,0,0,0,0,0
sc,zn1302,2012-06-29 08:59:00.500,14455.0000,430,0,0.0000,0.0000,0,0,多换,B,13820.0000,0.0000,0.0000,0.0000,0.0000,15150.0000,0.0000,0.0000,0.0000,0.0000,4,0,0,0,0,4,0,0,0,0
sc,zn1302,2012-06-29 09:00:01.000,14455.0000,430,0,0.0000,0.0000,0,0,多换,B,13825.0000,0.0000,0.0000,0.0000,0.0000,15150.0000,0.0000,0.0000,0.0000,0.0000,1,0,0,0,0,4,0,0,0,0
sc,zn1302,2012-06-29 09:00:01.500,14455.0000,430,0,0.0000,0.0000,0,0,多换,B,13830.0000,0.0000,0.0000,0.0000,0.0000,15145.0000,0.0000,0.0000,0.0000,0.0000,8,0,0,0,0,11,0,0,0,0
sc,zn1302,2012-06-29 09:00:02.000,14455.0000,430,0,0.0000,0.0000,0,0,多换,B,13830.0000,0.0000,0.0000,0.0000,0.0000,15145.0000,0.0000,0.0000,0.0000,0.0000,8,0,0,0,0,11,0,0,0,0
sc,zn1302,2012-06-29 09:00:02.500,14455.0000,430,0,0.0000,0.0000,0,0,多换,B,13835.0000,0.0000,0.0000,0.0000,0.0000,15145.0000,0.0000,0.0000,0.0000,0.0000,10,0,0,0,0,11,0,0,0,0
sc,zn1302,2012-06-29 09:00:03.000,14455.0000,430,0,0.0000,0.0000,0,0,多换,B,13835.0000,0.0000,0.0000,0.0000,0.0000,15130.0000,0.0000,0.0000,0.0000,0.0000,10,0,0,0,0,10,0,0,0,0
sc,zn1302,2012-06-29 09:00:03.500,14455.0000,430,0,0.0000,0.0000,0,0,多换,B,13835.0000,0.0000,0.0000,0.0000,0.0000,15130.0000,0.0000,0.0000,0.0000,0.0000,11,0,0,0,0,10,0,0,0,0
sc,zn1302,2012-06-29 09:00:04.000,14455.0000,430,0,0.0000,0.0000,0,0,多换,B,13835.0000,0.0000,0.0000,0.0000,0.0000,15125.0000,0.0000,0.0000,0.0000,0.0000,11,0,0,0,0,10,0,0,0,0
sc,zn1302,2012-06-29 09:00:04.500,14455.0000,430,0,0.0000,0.0000,0,0,多换,B,13835.0000,0.0000,0.0000,0.0000,0.0000,15125.0000,0.0000,0.0000,0.0000,0.0000,11,0,0,0,0,11,0,0,0,0
sc,zn1302,2012-06-29 09:00:05.000,14455.0000,430,0,0.0000,0.0000,0,0,多换,B,13850.0000,0.0000,0.0000,0.0000,0.0000,15115.0000,0.0000,0.0000,0.0000,0.0000,10,0,0,0,0,10,0,0,0,0
sc,zn1302,2012-06-29 09:00:05.500,14455.0000,430,0,0.0000,0.0000,0,0,多换,B,13855.0000,0.0000,0.0000,0.0000,0.0000,15110.0000,0.0000,0.0000,0.0000,0.0000,11,0,0,0,0,10,0,0,0,0
sc,zn1302,2012-06-29 09:00:06.000,14455.0000,430,0,0.0000,0.0000,0,0,多换,B,13855.0000,0.0000,0.0000,0.0000,0.0000,15110.0000,0.0000,0.0000,0.0000,0.0000,11,0,0,0,0,10,0,0,0,0
sc,zn1302,2012-06-29 09:00:06.500,14455.0000,430,0,0.0000,0.0000,0,0,多换,B,13855.0000,0.0000,0.0000,0.0000,0.0000,14820.0000,0.0000,0.0000,0.0000,0.0000,11,0,0,0,0,1,0,0,0,0
sc,zn1302,2012-06-29 09:00:07.000,14455.0000,430,0,0.0000,0.0000,0,0,多换,B,13855.0000,0.0000,0.0000,0.0000,0.0000,14820.0000,0.0000,0.0000,0.0000,0.0000,11,0,0,0,0,1,0,0,0,0
sc,zn1302,2012-06-29 09:00:07.500,14455.0000,430,0,0.0000,0.0000,0,0,多换,B,13855.0000,0.0000,0.0000,0.0000,0.0000,14815.0000,0.0000,0.0000,0.0000,0.0000,11,0,0,0,0,18,0,0,0,0
sc,zn1302,2012-06-29 09:00:08.000,14455.0000,430,0,0.0000,0.0000,0,0,多换,B,13855.0000,0.0000,0.0000,0.0000,0.0000,14815.0000,0.0000,0.0000,0.0000,0.0000,12,0,0,0,0,18,0,0,0,0
sc,zn1302,2012-06-29 09:00:08.500,14455.0000,430,0,0.0000,0.0000,0,0,多换,B,13855.0000,0.0000,0.0000,0.0000,0.0000,14815.0000,0.0000,0.0000,0.0000,0.0000,12,0,0,0,0,19,0,0,0,0
sc,zn1302,2012-06-29 09:00:09.000,14455.0000,430,0,0.0000,0.0000,0,0,多换,B,13855.0000,0.0000,0.0000,0.0000,0.0000,14765.0000,0.0000,0.0000,0.0000,0.0000,12,0,0,0,0,10,0,0,0,0
sc,zn1302,2012-06-29 09:00:09.500,14455.0000,430,0,0.0000,0.0000,0,0,多换,B,13855.0000,0.0000,0.0000,0.0000,0.0000,14760.0000,0.0000,0.0000,0.0000,0.0000,12,0,0,0,0,10,0,0,0,0
sc,zn1302,2012-06-29 09:00:10.000,14455.0000,430,0,0.0000,0.0000,0,0,多换,B,13870.0000,0.0000,0.0000,0.0000,0.0000,14755.0000,0.0000,0.0000,0.0000,0.0000,10,0,0,0,0,8,0,0,0,0
sc,zn1302,2012-06-29 09:00:10.500,14455.0000,430,0,0.0000,0.0000,0,0,多换,B,13875.0000,0.0000,0.0000,0.0000,0.0000,14755.0000,0.0000,0.0000,0.0000,0.0000,1,0,0,0,0,8,0,0,0,0
sc,zn1302,2012-06-29 09:00:11.000,14455.0000,430,0,0.0000,0.0000,0,0,多换,B,13875.0000,0.0000,0.0000,0.0000,0.0000,14745.0000,0.0000,0.0000,0.0000,0.0000,11,0,0,0,0,10,0,0,0,0
sc,zn1302,2012-06-29 09:00:11.500,14455.0000,430,0,0.0000,0.0000,0,0,多换,B,13880.0000,0.0000,0.0000,0.0000,0.0000,14745.0000,0.0000,0.0000,0.0000,0.0000,8,0,0,0,0,10,0,0,0,0
sc,zn1302,2012-06-29 09:00:12.000,14455.0000,430,0,0.0000,0.0000,0,0,多换,B,13885.0000,0.0000,0.0000,0.0000,0.0000,14740.0000,0.0000,0.0000,0.0000,0.0000,1,0,0,0,0,10,0,0,0,0
sc,zn1302,2012-06-29 09:00:12.500,14455.0000,430,0,0.0000,0.0000,0,0,多换,B,14270.0000,0.0000,0.0000,0.0000,0.0000,14720.0000,0.0000,0.0000,0.0000,0.0000,1,0,0,0,0,1,0,0,0,0
sc,zn1302,2012-06-29 09:00:13.000,14455.0000,430,0,0.0000,0.0000,0,0,多换,B,14275.0000,0.0000,0.0000,0.0000,0.0000,14720.0000,0.0000,0.0000,0.0000,0.0000,1,0,0,0,0,1,0,0,0,0
sc,zn1302,2012-06-29 09:00:13.500,14455.0000,430,0,0.0000,0.0000,0,0,多换,B,14285.0000,0.0000,0.0000,0.0000,0.0000,14720.0000,0.0000,0.0000,0.0000,0.0000,10,0,0,0,0,1,0,0,0,0
sc,zn1302,2012-06-29 09:00:14.000,14455.0000,430,0,0.0000,0.0000,0,0,多换,B,14290.0000,0.0000,0.0000,0.0000,0.0000,14705.0000,0.0000,0.0000,0.0000,0.0000,1,0,0,0,0,10,0,0,0,0
sc,zn1302,2012-06-29 09:00:14.500,14455.0000,430,0,0.0000,0.0000,0,0,多换,B,14290.0000,0.0000,0.0000,0.0000,0.0000,14705.0000,0.0000,0.0000,0.0000,0.0000,11,0,0,0,0,10,0,0,0,0
sc,zn1302,2012-06-29 09:00:15.000,14455.0000,430,0,0.0000,0.0000,0,0,多换,B,14290.0000,0.0000,0.0000,0.0000,0.0000,14690.0000,0.0000,0.0000,0.0000,0.0000,11,0,0,0,0,10,0,0,0,0
sc,zn1302,2012-06-29 09:00:15.500,14455.0000,430,0,0.0000,0.0000,0,0,多换,B,14305.0000,0.0000,0.0000,0.0000,0.0000,14690.0000,0.0000,0.0000,0.0000,0.0000,10,0,0,0,0,10,0,0,0,0
sc,zn1302,2012-06-29 09:00:16.000,14455.0000,430,0,0.0000,0.0000,0,0,多换,B,14310.0000,0.0000,0.0000,0.0000,0.0000,14670.0000,0.0000,0.0000,0.0000,0.0000,1,0,0,0,0,10,0,0,0,0
sc,zn1302,2012-06-29 09:00:16.500,14455.0000,430,0,0.0000,0.0000,0,0,多换,B,14310.0000,0.0000,0.0000,0.0000,0.0000,14670.0000,0.0000,0.0000,0.0000,0.0000,1,0,0,0,0,10,0,0,0,0
sc,zn1302,2012-06-29 09:00:17.000,14455.0000,430,0,0.0000,0.0000,0,0,多换,B,14325.0000,0.0000,0.0000,0.0000,0.0000,14670.0000,0.0000,0.0000,0.0000,0.0000,10,0,0,0,0,10,0,0,0,0
sc,zn1302,2012-06-29 09:00:17.500,14455.0000,430,0,0.0000,0.0000,0,0,多换,B,14330.0000,0.0000,0.0000,0.0000,0.0000,14665.0000,0.0000,0.0000,0.0000,0.0000,1,0,0,0,0,8,0,0,0,0
sc,zn1302,2012-06-29 09:00:18.000,14455.0000,430,0,0.0000,0.0000,0,0,多换,B,14330.0000,0.0000,0.0000,0.0000,0.0000,14660.0000,0.0000,0.0000,0.0000,0.0000,1,0,0,0,0,10,0,0,0,0
sc,zn1302,2012-06-29 09:00:18.500,14455.0000,430,0,0.0000,0.0000,0,0,多换,B,14330.0000,0.0000,0.0000,0.0000,0.0000,14650.0000,0.0000,0.0000,0.0000,0.0000,1,0,0,0,0,10,0,0,0,0
sc,zn1302,2012-06-29 09:00:19.000,14455.0000,430,0,0.0000,0.0000,0,0,多换,B,14335.0000,0.0000,0.0000,0.0000,0.0000,14650.0000,0.0000,0.0000,0.0000,0.0000,10,0,0,0,0,10,0,0,0,0
sc,zn1302,2012-06-29 09:00:19.500,14455.0000,430,0,0.0000,0.0000,0,0,多换,B,14340.0000,0.0000,0.0000,0.0000,0.0000,14650.0000,0.0000,0.0000,0.0000,0.0000,1,0,0,0,0,10,0,0,0,0
sc,zn1302,2012-06-29 09:00:20.000,14455.0000,430,0,0.0000,0.0000,0,0,多换,B,14340.0000,0.0000,0.0000,0.0000,0.0000,14640.0000,0.0000,0.0000,0.0000,0.0000,1,0,0,0,0,10,0,0,0,0
sc,zn1302,2012-06-29 09:00:20.500,14455.0000,430,0,0.0000,0.0000,0,0,多换,B,14355.0000,0.0000,0.0000,0.0000,0.0000,14640.0000,0.0000,0.0000,0.0000,0.0000,10,0,0,0,0,10,0,0,0,0
sc,zn1302,2012-06-29 09:00:21.000,14455.0000,430,0,0.0000,0.0000,0,0,多换,B,14360.0000,0.0000,0.0000,0.0000,0.0000,14640.0000,0.0000,0.0000,0.0000,0.0000,1,0,0,0,0,10,0,0,0,0
sc,zn1302,2012-06-29 09:00:21.500,14455.0000,430,0,0.0000,0.0000,0,0,多换,B,14360.0000,0.0000,0.0000,0.0000,0.0000,14625.0000,0.0000,0.0000,0.0000,0.0000,1,0,0,0,0,10,0,0,0,0
sc,zn1302,2012-06-29 09:00:22.000,14455.0000,430,0,0.0000,0.0000,0,0,多换,B,14365.0000,0.0000,0.0000,0.0000,0.0000,14625.0000,0.0000,0.0000,0.0000,0.0000,10,0,0,0,0,10,0,0,0,0
sc,zn1302,2012-06-29 09:00:22.500,14455.0000,430,0,0.0000,0.0000,0,0,多换,B,14365.0000,0.0000,0.0000,0.0000,0.0000,14620.0000,0.0000,0.0000,0.0000,0.0000,10,0,0,0,0,8,0,0,0,0
sc,zn1302,2012-06-29 09:00:23.000,14455.0000,430,0,0.0000,0.0000,0,0,多换,B,14370.0000,0.0000,0.0000,0.0000,0.0000,14620.0000,0.0000,0.0000,0.0000,0.0000,1,0,0,0,0,8,0,0,0,0
sc,zn1302,2012-06-29 09:00:23.500,14455.0000,430,0,0.0000,0.0000,0,0,多换,B,14370.0000,0.0000,0.0000,0.0000,0.0000,14605.0000,0.0000,0.0000,0.0000,0.0000,11,0,0,0,0,10,0,0,0,0
sc,zn1302,2012-06-29 09:00:24.000,14455.0000,430,0,0.0000,0.0000,0,0,多换,B,14370.0000,0.0000,0.0000,0.0000,0.0000,14605.0000,0.0000,0.0000,0.0000,0.0000,1,0,0,0,0,10,0,0,0,0
sc,zn1302,2012-06-29 09:00:24.500,14455.0000,430,0,0.0000,0.0000,0,0,多换,B,14370.0000,0.0000,0.0000,0.0000,0.0000,14600.0000,0.0000,0.0000,0.0000,0.0000,1,0,0,0,0,8,0,0,0,0
sc,zn1302,2012-06-29 09:00:25.000,14455.0000,430,0,0.0000,0.0000,0,0,多换,B,14370.0000,0.0000,0.0000,0.0000,0.0000,14600.0000,0.0000,0.0000,0.0000,0.0000,11,0,0,0,0,8,0,0,0,0
sc,zn1302,2012-06-29 09:00:25.500,14455.0000,430,0,0.0000,0.0000,0,0,多换,B,14370.0000,0.0000,0.0000,0.0000,0.0000,14595.0000,0.0000,0.0000,0.0000,0.0000,11,0,0,0,0,10,0,0,0,0
sc,zn1302,2012-06-29 09:00:26.000,14455.0000,430,0,0.0000,0.0000,0,0,多换,B,14370.0000,0.0000,0.0000,0.0000,0.0000,14595.0000,0.0000,0.0000,0.0000,0.0000,11,0,0,0,0,11,0,0,0,0
sc,zn1302,2012-06-29 09:00:27.000,14455.0000,430,0,0.0000,0.0000,0,0,多换,B,14370.0000,0.0000,0.0000,0.0000,0.0000,14590.0000,0.0000,0.0000,0.0000,0.0000,11,0,0,0,0,5,0,0,0,0
sc,zn1302,2012-06-29 09:00:27.500,14455.0000,430,0,0.0000,0.0000,0,0,多换,B,14370.0000,0.0000,0.0000,0.0000,0.0000,14590.0000,0.0000,0.0000,0.0000,0.0000,11,0,0,0,0,5,0,0,0,0
sc,zn1302,2012-06-29 09:00:28.000,14455.0000,430,0,0.0000,0.0000,0,0,多换,B,14370.0000,0.0000,0.0000,0.0000,0.0000,14585.0000,0.0000,0.0000,0.0000,0.0000,11,0,0,0,0,5,0,0,0,0
sc,zn1302,2012-06-29 09:00:28.500,14455.0000,430,0,0.0000,0.0000,0,0,多换,B,14370.0000,0.0000,0.0000,0.0000,0.0000,14585.0000,0.0000,0.0000,0.0000,0.0000,11,0,0,0,0,5,0,0,0,0
sc,zn1302,2012-06-29 09:00:29.000,14455.0000,430,0,0.0000,0.0000,0,0,多换,B,14370.0000,0.0000,0.0000,0.0000,0.0000,14580.0000,0.0000,0.0000,0.0000,0.0000,11,0,0,0,0,5,0,0,0,0
sc,zn1302,2012-06-29 09:00:30.000,14455.0000,430,0,0.0000,0.0000,0,0,多换,B,14370.0000,0.0000,0.0000,0.0000,0.0000,14580.0000,0.0000,0.0000,0.0000,0.0000,11,0,0,0,0,6,0,0,0,0
sc,zn1302,2012-06-29 09:00:34.500,14455.0000,430,0,0.0000,0.0000,0,0,多换,B,14370.0000,0.0000,0.0000,0.0000,0.0000,14580.0000,0.0000,0.0000,0.0000,0.0000,1,0,0,0,0,6,0,0,0,0
sc,zn1302,2012-06-29 09:00:38.500,14455.0000,430,0,0.0000,0.0000,0,0,多换,B,14370.0000,0.0000,0.0000,0.0000,0.0000,14570.0000,0.0000,0.0000,0.0000,0.0000,1,0,0,0,0,1,0,0,0,0
sc,zn1302,2012-06-29 09:00:39.000,14455.0000,430,0,0.0000,0.0000,0,0,多换,B,14370.0000,0.0000,0.0000,0.0000,0.0000,14565.0000,0.0000,0.0000,0.0000,0.0000,1,0,0,0,0,5,0,0,0,0
sc,zn1302,2012-06-29 09:00:39.500,14455.0000,430,0,0.0000,0.0000,0,0,多换,B,14370.0000,0.0000,0.0000,0.0000,0.0000,14565.0000,0.0000,0.0000,0.0000,0.0000,1,0,0,0,0,5,0,0,0,0
sc,zn1302,2012-06-29 09:00:40.000,14455.0000,430,0,0.0000,0.0000,0,0,多换,B,14370.0000,0.0000,0.0000,0.0000,0.0000,14565.0000,0.0000,0.0000,0.0000,0.0000,1,0,0,0,0,5,0,0,0,0
sc,zn1302,2012-06-29 09:00:41.000,14455.0000,430,0,0.0000,0.0000,0,0,多换,B,14370.0000,0.0000,0.0000,0.0000,0.0000,14560.0000,0.0000,0.0000,0.0000,0.0000,1,0,0,0,0,1,0,0,0,0
sc,zn1302,2012-06-29 09:00:41.500,14455.0000,430,0,0.0000,0.0000,0,0,多换,B,14370.0000,0.0000,0.0000,0.0000,0.0000,14555.0000,0.0000,0.0000,0.0000,0.0000,1,0,0,0,0,5,0,0,0,0
sc,zn1302,2012-06-29 09:00:42.000,14455.0000,430,0,0.0000,0.0000,0,0,多换,B,14370.0000,0.0000,0.0000,0.0000,0.0000,14555.0000,0.0000,0.0000,0.0000,0.0000,1,0,0,0,0,5,0,0,0,0
sc,zn1302,2012-06-29 09:00:42.500,14455.0000,430,0,0.0000,0.0000,0,0,多换,B,14370.0000,0.0000,0.0000,0.0000,0.0000,14550.0000,0.0000,0.0000,0.0000,0.0000,1,0,0,0,0,5,0,0,0,0
sc,zn1302,2012-06-29 09:00:43.000,14455.0000,430,0,0.0000,0.0000,0,0,多换,B,14370.0000,0.0000,0.0000,0.0000,0.0000,14550.0000,0.0000,0.0000,0.0000,0.0000,1,0,0,0,0,5,0,0,0,0
sc,zn1302,2012-06-29 09:00:44.000,14455.0000,430,0,0.0000,0.0000,0,0,多换,B,14370.0000,0.0000,0.0000,0.0000,0.0000,14550.0000,0.0000,0.0000,0.0000,0.0000,1,0,0,0,0,5,0,0,0,0
sc,zn1302,2012-06-29 09:00:44.500,14455.0000,430,0,0.0000,0.0000,0,0,多换,B,14370.0000,0.0000,0.0000,0.0000,0.0000,14545.0000,0.0000,0.0000,0.0000,0.0000,1,0,0,0,0,1,0,0,0,0
sc,zn1302,2012-06-29 09:00:45.000,14455.0000,430,0,0.0000,0.0000,0,0,多换,B,14370.0000,0.0000,0.0000,0.0000,0.0000,14545.0000,0.0000,0.0000,0.0000,0.0000,1,0,0,0,0,2,0,0,0,0
sc,zn1302,2012-06-29 09:00:48.500,14455.0000,430,0,0.0000,0.0000,0,0,多换,B,14315.0000,0.0000,0.0000,0.0000,0.0000,14545.0000,0.0000,0.0000,0.0000,0.0000,5,0,0,0,0,2,0,0,0,0
sc,zn1302,2012-06-29 09:00:49.000,14455.0000,430,0,0.0000,0.0000,0,0,多换,B,14320.0000,0.0000,0.0000,0.0000,0.0000,14545.0000,0.0000,0.0000,0.0000,0.0000,14,0,0,0,0,2,0,0,0,0
sc,zn1302,2012-06-29 09:00:52.000,14455.0000,430,0,0.0000,0.0000,0,0,多换,B,14320.0000,0.0000,0.0000,0.0000,0.0000,14545.0000,0.0000,0.0000,0.0000,0.0000,14,0,0,0,0,2,0,0,0,0
sc,zn1302,2012-06-29 09:00:52.500,14455.0000,430,0,0.0000,0.0000,0,0,多换,B,14325.0000,0.0000,0.0000,0.0000,0.0000,14545.0000,0.0000,0.0000,0.0000,0.0000,8,0,0,0,0,2,0,0,0,0
sc,zn1302,2012-06-29 09:00:53.000,14455.0000,430,0,0.0000,0.0000,0,0,多换,B,14340.0000,0.0000,0.0000,0.0000,0.0000,14545.0000,0.0000,0.0000,0.0000,0.0000,10,0,0,0,0,2,0,0,0,0
sc,zn1302,2012-06-29 09:00:53.500,14455.0000,430,0,0.0000,0.0000,0,0,多换,B,14345.0000,0.0000,0.0000,0.0000,0.0000,14545.0000,0.0000,0.0000,0.0000,0.0000,6,0,0,0,0,2,0,0,0,0
sc,zn1302,2012-06-29 09:00:54.000,14455.0000,430,0,0.0000,0.0000,0,0,多换,B,14360.0000,0.0000,0.0000,0.0000,0.0000,14545.0000,0.0000,0.0000,0.0000,0.0000,10,0,0,0,0,2,0,0,0,0
sc,zn1302,2012-06-29 09:00:54.500,14455.0000,430,0,0.0000,0.0000,0,0,多换,B,14365.0000,0.0000,0.0000,0.0000,0.0000,14545.0000,0.0000,0.0000,0.0000,0.0000,1,0,0,0,0,2,0,0,0,0
sc,zn1302,2012-06-29 09:01:02.500,14455.0000,430,0,0.0000,0.0000,0,0,多换,B,14365.0000,0.0000,0.0000,0.0000,0.0000,14545.0000,0.0000,0.0000,0.0000,0.0000,1,0,0,0,0,2,0,0,0,0
sc,zn1302,2012-06-29 09:01:03.000,14455.0000,430,0,0.0000,0.0000,0,0,多换,B,14365.0000,0.0000,0.0000,0.0000,0.0000,14545.0000,0.0000,0.0000,0.0000,0.0000,1,0,0,0,0,2,0,0,0,0
sc,zn1302,2012-06-29 09:01:05.000,14455.0000,430,0,0.0000,0.0000,0,0,多换,B,14365.0000,0.0000,0.0000,0.0000,0.0000,14545.0000,0.0000,0.0000,0.0000,0.0000,1,0,0,0,0,2,0,0,0,0
sc,zn1302,2012-06-29 09:01:13.500,14455.0000,430,0,0.0000,0.0000,0,0,多换,B,14365.0000,0.0000,0.0000,0.0000,0.0000,14545.0000,0.0000,0.0000,0.0000,0.0000,1,0,0,0,0,1,0,0,0,0
sc,zn1302,2012-06-29 09:01:14.000,14455.0000,430,0,0.0000,0.0000,0,0,多换,B,14365.0000,0.0000,0.0000,0.0000,0.0000,14540.0000,0.0000,0.0000,0.0000,0.0000,1,0,0,0,0,1,0,0,0,0
sc,zn1302,2012-06-29 09:01:14.500,14455.0000,430,0,0.0000,0.0000,0,0,多换,B,14365.0000,0.0000,0.0000,0.0000,0.0000,14540.0000,0.0000,0.0000,0.0000,0.0000,1,0,0,0,0,1,0,0,0,0
sc,zn1302,2012-06-29 09:01:15.500,14455.0000,430,0,0.0000,0.0000,0,0,多换,B,14345.0000,0.0000,0.0000,0.0000,0.0000,14525.0000,0.0000,0.0000,0.0000,0.0000,5,0,0,0,0,1,0,0,0,0
sc,zn1302,2012-06-29 09:01:16.000,14455.0000,430,0,0.0000,0.0000,0,0,多换,B,14350.0000,0.0000,0.0000,0.0000,0.0000,14520.0000,0.0000,0.0000,0.0000,0.0000,1,0,0,0,0,1,0,0,0,0
sc,zn1302,2012-06-29 09:01:16.500,14455.0000,430,0,0.0000,0.0000,0,0,多换,B,14350.0000,0.0000,0.0000,0.0000,0.0000,14520.0000,0.0000,0.0000,0.0000,0.0000,11,0,0,0,0,1,0,0,0,0
sc,zn1302,2012-06-29 09:01:18.500,14455.0000,430,0,0.0000,0.0000,0,0,多换,B,14350.0000,0.0000,0.0000,0.0000,0.0000,14520.0000,0.0000,0.0000,0.0000,0.0000,16,0,0,0,0,1,0,0,0,0
sc,zn1302,2012-06-29 09:01:20.000,14455.0000,430,0,0.0000,0.0000,0,0,多换,B,14350.0000,0.0000,0.0000,0.0000,0.0000,14520.0000,0.0000,0.0000,0.0000,0.0000,1,0,0,0,0,1,0,0,0,0
sc,zn1302,2012-06-29 09:01:21.000,14455.0000,430,0,0.0000,0.0000,0,0,多换,B,14350.0000,0.0000,0.0000,0.0000,0.0000,14520.0000,0.0000,0.0000,0.0000,0.0000,1,0,0,0,0,1,0,0,0,0
sc,zn1302,2012-06-29 09:01:22.000,14455.0000,430,0,0.0000,0.0000,0,0,多换,B,14350.0000,0.0000,0.0000,0.0000,0.0000,14520.0000,0.0000,0.0000,0.0000,0.0000,6,0,0,0,0,1,0,0,0,0
sc,zn1302,2012-06-29 09:01:22.500,14455.0000,430,0,0.0000,0.0000,0,0,多换,B,14350.0000,0.0000,0.0000,0.0000,0.0000,14505.0000,0.0000,0.0000,0.0000,0.0000,6,0,0,0,0,1,0,0,0,0
sc,zn1302,2012-06-29 09:01:23.000,14455.0000,430,0,0.0000,0.0000,0,0,多换,B,14350.0000,0.0000,0.0000,0.0000,0.0000,14505.0000,0.0000,0.0000,0.0000,0.0000,6,0,0,0,0,1,0,0,0,0
sc,zn1302,2012-06-29 09:01:24.000,14455.0000,430,0,0.0000,0.0000,0,0,多换,B,14350.0000,0.0000,0.0000,0.0000,0.0000,14500.0000,0.0000,0.0000,0.0000,0.0000,6,0,0,0,0,1,0,0,0,0
sc,zn1302,2012-06-29 09:01:25.000,14455.0000,430,0,0.0000,0.0000,0,0,多换,B,14350.0000,0.0000,0.0000,0.0000,0.0000,14500.0000,0.0000,0.0000,0.0000,0.0000,1,0,0,0,0,1,0,0,0,0
sc,zn1302,2012-06-29 09:01:25.500,14455.0000,430,0,0.0000,0.0000,0,0,多换,B,14350.0000,0.0000,0.0000,0.0000,0.0000,14500.0000,0.0000,0.0000,0.0000,0.0000,6,0,0,0,0,1,0,0,0,0
sc,zn1302,2012-06-29 09:01:27.500,14455.0000,430,0,0.0000,0.0000,0,0,多换,B,14355.0000,0.0000,0.0000,0.0000,0.0000,14500.0000,0.0000,0.0000,0.0000,0.0000,10,0,0,0,0,1,0,0,0,0
sc,zn1302,2012-06-29 09:01:28.000,14455.0000,430,0,0.0000,0.0000,0,0,多换,B,14360.0000,0.0000,0.0000,0.0000,0.0000,14500.0000,0.0000,0.0000,0.0000,0.0000,1,0,0,0,0,1,0,0,0,0
sc,zn1302,2012-06-29 09:01:28.500,14455.0000,430,0,0.0000,0.0000,0,0,多换,B,14360.0000,0.0000,0.0000,0.0000,0.0000,14500.0000,0.0000,0.0000,0.0000,0.0000,11,0,0,0,0,1,0,0,0,0
sc,zn1302,2012-06-29 09:01:38.500,14455.0000,430,0,0.0000,0.0000,0,0,多换,B,14360.0000,0.0000,0.0000,0.0000,0.0000,14500.0000,0.0000,0.0000,0.0000,0.0000,11,0,0,0,0,1,0,0,0,0
sc,zn1302,2012-06-29 09:01:43.000,14455.0000,430,0,0.0000,0.0000,0,0,多换,B,14360.0000,0.0000,0.0000,0.0000,0.0000,14500.0000,0.0000,0.0000,0.0000,0.0000,1,0,0,0,0,1,0,0,0,0
sc,zn1302,2012-06-29 09:01:43.500,14455.0000,430,0,0.0000,0.0000,0,0,多换,B,14360.0000,0.0000,0.0000,0.0000,0.0000,14490.0000,0.0000,0.0000,0.0000,0.0000,1,0,0,0,0,1,0,0,0,0
sc,zn1302,2012-06-29 09:01:44.000,14455.0000,430,0,0.0000,0.0000,0,0,多换,B,14360.0000,0.0000,0.0000,0.0000,0.0000,14485.0000,0.0000,0.0000,0.0000,0.0000,1,0,0,0,0,1,0,0,0,0
sc,zn1302,2012-06-29 09:01:44.500,14455.0000,430,0,0.0000,0.0000,0,0,多换,B,14360.0000,0.0000,0.0000,0.0000,0.0000,14485.0000,0.0000,0.0000,0.0000,0.0000,1,0,0,0,0,1,0,0,0,0
sc,zn1302,2012-06-29 09:01:45.500,14455.0000,430,0,0.0000,0.0000,0,0,多换,B,14360.0000,0.0000,0.0000,0.0000,0.0000,14485.0000,0.0000,0.0000,0.0000,0.0000,11,0,0,0,0,1,0,0,0,0
sc,zn1302,2012-06-29 09:01:50.000,14455.0000,430,0,0.0000,0.0000,0,0,多换,B,14365.0000,0.0000,0.0000,0.0000,0.0000,14485.0000,0.0000,0.0000,0.0000,0.0000,4,0,0,0,0,1,0,0,0,0
sc,zn1302,2012-06-29 09:01:50.500,14455.0000,430,0,0.0000,0.0000,0,0,多换,B,14370.0000,0.0000,0.0000,0.0000,0.0000,14485.0000,0.0000,0.0000,0.0000,0.0000,1,0,0,0,0,1,0,0,0,0
sc,zn1302,2012-06-29 09:01:54.500,14455.0000,430,0,0.0000,0.0000,0,0,多换,B,14380.0000,0.0000,0.0000,0.0000,0.0000,14485.0000,0.0000,0.0000,0.0000,0.0000,4,0,0,0,0,1,0,0,0,0
sc,zn1302,2012-06-29 09:01:55.000,14455.0000,430,0,0.0000,0.0000,0,0,多换,B,14380.0000,0.0000,0.0000,0.0000,0.0000,14485.0000,0.0000,0.0000,0.0000,0.0000,4,0,0,0,0,1,0,0,0,0
sc,zn1302,2012-06-29 09:01:57.000,14455.0000,430,0,0.0000,0.0000,0,0,多换,B,14380.0000,0.0000,0.0000,0.0000,0.0000,14485.0000,0.0000,0.0000,0.0000,0.0000,4,0,0,0,0,1,0,0,0,0
sc,zn1302,2012-06-29 09:02:14.500,14455.0000,430,0,0.0000,0.0000,0,0,多换,B,14380.0000,0.0000,0.0000,0.0000,0.0000,14550.0000,0.0000,0.0000,0.0000,0.0000,4,0,0,0,0,5,0,0,0,0
sc,zn1302,2012-06-29 09:02:15.000,14455.0000,430,0,0.0000,0.0000,0,0,多换,B,14380.0000,0.0000,0.0000,0.0000,0.0000,14545.0000,0.0000,0.0000,0.0000,0.0000,4,0,0,0,0,6,0,0,0,0
sc,zn1302,2012-06-29 09:02:15.500,14455.0000,430,0,0.0000,0.0000,0,0,多换,B,14380.0000,0.0000,0.0000,0.0000,0.0000,14535.0000,0.0000,0.0000,0.0000,0.0000,4,0,0,0,0,1,0,0,0,0
sc,zn1302,2012-06-29 09:02:16.000,14455.0000,430,0,0.0000,0.0000,0,0,多换,B,14380.0000,0.0000,0.0000,0.0000,0.0000,14530.0000,0.0000,0.0000,0.0000,0.0000,4,0,0,0,0,1,0,0,0,0
sc,zn1302,2012-06-29 09:02:21.000,14455.0000,430,0,0.0000,0.0000,0,0,多换,B,14380.0000,0.0000,0.0000,0.0000,0.0000,14530.0000,0.0000,0.0000,0.0000,0.0000,4,0,0,0,0,1,0,0,0,0
sc,zn1302,2012-06-29 09:02:22.000,14455.0000,430,0,0.0000,0.0000,0,0,多换,B,14380.0000,0.0000,0.0000,0.0000,0.0000,14525.0000,0.0000,0.0000,0.0000,0.0000,4,0,0,0,0,1,0,0,0,0
sc,zn1302,2012-06-29 09:02:22.500,14455.0000,430,0,0.0000,0.0000,0,0,多换,B,14380.0000,0.0000,0.0000,0.0000,0.0000,14520.0000,0.0000,0.0000,0.0000,0.0000,4,0,0,0,0,1,0,0,0,0
sc,zn1302,2012-06-29 09:02:23.000,14455.0000,430,0,0.0000,0.0000,0,0,多换,B,14380.0000,0.0000,0.0000,0.0000,0.0000,14520.0000,0.0000,0.0000,0.0000,0.0000,4,0,0,0,0,1,0,0,0,0
sc,zn1302,2012-06-29 09:02:24.000,14455.0000,430,0,0.0000,0.0000,0,0,多换,B,14380.0000,0.0000,0.0000,0.0000,0.0000,14520.0000,0.0000,0.0000,0.0000,0.0000,4,0,0,0,0,1,0,0,0,0
sc,zn1302,2012-06-29 09:02:26.000,14455.0000,430,0,0.0000,0.0000,0,0,多换,B,14380.0000,0.0000,0.0000,0.0000,0.0000,14520.0000,0.0000,0.0000,0.0000,0.0000,4,0,0,0,0,1,0,0,0,0
sc,zn1302,2012-06-29 09:02:27.500,14455.0000,430,0,0.0000,0.0000,0,0,多换,B,14380.0000,0.0000,0.0000,0.0000,0.0000,14520.0000,0.0000,0.0000,0.0000,0.0000,4,0,0,0,0,1,0,0,0,0
sc,zn1302,2012-06-29 09:02:29.000,14455.0000,430,0,0.0000,0.0000,0,0,多换,B,14380.0000,0.0000,0.0000,0.0000,0.0000,14510.0000,0.0000,0.0000,0.0000,0.0000,4,0,0,0,0,1,0,0,0,0
sc,zn1302,2012-06-29 09:02:29.500,14455.0000,430,0,0.0000,0.0000,0,0,多换,B,14380.0000,0.0000,0.0000,0.0000,0.0000,14505.0000,0.0000,0.0000,0.0000,0.0000,4,0,0,0,0,1,0,0,0,0
sc,zn1302,2012-06-29 09:02:34.500,14455.0000,430,0,0.0000,0.0000,0,0,多换,B,14380.0000,0.0000,0.0000,0.0000,0.0000,14505.0000,0.0000,0.0000,0.0000,0.0000,4,0,0,0,0,1,0,0,0,0
sc,zn1302,2012-06-29 09:02:35.500,14455.0000,430,0,0.0000,0.0000,0,0,多换,B,14380.0000,0.0000,0.0000,0.0000,0.0000,14500.0000,0.0000,0.0000,0.0000,0.0000,4,0,0,0,0,1,0,0,0,0
sc,zn1302,2012-06-29 09:02:36.000,14455.0000,430,0,0.0000,0.0000,0,0,多换,B,14380.0000,0.0000,0.0000,0.0000,0.0000,14495.0000,0.0000,0.0000,0.0000,0.0000,4,0,0,0,0,1,0,0,0,0
sc,zn1302,2012-06-29 09:02:41.000,14455.0000,430,0,0.0000,0.0000,0,0,多换,B,14380.0000,0.0000,0.0000,0.0000,0.0000,14495.0000,0.0000,0.0000,0.0000,0.0000,4,0,0,0,0,1,0,0,0,0
sc,zn1302,2012-06-29 09:02:41.500,14455.0000,430,0,0.0000,0.0000,0,0,多换,B,14380.0000,0.0000,0.0000,0.0000,0.0000,14495.0000,0.0000,0.0000,0.0000,0.0000,4,0,0,0,0,1,0,0,0,0
sc,zn1302,2012-06-29 09:02:42.000,14455.0000,430,0,0.0000,0.0000,0,0,多换,B,14380.0000,0.0000,0.0000,0.0000,0.0000,14495.0000,0.0000,0.0000,0.0000,0.0000,9,0,0,0,0,1,0,0,0,0
sc,zn1302,2012-06-29 09:02:46.000,14455.0000,430,0,0.0000,0.0000,0,0,多换,B,14380.0000,0.0000,0.0000,0.0000,0.0000,14495.0000,0.0000,0.0000,0.0000,0.0000,4,0,0,0,0,1,0,0,0,0
sc,zn1302,2012-06-29 09:02:49.500,14455.0000,430,0,0.0000,0.0000,0,0,多换,B,14380.0000,0.0000,0.0000,0.0000,0.0000,14495.0000,0.0000,0.0000,0.0000,0.0000,9,0,0,0,0,1,0,0,0,0
sc,zn1302,2012-06-29 09:02:50.000,14455.0000,430,0,0.0000,0.0000,0,0,多换,B,14380.0000,0.0000,0.0000,0.0000,0.0000,14495.0000,0.0000,0.0000,0.0000,0.0000,4,0,0,0,0,1,0,0,0,0
sc,zn1302,2012-06-29 09:02:57.000,14455.0000,430,0,0.0000,0.0000,0,0,多换,B,14380.0000,0.0000,0.0000,0.0000,0.0000,14490.0000,0.0000,0.0000,0.0000,0.0000,4,0,0,0,0,3,0,0,0,0
sc,zn1302,2012-06-29 09:02:57.500,14455.0000,430,0,0.0000,0.0000,0,0,多换,B,14380.0000,0.0000,0.0000,0.0000,0.0000,14485.0000,0.0000,0.0000,0.0000,0.0000,9,0,0,0,0,1,0,0,0,0
sc,zn1302,2012-06-29 09:03:04.000,14455.0000,430,0,0.0000,0.0000,0,0,多换,B,14380.0000,0.0000,0.0000,0.0000,0.0000,14480.0000,0.0000,0.0000,0.0000,0.0000,9,0,0,0,0,3,0,0,0,0
sc,zn1302,2012-06-29 09:03:04.500,14455.0000,430,0,0.0000,0.0000,0,0,多换,B,14380.0000,0.0000,0.0000,0.0000,0.0000,14480.0000,0.0000,0.0000,0.0000,0.0000,9,0,0,0,0,3,0,0,0,0
sc,zn1302,2012-06-29 09:03:09.000,14455.0000,430,0,0.0000,0.0000,0,0,多换,B,14380.0000,0.0000,0.0000,0.0000,0.0000,14475.0000,0.0000,0.0000,0.0000,0.0000,9,0,0,0,0,1,0,0,0,0
sc,zn1302,2012-06-29 09:03:15.000,14455.0000,430,0,0.0000,0.0000,0,0,多换,B,14380.0000,0.0000,0.0000,0.0000,0.0000,14470.0000,0.0000,0.0000,0.0000,0.0000,9,0,0,0,0,3,0,0,0,0
sc,zn1302,2012-06-29 09:03:34.000,14455.0000,430,0,0.0000,0.0000,0,0,多换,B,14380.0000,0.0000,0.0000,0.0000,0.0000,14470.0000,0.0000,0.0000,0.0000,0.0000,4,0,0,0,0,3,0,0,0,0
sc,zn1302,2012-06-29 09:04:20.500,14455.0000,430,0,0.0000,0.0000,0,0,多换,B,14385.0000,0.0000,0.0000,0.0000,0.0000,14470.0000,0.0000,0.0000,0.0000,0.0000,2,0,0,0,0,3,0,0,0,0
sc,zn1302,2012-06-29 09:04:28.000,14455.0000,430,0,0.0000,0.0000,0,0,多换,B,14390.0000,0.0000,0.0000,0.0000,0.0000,14470.0000,0.0000,0.0000,0.0000,0.0000,4,0,0,0,0,3,0,0,0,0
sc,zn1302,2012-06-29 09:04:39.500,14455.0000,430,0,0.0000,0.0000,0,0,多换,B,14390.0000,0.0000,0.0000,0.0000,0.0000,14470.0000,0.0000,0.0000,0.0000,0.0000,4,0,0,0,0,3,0,0,0,0
sc,zn1302,2012-06-29 09:04:51.500,14455.0000,430,0,0.0000,0.0000,0,0,多换,B,14390.0000,0.0000,0.0000,0.0000,0.0000,14470.0000,0.0000,0.0000,0.0000,0.0000,4,0,0,0,0,3,0,0,0,0
sc,zn1302,2012-06-29 09:04:53.500,14455.0000,430,0,0.0000,0.0000,0,0,多换,B,14390.0000,0.0000,0.0000,0.0000,0.0000,14470.0000,0.0000,0.0000,0.0000,0.0000,9,0,0,0,0,3,0,0,0,0
sc,zn1302,2012-06-29 09:04:54.500,14455.0000,430,0,0.0000,0.0000,0,0,多换,B,14395.0000,0.0000,0.0000,0.0000,0.0000,14470.0000,0.0000,0.0000,0.0000,0.0000,1,0,0,0,0,3,0,0,0,0
sc,zn1302,2012-06-29 09:04:55.000,14455.0000,430,0,0.0000,0.0000,0,0,多换,B,14395.0000,0.0000,0.0000,0.0000,0.0000,14470.0000,0.0000,0.0000,0.0000,0.0000,6,0,0,0,0,3,0,0,0,0
sc,zn1302,2012-06-29 09:04:55.500,14455.0000,430,0,0.0000,0.0000,0,0,多换,B,14390.0000,0.0000,0.0000,0.0000,0.0000,14470.0000,0.0000,0.0000,0.0000,0.0000,4,0,0,0,0,3,0,0,0,0
sc,zn1302,2012-06-29 09:04:56.000,14455.0000,430,0,0.0000,0.0000,0,0,多换,B,14395.0000,0.0000,0.0000,0.0000,0.0000,14470.0000,0.0000,0.0000,0.0000,0.0000,6,0,0,0,0,3,0,0,0,0
sc,zn1302,2012-06-29 09:04:56.500,14455.0000,430,0,0.0000,0.0000,0,0,多换,B,14390.0000,0.0000,0.0000,0.0000,0.0000,14470.0000,0.0000,0.0000,0.0000,0.0000,4,0,0,0,0,3,0,0,0,0
sc,zn1302,2012-06-29 09:04:57.000,14455.0000,430,0,0.0000,0.0000,0,0,多换,B,14390.0000,0.0000,0.0000,0.0000,0.0000,14470.0000,0.0000,0.0000,0.0000,0.0000,9,0,0,0,0,3,0,0,0,0
sc,zn1302,2012-06-29 09:04:59.500,14455.0000,430,0,0.0000,0.0000,0,0,多换,B,14390.0000,0.0000,0.0000,0.0000,0.0000,14470.0000,0.0000,0.0000,0.0000,0.0000,4,0,0,0,0,3,0,0,0,0
sc,zn1302,2012-06-29 09:05:00.000,14455.0000,430,0,0.0000,0.0000,0,0,多换,B,14390.0000,0.0000,0.0000,0.0000,0.0000,14470.0000,0.0000,0.0000,0.0000,0.0000,9,0,0,0,0,3,0,0,0,0
sc,zn1302,2012-06-29 09:05:00.500,14455.0000,430,0,0.0000,0.0000,0,0,多换,B,14390.0000,0.0000,0.0000,0.0000,0.0000,14470.0000,0.0000,0.0000,0.0000,0.0000,4,0,0,0,0,3,0,0,0,0
sc,zn1302,2012-06-29 09:05:01.500,14455.0000,430,0,0.0000,0.0000,0,0,多换,B,14390.0000,0.0000,0.0000,0.0000,0.0000,14470.0000,0.0000,0.0000,0.0000,0.0000,9,0,0,0,0,3,0,0,0,0
sc,zn1302,2012-06-29 09:05:07.500,14455.0000,430,0,0.0000,0.0000,0,0,多换,B,14395.0000,0.0000,0.0000,0.0000,0.0000,14470.0000,0.0000,0.0000,0.0000,0.0000,1,0,0,0,0,3,0,0,0,0
sc,zn1302,2012-06-29 09:05:08.000,14455.0000,430,0,0.0000,0.0000,0,0,多换,B,14400.0000,0.0000,0.0000,0.0000,0.0000,14470.0000,0.0000,0.0000,0.0000,0.0000,5,0,0,0,0,3,0,0,0,0
sc,zn1302,2012-06-29 09:05:08.500,14455.0000,430,0,0.0000,0.0000,0,0,多换,B,14400.0000,0.0000,0.0000,0.0000,0.0000,14470.0000,0.0000,0.0000,0.0000,0.0000,5,0,0,0,0,3,0,0,0,0
sc,zn1302,2012-06-29 09:05:09.500,14455.0000,430,0,0.0000,0.0000,0,0,多换,B,14390.0000,0.0000,0.0000,0.0000,0.0000,14470.0000,0.0000,0.0000,0.0000,0.0000,4,0,0,0,0,3,0,0,0,0
sc,zn1302,2012-06-29 09:05:10.000,14455.0000,430,0,0.0000,0.0000,0,0,多换,B,14395.0000,0.0000,0.0000,0.0000,0.0000,14470.0000,0.0000,0.0000,0.0000,0.0000,6,0,0,0,0,3,0,0,0,0
sc,zn1302,2012-06-29 09:05:12.500,14455.0000,430,0,0.0000,0.0000,0,0,多换,B,14395.0000,0.0000,0.0000,0.0000,0.0000,14470.0000,0.0000,0.0000,0.0000,0.0000,1,0,0,0,0,3,0,0,0,0
sc,zn1302,2012-06-29 09:05:17.000,14455.0000,430,0,0.0000,0.0000,0,0,多换,B,14395.0000,0.0000,0.0000,0.0000,0.0000,14475.0000,0.0000,0.0000,0.0000,0.0000,1,0,0,0,0,1,0,0,0,0
sc,zn1302,2012-06-29 09:05:17.500,14455.0000,430,0,0.0000,0.0000,0,0,多换,B,14395.0000,0.0000,0.0000,0.0000,0.0000,14565.0000,0.0000,0.0000,0.0000,0.0000,1,0,0,0,0,1,0,0,0,0
sc,zn1302,2012-06-29 09:05:18.000,14455.0000,430,0,0.0000,0.0000,0,0,多换,B,14395.0000,0.0000,0.0000,0.0000,0.0000,14560.0000,0.0000,0.0000,0.0000,0.0000,1,0,0,0,0,15,0,0,0,0
sc,zn1302,2012-06-29 09:05:19.000,14455.0000,430,0,0.0000,0.0000,0,0,多换,B,14395.0000,0.0000,0.0000,0.0000,0.0000,14560.0000,0.0000,0.0000,0.0000,0.0000,6,0,0,0,0,15,0,0,0,0
sc,zn1302,2012-06-29 09:05:19.500,14455.0000,430,0,0.0000,0.0000,0,0,多换,B,14395.0000,0.0000,0.0000,0.0000,0.0000,14560.0000,0.0000,0.0000,0.0000,0.0000,1,0,0,0,0,15,0,0,0,0
sc,zn1302,2012-06-29 09:05:24.000,14455.0000,430,0,0.0000,0.0000,0,0,多换,B,14395.0000,0.0000,0.0000,0.0000,0.0000,14560.0000,0.0000,0.0000,0.0000,0.0000,6,0,0,0,0,15,0,0,0,0
sc,zn1302,2012-06-29 09:05:24.500,14455.0000,430,0,0.0000,0.0000,0,0,多换,B,14395.0000,0.0000,0.0000,0.0000,0.0000,14560.0000,0.0000,0.0000,0.0000,0.0000,16,0,0,0,0,10,0,0,0,0
sc,zn1302,2012-06-29 09:05:25.500,14455.0000,430,0,0.0000,0.0000,0,0,多换,B,14395.0000,0.0000,0.0000,0.0000,0.0000,14560.0000,0.0000,0.0000,0.0000,0.0000,6,0,0,0,0,10,0,0,0,0
sc,zn1302,2012-06-29 09:05:26.000,14455.0000,430,0,0.0000,0.0000,0,0,多换,B,14395.0000,0.0000,0.0000,0.0000,0.0000,14560.0000,0.0000,0.0000,0.0000,0.0000,1,0,0,0,0,10,0,0,0,0
sc,zn1302,2012-06-29 09:05:33.000,14455.0000,430,0,0.0000,0.0000,0,0,多换,B,14395.0000,0.0000,0.0000,0.0000,0.0000,14560.0000,0.0000,0.0000,0.0000,0.0000,1,0,0,0,0,10,0,0,0,0
sc,zn1302,2012-06-29 09:05:34.000,14455.0000,430,0,0.0000,0.0000,0,0,多换,B,14395.0000,0.0000,0.0000,0.0000,0.0000,14505.0000,0.0000,0.0000,0.0000,0.0000,1,0,0,0,0,3,0,0,0,0
sc,zn1302,2012-06-29 09:05:34.500,14455.0000,430,0,0.0000,0.0000,0,0,多换,B,14395.0000,0.0000,0.0000,0.0000,0.0000,14505.0000,0.0000,0.0000,0.0000,0.0000,1,0,0,0,0,3,0,0,0,0
sc,zn1302,2012-06-29 09:05:40.000,14455.0000,430,0,0.0000,0.0000,0,0,多换,B,14320.0000,0.0000,0.0000,0.0000,0.0000,14505.0000,0.0000,0.0000,0.0000,0.0000,1,0,0,0,0,3,0,0,0,0
sc,zn1302,2012-06-29 09:05:40.500,14455.0000,430,0,0.0000,0.0000,0,0,多换,B,14400.0000,0.0000,0.0000,0.0000,0.0000,14505.0000,0.0000,0.0000,0.0000,0.0000,1,0,0,0,0,3,0,0,0,0
sc,zn1302,2012-06-29 09:05:41.000,14455.0000,430,0,0.0000,0.0000,0,0,多换,B,14400.0000,0.0000,0.0000,0.0000,0.0000,14505.0000,0.0000,0.0000,0.0000,0.0000,1,0,0,0,0,3,0,0,0,0
sc,zn1302,2012-06-29 09:05:41.500,14455.0000,430,0,0.0000,0.0000,0,0,多换,B,14400.0000,0.0000,0.0000,0.0000,0.0000,14505.0000,0.0000,0.0000,0.0000,0.0000,1,0,0,0,0,3,0,0,0,0
sc,zn1302,2012-06-29 09:05:44.500,14455.0000,430,0,0.0000,0.0000,0,0,多换,B,14405.0000,0.0000,0.0000,0.0000,0.0000,14505.0000,0.0000,0.0000,0.0000,0.0000,1,0,0,0,0,3,0,0,0,0
sc,zn1302,2012-06-29 09:05:45.000,14455.0000,430,0,0.0000,0.0000,0,0,多换,B,14405.0000,0.0000,0.0000,0.0000,0.0000,14505.0000,0.0000,0.0000,0.0000,0.0000,1,0,0,0,0,3,0,0,0,0
sc,zn1302,2012-06-29 09:05:45.500,14455.0000,430,0,0.0000,0.0000,0,0,多换,B,14410.0000,0.0000,0.0000,0.0000,0.0000,14505.0000,0.0000,0.0000,0.0000,0.0000,1,0,0,0,0,3,0,0,0,0
sc,zn1302,2012-06-29 09:05:46.000,14455.0000,430,0,0.0000,0.0000,0,0,多换,B,14410.0000,0.0000,0.0000,0.0000,0.0000,14505.0000,0.0000,0.0000,0.0000,0.0000,1,0,0,0,0,3,0,0,0,0
sc,zn1302,2012-06-29 09:05:48.500,14455.0000,430,0,0.0000,0.0000,0,0,多换,B,14415.0000,0.0000,0.0000,0.0000,0.0000,14505.0000,0.0000,0.0000,0.0000,0.0000,1,0,0,0,0,3,0,0,0,0
sc,zn1302,2012-06-29 09:05:51.000,14455.0000,430,0,0.0000,0.0000,0,0,多换,B,14420.0000,0.0000,0.0000,0.0000,0.0000,14505.0000,0.0000,0.0000,0.0000,0.0000,1,0,0,0,0,3,0,0,0,0
sc,zn1302,2012-06-29 09:05:51.500,14455.0000,430,0,0.0000,0.0000,0,0,多换,B,14410.0000,0.0000,0.0000,0.0000,0.0000,14505.0000,0.0000,0.0000,0.0000,0.0000,1,0,0,0,0,3,0,0,0,0
sc,zn1302,2012-06-29 09:05:52.000,14455.0000,430,0,0.0000,0.0000,0,0,多换,B,14425.0000,0.0000,0.0000,0.0000,0.0000,14505.0000,0.0000,0.0000,0.0000,0.0000,1,0,0,0,0,3,0,0,0,0
sc,zn1302,2012-06-29 09:05:52.500,14455.0000,430,0,0.0000,0.0000,0,0,多换,B,14425.0000,0.0000,0.0000,0.0000,0.0000,14505.0000,0.0000,0.0000,0.0000,0.0000,1,0,0,0,0,3,0,0,0,0
sc,zn1302,2012-06-29 09:05:53.000,14455.0000,430,0,0.0000,0.0000,0,0,多换,B,14425.0000,0.0000,0.0000,0.0000,0.0000,14505.0000,0.0000,0.0000,0.0000,0.0000,11,0,0,0,0,3,0,0,0,0
sc,zn1302,2012-06-29 09:05:54.000,14455.0000,430,0,0.0000,0.0000,0,0,多换,B,14430.0000,0.0000,0.0000,0.0000,0.0000,14505.0000,0.0000,0.0000,0.0000,0.0000,1,0,0,0,0,3,0,0,0,0
sc,zn1302,2012-06-29 09:05:54.500,14455.0000,430,0,0.0000,0.0000,0,0,多换,B,14435.0000,0.0000,0.0000,0.0000,0.0000,14560.0000,0.0000,0.0000,0.0000,0.0000,1,0,0,0,0,8,0,0,0,0
sc,zn1302,2012-06-29 09:05:55.000,14455.0000,430,0,0.0000,0.0000,0,0,多换,B,14435.0000,0.0000,0.0000,0.0000,0.0000,14555.0000,0.0000,0.0000,0.0000,0.0000,1,0,0,0,0,1,0,0,0,0
sc,zn1302,2012-06-29 09:05:56.500,14455.0000,430,0,0.0000,0.0000,0,0,多换,B,14435.0000,0.0000,0.0000,0.0000,0.0000,14555.0000,0.0000,0.0000,0.0000,0.0000,11,0,0,0,0,1,0,0,0,0
sc,zn1302,2012-06-29 09:05:57.000,14455.0000,430,0,0.0000,0.0000,0,0,多换,B,14435.0000,0.0000,0.0000,0.0000,0.0000,14555.0000,0.0000,0.0000,0.0000,0.0000,16,0,0,0,0,1,0,0,0,0
sc,zn1302,2012-06-29 09:05:57.500,14455.0000,430,0,0.0000,0.0000,0,0,多换,B,14440.0000,0.0000,0.0000,0.0000,0.0000,14550.0000,0.0000,0.0000,0.0000,0.0000,1,0,0,0,0,5,0,0,0,0
sc,zn1302,2012-06-29 09:05:58.000,14455.0000,430,0,0.0000,0.0000,0,0,多换,B,14445.0000,0.0000,0.0000,0.0000,0.0000,14635.0000,0.0000,0.0000,0.0000,0.0000,1,0,0,0,0,1,0,0,0,0
sc,zn1302,2012-06-29 09:05:58.500,14455.0000,430,0,0.0000,0.0000,0,0,多换,B,14445.0000,0.0000,0.0000,0.0000,0.0000,14625.0000,0.0000,0.0000,0.0000,0.0000,1,0,0,0,0,10,0,0,0,0
sc,zn1302,2012-06-29 09:05:59.000,14455.0000,430,0,0.0000,0.0000,0,0,多换,B,14445.0000,0.0000,0.0000,0.0000,0.0000,14620.0000,0.0000,0.0000,0.0000,0.0000,11,0,0,0,0,1,0,0,0,0
sc,zn1302,2012-06-29 09:05:59.500,14455.0000,430,0,0.0000,0.0000,0,0,多换,B,14445.0000,0.0000,0.0000,0.0000,0.0000,14615.0000,0.0000,0.0000,0.0000,0.0000,11,0,0,0,0,8,0,0,0,0
sc,zn1302,2012-06-29 09:06:00.000,14455.0000,430,0,0.0000,0.0000,0,0,多换,B,14445.0000,0.0000,0.0000,0.0000,0.0000,14610.0000,0.0000,0.0000,0.0000,0.0000,11,0,0,0,0,1,0,0,0,0
sc,zn1302,2012-06-29 09:06:00.500,14455.0000,430,0,0.0000,0.0000,0,0,多换,B,14445.0000,0.0000,0.0000,0.0000,0.0000,14605.0000,0.0000,0.0000,0.0000,0.0000,11,0,0,0,0,8,0,0,0,0
sc,zn1302,2012-06-29 09:06:01.000,14455.0000,430,0,0.0000,0.0000,0,0,多换,B,14445.0000,0.0000,0.0000,0.0000,0.0000,14600.0000,0.0000,0.0000,0.0000,0.0000,11,0,0,0,0,1,0,0,0,0
sc,zn1302,2012-06-29 09:06:01.500,14455.0000,430,0,0.0000,0.0000,0,0,多换,B,14450.0000,0.0000,0.0000,0.0000,0.0000,14595.0000,0.0000,0.0000,0.0000,0.0000,1,0,0,0,0,5,0,0,0,0
sc,zn1302,2012-06-29 09:06:02.000,14455.0000,430,0,0.0000,0.0000,0,0,多换,B,14455.0000,0.0000,0.0000,0.0000,0.0000,14590.0000,0.0000,0.0000,0.0000,0.0000,1,0,0,0,0,1,0,0,0,0
sc,zn1302,2012-06-29 09:06:02.500,14455.0000,430,0,0.0000,0.0000,0,0,多换,B,14455.0000,0.0000,0.0000,0.0000,0.0000,14585.0000,0.0000,0.0000,0.0000,0.0000,1,0,0,0,0,5,0,0,0,0
sc,zn1302,2012-06-29 09:06:03.000,14455.0000,430,0,0.0000,0.0000,0,0,多换,B,14455.0000,0.0000,0.0000,0.0000,0.0000,14580.0000,0.0000,0.0000,0.0000,0.0000,1,0,0,0,0,1,0,0,0,0
sc,zn1302,2012-06-29 09:06:03.500,14455.0000,430,0,0.0000,0.0000,0,0,多换,B,14455.0000,0.0000,0.0000,0.0000,0.0000,14575.0000,0.0000,0.0000,0.0000,0.0000,1,0,0,0,0,5,0,0,0,0
sc,zn1302,2012-06-29 09:06:04.000,14455.0000,430,0,0.0000,0.0000,0,0,多换,B,14455.0000,0.0000,0.0000,0.0000,0.0000,14575.0000,0.0000,0.0000,0.0000,0.0000,1,0,0,0,0,5,0,0,0,0
sc,zn1302,2012-06-29 09:06:04.500,14455.0000,430,0,0.0000,0.0000,0,0,多换,B,14455.0000,0.0000,0.0000,0.0000,0.0000,14575.0000,0.0000,0.0000,0.0000,0.0000,11,0,0,0,0,5,0,0,0,0
sc,zn1302,2012-06-29 09:06:05.000,14455.0000,430,0,0.0000,0.0000,0,0,多换,B,14455.0000,0.0000,0.0000,0.0000,0.0000,14575.0000,0.0000,0.0000,0.0000,0.0000,1,0,0,0,0,5,0,0,0,0
sc,zn1302,2012-06-29 09:06:05.500,14455.0000,430,0,0.0000,0.0000,0,0,多换,B,14460.0000,0.0000,0.0000,0.0000,0.0000,14575.0000,0.0000,0.0000,0.0000,0.0000,1,0,0,0,0,5,0,0,0,0
sc,zn1302,2012-06-29 09:06:06.000,14455.0000,430,0,0.0000,0.0000,0,0,多换,B,14460.0000,0.0000,0.0000,0.0000,0.0000,14570.0000,0.0000,0.0000,0.0000,0.0000,1,0,0,0,0,1,0,0,0,0
sc,zn1302,2012-06-29 09:06:06.500,14455.0000,430,0,0.0000,0.0000,0,0,多换,B,14460.0000,0.0000,0.0000,0.0000,0.0000,14565.0000,0.0000,0.0000,0.0000,0.0000,1,0,0,0,0,5,0,0,0,0
sc,zn1302,2012-06-29 09:06:07.000,14455.0000,430,0,0.0000,0.0000,0,0,多换,B,14460.0000,0.0000,0.0000,0.0000,0.0000,14565.0000,0.0000,0.0000,0.0000,0.0000,1,0,0,0,0,5,0,0,0,0
sc,zn1302,2012-06-29 09:06:15.000,14455.0000,430,0,0.0000,0.0000,0,0,多换,B,14460.0000,0.0000,0.0000,0.0000,0.0000,14560.0000,0.0000,0.0000,0.0000,0.0000,1,0,0,0,0,3,0,0,0,0
sc,zn1302,2012-06-29 09:06:15.500,14455.0000,430,0,0.0000,0.0000,0,0,多换,B,14460.0000,0.0000,0.0000,0.0000,0.0000,14560.0000,0.0000,0.0000,0.0000,0.0000,1,0,0,0,0,8,0,0,0,0
sc,zn1302,2012-06-29 09:06:36.500,14455.0000,430,0,0.0000,0.0000,0,0,多换,B,14460.0000,0.0000,0.0000,0.0000,0.0000,14555.0000,0.0000,0.0000,0.0000,0.0000,1,0,0,0,0,1,0,0,0,0
sc,zn1302,2012-06-29 09:06:37.000,14455.0000,430,0,0.0000,0.0000,0,0,多换,B,14460.0000,0.0000,0.0000,0.0000,0.0000,14550.0000,0.0000,0.0000,0.0000,0.0000,1,0,0,0,0,5,0,0,0,0
sc,zn1302,2012-06-29 09:06:37.500,14455.0000,430,0,0.0000,0.0000,0,0,多换,B,14460.0000,0.0000,0.0000,0.0000,0.0000,14550.0000,0.0000,0.0000,0.0000,0.0000,1,0,0,0,0,5,0,0,0,0
sc,zn1302,2012-06-29 09:06:41.500,14455.0000,430,0,0.0000,0.0000,0,0,多换,B,14385.0000,0.0000,0.0000,0.0000,0.0000,14550.0000,0.0000,0.0000,0.0000,0.0000,1,0,0,0,0,5,0,0,0,0
sc,zn1302,2012-06-29 09:06:42.000,14455.0000,430,0,0.0000,0.0000,0,0,多换,B,14390.0000,0.0000,0.0000,0.0000,0.0000,14550.0000,0.0000,0.0000,0.0000,0.0000,16,0,0,0,0,5,0,0,0,0
sc,zn1302,2012-06-29 09:06:42.500,14455.0000,430,0,0.0000,0.0000,0,0,多换,B,14395.0000,0.0000,0.0000,0.0000,0.0000,14550.0000,0.0000,0.0000,0.0000,0.0000,3,0,0,0,0,5,0,0,0,0
sc,zn1302,2012-06-29 09:06:43.000,14455.0000,430,0,0.0000,0.0000,0,0,多换,B,14410.0000,0.0000,0.0000,0.0000,0.0000,14545.0000,0.0000,0.0000,0.0000,0.0000,10,0,0,0,0,3,0,0,0,0
sc,zn1302,2012-06-29 09:06:43.500,14455.0000,430,0,0.0000,0.0000,0,0,多换,B,14415.0000,0.0000,0.0000,0.0000,0.0000,14540.0000,0.0000,0.0000,0.0000,0.0000,1,0,0,0,0,5,0,0,0,0
sc,zn1302,2012-06-29 09:06:44.000,14455.0000,430,0,0.0000,0.0000,0,0,多换,B,14420.0000,0.0000,0.0000,0.0000,0.0000,14545.0000,0.0000,0.0000,0.0000,0.0000,1,0,0,0,0,3,0,0,0,0
sc,zn1302,2012-06-29 09:06:44.500,14455.0000,430,0,0.0000,0.0000,0,0,多换,B,14425.0000,0.0000,0.0000,0.0000,0.0000,14545.0000,0.0000,0.0000,0.0000,0.0000,1,0,0,0,0,8,0,0,0,0
sc,zn1302,2012-06-29 09:06:45.000,14455.0000,430,0,0.0000,0.0000,0,0,多换,B,14425.0000,0.0000,0.0000,0.0000,0.0000,14545.0000,0.0000,0.0000,0.0000,0.0000,1,0,0,0,0,8,0,0,0,0
sc,zn1302,2012-06-29 09:06:45.500,14455.0000,430,0,0.0000,0.0000,0,0,多换,B,14425.0000,0.0000,0.0000,0.0000,0.0000,14545.0000,0.0000,0.0000,0.0000,0.0000,11,0,0,0,0,8,0,0,0,0
sc,zn1302,2012-06-29 09:06:46.000,14455.0000,430,0,0.0000,0.0000,0,0,多换,B,14425.0000,0.0000,0.0000,0.0000,0.0000,14545.0000,0.0000,0.0000,0.0000,0.0000,1,0,0,0,0,8,0,0,0,0
sc,zn1302,2012-06-29 09:06:48.500,14455.0000,430,0,0.0000,0.0000,0,0,多换,B,14430.0000,0.0000,0.0000,0.0000,0.0000,14545.0000,0.0000,0.0000,0.0000,0.0000,1,0,0,0,0,8,0,0,0,0
sc,zn1302,2012-06-29 09:06:49.000,14455.0000,430,0,0.0000,0.0000,0,0,多换,B,14430.0000,0.0000,0.0000,0.0000,0.0000,14545.0000,0.0000,0.0000,0.0000,0.0000,1,0,0,0,0,8,0,0,0,0
sc,zn1302,2012-06-29 09:06:56.000,14455.0000,430,0,0.0000,0.0000,0,0,多换,B,14450.0000,0.0000,0.0000,0.0000,0.0000,14545.0000,0.0000,0.0000,0.0000,0.0000,3,0,0,0,0,8,0,0,0,0
sc,zn1302,2012-06-29 09:06:56.500,14455.0000,430,0,0.0000,0.0000,0,0,多换,B,14450.0000,0.0000,0.0000,0.0000,0.0000,14545.0000,0.0000,0.0000,0.0000,0.0000,3,0,0,0,0,8,0,0,0,0
sc,zn1302,2012-06-29 09:06:57.000,14455.0000,430,0,0.0000,0.0000,0,0,多换,B,14450.0000,0.0000,0.0000,0.0000,0.0000,14540.0000,0.0000,0.0000,0.0000,0.0000,3,0,0,0,0,1,0,0,0,0
sc,zn1302,2012-06-29 09:06:57.500,14455.0000,430,0,0.0000,0.0000,0,0,多换,B,14450.0000,0.0000,0.0000,0.0000,0.0000,14535.0000,0.0000,0.0000,0.0000,0.0000,3,0,0,0,0,5,0,0,0,0
sc,zn1302,2012-06-29 09:06:58.000,14455.0000,430,0,0.0000,0.0000,0,0,多换,B,14450.0000,0.0000,0.0000,0.0000,0.0000,14535.0000,0.0000,0.0000,0.0000,0.0000,3,0,0,0,0,5,0,0,0,0
sc,zn1302,2012-06-29 09:07:00.500,14455.0000,430,0,0.0000,0.0000,0,0,多换,B,14450.0000,0.0000,0.0000,0.0000,0.0000,14535.0000,0.0000,0.0000,0.0000,0.0000,3,0,0,0,0,5,0,0,0,0
sc,zn1302,2012-06-29 09:07:04.500,14455.0000,430,0,0.0000,0.0000,0,0,多换,B,14440.0000,0.0000,0.0000,0.0000,0.0000,14535.0000,0.0000,0.0000,0.0000,0.0000,3,0,0,0,0,5,0,0,0,0
sc,zn1302,2012-06-29 09:07:13.000,14455.0000,430,0,0.0000,0.0000,0,0,多换,B,14440.0000,0.0000,0.0000,0.0000,0.0000,14525.0000,0.0000,0.0000,0.0000,0.0000,3,0,0,0,0,3,0,0,0,0
sc,zn1302,2012-06-29 09:07:32.500,14455.0000,430,0,0.0000,0.0000,0,0,多换,B,14440.0000,0.0000,0.0000,0.0000,0.0000,14525.0000,0.0000,0.0000,0.0000,0.0000,3,0,0,0,0,3,0,0,0,0
sc,zn1302,2012-06-29 09:08:33.000,14455.0000,430,0,0.0000,0.0000,0,0,多换,B,14440.0000,0.0000,0.0000,0.0000,0.0000,14520.0000,0.0000,0.0000,0.0000,0.0000,3,0,0,0,0,1,0,0,0,0
sc,zn1302,2012-06-29 09:08:42.000,14455.0000,430,0,0.0000,0.0000,0,0,多换,B,14440.0000,0.0000,0.0000,0.0000,0.0000,14525.0000,0.0000,0.0000,0.0000,0.0000,3,0,0,0,0,3,0,0,0,0
sc,zn1302,2012-06-29 09:08:50.500,14455.0000,430,0,0.0000,0.0000,0,0,多换,B,14445.0000,0.0000,0.0000,0.0000,0.0000,14525.0000,0.0000,0.0000,0.0000,0.0000,1,0,0,0,0,3,0,0,0,0
sc,zn1302,2012-06-29 09:09:07.000,14455.0000,430,0,0.0000,0.0000,0,0,多换,B,14445.0000,0.0000,0.0000,0.0000,0.0000,14620.0000,0.0000,0.0000,0.0000,0.0000,1,0,0,0,0,1,0,0,0,0
sc,zn1302,2012-06-29 09:09:07.500,14455.0000,430,0,0.0000,0.0000,0,0,多换,B,14445.0000,0.0000,0.0000,0.0000,0.0000,14610.0000,0.0000,0.0000,0.0000,0.0000,1,0,0,0,0,8,0,0,0,0
sc,zn1302,2012-06-29 09:09:08.000,14455.0000,430,0,0.0000,0.0000,0,0,多换,B,14445.0000,0.0000,0.0000,0.0000,0.0000,14605.0000,0.0000,0.0000,0.0000,0.0000,1,0,0,0,0,1,0,0,0,0
sc,zn1302,2012-06-29 09:09:08.500,14455.0000,430,0,0.0000,0.0000,0,0,多换,B,14445.0000,0.0000,0.0000,0.0000,0.0000,14600.0000,0.0000,0.0000,0.0000,0.0000,1,0,0,0,0,8,0,0,0,0
sc,zn1302,2012-06-29 09:09:09.000,14455.0000,430,0,0.0000,0.0000,0,0,多换,B,14445.0000,0.0000,0.0000,0.0000,0.0000,14595.0000,0.0000,0.0000,0.0000,0.0000,1,0,0,0,0,1,0,0,0,0
sc,zn1302,2012-06-29 09:09:09.500,14455.0000,430,0,0.0000,0.0000,0,0,多换,B,14445.0000,0.0000,0.0000,0.0000,0.0000,14590.0000,0.0000,0.0000,0.0000,0.0000,1,0,0,0,0,5,0,0,0,0
sc,zn1302,2012-06-29 09:09:10.000,14455.0000,430,0,0.0000,0.0000,0,0,多换,B,14445.0000,0.0000,0.0000,0.0000,0.0000,14585.0000,0.0000,0.0000,0.0000,0.0000,1,0,0,0,0,1,0,0,0,0
sc,zn1302,2012-06-29 09:09:10.500,14455.0000,430,0,0.0000,0.0000,0,0,多换,B,14445.0000,0.0000,0.0000,0.0000,0.0000,14580.0000,0.0000,0.0000,0.0000,0.0000,1,0,0,0,0,5,0,0,0,0
sc,zn1302,2012-06-29 09:09:11.000,14455.0000,430,0,0.0000,0.0000,0,0,多换,B,14445.0000,0.0000,0.0000,0.0000,0.0000,14575.0000,0.0000,0.0000,0.0000,0.0000,1,0,0,0,0,1,0,0,0,0
sc,zn1302,2012-06-29 09:09:11.500,14455.0000,430,0,0.0000,0.0000,0,0,多换,B,14445.0000,0.0000,0.0000,0.0000,0.0000,14570.0000,0.0000,0.0000,0.0000,0.0000,1,0,0,0,0,5,0,0,0,0
sc,zn1302,2012-06-29 09:09:12.000,14455.0000,430,0,0.0000,0.0000,0,0,多换,B,14445.0000,0.0000,0.0000,0.0000,0.0000,14565.0000,0.0000,0.0000,0.0000,0.0000,1,0,0,0,0,1,0,0,0,0
sc,zn1302,2012-06-29 09:09:12.500,14455.0000,430,0,0.0000,0.0000,0,0,多换,B,14445.0000,0.0000,0.0000,0.0000,0.0000,14565.0000,0.0000,0.0000,0.0000,0.0000,1,0,0,0,0,6,0,0,0,0
sc,zn1302,2012-06-29 09:09:13.000,14455.0000,430,0,0.0000,0.0000,0,0,多换,B,14445.0000,0.0000,0.0000,0.0000,0.0000,14565.0000,0.0000,0.0000,0.0000,0.0000,1,0,0,0,0,6,0,0,0,0
sc,zn1302,2012-06-29 09:09:21.000,14455.0000,430,0,0.0000,0.0000,0,0,多换,B,14445.0000,0.0000,0.0000,0.0000,0.0000,14555.0000,0.0000,0.0000,0.0000,0.0000,1,0,0,0,0,3,0,0,0,0
sc,zn1302,2012-06-29 09:09:21.500,14455.0000,430,0,0.0000,0.0000,0,0,多换,B,14445.0000,0.0000,0.0000,0.0000,0.0000,14550.0000,0.0000,0.0000,0.0000,0.0000,1,0,0,0,0,1,0,0,0,0
sc,zn1302,2012-06-29 09:09:26.000,14455.0000,430,0,0.0000,0.0000,0,0,多换,B,14445.0000,0.0000,0.0000,0.0000,0.0000,14540.0000,0.0000,0.0000,0.0000,0.0000,1,0,0,0,0,3,0,0,0,0
sc,zn1302,2012-06-29 09:09:26.500,14455.0000,430,0,0.0000,0.0000,0,0,多换,B,14445.0000,0.0000,0.0000,0.0000,0.0000,14540.0000,0.0000,0.0000,0.0000,0.0000,1,0,0,0,0,3,0,0,0,0
sc,zn1302,2012-06-29 09:09:55.500,14455.0000,430,0,0.0000,0.0000,0,0,多换,B,14450.0000,0.0000,0.0000,0.0000,0.0000,14540.0000,0.0000,0.0000,0.0000,0.0000,1,0,0,0,0,3,0,0,0,0
sc,zn1302,2012-06-29 09:09:56.000,14455.0000,430,0,0.0000,0.0000,0,0,多换,B,14450.0000,0.0000,0.0000,0.0000,0.0000,14540.0000,0.0000,0.0000,0.0000,0.0000,1,0,0,0,0,3,0,0,0,0
sc,zn1302,2012-06-29 09:10:05.000,14455.0000,430,0,0.0000,0.0000,0,0,多换,B,14455.0000,0.0000,0.0000,0.0000,0.0000,14540.0000,0.0000,0.0000,0.0000,0.0000,1,0,0,0,0,3,0,0,0,0
sc,zn1302,2012-06-29 09:10:11.000,14455.0000,430,0,0.0000,0.0000,0,0,多换,B,14455.0000,0.0000,0.0000,0.0000,0.0000,14540.0000,0.0000,0.0000,0.0000,0.0000,3,0,0,0,0,3,0,0,0,0
sc,zn1302,2012-06-29 09:10:12.000,14455.0000,430,0,0.0000,0.0000,0,0,多换,B,14460.0000,0.0000,0.0000,0.0000,0.0000,14540.0000,0.0000,0.0000,0.0000,0.0000,1,0,0,0,0,3,0,0,0,0
sc,zn1302,2012-06-29 09:10:39.000,14455.0000,430,0,0.0000,0.0000,0,0,多换,B,14460.0000,0.0000,0.0000,0.0000,0.0000,14540.0000,0.0000,0.0000,0.0000,0.0000,1,0,0,0,0,3,0,0,0,0
sc,zn1302,2012-06-29 09:10:44.500,14455.0000,430,0,0.0000,0.0000,0,0,多换,B,14460.0000,0.0000,0.0000,0.0000,0.0000,14540.0000,0.0000,0.0000,0.0000,0.0000,1,0,0,0,0,3,0,0,0,0
sc,zn1302,2012-06-29 09:10:53.500,14455.0000,430,0,0.0000,0.0000,0,0,多换,B,14455.0000,0.0000,0.0000,0.0000,0.0000,14540.0000,0.0000,0.0000,0.0000,0.0000,1,0,0,0,0,3,0,0,0,0
sc,zn1302,2012-06-29 09:10:55.500,14455.0000,430,0,0.0000,0.0000,0,0,多换,B,14455.0000,0.0000,0.0000,0.0000,0.0000,14535.0000,0.0000,0.0000,0.0000,0.0000,1,0,0,0,0,1,0,0,0,0
sc,zn1302,2012-06-29 09:10:56.500,14455.0000,430,0,0.0000,0.0000,0,0,多换,B,14455.0000,0.0000,0.0000,0.0000,0.0000,14540.0000,0.0000,0.0000,0.0000,0.0000,1,0,0,0,0,3,0,0,0,0
sc,zn1302,2012-06-29 09:11:12.000,14455.0000,430,0,0.0000,0.0000,0,0,多换,B,14455.0000,0.0000,0.0000,0.0000,0.0000,14535.0000,0.0000,0.0000,0.0000,0.0000,1,0,0,0,0,1,0,0,0,0
sc,zn1302,2012-06-29 09:11:12.500,14455.0000,430,0,0.0000,0.0000,0,0,多换,B,14455.0000,0.0000,0.0000,0.0000,0.0000,14540.0000,0.0000,0.0000,0.0000,0.0000,1,0,0,0,0,3,0,0,0,0
sc,zn1302,2012-06-29 09:11:14.000,14455.0000,430,0,0.0000,0.0000,0,0,多换,B,14455.0000,0.0000,0.0000,0.0000,0.0000,14535.0000,0.0000,0.0000,0.0000,0.0000,1,0,0,0,0,1,0,0,0,0
sc,zn1302,2012-06-29 09:11:16.500,14455.0000,430,0,0.0000,0.0000,0,0,多换,B,14455.0000,0.0000,0.0000,0.0000,0.0000,14535.0000,0.0000,0.0000,0.0000,0.0000,1,0,0,0,0,1,0,0,0,0
sc,zn1302,2012-06-29 09:11:17.500,14455.0000,430,0,0.0000,0.0000,0,0,多换,B,14455.0000,0.0000,0.0000,0.0000,0.0000,14540.0000,0.0000,0.0000,0.0000,0.0000,1,0,0,0,0,3,0,0,0,0
sc,zn1302,2012-06-29 09:11:34.500,14455.0000,430,0,0.0000,0.0000,0,0,多换,B,14445.0000,0.0000,0.0000,0.0000,0.0000,14540.0000,0.0000,0.0000,0.0000,0.0000,1,0,0,0,0,3,0,0,0,0
sc,zn1302,2012-06-29 09:11:35.000,14455.0000,430,0,0.0000,0.0000,0,0,多换,B,14445.0000,0.0000,0.0000,0.0000,0.0000,14535.0000,0.0000,0.0000,0.0000,0.0000,1,0,0,0,0,1,0,0,0,0
sc,zn1302,2012-06-29 09:11:52.500,14455.0000,430,0,0.0000,0.0000,0,0,多换,B,14445.0000,0.0000,0.0000,0.0000,0.0000,14530.0000,0.0000,0.0000,0.0000,0.0000,1,0,0,0,0,3,0,0,0,0
sc,zn1302,2012-06-29 09:11:53.000,14455.0000,430,0,0.0000,0.0000,0,0,多换,B,14445.0000,0.0000,0.0000,0.0000,0.0000,14530.0000,0.0000,0.0000,0.0000,0.0000,1,0,0,0,0,3,0,0,0,0
sc,zn1302,2012-06-29 09:11:59.000,14455.0000,430,0,0.0000,0.0000,0,0,多换,B,14435.0000,0.0000,0.0000,0.0000,0.0000,14530.0000,0.0000,0.0000,0.0000,0.0000,1,0,0,0,0,3,0,0,0,0
sc,zn1302,2012-06-29 09:11:59.500,14455.0000,430,0,0.0000,0.0000,0,0,多换,B,14440.0000,0.0000,0.0000,0.0000,0.0000,14530.0000,0.0000,0.0000,0.0000,0.0000,1,0,0,0,0,3,0,0,0,0
sc,zn1302,2012-06-29 09:12:08.500,14455.0000,430,0,0.0000,0.0000,0,0,多换,B,14440.0000,0.0000,0.0000,0.0000,0.0000,14630.0000,0.0000,0.0000,0.0000,0.0000,1,0,0,0,0,6,0,0,0,0
sc,zn1302,2012-06-29 09:12:09.000,14455.0000,430,0,0.0000,0.0000,0,0,多换,B,14440.0000,0.0000,0.0000,0.0000,0.0000,14620.0000,0.0000,0.0000,0.0000,0.0000,1,0,0,0,0,10,0,0,0,0
sc,zn1302,2012-06-29 09:12:09.500,14455.0000,430,0,0.0000,0.0000,0,0,多换,B,14440.0000,0.0000,0.0000,0.0000,0.0000,14615.0000,0.0000,0.0000,0.0000,0.0000,1,0,0,0,0,1,0,0,0,0
sc,zn1302,2012-06-29 09:12:10.000,14455.0000,430,0,0.0000,0.0000,0,0,多换,B,14440.0000,0.0000,0.0000,0.0000,0.0000,14605.0000,0.0000,0.0000,0.0000,0.0000,1,0,0,0,0,8,0,0,0,0
sc,zn1302,2012-06-29 09:12:10.500,14455.0000,430,0,0.0000,0.0000,0,0,多换,B,14440.0000,0.0000,0.0000,0.0000,0.0000,14600.0000,0.0000,0.0000,0.0000,0.0000,1,0,0,0,0,1,0,0,0,0
sc,zn1302,2012-06-29 09:12:11.000,14455.0000,430,0,0.0000,0.0000,0,0,多换,B,14440.0000,0.0000,0.0000,0.0000,0.0000,14595.0000,0.0000,0.0000,0.0000,0.0000,1,0,0,0,0,8,0,0,0,0
sc,zn1302,2012-06-29 09:12:11.500,14455.0000,430,0,0.0000,0.0000,0,0,多换,B,14440.0000,0.0000,0.0000,0.0000,0.0000,14590.0000,0.0000,0.0000,0.0000,0.0000,1,0,0,0,0,6,0,0,0,0
sc,zn1302,2012-06-29 09:12:12.000,14455.0000,430,0,0.0000,0.0000,0,0,多换,B,14440.0000,0.0000,0.0000,0.0000,0.0000,14585.0000,0.0000,0.0000,0.0000,0.0000,1,0,0,0,0,8,0,0,0,0
sc,zn1302,2012-06-29 09:12:12.500,14455.0000,430,0,0.0000,0.0000,0,0,多换,B,14440.0000,0.0000,0.0000,0.0000,0.0000,14580.0000,0.0000,0.0000,0.0000,0.0000,1,0,0,0,0,1,0,0,0,0
sc,zn1302,2012-06-29 09:12:13.000,14455.0000,430,0,0.0000,0.0000,0,0,多换,B,14440.0000,0.0000,0.0000,0.0000,0.0000,14575.0000,0.0000,0.0000,0.0000,0.0000,1,0,0,0,0,5,0,0,0,0
sc,zn1302,2012-06-29 09:12:13.500,14455.0000,430,0,0.0000,0.0000,0,0,多换,B,14440.0000,0.0000,0.0000,0.0000,0.0000,14570.0000,0.0000,0.0000,0.0000,0.0000,1,0,0,0,0,1,0,0,0,0
sc,zn1302,2012-06-29 09:12:14.000,14455.0000,430,0,0.0000,0.0000,0,0,多换,B,14440.0000,0.0000,0.0000,0.0000,0.0000,14565.0000,0.0000,0.0000,0.0000,0.0000,1,0,0,0,0,5,0,0,0,0
sc,zn1302,2012-06-29 09:12:14.500,14455.0000,430,0,0.0000,0.0000,0,0,多换,B,14440.0000,0.0000,0.0000,0.0000,0.0000,14560.0000,0.0000,0.0000,0.0000,0.0000,1,0,0,0,0,1,0,0,0,0
sc,zn1302,2012-06-29 09:12:15.000,14455.0000,430,0,0.0000,0.0000,0,0,多换,B,14440.0000,0.0000,0.0000,0.0000,0.0000,14555.0000,0.0000,0.0000,0.0000,0.0000,1,0,0,0,0,5,0,0,0,0
sc,zn1302,2012-06-29 09:12:15.500,14455.0000,430,0,0.0000,0.0000,0,0,多换,B,14440.0000,0.0000,0.0000,0.0000,0.0000,14550.0000,0.0000,0.0000,0.0000,0.0000,1,0,0,0,0,1,0,0,0,0
sc,zn1302,2012-06-29 09:12:16.000,14455.0000,430,0,0.0000,0.0000,0,0,多换,B,14440.0000,0.0000,0.0000,0.0000,0.0000,14550.0000,0.0000,0.0000,0.0000,0.0000,1,0,0,0,0,6,0,0,0,0
sc,zn1302,2012-06-29 09:12:16.500,14455.0000,430,0,0.0000,0.0000,0,0,多换,B,14440.0000,0.0000,0.0000,0.0000,0.0000,14545.0000,0.0000,0.0000,0.0000,0.0000,1,0,0,0,0,1,0,0,0,0
sc,zn1302,2012-06-29 09:12:17.000,14455.0000,430,0,0.0000,0.0000,0,0,多换,B,14440.0000,0.0000,0.0000,0.0000,0.0000,14540.0000,0.0000,0.0000,0.0000,0.0000,1,0,0,0,0,1,0,0,0,0
sc,zn1302,2012-06-29 09:12:17.500,14455.0000,430,0,0.0000,0.0000,0,0,多换,B,14440.0000,0.0000,0.0000,0.0000,0.0000,14540.0000,0.0000,0.0000,0.0000,0.0000,1,0,0,0,0,1,0,0,0,0
sc,zn1302,2012-06-29 09:12:20.000,14455.0000,430,0,0.0000,0.0000,0,0,多换,B,14440.0000,0.0000,0.0000,0.0000,0.0000,14520.0000,0.0000,0.0000,0.0000,0.0000,1,0,0,0,0,3,0,0,0,0
sc,zn1302,2012-06-29 09:12:20.500,14455.0000,430,0,0.0000,0.0000,0,0,多换,B,14440.0000,0.0000,0.0000,0.0000,0.0000,14520.0000,0.0000,0.0000,0.0000,0.0000,1,0,0,0,0,3,0,0,0,0
sc,zn1302,2012-06-29 09:12:22.000,14455.0000,430,0,0.0000,0.0000,0,0,多换,B,14440.0000,0.0000,0.0000,0.0000,0.0000,14520.0000,0.0000,0.0000,0.0000,0.0000,1,0,0,0,0,3,0,0,0,0
sc,zn1302,2012-06-29 09:12:22.500,14455.0000,430,0,0.0000,0.0000,0,0,多换,B,14440.0000,0.0000,0.0000,0.0000,0.0000,14520.0000,0.0000,0.0000,0.0000,0.0000,1,0,0,0,0,3,0,0,0,0
sc,zn1302,2012-06-29 09:12:48.500,14455.0000,430,0,0.0000,0.0000,0,0,多换,B,14445.0000,0.0000,0.0000,0.0000,0.0000,14520.0000,0.0000,0.0000,0.0000,0.0000,2,0,0,0,0,3,0,0,0,0
sc,zn1302,2012-06-29 09:12:49.000,14455.0000,430,0,0.0000,0.0000,0,0,多换,B,14445.0000,0.0000,0.0000,0.0000,0.0000,14520.0000,0.0000,0.0000,0.0000,0.0000,2,0,0,0,0,3,0,0,0,0
sc,zn1302,2012-06-29 09:12:53.500,14455.0000,430,0,0.0000,0.0000,0,0,多换,B,14445.0000,0.0000,0.0000,0.0000,0.0000,14520.0000,0.0000,0.0000,0.0000,0.0000,2,0,0,0,0,3,0,0,0,0
sc,zn1302,2012-06-29 09:12:56.500,14455.0000,430,0,0.0000,0.0000,0,0,多换,B,14445.0000,0.0000,0.0000,0.0000,0.0000,14520.0000,0.0000,0.0000,0.0000,0.0000,2,0,0,0,0,3,0,0,0,0
sc,zn1302,2012-06-29 09:12:58.500,14455.0000,430,0,0.0000,0.0000,0,0,多换,B,14375.0000,0.0000,0.0000,0.0000,0.0000,14520.0000,0.0000,0.0000,0.0000,0.0000,1,0,0,0,0,3,0,0,0,0
sc,zn1302,2012-06-29 09:12:59.000,14455.0000,430,0,0.0000,0.0000,0,0,多换,B,14380.0000,0.0000,0.0000,0.0000,0.0000,14520.0000,0.0000,0.0000,0.0000,0.0000,23,0,0,0,0,3,0,0,0,0
sc,zn1302,2012-06-29 09:12:59.500,14455.0000,430,0,0.0000,0.0000,0,0,多换,B,14380.0000,0.0000,0.0000,0.0000,0.0000,14590.0000,0.0000,0.0000,0.0000,0.0000,23,0,0,0,0,5,0,0,0,0
sc,zn1302,2012-06-29 09:13:00.000,14455.0000,430,0,0.0000,0.0000,0,0,多换,B,14380.0000,0.0000,0.0000,0.0000,0.0000,14585.0000,0.0000,0.0000,0.0000,0.0000,23,0,0,0,0,9,0,0,0,0
sc,zn1302,2012-06-29 09:13:00.500,14455.0000,430,0,0.0000,0.0000,0,0,多换,B,14380.0000,0.0000,0.0000,0.0000,0.0000,14580.0000,0.0000,0.0000,0.0000,0.0000,23,0,0,0,0,1,0,0,0,0
sc,zn1302,2012-06-29 09:13:01.000,14455.0000,430,0,0.0000,0.0000,0,0,多换,B,14380.0000,0.0000,0.0000,0.0000,0.0000,14575.0000,0.0000,0.0000,0.0000,0.0000,23,0,0,0,0,9,0,0,0,0
sc,zn1302,2012-06-29 09:13:03.000,14455.0000,430,0,0.0000,0.0000,0,0,多换,B,14380.0000,0.0000,0.0000,0.0000,0.0000,14575.0000,0.0000,0.0000,0.0000,0.0000,20,0,0,0,0,9,0,0,0,0
sc,zn1302,2012-06-29 09:13:04.000,14455.0000,430,0,0.0000,0.0000,0,0,多换,B,14380.0000,0.0000,0.0000,0.0000,0.0000,14575.0000,0.0000,0.0000,0.0000,0.0000,20,0,0,0,0,9,0,0,0,0
sc,zn1302,2012-06-29 09:13:05.500,14455.0000,430,0,0.0000,0.0000,0,0,多换,B,14380.0000,0.0000,0.0000,0.0000,0.0000,14575.0000,0.0000,0.0000,0.0000,0.0000,20,0,0,0,0,9,0,0,0,0
sc,zn1302,2012-06-29 09:13:07.000,14455.0000,430,0,0.0000,0.0000,0,0,多换,B,14380.0000,0.0000,0.0000,0.0000,0.0000,14570.0000,0.0000,0.0000,0.0000,0.0000,20,0,0,0,0,1,0,0,0,0
sc,zn1302,2012-06-29 09:13:07.500,14455.0000,430,0,0.0000,0.0000,0,0,多换,B,14380.0000,0.0000,0.0000,0.0000,0.0000,14565.0000,0.0000,0.0000,0.0000,0.0000,20,0,0,0,0,14,0,0,0,0
sc,zn1302,2012-06-29 09:13:12.500,14455.0000,430,0,0.0000,0.0000,0,0,多换,B,14380.0000,0.0000,0.0000,0.0000,0.0000,14565.0000,0.0000,0.0000,0.0000,0.0000,20,0,0,0,0,14,0,0,0,0
sc,zn1302,2012-06-29 09:13:13.500,14455.0000,430,0,0.0000,0.0000,0,0,多换,B,14380.0000,0.0000,0.0000,0.0000,0.0000,14555.0000,0.0000,0.0000,0.0000,0.0000,20,0,0,0,0,1,0,0,0,0
sc,zn1302,2012-06-29 09:13:14.000,14455.0000,430,0,0.0000,0.0000,0,0,多换,B,14380.0000,0.0000,0.0000,0.0000,0.0000,14550.0000,0.0000,0.0000,0.0000,0.0000,20,0,0,0,0,6,0,0,0,0
sc,zn1302,2012-06-29 09:13:19.000,14455.0000,430,0,0.0000,0.0000,0,0,多换,B,14380.0000,0.0000,0.0000,0.0000,0.0000,14550.0000,0.0000,0.0000,0.0000,0.0000,20,0,0,0,0,6,0,0,0,0
sc,zn1302,2012-06-29 09:13:20.500,14455.0000,430,0,0.0000,0.0000,0,0,多换,B,14380.0000,0.0000,0.0000,0.0000,0.0000,14545.0000,0.0000,0.0000,0.0000,0.0000,20,0,0,0,0,1,0,0,0,0
sc,zn1302,2012-06-29 09:13:21.000,14455.0000,430,0,0.0000,0.0000,0,0,多换,B,14380.0000,0.0000,0.0000,0.0000,0.0000,14540.0000,0.0000,0.0000,0.0000,0.0000,20,0,0,0,0,6,0,0,0,0
sc,zn1302,2012-06-29 09:13:26.000,14455.0000,430,0,0.0000,0.0000,0,0,多换,B,14380.0000,0.0000,0.0000,0.0000,0.0000,14540.0000,0.0000,0.0000,0.0000,0.0000,20,0,0,0,0,6,0,0,0,0
sc,zn1302,2012-06-29 09:13:27.000,14455.0000,430,0,0.0000,0.0000,0,0,多换,B,14380.0000,0.0000,0.0000,0.0000,0.0000,14535.0000,0.0000,0.0000,0.0000,0.0000,20,0,0,0,0,1,0,0,0,0
sc,zn1302,2012-06-29 09:13:27.500,14455.0000,430,0,0.0000,0.0000,0,0,多换,B,14380.0000,0.0000,0.0000,0.0000,0.0000,14530.0000,0.0000,0.0000,0.0000,0.0000,10,0,0,0,0,6,0,0,0,0
sc,zn1302,2012-06-29 09:13:29.500,14455.0000,430,0,0.0000,0.0000,0,0,多换,B,14380.0000,0.0000,0.0000,0.0000,0.0000,14530.0000,0.0000,0.0000,0.0000,0.0000,9,0,0,0,0,6,0,0,0,0
sc,zn1302,2012-06-29 09:13:30.000,14455.0000,430,0,0.0000,0.0000,0,0,多换,B,14385.0000,0.0000,0.0000,0.0000,0.0000,14530.0000,0.0000,0.0000,0.0000,0.0000,1,0,0,0,0,6,0,0,0,0
sc,zn1302,2012-06-29 09:13:30.500,14455.0000,430,0,0.0000,0.0000,0,0,多换,B,14390.0000,0.0000,0.0000,0.0000,0.0000,14530.0000,0.0000,0.0000,0.0000,0.0000,5,0,0,0,0,6,0,0,0,0
sc,zn1302,2012-06-29 09:13:31.000,14455.0000,430,0,0.0000,0.0000,0,0,多换,B,14390.0000,0.0000,0.0000,0.0000,0.0000,14530.0000,0.0000,0.0000,0.0000,0.0000,5,0,0,0,0,6,0,0,0,0
sc,zn1302,2012-06-29 09:13:32.500,14455.0000,430,0,0.0000,0.0000,0,0,多换,B,14390.0000,0.0000,0.0000,0.0000,0.0000,14530.0000,0.0000,0.0000,0.0000,0.0000,5,0,0,0,0,6,0,0,0,0
sc,zn1302,2012-06-29 09:13:33.500,14455.0000,430,0,0.0000,0.0000,0,0,多换,B,14395.0000,0.0000,0.0000,0.0000,0.0000,14530.0000,0.0000,0.0000,0.0000,0.0000,1,0,0,0,0,6,0,0,0,0
sc,zn1302,2012-06-29 09:13:34.000,14455.0000,430,0,0.0000,0.0000,0,0,多换,B,14400.0000,0.0000,0.0000,0.0000,0.0000,14520.0000,0.0000,0.0000,0.0000,0.0000,5,0,0,0,0,1,0,0,0,0
sc,zn1302,2012-06-29 09:13:34.500,14455.0000,430,0,0.0000,0.0000,0,0,多换,B,14400.0000,0.0000,0.0000,0.0000,0.0000,14515.0000,0.0000,0.0000,0.0000,0.0000,5,0,0,0,0,1,0,0,0,0
sc,zn1302,2012-06-29 09:13:37.000,14455.0000,430,0,0.0000,0.0000,0,0,多换,B,14400.0000,0.0000,0.0000,0.0000,0.0000,14510.0000,0.0000,0.0000,0.0000,0.0000,5,0,0,0,0,1,0,0,0,0
sc,zn1302,2012-06-29 09:13:37.500,14455.0000,430,0,0.0000,0.0000,0,0,多换,B,14405.0000,0.0000,0.0000,0.0000,0.0000,14505.0000,0.0000,0.0000,0.0000,0.0000,1,0,0,0,0,1,0,0,0,0
sc,zn1302,2012-06-29 09:13:38.000,14455.0000,430,0,0.0000,0.0000,0,0,多换,B,14405.0000,0.0000,0.0000,0.0000,0.0000,14505.0000,0.0000,0.0000,0.0000,0.0000,1,0,0,0,0,1,0,0,0,0
sc,zn1302,2012-06-29 09:13:39.500,14455.0000,430,0,0.0000,0.0000,0,0,多换,B,14405.0000,0.0000,0.0000,0.0000,0.0000,14505.0000,0.0000,0.0000,0.0000,0.0000,1,0,0,0,0,1,0,0,0,0
sc,zn1302,2012-06-29 09:13:45.500,14455.0000,430,0,0.0000,0.0000,0,0,多换,B,14405.0000,0.0000,0.0000,0.0000,0.0000,14505.0000,0.0000,0.0000,0.0000,0.0000,1,0,0,0,0,1,0,0,0,0
sc,zn1302,2012-06-29 09:13:49.000,14455.0000,430,0,0.0000,0.0000,0,0,多换,B,14405.0000,0.0000,0.0000,0.0000,0.0000,14505.0000,0.0000,0.0000,0.0000,0.0000,1,0,0,0,0,1,0,0,0,0
sc,zn1302,2012-06-29 09:13:50.000,14455.0000,430,0,0.0000,0.0000,0,0,多换,B,14405.0000,0.0000,0.0000,0.0000,0.0000,14505.0000,0.0000,0.0000,0.0000,0.0000,1,0,0,0,0,1,0,0,0,0
sc,zn1302,2012-06-29 09:14:08.000,14455.0000,430,0,0.0000,0.0000,0,0,多换,B,14405.0000,0.0000,0.0000,0.0000,0.0000,14530.0000,0.0000,0.0000,0.0000,0.0000,1,0,0,0,0,5,0,0,0,0
sc,zn1302,2012-06-29 09:14:08.500,14455.0000,430,0,0.0000,0.0000,0,0,多换,B,14405.0000,0.0000,0.0000,0.0000,0.0000,14525.0000,0.0000,0.0000,0.0000,0.0000,1,0,0,0,0,2,0,0,0,0
sc,zn1302,2012-06-29 09:14:15.000,14455.0000,430,0,0.0000,0.0000,0,0,多换,B,14405.0000,0.0000,0.0000,0.0000,0.0000,14525.0000,0.0000,0.0000,0.0000,0.0000,1,0,0,0,0,2,0,0,0,0
sc,zn1302,2012-06-29 09:14:15.500,14455.0000,430,0,0.0000,0.0000,0,0,多换,B,14405.0000,0.0000,0.0000,0.0000,0.0000,14525.0000,0.0000,0.0000,0.0000,0.0000,6,0,0,0,0,2,0,0,0,0
sc,zn1302,2012-06-29 09:14:20.000,14455.0000,430,0,0.0000,0.0000,0,0,多换,B,14405.0000,0.0000,0.0000,0.0000,0.0000,14525.0000,0.0000,0.0000,0.0000,0.0000,1,0,0,0,0,2,0,0,0,0
sc,zn1302,2012-06-29 09:14:27.500,14455.0000,430,0,0.0000,0.0000,0,0,多换,B,14405.0000,0.0000,0.0000,0.0000,0.0000,14525.0000,0.0000,0.0000,0.0000,0.0000,1,0,0,0,0,7,0,0,0,0
sc,zn1302,2012-06-29 09:14:29.000,14455.0000,430,0,0.0000,0.0000,0,0,多换,B,14405.0000,0.0000,0.0000,0.0000,0.0000,14525.0000,0.0000,0.0000,0.0000,0.0000,1,0,0,0,0,2,0,0,0,0
sc,zn1302,2012-06-29 09:14:30.500,14455.0000,430,0,0.0000,0.0000,0,0,多换,B,14405.0000,0.0000,0.0000,0.0000,0.0000,14525.0000,0.0000,0.0000,0.0000,0.0000,1,0,0,0,0,7,0,0,0,0
sc,zn1302,2012-06-29 09:14:31.500,14455.0000,430,0,0.0000,0.0000,0,0,多换,B,14405.0000,0.0000,0.0000,0.0000,0.0000,14525.0000,0.0000,0.0000,0.0000,0.0000,1,0,0,0,0,2,0,0,0,0
sc,zn1302,2012-06-29 09:14:33.000,14455.0000,430,0,0.0000,0.0000,0,0,多换,B,14405.0000,0.0000,0.0000,0.0000,0.0000,14525.0000,0.0000,0.0000,0.0000,0.0000,1,0,0,0,0,7,0,0,0,0
sc,zn1302,2012-06-29 09:14:37.000,14455.0000,430,0,0.0000,0.0000,0,0,多换,B,14405.0000,0.0000,0.0000,0.0000,0.0000,14525.0000,0.0000,0.0000,0.0000,0.0000,1,0,0,0,0,2,0,0,0,0
sc,zn1302,2012-06-29 09:14:38.000,14455.0000,430,0,0.0000,0.0000,0,0,多换,B,14405.0000,0.0000,0.0000,0.0000,0.0000,14525.0000,0.0000,0.0000,0.0000,0.0000,1,0,0,0,0,7,0,0,0,0
sc,zn1302,2012-06-29 09:14:38.500,14455.0000,430,0,0.0000,0.0000,0,0,多换,B,14405.0000,0.0000,0.0000,0.0000,0.0000,14525.0000,0.0000,0.0000,0.0000,0.0000,1,0,0,0,0,2,0,0,0,0
sc,zn1302,2012-06-29 09:14:39.000,14455.0000,430,0,0.0000,0.0000,0,0,多换,B,14405.0000,0.0000,0.0000,0.0000,0.0000,14525.0000,0.0000,0.0000,0.0000,0.0000,1,0,0,0,0,6,0,0,0,0
sc,zn1302,2012-06-29 09:14:39.500,14455.0000,430,0,0.0000,0.0000,0,0,多换,B,14405.0000,0.0000,0.0000,0.0000,0.0000,14520.0000,0.0000,0.0000,0.0000,0.0000,1,0,0,0,0,1,0,0,0,0
sc,zn1302,2012-06-29 09:14:40.000,14455.0000,430,0,0.0000,0.0000,0,0,多换,B,14405.0000,0.0000,0.0000,0.0000,0.0000,14520.0000,0.0000,0.0000,0.0000,0.0000,1,0,0,0,0,1,0,0,0,0
sc,zn1302,2012-06-29 09:14:41.500,14455.0000,430,0,0.0000,0.0000,0,0,多换,B,14405.0000,0.0000,0.0000,0.0000,0.0000,14510.0000,0.0000,0.0000,0.0000,0.0000,1,0,0,0,0,1,0,0,0,0
sc,zn1302,2012-06-29 09:14:42.000,14455.0000,430,0,0.0000,0.0000,0,0,多换,B,14405.0000,0.0000,0.0000,0.0000,0.0000,14505.0000,0.0000,0.0000,0.0000,0.0000,1,0,0,0,0,1,0,0,0,0
sc,zn1302,2012-06-29 09:14:46.000,14455.0000,430,0,0.0000,0.0000,0,0,多换,B,14410.0000,0.0000,0.0000,0.0000,0.0000,14505.0000,0.0000,0.0000,0.0000,0.0000,2,0,0,0,0,1,0,0,0,0
sc,zn1302,2012-06-29 09:14:46.500,14455.0000,430,0,0.0000,0.0000,0,0,多换,B,14410.0000,0.0000,0.0000,0.0000,0.0000,14505.0000,0.0000,0.0000,0.0000,0.0000,2,0,0,0,0,1,0,0,0,0
sc,zn1302,2012-06-29 09:14:47.000,14455.0000,430,0,0.0000,0.0000,0,0,多换,B,14410.0000,0.0000,0.0000,0.0000,0.0000,14505.0000,0.0000,0.0000,0.0000,0.0000,2,0,0,0,0,1,0,0,0,0
sc,zn1302,2012-06-29 09:14:51.500,14455.0000,430,0,0.0000,0.0000,0,0,多换,B,14330.0000,0.0000,0.0000,0.0000,0.0000,14505.0000,0.0000,0.0000,0.0000,0.0000,1,0,0,0,0,1,0,0,0,0
sc,zn1302,2012-06-29 09:14:52.000,14455.0000,430,0,0.0000,0.0000,0,0,多换,B,14340.0000,0.0000,0.0000,0.0000,0.0000,14505.0000,0.0000,0.0000,0.0000,0.0000,8,0,0,0,0,1,0,0,0,0
sc,zn1302,2012-06-29 09:14:52.500,14455.0000,430,0,0.0000,0.0000,0,0,多换,B,14355.0000,0.0000,0.0000,0.0000,0.0000,14480.0000,0.0000,0.0000,0.0000,0.0000,10,0,0,0,0,3,0,0,0,0
sc,zn1302,2012-06-29 09:14:53.000,14455.0000,430,0,0.0000,0.0000,0,0,多换,B,14360.0000,0.0000,0.0000,0.0000,0.0000,14480.0000,0.0000,0.0000,0.0000,0.0000,9,0,0,0,0,3,0,0,0,0
sc,zn1302,2012-06-29 09:14:53.500,14455.0000,430,0,0.0000,0.0000,0,0,多换,B,14365.0000,0.0000,0.0000,0.0000,0.0000,14480.0000,0.0000,0.0000,0.0000,0.0000,10,0,0,0,0,3,0,0,0,0
sc,zn1302,2012-06-29 09:14:54.000,14455.0000,430,0,0.0000,0.0000,0,0,多换,B,14370.0000,0.0000,0.0000,0.0000,0.0000,14480.0000,0.0000,0.0000,0.0000,0.0000,6,0,0,0,0,3,0,0,0,0
sc,zn1302,2012-06-29 09:14:54.500,14455.0000,430,0,0.0000,0.0000,0,0,多换,B,14370.0000,0.0000,0.0000,0.0000,0.0000,14480.0000,0.0000,0.0000,0.0000,0.0000,16,0,0,0,0,3,0,0,0,0
sc,zn1302,2012-06-29 09:14:55.500,14455.0000,430,0,0.0000,0.0000,0,0,多换,B,14375.0000,0.0000,0.0000,0.0000,0.0000,14480.0000,0.0000,0.0000,0.0000,0.0000,1,0,0,0,0,3,0,0,0,0
sc,zn1302,2012-06-29 09:14:56.000,14455.0000,430,0,0.0000,0.0000,0,0,多换,B,14380.0000,0.0000,0.0000,0.0000,0.0000,14480.0000,0.0000,0.0000,0.0000,0.0000,8,0,0,0,0,3,0,0,0,0
sc,zn1302,2012-06-29 09:14:56.500,14455.0000,430,0,0.0000,0.0000,0,0,多换,B,14380.0000,0.0000,0.0000,0.0000,0.0000,14480.0000,0.0000,0.0000,0.0000,0.0000,8,0,0,0,0,3,0,0,0,0
sc,zn1302,2012-06-29 09:14:57.500,14455.0000,430,0,0.0000,0.0000,0,0,多换,B,14380.0000,0.0000,0.0000,0.0000,0.0000,14480.0000,0.0000,0.0000,0.0000,0.0000,8,0,0,0,0,3,0,0,0,0
sc,zn1302,2012-06-29 09:14:59.500,14455.0000,430,0,0.0000,0.0000,0,0,多换,B,14385.0000,0.0000,0.0000,0.0000,0.0000,14480.0000,0.0000,0.0000,0.0000,0.0000,1,0,0,0,0,3,0,0,0,0
sc,zn1302,2012-06-29 09:15:00.000,14455.0000,430,0,0.0000,0.0000,0,0,多换,B,14390.0000,0.0000,0.0000,0.0000,0.0000,14480.0000,0.0000,0.0000,0.0000,0.0000,5,0,0,0,0,3,0,0,0,0
sc,zn1302,2012-06-29 09:15:00.500,14455.0000,430,0,0.0000,0.0000,0,0,多换,B,14390.0000,0.0000,0.0000,0.0000,0.0000,14480.0000,0.0000,0.0000,0.0000,0.0000,5,0,0,0,0,3,0,0,0,0
sc,zn1302,2012-06-29 09:15:03.500,14455.0000,430,0,0.0000,0.0000,0,0,多换,B,14395.0000,0.0000,0.0000,0.0000,0.0000,14480.0000,0.0000,0.0000,0.0000,0.0000,1,0,0,0,0,3,0,0,0,0
sc,zn1302,2012-06-29 09:15:04.500,14455.0000,430,0,0.0000,0.0000,0,0,多换,B,14395.0000,0.0000,0.0000,0.0000,0.0000,14480.0000,0.0000,0.0000,0.0000,0.0000,1,0,0,0,0,3,0,0,0,0
sc,zn1302,2012-06-29 09:15:05.500,14455.0000,430,0,0.0000,0.0000,0,0,多换,B,14395.0000,0.0000,0.0000,0.0000,0.0000,14480.0000,0.0000,0.0000,0.0000,0.0000,6,0,0,0,0,3,0,0,0,0
sc,zn1302,2012-06-29 09:15:10.000,14455.0000,430,0,0.0000,0.0000,0,0,多换,B,14395.0000,0.0000,0.0000,0.0000,0.0000,14480.0000,0.0000,0.0000,0.0000,0.0000,1,0,0,0,0,3,0,0,0,0
sc,zn1302,2012-06-29 09:15:10.500,14455.0000,430,0,0.0000,0.0000,0,0,多换,B,14395.0000,0.0000,0.0000,0.0000,0.0000,14480.0000,0.0000,0.0000,0.0000,0.0000,6,0,0,0,0,3,0,0,0,0
sc,zn1302,2012-06-29 09:15:12.500,14455.0000,430,0,0.0000,0.0000,0,0,多换,B,14395.0000,0.0000,0.0000,0.0000,0.0000,14480.0000,0.0000,0.0000,0.0000,0.0000,1,0,0,0,0,3,0,0,0,0
sc,zn1302,2012-06-29 09:15:27.000,14455.0000,430,0,0.0000,0.0000,0,0,多换,B,14400.0000,0.0000,0.0000,0.0000,0.0000,14480.0000,0.0000,0.0000,0.0000,0.0000,2,0,0,0,0,3,0,0,0,0
sc,zn1302,2012-06-29 09:15:27.500,14455.0000,430,0,0.0000,0.0000,0,0,多换,B,14400.0000,0.0000,0.0000,0.0000,0.0000,14480.0000,0.0000,0.0000,0.0000,0.0000,2,0,0,0,0,3,0,0,0,0
sc,zn1302,2012-06-29 09:15:30.500,14455.0000,430,0,0.0000,0.0000,0,0,多换,B,14405.0000,0.0000,0.0000,0.0000,0.0000,14480.0000,0.0000,0.0000,0.0000,0.0000,1,0,0,0,0,3,0,0,0,0
sc,zn1302,2012-06-29 09:15:31.000,14455.0000,430,0,0.0000,0.0000,0,0,多换,B,14405.0000,0.0000,0.0000,0.0000,0.0000,14480.0000,0.0000,0.0000,0.0000,0.0000,1,0,0,0,0,3,0,0,0,0
sc,zn1302,2012-06-29 09:15:59.500,14455.0000,430,0,0.0000,0.0000,0,0,多换,B,14410.0000,0.0000,0.0000,0.0000,0.0000,14480.0000,0.0000,0.0000,0.0000,0.0000,2,0,0,0,0,3,0,0,0,0
sc,zn1302,2012-06-29 09:16:00.000,14455.0000,430,0,0.0000,0.0000,0,0,多换,B,14410.0000,0.0000,0.0000,0.0000,0.0000,14480.0000,0.0000,0.0000,0.0000,0.0000,2,0,0,0,0,3,0,0,0,0
sc,zn1302,2012-06-29 09:16:02.500,14455.0000,430,0,0.0000,0.0000,0,0,多换,B,14415.0000,0.0000,0.0000,0.0000,0.0000,14480.0000,0.0000,0.0000,0.0000,0.0000,1,0,0,0,0,3,0,0,0,0
sc,zn1302,2012-06-29 09:17:55.500,14455.0000,430,0,0.0000,0.0000,0,0,多换,B,14415.0000,0.0000,0.0000,0.0000,0.0000,14475.0000,0.0000,0.0000,0.0000,0.0000,1,0,0,0,0,1,0,0,0,0
sc,zn1302,2012-06-29 09:18:04.000,14455.0000,430,0,0.0000,0.0000,0,0,多换,B,14415.0000,0.0000,0.0000,0.0000,0.0000,14480.0000,0.0000,0.0000,0.0000,0.0000,1,0,0,0,0,3,0,0,0,0
sc,zn1302,2012-06-29 09:18:05.500,14455.0000,430,0,0.0000,0.0000,0,0,多换,B,14415.0000,0.0000,0.0000,0.0000,0.0000,14480.0000,0.0000,0.0000,0.0000,0.0000,1,0,0,0,0,3,0,0,0,0
sc,zn1302,2012-06-29 09:18:34.000,14455.0000,430,0,0.0000,0.0000,0,0,多换,B,14415.0000,0.0000,0.0000,0.0000,0.0000,14475.0000,0.0000,0.0000,0.0000,0.0000,1,0,0,0,0,1,0,0,0,0
sc,zn1302,2012-06-29 09:18:42.500,14455.0000,430,0,0.0000,0.0000,0,0,多换,B,14415.0000,0.0000,0.0000,0.0000,0.0000,14480.0000,0.0000,0.0000,0.0000,0.0000,1,0,0,0,0,3,0,0,0,0
sc,zn1302,2012-06-29 09:19:04.500,14455.0000,430,0,0.0000,0.0000,0,0,多换,B,14410.0000,0.0000,0.0000,0.0000,0.0000,14480.0000,0.0000,0.0000,0.0000,0.0000,2,0,0,0,0,3,0,0,0,0
sc,zn1302,2012-06-29 09:19:07.500,14455.0000,430,0,0.0000,0.0000,0,0,多换,B,14415.0000,0.0000,0.0000,0.0000,0.0000,14480.0000,0.0000,0.0000,0.0000,0.0000,1,0,0,0,0,3,0,0,0,0
sc,zn1302,2012-06-29 09:20:46.000,14455.0000,430,0,0.0000,0.0000,0,0,多换,B,14420.0000,0.0000,0.0000,0.0000,0.0000,14480.0000,0.0000,0.0000,0.0000,0.0000,2,0,0,0,0,3,0,0,0,0
sc,zn1302,2012-06-29 09:20:46.500,14455.0000,430,0,0.0000,0.0000,0,0,多换,B,14420.0000,0.0000,0.0000,0.0000,0.0000,14480.0000,0.0000,0.0000,0.0000,0.0000,2,0,0,0,0,3,0,0,0,0
sc,zn1302,2012-06-29 09:21:36.500,14455.0000,430,0,0.0000,0.0000,0,0,多换,B,14410.0000,0.0000,0.0000,0.0000,0.0000,14480.0000,0.0000,0.0000,0.0000,0.0000,2,0,0,0,0,3,0,0,0,0
sc,zn1302,2012-06-29 09:24:00.000,14455.0000,430,0,0.0000,0.0000,0,0,多换,B,14410.0000,0.0000,0.0000,0.0000,0.0000,14475.0000,0.0000,0.0000,0.0000,0.0000,2,0,0,0,0,1,0,0,0,0
sc,zn1302,2012-06-29 09:24:01.500,14455.0000,430,0,0.0000,0.0000,0,0,多换,B,14415.0000,0.0000,0.0000,0.0000,0.0000,14475.0000,0.0000,0.0000,0.0000,0.0000,1,0,0,0,0,1,0,0,0,0
sc,zn1302,2012-06-29 09:24:02.000,14455.0000,430,0,0.0000,0.0000,0,0,多换,B,14415.0000,0.0000,0.0000,0.0000,0.0000,14475.0000,0.0000,0.0000,0.0000,0.0000,1,0,0,0,0,1,0,0,0,0
sc,zn1302,2012-06-29 09:24:08.500,14455.0000,430,0,0.0000,0.0000,0,0,多换,B,14415.0000,0.0000,0.0000,0.0000,0.0000,14480.0000,0.0000,0.0000,0.0000,0.0000,1,0,0,0,0,3,0,0,0,0
sc,zn1302,2012-06-29 09:24:30.500,14455.0000,430,0,0.0000,0.0000,0,0,多换,B,14415.0000,0.0000,0.0000,0.0000,0.0000,14555.0000,0.0000,0.0000,0.0000,0.0000,1,0,0,0,0,1,0,0,0,0
sc,zn1302,2012-06-29 09:24:31.000,14455.0000,430,0,0.0000,0.0000,0,0,多换,B,14415.0000,0.0000,0.0000,0.0000,0.0000,14550.0000,0.0000,0.0000,0.0000,0.0000,1,0,0,0,0,9,0,0,0,0
sc,zn1302,2012-06-29 09:24:31.500,14455.0000,430,0,0.0000,0.0000,0,0,多换,B,14415.0000,0.0000,0.0000,0.0000,0.0000,14545.0000,0.0000,0.0000,0.0000,0.0000,1,0,0,0,0,1,0,0,0,0
sc,zn1302,2012-06-29 09:24:32.000,14455.0000,430,0,0.0000,0.0000,0,0,多换,B,14415.0000,0.0000,0.0000,0.0000,0.0000,14540.0000,0.0000,0.0000,0.0000,0.0000,1,0,0,0,0,6,0,0,0,0
sc,zn1302,2012-06-29 09:24:37.000,14455.0000,430,0,0.0000,0.0000,0,0,多换,B,14415.0000,0.0000,0.0000,0.0000,0.0000,14540.0000,0.0000,0.0000,0.0000,0.0000,1,0,0,0,0,6,0,0,0,0
sc,zn1302,2012-06-29 09:24:38.000,14455.0000,430,0,0.0000,0.0000,0,0,多换,B,14415.0000,0.0000,0.0000,0.0000,0.0000,14530.0000,0.0000,0.0000,0.0000,0.0000,1,0,0,0,0,1,0,0,0,0
sc,zn1302,2012-06-29 09:24:38.500,14455.0000,430,0,0.0000,0.0000,0,0,多换,B,14415.0000,0.0000,0.0000,0.0000,0.0000,14525.0000,0.0000,0.0000,0.0000,0.0000,1,0,0,0,0,6,0,0,0,0
sc,zn1302,2012-06-29 09:24:39.000,14455.0000,430,0,0.0000,0.0000,0,0,多换,B,14415.0000,0.0000,0.0000,0.0000,0.0000,14525.0000,0.0000,0.0000,0.0000,0.0000,1,0,0,0,0,6,0,0,0,0
sc,zn1302,2012-06-29 09:24:43.500,14455.0000,430,0,0.0000,0.0000,0,0,多换,B,14415.0000,0.0000,0.0000,0.0000,0.0000,14525.0000,0.0000,0.0000,0.0000,0.0000,1,0,0,0,0,6,0,0,0,0
sc,zn1302,2012-06-29 09:24:50.000,14455.0000,430,0,0.0000,0.0000,0,0,多换,B,14420.0000,0.0000,0.0000,0.0000,0.0000,14525.0000,0.0000,0.0000,0.0000,0.0000,2,0,0,0,0,6,0,0,0,0
sc,zn1302,2012-06-29 09:24:50.500,14455.0000,430,0,0.0000,0.0000,0,0,多换,B,14420.0000,0.0000,0.0000,0.0000,0.0000,14525.0000,0.0000,0.0000,0.0000,0.0000,2,0,0,0,0,6,0,0,0,0
sc,zn1302,2012-06-29 09:25:10.000,14455.0000,430,0,0.0000,0.0000,0,0,多换,B,14420.0000,0.0000,0.0000,0.0000,0.0000,14525.0000,0.0000,0.0000,0.0000,0.0000,2,0,0,0,0,5,0,0,0,0
sc,zn1302,2012-06-29 09:25:10.500,14455.0000,430,0,0.0000,0.0000,0,0,多换,B,14420.0000,0.0000,0.0000,0.0000,0.0000,14520.0000,0.0000,0.0000,0.0000,0.0000,2,0,0,0,0,1,0,0,0,0
sc,zn1302,2012-06-29 09:25:20.500,14455.0000,430,0,0.0000,0.0000,0,0,多换,B,14420.0000,0.0000,0.0000,0.0000,0.0000,14515.0000,0.0000,0.0000,0.0000,0.0000,2,0,0,0,0,1,0,0,0,0
sc,zn1302,2012-06-29 09:25:21.000,14455.0000,430,0,0.0000,0.0000,0,0,多换,B,14420.0000,0.0000,0.0000,0.0000,0.0000,14515.0000,0.0000,0.0000,0.0000,0.0000,2,0,0,0,0,1,0,0,0,0
sc,zn1302,2012-06-29 09:25:29.000,14455.0000,430,0,0.0000,0.0000,0,0,多换,B,14420.0000,0.0000,0.0000,0.0000,0.0000,14525.0000,0.0000,0.0000,0.0000,0.0000,2,0,0,0,0,5,0,0,0,0
sc,zn1302,2012-06-29 09:25:29.500,14455.0000,430,0,0.0000,0.0000,0,0,多换,B,14420.0000,0.0000,0.0000,0.0000,0.0000,14520.0000,0.0000,0.0000,0.0000,0.0000,2,0,0,0,0,1,0,0,0,0
sc,zn1302,2012-06-29 09:25:44.500,14455.0000,430,0,0.0000,0.0000,0,0,多换,B,14420.0000,0.0000,0.0000,0.0000,0.0000,14520.0000,0.0000,0.0000,0.0000,0.0000,2,0,0,0,0,6,0,0,0,0
sc,zn1302,2012-06-29 09:25:58.000,14455.0000,430,0,0.0000,0.0000,0,0,多换,B,14420.0000,0.0000,0.0000,0.0000,0.0000,14520.0000,0.0000,0.0000,0.0000,0.0000,2,0,0,0,0,1,0,0,0,0
sc,zn1302,2012-06-29 09:25:59.000,14455.0000,430,0,0.0000,0.0000,0,0,多换,B,14420.0000,0.0000,0.0000,0.0000,0.0000,14520.0000,0.0000,0.0000,0.0000,0.0000,2,0,0,0,0,6,0,0,0,0
sc,zn1302,2012-06-29 09:25:59.500,14455.0000,430,0,0.0000,0.0000,0,0,多换,B,14420.0000,0.0000,0.0000,0.0000,0.0000,14520.0000,0.0000,0.0000,0.0000,0.0000,2,0,0,0,0,5,0,0,0,0
sc,zn1302,2012-06-29 09:26:00.000,14455.0000,430,0,0.0000,0.0000,0,0,多换,B,14420.0000,0.0000,0.0000,0.0000,0.0000,14515.0000,0.0000,0.0000,0.0000,0.0000,2,0,0,0,0,1,0,0,0,0
sc,zn1302,2012-06-29 09:26:22.500,14455.0000,430,0,0.0000,0.0000,0,0,多换,B,14420.0000,0.0000,0.0000,0.0000,0.0000,14510.0000,0.0000,0.0000,0.0000,0.0000,2,0,0,0,0,3,0,0,0,0
sc,zn1302,2012-06-29 09:26:23.000,14455.0000,430,0,0.0000,0.0000,0,0,多换,B,14420.0000,0.0000,0.0000,0.0000,0.0000,14510.0000,0.0000,0.0000,0.0000,0.0000,2,0,0,0,0,3,0,0,0,0
sc,zn1302,2012-06-29 09:26:39.000,14455.0000,430,0,0.0000,0.0000,0,0,多换,B,14420.0000,0.0000,0.0000,0.0000,0.0000,14505.0000,0.0000,0.0000,0.0000,0.0000,2,0,0,0,0,1,0,0,0,0
sc,zn1302,2012-06-29 09:26:45.000,14455.0000,430,0,0.0000,0.0000,0,0,多换,B,14420.0000,0.0000,0.0000,0.0000,0.0000,14500.0000,0.0000,0.0000,0.0000,0.0000,2,0,0,0,0,3,0,0,0,0
sc,zn1302,2012-06-29 09:27:02.000,14455.0000,430,0,0.0000,0.0000,0,0,多换,B,14420.0000,0.0000,0.0000,0.0000,0.0000,14495.0000,0.0000,0.0000,0.0000,0.0000,2,0,0,0,0,1,0,0,0,0
sc,zn1302,2012-06-29 09:27:02.500,14455.0000,430,0,0.0000,0.0000,0,0,多换,B,14420.0000,0.0000,0.0000,0.0000,0.0000,14495.0000,0.0000,0.0000,0.0000,0.0000,2,0,0,0,0,1,0,0,0,0
sc,zn1302,2012-06-29 09:27:03.000,14455.0000,430,0,0.0000,0.0000,0,0,多换,B,14425.0000,0.0000,0.0000,0.0000,0.0000,14495.0000,0.0000,0.0000,0.0000,0.0000,2,0,0,0,0,1,0,0,0,0
sc,zn1302,2012-06-29 09:27:09.500,14455.0000,430,0,0.0000,0.0000,0,0,多换,B,14425.0000,0.0000,0.0000,0.0000,0.0000,14490.0000,0.0000,0.0000,0.0000,0.0000,2,0,0,0,0,3,0,0,0,0
sc,zn1302,2012-06-29 09:27:35.500,14455.0000,430,0,0.0000,0.0000,0,0,多换,B,14420.0000,0.0000,0.0000,0.0000,0.0000,14490.0000,0.0000,0.0000,0.0000,0.0000,4,0,0,0,0,3,0,0,0,0
sc,zn1302,2012-06-29 09:28:03.500,14455.0000,430,0,0.0000,0.0000,0,0,多换,B,14420.0000,0.0000,0.0000,0.0000,0.0000,14490.0000,0.0000,0.0000,0.0000,0.0000,4,0,0,0,0,3,0,0,0,0
sc,zn1302,2012-06-29 09:28:21.000,14455.0000,430,0,0.0000,0.0000,0,0,多换,B,14420.0000,0.0000,0.0000,0.0000,0.0000,14490.0000,0.0000,0.0000,0.0000,0.0000,2,0,0,0,0,3,0,0,0,0
sc,zn1302,2012-06-29 09:29:38.000,14455.0000,430,0,0.0000,0.0000,0,0,多换,B,14420.0000,0.0000,0.0000,0.0000,0.0000,14490.0000,0.0000,0.0000,0.0000,0.0000,2,0,0,0,0,3,0,0,0,0
sc,zn1302,2012-06-29 09:30:44.000,14455.0000,430,0,0.0000,0.0000,0,0,多换,B,14420.0000,0.0000,0.0000,0.0000,0.0000,14485.0000,0.0000,0.0000,0.0000,0.0000,2,0,0,0,0,2,0,0,0,0
sc,zn1302,2012-06-29 09:31:04.500,14455.0000,430,0,0.0000,0.0000,0,0,多换,B,14420.0000,0.0000,0.0000,0.0000,0.0000,14480.0000,0.0000,0.0000,0.0000,0.0000,2,0,0,0,0,3,0,0,0,0
sc,zn1302,2012-06-29 09:31:11.500,14455.0000,430,0,0.0000,0.0000,0,0,多换,B,14420.0000,0.0000,0.0000,0.0000,0.0000,14475.0000,0.0000,0.0000,0.0000,0.0000,2,0,0,0,0,1,0,0,0,0
sc,zn1302,2012-06-29 09:31:26.500,14455.0000,430,0,0.0000,0.0000,0,0,多换,B,14420.0000,0.0000,0.0000,0.0000,0.0000,14475.0000,0.0000,0.0000,0.0000,0.0000,2,0,0,0,0,2,0,0,0,0
sc,zn1302,2012-06-29 09:31:35.000,14455.0000,430,0,0.0000,0.0000,0,0,多换,B,14420.0000,0.0000,0.0000,0.0000,0.0000,14475.0000,0.0000,0.0000,0.0000,0.0000,2,0,0,0,0,1,0,0,0,0
sc,zn1302,2012-06-29 09:31:58.500,14455.0000,430,0,0.0000,0.0000,0,0,多换,B,14345.0000,0.0000,0.0000,0.0000,0.0000,14475.0000,0.0000,0.0000,0.0000,0.0000,1,0,0,0,0,1,0,0,0,0
sc,zn1302,2012-06-29 09:31:59.000,14455.0000,430,0,0.0000,0.0000,0,0,多换,B,14350.0000,0.0000,0.0000,0.0000,0.0000,14475.0000,0.0000,0.0000,0.0000,0.0000,22,0,0,0,0,1,0,0,0,0
sc,zn1302,2012-06-29 09:31:59.500,14455.0000,430,0,0.0000,0.0000,0,0,多换,B,14350.0000,0.0000,0.0000,0.0000,0.0000,14475.0000,0.0000,0.0000,0.0000,0.0000,23,0,0,0,0,1,0,0,0,0
sc,zn1302,2012-06-29 09:32:23.500,14455.0000,430,0,0.0000,0.0000,0,0,多换,B,14400.0000,0.0000,0.0000,0.0000,0.0000,14475.0000,0.0000,0.0000,0.0000,0.0000,2,0,0,0,0,1,0,0,0,0
sc,zn1302,2012-06-29 09:32:24.000,14455.0000,430,0,0.0000,0.0000,0,0,多换,B,14400.0000,0.0000,0.0000,0.0000,0.0000,14475.0000,0.0000,0.0000,0.0000,0.0000,2,0,0,0,0,1,0,0,0,0
sc,zn1302,2012-06-29 09:32:25.000,14455.0000,430,0,0.0000,0.0000,0,0,多换,B,14405.0000,0.0000,0.0000,0.0000,0.0000,14475.0000,0.0000,0.0000,0.0000,0.0000,2,0,0,0,0,1,0,0,0,0
sc,zn1302,2012-06-29 09:32:26.500,14455.0000,430,0,0.0000,0.0000,0,0,多换,B,14410.0000,0.0000,0.0000,0.0000,0.0000,14475.0000,0.0000,0.0000,0.0000,0.0000,1,0,0,0,0,1,0,0,0,0
sc,zn1302,2012-06-29 09:32:28.000,14455.0000,430,0,0.0000,0.0000,0,0,多换,B,14410.0000,0.0000,0.0000,0.0000,0.0000,14475.0000,0.0000,0.0000,0.0000,0.0000,1,0,0,0,0,1,0,0,0,0
sc,zn1302,2012-06-29 09:32:50.000,14455.0000,430,0,0.0000,0.0000,0,0,多换,B,14410.0000,0.0000,0.0000,0.0000,0.0000,14475.0000,0.0000,0.0000,0.0000,0.0000,1,0,0,0,0,1,0,0,0,0
sc,zn1302,2012-06-29 09:32:51.000,14455.0000,430,0,0.0000,0.0000,0,0,多换,B,14410.0000,0.0000,0.0000,0.0000,0.0000,14475.0000,0.0000,0.0000,0.0000,0.0000,1,0,0,0,0,1,0,0,0,0
sc,zn1302,2012-06-29 09:33:12.000,14455.0000,430,0,0.0000,0.0000,0,0,多换,B,14410.0000,0.0000,0.0000,0.0000,0.0000,14475.0000,0.0000,0.0000,0.0000,0.0000,1,0,0,0,0,1,0,0,0,0
sc,zn1302,2012-06-29 09:33:31.500,14455.0000,430,0,0.0000,0.0000,0,0,多换,B,14410.0000,0.0000,0.0000,0.0000,0.0000,14475.0000,0.0000,0.0000,0.0000,0.0000,1,0,0,0,0,2,0,0,0,0
sc,zn1302,2012-06-29 09:34:02.000,14455.0000,430,0,0.0000,0.0000,0,0,多换,B,14410.0000,0.0000,0.0000,0.0000,0.0000,14475.0000,0.0000,0.0000,0.0000,0.0000,1,0,0,0,0,2,0,0,0,0
sc,zn1302,2012-06-29 09:34:23.500,14455.0000,430,0,0.0000,0.0000,0,0,多换,B,14410.0000,0.0000,0.0000,0.0000,0.0000,14475.0000,0.0000,0.0000,0.0000,0.0000,1,0,0,0,0,1,0,0,0,0
sc,zn1302,2012-06-29 09:34:47.000,14455.0000,430,0,0.0000,0.0000,0,0,多换,B,14410.0000,0.0000,0.0000,0.0000,0.0000,14475.0000,0.0000,0.0000,0.0000,0.0000,3,0,0,0,0,1,0,0,0,0
sc,zn1302,2012-06-29 09:35:25.000,14455.0000,430,0,0.0000,0.0000,0,0,多换,B,14410.0000,0.0000,0.0000,0.0000,0.0000,14475.0000,0.0000,0.0000,0.0000,0.0000,3,0,0,0,0,1,0,0,0,0
sc,zn1302,2012-06-29 09:35:28.500,14455.0000,430,0,0.0000,0.0000,0,0,多换,B,14410.0000,0.0000,0.0000,0.0000,0.0000,14475.0000,0.0000,0.0000,0.0000,0.0000,2,0,0,0,0,1,0,0,0,0
sc,zn1302,2012-06-29 09:35:31.500,14455.0000,430,0,0.0000,0.0000,0,0,多换,B,14415.0000,0.0000,0.0000,0.0000,0.0000,14475.0000,0.0000,0.0000,0.0000,0.0000,1,0,0,0,0,1,0,0,0,0
sc,zn1302,2012-06-29 09:35:33.500,14455.0000,430,0,0.0000,0.0000,0,0,多换,B,14415.0000,0.0000,0.0000,0.0000,0.0000,14475.0000,0.0000,0.0000,0.0000,0.0000,1,0,0,0,0,1,0,0,0,0
sc,zn1302,2012-06-29 09:35:38.000,14455.0000,430,0,0.0000,0.0000,0,0,多换,B,14420.0000,0.0000,0.0000,0.0000,0.0000,14475.0000,0.0000,0.0000,0.0000,0.0000,2,0,0,0,0,1,0,0,0,0
sc,zn1302,2012-06-29 09:35:38.500,14455.0000,430,0,0.0000,0.0000,0,0,多换,B,14420.0000,0.0000,0.0000,0.0000,0.0000,14475.0000,0.0000,0.0000,0.0000,0.0000,2,0,0,0,0,1,0,0,0,0
sc,zn1302,2012-06-29 09:35:41.500,14455.0000,430,0,0.0000,0.0000,0,0,多换,B,14425.0000,0.0000,0.0000,0.0000,0.0000,14475.0000,0.0000,0.0000,0.0000,0.0000,1,0,0,0,0,1,0,0,0,0
sc,zn1302,2012-06-29 09:35:54.500,14475.0000,430,0,144750.0000,2.0000,1,1,多换,B,14425.0000,0.0000,0.0000,0.0000,0.0000,14570.0000,0.0000,0.0000,0.0000,0.0000,1,0,0,0,0,1,0,0,0,0
sc,zn1302,2012-06-29 09:35:55.000,14475.0000,430,0,0.0000,0.0000,0,0,多换,B,14425.0000,0.0000,0.0000,0.0000,0.0000,14565.0000,0.0000,0.0000,0.0000,0.0000,1,0,0,0,0,11,0,0,0,0
sc,zn1302,2012-06-29 09:35:55.500,14475.0000,430,0,0.0000,0.0000,0,0,多换,B,14425.0000,0.0000,0.0000,0.0000,0.0000,14565.0000,0.0000,0.0000,0.0000,0.0000,1,0,0,0,0,12,0,0,0,0
sc,zn1302,2012-06-29 09:35:56.000,14475.0000,430,0,0.0000,0.0000,0,0,多换,B,14425.0000,0.0000,0.0000,0.0000,0.0000,14565.0000,0.0000,0.0000,0.0000,0.0000,1,0,0,0,0,12,0,0,0,0
sc,zn1302,2012-06-29 09:35:56.500,14475.0000,430,0,0.0000,0.0000,0,0,多换,B,14425.0000,0.0000,0.0000,0.0000,0.0000,14565.0000,0.0000,0.0000,0.0000,0.0000,1,0,0,0,0,12,0,0,0,0
sc,zn1302,2012-06-29 09:35:58.500,14475.0000,430,0,0.0000,0.0000,0,0,多换,B,14430.0000,0.0000,0.0000,0.0000,0.0000,14565.0000,0.0000,0.0000,0.0000,0.0000,2,0,0,0,0,12,0,0,0,0
sc,zn1302,2012-06-29 09:35:59.000,14475.0000,430,0,0.0000,0.0000,0,0,多换,B,14430.0000,0.0000,0.0000,0.0000,0.0000,14565.0000,0.0000,0.0000,0.0000,0.0000,2,0,0,0,0,12,0,0,0,0
sc,zn1302,2012-06-29 09:36:01.500,14475.0000,430,0,0.0000,0.0000,0,0,多换,B,14435.0000,0.0000,0.0000,0.0000,0.0000,14565.0000,0.0000,0.0000,0.0000,0.0000,1,0,0,0,0,12,0,0,0,0
sc,zn1302,2012-06-29 09:36:30.000,14475.0000,430,0,0.0000,0.0000,0,0,多换,B,14435.0000,0.0000,0.0000,0.0000,0.0000,14560.0000,0.0000,0.0000,0.0000,0.0000,1,0,0,0,0,3,0,0,0,0
sc,zn1302,2012-06-29 09:36:30.500,14475.0000,430,0,0.0000,0.0000,0,0,多换,B,14435.0000,0.0000,0.0000,0.0000,0.0000,14555.0000,0.0000,0.0000,0.0000,0.0000,1,0,0,0,0,9,0,0,0,0
sc,zn1302,2012-06-29 09:36:31.000,14475.0000,430,0,0.0000,0.0000,0,0,多换,B,14435.0000,0.0000,0.0000,0.0000,0.0000,14550.0000,0.0000,0.0000,0.0000,0.0000,1,0,0,0,0,2,0,0,0,0
sc,zn1302,2012-06-29 09:36:31.500,14475.0000,430,0,0.0000,0.0000,0,0,多换,B,14435.0000,0.0000,0.0000,0.0000,0.0000,14545.0000,0.0000,0.0000,0.0000,0.0000,1,0,0,0,0,6,0,0,0,0
sc,zn1302,2012-06-29 09:36:32.500,14475.0000,430,0,0.0000,0.0000,0,0,多换,B,14435.0000,0.0000,0.0000,0.0000,0.0000,14540.0000,0.0000,0.0000,0.0000,0.0000,1,0,0,0,0,2,0,0,0,0
sc,zn1302,2012-06-29 09:36:33.000,14475.0000,430,0,0.0000,0.0000,0,0,多换,B,14435.0000,0.0000,0.0000,0.0000,0.0000,14535.0000,0.0000,0.0000,0.0000,0.0000,1,0,0,0,0,6,0,0,0,0
sc,zn1302,2012-06-29 09:36:34.000,14475.0000,430,0,0.0000,0.0000,0,0,多换,B,14435.0000,0.0000,0.0000,0.0000,0.0000,14535.0000,0.0000,0.0000,0.0000,0.0000,1,0,0,0,0,6,0,0,0,0
sc,zn1302,2012-06-29 09:36:34.500,14475.0000,430,0,0.0000,0.0000,0,0,多换,B,14435.0000,0.0000,0.0000,0.0000,0.0000,14530.0000,0.0000,0.0000,0.0000,0.0000,1,0,0,0,0,2,0,0,0,0
sc,zn1302,2012-06-29 09:36:35.000,14475.0000,430,0,0.0000,0.0000,0,0,多换,B,14435.0000,0.0000,0.0000,0.0000,0.0000,14525.0000,0.0000,0.0000,0.0000,0.0000,1,0,0,0,0,6,0,0,0,0
sc,zn1302,2012-06-29 09:36:35.500,14475.0000,430,0,0.0000,0.0000,0,0,多换,B,14435.0000,0.0000,0.0000,0.0000,0.0000,14525.0000,0.0000,0.0000,0.0000,0.0000,1,0,0,0,0,6,0,0,0,0
sc,zn1302,2012-06-29 09:36:36.000,14475.0000,430,0,0.0000,0.0000,0,0,多换,B,14435.0000,0.0000,0.0000,0.0000,0.0000,14520.0000,0.0000,0.0000,0.0000,0.0000,1,0,0,0,0,2,0,0,0,0
sc,zn1302,2012-06-29 09:36:36.500,14475.0000,430,0,0.0000,0.0000,0,0,多换,B,14435.0000,0.0000,0.0000,0.0000,0.0000,14515.0000,0.0000,0.0000,0.0000,0.0000,1,0,0,0,0,5,0,0,0,0
sc,zn1302,2012-06-29 09:36:37.000,14475.0000,430,0,0.0000,0.0000,0,0,多换,B,14435.0000,0.0000,0.0000,0.0000,0.0000,14515.0000,0.0000,0.0000,0.0000,0.0000,1,0,0,0,0,5,0,0,0,0
sc,zn1302,2012-06-29 09:36:37.500,14475.0000,430,0,0.0000,0.0000,0,0,多换,B,14435.0000,0.0000,0.0000,0.0000,0.0000,14510.0000,0.0000,0.0000,0.0000,0.0000,1,0,0,0,0,2,0,0,0,0
sc,zn1302,2012-06-29 09:36:38.000,14475.0000,430,0,0.0000,0.0000,0,0,多换,B,14435.0000,0.0000,0.0000,0.0000,0.0000,14510.0000,0.0000,0.0000,0.0000,0.0000,1,0,0,0,0,2,0,0,0,0
sc,zn1302,2012-06-29 09:36:39.000,14475.0000,430,0,0.0000,0.0000,0,0,多换,B,14435.0000,0.0000,0.0000,0.0000,0.0000,14505.0000,0.0000,0.0000,0.0000,0.0000,1,0,0,0,0,2,0,0,0,0
sc,zn1302,2012-06-29 09:36:40.500,14475.0000,430,0,0.0000,0.0000,0,0,多换,B,14435.0000,0.0000,0.0000,0.0000,0.0000,14505.0000,0.0000,0.0000,0.0000,0.0000,1,0,0,0,0,2,0,0,0,0
sc,zn1302,2012-06-29 09:36:59.500,14475.0000,430,0,0.0000,0.0000,0,0,多换,B,14435.0000,0.0000,0.0000,0.0000,0.0000,14505.0000,0.0000,0.0000,0.0000,0.0000,1,0,0,0,0,2,0,0,0,0
sc,zn1302,2012-06-29 09:37:00.500,14475.0000,430,0,0.0000,0.0000,0,0,多换,B,14440.0000,0.0000,0.0000,0.0000,0.0000,14505.0000,0.0000,0.0000,0.0000,0.0000,2,0,0,0,0,2,0,0,0,0
sc,zn1302,2012-06-29 09:37:01.000,14475.0000,430,0,0.0000,0.0000,0,0,多换,B,14440.0000,0.0000,0.0000,0.0000,0.0000,14505.0000,0.0000,0.0000,0.0000,0.0000,2,0,0,0,0,2,0,0,0,0
sc,zn1302,2012-06-29 09:38:16.500,14475.0000,430,0,0.0000,0.0000,0,0,多换,B,14440.0000,0.0000,0.0000,0.0000,0.0000,14505.0000,0.0000,0.0000,0.0000,0.0000,2,0,0,0,0,2,0,0,0,0
sc,zn1302,2012-06-29 09:38:19.000,14475.0000,430,0,0.0000,0.0000,0,0,多换,B,14440.0000,0.0000,0.0000,0.0000,0.0000,14505.0000,0.0000,0.0000,0.0000,0.0000,4,0,0,0,0,2,0,0,0,0
sc,zn1302,2012-06-29 09:38:24.500,14475.0000,430,0,0.0000,0.0000,0,0,多换,B,14440.0000,0.0000,0.0000,0.0000,0.0000,14500.0000,0.0000,0.0000,0.0000,0.0000,4,0,0,0,0,1,0,0,0,0
sc,zn1302,2012-06-29 09:38:34.000,14475.0000,430,0,0.0000,0.0000,0,0,多换,B,14440.0000,0.0000,0.0000,0.0000,0.0000,14500.0000,0.0000,0.0000,0.0000,0.0000,4,0,0,0,0,1,0,0,0,0
sc,zn1302,2012-06-29 09:38:53.000,14475.0000,430,0,0.0000,0.0000,0,0,多换,B,14445.0000,0.0000,0.0000,0.0000,0.0000,14500.0000,0.0000,0.0000,0.0000,0.0000,2,0,0,0,0,1,0,0,0,0
sc,zn1302,2012-06-29 09:39:04.000,14475.0000,430,0,0.0000,0.0000,0,0,多换,B,14445.0000,0.0000,0.0000,0.0000,0.0000,14500.0000,0.0000,0.0000,0.0000,0.0000,2,0,0,0,0,1,0,0,0,0
sc,zn1302,2012-06-29 09:39:26.500,14475.0000,430,0,0.0000,0.0000,0,0,多换,B,14445.0000,0.0000,0.0000,0.0000,0.0000,14500.0000,0.0000,0.0000,0.0000,0.0000,2,0,0,0,0,1,0,0,0,0
sc,zn1302,2012-06-29 09:39:27.500,14475.0000,430,0,0.0000,0.0000,0,0,多换,B,14440.0000,0.0000,0.0000,0.0000,0.0000,14500.0000,0.0000,0.0000,0.0000,0.0000,4,0,0,0,0,1,0,0,0,0
sc,zn1302,2012-06-29 09:39:47.500,14475.0000,430,0,0.0000,0.0000,0,0,多换,B,14445.0000,0.0000,0.0000,0.0000,0.0000,14500.0000,0.0000,0.0000,0.0000,0.0000,2,0,0,0,0,1,0,0,0,0
sc,zn1302,2012-06-29 09:39:48.000,14475.0000,430,0,0.0000,0.0000,0,0,多换,B,14445.0000,0.0000,0.0000,0.0000,0.0000,14500.0000,0.0000,0.0000,0.0000,0.0000,3,0,0,0,0,1,0,0,0,0
sc,zn1302,2012-06-29 09:39:55.500,14475.0000,430,0,0.0000,0.0000,0,0,多换,B,14445.0000,0.0000,0.0000,0.0000,0.0000,14585.0000,0.0000,0.0000,0.0000,0.0000,3,0,0,0,0,1,0,0,0,0
sc,zn1302,2012-06-29 09:39:56.000,14475.0000,430,0,0.0000,0.0000,0,0,多换,B,14445.0000,0.0000,0.0000,0.0000,0.0000,14580.0000,0.0000,0.0000,0.0000,0.0000,3,0,0,0,0,9,0,0,0,0
sc,zn1302,2012-06-29 09:39:56.500,14475.0000,430,0,0.0000,0.0000,0,0,多换,B,14445.0000,0.0000,0.0000,0.0000,0.0000,14570.0000,0.0000,0.0000,0.0000,0.0000,3,0,0,0,0,1,0,0,0,0
sc,zn1302,2012-06-29 09:39:57.000,14475.0000,430,0,0.0000,0.0000,0,0,多换,B,14445.0000,0.0000,0.0000,0.0000,0.0000,14565.0000,0.0000,0.0000,0.0000,0.0000,3,0,0,0,0,6,0,0,0,0
sc,zn1302,2012-06-29 09:39:58.000,14475.0000,430,0,0.0000,0.0000,0,0,多换,B,14445.0000,0.0000,0.0000,0.0000,0.0000,14560.0000,0.0000,0.0000,0.0000,0.0000,3,0,0,0,0,2,0,0,0,0
sc,zn1302,2012-06-29 09:39:58.500,14475.0000,430,0,0.0000,0.0000,0,0,多换,B,14445.0000,0.0000,0.0000,0.0000,0.0000,14555.0000,0.0000,0.0000,0.0000,0.0000,3,0,0,0,0,6,0,0,0,0
sc,zn1302,2012-06-29 09:39:59.000,14475.0000,430,0,0.0000,0.0000,0,0,多换,B,14445.0000,0.0000,0.0000,0.0000,0.0000,14555.0000,0.0000,0.0000,0.0000,0.0000,3,0,0,0,0,6,0,0,0,0
sc,zn1302,2012-06-29 09:39:59.500,14475.0000,430,0,0.0000,0.0000,0,0,多换,B,14445.0000,0.0000,0.0000,0.0000,0.0000,14550.0000,0.0000,0.0000,0.0000,0.0000,3,0,0,0,0,2,0,0,0,0
sc,zn1302,2012-06-29 09:40:00.000,14475.0000,430,0,0.0000,0.0000,0,0,多换,B,14445.0000,0.0000,0.0000,0.0000,0.0000,14545.0000,0.0000,0.0000,0.0000,0.0000,3,0,0,0,0,6,0,0,0,0
sc,zn1302,2012-06-29 09:40:01.000,14475.0000,430,0,0.0000,0.0000,0,0,多换,B,14445.0000,0.0000,0.0000,0.0000,0.0000,14540.0000,0.0000,0.0000,0.0000,0.0000,3,0,0,0,0,2,0,0,0,0
sc,zn1302,2012-06-29 09:40:01.500,14475.0000,430,0,0.0000,0.0000,0,0,多换,B,14445.0000,0.0000,0.0000,0.0000,0.0000,14540.0000,0.0000,0.0000,0.0000,0.0000,3,0,0,0,0,2,0,0,0,0
sc,zn1302,2012-06-29 09:40:02.000,14475.0000,430,0,0.0000,0.0000,0,0,多换,B,14445.0000,0.0000,0.0000,0.0000,0.0000,14540.0000,0.0000,0.0000,0.0000,0.0000,3,0,0,0,0,2,0,0,0,0
sc,zn1302,2012-06-29 09:40:02.500,14475.0000,430,0,0.0000,0.0000,0,0,多换,B,14445.0000,0.0000,0.0000,0.0000,0.0000,14540.0000,0.0000,0.0000,0.0000,0.0000,3,0,0,0,0,7,0,0,0,0
sc,zn1302,2012-06-29 09:40:03.000,14475.0000,430,0,0.0000,0.0000,0,0,多换,B,14445.0000,0.0000,0.0000,0.0000,0.0000,14535.0000,0.0000,0.0000,0.0000,0.0000,3,0,0,0,0,1,0,0,0,0
sc,zn1302,2012-06-29 09:40:04.000,14475.0000,430,0,0.0000,0.0000,0,0,多换,B,14445.0000,0.0000,0.0000,0.0000,0.0000,14530.0000,0.0000,0.0000,0.0000,0.0000,3,0,0,0,0,2,0,0,0,0
sc,zn1302,2012-06-29 09:40:04.500,14475.0000,430,0,0.0000,0.0000,0,0,多换,B,14445.0000,0.0000,0.0000,0.0000,0.0000,14530.0000,0.0000,0.0000,0.0000,0.0000,3,0,0,0,0,2,0,0,0,0
sc,zn1302,2012-06-29 09:40:08.000,14475.0000,430,0,0.0000,0.0000,0,0,多换,B,14445.0000,0.0000,0.0000,0.0000,0.0000,14530.0000,0.0000,0.0000,0.0000,0.0000,5,0,0,0,0,2,0,0,0,0
sc,zn1302,2012-06-29 09:40:18.500,14475.0000,430,0,0.0000,0.0000,0,0,多换,B,14445.0000,0.0000,0.0000,0.0000,0.0000,14525.0000,0.0000,0.0000,0.0000,0.0000,5,0,0,0,0,2,0,0,0,0
sc,zn1302,2012-06-29 09:40:19.000,14475.0000,430,0,0.0000,0.0000,0,0,多换,B,14445.0000,0.0000,0.0000,0.0000,0.0000,14525.0000,0.0000,0.0000,0.0000,0.0000,5,0,0,0,0,2,0,0,0,0
sc,zn1302,2012-06-29 09:40:19.500,14475.0000,430,0,0.0000,0.0000,0,0,多换,B,14445.0000,0.0000,0.0000,0.0000,0.0000,14525.0000,0.0000,0.0000,0.0000,0.0000,5,0,0,0,0,2,0,0,0,0
sc,zn1302,2012-06-29 09:40:20.000,14475.0000,430,0,0.0000,0.0000,0,0,多换,B,14445.0000,0.0000,0.0000,0.0000,0.0000,14520.0000,0.0000,0.0000,0.0000,0.0000,5,0,0,0,0,2,0,0,0,0
sc,zn1302,2012-06-29 09:40:20.500,14475.0000,430,0,0.0000,0.0000,0,0,多换,B,14445.0000,0.0000,0.0000,0.0000,0.0000,14520.0000,0.0000,0.0000,0.0000,0.0000,5,0,0,0,0,2,0,0,0,0
sc,zn1302,2012-06-29 09:40:21.000,14475.0000,430,0,0.0000,0.0000,0,0,多换,B,14450.0000,0.0000,0.0000,0.0000,0.0000,14520.0000,0.0000,0.0000,0.0000,0.0000,1,0,0,0,0,2,0,0,0,0
sc,zn1302,2012-06-29 09:40:27.500,14475.0000,430,0,0.0000,0.0000,0,0,多换,B,14450.0000,0.0000,0.0000,0.0000,0.0000,14515.0000,0.0000,0.0000,0.0000,0.0000,1,0,0,0,0,1,0,0,0,0
sc,zn1302,2012-06-29 09:40:39.000,14475.0000,430,0,0.0000,0.0000,0,0,多换,B,14450.0000,0.0000,0.0000,0.0000,0.0000,14510.0000,0.0000,0.0000,0.0000,0.0000,1,0,0,0,0,2,0,0,0,0
sc,zn1302,2012-06-29 09:40:42.500,14475.0000,430,0,0.0000,0.0000,0,0,多换,B,14450.0000,0.0000,0.0000,0.0000,0.0000,14505.0000,0.0000,0.0000,0.0000,0.0000,1,0,0,0,0,1,0,0,0,0
sc,zn1302,2012-06-29 09:40:44.000,14475.0000,430,0,0.0000,0.0000,0,0,多换,B,14450.0000,0.0000,0.0000,0.0000,0.0000,14500.0000,0.0000,0.0000,0.0000,0.0000,1,0,0,0,0,1,0,0,0,0
sc,zn1302,2012-06-29 09:40:56.000,14475.0000,430,0,0.0000,0.0000,0,0,多换,B,14450.0000,0.0000,0.0000,0.0000,0.0000,14495.0000,0.0000,0.0000,0.0000,0.0000,1,0,0,0,0,1,0,0,0,0
sc,zn1302,2012-06-29 09:40:56.500,14475.0000,430,0,0.0000,0.0000,0,0,多换,B,14450.0000,0.0000,0.0000,0.0000,0.0000,14495.0000,0.0000,0.0000,0.0000,0.0000,1,0,0,0,0,1,0,0,0,0
sc,zn1302,2012-06-29 09:43:04.500,14475.0000,430,0,0.0000,0.0000,0,0,多换,B,14450.0000,0.0000,0.0000,0.0000,0.0000,14495.0000,0.0000,0.0000,0.0000,0.0000,1,0,0,0,0,1,0,0,0,0
sc,zn1302,2012-06-29 09:44:40.500,14475.0000,430,0,0.0000,0.0000,0,0,多换,B,14450.0000,0.0000,0.0000,0.0000,0.0000,14495.0000,0.0000,0.0000,0.0000,0.0000,1,0,0,0,0,1,0,0,0,0
sc,zn1302,2012-06-29 09:44:46.500,14475.0000,430,0,0.0000,0.0000,0,0,多换,B,14450.0000,0.0000,0.0000,0.0000,0.0000,14495.0000,0.0000,0.0000,0.0000,0.0000,1,0,0,0,0,2,0,0,0,0
sc,zn1302,2012-06-29 09:45:29.500,14475.0000,430,0,0.0000,0.0000,0,0,多换,B,14450.0000,0.0000,0.0000,0.0000,0.0000,14495.0000,0.0000,0.0000,0.0000,0.0000,1,0,0,0,0,2,0,0,0,0
sc,zn1302,2012-06-29 09:45:34.500,14475.0000,430,0,0.0000,0.0000,0,0,多换,B,14445.0000,0.0000,0.0000,0.0000,0.0000,14495.0000,0.0000,0.0000,0.0000,0.0000,3,0,0,0,0,2,0,0,0,0
sc,zn1302,2012-06-29 09:45:35.000,14475.0000,430,0,0.0000,0.0000,0,0,多换,B,14445.0000,0.0000,0.0000,0.0000,0.0000,14495.0000,0.0000,0.0000,0.0000,0.0000,2,0,0,0,0,2,0,0,0,0
sc,zn1302,2012-06-29 09:45:39.500,14475.0000,430,0,0.0000,0.0000,0,0,多换,B,14450.0000,0.0000,0.0000,0.0000,0.0000,14495.0000,0.0000,0.0000,0.0000,0.0000,1,0,0,0,0,2,0,0,0,0
sc,zn1302,2012-06-29 09:46:26.000,14475.0000,430,0,0.0000,0.0000,0,0,多换,B,14450.0000,0.0000,0.0000,0.0000,0.0000,14495.0000,0.0000,0.0000,0.0000,0.0000,1,0,0,0,0,2,0,0,0,0
sc,zn1302,2012-06-29 09:46:31.500,14475.0000,430,0,0.0000,0.0000,0,0,多换,B,14355.0000,0.0000,0.0000,0.0000,0.0000,14495.0000,0.0000,0.0000,0.0000,0.0000,1,0,0,0,0,2,0,0,0,0
sc,zn1302,2012-06-29 09:46:32.000,14475.0000,430,0,0.0000,0.0000,0,0,多换,B,14370.0000,0.0000,0.0000,0.0000,0.0000,14495.0000,0.0000,0.0000,0.0000,0.0000,10,0,0,0,0,2,0,0,0,0
sc,zn1302,2012-06-29 09:46:32.500,14475.0000,430,0,0.0000,0.0000,0,0,多换,B,14375.0000,0.0000,0.0000,0.0000,0.0000,14495.0000,0.0000,0.0000,0.0000,0.0000,6,0,0,0,0,2,0,0,0,0
sc,zn1302,2012-06-29 09:46:33.000,14475.0000,430,0,0.0000,0.0000,0,0,多换,B,14390.0000,0.0000,0.0000,0.0000,0.0000,14495.0000,0.0000,0.0000,0.0000,0.0000,10,0,0,0,0,2,0,0,0,0
sc,zn1302,2012-06-29 09:46:33.500,14475.0000,430,0,0.0000,0.0000,0,0,多换,B,14395.0000,0.0000,0.0000,0.0000,0.0000,14495.0000,0.0000,0.0000,0.0000,0.0000,6,0,0,0,0,2,0,0,0,0
sc,zn1302,2012-06-29 09:46:34.000,14475.0000,430,0,0.0000,0.0000,0,0,多换,B,14400.0000,0.0000,0.0000,0.0000,0.0000,14495.0000,0.0000,0.0000,0.0000,0.0000,10,0,0,0,0,2,0,0,0,0
sc,zn1302,2012-06-29 09:46:34.500,14475.0000,430,0,0.0000,0.0000,0,0,多换,B,14405.0000,0.0000,0.0000,0.0000,0.0000,14495.0000,0.0000,0.0000,0.0000,0.0000,1,0,0,0,0,2,0,0,0,0
sc,zn1302,2012-06-29 09:46:36.500,14475.0000,430,0,0.0000,0.0000,0,0,多换,B,14410.0000,0.0000,0.0000,0.0000,0.0000,14495.0000,0.0000,0.0000,0.0000,0.0000,1,0,0,0,0,2,0,0,0,0
sc,zn1302,2012-06-29 09:46:37.000,14475.0000,430,0,0.0000,0.0000,0,0,多换,B,14410.0000,0.0000,0.0000,0.0000,0.0000,14495.0000,0.0000,0.0000,0.0000,0.0000,1,0,0,0,0,2,0,0,0,0
sc,zn1302,2012-06-29 09:46:39.500,14475.0000,430,0,0.0000,0.0000,0,0,多换,B,14410.0000,0.0000,0.0000,0.0000,0.0000,14495.0000,0.0000,0.0000,0.0000,0.0000,1,0,0,0,0,2,0,0,0,0
sc,zn1302,2012-06-29 09:47:00.500,14475.0000,430,0,0.0000,0.0000,0,0,多换,B,14415.0000,0.0000,0.0000,0.0000,0.0000,14495.0000,0.0000,0.0000,0.0000,0.0000,1,0,0,0,0,2,0,0,0,0
sc,zn1302,2012-06-29 09:47:01.000,14475.0000,430,0,0.0000,0.0000,0,0,多换,B,14415.0000,0.0000,0.0000,0.0000,0.0000,14495.0000,0.0000,0.0000,0.0000,0.0000,1,0,0,0,0,2,0,0,0,0
sc,zn1302,2012-06-29 09:47:03.500,14475.0000,430,0,0.0000,0.0000,0,0,多换,B,14420.0000,0.0000,0.0000,0.0000,0.0000,14495.0000,0.0000,0.0000,0.0000,0.0000,1,0,0,0,0,2,0,0,0,0
sc,zn1302,2012-06-29 09:47:04.000,14475.0000,430,0,0.0000,0.0000,0,0,多换,B,14420.0000,0.0000,0.0000,0.0000,0.0000,14495.0000,0.0000,0.0000,0.0000,0.0000,1,0,0,0,0,2,0,0,0,0
sc,zn1302,2012-06-29 09:47:17.500,14475.0000,430,0,0.0000,0.0000,0,0,多换,B,14425.0000,0.0000,0.0000,0.0000,0.0000,14495.0000,0.0000,0.0000,0.0000,0.0000,2,0,0,0,0,2,0,0,0,0
sc,zn1302,2012-06-29 09:47:18.000,14475.0000,430,0,0.0000,0.0000,0,0,多换,B,14425.0000,0.0000,0.0000,0.0000,0.0000,14495.0000,0.0000,0.0000,0.0000,0.0000,2,0,0,0,0,2,0,0,0,0
sc,zn1302,2012-06-29 09:47:38.000,14475.0000,430,0,0.0000,0.0000,0,0,多换,B,14430.0000,0.0000,0.0000,0.0000,0.0000,14495.0000,0.0000,0.0000,0.0000,0.0000,1,0,0,0,0,2,0,0,0,0
sc,zn1302,2012-06-29 09:47:42.000,14475.0000,430,0,0.0000,0.0000,0,0,多换,B,14430.0000,0.0000,0.0000,0.0000,0.0000,14495.0000,0.0000,0.0000,0.0000,0.0000,3,0,0,0,0,2,0,0,0,0
sc,zn1302,2012-06-29 09:47:46.000,14475.0000,430,0,0.0000,0.0000,0,0,多换,B,14430.0000,0.0000,0.0000,0.0000,0.0000,14495.0000,0.0000,0.0000,0.0000,0.0000,3,0,0,0,0,2,0,0,0,0
sc,zn1302,2012-06-29 09:48:39.000,14475.0000,430,0,0.0000,0.0000,0,0,多换,B,14435.0000,0.0000,0.0000,0.0000,0.0000,14495.0000,0.0000,0.0000,0.0000,0.0000,2,0,0,0,0,2,0,0,0,0
sc,zn1302,2012-06-29 09:48:39.500,14475.0000,430,0,0.0000,0.0000,0,0,多换,B,14435.0000,0.0000,0.0000,0.0000,0.0000,14495.0000,0.0000,0.0000,0.0000,0.0000,2,0,0,0,0,2,0,0,0,0
sc,zn1302,2012-06-29 09:48:52.500,14475.0000,430,0,0.0000,0.0000,0,0,多换,B,14440.0000,0.0000,0.0000,0.0000,0.0000,14495.0000,0.0000,0.0000,0.0000,0.0000,1,0,0,0,0,2,0,0,0,0
sc,zn1302,2012-06-29 09:48:54.500,14475.0000,430,0,0.0000,0.0000,0,0,多换,B,14440.0000,0.0000,0.0000,0.0000,0.0000,14495.0000,0.0000,0.0000,0.0000,0.0000,1,0,0,0,0,2,0,0,0,0
sc,zn1302,2012-06-29 09:49:17.000,14475.0000,430,0,0.0000,0.0000,0,0,多换,B,14440.0000,0.0000,0.0000,0.0000,0.0000,14495.0000,0.0000,0.0000,0.0000,0.0000,1,0,0,0,0,2,0,0,0,0
sc,zn1302,2012-06-29 09:49:21.000,14475.0000,430,0,0.0000,0.0000,0,0,多换,B,14440.0000,0.0000,0.0000,0.0000,0.0000,14495.0000,0.0000,0.0000,0.0000,0.0000,1,0,0,0,0,2,0,0,0,0
sc,zn1302,2012-06-29 09:49:26.000,14475.0000,430,0,0.0000,0.0000,0,0,多换,B,14440.0000,0.0000,0.0000,0.0000,0.0000,14495.0000,0.0000,0.0000,0.0000,0.0000,1,0,0,0,0,1,0,0,0,0
sc,zn1302,2012-06-29 09:49:28.000,14475.0000,430,0,0.0000,0.0000,0,0,多换,B,14440.0000,0.0000,0.0000,0.0000,0.0000,14495.0000,0.0000,0.0000,0.0000,0.0000,1,0,0,0,0,1,0,0,0,0
sc,zn1302,2012-06-29 09:49:35.000,14475.0000,430,0,0.0000,0.0000,0,0,多换,B,14445.0000,0.0000,0.0000,0.0000,0.0000,14495.0000,0.0000,0.0000,0.0000,0.0000,1,0,0,0,0,1,0,0,0,0
sc,zn1302,2012-06-29 09:49:35.500,14475.0000,430,0,0.0000,0.0000,0,0,多换,B,14345.0000,0.0000,0.0000,0.0000,0.0000,14495.0000,0.0000,0.0000,0.0000,0.0000,1,0,0,0,0,1,0,0,0,0
sc,zn1302,2012-06-29 09:49:36.000,14475.0000,430,0,0.0000,0.0000,0,0,多换,B,14355.0000,0.0000,0.0000,0.0000,0.0000,14495.0000,0.0000,0.0000,0.0000,0.0000,10,0,0,0,0,1,0,0,0,0
sc,zn1302,2012-06-29 09:49:36.500,14475.0000,430,0,0.0000,0.0000,0,0,多换,B,14370.0000,0.0000,0.0000,0.0000,0.0000,14495.0000,0.0000,0.0000,0.0000,0.0000,10,0,0,0,0,1,0,0,0,0
sc,zn1302,2012-06-29 09:49:37.000,14475.0000,430,0,0.0000,0.0000,0,0,多换,B,14375.0000,0.0000,0.0000,0.0000,0.0000,14495.0000,0.0000,0.0000,0.0000,0.0000,9,0,0,0,0,1,0,0,0,0
sc,zn1302,2012-06-29 09:49:37.500,14475.0000,430,0,0.0000,0.0000,0,0,多换,B,14390.0000,0.0000,0.0000,0.0000,0.0000,14495.0000,0.0000,0.0000,0.0000,0.0000,10,0,0,0,0,1,0,0,0,0
sc,zn1302,2012-06-29 09:49:38.000,14475.0000,430,0,0.0000,0.0000,0,0,多换,B,14395.0000,0.0000,0.0000,0.0000,0.0000,14495.0000,0.0000,0.0000,0.0000,0.0000,6,0,0,0,0,1,0,0,0,0
sc,zn1302,2012-06-29 09:49:38.500,14475.0000,430,0,0.0000,0.0000,0,0,多换,B,14405.0000,0.0000,0.0000,0.0000,0.0000,14495.0000,0.0000,0.0000,0.0000,0.0000,10,0,0,0,0,1,0,0,0,0
sc,zn1302,2012-06-29 09:49:39.000,14475.0000,430,0,0.0000,0.0000,0,0,多换,B,14410.0000,0.0000,0.0000,0.0000,0.0000,14495.0000,0.0000,0.0000,0.0000,0.0000,6,0,0,0,0,1,0,0,0,0
sc,zn1302,2012-06-29 09:49:39.500,14475.0000,430,0,0.0000,0.0000,0,0,多换,B,14425.0000,0.0000,0.0000,0.0000,0.0000,14495.0000,0.0000,0.0000,0.0000,0.0000,10,0,0,0,0,1,0,0,0,0
sc,zn1302,2012-06-29 09:49:40.000,14475.0000,430,0,0.0000,0.0000,0,0,多换,B,14430.0000,0.0000,0.0000,0.0000,0.0000,14495.0000,0.0000,0.0000,0.0000,0.0000,1,0,0,0,0,1,0,0,0,0
sc,zn1302,2012-06-29 09:49:40.500,14475.0000,430,0,0.0000,0.0000,0,0,多换,B,14430.0000,0.0000,0.0000,0.0000,0.0000,14495.0000,0.0000,0.0000,0.0000,0.0000,11,0,0,0,0,1,0,0,0,0
