市场代码,合约代码,时间,最新,持仓,增仓,成交额,成交量,开仓,平仓,成交类型,方向,买一价,买二价,买三价,买四价,买五价,卖一价,卖二价,卖三价,卖四价,卖五价,买一量,买二量,买三量,买四量,买五量,卖一量,卖二量,卖三量,卖四量,卖五量
sc,zn1304,2012-06-29 07:36:29.500,14605.0000,712,0,0.0000,0.0000,0,0,多换,B,0.0000,0.0000,0.0000,0.0000,0.0000,0.0000,0.0000,0.0000,0.0000,0.0000,0,0,0,0,0,0,0,0,0,0
sc,zn1304,2012-06-29 08:59:00.500,14605.0000,712,0,0.0000,0.0000,0,0,多换,B,13900.0000,0.0000,0.0000,0.0000,0.0000,15180.0000,0.0000,0.0000,0.0000,0.0000,4,0,0,0,0,1,0,0,0,0
sc,zn1304,2012-06-29 09:00:01.000,14605.0000,712,0,0.0000,0.0000,0,0,多换,B,13905.0000,0.0000,0.0000,0.0000,0.0000,15175.0000,0.0000,0.0000,0.0000,0.0000,1,0,0,0,0,11,0,0,0,0
sc,zn1304,2012-06-29 09:00:01.500,14605.0000,712,0,0.0000,0.0000,0,0,多换,B,13910.0000,0.0000,0.0000,0.0000,0.0000,15175.0000,0.0000,0.0000,0.0000,0.0000,8,0,0,0,0,11,0,0,0,0
sc,zn1304,2012-06-29 09:00:02.000,14605.0000,712,0,0.0000,0.0000,0,0,多换,B,13915.0000,0.0000,0.0000,0.0000,0.0000,15175.0000,0.0000,0.0000,0.0000,0.0000,10,0,0,0,0,11,0,0,0,0
sc,zn1304,2012-06-29 09:00:02.500,14605.0000,712,0,0.0000,0.0000,0,0,多换,B,13915.0000,0.0000,0.0000,0.0000,0.0000,15170.0000,0.0000,0.0000,0.0000,0.0000,10,0,0,0,0,8,0,0,0,0
sc,zn1304,2012-06-29 09:00:03.000,14605.0000,712,0,0.0000,0.0000,0,0,多换,B,13915.0000,0.0000,0.0000,0.0000,0.0000,15155.0000,0.0000,0.0000,0.0000,0.0000,10,0,0,0,0,10,0,0,0,0
sc,zn1304,2012-06-29 09:00:03.500,14605.0000,712,0,0.0000,0.0000,0,0,多换,B,13920.0000,0.0000,0.0000,0.0000,0.0000,15150.0000,0.0000,0.0000,0.0000,0.0000,1,0,0,0,0,1,0,0,0,0
sc,zn1304,2012-06-29 09:00:04.000,14605.0000,712,0,0.0000,0.0000,0,0,多换,B,13925.0000,0.0000,0.0000,0.0000,0.0000,15150.0000,0.0000,0.0000,0.0000,0.0000,10,0,0,0,0,1,0,0,0,0
sc,zn1304,2012-06-29 09:00:04.500,14605.0000,712,0,0.0000,0.0000,0,0,多换,B,13925.0000,0.0000,0.0000,0.0000,0.0000,15145.0000,0.0000,0.0000,0.0000,0.0000,10,0,0,0,0,10,0,0,0,0
sc,zn1304,2012-06-29 09:00:05.000,14605.0000,712,0,0.0000,0.0000,0,0,多换,B,13930.0000,0.0000,0.0000,0.0000,0.0000,15140.0000,0.0000,0.0000,0.0000,0.0000,10,0,0,0,0,1,0,0,0,0
sc,zn1304,2012-06-29 09:00:05.500,14605.0000,712,0,0.0000,0.0000,0,0,多换,B,13935.0000,0.0000,0.0000,0.0000,0.0000,15140.0000,0.0000,0.0000,0.0000,0.0000,10,0,0,0,0,1,0,0,0,0
sc,zn1304,2012-06-29 09:00:06.000,14605.0000,712,0,0.0000,0.0000,0,0,多换,B,13935.0000,0.0000,0.0000,0.0000,0.0000,15135.0000,0.0000,0.0000,0.0000,0.0000,10,0,0,0,0,28,0,0,0,0
sc,zn1304,2012-06-29 09:00:06.500,14605.0000,712,0,0.0000,0.0000,0,0,多换,B,13935.0000,0.0000,0.0000,0.0000,0.0000,15130.0000,0.0000,0.0000,0.0000,0.0000,11,0,0,0,0,1,0,0,0,0
sc,zn1304,2012-06-29 09:00:07.000,14605.0000,712,0,0.0000,0.0000,0,0,多换,B,13935.0000,0.0000,0.0000,0.0000,0.0000,15130.0000,0.0000,0.0000,0.0000,0.0000,11,0,0,0,0,1,0,0,0,0
sc,zn1304,2012-06-29 09:00:07.500,14605.0000,712,0,0.0000,0.0000,0,0,多换,B,13935.0000,0.0000,0.0000,0.0000,0.0000,15125.0000,0.0000,0.0000,0.0000,0.0000,11,0,0,0,0,10,0,0,0,0
sc,zn1304,2012-06-29 09:00:08.000,14605.0000,712,0,0.0000,0.0000,0,0,多换,B,13950.0000,0.0000,0.0000,0.0000,0.0000,15120.0000,0.0000,0.0000,0.0000,0.0000,10,0,0,0,0,1,0,0,0,0
sc,zn1304,2012-06-29 09:00:08.500,14605.0000,712,0,0.0000,0.0000,0,0,多换,B,13955.0000,0.0000,0.0000,0.0000,0.0000,15120.0000,0.0000,0.0000,0.0000,0.0000,10,0,0,0,0,1,0,0,0,0
sc,zn1304,2012-06-29 09:00:09.000,14605.0000,712,0,0.0000,0.0000,0,0,多换,B,13960.0000,0.0000,0.0000,0.0000,0.0000,15115.0000,0.0000,0.0000,0.0000,0.0000,8,0,0,0,0,10,0,0,0,0
sc,zn1304,2012-06-29 09:00:09.500,14605.0000,712,0,0.0000,0.0000,0,0,多换,B,13965.0000,0.0000,0.0000,0.0000,0.0000,15110.0000,0.0000,0.0000,0.0000,0.0000,1,0,0,0,0,1,0,0,0,0
sc,zn1304,2012-06-29 09:00:10.000,14605.0000,712,0,0.0000,0.0000,0,0,多换,B,13965.0000,0.0000,0.0000,0.0000,0.0000,15105.0000,0.0000,0.0000,0.0000,0.0000,11,0,0,0,0,10,0,0,0,0
sc,zn1304,2012-06-29 09:00:10.500,14605.0000,712,0,0.0000,0.0000,0,0,多换,B,13965.0000,0.0000,0.0000,0.0000,0.0000,15100.0000,0.0000,0.0000,0.0000,0.0000,11,0,0,0,0,1,0,0,0,0
sc,zn1304,2012-06-29 09:00:11.000,14605.0000,712,0,0.0000,0.0000,0,0,多换,B,13980.0000,0.0000,0.0000,0.0000,0.0000,15095.0000,0.0000,0.0000,0.0000,0.0000,10,0,0,0,0,8,0,0,0,0
sc,zn1304,2012-06-29 09:00:11.500,14605.0000,712,0,0.0000,0.0000,0,0,多换,B,13985.0000,0.0000,0.0000,0.0000,0.0000,15090.0000,0.0000,0.0000,0.0000,0.0000,10,0,0,0,0,1,0,0,0,0
sc,zn1304,2012-06-29 09:00:12.000,14605.0000,712,0,0.0000,0.0000,0,0,多换,B,13985.0000,0.0000,0.0000,0.0000,0.0000,15085.0000,0.0000,0.0000,0.0000,0.0000,10,0,0,0,0,20,0,0,0,0
sc,zn1304,2012-06-29 09:00:12.500,14605.0000,712,0,0.0000,0.0000,0,0,多换,B,14000.0000,0.0000,0.0000,0.0000,0.0000,15080.0000,0.0000,0.0000,0.0000,0.0000,10,0,0,0,0,1,0,0,0,0
sc,zn1304,2012-06-29 09:00:13.000,14605.0000,712,0,0.0000,0.0000,0,0,多换,B,14000.0000,0.0000,0.0000,0.0000,0.0000,15080.0000,0.0000,0.0000,0.0000,0.0000,10,0,0,0,0,1,0,0,0,0
sc,zn1304,2012-06-29 09:00:13.500,14605.0000,712,0,0.0000,0.0000,0,0,多换,B,14315.0000,0.0000,0.0000,0.0000,0.0000,14825.0000,0.0000,0.0000,0.0000,0.0000,1,0,0,0,0,1,0,0,0,0
sc,zn1304,2012-06-29 09:00:14.000,14605.0000,712,0,0.0000,0.0000,0,0,多换,B,14315.0000,0.0000,0.0000,0.0000,0.0000,14820.0000,0.0000,0.0000,0.0000,0.0000,1,0,0,0,0,1,0,0,0,0
sc,zn1304,2012-06-29 09:00:14.500,14605.0000,712,0,0.0000,0.0000,0,0,多换,B,14330.0000,0.0000,0.0000,0.0000,0.0000,14810.0000,0.0000,0.0000,0.0000,0.0000,10,0,0,0,0,10,0,0,0,0
sc,zn1304,2012-06-29 09:00:15.000,14605.0000,712,0,0.0000,0.0000,0,0,多换,B,14335.0000,0.0000,0.0000,0.0000,0.0000,14805.0000,0.0000,0.0000,0.0000,0.0000,10,0,0,0,0,29,0,0,0,0
sc,zn1304,2012-06-29 09:00:15.500,14605.0000,712,0,0.0000,0.0000,0,0,多换,B,14340.0000,0.0000,0.0000,0.0000,0.0000,14805.0000,0.0000,0.0000,0.0000,0.0000,1,0,0,0,0,29,0,0,0,0
sc,zn1304,2012-06-29 09:00:16.000,14605.0000,712,0,0.0000,0.0000,0,0,多换,B,14340.0000,0.0000,0.0000,0.0000,0.0000,14790.0000,0.0000,0.0000,0.0000,0.0000,1,0,0,0,0,10,0,0,0,0
sc,zn1304,2012-06-29 09:00:16.500,14605.0000,712,0,0.0000,0.0000,0,0,多换,B,14355.0000,0.0000,0.0000,0.0000,0.0000,14785.0000,0.0000,0.0000,0.0000,0.0000,10,0,0,0,0,11,0,0,0,0
sc,zn1304,2012-06-29 09:00:17.000,14605.0000,712,0,0.0000,0.0000,0,0,多换,B,14360.0000,0.0000,0.0000,0.0000,0.0000,14785.0000,0.0000,0.0000,0.0000,0.0000,1,0,0,0,0,11,0,0,0,0
sc,zn1304,2012-06-29 09:00:17.500,14605.0000,712,0,0.0000,0.0000,0,0,多换,B,14365.0000,0.0000,0.0000,0.0000,0.0000,14770.0000,0.0000,0.0000,0.0000,0.0000,8,0,0,0,0,10,0,0,0,0
sc,zn1304,2012-06-29 09:00:18.000,14605.0000,712,0,0.0000,0.0000,0,0,多换,B,14370.0000,0.0000,0.0000,0.0000,0.0000,14765.0000,0.0000,0.0000,0.0000,0.0000,10,0,0,0,0,11,0,0,0,0
sc,zn1304,2012-06-29 09:00:18.500,14605.0000,712,0,0.0000,0.0000,0,0,多换,B,14375.0000,0.0000,0.0000,0.0000,0.0000,14760.0000,0.0000,0.0000,0.0000,0.0000,10,0,0,0,0,8,0,0,0,0
sc,zn1304,2012-06-29 09:00:19.000,14605.0000,712,0,0.0000,0.0000,0,0,多换,B,14375.0000,0.0000,0.0000,0.0000,0.0000,14740.0000,0.0000,0.0000,0.0000,0.0000,10,0,0,0,0,10,0,0,0,0
sc,zn1304,2012-06-29 09:00:19.500,14605.0000,712,0,0.0000,0.0000,0,0,多换,B,14380.0000,0.0000,0.0000,0.0000,0.0000,14735.0000,0.0000,0.0000,0.0000,0.0000,11,0,0,0,0,1,0,0,0,0
sc,zn1304,2012-06-29 09:00:20.000,14605.0000,712,0,0.0000,0.0000,0,0,多换,B,14380.0000,0.0000,0.0000,0.0000,0.0000,14735.0000,0.0000,0.0000,0.0000,0.0000,11,0,0,0,0,1,0,0,0,0
sc,zn1304,2012-06-29 09:00:20.500,14605.0000,712,0,0.0000,0.0000,0,0,多换,B,14380.0000,0.0000,0.0000,0.0000,0.0000,14720.0000,0.0000,0.0000,0.0000,0.0000,11,0,0,0,0,10,0,0,0,0
sc,zn1304,2012-06-29 09:00:21.000,14605.0000,712,0,0.0000,0.0000,0,0,多换,B,14385.0000,0.0000,0.0000,0.0000,0.0000,14715.0000,0.0000,0.0000,0.0000,0.0000,8,0,0,0,0,1,0,0,0,0
sc,zn1304,2012-06-29 09:00:21.500,14605.0000,712,0,0.0000,0.0000,0,0,多换,B,14390.0000,0.0000,0.0000,0.0000,0.0000,14710.0000,0.0000,0.0000,0.0000,0.0000,1,0,0,0,0,3,0,0,0,0
sc,zn1304,2012-06-29 09:00:22.000,14605.0000,712,0,0.0000,0.0000,0,0,多换,B,14390.0000,0.0000,0.0000,0.0000,0.0000,14700.0000,0.0000,0.0000,0.0000,0.0000,11,0,0,0,0,10,0,0,0,0
sc,zn1304,2012-06-29 09:00:22.500,14605.0000,712,0,0.0000,0.0000,0,0,多换,B,14390.0000,0.0000,0.0000,0.0000,0.0000,14695.0000,0.0000,0.0000,0.0000,0.0000,11,0,0,0,0,1,0,0,0,0
sc,zn1304,2012-06-29 09:00:23.000,14605.0000,712,0,0.0000,0.0000,0,0,多换,B,14390.0000,0.0000,0.0000,0.0000,0.0000,14695.0000,0.0000,0.0000,0.0000,0.0000,11,0,0,0,0,1,0,0,0,0
sc,zn1304,2012-06-29 09:00:23.500,14605.0000,712,0,0.0000,0.0000,0,0,多换,B,14390.0000,0.0000,0.0000,0.0000,0.0000,14690.0000,0.0000,0.0000,0.0000,0.0000,11,0,0,0,0,10,0,0,0,0
sc,zn1304,2012-06-29 09:00:24.000,14605.0000,712,0,0.0000,0.0000,0,0,多换,B,14390.0000,0.0000,0.0000,0.0000,0.0000,14685.0000,0.0000,0.0000,0.0000,0.0000,21,0,0,0,0,1,0,0,0,0
sc,zn1304,2012-06-29 09:00:24.500,14605.0000,712,0,0.0000,0.0000,0,0,多换,B,14395.0000,0.0000,0.0000,0.0000,0.0000,14685.0000,0.0000,0.0000,0.0000,0.0000,5,0,0,0,0,1,0,0,0,0
sc,zn1304,2012-06-29 09:00:25.000,14605.0000,712,0,0.0000,0.0000,0,0,多换,B,14400.0000,0.0000,0.0000,0.0000,0.0000,14685.0000,0.0000,0.0000,0.0000,0.0000,11,0,0,0,0,1,0,0,0,0
sc,zn1304,2012-06-29 09:00:26.000,14605.0000,712,0,0.0000,0.0000,0,0,多换,B,14400.0000,0.0000,0.0000,0.0000,0.0000,14685.0000,0.0000,0.0000,0.0000,0.0000,11,0,0,0,0,1,0,0,0,0
sc,zn1304,2012-06-29 09:00:27.000,14605.0000,712,0,0.0000,0.0000,0,0,多换,B,14405.0000,0.0000,0.0000,0.0000,0.0000,14685.0000,0.0000,0.0000,0.0000,0.0000,5,0,0,0,0,1,0,0,0,0
sc,zn1304,2012-06-29 09:00:27.500,14605.0000,712,0,0.0000,0.0000,0,0,多换,B,14410.0000,0.0000,0.0000,0.0000,0.0000,14685.0000,0.0000,0.0000,0.0000,0.0000,10,0,0,0,0,1,0,0,0,0
sc,zn1304,2012-06-29 09:00:28.000,14605.0000,712,0,0.0000,0.0000,0,0,多换,B,14410.0000,0.0000,0.0000,0.0000,0.0000,14685.0000,0.0000,0.0000,0.0000,0.0000,11,0,0,0,0,1,0,0,0,0
sc,zn1304,2012-06-29 09:00:28.500,14605.0000,712,0,0.0000,0.0000,0,0,多换,B,14415.0000,0.0000,0.0000,0.0000,0.0000,14685.0000,0.0000,0.0000,0.0000,0.0000,5,0,0,0,0,1,0,0,0,0
sc,zn1304,2012-06-29 09:00:29.000,14605.0000,712,0,0.0000,0.0000,0,0,多换,B,14420.0000,0.0000,0.0000,0.0000,0.0000,14685.0000,0.0000,0.0000,0.0000,0.0000,11,0,0,0,0,1,0,0,0,0
sc,zn1304,2012-06-29 09:00:29.500,14605.0000,712,0,0.0000,0.0000,0,0,多换,B,14420.0000,0.0000,0.0000,0.0000,0.0000,14685.0000,0.0000,0.0000,0.0000,0.0000,16,0,0,0,0,1,0,0,0,0
sc,zn1304,2012-06-29 09:00:30.000,14605.0000,712,0,0.0000,0.0000,0,0,多换,B,14420.0000,0.0000,0.0000,0.0000,0.0000,14685.0000,0.0000,0.0000,0.0000,0.0000,16,0,0,0,0,1,0,0,0,0
sc,zn1304,2012-06-29 09:00:34.000,14605.0000,712,0,0.0000,0.0000,0,0,多换,B,14420.0000,0.0000,0.0000,0.0000,0.0000,14685.0000,0.0000,0.0000,0.0000,0.0000,11,0,0,0,0,1,0,0,0,0
sc,zn1304,2012-06-29 09:00:34.500,14605.0000,712,0,0.0000,0.0000,0,0,多换,B,14420.0000,0.0000,0.0000,0.0000,0.0000,14685.0000,0.0000,0.0000,0.0000,0.0000,11,0,0,0,0,1,0,0,0,0
sc,zn1304,2012-06-29 09:00:35.000,14605.0000,712,0,0.0000,0.0000,0,0,多换,B,14420.0000,0.0000,0.0000,0.0000,0.0000,14685.0000,0.0000,0.0000,0.0000,0.0000,11,0,0,0,0,6,0,0,0,0
sc,zn1304,2012-06-29 09:00:41.000,14605.0000,712,0,0.0000,0.0000,0,0,多换,B,14420.0000,0.0000,0.0000,0.0000,0.0000,14685.0000,0.0000,0.0000,0.0000,0.0000,1,0,0,0,0,16,0,0,0,0
sc,zn1304,2012-06-29 09:00:48.500,14605.0000,712,0,0.0000,0.0000,0,0,多换,B,14420.0000,0.0000,0.0000,0.0000,0.0000,14685.0000,0.0000,0.0000,0.0000,0.0000,1,0,0,0,0,16,0,0,0,0
sc,zn1304,2012-06-29 09:00:54.500,14605.0000,712,0,0.0000,0.0000,0,0,多换,B,14420.0000,0.0000,0.0000,0.0000,0.0000,14685.0000,0.0000,0.0000,0.0000,0.0000,1,0,0,0,0,15,0,0,0,0
sc,zn1304,2012-06-29 09:00:55.000,14605.0000,712,0,0.0000,0.0000,0,0,多换,B,14420.0000,0.0000,0.0000,0.0000,0.0000,14680.0000,0.0000,0.0000,0.0000,0.0000,1,0,0,0,0,1,0,0,0,0
sc,zn1304,2012-06-29 09:00:55.500,14605.0000,712,0,0.0000,0.0000,0,0,多换,B,14420.0000,0.0000,0.0000,0.0000,0.0000,14680.0000,0.0000,0.0000,0.0000,0.0000,1,0,0,0,0,16,0,0,0,0
sc,zn1304,2012-06-29 09:00:56.500,14605.0000,712,0,0.0000,0.0000,0,0,多换,B,14420.0000,0.0000,0.0000,0.0000,0.0000,14680.0000,0.0000,0.0000,0.0000,0.0000,1,0,0,0,0,1,0,0,0,0
sc,zn1304,2012-06-29 09:00:59.500,14605.0000,712,0,0.0000,0.0000,0,0,多换,B,14315.0000,0.0000,0.0000,0.0000,0.0000,14680.0000,0.0000,0.0000,0.0000,0.0000,1,0,0,0,0,1,0,0,0,0
sc,zn1304,2012-06-29 09:01:00.000,14605.0000,712,0,0.0000,0.0000,0,0,多换,B,14425.0000,0.0000,0.0000,0.0000,0.0000,14680.0000,0.0000,0.0000,0.0000,0.0000,1,0,0,0,0,1,0,0,0,0
sc,zn1304,2012-06-29 09:01:09.500,14605.0000,712,0,0.0000,0.0000,0,0,多换,B,14425.0000,0.0000,0.0000,0.0000,0.0000,14680.0000,0.0000,0.0000,0.0000,0.0000,1,0,0,0,0,11,0,0,0,0
sc,zn1304,2012-06-29 09:01:16.000,14605.0000,712,0,0.0000,0.0000,0,0,多换,B,14425.0000,0.0000,0.0000,0.0000,0.0000,14680.0000,0.0000,0.0000,0.0000,0.0000,1,0,0,0,0,16,0,0,0,0
sc,zn1304,2012-06-29 09:01:16.500,14605.0000,712,0,0.0000,0.0000,0,0,多换,B,14425.0000,0.0000,0.0000,0.0000,0.0000,14675.0000,0.0000,0.0000,0.0000,0.0000,1,0,0,0,0,3,0,0,0,0
sc,zn1304,2012-06-29 09:01:17.000,14605.0000,712,0,0.0000,0.0000,0,0,多换,B,14425.0000,0.0000,0.0000,0.0000,0.0000,14670.0000,0.0000,0.0000,0.0000,0.0000,1,0,0,0,0,1,0,0,0,0
sc,zn1304,2012-06-29 09:01:18.500,14605.0000,712,0,0.0000,0.0000,0,0,多换,B,14425.0000,0.0000,0.0000,0.0000,0.0000,14670.0000,0.0000,0.0000,0.0000,0.0000,1,0,0,0,0,1,0,0,0,0
sc,zn1304,2012-06-29 09:01:20.000,14605.0000,712,0,0.0000,0.0000,0,0,多换,B,14425.0000,0.0000,0.0000,0.0000,0.0000,14670.0000,0.0000,0.0000,0.0000,0.0000,1,0,0,0,0,1,0,0,0,0
sc,zn1304,2012-06-29 09:01:24.500,14605.0000,712,0,0.0000,0.0000,0,0,多换,B,14425.0000,0.0000,0.0000,0.0000,0.0000,14670.0000,0.0000,0.0000,0.0000,0.0000,1,0,0,0,0,1,0,0,0,0
sc,zn1304,2012-06-29 09:01:30.500,14605.0000,712,0,0.0000,0.0000,0,0,多换,B,14325.0000,0.0000,0.0000,0.0000,0.0000,14670.0000,0.0000,0.0000,0.0000,0.0000,10,0,0,0,0,1,0,0,0,0
sc,zn1304,2012-06-29 09:01:31.000,14605.0000,712,0,0.0000,0.0000,0,0,多换,B,14430.0000,0.0000,0.0000,0.0000,0.0000,14670.0000,0.0000,0.0000,0.0000,0.0000,1,0,0,0,0,1,0,0,0,0
sc,zn1304,2012-06-29 09:01:32.000,14605.0000,712,0,0.0000,0.0000,0,0,多换,B,14430.0000,0.0000,0.0000,0.0000,0.0000,14670.0000,0.0000,0.0000,0.0000,0.0000,1,0,0,0,0,1,0,0,0,0
sc,zn1304,2012-06-29 09:01:47.500,14605.0000,712,0,0.0000,0.0000,0,0,多换,B,14430.0000,0.0000,0.0000,0.0000,0.0000,14760.0000,0.0000,0.0000,0.0000,0.0000,1,0,0,0,0,5,0,0,0,0
sc,zn1304,2012-06-29 09:01:48.000,14605.0000,712,0,0.0000,0.0000,0,0,多换,B,14430.0000,0.0000,0.0000,0.0000,0.0000,14745.0000,0.0000,0.0000,0.0000,0.0000,1,0,0,0,0,10,0,0,0,0
sc,zn1304,2012-06-29 09:01:48.500,14605.0000,712,0,0.0000,0.0000,0,0,多换,B,14430.0000,0.0000,0.0000,0.0000,0.0000,14740.0000,0.0000,0.0000,0.0000,0.0000,1,0,0,0,0,9,0,0,0,0
sc,zn1304,2012-06-29 09:01:49.000,14605.0000,712,0,0.0000,0.0000,0,0,多换,B,14430.0000,0.0000,0.0000,0.0000,0.0000,14725.0000,0.0000,0.0000,0.0000,0.0000,1,0,0,0,0,10,0,0,0,0
sc,zn1304,2012-06-29 09:01:49.500,14605.0000,712,0,0.0000,0.0000,0,0,多换,B,14430.0000,0.0000,0.0000,0.0000,0.0000,14720.0000,0.0000,0.0000,0.0000,0.0000,1,0,0,0,0,6,0,0,0,0
sc,zn1304,2012-06-29 09:01:50.000,14605.0000,712,0,0.0000,0.0000,0,0,多换,B,14430.0000,0.0000,0.0000,0.0000,0.0000,14705.0000,0.0000,0.0000,0.0000,0.0000,1,0,0,0,0,10,0,0,0,0
sc,zn1304,2012-06-29 09:01:50.500,14605.0000,712,0,0.0000,0.0000,0,0,多换,B,14430.0000,0.0000,0.0000,0.0000,0.0000,14700.0000,0.0000,0.0000,0.0000,0.0000,1,0,0,0,0,6,0,0,0,0
sc,zn1304,2012-06-29 09:01:51.000,14605.0000,712,0,0.0000,0.0000,0,0,多换,B,14430.0000,0.0000,0.0000,0.0000,0.0000,14685.0000,0.0000,0.0000,0.0000,0.0000,1,0,0,0,0,10,0,0,0,0
sc,zn1304,2012-06-29 09:01:51.500,14605.0000,712,0,0.0000,0.0000,0,0,多换,B,14430.0000,0.0000,0.0000,0.0000,0.0000,14680.0000,0.0000,0.0000,0.0000,0.0000,1,0,0,0,0,1,0,0,0,0
sc,zn1304,2012-06-29 09:01:57.000,14605.0000,712,0,0.0000,0.0000,0,0,多换,B,14430.0000,0.0000,0.0000,0.0000,0.0000,14680.0000,0.0000,0.0000,0.0000,0.0000,1,0,0,0,0,11,0,0,0,0
sc,zn1304,2012-06-29 09:02:01.000,14605.0000,712,0,0.0000,0.0000,0,0,多换,B,14430.0000,0.0000,0.0000,0.0000,0.0000,14680.0000,0.0000,0.0000,0.0000,0.0000,1,0,0,0,0,16,0,0,0,0
sc,zn1304,2012-06-29 09:02:01.500,14605.0000,712,0,0.0000,0.0000,0,0,多换,B,14330.0000,0.0000,0.0000,0.0000,0.0000,14675.0000,0.0000,0.0000,0.0000,0.0000,20,0,0,0,0,3,0,0,0,0
sc,zn1304,2012-06-29 09:02:02.000,14605.0000,712,0,0.0000,0.0000,0,0,多换,B,14435.0000,0.0000,0.0000,0.0000,0.0000,14670.0000,0.0000,0.0000,0.0000,0.0000,1,0,0,0,0,1,0,0,0,0
sc,zn1304,2012-06-29 09:02:07.000,14605.0000,712,0,0.0000,0.0000,0,0,多换,B,14435.0000,0.0000,0.0000,0.0000,0.0000,14670.0000,0.0000,0.0000,0.0000,0.0000,1,0,0,0,0,1,0,0,0,0
sc,zn1304,2012-06-29 09:02:24.000,14605.0000,712,0,0.0000,0.0000,0,0,多换,B,14435.0000,0.0000,0.0000,0.0000,0.0000,14670.0000,0.0000,0.0000,0.0000,0.0000,1,0,0,0,0,1,0,0,0,0
sc,zn1304,2012-06-29 09:02:25.500,14605.0000,712,0,0.0000,0.0000,0,0,多换,B,14435.0000,0.0000,0.0000,0.0000,0.0000,14670.0000,0.0000,0.0000,0.0000,0.0000,1,0,0,0,0,1,0,0,0,0
sc,zn1304,2012-06-29 09:02:32.000,14605.0000,712,0,0.0000,0.0000,0,0,多换,B,14340.0000,0.0000,0.0000,0.0000,0.0000,14670.0000,0.0000,0.0000,0.0000,0.0000,8,0,0,0,0,1,0,0,0,0
sc,zn1304,2012-06-29 09:02:32.500,14605.0000,712,0,0.0000,0.0000,0,0,多换,B,14440.0000,0.0000,0.0000,0.0000,0.0000,14675.0000,0.0000,0.0000,0.0000,0.0000,1,0,0,0,0,3,0,0,0,0
sc,zn1304,2012-06-29 09:02:33.000,14605.0000,712,0,0.0000,0.0000,0,0,多换,B,14440.0000,0.0000,0.0000,0.0000,0.0000,14670.0000,0.0000,0.0000,0.0000,0.0000,1,0,0,0,0,1,0,0,0,0
sc,zn1304,2012-06-29 09:02:33.500,14605.0000,712,0,0.0000,0.0000,0,0,多换,B,14440.0000,0.0000,0.0000,0.0000,0.0000,14670.0000,0.0000,0.0000,0.0000,0.0000,1,0,0,0,0,1,0,0,0,0
sc,zn1304,2012-06-29 09:02:41.500,14605.0000,712,0,0.0000,0.0000,0,0,多换,B,14440.0000,0.0000,0.0000,0.0000,0.0000,14670.0000,0.0000,0.0000,0.0000,0.0000,1,0,0,0,0,1,0,0,0,0
sc,zn1304,2012-06-29 09:03:03.000,14605.0000,712,0,0.0000,0.0000,0,0,多换,B,14355.0000,0.0000,0.0000,0.0000,0.0000,14670.0000,0.0000,0.0000,0.0000,0.0000,10,0,0,0,0,1,0,0,0,0
sc,zn1304,2012-06-29 09:03:03.500,14605.0000,712,0,0.0000,0.0000,0,0,多换,B,14445.0000,0.0000,0.0000,0.0000,0.0000,14755.0000,0.0000,0.0000,0.0000,0.0000,1,0,0,0,0,10,0,0,0,0
sc,zn1304,2012-06-29 09:03:04.000,14605.0000,712,0,0.0000,0.0000,0,0,多换,B,14445.0000,0.0000,0.0000,0.0000,0.0000,14745.0000,0.0000,0.0000,0.0000,0.0000,1,0,0,0,0,8,0,0,0,0
sc,zn1304,2012-06-29 09:03:04.500,14605.0000,712,0,0.0000,0.0000,0,0,多换,B,14445.0000,0.0000,0.0000,0.0000,0.0000,14730.0000,0.0000,0.0000,0.0000,0.0000,1,0,0,0,0,10,0,0,0,0
sc,zn1304,2012-06-29 09:03:05.000,14605.0000,712,0,0.0000,0.0000,0,0,多换,B,14445.0000,0.0000,0.0000,0.0000,0.0000,14725.0000,0.0000,0.0000,0.0000,0.0000,1,0,0,0,0,9,0,0,0,0
sc,zn1304,2012-06-29 09:03:05.500,14605.0000,712,0,0.0000,0.0000,0,0,多换,B,14445.0000,0.0000,0.0000,0.0000,0.0000,14715.0000,0.0000,0.0000,0.0000,0.0000,1,0,0,0,0,10,0,0,0,0
sc,zn1304,2012-06-29 09:03:06.000,14605.0000,712,0,0.0000,0.0000,0,0,多换,B,14445.0000,0.0000,0.0000,0.0000,0.0000,14710.0000,0.0000,0.0000,0.0000,0.0000,1,0,0,0,0,6,0,0,0,0
sc,zn1304,2012-06-29 09:03:06.500,14605.0000,712,0,0.0000,0.0000,0,0,多换,B,14445.0000,0.0000,0.0000,0.0000,0.0000,14695.0000,0.0000,0.0000,0.0000,0.0000,1,0,0,0,0,10,0,0,0,0
sc,zn1304,2012-06-29 09:03:07.000,14605.0000,712,0,0.0000,0.0000,0,0,多换,B,14445.0000,0.0000,0.0000,0.0000,0.0000,14690.0000,0.0000,0.0000,0.0000,0.0000,1,0,0,0,0,6,0,0,0,0
sc,zn1304,2012-06-29 09:03:07.500,14605.0000,712,0,0.0000,0.0000,0,0,多换,B,14445.0000,0.0000,0.0000,0.0000,0.0000,14690.0000,0.0000,0.0000,0.0000,0.0000,1,0,0,0,0,16,0,0,0,0
sc,zn1304,2012-06-29 09:03:23.000,14605.0000,712,0,0.0000,0.0000,0,0,多换,B,14445.0000,0.0000,0.0000,0.0000,0.0000,14690.0000,0.0000,0.0000,0.0000,0.0000,1,0,0,0,0,6,0,0,0,0
sc,zn1304,2012-06-29 09:03:23.500,14605.0000,712,0,0.0000,0.0000,0,0,多换,B,14445.0000,0.0000,0.0000,0.0000,0.0000,14685.0000,0.0000,0.0000,0.0000,0.0000,1,0,0,0,0,10,0,0,0,0
sc,zn1304,2012-06-29 09:03:24.000,14605.0000,712,0,0.0000,0.0000,0,0,多换,B,14445.0000,0.0000,0.0000,0.0000,0.0000,14680.0000,0.0000,0.0000,0.0000,0.0000,1,0,0,0,0,6,0,0,0,0
sc,zn1304,2012-06-29 09:03:24.500,14605.0000,712,0,0.0000,0.0000,0,0,多换,B,14445.0000,0.0000,0.0000,0.0000,0.0000,14680.0000,0.0000,0.0000,0.0000,0.0000,1,0,0,0,0,1,0,0,0,0
sc,zn1304,2012-06-29 09:03:33.500,14605.0000,712,0,0.0000,0.0000,0,0,多换,B,14365.0000,0.0000,0.0000,0.0000,0.0000,14680.0000,0.0000,0.0000,0.0000,0.0000,8,0,0,0,0,1,0,0,0,0
sc,zn1304,2012-06-29 09:03:34.000,14605.0000,712,0,0.0000,0.0000,0,0,多换,B,14450.0000,0.0000,0.0000,0.0000,0.0000,14680.0000,0.0000,0.0000,0.0000,0.0000,1,0,0,0,0,6,0,0,0,0
sc,zn1304,2012-06-29 09:03:35.000,14605.0000,712,0,0.0000,0.0000,0,0,多换,B,14450.0000,0.0000,0.0000,0.0000,0.0000,14680.0000,0.0000,0.0000,0.0000,0.0000,1,0,0,0,0,6,0,0,0,0
sc,zn1304,2012-06-29 09:03:37.500,14605.0000,712,0,0.0000,0.0000,0,0,多换,B,14450.0000,0.0000,0.0000,0.0000,0.0000,14680.0000,0.0000,0.0000,0.0000,0.0000,1,0,0,0,0,6,0,0,0,0
sc,zn1304,2012-06-29 09:03:55.500,14605.0000,712,0,0.0000,0.0000,0,0,多换,B,14450.0000,0.0000,0.0000,0.0000,0.0000,14680.0000,0.0000,0.0000,0.0000,0.0000,1,0,0,0,0,5,0,0,0,0
sc,zn1304,2012-06-29 09:03:56.000,14605.0000,712,0,0.0000,0.0000,0,0,多换,B,14450.0000,0.0000,0.0000,0.0000,0.0000,14675.0000,0.0000,0.0000,0.0000,0.0000,1,0,0,0,0,1,0,0,0,0
sc,zn1304,2012-06-29 09:03:56.500,14605.0000,712,0,0.0000,0.0000,0,0,多换,B,14450.0000,0.0000,0.0000,0.0000,0.0000,14675.0000,0.0000,0.0000,0.0000,0.0000,1,0,0,0,0,6,0,0,0,0
sc,zn1304,2012-06-29 09:03:58.000,14605.0000,712,0,0.0000,0.0000,0,0,多换,B,14450.0000,0.0000,0.0000,0.0000,0.0000,14675.0000,0.0000,0.0000,0.0000,0.0000,1,0,0,0,0,6,0,0,0,0
sc,zn1304,2012-06-29 09:04:04.000,14605.0000,712,0,0.0000,0.0000,0,0,多换,B,14370.0000,0.0000,0.0000,0.0000,0.0000,14675.0000,0.0000,0.0000,0.0000,0.0000,13,0,0,0,0,6,0,0,0,0
sc,zn1304,2012-06-29 09:04:04.500,14605.0000,712,0,0.0000,0.0000,0,0,多换,B,14455.0000,0.0000,0.0000,0.0000,0.0000,14675.0000,0.0000,0.0000,0.0000,0.0000,1,0,0,0,0,6,0,0,0,0
sc,zn1304,2012-06-29 09:04:21.000,14605.0000,712,0,0.0000,0.0000,0,0,多换,B,14455.0000,0.0000,0.0000,0.0000,0.0000,14675.0000,0.0000,0.0000,0.0000,0.0000,1,0,0,0,0,6,0,0,0,0
sc,zn1304,2012-06-29 09:04:26.500,14605.0000,712,0,0.0000,0.0000,0,0,多换,B,14455.0000,0.0000,0.0000,0.0000,0.0000,14675.0000,0.0000,0.0000,0.0000,0.0000,1,0,0,0,0,5,0,0,0,0
sc,zn1304,2012-06-29 09:04:27.000,14605.0000,712,0,0.0000,0.0000,0,0,多换,B,14455.0000,0.0000,0.0000,0.0000,0.0000,14670.0000,0.0000,0.0000,0.0000,0.0000,1,0,0,0,0,1,0,0,0,0
sc,zn1304,2012-06-29 09:04:27.500,14605.0000,712,0,0.0000,0.0000,0,0,多换,B,14455.0000,0.0000,0.0000,0.0000,0.0000,14670.0000,0.0000,0.0000,0.0000,0.0000,1,0,0,0,0,6,0,0,0,0
sc,zn1304,2012-06-29 09:04:30.500,14605.0000,712,0,0.0000,0.0000,0,0,多换,B,14460.0000,0.0000,0.0000,0.0000,0.0000,14670.0000,0.0000,0.0000,0.0000,0.0000,2,0,0,0,0,6,0,0,0,0
sc,zn1304,2012-06-29 09:04:31.000,14605.0000,712,0,0.0000,0.0000,0,0,多换,B,14465.0000,0.0000,0.0000,0.0000,0.0000,14670.0000,0.0000,0.0000,0.0000,0.0000,1,0,0,0,0,6,0,0,0,0
sc,zn1304,2012-06-29 09:04:31.500,14605.0000,712,0,0.0000,0.0000,0,0,多换,B,14465.0000,0.0000,0.0000,0.0000,0.0000,14670.0000,0.0000,0.0000,0.0000,0.0000,1,0,0,0,0,6,0,0,0,0
sc,zn1304,2012-06-29 09:04:39.500,14605.0000,712,0,0.0000,0.0000,0,0,多换,B,14465.0000,0.0000,0.0000,0.0000,0.0000,14670.0000,0.0000,0.0000,0.0000,0.0000,1,0,0,0,0,1,0,0,0,0
sc,zn1304,2012-06-29 09:04:51.500,14605.0000,712,0,0.0000,0.0000,0,0,多换,B,14465.0000,0.0000,0.0000,0.0000,0.0000,14670.0000,0.0000,0.0000,0.0000,0.0000,6,0,0,0,0,1,0,0,0,0
sc,zn1304,2012-06-29 09:04:57.500,14605.0000,712,0,0.0000,0.0000,0,0,多换,B,14465.0000,0.0000,0.0000,0.0000,0.0000,14705.0000,0.0000,0.0000,0.0000,0.0000,6,0,0,0,0,3,0,0,0,0
sc,zn1304,2012-06-29 09:04:58.000,14605.0000,712,0,0.0000,0.0000,0,0,多换,B,14465.0000,0.0000,0.0000,0.0000,0.0000,14700.0000,0.0000,0.0000,0.0000,0.0000,6,0,0,0,0,6,0,0,0,0
sc,zn1304,2012-06-29 09:05:00.500,14605.0000,712,0,0.0000,0.0000,0,0,多换,B,14465.0000,0.0000,0.0000,0.0000,0.0000,14700.0000,0.0000,0.0000,0.0000,0.0000,1,0,0,0,0,16,0,0,0,0
sc,zn1304,2012-06-29 09:05:01.500,14605.0000,712,0,0.0000,0.0000,0,0,多换,B,14465.0000,0.0000,0.0000,0.0000,0.0000,14700.0000,0.0000,0.0000,0.0000,0.0000,5,0,0,0,0,6,0,0,0,0
sc,zn1304,2012-06-29 09:05:02.000,14605.0000,712,0,0.0000,0.0000,0,0,多换,B,14470.0000,0.0000,0.0000,0.0000,0.0000,14700.0000,0.0000,0.0000,0.0000,0.0000,1,0,0,0,0,6,0,0,0,0
sc,zn1304,2012-06-29 09:05:07.500,14605.0000,712,0,0.0000,0.0000,0,0,多换,B,14470.0000,0.0000,0.0000,0.0000,0.0000,14700.0000,0.0000,0.0000,0.0000,0.0000,6,0,0,0,0,6,0,0,0,0
sc,zn1304,2012-06-29 09:05:08.000,14605.0000,712,0,0.0000,0.0000,0,0,多换,B,14470.0000,0.0000,0.0000,0.0000,0.0000,14700.0000,0.0000,0.0000,0.0000,0.0000,6,0,0,0,0,6,0,0,0,0
sc,zn1304,2012-06-29 09:05:24.500,14605.0000,712,0,0.0000,0.0000,0,0,多换,B,14470.0000,0.0000,0.0000,0.0000,0.0000,14700.0000,0.0000,0.0000,0.0000,0.0000,6,0,0,0,0,6,0,0,0,0
sc,zn1304,2012-06-29 09:05:28.000,14605.0000,712,0,0.0000,0.0000,0,0,多换,B,14470.0000,0.0000,0.0000,0.0000,0.0000,14700.0000,0.0000,0.0000,0.0000,0.0000,6,0,0,0,0,5,0,0,0,0
sc,zn1304,2012-06-29 09:05:28.500,14605.0000,712,0,0.0000,0.0000,0,0,多换,B,14470.0000,0.0000,0.0000,0.0000,0.0000,14695.0000,0.0000,0.0000,0.0000,0.0000,6,0,0,0,0,1,0,0,0,0
sc,zn1304,2012-06-29 09:05:29.000,14605.0000,712,0,0.0000,0.0000,0,0,多换,B,14470.0000,0.0000,0.0000,0.0000,0.0000,14695.0000,0.0000,0.0000,0.0000,0.0000,6,0,0,0,0,6,0,0,0,0
sc,zn1304,2012-06-29 09:05:32.500,14605.0000,712,0,0.0000,0.0000,0,0,多换,B,14470.0000,0.0000,0.0000,0.0000,0.0000,14695.0000,0.0000,0.0000,0.0000,0.0000,5,0,0,0,0,6,0,0,0,0
sc,zn1304,2012-06-29 09:05:33.000,14605.0000,712,0,0.0000,0.0000,0,0,多换,B,14475.0000,0.0000,0.0000,0.0000,0.0000,14695.0000,0.0000,0.0000,0.0000,0.0000,1,0,0,0,0,6,0,0,0,0
sc,zn1304,2012-06-29 09:05:33.500,14605.0000,712,0,0.0000,0.0000,0,0,多换,B,14475.0000,0.0000,0.0000,0.0000,0.0000,14695.0000,0.0000,0.0000,0.0000,0.0000,6,0,0,0,0,6,0,0,0,0
sc,zn1304,2012-06-29 09:05:37.500,14605.0000,712,0,0.0000,0.0000,0,0,多换,B,14475.0000,0.0000,0.0000,0.0000,0.0000,14695.0000,0.0000,0.0000,0.0000,0.0000,1,0,0,0,0,6,0,0,0,0
sc,zn1304,2012-06-29 09:05:38.500,14605.0000,712,0,0.0000,0.0000,0,0,多换,B,14480.0000,0.0000,0.0000,0.0000,0.0000,14695.0000,0.0000,0.0000,0.0000,0.0000,1,0,0,0,0,6,0,0,0,0
sc,zn1304,2012-06-29 09:05:39.000,14605.0000,712,0,0.0000,0.0000,0,0,多换,B,14485.0000,0.0000,0.0000,0.0000,0.0000,14695.0000,0.0000,0.0000,0.0000,0.0000,1,0,0,0,0,6,0,0,0,0
sc,zn1304,2012-06-29 09:05:39.500,14605.0000,712,0,0.0000,0.0000,0,0,多换,B,14485.0000,0.0000,0.0000,0.0000,0.0000,14695.0000,0.0000,0.0000,0.0000,0.0000,1,0,0,0,0,6,0,0,0,0
sc,zn1304,2012-06-29 09:05:42.500,14605.0000,712,0,0.0000,0.0000,0,0,多换,B,14490.0000,0.0000,0.0000,0.0000,0.0000,14695.0000,0.0000,0.0000,0.0000,0.0000,1,0,0,0,0,6,0,0,0,0
sc,zn1304,2012-06-29 09:05:43.000,14605.0000,712,0,0.0000,0.0000,0,0,多换,B,14495.0000,0.0000,0.0000,0.0000,0.0000,14695.0000,0.0000,0.0000,0.0000,0.0000,1,0,0,0,0,6,0,0,0,0
sc,zn1304,2012-06-29 09:05:44.000,14605.0000,712,0,0.0000,0.0000,0,0,多换,B,14495.0000,0.0000,0.0000,0.0000,0.0000,14695.0000,0.0000,0.0000,0.0000,0.0000,1,0,0,0,0,6,0,0,0,0
sc,zn1304,2012-06-29 09:05:46.500,14605.0000,712,0,0.0000,0.0000,0,0,多换,B,14500.0000,0.0000,0.0000,0.0000,0.0000,14695.0000,0.0000,0.0000,0.0000,0.0000,1,0,0,0,0,6,0,0,0,0
sc,zn1304,2012-06-29 09:05:47.000,14605.0000,712,0,0.0000,0.0000,0,0,多换,B,14505.0000,0.0000,0.0000,0.0000,0.0000,14695.0000,0.0000,0.0000,0.0000,0.0000,1,0,0,0,0,6,0,0,0,0
sc,zn1304,2012-06-29 09:05:47.500,14605.0000,712,0,0.0000,0.0000,0,0,多换,B,14505.0000,0.0000,0.0000,0.0000,0.0000,14695.0000,0.0000,0.0000,0.0000,0.0000,1,0,0,0,0,6,0,0,0,0
sc,zn1304,2012-06-29 09:05:49.500,14605.0000,712,0,0.0000,0.0000,0,0,多换,B,14505.0000,0.0000,0.0000,0.0000,0.0000,14695.0000,0.0000,0.0000,0.0000,0.0000,1,0,0,0,0,1,0,0,0,0
sc,zn1304,2012-06-29 09:05:50.000,14605.0000,712,0,0.0000,0.0000,0,0,多换,B,14510.0000,0.0000,0.0000,0.0000,0.0000,14695.0000,0.0000,0.0000,0.0000,0.0000,1,0,0,0,0,1,0,0,0,0
sc,zn1304,2012-06-29 09:05:51.500,14605.0000,712,0,0.0000,0.0000,0,0,多换,B,14510.0000,0.0000,0.0000,0.0000,0.0000,14695.0000,0.0000,0.0000,0.0000,0.0000,1,0,0,0,0,1,0,0,0,0
sc,zn1304,2012-06-29 09:05:52.000,14605.0000,712,0,0.0000,0.0000,0,0,多换,B,14510.0000,0.0000,0.0000,0.0000,0.0000,14695.0000,0.0000,0.0000,0.0000,0.0000,6,0,0,0,0,1,0,0,0,0
sc,zn1304,2012-06-29 09:05:53.000,14605.0000,712,0,0.0000,0.0000,0,0,多换,B,14515.0000,0.0000,0.0000,0.0000,0.0000,15180.0000,0.0000,0.0000,0.0000,0.0000,1,0,0,0,0,1,0,0,0,0
sc,zn1304,2012-06-29 09:05:53.500,14605.0000,712,0,0.0000,0.0000,0,0,多换,B,14520.0000,0.0000,0.0000,0.0000,0.0000,15165.0000,0.0000,0.0000,0.0000,0.0000,5,0,0,0,0,10,0,0,0,0
sc,zn1304,2012-06-29 09:05:54.000,14605.0000,712,0,0.0000,0.0000,0,0,多换,B,14525.0000,0.0000,0.0000,0.0000,0.0000,15150.0000,0.0000,0.0000,0.0000,0.0000,1,0,0,0,0,10,0,0,0,0
sc,zn1304,2012-06-29 09:05:54.500,14605.0000,712,0,0.0000,0.0000,0,0,多换,B,14525.0000,0.0000,0.0000,0.0000,0.0000,15135.0000,0.0000,0.0000,0.0000,0.0000,1,0,0,0,0,10,0,0,0,0
sc,zn1304,2012-06-29 09:05:55.000,14605.0000,712,0,0.0000,0.0000,0,0,多换,B,14525.0000,0.0000,0.0000,0.0000,0.0000,15010.0000,0.0000,0.0000,0.0000,0.0000,6,0,0,0,0,10,0,0,0,0
sc,zn1304,2012-06-29 09:05:55.500,14605.0000,712,0,0.0000,0.0000,0,0,多换,B,14525.0000,0.0000,0.0000,0.0000,0.0000,14995.0000,0.0000,0.0000,0.0000,0.0000,6,0,0,0,0,10,0,0,0,0
sc,zn1304,2012-06-29 09:05:56.000,14605.0000,712,0,0.0000,0.0000,0,0,多换,B,14525.0000,0.0000,0.0000,0.0000,0.0000,14980.0000,0.0000,0.0000,0.0000,0.0000,6,0,0,0,0,10,0,0,0,0
sc,zn1304,2012-06-29 09:05:56.500,14605.0000,712,0,0.0000,0.0000,0,0,多换,B,14530.0000,0.0000,0.0000,0.0000,0.0000,14965.0000,0.0000,0.0000,0.0000,0.0000,1,0,0,0,0,10,0,0,0,0
sc,zn1304,2012-06-29 09:05:57.000,14605.0000,712,0,0.0000,0.0000,0,0,多换,B,14535.0000,0.0000,0.0000,0.0000,0.0000,14950.0000,0.0000,0.0000,0.0000,0.0000,6,0,0,0,0,10,0,0,0,0
sc,zn1304,2012-06-29 09:05:57.500,14605.0000,712,0,0.0000,0.0000,0,0,多换,B,14535.0000,0.0000,0.0000,0.0000,0.0000,14880.0000,0.0000,0.0000,0.0000,0.0000,1,0,0,0,0,1,0,0,0,0
sc,zn1304,2012-06-29 09:05:58.000,14605.0000,712,0,0.0000,0.0000,0,0,多换,B,14535.0000,0.0000,0.0000,0.0000,0.0000,14865.0000,0.0000,0.0000,0.0000,0.0000,6,0,0,0,0,20,0,0,0,0
sc,zn1304,2012-06-29 09:05:58.500,14605.0000,712,0,0.0000,0.0000,0,0,多换,B,14535.0000,0.0000,0.0000,0.0000,0.0000,14860.0000,0.0000,0.0000,0.0000,0.0000,6,0,0,0,0,9,0,0,0,0
sc,zn1304,2012-06-29 09:05:59.000,14605.0000,712,0,0.0000,0.0000,0,0,多换,B,14535.0000,0.0000,0.0000,0.0000,0.0000,14830.0000,0.0000,0.0000,0.0000,0.0000,6,0,0,0,0,10,0,0,0,0
sc,zn1304,2012-06-29 09:05:59.500,14605.0000,712,0,0.0000,0.0000,0,0,多换,B,14535.0000,0.0000,0.0000,0.0000,0.0000,14820.0000,0.0000,0.0000,0.0000,0.0000,6,0,0,0,0,10,0,0,0,0
sc,zn1304,2012-06-29 09:06:00.000,14605.0000,712,0,0.0000,0.0000,0,0,多换,B,14535.0000,0.0000,0.0000,0.0000,0.0000,14805.0000,0.0000,0.0000,0.0000,0.0000,6,0,0,0,0,10,0,0,0,0
sc,zn1304,2012-06-29 09:06:00.500,14605.0000,712,0,0.0000,0.0000,0,0,多换,B,14540.0000,0.0000,0.0000,0.0000,0.0000,14795.0000,0.0000,0.0000,0.0000,0.0000,1,0,0,0,0,8,0,0,0,0
sc,zn1304,2012-06-29 09:06:01.000,14605.0000,712,0,0.0000,0.0000,0,0,多换,B,14545.0000,0.0000,0.0000,0.0000,0.0000,14780.0000,0.0000,0.0000,0.0000,0.0000,6,0,0,0,0,10,0,0,0,0
sc,zn1304,2012-06-29 09:06:01.500,14605.0000,712,0,0.0000,0.0000,0,0,多换,B,14545.0000,0.0000,0.0000,0.0000,0.0000,14775.0000,0.0000,0.0000,0.0000,0.0000,6,0,0,0,0,6,0,0,0,0
sc,zn1304,2012-06-29 09:06:02.000,14605.0000,712,0,0.0000,0.0000,0,0,多换,B,14545.0000,0.0000,0.0000,0.0000,0.0000,14775.0000,0.0000,0.0000,0.0000,0.0000,1,0,0,0,0,16,0,0,0,0
sc,zn1304,2012-06-29 09:06:04.500,14605.0000,712,0,0.0000,0.0000,0,0,多换,B,14550.0000,0.0000,0.0000,0.0000,0.0000,14775.0000,0.0000,0.0000,0.0000,0.0000,1,0,0,0,0,6,0,0,0,0
sc,zn1304,2012-06-29 09:06:05.000,14605.0000,712,0,0.0000,0.0000,0,0,多换,B,14555.0000,0.0000,0.0000,0.0000,0.0000,14775.0000,0.0000,0.0000,0.0000,0.0000,1,0,0,0,0,6,0,0,0,0
sc,zn1304,2012-06-29 09:06:05.500,14605.0000,712,0,0.0000,0.0000,0,0,多换,B,14555.0000,0.0000,0.0000,0.0000,0.0000,14770.0000,0.0000,0.0000,0.0000,0.0000,1,0,0,0,0,10,0,0,0,0
sc,zn1304,2012-06-29 09:06:06.000,14605.0000,712,0,0.0000,0.0000,0,0,多换,B,14555.0000,0.0000,0.0000,0.0000,0.0000,14765.0000,0.0000,0.0000,0.0000,0.0000,1,0,0,0,0,6,0,0,0,0
sc,zn1304,2012-06-29 09:06:08.500,14605.0000,712,0,0.0000,0.0000,0,0,多换,B,14560.0000,0.0000,0.0000,0.0000,0.0000,14765.0000,0.0000,0.0000,0.0000,0.0000,1,0,0,0,0,16,0,0,0,0
sc,zn1304,2012-06-29 09:06:09.000,14605.0000,712,0,0.0000,0.0000,0,0,多换,B,14565.0000,0.0000,0.0000,0.0000,0.0000,14765.0000,0.0000,0.0000,0.0000,0.0000,1,0,0,0,0,16,0,0,0,0
sc,zn1304,2012-06-29 09:06:09.500,14605.0000,712,0,0.0000,0.0000,0,0,多换,B,14565.0000,0.0000,0.0000,0.0000,0.0000,14765.0000,0.0000,0.0000,0.0000,0.0000,1,0,0,0,0,16,0,0,0,0
sc,zn1304,2012-06-29 09:06:12.500,14605.0000,712,0,0.0000,0.0000,0,0,多换,B,14570.0000,0.0000,0.0000,0.0000,0.0000,14765.0000,0.0000,0.0000,0.0000,0.0000,1,0,0,0,0,16,0,0,0,0
sc,zn1304,2012-06-29 09:06:13.000,14605.0000,712,0,0.0000,0.0000,0,0,多换,B,14575.0000,0.0000,0.0000,0.0000,0.0000,14765.0000,0.0000,0.0000,0.0000,0.0000,1,0,0,0,0,16,0,0,0,0
sc,zn1304,2012-06-29 09:06:13.500,14605.0000,712,0,0.0000,0.0000,0,0,多换,B,14575.0000,0.0000,0.0000,0.0000,0.0000,14765.0000,0.0000,0.0000,0.0000,0.0000,1,0,0,0,0,16,0,0,0,0
sc,zn1304,2012-06-29 09:06:16.500,14605.0000,712,0,0.0000,0.0000,0,0,多换,B,14580.0000,0.0000,0.0000,0.0000,0.0000,14765.0000,0.0000,0.0000,0.0000,0.0000,1,0,0,0,0,16,0,0,0,0
sc,zn1304,2012-06-29 09:06:17.000,14605.0000,712,0,0.0000,0.0000,0,0,多换,B,14585.0000,0.0000,0.0000,0.0000,0.0000,14760.0000,0.0000,0.0000,0.0000,0.0000,1,0,0,0,0,3,0,0,0,0
sc,zn1304,2012-06-29 09:06:17.500,14605.0000,712,0,0.0000,0.0000,0,0,多换,B,14585.0000,0.0000,0.0000,0.0000,0.0000,14755.0000,0.0000,0.0000,0.0000,0.0000,1,0,0,0,0,9,0,0,0,0
sc,zn1304,2012-06-29 09:06:20.500,14605.0000,712,0,0.0000,0.0000,0,0,多换,B,14590.0000,0.0000,0.0000,0.0000,0.0000,14755.0000,0.0000,0.0000,0.0000,0.0000,1,0,0,0,0,9,0,0,0,0
sc,zn1304,2012-06-29 09:06:21.000,14605.0000,712,0,0.0000,0.0000,0,0,多换,B,14595.0000,0.0000,0.0000,0.0000,0.0000,14755.0000,0.0000,0.0000,0.0000,0.0000,1,0,0,0,0,9,0,0,0,0
sc,zn1304,2012-06-29 09:06:21.500,14605.0000,712,0,0.0000,0.0000,0,0,多换,B,14595.0000,0.0000,0.0000,0.0000,0.0000,14755.0000,0.0000,0.0000,0.0000,0.0000,1,0,0,0,0,9,0,0,0,0
sc,zn1304,2012-06-29 09:06:24.500,14605.0000,712,0,0.0000,0.0000,0,0,多换,B,14600.0000,0.0000,0.0000,0.0000,0.0000,14755.0000,0.0000,0.0000,0.0000,0.0000,1,0,0,0,0,9,0,0,0,0
sc,zn1304,2012-06-29 09:06:25.000,14605.0000,712,0,0.0000,0.0000,0,0,多换,B,14605.0000,0.0000,0.0000,0.0000,0.0000,14755.0000,0.0000,0.0000,0.0000,0.0000,1,0,0,0,0,9,0,0,0,0
sc,zn1304,2012-06-29 09:06:25.500,14605.0000,712,0,0.0000,0.0000,0,0,多换,B,14605.0000,0.0000,0.0000,0.0000,0.0000,14755.0000,0.0000,0.0000,0.0000,0.0000,1,0,0,0,0,9,0,0,0,0
sc,zn1304,2012-06-29 09:06:26.000,14605.0000,712,0,0.0000,0.0000,0,0,多换,B,14375.0000,0.0000,0.0000,0.0000,0.0000,14755.0000,0.0000,0.0000,0.0000,0.0000,10,0,0,0,0,19,0,0,0,0
sc,zn1304,2012-06-29 09:06:26.500,14605.0000,712,0,0.0000,0.0000,0,0,多换,B,14390.0000,0.0000,0.0000,0.0000,0.0000,14755.0000,0.0000,0.0000,0.0000,0.0000,10,0,0,0,0,19,0,0,0,0
sc,zn1304,2012-06-29 09:06:27.000,14605.0000,712,0,0.0000,0.0000,0,0,多换,B,14405.0000,0.0000,0.0000,0.0000,0.0000,14755.0000,0.0000,0.0000,0.0000,0.0000,10,0,0,0,0,19,0,0,0,0
sc,zn1304,2012-06-29 09:06:27.500,14605.0000,712,0,0.0000,0.0000,0,0,多换,B,14420.0000,0.0000,0.0000,0.0000,0.0000,14755.0000,0.0000,0.0000,0.0000,0.0000,10,0,0,0,0,9,0,0,0,0
sc,zn1304,2012-06-29 09:06:28.000,14605.0000,712,0,0.0000,0.0000,0,0,多换,B,14435.0000,0.0000,0.0000,0.0000,0.0000,14755.0000,0.0000,0.0000,0.0000,0.0000,10,0,0,0,0,9,0,0,0,0
sc,zn1304,2012-06-29 09:06:28.500,14605.0000,712,0,0.0000,0.0000,0,0,多换,B,14445.0000,0.0000,0.0000,0.0000,0.0000,14755.0000,0.0000,0.0000,0.0000,0.0000,10,0,0,0,0,9,0,0,0,0
sc,zn1304,2012-06-29 09:06:29.000,14605.0000,712,0,0.0000,0.0000,0,0,多换,B,14450.0000,0.0000,0.0000,0.0000,0.0000,14755.0000,0.0000,0.0000,0.0000,0.0000,11,0,0,0,0,9,0,0,0,0
sc,zn1304,2012-06-29 09:06:29.500,14605.0000,712,0,0.0000,0.0000,0,0,多换,B,14460.0000,0.0000,0.0000,0.0000,0.0000,14755.0000,0.0000,0.0000,0.0000,0.0000,10,0,0,0,0,9,0,0,0,0
sc,zn1304,2012-06-29 09:06:30.000,14605.0000,712,0,0.0000,0.0000,0,0,多换,B,14465.0000,0.0000,0.0000,0.0000,0.0000,14755.0000,0.0000,0.0000,0.0000,0.0000,1,0,0,0,0,9,0,0,0,0
sc,zn1304,2012-06-29 09:06:30.500,14605.0000,712,0,0.0000,0.0000,0,0,多换,B,14475.0000,0.0000,0.0000,0.0000,0.0000,14755.0000,0.0000,0.0000,0.0000,0.0000,8,0,0,0,0,9,0,0,0,0
sc,zn1304,2012-06-29 09:06:31.000,14605.0000,712,0,0.0000,0.0000,0,0,多换,B,14480.0000,0.0000,0.0000,0.0000,0.0000,14755.0000,0.0000,0.0000,0.0000,0.0000,1,0,0,0,0,19,0,0,0,0
sc,zn1304,2012-06-29 09:06:31.500,14605.0000,712,0,0.0000,0.0000,0,0,多换,B,14485.0000,0.0000,0.0000,0.0000,0.0000,14755.0000,0.0000,0.0000,0.0000,0.0000,8,0,0,0,0,19,0,0,0,0
sc,zn1304,2012-06-29 09:06:32.000,14605.0000,712,0,0.0000,0.0000,0,0,多换,B,14490.0000,0.0000,0.0000,0.0000,0.0000,14755.0000,0.0000,0.0000,0.0000,0.0000,1,0,0,0,0,19,0,0,0,0
sc,zn1304,2012-06-29 09:06:32.500,14605.0000,712,0,0.0000,0.0000,0,0,多换,B,14495.0000,0.0000,0.0000,0.0000,0.0000,14755.0000,0.0000,0.0000,0.0000,0.0000,8,0,0,0,0,19,0,0,0,0
sc,zn1304,2012-06-29 09:06:33.000,14605.0000,712,0,0.0000,0.0000,0,0,多换,B,14500.0000,0.0000,0.0000,0.0000,0.0000,14755.0000,0.0000,0.0000,0.0000,0.0000,1,0,0,0,0,19,0,0,0,0
sc,zn1304,2012-06-29 09:06:33.500,14605.0000,712,0,0.0000,0.0000,0,0,多换,B,14505.0000,0.0000,0.0000,0.0000,0.0000,14755.0000,0.0000,0.0000,0.0000,0.0000,5,0,0,0,0,19,0,0,0,0
sc,zn1304,2012-06-29 09:06:34.000,14605.0000,712,0,0.0000,0.0000,0,0,多换,B,14510.0000,0.0000,0.0000,0.0000,0.0000,14755.0000,0.0000,0.0000,0.0000,0.0000,1,0,0,0,0,19,0,0,0,0
sc,zn1304,2012-06-29 09:06:34.500,14605.0000,712,0,0.0000,0.0000,0,0,多换,B,14515.0000,0.0000,0.0000,0.0000,0.0000,14755.0000,0.0000,0.0000,0.0000,0.0000,5,0,0,0,0,19,0,0,0,0
sc,zn1304,2012-06-29 09:06:35.000,14605.0000,712,0,0.0000,0.0000,0,0,多换,B,14520.0000,0.0000,0.0000,0.0000,0.0000,14755.0000,0.0000,0.0000,0.0000,0.0000,1,0,0,0,0,19,0,0,0,0
sc,zn1304,2012-06-29 09:06:35.500,14605.0000,712,0,0.0000,0.0000,0,0,多换,B,14525.0000,0.0000,0.0000,0.0000,0.0000,14755.0000,0.0000,0.0000,0.0000,0.0000,5,0,0,0,0,19,0,0,0,0
sc,zn1304,2012-06-29 09:06:36.000,14605.0000,712,0,0.0000,0.0000,0,0,多换,B,14530.0000,0.0000,0.0000,0.0000,0.0000,14755.0000,0.0000,0.0000,0.0000,0.0000,1,0,0,0,0,19,0,0,0,0
sc,zn1304,2012-06-29 09:06:36.500,14605.0000,712,0,0.0000,0.0000,0,0,多换,B,14535.0000,0.0000,0.0000,0.0000,0.0000,14755.0000,0.0000,0.0000,0.0000,0.0000,5,0,0,0,0,19,0,0,0,0
sc,zn1304,2012-06-29 09:06:37.000,14605.0000,712,0,0.0000,0.0000,0,0,多换,B,14540.0000,0.0000,0.0000,0.0000,0.0000,14755.0000,0.0000,0.0000,0.0000,0.0000,1,0,0,0,0,19,0,0,0,0
sc,zn1304,2012-06-29 09:06:37.500,14605.0000,712,0,0.0000,0.0000,0,0,多换,B,14540.0000,0.0000,0.0000,0.0000,0.0000,14755.0000,0.0000,0.0000,0.0000,0.0000,1,0,0,0,0,19,0,0,0,0
sc,zn1304,2012-06-29 09:06:38.000,14605.0000,712,0,0.0000,0.0000,0,0,多换,B,14540.0000,0.0000,0.0000,0.0000,0.0000,14755.0000,0.0000,0.0000,0.0000,0.0000,1,0,0,0,0,19,0,0,0,0
sc,zn1304,2012-06-29 09:06:40.500,14605.0000,712,0,0.0000,0.0000,0,0,多换,B,14545.0000,0.0000,0.0000,0.0000,0.0000,14755.0000,0.0000,0.0000,0.0000,0.0000,1,0,0,0,0,19,0,0,0,0
sc,zn1304,2012-06-29 09:06:41.000,14605.0000,712,0,0.0000,0.0000,0,0,多换,B,14550.0000,0.0000,0.0000,0.0000,0.0000,14755.0000,0.0000,0.0000,0.0000,0.0000,1,0,0,0,0,19,0,0,0,0
sc,zn1304,2012-06-29 09:06:41.500,14605.0000,712,0,0.0000,0.0000,0,0,多换,B,14550.0000,0.0000,0.0000,0.0000,0.0000,14755.0000,0.0000,0.0000,0.0000,0.0000,1,0,0,0,0,19,0,0,0,0
sc,zn1304,2012-06-29 09:06:44.000,14605.0000,712,0,0.0000,0.0000,0,0,多换,B,14555.0000,0.0000,0.0000,0.0000,0.0000,14755.0000,0.0000,0.0000,0.0000,0.0000,1,0,0,0,0,19,0,0,0,0
sc,zn1304,2012-06-29 09:06:44.500,14605.0000,712,0,0.0000,0.0000,0,0,多换,B,14560.0000,0.0000,0.0000,0.0000,0.0000,14755.0000,0.0000,0.0000,0.0000,0.0000,1,0,0,0,0,19,0,0,0,0
sc,zn1304,2012-06-29 09:06:45.000,14605.0000,712,0,0.0000,0.0000,0,0,多换,B,14560.0000,0.0000,0.0000,0.0000,0.0000,14755.0000,0.0000,0.0000,0.0000,0.0000,1,0,0,0,0,19,0,0,0,0
sc,zn1304,2012-06-29 09:06:47.500,14605.0000,712,0,0.0000,0.0000,0,0,多换,B,14565.0000,0.0000,0.0000,0.0000,0.0000,14755.0000,0.0000,0.0000,0.0000,0.0000,1,0,0,0,0,19,0,0,0,0
sc,zn1304,2012-06-29 09:06:48.000,14605.0000,712,0,0.0000,0.0000,0,0,多换,B,14570.0000,0.0000,0.0000,0.0000,0.0000,14755.0000,0.0000,0.0000,0.0000,0.0000,1,0,0,0,0,18,0,0,0,0
sc,zn1304,2012-06-29 09:06:48.500,14605.0000,712,0,0.0000,0.0000,0,0,多换,B,14570.0000,0.0000,0.0000,0.0000,0.0000,14750.0000,0.0000,0.0000,0.0000,0.0000,1,0,0,0,0,1,0,0,0,0
sc,zn1304,2012-06-29 09:06:49.000,14605.0000,712,0,0.0000,0.0000,0,0,多换,B,14570.0000,0.0000,0.0000,0.0000,0.0000,14740.0000,0.0000,0.0000,0.0000,0.0000,1,0,0,0,0,8,0,0,0,0
sc,zn1304,2012-06-29 09:06:49.500,14605.0000,712,0,0.0000,0.0000,0,0,多换,B,14570.0000,0.0000,0.0000,0.0000,0.0000,14735.0000,0.0000,0.0000,0.0000,0.0000,1,0,0,0,0,1,0,0,0,0
sc,zn1304,2012-06-29 09:06:50.000,14605.0000,712,0,0.0000,0.0000,0,0,多换,B,14570.0000,0.0000,0.0000,0.0000,0.0000,14730.0000,0.0000,0.0000,0.0000,0.0000,1,0,0,0,0,8,0,0,0,0
sc,zn1304,2012-06-29 09:06:50.500,14605.0000,712,0,0.0000,0.0000,0,0,多换,B,14570.0000,0.0000,0.0000,0.0000,0.0000,14725.0000,0.0000,0.0000,0.0000,0.0000,1,0,0,0,0,1,0,0,0,0
sc,zn1304,2012-06-29 09:06:51.000,14605.0000,712,0,0.0000,0.0000,0,0,多换,B,14570.0000,0.0000,0.0000,0.0000,0.0000,14720.0000,0.0000,0.0000,0.0000,0.0000,1,0,0,0,0,5,0,0,0,0
sc,zn1304,2012-06-29 09:06:51.500,14605.0000,712,0,0.0000,0.0000,0,0,多换,B,14575.0000,0.0000,0.0000,0.0000,0.0000,14715.0000,0.0000,0.0000,0.0000,0.0000,1,0,0,0,0,1,0,0,0,0
sc,zn1304,2012-06-29 09:06:52.000,14605.0000,712,0,0.0000,0.0000,0,0,多换,B,14580.0000,0.0000,0.0000,0.0000,0.0000,14710.0000,0.0000,0.0000,0.0000,0.0000,1,0,0,0,0,5,0,0,0,0
sc,zn1304,2012-06-29 09:06:52.500,14605.0000,712,0,0.0000,0.0000,0,0,多换,B,14580.0000,0.0000,0.0000,0.0000,0.0000,14705.0000,0.0000,0.0000,0.0000,0.0000,1,0,0,0,0,1,0,0,0,0
sc,zn1304,2012-06-29 09:06:53.000,14605.0000,712,0,0.0000,0.0000,0,0,多换,B,14580.0000,0.0000,0.0000,0.0000,0.0000,14700.0000,0.0000,0.0000,0.0000,0.0000,1,0,0,0,0,5,0,0,0,0
sc,zn1304,2012-06-29 09:06:53.500,14605.0000,712,0,0.0000,0.0000,0,0,多换,B,14580.0000,0.0000,0.0000,0.0000,0.0000,14700.0000,0.0000,0.0000,0.0000,0.0000,1,0,0,0,0,5,0,0,0,0
sc,zn1304,2012-06-29 09:06:59.500,14605.0000,712,0,0.0000,0.0000,0,0,多换,B,14380.0000,0.0000,0.0000,0.0000,0.0000,14700.0000,0.0000,0.0000,0.0000,0.0000,3,0,0,0,0,5,0,0,0,0
sc,zn1304,2012-06-29 09:07:00.000,14605.0000,712,0,0.0000,0.0000,0,0,多换,B,14395.0000,0.0000,0.0000,0.0000,0.0000,14695.0000,0.0000,0.0000,0.0000,0.0000,10,0,0,0,0,1,0,0,0,0
sc,zn1304,2012-06-29 09:07:00.500,14605.0000,712,0,0.0000,0.0000,0,0,多换,B,14410.0000,0.0000,0.0000,0.0000,0.0000,14690.0000,0.0000,0.0000,0.0000,0.0000,10,0,0,0,0,5,0,0,0,0
sc,zn1304,2012-06-29 09:07:01.000,14605.0000,712,0,0.0000,0.0000,0,0,多换,B,14420.0000,0.0000,0.0000,0.0000,0.0000,14690.0000,0.0000,0.0000,0.0000,0.0000,10,0,0,0,0,5,0,0,0,0
sc,zn1304,2012-06-29 09:07:01.500,14605.0000,712,0,0.0000,0.0000,0,0,多换,B,14425.0000,0.0000,0.0000,0.0000,0.0000,14690.0000,0.0000,0.0000,0.0000,0.0000,14,0,0,0,0,5,0,0,0,0
sc,zn1304,2012-06-29 09:07:02.000,14605.0000,712,0,0.0000,0.0000,0,0,多换,B,14435.0000,0.0000,0.0000,0.0000,0.0000,14690.0000,0.0000,0.0000,0.0000,0.0000,8,0,0,0,0,5,0,0,0,0
sc,zn1304,2012-06-29 09:07:02.500,14605.0000,712,0,0.0000,0.0000,0,0,多换,B,14440.0000,0.0000,0.0000,0.0000,0.0000,14690.0000,0.0000,0.0000,0.0000,0.0000,1,0,0,0,0,5,0,0,0,0
sc,zn1304,2012-06-29 09:07:03.000,14605.0000,712,0,0.0000,0.0000,0,0,多换,B,14450.0000,0.0000,0.0000,0.0000,0.0000,14690.0000,0.0000,0.0000,0.0000,0.0000,8,0,0,0,0,5,0,0,0,0
sc,zn1304,2012-06-29 09:07:03.500,14605.0000,712,0,0.0000,0.0000,0,0,多换,B,14455.0000,0.0000,0.0000,0.0000,0.0000,14690.0000,0.0000,0.0000,0.0000,0.0000,1,0,0,0,0,5,0,0,0,0
sc,zn1304,2012-06-29 09:07:04.000,14605.0000,712,0,0.0000,0.0000,0,0,多换,B,14460.0000,0.0000,0.0000,0.0000,0.0000,14690.0000,0.0000,0.0000,0.0000,0.0000,8,0,0,0,0,5,0,0,0,0
sc,zn1304,2012-06-29 09:07:04.500,14605.0000,712,0,0.0000,0.0000,0,0,多换,B,14465.0000,0.0000,0.0000,0.0000,0.0000,14690.0000,0.0000,0.0000,0.0000,0.0000,1,0,0,0,0,5,0,0,0,0
sc,zn1304,2012-06-29 09:07:05.000,14605.0000,712,0,0.0000,0.0000,0,0,多换,B,14470.0000,0.0000,0.0000,0.0000,0.0000,14690.0000,0.0000,0.0000,0.0000,0.0000,8,0,0,0,0,5,0,0,0,0
sc,zn1304,2012-06-29 09:07:05.500,14605.0000,712,0,0.0000,0.0000,0,0,多换,B,14475.0000,0.0000,0.0000,0.0000,0.0000,14690.0000,0.0000,0.0000,0.0000,0.0000,1,0,0,0,0,5,0,0,0,0
sc,zn1304,2012-06-29 09:07:06.000,14605.0000,712,0,0.0000,0.0000,0,0,多换,B,14480.0000,0.0000,0.0000,0.0000,0.0000,14690.0000,0.0000,0.0000,0.0000,0.0000,5,0,0,0,0,5,0,0,0,0
sc,zn1304,2012-06-29 09:07:06.500,14605.0000,712,0,0.0000,0.0000,0,0,多换,B,14485.0000,0.0000,0.0000,0.0000,0.0000,14690.0000,0.0000,0.0000,0.0000,0.0000,1,0,0,0,0,5,0,0,0,0
sc,zn1304,2012-06-29 09:07:07.000,14605.0000,712,0,0.0000,0.0000,0,0,多换,B,14490.0000,0.0000,0.0000,0.0000,0.0000,14690.0000,0.0000,0.0000,0.0000,0.0000,5,0,0,0,0,5,0,0,0,0
sc,zn1304,2012-06-29 09:07:07.500,14605.0000,712,0,0.0000,0.0000,0,0,多换,B,14495.0000,0.0000,0.0000,0.0000,0.0000,14690.0000,0.0000,0.0000,0.0000,0.0000,1,0,0,0,0,5,0,0,0,0
sc,zn1304,2012-06-29 09:07:08.000,14605.0000,712,0,0.0000,0.0000,0,0,多换,B,14500.0000,0.0000,0.0000,0.0000,0.0000,14690.0000,0.0000,0.0000,0.0000,0.0000,5,0,0,0,0,5,0,0,0,0
sc,zn1304,2012-06-29 09:07:08.500,14605.0000,712,0,0.0000,0.0000,0,0,多换,B,14505.0000,0.0000,0.0000,0.0000,0.0000,14690.0000,0.0000,0.0000,0.0000,0.0000,1,0,0,0,0,5,0,0,0,0
sc,zn1304,2012-06-29 09:07:09.000,14605.0000,712,0,0.0000,0.0000,0,0,多换,B,14510.0000,0.0000,0.0000,0.0000,0.0000,14690.0000,0.0000,0.0000,0.0000,0.0000,5,0,0,0,0,5,0,0,0,0
sc,zn1304,2012-06-29 09:07:09.500,14605.0000,712,0,0.0000,0.0000,0,0,多换,B,14515.0000,0.0000,0.0000,0.0000,0.0000,14690.0000,0.0000,0.0000,0.0000,0.0000,1,0,0,0,0,5,0,0,0,0
sc,zn1304,2012-06-29 09:07:10.000,14605.0000,712,0,0.0000,0.0000,0,0,多换,B,14515.0000,0.0000,0.0000,0.0000,0.0000,14690.0000,0.0000,0.0000,0.0000,0.0000,6,0,0,0,0,5,0,0,0,0
sc,zn1304,2012-06-29 09:07:10.500,14605.0000,712,0,0.0000,0.0000,0,0,多换,B,14520.0000,0.0000,0.0000,0.0000,0.0000,14690.0000,0.0000,0.0000,0.0000,0.0000,1,0,0,0,0,5,0,0,0,0
sc,zn1304,2012-06-29 09:07:11.000,14605.0000,712,0,0.0000,0.0000,0,0,多换,B,14525.0000,0.0000,0.0000,0.0000,0.0000,14690.0000,0.0000,0.0000,0.0000,0.0000,1,0,0,0,0,5,0,0,0,0
sc,zn1304,2012-06-29 09:07:11.500,14605.0000,712,0,0.0000,0.0000,0,0,多换,B,14525.0000,0.0000,0.0000,0.0000,0.0000,14690.0000,0.0000,0.0000,0.0000,0.0000,1,0,0,0,0,5,0,0,0,0
sc,zn1304,2012-06-29 09:07:14.000,14605.0000,712,0,0.0000,0.0000,0,0,多换,B,14525.0000,0.0000,0.0000,0.0000,0.0000,14690.0000,0.0000,0.0000,0.0000,0.0000,1,0,0,0,0,5,0,0,0,0
sc,zn1304,2012-06-29 09:07:14.500,14605.0000,712,0,0.0000,0.0000,0,0,多换,B,14530.0000,0.0000,0.0000,0.0000,0.0000,14690.0000,0.0000,0.0000,0.0000,0.0000,1,0,0,0,0,5,0,0,0,0
sc,zn1304,2012-06-29 09:07:15.000,14605.0000,712,0,0.0000,0.0000,0,0,多换,B,14535.0000,0.0000,0.0000,0.0000,0.0000,14690.0000,0.0000,0.0000,0.0000,0.0000,1,0,0,0,0,5,0,0,0,0
sc,zn1304,2012-06-29 09:07:15.500,14605.0000,712,0,0.0000,0.0000,0,0,多换,B,14535.0000,0.0000,0.0000,0.0000,0.0000,14690.0000,0.0000,0.0000,0.0000,0.0000,1,0,0,0,0,5,0,0,0,0
sc,zn1304,2012-06-29 09:07:18.500,14605.0000,712,0,0.0000,0.0000,0,0,多换,B,14540.0000,0.0000,0.0000,0.0000,0.0000,14690.0000,0.0000,0.0000,0.0000,0.0000,1,0,0,0,0,5,0,0,0,0
sc,zn1304,2012-06-29 09:07:19.000,14605.0000,712,0,0.0000,0.0000,0,0,多换,B,14545.0000,0.0000,0.0000,0.0000,0.0000,14690.0000,0.0000,0.0000,0.0000,0.0000,1,0,0,0,0,5,0,0,0,0
sc,zn1304,2012-06-29 09:07:19.500,14605.0000,712,0,0.0000,0.0000,0,0,多换,B,14545.0000,0.0000,0.0000,0.0000,0.0000,14690.0000,0.0000,0.0000,0.0000,0.0000,1,0,0,0,0,5,0,0,0,0
sc,zn1304,2012-06-29 09:07:22.500,14605.0000,712,0,0.0000,0.0000,0,0,多换,B,14550.0000,0.0000,0.0000,0.0000,0.0000,14690.0000,0.0000,0.0000,0.0000,0.0000,1,0,0,0,0,5,0,0,0,0
sc,zn1304,2012-06-29 09:07:23.000,14605.0000,712,0,0.0000,0.0000,0,0,多换,B,14555.0000,0.0000,0.0000,0.0000,0.0000,14690.0000,0.0000,0.0000,0.0000,0.0000,1,0,0,0,0,5,0,0,0,0
sc,zn1304,2012-06-29 09:07:23.500,14605.0000,712,0,0.0000,0.0000,0,0,多换,B,14555.0000,0.0000,0.0000,0.0000,0.0000,14690.0000,0.0000,0.0000,0.0000,0.0000,1,0,0,0,0,5,0,0,0,0
sc,zn1304,2012-06-29 09:07:24.500,14605.0000,712,0,0.0000,0.0000,0,0,多换,B,14555.0000,0.0000,0.0000,0.0000,0.0000,14745.0000,0.0000,0.0000,0.0000,0.0000,1,0,0,0,0,10,0,0,0,0
sc,zn1304,2012-06-29 09:07:25.000,14605.0000,712,0,0.0000,0.0000,0,0,多换,B,14555.0000,0.0000,0.0000,0.0000,0.0000,14740.0000,0.0000,0.0000,0.0000,0.0000,1,0,0,0,0,9,0,0,0,0
sc,zn1304,2012-06-29 09:07:25.500,14605.0000,712,0,0.0000,0.0000,0,0,多换,B,14555.0000,0.0000,0.0000,0.0000,0.0000,14735.0000,0.0000,0.0000,0.0000,0.0000,1,0,0,0,0,10,0,0,0,0
sc,zn1304,2012-06-29 09:07:26.000,14605.0000,712,0,0.0000,0.0000,0,0,多换,B,14555.0000,0.0000,0.0000,0.0000,0.0000,14730.0000,0.0000,0.0000,0.0000,0.0000,1,0,0,0,0,9,0,0,0,0
sc,zn1304,2012-06-29 09:07:26.500,14605.0000,712,0,0.0000,0.0000,0,0,多换,B,14560.0000,0.0000,0.0000,0.0000,0.0000,14730.0000,0.0000,0.0000,0.0000,0.0000,1,0,0,0,0,9,0,0,0,0
sc,zn1304,2012-06-29 09:07:27.000,14605.0000,712,0,0.0000,0.0000,0,0,多换,B,14565.0000,0.0000,0.0000,0.0000,0.0000,14730.0000,0.0000,0.0000,0.0000,0.0000,1,0,0,0,0,9,0,0,0,0
sc,zn1304,2012-06-29 09:07:27.500,14605.0000,712,0,0.0000,0.0000,0,0,多换,B,14565.0000,0.0000,0.0000,0.0000,0.0000,14730.0000,0.0000,0.0000,0.0000,0.0000,1,0,0,0,0,9,0,0,0,0
sc,zn1304,2012-06-29 09:07:30.500,14605.0000,712,0,0.0000,0.0000,0,0,多换,B,14570.0000,0.0000,0.0000,0.0000,0.0000,14730.0000,0.0000,0.0000,0.0000,0.0000,1,0,0,0,0,9,0,0,0,0
sc,zn1304,2012-06-29 09:07:31.000,14605.0000,712,0,0.0000,0.0000,0,0,多换,B,14575.0000,0.0000,0.0000,0.0000,0.0000,14730.0000,0.0000,0.0000,0.0000,0.0000,1,0,0,0,0,9,0,0,0,0
sc,zn1304,2012-06-29 09:07:31.500,14605.0000,712,0,0.0000,0.0000,0,0,多换,B,14575.0000,0.0000,0.0000,0.0000,0.0000,14730.0000,0.0000,0.0000,0.0000,0.0000,1,0,0,0,0,9,0,0,0,0
sc,zn1304,2012-06-29 09:07:38.500,14605.0000,712,0,0.0000,0.0000,0,0,多换,B,14580.0000,0.0000,0.0000,0.0000,0.0000,14730.0000,0.0000,0.0000,0.0000,0.0000,1,0,0,0,0,9,0,0,0,0
sc,zn1304,2012-06-29 09:07:39.000,14605.0000,712,0,0.0000,0.0000,0,0,多换,B,14580.0000,0.0000,0.0000,0.0000,0.0000,14730.0000,0.0000,0.0000,0.0000,0.0000,1,0,0,0,0,9,0,0,0,0
sc,zn1304,2012-06-29 09:07:56.500,14605.0000,712,0,0.0000,0.0000,0,0,多换,B,14580.0000,0.0000,0.0000,0.0000,0.0000,14730.0000,0.0000,0.0000,0.0000,0.0000,1,0,0,0,0,8,0,0,0,0
sc,zn1304,2012-06-29 09:07:57.000,14605.0000,712,0,0.0000,0.0000,0,0,多换,B,14580.0000,0.0000,0.0000,0.0000,0.0000,14725.0000,0.0000,0.0000,0.0000,0.0000,1,0,0,0,0,1,0,0,0,0
sc,zn1304,2012-06-29 09:07:57.500,14605.0000,712,0,0.0000,0.0000,0,0,多换,B,14580.0000,0.0000,0.0000,0.0000,0.0000,14725.0000,0.0000,0.0000,0.0000,0.0000,1,0,0,0,0,6,0,0,0,0
sc,zn1304,2012-06-29 09:08:27.000,14605.0000,712,0,0.0000,0.0000,0,0,多换,B,14580.0000,0.0000,0.0000,0.0000,0.0000,14725.0000,0.0000,0.0000,0.0000,0.0000,1,0,0,0,0,5,0,0,0,0
sc,zn1304,2012-06-29 09:08:27.500,14605.0000,712,0,0.0000,0.0000,0,0,多换,B,14580.0000,0.0000,0.0000,0.0000,0.0000,14720.0000,0.0000,0.0000,0.0000,0.0000,1,0,0,0,0,1,0,0,0,0
sc,zn1304,2012-06-29 09:08:28.000,14605.0000,712,0,0.0000,0.0000,0,0,多换,B,14580.0000,0.0000,0.0000,0.0000,0.0000,14720.0000,0.0000,0.0000,0.0000,0.0000,1,0,0,0,0,1,0,0,0,0
sc,zn1304,2012-06-29 09:08:28.500,14605.0000,712,0,0.0000,0.0000,0,0,多换,B,14580.0000,0.0000,0.0000,0.0000,0.0000,14720.0000,0.0000,0.0000,0.0000,0.0000,1,0,0,0,0,6,0,0,0,0
sc,zn1304,2012-06-29 09:08:45.000,14605.0000,712,0,0.0000,0.0000,0,0,多换,B,14580.0000,0.0000,0.0000,0.0000,0.0000,14720.0000,0.0000,0.0000,0.0000,0.0000,1,0,0,0,0,1,0,0,0,0
sc,zn1304,2012-06-29 09:08:47.000,14605.0000,712,0,0.0000,0.0000,0,0,多换,B,14580.0000,0.0000,0.0000,0.0000,0.0000,14720.0000,0.0000,0.0000,0.0000,0.0000,1,0,0,0,0,6,0,0,0,0
sc,zn1304,2012-06-29 09:08:48.000,14605.0000,712,0,0.0000,0.0000,0,0,多换,B,14580.0000,0.0000,0.0000,0.0000,0.0000,14720.0000,0.0000,0.0000,0.0000,0.0000,1,0,0,0,0,1,0,0,0,0
sc,zn1304,2012-06-29 09:08:49.500,14605.0000,712,0,0.0000,0.0000,0,0,多换,B,14580.0000,0.0000,0.0000,0.0000,0.0000,14720.0000,0.0000,0.0000,0.0000,0.0000,1,0,0,0,0,1,0,0,0,0
sc,zn1304,2012-06-29 09:08:50.500,14605.0000,712,0,0.0000,0.0000,0,0,多换,B,14585.0000,0.0000,0.0000,0.0000,0.0000,14720.0000,0.0000,0.0000,0.0000,0.0000,1,0,0,0,0,1,0,0,0,0
sc,zn1304,2012-06-29 09:08:51.000,14605.0000,712,0,0.0000,0.0000,0,0,多换,B,14445.0000,0.0000,0.0000,0.0000,0.0000,14720.0000,0.0000,0.0000,0.0000,0.0000,10,0,0,0,0,1,0,0,0,0
sc,zn1304,2012-06-29 09:08:51.500,14605.0000,712,0,0.0000,0.0000,0,0,多换,B,14460.0000,0.0000,0.0000,0.0000,0.0000,14720.0000,0.0000,0.0000,0.0000,0.0000,10,0,0,0,0,1,0,0,0,0
sc,zn1304,2012-06-29 09:08:52.000,14605.0000,712,0,0.0000,0.0000,0,0,多换,B,14465.0000,0.0000,0.0000,0.0000,0.0000,14720.0000,0.0000,0.0000,0.0000,0.0000,11,0,0,0,0,1,0,0,0,0
sc,zn1304,2012-06-29 09:08:52.500,14605.0000,712,0,0.0000,0.0000,0,0,多换,B,14475.0000,0.0000,0.0000,0.0000,0.0000,14720.0000,0.0000,0.0000,0.0000,0.0000,10,0,0,0,0,1,0,0,0,0
sc,zn1304,2012-06-29 09:08:53.000,14605.0000,712,0,0.0000,0.0000,0,0,多换,B,14480.0000,0.0000,0.0000,0.0000,0.0000,14720.0000,0.0000,0.0000,0.0000,0.0000,1,0,0,0,0,1,0,0,0,0
sc,zn1304,2012-06-29 09:08:53.500,14605.0000,712,0,0.0000,0.0000,0,0,多换,B,14490.0000,0.0000,0.0000,0.0000,0.0000,14720.0000,0.0000,0.0000,0.0000,0.0000,8,0,0,0,0,1,0,0,0,0
sc,zn1304,2012-06-29 09:08:54.000,14605.0000,712,0,0.0000,0.0000,0,0,多换,B,14495.0000,0.0000,0.0000,0.0000,0.0000,14720.0000,0.0000,0.0000,0.0000,0.0000,1,0,0,0,0,1,0,0,0,0
sc,zn1304,2012-06-29 09:08:54.500,14605.0000,712,0,0.0000,0.0000,0,0,多换,B,14505.0000,0.0000,0.0000,0.0000,0.0000,14720.0000,0.0000,0.0000,0.0000,0.0000,8,0,0,0,0,1,0,0,0,0
sc,zn1304,2012-06-29 09:08:55.000,14605.0000,712,0,0.0000,0.0000,0,0,多换,B,14510.0000,0.0000,0.0000,0.0000,0.0000,14720.0000,0.0000,0.0000,0.0000,0.0000,1,0,0,0,0,1,0,0,0,0
sc,zn1304,2012-06-29 09:08:55.500,14605.0000,712,0,0.0000,0.0000,0,0,多换,B,14515.0000,0.0000,0.0000,0.0000,0.0000,14720.0000,0.0000,0.0000,0.0000,0.0000,8,0,0,0,0,1,0,0,0,0
sc,zn1304,2012-06-29 09:08:56.000,14605.0000,712,0,0.0000,0.0000,0,0,多换,B,14520.0000,0.0000,0.0000,0.0000,0.0000,14720.0000,0.0000,0.0000,0.0000,0.0000,1,0,0,0,0,1,0,0,0,0
sc,zn1304,2012-06-29 09:08:56.500,14605.0000,712,0,0.0000,0.0000,0,0,多换,B,14525.0000,0.0000,0.0000,0.0000,0.0000,14720.0000,0.0000,0.0000,0.0000,0.0000,8,0,0,0,0,1,0,0,0,0
sc,zn1304,2012-06-29 09:08:57.000,14605.0000,712,0,0.0000,0.0000,0,0,多换,B,14530.0000,0.0000,0.0000,0.0000,0.0000,14720.0000,0.0000,0.0000,0.0000,0.0000,1,0,0,0,0,1,0,0,0,0
sc,zn1304,2012-06-29 09:08:57.500,14605.0000,712,0,0.0000,0.0000,0,0,多换,B,14535.0000,0.0000,0.0000,0.0000,0.0000,14720.0000,0.0000,0.0000,0.0000,0.0000,5,0,0,0,0,1,0,0,0,0
sc,zn1304,2012-06-29 09:08:58.000,14605.0000,712,0,0.0000,0.0000,0,0,多换,B,14540.0000,0.0000,0.0000,0.0000,0.0000,14760.0000,0.0000,0.0000,0.0000,0.0000,1,0,0,0,0,3,0,0,0,0
sc,zn1304,2012-06-29 09:08:58.500,14605.0000,712,0,0.0000,0.0000,0,0,多换,B,14545.0000,0.0000,0.0000,0.0000,0.0000,14755.0000,0.0000,0.0000,0.0000,0.0000,5,0,0,0,0,16,0,0,0,0
sc,zn1304,2012-06-29 09:08:59.000,14605.0000,712,0,0.0000,0.0000,0,0,多换,B,14550.0000,0.0000,0.0000,0.0000,0.0000,14755.0000,0.0000,0.0000,0.0000,0.0000,1,0,0,0,0,16,0,0,0,0
sc,zn1304,2012-06-29 09:08:59.500,14605.0000,712,0,0.0000,0.0000,0,0,多换,B,14555.0000,0.0000,0.0000,0.0000,0.0000,14755.0000,0.0000,0.0000,0.0000,0.0000,5,0,0,0,0,16,0,0,0,0
sc,zn1304,2012-06-29 09:09:00.000,14605.0000,712,0,0.0000,0.0000,0,0,多换,B,14560.0000,0.0000,0.0000,0.0000,0.0000,14755.0000,0.0000,0.0000,0.0000,0.0000,1,0,0,0,0,16,0,0,0,0
sc,zn1304,2012-06-29 09:09:00.500,14605.0000,712,0,0.0000,0.0000,0,0,多换,B,14565.0000,0.0000,0.0000,0.0000,0.0000,14755.0000,0.0000,0.0000,0.0000,0.0000,5,0,0,0,0,16,0,0,0,0
sc,zn1304,2012-06-29 09:09:01.000,14605.0000,712,0,0.0000,0.0000,0,0,多换,B,14570.0000,0.0000,0.0000,0.0000,0.0000,14755.0000,0.0000,0.0000,0.0000,0.0000,1,0,0,0,0,16,0,0,0,0
sc,zn1304,2012-06-29 09:09:01.500,14605.0000,712,0,0.0000,0.0000,0,0,多换,B,14570.0000,0.0000,0.0000,0.0000,0.0000,14755.0000,0.0000,0.0000,0.0000,0.0000,6,0,0,0,0,16,0,0,0,0
sc,zn1304,2012-06-29 09:09:03.500,14605.0000,712,0,0.0000,0.0000,0,0,多换,B,14575.0000,0.0000,0.0000,0.0000,0.0000,14755.0000,0.0000,0.0000,0.0000,0.0000,1,0,0,0,0,16,0,0,0,0
sc,zn1304,2012-06-29 09:09:04.000,14605.0000,712,0,0.0000,0.0000,0,0,多换,B,14580.0000,0.0000,0.0000,0.0000,0.0000,14755.0000,0.0000,0.0000,0.0000,0.0000,1,0,0,0,0,16,0,0,0,0
sc,zn1304,2012-06-29 09:09:05.000,14605.0000,712,0,0.0000,0.0000,0,0,多换,B,14580.0000,0.0000,0.0000,0.0000,0.0000,14755.0000,0.0000,0.0000,0.0000,0.0000,1,0,0,0,0,16,0,0,0,0
sc,zn1304,2012-06-29 09:09:06.000,14605.0000,712,0,0.0000,0.0000,0,0,多换,B,14580.0000,0.0000,0.0000,0.0000,0.0000,14755.0000,0.0000,0.0000,0.0000,0.0000,6,0,0,0,0,16,0,0,0,0
sc,zn1304,2012-06-29 09:09:06.500,14605.0000,712,0,0.0000,0.0000,0,0,多换,B,14580.0000,0.0000,0.0000,0.0000,0.0000,14755.0000,0.0000,0.0000,0.0000,0.0000,1,0,0,0,0,16,0,0,0,0
sc,zn1304,2012-06-29 09:09:07.500,14605.0000,712,0,0.0000,0.0000,0,0,多换,B,14585.0000,0.0000,0.0000,0.0000,0.0000,14755.0000,0.0000,0.0000,0.0000,0.0000,1,0,0,0,0,16,0,0,0,0
sc,zn1304,2012-06-29 09:09:08.000,14605.0000,712,0,0.0000,0.0000,0,0,多换,B,14590.0000,0.0000,0.0000,0.0000,0.0000,14755.0000,0.0000,0.0000,0.0000,0.0000,1,0,0,0,0,16,0,0,0,0
sc,zn1304,2012-06-29 09:09:08.500,14605.0000,712,0,0.0000,0.0000,0,0,多换,B,14590.0000,0.0000,0.0000,0.0000,0.0000,14755.0000,0.0000,0.0000,0.0000,0.0000,1,0,0,0,0,16,0,0,0,0
sc,zn1304,2012-06-29 09:09:11.500,14605.0000,712,0,0.0000,0.0000,0,0,多换,B,14595.0000,0.0000,0.0000,0.0000,0.0000,14755.0000,0.0000,0.0000,0.0000,0.0000,1,0,0,0,0,16,0,0,0,0
sc,zn1304,2012-06-29 09:09:12.000,14605.0000,712,0,0.0000,0.0000,0,0,多换,B,14600.0000,0.0000,0.0000,0.0000,0.0000,14755.0000,0.0000,0.0000,0.0000,0.0000,1,0,0,0,0,16,0,0,0,0
sc,zn1304,2012-06-29 09:09:12.500,14605.0000,712,0,0.0000,0.0000,0,0,多换,B,14600.0000,0.0000,0.0000,0.0000,0.0000,14755.0000,0.0000,0.0000,0.0000,0.0000,1,0,0,0,0,16,0,0,0,0
sc,zn1304,2012-06-29 09:09:15.500,14605.0000,712,0,0.0000,0.0000,0,0,多换,B,14605.0000,0.0000,0.0000,0.0000,0.0000,14755.0000,0.0000,0.0000,0.0000,0.0000,1,0,0,0,0,16,0,0,0,0
sc,zn1304,2012-06-29 09:09:16.000,14605.0000,712,0,0.0000,0.0000,0,0,多换,B,14605.0000,0.0000,0.0000,0.0000,0.0000,14755.0000,0.0000,0.0000,0.0000,0.0000,1,0,0,0,0,16,0,0,0,0
sc,zn1304,2012-06-29 09:09:18.000,14605.0000,712,0,0.0000,0.0000,0,0,多换,B,14605.0000,0.0000,0.0000,0.0000,0.0000,14755.0000,0.0000,0.0000,0.0000,0.0000,1,0,0,0,0,16,0,0,0,0
sc,zn1304,2012-06-29 09:09:28.500,14605.0000,712,0,0.0000,0.0000,0,0,多换,B,14605.0000,0.0000,0.0000,0.0000,0.0000,14755.0000,0.0000,0.0000,0.0000,0.0000,1,0,0,0,0,15,0,0,0,0
sc,zn1304,2012-06-29 09:09:29.000,14605.0000,712,0,0.0000,0.0000,0,0,多换,B,14605.0000,0.0000,0.0000,0.0000,0.0000,14750.0000,0.0000,0.0000,0.0000,0.0000,1,0,0,0,0,1,0,0,0,0
sc,zn1304,2012-06-29 09:09:29.500,14605.0000,712,0,0.0000,0.0000,0,0,多换,B,14605.0000,0.0000,0.0000,0.0000,0.0000,14745.0000,0.0000,0.0000,0.0000,0.0000,1,0,0,0,0,15,0,0,0,0
sc,zn1304,2012-06-29 09:09:30.000,14605.0000,712,0,0.0000,0.0000,0,0,多换,B,14605.0000,0.0000,0.0000,0.0000,0.0000,14740.0000,0.0000,0.0000,0.0000,0.0000,1,0,0,0,0,1,0,0,0,0
sc,zn1304,2012-06-29 09:09:30.500,14605.0000,712,0,0.0000,0.0000,0,0,多换,B,14605.0000,0.0000,0.0000,0.0000,0.0000,14740.0000,0.0000,0.0000,0.0000,0.0000,1,0,0,0,0,6,0,0,0,0
sc,zn1304,2012-06-29 09:09:32.500,14605.0000,712,0,0.0000,0.0000,0,0,多换,B,14605.0000,0.0000,0.0000,0.0000,0.0000,14740.0000,0.0000,0.0000,0.0000,0.0000,1,0,0,0,0,1,0,0,0,0
sc,zn1304,2012-06-29 09:09:39.500,14605.0000,712,0,0.0000,0.0000,0,0,多换,B,14605.0000,0.0000,0.0000,0.0000,0.0000,14740.0000,0.0000,0.0000,0.0000,0.0000,1,0,0,0,0,16,0,0,0,0
sc,zn1304,2012-06-29 09:09:40.000,14605.0000,712,0,0.0000,0.0000,0,0,多换,B,14605.0000,0.0000,0.0000,0.0000,0.0000,14740.0000,0.0000,0.0000,0.0000,0.0000,1,0,0,0,0,1,0,0,0,0
sc,zn1304,2012-06-29 09:09:40.500,14605.0000,712,0,0.0000,0.0000,0,0,多换,B,14605.0000,0.0000,0.0000,0.0000,0.0000,14740.0000,0.0000,0.0000,0.0000,0.0000,1,0,0,0,0,16,0,0,0,0
sc,zn1304,2012-06-29 09:09:45.000,14605.0000,712,0,0.0000,0.0000,0,0,多换,B,14605.0000,0.0000,0.0000,0.0000,0.0000,14740.0000,0.0000,0.0000,0.0000,0.0000,1,0,0,0,0,1,0,0,0,0
sc,zn1304,2012-06-29 09:09:46.000,14605.0000,712,0,0.0000,0.0000,0,0,多换,B,14605.0000,0.0000,0.0000,0.0000,0.0000,14740.0000,0.0000,0.0000,0.0000,0.0000,1,0,0,0,0,16,0,0,0,0
sc,zn1304,2012-06-29 09:09:54.500,14605.0000,712,0,0.0000,0.0000,0,0,多换,B,14605.0000,0.0000,0.0000,0.0000,0.0000,14640.0000,0.0000,0.0000,0.0000,0.0000,1,0,0,0,0,2,0,0,0,0
sc,zn1304,2012-06-29 09:09:55.000,14605.0000,712,0,0.0000,0.0000,0,0,多换,B,14605.0000,0.0000,0.0000,0.0000,0.0000,14640.0000,0.0000,0.0000,0.0000,0.0000,1,0,0,0,0,2,0,0,0,0
sc,zn1304,2012-06-29 09:09:57.500,14605.0000,712,0,0.0000,0.0000,0,0,多换,B,14605.0000,0.0000,0.0000,0.0000,0.0000,14640.0000,0.0000,0.0000,0.0000,0.0000,1,0,0,0,0,2,0,0,0,0
sc,zn1304,2012-06-29 09:10:23.000,14605.0000,712,0,0.0000,0.0000,0,0,多换,B,14605.0000,0.0000,0.0000,0.0000,0.0000,14640.0000,0.0000,0.0000,0.0000,0.0000,1,0,0,0,0,2,0,0,0,0
sc,zn1304,2012-06-29 09:11:00.000,14605.0000,712,0,0.0000,0.0000,0,0,多换,B,14605.0000,0.0000,0.0000,0.0000,0.0000,14640.0000,0.0000,0.0000,0.0000,0.0000,1,0,0,0,0,2,0,0,0,0
sc,zn1304,2012-06-29 09:11:34.500,14605.0000,712,0,0.0000,0.0000,0,0,多换,B,14605.0000,0.0000,0.0000,0.0000,0.0000,14640.0000,0.0000,0.0000,0.0000,0.0000,1,0,0,0,0,2,0,0,0,0
sc,zn1304,2012-06-29 09:11:51.500,14605.0000,712,0,0.0000,0.0000,0,0,多换,B,14605.0000,0.0000,0.0000,0.0000,0.0000,14760.0000,0.0000,0.0000,0.0000,0.0000,1,0,0,0,0,3,0,0,0,0
sc,zn1304,2012-06-29 09:11:52.000,14605.0000,712,0,0.0000,0.0000,0,0,多换,B,14605.0000,0.0000,0.0000,0.0000,0.0000,14755.0000,0.0000,0.0000,0.0000,0.0000,1,0,0,0,0,19,0,0,0,0
sc,zn1304,2012-06-29 09:12:08.500,14605.0000,712,0,0.0000,0.0000,0,0,多换,B,14425.0000,0.0000,0.0000,0.0000,0.0000,14755.0000,0.0000,0.0000,0.0000,0.0000,13,0,0,0,0,19,0,0,0,0
sc,zn1304,2012-06-29 09:12:09.000,14605.0000,712,0,0.0000,0.0000,0,0,多换,B,14440.0000,0.0000,0.0000,0.0000,0.0000,14755.0000,0.0000,0.0000,0.0000,0.0000,10,0,0,0,0,19,0,0,0,0
sc,zn1304,2012-06-29 09:12:09.500,14605.0000,712,0,0.0000,0.0000,0,0,多换,B,14445.0000,0.0000,0.0000,0.0000,0.0000,14755.0000,0.0000,0.0000,0.0000,0.0000,11,0,0,0,0,19,0,0,0,0
sc,zn1304,2012-06-29 09:12:10.000,14605.0000,712,0,0.0000,0.0000,0,0,多换,B,14455.0000,0.0000,0.0000,0.0000,0.0000,14755.0000,0.0000,0.0000,0.0000,0.0000,10,0,0,0,0,19,0,0,0,0
sc,zn1304,2012-06-29 09:12:10.500,14605.0000,712,0,0.0000,0.0000,0,0,多换,B,14460.0000,0.0000,0.0000,0.0000,0.0000,14755.0000,0.0000,0.0000,0.0000,0.0000,1,0,0,0,0,19,0,0,0,0
sc,zn1304,2012-06-29 09:12:11.000,14605.0000,712,0,0.0000,0.0000,0,0,多换,B,14470.0000,0.0000,0.0000,0.0000,0.0000,14755.0000,0.0000,0.0000,0.0000,0.0000,8,0,0,0,0,19,0,0,0,0
sc,zn1304,2012-06-29 09:12:11.500,14605.0000,712,0,0.0000,0.0000,0,0,多换,B,14475.0000,0.0000,0.0000,0.0000,0.0000,14755.0000,0.0000,0.0000,0.0000,0.0000,1,0,0,0,0,19,0,0,0,0
sc,zn1304,2012-06-29 09:12:12.000,14605.0000,712,0,0.0000,0.0000,0,0,多换,B,14485.0000,0.0000,0.0000,0.0000,0.0000,14755.0000,0.0000,0.0000,0.0000,0.0000,8,0,0,0,0,19,0,0,0,0
sc,zn1304,2012-06-29 09:12:12.500,14605.0000,712,0,0.0000,0.0000,0,0,多换,B,14490.0000,0.0000,0.0000,0.0000,0.0000,14755.0000,0.0000,0.0000,0.0000,0.0000,1,0,0,0,0,19,0,0,0,0
sc,zn1304,2012-06-29 09:12:13.000,14605.0000,712,0,0.0000,0.0000,0,0,多换,B,14495.0000,0.0000,0.0000,0.0000,0.0000,14755.0000,0.0000,0.0000,0.0000,0.0000,8,0,0,0,0,19,0,0,0,0
sc,zn1304,2012-06-29 09:12:13.500,14605.0000,712,0,0.0000,0.0000,0,0,多换,B,14500.0000,0.0000,0.0000,0.0000,0.0000,14755.0000,0.0000,0.0000,0.0000,0.0000,1,0,0,0,0,19,0,0,0,0
sc,zn1304,2012-06-29 09:12:14.000,14605.0000,712,0,0.0000,0.0000,0,0,多换,B,14505.0000,0.0000,0.0000,0.0000,0.0000,14755.0000,0.0000,0.0000,0.0000,0.0000,8,0,0,0,0,19,0,0,0,0
sc,zn1304,2012-06-29 09:12:14.500,14605.0000,712,0,0.0000,0.0000,0,0,多换,B,14510.0000,0.0000,0.0000,0.0000,0.0000,14755.0000,0.0000,0.0000,0.0000,0.0000,1,0,0,0,0,19,0,0,0,0
sc,zn1304,2012-06-29 09:12:15.000,14605.0000,712,0,0.0000,0.0000,0,0,多换,B,14515.0000,0.0000,0.0000,0.0000,0.0000,14755.0000,0.0000,0.0000,0.0000,0.0000,5,0,0,0,0,19,0,0,0,0
sc,zn1304,2012-06-29 09:12:15.500,14605.0000,712,0,0.0000,0.0000,0,0,多换,B,14520.0000,0.0000,0.0000,0.0000,0.0000,14755.0000,0.0000,0.0000,0.0000,0.0000,1,0,0,0,0,19,0,0,0,0
sc,zn1304,2012-06-29 09:12:16.000,14605.0000,712,0,0.0000,0.0000,0,0,多换,B,14525.0000,0.0000,0.0000,0.0000,0.0000,14755.0000,0.0000,0.0000,0.0000,0.0000,5,0,0,0,0,19,0,0,0,0
sc,zn1304,2012-06-29 09:12:16.500,14605.0000,712,0,0.0000,0.0000,0,0,多换,B,14530.0000,0.0000,0.0000,0.0000,0.0000,14755.0000,0.0000,0.0000,0.0000,0.0000,1,0,0,0,0,19,0,0,0,0
sc,zn1304,2012-06-29 09:12:17.000,14605.0000,712,0,0.0000,0.0000,0,0,多换,B,14535.0000,0.0000,0.0000,0.0000,0.0000,14755.0000,0.0000,0.0000,0.0000,0.0000,5,0,0,0,0,19,0,0,0,0
sc,zn1304,2012-06-29 09:12:17.500,14605.0000,712,0,0.0000,0.0000,0,0,多换,B,14540.0000,0.0000,0.0000,0.0000,0.0000,14755.0000,0.0000,0.0000,0.0000,0.0000,1,0,0,0,0,19,0,0,0,0
sc,zn1304,2012-06-29 09:12:18.000,14605.0000,712,0,0.0000,0.0000,0,0,多换,B,14545.0000,0.0000,0.0000,0.0000,0.0000,14755.0000,0.0000,0.0000,0.0000,0.0000,5,0,0,0,0,19,0,0,0,0
sc,zn1304,2012-06-29 09:12:18.500,14605.0000,712,0,0.0000,0.0000,0,0,多换,B,14550.0000,0.0000,0.0000,0.0000,0.0000,14755.0000,0.0000,0.0000,0.0000,0.0000,1,0,0,0,0,19,0,0,0,0
sc,zn1304,2012-06-29 09:12:19.500,14605.0000,712,0,0.0000,0.0000,0,0,多换,B,14555.0000,0.0000,0.0000,0.0000,0.0000,14755.0000,0.0000,0.0000,0.0000,0.0000,1,0,0,0,0,19,0,0,0,0
sc,zn1304,2012-06-29 09:12:20.000,14605.0000,712,0,0.0000,0.0000,0,0,多换,B,14560.0000,0.0000,0.0000,0.0000,0.0000,14755.0000,0.0000,0.0000,0.0000,0.0000,1,0,0,0,0,19,0,0,0,0
sc,zn1304,2012-06-29 09:12:20.500,14605.0000,712,0,0.0000,0.0000,0,0,多换,B,14560.0000,0.0000,0.0000,0.0000,0.0000,14755.0000,0.0000,0.0000,0.0000,0.0000,1,0,0,0,0,19,0,0,0,0
sc,zn1304,2012-06-29 09:12:22.000,14605.0000,712,0,0.0000,0.0000,0,0,多换,B,14560.0000,0.0000,0.0000,0.0000,0.0000,14755.0000,0.0000,0.0000,0.0000,0.0000,1,0,0,0,0,19,0,0,0,0
sc,zn1304,2012-06-29 09:12:22.500,14605.0000,712,0,0.0000,0.0000,0,0,多换,B,14560.0000,0.0000,0.0000,0.0000,0.0000,14755.0000,0.0000,0.0000,0.0000,0.0000,1,0,0,0,0,18,0,0,0,0
sc,zn1304,2012-06-29 09:12:23.000,14605.0000,712,0,0.0000,0.0000,0,0,多换,B,14560.0000,0.0000,0.0000,0.0000,0.0000,14750.0000,0.0000,0.0000,0.0000,0.0000,1,0,0,0,0,1,0,0,0,0
sc,zn1304,2012-06-29 09:12:23.500,14605.0000,712,0,0.0000,0.0000,0,0,多换,B,14565.0000,0.0000,0.0000,0.0000,0.0000,14735.0000,0.0000,0.0000,0.0000,0.0000,1,0,0,0,0,10,0,0,0,0
sc,zn1304,2012-06-29 09:12:24.000,14605.0000,712,0,0.0000,0.0000,0,0,多换,B,14570.0000,0.0000,0.0000,0.0000,0.0000,14730.0000,0.0000,0.0000,0.0000,0.0000,1,0,0,0,0,6,0,0,0,0
sc,zn1304,2012-06-29 09:12:24.500,14605.0000,712,0,0.0000,0.0000,0,0,多换,B,14570.0000,0.0000,0.0000,0.0000,0.0000,14730.0000,0.0000,0.0000,0.0000,0.0000,1,0,0,0,0,16,0,0,0,0
sc,zn1304,2012-06-29 09:12:27.500,14605.0000,712,0,0.0000,0.0000,0,0,多换,B,14575.0000,0.0000,0.0000,0.0000,0.0000,14730.0000,0.0000,0.0000,0.0000,0.0000,1,0,0,0,0,16,0,0,0,0
sc,zn1304,2012-06-29 09:12:28.000,14605.0000,712,0,0.0000,0.0000,0,0,多换,B,14575.0000,0.0000,0.0000,0.0000,0.0000,14730.0000,0.0000,0.0000,0.0000,0.0000,1,0,0,0,0,16,0,0,0,0
sc,zn1304,2012-06-29 09:12:36.500,14605.0000,712,0,0.0000,0.0000,0,0,多换,B,14575.0000,0.0000,0.0000,0.0000,0.0000,14725.0000,0.0000,0.0000,0.0000,0.0000,1,0,0,0,0,3,0,0,0,0
sc,zn1304,2012-06-29 09:12:37.000,14605.0000,712,0,0.0000,0.0000,0,0,多换,B,14575.0000,0.0000,0.0000,0.0000,0.0000,14720.0000,0.0000,0.0000,0.0000,0.0000,1,0,0,0,0,6,0,0,0,0
sc,zn1304,2012-06-29 09:12:44.500,14605.0000,712,0,0.0000,0.0000,0,0,多换,B,14575.0000,0.0000,0.0000,0.0000,0.0000,14720.0000,0.0000,0.0000,0.0000,0.0000,1,0,0,0,0,6,0,0,0,0
sc,zn1304,2012-06-29 09:12:53.500,14605.0000,712,0,0.0000,0.0000,0,0,多换,B,14575.0000,0.0000,0.0000,0.0000,0.0000,14720.0000,0.0000,0.0000,0.0000,0.0000,1,0,0,0,0,16,0,0,0,0
sc,zn1304,2012-06-29 09:12:57.000,14605.0000,712,0,0.0000,0.0000,0,0,多换,B,14575.0000,0.0000,0.0000,0.0000,0.0000,14720.0000,0.0000,0.0000,0.0000,0.0000,1,0,0,0,0,16,0,0,0,0
sc,zn1304,2012-06-29 09:12:58.500,14605.0000,712,0,0.0000,0.0000,0,0,多换,B,14575.0000,0.0000,0.0000,0.0000,0.0000,14720.0000,0.0000,0.0000,0.0000,0.0000,1,0,0,0,0,16,0,0,0,0
sc,zn1304,2012-06-29 09:12:59.000,14605.0000,712,0,0.0000,0.0000,0,0,多换,B,14575.0000,0.0000,0.0000,0.0000,0.0000,14715.0000,0.0000,0.0000,0.0000,0.0000,1,0,0,0,0,3,0,0,0,0
sc,zn1304,2012-06-29 09:12:59.500,14605.0000,712,0,0.0000,0.0000,0,0,多换,B,14575.0000,0.0000,0.0000,0.0000,0.0000,14710.0000,0.0000,0.0000,0.0000,0.0000,1,0,0,0,0,6,0,0,0,0
sc,zn1304,2012-06-29 09:13:01.000,14605.0000,712,0,0.0000,0.0000,0,0,多换,B,14575.0000,0.0000,0.0000,0.0000,0.0000,14710.0000,0.0000,0.0000,0.0000,0.0000,1,0,0,0,0,16,0,0,0,0
sc,zn1304,2012-06-29 09:13:02.000,14605.0000,712,0,0.0000,0.0000,0,0,多换,B,14575.0000,0.0000,0.0000,0.0000,0.0000,14710.0000,0.0000,0.0000,0.0000,0.0000,1,0,0,0,0,16,0,0,0,0
sc,zn1304,2012-06-29 09:13:04.000,14605.0000,712,0,0.0000,0.0000,0,0,多换,B,14575.0000,0.0000,0.0000,0.0000,0.0000,14710.0000,0.0000,0.0000,0.0000,0.0000,1,0,0,0,0,16,0,0,0,0
sc,zn1304,2012-06-29 09:13:18.000,14605.0000,712,0,0.0000,0.0000,0,0,多换,B,14575.0000,0.0000,0.0000,0.0000,0.0000,14620.0000,0.0000,0.0000,0.0000,0.0000,1,0,0,0,0,1,0,0,0,0
sc,zn1304,2012-06-29 09:13:18.500,14605.0000,712,0,0.0000,0.0000,0,0,多换,B,14575.0000,0.0000,0.0000,0.0000,0.0000,14620.0000,0.0000,0.0000,0.0000,0.0000,1,0,0,0,0,1,0,0,0,0
sc,zn1304,2012-06-29 09:13:27.500,14605.0000,712,0,0.0000,0.0000,0,0,多换,B,14335.0000,0.0000,0.0000,0.0000,0.0000,14620.0000,0.0000,0.0000,0.0000,0.0000,1,0,0,0,0,1,0,0,0,0
sc,zn1304,2012-06-29 09:13:28.000,14605.0000,712,0,0.0000,0.0000,0,0,多换,B,14350.0000,0.0000,0.0000,0.0000,0.0000,14620.0000,0.0000,0.0000,0.0000,0.0000,10,0,0,0,0,1,0,0,0,0
sc,zn1304,2012-06-29 09:13:28.500,14605.0000,712,0,0.0000,0.0000,0,0,多换,B,14365.0000,0.0000,0.0000,0.0000,0.0000,14620.0000,0.0000,0.0000,0.0000,0.0000,10,0,0,0,0,1,0,0,0,0
sc,zn1304,2012-06-29 09:13:29.000,14605.0000,712,0,0.0000,0.0000,0,0,多换,B,14380.0000,0.0000,0.0000,0.0000,0.0000,14620.0000,0.0000,0.0000,0.0000,0.0000,10,0,0,0,0,1,0,0,0,0
sc,zn1304,2012-06-29 09:13:29.500,14605.0000,712,0,0.0000,0.0000,0,0,多换,B,14395.0000,0.0000,0.0000,0.0000,0.0000,14620.0000,0.0000,0.0000,0.0000,0.0000,10,0,0,0,0,1,0,0,0,0
sc,zn1304,2012-06-29 09:13:30.000,14605.0000,712,0,0.0000,0.0000,0,0,多换,B,14410.0000,0.0000,0.0000,0.0000,0.0000,14620.0000,0.0000,0.0000,0.0000,0.0000,10,0,0,0,0,1,0,0,0,0
sc,zn1304,2012-06-29 09:13:30.500,14605.0000,712,0,0.0000,0.0000,0,0,多换,B,14415.0000,0.0000,0.0000,0.0000,0.0000,14620.0000,0.0000,0.0000,0.0000,0.0000,1,0,0,0,0,1,0,0,0,0
sc,zn1304,2012-06-29 09:13:31.000,14605.0000,712,0,0.0000,0.0000,0,0,多换,B,14425.0000,0.0000,0.0000,0.0000,0.0000,14620.0000,0.0000,0.0000,0.0000,0.0000,10,0,0,0,0,1,0,0,0,0
sc,zn1304,2012-06-29 09:13:31.500,14605.0000,712,0,0.0000,0.0000,0,0,多换,B,14430.0000,0.0000,0.0000,0.0000,0.0000,14620.0000,0.0000,0.0000,0.0000,0.0000,1,0,0,0,0,1,0,0,0,0
sc,zn1304,2012-06-29 09:13:32.000,14605.0000,712,0,0.0000,0.0000,0,0,多换,B,14440.0000,0.0000,0.0000,0.0000,0.0000,14620.0000,0.0000,0.0000,0.0000,0.0000,10,0,0,0,0,1,0,0,0,0
sc,zn1304,2012-06-29 09:13:32.500,14605.0000,712,0,0.0000,0.0000,0,0,多换,B,14445.0000,0.0000,0.0000,0.0000,0.0000,14620.0000,0.0000,0.0000,0.0000,0.0000,1,0,0,0,0,1,0,0,0,0
sc,zn1304,2012-06-29 09:13:33.000,14605.0000,712,0,0.0000,0.0000,0,0,多换,B,14455.0000,0.0000,0.0000,0.0000,0.0000,14620.0000,0.0000,0.0000,0.0000,0.0000,8,0,0,0,0,1,0,0,0,0
sc,zn1304,2012-06-29 09:13:33.500,14605.0000,712,0,0.0000,0.0000,0,0,多换,B,14460.0000,0.0000,0.0000,0.0000,0.0000,14620.0000,0.0000,0.0000,0.0000,0.0000,1,0,0,0,0,1,0,0,0,0
sc,zn1304,2012-06-29 09:13:34.000,14605.0000,712,0,0.0000,0.0000,0,0,多换,B,14470.0000,0.0000,0.0000,0.0000,0.0000,14620.0000,0.0000,0.0000,0.0000,0.0000,8,0,0,0,0,1,0,0,0,0
sc,zn1304,2012-06-29 09:13:34.500,14605.0000,712,0,0.0000,0.0000,0,0,多换,B,14475.0000,0.0000,0.0000,0.0000,0.0000,14620.0000,0.0000,0.0000,0.0000,0.0000,1,0,0,0,0,1,0,0,0,0
sc,zn1304,2012-06-29 09:13:35.000,14605.0000,712,0,0.0000,0.0000,0,0,多换,B,14480.0000,0.0000,0.0000,0.0000,0.0000,14620.0000,0.0000,0.0000,0.0000,0.0000,8,0,0,0,0,1,0,0,0,0
sc,zn1304,2012-06-29 09:13:35.500,14605.0000,712,0,0.0000,0.0000,0,0,多换,B,14485.0000,0.0000,0.0000,0.0000,0.0000,14620.0000,0.0000,0.0000,0.0000,0.0000,1,0,0,0,0,1,0,0,0,0
sc,zn1304,2012-06-29 09:13:36.000,14605.0000,712,0,0.0000,0.0000,0,0,多换,B,14490.0000,0.0000,0.0000,0.0000,0.0000,14620.0000,0.0000,0.0000,0.0000,0.0000,5,0,0,0,0,1,0,0,0,0
sc,zn1304,2012-06-29 09:13:36.500,14605.0000,712,0,0.0000,0.0000,0,0,多换,B,14495.0000,0.0000,0.0000,0.0000,0.0000,14620.0000,0.0000,0.0000,0.0000,0.0000,1,0,0,0,0,1,0,0,0,0
sc,zn1304,2012-06-29 09:13:37.000,14605.0000,712,0,0.0000,0.0000,0,0,多换,B,14500.0000,0.0000,0.0000,0.0000,0.0000,14620.0000,0.0000,0.0000,0.0000,0.0000,5,0,0,0,0,1,0,0,0,0
sc,zn1304,2012-06-29 09:13:37.500,14605.0000,712,0,0.0000,0.0000,0,0,多换,B,14505.0000,0.0000,0.0000,0.0000,0.0000,14620.0000,0.0000,0.0000,0.0000,0.0000,1,0,0,0,0,1,0,0,0,0
sc,zn1304,2012-06-29 09:13:38.000,14605.0000,712,0,0.0000,0.0000,0,0,多换,B,14510.0000,0.0000,0.0000,0.0000,0.0000,14620.0000,0.0000,0.0000,0.0000,0.0000,5,0,0,0,0,1,0,0,0,0
sc,zn1304,2012-06-29 09:13:38.500,14605.0000,712,0,0.0000,0.0000,0,0,多换,B,14515.0000,0.0000,0.0000,0.0000,0.0000,14620.0000,0.0000,0.0000,0.0000,0.0000,1,0,0,0,0,1,0,0,0,0
sc,zn1304,2012-06-29 09:13:39.000,14605.0000,712,0,0.0000,0.0000,0,0,多换,B,14520.0000,0.0000,0.0000,0.0000,0.0000,14620.0000,0.0000,0.0000,0.0000,0.0000,5,0,0,0,0,1,0,0,0,0
sc,zn1304,2012-06-29 09:13:39.500,14605.0000,712,0,0.0000,0.0000,0,0,多换,B,14525.0000,0.0000,0.0000,0.0000,0.0000,14620.0000,0.0000,0.0000,0.0000,0.0000,1,0,0,0,0,1,0,0,0,0
sc,zn1304,2012-06-29 09:13:40.000,14605.0000,712,0,0.0000,0.0000,0,0,多换,B,14525.0000,0.0000,0.0000,0.0000,0.0000,14620.0000,0.0000,0.0000,0.0000,0.0000,6,0,0,0,0,1,0,0,0,0
sc,zn1304,2012-06-29 09:13:42.500,14605.0000,712,0,0.0000,0.0000,0,0,多换,B,14530.0000,0.0000,0.0000,0.0000,0.0000,14620.0000,0.0000,0.0000,0.0000,0.0000,1,0,0,0,0,1,0,0,0,0
sc,zn1304,2012-06-29 09:13:43.000,14605.0000,712,0,0.0000,0.0000,0,0,多换,B,14535.0000,0.0000,0.0000,0.0000,0.0000,14620.0000,0.0000,0.0000,0.0000,0.0000,1,0,0,0,0,1,0,0,0,0
sc,zn1304,2012-06-29 09:13:43.500,14605.0000,712,0,0.0000,0.0000,0,0,多换,B,14535.0000,0.0000,0.0000,0.0000,0.0000,14620.0000,0.0000,0.0000,0.0000,0.0000,1,0,0,0,0,1,0,0,0,0
sc,zn1304,2012-06-29 09:13:46.500,14605.0000,712,0,0.0000,0.0000,0,0,多换,B,14540.0000,0.0000,0.0000,0.0000,0.0000,14620.0000,0.0000,0.0000,0.0000,0.0000,1,0,0,0,0,1,0,0,0,0
sc,zn1304,2012-06-29 09:13:47.000,14605.0000,712,0,0.0000,0.0000,0,0,多换,B,14545.0000,0.0000,0.0000,0.0000,0.0000,14620.0000,0.0000,0.0000,0.0000,0.0000,1,0,0,0,0,1,0,0,0,0
sc,zn1304,2012-06-29 09:13:47.500,14605.0000,712,0,0.0000,0.0000,0,0,多换,B,14545.0000,0.0000,0.0000,0.0000,0.0000,14620.0000,0.0000,0.0000,0.0000,0.0000,1,0,0,0,0,1,0,0,0,0
sc,zn1304,2012-06-29 09:13:49.000,14605.0000,712,0,0.0000,0.0000,0,0,多换,B,14420.0000,0.0000,0.0000,0.0000,0.0000,14620.0000,0.0000,0.0000,0.0000,0.0000,10,0,0,0,0,1,0,0,0,0
sc,zn1304,2012-06-29 09:13:49.500,14605.0000,712,0,0.0000,0.0000,0,0,多换,B,14430.0000,0.0000,0.0000,0.0000,0.0000,14620.0000,0.0000,0.0000,0.0000,0.0000,10,0,0,0,0,1,0,0,0,0
sc,zn1304,2012-06-29 09:13:50.000,14605.0000,712,0,0.0000,0.0000,0,0,多换,B,14435.0000,0.0000,0.0000,0.0000,0.0000,14620.0000,0.0000,0.0000,0.0000,0.0000,1,0,0,0,0,1,0,0,0,0
sc,zn1304,2012-06-29 09:13:50.500,14605.0000,712,0,0.0000,0.0000,0,0,多换,B,14445.0000,0.0000,0.0000,0.0000,0.0000,14620.0000,0.0000,0.0000,0.0000,0.0000,8,0,0,0,0,1,0,0,0,0
sc,zn1304,2012-06-29 09:13:51.000,14605.0000,712,0,0.0000,0.0000,0,0,多换,B,14450.0000,0.0000,0.0000,0.0000,0.0000,14620.0000,0.0000,0.0000,0.0000,0.0000,1,0,0,0,0,1,0,0,0,0
sc,zn1304,2012-06-29 09:13:51.500,14605.0000,712,0,0.0000,0.0000,0,0,多换,B,14460.0000,0.0000,0.0000,0.0000,0.0000,14620.0000,0.0000,0.0000,0.0000,0.0000,8,0,0,0,0,1,0,0,0,0
sc,zn1304,2012-06-29 09:13:52.000,14605.0000,712,0,0.0000,0.0000,0,0,多换,B,14465.0000,0.0000,0.0000,0.0000,0.0000,14620.0000,0.0000,0.0000,0.0000,0.0000,1,0,0,0,0,1,0,0,0,0
sc,zn1304,2012-06-29 09:13:52.500,14605.0000,712,0,0.0000,0.0000,0,0,多换,B,14470.0000,0.0000,0.0000,0.0000,0.0000,14620.0000,0.0000,0.0000,0.0000,0.0000,8,0,0,0,0,1,0,0,0,0
sc,zn1304,2012-06-29 09:13:53.000,14605.0000,712,0,0.0000,0.0000,0,0,多换,B,14475.0000,0.0000,0.0000,0.0000,0.0000,14620.0000,0.0000,0.0000,0.0000,0.0000,1,0,0,0,0,1,0,0,0,0
sc,zn1304,2012-06-29 09:13:53.500,14605.0000,712,0,0.0000,0.0000,0,0,多换,B,14480.0000,0.0000,0.0000,0.0000,0.0000,14620.0000,0.0000,0.0000,0.0000,0.0000,8,0,0,0,0,1,0,0,0,0
sc,zn1304,2012-06-29 09:13:54.000,14605.0000,712,0,0.0000,0.0000,0,0,多换,B,14485.0000,0.0000,0.0000,0.0000,0.0000,14620.0000,0.0000,0.0000,0.0000,0.0000,1,0,0,0,0,1,0,0,0,0
sc,zn1304,2012-06-29 09:13:54.500,14605.0000,712,0,0.0000,0.0000,0,0,多换,B,14490.0000,0.0000,0.0000,0.0000,0.0000,14620.0000,0.0000,0.0000,0.0000,0.0000,5,0,0,0,0,1,0,0,0,0
sc,zn1304,2012-06-29 09:13:55.000,14605.0000,712,0,0.0000,0.0000,0,0,多换,B,14495.0000,0.0000,0.0000,0.0000,0.0000,14620.0000,0.0000,0.0000,0.0000,0.0000,1,0,0,0,0,1,0,0,0,0
sc,zn1304,2012-06-29 09:13:55.500,14605.0000,712,0,0.0000,0.0000,0,0,多换,B,14500.0000,0.0000,0.0000,0.0000,0.0000,14620.0000,0.0000,0.0000,0.0000,0.0000,5,0,0,0,0,1,0,0,0,0
sc,zn1304,2012-06-29 09:13:56.000,14605.0000,712,0,0.0000,0.0000,0,0,多换,B,14505.0000,0.0000,0.0000,0.0000,0.0000,14620.0000,0.0000,0.0000,0.0000,0.0000,1,0,0,0,0,1,0,0,0,0
sc,zn1304,2012-06-29 09:13:56.500,14605.0000,712,0,0.0000,0.0000,0,0,多换,B,14510.0000,0.0000,0.0000,0.0000,0.0000,14620.0000,0.0000,0.0000,0.0000,0.0000,5,0,0,0,0,1,0,0,0,0
sc,zn1304,2012-06-29 09:13:57.000,14605.0000,712,0,0.0000,0.0000,0,0,多换,B,14515.0000,0.0000,0.0000,0.0000,0.0000,14620.0000,0.0000,0.0000,0.0000,0.0000,1,0,0,0,0,1,0,0,0,0
sc,zn1304,2012-06-29 09:13:57.500,14605.0000,712,0,0.0000,0.0000,0,0,多换,B,14515.0000,0.0000,0.0000,0.0000,0.0000,14620.0000,0.0000,0.0000,0.0000,0.0000,7,0,0,0,0,1,0,0,0,0
sc,zn1304,2012-06-29 09:14:27.000,14605.0000,712,0,0.0000,0.0000,0,0,多换,B,14515.0000,0.0000,0.0000,0.0000,0.0000,14620.0000,0.0000,0.0000,0.0000,0.0000,6,0,0,0,0,1,0,0,0,0
sc,zn1304,2012-06-29 09:14:27.500,14605.0000,712,0,0.0000,0.0000,0,0,多换,B,14520.0000,0.0000,0.0000,0.0000,0.0000,14620.0000,0.0000,0.0000,0.0000,0.0000,1,0,0,0,0,1,0,0,0,0
sc,zn1304,2012-06-29 09:14:28.000,14605.0000,712,0,0.0000,0.0000,0,0,多换,B,14520.0000,0.0000,0.0000,0.0000,0.0000,14620.0000,0.0000,0.0000,0.0000,0.0000,1,0,0,0,0,1,0,0,0,0
sc,zn1304,2012-06-29 09:14:29.500,14605.0000,712,0,0.0000,0.0000,0,0,多换,B,14520.0000,0.0000,0.0000,0.0000,0.0000,14620.0000,0.0000,0.0000,0.0000,0.0000,6,0,0,0,0,1,0,0,0,0
sc,zn1304,2012-06-29 09:14:30.500,14605.0000,712,0,0.0000,0.0000,0,0,多换,B,14525.0000,0.0000,0.0000,0.0000,0.0000,14620.0000,0.0000,0.0000,0.0000,0.0000,1,0,0,0,0,1,0,0,0,0
sc,zn1304,2012-06-29 09:14:31.000,14605.0000,712,0,0.0000,0.0000,0,0,多换,B,14530.0000,0.0000,0.0000,0.0000,0.0000,14620.0000,0.0000,0.0000,0.0000,0.0000,1,0,0,0,0,1,0,0,0,0
sc,zn1304,2012-06-29 09:14:31.500,14605.0000,712,0,0.0000,0.0000,0,0,多换,B,14530.0000,0.0000,0.0000,0.0000,0.0000,14620.0000,0.0000,0.0000,0.0000,0.0000,1,0,0,0,0,1,0,0,0,0
sc,zn1304,2012-06-29 09:14:34.500,14605.0000,712,0,0.0000,0.0000,0,0,多换,B,14535.0000,0.0000,0.0000,0.0000,0.0000,14620.0000,0.0000,0.0000,0.0000,0.0000,1,0,0,0,0,1,0,0,0,0
sc,zn1304,2012-06-29 09:14:35.000,14605.0000,712,0,0.0000,0.0000,0,0,多换,B,14540.0000,0.0000,0.0000,0.0000,0.0000,14620.0000,0.0000,0.0000,0.0000,0.0000,1,0,0,0,0,1,0,0,0,0
sc,zn1304,2012-06-29 09:14:35.500,14605.0000,712,0,0.0000,0.0000,0,0,多换,B,14540.0000,0.0000,0.0000,0.0000,0.0000,14620.0000,0.0000,0.0000,0.0000,0.0000,1,0,0,0,0,1,0,0,0,0
sc,zn1304,2012-06-29 09:14:38.500,14605.0000,712,0,0.0000,0.0000,0,0,多换,B,14545.0000,0.0000,0.0000,0.0000,0.0000,14620.0000,0.0000,0.0000,0.0000,0.0000,1,0,0,0,0,1,0,0,0,0
sc,zn1304,2012-06-29 09:14:39.000,14605.0000,712,0,0.0000,0.0000,0,0,多换,B,14545.0000,0.0000,0.0000,0.0000,0.0000,14620.0000,0.0000,0.0000,0.0000,0.0000,1,0,0,0,0,1,0,0,0,0
sc,zn1304,2012-06-29 09:15:03.500,14605.0000,712,0,0.0000,0.0000,0,0,多换,B,14545.0000,0.0000,0.0000,0.0000,0.0000,14620.0000,0.0000,0.0000,0.0000,0.0000,1,0,0,0,0,1,0,0,0,0
sc,zn1304,2012-06-29 09:15:15.000,14605.0000,712,0,0.0000,0.0000,0,0,多换,B,14545.0000,0.0000,0.0000,0.0000,0.0000,14620.0000,0.0000,0.0000,0.0000,0.0000,1,0,0,0,0,1,0,0,0,0
sc,zn1304,2012-06-29 09:15:31.500,14605.0000,712,0,0.0000,0.0000,0,0,多换,B,14550.0000,0.0000,0.0000,0.0000,0.0000,14620.0000,0.0000,0.0000,0.0000,0.0000,1,0,0,0,0,1,0,0,0,0
sc,zn1304,2012-06-29 09:15:32.000,14605.0000,712,0,0.0000,0.0000,0,0,多换,B,14550.0000,0.0000,0.0000,0.0000,0.0000,14620.0000,0.0000,0.0000,0.0000,0.0000,1,0,0,0,0,1,0,0,0,0
sc,zn1304,2012-06-29 09:15:34.500,14605.0000,712,0,0.0000,0.0000,0,0,多换,B,14555.0000,0.0000,0.0000,0.0000,0.0000,14620.0000,0.0000,0.0000,0.0000,0.0000,1,0,0,0,0,1,0,0,0,0
sc,zn1304,2012-06-29 09:15:35.000,14605.0000,712,0,0.0000,0.0000,0,0,多换,B,14555.0000,0.0000,0.0000,0.0000,0.0000,14620.0000,0.0000,0.0000,0.0000,0.0000,1,0,0,0,0,1,0,0,0,0
sc,zn1304,2012-06-29 09:16:27.000,14605.0000,712,0,0.0000,0.0000,0,0,多换,B,14555.0000,0.0000,0.0000,0.0000,0.0000,14615.0000,0.0000,0.0000,0.0000,0.0000,1,0,0,0,0,3,0,0,0,0
sc,zn1304,2012-06-29 09:16:35.000,14605.0000,712,0,0.0000,0.0000,0,0,多换,B,14555.0000,0.0000,0.0000,0.0000,0.0000,14620.0000,0.0000,0.0000,0.0000,0.0000,1,0,0,0,0,1,0,0,0,0
sc,zn1304,2012-06-29 09:17:17.500,14605.0000,712,0,0.0000,0.0000,0,0,多换,B,14560.0000,0.0000,0.0000,0.0000,0.0000,14620.0000,0.0000,0.0000,0.0000,0.0000,2,0,0,0,0,1,0,0,0,0
sc,zn1304,2012-06-29 09:17:18.000,14605.0000,712,0,0.0000,0.0000,0,0,多换,B,14560.0000,0.0000,0.0000,0.0000,0.0000,14620.0000,0.0000,0.0000,0.0000,0.0000,2,0,0,0,0,1,0,0,0,0
sc,zn1304,2012-06-29 09:18:05.500,14605.0000,712,0,0.0000,0.0000,0,0,多换,B,14560.0000,0.0000,0.0000,0.0000,0.0000,14620.0000,0.0000,0.0000,0.0000,0.0000,2,0,0,0,0,1,0,0,0,0
sc,zn1304,2012-06-29 09:21:20.000,14560.0000,716,4,291200.0000,4.0000,4,0,双开,S,14420.0000,0.0000,0.0000,0.0000,0.0000,14620.0000,0.0000,0.0000,0.0000,0.0000,10,0,0,0,0,1,0,0,0,0
sc,zn1304,2012-06-29 09:21:20.500,14560.0000,716,0,0.0000,0.0000,0,0,空换,S,14430.0000,0.0000,0.0000,0.0000,0.0000,14620.0000,0.0000,0.0000,0.0000,0.0000,8,0,0,0,0,1,0,0,0,0
sc,zn1304,2012-06-29 09:21:21.000,14560.0000,716,0,0.0000,0.0000,0,0,空换,S,14435.0000,0.0000,0.0000,0.0000,0.0000,14620.0000,0.0000,0.0000,0.0000,0.0000,11,0,0,0,0,1,0,0,0,0
sc,zn1304,2012-06-29 09:21:21.500,14560.0000,716,0,0.0000,0.0000,0,0,空换,S,14445.0000,0.0000,0.0000,0.0000,0.0000,14620.0000,0.0000,0.0000,0.0000,0.0000,8,0,0,0,0,1,0,0,0,0
sc,zn1304,2012-06-29 09:21:22.000,14560.0000,716,0,0.0000,0.0000,0,0,空换,S,14450.0000,0.0000,0.0000,0.0000,0.0000,14620.0000,0.0000,0.0000,0.0000,0.0000,1,0,0,0,0,1,0,0,0,0
sc,zn1304,2012-06-29 09:21:22.500,14560.0000,716,0,0.0000,0.0000,0,0,空换,S,14455.0000,0.0000,0.0000,0.0000,0.0000,14620.0000,0.0000,0.0000,0.0000,0.0000,8,0,0,0,0,1,0,0,0,0
sc,zn1304,2012-06-29 09:21:23.000,14560.0000,716,0,0.0000,0.0000,0,0,空换,S,14460.0000,0.0000,0.0000,0.0000,0.0000,14620.0000,0.0000,0.0000,0.0000,0.0000,1,0,0,0,0,1,0,0,0,0
sc,zn1304,2012-06-29 09:21:23.500,14560.0000,716,0,0.0000,0.0000,0,0,空换,S,14465.0000,0.0000,0.0000,0.0000,0.0000,14620.0000,0.0000,0.0000,0.0000,0.0000,8,0,0,0,0,1,0,0,0,0
sc,zn1304,2012-06-29 09:21:24.000,14560.0000,716,0,0.0000,0.0000,0,0,空换,S,14470.0000,0.0000,0.0000,0.0000,0.0000,14620.0000,0.0000,0.0000,0.0000,0.0000,1,0,0,0,0,1,0,0,0,0
sc,zn1304,2012-06-29 09:21:24.500,14560.0000,716,0,0.0000,0.0000,0,0,空换,S,14475.0000,0.0000,0.0000,0.0000,0.0000,14620.0000,0.0000,0.0000,0.0000,0.0000,5,0,0,0,0,1,0,0,0,0
sc,zn1304,2012-06-29 09:21:25.000,14560.0000,716,0,0.0000,0.0000,0,0,空换,S,14480.0000,0.0000,0.0000,0.0000,0.0000,14620.0000,0.0000,0.0000,0.0000,0.0000,1,0,0,0,0,1,0,0,0,0
sc,zn1304,2012-06-29 09:21:25.500,14560.0000,716,0,0.0000,0.0000,0,0,空换,S,14485.0000,0.0000,0.0000,0.0000,0.0000,14620.0000,0.0000,0.0000,0.0000,0.0000,5,0,0,0,0,1,0,0,0,0
sc,zn1304,2012-06-29 09:21:26.000,14560.0000,716,0,0.0000,0.0000,0,0,空换,S,14490.0000,0.0000,0.0000,0.0000,0.0000,14620.0000,0.0000,0.0000,0.0000,0.0000,3,0,0,0,0,1,0,0,0,0
sc,zn1304,2012-06-29 09:21:26.500,14560.0000,716,0,0.0000,0.0000,0,0,空换,S,14495.0000,0.0000,0.0000,0.0000,0.0000,14620.0000,0.0000,0.0000,0.0000,0.0000,5,0,0,0,0,1,0,0,0,0
sc,zn1304,2012-06-29 09:21:27.000,14560.0000,716,0,0.0000,0.0000,0,0,空换,S,14500.0000,0.0000,0.0000,0.0000,0.0000,14620.0000,0.0000,0.0000,0.0000,0.0000,1,0,0,0,0,1,0,0,0,0
sc,zn1304,2012-06-29 09:21:27.500,14560.0000,716,0,0.0000,0.0000,0,0,空换,S,14505.0000,0.0000,0.0000,0.0000,0.0000,14620.0000,0.0000,0.0000,0.0000,0.0000,5,0,0,0,0,1,0,0,0,0
sc,zn1304,2012-06-29 09:21:28.000,14560.0000,716,0,0.0000,0.0000,0,0,空换,S,14510.0000,0.0000,0.0000,0.0000,0.0000,14620.0000,0.0000,0.0000,0.0000,0.0000,1,0,0,0,0,1,0,0,0,0
sc,zn1304,2012-06-29 09:21:28.500,14560.0000,716,0,0.0000,0.0000,0,0,空换,S,14510.0000,0.0000,0.0000,0.0000,0.0000,14620.0000,0.0000,0.0000,0.0000,0.0000,2,0,0,0,0,1,0,0,0,0
sc,zn1304,2012-06-29 09:21:29.500,14560.0000,716,0,0.0000,0.0000,0,0,空换,S,14510.0000,0.0000,0.0000,0.0000,0.0000,14615.0000,0.0000,0.0000,0.0000,0.0000,2,0,0,0,0,2,0,0,0,0
sc,zn1304,2012-06-29 09:21:30.500,14560.0000,716,0,0.0000,0.0000,0,0,空换,S,14510.0000,0.0000,0.0000,0.0000,0.0000,14620.0000,0.0000,0.0000,0.0000,0.0000,2,0,0,0,0,1,0,0,0,0
sc,zn1304,2012-06-29 09:21:45.500,14560.0000,716,0,0.0000,0.0000,0,0,空换,S,14515.0000,0.0000,0.0000,0.0000,0.0000,14620.0000,0.0000,0.0000,0.0000,0.0000,2,0,0,0,0,1,0,0,0,0
sc,zn1304,2012-06-29 09:21:46.000,14560.0000,716,0,0.0000,0.0000,0,0,空换,S,14520.0000,0.0000,0.0000,0.0000,0.0000,14620.0000,0.0000,0.0000,0.0000,0.0000,1,0,0,0,0,1,0,0,0,0
sc,zn1304,2012-06-29 09:21:46.500,14560.0000,716,0,0.0000,0.0000,0,0,空换,S,14520.0000,0.0000,0.0000,0.0000,0.0000,14620.0000,0.0000,0.0000,0.0000,0.0000,1,0,0,0,0,1,0,0,0,0
sc,zn1304,2012-06-29 09:21:48.500,14560.0000,716,0,0.0000,0.0000,0,0,空换,S,14525.0000,0.0000,0.0000,0.0000,0.0000,14620.0000,0.0000,0.0000,0.0000,0.0000,1,0,0,0,0,1,0,0,0,0
sc,zn1304,2012-06-29 09:21:49.000,14560.0000,716,0,0.0000,0.0000,0,0,空换,S,14530.0000,0.0000,0.0000,0.0000,0.0000,14620.0000,0.0000,0.0000,0.0000,0.0000,1,0,0,0,0,1,0,0,0,0
sc,zn1304,2012-06-29 09:21:49.500,14560.0000,716,0,0.0000,0.0000,0,0,空换,S,14530.0000,0.0000,0.0000,0.0000,0.0000,14620.0000,0.0000,0.0000,0.0000,0.0000,1,0,0,0,0,1,0,0,0,0
sc,zn1304,2012-06-29 09:21:52.500,14560.0000,716,0,0.0000,0.0000,0,0,空换,S,14535.0000,0.0000,0.0000,0.0000,0.0000,14620.0000,0.0000,0.0000,0.0000,0.0000,1,0,0,0,0,1,0,0,0,0
sc,zn1304,2012-06-29 09:21:53.000,14560.0000,716,0,0.0000,0.0000,0,0,空换,S,14540.0000,0.0000,0.0000,0.0000,0.0000,14620.0000,0.0000,0.0000,0.0000,0.0000,1,0,0,0,0,1,0,0,0,0
sc,zn1304,2012-06-29 09:21:53.500,14560.0000,716,0,0.0000,0.0000,0,0,空换,S,14540.0000,0.0000,0.0000,0.0000,0.0000,14620.0000,0.0000,0.0000,0.0000,0.0000,1,0,0,0,0,1,0,0,0,0
sc,zn1304,2012-06-29 09:21:56.000,14560.0000,716,0,0.0000,0.0000,0,0,空换,S,14545.0000,0.0000,0.0000,0.0000,0.0000,14620.0000,0.0000,0.0000,0.0000,0.0000,2,0,0,0,0,1,0,0,0,0
sc,zn1304,2012-06-29 09:21:56.500,14560.0000,716,0,0.0000,0.0000,0,0,空换,S,14550.0000,0.0000,0.0000,0.0000,0.0000,14620.0000,0.0000,0.0000,0.0000,0.0000,1,0,0,0,0,1,0,0,0,0
sc,zn1304,2012-06-29 09:21:57.000,14560.0000,716,0,0.0000,0.0000,0,0,空换,S,14550.0000,0.0000,0.0000,0.0000,0.0000,14620.0000,0.0000,0.0000,0.0000,0.0000,1,0,0,0,0,1,0,0,0,0
sc,zn1304,2012-06-29 09:21:57.500,14560.0000,716,0,0.0000,0.0000,0,0,空换,S,14550.0000,0.0000,0.0000,0.0000,0.0000,14620.0000,0.0000,0.0000,0.0000,0.0000,1,0,0,0,0,1,0,0,0,0
sc,zn1304,2012-06-29 09:22:00.500,14560.0000,716,0,0.0000,0.0000,0,0,空换,S,14555.0000,0.0000,0.0000,0.0000,0.0000,14620.0000,0.0000,0.0000,0.0000,0.0000,1,0,0,0,0,1,0,0,0,0
sc,zn1304,2012-06-29 09:22:01.000,14560.0000,716,0,0.0000,0.0000,0,0,空换,S,14555.0000,0.0000,0.0000,0.0000,0.0000,14620.0000,0.0000,0.0000,0.0000,0.0000,1,0,0,0,0,1,0,0,0,0
sc,zn1304,2012-06-29 09:22:09.500,14560.0000,716,0,0.0000,0.0000,0,0,空换,S,14555.0000,0.0000,0.0000,0.0000,0.0000,14620.0000,0.0000,0.0000,0.0000,0.0000,3,0,0,0,0,1,0,0,0,0
sc,zn1304,2012-06-29 09:22:11.500,14560.0000,716,0,0.0000,0.0000,0,0,空换,S,14555.0000,0.0000,0.0000,0.0000,0.0000,14620.0000,0.0000,0.0000,0.0000,0.0000,3,0,0,0,0,1,0,0,0,0
sc,zn1304,2012-06-29 09:22:55.500,14560.0000,716,0,0.0000,0.0000,0,0,空换,S,14340.0000,0.0000,0.0000,0.0000,0.0000,14620.0000,0.0000,0.0000,0.0000,0.0000,5,0,0,0,0,1,0,0,0,0
sc,zn1304,2012-06-29 09:22:56.000,14560.0000,716,0,0.0000,0.0000,0,0,空换,S,14355.0000,0.0000,0.0000,0.0000,0.0000,14835.0000,0.0000,0.0000,0.0000,0.0000,10,0,0,0,0,1,0,0,0,0
sc,zn1304,2012-06-29 09:22:56.500,14560.0000,716,0,0.0000,0.0000,0,0,空换,S,14365.0000,0.0000,0.0000,0.0000,0.0000,14820.0000,0.0000,0.0000,0.0000,0.0000,10,0,0,0,0,10,0,0,0,0
sc,zn1304,2012-06-29 09:22:57.000,14560.0000,716,0,0.0000,0.0000,0,0,空换,S,14380.0000,0.0000,0.0000,0.0000,0.0000,14780.0000,0.0000,0.0000,0.0000,0.0000,10,0,0,0,0,10,0,0,0,0
sc,zn1304,2012-06-29 09:22:57.500,14560.0000,716,0,0.0000,0.0000,0,0,空换,S,14385.0000,0.0000,0.0000,0.0000,0.0000,14765.0000,0.0000,0.0000,0.0000,0.0000,11,0,0,0,0,10,0,0,0,0
sc,zn1304,2012-06-29 09:22:58.000,14560.0000,716,0,0.0000,0.0000,0,0,空换,S,14395.0000,0.0000,0.0000,0.0000,0.0000,14750.0000,0.0000,0.0000,0.0000,0.0000,10,0,0,0,0,10,0,0,0,0
sc,zn1304,2012-06-29 09:22:58.500,14560.0000,716,0,0.0000,0.0000,0,0,空换,S,14400.0000,0.0000,0.0000,0.0000,0.0000,14740.0000,0.0000,0.0000,0.0000,0.0000,2,0,0,0,0,10,0,0,0,0
sc,zn1304,2012-06-29 09:22:59.000,14560.0000,716,0,0.0000,0.0000,0,0,空换,S,14410.0000,0.0000,0.0000,0.0000,0.0000,14725.0000,0.0000,0.0000,0.0000,0.0000,10,0,0,0,0,10,0,0,0,0
sc,zn1304,2012-06-29 09:22:59.500,14560.0000,716,0,0.0000,0.0000,0,0,空换,S,14415.0000,0.0000,0.0000,0.0000,0.0000,14715.0000,0.0000,0.0000,0.0000,0.0000,1,0,0,0,0,8,0,0,0,0
sc,zn1304,2012-06-29 09:23:00.000,14560.0000,716,0,0.0000,0.0000,0,0,空换,S,14425.0000,0.0000,0.0000,0.0000,0.0000,14700.0000,0.0000,0.0000,0.0000,0.0000,8,0,0,0,0,10,0,0,0,0
sc,zn1304,2012-06-29 09:23:00.500,14560.0000,716,0,0.0000,0.0000,0,0,空换,S,14430.0000,0.0000,0.0000,0.0000,0.0000,14695.0000,0.0000,0.0000,0.0000,0.0000,1,0,0,0,0,9,0,0,0,0
sc,zn1304,2012-06-29 09:23:01.000,14560.0000,716,0,0.0000,0.0000,0,0,空换,S,14440.0000,0.0000,0.0000,0.0000,0.0000,14695.0000,0.0000,0.0000,0.0000,0.0000,8,0,0,0,0,19,0,0,0,0
sc,zn1304,2012-06-29 09:23:01.500,14560.0000,716,0,0.0000,0.0000,0,0,空换,S,14445.0000,0.0000,0.0000,0.0000,0.0000,14695.0000,0.0000,0.0000,0.0000,0.0000,1,0,0,0,0,19,0,0,0,0
sc,zn1304,2012-06-29 09:23:02.000,14560.0000,716,0,0.0000,0.0000,0,0,空换,S,14450.0000,0.0000,0.0000,0.0000,0.0000,14695.0000,0.0000,0.0000,0.0000,0.0000,8,0,0,0,0,19,0,0,0,0
sc,zn1304,2012-06-29 09:23:02.500,14560.0000,716,0,0.0000,0.0000,0,0,空换,S,14455.0000,0.0000,0.0000,0.0000,0.0000,14695.0000,0.0000,0.0000,0.0000,0.0000,2,0,0,0,0,19,0,0,0,0
sc,zn1304,2012-06-29 09:23:03.000,14560.0000,716,0,0.0000,0.0000,0,0,空换,S,14460.0000,0.0000,0.0000,0.0000,0.0000,14695.0000,0.0000,0.0000,0.0000,0.0000,5,0,0,0,0,19,0,0,0,0
sc,zn1304,2012-06-29 09:23:03.500,14560.0000,716,0,0.0000,0.0000,0,0,空换,S,14465.0000,0.0000,0.0000,0.0000,0.0000,14695.0000,0.0000,0.0000,0.0000,0.0000,1,0,0,0,0,19,0,0,0,0
sc,zn1304,2012-06-29 09:23:04.000,14560.0000,716,0,0.0000,0.0000,0,0,空换,S,14470.0000,0.0000,0.0000,0.0000,0.0000,14695.0000,0.0000,0.0000,0.0000,0.0000,5,0,0,0,0,19,0,0,0,0
sc,zn1304,2012-06-29 09:23:04.500,14560.0000,716,0,0.0000,0.0000,0,0,空换,S,14475.0000,0.0000,0.0000,0.0000,0.0000,14695.0000,0.0000,0.0000,0.0000,0.0000,1,0,0,0,0,19,0,0,0,0
sc,zn1304,2012-06-29 09:23:05.000,14560.0000,716,0,0.0000,0.0000,0,0,空换,S,14480.0000,0.0000,0.0000,0.0000,0.0000,14695.0000,0.0000,0.0000,0.0000,0.0000,5,0,0,0,0,19,0,0,0,0
sc,zn1304,2012-06-29 09:23:05.500,14560.0000,716,0,0.0000,0.0000,0,0,空换,S,14485.0000,0.0000,0.0000,0.0000,0.0000,14695.0000,0.0000,0.0000,0.0000,0.0000,1,0,0,0,0,19,0,0,0,0
sc,zn1304,2012-06-29 09:23:06.000,14560.0000,716,0,0.0000,0.0000,0,0,空换,S,14490.0000,0.0000,0.0000,0.0000,0.0000,14695.0000,0.0000,0.0000,0.0000,0.0000,5,0,0,0,0,19,0,0,0,0
sc,zn1304,2012-06-29 09:23:06.500,14560.0000,716,0,0.0000,0.0000,0,0,空换,S,14495.0000,0.0000,0.0000,0.0000,0.0000,14695.0000,0.0000,0.0000,0.0000,0.0000,1,0,0,0,0,19,0,0,0,0
sc,zn1304,2012-06-29 09:23:08.500,14560.0000,716,0,0.0000,0.0000,0,0,空换,S,14495.0000,0.0000,0.0000,0.0000,0.0000,14695.0000,0.0000,0.0000,0.0000,0.0000,1,0,0,0,0,19,0,0,0,0
sc,zn1304,2012-06-29 09:23:11.500,14560.0000,716,0,0.0000,0.0000,0,0,空换,S,14500.0000,0.0000,0.0000,0.0000,0.0000,14695.0000,0.0000,0.0000,0.0000,0.0000,1,0,0,0,0,19,0,0,0,0
sc,zn1304,2012-06-29 09:23:12.000,14560.0000,716,0,0.0000,0.0000,0,0,空换,S,14505.0000,0.0000,0.0000,0.0000,0.0000,14695.0000,0.0000,0.0000,0.0000,0.0000,1,0,0,0,0,19,0,0,0,0
sc,zn1304,2012-06-29 09:23:12.500,14560.0000,716,0,0.0000,0.0000,0,0,空换,S,14505.0000,0.0000,0.0000,0.0000,0.0000,14695.0000,0.0000,0.0000,0.0000,0.0000,1,0,0,0,0,19,0,0,0,0
sc,zn1304,2012-06-29 09:23:14.500,14560.0000,716,0,0.0000,0.0000,0,0,空换,S,14505.0000,0.0000,0.0000,0.0000,0.0000,14695.0000,0.0000,0.0000,0.0000,0.0000,1,0,0,0,0,9,0,0,0,0
sc,zn1304,2012-06-29 09:23:15.500,14560.0000,716,0,0.0000,0.0000,0,0,空换,S,14510.0000,0.0000,0.0000,0.0000,0.0000,14695.0000,0.0000,0.0000,0.0000,0.0000,1,0,0,0,0,9,0,0,0,0
sc,zn1304,2012-06-29 09:23:16.000,14560.0000,716,0,0.0000,0.0000,0,0,空换,S,14515.0000,0.0000,0.0000,0.0000,0.0000,14695.0000,0.0000,0.0000,0.0000,0.0000,1,0,0,0,0,9,0,0,0,0
sc,zn1304,2012-06-29 09:23:17.000,14560.0000,716,0,0.0000,0.0000,0,0,空换,S,14515.0000,0.0000,0.0000,0.0000,0.0000,14695.0000,0.0000,0.0000,0.0000,0.0000,1,0,0,0,0,9,0,0,0,0
sc,zn1304,2012-06-29 09:23:19.500,14560.0000,716,0,0.0000,0.0000,0,0,空换,S,14520.0000,0.0000,0.0000,0.0000,0.0000,14695.0000,0.0000,0.0000,0.0000,0.0000,1,0,0,0,0,9,0,0,0,0
sc,zn1304,2012-06-29 09:23:20.000,14560.0000,716,0,0.0000,0.0000,0,0,空换,S,14525.0000,0.0000,0.0000,0.0000,0.0000,14695.0000,0.0000,0.0000,0.0000,0.0000,1,0,0,0,0,9,0,0,0,0
sc,zn1304,2012-06-29 09:23:20.500,14560.0000,716,0,0.0000,0.0000,0,0,空换,S,14530.0000,0.0000,0.0000,0.0000,0.0000,14695.0000,0.0000,0.0000,0.0000,0.0000,2,0,0,0,0,9,0,0,0,0
sc,zn1304,2012-06-29 09:23:21.000,14560.0000,716,0,0.0000,0.0000,0,0,空换,S,14535.0000,0.0000,0.0000,0.0000,0.0000,14695.0000,0.0000,0.0000,0.0000,0.0000,1,0,0,0,0,9,0,0,0,0
sc,zn1304,2012-06-29 09:23:23.500,14560.0000,716,0,0.0000,0.0000,0,0,空换,S,14540.0000,0.0000,0.0000,0.0000,0.0000,14695.0000,0.0000,0.0000,0.0000,0.0000,1,0,0,0,0,9,0,0,0,0
sc,zn1304,2012-06-29 09:23:24.000,14560.0000,716,0,0.0000,0.0000,0,0,空换,S,14545.0000,0.0000,0.0000,0.0000,0.0000,14695.0000,0.0000,0.0000,0.0000,0.0000,1,0,0,0,0,9,0,0,0,0
sc,zn1304,2012-06-29 09:23:24.500,14560.0000,716,0,0.0000,0.0000,0,0,空换,S,14545.0000,0.0000,0.0000,0.0000,0.0000,14695.0000,0.0000,0.0000,0.0000,0.0000,1,0,0,0,0,9,0,0,0,0
sc,zn1304,2012-06-29 09:23:27.500,14560.0000,716,0,0.0000,0.0000,0,0,空换,S,14550.0000,0.0000,0.0000,0.0000,0.0000,14695.0000,0.0000,0.0000,0.0000,0.0000,1,0,0,0,0,9,0,0,0,0
sc,zn1304,2012-06-29 09:23:28.000,14560.0000,716,0,0.0000,0.0000,0,0,空换,S,14550.0000,0.0000,0.0000,0.0000,0.0000,14695.0000,0.0000,0.0000,0.0000,0.0000,1,0,0,0,0,9,0,0,0,0
sc,zn1304,2012-06-29 09:23:34.500,14560.0000,716,0,0.0000,0.0000,0,0,空换,S,14550.0000,0.0000,0.0000,0.0000,0.0000,14695.0000,0.0000,0.0000,0.0000,0.0000,1,0,0,0,0,8,0,0,0,0
sc,zn1304,2012-06-29 09:23:35.000,14560.0000,716,0,0.0000,0.0000,0,0,空换,S,14550.0000,0.0000,0.0000,0.0000,0.0000,14690.0000,0.0000,0.0000,0.0000,0.0000,1,0,0,0,0,1,0,0,0,0
sc,zn1304,2012-06-29 09:23:35.500,14560.0000,716,0,0.0000,0.0000,0,0,空换,S,14550.0000,0.0000,0.0000,0.0000,0.0000,14685.0000,0.0000,0.0000,0.0000,0.0000,1,0,0,0,0,5,0,0,0,0
sc,zn1304,2012-06-29 09:23:36.000,14560.0000,716,0,0.0000,0.0000,0,0,空换,S,14550.0000,0.0000,0.0000,0.0000,0.0000,14680.0000,0.0000,0.0000,0.0000,0.0000,1,0,0,0,0,1,0,0,0,0
sc,zn1304,2012-06-29 09:23:36.500,14560.0000,716,0,0.0000,0.0000,0,0,空换,S,14550.0000,0.0000,0.0000,0.0000,0.0000,14675.0000,0.0000,0.0000,0.0000,0.0000,1,0,0,0,0,5,0,0,0,0
sc,zn1304,2012-06-29 09:23:37.000,14560.0000,716,0,0.0000,0.0000,0,0,空换,S,14550.0000,0.0000,0.0000,0.0000,0.0000,14670.0000,0.0000,0.0000,0.0000,0.0000,1,0,0,0,0,1,0,0,0,0
sc,zn1304,2012-06-29 09:23:37.500,14560.0000,716,0,0.0000,0.0000,0,0,空换,S,14550.0000,0.0000,0.0000,0.0000,0.0000,14670.0000,0.0000,0.0000,0.0000,0.0000,1,0,0,0,0,6,0,0,0,0
sc,zn1304,2012-06-29 09:23:43.500,14560.0000,716,0,0.0000,0.0000,0,0,空换,S,14550.0000,0.0000,0.0000,0.0000,0.0000,14670.0000,0.0000,0.0000,0.0000,0.0000,1,0,0,0,0,1,0,0,0,0
sc,zn1304,2012-06-29 09:23:44.000,14560.0000,716,0,0.0000,0.0000,0,0,空换,S,14550.0000,0.0000,0.0000,0.0000,0.0000,14665.0000,0.0000,0.0000,0.0000,0.0000,1,0,0,0,0,1,0,0,0,0
sc,zn1304,2012-06-29 09:23:44.500,14560.0000,716,0,0.0000,0.0000,0,0,空换,S,14550.0000,0.0000,0.0000,0.0000,0.0000,14665.0000,0.0000,0.0000,0.0000,0.0000,1,0,0,0,0,1,0,0,0,0
sc,zn1304,2012-06-29 09:24:01.500,14560.0000,716,0,0.0000,0.0000,0,0,空换,S,14555.0000,0.0000,0.0000,0.0000,0.0000,14665.0000,0.0000,0.0000,0.0000,0.0000,1,0,0,0,0,1,0,0,0,0
sc,zn1304,2012-06-29 09:24:02.000,14560.0000,716,0,0.0000,0.0000,0,0,空换,S,14555.0000,0.0000,0.0000,0.0000,0.0000,14665.0000,0.0000,0.0000,0.0000,0.0000,1,0,0,0,0,1,0,0,0,0
sc,zn1304,2012-06-29 09:24:04.000,14560.0000,716,0,0.0000,0.0000,0,0,空换,S,14555.0000,0.0000,0.0000,0.0000,0.0000,14665.0000,0.0000,0.0000,0.0000,0.0000,1,0,0,0,0,1,0,0,0,0
sc,zn1304,2012-06-29 09:24:04.500,14560.0000,716,0,0.0000,0.0000,0,0,空换,S,14560.0000,0.0000,0.0000,0.0000,0.0000,14665.0000,0.0000,0.0000,0.0000,0.0000,1,0,0,0,0,1,0,0,0,0
sc,zn1304,2012-06-29 09:24:05.000,14560.0000,716,0,0.0000,0.0000,0,0,空换,S,14560.0000,0.0000,0.0000,0.0000,0.0000,14665.0000,0.0000,0.0000,0.0000,0.0000,1,0,0,0,0,1,0,0,0,0
sc,zn1304,2012-06-29 09:24:32.000,14560.0000,716,0,0.0000,0.0000,0,0,空换,S,14560.0000,0.0000,0.0000,0.0000,0.0000,14665.0000,0.0000,0.0000,0.0000,0.0000,1,0,0,0,0,1,0,0,0,0
sc,zn1304,2012-06-29 09:24:40.000,14560.0000,716,0,0.0000,0.0000,0,0,空换,S,14560.0000,0.0000,0.0000,0.0000,0.0000,14660.0000,0.0000,0.0000,0.0000,0.0000,1,0,0,0,0,3,0,0,0,0
sc,zn1304,2012-06-29 09:24:48.500,14560.0000,716,0,0.0000,0.0000,0,0,空换,S,14560.0000,0.0000,0.0000,0.0000,0.0000,14665.0000,0.0000,0.0000,0.0000,0.0000,1,0,0,0,0,1,0,0,0,0
sc,zn1304,2012-06-29 09:25:00.500,14560.0000,716,0,0.0000,0.0000,0,0,空换,S,14565.0000,0.0000,0.0000,0.0000,0.0000,14665.0000,0.0000,0.0000,0.0000,0.0000,2,0,0,0,0,1,0,0,0,0
sc,zn1304,2012-06-29 09:25:01.000,14560.0000,716,0,0.0000,0.0000,0,0,空换,S,14565.0000,0.0000,0.0000,0.0000,0.0000,14665.0000,0.0000,0.0000,0.0000,0.0000,2,0,0,0,0,1,0,0,0,0
sc,zn1304,2012-06-29 09:25:43.000,14560.0000,716,0,0.0000,0.0000,0,0,空换,S,14565.0000,0.0000,0.0000,0.0000,0.0000,14660.0000,0.0000,0.0000,0.0000,0.0000,2,0,0,0,0,1,0,0,0,0
sc,zn1304,2012-06-29 09:29:30.500,14560.0000,716,0,0.0000,0.0000,0,0,空换,S,14565.0000,0.0000,0.0000,0.0000,0.0000,14665.0000,0.0000,0.0000,0.0000,0.0000,2,0,0,0,0,1,0,0,0,0
sc,zn1304,2012-06-29 09:29:37.500,14560.0000,716,0,0.0000,0.0000,0,0,空换,S,14565.0000,0.0000,0.0000,0.0000,0.0000,14760.0000,0.0000,0.0000,0.0000,0.0000,2,0,0,0,0,5,0,0,0,0
sc,zn1304,2012-06-29 09:29:38.000,14560.0000,716,0,0.0000,0.0000,0,0,空换,S,14565.0000,0.0000,0.0000,0.0000,0.0000,14755.0000,0.0000,0.0000,0.0000,0.0000,2,0,0,0,0,12,0,0,0,0
sc,zn1304,2012-06-29 09:30:01.000,14560.0000,716,0,0.0000,0.0000,0,0,空换,S,14565.0000,0.0000,0.0000,0.0000,0.0000,14665.0000,0.0000,0.0000,0.0000,0.0000,2,0,0,0,0,4,0,0,0,0
sc,zn1304,2012-06-29 09:30:01.500,14560.0000,716,0,0.0000,0.0000,0,0,空换,S,14565.0000,0.0000,0.0000,0.0000,0.0000,14665.0000,0.0000,0.0000,0.0000,0.0000,2,0,0,0,0,4,0,0,0,0
