市场代码,合约代码,时间,最新,持仓,增仓,成交额,成交量,开仓,平仓,成交类型,方向,买一价,买二价,买三价,买四价,买五价,卖一价,卖二价,卖三价,卖四价,卖五价,买一量,买二量,买三量,买四量,买五量,卖一量,卖二量,卖三量,卖四量,卖五量
sc,zn1305,2012-06-29 07:36:29.500,14580.0000,158,0,0.0000,0.0000,0,0,多换,B,0.0000,0.0000,0.0000,0.0000,0.0000,0.0000,0.0000,0.0000,0.0000,0.0000,0,0,0,0,0,0,0,0,0,0
sc,zn1305,2012-06-29 08:59:00.500,14580.0000,158,0,0.0000,0.0000,0,0,多换,B,14265.0000,0.0000,0.0000,0.0000,0.0000,14780.0000,0.0000,0.0000,0.0000,0.0000,1,0,0,0,0,1,0,0,0,0
sc,zn1305,2012-06-29 09:00:01.000,14580.0000,158,0,0.0000,0.0000,0,0,多换,B,14270.0000,0.0000,0.0000,0.0000,0.0000,14780.0000,0.0000,0.0000,0.0000,0.0000,1,0,0,0,0,1,0,0,0,0
sc,zn1305,2012-06-29 09:00:01.500,14580.0000,158,0,0.0000,0.0000,0,0,多换,B,14275.0000,0.0000,0.0000,0.0000,0.0000,14775.0000,0.0000,0.0000,0.0000,0.0000,8,0,0,0,0,3,0,0,0,0
sc,zn1305,2012-06-29 09:00:02.000,14580.0000,158,0,0.0000,0.0000,0,0,多换,B,14275.0000,0.0000,0.0000,0.0000,0.0000,14775.0000,0.0000,0.0000,0.0000,0.0000,8,0,0,0,0,3,0,0,0,0
sc,zn1305,2012-06-29 09:00:03.000,14580.0000,158,0,0.0000,0.0000,0,0,多换,B,14275.0000,0.0000,0.0000,0.0000,0.0000,14770.0000,0.0000,0.0000,0.0000,0.0000,8,0,0,0,0,10,0,0,0,0
sc,zn1305,2012-06-29 09:00:03.500,14580.0000,158,0,0.0000,0.0000,0,0,多换,B,14280.0000,0.0000,0.0000,0.0000,0.0000,14770.0000,0.0000,0.0000,0.0000,0.0000,1,0,0,0,0,10,0,0,0,0
sc,zn1305,2012-06-29 09:00:04.000,14580.0000,158,0,0.0000,0.0000,0,0,多换,B,14280.0000,0.0000,0.0000,0.0000,0.0000,14765.0000,0.0000,0.0000,0.0000,0.0000,11,0,0,0,0,3,0,0,0,0
sc,zn1305,2012-06-29 09:00:04.500,14580.0000,158,0,0.0000,0.0000,0,0,多换,B,14280.0000,0.0000,0.0000,0.0000,0.0000,14765.0000,0.0000,0.0000,0.0000,0.0000,11,0,0,0,0,3,0,0,0,0
sc,zn1305,2012-06-29 09:00:05.000,14580.0000,158,0,0.0000,0.0000,0,0,多换,B,14280.0000,0.0000,0.0000,0.0000,0.0000,14765.0000,0.0000,0.0000,0.0000,0.0000,11,0,0,0,0,3,0,0,0,0
sc,zn1305,2012-06-29 09:00:05.500,14580.0000,158,0,0.0000,0.0000,0,0,多换,B,14280.0000,0.0000,0.0000,0.0000,0.0000,14760.0000,0.0000,0.0000,0.0000,0.0000,11,0,0,0,0,1,0,0,0,0
sc,zn1305,2012-06-29 09:00:06.000,14580.0000,158,0,0.0000,0.0000,0,0,多换,B,14280.0000,0.0000,0.0000,0.0000,0.0000,14760.0000,0.0000,0.0000,0.0000,0.0000,12,0,0,0,0,1,0,0,0,0
sc,zn1305,2012-06-29 09:00:06.500,14580.0000,158,0,0.0000,0.0000,0,0,多换,B,14280.0000,0.0000,0.0000,0.0000,0.0000,14760.0000,0.0000,0.0000,0.0000,0.0000,12,0,0,0,0,1,0,0,0,0
sc,zn1305,2012-06-29 09:00:07.000,14580.0000,158,0,0.0000,0.0000,0,0,多换,B,14280.0000,0.0000,0.0000,0.0000,0.0000,14755.0000,0.0000,0.0000,0.0000,0.0000,12,0,0,0,0,10,0,0,0,0
sc,zn1305,2012-06-29 09:00:08.000,14580.0000,158,0,0.0000,0.0000,0,0,多换,B,14280.0000,0.0000,0.0000,0.0000,0.0000,14750.0000,0.0000,0.0000,0.0000,0.0000,14,0,0,0,0,8,0,0,0,0
sc,zn1305,2012-06-29 09:00:08.500,14580.0000,158,0,0.0000,0.0000,0,0,多换,B,14280.0000,0.0000,0.0000,0.0000,0.0000,14750.0000,0.0000,0.0000,0.0000,0.0000,14,0,0,0,0,8,0,0,0,0
sc,zn1305,2012-06-29 09:00:09.000,14580.0000,158,0,0.0000,0.0000,0,0,多换,B,14280.0000,0.0000,0.0000,0.0000,0.0000,14750.0000,0.0000,0.0000,0.0000,0.0000,14,0,0,0,0,8,0,0,0,0
sc,zn1305,2012-06-29 09:00:09.500,14580.0000,158,0,0.0000,0.0000,0,0,多换,B,14280.0000,0.0000,0.0000,0.0000,0.0000,14745.0000,0.0000,0.0000,0.0000,0.0000,14,0,0,0,0,1,0,0,0,0
sc,zn1305,2012-06-29 09:00:10.000,14580.0000,158,0,0.0000,0.0000,0,0,多换,B,14290.0000,0.0000,0.0000,0.0000,0.0000,14745.0000,0.0000,0.0000,0.0000,0.0000,8,0,0,0,0,1,0,0,0,0
sc,zn1305,2012-06-29 09:00:10.500,14580.0000,158,0,0.0000,0.0000,0,0,多换,B,14295.0000,0.0000,0.0000,0.0000,0.0000,14745.0000,0.0000,0.0000,0.0000,0.0000,1,0,0,0,0,1,0,0,0,0
sc,zn1305,2012-06-29 09:00:11.000,14580.0000,158,0,0.0000,0.0000,0,0,多换,B,14295.0000,0.0000,0.0000,0.0000,0.0000,14745.0000,0.0000,0.0000,0.0000,0.0000,1,0,0,0,0,1,0,0,0,0
sc,zn1305,2012-06-29 09:00:11.500,14580.0000,158,0,0.0000,0.0000,0,0,多换,B,14295.0000,0.0000,0.0000,0.0000,0.0000,14745.0000,0.0000,0.0000,0.0000,0.0000,1,0,0,0,0,1,0,0,0,0
sc,zn1305,2012-06-29 09:00:12.000,14580.0000,158,0,0.0000,0.0000,0,0,多换,B,14310.0000,0.0000,0.0000,0.0000,0.0000,14745.0000,0.0000,0.0000,0.0000,0.0000,10,0,0,0,0,1,0,0,0,0
sc,zn1305,2012-06-29 09:00:12.500,14580.0000,158,0,0.0000,0.0000,0,0,多换,B,14315.0000,0.0000,0.0000,0.0000,0.0000,14745.0000,0.0000,0.0000,0.0000,0.0000,1,0,0,0,0,1,0,0,0,0
sc,zn1305,2012-06-29 09:00:13.000,14580.0000,158,0,0.0000,0.0000,0,0,多换,B,14320.0000,0.0000,0.0000,0.0000,0.0000,14745.0000,0.0000,0.0000,0.0000,0.0000,8,0,0,0,0,1,0,0,0,0
sc,zn1305,2012-06-29 09:00:13.500,14580.0000,158,0,0.0000,0.0000,0,0,多换,B,14330.0000,0.0000,0.0000,0.0000,0.0000,14740.0000,0.0000,0.0000,0.0000,0.0000,10,0,0,0,0,8,0,0,0,0
sc,zn1305,2012-06-29 09:00:14.000,14580.0000,158,0,0.0000,0.0000,0,0,多换,B,14335.0000,0.0000,0.0000,0.0000,0.0000,14740.0000,0.0000,0.0000,0.0000,0.0000,2,0,0,0,0,8,0,0,0,0
sc,zn1305,2012-06-29 09:00:14.500,14580.0000,158,0,0.0000,0.0000,0,0,多换,B,14335.0000,0.0000,0.0000,0.0000,0.0000,14740.0000,0.0000,0.0000,0.0000,0.0000,2,0,0,0,0,8,0,0,0,0
sc,zn1305,2012-06-29 09:00:15.000,14580.0000,158,0,0.0000,0.0000,0,0,多换,B,14335.0000,0.0000,0.0000,0.0000,0.0000,14740.0000,0.0000,0.0000,0.0000,0.0000,2,0,0,0,0,8,0,0,0,0
sc,zn1305,2012-06-29 09:00:15.500,14580.0000,158,0,0.0000,0.0000,0,0,多换,B,14350.0000,0.0000,0.0000,0.0000,0.0000,14735.0000,0.0000,0.0000,0.0000,0.0000,10,0,0,0,0,1,0,0,0,0
sc,zn1305,2012-06-29 09:00:16.000,14580.0000,158,0,0.0000,0.0000,0,0,多换,B,14350.0000,0.0000,0.0000,0.0000,0.0000,14735.0000,0.0000,0.0000,0.0000,0.0000,10,0,0,0,0,1,0,0,0,0
sc,zn1305,2012-06-29 09:00:16.500,14580.0000,158,0,0.0000,0.0000,0,0,多换,B,14355.0000,0.0000,0.0000,0.0000,0.0000,14735.0000,0.0000,0.0000,0.0000,0.0000,8,0,0,0,0,1,0,0,0,0
sc,zn1305,2012-06-29 09:00:17.000,14580.0000,158,0,0.0000,0.0000,0,0,多换,B,14355.0000,0.0000,0.0000,0.0000,0.0000,14735.0000,0.0000,0.0000,0.0000,0.0000,9,0,0,0,0,1,0,0,0,0
sc,zn1305,2012-06-29 09:00:17.500,14580.0000,158,0,0.0000,0.0000,0,0,多换,B,14365.0000,0.0000,0.0000,0.0000,0.0000,14730.0000,0.0000,0.0000,0.0000,0.0000,10,0,0,0,0,8,0,0,0,0
sc,zn1305,2012-06-29 09:00:18.000,14580.0000,158,0,0.0000,0.0000,0,0,多换,B,14365.0000,0.0000,0.0000,0.0000,0.0000,14730.0000,0.0000,0.0000,0.0000,0.0000,10,0,0,0,0,8,0,0,0,0
sc,zn1305,2012-06-29 09:00:18.500,14580.0000,158,0,0.0000,0.0000,0,0,多换,B,14365.0000,0.0000,0.0000,0.0000,0.0000,14725.0000,0.0000,0.0000,0.0000,0.0000,10,0,0,0,0,1,0,0,0,0
sc,zn1305,2012-06-29 09:00:19.000,14580.0000,158,0,0.0000,0.0000,0,0,多换,B,14370.0000,0.0000,0.0000,0.0000,0.0000,14725.0000,0.0000,0.0000,0.0000,0.0000,1,0,0,0,0,1,0,0,0,0
sc,zn1305,2012-06-29 09:00:19.500,14580.0000,158,0,0.0000,0.0000,0,0,多换,B,14370.0000,0.0000,0.0000,0.0000,0.0000,14725.0000,0.0000,0.0000,0.0000,0.0000,1,0,0,0,0,1,0,0,0,0
sc,zn1305,2012-06-29 09:00:20.000,14580.0000,158,0,0.0000,0.0000,0,0,多换,B,14385.0000,0.0000,0.0000,0.0000,0.0000,14725.0000,0.0000,0.0000,0.0000,0.0000,10,0,0,0,0,1,0,0,0,0
sc,zn1305,2012-06-29 09:00:20.500,14580.0000,158,0,0.0000,0.0000,0,0,多换,B,14385.0000,0.0000,0.0000,0.0000,0.0000,14720.0000,0.0000,0.0000,0.0000,0.0000,10,0,0,0,0,5,0,0,0,0
sc,zn1305,2012-06-29 09:00:21.000,14580.0000,158,0,0.0000,0.0000,0,0,多换,B,14390.0000,0.0000,0.0000,0.0000,0.0000,14715.0000,0.0000,0.0000,0.0000,0.0000,4,0,0,0,0,1,0,0,0,0
sc,zn1305,2012-06-29 09:00:22.000,14580.0000,158,0,0.0000,0.0000,0,0,多换,B,14390.0000,0.0000,0.0000,0.0000,0.0000,14715.0000,0.0000,0.0000,0.0000,0.0000,4,0,0,0,0,1,0,0,0,0
sc,zn1305,2012-06-29 09:00:22.500,14580.0000,158,0,0.0000,0.0000,0,0,多换,B,14395.0000,0.0000,0.0000,0.0000,0.0000,14710.0000,0.0000,0.0000,0.0000,0.0000,10,0,0,0,0,5,0,0,0,0
sc,zn1305,2012-06-29 09:00:23.000,14580.0000,158,0,0.0000,0.0000,0,0,多换,B,14400.0000,0.0000,0.0000,0.0000,0.0000,14710.0000,0.0000,0.0000,0.0000,0.0000,1,0,0,0,0,5,0,0,0,0
sc,zn1305,2012-06-29 09:00:23.500,14580.0000,158,0,0.0000,0.0000,0,0,多换,B,14400.0000,0.0000,0.0000,0.0000,0.0000,14705.0000,0.0000,0.0000,0.0000,0.0000,1,0,0,0,0,1,0,0,0,0
sc,zn1305,2012-06-29 09:00:24.000,14580.0000,158,0,0.0000,0.0000,0,0,多换,B,14400.0000,0.0000,0.0000,0.0000,0.0000,14705.0000,0.0000,0.0000,0.0000,0.0000,11,0,0,0,0,1,0,0,0,0
sc,zn1305,2012-06-29 09:00:24.500,14580.0000,158,0,0.0000,0.0000,0,0,多换,B,14400.0000,0.0000,0.0000,0.0000,0.0000,14700.0000,0.0000,0.0000,0.0000,0.0000,1,0,0,0,0,5,0,0,0,0
sc,zn1305,2012-06-29 09:00:25.000,14580.0000,158,0,0.0000,0.0000,0,0,多换,B,14400.0000,0.0000,0.0000,0.0000,0.0000,14695.0000,0.0000,0.0000,0.0000,0.0000,11,0,0,0,0,1,0,0,0,0
sc,zn1305,2012-06-29 09:00:26.000,14580.0000,158,0,0.0000,0.0000,0,0,多换,B,14400.0000,0.0000,0.0000,0.0000,0.0000,14695.0000,0.0000,0.0000,0.0000,0.0000,11,0,0,0,0,1,0,0,0,0
sc,zn1305,2012-06-29 09:00:27.000,14580.0000,158,0,0.0000,0.0000,0,0,多换,B,14400.0000,0.0000,0.0000,0.0000,0.0000,14695.0000,0.0000,0.0000,0.0000,0.0000,11,0,0,0,0,1,0,0,0,0
sc,zn1305,2012-06-29 09:00:28.000,14580.0000,158,0,0.0000,0.0000,0,0,多换,B,14400.0000,0.0000,0.0000,0.0000,0.0000,14695.0000,0.0000,0.0000,0.0000,0.0000,11,0,0,0,0,1,0,0,0,0
sc,zn1305,2012-06-29 09:00:29.500,14580.0000,158,0,0.0000,0.0000,0,0,多换,B,14400.0000,0.0000,0.0000,0.0000,0.0000,14695.0000,0.0000,0.0000,0.0000,0.0000,11,0,0,0,0,1,0,0,0,0
sc,zn1305,2012-06-29 09:00:34.500,14580.0000,158,0,0.0000,0.0000,0,0,多换,B,14400.0000,0.0000,0.0000,0.0000,0.0000,14695.0000,0.0000,0.0000,0.0000,0.0000,1,0,0,0,0,1,0,0,0,0
sc,zn1305,2012-06-29 09:00:35.500,14580.0000,158,0,0.0000,0.0000,0,0,多换,B,14400.0000,0.0000,0.0000,0.0000,0.0000,14695.0000,0.0000,0.0000,0.0000,0.0000,1,0,0,0,0,1,0,0,0,0
sc,zn1305,2012-06-29 09:00:36.500,14580.0000,158,0,0.0000,0.0000,0,0,多换,B,14400.0000,0.0000,0.0000,0.0000,0.0000,14695.0000,0.0000,0.0000,0.0000,0.0000,1,0,0,0,0,1,0,0,0,0
sc,zn1305,2012-06-29 09:00:41.000,14580.0000,158,0,0.0000,0.0000,0,0,多换,B,14400.0000,0.0000,0.0000,0.0000,0.0000,14695.0000,0.0000,0.0000,0.0000,0.0000,1,0,0,0,0,6,0,0,0,0
sc,zn1305,2012-06-29 09:00:45.000,14580.0000,158,0,0.0000,0.0000,0,0,多换,B,14400.0000,0.0000,0.0000,0.0000,0.0000,14695.0000,0.0000,0.0000,0.0000,0.0000,1,0,0,0,0,1,0,0,0,0
sc,zn1305,2012-06-29 09:00:47.000,14580.0000,158,0,0.0000,0.0000,0,0,多换,B,14400.0000,0.0000,0.0000,0.0000,0.0000,14695.0000,0.0000,0.0000,0.0000,0.0000,1,0,0,0,0,1,0,0,0,0
sc,zn1305,2012-06-29 09:00:48.500,14580.0000,158,0,0.0000,0.0000,0,0,多换,B,14400.0000,0.0000,0.0000,0.0000,0.0000,14695.0000,0.0000,0.0000,0.0000,0.0000,1,0,0,0,0,6,0,0,0,0
sc,zn1305,2012-06-29 09:00:49.000,14580.0000,158,0,0.0000,0.0000,0,0,多换,B,14400.0000,0.0000,0.0000,0.0000,0.0000,14695.0000,0.0000,0.0000,0.0000,0.0000,1,0,0,0,0,1,0,0,0,0
sc,zn1305,2012-06-29 09:00:51.500,14580.0000,158,0,0.0000,0.0000,0,0,多换,B,14405.0000,0.0000,0.0000,0.0000,0.0000,14695.0000,0.0000,0.0000,0.0000,0.0000,2,0,0,0,0,1,0,0,0,0
sc,zn1305,2012-06-29 09:00:52.000,14580.0000,158,0,0.0000,0.0000,0,0,多换,B,14410.0000,0.0000,0.0000,0.0000,0.0000,14695.0000,0.0000,0.0000,0.0000,0.0000,1,0,0,0,0,6,0,0,0,0
sc,zn1305,2012-06-29 09:00:53.000,14580.0000,158,0,0.0000,0.0000,0,0,多换,B,14410.0000,0.0000,0.0000,0.0000,0.0000,14695.0000,0.0000,0.0000,0.0000,0.0000,1,0,0,0,0,1,0,0,0,0
sc,zn1305,2012-06-29 09:00:53.500,14580.0000,158,0,0.0000,0.0000,0,0,多换,B,14410.0000,0.0000,0.0000,0.0000,0.0000,14695.0000,0.0000,0.0000,0.0000,0.0000,1,0,0,0,0,6,0,0,0,0
sc,zn1305,2012-06-29 09:00:54.000,14580.0000,158,0,0.0000,0.0000,0,0,多换,B,14410.0000,0.0000,0.0000,0.0000,0.0000,14695.0000,0.0000,0.0000,0.0000,0.0000,1,0,0,0,0,1,0,0,0,0
sc,zn1305,2012-06-29 09:00:55.000,14580.0000,158,0,0.0000,0.0000,0,0,多换,B,14410.0000,0.0000,0.0000,0.0000,0.0000,14695.0000,0.0000,0.0000,0.0000,0.0000,1,0,0,0,0,6,0,0,0,0
sc,zn1305,2012-06-29 09:00:55.500,14580.0000,158,0,0.0000,0.0000,0,0,多换,B,14410.0000,0.0000,0.0000,0.0000,0.0000,14695.0000,0.0000,0.0000,0.0000,0.0000,1,0,0,0,0,5,0,0,0,0
sc,zn1305,2012-06-29 09:00:56.000,14580.0000,158,0,0.0000,0.0000,0,0,多换,B,14410.0000,0.0000,0.0000,0.0000,0.0000,14690.0000,0.0000,0.0000,0.0000,0.0000,1,0,0,0,0,1,0,0,0,0
sc,zn1305,2012-06-29 09:00:56.500,14580.0000,158,0,0.0000,0.0000,0,0,多换,B,14410.0000,0.0000,0.0000,0.0000,0.0000,14690.0000,0.0000,0.0000,0.0000,0.0000,1,0,0,0,0,1,0,0,0,0
sc,zn1305,2012-06-29 09:01:17.500,14580.0000,158,0,0.0000,0.0000,0,0,多换,B,14410.0000,0.0000,0.0000,0.0000,0.0000,14690.0000,0.0000,0.0000,0.0000,0.0000,1,0,0,0,0,1,0,0,0,0
sc,zn1305,2012-06-29 09:01:22.500,14580.0000,158,0,0.0000,0.0000,0,0,多换,B,14390.0000,0.0000,0.0000,0.0000,0.0000,14690.0000,0.0000,0.0000,0.0000,0.0000,3,0,0,0,0,1,0,0,0,0
sc,zn1305,2012-06-29 09:01:23.000,14580.0000,158,0,0.0000,0.0000,0,0,多换,B,14415.0000,0.0000,0.0000,0.0000,0.0000,14690.0000,0.0000,0.0000,0.0000,0.0000,1,0,0,0,0,1,0,0,0,0
sc,zn1305,2012-06-29 09:01:25.000,14580.0000,158,0,0.0000,0.0000,0,0,多换,B,14415.0000,0.0000,0.0000,0.0000,0.0000,14690.0000,0.0000,0.0000,0.0000,0.0000,3,0,0,0,0,1,0,0,0,0
sc,zn1305,2012-06-29 09:01:26.500,14580.0000,158,0,0.0000,0.0000,0,0,多换,B,14415.0000,0.0000,0.0000,0.0000,0.0000,14765.0000,0.0000,0.0000,0.0000,0.0000,3,0,0,0,0,3,0,0,0,0
sc,zn1305,2012-06-29 09:01:27.000,14580.0000,158,0,0.0000,0.0000,0,0,多换,B,14415.0000,0.0000,0.0000,0.0000,0.0000,14685.0000,0.0000,0.0000,0.0000,0.0000,3,0,0,0,0,1,0,0,0,0
sc,zn1305,2012-06-29 09:01:42.000,14580.0000,158,0,0.0000,0.0000,0,0,多换,B,14415.0000,0.0000,0.0000,0.0000,0.0000,14685.0000,0.0000,0.0000,0.0000,0.0000,3,0,0,0,0,1,0,0,0,0
sc,zn1305,2012-06-29 09:01:53.500,14580.0000,158,0,0.0000,0.0000,0,0,多换,B,14415.0000,0.0000,0.0000,0.0000,0.0000,14685.0000,0.0000,0.0000,0.0000,0.0000,2,0,0,0,0,1,0,0,0,0
sc,zn1305,2012-06-29 09:01:54.000,14580.0000,158,0,0.0000,0.0000,0,0,多换,B,14420.0000,0.0000,0.0000,0.0000,0.0000,14685.0000,0.0000,0.0000,0.0000,0.0000,1,0,0,0,0,1,0,0,0,0
sc,zn1305,2012-06-29 09:01:57.500,14580.0000,158,0,0.0000,0.0000,0,0,多换,B,14420.0000,0.0000,0.0000,0.0000,0.0000,14760.0000,0.0000,0.0000,0.0000,0.0000,1,0,0,0,0,18,0,0,0,0
sc,zn1305,2012-06-29 09:01:58.000,14580.0000,158,0,0.0000,0.0000,0,0,多换,B,14420.0000,0.0000,0.0000,0.0000,0.0000,14680.0000,0.0000,0.0000,0.0000,0.0000,1,0,0,0,0,1,0,0,0,0
sc,zn1305,2012-06-29 09:02:13.500,14580.0000,158,0,0.0000,0.0000,0,0,多换,B,14420.0000,0.0000,0.0000,0.0000,0.0000,14680.0000,0.0000,0.0000,0.0000,0.0000,1,0,0,0,0,1,0,0,0,0
sc,zn1305,2012-06-29 09:02:19.500,14580.0000,158,0,0.0000,0.0000,0,0,多换,B,14425.0000,0.0000,0.0000,0.0000,0.0000,14680.0000,0.0000,0.0000,0.0000,0.0000,2,0,0,0,0,1,0,0,0,0
sc,zn1305,2012-06-29 09:02:20.000,14580.0000,158,0,0.0000,0.0000,0,0,多换,B,14430.0000,0.0000,0.0000,0.0000,0.0000,14680.0000,0.0000,0.0000,0.0000,0.0000,1,0,0,0,0,1,0,0,0,0
sc,zn1305,2012-06-29 09:02:23.500,14580.0000,158,0,0.0000,0.0000,0,0,多换,B,14430.0000,0.0000,0.0000,0.0000,0.0000,14680.0000,0.0000,0.0000,0.0000,0.0000,1,0,0,0,0,1,0,0,0,0
sc,zn1305,2012-06-29 09:02:25.500,14580.0000,158,0,0.0000,0.0000,0,0,多换,B,14430.0000,0.0000,0.0000,0.0000,0.0000,14680.0000,0.0000,0.0000,0.0000,0.0000,1,0,0,0,0,1,0,0,0,0
sc,zn1305,2012-06-29 09:02:28.500,14580.0000,158,0,0.0000,0.0000,0,0,多换,B,14430.0000,0.0000,0.0000,0.0000,0.0000,14760.0000,0.0000,0.0000,0.0000,0.0000,1,0,0,0,0,18,0,0,0,0
sc,zn1305,2012-06-29 09:02:29.000,14580.0000,158,0,0.0000,0.0000,0,0,多换,B,14430.0000,0.0000,0.0000,0.0000,0.0000,14675.0000,0.0000,0.0000,0.0000,0.0000,1,0,0,0,0,1,0,0,0,0
sc,zn1305,2012-06-29 09:02:37.000,14580.0000,158,0,0.0000,0.0000,0,0,多换,B,14430.0000,0.0000,0.0000,0.0000,0.0000,14675.0000,0.0000,0.0000,0.0000,0.0000,1,0,0,0,0,1,0,0,0,0
sc,zn1305,2012-06-29 09:02:41.500,14580.0000,158,0,0.0000,0.0000,0,0,多换,B,14430.0000,0.0000,0.0000,0.0000,0.0000,14675.0000,0.0000,0.0000,0.0000,0.0000,1,0,0,0,0,1,0,0,0,0
sc,zn1305,2012-06-29 09:02:43.000,14580.0000,158,0,0.0000,0.0000,0,0,多换,B,14435.0000,0.0000,0.0000,0.0000,0.0000,14675.0000,0.0000,0.0000,0.0000,0.0000,2,0,0,0,0,1,0,0,0,0
sc,zn1305,2012-06-29 09:02:43.500,14580.0000,158,0,0.0000,0.0000,0,0,多换,B,14440.0000,0.0000,0.0000,0.0000,0.0000,14675.0000,0.0000,0.0000,0.0000,0.0000,1,0,0,0,0,1,0,0,0,0
sc,zn1305,2012-06-29 09:02:59.500,14580.0000,158,0,0.0000,0.0000,0,0,多换,B,14440.0000,0.0000,0.0000,0.0000,0.0000,14760.0000,0.0000,0.0000,0.0000,0.0000,1,0,0,0,0,10,0,0,0,0
sc,zn1305,2012-06-29 09:03:00.000,14580.0000,158,0,0.0000,0.0000,0,0,多换,B,14440.0000,0.0000,0.0000,0.0000,0.0000,14670.0000,0.0000,0.0000,0.0000,0.0000,1,0,0,0,0,1,0,0,0,0
sc,zn1305,2012-06-29 09:03:14.000,14580.0000,158,0,0.0000,0.0000,0,0,多换,B,14435.0000,0.0000,0.0000,0.0000,0.0000,14670.0000,0.0000,0.0000,0.0000,0.0000,2,0,0,0,0,1,0,0,0,0
sc,zn1305,2012-06-29 09:03:14.500,14580.0000,158,0,0.0000,0.0000,0,0,多换,B,14445.0000,0.0000,0.0000,0.0000,0.0000,14670.0000,0.0000,0.0000,0.0000,0.0000,1,0,0,0,0,1,0,0,0,0
sc,zn1305,2012-06-29 09:03:15.000,14580.0000,158,0,0.0000,0.0000,0,0,多换,B,14445.0000,0.0000,0.0000,0.0000,0.0000,14670.0000,0.0000,0.0000,0.0000,0.0000,1,0,0,0,0,6,0,0,0,0
sc,zn1305,2012-06-29 09:03:18.500,14580.0000,158,0,0.0000,0.0000,0,0,多换,B,14445.0000,0.0000,0.0000,0.0000,0.0000,14670.0000,0.0000,0.0000,0.0000,0.0000,1,0,0,0,0,6,0,0,0,0
sc,zn1305,2012-06-29 09:03:22.000,14580.0000,158,0,0.0000,0.0000,0,0,多换,B,14445.0000,0.0000,0.0000,0.0000,0.0000,14670.0000,0.0000,0.0000,0.0000,0.0000,1,0,0,0,0,6,0,0,0,0
sc,zn1305,2012-06-29 09:03:23.000,14580.0000,158,0,0.0000,0.0000,0,0,多换,B,14450.0000,0.0000,0.0000,0.0000,0.0000,14670.0000,0.0000,0.0000,0.0000,0.0000,2,0,0,0,0,1,0,0,0,0
sc,zn1305,2012-06-29 09:03:23.500,14580.0000,158,0,0.0000,0.0000,0,0,多换,B,14455.0000,0.0000,0.0000,0.0000,0.0000,14670.0000,0.0000,0.0000,0.0000,0.0000,1,0,0,0,0,6,0,0,0,0
sc,zn1305,2012-06-29 09:03:30.000,14580.0000,158,0,0.0000,0.0000,0,0,多换,B,14455.0000,0.0000,0.0000,0.0000,0.0000,14670.0000,0.0000,0.0000,0.0000,0.0000,1,0,0,0,0,5,0,0,0,0
sc,zn1305,2012-06-29 09:03:30.500,14580.0000,158,0,0.0000,0.0000,0,0,多换,B,14455.0000,0.0000,0.0000,0.0000,0.0000,14665.0000,0.0000,0.0000,0.0000,0.0000,1,0,0,0,0,1,0,0,0,0
sc,zn1305,2012-06-29 09:03:32.000,14580.0000,158,0,0.0000,0.0000,0,0,多换,B,14455.0000,0.0000,0.0000,0.0000,0.0000,14665.0000,0.0000,0.0000,0.0000,0.0000,1,0,0,0,0,1,0,0,0,0
sc,zn1305,2012-06-29 09:03:54.500,14580.0000,158,0,0.0000,0.0000,0,0,多换,B,14390.0000,0.0000,0.0000,0.0000,0.0000,14665.0000,0.0000,0.0000,0.0000,0.0000,3,0,0,0,0,1,0,0,0,0
sc,zn1305,2012-06-29 09:03:55.000,14580.0000,158,0,0.0000,0.0000,0,0,多换,B,14460.0000,0.0000,0.0000,0.0000,0.0000,14665.0000,0.0000,0.0000,0.0000,0.0000,1,0,0,0,0,1,0,0,0,0
sc,zn1305,2012-06-29 09:03:55.500,14580.0000,158,0,0.0000,0.0000,0,0,多换,B,14460.0000,0.0000,0.0000,0.0000,0.0000,14665.0000,0.0000,0.0000,0.0000,0.0000,1,0,0,0,0,6,0,0,0,0
sc,zn1305,2012-06-29 09:03:57.500,14580.0000,158,0,0.0000,0.0000,0,0,多换,B,14460.0000,0.0000,0.0000,0.0000,0.0000,14665.0000,0.0000,0.0000,0.0000,0.0000,1,0,0,0,0,6,0,0,0,0
sc,zn1305,2012-06-29 09:03:58.000,14580.0000,158,0,0.0000,0.0000,0,0,多换,B,14460.0000,0.0000,0.0000,0.0000,0.0000,14665.0000,0.0000,0.0000,0.0000,0.0000,1,0,0,0,0,6,0,0,0,0
sc,zn1305,2012-06-29 09:03:58.500,14580.0000,158,0,0.0000,0.0000,0,0,多换,B,14460.0000,0.0000,0.0000,0.0000,0.0000,14665.0000,0.0000,0.0000,0.0000,0.0000,1,0,0,0,0,6,0,0,0,0
sc,zn1305,2012-06-29 09:03:59.500,14580.0000,158,0,0.0000,0.0000,0,0,多换,B,14460.0000,0.0000,0.0000,0.0000,0.0000,14665.0000,0.0000,0.0000,0.0000,0.0000,1,0,0,0,0,6,0,0,0,0
sc,zn1305,2012-06-29 09:04:01.000,14580.0000,158,0,0.0000,0.0000,0,0,多换,B,14460.0000,0.0000,0.0000,0.0000,0.0000,14665.0000,0.0000,0.0000,0.0000,0.0000,1,0,0,0,0,5,0,0,0,0
sc,zn1305,2012-06-29 09:04:01.500,14580.0000,158,0,0.0000,0.0000,0,0,多换,B,14460.0000,0.0000,0.0000,0.0000,0.0000,14660.0000,0.0000,0.0000,0.0000,0.0000,1,0,0,0,0,1,0,0,0,0
sc,zn1305,2012-06-29 09:04:02.000,14580.0000,158,0,0.0000,0.0000,0,0,多换,B,14460.0000,0.0000,0.0000,0.0000,0.0000,14660.0000,0.0000,0.0000,0.0000,0.0000,1,0,0,0,0,6,0,0,0,0
sc,zn1305,2012-06-29 09:04:04.000,14580.0000,158,0,0.0000,0.0000,0,0,多换,B,14460.0000,0.0000,0.0000,0.0000,0.0000,14660.0000,0.0000,0.0000,0.0000,0.0000,1,0,0,0,0,1,0,0,0,0
sc,zn1305,2012-06-29 09:04:25.000,14580.0000,158,0,0.0000,0.0000,0,0,多换,B,14390.0000,0.0000,0.0000,0.0000,0.0000,14660.0000,0.0000,0.0000,0.0000,0.0000,3,0,0,0,0,1,0,0,0,0
sc,zn1305,2012-06-29 09:04:25.500,14580.0000,158,0,0.0000,0.0000,0,0,多换,B,14465.0000,0.0000,0.0000,0.0000,0.0000,14660.0000,0.0000,0.0000,0.0000,0.0000,1,0,0,0,0,1,0,0,0,0
sc,zn1305,2012-06-29 09:04:26.000,14580.0000,158,0,0.0000,0.0000,0,0,多换,B,14465.0000,0.0000,0.0000,0.0000,0.0000,14660.0000,0.0000,0.0000,0.0000,0.0000,1,0,0,0,0,6,0,0,0,0
sc,zn1305,2012-06-29 09:04:31.000,14580.0000,158,0,0.0000,0.0000,0,0,多换,B,14465.0000,0.0000,0.0000,0.0000,0.0000,14660.0000,0.0000,0.0000,0.0000,0.0000,1,0,0,0,0,6,0,0,0,0
sc,zn1305,2012-06-29 09:04:31.500,14580.0000,158,0,0.0000,0.0000,0,0,多换,B,14465.0000,0.0000,0.0000,0.0000,0.0000,14660.0000,0.0000,0.0000,0.0000,0.0000,1,0,0,0,0,5,0,0,0,0
sc,zn1305,2012-06-29 09:04:39.500,14580.0000,158,0,0.0000,0.0000,0,0,多换,B,14465.0000,0.0000,0.0000,0.0000,0.0000,14760.0000,0.0000,0.0000,0.0000,0.0000,1,0,0,0,0,10,0,0,0,0
sc,zn1305,2012-06-29 09:04:40.000,14580.0000,158,0,0.0000,0.0000,0,0,多换,B,14465.0000,0.0000,0.0000,0.0000,0.0000,14750.0000,0.0000,0.0000,0.0000,0.0000,1,0,0,0,0,8,0,0,0,0
sc,zn1305,2012-06-29 09:04:40.500,14580.0000,158,0,0.0000,0.0000,0,0,多换,B,14465.0000,0.0000,0.0000,0.0000,0.0000,14745.0000,0.0000,0.0000,0.0000,0.0000,1,0,0,0,0,11,0,0,0,0
sc,zn1305,2012-06-29 09:04:41.000,14580.0000,158,0,0.0000,0.0000,0,0,多换,B,14465.0000,0.0000,0.0000,0.0000,0.0000,14735.0000,0.0000,0.0000,0.0000,0.0000,1,0,0,0,0,8,0,0,0,0
sc,zn1305,2012-06-29 09:04:41.500,14580.0000,158,0,0.0000,0.0000,0,0,多换,B,14465.0000,0.0000,0.0000,0.0000,0.0000,14730.0000,0.0000,0.0000,0.0000,0.0000,1,0,0,0,0,1,0,0,0,0
sc,zn1305,2012-06-29 09:04:42.000,14580.0000,158,0,0.0000,0.0000,0,0,多换,B,14465.0000,0.0000,0.0000,0.0000,0.0000,14720.0000,0.0000,0.0000,0.0000,0.0000,1,0,0,0,0,8,0,0,0,0
sc,zn1305,2012-06-29 09:04:42.500,14580.0000,158,0,0.0000,0.0000,0,0,多换,B,14465.0000,0.0000,0.0000,0.0000,0.0000,14715.0000,0.0000,0.0000,0.0000,0.0000,1,0,0,0,0,1,0,0,0,0
sc,zn1305,2012-06-29 09:04:43.000,14580.0000,158,0,0.0000,0.0000,0,0,多换,B,14465.0000,0.0000,0.0000,0.0000,0.0000,14710.0000,0.0000,0.0000,0.0000,0.0000,1,0,0,0,0,5,0,0,0,0
sc,zn1305,2012-06-29 09:04:43.500,14580.0000,158,0,0.0000,0.0000,0,0,多换,B,14465.0000,0.0000,0.0000,0.0000,0.0000,14705.0000,0.0000,0.0000,0.0000,0.0000,1,0,0,0,0,1,0,0,0,0
sc,zn1305,2012-06-29 09:04:44.000,14580.0000,158,0,0.0000,0.0000,0,0,多换,B,14465.0000,0.0000,0.0000,0.0000,0.0000,14700.0000,0.0000,0.0000,0.0000,0.0000,1,0,0,0,0,5,0,0,0,0
sc,zn1305,2012-06-29 09:04:44.500,14580.0000,158,0,0.0000,0.0000,0,0,多换,B,14465.0000,0.0000,0.0000,0.0000,0.0000,14695.0000,0.0000,0.0000,0.0000,0.0000,1,0,0,0,0,1,0,0,0,0
sc,zn1305,2012-06-29 09:04:45.000,14580.0000,158,0,0.0000,0.0000,0,0,多换,B,14465.0000,0.0000,0.0000,0.0000,0.0000,14690.0000,0.0000,0.0000,0.0000,0.0000,1,0,0,0,0,5,0,0,0,0
sc,zn1305,2012-06-29 09:04:45.500,14580.0000,158,0,0.0000,0.0000,0,0,多换,B,14465.0000,0.0000,0.0000,0.0000,0.0000,14685.0000,0.0000,0.0000,0.0000,0.0000,1,0,0,0,0,1,0,0,0,0
sc,zn1305,2012-06-29 09:04:46.000,14580.0000,158,0,0.0000,0.0000,0,0,多换,B,14465.0000,0.0000,0.0000,0.0000,0.0000,14680.0000,0.0000,0.0000,0.0000,0.0000,1,0,0,0,0,5,0,0,0,0
sc,zn1305,2012-06-29 09:04:47.000,14580.0000,158,0,0.0000,0.0000,0,0,多换,B,14465.0000,0.0000,0.0000,0.0000,0.0000,14675.0000,0.0000,0.0000,0.0000,0.0000,1,0,0,0,0,1,0,0,0,0
sc,zn1305,2012-06-29 09:04:47.500,14580.0000,158,0,0.0000,0.0000,0,0,多换,B,14465.0000,0.0000,0.0000,0.0000,0.0000,14670.0000,0.0000,0.0000,0.0000,0.0000,1,0,0,0,0,5,0,0,0,0
sc,zn1305,2012-06-29 09:04:48.000,14580.0000,158,0,0.0000,0.0000,0,0,多换,B,14465.0000,0.0000,0.0000,0.0000,0.0000,14670.0000,0.0000,0.0000,0.0000,0.0000,1,0,0,0,0,5,0,0,0,0
sc,zn1305,2012-06-29 09:04:49.000,14580.0000,158,0,0.0000,0.0000,0,0,多换,B,14465.0000,0.0000,0.0000,0.0000,0.0000,14670.0000,0.0000,0.0000,0.0000,0.0000,1,0,0,0,0,5,0,0,0,0
sc,zn1305,2012-06-29 09:04:51.500,14580.0000,158,0,0.0000,0.0000,0,0,多换,B,14465.0000,0.0000,0.0000,0.0000,0.0000,14765.0000,0.0000,0.0000,0.0000,0.0000,6,0,0,0,0,3,0,0,0,0
sc,zn1305,2012-06-29 09:04:52.000,14580.0000,158,0,0.0000,0.0000,0,0,多换,B,14465.0000,0.0000,0.0000,0.0000,0.0000,14755.0000,0.0000,0.0000,0.0000,0.0000,6,0,0,0,0,8,0,0,0,0
sc,zn1305,2012-06-29 09:04:52.500,14580.0000,158,0,0.0000,0.0000,0,0,多换,B,14465.0000,0.0000,0.0000,0.0000,0.0000,14750.0000,0.0000,0.0000,0.0000,0.0000,6,0,0,0,0,11,0,0,0,0
sc,zn1305,2012-06-29 09:04:53.000,14580.0000,158,0,0.0000,0.0000,0,0,多换,B,14465.0000,0.0000,0.0000,0.0000,0.0000,14740.0000,0.0000,0.0000,0.0000,0.0000,6,0,0,0,0,8,0,0,0,0
sc,zn1305,2012-06-29 09:04:53.500,14580.0000,158,0,0.0000,0.0000,0,0,多换,B,14470.0000,0.0000,0.0000,0.0000,0.0000,14735.0000,0.0000,0.0000,0.0000,0.0000,2,0,0,0,0,1,0,0,0,0
sc,zn1305,2012-06-29 09:04:54.000,14580.0000,158,0,0.0000,0.0000,0,0,多换,B,14475.0000,0.0000,0.0000,0.0000,0.0000,14730.0000,0.0000,0.0000,0.0000,0.0000,1,0,0,0,0,8,0,0,0,0
sc,zn1305,2012-06-29 09:04:54.500,14580.0000,158,0,0.0000,0.0000,0,0,多换,B,14475.0000,0.0000,0.0000,0.0000,0.0000,14725.0000,0.0000,0.0000,0.0000,0.0000,6,0,0,0,0,1,0,0,0,0
sc,zn1305,2012-06-29 09:04:55.000,14580.0000,158,0,0.0000,0.0000,0,0,多换,B,14475.0000,0.0000,0.0000,0.0000,0.0000,14720.0000,0.0000,0.0000,0.0000,0.0000,6,0,0,0,0,5,0,0,0,0
sc,zn1305,2012-06-29 09:04:55.500,14580.0000,158,0,0.0000,0.0000,0,0,多换,B,14475.0000,0.0000,0.0000,0.0000,0.0000,14715.0000,0.0000,0.0000,0.0000,0.0000,1,0,0,0,0,1,0,0,0,0
sc,zn1305,2012-06-29 09:04:56.000,14580.0000,158,0,0.0000,0.0000,0,0,多换,B,14475.0000,0.0000,0.0000,0.0000,0.0000,14710.0000,0.0000,0.0000,0.0000,0.0000,6,0,0,0,0,5,0,0,0,0
sc,zn1305,2012-06-29 09:04:56.500,14580.0000,158,0,0.0000,0.0000,0,0,多换,B,14475.0000,0.0000,0.0000,0.0000,0.0000,14705.0000,0.0000,0.0000,0.0000,0.0000,1,0,0,0,0,1,0,0,0,0
sc,zn1305,2012-06-29 09:04:57.000,14580.0000,158,0,0.0000,0.0000,0,0,多换,B,14475.0000,0.0000,0.0000,0.0000,0.0000,14700.0000,0.0000,0.0000,0.0000,0.0000,1,0,0,0,0,5,0,0,0,0
sc,zn1305,2012-06-29 09:04:57.500,14580.0000,158,0,0.0000,0.0000,0,0,多换,B,14475.0000,0.0000,0.0000,0.0000,0.0000,14695.0000,0.0000,0.0000,0.0000,0.0000,1,0,0,0,0,1,0,0,0,0
sc,zn1305,2012-06-29 09:04:58.000,14580.0000,158,0,0.0000,0.0000,0,0,多换,B,14475.0000,0.0000,0.0000,0.0000,0.0000,14690.0000,0.0000,0.0000,0.0000,0.0000,1,0,0,0,0,5,0,0,0,0
sc,zn1305,2012-06-29 09:04:58.500,14580.0000,158,0,0.0000,0.0000,0,0,多换,B,14475.0000,0.0000,0.0000,0.0000,0.0000,14685.0000,0.0000,0.0000,0.0000,0.0000,1,0,0,0,0,1,0,0,0,0
sc,zn1305,2012-06-29 09:04:59.000,14580.0000,158,0,0.0000,0.0000,0,0,多换,B,14475.0000,0.0000,0.0000,0.0000,0.0000,14680.0000,0.0000,0.0000,0.0000,0.0000,1,0,0,0,0,5,0,0,0,0
sc,zn1305,2012-06-29 09:04:59.500,14580.0000,158,0,0.0000,0.0000,0,0,多换,B,14475.0000,0.0000,0.0000,0.0000,0.0000,14680.0000,0.0000,0.0000,0.0000,0.0000,1,0,0,0,0,5,0,0,0,0
sc,zn1305,2012-06-29 09:05:00.500,14580.0000,158,0,0.0000,0.0000,0,0,多换,B,14475.0000,0.0000,0.0000,0.0000,0.0000,14675.0000,0.0000,0.0000,0.0000,0.0000,1,0,0,0,0,1,0,0,0,0
sc,zn1305,2012-06-29 09:05:01.000,14580.0000,158,0,0.0000,0.0000,0,0,多换,B,14475.0000,0.0000,0.0000,0.0000,0.0000,14675.0000,0.0000,0.0000,0.0000,0.0000,1,0,0,0,0,6,0,0,0,0
sc,zn1305,2012-06-29 09:05:01.500,14580.0000,158,0,0.0000,0.0000,0,0,多换,B,14475.0000,0.0000,0.0000,0.0000,0.0000,14765.0000,0.0000,0.0000,0.0000,0.0000,1,0,0,0,0,3,0,0,0,0
sc,zn1305,2012-06-29 09:05:02.000,14580.0000,158,0,0.0000,0.0000,0,0,多换,B,14475.0000,0.0000,0.0000,0.0000,0.0000,14755.0000,0.0000,0.0000,0.0000,0.0000,1,0,0,0,0,8,0,0,0,0
sc,zn1305,2012-06-29 09:05:02.500,14580.0000,158,0,0.0000,0.0000,0,0,多换,B,14475.0000,0.0000,0.0000,0.0000,0.0000,14755.0000,0.0000,0.0000,0.0000,0.0000,1,0,0,0,0,18,0,0,0,0
sc,zn1305,2012-06-29 09:05:03.000,14580.0000,158,0,0.0000,0.0000,0,0,多换,B,14475.0000,0.0000,0.0000,0.0000,0.0000,14750.0000,0.0000,0.0000,0.0000,0.0000,1,0,0,0,0,1,0,0,0,0
sc,zn1305,2012-06-29 09:05:03.500,14580.0000,158,0,0.0000,0.0000,0,0,多换,B,14475.0000,0.0000,0.0000,0.0000,0.0000,14740.0000,0.0000,0.0000,0.0000,0.0000,1,0,0,0,0,8,0,0,0,0
sc,zn1305,2012-06-29 09:05:04.000,14580.0000,158,0,0.0000,0.0000,0,0,多换,B,14475.0000,0.0000,0.0000,0.0000,0.0000,14735.0000,0.0000,0.0000,0.0000,0.0000,1,0,0,0,0,1,0,0,0,0
sc,zn1305,2012-06-29 09:05:04.500,14580.0000,158,0,0.0000,0.0000,0,0,多换,B,14475.0000,0.0000,0.0000,0.0000,0.0000,14730.0000,0.0000,0.0000,0.0000,0.0000,1,0,0,0,0,8,0,0,0,0
sc,zn1305,2012-06-29 09:05:05.000,14580.0000,158,0,0.0000,0.0000,0,0,多换,B,14475.0000,0.0000,0.0000,0.0000,0.0000,14725.0000,0.0000,0.0000,0.0000,0.0000,1,0,0,0,0,1,0,0,0,0
sc,zn1305,2012-06-29 09:05:05.500,14580.0000,158,0,0.0000,0.0000,0,0,多换,B,14475.0000,0.0000,0.0000,0.0000,0.0000,14720.0000,0.0000,0.0000,0.0000,0.0000,1,0,0,0,0,5,0,0,0,0
sc,zn1305,2012-06-29 09:05:06.000,14580.0000,158,0,0.0000,0.0000,0,0,多换,B,14475.0000,0.0000,0.0000,0.0000,0.0000,14715.0000,0.0000,0.0000,0.0000,0.0000,1,0,0,0,0,1,0,0,0,0
sc,zn1305,2012-06-29 09:05:06.500,14580.0000,158,0,0.0000,0.0000,0,0,多换,B,14475.0000,0.0000,0.0000,0.0000,0.0000,14710.0000,0.0000,0.0000,0.0000,0.0000,1,0,0,0,0,5,0,0,0,0
sc,zn1305,2012-06-29 09:05:07.000,14580.0000,158,0,0.0000,0.0000,0,0,多换,B,14475.0000,0.0000,0.0000,0.0000,0.0000,14705.0000,0.0000,0.0000,0.0000,0.0000,1,0,0,0,0,1,0,0,0,0
sc,zn1305,2012-06-29 09:05:07.500,14580.0000,158,0,0.0000,0.0000,0,0,多换,B,14475.0000,0.0000,0.0000,0.0000,0.0000,14700.0000,0.0000,0.0000,0.0000,0.0000,6,0,0,0,0,5,0,0,0,0
sc,zn1305,2012-06-29 09:05:08.000,14580.0000,158,0,0.0000,0.0000,0,0,多换,B,14475.0000,0.0000,0.0000,0.0000,0.0000,14695.0000,0.0000,0.0000,0.0000,0.0000,6,0,0,0,0,1,0,0,0,0
sc,zn1305,2012-06-29 09:05:08.500,14580.0000,158,0,0.0000,0.0000,0,0,多换,B,14475.0000,0.0000,0.0000,0.0000,0.0000,14690.0000,0.0000,0.0000,0.0000,0.0000,6,0,0,0,0,5,0,0,0,0
sc,zn1305,2012-06-29 09:05:09.000,14580.0000,158,0,0.0000,0.0000,0,0,多换,B,14475.0000,0.0000,0.0000,0.0000,0.0000,14690.0000,0.0000,0.0000,0.0000,0.0000,6,0,0,0,0,5,0,0,0,0
sc,zn1305,2012-06-29 09:05:10.500,14580.0000,158,0,0.0000,0.0000,0,0,多换,B,14475.0000,0.0000,0.0000,0.0000,0.0000,14685.0000,0.0000,0.0000,0.0000,0.0000,6,0,0,0,0,1,0,0,0,0
sc,zn1305,2012-06-29 09:05:11.000,14580.0000,158,0,0.0000,0.0000,0,0,多换,B,14475.0000,0.0000,0.0000,0.0000,0.0000,14685.0000,0.0000,0.0000,0.0000,0.0000,6,0,0,0,0,6,0,0,0,0
sc,zn1305,2012-06-29 09:05:19.000,14580.0000,158,0,0.0000,0.0000,0,0,多换,B,14475.0000,0.0000,0.0000,0.0000,0.0000,14685.0000,0.0000,0.0000,0.0000,0.0000,6,0,0,0,0,5,0,0,0,0
sc,zn1305,2012-06-29 09:05:23.000,14580.0000,158,0,0.0000,0.0000,0,0,多换,B,14475.0000,0.0000,0.0000,0.0000,0.0000,14685.0000,0.0000,0.0000,0.0000,0.0000,1,0,0,0,0,5,0,0,0,0
sc,zn1305,2012-06-29 09:05:24.000,14580.0000,158,0,0.0000,0.0000,0,0,多换,B,14475.0000,0.0000,0.0000,0.0000,0.0000,14685.0000,0.0000,0.0000,0.0000,0.0000,6,0,0,0,0,5,0,0,0,0
sc,zn1305,2012-06-29 09:05:24.500,14580.0000,158,0,0.0000,0.0000,0,0,多换,B,14475.0000,0.0000,0.0000,0.0000,0.0000,14765.0000,0.0000,0.0000,0.0000,0.0000,5,0,0,0,0,3,0,0,0,0
sc,zn1305,2012-06-29 09:05:25.000,14580.0000,158,0,0.0000,0.0000,0,0,多换,B,14480.0000,0.0000,0.0000,0.0000,0.0000,14755.0000,0.0000,0.0000,0.0000,0.0000,1,0,0,0,0,8,0,0,0,0
sc,zn1305,2012-06-29 09:05:25.500,14580.0000,158,0,0.0000,0.0000,0,0,多换,B,14480.0000,0.0000,0.0000,0.0000,0.0000,14750.0000,0.0000,0.0000,0.0000,0.0000,1,0,0,0,0,1,0,0,0,0
sc,zn1305,2012-06-29 09:05:26.000,14580.0000,158,0,0.0000,0.0000,0,0,多换,B,14480.0000,0.0000,0.0000,0.0000,0.0000,14740.0000,0.0000,0.0000,0.0000,0.0000,1,0,0,0,0,8,0,0,0,0
sc,zn1305,2012-06-29 09:05:26.500,14580.0000,158,0,0.0000,0.0000,0,0,多换,B,14480.0000,0.0000,0.0000,0.0000,0.0000,14735.0000,0.0000,0.0000,0.0000,0.0000,1,0,0,0,0,1,0,0,0,0
sc,zn1305,2012-06-29 09:05:27.000,14580.0000,158,0,0.0000,0.0000,0,0,多换,B,14480.0000,0.0000,0.0000,0.0000,0.0000,14730.0000,0.0000,0.0000,0.0000,0.0000,1,0,0,0,0,5,0,0,0,0
sc,zn1305,2012-06-29 09:05:27.500,14580.0000,158,0,0.0000,0.0000,0,0,多换,B,14480.0000,0.0000,0.0000,0.0000,0.0000,14725.0000,0.0000,0.0000,0.0000,0.0000,1,0,0,0,0,1,0,0,0,0
sc,zn1305,2012-06-29 09:05:28.000,14580.0000,158,0,0.0000,0.0000,0,0,多换,B,14480.0000,0.0000,0.0000,0.0000,0.0000,14720.0000,0.0000,0.0000,0.0000,0.0000,1,0,0,0,0,5,0,0,0,0
sc,zn1305,2012-06-29 09:05:28.500,14580.0000,158,0,0.0000,0.0000,0,0,多换,B,14480.0000,0.0000,0.0000,0.0000,0.0000,14715.0000,0.0000,0.0000,0.0000,0.0000,1,0,0,0,0,1,0,0,0,0
sc,zn1305,2012-06-29 09:05:29.000,14580.0000,158,0,0.0000,0.0000,0,0,多换,B,14480.0000,0.0000,0.0000,0.0000,0.0000,14710.0000,0.0000,0.0000,0.0000,0.0000,1,0,0,0,0,5,0,0,0,0
sc,zn1305,2012-06-29 09:05:29.500,14580.0000,158,0,0.0000,0.0000,0,0,多换,B,14480.0000,0.0000,0.0000,0.0000,0.0000,14705.0000,0.0000,0.0000,0.0000,0.0000,1,0,0,0,0,1,0,0,0,0
sc,zn1305,2012-06-29 09:05:30.000,14580.0000,158,0,0.0000,0.0000,0,0,多换,B,14480.0000,0.0000,0.0000,0.0000,0.0000,14700.0000,0.0000,0.0000,0.0000,0.0000,1,0,0,0,0,5,0,0,0,0
sc,zn1305,2012-06-29 09:05:30.500,14580.0000,158,0,0.0000,0.0000,0,0,多换,B,14480.0000,0.0000,0.0000,0.0000,0.0000,14695.0000,0.0000,0.0000,0.0000,0.0000,1,0,0,0,0,1,0,0,0,0
sc,zn1305,2012-06-29 09:05:31.000,14580.0000,158,0,0.0000,0.0000,0,0,多换,B,14480.0000,0.0000,0.0000,0.0000,0.0000,14690.0000,0.0000,0.0000,0.0000,0.0000,1,0,0,0,0,5,0,0,0,0
sc,zn1305,2012-06-29 09:05:31.500,14580.0000,158,0,0.0000,0.0000,0,0,多换,B,14480.0000,0.0000,0.0000,0.0000,0.0000,14690.0000,0.0000,0.0000,0.0000,0.0000,1,0,0,0,0,5,0,0,0,0
sc,zn1305,2012-06-29 09:05:33.000,14580.0000,158,0,0.0000,0.0000,0,0,多换,B,14480.0000,0.0000,0.0000,0.0000,0.0000,14690.0000,0.0000,0.0000,0.0000,0.0000,1,0,0,0,0,5,0,0,0,0
sc,zn1305,2012-06-29 09:05:37.500,14580.0000,158,0,0.0000,0.0000,0,0,多换,B,14480.0000,0.0000,0.0000,0.0000,0.0000,14685.0000,0.0000,0.0000,0.0000,0.0000,1,0,0,0,0,1,0,0,0,0
sc,zn1305,2012-06-29 09:05:38.000,14580.0000,158,0,0.0000,0.0000,0,0,多换,B,14480.0000,0.0000,0.0000,0.0000,0.0000,14680.0000,0.0000,0.0000,0.0000,0.0000,1,0,0,0,0,5,0,0,0,0
sc,zn1305,2012-06-29 09:05:38.500,14580.0000,158,0,0.0000,0.0000,0,0,多换,B,14480.0000,0.0000,0.0000,0.0000,0.0000,14680.0000,0.0000,0.0000,0.0000,0.0000,1,0,0,0,0,5,0,0,0,0
sc,zn1305,2012-06-29 09:05:39.000,14580.0000,158,0,0.0000,0.0000,0,0,多换,B,14480.0000,0.0000,0.0000,0.0000,0.0000,14765.0000,0.0000,0.0000,0.0000,0.0000,1,0,0,0,0,10,0,0,0,0
sc,zn1305,2012-06-29 09:05:39.500,14580.0000,158,0,0.0000,0.0000,0,0,多换,B,14480.0000,0.0000,0.0000,0.0000,0.0000,14755.0000,0.0000,0.0000,0.0000,0.0000,1,0,0,0,0,8,0,0,0,0
sc,zn1305,2012-06-29 09:05:40.000,14580.0000,158,0,0.0000,0.0000,0,0,多换,B,14480.0000,0.0000,0.0000,0.0000,0.0000,14750.0000,0.0000,0.0000,0.0000,0.0000,1,0,0,0,0,1,0,0,0,0
sc,zn1305,2012-06-29 09:05:40.500,14580.0000,158,0,0.0000,0.0000,0,0,多换,B,14480.0000,0.0000,0.0000,0.0000,0.0000,14740.0000,0.0000,0.0000,0.0000,0.0000,1,0,0,0,0,8,0,0,0,0
sc,zn1305,2012-06-29 09:05:41.000,14580.0000,158,0,0.0000,0.0000,0,0,多换,B,14480.0000,0.0000,0.0000,0.0000,0.0000,14735.0000,0.0000,0.0000,0.0000,0.0000,1,0,0,0,0,1,0,0,0,0
sc,zn1305,2012-06-29 09:05:41.500,14580.0000,158,0,0.0000,0.0000,0,0,多换,B,14480.0000,0.0000,0.0000,0.0000,0.0000,14730.0000,0.0000,0.0000,0.0000,0.0000,6,0,0,0,0,5,0,0,0,0
sc,zn1305,2012-06-29 09:05:42.000,14580.0000,158,0,0.0000,0.0000,0,0,多换,B,14480.0000,0.0000,0.0000,0.0000,0.0000,14725.0000,0.0000,0.0000,0.0000,0.0000,1,0,0,0,0,1,0,0,0,0
sc,zn1305,2012-06-29 09:05:42.500,14580.0000,158,0,0.0000,0.0000,0,0,多换,B,14480.0000,0.0000,0.0000,0.0000,0.0000,14720.0000,0.0000,0.0000,0.0000,0.0000,1,0,0,0,0,5,0,0,0,0
sc,zn1305,2012-06-29 09:05:43.000,14580.0000,158,0,0.0000,0.0000,0,0,多换,B,14480.0000,0.0000,0.0000,0.0000,0.0000,14715.0000,0.0000,0.0000,0.0000,0.0000,1,0,0,0,0,1,0,0,0,0
sc,zn1305,2012-06-29 09:05:43.500,14580.0000,158,0,0.0000,0.0000,0,0,多换,B,14480.0000,0.0000,0.0000,0.0000,0.0000,14710.0000,0.0000,0.0000,0.0000,0.0000,1,0,0,0,0,5,0,0,0,0
sc,zn1305,2012-06-29 09:05:44.000,14580.0000,158,0,0.0000,0.0000,0,0,多换,B,14480.0000,0.0000,0.0000,0.0000,0.0000,14705.0000,0.0000,0.0000,0.0000,0.0000,1,0,0,0,0,1,0,0,0,0
sc,zn1305,2012-06-29 09:05:44.500,14580.0000,158,0,0.0000,0.0000,0,0,多换,B,14480.0000,0.0000,0.0000,0.0000,0.0000,14700.0000,0.0000,0.0000,0.0000,0.0000,6,0,0,0,0,5,0,0,0,0
sc,zn1305,2012-06-29 09:05:45.000,14580.0000,158,0,0.0000,0.0000,0,0,多换,B,14480.0000,0.0000,0.0000,0.0000,0.0000,14695.0000,0.0000,0.0000,0.0000,0.0000,6,0,0,0,0,1,0,0,0,0
sc,zn1305,2012-06-29 09:05:45.500,14580.0000,158,0,0.0000,0.0000,0,0,多换,B,14480.0000,0.0000,0.0000,0.0000,0.0000,14690.0000,0.0000,0.0000,0.0000,0.0000,6,0,0,0,0,5,0,0,0,0
sc,zn1305,2012-06-29 09:05:46.000,14580.0000,158,0,0.0000,0.0000,0,0,多换,B,14480.0000,0.0000,0.0000,0.0000,0.0000,14690.0000,0.0000,0.0000,0.0000,0.0000,6,0,0,0,0,5,0,0,0,0
sc,zn1305,2012-06-29 09:05:47.500,14580.0000,158,0,0.0000,0.0000,0,0,多换,B,14480.0000,0.0000,0.0000,0.0000,0.0000,14780.0000,0.0000,0.0000,0.0000,0.0000,6,0,0,0,0,1,0,0,0,0
sc,zn1305,2012-06-29 09:05:48.000,14580.0000,158,0,0.0000,0.0000,0,0,多换,B,14480.0000,0.0000,0.0000,0.0000,0.0000,14770.0000,0.0000,0.0000,0.0000,0.0000,6,0,0,0,0,8,0,0,0,0
sc,zn1305,2012-06-29 09:05:48.500,14580.0000,158,0,0.0000,0.0000,0,0,多换,B,14480.0000,0.0000,0.0000,0.0000,0.0000,14765.0000,0.0000,0.0000,0.0000,0.0000,6,0,0,0,0,1,0,0,0,0
sc,zn1305,2012-06-29 09:05:49.000,14580.0000,158,0,0.0000,0.0000,0,0,多换,B,14480.0000,0.0000,0.0000,0.0000,0.0000,14755.0000,0.0000,0.0000,0.0000,0.0000,6,0,0,0,0,8,0,0,0,0
sc,zn1305,2012-06-29 09:05:49.500,14580.0000,158,0,0.0000,0.0000,0,0,多换,B,14480.0000,0.0000,0.0000,0.0000,0.0000,14750.0000,0.0000,0.0000,0.0000,0.0000,6,0,0,0,0,1,0,0,0,0
sc,zn1305,2012-06-29 09:05:50.000,14580.0000,158,0,0.0000,0.0000,0,0,多换,B,14480.0000,0.0000,0.0000,0.0000,0.0000,14745.0000,0.0000,0.0000,0.0000,0.0000,6,0,0,0,0,8,0,0,0,0
sc,zn1305,2012-06-29 09:05:51.000,14580.0000,158,0,0.0000,0.0000,0,0,多换,B,14480.0000,0.0000,0.0000,0.0000,0.0000,14745.0000,0.0000,0.0000,0.0000,0.0000,6,0,0,0,0,8,0,0,0,0
sc,zn1305,2012-06-29 09:05:51.500,14580.0000,158,0,0.0000,0.0000,0,0,多换,B,14480.0000,0.0000,0.0000,0.0000,0.0000,14745.0000,0.0000,0.0000,0.0000,0.0000,6,0,0,0,0,8,0,0,0,0
sc,zn1305,2012-06-29 09:05:53.000,14580.0000,158,0,0.0000,0.0000,0,0,多换,B,14480.0000,0.0000,0.0000,0.0000,0.0000,14740.0000,0.0000,0.0000,0.0000,0.0000,6,0,0,0,0,1,0,0,0,0
sc,zn1305,2012-06-29 09:05:53.500,14580.0000,158,0,0.0000,0.0000,0,0,多换,B,14480.0000,0.0000,0.0000,0.0000,0.0000,14735.0000,0.0000,0.0000,0.0000,0.0000,6,0,0,0,0,5,0,0,0,0
sc,zn1305,2012-06-29 09:05:54.000,14580.0000,158,0,0.0000,0.0000,0,0,多换,B,14480.0000,0.0000,0.0000,0.0000,0.0000,14730.0000,0.0000,0.0000,0.0000,0.0000,6,0,0,0,0,1,0,0,0,0
sc,zn1305,2012-06-29 09:05:54.500,14580.0000,158,0,0.0000,0.0000,0,0,多换,B,14480.0000,0.0000,0.0000,0.0000,0.0000,14725.0000,0.0000,0.0000,0.0000,0.0000,6,0,0,0,0,5,0,0,0,0
sc,zn1305,2012-06-29 09:05:55.000,14580.0000,158,0,0.0000,0.0000,0,0,多换,B,14480.0000,0.0000,0.0000,0.0000,0.0000,14725.0000,0.0000,0.0000,0.0000,0.0000,5,0,0,0,0,5,0,0,0,0
sc,zn1305,2012-06-29 09:05:55.500,14580.0000,158,0,0.0000,0.0000,0,0,多换,B,14485.0000,0.0000,0.0000,0.0000,0.0000,14725.0000,0.0000,0.0000,0.0000,0.0000,1,0,0,0,0,5,0,0,0,0
sc,zn1305,2012-06-29 09:05:56.000,14580.0000,158,0,0.0000,0.0000,0,0,多换,B,14490.0000,0.0000,0.0000,0.0000,0.0000,14725.0000,0.0000,0.0000,0.0000,0.0000,5,0,0,0,0,5,0,0,0,0
sc,zn1305,2012-06-29 09:05:56.500,14580.0000,158,0,0.0000,0.0000,0,0,多换,B,14495.0000,0.0000,0.0000,0.0000,0.0000,14725.0000,0.0000,0.0000,0.0000,0.0000,1,0,0,0,0,5,0,0,0,0
sc,zn1305,2012-06-29 09:05:57.000,14580.0000,158,0,0.0000,0.0000,0,0,多换,B,14495.0000,0.0000,0.0000,0.0000,0.0000,14780.0000,0.0000,0.0000,0.0000,0.0000,1,0,0,0,0,1,0,0,0,0
sc,zn1305,2012-06-29 09:05:57.500,14580.0000,158,0,0.0000,0.0000,0,0,多换,B,14500.0000,0.0000,0.0000,0.0000,0.0000,14770.0000,0.0000,0.0000,0.0000,0.0000,5,0,0,0,0,8,0,0,0,0
sc,zn1305,2012-06-29 09:05:58.000,14580.0000,158,0,0.0000,0.0000,0,0,多换,B,14505.0000,0.0000,0.0000,0.0000,0.0000,14770.0000,0.0000,0.0000,0.0000,0.0000,1,0,0,0,0,8,0,0,0,0
sc,zn1305,2012-06-29 09:05:58.500,14580.0000,158,0,0.0000,0.0000,0,0,多换,B,14510.0000,0.0000,0.0000,0.0000,0.0000,14765.0000,0.0000,0.0000,0.0000,0.0000,5,0,0,0,0,1,0,0,0,0
sc,zn1305,2012-06-29 09:05:59.000,14580.0000,158,0,0.0000,0.0000,0,0,多换,B,14515.0000,0.0000,0.0000,0.0000,0.0000,14760.0000,0.0000,0.0000,0.0000,0.0000,1,0,0,0,0,5,0,0,0,0
sc,zn1305,2012-06-29 09:05:59.500,14580.0000,158,0,0.0000,0.0000,0,0,多换,B,14520.0000,0.0000,0.0000,0.0000,0.0000,14755.0000,0.0000,0.0000,0.0000,0.0000,5,0,0,0,0,1,0,0,0,0
sc,zn1305,2012-06-29 09:06:00.000,14580.0000,158,0,0.0000,0.0000,0,0,多换,B,14525.0000,0.0000,0.0000,0.0000,0.0000,14750.0000,0.0000,0.0000,0.0000,0.0000,1,0,0,0,0,5,0,0,0,0
sc,zn1305,2012-06-29 09:06:00.500,14580.0000,158,0,0.0000,0.0000,0,0,多换,B,14525.0000,0.0000,0.0000,0.0000,0.0000,14745.0000,0.0000,0.0000,0.0000,0.0000,6,0,0,0,0,1,0,0,0,0
sc,zn1305,2012-06-29 09:06:01.000,14580.0000,158,0,0.0000,0.0000,0,0,多换,B,14525.0000,0.0000,0.0000,0.0000,0.0000,14740.0000,0.0000,0.0000,0.0000,0.0000,6,0,0,0,0,5,0,0,0,0
sc,zn1305,2012-06-29 09:06:05.500,14580.0000,158,0,0.0000,0.0000,0,0,多换,B,14525.0000,0.0000,0.0000,0.0000,0.0000,14740.0000,0.0000,0.0000,0.0000,0.0000,1,0,0,0,0,5,0,0,0,0
sc,zn1305,2012-06-29 09:06:16.000,14580.0000,158,0,0.0000,0.0000,0,0,多换,B,14525.0000,0.0000,0.0000,0.0000,0.0000,14735.0000,0.0000,0.0000,0.0000,0.0000,1,0,0,0,0,1,0,0,0,0
sc,zn1305,2012-06-29 09:06:16.500,14580.0000,158,0,0.0000,0.0000,0,0,多换,B,14525.0000,0.0000,0.0000,0.0000,0.0000,14730.0000,0.0000,0.0000,0.0000,0.0000,1,0,0,0,0,5,0,0,0,0
sc,zn1305,2012-06-29 09:06:17.000,14580.0000,158,0,0.0000,0.0000,0,0,多换,B,14525.0000,0.0000,0.0000,0.0000,0.0000,14730.0000,0.0000,0.0000,0.0000,0.0000,1,0,0,0,0,5,0,0,0,0
sc,zn1305,2012-06-29 09:06:30.500,14580.0000,158,0,0.0000,0.0000,0,0,多换,B,14405.0000,0.0000,0.0000,0.0000,0.0000,14730.0000,0.0000,0.0000,0.0000,0.0000,1,0,0,0,0,5,0,0,0,0
sc,zn1305,2012-06-29 09:06:31.000,14580.0000,158,0,0.0000,0.0000,0,0,多换,B,14530.0000,0.0000,0.0000,0.0000,0.0000,14730.0000,0.0000,0.0000,0.0000,0.0000,1,0,0,0,0,5,0,0,0,0
sc,zn1305,2012-06-29 09:06:38.000,14580.0000,158,0,0.0000,0.0000,0,0,多换,B,14530.0000,0.0000,0.0000,0.0000,0.0000,14725.0000,0.0000,0.0000,0.0000,0.0000,1,0,0,0,0,1,0,0,0,0
sc,zn1305,2012-06-29 09:06:38.500,14580.0000,158,0,0.0000,0.0000,0,0,多换,B,14530.0000,0.0000,0.0000,0.0000,0.0000,14720.0000,0.0000,0.0000,0.0000,0.0000,1,0,0,0,0,5,0,0,0,0
sc,zn1305,2012-06-29 09:06:39.000,14580.0000,158,0,0.0000,0.0000,0,0,多换,B,14530.0000,0.0000,0.0000,0.0000,0.0000,14720.0000,0.0000,0.0000,0.0000,0.0000,1,0,0,0,0,5,0,0,0,0
sc,zn1305,2012-06-29 09:06:41.500,14580.0000,158,0,0.0000,0.0000,0,0,多换,B,14530.0000,0.0000,0.0000,0.0000,0.0000,14720.0000,0.0000,0.0000,0.0000,0.0000,1,0,0,0,0,5,0,0,0,0
sc,zn1305,2012-06-29 09:06:43.500,14580.0000,158,0,0.0000,0.0000,0,0,多换,B,14530.0000,0.0000,0.0000,0.0000,0.0000,14715.0000,0.0000,0.0000,0.0000,0.0000,1,0,0,0,0,1,0,0,0,0
sc,zn1305,2012-06-29 09:06:44.000,14580.0000,158,0,0.0000,0.0000,0,0,多换,B,14530.0000,0.0000,0.0000,0.0000,0.0000,14710.0000,0.0000,0.0000,0.0000,0.0000,1,0,0,0,0,5,0,0,0,0
sc,zn1305,2012-06-29 09:06:59.500,14580.0000,158,0,0.0000,0.0000,0,0,多换,B,14530.0000,0.0000,0.0000,0.0000,0.0000,14705.0000,0.0000,0.0000,0.0000,0.0000,1,0,0,0,0,1,0,0,0,0
sc,zn1305,2012-06-29 09:07:00.000,14580.0000,158,0,0.0000,0.0000,0,0,多换,B,14530.0000,0.0000,0.0000,0.0000,0.0000,14700.0000,0.0000,0.0000,0.0000,0.0000,1,0,0,0,0,5,0,0,0,0
sc,zn1305,2012-06-29 09:07:00.500,14580.0000,158,0,0.0000,0.0000,0,0,多换,B,14530.0000,0.0000,0.0000,0.0000,0.0000,14700.0000,0.0000,0.0000,0.0000,0.0000,1,0,0,0,0,5,0,0,0,0
sc,zn1305,2012-06-29 09:07:01.000,14580.0000,158,0,0.0000,0.0000,0,0,多换,B,14420.0000,0.0000,0.0000,0.0000,0.0000,14700.0000,0.0000,0.0000,0.0000,0.0000,10,0,0,0,0,5,0,0,0,0
sc,zn1305,2012-06-29 09:07:01.500,14580.0000,158,0,0.0000,0.0000,0,0,多换,B,14535.0000,0.0000,0.0000,0.0000,0.0000,14700.0000,0.0000,0.0000,0.0000,0.0000,1,0,0,0,0,5,0,0,0,0
sc,zn1305,2012-06-29 09:07:10.000,14580.0000,158,0,0.0000,0.0000,0,0,多换,B,14535.0000,0.0000,0.0000,0.0000,0.0000,14700.0000,0.0000,0.0000,0.0000,0.0000,1,0,0,0,0,5,0,0,0,0
sc,zn1305,2012-06-29 09:07:17.000,14580.0000,158,0,0.0000,0.0000,0,0,多换,B,14535.0000,0.0000,0.0000,0.0000,0.0000,14780.0000,0.0000,0.0000,0.0000,0.0000,1,0,0,0,0,1,0,0,0,0
sc,zn1305,2012-06-29 09:07:17.500,14580.0000,158,0,0.0000,0.0000,0,0,多换,B,14535.0000,0.0000,0.0000,0.0000,0.0000,14770.0000,0.0000,0.0000,0.0000,0.0000,1,0,0,0,0,8,0,0,0,0
sc,zn1305,2012-06-29 09:07:18.000,14580.0000,158,0,0.0000,0.0000,0,0,多换,B,14535.0000,0.0000,0.0000,0.0000,0.0000,14765.0000,0.0000,0.0000,0.0000,0.0000,1,0,0,0,0,1,0,0,0,0
sc,zn1305,2012-06-29 09:07:18.500,14580.0000,158,0,0.0000,0.0000,0,0,多换,B,14535.0000,0.0000,0.0000,0.0000,0.0000,14755.0000,0.0000,0.0000,0.0000,0.0000,1,0,0,0,0,8,0,0,0,0
sc,zn1305,2012-06-29 09:07:19.000,14580.0000,158,0,0.0000,0.0000,0,0,多换,B,14535.0000,0.0000,0.0000,0.0000,0.0000,14750.0000,0.0000,0.0000,0.0000,0.0000,1,0,0,0,0,1,0,0,0,0
sc,zn1305,2012-06-29 09:07:19.500,14580.0000,158,0,0.0000,0.0000,0,0,多换,B,14535.0000,0.0000,0.0000,0.0000,0.0000,14745.0000,0.0000,0.0000,0.0000,0.0000,1,0,0,0,0,5,0,0,0,0
sc,zn1305,2012-06-29 09:07:20.000,14580.0000,158,0,0.0000,0.0000,0,0,多换,B,14535.0000,0.0000,0.0000,0.0000,0.0000,14740.0000,0.0000,0.0000,0.0000,0.0000,1,0,0,0,0,1,0,0,0,0
sc,zn1305,2012-06-29 09:07:20.500,14580.0000,158,0,0.0000,0.0000,0,0,多换,B,14535.0000,0.0000,0.0000,0.0000,0.0000,14735.0000,0.0000,0.0000,0.0000,0.0000,1,0,0,0,0,5,0,0,0,0
sc,zn1305,2012-06-29 09:07:21.000,14580.0000,158,0,0.0000,0.0000,0,0,多换,B,14535.0000,0.0000,0.0000,0.0000,0.0000,14730.0000,0.0000,0.0000,0.0000,0.0000,1,0,0,0,0,1,0,0,0,0
sc,zn1305,2012-06-29 09:07:21.500,14580.0000,158,0,0.0000,0.0000,0,0,多换,B,14535.0000,0.0000,0.0000,0.0000,0.0000,14725.0000,0.0000,0.0000,0.0000,0.0000,1,0,0,0,0,5,0,0,0,0
sc,zn1305,2012-06-29 09:07:22.000,14580.0000,158,0,0.0000,0.0000,0,0,多换,B,14535.0000,0.0000,0.0000,0.0000,0.0000,14720.0000,0.0000,0.0000,0.0000,0.0000,1,0,0,0,0,1,0,0,0,0
sc,zn1305,2012-06-29 09:07:22.500,14580.0000,158,0,0.0000,0.0000,0,0,多换,B,14535.0000,0.0000,0.0000,0.0000,0.0000,14715.0000,0.0000,0.0000,0.0000,0.0000,1,0,0,0,0,5,0,0,0,0
sc,zn1305,2012-06-29 09:07:23.000,14580.0000,158,0,0.0000,0.0000,0,0,多换,B,14535.0000,0.0000,0.0000,0.0000,0.0000,14710.0000,0.0000,0.0000,0.0000,0.0000,1,0,0,0,0,1,0,0,0,0
sc,zn1305,2012-06-29 09:07:23.500,14580.0000,158,0,0.0000,0.0000,0,0,多换,B,14535.0000,0.0000,0.0000,0.0000,0.0000,14705.0000,0.0000,0.0000,0.0000,0.0000,1,0,0,0,0,5,0,0,0,0
sc,zn1305,2012-06-29 09:07:24.000,14580.0000,158,0,0.0000,0.0000,0,0,多换,B,14535.0000,0.0000,0.0000,0.0000,0.0000,14705.0000,0.0000,0.0000,0.0000,0.0000,1,0,0,0,0,5,0,0,0,0
sc,zn1305,2012-06-29 09:07:26.000,14580.0000,158,0,0.0000,0.0000,0,0,多换,B,14535.0000,0.0000,0.0000,0.0000,0.0000,14780.0000,0.0000,0.0000,0.0000,0.0000,1,0,0,0,0,1,0,0,0,0
sc,zn1305,2012-06-29 09:07:26.500,14580.0000,158,0,0.0000,0.0000,0,0,多换,B,14535.0000,0.0000,0.0000,0.0000,0.0000,14770.0000,0.0000,0.0000,0.0000,0.0000,1,0,0,0,0,8,0,0,0,0
sc,zn1305,2012-06-29 09:07:27.000,14580.0000,158,0,0.0000,0.0000,0,0,多换,B,14535.0000,0.0000,0.0000,0.0000,0.0000,14765.0000,0.0000,0.0000,0.0000,0.0000,1,0,0,0,0,1,0,0,0,0
sc,zn1305,2012-06-29 09:07:27.500,14580.0000,158,0,0.0000,0.0000,0,0,多换,B,14535.0000,0.0000,0.0000,0.0000,0.0000,14760.0000,0.0000,0.0000,0.0000,0.0000,1,0,0,0,0,8,0,0,0,0
sc,zn1305,2012-06-29 09:07:28.000,14580.0000,158,0,0.0000,0.0000,0,0,多换,B,14535.0000,0.0000,0.0000,0.0000,0.0000,14755.0000,0.0000,0.0000,0.0000,0.0000,1,0,0,0,0,1,0,0,0,0
sc,zn1305,2012-06-29 09:07:28.500,14580.0000,158,0,0.0000,0.0000,0,0,多换,B,14535.0000,0.0000,0.0000,0.0000,0.0000,14750.0000,0.0000,0.0000,0.0000,0.0000,1,0,0,0,0,5,0,0,0,0
sc,zn1305,2012-06-29 09:07:29.000,14580.0000,158,0,0.0000,0.0000,0,0,多换,B,14535.0000,0.0000,0.0000,0.0000,0.0000,14745.0000,0.0000,0.0000,0.0000,0.0000,1,0,0,0,0,1,0,0,0,0
sc,zn1305,2012-06-29 09:07:29.500,14580.0000,158,0,0.0000,0.0000,0,0,多换,B,14535.0000,0.0000,0.0000,0.0000,0.0000,14740.0000,0.0000,0.0000,0.0000,0.0000,1,0,0,0,0,5,0,0,0,0
sc,zn1305,2012-06-29 09:07:30.000,14580.0000,158,0,0.0000,0.0000,0,0,多换,B,14535.0000,0.0000,0.0000,0.0000,0.0000,14735.0000,0.0000,0.0000,0.0000,0.0000,1,0,0,0,0,1,0,0,0,0
sc,zn1305,2012-06-29 09:07:30.500,14580.0000,158,0,0.0000,0.0000,0,0,多换,B,14535.0000,0.0000,0.0000,0.0000,0.0000,14730.0000,0.0000,0.0000,0.0000,0.0000,1,0,0,0,0,5,0,0,0,0
sc,zn1305,2012-06-29 09:07:31.000,14580.0000,158,0,0.0000,0.0000,0,0,多换,B,14535.0000,0.0000,0.0000,0.0000,0.0000,14725.0000,0.0000,0.0000,0.0000,0.0000,1,0,0,0,0,1,0,0,0,0
sc,zn1305,2012-06-29 09:07:31.500,14580.0000,158,0,0.0000,0.0000,0,0,多换,B,14535.0000,0.0000,0.0000,0.0000,0.0000,14720.0000,0.0000,0.0000,0.0000,0.0000,1,0,0,0,0,5,0,0,0,0
sc,zn1305,2012-06-29 09:07:32.000,14580.0000,158,0,0.0000,0.0000,0,0,多换,B,14420.0000,0.0000,0.0000,0.0000,0.0000,14715.0000,0.0000,0.0000,0.0000,0.0000,10,0,0,0,0,1,0,0,0,0
sc,zn1305,2012-06-29 09:07:32.500,14580.0000,158,0,0.0000,0.0000,0,0,多换,B,14540.0000,0.0000,0.0000,0.0000,0.0000,14715.0000,0.0000,0.0000,0.0000,0.0000,1,0,0,0,0,6,0,0,0,0
sc,zn1305,2012-06-29 09:07:38.000,14580.0000,158,0,0.0000,0.0000,0,0,多换,B,14540.0000,0.0000,0.0000,0.0000,0.0000,14715.0000,0.0000,0.0000,0.0000,0.0000,1,0,0,0,0,1,0,0,0,0
sc,zn1305,2012-06-29 09:08:00.500,14580.0000,158,0,0.0000,0.0000,0,0,多换,B,14540.0000,0.0000,0.0000,0.0000,0.0000,14715.0000,0.0000,0.0000,0.0000,0.0000,1,0,0,0,0,1,0,0,0,0
sc,zn1305,2012-06-29 09:08:02.500,14580.0000,158,0,0.0000,0.0000,0,0,多换,B,14420.0000,0.0000,0.0000,0.0000,0.0000,14780.0000,0.0000,0.0000,0.0000,0.0000,10,0,0,0,0,1,0,0,0,0
sc,zn1305,2012-06-29 09:08:03.000,14580.0000,158,0,0.0000,0.0000,0,0,多换,B,14545.0000,0.0000,0.0000,0.0000,0.0000,14710.0000,0.0000,0.0000,0.0000,0.0000,1,0,0,0,0,1,0,0,0,0
sc,zn1305,2012-06-29 09:08:33.500,14580.0000,158,0,0.0000,0.0000,0,0,多换,B,14430.0000,0.0000,0.0000,0.0000,0.0000,14770.0000,0.0000,0.0000,0.0000,0.0000,8,0,0,0,0,8,0,0,0,0
sc,zn1305,2012-06-29 09:08:34.000,14580.0000,158,0,0.0000,0.0000,0,0,多换,B,14550.0000,0.0000,0.0000,0.0000,0.0000,14765.0000,0.0000,0.0000,0.0000,0.0000,1,0,0,0,0,1,0,0,0,0
sc,zn1305,2012-06-29 09:08:34.500,14580.0000,158,0,0.0000,0.0000,0,0,多换,B,14550.0000,0.0000,0.0000,0.0000,0.0000,14760.0000,0.0000,0.0000,0.0000,0.0000,1,0,0,0,0,5,0,0,0,0
sc,zn1305,2012-06-29 09:08:35.000,14580.0000,158,0,0.0000,0.0000,0,0,多换,B,14550.0000,0.0000,0.0000,0.0000,0.0000,14755.0000,0.0000,0.0000,0.0000,0.0000,1,0,0,0,0,1,0,0,0,0
sc,zn1305,2012-06-29 09:08:35.500,14580.0000,158,0,0.0000,0.0000,0,0,多换,B,14550.0000,0.0000,0.0000,0.0000,0.0000,14750.0000,0.0000,0.0000,0.0000,0.0000,1,0,0,0,0,5,0,0,0,0
sc,zn1305,2012-06-29 09:08:36.000,14580.0000,158,0,0.0000,0.0000,0,0,多换,B,14550.0000,0.0000,0.0000,0.0000,0.0000,14745.0000,0.0000,0.0000,0.0000,0.0000,1,0,0,0,0,1,0,0,0,0
sc,zn1305,2012-06-29 09:08:36.500,14580.0000,158,0,0.0000,0.0000,0,0,多换,B,14550.0000,0.0000,0.0000,0.0000,0.0000,14740.0000,0.0000,0.0000,0.0000,0.0000,1,0,0,0,0,5,0,0,0,0
sc,zn1305,2012-06-29 09:08:37.000,14580.0000,158,0,0.0000,0.0000,0,0,多换,B,14550.0000,0.0000,0.0000,0.0000,0.0000,14735.0000,0.0000,0.0000,0.0000,0.0000,1,0,0,0,0,1,0,0,0,0
sc,zn1305,2012-06-29 09:08:37.500,14580.0000,158,0,0.0000,0.0000,0,0,多换,B,14550.0000,0.0000,0.0000,0.0000,0.0000,14730.0000,0.0000,0.0000,0.0000,0.0000,1,0,0,0,0,5,0,0,0,0
sc,zn1305,2012-06-29 09:08:38.000,14580.0000,158,0,0.0000,0.0000,0,0,多换,B,14550.0000,0.0000,0.0000,0.0000,0.0000,14725.0000,0.0000,0.0000,0.0000,0.0000,1,0,0,0,0,1,0,0,0,0
sc,zn1305,2012-06-29 09:08:38.500,14580.0000,158,0,0.0000,0.0000,0,0,多换,B,14550.0000,0.0000,0.0000,0.0000,0.0000,14720.0000,0.0000,0.0000,0.0000,0.0000,1,0,0,0,0,5,0,0,0,0
sc,zn1305,2012-06-29 09:08:39.000,14580.0000,158,0,0.0000,0.0000,0,0,多换,B,14550.0000,0.0000,0.0000,0.0000,0.0000,14715.0000,0.0000,0.0000,0.0000,0.0000,1,0,0,0,0,1,0,0,0,0
sc,zn1305,2012-06-29 09:08:39.500,14580.0000,158,0,0.0000,0.0000,0,0,多换,B,14550.0000,0.0000,0.0000,0.0000,0.0000,14715.0000,0.0000,0.0000,0.0000,0.0000,1,0,0,0,0,6,0,0,0,0
sc,zn1305,2012-06-29 09:08:49.500,14580.0000,158,0,0.0000,0.0000,0,0,多换,B,14550.0000,0.0000,0.0000,0.0000,0.0000,14715.0000,0.0000,0.0000,0.0000,0.0000,1,0,0,0,0,1,0,0,0,0
sc,zn1305,2012-06-29 09:08:50.000,14580.0000,158,0,0.0000,0.0000,0,0,多换,B,14550.0000,0.0000,0.0000,0.0000,0.0000,14715.0000,0.0000,0.0000,0.0000,0.0000,1,0,0,0,0,6,0,0,0,0
sc,zn1305,2012-06-29 09:08:50.500,14580.0000,158,0,0.0000,0.0000,0,0,多换,B,14550.0000,0.0000,0.0000,0.0000,0.0000,14715.0000,0.0000,0.0000,0.0000,0.0000,1,0,0,0,0,1,0,0,0,0
sc,zn1305,2012-06-29 09:08:54.500,14580.0000,158,0,0.0000,0.0000,0,0,多换,B,14550.0000,0.0000,0.0000,0.0000,0.0000,14715.0000,0.0000,0.0000,0.0000,0.0000,1,0,0,0,0,6,0,0,0,0
sc,zn1305,2012-06-29 09:08:55.000,14580.0000,158,0,0.0000,0.0000,0,0,多换,B,14550.0000,0.0000,0.0000,0.0000,0.0000,14715.0000,0.0000,0.0000,0.0000,0.0000,1,0,0,0,0,1,0,0,0,0
sc,zn1305,2012-06-29 09:08:55.500,14580.0000,158,0,0.0000,0.0000,0,0,多换,B,14550.0000,0.0000,0.0000,0.0000,0.0000,14780.0000,0.0000,0.0000,0.0000,0.0000,1,0,0,0,0,1,0,0,0,0
sc,zn1305,2012-06-29 09:08:56.000,14580.0000,158,0,0.0000,0.0000,0,0,多换,B,14550.0000,0.0000,0.0000,0.0000,0.0000,14775.0000,0.0000,0.0000,0.0000,0.0000,1,0,0,0,0,9,0,0,0,0
sc,zn1305,2012-06-29 09:09:01.500,14580.0000,158,0,0.0000,0.0000,0,0,多换,B,14550.0000,0.0000,0.0000,0.0000,0.0000,14775.0000,0.0000,0.0000,0.0000,0.0000,1,0,0,0,0,9,0,0,0,0
sc,zn1305,2012-06-29 09:09:04.000,14580.0000,158,0,0.0000,0.0000,0,0,多换,B,14435.0000,0.0000,0.0000,0.0000,0.0000,14775.0000,0.0000,0.0000,0.0000,0.0000,10,0,0,0,0,9,0,0,0,0
sc,zn1305,2012-06-29 09:09:04.500,14580.0000,158,0,0.0000,0.0000,0,0,多换,B,14555.0000,0.0000,0.0000,0.0000,0.0000,14775.0000,0.0000,0.0000,0.0000,0.0000,1,0,0,0,0,9,0,0,0,0
sc,zn1305,2012-06-29 09:09:26.000,14580.0000,158,0,0.0000,0.0000,0,0,多换,B,14555.0000,0.0000,0.0000,0.0000,0.0000,14775.0000,0.0000,0.0000,0.0000,0.0000,1,0,0,0,0,8,0,0,0,0
sc,zn1305,2012-06-29 09:09:26.500,14580.0000,158,0,0.0000,0.0000,0,0,多换,B,14555.0000,0.0000,0.0000,0.0000,0.0000,14770.0000,0.0000,0.0000,0.0000,0.0000,1,0,0,0,0,1,0,0,0,0
sc,zn1305,2012-06-29 09:09:27.000,14580.0000,158,0,0.0000,0.0000,0,0,多换,B,14555.0000,0.0000,0.0000,0.0000,0.0000,14765.0000,0.0000,0.0000,0.0000,0.0000,1,0,0,0,0,5,0,0,0,0
sc,zn1305,2012-06-29 09:09:27.500,14580.0000,158,0,0.0000,0.0000,0,0,多换,B,14555.0000,0.0000,0.0000,0.0000,0.0000,14760.0000,0.0000,0.0000,0.0000,0.0000,1,0,0,0,0,1,0,0,0,0
sc,zn1305,2012-06-29 09:09:28.000,14580.0000,158,0,0.0000,0.0000,0,0,多换,B,14555.0000,0.0000,0.0000,0.0000,0.0000,14755.0000,0.0000,0.0000,0.0000,0.0000,1,0,0,0,0,5,0,0,0,0
sc,zn1305,2012-06-29 09:09:28.500,14580.0000,158,0,0.0000,0.0000,0,0,多换,B,14555.0000,0.0000,0.0000,0.0000,0.0000,14750.0000,0.0000,0.0000,0.0000,0.0000,1,0,0,0,0,1,0,0,0,0
sc,zn1305,2012-06-29 09:09:29.000,14580.0000,158,0,0.0000,0.0000,0,0,多换,B,14555.0000,0.0000,0.0000,0.0000,0.0000,14745.0000,0.0000,0.0000,0.0000,0.0000,1,0,0,0,0,5,0,0,0,0
sc,zn1305,2012-06-29 09:09:29.500,14580.0000,158,0,0.0000,0.0000,0,0,多换,B,14555.0000,0.0000,0.0000,0.0000,0.0000,14740.0000,0.0000,0.0000,0.0000,0.0000,1,0,0,0,0,1,0,0,0,0
sc,zn1305,2012-06-29 09:09:30.000,14580.0000,158,0,0.0000,0.0000,0,0,多换,B,14555.0000,0.0000,0.0000,0.0000,0.0000,14735.0000,0.0000,0.0000,0.0000,0.0000,1,0,0,0,0,5,0,0,0,0
sc,zn1305,2012-06-29 09:09:30.500,14580.0000,158,0,0.0000,0.0000,0,0,多换,B,14555.0000,0.0000,0.0000,0.0000,0.0000,14730.0000,0.0000,0.0000,0.0000,0.0000,1,0,0,0,0,1,0,0,0,0
sc,zn1305,2012-06-29 09:09:31.000,14580.0000,158,0,0.0000,0.0000,0,0,多换,B,14555.0000,0.0000,0.0000,0.0000,0.0000,14730.0000,0.0000,0.0000,0.0000,0.0000,1,0,0,0,0,6,0,0,0,0
sc,zn1305,2012-06-29 09:09:35.000,14580.0000,158,0,0.0000,0.0000,0,0,多换,B,14445.0000,0.0000,0.0000,0.0000,0.0000,14730.0000,0.0000,0.0000,0.0000,0.0000,8,0,0,0,0,6,0,0,0,0
sc,zn1305,2012-06-29 09:09:35.500,14580.0000,158,0,0.0000,0.0000,0,0,多换,B,14560.0000,0.0000,0.0000,0.0000,0.0000,14730.0000,0.0000,0.0000,0.0000,0.0000,1,0,0,0,0,6,0,0,0,0
sc,zn1305,2012-06-29 09:09:38.500,14580.0000,158,0,0.0000,0.0000,0,0,多换,B,14560.0000,0.0000,0.0000,0.0000,0.0000,14730.0000,0.0000,0.0000,0.0000,0.0000,1,0,0,0,0,1,0,0,0,0
sc,zn1305,2012-06-29 09:09:39.500,14580.0000,158,0,0.0000,0.0000,0,0,多换,B,14560.0000,0.0000,0.0000,0.0000,0.0000,14730.0000,0.0000,0.0000,0.0000,0.0000,1,0,0,0,0,6,0,0,0,0
sc,zn1305,2012-06-29 09:09:40.000,14580.0000,158,0,0.0000,0.0000,0,0,多换,B,14560.0000,0.0000,0.0000,0.0000,0.0000,14730.0000,0.0000,0.0000,0.0000,0.0000,1,0,0,0,0,1,0,0,0,0
sc,zn1305,2012-06-29 09:09:40.500,14580.0000,158,0,0.0000,0.0000,0,0,多换,B,14560.0000,0.0000,0.0000,0.0000,0.0000,14730.0000,0.0000,0.0000,0.0000,0.0000,1,0,0,0,0,6,0,0,0,0
sc,zn1305,2012-06-29 09:09:45.000,14580.0000,158,0,0.0000,0.0000,0,0,多换,B,14560.0000,0.0000,0.0000,0.0000,0.0000,14730.0000,0.0000,0.0000,0.0000,0.0000,1,0,0,0,0,1,0,0,0,0
sc,zn1305,2012-06-29 09:09:46.000,14580.0000,158,0,0.0000,0.0000,0,0,多换,B,14560.0000,0.0000,0.0000,0.0000,0.0000,14730.0000,0.0000,0.0000,0.0000,0.0000,1,0,0,0,0,6,0,0,0,0
sc,zn1305,2012-06-29 09:09:57.500,14580.0000,158,0,0.0000,0.0000,0,0,多换,B,14560.0000,0.0000,0.0000,0.0000,0.0000,14730.0000,0.0000,0.0000,0.0000,0.0000,1,0,0,0,0,1,0,0,0,0
sc,zn1305,2012-06-29 09:09:59.000,14580.0000,158,0,0.0000,0.0000,0,0,多换,B,14560.0000,0.0000,0.0000,0.0000,0.0000,14730.0000,0.0000,0.0000,0.0000,0.0000,1,0,0,0,0,6,0,0,0,0
sc,zn1305,2012-06-29 09:10:01.000,14580.0000,158,0,0.0000,0.0000,0,0,多换,B,14560.0000,0.0000,0.0000,0.0000,0.0000,14730.0000,0.0000,0.0000,0.0000,0.0000,1,0,0,0,0,5,0,0,0,0
sc,zn1305,2012-06-29 09:10:01.500,14580.0000,158,0,0.0000,0.0000,0,0,多换,B,14560.0000,0.0000,0.0000,0.0000,0.0000,14725.0000,0.0000,0.0000,0.0000,0.0000,1,0,0,0,0,1,0,0,0,0
sc,zn1305,2012-06-29 09:10:05.500,14580.0000,158,0,0.0000,0.0000,0,0,多换,B,14445.0000,0.0000,0.0000,0.0000,0.0000,14725.0000,0.0000,0.0000,0.0000,0.0000,8,0,0,0,0,1,0,0,0,0
sc,zn1305,2012-06-29 09:10:06.000,14580.0000,158,0,0.0000,0.0000,0,0,多换,B,14565.0000,0.0000,0.0000,0.0000,0.0000,14725.0000,0.0000,0.0000,0.0000,0.0000,1,0,0,0,0,1,0,0,0,0
sc,zn1305,2012-06-29 09:10:18.000,14580.0000,158,0,0.0000,0.0000,0,0,多换,B,14565.0000,0.0000,0.0000,0.0000,0.0000,14725.0000,0.0000,0.0000,0.0000,0.0000,1,0,0,0,0,1,0,0,0,0
sc,zn1305,2012-06-29 09:10:31.500,14580.0000,158,0,0.0000,0.0000,0,0,多换,B,14565.0000,0.0000,0.0000,0.0000,0.0000,14780.0000,0.0000,0.0000,0.0000,0.0000,1,0,0,0,0,1,0,0,0,0
sc,zn1305,2012-06-29 09:10:32.000,14580.0000,158,0,0.0000,0.0000,0,0,多换,B,14565.0000,0.0000,0.0000,0.0000,0.0000,14720.0000,0.0000,0.0000,0.0000,0.0000,1,0,0,0,0,1,0,0,0,0
sc,zn1305,2012-06-29 09:10:36.000,14580.0000,158,0,0.0000,0.0000,0,0,多换,B,14450.0000,0.0000,0.0000,0.0000,0.0000,14720.0000,0.0000,0.0000,0.0000,0.0000,3,0,0,0,0,1,0,0,0,0
sc,zn1305,2012-06-29 09:10:36.500,14580.0000,158,0,0.0000,0.0000,0,0,多换,B,14570.0000,0.0000,0.0000,0.0000,0.0000,14720.0000,0.0000,0.0000,0.0000,0.0000,1,0,0,0,0,1,0,0,0,0
sc,zn1305,2012-06-29 09:11:02.500,14580.0000,158,0,0.0000,0.0000,0,0,多换,B,14570.0000,0.0000,0.0000,0.0000,0.0000,14775.0000,0.0000,0.0000,0.0000,0.0000,1,0,0,0,0,5,0,0,0,0
sc,zn1305,2012-06-29 09:11:03.000,14580.0000,158,0,0.0000,0.0000,0,0,多换,B,14570.0000,0.0000,0.0000,0.0000,0.0000,14715.0000,0.0000,0.0000,0.0000,0.0000,1,0,0,0,0,1,0,0,0,0
sc,zn1305,2012-06-29 09:11:07.000,14580.0000,158,0,0.0000,0.0000,0,0,多换,B,14460.0000,0.0000,0.0000,0.0000,0.0000,14715.0000,0.0000,0.0000,0.0000,0.0000,8,0,0,0,0,1,0,0,0,0
sc,zn1305,2012-06-29 09:11:07.500,14580.0000,158,0,0.0000,0.0000,0,0,多换,B,14575.0000,0.0000,0.0000,0.0000,0.0000,14715.0000,0.0000,0.0000,0.0000,0.0000,1,0,0,0,0,1,0,0,0,0
sc,zn1305,2012-06-29 09:11:16.500,14580.0000,158,0,0.0000,0.0000,0,0,多换,B,14575.0000,0.0000,0.0000,0.0000,0.0000,14715.0000,0.0000,0.0000,0.0000,0.0000,1,0,0,0,0,1,0,0,0,0
sc,zn1305,2012-06-29 09:11:33.500,14580.0000,158,0,0.0000,0.0000,0,0,多换,B,14575.0000,0.0000,0.0000,0.0000,0.0000,14780.0000,0.0000,0.0000,0.0000,0.0000,1,0,0,0,0,1,0,0,0,0
sc,zn1305,2012-06-29 09:11:34.000,14580.0000,158,0,0.0000,0.0000,0,0,多换,B,14575.0000,0.0000,0.0000,0.0000,0.0000,14710.0000,0.0000,0.0000,0.0000,0.0000,1,0,0,0,0,1,0,0,0,0
sc,zn1305,2012-06-29 09:11:34.500,14580.0000,158,0,0.0000,0.0000,0,0,多换,B,14575.0000,0.0000,0.0000,0.0000,0.0000,14710.0000,0.0000,0.0000,0.0000,0.0000,1,0,0,0,0,1,0,0,0,0
sc,zn1305,2012-06-29 09:11:38.000,14580.0000,158,0,0.0000,0.0000,0,0,多换,B,14375.0000,0.0000,0.0000,0.0000,0.0000,14710.0000,0.0000,0.0000,0.0000,0.0000,1,0,0,0,0,1,0,0,0,0
sc,zn1305,2012-06-29 09:11:38.500,14580.0000,158,0,0.0000,0.0000,0,0,多换,B,14580.0000,0.0000,0.0000,0.0000,0.0000,14710.0000,0.0000,0.0000,0.0000,0.0000,1,0,0,0,0,1,0,0,0,0
sc,zn1305,2012-06-29 09:11:58.500,14580.0000,158,0,0.0000,0.0000,0,0,多换,B,14580.0000,0.0000,0.0000,0.0000,0.0000,14710.0000,0.0000,0.0000,0.0000,0.0000,1,0,0,0,0,1,0,0,0,0
sc,zn1305,2012-06-29 09:12:04.500,14580.0000,158,0,0.0000,0.0000,0,0,多换,B,14580.0000,0.0000,0.0000,0.0000,0.0000,14775.0000,0.0000,0.0000,0.0000,0.0000,1,0,0,0,0,5,0,0,0,0
sc,zn1305,2012-06-29 09:12:05.000,14580.0000,158,0,0.0000,0.0000,0,0,多换,B,14580.0000,0.0000,0.0000,0.0000,0.0000,14705.0000,0.0000,0.0000,0.0000,0.0000,1,0,0,0,0,1,0,0,0,0
sc,zn1305,2012-06-29 09:12:09.000,14580.0000,158,0,0.0000,0.0000,0,0,多换,B,14390.0000,0.0000,0.0000,0.0000,0.0000,14705.0000,0.0000,0.0000,0.0000,0.0000,10,0,0,0,0,1,0,0,0,0
sc,zn1305,2012-06-29 09:12:09.500,14580.0000,158,0,0.0000,0.0000,0,0,多换,B,14405.0000,0.0000,0.0000,0.0000,0.0000,14705.0000,0.0000,0.0000,0.0000,0.0000,10,0,0,0,0,1,0,0,0,0
sc,zn1305,2012-06-29 09:12:10.000,14580.0000,158,0,0.0000,0.0000,0,0,多换,B,14420.0000,0.0000,0.0000,0.0000,0.0000,14705.0000,0.0000,0.0000,0.0000,0.0000,10,0,0,0,0,1,0,0,0,0
sc,zn1305,2012-06-29 09:12:10.500,14580.0000,158,0,0.0000,0.0000,0,0,多换,B,14435.0000,0.0000,0.0000,0.0000,0.0000,14705.0000,0.0000,0.0000,0.0000,0.0000,10,0,0,0,0,1,0,0,0,0
sc,zn1305,2012-06-29 09:12:11.000,14580.0000,158,0,0.0000,0.0000,0,0,多换,B,14445.0000,0.0000,0.0000,0.0000,0.0000,14705.0000,0.0000,0.0000,0.0000,0.0000,8,0,0,0,0,1,0,0,0,0
sc,zn1305,2012-06-29 09:12:11.500,14580.0000,158,0,0.0000,0.0000,0,0,多换,B,14450.0000,0.0000,0.0000,0.0000,0.0000,14705.0000,0.0000,0.0000,0.0000,0.0000,1,0,0,0,0,1,0,0,0,0
sc,zn1305,2012-06-29 09:12:12.000,14580.0000,158,0,0.0000,0.0000,0,0,多换,B,14460.0000,0.0000,0.0000,0.0000,0.0000,14705.0000,0.0000,0.0000,0.0000,0.0000,8,0,0,0,0,1,0,0,0,0
sc,zn1305,2012-06-29 09:12:12.500,14580.0000,158,0,0.0000,0.0000,0,0,多换,B,14465.0000,0.0000,0.0000,0.0000,0.0000,14705.0000,0.0000,0.0000,0.0000,0.0000,1,0,0,0,0,1,0,0,0,0
sc,zn1305,2012-06-29 09:12:13.000,14580.0000,158,0,0.0000,0.0000,0,0,多换,B,14475.0000,0.0000,0.0000,0.0000,0.0000,14705.0000,0.0000,0.0000,0.0000,0.0000,8,0,0,0,0,1,0,0,0,0
sc,zn1305,2012-06-29 09:12:13.500,14580.0000,158,0,0.0000,0.0000,0,0,多换,B,14480.0000,0.0000,0.0000,0.0000,0.0000,14705.0000,0.0000,0.0000,0.0000,0.0000,1,0,0,0,0,1,0,0,0,0
sc,zn1305,2012-06-29 09:12:14.000,14580.0000,158,0,0.0000,0.0000,0,0,多换,B,14485.0000,0.0000,0.0000,0.0000,0.0000,14705.0000,0.0000,0.0000,0.0000,0.0000,8,0,0,0,0,1,0,0,0,0
sc,zn1305,2012-06-29 09:12:14.500,14580.0000,158,0,0.0000,0.0000,0,0,多换,B,14490.0000,0.0000,0.0000,0.0000,0.0000,14705.0000,0.0000,0.0000,0.0000,0.0000,1,0,0,0,0,1,0,0,0,0
sc,zn1305,2012-06-29 09:12:15.000,14580.0000,158,0,0.0000,0.0000,0,0,多换,B,14495.0000,0.0000,0.0000,0.0000,0.0000,14705.0000,0.0000,0.0000,0.0000,0.0000,5,0,0,0,0,1,0,0,0,0
sc,zn1305,2012-06-29 09:12:15.500,14580.0000,158,0,0.0000,0.0000,0,0,多换,B,14500.0000,0.0000,0.0000,0.0000,0.0000,14705.0000,0.0000,0.0000,0.0000,0.0000,1,0,0,0,0,1,0,0,0,0
sc,zn1305,2012-06-29 09:12:16.000,14580.0000,158,0,0.0000,0.0000,0,0,多换,B,14505.0000,0.0000,0.0000,0.0000,0.0000,14705.0000,0.0000,0.0000,0.0000,0.0000,5,0,0,0,0,1,0,0,0,0
sc,zn1305,2012-06-29 09:12:16.500,14580.0000,158,0,0.0000,0.0000,0,0,多换,B,14510.0000,0.0000,0.0000,0.0000,0.0000,14705.0000,0.0000,0.0000,0.0000,0.0000,1,0,0,0,0,1,0,0,0,0
sc,zn1305,2012-06-29 09:12:17.000,14580.0000,158,0,0.0000,0.0000,0,0,多换,B,14515.0000,0.0000,0.0000,0.0000,0.0000,14705.0000,0.0000,0.0000,0.0000,0.0000,5,0,0,0,0,1,0,0,0,0
sc,zn1305,2012-06-29 09:12:17.500,14580.0000,158,0,0.0000,0.0000,0,0,多换,B,14520.0000,0.0000,0.0000,0.0000,0.0000,14705.0000,0.0000,0.0000,0.0000,0.0000,1,0,0,0,0,1,0,0,0,0
sc,zn1305,2012-06-29 09:12:18.000,14580.0000,158,0,0.0000,0.0000,0,0,多换,B,14525.0000,0.0000,0.0000,0.0000,0.0000,14705.0000,0.0000,0.0000,0.0000,0.0000,5,0,0,0,0,1,0,0,0,0
sc,zn1305,2012-06-29 09:12:18.500,14580.0000,158,0,0.0000,0.0000,0,0,多换,B,14530.0000,0.0000,0.0000,0.0000,0.0000,14705.0000,0.0000,0.0000,0.0000,0.0000,1,0,0,0,0,1,0,0,0,0
sc,zn1305,2012-06-29 09:12:19.000,14580.0000,158,0,0.0000,0.0000,0,0,多换,B,14535.0000,0.0000,0.0000,0.0000,0.0000,14705.0000,0.0000,0.0000,0.0000,0.0000,5,0,0,0,0,1,0,0,0,0
sc,zn1305,2012-06-29 09:12:19.500,14580.0000,158,0,0.0000,0.0000,0,0,多换,B,14540.0000,0.0000,0.0000,0.0000,0.0000,14705.0000,0.0000,0.0000,0.0000,0.0000,1,0,0,0,0,1,0,0,0,0
sc,zn1305,2012-06-29 09:12:22.000,14580.0000,158,0,0.0000,0.0000,0,0,多换,B,14540.0000,0.0000,0.0000,0.0000,0.0000,14705.0000,0.0000,0.0000,0.0000,0.0000,1,0,0,0,0,1,0,0,0,0
sc,zn1305,2012-06-29 09:12:24.500,14580.0000,158,0,0.0000,0.0000,0,0,多换,B,14540.0000,0.0000,0.0000,0.0000,0.0000,14705.0000,0.0000,0.0000,0.0000,0.0000,1,0,0,0,0,1,0,0,0,0
sc,zn1305,2012-06-29 09:12:35.500,14580.0000,158,0,0.0000,0.0000,0,0,多换,B,14540.0000,0.0000,0.0000,0.0000,0.0000,14780.0000,0.0000,0.0000,0.0000,0.0000,1,0,0,0,0,1,0,0,0,0
sc,zn1305,2012-06-29 09:12:36.000,14580.0000,158,0,0.0000,0.0000,0,0,多换,B,14540.0000,0.0000,0.0000,0.0000,0.0000,14700.0000,0.0000,0.0000,0.0000,0.0000,1,0,0,0,0,1,0,0,0,0
sc,zn1305,2012-06-29 09:12:50.000,14580.0000,158,0,0.0000,0.0000,0,0,多换,B,14440.0000,0.0000,0.0000,0.0000,0.0000,14700.0000,0.0000,0.0000,0.0000,0.0000,3,0,0,0,0,1,0,0,0,0
sc,zn1305,2012-06-29 09:12:50.500,14580.0000,158,0,0.0000,0.0000,0,0,多换,B,14545.0000,0.0000,0.0000,0.0000,0.0000,14700.0000,0.0000,0.0000,0.0000,0.0000,1,0,0,0,0,1,0,0,0,0
sc,zn1305,2012-06-29 09:12:53.500,14580.0000,158,0,0.0000,0.0000,0,0,多换,B,14545.0000,0.0000,0.0000,0.0000,0.0000,14700.0000,0.0000,0.0000,0.0000,0.0000,1,0,0,0,0,1,0,0,0,0
sc,zn1305,2012-06-29 09:13:06.000,14580.0000,158,0,0.0000,0.0000,0,0,多换,B,14545.0000,0.0000,0.0000,0.0000,0.0000,14775.0000,0.0000,0.0000,0.0000,0.0000,1,0,0,0,0,18,0,0,0,0
sc,zn1305,2012-06-29 09:13:06.500,14580.0000,158,0,0.0000,0.0000,0,0,多换,B,14545.0000,0.0000,0.0000,0.0000,0.0000,14695.0000,0.0000,0.0000,0.0000,0.0000,1,0,0,0,0,1,0,0,0,0
sc,zn1305,2012-06-29 09:13:08.000,14580.0000,158,0,0.0000,0.0000,0,0,多换,B,14545.0000,0.0000,0.0000,0.0000,0.0000,14695.0000,0.0000,0.0000,0.0000,0.0000,1,0,0,0,0,1,0,0,0,0
sc,zn1305,2012-06-29 09:13:16.500,14580.0000,158,0,0.0000,0.0000,0,0,多换,B,14545.0000,0.0000,0.0000,0.0000,0.0000,14695.0000,0.0000,0.0000,0.0000,0.0000,1,0,0,0,0,1,0,0,0,0
sc,zn1305,2012-06-29 09:13:21.000,14580.0000,158,0,0.0000,0.0000,0,0,多换,B,14375.0000,0.0000,0.0000,0.0000,0.0000,14695.0000,0.0000,0.0000,0.0000,0.0000,1,0,0,0,0,1,0,0,0,0
sc,zn1305,2012-06-29 09:13:21.500,14580.0000,158,0,0.0000,0.0000,0,0,多换,B,14550.0000,0.0000,0.0000,0.0000,0.0000,14695.0000,0.0000,0.0000,0.0000,0.0000,1,0,0,0,0,1,0,0,0,0
sc,zn1305,2012-06-29 09:13:37.000,14580.0000,158,0,0.0000,0.0000,0,0,多换,B,14550.0000,0.0000,0.0000,0.0000,0.0000,14775.0000,0.0000,0.0000,0.0000,0.0000,1,0,0,0,0,13,0,0,0,0
sc,zn1305,2012-06-29 09:13:37.500,14580.0000,158,0,0.0000,0.0000,0,0,多换,B,14550.0000,0.0000,0.0000,0.0000,0.0000,14690.0000,0.0000,0.0000,0.0000,0.0000,1,0,0,0,0,1,0,0,0,0
sc,zn1305,2012-06-29 09:13:49.000,14580.0000,158,0,0.0000,0.0000,0,0,多换,B,14550.0000,0.0000,0.0000,0.0000,0.0000,14690.0000,0.0000,0.0000,0.0000,0.0000,1,0,0,0,0,1,0,0,0,0
sc,zn1305,2012-06-29 09:13:51.000,14580.0000,158,0,0.0000,0.0000,0,0,多换,B,14550.0000,0.0000,0.0000,0.0000,0.0000,14690.0000,0.0000,0.0000,0.0000,0.0000,1,0,0,0,0,1,0,0,0,0
sc,zn1305,2012-06-29 09:13:52.000,14580.0000,158,0,0.0000,0.0000,0,0,多换,B,14390.0000,0.0000,0.0000,0.0000,0.0000,14690.0000,0.0000,0.0000,0.0000,0.0000,10,0,0,0,0,1,0,0,0,0
sc,zn1305,2012-06-29 09:13:52.500,14580.0000,158,0,0.0000,0.0000,0,0,多换,B,14555.0000,0.0000,0.0000,0.0000,0.0000,14690.0000,0.0000,0.0000,0.0000,0.0000,1,0,0,0,0,1,0,0,0,0
sc,zn1305,2012-06-29 09:13:57.500,14580.0000,158,0,0.0000,0.0000,0,0,多换,B,14395.0000,0.0000,0.0000,0.0000,0.0000,14690.0000,0.0000,0.0000,0.0000,0.0000,10,0,0,0,0,1,0,0,0,0
sc,zn1305,2012-06-29 09:13:58.000,14580.0000,158,0,0.0000,0.0000,0,0,多换,B,14405.0000,0.0000,0.0000,0.0000,0.0000,14690.0000,0.0000,0.0000,0.0000,0.0000,10,0,0,0,0,1,0,0,0,0
sc,zn1305,2012-06-29 09:13:58.500,14580.0000,158,0,0.0000,0.0000,0,0,多换,B,14410.0000,0.0000,0.0000,0.0000,0.0000,14690.0000,0.0000,0.0000,0.0000,0.0000,1,0,0,0,0,1,0,0,0,0
sc,zn1305,2012-06-29 09:13:59.000,14580.0000,158,0,0.0000,0.0000,0,0,多换,B,14420.0000,0.0000,0.0000,0.0000,0.0000,14690.0000,0.0000,0.0000,0.0000,0.0000,8,0,0,0,0,1,0,0,0,0
sc,zn1305,2012-06-29 09:13:59.500,14580.0000,158,0,0.0000,0.0000,0,0,多换,B,14425.0000,0.0000,0.0000,0.0000,0.0000,14690.0000,0.0000,0.0000,0.0000,0.0000,1,0,0,0,0,1,0,0,0,0
sc,zn1305,2012-06-29 09:14:00.000,14580.0000,158,0,0.0000,0.0000,0,0,多换,B,14435.0000,0.0000,0.0000,0.0000,0.0000,14690.0000,0.0000,0.0000,0.0000,0.0000,8,0,0,0,0,1,0,0,0,0
sc,zn1305,2012-06-29 09:14:00.500,14580.0000,158,0,0.0000,0.0000,0,0,多换,B,14440.0000,0.0000,0.0000,0.0000,0.0000,14690.0000,0.0000,0.0000,0.0000,0.0000,1,0,0,0,0,1,0,0,0,0
sc,zn1305,2012-06-29 09:14:01.000,14580.0000,158,0,0.0000,0.0000,0,0,多换,B,14450.0000,0.0000,0.0000,0.0000,0.0000,14690.0000,0.0000,0.0000,0.0000,0.0000,8,0,0,0,0,1,0,0,0,0
sc,zn1305,2012-06-29 09:14:01.500,14580.0000,158,0,0.0000,0.0000,0,0,多换,B,14455.0000,0.0000,0.0000,0.0000,0.0000,14690.0000,0.0000,0.0000,0.0000,0.0000,1,0,0,0,0,1,0,0,0,0
sc,zn1305,2012-06-29 09:14:02.000,14580.0000,158,0,0.0000,0.0000,0,0,多换,B,14460.0000,0.0000,0.0000,0.0000,0.0000,14690.0000,0.0000,0.0000,0.0000,0.0000,8,0,0,0,0,1,0,0,0,0
sc,zn1305,2012-06-29 09:14:02.500,14580.0000,158,0,0.0000,0.0000,0,0,多换,B,14465.0000,0.0000,0.0000,0.0000,0.0000,14690.0000,0.0000,0.0000,0.0000,0.0000,1,0,0,0,0,1,0,0,0,0
sc,zn1305,2012-06-29 09:14:03.000,14580.0000,158,0,0.0000,0.0000,0,0,多换,B,14470.0000,0.0000,0.0000,0.0000,0.0000,14690.0000,0.0000,0.0000,0.0000,0.0000,5,0,0,0,0,1,0,0,0,0
sc,zn1305,2012-06-29 09:14:03.500,14580.0000,158,0,0.0000,0.0000,0,0,多换,B,14475.0000,0.0000,0.0000,0.0000,0.0000,14690.0000,0.0000,0.0000,0.0000,0.0000,1,0,0,0,0,1,0,0,0,0
sc,zn1305,2012-06-29 09:14:04.000,14580.0000,158,0,0.0000,0.0000,0,0,多换,B,14480.0000,0.0000,0.0000,0.0000,0.0000,14690.0000,0.0000,0.0000,0.0000,0.0000,5,0,0,0,0,1,0,0,0,0
sc,zn1305,2012-06-29 09:14:04.500,14580.0000,158,0,0.0000,0.0000,0,0,多换,B,14485.0000,0.0000,0.0000,0.0000,0.0000,14690.0000,0.0000,0.0000,0.0000,0.0000,1,0,0,0,0,1,0,0,0,0
sc,zn1305,2012-06-29 09:14:05.000,14580.0000,158,0,0.0000,0.0000,0,0,多换,B,14490.0000,0.0000,0.0000,0.0000,0.0000,14690.0000,0.0000,0.0000,0.0000,0.0000,5,0,0,0,0,1,0,0,0,0
sc,zn1305,2012-06-29 09:14:05.500,14580.0000,158,0,0.0000,0.0000,0,0,多换,B,14495.0000,0.0000,0.0000,0.0000,0.0000,14690.0000,0.0000,0.0000,0.0000,0.0000,1,0,0,0,0,1,0,0,0,0
sc,zn1305,2012-06-29 09:14:06.000,14580.0000,158,0,0.0000,0.0000,0,0,多换,B,14500.0000,0.0000,0.0000,0.0000,0.0000,14690.0000,0.0000,0.0000,0.0000,0.0000,5,0,0,0,0,1,0,0,0,0
sc,zn1305,2012-06-29 09:14:06.500,14580.0000,158,0,0.0000,0.0000,0,0,多换,B,14505.0000,0.0000,0.0000,0.0000,0.0000,14690.0000,0.0000,0.0000,0.0000,0.0000,1,0,0,0,0,1,0,0,0,0
sc,zn1305,2012-06-29 09:14:07.000,14580.0000,158,0,0.0000,0.0000,0,0,多换,B,14510.0000,0.0000,0.0000,0.0000,0.0000,14690.0000,0.0000,0.0000,0.0000,0.0000,5,0,0,0,0,1,0,0,0,0
sc,zn1305,2012-06-29 09:14:07.500,14580.0000,158,0,0.0000,0.0000,0,0,多换,B,14515.0000,0.0000,0.0000,0.0000,0.0000,14690.0000,0.0000,0.0000,0.0000,0.0000,1,0,0,0,0,1,0,0,0,0
sc,zn1305,2012-06-29 09:14:08.000,14580.0000,158,0,0.0000,0.0000,0,0,多换,B,14515.0000,0.0000,0.0000,0.0000,0.0000,14765.0000,0.0000,0.0000,0.0000,0.0000,1,0,0,0,0,8,0,0,0,0
sc,zn1305,2012-06-29 09:14:08.500,14580.0000,158,0,0.0000,0.0000,0,0,多换,B,14515.0000,0.0000,0.0000,0.0000,0.0000,14685.0000,0.0000,0.0000,0.0000,0.0000,1,0,0,0,0,1,0,0,0,0
sc,zn1305,2012-06-29 09:14:09.000,14580.0000,158,0,0.0000,0.0000,0,0,多换,B,14515.0000,0.0000,0.0000,0.0000,0.0000,14685.0000,0.0000,0.0000,0.0000,0.0000,6,0,0,0,0,1,0,0,0,0
sc,zn1305,2012-06-29 09:14:13.000,14580.0000,158,0,0.0000,0.0000,0,0,多换,B,14515.0000,0.0000,0.0000,0.0000,0.0000,14685.0000,0.0000,0.0000,0.0000,0.0000,1,0,0,0,0,1,0,0,0,0
sc,zn1305,2012-06-29 09:14:14.000,14580.0000,158,0,0.0000,0.0000,0,0,多换,B,14515.0000,0.0000,0.0000,0.0000,0.0000,14685.0000,0.0000,0.0000,0.0000,0.0000,6,0,0,0,0,1,0,0,0,0
sc,zn1305,2012-06-29 09:14:15.000,14580.0000,158,0,0.0000,0.0000,0,0,多换,B,14515.0000,0.0000,0.0000,0.0000,0.0000,14685.0000,0.0000,0.0000,0.0000,0.0000,6,0,0,0,0,1,0,0,0,0
sc,zn1305,2012-06-29 09:14:20.000,14580.0000,158,0,0.0000,0.0000,0,0,多换,B,14515.0000,0.0000,0.0000,0.0000,0.0000,14685.0000,0.0000,0.0000,0.0000,0.0000,1,0,0,0,0,1,0,0,0,0
sc,zn1305,2012-06-29 09:14:38.000,14580.0000,158,0,0.0000,0.0000,0,0,多换,B,14395.0000,0.0000,0.0000,0.0000,0.0000,14685.0000,0.0000,0.0000,0.0000,0.0000,10,0,0,0,0,1,0,0,0,0
sc,zn1305,2012-06-29 09:14:38.500,14580.0000,158,0,0.0000,0.0000,0,0,多换,B,14520.0000,0.0000,0.0000,0.0000,0.0000,14685.0000,0.0000,0.0000,0.0000,0.0000,1,0,0,0,0,1,0,0,0,0
sc,zn1305,2012-06-29 09:14:39.000,14580.0000,158,0,0.0000,0.0000,0,0,多换,B,14520.0000,0.0000,0.0000,0.0000,0.0000,14765.0000,0.0000,0.0000,0.0000,0.0000,1,0,0,0,0,8,0,0,0,0
sc,zn1305,2012-06-29 09:14:39.500,14580.0000,158,0,0.0000,0.0000,0,0,多换,B,14520.0000,0.0000,0.0000,0.0000,0.0000,14680.0000,0.0000,0.0000,0.0000,0.0000,1,0,0,0,0,1,0,0,0,0
sc,zn1305,2012-06-29 09:14:57.500,14580.0000,158,0,0.0000,0.0000,0,0,多换,B,14520.0000,0.0000,0.0000,0.0000,0.0000,14680.0000,0.0000,0.0000,0.0000,0.0000,1,0,0,0,0,1,0,0,0,0
sc,zn1305,2012-06-29 09:15:03.500,14580.0000,158,0,0.0000,0.0000,0,0,多换,B,14520.0000,0.0000,0.0000,0.0000,0.0000,14680.0000,0.0000,0.0000,0.0000,0.0000,1,0,0,0,0,1,0,0,0,0
sc,zn1305,2012-06-29 09:15:09.000,14580.0000,158,0,0.0000,0.0000,0,0,多换,B,14380.0000,0.0000,0.0000,0.0000,0.0000,14680.0000,0.0000,0.0000,0.0000,0.0000,3,0,0,0,0,1,0,0,0,0
sc,zn1305,2012-06-29 09:15:09.500,14580.0000,158,0,0.0000,0.0000,0,0,多换,B,14525.0000,0.0000,0.0000,0.0000,0.0000,14680.0000,0.0000,0.0000,0.0000,0.0000,1,0,0,0,0,1,0,0,0,0
sc,zn1305,2012-06-29 09:15:10.000,14580.0000,158,0,0.0000,0.0000,0,0,多换,B,14525.0000,0.0000,0.0000,0.0000,0.0000,14775.0000,0.0000,0.0000,0.0000,0.0000,1,0,0,0,0,3,0,0,0,0
sc,zn1305,2012-06-29 09:15:10.500,14580.0000,158,0,0.0000,0.0000,0,0,多换,B,14525.0000,0.0000,0.0000,0.0000,0.0000,14675.0000,0.0000,0.0000,0.0000,0.0000,1,0,0,0,0,1,0,0,0,0
sc,zn1305,2012-06-29 09:15:19.000,14580.0000,158,0,0.0000,0.0000,0,0,多换,B,14525.0000,0.0000,0.0000,0.0000,0.0000,14675.0000,0.0000,0.0000,0.0000,0.0000,1,0,0,0,0,1,0,0,0,0
sc,zn1305,2012-06-29 09:15:31.500,14580.0000,158,0,0.0000,0.0000,0,0,多换,B,14525.0000,0.0000,0.0000,0.0000,0.0000,14765.0000,0.0000,0.0000,0.0000,0.0000,1,0,0,0,0,8,0,0,0,0
sc,zn1305,2012-06-29 09:15:32.000,14580.0000,158,0,0.0000,0.0000,0,0,多换,B,14525.0000,0.0000,0.0000,0.0000,0.0000,14760.0000,0.0000,0.0000,0.0000,0.0000,1,0,0,0,0,11,0,0,0,0
sc,zn1305,2012-06-29 09:15:32.500,14580.0000,158,0,0.0000,0.0000,0,0,多换,B,14525.0000,0.0000,0.0000,0.0000,0.0000,14755.0000,0.0000,0.0000,0.0000,0.0000,1,0,0,0,0,5,0,0,0,0
sc,zn1305,2012-06-29 09:15:33.000,14580.0000,158,0,0.0000,0.0000,0,0,多换,B,14525.0000,0.0000,0.0000,0.0000,0.0000,14750.0000,0.0000,0.0000,0.0000,0.0000,1,0,0,0,0,1,0,0,0,0
sc,zn1305,2012-06-29 09:15:33.500,14580.0000,158,0,0.0000,0.0000,0,0,多换,B,14525.0000,0.0000,0.0000,0.0000,0.0000,14745.0000,0.0000,0.0000,0.0000,0.0000,1,0,0,0,0,5,0,0,0,0
sc,zn1305,2012-06-29 09:15:34.000,14580.0000,158,0,0.0000,0.0000,0,0,多换,B,14525.0000,0.0000,0.0000,0.0000,0.0000,14740.0000,0.0000,0.0000,0.0000,0.0000,1,0,0,0,0,1,0,0,0,0
sc,zn1305,2012-06-29 09:15:34.500,14580.0000,158,0,0.0000,0.0000,0,0,多换,B,14525.0000,0.0000,0.0000,0.0000,0.0000,14735.0000,0.0000,0.0000,0.0000,0.0000,1,0,0,0,0,5,0,0,0,0
sc,zn1305,2012-06-29 09:15:35.000,14580.0000,158,0,0.0000,0.0000,0,0,多换,B,14525.0000,0.0000,0.0000,0.0000,0.0000,14730.0000,0.0000,0.0000,0.0000,0.0000,1,0,0,0,0,1,0,0,0,0
sc,zn1305,2012-06-29 09:15:35.500,14580.0000,158,0,0.0000,0.0000,0,0,多换,B,14525.0000,0.0000,0.0000,0.0000,0.0000,14725.0000,0.0000,0.0000,0.0000,0.0000,1,0,0,0,0,5,0,0,0,0
sc,zn1305,2012-06-29 09:15:36.000,14580.0000,158,0,0.0000,0.0000,0,0,多换,B,14525.0000,0.0000,0.0000,0.0000,0.0000,14720.0000,0.0000,0.0000,0.0000,0.0000,1,0,0,0,0,1,0,0,0,0
sc,zn1305,2012-06-29 09:15:36.500,14580.0000,158,0,0.0000,0.0000,0,0,多换,B,14525.0000,0.0000,0.0000,0.0000,0.0000,14715.0000,0.0000,0.0000,0.0000,0.0000,1,0,0,0,0,5,0,0,0,0
sc,zn1305,2012-06-29 09:15:37.000,14580.0000,158,0,0.0000,0.0000,0,0,多换,B,14525.0000,0.0000,0.0000,0.0000,0.0000,14710.0000,0.0000,0.0000,0.0000,0.0000,1,0,0,0,0,1,0,0,0,0
sc,zn1305,2012-06-29 09:15:37.500,14580.0000,158,0,0.0000,0.0000,0,0,多换,B,14525.0000,0.0000,0.0000,0.0000,0.0000,14710.0000,0.0000,0.0000,0.0000,0.0000,1,0,0,0,0,6,0,0,0,0
sc,zn1305,2012-06-29 09:15:39.500,14580.0000,158,0,0.0000,0.0000,0,0,多换,B,14395.0000,0.0000,0.0000,0.0000,0.0000,14710.0000,0.0000,0.0000,0.0000,0.0000,10,0,0,0,0,1,0,0,0,0
sc,zn1305,2012-06-29 09:15:40.000,14580.0000,158,0,0.0000,0.0000,0,0,多换,B,14530.0000,0.0000,0.0000,0.0000,0.0000,14710.0000,0.0000,0.0000,0.0000,0.0000,1,0,0,0,0,6,0,0,0,0
sc,zn1305,2012-06-29 09:15:44.500,14580.0000,158,0,0.0000,0.0000,0,0,多换,B,14530.0000,0.0000,0.0000,0.0000,0.0000,14710.0000,0.0000,0.0000,0.0000,0.0000,1,0,0,0,0,1,0,0,0,0
sc,zn1305,2012-06-29 09:16:08.000,14580.0000,158,0,0.0000,0.0000,0,0,多换,B,14530.0000,0.0000,0.0000,0.0000,0.0000,14775.0000,0.0000,0.0000,0.0000,0.0000,1,0,0,0,0,3,0,0,0,0
sc,zn1305,2012-06-29 09:16:08.500,14580.0000,158,0,0.0000,0.0000,0,0,多换,B,14530.0000,0.0000,0.0000,0.0000,0.0000,14705.0000,0.0000,0.0000,0.0000,0.0000,1,0,0,0,0,1,0,0,0,0
sc,zn1305,2012-06-29 09:16:10.500,14580.0000,158,0,0.0000,0.0000,0,0,多换,B,14400.0000,0.0000,0.0000,0.0000,0.0000,14705.0000,0.0000,0.0000,0.0000,0.0000,10,0,0,0,0,1,0,0,0,0
sc,zn1305,2012-06-29 09:16:11.000,14580.0000,158,0,0.0000,0.0000,0,0,多换,B,14535.0000,0.0000,0.0000,0.0000,0.0000,14705.0000,0.0000,0.0000,0.0000,0.0000,1,0,0,0,0,1,0,0,0,0
sc,zn1305,2012-06-29 09:16:39.000,14580.0000,158,0,0.0000,0.0000,0,0,多换,B,14535.0000,0.0000,0.0000,0.0000,0.0000,14765.0000,0.0000,0.0000,0.0000,0.0000,1,0,0,0,0,8,0,0,0,0
sc,zn1305,2012-06-29 09:16:39.500,14580.0000,158,0,0.0000,0.0000,0,0,多换,B,14535.0000,0.0000,0.0000,0.0000,0.0000,14700.0000,0.0000,0.0000,0.0000,0.0000,1,0,0,0,0,1,0,0,0,0
sc,zn1305,2012-06-29 09:16:41.500,14580.0000,158,0,0.0000,0.0000,0,0,多换,B,14415.0000,0.0000,0.0000,0.0000,0.0000,14700.0000,0.0000,0.0000,0.0000,0.0000,10,0,0,0,0,1,0,0,0,0
sc,zn1305,2012-06-29 09:16:42.000,14580.0000,158,0,0.0000,0.0000,0,0,多换,B,14540.0000,0.0000,0.0000,0.0000,0.0000,14700.0000,0.0000,0.0000,0.0000,0.0000,1,0,0,0,0,1,0,0,0,0
sc,zn1305,2012-06-29 09:16:49.500,14580.0000,158,0,0.0000,0.0000,0,0,多换,B,14540.0000,0.0000,0.0000,0.0000,0.0000,14700.0000,0.0000,0.0000,0.0000,0.0000,1,0,0,0,0,1,0,0,0,0
sc,zn1305,2012-06-29 09:16:59.000,14580.0000,158,0,0.0000,0.0000,0,0,多换,B,14545.0000,0.0000,0.0000,0.0000,0.0000,14700.0000,0.0000,0.0000,0.0000,0.0000,1,0,0,0,0,1,0,0,0,0
sc,zn1305,2012-06-29 09:16:59.500,14580.0000,158,0,0.0000,0.0000,0,0,多换,B,14550.0000,0.0000,0.0000,0.0000,0.0000,14700.0000,0.0000,0.0000,0.0000,0.0000,1,0,0,0,0,1,0,0,0,0
sc,zn1305,2012-06-29 09:17:09.500,14580.0000,158,0,0.0000,0.0000,0,0,多换,B,14550.0000,0.0000,0.0000,0.0000,0.0000,14760.0000,0.0000,0.0000,0.0000,0.0000,1,0,0,0,0,10,0,0,0,0
sc,zn1305,2012-06-29 09:17:10.000,14580.0000,158,0,0.0000,0.0000,0,0,多换,B,14550.0000,0.0000,0.0000,0.0000,0.0000,14695.0000,0.0000,0.0000,0.0000,0.0000,1,0,0,0,0,1,0,0,0,0
sc,zn1305,2012-06-29 09:17:30.000,14580.0000,158,0,0.0000,0.0000,0,0,多换,B,14545.0000,0.0000,0.0000,0.0000,0.0000,14695.0000,0.0000,0.0000,0.0000,0.0000,1,0,0,0,0,1,0,0,0,0
sc,zn1305,2012-06-29 09:17:30.500,14580.0000,158,0,0.0000,0.0000,0,0,多换,B,14550.0000,0.0000,0.0000,0.0000,0.0000,14695.0000,0.0000,0.0000,0.0000,0.0000,1,0,0,0,0,1,0,0,0,0
sc,zn1305,2012-06-29 09:17:41.000,14580.0000,158,0,0.0000,0.0000,0,0,多换,B,14550.0000,0.0000,0.0000,0.0000,0.0000,14755.0000,0.0000,0.0000,0.0000,0.0000,1,0,0,0,0,5,0,0,0,0
sc,zn1305,2012-06-29 09:17:41.500,14580.0000,158,0,0.0000,0.0000,0,0,多换,B,14550.0000,0.0000,0.0000,0.0000,0.0000,14690.0000,0.0000,0.0000,0.0000,0.0000,1,0,0,0,0,1,0,0,0,0
sc,zn1305,2012-06-29 09:18:01.500,14580.0000,158,0,0.0000,0.0000,0,0,多换,B,14545.0000,0.0000,0.0000,0.0000,0.0000,14690.0000,0.0000,0.0000,0.0000,0.0000,1,0,0,0,0,1,0,0,0,0
sc,zn1305,2012-06-29 09:18:02.000,14580.0000,158,0,0.0000,0.0000,0,0,多换,B,14550.0000,0.0000,0.0000,0.0000,0.0000,14690.0000,0.0000,0.0000,0.0000,0.0000,1,0,0,0,0,1,0,0,0,0
sc,zn1305,2012-06-29 09:18:05.500,14580.0000,158,0,0.0000,0.0000,0,0,多换,B,14550.0000,0.0000,0.0000,0.0000,0.0000,14690.0000,0.0000,0.0000,0.0000,0.0000,1,0,0,0,0,1,0,0,0,0
sc,zn1305,2012-06-29 09:18:12.000,14580.0000,158,0,0.0000,0.0000,0,0,多换,B,14550.0000,0.0000,0.0000,0.0000,0.0000,14750.0000,0.0000,0.0000,0.0000,0.0000,1,0,0,0,0,10,0,0,0,0
sc,zn1305,2012-06-29 09:18:12.500,14580.0000,158,0,0.0000,0.0000,0,0,多换,B,14550.0000,0.0000,0.0000,0.0000,0.0000,14745.0000,0.0000,0.0000,0.0000,0.0000,1,0,0,0,0,6,0,0,0,0
sc,zn1305,2012-06-29 09:18:30.500,14580.0000,158,0,0.0000,0.0000,0,0,多换,B,14550.0000,0.0000,0.0000,0.0000,0.0000,14745.0000,0.0000,0.0000,0.0000,0.0000,1,0,0,0,0,6,0,0,0,0
sc,zn1305,2012-06-29 09:18:32.000,14580.0000,158,0,0.0000,0.0000,0,0,多换,B,14545.0000,0.0000,0.0000,0.0000,0.0000,14745.0000,0.0000,0.0000,0.0000,0.0000,1,0,0,0,0,6,0,0,0,0
sc,zn1305,2012-06-29 09:18:32.500,14580.0000,158,0,0.0000,0.0000,0,0,多换,B,14550.0000,0.0000,0.0000,0.0000,0.0000,14745.0000,0.0000,0.0000,0.0000,0.0000,1,0,0,0,0,6,0,0,0,0
sc,zn1305,2012-06-29 09:18:43.000,14580.0000,158,0,0.0000,0.0000,0,0,多换,B,14550.0000,0.0000,0.0000,0.0000,0.0000,14745.0000,0.0000,0.0000,0.0000,0.0000,1,0,0,0,0,5,0,0,0,0
sc,zn1305,2012-06-29 09:18:43.500,14580.0000,158,0,0.0000,0.0000,0,0,多换,B,14550.0000,0.0000,0.0000,0.0000,0.0000,14740.0000,0.0000,0.0000,0.0000,0.0000,1,0,0,0,0,1,0,0,0,0
sc,zn1305,2012-06-29 09:18:44.000,14580.0000,158,0,0.0000,0.0000,0,0,多换,B,14550.0000,0.0000,0.0000,0.0000,0.0000,14735.0000,0.0000,0.0000,0.0000,0.0000,1,0,0,0,0,5,0,0,0,0
sc,zn1305,2012-06-29 09:18:44.500,14580.0000,158,0,0.0000,0.0000,0,0,多换,B,14550.0000,0.0000,0.0000,0.0000,0.0000,14730.0000,0.0000,0.0000,0.0000,0.0000,1,0,0,0,0,1,0,0,0,0
sc,zn1305,2012-06-29 09:18:45.000,14580.0000,158,0,0.0000,0.0000,0,0,多换,B,14550.0000,0.0000,0.0000,0.0000,0.0000,14725.0000,0.0000,0.0000,0.0000,0.0000,1,0,0,0,0,5,0,0,0,0
sc,zn1305,2012-06-29 09:18:45.500,14580.0000,158,0,0.0000,0.0000,0,0,多换,B,14550.0000,0.0000,0.0000,0.0000,0.0000,14720.0000,0.0000,0.0000,0.0000,0.0000,1,0,0,0,0,1,0,0,0,0
sc,zn1305,2012-06-29 09:19:03.500,14580.0000,158,0,0.0000,0.0000,0,0,多换,B,14545.0000,0.0000,0.0000,0.0000,0.0000,14720.0000,0.0000,0.0000,0.0000,0.0000,1,0,0,0,0,1,0,0,0,0
sc,zn1305,2012-06-29 09:19:04.000,14580.0000,158,0,0.0000,0.0000,0,0,多换,B,14555.0000,0.0000,0.0000,0.0000,0.0000,14720.0000,0.0000,0.0000,0.0000,0.0000,1,0,0,0,0,1,0,0,0,0
sc,zn1305,2012-06-29 09:19:16.000,14580.0000,158,0,0.0000,0.0000,0,0,多换,B,14555.0000,0.0000,0.0000,0.0000,0.0000,14725.0000,0.0000,0.0000,0.0000,0.0000,1,0,0,0,0,5,0,0,0,0
sc,zn1305,2012-06-29 09:19:16.500,14580.0000,158,0,0.0000,0.0000,0,0,多换,B,14555.0000,0.0000,0.0000,0.0000,0.0000,14715.0000,0.0000,0.0000,0.0000,0.0000,1,0,0,0,0,1,0,0,0,0
sc,zn1305,2012-06-29 09:19:24.000,14580.0000,158,0,0.0000,0.0000,0,0,多换,B,14555.0000,0.0000,0.0000,0.0000,0.0000,14715.0000,0.0000,0.0000,0.0000,0.0000,1,0,0,0,0,1,0,0,0,0
sc,zn1305,2012-06-29 09:19:35.500,14580.0000,158,0,0.0000,0.0000,0,0,多换,B,14400.0000,0.0000,0.0000,0.0000,0.0000,14715.0000,0.0000,0.0000,0.0000,0.0000,10,0,0,0,0,1,0,0,0,0
sc,zn1305,2012-06-29 09:19:36.000,14580.0000,158,0,0.0000,0.0000,0,0,多换,B,14415.0000,0.0000,0.0000,0.0000,0.0000,14715.0000,0.0000,0.0000,0.0000,0.0000,10,0,0,0,0,1,0,0,0,0
sc,zn1305,2012-06-29 09:19:36.500,14580.0000,158,0,0.0000,0.0000,0,0,多换,B,14420.0000,0.0000,0.0000,0.0000,0.0000,14715.0000,0.0000,0.0000,0.0000,0.0000,1,0,0,0,0,1,0,0,0,0
sc,zn1305,2012-06-29 09:19:37.000,14580.0000,158,0,0.0000,0.0000,0,0,多换,B,14430.0000,0.0000,0.0000,0.0000,0.0000,14715.0000,0.0000,0.0000,0.0000,0.0000,10,0,0,0,0,1,0,0,0,0
sc,zn1305,2012-06-29 09:19:37.500,14580.0000,158,0,0.0000,0.0000,0,0,多换,B,14435.0000,0.0000,0.0000,0.0000,0.0000,14715.0000,0.0000,0.0000,0.0000,0.0000,1,0,0,0,0,1,0,0,0,0
sc,zn1305,2012-06-29 09:19:38.000,14580.0000,158,0,0.0000,0.0000,0,0,多换,B,14445.0000,0.0000,0.0000,0.0000,0.0000,14715.0000,0.0000,0.0000,0.0000,0.0000,8,0,0,0,0,1,0,0,0,0
sc,zn1305,2012-06-29 09:19:38.500,14580.0000,158,0,0.0000,0.0000,0,0,多换,B,14450.0000,0.0000,0.0000,0.0000,0.0000,14715.0000,0.0000,0.0000,0.0000,0.0000,1,0,0,0,0,1,0,0,0,0
sc,zn1305,2012-06-29 09:19:39.000,14580.0000,158,0,0.0000,0.0000,0,0,多换,B,14460.0000,0.0000,0.0000,0.0000,0.0000,14715.0000,0.0000,0.0000,0.0000,0.0000,8,0,0,0,0,1,0,0,0,0
sc,zn1305,2012-06-29 09:19:39.500,14580.0000,158,0,0.0000,0.0000,0,0,多换,B,14465.0000,0.0000,0.0000,0.0000,0.0000,14715.0000,0.0000,0.0000,0.0000,0.0000,1,0,0,0,0,1,0,0,0,0
sc,zn1305,2012-06-29 09:19:40.000,14580.0000,158,0,0.0000,0.0000,0,0,多换,B,14475.0000,0.0000,0.0000,0.0000,0.0000,14715.0000,0.0000,0.0000,0.0000,0.0000,8,0,0,0,0,1,0,0,0,0
sc,zn1305,2012-06-29 09:19:40.500,14580.0000,158,0,0.0000,0.0000,0,0,多换,B,14480.0000,0.0000,0.0000,0.0000,0.0000,14715.0000,0.0000,0.0000,0.0000,0.0000,1,0,0,0,0,1,0,0,0,0
sc,zn1305,2012-06-29 09:19:41.000,14580.0000,158,0,0.0000,0.0000,0,0,多换,B,14485.0000,0.0000,0.0000,0.0000,0.0000,14715.0000,0.0000,0.0000,0.0000,0.0000,5,0,0,0,0,1,0,0,0,0
sc,zn1305,2012-06-29 09:19:41.500,14580.0000,158,0,0.0000,0.0000,0,0,多换,B,14490.0000,0.0000,0.0000,0.0000,0.0000,14715.0000,0.0000,0.0000,0.0000,0.0000,1,0,0,0,0,1,0,0,0,0
sc,zn1305,2012-06-29 09:19:42.000,14580.0000,158,0,0.0000,0.0000,0,0,多换,B,14495.0000,0.0000,0.0000,0.0000,0.0000,14715.0000,0.0000,0.0000,0.0000,0.0000,5,0,0,0,0,1,0,0,0,0
sc,zn1305,2012-06-29 09:19:42.500,14580.0000,158,0,0.0000,0.0000,0,0,多换,B,14500.0000,0.0000,0.0000,0.0000,0.0000,14715.0000,0.0000,0.0000,0.0000,0.0000,1,0,0,0,0,1,0,0,0,0
sc,zn1305,2012-06-29 09:19:43.000,14580.0000,158,0,0.0000,0.0000,0,0,多换,B,14505.0000,0.0000,0.0000,0.0000,0.0000,14715.0000,0.0000,0.0000,0.0000,0.0000,5,0,0,0,0,1,0,0,0,0
sc,zn1305,2012-06-29 09:19:43.500,14580.0000,158,0,0.0000,0.0000,0,0,多换,B,14510.0000,0.0000,0.0000,0.0000,0.0000,14715.0000,0.0000,0.0000,0.0000,0.0000,1,0,0,0,0,1,0,0,0,0
sc,zn1305,2012-06-29 09:19:44.000,14580.0000,158,0,0.0000,0.0000,0,0,多换,B,14515.0000,0.0000,0.0000,0.0000,0.0000,14715.0000,0.0000,0.0000,0.0000,0.0000,5,0,0,0,0,1,0,0,0,0
sc,zn1305,2012-06-29 09:19:44.500,14580.0000,158,0,0.0000,0.0000,0,0,多换,B,14520.0000,0.0000,0.0000,0.0000,0.0000,14715.0000,0.0000,0.0000,0.0000,0.0000,1,0,0,0,0,1,0,0,0,0
sc,zn1305,2012-06-29 09:19:45.000,14580.0000,158,0,0.0000,0.0000,0,0,多换,B,14525.0000,0.0000,0.0000,0.0000,0.0000,14715.0000,0.0000,0.0000,0.0000,0.0000,5,0,0,0,0,1,0,0,0,0
sc,zn1305,2012-06-29 09:19:45.500,14580.0000,158,0,0.0000,0.0000,0,0,多换,B,14530.0000,0.0000,0.0000,0.0000,0.0000,14715.0000,0.0000,0.0000,0.0000,0.0000,1,0,0,0,0,1,0,0,0,0
sc,zn1305,2012-06-29 09:19:46.000,14580.0000,158,0,0.0000,0.0000,0,0,多换,B,14530.0000,0.0000,0.0000,0.0000,0.0000,14715.0000,0.0000,0.0000,0.0000,0.0000,6,0,0,0,0,1,0,0,0,0
sc,zn1305,2012-06-29 09:19:46.500,14580.0000,158,0,0.0000,0.0000,0,0,多换,B,14530.0000,0.0000,0.0000,0.0000,0.0000,14780.0000,0.0000,0.0000,0.0000,0.0000,6,0,0,0,0,1,0,0,0,0
sc,zn1305,2012-06-29 09:19:47.000,14580.0000,158,0,0.0000,0.0000,0,0,多换,B,14530.0000,0.0000,0.0000,0.0000,0.0000,14775.0000,0.0000,0.0000,0.0000,0.0000,6,0,0,0,0,22,0,0,0,0
sc,zn1305,2012-06-29 09:20:02.000,14580.0000,158,0,0.0000,0.0000,0,0,多换,B,14530.0000,0.0000,0.0000,0.0000,0.0000,14775.0000,0.0000,0.0000,0.0000,0.0000,1,0,0,0,0,22,0,0,0,0
sc,zn1305,2012-06-29 09:20:16.500,14580.0000,158,0,0.0000,0.0000,0,0,多换,B,14405.0000,0.0000,0.0000,0.0000,0.0000,14775.0000,0.0000,0.0000,0.0000,0.0000,3,0,0,0,0,22,0,0,0,0
sc,zn1305,2012-06-29 09:20:17.000,14580.0000,158,0,0.0000,0.0000,0,0,多换,B,14535.0000,0.0000,0.0000,0.0000,0.0000,14775.0000,0.0000,0.0000,0.0000,0.0000,1,0,0,0,0,21,0,0,0,0
sc,zn1305,2012-06-29 09:20:17.500,14580.0000,158,0,0.0000,0.0000,0,0,多换,B,14535.0000,0.0000,0.0000,0.0000,0.0000,14770.0000,0.0000,0.0000,0.0000,0.0000,1,0,0,0,0,1,0,0,0,0
sc,zn1305,2012-06-29 09:20:18.000,14580.0000,158,0,0.0000,0.0000,0,0,多换,B,14535.0000,0.0000,0.0000,0.0000,0.0000,14755.0000,0.0000,0.0000,0.0000,0.0000,1,0,0,0,0,10,0,0,0,0
sc,zn1305,2012-06-29 09:20:18.500,14580.0000,158,0,0.0000,0.0000,0,0,多换,B,14535.0000,0.0000,0.0000,0.0000,0.0000,14750.0000,0.0000,0.0000,0.0000,0.0000,1,0,0,0,0,6,0,0,0,0
sc,zn1305,2012-06-29 09:20:19.000,14580.0000,158,0,0.0000,0.0000,0,0,多换,B,14535.0000,0.0000,0.0000,0.0000,0.0000,14750.0000,0.0000,0.0000,0.0000,0.0000,1,0,0,0,0,16,0,0,0,0
sc,zn1305,2012-06-29 09:20:20.500,14580.0000,158,0,0.0000,0.0000,0,0,多换,B,14535.0000,0.0000,0.0000,0.0000,0.0000,14750.0000,0.0000,0.0000,0.0000,0.0000,1,0,0,0,0,6,0,0,0,0
sc,zn1305,2012-06-29 09:20:42.500,14580.0000,158,0,0.0000,0.0000,0,0,多换,B,14535.0000,0.0000,0.0000,0.0000,0.0000,14750.0000,0.0000,0.0000,0.0000,0.0000,1,0,0,0,0,6,0,0,0,0
sc,zn1305,2012-06-29 09:20:45.500,14580.0000,158,0,0.0000,0.0000,0,0,多换,B,14535.0000,0.0000,0.0000,0.0000,0.0000,14750.0000,0.0000,0.0000,0.0000,0.0000,6,0,0,0,0,6,0,0,0,0
sc,zn1305,2012-06-29 09:20:47.500,14580.0000,158,0,0.0000,0.0000,0,0,多换,B,14535.0000,0.0000,0.0000,0.0000,0.0000,14750.0000,0.0000,0.0000,0.0000,0.0000,5,0,0,0,0,6,0,0,0,0
sc,zn1305,2012-06-29 09:20:48.000,14580.0000,158,0,0.0000,0.0000,0,0,多换,B,14540.0000,0.0000,0.0000,0.0000,0.0000,14750.0000,0.0000,0.0000,0.0000,0.0000,1,0,0,0,0,6,0,0,0,0
sc,zn1305,2012-06-29 09:20:49.000,14580.0000,158,0,0.0000,0.0000,0,0,多换,B,14540.0000,0.0000,0.0000,0.0000,0.0000,14750.0000,0.0000,0.0000,0.0000,0.0000,1,0,0,0,0,5,0,0,0,0
sc,zn1305,2012-06-29 09:20:49.500,14580.0000,158,0,0.0000,0.0000,0,0,多换,B,14540.0000,0.0000,0.0000,0.0000,0.0000,14745.0000,0.0000,0.0000,0.0000,0.0000,1,0,0,0,0,1,0,0,0,0
sc,zn1305,2012-06-29 09:20:50.000,14580.0000,158,0,0.0000,0.0000,0,0,多换,B,14540.0000,0.0000,0.0000,0.0000,0.0000,14740.0000,0.0000,0.0000,0.0000,0.0000,1,0,0,0,0,5,0,0,0,0
sc,zn1305,2012-06-29 09:20:50.500,14580.0000,158,0,0.0000,0.0000,0,0,多换,B,14540.0000,0.0000,0.0000,0.0000,0.0000,14735.0000,0.0000,0.0000,0.0000,0.0000,1,0,0,0,0,1,0,0,0,0
sc,zn1305,2012-06-29 09:20:51.000,14580.0000,158,0,0.0000,0.0000,0,0,多换,B,14540.0000,0.0000,0.0000,0.0000,0.0000,14730.0000,0.0000,0.0000,0.0000,0.0000,1,0,0,0,0,5,0,0,0,0
sc,zn1305,2012-06-29 09:20:51.500,14580.0000,158,0,0.0000,0.0000,0,0,多换,B,14540.0000,0.0000,0.0000,0.0000,0.0000,14725.0000,0.0000,0.0000,0.0000,0.0000,1,0,0,0,0,1,0,0,0,0
sc,zn1305,2012-06-29 09:20:54.500,14580.0000,158,0,0.0000,0.0000,0,0,多换,B,14540.0000,0.0000,0.0000,0.0000,0.0000,14725.0000,0.0000,0.0000,0.0000,0.0000,1,0,0,0,0,1,0,0,0,0
sc,zn1305,2012-06-29 09:21:18.000,14580.0000,158,0,0.0000,0.0000,0,0,多换,B,14535.0000,0.0000,0.0000,0.0000,0.0000,14725.0000,0.0000,0.0000,0.0000,0.0000,5,0,0,0,0,1,0,0,0,0
sc,zn1305,2012-06-29 09:21:18.500,14580.0000,158,0,0.0000,0.0000,0,0,多换,B,14540.0000,0.0000,0.0000,0.0000,0.0000,14725.0000,0.0000,0.0000,0.0000,0.0000,1,0,0,0,0,1,0,0,0,0
sc,zn1305,2012-06-29 09:21:21.500,14580.0000,158,0,0.0000,0.0000,0,0,多换,B,14540.0000,0.0000,0.0000,0.0000,0.0000,14775.0000,0.0000,0.0000,0.0000,0.0000,1,0,0,0,0,3,0,0,0,0
sc,zn1305,2012-06-29 09:21:22.000,14580.0000,158,0,0.0000,0.0000,0,0,多换,B,14540.0000,0.0000,0.0000,0.0000,0.0000,14720.0000,0.0000,0.0000,0.0000,0.0000,1,0,0,0,0,1,0,0,0,0
sc,zn1305,2012-06-29 09:21:49.500,14580.0000,158,0,0.0000,0.0000,0,0,多换,B,14535.0000,0.0000,0.0000,0.0000,0.0000,14720.0000,0.0000,0.0000,0.0000,0.0000,5,0,0,0,0,1,0,0,0,0
sc,zn1305,2012-06-29 09:21:50.000,14580.0000,158,0,0.0000,0.0000,0,0,多换,B,14545.0000,0.0000,0.0000,0.0000,0.0000,14720.0000,0.0000,0.0000,0.0000,0.0000,1,0,0,0,0,1,0,0,0,0
sc,zn1305,2012-06-29 09:21:52.500,14580.0000,158,0,0.0000,0.0000,0,0,多换,B,14545.0000,0.0000,0.0000,0.0000,0.0000,14770.0000,0.0000,0.0000,0.0000,0.0000,1,0,0,0,0,15,0,0,0,0
sc,zn1305,2012-06-29 09:21:53.000,14580.0000,158,0,0.0000,0.0000,0,0,多换,B,14545.0000,0.0000,0.0000,0.0000,0.0000,14765.0000,0.0000,0.0000,0.0000,0.0000,1,0,0,0,0,1,0,0,0,0
sc,zn1305,2012-06-29 09:21:53.500,14580.0000,158,0,0.0000,0.0000,0,0,多换,B,14545.0000,0.0000,0.0000,0.0000,0.0000,14760.0000,0.0000,0.0000,0.0000,0.0000,1,0,0,0,0,15,0,0,0,0
sc,zn1305,2012-06-29 09:21:54.000,14580.0000,158,0,0.0000,0.0000,0,0,多换,B,14545.0000,0.0000,0.0000,0.0000,0.0000,14755.0000,0.0000,0.0000,0.0000,0.0000,1,0,0,0,0,1,0,0,0,0
sc,zn1305,2012-06-29 09:21:54.500,14580.0000,158,0,0.0000,0.0000,0,0,多换,B,14545.0000,0.0000,0.0000,0.0000,0.0000,14750.0000,0.0000,0.0000,0.0000,0.0000,1,0,0,0,0,5,0,0,0,0
sc,zn1305,2012-06-29 09:21:55.000,14580.0000,158,0,0.0000,0.0000,0,0,多换,B,14545.0000,0.0000,0.0000,0.0000,0.0000,14745.0000,0.0000,0.0000,0.0000,0.0000,1,0,0,0,0,1,0,0,0,0
sc,zn1305,2012-06-29 09:21:55.500,14580.0000,158,0,0.0000,0.0000,0,0,多换,B,14545.0000,0.0000,0.0000,0.0000,0.0000,14740.0000,0.0000,0.0000,0.0000,0.0000,1,0,0,0,0,5,0,0,0,0
sc,zn1305,2012-06-29 09:21:56.000,14580.0000,158,0,0.0000,0.0000,0,0,多换,B,14545.0000,0.0000,0.0000,0.0000,0.0000,14735.0000,0.0000,0.0000,0.0000,0.0000,1,0,0,0,0,1,0,0,0,0
sc,zn1305,2012-06-29 09:21:56.500,14580.0000,158,0,0.0000,0.0000,0,0,多换,B,14545.0000,0.0000,0.0000,0.0000,0.0000,14735.0000,0.0000,0.0000,0.0000,0.0000,1,0,0,0,0,6,0,0,0,0
sc,zn1305,2012-06-29 09:22:11.500,14580.0000,158,0,0.0000,0.0000,0,0,多换,B,14545.0000,0.0000,0.0000,0.0000,0.0000,14735.0000,0.0000,0.0000,0.0000,0.0000,1,0,0,0,0,6,0,0,0,0
sc,zn1305,2012-06-29 09:22:20.500,14580.0000,158,0,0.0000,0.0000,0,0,多换,B,14405.0000,0.0000,0.0000,0.0000,0.0000,14735.0000,0.0000,0.0000,0.0000,0.0000,13,0,0,0,0,6,0,0,0,0
sc,zn1305,2012-06-29 09:22:21.000,14580.0000,158,0,0.0000,0.0000,0,0,多换,B,14550.0000,0.0000,0.0000,0.0000,0.0000,14735.0000,0.0000,0.0000,0.0000,0.0000,1,0,0,0,0,6,0,0,0,0
sc,zn1305,2012-06-29 09:22:27.000,14580.0000,158,0,0.0000,0.0000,0,0,多换,B,14550.0000,0.0000,0.0000,0.0000,0.0000,14735.0000,0.0000,0.0000,0.0000,0.0000,1,0,0,0,0,5,0,0,0,0
sc,zn1305,2012-06-29 09:22:27.500,14580.0000,158,0,0.0000,0.0000,0,0,多换,B,14550.0000,0.0000,0.0000,0.0000,0.0000,14730.0000,0.0000,0.0000,0.0000,0.0000,1,0,0,0,0,1,0,0,0,0
sc,zn1305,2012-06-29 09:22:28.000,14580.0000,158,0,0.0000,0.0000,0,0,多换,B,14550.0000,0.0000,0.0000,0.0000,0.0000,14730.0000,0.0000,0.0000,0.0000,0.0000,1,0,0,0,0,6,0,0,0,0
sc,zn1305,2012-06-29 09:22:51.000,14580.0000,158,0,0.0000,0.0000,0,0,多换,B,14420.0000,0.0000,0.0000,0.0000,0.0000,14730.0000,0.0000,0.0000,0.0000,0.0000,10,0,0,0,0,6,0,0,0,0
sc,zn1305,2012-06-29 09:22:51.500,14580.0000,158,0,0.0000,0.0000,0,0,多换,B,14555.0000,0.0000,0.0000,0.0000,0.0000,14730.0000,0.0000,0.0000,0.0000,0.0000,1,0,0,0,0,6,0,0,0,0
sc,zn1305,2012-06-29 09:22:55.500,14580.0000,158,0,0.0000,0.0000,0,0,多换,B,14555.0000,0.0000,0.0000,0.0000,0.0000,14730.0000,0.0000,0.0000,0.0000,0.0000,1,0,0,0,0,6,0,0,0,0
sc,zn1305,2012-06-29 09:22:58.000,14580.0000,158,0,0.0000,0.0000,0,0,多换,B,14555.0000,0.0000,0.0000,0.0000,0.0000,14730.0000,0.0000,0.0000,0.0000,0.0000,1,0,0,0,0,5,0,0,0,0
sc,zn1305,2012-06-29 09:22:58.500,14580.0000,158,0,0.0000,0.0000,0,0,多换,B,14555.0000,0.0000,0.0000,0.0000,0.0000,14725.0000,0.0000,0.0000,0.0000,0.0000,1,0,0,0,0,1,0,0,0,0
sc,zn1305,2012-06-29 09:22:59.000,14580.0000,158,0,0.0000,0.0000,0,0,多换,B,14555.0000,0.0000,0.0000,0.0000,0.0000,14725.0000,0.0000,0.0000,0.0000,0.0000,1,0,0,0,0,6,0,0,0,0
sc,zn1305,2012-06-29 09:23:05.500,14580.0000,158,0,0.0000,0.0000,0,0,多换,B,14555.0000,0.0000,0.0000,0.0000,0.0000,14725.0000,0.0000,0.0000,0.0000,0.0000,1,0,0,0,0,1,0,0,0,0
sc,zn1305,2012-06-29 09:23:22.000,14580.0000,158,0,0.0000,0.0000,0,0,多换,B,14420.0000,0.0000,0.0000,0.0000,0.0000,14725.0000,0.0000,0.0000,0.0000,0.0000,10,0,0,0,0,1,0,0,0,0
sc,zn1305,2012-06-29 09:23:22.500,14580.0000,158,0,0.0000,0.0000,0,0,多换,B,14560.0000,0.0000,0.0000,0.0000,0.0000,14725.0000,0.0000,0.0000,0.0000,0.0000,1,0,0,0,0,1,0,0,0,0
sc,zn1305,2012-06-29 09:23:28.500,14580.0000,158,0,0.0000,0.0000,0,0,多换,B,14560.0000,0.0000,0.0000,0.0000,0.0000,14755.0000,0.0000,0.0000,0.0000,0.0000,1,0,0,0,0,10,0,0,0,0
sc,zn1305,2012-06-29 09:23:29.000,14580.0000,158,0,0.0000,0.0000,0,0,多换,B,14560.0000,0.0000,0.0000,0.0000,0.0000,14750.0000,0.0000,0.0000,0.0000,0.0000,1,0,0,0,0,6,0,0,0,0
sc,zn1305,2012-06-29 09:23:29.500,14580.0000,158,0,0.0000,0.0000,0,0,多换,B,14560.0000,0.0000,0.0000,0.0000,0.0000,14750.0000,0.0000,0.0000,0.0000,0.0000,1,0,0,0,0,16,0,0,0,0
sc,zn1305,2012-06-29 09:23:43.500,14580.0000,158,0,0.0000,0.0000,0,0,多换,B,14560.0000,0.0000,0.0000,0.0000,0.0000,14750.0000,0.0000,0.0000,0.0000,0.0000,1,0,0,0,0,6,0,0,0,0
sc,zn1305,2012-06-29 09:23:52.500,14580.0000,158,0,0.0000,0.0000,0,0,多换,B,14420.0000,0.0000,0.0000,0.0000,0.0000,14750.0000,0.0000,0.0000,0.0000,0.0000,10,0,0,0,0,6,0,0,0,0
sc,zn1305,2012-06-29 09:23:53.000,14580.0000,158,0,0.0000,0.0000,0,0,多换,B,14565.0000,0.0000,0.0000,0.0000,0.0000,14750.0000,0.0000,0.0000,0.0000,0.0000,1,0,0,0,0,6,0,0,0,0
sc,zn1305,2012-06-29 09:23:59.500,14580.0000,158,0,0.0000,0.0000,0,0,多换,B,14565.0000,0.0000,0.0000,0.0000,0.0000,14750.0000,0.0000,0.0000,0.0000,0.0000,1,0,0,0,0,5,0,0,0,0
sc,zn1305,2012-06-29 09:24:00.000,14580.0000,158,0,0.0000,0.0000,0,0,多换,B,14565.0000,0.0000,0.0000,0.0000,0.0000,14745.0000,0.0000,0.0000,0.0000,0.0000,1,0,0,0,0,1,0,0,0,0
sc,zn1305,2012-06-29 09:24:00.500,14580.0000,158,0,0.0000,0.0000,0,0,多换,B,14565.0000,0.0000,0.0000,0.0000,0.0000,14740.0000,0.0000,0.0000,0.0000,0.0000,1,0,0,0,0,5,0,0,0,0
sc,zn1305,2012-06-29 09:24:01.000,14580.0000,158,0,0.0000,0.0000,0,0,多换,B,14565.0000,0.0000,0.0000,0.0000,0.0000,14735.0000,0.0000,0.0000,0.0000,0.0000,1,0,0,0,0,1,0,0,0,0
sc,zn1305,2012-06-29 09:24:01.500,14580.0000,158,0,0.0000,0.0000,0,0,多换,B,14565.0000,0.0000,0.0000,0.0000,0.0000,14735.0000,0.0000,0.0000,0.0000,0.0000,1,0,0,0,0,1,0,0,0,0
sc,zn1305,2012-06-29 09:24:23.500,14580.0000,158,0,0.0000,0.0000,0,0,多换,B,14420.0000,0.0000,0.0000,0.0000,0.0000,14735.0000,0.0000,0.0000,0.0000,0.0000,10,0,0,0,0,1,0,0,0,0
sc,zn1305,2012-06-29 09:24:24.000,14580.0000,158,0,0.0000,0.0000,0,0,多换,B,14570.0000,0.0000,0.0000,0.0000,0.0000,14735.0000,0.0000,0.0000,0.0000,0.0000,1,0,0,0,0,1,0,0,0,0
sc,zn1305,2012-06-29 09:24:31.500,14580.0000,158,0,0.0000,0.0000,0,0,多换,B,14570.0000,0.0000,0.0000,0.0000,0.0000,14775.0000,0.0000,0.0000,0.0000,0.0000,1,0,0,0,0,3,0,0,0,0
sc,zn1305,2012-06-29 09:24:32.000,14580.0000,158,0,0.0000,0.0000,0,0,多换,B,14570.0000,0.0000,0.0000,0.0000,0.0000,14770.0000,0.0000,0.0000,0.0000,0.0000,1,0,0,0,0,16,0,0,0,0
sc,zn1305,2012-06-29 09:24:55.500,14580.0000,158,0,0.0000,0.0000,0,0,多换,B,14420.0000,0.0000,0.0000,0.0000,0.0000,14770.0000,0.0000,0.0000,0.0000,0.0000,10,0,0,0,0,16,0,0,0,0
sc,zn1305,2012-06-29 09:24:56.000,14580.0000,158,0,0.0000,0.0000,0,0,多换,B,14575.0000,0.0000,0.0000,0.0000,0.0000,14770.0000,0.0000,0.0000,0.0000,0.0000,1,0,0,0,0,16,0,0,0,0
sc,zn1305,2012-06-29 09:25:02.000,14580.0000,158,0,0.0000,0.0000,0,0,多换,B,14575.0000,0.0000,0.0000,0.0000,0.0000,14770.0000,0.0000,0.0000,0.0000,0.0000,1,0,0,0,0,15,0,0,0,0
sc,zn1305,2012-06-29 09:25:02.500,14580.0000,158,0,0.0000,0.0000,0,0,多换,B,14575.0000,0.0000,0.0000,0.0000,0.0000,14765.0000,0.0000,0.0000,0.0000,0.0000,1,0,0,0,0,1,0,0,0,0
sc,zn1305,2012-06-29 09:25:03.000,14580.0000,158,0,0.0000,0.0000,0,0,多换,B,14575.0000,0.0000,0.0000,0.0000,0.0000,14760.0000,0.0000,0.0000,0.0000,0.0000,1,0,0,0,0,5,0,0,0,0
sc,zn1305,2012-06-29 09:25:03.500,14580.0000,158,0,0.0000,0.0000,0,0,多换,B,14575.0000,0.0000,0.0000,0.0000,0.0000,14755.0000,0.0000,0.0000,0.0000,0.0000,1,0,0,0,0,1,0,0,0,0
sc,zn1305,2012-06-29 09:25:04.000,14580.0000,158,0,0.0000,0.0000,0,0,多换,B,14575.0000,0.0000,0.0000,0.0000,0.0000,14755.0000,0.0000,0.0000,0.0000,0.0000,1,0,0,0,0,6,0,0,0,0
