市场代码,合约代码,时间,最新,持仓,增仓,成交额,成交量,开仓,平仓,成交类型,方向,买一价,买二价,买三价,买四价,买五价,卖一价,卖二价,卖三价,卖四价,卖五价,买一量,买二量,买三量,买四量,买五量,卖一量,卖二量,卖三量,卖四量,卖五量
sc,zn1303,2012-06-29 07:36:29.500,14520.0000,1012,0,0.0000,0.0000,0,0,多换,B,0.0000,0.0000,0.0000,0.0000,0.0000,0.0000,0.0000,0.0000,0.0000,0.0000,0,0,0,0,0,0,0,0,0,0
sc,zn1303,2012-06-29 08:59:00.500,14520.0000,1012,0,0.0000,0.0000,0,0,多换,B,14355.0000,0.0000,0.0000,0.0000,0.0000,15200.0000,0.0000,0.0000,0.0000,0.0000,1,0,0,0,0,2,0,0,0,0
sc,zn1303,2012-06-29 09:00:01.000,14520.0000,1012,0,0.0000,0.0000,0,0,多换,B,14360.0000,0.0000,0.0000,0.0000,0.0000,15195.0000,0.0000,0.0000,0.0000,0.0000,1,0,0,0,0,10,0,0,0,0
sc,zn1303,2012-06-29 09:00:01.500,14520.0000,1012,0,0.0000,0.0000,0,0,多换,B,14360.0000,0.0000,0.0000,0.0000,0.0000,15190.0000,0.0000,0.0000,0.0000,0.0000,11,0,0,0,0,8,0,0,0,0
sc,zn1303,2012-06-29 09:00:02.000,14520.0000,1012,0,0.0000,0.0000,0,0,多换,B,14360.0000,0.0000,0.0000,0.0000,0.0000,15185.0000,0.0000,0.0000,0.0000,0.0000,11,0,0,0,0,10,0,0,0,0
sc,zn1303,2012-06-29 09:00:02.500,14520.0000,1012,0,0.0000,0.0000,0,0,多换,B,14365.0000,0.0000,0.0000,0.0000,0.0000,15175.0000,0.0000,0.0000,0.0000,0.0000,3,0,0,0,0,10,0,0,0,0
sc,zn1303,2012-06-29 09:00:03.000,14520.0000,1012,0,0.0000,0.0000,0,0,多换,B,14370.0000,0.0000,0.0000,0.0000,0.0000,15175.0000,0.0000,0.0000,0.0000,0.0000,10,0,0,0,0,10,0,0,0,0
sc,zn1303,2012-06-29 09:00:03.500,14520.0000,1012,0,0.0000,0.0000,0,0,多换,B,14370.0000,0.0000,0.0000,0.0000,0.0000,15170.0000,0.0000,0.0000,0.0000,0.0000,11,0,0,0,0,10,0,0,0,0
sc,zn1303,2012-06-29 09:00:04.000,14520.0000,1012,0,0.0000,0.0000,0,0,多换,B,14370.0000,0.0000,0.0000,0.0000,0.0000,15170.0000,0.0000,0.0000,0.0000,0.0000,21,0,0,0,0,10,0,0,0,0
sc,zn1303,2012-06-29 09:00:04.500,14520.0000,1012,0,0.0000,0.0000,0,0,多换,B,14370.0000,0.0000,0.0000,0.0000,0.0000,15170.0000,0.0000,0.0000,0.0000,0.0000,21,0,0,0,0,10,0,0,0,0
sc,zn1303,2012-06-29 09:00:05.000,14520.0000,1012,0,0.0000,0.0000,0,0,多换,B,14370.0000,0.0000,0.0000,0.0000,0.0000,15170.0000,0.0000,0.0000,0.0000,0.0000,21,0,0,0,0,10,0,0,0,0
sc,zn1303,2012-06-29 09:00:06.500,14520.0000,1012,0,0.0000,0.0000,0,0,多换,B,14370.0000,0.0000,0.0000,0.0000,0.0000,15165.0000,0.0000,0.0000,0.0000,0.0000,21,0,0,0,0,1,0,0,0,0
sc,zn1303,2012-06-29 09:00:07.000,14520.0000,1012,0,0.0000,0.0000,0,0,多换,B,14375.0000,0.0000,0.0000,0.0000,0.0000,15155.0000,0.0000,0.0000,0.0000,0.0000,5,0,0,0,0,10,0,0,0,0
sc,zn1303,2012-06-29 09:00:07.500,14520.0000,1012,0,0.0000,0.0000,0,0,多换,B,14380.0000,0.0000,0.0000,0.0000,0.0000,15155.0000,0.0000,0.0000,0.0000,0.0000,10,0,0,0,0,10,0,0,0,0
sc,zn1303,2012-06-29 09:00:08.000,14520.0000,1012,0,0.0000,0.0000,0,0,多换,B,14380.0000,0.0000,0.0000,0.0000,0.0000,15150.0000,0.0000,0.0000,0.0000,0.0000,10,0,0,0,0,8,0,0,0,0
sc,zn1303,2012-06-29 09:00:08.500,14520.0000,1012,0,0.0000,0.0000,0,0,多换,B,14380.0000,0.0000,0.0000,0.0000,0.0000,15150.0000,0.0000,0.0000,0.0000,0.0000,11,0,0,0,0,19,0,0,0,0
sc,zn1303,2012-06-29 09:00:09.000,14520.0000,1012,0,0.0000,0.0000,0,0,多换,B,14380.0000,0.0000,0.0000,0.0000,0.0000,15140.0000,0.0000,0.0000,0.0000,0.0000,11,0,0,0,0,10,0,0,0,0
sc,zn1303,2012-06-29 09:00:09.500,14520.0000,1012,0,0.0000,0.0000,0,0,多换,B,14380.0000,0.0000,0.0000,0.0000,0.0000,15135.0000,0.0000,0.0000,0.0000,0.0000,11,0,0,0,0,1,0,0,0,0
sc,zn1303,2012-06-29 09:00:10.000,14520.0000,1012,0,0.0000,0.0000,0,0,多换,B,14380.0000,0.0000,0.0000,0.0000,0.0000,15135.0000,0.0000,0.0000,0.0000,0.0000,11,0,0,0,0,11,0,0,0,0
sc,zn1303,2012-06-29 09:00:10.500,14520.0000,1012,0,0.0000,0.0000,0,0,多换,B,14385.0000,0.0000,0.0000,0.0000,0.0000,15135.0000,0.0000,0.0000,0.0000,0.0000,10,0,0,0,0,11,0,0,0,0
sc,zn1303,2012-06-29 09:00:11.000,14520.0000,1012,0,0.0000,0.0000,0,0,多换,B,14390.0000,0.0000,0.0000,0.0000,0.0000,15130.0000,0.0000,0.0000,0.0000,0.0000,10,0,0,0,0,10,0,0,0,0
sc,zn1303,2012-06-29 09:00:11.500,14520.0000,1012,0,0.0000,0.0000,0,0,多换,B,14395.0000,0.0000,0.0000,0.0000,0.0000,15120.0000,0.0000,0.0000,0.0000,0.0000,1,0,0,0,0,10,0,0,0,0
sc,zn1303,2012-06-29 09:00:12.000,14520.0000,1012,0,0.0000,0.0000,0,0,多换,B,14395.0000,0.0000,0.0000,0.0000,0.0000,15120.0000,0.0000,0.0000,0.0000,0.0000,1,0,0,0,0,10,0,0,0,0
sc,zn1303,2012-06-29 09:00:12.500,14520.0000,1012,0,0.0000,0.0000,0,0,多换,B,14395.0000,0.0000,0.0000,0.0000,0.0000,15115.0000,0.0000,0.0000,0.0000,0.0000,1,0,0,0,0,19,0,0,0,0
sc,zn1303,2012-06-29 09:00:13.000,14520.0000,1012,0,0.0000,0.0000,0,0,多换,B,14400.0000,0.0000,0.0000,0.0000,0.0000,14770.0000,0.0000,0.0000,0.0000,0.0000,10,0,0,0,0,1,0,0,0,0
sc,zn1303,2012-06-29 09:00:13.500,14520.0000,1012,0,0.0000,0.0000,0,0,多换,B,14400.0000,0.0000,0.0000,0.0000,0.0000,14770.0000,0.0000,0.0000,0.0000,0.0000,10,0,0,0,0,1,0,0,0,0
sc,zn1303,2012-06-29 09:00:14.000,14520.0000,1012,0,0.0000,0.0000,0,0,多换,B,14400.0000,0.0000,0.0000,0.0000,0.0000,14765.0000,0.0000,0.0000,0.0000,0.0000,10,0,0,0,0,8,0,0,0,0
sc,zn1303,2012-06-29 09:00:14.500,14520.0000,1012,0,0.0000,0.0000,0,0,多换,B,14405.0000,0.0000,0.0000,0.0000,0.0000,14755.0000,0.0000,0.0000,0.0000,0.0000,1,0,0,0,0,10,0,0,0,0
sc,zn1303,2012-06-29 09:00:15.000,14520.0000,1012,0,0.0000,0.0000,0,0,多换,B,14405.0000,0.0000,0.0000,0.0000,0.0000,14755.0000,0.0000,0.0000,0.0000,0.0000,1,0,0,0,0,10,0,0,0,0
sc,zn1303,2012-06-29 09:00:15.500,14520.0000,1012,0,0.0000,0.0000,0,0,多换,B,14405.0000,0.0000,0.0000,0.0000,0.0000,14750.0000,0.0000,0.0000,0.0000,0.0000,1,0,0,0,0,11,0,0,0,0
sc,zn1303,2012-06-29 09:00:16.000,14520.0000,1012,0,0.0000,0.0000,0,0,多换,B,14405.0000,0.0000,0.0000,0.0000,0.0000,14750.0000,0.0000,0.0000,0.0000,0.0000,1,0,0,0,0,11,0,0,0,0
sc,zn1303,2012-06-29 09:00:16.500,14520.0000,1012,0,0.0000,0.0000,0,0,多换,B,14405.0000,0.0000,0.0000,0.0000,0.0000,14735.0000,0.0000,0.0000,0.0000,0.0000,1,0,0,0,0,10,0,0,0,0
sc,zn1303,2012-06-29 09:00:17.000,14520.0000,1012,0,0.0000,0.0000,0,0,多换,B,14405.0000,0.0000,0.0000,0.0000,0.0000,14730.0000,0.0000,0.0000,0.0000,0.0000,1,0,0,0,0,1,0,0,0,0
sc,zn1303,2012-06-29 09:00:17.500,14520.0000,1012,0,0.0000,0.0000,0,0,多换,B,14405.0000,0.0000,0.0000,0.0000,0.0000,14725.0000,0.0000,0.0000,0.0000,0.0000,1,0,0,0,0,8,0,0,0,0
sc,zn1303,2012-06-29 09:00:18.000,14520.0000,1012,0,0.0000,0.0000,0,0,多换,B,14405.0000,0.0000,0.0000,0.0000,0.0000,14715.0000,0.0000,0.0000,0.0000,0.0000,1,0,0,0,0,10,0,0,0,0
sc,zn1303,2012-06-29 09:00:18.500,14520.0000,1012,0,0.0000,0.0000,0,0,多换,B,14405.0000,0.0000,0.0000,0.0000,0.0000,14715.0000,0.0000,0.0000,0.0000,0.0000,1,0,0,0,0,10,0,0,0,0
sc,zn1303,2012-06-29 09:00:19.000,14520.0000,1012,0,0.0000,0.0000,0,0,多换,B,14405.0000,0.0000,0.0000,0.0000,0.0000,14710.0000,0.0000,0.0000,0.0000,0.0000,1,0,0,0,0,1,0,0,0,0
sc,zn1303,2012-06-29 09:00:19.500,14520.0000,1012,0,0.0000,0.0000,0,0,多换,B,14405.0000,0.0000,0.0000,0.0000,0.0000,14705.0000,0.0000,0.0000,0.0000,0.0000,1,0,0,0,0,8,0,0,0,0
sc,zn1303,2012-06-29 09:00:20.000,14520.0000,1012,0,0.0000,0.0000,0,0,多换,B,14405.0000,0.0000,0.0000,0.0000,0.0000,14690.0000,0.0000,0.0000,0.0000,0.0000,1,0,0,0,0,10,0,0,0,0
sc,zn1303,2012-06-29 09:00:20.500,14520.0000,1012,0,0.0000,0.0000,0,0,多换,B,14405.0000,0.0000,0.0000,0.0000,0.0000,14685.0000,0.0000,0.0000,0.0000,0.0000,1,0,0,0,0,1,0,0,0,0
sc,zn1303,2012-06-29 09:00:21.000,14520.0000,1012,0,0.0000,0.0000,0,0,多换,B,14405.0000,0.0000,0.0000,0.0000,0.0000,14680.0000,0.0000,0.0000,0.0000,0.0000,1,0,0,0,0,8,0,0,0,0
sc,zn1303,2012-06-29 09:00:21.500,14520.0000,1012,0,0.0000,0.0000,0,0,多换,B,14405.0000,0.0000,0.0000,0.0000,0.0000,14670.0000,0.0000,0.0000,0.0000,0.0000,1,0,0,0,0,10,0,0,0,0
sc,zn1303,2012-06-29 09:00:22.000,14520.0000,1012,0,0.0000,0.0000,0,0,多换,B,14405.0000,0.0000,0.0000,0.0000,0.0000,14670.0000,0.0000,0.0000,0.0000,0.0000,1,0,0,0,0,10,0,0,0,0
sc,zn1303,2012-06-29 09:00:22.500,14520.0000,1012,0,0.0000,0.0000,0,0,多换,B,14405.0000,0.0000,0.0000,0.0000,0.0000,14665.0000,0.0000,0.0000,0.0000,0.0000,1,0,0,0,0,1,0,0,0,0
sc,zn1303,2012-06-29 09:00:23.000,14520.0000,1012,0,0.0000,0.0000,0,0,多换,B,14405.0000,0.0000,0.0000,0.0000,0.0000,14665.0000,0.0000,0.0000,0.0000,0.0000,1,0,0,0,0,1,0,0,0,0
sc,zn1303,2012-06-29 09:00:23.500,14520.0000,1012,0,0.0000,0.0000,0,0,多换,B,14405.0000,0.0000,0.0000,0.0000,0.0000,14650.0000,0.0000,0.0000,0.0000,0.0000,1,0,0,0,0,10,0,0,0,0
sc,zn1303,2012-06-29 09:00:24.000,14520.0000,1012,0,0.0000,0.0000,0,0,多换,B,14405.0000,0.0000,0.0000,0.0000,0.0000,14650.0000,0.0000,0.0000,0.0000,0.0000,1,0,0,0,0,10,0,0,0,0
sc,zn1303,2012-06-29 09:00:24.500,14520.0000,1012,0,0.0000,0.0000,0,0,多换,B,14405.0000,0.0000,0.0000,0.0000,0.0000,14645.0000,0.0000,0.0000,0.0000,0.0000,1,0,0,0,0,9,0,0,0,0
sc,zn1303,2012-06-29 09:00:25.000,14520.0000,1012,0,0.0000,0.0000,0,0,多换,B,14405.0000,0.0000,0.0000,0.0000,0.0000,14645.0000,0.0000,0.0000,0.0000,0.0000,1,0,0,0,0,9,0,0,0,0
sc,zn1303,2012-06-29 09:00:25.500,14520.0000,1012,0,0.0000,0.0000,0,0,多换,B,14410.0000,0.0000,0.0000,0.0000,0.0000,14645.0000,0.0000,0.0000,0.0000,0.0000,5,0,0,0,0,19,0,0,0,0
sc,zn1303,2012-06-29 09:00:26.000,14520.0000,1012,0,0.0000,0.0000,0,0,多换,B,14410.0000,0.0000,0.0000,0.0000,0.0000,14645.0000,0.0000,0.0000,0.0000,0.0000,5,0,0,0,0,19,0,0,0,0
sc,zn1303,2012-06-29 09:00:26.500,14520.0000,1012,0,0.0000,0.0000,0,0,多换,B,14415.0000,0.0000,0.0000,0.0000,0.0000,14645.0000,0.0000,0.0000,0.0000,0.0000,1,0,0,0,0,19,0,0,0,0
sc,zn1303,2012-06-29 09:00:27.000,14520.0000,1012,0,0.0000,0.0000,0,0,多换,B,14420.0000,0.0000,0.0000,0.0000,0.0000,14645.0000,0.0000,0.0000,0.0000,0.0000,5,0,0,0,0,19,0,0,0,0
sc,zn1303,2012-06-29 09:00:27.500,14520.0000,1012,0,0.0000,0.0000,0,0,多换,B,14420.0000,0.0000,0.0000,0.0000,0.0000,14645.0000,0.0000,0.0000,0.0000,0.0000,5,0,0,0,0,19,0,0,0,0
sc,zn1303,2012-06-29 09:00:28.000,14520.0000,1012,0,0.0000,0.0000,0,0,多换,B,14425.0000,0.0000,0.0000,0.0000,0.0000,14645.0000,0.0000,0.0000,0.0000,0.0000,1,0,0,0,0,19,0,0,0,0
sc,zn1303,2012-06-29 09:00:28.500,14520.0000,1012,0,0.0000,0.0000,0,0,多换,B,14425.0000,0.0000,0.0000,0.0000,0.0000,14645.0000,0.0000,0.0000,0.0000,0.0000,1,0,0,0,0,19,0,0,0,0
sc,zn1303,2012-06-29 09:00:29.000,14520.0000,1012,0,0.0000,0.0000,0,0,多换,B,14430.0000,0.0000,0.0000,0.0000,0.0000,14645.0000,0.0000,0.0000,0.0000,0.0000,5,0,0,0,0,19,0,0,0,0
sc,zn1303,2012-06-29 09:00:29.500,14520.0000,1012,0,0.0000,0.0000,0,0,多换,B,14435.0000,0.0000,0.0000,0.0000,0.0000,14645.0000,0.0000,0.0000,0.0000,0.0000,1,0,0,0,0,19,0,0,0,0
sc,zn1303,2012-06-29 09:00:30.000,14520.0000,1012,0,0.0000,0.0000,0,0,多换,B,14435.0000,0.0000,0.0000,0.0000,0.0000,14645.0000,0.0000,0.0000,0.0000,0.0000,1,0,0,0,0,19,0,0,0,0
sc,zn1303,2012-06-29 09:00:41.000,14520.0000,1012,0,0.0000,0.0000,0,0,多换,B,14435.0000,0.0000,0.0000,0.0000,0.0000,14645.0000,0.0000,0.0000,0.0000,0.0000,1,0,0,0,0,19,0,0,0,0
sc,zn1303,2012-06-29 09:00:48.500,14520.0000,1012,0,0.0000,0.0000,0,0,多换,B,14365.0000,0.0000,0.0000,0.0000,0.0000,14645.0000,0.0000,0.0000,0.0000,0.0000,3,0,0,0,0,19,0,0,0,0
sc,zn1303,2012-06-29 09:00:49.000,14520.0000,1012,0,0.0000,0.0000,0,0,多换,B,14370.0000,0.0000,0.0000,0.0000,0.0000,14645.0000,0.0000,0.0000,0.0000,0.0000,29,0,0,0,0,19,0,0,0,0
sc,zn1303,2012-06-29 09:00:52.000,14520.0000,1012,0,0.0000,0.0000,0,0,多换,B,14370.0000,0.0000,0.0000,0.0000,0.0000,14645.0000,0.0000,0.0000,0.0000,0.0000,19,0,0,0,0,19,0,0,0,0
sc,zn1303,2012-06-29 09:00:53.000,14520.0000,1012,0,0.0000,0.0000,0,0,多换,B,14370.0000,0.0000,0.0000,0.0000,0.0000,14645.0000,0.0000,0.0000,0.0000,0.0000,29,0,0,0,0,19,0,0,0,0
sc,zn1303,2012-06-29 09:00:53.500,14520.0000,1012,0,0.0000,0.0000,0,0,多换,B,14370.0000,0.0000,0.0000,0.0000,0.0000,14645.0000,0.0000,0.0000,0.0000,0.0000,19,0,0,0,0,19,0,0,0,0
sc,zn1303,2012-06-29 09:00:54.000,14520.0000,1012,0,0.0000,0.0000,0,0,多换,B,14370.0000,0.0000,0.0000,0.0000,0.0000,14645.0000,0.0000,0.0000,0.0000,0.0000,29,0,0,0,0,19,0,0,0,0
sc,zn1303,2012-06-29 09:00:54.500,14520.0000,1012,0,0.0000,0.0000,0,0,多换,B,14370.0000,0.0000,0.0000,0.0000,0.0000,14645.0000,0.0000,0.0000,0.0000,0.0000,19,0,0,0,0,18,0,0,0,0
sc,zn1303,2012-06-29 09:00:55.000,14520.0000,1012,0,0.0000,0.0000,0,0,多换,B,14370.0000,0.0000,0.0000,0.0000,0.0000,14640.0000,0.0000,0.0000,0.0000,0.0000,19,0,0,0,0,1,0,0,0,0
sc,zn1303,2012-06-29 09:00:55.500,14520.0000,1012,0,0.0000,0.0000,0,0,多换,B,14370.0000,0.0000,0.0000,0.0000,0.0000,14635.0000,0.0000,0.0000,0.0000,0.0000,19,0,0,0,0,10,0,0,0,0
sc,zn1303,2012-06-29 09:00:56.000,14520.0000,1012,0,0.0000,0.0000,0,0,多换,B,14370.0000,0.0000,0.0000,0.0000,0.0000,14630.0000,0.0000,0.0000,0.0000,0.0000,19,0,0,0,0,1,0,0,0,0
sc,zn1303,2012-06-29 09:00:56.500,14520.0000,1012,0,0.0000,0.0000,0,0,多换,B,14370.0000,0.0000,0.0000,0.0000,0.0000,14630.0000,0.0000,0.0000,0.0000,0.0000,29,0,0,0,0,1,0,0,0,0
sc,zn1303,2012-06-29 09:00:57.000,14520.0000,1012,0,0.0000,0.0000,0,0,多换,B,14370.0000,0.0000,0.0000,0.0000,0.0000,14630.0000,0.0000,0.0000,0.0000,0.0000,19,0,0,0,0,1,0,0,0,0
sc,zn1303,2012-06-29 09:00:57.500,14520.0000,1012,0,0.0000,0.0000,0,0,多换,B,14370.0000,0.0000,0.0000,0.0000,0.0000,14630.0000,0.0000,0.0000,0.0000,0.0000,29,0,0,0,0,1,0,0,0,0
sc,zn1303,2012-06-29 09:01:03.500,14520.0000,1012,0,0.0000,0.0000,0,0,多换,B,14370.0000,0.0000,0.0000,0.0000,0.0000,14630.0000,0.0000,0.0000,0.0000,0.0000,29,0,0,0,0,1,0,0,0,0
sc,zn1303,2012-06-29 09:01:04.000,14520.0000,1012,0,0.0000,0.0000,0,0,多换,B,14370.0000,0.0000,0.0000,0.0000,0.0000,14630.0000,0.0000,0.0000,0.0000,0.0000,29,0,0,0,0,1,0,0,0,0
sc,zn1303,2012-06-29 09:01:04.500,14520.0000,1012,0,0.0000,0.0000,0,0,多换,B,14370.0000,0.0000,0.0000,0.0000,0.0000,14630.0000,0.0000,0.0000,0.0000,0.0000,29,0,0,0,0,1,0,0,0,0
sc,zn1303,2012-06-29 09:01:08.500,14520.0000,1012,0,0.0000,0.0000,0,0,多换,B,14375.0000,0.0000,0.0000,0.0000,0.0000,14630.0000,0.0000,0.0000,0.0000,0.0000,1,0,0,0,0,1,0,0,0,0
sc,zn1303,2012-06-29 09:01:09.000,14520.0000,1012,0,0.0000,0.0000,0,0,多换,B,14380.0000,0.0000,0.0000,0.0000,0.0000,14630.0000,0.0000,0.0000,0.0000,0.0000,16,0,0,0,0,1,0,0,0,0
sc,zn1303,2012-06-29 09:01:10.000,14520.0000,1012,0,0.0000,0.0000,0,0,多换,B,14380.0000,0.0000,0.0000,0.0000,0.0000,14630.0000,0.0000,0.0000,0.0000,0.0000,16,0,0,0,0,1,0,0,0,0
sc,zn1303,2012-06-29 09:01:10.500,14520.0000,1012,0,0.0000,0.0000,0,0,多换,B,14380.0000,0.0000,0.0000,0.0000,0.0000,14630.0000,0.0000,0.0000,0.0000,0.0000,16,0,0,0,0,11,0,0,0,0
sc,zn1303,2012-06-29 09:01:15.500,14520.0000,1012,0,0.0000,0.0000,0,0,多换,B,14380.0000,0.0000,0.0000,0.0000,0.0000,14630.0000,0.0000,0.0000,0.0000,0.0000,16,0,0,0,0,11,0,0,0,0
sc,zn1303,2012-06-29 09:01:20.000,14520.0000,1012,0,0.0000,0.0000,0,0,多换,B,14380.0000,0.0000,0.0000,0.0000,0.0000,14630.0000,0.0000,0.0000,0.0000,0.0000,16,0,0,0,0,1,0,0,0,0
sc,zn1303,2012-06-29 09:01:27.000,14520.0000,1012,0,0.0000,0.0000,0,0,多换,B,14380.0000,0.0000,0.0000,0.0000,0.0000,14645.0000,0.0000,0.0000,0.0000,0.0000,16,0,0,0,0,8,0,0,0,0
sc,zn1303,2012-06-29 09:01:27.500,14520.0000,1012,0,0.0000,0.0000,0,0,多换,B,14380.0000,0.0000,0.0000,0.0000,0.0000,14625.0000,0.0000,0.0000,0.0000,0.0000,16,0,0,0,0,1,0,0,0,0
sc,zn1303,2012-06-29 09:01:33.000,14520.0000,1012,0,0.0000,0.0000,0,0,多换,B,14380.0000,0.0000,0.0000,0.0000,0.0000,14625.0000,0.0000,0.0000,0.0000,0.0000,16,0,0,0,0,1,0,0,0,0
sc,zn1303,2012-06-29 09:01:39.500,14520.0000,1012,0,0.0000,0.0000,0,0,多换,B,14380.0000,0.0000,0.0000,0.0000,0.0000,14625.0000,0.0000,0.0000,0.0000,0.0000,15,0,0,0,0,1,0,0,0,0
sc,zn1303,2012-06-29 09:01:40.000,14520.0000,1012,0,0.0000,0.0000,0,0,多换,B,14385.0000,0.0000,0.0000,0.0000,0.0000,14625.0000,0.0000,0.0000,0.0000,0.0000,1,0,0,0,0,1,0,0,0,0
sc,zn1303,2012-06-29 09:01:40.500,14520.0000,1012,0,0.0000,0.0000,0,0,多换,B,14390.0000,0.0000,0.0000,0.0000,0.0000,14625.0000,0.0000,0.0000,0.0000,0.0000,15,0,0,0,0,1,0,0,0,0
sc,zn1303,2012-06-29 09:01:41.000,14520.0000,1012,0,0.0000,0.0000,0,0,多换,B,14395.0000,0.0000,0.0000,0.0000,0.0000,14625.0000,0.0000,0.0000,0.0000,0.0000,1,0,0,0,0,1,0,0,0,0
sc,zn1303,2012-06-29 09:01:41.500,14520.0000,1012,0,0.0000,0.0000,0,0,多换,B,14395.0000,0.0000,0.0000,0.0000,0.0000,14625.0000,0.0000,0.0000,0.0000,0.0000,6,0,0,0,0,1,0,0,0,0
sc,zn1303,2012-06-29 09:01:43.000,14520.0000,1012,0,0.0000,0.0000,0,0,多换,B,14395.0000,0.0000,0.0000,0.0000,0.0000,14625.0000,0.0000,0.0000,0.0000,0.0000,1,0,0,0,0,1,0,0,0,0
sc,zn1303,2012-06-29 09:01:45.500,14520.0000,1012,0,0.0000,0.0000,0,0,多换,B,14395.0000,0.0000,0.0000,0.0000,0.0000,14625.0000,0.0000,0.0000,0.0000,0.0000,6,0,0,0,0,1,0,0,0,0
sc,zn1303,2012-06-29 09:01:52.000,14520.0000,1012,0,0.0000,0.0000,0,0,多换,B,14395.0000,0.0000,0.0000,0.0000,0.0000,14625.0000,0.0000,0.0000,0.0000,0.0000,6,0,0,0,0,1,0,0,0,0
sc,zn1303,2012-06-29 09:01:57.000,14520.0000,1012,0,0.0000,0.0000,0,0,多换,B,14395.0000,0.0000,0.0000,0.0000,0.0000,14625.0000,0.0000,0.0000,0.0000,0.0000,1,0,0,0,0,1,0,0,0,0
sc,zn1303,2012-06-29 09:01:58.000,14520.0000,1012,0,0.0000,0.0000,0,0,多换,B,14395.0000,0.0000,0.0000,0.0000,0.0000,14640.0000,0.0000,0.0000,0.0000,0.0000,1,0,0,0,0,10,0,0,0,0
sc,zn1303,2012-06-29 09:01:58.500,14520.0000,1012,0,0.0000,0.0000,0,0,多换,B,14395.0000,0.0000,0.0000,0.0000,0.0000,14620.0000,0.0000,0.0000,0.0000,0.0000,1,0,0,0,0,1,0,0,0,0
sc,zn1303,2012-06-29 09:02:11.500,14520.0000,1012,0,0.0000,0.0000,0,0,多换,B,14375.0000,0.0000,0.0000,0.0000,0.0000,14620.0000,0.0000,0.0000,0.0000,0.0000,1,0,0,0,0,1,0,0,0,0
sc,zn1303,2012-06-29 09:02:12.000,14520.0000,1012,0,0.0000,0.0000,0,0,多换,B,14400.0000,0.0000,0.0000,0.0000,0.0000,14620.0000,0.0000,0.0000,0.0000,0.0000,1,0,0,0,0,1,0,0,0,0
sc,zn1303,2012-06-29 09:02:24.000,14520.0000,1012,0,0.0000,0.0000,0,0,多换,B,14400.0000,0.0000,0.0000,0.0000,0.0000,14620.0000,0.0000,0.0000,0.0000,0.0000,1,0,0,0,0,1,0,0,0,0
sc,zn1303,2012-06-29 09:02:26.000,14520.0000,1012,0,0.0000,0.0000,0,0,多换,B,14400.0000,0.0000,0.0000,0.0000,0.0000,14620.0000,0.0000,0.0000,0.0000,0.0000,1,0,0,0,0,1,0,0,0,0
sc,zn1303,2012-06-29 09:02:29.000,14520.0000,1012,0,0.0000,0.0000,0,0,多换,B,14400.0000,0.0000,0.0000,0.0000,0.0000,14635.0000,0.0000,0.0000,0.0000,0.0000,1,0,0,0,0,5,0,0,0,0
sc,zn1303,2012-06-29 09:02:29.500,14520.0000,1012,0,0.0000,0.0000,0,0,多换,B,14400.0000,0.0000,0.0000,0.0000,0.0000,14615.0000,0.0000,0.0000,0.0000,0.0000,1,0,0,0,0,1,0,0,0,0
sc,zn1303,2012-06-29 09:02:32.000,14520.0000,1012,0,0.0000,0.0000,0,0,多换,B,14400.0000,0.0000,0.0000,0.0000,0.0000,14615.0000,0.0000,0.0000,0.0000,0.0000,1,0,0,0,0,1,0,0,0,0
sc,zn1303,2012-06-29 09:02:33.000,14520.0000,1012,0,0.0000,0.0000,0,0,多换,B,14400.0000,0.0000,0.0000,0.0000,0.0000,14615.0000,0.0000,0.0000,0.0000,0.0000,1,0,0,0,0,1,0,0,0,0
sc,zn1303,2012-06-29 09:02:34.500,14520.0000,1012,0,0.0000,0.0000,0,0,多换,B,14405.0000,0.0000,0.0000,0.0000,0.0000,14615.0000,0.0000,0.0000,0.0000,0.0000,1,0,0,0,0,1,0,0,0,0
sc,zn1303,2012-06-29 09:02:35.000,14520.0000,1012,0,0.0000,0.0000,0,0,多换,B,14405.0000,0.0000,0.0000,0.0000,0.0000,14615.0000,0.0000,0.0000,0.0000,0.0000,1,0,0,0,0,1,0,0,0,0
sc,zn1303,2012-06-29 09:02:36.000,14520.0000,1012,0,0.0000,0.0000,0,0,多换,B,14410.0000,0.0000,0.0000,0.0000,0.0000,14615.0000,0.0000,0.0000,0.0000,0.0000,1,0,0,0,0,1,0,0,0,0
sc,zn1303,2012-06-29 09:02:36.500,14520.0000,1012,0,0.0000,0.0000,0,0,多换,B,14410.0000,0.0000,0.0000,0.0000,0.0000,14615.0000,0.0000,0.0000,0.0000,0.0000,1,0,0,0,0,1,0,0,0,0
sc,zn1303,2012-06-29 09:02:41.500,14520.0000,1012,0,0.0000,0.0000,0,0,多换,B,14410.0000,0.0000,0.0000,0.0000,0.0000,14615.0000,0.0000,0.0000,0.0000,0.0000,1,0,0,0,0,1,0,0,0,0
sc,zn1303,2012-06-29 09:02:46.500,14520.0000,1012,0,0.0000,0.0000,0,0,多换,B,14410.0000,0.0000,0.0000,0.0000,0.0000,14615.0000,0.0000,0.0000,0.0000,0.0000,1,0,0,0,0,2,0,0,0,0
sc,zn1303,2012-06-29 09:02:59.000,14520.0000,1012,0,0.0000,0.0000,0,0,多换,B,14410.0000,0.0000,0.0000,0.0000,0.0000,14610.0000,0.0000,0.0000,0.0000,0.0000,1,0,0,0,0,3,0,0,0,0
sc,zn1303,2012-06-29 09:02:59.500,14520.0000,1012,0,0.0000,0.0000,0,0,多换,B,14410.0000,0.0000,0.0000,0.0000,0.0000,14605.0000,0.0000,0.0000,0.0000,0.0000,1,0,0,0,0,1,0,0,0,0
sc,zn1303,2012-06-29 09:03:01.500,14520.0000,1012,0,0.0000,0.0000,0,0,多换,B,14415.0000,0.0000,0.0000,0.0000,0.0000,14605.0000,0.0000,0.0000,0.0000,0.0000,5,0,0,0,0,1,0,0,0,0
sc,zn1303,2012-06-29 09:03:02.000,14520.0000,1012,0,0.0000,0.0000,0,0,多换,B,14420.0000,0.0000,0.0000,0.0000,0.0000,14605.0000,0.0000,0.0000,0.0000,0.0000,1,0,0,0,0,1,0,0,0,0
sc,zn1303,2012-06-29 09:03:03.000,14520.0000,1012,0,0.0000,0.0000,0,0,多换,B,14420.0000,0.0000,0.0000,0.0000,0.0000,14605.0000,0.0000,0.0000,0.0000,0.0000,6,0,0,0,0,1,0,0,0,0
sc,zn1303,2012-06-29 09:03:13.500,14520.0000,1012,0,0.0000,0.0000,0,0,多换,B,14420.0000,0.0000,0.0000,0.0000,0.0000,14605.0000,0.0000,0.0000,0.0000,0.0000,1,0,0,0,0,1,0,0,0,0
sc,zn1303,2012-06-29 09:03:17.500,14520.0000,1012,0,0.0000,0.0000,0,0,多换,B,14420.0000,0.0000,0.0000,0.0000,0.0000,14605.0000,0.0000,0.0000,0.0000,0.0000,1,0,0,0,0,1,0,0,0,0
sc,zn1303,2012-06-29 09:03:22.000,14520.0000,1012,0,0.0000,0.0000,0,0,多换,B,14420.0000,0.0000,0.0000,0.0000,0.0000,14605.0000,0.0000,0.0000,0.0000,0.0000,1,0,0,0,0,1,0,0,0,0
sc,zn1303,2012-06-29 09:03:23.000,14520.0000,1012,0,0.0000,0.0000,0,0,多换,B,14425.0000,0.0000,0.0000,0.0000,0.0000,14605.0000,0.0000,0.0000,0.0000,0.0000,5,0,0,0,0,1,0,0,0,0
sc,zn1303,2012-06-29 09:03:23.500,14520.0000,1012,0,0.0000,0.0000,0,0,多换,B,14430.0000,0.0000,0.0000,0.0000,0.0000,14605.0000,0.0000,0.0000,0.0000,0.0000,1,0,0,0,0,1,0,0,0,0
sc,zn1303,2012-06-29 09:03:30.000,14520.0000,1012,0,0.0000,0.0000,0,0,多换,B,14430.0000,0.0000,0.0000,0.0000,0.0000,14610.0000,0.0000,0.0000,0.0000,0.0000,1,0,0,0,0,3,0,0,0,0
sc,zn1303,2012-06-29 09:03:30.500,14520.0000,1012,0,0.0000,0.0000,0,0,多换,B,14430.0000,0.0000,0.0000,0.0000,0.0000,14600.0000,0.0000,0.0000,0.0000,0.0000,1,0,0,0,0,1,0,0,0,0
sc,zn1303,2012-06-29 09:03:54.500,14520.0000,1012,0,0.0000,0.0000,0,0,多换,B,14410.0000,0.0000,0.0000,0.0000,0.0000,14600.0000,0.0000,0.0000,0.0000,0.0000,10,0,0,0,0,1,0,0,0,0
sc,zn1303,2012-06-29 09:03:55.000,14520.0000,1012,0,0.0000,0.0000,0,0,多换,B,14435.0000,0.0000,0.0000,0.0000,0.0000,14600.0000,0.0000,0.0000,0.0000,0.0000,1,0,0,0,0,1,0,0,0,0
sc,zn1303,2012-06-29 09:03:55.500,14520.0000,1012,0,0.0000,0.0000,0,0,多换,B,14435.0000,0.0000,0.0000,0.0000,0.0000,14600.0000,0.0000,0.0000,0.0000,0.0000,1,0,0,0,0,6,0,0,0,0
sc,zn1303,2012-06-29 09:03:58.000,14520.0000,1012,0,0.0000,0.0000,0,0,多换,B,14415.0000,0.0000,0.0000,0.0000,0.0000,14600.0000,0.0000,0.0000,0.0000,0.0000,5,0,0,0,0,6,0,0,0,0
sc,zn1303,2012-06-29 09:03:58.500,14520.0000,1012,0,0.0000,0.0000,0,0,多换,B,14420.0000,0.0000,0.0000,0.0000,0.0000,14600.0000,0.0000,0.0000,0.0000,0.0000,1,0,0,0,0,6,0,0,0,0
sc,zn1303,2012-06-29 09:03:59.500,14520.0000,1012,0,0.0000,0.0000,0,0,多换,B,14420.0000,0.0000,0.0000,0.0000,0.0000,14600.0000,0.0000,0.0000,0.0000,0.0000,1,0,0,0,0,6,0,0,0,0
sc,zn1303,2012-06-29 09:04:01.000,14520.0000,1012,0,0.0000,0.0000,0,0,多换,B,14420.0000,0.0000,0.0000,0.0000,0.0000,14600.0000,0.0000,0.0000,0.0000,0.0000,1,0,0,0,0,5,0,0,0,0
sc,zn1303,2012-06-29 09:04:01.500,14520.0000,1012,0,0.0000,0.0000,0,0,多换,B,14420.0000,0.0000,0.0000,0.0000,0.0000,14595.0000,0.0000,0.0000,0.0000,0.0000,1,0,0,0,0,1,0,0,0,0
sc,zn1303,2012-06-29 09:04:02.000,14520.0000,1012,0,0.0000,0.0000,0,0,多换,B,14420.0000,0.0000,0.0000,0.0000,0.0000,14595.0000,0.0000,0.0000,0.0000,0.0000,1,0,0,0,0,6,0,0,0,0
sc,zn1303,2012-06-29 09:04:04.000,14520.0000,1012,0,0.0000,0.0000,0,0,多换,B,14420.0000,0.0000,0.0000,0.0000,0.0000,14595.0000,0.0000,0.0000,0.0000,0.0000,6,0,0,0,0,1,0,0,0,0
sc,zn1303,2012-06-29 09:04:28.500,14520.0000,1012,0,0.0000,0.0000,0,0,多换,B,14420.0000,0.0000,0.0000,0.0000,0.0000,14595.0000,0.0000,0.0000,0.0000,0.0000,5,0,0,0,0,1,0,0,0,0
sc,zn1303,2012-06-29 09:04:29.000,14520.0000,1012,0,0.0000,0.0000,0,0,多换,B,14425.0000,0.0000,0.0000,0.0000,0.0000,14595.0000,0.0000,0.0000,0.0000,0.0000,1,0,0,0,0,1,0,0,0,0
sc,zn1303,2012-06-29 09:04:31.500,14520.0000,1012,0,0.0000,0.0000,0,0,多换,B,14425.0000,0.0000,0.0000,0.0000,0.0000,14645.0000,0.0000,0.0000,0.0000,0.0000,1,0,0,0,0,8,0,0,0,0
sc,zn1303,2012-06-29 09:04:32.000,14520.0000,1012,0,0.0000,0.0000,0,0,多换,B,14425.0000,0.0000,0.0000,0.0000,0.0000,14640.0000,0.0000,0.0000,0.0000,0.0000,1,0,0,0,0,18,0,0,0,0
sc,zn1303,2012-06-29 09:04:33.000,14520.0000,1012,0,0.0000,0.0000,0,0,多换,B,14425.0000,0.0000,0.0000,0.0000,0.0000,14590.0000,0.0000,0.0000,0.0000,0.0000,1,0,0,0,0,1,0,0,0,0
sc,zn1303,2012-06-29 09:04:39.500,14520.0000,1012,0,0.0000,0.0000,0,0,多换,B,14425.0000,0.0000,0.0000,0.0000,0.0000,14590.0000,0.0000,0.0000,0.0000,0.0000,6,0,0,0,0,1,0,0,0,0
sc,zn1303,2012-06-29 09:04:47.500,14520.0000,1012,0,0.0000,0.0000,0,0,多换,B,14425.0000,0.0000,0.0000,0.0000,0.0000,14590.0000,0.0000,0.0000,0.0000,0.0000,6,0,0,0,0,1,0,0,0,0
sc,zn1303,2012-06-29 09:04:49.000,14520.0000,1012,0,0.0000,0.0000,0,0,多换,B,14425.0000,0.0000,0.0000,0.0000,0.0000,14590.0000,0.0000,0.0000,0.0000,0.0000,6,0,0,0,0,1,0,0,0,0
sc,zn1303,2012-06-29 09:04:51.500,14520.0000,1012,0,0.0000,0.0000,0,0,多换,B,14425.0000,0.0000,0.0000,0.0000,0.0000,14590.0000,0.0000,0.0000,0.0000,0.0000,6,0,0,0,0,1,0,0,0,0
sc,zn1303,2012-06-29 09:04:53.500,14520.0000,1012,0,0.0000,0.0000,0,0,多换,B,14425.0000,0.0000,0.0000,0.0000,0.0000,14590.0000,0.0000,0.0000,0.0000,0.0000,6,0,0,0,0,1,0,0,0,0
sc,zn1303,2012-06-29 09:04:59.500,14520.0000,1012,0,0.0000,0.0000,0,0,多换,B,14425.0000,0.0000,0.0000,0.0000,0.0000,14590.0000,0.0000,0.0000,0.0000,0.0000,5,0,0,0,0,1,0,0,0,0
sc,zn1303,2012-06-29 09:05:00.000,14520.0000,1012,0,0.0000,0.0000,0,0,多换,B,14430.0000,0.0000,0.0000,0.0000,0.0000,14590.0000,0.0000,0.0000,0.0000,0.0000,1,0,0,0,0,1,0,0,0,0
sc,zn1303,2012-06-29 09:05:00.500,14520.0000,1012,0,0.0000,0.0000,0,0,多换,B,14435.0000,0.0000,0.0000,0.0000,0.0000,14590.0000,0.0000,0.0000,0.0000,0.0000,5,0,0,0,0,1,0,0,0,0
sc,zn1303,2012-06-29 09:05:01.000,14520.0000,1012,0,0.0000,0.0000,0,0,多换,B,14440.0000,0.0000,0.0000,0.0000,0.0000,14590.0000,0.0000,0.0000,0.0000,0.0000,1,0,0,0,0,1,0,0,0,0
sc,zn1303,2012-06-29 09:05:01.500,14520.0000,1012,0,0.0000,0.0000,0,0,多换,B,14445.0000,0.0000,0.0000,0.0000,0.0000,14590.0000,0.0000,0.0000,0.0000,0.0000,5,0,0,0,0,1,0,0,0,0
sc,zn1303,2012-06-29 09:05:02.000,14520.0000,1012,0,0.0000,0.0000,0,0,多换,B,14450.0000,0.0000,0.0000,0.0000,0.0000,14590.0000,0.0000,0.0000,0.0000,0.0000,1,0,0,0,0,1,0,0,0,0
sc,zn1303,2012-06-29 09:05:03.000,14520.0000,1012,0,0.0000,0.0000,0,0,多换,B,14450.0000,0.0000,0.0000,0.0000,0.0000,14770.0000,0.0000,0.0000,0.0000,0.0000,1,0,0,0,0,1,0,0,0,0
sc,zn1303,2012-06-29 09:05:03.500,14520.0000,1012,0,0.0000,0.0000,0,0,多换,B,14450.0000,0.0000,0.0000,0.0000,0.0000,14755.0000,0.0000,0.0000,0.0000,0.0000,1,0,0,0,0,10,0,0,0,0
sc,zn1303,2012-06-29 09:05:04.000,14520.0000,1012,0,0.0000,0.0000,0,0,多换,B,14450.0000,0.0000,0.0000,0.0000,0.0000,14585.0000,0.0000,0.0000,0.0000,0.0000,1,0,0,0,0,1,0,0,0,0
sc,zn1303,2012-06-29 09:05:04.500,14520.0000,1012,0,0.0000,0.0000,0,0,多换,B,14450.0000,0.0000,0.0000,0.0000,0.0000,14585.0000,0.0000,0.0000,0.0000,0.0000,6,0,0,0,0,1,0,0,0,0
sc,zn1303,2012-06-29 09:05:08.000,14520.0000,1012,0,0.0000,0.0000,0,0,多换,B,14450.0000,0.0000,0.0000,0.0000,0.0000,14585.0000,0.0000,0.0000,0.0000,0.0000,6,0,0,0,0,1,0,0,0,0
sc,zn1303,2012-06-29 09:05:21.500,14520.0000,1012,0,0.0000,0.0000,0,0,多换,B,14450.0000,0.0000,0.0000,0.0000,0.0000,14585.0000,0.0000,0.0000,0.0000,0.0000,6,0,0,0,0,1,0,0,0,0
sc,zn1303,2012-06-29 09:05:28.000,14520.0000,1012,0,0.0000,0.0000,0,0,多换,B,14450.0000,0.0000,0.0000,0.0000,0.0000,14585.0000,0.0000,0.0000,0.0000,0.0000,6,0,0,0,0,1,0,0,0,0
sc,zn1303,2012-06-29 09:05:32.500,14520.0000,1012,0,0.0000,0.0000,0,0,多换,B,14450.0000,0.0000,0.0000,0.0000,0.0000,14585.0000,0.0000,0.0000,0.0000,0.0000,5,0,0,0,0,1,0,0,0,0
sc,zn1303,2012-06-29 09:05:33.000,14520.0000,1012,0,0.0000,0.0000,0,0,多换,B,14455.0000,0.0000,0.0000,0.0000,0.0000,14585.0000,0.0000,0.0000,0.0000,0.0000,1,0,0,0,0,1,0,0,0,0
sc,zn1303,2012-06-29 09:05:33.500,14520.0000,1012,0,0.0000,0.0000,0,0,多换,B,14460.0000,0.0000,0.0000,0.0000,0.0000,14650.0000,0.0000,0.0000,0.0000,0.0000,5,0,0,0,0,1,0,0,0,0
sc,zn1303,2012-06-29 09:05:34.000,14520.0000,1012,0,0.0000,0.0000,0,0,多换,B,14465.0000,0.0000,0.0000,0.0000,0.0000,14580.0000,0.0000,0.0000,0.0000,0.0000,1,0,0,0,0,1,0,0,0,0
sc,zn1303,2012-06-29 09:05:37.500,14520.0000,1012,0,0.0000,0.0000,0,0,多换,B,14410.0000,0.0000,0.0000,0.0000,0.0000,14580.0000,0.0000,0.0000,0.0000,0.0000,10,0,0,0,0,1,0,0,0,0
sc,zn1303,2012-06-29 09:05:38.000,14520.0000,1012,0,0.0000,0.0000,0,0,多换,B,14415.0000,0.0000,0.0000,0.0000,0.0000,14580.0000,0.0000,0.0000,0.0000,0.0000,19,0,0,0,0,1,0,0,0,0
sc,zn1303,2012-06-29 09:05:39.000,14520.0000,1012,0,0.0000,0.0000,0,0,多换,B,14415.0000,0.0000,0.0000,0.0000,0.0000,14580.0000,0.0000,0.0000,0.0000,0.0000,19,0,0,0,0,1,0,0,0,0
sc,zn1303,2012-06-29 09:05:41.500,14520.0000,1012,0,0.0000,0.0000,0,0,多换,B,14415.0000,0.0000,0.0000,0.0000,0.0000,14645.0000,0.0000,0.0000,0.0000,0.0000,19,0,0,0,0,8,0,0,0,0
sc,zn1303,2012-06-29 09:05:42.000,14520.0000,1012,0,0.0000,0.0000,0,0,多换,B,14415.0000,0.0000,0.0000,0.0000,0.0000,14640.0000,0.0000,0.0000,0.0000,0.0000,19,0,0,0,0,1,0,0,0,0
sc,zn1303,2012-06-29 09:05:42.500,14520.0000,1012,0,0.0000,0.0000,0,0,多换,B,14415.0000,0.0000,0.0000,0.0000,0.0000,14635.0000,0.0000,0.0000,0.0000,0.0000,19,0,0,0,0,5,0,0,0,0
sc,zn1303,2012-06-29 09:05:43.000,14520.0000,1012,0,0.0000,0.0000,0,0,多换,B,14415.0000,0.0000,0.0000,0.0000,0.0000,14630.0000,0.0000,0.0000,0.0000,0.0000,19,0,0,0,0,1,0,0,0,0
sc,zn1303,2012-06-29 09:05:43.500,14520.0000,1012,0,0.0000,0.0000,0,0,多换,B,14415.0000,0.0000,0.0000,0.0000,0.0000,14625.0000,0.0000,0.0000,0.0000,0.0000,19,0,0,0,0,5,0,0,0,0
sc,zn1303,2012-06-29 09:05:44.000,14520.0000,1012,0,0.0000,0.0000,0,0,多换,B,14415.0000,0.0000,0.0000,0.0000,0.0000,14620.0000,0.0000,0.0000,0.0000,0.0000,19,0,0,0,0,1,0,0,0,0
sc,zn1303,2012-06-29 09:05:44.500,14520.0000,1012,0,0.0000,0.0000,0,0,多换,B,14415.0000,0.0000,0.0000,0.0000,0.0000,14615.0000,0.0000,0.0000,0.0000,0.0000,19,0,0,0,0,5,0,0,0,0
sc,zn1303,2012-06-29 09:05:45.000,14520.0000,1012,0,0.0000,0.0000,0,0,多换,B,14415.0000,0.0000,0.0000,0.0000,0.0000,14610.0000,0.0000,0.0000,0.0000,0.0000,19,0,0,0,0,1,0,0,0,0
sc,zn1303,2012-06-29 09:05:47.500,14520.0000,1012,0,0.0000,0.0000,0,0,多换,B,14415.0000,0.0000,0.0000,0.0000,0.0000,14610.0000,0.0000,0.0000,0.0000,0.0000,19,0,0,0,0,1,0,0,0,0
sc,zn1303,2012-06-29 09:05:49.500,14520.0000,1012,0,0.0000,0.0000,0,0,多换,B,14415.0000,0.0000,0.0000,0.0000,0.0000,14610.0000,0.0000,0.0000,0.0000,0.0000,29,0,0,0,0,1,0,0,0,0
sc,zn1303,2012-06-29 09:05:50.000,14520.0000,1012,0,0.0000,0.0000,0,0,多换,B,14420.0000,0.0000,0.0000,0.0000,0.0000,14610.0000,0.0000,0.0000,0.0000,0.0000,1,0,0,0,0,1,0,0,0,0
sc,zn1303,2012-06-29 09:05:50.500,14520.0000,1012,0,0.0000,0.0000,0,0,多换,B,14425.0000,0.0000,0.0000,0.0000,0.0000,14610.0000,0.0000,0.0000,0.0000,0.0000,18,0,0,0,0,1,0,0,0,0
sc,zn1303,2012-06-29 09:05:51.000,14520.0000,1012,0,0.0000,0.0000,0,0,多换,B,14425.0000,0.0000,0.0000,0.0000,0.0000,14610.0000,0.0000,0.0000,0.0000,0.0000,18,0,0,0,0,1,0,0,0,0
sc,zn1303,2012-06-29 09:05:51.500,14520.0000,1012,0,0.0000,0.0000,0,0,多换,B,14430.0000,0.0000,0.0000,0.0000,0.0000,14610.0000,0.0000,0.0000,0.0000,0.0000,1,0,0,0,0,1,0,0,0,0
sc,zn1303,2012-06-29 09:05:52.000,14520.0000,1012,0,0.0000,0.0000,0,0,多换,B,14435.0000,0.0000,0.0000,0.0000,0.0000,14610.0000,0.0000,0.0000,0.0000,0.0000,18,0,0,0,0,1,0,0,0,0
sc,zn1303,2012-06-29 09:05:53.000,14520.0000,1012,0,0.0000,0.0000,0,0,多换,B,14440.0000,0.0000,0.0000,0.0000,0.0000,14650.0000,0.0000,0.0000,0.0000,0.0000,1,0,0,0,0,1,0,0,0,0
sc,zn1303,2012-06-29 09:05:53.500,14520.0000,1012,0,0.0000,0.0000,0,0,多换,B,14445.0000,0.0000,0.0000,0.0000,0.0000,14645.0000,0.0000,0.0000,0.0000,0.0000,18,0,0,0,0,6,0,0,0,0
sc,zn1303,2012-06-29 09:05:54.000,14520.0000,1012,0,0.0000,0.0000,0,0,多换,B,14450.0000,0.0000,0.0000,0.0000,0.0000,14645.0000,0.0000,0.0000,0.0000,0.0000,1,0,0,0,0,6,0,0,0,0
sc,zn1303,2012-06-29 09:05:54.500,14520.0000,1012,0,0.0000,0.0000,0,0,多换,B,14455.0000,0.0000,0.0000,0.0000,0.0000,14645.0000,0.0000,0.0000,0.0000,0.0000,8,0,0,0,0,1,0,0,0,0
sc,zn1303,2012-06-29 09:05:55.000,14520.0000,1012,0,0.0000,0.0000,0,0,多换,B,14460.0000,0.0000,0.0000,0.0000,0.0000,14645.0000,0.0000,0.0000,0.0000,0.0000,1,0,0,0,0,1,0,0,0,0
sc,zn1303,2012-06-29 09:05:55.500,14520.0000,1012,0,0.0000,0.0000,0,0,多换,B,14465.0000,0.0000,0.0000,0.0000,0.0000,14645.0000,0.0000,0.0000,0.0000,0.0000,5,0,0,0,0,1,0,0,0,0
sc,zn1303,2012-06-29 09:05:56.000,14520.0000,1012,0,0.0000,0.0000,0,0,多换,B,14470.0000,0.0000,0.0000,0.0000,0.0000,14645.0000,0.0000,0.0000,0.0000,0.0000,1,0,0,0,0,1,0,0,0,0
sc,zn1303,2012-06-29 09:05:56.500,14520.0000,1012,0,0.0000,0.0000,0,0,多换,B,14475.0000,0.0000,0.0000,0.0000,0.0000,14645.0000,0.0000,0.0000,0.0000,0.0000,5,0,0,0,0,1,0,0,0,0
sc,zn1303,2012-06-29 09:05:57.000,14520.0000,1012,0,0.0000,0.0000,0,0,多换,B,14480.0000,0.0000,0.0000,0.0000,0.0000,14645.0000,0.0000,0.0000,0.0000,0.0000,1,0,0,0,0,1,0,0,0,0
sc,zn1303,2012-06-29 09:05:57.500,14520.0000,1012,0,0.0000,0.0000,0,0,多换,B,14485.0000,0.0000,0.0000,0.0000,0.0000,14645.0000,0.0000,0.0000,0.0000,0.0000,5,0,0,0,0,6,0,0,0,0
sc,zn1303,2012-06-29 09:05:58.000,14520.0000,1012,0,0.0000,0.0000,0,0,多换,B,14490.0000,0.0000,0.0000,0.0000,0.0000,14645.0000,0.0000,0.0000,0.0000,0.0000,1,0,0,0,0,1,0,0,0,0
sc,zn1303,2012-06-29 09:05:58.500,14520.0000,1012,0,0.0000,0.0000,0,0,多换,B,14495.0000,0.0000,0.0000,0.0000,0.0000,14645.0000,0.0000,0.0000,0.0000,0.0000,5,0,0,0,0,1,0,0,0,0
sc,zn1303,2012-06-29 09:05:59.000,14520.0000,1012,0,0.0000,0.0000,0,0,多换,B,14500.0000,0.0000,0.0000,0.0000,0.0000,14645.0000,0.0000,0.0000,0.0000,0.0000,1,0,0,0,0,1,0,0,0,0
sc,zn1303,2012-06-29 09:05:59.500,14520.0000,1012,0,0.0000,0.0000,0,0,多换,B,14505.0000,0.0000,0.0000,0.0000,0.0000,14645.0000,0.0000,0.0000,0.0000,0.0000,5,0,0,0,0,1,0,0,0,0
sc,zn1303,2012-06-29 09:06:00.000,14520.0000,1012,0,0.0000,0.0000,0,0,多换,B,14510.0000,0.0000,0.0000,0.0000,0.0000,14645.0000,0.0000,0.0000,0.0000,0.0000,1,0,0,0,0,1,0,0,0,0
sc,zn1303,2012-06-29 09:06:00.500,14520.0000,1012,0,0.0000,0.0000,0,0,多换,B,14510.0000,0.0000,0.0000,0.0000,0.0000,14645.0000,0.0000,0.0000,0.0000,0.0000,7,0,0,0,0,1,0,0,0,0
sc,zn1303,2012-06-29 09:06:08.500,14520.0000,1012,0,0.0000,0.0000,0,0,多换,B,14510.0000,0.0000,0.0000,0.0000,0.0000,14645.0000,0.0000,0.0000,0.0000,0.0000,2,0,0,0,0,1,0,0,0,0
sc,zn1303,2012-06-29 09:06:16.000,14520.0000,1012,0,0.0000,0.0000,0,0,多换,B,14510.0000,0.0000,0.0000,0.0000,0.0000,14645.0000,0.0000,0.0000,0.0000,0.0000,2,0,0,0,0,1,0,0,0,0
sc,zn1303,2012-06-29 09:06:24.000,14520.0000,1012,0,0.0000,0.0000,0,0,多换,B,14510.0000,0.0000,0.0000,0.0000,0.0000,14650.0000,0.0000,0.0000,0.0000,0.0000,2,0,0,0,0,1,0,0,0,0
sc,zn1303,2012-06-29 09:06:24.500,14520.0000,1012,0,0.0000,0.0000,0,0,多换,B,14510.0000,0.0000,0.0000,0.0000,0.0000,14640.0000,0.0000,0.0000,0.0000,0.0000,2,0,0,0,0,1,0,0,0,0
sc,zn1303,2012-06-29 09:06:26.000,14520.0000,1012,0,0.0000,0.0000,0,0,多换,B,14510.0000,0.0000,0.0000,0.0000,0.0000,14640.0000,0.0000,0.0000,0.0000,0.0000,1,0,0,0,0,1,0,0,0,0
sc,zn1303,2012-06-29 09:06:36.500,14520.0000,1012,0,0.0000,0.0000,0,0,多换,B,14510.0000,0.0000,0.0000,0.0000,0.0000,14640.0000,0.0000,0.0000,0.0000,0.0000,1,0,0,0,0,1,0,0,0,0
sc,zn1303,2012-06-29 09:06:38.000,14520.0000,1012,0,0.0000,0.0000,0,0,多换,B,14510.0000,0.0000,0.0000,0.0000,0.0000,14640.0000,0.0000,0.0000,0.0000,0.0000,1,0,0,0,0,6,0,0,0,0
sc,zn1303,2012-06-29 09:06:40.500,14520.0000,1012,0,0.0000,0.0000,0,0,多换,B,14510.0000,0.0000,0.0000,0.0000,0.0000,14640.0000,0.0000,0.0000,0.0000,0.0000,1,0,0,0,0,1,0,0,0,0
sc,zn1303,2012-06-29 09:06:41.500,14520.0000,1012,0,0.0000,0.0000,0,0,多换,B,14510.0000,0.0000,0.0000,0.0000,0.0000,14635.0000,0.0000,0.0000,0.0000,0.0000,1,0,0,0,0,5,0,0,0,0
sc,zn1303,2012-06-29 09:06:42.000,14520.0000,1012,0,0.0000,0.0000,0,0,多换,B,14510.0000,0.0000,0.0000,0.0000,0.0000,14630.0000,0.0000,0.0000,0.0000,0.0000,1,0,0,0,0,1,0,0,0,0
sc,zn1303,2012-06-29 09:06:43.000,14520.0000,1012,0,0.0000,0.0000,0,0,多换,B,14510.0000,0.0000,0.0000,0.0000,0.0000,14630.0000,0.0000,0.0000,0.0000,0.0000,1,0,0,0,0,1,0,0,0,0
sc,zn1303,2012-06-29 09:06:43.500,14520.0000,1012,0,0.0000,0.0000,0,0,多换,B,14510.0000,0.0000,0.0000,0.0000,0.0000,14630.0000,0.0000,0.0000,0.0000,0.0000,1,0,0,0,0,6,0,0,0,0
sc,zn1303,2012-06-29 09:06:44.000,14520.0000,1012,0,0.0000,0.0000,0,0,多换,B,14510.0000,0.0000,0.0000,0.0000,0.0000,14630.0000,0.0000,0.0000,0.0000,0.0000,1,0,0,0,0,1,0,0,0,0
sc,zn1303,2012-06-29 09:06:50.000,14520.0000,1012,0,0.0000,0.0000,0,0,多换,B,14510.0000,0.0000,0.0000,0.0000,0.0000,14630.0000,0.0000,0.0000,0.0000,0.0000,1,0,0,0,0,6,0,0,0,0
sc,zn1303,2012-06-29 09:06:51.000,14520.0000,1012,0,0.0000,0.0000,0,0,多换,B,14510.0000,0.0000,0.0000,0.0000,0.0000,14630.0000,0.0000,0.0000,0.0000,0.0000,1,0,0,0,0,1,0,0,0,0
sc,zn1303,2012-06-29 09:06:52.000,14520.0000,1012,0,0.0000,0.0000,0,0,多换,B,14510.0000,0.0000,0.0000,0.0000,0.0000,14630.0000,0.0000,0.0000,0.0000,0.0000,1,0,0,0,0,6,0,0,0,0
sc,zn1303,2012-06-29 09:07:00.000,14520.0000,1012,0,0.0000,0.0000,0,0,多换,B,14510.0000,0.0000,0.0000,0.0000,0.0000,14630.0000,0.0000,0.0000,0.0000,0.0000,1,0,0,0,0,6,0,0,0,0
sc,zn1303,2012-06-29 09:07:01.000,14520.0000,1012,0,0.0000,0.0000,0,0,多换,B,14510.0000,0.0000,0.0000,0.0000,0.0000,14630.0000,0.0000,0.0000,0.0000,0.0000,1,0,0,0,0,6,0,0,0,0
sc,zn1303,2012-06-29 09:07:12.500,14520.0000,1012,0,0.0000,0.0000,0,0,多换,B,14510.0000,0.0000,0.0000,0.0000,0.0000,14630.0000,0.0000,0.0000,0.0000,0.0000,1,0,0,0,0,5,0,0,0,0
sc,zn1303,2012-06-29 09:07:13.000,14520.0000,1012,0,0.0000,0.0000,0,0,多换,B,14510.0000,0.0000,0.0000,0.0000,0.0000,14625.0000,0.0000,0.0000,0.0000,0.0000,1,0,0,0,0,1,0,0,0,0
sc,zn1303,2012-06-29 09:07:13.500,14520.0000,1012,0,0.0000,0.0000,0,0,多换,B,14510.0000,0.0000,0.0000,0.0000,0.0000,14625.0000,0.0000,0.0000,0.0000,0.0000,1,0,0,0,0,6,0,0,0,0
sc,zn1303,2012-06-29 09:07:39.500,14520.0000,1012,0,0.0000,0.0000,0,0,多换,B,14510.0000,0.0000,0.0000,0.0000,0.0000,14620.0000,0.0000,0.0000,0.0000,0.0000,1,0,0,0,0,2,0,0,0,0
sc,zn1303,2012-06-29 09:07:40.000,14520.0000,1012,0,0.0000,0.0000,0,0,多换,B,14510.0000,0.0000,0.0000,0.0000,0.0000,14615.0000,0.0000,0.0000,0.0000,0.0000,1,0,0,0,0,1,0,0,0,0
sc,zn1303,2012-06-29 09:07:44.500,14520.0000,1012,0,0.0000,0.0000,0,0,多换,B,14510.0000,0.0000,0.0000,0.0000,0.0000,14615.0000,0.0000,0.0000,0.0000,0.0000,1,0,0,0,0,1,0,0,0,0
sc,zn1303,2012-06-29 09:07:45.000,14520.0000,1012,0,0.0000,0.0000,0,0,多换,B,14510.0000,0.0000,0.0000,0.0000,0.0000,14610.0000,0.0000,0.0000,0.0000,0.0000,1,0,0,0,0,2,0,0,0,0
sc,zn1303,2012-06-29 09:07:45.500,14520.0000,1012,0,0.0000,0.0000,0,0,多换,B,14510.0000,0.0000,0.0000,0.0000,0.0000,14605.0000,0.0000,0.0000,0.0000,0.0000,1,0,0,0,0,1,0,0,0,0
sc,zn1303,2012-06-29 09:07:46.500,14520.0000,1012,0,0.0000,0.0000,0,0,多换,B,14515.0000,0.0000,0.0000,0.0000,0.0000,14605.0000,0.0000,0.0000,0.0000,0.0000,3,0,0,0,0,1,0,0,0,0
sc,zn1303,2012-06-29 09:07:47.000,14520.0000,1012,0,0.0000,0.0000,0,0,多换,B,14515.0000,0.0000,0.0000,0.0000,0.0000,14605.0000,0.0000,0.0000,0.0000,0.0000,3,0,0,0,0,1,0,0,0,0
sc,zn1303,2012-06-29 09:07:47.500,14520.0000,1012,0,0.0000,0.0000,0,0,多换,B,14515.0000,0.0000,0.0000,0.0000,0.0000,14605.0000,0.0000,0.0000,0.0000,0.0000,3,0,0,0,0,1,0,0,0,0
sc,zn1303,2012-06-29 09:07:49.500,14520.0000,1012,0,0.0000,0.0000,0,0,多换,B,14520.0000,0.0000,0.0000,0.0000,0.0000,14600.0000,0.0000,0.0000,0.0000,0.0000,1,0,0,0,0,2,0,0,0,0
sc,zn1303,2012-06-29 09:07:50.000,14520.0000,1012,0,0.0000,0.0000,0,0,多换,B,14520.0000,0.0000,0.0000,0.0000,0.0000,14600.0000,0.0000,0.0000,0.0000,0.0000,1,0,0,0,0,2,0,0,0,0
sc,zn1303,2012-06-29 09:08:07.500,14520.0000,1012,0,0.0000,0.0000,0,0,多换,B,14520.0000,0.0000,0.0000,0.0000,0.0000,14595.0000,0.0000,0.0000,0.0000,0.0000,1,0,0,0,0,1,0,0,0,0
sc,zn1303,2012-06-29 09:08:08.000,14520.0000,1012,0,0.0000,0.0000,0,0,多换,B,14520.0000,0.0000,0.0000,0.0000,0.0000,14600.0000,0.0000,0.0000,0.0000,0.0000,1,0,0,0,0,2,0,0,0,0
sc,zn1303,2012-06-29 09:08:09.000,14520.0000,1012,0,0.0000,0.0000,0,0,多换,B,14520.0000,0.0000,0.0000,0.0000,0.0000,14595.0000,0.0000,0.0000,0.0000,0.0000,1,0,0,0,0,1,0,0,0,0
sc,zn1303,2012-06-29 09:08:09.500,14520.0000,1012,0,0.0000,0.0000,0,0,多换,B,14520.0000,0.0000,0.0000,0.0000,0.0000,14600.0000,0.0000,0.0000,0.0000,0.0000,1,0,0,0,0,2,0,0,0,0
sc,zn1303,2012-06-29 09:08:11.000,14520.0000,1012,0,0.0000,0.0000,0,0,多换,B,14520.0000,0.0000,0.0000,0.0000,0.0000,14595.0000,0.0000,0.0000,0.0000,0.0000,1,0,0,0,0,1,0,0,0,0
sc,zn1303,2012-06-29 09:08:12.000,14520.0000,1012,0,0.0000,0.0000,0,0,多换,B,14520.0000,0.0000,0.0000,0.0000,0.0000,14600.0000,0.0000,0.0000,0.0000,0.0000,1,0,0,0,0,2,0,0,0,0
sc,zn1303,2012-06-29 09:08:14.000,14520.0000,1012,0,0.0000,0.0000,0,0,多换,B,14520.0000,0.0000,0.0000,0.0000,0.0000,14595.0000,0.0000,0.0000,0.0000,0.0000,1,0,0,0,0,1,0,0,0,0
sc,zn1303,2012-06-29 09:08:17.000,14520.0000,1012,0,0.0000,0.0000,0,0,多换,B,14520.0000,0.0000,0.0000,0.0000,0.0000,14600.0000,0.0000,0.0000,0.0000,0.0000,1,0,0,0,0,2,0,0,0,0
sc,zn1303,2012-06-29 09:09:07.000,14520.0000,1012,0,0.0000,0.0000,0,0,多换,B,14520.0000,0.0000,0.0000,0.0000,0.0000,14650.0000,0.0000,0.0000,0.0000,0.0000,1,0,0,0,0,1,0,0,0,0
sc,zn1303,2012-06-29 09:09:07.500,14520.0000,1012,0,0.0000,0.0000,0,0,多换,B,14520.0000,0.0000,0.0000,0.0000,0.0000,14645.0000,0.0000,0.0000,0.0000,0.0000,1,0,0,0,0,1,0,0,0,0
sc,zn1303,2012-06-29 09:09:08.000,14520.0000,1012,0,0.0000,0.0000,0,0,多换,B,14520.0000,0.0000,0.0000,0.0000,0.0000,14645.0000,0.0000,0.0000,0.0000,0.0000,1,0,0,0,0,1,0,0,0,0
sc,zn1303,2012-06-29 09:09:22.500,14520.0000,1012,0,0.0000,0.0000,0,0,多换,B,14520.0000,0.0000,0.0000,0.0000,0.0000,14645.0000,0.0000,0.0000,0.0000,0.0000,1,0,0,0,0,6,0,0,0,0
sc,zn1303,2012-06-29 09:09:37.500,14520.0000,1012,0,0.0000,0.0000,0,0,多换,B,14520.0000,0.0000,0.0000,0.0000,0.0000,14645.0000,0.0000,0.0000,0.0000,0.0000,1,0,0,0,0,5,0,0,0,0
sc,zn1303,2012-06-29 09:09:38.000,14520.0000,1012,0,0.0000,0.0000,0,0,多换,B,14520.0000,0.0000,0.0000,0.0000,0.0000,14640.0000,0.0000,0.0000,0.0000,0.0000,1,0,0,0,0,1,0,0,0,0
sc,zn1303,2012-06-29 09:09:39.500,14520.0000,1012,0,0.0000,0.0000,0,0,多换,B,14520.0000,0.0000,0.0000,0.0000,0.0000,14640.0000,0.0000,0.0000,0.0000,0.0000,1,0,0,0,0,3,0,0,0,0
sc,zn1303,2012-06-29 09:10:08.000,14520.0000,1012,0,0.0000,0.0000,0,0,多换,B,14520.0000,0.0000,0.0000,0.0000,0.0000,14640.0000,0.0000,0.0000,0.0000,0.0000,1,0,0,0,0,2,0,0,0,0
sc,zn1303,2012-06-29 09:10:08.500,14520.0000,1012,0,0.0000,0.0000,0,0,多换,B,14520.0000,0.0000,0.0000,0.0000,0.0000,14635.0000,0.0000,0.0000,0.0000,0.0000,1,0,0,0,0,1,0,0,0,0
sc,zn1303,2012-06-29 09:10:33.000,14520.0000,1012,0,0.0000,0.0000,0,0,多换,B,14520.0000,0.0000,0.0000,0.0000,0.0000,14630.0000,0.0000,0.0000,0.0000,0.0000,1,0,0,0,0,2,0,0,0,0
sc,zn1303,2012-06-29 09:10:33.500,14520.0000,1012,0,0.0000,0.0000,0,0,多换,B,14520.0000,0.0000,0.0000,0.0000,0.0000,14625.0000,0.0000,0.0000,0.0000,0.0000,1,0,0,0,0,1,0,0,0,0
sc,zn1303,2012-06-29 09:10:38.000,14520.0000,1012,0,0.0000,0.0000,0,0,多换,B,14520.0000,0.0000,0.0000,0.0000,0.0000,14620.0000,0.0000,0.0000,0.0000,0.0000,1,0,0,0,0,2,0,0,0,0
sc,zn1303,2012-06-29 09:10:38.500,14520.0000,1012,0,0.0000,0.0000,0,0,多换,B,14520.0000,0.0000,0.0000,0.0000,0.0000,14615.0000,0.0000,0.0000,0.0000,0.0000,1,0,0,0,0,1,0,0,0,0
sc,zn1303,2012-06-29 09:10:44.000,14520.0000,1012,0,0.0000,0.0000,0,0,多换,B,14520.0000,0.0000,0.0000,0.0000,0.0000,14610.0000,0.0000,0.0000,0.0000,0.0000,1,0,0,0,0,2,0,0,0,0
sc,zn1303,2012-06-29 09:10:44.500,14520.0000,1012,0,0.0000,0.0000,0,0,多换,B,14520.0000,0.0000,0.0000,0.0000,0.0000,14605.0000,0.0000,0.0000,0.0000,0.0000,1,0,0,0,0,1,0,0,0,0
sc,zn1303,2012-06-29 09:10:50.500,14520.0000,1012,0,0.0000,0.0000,0,0,多换,B,14515.0000,0.0000,0.0000,0.0000,0.0000,14605.0000,0.0000,0.0000,0.0000,0.0000,3,0,0,0,0,1,0,0,0,0
sc,zn1303,2012-06-29 09:10:51.000,14520.0000,1012,0,0.0000,0.0000,0,0,多换,B,14410.0000,0.0000,0.0000,0.0000,0.0000,14605.0000,0.0000,0.0000,0.0000,0.0000,10,0,0,0,0,1,0,0,0,0
sc,zn1303,2012-06-29 09:10:51.500,14520.0000,1012,0,0.0000,0.0000,0,0,多换,B,14420.0000,0.0000,0.0000,0.0000,0.0000,14605.0000,0.0000,0.0000,0.0000,0.0000,10,0,0,0,0,1,0,0,0,0
sc,zn1303,2012-06-29 09:10:52.000,14520.0000,1012,0,0.0000,0.0000,0,0,多换,B,14425.0000,0.0000,0.0000,0.0000,0.0000,14605.0000,0.0000,0.0000,0.0000,0.0000,21,0,0,0,0,1,0,0,0,0
sc,zn1303,2012-06-29 09:10:52.500,14520.0000,1012,0,0.0000,0.0000,0,0,多换,B,14435.0000,0.0000,0.0000,0.0000,0.0000,14605.0000,0.0000,0.0000,0.0000,0.0000,8,0,0,0,0,1,0,0,0,0
sc,zn1303,2012-06-29 09:10:53.000,14520.0000,1012,0,0.0000,0.0000,0,0,多换,B,14440.0000,0.0000,0.0000,0.0000,0.0000,14605.0000,0.0000,0.0000,0.0000,0.0000,1,0,0,0,0,1,0,0,0,0
sc,zn1303,2012-06-29 09:10:53.500,14520.0000,1012,0,0.0000,0.0000,0,0,多换,B,14445.0000,0.0000,0.0000,0.0000,0.0000,14605.0000,0.0000,0.0000,0.0000,0.0000,8,0,0,0,0,1,0,0,0,0
sc,zn1303,2012-06-29 09:10:54.000,14520.0000,1012,0,0.0000,0.0000,0,0,多换,B,14450.0000,0.0000,0.0000,0.0000,0.0000,14605.0000,0.0000,0.0000,0.0000,0.0000,1,0,0,0,0,1,0,0,0,0
sc,zn1303,2012-06-29 09:10:54.500,14520.0000,1012,0,0.0000,0.0000,0,0,多换,B,14455.0000,0.0000,0.0000,0.0000,0.0000,14605.0000,0.0000,0.0000,0.0000,0.0000,8,0,0,0,0,1,0,0,0,0
sc,zn1303,2012-06-29 09:10:55.000,14520.0000,1012,0,0.0000,0.0000,0,0,多换,B,14460.0000,0.0000,0.0000,0.0000,0.0000,14605.0000,0.0000,0.0000,0.0000,0.0000,1,0,0,0,0,1,0,0,0,0
sc,zn1303,2012-06-29 09:10:55.500,14520.0000,1012,0,0.0000,0.0000,0,0,多换,B,14465.0000,0.0000,0.0000,0.0000,0.0000,14605.0000,0.0000,0.0000,0.0000,0.0000,5,0,0,0,0,1,0,0,0,0
sc,zn1303,2012-06-29 09:10:56.000,14520.0000,1012,0,0.0000,0.0000,0,0,多换,B,14470.0000,0.0000,0.0000,0.0000,0.0000,14605.0000,0.0000,0.0000,0.0000,0.0000,1,0,0,0,0,1,0,0,0,0
sc,zn1303,2012-06-29 09:10:56.500,14520.0000,1012,0,0.0000,0.0000,0,0,多换,B,14475.0000,0.0000,0.0000,0.0000,0.0000,14605.0000,0.0000,0.0000,0.0000,0.0000,5,0,0,0,0,1,0,0,0,0
sc,zn1303,2012-06-29 09:10:57.000,14520.0000,1012,0,0.0000,0.0000,0,0,多换,B,14480.0000,0.0000,0.0000,0.0000,0.0000,14605.0000,0.0000,0.0000,0.0000,0.0000,1,0,0,0,0,1,0,0,0,0
sc,zn1303,2012-06-29 09:10:57.500,14520.0000,1012,0,0.0000,0.0000,0,0,多换,B,14485.0000,0.0000,0.0000,0.0000,0.0000,14605.0000,0.0000,0.0000,0.0000,0.0000,5,0,0,0,0,1,0,0,0,0
sc,zn1303,2012-06-29 09:10:58.000,14520.0000,1012,0,0.0000,0.0000,0,0,多换,B,14490.0000,0.0000,0.0000,0.0000,0.0000,14605.0000,0.0000,0.0000,0.0000,0.0000,1,0,0,0,0,1,0,0,0,0
sc,zn1303,2012-06-29 09:10:58.500,14520.0000,1012,0,0.0000,0.0000,0,0,多换,B,14495.0000,0.0000,0.0000,0.0000,0.0000,14605.0000,0.0000,0.0000,0.0000,0.0000,5,0,0,0,0,1,0,0,0,0
sc,zn1303,2012-06-29 09:10:59.000,14520.0000,1012,0,0.0000,0.0000,0,0,多换,B,14495.0000,0.0000,0.0000,0.0000,0.0000,14605.0000,0.0000,0.0000,0.0000,0.0000,5,0,0,0,0,1,0,0,0,0
sc,zn1303,2012-06-29 09:11:00.500,14520.0000,1012,0,0.0000,0.0000,0,0,多换,B,14440.0000,0.0000,0.0000,0.0000,0.0000,14605.0000,0.0000,0.0000,0.0000,0.0000,10,0,0,0,0,1,0,0,0,0
sc,zn1303,2012-06-29 09:11:01.000,14520.0000,1012,0,0.0000,0.0000,0,0,多换,B,14445.0000,0.0000,0.0000,0.0000,0.0000,14605.0000,0.0000,0.0000,0.0000,0.0000,9,0,0,0,0,1,0,0,0,0
sc,zn1303,2012-06-29 09:11:01.500,14520.0000,1012,0,0.0000,0.0000,0,0,多换,B,14445.0000,0.0000,0.0000,0.0000,0.0000,14605.0000,0.0000,0.0000,0.0000,0.0000,10,0,0,0,0,1,0,0,0,0
sc,zn1303,2012-06-29 09:11:15.000,14520.0000,1012,0,0.0000,0.0000,0,0,多换,B,14445.0000,0.0000,0.0000,0.0000,0.0000,14610.0000,0.0000,0.0000,0.0000,0.0000,10,0,0,0,0,2,0,0,0,0
sc,zn1303,2012-06-29 09:11:15.500,14520.0000,1012,0,0.0000,0.0000,0,0,多换,B,14445.0000,0.0000,0.0000,0.0000,0.0000,14605.0000,0.0000,0.0000,0.0000,0.0000,10,0,0,0,0,1,0,0,0,0
sc,zn1303,2012-06-29 09:11:25.500,14520.0000,1012,0,0.0000,0.0000,0,0,多换,B,14445.0000,0.0000,0.0000,0.0000,0.0000,14605.0000,0.0000,0.0000,0.0000,0.0000,10,0,0,0,0,1,0,0,0,0
sc,zn1303,2012-06-29 09:11:31.500,14520.0000,1012,0,0.0000,0.0000,0,0,多换,B,14445.0000,0.0000,0.0000,0.0000,0.0000,14605.0000,0.0000,0.0000,0.0000,0.0000,9,0,0,0,0,1,0,0,0,0
sc,zn1303,2012-06-29 09:11:32.000,14520.0000,1012,0,0.0000,0.0000,0,0,多换,B,14450.0000,0.0000,0.0000,0.0000,0.0000,14605.0000,0.0000,0.0000,0.0000,0.0000,1,0,0,0,0,1,0,0,0,0
sc,zn1303,2012-06-29 09:11:32.500,14520.0000,1012,0,0.0000,0.0000,0,0,多换,B,14455.0000,0.0000,0.0000,0.0000,0.0000,14605.0000,0.0000,0.0000,0.0000,0.0000,8,0,0,0,0,1,0,0,0,0
sc,zn1303,2012-06-29 09:11:33.000,14520.0000,1012,0,0.0000,0.0000,0,0,多换,B,14460.0000,0.0000,0.0000,0.0000,0.0000,14605.0000,0.0000,0.0000,0.0000,0.0000,1,0,0,0,0,1,0,0,0,0
sc,zn1303,2012-06-29 09:11:33.500,14520.0000,1012,0,0.0000,0.0000,0,0,多换,B,14465.0000,0.0000,0.0000,0.0000,0.0000,14605.0000,0.0000,0.0000,0.0000,0.0000,5,0,0,0,0,1,0,0,0,0
sc,zn1303,2012-06-29 09:11:34.000,14520.0000,1012,0,0.0000,0.0000,0,0,多换,B,14470.0000,0.0000,0.0000,0.0000,0.0000,14605.0000,0.0000,0.0000,0.0000,0.0000,1,0,0,0,0,1,0,0,0,0
sc,zn1303,2012-06-29 09:11:34.500,14520.0000,1012,0,0.0000,0.0000,0,0,多换,B,14475.0000,0.0000,0.0000,0.0000,0.0000,14605.0000,0.0000,0.0000,0.0000,0.0000,5,0,0,0,0,1,0,0,0,0
sc,zn1303,2012-06-29 09:11:35.000,14520.0000,1012,0,0.0000,0.0000,0,0,多换,B,14480.0000,0.0000,0.0000,0.0000,0.0000,14605.0000,0.0000,0.0000,0.0000,0.0000,1,0,0,0,0,1,0,0,0,0
sc,zn1303,2012-06-29 09:11:35.500,14520.0000,1012,0,0.0000,0.0000,0,0,多换,B,14485.0000,0.0000,0.0000,0.0000,0.0000,14605.0000,0.0000,0.0000,0.0000,0.0000,5,0,0,0,0,1,0,0,0,0
sc,zn1303,2012-06-29 09:11:36.000,14520.0000,1012,0,0.0000,0.0000,0,0,多换,B,14485.0000,0.0000,0.0000,0.0000,0.0000,14605.0000,0.0000,0.0000,0.0000,0.0000,5,0,0,0,0,1,0,0,0,0
sc,zn1303,2012-06-29 09:11:36.500,14520.0000,1012,0,0.0000,0.0000,0,0,多换,B,14485.0000,0.0000,0.0000,0.0000,0.0000,14605.0000,0.0000,0.0000,0.0000,0.0000,5,0,0,0,0,1,0,0,0,0
sc,zn1303,2012-06-29 09:11:39.500,14520.0000,1012,0,0.0000,0.0000,0,0,多换,B,14490.0000,0.0000,0.0000,0.0000,0.0000,14605.0000,0.0000,0.0000,0.0000,0.0000,1,0,0,0,0,1,0,0,0,0
sc,zn1303,2012-06-29 09:11:46.000,14520.0000,1012,0,0.0000,0.0000,0,0,多换,B,14490.0000,0.0000,0.0000,0.0000,0.0000,14650.0000,0.0000,0.0000,0.0000,0.0000,1,0,0,0,0,1,0,0,0,0
sc,zn1303,2012-06-29 09:11:46.500,14520.0000,1012,0,0.0000,0.0000,0,0,多换,B,14490.0000,0.0000,0.0000,0.0000,0.0000,14600.0000,0.0000,0.0000,0.0000,0.0000,1,0,0,0,0,1,0,0,0,0
sc,zn1303,2012-06-29 09:11:58.500,14520.0000,1012,0,0.0000,0.0000,0,0,多换,B,14490.0000,0.0000,0.0000,0.0000,0.0000,14600.0000,0.0000,0.0000,0.0000,0.0000,6,0,0,0,0,1,0,0,0,0
sc,zn1303,2012-06-29 09:12:00.500,14520.0000,1012,0,0.0000,0.0000,0,0,多换,B,14490.0000,0.0000,0.0000,0.0000,0.0000,14600.0000,0.0000,0.0000,0.0000,0.0000,1,0,0,0,0,1,0,0,0,0
sc,zn1303,2012-06-29 09:12:16.500,14520.0000,1012,0,0.0000,0.0000,0,0,多换,B,14490.0000,0.0000,0.0000,0.0000,0.0000,14645.0000,0.0000,0.0000,0.0000,0.0000,1,0,0,0,0,5,0,0,0,0
sc,zn1303,2012-06-29 09:12:17.000,14520.0000,1012,0,0.0000,0.0000,0,0,多换,B,14490.0000,0.0000,0.0000,0.0000,0.0000,14595.0000,0.0000,0.0000,0.0000,0.0000,1,0,0,0,0,1,0,0,0,0
sc,zn1303,2012-06-29 09:12:22.000,14520.0000,1012,0,0.0000,0.0000,0,0,多换,B,14490.0000,0.0000,0.0000,0.0000,0.0000,14595.0000,0.0000,0.0000,0.0000,0.0000,1,0,0,0,0,1,0,0,0,0
sc,zn1303,2012-06-29 09:12:23.000,14520.0000,1012,0,0.0000,0.0000,0,0,多换,B,14490.0000,0.0000,0.0000,0.0000,0.0000,14595.0000,0.0000,0.0000,0.0000,0.0000,1,0,0,0,0,1,0,0,0,0
sc,zn1303,2012-06-29 09:12:47.500,14520.0000,1012,0,0.0000,0.0000,0,0,多换,B,14490.0000,0.0000,0.0000,0.0000,0.0000,14650.0000,0.0000,0.0000,0.0000,0.0000,1,0,0,0,0,1,0,0,0,0
sc,zn1303,2012-06-29 09:12:48.000,14520.0000,1012,0,0.0000,0.0000,0,0,多换,B,14490.0000,0.0000,0.0000,0.0000,0.0000,14590.0000,0.0000,0.0000,0.0000,0.0000,1,0,0,0,0,1,0,0,0,0
sc,zn1303,2012-06-29 09:13:04.000,14520.0000,1012,0,0.0000,0.0000,0,0,多换,B,14490.0000,0.0000,0.0000,0.0000,0.0000,14590.0000,0.0000,0.0000,0.0000,0.0000,1,0,0,0,0,1,0,0,0,0
sc,zn1303,2012-06-29 09:13:16.500,14520.0000,1012,0,0.0000,0.0000,0,0,多换,B,14490.0000,0.0000,0.0000,0.0000,0.0000,14590.0000,0.0000,0.0000,0.0000,0.0000,1,0,0,0,0,1,0,0,0,0
sc,zn1303,2012-06-29 09:13:18.500,14520.0000,1012,0,0.0000,0.0000,0,0,多换,B,14490.0000,0.0000,0.0000,0.0000,0.0000,14650.0000,0.0000,0.0000,0.0000,0.0000,1,0,0,0,0,1,0,0,0,0
sc,zn1303,2012-06-29 09:13:19.000,14520.0000,1012,0,0.0000,0.0000,0,0,多换,B,14490.0000,0.0000,0.0000,0.0000,0.0000,14585.0000,0.0000,0.0000,0.0000,0.0000,1,0,0,0,0,1,0,0,0,0
sc,zn1303,2012-06-29 09:13:49.000,14520.0000,1012,0,0.0000,0.0000,0,0,多换,B,14490.0000,0.0000,0.0000,0.0000,0.0000,14645.0000,0.0000,0.0000,0.0000,0.0000,1,0,0,0,0,8,0,0,0,0
sc,zn1303,2012-06-29 09:13:49.500,14520.0000,1012,0,0.0000,0.0000,0,0,多换,B,14490.0000,0.0000,0.0000,0.0000,0.0000,14580.0000,0.0000,0.0000,0.0000,0.0000,1,0,0,0,0,1,0,0,0,0
sc,zn1303,2012-06-29 09:13:50.500,14520.0000,1012,0,0.0000,0.0000,0,0,多换,B,14490.0000,0.0000,0.0000,0.0000,0.0000,14580.0000,0.0000,0.0000,0.0000,0.0000,1,0,0,0,0,1,0,0,0,0
sc,zn1303,2012-06-29 09:13:57.500,14520.0000,1012,0,0.0000,0.0000,0,0,多换,B,14410.0000,0.0000,0.0000,0.0000,0.0000,14580.0000,0.0000,0.0000,0.0000,0.0000,10,0,0,0,0,1,0,0,0,0
sc,zn1303,2012-06-29 09:13:58.000,14520.0000,1012,0,0.0000,0.0000,0,0,多换,B,14415.0000,0.0000,0.0000,0.0000,0.0000,14580.0000,0.0000,0.0000,0.0000,0.0000,6,0,0,0,0,1,0,0,0,0
sc,zn1303,2012-06-29 09:13:58.500,14520.0000,1012,0,0.0000,0.0000,0,0,多换,B,14415.0000,0.0000,0.0000,0.0000,0.0000,14580.0000,0.0000,0.0000,0.0000,0.0000,6,0,0,0,0,1,0,0,0,0
sc,zn1303,2012-06-29 09:14:00.500,14520.0000,1012,0,0.0000,0.0000,0,0,多换,B,14420.0000,0.0000,0.0000,0.0000,0.0000,14580.0000,0.0000,0.0000,0.0000,0.0000,1,0,0,0,0,1,0,0,0,0
sc,zn1303,2012-06-29 09:14:01.000,14520.0000,1012,0,0.0000,0.0000,0,0,多换,B,14425.0000,0.0000,0.0000,0.0000,0.0000,14580.0000,0.0000,0.0000,0.0000,0.0000,6,0,0,0,0,1,0,0,0,0
sc,zn1303,2012-06-29 09:14:01.500,14520.0000,1012,0,0.0000,0.0000,0,0,多换,B,14425.0000,0.0000,0.0000,0.0000,0.0000,14580.0000,0.0000,0.0000,0.0000,0.0000,6,0,0,0,0,1,0,0,0,0
sc,zn1303,2012-06-29 09:14:04.500,14520.0000,1012,0,0.0000,0.0000,0,0,多换,B,14430.0000,0.0000,0.0000,0.0000,0.0000,14580.0000,0.0000,0.0000,0.0000,0.0000,1,0,0,0,0,1,0,0,0,0
sc,zn1303,2012-06-29 09:14:05.000,14520.0000,1012,0,0.0000,0.0000,0,0,多换,B,14435.0000,0.0000,0.0000,0.0000,0.0000,14580.0000,0.0000,0.0000,0.0000,0.0000,6,0,0,0,0,1,0,0,0,0
sc,zn1303,2012-06-29 09:14:05.500,14520.0000,1012,0,0.0000,0.0000,0,0,多换,B,14435.0000,0.0000,0.0000,0.0000,0.0000,14580.0000,0.0000,0.0000,0.0000,0.0000,6,0,0,0,0,1,0,0,0,0
sc,zn1303,2012-06-29 09:14:08.500,14520.0000,1012,0,0.0000,0.0000,0,0,多换,B,14440.0000,0.0000,0.0000,0.0000,0.0000,14580.0000,0.0000,0.0000,0.0000,0.0000,1,0,0,0,0,1,0,0,0,0
sc,zn1303,2012-06-29 09:14:09.000,14520.0000,1012,0,0.0000,0.0000,0,0,多换,B,14445.0000,0.0000,0.0000,0.0000,0.0000,14580.0000,0.0000,0.0000,0.0000,0.0000,6,0,0,0,0,1,0,0,0,0
sc,zn1303,2012-06-29 09:14:09.500,14520.0000,1012,0,0.0000,0.0000,0,0,多换,B,14445.0000,0.0000,0.0000,0.0000,0.0000,14580.0000,0.0000,0.0000,0.0000,0.0000,6,0,0,0,0,1,0,0,0,0
sc,zn1303,2012-06-29 09:14:11.000,14520.0000,1012,0,0.0000,0.0000,0,0,多换,B,14445.0000,0.0000,0.0000,0.0000,0.0000,14580.0000,0.0000,0.0000,0.0000,0.0000,6,0,0,0,0,1,0,0,0,0
sc,zn1303,2012-06-29 09:14:12.500,14520.0000,1012,0,0.0000,0.0000,0,0,多换,B,14450.0000,0.0000,0.0000,0.0000,0.0000,14580.0000,0.0000,0.0000,0.0000,0.0000,1,0,0,0,0,1,0,0,0,0
sc,zn1303,2012-06-29 09:14:13.000,14520.0000,1012,0,0.0000,0.0000,0,0,多换,B,14450.0000,0.0000,0.0000,0.0000,0.0000,14580.0000,0.0000,0.0000,0.0000,0.0000,6,0,0,0,0,1,0,0,0,0
sc,zn1303,2012-06-29 09:14:15.500,14520.0000,1012,0,0.0000,0.0000,0,0,多换,B,14455.0000,0.0000,0.0000,0.0000,0.0000,14580.0000,0.0000,0.0000,0.0000,0.0000,1,0,0,0,0,1,0,0,0,0
sc,zn1303,2012-06-29 09:14:16.000,14520.0000,1012,0,0.0000,0.0000,0,0,多换,B,14455.0000,0.0000,0.0000,0.0000,0.0000,14580.0000,0.0000,0.0000,0.0000,0.0000,6,0,0,0,0,1,0,0,0,0
sc,zn1303,2012-06-29 09:14:18.500,14520.0000,1012,0,0.0000,0.0000,0,0,多换,B,14460.0000,0.0000,0.0000,0.0000,0.0000,14580.0000,0.0000,0.0000,0.0000,0.0000,1,0,0,0,0,1,0,0,0,0
sc,zn1303,2012-06-29 09:14:19.000,14520.0000,1012,0,0.0000,0.0000,0,0,多换,B,14460.0000,0.0000,0.0000,0.0000,0.0000,14580.0000,0.0000,0.0000,0.0000,0.0000,1,0,0,0,0,1,0,0,0,0
sc,zn1303,2012-06-29 09:14:20.000,14520.0000,1012,0,0.0000,0.0000,0,0,多换,B,14460.0000,0.0000,0.0000,0.0000,0.0000,14645.0000,0.0000,0.0000,0.0000,0.0000,1,0,0,0,0,8,0,0,0,0
sc,zn1303,2012-06-29 09:14:20.500,14520.0000,1012,0,0.0000,0.0000,0,0,多换,B,14460.0000,0.0000,0.0000,0.0000,0.0000,14575.0000,0.0000,0.0000,0.0000,0.0000,1,0,0,0,0,1,0,0,0,0
sc,zn1303,2012-06-29 09:14:50.500,14520.0000,1012,0,0.0000,0.0000,0,0,多换,B,14460.0000,0.0000,0.0000,0.0000,0.0000,14645.0000,0.0000,0.0000,0.0000,0.0000,1,0,0,0,0,8,0,0,0,0
sc,zn1303,2012-06-29 09:14:51.000,14520.0000,1012,0,0.0000,0.0000,0,0,多换,B,14460.0000,0.0000,0.0000,0.0000,0.0000,14570.0000,0.0000,0.0000,0.0000,0.0000,1,0,0,0,0,1,0,0,0,0
sc,zn1303,2012-06-29 09:14:57.500,14520.0000,1012,0,0.0000,0.0000,0,0,多换,B,14460.0000,0.0000,0.0000,0.0000,0.0000,14570.0000,0.0000,0.0000,0.0000,0.0000,1,0,0,0,0,1,0,0,0,0
sc,zn1303,2012-06-29 09:15:03.500,14520.0000,1012,0,0.0000,0.0000,0,0,多换,B,14460.0000,0.0000,0.0000,0.0000,0.0000,14570.0000,0.0000,0.0000,0.0000,0.0000,1,0,0,0,0,1,0,0,0,0
sc,zn1303,2012-06-29 09:15:09.500,14520.0000,1012,0,0.0000,0.0000,0,0,多换,B,14460.0000,0.0000,0.0000,0.0000,0.0000,14570.0000,0.0000,0.0000,0.0000,0.0000,1,0,0,0,0,1,0,0,0,0
sc,zn1303,2012-06-29 09:15:21.000,14520.0000,1012,0,0.0000,0.0000,0,0,多换,B,14460.0000,0.0000,0.0000,0.0000,0.0000,14650.0000,0.0000,0.0000,0.0000,0.0000,1,0,0,0,0,1,0,0,0,0
sc,zn1303,2012-06-29 09:15:21.500,14520.0000,1012,0,0.0000,0.0000,0,0,多换,B,14460.0000,0.0000,0.0000,0.0000,0.0000,14565.0000,0.0000,0.0000,0.0000,0.0000,1,0,0,0,0,1,0,0,0,0
sc,zn1303,2012-06-29 09:15:31.500,14520.0000,1012,0,0.0000,0.0000,0,0,多换,B,14460.0000,0.0000,0.0000,0.0000,0.0000,14645.0000,0.0000,0.0000,0.0000,0.0000,1,0,0,0,0,8,0,0,0,0
sc,zn1303,2012-06-29 09:15:32.000,14520.0000,1012,0,0.0000,0.0000,0,0,多换,B,14460.0000,0.0000,0.0000,0.0000,0.0000,14640.0000,0.0000,0.0000,0.0000,0.0000,1,0,0,0,0,1,0,0,0,0
sc,zn1303,2012-06-29 09:15:32.500,14520.0000,1012,0,0.0000,0.0000,0,0,多换,B,14460.0000,0.0000,0.0000,0.0000,0.0000,14635.0000,0.0000,0.0000,0.0000,0.0000,1,0,0,0,0,5,0,0,0,0
sc,zn1303,2012-06-29 09:15:33.000,14520.0000,1012,0,0.0000,0.0000,0,0,多换,B,14460.0000,0.0000,0.0000,0.0000,0.0000,14630.0000,0.0000,0.0000,0.0000,0.0000,1,0,0,0,0,1,0,0,0,0
sc,zn1303,2012-06-29 09:15:33.500,14520.0000,1012,0,0.0000,0.0000,0,0,多换,B,14460.0000,0.0000,0.0000,0.0000,0.0000,14625.0000,0.0000,0.0000,0.0000,0.0000,1,0,0,0,0,5,0,0,0,0
sc,zn1303,2012-06-29 09:15:34.000,14520.0000,1012,0,0.0000,0.0000,0,0,多换,B,14460.0000,0.0000,0.0000,0.0000,0.0000,14620.0000,0.0000,0.0000,0.0000,0.0000,1,0,0,0,0,1,0,0,0,0
sc,zn1303,2012-06-29 09:15:34.500,14520.0000,1012,0,0.0000,0.0000,0,0,多换,B,14460.0000,0.0000,0.0000,0.0000,0.0000,14615.0000,0.0000,0.0000,0.0000,0.0000,1,0,0,0,0,5,0,0,0,0
sc,zn1303,2012-06-29 09:15:35.000,14520.0000,1012,0,0.0000,0.0000,0,0,多换,B,14460.0000,0.0000,0.0000,0.0000,0.0000,14610.0000,0.0000,0.0000,0.0000,0.0000,1,0,0,0,0,1,0,0,0,0
sc,zn1303,2012-06-29 09:15:35.500,14520.0000,1012,0,0.0000,0.0000,0,0,多换,B,14460.0000,0.0000,0.0000,0.0000,0.0000,14605.0000,0.0000,0.0000,0.0000,0.0000,1,0,0,0,0,5,0,0,0,0
sc,zn1303,2012-06-29 09:15:36.000,14520.0000,1012,0,0.0000,0.0000,0,0,多换,B,14460.0000,0.0000,0.0000,0.0000,0.0000,14600.0000,0.0000,0.0000,0.0000,0.0000,1,0,0,0,0,1,0,0,0,0
sc,zn1303,2012-06-29 09:15:39.500,14520.0000,1012,0,0.0000,0.0000,0,0,多换,B,14460.0000,0.0000,0.0000,0.0000,0.0000,14600.0000,0.0000,0.0000,0.0000,0.0000,6,0,0,0,0,1,0,0,0,0
sc,zn1303,2012-06-29 09:15:40.000,14520.0000,1012,0,0.0000,0.0000,0,0,多换,B,14460.0000,0.0000,0.0000,0.0000,0.0000,14600.0000,0.0000,0.0000,0.0000,0.0000,1,0,0,0,0,1,0,0,0,0
sc,zn1303,2012-06-29 09:16:06.500,14520.0000,1012,0,0.0000,0.0000,0,0,多换,B,14460.0000,0.0000,0.0000,0.0000,0.0000,14650.0000,0.0000,0.0000,0.0000,0.0000,1,0,0,0,0,1,0,0,0,0
sc,zn1303,2012-06-29 09:16:07.000,14520.0000,1012,0,0.0000,0.0000,0,0,多换,B,14460.0000,0.0000,0.0000,0.0000,0.0000,14595.0000,0.0000,0.0000,0.0000,0.0000,1,0,0,0,0,1,0,0,0,0
sc,zn1303,2012-06-29 09:16:17.500,14520.0000,1012,0,0.0000,0.0000,0,0,多换,B,14460.0000,0.0000,0.0000,0.0000,0.0000,14595.0000,0.0000,0.0000,0.0000,0.0000,1,0,0,0,0,1,0,0,0,0
sc,zn1303,2012-06-29 09:16:37.500,14520.0000,1012,0,0.0000,0.0000,0,0,多换,B,14460.0000,0.0000,0.0000,0.0000,0.0000,14650.0000,0.0000,0.0000,0.0000,0.0000,1,0,0,0,0,1,0,0,0,0
sc,zn1303,2012-06-29 09:16:38.000,14520.0000,1012,0,0.0000,0.0000,0,0,多换,B,14460.0000,0.0000,0.0000,0.0000,0.0000,14590.0000,0.0000,0.0000,0.0000,0.0000,1,0,0,0,0,1,0,0,0,0
sc,zn1303,2012-06-29 09:16:49.500,14520.0000,1012,0,0.0000,0.0000,0,0,多换,B,14460.0000,0.0000,0.0000,0.0000,0.0000,14590.0000,0.0000,0.0000,0.0000,0.0000,1,0,0,0,0,1,0,0,0,0
sc,zn1303,2012-06-29 09:17:08.000,14520.0000,1012,0,0.0000,0.0000,0,0,多换,B,14460.0000,0.0000,0.0000,0.0000,0.0000,14650.0000,0.0000,0.0000,0.0000,0.0000,1,0,0,0,0,1,0,0,0,0
sc,zn1303,2012-06-29 09:17:08.500,14520.0000,1012,0,0.0000,0.0000,0,0,多换,B,14460.0000,0.0000,0.0000,0.0000,0.0000,14585.0000,0.0000,0.0000,0.0000,0.0000,1,0,0,0,0,1,0,0,0,0
sc,zn1303,2012-06-29 09:17:12.000,14520.0000,1012,0,0.0000,0.0000,0,0,多换,B,14460.0000,0.0000,0.0000,0.0000,0.0000,14585.0000,0.0000,0.0000,0.0000,0.0000,1,0,0,0,0,1,0,0,0,0
sc,zn1303,2012-06-29 09:17:20.500,14520.0000,1012,0,0.0000,0.0000,0,0,多换,B,14410.0000,0.0000,0.0000,0.0000,0.0000,14585.0000,0.0000,0.0000,0.0000,0.0000,10,0,0,0,0,1,0,0,0,0
sc,zn1303,2012-06-29 09:17:21.000,14520.0000,1012,0,0.0000,0.0000,0,0,多换,B,14415.0000,0.0000,0.0000,0.0000,0.0000,14585.0000,0.0000,0.0000,0.0000,0.0000,6,0,0,0,0,1,0,0,0,0
sc,zn1303,2012-06-29 09:17:23.500,14520.0000,1012,0,0.0000,0.0000,0,0,多换,B,14420.0000,0.0000,0.0000,0.0000,0.0000,14585.0000,0.0000,0.0000,0.0000,0.0000,1,0,0,0,0,1,0,0,0,0
sc,zn1303,2012-06-29 09:17:24.000,14520.0000,1012,0,0.0000,0.0000,0,0,多换,B,14425.0000,0.0000,0.0000,0.0000,0.0000,14585.0000,0.0000,0.0000,0.0000,0.0000,6,0,0,0,0,1,0,0,0,0
sc,zn1303,2012-06-29 09:17:24.500,14520.0000,1012,0,0.0000,0.0000,0,0,多换,B,14425.0000,0.0000,0.0000,0.0000,0.0000,14585.0000,0.0000,0.0000,0.0000,0.0000,6,0,0,0,0,1,0,0,0,0
sc,zn1303,2012-06-29 09:17:27.500,14520.0000,1012,0,0.0000,0.0000,0,0,多换,B,14430.0000,0.0000,0.0000,0.0000,0.0000,14585.0000,0.0000,0.0000,0.0000,0.0000,1,0,0,0,0,1,0,0,0,0
sc,zn1303,2012-06-29 09:17:28.000,14520.0000,1012,0,0.0000,0.0000,0,0,多换,B,14435.0000,0.0000,0.0000,0.0000,0.0000,14585.0000,0.0000,0.0000,0.0000,0.0000,6,0,0,0,0,1,0,0,0,0
sc,zn1303,2012-06-29 09:17:29.000,14520.0000,1012,0,0.0000,0.0000,0,0,多换,B,14435.0000,0.0000,0.0000,0.0000,0.0000,14585.0000,0.0000,0.0000,0.0000,0.0000,6,0,0,0,0,1,0,0,0,0
sc,zn1303,2012-06-29 09:17:31.500,14520.0000,1012,0,0.0000,0.0000,0,0,多换,B,14440.0000,0.0000,0.0000,0.0000,0.0000,14585.0000,0.0000,0.0000,0.0000,0.0000,1,0,0,0,0,1,0,0,0,0
sc,zn1303,2012-06-29 09:17:32.000,14520.0000,1012,0,0.0000,0.0000,0,0,多换,B,14445.0000,0.0000,0.0000,0.0000,0.0000,14585.0000,0.0000,0.0000,0.0000,0.0000,6,0,0,0,0,1,0,0,0,0
sc,zn1303,2012-06-29 09:17:33.500,14520.0000,1012,0,0.0000,0.0000,0,0,多换,B,14445.0000,0.0000,0.0000,0.0000,0.0000,14585.0000,0.0000,0.0000,0.0000,0.0000,6,0,0,0,0,1,0,0,0,0
sc,zn1303,2012-06-29 09:17:34.500,14520.0000,1012,0,0.0000,0.0000,0,0,多换,B,14470.0000,0.0000,0.0000,0.0000,0.0000,14585.0000,0.0000,0.0000,0.0000,0.0000,2,0,0,0,0,1,0,0,0,0
sc,zn1303,2012-06-29 09:17:35.000,14520.0000,1012,0,0.0000,0.0000,0,0,多换,B,14470.0000,0.0000,0.0000,0.0000,0.0000,14585.0000,0.0000,0.0000,0.0000,0.0000,2,0,0,0,0,1,0,0,0,0
sc,zn1303,2012-06-29 09:17:37.000,14520.0000,1012,0,0.0000,0.0000,0,0,多换,B,14475.0000,0.0000,0.0000,0.0000,0.0000,14585.0000,0.0000,0.0000,0.0000,0.0000,1,0,0,0,0,1,0,0,0,0
sc,zn1303,2012-06-29 09:17:39.000,14520.0000,1012,0,0.0000,0.0000,0,0,多换,B,14475.0000,0.0000,0.0000,0.0000,0.0000,14645.0000,0.0000,0.0000,0.0000,0.0000,1,0,0,0,0,8,0,0,0,0
sc,zn1303,2012-06-29 09:17:39.500,14520.0000,1012,0,0.0000,0.0000,0,0,多换,B,14475.0000,0.0000,0.0000,0.0000,0.0000,14580.0000,0.0000,0.0000,0.0000,0.0000,1,0,0,0,0,1,0,0,0,0
sc,zn1303,2012-06-29 09:17:47.500,14520.0000,1012,0,0.0000,0.0000,0,0,多换,B,14480.0000,0.0000,0.0000,0.0000,0.0000,14580.0000,0.0000,0.0000,0.0000,0.0000,2,0,0,0,0,1,0,0,0,0
sc,zn1303,2012-06-29 09:17:48.000,14520.0000,1012,0,0.0000,0.0000,0,0,多换,B,14480.0000,0.0000,0.0000,0.0000,0.0000,14580.0000,0.0000,0.0000,0.0000,0.0000,2,0,0,0,0,1,0,0,0,0
sc,zn1303,2012-06-29 09:17:50.500,14520.0000,1012,0,0.0000,0.0000,0,0,多换,B,14485.0000,0.0000,0.0000,0.0000,0.0000,14580.0000,0.0000,0.0000,0.0000,0.0000,1,0,0,0,0,1,0,0,0,0
sc,zn1303,2012-06-29 09:18:09.500,14520.0000,1012,0,0.0000,0.0000,0,0,多换,B,14485.0000,0.0000,0.0000,0.0000,0.0000,14645.0000,0.0000,0.0000,0.0000,0.0000,1,0,0,0,0,8,0,0,0,0
sc,zn1303,2012-06-29 09:18:10.000,14520.0000,1012,0,0.0000,0.0000,0,0,多换,B,14485.0000,0.0000,0.0000,0.0000,0.0000,14575.0000,0.0000,0.0000,0.0000,0.0000,1,0,0,0,0,1,0,0,0,0
sc,zn1303,2012-06-29 09:18:40.500,14520.0000,1012,0,0.0000,0.0000,0,0,多换,B,14485.0000,0.0000,0.0000,0.0000,0.0000,14645.0000,0.0000,0.0000,0.0000,0.0000,1,0,0,0,0,8,0,0,0,0
sc,zn1303,2012-06-29 09:18:41.000,14520.0000,1012,0,0.0000,0.0000,0,0,多换,B,14485.0000,0.0000,0.0000,0.0000,0.0000,14570.0000,0.0000,0.0000,0.0000,0.0000,1,0,0,0,0,1,0,0,0,0
sc,zn1303,2012-06-29 09:19:11.000,14520.0000,1012,0,0.0000,0.0000,0,0,多换,B,14485.0000,0.0000,0.0000,0.0000,0.0000,14645.0000,0.0000,0.0000,0.0000,0.0000,1,0,0,0,0,8,0,0,0,0
sc,zn1303,2012-06-29 09:19:11.500,14520.0000,1012,0,0.0000,0.0000,0,0,多换,B,14485.0000,0.0000,0.0000,0.0000,0.0000,14640.0000,0.0000,0.0000,0.0000,0.0000,1,0,0,0,0,1,0,0,0,0
sc,zn1303,2012-06-29 09:19:12.000,14520.0000,1012,0,0.0000,0.0000,0,0,多换,B,14485.0000,0.0000,0.0000,0.0000,0.0000,14635.0000,0.0000,0.0000,0.0000,0.0000,1,0,0,0,0,5,0,0,0,0
sc,zn1303,2012-06-29 09:19:12.500,14520.0000,1012,0,0.0000,0.0000,0,0,多换,B,14485.0000,0.0000,0.0000,0.0000,0.0000,14630.0000,0.0000,0.0000,0.0000,0.0000,1,0,0,0,0,1,0,0,0,0
sc,zn1303,2012-06-29 09:19:13.000,14520.0000,1012,0,0.0000,0.0000,0,0,多换,B,14485.0000,0.0000,0.0000,0.0000,0.0000,14625.0000,0.0000,0.0000,0.0000,0.0000,1,0,0,0,0,5,0,0,0,0
sc,zn1303,2012-06-29 09:19:13.500,14520.0000,1012,0,0.0000,0.0000,0,0,多换,B,14485.0000,0.0000,0.0000,0.0000,0.0000,14620.0000,0.0000,0.0000,0.0000,0.0000,1,0,0,0,0,1,0,0,0,0
sc,zn1303,2012-06-29 09:19:14.000,14520.0000,1012,0,0.0000,0.0000,0,0,多换,B,14485.0000,0.0000,0.0000,0.0000,0.0000,14615.0000,0.0000,0.0000,0.0000,0.0000,1,0,0,0,0,5,0,0,0,0
sc,zn1303,2012-06-29 09:19:14.500,14520.0000,1012,0,0.0000,0.0000,0,0,多换,B,14485.0000,0.0000,0.0000,0.0000,0.0000,14610.0000,0.0000,0.0000,0.0000,0.0000,1,0,0,0,0,1,0,0,0,0
sc,zn1303,2012-06-29 09:19:15.000,14520.0000,1012,0,0.0000,0.0000,0,0,多换,B,14485.0000,0.0000,0.0000,0.0000,0.0000,14605.0000,0.0000,0.0000,0.0000,0.0000,1,0,0,0,0,5,0,0,0,0
sc,zn1303,2012-06-29 09:19:15.500,14520.0000,1012,0,0.0000,0.0000,0,0,多换,B,14485.0000,0.0000,0.0000,0.0000,0.0000,14600.0000,0.0000,0.0000,0.0000,0.0000,1,0,0,0,0,1,0,0,0,0
sc,zn1303,2012-06-29 09:19:35.500,14520.0000,1012,0,0.0000,0.0000,0,0,多换,B,14485.0000,0.0000,0.0000,0.0000,0.0000,14600.0000,0.0000,0.0000,0.0000,0.0000,1,0,0,0,0,1,0,0,0,0
sc,zn1303,2012-06-29 09:19:45.500,14520.0000,1012,0,0.0000,0.0000,0,0,多换,B,14485.0000,0.0000,0.0000,0.0000,0.0000,14650.0000,0.0000,0.0000,0.0000,0.0000,1,0,0,0,0,1,0,0,0,0
sc,zn1303,2012-06-29 09:19:46.000,14520.0000,1012,0,0.0000,0.0000,0,0,多换,B,14485.0000,0.0000,0.0000,0.0000,0.0000,14595.0000,0.0000,0.0000,0.0000,0.0000,1,0,0,0,0,1,0,0,0,0
sc,zn1303,2012-06-29 09:20:10.500,14520.0000,1012,0,0.0000,0.0000,0,0,多换,B,14485.0000,0.0000,0.0000,0.0000,0.0000,14580.0000,0.0000,0.0000,0.0000,0.0000,1,0,0,0,0,4,0,0,0,0
sc,zn1303,2012-06-29 09:20:11.000,14520.0000,1012,0,0.0000,0.0000,0,0,多换,B,14485.0000,0.0000,0.0000,0.0000,0.0000,14575.0000,0.0000,0.0000,0.0000,0.0000,1,0,0,0,0,1,0,0,0,0
sc,zn1303,2012-06-29 09:20:16.500,14520.0000,1012,0,0.0000,0.0000,0,0,多换,B,14485.0000,0.0000,0.0000,0.0000,0.0000,14570.0000,0.0000,0.0000,0.0000,0.0000,1,0,0,0,0,4,0,0,0,0
sc,zn1303,2012-06-29 09:20:17.000,14520.0000,1012,0,0.0000,0.0000,0,0,多换,B,14485.0000,0.0000,0.0000,0.0000,0.0000,14565.0000,0.0000,0.0000,0.0000,0.0000,1,0,0,0,0,1,0,0,0,0
sc,zn1303,2012-06-29 09:20:20.500,14520.0000,1012,0,0.0000,0.0000,0,0,多换,B,14485.0000,0.0000,0.0000,0.0000,0.0000,14570.0000,0.0000,0.0000,0.0000,0.0000,1,0,0,0,0,4,0,0,0,0
sc,zn1303,2012-06-29 09:20:42.500,14520.0000,1012,0,0.0000,0.0000,0,0,多换,B,14485.0000,0.0000,0.0000,0.0000,0.0000,14570.0000,0.0000,0.0000,0.0000,0.0000,1,0,0,0,0,4,0,0,0,0
sc,zn1303,2012-06-29 09:20:51.500,14520.0000,1012,0,0.0000,0.0000,0,0,多换,B,14480.0000,0.0000,0.0000,0.0000,0.0000,14570.0000,0.0000,0.0000,0.0000,0.0000,2,0,0,0,0,4,0,0,0,0
sc,zn1303,2012-06-29 09:20:55.000,14520.0000,1012,0,0.0000,0.0000,0,0,多换,B,14485.0000,0.0000,0.0000,0.0000,0.0000,14570.0000,0.0000,0.0000,0.0000,0.0000,1,0,0,0,0,4,0,0,0,0
sc,zn1303,2012-06-29 09:21:26.500,14520.0000,1012,0,0.0000,0.0000,0,0,多换,B,14485.0000,0.0000,0.0000,0.0000,0.0000,14570.0000,0.0000,0.0000,0.0000,0.0000,1,0,0,0,0,4,0,0,0,0
sc,zn1303,2012-06-29 09:22:01.500,14520.0000,1012,0,0.0000,0.0000,0,0,多换,B,14485.0000,0.0000,0.0000,0.0000,0.0000,14565.0000,0.0000,0.0000,0.0000,0.0000,1,0,0,0,0,3,0,0,0,0
sc,zn1303,2012-06-29 09:22:09.500,14520.0000,1012,0,0.0000,0.0000,0,0,多换,B,14485.0000,0.0000,0.0000,0.0000,0.0000,14570.0000,0.0000,0.0000,0.0000,0.0000,1,0,0,0,0,4,0,0,0,0
sc,zn1303,2012-06-29 09:22:14.500,14520.0000,1012,0,0.0000,0.0000,0,0,多换,B,14485.0000,0.0000,0.0000,0.0000,0.0000,14565.0000,0.0000,0.0000,0.0000,0.0000,1,0,0,0,0,1,0,0,0,0
sc,zn1303,2012-06-29 09:22:42.000,14520.0000,1012,0,0.0000,0.0000,0,0,多换,B,14485.0000,0.0000,0.0000,0.0000,0.0000,14560.0000,0.0000,0.0000,0.0000,0.0000,1,0,0,0,0,3,0,0,0,0
sc,zn1303,2012-06-29 09:22:42.500,14520.0000,1012,0,0.0000,0.0000,0,0,多换,B,14485.0000,0.0000,0.0000,0.0000,0.0000,14560.0000,0.0000,0.0000,0.0000,0.0000,1,0,0,0,0,3,0,0,0,0
sc,zn1303,2012-06-29 09:22:50.000,14520.0000,1012,0,0.0000,0.0000,0,0,多换,B,14485.0000,0.0000,0.0000,0.0000,0.0000,14570.0000,0.0000,0.0000,0.0000,0.0000,1,0,0,0,0,4,0,0,0,0
sc,zn1303,2012-06-29 09:22:50.500,14520.0000,1012,0,0.0000,0.0000,0,0,多换,B,14485.0000,0.0000,0.0000,0.0000,0.0000,14565.0000,0.0000,0.0000,0.0000,0.0000,1,0,0,0,0,1,0,0,0,0
sc,zn1303,2012-06-29 09:23:21.000,14520.0000,1012,0,0.0000,0.0000,0,0,多换,B,14485.0000,0.0000,0.0000,0.0000,0.0000,14570.0000,0.0000,0.0000,0.0000,0.0000,1,0,0,0,0,4,0,0,0,0
sc,zn1303,2012-06-29 09:23:21.500,14520.0000,1012,0,0.0000,0.0000,0,0,多换,B,14485.0000,0.0000,0.0000,0.0000,0.0000,14565.0000,0.0000,0.0000,0.0000,0.0000,1,0,0,0,0,1,0,0,0,0
sc,zn1303,2012-06-29 09:23:43.500,14520.0000,1012,0,0.0000,0.0000,0,0,多换,B,14485.0000,0.0000,0.0000,0.0000,0.0000,14570.0000,0.0000,0.0000,0.0000,0.0000,1,0,0,0,0,4,0,0,0,0
sc,zn1303,2012-06-29 09:23:56.500,14520.0000,1012,0,0.0000,0.0000,0,0,多换,B,14410.0000,0.0000,0.0000,0.0000,0.0000,14570.0000,0.0000,0.0000,0.0000,0.0000,10,0,0,0,0,4,0,0,0,0
sc,zn1303,2012-06-29 09:23:57.000,14520.0000,1012,0,0.0000,0.0000,0,0,多换,B,14415.0000,0.0000,0.0000,0.0000,0.0000,14570.0000,0.0000,0.0000,0.0000,0.0000,9,0,0,0,0,4,0,0,0,0
sc,zn1303,2012-06-29 09:23:59.500,14520.0000,1012,0,0.0000,0.0000,0,0,多换,B,14420.0000,0.0000,0.0000,0.0000,0.0000,14570.0000,0.0000,0.0000,0.0000,0.0000,1,0,0,0,0,4,0,0,0,0
sc,zn1303,2012-06-29 09:24:00.000,14520.0000,1012,0,0.0000,0.0000,0,0,多换,B,14425.0000,0.0000,0.0000,0.0000,0.0000,14570.0000,0.0000,0.0000,0.0000,0.0000,6,0,0,0,0,4,0,0,0,0
sc,zn1303,2012-06-29 09:24:02.000,14520.0000,1012,0,0.0000,0.0000,0,0,多换,B,14425.0000,0.0000,0.0000,0.0000,0.0000,14570.0000,0.0000,0.0000,0.0000,0.0000,6,0,0,0,0,4,0,0,0,0
sc,zn1303,2012-06-29 09:24:04.500,14520.0000,1012,0,0.0000,0.0000,0,0,多换,B,14430.0000,0.0000,0.0000,0.0000,0.0000,14570.0000,0.0000,0.0000,0.0000,0.0000,1,0,0,0,0,4,0,0,0,0
sc,zn1303,2012-06-29 09:24:05.000,14520.0000,1012,0,0.0000,0.0000,0,0,多换,B,14435.0000,0.0000,0.0000,0.0000,0.0000,14570.0000,0.0000,0.0000,0.0000,0.0000,6,0,0,0,0,4,0,0,0,0
sc,zn1303,2012-06-29 09:24:05.500,14520.0000,1012,0,0.0000,0.0000,0,0,多换,B,14435.0000,0.0000,0.0000,0.0000,0.0000,14570.0000,0.0000,0.0000,0.0000,0.0000,6,0,0,0,0,4,0,0,0,0
sc,zn1303,2012-06-29 09:24:08.500,14520.0000,1012,0,0.0000,0.0000,0,0,多换,B,14440.0000,0.0000,0.0000,0.0000,0.0000,14570.0000,0.0000,0.0000,0.0000,0.0000,1,0,0,0,0,4,0,0,0,0
sc,zn1303,2012-06-29 09:24:09.000,14520.0000,1012,0,0.0000,0.0000,0,0,多换,B,14445.0000,0.0000,0.0000,0.0000,0.0000,14570.0000,0.0000,0.0000,0.0000,0.0000,6,0,0,0,0,4,0,0,0,0
sc,zn1303,2012-06-29 09:24:10.500,14520.0000,1012,0,0.0000,0.0000,0,0,多换,B,14445.0000,0.0000,0.0000,0.0000,0.0000,14570.0000,0.0000,0.0000,0.0000,0.0000,6,0,0,0,0,4,0,0,0,0
sc,zn1303,2012-06-29 09:24:13.500,14520.0000,1012,0,0.0000,0.0000,0,0,多换,B,14450.0000,0.0000,0.0000,0.0000,0.0000,14570.0000,0.0000,0.0000,0.0000,0.0000,1,0,0,0,0,4,0,0,0,0
sc,zn1303,2012-06-29 09:24:14.000,14520.0000,1012,0,0.0000,0.0000,0,0,多换,B,14455.0000,0.0000,0.0000,0.0000,0.0000,14570.0000,0.0000,0.0000,0.0000,0.0000,6,0,0,0,0,4,0,0,0,0
sc,zn1303,2012-06-29 09:24:14.500,14520.0000,1012,0,0.0000,0.0000,0,0,多换,B,14455.0000,0.0000,0.0000,0.0000,0.0000,14570.0000,0.0000,0.0000,0.0000,0.0000,6,0,0,0,0,4,0,0,0,0
sc,zn1303,2012-06-29 09:24:17.500,14520.0000,1012,0,0.0000,0.0000,0,0,多换,B,14460.0000,0.0000,0.0000,0.0000,0.0000,14570.0000,0.0000,0.0000,0.0000,0.0000,1,0,0,0,0,4,0,0,0,0
sc,zn1303,2012-06-29 09:24:18.000,14520.0000,1012,0,0.0000,0.0000,0,0,多换,B,14460.0000,0.0000,0.0000,0.0000,0.0000,14570.0000,0.0000,0.0000,0.0000,0.0000,6,0,0,0,0,4,0,0,0,0
sc,zn1303,2012-06-29 09:24:19.000,14520.0000,1012,0,0.0000,0.0000,0,0,多换,B,14460.0000,0.0000,0.0000,0.0000,0.0000,14570.0000,0.0000,0.0000,0.0000,0.0000,1,0,0,0,0,4,0,0,0,0
sc,zn1303,2012-06-29 09:24:20.500,14520.0000,1012,0,0.0000,0.0000,0,0,多换,B,14465.0000,0.0000,0.0000,0.0000,0.0000,14570.0000,0.0000,0.0000,0.0000,0.0000,1,0,0,0,0,4,0,0,0,0
sc,zn1303,2012-06-29 09:24:21.000,14520.0000,1012,0,0.0000,0.0000,0,0,多换,B,14465.0000,0.0000,0.0000,0.0000,0.0000,14570.0000,0.0000,0.0000,0.0000,0.0000,1,0,0,0,0,4,0,0,0,0
sc,zn1303,2012-06-29 09:24:23.500,14520.0000,1012,0,0.0000,0.0000,0,0,多换,B,14470.0000,0.0000,0.0000,0.0000,0.0000,14570.0000,0.0000,0.0000,0.0000,0.0000,1,0,0,0,0,4,0,0,0,0
sc,zn1303,2012-06-29 09:24:24.000,14520.0000,1012,0,0.0000,0.0000,0,0,多换,B,14470.0000,0.0000,0.0000,0.0000,0.0000,14570.0000,0.0000,0.0000,0.0000,0.0000,1,0,0,0,0,4,0,0,0,0
sc,zn1303,2012-06-29 09:24:30.500,14520.0000,1012,0,0.0000,0.0000,0,0,多换,B,14470.0000,0.0000,0.0000,0.0000,0.0000,14650.0000,0.0000,0.0000,0.0000,0.0000,1,0,0,0,0,1,0,0,0,0
sc,zn1303,2012-06-29 09:24:31.000,14520.0000,1012,0,0.0000,0.0000,0,0,多换,B,14470.0000,0.0000,0.0000,0.0000,0.0000,14645.0000,0.0000,0.0000,0.0000,0.0000,1,0,0,0,0,9,0,0,0,0
sc,zn1303,2012-06-29 09:24:32.000,14520.0000,1012,0,0.0000,0.0000,0,0,多换,B,14470.0000,0.0000,0.0000,0.0000,0.0000,14645.0000,0.0000,0.0000,0.0000,0.0000,1,0,0,0,0,9,0,0,0,0
sc,zn1303,2012-06-29 09:25:01.000,14520.0000,1012,0,0.0000,0.0000,0,0,多换,B,14470.0000,0.0000,0.0000,0.0000,0.0000,14645.0000,0.0000,0.0000,0.0000,0.0000,1,0,0,0,0,8,0,0,0,0
sc,zn1303,2012-06-29 09:25:01.500,14520.0000,1012,0,0.0000,0.0000,0,0,多换,B,14470.0000,0.0000,0.0000,0.0000,0.0000,14640.0000,0.0000,0.0000,0.0000,0.0000,1,0,0,0,0,1,0,0,0,0
sc,zn1303,2012-06-29 09:25:02.000,14520.0000,1012,0,0.0000,0.0000,0,0,多换,B,14470.0000,0.0000,0.0000,0.0000,0.0000,14635.0000,0.0000,0.0000,0.0000,0.0000,1,0,0,0,0,5,0,0,0,0
sc,zn1303,2012-06-29 09:25:02.500,14520.0000,1012,0,0.0000,0.0000,0,0,多换,B,14470.0000,0.0000,0.0000,0.0000,0.0000,14630.0000,0.0000,0.0000,0.0000,0.0000,1,0,0,0,0,1,0,0,0,0
sc,zn1303,2012-06-29 09:25:03.000,14520.0000,1012,0,0.0000,0.0000,0,0,多换,B,14470.0000,0.0000,0.0000,0.0000,0.0000,14625.0000,0.0000,0.0000,0.0000,0.0000,1,0,0,0,0,5,0,0,0,0
sc,zn1303,2012-06-29 09:25:03.500,14520.0000,1012,0,0.0000,0.0000,0,0,多换,B,14470.0000,0.0000,0.0000,0.0000,0.0000,14620.0000,0.0000,0.0000,0.0000,0.0000,1,0,0,0,0,1,0,0,0,0
sc,zn1303,2012-06-29 09:25:04.000,14520.0000,1012,0,0.0000,0.0000,0,0,多换,B,14470.0000,0.0000,0.0000,0.0000,0.0000,14615.0000,0.0000,0.0000,0.0000,0.0000,1,0,0,0,0,5,0,0,0,0
sc,zn1303,2012-06-29 09:25:04.500,14520.0000,1012,0,0.0000,0.0000,0,0,多换,B,14470.0000,0.0000,0.0000,0.0000,0.0000,14610.0000,0.0000,0.0000,0.0000,0.0000,1,0,0,0,0,1,0,0,0,0
sc,zn1303,2012-06-29 09:25:05.000,14520.0000,1012,0,0.0000,0.0000,0,0,多换,B,14470.0000,0.0000,0.0000,0.0000,0.0000,14605.0000,0.0000,0.0000,0.0000,0.0000,1,0,0,0,0,5,0,0,0,0
sc,zn1303,2012-06-29 09:25:05.500,14520.0000,1012,0,0.0000,0.0000,0,0,多换,B,14470.0000,0.0000,0.0000,0.0000,0.0000,14600.0000,0.0000,0.0000,0.0000,0.0000,1,0,0,0,0,1,0,0,0,0
sc,zn1303,2012-06-29 09:25:36.500,14520.0000,1012,0,0.0000,0.0000,0,0,多换,B,14470.0000,0.0000,0.0000,0.0000,0.0000,14605.0000,0.0000,0.0000,0.0000,0.0000,1,0,0,0,0,5,0,0,0,0
sc,zn1303,2012-06-29 09:25:37.000,14520.0000,1012,0,0.0000,0.0000,0,0,多换,B,14470.0000,0.0000,0.0000,0.0000,0.0000,14595.0000,0.0000,0.0000,0.0000,0.0000,1,0,0,0,0,1,0,0,0,0
sc,zn1303,2012-06-29 09:26:07.500,14520.0000,1012,0,0.0000,0.0000,0,0,多换,B,14470.0000,0.0000,0.0000,0.0000,0.0000,14605.0000,0.0000,0.0000,0.0000,0.0000,1,0,0,0,0,5,0,0,0,0
sc,zn1303,2012-06-29 09:26:08.000,14520.0000,1012,0,0.0000,0.0000,0,0,多换,B,14470.0000,0.0000,0.0000,0.0000,0.0000,14590.0000,0.0000,0.0000,0.0000,0.0000,1,0,0,0,0,1,0,0,0,0
sc,zn1303,2012-06-29 09:26:22.500,14520.0000,1012,0,0.0000,0.0000,0,0,多换,B,14470.0000,0.0000,0.0000,0.0000,0.0000,14585.0000,0.0000,0.0000,0.0000,0.0000,1,0,0,0,0,1,0,0,0,0
sc,zn1303,2012-06-29 09:26:23.000,14520.0000,1012,0,0.0000,0.0000,0,0,多换,B,14470.0000,0.0000,0.0000,0.0000,0.0000,14580.0000,0.0000,0.0000,0.0000,0.0000,1,0,0,0,0,1,0,0,0,0
sc,zn1303,2012-06-29 09:26:26.500,14520.0000,1012,0,0.0000,0.0000,0,0,多换,B,14470.0000,0.0000,0.0000,0.0000,0.0000,14580.0000,0.0000,0.0000,0.0000,0.0000,1,0,0,0,0,1,0,0,0,0
sc,zn1303,2012-06-29 09:26:36.000,14520.0000,1012,0,0.0000,0.0000,0,0,多换,B,14470.0000,0.0000,0.0000,0.0000,0.0000,14580.0000,0.0000,0.0000,0.0000,0.0000,1,0,0,0,0,2,0,0,0,0
sc,zn1303,2012-06-29 09:26:53.500,14520.0000,1012,0,0.0000,0.0000,0,0,多换,B,14470.0000,0.0000,0.0000,0.0000,0.0000,14580.0000,0.0000,0.0000,0.0000,0.0000,1,0,0,0,0,1,0,0,0,0
sc,zn1303,2012-06-29 09:26:54.000,14520.0000,1012,0,0.0000,0.0000,0,0,多换,B,14470.0000,0.0000,0.0000,0.0000,0.0000,14575.0000,0.0000,0.0000,0.0000,0.0000,1,0,0,0,0,1,0,0,0,0
sc,zn1303,2012-06-29 09:27:00.000,14520.0000,1012,0,0.0000,0.0000,0,0,多换,B,14470.0000,0.0000,0.0000,0.0000,0.0000,14575.0000,0.0000,0.0000,0.0000,0.0000,1,0,0,0,0,1,0,0,0,0
sc,zn1303,2012-06-29 09:27:07.500,14520.0000,1012,0,0.0000,0.0000,0,0,多换,B,14470.0000,0.0000,0.0000,0.0000,0.0000,14570.0000,0.0000,0.0000,0.0000,0.0000,1,0,0,0,0,1,0,0,0,0
sc,zn1303,2012-06-29 09:27:08.000,14520.0000,1012,0,0.0000,0.0000,0,0,多换,B,14470.0000,0.0000,0.0000,0.0000,0.0000,14570.0000,0.0000,0.0000,0.0000,0.0000,1,0,0,0,0,1,0,0,0,0
sc,zn1303,2012-06-29 09:27:15.000,14520.0000,1012,0,0.0000,0.0000,0,0,多换,B,14475.0000,0.0000,0.0000,0.0000,0.0000,14570.0000,0.0000,0.0000,0.0000,0.0000,1,0,0,0,0,1,0,0,0,0
sc,zn1303,2012-06-29 09:27:15.500,14520.0000,1012,0,0.0000,0.0000,0,0,多换,B,14475.0000,0.0000,0.0000,0.0000,0.0000,14570.0000,0.0000,0.0000,0.0000,0.0000,1,0,0,0,0,1,0,0,0,0
sc,zn1303,2012-06-29 09:27:18.500,14520.0000,1012,0,0.0000,0.0000,0,0,多换,B,14480.0000,0.0000,0.0000,0.0000,0.0000,14570.0000,0.0000,0.0000,0.0000,0.0000,1,0,0,0,0,1,0,0,0,0
sc,zn1303,2012-06-29 09:27:23.000,14520.0000,1012,0,0.0000,0.0000,0,0,多换,B,14480.0000,0.0000,0.0000,0.0000,0.0000,14570.0000,0.0000,0.0000,0.0000,0.0000,1,0,0,0,0,1,0,0,0,0
sc,zn1303,2012-06-29 09:27:26.000,14520.0000,1012,0,0.0000,0.0000,0,0,多换,B,14480.0000,0.0000,0.0000,0.0000,0.0000,14565.0000,0.0000,0.0000,0.0000,0.0000,1,0,0,0,0,1,0,0,0,0
sc,zn1303,2012-06-29 09:27:43.500,14520.0000,1012,0,0.0000,0.0000,0,0,多换,B,14480.0000,0.0000,0.0000,0.0000,0.0000,14565.0000,0.0000,0.0000,0.0000,0.0000,1,0,0,0,0,1,0,0,0,0
sc,zn1303,2012-06-29 09:27:49.500,14520.0000,1012,0,0.0000,0.0000,0,0,多换,B,14480.0000,0.0000,0.0000,0.0000,0.0000,14605.0000,0.0000,0.0000,0.0000,0.0000,1,0,0,0,0,5,0,0,0,0
sc,zn1303,2012-06-29 09:27:50.000,14520.0000,1012,0,0.0000,0.0000,0,0,多换,B,14480.0000,0.0000,0.0000,0.0000,0.0000,14600.0000,0.0000,0.0000,0.0000,0.0000,1,0,0,0,0,1,0,0,0,0
sc,zn1303,2012-06-29 09:27:50.500,14520.0000,1012,0,0.0000,0.0000,0,0,多换,B,14480.0000,0.0000,0.0000,0.0000,0.0000,14600.0000,0.0000,0.0000,0.0000,0.0000,1,0,0,0,0,6,0,0,0,0
sc,zn1303,2012-06-29 09:28:03.000,14520.0000,1012,0,0.0000,0.0000,0,0,多换,B,14480.0000,0.0000,0.0000,0.0000,0.0000,14595.0000,0.0000,0.0000,0.0000,0.0000,1,0,0,0,0,3,0,0,0,0
sc,zn1303,2012-06-29 09:28:03.500,14520.0000,1012,0,0.0000,0.0000,0,0,多换,B,14480.0000,0.0000,0.0000,0.0000,0.0000,14590.0000,0.0000,0.0000,0.0000,0.0000,1,0,0,0,0,1,0,0,0,0
sc,zn1303,2012-06-29 09:28:33.500,14520.0000,1012,0,0.0000,0.0000,0,0,多换,B,14480.0000,0.0000,0.0000,0.0000,0.0000,14595.0000,0.0000,0.0000,0.0000,0.0000,1,0,0,0,0,3,0,0,0,0
sc,zn1303,2012-06-29 09:28:34.000,14520.0000,1012,0,0.0000,0.0000,0,0,多换,B,14480.0000,0.0000,0.0000,0.0000,0.0000,14585.0000,0.0000,0.0000,0.0000,0.0000,1,0,0,0,0,1,0,0,0,0
sc,zn1303,2012-06-29 09:28:34.500,14520.0000,1012,0,0.0000,0.0000,0,0,多换,B,14480.0000,0.0000,0.0000,0.0000,0.0000,14585.0000,0.0000,0.0000,0.0000,0.0000,1,0,0,0,0,1,0,0,0,0
sc,zn1303,2012-06-29 09:28:50.500,14520.0000,1012,0,0.0000,0.0000,0,0,多换,B,14480.0000,0.0000,0.0000,0.0000,0.0000,14585.0000,0.0000,0.0000,0.0000,0.0000,1,0,0,0,0,1,0,0,0,0
sc,zn1303,2012-06-29 09:29:04.500,14520.0000,1012,0,0.0000,0.0000,0,0,多换,B,14480.0000,0.0000,0.0000,0.0000,0.0000,14650.0000,0.0000,0.0000,0.0000,0.0000,1,0,0,0,0,1,0,0,0,0
sc,zn1303,2012-06-29 09:29:05.000,14520.0000,1012,0,0.0000,0.0000,0,0,多换,B,14480.0000,0.0000,0.0000,0.0000,0.0000,14580.0000,0.0000,0.0000,0.0000,0.0000,1,0,0,0,0,1,0,0,0,0
sc,zn1303,2012-06-29 09:29:35.000,14520.0000,1012,0,0.0000,0.0000,0,0,多换,B,14480.0000,0.0000,0.0000,0.0000,0.0000,14645.0000,0.0000,0.0000,0.0000,0.0000,1,0,0,0,0,8,0,0,0,0
sc,zn1303,2012-06-29 09:29:35.500,14520.0000,1012,0,0.0000,0.0000,0,0,多换,B,14480.0000,0.0000,0.0000,0.0000,0.0000,14575.0000,0.0000,0.0000,0.0000,0.0000,1,0,0,0,0,1,0,0,0,0
sc,zn1303,2012-06-29 09:30:06.000,14520.0000,1012,0,0.0000,0.0000,0,0,多换,B,14480.0000,0.0000,0.0000,0.0000,0.0000,14645.0000,0.0000,0.0000,0.0000,0.0000,1,0,0,0,0,8,0,0,0,0
sc,zn1303,2012-06-29 09:30:06.500,14520.0000,1012,0,0.0000,0.0000,0,0,多换,B,14480.0000,0.0000,0.0000,0.0000,0.0000,14640.0000,0.0000,0.0000,0.0000,0.0000,1,0,0,0,0,1,0,0,0,0
sc,zn1303,2012-06-29 09:30:07.000,14520.0000,1012,0,0.0000,0.0000,0,0,多换,B,14480.0000,0.0000,0.0000,0.0000,0.0000,14635.0000,0.0000,0.0000,0.0000,0.0000,1,0,0,0,0,5,0,0,0,0
sc,zn1303,2012-06-29 09:30:07.500,14520.0000,1012,0,0.0000,0.0000,0,0,多换,B,14480.0000,0.0000,0.0000,0.0000,0.0000,14630.0000,0.0000,0.0000,0.0000,0.0000,1,0,0,0,0,1,0,0,0,0
sc,zn1303,2012-06-29 09:30:08.000,14520.0000,1012,0,0.0000,0.0000,0,0,多换,B,14480.0000,0.0000,0.0000,0.0000,0.0000,14625.0000,0.0000,0.0000,0.0000,0.0000,1,0,0,0,0,5,0,0,0,0
sc,zn1303,2012-06-29 09:30:08.500,14520.0000,1012,0,0.0000,0.0000,0,0,多换,B,14480.0000,0.0000,0.0000,0.0000,0.0000,14620.0000,0.0000,0.0000,0.0000,0.0000,1,0,0,0,0,1,0,0,0,0
sc,zn1303,2012-06-29 09:30:09.000,14520.0000,1012,0,0.0000,0.0000,0,0,多换,B,14480.0000,0.0000,0.0000,0.0000,0.0000,14615.0000,0.0000,0.0000,0.0000,0.0000,1,0,0,0,0,5,0,0,0,0
sc,zn1303,2012-06-29 09:30:09.500,14520.0000,1012,0,0.0000,0.0000,0,0,多换,B,14480.0000,0.0000,0.0000,0.0000,0.0000,14610.0000,0.0000,0.0000,0.0000,0.0000,1,0,0,0,0,1,0,0,0,0
sc,zn1303,2012-06-29 09:30:10.000,14520.0000,1012,0,0.0000,0.0000,0,0,多换,B,14480.0000,0.0000,0.0000,0.0000,0.0000,14610.0000,0.0000,0.0000,0.0000,0.0000,1,0,0,0,0,6,0,0,0,0
sc,zn1303,2012-06-29 09:30:20.500,14520.0000,1012,0,0.0000,0.0000,0,0,多换,B,14410.0000,0.0000,0.0000,0.0000,0.0000,14610.0000,0.0000,0.0000,0.0000,0.0000,10,0,0,0,0,6,0,0,0,0
sc,zn1303,2012-06-29 09:30:21.000,14520.0000,1012,0,0.0000,0.0000,0,0,多换,B,14415.0000,0.0000,0.0000,0.0000,0.0000,14610.0000,0.0000,0.0000,0.0000,0.0000,19,0,0,0,0,6,0,0,0,0
sc,zn1303,2012-06-29 09:30:23.500,14520.0000,1012,0,0.0000,0.0000,0,0,多换,B,14420.0000,0.0000,0.0000,0.0000,0.0000,14610.0000,0.0000,0.0000,0.0000,0.0000,1,0,0,0,0,6,0,0,0,0
sc,zn1303,2012-06-29 09:30:24.000,14520.0000,1012,0,0.0000,0.0000,0,0,多换,B,14425.0000,0.0000,0.0000,0.0000,0.0000,14610.0000,0.0000,0.0000,0.0000,0.0000,9,0,0,0,0,6,0,0,0,0
sc,zn1303,2012-06-29 09:30:24.500,14520.0000,1012,0,0.0000,0.0000,0,0,多换,B,14425.0000,0.0000,0.0000,0.0000,0.0000,14610.0000,0.0000,0.0000,0.0000,0.0000,9,0,0,0,0,6,0,0,0,0
sc,zn1303,2012-06-29 09:30:25.000,14520.0000,1012,0,0.0000,0.0000,0,0,多换,B,14425.0000,0.0000,0.0000,0.0000,0.0000,14600.0000,0.0000,0.0000,0.0000,0.0000,9,0,0,0,0,2,0,0,0,0
sc,zn1303,2012-06-29 09:30:25.500,14520.0000,1012,0,0.0000,0.0000,0,0,多换,B,14425.0000,0.0000,0.0000,0.0000,0.0000,14595.0000,0.0000,0.0000,0.0000,0.0000,9,0,0,0,0,1,0,0,0,0
sc,zn1303,2012-06-29 09:30:27.500,14520.0000,1012,0,0.0000,0.0000,0,0,多换,B,14430.0000,0.0000,0.0000,0.0000,0.0000,14595.0000,0.0000,0.0000,0.0000,0.0000,1,0,0,0,0,1,0,0,0,0
sc,zn1303,2012-06-29 09:30:28.000,14520.0000,1012,0,0.0000,0.0000,0,0,多换,B,14435.0000,0.0000,0.0000,0.0000,0.0000,14595.0000,0.0000,0.0000,0.0000,0.0000,6,0,0,0,0,1,0,0,0,0
sc,zn1303,2012-06-29 09:30:28.500,14520.0000,1012,0,0.0000,0.0000,0,0,多换,B,14435.0000,0.0000,0.0000,0.0000,0.0000,14595.0000,0.0000,0.0000,0.0000,0.0000,6,0,0,0,0,1,0,0,0,0
sc,zn1303,2012-06-29 09:30:29.500,14520.0000,1012,0,0.0000,0.0000,0,0,多换,B,14435.0000,0.0000,0.0000,0.0000,0.0000,14580.0000,0.0000,0.0000,0.0000,0.0000,6,0,0,0,0,1,0,0,0,0
sc,zn1303,2012-06-29 09:30:30.000,14520.0000,1012,0,0.0000,0.0000,0,0,多换,B,14435.0000,0.0000,0.0000,0.0000,0.0000,14575.0000,0.0000,0.0000,0.0000,0.0000,6,0,0,0,0,1,0,0,0,0
sc,zn1303,2012-06-29 09:30:31.000,14520.0000,1012,0,0.0000,0.0000,0,0,多换,B,14435.0000,0.0000,0.0000,0.0000,0.0000,14575.0000,0.0000,0.0000,0.0000,0.0000,6,0,0,0,0,1,0,0,0,0
sc,zn1303,2012-06-29 09:30:32.500,14520.0000,1012,0,0.0000,0.0000,0,0,多换,B,14440.0000,0.0000,0.0000,0.0000,0.0000,14575.0000,0.0000,0.0000,0.0000,0.0000,1,0,0,0,0,1,0,0,0,0
sc,zn1303,2012-06-29 09:30:33.000,14520.0000,1012,0,0.0000,0.0000,0,0,多换,B,14445.0000,0.0000,0.0000,0.0000,0.0000,14575.0000,0.0000,0.0000,0.0000,0.0000,6,0,0,0,0,1,0,0,0,0
sc,zn1303,2012-06-29 09:30:33.500,14520.0000,1012,0,0.0000,0.0000,0,0,多换,B,14445.0000,0.0000,0.0000,0.0000,0.0000,14575.0000,0.0000,0.0000,0.0000,0.0000,6,0,0,0,0,1,0,0,0,0
sc,zn1303,2012-06-29 09:30:34.000,14520.0000,1012,0,0.0000,0.0000,0,0,多换,B,14445.0000,0.0000,0.0000,0.0000,0.0000,14575.0000,0.0000,0.0000,0.0000,0.0000,6,0,0,0,0,1,0,0,0,0
sc,zn1303,2012-06-29 09:30:36.500,14520.0000,1012,0,0.0000,0.0000,0,0,多换,B,14450.0000,0.0000,0.0000,0.0000,0.0000,14575.0000,0.0000,0.0000,0.0000,0.0000,1,0,0,0,0,1,0,0,0,0
sc,zn1303,2012-06-29 09:30:37.000,14520.0000,1012,0,0.0000,0.0000,0,0,多换,B,14455.0000,0.0000,0.0000,0.0000,0.0000,14575.0000,0.0000,0.0000,0.0000,0.0000,6,0,0,0,0,1,0,0,0,0
sc,zn1303,2012-06-29 09:30:38.000,14520.0000,1012,0,0.0000,0.0000,0,0,多换,B,14455.0000,0.0000,0.0000,0.0000,0.0000,14575.0000,0.0000,0.0000,0.0000,0.0000,6,0,0,0,0,1,0,0,0,0
sc,zn1303,2012-06-29 09:30:40.500,14520.0000,1012,0,0.0000,0.0000,0,0,多换,B,14460.0000,0.0000,0.0000,0.0000,0.0000,14575.0000,0.0000,0.0000,0.0000,0.0000,1,0,0,0,0,1,0,0,0,0
sc,zn1303,2012-06-29 09:30:41.000,14520.0000,1012,0,0.0000,0.0000,0,0,多换,B,14460.0000,0.0000,0.0000,0.0000,0.0000,14575.0000,0.0000,0.0000,0.0000,0.0000,1,0,0,0,0,1,0,0,0,0
sc,zn1303,2012-06-29 09:30:44.500,14520.0000,1012,0,0.0000,0.0000,0,0,多换,B,14460.0000,0.0000,0.0000,0.0000,0.0000,14575.0000,0.0000,0.0000,0.0000,0.0000,1,0,0,0,0,1,0,0,0,0
sc,zn1303,2012-06-29 09:30:57.000,14520.0000,1012,0,0.0000,0.0000,0,0,多换,B,14460.0000,0.0000,0.0000,0.0000,0.0000,14575.0000,0.0000,0.0000,0.0000,0.0000,1,0,0,0,0,1,0,0,0,0
sc,zn1303,2012-06-29 09:31:00.500,14520.0000,1012,0,0.0000,0.0000,0,0,多换,B,14460.0000,0.0000,0.0000,0.0000,0.0000,14610.0000,0.0000,0.0000,0.0000,0.0000,1,0,0,0,0,5,0,0,0,0
sc,zn1303,2012-06-29 09:31:01.000,14520.0000,1012,0,0.0000,0.0000,0,0,多换,B,14460.0000,0.0000,0.0000,0.0000,0.0000,14570.0000,0.0000,0.0000,0.0000,0.0000,1,0,0,0,0,1,0,0,0,0
sc,zn1303,2012-06-29 09:31:06.000,14520.0000,1012,0,0.0000,0.0000,0,0,多换,B,14460.0000,0.0000,0.0000,0.0000,0.0000,14565.0000,0.0000,0.0000,0.0000,0.0000,1,0,0,0,0,1,0,0,0,0
sc,zn1303,2012-06-29 09:31:06.500,14520.0000,1012,0,0.0000,0.0000,0,0,多换,B,14460.0000,0.0000,0.0000,0.0000,0.0000,14565.0000,0.0000,0.0000,0.0000,0.0000,1,0,0,0,0,1,0,0,0,0
sc,zn1303,2012-06-29 09:31:36.500,14520.0000,1012,0,0.0000,0.0000,0,0,多换,B,14460.0000,0.0000,0.0000,0.0000,0.0000,14560.0000,0.0000,0.0000,0.0000,0.0000,1,0,0,0,0,3,0,0,0,0
sc,zn1303,2012-06-29 09:31:45.000,14520.0000,1012,0,0.0000,0.0000,0,0,多换,B,14460.0000,0.0000,0.0000,0.0000,0.0000,14565.0000,0.0000,0.0000,0.0000,0.0000,1,0,0,0,0,1,0,0,0,0
sc,zn1303,2012-06-29 09:31:58.500,14520.0000,1012,0,0.0000,0.0000,0,0,多换,B,14460.0000,0.0000,0.0000,0.0000,0.0000,14560.0000,0.0000,0.0000,0.0000,0.0000,1,0,0,0,0,1,0,0,0,0
sc,zn1303,2012-06-29 09:32:10.000,14520.0000,1012,0,0.0000,0.0000,0,0,多换,B,14460.0000,0.0000,0.0000,0.0000,0.0000,14565.0000,0.0000,0.0000,0.0000,0.0000,1,0,0,0,0,1,0,0,0,0
sc,zn1303,2012-06-29 09:32:24.000,14520.0000,1012,0,0.0000,0.0000,0,0,多换,B,14460.0000,0.0000,0.0000,0.0000,0.0000,14560.0000,0.0000,0.0000,0.0000,0.0000,1,0,0,0,0,2,0,0,0,0
sc,zn1303,2012-06-29 09:32:28.000,14520.0000,1012,0,0.0000,0.0000,0,0,多换,B,14460.0000,0.0000,0.0000,0.0000,0.0000,14560.0000,0.0000,0.0000,0.0000,0.0000,1,0,0,0,0,2,0,0,0,0
sc,zn1303,2012-06-29 09:33:41.500,14520.0000,1012,0,0.0000,0.0000,0,0,多换,B,14460.0000,0.0000,0.0000,0.0000,0.0000,14555.0000,0.0000,0.0000,0.0000,0.0000,1,0,0,0,0,3,0,0,0,0
sc,zn1303,2012-06-29 09:33:42.000,14520.0000,1012,0,0.0000,0.0000,0,0,多换,B,14460.0000,0.0000,0.0000,0.0000,0.0000,14550.0000,0.0000,0.0000,0.0000,0.0000,1,0,0,0,0,2,0,0,0,0
sc,zn1303,2012-06-29 09:33:42.500,14520.0000,1012,0,0.0000,0.0000,0,0,多换,B,14410.0000,0.0000,0.0000,0.0000,0.0000,14550.0000,0.0000,0.0000,0.0000,0.0000,10,0,0,0,0,2,0,0,0,0
sc,zn1303,2012-06-29 09:33:43.000,14520.0000,1012,0,0.0000,0.0000,0,0,多换,B,14415.0000,0.0000,0.0000,0.0000,0.0000,14550.0000,0.0000,0.0000,0.0000,0.0000,16,0,0,0,0,2,0,0,0,0
sc,zn1303,2012-06-29 09:33:45.500,14520.0000,1012,0,0.0000,0.0000,0,0,多换,B,14420.0000,0.0000,0.0000,0.0000,0.0000,14550.0000,0.0000,0.0000,0.0000,0.0000,1,0,0,0,0,2,0,0,0,0
sc,zn1303,2012-06-29 09:33:46.000,14520.0000,1012,0,0.0000,0.0000,0,0,多换,B,14425.0000,0.0000,0.0000,0.0000,0.0000,14550.0000,0.0000,0.0000,0.0000,0.0000,6,0,0,0,0,2,0,0,0,0
sc,zn1303,2012-06-29 09:33:46.500,14520.0000,1012,0,0.0000,0.0000,0,0,多换,B,14425.0000,0.0000,0.0000,0.0000,0.0000,14550.0000,0.0000,0.0000,0.0000,0.0000,6,0,0,0,0,2,0,0,0,0
sc,zn1303,2012-06-29 09:33:49.500,14520.0000,1012,0,0.0000,0.0000,0,0,多换,B,14430.0000,0.0000,0.0000,0.0000,0.0000,14550.0000,0.0000,0.0000,0.0000,0.0000,1,0,0,0,0,2,0,0,0,0
sc,zn1303,2012-06-29 09:33:50.000,14520.0000,1012,0,0.0000,0.0000,0,0,多换,B,14435.0000,0.0000,0.0000,0.0000,0.0000,14550.0000,0.0000,0.0000,0.0000,0.0000,6,0,0,0,0,2,0,0,0,0
sc,zn1303,2012-06-29 09:33:50.500,14520.0000,1012,0,0.0000,0.0000,0,0,多换,B,14435.0000,0.0000,0.0000,0.0000,0.0000,14550.0000,0.0000,0.0000,0.0000,0.0000,6,0,0,0,0,2,0,0,0,0
sc,zn1303,2012-06-29 09:33:53.500,14520.0000,1012,0,0.0000,0.0000,0,0,多换,B,14440.0000,0.0000,0.0000,0.0000,0.0000,14550.0000,0.0000,0.0000,0.0000,0.0000,1,0,0,0,0,2,0,0,0,0
sc,zn1303,2012-06-29 09:33:54.000,14520.0000,1012,0,0.0000,0.0000,0,0,多换,B,14445.0000,0.0000,0.0000,0.0000,0.0000,14550.0000,0.0000,0.0000,0.0000,0.0000,1,0,0,0,0,2,0,0,0,0
sc,zn1303,2012-06-29 09:33:54.500,14520.0000,1012,0,0.0000,0.0000,0,0,多换,B,14445.0000,0.0000,0.0000,0.0000,0.0000,14550.0000,0.0000,0.0000,0.0000,0.0000,1,0,0,0,0,2,0,0,0,0
sc,zn1303,2012-06-29 09:33:57.500,14520.0000,1012,0,0.0000,0.0000,0,0,多换,B,14450.0000,0.0000,0.0000,0.0000,0.0000,14550.0000,0.0000,0.0000,0.0000,0.0000,1,0,0,0,0,2,0,0,0,0
sc,zn1303,2012-06-29 09:33:58.000,14520.0000,1012,0,0.0000,0.0000,0,0,多换,B,14455.0000,0.0000,0.0000,0.0000,0.0000,14550.0000,0.0000,0.0000,0.0000,0.0000,1,0,0,0,0,2,0,0,0,0
sc,zn1303,2012-06-29 09:33:58.500,14520.0000,1012,0,0.0000,0.0000,0,0,多换,B,14455.0000,0.0000,0.0000,0.0000,0.0000,14550.0000,0.0000,0.0000,0.0000,0.0000,1,0,0,0,0,2,0,0,0,0
sc,zn1303,2012-06-29 09:34:01.500,14520.0000,1012,0,0.0000,0.0000,0,0,多换,B,14460.0000,0.0000,0.0000,0.0000,0.0000,14550.0000,0.0000,0.0000,0.0000,0.0000,1,0,0,0,0,2,0,0,0,0
sc,zn1303,2012-06-29 09:34:02.000,14520.0000,1012,0,0.0000,0.0000,0,0,多换,B,14460.0000,0.0000,0.0000,0.0000,0.0000,14550.0000,0.0000,0.0000,0.0000,0.0000,1,0,0,0,0,2,0,0,0,0
sc,zn1303,2012-06-29 09:34:18.500,14520.0000,1012,0,0.0000,0.0000,0,0,多换,B,14465.0000,0.0000,0.0000,0.0000,0.0000,14550.0000,0.0000,0.0000,0.0000,0.0000,1,0,0,0,0,2,0,0,0,0
sc,zn1303,2012-06-29 09:34:19.000,14520.0000,1012,0,0.0000,0.0000,0,0,多换,B,14465.0000,0.0000,0.0000,0.0000,0.0000,14555.0000,0.0000,0.0000,0.0000,0.0000,1,0,0,0,0,3,0,0,0,0
sc,zn1303,2012-06-29 09:34:19.500,14520.0000,1012,0,0.0000,0.0000,0,0,多换,B,14465.0000,0.0000,0.0000,0.0000,0.0000,14565.0000,0.0000,0.0000,0.0000,0.0000,1,0,0,0,0,1,0,0,0,0
sc,zn1303,2012-06-29 09:34:20.000,14520.0000,1012,0,0.0000,0.0000,0,0,多换,B,14465.0000,0.0000,0.0000,0.0000,0.0000,14560.0000,0.0000,0.0000,0.0000,0.0000,1,0,0,0,0,2,0,0,0,0
sc,zn1303,2012-06-29 09:34:21.500,14520.0000,1012,0,0.0000,0.0000,0,0,多换,B,14470.0000,0.0000,0.0000,0.0000,0.0000,14560.0000,0.0000,0.0000,0.0000,0.0000,1,0,0,0,0,2,0,0,0,0
sc,zn1303,2012-06-29 09:34:22.000,14520.0000,1012,0,0.0000,0.0000,0,0,多换,B,14470.0000,0.0000,0.0000,0.0000,0.0000,14560.0000,0.0000,0.0000,0.0000,0.0000,1,0,0,0,0,2,0,0,0,0
sc,zn1303,2012-06-29 09:34:23.000,14520.0000,1012,0,0.0000,0.0000,0,0,多换,B,14470.0000,0.0000,0.0000,0.0000,0.0000,14560.0000,0.0000,0.0000,0.0000,0.0000,1,0,0,0,0,2,0,0,0,0
sc,zn1303,2012-06-29 09:34:42.500,14520.0000,1012,0,0.0000,0.0000,0,0,多换,B,14470.0000,0.0000,0.0000,0.0000,0.0000,14555.0000,0.0000,0.0000,0.0000,0.0000,1,0,0,0,0,3,0,0,0,0
sc,zn1303,2012-06-29 09:34:51.000,14520.0000,1012,0,0.0000,0.0000,0,0,多换,B,14470.0000,0.0000,0.0000,0.0000,0.0000,14560.0000,0.0000,0.0000,0.0000,0.0000,1,0,0,0,0,2,0,0,0,0
sc,zn1303,2012-06-29 09:35:14.500,14520.0000,1012,0,0.0000,0.0000,0,0,多换,B,14470.0000,0.0000,0.0000,0.0000,0.0000,14555.0000,0.0000,0.0000,0.0000,0.0000,1,0,0,0,0,1,0,0,0,0
sc,zn1303,2012-06-29 09:35:25.000,14520.0000,1012,0,0.0000,0.0000,0,0,多换,B,14475.0000,0.0000,0.0000,0.0000,0.0000,14555.0000,0.0000,0.0000,0.0000,0.0000,1,0,0,0,0,1,0,0,0,0
sc,zn1303,2012-06-29 09:35:25.500,14520.0000,1012,0,0.0000,0.0000,0,0,多换,B,14440.0000,0.0000,0.0000,0.0000,0.0000,14555.0000,0.0000,0.0000,0.0000,0.0000,5,0,0,0,0,1,0,0,0,0
sc,zn1303,2012-06-29 09:35:26.000,14520.0000,1012,0,0.0000,0.0000,0,0,多换,B,14445.0000,0.0000,0.0000,0.0000,0.0000,14555.0000,0.0000,0.0000,0.0000,0.0000,1,0,0,0,0,1,0,0,0,0
sc,zn1303,2012-06-29 09:35:26.500,14520.0000,1012,0,0.0000,0.0000,0,0,多换,B,14445.0000,0.0000,0.0000,0.0000,0.0000,14555.0000,0.0000,0.0000,0.0000,0.0000,6,0,0,0,0,1,0,0,0,0
sc,zn1303,2012-06-29 09:35:28.500,14520.0000,1012,0,0.0000,0.0000,0,0,多换,B,14450.0000,0.0000,0.0000,0.0000,0.0000,14555.0000,0.0000,0.0000,0.0000,0.0000,1,0,0,0,0,1,0,0,0,0
sc,zn1303,2012-06-29 09:35:29.000,14520.0000,1012,0,0.0000,0.0000,0,0,多换,B,14455.0000,0.0000,0.0000,0.0000,0.0000,14555.0000,0.0000,0.0000,0.0000,0.0000,1,0,0,0,0,1,0,0,0,0
sc,zn1303,2012-06-29 09:35:29.500,14520.0000,1012,0,0.0000,0.0000,0,0,多换,B,14455.0000,0.0000,0.0000,0.0000,0.0000,14555.0000,0.0000,0.0000,0.0000,0.0000,1,0,0,0,0,1,0,0,0,0
sc,zn1303,2012-06-29 09:35:30.000,14520.0000,1012,0,0.0000,0.0000,0,0,多换,B,14455.0000,0.0000,0.0000,0.0000,0.0000,14555.0000,0.0000,0.0000,0.0000,0.0000,1,0,0,0,0,1,0,0,0,0
sc,zn1303,2012-06-29 09:35:32.500,14520.0000,1012,0,0.0000,0.0000,0,0,多换,B,14460.0000,0.0000,0.0000,0.0000,0.0000,14555.0000,0.0000,0.0000,0.0000,0.0000,1,0,0,0,0,1,0,0,0,0
sc,zn1303,2012-06-29 09:35:33.000,14520.0000,1012,0,0.0000,0.0000,0,0,多换,B,14465.0000,0.0000,0.0000,0.0000,0.0000,14555.0000,0.0000,0.0000,0.0000,0.0000,1,0,0,0,0,1,0,0,0,0
sc,zn1303,2012-06-29 09:35:33.500,14520.0000,1012,0,0.0000,0.0000,0,0,多换,B,14465.0000,0.0000,0.0000,0.0000,0.0000,14555.0000,0.0000,0.0000,0.0000,0.0000,1,0,0,0,0,1,0,0,0,0
sc,zn1303,2012-06-29 09:35:35.000,14520.0000,1012,0,0.0000,0.0000,0,0,多换,B,14470.0000,0.0000,0.0000,0.0000,0.0000,14555.0000,0.0000,0.0000,0.0000,0.0000,3,0,0,0,0,1,0,0,0,0
sc,zn1303,2012-06-29 09:35:35.500,14520.0000,1012,0,0.0000,0.0000,0,0,多换,B,14475.0000,0.0000,0.0000,0.0000,0.0000,14555.0000,0.0000,0.0000,0.0000,0.0000,1,0,0,0,0,1,0,0,0,0
sc,zn1303,2012-06-29 09:35:36.500,14520.0000,1012,0,0.0000,0.0000,0,0,多换,B,14480.0000,0.0000,0.0000,0.0000,0.0000,14555.0000,0.0000,0.0000,0.0000,0.0000,1,0,0,0,0,1,0,0,0,0
sc,zn1303,2012-06-29 09:35:37.000,14520.0000,1012,0,0.0000,0.0000,0,0,多换,B,14480.0000,0.0000,0.0000,0.0000,0.0000,14555.0000,0.0000,0.0000,0.0000,0.0000,1,0,0,0,0,1,0,0,0,0
sc,zn1303,2012-06-29 09:35:49.000,14520.0000,1012,0,0.0000,0.0000,0,0,多换,B,14480.0000,0.0000,0.0000,0.0000,0.0000,14555.0000,0.0000,0.0000,0.0000,0.0000,1,0,0,0,0,1,0,0,0,0
sc,zn1303,2012-06-29 09:35:50.500,14520.0000,1012,0,0.0000,0.0000,0,0,多换,B,14480.0000,0.0000,0.0000,0.0000,0.0000,14555.0000,0.0000,0.0000,0.0000,0.0000,1,0,0,0,0,1,0,0,0,0
sc,zn1303,2012-06-29 09:35:55.000,14520.0000,1012,0,0.0000,0.0000,0,0,多换,B,14485.0000,0.0000,0.0000,0.0000,0.0000,14555.0000,0.0000,0.0000,0.0000,0.0000,1,0,0,0,0,1,0,0,0,0
sc,zn1303,2012-06-29 09:35:55.500,14520.0000,1012,0,0.0000,0.0000,0,0,多换,B,14470.0000,0.0000,0.0000,0.0000,0.0000,14555.0000,0.0000,0.0000,0.0000,0.0000,3,0,0,0,0,1,0,0,0,0
sc,zn1303,2012-06-29 09:35:56.000,14520.0000,1012,0,0.0000,0.0000,0,0,多换,B,14475.0000,0.0000,0.0000,0.0000,0.0000,14555.0000,0.0000,0.0000,0.0000,0.0000,1,0,0,0,0,1,0,0,0,0
sc,zn1303,2012-06-29 09:35:56.500,14520.0000,1012,0,0.0000,0.0000,0,0,多换,B,14475.0000,0.0000,0.0000,0.0000,0.0000,14555.0000,0.0000,0.0000,0.0000,0.0000,1,0,0,0,0,1,0,0,0,0
sc,zn1303,2012-06-29 09:35:58.500,14520.0000,1012,0,0.0000,0.0000,0,0,多换,B,14480.0000,0.0000,0.0000,0.0000,0.0000,14555.0000,0.0000,0.0000,0.0000,0.0000,1,0,0,0,0,1,0,0,0,0
sc,zn1303,2012-06-29 09:35:59.000,14520.0000,1012,0,0.0000,0.0000,0,0,多换,B,14485.0000,0.0000,0.0000,0.0000,0.0000,14555.0000,0.0000,0.0000,0.0000,0.0000,1,0,0,0,0,1,0,0,0,0
sc,zn1303,2012-06-29 09:35:59.500,14520.0000,1012,0,0.0000,0.0000,0,0,多换,B,14485.0000,0.0000,0.0000,0.0000,0.0000,14555.0000,0.0000,0.0000,0.0000,0.0000,1,0,0,0,0,1,0,0,0,0
sc,zn1303,2012-06-29 09:36:02.500,14520.0000,1012,0,0.0000,0.0000,0,0,多换,B,14490.0000,0.0000,0.0000,0.0000,0.0000,14555.0000,0.0000,0.0000,0.0000,0.0000,1,0,0,0,0,1,0,0,0,0
sc,zn1303,2012-06-29 09:36:03.000,14520.0000,1012,0,0.0000,0.0000,0,0,多换,B,14490.0000,0.0000,0.0000,0.0000,0.0000,14555.0000,0.0000,0.0000,0.0000,0.0000,1,0,0,0,0,1,0,0,0,0
sc,zn1303,2012-06-29 09:37:25.500,14520.0000,1012,0,0.0000,0.0000,0,0,多换,B,14500.0000,0.0000,0.0000,0.0000,0.0000,14555.0000,0.0000,0.0000,0.0000,0.0000,2,0,0,0,0,1,0,0,0,0
sc,zn1303,2012-06-29 09:37:26.000,14520.0000,1012,0,0.0000,0.0000,0,0,多换,B,14500.0000,0.0000,0.0000,0.0000,0.0000,14555.0000,0.0000,0.0000,0.0000,0.0000,2,0,0,0,0,1,0,0,0,0
sc,zn1303,2012-06-29 09:37:28.500,14520.0000,1012,0,0.0000,0.0000,0,0,多换,B,14505.0000,0.0000,0.0000,0.0000,0.0000,14555.0000,0.0000,0.0000,0.0000,0.0000,1,0,0,0,0,1,0,0,0,0
sc,zn1303,2012-06-29 09:38:13.500,14520.0000,1012,0,0.0000,0.0000,0,0,多换,B,14505.0000,0.0000,0.0000,0.0000,0.0000,14555.0000,0.0000,0.0000,0.0000,0.0000,1,0,0,0,0,1,0,0,0,0
sc,zn1303,2012-06-29 09:39:14.000,14520.0000,1012,0,0.0000,0.0000,0,0,多换,B,14505.0000,0.0000,0.0000,0.0000,0.0000,14555.0000,0.0000,0.0000,0.0000,0.0000,2,0,0,0,0,1,0,0,0,0
sc,zn1303,2012-06-29 09:40:17.500,14520.0000,1012,0,0.0000,0.0000,0,0,多换,B,14505.0000,0.0000,0.0000,0.0000,0.0000,14555.0000,0.0000,0.0000,0.0000,0.0000,2,0,0,0,0,1,0,0,0,0
sc,zn1303,2012-06-29 09:40:30.500,14520.0000,1012,0,0.0000,0.0000,0,0,多换,B,14505.0000,0.0000,0.0000,0.0000,0.0000,14555.0000,0.0000,0.0000,0.0000,0.0000,1,0,0,0,0,1,0,0,0,0
sc,zn1303,2012-06-29 09:41:28.500,14520.0000,1012,0,0.0000,0.0000,0,0,多换,B,14505.0000,0.0000,0.0000,0.0000,0.0000,14550.0000,0.0000,0.0000,0.0000,0.0000,1,0,0,0,0,1,0,0,0,0
sc,zn1303,2012-06-29 09:41:38.500,14520.0000,1012,0,0.0000,0.0000,0,0,多换,B,14505.0000,0.0000,0.0000,0.0000,0.0000,14550.0000,0.0000,0.0000,0.0000,0.0000,2,0,0,0,0,1,0,0,0,0
