市场代码,合约代码,时间,最新,持仓,增仓,成交额,成交量,开仓,平仓,成交类型,方向,买一价,买二价,买三价,买四价,买五价,卖一价,卖二价,卖三价,卖四价,卖五价,买一量,买二量,买三量,买四量,买五量,卖一量,卖二量,卖三量,卖四量,卖五量
sc,zn1210,2012-06-29 07:36:29.500,14350.0000,213348,0,0.0000,0.0000,0,0,空换,S,0.0000,0.0000,0.0000,0.0000,0.0000,0.0000,0.0000,0.0000,0.0000,0.0000,0,0,0,0,0,0,0,0,0,0
sc,zn1210,2012-06-29 08:59:00.500,14330.0000,213296,-52,41270400.0000,576.0000,262,314,多平,S,14325.0000,0.0000,0.0000,0.0000,0.0000,14330.0000,0.0000,0.0000,0.0000,0.0000,2,0,0,0,0,126,0,0,0,0
sc,zn1210,2012-06-29 09:00:00.500,14330.0000,213282,-14,3150850.0000,44.0000,15,29,多平,S,14325.0000,0.0000,0.0000,0.0000,0.0000,14330.0000,0.0000,0.0000,0.0000,0.0000,126,0,0,0,0,129,0,0,0,0
sc,zn1210,2012-06-29 09:00:01.000,14330.0000,213346,64,20348250.0000,284.0000,174,110,空开,S,14330.0000,0.0000,0.0000,0.0000,0.0000,14340.0000,0.0000,0.0000,0.0000,0.0000,11,0,0,0,0,7,0,0,0,0
sc,zn1210,2012-06-29 09:00:01.500,14330.0000,213344,-2,1003100.0000,14.0000,6,8,多平,S,14330.0000,0.0000,0.0000,0.0000,0.0000,14340.0000,0.0000,0.0000,0.0000,0.0000,17,0,0,0,0,7,0,0,0,0
sc,zn1210,2012-06-29 09:00:02.000,14330.0000,213348,4,3009850.0000,42.0000,23,19,空开,S,14335.0000,0.0000,0.0000,0.0000,0.0000,14340.0000,0.0000,0.0000,0.0000,0.0000,22,0,0,0,0,3,0,0,0,0
sc,zn1210,2012-06-29 09:00:02.500,14340.0000,213328,-20,3154950.0000,44.0000,12,32,空平,B,14335.0000,0.0000,0.0000,0.0000,0.0000,14350.0000,0.0000,0.0000,0.0000,0.0000,121,0,0,0,0,30,0,0,0,0
sc,zn1210,2012-06-29 09:00:03.000,14335.0000,213328,0,1003450.0000,14.0000,7,7,空换,S,14340.0000,0.0000,0.0000,0.0000,0.0000,14350.0000,0.0000,0.0000,0.0000,0.0000,3,0,0,0,0,33,0,0,0,0
sc,zn1210,2012-06-29 09:00:03.500,14335.0000,213328,0,0.0000,0.0000,0,0,空换,S,14340.0000,0.0000,0.0000,0.0000,0.0000,14350.0000,0.0000,0.0000,0.0000,0.0000,87,0,0,0,0,37,0,0,0,0
sc,zn1210,2012-06-29 09:00:04.000,14340.0000,213316,-12,2724300.0000,38.0000,13,25,空平,B,14340.0000,0.0000,0.0000,0.0000,0.0000,14350.0000,0.0000,0.0000,0.0000,0.0000,92,0,0,0,0,35,0,0,0,0
sc,zn1210,2012-06-29 09:00:04.500,14340.0000,213288,-28,2151100.0000,30.0000,1,29,空平,B,14340.0000,0.0000,0.0000,0.0000,0.0000,14350.0000,0.0000,0.0000,0.0000,0.0000,84,0,0,0,0,34,0,0,0,0
sc,zn1210,2012-06-29 09:00:05.000,14340.0000,213284,-4,2724800.0000,38.0000,17,21,空平,B,14340.0000,0.0000,0.0000,0.0000,0.0000,14350.0000,0.0000,0.0000,0.0000,0.0000,67,0,0,0,0,32,0,0,0,0
sc,zn1210,2012-06-29 09:00:05.500,14340.0000,213268,-16,2151500.0000,30.0000,7,23,空平,B,14340.0000,0.0000,0.0000,0.0000,0.0000,14350.0000,0.0000,0.0000,0.0000,0.0000,64,0,0,0,0,27,0,0,0,0
sc,zn1210,2012-06-29 09:00:06.000,14340.0000,213256,-12,860400.0000,12.0000,0,12,双平,B,14345.0000,0.0000,0.0000,0.0000,0.0000,14350.0000,0.0000,0.0000,0.0000,0.0000,1,0,0,0,0,27,0,0,0,0
sc,zn1210,2012-06-29 09:00:06.500,14345.0000,213254,-2,143450.0000,2.0000,0,2,双平,B,14345.0000,0.0000,0.0000,0.0000,0.0000,14350.0000,0.0000,0.0000,0.0000,0.0000,30,0,0,0,0,25,0,0,0,0
sc,zn1210,2012-06-29 09:00:07.000,14350.0000,213246,-8,1865250.0000,26.0000,9,17,空平,B,14345.0000,0.0000,0.0000,0.0000,0.0000,14350.0000,0.0000,0.0000,0.0000,0.0000,25,0,0,0,0,32,0,0,0,0
sc,zn1210,2012-06-29 09:00:07.500,14345.0000,213248,2,2582500.0000,36.0000,19,17,空开,S,14345.0000,0.0000,0.0000,0.0000,0.0000,14350.0000,0.0000,0.0000,0.0000,0.0000,27,0,0,0,0,34,0,0,0,0
sc,zn1210,2012-06-29 09:00:08.000,14345.0000,213242,-6,430350.0000,6.0000,0,6,双平,S,14345.0000,0.0000,0.0000,0.0000,0.0000,14350.0000,0.0000,0.0000,0.0000,0.0000,26,0,0,0,0,34,0,0,0,0
sc,zn1210,2012-06-29 09:00:08.500,14345.0000,213242,0,0.0000,0.0000,0,0,空换,S,14345.0000,0.0000,0.0000,0.0000,0.0000,14350.0000,0.0000,0.0000,0.0000,0.0000,26,0,0,0,0,34,0,0,0,0
sc,zn1210,2012-06-29 09:00:09.000,14345.0000,213238,-4,573900.0000,8.0000,2,6,多平,S,14345.0000,0.0000,0.0000,0.0000,0.0000,14350.0000,0.0000,0.0000,0.0000,0.0000,26,0,0,0,0,32,0,0,0,0
sc,zn1210,2012-06-29 09:00:09.500,14350.0000,213240,2,574000.0000,8.0000,5,3,多开,B,14345.0000,0.0000,0.0000,0.0000,0.0000,14350.0000,0.0000,0.0000,0.0000,0.0000,26,0,0,0,0,13,0,0,0,0
sc,zn1210,2012-06-29 09:00:10.000,14350.0000,213244,4,3586950.0000,50.0000,27,23,多开,B,14350.0000,0.0000,0.0000,0.0000,0.0000,14355.0000,0.0000,0.0000,0.0000,0.0000,14,0,0,0,0,5,0,0,0,0
sc,zn1210,2012-06-29 09:00:10.500,14345.0000,213246,2,2152450.0000,30.0000,16,14,空开,S,14350.0000,0.0000,0.0000,0.0000,0.0000,14355.0000,0.0000,0.0000,0.0000,0.0000,1,0,0,0,0,5,0,0,0,0
sc,zn1210,2012-06-29 09:00:11.000,14350.0000,213256,10,717500.0000,10.0000,10,0,双开,B,14345.0000,0.0000,0.0000,0.0000,0.0000,14350.0000,0.0000,0.0000,0.0000,0.0000,12,0,0,0,0,1,0,0,0,0
sc,zn1210,2012-06-29 09:00:11.500,14350.0000,213260,4,430500.0000,6.0000,5,1,多开,B,14350.0000,0.0000,0.0000,0.0000,0.0000,14355.0000,0.0000,0.0000,0.0000,0.0000,5,0,0,0,0,5,0,0,0,0
sc,zn1210,2012-06-29 09:00:12.000,14355.0000,213258,-2,430600.0000,6.0000,2,4,空平,B,14350.0000,0.0000,0.0000,0.0000,0.0000,14355.0000,0.0000,0.0000,0.0000,0.0000,6,0,0,0,0,3,0,0,0,0
sc,zn1210,2012-06-29 09:00:12.500,14350.0000,213274,16,1291500.0000,18.0000,17,1,空开,S,14345.0000,0.0000,0.0000,0.0000,0.0000,14350.0000,0.0000,0.0000,0.0000,0.0000,12,0,0,0,0,12,0,0,0,0
sc,zn1210,2012-06-29 09:00:13.000,14350.0000,213274,0,430500.0000,6.0000,3,3,空换,S,14345.0000,0.0000,0.0000,0.0000,0.0000,14350.0000,0.0000,0.0000,0.0000,0.0000,12,0,0,0,0,12,0,0,0,0
sc,zn1210,2012-06-29 09:00:13.500,14345.0000,213302,28,2008300.0000,28.0000,28,0,双开,S,14340.0000,0.0000,0.0000,0.0000,0.0000,14345.0000,0.0000,0.0000,0.0000,0.0000,2,0,0,0,0,41,0,0,0,0
sc,zn1210,2012-06-29 09:00:14.000,14345.0000,213320,18,1291050.0000,18.0000,18,0,双开,S,14340.0000,0.0000,0.0000,0.0000,0.0000,14345.0000,0.0000,0.0000,0.0000,0.0000,2,0,0,0,0,82,0,0,0,0
sc,zn1210,2012-06-29 09:00:14.500,14340.0000,213322,2,143400.0000,2.0000,2,0,双开,S,14340.0000,0.0000,0.0000,0.0000,0.0000,14345.0000,0.0000,0.0000,0.0000,0.0000,4,0,0,0,0,82,0,0,0,0
sc,zn1210,2012-06-29 09:00:15.000,14340.0000,213322,0,1290850.0000,18.0000,9,9,空换,S,14335.0000,0.0000,0.0000,0.0000,0.0000,14340.0000,0.0000,0.0000,0.0000,0.0000,30,0,0,0,0,37,0,0,0,0
sc,zn1210,2012-06-29 09:00:15.500,14340.0000,213322,0,0.0000,0.0000,0,0,空换,S,14335.0000,0.0000,0.0000,0.0000,0.0000,14340.0000,0.0000,0.0000,0.0000,0.0000,30,0,0,0,0,56,0,0,0,0
sc,zn1210,2012-06-29 09:00:16.000,14335.0000,213316,-6,1146950.0000,16.0000,5,11,多平,S,14335.0000,0.0000,0.0000,0.0000,0.0000,14340.0000,0.0000,0.0000,0.0000,0.0000,25,0,0,0,0,56,0,0,0,0
sc,zn1210,2012-06-29 09:00:16.500,14335.0000,213316,0,0.0000,0.0000,0,0,空换,S,14335.0000,0.0000,0.0000,0.0000,0.0000,14340.0000,0.0000,0.0000,0.0000,0.0000,25,0,0,0,0,69,0,0,0,0
sc,zn1210,2012-06-29 09:00:17.000,14340.0000,213314,-2,143400.0000,2.0000,0,2,双平,B,14335.0000,0.0000,0.0000,0.0000,0.0000,14340.0000,0.0000,0.0000,0.0000,0.0000,25,0,0,0,0,68,0,0,0,0
sc,zn1210,2012-06-29 09:00:17.500,14335.0000,213294,-20,1720650.0000,24.0000,2,22,多平,S,14335.0000,0.0000,0.0000,0.0000,0.0000,14340.0000,0.0000,0.0000,0.0000,0.0000,22,0,0,0,0,59,0,0,0,0
sc,zn1210,2012-06-29 09:00:18.000,14335.0000,213294,0,0.0000,0.0000,0,0,空换,S,14335.0000,0.0000,0.0000,0.0000,0.0000,14340.0000,0.0000,0.0000,0.0000,0.0000,23,0,0,0,0,59,0,0,0,0
sc,zn1210,2012-06-29 09:00:18.500,14340.0000,213292,-2,143400.0000,2.0000,0,2,双平,B,14335.0000,0.0000,0.0000,0.0000,0.0000,14340.0000,0.0000,0.0000,0.0000,0.0000,23,0,0,0,0,58,0,0,0,0
sc,zn1210,2012-06-29 09:00:19.000,14335.0000,213268,-24,1863600.0000,26.0000,1,25,多平,S,14335.0000,0.0000,0.0000,0.0000,0.0000,14340.0000,0.0000,0.0000,0.0000,0.0000,11,0,0,0,0,57,0,0,0,0
sc,zn1210,2012-06-29 09:00:19.500,14340.0000,213268,0,573600.0000,8.0000,4,4,多换,B,14335.0000,0.0000,0.0000,0.0000,0.0000,14340.0000,0.0000,0.0000,0.0000,0.0000,72,0,0,0,0,53,0,0,0,0
sc,zn1210,2012-06-29 09:00:20.000,14340.0000,213256,-12,860200.0000,12.0000,0,12,双平,B,14335.0000,0.0000,0.0000,0.0000,0.0000,14340.0000,0.0000,0.0000,0.0000,0.0000,67,0,0,0,0,49,0,0,0,0
sc,zn1210,2012-06-29 09:00:20.500,14335.0000,213244,-12,1576900.0000,22.0000,5,17,多平,S,14335.0000,0.0000,0.0000,0.0000,0.0000,14340.0000,0.0000,0.0000,0.0000,0.0000,57,0,0,0,0,45,0,0,0,0
sc,zn1210,2012-06-29 09:00:21.000,14335.0000,213246,2,716850.0000,10.0000,6,4,空开,S,14335.0000,0.0000,0.0000,0.0000,0.0000,14340.0000,0.0000,0.0000,0.0000,0.0000,54,0,0,0,0,30,0,0,0,0
sc,zn1210,2012-06-29 09:00:21.500,14335.0000,213246,0,2437150.0000,34.0000,17,17,空换,S,14335.0000,0.0000,0.0000,0.0000,0.0000,14340.0000,0.0000,0.0000,0.0000,0.0000,41,0,0,0,0,26,0,0,0,0
sc,zn1210,2012-06-29 09:00:22.000,14340.0000,213254,8,1434000.0000,20.0000,14,6,多开,B,14335.0000,0.0000,0.0000,0.0000,0.0000,14340.0000,0.0000,0.0000,0.0000,0.0000,41,0,0,0,0,16,0,0,0,0
sc,zn1210,2012-06-29 09:00:22.500,14340.0000,213252,-2,860400.0000,12.0000,5,7,空平,B,14335.0000,0.0000,0.0000,0.0000,0.0000,14340.0000,0.0000,0.0000,0.0000,0.0000,41,0,0,0,0,10,0,0,0,0
sc,zn1210,2012-06-29 09:00:23.000,14340.0000,213250,-2,1577400.0000,22.0000,10,12,空平,B,14340.0000,0.0000,0.0000,0.0000,0.0000,14345.0000,0.0000,0.0000,0.0000,0.0000,5,0,0,0,0,86,0,0,0,0
sc,zn1210,2012-06-29 09:00:23.500,14340.0000,213240,-10,1003900.0000,14.0000,2,12,空平,B,14335.0000,0.0000,0.0000,0.0000,0.0000,14345.0000,0.0000,0.0000,0.0000,0.0000,43,0,0,0,0,84,0,0,0,0
sc,zn1210,2012-06-29 09:00:24.000,14340.0000,213246,6,573600.0000,8.0000,7,1,多开,B,14340.0000,0.0000,0.0000,0.0000,0.0000,14345.0000,0.0000,0.0000,0.0000,0.0000,16,0,0,0,0,85,0,0,0,0
sc,zn1210,2012-06-29 09:00:24.500,14335.0000,213248,2,286750.0000,4.0000,3,1,空开,S,14340.0000,0.0000,0.0000,0.0000,0.0000,14345.0000,0.0000,0.0000,0.0000,0.0000,50,0,0,0,0,85,0,0,0,0
sc,zn1210,2012-06-29 09:00:25.000,14340.0000,213202,-46,3298200.0000,46.0000,0,46,双平,B,14340.0000,0.0000,0.0000,0.0000,0.0000,14345.0000,0.0000,0.0000,0.0000,0.0000,27,0,0,0,0,88,0,0,0,0
sc,zn1210,2012-06-29 09:00:25.500,14345.0000,213198,-4,573650.0000,8.0000,2,6,空平,B,14340.0000,0.0000,0.0000,0.0000,0.0000,14345.0000,0.0000,0.0000,0.0000,0.0000,28,0,0,0,0,87,0,0,0,0
sc,zn1210,2012-06-29 09:00:26.000,14340.0000,213196,-2,143400.0000,2.0000,0,2,双平,S,14340.0000,0.0000,0.0000,0.0000,0.0000,14345.0000,0.0000,0.0000,0.0000,0.0000,27,0,0,0,0,87,0,0,0,0
sc,zn1210,2012-06-29 09:00:26.500,14340.0000,213172,-24,2437800.0000,34.0000,5,29,多平,S,14340.0000,0.0000,0.0000,0.0000,0.0000,14345.0000,0.0000,0.0000,0.0000,0.0000,20,0,0,0,0,87,0,0,0,0
sc,zn1210,2012-06-29 09:00:27.000,14340.0000,213184,12,3154800.0000,44.0000,28,16,空开,S,14340.0000,0.0000,0.0000,0.0000,0.0000,14345.0000,0.0000,0.0000,0.0000,0.0000,27,0,0,0,0,92,0,0,0,0
sc,zn1210,2012-06-29 09:00:27.500,14340.0000,213184,0,0.0000,0.0000,0,0,空换,S,14340.0000,0.0000,0.0000,0.0000,0.0000,14345.0000,0.0000,0.0000,0.0000,0.0000,27,0,0,0,0,92,0,0,0,0
sc,zn1210,2012-06-29 09:00:28.000,14340.0000,213184,0,0.0000,0.0000,0,0,空换,S,14340.0000,0.0000,0.0000,0.0000,0.0000,14345.0000,0.0000,0.0000,0.0000,0.0000,48,0,0,0,0,92,0,0,0,0
sc,zn1210,2012-06-29 09:00:28.500,14345.0000,213190,6,430300.0000,6.0000,6,0,双开,B,14340.0000,0.0000,0.0000,0.0000,0.0000,14345.0000,0.0000,0.0000,0.0000,0.0000,49,0,0,0,0,90,0,0,0,0
sc,zn1210,2012-06-29 09:00:29.000,14340.0000,213146,-44,4302000.0000,60.0000,8,52,多平,S,14340.0000,0.0000,0.0000,0.0000,0.0000,14345.0000,0.0000,0.0000,0.0000,0.0000,20,0,0,0,0,90,0,0,0,0
sc,zn1210,2012-06-29 09:00:29.500,14340.0000,213150,4,286850.0000,4.0000,4,0,双开,S,14340.0000,0.0000,0.0000,0.0000,0.0000,14345.0000,0.0000,0.0000,0.0000,0.0000,20,0,0,0,0,99,0,0,0,0
sc,zn1210,2012-06-29 09:00:30.000,14340.0000,213150,0,0.0000,0.0000,0,0,空换,S,14340.0000,0.0000,0.0000,0.0000,0.0000,14345.0000,0.0000,0.0000,0.0000,0.0000,20,0,0,0,0,99,0,0,0,0
sc,zn1210,2012-06-29 09:00:30.500,14340.0000,213152,2,286800.0000,4.0000,3,1,空开,S,14340.0000,0.0000,0.0000,0.0000,0.0000,14345.0000,0.0000,0.0000,0.0000,0.0000,18,0,0,0,0,98,0,0,0,0
sc,zn1210,2012-06-29 09:00:31.000,14340.0000,213152,0,0.0000,0.0000,0,0,空换,S,14340.0000,0.0000,0.0000,0.0000,0.0000,14345.0000,0.0000,0.0000,0.0000,0.0000,18,0,0,0,0,98,0,0,0,0
sc,zn1210,2012-06-29 09:00:31.500,14340.0000,213152,0,0.0000,0.0000,0,0,空换,S,14340.0000,0.0000,0.0000,0.0000,0.0000,14345.0000,0.0000,0.0000,0.0000,0.0000,21,0,0,0,0,98,0,0,0,0
sc,zn1210,2012-06-29 09:00:32.000,14345.0000,213152,0,1290850.0000,18.0000,9,9,多换,B,14340.0000,0.0000,0.0000,0.0000,0.0000,14345.0000,0.0000,0.0000,0.0000,0.0000,17,0,0,0,0,93,0,0,0,0
sc,zn1210,2012-06-29 09:00:32.500,14345.0000,213158,6,1434350.0000,20.0000,13,7,多开,B,14340.0000,0.0000,0.0000,0.0000,0.0000,14345.0000,0.0000,0.0000,0.0000,0.0000,18,0,0,0,0,86,0,0,0,0
sc,zn1210,2012-06-29 09:00:33.000,14340.0000,213158,0,717000.0000,10.0000,5,5,空换,S,14340.0000,0.0000,0.0000,0.0000,0.0000,14345.0000,0.0000,0.0000,0.0000,0.0000,13,0,0,0,0,87,0,0,0,0
sc,zn1210,2012-06-29 09:00:33.500,14340.0000,213170,12,1434000.0000,20.0000,16,4,空开,S,14340.0000,0.0000,0.0000,0.0000,0.0000,14345.0000,0.0000,0.0000,0.0000,0.0000,4,0,0,0,0,89,0,0,0,0
sc,zn1210,2012-06-29 09:00:34.000,14340.0000,213152,-18,1434050.0000,20.0000,1,19,多平,S,14335.0000,0.0000,0.0000,0.0000,0.0000,14345.0000,0.0000,0.0000,0.0000,0.0000,36,0,0,0,0,88,0,0,0,0
sc,zn1210,2012-06-29 09:00:34.500,14340.0000,213152,0,573600.0000,8.0000,4,4,空换,S,14335.0000,0.0000,0.0000,0.0000,0.0000,14340.0000,0.0000,0.0000,0.0000,0.0000,36,0,0,0,0,11,0,0,0,0
sc,zn1210,2012-06-29 09:00:35.000,14340.0000,213154,2,143400.0000,2.0000,2,0,双开,S,14335.0000,0.0000,0.0000,0.0000,0.0000,14340.0000,0.0000,0.0000,0.0000,0.0000,36,0,0,0,0,10,0,0,0,0
sc,zn1210,2012-06-29 09:00:35.500,14340.0000,213154,0,0.0000,0.0000,0,0,空换,S,14335.0000,0.0000,0.0000,0.0000,0.0000,14340.0000,0.0000,0.0000,0.0000,0.0000,36,0,0,0,0,29,0,0,0,0
sc,zn1210,2012-06-29 09:00:36.000,14335.0000,213148,-6,716750.0000,10.0000,2,8,多平,S,14335.0000,0.0000,0.0000,0.0000,0.0000,14340.0000,0.0000,0.0000,0.0000,0.0000,31,0,0,0,0,50,0,0,0,0
sc,zn1210,2012-06-29 09:00:36.500,14335.0000,213148,0,0.0000,0.0000,0,0,空换,S,14335.0000,0.0000,0.0000,0.0000,0.0000,14340.0000,0.0000,0.0000,0.0000,0.0000,51,0,0,0,0,63,0,0,0,0
sc,zn1210,2012-06-29 09:00:37.000,14335.0000,213148,0,0.0000,0.0000,0,0,空换,S,14335.0000,0.0000,0.0000,0.0000,0.0000,14340.0000,0.0000,0.0000,0.0000,0.0000,51,0,0,0,0,77,0,0,0,0
sc,zn1210,2012-06-29 09:00:37.500,14335.0000,213148,0,0.0000,0.0000,0,0,空换,S,14335.0000,0.0000,0.0000,0.0000,0.0000,14340.0000,0.0000,0.0000,0.0000,0.0000,51,0,0,0,0,107,0,0,0,0
sc,zn1210,2012-06-29 09:00:38.000,14335.0000,213148,0,0.0000,0.0000,0,0,空换,S,14335.0000,0.0000,0.0000,0.0000,0.0000,14340.0000,0.0000,0.0000,0.0000,0.0000,51,0,0,0,0,109,0,0,0,0
sc,zn1210,2012-06-29 09:00:38.500,14340.0000,213160,12,860400.0000,12.0000,12,0,双开,B,14335.0000,0.0000,0.0000,0.0000,0.0000,14340.0000,0.0000,0.0000,0.0000,0.0000,51,0,0,0,0,125,0,0,0,0
sc,zn1210,2012-06-29 09:00:39.000,14335.0000,213182,22,3583750.0000,50.0000,36,14,空开,S,14335.0000,0.0000,0.0000,0.0000,0.0000,14340.0000,0.0000,0.0000,0.0000,0.0000,26,0,0,0,0,125,0,0,0,0
sc,zn1210,2012-06-29 09:00:39.500,14340.0000,213188,6,1003800.0000,14.0000,10,4,多开,B,14335.0000,0.0000,0.0000,0.0000,0.0000,14340.0000,0.0000,0.0000,0.0000,0.0000,27,0,0,0,0,129,0,0,0,0
sc,zn1210,2012-06-29 09:00:40.000,14340.0000,213192,4,430100.0000,6.0000,5,1,多开,B,14335.0000,0.0000,0.0000,0.0000,0.0000,14340.0000,0.0000,0.0000,0.0000,0.0000,25,0,0,0,0,128,0,0,0,0
sc,zn1210,2012-06-29 09:00:40.500,14335.0000,213152,-40,5017750.0000,70.0000,15,55,多平,S,14330.0000,0.0000,0.0000,0.0000,0.0000,14335.0000,0.0000,0.0000,0.0000,0.0000,30,0,0,0,0,7,0,0,0,0
sc,zn1210,2012-06-29 09:00:41.000,14330.0000,213150,-2,286600.0000,4.0000,1,3,多平,S,14330.0000,0.0000,0.0000,0.0000,0.0000,14335.0000,0.0000,0.0000,0.0000,0.0000,28,0,0,0,0,9,0,0,0,0
sc,zn1210,2012-06-29 09:00:41.500,14330.0000,213150,0,0.0000,0.0000,0,0,空换,S,14330.0000,0.0000,0.0000,0.0000,0.0000,14335.0000,0.0000,0.0000,0.0000,0.0000,28,0,0,0,0,57,0,0,0,0
sc,zn1210,2012-06-29 09:00:42.000,14335.0000,213154,4,286700.0000,4.0000,4,0,双开,B,14330.0000,0.0000,0.0000,0.0000,0.0000,14335.0000,0.0000,0.0000,0.0000,0.0000,28,0,0,0,0,73,0,0,0,0
sc,zn1210,2012-06-29 09:00:42.500,14330.0000,213176,22,4156700.0000,58.0000,40,18,空开,S,14330.0000,0.0000,0.0000,0.0000,0.0000,14335.0000,0.0000,0.0000,0.0000,0.0000,44,0,0,0,0,81,0,0,0,0
sc,zn1210,2012-06-29 09:00:43.000,14335.0000,213182,6,430050.0000,6.0000,6,0,双开,B,14330.0000,0.0000,0.0000,0.0000,0.0000,14335.0000,0.0000,0.0000,0.0000,0.0000,44,0,0,0,0,78,0,0,0,0
sc,zn1210,2012-06-29 09:00:43.500,14335.0000,213182,0,0.0000,0.0000,0,0,多换,B,14330.0000,0.0000,0.0000,0.0000,0.0000,14335.0000,0.0000,0.0000,0.0000,0.0000,44,0,0,0,0,79,0,0,0,0
sc,zn1210,2012-06-29 09:00:44.000,14330.0000,213180,-2,143300.0000,2.0000,0,2,双平,S,14330.0000,0.0000,0.0000,0.0000,0.0000,14335.0000,0.0000,0.0000,0.0000,0.0000,43,0,0,0,0,81,0,0,0,0
sc,zn1210,2012-06-29 09:00:44.500,14330.0000,213176,-4,429900.0000,6.0000,1,5,多平,S,14330.0000,0.0000,0.0000,0.0000,0.0000,14335.0000,0.0000,0.0000,0.0000,0.0000,41,0,0,0,0,81,0,0,0,0
sc,zn1210,2012-06-29 09:00:45.000,14330.0000,213176,0,0.0000,0.0000,0,0,空换,S,14330.0000,0.0000,0.0000,0.0000,0.0000,14335.0000,0.0000,0.0000,0.0000,0.0000,41,0,0,0,0,79,0,0,0,0
sc,zn1210,2012-06-29 09:00:45.500,14335.0000,213178,2,286700.0000,4.0000,3,1,多开,B,14330.0000,0.0000,0.0000,0.0000,0.0000,14335.0000,0.0000,0.0000,0.0000,0.0000,41,0,0,0,0,77,0,0,0,0
sc,zn1210,2012-06-29 09:00:46.000,14330.0000,213192,14,2436100.0000,34.0000,24,10,空开,S,14330.0000,0.0000,0.0000,0.0000,0.0000,14335.0000,0.0000,0.0000,0.0000,0.0000,24,0,0,0,0,57,0,0,0,0
sc,zn1210,2012-06-29 09:00:46.500,14330.0000,213192,0,573200.0000,8.0000,4,4,空换,S,14330.0000,0.0000,0.0000,0.0000,0.0000,14335.0000,0.0000,0.0000,0.0000,0.0000,33,0,0,0,0,57,0,0,0,0
sc,zn1210,2012-06-29 09:00:47.000,14330.0000,213162,-30,4442300.0000,62.0000,16,46,多平,S,14330.0000,0.0000,0.0000,0.0000,0.0000,14335.0000,0.0000,0.0000,0.0000,0.0000,2,0,0,0,0,57,0,0,0,0
sc,zn1210,2012-06-29 09:00:47.500,14330.0000,213162,0,143300.0000,2.0000,1,1,空换,S,14330.0000,0.0000,0.0000,0.0000,0.0000,14335.0000,0.0000,0.0000,0.0000,0.0000,2,0,0,0,0,57,0,0,0,0
sc,zn1210,2012-06-29 09:00:48.000,14330.0000,213168,6,716500.0000,10.0000,8,2,空开,S,14325.0000,0.0000,0.0000,0.0000,0.0000,14330.0000,0.0000,0.0000,0.0000,0.0000,17,0,0,0,0,2,0,0,0,0
sc,zn1210,2012-06-29 09:00:48.500,14330.0000,213154,-14,1719350.0000,24.0000,5,19,多平,S,14330.0000,0.0000,0.0000,0.0000,0.0000,14335.0000,0.0000,0.0000,0.0000,0.0000,8,0,0,0,0,79,0,0,0,0
sc,zn1210,2012-06-29 09:00:49.000,14330.0000,213154,0,286600.0000,4.0000,2,2,空换,S,14330.0000,0.0000,0.0000,0.0000,0.0000,14335.0000,0.0000,0.0000,0.0000,0.0000,6,0,0,0,0,83,0,0,0,0
sc,zn1210,2012-06-29 09:00:49.500,14330.0000,213154,0,0.0000,0.0000,0,0,空换,S,14330.0000,0.0000,0.0000,0.0000,0.0000,14335.0000,0.0000,0.0000,0.0000,0.0000,6,0,0,0,0,83,0,0,0,0
sc,zn1210,2012-06-29 09:00:50.000,14335.0000,213144,-10,859850.0000,12.0000,1,11,空平,B,14330.0000,0.0000,0.0000,0.0000,0.0000,14335.0000,0.0000,0.0000,0.0000,0.0000,1,0,0,0,0,82,0,0,0,0
sc,zn1210,2012-06-29 09:00:50.500,14335.0000,213144,0,0.0000,0.0000,0,0,多换,B,14330.0000,0.0000,0.0000,0.0000,0.0000,14335.0000,0.0000,0.0000,0.0000,0.0000,17,0,0,0,0,83,0,0,0,0
sc,zn1210,2012-06-29 09:00:51.000,14330.0000,213142,-2,143300.0000,2.0000,0,2,双平,S,14330.0000,0.0000,0.0000,0.0000,0.0000,14335.0000,0.0000,0.0000,0.0000,0.0000,16,0,0,0,0,83,0,0,0,0
sc,zn1210,2012-06-29 09:00:51.500,14330.0000,213144,2,2292800.0000,32.0000,17,15,空开,S,14325.0000,0.0000,0.0000,0.0000,0.0000,14330.0000,0.0000,0.0000,0.0000,0.0000,76,0,0,0,0,4,0,0,0,0
sc,zn1210,2012-06-29 09:00:52.000,14325.0000,213142,-2,286500.0000,4.0000,1,3,多平,S,14325.0000,0.0000,0.0000,0.0000,0.0000,14330.0000,0.0000,0.0000,0.0000,0.0000,40,0,0,0,0,5,0,0,0,0
sc,zn1210,2012-06-29 09:00:52.500,14330.0000,213150,8,1289550.0000,18.0000,13,5,多开,B,14330.0000,0.0000,0.0000,0.0000,0.0000,14335.0000,0.0000,0.0000,0.0000,0.0000,2,0,0,0,0,82,0,0,0,0
sc,zn1210,2012-06-29 09:00:53.000,14330.0000,213140,-10,2149000.0000,30.0000,10,20,空平,B,14325.0000,0.0000,0.0000,0.0000,0.0000,14330.0000,0.0000,0.0000,0.0000,0.0000,27,0,0,0,0,1,0,0,0,0
sc,zn1210,2012-06-29 09:00:53.500,14335.0000,213140,0,430000.0000,6.0000,3,3,多换,B,14330.0000,0.0000,0.0000,0.0000,0.0000,14335.0000,0.0000,0.0000,0.0000,0.0000,5,0,0,0,0,60,0,0,0,0
sc,zn1210,2012-06-29 09:00:54.000,14325.0000,213128,-12,859750.0000,12.0000,0,12,双平,S,14325.0000,0.0000,0.0000,0.0000,0.0000,14335.0000,0.0000,0.0000,0.0000,0.0000,29,0,0,0,0,60,0,0,0,0
sc,zn1210,2012-06-29 09:00:54.500,14330.0000,213108,-20,1433000.0000,20.0000,0,20,双平,B,14325.0000,0.0000,0.0000,0.0000,0.0000,14330.0000,0.0000,0.0000,0.0000,0.0000,29,0,0,0,0,1,0,0,0,0
sc,zn1210,2012-06-29 09:00:55.000,14330.0000,213108,0,0.0000,0.0000,0,0,多换,B,14325.0000,0.0000,0.0000,0.0000,0.0000,14330.0000,0.0000,0.0000,0.0000,0.0000,35,0,0,0,0,1,0,0,0,0
sc,zn1210,2012-06-29 09:00:55.500,14325.0000,213108,0,286500.0000,4.0000,2,2,空换,S,14325.0000,0.0000,0.0000,0.0000,0.0000,14330.0000,0.0000,0.0000,0.0000,0.0000,33,0,0,0,0,4,0,0,0,0
sc,zn1210,2012-06-29 09:00:56.000,14330.0000,213136,28,2006200.0000,28.0000,28,0,双开,B,14330.0000,0.0000,0.0000,0.0000,0.0000,14335.0000,0.0000,0.0000,0.0000,0.0000,1,0,0,0,0,34,0,0,0,0
sc,zn1210,2012-06-29 09:00:56.500,14325.0000,213134,-2,573050.0000,8.0000,3,5,多平,S,14325.0000,0.0000,0.0000,0.0000,0.0000,14335.0000,0.0000,0.0000,0.0000,0.0000,87,0,0,0,0,34,0,0,0,0
sc,zn1210,2012-06-29 09:00:57.000,14330.0000,213132,-2,286600.0000,4.0000,1,3,空平,B,14330.0000,0.0000,0.0000,0.0000,0.0000,14335.0000,0.0000,0.0000,0.0000,0.0000,15,0,0,0,0,30,0,0,0,0
sc,zn1210,2012-06-29 09:00:57.500,14330.0000,213076,-56,4298300.0000,60.0000,2,58,空平,B,14330.0000,0.0000,0.0000,0.0000,0.0000,14335.0000,0.0000,0.0000,0.0000,0.0000,49,0,0,0,0,38,0,0,0,0
sc,zn1210,2012-06-29 09:00:58.000,14330.0000,213076,0,0.0000,0.0000,0,0,多换,B,14330.0000,0.0000,0.0000,0.0000,0.0000,14335.0000,0.0000,0.0000,0.0000,0.0000,60,0,0,0,0,32,0,0,0,0
sc,zn1210,2012-06-29 09:00:58.500,14335.0000,213076,0,1719650.0000,24.0000,12,12,多换,B,14330.0000,0.0000,0.0000,0.0000,0.0000,14335.0000,0.0000,0.0000,0.0000,0.0000,66,0,0,0,0,29,0,0,0,0
sc,zn1210,2012-06-29 09:00:59.000,14330.0000,213076,0,143300.0000,2.0000,1,1,空换,S,14330.0000,0.0000,0.0000,0.0000,0.0000,14335.0000,0.0000,0.0000,0.0000,0.0000,65,0,0,0,0,28,0,0,0,0
sc,zn1210,2012-06-29 09:00:59.500,14330.0000,213076,0,1433000.0000,20.0000,10,10,空换,S,14330.0000,0.0000,0.0000,0.0000,0.0000,14335.0000,0.0000,0.0000,0.0000,0.0000,58,0,0,0,0,28,0,0,0,0
sc,zn1210,2012-06-29 09:01:00.000,14330.0000,213076,0,0.0000,0.0000,0,0,空换,S,14330.0000,0.0000,0.0000,0.0000,0.0000,14335.0000,0.0000,0.0000,0.0000,0.0000,58,0,0,0,0,28,0,0,0,0
sc,zn1210,2012-06-29 09:01:00.500,14330.0000,213086,10,1433150.0000,20.0000,15,5,空开,S,14330.0000,0.0000,0.0000,0.0000,0.0000,14335.0000,0.0000,0.0000,0.0000,0.0000,51,0,0,0,0,25,0,0,0,0
sc,zn1210,2012-06-29 09:01:01.000,14330.0000,213098,12,859850.0000,12.0000,12,0,双开,S,14330.0000,0.0000,0.0000,0.0000,0.0000,14335.0000,0.0000,0.0000,0.0000,0.0000,46,0,0,0,0,24,0,0,0,0
sc,zn1210,2012-06-29 09:01:01.500,14330.0000,213098,0,0.0000,0.0000,0,0,空换,S,14330.0000,0.0000,0.0000,0.0000,0.0000,14335.0000,0.0000,0.0000,0.0000,0.0000,46,0,0,0,0,24,0,0,0,0
sc,zn1210,2012-06-29 09:01:02.000,14330.0000,213100,2,143300.0000,2.0000,2,0,双开,S,14330.0000,0.0000,0.0000,0.0000,0.0000,14335.0000,0.0000,0.0000,0.0000,0.0000,32,0,0,0,0,24,0,0,0,0
sc,zn1210,2012-06-29 09:01:02.500,14330.0000,213100,0,0.0000,0.0000,0,0,空换,S,14330.0000,0.0000,0.0000,0.0000,0.0000,14335.0000,0.0000,0.0000,0.0000,0.0000,42,0,0,0,0,24,0,0,0,0
sc,zn1210,2012-06-29 09:01:03.000,14330.0000,213088,-12,2866000.0000,40.0000,14,26,多平,S,14330.0000,0.0000,0.0000,0.0000,0.0000,14335.0000,0.0000,0.0000,0.0000,0.0000,28,0,0,0,0,23,0,0,0,0
sc,zn1210,2012-06-29 09:01:03.500,14330.0000,213084,-4,716500.0000,10.0000,3,7,多平,S,14330.0000,0.0000,0.0000,0.0000,0.0000,14335.0000,0.0000,0.0000,0.0000,0.0000,26,0,0,0,0,26,0,0,0,0
sc,zn1210,2012-06-29 09:01:04.000,14335.0000,213084,0,143350.0000,2.0000,1,1,多换,B,14330.0000,0.0000,0.0000,0.0000,0.0000,14335.0000,0.0000,0.0000,0.0000,0.0000,60,0,0,0,0,25,0,0,0,0
sc,zn1210,2012-06-29 09:01:05.000,14335.0000,213086,2,143350.0000,2.0000,2,0,双开,B,14330.0000,0.0000,0.0000,0.0000,0.0000,14335.0000,0.0000,0.0000,0.0000,0.0000,61,0,0,0,0,29,0,0,0,0
sc,zn1210,2012-06-29 09:01:05.500,14335.0000,213066,-20,2006700.0000,28.0000,4,24,空平,B,14330.0000,0.0000,0.0000,0.0000,0.0000,14335.0000,0.0000,0.0000,0.0000,0.0000,58,0,0,0,0,19,0,0,0,0
sc,zn1210,2012-06-29 09:01:06.000,14335.0000,213066,0,0.0000,0.0000,0,0,多换,B,14330.0000,0.0000,0.0000,0.0000,0.0000,14335.0000,0.0000,0.0000,0.0000,0.0000,60,0,0,0,0,20,0,0,0,0
sc,zn1210,2012-06-29 09:01:06.500,14335.0000,213066,0,0.0000,0.0000,0,0,多换,B,14330.0000,0.0000,0.0000,0.0000,0.0000,14335.0000,0.0000,0.0000,0.0000,0.0000,60,0,0,0,0,20,0,0,0,0
sc,zn1210,2012-06-29 09:01:07.000,14335.0000,213066,0,860100.0000,12.0000,6,6,多换,B,14330.0000,0.0000,0.0000,0.0000,0.0000,14335.0000,0.0000,0.0000,0.0000,0.0000,62,0,0,0,0,29,0,0,0,0
sc,zn1210,2012-06-29 09:01:07.500,14335.0000,213070,4,573350.0000,8.0000,6,2,多开,B,14330.0000,0.0000,0.0000,0.0000,0.0000,14335.0000,0.0000,0.0000,0.0000,0.0000,28,0,0,0,0,28,0,0,0,0
sc,zn1210,2012-06-29 09:01:08.000,14330.0000,213072,2,1433000.0000,20.0000,11,9,空开,S,14330.0000,0.0000,0.0000,0.0000,0.0000,14335.0000,0.0000,0.0000,0.0000,0.0000,18,0,0,0,0,31,0,0,0,0
sc,zn1210,2012-06-29 09:01:08.500,14330.0000,213072,0,0.0000,0.0000,0,0,空换,S,14330.0000,0.0000,0.0000,0.0000,0.0000,14335.0000,0.0000,0.0000,0.0000,0.0000,15,0,0,0,0,51,0,0,0,0
sc,zn1210,2012-06-29 09:01:09.000,14330.0000,213082,10,3439550.0000,48.0000,29,19,空开,S,14325.0000,0.0000,0.0000,0.0000,0.0000,14330.0000,0.0000,0.0000,0.0000,0.0000,86,0,0,0,0,85,0,0,0,0
sc,zn1210,2012-06-29 09:01:09.500,14330.0000,213082,0,286600.0000,4.0000,2,2,空换,S,14325.0000,0.0000,0.0000,0.0000,0.0000,14330.0000,0.0000,0.0000,0.0000,0.0000,86,0,0,0,0,95,0,0,0,0
sc,zn1210,2012-06-29 09:01:10.000,14330.0000,213082,0,0.0000,0.0000,0,0,空换,S,14325.0000,0.0000,0.0000,0.0000,0.0000,14330.0000,0.0000,0.0000,0.0000,0.0000,86,0,0,0,0,95,0,0,0,0
sc,zn1210,2012-06-29 09:01:10.500,14330.0000,213082,0,0.0000,0.0000,0,0,空换,S,14325.0000,0.0000,0.0000,0.0000,0.0000,14330.0000,0.0000,0.0000,0.0000,0.0000,86,0,0,0,0,109,0,0,0,0
sc,zn1210,2012-06-29 09:01:11.000,14330.0000,213080,-2,143300.0000,2.0000,0,2,双平,S,14325.0000,0.0000,0.0000,0.0000,0.0000,14330.0000,0.0000,0.0000,0.0000,0.0000,87,0,0,0,0,108,0,0,0,0
sc,zn1210,2012-06-29 09:01:11.500,14330.0000,213080,0,286600.0000,4.0000,2,2,空换,S,14325.0000,0.0000,0.0000,0.0000,0.0000,14330.0000,0.0000,0.0000,0.0000,0.0000,87,0,0,0,0,140,0,0,0,0
sc,zn1210,2012-06-29 09:01:12.000,14330.0000,213080,0,143300.0000,2.0000,1,1,空换,S,14325.0000,0.0000,0.0000,0.0000,0.0000,14330.0000,0.0000,0.0000,0.0000,0.0000,87,0,0,0,0,105,0,0,0,0
sc,zn1210,2012-06-29 09:01:12.500,14330.0000,213080,0,0.0000,0.0000,0,0,空换,S,14325.0000,0.0000,0.0000,0.0000,0.0000,14330.0000,0.0000,0.0000,0.0000,0.0000,97,0,0,0,0,106,0,0,0,0
sc,zn1210,2012-06-29 09:01:13.000,14330.0000,213080,0,0.0000,0.0000,0,0,空换,S,14325.0000,0.0000,0.0000,0.0000,0.0000,14330.0000,0.0000,0.0000,0.0000,0.0000,102,0,0,0,0,106,0,0,0,0
sc,zn1210,2012-06-29 09:01:13.500,14330.0000,213080,0,143300.0000,2.0000,1,1,空换,S,14325.0000,0.0000,0.0000,0.0000,0.0000,14330.0000,0.0000,0.0000,0.0000,0.0000,102,0,0,0,0,106,0,0,0,0
sc,zn1210,2012-06-29 09:01:14.000,14325.0000,213078,-2,143250.0000,2.0000,0,2,双平,S,14325.0000,0.0000,0.0000,0.0000,0.0000,14330.0000,0.0000,0.0000,0.0000,0.0000,101,0,0,0,0,106,0,0,0,0
sc,zn1210,2012-06-29 09:01:14.500,14325.0000,213076,-2,143250.0000,2.0000,0,2,双平,S,14325.0000,0.0000,0.0000,0.0000,0.0000,14330.0000,0.0000,0.0000,0.0000,0.0000,100,0,0,0,0,94,0,0,0,0
sc,zn1210,2012-06-29 09:01:15.000,14320.0000,213126,50,14468200.0000,202.0000,126,76,空开,S,14320.0000,0.0000,0.0000,0.0000,0.0000,14330.0000,0.0000,0.0000,0.0000,0.0000,96,0,0,0,0,94,0,0,0,0
sc,zn1210,2012-06-29 09:01:15.500,14320.0000,213126,0,0.0000,0.0000,0,0,空换,S,14320.0000,0.0000,0.0000,0.0000,0.0000,14325.0000,0.0000,0.0000,0.0000,0.0000,96,0,0,0,0,1,0,0,0,0
sc,zn1210,2012-06-29 09:01:16.000,14320.0000,213126,0,0.0000,0.0000,0,0,空换,S,14320.0000,0.0000,0.0000,0.0000,0.0000,14325.0000,0.0000,0.0000,0.0000,0.0000,96,0,0,0,0,2,0,0,0,0
sc,zn1210,2012-06-29 09:01:16.500,14320.0000,213126,0,429600.0000,6.0000,3,3,空换,S,14320.0000,0.0000,0.0000,0.0000,0.0000,14325.0000,0.0000,0.0000,0.0000,0.0000,93,0,0,0,0,6,0,0,0,0
sc,zn1210,2012-06-29 09:01:17.000,14320.0000,213134,8,2721650.0000,38.0000,23,15,空开,S,14320.0000,0.0000,0.0000,0.0000,0.0000,14325.0000,0.0000,0.0000,0.0000,0.0000,92,0,0,0,0,2,0,0,0,0
sc,zn1210,2012-06-29 09:01:17.500,14325.0000,213134,0,143250.0000,2.0000,1,1,多换,B,14320.0000,0.0000,0.0000,0.0000,0.0000,14325.0000,0.0000,0.0000,0.0000,0.0000,92,0,0,0,0,2,0,0,0,0
sc,zn1210,2012-06-29 09:01:18.000,14325.0000,213132,-2,716250.0000,10.0000,4,6,空平,B,14325.0000,0.0000,0.0000,0.0000,0.0000,14330.0000,0.0000,0.0000,0.0000,0.0000,12,0,0,0,0,111,0,0,0,0
sc,zn1210,2012-06-29 09:01:18.500,14325.0000,213114,-18,1432700.0000,20.0000,1,19,空平,B,14325.0000,0.0000,0.0000,0.0000,0.0000,14330.0000,0.0000,0.0000,0.0000,0.0000,6,0,0,0,0,107,0,0,0,0
sc,zn1210,2012-06-29 09:01:19.000,14325.0000,213120,6,429750.0000,6.0000,6,0,双开,B,14325.0000,0.0000,0.0000,0.0000,0.0000,14330.0000,0.0000,0.0000,0.0000,0.0000,3,0,0,0,0,113,0,0,0,0
sc,zn1210,2012-06-29 09:01:19.500,14325.0000,213112,-8,859500.0000,12.0000,2,10,空平,B,14320.0000,0.0000,0.0000,0.0000,0.0000,14330.0000,0.0000,0.0000,0.0000,0.0000,89,0,0,0,0,113,0,0,0,0
sc,zn1210,2012-06-29 09:01:20.000,14320.0000,213110,-2,143200.0000,2.0000,0,2,双平,S,14320.0000,0.0000,0.0000,0.0000,0.0000,14325.0000,0.0000,0.0000,0.0000,0.0000,88,0,0,0,0,18,0,0,0,0
sc,zn1210,2012-06-29 09:01:20.500,14330.0000,213172,62,14470750.0000,202.0000,132,70,多开,B,14320.0000,0.0000,0.0000,0.0000,0.0000,14330.0000,0.0000,0.0000,0.0000,0.0000,87,0,0,0,0,62,0,0,0,0
sc,zn1210,2012-06-29 09:01:21.000,14330.0000,213172,0,0.0000,0.0000,0,0,多换,B,14320.0000,0.0000,0.0000,0.0000,0.0000,14330.0000,0.0000,0.0000,0.0000,0.0000,87,0,0,0,0,62,0,0,0,0
sc,zn1210,2012-06-29 09:01:21.500,14320.0000,213106,-66,6878300.0000,96.0000,15,81,多平,S,14325.0000,0.0000,0.0000,0.0000,0.0000,14330.0000,0.0000,0.0000,0.0000,0.0000,11,0,0,0,0,15,0,0,0,0
sc,zn1210,2012-06-29 09:01:22.000,14320.0000,213106,0,0.0000,0.0000,0,0,空换,S,14325.0000,0.0000,0.0000,0.0000,0.0000,14330.0000,0.0000,0.0000,0.0000,0.0000,32,0,0,0,0,15,0,0,0,0
sc,zn1210,2012-06-29 09:01:22.500,14320.0000,213106,0,0.0000,0.0000,0,0,空换,S,14325.0000,0.0000,0.0000,0.0000,0.0000,14330.0000,0.0000,0.0000,0.0000,0.0000,45,0,0,0,0,16,0,0,0,0
sc,zn1210,2012-06-29 09:01:23.000,14320.0000,213106,0,0.0000,0.0000,0,0,空换,S,14325.0000,0.0000,0.0000,0.0000,0.0000,14330.0000,0.0000,0.0000,0.0000,0.0000,54,0,0,0,0,17,0,0,0,0
sc,zn1210,2012-06-29 09:01:23.500,14330.0000,213090,-16,3008800.0000,42.0000,13,29,空平,B,14330.0000,0.0000,0.0000,0.0000,0.0000,14335.0000,0.0000,0.0000,0.0000,0.0000,1,0,0,0,0,7,0,0,0,0
sc,zn1210,2012-06-29 09:01:24.000,14325.0000,213088,-2,429850.0000,6.0000,2,4,多平,S,14330.0000,0.0000,0.0000,0.0000,0.0000,14335.0000,0.0000,0.0000,0.0000,0.0000,1,0,0,0,0,7,0,0,0,0
sc,zn1210,2012-06-29 09:01:24.500,14335.0000,213058,-30,3008550.0000,42.0000,6,36,空平,B,14325.0000,0.0000,0.0000,0.0000,0.0000,14335.0000,0.0000,0.0000,0.0000,0.0000,66,0,0,0,0,4,0,0,0,0
sc,zn1210,2012-06-29 09:01:25.000,14330.0000,213078,20,2149500.0000,30.0000,25,5,空开,S,14330.0000,0.0000,0.0000,0.0000,0.0000,14335.0000,0.0000,0.0000,0.0000,0.0000,5,0,0,0,0,4,0,0,0,0
sc,zn1210,2012-06-29 09:01:25.500,14330.0000,213078,0,0.0000,0.0000,0,0,空换,S,14330.0000,0.0000,0.0000,0.0000,0.0000,14335.0000,0.0000,0.0000,0.0000,0.0000,8,0,0,0,0,13,0,0,0,0
sc,zn1210,2012-06-29 09:01:26.000,14330.0000,213078,0,0.0000,0.0000,0,0,空换,S,14330.0000,0.0000,0.0000,0.0000,0.0000,14335.0000,0.0000,0.0000,0.0000,0.0000,9,0,0,0,0,13,0,0,0,0
sc,zn1210,2012-06-29 09:01:26.500,14330.0000,213080,2,286600.0000,4.0000,3,1,空开,S,14330.0000,0.0000,0.0000,0.0000,0.0000,14335.0000,0.0000,0.0000,0.0000,0.0000,7,0,0,0,0,45,0,0,0,0
sc,zn1210,2012-06-29 09:01:27.000,14330.0000,213076,-4,1003100.0000,14.0000,5,9,多平,S,14330.0000,0.0000,0.0000,0.0000,0.0000,14335.0000,0.0000,0.0000,0.0000,0.0000,4,0,0,0,0,45,0,0,0,0
sc,zn1210,2012-06-29 09:01:27.500,14330.0000,213068,-8,859850.0000,12.0000,2,10,多平,S,14330.0000,0.0000,0.0000,0.0000,0.0000,14335.0000,0.0000,0.0000,0.0000,0.0000,7,0,0,0,0,46,0,0,0,0
sc,zn1210,2012-06-29 09:01:28.000,14330.0000,213068,0,0.0000,0.0000,0,0,空换,S,14330.0000,0.0000,0.0000,0.0000,0.0000,14335.0000,0.0000,0.0000,0.0000,0.0000,7,0,0,0,0,46,0,0,0,0
sc,zn1210,2012-06-29 09:01:28.500,14330.0000,213072,4,286600.0000,4.0000,4,0,双开,S,14330.0000,0.0000,0.0000,0.0000,0.0000,14335.0000,0.0000,0.0000,0.0000,0.0000,10,0,0,0,0,46,0,0,0,0
sc,zn1210,2012-06-29 09:01:29.000,14330.0000,213072,0,0.0000,0.0000,0,0,空换,S,14330.0000,0.0000,0.0000,0.0000,0.0000,14335.0000,0.0000,0.0000,0.0000,0.0000,10,0,0,0,0,46,0,0,0,0
sc,zn1210,2012-06-29 09:01:29.500,14330.0000,213072,0,429900.0000,6.0000,3,3,空换,S,14330.0000,0.0000,0.0000,0.0000,0.0000,14335.0000,0.0000,0.0000,0.0000,0.0000,57,0,0,0,0,46,0,0,0,0
sc,zn1210,2012-06-29 09:01:30.000,14330.0000,213072,0,1146400.0000,16.0000,8,8,空换,S,14330.0000,0.0000,0.0000,0.0000,0.0000,14335.0000,0.0000,0.0000,0.0000,0.0000,64,0,0,0,0,46,0,0,0,0
sc,zn1210,2012-06-29 09:01:30.500,14335.0000,213072,0,860000.0000,12.0000,6,6,多换,B,14330.0000,0.0000,0.0000,0.0000,0.0000,14335.0000,0.0000,0.0000,0.0000,0.0000,65,0,0,0,0,10,0,0,0,0
sc,zn1210,2012-06-29 09:01:31.000,14330.0000,213072,0,1576300.0000,22.0000,11,11,空换,S,14330.0000,0.0000,0.0000,0.0000,0.0000,14335.0000,0.0000,0.0000,0.0000,0.0000,54,0,0,0,0,10,0,0,0,0
sc,zn1210,2012-06-29 09:01:31.500,14335.0000,213084,12,1003450.0000,14.0000,13,1,多开,B,14330.0000,0.0000,0.0000,0.0000,0.0000,14335.0000,0.0000,0.0000,0.0000,0.0000,54,0,0,0,0,3,0,0,0,0
sc,zn1210,2012-06-29 09:01:32.000,14335.0000,213084,0,143350.0000,2.0000,1,1,多换,B,14330.0000,0.0000,0.0000,0.0000,0.0000,14335.0000,0.0000,0.0000,0.0000,0.0000,55,0,0,0,0,2,0,0,0,0
sc,zn1210,2012-06-29 09:01:32.500,14330.0000,213082,-2,1146700.0000,16.0000,7,9,多平,S,14330.0000,0.0000,0.0000,0.0000,0.0000,14340.0000,0.0000,0.0000,0.0000,0.0000,53,0,0,0,0,65,0,0,0,0
sc,zn1210,2012-06-29 09:01:33.000,14330.0000,213082,0,0.0000,0.0000,0,0,空换,S,14330.0000,0.0000,0.0000,0.0000,0.0000,14340.0000,0.0000,0.0000,0.0000,0.0000,53,0,0,0,0,105,0,0,0,0
sc,zn1210,2012-06-29 09:01:33.500,14330.0000,213082,0,0.0000,0.0000,0,0,空换,S,14330.0000,0.0000,0.0000,0.0000,0.0000,14335.0000,0.0000,0.0000,0.0000,0.0000,53,0,0,0,0,1,0,0,0,0
sc,zn1210,2012-06-29 09:01:34.000,14330.0000,213082,0,0.0000,0.0000,0,0,空换,S,14330.0000,0.0000,0.0000,0.0000,0.0000,14335.0000,0.0000,0.0000,0.0000,0.0000,53,0,0,0,0,3,0,0,0,0
sc,zn1210,2012-06-29 09:01:34.500,14330.0000,213088,6,573250.0000,8.0000,7,1,空开,S,14330.0000,0.0000,0.0000,0.0000,0.0000,14335.0000,0.0000,0.0000,0.0000,0.0000,47,0,0,0,0,21,0,0,0,0
sc,zn1210,2012-06-29 09:01:35.000,14330.0000,213092,4,2006850.0000,28.0000,16,12,空开,S,14330.0000,0.0000,0.0000,0.0000,0.0000,14335.0000,0.0000,0.0000,0.0000,0.0000,56,0,0,0,0,38,0,0,0,0
sc,zn1210,2012-06-29 09:01:35.500,14335.0000,213094,2,143350.0000,2.0000,2,0,双开,B,14330.0000,0.0000,0.0000,0.0000,0.0000,14335.0000,0.0000,0.0000,0.0000,0.0000,41,0,0,0,0,31,0,0,0,0
sc,zn1210,2012-06-29 09:01:36.000,14335.0000,213094,0,0.0000,0.0000,0,0,多换,B,14330.0000,0.0000,0.0000,0.0000,0.0000,14335.0000,0.0000,0.0000,0.0000,0.0000,41,0,0,0,0,31,0,0,0,0
sc,zn1210,2012-06-29 09:01:36.500,14335.0000,213118,24,2436400.0000,34.0000,29,5,多开,B,14330.0000,0.0000,0.0000,0.0000,0.0000,14335.0000,0.0000,0.0000,0.0000,0.0000,30,0,0,0,0,25,0,0,0,0
sc,zn1210,2012-06-29 09:01:37.000,14335.0000,213128,10,1289900.0000,18.0000,14,4,多开,B,14330.0000,0.0000,0.0000,0.0000,0.0000,14335.0000,0.0000,0.0000,0.0000,0.0000,24,0,0,0,0,21,0,0,0,0
sc,zn1210,2012-06-29 09:01:37.500,14335.0000,213128,0,0.0000,0.0000,0,0,多换,B,14330.0000,0.0000,0.0000,0.0000,0.0000,14335.0000,0.0000,0.0000,0.0000,0.0000,24,0,0,0,0,21,0,0,0,0
sc,zn1210,2012-06-29 09:01:38.000,14335.0000,213108,-20,1433500.0000,20.0000,0,20,双平,B,14330.0000,0.0000,0.0000,0.0000,0.0000,14335.0000,0.0000,0.0000,0.0000,0.0000,24,0,0,0,0,11,0,0,0,0
sc,zn1210,2012-06-29 09:01:38.500,14335.0000,213108,0,0.0000,0.0000,0,0,多换,B,14330.0000,0.0000,0.0000,0.0000,0.0000,14335.0000,0.0000,0.0000,0.0000,0.0000,24,0,0,0,0,31,0,0,0,0
sc,zn1210,2012-06-29 09:01:39.000,14335.0000,213108,0,0.0000,0.0000,0,0,多换,B,14330.0000,0.0000,0.0000,0.0000,0.0000,14335.0000,0.0000,0.0000,0.0000,0.0000,27,0,0,0,0,31,0,0,0,0
sc,zn1210,2012-06-29 09:01:39.500,14335.0000,213114,6,1146600.0000,16.0000,11,5,多开,B,14330.0000,0.0000,0.0000,0.0000,0.0000,14335.0000,0.0000,0.0000,0.0000,0.0000,28,0,0,0,0,27,0,0,0,0
sc,zn1210,2012-06-29 09:01:40.000,14335.0000,213114,0,0.0000,0.0000,0,0,多换,B,14330.0000,0.0000,0.0000,0.0000,0.0000,14335.0000,0.0000,0.0000,0.0000,0.0000,28,0,0,0,0,27,0,0,0,0
sc,zn1210,2012-06-29 09:01:40.500,14335.0000,213114,0,143350.0000,2.0000,1,1,多换,B,14330.0000,0.0000,0.0000,0.0000,0.0000,14335.0000,0.0000,0.0000,0.0000,0.0000,28,0,0,0,0,28,0,0,0,0
sc,zn1210,2012-06-29 09:01:41.000,14335.0000,213114,0,0.0000,0.0000,0,0,多换,B,14330.0000,0.0000,0.0000,0.0000,0.0000,14335.0000,0.0000,0.0000,0.0000,0.0000,28,0,0,0,0,28,0,0,0,0
sc,zn1210,2012-06-29 09:01:41.500,14330.0000,213114,0,143300.0000,2.0000,1,1,空换,S,14330.0000,0.0000,0.0000,0.0000,0.0000,14335.0000,0.0000,0.0000,0.0000,0.0000,33,0,0,0,0,38,0,0,0,0
sc,zn1210,2012-06-29 09:01:42.000,14330.0000,213114,0,0.0000,0.0000,0,0,空换,S,14330.0000,0.0000,0.0000,0.0000,0.0000,14335.0000,0.0000,0.0000,0.0000,0.0000,33,0,0,0,0,39,0,0,0,0
sc,zn1210,2012-06-29 09:01:42.500,14330.0000,213098,-16,4728900.0000,66.0000,25,41,多平,S,14325.0000,0.0000,0.0000,0.0000,0.0000,14330.0000,0.0000,0.0000,0.0000,0.0000,334,0,0,0,0,27,0,0,0,0
sc,zn1210,2012-06-29 09:01:43.000,14330.0000,213098,0,143300.0000,2.0000,1,1,空换,S,14325.0000,0.0000,0.0000,0.0000,0.0000,14330.0000,0.0000,0.0000,0.0000,0.0000,334,0,0,0,0,26,0,0,0,0
sc,zn1210,2012-06-29 09:01:43.500,14330.0000,213098,0,0.0000,0.0000,0,0,空换,S,14325.0000,0.0000,0.0000,0.0000,0.0000,14330.0000,0.0000,0.0000,0.0000,0.0000,334,0,0,0,0,26,0,0,0,0
sc,zn1210,2012-06-29 09:01:44.000,14330.0000,213070,-28,2006200.0000,28.0000,0,28,双平,S,14325.0000,0.0000,0.0000,0.0000,0.0000,14330.0000,0.0000,0.0000,0.0000,0.0000,335,0,0,0,0,12,0,0,0,0
sc,zn1210,2012-06-29 09:01:45.000,14330.0000,213046,-24,1719600.0000,24.0000,0,24,双平,S,14330.0000,0.0000,0.0000,0.0000,0.0000,14335.0000,0.0000,0.0000,0.0000,0.0000,9,0,0,0,0,38,0,0,0,0
sc,zn1210,2012-06-29 09:01:45.500,14330.0000,213046,0,0.0000,0.0000,0,0,空换,S,14330.0000,0.0000,0.0000,0.0000,0.0000,14335.0000,0.0000,0.0000,0.0000,0.0000,9,0,0,0,0,39,0,0,0,0
sc,zn1210,2012-06-29 09:01:46.000,14330.0000,213030,-16,1146400.0000,16.0000,0,16,双平,S,14330.0000,0.0000,0.0000,0.0000,0.0000,14335.0000,0.0000,0.0000,0.0000,0.0000,21,0,0,0,0,39,0,0,0,0
sc,zn1210,2012-06-29 09:01:46.500,14330.0000,213028,-2,286600.0000,4.0000,1,3,多平,S,14330.0000,0.0000,0.0000,0.0000,0.0000,14335.0000,0.0000,0.0000,0.0000,0.0000,39,0,0,0,0,71,0,0,0,0
sc,zn1210,2012-06-29 09:01:47.000,14330.0000,213030,2,286600.0000,4.0000,3,1,空开,S,14330.0000,0.0000,0.0000,0.0000,0.0000,14335.0000,0.0000,0.0000,0.0000,0.0000,59,0,0,0,0,71,0,0,0,0
sc,zn1210,2012-06-29 09:01:47.500,14330.0000,213030,0,0.0000,0.0000,0,0,空换,S,14330.0000,0.0000,0.0000,0.0000,0.0000,14335.0000,0.0000,0.0000,0.0000,0.0000,77,0,0,0,0,71,0,0,0,0
sc,zn1210,2012-06-29 09:01:48.000,14335.0000,213022,-8,1433500.0000,20.0000,6,14,空平,B,14330.0000,0.0000,0.0000,0.0000,0.0000,14335.0000,0.0000,0.0000,0.0000,0.0000,92,0,0,0,0,61,0,0,0,0
sc,zn1210,2012-06-29 09:01:49.000,14330.0000,213024,2,143300.0000,2.0000,2,0,双开,S,14330.0000,0.0000,0.0000,0.0000,0.0000,14335.0000,0.0000,0.0000,0.0000,0.0000,132,0,0,0,0,61,0,0,0,0
sc,zn1210,2012-06-29 09:01:49.500,14330.0000,213024,0,286650.0000,4.0000,2,2,空换,S,14330.0000,0.0000,0.0000,0.0000,0.0000,14335.0000,0.0000,0.0000,0.0000,0.0000,132,0,0,0,0,60,0,0,0,0
sc,zn1210,2012-06-29 09:01:50.000,14335.0000,213024,0,143350.0000,2.0000,1,1,多换,B,14330.0000,0.0000,0.0000,0.0000,0.0000,14335.0000,0.0000,0.0000,0.0000,0.0000,132,0,0,0,0,59,0,0,0,0
sc,zn1210,2012-06-29 09:01:50.500,14335.0000,213020,-4,716700.0000,10.0000,3,7,空平,B,14330.0000,0.0000,0.0000,0.0000,0.0000,14335.0000,0.0000,0.0000,0.0000,0.0000,131,0,0,0,0,55,0,0,0,0
sc,zn1210,2012-06-29 09:01:51.500,14330.0000,213028,8,573200.0000,8.0000,8,0,双开,S,14330.0000,0.0000,0.0000,0.0000,0.0000,14335.0000,0.0000,0.0000,0.0000,0.0000,127,0,0,0,0,55,0,0,0,0
sc,zn1210,2012-06-29 09:01:52.000,14330.0000,213034,6,429900.0000,6.0000,6,0,双开,S,14330.0000,0.0000,0.0000,0.0000,0.0000,14335.0000,0.0000,0.0000,0.0000,0.0000,124,0,0,0,0,55,0,0,0,0
sc,zn1210,2012-06-29 09:01:52.500,14330.0000,213034,0,0.0000,0.0000,0,0,空换,S,14330.0000,0.0000,0.0000,0.0000,0.0000,14335.0000,0.0000,0.0000,0.0000,0.0000,118,0,0,0,0,55,0,0,0,0
sc,zn1210,2012-06-29 09:01:53.000,14335.0000,213056,22,3440400.0000,48.0000,35,13,多开,B,14330.0000,0.0000,0.0000,0.0000,0.0000,14335.0000,0.0000,0.0000,0.0000,0.0000,118,0,0,0,0,35,0,0,0,0
sc,zn1210,2012-06-29 09:01:53.500,14335.0000,213056,0,573250.0000,8.0000,4,4,多换,B,14330.0000,0.0000,0.0000,0.0000,0.0000,14335.0000,0.0000,0.0000,0.0000,0.0000,115,0,0,0,0,34,0,0,0,0
sc,zn1210,2012-06-29 09:01:54.000,14330.0000,213074,18,2436100.0000,34.0000,26,8,空开,S,14330.0000,0.0000,0.0000,0.0000,0.0000,14335.0000,0.0000,0.0000,0.0000,0.0000,98,0,0,0,0,34,0,0,0,0
sc,zn1210,2012-06-29 09:01:54.500,14330.0000,213074,0,0.0000,0.0000,0,0,空换,S,14330.0000,0.0000,0.0000,0.0000,0.0000,14335.0000,0.0000,0.0000,0.0000,0.0000,79,0,0,0,0,35,0,0,0,0
sc,zn1210,2012-06-29 09:01:55.000,14330.0000,213040,-34,4300000.0000,60.0000,13,47,多平,S,14330.0000,0.0000,0.0000,0.0000,0.0000,14335.0000,0.0000,0.0000,0.0000,0.0000,69,0,0,0,0,15,0,0,0,0
sc,zn1210,2012-06-29 09:01:55.500,14330.0000,212966,-74,15046500.0000,210.0000,68,142,多平,S,14330.0000,0.0000,0.0000,0.0000,0.0000,14335.0000,0.0000,0.0000,0.0000,0.0000,14,0,0,0,0,51,0,0,0,0
sc,zn1210,2012-06-29 09:01:56.000,14330.0000,212966,0,143300.0000,2.0000,1,1,空换,S,14330.0000,0.0000,0.0000,0.0000,0.0000,14335.0000,0.0000,0.0000,0.0000,0.0000,13,0,0,0,0,51,0,0,0,0
sc,zn1210,2012-06-29 09:01:56.500,14330.0000,212946,-20,2436100.0000,34.0000,7,27,多平,S,14325.0000,0.0000,0.0000,0.0000,0.0000,14330.0000,0.0000,0.0000,0.0000,0.0000,36,0,0,0,0,18,0,0,0,0
sc,zn1210,2012-06-29 09:01:57.000,14330.0000,212946,0,0.0000,0.0000,0,0,空换,S,14325.0000,0.0000,0.0000,0.0000,0.0000,14330.0000,0.0000,0.0000,0.0000,0.0000,36,0,0,0,0,20,0,0,0,0
sc,zn1210,2012-06-29 09:01:57.500,14330.0000,212968,22,1862900.0000,26.0000,24,2,空开,S,14325.0000,0.0000,0.0000,0.0000,0.0000,14330.0000,0.0000,0.0000,0.0000,0.0000,36,0,0,0,0,32,0,0,0,0
sc,zn1210,2012-06-29 09:01:58.000,14325.0000,212968,0,573000.0000,8.0000,4,4,空换,S,14325.0000,0.0000,0.0000,0.0000,0.0000,14330.0000,0.0000,0.0000,0.0000,0.0000,32,0,0,0,0,141,0,0,0,0
sc,zn1210,2012-06-29 09:01:58.500,14325.0000,212980,12,859750.0000,12.0000,12,0,双开,S,14325.0000,0.0000,0.0000,0.0000,0.0000,14330.0000,0.0000,0.0000,0.0000,0.0000,31,0,0,0,0,138,0,0,0,0
sc,zn1210,2012-06-29 09:01:59.000,14325.0000,212996,16,1289250.0000,18.0000,17,1,空开,S,14325.0000,0.0000,0.0000,0.0000,0.0000,14330.0000,0.0000,0.0000,0.0000,0.0000,22,0,0,0,0,140,0,0,0,0
sc,zn1210,2012-06-29 09:01:59.500,14325.0000,213032,36,3438200.0000,48.0000,42,6,空开,S,14325.0000,0.0000,0.0000,0.0000,0.0000,14330.0000,0.0000,0.0000,0.0000,0.0000,8,0,0,0,0,141,0,0,0,0
sc,zn1210,2012-06-29 09:02:00.000,14325.0000,213034,2,1146000.0000,16.0000,9,7,空开,S,14320.0000,0.0000,0.0000,0.0000,0.0000,14330.0000,0.0000,0.0000,0.0000,0.0000,146,0,0,0,0,141,0,0,0,0
sc,zn1210,2012-06-29 09:02:00.500,14325.0000,213034,0,0.0000,0.0000,0,0,空换,S,14320.0000,0.0000,0.0000,0.0000,0.0000,14325.0000,0.0000,0.0000,0.0000,0.0000,146,0,0,0,0,14,0,0,0,0
sc,zn1210,2012-06-29 09:02:01.000,14325.0000,213032,-2,143250.0000,2.0000,0,2,双平,S,14320.0000,0.0000,0.0000,0.0000,0.0000,14325.0000,0.0000,0.0000,0.0000,0.0000,146,0,0,0,0,13,0,0,0,0
sc,zn1210,2012-06-29 09:02:01.500,14325.0000,213032,0,0.0000,0.0000,0,0,空换,S,14320.0000,0.0000,0.0000,0.0000,0.0000,14325.0000,0.0000,0.0000,0.0000,0.0000,148,0,0,0,0,23,0,0,0,0
sc,zn1210,2012-06-29 09:02:02.000,14325.0000,213024,-8,859500.0000,12.0000,2,10,多平,S,14320.0000,0.0000,0.0000,0.0000,0.0000,14325.0000,0.0000,0.0000,0.0000,0.0000,148,0,0,0,0,15,0,0,0,0
sc,zn1210,2012-06-29 09:02:02.500,14320.0000,213022,-2,143200.0000,2.0000,0,2,双平,S,14320.0000,0.0000,0.0000,0.0000,0.0000,14325.0000,0.0000,0.0000,0.0000,0.0000,147,0,0,0,0,25,0,0,0,0
sc,zn1210,2012-06-29 09:02:03.000,14325.0000,213038,16,1432500.0000,20.0000,18,2,多开,B,14320.0000,0.0000,0.0000,0.0000,0.0000,14325.0000,0.0000,0.0000,0.0000,0.0000,147,0,0,0,0,8,0,0,0,0
sc,zn1210,2012-06-29 09:02:03.500,14325.0000,213034,-4,859500.0000,12.0000,4,8,空平,B,14320.0000,0.0000,0.0000,0.0000,0.0000,14325.0000,0.0000,0.0000,0.0000,0.0000,147,0,0,0,0,3,0,0,0,0
sc,zn1210,2012-06-29 09:02:04.000,14320.0000,213034,0,286400.0000,4.0000,2,2,空换,S,14320.0000,0.0000,0.0000,0.0000,0.0000,14325.0000,0.0000,0.0000,0.0000,0.0000,145,0,0,0,0,3,0,0,0,0
sc,zn1210,2012-06-29 09:02:04.500,14320.0000,213012,-22,2434950.0000,34.0000,6,28,多平,S,14320.0000,0.0000,0.0000,0.0000,0.0000,14325.0000,0.0000,0.0000,0.0000,0.0000,139,0,0,0,0,23,0,0,0,0
sc,zn1210,2012-06-29 09:02:05.500,14325.0000,212984,-28,2005500.0000,28.0000,0,28,双平,B,14320.0000,0.0000,0.0000,0.0000,0.0000,14325.0000,0.0000,0.0000,0.0000,0.0000,142,0,0,0,0,10,0,0,0,0
sc,zn1210,2012-06-29 09:02:06.000,14325.0000,212994,10,2148750.0000,30.0000,20,10,多开,B,14320.0000,0.0000,0.0000,0.0000,0.0000,14325.0000,0.0000,0.0000,0.0000,0.0000,143,0,0,0,0,4,0,0,0,0
sc,zn1210,2012-06-29 09:02:06.500,14330.0000,212992,-2,1146150.0000,16.0000,7,9,空平,B,14320.0000,0.0000,0.0000,0.0000,0.0000,14330.0000,0.0000,0.0000,0.0000,0.0000,143,0,0,0,0,133,0,0,0,0
sc,zn1210,2012-06-29 09:02:07.000,14320.0000,212994,2,143200.0000,2.0000,2,0,双开,S,14325.0000,0.0000,0.0000,0.0000,0.0000,14330.0000,0.0000,0.0000,0.0000,0.0000,1,0,0,0,0,133,0,0,0,0
sc,zn1210,2012-06-29 09:02:07.500,14325.0000,212996,2,7589750.0000,106.0000,54,52,多开,B,14320.0000,0.0000,0.0000,0.0000,0.0000,14325.0000,0.0000,0.0000,0.0000,0.0000,95,0,0,0,0,1,0,0,0,0
sc,zn1210,2012-06-29 09:02:08.000,14325.0000,212992,-4,286500.0000,4.0000,0,4,双平,B,14325.0000,0.0000,0.0000,0.0000,0.0000,14330.0000,0.0000,0.0000,0.0000,0.0000,36,0,0,0,0,134,0,0,0,0
sc,zn1210,2012-06-29 09:02:08.500,14325.0000,212990,-2,4440750.0000,62.0000,30,32,空平,B,14325.0000,0.0000,0.0000,0.0000,0.0000,14330.0000,0.0000,0.0000,0.0000,0.0000,5,0,0,0,0,139,0,0,0,0
sc,zn1210,2012-06-29 09:02:09.000,14330.0000,212998,8,3151650.0000,44.0000,26,18,多开,B,14320.0000,0.0000,0.0000,0.0000,0.0000,14330.0000,0.0000,0.0000,0.0000,0.0000,93,0,0,0,0,134,0,0,0,0
sc,zn1210,2012-06-29 09:02:09.500,14330.0000,212998,0,573200.0000,8.0000,4,4,多换,B,14320.0000,0.0000,0.0000,0.0000,0.0000,14325.0000,0.0000,0.0000,0.0000,0.0000,103,0,0,0,0,2,0,0,0,0
sc,zn1210,2012-06-29 09:02:10.000,14330.0000,212998,0,0.0000,0.0000,0,0,多换,B,14320.0000,0.0000,0.0000,0.0000,0.0000,14325.0000,0.0000,0.0000,0.0000,0.0000,103,0,0,0,0,3,0,0,0,0
sc,zn1210,2012-06-29 09:02:10.500,14320.0000,212998,0,429600.0000,6.0000,3,3,空换,S,14320.0000,0.0000,0.0000,0.0000,0.0000,14325.0000,0.0000,0.0000,0.0000,0.0000,100,0,0,0,0,3,0,0,0,0
sc,zn1210,2012-06-29 09:02:11.000,14325.0000,212996,-2,573000.0000,8.0000,3,5,空平,B,14320.0000,0.0000,0.0000,0.0000,0.0000,14325.0000,0.0000,0.0000,0.0000,0.0000,100,0,0,0,0,2,0,0,0,0
sc,zn1210,2012-06-29 09:02:11.500,14320.0000,212998,2,429700.0000,6.0000,4,2,空开,S,14325.0000,0.0000,0.0000,0.0000,0.0000,14330.0000,0.0000,0.0000,0.0000,0.0000,3,0,0,0,0,125,0,0,0,0
sc,zn1210,2012-06-29 09:02:12.000,14320.0000,212988,-10,859200.0000,12.0000,1,11,多平,S,14325.0000,0.0000,0.0000,0.0000,0.0000,14330.0000,0.0000,0.0000,0.0000,0.0000,2,0,0,0,0,125,0,0,0,0
sc,zn1210,2012-06-29 09:02:12.500,14325.0000,212976,-12,1002850.0000,14.0000,1,13,空平,B,14320.0000,0.0000,0.0000,0.0000,0.0000,14330.0000,0.0000,0.0000,0.0000,0.0000,407,0,0,0,0,123,0,0,0,0
sc,zn1210,2012-06-29 09:02:13.000,14325.0000,212976,0,0.0000,0.0000,0,0,多换,B,14320.0000,0.0000,0.0000,0.0000,0.0000,14330.0000,0.0000,0.0000,0.0000,0.0000,407,0,0,0,0,124,0,0,0,0
sc,zn1210,2012-06-29 09:02:13.500,14325.0000,212974,-2,143250.0000,2.0000,0,2,双平,B,14325.0000,0.0000,0.0000,0.0000,0.0000,14330.0000,0.0000,0.0000,0.0000,0.0000,33,0,0,0,0,124,0,0,0,0
sc,zn1210,2012-06-29 09:02:14.000,14325.0000,212974,0,286500.0000,4.0000,2,2,多换,B,14325.0000,0.0000,0.0000,0.0000,0.0000,14330.0000,0.0000,0.0000,0.0000,0.0000,55,0,0,0,0,124,0,0,0,0
sc,zn1210,2012-06-29 09:02:14.500,14325.0000,212974,0,0.0000,0.0000,0,0,多换,B,14325.0000,0.0000,0.0000,0.0000,0.0000,14330.0000,0.0000,0.0000,0.0000,0.0000,74,0,0,0,0,126,0,0,0,0
sc,zn1210,2012-06-29 09:02:15.000,14325.0000,212972,-2,143250.0000,2.0000,0,2,双平,B,14325.0000,0.0000,0.0000,0.0000,0.0000,14330.0000,0.0000,0.0000,0.0000,0.0000,73,0,0,0,0,126,0,0,0,0
sc,zn1210,2012-06-29 09:02:15.500,14325.0000,212958,-14,1002750.0000,14.0000,0,14,双平,B,14325.0000,0.0000,0.0000,0.0000,0.0000,14330.0000,0.0000,0.0000,0.0000,0.0000,73,0,0,0,0,126,0,0,0,0
sc,zn1210,2012-06-29 09:02:16.000,14325.0000,212958,0,143250.0000,2.0000,1,1,多换,B,14325.0000,0.0000,0.0000,0.0000,0.0000,14330.0000,0.0000,0.0000,0.0000,0.0000,78,0,0,0,0,126,0,0,0,0
sc,zn1210,2012-06-29 09:02:16.500,14325.0000,212958,0,286500.0000,4.0000,2,2,多换,B,14325.0000,0.0000,0.0000,0.0000,0.0000,14330.0000,0.0000,0.0000,0.0000,0.0000,76,0,0,0,0,126,0,0,0,0
sc,zn1210,2012-06-29 09:02:17.000,14325.0000,212958,0,1146000.0000,16.0000,8,8,多换,B,14325.0000,0.0000,0.0000,0.0000,0.0000,14330.0000,0.0000,0.0000,0.0000,0.0000,68,0,0,0,0,126,0,0,0,0
sc,zn1210,2012-06-29 09:02:17.500,14325.0000,212958,0,0.0000,0.0000,0,0,多换,B,14325.0000,0.0000,0.0000,0.0000,0.0000,14330.0000,0.0000,0.0000,0.0000,0.0000,71,0,0,0,0,126,0,0,0,0
sc,zn1210,2012-06-29 09:02:18.000,14325.0000,212956,-2,143250.0000,2.0000,0,2,双平,B,14325.0000,0.0000,0.0000,0.0000,0.0000,14330.0000,0.0000,0.0000,0.0000,0.0000,70,0,0,0,0,129,0,0,0,0
sc,zn1210,2012-06-29 09:02:18.500,14325.0000,212956,0,1432500.0000,20.0000,10,10,多换,B,14325.0000,0.0000,0.0000,0.0000,0.0000,14330.0000,0.0000,0.0000,0.0000,0.0000,61,0,0,0,0,124,0,0,0,0
sc,zn1210,2012-06-29 09:02:19.000,14325.0000,212956,0,143250.0000,2.0000,1,1,多换,B,14325.0000,0.0000,0.0000,0.0000,0.0000,14330.0000,0.0000,0.0000,0.0000,0.0000,57,0,0,0,0,124,0,0,0,0
sc,zn1210,2012-06-29 09:02:19.500,14330.0000,212956,0,143300.0000,2.0000,1,1,多换,B,14325.0000,0.0000,0.0000,0.0000,0.0000,14330.0000,0.0000,0.0000,0.0000,0.0000,50,0,0,0,0,125,0,0,0,0
sc,zn1210,2012-06-29 09:02:20.000,14330.0000,212956,0,0.0000,0.0000,0,0,多换,B,14325.0000,0.0000,0.0000,0.0000,0.0000,14330.0000,0.0000,0.0000,0.0000,0.0000,50,0,0,0,0,125,0,0,0,0
sc,zn1210,2012-06-29 09:02:20.500,14325.0000,212956,0,716250.0000,10.0000,5,5,空换,S,14325.0000,0.0000,0.0000,0.0000,0.0000,14330.0000,0.0000,0.0000,0.0000,0.0000,57,0,0,0,0,125,0,0,0,0
sc,zn1210,2012-06-29 09:02:21.000,14325.0000,212956,0,0.0000,0.0000,0,0,空换,S,14325.0000,0.0000,0.0000,0.0000,0.0000,14330.0000,0.0000,0.0000,0.0000,0.0000,77,0,0,0,0,126,0,0,0,0
sc,zn1210,2012-06-29 09:02:21.500,14325.0000,212966,10,1289350.0000,18.0000,14,4,空开,S,14325.0000,0.0000,0.0000,0.0000,0.0000,14330.0000,0.0000,0.0000,0.0000,0.0000,70,0,0,0,0,124,0,0,0,0
sc,zn1210,2012-06-29 09:02:22.000,14325.0000,212966,0,716250.0000,10.0000,5,5,空换,S,14325.0000,0.0000,0.0000,0.0000,0.0000,14330.0000,0.0000,0.0000,0.0000,0.0000,65,0,0,0,0,124,0,0,0,0
sc,zn1210,2012-06-29 09:02:22.500,14325.0000,212966,0,0.0000,0.0000,0,0,空换,S,14325.0000,0.0000,0.0000,0.0000,0.0000,14330.0000,0.0000,0.0000,0.0000,0.0000,65,0,0,0,0,124,0,0,0,0
sc,zn1210,2012-06-29 09:02:23.000,14325.0000,212972,6,429750.0000,6.0000,6,0,双开,S,14325.0000,0.0000,0.0000,0.0000,0.0000,14330.0000,0.0000,0.0000,0.0000,0.0000,62,0,0,0,0,124,0,0,0,0
sc,zn1210,2012-06-29 09:02:23.500,14325.0000,212976,4,286500.0000,4.0000,4,0,双开,S,14325.0000,0.0000,0.0000,0.0000,0.0000,14330.0000,0.0000,0.0000,0.0000,0.0000,61,0,0,0,0,124,0,0,0,0
sc,zn1210,2012-06-29 09:02:24.000,14325.0000,212976,0,286500.0000,4.0000,2,2,空换,S,14325.0000,0.0000,0.0000,0.0000,0.0000,14330.0000,0.0000,0.0000,0.0000,0.0000,65,0,0,0,0,124,0,0,0,0
sc,zn1210,2012-06-29 09:02:24.500,14325.0000,212976,0,0.0000,0.0000,0,0,空换,S,14325.0000,0.0000,0.0000,0.0000,0.0000,14330.0000,0.0000,0.0000,0.0000,0.0000,64,0,0,0,0,124,0,0,0,0
sc,zn1210,2012-06-29 09:02:25.000,14325.0000,212976,0,0.0000,0.0000,0,0,空换,S,14325.0000,0.0000,0.0000,0.0000,0.0000,14330.0000,0.0000,0.0000,0.0000,0.0000,66,0,0,0,0,124,0,0,0,0
sc,zn1210,2012-06-29 09:02:25.500,14330.0000,212976,0,1146400.0000,16.0000,8,8,多换,B,14325.0000,0.0000,0.0000,0.0000,0.0000,14330.0000,0.0000,0.0000,0.0000,0.0000,90,0,0,0,0,119,0,0,0,0
sc,zn1210,2012-06-29 09:02:26.000,14325.0000,212984,8,1432500.0000,20.0000,14,6,空开,S,14325.0000,0.0000,0.0000,0.0000,0.0000,14330.0000,0.0000,0.0000,0.0000,0.0000,80,0,0,0,0,119,0,0,0,0
sc,zn1210,2012-06-29 09:02:26.500,14325.0000,212984,0,0.0000,0.0000,0,0,空换,S,14325.0000,0.0000,0.0000,0.0000,0.0000,14330.0000,0.0000,0.0000,0.0000,0.0000,80,0,0,0,0,119,0,0,0,0
sc,zn1210,2012-06-29 09:02:27.000,14325.0000,212984,0,143250.0000,2.0000,1,1,空换,S,14325.0000,0.0000,0.0000,0.0000,0.0000,14330.0000,0.0000,0.0000,0.0000,0.0000,99,0,0,0,0,120,0,0,0,0
sc,zn1210,2012-06-29 09:02:28.000,14325.0000,212984,0,0.0000,0.0000,0,0,空换,S,14325.0000,0.0000,0.0000,0.0000,0.0000,14330.0000,0.0000,0.0000,0.0000,0.0000,99,0,0,0,0,120,0,0,0,0
sc,zn1210,2012-06-29 09:02:28.500,14325.0000,212984,0,0.0000,0.0000,0,0,空换,S,14325.0000,0.0000,0.0000,0.0000,0.0000,14330.0000,0.0000,0.0000,0.0000,0.0000,106,0,0,0,0,120,0,0,0,0
sc,zn1210,2012-06-29 09:02:29.000,14325.0000,212980,-4,716250.0000,10.0000,3,7,多平,S,14325.0000,0.0000,0.0000,0.0000,0.0000,14330.0000,0.0000,0.0000,0.0000,0.0000,101,0,0,0,0,120,0,0,0,0
sc,zn1210,2012-06-29 09:02:29.500,14325.0000,212980,0,0.0000,0.0000,0,0,空换,S,14325.0000,0.0000,0.0000,0.0000,0.0000,14330.0000,0.0000,0.0000,0.0000,0.0000,101,0,0,0,0,120,0,0,0,0
sc,zn1210,2012-06-29 09:02:30.000,14325.0000,212980,0,3009250.0000,42.0000,21,21,空换,S,14325.0000,0.0000,0.0000,0.0000,0.0000,14330.0000,0.0000,0.0000,0.0000,0.0000,116,0,0,0,0,100,0,0,0,0
sc,zn1210,2012-06-29 09:02:30.500,14325.0000,212964,-16,1432500.0000,20.0000,2,18,多平,S,14325.0000,0.0000,0.0000,0.0000,0.0000,14330.0000,0.0000,0.0000,0.0000,0.0000,106,0,0,0,0,110,0,0,0,0
sc,zn1210,2012-06-29 09:02:31.000,14330.0000,212960,-4,3152600.0000,44.0000,20,24,空平,B,14325.0000,0.0000,0.0000,0.0000,0.0000,14330.0000,0.0000,0.0000,0.0000,0.0000,106,0,0,0,0,88,0,0,0,0
sc,zn1210,2012-06-29 09:02:31.500,14330.0000,212958,-2,3009300.0000,42.0000,20,22,空平,B,14325.0000,0.0000,0.0000,0.0000,0.0000,14330.0000,0.0000,0.0000,0.0000,0.0000,106,0,0,0,0,67,0,0,0,0
sc,zn1210,2012-06-29 09:02:32.000,14330.0000,213006,48,7594900.0000,106.0000,77,29,多开,B,14325.0000,0.0000,0.0000,0.0000,0.0000,14330.0000,0.0000,0.0000,0.0000,0.0000,112,0,0,0,0,14,0,0,0,0
sc,zn1210,2012-06-29 09:02:32.500,14330.0000,213026,20,3152600.0000,44.0000,32,12,多开,B,14330.0000,0.0000,0.0000,0.0000,0.0000,14335.0000,0.0000,0.0000,0.0000,0.0000,2,0,0,0,0,8,0,0,0,0
sc,zn1210,2012-06-29 09:02:33.000,14330.0000,213028,2,143300.0000,2.0000,2,0,双开,B,14330.0000,0.0000,0.0000,0.0000,0.0000,14335.0000,0.0000,0.0000,0.0000,0.0000,2,0,0,0,0,28,0,0,0,0
sc,zn1210,2012-06-29 09:02:33.500,14330.0000,213028,0,286600.0000,4.0000,2,2,多换,B,14330.0000,0.0000,0.0000,0.0000,0.0000,14335.0000,0.0000,0.0000,0.0000,0.0000,61,0,0,0,0,33,0,0,0,0
sc,zn1210,2012-06-29 09:02:34.000,14330.0000,213030,2,429950.0000,6.0000,4,2,多开,B,14330.0000,0.0000,0.0000,0.0000,0.0000,14335.0000,0.0000,0.0000,0.0000,0.0000,96,0,0,0,0,32,0,0,0,0
sc,zn1210,2012-06-29 09:02:34.500,14330.0000,213030,0,0.0000,0.0000,0,0,多换,B,14330.0000,0.0000,0.0000,0.0000,0.0000,14335.0000,0.0000,0.0000,0.0000,0.0000,97,0,0,0,0,34,0,0,0,0
sc,zn1210,2012-06-29 09:02:35.000,14330.0000,213030,0,0.0000,0.0000,0,0,多换,B,14330.0000,0.0000,0.0000,0.0000,0.0000,14335.0000,0.0000,0.0000,0.0000,0.0000,97,0,0,0,0,35,0,0,0,0
sc,zn1210,2012-06-29 09:02:35.500,14330.0000,213030,0,0.0000,0.0000,0,0,多换,B,14330.0000,0.0000,0.0000,0.0000,0.0000,14335.0000,0.0000,0.0000,0.0000,0.0000,97,0,0,0,0,37,0,0,0,0
sc,zn1210,2012-06-29 09:02:36.000,14330.0000,213036,6,573200.0000,8.0000,7,1,多开,B,14330.0000,0.0000,0.0000,0.0000,0.0000,14335.0000,0.0000,0.0000,0.0000,0.0000,90,0,0,0,0,37,0,0,0,0
sc,zn1210,2012-06-29 09:02:36.500,14335.0000,213042,6,860050.0000,12.0000,9,3,多开,B,14330.0000,0.0000,0.0000,0.0000,0.0000,14335.0000,0.0000,0.0000,0.0000,0.0000,89,0,0,0,0,32,0,0,0,0
sc,zn1210,2012-06-29 09:02:37.000,14335.0000,213042,0,0.0000,0.0000,0,0,多换,B,14330.0000,0.0000,0.0000,0.0000,0.0000,14335.0000,0.0000,0.0000,0.0000,0.0000,89,0,0,0,0,32,0,0,0,0
sc,zn1210,2012-06-29 09:02:37.500,14335.0000,213042,0,0.0000,0.0000,0,0,多换,B,14330.0000,0.0000,0.0000,0.0000,0.0000,14335.0000,0.0000,0.0000,0.0000,0.0000,86,0,0,0,0,33,0,0,0,0
sc,zn1210,2012-06-29 09:02:38.000,14335.0000,213042,0,0.0000,0.0000,0,0,多换,B,14330.0000,0.0000,0.0000,0.0000,0.0000,14335.0000,0.0000,0.0000,0.0000,0.0000,86,0,0,0,0,33,0,0,0,0
sc,zn1210,2012-06-29 09:02:38.500,14330.0000,213062,20,2149500.0000,30.0000,25,5,空开,S,14330.0000,0.0000,0.0000,0.0000,0.0000,14335.0000,0.0000,0.0000,0.0000,0.0000,80,0,0,0,0,43,0,0,0,0
sc,zn1210,2012-06-29 09:02:39.000,14335.0000,213064,2,143350.0000,2.0000,2,0,双开,B,14330.0000,0.0000,0.0000,0.0000,0.0000,14335.0000,0.0000,0.0000,0.0000,0.0000,80,0,0,0,0,42,0,0,0,0
sc,zn1210,2012-06-29 09:02:39.500,14335.0000,213064,0,0.0000,0.0000,0,0,多换,B,14330.0000,0.0000,0.0000,0.0000,0.0000,14335.0000,0.0000,0.0000,0.0000,0.0000,81,0,0,0,0,42,0,0,0,0
sc,zn1210,2012-06-29 09:02:40.000,14335.0000,213064,0,3010350.0000,42.0000,21,21,多换,B,14330.0000,0.0000,0.0000,0.0000,0.0000,14335.0000,0.0000,0.0000,0.0000,0.0000,81,0,0,0,0,26,0,0,0,0
sc,zn1210,2012-06-29 09:02:40.500,14335.0000,213064,0,0.0000,0.0000,0,0,多换,B,14330.0000,0.0000,0.0000,0.0000,0.0000,14335.0000,0.0000,0.0000,0.0000,0.0000,81,0,0,0,0,26,0,0,0,0
sc,zn1210,2012-06-29 09:02:41.000,14335.0000,213064,0,0.0000,0.0000,0,0,多换,B,14330.0000,0.0000,0.0000,0.0000,0.0000,14335.0000,0.0000,0.0000,0.0000,0.0000,81,0,0,0,0,26,0,0,0,0
sc,zn1210,2012-06-29 09:02:41.500,14335.0000,213064,0,573400.0000,8.0000,4,4,多换,B,14330.0000,0.0000,0.0000,0.0000,0.0000,14335.0000,0.0000,0.0000,0.0000,0.0000,81,0,0,0,0,22,0,0,0,0
sc,zn1210,2012-06-29 09:02:42.000,14335.0000,213064,0,0.0000,0.0000,0,0,多换,B,14330.0000,0.0000,0.0000,0.0000,0.0000,14335.0000,0.0000,0.0000,0.0000,0.0000,81,0,0,0,0,22,0,0,0,0
sc,zn1210,2012-06-29 09:02:42.500,14335.0000,213072,8,1003400.0000,14.0000,11,3,多开,B,14330.0000,0.0000,0.0000,0.0000,0.0000,14335.0000,0.0000,0.0000,0.0000,0.0000,80,0,0,0,0,18,0,0,0,0
sc,zn1210,2012-06-29 09:02:43.000,14335.0000,213074,2,286700.0000,4.0000,3,1,多开,B,14330.0000,0.0000,0.0000,0.0000,0.0000,14335.0000,0.0000,0.0000,0.0000,0.0000,80,0,0,0,0,16,0,0,0,0
sc,zn1210,2012-06-29 09:02:43.500,14330.0000,213078,4,1719700.0000,24.0000,14,10,空开,S,14330.0000,0.0000,0.0000,0.0000,0.0000,14335.0000,0.0000,0.0000,0.0000,0.0000,71,0,0,0,0,14,0,0,0,0
sc,zn1210,2012-06-29 09:02:44.000,14340.0000,213066,-12,2867300.0000,40.0000,14,26,空平,B,14330.0000,0.0000,0.0000,0.0000,0.0000,14340.0000,0.0000,0.0000,0.0000,0.0000,72,0,0,0,0,114,0,0,0,0
sc,zn1210,2012-06-29 09:02:44.500,14340.0000,213066,0,1147200.0000,16.0000,8,8,多换,B,14335.0000,0.0000,0.0000,0.0000,0.0000,14340.0000,0.0000,0.0000,0.0000,0.0000,2,0,0,0,0,106,0,0,0,0
sc,zn1210,2012-06-29 09:02:45.000,14340.0000,213066,0,1003800.0000,14.0000,7,7,多换,B,14335.0000,0.0000,0.0000,0.0000,0.0000,14340.0000,0.0000,0.0000,0.0000,0.0000,5,0,0,0,0,99,0,0,0,0
sc,zn1210,2012-06-29 09:02:45.500,14335.0000,213062,-4,1433650.0000,20.0000,8,12,多平,S,14330.0000,0.0000,0.0000,0.0000,0.0000,14335.0000,0.0000,0.0000,0.0000,0.0000,72,0,0,0,0,14,0,0,0,0
sc,zn1210,2012-06-29 09:02:46.000,14335.0000,213062,0,0.0000,0.0000,0,0,空换,S,14330.0000,0.0000,0.0000,0.0000,0.0000,14335.0000,0.0000,0.0000,0.0000,0.0000,90,0,0,0,0,14,0,0,0,0
sc,zn1210,2012-06-29 09:02:46.500,14335.0000,213062,0,143350.0000,2.0000,1,1,空换,S,14330.0000,0.0000,0.0000,0.0000,0.0000,14335.0000,0.0000,0.0000,0.0000,0.0000,90,0,0,0,0,13,0,0,0,0
sc,zn1210,2012-06-29 09:02:47.000,14335.0000,213042,-20,1576850.0000,22.0000,1,21,多平,S,14330.0000,0.0000,0.0000,0.0000,0.0000,14335.0000,0.0000,0.0000,0.0000,0.0000,102,0,0,0,0,2,0,0,0,0
sc,zn1210,2012-06-29 09:02:47.500,14335.0000,213042,0,0.0000,0.0000,0,0,空换,S,14330.0000,0.0000,0.0000,0.0000,0.0000,14335.0000,0.0000,0.0000,0.0000,0.0000,102,0,0,0,0,3,0,0,0,0
sc,zn1210,2012-06-29 09:02:48.000,14335.0000,213042,0,716750.0000,10.0000,5,5,空换,S,14330.0000,0.0000,0.0000,0.0000,0.0000,14335.0000,0.0000,0.0000,0.0000,0.0000,103,0,0,0,0,1,0,0,0,0
sc,zn1210,2012-06-29 09:02:48.500,14335.0000,213042,0,0.0000,0.0000,0,0,空换,S,14330.0000,0.0000,0.0000,0.0000,0.0000,14335.0000,0.0000,0.0000,0.0000,0.0000,103,0,0,0,0,1,0,0,0,0
sc,zn1210,2012-06-29 09:02:49.000,14335.0000,213042,0,143350.0000,2.0000,1,1,空换,S,14335.0000,0.0000,0.0000,0.0000,0.0000,14340.0000,0.0000,0.0000,0.0000,0.0000,1,0,0,0,0,98,0,0,0,0
sc,zn1210,2012-06-29 09:02:49.500,14335.0000,213084,42,3010350.0000,42.0000,42,0,双开,S,14330.0000,0.0000,0.0000,0.0000,0.0000,14335.0000,0.0000,0.0000,0.0000,0.0000,103,0,0,0,0,5,0,0,0,0
sc,zn1210,2012-06-29 09:02:50.000,14335.0000,213084,0,0.0000,0.0000,0,0,空换,S,14330.0000,0.0000,0.0000,0.0000,0.0000,14335.0000,0.0000,0.0000,0.0000,0.0000,102,0,0,0,0,13,0,0,0,0
sc,zn1210,2012-06-29 09:02:50.500,14335.0000,213086,2,143350.0000,2.0000,2,0,双开,S,14330.0000,0.0000,0.0000,0.0000,0.0000,14335.0000,0.0000,0.0000,0.0000,0.0000,102,0,0,0,0,28,0,0,0,0
sc,zn1210,2012-06-29 09:02:51.000,14335.0000,213086,0,0.0000,0.0000,0,0,空换,S,14330.0000,0.0000,0.0000,0.0000,0.0000,14335.0000,0.0000,0.0000,0.0000,0.0000,102,0,0,0,0,28,0,0,0,0
sc,zn1210,2012-06-29 09:02:51.500,14335.0000,213086,0,0.0000,0.0000,0,0,空换,S,14330.0000,0.0000,0.0000,0.0000,0.0000,14335.0000,0.0000,0.0000,0.0000,0.0000,154,0,0,0,0,47,0,0,0,0
sc,zn1210,2012-06-29 09:02:52.000,14335.0000,213086,0,0.0000,0.0000,0,0,空换,S,14330.0000,0.0000,0.0000,0.0000,0.0000,14335.0000,0.0000,0.0000,0.0000,0.0000,159,0,0,0,0,59,0,0,0,0
sc,zn1210,2012-06-29 09:02:52.500,14335.0000,213094,8,1720200.0000,24.0000,16,8,空开,S,14330.0000,0.0000,0.0000,0.0000,0.0000,14335.0000,0.0000,0.0000,0.0000,0.0000,161,0,0,0,0,48,0,0,0,0
sc,zn1210,2012-06-29 09:02:53.000,14335.0000,213094,0,0.0000,0.0000,0,0,空换,S,14330.0000,0.0000,0.0000,0.0000,0.0000,14335.0000,0.0000,0.0000,0.0000,0.0000,161,0,0,0,0,52,0,0,0,0
sc,zn1210,2012-06-29 09:02:54.000,14335.0000,213094,0,0.0000,0.0000,0,0,空换,S,14330.0000,0.0000,0.0000,0.0000,0.0000,14335.0000,0.0000,0.0000,0.0000,0.0000,165,0,0,0,0,52,0,0,0,0
sc,zn1210,2012-06-29 09:02:54.500,14335.0000,213094,0,143350.0000,2.0000,1,1,空换,S,14330.0000,0.0000,0.0000,0.0000,0.0000,14335.0000,0.0000,0.0000,0.0000,0.0000,155,0,0,0,0,51,0,0,0,0
sc,zn1210,2012-06-29 09:02:55.000,14335.0000,213094,0,286700.0000,4.0000,2,2,空换,S,14330.0000,0.0000,0.0000,0.0000,0.0000,14335.0000,0.0000,0.0000,0.0000,0.0000,155,0,0,0,0,50,0,0,0,0
sc,zn1210,2012-06-29 09:02:55.500,14335.0000,213094,0,143350.0000,2.0000,1,1,空换,S,14330.0000,0.0000,0.0000,0.0000,0.0000,14335.0000,0.0000,0.0000,0.0000,0.0000,157,0,0,0,0,55,0,0,0,0
sc,zn1210,2012-06-29 09:02:56.000,14335.0000,213094,0,0.0000,0.0000,0,0,空换,S,14330.0000,0.0000,0.0000,0.0000,0.0000,14335.0000,0.0000,0.0000,0.0000,0.0000,157,0,0,0,0,56,0,0,0,0
sc,zn1210,2012-06-29 09:02:56.500,14335.0000,213000,-94,7310850.0000,102.0000,4,98,多平,S,14330.0000,0.0000,0.0000,0.0000,0.0000,14335.0000,0.0000,0.0000,0.0000,0.0000,157,0,0,0,0,5,0,0,0,0
sc,zn1210,2012-06-29 09:02:57.000,14335.0000,212992,-8,716750.0000,10.0000,1,9,多平,S,14335.0000,0.0000,0.0000,0.0000,0.0000,14340.0000,0.0000,0.0000,0.0000,0.0000,8,0,0,0,0,153,0,0,0,0
sc,zn1210,2012-06-29 09:02:57.500,14335.0000,212992,0,716750.0000,10.0000,5,5,空换,S,14335.0000,0.0000,0.0000,0.0000,0.0000,14340.0000,0.0000,0.0000,0.0000,0.0000,36,0,0,0,0,154,0,0,0,0
sc,zn1210,2012-06-29 09:02:58.000,14335.0000,212992,0,0.0000,0.0000,0,0,空换,S,14335.0000,0.0000,0.0000,0.0000,0.0000,14340.0000,0.0000,0.0000,0.0000,0.0000,41,0,0,0,0,155,0,0,0,0
sc,zn1210,2012-06-29 09:02:58.500,14335.0000,212992,0,0.0000,0.0000,0,0,空换,S,14335.0000,0.0000,0.0000,0.0000,0.0000,14340.0000,0.0000,0.0000,0.0000,0.0000,42,0,0,0,0,155,0,0,0,0
sc,zn1210,2012-06-29 09:02:59.000,14335.0000,212972,-20,1433500.0000,20.0000,0,20,双平,S,14335.0000,0.0000,0.0000,0.0000,0.0000,14340.0000,0.0000,0.0000,0.0000,0.0000,32,0,0,0,0,155,0,0,0,0
sc,zn1210,2012-06-29 09:02:59.500,14340.0000,212974,2,143400.0000,2.0000,2,0,双开,B,14335.0000,0.0000,0.0000,0.0000,0.0000,14340.0000,0.0000,0.0000,0.0000,0.0000,32,0,0,0,0,154,0,0,0,0
sc,zn1210,2012-06-29 09:03:00.000,14340.0000,212974,0,0.0000,0.0000,0,0,多换,B,14335.0000,0.0000,0.0000,0.0000,0.0000,14340.0000,0.0000,0.0000,0.0000,0.0000,32,0,0,0,0,154,0,0,0,0
sc,zn1210,2012-06-29 09:03:00.500,14335.0000,212966,-8,1290450.0000,18.0000,5,13,多平,S,14335.0000,0.0000,0.0000,0.0000,0.0000,14340.0000,0.0000,0.0000,0.0000,0.0000,30,0,0,0,0,148,0,0,0,0
sc,zn1210,2012-06-29 09:03:01.000,14335.0000,212966,0,0.0000,0.0000,0,0,空换,S,14335.0000,0.0000,0.0000,0.0000,0.0000,14340.0000,0.0000,0.0000,0.0000,0.0000,30,0,0,0,0,151,0,0,0,0
sc,zn1210,2012-06-29 09:03:01.500,14340.0000,212968,2,143400.0000,2.0000,2,0,双开,B,14335.0000,0.0000,0.0000,0.0000,0.0000,14340.0000,0.0000,0.0000,0.0000,0.0000,31,0,0,0,0,150,0,0,0,0
sc,zn1210,2012-06-29 09:03:02.000,14335.0000,212968,0,143350.0000,2.0000,1,1,空换,S,14335.0000,0.0000,0.0000,0.0000,0.0000,14340.0000,0.0000,0.0000,0.0000,0.0000,30,0,0,0,0,150,0,0,0,0
sc,zn1210,2012-06-29 09:03:02.500,14335.0000,212968,0,716750.0000,10.0000,5,5,空换,S,14335.0000,0.0000,0.0000,0.0000,0.0000,14340.0000,0.0000,0.0000,0.0000,0.0000,25,0,0,0,0,150,0,0,0,0
sc,zn1210,2012-06-29 09:03:03.000,14335.0000,212968,0,0.0000,0.0000,0,0,空换,S,14335.0000,0.0000,0.0000,0.0000,0.0000,14340.0000,0.0000,0.0000,0.0000,0.0000,27,0,0,0,0,150,0,0,0,0
sc,zn1210,2012-06-29 09:03:03.500,14335.0000,212968,0,143350.0000,2.0000,1,1,空换,S,14335.0000,0.0000,0.0000,0.0000,0.0000,14340.0000,0.0000,0.0000,0.0000,0.0000,26,0,0,0,0,150,0,0,0,0
sc,zn1210,2012-06-29 09:03:04.000,14335.0000,212968,0,0.0000,0.0000,0,0,空换,S,14335.0000,0.0000,0.0000,0.0000,0.0000,14340.0000,0.0000,0.0000,0.0000,0.0000,26,0,0,0,0,150,0,0,0,0
sc,zn1210,2012-06-29 09:03:04.500,14335.0000,212968,0,0.0000,0.0000,0,0,空换,S,14335.0000,0.0000,0.0000,0.0000,0.0000,14340.0000,0.0000,0.0000,0.0000,0.0000,26,0,0,0,0,155,0,0,0,0
sc,zn1210,2012-06-29 09:03:05.000,14335.0000,212968,0,0.0000,0.0000,0,0,空换,S,14335.0000,0.0000,0.0000,0.0000,0.0000,14340.0000,0.0000,0.0000,0.0000,0.0000,26,0,0,0,0,155,0,0,0,0
sc,zn1210,2012-06-29 09:03:05.500,14335.0000,212966,-2,143350.0000,2.0000,0,2,双平,S,14335.0000,0.0000,0.0000,0.0000,0.0000,14340.0000,0.0000,0.0000,0.0000,0.0000,45,0,0,0,0,155,0,0,0,0
sc,zn1210,2012-06-29 09:03:06.000,14335.0000,212966,0,0.0000,0.0000,0,0,空换,S,14335.0000,0.0000,0.0000,0.0000,0.0000,14340.0000,0.0000,0.0000,0.0000,0.0000,45,0,0,0,0,155,0,0,0,0
sc,zn1210,2012-06-29 09:03:06.500,14335.0000,212956,-10,1003450.0000,14.0000,2,12,多平,S,14335.0000,0.0000,0.0000,0.0000,0.0000,14340.0000,0.0000,0.0000,0.0000,0.0000,38,0,0,0,0,155,0,0,0,0
sc,zn1210,2012-06-29 09:03:07.000,14340.0000,212958,2,286800.0000,4.0000,3,1,多开,B,14335.0000,0.0000,0.0000,0.0000,0.0000,14340.0000,0.0000,0.0000,0.0000,0.0000,38,0,0,0,0,153,0,0,0,0
sc,zn1210,2012-06-29 09:03:07.500,14340.0000,212958,0,0.0000,0.0000,0,0,多换,B,14335.0000,0.0000,0.0000,0.0000,0.0000,14340.0000,0.0000,0.0000,0.0000,0.0000,38,0,0,0,0,153,0,0,0,0
sc,zn1210,2012-06-29 09:03:08.000,14340.0000,212966,8,573600.0000,8.0000,8,0,双开,B,14335.0000,0.0000,0.0000,0.0000,0.0000,14340.0000,0.0000,0.0000,0.0000,0.0000,38,0,0,0,0,149,0,0,0,0
sc,zn1210,2012-06-29 09:03:08.500,14340.0000,212966,0,143400.0000,2.0000,1,1,多换,B,14335.0000,0.0000,0.0000,0.0000,0.0000,14340.0000,0.0000,0.0000,0.0000,0.0000,38,0,0,0,0,148,0,0,0,0
sc,zn1210,2012-06-29 09:03:09.000,14340.0000,212964,-2,430200.0000,6.0000,2,4,空平,B,14335.0000,0.0000,0.0000,0.0000,0.0000,14340.0000,0.0000,0.0000,0.0000,0.0000,41,0,0,0,0,145,0,0,0,0
sc,zn1210,2012-06-29 09:03:10.000,14335.0000,212964,0,716750.0000,10.0000,5,5,空换,S,14335.0000,0.0000,0.0000,0.0000,0.0000,14340.0000,0.0000,0.0000,0.0000,0.0000,36,0,0,0,0,246,0,0,0,0
sc,zn1210,2012-06-29 09:03:10.500,14335.0000,212964,0,0.0000,0.0000,0,0,空换,S,14335.0000,0.0000,0.0000,0.0000,0.0000,14340.0000,0.0000,0.0000,0.0000,0.0000,36,0,0,0,0,259,0,0,0,0
sc,zn1210,2012-06-29 09:03:11.000,14340.0000,212962,-2,286750.0000,4.0000,1,3,空平,B,14335.0000,0.0000,0.0000,0.0000,0.0000,14340.0000,0.0000,0.0000,0.0000,0.0000,35,0,0,0,0,258,0,0,0,0
sc,zn1210,2012-06-29 09:03:11.500,14335.0000,212932,-30,2580800.0000,36.0000,3,33,多平,S,14335.0000,0.0000,0.0000,0.0000,0.0000,14340.0000,0.0000,0.0000,0.0000,0.0000,27,0,0,0,0,248,0,0,0,0
sc,zn1210,2012-06-29 09:03:12.000,14335.0000,212938,6,3583750.0000,50.0000,28,22,空开,S,14335.0000,0.0000,0.0000,0.0000,0.0000,14340.0000,0.0000,0.0000,0.0000,0.0000,2,0,0,0,0,248,0,0,0,0
sc,zn1210,2012-06-29 09:03:12.500,14335.0000,212940,2,143350.0000,2.0000,2,0,双开,S,14335.0000,0.0000,0.0000,0.0000,0.0000,14340.0000,0.0000,0.0000,0.0000,0.0000,1,0,0,0,0,245,0,0,0,0
sc,zn1210,2012-06-29 09:03:13.000,14335.0000,212942,2,143350.0000,2.0000,2,0,双开,S,14330.0000,0.0000,0.0000,0.0000,0.0000,14335.0000,0.0000,0.0000,0.0000,0.0000,106,0,0,0,0,19,0,0,0,0
sc,zn1210,2012-06-29 09:03:13.500,14335.0000,212944,2,286700.0000,4.0000,3,1,空开,S,14330.0000,0.0000,0.0000,0.0000,0.0000,14335.0000,0.0000,0.0000,0.0000,0.0000,106,0,0,0,0,17,0,0,0,0
sc,zn1210,2012-06-29 09:03:14.000,14330.0000,212944,0,429950.0000,6.0000,3,3,空换,S,14330.0000,0.0000,0.0000,0.0000,0.0000,14335.0000,0.0000,0.0000,0.0000,0.0000,104,0,0,0,0,34,0,0,0,0
sc,zn1210,2012-06-29 09:03:14.500,14335.0000,212942,-2,1003450.0000,14.0000,6,8,空平,B,14330.0000,0.0000,0.0000,0.0000,0.0000,14335.0000,0.0000,0.0000,0.0000,0.0000,108,0,0,0,0,27,0,0,0,0
sc,zn1210,2012-06-29 09:03:15.000,14335.0000,212942,0,0.0000,0.0000,0,0,多换,B,14330.0000,0.0000,0.0000,0.0000,0.0000,14335.0000,0.0000,0.0000,0.0000,0.0000,108,0,0,0,0,27,0,0,0,0
sc,zn1210,2012-06-29 09:03:15.500,14335.0000,212942,0,143350.0000,2.0000,1,1,多换,B,14330.0000,0.0000,0.0000,0.0000,0.0000,14335.0000,0.0000,0.0000,0.0000,0.0000,109,0,0,0,0,56,0,0,0,0
sc,zn1210,2012-06-29 09:03:16.000,14335.0000,212942,0,143350.0000,2.0000,1,1,多换,B,14330.0000,0.0000,0.0000,0.0000,0.0000,14335.0000,0.0000,0.0000,0.0000,0.0000,109,0,0,0,0,55,0,0,0,0
sc,zn1210,2012-06-29 09:03:16.500,14335.0000,212942,0,0.0000,0.0000,0,0,多换,B,14330.0000,0.0000,0.0000,0.0000,0.0000,14335.0000,0.0000,0.0000,0.0000,0.0000,93,0,0,0,0,55,0,0,0,0
sc,zn1210,2012-06-29 09:03:17.000,14330.0000,212944,2,143300.0000,2.0000,2,0,双开,S,14330.0000,0.0000,0.0000,0.0000,0.0000,14335.0000,0.0000,0.0000,0.0000,0.0000,92,0,0,0,0,59,0,0,0,0
sc,zn1210,2012-06-29 09:03:17.500,14330.0000,212944,0,0.0000,0.0000,0,0,空换,S,14330.0000,0.0000,0.0000,0.0000,0.0000,14335.0000,0.0000,0.0000,0.0000,0.0000,92,0,0,0,0,60,0,0,0,0
sc,zn1210,2012-06-29 09:03:18.000,14330.0000,212944,0,0.0000,0.0000,0,0,空换,S,14330.0000,0.0000,0.0000,0.0000,0.0000,14335.0000,0.0000,0.0000,0.0000,0.0000,92,0,0,0,0,75,0,0,0,0
sc,zn1210,2012-06-29 09:03:18.500,14330.0000,212944,0,0.0000,0.0000,0,0,空换,S,14330.0000,0.0000,0.0000,0.0000,0.0000,14335.0000,0.0000,0.0000,0.0000,0.0000,92,0,0,0,0,76,0,0,0,0
sc,zn1210,2012-06-29 09:03:19.000,14330.0000,212944,0,0.0000,0.0000,0,0,空换,S,14330.0000,0.0000,0.0000,0.0000,0.0000,14335.0000,0.0000,0.0000,0.0000,0.0000,92,0,0,0,0,60,0,0,0,0
sc,zn1210,2012-06-29 09:03:19.500,14335.0000,212944,0,1433500.0000,20.0000,10,10,多换,B,14330.0000,0.0000,0.0000,0.0000,0.0000,14335.0000,0.0000,0.0000,0.0000,0.0000,92,0,0,0,0,50,0,0,0,0
sc,zn1210,2012-06-29 09:03:20.000,14335.0000,212954,10,1720200.0000,24.0000,17,7,多开,B,14330.0000,0.0000,0.0000,0.0000,0.0000,14335.0000,0.0000,0.0000,0.0000,0.0000,93,0,0,0,0,44,0,0,0,0
sc,zn1210,2012-06-29 09:03:20.500,14335.0000,212954,0,0.0000,0.0000,0,0,多换,B,14330.0000,0.0000,0.0000,0.0000,0.0000,14335.0000,0.0000,0.0000,0.0000,0.0000,193,0,0,0,0,55,0,0,0,0
sc,zn1210,2012-06-29 09:03:21.000,14335.0000,212964,10,716750.0000,10.0000,10,0,双开,B,14330.0000,0.0000,0.0000,0.0000,0.0000,14335.0000,0.0000,0.0000,0.0000,0.0000,195,0,0,0,0,50,0,0,0,0
sc,zn1210,2012-06-29 09:03:21.500,14330.0000,212976,12,860050.0000,12.0000,12,0,双开,S,14330.0000,0.0000,0.0000,0.0000,0.0000,14335.0000,0.0000,0.0000,0.0000,0.0000,194,0,0,0,0,35,0,0,0,0
sc,zn1210,2012-06-29 09:03:22.000,14335.0000,212978,2,143350.0000,2.0000,2,0,双开,B,14330.0000,0.0000,0.0000,0.0000,0.0000,14335.0000,0.0000,0.0000,0.0000,0.0000,197,0,0,0,0,44,0,0,0,0
sc,zn1210,2012-06-29 09:03:22.500,14340.0000,212602,-376,40579950.0000,566.0000,95,471,空平,B,14340.0000,0.0000,0.0000,0.0000,0.0000,14345.0000,0.0000,0.0000,0.0000,0.0000,17,0,0,0,0,46,0,0,0,0
sc,zn1210,2012-06-29 09:03:23.000,14335.0000,212620,18,3871300.0000,54.0000,36,18,空开,S,14330.0000,0.0000,0.0000,0.0000,0.0000,14335.0000,0.0000,0.0000,0.0000,0.0000,197,0,0,0,0,8,0,0,0,0
sc,zn1210,2012-06-29 09:03:23.500,14330.0000,212648,28,6878750.0000,96.0000,62,34,空开,S,14330.0000,0.0000,0.0000,0.0000,0.0000,14335.0000,0.0000,0.0000,0.0000,0.0000,156,0,0,0,0,3,0,0,0,0
sc,zn1210,2012-06-29 09:03:24.000,14335.0000,212628,-20,2150000.0000,30.0000,5,25,空平,B,14335.0000,0.0000,0.0000,0.0000,0.0000,14340.0000,0.0000,0.0000,0.0000,0.0000,22,0,0,0,0,56,0,0,0,0
sc,zn1210,2012-06-29 09:03:24.500,14335.0000,212630,2,143350.0000,2.0000,2,0,双开,B,14335.0000,0.0000,0.0000,0.0000,0.0000,14340.0000,0.0000,0.0000,0.0000,0.0000,99,0,0,0,0,56,0,0,0,0
sc,zn1210,2012-06-29 09:03:25.000,14335.0000,212638,8,573400.0000,8.0000,8,0,双开,B,14335.0000,0.0000,0.0000,0.0000,0.0000,14340.0000,0.0000,0.0000,0.0000,0.0000,117,0,0,0,0,52,0,0,0,0
sc,zn1210,2012-06-29 09:03:25.500,14335.0000,212638,0,0.0000,0.0000,0,0,多换,B,14335.0000,0.0000,0.0000,0.0000,0.0000,14340.0000,0.0000,0.0000,0.0000,0.0000,117,0,0,0,0,55,0,0,0,0
sc,zn1210,2012-06-29 09:03:26.000,14335.0000,212638,0,286700.0000,4.0000,2,2,多换,B,14335.0000,0.0000,0.0000,0.0000,0.0000,14340.0000,0.0000,0.0000,0.0000,0.0000,115,0,0,0,0,55,0,0,0,0
sc,zn1210,2012-06-29 09:03:26.500,14335.0000,212640,2,143350.0000,2.0000,2,0,双开,B,14335.0000,0.0000,0.0000,0.0000,0.0000,14340.0000,0.0000,0.0000,0.0000,0.0000,96,0,0,0,0,52,0,0,0,0
sc,zn1210,2012-06-29 09:03:27.000,14335.0000,212640,0,0.0000,0.0000,0,0,多换,B,14335.0000,0.0000,0.0000,0.0000,0.0000,14340.0000,0.0000,0.0000,0.0000,0.0000,97,0,0,0,0,52,0,0,0,0
sc,zn1210,2012-06-29 09:03:27.500,14335.0000,212640,0,0.0000,0.0000,0,0,多换,B,14335.0000,0.0000,0.0000,0.0000,0.0000,14340.0000,0.0000,0.0000,0.0000,0.0000,97,0,0,0,0,52,0,0,0,0
sc,zn1210,2012-06-29 09:03:28.500,14335.0000,212640,0,0.0000,0.0000,0,0,多换,B,14335.0000,0.0000,0.0000,0.0000,0.0000,14340.0000,0.0000,0.0000,0.0000,0.0000,97,0,0,0,0,62,0,0,0,0
sc,zn1210,2012-06-29 09:03:29.000,14335.0000,212642,2,286700.0000,4.0000,3,1,多开,B,14335.0000,0.0000,0.0000,0.0000,0.0000,14340.0000,0.0000,0.0000,0.0000,0.0000,95,0,0,0,0,62,0,0,0,0
sc,zn1210,2012-06-29 09:03:29.500,14340.0000,212644,2,143400.0000,2.0000,2,0,双开,B,14335.0000,0.0000,0.0000,0.0000,0.0000,14340.0000,0.0000,0.0000,0.0000,0.0000,100,0,0,0,0,61,0,0,0,0
sc,zn1210,2012-06-29 09:03:30.000,14335.0000,212644,0,286700.0000,4.0000,2,2,空换,S,14335.0000,0.0000,0.0000,0.0000,0.0000,14340.0000,0.0000,0.0000,0.0000,0.0000,99,0,0,0,0,61,0,0,0,0
sc,zn1210,2012-06-29 09:03:30.500,14335.0000,212644,0,0.0000,0.0000,0,0,空换,S,14335.0000,0.0000,0.0000,0.0000,0.0000,14340.0000,0.0000,0.0000,0.0000,0.0000,99,0,0,0,0,61,0,0,0,0
sc,zn1210,2012-06-29 09:03:31.000,14335.0000,212750,106,7597550.0000,106.0000,106,0,双开,S,14335.0000,0.0000,0.0000,0.0000,0.0000,14340.0000,0.0000,0.0000,0.0000,0.0000,46,0,0,0,0,61,0,0,0,0
sc,zn1210,2012-06-29 09:03:31.500,14335.0000,212750,0,0.0000,0.0000,0,0,空换,S,14335.0000,0.0000,0.0000,0.0000,0.0000,14340.0000,0.0000,0.0000,0.0000,0.0000,42,0,0,0,0,83,0,0,0,0
sc,zn1210,2012-06-29 09:03:32.000,14335.0000,212760,10,716750.0000,10.0000,10,0,双开,S,14335.0000,0.0000,0.0000,0.0000,0.0000,14340.0000,0.0000,0.0000,0.0000,0.0000,37,0,0,0,0,79,0,0,0,0
sc,zn1210,2012-06-29 09:03:32.500,14335.0000,212746,-14,3010400.0000,42.0000,14,28,多平,S,14330.0000,0.0000,0.0000,0.0000,0.0000,14340.0000,0.0000,0.0000,0.0000,0.0000,178,0,0,0,0,78,0,0,0,0
sc,zn1210,2012-06-29 09:03:33.000,14335.0000,212746,0,0.0000,0.0000,0,0,空换,S,14330.0000,0.0000,0.0000,0.0000,0.0000,14340.0000,0.0000,0.0000,0.0000,0.0000,176,0,0,0,0,78,0,0,0,0
sc,zn1210,2012-06-29 09:03:33.500,14335.0000,212744,-2,286750.0000,4.0000,1,3,多平,S,14330.0000,0.0000,0.0000,0.0000,0.0000,14335.0000,0.0000,0.0000,0.0000,0.0000,176,0,0,0,0,19,0,0,0,0
sc,zn1210,2012-06-29 09:03:34.000,14335.0000,212744,0,0.0000,0.0000,0,0,空换,S,14330.0000,0.0000,0.0000,0.0000,0.0000,14335.0000,0.0000,0.0000,0.0000,0.0000,176,0,0,0,0,19,0,0,0,0
sc,zn1210,2012-06-29 09:03:34.500,14330.0000,212742,-2,143300.0000,2.0000,0,2,双平,S,14330.0000,0.0000,0.0000,0.0000,0.0000,14335.0000,0.0000,0.0000,0.0000,0.0000,175,0,0,0,0,19,0,0,0,0
sc,zn1210,2012-06-29 09:03:35.000,14335.0000,212742,0,143350.0000,2.0000,1,1,多换,B,14330.0000,0.0000,0.0000,0.0000,0.0000,14335.0000,0.0000,0.0000,0.0000,0.0000,175,0,0,0,0,18,0,0,0,0
sc,zn1210,2012-06-29 09:03:35.500,14330.0000,212738,-4,286600.0000,4.0000,0,4,双平,S,14330.0000,0.0000,0.0000,0.0000,0.0000,14335.0000,0.0000,0.0000,0.0000,0.0000,173,0,0,0,0,102,0,0,0,0
sc,zn1210,2012-06-29 09:03:36.000,14335.0000,212734,-4,286700.0000,4.0000,0,4,双平,B,14330.0000,0.0000,0.0000,0.0000,0.0000,14335.0000,0.0000,0.0000,0.0000,0.0000,173,0,0,0,0,100,0,0,0,0
sc,zn1210,2012-06-29 09:03:36.500,14335.0000,212734,0,0.0000,0.0000,0,0,多换,B,14330.0000,0.0000,0.0000,0.0000,0.0000,14335.0000,0.0000,0.0000,0.0000,0.0000,173,0,0,0,0,100,0,0,0,0
sc,zn1210,2012-06-29 09:03:37.000,14330.0000,212732,-2,143300.0000,2.0000,0,2,双平,S,14330.0000,0.0000,0.0000,0.0000,0.0000,14335.0000,0.0000,0.0000,0.0000,0.0000,173,0,0,0,0,107,0,0,0,0
sc,zn1210,2012-06-29 09:03:37.500,14330.0000,212732,0,0.0000,0.0000,0,0,空换,S,14330.0000,0.0000,0.0000,0.0000,0.0000,14335.0000,0.0000,0.0000,0.0000,0.0000,173,0,0,0,0,107,0,0,0,0
sc,zn1210,2012-06-29 09:03:38.000,14335.0000,212732,0,143350.0000,2.0000,1,1,多换,B,14330.0000,0.0000,0.0000,0.0000,0.0000,14335.0000,0.0000,0.0000,0.0000,0.0000,173,0,0,0,0,106,0,0,0,0
sc,zn1210,2012-06-29 09:03:38.500,14335.0000,212732,0,0.0000,0.0000,0,0,多换,B,14330.0000,0.0000,0.0000,0.0000,0.0000,14335.0000,0.0000,0.0000,0.0000,0.0000,175,0,0,0,0,107,0,0,0,0
sc,zn1210,2012-06-29 09:03:39.000,14335.0000,212712,-20,1576850.0000,22.0000,1,21,空平,B,14330.0000,0.0000,0.0000,0.0000,0.0000,14335.0000,0.0000,0.0000,0.0000,0.0000,175,0,0,0,0,96,0,0,0,0
sc,zn1210,2012-06-29 09:03:39.500,14335.0000,212712,0,143350.0000,2.0000,1,1,多换,B,14330.0000,0.0000,0.0000,0.0000,0.0000,14335.0000,0.0000,0.0000,0.0000,0.0000,175,0,0,0,0,95,0,0,0,0
sc,zn1210,2012-06-29 09:03:40.000,14330.0000,212712,0,286600.0000,4.0000,2,2,空换,S,14330.0000,0.0000,0.0000,0.0000,0.0000,14335.0000,0.0000,0.0000,0.0000,0.0000,174,0,0,0,0,88,0,0,0,0
sc,zn1210,2012-06-29 09:03:40.500,14330.0000,212712,0,0.0000,0.0000,0,0,空换,S,14330.0000,0.0000,0.0000,0.0000,0.0000,14335.0000,0.0000,0.0000,0.0000,0.0000,174,0,0,0,0,88,0,0,0,0
sc,zn1210,2012-06-29 09:03:41.000,14330.0000,212712,0,0.0000,0.0000,0,0,空换,S,14330.0000,0.0000,0.0000,0.0000,0.0000,14335.0000,0.0000,0.0000,0.0000,0.0000,174,0,0,0,0,88,0,0,0,0
sc,zn1210,2012-06-29 09:03:41.500,14335.0000,212712,0,143350.0000,2.0000,1,1,多换,B,14330.0000,0.0000,0.0000,0.0000,0.0000,14335.0000,0.0000,0.0000,0.0000,0.0000,173,0,0,0,0,97,0,0,0,0
sc,zn1210,2012-06-29 09:03:42.000,14335.0000,212714,2,573350.0000,8.0000,5,3,多开,B,14330.0000,0.0000,0.0000,0.0000,0.0000,14335.0000,0.0000,0.0000,0.0000,0.0000,181,0,0,0,0,104,0,0,0,0
sc,zn1210,2012-06-29 09:03:42.500,14335.0000,212714,0,0.0000,0.0000,0,0,多换,B,14330.0000,0.0000,0.0000,0.0000,0.0000,14335.0000,0.0000,0.0000,0.0000,0.0000,181,0,0,0,0,164,0,0,0,0
sc,zn1210,2012-06-29 09:03:43.000,14330.0000,212716,2,286600.0000,4.0000,3,1,空开,S,14330.0000,0.0000,0.0000,0.0000,0.0000,14335.0000,0.0000,0.0000,0.0000,0.0000,179,0,0,0,0,167,0,0,0,0
sc,zn1210,2012-06-29 09:03:43.500,14330.0000,212716,0,0.0000,0.0000,0,0,空换,S,14330.0000,0.0000,0.0000,0.0000,0.0000,14335.0000,0.0000,0.0000,0.0000,0.0000,180,0,0,0,0,167,0,0,0,0
sc,zn1210,2012-06-29 09:03:44.000,14330.0000,212732,16,1289700.0000,18.0000,17,1,空开,S,14330.0000,0.0000,0.0000,0.0000,0.0000,14335.0000,0.0000,0.0000,0.0000,0.0000,174,0,0,0,0,172,0,0,0,0
sc,zn1210,2012-06-29 09:03:44.500,14330.0000,212732,0,143300.0000,2.0000,1,1,空换,S,14330.0000,0.0000,0.0000,0.0000,0.0000,14335.0000,0.0000,0.0000,0.0000,0.0000,173,0,0,0,0,173,0,0,0,0
sc,zn1210,2012-06-29 09:03:45.000,14330.0000,212732,0,0.0000,0.0000,0,0,空换,S,14330.0000,0.0000,0.0000,0.0000,0.0000,14335.0000,0.0000,0.0000,0.0000,0.0000,173,0,0,0,0,173,0,0,0,0
sc,zn1210,2012-06-29 09:03:45.500,14330.0000,212732,0,0.0000,0.0000,0,0,空换,S,14330.0000,0.0000,0.0000,0.0000,0.0000,14335.0000,0.0000,0.0000,0.0000,0.0000,173,0,0,0,0,180,0,0,0,0
sc,zn1210,2012-06-29 09:03:46.000,14330.0000,212732,0,0.0000,0.0000,0,0,空换,S,14330.0000,0.0000,0.0000,0.0000,0.0000,14335.0000,0.0000,0.0000,0.0000,0.0000,173,0,0,0,0,180,0,0,0,0
sc,zn1210,2012-06-29 09:03:46.500,14335.0000,212730,-2,143350.0000,2.0000,0,2,双平,B,14330.0000,0.0000,0.0000,0.0000,0.0000,14335.0000,0.0000,0.0000,0.0000,0.0000,173,0,0,0,0,179,0,0,0,0
sc,zn1210,2012-06-29 09:03:47.000,14335.0000,212730,0,0.0000,0.0000,0,0,多换,B,14330.0000,0.0000,0.0000,0.0000,0.0000,14335.0000,0.0000,0.0000,0.0000,0.0000,174,0,0,0,0,189,0,0,0,0
sc,zn1210,2012-06-29 09:03:47.500,14335.0000,212730,0,0.0000,0.0000,0,0,多换,B,14330.0000,0.0000,0.0000,0.0000,0.0000,14335.0000,0.0000,0.0000,0.0000,0.0000,174,0,0,0,0,189,0,0,0,0
sc,zn1210,2012-06-29 09:03:48.000,14330.0000,212732,2,286650.0000,4.0000,3,1,空开,S,14330.0000,0.0000,0.0000,0.0000,0.0000,14335.0000,0.0000,0.0000,0.0000,0.0000,173,0,0,0,0,188,0,0,0,0
sc,zn1210,2012-06-29 09:03:48.500,14330.0000,212732,0,0.0000,0.0000,0,0,空换,S,14330.0000,0.0000,0.0000,0.0000,0.0000,14335.0000,0.0000,0.0000,0.0000,0.0000,173,0,0,0,0,188,0,0,0,0
sc,zn1210,2012-06-29 09:03:49.000,14330.0000,212732,0,0.0000,0.0000,0,0,空换,S,14330.0000,0.0000,0.0000,0.0000,0.0000,14335.0000,0.0000,0.0000,0.0000,0.0000,172,0,0,0,0,188,0,0,0,0
sc,zn1210,2012-06-29 09:03:49.500,14330.0000,212708,-24,4728900.0000,66.0000,21,45,多平,S,14330.0000,0.0000,0.0000,0.0000,0.0000,14335.0000,0.0000,0.0000,0.0000,0.0000,139,0,0,0,0,191,0,0,0,0
sc,zn1210,2012-06-29 09:03:50.500,14330.0000,212708,0,0.0000,0.0000,0,0,空换,S,14330.0000,0.0000,0.0000,0.0000,0.0000,14335.0000,0.0000,0.0000,0.0000,0.0000,139,0,0,0,0,191,0,0,0,0
sc,zn1210,2012-06-29 09:03:51.000,14330.0000,212708,0,429900.0000,6.0000,3,3,空换,S,14330.0000,0.0000,0.0000,0.0000,0.0000,14335.0000,0.0000,0.0000,0.0000,0.0000,146,0,0,0,0,191,0,0,0,0
sc,zn1210,2012-06-29 09:03:51.500,14335.0000,212704,-4,3439250.0000,48.0000,22,26,空平,B,14330.0000,0.0000,0.0000,0.0000,0.0000,14335.0000,0.0000,0.0000,0.0000,0.0000,124,0,0,0,0,190,0,0,0,0
sc,zn1210,2012-06-29 09:03:52.000,14330.0000,212704,0,143300.0000,2.0000,1,1,空换,S,14330.0000,0.0000,0.0000,0.0000,0.0000,14335.0000,0.0000,0.0000,0.0000,0.0000,123,0,0,0,0,190,0,0,0,0
sc,zn1210,2012-06-29 09:03:52.500,14330.0000,212704,0,2866000.0000,40.0000,20,20,空换,S,14330.0000,0.0000,0.0000,0.0000,0.0000,14335.0000,0.0000,0.0000,0.0000,0.0000,103,0,0,0,0,190,0,0,0,0
sc,zn1210,2012-06-29 09:03:53.000,14330.0000,212704,0,0.0000,0.0000,0,0,空换,S,14330.0000,0.0000,0.0000,0.0000,0.0000,14335.0000,0.0000,0.0000,0.0000,0.0000,103,0,0,0,0,191,0,0,0,0
sc,zn1210,2012-06-29 09:03:54.000,14330.0000,212706,2,429950.0000,6.0000,4,2,空开,S,14330.0000,0.0000,0.0000,0.0000,0.0000,14335.0000,0.0000,0.0000,0.0000,0.0000,101,0,0,0,0,191,0,0,0,0
sc,zn1210,2012-06-29 09:03:54.500,14330.0000,212706,0,0.0000,0.0000,0,0,空换,S,14330.0000,0.0000,0.0000,0.0000,0.0000,14335.0000,0.0000,0.0000,0.0000,0.0000,101,0,0,0,0,191,0,0,0,0
sc,zn1210,2012-06-29 09:03:55.000,14330.0000,212704,-2,143300.0000,2.0000,0,2,双平,S,14330.0000,0.0000,0.0000,0.0000,0.0000,14335.0000,0.0000,0.0000,0.0000,0.0000,100,0,0,0,0,191,0,0,0,0
sc,zn1210,2012-06-29 09:03:55.500,14330.0000,212704,0,143300.0000,2.0000,1,1,空换,S,14330.0000,0.0000,0.0000,0.0000,0.0000,14335.0000,0.0000,0.0000,0.0000,0.0000,99,0,0,0,0,192,0,0,0,0
sc,zn1210,2012-06-29 09:03:56.000,14330.0000,212702,-2,3439350.0000,48.0000,23,25,多平,S,14330.0000,0.0000,0.0000,0.0000,0.0000,14335.0000,0.0000,0.0000,0.0000,0.0000,78,0,0,0,0,192,0,0,0,0
sc,zn1210,2012-06-29 09:03:56.500,14330.0000,212698,-4,2149750.0000,30.0000,13,17,多平,S,14330.0000,0.0000,0.0000,0.0000,0.0000,14335.0000,0.0000,0.0000,0.0000,0.0000,68,0,0,0,0,180,0,0,0,0
sc,zn1210,2012-06-29 09:03:57.000,14330.0000,212702,4,2866000.0000,40.0000,22,18,空开,S,14330.0000,0.0000,0.0000,0.0000,0.0000,14335.0000,0.0000,0.0000,0.0000,0.0000,48,0,0,0,0,177,0,0,0,0
sc,zn1210,2012-06-29 09:03:57.500,14330.0000,212690,-12,6878400.0000,96.0000,42,54,多平,S,14325.0000,0.0000,0.0000,0.0000,0.0000,14330.0000,0.0000,0.0000,0.0000,0.0000,161,0,0,0,0,23,0,0,0,0
sc,zn1210,2012-06-29 09:03:58.000,14330.0000,212728,38,2866000.0000,40.0000,39,1,空开,S,14325.0000,0.0000,0.0000,0.0000,0.0000,14330.0000,0.0000,0.0000,0.0000,0.0000,161,0,0,0,0,8,0,0,0,0
sc,zn1210,2012-06-29 09:03:58.500,14330.0000,212728,0,0.0000,0.0000,0,0,空换,S,14325.0000,0.0000,0.0000,0.0000,0.0000,14330.0000,0.0000,0.0000,0.0000,0.0000,161,0,0,0,0,8,0,0,0,0
sc,zn1210,2012-06-29 09:03:59.000,14330.0000,212728,0,0.0000,0.0000,0,0,空换,S,14325.0000,0.0000,0.0000,0.0000,0.0000,14330.0000,0.0000,0.0000,0.0000,0.0000,161,0,0,0,0,31,0,0,0,0
sc,zn1210,2012-06-29 09:03:59.500,14330.0000,212748,20,1433000.0000,20.0000,20,0,双开,S,14325.0000,0.0000,0.0000,0.0000,0.0000,14330.0000,0.0000,0.0000,0.0000,0.0000,161,0,0,0,0,22,0,0,0,0
sc,zn1210,2012-06-29 09:04:00.000,14330.0000,212748,0,0.0000,0.0000,0,0,空换,S,14325.0000,0.0000,0.0000,0.0000,0.0000,14330.0000,0.0000,0.0000,0.0000,0.0000,161,0,0,0,0,22,0,0,0,0
sc,zn1210,2012-06-29 09:04:00.500,14330.0000,212748,0,0.0000,0.0000,0,0,空换,S,14325.0000,0.0000,0.0000,0.0000,0.0000,14330.0000,0.0000,0.0000,0.0000,0.0000,161,0,0,0,0,23,0,0,0,0
sc,zn1210,2012-06-29 09:04:01.000,14330.0000,212748,0,1433000.0000,20.0000,10,10,空换,S,14325.0000,0.0000,0.0000,0.0000,0.0000,14330.0000,0.0000,0.0000,0.0000,0.0000,165,0,0,0,0,13,0,0,0,0
sc,zn1210,2012-06-29 09:04:01.500,14330.0000,212748,0,0.0000,0.0000,0,0,空换,S,14325.0000,0.0000,0.0000,0.0000,0.0000,14330.0000,0.0000,0.0000,0.0000,0.0000,165,0,0,0,0,9,0,0,0,0
sc,zn1210,2012-06-29 09:04:02.000,14330.0000,212766,18,1433000.0000,20.0000,19,1,空开,S,14325.0000,0.0000,0.0000,0.0000,0.0000,14330.0000,0.0000,0.0000,0.0000,0.0000,165,0,0,0,0,5,0,0,0,0
sc,zn1210,2012-06-29 09:04:03.000,14325.0000,212768,2,143250.0000,2.0000,2,0,双开,S,14325.0000,0.0000,0.0000,0.0000,0.0000,14330.0000,0.0000,0.0000,0.0000,0.0000,164,0,0,0,0,5,0,0,0,0
sc,zn1210,2012-06-29 09:04:03.500,14330.0000,212770,2,716500.0000,10.0000,6,4,多开,B,14330.0000,0.0000,0.0000,0.0000,0.0000,14335.0000,0.0000,0.0000,0.0000,0.0000,13,0,0,0,0,89,0,0,0,0
sc,zn1210,2012-06-29 09:04:04.000,14330.0000,212770,0,0.0000,0.0000,0,0,多换,B,14330.0000,0.0000,0.0000,0.0000,0.0000,14335.0000,0.0000,0.0000,0.0000,0.0000,14,0,0,0,0,89,0,0,0,0
sc,zn1210,2012-06-29 09:04:04.500,14330.0000,212776,6,429900.0000,6.0000,6,0,双开,B,14330.0000,0.0000,0.0000,0.0000,0.0000,14335.0000,0.0000,0.0000,0.0000,0.0000,20,0,0,0,0,89,0,0,0,0
sc,zn1210,2012-06-29 09:04:05.000,14330.0000,212776,0,0.0000,0.0000,0,0,多换,B,14330.0000,0.0000,0.0000,0.0000,0.0000,14335.0000,0.0000,0.0000,0.0000,0.0000,22,0,0,0,0,92,0,0,0,0
sc,zn1210,2012-06-29 09:04:05.500,14330.0000,212776,0,0.0000,0.0000,0,0,多换,B,14330.0000,0.0000,0.0000,0.0000,0.0000,14335.0000,0.0000,0.0000,0.0000,0.0000,36,0,0,0,0,92,0,0,0,0
sc,zn1210,2012-06-29 09:04:06.000,14330.0000,212774,-2,1576300.0000,22.0000,10,12,空平,B,14330.0000,0.0000,0.0000,0.0000,0.0000,14335.0000,0.0000,0.0000,0.0000,0.0000,26,0,0,0,0,92,0,0,0,0
sc,zn1210,2012-06-29 09:04:06.500,14330.0000,212770,-4,286600.0000,4.0000,0,4,双平,B,14330.0000,0.0000,0.0000,0.0000,0.0000,14335.0000,0.0000,0.0000,0.0000,0.0000,46,0,0,0,0,92,0,0,0,0
sc,zn1210,2012-06-29 09:04:07.000,14330.0000,212768,-2,429900.0000,6.0000,2,4,空平,B,14330.0000,0.0000,0.0000,0.0000,0.0000,14335.0000,0.0000,0.0000,0.0000,0.0000,143,0,0,0,0,92,0,0,0,0
sc,zn1210,2012-06-29 09:04:07.500,14330.0000,212768,0,0.0000,0.0000,0,0,多换,B,14330.0000,0.0000,0.0000,0.0000,0.0000,14335.0000,0.0000,0.0000,0.0000,0.0000,147,0,0,0,0,92,0,0,0,0
sc,zn1210,2012-06-29 09:04:08.000,14330.0000,212768,0,0.0000,0.0000,0,0,多换,B,14330.0000,0.0000,0.0000,0.0000,0.0000,14335.0000,0.0000,0.0000,0.0000,0.0000,150,0,0,0,0,92,0,0,0,0
sc,zn1210,2012-06-29 09:04:08.500,14330.0000,212768,0,0.0000,0.0000,0,0,多换,B,14330.0000,0.0000,0.0000,0.0000,0.0000,14335.0000,0.0000,0.0000,0.0000,0.0000,150,0,0,0,0,95,0,0,0,0
sc,zn1210,2012-06-29 09:04:09.000,14330.0000,212768,0,429900.0000,6.0000,3,3,多换,B,14330.0000,0.0000,0.0000,0.0000,0.0000,14335.0000,0.0000,0.0000,0.0000,0.0000,197,0,0,0,0,95,0,0,0,0
sc,zn1210,2012-06-29 09:04:09.500,14330.0000,212768,0,143300.0000,2.0000,1,1,多换,B,14330.0000,0.0000,0.0000,0.0000,0.0000,14335.0000,0.0000,0.0000,0.0000,0.0000,198,0,0,0,0,95,0,0,0,0
sc,zn1210,2012-06-29 09:04:10.000,14330.0000,212768,0,0.0000,0.0000,0,0,多换,B,14330.0000,0.0000,0.0000,0.0000,0.0000,14335.0000,0.0000,0.0000,0.0000,0.0000,198,0,0,0,0,95,0,0,0,0
sc,zn1210,2012-06-29 09:04:10.500,14330.0000,212770,2,430000.0000,6.0000,4,2,多开,B,14330.0000,0.0000,0.0000,0.0000,0.0000,14335.0000,0.0000,0.0000,0.0000,0.0000,205,0,0,0,0,94,0,0,0,0
sc,zn1210,2012-06-29 09:04:11.000,14335.0000,212772,2,143350.0000,2.0000,2,0,双开,B,14330.0000,0.0000,0.0000,0.0000,0.0000,14335.0000,0.0000,0.0000,0.0000,0.0000,193,0,0,0,0,93,0,0,0,0
sc,zn1210,2012-06-29 09:04:11.500,14335.0000,212774,2,143350.0000,2.0000,2,0,双开,B,14330.0000,0.0000,0.0000,0.0000,0.0000,14335.0000,0.0000,0.0000,0.0000,0.0000,196,0,0,0,0,93,0,0,0,0
sc,zn1210,2012-06-29 09:04:12.000,14335.0000,212774,0,0.0000,0.0000,0,0,多换,B,14330.0000,0.0000,0.0000,0.0000,0.0000,14335.0000,0.0000,0.0000,0.0000,0.0000,196,0,0,0,0,113,0,0,0,0
sc,zn1210,2012-06-29 09:04:12.500,14335.0000,212774,0,0.0000,0.0000,0,0,多换,B,14330.0000,0.0000,0.0000,0.0000,0.0000,14335.0000,0.0000,0.0000,0.0000,0.0000,196,0,0,0,0,113,0,0,0,0
sc,zn1210,2012-06-29 09:04:13.000,14330.0000,212782,8,2292800.0000,32.0000,20,12,空开,S,14330.0000,0.0000,0.0000,0.0000,0.0000,14335.0000,0.0000,0.0000,0.0000,0.0000,180,0,0,0,0,113,0,0,0,0
sc,zn1210,2012-06-29 09:04:13.500,14330.0000,212782,0,0.0000,0.0000,0,0,空换,S,14330.0000,0.0000,0.0000,0.0000,0.0000,14335.0000,0.0000,0.0000,0.0000,0.0000,185,0,0,0,0,112,0,0,0,0
sc,zn1210,2012-06-29 09:04:14.000,14335.0000,212782,0,1433500.0000,20.0000,10,10,多换,B,14330.0000,0.0000,0.0000,0.0000,0.0000,14335.0000,0.0000,0.0000,0.0000,0.0000,186,0,0,0,0,103,0,0,0,0
sc,zn1210,2012-06-29 09:04:14.500,14335.0000,212782,0,0.0000,0.0000,0,0,多换,B,14330.0000,0.0000,0.0000,0.0000,0.0000,14335.0000,0.0000,0.0000,0.0000,0.0000,185,0,0,0,0,103,0,0,0,0
sc,zn1210,2012-06-29 09:04:15.000,14330.0000,212660,-122,8741300.0000,122.0000,0,122,双平,S,14330.0000,0.0000,0.0000,0.0000,0.0000,14335.0000,0.0000,0.0000,0.0000,0.0000,125,0,0,0,0,103,0,0,0,0
sc,zn1210,2012-06-29 09:04:15.500,14330.0000,212660,0,716500.0000,10.0000,5,5,空换,S,14330.0000,0.0000,0.0000,0.0000,0.0000,14335.0000,0.0000,0.0000,0.0000,0.0000,120,0,0,0,0,103,0,0,0,0
sc,zn1210,2012-06-29 09:04:16.000,14330.0000,212648,-12,1719600.0000,24.0000,6,18,多平,S,14330.0000,0.0000,0.0000,0.0000,0.0000,14335.0000,0.0000,0.0000,0.0000,0.0000,108,0,0,0,0,103,0,0,0,0
sc,zn1210,2012-06-29 09:04:16.500,14330.0000,212648,0,0.0000,0.0000,0,0,空换,S,14330.0000,0.0000,0.0000,0.0000,0.0000,14335.0000,0.0000,0.0000,0.0000,0.0000,105,0,0,0,0,103,0,0,0,0
sc,zn1210,2012-06-29 09:04:17.000,14330.0000,212648,0,0.0000,0.0000,0,0,空换,S,14330.0000,0.0000,0.0000,0.0000,0.0000,14335.0000,0.0000,0.0000,0.0000,0.0000,105,0,0,0,0,105,0,0,0,0
sc,zn1210,2012-06-29 09:04:17.500,14330.0000,212648,0,143300.0000,2.0000,1,1,空换,S,14330.0000,0.0000,0.0000,0.0000,0.0000,14335.0000,0.0000,0.0000,0.0000,0.0000,104,0,0,0,0,105,0,0,0,0
sc,zn1210,2012-06-29 09:04:18.000,14330.0000,212644,-4,286600.0000,4.0000,0,4,双平,S,14330.0000,0.0000,0.0000,0.0000,0.0000,14335.0000,0.0000,0.0000,0.0000,0.0000,103,0,0,0,0,105,0,0,0,0
sc,zn1210,2012-06-29 09:04:18.500,14335.0000,212654,10,716750.0000,10.0000,10,0,双开,B,14330.0000,0.0000,0.0000,0.0000,0.0000,14335.0000,0.0000,0.0000,0.0000,0.0000,103,0,0,0,0,100,0,0,0,0
sc,zn1210,2012-06-29 09:04:19.000,14335.0000,212654,0,0.0000,0.0000,0,0,多换,B,14330.0000,0.0000,0.0000,0.0000,0.0000,14335.0000,0.0000,0.0000,0.0000,0.0000,104,0,0,0,0,100,0,0,0,0
sc,zn1210,2012-06-29 09:04:19.500,14330.0000,212644,-10,716500.0000,10.0000,0,10,双平,S,14330.0000,0.0000,0.0000,0.0000,0.0000,14335.0000,0.0000,0.0000,0.0000,0.0000,99,0,0,0,0,100,0,0,0,0
sc,zn1210,2012-06-29 09:04:21.000,14330.0000,212644,0,0.0000,0.0000,0,0,空换,S,14330.0000,0.0000,0.0000,0.0000,0.0000,14335.0000,0.0000,0.0000,0.0000,0.0000,99,0,0,0,0,100,0,0,0,0
sc,zn1210,2012-06-29 09:04:21.500,14330.0000,212644,0,0.0000,0.0000,0,0,空换,S,14330.0000,0.0000,0.0000,0.0000,0.0000,14335.0000,0.0000,0.0000,0.0000,0.0000,100,0,0,0,0,100,0,0,0,0
sc,zn1210,2012-06-29 09:04:22.000,14330.0000,212644,0,0.0000,0.0000,0,0,空换,S,14330.0000,0.0000,0.0000,0.0000,0.0000,14335.0000,0.0000,0.0000,0.0000,0.0000,100,0,0,0,0,100,0,0,0,0
sc,zn1210,2012-06-29 09:04:22.500,14330.0000,212644,0,716500.0000,10.0000,5,5,空换,S,14330.0000,0.0000,0.0000,0.0000,0.0000,14335.0000,0.0000,0.0000,0.0000,0.0000,95,0,0,0,0,100,0,0,0,0
sc,zn1210,2012-06-29 09:04:23.000,14335.0000,212644,0,286700.0000,4.0000,2,2,多换,B,14330.0000,0.0000,0.0000,0.0000,0.0000,14335.0000,0.0000,0.0000,0.0000,0.0000,95,0,0,0,0,98,0,0,0,0
sc,zn1210,2012-06-29 09:04:23.500,14335.0000,212644,0,0.0000,0.0000,0,0,多换,B,14330.0000,0.0000,0.0000,0.0000,0.0000,14335.0000,0.0000,0.0000,0.0000,0.0000,103,0,0,0,0,98,0,0,0,0
sc,zn1210,2012-06-29 09:04:24.000,14335.0000,212644,0,0.0000,0.0000,0,0,多换,B,14330.0000,0.0000,0.0000,0.0000,0.0000,14335.0000,0.0000,0.0000,0.0000,0.0000,103,0,0,0,0,98,0,0,0,0
sc,zn1210,2012-06-29 09:04:24.500,14335.0000,212644,0,430050.0000,6.0000,3,3,多换,B,14330.0000,0.0000,0.0000,0.0000,0.0000,14335.0000,0.0000,0.0000,0.0000,0.0000,104,0,0,0,0,95,0,0,0,0
sc,zn1210,2012-06-29 09:04:25.000,14335.0000,212644,0,0.0000,0.0000,0,0,多换,B,14330.0000,0.0000,0.0000,0.0000,0.0000,14335.0000,0.0000,0.0000,0.0000,0.0000,104,0,0,0,0,95,0,0,0,0
sc,zn1210,2012-06-29 09:04:25.500,14335.0000,212664,20,3726300.0000,52.0000,36,16,多开,B,14330.0000,0.0000,0.0000,0.0000,0.0000,14335.0000,0.0000,0.0000,0.0000,0.0000,98,0,0,0,0,85,0,0,0,0
sc,zn1210,2012-06-29 09:04:26.000,14335.0000,212664,0,0.0000,0.0000,0,0,多换,B,14330.0000,0.0000,0.0000,0.0000,0.0000,14335.0000,0.0000,0.0000,0.0000,0.0000,98,0,0,0,0,87,0,0,0,0
sc,zn1210,2012-06-29 09:04:26.500,14335.0000,212664,0,0.0000,0.0000,0,0,多换,B,14330.0000,0.0000,0.0000,0.0000,0.0000,14335.0000,0.0000,0.0000,0.0000,0.0000,109,0,0,0,0,87,0,0,0,0
sc,zn1210,2012-06-29 09:04:27.500,14335.0000,212664,0,0.0000,0.0000,0,0,多换,B,14330.0000,0.0000,0.0000,0.0000,0.0000,14335.0000,0.0000,0.0000,0.0000,0.0000,110,0,0,0,0,87,0,0,0,0
sc,zn1210,2012-06-29 09:04:28.000,14335.0000,212664,0,0.0000,0.0000,0,0,多换,B,14330.0000,0.0000,0.0000,0.0000,0.0000,14335.0000,0.0000,0.0000,0.0000,0.0000,110,0,0,0,0,92,0,0,0,0
sc,zn1210,2012-06-29 09:04:28.500,14330.0000,212658,-6,1576300.0000,22.0000,8,14,多平,S,14330.0000,0.0000,0.0000,0.0000,0.0000,14335.0000,0.0000,0.0000,0.0000,0.0000,99,0,0,0,0,92,0,0,0,0
sc,zn1210,2012-06-29 09:04:29.500,14335.0000,212658,0,143350.0000,2.0000,1,1,多换,B,14330.0000,0.0000,0.0000,0.0000,0.0000,14335.0000,0.0000,0.0000,0.0000,0.0000,111,0,0,0,0,91,0,0,0,0
sc,zn1210,2012-06-29 09:04:30.500,14335.0000,212678,20,1433500.0000,20.0000,20,0,双开,B,14330.0000,0.0000,0.0000,0.0000,0.0000,14335.0000,0.0000,0.0000,0.0000,0.0000,111,0,0,0,0,81,0,0,0,0
sc,zn1210,2012-06-29 09:04:31.000,14335.0000,212678,0,0.0000,0.0000,0,0,多换,B,14330.0000,0.0000,0.0000,0.0000,0.0000,14335.0000,0.0000,0.0000,0.0000,0.0000,111,0,0,0,0,81,0,0,0,0
sc,zn1210,2012-06-29 09:04:31.500,14335.0000,212678,0,0.0000,0.0000,0,0,多换,B,14330.0000,0.0000,0.0000,0.0000,0.0000,14335.0000,0.0000,0.0000,0.0000,0.0000,112,0,0,0,0,86,0,0,0,0
sc,zn1210,2012-06-29 09:04:32.000,14335.0000,212678,0,0.0000,0.0000,0,0,多换,B,14330.0000,0.0000,0.0000,0.0000,0.0000,14335.0000,0.0000,0.0000,0.0000,0.0000,102,0,0,0,0,86,0,0,0,0
sc,zn1210,2012-06-29 09:04:32.500,14335.0000,212678,0,0.0000,0.0000,0,0,多换,B,14330.0000,0.0000,0.0000,0.0000,0.0000,14335.0000,0.0000,0.0000,0.0000,0.0000,102,0,0,0,0,88,0,0,0,0
sc,zn1210,2012-06-29 09:04:33.000,14335.0000,212678,0,1433500.0000,20.0000,10,10,多换,B,14330.0000,0.0000,0.0000,0.0000,0.0000,14335.0000,0.0000,0.0000,0.0000,0.0000,102,0,0,0,0,78,0,0,0,0
sc,zn1210,2012-06-29 09:04:33.500,14335.0000,212678,0,0.0000,0.0000,0,0,多换,B,14330.0000,0.0000,0.0000,0.0000,0.0000,14335.0000,0.0000,0.0000,0.0000,0.0000,103,0,0,0,0,78,0,0,0,0
sc,zn1210,2012-06-29 09:04:34.500,14335.0000,212678,0,0.0000,0.0000,0,0,多换,B,14330.0000,0.0000,0.0000,0.0000,0.0000,14335.0000,0.0000,0.0000,0.0000,0.0000,108,0,0,0,0,78,0,0,0,0
sc,zn1210,2012-06-29 09:04:35.500,14335.0000,212698,20,1433500.0000,20.0000,20,0,双开,B,14330.0000,0.0000,0.0000,0.0000,0.0000,14335.0000,0.0000,0.0000,0.0000,0.0000,108,0,0,0,0,71,0,0,0,0
sc,zn1210,2012-06-29 09:04:36.000,14335.0000,212698,0,0.0000,0.0000,0,0,多换,B,14330.0000,0.0000,0.0000,0.0000,0.0000,14335.0000,0.0000,0.0000,0.0000,0.0000,108,0,0,0,0,71,0,0,0,0
sc,zn1210,2012-06-29 09:04:37.000,14335.0000,212692,-6,2867000.0000,40.0000,17,23,空平,B,14330.0000,0.0000,0.0000,0.0000,0.0000,14335.0000,0.0000,0.0000,0.0000,0.0000,108,0,0,0,0,51,0,0,0,0
sc,zn1210,2012-06-29 09:04:37.500,14335.0000,212692,0,0.0000,0.0000,0,0,多换,B,14330.0000,0.0000,0.0000,0.0000,0.0000,14335.0000,0.0000,0.0000,0.0000,0.0000,112,0,0,0,0,51,0,0,0,0
sc,zn1210,2012-06-29 09:04:38.000,14335.0000,212656,-36,3440400.0000,48.0000,6,42,空平,B,14330.0000,0.0000,0.0000,0.0000,0.0000,14335.0000,0.0000,0.0000,0.0000,0.0000,109,0,0,0,0,27,0,0,0,0
sc,zn1210,2012-06-29 09:04:38.500,14335.0000,212640,-16,2580250.0000,36.0000,10,26,空平,B,14330.0000,0.0000,0.0000,0.0000,0.0000,14335.0000,0.0000,0.0000,0.0000,0.0000,104,0,0,0,0,13,0,0,0,0
sc,zn1210,2012-06-29 09:04:39.000,14335.0000,212624,-16,1863550.0000,26.0000,5,21,空平,B,14335.0000,0.0000,0.0000,0.0000,0.0000,14340.0000,0.0000,0.0000,0.0000,0.0000,59,0,0,0,0,65,0,0,0,0
sc,zn1210,2012-06-29 09:04:39.500,14335.0000,212624,0,0.0000,0.0000,0,0,多换,B,14335.0000,0.0000,0.0000,0.0000,0.0000,14340.0000,0.0000,0.0000,0.0000,0.0000,121,0,0,0,0,65,0,0,0,0
sc,zn1210,2012-06-29 09:04:40.000,14335.0000,212616,-8,1146850.0000,16.0000,4,12,空平,B,14335.0000,0.0000,0.0000,0.0000,0.0000,14340.0000,0.0000,0.0000,0.0000,0.0000,114,0,0,0,0,64,0,0,0,0
sc,zn1210,2012-06-29 09:04:40.500,14335.0000,212616,0,0.0000,0.0000,0,0,多换,B,14335.0000,0.0000,0.0000,0.0000,0.0000,14340.0000,0.0000,0.0000,0.0000,0.0000,117,0,0,0,0,64,0,0,0,0
sc,zn1210,2012-06-29 09:04:41.000,14335.0000,212618,2,143350.0000,2.0000,2,0,双开,B,14335.0000,0.0000,0.0000,0.0000,0.0000,14340.0000,0.0000,0.0000,0.0000,0.0000,116,0,0,0,0,64,0,0,0,0
sc,zn1210,2012-06-29 09:04:41.500,14335.0000,212618,0,0.0000,0.0000,0,0,多换,B,14335.0000,0.0000,0.0000,0.0000,0.0000,14340.0000,0.0000,0.0000,0.0000,0.0000,117,0,0,0,0,59,0,0,0,0
sc,zn1210,2012-06-29 09:04:42.000,14335.0000,212618,0,716750.0000,10.0000,5,5,多换,B,14335.0000,0.0000,0.0000,0.0000,0.0000,14340.0000,0.0000,0.0000,0.0000,0.0000,112,0,0,0,0,59,0,0,0,0
sc,zn1210,2012-06-29 09:04:42.500,14335.0000,212618,0,1003750.0000,14.0000,7,7,多换,B,14335.0000,0.0000,0.0000,0.0000,0.0000,14340.0000,0.0000,0.0000,0.0000,0.0000,111,0,0,0,0,74,0,0,0,0
