市场代码,合约代码,时间,最新,持仓,增仓,成交额,成交量,开仓,平仓,成交类型,方向,买一价,买二价,买三价,买四价,买五价,卖一价,卖二价,卖三价,卖四价,卖五价,买一量,买二量,买三量,买四量,买五量,卖一量,卖二量,卖三量,卖四量,卖五量
zc,TA305,2012-06-26 07:42:34.337,0.0000,2284,0,0.0000,0.0000,0,0,空换,S,0.0000,0.0000,0.0000,0.0000,0.0000,0.0000,0.0000,0.0000,0.0000,0.0000,0,0,0,0,0,0,0,0,0,0
zc,TA305,2012-06-26 08:59:01.587,0.0000,2284,0,0.0000,0.0000,0,0,空换,S,7120.0000,0.0000,0.0000,0.0000,0.0000,7244.0000,0.0000,0.0000,0.0000,0.0000,1,0,0,0,0,1,0,0,0,0
zc,TA305,2012-06-26 09:00:00.167,0.0000,2284,0,0.0000,0.0000,0,0,空换,S,7212.0000,0.0000,0.0000,0.0000,0.0000,7244.0000,0.0000,0.0000,0.0000,0.0000,1,0,0,0,0,1,0,0,0,0
zc,TA305,2012-06-26 09:00:01.057,7244.0000,2284,0,0.0000,2.0000,1,1,多换,B,7256.0000,0.0000,0.0000,0.0000,0.0000,7276.0000,0.0000,0.0000,0.0000,0.0000,3,0,0,0,0,2,0,0,0,0
zc,TA305,2012-06-26 09:00:01.570,7244.0000,2284,0,0.0000,0.0000,0,0,多换,B,7258.0000,0.0000,0.0000,0.0000,0.0000,7270.0000,0.0000,0.0000,0.0000,0.0000,3,0,0,0,0,20,0,0,0,0
zc,TA305,2012-06-26 09:00:02.540,7244.0000,2282,-2,0.0000,2.0000,0,2,双平,B,7258.0000,0.0000,0.0000,0.0000,0.0000,7270.0000,0.0000,0.0000,0.0000,0.0000,2,0,0,0,0,19,0,0,0,0
zc,TA305,2012-06-26 09:00:03.277,7244.0000,2282,0,0.0000,0.0000,0,0,多换,B,7256.0000,0.0000,0.0000,0.0000,0.0000,7270.0000,0.0000,0.0000,0.0000,0.0000,2,0,0,0,0,20,0,0,0,0
zc,TA305,2012-06-26 09:00:04.010,7244.0000,2282,0,0.0000,0.0000,0,0,多换,B,7260.0000,0.0000,0.0000,0.0000,0.0000,7272.0000,0.0000,0.0000,0.0000,0.0000,1,0,0,0,0,3,0,0,0,0
zc,TA305,2012-06-26 09:00:04.527,7244.0000,2282,0,0.0000,0.0000,0,0,多换,B,7260.0000,0.0000,0.0000,0.0000,0.0000,7274.0000,0.0000,0.0000,0.0000,0.0000,1,0,0,0,0,2,0,0,0,0
zc,TA305,2012-06-26 09:00:05.027,7244.0000,2282,0,0.0000,0.0000,0,0,多换,B,7262.0000,0.0000,0.0000,0.0000,0.0000,7274.0000,0.0000,0.0000,0.0000,0.0000,1,0,0,0,0,3,0,0,0,0
zc,TA305,2012-06-26 09:00:05.493,7244.0000,2282,0,0.0000,0.0000,0,0,多换,B,7262.0000,0.0000,0.0000,0.0000,0.0000,7272.0000,0.0000,0.0000,0.0000,0.0000,1,0,0,0,0,1,0,0,0,0
zc,TA305,2012-06-26 09:00:06.260,7244.0000,2282,0,0.0000,0.0000,0,0,多换,B,7260.0000,0.0000,0.0000,0.0000,0.0000,7270.0000,0.0000,0.0000,0.0000,0.0000,1,0,0,0,0,7,0,0,0,0
zc,TA305,2012-06-26 09:00:06.743,7244.0000,2282,0,0.0000,0.0000,0,0,多换,B,7260.0000,0.0000,0.0000,0.0000,0.0000,7270.0000,0.0000,0.0000,0.0000,0.0000,1,0,0,0,0,9,0,0,0,0
zc,TA305,2012-06-26 09:00:07.540,7244.0000,2282,0,0.0000,0.0000,0,0,多换,B,7258.0000,0.0000,0.0000,0.0000,0.0000,7270.0000,0.0000,0.0000,0.0000,0.0000,1,0,0,0,0,1,0,0,0,0
zc,TA305,2012-06-26 09:00:08.010,7244.0000,2282,0,0.0000,0.0000,0,0,多换,B,7258.0000,0.0000,0.0000,0.0000,0.0000,7270.0000,0.0000,0.0000,0.0000,0.0000,1,0,0,0,0,21,0,0,0,0
zc,TA305,2012-06-26 09:00:09.010,7244.0000,2282,0,0.0000,0.0000,0,0,多换,B,7256.0000,0.0000,0.0000,0.0000,0.0000,7266.0000,0.0000,0.0000,0.0000,0.0000,1,0,0,0,0,11,0,0,0,0
zc,TA305,2012-06-26 09:00:09.463,7244.0000,2282,0,0.0000,0.0000,0,0,多换,B,7256.0000,0.0000,0.0000,0.0000,0.0000,7266.0000,0.0000,0.0000,0.0000,0.0000,1,0,0,0,0,21,0,0,0,0
zc,TA305,2012-06-26 09:00:10.213,7244.0000,2282,0,0.0000,0.0000,0,0,多换,B,7256.0000,0.0000,0.0000,0.0000,0.0000,7266.0000,0.0000,0.0000,0.0000,0.0000,1,0,0,0,0,20,0,0,0,0
zc,TA305,2012-06-26 09:00:10.713,7244.0000,2282,0,0.0000,0.0000,0,0,多换,B,7256.0000,0.0000,0.0000,0.0000,0.0000,7264.0000,0.0000,0.0000,0.0000,0.0000,1,0,0,0,0,2,0,0,0,0
zc,TA305,2012-06-26 09:00:12.027,7244.0000,2282,0,0.0000,0.0000,0,0,多换,B,7254.0000,0.0000,0.0000,0.0000,0.0000,7262.0000,0.0000,0.0000,0.0000,0.0000,1,0,0,0,0,1,0,0,0,0
zc,TA305,2012-06-26 09:00:14.277,7244.0000,2282,0,0.0000,0.0000,0,0,多换,B,7258.0000,0.0000,0.0000,0.0000,0.0000,7266.0000,0.0000,0.0000,0.0000,0.0000,1,0,0,0,0,2,0,0,0,0
zc,TA305,2012-06-26 09:00:14.743,7244.0000,2282,0,0.0000,0.0000,0,0,多换,B,7256.0000,0.0000,0.0000,0.0000,0.0000,7262.0000,0.0000,0.0000,0.0000,0.0000,1,0,0,0,0,1,0,0,0,0
zc,TA305,2012-06-26 09:00:16.027,7244.0000,2282,0,0.0000,0.0000,0,0,多换,B,7254.0000,0.0000,0.0000,0.0000,0.0000,7260.0000,0.0000,0.0000,0.0000,0.0000,1,0,0,0,0,1,0,0,0,0
zc,TA305,2012-06-26 09:00:17.540,7244.0000,2282,0,0.0000,0.0000,0,0,多换,B,7252.0000,0.0000,0.0000,0.0000,0.0000,7258.0000,0.0000,0.0000,0.0000,0.0000,1,0,0,0,0,1,0,0,0,0
zc,TA305,2012-06-26 09:00:19.527,7244.0000,2282,0,0.0000,0.0000,0,0,多换,B,7254.0000,0.0000,0.0000,0.0000,0.0000,7258.0000,0.0000,0.0000,0.0000,0.0000,1,0,0,0,0,1,0,0,0,0
zc,TA305,2012-06-26 09:00:20.510,7244.0000,2282,0,0.0000,0.0000,0,0,多换,B,7254.0000,0.0000,0.0000,0.0000,0.0000,7262.0000,0.0000,0.0000,0.0000,0.0000,1,0,0,0,0,1,0,0,0,0
zc,TA305,2012-06-26 09:00:23.227,7244.0000,2282,0,0.0000,0.0000,0,0,多换,B,7256.0000,0.0000,0.0000,0.0000,0.0000,7264.0000,0.0000,0.0000,0.0000,0.0000,1,0,0,0,0,1,0,0,0,0
zc,TA305,2012-06-26 09:00:23.760,7244.0000,2282,0,0.0000,0.0000,0,0,多换,B,7256.0000,0.0000,0.0000,0.0000,0.0000,7266.0000,0.0000,0.0000,0.0000,0.0000,1,0,0,0,0,1,0,0,0,0
zc,TA305,2012-06-26 09:00:24.510,7244.0000,2282,0,0.0000,0.0000,0,0,多换,B,7260.0000,0.0000,0.0000,0.0000,0.0000,7268.0000,0.0000,0.0000,0.0000,0.0000,1,0,0,0,0,1,0,0,0,0
zc,TA305,2012-06-26 09:00:24.977,7244.0000,2282,0,0.0000,0.0000,0,0,多换,B,7258.0000,0.0000,0.0000,0.0000,0.0000,7268.0000,0.0000,0.0000,0.0000,0.0000,1,0,0,0,0,1,0,0,0,0
zc,TA305,2012-06-26 09:00:26.510,7244.0000,2282,0,0.0000,0.0000,0,0,多换,B,7258.0000,0.0000,0.0000,0.0000,0.0000,7268.0000,0.0000,0.0000,0.0000,0.0000,1,0,0,0,0,2,0,0,0,0
zc,TA305,2012-06-26 09:00:29.493,7244.0000,2282,0,0.0000,0.0000,0,0,多换,B,7260.0000,0.0000,0.0000,0.0000,0.0000,7268.0000,0.0000,0.0000,0.0000,0.0000,1,0,0,0,0,2,0,0,0,0
zc,TA305,2012-06-26 09:00:30.213,7244.0000,2282,0,0.0000,0.0000,0,0,多换,B,7258.0000,0.0000,0.0000,0.0000,0.0000,7268.0000,0.0000,0.0000,0.0000,0.0000,1,0,0,0,0,1,0,0,0,0
zc,TA305,2012-06-26 09:00:30.760,7244.0000,2282,0,0.0000,0.0000,0,0,多换,B,7262.0000,0.0000,0.0000,0.0000,0.0000,7270.0000,0.0000,0.0000,0.0000,0.0000,1,0,0,0,0,2,0,0,0,0
zc,TA305,2012-06-26 09:00:31.463,7244.0000,2282,0,0.0000,0.0000,0,0,多换,B,7260.0000,0.0000,0.0000,0.0000,0.0000,7268.0000,0.0000,0.0000,0.0000,0.0000,1,0,0,0,0,1,0,0,0,0
zc,TA305,2012-06-26 09:00:32.727,7244.0000,2282,0,0.0000,0.0000,0,0,多换,B,7260.0000,0.0000,0.0000,0.0000,0.0000,7270.0000,0.0000,0.0000,0.0000,0.0000,1,0,0,0,0,2,0,0,0,0
zc,TA305,2012-06-26 09:00:33.977,7244.0000,2282,0,0.0000,0.0000,0,0,多换,B,7260.0000,0.0000,0.0000,0.0000,0.0000,7268.0000,0.0000,0.0000,0.0000,0.0000,1,0,0,0,0,1,0,0,0,0
zc,TA305,2012-06-26 09:00:34.447,7244.0000,2282,0,0.0000,0.0000,0,0,多换,B,7258.0000,0.0000,0.0000,0.0000,0.0000,7266.0000,0.0000,0.0000,0.0000,0.0000,1,0,0,0,0,1,0,0,0,0
zc,TA305,2012-06-26 09:00:36.993,7244.0000,2282,0,0.0000,0.0000,0,0,多换,B,7260.0000,0.0000,0.0000,0.0000,0.0000,7268.0000,0.0000,0.0000,0.0000,0.0000,1,0,0,0,0,1,0,0,0,0
zc,TA305,2012-06-26 09:00:37.727,7244.0000,2282,0,0.0000,0.0000,0,0,多换,B,7260.0000,0.0000,0.0000,0.0000,0.0000,7274.0000,0.0000,0.0000,0.0000,0.0000,1,0,0,0,0,2,0,0,0,0
zc,TA305,2012-06-26 09:00:38.713,7244.0000,2282,0,0.0000,0.0000,0,0,多换,B,7264.0000,0.0000,0.0000,0.0000,0.0000,7274.0000,0.0000,0.0000,0.0000,0.0000,1,0,0,0,0,2,0,0,0,0
zc,TA305,2012-06-26 09:00:39.260,7244.0000,2282,0,0.0000,0.0000,0,0,多换,B,7264.0000,0.0000,0.0000,0.0000,0.0000,7274.0000,0.0000,0.0000,0.0000,0.0000,1,0,0,0,0,1,0,0,0,0
zc,TA305,2012-06-26 09:00:39.727,7244.0000,2282,0,0.0000,0.0000,0,0,多换,B,7262.0000,0.0000,0.0000,0.0000,0.0000,7272.0000,0.0000,0.0000,0.0000,0.0000,1,0,0,0,0,1,0,0,0,0
zc,TA305,2012-06-26 09:00:40.463,7244.0000,2282,0,0.0000,0.0000,0,0,多换,B,7262.0000,0.0000,0.0000,0.0000,0.0000,7270.0000,0.0000,0.0000,0.0000,0.0000,1,0,0,0,0,1,0,0,0,0
zc,TA305,2012-06-26 09:00:40.930,7244.0000,2282,0,0.0000,0.0000,0,0,多换,B,7262.0000,0.0000,0.0000,0.0000,0.0000,7272.0000,0.0000,0.0000,0.0000,0.0000,1,0,0,0,0,1,0,0,0,0
zc,TA305,2012-06-26 09:00:41.680,7244.0000,2282,0,0.0000,0.0000,0,0,多换,B,7262.0000,0.0000,0.0000,0.0000,0.0000,7270.0000,0.0000,0.0000,0.0000,0.0000,1,0,0,0,0,1,0,0,0,0
zc,TA305,2012-06-26 09:00:44.727,7244.0000,2282,0,0.0000,0.0000,0,0,多换,B,7264.0000,0.0000,0.0000,0.0000,0.0000,7272.0000,0.0000,0.0000,0.0000,0.0000,1,0,0,0,0,2,0,0,0,0
zc,TA305,2012-06-26 09:00:45.510,7244.0000,2282,0,0.0000,0.0000,0,0,多换,B,7262.0000,0.0000,0.0000,0.0000,0.0000,7272.0000,0.0000,0.0000,0.0000,0.0000,1,0,0,0,0,2,0,0,0,0
zc,TA305,2012-06-26 09:00:47.493,7244.0000,2282,0,0.0000,0.0000,0,0,多换,B,7260.0000,0.0000,0.0000,0.0000,0.0000,7268.0000,0.0000,0.0000,0.0000,0.0000,1,0,0,0,0,1,0,0,0,0
zc,TA305,2012-06-26 09:00:47.993,7244.0000,2282,0,0.0000,0.0000,0,0,多换,B,7264.0000,0.0000,0.0000,0.0000,0.0000,7272.0000,0.0000,0.0000,0.0000,0.0000,1,0,0,0,0,2,0,0,0,0
zc,TA305,2012-06-26 09:00:48.777,7244.0000,2282,0,0.0000,0.0000,0,0,多换,B,7262.0000,0.0000,0.0000,0.0000,0.0000,7268.0000,0.0000,0.0000,0.0000,0.0000,2,0,0,0,0,1,0,0,0,0
zc,TA305,2012-06-26 09:00:49.227,7244.0000,2282,0,0.0000,0.0000,0,0,多换,B,7260.0000,0.0000,0.0000,0.0000,0.0000,7272.0000,0.0000,0.0000,0.0000,0.0000,1,0,0,0,0,1,0,0,0,0
zc,TA305,2012-06-26 09:00:49.977,7244.0000,2282,0,0.0000,0.0000,0,0,多换,B,7260.0000,0.0000,0.0000,0.0000,0.0000,7270.0000,0.0000,0.0000,0.0000,0.0000,3,0,0,0,0,1,0,0,0,0
zc,TA305,2012-06-26 09:00:50.727,7244.0000,2282,0,0.0000,0.0000,0,0,多换,B,7266.0000,0.0000,0.0000,0.0000,0.0000,7274.0000,0.0000,0.0000,0.0000,0.0000,1,0,0,0,0,1,0,0,0,0
zc,TA305,2012-06-26 09:00:51.227,7244.0000,2282,0,0.0000,0.0000,0,0,多换,B,7262.0000,0.0000,0.0000,0.0000,0.0000,7270.0000,0.0000,0.0000,0.0000,0.0000,1,0,0,0,0,1,0,0,0,0
zc,TA305,2012-06-26 09:00:51.963,7244.0000,2282,0,0.0000,0.0000,0,0,多换,B,7262.0000,0.0000,0.0000,0.0000,0.0000,7272.0000,0.0000,0.0000,0.0000,0.0000,1,0,0,0,0,1,0,0,0,0
zc,TA305,2012-06-26 09:00:52.760,7244.0000,2282,0,0.0000,0.0000,0,0,多换,B,7262.0000,0.0000,0.0000,0.0000,0.0000,7270.0000,0.0000,0.0000,0.0000,0.0000,1,0,0,0,0,1,0,0,0,0
zc,TA305,2012-06-26 09:00:53.930,7244.0000,2282,0,0.0000,0.0000,0,0,多换,B,7262.0000,0.0000,0.0000,0.0000,0.0000,7270.0000,0.0000,0.0000,0.0000,0.0000,1,0,0,0,0,2,0,0,0,0
zc,TA305,2012-06-26 09:00:55.213,7244.0000,2282,0,0.0000,0.0000,0,0,多换,B,7262.0000,0.0000,0.0000,0.0000,0.0000,7270.0000,0.0000,0.0000,0.0000,0.0000,1,0,0,0,0,1,0,0,0,0
zc,TA305,2012-06-26 09:00:57.743,7244.0000,2282,0,0.0000,0.0000,0,0,多换,B,7262.0000,0.0000,0.0000,0.0000,0.0000,7272.0000,0.0000,0.0000,0.0000,0.0000,1,0,0,0,0,2,0,0,0,0
zc,TA305,2012-06-26 09:00:59.243,7244.0000,2282,0,0.0000,0.0000,0,0,多换,B,7262.0000,0.0000,0.0000,0.0000,0.0000,7270.0000,0.0000,0.0000,0.0000,0.0000,1,0,0,0,0,2,0,0,0,0
zc,TA305,2012-06-26 09:01:01.010,7244.0000,2282,0,0.0000,0.0000,0,0,多换,B,7258.0000,0.0000,0.0000,0.0000,0.0000,7266.0000,0.0000,0.0000,0.0000,0.0000,1,0,0,0,0,1,0,0,0,0
zc,TA305,2012-06-26 09:01:02.463,7244.0000,2282,0,0.0000,0.0000,0,0,多换,B,7256.0000,0.0000,0.0000,0.0000,0.0000,7266.0000,0.0000,0.0000,0.0000,0.0000,1,0,0,0,0,1,0,0,0,0
zc,TA305,2012-06-26 09:01:03.227,7244.0000,2282,0,0.0000,0.0000,0,0,多换,B,7256.0000,0.0000,0.0000,0.0000,0.0000,7268.0000,0.0000,0.0000,0.0000,0.0000,1,0,0,0,0,1,0,0,0,0
zc,TA305,2012-06-26 09:01:04.930,7244.0000,2282,0,0.0000,0.0000,0,0,多换,B,7258.0000,0.0000,0.0000,0.0000,0.0000,7268.0000,0.0000,0.0000,0.0000,0.0000,1,0,0,0,0,1,0,0,0,0
zc,TA305,2012-06-26 09:01:05.727,7244.0000,2282,0,0.0000,0.0000,0,0,多换,B,7256.0000,0.0000,0.0000,0.0000,0.0000,7264.0000,0.0000,0.0000,0.0000,0.0000,3,0,0,0,0,1,0,0,0,0
zc,TA305,2012-06-26 09:01:06.197,7244.0000,2282,0,0.0000,0.0000,0,0,多换,B,7256.0000,0.0000,0.0000,0.0000,0.0000,7264.0000,0.0000,0.0000,0.0000,0.0000,1,0,0,0,0,1,0,0,0,0
zc,TA305,2012-06-26 09:01:08.527,7244.0000,2282,0,0.0000,0.0000,0,0,多换,B,7258.0000,0.0000,0.0000,0.0000,0.0000,7266.0000,0.0000,0.0000,0.0000,0.0000,1,0,0,0,0,1,0,0,0,0
zc,TA305,2012-06-26 09:01:10.977,7244.0000,2282,0,0.0000,0.0000,0,0,多换,B,7256.0000,0.0000,0.0000,0.0000,0.0000,7266.0000,0.0000,0.0000,0.0000,0.0000,1,0,0,0,0,1,0,0,0,0
zc,TA305,2012-06-26 09:01:11.493,7244.0000,2282,0,0.0000,0.0000,0,0,多换,B,7258.0000,0.0000,0.0000,0.0000,0.0000,7266.0000,0.0000,0.0000,0.0000,0.0000,1,0,0,0,0,1,0,0,0,0
zc,TA305,2012-06-26 09:01:13.727,7244.0000,2282,0,0.0000,0.0000,0,0,多换,B,7256.0000,0.0000,0.0000,0.0000,0.0000,7264.0000,0.0000,0.0000,0.0000,0.0000,1,0,0,0,0,1,0,0,0,0
zc,TA305,2012-06-26 09:01:14.477,7244.0000,2282,0,0.0000,0.0000,0,0,多换,B,7258.0000,0.0000,0.0000,0.0000,0.0000,7266.0000,0.0000,0.0000,0.0000,0.0000,1,0,0,0,0,1,0,0,0,0
zc,TA305,2012-06-26 09:01:17.447,7244.0000,2282,0,0.0000,0.0000,0,0,多换,B,7256.0000,0.0000,0.0000,0.0000,0.0000,7266.0000,0.0000,0.0000,0.0000,0.0000,1,0,0,0,0,1,0,0,0,0
zc,TA305,2012-06-26 09:01:18.477,7244.0000,2282,0,0.0000,0.0000,0,0,多换,B,7256.0000,0.0000,0.0000,0.0000,0.0000,7264.0000,0.0000,0.0000,0.0000,0.0000,1,0,0,0,0,1,0,0,0,0
zc,TA305,2012-06-26 09:01:21.493,7244.0000,2282,0,0.0000,0.0000,0,0,多换,B,7256.0000,0.0000,0.0000,0.0000,0.0000,7266.0000,0.0000,0.0000,0.0000,0.0000,1,0,0,0,0,1,0,0,0,0
zc,TA305,2012-06-26 09:01:22.697,7244.0000,2282,0,0.0000,0.0000,0,0,多换,B,7256.0000,0.0000,0.0000,0.0000,0.0000,7264.0000,0.0000,0.0000,0.0000,0.0000,1,0,0,0,0,1,0,0,0,0
zc,TA305,2012-06-26 09:01:25.243,7244.0000,2282,0,0.0000,0.0000,0,0,多换,B,7254.0000,0.0000,0.0000,0.0000,0.0000,7262.0000,0.0000,0.0000,0.0000,0.0000,1,0,0,0,0,1,0,0,0,0
zc,TA305,2012-06-26 09:01:25.743,7244.0000,2282,0,0.0000,0.0000,0,0,多换,B,7258.0000,0.0000,0.0000,0.0000,0.0000,7266.0000,0.0000,0.0000,0.0000,0.0000,1,0,0,0,0,1,0,0,0,0
zc,TA305,2012-06-26 09:01:27.697,7244.0000,2282,0,0.0000,0.0000,0,0,多换,B,7254.0000,0.0000,0.0000,0.0000,0.0000,7262.0000,0.0000,0.0000,0.0000,0.0000,1,0,0,0,0,1,0,0,0,0
zc,TA305,2012-06-26 09:01:30.213,7244.0000,2282,0,0.0000,0.0000,0,0,多换,B,7258.0000,0.0000,0.0000,0.0000,0.0000,7266.0000,0.0000,0.0000,0.0000,0.0000,1,0,0,0,0,1,0,0,0,0
zc,TA305,2012-06-26 09:01:31.213,7244.0000,2282,0,0.0000,0.0000,0,0,多换,B,7256.0000,0.0000,0.0000,0.0000,0.0000,7266.0000,0.0000,0.0000,0.0000,0.0000,1,0,0,0,0,1,0,0,0,0
zc,TA305,2012-06-26 09:01:31.963,7244.0000,2282,0,0.0000,0.0000,0,0,多换,B,7254.0000,0.0000,0.0000,0.0000,0.0000,7262.0000,0.0000,0.0000,0.0000,0.0000,1,0,0,0,0,1,0,0,0,0
zc,TA305,2012-06-26 09:01:32.430,7244.0000,2282,0,0.0000,0.0000,0,0,多换,B,7256.0000,0.0000,0.0000,0.0000,0.0000,7264.0000,0.0000,0.0000,0.0000,0.0000,1,0,0,0,0,1,0,0,0,0
zc,TA305,2012-06-26 09:01:34.680,7244.0000,2282,0,0.0000,0.0000,0,0,多换,B,7258.0000,0.0000,0.0000,0.0000,0.0000,7266.0000,0.0000,0.0000,0.0000,0.0000,1,0,0,0,0,1,0,0,0,0
zc,TA305,2012-06-26 09:01:38.430,7244.0000,2282,0,0.0000,0.0000,0,0,多换,B,7256.0000,0.0000,0.0000,0.0000,0.0000,7266.0000,0.0000,0.0000,0.0000,0.0000,1,0,0,0,0,2,0,0,0,0
zc,TA305,2012-06-26 09:01:38.930,7244.0000,2282,0,0.0000,0.0000,0,0,多换,B,7256.0000,0.0000,0.0000,0.0000,0.0000,7266.0000,0.0000,0.0000,0.0000,0.0000,1,0,0,0,0,1,0,0,0,0
zc,TA305,2012-06-26 09:01:39.667,7244.0000,2282,0,0.0000,0.0000,0,0,多换,B,7256.0000,0.0000,0.0000,0.0000,0.0000,7264.0000,0.0000,0.0000,0.0000,0.0000,1,0,0,0,0,1,0,0,0,0
zc,TA305,2012-06-26 09:01:41.463,7244.0000,2282,0,0.0000,0.0000,0,0,多换,B,7258.0000,0.0000,0.0000,0.0000,0.0000,7266.0000,0.0000,0.0000,0.0000,0.0000,1,0,0,0,0,1,0,0,0,0
zc,TA305,2012-06-26 09:01:48.963,7244.0000,2282,0,0.0000,0.0000,0,0,多换,B,7258.0000,0.0000,0.0000,0.0000,0.0000,7268.0000,0.0000,0.0000,0.0000,0.0000,1,0,0,0,0,2,0,0,0,0
zc,TA305,2012-06-26 09:01:51.227,7244.0000,2282,0,0.0000,0.0000,0,0,多换,B,7258.0000,0.0000,0.0000,0.0000,0.0000,7266.0000,0.0000,0.0000,0.0000,0.0000,1,0,0,0,0,1,0,0,0,0
zc,TA305,2012-06-26 09:01:51.743,7244.0000,2282,0,0.0000,0.0000,0,0,多换,B,7260.0000,0.0000,0.0000,0.0000,0.0000,7268.0000,0.0000,0.0000,0.0000,0.0000,1,0,0,0,0,2,0,0,0,0
zc,TA305,2012-06-26 09:01:52.963,7244.0000,2282,0,0.0000,0.0000,0,0,多换,B,7258.0000,0.0000,0.0000,0.0000,0.0000,7268.0000,0.0000,0.0000,0.0000,0.0000,1,0,0,0,0,2,0,0,0,0
zc,TA305,2012-06-26 09:01:53.477,7244.0000,2282,0,0.0000,0.0000,0,0,多换,B,7258.0000,0.0000,0.0000,0.0000,0.0000,7266.0000,0.0000,0.0000,0.0000,0.0000,1,0,0,0,0,1,0,0,0,0
zc,TA305,2012-06-26 09:01:54.180,7244.0000,2282,0,0.0000,0.0000,0,0,多换,B,7258.0000,0.0000,0.0000,0.0000,0.0000,7266.0000,0.0000,0.0000,0.0000,0.0000,1,0,0,0,0,2,0,0,0,0
zc,TA305,2012-06-26 09:01:59.417,7244.0000,2282,0,0.0000,0.0000,0,0,多换,B,7258.0000,0.0000,0.0000,0.0000,0.0000,7264.0000,0.0000,0.0000,0.0000,0.0000,1,0,0,0,0,1,0,0,0,0
zc,TA305,2012-06-26 09:01:59.963,7260.0000,2282,0,0.0000,2.0000,1,1,多换,B,7258.0000,0.0000,0.0000,0.0000,0.0000,7264.0000,0.0000,0.0000,0.0000,0.0000,2,0,0,0,0,1,0,0,0,0
zc,TA305,2012-06-26 09:02:00.727,7260.0000,2282,0,0.0000,0.0000,0,0,多换,B,7260.0000,0.0000,0.0000,0.0000,0.0000,7266.0000,0.0000,0.0000,0.0000,0.0000,2,0,0,0,0,1,0,0,0,0
zc,TA305,2012-06-26 09:02:01.963,7260.0000,2282,0,0.0000,0.0000,0,0,多换,B,7258.0000,0.0000,0.0000,0.0000,0.0000,7266.0000,0.0000,0.0000,0.0000,0.0000,2,0,0,0,0,1,0,0,0,0
zc,TA305,2012-06-26 09:02:02.447,7260.0000,2282,0,0.0000,0.0000,0,0,多换,B,7260.0000,0.0000,0.0000,0.0000,0.0000,7266.0000,0.0000,0.0000,0.0000,0.0000,2,0,0,0,0,1,0,0,0,0
zc,TA305,2012-06-26 09:02:08.743,7260.0000,2282,0,0.0000,0.0000,0,0,多换,B,7260.0000,0.0000,0.0000,0.0000,0.0000,7266.0000,0.0000,0.0000,0.0000,0.0000,1,0,0,0,0,1,0,0,0,0
zc,TA305,2012-06-26 09:02:09.697,7260.0000,2282,0,0.0000,0.0000,0,0,多换,B,7262.0000,0.0000,0.0000,0.0000,0.0000,7268.0000,0.0000,0.0000,0.0000,0.0000,2,0,0,0,0,1,0,0,0,0
zc,TA305,2012-06-26 09:02:18.930,7260.0000,2282,0,0.0000,2.0000,1,1,多换,B,7262.0000,0.0000,0.0000,0.0000,0.0000,7268.0000,0.0000,0.0000,0.0000,0.0000,1,0,0,0,0,1,0,0,0,0
zc,TA305,2012-06-26 09:02:20.713,7260.0000,2282,0,0.0000,0.0000,0,0,多换,B,7264.0000,0.0000,0.0000,0.0000,0.0000,7270.0000,0.0000,0.0000,0.0000,0.0000,1,0,0,0,0,1,0,0,0,0
zc,TA305,2012-06-26 09:02:21.963,7260.0000,2282,0,0.0000,0.0000,0,0,多换,B,7262.0000,0.0000,0.0000,0.0000,0.0000,7270.0000,0.0000,0.0000,0.0000,0.0000,1,0,0,0,0,1,0,0,0,0
zc,TA305,2012-06-26 09:02:22.697,7260.0000,2282,0,0.0000,0.0000,0,0,多换,B,7264.0000,0.0000,0.0000,0.0000,0.0000,7270.0000,0.0000,0.0000,0.0000,0.0000,1,0,0,0,0,1,0,0,0,0
zc,TA305,2012-06-26 09:02:23.727,7272.0000,2282,0,0.0000,4.0000,2,2,多换,B,7266.0000,0.0000,0.0000,0.0000,0.0000,7274.0000,0.0000,0.0000,0.0000,0.0000,1,0,0,0,0,1,0,0,0,0
zc,TA305,2012-06-26 09:02:30.430,7272.0000,2282,0,0.0000,0.0000,0,0,多换,B,7266.0000,0.0000,0.0000,0.0000,0.0000,7276.0000,0.0000,0.0000,0.0000,0.0000,1,0,0,0,0,1,0,0,0,0
zc,TA305,2012-06-26 09:02:31.197,7272.0000,2282,0,0.0000,0.0000,0,0,多换,B,7268.0000,0.0000,0.0000,0.0000,0.0000,7276.0000,0.0000,0.0000,0.0000,0.0000,1,0,0,0,0,1,0,0,0,0
zc,TA305,2012-06-26 09:02:32.727,7272.0000,2282,0,0.0000,0.0000,0,0,多换,B,7270.0000,0.0000,0.0000,0.0000,0.0000,7278.0000,0.0000,0.0000,0.0000,0.0000,1,0,0,0,0,1,0,0,0,0
zc,TA305,2012-06-26 09:02:36.963,7272.0000,2282,0,0.0000,0.0000,0,0,多换,B,7270.0000,0.0000,0.0000,0.0000,0.0000,7276.0000,0.0000,0.0000,0.0000,0.0000,1,0,0,0,0,1,0,0,0,0
zc,TA305,2012-06-26 09:02:38.493,7272.0000,2282,0,0.0000,0.0000,0,0,多换,B,7272.0000,0.0000,0.0000,0.0000,0.0000,7276.0000,0.0000,0.0000,0.0000,0.0000,1,0,0,0,0,1,0,0,0,0
zc,TA305,2012-06-26 09:02:40.680,7272.0000,2282,0,0.0000,0.0000,0,0,多换,B,7270.0000,0.0000,0.0000,0.0000,0.0000,7276.0000,0.0000,0.0000,0.0000,0.0000,1,0,0,0,0,1,0,0,0,0
zc,TA305,2012-06-26 09:02:41.447,7272.0000,2282,0,0.0000,0.0000,0,0,多换,B,7268.0000,0.0000,0.0000,0.0000,0.0000,7276.0000,0.0000,0.0000,0.0000,0.0000,1,0,0,0,0,2,0,0,0,0
zc,TA305,2012-06-26 09:02:41.930,7272.0000,2282,0,0.0000,0.0000,0,0,多换,B,7268.0000,0.0000,0.0000,0.0000,0.0000,7276.0000,0.0000,0.0000,0.0000,0.0000,1,0,0,0,0,1,0,0,0,0
zc,TA305,2012-06-26 09:02:44.213,7272.0000,2282,0,0.0000,0.0000,0,0,多换,B,7272.0000,0.0000,0.0000,0.0000,0.0000,7276.0000,0.0000,0.0000,0.0000,0.0000,1,0,0,0,0,1,0,0,0,0
zc,TA305,2012-06-26 09:02:46.697,7272.0000,2282,0,0.0000,0.0000,0,0,多换,B,7270.0000,0.0000,0.0000,0.0000,0.0000,7276.0000,0.0000,0.0000,0.0000,0.0000,1,0,0,0,0,1,0,0,0,0
zc,TA305,2012-06-26 09:02:50.963,7272.0000,2282,0,0.0000,0.0000,0,0,多换,B,7274.0000,0.0000,0.0000,0.0000,0.0000,7276.0000,0.0000,0.0000,0.0000,0.0000,1,0,0,0,0,1,0,0,0,0
zc,TA305,2012-06-26 09:02:51.727,7272.0000,2282,0,0.0000,0.0000,0,0,多换,B,7270.0000,0.0000,0.0000,0.0000,0.0000,7276.0000,0.0000,0.0000,0.0000,0.0000,3,0,0,0,0,1,0,0,0,0
zc,TA305,2012-06-26 09:02:52.197,7272.0000,2282,0,0.0000,0.0000,0,0,多换,B,7270.0000,0.0000,0.0000,0.0000,0.0000,7276.0000,0.0000,0.0000,0.0000,0.0000,1,0,0,0,0,1,0,0,0,0
zc,TA305,2012-06-26 09:02:53.463,7272.0000,2282,0,0.0000,0.0000,0,0,多换,B,7272.0000,0.0000,0.0000,0.0000,0.0000,7276.0000,0.0000,0.0000,0.0000,0.0000,1,0,0,0,0,1,0,0,0,0
zc,TA305,2012-06-26 09:02:54.227,7272.0000,2282,0,0.0000,0.0000,0,0,多换,B,7274.0000,0.0000,0.0000,0.0000,0.0000,7276.0000,0.0000,0.0000,0.0000,0.0000,1,0,0,0,0,1,0,0,0,0
zc,TA305,2012-06-26 09:02:54.727,7272.0000,2282,0,0.0000,0.0000,0,0,多换,B,7272.0000,0.0000,0.0000,0.0000,0.0000,7276.0000,0.0000,0.0000,0.0000,0.0000,1,0,0,0,0,1,0,0,0,0
zc,TA305,2012-06-26 09:02:55.463,7276.0000,2282,0,0.0000,2.0000,1,1,多换,B,7270.0000,0.0000,0.0000,0.0000,0.0000,7280.0000,0.0000,0.0000,0.0000,0.0000,1,0,0,0,0,1,0,0,0,0
zc,TA305,2012-06-26 09:02:56.260,7276.0000,2282,0,0.0000,0.0000,0,0,多换,B,7270.0000,0.0000,0.0000,0.0000,0.0000,7284.0000,0.0000,0.0000,0.0000,0.0000,1,0,0,0,0,1,0,0,0,0
zc,TA305,2012-06-26 09:02:56.727,7276.0000,2282,0,0.0000,0.0000,0,0,多换,B,7270.0000,0.0000,0.0000,0.0000,0.0000,7284.0000,0.0000,0.0000,0.0000,0.0000,3,0,0,0,0,1,0,0,0,0
zc,TA305,2012-06-26 09:02:57.493,7276.0000,2282,0,0.0000,0.0000,0,0,多换,B,7270.0000,0.0000,0.0000,0.0000,0.0000,7284.0000,0.0000,0.0000,0.0000,0.0000,1,0,0,0,0,2,0,0,0,0
zc,TA305,2012-06-26 09:02:58.243,7276.0000,2282,0,0.0000,0.0000,0,0,多换,B,7270.0000,0.0000,0.0000,0.0000,0.0000,7280.0000,0.0000,0.0000,0.0000,0.0000,1,0,0,0,0,1,0,0,0,0
zc,TA305,2012-06-26 09:02:59.243,7276.0000,2282,0,0.0000,0.0000,0,0,多换,B,7274.0000,0.0000,0.0000,0.0000,0.0000,7284.0000,0.0000,0.0000,0.0000,0.0000,1,0,0,0,0,1,0,0,0,0
zc,TA305,2012-06-26 09:02:59.977,7276.0000,2282,0,0.0000,0.0000,0,0,多换,B,7270.0000,0.0000,0.0000,0.0000,0.0000,7284.0000,0.0000,0.0000,0.0000,0.0000,1,0,0,0,0,1,0,0,0,0
zc,TA305,2012-06-26 09:03:00.400,7276.0000,2282,0,0.0000,0.0000,0,0,多换,B,7274.0000,0.0000,0.0000,0.0000,0.0000,7284.0000,0.0000,0.0000,0.0000,0.0000,1,0,0,0,0,1,0,0,0,0
zc,TA305,2012-06-26 09:03:02.447,7276.0000,2282,0,0.0000,0.0000,0,0,多换,B,7272.0000,0.0000,0.0000,0.0000,0.0000,7282.0000,0.0000,0.0000,0.0000,0.0000,1,0,0,0,0,1,0,0,0,0
zc,TA305,2012-06-26 09:03:04.727,7276.0000,2282,0,0.0000,0.0000,0,0,多换,B,7274.0000,0.0000,0.0000,0.0000,0.0000,7284.0000,0.0000,0.0000,0.0000,0.0000,1,0,0,0,0,1,0,0,0,0
zc,TA305,2012-06-26 09:03:05.463,7276.0000,2282,0,0.0000,0.0000,0,0,多换,B,7272.0000,0.0000,0.0000,0.0000,0.0000,7284.0000,0.0000,0.0000,0.0000,0.0000,1,0,0,0,0,1,0,0,0,0
zc,TA305,2012-06-26 09:03:06.727,7276.0000,2282,0,0.0000,0.0000,0,0,多换,B,7274.0000,0.0000,0.0000,0.0000,0.0000,7284.0000,0.0000,0.0000,0.0000,0.0000,1,0,0,0,0,1,0,0,0,0
zc,TA305,2012-06-26 09:03:08.430,7276.0000,2282,0,0.0000,0.0000,0,0,多换,B,7272.0000,0.0000,0.0000,0.0000,0.0000,7282.0000,0.0000,0.0000,0.0000,0.0000,1,0,0,0,0,1,0,0,0,0
zc,TA305,2012-06-26 09:03:14.197,7276.0000,2282,0,0.0000,0.0000,0,0,多换,B,7276.0000,0.0000,0.0000,0.0000,0.0000,7282.0000,0.0000,0.0000,0.0000,0.0000,2,0,0,0,0,1,0,0,0,0
zc,TA305,2012-06-26 09:03:15.917,7276.0000,2282,0,0.0000,0.0000,0,0,多换,B,7276.0000,0.0000,0.0000,0.0000,0.0000,7286.0000,0.0000,0.0000,0.0000,0.0000,2,0,0,0,0,1,0,0,0,0
zc,TA305,2012-06-26 09:03:19.167,7276.0000,2282,0,0.0000,0.0000,0,0,多换,B,7276.0000,0.0000,0.0000,0.0000,0.0000,7282.0000,0.0000,0.0000,0.0000,0.0000,2,0,0,0,0,1,0,0,0,0
zc,TA305,2012-06-26 09:03:20.447,7276.0000,2282,0,0.0000,0.0000,0,0,多换,B,7276.0000,0.0000,0.0000,0.0000,0.0000,7286.0000,0.0000,0.0000,0.0000,0.0000,2,0,0,0,0,1,0,0,0,0
zc,TA305,2012-06-26 09:03:22.430,7276.0000,2282,0,0.0000,0.0000,0,0,多换,B,7276.0000,0.0000,0.0000,0.0000,0.0000,7286.0000,0.0000,0.0000,0.0000,0.0000,3,0,0,0,0,1,0,0,0,0
zc,TA305,2012-06-26 09:03:25.917,7276.0000,2282,0,0.0000,0.0000,0,0,多换,B,7276.0000,0.0000,0.0000,0.0000,0.0000,7288.0000,0.0000,0.0000,0.0000,0.0000,3,0,0,0,0,1,0,0,0,0
zc,TA305,2012-06-26 09:03:26.447,7276.0000,2282,0,0.0000,0.0000,0,0,多换,B,7278.0000,0.0000,0.0000,0.0000,0.0000,7288.0000,0.0000,0.0000,0.0000,0.0000,1,0,0,0,0,1,0,0,0,0
zc,TA305,2012-06-26 09:03:27.697,7276.0000,2282,0,0.0000,0.0000,0,0,多换,B,7276.0000,0.0000,0.0000,0.0000,0.0000,7286.0000,0.0000,0.0000,0.0000,0.0000,2,0,0,0,0,1,0,0,0,0
zc,TA305,2012-06-26 09:03:28.167,7276.0000,2282,0,0.0000,0.0000,0,0,多换,B,7276.0000,0.0000,0.0000,0.0000,0.0000,7288.0000,0.0000,0.0000,0.0000,0.0000,2,0,0,0,0,1,0,0,0,0
zc,TA305,2012-06-26 09:03:31.150,7276.0000,2282,0,0.0000,0.0000,0,0,多换,B,7276.0000,0.0000,0.0000,0.0000,0.0000,7288.0000,0.0000,0.0000,0.0000,0.0000,3,0,0,0,0,1,0,0,0,0
zc,TA305,2012-06-26 09:03:33.180,7276.0000,2282,0,0.0000,0.0000,0,0,多换,B,7276.0000,0.0000,0.0000,0.0000,0.0000,7286.0000,0.0000,0.0000,0.0000,0.0000,3,0,0,0,0,1,0,0,0,0
zc,TA305,2012-06-26 09:03:33.947,7276.0000,2282,0,0.0000,0.0000,0,0,多换,B,7276.0000,0.0000,0.0000,0.0000,0.0000,7288.0000,0.0000,0.0000,0.0000,0.0000,3,0,0,0,0,1,0,0,0,0
zc,TA305,2012-06-26 09:03:35.150,7276.0000,2282,0,0.0000,0.0000,0,0,多换,B,7276.0000,0.0000,0.0000,0.0000,0.0000,7288.0000,0.0000,0.0000,0.0000,0.0000,5,0,0,0,0,1,0,0,0,0
zc,TA305,2012-06-26 09:03:35.697,7276.0000,2282,0,0.0000,0.0000,0,0,多换,B,7278.0000,0.0000,0.0000,0.0000,0.0000,7288.0000,0.0000,0.0000,0.0000,0.0000,1,0,0,0,0,1,0,0,0,0
zc,TA305,2012-06-26 09:03:36.463,7276.0000,2282,0,0.0000,0.0000,0,0,多换,B,7280.0000,0.0000,0.0000,0.0000,0.0000,7290.0000,0.0000,0.0000,0.0000,0.0000,1,0,0,0,0,1,0,0,0,0
zc,TA305,2012-06-26 09:03:36.853,7276.0000,2282,0,0.0000,0.0000,0,0,多换,B,7280.0000,0.0000,0.0000,0.0000,0.0000,7290.0000,0.0000,0.0000,0.0000,0.0000,1,0,0,0,0,1,0,0,0,0
zc,TA305,2012-06-26 09:03:36.963,7276.0000,2282,0,0.0000,0.0000,0,0,多换,B,7282.0000,0.0000,0.0000,0.0000,0.0000,7292.0000,0.0000,0.0000,0.0000,0.0000,1,0,0,0,0,1,0,0,0,0
zc,TA305,2012-06-26 09:03:37.667,7276.0000,2282,0,0.0000,0.0000,0,0,多换,B,7282.0000,0.0000,0.0000,0.0000,0.0000,7294.0000,0.0000,0.0000,0.0000,0.0000,1,0,0,0,0,2,0,0,0,0
zc,TA305,2012-06-26 09:03:38.213,7276.0000,2282,0,0.0000,0.0000,0,0,多换,B,7280.0000,0.0000,0.0000,0.0000,0.0000,7292.0000,0.0000,0.0000,0.0000,0.0000,1,0,0,0,0,1,0,0,0,0
zc,TA305,2012-06-26 09:03:39.430,7276.0000,2282,0,0.0000,0.0000,0,0,多换,B,7280.0000,0.0000,0.0000,0.0000,0.0000,7290.0000,0.0000,0.0000,0.0000,0.0000,1,0,0,0,0,1,0,0,0,0
zc,TA305,2012-06-26 09:03:41.243,7276.0000,2282,0,0.0000,0.0000,0,0,多换,B,7280.0000,0.0000,0.0000,0.0000,0.0000,7292.0000,0.0000,0.0000,0.0000,0.0000,1,0,0,0,0,1,0,0,0,0
zc,TA305,2012-06-26 09:03:41.977,7276.0000,2282,0,0.0000,0.0000,0,0,多换,B,7280.0000,0.0000,0.0000,0.0000,0.0000,7290.0000,0.0000,0.0000,0.0000,0.0000,1,0,0,0,0,1,0,0,0,0
zc,TA305,2012-06-26 09:03:43.243,7276.0000,2282,0,0.0000,0.0000,0,0,多换,B,7282.0000,0.0000,0.0000,0.0000,0.0000,7292.0000,0.0000,0.0000,0.0000,0.0000,1,0,0,0,0,1,0,0,0,0
zc,TA305,2012-06-26 09:03:44.680,7276.0000,2282,0,0.0000,0.0000,0,0,多换,B,7280.0000,0.0000,0.0000,0.0000,0.0000,7290.0000,0.0000,0.0000,0.0000,0.0000,1,0,0,0,0,1,0,0,0,0
zc,TA305,2012-06-26 09:03:45.947,7276.0000,2282,0,0.0000,0.0000,0,0,多换,B,7282.0000,0.0000,0.0000,0.0000,0.0000,7292.0000,0.0000,0.0000,0.0000,0.0000,1,0,0,0,0,1,0,0,0,0
zc,TA305,2012-06-26 09:03:46.667,7276.0000,2282,0,0.0000,0.0000,0,0,多换,B,7282.0000,0.0000,0.0000,0.0000,0.0000,7292.0000,0.0000,0.0000,0.0000,0.0000,1,0,0,0,0,2,0,0,0,0
zc,TA305,2012-06-26 09:03:47.180,7276.0000,2282,0,0.0000,0.0000,0,0,多换,B,7280.0000,0.0000,0.0000,0.0000,0.0000,7290.0000,0.0000,0.0000,0.0000,0.0000,1,0,0,0,0,1,0,0,0,0
zc,TA305,2012-06-26 09:03:53.930,7276.0000,2282,0,0.0000,0.0000,0,0,多换,B,7282.0000,0.0000,0.0000,0.0000,0.0000,7292.0000,0.0000,0.0000,0.0000,0.0000,1,0,0,0,0,2,0,0,0,0
zc,TA305,2012-06-26 09:03:54.917,7276.0000,2282,0,0.0000,0.0000,0,0,多换,B,7280.0000,0.0000,0.0000,0.0000,0.0000,7290.0000,0.0000,0.0000,0.0000,0.0000,1,0,0,0,0,1,0,0,0,0
zc,TA305,2012-06-26 09:03:58.417,7276.0000,2282,0,0.0000,0.0000,0,0,多换,B,7282.0000,0.0000,0.0000,0.0000,0.0000,7292.0000,0.0000,0.0000,0.0000,0.0000,1,0,0,0,0,2,0,0,0,0
zc,TA305,2012-06-26 09:03:59.477,7276.0000,2282,0,0.0000,0.0000,0,0,多换,B,7280.0000,0.0000,0.0000,0.0000,0.0000,7290.0000,0.0000,0.0000,0.0000,0.0000,1,0,0,0,0,1,0,0,0,0
zc,TA305,2012-06-26 09:04:05.930,7276.0000,2282,0,0.0000,0.0000,0,0,多换,B,7280.0000,0.0000,0.0000,0.0000,0.0000,7290.0000,0.0000,0.0000,0.0000,0.0000,1,0,0,0,0,2,0,0,0,0
zc,TA305,2012-06-26 09:04:11.180,7276.0000,2282,0,0.0000,0.0000,0,0,多换,B,7280.0000,0.0000,0.0000,0.0000,0.0000,7288.0000,0.0000,0.0000,0.0000,0.0000,1,0,0,0,0,1,0,0,0,0
zc,TA305,2012-06-26 09:04:13.167,7276.0000,2282,0,0.0000,0.0000,0,0,多换,B,7280.0000,0.0000,0.0000,0.0000,0.0000,7286.0000,0.0000,0.0000,0.0000,0.0000,1,0,0,0,0,1,0,0,0,0
zc,TA305,2012-06-26 09:04:22.713,7276.0000,2282,0,0.0000,0.0000,0,0,多换,B,7280.0000,0.0000,0.0000,0.0000,0.0000,7284.0000,0.0000,0.0000,0.0000,0.0000,1,0,0,0,0,1,0,0,0,0
zc,TA305,2012-06-26 09:04:22.883,7276.0000,2282,0,0.0000,2.0000,1,1,多换,B,7280.0000,0.0000,0.0000,0.0000,0.0000,7284.0000,0.0000,0.0000,0.0000,0.0000,2,0,0,0,0,1,0,0,0,0
zc,TA305,2012-06-26 09:04:24.930,7276.0000,2282,0,0.0000,0.0000,0,0,多换,B,7280.0000,0.0000,0.0000,0.0000,0.0000,7286.0000,0.0000,0.0000,0.0000,0.0000,2,0,0,0,0,1,0,0,0,0
zc,TA305,2012-06-26 09:04:31.400,7276.0000,2282,0,0.0000,0.0000,0,0,多换,B,7280.0000,0.0000,0.0000,0.0000,0.0000,7286.0000,0.0000,0.0000,0.0000,0.0000,1,0,0,0,0,1,0,0,0,0
zc,TA305,2012-06-26 09:04:31.900,7276.0000,2282,0,0.0000,0.0000,0,0,多换,B,7278.0000,0.0000,0.0000,0.0000,0.0000,7286.0000,0.0000,0.0000,0.0000,0.0000,2,0,0,0,0,1,0,0,0,0
zc,TA305,2012-06-26 09:04:35.883,7276.0000,2282,0,0.0000,0.0000,0,0,多换,B,7278.0000,0.0000,0.0000,0.0000,0.0000,7286.0000,0.0000,0.0000,0.0000,0.0000,2,0,0,0,0,2,0,0,0,0
zc,TA305,2012-06-26 09:04:39.963,7276.0000,2282,0,0.0000,0.0000,0,0,多换,B,7278.0000,0.0000,0.0000,0.0000,0.0000,7286.0000,0.0000,0.0000,0.0000,0.0000,1,0,0,0,0,1,0,0,0,0
zc,TA305,2012-06-26 09:04:40.667,7276.0000,2282,0,0.0000,0.0000,0,0,多换,B,7276.0000,0.0000,0.0000,0.0000,0.0000,7286.0000,0.0000,0.0000,0.0000,0.0000,4,0,0,0,0,2,0,0,0,0
zc,TA305,2012-06-26 09:04:41.963,7276.0000,2282,0,0.0000,0.0000,0,0,多换,B,7278.0000,0.0000,0.0000,0.0000,0.0000,7286.0000,0.0000,0.0000,0.0000,0.0000,2,0,0,0,0,1,0,0,0,0
zc,TA305,2012-06-26 09:04:52.197,7276.0000,2282,0,0.0000,0.0000,0,0,多换,B,7278.0000,0.0000,0.0000,0.0000,0.0000,7286.0000,0.0000,0.0000,0.0000,0.0000,2,0,0,0,0,2,0,0,0,0
zc,TA305,2012-06-26 09:04:52.900,7276.0000,2282,0,0.0000,0.0000,0,0,多换,B,7278.0000,0.0000,0.0000,0.0000,0.0000,7286.0000,0.0000,0.0000,0.0000,0.0000,2,0,0,0,0,1,0,0,0,0
zc,TA305,2012-06-26 09:04:57.447,7276.0000,2282,0,0.0000,0.0000,0,0,多换,B,7278.0000,0.0000,0.0000,0.0000,0.0000,7286.0000,0.0000,0.0000,0.0000,0.0000,2,0,0,0,0,2,0,0,0,0
zc,TA305,2012-06-26 09:04:59.917,7276.0000,2282,0,0.0000,0.0000,0,0,多换,B,7278.0000,0.0000,0.0000,0.0000,0.0000,7286.0000,0.0000,0.0000,0.0000,0.0000,2,0,0,0,0,1,0,0,0,0
zc,TA305,2012-06-26 09:05:02.167,7276.0000,2282,0,0.0000,0.0000,0,0,多换,B,7278.0000,0.0000,0.0000,0.0000,0.0000,7286.0000,0.0000,0.0000,0.0000,0.0000,2,0,0,0,0,2,0,0,0,0
zc,TA305,2012-06-26 09:05:04.680,7276.0000,2282,0,0.0000,0.0000,0,0,多换,B,7278.0000,0.0000,0.0000,0.0000,0.0000,7286.0000,0.0000,0.0000,0.0000,0.0000,2,0,0,0,0,1,0,0,0,0
zc,TA305,2012-06-26 09:05:05.883,7276.0000,2282,0,0.0000,0.0000,0,0,多换,B,7278.0000,0.0000,0.0000,0.0000,0.0000,7286.0000,0.0000,0.0000,0.0000,0.0000,2,0,0,0,0,2,0,0,0,0
zc,TA305,2012-06-26 09:05:15.430,7276.0000,2282,0,0.0000,0.0000,0,0,多换,B,7276.0000,0.0000,0.0000,0.0000,0.0000,7286.0000,0.0000,0.0000,0.0000,0.0000,4,0,0,0,0,3,0,0,0,0
zc,TA305,2012-06-26 09:05:17.680,7276.0000,2282,0,0.0000,0.0000,0,0,多换,B,7278.0000,0.0000,0.0000,0.0000,0.0000,7286.0000,0.0000,0.0000,0.0000,0.0000,2,0,0,0,0,3,0,0,0,0
zc,TA305,2012-06-26 09:05:18.180,7276.0000,2282,0,0.0000,0.0000,0,0,多换,B,7278.0000,0.0000,0.0000,0.0000,0.0000,7284.0000,0.0000,0.0000,0.0000,0.0000,2,0,0,0,0,1,0,0,0,0
zc,TA305,2012-06-26 09:05:18.667,7276.0000,2282,0,0.0000,0.0000,0,0,多换,B,7278.0000,0.0000,0.0000,0.0000,0.0000,7286.0000,0.0000,0.0000,0.0000,0.0000,2,0,0,0,0,3,0,0,0,0
zc,TA305,2012-06-26 09:05:19.167,7276.0000,2282,0,0.0000,0.0000,0,0,多换,B,7278.0000,0.0000,0.0000,0.0000,0.0000,7284.0000,0.0000,0.0000,0.0000,0.0000,2,0,0,0,0,1,0,0,0,0
zc,TA305,2012-06-26 09:05:24.167,7276.0000,2282,0,0.0000,0.0000,0,0,多换,B,7278.0000,0.0000,0.0000,0.0000,0.0000,7282.0000,0.0000,0.0000,0.0000,0.0000,2,0,0,0,0,1,0,0,0,0
zc,TA305,2012-06-26 09:05:30.430,7278.0000,2284,2,0.0000,2.0000,2,0,双开,B,7278.0000,0.0000,0.0000,0.0000,0.0000,7282.0000,0.0000,0.0000,0.0000,0.0000,1,0,0,0,0,1,0,0,0,0
zc,TA305,2012-06-26 09:05:32.917,7278.0000,2284,0,0.0000,0.0000,0,0,多换,B,7278.0000,0.0000,0.0000,0.0000,0.0000,7284.0000,0.0000,0.0000,0.0000,0.0000,1,0,0,0,0,1,0,0,0,0
zc,TA305,2012-06-26 09:05:36.367,7278.0000,2284,0,0.0000,2.0000,1,1,多换,B,7276.0000,0.0000,0.0000,0.0000,0.0000,7278.0000,0.0000,0.0000,0.0000,0.0000,2,0,0,0,0,1,0,0,0,0
zc,TA305,2012-06-26 09:05:37.633,7278.0000,2282,-2,0.0000,2.0000,0,2,双平,B,7278.0000,0.0000,0.0000,0.0000,0.0000,7284.0000,0.0000,0.0000,0.0000,0.0000,1,0,0,0,0,1,0,0,0,0
zc,TA305,2012-06-26 09:05:38.900,7278.0000,2282,0,0.0000,0.0000,0,0,多换,B,7278.0000,0.0000,0.0000,0.0000,0.0000,7286.0000,0.0000,0.0000,0.0000,0.0000,1,0,0,0,0,3,0,0,0,0
zc,TA305,2012-06-26 09:05:41.417,7278.0000,2282,0,0.0000,0.0000,0,0,多换,B,7278.0000,0.0000,0.0000,0.0000,0.0000,7284.0000,0.0000,0.0000,0.0000,0.0000,1,0,0,0,0,1,0,0,0,0
zc,TA305,2012-06-26 09:05:43.650,7278.0000,2282,0,0.0000,0.0000,0,0,多换,B,7278.0000,0.0000,0.0000,0.0000,0.0000,7284.0000,0.0000,0.0000,0.0000,0.0000,3,0,0,0,0,1,0,0,0,0
zc,TA305,2012-06-26 09:05:47.930,7278.0000,2282,0,0.0000,0.0000,0,0,多换,B,7278.0000,0.0000,0.0000,0.0000,0.0000,7284.0000,0.0000,0.0000,0.0000,0.0000,3,0,0,0,0,2,0,0,0,0
zc,TA305,2012-06-26 09:05:49.260,7278.0000,2282,0,0.0000,0.0000,0,0,多换,B,7278.0000,0.0000,0.0000,0.0000,0.0000,7284.0000,0.0000,0.0000,0.0000,0.0000,3,0,0,0,0,1,0,0,0,0
zc,TA305,2012-06-26 09:05:53.493,7278.0000,2282,0,0.0000,0.0000,0,0,多换,B,7278.0000,0.0000,0.0000,0.0000,0.0000,7284.0000,0.0000,0.0000,0.0000,0.0000,3,0,0,0,0,2,0,0,0,0
zc,TA305,2012-06-26 09:05:56.180,7278.0000,2282,0,0.0000,0.0000,0,0,多换,B,7278.0000,0.0000,0.0000,0.0000,0.0000,7284.0000,0.0000,0.0000,0.0000,0.0000,1,0,0,0,0,2,0,0,0,0
zc,TA305,2012-06-26 09:05:58.713,7278.0000,2276,-6,0.0000,6.0000,0,6,双平,B,7274.0000,0.0000,0.0000,0.0000,0.0000,7278.0000,0.0000,0.0000,0.0000,0.0000,1,0,0,0,0,5,0,0,0,0
zc,TA305,2012-06-26 09:05:59.180,7278.0000,2276,0,0.0000,0.0000,0,0,多换,B,7274.0000,0.0000,0.0000,0.0000,0.0000,7278.0000,0.0000,0.0000,0.0000,0.0000,3,0,0,0,0,5,0,0,0,0
zc,TA305,2012-06-26 09:06:01.650,7278.0000,2276,0,0.0000,0.0000,0,0,多换,B,7276.0000,0.0000,0.0000,0.0000,0.0000,7278.0000,0.0000,0.0000,0.0000,0.0000,1,0,0,0,0,5,0,0,0,0
zc,TA305,2012-06-26 09:06:02.463,7278.0000,2276,0,0.0000,0.0000,0,0,多换,B,7276.0000,0.0000,0.0000,0.0000,0.0000,7278.0000,0.0000,0.0000,0.0000,0.0000,3,0,0,0,0,5,0,0,0,0
zc,TA305,2012-06-26 09:06:04.930,7278.0000,2276,0,0.0000,0.0000,0,0,多换,B,7276.0000,0.0000,0.0000,0.0000,0.0000,7278.0000,0.0000,0.0000,0.0000,0.0000,2,0,0,0,0,5,0,0,0,0
zc,TA305,2012-06-26 09:06:05.150,7278.0000,2276,0,0.0000,0.0000,0,0,多换,B,7274.0000,0.0000,0.0000,0.0000,0.0000,7278.0000,0.0000,0.0000,0.0000,0.0000,1,0,0,0,0,5,0,0,0,0
zc,TA305,2012-06-26 09:06:05.883,7278.0000,2276,0,0.0000,0.0000,0,0,多换,B,7274.0000,0.0000,0.0000,0.0000,0.0000,7278.0000,0.0000,0.0000,0.0000,0.0000,3,0,0,0,0,5,0,0,0,0
zc,TA305,2012-06-26 09:06:23.197,7278.0000,2276,0,0.0000,0.0000,0,0,多换,B,7276.0000,0.0000,0.0000,0.0000,0.0000,7278.0000,0.0000,0.0000,0.0000,0.0000,1,0,0,0,0,5,0,0,0,0
zc,TA305,2012-06-26 09:06:23.667,7278.0000,2276,0,0.0000,0.0000,0,0,多换,B,7276.0000,0.0000,0.0000,0.0000,0.0000,7278.0000,0.0000,0.0000,0.0000,0.0000,3,0,0,0,0,5,0,0,0,0
zc,TA305,2012-06-26 09:06:26.167,7278.0000,2276,0,0.0000,0.0000,0,0,多换,B,7276.0000,0.0000,0.0000,0.0000,0.0000,7278.0000,0.0000,0.0000,0.0000,0.0000,2,0,0,0,0,5,0,0,0,0
zc,TA305,2012-06-26 09:06:26.447,7278.0000,2276,0,0.0000,0.0000,0,0,多换,B,7274.0000,0.0000,0.0000,0.0000,0.0000,7278.0000,0.0000,0.0000,0.0000,0.0000,1,0,0,0,0,5,0,0,0,0
zc,TA305,2012-06-26 09:06:27.167,7278.0000,2276,0,0.0000,0.0000,0,0,多换,B,7274.0000,0.0000,0.0000,0.0000,0.0000,7278.0000,0.0000,0.0000,0.0000,0.0000,3,0,0,0,0,5,0,0,0,0
zc,TA305,2012-06-26 09:06:28.417,7278.0000,2276,0,0.0000,0.0000,0,0,多换,B,7274.0000,0.0000,0.0000,0.0000,0.0000,7278.0000,0.0000,0.0000,0.0000,0.0000,3,0,0,0,0,6,0,0,0,0
zc,TA305,2012-06-26 09:06:52.697,7278.0000,2276,0,0.0000,0.0000,0,0,多换,B,7274.0000,0.0000,0.0000,0.0000,0.0000,7278.0000,0.0000,0.0000,0.0000,0.0000,2,0,0,0,0,6,0,0,0,0
zc,TA305,2012-06-26 09:06:53.417,7278.0000,2276,0,0.0000,0.0000,0,0,多换,B,7272.0000,0.0000,0.0000,0.0000,0.0000,7278.0000,0.0000,0.0000,0.0000,0.0000,1,0,0,0,0,6,0,0,0,0
zc,TA305,2012-06-26 09:06:53.867,7278.0000,2276,0,0.0000,0.0000,0,0,多换,B,7272.0000,0.0000,0.0000,0.0000,0.0000,7278.0000,0.0000,0.0000,0.0000,0.0000,3,0,0,0,0,6,0,0,0,0
zc,TA305,2012-06-26 09:07:02.963,7278.0000,2276,0,0.0000,0.0000,0,0,多换,B,7272.0000,0.0000,0.0000,0.0000,0.0000,7276.0000,0.0000,0.0000,0.0000,0.0000,2,0,0,0,0,1,0,0,0,0
zc,TA305,2012-06-26 09:07:03.447,7278.0000,2276,0,0.0000,0.0000,0,0,多换,B,7270.0000,0.0000,0.0000,0.0000,0.0000,7276.0000,0.0000,0.0000,0.0000,0.0000,1,0,0,0,0,1,0,0,0,0
zc,TA305,2012-06-26 09:07:04.133,7278.0000,2276,0,0.0000,0.0000,0,0,多换,B,7270.0000,0.0000,0.0000,0.0000,0.0000,7276.0000,0.0000,0.0000,0.0000,0.0000,3,0,0,0,0,1,0,0,0,0
zc,TA305,2012-06-26 09:07:04.697,7278.0000,2276,0,0.0000,0.0000,0,0,多换,B,7270.0000,0.0000,0.0000,0.0000,0.0000,7274.0000,0.0000,0.0000,0.0000,0.0000,3,0,0,0,0,1,0,0,0,0
zc,TA305,2012-06-26 09:07:06.493,7278.0000,2276,0,0.0000,0.0000,0,0,多换,B,7270.0000,0.0000,0.0000,0.0000,0.0000,7274.0000,0.0000,0.0000,0.0000,0.0000,2,0,0,0,0,1,0,0,0,0
zc,TA305,2012-06-26 09:07:06.930,7270.0000,2276,0,0.0000,2.0000,1,1,空换,S,7268.0000,0.0000,0.0000,0.0000,0.0000,7272.0000,0.0000,0.0000,0.0000,0.0000,1,0,0,0,0,1,0,0,0,0
zc,TA305,2012-06-26 09:07:08.180,7270.0000,2276,0,0.0000,0.0000,0,0,空换,S,7268.0000,0.0000,0.0000,0.0000,0.0000,7272.0000,0.0000,0.0000,0.0000,0.0000,2,0,0,0,0,1,0,0,0,0
zc,TA305,2012-06-26 09:07:09.463,7270.0000,2276,0,0.0000,0.0000,0,0,空换,S,7270.0000,0.0000,0.0000,0.0000,0.0000,7272.0000,0.0000,0.0000,0.0000,0.0000,1,0,0,0,0,1,0,0,0,0
zc,TA305,2012-06-26 09:07:10.680,7270.0000,2276,0,0.0000,0.0000,0,0,空换,S,7268.0000,0.0000,0.0000,0.0000,0.0000,7272.0000,0.0000,0.0000,0.0000,0.0000,1,0,0,0,0,1,0,0,0,0
zc,TA305,2012-06-26 09:07:11.150,7270.0000,2276,0,0.0000,0.0000,0,0,空换,S,7268.0000,0.0000,0.0000,0.0000,0.0000,7272.0000,0.0000,0.0000,0.0000,0.0000,2,0,0,0,0,1,0,0,0,0
zc,TA305,2012-06-26 09:07:11.963,7270.0000,2274,-2,0.0000,2.0000,0,2,双平,S,7270.0000,0.0000,0.0000,0.0000,0.0000,7272.0000,0.0000,0.0000,0.0000,0.0000,2,0,0,0,0,1,0,0,0,0
zc,TA305,2012-06-26 09:07:13.180,7270.0000,2274,0,0.0000,0.0000,0,0,空换,S,7270.0000,0.0000,0.0000,0.0000,0.0000,7272.0000,0.0000,0.0000,0.0000,0.0000,3,0,0,0,0,1,0,0,0,0
zc,TA305,2012-06-26 09:07:13.680,7272.0000,2272,-2,0.0000,2.0000,0,2,双平,B,7270.0000,0.0000,0.0000,0.0000,0.0000,7278.0000,0.0000,0.0000,0.0000,0.0000,2,0,0,0,0,7,0,0,0,0
zc,TA305,2012-06-26 09:07:14.680,7272.0000,2272,0,0.0000,0.0000,0,0,多换,B,7270.0000,0.0000,0.0000,0.0000,0.0000,7278.0000,0.0000,0.0000,0.0000,0.0000,1,0,0,0,0,9,0,0,0,0
zc,TA305,2012-06-26 09:07:15.430,7272.0000,2272,0,0.0000,0.0000,0,0,多换,B,7268.0000,0.0000,0.0000,0.0000,0.0000,7278.0000,0.0000,0.0000,0.0000,0.0000,1,0,0,0,0,9,0,0,0,0
zc,TA305,2012-06-26 09:07:16.150,7272.0000,2272,0,0.0000,0.0000,0,0,多换,B,7268.0000,0.0000,0.0000,0.0000,0.0000,7278.0000,0.0000,0.0000,0.0000,0.0000,2,0,0,0,0,9,0,0,0,0
zc,TA305,2012-06-26 09:07:17.197,7272.0000,2272,0,0.0000,0.0000,0,0,多换,B,7268.0000,0.0000,0.0000,0.0000,0.0000,7276.0000,0.0000,0.0000,0.0000,0.0000,1,0,0,0,0,2,0,0,0,0
zc,TA305,2012-06-26 09:07:17.680,7272.0000,2272,0,0.0000,0.0000,0,0,多换,B,7268.0000,0.0000,0.0000,0.0000,0.0000,7278.0000,0.0000,0.0000,0.0000,0.0000,1,0,0,0,0,9,0,0,0,0
zc,TA305,2012-06-26 09:07:18.383,7272.0000,2272,0,0.0000,0.0000,0,0,多换,B,7268.0000,0.0000,0.0000,0.0000,0.0000,7278.0000,0.0000,0.0000,0.0000,0.0000,2,0,0,0,0,9,0,0,0,0
zc,TA305,2012-06-26 09:07:20.917,7272.0000,2272,0,0.0000,0.0000,0,0,多换,B,7268.0000,0.0000,0.0000,0.0000,0.0000,7276.0000,0.0000,0.0000,0.0000,0.0000,1,0,0,0,0,2,0,0,0,0
zc,TA305,2012-06-26 09:07:21.400,7272.0000,2272,0,0.0000,0.0000,0,0,多换,B,7266.0000,0.0000,0.0000,0.0000,0.0000,7276.0000,0.0000,0.0000,0.0000,0.0000,2,0,0,0,0,2,0,0,0,0
zc,TA305,2012-06-26 09:07:23.697,7272.0000,2272,0,0.0000,0.0000,0,0,多换,B,7266.0000,0.0000,0.0000,0.0000,0.0000,7276.0000,0.0000,0.0000,0.0000,0.0000,2,0,0,0,0,3,0,0,0,0
zc,TA305,2012-06-26 09:07:25.180,7272.0000,2272,0,0.0000,0.0000,0,0,多换,B,7266.0000,0.0000,0.0000,0.0000,0.0000,7276.0000,0.0000,0.0000,0.0000,0.0000,2,0,0,0,0,4,0,0,0,0
zc,TA305,2012-06-26 09:07:27.667,7272.0000,2272,0,0.0000,0.0000,0,0,多换,B,7266.0000,0.0000,0.0000,0.0000,0.0000,7274.0000,0.0000,0.0000,0.0000,0.0000,2,0,0,0,0,1,0,0,0,0
zc,TA305,2012-06-26 09:07:28.197,7272.0000,2272,0,0.0000,0.0000,0,0,多换,B,7266.0000,0.0000,0.0000,0.0000,0.0000,7276.0000,0.0000,0.0000,0.0000,0.0000,2,0,0,0,0,4,0,0,0,0
zc,TA305,2012-06-26 09:07:29.167,7272.0000,2272,0,0.0000,0.0000,0,0,多换,B,7266.0000,0.0000,0.0000,0.0000,0.0000,7274.0000,0.0000,0.0000,0.0000,0.0000,2,0,0,0,0,1,0,0,0,0
zc,TA305,2012-06-26 09:07:33.883,7274.0000,2274,2,0.0000,2.0000,2,0,双开,B,7266.0000,0.0000,0.0000,0.0000,0.0000,7276.0000,0.0000,0.0000,0.0000,0.0000,2,0,0,0,0,4,0,0,0,0
zc,TA305,2012-06-26 09:07:34.930,7274.0000,2274,0,0.0000,0.0000,0,0,多换,B,7266.0000,0.0000,0.0000,0.0000,0.0000,7274.0000,0.0000,0.0000,0.0000,0.0000,2,0,0,0,0,1,0,0,0,0
zc,TA305,2012-06-26 09:07:35.697,7274.0000,2274,0,0.0000,0.0000,0,0,多换,B,7266.0000,0.0000,0.0000,0.0000,0.0000,7276.0000,0.0000,0.0000,0.0000,0.0000,2,0,0,0,0,4,0,0,0,0
zc,TA305,2012-06-26 09:07:37.150,7274.0000,2274,0,0.0000,0.0000,0,0,多换,B,7266.0000,0.0000,0.0000,0.0000,0.0000,7276.0000,0.0000,0.0000,0.0000,0.0000,2,0,0,0,0,3,0,0,0,0
zc,TA305,2012-06-26 09:07:38.430,7274.0000,2274,0,0.0000,0.0000,0,0,多换,B,7266.0000,0.0000,0.0000,0.0000,0.0000,7276.0000,0.0000,0.0000,0.0000,0.0000,2,0,0,0,0,4,0,0,0,0
zc,TA305,2012-06-26 09:07:39.697,7274.0000,2274,0,0.0000,0.0000,0,0,多换,B,7266.0000,0.0000,0.0000,0.0000,0.0000,7274.0000,0.0000,0.0000,0.0000,0.0000,1,0,0,0,0,2,0,0,0,0
zc,TA305,2012-06-26 09:07:40.150,7274.0000,2274,0,0.0000,0.0000,0,0,多换,B,7264.0000,0.0000,0.0000,0.0000,0.0000,7274.0000,0.0000,0.0000,0.0000,0.0000,1,0,0,0,0,2,0,0,0,0
zc,TA305,2012-06-26 09:07:41.430,7274.0000,2274,0,0.0000,0.0000,0,0,多换,B,7264.0000,0.0000,0.0000,0.0000,0.0000,7274.0000,0.0000,0.0000,0.0000,0.0000,2,0,0,0,0,2,0,0,0,0
zc,TA305,2012-06-26 09:07:47.680,7274.0000,2274,0,0.0000,0.0000,0,0,多换,B,7266.0000,0.0000,0.0000,0.0000,0.0000,7274.0000,0.0000,0.0000,0.0000,0.0000,1,0,0,0,0,2,0,0,0,0
zc,TA305,2012-06-26 09:07:55.493,7274.0000,2274,0,0.0000,0.0000,0,0,多换,B,7266.0000,0.0000,0.0000,0.0000,0.0000,7276.0000,0.0000,0.0000,0.0000,0.0000,2,0,0,0,0,3,0,0,0,0
zc,TA305,2012-06-26 09:07:55.650,7274.0000,2274,0,0.0000,0.0000,0,0,多换,B,7266.0000,0.0000,0.0000,0.0000,0.0000,7276.0000,0.0000,0.0000,0.0000,0.0000,3,0,0,0,0,3,0,0,0,0
zc,TA305,2012-06-26 09:08:00.430,7274.0000,2274,0,0.0000,0.0000,0,0,多换,B,7266.0000,0.0000,0.0000,0.0000,0.0000,7274.0000,0.0000,0.0000,0.0000,0.0000,2,0,0,0,0,2,0,0,0,0
zc,TA305,2012-06-26 09:08:00.867,7274.0000,2274,0,0.0000,0.0000,0,0,多换,B,7266.0000,0.0000,0.0000,0.0000,0.0000,7274.0000,0.0000,0.0000,0.0000,0.0000,1,0,0,0,0,2,0,0,0,0
zc,TA305,2012-06-26 09:08:04.633,7274.0000,2274,0,0.0000,0.0000,0,0,多换,B,7266.0000,0.0000,0.0000,0.0000,0.0000,7276.0000,0.0000,0.0000,0.0000,0.0000,1,0,0,0,0,3,0,0,0,0
zc,TA305,2012-06-26 09:08:04.900,7274.0000,2274,0,0.0000,0.0000,0,0,多换,B,7266.0000,0.0000,0.0000,0.0000,0.0000,7274.0000,0.0000,0.0000,0.0000,0.0000,1,0,0,0,0,1,0,0,0,0
zc,TA305,2012-06-26 09:08:05.633,7274.0000,2274,0,0.0000,0.0000,0,0,多换,B,7266.0000,0.0000,0.0000,0.0000,0.0000,7274.0000,0.0000,0.0000,0.0000,0.0000,1,0,0,0,0,2,0,0,0,0
zc,TA305,2012-06-26 09:08:10.883,7274.0000,2274,0,0.0000,0.0000,0,0,多换,B,7266.0000,0.0000,0.0000,0.0000,0.0000,7276.0000,0.0000,0.0000,0.0000,0.0000,1,0,0,0,0,3,0,0,0,0
zc,TA305,2012-06-26 09:08:11.150,7274.0000,2274,0,0.0000,0.0000,0,0,多换,B,7266.0000,0.0000,0.0000,0.0000,0.0000,7276.0000,0.0000,0.0000,0.0000,0.0000,2,0,0,0,0,3,0,0,0,0
zc,TA305,2012-06-26 09:08:11.853,7274.0000,2274,0,0.0000,0.0000,0,0,多换,B,7266.0000,0.0000,0.0000,0.0000,0.0000,7276.0000,0.0000,0.0000,0.0000,0.0000,3,0,0,0,0,3,0,0,0,0
zc,TA305,2012-06-26 09:08:12.447,7274.0000,2274,0,0.0000,0.0000,0,0,多换,B,7266.0000,0.0000,0.0000,0.0000,0.0000,7274.0000,0.0000,0.0000,0.0000,0.0000,2,0,0,0,0,2,0,0,0,0
zc,TA305,2012-06-26 09:08:12.900,7274.0000,2274,0,0.0000,0.0000,0,0,多换,B,7266.0000,0.0000,0.0000,0.0000,0.0000,7274.0000,0.0000,0.0000,0.0000,0.0000,1,0,0,0,0,2,0,0,0,0
zc,TA305,2012-06-26 09:08:13.650,7274.0000,2274,0,0.0000,0.0000,0,0,多换,B,7266.0000,0.0000,0.0000,0.0000,0.0000,7276.0000,0.0000,0.0000,0.0000,0.0000,3,0,0,0,0,3,0,0,0,0
zc,TA305,2012-06-26 09:08:15.917,7274.0000,2274,0,0.0000,0.0000,0,0,多换,B,7266.0000,0.0000,0.0000,0.0000,0.0000,7274.0000,0.0000,0.0000,0.0000,0.0000,2,0,0,0,0,2,0,0,0,0
zc,TA305,2012-06-26 09:08:17.133,7274.0000,2274,0,0.0000,0.0000,0,0,多换,B,7266.0000,0.0000,0.0000,0.0000,0.0000,7274.0000,0.0000,0.0000,0.0000,0.0000,1,0,0,0,0,2,0,0,0,0
zc,TA305,2012-06-26 09:08:18.197,7274.0000,2274,0,0.0000,0.0000,0,0,多换,B,7266.0000,0.0000,0.0000,0.0000,0.0000,7276.0000,0.0000,0.0000,0.0000,0.0000,2,0,0,0,0,3,0,0,0,0
zc,TA305,2012-06-26 09:08:19.133,7274.0000,2274,0,0.0000,0.0000,0,0,多换,B,7266.0000,0.0000,0.0000,0.0000,0.0000,7276.0000,0.0000,0.0000,0.0000,0.0000,3,0,0,0,0,3,0,0,0,0
zc,TA305,2012-06-26 09:08:23.167,7274.0000,2274,0,0.0000,0.0000,0,0,多换,B,7266.0000,0.0000,0.0000,0.0000,0.0000,7276.0000,0.0000,0.0000,0.0000,0.0000,3,0,0,0,0,4,0,0,0,0
zc,TA305,2012-06-26 09:08:36.417,7274.0000,2274,0,0.0000,0.0000,0,0,多换,B,7266.0000,0.0000,0.0000,0.0000,0.0000,7276.0000,0.0000,0.0000,0.0000,0.0000,2,0,0,0,0,4,0,0,0,0
zc,TA305,2012-06-26 09:08:36.930,7274.0000,2274,0,0.0000,0.0000,0,0,多换,B,7266.0000,0.0000,0.0000,0.0000,0.0000,7276.0000,0.0000,0.0000,0.0000,0.0000,3,0,0,0,0,4,0,0,0,0
zc,TA305,2012-06-26 09:08:38.180,7274.0000,2274,0,0.0000,0.0000,0,0,多换,B,7266.0000,0.0000,0.0000,0.0000,0.0000,7276.0000,0.0000,0.0000,0.0000,0.0000,1,0,0,0,0,4,0,0,0,0
zc,TA305,2012-06-26 09:08:39.150,7274.0000,2274,0,0.0000,0.0000,0,0,多换,B,7266.0000,0.0000,0.0000,0.0000,0.0000,7274.0000,0.0000,0.0000,0.0000,0.0000,1,0,0,0,0,2,0,0,0,0
zc,TA305,2012-06-26 09:08:41.883,7274.0000,2274,0,0.0000,0.0000,0,0,多换,B,7266.0000,0.0000,0.0000,0.0000,0.0000,7276.0000,0.0000,0.0000,0.0000,0.0000,2,0,0,0,0,4,0,0,0,0
zc,TA305,2012-06-26 09:08:42.633,7274.0000,2274,0,0.0000,0.0000,0,0,多换,B,7266.0000,0.0000,0.0000,0.0000,0.0000,7276.0000,0.0000,0.0000,0.0000,0.0000,3,0,0,0,0,4,0,0,0,0
zc,TA305,2012-06-26 09:08:54.417,7274.0000,2274,0,0.0000,0.0000,0,0,多换,B,7266.0000,0.0000,0.0000,0.0000,0.0000,7276.0000,0.0000,0.0000,0.0000,0.0000,3,0,0,0,0,3,0,0,0,0
zc,TA305,2012-06-26 09:08:55.667,7274.0000,2274,0,0.0000,0.0000,0,0,多换,B,7266.0000,0.0000,0.0000,0.0000,0.0000,7276.0000,0.0000,0.0000,0.0000,0.0000,3,0,0,0,0,4,0,0,0,0
zc,TA305,2012-06-26 09:08:57.150,7274.0000,2274,0,0.0000,0.0000,0,0,多换,B,7266.0000,0.0000,0.0000,0.0000,0.0000,7274.0000,0.0000,0.0000,0.0000,0.0000,2,0,0,0,0,2,0,0,0,0
zc,TA305,2012-06-26 09:08:57.617,7274.0000,2274,0,0.0000,0.0000,0,0,多换,B,7266.0000,0.0000,0.0000,0.0000,0.0000,7274.0000,0.0000,0.0000,0.0000,0.0000,1,0,0,0,0,2,0,0,0,0
zc,TA305,2012-06-26 09:09:02.617,7274.0000,2274,0,0.0000,0.0000,0,0,多换,B,7266.0000,0.0000,0.0000,0.0000,0.0000,7272.0000,0.0000,0.0000,0.0000,0.0000,1,0,0,0,0,1,0,0,0,0
zc,TA305,2012-06-26 09:09:10.900,7274.0000,2274,0,0.0000,0.0000,0,0,多换,B,7266.0000,0.0000,0.0000,0.0000,0.0000,7272.0000,0.0000,0.0000,0.0000,0.0000,2,0,0,0,0,1,0,0,0,0
zc,TA305,2012-06-26 09:09:11.417,7274.0000,2274,0,0.0000,0.0000,0,0,多换,B,7266.0000,0.0000,0.0000,0.0000,0.0000,7272.0000,0.0000,0.0000,0.0000,0.0000,3,0,0,0,0,1,0,0,0,0
zc,TA305,2012-06-26 09:09:13.917,7274.0000,2274,0,0.0000,0.0000,0,0,多换,B,7266.0000,0.0000,0.0000,0.0000,0.0000,7272.0000,0.0000,0.0000,0.0000,0.0000,2,0,0,0,0,1,0,0,0,0
zc,TA305,2012-06-26 09:09:14.167,7274.0000,2274,0,0.0000,0.0000,0,0,多换,B,7266.0000,0.0000,0.0000,0.0000,0.0000,7272.0000,0.0000,0.0000,0.0000,0.0000,1,0,0,0,0,1,0,0,0,0
zc,TA305,2012-06-26 09:09:21.383,7274.0000,2274,0,0.0000,0.0000,0,0,多换,B,7266.0000,0.0000,0.0000,0.0000,0.0000,7272.0000,0.0000,0.0000,0.0000,0.0000,2,0,0,0,0,1,0,0,0,0
zc,TA305,2012-06-26 09:09:22.150,7274.0000,2274,0,0.0000,0.0000,0,0,多换,B,7266.0000,0.0000,0.0000,0.0000,0.0000,7272.0000,0.0000,0.0000,0.0000,0.0000,3,0,0,0,0,1,0,0,0,0
zc,TA305,2012-06-26 09:09:33.900,7274.0000,2274,0,0.0000,0.0000,0,0,多换,B,7268.0000,0.0000,0.0000,0.0000,0.0000,7272.0000,0.0000,0.0000,0.0000,0.0000,1,0,0,0,0,1,0,0,0,0
zc,TA305,2012-06-26 09:09:35.167,7274.0000,2274,0,0.0000,0.0000,0,0,多换,B,7268.0000,0.0000,0.0000,0.0000,0.0000,7272.0000,0.0000,0.0000,0.0000,0.0000,2,0,0,0,0,1,0,0,0,0
zc,TA305,2012-06-26 09:09:37.633,7274.0000,2274,0,0.0000,0.0000,0,0,多换,B,7270.0000,0.0000,0.0000,0.0000,0.0000,7272.0000,0.0000,0.0000,0.0000,0.0000,1,0,0,0,0,1,0,0,0,0
zc,TA305,2012-06-26 09:09:37.900,7272.0000,2272,-2,0.0000,2.0000,0,2,双平,S,7266.0000,0.0000,0.0000,0.0000,0.0000,7276.0000,0.0000,0.0000,0.0000,0.0000,6,0,0,0,0,1,0,0,0,0
zc,TA305,2012-06-26 09:09:38.617,7272.0000,2272,0,0.0000,0.0000,0,0,空换,S,7270.0000,0.0000,0.0000,0.0000,0.0000,7276.0000,0.0000,0.0000,0.0000,0.0000,1,0,0,0,0,1,0,0,0,0
zc,TA305,2012-06-26 09:09:39.180,7272.0000,2272,0,0.0000,0.0000,0,0,空换,S,7268.0000,0.0000,0.0000,0.0000,0.0000,7278.0000,0.0000,0.0000,0.0000,0.0000,5,0,0,0,0,6,0,0,0,0
zc,TA305,2012-06-26 09:09:39.633,7272.0000,2272,0,0.0000,0.0000,0,0,空换,S,7270.0000,0.0000,0.0000,0.0000,0.0000,7278.0000,0.0000,0.0000,0.0000,0.0000,1,0,0,0,0,6,0,0,0,0
zc,TA305,2012-06-26 09:09:46.400,7272.0000,2272,0,0.0000,0.0000,0,0,空换,S,7270.0000,0.0000,0.0000,0.0000,0.0000,7278.0000,0.0000,0.0000,0.0000,0.0000,1,0,0,0,0,8,0,0,0,0
zc,TA305,2012-06-26 09:09:47.617,7272.0000,2272,0,0.0000,0.0000,0,0,空换,S,7266.0000,0.0000,0.0000,0.0000,0.0000,7278.0000,0.0000,0.0000,0.0000,0.0000,6,0,0,0,0,8,0,0,0,0
zc,TA305,2012-06-26 09:09:48.867,7272.0000,2272,0,0.0000,0.0000,0,0,空换,S,7268.0000,0.0000,0.0000,0.0000,0.0000,7278.0000,0.0000,0.0000,0.0000,0.0000,1,0,0,0,0,8,0,0,0,0
zc,TA305,2012-06-26 09:09:49.917,7272.0000,2272,0,0.0000,0.0000,0,0,空换,S,7268.0000,0.0000,0.0000,0.0000,0.0000,7278.0000,0.0000,0.0000,0.0000,0.0000,5,0,0,0,0,6,0,0,0,0
zc,TA305,2012-06-26 09:09:50.603,7272.0000,2272,0,0.0000,0.0000,0,0,空换,S,7270.0000,0.0000,0.0000,0.0000,0.0000,7278.0000,0.0000,0.0000,0.0000,0.0000,1,0,0,0,0,6,0,0,0,0
zc,TA305,2012-06-26 09:09:56.417,7272.0000,2272,0,0.0000,0.0000,0,0,空换,S,7266.0000,0.0000,0.0000,0.0000,0.0000,7278.0000,0.0000,0.0000,0.0000,0.0000,6,0,0,0,0,8,0,0,0,0
zc,TA305,2012-06-26 09:09:57.617,7272.0000,2272,0,0.0000,0.0000,0,0,空换,S,7268.0000,0.0000,0.0000,0.0000,0.0000,7278.0000,0.0000,0.0000,0.0000,0.0000,1,0,0,0,0,8,0,0,0,0
zc,TA305,2012-06-26 09:10:10.633,7272.0000,2272,0,0.0000,0.0000,0,0,空换,S,7268.0000,0.0000,0.0000,0.0000,0.0000,7276.0000,0.0000,0.0000,0.0000,0.0000,1,0,0,0,0,1,0,0,0,0
zc,TA305,2012-06-26 09:10:17.133,7272.0000,2272,0,0.0000,0.0000,0,0,空换,S,7268.0000,0.0000,0.0000,0.0000,0.0000,7276.0000,0.0000,0.0000,0.0000,0.0000,1,0,0,0,0,3,0,0,0,0
zc,TA305,2012-06-26 09:10:20.917,7272.0000,2272,0,0.0000,0.0000,0,0,空换,S,7268.0000,0.0000,0.0000,0.0000,0.0000,7274.0000,0.0000,0.0000,0.0000,0.0000,1,0,0,0,0,2,0,0,0,0
zc,TA305,2012-06-26 09:10:21.117,7272.0000,2272,0,0.0000,0.0000,0,0,空换,S,7266.0000,0.0000,0.0000,0.0000,0.0000,7274.0000,0.0000,0.0000,0.0000,0.0000,1,0,0,0,0,2,0,0,0,0
zc,TA305,2012-06-26 09:10:21.883,7272.0000,2272,0,0.0000,0.0000,0,0,空换,S,7266.0000,0.0000,0.0000,0.0000,0.0000,7274.0000,0.0000,0.0000,0.0000,0.0000,2,0,0,0,0,2,0,0,0,0
zc,TA305,2012-06-26 09:10:24.883,7272.0000,2272,0,0.0000,0.0000,0,0,空换,S,7266.0000,0.0000,0.0000,0.0000,0.0000,7274.0000,0.0000,0.0000,0.0000,0.0000,2,0,0,0,0,1,0,0,0,0
zc,TA305,2012-06-26 09:10:25.133,7272.0000,2272,0,0.0000,0.0000,0,0,空换,S,7266.0000,0.0000,0.0000,0.0000,0.0000,7276.0000,0.0000,0.0000,0.0000,0.0000,3,0,0,0,0,3,0,0,0,0
zc,TA305,2012-06-26 09:10:26.430,7272.0000,2272,0,0.0000,0.0000,0,0,空换,S,7268.0000,0.0000,0.0000,0.0000,0.0000,7276.0000,0.0000,0.0000,0.0000,0.0000,1,0,0,0,0,3,0,0,0,0
zc,TA305,2012-06-26 09:10:27.117,7272.0000,2272,0,0.0000,0.0000,0,0,空换,S,7266.0000,0.0000,0.0000,0.0000,0.0000,7276.0000,0.0000,0.0000,0.0000,0.0000,1,0,0,0,0,3,0,0,0,0
zc,TA305,2012-06-26 09:10:27.603,7272.0000,2272,0,0.0000,0.0000,0,0,空换,S,7266.0000,0.0000,0.0000,0.0000,0.0000,7276.0000,0.0000,0.0000,0.0000,0.0000,2,0,0,0,0,3,0,0,0,0
zc,TA305,2012-06-26 09:10:29.977,7272.0000,2272,0,0.0000,0.0000,0,0,空换,S,7266.0000,0.0000,0.0000,0.0000,0.0000,7274.0000,0.0000,0.0000,0.0000,0.0000,2,0,0,0,0,2,0,0,0,0
zc,TA305,2012-06-26 09:10:33.883,7272.0000,2272,0,0.0000,0.0000,0,0,空换,S,7266.0000,0.0000,0.0000,0.0000,0.0000,7276.0000,0.0000,0.0000,0.0000,0.0000,7,0,0,0,0,3,0,0,0,0
zc,TA305,2012-06-26 09:10:34.367,7272.0000,2272,0,0.0000,0.0000,0,0,空换,S,7268.0000,0.0000,0.0000,0.0000,0.0000,7276.0000,0.0000,0.0000,0.0000,0.0000,1,0,0,0,0,3,0,0,0,0
zc,TA305,2012-06-26 09:10:40.383,7272.0000,2272,0,0.0000,0.0000,0,0,空换,S,7268.0000,0.0000,0.0000,0.0000,0.0000,7276.0000,0.0000,0.0000,0.0000,0.0000,6,0,0,0,0,1,0,0,0,0
zc,TA305,2012-06-26 09:10:41.633,7272.0000,2272,0,0.0000,0.0000,0,0,空换,S,7270.0000,0.0000,0.0000,0.0000,0.0000,7276.0000,0.0000,0.0000,0.0000,0.0000,1,0,0,0,0,1,0,0,0,0
zc,TA305,2012-06-26 09:10:43.667,7272.0000,2272,0,0.0000,0.0000,0,0,空换,S,7270.0000,0.0000,0.0000,0.0000,0.0000,7274.0000,0.0000,0.0000,0.0000,0.0000,1,0,0,0,0,2,0,0,0,0
zc,TA305,2012-06-26 09:10:44.383,7272.0000,2272,0,0.0000,0.0000,0,0,空换,S,7266.0000,0.0000,0.0000,0.0000,0.0000,7274.0000,0.0000,0.0000,0.0000,0.0000,2,0,0,0,0,2,0,0,0,0
zc,TA305,2012-06-26 09:10:44.867,7272.0000,2272,0,0.0000,0.0000,0,0,空换,S,7266.0000,0.0000,0.0000,0.0000,0.0000,7274.0000,0.0000,0.0000,0.0000,0.0000,3,0,0,0,0,2,0,0,0,0
zc,TA305,2012-06-26 09:10:55.430,7272.0000,2272,0,0.0000,0.0000,0,0,空换,S,7266.0000,0.0000,0.0000,0.0000,0.0000,7276.0000,0.0000,0.0000,0.0000,0.0000,3,0,0,0,0,3,0,0,0,0
zc,TA305,2012-06-26 09:10:56.680,7272.0000,2272,0,0.0000,0.0000,0,0,空换,S,7268.0000,0.0000,0.0000,0.0000,0.0000,7276.0000,0.0000,0.0000,0.0000,0.0000,1,0,0,0,0,3,0,0,0,0
zc,TA305,2012-06-26 09:11:08.417,7272.0000,2272,0,0.0000,0.0000,0,0,空换,S,7268.0000,0.0000,0.0000,0.0000,0.0000,7276.0000,0.0000,0.0000,0.0000,0.0000,1,0,0,0,0,1,0,0,0,0
zc,TA305,2012-06-26 09:11:09.133,7272.0000,2272,0,0.0000,0.0000,0,0,空换,S,7268.0000,0.0000,0.0000,0.0000,0.0000,7276.0000,0.0000,0.0000,0.0000,0.0000,1,0,0,0,0,3,0,0,0,0
zc,TA305,2012-06-26 09:12:15.417,7272.0000,2272,0,0.0000,0.0000,0,0,空换,S,7266.0000,0.0000,0.0000,0.0000,0.0000,7274.0000,0.0000,0.0000,0.0000,0.0000,2,0,0,0,0,1,0,0,0,0
zc,TA305,2012-06-26 09:12:16.167,7272.0000,2272,0,0.0000,0.0000,0,0,空换,S,7266.0000,0.0000,0.0000,0.0000,0.0000,7274.0000,0.0000,0.0000,0.0000,0.0000,3,0,0,0,0,1,0,0,0,0
zc,TA305,2012-06-26 09:12:24.117,7272.0000,2272,0,0.0000,0.0000,0,0,空换,S,7266.0000,0.0000,0.0000,0.0000,0.0000,7274.0000,0.0000,0.0000,0.0000,0.0000,3,0,0,0,0,2,0,0,0,0
zc,TA305,2012-06-26 09:12:32.430,7272.0000,2272,0,0.0000,0.0000,0,0,空换,S,7266.0000,0.0000,0.0000,0.0000,0.0000,7276.0000,0.0000,0.0000,0.0000,0.0000,7,0,0,0,0,3,0,0,0,0
zc,TA305,2012-06-26 09:12:32.853,7272.0000,2272,0,0.0000,0.0000,0,0,空换,S,7266.0000,0.0000,0.0000,0.0000,0.0000,7276.0000,0.0000,0.0000,0.0000,0.0000,6,0,0,0,0,3,0,0,0,0
zc,TA305,2012-06-26 09:12:33.617,7272.0000,2272,0,0.0000,0.0000,0,0,空换,S,7268.0000,0.0000,0.0000,0.0000,0.0000,7276.0000,0.0000,0.0000,0.0000,0.0000,1,0,0,0,0,3,0,0,0,0
zc,TA305,2012-06-26 09:13:54.400,7272.0000,2272,0,0.0000,0.0000,0,0,空换,S,7268.0000,0.0000,0.0000,0.0000,0.0000,7276.0000,0.0000,0.0000,0.0000,0.0000,1,0,0,0,0,2,0,0,0,0
zc,TA305,2012-06-26 09:13:55.133,7272.0000,2272,0,0.0000,0.0000,0,0,空换,S,7268.0000,0.0000,0.0000,0.0000,0.0000,7276.0000,0.0000,0.0000,0.0000,0.0000,6,0,0,0,0,1,0,0,0,0
zc,TA305,2012-06-26 09:13:55.367,7272.0000,2272,0,0.0000,0.0000,0,0,空换,S,7270.0000,0.0000,0.0000,0.0000,0.0000,7276.0000,0.0000,0.0000,0.0000,0.0000,1,0,0,0,0,1,0,0,0,0
zc,TA305,2012-06-26 09:13:56.150,7272.0000,2272,0,0.0000,0.0000,0,0,空换,S,7270.0000,0.0000,0.0000,0.0000,0.0000,7276.0000,0.0000,0.0000,0.0000,0.0000,1,0,0,0,0,3,0,0,0,0
zc,TA305,2012-06-26 09:13:56.633,7272.0000,2272,0,0.0000,0.0000,0,0,空换,S,7266.0000,0.0000,0.0000,0.0000,0.0000,7276.0000,0.0000,0.0000,0.0000,0.0000,7,0,0,0,0,3,0,0,0,0
zc,TA305,2012-06-26 09:13:57.383,7272.0000,2272,0,0.0000,0.0000,0,0,空换,S,7268.0000,0.0000,0.0000,0.0000,0.0000,7276.0000,0.0000,0.0000,0.0000,0.0000,1,0,0,0,0,3,0,0,0,0
zc,TA305,2012-06-26 09:14:00.867,7272.0000,2272,0,0.0000,0.0000,0,0,空换,S,7268.0000,0.0000,0.0000,0.0000,0.0000,7276.0000,0.0000,0.0000,0.0000,0.0000,1,0,0,0,0,1,0,0,0,0
zc,TA305,2012-06-26 09:14:01.867,7272.0000,2272,0,0.0000,0.0000,0,0,空换,S,7268.0000,0.0000,0.0000,0.0000,0.0000,7276.0000,0.0000,0.0000,0.0000,0.0000,6,0,0,0,0,1,0,0,0,0
zc,TA305,2012-06-26 09:14:02.603,7272.0000,2272,0,0.0000,0.0000,0,0,空换,S,7270.0000,0.0000,0.0000,0.0000,0.0000,7276.0000,0.0000,0.0000,0.0000,0.0000,1,0,0,0,0,1,0,0,0,0
zc,TA305,2012-06-26 09:14:06.917,7272.0000,2272,0,0.0000,0.0000,0,0,空换,S,7268.0000,0.0000,0.0000,0.0000,0.0000,7276.0000,0.0000,0.0000,0.0000,0.0000,1,0,0,0,0,3,0,0,0,0
zc,TA305,2012-06-26 09:14:07.117,7272.0000,2272,0,0.0000,0.0000,0,0,空换,S,7268.0000,0.0000,0.0000,0.0000,0.0000,7276.0000,0.0000,0.0000,0.0000,0.0000,2,0,0,0,0,3,0,0,0,0
zc,TA305,2012-06-26 09:14:09.383,7272.0000,2272,0,0.0000,0.0000,0,0,空换,S,7268.0000,0.0000,0.0000,0.0000,0.0000,7276.0000,0.0000,0.0000,0.0000,0.0000,2,0,0,0,0,1,0,0,0,0
zc,TA305,2012-06-26 09:14:09.900,7272.0000,2272,0,0.0000,0.0000,0,0,空换,S,7268.0000,0.0000,0.0000,0.0000,0.0000,7276.0000,0.0000,0.0000,0.0000,0.0000,2,0,0,0,0,3,0,0,0,0
zc,TA305,2012-06-26 09:14:17.977,7272.0000,2272,0,0.0000,0.0000,0,0,空换,S,7268.0000,0.0000,0.0000,0.0000,0.0000,7274.0000,0.0000,0.0000,0.0000,0.0000,1,0,0,0,0,2,0,0,0,0
zc,TA305,2012-06-26 09:15:09.417,7272.0000,2272,0,0.0000,0.0000,0,0,空换,S,7268.0000,0.0000,0.0000,0.0000,0.0000,7272.0000,0.0000,0.0000,0.0000,0.0000,1,0,0,0,0,1,0,0,0,0
zc,TA305,2012-06-26 09:15:12.383,7272.0000,2272,0,0.0000,0.0000,0,0,空换,S,7268.0000,0.0000,0.0000,0.0000,0.0000,7272.0000,0.0000,0.0000,0.0000,0.0000,1,0,0,0,0,2,0,0,0,0
zc,TA305,2012-06-26 09:15:57.900,7272.0000,2272,0,0.0000,0.0000,0,0,空换,S,7268.0000,0.0000,0.0000,0.0000,0.0000,7270.0000,0.0000,0.0000,0.0000,0.0000,1,0,0,0,0,2,0,0,0,0
zc,TA305,2012-06-26 09:16:08.617,7272.0000,2272,0,0.0000,0.0000,0,0,空换,S,7268.0000,0.0000,0.0000,0.0000,0.0000,7272.0000,0.0000,0.0000,0.0000,0.0000,1,0,0,0,0,2,0,0,0,0
zc,TA305,2012-06-26 09:16:14.603,7272.0000,2272,0,0.0000,0.0000,0,0,空换,S,7266.0000,0.0000,0.0000,0.0000,0.0000,7272.0000,0.0000,0.0000,0.0000,0.0000,2,0,0,0,0,2,0,0,0,0
zc,TA305,2012-06-26 09:16:19.867,7272.0000,2278,6,0.0000,6.0000,6,0,双开,S,7272.0000,0.0000,0.0000,0.0000,0.0000,7274.0000,0.0000,0.0000,0.0000,0.0000,1,0,0,0,0,1,0,0,0,0
zc,TA305,2012-06-26 09:16:20.650,7272.0000,2278,0,0.0000,0.0000,0,0,空换,S,7272.0000,0.0000,0.0000,0.0000,0.0000,7276.0000,0.0000,0.0000,0.0000,0.0000,1,0,0,0,0,2,0,0,0,0
zc,TA305,2012-06-26 09:16:36.837,7272.0000,2278,0,0.0000,0.0000,0,0,空换,S,7272.0000,0.0000,0.0000,0.0000,0.0000,7276.0000,0.0000,0.0000,0.0000,0.0000,1,0,0,0,0,2,0,0,0,0
zc,TA305,2012-06-26 09:17:01.667,7272.0000,2278,0,0.0000,0.0000,0,0,空换,S,7272.0000,0.0000,0.0000,0.0000,0.0000,7276.0000,0.0000,0.0000,0.0000,0.0000,1,0,0,0,0,1,0,0,0,0
zc,TA305,2012-06-26 09:17:09.383,7272.0000,2278,0,0.0000,0.0000,0,0,空换,S,7272.0000,0.0000,0.0000,0.0000,0.0000,7278.0000,0.0000,0.0000,0.0000,0.0000,1,0,0,0,0,6,0,0,0,0
zc,TA305,2012-06-26 09:17:39.167,7272.0000,2278,0,0.0000,0.0000,0,0,空换,S,7272.0000,0.0000,0.0000,0.0000,0.0000,7278.0000,0.0000,0.0000,0.0000,0.0000,1,0,0,0,0,7,0,0,0,0
zc,TA305,2012-06-26 09:17:40.867,7272.0000,2278,0,0.0000,0.0000,0,0,空换,S,7272.0000,0.0000,0.0000,0.0000,0.0000,7276.0000,0.0000,0.0000,0.0000,0.0000,1,0,0,0,0,1,0,0,0,0
zc,TA305,2012-06-26 09:17:46.633,7272.0000,2278,0,0.0000,0.0000,0,0,空换,S,7272.0000,0.0000,0.0000,0.0000,0.0000,7276.0000,0.0000,0.0000,0.0000,0.0000,1,0,0,0,0,2,0,0,0,0
zc,TA305,2012-06-26 09:17:47.667,7272.0000,2278,0,0.0000,0.0000,0,0,空换,S,7272.0000,0.0000,0.0000,0.0000,0.0000,7274.0000,0.0000,0.0000,0.0000,0.0000,1,0,0,0,0,1,0,0,0,0
zc,TA305,2012-06-26 09:17:56.867,7272.0000,2280,2,0.0000,2.0000,2,0,双开,S,7266.0000,0.0000,0.0000,0.0000,0.0000,7274.0000,0.0000,0.0000,0.0000,0.0000,1,0,0,0,0,1,0,0,0,0
zc,TA305,2012-06-26 09:18:07.417,7274.0000,2284,4,0.0000,4.0000,4,0,双开,B,7274.0000,0.0000,0.0000,0.0000,0.0000,7276.0000,0.0000,0.0000,0.0000,0.0000,7,0,0,0,0,2,0,0,0,0
zc,TA305,2012-06-26 09:18:14.117,7274.0000,2286,2,0.0000,2.0000,2,0,双开,B,7274.0000,0.0000,0.0000,0.0000,0.0000,7276.0000,0.0000,0.0000,0.0000,0.0000,6,0,0,0,0,1,0,0,0,0
zc,TA305,2012-06-26 09:18:18.103,7274.0000,2286,0,0.0000,0.0000,0,0,多换,B,7274.0000,0.0000,0.0000,0.0000,0.0000,7278.0000,0.0000,0.0000,0.0000,0.0000,6,0,0,0,0,6,0,0,0,0
zc,TA305,2012-06-26 09:18:18.867,7274.0000,2286,0,0.0000,0.0000,0,0,多换,B,7274.0000,0.0000,0.0000,0.0000,0.0000,7276.0000,0.0000,0.0000,0.0000,0.0000,6,0,0,0,0,1,0,0,0,0
zc,TA305,2012-06-26 09:18:24.430,7274.0000,2298,12,0.0000,12.0000,12,0,双开,B,7266.0000,0.0000,0.0000,0.0000,0.0000,7274.0000,0.0000,0.0000,0.0000,0.0000,1,0,0,0,0,1,0,0,0,0
zc,TA305,2012-06-26 09:18:36.853,7274.0000,2298,0,0.0000,0.0000,0,0,多换,B,7266.0000,0.0000,0.0000,0.0000,0.0000,7274.0000,0.0000,0.0000,0.0000,0.0000,1,0,0,0,0,1,0,0,0,0
zc,TA305,2012-06-26 09:18:45.383,7274.0000,2298,0,0.0000,0.0000,0,0,多换,B,7266.0000,0.0000,0.0000,0.0000,0.0000,7274.0000,0.0000,0.0000,0.0000,0.0000,1,0,0,0,0,2,0,0,0,0
zc,TA305,2012-06-26 09:18:56.883,7274.0000,2298,0,0.0000,0.0000,0,0,多换,B,7266.0000,0.0000,0.0000,0.0000,0.0000,7274.0000,0.0000,0.0000,0.0000,0.0000,1,0,0,0,0,3,0,0,0,0
zc,TA305,2012-06-26 09:19:19.617,7274.0000,2298,0,0.0000,0.0000,0,0,多换,B,7266.0000,0.0000,0.0000,0.0000,0.0000,7272.0000,0.0000,0.0000,0.0000,0.0000,1,0,0,0,0,1,0,0,0,0
zc,TA305,2012-06-26 09:19:26.883,7274.0000,2298,0,0.0000,0.0000,0,0,多换,B,7266.0000,0.0000,0.0000,0.0000,0.0000,7268.0000,0.0000,0.0000,0.0000,0.0000,1,0,0,0,0,1,0,0,0,0
zc,TA305,2012-06-26 09:19:28.883,7266.0000,2300,2,0.0000,2.0000,2,0,双开,S,7258.0000,0.0000,0.0000,0.0000,0.0000,7270.0000,0.0000,0.0000,0.0000,0.0000,1,0,0,0,0,20,0,0,0,0
zc,TA305,2012-06-26 09:19:37.430,7266.0000,2300,0,0.0000,0.0000,0,0,空换,S,7256.0000,0.0000,0.0000,0.0000,0.0000,7270.0000,0.0000,0.0000,0.0000,0.0000,1,0,0,0,0,20,0,0,0,0
zc,TA305,2012-06-26 09:19:39.150,7266.0000,2300,0,0.0000,0.0000,0,0,空换,S,7258.0000,0.0000,0.0000,0.0000,0.0000,7270.0000,0.0000,0.0000,0.0000,0.0000,1,0,0,0,0,20,0,0,0,0
zc,TA305,2012-06-26 09:19:39.667,7266.0000,2300,0,0.0000,0.0000,0,0,空换,S,7256.0000,0.0000,0.0000,0.0000,0.0000,7270.0000,0.0000,0.0000,0.0000,0.0000,1,0,0,0,0,20,0,0,0,0
zc,TA305,2012-06-26 09:19:40.447,7266.0000,2300,0,0.0000,0.0000,0,0,空换,S,7258.0000,0.0000,0.0000,0.0000,0.0000,7270.0000,0.0000,0.0000,0.0000,0.0000,1,0,0,0,0,20,0,0,0,0
zc,TA305,2012-06-26 09:19:40.650,7266.0000,2300,0,0.0000,0.0000,0,0,空换,S,7256.0000,0.0000,0.0000,0.0000,0.0000,7268.0000,0.0000,0.0000,0.0000,0.0000,1,0,0,0,0,1,0,0,0,0
zc,TA305,2012-06-26 09:19:41.930,7266.0000,2300,0,0.0000,0.0000,0,0,空换,S,7256.0000,0.0000,0.0000,0.0000,0.0000,7268.0000,0.0000,0.0000,0.0000,0.0000,1,0,0,0,0,2,0,0,0,0
zc,TA305,2012-06-26 09:19:42.667,7266.0000,2300,0,0.0000,0.0000,0,0,空换,S,7258.0000,0.0000,0.0000,0.0000,0.0000,7270.0000,0.0000,0.0000,0.0000,0.0000,1,0,0,0,0,20,0,0,0,0
zc,TA305,2012-06-26 09:19:43.917,7266.0000,2300,0,0.0000,0.0000,0,0,空换,S,7256.0000,0.0000,0.0000,0.0000,0.0000,7270.0000,0.0000,0.0000,0.0000,0.0000,1,0,0,0,0,20,0,0,0,0
zc,TA305,2012-06-26 09:19:44.900,7266.0000,2300,0,0.0000,0.0000,0,0,空换,S,7256.0000,0.0000,0.0000,0.0000,0.0000,7268.0000,0.0000,0.0000,0.0000,0.0000,1,0,0,0,0,10,0,0,0,0
zc,TA305,2012-06-26 09:19:45.617,7266.0000,2300,0,0.0000,0.0000,0,0,空换,S,7256.0000,0.0000,0.0000,0.0000,0.0000,7268.0000,0.0000,0.0000,0.0000,0.0000,1,0,0,0,0,8,0,0,0,0
zc,TA305,2012-06-26 09:19:46.103,7266.0000,2300,0,0.0000,0.0000,0,0,空换,S,7256.0000,0.0000,0.0000,0.0000,0.0000,7268.0000,0.0000,0.0000,0.0000,0.0000,1,0,0,0,0,7,0,0,0,0
zc,TA305,2012-06-26 09:19:47.103,7266.0000,2300,0,0.0000,0.0000,0,0,空换,S,7256.0000,0.0000,0.0000,0.0000,0.0000,7266.0000,0.0000,0.0000,0.0000,0.0000,1,0,0,0,0,1,0,0,0,0
zc,TA305,2012-06-26 09:19:49.867,7266.0000,2300,0,0.0000,0.0000,0,0,空换,S,7258.0000,0.0000,0.0000,0.0000,0.0000,7268.0000,0.0000,0.0000,0.0000,0.0000,1,0,0,0,0,1,0,0,0,0
zc,TA305,2012-06-26 09:19:50.930,7266.0000,2300,0,0.0000,0.0000,0,0,空换,S,7256.0000,0.0000,0.0000,0.0000,0.0000,7268.0000,0.0000,0.0000,0.0000,0.0000,1,0,0,0,0,1,0,0,0,0
zc,TA305,2012-06-26 09:19:51.680,7266.0000,2300,0,0.0000,0.0000,0,0,空换,S,7258.0000,0.0000,0.0000,0.0000,0.0000,7268.0000,0.0000,0.0000,0.0000,0.0000,1,0,0,0,0,1,0,0,0,0
zc,TA305,2012-06-26 09:19:54.633,7266.0000,2300,0,0.0000,0.0000,0,0,空换,S,7258.0000,0.0000,0.0000,0.0000,0.0000,7266.0000,0.0000,0.0000,0.0000,0.0000,1,0,0,0,0,1,0,0,0,0
zc,TA305,2012-06-26 09:19:57.447,7266.0000,2300,0,0.0000,0.0000,0,0,空换,S,7258.0000,0.0000,0.0000,0.0000,0.0000,7266.0000,0.0000,0.0000,0.0000,0.0000,3,0,0,0,0,1,0,0,0,0
zc,TA305,2012-06-26 09:20:08.853,7266.0000,2300,0,0.0000,0.0000,0,0,空换,S,7258.0000,0.0000,0.0000,0.0000,0.0000,7270.0000,0.0000,0.0000,0.0000,0.0000,3,0,0,0,0,20,0,0,0,0
zc,TA305,2012-06-26 09:20:09.367,7266.0000,2300,0,0.0000,0.0000,0,0,空换,S,7258.0000,0.0000,0.0000,0.0000,0.0000,7270.0000,0.0000,0.0000,0.0000,0.0000,3,0,0,0,0,22,0,0,0,0
zc,TA305,2012-06-26 09:20:18.383,7266.0000,2300,0,0.0000,0.0000,0,0,空换,S,7258.0000,0.0000,0.0000,0.0000,0.0000,7270.0000,0.0000,0.0000,0.0000,0.0000,3,0,0,0,0,7,0,0,0,0
zc,TA305,2012-06-26 09:20:19.103,7266.0000,2300,0,0.0000,0.0000,0,0,空换,S,7258.0000,0.0000,0.0000,0.0000,0.0000,7270.0000,0.0000,0.0000,0.0000,0.0000,3,0,0,0,0,5,0,0,0,0
zc,TA305,2012-06-26 09:20:20.180,7266.0000,2300,0,0.0000,0.0000,0,0,空换,S,7258.0000,0.0000,0.0000,0.0000,0.0000,7270.0000,0.0000,0.0000,0.0000,0.0000,3,0,0,0,0,4,0,0,0,0
zc,TA305,2012-06-26 09:20:21.383,7266.0000,2300,0,0.0000,0.0000,0,0,空换,S,7258.0000,0.0000,0.0000,0.0000,0.0000,7270.0000,0.0000,0.0000,0.0000,0.0000,3,0,0,0,0,2,0,0,0,0
zc,TA305,2012-06-26 09:20:21.900,7266.0000,2300,0,0.0000,0.0000,0,0,空换,S,7260.0000,0.0000,0.0000,0.0000,0.0000,7272.0000,0.0000,0.0000,0.0000,0.0000,1,0,0,0,0,1,0,0,0,0
zc,TA305,2012-06-26 09:20:23.133,7266.0000,2300,0,0.0000,0.0000,0,0,空换,S,7260.0000,0.0000,0.0000,0.0000,0.0000,7272.0000,0.0000,0.0000,0.0000,0.0000,3,0,0,0,0,3,0,0,0,0
zc,TA305,2012-06-26 09:20:24.367,7266.0000,2300,0,0.0000,0.0000,0,0,空换,S,7260.0000,0.0000,0.0000,0.0000,0.0000,7274.0000,0.0000,0.0000,0.0000,0.0000,3,0,0,0,0,3,0,0,0,0
zc,TA305,2012-06-26 09:20:24.867,7266.0000,2300,0,0.0000,0.0000,0,0,空换,S,7260.0000,0.0000,0.0000,0.0000,0.0000,7274.0000,0.0000,0.0000,0.0000,0.0000,3,0,0,0,0,5,0,0,0,0
zc,TA305,2012-06-26 09:20:30.900,7266.0000,2300,0,0.0000,0.0000,0,0,空换,S,7262.0000,0.0000,0.0000,0.0000,0.0000,7274.0000,0.0000,0.0000,0.0000,0.0000,1,0,0,0,0,5,0,0,0,0
zc,TA305,2012-06-26 09:20:31.867,7266.0000,2300,0,0.0000,0.0000,0,0,空换,S,7262.0000,0.0000,0.0000,0.0000,0.0000,7274.0000,0.0000,0.0000,0.0000,0.0000,3,0,0,0,0,5,0,0,0,0
zc,TA305,2012-06-26 09:20:32.617,7266.0000,2300,0,0.0000,0.0000,0,0,空换,S,7262.0000,0.0000,0.0000,0.0000,0.0000,7274.0000,0.0000,0.0000,0.0000,0.0000,3,0,0,0,0,4,0,0,0,0
zc,TA305,2012-06-26 09:20:34.383,7266.0000,2300,0,0.0000,0.0000,0,0,空换,S,7262.0000,0.0000,0.0000,0.0000,0.0000,7274.0000,0.0000,0.0000,0.0000,0.0000,3,0,0,0,0,5,0,0,0,0
zc,TA305,2012-06-26 09:20:36.383,7266.0000,2300,0,0.0000,0.0000,0,0,空换,S,7262.0000,0.0000,0.0000,0.0000,0.0000,7274.0000,0.0000,0.0000,0.0000,0.0000,3,0,0,0,0,4,0,0,0,0
zc,TA305,2012-06-26 09:20:36.883,7266.0000,2300,0,0.0000,0.0000,0,0,空换,S,7262.0000,0.0000,0.0000,0.0000,0.0000,7272.0000,0.0000,0.0000,0.0000,0.0000,3,0,0,0,0,1,0,0,0,0
zc,TA305,2012-06-26 09:20:39.367,7266.0000,2300,0,0.0000,0.0000,0,0,空换,S,7262.0000,0.0000,0.0000,0.0000,0.0000,7272.0000,0.0000,0.0000,0.0000,0.0000,3,0,0,0,0,2,0,0,0,0
zc,TA305,2012-06-26 09:20:39.900,7266.0000,2300,0,0.0000,0.0000,0,0,空换,S,7264.0000,0.0000,0.0000,0.0000,0.0000,7272.0000,0.0000,0.0000,0.0000,0.0000,1,0,0,0,0,1,0,0,0,0
zc,TA305,2012-06-26 09:20:40.400,7266.0000,2300,0,0.0000,0.0000,0,0,空换,S,7262.0000,0.0000,0.0000,0.0000,0.0000,7272.0000,0.0000,0.0000,0.0000,0.0000,3,0,0,0,0,2,0,0,0,0
zc,TA305,2012-06-26 09:20:41.633,7266.0000,2300,0,0.0000,0.0000,0,0,空换,S,7264.0000,0.0000,0.0000,0.0000,0.0000,7272.0000,0.0000,0.0000,0.0000,0.0000,2,0,0,0,0,2,0,0,0,0
zc,TA305,2012-06-26 09:20:43.430,7266.0000,2300,0,0.0000,0.0000,0,0,空换,S,7264.0000,0.0000,0.0000,0.0000,0.0000,7272.0000,0.0000,0.0000,0.0000,0.0000,2,0,0,0,0,1,0,0,0,0
zc,TA305,2012-06-26 09:20:43.883,7266.0000,2300,0,0.0000,0.0000,0,0,空换,S,7266.0000,0.0000,0.0000,0.0000,0.0000,7272.0000,0.0000,0.0000,0.0000,0.0000,2,0,0,0,0,1,0,0,0,0
zc,TA305,2012-06-26 09:20:47.930,7266.0000,2300,0,0.0000,0.0000,0,0,空换,S,7268.0000,0.0000,0.0000,0.0000,0.0000,7272.0000,0.0000,0.0000,0.0000,0.0000,2,0,0,0,0,1,0,0,0,0
zc,TA305,2012-06-26 09:20:49.650,7266.0000,2300,0,0.0000,0.0000,0,0,空换,S,7266.0000,0.0000,0.0000,0.0000,0.0000,7272.0000,0.0000,0.0000,0.0000,0.0000,2,0,0,0,0,1,0,0,0,0
zc,TA305,2012-06-26 09:20:55.633,7266.0000,2300,0,0.0000,0.0000,0,0,空换,S,7268.0000,0.0000,0.0000,0.0000,0.0000,7272.0000,0.0000,0.0000,0.0000,0.0000,2,0,0,0,0,1,0,0,0,0
zc,TA305,2012-06-26 09:21:06.650,7266.0000,2300,0,0.0000,0.0000,0,0,空换,S,7266.0000,0.0000,0.0000,0.0000,0.0000,7272.0000,0.0000,0.0000,0.0000,0.0000,2,0,0,0,0,1,0,0,0,0
zc,TA305,2012-06-26 09:21:08.883,7266.0000,2300,0,0.0000,0.0000,0,0,空换,S,7266.0000,0.0000,0.0000,0.0000,0.0000,7274.0000,0.0000,0.0000,0.0000,0.0000,4,0,0,0,0,1,0,0,0,0
zc,TA305,2012-06-26 09:21:09.617,7266.0000,2300,0,0.0000,0.0000,0,0,空换,S,7266.0000,0.0000,0.0000,0.0000,0.0000,7276.0000,0.0000,0.0000,0.0000,0.0000,2,0,0,0,0,1,0,0,0,0
zc,TA305,2012-06-26 09:21:10.867,7266.0000,2300,0,0.0000,0.0000,0,0,空换,S,7266.0000,0.0000,0.0000,0.0000,0.0000,7274.0000,0.0000,0.0000,0.0000,0.0000,2,0,0,0,0,1,0,0,0,0
zc,TA305,2012-06-26 09:21:17.603,7266.0000,2300,0,0.0000,0.0000,0,0,空换,S,7266.0000,0.0000,0.0000,0.0000,0.0000,7274.0000,0.0000,0.0000,0.0000,0.0000,2,0,0,0,0,2,0,0,0,0
zc,TA305,2012-06-26 09:21:40.867,7266.0000,2300,0,0.0000,0.0000,0,0,空换,S,7264.0000,0.0000,0.0000,0.0000,0.0000,7272.0000,0.0000,0.0000,0.0000,0.0000,1,0,0,0,0,1,0,0,0,0
zc,TA305,2012-06-26 09:21:56.617,7266.0000,2300,0,0.0000,0.0000,0,0,空换,S,7262.0000,0.0000,0.0000,0.0000,0.0000,7270.0000,0.0000,0.0000,0.0000,0.0000,2,0,0,0,0,1,0,0,0,0
zc,TA305,2012-06-26 09:22:00.603,7266.0000,2300,0,0.0000,0.0000,0,0,空换,S,7260.0000,0.0000,0.0000,0.0000,0.0000,7268.0000,0.0000,0.0000,0.0000,0.0000,2,0,0,0,0,1,0,0,0,0
zc,TA305,2012-06-26 09:22:12.167,7266.0000,2300,0,0.0000,0.0000,0,0,空换,S,7260.0000,0.0000,0.0000,0.0000,0.0000,7270.0000,0.0000,0.0000,0.0000,0.0000,2,0,0,0,0,1,0,0,0,0
zc,TA305,2012-06-26 09:22:12.883,7266.0000,2300,0,0.0000,0.0000,0,0,空换,S,7262.0000,0.0000,0.0000,0.0000,0.0000,7270.0000,0.0000,0.0000,0.0000,0.0000,2,0,0,0,0,1,0,0,0,0
zc,TA305,2012-06-26 09:22:16.150,7266.0000,2300,0,0.0000,0.0000,0,0,空换,S,7260.0000,0.0000,0.0000,0.0000,0.0000,7268.0000,0.0000,0.0000,0.0000,0.0000,4,0,0,0,0,1,0,0,0,0
zc,TA305,2012-06-26 09:22:16.650,7266.0000,2300,0,0.0000,0.0000,0,0,空换,S,7262.0000,0.0000,0.0000,0.0000,0.0000,7270.0000,0.0000,0.0000,0.0000,0.0000,2,0,0,0,0,3,0,0,0,0
zc,TA305,2012-06-26 09:22:17.383,7266.0000,2300,0,0.0000,0.0000,0,0,空换,S,7260.0000,0.0000,0.0000,0.0000,0.0000,7270.0000,0.0000,0.0000,0.0000,0.0000,2,0,0,0,0,1,0,0,0,0
zc,TA305,2012-06-26 09:22:18.400,7266.0000,2300,0,0.0000,0.0000,0,0,空换,S,7262.0000,0.0000,0.0000,0.0000,0.0000,7270.0000,0.0000,0.0000,0.0000,0.0000,2,0,0,0,0,1,0,0,0,0
zc,TA305,2012-06-26 09:22:22.617,7266.0000,2300,0,0.0000,0.0000,0,0,空换,S,7260.0000,0.0000,0.0000,0.0000,0.0000,7268.0000,0.0000,0.0000,0.0000,0.0000,4,0,0,0,0,1,0,0,0,0
zc,TA305,2012-06-26 09:22:24.383,7266.0000,2300,0,0.0000,0.0000,0,0,空换,S,7260.0000,0.0000,0.0000,0.0000,0.0000,7268.0000,0.0000,0.0000,0.0000,0.0000,2,0,0,0,0,1,0,0,0,0
zc,TA305,2012-06-26 09:22:33.867,7268.0000,2300,0,0.0000,2.0000,1,1,多换,B,7260.0000,0.0000,0.0000,0.0000,0.0000,7270.0000,0.0000,0.0000,0.0000,0.0000,2,0,0,0,0,22,0,0,0,0
zc,TA305,2012-06-26 09:22:44.150,7268.0000,2300,0,0.0000,0.0000,0,0,多换,B,7260.0000,0.0000,0.0000,0.0000,0.0000,7270.0000,0.0000,0.0000,0.0000,0.0000,2,0,0,0,0,17,0,0,0,0
zc,TA305,2012-06-26 09:22:45.400,7268.0000,2300,0,0.0000,0.0000,0,0,多换,B,7260.0000,0.0000,0.0000,0.0000,0.0000,7270.0000,0.0000,0.0000,0.0000,0.0000,2,0,0,0,0,16,0,0,0,0
zc,TA305,2012-06-26 09:22:46.367,7268.0000,2300,0,0.0000,0.0000,0,0,多换,B,7260.0000,0.0000,0.0000,0.0000,0.0000,7270.0000,0.0000,0.0000,0.0000,0.0000,2,0,0,0,0,14,0,0,0,0
zc,TA305,2012-06-26 09:22:48.117,7268.0000,2300,0,0.0000,0.0000,0,0,多换,B,7260.0000,0.0000,0.0000,0.0000,0.0000,7270.0000,0.0000,0.0000,0.0000,0.0000,2,0,0,0,0,13,0,0,0,0
zc,TA305,2012-06-26 09:22:50.133,7268.0000,2300,0,0.0000,0.0000,0,0,多换,B,7260.0000,0.0000,0.0000,0.0000,0.0000,7270.0000,0.0000,0.0000,0.0000,0.0000,2,0,0,0,0,12,0,0,0,0
zc,TA305,2012-06-26 09:22:52.367,7268.0000,2300,0,0.0000,0.0000,0,0,多换,B,7260.0000,0.0000,0.0000,0.0000,0.0000,7270.0000,0.0000,0.0000,0.0000,0.0000,2,0,0,0,0,7,0,0,0,0
zc,TA305,2012-06-26 09:22:53.417,7268.0000,2300,0,0.0000,0.0000,0,0,多换,B,7260.0000,0.0000,0.0000,0.0000,0.0000,7270.0000,0.0000,0.0000,0.0000,0.0000,2,0,0,0,0,5,0,0,0,0
zc,TA305,2012-06-26 09:22:54.603,7268.0000,2300,0,0.0000,0.0000,0,0,多换,B,7260.0000,0.0000,0.0000,0.0000,0.0000,7270.0000,0.0000,0.0000,0.0000,0.0000,2,0,0,0,0,2,0,0,0,0
zc,TA305,2012-06-26 09:22:55.117,7268.0000,2300,0,0.0000,0.0000,0,0,多换,B,7262.0000,0.0000,0.0000,0.0000,0.0000,7274.0000,0.0000,0.0000,0.0000,0.0000,2,0,0,0,0,21,0,0,0,0
zc,TA305,2012-06-26 09:22:55.883,7268.0000,2300,0,0.0000,0.0000,0,0,多换,B,7262.0000,0.0000,0.0000,0.0000,0.0000,7274.0000,0.0000,0.0000,0.0000,0.0000,2,0,0,0,0,23,0,0,0,0
zc,TA305,2012-06-26 09:22:56.103,7268.0000,2300,0,0.0000,0.0000,0,0,多换,B,7260.0000,0.0000,0.0000,0.0000,0.0000,7274.0000,0.0000,0.0000,0.0000,0.0000,2,0,0,0,0,23,0,0,0,0
zc,TA305,2012-06-26 09:22:59.883,7268.0000,2300,0,0.0000,0.0000,0,0,多换,B,7262.0000,0.0000,0.0000,0.0000,0.0000,7274.0000,0.0000,0.0000,0.0000,0.0000,2,0,0,0,0,23,0,0,0,0
zc,TA305,2012-06-26 09:23:00.087,7268.0000,2300,0,0.0000,0.0000,0,0,多换,B,7262.0000,0.0000,0.0000,0.0000,0.0000,7270.0000,0.0000,0.0000,0.0000,0.0000,2,0,0,0,0,2,0,0,0,0
zc,TA305,2012-06-26 09:23:00.867,7268.0000,2300,0,0.0000,0.0000,0,0,多换,B,7262.0000,0.0000,0.0000,0.0000,0.0000,7274.0000,0.0000,0.0000,0.0000,0.0000,1,0,0,0,0,21,0,0,0,0
zc,TA305,2012-06-26 09:23:01.383,7268.0000,2300,0,0.0000,0.0000,0,0,多换,B,7262.0000,0.0000,0.0000,0.0000,0.0000,7274.0000,0.0000,0.0000,0.0000,0.0000,1,0,0,0,0,23,0,0,0,0
zc,TA305,2012-06-26 09:23:02.180,7268.0000,2300,0,0.0000,0.0000,0,0,多换,B,7262.0000,0.0000,0.0000,0.0000,0.0000,7274.0000,0.0000,0.0000,0.0000,0.0000,2,0,0,0,0,23,0,0,0,0
zc,TA305,2012-06-26 09:23:11.883,7268.0000,2300,0,0.0000,0.0000,0,0,多换,B,7262.0000,0.0000,0.0000,0.0000,0.0000,7272.0000,0.0000,0.0000,0.0000,0.0000,2,0,0,0,0,3,0,0,0,0
zc,TA305,2012-06-26 09:23:12.837,7268.0000,2300,0,0.0000,0.0000,0,0,多换,B,7262.0000,0.0000,0.0000,0.0000,0.0000,7272.0000,0.0000,0.0000,0.0000,0.0000,2,0,0,0,0,5,0,0,0,0
zc,TA305,2012-06-26 09:23:13.383,7268.0000,2300,0,0.0000,0.0000,0,0,多换,B,7262.0000,0.0000,0.0000,0.0000,0.0000,7272.0000,0.0000,0.0000,0.0000,0.0000,2,0,0,0,0,6,0,0,0,0
zc,TA305,2012-06-26 09:23:16.117,7268.0000,2300,0,0.0000,0.0000,0,0,多换,B,7264.0000,0.0000,0.0000,0.0000,0.0000,7272.0000,0.0000,0.0000,0.0000,0.0000,2,0,0,0,0,2,0,0,0,0
zc,TA305,2012-06-26 09:23:16.883,7268.0000,2300,0,0.0000,0.0000,0,0,多换,B,7264.0000,0.0000,0.0000,0.0000,0.0000,7274.0000,0.0000,0.0000,0.0000,0.0000,2,0,0,0,0,21,0,0,0,0
zc,TA305,2012-06-26 09:23:17.400,7268.0000,2300,0,0.0000,0.0000,0,0,多换,B,7264.0000,0.0000,0.0000,0.0000,0.0000,7274.0000,0.0000,0.0000,0.0000,0.0000,2,0,0,0,0,23,0,0,0,0
zc,TA305,2012-06-26 09:23:17.930,7268.0000,2300,0,0.0000,0.0000,0,0,多换,B,7262.0000,0.0000,0.0000,0.0000,0.0000,7274.0000,0.0000,0.0000,0.0000,0.0000,2,0,0,0,0,21,0,0,0,0
zc,TA305,2012-06-26 09:23:18.383,7268.0000,2300,0,0.0000,0.0000,0,0,多换,B,7262.0000,0.0000,0.0000,0.0000,0.0000,7272.0000,0.0000,0.0000,0.0000,0.0000,2,0,0,0,0,2,0,0,0,0
zc,TA305,2012-06-26 09:23:24.150,7268.0000,2300,0,0.0000,0.0000,0,0,多换,B,7264.0000,0.0000,0.0000,0.0000,0.0000,7274.0000,0.0000,0.0000,0.0000,0.0000,2,0,0,0,0,21,0,0,0,0
zc,TA305,2012-06-26 09:23:25.070,7268.0000,2300,0,0.0000,0.0000,0,0,多换,B,7264.0000,0.0000,0.0000,0.0000,0.0000,7274.0000,0.0000,0.0000,0.0000,0.0000,2,0,0,0,0,23,0,0,0,0
zc,TA305,2012-06-26 09:23:29.650,7268.0000,2300,0,0.0000,0.0000,0,0,多换,B,7262.0000,0.0000,0.0000,0.0000,0.0000,7274.0000,0.0000,0.0000,0.0000,0.0000,2,0,0,0,0,23,0,0,0,0
zc,TA305,2012-06-26 09:23:30.383,7268.0000,2300,0,0.0000,0.0000,0,0,多换,B,7262.0000,0.0000,0.0000,0.0000,0.0000,7272.0000,0.0000,0.0000,0.0000,0.0000,2,0,0,0,0,5,0,0,0,0
zc,TA305,2012-06-26 09:23:30.603,7268.0000,2300,0,0.0000,0.0000,0,0,多换,B,7262.0000,0.0000,0.0000,0.0000,0.0000,7272.0000,0.0000,0.0000,0.0000,0.0000,2,0,0,0,0,7,0,0,0,0
zc,TA305,2012-06-26 09:23:31.883,7268.0000,2300,0,0.0000,0.0000,0,0,多换,B,7264.0000,0.0000,0.0000,0.0000,0.0000,7272.0000,0.0000,0.0000,0.0000,0.0000,1,0,0,0,0,2,0,0,0,0
zc,TA305,2012-06-26 09:23:32.353,7268.0000,2300,0,0.0000,0.0000,0,0,多换,B,7262.0000,0.0000,0.0000,0.0000,0.0000,7274.0000,0.0000,0.0000,0.0000,0.0000,2,0,0,0,0,22,0,0,0,0
zc,TA305,2012-06-26 09:23:32.853,7268.0000,2300,0,0.0000,0.0000,0,0,多换,B,7262.0000,0.0000,0.0000,0.0000,0.0000,7274.0000,0.0000,0.0000,0.0000,0.0000,2,0,0,0,0,24,0,0,0,0
zc,TA305,2012-06-26 09:23:35.617,7268.0000,2300,0,0.0000,0.0000,0,0,多换,B,7262.0000,0.0000,0.0000,0.0000,0.0000,7272.0000,0.0000,0.0000,0.0000,0.0000,2,0,0,0,0,2,0,0,0,0
zc,TA305,2012-06-26 09:23:36.367,7268.0000,2300,0,0.0000,0.0000,0,0,多换,B,7262.0000,0.0000,0.0000,0.0000,0.0000,7272.0000,0.0000,0.0000,0.0000,0.0000,2,0,0,0,0,1,0,0,0,0
zc,TA305,2012-06-26 09:23:36.900,7268.0000,2300,0,0.0000,0.0000,0,0,多换,B,7262.0000,0.0000,0.0000,0.0000,0.0000,7272.0000,0.0000,0.0000,0.0000,0.0000,2,0,0,0,0,3,0,0,0,0
zc,TA305,2012-06-26 09:23:38.417,7268.0000,2300,0,0.0000,0.0000,0,0,多换,B,7264.0000,0.0000,0.0000,0.0000,0.0000,7272.0000,0.0000,0.0000,0.0000,0.0000,2,0,0,0,0,2,0,0,0,0
zc,TA305,2012-06-26 09:23:39.117,7268.0000,2300,0,0.0000,0.0000,0,0,多换,B,7262.0000,0.0000,0.0000,0.0000,0.0000,7274.0000,0.0000,0.0000,0.0000,0.0000,2,0,0,0,0,22,0,0,0,0
zc,TA305,2012-06-26 09:23:39.617,7268.0000,2300,0,0.0000,0.0000,0,0,多换,B,7262.0000,0.0000,0.0000,0.0000,0.0000,7274.0000,0.0000,0.0000,0.0000,0.0000,2,0,0,0,0,24,0,0,0,0
zc,TA305,2012-06-26 09:23:40.133,7268.0000,2300,0,0.0000,0.0000,0,0,多换,B,7264.0000,0.0000,0.0000,0.0000,0.0000,7274.0000,0.0000,0.0000,0.0000,0.0000,1,0,0,0,0,24,0,0,0,0
zc,TA305,2012-06-26 09:23:44.667,7268.0000,2300,0,0.0000,0.0000,0,0,多换,B,7264.0000,0.0000,0.0000,0.0000,0.0000,7274.0000,0.0000,0.0000,0.0000,0.0000,2,0,0,0,0,24,0,0,0,0
zc,TA305,2012-06-26 09:23:47.133,7268.0000,2300,0,0.0000,0.0000,0,0,多换,B,7264.0000,0.0000,0.0000,0.0000,0.0000,7274.0000,0.0000,0.0000,0.0000,0.0000,1,0,0,0,0,24,0,0,0,0
zc,TA305,2012-06-26 09:23:53.853,7268.0000,2300,0,0.0000,0.0000,0,0,多换,B,7266.0000,0.0000,0.0000,0.0000,0.0000,7274.0000,0.0000,0.0000,0.0000,0.0000,1,0,0,0,0,4,0,0,0,0
zc,TA305,2012-06-26 09:23:54.353,7268.0000,2300,0,0.0000,0.0000,0,0,多换,B,7266.0000,0.0000,0.0000,0.0000,0.0000,7274.0000,0.0000,0.0000,0.0000,0.0000,1,0,0,0,0,2,0,0,0,0
zc,TA305,2012-06-26 09:24:02.180,7268.0000,2300,0,0.0000,0.0000,0,0,多换,B,7268.0000,0.0000,0.0000,0.0000,0.0000,7274.0000,0.0000,0.0000,0.0000,0.0000,1,0,0,0,0,2,0,0,0,0
zc,TA305,2012-06-26 09:24:06.417,7268.0000,2300,0,0.0000,0.0000,0,0,多换,B,7266.0000,0.0000,0.0000,0.0000,0.0000,7274.0000,0.0000,0.0000,0.0000,0.0000,3,0,0,0,0,2,0,0,0,0
zc,TA305,2012-06-26 09:24:06.867,7268.0000,2300,0,0.0000,0.0000,0,0,多换,B,7266.0000,0.0000,0.0000,0.0000,0.0000,7274.0000,0.0000,0.0000,0.0000,0.0000,1,0,0,0,0,2,0,0,0,0
zc,TA305,2012-06-26 09:24:10.867,7268.0000,2300,0,0.0000,0.0000,0,0,多换,B,7268.0000,0.0000,0.0000,0.0000,0.0000,7274.0000,0.0000,0.0000,0.0000,0.0000,1,0,0,0,0,2,0,0,0,0
zc,TA305,2012-06-26 09:24:23.867,7268.0000,2300,0,0.0000,0.0000,0,0,多换,B,7268.0000,0.0000,0.0000,0.0000,0.0000,7272.0000,0.0000,0.0000,0.0000,0.0000,1,0,0,0,0,1,0,0,0,0
zc,TA305,2012-06-26 09:24:32.917,7268.0000,2300,0,0.0000,0.0000,0,0,多换,B,7266.0000,0.0000,0.0000,0.0000,0.0000,7272.0000,0.0000,0.0000,0.0000,0.0000,3,0,0,0,0,1,0,0,0,0
zc,TA305,2012-06-26 09:24:33.400,7268.0000,2300,0,0.0000,0.0000,0,0,多换,B,7266.0000,0.0000,0.0000,0.0000,0.0000,7272.0000,0.0000,0.0000,0.0000,0.0000,1,0,0,0,0,1,0,0,0,0
zc,TA305,2012-06-26 09:24:36.947,7268.0000,2300,0,0.0000,0.0000,0,0,多换,B,7268.0000,0.0000,0.0000,0.0000,0.0000,7272.0000,0.0000,0.0000,0.0000,0.0000,1,0,0,0,0,1,0,0,0,0
zc,TA305,2012-06-26 09:25:11.713,7268.0000,2300,0,0.0000,0.0000,0,0,多换,B,7266.0000,0.0000,0.0000,0.0000,0.0000,7272.0000,0.0000,0.0000,0.0000,0.0000,1,0,0,0,0,1,0,0,0,0
zc,TA305,2012-06-26 09:25:38.917,7268.0000,2300,0,0.0000,0.0000,0,0,多换,B,7268.0000,0.0000,0.0000,0.0000,0.0000,7272.0000,0.0000,0.0000,0.0000,0.0000,1,0,0,0,0,1,0,0,0,0
zc,TA305,2012-06-26 09:25:43.180,7268.0000,2300,0,0.0000,0.0000,0,0,多换,B,7266.0000,0.0000,0.0000,0.0000,0.0000,7272.0000,0.0000,0.0000,0.0000,0.0000,1,0,0,0,0,1,0,0,0,0
zc,TA305,2012-06-26 09:25:47.667,7268.0000,2300,0,0.0000,0.0000,0,0,多换,B,7268.0000,0.0000,0.0000,0.0000,0.0000,7272.0000,0.0000,0.0000,0.0000,0.0000,1,0,0,0,0,1,0,0,0,0
zc,TA305,2012-06-26 09:25:54.617,7272.0000,2298,-2,0.0000,2.0000,0,2,双平,B,7268.0000,0.0000,0.0000,0.0000,0.0000,7274.0000,0.0000,0.0000,0.0000,0.0000,1,0,0,0,0,2,0,0,0,0
zc,TA305,2012-06-26 09:25:59.900,7272.0000,2298,0,0.0000,0.0000,0,0,多换,B,7270.0000,0.0000,0.0000,0.0000,0.0000,7274.0000,0.0000,0.0000,0.0000,0.0000,1,0,0,0,0,2,0,0,0,0
zc,TA305,2012-06-26 09:26:23.133,7272.0000,2298,0,0.0000,0.0000,0,0,多换,B,7270.0000,0.0000,0.0000,0.0000,0.0000,7274.0000,0.0000,0.0000,0.0000,0.0000,1,0,0,0,0,1,0,0,0,0
zc,TA305,2012-06-26 09:26:33.133,7272.0000,2298,0,0.0000,0.0000,0,0,多换,B,7272.0000,0.0000,0.0000,0.0000,0.0000,7274.0000,0.0000,0.0000,0.0000,0.0000,1,0,0,0,0,1,0,0,0,0
zc,TA305,2012-06-26 09:26:41.133,7274.0000,2296,-2,0.0000,2.0000,0,2,双平,B,7270.0000,0.0000,0.0000,0.0000,0.0000,7278.0000,0.0000,0.0000,0.0000,0.0000,1,0,0,0,0,6,0,0,0,0
zc,TA305,2012-06-26 09:26:42.383,7274.0000,2296,0,0.0000,0.0000,0,0,多换,B,7270.0000,0.0000,0.0000,0.0000,0.0000,7278.0000,0.0000,0.0000,0.0000,0.0000,3,0,0,0,0,6,0,0,0,0
zc,TA305,2012-06-26 09:26:49.603,7274.0000,2296,0,0.0000,0.0000,0,0,多换,B,7270.0000,0.0000,0.0000,0.0000,0.0000,7276.0000,0.0000,0.0000,0.0000,0.0000,3,0,0,0,0,1,0,0,0,0
zc,TA305,2012-06-26 09:26:51.117,7274.0000,2296,0,0.0000,0.0000,0,0,多换,B,7272.0000,0.0000,0.0000,0.0000,0.0000,7276.0000,0.0000,0.0000,0.0000,0.0000,1,0,0,0,0,1,0,0,0,0
zc,TA305,2012-06-26 09:26:51.900,7274.0000,2296,0,0.0000,0.0000,0,0,多换,B,7272.0000,0.0000,0.0000,0.0000,0.0000,7276.0000,0.0000,0.0000,0.0000,0.0000,2,0,0,0,0,1,0,0,0,0
zc,TA305,2012-06-26 09:26:52.337,7274.0000,2296,0,0.0000,0.0000,0,0,多换,B,7270.0000,0.0000,0.0000,0.0000,0.0000,7276.0000,0.0000,0.0000,0.0000,0.0000,1,0,0,0,0,1,0,0,0,0
zc,TA305,2012-06-26 09:26:52.883,7274.0000,2296,0,0.0000,0.0000,0,0,多换,B,7270.0000,0.0000,0.0000,0.0000,0.0000,7276.0000,0.0000,0.0000,0.0000,0.0000,3,0,0,0,0,1,0,0,0,0
zc,TA305,2012-06-26 09:27:11.667,7274.0000,2296,0,0.0000,0.0000,0,0,多换,B,7270.0000,0.0000,0.0000,0.0000,0.0000,7276.0000,0.0000,0.0000,0.0000,0.0000,2,0,0,0,0,2,0,0,0,0
zc,TA305,2012-06-26 09:27:12.103,7274.0000,2296,0,0.0000,0.0000,0,0,多换,B,7268.0000,0.0000,0.0000,0.0000,0.0000,7276.0000,0.0000,0.0000,0.0000,0.0000,1,0,0,0,0,2,0,0,0,0
zc,TA305,2012-06-26 09:27:12.867,7274.0000,2296,0,0.0000,0.0000,0,0,多换,B,7268.0000,0.0000,0.0000,0.0000,0.0000,7276.0000,0.0000,0.0000,0.0000,0.0000,3,0,0,0,0,2,0,0,0,0
zc,TA305,2012-06-26 09:27:26.917,7274.0000,2296,0,0.0000,0.0000,0,0,多换,B,7268.0000,0.0000,0.0000,0.0000,0.0000,7274.0000,0.0000,0.0000,0.0000,0.0000,2,0,0,0,0,1,0,0,0,0
zc,TA305,2012-06-26 09:27:27.617,7274.0000,2296,0,0.0000,0.0000,0,0,多换,B,7266.0000,0.0000,0.0000,0.0000,0.0000,7274.0000,0.0000,0.0000,0.0000,0.0000,2,0,0,0,0,1,0,0,0,0
zc,TA305,2012-06-26 09:27:28.117,7274.0000,2296,0,0.0000,0.0000,0,0,多换,B,7266.0000,0.0000,0.0000,0.0000,0.0000,7274.0000,0.0000,0.0000,0.0000,0.0000,4,0,0,0,0,1,0,0,0,0
zc,TA305,2012-06-26 09:27:33.400,7274.0000,2296,0,0.0000,0.0000,0,0,多换,B,7266.0000,0.0000,0.0000,0.0000,0.0000,7272.0000,0.0000,0.0000,0.0000,0.0000,1,0,0,0,0,1,0,0,0,0
zc,TA305,2012-06-26 09:27:34.400,7274.0000,2296,0,0.0000,0.0000,0,0,多换,B,7266.0000,0.0000,0.0000,0.0000,0.0000,7274.0000,0.0000,0.0000,0.0000,0.0000,2,0,0,0,0,1,0,0,0,0
zc,TA305,2012-06-26 09:27:35.117,7274.0000,2296,0,0.0000,0.0000,0,0,多换,B,7266.0000,0.0000,0.0000,0.0000,0.0000,7274.0000,0.0000,0.0000,0.0000,0.0000,4,0,0,0,0,1,0,0,0,0
zc,TA305,2012-06-26 09:27:35.633,7274.0000,2296,0,0.0000,0.0000,0,0,多换,B,7266.0000,0.0000,0.0000,0.0000,0.0000,7274.0000,0.0000,0.0000,0.0000,0.0000,1,0,0,0,0,1,0,0,0,0
zc,TA305,2012-06-26 09:27:37.417,7274.0000,2296,0,0.0000,0.0000,0,0,多换,B,7266.0000,0.0000,0.0000,0.0000,0.0000,7274.0000,0.0000,0.0000,0.0000,0.0000,2,0,0,0,0,1,0,0,0,0
zc,TA305,2012-06-26 09:27:38.150,7274.0000,2296,0,0.0000,0.0000,0,0,多换,B,7266.0000,0.0000,0.0000,0.0000,0.0000,7274.0000,0.0000,0.0000,0.0000,0.0000,4,0,0,0,0,1,0,0,0,0
zc,TA305,2012-06-26 09:27:38.680,7274.0000,2296,0,0.0000,0.0000,0,0,多换,B,7266.0000,0.0000,0.0000,0.0000,0.0000,7274.0000,0.0000,0.0000,0.0000,0.0000,3,0,0,0,0,1,0,0,0,0
zc,TA305,2012-06-26 09:27:39.353,7274.0000,2296,0,0.0000,0.0000,0,0,多换,B,7266.0000,0.0000,0.0000,0.0000,0.0000,7274.0000,0.0000,0.0000,0.0000,0.0000,1,0,0,0,0,1,0,0,0,0
zc,TA305,2012-06-26 09:27:39.667,7274.0000,2296,0,0.0000,0.0000,0,0,多换,B,7266.0000,0.0000,0.0000,0.0000,0.0000,7274.0000,0.0000,0.0000,0.0000,0.0000,2,0,0,0,0,1,0,0,0,0
zc,TA305,2012-06-26 09:27:40.367,7274.0000,2296,0,0.0000,0.0000,0,0,多换,B,7266.0000,0.0000,0.0000,0.0000,0.0000,7274.0000,0.0000,0.0000,0.0000,0.0000,4,0,0,0,0,1,0,0,0,0
zc,TA305,2012-06-26 09:27:51.853,7274.0000,2298,2,0.0000,2.0000,2,0,双开,B,7266.0000,0.0000,0.0000,0.0000,0.0000,7276.0000,0.0000,0.0000,0.0000,0.0000,4,0,0,0,0,6,0,0,0,0
zc,TA305,2012-06-26 09:27:59.883,7274.0000,2298,0,0.0000,0.0000,0,0,多换,B,7268.0000,0.0000,0.0000,0.0000,0.0000,7276.0000,0.0000,0.0000,0.0000,0.0000,2,0,0,0,0,6,0,0,0,0
zc,TA305,2012-06-26 09:28:00.603,7274.0000,2298,0,0.0000,0.0000,0,0,多换,B,7268.0000,0.0000,0.0000,0.0000,0.0000,7276.0000,0.0000,0.0000,0.0000,0.0000,2,0,0,0,0,2,0,0,0,0
zc,TA305,2012-06-26 09:28:02.117,7274.0000,2298,0,0.0000,0.0000,0,0,多换,B,7268.0000,0.0000,0.0000,0.0000,0.0000,7276.0000,0.0000,0.0000,0.0000,0.0000,2,0,0,0,0,1,0,0,0,0
zc,TA305,2012-06-26 09:28:10.133,7274.0000,2298,0,0.0000,0.0000,0,0,多换,B,7268.0000,0.0000,0.0000,0.0000,0.0000,7276.0000,0.0000,0.0000,0.0000,0.0000,2,0,0,0,0,6,0,0,0,0
zc,TA305,2012-06-26 09:28:25.603,7274.0000,2298,0,0.0000,0.0000,0,0,多换,B,7268.0000,0.0000,0.0000,0.0000,0.0000,7276.0000,0.0000,0.0000,0.0000,0.0000,2,0,0,0,0,5,0,0,0,0
zc,TA305,2012-06-26 09:28:27.867,7274.0000,2298,0,0.0000,0.0000,0,0,多换,B,7268.0000,0.0000,0.0000,0.0000,0.0000,7276.0000,0.0000,0.0000,0.0000,0.0000,2,0,0,0,0,6,0,0,0,0
zc,TA305,2012-06-26 09:28:30.617,7274.0000,2298,0,0.0000,0.0000,0,0,多换,B,7268.0000,0.0000,0.0000,0.0000,0.0000,7276.0000,0.0000,0.0000,0.0000,0.0000,2,0,0,0,0,5,0,0,0,0
zc,TA305,2012-06-26 09:28:31.603,7274.0000,2298,0,0.0000,0.0000,0,0,多换,B,7268.0000,0.0000,0.0000,0.0000,0.0000,7276.0000,0.0000,0.0000,0.0000,0.0000,2,0,0,0,0,2,0,0,0,0
zc,TA305,2012-06-26 09:28:34.117,7274.0000,2298,0,0.0000,0.0000,0,0,多换,B,7268.0000,0.0000,0.0000,0.0000,0.0000,7276.0000,0.0000,0.0000,0.0000,0.0000,2,0,0,0,0,3,0,0,0,0
zc,TA305,2012-06-26 09:28:38.617,7274.0000,2298,0,0.0000,0.0000,0,0,多换,B,7268.0000,0.0000,0.0000,0.0000,0.0000,7276.0000,0.0000,0.0000,0.0000,0.0000,2,0,0,0,0,2,0,0,0,0
zc,TA305,2012-06-26 09:28:39.150,7274.0000,2298,0,0.0000,0.0000,0,0,多换,B,7270.0000,0.0000,0.0000,0.0000,0.0000,7276.0000,0.0000,0.0000,0.0000,0.0000,2,0,0,0,0,2,0,0,0,0
zc,TA305,2012-06-26 09:28:51.587,7274.0000,2298,0,0.0000,0.0000,0,0,多换,B,7270.0000,0.0000,0.0000,0.0000,0.0000,7276.0000,0.0000,0.0000,0.0000,0.0000,2,0,0,0,0,1,0,0,0,0
zc,TA305,2012-06-26 09:29:15.133,7274.0000,2298,0,0.0000,0.0000,0,0,多换,B,7268.0000,0.0000,0.0000,0.0000,0.0000,7276.0000,0.0000,0.0000,0.0000,0.0000,2,0,0,0,0,1,0,0,0,0
zc,TA305,2012-06-26 09:29:16.133,7274.0000,2298,0,0.0000,0.0000,0,0,多换,B,7268.0000,0.0000,0.0000,0.0000,0.0000,7276.0000,0.0000,0.0000,0.0000,0.0000,2,0,0,0,0,2,0,0,0,0
zc,TA305,2012-06-26 09:29:16.883,7274.0000,2298,0,0.0000,0.0000,0,0,多换,B,7270.0000,0.0000,0.0000,0.0000,0.0000,7276.0000,0.0000,0.0000,0.0000,0.0000,1,0,0,0,0,1,0,0,0,0
zc,TA305,2012-06-26 09:29:19.150,7274.0000,2298,0,0.0000,0.0000,0,0,多换,B,7268.0000,0.0000,0.0000,0.0000,0.0000,7276.0000,0.0000,0.0000,0.0000,0.0000,2,0,0,0,0,5,0,0,0,0
zc,TA305,2012-06-26 09:29:20.117,7274.0000,2298,0,0.0000,0.0000,0,0,多换,B,7268.0000,0.0000,0.0000,0.0000,0.0000,7276.0000,0.0000,0.0000,0.0000,0.0000,2,0,0,0,0,6,0,0,0,0
zc,TA305,2012-06-26 09:29:53.400,7274.0000,2298,0,0.0000,0.0000,0,0,多换,B,7268.0000,0.0000,0.0000,0.0000,0.0000,7276.0000,0.0000,0.0000,0.0000,0.0000,3,0,0,0,0,6,0,0,0,0
zc,TA305,2012-06-26 09:29:54.633,7274.0000,2298,0,0.0000,0.0000,0,0,多换,B,7270.0000,0.0000,0.0000,0.0000,0.0000,7276.0000,0.0000,0.0000,0.0000,0.0000,2,0,0,0,0,1,0,0,0,0
zc,TA305,2012-06-26 09:29:58.883,7274.0000,2298,0,0.0000,0.0000,0,0,多换,B,7268.0000,0.0000,0.0000,0.0000,0.0000,7276.0000,0.0000,0.0000,0.0000,0.0000,3,0,0,0,0,1,0,0,0,0
zc,TA305,2012-06-26 09:29:59.617,7274.0000,2298,0,0.0000,0.0000,0,0,多换,B,7268.0000,0.0000,0.0000,0.0000,0.0000,7276.0000,0.0000,0.0000,0.0000,0.0000,2,0,0,0,0,1,0,0,0,0
zc,TA305,2012-06-26 09:30:01.150,7274.0000,2298,0,0.0000,0.0000,0,0,多换,B,7270.0000,0.0000,0.0000,0.0000,0.0000,7276.0000,0.0000,0.0000,0.0000,0.0000,2,0,0,0,0,1,0,0,0,0
zc,TA305,2012-06-26 09:30:04.633,7274.0000,2298,0,0.0000,0.0000,0,0,多换,B,7268.0000,0.0000,0.0000,0.0000,0.0000,7276.0000,0.0000,0.0000,0.0000,0.0000,4,0,0,0,0,2,0,0,0,0
zc,TA305,2012-06-26 09:30:05.117,7274.0000,2298,0,0.0000,0.0000,0,0,多换,B,7268.0000,0.0000,0.0000,0.0000,0.0000,7274.0000,0.0000,0.0000,0.0000,0.0000,2,0,0,0,0,1,0,0,0,0
zc,TA305,2012-06-26 09:30:09.150,7274.0000,2298,0,0.0000,0.0000,0,0,多换,B,7270.0000,0.0000,0.0000,0.0000,0.0000,7276.0000,0.0000,0.0000,0.0000,0.0000,2,0,0,0,0,2,0,0,0,0
zc,TA305,2012-06-26 09:30:39.150,7274.0000,2298,0,0.0000,0.0000,0,0,多换,B,7268.0000,0.0000,0.0000,0.0000,0.0000,7274.0000,0.0000,0.0000,0.0000,0.0000,2,0,0,0,0,1,0,0,0,0
zc,TA305,2012-06-26 09:30:56.667,7274.0000,2298,0,0.0000,0.0000,0,0,多换,B,7266.0000,0.0000,0.0000,0.0000,0.0000,7272.0000,0.0000,0.0000,0.0000,0.0000,2,0,0,0,0,1,0,0,0,0
zc,TA305,2012-06-26 09:31:10.617,7274.0000,2298,0,0.0000,0.0000,0,0,多换,B,7266.0000,0.0000,0.0000,0.0000,0.0000,7272.0000,0.0000,0.0000,0.0000,0.0000,1,0,0,0,0,1,0,0,0,0
zc,TA305,2012-06-26 09:31:12.383,7274.0000,2298,0,0.0000,0.0000,0,0,多换,B,7266.0000,0.0000,0.0000,0.0000,0.0000,7272.0000,0.0000,0.0000,0.0000,0.0000,2,0,0,0,0,1,0,0,0,0
zc,TA305,2012-06-26 09:31:19.603,7266.0000,2294,-4,0.0000,4.0000,0,4,双平,S,7264.0000,0.0000,0.0000,0.0000,0.0000,7266.0000,0.0000,0.0000,0.0000,0.0000,2,0,0,0,0,6,0,0,0,0
zc,TA305,2012-06-26 09:31:20.617,7266.0000,2290,-4,0.0000,4.0000,0,4,双平,S,7264.0000,0.0000,0.0000,0.0000,0.0000,7266.0000,0.0000,0.0000,0.0000,0.0000,3,0,0,0,0,4,0,0,0,0
zc,TA305,2012-06-26 09:32:11.353,7266.0000,2284,-6,0.0000,6.0000,0,6,双平,S,7264.0000,0.0000,0.0000,0.0000,0.0000,7266.0000,0.0000,0.0000,0.0000,0.0000,2,0,0,0,0,1,0,0,0,0
zc,TA305,2012-06-26 09:32:13.587,7266.0000,2282,-2,0.0000,2.0000,0,2,双平,S,7266.0000,0.0000,0.0000,0.0000,0.0000,7274.0000,0.0000,0.0000,0.0000,0.0000,1,0,0,0,0,1,0,0,0,0
zc,TA305,2012-06-26 09:32:28.117,7266.0000,2282,0,0.0000,0.0000,0,0,空换,S,7262.0000,0.0000,0.0000,0.0000,0.0000,7274.0000,0.0000,0.0000,0.0000,0.0000,2,0,0,0,0,1,0,0,0,0
zc,TA305,2012-06-26 09:32:29.117,7266.0000,2282,0,0.0000,0.0000,0,0,空换,S,7264.0000,0.0000,0.0000,0.0000,0.0000,7274.0000,0.0000,0.0000,0.0000,0.0000,1,0,0,0,0,1,0,0,0,0
zc,TA305,2012-06-26 09:32:33.117,7266.0000,2282,0,0.0000,0.0000,0,0,空换,S,7264.0000,0.0000,0.0000,0.0000,0.0000,7272.0000,0.0000,0.0000,0.0000,0.0000,1,0,0,0,0,1,0,0,0,0
zc,TA305,2012-06-26 09:32:55.383,7266.0000,2282,0,0.0000,0.0000,0,0,空换,S,7264.0000,0.0000,0.0000,0.0000,0.0000,7274.0000,0.0000,0.0000,0.0000,0.0000,3,0,0,0,0,2,0,0,0,0
zc,TA305,2012-06-26 09:32:56.133,7266.0000,2282,0,0.0000,0.0000,0,0,空换,S,7266.0000,0.0000,0.0000,0.0000,0.0000,7274.0000,0.0000,0.0000,0.0000,0.0000,1,0,0,0,0,2,0,0,0,0
zc,TA305,2012-06-26 09:33:03.900,7266.0000,2282,0,0.0000,0.0000,0,0,空换,S,7266.0000,0.0000,0.0000,0.0000,0.0000,7272.0000,0.0000,0.0000,0.0000,0.0000,1,0,0,0,0,1,0,0,0,0
zc,TA305,2012-06-26 09:33:04.337,7266.0000,2282,0,0.0000,0.0000,0,0,空换,S,7264.0000,0.0000,0.0000,0.0000,0.0000,7272.0000,0.0000,0.0000,0.0000,0.0000,1,0,0,0,0,1,0,0,0,0
zc,TA305,2012-06-26 09:33:20.150,7266.0000,2282,0,0.0000,0.0000,0,0,空换,S,7264.0000,0.0000,0.0000,0.0000,0.0000,7274.0000,0.0000,0.0000,0.0000,0.0000,3,0,0,0,0,2,0,0,0,0
zc,TA305,2012-06-26 09:33:20.667,7266.0000,2282,0,0.0000,0.0000,0,0,空换,S,7264.0000,0.0000,0.0000,0.0000,0.0000,7274.0000,0.0000,0.0000,0.0000,0.0000,2,0,0,0,0,2,0,0,0,0
zc,TA305,2012-06-26 09:33:21.103,7266.0000,2282,0,0.0000,0.0000,0,0,空换,S,7266.0000,0.0000,0.0000,0.0000,0.0000,7274.0000,0.0000,0.0000,0.0000,0.0000,1,0,0,0,0,2,0,0,0,0
zc,TA305,2012-06-26 09:33:23.900,7266.0000,2282,0,0.0000,0.0000,0,0,空换,S,7266.0000,0.0000,0.0000,0.0000,0.0000,7272.0000,0.0000,0.0000,0.0000,0.0000,1,0,0,0,0,1,0,0,0,0
zc,TA305,2012-06-26 09:33:24.853,7266.0000,2282,0,0.0000,0.0000,0,0,空换,S,7264.0000,0.0000,0.0000,0.0000,0.0000,7272.0000,0.0000,0.0000,0.0000,0.0000,1,0,0,0,0,1,0,0,0,0
zc,TA305,2012-06-26 09:33:25.650,7266.0000,2282,0,0.0000,0.0000,0,0,空换,S,7264.0000,0.0000,0.0000,0.0000,0.0000,7274.0000,0.0000,0.0000,0.0000,0.0000,1,0,0,0,0,2,0,0,0,0
zc,TA305,2012-06-26 09:33:26.633,7266.0000,2282,0,0.0000,0.0000,0,0,空换,S,7264.0000,0.0000,0.0000,0.0000,0.0000,7274.0000,0.0000,0.0000,0.0000,0.0000,3,0,0,0,0,2,0,0,0,0
zc,TA305,2012-06-26 09:33:27.417,7266.0000,2282,0,0.0000,0.0000,0,0,空换,S,7264.0000,0.0000,0.0000,0.0000,0.0000,7274.0000,0.0000,0.0000,0.0000,0.0000,2,0,0,0,0,2,0,0,0,0
zc,TA305,2012-06-26 09:33:27.853,7266.0000,2282,0,0.0000,0.0000,0,0,空换,S,7266.0000,0.0000,0.0000,0.0000,0.0000,7274.0000,0.0000,0.0000,0.0000,0.0000,1,0,0,0,0,2,0,0,0,0
zc,TA305,2012-06-26 09:33:36.837,7266.0000,2282,0,0.0000,0.0000,0,0,空换,S,7266.0000,0.0000,0.0000,0.0000,0.0000,7274.0000,0.0000,0.0000,0.0000,0.0000,1,0,0,0,0,2,0,0,0,0
zc,TA305,2012-06-26 09:34:07.367,7266.0000,2282,0,0.0000,0.0000,0,0,空换,S,7262.0000,0.0000,0.0000,0.0000,0.0000,7274.0000,0.0000,0.0000,0.0000,0.0000,2,0,0,0,0,2,0,0,0,0
zc,TA305,2012-06-26 09:34:08.117,7266.0000,2282,0,0.0000,0.0000,0,0,空换,S,7264.0000,0.0000,0.0000,0.0000,0.0000,7274.0000,0.0000,0.0000,0.0000,0.0000,1,0,0,0,0,2,0,0,0,0
zc,TA305,2012-06-26 09:34:09.133,7266.0000,2282,0,0.0000,0.0000,0,0,空换,S,7264.0000,0.0000,0.0000,0.0000,0.0000,7274.0000,0.0000,0.0000,0.0000,0.0000,2,0,0,0,0,2,0,0,0,0
zc,TA305,2012-06-26 09:34:10.353,7266.0000,2282,0,0.0000,0.0000,0,0,空换,S,7266.0000,0.0000,0.0000,0.0000,0.0000,7274.0000,0.0000,0.0000,0.0000,0.0000,1,0,0,0,0,2,0,0,0,0
zc,TA305,2012-06-26 09:37:33.180,7266.0000,2282,0,0.0000,0.0000,0,0,空换,S,7262.0000,0.0000,0.0000,0.0000,0.0000,7272.0000,0.0000,0.0000,0.0000,0.0000,2,0,0,0,0,1,0,0,0,0
zc,TA305,2012-06-26 09:37:33.617,7266.0000,2282,0,0.0000,0.0000,0,0,空换,S,7264.0000,0.0000,0.0000,0.0000,0.0000,7272.0000,0.0000,0.0000,0.0000,0.0000,1,0,0,0,0,1,0,0,0,0
zc,TA305,2012-06-26 09:37:42.400,7266.0000,2282,0,0.0000,0.0000,0,0,空换,S,7264.0000,0.0000,0.0000,0.0000,0.0000,7274.0000,0.0000,0.0000,0.0000,0.0000,2,0,0,0,0,2,0,0,0,0
zc,TA305,2012-06-26 09:37:43.197,7266.0000,2282,0,0.0000,0.0000,0,0,空换,S,7262.0000,0.0000,0.0000,0.0000,0.0000,7272.0000,0.0000,0.0000,0.0000,0.0000,2,0,0,0,0,1,0,0,0,0
zc,TA305,2012-06-26 09:37:43.650,7266.0000,2282,0,0.0000,0.0000,0,0,空换,S,7266.0000,0.0000,0.0000,0.0000,0.0000,7272.0000,0.0000,0.0000,0.0000,0.0000,1,0,0,0,0,1,0,0,0,0
zc,TA305,2012-06-26 09:37:44.180,7266.0000,2282,0,0.0000,0.0000,0,0,空换,S,7262.0000,0.0000,0.0000,0.0000,0.0000,7272.0000,0.0000,0.0000,0.0000,0.0000,2,0,0,0,0,1,0,0,0,0
zc,TA305,2012-06-26 09:37:44.883,7266.0000,2282,0,0.0000,0.0000,0,0,空换,S,7264.0000,0.0000,0.0000,0.0000,0.0000,7272.0000,0.0000,0.0000,0.0000,0.0000,1,0,0,0,0,1,0,0,0,0
zc,TA305,2012-06-26 09:38:19.917,7266.0000,2282,0,0.0000,0.0000,0,0,空换,S,7264.0000,0.0000,0.0000,0.0000,0.0000,7274.0000,0.0000,0.0000,0.0000,0.0000,3,0,0,0,0,2,0,0,0,0
zc,TA305,2012-06-26 09:38:20.367,7266.0000,2282,0,0.0000,0.0000,0,0,空换,S,7264.0000,0.0000,0.0000,0.0000,0.0000,7274.0000,0.0000,0.0000,0.0000,0.0000,2,0,0,0,0,2,0,0,0,0
zc,TA305,2012-06-26 09:38:20.837,7266.0000,2282,0,0.0000,0.0000,0,0,空换,S,7266.0000,0.0000,0.0000,0.0000,0.0000,7274.0000,0.0000,0.0000,0.0000,0.0000,1,0,0,0,0,2,0,0,0,0
zc,TA305,2012-06-26 09:39:10.917,7266.0000,2282,0,0.0000,0.0000,0,0,空换,S,7266.0000,0.0000,0.0000,0.0000,0.0000,7272.0000,0.0000,0.0000,0.0000,0.0000,1,0,0,0,0,1,0,0,0,0
zc,TA305,2012-06-26 09:39:11.383,7266.0000,2282,0,0.0000,0.0000,0,0,空换,S,7262.0000,0.0000,0.0000,0.0000,0.0000,7272.0000,0.0000,0.0000,0.0000,0.0000,2,0,0,0,0,1,0,0,0,0
zc,TA305,2012-06-26 09:39:12.117,7266.0000,2282,0,0.0000,0.0000,0,0,空换,S,7264.0000,0.0000,0.0000,0.0000,0.0000,7272.0000,0.0000,0.0000,0.0000,0.0000,1,0,0,0,0,1,0,0,0,0
zc,TA305,2012-06-26 09:40:01.103,7266.0000,2282,0,0.0000,0.0000,0,0,空换,S,7260.0000,0.0000,0.0000,0.0000,0.0000,7272.0000,0.0000,0.0000,0.0000,0.0000,2,0,0,0,0,1,0,0,0,0
zc,TA305,2012-06-26 09:40:01.617,7266.0000,2282,0,0.0000,0.0000,0,0,空换,S,7262.0000,0.0000,0.0000,0.0000,0.0000,7272.0000,0.0000,0.0000,0.0000,0.0000,1,0,0,0,0,1,0,0,0,0
zc,TA305,2012-06-26 09:40:03.400,7266.0000,2282,0,0.0000,0.0000,0,0,空换,S,7262.0000,0.0000,0.0000,0.0000,0.0000,7272.0000,0.0000,0.0000,0.0000,0.0000,1,0,0,0,0,2,0,0,0,0
zc,TA305,2012-06-26 09:40:05.617,7266.0000,2282,0,0.0000,0.0000,0,0,空换,S,7262.0000,0.0000,0.0000,0.0000,0.0000,7270.0000,0.0000,0.0000,0.0000,0.0000,1,0,0,0,0,1,0,0,0,0
zc,TA305,2012-06-26 09:40:30.430,7266.0000,2282,0,0.0000,0.0000,0,0,空换,S,7262.0000,0.0000,0.0000,0.0000,0.0000,7272.0000,0.0000,0.0000,0.0000,0.0000,3,0,0,0,0,1,0,0,0,0
zc,TA305,2012-06-26 09:40:30.900,7266.0000,2282,0,0.0000,0.0000,0,0,空换,S,7264.0000,0.0000,0.0000,0.0000,0.0000,7272.0000,0.0000,0.0000,0.0000,0.0000,1,0,0,0,0,1,0,0,0,0
zc,TA305,2012-06-26 09:40:31.477,7266.0000,2282,0,0.0000,0.0000,0,0,空换,S,7264.0000,0.0000,0.0000,0.0000,0.0000,7270.0000,0.0000,0.0000,0.0000,0.0000,1,0,0,0,0,1,0,0,0,0
zc,TA305,2012-06-26 09:40:32.133,7266.0000,2282,0,0.0000,0.0000,0,0,空换,S,7262.0000,0.0000,0.0000,0.0000,0.0000,7270.0000,0.0000,0.0000,0.0000,0.0000,1,0,0,0,0,1,0,0,0,0
zc,TA305,2012-06-26 09:40:37.167,7266.0000,2282,0,0.0000,0.0000,0,0,空换,S,7262.0000,0.0000,0.0000,0.0000,0.0000,7272.0000,0.0000,0.0000,0.0000,0.0000,3,0,0,0,0,1,0,0,0,0
zc,TA305,2012-06-26 09:40:37.633,7266.0000,2282,0,0.0000,0.0000,0,0,空换,S,7264.0000,0.0000,0.0000,0.0000,0.0000,7272.0000,0.0000,0.0000,0.0000,0.0000,1,0,0,0,0,1,0,0,0,0
zc,TA305,2012-06-26 09:40:49.667,7266.0000,2282,0,0.0000,0.0000,0,0,空换,S,7264.0000,0.0000,0.0000,0.0000,0.0000,7270.0000,0.0000,0.0000,0.0000,0.0000,1,0,0,0,0,1,0,0,0,0
