市场代码,合约代码,时间,最新,持仓,增仓,成交额,成交量,开仓,平仓,成交类型,方向,买一价,买二价,买三价,买四价,买五价,卖一价,卖二价,卖三价,卖四价,卖五价,买一量,买二量,买三量,买四量,买五量,卖一量,卖二量,卖三量,卖四量,卖五量
zc,TA209,2012-06-26 07:56:35.227,0.0000,448822,0,0.0000,0.0000,0,0,空换,S,0.0000,0.0000,0.0000,0.0000,0.0000,0.0000,0.0000,0.0000,0.0000,0.0000,0,0,0,0,0,0,0,0,0,0
zc,TA209,2012-06-26 07:58:35.227,0.0000,448822,0,0.0000,0.0000,0,0,空换,S,0.0000,0.0000,0.0000,0.0000,0.0000,0.0000,0.0000,0.0000,0.0000,0.0000,0,0,0,0,0,0,0,0,0,0
zc,TA209,2012-06-26 08:03:35.227,0.0000,448822,0,0.0000,0.0000,0,0,空换,S,0.0000,0.0000,0.0000,0.0000,0.0000,0.0000,0.0000,0.0000,0.0000,0.0000,0,0,0,0,0,0,0,0,0,0
zc,TA209,2012-06-26 08:09:36.853,0.0000,448822,0,0.0000,0.0000,0,0,空换,S,0.0000,0.0000,0.0000,0.0000,0.0000,0.0000,0.0000,0.0000,0.0000,0.0000,0,0,0,0,0,0,0,0,0,0
zc,TA209,2012-06-26 08:14:36.853,0.0000,448822,0,0.0000,0.0000,0,0,空换,S,0.0000,0.0000,0.0000,0.0000,0.0000,0.0000,0.0000,0.0000,0.0000,0.0000,0,0,0,0,0,0,0,0,0,0
zc,TA209,2012-06-26 08:25:36.853,0.0000,448822,0,0.0000,0.0000,0,0,空换,S,0.0000,0.0000,0.0000,0.0000,0.0000,0.0000,0.0000,0.0000,0.0000,0.0000,0,0,0,0,0,0,0,0,0,0
zc,TA209,2012-06-26 08:43:36.853,0.0000,448822,0,0.0000,0.0000,0,0,空换,S,0.0000,0.0000,0.0000,0.0000,0.0000,0.0000,0.0000,0.0000,0.0000,0.0000,0,0,0,0,0,0,0,0,0,0
zc,TA209,2012-06-26 08:50:36.837,0.0000,448822,0,0.0000,0.0000,0,0,空换,S,0.0000,0.0000,0.0000,0.0000,0.0000,0.0000,0.0000,0.0000,0.0000,0.0000,0,0,0,0,0,0,0,0,0,0
zc,TA209,2012-06-26 08:52:36.837,0.0000,448822,0,0.0000,0.0000,0,0,空换,S,0.0000,0.0000,0.0000,0.0000,0.0000,0.0000,0.0000,0.0000,0.0000,0.0000,0,0,0,0,0,0,0,0,0,0
zc,TA209,2012-06-26 08:55:01.103,0.0000,448822,0,0.0000,0.0000,0,0,空换,S,0.0000,0.0000,0.0000,0.0000,0.0000,0.0000,0.0000,0.0000,0.0000,0.0000,0,0,0,0,0,0,0,0,0,0
zc,TA209,2012-06-26 08:55:02.103,0.0000,448822,0,0.0000,0.0000,0,0,空换,S,0.0000,0.0000,0.0000,0.0000,0.0000,0.0000,0.0000,0.0000,0.0000,0.0000,0,0,0,0,0,0,0,0,0,0
zc,TA209,2012-06-26 08:55:13.587,0.0000,448822,0,0.0000,0.0000,0,0,空换,S,0.0000,0.0000,0.0000,0.0000,0.0000,0.0000,0.0000,0.0000,0.0000,0.0000,0,0,0,0,0,0,0,0,0,0
zc,TA209,2012-06-26 08:55:16.587,0.0000,448822,0,0.0000,0.0000,0,0,空换,S,0.0000,0.0000,0.0000,0.0000,0.0000,0.0000,0.0000,0.0000,0.0000,0.0000,0,0,0,0,0,0,0,0,0,0
zc,TA209,2012-06-26 08:55:35.837,0.0000,448822,0,0.0000,0.0000,0,0,空换,S,0.0000,0.0000,0.0000,0.0000,0.0000,0.0000,0.0000,0.0000,0.0000,0.0000,0,0,0,0,0,0,0,0,0,0
zc,TA209,2012-06-26 08:55:36.867,0.0000,448822,0,0.0000,0.0000,0,0,空换,S,0.0000,0.0000,0.0000,0.0000,0.0000,0.0000,0.0000,0.0000,0.0000,0.0000,0,0,0,0,0,0,0,0,0,0
zc,TA209,2012-06-26 08:55:52.587,0.0000,448822,0,0.0000,0.0000,0,0,空换,S,0.0000,0.0000,0.0000,0.0000,0.0000,0.0000,0.0000,0.0000,0.0000,0.0000,0,0,0,0,0,0,0,0,0,0
zc,TA209,2012-06-26 08:56:04.837,0.0000,448822,0,0.0000,0.0000,0,0,空换,S,0.0000,0.0000,0.0000,0.0000,0.0000,0.0000,0.0000,0.0000,0.0000,0.0000,0,0,0,0,0,0,0,0,0,0
zc,TA209,2012-06-26 08:56:17.337,0.0000,448822,0,0.0000,0.0000,0,0,空换,S,0.0000,0.0000,0.0000,0.0000,0.0000,0.0000,0.0000,0.0000,0.0000,0.0000,0,0,0,0,0,0,0,0,0,0
zc,TA209,2012-06-26 08:56:19.337,0.0000,448822,0,0.0000,0.0000,0,0,空换,S,0.0000,0.0000,0.0000,0.0000,0.0000,0.0000,0.0000,0.0000,0.0000,0.0000,0,0,0,0,0,0,0,0,0,0
zc,TA209,2012-06-26 08:56:24.337,0.0000,448822,0,0.0000,0.0000,0,0,空换,S,0.0000,0.0000,0.0000,0.0000,0.0000,0.0000,0.0000,0.0000,0.0000,0.0000,0,0,0,0,0,0,0,0,0,0
zc,TA209,2012-06-26 08:56:26.587,0.0000,448822,0,0.0000,0.0000,0,0,空换,S,0.0000,0.0000,0.0000,0.0000,0.0000,0.0000,0.0000,0.0000,0.0000,0.0000,0,0,0,0,0,0,0,0,0,0
zc,TA209,2012-06-26 08:56:28.587,0.0000,448822,0,0.0000,0.0000,0,0,空换,S,0.0000,0.0000,0.0000,0.0000,0.0000,0.0000,0.0000,0.0000,0.0000,0.0000,0,0,0,0,0,0,0,0,0,0
zc,TA209,2012-06-26 08:56:38.353,0.0000,448822,0,0.0000,0.0000,0,0,空换,S,0.0000,0.0000,0.0000,0.0000,0.0000,0.0000,0.0000,0.0000,0.0000,0.0000,0,0,0,0,0,0,0,0,0,0
zc,TA209,2012-06-26 08:56:41.587,0.0000,448822,0,0.0000,0.0000,0,0,空换,S,0.0000,0.0000,0.0000,0.0000,0.0000,0.0000,0.0000,0.0000,0.0000,0.0000,0,0,0,0,0,0,0,0,0,0
zc,TA209,2012-06-26 08:56:47.087,0.0000,448822,0,0.0000,0.0000,0,0,空换,S,0.0000,0.0000,0.0000,0.0000,0.0000,0.0000,0.0000,0.0000,0.0000,0.0000,0,0,0,0,0,0,0,0,0,0
zc,TA209,2012-06-26 08:56:52.353,0.0000,448822,0,0.0000,0.0000,0,0,空换,S,0.0000,0.0000,0.0000,0.0000,0.0000,0.0000,0.0000,0.0000,0.0000,0.0000,0,0,0,0,0,0,0,0,0,0
zc,TA209,2012-06-26 08:56:53.587,0.0000,448822,0,0.0000,0.0000,0,0,空换,S,0.0000,0.0000,0.0000,0.0000,0.0000,0.0000,0.0000,0.0000,0.0000,0.0000,0,0,0,0,0,0,0,0,0,0
zc,TA209,2012-06-26 08:56:56.837,0.0000,448822,0,0.0000,0.0000,0,0,空换,S,0.0000,0.0000,0.0000,0.0000,0.0000,0.0000,0.0000,0.0000,0.0000,0.0000,0,0,0,0,0,0,0,0,0,0
zc,TA209,2012-06-26 08:57:03.087,0.0000,448822,0,0.0000,0.0000,0,0,空换,S,0.0000,0.0000,0.0000,0.0000,0.0000,0.0000,0.0000,0.0000,0.0000,0.0000,0,0,0,0,0,0,0,0,0,0
zc,TA209,2012-06-26 08:57:03.837,0.0000,448822,0,0.0000,0.0000,0,0,空换,S,0.0000,0.0000,0.0000,0.0000,0.0000,0.0000,0.0000,0.0000,0.0000,0.0000,0,0,0,0,0,0,0,0,0,0
zc,TA209,2012-06-26 08:57:04.337,0.0000,448822,0,0.0000,0.0000,0,0,空换,S,0.0000,0.0000,0.0000,0.0000,0.0000,0.0000,0.0000,0.0000,0.0000,0.0000,0,0,0,0,0,0,0,0,0,0
zc,TA209,2012-06-26 08:57:05.353,0.0000,448822,0,0.0000,0.0000,0,0,空换,S,0.0000,0.0000,0.0000,0.0000,0.0000,0.0000,0.0000,0.0000,0.0000,0.0000,0,0,0,0,0,0,0,0,0,0
zc,TA209,2012-06-26 08:57:06.587,0.0000,448822,0,0.0000,0.0000,0,0,空换,S,0.0000,0.0000,0.0000,0.0000,0.0000,0.0000,0.0000,0.0000,0.0000,0.0000,0,0,0,0,0,0,0,0,0,0
zc,TA209,2012-06-26 08:57:07.587,0.0000,448822,0,0.0000,0.0000,0,0,空换,S,0.0000,0.0000,0.0000,0.0000,0.0000,0.0000,0.0000,0.0000,0.0000,0.0000,0,0,0,0,0,0,0,0,0,0
zc,TA209,2012-06-26 08:57:08.603,0.0000,448822,0,0.0000,0.0000,0,0,空换,S,0.0000,0.0000,0.0000,0.0000,0.0000,0.0000,0.0000,0.0000,0.0000,0.0000,0,0,0,0,0,0,0,0,0,0
zc,TA209,2012-06-26 08:57:10.587,0.0000,448822,0,0.0000,0.0000,0,0,空换,S,0.0000,0.0000,0.0000,0.0000,0.0000,0.0000,0.0000,0.0000,0.0000,0.0000,0,0,0,0,0,0,0,0,0,0
zc,TA209,2012-06-26 08:57:12.337,0.0000,448822,0,0.0000,0.0000,0,0,空换,S,0.0000,0.0000,0.0000,0.0000,0.0000,0.0000,0.0000,0.0000,0.0000,0.0000,0,0,0,0,0,0,0,0,0,0
zc,TA209,2012-06-26 08:57:14.087,0.0000,448822,0,0.0000,0.0000,0,0,空换,S,0.0000,0.0000,0.0000,0.0000,0.0000,0.0000,0.0000,0.0000,0.0000,0.0000,0,0,0,0,0,0,0,0,0,0
zc,TA209,2012-06-26 08:57:16.837,0.0000,448822,0,0.0000,0.0000,0,0,空换,S,0.0000,0.0000,0.0000,0.0000,0.0000,0.0000,0.0000,0.0000,0.0000,0.0000,0,0,0,0,0,0,0,0,0,0
zc,TA209,2012-06-26 08:57:44.087,0.0000,448822,0,0.0000,0.0000,0,0,空换,S,0.0000,0.0000,0.0000,0.0000,0.0000,0.0000,0.0000,0.0000,0.0000,0.0000,0,0,0,0,0,0,0,0,0,0
zc,TA209,2012-06-26 08:57:50.587,0.0000,448822,0,0.0000,0.0000,0,0,空换,S,0.0000,0.0000,0.0000,0.0000,0.0000,0.0000,0.0000,0.0000,0.0000,0.0000,0,0,0,0,0,0,0,0,0,0
zc,TA209,2012-06-26 08:57:51.587,0.0000,448822,0,0.0000,0.0000,0,0,空换,S,0.0000,0.0000,0.0000,0.0000,0.0000,0.0000,0.0000,0.0000,0.0000,0.0000,0,0,0,0,0,0,0,0,0,0
zc,TA209,2012-06-26 08:57:59.837,0.0000,448822,0,0.0000,0.0000,0,0,空换,S,0.0000,0.0000,0.0000,0.0000,0.0000,0.0000,0.0000,0.0000,0.0000,0.0000,0,0,0,0,0,0,0,0,0,0
zc,TA209,2012-06-26 08:58:51.337,0.0000,448822,0,0.0000,0.0000,0,0,空换,S,0.0000,0.0000,0.0000,0.0000,0.0000,0.0000,0.0000,0.0000,0.0000,0.0000,0,0,0,0,0,0,0,0,0,0
zc,TA209,2012-06-26 08:59:01.540,7102.0000,448430,-392,0.0000,1378.0000,493,885,空平,B,7102.0000,0.0000,0.0000,0.0000,0.0000,7104.0000,0.0000,0.0000,0.0000,0.0000,332,0,0,0,0,27,0,0,0,0
zc,TA209,2012-06-26 08:59:36.837,7102.0000,448430,0,0.0000,0.0000,0,0,多换,B,7102.0000,0.0000,0.0000,0.0000,0.0000,7104.0000,0.0000,0.0000,0.0000,0.0000,332,0,0,0,0,27,0,0,0,0
zc,TA209,2012-06-26 09:00:00.150,7102.0000,448398,-32,0.0000,34.0000,1,33,空平,B,7102.0000,0.0000,0.0000,0.0000,0.0000,7104.0000,0.0000,0.0000,0.0000,0.0000,316,0,0,0,0,29,0,0,0,0
zc,TA209,2012-06-26 09:00:00.993,7102.0000,448308,-90,0.0000,384.0000,147,237,空平,B,7100.0000,0.0000,0.0000,0.0000,0.0000,7102.0000,0.0000,0.0000,0.0000,0.0000,933,0,0,0,0,16,0,0,0,0
zc,TA209,2012-06-26 09:00:01.510,7102.0000,447996,-312,0.0000,1208.0000,448,760,空平,B,7102.0000,0.0000,0.0000,0.0000,0.0000,7104.0000,0.0000,0.0000,0.0000,0.0000,18,0,0,0,0,1,0,0,0,0
zc,TA209,2012-06-26 09:00:02.510,7104.0000,448038,42,0.0000,548.0000,295,253,多开,B,7104.0000,0.0000,0.0000,0.0000,0.0000,7106.0000,0.0000,0.0000,0.0000,0.0000,82,0,0,0,0,42,0,0,0,0
zc,TA209,2012-06-26 09:00:03.227,7106.0000,447194,-844,0.0000,1260.0000,208,1052,空平,B,7106.0000,0.0000,0.0000,0.0000,0.0000,7108.0000,0.0000,0.0000,0.0000,0.0000,9,0,0,0,0,829,0,0,0,0
zc,TA209,2012-06-26 09:00:03.963,7104.0000,447124,-70,0.0000,174.0000,52,122,多平,S,7104.0000,0.0000,0.0000,0.0000,0.0000,7106.0000,0.0000,0.0000,0.0000,0.0000,6,0,0,0,0,10,0,0,0,0
zc,TA209,2012-06-26 09:00:04.463,7104.0000,447180,56,0.0000,368.0000,212,156,空开,S,7100.0000,0.0000,0.0000,0.0000,0.0000,7104.0000,0.0000,0.0000,0.0000,0.0000,165,0,0,0,0,186,0,0,0,0
zc,TA209,2012-06-26 09:00:04.963,7104.0000,447174,-6,0.0000,74.0000,34,40,多平,S,7102.0000,0.0000,0.0000,0.0000,0.0000,7104.0000,0.0000,0.0000,0.0000,0.0000,7,0,0,0,0,224,0,0,0,0
zc,TA209,2012-06-26 09:00:05.463,7104.0000,447282,108,0.0000,310.0000,209,101,空开,S,7100.0000,0.0000,0.0000,0.0000,0.0000,7102.0000,0.0000,0.0000,0.0000,0.0000,110,0,0,0,0,1,0,0,0,0
zc,TA209,2012-06-26 09:00:06.213,7104.0000,447434,152,0.0000,640.0000,396,244,空开,S,7100.0000,0.0000,0.0000,0.0000,0.0000,7104.0000,0.0000,0.0000,0.0000,0.0000,21,0,0,0,0,193,0,0,0,0
zc,TA209,2012-06-26 09:00:06.713,7100.0000,447514,80,0.0000,130.0000,105,25,空开,S,7098.0000,0.0000,0.0000,0.0000,0.0000,7100.0000,0.0000,0.0000,0.0000,0.0000,5,0,0,0,0,129,0,0,0,0
zc,TA209,2012-06-26 09:00:07.477,7094.0000,447624,110,0.0000,150.0000,130,20,空开,S,7094.0000,0.0000,0.0000,0.0000,0.0000,7100.0000,0.0000,0.0000,0.0000,0.0000,13,0,0,0,0,217,0,0,0,0
zc,TA209,2012-06-26 09:00:07.963,7100.0000,447668,44,0.0000,76.0000,60,16,多开,B,7096.0000,0.0000,0.0000,0.0000,0.0000,7100.0000,0.0000,0.0000,0.0000,0.0000,44,0,0,0,0,208,0,0,0,0
zc,TA209,2012-06-26 09:00:08.963,7096.0000,447654,-14,0.0000,138.0000,62,76,多平,S,7092.0000,0.0000,0.0000,0.0000,0.0000,7096.0000,0.0000,0.0000,0.0000,0.0000,215,0,0,0,0,67,0,0,0,0
zc,TA209,2012-06-26 09:00:09.447,7094.0000,447650,-4,0.0000,96.0000,46,50,多平,S,7094.0000,0.0000,0.0000,0.0000,0.0000,7096.0000,0.0000,0.0000,0.0000,0.0000,26,0,0,0,0,89,0,0,0,0
zc,TA209,2012-06-26 09:00:10.180,7092.0000,447662,12,0.0000,92.0000,52,40,空开,S,7092.0000,0.0000,0.0000,0.0000,0.0000,7096.0000,0.0000,0.0000,0.0000,0.0000,206,0,0,0,0,110,0,0,0,0
zc,TA209,2012-06-26 09:00:10.697,7094.0000,447670,8,0.0000,44.0000,26,18,多开,B,7092.0000,0.0000,0.0000,0.0000,0.0000,7094.0000,0.0000,0.0000,0.0000,0.0000,198,0,0,0,0,55,0,0,0,0
zc,TA209,2012-06-26 09:00:11.493,7094.0000,447624,-46,0.0000,182.0000,68,114,空平,B,7092.0000,0.0000,0.0000,0.0000,0.0000,7094.0000,0.0000,0.0000,0.0000,0.0000,159,0,0,0,0,10,0,0,0,0
zc,TA209,2012-06-26 09:00:11.963,7094.0000,447648,24,0.0000,104.0000,64,40,多开,B,7092.0000,0.0000,0.0000,0.0000,0.0000,7094.0000,0.0000,0.0000,0.0000,0.0000,131,0,0,0,0,12,0,0,0,0
zc,TA209,2012-06-26 09:00:12.667,7092.0000,447666,18,0.0000,40.0000,29,11,空开,S,7092.0000,0.0000,0.0000,0.0000,0.0000,7094.0000,0.0000,0.0000,0.0000,0.0000,115,0,0,0,0,35,0,0,0,0
zc,TA209,2012-06-26 09:00:13.447,7094.0000,447686,20,0.0000,154.0000,87,67,多开,B,7092.0000,0.0000,0.0000,0.0000,0.0000,7094.0000,0.0000,0.0000,0.0000,0.0000,54,0,0,0,0,31,0,0,0,0
zc,TA209,2012-06-26 09:00:14.213,7096.0000,447730,44,0.0000,118.0000,81,37,多开,B,7094.0000,0.0000,0.0000,0.0000,0.0000,7096.0000,0.0000,0.0000,0.0000,0.0000,5,0,0,0,0,118,0,0,0,0
zc,TA209,2012-06-26 09:00:14.697,7092.0000,447672,-58,0.0000,224.0000,83,141,多平,S,7090.0000,0.0000,0.0000,0.0000,0.0000,7092.0000,0.0000,0.0000,0.0000,0.0000,55,0,0,0,0,122,0,0,0,0
zc,TA209,2012-06-26 09:00:15.447,7090.0000,447666,-6,0.0000,74.0000,34,40,多平,S,7090.0000,0.0000,0.0000,0.0000,0.0000,7092.0000,0.0000,0.0000,0.0000,0.0000,37,0,0,0,0,114,0,0,0,0
zc,TA209,2012-06-26 09:00:15.963,7092.0000,447470,-196,0.0000,278.0000,41,237,空平,B,7088.0000,0.0000,0.0000,0.0000,0.0000,7090.0000,0.0000,0.0000,0.0000,0.0000,41,0,0,0,0,8,0,0,0,0
zc,TA209,2012-06-26 09:00:16.713,7090.0000,447480,10,0.0000,20.0000,15,5,空开,S,7088.0000,0.0000,0.0000,0.0000,0.0000,7090.0000,0.0000,0.0000,0.0000,0.0000,41,0,0,0,0,124,0,0,0,0
zc,TA209,2012-06-26 09:00:17.477,7088.0000,447584,104,0.0000,140.0000,122,18,空开,S,7086.0000,0.0000,0.0000,0.0000,0.0000,7088.0000,0.0000,0.0000,0.0000,0.0000,78,0,0,0,0,8,0,0,0,0
zc,TA209,2012-06-26 09:00:18.477,7088.0000,447570,-14,0.0000,80.0000,33,47,多平,S,7086.0000,0.0000,0.0000,0.0000,0.0000,7088.0000,0.0000,0.0000,0.0000,0.0000,70,0,0,0,0,10,0,0,0,0
zc,TA209,2012-06-26 09:00:19.463,7086.0000,447808,238,0.0000,490.0000,364,126,空开,S,7086.0000,0.0000,0.0000,0.0000,0.0000,7088.0000,0.0000,0.0000,0.0000,0.0000,127,0,0,0,0,7,0,0,0,0
zc,TA209,2012-06-26 09:00:20.477,7092.0000,447682,-126,0.0000,484.0000,179,305,空平,B,7092.0000,0.0000,0.0000,0.0000,0.0000,7094.0000,0.0000,0.0000,0.0000,0.0000,77,0,0,0,0,20,0,0,0,0
zc,TA209,2012-06-26 09:00:21.197,7092.0000,447600,-82,0.0000,164.0000,41,123,空平,B,7092.0000,0.0000,0.0000,0.0000,0.0000,7094.0000,0.0000,0.0000,0.0000,0.0000,101,0,0,0,0,12,0,0,0,0
zc,TA209,2012-06-26 09:00:21.400,7094.0000,447540,-60,0.0000,112.0000,26,86,空平,B,7092.0000,0.0000,0.0000,0.0000,0.0000,7094.0000,0.0000,0.0000,0.0000,0.0000,63,0,0,0,0,9,0,0,0,0
zc,TA209,2012-06-26 09:00:22.150,7094.0000,447524,-16,0.0000,114.0000,49,65,空平,B,7094.0000,0.0000,0.0000,0.0000,0.0000,7096.0000,0.0000,0.0000,0.0000,0.0000,83,0,0,0,0,94,0,0,0,0
zc,TA209,2012-06-26 09:00:23.180,7096.0000,447570,46,0.0000,238.0000,142,96,多开,B,7096.0000,0.0000,0.0000,0.0000,0.0000,7098.0000,0.0000,0.0000,0.0000,0.0000,74,0,0,0,0,45,0,0,0,0
zc,TA209,2012-06-26 09:00:23.713,7098.0000,447548,-22,0.0000,192.0000,85,107,空平,B,7098.0000,0.0000,0.0000,0.0000,0.0000,7100.0000,0.0000,0.0000,0.0000,0.0000,32,0,0,0,0,569,0,0,0,0
zc,TA209,2012-06-26 09:00:24.447,7098.0000,447516,-32,0.0000,70.0000,19,51,空平,B,7098.0000,0.0000,0.0000,0.0000,0.0000,7100.0000,0.0000,0.0000,0.0000,0.0000,25,0,0,0,0,534,0,0,0,0
zc,TA209,2012-06-26 09:00:24.930,7098.0000,447476,-40,0.0000,130.0000,45,85,空平,B,7098.0000,0.0000,0.0000,0.0000,0.0000,7100.0000,0.0000,0.0000,0.0000,0.0000,18,0,0,0,0,501,0,0,0,0
zc,TA209,2012-06-26 09:00:25.680,7098.0000,447488,12,0.0000,38.0000,25,13,多开,B,7098.0000,0.0000,0.0000,0.0000,0.0000,7100.0000,0.0000,0.0000,0.0000,0.0000,18,0,0,0,0,486,0,0,0,0
zc,TA209,2012-06-26 09:00:26.447,7098.0000,447468,-20,0.0000,62.0000,21,41,空平,B,7096.0000,0.0000,0.0000,0.0000,0.0000,7098.0000,0.0000,0.0000,0.0000,0.0000,354,0,0,0,0,4,0,0,0,0
zc,TA209,2012-06-26 09:00:26.930,7100.0000,447496,28,0.0000,40.0000,34,6,多开,B,7096.0000,0.0000,0.0000,0.0000,0.0000,7098.0000,0.0000,0.0000,0.0000,0.0000,350,0,0,0,0,18,0,0,0,0
zc,TA209,2012-06-26 09:00:27.650,7098.0000,447510,14,0.0000,28.0000,21,7,空开,S,7096.0000,0.0000,0.0000,0.0000,0.0000,7098.0000,0.0000,0.0000,0.0000,0.0000,340,0,0,0,0,37,0,0,0,0
zc,TA209,2012-06-26 09:00:28.180,7098.0000,447256,-254,0.0000,460.0000,103,357,多平,S,7096.0000,0.0000,0.0000,0.0000,0.0000,7098.0000,0.0000,0.0000,0.0000,0.0000,233,0,0,0,0,113,0,0,0,0
zc,TA209,2012-06-26 09:00:28.883,7098.0000,447146,-110,0.0000,116.0000,3,113,多平,S,7096.0000,0.0000,0.0000,0.0000,0.0000,7098.0000,0.0000,0.0000,0.0000,0.0000,234,0,0,0,0,116,0,0,0,0
zc,TA209,2012-06-26 09:00:29.430,7098.0000,447130,-16,0.0000,48.0000,16,32,多平,S,7096.0000,0.0000,0.0000,0.0000,0.0000,7098.0000,0.0000,0.0000,0.0000,0.0000,212,0,0,0,0,126,0,0,0,0
zc,TA209,2012-06-26 09:00:30.167,7098.0000,446978,-152,0.0000,474.0000,161,313,多平,S,7098.0000,0.0000,0.0000,0.0000,0.0000,7100.0000,0.0000,0.0000,0.0000,0.0000,183,0,0,0,0,553,0,0,0,0
zc,TA209,2012-06-26 09:00:30.697,7100.0000,446922,-56,0.0000,108.0000,26,82,空平,B,7098.0000,0.0000,0.0000,0.0000,0.0000,7100.0000,0.0000,0.0000,0.0000,0.0000,156,0,0,0,0,548,0,0,0,0
zc,TA209,2012-06-26 09:00:31.417,7098.0000,446940,18,0.0000,30.0000,24,6,空开,S,7098.0000,0.0000,0.0000,0.0000,0.0000,7100.0000,0.0000,0.0000,0.0000,0.0000,151,0,0,0,0,538,0,0,0,0
zc,TA209,2012-06-26 09:00:31.917,7098.0000,446948,8,0.0000,102.0000,55,47,空开,S,7098.0000,0.0000,0.0000,0.0000,0.0000,7100.0000,0.0000,0.0000,0.0000,0.0000,121,0,0,0,0,532,0,0,0,0
zc,TA209,2012-06-26 09:00:32.680,7100.0000,446960,12,0.0000,150.0000,81,69,多开,B,7098.0000,0.0000,0.0000,0.0000,0.0000,7100.0000,0.0000,0.0000,0.0000,0.0000,70,0,0,0,0,513,0,0,0,0
zc,TA209,2012-06-26 09:00:33.167,7100.0000,446966,6,0.0000,42.0000,24,18,多开,B,7098.0000,0.0000,0.0000,0.0000,0.0000,7100.0000,0.0000,0.0000,0.0000,0.0000,56,0,0,0,0,509,0,0,0,0
zc,TA209,2012-06-26 09:00:33.917,7098.0000,447420,454,0.0000,638.0000,546,92,空开,S,7098.0000,0.0000,0.0000,0.0000,0.0000,7100.0000,0.0000,0.0000,0.0000,0.0000,3,0,0,0,0,392,0,0,0,0
zc,TA209,2012-06-26 09:00:34.400,7098.0000,447428,8,0.0000,30.0000,19,11,空开,S,7096.0000,0.0000,0.0000,0.0000,0.0000,7098.0000,0.0000,0.0000,0.0000,0.0000,206,0,0,0,0,1,0,0,0,0
zc,TA209,2012-06-26 09:00:35.167,7098.0000,447428,0,0.0000,28.0000,14,14,空换,S,7098.0000,0.0000,0.0000,0.0000,0.0000,7100.0000,0.0000,0.0000,0.0000,0.0000,195,0,0,0,0,395,0,0,0,0
zc,TA209,2012-06-26 09:00:35.667,7100.0000,447414,-14,0.0000,68.0000,27,41,空平,B,7098.0000,0.0000,0.0000,0.0000,0.0000,7100.0000,0.0000,0.0000,0.0000,0.0000,174,0,0,0,0,390,0,0,0,0
zc,TA209,2012-06-26 09:00:36.463,7100.0000,447514,100,0.0000,162.0000,131,31,多开,B,7098.0000,0.0000,0.0000,0.0000,0.0000,7100.0000,0.0000,0.0000,0.0000,0.0000,267,0,0,0,0,326,0,0,0,0
zc,TA209,2012-06-26 09:00:36.947,7100.0000,447820,306,0.0000,472.0000,389,83,多开,B,7098.0000,0.0000,0.0000,0.0000,0.0000,7100.0000,0.0000,0.0000,0.0000,0.0000,251,0,0,0,0,106,0,0,0,0
zc,TA209,2012-06-26 09:00:37.667,7102.0000,447802,-18,0.0000,262.0000,122,140,空平,B,7102.0000,0.0000,0.0000,0.0000,0.0000,7104.0000,0.0000,0.0000,0.0000,0.0000,38,0,0,0,0,38,0,0,0,0
zc,TA209,2012-06-26 09:00:38.680,7104.0000,447810,8,0.0000,26.0000,17,9,多开,B,7102.0000,0.0000,0.0000,0.0000,0.0000,7104.0000,0.0000,0.0000,0.0000,0.0000,49,0,0,0,0,67,0,0,0,0
zc,TA209,2012-06-26 09:00:39.213,7104.0000,447824,14,0.0000,142.0000,78,64,多开,B,7100.0000,0.0000,0.0000,0.0000,0.0000,7104.0000,0.0000,0.0000,0.0000,0.0000,94,0,0,0,0,48,0,0,0,0
zc,TA209,2012-06-26 09:00:39.680,7100.0000,447824,0,0.0000,50.0000,25,25,空换,S,7100.0000,0.0000,0.0000,0.0000,0.0000,7102.0000,0.0000,0.0000,0.0000,0.0000,154,0,0,0,0,9,0,0,0,0
zc,TA209,2012-06-26 09:00:40.417,7102.0000,447842,18,0.0000,42.0000,30,12,多开,B,7100.0000,0.0000,0.0000,0.0000,0.0000,7102.0000,0.0000,0.0000,0.0000,0.0000,152,0,0,0,0,6,0,0,0,0
zc,TA209,2012-06-26 09:00:40.883,7102.0000,447864,22,0.0000,34.0000,28,6,多开,B,7100.0000,0.0000,0.0000,0.0000,0.0000,7102.0000,0.0000,0.0000,0.0000,0.0000,157,0,0,0,0,52,0,0,0,0
zc,TA209,2012-06-26 09:00:41.633,7102.0000,447880,16,0.0000,38.0000,27,11,多开,B,7100.0000,0.0000,0.0000,0.0000,0.0000,7102.0000,0.0000,0.0000,0.0000,0.0000,154,0,0,0,0,72,0,0,0,0
zc,TA209,2012-06-26 09:00:42.180,7100.0000,447966,86,0.0000,384.0000,235,149,空开,S,7098.0000,0.0000,0.0000,0.0000,0.0000,7100.0000,0.0000,0.0000,0.0000,0.0000,255,0,0,0,0,14,0,0,0,0
zc,TA209,2012-06-26 09:00:42.930,7100.0000,447954,-12,0.0000,34.0000,11,23,多平,S,7098.0000,0.0000,0.0000,0.0000,0.0000,7100.0000,0.0000,0.0000,0.0000,0.0000,255,0,0,0,0,73,0,0,0,0
zc,TA209,2012-06-26 09:00:43.400,7100.0000,448210,256,0.0000,426.0000,341,85,空开,S,7098.0000,0.0000,0.0000,0.0000,0.0000,7100.0000,0.0000,0.0000,0.0000,0.0000,256,0,0,0,0,46,0,0,0,0
zc,TA209,2012-06-26 09:00:44.197,7102.0000,448172,-38,0.0000,124.0000,43,81,空平,B,7098.0000,0.0000,0.0000,0.0000,0.0000,7102.0000,0.0000,0.0000,0.0000,0.0000,256,0,0,0,0,219,0,0,0,0
zc,TA209,2012-06-26 09:00:44.667,7102.0000,448150,-22,0.0000,112.0000,45,67,空平,B,7100.0000,0.0000,0.0000,0.0000,0.0000,7102.0000,0.0000,0.0000,0.0000,0.0000,7,0,0,0,0,150,0,0,0,0
zc,TA209,2012-06-26 09:00:45.463,7098.0000,448156,6,0.0000,66.0000,36,30,空开,S,7098.0000,0.0000,0.0000,0.0000,0.0000,7102.0000,0.0000,0.0000,0.0000,0.0000,240,0,0,0,0,151,0,0,0,0
zc,TA209,2012-06-26 09:00:45.963,7100.0000,448128,-28,0.0000,30.0000,1,29,空平,B,7100.0000,0.0000,0.0000,0.0000,0.0000,7102.0000,0.0000,0.0000,0.0000,0.0000,83,0,0,0,0,136,0,0,0,0
zc,TA209,2012-06-26 09:00:46.680,7102.0000,448126,-2,0.0000,42.0000,20,22,空平,B,7100.0000,0.0000,0.0000,0.0000,0.0000,7102.0000,0.0000,0.0000,0.0000,0.0000,145,0,0,0,0,115,0,0,0,0
zc,TA209,2012-06-26 09:00:47.447,7102.0000,448162,36,0.0000,144.0000,90,54,多开,B,7100.0000,0.0000,0.0000,0.0000,0.0000,7102.0000,0.0000,0.0000,0.0000,0.0000,144,0,0,0,0,96,0,0,0,0
zc,TA209,2012-06-26 09:00:47.930,7100.0000,448172,10,0.0000,40.0000,25,15,空开,S,7100.0000,0.0000,0.0000,0.0000,0.0000,7102.0000,0.0000,0.0000,0.0000,0.0000,151,0,0,0,0,84,0,0,0,0
zc,TA209,2012-06-26 09:00:48.713,7100.0000,448212,40,0.0000,270.0000,155,115,空开,S,7100.0000,0.0000,0.0000,0.0000,0.0000,7102.0000,0.0000,0.0000,0.0000,0.0000,113,0,0,0,0,6,0,0,0,0
zc,TA209,2012-06-26 09:00:49.167,7100.0000,448266,54,0.0000,158.0000,106,52,空开,S,7102.0000,0.0000,0.0000,0.0000,0.0000,7104.0000,0.0000,0.0000,0.0000,0.0000,1,0,0,0,0,47,0,0,0,0
zc,TA209,2012-06-26 09:00:49.930,7102.0000,448282,16,0.0000,42.0000,29,13,多开,B,7102.0000,0.0000,0.0000,0.0000,0.0000,7104.0000,0.0000,0.0000,0.0000,0.0000,4,0,0,0,0,46,0,0,0,0
zc,TA209,2012-06-26 09:00:50.680,7104.0000,448328,46,0.0000,110.0000,78,32,多开,B,7104.0000,0.0000,0.0000,0.0000,0.0000,7106.0000,0.0000,0.0000,0.0000,0.0000,1,0,0,0,0,148,0,0,0,0
zc,TA209,2012-06-26 09:00:51.167,7104.0000,448284,-44,0.0000,62.0000,9,53,空平,B,7102.0000,0.0000,0.0000,0.0000,0.0000,7104.0000,0.0000,0.0000,0.0000,0.0000,101,0,0,0,0,4,0,0,0,0
zc,TA209,2012-06-26 09:00:51.930,7102.0000,448288,4,0.0000,36.0000,20,16,空开,S,7102.0000,0.0000,0.0000,0.0000,0.0000,7106.0000,0.0000,0.0000,0.0000,0.0000,134,0,0,0,0,140,0,0,0,0
zc,TA209,2012-06-26 09:00:52.713,7104.0000,448304,16,0.0000,66.0000,41,25,多开,B,7102.0000,0.0000,0.0000,0.0000,0.0000,7104.0000,0.0000,0.0000,0.0000,0.0000,187,0,0,0,0,40,0,0,0,0
zc,TA209,2012-06-26 09:00:53.180,7100.0000,448516,212,0.0000,530.0000,371,159,空开,S,7098.0000,0.0000,0.0000,0.0000,0.0000,7100.0000,0.0000,0.0000,0.0000,0.0000,238,0,0,0,0,171,0,0,0,0
zc,TA209,2012-06-26 09:00:53.900,7100.0000,448546,30,0.0000,30.0000,30,0,双开,S,7098.0000,0.0000,0.0000,0.0000,0.0000,7100.0000,0.0000,0.0000,0.0000,0.0000,258,0,0,0,0,156,0,0,0,0
zc,TA209,2012-06-26 09:00:54.430,7100.0000,448596,50,0.0000,130.0000,90,40,空开,S,7098.0000,0.0000,0.0000,0.0000,0.0000,7100.0000,0.0000,0.0000,0.0000,0.0000,272,0,0,0,0,112,0,0,0,0
zc,TA209,2012-06-26 09:00:55.180,7100.0000,448594,-2,0.0000,226.0000,112,114,多平,S,7100.0000,0.0000,0.0000,0.0000,0.0000,7102.0000,0.0000,0.0000,0.0000,0.0000,24,0,0,0,0,17,0,0,0,0
zc,TA209,2012-06-26 09:00:55.617,7102.0000,448574,-20,0.0000,32.0000,6,26,空平,B,7100.0000,0.0000,0.0000,0.0000,0.0000,7102.0000,0.0000,0.0000,0.0000,0.0000,39,0,0,0,0,10,0,0,0,0
zc,TA209,2012-06-26 09:00:56.417,7100.0000,448602,28,0.0000,52.0000,40,12,空开,S,7100.0000,0.0000,0.0000,0.0000,0.0000,7102.0000,0.0000,0.0000,0.0000,0.0000,25,0,0,0,0,27,0,0,0,0
zc,TA209,2012-06-26 09:00:56.900,7102.0000,448622,20,0.0000,72.0000,46,26,多开,B,7102.0000,0.0000,0.0000,0.0000,0.0000,7104.0000,0.0000,0.0000,0.0000,0.0000,12,0,0,0,0,291,0,0,0,0
zc,TA209,2012-06-26 09:00:57.697,7100.0000,448664,42,0.0000,52.0000,47,5,空开,S,7100.0000,0.0000,0.0000,0.0000,0.0000,7102.0000,0.0000,0.0000,0.0000,0.0000,15,0,0,0,0,7,0,0,0,0
zc,TA209,2012-06-26 09:00:57.917,7100.0000,448666,2,0.0000,4.0000,3,1,空开,S,7100.0000,0.0000,0.0000,0.0000,0.0000,7102.0000,0.0000,0.0000,0.0000,0.0000,22,0,0,0,0,293,0,0,0,0
zc,TA209,2012-06-26 09:00:59.180,7098.0000,448850,184,0.0000,198.0000,191,7,空开,S,7098.0000,0.0000,0.0000,0.0000,0.0000,7100.0000,0.0000,0.0000,0.0000,0.0000,217,0,0,0,0,13,0,0,0,0
zc,TA209,2012-06-26 09:00:59.680,7100.0000,448870,20,0.0000,26.0000,23,3,多开,B,7098.0000,0.0000,0.0000,0.0000,0.0000,7100.0000,0.0000,0.0000,0.0000,0.0000,225,0,0,0,0,137,0,0,0,0
zc,TA209,2012-06-26 09:01:00.447,7100.0000,448598,-272,0.0000,318.0000,23,295,空平,B,7098.0000,0.0000,0.0000,0.0000,0.0000,7100.0000,0.0000,0.0000,0.0000,0.0000,56,0,0,0,0,243,0,0,0,0
zc,TA209,2012-06-26 09:01:00.963,7098.0000,448512,-86,0.0000,426.0000,170,256,多平,S,7096.0000,0.0000,0.0000,0.0000,0.0000,7098.0000,0.0000,0.0000,0.0000,0.0000,165,0,0,0,0,38,0,0,0,0
zc,TA209,2012-06-26 09:01:01.697,7098.0000,448604,92,0.0000,154.0000,123,31,空开,S,7098.0000,0.0000,0.0000,0.0000,0.0000,7100.0000,0.0000,0.0000,0.0000,0.0000,161,0,0,0,0,209,0,0,0,0
zc,TA209,2012-06-26 09:01:02.430,7100.0000,448712,108,0.0000,166.0000,137,29,多开,B,7098.0000,0.0000,0.0000,0.0000,0.0000,7100.0000,0.0000,0.0000,0.0000,0.0000,99,0,0,0,0,160,0,0,0,0
zc,TA209,2012-06-26 09:01:03.180,7100.0000,448724,12,0.0000,24.0000,18,6,多开,B,7098.0000,0.0000,0.0000,0.0000,0.0000,7100.0000,0.0000,0.0000,0.0000,0.0000,100,0,0,0,0,154,0,0,0,0
zc,TA209,2012-06-26 09:01:03.697,7098.0000,448740,16,0.0000,74.0000,45,29,空开,S,7098.0000,0.0000,0.0000,0.0000,0.0000,7100.0000,0.0000,0.0000,0.0000,0.0000,98,0,0,0,0,100,0,0,0,0
zc,TA209,2012-06-26 09:01:04.430,7100.0000,448594,-146,0.0000,220.0000,37,183,空平,B,7100.0000,0.0000,0.0000,0.0000,0.0000,7102.0000,0.0000,0.0000,0.0000,0.0000,29,0,0,0,0,142,0,0,0,0
zc,TA209,2012-06-26 09:01:04.883,7100.0000,448588,-6,0.0000,28.0000,11,17,空平,B,7100.0000,0.0000,0.0000,0.0000,0.0000,7102.0000,0.0000,0.0000,0.0000,0.0000,61,0,0,0,0,142,0,0,0,0
zc,TA209,2012-06-26 09:01:05.667,7098.0000,448458,-130,0.0000,250.0000,60,190,多平,S,7098.0000,0.0000,0.0000,0.0000,0.0000,7100.0000,0.0000,0.0000,0.0000,0.0000,120,0,0,0,0,16,0,0,0,0
zc,TA209,2012-06-26 09:01:06.180,7098.0000,448430,-28,0.0000,62.0000,17,45,多平,S,7098.0000,0.0000,0.0000,0.0000,0.0000,7100.0000,0.0000,0.0000,0.0000,0.0000,113,0,0,0,0,16,0,0,0,0
zc,TA209,2012-06-26 09:01:06.963,7098.0000,448438,8,0.0000,10.0000,9,1,空开,S,7098.0000,0.0000,0.0000,0.0000,0.0000,7100.0000,0.0000,0.0000,0.0000,0.0000,111,0,0,0,0,15,0,0,0,0
zc,TA209,2012-06-26 09:01:07.430,7098.0000,448464,26,0.0000,38.0000,32,6,空开,S,7098.0000,0.0000,0.0000,0.0000,0.0000,7100.0000,0.0000,0.0000,0.0000,0.0000,110,0,0,0,0,29,0,0,0,0
zc,TA209,2012-06-26 09:01:08.477,7102.0000,448336,-128,0.0000,426.0000,149,277,空平,B,7098.0000,0.0000,0.0000,0.0000,0.0000,7102.0000,0.0000,0.0000,0.0000,0.0000,44,0,0,0,0,85,0,0,0,0
zc,TA209,2012-06-26 09:01:08.930,7102.0000,448356,20,0.0000,60.0000,40,20,多开,B,7100.0000,0.0000,0.0000,0.0000,0.0000,7102.0000,0.0000,0.0000,0.0000,0.0000,179,0,0,0,0,158,0,0,0,0
zc,TA209,2012-06-26 09:01:09.680,7100.0000,448378,22,0.0000,46.0000,34,12,空开,S,7100.0000,0.0000,0.0000,0.0000,0.0000,7102.0000,0.0000,0.0000,0.0000,0.0000,165,0,0,0,0,207,0,0,0,0
zc,TA209,2012-06-26 09:01:10.150,7100.0000,448438,60,0.0000,64.0000,62,2,空开,S,7100.0000,0.0000,0.0000,0.0000,0.0000,7102.0000,0.0000,0.0000,0.0000,0.0000,136,0,0,0,0,208,0,0,0,0
zc,TA209,2012-06-26 09:01:10.947,7100.0000,448792,354,0.0000,390.0000,372,18,空开,S,7100.0000,0.0000,0.0000,0.0000,0.0000,7102.0000,0.0000,0.0000,0.0000,0.0000,8,0,0,0,0,207,0,0,0,0
zc,TA209,2012-06-26 09:01:11.447,7100.0000,448748,-44,0.0000,146.0000,51,95,多平,S,7100.0000,0.0000,0.0000,0.0000,0.0000,7102.0000,0.0000,0.0000,0.0000,0.0000,57,0,0,0,0,188,0,0,0,0
zc,TA209,2012-06-26 09:01:12.180,7100.0000,448748,0,0.0000,18.0000,9,9,空换,S,7100.0000,0.0000,0.0000,0.0000,0.0000,7102.0000,0.0000,0.0000,0.0000,0.0000,56,0,0,0,0,187,0,0,0,0
zc,TA209,2012-06-26 09:01:12.697,7100.0000,448654,-94,0.0000,116.0000,11,105,多平,S,7100.0000,0.0000,0.0000,0.0000,0.0000,7102.0000,0.0000,0.0000,0.0000,0.0000,55,0,0,0,0,135,0,0,0,0
zc,TA209,2012-06-26 09:01:13.150,7100.0000,448642,-12,0.0000,34.0000,11,23,多平,S,7100.0000,0.0000,0.0000,0.0000,0.0000,7102.0000,0.0000,0.0000,0.0000,0.0000,38,0,0,0,0,435,0,0,0,0
zc,TA209,2012-06-26 09:01:13.680,7100.0000,448594,-48,0.0000,76.0000,14,62,多平,S,7098.0000,0.0000,0.0000,0.0000,0.0000,7100.0000,0.0000,0.0000,0.0000,0.0000,109,0,0,0,0,2,0,0,0,0
zc,TA209,2012-06-26 09:01:14.430,7098.0000,448582,-12,0.0000,26.0000,7,19,多平,S,7098.0000,0.0000,0.0000,0.0000,0.0000,7100.0000,0.0000,0.0000,0.0000,0.0000,118,0,0,0,0,210,0,0,0,0
zc,TA209,2012-06-26 09:01:14.930,7100.0000,448580,-2,0.0000,2.0000,0,2,双平,B,7098.0000,0.0000,0.0000,0.0000,0.0000,7100.0000,0.0000,0.0000,0.0000,0.0000,79,0,0,0,0,208,0,0,0,0
zc,TA209,2012-06-26 09:01:15.667,7098.0000,448572,-8,0.0000,64.0000,28,36,多平,S,7098.0000,0.0000,0.0000,0.0000,0.0000,7100.0000,0.0000,0.0000,0.0000,0.0000,48,0,0,0,0,404,0,0,0,0
zc,TA209,2012-06-26 09:01:16.180,7096.0000,448552,-20,0.0000,110.0000,45,65,多平,S,7096.0000,0.0000,0.0000,0.0000,0.0000,7098.0000,0.0000,0.0000,0.0000,0.0000,163,0,0,0,0,99,0,0,0,0
zc,TA209,2012-06-26 09:01:16.900,7096.0000,448544,-8,0.0000,190.0000,91,99,多平,S,7096.0000,0.0000,0.0000,0.0000,0.0000,7098.0000,0.0000,0.0000,0.0000,0.0000,71,0,0,0,0,167,0,0,0,0
zc,TA209,2012-06-26 09:01:17.417,7096.0000,448544,0,0.0000,22.0000,11,11,空换,S,7096.0000,0.0000,0.0000,0.0000,0.0000,7098.0000,0.0000,0.0000,0.0000,0.0000,59,0,0,0,0,176,0,0,0,0
zc,TA209,2012-06-26 09:01:18.430,7098.0000,448522,-22,0.0000,26.0000,2,24,空平,B,7096.0000,0.0000,0.0000,0.0000,0.0000,7098.0000,0.0000,0.0000,0.0000,0.0000,52,0,0,0,0,178,0,0,0,0
zc,TA209,2012-06-26 09:01:18.993,7096.0000,448540,18,0.0000,118.0000,68,50,空开,S,7096.0000,0.0000,0.0000,0.0000,0.0000,7098.0000,0.0000,0.0000,0.0000,0.0000,47,0,0,0,0,202,0,0,0,0
zc,TA209,2012-06-26 09:01:19.667,7098.0000,448600,60,0.0000,214.0000,137,77,多开,B,7096.0000,0.0000,0.0000,0.0000,0.0000,7098.0000,0.0000,0.0000,0.0000,0.0000,45,0,0,0,0,99,0,0,0,0
zc,TA209,2012-06-26 09:01:20.180,7098.0000,448600,0,0.0000,0.0000,0,0,多换,B,7096.0000,0.0000,0.0000,0.0000,0.0000,7098.0000,0.0000,0.0000,0.0000,0.0000,47,0,0,0,0,99,0,0,0,0
zc,TA209,2012-06-26 09:01:20.883,7096.0000,448582,-18,0.0000,64.0000,23,41,多平,S,7096.0000,0.0000,0.0000,0.0000,0.0000,7098.0000,0.0000,0.0000,0.0000,0.0000,107,0,0,0,0,98,0,0,0,0
zc,TA209,2012-06-26 09:01:21.447,7096.0000,448578,-4,0.0000,16.0000,6,10,多平,S,7096.0000,0.0000,0.0000,0.0000,0.0000,7098.0000,0.0000,0.0000,0.0000,0.0000,104,0,0,0,0,94,0,0,0,0
zc,TA209,2012-06-26 09:01:22.167,7098.0000,448584,6,0.0000,6.0000,6,0,双开,B,7096.0000,0.0000,0.0000,0.0000,0.0000,7098.0000,0.0000,0.0000,0.0000,0.0000,104,0,0,0,0,101,0,0,0,0
zc,TA209,2012-06-26 09:01:22.667,7098.0000,448570,-14,0.0000,50.0000,18,32,空平,B,7096.0000,0.0000,0.0000,0.0000,0.0000,7098.0000,0.0000,0.0000,0.0000,0.0000,80,0,0,0,0,100,0,0,0,0
zc,TA209,2012-06-26 09:01:23.180,7098.0000,448568,-2,0.0000,22.0000,10,12,空平,B,7096.0000,0.0000,0.0000,0.0000,0.0000,7098.0000,0.0000,0.0000,0.0000,0.0000,72,0,0,0,0,115,0,0,0,0
zc,TA209,2012-06-26 09:01:23.917,7098.0000,448502,-66,0.0000,88.0000,11,77,空平,B,7096.0000,0.0000,0.0000,0.0000,0.0000,7098.0000,0.0000,0.0000,0.0000,0.0000,37,0,0,0,0,115,0,0,0,0
zc,TA209,2012-06-26 09:01:24.477,7098.0000,448466,-36,0.0000,64.0000,14,50,空平,B,7096.0000,0.0000,0.0000,0.0000,0.0000,7098.0000,0.0000,0.0000,0.0000,0.0000,11,0,0,0,0,110,0,0,0,0
zc,TA209,2012-06-26 09:01:25.197,7096.0000,448476,10,0.0000,26.0000,18,8,空开,S,7094.0000,0.0000,0.0000,0.0000,0.0000,7096.0000,0.0000,0.0000,0.0000,0.0000,147,0,0,0,0,1,0,0,0,0
zc,TA209,2012-06-26 09:01:25.680,7098.0000,448496,20,0.0000,44.0000,32,12,多开,B,7096.0000,0.0000,0.0000,0.0000,0.0000,7098.0000,0.0000,0.0000,0.0000,0.0000,5,0,0,0,0,153,0,0,0,0
zc,TA209,2012-06-26 09:01:26.400,7096.0000,448498,2,0.0000,6.0000,4,2,空开,S,7096.0000,0.0000,0.0000,0.0000,0.0000,7098.0000,0.0000,0.0000,0.0000,0.0000,9,0,0,0,0,153,0,0,0,0
zc,TA209,2012-06-26 09:01:26.917,7096.0000,448476,-22,0.0000,68.0000,23,45,多平,S,7096.0000,0.0000,0.0000,0.0000,0.0000,7098.0000,0.0000,0.0000,0.0000,0.0000,14,0,0,0,0,155,0,0,0,0
zc,TA209,2012-06-26 09:01:27.633,7096.0000,448460,-16,0.0000,20.0000,2,18,多平,S,7096.0000,0.0000,0.0000,0.0000,0.0000,7098.0000,0.0000,0.0000,0.0000,0.0000,8,0,0,0,0,165,0,0,0,0
zc,TA209,2012-06-26 09:01:28.180,7096.0000,448460,0,0.0000,14.0000,7,7,空换,S,7096.0000,0.0000,0.0000,0.0000,0.0000,7098.0000,0.0000,0.0000,0.0000,0.0000,3,0,0,0,0,167,0,0,0,0
zc,TA209,2012-06-26 09:01:28.917,7096.0000,448460,0,0.0000,0.0000,0,0,空换,S,7096.0000,0.0000,0.0000,0.0000,0.0000,7098.0000,0.0000,0.0000,0.0000,0.0000,45,0,0,0,0,172,0,0,0,0
zc,TA209,2012-06-26 09:01:29.417,7096.0000,448462,2,0.0000,8.0000,5,3,空开,S,7096.0000,0.0000,0.0000,0.0000,0.0000,7098.0000,0.0000,0.0000,0.0000,0.0000,45,0,0,0,0,171,0,0,0,0
zc,TA209,2012-06-26 09:01:30.150,7096.0000,448464,2,0.0000,6.0000,4,2,空开,S,7096.0000,0.0000,0.0000,0.0000,0.0000,7098.0000,0.0000,0.0000,0.0000,0.0000,60,0,0,0,0,169,0,0,0,0
zc,TA209,2012-06-26 09:01:30.633,7096.0000,448464,0,0.0000,6.0000,3,3,空换,S,7096.0000,0.0000,0.0000,0.0000,0.0000,7098.0000,0.0000,0.0000,0.0000,0.0000,57,0,0,0,0,169,0,0,0,0
zc,TA209,2012-06-26 09:01:31.167,7098.0000,448472,8,0.0000,68.0000,38,30,多开,B,7096.0000,0.0000,0.0000,0.0000,0.0000,7098.0000,0.0000,0.0000,0.0000,0.0000,47,0,0,0,0,147,0,0,0,0
zc,TA209,2012-06-26 09:01:31.917,7098.0000,448472,0,0.0000,0.0000,0,0,多换,B,7096.0000,0.0000,0.0000,0.0000,0.0000,7098.0000,0.0000,0.0000,0.0000,0.0000,48,0,0,0,0,148,0,0,0,0
zc,TA209,2012-06-26 09:01:32.383,7096.0000,448472,0,0.0000,22.0000,11,11,空换,S,7096.0000,0.0000,0.0000,0.0000,0.0000,7098.0000,0.0000,0.0000,0.0000,0.0000,78,0,0,0,0,146,0,0,0,0
zc,TA209,2012-06-26 09:01:33.167,7096.0000,448442,-30,0.0000,32.0000,1,31,多平,S,7096.0000,0.0000,0.0000,0.0000,0.0000,7098.0000,0.0000,0.0000,0.0000,0.0000,65,0,0,0,0,147,0,0,0,0
zc,TA209,2012-06-26 09:01:33.417,7098.0000,448434,-8,0.0000,16.0000,4,12,空平,B,7096.0000,0.0000,0.0000,0.0000,0.0000,7098.0000,0.0000,0.0000,0.0000,0.0000,70,0,0,0,0,145,0,0,0,0
zc,TA209,2012-06-26 09:01:34.117,7096.0000,448448,14,0.0000,20.0000,17,3,空开,S,7096.0000,0.0000,0.0000,0.0000,0.0000,7098.0000,0.0000,0.0000,0.0000,0.0000,60,0,0,0,0,139,0,0,0,0
zc,TA209,2012-06-26 09:01:34.633,7098.0000,448460,12,0.0000,28.0000,20,8,多开,B,7096.0000,0.0000,0.0000,0.0000,0.0000,7098.0000,0.0000,0.0000,0.0000,0.0000,49,0,0,0,0,138,0,0,0,0
zc,TA209,2012-06-26 09:01:35.430,7098.0000,448460,0,0.0000,6.0000,3,3,多换,B,7096.0000,0.0000,0.0000,0.0000,0.0000,7098.0000,0.0000,0.0000,0.0000,0.0000,48,0,0,0,0,138,0,0,0,0
zc,TA209,2012-06-26 09:01:35.917,7096.0000,448456,-4,0.0000,8.0000,2,6,多平,S,7096.0000,0.0000,0.0000,0.0000,0.0000,7098.0000,0.0000,0.0000,0.0000,0.0000,45,0,0,0,0,140,0,0,0,0
zc,TA209,2012-06-26 09:01:36.400,7096.0000,448446,-10,0.0000,10.0000,0,10,双平,S,7096.0000,0.0000,0.0000,0.0000,0.0000,7098.0000,0.0000,0.0000,0.0000,0.0000,188,0,0,0,0,144,0,0,0,0
zc,TA209,2012-06-26 09:01:36.853,7096.0000,448444,-2,0.0000,2.0000,0,2,双平,S,7096.0000,0.0000,0.0000,0.0000,0.0000,7098.0000,0.0000,0.0000,0.0000,0.0000,188,0,0,0,0,144,0,0,0,0
zc,TA209,2012-06-26 09:01:37.180,7098.0000,448446,2,0.0000,4.0000,3,1,多开,B,7096.0000,0.0000,0.0000,0.0000,0.0000,7098.0000,0.0000,0.0000,0.0000,0.0000,190,0,0,0,0,211,0,0,0,0
zc,TA209,2012-06-26 09:01:37.603,7096.0000,448540,94,0.0000,144.0000,119,25,空开,S,7096.0000,0.0000,0.0000,0.0000,0.0000,7098.0000,0.0000,0.0000,0.0000,0.0000,208,0,0,0,0,151,0,0,0,0
zc,TA209,2012-06-26 09:01:38.383,7096.0000,448482,-58,0.0000,336.0000,139,197,多平,S,7094.0000,0.0000,0.0000,0.0000,0.0000,7096.0000,0.0000,0.0000,0.0000,0.0000,214,0,0,0,0,77,0,0,0,0
zc,TA209,2012-06-26 09:01:38.900,7098.0000,448432,-50,0.0000,182.0000,66,116,空平,B,7096.0000,0.0000,0.0000,0.0000,0.0000,7098.0000,0.0000,0.0000,0.0000,0.0000,18,0,0,0,0,147,0,0,0,0
zc,TA209,2012-06-26 09:01:39.633,7096.0000,448440,8,0.0000,44.0000,26,18,空开,S,7096.0000,0.0000,0.0000,0.0000,0.0000,7098.0000,0.0000,0.0000,0.0000,0.0000,61,0,0,0,0,148,0,0,0,0
zc,TA209,2012-06-26 09:01:40.167,7096.0000,448410,-30,0.0000,38.0000,4,34,多平,S,7096.0000,0.0000,0.0000,0.0000,0.0000,7098.0000,0.0000,0.0000,0.0000,0.0000,250,0,0,0,0,151,0,0,0,0
zc,TA209,2012-06-26 09:01:40.917,7096.0000,448460,50,0.0000,66.0000,58,8,空开,S,7096.0000,0.0000,0.0000,0.0000,0.0000,7098.0000,0.0000,0.0000,0.0000,0.0000,221,0,0,0,0,151,0,0,0,0
zc,TA209,2012-06-26 09:01:41.417,7096.0000,448462,2,0.0000,6.0000,4,2,空开,S,7096.0000,0.0000,0.0000,0.0000,0.0000,7098.0000,0.0000,0.0000,0.0000,0.0000,231,0,0,0,0,166,0,0,0,0
zc,TA209,2012-06-26 09:01:42.167,7096.0000,448476,14,0.0000,16.0000,15,1,空开,S,7096.0000,0.0000,0.0000,0.0000,0.0000,7098.0000,0.0000,0.0000,0.0000,0.0000,227,0,0,0,0,181,0,0,0,0
zc,TA209,2012-06-26 09:01:42.417,7098.0000,448524,48,0.0000,50.0000,49,1,多开,B,7096.0000,0.0000,0.0000,0.0000,0.0000,7098.0000,0.0000,0.0000,0.0000,0.0000,212,0,0,0,0,163,0,0,0,0
zc,TA209,2012-06-26 09:01:43.150,7096.0000,448544,20,0.0000,34.0000,27,7,空开,S,7096.0000,0.0000,0.0000,0.0000,0.0000,7098.0000,0.0000,0.0000,0.0000,0.0000,212,0,0,0,0,190,0,0,0,0
zc,TA209,2012-06-26 09:01:43.867,7098.0000,448542,-2,0.0000,54.0000,26,28,空平,B,7096.0000,0.0000,0.0000,0.0000,0.0000,7098.0000,0.0000,0.0000,0.0000,0.0000,202,0,0,0,0,174,0,0,0,0
zc,TA209,2012-06-26 09:01:44.400,7096.0000,448538,-4,0.0000,4.0000,0,4,双平,S,7096.0000,0.0000,0.0000,0.0000,0.0000,7098.0000,0.0000,0.0000,0.0000,0.0000,209,0,0,0,0,175,0,0,0,0
zc,TA209,2012-06-26 09:01:45.180,7096.0000,448530,-8,0.0000,10.0000,1,9,多平,S,7096.0000,0.0000,0.0000,0.0000,0.0000,7098.0000,0.0000,0.0000,0.0000,0.0000,207,0,0,0,0,187,0,0,0,0
zc,TA209,2012-06-26 09:01:45.680,7098.0000,448530,0,0.0000,60.0000,30,30,多换,B,7096.0000,0.0000,0.0000,0.0000,0.0000,7098.0000,0.0000,0.0000,0.0000,0.0000,205,0,0,0,0,169,0,0,0,0
zc,TA209,2012-06-26 09:01:46.167,7096.0000,448510,-20,0.0000,24.0000,2,22,多平,S,7096.0000,0.0000,0.0000,0.0000,0.0000,7098.0000,0.0000,0.0000,0.0000,0.0000,194,0,0,0,0,186,0,0,0,0
zc,TA209,2012-06-26 09:01:46.697,7096.0000,448504,-6,0.0000,6.0000,0,6,双平,S,7096.0000,0.0000,0.0000,0.0000,0.0000,7098.0000,0.0000,0.0000,0.0000,0.0000,191,0,0,0,0,187,0,0,0,0
zc,TA209,2012-06-26 09:01:47.417,7096.0000,448488,-16,0.0000,16.0000,0,16,双平,S,7096.0000,0.0000,0.0000,0.0000,0.0000,7098.0000,0.0000,0.0000,0.0000,0.0000,183,0,0,0,0,188,0,0,0,0
zc,TA209,2012-06-26 09:01:47.930,7098.0000,448480,-8,0.0000,12.0000,2,10,空平,B,7096.0000,0.0000,0.0000,0.0000,0.0000,7098.0000,0.0000,0.0000,0.0000,0.0000,219,0,0,0,0,188,0,0,0,0
zc,TA209,2012-06-26 09:01:48.917,7098.0000,448410,-70,0.0000,82.0000,6,76,空平,B,7096.0000,0.0000,0.0000,0.0000,0.0000,7098.0000,0.0000,0.0000,0.0000,0.0000,181,0,0,0,0,185,0,0,0,0
zc,TA209,2012-06-26 09:01:49.150,7096.0000,448408,-2,0.0000,4.0000,1,3,多平,S,7096.0000,0.0000,0.0000,0.0000,0.0000,7098.0000,0.0000,0.0000,0.0000,0.0000,179,0,0,0,0,193,0,0,0,0
zc,TA209,2012-06-26 09:01:49.930,7098.0000,448408,0,0.0000,8.0000,4,4,多换,B,7096.0000,0.0000,0.0000,0.0000,0.0000,7098.0000,0.0000,0.0000,0.0000,0.0000,178,0,0,0,0,216,0,0,0,0
zc,TA209,2012-06-26 09:01:50.400,7098.0000,448422,14,0.0000,124.0000,69,55,多开,B,7096.0000,0.0000,0.0000,0.0000,0.0000,7098.0000,0.0000,0.0000,0.0000,0.0000,130,0,0,0,0,209,0,0,0,0
zc,TA209,2012-06-26 09:01:51.180,7098.0000,448422,0,0.0000,8.0000,4,4,多换,B,7096.0000,0.0000,0.0000,0.0000,0.0000,7098.0000,0.0000,0.0000,0.0000,0.0000,128,0,0,0,0,211,0,0,0,0
zc,TA209,2012-06-26 09:01:51.697,7096.0000,448418,-4,0.0000,6.0000,1,5,多平,S,7096.0000,0.0000,0.0000,0.0000,0.0000,7098.0000,0.0000,0.0000,0.0000,0.0000,132,0,0,0,0,211,0,0,0,0
zc,TA209,2012-06-26 09:01:52.417,7096.0000,448426,8,0.0000,14.0000,11,3,空开,S,7096.0000,0.0000,0.0000,0.0000,0.0000,7098.0000,0.0000,0.0000,0.0000,0.0000,148,0,0,0,0,206,0,0,0,0
zc,TA209,2012-06-26 09:01:52.917,7096.0000,448366,-60,0.0000,162.0000,51,111,多平,S,7096.0000,0.0000,0.0000,0.0000,0.0000,7098.0000,0.0000,0.0000,0.0000,0.0000,67,0,0,0,0,217,0,0,0,0
zc,TA209,2012-06-26 09:01:53.447,7096.0000,448582,216,0.0000,342.0000,279,63,空开,S,7094.0000,0.0000,0.0000,0.0000,0.0000,7096.0000,0.0000,0.0000,0.0000,0.0000,211,0,0,0,0,28,0,0,0,0
zc,TA209,2012-06-26 09:01:54.133,7096.0000,448584,2,0.0000,4.0000,3,1,空开,S,7094.0000,0.0000,0.0000,0.0000,0.0000,7096.0000,0.0000,0.0000,0.0000,0.0000,212,0,0,0,0,36,0,0,0,0
zc,TA209,2012-06-26 09:01:54.417,7096.0000,448586,2,0.0000,2.0000,2,0,双开,S,7094.0000,0.0000,0.0000,0.0000,0.0000,7096.0000,0.0000,0.0000,0.0000,0.0000,211,0,0,0,0,77,0,0,0,0
zc,TA209,2012-06-26 09:01:55.133,7096.0000,448588,2,0.0000,4.0000,3,1,空开,S,7094.0000,0.0000,0.0000,0.0000,0.0000,7096.0000,0.0000,0.0000,0.0000,0.0000,210,0,0,0,0,79,0,0,0,0
zc,TA209,2012-06-26 09:01:55.697,7094.0000,448594,6,0.0000,6.0000,6,0,双开,S,7094.0000,0.0000,0.0000,0.0000,0.0000,7096.0000,0.0000,0.0000,0.0000,0.0000,207,0,0,0,0,101,0,0,0,0
zc,TA209,2012-06-26 09:01:56.400,7096.0000,448598,4,0.0000,4.0000,4,0,双开,B,7094.0000,0.0000,0.0000,0.0000,0.0000,7096.0000,0.0000,0.0000,0.0000,0.0000,206,0,0,0,0,100,0,0,0,0
zc,TA209,2012-06-26 09:01:56.883,7096.0000,448602,4,0.0000,4.0000,4,0,双开,B,7094.0000,0.0000,0.0000,0.0000,0.0000,7096.0000,0.0000,0.0000,0.0000,0.0000,206,0,0,0,0,99,0,0,0,0
zc,TA209,2012-06-26 09:01:57.650,7096.0000,448656,54,0.0000,56.0000,55,1,多开,B,7094.0000,0.0000,0.0000,0.0000,0.0000,7096.0000,0.0000,0.0000,0.0000,0.0000,213,0,0,0,0,86,0,0,0,0
zc,TA209,2012-06-26 09:01:58.117,7096.0000,448678,22,0.0000,138.0000,80,58,多开,B,7094.0000,0.0000,0.0000,0.0000,0.0000,7096.0000,0.0000,0.0000,0.0000,0.0000,231,0,0,0,0,17,0,0,0,0
zc,TA209,2012-06-26 09:01:58.667,7096.0000,448724,46,0.0000,74.0000,60,14,多开,B,7094.0000,0.0000,0.0000,0.0000,0.0000,7096.0000,0.0000,0.0000,0.0000,0.0000,200,0,0,0,0,2,0,0,0,0
zc,TA209,2012-06-26 09:01:59.383,7096.0000,448798,74,0.0000,86.0000,80,6,多开,B,7094.0000,0.0000,0.0000,0.0000,0.0000,7096.0000,0.0000,0.0000,0.0000,0.0000,167,0,0,0,0,2,0,0,0,0
zc,TA209,2012-06-26 09:01:59.917,7094.0000,448802,4,0.0000,16.0000,10,6,空开,S,7094.0000,0.0000,0.0000,0.0000,0.0000,7098.0000,0.0000,0.0000,0.0000,0.0000,197,0,0,0,0,196,0,0,0,0
zc,TA209,2012-06-26 09:02:00.680,7096.0000,448806,4,0.0000,4.0000,4,0,双开,B,7096.0000,0.0000,0.0000,0.0000,0.0000,7098.0000,0.0000,0.0000,0.0000,0.0000,4,0,0,0,0,242,0,0,0,0
zc,TA209,2012-06-26 09:02:01.167,7096.0000,448808,2,0.0000,2.0000,2,0,双开,B,7096.0000,0.0000,0.0000,0.0000,0.0000,7098.0000,0.0000,0.0000,0.0000,0.0000,70,0,0,0,0,242,0,0,0,0
zc,TA209,2012-06-26 09:02:01.917,7096.0000,448826,18,0.0000,18.0000,18,0,双开,B,7096.0000,0.0000,0.0000,0.0000,0.0000,7098.0000,0.0000,0.0000,0.0000,0.0000,76,0,0,0,0,242,0,0,0,0
zc,TA209,2012-06-26 09:02:02.400,7098.0000,448858,32,0.0000,32.0000,32,0,双开,B,7096.0000,0.0000,0.0000,0.0000,0.0000,7098.0000,0.0000,0.0000,0.0000,0.0000,76,0,0,0,0,228,0,0,0,0
zc,TA209,2012-06-26 09:02:03.400,7098.0000,448884,26,0.0000,26.0000,26,0,双开,B,7096.0000,0.0000,0.0000,0.0000,0.0000,7098.0000,0.0000,0.0000,0.0000,0.0000,93,0,0,0,0,224,0,0,0,0
zc,TA209,2012-06-26 09:02:03.667,7098.0000,448884,0,0.0000,0.0000,0,0,多换,B,7096.0000,0.0000,0.0000,0.0000,0.0000,7098.0000,0.0000,0.0000,0.0000,0.0000,97,0,0,0,0,224,0,0,0,0
zc,TA209,2012-06-26 09:02:04.430,7098.0000,448896,12,0.0000,12.0000,12,0,双开,B,7096.0000,0.0000,0.0000,0.0000,0.0000,7098.0000,0.0000,0.0000,0.0000,0.0000,94,0,0,0,0,219,0,0,0,0
zc,TA209,2012-06-26 09:02:04.917,7096.0000,448904,8,0.0000,10.0000,9,1,空开,S,7096.0000,0.0000,0.0000,0.0000,0.0000,7098.0000,0.0000,0.0000,0.0000,0.0000,88,0,0,0,0,217,0,0,0,0
zc,TA209,2012-06-26 09:02:05.650,7098.0000,448910,6,0.0000,14.0000,10,4,多开,B,7096.0000,0.0000,0.0000,0.0000,0.0000,7098.0000,0.0000,0.0000,0.0000,0.0000,73,0,0,0,0,213,0,0,0,0
zc,TA209,2012-06-26 09:02:06.167,7098.0000,448912,2,0.0000,2.0000,2,0,双开,B,7096.0000,0.0000,0.0000,0.0000,0.0000,7098.0000,0.0000,0.0000,0.0000,0.0000,79,0,0,0,0,288,0,0,0,0
zc,TA209,2012-06-26 09:02:06.930,7098.0000,449094,182,0.0000,580.0000,381,199,多开,B,7098.0000,0.0000,0.0000,0.0000,0.0000,7100.0000,0.0000,0.0000,0.0000,0.0000,43,0,0,0,0,1445,0,0,0,0
zc,TA209,2012-06-26 09:02:07.430,7098.0000,449102,8,0.0000,10.0000,9,1,多开,B,7098.0000,0.0000,0.0000,0.0000,0.0000,7100.0000,0.0000,0.0000,0.0000,0.0000,69,0,0,0,0,1445,0,0,0,0
zc,TA209,2012-06-26 09:02:08.417,7098.0000,449166,64,0.0000,118.0000,91,27,多开,B,7098.0000,0.0000,0.0000,0.0000,0.0000,7100.0000,0.0000,0.0000,0.0000,0.0000,33,0,0,0,0,1439,0,0,0,0
zc,TA209,2012-06-26 09:02:08.713,7098.0000,449302,136,0.0000,328.0000,232,96,多开,B,7096.0000,0.0000,0.0000,0.0000,0.0000,7098.0000,0.0000,0.0000,0.0000,0.0000,1,0,0,0,0,8,0,0,0,0
zc,TA209,2012-06-26 09:02:09.650,7098.0000,449306,4,0.0000,112.0000,58,54,多开,B,7098.0000,0.0000,0.0000,0.0000,0.0000,7100.0000,0.0000,0.0000,0.0000,0.0000,10,0,0,0,0,1457,0,0,0,0
zc,TA209,2012-06-26 09:02:10.180,7100.0000,449390,84,0.0000,90.0000,87,3,多开,B,7098.0000,0.0000,0.0000,0.0000,0.0000,7100.0000,0.0000,0.0000,0.0000,0.0000,19,0,0,0,0,1458,0,0,0,0
zc,TA209,2012-06-26 09:02:10.963,7098.0000,449390,0,0.0000,22.0000,11,11,空换,S,7098.0000,0.0000,0.0000,0.0000,0.0000,7100.0000,0.0000,0.0000,0.0000,0.0000,13,0,0,0,0,1433,0,0,0,0
zc,TA209,2012-06-26 09:02:11.417,7098.0000,449388,-2,0.0000,8.0000,3,5,多平,S,7098.0000,0.0000,0.0000,0.0000,0.0000,7100.0000,0.0000,0.0000,0.0000,0.0000,22,0,0,0,0,1433,0,0,0,0
zc,TA209,2012-06-26 09:02:11.917,7100.0000,449392,4,0.0000,42.0000,23,19,多开,B,7098.0000,0.0000,0.0000,0.0000,0.0000,7100.0000,0.0000,0.0000,0.0000,0.0000,15,0,0,0,0,1431,0,0,0,0
zc,TA209,2012-06-26 09:02:12.680,7100.0000,449392,0,0.0000,88.0000,44,44,多换,B,7098.0000,0.0000,0.0000,0.0000,0.0000,7100.0000,0.0000,0.0000,0.0000,0.0000,193,0,0,0,0,1430,0,0,0,0
zc,TA209,2012-06-26 09:02:13.430,7100.0000,449406,14,0.0000,96.0000,55,41,多开,B,7098.0000,0.0000,0.0000,0.0000,0.0000,7100.0000,0.0000,0.0000,0.0000,0.0000,195,0,0,0,0,1402,0,0,0,0
zc,TA209,2012-06-26 09:02:13.917,7098.0000,449392,-14,0.0000,38.0000,12,26,多平,S,7098.0000,0.0000,0.0000,0.0000,0.0000,7100.0000,0.0000,0.0000,0.0000,0.0000,190,0,0,0,0,1388,0,0,0,0
zc,TA209,2012-06-26 09:02:14.667,7100.0000,449392,0,0.0000,36.0000,18,18,多换,B,7098.0000,0.0000,0.0000,0.0000,0.0000,7100.0000,0.0000,0.0000,0.0000,0.0000,175,0,0,0,0,1370,0,0,0,0
zc,TA209,2012-06-26 09:02:15.417,7098.0000,449390,-2,0.0000,10.0000,4,6,多平,S,7098.0000,0.0000,0.0000,0.0000,0.0000,7100.0000,0.0000,0.0000,0.0000,0.0000,173,0,0,0,0,1367,0,0,0,0
zc,TA209,2012-06-26 09:02:15.650,7100.0000,449358,-32,0.0000,68.0000,18,50,空平,B,7098.0000,0.0000,0.0000,0.0000,0.0000,7100.0000,0.0000,0.0000,0.0000,0.0000,172,0,0,0,0,1335,0,0,0,0
zc,TA209,2012-06-26 09:02:16.430,7100.0000,449262,-96,0.0000,176.0000,40,136,空平,B,7098.0000,0.0000,0.0000,0.0000,0.0000,7100.0000,0.0000,0.0000,0.0000,0.0000,174,0,0,0,0,1247,0,0,0,0
zc,TA209,2012-06-26 09:02:16.930,7100.0000,449272,10,0.0000,10.0000,10,0,双开,B,7098.0000,0.0000,0.0000,0.0000,0.0000,7100.0000,0.0000,0.0000,0.0000,0.0000,170,0,0,0,0,1243,0,0,0,0
zc,TA209,2012-06-26 09:02:17.650,7100.0000,449278,6,0.0000,28.0000,17,11,多开,B,7098.0000,0.0000,0.0000,0.0000,0.0000,7100.0000,0.0000,0.0000,0.0000,0.0000,169,0,0,0,0,1232,0,0,0,0
zc,TA209,2012-06-26 09:02:18.150,7100.0000,449356,78,0.0000,118.0000,98,20,多开,B,7098.0000,0.0000,0.0000,0.0000,0.0000,7100.0000,0.0000,0.0000,0.0000,0.0000,172,0,0,0,0,1175,0,0,0,0
zc,TA209,2012-06-26 09:02:18.930,7100.0000,449318,-38,0.0000,492.0000,227,265,空平,B,7098.0000,0.0000,0.0000,0.0000,0.0000,7100.0000,0.0000,0.0000,0.0000,0.0000,202,0,0,0,0,931,0,0,0,0
zc,TA209,2012-06-26 09:02:19.400,7102.0000,451158,1840,0.0000,1892.0000,1866,26,多开,B,7100.0000,0.0000,0.0000,0.0000,0.0000,7102.0000,0.0000,0.0000,0.0000,0.0000,398,0,0,0,0,955,0,0,0,0
zc,TA209,2012-06-26 09:02:20.197,7102.0000,450940,-218,0.0000,534.0000,158,376,空平,B,7100.0000,0.0000,0.0000,0.0000,0.0000,7102.0000,0.0000,0.0000,0.0000,0.0000,486,0,0,0,0,703,0,0,0,0
zc,TA209,2012-06-26 09:02:20.667,7102.0000,450814,-126,0.0000,696.0000,285,411,空平,B,7100.0000,0.0000,0.0000,0.0000,0.0000,7102.0000,0.0000,0.0000,0.0000,0.0000,293,0,0,0,0,365,0,0,0,0
zc,TA209,2012-06-26 09:02:21.400,7102.0000,451432,618,0.0000,702.0000,660,42,多开,B,7100.0000,0.0000,0.0000,0.0000,0.0000,7102.0000,0.0000,0.0000,0.0000,0.0000,305,0,0,0,0,14,0,0,0,0
zc,TA209,2012-06-26 09:02:21.917,7104.0000,451496,64,0.0000,264.0000,164,100,多开,B,7102.0000,0.0000,0.0000,0.0000,0.0000,7104.0000,0.0000,0.0000,0.0000,0.0000,55,0,0,0,0,65,0,0,0,0
zc,TA209,2012-06-26 09:02:22.650,7102.0000,451496,0,0.0000,12.0000,6,6,空换,S,7102.0000,0.0000,0.0000,0.0000,0.0000,7104.0000,0.0000,0.0000,0.0000,0.0000,227,0,0,0,0,76,0,0,0,0
zc,TA209,2012-06-26 09:02:23.150,7104.0000,451410,-86,0.0000,172.0000,43,129,空平,B,7104.0000,0.0000,0.0000,0.0000,0.0000,7106.0000,0.0000,0.0000,0.0000,0.0000,60,0,0,0,0,187,0,0,0,0
zc,TA209,2012-06-26 09:02:23.667,7106.0000,451414,4,0.0000,30.0000,17,13,多开,B,7104.0000,0.0000,0.0000,0.0000,0.0000,7106.0000,0.0000,0.0000,0.0000,0.0000,210,0,0,0,0,157,0,0,0,0
zc,TA209,2012-06-26 09:02:24.383,7104.0000,451558,144,0.0000,264.0000,204,60,空开,S,7104.0000,0.0000,0.0000,0.0000,0.0000,7106.0000,0.0000,0.0000,0.0000,0.0000,249,0,0,0,0,28,0,0,0,0
zc,TA209,2012-06-26 09:02:24.900,7106.0000,451634,76,0.0000,256.0000,166,90,多开,B,7106.0000,0.0000,0.0000,0.0000,0.0000,7108.0000,0.0000,0.0000,0.0000,0.0000,129,0,0,0,0,844,0,0,0,0
zc,TA209,2012-06-26 09:02:25.667,7108.0000,451634,0,0.0000,2.0000,1,1,多换,B,7106.0000,0.0000,0.0000,0.0000,0.0000,7108.0000,0.0000,0.0000,0.0000,0.0000,244,0,0,0,0,844,0,0,0,0
zc,TA209,2012-06-26 09:02:26.167,7108.0000,451586,-48,0.0000,80.0000,16,64,空平,B,7106.0000,0.0000,0.0000,0.0000,0.0000,7108.0000,0.0000,0.0000,0.0000,0.0000,242,0,0,0,0,804,0,0,0,0
zc,TA209,2012-06-26 09:02:26.650,7108.0000,451600,14,0.0000,74.0000,44,30,多开,B,7106.0000,0.0000,0.0000,0.0000,0.0000,7108.0000,0.0000,0.0000,0.0000,0.0000,161,0,0,0,0,767,0,0,0,0
zc,TA209,2012-06-26 09:02:27.150,7108.0000,451864,264,0.0000,294.0000,279,15,多开,B,7106.0000,0.0000,0.0000,0.0000,0.0000,7108.0000,0.0000,0.0000,0.0000,0.0000,165,0,0,0,0,622,0,0,0,0
zc,TA209,2012-06-26 09:02:27.917,7108.0000,451878,14,0.0000,72.0000,43,29,多开,B,7106.0000,0.0000,0.0000,0.0000,0.0000,7108.0000,0.0000,0.0000,0.0000,0.0000,165,0,0,0,0,588,0,0,0,0
zc,TA209,2012-06-26 09:02:28.667,7106.0000,451902,24,0.0000,48.0000,36,12,空开,S,7106.0000,0.0000,0.0000,0.0000,0.0000,7108.0000,0.0000,0.0000,0.0000,0.0000,157,0,0,0,0,547,0,0,0,0
zc,TA209,2012-06-26 09:02:29.150,7108.0000,451976,74,0.0000,160.0000,117,43,多开,B,7106.0000,0.0000,0.0000,0.0000,0.0000,7108.0000,0.0000,0.0000,0.0000,0.0000,158,0,0,0,0,482,0,0,0,0
zc,TA209,2012-06-26 09:02:29.930,7108.0000,451990,14,0.0000,42.0000,28,14,多开,B,7106.0000,0.0000,0.0000,0.0000,0.0000,7108.0000,0.0000,0.0000,0.0000,0.0000,152,0,0,0,0,459,0,0,0,0
zc,TA209,2012-06-26 09:02:30.383,7108.0000,452016,26,0.0000,286.0000,156,130,多开,B,7106.0000,0.0000,0.0000,0.0000,0.0000,7108.0000,0.0000,0.0000,0.0000,0.0000,150,0,0,0,0,313,0,0,0,0
zc,TA209,2012-06-26 09:02:31.150,7108.0000,452072,56,0.0000,98.0000,77,21,多开,B,7106.0000,0.0000,0.0000,0.0000,0.0000,7108.0000,0.0000,0.0000,0.0000,0.0000,153,0,0,0,0,264,0,0,0,0
zc,TA209,2012-06-26 09:02:31.417,7108.0000,452038,-34,0.0000,510.0000,238,272,空平,B,7106.0000,0.0000,0.0000,0.0000,0.0000,7108.0000,0.0000,0.0000,0.0000,0.0000,100,0,0,0,0,69,0,0,0,0
zc,TA209,2012-06-26 09:02:32.417,7108.0000,452116,78,0.0000,262.0000,170,92,多开,B,7106.0000,0.0000,0.0000,0.0000,0.0000,7110.0000,0.0000,0.0000,0.0000,0.0000,47,0,0,0,0,549,0,0,0,0
zc,TA209,2012-06-26 09:02:32.667,7110.0000,452116,0,0.0000,2.0000,1,1,多换,B,7108.0000,0.0000,0.0000,0.0000,0.0000,7110.0000,0.0000,0.0000,0.0000,0.0000,42,0,0,0,0,545,0,0,0,0
zc,TA209,2012-06-26 09:02:33.447,7110.0000,452118,2,0.0000,52.0000,27,25,多开,B,7108.0000,0.0000,0.0000,0.0000,0.0000,7110.0000,0.0000,0.0000,0.0000,0.0000,106,0,0,0,0,530,0,0,0,0
zc,TA209,2012-06-26 09:02:33.883,7110.0000,452126,8,0.0000,28.0000,18,10,多开,B,7108.0000,0.0000,0.0000,0.0000,0.0000,7110.0000,0.0000,0.0000,0.0000,0.0000,180,0,0,0,0,517,0,0,0,0
zc,TA209,2012-06-26 09:02:34.667,7110.0000,452136,10,0.0000,68.0000,39,29,多开,B,7108.0000,0.0000,0.0000,0.0000,0.0000,7110.0000,0.0000,0.0000,0.0000,0.0000,195,0,0,0,0,489,0,0,0,0
zc,TA209,2012-06-26 09:02:35.167,7110.0000,452288,152,0.0000,320.0000,236,84,多开,B,7108.0000,0.0000,0.0000,0.0000,0.0000,7110.0000,0.0000,0.0000,0.0000,0.0000,211,0,0,0,0,334,0,0,0,0
zc,TA209,2012-06-26 09:02:35.917,7110.0000,452336,48,0.0000,92.0000,70,22,多开,B,7108.0000,0.0000,0.0000,0.0000,0.0000,7110.0000,0.0000,0.0000,0.0000,0.0000,225,0,0,0,0,288,0,0,0,0
zc,TA209,2012-06-26 09:02:36.430,7110.0000,452360,24,0.0000,258.0000,141,117,多开,B,7108.0000,0.0000,0.0000,0.0000,0.0000,7110.0000,0.0000,0.0000,0.0000,0.0000,162,0,0,0,0,162,0,0,0,0
zc,TA209,2012-06-26 09:02:36.947,7110.0000,452438,78,0.0000,96.0000,87,9,多开,B,7108.0000,0.0000,0.0000,0.0000,0.0000,7110.0000,0.0000,0.0000,0.0000,0.0000,382,0,0,0,0,124,0,0,0,0
zc,TA209,2012-06-26 09:02:37.680,7112.0000,452578,140,0.0000,302.0000,221,81,多开,B,7110.0000,0.0000,0.0000,0.0000,0.0000,7112.0000,0.0000,0.0000,0.0000,0.0000,244,0,0,0,0,13,0,0,0,0
zc,TA209,2012-06-26 09:02:38.447,7112.0000,452592,14,0.0000,100.0000,57,43,多开,B,7112.0000,0.0000,0.0000,0.0000,0.0000,7114.0000,0.0000,0.0000,0.0000,0.0000,46,0,0,0,0,138,0,0,0,0
zc,TA209,2012-06-26 09:02:38.917,7112.0000,452584,-8,0.0000,222.0000,107,115,空平,B,7110.0000,0.0000,0.0000,0.0000,0.0000,7112.0000,0.0000,0.0000,0.0000,0.0000,216,0,0,0,0,73,0,0,0,0
zc,TA209,2012-06-26 09:02:39.430,7112.0000,452582,-2,0.0000,62.0000,30,32,空平,B,7110.0000,0.0000,0.0000,0.0000,0.0000,7112.0000,0.0000,0.0000,0.0000,0.0000,221,0,0,0,0,101,0,0,0,0
zc,TA209,2012-06-26 09:02:40.150,7110.0000,452554,-28,0.0000,150.0000,61,89,多平,S,7110.0000,0.0000,0.0000,0.0000,0.0000,7112.0000,0.0000,0.0000,0.0000,0.0000,43,0,0,0,0,85,0,0,0,0
zc,TA209,2012-06-26 09:02:40.633,7110.0000,452310,-244,0.0000,292.0000,24,268,多平,S,7108.0000,0.0000,0.0000,0.0000,0.0000,7110.0000,0.0000,0.0000,0.0000,0.0000,381,0,0,0,0,28,0,0,0,0
zc,TA209,2012-06-26 09:02:41.400,7110.0000,452286,-24,0.0000,56.0000,16,40,多平,S,7108.0000,0.0000,0.0000,0.0000,0.0000,7110.0000,0.0000,0.0000,0.0000,0.0000,381,0,0,0,0,224,0,0,0,0
zc,TA209,2012-06-26 09:02:41.900,7110.0000,452260,-26,0.0000,60.0000,17,43,多平,S,7108.0000,0.0000,0.0000,0.0000,0.0000,7110.0000,0.0000,0.0000,0.0000,0.0000,380,0,0,0,0,208,0,0,0,0
zc,TA209,2012-06-26 09:02:42.667,7110.0000,452238,-22,0.0000,102.0000,40,62,多平,S,7108.0000,0.0000,0.0000,0.0000,0.0000,7110.0000,0.0000,0.0000,0.0000,0.0000,374,0,0,0,0,168,0,0,0,0
zc,TA209,2012-06-26 09:02:43.150,7110.0000,452266,28,0.0000,148.0000,88,60,空开,S,7108.0000,0.0000,0.0000,0.0000,0.0000,7110.0000,0.0000,0.0000,0.0000,0.0000,356,0,0,0,0,95,0,0,0,0
zc,TA209,2012-06-26 09:02:43.633,7110.0000,452428,162,0.0000,228.0000,195,33,空开,S,7110.0000,0.0000,0.0000,0.0000,0.0000,7112.0000,0.0000,0.0000,0.0000,0.0000,47,0,0,0,0,105,0,0,0,0
zc,TA209,2012-06-26 09:02:44.180,7110.0000,452386,-42,0.0000,62.0000,10,52,多平,S,7110.0000,0.0000,0.0000,0.0000,0.0000,7112.0000,0.0000,0.0000,0.0000,0.0000,79,0,0,0,0,84,0,0,0,0
zc,TA209,2012-06-26 09:02:44.867,7110.0000,452386,0,0.0000,4.0000,2,2,空换,S,7110.0000,0.0000,0.0000,0.0000,0.0000,7112.0000,0.0000,0.0000,0.0000,0.0000,198,0,0,0,0,85,0,0,0,0
zc,TA209,2012-06-26 09:02:45.633,7110.0000,452378,-8,0.0000,36.0000,14,22,多平,S,7110.0000,0.0000,0.0000,0.0000,0.0000,7112.0000,0.0000,0.0000,0.0000,0.0000,202,0,0,0,0,63,0,0,0,0
zc,TA209,2012-06-26 09:02:45.917,7112.0000,452384,6,0.0000,48.0000,27,21,多开,B,7110.0000,0.0000,0.0000,0.0000,0.0000,7112.0000,0.0000,0.0000,0.0000,0.0000,148,0,0,0,0,45,0,0,0,0
zc,TA209,2012-06-26 09:02:46.667,7112.0000,452450,66,0.0000,180.0000,123,57,多开,B,7110.0000,0.0000,0.0000,0.0000,0.0000,7112.0000,0.0000,0.0000,0.0000,0.0000,145,0,0,0,0,33,0,0,0,0
zc,TA209,2012-06-26 09:02:47.167,7114.0000,452538,88,0.0000,208.0000,148,60,多开,B,7112.0000,0.0000,0.0000,0.0000,0.0000,7114.0000,0.0000,0.0000,0.0000,0.0000,91,0,0,0,0,153,0,0,0,0
zc,TA209,2012-06-26 09:02:47.900,7112.0000,452550,12,0.0000,12.0000,12,0,双开,S,7112.0000,0.0000,0.0000,0.0000,0.0000,7114.0000,0.0000,0.0000,0.0000,0.0000,192,0,0,0,0,153,0,0,0,0
zc,TA209,2012-06-26 09:02:48.400,7114.0000,452326,-224,0.0000,284.0000,30,254,空平,B,7112.0000,0.0000,0.0000,0.0000,0.0000,7114.0000,0.0000,0.0000,0.0000,0.0000,196,0,0,0,0,45,0,0,0,0
zc,TA209,2012-06-26 09:02:49.197,7114.0000,452366,40,0.0000,98.0000,69,29,多开,B,7114.0000,0.0000,0.0000,0.0000,0.0000,7116.0000,0.0000,0.0000,0.0000,0.0000,76,0,0,0,0,429,0,0,0,0
zc,TA209,2012-06-26 09:02:49.617,7114.0000,452364,-2,0.0000,66.0000,32,34,空平,B,7114.0000,0.0000,0.0000,0.0000,0.0000,7116.0000,0.0000,0.0000,0.0000,0.0000,53,0,0,0,0,428,0,0,0,0
zc,TA209,2012-06-26 09:02:50.367,7114.0000,452666,302,0.0000,438.0000,370,68,多开,B,7114.0000,0.0000,0.0000,0.0000,0.0000,7116.0000,0.0000,0.0000,0.0000,0.0000,101,0,0,0,0,286,0,0,0,0
zc,TA209,2012-06-26 09:02:50.900,7114.0000,452622,-44,0.0000,150.0000,53,97,空平,B,7114.0000,0.0000,0.0000,0.0000,0.0000,7116.0000,0.0000,0.0000,0.0000,0.0000,54,0,0,0,0,263,0,0,0,0
zc,TA209,2012-06-26 09:02:51.680,7116.0000,452628,6,0.0000,56.0000,31,25,多开,B,7114.0000,0.0000,0.0000,0.0000,0.0000,7116.0000,0.0000,0.0000,0.0000,0.0000,95,0,0,0,0,259,0,0,0,0
zc,TA209,2012-06-26 09:02:52.180,7116.0000,452612,-16,0.0000,110.0000,47,63,空平,B,7114.0000,0.0000,0.0000,0.0000,0.0000,7116.0000,0.0000,0.0000,0.0000,0.0000,72,0,0,0,0,222,0,0,0,0
zc,TA209,2012-06-26 09:02:52.883,7114.0000,452628,16,0.0000,78.0000,47,31,空开,S,7114.0000,0.0000,0.0000,0.0000,0.0000,7116.0000,0.0000,0.0000,0.0000,0.0000,58,0,0,0,0,196,0,0,0,0
zc,TA209,2012-06-26 09:02:53.417,7116.0000,452712,84,0.0000,114.0000,99,15,多开,B,7114.0000,0.0000,0.0000,0.0000,0.0000,7116.0000,0.0000,0.0000,0.0000,0.0000,52,0,0,0,0,149,0,0,0,0
zc,TA209,2012-06-26 09:02:54.197,7114.0000,452736,24,0.0000,80.0000,52,28,空开,S,7114.0000,0.0000,0.0000,0.0000,0.0000,7116.0000,0.0000,0.0000,0.0000,0.0000,22,0,0,0,0,136,0,0,0,0
zc,TA209,2012-06-26 09:02:54.680,7114.0000,453018,282,0.0000,452.0000,367,85,空开,S,7116.0000,0.0000,0.0000,0.0000,0.0000,7118.0000,0.0000,0.0000,0.0000,0.0000,1,0,0,0,0,8,0,0,0,0
zc,TA209,2012-06-26 09:02:55.400,7114.0000,453060,42,0.0000,84.0000,63,21,空开,S,7112.0000,0.0000,0.0000,0.0000,0.0000,7114.0000,0.0000,0.0000,0.0000,0.0000,189,0,0,0,0,43,0,0,0,0
zc,TA209,2012-06-26 09:02:56.213,7116.0000,453044,-16,0.0000,408.0000,196,212,空平,B,7114.0000,0.0000,0.0000,0.0000,0.0000,7116.0000,0.0000,0.0000,0.0000,0.0000,40,0,0,0,0,4,0,0,0,0
zc,TA209,2012-06-26 09:02:56.697,7118.0000,453046,2,0.0000,66.0000,34,32,多开,B,7118.0000,0.0000,0.0000,0.0000,0.0000,7120.0000,0.0000,0.0000,0.0000,0.0000,7,0,0,0,0,719,0,0,0,0
zc,TA209,2012-06-26 09:02:57.447,7114.0000,453018,-28,0.0000,292.0000,132,160,多平,S,7112.0000,0.0000,0.0000,0.0000,0.0000,7114.0000,0.0000,0.0000,0.0000,0.0000,151,0,0,0,0,176,0,0,0,0
zc,TA209,2012-06-26 09:02:58.213,7112.0000,452678,-340,0.0000,496.0000,78,418,多平,S,7112.0000,0.0000,0.0000,0.0000,0.0000,7114.0000,0.0000,0.0000,0.0000,0.0000,65,0,0,0,0,21,0,0,0,0
zc,TA209,2012-06-26 09:02:58.680,7116.0000,452702,24,0.0000,62.0000,43,19,多开,B,7114.0000,0.0000,0.0000,0.0000,0.0000,7116.0000,0.0000,0.0000,0.0000,0.0000,97,0,0,0,0,8,0,0,0,0
zc,TA209,2012-06-26 09:02:59.180,7118.0000,452674,-28,0.0000,50.0000,11,39,空平,B,7114.0000,0.0000,0.0000,0.0000,0.0000,7118.0000,0.0000,0.0000,0.0000,0.0000,153,0,0,0,0,187,0,0,0,0
zc,TA209,2012-06-26 09:02:59.947,7114.0000,452648,-26,0.0000,290.0000,132,158,多平,S,7114.0000,0.0000,0.0000,0.0000,0.0000,7116.0000,0.0000,0.0000,0.0000,0.0000,64,0,0,0,0,104,0,0,0,0
zc,TA209,2012-06-26 09:03:00.367,7116.0000,452632,-16,0.0000,28.0000,6,22,空平,B,7114.0000,0.0000,0.0000,0.0000,0.0000,7116.0000,0.0000,0.0000,0.0000,0.0000,169,0,0,0,0,111,0,0,0,0
zc,TA209,2012-06-26 09:03:01.150,7114.0000,452560,-72,0.0000,240.0000,84,156,多平,S,7114.0000,0.0000,0.0000,0.0000,0.0000,7116.0000,0.0000,0.0000,0.0000,0.0000,187,0,0,0,0,61,0,0,0,0
zc,TA209,2012-06-26 09:03:01.633,7116.0000,452554,-6,0.0000,88.0000,41,47,空平,B,7114.0000,0.0000,0.0000,0.0000,0.0000,7116.0000,0.0000,0.0000,0.0000,0.0000,207,0,0,0,0,20,0,0,0,0
zc,TA209,2012-06-26 09:03:02.400,7118.0000,452580,26,0.0000,48.0000,37,11,多开,B,7116.0000,0.0000,0.0000,0.0000,0.0000,7118.0000,0.0000,0.0000,0.0000,0.0000,31,0,0,0,0,363,0,0,0,0
zc,TA209,2012-06-26 09:03:02.633,7116.0000,452604,24,0.0000,88.0000,56,32,空开,S,7114.0000,0.0000,0.0000,0.0000,0.0000,7116.0000,0.0000,0.0000,0.0000,0.0000,192,0,0,0,0,180,0,0,0,0
zc,TA209,2012-06-26 09:03:03.650,7116.0000,452652,48,0.0000,452.0000,250,202,空开,S,7116.0000,0.0000,0.0000,0.0000,0.0000,7118.0000,0.0000,0.0000,0.0000,0.0000,533,0,0,0,0,455,0,0,0,0
zc,TA209,2012-06-26 09:03:03.883,7116.0000,452708,56,0.0000,84.0000,70,14,空开,S,7116.0000,0.0000,0.0000,0.0000,0.0000,7118.0000,0.0000,0.0000,0.0000,0.0000,496,0,0,0,0,454,0,0,0,0
zc,TA209,2012-06-26 09:03:04.680,7118.0000,452712,4,0.0000,64.0000,34,30,多开,B,7116.0000,0.0000,0.0000,0.0000,0.0000,7118.0000,0.0000,0.0000,0.0000,0.0000,485,0,0,0,0,382,0,0,0,0
zc,TA209,2012-06-26 09:03:05.417,7116.0000,452738,26,0.0000,216.0000,121,95,空开,S,7116.0000,0.0000,0.0000,0.0000,0.0000,7118.0000,0.0000,0.0000,0.0000,0.0000,410,0,0,0,0,355,0,0,0,0
zc,TA209,2012-06-26 09:03:05.867,7116.0000,452872,134,0.0000,210.0000,172,38,空开,S,7116.0000,0.0000,0.0000,0.0000,0.0000,7118.0000,0.0000,0.0000,0.0000,0.0000,310,0,0,0,0,359,0,0,0,0
zc,TA209,2012-06-26 09:03:06.680,7116.0000,452852,-20,0.0000,112.0000,46,66,多平,S,7116.0000,0.0000,0.0000,0.0000,0.0000,7118.0000,0.0000,0.0000,0.0000,0.0000,279,0,0,0,0,336,0,0,0,0
zc,TA209,2012-06-26 09:03:07.180,7116.0000,452852,0,0.0000,114.0000,57,57,空换,S,7116.0000,0.0000,0.0000,0.0000,0.0000,7118.0000,0.0000,0.0000,0.0000,0.0000,329,0,0,0,0,297,0,0,0,0
zc,TA209,2012-06-26 09:03:07.883,7116.0000,452862,10,0.0000,190.0000,100,90,空开,S,7116.0000,0.0000,0.0000,0.0000,0.0000,7118.0000,0.0000,0.0000,0.0000,0.0000,265,0,0,0,0,269,0,0,0,0
zc,TA209,2012-06-26 09:03:08.383,7118.0000,452870,8,0.0000,64.0000,36,28,多开,B,7116.0000,0.0000,0.0000,0.0000,0.0000,7118.0000,0.0000,0.0000,0.0000,0.0000,236,0,0,0,0,299,0,0,0,0
zc,TA209,2012-06-26 09:03:09.167,7116.0000,452898,28,0.0000,52.0000,40,12,空开,S,7116.0000,0.0000,0.0000,0.0000,0.0000,7118.0000,0.0000,0.0000,0.0000,0.0000,222,0,0,0,0,293,0,0,0,0
zc,TA209,2012-06-26 09:03:09.667,7118.0000,452856,-42,0.0000,102.0000,30,72,空平,B,7116.0000,0.0000,0.0000,0.0000,0.0000,7118.0000,0.0000,0.0000,0.0000,0.0000,206,0,0,0,0,291,0,0,0,0
zc,TA209,2012-06-26 09:03:10.383,7118.0000,452822,-34,0.0000,34.0000,0,34,双平,B,7116.0000,0.0000,0.0000,0.0000,0.0000,7118.0000,0.0000,0.0000,0.0000,0.0000,207,0,0,0,0,295,0,0,0,0
zc,TA209,2012-06-26 09:03:10.900,7116.0000,452594,-228,0.0000,324.0000,48,276,多平,S,7116.0000,0.0000,0.0000,0.0000,0.0000,7118.0000,0.0000,0.0000,0.0000,0.0000,67,0,0,0,0,292,0,0,0,0
zc,TA209,2012-06-26 09:03:11.680,7116.0000,452660,66,0.0000,170.0000,118,52,空开,S,7114.0000,0.0000,0.0000,0.0000,0.0000,7116.0000,0.0000,0.0000,0.0000,0.0000,246,0,0,0,0,43,0,0,0,0
zc,TA209,2012-06-26 09:03:11.900,7116.0000,452660,0,0.0000,12.0000,6,6,空换,S,7114.0000,0.0000,0.0000,0.0000,0.0000,7116.0000,0.0000,0.0000,0.0000,0.0000,246,0,0,0,0,83,0,0,0,0
zc,TA209,2012-06-26 09:03:12.930,7116.0000,452504,-156,0.0000,256.0000,50,206,多平,S,7114.0000,0.0000,0.0000,0.0000,0.0000,7116.0000,0.0000,0.0000,0.0000,0.0000,225,0,0,0,0,13,0,0,0,0
zc,TA209,2012-06-26 09:03:13.400,7116.0000,452516,12,0.0000,66.0000,39,27,空开,S,7114.0000,0.0000,0.0000,0.0000,0.0000,7116.0000,0.0000,0.0000,0.0000,0.0000,217,0,0,0,0,16,0,0,0,0
zc,TA209,2012-06-26 09:03:14.167,7116.0000,452514,-2,0.0000,4.0000,1,3,多平,S,7114.0000,0.0000,0.0000,0.0000,0.0000,7116.0000,0.0000,0.0000,0.0000,0.0000,216,0,0,0,0,19,0,0,0,0
zc,TA209,2012-06-26 09:03:14.697,7116.0000,452498,-16,0.0000,62.0000,23,39,多平,S,7116.0000,0.0000,0.0000,0.0000,0.0000,7118.0000,0.0000,0.0000,0.0000,0.0000,75,0,0,0,0,310,0,0,0,0
zc,TA209,2012-06-26 09:03:15.417,7116.0000,452516,18,0.0000,146.0000,82,64,空开,S,7116.0000,0.0000,0.0000,0.0000,0.0000,7118.0000,0.0000,0.0000,0.0000,0.0000,100,0,0,0,0,350,0,0,0,0
zc,TA209,2012-06-26 09:03:15.867,7116.0000,452516,0,0.0000,362.0000,181,181,空换,S,7116.0000,0.0000,0.0000,0.0000,0.0000,7118.0000,0.0000,0.0000,0.0000,0.0000,45,0,0,0,0,228,0,0,0,0
zc,TA209,2012-06-26 09:03:16.463,7116.0000,452528,12,0.0000,22.0000,17,5,空开,S,7116.0000,0.0000,0.0000,0.0000,0.0000,7118.0000,0.0000,0.0000,0.0000,0.0000,40,0,0,0,0,225,0,0,0,0
zc,TA209,2012-06-26 09:03:17.180,7118.0000,452544,16,0.0000,114.0000,65,49,多开,B,7116.0000,0.0000,0.0000,0.0000,0.0000,7118.0000,0.0000,0.0000,0.0000,0.0000,27,0,0,0,0,199,0,0,0,0
zc,TA209,2012-06-26 09:03:17.617,7116.0000,452552,8,0.0000,38.0000,23,15,空开,S,7116.0000,0.0000,0.0000,0.0000,0.0000,7118.0000,0.0000,0.0000,0.0000,0.0000,16,0,0,0,0,194,0,0,0,0
zc,TA209,2012-06-26 09:03:18.400,7118.0000,452608,56,0.0000,108.0000,82,26,多开,B,7116.0000,0.0000,0.0000,0.0000,0.0000,7118.0000,0.0000,0.0000,0.0000,0.0000,123,0,0,0,0,156,0,0,0,0
zc,TA209,2012-06-26 09:03:19.117,7118.0000,452634,26,0.0000,36.0000,31,5,多开,B,7116.0000,0.0000,0.0000,0.0000,0.0000,7118.0000,0.0000,0.0000,0.0000,0.0000,129,0,0,0,0,149,0,0,0,0
zc,TA209,2012-06-26 09:03:19.617,7116.0000,452694,60,0.0000,140.0000,100,40,空开,S,7116.0000,0.0000,0.0000,0.0000,0.0000,7118.0000,0.0000,0.0000,0.0000,0.0000,115,0,0,0,0,111,0,0,0,0
zc,TA209,2012-06-26 09:03:20.383,7116.0000,452712,18,0.0000,116.0000,67,49,空开,S,7116.0000,0.0000,0.0000,0.0000,0.0000,7118.0000,0.0000,0.0000,0.0000,0.0000,104,0,0,0,0,60,0,0,0,0
zc,TA209,2012-06-26 09:03:20.900,7118.0000,452740,28,0.0000,132.0000,80,52,多开,B,7116.0000,0.0000,0.0000,0.0000,0.0000,7120.0000,0.0000,0.0000,0.0000,0.0000,114,0,0,0,0,799,0,0,0,0
zc,TA209,2012-06-26 09:03:21.400,7118.0000,452846,106,0.0000,114.0000,110,4,多开,B,7116.0000,0.0000,0.0000,0.0000,0.0000,7118.0000,0.0000,0.0000,0.0000,0.0000,62,0,0,0,0,147,0,0,0,0
zc,TA209,2012-06-26 09:03:22.383,7116.0000,452872,26,0.0000,36.0000,31,5,空开,S,7116.0000,0.0000,0.0000,0.0000,0.0000,7118.0000,0.0000,0.0000,0.0000,0.0000,65,0,0,0,0,202,0,0,0,0
zc,TA209,2012-06-26 09:03:22.947,7118.0000,452916,44,0.0000,108.0000,76,32,多开,B,7116.0000,0.0000,0.0000,0.0000,0.0000,7118.0000,0.0000,0.0000,0.0000,0.0000,51,0,0,0,0,165,0,0,0,0
zc,TA209,2012-06-26 09:03:23.603,7118.0000,452926,10,0.0000,14.0000,12,2,多开,B,7116.0000,0.0000,0.0000,0.0000,0.0000,7118.0000,0.0000,0.0000,0.0000,0.0000,56,0,0,0,0,163,0,0,0,0
zc,TA209,2012-06-26 09:03:24.180,7118.0000,452932,6,0.0000,20.0000,13,7,多开,B,7116.0000,0.0000,0.0000,0.0000,0.0000,7118.0000,0.0000,0.0000,0.0000,0.0000,54,0,0,0,0,179,0,0,0,0
zc,TA209,2012-06-26 09:03:24.917,7118.0000,453252,320,0.0000,368.0000,344,24,多开,B,7118.0000,0.0000,0.0000,0.0000,0.0000,7120.0000,0.0000,0.0000,0.0000,0.0000,121,0,0,0,0,808,0,0,0,0
zc,TA209,2012-06-26 09:03:25.133,7118.0000,453254,2,0.0000,22.0000,12,10,多开,B,7118.0000,0.0000,0.0000,0.0000,0.0000,7120.0000,0.0000,0.0000,0.0000,0.0000,195,0,0,0,0,808,0,0,0,0
zc,TA209,2012-06-26 09:03:25.883,7118.0000,453356,102,0.0000,108.0000,105,3,多开,B,7118.0000,0.0000,0.0000,0.0000,0.0000,7120.0000,0.0000,0.0000,0.0000,0.0000,142,0,0,0,0,807,0,0,0,0
zc,TA209,2012-06-26 09:03:26.400,7118.0000,453350,-6,0.0000,48.0000,21,27,空平,B,7118.0000,0.0000,0.0000,0.0000,0.0000,7120.0000,0.0000,0.0000,0.0000,0.0000,134,0,0,0,0,793,0,0,0,0
zc,TA209,2012-06-26 09:03:27.117,7118.0000,453432,82,0.0000,94.0000,88,6,多开,B,7118.0000,0.0000,0.0000,0.0000,0.0000,7120.0000,0.0000,0.0000,0.0000,0.0000,90,0,0,0,0,791,0,0,0,0
zc,TA209,2012-06-26 09:03:27.650,7118.0000,453394,-38,0.0000,50.0000,6,44,空平,B,7118.0000,0.0000,0.0000,0.0000,0.0000,7120.0000,0.0000,0.0000,0.0000,0.0000,74,0,0,0,0,789,0,0,0,0
zc,TA209,2012-06-26 09:03:28.117,7120.0000,453390,-4,0.0000,22.0000,9,13,空平,B,7118.0000,0.0000,0.0000,0.0000,0.0000,7120.0000,0.0000,0.0000,0.0000,0.0000,77,0,0,0,0,786,0,0,0,0
zc,TA209,2012-06-26 09:03:28.883,7118.0000,453350,-40,0.0000,48.0000,4,44,多平,S,7118.0000,0.0000,0.0000,0.0000,0.0000,7120.0000,0.0000,0.0000,0.0000,0.0000,76,0,0,0,0,772,0,0,0,0
zc,TA209,2012-06-26 09:03:29.383,7118.0000,453386,36,0.0000,178.0000,107,71,空开,S,7116.0000,0.0000,0.0000,0.0000,0.0000,7120.0000,0.0000,0.0000,0.0000,0.0000,138,0,0,0,0,808,0,0,0,0
zc,TA209,2012-06-26 09:03:30.167,7118.0000,453446,60,0.0000,76.0000,68,8,空开,S,7118.0000,0.0000,0.0000,0.0000,0.0000,7120.0000,0.0000,0.0000,0.0000,0.0000,7,0,0,0,0,784,0,0,0,0
zc,TA209,2012-06-26 09:03:30.667,7120.0000,453464,18,0.0000,24.0000,21,3,多开,B,7118.0000,0.0000,0.0000,0.0000,0.0000,7120.0000,0.0000,0.0000,0.0000,0.0000,17,0,0,0,0,777,0,0,0,0
zc,TA209,2012-06-26 09:03:31.117,7120.0000,453472,8,0.0000,26.0000,17,9,多开,B,7118.0000,0.0000,0.0000,0.0000,0.0000,7120.0000,0.0000,0.0000,0.0000,0.0000,37,0,0,0,0,778,0,0,0,0
zc,TA209,2012-06-26 09:03:31.650,7120.0000,453774,302,0.0000,306.0000,304,2,多开,B,7118.0000,0.0000,0.0000,0.0000,0.0000,7120.0000,0.0000,0.0000,0.0000,0.0000,75,0,0,0,0,651,0,0,0,0
zc,TA209,2012-06-26 09:03:32.383,7118.0000,453802,28,0.0000,60.0000,44,16,空开,S,7118.0000,0.0000,0.0000,0.0000,0.0000,7120.0000,0.0000,0.0000,0.0000,0.0000,123,0,0,0,0,636,0,0,0,0
zc,TA209,2012-06-26 09:03:33.150,7120.0000,453878,76,0.0000,206.0000,141,65,多开,B,7118.0000,0.0000,0.0000,0.0000,0.0000,7120.0000,0.0000,0.0000,0.0000,0.0000,155,0,0,0,0,544,0,0,0,0
zc,TA209,2012-06-26 09:03:33.900,7122.0000,453574,-304,0.0000,1332.0000,514,818,空平,B,7122.0000,0.0000,0.0000,0.0000,0.0000,7124.0000,0.0000,0.0000,0.0000,0.0000,363,0,0,0,0,222,0,0,0,0
zc,TA209,2012-06-26 09:03:34.417,7122.0000,453632,58,0.0000,86.0000,72,14,多开,B,7122.0000,0.0000,0.0000,0.0000,0.0000,7124.0000,0.0000,0.0000,0.0000,0.0000,240,0,0,0,0,215,0,0,0,0
zc,TA209,2012-06-26 09:03:35.133,7122.0000,453538,-94,0.0000,150.0000,28,122,空平,B,7122.0000,0.0000,0.0000,0.0000,0.0000,7124.0000,0.0000,0.0000,0.0000,0.0000,246,0,0,0,0,163,0,0,0,0
zc,TA209,2012-06-26 09:03:35.667,7122.0000,453292,-246,0.0000,534.0000,144,390,空平,B,7122.0000,0.0000,0.0000,0.0000,0.0000,7124.0000,0.0000,0.0000,0.0000,0.0000,231,0,0,0,0,34,0,0,0,0
zc,TA209,2012-06-26 09:03:36.417,7122.0000,453304,12,0.0000,34.0000,23,11,多开,B,7122.0000,0.0000,0.0000,0.0000,0.0000,7124.0000,0.0000,0.0000,0.0000,0.0000,42,0,0,0,0,9,0,0,0,0
zc,TA209,2012-06-26 09:03:36.900,7124.0000,453292,-12,0.0000,64.0000,26,38,空平,B,7122.0000,0.0000,0.0000,0.0000,0.0000,7124.0000,0.0000,0.0000,0.0000,0.0000,36,0,0,0,0,120,0,0,0,0
zc,TA209,2012-06-26 09:03:37.617,7122.0000,453284,-8,0.0000,136.0000,64,72,多平,S,7122.0000,0.0000,0.0000,0.0000,0.0000,7124.0000,0.0000,0.0000,0.0000,0.0000,21,0,0,0,0,200,0,0,0,0
zc,TA209,2012-06-26 09:03:38.167,7122.0000,453306,22,0.0000,78.0000,50,28,空开,S,7120.0000,0.0000,0.0000,0.0000,0.0000,7122.0000,0.0000,0.0000,0.0000,0.0000,60,0,0,0,0,132,0,0,0,0
zc,TA209,2012-06-26 09:03:38.900,7122.0000,453328,22,0.0000,46.0000,34,12,空开,S,7120.0000,0.0000,0.0000,0.0000,0.0000,7122.0000,0.0000,0.0000,0.0000,0.0000,64,0,0,0,0,119,0,0,0,0
zc,TA209,2012-06-26 09:03:39.383,7122.0000,453402,74,0.0000,172.0000,123,49,空开,S,7120.0000,0.0000,0.0000,0.0000,0.0000,7122.0000,0.0000,0.0000,0.0000,0.0000,14,0,0,0,0,117,0,0,0,0
zc,TA209,2012-06-26 09:03:39.883,7122.0000,453400,-2,0.0000,34.0000,16,18,多平,S,7120.0000,0.0000,0.0000,0.0000,0.0000,7122.0000,0.0000,0.0000,0.0000,0.0000,1,0,0,0,0,161,0,0,0,0
zc,TA209,2012-06-26 09:03:40.650,7122.0000,453422,22,0.0000,222.0000,122,100,空开,S,7120.0000,0.0000,0.0000,0.0000,0.0000,7122.0000,0.0000,0.0000,0.0000,0.0000,5,0,0,0,0,115,0,0,0,0
zc,TA209,2012-06-26 09:03:41.213,7120.0000,453420,-2,0.0000,120.0000,59,61,多平,S,7120.0000,0.0000,0.0000,0.0000,0.0000,7122.0000,0.0000,0.0000,0.0000,0.0000,5,0,0,0,0,58,0,0,0,0
zc,TA209,2012-06-26 09:03:41.930,7122.0000,453438,18,0.0000,62.0000,40,22,多开,B,7120.0000,0.0000,0.0000,0.0000,0.0000,7122.0000,0.0000,0.0000,0.0000,0.0000,78,0,0,0,0,155,0,0,0,0
zc,TA209,2012-06-26 09:03:42.417,7120.0000,453406,-32,0.0000,264.0000,116,148,多平,S,7118.0000,0.0000,0.0000,0.0000,0.0000,7120.0000,0.0000,0.0000,0.0000,0.0000,128,0,0,0,0,27,0,0,0,0
zc,TA209,2012-06-26 09:03:43.197,7122.0000,453230,-176,0.0000,220.0000,22,198,空平,B,7122.0000,0.0000,0.0000,0.0000,0.0000,7124.0000,0.0000,0.0000,0.0000,0.0000,169,0,0,0,0,328,0,0,0,0
zc,TA209,2012-06-26 09:03:43.680,7122.0000,453174,-56,0.0000,84.0000,14,70,空平,B,7122.0000,0.0000,0.0000,0.0000,0.0000,7124.0000,0.0000,0.0000,0.0000,0.0000,130,0,0,0,0,327,0,0,0,0
zc,TA209,2012-06-26 09:03:44.167,7122.0000,453142,-32,0.0000,134.0000,51,83,空平,B,7122.0000,0.0000,0.0000,0.0000,0.0000,7124.0000,0.0000,0.0000,0.0000,0.0000,65,0,0,0,0,326,0,0,0,0
zc,TA209,2012-06-26 09:03:44.633,7124.0000,453142,0,0.0000,8.0000,4,4,多换,B,7122.0000,0.0000,0.0000,0.0000,0.0000,7124.0000,0.0000,0.0000,0.0000,0.0000,70,0,0,0,0,332,0,0,0,0
zc,TA209,2012-06-26 09:03:45.383,7122.0000,453056,-86,0.0000,142.0000,28,114,多平,S,7122.0000,0.0000,0.0000,0.0000,0.0000,7124.0000,0.0000,0.0000,0.0000,0.0000,7,0,0,0,0,322,0,0,0,0
zc,TA209,2012-06-26 09:03:45.883,7122.0000,453062,6,0.0000,38.0000,22,16,空开,S,7120.0000,0.0000,0.0000,0.0000,0.0000,7124.0000,0.0000,0.0000,0.0000,0.0000,103,0,0,0,0,310,0,0,0,0
zc,TA209,2012-06-26 09:03:46.633,7122.0000,453050,-12,0.0000,32.0000,10,22,多平,S,7120.0000,0.0000,0.0000,0.0000,0.0000,7122.0000,0.0000,0.0000,0.0000,0.0000,100,0,0,0,0,141,0,0,0,0
zc,TA209,2012-06-26 09:03:47.133,7122.0000,452988,-62,0.0000,86.0000,12,74,多平,S,7120.0000,0.0000,0.0000,0.0000,0.0000,7122.0000,0.0000,0.0000,0.0000,0.0000,143,0,0,0,0,131,0,0,0,0
zc,TA209,2012-06-26 09:03:47.633,7122.0000,453006,18,0.0000,24.0000,21,3,空开,S,7120.0000,0.0000,0.0000,0.0000,0.0000,7122.0000,0.0000,0.0000,0.0000,0.0000,85,0,0,0,0,130,0,0,0,0
zc,TA209,2012-06-26 09:03:48.383,7120.0000,453072,66,0.0000,68.0000,67,1,空开,S,7120.0000,0.0000,0.0000,0.0000,0.0000,7122.0000,0.0000,0.0000,0.0000,0.0000,76,0,0,0,0,172,0,0,0,0
zc,TA209,2012-06-26 09:03:48.883,7122.0000,453078,6,0.0000,14.0000,10,4,多开,B,7120.0000,0.0000,0.0000,0.0000,0.0000,7122.0000,0.0000,0.0000,0.0000,0.0000,74,0,0,0,0,175,0,0,0,0
zc,TA209,2012-06-26 09:03:49.367,7122.0000,453082,4,0.0000,24.0000,14,10,多开,B,7120.0000,0.0000,0.0000,0.0000,0.0000,7122.0000,0.0000,0.0000,0.0000,0.0000,69,0,0,0,0,171,0,0,0,0
zc,TA209,2012-06-26 09:03:49.883,7120.0000,453072,-10,0.0000,44.0000,17,27,多平,S,7120.0000,0.0000,0.0000,0.0000,0.0000,7122.0000,0.0000,0.0000,0.0000,0.0000,59,0,0,0,0,199,0,0,0,0
zc,TA209,2012-06-26 09:03:50.603,7120.0000,453068,-4,0.0000,4.0000,0,4,双平,S,7120.0000,0.0000,0.0000,0.0000,0.0000,7122.0000,0.0000,0.0000,0.0000,0.0000,57,0,0,0,0,202,0,0,0,0
zc,TA209,2012-06-26 09:03:51.117,7120.0000,453068,0,0.0000,14.0000,7,7,空换,S,7120.0000,0.0000,0.0000,0.0000,0.0000,7122.0000,0.0000,0.0000,0.0000,0.0000,61,0,0,0,0,223,0,0,0,0
zc,TA209,2012-06-26 09:03:51.900,7122.0000,452996,-72,0.0000,352.0000,140,212,空平,B,7120.0000,0.0000,0.0000,0.0000,0.0000,7122.0000,0.0000,0.0000,0.0000,0.0000,45,0,0,0,0,80,0,0,0,0
zc,TA209,2012-06-26 09:03:52.383,7122.0000,452976,-20,0.0000,52.0000,16,36,空平,B,7120.0000,0.0000,0.0000,0.0000,0.0000,7122.0000,0.0000,0.0000,0.0000,0.0000,48,0,0,0,0,68,0,0,0,0
zc,TA209,2012-06-26 09:03:53.167,7120.0000,452950,-26,0.0000,96.0000,35,61,多平,S,7120.0000,0.0000,0.0000,0.0000,0.0000,7122.0000,0.0000,0.0000,0.0000,0.0000,41,0,0,0,0,63,0,0,0,0
zc,TA209,2012-06-26 09:03:53.883,7122.0000,453060,110,0.0000,208.0000,159,49,多开,B,7120.0000,0.0000,0.0000,0.0000,0.0000,7122.0000,0.0000,0.0000,0.0000,0.0000,17,0,0,0,0,93,0,0,0,0
zc,TA209,2012-06-26 09:03:54.400,7122.0000,453084,24,0.0000,28.0000,26,2,多开,B,7120.0000,0.0000,0.0000,0.0000,0.0000,7122.0000,0.0000,0.0000,0.0000,0.0000,14,0,0,0,0,84,0,0,0,0
zc,TA209,2012-06-26 09:03:54.867,7120.0000,453090,6,0.0000,26.0000,16,10,空开,S,7120.0000,0.0000,0.0000,0.0000,0.0000,7122.0000,0.0000,0.0000,0.0000,0.0000,213,0,0,0,0,149,0,0,0,0
zc,TA209,2012-06-26 09:03:55.383,7122.0000,453378,288,0.0000,368.0000,328,40,多开,B,7122.0000,0.0000,0.0000,0.0000,0.0000,7124.0000,0.0000,0.0000,0.0000,0.0000,32,0,0,0,0,527,0,0,0,0
zc,TA209,2012-06-26 09:03:56.117,7122.0000,453378,0,0.0000,56.0000,28,28,多换,B,7122.0000,0.0000,0.0000,0.0000,0.0000,7124.0000,0.0000,0.0000,0.0000,0.0000,14,0,0,0,0,517,0,0,0,0
zc,TA209,2012-06-26 09:03:56.633,7122.0000,453376,-2,0.0000,20.0000,9,11,空平,B,7122.0000,0.0000,0.0000,0.0000,0.0000,7124.0000,0.0000,0.0000,0.0000,0.0000,4,0,0,0,0,519,0,0,0,0
zc,TA209,2012-06-26 09:03:57.150,7124.0000,453382,6,0.0000,34.0000,20,14,多开,B,7120.0000,0.0000,0.0000,0.0000,0.0000,7124.0000,0.0000,0.0000,0.0000,0.0000,224,0,0,0,0,514,0,0,0,0
zc,TA209,2012-06-26 09:03:57.883,7122.0000,453458,76,0.0000,530.0000,303,227,空开,S,7120.0000,0.0000,0.0000,0.0000,0.0000,7122.0000,0.0000,0.0000,0.0000,0.0000,255,0,0,0,0,2,0,0,0,0
zc,TA209,2012-06-26 09:03:58.383,7124.0000,453330,-128,0.0000,190.0000,31,159,空平,B,7120.0000,0.0000,0.0000,0.0000,0.0000,7122.0000,0.0000,0.0000,0.0000,0.0000,260,0,0,0,0,10,0,0,0,0
zc,TA209,2012-06-26 09:03:58.930,7124.0000,453394,64,0.0000,192.0000,128,64,多开,B,7122.0000,0.0000,0.0000,0.0000,0.0000,7124.0000,0.0000,0.0000,0.0000,0.0000,3,0,0,0,0,75,0,0,0,0
zc,TA209,2012-06-26 09:03:59.430,7124.0000,453652,258,0.0000,412.0000,335,77,多开,B,7120.0000,0.0000,0.0000,0.0000,0.0000,7122.0000,0.0000,0.0000,0.0000,0.0000,132,0,0,0,0,30,0,0,0,0
zc,TA209,2012-06-26 09:04:00.150,7124.0000,453706,54,0.0000,182.0000,118,64,多开,B,7122.0000,0.0000,0.0000,0.0000,0.0000,7124.0000,0.0000,0.0000,0.0000,0.0000,15,0,0,0,0,61,0,0,0,0
zc,TA209,2012-06-26 09:04:00.650,7122.0000,453702,-4,0.0000,52.0000,24,28,多平,S,7120.0000,0.0000,0.0000,0.0000,0.0000,7122.0000,0.0000,0.0000,0.0000,0.0000,93,0,0,0,0,5,0,0,0,0
zc,TA209,2012-06-26 09:04:01.417,7124.0000,453696,-6,0.0000,24.0000,9,15,空平,B,7122.0000,0.0000,0.0000,0.0000,0.0000,7124.0000,0.0000,0.0000,0.0000,0.0000,4,0,0,0,0,109,0,0,0,0
zc,TA209,2012-06-26 09:04:01.900,7122.0000,453704,8,0.0000,48.0000,28,20,空开,S,7120.0000,0.0000,0.0000,0.0000,0.0000,7122.0000,0.0000,0.0000,0.0000,0.0000,103,0,0,0,0,11,0,0,0,0
zc,TA209,2012-06-26 09:04:02.353,7122.0000,453756,52,0.0000,54.0000,53,1,空开,S,7120.0000,0.0000,0.0000,0.0000,0.0000,7122.0000,0.0000,0.0000,0.0000,0.0000,103,0,0,0,0,25,0,0,0,0
zc,TA209,2012-06-26 09:04:03.133,7122.0000,453766,10,0.0000,10.0000,10,0,双开,S,7120.0000,0.0000,0.0000,0.0000,0.0000,7122.0000,0.0000,0.0000,0.0000,0.0000,103,0,0,0,0,114,0,0,0,0
zc,TA209,2012-06-26 09:04:03.650,7122.0000,453772,6,0.0000,6.0000,6,0,双开,S,7120.0000,0.0000,0.0000,0.0000,0.0000,7122.0000,0.0000,0.0000,0.0000,0.0000,113,0,0,0,0,105,0,0,0,0
zc,TA209,2012-06-26 09:04:04.133,7120.0000,453766,-6,0.0000,40.0000,17,23,多平,S,7120.0000,0.0000,0.0000,0.0000,0.0000,7122.0000,0.0000,0.0000,0.0000,0.0000,109,0,0,0,0,110,0,0,0,0
zc,TA209,2012-06-26 09:04:04.603,7120.0000,453766,0,0.0000,10.0000,5,5,空换,S,7120.0000,0.0000,0.0000,0.0000,0.0000,7122.0000,0.0000,0.0000,0.0000,0.0000,109,0,0,0,0,278,0,0,0,0
zc,TA209,2012-06-26 09:04:05.417,7120.0000,453762,-4,0.0000,42.0000,19,23,多平,S,7120.0000,0.0000,0.0000,0.0000,0.0000,7122.0000,0.0000,0.0000,0.0000,0.0000,104,0,0,0,0,317,0,0,0,0
zc,TA209,2012-06-26 09:04:05.917,7122.0000,453776,14,0.0000,214.0000,114,100,多开,B,7118.0000,0.0000,0.0000,0.0000,0.0000,7120.0000,0.0000,0.0000,0.0000,0.0000,176,0,0,0,0,7,0,0,0,0
zc,TA209,2012-06-26 09:04:06.667,7120.0000,453834,58,0.0000,76.0000,67,9,空开,S,7118.0000,0.0000,0.0000,0.0000,0.0000,7120.0000,0.0000,0.0000,0.0000,0.0000,188,0,0,0,0,36,0,0,0,0
zc,TA209,2012-06-26 09:04:07.133,7120.0000,453836,2,0.0000,12.0000,7,5,空开,S,7118.0000,0.0000,0.0000,0.0000,0.0000,7120.0000,0.0000,0.0000,0.0000,0.0000,188,0,0,0,0,118,0,0,0,0
zc,TA209,2012-06-26 09:04:07.650,7118.0000,453900,64,0.0000,120.0000,92,28,空开,S,7118.0000,0.0000,0.0000,0.0000,0.0000,7120.0000,0.0000,0.0000,0.0000,0.0000,197,0,0,0,0,87,0,0,0,0
zc,TA209,2012-06-26 09:04:08.430,7120.0000,454016,116,0.0000,214.0000,165,49,多开,B,7118.0000,0.0000,0.0000,0.0000,0.0000,7120.0000,0.0000,0.0000,0.0000,0.0000,191,0,0,0,0,86,0,0,0,0
zc,TA209,2012-06-26 09:04:08.883,7118.0000,454028,12,0.0000,30.0000,21,9,空开,S,7118.0000,0.0000,0.0000,0.0000,0.0000,7120.0000,0.0000,0.0000,0.0000,0.0000,172,0,0,0,0,115,0,0,0,0
zc,TA209,2012-06-26 09:04:09.383,7120.0000,454058,30,0.0000,160.0000,95,65,多开,B,7118.0000,0.0000,0.0000,0.0000,0.0000,7120.0000,0.0000,0.0000,0.0000,0.0000,132,0,0,0,0,184,0,0,0,0
zc,TA209,2012-06-26 09:04:09.883,7120.0000,454086,28,0.0000,56.0000,42,14,多开,B,7118.0000,0.0000,0.0000,0.0000,0.0000,7120.0000,0.0000,0.0000,0.0000,0.0000,121,0,0,0,0,167,0,0,0,0
zc,TA209,2012-06-26 09:04:10.680,7118.0000,454224,138,0.0000,258.0000,198,60,空开,S,7118.0000,0.0000,0.0000,0.0000,0.0000,7120.0000,0.0000,0.0000,0.0000,0.0000,4,0,0,0,0,169,0,0,0,0
zc,TA209,2012-06-26 09:04:11.150,7116.0000,453936,-288,0.0000,540.0000,126,414,多平,S,7116.0000,0.0000,0.0000,0.0000,0.0000,7118.0000,0.0000,0.0000,0.0000,0.0000,114,0,0,0,0,10,0,0,0,0
zc,TA209,2012-06-26 09:04:11.853,7118.0000,453936,0,0.0000,2.0000,1,1,多换,B,7116.0000,0.0000,0.0000,0.0000,0.0000,7118.0000,0.0000,0.0000,0.0000,0.0000,113,0,0,0,0,42,0,0,0,0
zc,TA209,2012-06-26 09:04:12.400,7116.0000,453884,-52,0.0000,56.0000,2,54,多平,S,7116.0000,0.0000,0.0000,0.0000,0.0000,7118.0000,0.0000,0.0000,0.0000,0.0000,107,0,0,0,0,29,0,0,0,0
zc,TA209,2012-06-26 09:04:13.133,7114.0000,453770,-114,0.0000,466.0000,176,290,多平,S,7114.0000,0.0000,0.0000,0.0000,0.0000,7116.0000,0.0000,0.0000,0.0000,0.0000,142,0,0,0,0,689,0,0,0,0
zc,TA209,2012-06-26 09:04:13.633,7116.0000,453770,0,0.0000,12.0000,6,6,多换,B,7114.0000,0.0000,0.0000,0.0000,0.0000,7116.0000,0.0000,0.0000,0.0000,0.0000,143,0,0,0,0,776,0,0,0,0
zc,TA209,2012-06-26 09:04:14.150,7116.0000,453768,-2,0.0000,8.0000,3,5,空平,B,7114.0000,0.0000,0.0000,0.0000,0.0000,7116.0000,0.0000,0.0000,0.0000,0.0000,145,0,0,0,0,774,0,0,0,0
zc,TA209,2012-06-26 09:04:14.867,7114.0000,453758,-10,0.0000,136.0000,63,73,多平,S,7114.0000,0.0000,0.0000,0.0000,0.0000,7116.0000,0.0000,0.0000,0.0000,0.0000,143,0,0,0,0,707,0,0,0,0
zc,TA209,2012-06-26 09:04:15.383,7114.0000,453358,-400,0.0000,434.0000,17,417,多平,S,7114.0000,0.0000,0.0000,0.0000,0.0000,7116.0000,0.0000,0.0000,0.0000,0.0000,146,0,0,0,0,497,0,0,0,0
zc,TA209,2012-06-26 09:04:16.103,7114.0000,453358,0,0.0000,16.0000,8,8,空换,S,7114.0000,0.0000,0.0000,0.0000,0.0000,7116.0000,0.0000,0.0000,0.0000,0.0000,139,0,0,0,0,496,0,0,0,0
zc,TA209,2012-06-26 09:04:16.367,7116.0000,453364,6,0.0000,12.0000,9,3,多开,B,7114.0000,0.0000,0.0000,0.0000,0.0000,7116.0000,0.0000,0.0000,0.0000,0.0000,136,0,0,0,0,494,0,0,0,0
zc,TA209,2012-06-26 09:04:17.150,7114.0000,453466,102,0.0000,240.0000,171,69,空开,S,7114.0000,0.0000,0.0000,0.0000,0.0000,7116.0000,0.0000,0.0000,0.0000,0.0000,130,0,0,0,0,492,0,0,0,0
zc,TA209,2012-06-26 09:04:17.650,7114.0000,453406,-60,0.0000,70.0000,5,65,多平,S,7114.0000,0.0000,0.0000,0.0000,0.0000,7116.0000,0.0000,0.0000,0.0000,0.0000,130,0,0,0,0,494,0,0,0,0
zc,TA209,2012-06-26 09:04:18.383,7114.0000,453406,0,0.0000,0.0000,0,0,空换,S,7114.0000,0.0000,0.0000,0.0000,0.0000,7116.0000,0.0000,0.0000,0.0000,0.0000,131,0,0,0,0,487,0,0,0,0
zc,TA209,2012-06-26 09:04:18.883,7114.0000,453418,12,0.0000,114.0000,63,51,空开,S,7114.0000,0.0000,0.0000,0.0000,0.0000,7116.0000,0.0000,0.0000,0.0000,0.0000,75,0,0,0,0,486,0,0,0,0
zc,TA209,2012-06-26 09:04:19.633,7114.0000,453426,8,0.0000,72.0000,40,32,空开,S,7114.0000,0.0000,0.0000,0.0000,0.0000,7116.0000,0.0000,0.0000,0.0000,0.0000,40,0,0,0,0,485,0,0,0,0
zc,TA209,2012-06-26 09:04:20.103,7114.0000,453422,-4,0.0000,10.0000,3,7,多平,S,7114.0000,0.0000,0.0000,0.0000,0.0000,7116.0000,0.0000,0.0000,0.0000,0.0000,110,0,0,0,0,485,0,0,0,0
zc,TA209,2012-06-26 09:04:20.633,7114.0000,453410,-12,0.0000,56.0000,22,34,多平,S,7114.0000,0.0000,0.0000,0.0000,0.0000,7116.0000,0.0000,0.0000,0.0000,0.0000,96,0,0,0,0,484,0,0,0,0
zc,TA209,2012-06-26 09:04:21.383,7114.0000,453352,-58,0.0000,186.0000,64,122,多平,S,7114.0000,0.0000,0.0000,0.0000,0.0000,7116.0000,0.0000,0.0000,0.0000,0.0000,65,0,0,0,0,492,0,0,0,0
zc,TA209,2012-06-26 09:04:21.883,7114.0000,453352,0,0.0000,12.0000,6,6,空换,S,7114.0000,0.0000,0.0000,0.0000,0.0000,7116.0000,0.0000,0.0000,0.0000,0.0000,67,0,0,0,0,489,0,0,0,0
zc,TA209,2012-06-26 09:04:22.680,7114.0000,453198,-154,0.0000,190.0000,18,172,多平,S,7112.0000,0.0000,0.0000,0.0000,0.0000,7114.0000,0.0000,0.0000,0.0000,0.0000,73,0,0,0,0,65,0,0,0,0
zc,TA209,2012-06-26 09:04:22.867,7114.0000,453198,0,0.0000,4.0000,2,2,空换,S,7112.0000,0.0000,0.0000,0.0000,0.0000,7114.0000,0.0000,0.0000,0.0000,0.0000,73,0,0,0,0,76,0,0,0,0
zc,TA209,2012-06-26 09:04:23.633,7112.0000,453198,0,0.0000,26.0000,13,13,空换,S,7112.0000,0.0000,0.0000,0.0000,0.0000,7114.0000,0.0000,0.0000,0.0000,0.0000,73,0,0,0,0,78,0,0,0,0
zc,TA209,2012-06-26 09:04:24.150,7114.0000,453204,6,0.0000,58.0000,32,26,多开,B,7112.0000,0.0000,0.0000,0.0000,0.0000,7114.0000,0.0000,0.0000,0.0000,0.0000,105,0,0,0,0,72,0,0,0,0
zc,TA209,2012-06-26 09:04:24.917,7114.0000,453174,-30,0.0000,154.0000,62,92,空平,B,7114.0000,0.0000,0.0000,0.0000,0.0000,7116.0000,0.0000,0.0000,0.0000,0.0000,26,0,0,0,0,498,0,0,0,0
zc,TA209,2012-06-26 09:04:25.400,7116.0000,453170,-4,0.0000,52.0000,24,28,空平,B,7114.0000,0.0000,0.0000,0.0000,0.0000,7116.0000,0.0000,0.0000,0.0000,0.0000,22,0,0,0,0,483,0,0,0,0
zc,TA209,2012-06-26 09:04:25.930,7116.0000,453150,-20,0.0000,24.0000,2,22,空平,B,7114.0000,0.0000,0.0000,0.0000,0.0000,7116.0000,0.0000,0.0000,0.0000,0.0000,18,0,0,0,0,483,0,0,0,0
zc,TA209,2012-06-26 09:04:26.633,7114.0000,453124,-26,0.0000,42.0000,8,34,多平,S,7114.0000,0.0000,0.0000,0.0000,0.0000,7116.0000,0.0000,0.0000,0.0000,0.0000,6,0,0,0,0,483,0,0,0,0
zc,TA209,2012-06-26 09:04:27.150,7114.0000,453112,-12,0.0000,12.0000,0,12,双平,S,7114.0000,0.0000,0.0000,0.0000,0.0000,7116.0000,0.0000,0.0000,0.0000,0.0000,129,0,0,0,0,484,0,0,0,0
zc,TA209,2012-06-26 09:04:27.853,7116.0000,453042,-70,0.0000,94.0000,12,82,空平,B,7114.0000,0.0000,0.0000,0.0000,0.0000,7116.0000,0.0000,0.0000,0.0000,0.0000,105,0,0,0,0,480,0,0,0,0
zc,TA209,2012-06-26 09:04:28.367,7114.0000,453022,-20,0.0000,40.0000,10,30,多平,S,7114.0000,0.0000,0.0000,0.0000,0.0000,7116.0000,0.0000,0.0000,0.0000,0.0000,109,0,0,0,0,486,0,0,0,0
zc,TA209,2012-06-26 09:04:29.103,7114.0000,453022,0,0.0000,2.0000,1,1,空换,S,7114.0000,0.0000,0.0000,0.0000,0.0000,7116.0000,0.0000,0.0000,0.0000,0.0000,112,0,0,0,0,486,0,0,0,0
zc,TA209,2012-06-26 09:04:29.400,7114.0000,453020,-2,0.0000,30.0000,14,16,多平,S,7114.0000,0.0000,0.0000,0.0000,0.0000,7116.0000,0.0000,0.0000,0.0000,0.0000,123,0,0,0,0,486,0,0,0,0
zc,TA209,2012-06-26 09:04:30.180,7116.0000,453010,-10,0.0000,10.0000,0,10,双平,B,7114.0000,0.0000,0.0000,0.0000,0.0000,7116.0000,0.0000,0.0000,0.0000,0.0000,127,0,0,0,0,484,0,0,0,0
zc,TA209,2012-06-26 09:04:30.667,7116.0000,453010,0,0.0000,2.0000,1,1,多换,B,7114.0000,0.0000,0.0000,0.0000,0.0000,7116.0000,0.0000,0.0000,0.0000,0.0000,149,0,0,0,0,483,0,0,0,0
zc,TA209,2012-06-26 09:04:31.367,7114.0000,452998,-12,0.0000,14.0000,1,13,多平,S,7114.0000,0.0000,0.0000,0.0000,0.0000,7116.0000,0.0000,0.0000,0.0000,0.0000,135,0,0,0,0,483,0,0,0,0
zc,TA209,2012-06-26 09:04:31.867,7116.0000,452992,-6,0.0000,48.0000,21,27,空平,B,7114.0000,0.0000,0.0000,0.0000,0.0000,7116.0000,0.0000,0.0000,0.0000,0.0000,145,0,0,0,0,461,0,0,0,0
zc,TA209,2012-06-26 09:04:32.383,7116.0000,452990,-2,0.0000,18.0000,8,10,空平,B,7114.0000,0.0000,0.0000,0.0000,0.0000,7116.0000,0.0000,0.0000,0.0000,0.0000,146,0,0,0,0,460,0,0,0,0
zc,TA209,2012-06-26 09:04:33.117,7116.0000,452986,-4,0.0000,8.0000,2,6,空平,B,7114.0000,0.0000,0.0000,0.0000,0.0000,7116.0000,0.0000,0.0000,0.0000,0.0000,144,0,0,0,0,459,0,0,0,0
zc,TA209,2012-06-26 09:04:33.633,7114.0000,452888,-98,0.0000,102.0000,2,100,多平,S,7114.0000,0.0000,0.0000,0.0000,0.0000,7116.0000,0.0000,0.0000,0.0000,0.0000,56,0,0,0,0,459,0,0,0,0
zc,TA209,2012-06-26 09:04:34.103,7116.0000,452884,-4,0.0000,32.0000,14,18,空平,B,7114.0000,0.0000,0.0000,0.0000,0.0000,7116.0000,0.0000,0.0000,0.0000,0.0000,52,0,0,0,0,447,0,0,0,0
zc,TA209,2012-06-26 09:04:34.680,7114.0000,452872,-12,0.0000,18.0000,3,15,多平,S,7114.0000,0.0000,0.0000,0.0000,0.0000,7116.0000,0.0000,0.0000,0.0000,0.0000,55,0,0,0,0,446,0,0,0,0
zc,TA209,2012-06-26 09:04:35.383,7114.0000,452822,-50,0.0000,62.0000,6,56,多平,S,7114.0000,0.0000,0.0000,0.0000,0.0000,7116.0000,0.0000,0.0000,0.0000,0.0000,138,0,0,0,0,426,0,0,0,0
zc,TA209,2012-06-26 09:04:35.867,7116.0000,452818,-4,0.0000,6.0000,1,5,空平,B,7114.0000,0.0000,0.0000,0.0000,0.0000,7116.0000,0.0000,0.0000,0.0000,0.0000,138,0,0,0,0,333,0,0,0,0
zc,TA209,2012-06-26 09:04:36.417,7114.0000,452828,10,0.0000,10.0000,10,0,双开,S,7114.0000,0.0000,0.0000,0.0000,0.0000,7116.0000,0.0000,0.0000,0.0000,0.0000,143,0,0,0,0,334,0,0,0,0
zc,TA209,2012-06-26 09:04:37.150,7116.0000,452826,-2,0.0000,2.0000,0,2,双平,B,7114.0000,0.0000,0.0000,0.0000,0.0000,7116.0000,0.0000,0.0000,0.0000,0.0000,164,0,0,0,0,334,0,0,0,0
zc,TA209,2012-06-26 09:04:37.680,7114.0000,452820,-6,0.0000,84.0000,39,45,多平,S,7114.0000,0.0000,0.0000,0.0000,0.0000,7116.0000,0.0000,0.0000,0.0000,0.0000,127,0,0,0,0,353,0,0,0,0
zc,TA209,2012-06-26 09:04:38.383,7114.0000,452820,0,0.0000,32.0000,16,16,空换,S,7114.0000,0.0000,0.0000,0.0000,0.0000,7116.0000,0.0000,0.0000,0.0000,0.0000,216,0,0,0,0,349,0,0,0,0
zc,TA209,2012-06-26 09:04:38.883,7114.0000,452760,-60,0.0000,80.0000,10,70,多平,S,7114.0000,0.0000,0.0000,0.0000,0.0000,7116.0000,0.0000,0.0000,0.0000,0.0000,226,0,0,0,0,323,0,0,0,0
zc,TA209,2012-06-26 09:04:39.400,7116.0000,452442,-318,0.0000,318.0000,0,318,双平,B,7114.0000,0.0000,0.0000,0.0000,0.0000,7116.0000,0.0000,0.0000,0.0000,0.0000,220,0,0,0,0,172,0,0,0,0
zc,TA209,2012-06-26 09:04:39.930,7116.0000,452394,-48,0.0000,398.0000,175,223,空平,B,7116.0000,0.0000,0.0000,0.0000,0.0000,7118.0000,0.0000,0.0000,0.0000,0.0000,254,0,0,0,0,107,0,0,0,0
zc,TA209,2012-06-26 09:04:40.617,7116.0000,452404,10,0.0000,22.0000,16,6,多开,B,7116.0000,0.0000,0.0000,0.0000,0.0000,7118.0000,0.0000,0.0000,0.0000,0.0000,307,0,0,0,0,102,0,0,0,0
zc,TA209,2012-06-26 09:04:41.117,7116.0000,452400,-4,0.0000,38.0000,17,21,空平,B,7116.0000,0.0000,0.0000,0.0000,0.0000,7118.0000,0.0000,0.0000,0.0000,0.0000,354,0,0,0,0,87,0,0,0,0
zc,TA209,2012-06-26 09:04:41.917,7116.0000,452412,12,0.0000,116.0000,64,52,多开,B,7116.0000,0.0000,0.0000,0.0000,0.0000,7118.0000,0.0000,0.0000,0.0000,0.0000,285,0,0,0,0,35,0,0,0,0
zc,TA209,2012-06-26 09:04:42.367,7116.0000,452412,0,0.0000,0.0000,0,0,多换,B,7116.0000,0.0000,0.0000,0.0000,0.0000,7118.0000,0.0000,0.0000,0.0000,0.0000,135,0,0,0,0,35,0,0,0,0
zc,TA209,2012-06-26 09:04:42.883,7116.0000,452410,-2,0.0000,6.0000,2,4,空平,B,7116.0000,0.0000,0.0000,0.0000,0.0000,7118.0000,0.0000,0.0000,0.0000,0.0000,96,0,0,0,0,33,0,0,0,0
zc,TA209,2012-06-26 09:04:43.633,7116.0000,452406,-4,0.0000,8.0000,2,6,空平,B,7116.0000,0.0000,0.0000,0.0000,0.0000,7118.0000,0.0000,0.0000,0.0000,0.0000,94,0,0,0,0,85,0,0,0,0
zc,TA209,2012-06-26 09:04:44.117,7118.0000,452398,-8,0.0000,10.0000,1,9,空平,B,7116.0000,0.0000,0.0000,0.0000,0.0000,7118.0000,0.0000,0.0000,0.0000,0.0000,94,0,0,0,0,111,0,0,0,0
zc,TA209,2012-06-26 09:04:45.117,7118.0000,452394,-4,0.0000,6.0000,1,5,空平,B,7116.0000,0.0000,0.0000,0.0000,0.0000,7118.0000,0.0000,0.0000,0.0000,0.0000,94,0,0,0,0,108,0,0,0,0
zc,TA209,2012-06-26 09:04:45.853,7116.0000,452388,-6,0.0000,6.0000,0,6,双平,S,7116.0000,0.0000,0.0000,0.0000,0.0000,7118.0000,0.0000,0.0000,0.0000,0.0000,91,0,0,0,0,108,0,0,0,0
zc,TA209,2012-06-26 09:04:46.400,7116.0000,452388,0,0.0000,0.0000,0,0,空换,S,7116.0000,0.0000,0.0000,0.0000,0.0000,7118.0000,0.0000,0.0000,0.0000,0.0000,94,0,0,0,0,107,0,0,0,0
zc,TA209,2012-06-26 09:04:46.867,7116.0000,452388,0,0.0000,4.0000,2,2,空换,S,7116.0000,0.0000,0.0000,0.0000,0.0000,7118.0000,0.0000,0.0000,0.0000,0.0000,97,0,0,0,0,111,0,0,0,0
zc,TA209,2012-06-26 09:04:47.617,7116.0000,452388,0,0.0000,0.0000,0,0,空换,S,7116.0000,0.0000,0.0000,0.0000,0.0000,7118.0000,0.0000,0.0000,0.0000,0.0000,100,0,0,0,0,111,0,0,0,0
zc,TA209,2012-06-26 09:04:48.167,7116.0000,452388,0,0.0000,0.0000,0,0,空换,S,7116.0000,0.0000,0.0000,0.0000,0.0000,7118.0000,0.0000,0.0000,0.0000,0.0000,101,0,0,0,0,124,0,0,0,0
zc,TA209,2012-06-26 09:04:48.883,7116.0000,452374,-14,0.0000,16.0000,1,15,多平,S,7116.0000,0.0000,0.0000,0.0000,0.0000,7118.0000,0.0000,0.0000,0.0000,0.0000,93,0,0,0,0,138,0,0,0,0
zc,TA209,2012-06-26 09:04:49.353,7118.0000,452364,-10,0.0000,14.0000,2,12,空平,B,7116.0000,0.0000,0.0000,0.0000,0.0000,7118.0000,0.0000,0.0000,0.0000,0.0000,92,0,0,0,0,132,0,0,0,0
zc,TA209,2012-06-26 09:04:49.867,7118.0000,452364,0,0.0000,10.0000,5,5,多换,B,7116.0000,0.0000,0.0000,0.0000,0.0000,7118.0000,0.0000,0.0000,0.0000,0.0000,95,0,0,0,0,127,0,0,0,0
zc,TA209,2012-06-26 09:04:50.383,7118.0000,452364,0,0.0000,14.0000,7,7,多换,B,7116.0000,0.0000,0.0000,0.0000,0.0000,7118.0000,0.0000,0.0000,0.0000,0.0000,93,0,0,0,0,124,0,0,0,0
zc,TA209,2012-06-26 09:04:51.133,7118.0000,452362,-2,0.0000,4.0000,1,3,空平,B,7116.0000,0.0000,0.0000,0.0000,0.0000,7118.0000,0.0000,0.0000,0.0000,0.0000,92,0,0,0,0,133,0,0,0,0
zc,TA209,2012-06-26 09:04:51.633,7116.0000,452358,-4,0.0000,4.0000,0,4,双平,S,7116.0000,0.0000,0.0000,0.0000,0.0000,7118.0000,0.0000,0.0000,0.0000,0.0000,91,0,0,0,0,149,0,0,0,0
zc,TA209,2012-06-26 09:04:52.167,7116.0000,452338,-20,0.0000,184.0000,82,102,多平,S,7114.0000,0.0000,0.0000,0.0000,0.0000,7116.0000,0.0000,0.0000,0.0000,0.0000,483,0,0,0,0,1,0,0,0,0
zc,TA209,2012-06-26 09:04:52.867,7116.0000,452338,0,0.0000,8.0000,4,4,空换,S,7116.0000,0.0000,0.0000,0.0000,0.0000,7118.0000,0.0000,0.0000,0.0000,0.0000,9,0,0,0,0,147,0,0,0,0
zc,TA209,2012-06-26 09:04:53.417,7116.0000,452330,-8,0.0000,58.0000,25,33,多平,S,7116.0000,0.0000,0.0000,0.0000,0.0000,7118.0000,0.0000,0.0000,0.0000,0.0000,48,0,0,0,0,147,0,0,0,0
zc,TA209,2012-06-26 09:04:54.180,7116.0000,452330,0,0.0000,2.0000,1,1,空换,S,7116.0000,0.0000,0.0000,0.0000,0.0000,7118.0000,0.0000,0.0000,0.0000,0.0000,116,0,0,0,0,185,0,0,0,0
zc,TA209,2012-06-26 09:04:54.603,7116.0000,452320,-10,0.0000,10.0000,0,10,双平,S,7116.0000,0.0000,0.0000,0.0000,0.0000,7118.0000,0.0000,0.0000,0.0000,0.0000,232,0,0,0,0,185,0,0,0,0
zc,TA209,2012-06-26 09:04:55.103,7116.0000,452296,-24,0.0000,28.0000,2,26,多平,S,7116.0000,0.0000,0.0000,0.0000,0.0000,7118.0000,0.0000,0.0000,0.0000,0.0000,220,0,0,0,0,128,0,0,0,0
zc,TA209,2012-06-26 09:04:55.650,7118.0000,452292,-4,0.0000,8.0000,2,6,空平,B,7116.0000,0.0000,0.0000,0.0000,0.0000,7118.0000,0.0000,0.0000,0.0000,0.0000,169,0,0,0,0,92,0,0,0,0
zc,TA209,2012-06-26 09:04:56.353,7116.0000,452274,-18,0.0000,62.0000,22,40,多平,S,7116.0000,0.0000,0.0000,0.0000,0.0000,7118.0000,0.0000,0.0000,0.0000,0.0000,169,0,0,0,0,83,0,0,0,0
zc,TA209,2012-06-26 09:04:56.853,7116.0000,452292,18,0.0000,266.0000,142,124,空开,S,7116.0000,0.0000,0.0000,0.0000,0.0000,7118.0000,0.0000,0.0000,0.0000,0.0000,40,0,0,0,0,79,0,0,0,0
zc,TA209,2012-06-26 09:04:57.417,7116.0000,452318,26,0.0000,80.0000,53,27,空开,S,7114.0000,0.0000,0.0000,0.0000,0.0000,7116.0000,0.0000,0.0000,0.0000,0.0000,429,0,0,0,0,160,0,0,0,0
zc,TA209,2012-06-26 09:04:58.117,7116.0000,452364,46,0.0000,52.0000,49,3,空开,S,7114.0000,0.0000,0.0000,0.0000,0.0000,7116.0000,0.0000,0.0000,0.0000,0.0000,429,0,0,0,0,134,0,0,0,0
zc,TA209,2012-06-26 09:04:58.633,7116.0000,452386,22,0.0000,36.0000,29,7,空开,S,7114.0000,0.0000,0.0000,0.0000,0.0000,7116.0000,0.0000,0.0000,0.0000,0.0000,435,0,0,0,0,131,0,0,0,0
zc,TA209,2012-06-26 09:04:59.167,7116.0000,452548,162,0.0000,168.0000,165,3,空开,S,7114.0000,0.0000,0.0000,0.0000,0.0000,7116.0000,0.0000,0.0000,0.0000,0.0000,435,0,0,0,0,54,0,0,0,0
zc,TA209,2012-06-26 09:04:59.883,7116.0000,452726,178,0.0000,212.0000,195,17,空开,S,7114.0000,0.0000,0.0000,0.0000,0.0000,7118.0000,0.0000,0.0000,0.0000,0.0000,435,0,0,0,0,105,0,0,0,0
zc,TA209,2012-06-26 09:05:00.383,7118.0000,452728,2,0.0000,2.0000,2,0,双开,B,7116.0000,0.0000,0.0000,0.0000,0.0000,7118.0000,0.0000,0.0000,0.0000,0.0000,5,0,0,0,0,108,0,0,0,0
zc,TA209,2012-06-26 09:05:00.883,7118.0000,452722,-6,0.0000,38.0000,16,22,空平,B,7114.0000,0.0000,0.0000,0.0000,0.0000,7118.0000,0.0000,0.0000,0.0000,0.0000,426,0,0,0,0,107,0,0,0,0
zc,TA209,2012-06-26 09:05:01.650,7114.0000,452764,42,0.0000,42.0000,42,0,双开,S,7116.0000,0.0000,0.0000,0.0000,0.0000,7118.0000,0.0000,0.0000,0.0000,0.0000,61,0,0,0,0,107,0,0,0,0
zc,TA209,2012-06-26 09:05:02.133,7114.0000,452764,0,0.0000,194.0000,97,97,空换,S,7114.0000,0.0000,0.0000,0.0000,0.0000,7116.0000,0.0000,0.0000,0.0000,0.0000,415,0,0,0,0,63,0,0,0,0
zc,TA209,2012-06-26 09:05:02.867,7116.0000,452764,0,0.0000,106.0000,53,53,多换,B,7114.0000,0.0000,0.0000,0.0000,0.0000,7116.0000,0.0000,0.0000,0.0000,0.0000,406,0,0,0,0,13,0,0,0,0
zc,TA209,2012-06-26 09:05:03.367,7114.0000,452712,-52,0.0000,82.0000,15,67,多平,S,7114.0000,0.0000,0.0000,0.0000,0.0000,7116.0000,0.0000,0.0000,0.0000,0.0000,368,0,0,0,0,12,0,0,0,0
zc,TA209,2012-06-26 09:05:04.117,7116.0000,452714,2,0.0000,2.0000,2,0,双开,B,7114.0000,0.0000,0.0000,0.0000,0.0000,7116.0000,0.0000,0.0000,0.0000,0.0000,368,0,0,0,0,11,0,0,0,0
zc,TA209,2012-06-26 09:05:04.650,7116.0000,452726,12,0.0000,22.0000,17,5,多开,B,7116.0000,0.0000,0.0000,0.0000,0.0000,7118.0000,0.0000,0.0000,0.0000,0.0000,13,0,0,0,0,167,0,0,0,0
zc,TA209,2012-06-26 09:05:05.133,7114.0000,452752,26,0.0000,40.0000,33,7,空开,S,7116.0000,0.0000,0.0000,0.0000,0.0000,7118.0000,0.0000,0.0000,0.0000,0.0000,1,0,0,0,0,167,0,0,0,0
zc,TA209,2012-06-26 09:05:05.867,7118.0000,452766,14,0.0000,22.0000,18,4,多开,B,7114.0000,0.0000,0.0000,0.0000,0.0000,7116.0000,0.0000,0.0000,0.0000,0.0000,360,0,0,0,0,56,0,0,0,0
zc,TA209,2012-06-26 09:05:06.383,7114.0000,452768,2,0.0000,46.0000,24,22,空开,S,7114.0000,0.0000,0.0000,0.0000,0.0000,7116.0000,0.0000,0.0000,0.0000,0.0000,340,0,0,0,0,162,0,0,0,0
zc,TA209,2012-06-26 09:05:06.853,7116.0000,452768,0,0.0000,4.0000,2,2,多换,B,7114.0000,0.0000,0.0000,0.0000,0.0000,7116.0000,0.0000,0.0000,0.0000,0.0000,340,0,0,0,0,163,0,0,0,0
zc,TA209,2012-06-26 09:05:07.400,7116.0000,452768,0,0.0000,12.0000,6,6,多换,B,7114.0000,0.0000,0.0000,0.0000,0.0000,7116.0000,0.0000,0.0000,0.0000,0.0000,432,0,0,0,0,157,0,0,0,0
zc,TA209,2012-06-26 09:05:08.150,7116.0000,452768,0,0.0000,0.0000,0,0,多换,B,7114.0000,0.0000,0.0000,0.0000,0.0000,7116.0000,0.0000,0.0000,0.0000,0.0000,432,0,0,0,0,202,0,0,0,0
zc,TA209,2012-06-26 09:05:08.680,7116.0000,452798,30,0.0000,210.0000,120,90,多开,B,7114.0000,0.0000,0.0000,0.0000,0.0000,7116.0000,0.0000,0.0000,0.0000,0.0000,432,0,0,0,0,98,0,0,0,0
zc,TA209,2012-06-26 09:05:09.367,7116.0000,452796,-2,0.0000,20.0000,9,11,空平,B,7114.0000,0.0000,0.0000,0.0000,0.0000,7116.0000,0.0000,0.0000,0.0000,0.0000,400,0,0,0,0,103,0,0,0,0
zc,TA209,2012-06-26 09:05:09.867,7114.0000,452794,-2,0.0000,2.0000,0,2,双平,S,7114.0000,0.0000,0.0000,0.0000,0.0000,7116.0000,0.0000,0.0000,0.0000,0.0000,398,0,0,0,0,103,0,0,0,0
zc,TA209,2012-06-26 09:05:10.353,7116.0000,452794,0,0.0000,4.0000,2,2,多换,B,7114.0000,0.0000,0.0000,0.0000,0.0000,7116.0000,0.0000,0.0000,0.0000,0.0000,389,0,0,0,0,113,0,0,0,0
zc,TA209,2012-06-26 09:05:11.117,7114.0000,452810,16,0.0000,18.0000,17,1,空开,S,7114.0000,0.0000,0.0000,0.0000,0.0000,7116.0000,0.0000,0.0000,0.0000,0.0000,387,0,0,0,0,128,0,0,0,0
zc,TA209,2012-06-26 09:05:11.353,7114.0000,452790,-20,0.0000,20.0000,0,20,双平,S,7114.0000,0.0000,0.0000,0.0000,0.0000,7116.0000,0.0000,0.0000,0.0000,0.0000,376,0,0,0,0,131,0,0,0,0
zc,TA209,2012-06-26 09:05:12.087,7116.0000,452792,2,0.0000,22.0000,12,10,多开,B,7114.0000,0.0000,0.0000,0.0000,0.0000,7116.0000,0.0000,0.0000,0.0000,0.0000,375,0,0,0,0,130,0,0,0,0
zc,TA209,2012-06-26 09:05:12.867,7116.0000,452798,6,0.0000,6.0000,6,0,双开,B,7114.0000,0.0000,0.0000,0.0000,0.0000,7116.0000,0.0000,0.0000,0.0000,0.0000,366,0,0,0,0,143,0,0,0,0
zc,TA209,2012-06-26 09:05:13.617,7114.0000,452794,-4,0.0000,4.0000,0,4,双平,S,7114.0000,0.0000,0.0000,0.0000,0.0000,7116.0000,0.0000,0.0000,0.0000,0.0000,369,0,0,0,0,155,0,0,0,0
zc,TA209,2012-06-26 09:05:13.867,7114.0000,452794,0,0.0000,0.0000,0,0,空换,S,7114.0000,0.0000,0.0000,0.0000,0.0000,7116.0000,0.0000,0.0000,0.0000,0.0000,369,0,0,0,0,165,0,0,0,0
zc,TA209,2012-06-26 09:05:14.603,7116.0000,452798,4,0.0000,8.0000,6,2,多开,B,7114.0000,0.0000,0.0000,0.0000,0.0000,7116.0000,0.0000,0.0000,0.0000,0.0000,368,0,0,0,0,262,0,0,0,0
zc,TA209,2012-06-26 09:05:15.400,7116.0000,452802,4,0.0000,8.0000,6,2,多开,B,7114.0000,0.0000,0.0000,0.0000,0.0000,7116.0000,0.0000,0.0000,0.0000,0.0000,318,0,0,0,0,259,0,0,0,0
zc,TA209,2012-06-26 09:05:15.900,7116.0000,452880,78,0.0000,88.0000,83,5,多开,B,7114.0000,0.0000,0.0000,0.0000,0.0000,7116.0000,0.0000,0.0000,0.0000,0.0000,322,0,0,0,0,215,0,0,0,0
zc,TA209,2012-06-26 09:05:16.367,7114.0000,452876,-4,0.0000,4.0000,0,4,双平,S,7114.0000,0.0000,0.0000,0.0000,0.0000,7116.0000,0.0000,0.0000,0.0000,0.0000,322,0,0,0,0,215,0,0,0,0
zc,TA209,2012-06-26 09:05:16.900,7116.0000,452910,34,0.0000,34.0000,34,0,双开,B,7114.0000,0.0000,0.0000,0.0000,0.0000,7116.0000,0.0000,0.0000,0.0000,0.0000,322,0,0,0,0,200,0,0,0,0
zc,TA209,2012-06-26 09:05:17.667,7114.0000,452900,-10,0.0000,32.0000,11,21,多平,S,7114.0000,0.0000,0.0000,0.0000,0.0000,7116.0000,0.0000,0.0000,0.0000,0.0000,307,0,0,0,0,200,0,0,0,0
