市场代码,合约代码,时间,最新,持仓,增仓,成交额,成交量,开仓,平仓,成交类型,方向,买一价,买二价,买三价,买四价,买五价,卖一价,卖二价,卖三价,卖四价,卖五价,买一量,买二量,买三量,买四量,买五量,卖一量,卖二量,卖三量,卖四量,卖五量
zc,WS209,2012-06-26 07:55:35.243,0.0000,206380,0,0.0000,0.0000,0,0,空换,S,0.0000,0.0000,0.0000,0.0000,0.0000,0.0000,0.0000,0.0000,0.0000,0.0000,0,0,0,0,0,0,0,0,0,0
zc,WS209,2012-06-26 08:09:36.867,0.0000,206380,0,0.0000,0.0000,0,0,空换,S,0.0000,0.0000,0.0000,0.0000,0.0000,0.0000,0.0000,0.0000,0.0000,0.0000,0,0,0,0,0,0,0,0,0,0
zc,WS209,2012-06-26 08:12:36.867,0.0000,206380,0,0.0000,0.0000,0,0,空换,S,0.0000,0.0000,0.0000,0.0000,0.0000,0.0000,0.0000,0.0000,0.0000,0.0000,0,0,0,0,0,0,0,0,0,0
zc,WS209,2012-06-26 08:14:36.867,0.0000,206380,0,0.0000,0.0000,0,0,空换,S,0.0000,0.0000,0.0000,0.0000,0.0000,0.0000,0.0000,0.0000,0.0000,0.0000,0,0,0,0,0,0,0,0,0,0
zc,WS209,2012-06-26 08:25:36.867,0.0000,206380,0,0.0000,0.0000,0,0,空换,S,0.0000,0.0000,0.0000,0.0000,0.0000,0.0000,0.0000,0.0000,0.0000,0.0000,0,0,0,0,0,0,0,0,0,0
zc,WS209,2012-06-26 08:32:36.867,0.0000,206380,0,0.0000,0.0000,0,0,空换,S,0.0000,0.0000,0.0000,0.0000,0.0000,0.0000,0.0000,0.0000,0.0000,0.0000,0,0,0,0,0,0,0,0,0,0
zc,WS209,2012-06-26 08:43:36.867,0.0000,206380,0,0.0000,0.0000,0,0,空换,S,0.0000,0.0000,0.0000,0.0000,0.0000,0.0000,0.0000,0.0000,0.0000,0.0000,0,0,0,0,0,0,0,0,0,0
zc,WS209,2012-06-26 08:53:36.853,0.0000,206380,0,0.0000,0.0000,0,0,空换,S,0.0000,0.0000,0.0000,0.0000,0.0000,0.0000,0.0000,0.0000,0.0000,0.0000,0,0,0,0,0,0,0,0,0,0
zc,WS209,2012-06-26 08:55:01.103,0.0000,206380,0,0.0000,0.0000,0,0,空换,S,0.0000,0.0000,0.0000,0.0000,0.0000,0.0000,0.0000,0.0000,0.0000,0.0000,0,0,0,0,0,0,0,0,0,0
zc,WS209,2012-06-26 08:55:06.103,0.0000,206380,0,0.0000,0.0000,0,0,空换,S,0.0000,0.0000,0.0000,0.0000,0.0000,0.0000,0.0000,0.0000,0.0000,0.0000,0,0,0,0,0,0,0,0,0,0
zc,WS209,2012-06-26 08:55:11.353,0.0000,206380,0,0.0000,0.0000,0,0,空换,S,0.0000,0.0000,0.0000,0.0000,0.0000,0.0000,0.0000,0.0000,0.0000,0.0000,0,0,0,0,0,0,0,0,0,0
zc,WS209,2012-06-26 08:55:36.853,0.0000,206380,0,0.0000,0.0000,0,0,空换,S,0.0000,0.0000,0.0000,0.0000,0.0000,0.0000,0.0000,0.0000,0.0000,0.0000,0,0,0,0,0,0,0,0,0,0
zc,WS209,2012-06-26 08:56:36.337,0.0000,206380,0,0.0000,0.0000,0,0,空换,S,0.0000,0.0000,0.0000,0.0000,0.0000,0.0000,0.0000,0.0000,0.0000,0.0000,0,0,0,0,0,0,0,0,0,0
zc,WS209,2012-06-26 08:56:40.587,0.0000,206380,0,0.0000,0.0000,0,0,空换,S,0.0000,0.0000,0.0000,0.0000,0.0000,0.0000,0.0000,0.0000,0.0000,0.0000,0,0,0,0,0,0,0,0,0,0
zc,WS209,2012-06-26 08:56:44.837,0.0000,206380,0,0.0000,0.0000,0,0,空换,S,0.0000,0.0000,0.0000,0.0000,0.0000,0.0000,0.0000,0.0000,0.0000,0.0000,0,0,0,0,0,0,0,0,0,0
zc,WS209,2012-06-26 08:56:56.837,0.0000,206380,0,0.0000,0.0000,0,0,空换,S,0.0000,0.0000,0.0000,0.0000,0.0000,0.0000,0.0000,0.0000,0.0000,0.0000,0,0,0,0,0,0,0,0,0,0
zc,WS209,2012-06-26 08:57:00.603,0.0000,206380,0,0.0000,0.0000,0,0,空换,S,0.0000,0.0000,0.0000,0.0000,0.0000,0.0000,0.0000,0.0000,0.0000,0.0000,0,0,0,0,0,0,0,0,0,0
zc,WS209,2012-06-26 08:57:01.087,0.0000,206380,0,0.0000,0.0000,0,0,空换,S,0.0000,0.0000,0.0000,0.0000,0.0000,0.0000,0.0000,0.0000,0.0000,0.0000,0,0,0,0,0,0,0,0,0,0
zc,WS209,2012-06-26 08:57:06.837,0.0000,206380,0,0.0000,0.0000,0,0,空换,S,0.0000,0.0000,0.0000,0.0000,0.0000,0.0000,0.0000,0.0000,0.0000,0.0000,0,0,0,0,0,0,0,0,0,0
zc,WS209,2012-06-26 08:57:13.353,0.0000,206380,0,0.0000,0.0000,0,0,空换,S,0.0000,0.0000,0.0000,0.0000,0.0000,0.0000,0.0000,0.0000,0.0000,0.0000,0,0,0,0,0,0,0,0,0,0
zc,WS209,2012-06-26 08:57:16.853,0.0000,206380,0,0.0000,0.0000,0,0,空换,S,0.0000,0.0000,0.0000,0.0000,0.0000,0.0000,0.0000,0.0000,0.0000,0.0000,0,0,0,0,0,0,0,0,0,0
zc,WS209,2012-06-26 08:57:22.587,0.0000,206380,0,0.0000,0.0000,0,0,空换,S,0.0000,0.0000,0.0000,0.0000,0.0000,0.0000,0.0000,0.0000,0.0000,0.0000,0,0,0,0,0,0,0,0,0,0
zc,WS209,2012-06-26 08:57:36.853,0.0000,206380,0,0.0000,0.0000,0,0,空换,S,0.0000,0.0000,0.0000,0.0000,0.0000,0.0000,0.0000,0.0000,0.0000,0.0000,0,0,0,0,0,0,0,0,0,0
zc,WS209,2012-06-26 08:57:51.087,0.0000,206380,0,0.0000,0.0000,0,0,空换,S,0.0000,0.0000,0.0000,0.0000,0.0000,0.0000,0.0000,0.0000,0.0000,0.0000,0,0,0,0,0,0,0,0,0,0
zc,WS209,2012-06-26 08:58:03.587,0.0000,206380,0,0.0000,0.0000,0,0,空换,S,0.0000,0.0000,0.0000,0.0000,0.0000,0.0000,0.0000,0.0000,0.0000,0.0000,0,0,0,0,0,0,0,0,0,0
zc,WS209,2012-06-26 08:58:09.587,0.0000,206380,0,0.0000,0.0000,0,0,空换,S,0.0000,0.0000,0.0000,0.0000,0.0000,0.0000,0.0000,0.0000,0.0000,0.0000,0,0,0,0,0,0,0,0,0,0
zc,WS209,2012-06-26 08:58:29.337,0.0000,206380,0,0.0000,0.0000,0,0,空换,S,0.0000,0.0000,0.0000,0.0000,0.0000,0.0000,0.0000,0.0000,0.0000,0.0000,0,0,0,0,0,0,0,0,0,0
zc,WS209,2012-06-26 08:58:34.337,0.0000,206380,0,0.0000,0.0000,0,0,空换,S,0.0000,0.0000,0.0000,0.0000,0.0000,0.0000,0.0000,0.0000,0.0000,0.0000,0,0,0,0,0,0,0,0,0,0
zc,WS209,2012-06-26 08:58:43.087,0.0000,206380,0,0.0000,0.0000,0,0,空换,S,0.0000,0.0000,0.0000,0.0000,0.0000,0.0000,0.0000,0.0000,0.0000,0.0000,0,0,0,0,0,0,0,0,0,0
zc,WS209,2012-06-26 08:58:47.853,0.0000,206380,0,0.0000,0.0000,0,0,空换,S,0.0000,0.0000,0.0000,0.0000,0.0000,0.0000,0.0000,0.0000,0.0000,0.0000,0,0,0,0,0,0,0,0,0,0
zc,WS209,2012-06-26 08:58:48.587,0.0000,206380,0,0.0000,0.0000,0,0,空换,S,0.0000,0.0000,0.0000,0.0000,0.0000,0.0000,0.0000,0.0000,0.0000,0.0000,0,0,0,0,0,0,0,0,0,0
zc,WS209,2012-06-26 08:58:53.837,0.0000,206380,0,0.0000,0.0000,0,0,空换,S,0.0000,0.0000,0.0000,0.0000,0.0000,0.0000,0.0000,0.0000,0.0000,0.0000,0,0,0,0,0,0,0,0,0,0
zc,WS209,2012-06-26 08:59:36.853,2446.0000,206578,198,0.0000,298.0000,248,50,多开,B,2445.0000,0.0000,0.0000,0.0000,0.0000,2446.0000,0.0000,0.0000,0.0000,0.0000,51,0,0,0,0,43,0,0,0,0
zc,WS209,2012-06-26 09:00:00.180,2446.0000,206578,0,0.0000,0.0000,0,0,多换,B,2445.0000,0.0000,0.0000,0.0000,0.0000,2446.0000,0.0000,0.0000,0.0000,0.0000,51,0,0,0,0,58,0,0,0,0
zc,WS209,2012-06-26 09:00:01.070,2445.0000,206600,22,0.0000,34.0000,28,6,空开,S,2445.0000,0.0000,0.0000,0.0000,0.0000,2446.0000,0.0000,0.0000,0.0000,0.0000,47,0,0,0,0,53,0,0,0,0
zc,WS209,2012-06-26 09:00:01.570,2445.0000,206630,30,0.0000,62.0000,46,16,空开,S,2445.0000,0.0000,0.0000,0.0000,0.0000,2446.0000,0.0000,0.0000,0.0000,0.0000,44,0,0,0,0,39,0,0,0,0
zc,WS209,2012-06-26 09:00:02.557,2446.0000,206670,40,0.0000,54.0000,47,7,多开,B,2445.0000,0.0000,0.0000,0.0000,0.0000,2446.0000,0.0000,0.0000,0.0000,0.0000,51,0,0,0,0,17,0,0,0,0
zc,WS209,2012-06-26 09:00:03.290,2446.0000,206682,12,0.0000,108.0000,60,48,多开,B,2444.0000,0.0000,0.0000,0.0000,0.0000,2447.0000,0.0000,0.0000,0.0000,0.0000,18,0,0,0,0,7,0,0,0,0
zc,WS209,2012-06-26 09:00:04.027,2446.0000,206722,40,0.0000,44.0000,42,2,多开,B,2446.0000,0.0000,0.0000,0.0000,0.0000,2447.0000,0.0000,0.0000,0.0000,0.0000,14,0,0,0,0,7,0,0,0,0
zc,WS209,2012-06-26 09:00:04.527,2446.0000,206722,0,0.0000,26.0000,13,13,多换,B,2446.0000,0.0000,0.0000,0.0000,0.0000,2447.0000,0.0000,0.0000,0.0000,0.0000,3,0,0,0,0,88,0,0,0,0
zc,WS209,2012-06-26 09:00:05.027,2446.0000,206762,40,0.0000,84.0000,62,22,多开,B,2445.0000,0.0000,0.0000,0.0000,0.0000,2447.0000,0.0000,0.0000,0.0000,0.0000,4,0,0,0,0,87,0,0,0,0
zc,WS209,2012-06-26 09:00:05.493,2446.0000,206776,14,0.0000,24.0000,19,5,多开,B,2445.0000,0.0000,0.0000,0.0000,0.0000,2447.0000,0.0000,0.0000,0.0000,0.0000,5,0,0,0,0,90,0,0,0,0
zc,WS209,2012-06-26 09:00:06.277,2445.0000,206810,34,0.0000,38.0000,36,2,空开,S,2444.0000,0.0000,0.0000,0.0000,0.0000,2445.0000,0.0000,0.0000,0.0000,0.0000,5,0,0,0,0,21,0,0,0,0
zc,WS209,2012-06-26 09:00:06.743,2445.0000,206848,38,0.0000,42.0000,40,2,空开,S,2444.0000,0.0000,0.0000,0.0000,0.0000,2445.0000,0.0000,0.0000,0.0000,0.0000,14,0,0,0,0,1,0,0,0,0
zc,WS209,2012-06-26 09:00:07.540,2445.0000,206850,2,0.0000,4.0000,3,1,空开,S,2444.0000,0.0000,0.0000,0.0000,0.0000,2445.0000,0.0000,0.0000,0.0000,0.0000,12,0,0,0,0,3,0,0,0,0
zc,WS209,2012-06-26 09:00:08.010,2444.0000,206858,8,0.0000,10.0000,9,1,空开,S,2444.0000,0.0000,0.0000,0.0000,0.0000,2445.0000,0.0000,0.0000,0.0000,0.0000,8,0,0,0,0,7,0,0,0,0
zc,WS209,2012-06-26 09:00:09.027,2445.0000,206864,6,0.0000,6.0000,6,0,双开,B,2443.0000,0.0000,0.0000,0.0000,0.0000,2445.0000,0.0000,0.0000,0.0000,0.0000,7,0,0,0,0,5,0,0,0,0
zc,WS209,2012-06-26 09:00:09.477,2445.0000,206864,0,0.0000,0.0000,0,0,多换,B,2443.0000,0.0000,0.0000,0.0000,0.0000,2445.0000,0.0000,0.0000,0.0000,0.0000,2,0,0,0,0,162,0,0,0,0
zc,WS209,2012-06-26 09:00:10.213,2443.0000,206866,2,0.0000,4.0000,3,1,空开,S,2442.0000,0.0000,0.0000,0.0000,0.0000,2445.0000,0.0000,0.0000,0.0000,0.0000,154,0,0,0,0,181,0,0,0,0
zc,WS209,2012-06-26 09:00:10.713,2443.0000,206866,0,0.0000,4.0000,2,2,空换,S,2442.0000,0.0000,0.0000,0.0000,0.0000,2444.0000,0.0000,0.0000,0.0000,0.0000,154,0,0,0,0,20,0,0,0,0
zc,WS209,2012-06-26 09:00:11.557,2443.0000,206866,0,0.0000,0.0000,0,0,空换,S,2442.0000,0.0000,0.0000,0.0000,0.0000,2444.0000,0.0000,0.0000,0.0000,0.0000,144,0,0,0,0,47,0,0,0,0
zc,WS209,2012-06-26 09:00:12.027,2442.0000,206868,2,0.0000,6.0000,4,2,空开,S,2442.0000,0.0000,0.0000,0.0000,0.0000,2443.0000,0.0000,0.0000,0.0000,0.0000,141,0,0,0,0,1,0,0,0,0
zc,WS209,2012-06-26 09:00:12.680,2442.0000,206868,0,0.0000,4.0000,2,2,空换,S,2442.0000,0.0000,0.0000,0.0000,0.0000,2443.0000,0.0000,0.0000,0.0000,0.0000,143,0,0,0,0,1,0,0,0,0
zc,WS209,2012-06-26 09:00:13.463,2442.0000,206868,0,0.0000,4.0000,2,2,空换,S,2442.0000,0.0000,0.0000,0.0000,0.0000,2443.0000,0.0000,0.0000,0.0000,0.0000,141,0,0,0,0,178,0,0,0,0
zc,WS209,2012-06-26 09:00:14.277,2442.0000,206908,40,0.0000,164.0000,102,62,空开,S,2442.0000,0.0000,0.0000,0.0000,0.0000,2443.0000,0.0000,0.0000,0.0000,0.0000,62,0,0,0,0,166,0,0,0,0
zc,WS209,2012-06-26 09:00:14.760,2442.0000,206910,2,0.0000,68.0000,35,33,空开,S,2442.0000,0.0000,0.0000,0.0000,0.0000,2443.0000,0.0000,0.0000,0.0000,0.0000,28,0,0,0,0,159,0,0,0,0
zc,WS209,2012-06-26 09:00:15.493,2443.0000,206910,0,0.0000,20.0000,10,10,多换,B,2442.0000,0.0000,0.0000,0.0000,0.0000,2443.0000,0.0000,0.0000,0.0000,0.0000,19,0,0,0,0,157,0,0,0,0
zc,WS209,2012-06-26 09:00:16.027,2442.0000,206910,0,0.0000,28.0000,14,14,空换,S,2442.0000,0.0000,0.0000,0.0000,0.0000,2443.0000,0.0000,0.0000,0.0000,0.0000,6,0,0,0,0,146,0,0,0,0
zc,WS209,2012-06-26 09:00:16.727,2442.0000,206908,-2,0.0000,12.0000,5,7,多平,S,2441.0000,0.0000,0.0000,0.0000,0.0000,2442.0000,0.0000,0.0000,0.0000,0.0000,9,0,0,0,0,19,0,0,0,0
zc,WS209,2012-06-26 09:00:17.540,2442.0000,206908,0,0.0000,0.0000,0,0,空换,S,2441.0000,0.0000,0.0000,0.0000,0.0000,2442.0000,0.0000,0.0000,0.0000,0.0000,11,0,0,0,0,19,0,0,0,0
zc,WS209,2012-06-26 09:00:18.493,2441.0000,206910,2,0.0000,16.0000,9,7,空开,S,2441.0000,0.0000,0.0000,0.0000,0.0000,2442.0000,0.0000,0.0000,0.0000,0.0000,5,0,0,0,0,23,0,0,0,0
zc,WS209,2012-06-26 09:00:19.527,2441.0000,206916,6,0.0000,14.0000,10,4,空开,S,2441.0000,0.0000,0.0000,0.0000,0.0000,2442.0000,0.0000,0.0000,0.0000,0.0000,3,0,0,0,0,18,0,0,0,0
zc,WS209,2012-06-26 09:00:20.510,2441.0000,206940,24,0.0000,26.0000,25,1,空开,S,2441.0000,0.0000,0.0000,0.0000,0.0000,2442.0000,0.0000,0.0000,0.0000,0.0000,25,0,0,0,0,28,0,0,0,0
zc,WS209,2012-06-26 09:00:21.213,2441.0000,206940,0,0.0000,4.0000,2,2,空换,S,2441.0000,0.0000,0.0000,0.0000,0.0000,2442.0000,0.0000,0.0000,0.0000,0.0000,24,0,0,0,0,27,0,0,0,0
zc,WS209,2012-06-26 09:00:21.417,2442.0000,206940,0,0.0000,30.0000,15,15,多换,B,2441.0000,0.0000,0.0000,0.0000,0.0000,2442.0000,0.0000,0.0000,0.0000,0.0000,9,0,0,0,0,15,0,0,0,0
zc,WS209,2012-06-26 09:00:22.197,2442.0000,206946,6,0.0000,30.0000,18,12,多开,B,2441.0000,0.0000,0.0000,0.0000,0.0000,2442.0000,0.0000,0.0000,0.0000,0.0000,24,0,0,0,0,1,0,0,0,0
zc,WS209,2012-06-26 09:00:23.243,2441.0000,206960,14,0.0000,16.0000,15,1,空开,S,2441.0000,0.0000,0.0000,0.0000,0.0000,2443.0000,0.0000,0.0000,0.0000,0.0000,17,0,0,0,0,8,0,0,0,0
zc,WS209,2012-06-26 09:00:23.760,2441.0000,206968,8,0.0000,8.0000,8,0,双开,S,2442.0000,0.0000,0.0000,0.0000,0.0000,2443.0000,0.0000,0.0000,0.0000,0.0000,2,0,0,0,0,8,0,0,0,0
zc,WS209,2012-06-26 09:00:24.510,2441.0000,206968,0,0.0000,0.0000,0,0,空换,S,2442.0000,0.0000,0.0000,0.0000,0.0000,2443.0000,0.0000,0.0000,0.0000,0.0000,11,0,0,0,0,8,0,0,0,0
zc,WS209,2012-06-26 09:00:25.697,2441.0000,206968,0,0.0000,0.0000,0,0,空换,S,2442.0000,0.0000,0.0000,0.0000,0.0000,2443.0000,0.0000,0.0000,0.0000,0.0000,12,0,0,0,0,59,0,0,0,0
zc,WS209,2012-06-26 09:00:26.510,2441.0000,206968,0,0.0000,0.0000,0,0,空换,S,2442.0000,0.0000,0.0000,0.0000,0.0000,2443.0000,0.0000,0.0000,0.0000,0.0000,13,0,0,0,0,60,0,0,0,0
zc,WS209,2012-06-26 09:00:26.947,2443.0000,206970,2,0.0000,6.0000,4,2,多开,B,2442.0000,0.0000,0.0000,0.0000,0.0000,2443.0000,0.0000,0.0000,0.0000,0.0000,10,0,0,0,0,69,0,0,0,0
zc,WS209,2012-06-26 09:00:27.697,2442.0000,207082,112,0.0000,152.0000,132,20,空开,S,2442.0000,0.0000,0.0000,0.0000,0.0000,2445.0000,0.0000,0.0000,0.0000,0.0000,26,0,0,0,0,31,0,0,0,0
zc,WS209,2012-06-26 09:00:28.197,2443.0000,207086,4,0.0000,26.0000,15,11,多开,B,2443.0000,0.0000,0.0000,0.0000,0.0000,2445.0000,0.0000,0.0000,0.0000,0.0000,11,0,0,0,0,15,0,0,0,0
zc,WS209,2012-06-26 09:00:28.900,2442.0000,207086,0,0.0000,2.0000,1,1,空换,S,2443.0000,0.0000,0.0000,0.0000,0.0000,2445.0000,0.0000,0.0000,0.0000,0.0000,4,0,0,0,0,15,0,0,0,0
zc,WS209,2012-06-26 09:00:29.493,2445.0000,207086,0,0.0000,2.0000,1,1,多换,B,2443.0000,0.0000,0.0000,0.0000,0.0000,2445.0000,0.0000,0.0000,0.0000,0.0000,89,0,0,0,0,14,0,0,0,0
zc,WS209,2012-06-26 09:00:30.227,2445.0000,207086,0,0.0000,4.0000,2,2,多换,B,2443.0000,0.0000,0.0000,0.0000,0.0000,2445.0000,0.0000,0.0000,0.0000,0.0000,81,0,0,0,0,9,0,0,0,0
zc,WS209,2012-06-26 09:00:30.777,2443.0000,207088,2,0.0000,2.0000,2,0,双开,S,2443.0000,0.0000,0.0000,0.0000,0.0000,2445.0000,0.0000,0.0000,0.0000,0.0000,82,0,0,0,0,29,0,0,0,0
zc,WS209,2012-06-26 09:00:31.477,2445.0000,207088,0,0.0000,4.0000,2,2,多换,B,2443.0000,0.0000,0.0000,0.0000,0.0000,2445.0000,0.0000,0.0000,0.0000,0.0000,82,0,0,0,0,18,0,0,0,0
zc,WS209,2012-06-26 09:00:31.963,2443.0000,207090,2,0.0000,2.0000,2,0,双开,S,2443.0000,0.0000,0.0000,0.0000,0.0000,2445.0000,0.0000,0.0000,0.0000,0.0000,81,0,0,0,0,57,0,0,0,0
zc,WS209,2012-06-26 09:00:32.743,2443.0000,207090,0,0.0000,2.0000,1,1,空换,S,2443.0000,0.0000,0.0000,0.0000,0.0000,2444.0000,0.0000,0.0000,0.0000,0.0000,80,0,0,0,0,12,0,0,0,0
zc,WS209,2012-06-26 09:00:33.197,2444.0000,207092,2,0.0000,2.0000,2,0,双开,B,2443.0000,0.0000,0.0000,0.0000,0.0000,2444.0000,0.0000,0.0000,0.0000,0.0000,80,0,0,0,0,11,0,0,0,0
zc,WS209,2012-06-26 09:00:34.463,2444.0000,207092,0,0.0000,0.0000,0,0,多换,B,2443.0000,0.0000,0.0000,0.0000,0.0000,2444.0000,0.0000,0.0000,0.0000,0.0000,81,0,0,0,0,55,0,0,0,0
zc,WS209,2012-06-26 09:00:35.213,2444.0000,207092,0,0.0000,0.0000,0,0,多换,B,2443.0000,0.0000,0.0000,0.0000,0.0000,2444.0000,0.0000,0.0000,0.0000,0.0000,81,0,0,0,0,101,0,0,0,0
zc,WS209,2012-06-26 09:00:35.680,2444.0000,207092,0,0.0000,0.0000,0,0,多换,B,2443.0000,0.0000,0.0000,0.0000,0.0000,2444.0000,0.0000,0.0000,0.0000,0.0000,81,0,0,0,0,87,0,0,0,0
zc,WS209,2012-06-26 09:00:36.477,2443.0000,207092,0,0.0000,28.0000,14,14,空换,S,2443.0000,0.0000,0.0000,0.0000,0.0000,2444.0000,0.0000,0.0000,0.0000,0.0000,67,0,0,0,0,89,0,0,0,0
zc,WS209,2012-06-26 09:00:37.010,2443.0000,207092,0,0.0000,0.0000,0,0,空换,S,2443.0000,0.0000,0.0000,0.0000,0.0000,2444.0000,0.0000,0.0000,0.0000,0.0000,67,0,0,0,0,14,0,0,0,0
zc,WS209,2012-06-26 09:00:37.727,2443.0000,207092,0,0.0000,0.0000,0,0,空换,S,2443.0000,0.0000,0.0000,0.0000,0.0000,2444.0000,0.0000,0.0000,0.0000,0.0000,67,0,0,0,0,16,0,0,0,0
zc,WS209,2012-06-26 09:00:38.727,2443.0000,207090,-2,0.0000,168.0000,83,85,多平,S,2442.0000,0.0000,0.0000,0.0000,0.0000,2443.0000,0.0000,0.0000,0.0000,0.0000,4,0,0,0,0,29,0,0,0,0
zc,WS209,2012-06-26 09:00:39.260,2443.0000,207092,2,0.0000,2.0000,2,0,双开,S,2442.0000,0.0000,0.0000,0.0000,0.0000,2444.0000,0.0000,0.0000,0.0000,0.0000,4,0,0,0,0,21,0,0,0,0
zc,WS209,2012-06-26 09:00:39.743,2443.0000,207092,0,0.0000,0.0000,0,0,空换,S,2443.0000,0.0000,0.0000,0.0000,0.0000,2444.0000,0.0000,0.0000,0.0000,0.0000,2,0,0,0,0,42,0,0,0,0
zc,WS209,2012-06-26 09:00:40.463,2443.0000,207092,0,0.0000,2.0000,1,1,空换,S,2443.0000,0.0000,0.0000,0.0000,0.0000,2444.0000,0.0000,0.0000,0.0000,0.0000,1,0,0,0,0,50,0,0,0,0
zc,WS209,2012-06-26 09:00:40.930,2443.0000,207086,-6,0.0000,8.0000,1,7,多平,S,2442.0000,0.0000,0.0000,0.0000,0.0000,2443.0000,0.0000,0.0000,0.0000,0.0000,4,0,0,0,0,8,0,0,0,0
zc,WS209,2012-06-26 09:00:41.697,2443.0000,207086,0,0.0000,0.0000,0,0,空换,S,2442.0000,0.0000,0.0000,0.0000,0.0000,2443.0000,0.0000,0.0000,0.0000,0.0000,13,0,0,0,0,9,0,0,0,0
zc,WS209,2012-06-26 09:00:42.243,2442.0000,207088,2,0.0000,8.0000,5,3,空开,S,2442.0000,0.0000,0.0000,0.0000,0.0000,2443.0000,0.0000,0.0000,0.0000,0.0000,10,0,0,0,0,14,0,0,0,0
zc,WS209,2012-06-26 09:00:42.930,2443.0000,207088,0,0.0000,12.0000,6,6,多换,B,2442.0000,0.0000,0.0000,0.0000,0.0000,2443.0000,0.0000,0.0000,0.0000,0.0000,10,0,0,0,0,11,0,0,0,0
zc,WS209,2012-06-26 09:00:43.447,2443.0000,207096,8,0.0000,10.0000,9,1,多开,B,2442.0000,0.0000,0.0000,0.0000,0.0000,2443.0000,0.0000,0.0000,0.0000,0.0000,34,0,0,0,0,16,0,0,0,0
zc,WS209,2012-06-26 09:00:44.260,2443.0000,207096,0,0.0000,0.0000,0,0,多换,B,2442.0000,0.0000,0.0000,0.0000,0.0000,2443.0000,0.0000,0.0000,0.0000,0.0000,31,0,0,0,0,16,0,0,0,0
zc,WS209,2012-06-26 09:00:44.743,2443.0000,207096,0,0.0000,0.0000,0,0,多换,B,2442.0000,0.0000,0.0000,0.0000,0.0000,2443.0000,0.0000,0.0000,0.0000,0.0000,34,0,0,0,0,16,0,0,0,0
zc,WS209,2012-06-26 09:00:45.527,2443.0000,207096,0,0.0000,0.0000,0,0,多换,B,2442.0000,0.0000,0.0000,0.0000,0.0000,2443.0000,0.0000,0.0000,0.0000,0.0000,34,0,0,0,0,17,0,0,0,0
zc,WS209,2012-06-26 09:00:45.993,2443.0000,207098,2,0.0000,26.0000,14,12,多开,B,2442.0000,0.0000,0.0000,0.0000,0.0000,2443.0000,0.0000,0.0000,0.0000,0.0000,21,0,0,0,0,6,0,0,0,0
zc,WS209,2012-06-26 09:00:46.727,2443.0000,207098,0,0.0000,8.0000,4,4,多换,B,2442.0000,0.0000,0.0000,0.0000,0.0000,2443.0000,0.0000,0.0000,0.0000,0.0000,8,0,0,0,0,12,0,0,0,0
zc,WS209,2012-06-26 09:00:47.493,2442.0000,207098,0,0.0000,4.0000,2,2,空换,S,2442.0000,0.0000,0.0000,0.0000,0.0000,2443.0000,0.0000,0.0000,0.0000,0.0000,3,0,0,0,0,21,0,0,0,0
zc,WS209,2012-06-26 09:00:47.993,2443.0000,207100,2,0.0000,20.0000,11,9,多开,B,2442.0000,0.0000,0.0000,0.0000,0.0000,2443.0000,0.0000,0.0000,0.0000,0.0000,3,0,0,0,0,12,0,0,0,0
zc,WS209,2012-06-26 09:00:48.777,2443.0000,207102,2,0.0000,4.0000,3,1,多开,B,2442.0000,0.0000,0.0000,0.0000,0.0000,2443.0000,0.0000,0.0000,0.0000,0.0000,22,0,0,0,0,1,0,0,0,0
zc,WS209,2012-06-26 09:00:49.243,2442.0000,207108,6,0.0000,100.0000,53,47,空开,S,2442.0000,0.0000,0.0000,0.0000,0.0000,2443.0000,0.0000,0.0000,0.0000,0.0000,25,0,0,0,0,3,0,0,0,0
zc,WS209,2012-06-26 09:00:49.993,2442.0000,207108,0,0.0000,0.0000,0,0,空换,S,2442.0000,0.0000,0.0000,0.0000,0.0000,2443.0000,0.0000,0.0000,0.0000,0.0000,25,0,0,0,0,26,0,0,0,0
zc,WS209,2012-06-26 09:00:50.743,2442.0000,207106,-2,0.0000,2.0000,0,2,双平,S,2442.0000,0.0000,0.0000,0.0000,0.0000,2443.0000,0.0000,0.0000,0.0000,0.0000,24,0,0,0,0,27,0,0,0,0
zc,WS209,2012-06-26 09:00:51.227,2442.0000,207106,0,0.0000,0.0000,0,0,空换,S,2442.0000,0.0000,0.0000,0.0000,0.0000,2443.0000,0.0000,0.0000,0.0000,0.0000,24,0,0,0,0,30,0,0,0,0
zc,WS209,2012-06-26 09:00:51.977,2442.0000,207066,-40,0.0000,50.0000,5,45,多平,S,2442.0000,0.0000,0.0000,0.0000,0.0000,2443.0000,0.0000,0.0000,0.0000,0.0000,4,0,0,0,0,30,0,0,0,0
zc,WS209,2012-06-26 09:00:52.777,2442.0000,207064,-2,0.0000,2.0000,0,2,双平,S,2442.0000,0.0000,0.0000,0.0000,0.0000,2443.0000,0.0000,0.0000,0.0000,0.0000,3,0,0,0,0,32,0,0,0,0
zc,WS209,2012-06-26 09:00:53.243,2442.0000,207062,-2,0.0000,2.0000,0,2,双平,S,2442.0000,0.0000,0.0000,0.0000,0.0000,2443.0000,0.0000,0.0000,0.0000,0.0000,2,0,0,0,0,62,0,0,0,0
zc,WS209,2012-06-26 09:00:53.947,2442.0000,207060,-2,0.0000,4.0000,1,3,多平,S,2441.0000,0.0000,0.0000,0.0000,0.0000,2442.0000,0.0000,0.0000,0.0000,0.0000,86,0,0,0,0,10,0,0,0,0
zc,WS209,2012-06-26 09:00:54.447,2442.0000,207060,0,0.0000,0.0000,0,0,空换,S,2441.0000,0.0000,0.0000,0.0000,0.0000,2442.0000,0.0000,0.0000,0.0000,0.0000,86,0,0,0,0,13,0,0,0,0
zc,WS209,2012-06-26 09:00:55.213,2442.0000,207066,6,0.0000,34.0000,20,14,空开,S,2441.0000,0.0000,0.0000,0.0000,0.0000,2443.0000,0.0000,0.0000,0.0000,0.0000,71,0,0,0,0,54,0,0,0,0
zc,WS209,2012-06-26 09:00:55.650,2443.0000,207044,-22,0.0000,40.0000,9,31,空平,B,2442.0000,0.0000,0.0000,0.0000,0.0000,2443.0000,0.0000,0.0000,0.0000,0.0000,5,0,0,0,0,33,0,0,0,0
zc,WS209,2012-06-26 09:00:56.447,2442.0000,207042,-2,0.0000,6.0000,2,4,多平,S,2441.0000,0.0000,0.0000,0.0000,0.0000,2442.0000,0.0000,0.0000,0.0000,0.0000,61,0,0,0,0,20,0,0,0,0
zc,WS209,2012-06-26 09:00:56.930,2441.0000,207040,-2,0.0000,12.0000,5,7,多平,S,2441.0000,0.0000,0.0000,0.0000,0.0000,2442.0000,0.0000,0.0000,0.0000,0.0000,55,0,0,0,0,10,0,0,0,0
zc,WS209,2012-06-26 09:00:57.760,2442.0000,207040,0,0.0000,8.0000,4,4,多换,B,2441.0000,0.0000,0.0000,0.0000,0.0000,2443.0000,0.0000,0.0000,0.0000,0.0000,57,0,0,0,0,84,0,0,0,0
zc,WS209,2012-06-26 09:00:57.930,2441.0000,207036,-4,0.0000,8.0000,2,6,多平,S,2441.0000,0.0000,0.0000,0.0000,0.0000,2442.0000,0.0000,0.0000,0.0000,0.0000,55,0,0,0,0,1,0,0,0,0
zc,WS209,2012-06-26 09:00:59.243,2442.0000,207038,2,0.0000,2.0000,2,0,双开,B,2441.0000,0.0000,0.0000,0.0000,0.0000,2442.0000,0.0000,0.0000,0.0000,0.0000,54,0,0,0,0,18,0,0,0,0
zc,WS209,2012-06-26 09:00:59.713,2442.0000,207038,0,0.0000,4.0000,2,2,多换,B,2441.0000,0.0000,0.0000,0.0000,0.0000,2442.0000,0.0000,0.0000,0.0000,0.0000,54,0,0,0,0,16,0,0,0,0
zc,WS209,2012-06-26 09:01:00.477,2442.0000,207038,0,0.0000,2.0000,1,1,多换,B,2441.0000,0.0000,0.0000,0.0000,0.0000,2442.0000,0.0000,0.0000,0.0000,0.0000,54,0,0,0,0,15,0,0,0,0
zc,WS209,2012-06-26 09:01:01.010,2441.0000,206952,-86,0.0000,88.0000,1,87,多平,S,2441.0000,0.0000,0.0000,0.0000,0.0000,2442.0000,0.0000,0.0000,0.0000,0.0000,10,0,0,0,0,32,0,0,0,0
zc,WS209,2012-06-26 09:01:01.760,2441.0000,206946,-6,0.0000,16.0000,5,11,多平,S,2441.0000,0.0000,0.0000,0.0000,0.0000,2442.0000,0.0000,0.0000,0.0000,0.0000,3,0,0,0,0,31,0,0,0,0
zc,WS209,2012-06-26 09:01:02.477,2441.0000,206946,0,0.0000,6.0000,3,3,空换,S,2441.0000,0.0000,0.0000,0.0000,0.0000,2442.0000,0.0000,0.0000,0.0000,0.0000,1,0,0,0,0,28,0,0,0,0
zc,WS209,2012-06-26 09:01:03.227,2441.0000,206948,2,0.0000,4.0000,3,1,空开,S,2440.0000,0.0000,0.0000,0.0000,0.0000,2441.0000,0.0000,0.0000,0.0000,0.0000,69,0,0,0,0,23,0,0,0,0
zc,WS209,2012-06-26 09:01:04.463,2440.0000,206948,0,0.0000,4.0000,2,2,空换,S,2440.0000,0.0000,0.0000,0.0000,0.0000,2441.0000,0.0000,0.0000,0.0000,0.0000,69,0,0,0,0,23,0,0,0,0
zc,WS209,2012-06-26 09:01:04.930,2440.0000,206950,2,0.0000,2.0000,2,0,双开,S,2440.0000,0.0000,0.0000,0.0000,0.0000,2441.0000,0.0000,0.0000,0.0000,0.0000,66,0,0,0,0,27,0,0,0,0
zc,WS209,2012-06-26 09:01:05.727,2441.0000,206950,0,0.0000,4.0000,2,2,多换,B,2440.0000,0.0000,0.0000,0.0000,0.0000,2441.0000,0.0000,0.0000,0.0000,0.0000,116,0,0,0,0,25,0,0,0,0
zc,WS209,2012-06-26 09:01:06.197,2441.0000,206950,0,0.0000,4.0000,2,2,多换,B,2440.0000,0.0000,0.0000,0.0000,0.0000,2441.0000,0.0000,0.0000,0.0000,0.0000,116,0,0,0,0,23,0,0,0,0
zc,WS209,2012-06-26 09:01:06.977,2440.0000,206950,0,0.0000,2.0000,1,1,空换,S,2440.0000,0.0000,0.0000,0.0000,0.0000,2441.0000,0.0000,0.0000,0.0000,0.0000,115,0,0,0,0,23,0,0,0,0
zc,WS209,2012-06-26 09:01:07.447,2440.0000,206950,0,0.0000,0.0000,0,0,空换,S,2440.0000,0.0000,0.0000,0.0000,0.0000,2441.0000,0.0000,0.0000,0.0000,0.0000,115,0,0,0,0,26,0,0,0,0
zc,WS209,2012-06-26 09:01:08.540,2440.0000,206970,20,0.0000,24.0000,22,2,空开,S,2440.0000,0.0000,0.0000,0.0000,0.0000,2441.0000,0.0000,0.0000,0.0000,0.0000,103,0,0,0,0,29,0,0,0,0
zc,WS209,2012-06-26 09:01:08.963,2440.0000,206970,0,0.0000,0.0000,0,0,空换,S,2440.0000,0.0000,0.0000,0.0000,0.0000,2441.0000,0.0000,0.0000,0.0000,0.0000,103,0,0,0,0,31,0,0,0,0
zc,WS209,2012-06-26 09:01:09.697,2440.0000,206952,-18,0.0000,18.0000,0,18,双平,S,2440.0000,0.0000,0.0000,0.0000,0.0000,2441.0000,0.0000,0.0000,0.0000,0.0000,95,0,0,0,0,31,0,0,0,0
zc,WS209,2012-06-26 09:01:10.180,2440.0000,206952,0,0.0000,0.0000,0,0,空换,S,2440.0000,0.0000,0.0000,0.0000,0.0000,2441.0000,0.0000,0.0000,0.0000,0.0000,95,0,0,0,0,32,0,0,0,0
zc,WS209,2012-06-26 09:01:12.180,2440.0000,206952,0,0.0000,0.0000,0,0,空换,S,2440.0000,0.0000,0.0000,0.0000,0.0000,2441.0000,0.0000,0.0000,0.0000,0.0000,96,0,0,0,0,32,0,0,0,0
zc,WS209,2012-06-26 09:01:12.697,2440.0000,206934,-18,0.0000,18.0000,0,18,双平,S,2440.0000,0.0000,0.0000,0.0000,0.0000,2441.0000,0.0000,0.0000,0.0000,0.0000,87,0,0,0,0,24,0,0,0,0
zc,WS209,2012-06-26 09:01:13.167,2440.0000,206934,0,0.0000,0.0000,0,0,空换,S,2440.0000,0.0000,0.0000,0.0000,0.0000,2441.0000,0.0000,0.0000,0.0000,0.0000,91,0,0,0,0,24,0,0,0,0
zc,WS209,2012-06-26 09:01:13.743,2440.0000,206908,-26,0.0000,112.0000,43,69,多平,S,2440.0000,0.0000,0.0000,0.0000,0.0000,2441.0000,0.0000,0.0000,0.0000,0.0000,33,0,0,0,0,18,0,0,0,0
zc,WS209,2012-06-26 09:01:14.493,2440.0000,206906,-2,0.0000,2.0000,0,2,双平,S,2440.0000,0.0000,0.0000,0.0000,0.0000,2441.0000,0.0000,0.0000,0.0000,0.0000,32,0,0,0,0,48,0,0,0,0
zc,WS209,2012-06-26 09:01:14.963,2440.0000,206906,0,0.0000,0.0000,0,0,空换,S,2440.0000,0.0000,0.0000,0.0000,0.0000,2441.0000,0.0000,0.0000,0.0000,0.0000,33,0,0,0,0,48,0,0,0,0
zc,WS209,2012-06-26 09:01:15.680,2440.0000,206866,-40,0.0000,42.0000,1,41,多平,S,2440.0000,0.0000,0.0000,0.0000,0.0000,2441.0000,0.0000,0.0000,0.0000,0.0000,13,0,0,0,0,27,0,0,0,0
zc,WS209,2012-06-26 09:01:16.213,2440.0000,206856,-10,0.0000,16.0000,3,13,多平,S,2440.0000,0.0000,0.0000,0.0000,0.0000,2441.0000,0.0000,0.0000,0.0000,0.0000,6,0,0,0,0,19,0,0,0,0
zc,WS209,2012-06-26 09:01:17.447,2440.0000,206856,0,0.0000,12.0000,6,6,空换,S,2439.0000,0.0000,0.0000,0.0000,0.0000,2440.0000,0.0000,0.0000,0.0000,0.0000,9,0,0,0,0,5,0,0,0,0
zc,WS209,2012-06-26 09:01:18.477,2442.0000,206868,12,0.0000,70.0000,41,29,多开,B,2439.0000,0.0000,0.0000,0.0000,0.0000,2442.0000,0.0000,0.0000,0.0000,0.0000,10,0,0,0,0,49,0,0,0,0
zc,WS209,2012-06-26 09:01:19.010,2442.0000,206868,0,0.0000,0.0000,0,0,多换,B,2440.0000,0.0000,0.0000,0.0000,0.0000,2442.0000,0.0000,0.0000,0.0000,0.0000,1,0,0,0,0,49,0,0,0,0
zc,WS209,2012-06-26 09:01:19.697,2442.0000,206868,0,0.0000,0.0000,0,0,多换,B,2440.0000,0.0000,0.0000,0.0000,0.0000,2442.0000,0.0000,0.0000,0.0000,0.0000,2,0,0,0,0,49,0,0,0,0
zc,WS209,2012-06-26 09:01:20.930,2442.0000,206868,0,0.0000,0.0000,0,0,多换,B,2440.0000,0.0000,0.0000,0.0000,0.0000,2441.0000,0.0000,0.0000,0.0000,0.0000,23,0,0,0,0,3,0,0,0,0
zc,WS209,2012-06-26 09:01:21.493,2442.0000,206868,0,0.0000,0.0000,0,0,多换,B,2440.0000,0.0000,0.0000,0.0000,0.0000,2441.0000,0.0000,0.0000,0.0000,0.0000,23,0,0,0,0,53,0,0,0,0
zc,WS209,2012-06-26 09:01:22.197,2442.0000,206868,0,0.0000,0.0000,0,0,多换,B,2440.0000,0.0000,0.0000,0.0000,0.0000,2441.0000,0.0000,0.0000,0.0000,0.0000,23,0,0,0,0,88,0,0,0,0
zc,WS209,2012-06-26 09:01:22.713,2440.0000,206866,-2,0.0000,4.0000,1,3,多平,S,2440.0000,0.0000,0.0000,0.0000,0.0000,2441.0000,0.0000,0.0000,0.0000,0.0000,21,0,0,0,0,88,0,0,0,0
zc,WS209,2012-06-26 09:01:23.213,2440.0000,206866,0,0.0000,0.0000,0,0,空换,S,2440.0000,0.0000,0.0000,0.0000,0.0000,2441.0000,0.0000,0.0000,0.0000,0.0000,22,0,0,0,0,51,0,0,0,0
zc,WS209,2012-06-26 09:01:23.947,2441.0000,206866,0,0.0000,2.0000,1,1,多换,B,2440.0000,0.0000,0.0000,0.0000,0.0000,2441.0000,0.0000,0.0000,0.0000,0.0000,28,0,0,0,0,37,0,0,0,0
zc,WS209,2012-06-26 09:01:24.493,2441.0000,206866,0,0.0000,4.0000,2,2,多换,B,2440.0000,0.0000,0.0000,0.0000,0.0000,2441.0000,0.0000,0.0000,0.0000,0.0000,27,0,0,0,0,35,0,0,0,0
zc,WS209,2012-06-26 09:01:25.243,2441.0000,206920,54,0.0000,54.0000,54,0,双开,B,2440.0000,0.0000,0.0000,0.0000,0.0000,2441.0000,0.0000,0.0000,0.0000,0.0000,68,0,0,0,0,9,0,0,0,0
zc,WS209,2012-06-26 09:01:25.743,2441.0000,206928,8,0.0000,8.0000,8,0,双开,B,2440.0000,0.0000,0.0000,0.0000,0.0000,2441.0000,0.0000,0.0000,0.0000,0.0000,64,0,0,0,0,5,0,0,0,0
zc,WS209,2012-06-26 09:01:26.417,2441.0000,206928,0,0.0000,28.0000,14,14,多换,B,2441.0000,0.0000,0.0000,0.0000,0.0000,2442.0000,0.0000,0.0000,0.0000,0.0000,36,0,0,0,0,59,0,0,0,0
zc,WS209,2012-06-26 09:01:27.697,2441.0000,206930,2,0.0000,6.0000,4,2,多开,B,2441.0000,0.0000,0.0000,0.0000,0.0000,2442.0000,0.0000,0.0000,0.0000,0.0000,33,0,0,0,0,58,0,0,0,0
zc,WS209,2012-06-26 09:01:28.197,2442.0000,206932,2,0.0000,26.0000,14,12,多开,B,2441.0000,0.0000,0.0000,0.0000,0.0000,2442.0000,0.0000,0.0000,0.0000,0.0000,32,0,0,0,0,45,0,0,0,0
zc,WS209,2012-06-26 09:01:28.930,2442.0000,206932,0,0.0000,0.0000,0,0,多换,B,2441.0000,0.0000,0.0000,0.0000,0.0000,2442.0000,0.0000,0.0000,0.0000,0.0000,33,0,0,0,0,64,0,0,0,0
zc,WS209,2012-06-26 09:01:29.447,2442.0000,206936,4,0.0000,124.0000,64,60,多开,B,2441.0000,0.0000,0.0000,0.0000,0.0000,2442.0000,0.0000,0.0000,0.0000,0.0000,32,0,0,0,0,2,0,0,0,0
zc,WS209,2012-06-26 09:01:31.213,2442.0000,206936,0,0.0000,0.0000,0,0,多换,B,2441.0000,0.0000,0.0000,0.0000,0.0000,2442.0000,0.0000,0.0000,0.0000,0.0000,33,0,0,0,0,2,0,0,0,0
zc,WS209,2012-06-26 09:01:31.963,2441.0000,206936,0,0.0000,4.0000,2,2,空换,S,2441.0000,0.0000,0.0000,0.0000,0.0000,2442.0000,0.0000,0.0000,0.0000,0.0000,32,0,0,0,0,1,0,0,0,0
zc,WS209,2012-06-26 09:01:32.430,2441.0000,206936,0,0.0000,0.0000,0,0,空换,S,2441.0000,0.0000,0.0000,0.0000,0.0000,2442.0000,0.0000,0.0000,0.0000,0.0000,38,0,0,0,0,1,0,0,0,0
zc,WS209,2012-06-26 09:01:33.180,2441.0000,206936,0,0.0000,4.0000,2,2,空换,S,2441.0000,0.0000,0.0000,0.0000,0.0000,2442.0000,0.0000,0.0000,0.0000,0.0000,35,0,0,0,0,3,0,0,0,0
zc,WS209,2012-06-26 09:01:33.430,2442.0000,206936,0,0.0000,8.0000,4,4,多换,B,2441.0000,0.0000,0.0000,0.0000,0.0000,2442.0000,0.0000,0.0000,0.0000,0.0000,31,0,0,0,0,4,0,0,0,0
zc,WS209,2012-06-26 09:01:34.150,2442.0000,206936,0,0.0000,0.0000,0,0,多换,B,2441.0000,0.0000,0.0000,0.0000,0.0000,2442.0000,0.0000,0.0000,0.0000,0.0000,38,0,0,0,0,4,0,0,0,0
zc,WS209,2012-06-26 09:01:35.430,2442.0000,206938,2,0.0000,16.0000,9,7,多开,B,2442.0000,0.0000,0.0000,0.0000,0.0000,2443.0000,0.0000,0.0000,0.0000,0.0000,15,0,0,0,0,113,0,0,0,0
zc,WS209,2012-06-26 09:01:35.917,2442.0000,206942,4,0.0000,4.0000,4,0,双开,B,2442.0000,0.0000,0.0000,0.0000,0.0000,2443.0000,0.0000,0.0000,0.0000,0.0000,13,0,0,0,0,114,0,0,0,0
zc,WS209,2012-06-26 09:01:36.417,2442.0000,206942,0,0.0000,0.0000,0,0,多换,B,2442.0000,0.0000,0.0000,0.0000,0.0000,2443.0000,0.0000,0.0000,0.0000,0.0000,14,0,0,0,0,114,0,0,0,0
zc,WS209,2012-06-26 09:01:37.197,2443.0000,206942,0,0.0000,6.0000,3,3,多换,B,2442.0000,0.0000,0.0000,0.0000,0.0000,2443.0000,0.0000,0.0000,0.0000,0.0000,15,0,0,0,0,114,0,0,0,0
zc,WS209,2012-06-26 09:01:37.603,2442.0000,206954,12,0.0000,24.0000,18,6,空开,S,2442.0000,0.0000,0.0000,0.0000,0.0000,2443.0000,0.0000,0.0000,0.0000,0.0000,13,0,0,0,0,104,0,0,0,0
zc,WS209,2012-06-26 09:01:38.430,2442.0000,206956,2,0.0000,16.0000,9,7,空开,S,2442.0000,0.0000,0.0000,0.0000,0.0000,2443.0000,0.0000,0.0000,0.0000,0.0000,9,0,0,0,0,103,0,0,0,0
zc,WS209,2012-06-26 09:01:38.947,2442.0000,206976,20,0.0000,22.0000,21,1,空开,S,2442.0000,0.0000,0.0000,0.0000,0.0000,2443.0000,0.0000,0.0000,0.0000,0.0000,28,0,0,0,0,103,0,0,0,0
zc,WS209,2012-06-26 09:01:39.680,2442.0000,206976,0,0.0000,26.0000,13,13,空换,S,2442.0000,0.0000,0.0000,0.0000,0.0000,2443.0000,0.0000,0.0000,0.0000,0.0000,16,0,0,0,0,124,0,0,0,0
zc,WS209,2012-06-26 09:01:40.167,2442.0000,206984,8,0.0000,8.0000,8,0,双开,S,2442.0000,0.0000,0.0000,0.0000,0.0000,2443.0000,0.0000,0.0000,0.0000,0.0000,12,0,0,0,0,123,0,0,0,0
zc,WS209,2012-06-26 09:01:41.477,2443.0000,206988,4,0.0000,10.0000,7,3,多开,B,2442.0000,0.0000,0.0000,0.0000,0.0000,2443.0000,0.0000,0.0000,0.0000,0.0000,36,0,0,0,0,121,0,0,0,0
zc,WS209,2012-06-26 09:01:42.180,2443.0000,206996,8,0.0000,26.0000,17,9,多开,B,2442.0000,0.0000,0.0000,0.0000,0.0000,2443.0000,0.0000,0.0000,0.0000,0.0000,23,0,0,0,0,117,0,0,0,0
zc,WS209,2012-06-26 09:01:42.447,2443.0000,207046,50,0.0000,60.0000,55,5,多开,B,2442.0000,0.0000,0.0000,0.0000,0.0000,2443.0000,0.0000,0.0000,0.0000,0.0000,23,0,0,0,0,94,0,0,0,0
zc,WS209,2012-06-26 09:01:43.197,2443.0000,207046,0,0.0000,32.0000,16,16,多换,B,2442.0000,0.0000,0.0000,0.0000,0.0000,2443.0000,0.0000,0.0000,0.0000,0.0000,7,0,0,0,0,78,0,0,0,0
zc,WS209,2012-06-26 09:01:43.883,2442.0000,207046,0,0.0000,2.0000,1,1,空换,S,2442.0000,0.0000,0.0000,0.0000,0.0000,2443.0000,0.0000,0.0000,0.0000,0.0000,7,0,0,0,0,78,0,0,0,0
zc,WS209,2012-06-26 09:01:44.417,2442.0000,207046,0,0.0000,0.0000,0,0,空换,S,2442.0000,0.0000,0.0000,0.0000,0.0000,2443.0000,0.0000,0.0000,0.0000,0.0000,7,0,0,0,0,122,0,0,0,0
zc,WS209,2012-06-26 09:01:45.197,2442.0000,207046,0,0.0000,0.0000,0,0,空换,S,2442.0000,0.0000,0.0000,0.0000,0.0000,2443.0000,0.0000,0.0000,0.0000,0.0000,7,0,0,0,0,129,0,0,0,0
zc,WS209,2012-06-26 09:01:45.697,2442.0000,207060,14,0.0000,16.0000,15,1,空开,S,2441.0000,0.0000,0.0000,0.0000,0.0000,2442.0000,0.0000,0.0000,0.0000,0.0000,21,0,0,0,0,43,0,0,0,0
zc,WS209,2012-06-26 09:01:46.180,2442.0000,207062,2,0.0000,2.0000,2,0,双开,S,2441.0000,0.0000,0.0000,0.0000,0.0000,2442.0000,0.0000,0.0000,0.0000,0.0000,21,0,0,0,0,42,0,0,0,0
zc,WS209,2012-06-26 09:01:46.697,2442.0000,207062,0,0.0000,0.0000,0,0,空换,S,2441.0000,0.0000,0.0000,0.0000,0.0000,2442.0000,0.0000,0.0000,0.0000,0.0000,21,0,0,0,0,46,0,0,0,0
zc,WS209,2012-06-26 09:01:47.430,2442.0000,207064,2,0.0000,2.0000,2,0,双开,S,2441.0000,0.0000,0.0000,0.0000,0.0000,2442.0000,0.0000,0.0000,0.0000,0.0000,21,0,0,0,0,46,0,0,0,0
zc,WS209,2012-06-26 09:01:47.947,2442.0000,207064,0,0.0000,0.0000,0,0,空换,S,2441.0000,0.0000,0.0000,0.0000,0.0000,2442.0000,0.0000,0.0000,0.0000,0.0000,21,0,0,0,0,44,0,0,0,0
zc,WS209,2012-06-26 09:01:48.963,2442.0000,207064,0,0.0000,2.0000,1,1,空换,S,2441.0000,0.0000,0.0000,0.0000,0.0000,2442.0000,0.0000,0.0000,0.0000,0.0000,21,0,0,0,0,43,0,0,0,0
zc,WS209,2012-06-26 09:01:51.227,2442.0000,207070,6,0.0000,8.0000,7,1,空开,S,2441.0000,0.0000,0.0000,0.0000,0.0000,2442.0000,0.0000,0.0000,0.0000,0.0000,22,0,0,0,0,40,0,0,0,0
zc,WS209,2012-06-26 09:01:51.760,2442.0000,207070,0,0.0000,0.0000,0,0,空换,S,2441.0000,0.0000,0.0000,0.0000,0.0000,2442.0000,0.0000,0.0000,0.0000,0.0000,19,0,0,0,0,40,0,0,0,0
zc,WS209,2012-06-26 09:01:53.477,2442.0000,207070,0,0.0000,0.0000,0,0,空换,S,2441.0000,0.0000,0.0000,0.0000,0.0000,2442.0000,0.0000,0.0000,0.0000,0.0000,19,0,0,0,0,90,0,0,0,0
zc,WS209,2012-06-26 09:01:55.713,2442.0000,207070,0,0.0000,0.0000,0,0,空换,S,2441.0000,0.0000,0.0000,0.0000,0.0000,2442.0000,0.0000,0.0000,0.0000,0.0000,19,0,0,0,0,71,0,0,0,0
zc,WS209,2012-06-26 09:01:56.417,2442.0000,207070,0,0.0000,0.0000,0,0,空换,S,2441.0000,0.0000,0.0000,0.0000,0.0000,2442.0000,0.0000,0.0000,0.0000,0.0000,19,0,0,0,0,41,0,0,0,0
zc,WS209,2012-06-26 09:01:56.900,2442.0000,207070,0,0.0000,0.0000,0,0,空换,S,2441.0000,0.0000,0.0000,0.0000,0.0000,2442.0000,0.0000,0.0000,0.0000,0.0000,19,0,0,0,0,42,0,0,0,0
zc,WS209,2012-06-26 09:01:57.667,2442.0000,207072,2,0.0000,2.0000,2,0,双开,S,2441.0000,0.0000,0.0000,0.0000,0.0000,2442.0000,0.0000,0.0000,0.0000,0.0000,43,0,0,0,0,41,0,0,0,0
zc,WS209,2012-06-26 09:01:58.133,2441.0000,207072,0,0.0000,100.0000,50,50,空换,S,2440.0000,0.0000,0.0000,0.0000,0.0000,2441.0000,0.0000,0.0000,0.0000,0.0000,107,0,0,0,0,31,0,0,0,0
zc,WS209,2012-06-26 09:01:58.680,2441.0000,207072,0,0.0000,2.0000,1,1,空换,S,2440.0000,0.0000,0.0000,0.0000,0.0000,2441.0000,0.0000,0.0000,0.0000,0.0000,106,0,0,0,0,45,0,0,0,0
zc,WS209,2012-06-26 09:01:59.417,2441.0000,207072,0,0.0000,0.0000,0,0,空换,S,2440.0000,0.0000,0.0000,0.0000,0.0000,2441.0000,0.0000,0.0000,0.0000,0.0000,108,0,0,0,0,45,0,0,0,0
zc,WS209,2012-06-26 09:01:59.963,2441.0000,207072,0,0.0000,26.0000,13,13,空换,S,2440.0000,0.0000,0.0000,0.0000,0.0000,2441.0000,0.0000,0.0000,0.0000,0.0000,100,0,0,0,0,32,0,0,0,0
zc,WS209,2012-06-26 09:02:00.743,2441.0000,207102,30,0.0000,66.0000,48,18,空开,S,2440.0000,0.0000,0.0000,0.0000,0.0000,2441.0000,0.0000,0.0000,0.0000,0.0000,175,0,0,0,0,99,0,0,0,0
zc,WS209,2012-06-26 09:02:01.197,2441.0000,207002,-100,0.0000,100.0000,0,100,双平,S,2440.0000,0.0000,0.0000,0.0000,0.0000,2441.0000,0.0000,0.0000,0.0000,0.0000,185,0,0,0,0,50,0,0,0,0
zc,WS209,2012-06-26 09:02:01.977,2441.0000,206902,-100,0.0000,112.0000,6,106,多平,S,2441.0000,0.0000,0.0000,0.0000,0.0000,2442.0000,0.0000,0.0000,0.0000,0.0000,150,0,0,0,0,42,0,0,0,0
zc,WS209,2012-06-26 09:02:03.417,2441.0000,206902,0,0.0000,0.0000,0,0,空换,S,2441.0000,0.0000,0.0000,0.0000,0.0000,2442.0000,0.0000,0.0000,0.0000,0.0000,151,0,0,0,0,42,0,0,0,0
zc,WS209,2012-06-26 09:02:03.667,2441.0000,206770,-132,0.0000,132.0000,0,132,双平,S,2441.0000,0.0000,0.0000,0.0000,0.0000,2442.0000,0.0000,0.0000,0.0000,0.0000,85,0,0,0,0,42,0,0,0,0
zc,WS209,2012-06-26 09:02:04.447,2441.0000,206770,0,0.0000,0.0000,0,0,空换,S,2441.0000,0.0000,0.0000,0.0000,0.0000,2442.0000,0.0000,0.0000,0.0000,0.0000,85,0,0,0,0,43,0,0,0,0
zc,WS209,2012-06-26 09:02:06.197,2441.0000,206770,0,0.0000,10.0000,5,5,空换,S,2441.0000,0.0000,0.0000,0.0000,0.0000,2442.0000,0.0000,0.0000,0.0000,0.0000,90,0,0,0,0,43,0,0,0,0
zc,WS209,2012-06-26 09:02:06.977,2441.0000,206770,0,0.0000,0.0000,0,0,空换,S,2441.0000,0.0000,0.0000,0.0000,0.0000,2442.0000,0.0000,0.0000,0.0000,0.0000,91,0,0,0,0,47,0,0,0,0
zc,WS209,2012-06-26 09:02:07.463,2441.0000,206770,0,0.0000,0.0000,0,0,空换,S,2441.0000,0.0000,0.0000,0.0000,0.0000,2442.0000,0.0000,0.0000,0.0000,0.0000,91,0,0,0,0,50,0,0,0,0
zc,WS209,2012-06-26 09:02:08.447,2441.0000,206770,0,0.0000,0.0000,0,0,空换,S,2441.0000,0.0000,0.0000,0.0000,0.0000,2442.0000,0.0000,0.0000,0.0000,0.0000,91,0,0,0,0,57,0,0,0,0
zc,WS209,2012-06-26 09:02:08.760,2441.0000,206770,0,0.0000,0.0000,0,0,空换,S,2441.0000,0.0000,0.0000,0.0000,0.0000,2442.0000,0.0000,0.0000,0.0000,0.0000,91,0,0,0,0,115,0,0,0,0
zc,WS209,2012-06-26 09:02:09.713,2441.0000,206770,0,0.0000,0.0000,0,0,空换,S,2441.0000,0.0000,0.0000,0.0000,0.0000,2442.0000,0.0000,0.0000,0.0000,0.0000,91,0,0,0,0,117,0,0,0,0
zc,WS209,2012-06-26 09:02:10.197,2441.0000,206758,-12,0.0000,12.0000,0,12,双平,S,2441.0000,0.0000,0.0000,0.0000,0.0000,2442.0000,0.0000,0.0000,0.0000,0.0000,95,0,0,0,0,117,0,0,0,0
zc,WS209,2012-06-26 09:02:10.977,2441.0000,206758,0,0.0000,0.0000,0,0,空换,S,2441.0000,0.0000,0.0000,0.0000,0.0000,2442.0000,0.0000,0.0000,0.0000,0.0000,95,0,0,0,0,121,0,0,0,0
zc,WS209,2012-06-26 09:02:11.430,2441.0000,206758,0,0.0000,0.0000,0,0,空换,S,2441.0000,0.0000,0.0000,0.0000,0.0000,2442.0000,0.0000,0.0000,0.0000,0.0000,95,0,0,0,0,122,0,0,0,0
zc,WS209,2012-06-26 09:02:11.930,2441.0000,206754,-4,0.0000,4.0000,0,4,双平,S,2441.0000,0.0000,0.0000,0.0000,0.0000,2442.0000,0.0000,0.0000,0.0000,0.0000,93,0,0,0,0,122,0,0,0,0
zc,WS209,2012-06-26 09:02:12.697,2442.0000,206758,4,0.0000,4.0000,4,0,双开,B,2441.0000,0.0000,0.0000,0.0000,0.0000,2442.0000,0.0000,0.0000,0.0000,0.0000,93,0,0,0,0,120,0,0,0,0
zc,WS209,2012-06-26 09:02:13.447,2442.0000,206758,0,0.0000,0.0000,0,0,多换,B,2441.0000,0.0000,0.0000,0.0000,0.0000,2442.0000,0.0000,0.0000,0.0000,0.0000,93,0,0,0,0,121,0,0,0,0
zc,WS209,2012-06-26 09:02:13.930,2442.0000,206758,0,0.0000,0.0000,0,0,多换,B,2441.0000,0.0000,0.0000,0.0000,0.0000,2442.0000,0.0000,0.0000,0.0000,0.0000,93,0,0,0,0,124,0,0,0,0
zc,WS209,2012-06-26 09:02:14.680,2441.0000,206752,-6,0.0000,6.0000,0,6,双平,S,2441.0000,0.0000,0.0000,0.0000,0.0000,2442.0000,0.0000,0.0000,0.0000,0.0000,140,0,0,0,0,121,0,0,0,0
zc,WS209,2012-06-26 09:02:15.430,2441.0000,206734,-18,0.0000,24.0000,3,21,多平,S,2441.0000,0.0000,0.0000,0.0000,0.0000,2442.0000,0.0000,0.0000,0.0000,0.0000,159,0,0,0,0,116,0,0,0,0
zc,WS209,2012-06-26 09:02:16.447,2441.0000,206726,-8,0.0000,8.0000,0,8,双平,S,2441.0000,0.0000,0.0000,0.0000,0.0000,2442.0000,0.0000,0.0000,0.0000,0.0000,155,0,0,0,0,112,0,0,0,0
zc,WS209,2012-06-26 09:02:17.667,2441.0000,206724,-2,0.0000,2.0000,0,2,双平,S,2441.0000,0.0000,0.0000,0.0000,0.0000,2442.0000,0.0000,0.0000,0.0000,0.0000,154,0,0,0,0,112,0,0,0,0
zc,WS209,2012-06-26 09:02:18.167,2441.0000,206684,-40,0.0000,40.0000,0,40,双平,S,2441.0000,0.0000,0.0000,0.0000,0.0000,2442.0000,0.0000,0.0000,0.0000,0.0000,134,0,0,0,0,92,0,0,0,0
zc,WS209,2012-06-26 09:02:18.947,2441.0000,206564,-120,0.0000,164.0000,22,142,多平,S,2441.0000,0.0000,0.0000,0.0000,0.0000,2442.0000,0.0000,0.0000,0.0000,0.0000,52,0,0,0,0,90,0,0,0,0
zc,WS209,2012-06-26 09:02:19.430,2442.0000,206582,18,0.0000,30.0000,24,6,多开,B,2441.0000,0.0000,0.0000,0.0000,0.0000,2442.0000,0.0000,0.0000,0.0000,0.0000,49,0,0,0,0,75,0,0,0,0
zc,WS209,2012-06-26 09:02:20.213,2442.0000,206618,36,0.0000,64.0000,50,14,多开,B,2441.0000,0.0000,0.0000,0.0000,0.0000,2442.0000,0.0000,0.0000,0.0000,0.0000,47,0,0,0,0,93,0,0,0,0
zc,WS209,2012-06-26 09:02:20.727,2442.0000,206618,0,0.0000,0.0000,0,0,多换,B,2441.0000,0.0000,0.0000,0.0000,0.0000,2442.0000,0.0000,0.0000,0.0000,0.0000,47,0,0,0,0,95,0,0,0,0
zc,WS209,2012-06-26 09:02:21.447,2442.0000,206618,0,0.0000,0.0000,0,0,多换,B,2441.0000,0.0000,0.0000,0.0000,0.0000,2442.0000,0.0000,0.0000,0.0000,0.0000,47,0,0,0,0,87,0,0,0,0
zc,WS209,2012-06-26 09:02:23.727,2442.0000,206618,0,0.0000,0.0000,0,0,多换,B,2441.0000,0.0000,0.0000,0.0000,0.0000,2442.0000,0.0000,0.0000,0.0000,0.0000,48,0,0,0,0,87,0,0,0,0
zc,WS209,2012-06-26 09:02:24.417,2441.0000,206614,-4,0.0000,4.0000,0,4,双平,S,2441.0000,0.0000,0.0000,0.0000,0.0000,2442.0000,0.0000,0.0000,0.0000,0.0000,46,0,0,0,0,87,0,0,0,0
zc,WS209,2012-06-26 09:02:24.930,2441.0000,206588,-26,0.0000,26.0000,0,26,双平,S,2441.0000,0.0000,0.0000,0.0000,0.0000,2442.0000,0.0000,0.0000,0.0000,0.0000,33,0,0,0,0,84,0,0,0,0
zc,WS209,2012-06-26 09:02:25.680,2441.0000,206582,-6,0.0000,66.0000,30,36,多平,S,2440.0000,0.0000,0.0000,0.0000,0.0000,2442.0000,0.0000,0.0000,0.0000,0.0000,134,0,0,0,0,52,0,0,0,0
zc,WS209,2012-06-26 09:02:26.180,2442.0000,206582,0,0.0000,20.0000,10,10,多换,B,2440.0000,0.0000,0.0000,0.0000,0.0000,2442.0000,0.0000,0.0000,0.0000,0.0000,134,0,0,0,0,80,0,0,0,0
zc,WS209,2012-06-26 09:02:26.667,2442.0000,206582,0,0.0000,0.0000,0,0,多换,B,2440.0000,0.0000,0.0000,0.0000,0.0000,2441.0000,0.0000,0.0000,0.0000,0.0000,134,0,0,0,0,1,0,0,0,0
zc,WS209,2012-06-26 09:02:27.930,2442.0000,206582,0,0.0000,0.0000,0,0,多换,B,2440.0000,0.0000,0.0000,0.0000,0.0000,2441.0000,0.0000,0.0000,0.0000,0.0000,134,0,0,0,0,2,0,0,0,0
zc,WS209,2012-06-26 09:02:28.680,2442.0000,206582,0,0.0000,2.0000,1,1,多换,B,2440.0000,0.0000,0.0000,0.0000,0.0000,2441.0000,0.0000,0.0000,0.0000,0.0000,134,0,0,0,0,1,0,0,0,0
zc,WS209,2012-06-26 09:02:29.947,2442.0000,206582,0,0.0000,0.0000,0,0,多换,B,2440.0000,0.0000,0.0000,0.0000,0.0000,2441.0000,0.0000,0.0000,0.0000,0.0000,84,0,0,0,0,32,0,0,0,0
zc,WS209,2012-06-26 09:02:31.213,2442.0000,206582,0,0.0000,0.0000,0,0,多换,B,2440.0000,0.0000,0.0000,0.0000,0.0000,2441.0000,0.0000,0.0000,0.0000,0.0000,84,0,0,0,0,52,0,0,0,0
zc,WS209,2012-06-26 09:02:31.447,2441.0000,206582,0,0.0000,40.0000,20,20,空换,S,2440.0000,0.0000,0.0000,0.0000,0.0000,2441.0000,0.0000,0.0000,0.0000,0.0000,83,0,0,0,0,33,0,0,0,0
zc,WS209,2012-06-26 09:02:33.463,2441.0000,206582,0,0.0000,10.0000,5,5,空换,S,2440.0000,0.0000,0.0000,0.0000,0.0000,2441.0000,0.0000,0.0000,0.0000,0.0000,83,0,0,0,0,28,0,0,0,0
zc,WS209,2012-06-26 09:02:33.900,2441.0000,206582,0,0.0000,0.0000,0,0,空换,S,2440.0000,0.0000,0.0000,0.0000,0.0000,2441.0000,0.0000,0.0000,0.0000,0.0000,83,0,0,0,0,29,0,0,0,0
zc,WS209,2012-06-26 09:02:34.680,2441.0000,206582,0,0.0000,0.0000,0,0,空换,S,2440.0000,0.0000,0.0000,0.0000,0.0000,2441.0000,0.0000,0.0000,0.0000,0.0000,80,0,0,0,0,29,0,0,0,0
zc,WS209,2012-06-26 09:02:35.180,2441.0000,206580,-2,0.0000,2.0000,0,2,双平,S,2440.0000,0.0000,0.0000,0.0000,0.0000,2441.0000,0.0000,0.0000,0.0000,0.0000,80,0,0,0,0,28,0,0,0,0
zc,WS209,2012-06-26 09:02:35.930,2440.0000,206580,0,0.0000,2.0000,1,1,空换,S,2440.0000,0.0000,0.0000,0.0000,0.0000,2441.0000,0.0000,0.0000,0.0000,0.0000,79,0,0,0,0,28,0,0,0,0
zc,WS209,2012-06-26 09:02:36.447,2440.0000,206580,0,0.0000,0.0000,0,0,空换,S,2440.0000,0.0000,0.0000,0.0000,0.0000,2441.0000,0.0000,0.0000,0.0000,0.0000,80,0,0,0,0,28,0,0,0,0
zc,WS209,2012-06-26 09:02:36.977,2441.0000,206580,0,0.0000,2.0000,1,1,多换,B,2440.0000,0.0000,0.0000,0.0000,0.0000,2441.0000,0.0000,0.0000,0.0000,0.0000,80,0,0,0,0,32,0,0,0,0
zc,WS209,2012-06-26 09:02:37.713,2441.0000,206580,0,0.0000,2.0000,1,1,多换,B,2440.0000,0.0000,0.0000,0.0000,0.0000,2441.0000,0.0000,0.0000,0.0000,0.0000,80,0,0,0,0,34,0,0,0,0
zc,WS209,2012-06-26 09:02:38.510,2440.0000,206580,0,0.0000,2.0000,1,1,空换,S,2440.0000,0.0000,0.0000,0.0000,0.0000,2441.0000,0.0000,0.0000,0.0000,0.0000,80,0,0,0,0,34,0,0,0,0
zc,WS209,2012-06-26 09:02:38.947,2440.0000,206580,0,0.0000,0.0000,0,0,空换,S,2440.0000,0.0000,0.0000,0.0000,0.0000,2441.0000,0.0000,0.0000,0.0000,0.0000,81,0,0,0,0,42,0,0,0,0
zc,WS209,2012-06-26 09:02:40.180,2440.0000,206580,0,0.0000,0.0000,0,0,空换,S,2440.0000,0.0000,0.0000,0.0000,0.0000,2441.0000,0.0000,0.0000,0.0000,0.0000,81,0,0,0,0,37,0,0,0,0
zc,WS209,2012-06-26 09:02:40.680,2441.0000,206580,0,0.0000,24.0000,12,12,多换,B,2440.0000,0.0000,0.0000,0.0000,0.0000,2441.0000,0.0000,0.0000,0.0000,0.0000,72,0,0,0,0,65,0,0,0,0
zc,WS209,2012-06-26 09:02:41.447,2440.0000,206578,-2,0.0000,2.0000,0,2,双平,S,2440.0000,0.0000,0.0000,0.0000,0.0000,2441.0000,0.0000,0.0000,0.0000,0.0000,71,0,0,0,0,65,0,0,0,0
zc,WS209,2012-06-26 09:02:41.930,2441.0000,206578,0,0.0000,30.0000,15,15,多换,B,2440.0000,0.0000,0.0000,0.0000,0.0000,2441.0000,0.0000,0.0000,0.0000,0.0000,71,0,0,0,0,50,0,0,0,0
zc,WS209,2012-06-26 09:02:42.697,2440.0000,206568,-10,0.0000,10.0000,0,10,双平,S,2440.0000,0.0000,0.0000,0.0000,0.0000,2441.0000,0.0000,0.0000,0.0000,0.0000,71,0,0,0,0,50,0,0,0,0
zc,WS209,2012-06-26 09:02:43.180,2440.0000,206664,96,0.0000,102.0000,99,3,空开,S,2440.0000,0.0000,0.0000,0.0000,0.0000,2441.0000,0.0000,0.0000,0.0000,0.0000,21,0,0,0,0,99,0,0,0,0
zc,WS209,2012-06-26 09:02:43.650,2441.0000,206664,0,0.0000,2.0000,1,1,多换,B,2440.0000,0.0000,0.0000,0.0000,0.0000,2441.0000,0.0000,0.0000,0.0000,0.0000,21,0,0,0,0,99,0,0,0,0
zc,WS209,2012-06-26 09:02:44.227,2441.0000,206666,2,0.0000,22.0000,12,10,多开,B,2440.0000,0.0000,0.0000,0.0000,0.0000,2441.0000,0.0000,0.0000,0.0000,0.0000,21,0,0,0,0,89,0,0,0,0
zc,WS209,2012-06-26 09:02:44.900,2441.0000,206666,0,0.0000,2.0000,1,1,多换,B,2440.0000,0.0000,0.0000,0.0000,0.0000,2441.0000,0.0000,0.0000,0.0000,0.0000,21,0,0,0,0,88,0,0,0,0
zc,WS209,2012-06-26 09:02:45.667,2441.0000,206668,2,0.0000,14.0000,8,6,多开,B,2440.0000,0.0000,0.0000,0.0000,0.0000,2441.0000,0.0000,0.0000,0.0000,0.0000,39,0,0,0,0,99,0,0,0,0
zc,WS209,2012-06-26 09:02:45.947,2440.0000,206668,0,0.0000,4.0000,2,2,空换,S,2440.0000,0.0000,0.0000,0.0000,0.0000,2441.0000,0.0000,0.0000,0.0000,0.0000,37,0,0,0,0,90,0,0,0,0
zc,WS209,2012-06-26 09:02:46.697,2440.0000,206668,0,0.0000,6.0000,3,3,空换,S,2440.0000,0.0000,0.0000,0.0000,0.0000,2441.0000,0.0000,0.0000,0.0000,0.0000,84,0,0,0,0,86,0,0,0,0
zc,WS209,2012-06-26 09:02:47.213,2440.0000,206668,0,0.0000,2.0000,1,1,空换,S,2440.0000,0.0000,0.0000,0.0000,0.0000,2441.0000,0.0000,0.0000,0.0000,0.0000,76,0,0,0,0,87,0,0,0,0
zc,WS209,2012-06-26 09:02:47.917,2440.0000,206668,0,0.0000,2.0000,1,1,空换,S,2440.0000,0.0000,0.0000,0.0000,0.0000,2441.0000,0.0000,0.0000,0.0000,0.0000,82,0,0,0,0,87,0,0,0,0
zc,WS209,2012-06-26 09:02:48.430,2440.0000,206670,2,0.0000,2.0000,2,0,双开,S,2440.0000,0.0000,0.0000,0.0000,0.0000,2441.0000,0.0000,0.0000,0.0000,0.0000,81,0,0,0,0,87,0,0,0,0
zc,WS209,2012-06-26 09:02:49.227,2440.0000,206672,2,0.0000,2.0000,2,0,双开,S,2440.0000,0.0000,0.0000,0.0000,0.0000,2441.0000,0.0000,0.0000,0.0000,0.0000,78,0,0,0,0,87,0,0,0,0
zc,WS209,2012-06-26 09:02:49.633,2440.0000,206692,20,0.0000,20.0000,20,0,双开,S,2440.0000,0.0000,0.0000,0.0000,0.0000,2441.0000,0.0000,0.0000,0.0000,0.0000,68,0,0,0,0,87,0,0,0,0
zc,WS209,2012-06-26 09:02:50.963,2440.0000,206692,0,0.0000,4.0000,2,2,空换,S,2440.0000,0.0000,0.0000,0.0000,0.0000,2441.0000,0.0000,0.0000,0.0000,0.0000,66,0,0,0,0,90,0,0,0,0
zc,WS209,2012-06-26 09:02:51.727,2440.0000,206692,0,0.0000,0.0000,0,0,空换,S,2440.0000,0.0000,0.0000,0.0000,0.0000,2441.0000,0.0000,0.0000,0.0000,0.0000,65,0,0,0,0,90,0,0,0,0
zc,WS209,2012-06-26 09:02:52.213,2440.0000,206692,0,0.0000,0.0000,0,0,空换,S,2440.0000,0.0000,0.0000,0.0000,0.0000,2441.0000,0.0000,0.0000,0.0000,0.0000,42,0,0,0,0,90,0,0,0,0
zc,WS209,2012-06-26 09:02:52.900,2441.0000,206692,0,0.0000,2.0000,1,1,多换,B,2440.0000,0.0000,0.0000,0.0000,0.0000,2441.0000,0.0000,0.0000,0.0000,0.0000,29,0,0,0,0,91,0,0,0,0
zc,WS209,2012-06-26 09:02:53.463,2441.0000,206692,0,0.0000,0.0000,0,0,多换,B,2440.0000,0.0000,0.0000,0.0000,0.0000,2441.0000,0.0000,0.0000,0.0000,0.0000,65,0,0,0,0,89,0,0,0,0
zc,WS209,2012-06-26 09:02:54.243,2441.0000,206692,0,0.0000,0.0000,0,0,多换,B,2440.0000,0.0000,0.0000,0.0000,0.0000,2441.0000,0.0000,0.0000,0.0000,0.0000,65,0,0,0,0,90,0,0,0,0
zc,WS209,2012-06-26 09:02:54.727,2441.0000,206758,66,0.0000,66.0000,66,0,双开,B,2440.0000,0.0000,0.0000,0.0000,0.0000,2441.0000,0.0000,0.0000,0.0000,0.0000,33,0,0,0,0,57,0,0,0,0
zc,WS209,2012-06-26 09:02:55.463,2440.0000,206760,2,0.0000,2.0000,2,0,双开,S,2440.0000,0.0000,0.0000,0.0000,0.0000,2441.0000,0.0000,0.0000,0.0000,0.0000,29,0,0,0,0,84,0,0,0,0
zc,WS209,2012-06-26 09:02:56.260,2440.0000,206760,0,0.0000,0.0000,0,0,空换,S,2440.0000,0.0000,0.0000,0.0000,0.0000,2441.0000,0.0000,0.0000,0.0000,0.0000,33,0,0,0,0,84,0,0,0,0
zc,WS209,2012-06-26 09:02:56.743,2440.0000,206764,4,0.0000,4.0000,4,0,双开,S,2440.0000,0.0000,0.0000,0.0000,0.0000,2441.0000,0.0000,0.0000,0.0000,0.0000,32,0,0,0,0,84,0,0,0,0
zc,WS209,2012-06-26 09:02:57.493,2440.0000,206764,0,0.0000,0.0000,0,0,空换,S,2440.0000,0.0000,0.0000,0.0000,0.0000,2441.0000,0.0000,0.0000,0.0000,0.0000,32,0,0,0,0,85,0,0,0,0
zc,WS209,2012-06-26 09:02:58.260,2440.0000,206764,0,0.0000,20.0000,10,10,空换,S,2440.0000,0.0000,0.0000,0.0000,0.0000,2441.0000,0.0000,0.0000,0.0000,0.0000,22,0,0,0,0,85,0,0,0,0
zc,WS209,2012-06-26 09:02:58.697,2440.0000,206764,0,0.0000,4.0000,2,2,空换,S,2440.0000,0.0000,0.0000,0.0000,0.0000,2441.0000,0.0000,0.0000,0.0000,0.0000,20,0,0,0,0,95,0,0,0,0
zc,WS209,2012-06-26 09:02:59.260,2440.0000,206764,0,0.0000,0.0000,0,0,空换,S,2440.0000,0.0000,0.0000,0.0000,0.0000,2441.0000,0.0000,0.0000,0.0000,0.0000,22,0,0,0,0,96,0,0,0,0
zc,WS209,2012-06-26 09:03:00.417,2440.0000,206764,0,0.0000,18.0000,9,9,空换,S,2440.0000,0.0000,0.0000,0.0000,0.0000,2441.0000,0.0000,0.0000,0.0000,0.0000,24,0,0,0,0,96,0,0,0,0
zc,WS209,2012-06-26 09:03:02.667,2440.0000,206770,6,0.0000,6.0000,6,0,双开,S,2440.0000,0.0000,0.0000,0.0000,0.0000,2441.0000,0.0000,0.0000,0.0000,0.0000,21,0,0,0,0,96,0,0,0,0
zc,WS209,2012-06-26 09:03:03.680,2440.0000,206770,0,0.0000,0.0000,0,0,空换,S,2440.0000,0.0000,0.0000,0.0000,0.0000,2441.0000,0.0000,0.0000,0.0000,0.0000,74,0,0,0,0,69,0,0,0,0
zc,WS209,2012-06-26 09:03:05.477,2440.0000,206770,0,0.0000,28.0000,14,14,空换,S,2440.0000,0.0000,0.0000,0.0000,0.0000,2441.0000,0.0000,0.0000,0.0000,0.0000,64,0,0,0,0,70,0,0,0,0
zc,WS209,2012-06-26 09:03:05.883,2440.0000,206772,2,0.0000,2.0000,2,0,双开,S,2440.0000,0.0000,0.0000,0.0000,0.0000,2441.0000,0.0000,0.0000,0.0000,0.0000,71,0,0,0,0,69,0,0,0,0
zc,WS209,2012-06-26 09:03:06.743,2441.0000,206772,0,0.0000,2.0000,1,1,多换,B,2440.0000,0.0000,0.0000,0.0000,0.0000,2441.0000,0.0000,0.0000,0.0000,0.0000,71,0,0,0,0,68,0,0,0,0
zc,WS209,2012-06-26 09:03:07.213,2440.0000,206772,0,0.0000,24.0000,12,12,空换,S,2440.0000,0.0000,0.0000,0.0000,0.0000,2441.0000,0.0000,0.0000,0.0000,0.0000,64,0,0,0,0,69,0,0,0,0
zc,WS209,2012-06-26 09:03:08.430,2441.0000,206772,0,0.0000,18.0000,9,9,多换,B,2440.0000,0.0000,0.0000,0.0000,0.0000,2441.0000,0.0000,0.0000,0.0000,0.0000,64,0,0,0,0,61,0,0,0,0
zc,WS209,2012-06-26 09:03:09.180,2441.0000,206772,0,0.0000,10.0000,5,5,多换,B,2440.0000,0.0000,0.0000,0.0000,0.0000,2441.0000,0.0000,0.0000,0.0000,0.0000,64,0,0,0,0,56,0,0,0,0
zc,WS209,2012-06-26 09:03:09.713,2441.0000,206778,6,0.0000,8.0000,7,1,多开,B,2440.0000,0.0000,0.0000,0.0000,0.0000,2441.0000,0.0000,0.0000,0.0000,0.0000,73,0,0,0,0,55,0,0,0,0
zc,WS209,2012-06-26 09:03:10.917,2440.0000,206780,2,0.0000,2.0000,2,0,双开,S,2440.0000,0.0000,0.0000,0.0000,0.0000,2441.0000,0.0000,0.0000,0.0000,0.0000,72,0,0,0,0,46,0,0,0,0
zc,WS209,2012-06-26 09:03:11.917,2441.0000,206780,0,0.0000,4.0000,2,2,多换,B,2440.0000,0.0000,0.0000,0.0000,0.0000,2441.0000,0.0000,0.0000,0.0000,0.0000,72,0,0,0,0,42,0,0,0,0
zc,WS209,2012-06-26 09:03:12.930,2441.0000,206776,-4,0.0000,4.0000,0,4,双平,B,2440.0000,0.0000,0.0000,0.0000,0.0000,2441.0000,0.0000,0.0000,0.0000,0.0000,72,0,0,0,0,41,0,0,0,0
zc,WS209,2012-06-26 09:03:13.400,2441.0000,206776,0,0.0000,4.0000,2,2,多换,B,2440.0000,0.0000,0.0000,0.0000,0.0000,2441.0000,0.0000,0.0000,0.0000,0.0000,70,0,0,0,0,39,0,0,0,0
zc,WS209,2012-06-26 09:03:14.197,2441.0000,206780,4,0.0000,8.0000,6,2,多开,B,2440.0000,0.0000,0.0000,0.0000,0.0000,2441.0000,0.0000,0.0000,0.0000,0.0000,67,0,0,0,0,37,0,0,0,0
zc,WS209,2012-06-26 09:03:14.727,2441.0000,206784,4,0.0000,60.0000,32,28,多开,B,2440.0000,0.0000,0.0000,0.0000,0.0000,2441.0000,0.0000,0.0000,0.0000,0.0000,69,0,0,0,0,10,0,0,0,0
zc,WS209,2012-06-26 09:03:15.430,2441.0000,206788,4,0.0000,20.0000,12,8,多开,B,2440.0000,0.0000,0.0000,0.0000,0.0000,2442.0000,0.0000,0.0000,0.0000,0.0000,70,0,0,0,0,91,0,0,0,0
zc,WS209,2012-06-26 09:03:15.917,2441.0000,206790,2,0.0000,2.0000,2,0,双开,B,2440.0000,0.0000,0.0000,0.0000,0.0000,2441.0000,0.0000,0.0000,0.0000,0.0000,71,0,0,0,0,1,0,0,0,0
zc,WS209,2012-06-26 09:03:16.510,2440.0000,206790,0,0.0000,102.0000,51,51,空换,S,2440.0000,0.0000,0.0000,0.0000,0.0000,2442.0000,0.0000,0.0000,0.0000,0.0000,81,0,0,0,0,90,0,0,0,0
zc,WS209,2012-06-26 09:03:17.197,2441.0000,206790,0,0.0000,2.0000,1,1,多换,B,2441.0000,0.0000,0.0000,0.0000,0.0000,2442.0000,0.0000,0.0000,0.0000,0.0000,9,0,0,0,0,90,0,0,0,0
zc,WS209,2012-06-26 09:03:18.417,2442.0000,206790,0,0.0000,2.0000,1,1,多换,B,2441.0000,0.0000,0.0000,0.0000,0.0000,2442.0000,0.0000,0.0000,0.0000,0.0000,9,0,0,0,0,89,0,0,0,0
zc,WS209,2012-06-26 09:03:19.180,2441.0000,206790,0,0.0000,4.0000,2,2,空换,S,2441.0000,0.0000,0.0000,0.0000,0.0000,2442.0000,0.0000,0.0000,0.0000,0.0000,7,0,0,0,0,89,0,0,0,0
zc,WS209,2012-06-26 09:03:19.633,2441.0000,206790,0,0.0000,14.0000,7,7,空换,S,2440.0000,0.0000,0.0000,0.0000,0.0000,2441.0000,0.0000,0.0000,0.0000,0.0000,72,0,0,0,0,5,0,0,0,0
zc,WS209,2012-06-26 09:03:20.447,2441.0000,206790,0,0.0000,0.0000,0,0,空换,S,2440.0000,0.0000,0.0000,0.0000,0.0000,2441.0000,0.0000,0.0000,0.0000,0.0000,72,0,0,0,0,10,0,0,0,0
zc,WS209,2012-06-26 09:03:20.917,2441.0000,206786,-4,0.0000,4.0000,0,4,双平,S,2440.0000,0.0000,0.0000,0.0000,0.0000,2441.0000,0.0000,0.0000,0.0000,0.0000,72,0,0,0,0,3,0,0,0,0
zc,WS209,2012-06-26 09:03:21.430,2441.0000,206786,0,0.0000,0.0000,0,0,空换,S,2440.0000,0.0000,0.0000,0.0000,0.0000,2442.0000,0.0000,0.0000,0.0000,0.0000,72,0,0,0,0,82,0,0,0,0
zc,WS209,2012-06-26 09:03:22.430,2441.0000,206786,0,0.0000,0.0000,0,0,空换,S,2440.0000,0.0000,0.0000,0.0000,0.0000,2442.0000,0.0000,0.0000,0.0000,0.0000,89,0,0,0,0,83,0,0,0,0
zc,WS209,2012-06-26 09:03:22.963,2441.0000,206786,0,0.0000,0.0000,0,0,空换,S,2441.0000,0.0000,0.0000,0.0000,0.0000,2442.0000,0.0000,0.0000,0.0000,0.0000,1,0,0,0,0,83,0,0,0,0
zc,WS209,2012-06-26 09:03:23.617,2441.0000,206784,-2,0.0000,2.0000,0,2,双平,S,2441.0000,0.0000,0.0000,0.0000,0.0000,2442.0000,0.0000,0.0000,0.0000,0.0000,1,0,0,0,0,82,0,0,0,0
zc,WS209,2012-06-26 09:03:24.180,2441.0000,206784,0,0.0000,0.0000,0,0,空换,S,2441.0000,0.0000,0.0000,0.0000,0.0000,2442.0000,0.0000,0.0000,0.0000,0.0000,1,0,0,0,0,83,0,0,0,0
zc,WS209,2012-06-26 09:03:24.963,2441.0000,206784,0,0.0000,0.0000,0,0,空换,S,2441.0000,0.0000,0.0000,0.0000,0.0000,2442.0000,0.0000,0.0000,0.0000,0.0000,1,0,0,0,0,82,0,0,0,0
zc,WS209,2012-06-26 09:03:25.167,2441.0000,206786,2,0.0000,2.0000,2,0,双开,S,2440.0000,0.0000,0.0000,0.0000,0.0000,2441.0000,0.0000,0.0000,0.0000,0.0000,89,0,0,0,0,1,0,0,0,0
zc,WS209,2012-06-26 09:03:25.930,2441.0000,206788,2,0.0000,2.0000,2,0,双开,S,2440.0000,0.0000,0.0000,0.0000,0.0000,2442.0000,0.0000,0.0000,0.0000,0.0000,89,0,0,0,0,82,0,0,0,0
zc,WS209,2012-06-26 09:03:27.133,2441.0000,206788,0,0.0000,0.0000,0,0,空换,S,2440.0000,0.0000,0.0000,0.0000,0.0000,2442.0000,0.0000,0.0000,0.0000,0.0000,88,0,0,0,0,82,0,0,0,0
zc,WS209,2012-06-26 09:03:27.697,2442.0000,206788,0,0.0000,2.0000,1,1,多换,B,2440.0000,0.0000,0.0000,0.0000,0.0000,2442.0000,0.0000,0.0000,0.0000,0.0000,89,0,0,0,0,81,0,0,0,0
zc,WS209,2012-06-26 09:03:28.167,2442.0000,206788,0,0.0000,0.0000,0,0,多换,B,2441.0000,0.0000,0.0000,0.0000,0.0000,2442.0000,0.0000,0.0000,0.0000,0.0000,4,0,0,0,0,81,0,0,0,0
zc,WS209,2012-06-26 09:03:30.180,2441.0000,206788,0,0.0000,34.0000,17,17,空换,S,2440.0000,0.0000,0.0000,0.0000,0.0000,2441.0000,0.0000,0.0000,0.0000,0.0000,89,0,0,0,0,18,0,0,0,0
zc,WS209,2012-06-26 09:03:30.680,2441.0000,206788,0,0.0000,36.0000,18,18,空换,S,2440.0000,0.0000,0.0000,0.0000,0.0000,2442.0000,0.0000,0.0000,0.0000,0.0000,73,0,0,0,0,81,0,0,0,0
zc,WS209,2012-06-26 09:03:31.150,2441.0000,206788,0,0.0000,2.0000,1,1,空换,S,2440.0000,0.0000,0.0000,0.0000,0.0000,2442.0000,0.0000,0.0000,0.0000,0.0000,73,0,0,0,0,80,0,0,0,0
zc,WS209,2012-06-26 09:03:32.417,2441.0000,206788,0,0.0000,0.0000,0,0,空换,S,2441.0000,0.0000,0.0000,0.0000,0.0000,2442.0000,0.0000,0.0000,0.0000,0.0000,100,0,0,0,0,80,0,0,0,0
zc,WS209,2012-06-26 09:03:33.180,2441.0000,206788,0,0.0000,8.0000,4,4,空换,S,2441.0000,0.0000,0.0000,0.0000,0.0000,2442.0000,0.0000,0.0000,0.0000,0.0000,96,0,0,0,0,77,0,0,0,0
zc,WS209,2012-06-26 09:03:33.963,2441.0000,206788,0,0.0000,194.0000,97,97,空换,S,2440.0000,0.0000,0.0000,0.0000,0.0000,2441.0000,0.0000,0.0000,0.0000,0.0000,122,0,0,0,0,2,0,0,0,0
zc,WS209,2012-06-26 09:03:34.447,2441.0000,206788,0,0.0000,0.0000,0,0,空换,S,2440.0000,0.0000,0.0000,0.0000,0.0000,2441.0000,0.0000,0.0000,0.0000,0.0000,123,0,0,0,0,2,0,0,0,0
zc,WS209,2012-06-26 09:03:35.150,2441.0000,206788,0,0.0000,0.0000,0,0,空换,S,2440.0000,0.0000,0.0000,0.0000,0.0000,2441.0000,0.0000,0.0000,0.0000,0.0000,115,0,0,0,0,2,0,0,0,0
zc,WS209,2012-06-26 09:03:35.713,2440.0000,206788,0,0.0000,100.0000,50,50,空换,S,2440.0000,0.0000,0.0000,0.0000,0.0000,2441.0000,0.0000,0.0000,0.0000,0.0000,115,0,0,0,0,2,0,0,0,0
zc,WS209,2012-06-26 09:03:36.477,2441.0000,206788,0,0.0000,2.0000,1,1,多换,B,2440.0000,0.0000,0.0000,0.0000,0.0000,2441.0000,0.0000,0.0000,0.0000,0.0000,117,0,0,0,0,1,0,0,0,0
zc,WS209,2012-06-26 09:03:36.963,2441.0000,206788,0,0.0000,0.0000,0,0,多换,B,2440.0000,0.0000,0.0000,0.0000,0.0000,2441.0000,0.0000,0.0000,0.0000,0.0000,114,0,0,0,0,1,0,0,0,0
zc,WS209,2012-06-26 09:03:37.667,2441.0000,206788,0,0.0000,0.0000,0,0,多换,B,2440.0000,0.0000,0.0000,0.0000,0.0000,2441.0000,0.0000,0.0000,0.0000,0.0000,127,0,0,0,0,1,0,0,0,0
zc,WS209,2012-06-26 09:03:38.213,2441.0000,206788,0,0.0000,2.0000,1,1,多换,B,2440.0000,0.0000,0.0000,0.0000,0.0000,2442.0000,0.0000,0.0000,0.0000,0.0000,128,0,0,0,0,65,0,0,0,0
zc,WS209,2012-06-26 09:03:39.447,2441.0000,206788,0,0.0000,0.0000,0,0,多换,B,2440.0000,0.0000,0.0000,0.0000,0.0000,2442.0000,0.0000,0.0000,0.0000,0.0000,131,0,0,0,0,65,0,0,0,0
zc,WS209,2012-06-26 09:03:39.917,2441.0000,206788,0,0.0000,2.0000,1,1,多换,B,2441.0000,0.0000,0.0000,0.0000,0.0000,2442.0000,0.0000,0.0000,0.0000,0.0000,9,0,0,0,0,65,0,0,0,0
zc,WS209,2012-06-26 09:03:40.680,2441.0000,206788,0,0.0000,0.0000,0,0,多换,B,2441.0000,0.0000,0.0000,0.0000,0.0000,2442.0000,0.0000,0.0000,0.0000,0.0000,9,0,0,0,0,115,0,0,0,0
zc,WS209,2012-06-26 09:03:41.977,2441.0000,206788,0,0.0000,0.0000,0,0,多换,B,2441.0000,0.0000,0.0000,0.0000,0.0000,2442.0000,0.0000,0.0000,0.0000,0.0000,30,0,0,0,0,113,0,0,0,0
zc,WS209,2012-06-26 09:03:42.463,2441.0000,206788,0,0.0000,10.0000,5,5,多换,B,2441.0000,0.0000,0.0000,0.0000,0.0000,2442.0000,0.0000,0.0000,0.0000,0.0000,11,0,0,0,0,113,0,0,0,0
zc,WS209,2012-06-26 09:03:43.697,2441.0000,206788,0,0.0000,0.0000,0,0,多换,B,2441.0000,0.0000,0.0000,0.0000,0.0000,2442.0000,0.0000,0.0000,0.0000,0.0000,31,0,0,0,0,117,0,0,0,0
zc,WS209,2012-06-26 09:03:44.697,2441.0000,206788,0,0.0000,14.0000,7,7,多换,B,2441.0000,0.0000,0.0000,0.0000,0.0000,2442.0000,0.0000,0.0000,0.0000,0.0000,24,0,0,0,0,143,0,0,0,0
zc,WS209,2012-06-26 09:03:45.417,2441.0000,206788,0,0.0000,10.0000,5,5,多换,B,2441.0000,0.0000,0.0000,0.0000,0.0000,2442.0000,0.0000,0.0000,0.0000,0.0000,19,0,0,0,0,139,0,0,0,0
zc,WS209,2012-06-26 09:03:45.947,2441.0000,206788,0,0.0000,34.0000,17,17,多换,B,2441.0000,0.0000,0.0000,0.0000,0.0000,2442.0000,0.0000,0.0000,0.0000,0.0000,2,0,0,0,0,123,0,0,0,0
zc,WS209,2012-06-26 09:03:46.667,2441.0000,206788,0,0.0000,4.0000,2,2,多换,B,2440.0000,0.0000,0.0000,0.0000,0.0000,2442.0000,0.0000,0.0000,0.0000,0.0000,138,0,0,0,0,125,0,0,0,0
zc,WS209,2012-06-26 09:03:47.197,2441.0000,206788,0,0.0000,0.0000,0,0,多换,B,2440.0000,0.0000,0.0000,0.0000,0.0000,2441.0000,0.0000,0.0000,0.0000,0.0000,138,0,0,0,0,3,0,0,0,0
zc,WS209,2012-06-26 09:03:47.667,2441.0000,206788,0,0.0000,0.0000,0,0,多换,B,2440.0000,0.0000,0.0000,0.0000,0.0000,2441.0000,0.0000,0.0000,0.0000,0.0000,138,0,0,0,0,8,0,0,0,0
zc,WS209,2012-06-26 09:03:48.917,2440.0000,206796,8,0.0000,28.0000,18,10,空开,S,2440.0000,0.0000,0.0000,0.0000,0.0000,2441.0000,0.0000,0.0000,0.0000,0.0000,124,0,0,0,0,4,0,0,0,0
zc,WS209,2012-06-26 09:03:49.400,2441.0000,206798,2,0.0000,2.0000,2,0,双开,B,2440.0000,0.0000,0.0000,0.0000,0.0000,2441.0000,0.0000,0.0000,0.0000,0.0000,123,0,0,0,0,4,0,0,0,0
zc,WS209,2012-06-26 09:03:49.883,2441.0000,206806,8,0.0000,8.0000,8,0,双开,B,2440.0000,0.0000,0.0000,0.0000,0.0000,2442.0000,0.0000,0.0000,0.0000,0.0000,119,0,0,0,0,125,0,0,0,0
zc,WS209,2012-06-26 09:03:50.617,2441.0000,206806,0,0.0000,0.0000,0,0,多换,B,2440.0000,0.0000,0.0000,0.0000,0.0000,2441.0000,0.0000,0.0000,0.0000,0.0000,119,0,0,0,0,1,0,0,0,0
zc,WS209,2012-06-26 09:03:51.133,2441.0000,206806,0,0.0000,0.0000,0,0,多换,B,2440.0000,0.0000,0.0000,0.0000,0.0000,2441.0000,0.0000,0.0000,0.0000,0.0000,120,0,0,0,0,2,0,0,0,0
zc,WS209,2012-06-26 09:03:51.917,2441.0000,206804,-2,0.0000,2.0000,0,2,双平,B,2440.0000,0.0000,0.0000,0.0000,0.0000,2441.0000,0.0000,0.0000,0.0000,0.0000,121,0,0,0,0,1,0,0,0,0
zc,WS209,2012-06-26 09:03:53.930,2441.0000,206806,2,0.0000,2.0000,2,0,双开,B,2440.0000,0.0000,0.0000,0.0000,0.0000,2442.0000,0.0000,0.0000,0.0000,0.0000,120,0,0,0,0,126,0,0,0,0
zc,WS209,2012-06-26 09:03:54.417,2441.0000,206806,0,0.0000,0.0000,0,0,多换,B,2440.0000,0.0000,0.0000,0.0000,0.0000,2441.0000,0.0000,0.0000,0.0000,0.0000,120,0,0,0,0,1,0,0,0,0
zc,WS209,2012-06-26 09:03:56.650,2441.0000,206806,0,0.0000,0.0000,0,0,多换,B,2440.0000,0.0000,0.0000,0.0000,0.0000,2441.0000,0.0000,0.0000,0.0000,0.0000,120,0,0,0,0,4,0,0,0,0
zc,WS209,2012-06-26 09:03:57.180,2441.0000,206812,6,0.0000,6.0000,6,0,双开,B,2440.0000,0.0000,0.0000,0.0000,0.0000,2441.0000,0.0000,0.0000,0.0000,0.0000,120,0,0,0,0,11,0,0,0,0
zc,WS209,2012-06-26 09:03:57.917,2441.0000,206812,0,0.0000,0.0000,0,0,多换,B,2440.0000,0.0000,0.0000,0.0000,0.0000,2441.0000,0.0000,0.0000,0.0000,0.0000,121,0,0,0,0,12,0,0,0,0
zc,WS209,2012-06-26 09:03:58.430,2441.0000,206832,20,0.0000,20.0000,20,0,双开,B,2440.0000,0.0000,0.0000,0.0000,0.0000,2441.0000,0.0000,0.0000,0.0000,0.0000,164,0,0,0,0,2,0,0,0,0
zc,WS209,2012-06-26 09:03:58.947,2441.0000,206834,2,0.0000,4.0000,3,1,多开,B,2440.0000,0.0000,0.0000,0.0000,0.0000,2442.0000,0.0000,0.0000,0.0000,0.0000,168,0,0,0,0,176,0,0,0,0
zc,WS209,2012-06-26 09:03:59.477,2441.0000,206834,0,0.0000,0.0000,0,0,多换,B,2440.0000,0.0000,0.0000,0.0000,0.0000,2442.0000,0.0000,0.0000,0.0000,0.0000,173,0,0,0,0,176,0,0,0,0
zc,WS209,2012-06-26 09:04:00.197,2441.0000,206834,0,0.0000,0.0000,0,0,多换,B,2440.0000,0.0000,0.0000,0.0000,0.0000,2442.0000,0.0000,0.0000,0.0000,0.0000,131,0,0,0,0,176,0,0,0,0
zc,WS209,2012-06-26 09:04:01.917,2441.0000,206834,0,0.0000,0.0000,0,0,多换,B,2441.0000,0.0000,0.0000,0.0000,0.0000,2442.0000,0.0000,0.0000,0.0000,0.0000,6,0,0,0,0,176,0,0,0,0
zc,WS209,2012-06-26 09:04:03.133,2441.0000,206834,0,0.0000,0.0000,0,0,多换,B,2441.0000,0.0000,0.0000,0.0000,0.0000,2442.0000,0.0000,0.0000,0.0000,0.0000,9,0,0,0,0,176,0,0,0,0
zc,WS209,2012-06-26 09:04:03.667,2441.0000,206834,0,0.0000,0.0000,0,0,多换,B,2441.0000,0.0000,0.0000,0.0000,0.0000,2442.0000,0.0000,0.0000,0.0000,0.0000,10,0,0,0,0,176,0,0,0,0
zc,WS209,2012-06-26 09:04:04.150,2441.0000,206832,-2,0.0000,2.0000,0,2,双平,B,2441.0000,0.0000,0.0000,0.0000,0.0000,2442.0000,0.0000,0.0000,0.0000,0.0000,9,0,0,0,0,176,0,0,0,0
zc,WS209,2012-06-26 09:04:05.430,2441.0000,206822,-10,0.0000,18.0000,4,14,空平,B,2440.0000,0.0000,0.0000,0.0000,0.0000,2442.0000,0.0000,0.0000,0.0000,0.0000,173,0,0,0,0,197,0,0,0,0
zc,WS209,2012-06-26 09:04:06.680,2441.0000,206822,0,0.0000,0.0000,0,0,多换,B,2440.0000,0.0000,0.0000,0.0000,0.0000,2441.0000,0.0000,0.0000,0.0000,0.0000,173,0,0,0,0,51,0,0,0,0
zc,WS209,2012-06-26 09:04:11.867,2440.0000,206822,0,0.0000,100.0000,50,50,空换,S,2440.0000,0.0000,0.0000,0.0000,0.0000,2441.0000,0.0000,0.0000,0.0000,0.0000,123,0,0,0,0,51,0,0,0,0
zc,WS209,2012-06-26 09:04:13.167,2441.0000,206924,102,0.0000,206.0000,154,52,多开,B,2441.0000,0.0000,0.0000,0.0000,0.0000,2442.0000,0.0000,0.0000,0.0000,0.0000,4,0,0,0,0,176,0,0,0,0
zc,WS209,2012-06-26 09:04:13.633,2441.0000,206924,0,0.0000,0.0000,0,0,多换,B,2441.0000,0.0000,0.0000,0.0000,0.0000,2442.0000,0.0000,0.0000,0.0000,0.0000,7,0,0,0,0,176,0,0,0,0
zc,WS209,2012-06-26 09:04:14.150,2441.0000,206924,0,0.0000,0.0000,0,0,多换,B,2441.0000,0.0000,0.0000,0.0000,0.0000,2442.0000,0.0000,0.0000,0.0000,0.0000,6,0,0,0,0,176,0,0,0,0
zc,WS209,2012-06-26 09:04:14.883,2441.0000,206924,0,0.0000,2.0000,1,1,多换,B,2441.0000,0.0000,0.0000,0.0000,0.0000,2442.0000,0.0000,0.0000,0.0000,0.0000,5,0,0,0,0,181,0,0,0,0
zc,WS209,2012-06-26 09:04:15.400,2441.0000,206934,10,0.0000,10.0000,10,0,双开,B,2441.0000,0.0000,0.0000,0.0000,0.0000,2442.0000,0.0000,0.0000,0.0000,0.0000,5,0,0,0,0,174,0,0,0,0
zc,WS209,2012-06-26 09:04:16.117,2441.0000,206934,0,0.0000,0.0000,0,0,多换,B,2441.0000,0.0000,0.0000,0.0000,0.0000,2442.0000,0.0000,0.0000,0.0000,0.0000,5,0,0,0,0,176,0,0,0,0
zc,WS209,2012-06-26 09:04:16.383,2441.0000,206934,0,0.0000,0.0000,0,0,多换,B,2441.0000,0.0000,0.0000,0.0000,0.0000,2442.0000,0.0000,0.0000,0.0000,0.0000,5,0,0,0,0,182,0,0,0,0
zc,WS209,2012-06-26 09:04:17.167,2441.0000,206934,0,0.0000,0.0000,0,0,多换,B,2441.0000,0.0000,0.0000,0.0000,0.0000,2442.0000,0.0000,0.0000,0.0000,0.0000,5,0,0,0,0,199,0,0,0,0
zc,WS209,2012-06-26 09:04:17.667,2441.0000,206934,0,0.0000,18.0000,9,9,多换,B,2440.0000,0.0000,0.0000,0.0000,0.0000,2441.0000,0.0000,0.0000,0.0000,0.0000,127,0,0,0,0,42,0,0,0,0
zc,WS209,2012-06-26 09:04:18.400,2441.0000,206934,0,0.0000,4.0000,2,2,多换,B,2440.0000,0.0000,0.0000,0.0000,0.0000,2441.0000,0.0000,0.0000,0.0000,0.0000,125,0,0,0,0,40,0,0,0,0
zc,WS209,2012-06-26 09:04:18.900,2441.0000,206934,0,0.0000,14.0000,7,7,多换,B,2440.0000,0.0000,0.0000,0.0000,0.0000,2441.0000,0.0000,0.0000,0.0000,0.0000,118,0,0,0,0,33,0,0,0,0
zc,WS209,2012-06-26 09:04:19.650,2441.0000,206934,0,0.0000,6.0000,3,3,多换,B,2440.0000,0.0000,0.0000,0.0000,0.0000,2441.0000,0.0000,0.0000,0.0000,0.0000,145,0,0,0,0,32,0,0,0,0
zc,WS209,2012-06-26 09:04:20.117,2441.0000,206934,0,0.0000,2.0000,1,1,多换,B,2440.0000,0.0000,0.0000,0.0000,0.0000,2441.0000,0.0000,0.0000,0.0000,0.0000,144,0,0,0,0,31,0,0,0,0
zc,WS209,2012-06-26 09:04:20.650,2441.0000,206934,0,0.0000,2.0000,1,1,多换,B,2440.0000,0.0000,0.0000,0.0000,0.0000,2441.0000,0.0000,0.0000,0.0000,0.0000,143,0,0,0,0,30,0,0,0,0
zc,WS209,2012-06-26 09:04:21.400,2440.0000,206936,2,0.0000,90.0000,46,44,空开,S,2440.0000,0.0000,0.0000,0.0000,0.0000,2441.0000,0.0000,0.0000,0.0000,0.0000,128,0,0,0,0,1,0,0,0,0
zc,WS209,2012-06-26 09:04:21.900,2440.0000,206936,0,0.0000,0.0000,0,0,空换,S,2440.0000,0.0000,0.0000,0.0000,0.0000,2441.0000,0.0000,0.0000,0.0000,0.0000,128,0,0,0,0,2,0,0,0,0
zc,WS209,2012-06-26 09:04:24.167,2441.0000,206938,2,0.0000,6.0000,4,2,多开,B,2441.0000,0.0000,0.0000,0.0000,0.0000,2442.0000,0.0000,0.0000,0.0000,0.0000,12,0,0,0,0,201,0,0,0,0
zc,WS209,2012-06-26 09:04:24.947,2441.0000,206938,0,0.0000,0.0000,0,0,多换,B,2441.0000,0.0000,0.0000,0.0000,0.0000,2442.0000,0.0000,0.0000,0.0000,0.0000,13,0,0,0,0,201,0,0,0,0
zc,WS209,2012-06-26 09:04:25.947,2441.0000,206938,0,0.0000,0.0000,0,0,多换,B,2441.0000,0.0000,0.0000,0.0000,0.0000,2442.0000,0.0000,0.0000,0.0000,0.0000,13,0,0,0,0,202,0,0,0,0
zc,WS209,2012-06-26 09:04:27.853,2441.0000,206938,0,0.0000,4.0000,2,2,多换,B,2441.0000,0.0000,0.0000,0.0000,0.0000,2442.0000,0.0000,0.0000,0.0000,0.0000,11,0,0,0,0,202,0,0,0,0
zc,WS209,2012-06-26 09:04:28.367,2441.0000,206938,0,0.0000,0.0000,0,0,多换,B,2441.0000,0.0000,0.0000,0.0000,0.0000,2442.0000,0.0000,0.0000,0.0000,0.0000,12,0,0,0,0,202,0,0,0,0
zc,WS209,2012-06-26 09:04:29.117,2441.0000,206938,0,0.0000,2.0000,1,1,多换,B,2441.0000,0.0000,0.0000,0.0000,0.0000,2442.0000,0.0000,0.0000,0.0000,0.0000,11,0,0,0,0,216,0,0,0,0
zc,WS209,2012-06-26 09:04:29.417,2441.0000,206938,0,0.0000,6.0000,3,3,多换,B,2441.0000,0.0000,0.0000,0.0000,0.0000,2442.0000,0.0000,0.0000,0.0000,0.0000,8,0,0,0,0,221,0,0,0,0
zc,WS209,2012-06-26 09:04:30.697,2441.0000,206938,0,0.0000,0.0000,0,0,多换,B,2441.0000,0.0000,0.0000,0.0000,0.0000,2442.0000,0.0000,0.0000,0.0000,0.0000,8,0,0,0,0,222,0,0,0,0
zc,WS209,2012-06-26 09:04:31.400,2441.0000,206940,2,0.0000,2.0000,2,0,双开,B,2441.0000,0.0000,0.0000,0.0000,0.0000,2442.0000,0.0000,0.0000,0.0000,0.0000,7,0,0,0,0,224,0,0,0,0
zc,WS209,2012-06-26 09:04:31.917,2441.0000,206938,-2,0.0000,14.0000,6,8,空平,B,2440.0000,0.0000,0.0000,0.0000,0.0000,2442.0000,0.0000,0.0000,0.0000,0.0000,127,0,0,0,0,217,0,0,0,0
zc,WS209,2012-06-26 09:04:32.417,2440.0000,206936,-2,0.0000,2.0000,0,2,双平,S,2440.0000,0.0000,0.0000,0.0000,0.0000,2442.0000,0.0000,0.0000,0.0000,0.0000,126,0,0,0,0,218,0,0,0,0
zc,WS209,2012-06-26 09:04:34.117,2440.0000,206936,0,0.0000,0.0000,0,0,空换,S,2440.0000,0.0000,0.0000,0.0000,0.0000,2442.0000,0.0000,0.0000,0.0000,0.0000,126,0,0,0,0,221,0,0,0,0
zc,WS209,2012-06-26 09:04:35.400,2440.0000,206936,0,0.0000,0.0000,0,0,空换,S,2440.0000,0.0000,0.0000,0.0000,0.0000,2442.0000,0.0000,0.0000,0.0000,0.0000,126,0,0,0,0,222,0,0,0,0
zc,WS209,2012-06-26 09:04:36.417,2440.0000,206936,0,0.0000,0.0000,0,0,空换,S,2440.0000,0.0000,0.0000,0.0000,0.0000,2441.0000,0.0000,0.0000,0.0000,0.0000,126,0,0,0,0,50,0,0,0,0
zc,WS209,2012-06-26 09:04:37.167,2440.0000,206936,0,0.0000,0.0000,0,0,空换,S,2440.0000,0.0000,0.0000,0.0000,0.0000,2441.0000,0.0000,0.0000,0.0000,0.0000,126,0,0,0,0,100,0,0,0,0
zc,WS209,2012-06-26 09:04:38.400,2440.0000,206936,0,0.0000,0.0000,0,0,空换,S,2440.0000,0.0000,0.0000,0.0000,0.0000,2441.0000,0.0000,0.0000,0.0000,0.0000,127,0,0,0,0,100,0,0,0,0
zc,WS209,2012-06-26 09:04:39.417,2440.0000,206936,0,0.0000,0.0000,0,0,空换,S,2440.0000,0.0000,0.0000,0.0000,0.0000,2441.0000,0.0000,0.0000,0.0000,0.0000,127,0,0,0,0,105,0,0,0,0
zc,WS209,2012-06-26 09:04:39.963,2440.0000,206936,0,0.0000,0.0000,0,0,空换,S,2440.0000,0.0000,0.0000,0.0000,0.0000,2441.0000,0.0000,0.0000,0.0000,0.0000,127,0,0,0,0,115,0,0,0,0
zc,WS209,2012-06-26 09:04:40.667,2440.0000,206936,0,0.0000,0.0000,0,0,空换,S,2440.0000,0.0000,0.0000,0.0000,0.0000,2441.0000,0.0000,0.0000,0.0000,0.0000,127,0,0,0,0,116,0,0,0,0
zc,WS209,2012-06-26 09:04:41.133,2441.0000,206976,40,0.0000,40.0000,40,0,双开,B,2440.0000,0.0000,0.0000,0.0000,0.0000,2441.0000,0.0000,0.0000,0.0000,0.0000,127,0,0,0,0,96,0,0,0,0
zc,WS209,2012-06-26 09:04:41.963,2441.0000,207012,36,0.0000,36.0000,36,0,双开,B,2440.0000,0.0000,0.0000,0.0000,0.0000,2441.0000,0.0000,0.0000,0.0000,0.0000,109,0,0,0,0,78,0,0,0,0
zc,WS209,2012-06-26 09:04:44.133,2441.0000,207034,22,0.0000,22.0000,22,0,双开,B,2440.0000,0.0000,0.0000,0.0000,0.0000,2441.0000,0.0000,0.0000,0.0000,0.0000,128,0,0,0,0,69,0,0,0,0
zc,WS209,2012-06-26 09:04:44.650,2441.0000,207034,0,0.0000,6.0000,3,3,多换,B,2440.0000,0.0000,0.0000,0.0000,0.0000,2441.0000,0.0000,0.0000,0.0000,0.0000,126,0,0,0,0,68,0,0,0,0
zc,WS209,2012-06-26 09:04:45.867,2441.0000,207034,0,0.0000,0.0000,0,0,多换,B,2440.0000,0.0000,0.0000,0.0000,0.0000,2441.0000,0.0000,0.0000,0.0000,0.0000,126,0,0,0,0,70,0,0,0,0
zc,WS209,2012-06-26 09:04:48.167,2441.0000,207034,0,0.0000,0.0000,0,0,多换,B,2440.0000,0.0000,0.0000,0.0000,0.0000,2441.0000,0.0000,0.0000,0.0000,0.0000,129,0,0,0,0,70,0,0,0,0
zc,WS209,2012-06-26 09:04:48.900,2441.0000,207034,0,0.0000,0.0000,0,0,多换,B,2440.0000,0.0000,0.0000,0.0000,0.0000,2441.0000,0.0000,0.0000,0.0000,0.0000,129,0,0,0,0,120,0,0,0,0
zc,WS209,2012-06-26 09:04:49.367,2441.0000,207034,0,0.0000,4.0000,2,2,多换,B,2440.0000,0.0000,0.0000,0.0000,0.0000,2441.0000,0.0000,0.0000,0.0000,0.0000,128,0,0,0,0,118,0,0,0,0
zc,WS209,2012-06-26 09:04:50.400,2440.0000,207032,-2,0.0000,24.0000,11,13,多平,S,2440.0000,0.0000,0.0000,0.0000,0.0000,2441.0000,0.0000,0.0000,0.0000,0.0000,101,0,0,0,0,107,0,0,0,0
zc,WS209,2012-06-26 09:04:51.150,2440.0000,207032,0,0.0000,0.0000,0,0,空换,S,2440.0000,0.0000,0.0000,0.0000,0.0000,2441.0000,0.0000,0.0000,0.0000,0.0000,101,0,0,0,0,112,0,0,0,0
zc,WS209,2012-06-26 09:04:51.633,2440.0000,207032,0,0.0000,0.0000,0,0,空换,S,2440.0000,0.0000,0.0000,0.0000,0.0000,2441.0000,0.0000,0.0000,0.0000,0.0000,101,0,0,0,0,127,0,0,0,0
zc,WS209,2012-06-26 09:04:54.197,2440.0000,207032,0,0.0000,0.0000,0,0,空换,S,2440.0000,0.0000,0.0000,0.0000,0.0000,2441.0000,0.0000,0.0000,0.0000,0.0000,106,0,0,0,0,128,0,0,0,0
zc,WS209,2012-06-26 09:04:54.617,2440.0000,207030,-2,0.0000,2.0000,0,2,双平,S,2440.0000,0.0000,0.0000,0.0000,0.0000,2441.0000,0.0000,0.0000,0.0000,0.0000,105,0,0,0,0,128,0,0,0,0
zc,WS209,2012-06-26 09:04:55.667,2440.0000,207030,0,0.0000,0.0000,0,0,空换,S,2440.0000,0.0000,0.0000,0.0000,0.0000,2441.0000,0.0000,0.0000,0.0000,0.0000,105,0,0,0,0,131,0,0,0,0
zc,WS209,2012-06-26 09:04:56.367,2440.0000,207030,0,0.0000,0.0000,0,0,空换,S,2440.0000,0.0000,0.0000,0.0000,0.0000,2441.0000,0.0000,0.0000,0.0000,0.0000,105,0,0,0,0,132,0,0,0,0
zc,WS209,2012-06-26 09:04:57.447,2440.0000,207030,0,0.0000,0.0000,0,0,空换,S,2440.0000,0.0000,0.0000,0.0000,0.0000,2441.0000,0.0000,0.0000,0.0000,0.0000,105,0,0,0,0,138,0,0,0,0
zc,WS209,2012-06-26 09:04:58.133,2440.0000,206934,-96,0.0000,126.0000,15,111,多平,S,2440.0000,0.0000,0.0000,0.0000,0.0000,2441.0000,0.0000,0.0000,0.0000,0.0000,42,0,0,0,0,138,0,0,0,0
zc,WS209,2012-06-26 09:04:58.650,2440.0000,206934,0,0.0000,0.0000,0,0,空换,S,2440.0000,0.0000,0.0000,0.0000,0.0000,2441.0000,0.0000,0.0000,0.0000,0.0000,42,0,0,0,0,141,0,0,0,0
zc,WS209,2012-06-26 09:04:59.167,2440.0000,206932,-2,0.0000,4.0000,1,3,多平,S,2440.0000,0.0000,0.0000,0.0000,0.0000,2441.0000,0.0000,0.0000,0.0000,0.0000,40,0,0,0,0,141,0,0,0,0
zc,WS209,2012-06-26 09:04:59.917,2440.0000,206908,-24,0.0000,26.0000,1,25,多平,S,2440.0000,0.0000,0.0000,0.0000,0.0000,2441.0000,0.0000,0.0000,0.0000,0.0000,27,0,0,0,0,141,0,0,0,0
zc,WS209,2012-06-26 09:05:00.400,2440.0000,206908,0,0.0000,0.0000,0,0,空换,S,2440.0000,0.0000,0.0000,0.0000,0.0000,2441.0000,0.0000,0.0000,0.0000,0.0000,27,0,0,0,0,142,0,0,0,0
zc,WS209,2012-06-26 09:05:00.917,2440.0000,206882,-26,0.0000,54.0000,14,40,多平,S,2439.0000,0.0000,0.0000,0.0000,0.0000,2440.0000,0.0000,0.0000,0.0000,0.0000,75,0,0,0,0,10,0,0,0,0
zc,WS209,2012-06-26 09:05:01.667,2440.0000,206882,0,0.0000,0.0000,0,0,空换,S,2439.0000,0.0000,0.0000,0.0000,0.0000,2440.0000,0.0000,0.0000,0.0000,0.0000,75,0,0,0,0,11,0,0,0,0
zc,WS209,2012-06-26 09:05:02.167,2440.0000,206882,0,0.0000,0.0000,0,0,空换,S,2439.0000,0.0000,0.0000,0.0000,0.0000,2440.0000,0.0000,0.0000,0.0000,0.0000,59,0,0,0,0,41,0,0,0,0
zc,WS209,2012-06-26 09:05:02.883,2440.0000,206882,0,0.0000,0.0000,0,0,空换,S,2439.0000,0.0000,0.0000,0.0000,0.0000,2440.0000,0.0000,0.0000,0.0000,0.0000,59,0,0,0,0,34,0,0,0,0
zc,WS209,2012-06-26 09:05:03.383,2440.0000,206882,0,0.0000,0.0000,0,0,空换,S,2439.0000,0.0000,0.0000,0.0000,0.0000,2440.0000,0.0000,0.0000,0.0000,0.0000,59,0,0,0,0,38,0,0,0,0
zc,WS209,2012-06-26 09:05:04.150,2440.0000,206882,0,0.0000,0.0000,0,0,空换,S,2439.0000,0.0000,0.0000,0.0000,0.0000,2440.0000,0.0000,0.0000,0.0000,0.0000,59,0,0,0,0,40,0,0,0,0
zc,WS209,2012-06-26 09:05:04.680,2440.0000,206882,0,0.0000,0.0000,0,0,空换,S,2439.0000,0.0000,0.0000,0.0000,0.0000,2440.0000,0.0000,0.0000,0.0000,0.0000,59,0,0,0,0,45,0,0,0,0
zc,WS209,2012-06-26 09:05:05.150,2440.0000,206882,0,0.0000,0.0000,0,0,空换,S,2439.0000,0.0000,0.0000,0.0000,0.0000,2440.0000,0.0000,0.0000,0.0000,0.0000,59,0,0,0,0,43,0,0,0,0
zc,WS209,2012-06-26 09:05:05.900,2440.0000,206882,0,0.0000,0.0000,0,0,空换,S,2439.0000,0.0000,0.0000,0.0000,0.0000,2440.0000,0.0000,0.0000,0.0000,0.0000,75,0,0,0,0,22,0,0,0,0
zc,WS209,2012-06-26 09:05:07.400,2439.0000,206882,0,0.0000,10.0000,5,5,空换,S,2439.0000,0.0000,0.0000,0.0000,0.0000,2440.0000,0.0000,0.0000,0.0000,0.0000,70,0,0,0,0,22,0,0,0,0
zc,WS209,2012-06-26 09:05:08.150,2439.0000,206882,0,0.0000,0.0000,0,0,空换,S,2439.0000,0.0000,0.0000,0.0000,0.0000,2440.0000,0.0000,0.0000,0.0000,0.0000,71,0,0,0,0,21,0,0,0,0
zc,WS209,2012-06-26 09:05:08.697,2439.0000,206882,0,0.0000,0.0000,0,0,空换,S,2439.0000,0.0000,0.0000,0.0000,0.0000,2440.0000,0.0000,0.0000,0.0000,0.0000,71,0,0,0,0,43,0,0,0,0
zc,WS209,2012-06-26 09:05:09.867,2439.0000,206882,0,0.0000,0.0000,0,0,空换,S,2439.0000,0.0000,0.0000,0.0000,0.0000,2440.0000,0.0000,0.0000,0.0000,0.0000,71,0,0,0,0,47,0,0,0,0
zc,WS209,2012-06-26 09:05:10.367,2439.0000,206882,0,0.0000,0.0000,0,0,空换,S,2439.0000,0.0000,0.0000,0.0000,0.0000,2440.0000,0.0000,0.0000,0.0000,0.0000,71,0,0,0,0,48,0,0,0,0
zc,WS209,2012-06-26 09:05:12.103,2439.0000,206882,0,0.0000,0.0000,0,0,空换,S,2439.0000,0.0000,0.0000,0.0000,0.0000,2440.0000,0.0000,0.0000,0.0000,0.0000,55,0,0,0,0,67,0,0,0,0
zc,WS209,2012-06-26 09:05:12.883,2439.0000,206882,0,0.0000,0.0000,0,0,空换,S,2439.0000,0.0000,0.0000,0.0000,0.0000,2440.0000,0.0000,0.0000,0.0000,0.0000,70,0,0,0,0,48,0,0,0,0
zc,WS209,2012-06-26 09:05:13.633,2439.0000,206884,2,0.0000,2.0000,2,0,双开,S,2439.0000,0.0000,0.0000,0.0000,0.0000,2440.0000,0.0000,0.0000,0.0000,0.0000,70,0,0,0,0,48,0,0,0,0
zc,WS209,2012-06-26 09:05:13.900,2439.0000,206884,0,0.0000,0.0000,0,0,空换,S,2439.0000,0.0000,0.0000,0.0000,0.0000,2440.0000,0.0000,0.0000,0.0000,0.0000,70,0,0,0,0,51,0,0,0,0
zc,WS209,2012-06-26 09:05:14.603,2439.0000,206880,-4,0.0000,8.0000,2,6,多平,S,2439.0000,0.0000,0.0000,0.0000,0.0000,2440.0000,0.0000,0.0000,0.0000,0.0000,66,0,0,0,0,93,0,0,0,0
zc,WS209,2012-06-26 09:05:15.430,2439.0000,206880,0,0.0000,0.0000,0,0,空换,S,2439.0000,0.0000,0.0000,0.0000,0.0000,2440.0000,0.0000,0.0000,0.0000,0.0000,68,0,0,0,0,94,0,0,0,0
zc,WS209,2012-06-26 09:05:15.917,2439.0000,206880,0,0.0000,0.0000,0,0,空换,S,2439.0000,0.0000,0.0000,0.0000,0.0000,2440.0000,0.0000,0.0000,0.0000,0.0000,68,0,0,0,0,104,0,0,0,0
zc,WS209,2012-06-26 09:05:16.917,2439.0000,206880,0,0.0000,0.0000,0,0,空换,S,2439.0000,0.0000,0.0000,0.0000,0.0000,2440.0000,0.0000,0.0000,0.0000,0.0000,68,0,0,0,0,105,0,0,0,0
zc,WS209,2012-06-26 09:05:17.697,2439.0000,206880,0,0.0000,0.0000,0,0,空换,S,2439.0000,0.0000,0.0000,0.0000,0.0000,2440.0000,0.0000,0.0000,0.0000,0.0000,51,0,0,0,0,130,0,0,0,0
zc,WS209,2012-06-26 09:05:18.180,2439.0000,206880,0,0.0000,2.0000,1,1,空换,S,2439.0000,0.0000,0.0000,0.0000,0.0000,2440.0000,0.0000,0.0000,0.0000,0.0000,50,0,0,0,0,131,0,0,0,0
zc,WS209,2012-06-26 09:05:18.680,2439.0000,206880,0,0.0000,0.0000,0,0,空换,S,2439.0000,0.0000,0.0000,0.0000,0.0000,2440.0000,0.0000,0.0000,0.0000,0.0000,50,0,0,0,0,132,0,0,0,0
zc,WS209,2012-06-26 09:05:19.930,2439.0000,206878,-2,0.0000,2.0000,0,2,双平,S,2439.0000,0.0000,0.0000,0.0000,0.0000,2440.0000,0.0000,0.0000,0.0000,0.0000,49,0,0,0,0,132,0,0,0,0
zc,WS209,2012-06-26 09:05:20.430,2439.0000,206876,-2,0.0000,12.0000,5,7,多平,S,2439.0000,0.0000,0.0000,0.0000,0.0000,2440.0000,0.0000,0.0000,0.0000,0.0000,44,0,0,0,0,131,0,0,0,0
zc,WS209,2012-06-26 09:05:20.900,2439.0000,206876,0,0.0000,0.0000,0,0,空换,S,2439.0000,0.0000,0.0000,0.0000,0.0000,2440.0000,0.0000,0.0000,0.0000,0.0000,44,0,0,0,0,130,0,0,0,0
zc,WS209,2012-06-26 09:05:23.400,2439.0000,206874,-2,0.0000,2.0000,0,2,双平,S,2439.0000,0.0000,0.0000,0.0000,0.0000,2440.0000,0.0000,0.0000,0.0000,0.0000,43,0,0,0,0,130,0,0,0,0
zc,WS209,2012-06-26 09:05:24.180,2439.0000,206872,-2,0.0000,2.0000,0,2,双平,S,2439.0000,0.0000,0.0000,0.0000,0.0000,2440.0000,0.0000,0.0000,0.0000,0.0000,42,0,0,0,0,130,0,0,0,0
zc,WS209,2012-06-26 09:05:24.447,2439.0000,206872,0,0.0000,10.0000,5,5,空换,S,2439.0000,0.0000,0.0000,0.0000,0.0000,2440.0000,0.0000,0.0000,0.0000,0.0000,37,0,0,0,0,129,0,0,0,0
zc,WS209,2012-06-26 09:05:25.867,2439.0000,206872,0,0.0000,2.0000,1,1,空换,S,2439.0000,0.0000,0.0000,0.0000,0.0000,2440.0000,0.0000,0.0000,0.0000,0.0000,36,0,0,0,0,129,0,0,0,0
zc,WS209,2012-06-26 09:05:26.900,2439.0000,206866,-6,0.0000,8.0000,1,7,多平,S,2439.0000,0.0000,0.0000,0.0000,0.0000,2440.0000,0.0000,0.0000,0.0000,0.0000,37,0,0,0,0,129,0,0,0,0
zc,WS209,2012-06-26 09:05:27.430,2440.0000,206866,0,0.0000,4.0000,2,2,多换,B,2439.0000,0.0000,0.0000,0.0000,0.0000,2440.0000,0.0000,0.0000,0.0000,0.0000,37,0,0,0,0,120,0,0,0,0
zc,WS209,2012-06-26 09:05:28.150,2439.0000,206852,-14,0.0000,14.0000,0,14,双平,S,2439.0000,0.0000,0.0000,0.0000,0.0000,2440.0000,0.0000,0.0000,0.0000,0.0000,30,0,0,0,0,120,0,0,0,0
zc,WS209,2012-06-26 09:05:28.667,2439.0000,206850,-2,0.0000,6.0000,2,4,多平,S,2439.0000,0.0000,0.0000,0.0000,0.0000,2440.0000,0.0000,0.0000,0.0000,0.0000,27,0,0,0,0,120,0,0,0,0
zc,WS209,2012-06-26 09:05:29.417,2439.0000,206850,0,0.0000,0.0000,0,0,空换,S,2439.0000,0.0000,0.0000,0.0000,0.0000,2440.0000,0.0000,0.0000,0.0000,0.0000,37,0,0,0,0,120,0,0,0,0
zc,WS209,2012-06-26 09:05:29.650,2439.0000,206842,-8,0.0000,8.0000,0,8,双平,S,2439.0000,0.0000,0.0000,0.0000,0.0000,2440.0000,0.0000,0.0000,0.0000,0.0000,33,0,0,0,0,120,0,0,0,0
zc,WS209,2012-06-26 09:05:31.167,2439.0000,206832,-10,0.0000,66.0000,28,38,多平,S,2438.0000,0.0000,0.0000,0.0000,0.0000,2440.0000,0.0000,0.0000,0.0000,0.0000,89,0,0,0,0,117,0,0,0,0
zc,WS209,2012-06-26 09:05:31.667,2438.0000,206832,0,0.0000,2.0000,1,1,空换,S,2438.0000,0.0000,0.0000,0.0000,0.0000,2439.0000,0.0000,0.0000,0.0000,0.0000,88,0,0,0,0,1,0,0,0,0
zc,WS209,2012-06-26 09:05:32.383,2439.0000,206834,2,0.0000,2.0000,2,0,双开,B,2438.0000,0.0000,0.0000,0.0000,0.0000,2440.0000,0.0000,0.0000,0.0000,0.0000,87,0,0,0,0,117,0,0,0,0
zc,WS209,2012-06-26 09:05:32.930,2439.0000,206834,0,0.0000,0.0000,0,0,多换,B,2438.0000,0.0000,0.0000,0.0000,0.0000,2440.0000,0.0000,0.0000,0.0000,0.0000,92,0,0,0,0,117,0,0,0,0
zc,WS209,2012-06-26 09:05:33.383,2439.0000,206834,0,0.0000,0.0000,0,0,多换,B,2438.0000,0.0000,0.0000,0.0000,0.0000,2439.0000,0.0000,0.0000,0.0000,0.0000,94,0,0,0,0,8,0,0,0,0
zc,WS209,2012-06-26 09:05:33.917,2439.0000,206834,0,0.0000,2.0000,1,1,多换,B,2438.0000,0.0000,0.0000,0.0000,0.0000,2439.0000,0.0000,0.0000,0.0000,0.0000,89,0,0,0,0,7,0,0,0,0
zc,WS209,2012-06-26 09:05:34.667,2439.0000,206834,0,0.0000,6.0000,3,3,多换,B,2438.0000,0.0000,0.0000,0.0000,0.0000,2439.0000,0.0000,0.0000,0.0000,0.0000,90,0,0,0,0,4,0,0,0,0
zc,WS209,2012-06-26 09:05:34.883,2439.0000,206834,0,0.0000,0.0000,0,0,多换,B,2438.0000,0.0000,0.0000,0.0000,0.0000,2439.0000,0.0000,0.0000,0.0000,0.0000,90,0,0,0,0,9,0,0,0,0
zc,WS209,2012-06-26 09:05:36.383,2439.0000,206834,0,0.0000,0.0000,0,0,多换,B,2438.0000,0.0000,0.0000,0.0000,0.0000,2439.0000,0.0000,0.0000,0.0000,0.0000,90,0,0,0,0,10,0,0,0,0
zc,WS209,2012-06-26 09:05:36.867,2439.0000,206834,0,0.0000,0.0000,0,0,多换,B,2438.0000,0.0000,0.0000,0.0000,0.0000,2439.0000,0.0000,0.0000,0.0000,0.0000,90,0,0,0,0,10,0,0,0,0
zc,WS209,2012-06-26 09:05:37.650,2439.0000,206834,0,0.0000,0.0000,0,0,多换,B,2438.0000,0.0000,0.0000,0.0000,0.0000,2439.0000,0.0000,0.0000,0.0000,0.0000,90,0,0,0,0,11,0,0,0,0
zc,WS209,2012-06-26 09:05:38.197,2439.0000,206834,0,0.0000,0.0000,0,0,多换,B,2438.0000,0.0000,0.0000,0.0000,0.0000,2439.0000,0.0000,0.0000,0.0000,0.0000,90,0,0,0,0,13,0,0,0,0
zc,WS209,2012-06-26 09:05:38.917,2439.0000,206834,0,0.0000,2.0000,1,1,多换,B,2438.0000,0.0000,0.0000,0.0000,0.0000,2439.0000,0.0000,0.0000,0.0000,0.0000,91,0,0,0,0,12,0,0,0,0
zc,WS209,2012-06-26 09:05:39.417,2438.0000,206834,0,0.0000,2.0000,1,1,空换,S,2438.0000,0.0000,0.0000,0.0000,0.0000,2439.0000,0.0000,0.0000,0.0000,0.0000,79,0,0,0,0,34,0,0,0,0
zc,WS209,2012-06-26 09:05:40.167,2438.0000,206834,0,0.0000,0.0000,0,0,空换,S,2438.0000,0.0000,0.0000,0.0000,0.0000,2439.0000,0.0000,0.0000,0.0000,0.0000,79,0,0,0,0,35,0,0,0,0
zc,WS209,2012-06-26 09:05:41.633,2439.0000,206834,0,0.0000,2.0000,1,1,多换,B,2438.0000,0.0000,0.0000,0.0000,0.0000,2439.0000,0.0000,0.0000,0.0000,0.0000,79,0,0,0,0,34,0,0,0,0
zc,WS209,2012-06-26 09:05:44.917,2439.0000,206834,0,0.0000,0.0000,0,0,多换,B,2438.0000,0.0000,0.0000,0.0000,0.0000,2439.0000,0.0000,0.0000,0.0000,0.0000,79,0,0,0,0,38,0,0,0,0
zc,WS209,2012-06-26 09:05:45.417,2439.0000,206834,0,0.0000,0.0000,0,0,多换,B,2438.0000,0.0000,0.0000,0.0000,0.0000,2439.0000,0.0000,0.0000,0.0000,0.0000,84,0,0,0,0,39,0,0,0,0
zc,WS209,2012-06-26 09:05:46.667,2439.0000,206834,0,0.0000,2.0000,1,1,多换,B,2438.0000,0.0000,0.0000,0.0000,0.0000,2439.0000,0.0000,0.0000,0.0000,0.0000,83,0,0,0,0,38,0,0,0,0
zc,WS209,2012-06-26 09:05:47.167,2438.0000,206830,-4,0.0000,4.0000,0,4,双平,S,2438.0000,0.0000,0.0000,0.0000,0.0000,2439.0000,0.0000,0.0000,0.0000,0.0000,81,0,0,0,0,40,0,0,0,0
zc,WS209,2012-06-26 09:05:48.417,2439.0000,206830,0,0.0000,2.0000,1,1,多换,B,2438.0000,0.0000,0.0000,0.0000,0.0000,2439.0000,0.0000,0.0000,0.0000,0.0000,81,0,0,0,0,39,0,0,0,0
zc,WS209,2012-06-26 09:05:49.277,2438.0000,206734,-96,0.0000,162.0000,33,129,多平,S,2437.0000,0.0000,0.0000,0.0000,0.0000,2438.0000,0.0000,0.0000,0.0000,0.0000,161,0,0,0,0,2,0,0,0,0
zc,WS209,2012-06-26 09:05:49.667,2438.0000,206734,0,0.0000,0.0000,0,0,空换,S,2437.0000,0.0000,0.0000,0.0000,0.0000,2438.0000,0.0000,0.0000,0.0000,0.0000,162,0,0,0,0,2,0,0,0,0
zc,WS209,2012-06-26 09:05:52.680,2438.0000,206732,-2,0.0000,44.0000,21,23,多平,S,2437.0000,0.0000,0.0000,0.0000,0.0000,2438.0000,0.0000,0.0000,0.0000,0.0000,162,0,0,0,0,19,0,0,0,0
zc,WS209,2012-06-26 09:05:53.493,2438.0000,206732,0,0.0000,2.0000,1,1,空换,S,2437.0000,0.0000,0.0000,0.0000,0.0000,2438.0000,0.0000,0.0000,0.0000,0.0000,162,0,0,0,0,13,0,0,0,0
zc,WS209,2012-06-26 09:05:54.430,2438.0000,206732,0,0.0000,0.0000,0,0,空换,S,2437.0000,0.0000,0.0000,0.0000,0.0000,2438.0000,0.0000,0.0000,0.0000,0.0000,162,0,0,0,0,29,0,0,0,0
zc,WS209,2012-06-26 09:05:54.947,2437.0000,206492,-240,0.0000,282.0000,21,261,多平,S,2437.0000,0.0000,0.0000,0.0000,0.0000,2438.0000,0.0000,0.0000,0.0000,0.0000,21,0,0,0,0,23,0,0,0,0
zc,WS209,2012-06-26 09:05:55.667,2437.0000,206450,-42,0.0000,42.0000,0,42,双平,S,2436.0000,0.0000,0.0000,0.0000,0.0000,2437.0000,0.0000,0.0000,0.0000,0.0000,45,0,0,0,0,2,0,0,0,0
zc,WS209,2012-06-26 09:05:56.197,2437.0000,206450,0,0.0000,2.0000,1,1,空换,S,2436.0000,0.0000,0.0000,0.0000,0.0000,2437.0000,0.0000,0.0000,0.0000,0.0000,44,0,0,0,0,1,0,0,0,0
zc,WS209,2012-06-26 09:05:56.930,2436.0000,206450,0,0.0000,4.0000,2,2,空换,S,2436.0000,0.0000,0.0000,0.0000,0.0000,2438.0000,0.0000,0.0000,0.0000,0.0000,43,0,0,0,0,9,0,0,0,0
zc,WS209,2012-06-26 09:05:57.963,2436.0000,206450,0,0.0000,0.0000,0,0,空换,S,2437.0000,0.0000,0.0000,0.0000,0.0000,2438.0000,0.0000,0.0000,0.0000,0.0000,2,0,0,0,0,9,0,0,0,0
zc,WS209,2012-06-26 09:05:58.713,2436.0000,206450,0,0.0000,0.0000,0,0,空换,S,2437.0000,0.0000,0.0000,0.0000,0.0000,2438.0000,0.0000,0.0000,0.0000,0.0000,2,0,0,0,0,11,0,0,0,0
zc,WS209,2012-06-26 09:06:02.993,2436.0000,206450,0,0.0000,0.0000,0,0,空换,S,2437.0000,0.0000,0.0000,0.0000,0.0000,2438.0000,0.0000,0.0000,0.0000,0.0000,7,0,0,0,0,12,0,0,0,0
zc,WS209,2012-06-26 09:06:04.150,2437.0000,206446,-4,0.0000,14.0000,5,9,空平,B,2436.0000,0.0000,0.0000,0.0000,0.0000,2437.0000,0.0000,0.0000,0.0000,0.0000,29,0,0,0,0,2,0,0,0,0
zc,WS209,2012-06-26 09:06:04.930,2437.0000,206446,0,0.0000,0.0000,0,0,多换,B,2436.0000,0.0000,0.0000,0.0000,0.0000,2437.0000,0.0000,0.0000,0.0000,0.0000,28,0,0,0,0,2,0,0,0,0
zc,WS209,2012-06-26 09:06:05.150,2437.0000,206446,0,0.0000,2.0000,1,1,多换,B,2436.0000,0.0000,0.0000,0.0000,0.0000,2437.0000,0.0000,0.0000,0.0000,0.0000,29,0,0,0,0,1,0,0,0,0
zc,WS209,2012-06-26 09:06:05.900,2437.0000,206446,0,0.0000,2.0000,1,1,多换,B,2436.0000,0.0000,0.0000,0.0000,0.0000,2437.0000,0.0000,0.0000,0.0000,0.0000,29,0,0,0,0,30,0,0,0,0
zc,WS209,2012-06-26 09:06:06.417,2437.0000,206446,0,0.0000,0.0000,0,0,多换,B,2436.0000,0.0000,0.0000,0.0000,0.0000,2437.0000,0.0000,0.0000,0.0000,0.0000,29,0,0,0,0,31,0,0,0,0
zc,WS209,2012-06-26 09:06:07.167,2436.0000,206446,0,0.0000,44.0000,22,22,空换,S,2436.0000,0.0000,0.0000,0.0000,0.0000,2437.0000,0.0000,0.0000,0.0000,0.0000,7,0,0,0,0,10,0,0,0,0
zc,WS209,2012-06-26 09:06:08.400,2437.0000,206444,-2,0.0000,16.0000,7,9,空平,B,2435.0000,0.0000,0.0000,0.0000,0.0000,2437.0000,0.0000,0.0000,0.0000,0.0000,41,0,0,0,0,2,0,0,0,0
zc,WS209,2012-06-26 09:06:09.617,2437.0000,206446,2,0.0000,6.0000,4,2,多开,B,2437.0000,0.0000,0.0000,0.0000,0.0000,2438.0000,0.0000,0.0000,0.0000,0.0000,7,0,0,0,0,29,0,0,0,0
zc,WS209,2012-06-26 09:06:10.400,2437.0000,206446,0,0.0000,14.0000,7,7,多换,B,2435.0000,0.0000,0.0000,0.0000,0.0000,2438.0000,0.0000,0.0000,0.0000,0.0000,92,0,0,0,0,23,0,0,0,0
zc,WS209,2012-06-26 09:06:10.900,2437.0000,206446,0,0.0000,0.0000,0,0,多换,B,2436.0000,0.0000,0.0000,0.0000,0.0000,2438.0000,0.0000,0.0000,0.0000,0.0000,1,0,0,0,0,23,0,0,0,0
zc,WS209,2012-06-26 09:06:11.633,2438.0000,206440,-6,0.0000,8.0000,1,7,空平,B,2436.0000,0.0000,0.0000,0.0000,0.0000,2438.0000,0.0000,0.0000,0.0000,0.0000,2,0,0,0,0,19,0,0,0,0
zc,WS209,2012-06-26 09:06:12.603,2438.0000,206440,0,0.0000,0.0000,0,0,多换,B,2437.0000,0.0000,0.0000,0.0000,0.0000,2438.0000,0.0000,0.0000,0.0000,0.0000,1,0,0,0,0,19,0,0,0,0
zc,WS209,2012-06-26 09:06:13.117,2437.0000,206440,0,0.0000,2.0000,1,1,空换,S,2436.0000,0.0000,0.0000,0.0000,0.0000,2437.0000,0.0000,0.0000,0.0000,0.0000,9,0,0,0,0,20,0,0,0,0
zc,WS209,2012-06-26 09:06:13.930,2437.0000,206440,0,0.0000,2.0000,1,1,空换,S,2436.0000,0.0000,0.0000,0.0000,0.0000,2437.0000,0.0000,0.0000,0.0000,0.0000,10,0,0,0,0,19,0,0,0,0
zc,WS209,2012-06-26 09:06:15.713,2436.0000,206440,0,0.0000,14.0000,7,7,空换,S,2436.0000,0.0000,0.0000,0.0000,0.0000,2437.0000,0.0000,0.0000,0.0000,0.0000,13,0,0,0,0,19,0,0,0,0
zc,WS209,2012-06-26 09:06:16.150,2436.0000,206436,-4,0.0000,24.0000,10,14,多平,S,2436.0000,0.0000,0.0000,0.0000,0.0000,2437.0000,0.0000,0.0000,0.0000,0.0000,2,0,0,0,0,7,0,0,0,0
zc,WS209,2012-06-26 09:06:16.883,2436.0000,206436,0,0.0000,2.0000,1,1,空换,S,2436.0000,0.0000,0.0000,0.0000,0.0000,2437.0000,0.0000,0.0000,0.0000,0.0000,1,0,0,0,0,7,0,0,0,0
zc,WS209,2012-06-26 09:06:17.400,2436.0000,206436,0,0.0000,6.0000,3,3,空换,S,2436.0000,0.0000,0.0000,0.0000,0.0000,2437.0000,0.0000,0.0000,0.0000,0.0000,1,0,0,0,0,8,0,0,0,0
zc,WS209,2012-06-26 09:06:17.900,2436.0000,206432,-4,0.0000,10.0000,3,7,多平,S,2436.0000,0.0000,0.0000,0.0000,0.0000,2437.0000,0.0000,0.0000,0.0000,0.0000,1,0,0,0,0,6,0,0,0,0
zc,WS209,2012-06-26 09:06:19.680,2436.0000,206432,0,0.0000,0.0000,0,0,空换,S,2436.0000,0.0000,0.0000,0.0000,0.0000,2437.0000,0.0000,0.0000,0.0000,0.0000,2,0,0,0,0,11,0,0,0,0
zc,WS209,2012-06-26 09:06:20.430,2436.0000,206432,0,0.0000,0.0000,0,0,空换,S,2436.0000,0.0000,0.0000,0.0000,0.0000,2437.0000,0.0000,0.0000,0.0000,0.0000,8,0,0,0,0,11,0,0,0,0
zc,WS209,2012-06-26 09:06:20.900,2437.0000,206430,-2,0.0000,2.0000,0,2,双平,B,2436.0000,0.0000,0.0000,0.0000,0.0000,2437.0000,0.0000,0.0000,0.0000,0.0000,8,0,0,0,0,10,0,0,0,0
zc,WS209,2012-06-26 09:06:21.417,2437.0000,206430,0,0.0000,0.0000,0,0,多换,B,2436.0000,0.0000,0.0000,0.0000,0.0000,2437.0000,0.0000,0.0000,0.0000,0.0000,9,0,0,0,0,10,0,0,0,0
zc,WS209,2012-06-26 09:06:22.400,2437.0000,206430,0,0.0000,2.0000,1,1,多换,B,2436.0000,0.0000,0.0000,0.0000,0.0000,2437.0000,0.0000,0.0000,0.0000,0.0000,9,0,0,0,0,9,0,0,0,0
zc,WS209,2012-06-26 09:06:23.197,2437.0000,206430,0,0.0000,6.0000,3,3,多换,B,2436.0000,0.0000,0.0000,0.0000,0.0000,2437.0000,0.0000,0.0000,0.0000,0.0000,9,0,0,0,0,11,0,0,0,0
zc,WS209,2012-06-26 09:06:24.417,2437.0000,206430,0,0.0000,0.0000,0,0,多换,B,2436.0000,0.0000,0.0000,0.0000,0.0000,2437.0000,0.0000,0.0000,0.0000,0.0000,9,0,0,0,0,13,0,0,0,0
zc,WS209,2012-06-26 09:06:24.900,2437.0000,206432,2,0.0000,2.0000,2,0,双开,B,2436.0000,0.0000,0.0000,0.0000,0.0000,2437.0000,0.0000,0.0000,0.0000,0.0000,9,0,0,0,0,7,0,0,0,0
zc,WS209,2012-06-26 09:06:25.400,2437.0000,206432,0,0.0000,0.0000,0,0,多换,B,2436.0000,0.0000,0.0000,0.0000,0.0000,2437.0000,0.0000,0.0000,0.0000,0.0000,10,0,0,0,0,7,0,0,0,0
zc,WS209,2012-06-26 09:06:26.447,2437.0000,206432,0,0.0000,0.0000,0,0,多换,B,2436.0000,0.0000,0.0000,0.0000,0.0000,2437.0000,0.0000,0.0000,0.0000,0.0000,15,0,0,0,0,7,0,0,0,0
zc,WS209,2012-06-26 09:06:27.167,2437.0000,206428,-4,0.0000,36.0000,16,20,空平,B,2436.0000,0.0000,0.0000,0.0000,0.0000,2437.0000,0.0000,0.0000,0.0000,0.0000,1,0,0,0,0,6,0,0,0,0
zc,WS209,2012-06-26 09:06:27.650,2437.0000,206428,0,0.0000,0.0000,0,0,多换,B,2436.0000,0.0000,0.0000,0.0000,0.0000,2437.0000,0.0000,0.0000,0.0000,0.0000,2,0,0,0,0,6,0,0,0,0
zc,WS209,2012-06-26 09:06:28.417,2437.0000,206430,2,0.0000,2.0000,2,0,双开,B,2436.0000,0.0000,0.0000,0.0000,0.0000,2437.0000,0.0000,0.0000,0.0000,0.0000,2,0,0,0,0,5,0,0,0,0
zc,WS209,2012-06-26 09:06:28.917,2437.0000,206432,2,0.0000,2.0000,2,0,双开,B,2436.0000,0.0000,0.0000,0.0000,0.0000,2437.0000,0.0000,0.0000,0.0000,0.0000,4,0,0,0,0,4,0,0,0,0
zc,WS209,2012-06-26 09:06:29.650,2437.0000,206434,2,0.0000,2.0000,2,0,双开,B,2436.0000,0.0000,0.0000,0.0000,0.0000,2437.0000,0.0000,0.0000,0.0000,0.0000,4,0,0,0,0,3,0,0,0,0
zc,WS209,2012-06-26 09:06:30.117,2437.0000,206434,0,0.0000,2.0000,1,1,多换,B,2436.0000,0.0000,0.0000,0.0000,0.0000,2437.0000,0.0000,0.0000,0.0000,0.0000,6,0,0,0,0,2,0,0,0,0
zc,WS209,2012-06-26 09:06:30.667,2437.0000,206436,2,0.0000,2.0000,2,0,双开,B,2436.0000,0.0000,0.0000,0.0000,0.0000,2437.0000,0.0000,0.0000,0.0000,0.0000,7,0,0,0,0,1,0,0,0,0
zc,WS209,2012-06-26 09:06:31.117,2437.0000,206436,0,0.0000,0.0000,0,0,多换,B,2436.0000,0.0000,0.0000,0.0000,0.0000,2437.0000,0.0000,0.0000,0.0000,0.0000,8,0,0,0,0,3,0,0,0,0
zc,WS209,2012-06-26 09:06:31.650,2437.0000,206436,0,0.0000,0.0000,0,0,多换,B,2436.0000,0.0000,0.0000,0.0000,0.0000,2437.0000,0.0000,0.0000,0.0000,0.0000,10,0,0,0,0,3,0,0,0,0
zc,WS209,2012-06-26 09:06:32.400,2437.0000,206436,0,0.0000,2.0000,1,1,多换,B,2436.0000,0.0000,0.0000,0.0000,0.0000,2437.0000,0.0000,0.0000,0.0000,0.0000,16,0,0,0,0,4,0,0,0,0
zc,WS209,2012-06-26 09:06:34.650,2436.0000,206436,0,0.0000,2.0000,1,1,空换,S,2436.0000,0.0000,0.0000,0.0000,0.0000,2437.0000,0.0000,0.0000,0.0000,0.0000,15,0,0,0,0,44,0,0,0,0
zc,WS209,2012-06-26 09:06:35.617,2437.0000,206436,0,0.0000,2.0000,1,1,多换,B,2436.0000,0.0000,0.0000,0.0000,0.0000,2437.0000,0.0000,0.0000,0.0000,0.0000,15,0,0,0,0,43,0,0,0,0
zc,WS209,2012-06-26 09:06:36.400,2437.0000,206436,0,0.0000,2.0000,1,1,多换,B,2436.0000,0.0000,0.0000,0.0000,0.0000,2437.0000,0.0000,0.0000,0.0000,0.0000,15,0,0,0,0,42,0,0,0,0
zc,WS209,2012-06-26 09:06:36.837,2437.0000,206436,0,0.0000,0.0000,0,0,多换,B,2436.0000,0.0000,0.0000,0.0000,0.0000,2437.0000,0.0000,0.0000,0.0000,0.0000,20,0,0,0,0,43,0,0,0,0
zc,WS209,2012-06-26 09:06:38.167,2437.0000,206438,2,0.0000,4.0000,3,1,多开,B,2436.0000,0.0000,0.0000,0.0000,0.0000,2437.0000,0.0000,0.0000,0.0000,0.0000,19,0,0,0,0,42,0,0,0,0
zc,WS209,2012-06-26 09:06:39.383,2437.0000,206440,2,0.0000,40.0000,21,19,多开,B,2436.0000,0.0000,0.0000,0.0000,0.0000,2437.0000,0.0000,0.0000,0.0000,0.0000,19,0,0,0,0,22,0,0,0,0
zc,WS209,2012-06-26 09:06:40.650,2436.0000,206436,-4,0.0000,4.0000,0,4,双平,S,2436.0000,0.0000,0.0000,0.0000,0.0000,2437.0000,0.0000,0.0000,0.0000,0.0000,23,0,0,0,0,21,0,0,0,0
zc,WS209,2012-06-26 09:06:41.150,2436.0000,206436,0,0.0000,0.0000,0,0,空换,S,2436.0000,0.0000,0.0000,0.0000,0.0000,2437.0000,0.0000,0.0000,0.0000,0.0000,24,0,0,0,0,21,0,0,0,0
zc,WS209,2012-06-26 09:06:42.133,2436.0000,206436,0,0.0000,0.0000,0,0,空换,S,2436.0000,0.0000,0.0000,0.0000,0.0000,2437.0000,0.0000,0.0000,0.0000,0.0000,25,0,0,0,0,21,0,0,0,0
zc,WS209,2012-06-26 09:06:42.867,2436.0000,206436,0,0.0000,0.0000,0,0,空换,S,2436.0000,0.0000,0.0000,0.0000,0.0000,2437.0000,0.0000,0.0000,0.0000,0.0000,26,0,0,0,0,21,0,0,0,0
zc,WS209,2012-06-26 09:06:43.900,2436.0000,206436,0,0.0000,0.0000,0,0,空换,S,2436.0000,0.0000,0.0000,0.0000,0.0000,2437.0000,0.0000,0.0000,0.0000,0.0000,27,0,0,0,0,21,0,0,0,0
zc,WS209,2012-06-26 09:06:44.650,2436.0000,206436,0,0.0000,0.0000,0,0,空换,S,2436.0000,0.0000,0.0000,0.0000,0.0000,2437.0000,0.0000,0.0000,0.0000,0.0000,33,0,0,0,0,21,0,0,0,0
zc,WS209,2012-06-26 09:06:46.150,2436.0000,206436,0,0.0000,0.0000,0,0,空换,S,2436.0000,0.0000,0.0000,0.0000,0.0000,2437.0000,0.0000,0.0000,0.0000,0.0000,33,0,0,0,0,22,0,0,0,0
zc,WS209,2012-06-26 09:06:46.883,2436.0000,206436,0,0.0000,0.0000,0,0,空换,S,2436.0000,0.0000,0.0000,0.0000,0.0000,2437.0000,0.0000,0.0000,0.0000,0.0000,35,0,0,0,0,22,0,0,0,0
zc,WS209,2012-06-26 09:06:48.430,2436.0000,206436,0,0.0000,0.0000,0,0,空换,S,2436.0000,0.0000,0.0000,0.0000,0.0000,2437.0000,0.0000,0.0000,0.0000,0.0000,35,0,0,0,0,23,0,0,0,0
zc,WS209,2012-06-26 09:06:49.853,2436.0000,206436,0,0.0000,0.0000,0,0,空换,S,2436.0000,0.0000,0.0000,0.0000,0.0000,2437.0000,0.0000,0.0000,0.0000,0.0000,36,0,0,0,0,23,0,0,0,0
zc,WS209,2012-06-26 09:06:50.367,2436.0000,206436,0,0.0000,0.0000,0,0,空换,S,2436.0000,0.0000,0.0000,0.0000,0.0000,2437.0000,0.0000,0.0000,0.0000,0.0000,36,0,0,0,0,53,0,0,0,0
zc,WS209,2012-06-26 09:06:50.883,2437.0000,206434,-2,0.0000,2.0000,0,2,双平,B,2436.0000,0.0000,0.0000,0.0000,0.0000,2437.0000,0.0000,0.0000,0.0000,0.0000,36,0,0,0,0,52,0,0,0,0
zc,WS209,2012-06-26 09:06:51.383,2437.0000,206434,0,0.0000,8.0000,4,4,多换,B,2436.0000,0.0000,0.0000,0.0000,0.0000,2437.0000,0.0000,0.0000,0.0000,0.0000,36,0,0,0,0,48,0,0,0,0
zc,WS209,2012-06-26 09:06:52.713,2437.0000,206434,0,0.0000,0.0000,0,0,多换,B,2436.0000,0.0000,0.0000,0.0000,0.0000,2437.0000,0.0000,0.0000,0.0000,0.0000,38,0,0,0,0,48,0,0,0,0
zc,WS209,2012-06-26 09:06:53.430,2437.0000,206434,0,0.0000,20.0000,10,10,多换,B,2436.0000,0.0000,0.0000,0.0000,0.0000,2437.0000,0.0000,0.0000,0.0000,0.0000,55,0,0,0,0,39,0,0,0,0
zc,WS209,2012-06-26 09:06:53.883,2437.0000,206434,0,0.0000,2.0000,1,1,多换,B,2436.0000,0.0000,0.0000,0.0000,0.0000,2437.0000,0.0000,0.0000,0.0000,0.0000,55,0,0,0,0,38,0,0,0,0
zc,WS209,2012-06-26 09:06:55.133,2437.0000,206434,0,0.0000,0.0000,0,0,多换,B,2436.0000,0.0000,0.0000,0.0000,0.0000,2437.0000,0.0000,0.0000,0.0000,0.0000,55,0,0,0,0,40,0,0,0,0
zc,WS209,2012-06-26 09:06:56.383,2437.0000,206434,0,0.0000,0.0000,0,0,多换,B,2436.0000,0.0000,0.0000,0.0000,0.0000,2437.0000,0.0000,0.0000,0.0000,0.0000,57,0,0,0,0,40,0,0,0,0
zc,WS209,2012-06-26 09:06:56.883,2437.0000,206434,0,0.0000,0.0000,0,0,多换,B,2436.0000,0.0000,0.0000,0.0000,0.0000,2437.0000,0.0000,0.0000,0.0000,0.0000,57,0,0,0,0,39,0,0,0,0
zc,WS209,2012-06-26 09:06:57.383,2437.0000,206434,0,0.0000,2.0000,1,1,多换,B,2436.0000,0.0000,0.0000,0.0000,0.0000,2437.0000,0.0000,0.0000,0.0000,0.0000,57,0,0,0,0,38,0,0,0,0
zc,WS209,2012-06-26 09:06:58.633,2437.0000,206434,0,0.0000,2.0000,1,1,多换,B,2436.0000,0.0000,0.0000,0.0000,0.0000,2437.0000,0.0000,0.0000,0.0000,0.0000,56,0,0,0,0,37,0,0,0,0
zc,WS209,2012-06-26 09:06:59.917,2437.0000,206434,0,0.0000,0.0000,0,0,多换,B,2436.0000,0.0000,0.0000,0.0000,0.0000,2437.0000,0.0000,0.0000,0.0000,0.0000,57,0,0,0,0,37,0,0,0,0
zc,WS209,2012-06-26 09:07:00.400,2437.0000,206432,-2,0.0000,2.0000,0,2,双平,B,2436.0000,0.0000,0.0000,0.0000,0.0000,2437.0000,0.0000,0.0000,0.0000,0.0000,57,0,0,0,0,36,0,0,0,0
zc,WS209,2012-06-26 09:07:00.917,2437.0000,206432,0,0.0000,2.0000,1,1,多换,B,2436.0000,0.0000,0.0000,0.0000,0.0000,2437.0000,0.0000,0.0000,0.0000,0.0000,59,0,0,0,0,35,0,0,0,0
zc,WS209,2012-06-26 09:07:01.617,2437.0000,206432,0,0.0000,0.0000,0,0,多换,B,2436.0000,0.0000,0.0000,0.0000,0.0000,2437.0000,0.0000,0.0000,0.0000,0.0000,54,0,0,0,0,35,0,0,0,0
zc,WS209,2012-06-26 09:07:02.117,2437.0000,206432,0,0.0000,0.0000,0,0,多换,B,2436.0000,0.0000,0.0000,0.0000,0.0000,2437.0000,0.0000,0.0000,0.0000,0.0000,53,0,0,0,0,37,0,0,0,0
zc,WS209,2012-06-26 09:07:02.963,2437.0000,206432,0,0.0000,4.0000,2,2,多换,B,2436.0000,0.0000,0.0000,0.0000,0.0000,2437.0000,0.0000,0.0000,0.0000,0.0000,53,0,0,0,0,35,0,0,0,0
zc,WS209,2012-06-26 09:07:03.447,2437.0000,206432,0,0.0000,0.0000,0,0,多换,B,2436.0000,0.0000,0.0000,0.0000,0.0000,2437.0000,0.0000,0.0000,0.0000,0.0000,54,0,0,0,0,33,0,0,0,0
zc,WS209,2012-06-26 09:07:04.713,2437.0000,206432,0,0.0000,0.0000,0,0,多换,B,2436.0000,0.0000,0.0000,0.0000,0.0000,2437.0000,0.0000,0.0000,0.0000,0.0000,68,0,0,0,0,4,0,0,0,0
zc,WS209,2012-06-26 09:07:05.650,2437.0000,206434,2,0.0000,2.0000,2,0,双开,B,2436.0000,0.0000,0.0000,0.0000,0.0000,2437.0000,0.0000,0.0000,0.0000,0.0000,67,0,0,0,0,3,0,0,0,0
zc,WS209,2012-06-26 09:07:06.493,2437.0000,206434,0,0.0000,0.0000,0,0,多换,B,2436.0000,0.0000,0.0000,0.0000,0.0000,2437.0000,0.0000,0.0000,0.0000,0.0000,68,0,0,0,0,3,0,0,0,0
zc,WS209,2012-06-26 09:07:06.930,2437.0000,206440,6,0.0000,6.0000,6,0,双开,B,2436.0000,0.0000,0.0000,0.0000,0.0000,2438.0000,0.0000,0.0000,0.0000,0.0000,68,0,0,0,0,41,0,0,0,0
zc,WS209,2012-06-26 09:07:07.447,2437.0000,206440,0,0.0000,0.0000,0,0,多换,B,2437.0000,0.0000,0.0000,0.0000,0.0000,2438.0000,0.0000,0.0000,0.0000,0.0000,1,0,0,0,0,41,0,0,0,0
zc,WS209,2012-06-26 09:07:08.180,2437.0000,206440,0,0.0000,0.0000,0,0,多换,B,2437.0000,0.0000,0.0000,0.0000,0.0000,2438.0000,0.0000,0.0000,0.0000,0.0000,10,0,0,0,0,43,0,0,0,0
zc,WS209,2012-06-26 09:07:08.930,2437.0000,206440,0,0.0000,0.0000,0,0,多换,B,2437.0000,0.0000,0.0000,0.0000,0.0000,2438.0000,0.0000,0.0000,0.0000,0.0000,15,0,0,0,0,41,0,0,0,0
zc,WS209,2012-06-26 09:07:10.680,2437.0000,206440,0,0.0000,0.0000,0,0,多换,B,2437.0000,0.0000,0.0000,0.0000,0.0000,2438.0000,0.0000,0.0000,0.0000,0.0000,16,0,0,0,0,41,0,0,0,0
zc,WS209,2012-06-26 09:07:11.167,2437.0000,206440,0,0.0000,0.0000,0,0,多换,B,2437.0000,0.0000,0.0000,0.0000,0.0000,2438.0000,0.0000,0.0000,0.0000,0.0000,16,0,0,0,0,39,0,0,0,0
zc,WS209,2012-06-26 09:07:11.963,2437.0000,206440,0,0.0000,0.0000,0,0,多换,B,2437.0000,0.0000,0.0000,0.0000,0.0000,2438.0000,0.0000,0.0000,0.0000,0.0000,17,0,0,0,0,39,0,0,0,0
