市场代码,合约代码,时间,最新,持仓,增仓,成交额,成交量,开仓,平仓,成交类型,方向,买一价,买二价,买三价,买四价,买五价,卖一价,卖二价,卖三价,卖四价,卖五价,买一量,买二量,买三量,买四量,买五量,卖一量,卖二量,卖三量,卖四量,卖五量
zc,WS301,2012-06-26 07:42:28.337,0.0000,460994,0,0.0000,0.0000,0,0,空换,S,0.0000,0.0000,0.0000,0.0000,0.0000,0.0000,0.0000,0.0000,0.0000,0.0000,0,0,0,0,0,0,0,0,0,0
zc,WS301,2012-06-26 07:54:35.243,0.0000,460994,0,0.0000,0.0000,0,0,空换,S,0.0000,0.0000,0.0000,0.0000,0.0000,0.0000,0.0000,0.0000,0.0000,0.0000,0,0,0,0,0,0,0,0,0,0
zc,WS301,2012-06-26 08:00:35.243,0.0000,460994,0,0.0000,0.0000,0,0,空换,S,0.0000,0.0000,0.0000,0.0000,0.0000,0.0000,0.0000,0.0000,0.0000,0.0000,0,0,0,0,0,0,0,0,0,0
zc,WS301,2012-06-26 08:07:36.867,0.0000,460994,0,0.0000,0.0000,0,0,空换,S,0.0000,0.0000,0.0000,0.0000,0.0000,0.0000,0.0000,0.0000,0.0000,0.0000,0,0,0,0,0,0,0,0,0,0
zc,WS301,2012-06-26 08:36:36.867,0.0000,460994,0,0.0000,0.0000,0,0,空换,S,0.0000,0.0000,0.0000,0.0000,0.0000,0.0000,0.0000,0.0000,0.0000,0.0000,0,0,0,0,0,0,0,0,0,0
zc,WS301,2012-06-26 08:50:36.853,0.0000,460994,0,0.0000,0.0000,0,0,空换,S,0.0000,0.0000,0.0000,0.0000,0.0000,0.0000,0.0000,0.0000,0.0000,0.0000,0,0,0,0,0,0,0,0,0,0
zc,WS301,2012-06-26 08:52:36.853,0.0000,460994,0,0.0000,0.0000,0,0,空换,S,0.0000,0.0000,0.0000,0.0000,0.0000,0.0000,0.0000,0.0000,0.0000,0.0000,0,0,0,0,0,0,0,0,0,0
zc,WS301,2012-06-26 08:55:01.117,0.0000,460994,0,0.0000,0.0000,0,0,空换,S,0.0000,0.0000,0.0000,0.0000,0.0000,0.0000,0.0000,0.0000,0.0000,0.0000,0,0,0,0,0,0,0,0,0,0
zc,WS301,2012-06-26 08:57:41.587,0.0000,460994,0,0.0000,0.0000,0,0,空换,S,0.0000,0.0000,0.0000,0.0000,0.0000,0.0000,0.0000,0.0000,0.0000,0.0000,0,0,0,0,0,0,0,0,0,0
zc,WS301,2012-06-26 08:57:46.087,0.0000,460994,0,0.0000,0.0000,0,0,空换,S,0.0000,0.0000,0.0000,0.0000,0.0000,0.0000,0.0000,0.0000,0.0000,0.0000,0,0,0,0,0,0,0,0,0,0
zc,WS301,2012-06-26 09:00:00.180,2547.0000,462522,1528,0.0000,3146.0000,2337,809,多开,B,2546.0000,0.0000,0.0000,0.0000,0.0000,2547.0000,0.0000,0.0000,0.0000,0.0000,147,0,0,0,0,139,0,0,0,0
zc,WS301,2012-06-26 09:00:01.087,2547.0000,462698,176,0.0000,266.0000,221,45,多开,B,2546.0000,0.0000,0.0000,0.0000,0.0000,2547.0000,0.0000,0.0000,0.0000,0.0000,103,0,0,0,0,56,0,0,0,0
zc,WS301,2012-06-26 09:00:01.587,2549.0000,462890,192,0.0000,814.0000,503,311,多开,B,2548.0000,0.0000,0.0000,0.0000,0.0000,2549.0000,0.0000,0.0000,0.0000,0.0000,15,0,0,0,0,340,0,0,0,0
zc,WS301,2012-06-26 09:00:02.570,2548.0000,462942,52,0.0000,1248.0000,650,598,空开,S,2548.0000,0.0000,0.0000,0.0000,0.0000,2549.0000,0.0000,0.0000,0.0000,0.0000,22,0,0,0,0,255,0,0,0,0
zc,WS301,2012-06-26 09:00:03.307,2548.0000,463036,94,0.0000,1630.0000,862,768,空开,S,2547.0000,0.0000,0.0000,0.0000,0.0000,2549.0000,0.0000,0.0000,0.0000,0.0000,17,0,0,0,0,7,0,0,0,0
zc,WS301,2012-06-26 09:00:04.040,2549.0000,463100,64,0.0000,94.0000,79,15,多开,B,2549.0000,0.0000,0.0000,0.0000,0.0000,2550.0000,0.0000,0.0000,0.0000,0.0000,31,0,0,0,0,765,0,0,0,0
zc,WS301,2012-06-26 09:00:04.540,2549.0000,463182,82,0.0000,266.0000,174,92,多开,B,2549.0000,0.0000,0.0000,0.0000,0.0000,2550.0000,0.0000,0.0000,0.0000,0.0000,11,0,0,0,0,698,0,0,0,0
zc,WS301,2012-06-26 09:00:05.040,2550.0000,463334,152,0.0000,208.0000,180,28,多开,B,2548.0000,0.0000,0.0000,0.0000,0.0000,2550.0000,0.0000,0.0000,0.0000,0.0000,26,0,0,0,0,670,0,0,0,0
zc,WS301,2012-06-26 09:00:05.510,2549.0000,463382,48,0.0000,72.0000,60,12,空开,S,2548.0000,0.0000,0.0000,0.0000,0.0000,2549.0000,0.0000,0.0000,0.0000,0.0000,5,0,0,0,0,150,0,0,0,0
zc,WS301,2012-06-26 09:00:06.290,2548.0000,463416,34,0.0000,38.0000,36,2,空开,S,2547.0000,0.0000,0.0000,0.0000,0.0000,2548.0000,0.0000,0.0000,0.0000,0.0000,92,0,0,0,0,107,0,0,0,0
zc,WS301,2012-06-26 09:00:06.760,2548.0000,463452,36,0.0000,240.0000,138,102,空开,S,2547.0000,0.0000,0.0000,0.0000,0.0000,2548.0000,0.0000,0.0000,0.0000,0.0000,93,0,0,0,0,56,0,0,0,0
zc,WS301,2012-06-26 09:00:07.540,2547.0000,463516,64,0.0000,240.0000,152,88,空开,S,2547.0000,0.0000,0.0000,0.0000,0.0000,2548.0000,0.0000,0.0000,0.0000,0.0000,30,0,0,0,0,32,0,0,0,0
zc,WS301,2012-06-26 09:00:08.027,2547.0000,463526,10,0.0000,56.0000,33,23,空开,S,2547.0000,0.0000,0.0000,0.0000,0.0000,2548.0000,0.0000,0.0000,0.0000,0.0000,42,0,0,0,0,24,0,0,0,0
zc,WS301,2012-06-26 09:00:09.040,2547.0000,463532,6,0.0000,126.0000,66,60,空开,S,2546.0000,0.0000,0.0000,0.0000,0.0000,2547.0000,0.0000,0.0000,0.0000,0.0000,52,0,0,0,0,46,0,0,0,0
zc,WS301,2012-06-26 09:00:09.493,2546.0000,463492,-40,0.0000,154.0000,57,97,多平,S,2545.0000,0.0000,0.0000,0.0000,0.0000,2546.0000,0.0000,0.0000,0.0000,0.0000,86,0,0,0,0,150,0,0,0,0
zc,WS301,2012-06-26 09:00:10.213,2546.0000,463492,0,0.0000,34.0000,17,17,空换,S,2545.0000,0.0000,0.0000,0.0000,0.0000,2546.0000,0.0000,0.0000,0.0000,0.0000,85,0,0,0,0,146,0,0,0,0
zc,WS301,2012-06-26 09:00:10.727,2545.0000,463500,8,0.0000,66.0000,37,29,空开,S,2545.0000,0.0000,0.0000,0.0000,0.0000,2546.0000,0.0000,0.0000,0.0000,0.0000,70,0,0,0,0,132,0,0,0,0
zc,WS301,2012-06-26 09:00:11.557,2545.0000,463612,112,0.0000,156.0000,134,22,空开,S,2544.0000,0.0000,0.0000,0.0000,0.0000,2545.0000,0.0000,0.0000,0.0000,0.0000,112,0,0,0,0,27,0,0,0,0
zc,WS301,2012-06-26 09:00:12.040,2544.0000,463742,130,0.0000,172.0000,151,21,空开,S,2544.0000,0.0000,0.0000,0.0000,0.0000,2545.0000,0.0000,0.0000,0.0000,0.0000,62,0,0,0,0,11,0,0,0,0
zc,WS301,2012-06-26 09:00:12.697,2544.0000,463718,-24,0.0000,30.0000,3,27,多平,S,2544.0000,0.0000,0.0000,0.0000,0.0000,2545.0000,0.0000,0.0000,0.0000,0.0000,52,0,0,0,0,25,0,0,0,0
zc,WS301,2012-06-26 09:00:13.477,2544.0000,463622,-96,0.0000,132.0000,18,114,多平,S,2543.0000,0.0000,0.0000,0.0000,0.0000,2544.0000,0.0000,0.0000,0.0000,0.0000,270,0,0,0,0,265,0,0,0,0
zc,WS301,2012-06-26 09:00:14.277,2543.0000,463488,-134,0.0000,266.0000,66,200,多平,S,2543.0000,0.0000,0.0000,0.0000,0.0000,2544.0000,0.0000,0.0000,0.0000,0.0000,141,0,0,0,0,217,0,0,0,0
zc,WS301,2012-06-26 09:00:14.760,2543.0000,463474,-14,0.0000,26.0000,6,20,多平,S,2543.0000,0.0000,0.0000,0.0000,0.0000,2544.0000,0.0000,0.0000,0.0000,0.0000,107,0,0,0,0,213,0,0,0,0
zc,WS301,2012-06-26 09:00:15.510,2544.0000,463460,-14,0.0000,18.0000,2,16,空平,B,2543.0000,0.0000,0.0000,0.0000,0.0000,2544.0000,0.0000,0.0000,0.0000,0.0000,98,0,0,0,0,237,0,0,0,0
zc,WS301,2012-06-26 09:00:16.040,2543.0000,463416,-44,0.0000,68.0000,12,56,多平,S,2543.0000,0.0000,0.0000,0.0000,0.0000,2544.0000,0.0000,0.0000,0.0000,0.0000,85,0,0,0,0,216,0,0,0,0
zc,WS301,2012-06-26 09:00:16.727,2543.0000,463406,-10,0.0000,50.0000,20,30,多平,S,2543.0000,0.0000,0.0000,0.0000,0.0000,2544.0000,0.0000,0.0000,0.0000,0.0000,62,0,0,0,0,213,0,0,0,0
zc,WS301,2012-06-26 09:00:17.557,2543.0000,463392,-14,0.0000,136.0000,61,75,多平,S,2543.0000,0.0000,0.0000,0.0000,0.0000,2544.0000,0.0000,0.0000,0.0000,0.0000,170,0,0,0,0,200,0,0,0,0
zc,WS301,2012-06-26 09:00:18.493,2544.0000,463184,-208,0.0000,314.0000,53,261,空平,B,2543.0000,0.0000,0.0000,0.0000,0.0000,2544.0000,0.0000,0.0000,0.0000,0.0000,132,0,0,0,0,116,0,0,0,0
zc,WS301,2012-06-26 09:00:19.527,2543.0000,463076,-108,0.0000,128.0000,10,118,多平,S,2543.0000,0.0000,0.0000,0.0000,0.0000,2544.0000,0.0000,0.0000,0.0000,0.0000,120,0,0,0,0,86,0,0,0,0
zc,WS301,2012-06-26 09:00:20.527,2544.0000,463040,-36,0.0000,240.0000,102,138,空平,B,2544.0000,0.0000,0.0000,0.0000,0.0000,2545.0000,0.0000,0.0000,0.0000,0.0000,304,0,0,0,0,73,0,0,0,0
zc,WS301,2012-06-26 09:00:21.227,2544.0000,463062,22,0.0000,44.0000,33,11,多开,B,2544.0000,0.0000,0.0000,0.0000,0.0000,2545.0000,0.0000,0.0000,0.0000,0.0000,286,0,0,0,0,69,0,0,0,0
zc,WS301,2012-06-26 09:00:21.430,2544.0000,463040,-22,0.0000,78.0000,28,50,空平,B,2544.0000,0.0000,0.0000,0.0000,0.0000,2545.0000,0.0000,0.0000,0.0000,0.0000,302,0,0,0,0,39,0,0,0,0
zc,WS301,2012-06-26 09:00:22.197,2545.0000,463016,-24,0.0000,104.0000,40,64,空平,B,2544.0000,0.0000,0.0000,0.0000,0.0000,2545.0000,0.0000,0.0000,0.0000,0.0000,279,0,0,0,0,20,0,0,0,0
zc,WS301,2012-06-26 09:00:23.243,2545.0000,462996,-20,0.0000,80.0000,30,50,空平,B,2544.0000,0.0000,0.0000,0.0000,0.0000,2545.0000,0.0000,0.0000,0.0000,0.0000,266,0,0,0,0,1,0,0,0,0
zc,WS301,2012-06-26 09:00:23.777,2546.0000,462996,0,0.0000,38.0000,19,19,多换,B,2545.0000,0.0000,0.0000,0.0000,0.0000,2546.0000,0.0000,0.0000,0.0000,0.0000,2,0,0,0,0,135,0,0,0,0
zc,WS301,2012-06-26 09:00:24.527,2546.0000,462998,2,0.0000,8.0000,5,3,多开,B,2545.0000,0.0000,0.0000,0.0000,0.0000,2546.0000,0.0000,0.0000,0.0000,0.0000,37,0,0,0,0,133,0,0,0,0
zc,WS301,2012-06-26 09:00:24.977,2545.0000,463004,6,0.0000,44.0000,25,19,空开,S,2545.0000,0.0000,0.0000,0.0000,0.0000,2546.0000,0.0000,0.0000,0.0000,0.0000,100,0,0,0,0,121,0,0,0,0
zc,WS301,2012-06-26 09:00:25.713,2546.0000,463006,2,0.0000,174.0000,88,86,多开,B,2545.0000,0.0000,0.0000,0.0000,0.0000,2546.0000,0.0000,0.0000,0.0000,0.0000,53,0,0,0,0,90,0,0,0,0
zc,WS301,2012-06-26 09:00:26.527,2546.0000,463004,-2,0.0000,54.0000,26,28,空平,B,2545.0000,0.0000,0.0000,0.0000,0.0000,2546.0000,0.0000,0.0000,0.0000,0.0000,172,0,0,0,0,67,0,0,0,0
zc,WS301,2012-06-26 09:00:26.947,2545.0000,463032,28,0.0000,82.0000,55,27,空开,S,2545.0000,0.0000,0.0000,0.0000,0.0000,2546.0000,0.0000,0.0000,0.0000,0.0000,157,0,0,0,0,42,0,0,0,0
zc,WS301,2012-06-26 09:00:27.697,2546.0000,463050,18,0.0000,52.0000,35,17,多开,B,2545.0000,0.0000,0.0000,0.0000,0.0000,2546.0000,0.0000,0.0000,0.0000,0.0000,157,0,0,0,0,19,0,0,0,0
zc,WS301,2012-06-26 09:00:28.213,2546.0000,463078,28,0.0000,86.0000,57,29,多开,B,2546.0000,0.0000,0.0000,0.0000,0.0000,2547.0000,0.0000,0.0000,0.0000,0.0000,13,0,0,0,0,40,0,0,0,0
zc,WS301,2012-06-26 09:00:28.917,2546.0000,463078,0,0.0000,210.0000,105,105,多换,B,2546.0000,0.0000,0.0000,0.0000,0.0000,2547.0000,0.0000,0.0000,0.0000,0.0000,4,0,0,0,0,23,0,0,0,0
zc,WS301,2012-06-26 09:00:29.510,2546.0000,463082,4,0.0000,40.0000,22,18,多开,B,2546.0000,0.0000,0.0000,0.0000,0.0000,2547.0000,0.0000,0.0000,0.0000,0.0000,20,0,0,0,0,28,0,0,0,0
zc,WS301,2012-06-26 09:00:30.227,2546.0000,463114,32,0.0000,52.0000,42,10,多开,B,2546.0000,0.0000,0.0000,0.0000,0.0000,2547.0000,0.0000,0.0000,0.0000,0.0000,1,0,0,0,0,48,0,0,0,0
zc,WS301,2012-06-26 09:00:30.777,2546.0000,463116,2,0.0000,76.0000,39,37,多开,B,2545.0000,0.0000,0.0000,0.0000,0.0000,2546.0000,0.0000,0.0000,0.0000,0.0000,77,0,0,0,0,11,0,0,0,0
zc,WS301,2012-06-26 09:00:31.493,2546.0000,463118,2,0.0000,50.0000,26,24,多开,B,2545.0000,0.0000,0.0000,0.0000,0.0000,2547.0000,0.0000,0.0000,0.0000,0.0000,77,0,0,0,0,59,0,0,0,0
zc,WS301,2012-06-26 09:00:31.977,2546.0000,463118,0,0.0000,38.0000,19,19,多换,B,2545.0000,0.0000,0.0000,0.0000,0.0000,2546.0000,0.0000,0.0000,0.0000,0.0000,69,0,0,0,0,39,0,0,0,0
zc,WS301,2012-06-26 09:00:32.743,2546.0000,463118,0,0.0000,60.0000,30,30,多换,B,2545.0000,0.0000,0.0000,0.0000,0.0000,2546.0000,0.0000,0.0000,0.0000,0.0000,70,0,0,0,0,50,0,0,0,0
zc,WS301,2012-06-26 09:00:33.197,2546.0000,463118,0,0.0000,8.0000,4,4,多换,B,2545.0000,0.0000,0.0000,0.0000,0.0000,2546.0000,0.0000,0.0000,0.0000,0.0000,67,0,0,0,0,80,0,0,0,0
zc,WS301,2012-06-26 09:00:33.977,2546.0000,463102,-16,0.0000,108.0000,46,62,空平,B,2545.0000,0.0000,0.0000,0.0000,0.0000,2546.0000,0.0000,0.0000,0.0000,0.0000,68,0,0,0,0,134,0,0,0,0
zc,WS301,2012-06-26 09:00:34.477,2545.0000,463102,0,0.0000,244.0000,122,122,空换,S,2544.0000,0.0000,0.0000,0.0000,0.0000,2545.0000,0.0000,0.0000,0.0000,0.0000,130,0,0,0,0,44,0,0,0,0
zc,WS301,2012-06-26 09:00:35.213,2545.0000,463102,0,0.0000,52.0000,26,26,空换,S,2544.0000,0.0000,0.0000,0.0000,0.0000,2545.0000,0.0000,0.0000,0.0000,0.0000,130,0,0,0,0,88,0,0,0,0
zc,WS301,2012-06-26 09:00:35.680,2545.0000,463102,0,0.0000,32.0000,16,16,空换,S,2544.0000,0.0000,0.0000,0.0000,0.0000,2545.0000,0.0000,0.0000,0.0000,0.0000,130,0,0,0,0,74,0,0,0,0
zc,WS301,2012-06-26 09:00:36.477,2545.0000,463080,-22,0.0000,22.0000,0,22,双平,S,2544.0000,0.0000,0.0000,0.0000,0.0000,2545.0000,0.0000,0.0000,0.0000,0.0000,116,0,0,0,0,76,0,0,0,0
zc,WS301,2012-06-26 09:00:36.867,2545.0000,463080,0,0.0000,152.0000,76,76,空换,S,2545.0000,0.0000,0.0000,0.0000,0.0000,2546.0000,0.0000,0.0000,0.0000,0.0000,24,0,0,0,0,156,0,0,0,0
zc,WS301,2012-06-26 09:00:37.027,2545.0000,463080,0,0.0000,6.0000,3,3,空换,S,2545.0000,0.0000,0.0000,0.0000,0.0000,2546.0000,0.0000,0.0000,0.0000,0.0000,22,0,0,0,0,156,0,0,0,0
zc,WS301,2012-06-26 09:00:37.743,2545.0000,463080,0,0.0000,46.0000,23,23,空换,S,2544.0000,0.0000,0.0000,0.0000,0.0000,2545.0000,0.0000,0.0000,0.0000,0.0000,116,0,0,0,0,2,0,0,0,0
zc,WS301,2012-06-26 09:00:38.743,2544.0000,462900,-180,0.0000,390.0000,105,285,多平,S,2543.0000,0.0000,0.0000,0.0000,0.0000,2544.0000,0.0000,0.0000,0.0000,0.0000,130,0,0,0,0,46,0,0,0,0
zc,WS301,2012-06-26 09:00:39.277,2545.0000,462882,-18,0.0000,112.0000,47,65,空平,B,2543.0000,0.0000,0.0000,0.0000,0.0000,2545.0000,0.0000,0.0000,0.0000,0.0000,132,0,0,0,0,6,0,0,0,0
zc,WS301,2012-06-26 09:00:39.760,2544.0000,462874,-8,0.0000,36.0000,14,22,多平,S,2544.0000,0.0000,0.0000,0.0000,0.0000,2545.0000,0.0000,0.0000,0.0000,0.0000,94,0,0,0,0,21,0,0,0,0
zc,WS301,2012-06-26 09:00:40.477,2545.0000,462874,0,0.0000,24.0000,12,12,多换,B,2544.0000,0.0000,0.0000,0.0000,0.0000,2545.0000,0.0000,0.0000,0.0000,0.0000,94,0,0,0,0,63,0,0,0,0
zc,WS301,2012-06-26 09:00:40.947,2544.0000,462876,2,0.0000,24.0000,13,11,空开,S,2544.0000,0.0000,0.0000,0.0000,0.0000,2545.0000,0.0000,0.0000,0.0000,0.0000,96,0,0,0,0,68,0,0,0,0
zc,WS301,2012-06-26 09:00:41.713,2545.0000,462742,-134,0.0000,182.0000,24,158,空平,B,2545.0000,0.0000,0.0000,0.0000,0.0000,2546.0000,0.0000,0.0000,0.0000,0.0000,109,0,0,0,0,138,0,0,0,0
zc,WS301,2012-06-26 09:00:42.243,2545.0000,462716,-26,0.0000,90.0000,32,58,空平,B,2545.0000,0.0000,0.0000,0.0000,0.0000,2546.0000,0.0000,0.0000,0.0000,0.0000,75,0,0,0,0,160,0,0,0,0
zc,WS301,2012-06-26 09:00:42.947,2545.0000,462682,-34,0.0000,58.0000,12,46,空平,B,2545.0000,0.0000,0.0000,0.0000,0.0000,2546.0000,0.0000,0.0000,0.0000,0.0000,64,0,0,0,0,161,0,0,0,0
zc,WS301,2012-06-26 09:00:43.447,2545.0000,462612,-70,0.0000,104.0000,17,87,空平,B,2545.0000,0.0000,0.0000,0.0000,0.0000,2546.0000,0.0000,0.0000,0.0000,0.0000,68,0,0,0,0,173,0,0,0,0
zc,WS301,2012-06-26 09:00:44.260,2545.0000,462612,0,0.0000,84.0000,42,42,多换,B,2545.0000,0.0000,0.0000,0.0000,0.0000,2546.0000,0.0000,0.0000,0.0000,0.0000,27,0,0,0,0,173,0,0,0,0
zc,WS301,2012-06-26 09:00:44.743,2545.0000,462612,0,0.0000,14.0000,7,7,多换,B,2545.0000,0.0000,0.0000,0.0000,0.0000,2546.0000,0.0000,0.0000,0.0000,0.0000,121,0,0,0,0,274,0,0,0,0
zc,WS301,2012-06-26 09:00:45.527,2545.0000,462596,-16,0.0000,56.0000,20,36,空平,B,2545.0000,0.0000,0.0000,0.0000,0.0000,2546.0000,0.0000,0.0000,0.0000,0.0000,107,0,0,0,0,281,0,0,0,0
zc,WS301,2012-06-26 09:00:45.993,2545.0000,462610,14,0.0000,40.0000,27,13,多开,B,2545.0000,0.0000,0.0000,0.0000,0.0000,2546.0000,0.0000,0.0000,0.0000,0.0000,106,0,0,0,0,271,0,0,0,0
zc,WS301,2012-06-26 09:00:46.743,2545.0000,462434,-176,0.0000,406.0000,115,291,空平,B,2545.0000,0.0000,0.0000,0.0000,0.0000,2546.0000,0.0000,0.0000,0.0000,0.0000,5,0,0,0,0,277,0,0,0,0
zc,WS301,2012-06-26 09:00:47.510,2545.0000,462438,4,0.0000,10.0000,7,3,多开,B,2544.0000,0.0000,0.0000,0.0000,0.0000,2545.0000,0.0000,0.0000,0.0000,0.0000,143,0,0,0,0,10,0,0,0,0
zc,WS301,2012-06-26 09:00:47.993,2546.0000,462478,40,0.0000,40.0000,40,0,双开,B,2544.0000,0.0000,0.0000,0.0000,0.0000,2545.0000,0.0000,0.0000,0.0000,0.0000,143,0,0,0,0,11,0,0,0,0
zc,WS301,2012-06-26 09:00:48.777,2546.0000,462488,10,0.0000,42.0000,26,16,多开,B,2544.0000,0.0000,0.0000,0.0000,0.0000,2545.0000,0.0000,0.0000,0.0000,0.0000,163,0,0,0,0,1,0,0,0,0
zc,WS301,2012-06-26 09:00:49.243,2546.0000,462490,2,0.0000,114.0000,58,56,多开,B,2545.0000,0.0000,0.0000,0.0000,0.0000,2546.0000,0.0000,0.0000,0.0000,0.0000,11,0,0,0,0,257,0,0,0,0
zc,WS301,2012-06-26 09:00:49.993,2545.0000,462490,0,0.0000,22.0000,11,11,空换,S,2545.0000,0.0000,0.0000,0.0000,0.0000,2546.0000,0.0000,0.0000,0.0000,0.0000,26,0,0,0,0,258,0,0,0,0
zc,WS301,2012-06-26 09:00:50.760,2545.0000,462498,8,0.0000,60.0000,34,26,空开,S,2545.0000,0.0000,0.0000,0.0000,0.0000,2546.0000,0.0000,0.0000,0.0000,0.0000,15,0,0,0,0,283,0,0,0,0
zc,WS301,2012-06-26 09:00:51.243,2545.0000,462496,-2,0.0000,2.0000,0,2,双平,S,2545.0000,0.0000,0.0000,0.0000,0.0000,2546.0000,0.0000,0.0000,0.0000,0.0000,23,0,0,0,0,290,0,0,0,0
zc,WS301,2012-06-26 09:00:51.993,2545.0000,462478,-18,0.0000,46.0000,14,32,多平,S,2544.0000,0.0000,0.0000,0.0000,0.0000,2546.0000,0.0000,0.0000,0.0000,0.0000,131,0,0,0,0,316,0,0,0,0
zc,WS301,2012-06-26 09:00:52.777,2546.0000,462488,10,0.0000,30.0000,20,10,多开,B,2544.0000,0.0000,0.0000,0.0000,0.0000,2546.0000,0.0000,0.0000,0.0000,0.0000,150,0,0,0,0,308,0,0,0,0
zc,WS301,2012-06-26 09:00:53.260,2546.0000,462488,0,0.0000,0.0000,0,0,多换,B,2544.0000,0.0000,0.0000,0.0000,0.0000,2545.0000,0.0000,0.0000,0.0000,0.0000,151,0,0,0,0,30,0,0,0,0
zc,WS301,2012-06-26 09:00:53.947,2544.0000,462682,194,0.0000,196.0000,195,1,空开,S,2544.0000,0.0000,0.0000,0.0000,0.0000,2545.0000,0.0000,0.0000,0.0000,0.0000,84,0,0,0,0,39,0,0,0,0
zc,WS301,2012-06-26 09:00:54.463,2545.0000,462684,2,0.0000,2.0000,2,0,双开,B,2544.0000,0.0000,0.0000,0.0000,0.0000,2545.0000,0.0000,0.0000,0.0000,0.0000,84,0,0,0,0,41,0,0,0,0
zc,WS301,2012-06-26 09:00:55.227,2545.0000,462742,58,0.0000,84.0000,71,13,多开,B,2544.0000,0.0000,0.0000,0.0000,0.0000,2545.0000,0.0000,0.0000,0.0000,0.0000,81,0,0,0,0,12,0,0,0,0
zc,WS301,2012-06-26 09:00:55.667,2546.0000,462730,-12,0.0000,26.0000,7,19,空平,B,2545.0000,0.0000,0.0000,0.0000,0.0000,2546.0000,0.0000,0.0000,0.0000,0.0000,2,0,0,0,0,333,0,0,0,0
zc,WS301,2012-06-26 09:00:56.463,2544.0000,462744,14,0.0000,194.0000,104,90,空开,S,2543.0000,0.0000,0.0000,0.0000,0.0000,2544.0000,0.0000,0.0000,0.0000,0.0000,136,0,0,0,0,16,0,0,0,0
zc,WS301,2012-06-26 09:00:56.930,2544.0000,462744,0,0.0000,20.0000,10,10,空换,S,2543.0000,0.0000,0.0000,0.0000,0.0000,2544.0000,0.0000,0.0000,0.0000,0.0000,141,0,0,0,0,6,0,0,0,0
zc,WS301,2012-06-26 09:00:57.777,2545.0000,462750,6,0.0000,20.0000,13,7,多开,B,2543.0000,0.0000,0.0000,0.0000,0.0000,2545.0000,0.0000,0.0000,0.0000,0.0000,143,0,0,0,0,16,0,0,0,0
zc,WS301,2012-06-26 09:00:57.947,2545.0000,462750,0,0.0000,0.0000,0,0,多换,B,2544.0000,0.0000,0.0000,0.0000,0.0000,2545.0000,0.0000,0.0000,0.0000,0.0000,1,0,0,0,0,19,0,0,0,0
zc,WS301,2012-06-26 09:00:59.260,2545.0000,462758,8,0.0000,20.0000,14,6,多开,B,2543.0000,0.0000,0.0000,0.0000,0.0000,2544.0000,0.0000,0.0000,0.0000,0.0000,130,0,0,0,0,487,0,0,0,0
zc,WS301,2012-06-26 09:00:59.713,2544.0000,462756,-2,0.0000,40.0000,19,21,多平,S,2543.0000,0.0000,0.0000,0.0000,0.0000,2544.0000,0.0000,0.0000,0.0000,0.0000,128,0,0,0,0,470,0,0,0,0
zc,WS301,2012-06-26 09:01:00.493,2544.0000,462744,-12,0.0000,24.0000,6,18,多平,S,2543.0000,0.0000,0.0000,0.0000,0.0000,2544.0000,0.0000,0.0000,0.0000,0.0000,122,0,0,0,0,463,0,0,0,0
zc,WS301,2012-06-26 09:01:01.027,2544.0000,462560,-184,0.0000,486.0000,151,335,多平,S,2543.0000,0.0000,0.0000,0.0000,0.0000,2544.0000,0.0000,0.0000,0.0000,0.0000,22,0,0,0,0,363,0,0,0,0
zc,WS301,2012-06-26 09:01:01.760,2543.0000,462552,-8,0.0000,18.0000,5,13,多平,S,2543.0000,0.0000,0.0000,0.0000,0.0000,2544.0000,0.0000,0.0000,0.0000,0.0000,15,0,0,0,0,361,0,0,0,0
zc,WS301,2012-06-26 09:01:02.493,2543.0000,462548,-4,0.0000,10.0000,3,7,多平,S,2543.0000,0.0000,0.0000,0.0000,0.0000,2544.0000,0.0000,0.0000,0.0000,0.0000,11,0,0,0,0,364,0,0,0,0
zc,WS301,2012-06-26 09:01:03.243,2543.0000,462556,8,0.0000,74.0000,41,33,空开,S,2542.0000,0.0000,0.0000,0.0000,0.0000,2543.0000,0.0000,0.0000,0.0000,0.0000,296,0,0,0,0,75,0,0,0,0
zc,WS301,2012-06-26 09:01:03.697,2543.0000,462602,46,0.0000,48.0000,47,1,空开,S,2542.0000,0.0000,0.0000,0.0000,0.0000,2543.0000,0.0000,0.0000,0.0000,0.0000,419,0,0,0,0,355,0,0,0,0
zc,WS301,2012-06-26 09:01:04.477,2543.0000,462642,40,0.0000,40.0000,40,0,双开,S,2542.0000,0.0000,0.0000,0.0000,0.0000,2543.0000,0.0000,0.0000,0.0000,0.0000,424,0,0,0,0,339,0,0,0,0
zc,WS301,2012-06-26 09:01:04.947,2543.0000,462658,16,0.0000,18.0000,17,1,空开,S,2542.0000,0.0000,0.0000,0.0000,0.0000,2543.0000,0.0000,0.0000,0.0000,0.0000,419,0,0,0,0,333,0,0,0,0
zc,WS301,2012-06-26 09:01:05.743,2543.0000,462686,28,0.0000,32.0000,30,2,空开,S,2542.0000,0.0000,0.0000,0.0000,0.0000,2543.0000,0.0000,0.0000,0.0000,0.0000,413,0,0,0,0,338,0,0,0,0
zc,WS301,2012-06-26 09:01:06.213,2543.0000,462670,-16,0.0000,50.0000,17,33,多平,S,2542.0000,0.0000,0.0000,0.0000,0.0000,2543.0000,0.0000,0.0000,0.0000,0.0000,401,0,0,0,0,324,0,0,0,0
zc,WS301,2012-06-26 09:01:06.993,2542.0000,462670,0,0.0000,238.0000,119,119,空换,S,2542.0000,0.0000,0.0000,0.0000,0.0000,2543.0000,0.0000,0.0000,0.0000,0.0000,300,0,0,0,0,313,0,0,0,0
zc,WS301,2012-06-26 09:01:07.447,2542.0000,462672,2,0.0000,10.0000,6,4,空开,S,2542.0000,0.0000,0.0000,0.0000,0.0000,2543.0000,0.0000,0.0000,0.0000,0.0000,295,0,0,0,0,314,0,0,0,0
zc,WS301,2012-06-26 09:01:08.540,2543.0000,462672,0,0.0000,14.0000,7,7,多换,B,2542.0000,0.0000,0.0000,0.0000,0.0000,2543.0000,0.0000,0.0000,0.0000,0.0000,300,0,0,0,0,312,0,0,0,0
zc,WS301,2012-06-26 09:01:08.977,2543.0000,462672,0,0.0000,18.0000,9,9,多换,B,2542.0000,0.0000,0.0000,0.0000,0.0000,2543.0000,0.0000,0.0000,0.0000,0.0000,300,0,0,0,0,367,0,0,0,0
zc,WS301,2012-06-26 09:01:09.713,2542.0000,462670,-2,0.0000,28.0000,13,15,多平,S,2542.0000,0.0000,0.0000,0.0000,0.0000,2543.0000,0.0000,0.0000,0.0000,0.0000,298,0,0,0,0,379,0,0,0,0
zc,WS301,2012-06-26 09:01:10.180,2543.0000,462668,-2,0.0000,2.0000,0,2,双平,B,2542.0000,0.0000,0.0000,0.0000,0.0000,2543.0000,0.0000,0.0000,0.0000,0.0000,298,0,0,0,0,380,0,0,0,0
zc,WS301,2012-06-26 09:01:10.977,2543.0000,462668,0,0.0000,80.0000,40,40,多换,B,2542.0000,0.0000,0.0000,0.0000,0.0000,2543.0000,0.0000,0.0000,0.0000,0.0000,298,0,0,0,0,340,0,0,0,0
zc,WS301,2012-06-26 09:01:11.493,2543.0000,462768,100,0.0000,104.0000,102,2,多开,B,2542.0000,0.0000,0.0000,0.0000,0.0000,2543.0000,0.0000,0.0000,0.0000,0.0000,249,0,0,0,0,345,0,0,0,0
zc,WS301,2012-06-26 09:01:12.197,2542.0000,462770,2,0.0000,204.0000,103,101,空开,S,2542.0000,0.0000,0.0000,0.0000,0.0000,2543.0000,0.0000,0.0000,0.0000,0.0000,249,0,0,0,0,258,0,0,0,0
zc,WS301,2012-06-26 09:01:12.713,2542.0000,462752,-18,0.0000,362.0000,172,190,多平,S,2542.0000,0.0000,0.0000,0.0000,0.0000,2543.0000,0.0000,0.0000,0.0000,0.0000,163,0,0,0,0,178,0,0,0,0
zc,WS301,2012-06-26 09:01:13.167,2543.0000,462752,0,0.0000,4.0000,2,2,多换,B,2542.0000,0.0000,0.0000,0.0000,0.0000,2543.0000,0.0000,0.0000,0.0000,0.0000,167,0,0,0,0,176,0,0,0,0
zc,WS301,2012-06-26 09:01:13.743,2543.0000,462544,-208,0.0000,392.0000,92,300,空平,B,2542.0000,0.0000,0.0000,0.0000,0.0000,2543.0000,0.0000,0.0000,0.0000,0.0000,11,0,0,0,0,148,0,0,0,0
zc,WS301,2012-06-26 09:01:14.510,2542.0000,462566,22,0.0000,34.0000,28,6,空开,S,2541.0000,0.0000,0.0000,0.0000,0.0000,2542.0000,0.0000,0.0000,0.0000,0.0000,536,0,0,0,0,34,0,0,0,0
zc,WS301,2012-06-26 09:01:14.963,2542.0000,462576,10,0.0000,10.0000,10,0,双开,S,2541.0000,0.0000,0.0000,0.0000,0.0000,2542.0000,0.0000,0.0000,0.0000,0.0000,542,0,0,0,0,29,0,0,0,0
zc,WS301,2012-06-26 09:01:15.680,2542.0000,462474,-102,0.0000,168.0000,33,135,多平,S,2541.0000,0.0000,0.0000,0.0000,0.0000,2542.0000,0.0000,0.0000,0.0000,0.0000,526,0,0,0,0,8,0,0,0,0
zc,WS301,2012-06-26 09:01:16.213,2542.0000,462474,0,0.0000,16.0000,8,8,空换,S,2542.0000,0.0000,0.0000,0.0000,0.0000,2543.0000,0.0000,0.0000,0.0000,0.0000,19,0,0,0,0,167,0,0,0,0
zc,WS301,2012-06-26 09:01:16.947,2543.0000,462474,0,0.0000,10.0000,5,5,多换,B,2542.0000,0.0000,0.0000,0.0000,0.0000,2543.0000,0.0000,0.0000,0.0000,0.0000,53,0,0,0,0,162,0,0,0,0
zc,WS301,2012-06-26 09:01:17.463,2542.0000,462474,0,0.0000,6.0000,3,3,空换,S,2542.0000,0.0000,0.0000,0.0000,0.0000,2543.0000,0.0000,0.0000,0.0000,0.0000,69,0,0,0,0,159,0,0,0,0
zc,WS301,2012-06-26 09:01:18.493,2543.0000,462462,-12,0.0000,16.0000,2,14,空平,B,2542.0000,0.0000,0.0000,0.0000,0.0000,2543.0000,0.0000,0.0000,0.0000,0.0000,77,0,0,0,0,148,0,0,0,0
zc,WS301,2012-06-26 09:01:19.010,2542.0000,462494,32,0.0000,56.0000,44,12,空开,S,2542.0000,0.0000,0.0000,0.0000,0.0000,2543.0000,0.0000,0.0000,0.0000,0.0000,62,0,0,0,0,151,0,0,0,0
zc,WS301,2012-06-26 09:01:19.697,2542.0000,462494,0,0.0000,28.0000,14,14,空换,S,2542.0000,0.0000,0.0000,0.0000,0.0000,2543.0000,0.0000,0.0000,0.0000,0.0000,67,0,0,0,0,139,0,0,0,0
zc,WS301,2012-06-26 09:01:20.180,2542.0000,462492,-2,0.0000,10.0000,4,6,多平,S,2542.0000,0.0000,0.0000,0.0000,0.0000,2543.0000,0.0000,0.0000,0.0000,0.0000,65,0,0,0,0,148,0,0,0,0
zc,WS301,2012-06-26 09:01:20.930,2542.0000,462492,0,0.0000,8.0000,4,4,空换,S,2542.0000,0.0000,0.0000,0.0000,0.0000,2543.0000,0.0000,0.0000,0.0000,0.0000,70,0,0,0,0,146,0,0,0,0
zc,WS301,2012-06-26 09:01:21.510,2542.0000,462474,-18,0.0000,22.0000,2,20,多平,S,2542.0000,0.0000,0.0000,0.0000,0.0000,2543.0000,0.0000,0.0000,0.0000,0.0000,88,0,0,0,0,165,0,0,0,0
zc,WS301,2012-06-26 09:01:22.213,2543.0000,462470,-4,0.0000,6.0000,1,5,空平,B,2542.0000,0.0000,0.0000,0.0000,0.0000,2543.0000,0.0000,0.0000,0.0000,0.0000,160,0,0,0,0,164,0,0,0,0
zc,WS301,2012-06-26 09:01:22.713,2543.0000,462520,50,0.0000,104.0000,77,27,多开,B,2542.0000,0.0000,0.0000,0.0000,0.0000,2543.0000,0.0000,0.0000,0.0000,0.0000,123,0,0,0,0,163,0,0,0,0
zc,WS301,2012-06-26 09:01:23.213,2543.0000,462332,-188,0.0000,320.0000,66,254,空平,B,2542.0000,0.0000,0.0000,0.0000,0.0000,2543.0000,0.0000,0.0000,0.0000,0.0000,127,0,0,0,0,13,0,0,0,0
zc,WS301,2012-06-26 09:01:23.963,2543.0000,462334,2,0.0000,24.0000,13,11,多开,B,2543.0000,0.0000,0.0000,0.0000,0.0000,2544.0000,0.0000,0.0000,0.0000,0.0000,100,0,0,0,0,83,0,0,0,0
zc,WS301,2012-06-26 09:01:24.493,2543.0000,462338,4,0.0000,6.0000,5,1,多开,B,2543.0000,0.0000,0.0000,0.0000,0.0000,2544.0000,0.0000,0.0000,0.0000,0.0000,100,0,0,0,0,85,0,0,0,0
zc,WS301,2012-06-26 09:01:25.260,2544.0000,462372,34,0.0000,54.0000,44,10,多开,B,2543.0000,0.0000,0.0000,0.0000,0.0000,2544.0000,0.0000,0.0000,0.0000,0.0000,139,0,0,0,0,110,0,0,0,0
zc,WS301,2012-06-26 09:01:25.743,2543.0000,462380,8,0.0000,10.0000,9,1,空开,S,2543.0000,0.0000,0.0000,0.0000,0.0000,2544.0000,0.0000,0.0000,0.0000,0.0000,140,0,0,0,0,126,0,0,0,0
zc,WS301,2012-06-26 09:01:26.430,2544.0000,462398,18,0.0000,224.0000,121,103,多开,B,2544.0000,0.0000,0.0000,0.0000,0.0000,2545.0000,0.0000,0.0000,0.0000,0.0000,258,0,0,0,0,284,0,0,0,0
zc,WS301,2012-06-26 09:01:26.930,2544.0000,462398,0,0.0000,6.0000,3,3,多换,B,2544.0000,0.0000,0.0000,0.0000,0.0000,2545.0000,0.0000,0.0000,0.0000,0.0000,258,0,0,0,0,284,0,0,0,0
zc,WS301,2012-06-26 09:01:27.713,2544.0000,462402,4,0.0000,208.0000,106,102,多开,B,2544.0000,0.0000,0.0000,0.0000,0.0000,2545.0000,0.0000,0.0000,0.0000,0.0000,171,0,0,0,0,281,0,0,0,0
zc,WS301,2012-06-26 09:01:28.213,2544.0000,462404,2,0.0000,26.0000,14,12,多开,B,2544.0000,0.0000,0.0000,0.0000,0.0000,2545.0000,0.0000,0.0000,0.0000,0.0000,159,0,0,0,0,290,0,0,0,0
zc,WS301,2012-06-26 09:01:28.930,2544.0000,462404,0,0.0000,6.0000,3,3,多换,B,2544.0000,0.0000,0.0000,0.0000,0.0000,2545.0000,0.0000,0.0000,0.0000,0.0000,157,0,0,0,0,291,0,0,0,0
zc,WS301,2012-06-26 09:01:29.463,2545.0000,462558,154,0.0000,304.0000,229,75,多开,B,2544.0000,0.0000,0.0000,0.0000,0.0000,2545.0000,0.0000,0.0000,0.0000,0.0000,155,0,0,0,0,373,0,0,0,0
zc,WS301,2012-06-26 09:01:30.227,2545.0000,462558,0,0.0000,2.0000,1,1,多换,B,2544.0000,0.0000,0.0000,0.0000,0.0000,2545.0000,0.0000,0.0000,0.0000,0.0000,160,0,0,0,0,374,0,0,0,0
zc,WS301,2012-06-26 09:01:30.667,2545.0000,462558,0,0.0000,44.0000,22,22,多换,B,2544.0000,0.0000,0.0000,0.0000,0.0000,2545.0000,0.0000,0.0000,0.0000,0.0000,151,0,0,0,0,372,0,0,0,0
zc,WS301,2012-06-26 09:01:31.227,2544.0000,462578,20,0.0000,34.0000,27,7,空开,S,2544.0000,0.0000,0.0000,0.0000,0.0000,2545.0000,0.0000,0.0000,0.0000,0.0000,136,0,0,0,0,372,0,0,0,0
zc,WS301,2012-06-26 09:01:31.977,2545.0000,462580,2,0.0000,8.0000,5,3,多开,B,2544.0000,0.0000,0.0000,0.0000,0.0000,2545.0000,0.0000,0.0000,0.0000,0.0000,135,0,0,0,0,380,0,0,0,0
zc,WS301,2012-06-26 09:01:32.447,2545.0000,462580,0,0.0000,0.0000,0,0,多换,B,2544.0000,0.0000,0.0000,0.0000,0.0000,2545.0000,0.0000,0.0000,0.0000,0.0000,135,0,0,0,0,384,0,0,0,0
zc,WS301,2012-06-26 09:01:33.197,2545.0000,462628,48,0.0000,216.0000,132,84,多开,B,2544.0000,0.0000,0.0000,0.0000,0.0000,2545.0000,0.0000,0.0000,0.0000,0.0000,146,0,0,0,0,280,0,0,0,0
zc,WS301,2012-06-26 09:01:33.430,2545.0000,462660,32,0.0000,420.0000,226,194,多开,B,2544.0000,0.0000,0.0000,0.0000,0.0000,2545.0000,0.0000,0.0000,0.0000,0.0000,144,0,0,0,0,87,0,0,0,0
zc,WS301,2012-06-26 09:01:34.167,2544.0000,462660,0,0.0000,14.0000,7,7,空换,S,2544.0000,0.0000,0.0000,0.0000,0.0000,2545.0000,0.0000,0.0000,0.0000,0.0000,138,0,0,0,0,86,0,0,0,0
zc,WS301,2012-06-26 09:01:34.697,2545.0000,462660,0,0.0000,86.0000,43,43,多换,B,2544.0000,0.0000,0.0000,0.0000,0.0000,2545.0000,0.0000,0.0000,0.0000,0.0000,157,0,0,0,0,44,0,0,0,0
zc,WS301,2012-06-26 09:01:35.447,2545.0000,462682,22,0.0000,104.0000,63,41,多开,B,2545.0000,0.0000,0.0000,0.0000,0.0000,2546.0000,0.0000,0.0000,0.0000,0.0000,35,0,0,0,0,292,0,0,0,0
zc,WS301,2012-06-26 09:01:35.930,2545.0000,462690,8,0.0000,24.0000,16,8,多开,B,2545.0000,0.0000,0.0000,0.0000,0.0000,2546.0000,0.0000,0.0000,0.0000,0.0000,183,0,0,0,0,294,0,0,0,0
zc,WS301,2012-06-26 09:01:36.430,2546.0000,462688,-2,0.0000,2.0000,0,2,双平,B,2545.0000,0.0000,0.0000,0.0000,0.0000,2546.0000,0.0000,0.0000,0.0000,0.0000,191,0,0,0,0,314,0,0,0,0
zc,WS301,2012-06-26 09:01:37.197,2545.0000,462710,22,0.0000,38.0000,30,8,空开,S,2545.0000,0.0000,0.0000,0.0000,0.0000,2546.0000,0.0000,0.0000,0.0000,0.0000,259,0,0,0,0,306,0,0,0,0
zc,WS301,2012-06-26 09:01:37.617,2545.0000,462714,4,0.0000,12.0000,8,4,空开,S,2545.0000,0.0000,0.0000,0.0000,0.0000,2546.0000,0.0000,0.0000,0.0000,0.0000,256,0,0,0,0,302,0,0,0,0
zc,WS301,2012-06-26 09:01:38.447,2546.0000,462732,18,0.0000,186.0000,102,84,多开,B,2545.0000,0.0000,0.0000,0.0000,0.0000,2546.0000,0.0000,0.0000,0.0000,0.0000,241,0,0,0,0,222,0,0,0,0
zc,WS301,2012-06-26 09:01:38.947,2545.0000,462756,24,0.0000,28.0000,26,2,空开,S,2545.0000,0.0000,0.0000,0.0000,0.0000,2546.0000,0.0000,0.0000,0.0000,0.0000,229,0,0,0,0,229,0,0,0,0
zc,WS301,2012-06-26 09:01:39.680,2546.0000,462984,228,0.0000,234.0000,231,3,多开,B,2545.0000,0.0000,0.0000,0.0000,0.0000,2546.0000,0.0000,0.0000,0.0000,0.0000,116,0,0,0,0,213,0,0,0,0
zc,WS301,2012-06-26 09:01:40.180,2545.0000,462992,8,0.0000,8.0000,8,0,双开,S,2545.0000,0.0000,0.0000,0.0000,0.0000,2546.0000,0.0000,0.0000,0.0000,0.0000,118,0,0,0,0,213,0,0,0,0
zc,WS301,2012-06-26 09:01:40.947,2546.0000,463008,16,0.0000,364.0000,190,174,多开,B,2545.0000,0.0000,0.0000,0.0000,0.0000,2546.0000,0.0000,0.0000,0.0000,0.0000,91,0,0,0,0,65,0,0,0,0
zc,WS301,2012-06-26 09:01:41.477,2546.0000,463058,50,0.0000,132.0000,91,41,多开,B,2545.0000,0.0000,0.0000,0.0000,0.0000,2546.0000,0.0000,0.0000,0.0000,0.0000,28,0,0,0,0,91,0,0,0,0
zc,WS301,2012-06-26 09:01:42.180,2546.0000,463080,22,0.0000,26.0000,24,2,多开,B,2545.0000,0.0000,0.0000,0.0000,0.0000,2546.0000,0.0000,0.0000,0.0000,0.0000,25,0,0,0,0,78,0,0,0,0
zc,WS301,2012-06-26 09:01:42.463,2546.0000,463122,42,0.0000,62.0000,52,10,多开,B,2545.0000,0.0000,0.0000,0.0000,0.0000,2546.0000,0.0000,0.0000,0.0000,0.0000,24,0,0,0,0,83,0,0,0,0
zc,WS301,2012-06-26 09:01:43.197,2546.0000,463182,60,0.0000,60.0000,60,0,双开,B,2545.0000,0.0000,0.0000,0.0000,0.0000,2546.0000,0.0000,0.0000,0.0000,0.0000,14,0,0,0,0,69,0,0,0,0
zc,WS301,2012-06-26 09:01:43.900,2545.0000,463184,2,0.0000,2.0000,2,0,双开,S,2545.0000,0.0000,0.0000,0.0000,0.0000,2546.0000,0.0000,0.0000,0.0000,0.0000,14,0,0,0,0,80,0,0,0,0
zc,WS301,2012-06-26 09:01:44.417,2545.0000,463184,0,0.0000,132.0000,66,66,空换,S,2544.0000,0.0000,0.0000,0.0000,0.0000,2545.0000,0.0000,0.0000,0.0000,0.0000,93,0,0,0,0,44,0,0,0,0
zc,WS301,2012-06-26 09:01:45.213,2545.0000,463184,0,0.0000,54.0000,27,27,空换,S,2544.0000,0.0000,0.0000,0.0000,0.0000,2545.0000,0.0000,0.0000,0.0000,0.0000,93,0,0,0,0,355,0,0,0,0
zc,WS301,2012-06-26 09:01:45.713,2545.0000,463184,0,0.0000,6.0000,3,3,空换,S,2544.0000,0.0000,0.0000,0.0000,0.0000,2545.0000,0.0000,0.0000,0.0000,0.0000,86,0,0,0,0,352,0,0,0,0
zc,WS301,2012-06-26 09:01:46.180,2545.0000,463166,-18,0.0000,32.0000,7,25,多平,S,2544.0000,0.0000,0.0000,0.0000,0.0000,2545.0000,0.0000,0.0000,0.0000,0.0000,86,0,0,0,0,345,0,0,0,0
zc,WS301,2012-06-26 09:01:46.713,2545.0000,463262,96,0.0000,106.0000,101,5,空开,S,2544.0000,0.0000,0.0000,0.0000,0.0000,2545.0000,0.0000,0.0000,0.0000,0.0000,18,0,0,0,0,341,0,0,0,0
zc,WS301,2012-06-26 09:01:47.430,2544.0000,463262,0,0.0000,10.0000,5,5,空换,S,2544.0000,0.0000,0.0000,0.0000,0.0000,2545.0000,0.0000,0.0000,0.0000,0.0000,17,0,0,0,0,340,0,0,0,0
zc,WS301,2012-06-26 09:01:47.963,2545.0000,463262,0,0.0000,2.0000,1,1,多换,B,2544.0000,0.0000,0.0000,0.0000,0.0000,2545.0000,0.0000,0.0000,0.0000,0.0000,19,0,0,0,0,384,0,0,0,0
zc,WS301,2012-06-26 09:01:48.977,2545.0000,463248,-14,0.0000,26.0000,6,20,空平,B,2544.0000,0.0000,0.0000,0.0000,0.0000,2545.0000,0.0000,0.0000,0.0000,0.0000,15,0,0,0,0,375,0,0,0,0
zc,WS301,2012-06-26 09:01:49.197,2545.0000,463244,-4,0.0000,16.0000,6,10,空平,B,2544.0000,0.0000,0.0000,0.0000,0.0000,2545.0000,0.0000,0.0000,0.0000,0.0000,14,0,0,0,0,367,0,0,0,0
zc,WS301,2012-06-26 09:01:49.947,2545.0000,463244,0,0.0000,6.0000,3,3,多换,B,2544.0000,0.0000,0.0000,0.0000,0.0000,2545.0000,0.0000,0.0000,0.0000,0.0000,32,0,0,0,0,366,0,0,0,0
zc,WS301,2012-06-26 09:01:50.430,2544.0000,463256,12,0.0000,30.0000,21,9,空开,S,2544.0000,0.0000,0.0000,0.0000,0.0000,2545.0000,0.0000,0.0000,0.0000,0.0000,24,0,0,0,0,366,0,0,0,0
zc,WS301,2012-06-26 09:01:51.243,2545.0000,463256,0,0.0000,6.0000,3,3,多换,B,2544.0000,0.0000,0.0000,0.0000,0.0000,2545.0000,0.0000,0.0000,0.0000,0.0000,27,0,0,0,0,365,0,0,0,0
zc,WS301,2012-06-26 09:01:51.760,2544.0000,463246,-10,0.0000,54.0000,22,32,多平,S,2544.0000,0.0000,0.0000,0.0000,0.0000,2545.0000,0.0000,0.0000,0.0000,0.0000,22,0,0,0,0,346,0,0,0,0
zc,WS301,2012-06-26 09:01:52.430,2545.0000,463246,0,0.0000,4.0000,2,2,多换,B,2544.0000,0.0000,0.0000,0.0000,0.0000,2545.0000,0.0000,0.0000,0.0000,0.0000,22,0,0,0,0,344,0,0,0,0
zc,WS301,2012-06-26 09:01:52.963,2545.0000,463248,2,0.0000,8.0000,5,3,多开,B,2544.0000,0.0000,0.0000,0.0000,0.0000,2545.0000,0.0000,0.0000,0.0000,0.0000,23,0,0,0,0,344,0,0,0,0
zc,WS301,2012-06-26 09:01:53.493,2544.0000,463246,-2,0.0000,62.0000,30,32,多平,S,2543.0000,0.0000,0.0000,0.0000,0.0000,2544.0000,0.0000,0.0000,0.0000,0.0000,106,0,0,0,0,71,0,0,0,0
zc,WS301,2012-06-26 09:01:54.180,2544.0000,463246,0,0.0000,2.0000,1,1,空换,S,2543.0000,0.0000,0.0000,0.0000,0.0000,2544.0000,0.0000,0.0000,0.0000,0.0000,106,0,0,0,0,92,0,0,0,0
zc,WS301,2012-06-26 09:01:54.430,2544.0000,463246,0,0.0000,4.0000,2,2,空换,S,2543.0000,0.0000,0.0000,0.0000,0.0000,2544.0000,0.0000,0.0000,0.0000,0.0000,107,0,0,0,0,90,0,0,0,0
zc,WS301,2012-06-26 09:01:55.150,2544.0000,463246,0,0.0000,4.0000,2,2,空换,S,2543.0000,0.0000,0.0000,0.0000,0.0000,2544.0000,0.0000,0.0000,0.0000,0.0000,107,0,0,0,0,103,0,0,0,0
zc,WS301,2012-06-26 09:01:55.713,2544.0000,463240,-6,0.0000,150.0000,72,78,多平,S,2543.0000,0.0000,0.0000,0.0000,0.0000,2544.0000,0.0000,0.0000,0.0000,0.0000,107,0,0,0,0,33,0,0,0,0
zc,WS301,2012-06-26 09:01:56.430,2544.0000,463232,-8,0.0000,218.0000,105,113,多平,S,2544.0000,0.0000,0.0000,0.0000,0.0000,2545.0000,0.0000,0.0000,0.0000,0.0000,94,0,0,0,0,31,0,0,0,0
zc,WS301,2012-06-26 09:01:56.900,2545.0000,463232,0,0.0000,42.0000,21,21,多换,B,2544.0000,0.0000,0.0000,0.0000,0.0000,2545.0000,0.0000,0.0000,0.0000,0.0000,79,0,0,0,0,26,0,0,0,0
zc,WS301,2012-06-26 09:01:57.680,2545.0000,463234,2,0.0000,52.0000,27,25,多开,B,2545.0000,0.0000,0.0000,0.0000,0.0000,2546.0000,0.0000,0.0000,0.0000,0.0000,24,0,0,0,0,133,0,0,0,0
zc,WS301,2012-06-26 09:01:58.150,2545.0000,463296,62,0.0000,68.0000,65,3,多开,B,2544.0000,0.0000,0.0000,0.0000,0.0000,2545.0000,0.0000,0.0000,0.0000,0.0000,90,0,0,0,0,20,0,0,0,0
zc,WS301,2012-06-26 09:01:58.697,2545.0000,463298,2,0.0000,6.0000,4,2,多开,B,2544.0000,0.0000,0.0000,0.0000,0.0000,2545.0000,0.0000,0.0000,0.0000,0.0000,90,0,0,0,0,19,0,0,0,0
zc,WS301,2012-06-26 09:01:59.430,2545.0000,463298,0,0.0000,0.0000,0,0,多换,B,2544.0000,0.0000,0.0000,0.0000,0.0000,2545.0000,0.0000,0.0000,0.0000,0.0000,91,0,0,0,0,19,0,0,0,0
zc,WS301,2012-06-26 09:01:59.977,2545.0000,463314,16,0.0000,16.0000,16,0,双开,B,2544.0000,0.0000,0.0000,0.0000,0.0000,2545.0000,0.0000,0.0000,0.0000,0.0000,91,0,0,0,0,84,0,0,0,0
zc,WS301,2012-06-26 09:02:00.743,2545.0000,463380,66,0.0000,78.0000,72,6,多开,B,2544.0000,0.0000,0.0000,0.0000,0.0000,2545.0000,0.0000,0.0000,0.0000,0.0000,85,0,0,0,0,175,0,0,0,0
zc,WS301,2012-06-26 09:02:01.213,2544.0000,463380,0,0.0000,2.0000,1,1,空换,S,2544.0000,0.0000,0.0000,0.0000,0.0000,2545.0000,0.0000,0.0000,0.0000,0.0000,95,0,0,0,0,128,0,0,0,0
zc,WS301,2012-06-26 09:02:01.977,2545.0000,463382,2,0.0000,8.0000,5,3,多开,B,2544.0000,0.0000,0.0000,0.0000,0.0000,2545.0000,0.0000,0.0000,0.0000,0.0000,104,0,0,0,0,75,0,0,0,0
zc,WS301,2012-06-26 09:02:02.463,2545.0000,463376,-6,0.0000,16.0000,5,11,空平,B,2544.0000,0.0000,0.0000,0.0000,0.0000,2545.0000,0.0000,0.0000,0.0000,0.0000,104,0,0,0,0,87,0,0,0,0
zc,WS301,2012-06-26 09:02:03.430,2545.0000,463376,0,0.0000,44.0000,22,22,多换,B,2544.0000,0.0000,0.0000,0.0000,0.0000,2545.0000,0.0000,0.0000,0.0000,0.0000,111,0,0,0,0,86,0,0,0,0
zc,WS301,2012-06-26 09:02:03.667,2545.0000,463378,2,0.0000,8.0000,5,3,多开,B,2544.0000,0.0000,0.0000,0.0000,0.0000,2545.0000,0.0000,0.0000,0.0000,0.0000,111,0,0,0,0,84,0,0,0,0
zc,WS301,2012-06-26 09:02:04.463,2545.0000,463546,168,0.0000,222.0000,195,27,多开,B,2544.0000,0.0000,0.0000,0.0000,0.0000,2545.0000,0.0000,0.0000,0.0000,0.0000,11,0,0,0,0,148,0,0,0,0
zc,WS301,2012-06-26 09:02:04.947,2545.0000,463546,0,0.0000,6.0000,3,3,多换,B,2544.0000,0.0000,0.0000,0.0000,0.0000,2545.0000,0.0000,0.0000,0.0000,0.0000,13,0,0,0,0,157,0,0,0,0
zc,WS301,2012-06-26 09:02:05.680,2545.0000,463546,0,0.0000,2.0000,1,1,多换,B,2544.0000,0.0000,0.0000,0.0000,0.0000,2545.0000,0.0000,0.0000,0.0000,0.0000,13,0,0,0,0,167,0,0,0,0
zc,WS301,2012-06-26 09:02:06.213,2544.0000,463544,-2,0.0000,60.0000,29,31,多平,S,2544.0000,0.0000,0.0000,0.0000,0.0000,2545.0000,0.0000,0.0000,0.0000,0.0000,9,0,0,0,0,147,0,0,0,0
zc,WS301,2012-06-26 09:02:06.993,2545.0000,463544,0,0.0000,6.0000,3,3,多换,B,2544.0000,0.0000,0.0000,0.0000,0.0000,2545.0000,0.0000,0.0000,0.0000,0.0000,6,0,0,0,0,144,0,0,0,0
zc,WS301,2012-06-26 09:02:07.477,2544.0000,463546,2,0.0000,8.0000,5,3,空开,S,2544.0000,0.0000,0.0000,0.0000,0.0000,2545.0000,0.0000,0.0000,0.0000,0.0000,5,0,0,0,0,142,0,0,0,0
zc,WS301,2012-06-26 09:02:08.463,2545.0000,463546,0,0.0000,8.0000,4,4,多换,B,2544.0000,0.0000,0.0000,0.0000,0.0000,2545.0000,0.0000,0.0000,0.0000,0.0000,5,0,0,0,0,141,0,0,0,0
zc,WS301,2012-06-26 09:02:08.760,2544.0000,463546,0,0.0000,50.0000,25,25,空换,S,2543.0000,0.0000,0.0000,0.0000,0.0000,2544.0000,0.0000,0.0000,0.0000,0.0000,198,0,0,0,0,248,0,0,0,0
zc,WS301,2012-06-26 09:02:09.713,2544.0000,463546,0,0.0000,0.0000,0,0,空换,S,2543.0000,0.0000,0.0000,0.0000,0.0000,2544.0000,0.0000,0.0000,0.0000,0.0000,198,0,0,0,0,251,0,0,0,0
zc,WS301,2012-06-26 09:02:10.197,2544.0000,463546,0,0.0000,20.0000,10,10,空换,S,2543.0000,0.0000,0.0000,0.0000,0.0000,2544.0000,0.0000,0.0000,0.0000,0.0000,201,0,0,0,0,241,0,0,0,0
zc,WS301,2012-06-26 09:02:10.977,2544.0000,463506,-40,0.0000,46.0000,3,43,多平,S,2543.0000,0.0000,0.0000,0.0000,0.0000,2544.0000,0.0000,0.0000,0.0000,0.0000,201,0,0,0,0,221,0,0,0,0
zc,WS301,2012-06-26 09:02:11.447,2544.0000,463506,0,0.0000,56.0000,28,28,空换,S,2543.0000,0.0000,0.0000,0.0000,0.0000,2544.0000,0.0000,0.0000,0.0000,0.0000,223,0,0,0,0,195,0,0,0,0
zc,WS301,2012-06-26 09:02:11.930,2544.0000,463502,-4,0.0000,8.0000,2,6,多平,S,2543.0000,0.0000,0.0000,0.0000,0.0000,2544.0000,0.0000,0.0000,0.0000,0.0000,226,0,0,0,0,193,0,0,0,0
zc,WS301,2012-06-26 09:02:12.713,2544.0000,463402,-100,0.0000,120.0000,10,110,多平,S,2543.0000,0.0000,0.0000,0.0000,0.0000,2544.0000,0.0000,0.0000,0.0000,0.0000,225,0,0,0,0,134,0,0,0,0
zc,WS301,2012-06-26 09:02:13.463,2543.0000,463400,-2,0.0000,22.0000,10,12,多平,S,2543.0000,0.0000,0.0000,0.0000,0.0000,2544.0000,0.0000,0.0000,0.0000,0.0000,224,0,0,0,0,124,0,0,0,0
zc,WS301,2012-06-26 09:02:14.697,2543.0000,463378,-22,0.0000,24.0000,1,23,多平,S,2543.0000,0.0000,0.0000,0.0000,0.0000,2544.0000,0.0000,0.0000,0.0000,0.0000,217,0,0,0,0,153,0,0,0,0
zc,WS301,2012-06-26 09:02:15.430,2543.0000,463358,-20,0.0000,40.0000,10,30,多平,S,2543.0000,0.0000,0.0000,0.0000,0.0000,2544.0000,0.0000,0.0000,0.0000,0.0000,209,0,0,0,0,144,0,0,0,0
zc,WS301,2012-06-26 09:02:15.667,2544.0000,463358,0,0.0000,24.0000,12,12,多换,B,2543.0000,0.0000,0.0000,0.0000,0.0000,2544.0000,0.0000,0.0000,0.0000,0.0000,210,0,0,0,0,132,0,0,0,0
zc,WS301,2012-06-26 09:02:16.447,2544.0000,463358,0,0.0000,18.0000,9,9,多换,B,2543.0000,0.0000,0.0000,0.0000,0.0000,2544.0000,0.0000,0.0000,0.0000,0.0000,212,0,0,0,0,135,0,0,0,0
zc,WS301,2012-06-26 09:02:16.947,2544.0000,463358,0,0.0000,6.0000,3,3,多换,B,2543.0000,0.0000,0.0000,0.0000,0.0000,2544.0000,0.0000,0.0000,0.0000,0.0000,212,0,0,0,0,132,0,0,0,0
zc,WS301,2012-06-26 09:02:17.680,2544.0000,463356,-2,0.0000,84.0000,41,43,空平,B,2543.0000,0.0000,0.0000,0.0000,0.0000,2544.0000,0.0000,0.0000,0.0000,0.0000,212,0,0,0,0,100,0,0,0,0
zc,WS301,2012-06-26 09:02:18.167,2543.0000,463316,-40,0.0000,40.0000,0,40,双平,S,2543.0000,0.0000,0.0000,0.0000,0.0000,2544.0000,0.0000,0.0000,0.0000,0.0000,192,0,0,0,0,131,0,0,0,0
zc,WS301,2012-06-26 09:02:18.947,2544.0000,463152,-164,0.0000,202.0000,19,183,空平,B,2543.0000,0.0000,0.0000,0.0000,0.0000,2544.0000,0.0000,0.0000,0.0000,0.0000,173,0,0,0,0,130,0,0,0,0
zc,WS301,2012-06-26 09:02:19.430,2544.0000,463152,0,0.0000,18.0000,9,9,多换,B,2543.0000,0.0000,0.0000,0.0000,0.0000,2544.0000,0.0000,0.0000,0.0000,0.0000,174,0,0,0,0,125,0,0,0,0
zc,WS301,2012-06-26 09:02:20.213,2544.0000,463128,-24,0.0000,24.0000,0,24,双平,B,2543.0000,0.0000,0.0000,0.0000,0.0000,2544.0000,0.0000,0.0000,0.0000,0.0000,212,0,0,0,0,119,0,0,0,0
zc,WS301,2012-06-26 09:02:20.727,2543.0000,463128,0,0.0000,42.0000,21,21,空换,S,2543.0000,0.0000,0.0000,0.0000,0.0000,2544.0000,0.0000,0.0000,0.0000,0.0000,193,0,0,0,0,129,0,0,0,0
zc,WS301,2012-06-26 09:02:21.447,2543.0000,463128,0,0.0000,18.0000,9,9,空换,S,2543.0000,0.0000,0.0000,0.0000,0.0000,2544.0000,0.0000,0.0000,0.0000,0.0000,235,0,0,0,0,129,0,0,0,0
zc,WS301,2012-06-26 09:02:21.963,2543.0000,463130,2,0.0000,2.0000,2,0,双开,S,2543.0000,0.0000,0.0000,0.0000,0.0000,2544.0000,0.0000,0.0000,0.0000,0.0000,234,0,0,0,0,130,0,0,0,0
zc,WS301,2012-06-26 09:02:22.713,2543.0000,463132,2,0.0000,8.0000,5,3,空开,S,2543.0000,0.0000,0.0000,0.0000,0.0000,2544.0000,0.0000,0.0000,0.0000,0.0000,233,0,0,0,0,129,0,0,0,0
zc,WS301,2012-06-26 09:02:23.197,2543.0000,463132,0,0.0000,2.0000,1,1,空换,S,2543.0000,0.0000,0.0000,0.0000,0.0000,2544.0000,0.0000,0.0000,0.0000,0.0000,232,0,0,0,0,129,0,0,0,0
zc,WS301,2012-06-26 09:02:23.727,2544.0000,463130,-2,0.0000,4.0000,1,3,空平,B,2543.0000,0.0000,0.0000,0.0000,0.0000,2544.0000,0.0000,0.0000,0.0000,0.0000,232,0,0,0,0,129,0,0,0,0
zc,WS301,2012-06-26 09:02:24.417,2544.0000,463130,0,0.0000,2.0000,1,1,多换,B,2543.0000,0.0000,0.0000,0.0000,0.0000,2544.0000,0.0000,0.0000,0.0000,0.0000,232,0,0,0,0,127,0,0,0,0
zc,WS301,2012-06-26 09:02:24.947,2543.0000,463104,-26,0.0000,80.0000,27,53,多平,S,2543.0000,0.0000,0.0000,0.0000,0.0000,2544.0000,0.0000,0.0000,0.0000,0.0000,202,0,0,0,0,120,0,0,0,0
zc,WS301,2012-06-26 09:02:25.680,2543.0000,463140,36,0.0000,112.0000,74,38,空开,S,2543.0000,0.0000,0.0000,0.0000,0.0000,2544.0000,0.0000,0.0000,0.0000,0.0000,150,0,0,0,0,116,0,0,0,0
zc,WS301,2012-06-26 09:02:26.197,2544.0000,463126,-14,0.0000,24.0000,5,19,空平,B,2543.0000,0.0000,0.0000,0.0000,0.0000,2544.0000,0.0000,0.0000,0.0000,0.0000,130,0,0,0,0,104,0,0,0,0
zc,WS301,2012-06-26 09:02:26.667,2543.0000,463128,2,0.0000,8.0000,5,3,空开,S,2543.0000,0.0000,0.0000,0.0000,0.0000,2544.0000,0.0000,0.0000,0.0000,0.0000,127,0,0,0,0,104,0,0,0,0
zc,WS301,2012-06-26 09:02:27.167,2543.0000,463130,2,0.0000,4.0000,3,1,空开,S,2543.0000,0.0000,0.0000,0.0000,0.0000,2544.0000,0.0000,0.0000,0.0000,0.0000,126,0,0,0,0,104,0,0,0,0
zc,WS301,2012-06-26 09:02:27.930,2544.0000,463130,0,0.0000,4.0000,2,2,多换,B,2543.0000,0.0000,0.0000,0.0000,0.0000,2544.0000,0.0000,0.0000,0.0000,0.0000,125,0,0,0,0,119,0,0,0,0
zc,WS301,2012-06-26 09:02:28.680,2544.0000,463130,0,0.0000,28.0000,14,14,多换,B,2543.0000,0.0000,0.0000,0.0000,0.0000,2544.0000,0.0000,0.0000,0.0000,0.0000,125,0,0,0,0,141,0,0,0,0
zc,WS301,2012-06-26 09:02:29.167,2543.0000,463230,100,0.0000,150.0000,125,25,空开,S,2543.0000,0.0000,0.0000,0.0000,0.0000,2544.0000,0.0000,0.0000,0.0000,0.0000,75,0,0,0,0,121,0,0,0,0
zc,WS301,2012-06-26 09:02:29.963,2543.0000,463230,0,0.0000,150.0000,75,75,空换,S,2542.0000,0.0000,0.0000,0.0000,0.0000,2543.0000,0.0000,0.0000,0.0000,0.0000,326,0,0,0,0,146,0,0,0,0
zc,WS301,2012-06-26 09:02:30.447,2543.0000,463230,0,0.0000,4.0000,2,2,空换,S,2542.0000,0.0000,0.0000,0.0000,0.0000,2543.0000,0.0000,0.0000,0.0000,0.0000,326,0,0,0,0,144,0,0,0,0
zc,WS301,2012-06-26 09:02:31.213,2543.0000,463230,0,0.0000,202.0000,101,101,空换,S,2542.0000,0.0000,0.0000,0.0000,0.0000,2543.0000,0.0000,0.0000,0.0000,0.0000,326,0,0,0,0,198,0,0,0,0
zc,WS301,2012-06-26 09:02:31.447,2543.0000,463190,-40,0.0000,44.0000,2,42,多平,S,2542.0000,0.0000,0.0000,0.0000,0.0000,2543.0000,0.0000,0.0000,0.0000,0.0000,306,0,0,0,0,176,0,0,0,0
zc,WS301,2012-06-26 09:02:32.447,2542.0000,463188,-2,0.0000,6.0000,2,4,多平,S,2542.0000,0.0000,0.0000,0.0000,0.0000,2543.0000,0.0000,0.0000,0.0000,0.0000,309,0,0,0,0,175,0,0,0,0
zc,WS301,2012-06-26 09:02:32.743,2543.0000,463188,0,0.0000,12.0000,6,6,多换,B,2542.0000,0.0000,0.0000,0.0000,0.0000,2543.0000,0.0000,0.0000,0.0000,0.0000,309,0,0,0,0,175,0,0,0,0
zc,WS301,2012-06-26 09:02:33.463,2542.0000,463174,-14,0.0000,34.0000,10,24,多平,S,2542.0000,0.0000,0.0000,0.0000,0.0000,2543.0000,0.0000,0.0000,0.0000,0.0000,301,0,0,0,0,185,0,0,0,0
zc,WS301,2012-06-26 09:02:33.900,2542.0000,463170,-4,0.0000,42.0000,19,23,多平,S,2542.0000,0.0000,0.0000,0.0000,0.0000,2543.0000,0.0000,0.0000,0.0000,0.0000,294,0,0,0,0,184,0,0,0,0
zc,WS301,2012-06-26 09:02:34.680,2542.0000,463176,6,0.0000,100.0000,53,47,空开,S,2542.0000,0.0000,0.0000,0.0000,0.0000,2543.0000,0.0000,0.0000,0.0000,0.0000,244,0,0,0,0,185,0,0,0,0
zc,WS301,2012-06-26 09:02:35.180,2543.0000,463174,-2,0.0000,6.0000,2,4,空平,B,2542.0000,0.0000,0.0000,0.0000,0.0000,2543.0000,0.0000,0.0000,0.0000,0.0000,233,0,0,0,0,190,0,0,0,0
zc,WS301,2012-06-26 09:02:35.930,2542.0000,463262,88,0.0000,102.0000,95,7,空开,S,2542.0000,0.0000,0.0000,0.0000,0.0000,2543.0000,0.0000,0.0000,0.0000,0.0000,184,0,0,0,0,192,0,0,0,0
zc,WS301,2012-06-26 09:02:36.463,2542.0000,463264,2,0.0000,12.0000,7,5,空开,S,2542.0000,0.0000,0.0000,0.0000,0.0000,2543.0000,0.0000,0.0000,0.0000,0.0000,184,0,0,0,0,193,0,0,0,0
zc,WS301,2012-06-26 09:02:36.977,2542.0000,463264,0,0.0000,28.0000,14,14,空换,S,2542.0000,0.0000,0.0000,0.0000,0.0000,2543.0000,0.0000,0.0000,0.0000,0.0000,183,0,0,0,0,181,0,0,0,0
zc,WS301,2012-06-26 09:02:37.713,2543.0000,463262,-2,0.0000,26.0000,12,14,空平,B,2542.0000,0.0000,0.0000,0.0000,0.0000,2543.0000,0.0000,0.0000,0.0000,0.0000,178,0,0,0,0,172,0,0,0,0
zc,WS301,2012-06-26 09:02:38.510,2543.0000,463262,0,0.0000,42.0000,21,21,多换,B,2542.0000,0.0000,0.0000,0.0000,0.0000,2543.0000,0.0000,0.0000,0.0000,0.0000,158,0,0,0,0,171,0,0,0,0
zc,WS301,2012-06-26 09:02:38.947,2542.0000,463302,40,0.0000,62.0000,51,11,空开,S,2542.0000,0.0000,0.0000,0.0000,0.0000,2543.0000,0.0000,0.0000,0.0000,0.0000,138,0,0,0,0,160,0,0,0,0
zc,WS301,2012-06-26 09:02:39.447,2542.0000,463304,2,0.0000,2.0000,2,0,双开,S,2542.0000,0.0000,0.0000,0.0000,0.0000,2543.0000,0.0000,0.0000,0.0000,0.0000,139,0,0,0,0,161,0,0,0,0
zc,WS301,2012-06-26 09:02:40.180,2542.0000,463324,20,0.0000,20.0000,20,0,双开,S,2542.0000,0.0000,0.0000,0.0000,0.0000,2543.0000,0.0000,0.0000,0.0000,0.0000,139,0,0,0,0,161,0,0,0,0
zc,WS301,2012-06-26 09:02:40.697,2543.0000,463322,-2,0.0000,6.0000,2,4,空平,B,2542.0000,0.0000,0.0000,0.0000,0.0000,2543.0000,0.0000,0.0000,0.0000,0.0000,184,0,0,0,0,160,0,0,0,0
zc,WS301,2012-06-26 09:02:41.463,2542.0000,463322,0,0.0000,20.0000,10,10,空换,S,2542.0000,0.0000,0.0000,0.0000,0.0000,2543.0000,0.0000,0.0000,0.0000,0.0000,187,0,0,0,0,156,0,0,0,0
zc,WS301,2012-06-26 09:02:41.947,2543.0000,463292,-30,0.0000,54.0000,12,42,空平,B,2542.0000,0.0000,0.0000,0.0000,0.0000,2543.0000,0.0000,0.0000,0.0000,0.0000,175,0,0,0,0,129,0,0,0,0
zc,WS301,2012-06-26 09:02:42.713,2542.0000,463292,0,0.0000,2.0000,1,1,空换,S,2542.0000,0.0000,0.0000,0.0000,0.0000,2543.0000,0.0000,0.0000,0.0000,0.0000,214,0,0,0,0,129,0,0,0,0
zc,WS301,2012-06-26 09:02:43.180,2543.0000,463290,-2,0.0000,22.0000,10,12,空平,B,2542.0000,0.0000,0.0000,0.0000,0.0000,2543.0000,0.0000,0.0000,0.0000,0.0000,223,0,0,0,0,119,0,0,0,0
zc,WS301,2012-06-26 09:02:43.667,2543.0000,463288,-2,0.0000,2.0000,0,2,双平,B,2542.0000,0.0000,0.0000,0.0000,0.0000,2543.0000,0.0000,0.0000,0.0000,0.0000,223,0,0,0,0,118,0,0,0,0
zc,WS301,2012-06-26 09:02:44.227,2543.0000,463170,-118,0.0000,124.0000,3,121,空平,B,2542.0000,0.0000,0.0000,0.0000,0.0000,2543.0000,0.0000,0.0000,0.0000,0.0000,217,0,0,0,0,58,0,0,0,0
zc,WS301,2012-06-26 09:02:44.917,2543.0000,463172,2,0.0000,74.0000,38,36,多开,B,2542.0000,0.0000,0.0000,0.0000,0.0000,2543.0000,0.0000,0.0000,0.0000,0.0000,217,0,0,0,0,33,0,0,0,0
zc,WS301,2012-06-26 09:02:45.680,2543.0000,463206,34,0.0000,94.0000,64,30,多开,B,2542.0000,0.0000,0.0000,0.0000,0.0000,2543.0000,0.0000,0.0000,0.0000,0.0000,225,0,0,0,0,13,0,0,0,0
zc,WS301,2012-06-26 09:02:45.947,2543.0000,463200,-6,0.0000,20.0000,7,13,空平,B,2542.0000,0.0000,0.0000,0.0000,0.0000,2543.0000,0.0000,0.0000,0.0000,0.0000,228,0,0,0,0,4,0,0,0,0
zc,WS301,2012-06-26 09:02:46.713,2543.0000,463186,-14,0.0000,20.0000,3,17,空平,B,2543.0000,0.0000,0.0000,0.0000,0.0000,2544.0000,0.0000,0.0000,0.0000,0.0000,51,0,0,0,0,210,0,0,0,0
zc,WS301,2012-06-26 09:02:47.227,2544.0000,463188,2,0.0000,60.0000,31,29,多开,B,2543.0000,0.0000,0.0000,0.0000,0.0000,2544.0000,0.0000,0.0000,0.0000,0.0000,43,0,0,0,0,191,0,0,0,0
zc,WS301,2012-06-26 09:02:47.930,2543.0000,463186,-2,0.0000,2.0000,0,2,双平,S,2543.0000,0.0000,0.0000,0.0000,0.0000,2544.0000,0.0000,0.0000,0.0000,0.0000,70,0,0,0,0,191,0,0,0,0
zc,WS301,2012-06-26 09:02:48.430,2543.0000,463182,-4,0.0000,4.0000,0,4,双平,S,2543.0000,0.0000,0.0000,0.0000,0.0000,2544.0000,0.0000,0.0000,0.0000,0.0000,79,0,0,0,0,192,0,0,0,0
zc,WS301,2012-06-26 09:02:49.227,2543.0000,463180,-2,0.0000,8.0000,3,5,多平,S,2543.0000,0.0000,0.0000,0.0000,0.0000,2544.0000,0.0000,0.0000,0.0000,0.0000,79,0,0,0,0,190,0,0,0,0
zc,WS301,2012-06-26 09:02:49.633,2543.0000,463180,0,0.0000,20.0000,10,10,空换,S,2543.0000,0.0000,0.0000,0.0000,0.0000,2544.0000,0.0000,0.0000,0.0000,0.0000,72,0,0,0,0,180,0,0,0,0
zc,WS301,2012-06-26 09:02:50.417,2544.0000,463178,-2,0.0000,6.0000,2,4,空平,B,2543.0000,0.0000,0.0000,0.0000,0.0000,2544.0000,0.0000,0.0000,0.0000,0.0000,91,0,0,0,0,178,0,0,0,0
zc,WS301,2012-06-26 09:02:50.977,2543.0000,463178,0,0.0000,4.0000,2,2,空换,S,2543.0000,0.0000,0.0000,0.0000,0.0000,2544.0000,0.0000,0.0000,0.0000,0.0000,89,0,0,0,0,226,0,0,0,0
zc,WS301,2012-06-26 09:02:51.743,2544.0000,463180,2,0.0000,2.0000,2,0,双开,B,2543.0000,0.0000,0.0000,0.0000,0.0000,2544.0000,0.0000,0.0000,0.0000,0.0000,96,0,0,0,0,202,0,0,0,0
zc,WS301,2012-06-26 09:02:52.213,2543.0000,463116,-64,0.0000,178.0000,57,121,多平,S,2543.0000,0.0000,0.0000,0.0000,0.0000,2544.0000,0.0000,0.0000,0.0000,0.0000,13,0,0,0,0,201,0,0,0,0
zc,WS301,2012-06-26 09:02:52.917,2544.0000,463106,-10,0.0000,28.0000,9,19,空平,B,2542.0000,0.0000,0.0000,0.0000,0.0000,2543.0000,0.0000,0.0000,0.0000,0.0000,284,0,0,0,0,2,0,0,0,0
zc,WS301,2012-06-26 09:02:53.477,2543.0000,463106,0,0.0000,4.0000,2,2,空换,S,2543.0000,0.0000,0.0000,0.0000,0.0000,2544.0000,0.0000,0.0000,0.0000,0.0000,51,0,0,0,0,204,0,0,0,0
zc,WS301,2012-06-26 09:02:54.743,2544.0000,463172,66,0.0000,66.0000,66,0,双开,B,2543.0000,0.0000,0.0000,0.0000,0.0000,2544.0000,0.0000,0.0000,0.0000,0.0000,52,0,0,0,0,181,0,0,0,0
zc,WS301,2012-06-26 09:02:55.477,2543.0000,463172,0,0.0000,104.0000,52,52,空换,S,2542.0000,0.0000,0.0000,0.0000,0.0000,2543.0000,0.0000,0.0000,0.0000,0.0000,283,0,0,0,0,50,0,0,0,0
zc,WS301,2012-06-26 09:02:56.277,2543.0000,463172,0,0.0000,0.0000,0,0,空换,S,2542.0000,0.0000,0.0000,0.0000,0.0000,2543.0000,0.0000,0.0000,0.0000,0.0000,278,0,0,0,0,50,0,0,0,0
zc,WS301,2012-06-26 09:02:57.510,2543.0000,463172,0,0.0000,8.0000,4,4,空换,S,2542.0000,0.0000,0.0000,0.0000,0.0000,2543.0000,0.0000,0.0000,0.0000,0.0000,278,0,0,0,0,47,0,0,0,0
zc,WS301,2012-06-26 09:02:58.260,2543.0000,463172,0,0.0000,10.0000,5,5,空换,S,2542.0000,0.0000,0.0000,0.0000,0.0000,2543.0000,0.0000,0.0000,0.0000,0.0000,275,0,0,0,0,44,0,0,0,0
zc,WS301,2012-06-26 09:02:58.713,2543.0000,463172,0,0.0000,2.0000,1,1,空换,S,2542.0000,0.0000,0.0000,0.0000,0.0000,2543.0000,0.0000,0.0000,0.0000,0.0000,273,0,0,0,0,43,0,0,0,0
zc,WS301,2012-06-26 09:02:59.260,2543.0000,463172,0,0.0000,0.0000,0,0,空换,S,2542.0000,0.0000,0.0000,0.0000,0.0000,2543.0000,0.0000,0.0000,0.0000,0.0000,275,0,0,0,0,93,0,0,0,0
zc,WS301,2012-06-26 09:02:59.993,2543.0000,463168,-4,0.0000,12.0000,4,8,多平,S,2542.0000,0.0000,0.0000,0.0000,0.0000,2543.0000,0.0000,0.0000,0.0000,0.0000,277,0,0,0,0,89,0,0,0,0
zc,WS301,2012-06-26 09:03:00.417,2543.0000,463168,0,0.0000,6.0000,3,3,空换,S,2542.0000,0.0000,0.0000,0.0000,0.0000,2543.0000,0.0000,0.0000,0.0000,0.0000,280,0,0,0,0,86,0,0,0,0
zc,WS301,2012-06-26 09:03:01.167,2543.0000,463108,-60,0.0000,68.0000,4,64,多平,S,2542.0000,0.0000,0.0000,0.0000,0.0000,2543.0000,0.0000,0.0000,0.0000,0.0000,278,0,0,0,0,56,0,0,0,0
zc,WS301,2012-06-26 09:03:01.650,2543.0000,463110,2,0.0000,42.0000,22,20,空开,S,2542.0000,0.0000,0.0000,0.0000,0.0000,2543.0000,0.0000,0.0000,0.0000,0.0000,279,0,0,0,0,65,0,0,0,0
zc,WS301,2012-06-26 09:03:02.463,2543.0000,463112,2,0.0000,8.0000,5,3,空开,S,2542.0000,0.0000,0.0000,0.0000,0.0000,2543.0000,0.0000,0.0000,0.0000,0.0000,278,0,0,0,0,62,0,0,0,0
zc,WS301,2012-06-26 09:03:02.680,2543.0000,463112,0,0.0000,68.0000,34,34,空换,S,2542.0000,0.0000,0.0000,0.0000,0.0000,2543.0000,0.0000,0.0000,0.0000,0.0000,273,0,0,0,0,31,0,0,0,0
zc,WS301,2012-06-26 09:03:03.697,2543.0000,463130,18,0.0000,90.0000,54,36,空开,S,2543.0000,0.0000,0.0000,0.0000,0.0000,2544.0000,0.0000,0.0000,0.0000,0.0000,4,0,0,0,0,243,0,0,0,0
zc,WS301,2012-06-26 09:03:03.900,2543.0000,463130,0,0.0000,16.0000,8,8,空换,S,2543.0000,0.0000,0.0000,0.0000,0.0000,2544.0000,0.0000,0.0000,0.0000,0.0000,3,0,0,0,0,243,0,0,0,0
zc,WS301,2012-06-26 09:03:04.743,2543.0000,463132,2,0.0000,4.0000,3,1,空开,S,2543.0000,0.0000,0.0000,0.0000,0.0000,2544.0000,0.0000,0.0000,0.0000,0.0000,6,0,0,0,0,279,0,0,0,0
zc,WS301,2012-06-26 09:03:05.477,2543.0000,463142,10,0.0000,12.0000,11,1,空开,S,2542.0000,0.0000,0.0000,0.0000,0.0000,2543.0000,0.0000,0.0000,0.0000,0.0000,271,0,0,0,0,1,0,0,0,0
zc,WS301,2012-06-26 09:03:05.900,2544.0000,463144,2,0.0000,12.0000,7,5,多开,B,2543.0000,0.0000,0.0000,0.0000,0.0000,2544.0000,0.0000,0.0000,0.0000,0.0000,17,0,0,0,0,279,0,0,0,0
zc,WS301,2012-06-26 09:03:06.743,2544.0000,463144,0,0.0000,6.0000,3,3,多换,B,2543.0000,0.0000,0.0000,0.0000,0.0000,2544.0000,0.0000,0.0000,0.0000,0.0000,116,0,0,0,0,278,0,0,0,0
zc,WS301,2012-06-26 09:03:07.227,2543.0000,463168,24,0.0000,24.0000,24,0,双开,S,2543.0000,0.0000,0.0000,0.0000,0.0000,2544.0000,0.0000,0.0000,0.0000,0.0000,116,0,0,0,0,271,0,0,0,0
zc,WS301,2012-06-26 09:03:07.900,2543.0000,463170,2,0.0000,102.0000,52,50,空开,S,2543.0000,0.0000,0.0000,0.0000,0.0000,2544.0000,0.0000,0.0000,0.0000,0.0000,86,0,0,0,0,272,0,0,0,0
zc,WS301,2012-06-26 09:03:08.430,2543.0000,463184,14,0.0000,38.0000,26,12,空开,S,2543.0000,0.0000,0.0000,0.0000,0.0000,2544.0000,0.0000,0.0000,0.0000,0.0000,75,0,0,0,0,251,0,0,0,0
zc,WS301,2012-06-26 09:03:09.180,2544.0000,463260,76,0.0000,106.0000,91,15,多开,B,2543.0000,0.0000,0.0000,0.0000,0.0000,2544.0000,0.0000,0.0000,0.0000,0.0000,65,0,0,0,0,224,0,0,0,0
zc,WS301,2012-06-26 09:03:09.713,2544.0000,463280,20,0.0000,22.0000,21,1,多开,B,2543.0000,0.0000,0.0000,0.0000,0.0000,2544.0000,0.0000,0.0000,0.0000,0.0000,63,0,0,0,0,226,0,0,0,0
zc,WS301,2012-06-26 09:03:10.400,2543.0000,463280,0,0.0000,4.0000,2,2,空换,S,2543.0000,0.0000,0.0000,0.0000,0.0000,2544.0000,0.0000,0.0000,0.0000,0.0000,62,0,0,0,0,226,0,0,0,0
zc,WS301,2012-06-26 09:03:10.930,2543.0000,463282,2,0.0000,2.0000,2,0,双开,S,2543.0000,0.0000,0.0000,0.0000,0.0000,2544.0000,0.0000,0.0000,0.0000,0.0000,61,0,0,0,0,226,0,0,0,0
zc,WS301,2012-06-26 09:03:11.697,2543.0000,463282,0,0.0000,2.0000,1,1,空换,S,2543.0000,0.0000,0.0000,0.0000,0.0000,2544.0000,0.0000,0.0000,0.0000,0.0000,61,0,0,0,0,226,0,0,0,0
zc,WS301,2012-06-26 09:03:11.917,2544.0000,463288,6,0.0000,6.0000,6,0,双开,B,2543.0000,0.0000,0.0000,0.0000,0.0000,2544.0000,0.0000,0.0000,0.0000,0.0000,68,0,0,0,0,224,0,0,0,0
zc,WS301,2012-06-26 09:03:12.947,2544.0000,463288,0,0.0000,0.0000,0,0,多换,B,2543.0000,0.0000,0.0000,0.0000,0.0000,2544.0000,0.0000,0.0000,0.0000,0.0000,68,0,0,0,0,229,0,0,0,0
zc,WS301,2012-06-26 09:03:13.417,2544.0000,463300,12,0.0000,14.0000,13,1,多开,B,2543.0000,0.0000,0.0000,0.0000,0.0000,2544.0000,0.0000,0.0000,0.0000,0.0000,67,0,0,0,0,222,0,0,0,0
zc,WS301,2012-06-26 09:03:14.197,2543.0000,463306,6,0.0000,6.0000,6,0,双开,S,2543.0000,0.0000,0.0000,0.0000,0.0000,2544.0000,0.0000,0.0000,0.0000,0.0000,67,0,0,0,0,219,0,0,0,0
zc,WS301,2012-06-26 09:03:14.727,2544.0000,463366,60,0.0000,80.0000,70,10,多开,B,2543.0000,0.0000,0.0000,0.0000,0.0000,2544.0000,0.0000,0.0000,0.0000,0.0000,87,0,0,0,0,214,0,0,0,0
zc,WS301,2012-06-26 09:03:15.430,2544.0000,463360,-6,0.0000,10.0000,2,8,空平,B,2543.0000,0.0000,0.0000,0.0000,0.0000,2544.0000,0.0000,0.0000,0.0000,0.0000,97,0,0,0,0,204,0,0,0,0
zc,WS301,2012-06-26 09:03:15.917,2544.0000,463360,0,0.0000,6.0000,3,3,多换,B,2543.0000,0.0000,0.0000,0.0000,0.0000,2544.0000,0.0000,0.0000,0.0000,0.0000,99,0,0,0,0,203,0,0,0,0
zc,WS301,2012-06-26 09:03:16.510,2543.0000,463416,56,0.0000,160.0000,108,52,空开,S,2543.0000,0.0000,0.0000,0.0000,0.0000,2544.0000,0.0000,0.0000,0.0000,0.0000,19,0,0,0,0,202,0,0,0,0
zc,WS301,2012-06-26 09:03:17.213,2544.0000,463416,0,0.0000,2.0000,1,1,多换,B,2543.0000,0.0000,0.0000,0.0000,0.0000,2544.0000,0.0000,0.0000,0.0000,0.0000,31,0,0,0,0,201,0,0,0,0
zc,WS301,2012-06-26 09:03:17.650,2544.0000,463418,2,0.0000,6.0000,4,2,多开,B,2543.0000,0.0000,0.0000,0.0000,0.0000,2544.0000,0.0000,0.0000,0.0000,0.0000,32,0,0,0,0,200,0,0,0,0
zc,WS301,2012-06-26 09:03:18.430,2544.0000,463404,-14,0.0000,28.0000,7,21,空平,B,2543.0000,0.0000,0.0000,0.0000,0.0000,2544.0000,0.0000,0.0000,0.0000,0.0000,33,0,0,0,0,186,0,0,0,0
zc,WS301,2012-06-26 09:03:19.180,2543.0000,463400,-4,0.0000,10.0000,3,7,多平,S,2543.0000,0.0000,0.0000,0.0000,0.0000,2544.0000,0.0000,0.0000,0.0000,0.0000,37,0,0,0,0,187,0,0,0,0
zc,WS301,2012-06-26 09:03:19.650,2543.0000,463368,-32,0.0000,104.0000,36,68,多平,S,2542.0000,0.0000,0.0000,0.0000,0.0000,2543.0000,0.0000,0.0000,0.0000,0.0000,292,0,0,0,0,5,0,0,0,0
zc,WS301,2012-06-26 09:03:20.463,2542.0000,463368,0,0.0000,2.0000,1,1,空换,S,2542.0000,0.0000,0.0000,0.0000,0.0000,2543.0000,0.0000,0.0000,0.0000,0.0000,291,0,0,0,0,10,0,0,0,0
zc,WS301,2012-06-26 09:03:20.930,2543.0000,463364,-4,0.0000,14.0000,5,9,空平,B,2542.0000,0.0000,0.0000,0.0000,0.0000,2543.0000,0.0000,0.0000,0.0000,0.0000,289,0,0,0,0,3,0,0,0,0
zc,WS301,2012-06-26 09:03:21.447,2543.0000,463364,0,0.0000,12.0000,6,6,多换,B,2542.0000,0.0000,0.0000,0.0000,0.0000,2544.0000,0.0000,0.0000,0.0000,0.0000,290,0,0,0,0,177,0,0,0,0
zc,WS301,2012-06-26 09:03:22.447,2543.0000,463364,0,0.0000,0.0000,0,0,多换,B,2543.0000,0.0000,0.0000,0.0000,0.0000,2544.0000,0.0000,0.0000,0.0000,0.0000,51,0,0,0,0,177,0,0,0,0
zc,WS301,2012-06-26 09:03:22.977,2544.0000,463366,2,0.0000,6.0000,4,2,多开,B,2543.0000,0.0000,0.0000,0.0000,0.0000,2544.0000,0.0000,0.0000,0.0000,0.0000,63,0,0,0,0,175,0,0,0,0
zc,WS301,2012-06-26 09:03:23.617,2544.0000,463364,-2,0.0000,14.0000,6,8,空平,B,2543.0000,0.0000,0.0000,0.0000,0.0000,2544.0000,0.0000,0.0000,0.0000,0.0000,64,0,0,0,0,175,0,0,0,0
zc,WS301,2012-06-26 09:03:24.197,2544.0000,463364,0,0.0000,82.0000,41,41,多换,B,2543.0000,0.0000,0.0000,0.0000,0.0000,2544.0000,0.0000,0.0000,0.0000,0.0000,118,0,0,0,0,135,0,0,0,0
zc,WS301,2012-06-26 09:03:24.963,2543.0000,463366,2,0.0000,22.0000,12,10,空开,S,2543.0000,0.0000,0.0000,0.0000,0.0000,2544.0000,0.0000,0.0000,0.0000,0.0000,119,0,0,0,0,126,0,0,0,0
zc,WS301,2012-06-26 09:03:25.167,2543.0000,463366,0,0.0000,6.0000,3,3,空换,S,2543.0000,0.0000,0.0000,0.0000,0.0000,2544.0000,0.0000,0.0000,0.0000,0.0000,128,0,0,0,0,126,0,0,0,0
zc,WS301,2012-06-26 09:03:25.930,2544.0000,463350,-16,0.0000,20.0000,2,18,空平,B,2543.0000,0.0000,0.0000,0.0000,0.0000,2544.0000,0.0000,0.0000,0.0000,0.0000,129,0,0,0,0,115,0,0,0,0
zc,WS301,2012-06-26 09:03:27.133,2544.0000,463350,0,0.0000,24.0000,12,12,多换,B,2543.0000,0.0000,0.0000,0.0000,0.0000,2544.0000,0.0000,0.0000,0.0000,0.0000,129,0,0,0,0,103,0,0,0,0
zc,WS301,2012-06-26 09:03:27.697,2544.0000,463350,0,0.0000,70.0000,35,35,多换,B,2543.0000,0.0000,0.0000,0.0000,0.0000,2544.0000,0.0000,0.0000,0.0000,0.0000,129,0,0,0,0,69,0,0,0,0
zc,WS301,2012-06-26 09:03:28.167,2544.0000,463354,4,0.0000,14.0000,9,5,多开,B,2543.0000,0.0000,0.0000,0.0000,0.0000,2544.0000,0.0000,0.0000,0.0000,0.0000,137,0,0,0,0,64,0,0,0,0
zc,WS301,2012-06-26 09:03:28.900,2543.0000,463354,0,0.0000,6.0000,3,3,空换,S,2543.0000,0.0000,0.0000,0.0000,0.0000,2544.0000,0.0000,0.0000,0.0000,0.0000,144,0,0,0,0,35,0,0,0,0
zc,WS301,2012-06-26 09:03:29.417,2544.0000,463352,-2,0.0000,26.0000,12,14,空平,B,2543.0000,0.0000,0.0000,0.0000,0.0000,2544.0000,0.0000,0.0000,0.0000,0.0000,142,0,0,0,0,108,0,0,0,0
zc,WS301,2012-06-26 09:03:30.197,2544.0000,463346,-6,0.0000,106.0000,50,56,空平,B,2543.0000,0.0000,0.0000,0.0000,0.0000,2544.0000,0.0000,0.0000,0.0000,0.0000,90,0,0,0,0,123,0,0,0,0
zc,WS301,2012-06-26 09:03:30.680,2544.0000,463380,34,0.0000,54.0000,44,10,多开,B,2543.0000,0.0000,0.0000,0.0000,0.0000,2544.0000,0.0000,0.0000,0.0000,0.0000,92,0,0,0,0,98,0,0,0,0
zc,WS301,2012-06-26 09:03:31.167,2543.0000,463378,-2,0.0000,2.0000,0,2,双平,S,2543.0000,0.0000,0.0000,0.0000,0.0000,2544.0000,0.0000,0.0000,0.0000,0.0000,95,0,0,0,0,103,0,0,0,0
zc,WS301,2012-06-26 09:03:31.667,2544.0000,463388,10,0.0000,108.0000,59,49,多开,B,2543.0000,0.0000,0.0000,0.0000,0.0000,2544.0000,0.0000,0.0000,0.0000,0.0000,61,0,0,0,0,82,0,0,0,0
zc,WS301,2012-06-26 09:03:32.417,2544.0000,463388,0,0.0000,4.0000,2,2,多换,B,2543.0000,0.0000,0.0000,0.0000,0.0000,2544.0000,0.0000,0.0000,0.0000,0.0000,64,0,0,0,0,80,0,0,0,0
zc,WS301,2012-06-26 09:03:33.197,2543.0000,463382,-6,0.0000,28.0000,11,17,多平,S,2543.0000,0.0000,0.0000,0.0000,0.0000,2544.0000,0.0000,0.0000,0.0000,0.0000,61,0,0,0,0,73,0,0,0,0
zc,WS301,2012-06-26 09:03:33.977,2543.0000,463180,-202,0.0000,348.0000,73,275,多平,S,2542.0000,0.0000,0.0000,0.0000,0.0000,2543.0000,0.0000,0.0000,0.0000,0.0000,285,0,0,0,0,61,0,0,0,0
zc,WS301,2012-06-26 09:03:34.463,2543.0000,463180,0,0.0000,122.0000,61,61,空换,S,2543.0000,0.0000,0.0000,0.0000,0.0000,2544.0000,0.0000,0.0000,0.0000,0.0000,4,0,0,0,0,54,0,0,0,0
zc,WS301,2012-06-26 09:03:35.167,2543.0000,463180,0,0.0000,0.0000,0,0,空换,S,2543.0000,0.0000,0.0000,0.0000,0.0000,2544.0000,0.0000,0.0000,0.0000,0.0000,56,0,0,0,0,64,0,0,0,0
zc,WS301,2012-06-26 09:03:35.727,2544.0000,463278,98,0.0000,106.0000,102,4,多开,B,2543.0000,0.0000,0.0000,0.0000,0.0000,2544.0000,0.0000,0.0000,0.0000,0.0000,5,0,0,0,0,64,0,0,0,0
zc,WS301,2012-06-26 09:03:36.477,2544.0000,463278,0,0.0000,2.0000,1,1,多换,B,2543.0000,0.0000,0.0000,0.0000,0.0000,2544.0000,0.0000,0.0000,0.0000,0.0000,7,0,0,0,0,67,0,0,0,0
zc,WS301,2012-06-26 09:03:36.977,2544.0000,463268,-10,0.0000,156.0000,73,83,空平,B,2542.0000,0.0000,0.0000,0.0000,0.0000,2544.0000,0.0000,0.0000,0.0000,0.0000,219,0,0,0,0,54,0,0,0,0
zc,WS301,2012-06-26 09:03:37.680,2543.0000,463268,0,0.0000,16.0000,8,8,空换,S,2543.0000,0.0000,0.0000,0.0000,0.0000,2544.0000,0.0000,0.0000,0.0000,0.0000,13,0,0,0,0,54,0,0,0,0
zc,WS301,2012-06-26 09:03:38.227,2544.0000,463274,6,0.0000,62.0000,34,28,多开,B,2543.0000,0.0000,0.0000,0.0000,0.0000,2544.0000,0.0000,0.0000,0.0000,0.0000,14,0,0,0,0,24,0,0,0,0
zc,WS301,2012-06-26 09:03:38.917,2544.0000,463274,0,0.0000,0.0000,0,0,多换,B,2543.0000,0.0000,0.0000,0.0000,0.0000,2544.0000,0.0000,0.0000,0.0000,0.0000,14,0,0,0,0,32,0,0,0,0
zc,WS301,2012-06-26 09:03:39.463,2544.0000,463274,0,0.0000,0.0000,0,0,多换,B,2543.0000,0.0000,0.0000,0.0000,0.0000,2544.0000,0.0000,0.0000,0.0000,0.0000,17,0,0,0,0,33,0,0,0,0
zc,WS301,2012-06-26 09:03:39.917,2544.0000,463274,0,0.0000,12.0000,6,6,多换,B,2543.0000,0.0000,0.0000,0.0000,0.0000,2544.0000,0.0000,0.0000,0.0000,0.0000,20,0,0,0,0,29,0,0,0,0
zc,WS301,2012-06-26 09:03:40.697,2544.0000,463276,2,0.0000,12.0000,7,5,多开,B,2543.0000,0.0000,0.0000,0.0000,0.0000,2544.0000,0.0000,0.0000,0.0000,0.0000,15,0,0,0,0,28,0,0,0,0
zc,WS301,2012-06-26 09:03:41.260,2544.0000,463276,0,0.0000,0.0000,0,0,多换,B,2543.0000,0.0000,0.0000,0.0000,0.0000,2544.0000,0.0000,0.0000,0.0000,0.0000,19,0,0,0,0,28,0,0,0,0
zc,WS301,2012-06-26 09:03:41.993,2544.0000,463280,4,0.0000,58.0000,31,27,多开,B,2544.0000,0.0000,0.0000,0.0000,0.0000,2545.0000,0.0000,0.0000,0.0000,0.0000,21,0,0,0,0,433,0,0,0,0
zc,WS301,2012-06-26 09:03:42.477,2543.0000,463328,48,0.0000,66.0000,57,9,空开,S,2543.0000,0.0000,0.0000,0.0000,0.0000,2545.0000,0.0000,0.0000,0.0000,0.0000,19,0,0,0,0,442,0,0,0,0
zc,WS301,2012-06-26 09:03:43.243,2543.0000,463328,0,0.0000,0.0000,0,0,空换,S,2543.0000,0.0000,0.0000,0.0000,0.0000,2545.0000,0.0000,0.0000,0.0000,0.0000,20,0,0,0,0,442,0,0,0,0
zc,WS301,2012-06-26 09:03:43.713,2543.0000,463328,0,0.0000,0.0000,0,0,空换,S,2543.0000,0.0000,0.0000,0.0000,0.0000,2544.0000,0.0000,0.0000,0.0000,0.0000,20,0,0,0,0,14,0,0,0,0
zc,WS301,2012-06-26 09:03:44.180,2543.0000,463328,0,0.0000,0.0000,0,0,空换,S,2543.0000,0.0000,0.0000,0.0000,0.0000,2544.0000,0.0000,0.0000,0.0000,0.0000,21,0,0,0,0,14,0,0,0,0
zc,WS301,2012-06-26 09:03:44.697,2544.0000,463310,-18,0.0000,30.0000,6,24,空平,B,2543.0000,0.0000,0.0000,0.0000,0.0000,2544.0000,0.0000,0.0000,0.0000,0.0000,71,0,0,0,0,33,0,0,0,0
zc,WS301,2012-06-26 09:03:45.417,2544.0000,463300,-10,0.0000,22.0000,6,16,空平,B,2543.0000,0.0000,0.0000,0.0000,0.0000,2544.0000,0.0000,0.0000,0.0000,0.0000,77,0,0,0,0,45,0,0,0,0
zc,WS301,2012-06-26 09:03:45.947,2543.0000,463264,-36,0.0000,36.0000,0,36,双平,S,2543.0000,0.0000,0.0000,0.0000,0.0000,2544.0000,0.0000,0.0000,0.0000,0.0000,61,0,0,0,0,51,0,0,0,0
zc,WS301,2012-06-26 09:03:46.680,2544.0000,463260,-4,0.0000,32.0000,14,18,空平,B,2543.0000,0.0000,0.0000,0.0000,0.0000,2544.0000,0.0000,0.0000,0.0000,0.0000,56,0,0,0,0,43,0,0,0,0
zc,WS301,2012-06-26 09:03:47.197,2544.0000,463260,0,0.0000,0.0000,0,0,多换,B,2543.0000,0.0000,0.0000,0.0000,0.0000,2544.0000,0.0000,0.0000,0.0000,0.0000,58,0,0,0,0,46,0,0,0,0
zc,WS301,2012-06-26 09:03:47.680,2543.0000,463260,0,0.0000,4.0000,2,2,空换,S,2543.0000,0.0000,0.0000,0.0000,0.0000,2544.0000,0.0000,0.0000,0.0000,0.0000,57,0,0,0,0,51,0,0,0,0
zc,WS301,2012-06-26 09:03:48.400,2543.0000,463260,0,0.0000,10.0000,5,5,空换,S,2543.0000,0.0000,0.0000,0.0000,0.0000,2544.0000,0.0000,0.0000,0.0000,0.0000,53,0,0,0,0,51,0,0,0,0
zc,WS301,2012-06-26 09:03:48.917,2543.0000,463272,12,0.0000,74.0000,43,31,空开,S,2543.0000,0.0000,0.0000,0.0000,0.0000,2544.0000,0.0000,0.0000,0.0000,0.0000,44,0,0,0,0,31,0,0,0,0
zc,WS301,2012-06-26 09:03:49.400,2544.0000,463274,2,0.0000,2.0000,2,0,双开,B,2543.0000,0.0000,0.0000,0.0000,0.0000,2544.0000,0.0000,0.0000,0.0000,0.0000,66,0,0,0,0,36,0,0,0,0
zc,WS301,2012-06-26 09:03:49.900,2543.0000,463294,20,0.0000,84.0000,52,32,空开,S,2543.0000,0.0000,0.0000,0.0000,0.0000,2544.0000,0.0000,0.0000,0.0000,0.0000,65,0,0,0,0,9,0,0,0,0
zc,WS301,2012-06-26 09:03:50.633,2543.0000,463294,0,0.0000,0.0000,0,0,空换,S,2543.0000,0.0000,0.0000,0.0000,0.0000,2544.0000,0.0000,0.0000,0.0000,0.0000,65,0,0,0,0,12,0,0,0,0
zc,WS301,2012-06-26 09:03:51.150,2543.0000,463290,-4,0.0000,70.0000,33,37,多平,S,2543.0000,0.0000,0.0000,0.0000,0.0000,2544.0000,0.0000,0.0000,0.0000,0.0000,30,0,0,0,0,43,0,0,0,0
zc,WS301,2012-06-26 09:03:51.917,2544.0000,463304,14,0.0000,14.0000,14,0,双开,B,2543.0000,0.0000,0.0000,0.0000,0.0000,2544.0000,0.0000,0.0000,0.0000,0.0000,70,0,0,0,0,35,0,0,0,0
zc,WS301,2012-06-26 09:03:52.400,2543.0000,463304,0,0.0000,10.0000,5,5,空换,S,2543.0000,0.0000,0.0000,0.0000,0.0000,2544.0000,0.0000,0.0000,0.0000,0.0000,65,0,0,0,0,40,0,0,0,0
zc,WS301,2012-06-26 09:03:53.197,2544.0000,463306,2,0.0000,2.0000,2,0,双开,B,2543.0000,0.0000,0.0000,0.0000,0.0000,2544.0000,0.0000,0.0000,0.0000,0.0000,67,0,0,0,0,40,0,0,0,0
zc,WS301,2012-06-26 09:03:53.947,2544.0000,463290,-16,0.0000,20.0000,2,18,空平,B,2543.0000,0.0000,0.0000,0.0000,0.0000,2544.0000,0.0000,0.0000,0.0000,0.0000,67,0,0,0,0,31,0,0,0,0
zc,WS301,2012-06-26 09:03:54.430,2544.0000,463290,0,0.0000,22.0000,11,11,多换,B,2543.0000,0.0000,0.0000,0.0000,0.0000,2544.0000,0.0000,0.0000,0.0000,0.0000,69,0,0,0,0,24,0,0,0,0
zc,WS301,2012-06-26 09:03:54.917,2544.0000,463290,0,0.0000,4.0000,2,2,多换,B,2543.0000,0.0000,0.0000,0.0000,0.0000,2544.0000,0.0000,0.0000,0.0000,0.0000,69,0,0,0,0,25,0,0,0,0
zc,WS301,2012-06-26 09:03:55.417,2543.0000,463290,0,0.0000,14.0000,7,7,空换,S,2543.0000,0.0000,0.0000,0.0000,0.0000,2544.0000,0.0000,0.0000,0.0000,0.0000,67,0,0,0,0,27,0,0,0,0
zc,WS301,2012-06-26 09:03:56.150,2543.0000,463290,0,0.0000,16.0000,8,8,空换,S,2543.0000,0.0000,0.0000,0.0000,0.0000,2544.0000,0.0000,0.0000,0.0000,0.0000,68,0,0,0,0,39,0,0,0,0
zc,WS301,2012-06-26 09:03:56.667,2543.0000,463292,2,0.0000,6.0000,4,2,空开,S,2543.0000,0.0000,0.0000,0.0000,0.0000,2544.0000,0.0000,0.0000,0.0000,0.0000,67,0,0,0,0,40,0,0,0,0
zc,WS301,2012-06-26 09:03:57.180,2543.0000,463292,0,0.0000,0.0000,0,0,空换,S,2543.0000,0.0000,0.0000,0.0000,0.0000,2544.0000,0.0000,0.0000,0.0000,0.0000,68,0,0,0,0,41,0,0,0,0
zc,WS301,2012-06-26 09:03:57.930,2543.0000,463292,0,0.0000,48.0000,24,24,空换,S,2543.0000,0.0000,0.0000,0.0000,0.0000,2544.0000,0.0000,0.0000,0.0000,0.0000,56,0,0,0,0,35,0,0,0,0
zc,WS301,2012-06-26 09:03:58.430,2544.0000,463304,12,0.0000,52.0000,32,20,多开,B,2543.0000,0.0000,0.0000,0.0000,0.0000,2544.0000,0.0000,0.0000,0.0000,0.0000,47,0,0,0,0,32,0,0,0,0
zc,WS301,2012-06-26 09:03:58.963,2544.0000,463308,4,0.0000,46.0000,25,21,多开,B,2543.0000,0.0000,0.0000,0.0000,0.0000,2544.0000,0.0000,0.0000,0.0000,0.0000,51,0,0,0,0,10,0,0,0,0
zc,WS301,2012-06-26 09:03:59.493,2544.0000,463308,0,0.0000,0.0000,0,0,多换,B,2543.0000,0.0000,0.0000,0.0000,0.0000,2544.0000,0.0000,0.0000,0.0000,0.0000,57,0,0,0,0,15,0,0,0,0
zc,WS301,2012-06-26 09:04:00.213,2543.0000,463308,0,0.0000,86.0000,43,43,空换,S,2543.0000,0.0000,0.0000,0.0000,0.0000,2544.0000,0.0000,0.0000,0.0000,0.0000,14,0,0,0,0,16,0,0,0,0
zc,WS301,2012-06-26 09:04:00.680,2544.0000,463308,0,0.0000,2.0000,1,1,多换,B,2543.0000,0.0000,0.0000,0.0000,0.0000,2544.0000,0.0000,0.0000,0.0000,0.0000,14,0,0,0,0,15,0,0,0,0
zc,WS301,2012-06-26 09:04:01.430,2544.0000,463306,-2,0.0000,8.0000,3,5,空平,B,2543.0000,0.0000,0.0000,0.0000,0.0000,2544.0000,0.0000,0.0000,0.0000,0.0000,14,0,0,0,0,11,0,0,0,0
zc,WS301,2012-06-26 09:04:01.930,2544.0000,463306,0,0.0000,0.0000,0,0,多换,B,2543.0000,0.0000,0.0000,0.0000,0.0000,2544.0000,0.0000,0.0000,0.0000,0.0000,17,0,0,0,0,11,0,0,0,0
zc,WS301,2012-06-26 09:04:02.367,2543.0000,463306,0,0.0000,4.0000,2,2,空换,S,2543.0000,0.0000,0.0000,0.0000,0.0000,2544.0000,0.0000,0.0000,0.0000,0.0000,25,0,0,0,0,41,0,0,0,0
zc,WS301,2012-06-26 09:04:03.150,2543.0000,463306,0,0.0000,0.0000,0,0,空换,S,2543.0000,0.0000,0.0000,0.0000,0.0000,2544.0000,0.0000,0.0000,0.0000,0.0000,26,0,0,0,0,41,0,0,0,0
zc,WS301,2012-06-26 09:04:03.680,2544.0000,463306,0,0.0000,2.0000,1,1,多换,B,2543.0000,0.0000,0.0000,0.0000,0.0000,2544.0000,0.0000,0.0000,0.0000,0.0000,126,0,0,0,0,42,0,0,0,0
zc,WS301,2012-06-26 09:04:04.150,2543.0000,463306,0,0.0000,2.0000,1,1,空换,S,2543.0000,0.0000,0.0000,0.0000,0.0000,2544.0000,0.0000,0.0000,0.0000,0.0000,128,0,0,0,0,142,0,0,0,0
zc,WS301,2012-06-26 09:04:04.603,2543.0000,463308,2,0.0000,6.0000,4,2,空开,S,2543.0000,0.0000,0.0000,0.0000,0.0000,2544.0000,0.0000,0.0000,0.0000,0.0000,127,0,0,0,0,142,0,0,0,0
zc,WS301,2012-06-26 09:04:05.430,2544.0000,463292,-16,0.0000,38.0000,11,27,空平,B,2543.0000,0.0000,0.0000,0.0000,0.0000,2544.0000,0.0000,0.0000,0.0000,0.0000,119,0,0,0,0,113,0,0,0,0
zc,WS301,2012-06-26 09:04:05.947,2543.0000,463292,0,0.0000,36.0000,18,18,空换,S,2543.0000,0.0000,0.0000,0.0000,0.0000,2544.0000,0.0000,0.0000,0.0000,0.0000,122,0,0,0,0,103,0,0,0,0
zc,WS301,2012-06-26 09:04:06.697,2543.0000,463292,0,0.0000,0.0000,0,0,空换,S,2543.0000,0.0000,0.0000,0.0000,0.0000,2544.0000,0.0000,0.0000,0.0000,0.0000,122,0,0,0,0,155,0,0,0,0
zc,WS301,2012-06-26 09:04:07.133,2544.0000,463292,0,0.0000,2.0000,1,1,多换,B,2543.0000,0.0000,0.0000,0.0000,0.0000,2544.0000,0.0000,0.0000,0.0000,0.0000,129,0,0,0,0,154,0,0,0,0
zc,WS301,2012-06-26 09:04:07.667,2544.0000,463292,0,0.0000,20.0000,10,10,多换,B,2543.0000,0.0000,0.0000,0.0000,0.0000,2544.0000,0.0000,0.0000,0.0000,0.0000,129,0,0,0,0,145,0,0,0,0
zc,WS301,2012-06-26 09:04:08.447,2543.0000,463292,0,0.0000,6.0000,3,3,空换,S,2543.0000,0.0000,0.0000,0.0000,0.0000,2544.0000,0.0000,0.0000,0.0000,0.0000,155,0,0,0,0,145,0,0,0,0
zc,WS301,2012-06-26 09:04:08.900,2543.0000,463292,0,0.0000,0.0000,0,0,空换,S,2543.0000,0.0000,0.0000,0.0000,0.0000,2544.0000,0.0000,0.0000,0.0000,0.0000,155,0,0,0,0,146,0,0,0,0
zc,WS301,2012-06-26 09:04:09.400,2543.0000,463292,0,0.0000,0.0000,0,0,空换,S,2543.0000,0.0000,0.0000,0.0000,0.0000,2544.0000,0.0000,0.0000,0.0000,0.0000,157,0,0,0,0,146,0,0,0,0
zc,WS301,2012-06-26 09:04:09.900,2544.0000,463290,-2,0.0000,36.0000,17,19,空平,B,2543.0000,0.0000,0.0000,0.0000,0.0000,2544.0000,0.0000,0.0000,0.0000,0.0000,160,0,0,0,0,135,0,0,0,0
zc,WS301,2012-06-26 09:04:10.680,2543.0000,463290,0,0.0000,4.0000,2,2,空换,S,2543.0000,0.0000,0.0000,0.0000,0.0000,2544.0000,0.0000,0.0000,0.0000,0.0000,159,0,0,0,0,145,0,0,0,0
zc,WS301,2012-06-26 09:04:11.180,2544.0000,463290,0,0.0000,8.0000,4,4,多换,B,2543.0000,0.0000,0.0000,0.0000,0.0000,2544.0000,0.0000,0.0000,0.0000,0.0000,156,0,0,0,0,144,0,0,0,0
zc,WS301,2012-06-26 09:04:11.883,2543.0000,463390,100,0.0000,104.0000,102,2,空开,S,2543.0000,0.0000,0.0000,0.0000,0.0000,2544.0000,0.0000,0.0000,0.0000,0.0000,107,0,0,0,0,98,0,0,0,0
zc,WS301,2012-06-26 09:04:12.417,2543.0000,463392,2,0.0000,2.0000,2,0,双开,S,2543.0000,0.0000,0.0000,0.0000,0.0000,2544.0000,0.0000,0.0000,0.0000,0.0000,107,0,0,0,0,98,0,0,0,0
zc,WS301,2012-06-26 09:04:13.180,2544.0000,463604,212,0.0000,394.0000,303,91,多开,B,2544.0000,0.0000,0.0000,0.0000,0.0000,2545.0000,0.0000,0.0000,0.0000,0.0000,3,0,0,0,0,424,0,0,0,0
zc,WS301,2012-06-26 09:04:13.650,2544.0000,463604,0,0.0000,0.0000,0,0,多换,B,2544.0000,0.0000,0.0000,0.0000,0.0000,2545.0000,0.0000,0.0000,0.0000,0.0000,6,0,0,0,0,431,0,0,0,0
zc,WS301,2012-06-26 09:04:14.167,2544.0000,463606,2,0.0000,2.0000,2,0,双开,B,2544.0000,0.0000,0.0000,0.0000,0.0000,2545.0000,0.0000,0.0000,0.0000,0.0000,5,0,0,0,0,431,0,0,0,0
zc,WS301,2012-06-26 09:04:14.900,2544.0000,463606,0,0.0000,12.0000,6,6,多换,B,2543.0000,0.0000,0.0000,0.0000,0.0000,2544.0000,0.0000,0.0000,0.0000,0.0000,113,0,0,0,0,5,0,0,0,0
zc,WS301,2012-06-26 09:04:15.417,2545.0000,463596,-10,0.0000,22.0000,6,16,空平,B,2543.0000,0.0000,0.0000,0.0000,0.0000,2545.0000,0.0000,0.0000,0.0000,0.0000,113,0,0,0,0,410,0,0,0,0
zc,WS301,2012-06-26 09:04:16.133,2545.0000,463596,0,0.0000,0.0000,0,0,多换,B,2543.0000,0.0000,0.0000,0.0000,0.0000,2544.0000,0.0000,0.0000,0.0000,0.0000,113,0,0,0,0,2,0,0,0,0
zc,WS301,2012-06-26 09:04:16.400,2544.0000,463594,-2,0.0000,2.0000,0,2,双平,S,2543.0000,0.0000,0.0000,0.0000,0.0000,2544.0000,0.0000,0.0000,0.0000,0.0000,145,0,0,0,0,8,0,0,0,0
zc,WS301,2012-06-26 09:04:17.180,2544.0000,463594,0,0.0000,0.0000,0,0,空换,S,2543.0000,0.0000,0.0000,0.0000,0.0000,2544.0000,0.0000,0.0000,0.0000,0.0000,145,0,0,0,0,158,0,0,0,0
zc,WS301,2012-06-26 09:04:17.680,2544.0000,463602,8,0.0000,22.0000,15,7,空开,S,2543.0000,0.0000,0.0000,0.0000,0.0000,2544.0000,0.0000,0.0000,0.0000,0.0000,140,0,0,0,0,194,0,0,0,0
zc,WS301,2012-06-26 09:04:18.417,2544.0000,463606,4,0.0000,4.0000,4,0,双开,S,2543.0000,0.0000,0.0000,0.0000,0.0000,2544.0000,0.0000,0.0000,0.0000,0.0000,142,0,0,0,0,192,0,0,0,0
zc,WS301,2012-06-26 09:04:18.917,2544.0000,463620,14,0.0000,18.0000,16,2,空开,S,2543.0000,0.0000,0.0000,0.0000,0.0000,2544.0000,0.0000,0.0000,0.0000,0.0000,141,0,0,0,0,185,0,0,0,0
zc,WS301,2012-06-26 09:04:19.650,2544.0000,463626,6,0.0000,6.0000,6,0,双开,S,2543.0000,0.0000,0.0000,0.0000,0.0000,2544.0000,0.0000,0.0000,0.0000,0.0000,145,0,0,0,0,217,0,0,0,0
zc,WS301,2012-06-26 09:04:20.133,2544.0000,463628,2,0.0000,2.0000,2,0,双开,S,2543.0000,0.0000,0.0000,0.0000,0.0000,2544.0000,0.0000,0.0000,0.0000,0.0000,145,0,0,0,0,216,0,0,0,0
zc,WS301,2012-06-26 09:04:20.667,2544.0000,463630,2,0.0000,2.0000,2,0,双开,S,2543.0000,0.0000,0.0000,0.0000,0.0000,2544.0000,0.0000,0.0000,0.0000,0.0000,173,0,0,0,0,217,0,0,0,0
zc,WS301,2012-06-26 09:04:21.400,2544.0000,463700,70,0.0000,400.0000,235,165,空开,S,2543.0000,0.0000,0.0000,0.0000,0.0000,2544.0000,0.0000,0.0000,0.0000,0.0000,225,0,0,0,0,27,0,0,0,0
zc,WS301,2012-06-26 09:04:21.917,2544.0000,463700,0,0.0000,4.0000,2,2,空换,S,2543.0000,0.0000,0.0000,0.0000,0.0000,2544.0000,0.0000,0.0000,0.0000,0.0000,225,0,0,0,0,26,0,0,0,0
zc,WS301,2012-06-26 09:04:22.713,2544.0000,463700,0,0.0000,2.0000,1,1,空换,S,2543.0000,0.0000,0.0000,0.0000,0.0000,2544.0000,0.0000,0.0000,0.0000,0.0000,226,0,0,0,0,31,0,0,0,0
zc,WS301,2012-06-26 09:04:22.883,2543.0000,463700,0,0.0000,10.0000,5,5,空换,S,2543.0000,0.0000,0.0000,0.0000,0.0000,2544.0000,0.0000,0.0000,0.0000,0.0000,221,0,0,0,0,58,0,0,0,0
zc,WS301,2012-06-26 09:04:23.650,2544.0000,463700,0,0.0000,2.0000,1,1,多换,B,2543.0000,0.0000,0.0000,0.0000,0.0000,2544.0000,0.0000,0.0000,0.0000,0.0000,222,0,0,0,0,68,0,0,0,0
zc,WS301,2012-06-26 09:04:24.180,2543.0000,463700,0,0.0000,4.0000,2,2,空换,S,2543.0000,0.0000,0.0000,0.0000,0.0000,2544.0000,0.0000,0.0000,0.0000,0.0000,237,0,0,0,0,81,0,0,0,0
zc,WS301,2012-06-26 09:04:24.947,2543.0000,463700,0,0.0000,18.0000,9,9,空换,S,2543.0000,0.0000,0.0000,0.0000,0.0000,2544.0000,0.0000,0.0000,0.0000,0.0000,239,0,0,0,0,75,0,0,0,0
zc,WS301,2012-06-26 09:04:25.417,2544.0000,463700,0,0.0000,2.0000,1,1,多换,B,2543.0000,0.0000,0.0000,0.0000,0.0000,2544.0000,0.0000,0.0000,0.0000,0.0000,240,0,0,0,0,75,0,0,0,0
zc,WS301,2012-06-26 09:04:25.947,2544.0000,463702,2,0.0000,10.0000,6,4,多开,B,2543.0000,0.0000,0.0000,0.0000,0.0000,2544.0000,0.0000,0.0000,0.0000,0.0000,242,0,0,0,0,95,0,0,0,0
zc,WS301,2012-06-26 09:04:26.650,2544.0000,463704,2,0.0000,54.0000,28,26,多开,B,2543.0000,0.0000,0.0000,0.0000,0.0000,2544.0000,0.0000,0.0000,0.0000,0.0000,216,0,0,0,0,96,0,0,0,0
zc,WS301,2012-06-26 09:04:27.167,2544.0000,463704,0,0.0000,0.0000,0,0,多换,B,2543.0000,0.0000,0.0000,0.0000,0.0000,2544.0000,0.0000,0.0000,0.0000,0.0000,217,0,0,0,0,98,0,0,0,0
zc,WS301,2012-06-26 09:04:27.867,2544.0000,463706,2,0.0000,2.0000,2,0,双开,B,2543.0000,0.0000,0.0000,0.0000,0.0000,2544.0000,0.0000,0.0000,0.0000,0.0000,215,0,0,0,0,106,0,0,0,0
zc,WS301,2012-06-26 09:04:28.383,2544.0000,463710,4,0.0000,4.0000,4,0,双开,B,2543.0000,0.0000,0.0000,0.0000,0.0000,2544.0000,0.0000,0.0000,0.0000,0.0000,217,0,0,0,0,109,0,0,0,0
zc,WS301,2012-06-26 09:04:29.133,2544.0000,463722,12,0.0000,22.0000,17,5,多开,B,2543.0000,0.0000,0.0000,0.0000,0.0000,2544.0000,0.0000,0.0000,0.0000,0.0000,216,0,0,0,0,191,0,0,0,0
zc,WS301,2012-06-26 09:04:29.417,2544.0000,463722,0,0.0000,2.0000,1,1,多换,B,2543.0000,0.0000,0.0000,0.0000,0.0000,2544.0000,0.0000,0.0000,0.0000,0.0000,213,0,0,0,0,190,0,0,0,0
zc,WS301,2012-06-26 09:04:30.197,2544.0000,463722,0,0.0000,20.0000,10,10,多换,B,2543.0000,0.0000,0.0000,0.0000,0.0000,2544.0000,0.0000,0.0000,0.0000,0.0000,213,0,0,0,0,210,0,0,0,0
zc,WS301,2012-06-26 09:04:30.697,2543.0000,463720,-2,0.0000,36.0000,17,19,多平,S,2543.0000,0.0000,0.0000,0.0000,0.0000,2544.0000,0.0000,0.0000,0.0000,0.0000,197,0,0,0,0,211,0,0,0,0
zc,WS301,2012-06-26 09:04:31.417,2543.0000,463722,2,0.0000,20.0000,11,9,空开,S,2543.0000,0.0000,0.0000,0.0000,0.0000,2544.0000,0.0000,0.0000,0.0000,0.0000,193,0,0,0,0,206,0,0,0,0
zc,WS301,2012-06-26 09:04:31.917,2543.0000,463708,-14,0.0000,58.0000,22,36,多平,S,2543.0000,0.0000,0.0000,0.0000,0.0000,2544.0000,0.0000,0.0000,0.0000,0.0000,178,0,0,0,0,192,0,0,0,0
zc,WS301,2012-06-26 09:04:33.133,2544.0000,463708,0,0.0000,4.0000,2,2,多换,B,2543.0000,0.0000,0.0000,0.0000,0.0000,2544.0000,0.0000,0.0000,0.0000,0.0000,179,0,0,0,0,190,0,0,0,0
zc,WS301,2012-06-26 09:04:34.133,2543.0000,463708,0,0.0000,8.0000,4,4,空换,S,2543.0000,0.0000,0.0000,0.0000,0.0000,2544.0000,0.0000,0.0000,0.0000,0.0000,181,0,0,0,0,200,0,0,0,0
zc,WS301,2012-06-26 09:04:34.697,2543.0000,463708,0,0.0000,50.0000,25,25,空换,S,2543.0000,0.0000,0.0000,0.0000,0.0000,2544.0000,0.0000,0.0000,0.0000,0.0000,156,0,0,0,0,200,0,0,0,0
zc,WS301,2012-06-26 09:04:35.417,2544.0000,463708,0,0.0000,2.0000,1,1,多换,B,2543.0000,0.0000,0.0000,0.0000,0.0000,2544.0000,0.0000,0.0000,0.0000,0.0000,156,0,0,0,0,199,0,0,0,0
zc,WS301,2012-06-26 09:04:35.900,2544.0000,463708,0,0.0000,0.0000,0,0,多换,B,2543.0000,0.0000,0.0000,0.0000,0.0000,2544.0000,0.0000,0.0000,0.0000,0.0000,159,0,0,0,0,218,0,0,0,0
zc,WS301,2012-06-26 09:04:36.430,2543.0000,463734,26,0.0000,42.0000,34,8,空开,S,2543.0000,0.0000,0.0000,0.0000,0.0000,2544.0000,0.0000,0.0000,0.0000,0.0000,141,0,0,0,0,248,0,0,0,0
zc,WS301,2012-06-26 09:04:36.883,2543.0000,463734,0,0.0000,0.0000,0,0,空换,S,2543.0000,0.0000,0.0000,0.0000,0.0000,2544.0000,0.0000,0.0000,0.0000,0.0000,141,0,0,0,0,248,0,0,0,0
zc,WS301,2012-06-26 09:04:37.167,2543.0000,463734,0,0.0000,8.0000,4,4,空换,S,2543.0000,0.0000,0.0000,0.0000,0.0000,2544.0000,0.0000,0.0000,0.0000,0.0000,137,0,0,0,0,250,0,0,0,0
zc,WS301,2012-06-26 09:04:37.697,2543.0000,463734,0,0.0000,2.0000,1,1,空换,S,2543.0000,0.0000,0.0000,0.0000,0.0000,2544.0000,0.0000,0.0000,0.0000,0.0000,136,0,0,0,0,253,0,0,0,0
zc,WS301,2012-06-26 09:04:38.417,2543.0000,463734,0,0.0000,0.0000,0,0,空换,S,2543.0000,0.0000,0.0000,0.0000,0.0000,2544.0000,0.0000,0.0000,0.0000,0.0000,136,0,0,0,0,255,0,0,0,0
zc,WS301,2012-06-26 09:04:39.417,2543.0000,463738,4,0.0000,4.0000,4,0,双开,S,2543.0000,0.0000,0.0000,0.0000,0.0000,2544.0000,0.0000,0.0000,0.0000,0.0000,134,0,0,0,0,260,0,0,0,0
zc,WS301,2012-06-26 09:04:39.977,2543.0000,463738,0,0.0000,0.0000,0,0,空换,S,2543.0000,0.0000,0.0000,0.0000,0.0000,2544.0000,0.0000,0.0000,0.0000,0.0000,134,0,0,0,0,261,0,0,0,0
zc,WS301,2012-06-26 09:04:40.667,2543.0000,463744,6,0.0000,6.0000,6,0,双开,S,2543.0000,0.0000,0.0000,0.0000,0.0000,2544.0000,0.0000,0.0000,0.0000,0.0000,131,0,0,0,0,254,0,0,0,0
zc,WS301,2012-06-26 09:04:41.133,2543.0000,463744,0,0.0000,0.0000,0,0,空换,S,2543.0000,0.0000,0.0000,0.0000,0.0000,2544.0000,0.0000,0.0000,0.0000,0.0000,132,0,0,0,0,259,0,0,0,0
zc,WS301,2012-06-26 09:04:41.977,2544.0000,463780,36,0.0000,40.0000,38,2,多开,B,2543.0000,0.0000,0.0000,0.0000,0.0000,2544.0000,0.0000,0.0000,0.0000,0.0000,131,0,0,0,0,239,0,0,0,0
zc,WS301,2012-06-26 09:04:42.383,2543.0000,463780,0,0.0000,10.0000,5,5,空换,S,2543.0000,0.0000,0.0000,0.0000,0.0000,2544.0000,0.0000,0.0000,0.0000,0.0000,127,0,0,0,0,240,0,0,0,0
zc,WS301,2012-06-26 09:04:42.900,2543.0000,463780,0,0.0000,0.0000,0,0,空换,S,2543.0000,0.0000,0.0000,0.0000,0.0000,2544.0000,0.0000,0.0000,0.0000,0.0000,137,0,0,0,0,261,0,0,0,0
zc,WS301,2012-06-26 09:04:43.650,2543.0000,463780,0,0.0000,0.0000,0,0,空换,S,2543.0000,0.0000,0.0000,0.0000,0.0000,2544.0000,0.0000,0.0000,0.0000,0.0000,137,0,0,0,0,262,0,0,0,0
zc,WS301,2012-06-26 09:04:44.133,2544.0000,463802,22,0.0000,22.0000,22,0,双开,B,2543.0000,0.0000,0.0000,0.0000,0.0000,2544.0000,0.0000,0.0000,0.0000,0.0000,139,0,0,0,0,288,0,0,0,0
zc,WS301,2012-06-26 09:04:44.650,2544.0000,463802,0,0.0000,0.0000,0,0,多换,B,2543.0000,0.0000,0.0000,0.0000,0.0000,2544.0000,0.0000,0.0000,0.0000,0.0000,140,0,0,0,0,289,0,0,0,0
zc,WS301,2012-06-26 09:04:45.133,2543.0000,463802,0,0.0000,6.0000,3,3,空换,S,2543.0000,0.0000,0.0000,0.0000,0.0000,2544.0000,0.0000,0.0000,0.0000,0.0000,137,0,0,0,0,291,0,0,0,0
zc,WS301,2012-06-26 09:04:45.883,2543.0000,463802,0,0.0000,2.0000,1,1,空换,S,2543.0000,0.0000,0.0000,0.0000,0.0000,2544.0000,0.0000,0.0000,0.0000,0.0000,136,0,0,0,0,296,0,0,0,0
zc,WS301,2012-06-26 09:04:46.417,2543.0000,463902,100,0.0000,100.0000,100,0,双开,S,2543.0000,0.0000,0.0000,0.0000,0.0000,2544.0000,0.0000,0.0000,0.0000,0.0000,86,0,0,0,0,296,0,0,0,0
zc,WS301,2012-06-26 09:04:46.883,2543.0000,463904,2,0.0000,12.0000,7,5,空开,S,2543.0000,0.0000,0.0000,0.0000,0.0000,2544.0000,0.0000,0.0000,0.0000,0.0000,80,0,0,0,0,296,0,0,0,0
zc,WS301,2012-06-26 09:04:47.633,2543.0000,463932,28,0.0000,28.0000,28,0,双开,S,2543.0000,0.0000,0.0000,0.0000,0.0000,2544.0000,0.0000,0.0000,0.0000,0.0000,66,0,0,0,0,299,0,0,0,0
zc,WS301,2012-06-26 09:04:48.180,2543.0000,463932,0,0.0000,10.0000,5,5,空换,S,2543.0000,0.0000,0.0000,0.0000,0.0000,2544.0000,0.0000,0.0000,0.0000,0.0000,61,0,0,0,0,301,0,0,0,0
zc,WS301,2012-06-26 09:04:48.900,2543.0000,463988,56,0.0000,66.0000,61,5,空开,S,2543.0000,0.0000,0.0000,0.0000,0.0000,2544.0000,0.0000,0.0000,0.0000,0.0000,28,0,0,0,0,301,0,0,0,0
zc,WS301,2012-06-26 09:04:49.367,2544.0000,463990,2,0.0000,2.0000,2,0,双开,B,2543.0000,0.0000,0.0000,0.0000,0.0000,2544.0000,0.0000,0.0000,0.0000,0.0000,29,0,0,0,0,300,0,0,0,0
zc,WS301,2012-06-26 09:04:49.883,2543.0000,463990,0,0.0000,4.0000,2,2,空换,S,2543.0000,0.0000,0.0000,0.0000,0.0000,2544.0000,0.0000,0.0000,0.0000,0.0000,27,0,0,0,0,300,0,0,0,0
zc,WS301,2012-06-26 09:04:50.400,2543.0000,464062,72,0.0000,74.0000,73,1,空开,S,2542.0000,0.0000,0.0000,0.0000,0.0000,2543.0000,0.0000,0.0000,0.0000,0.0000,178,0,0,0,0,7,0,0,0,0
zc,WS301,2012-06-26 09:04:51.167,2543.0000,464062,0,0.0000,0.0000,0,0,空换,S,2542.0000,0.0000,0.0000,0.0000,0.0000,2543.0000,0.0000,0.0000,0.0000,0.0000,175,0,0,0,0,10,0,0,0,0
zc,WS301,2012-06-26 09:04:51.650,2542.0000,464076,14,0.0000,24.0000,19,5,空开,S,2542.0000,0.0000,0.0000,0.0000,0.0000,2543.0000,0.0000,0.0000,0.0000,0.0000,174,0,0,0,0,52,0,0,0,0
zc,WS301,2012-06-26 09:04:52.197,2542.0000,464076,0,0.0000,0.0000,0,0,空换,S,2542.0000,0.0000,0.0000,0.0000,0.0000,2543.0000,0.0000,0.0000,0.0000,0.0000,174,0,0,0,0,101,0,0,0,0
zc,WS301,2012-06-26 09:04:52.917,2543.0000,464076,0,0.0000,20.0000,10,10,多换,B,2542.0000,0.0000,0.0000,0.0000,0.0000,2543.0000,0.0000,0.0000,0.0000,0.0000,174,0,0,0,0,119,0,0,0,0
zc,WS301,2012-06-26 09:04:53.430,2543.0000,464074,-2,0.0000,88.0000,43,45,空平,B,2542.0000,0.0000,0.0000,0.0000,0.0000,2543.0000,0.0000,0.0000,0.0000,0.0000,181,0,0,0,0,88,0,0,0,0
zc,WS301,2012-06-26 09:04:54.197,2543.0000,464100,26,0.0000,90.0000,58,32,多开,B,2542.0000,0.0000,0.0000,0.0000,0.0000,2543.0000,0.0000,0.0000,0.0000,0.0000,182,0,0,0,0,43,0,0,0,0
zc,WS301,2012-06-26 09:04:54.633,2543.0000,464100,0,0.0000,0.0000,0,0,多换,B,2542.0000,0.0000,0.0000,0.0000,0.0000,2543.0000,0.0000,0.0000,0.0000,0.0000,181,0,0,0,0,38,0,0,0,0
zc,WS301,2012-06-26 09:04:55.117,2543.0000,464090,-10,0.0000,10.0000,0,10,双平,B,2542.0000,0.0000,0.0000,0.0000,0.0000,2543.0000,0.0000,0.0000,0.0000,0.0000,186,0,0,0,0,33,0,0,0,0
zc,WS301,2012-06-26 09:04:55.680,2543.0000,464090,0,0.0000,6.0000,3,3,多换,B,2542.0000,0.0000,0.0000,0.0000,0.0000,2543.0000,0.0000,0.0000,0.0000,0.0000,185,0,0,0,0,30,0,0,0,0
zc,WS301,2012-06-26 09:04:56.367,2542.0000,464088,-2,0.0000,2.0000,0,2,双平,S,2542.0000,0.0000,0.0000,0.0000,0.0000,2543.0000,0.0000,0.0000,0.0000,0.0000,183,0,0,0,0,30,0,0,0,0
zc,WS301,2012-06-26 09:04:56.867,2542.0000,464088,0,0.0000,0.0000,0,0,空换,S,2542.0000,0.0000,0.0000,0.0000,0.0000,2543.0000,0.0000,0.0000,0.0000,0.0000,183,0,0,0,0,37,0,0,0,0
zc,WS301,2012-06-26 09:04:57.463,2542.0000,464072,-16,0.0000,20.0000,2,18,多平,S,2542.0000,0.0000,0.0000,0.0000,0.0000,2543.0000,0.0000,0.0000,0.0000,0.0000,175,0,0,0,0,86,0,0,0,0
zc,WS301,2012-06-26 09:04:58.133,2542.0000,464072,0,0.0000,0.0000,0,0,空换,S,2542.0000,0.0000,0.0000,0.0000,0.0000,2543.0000,0.0000,0.0000,0.0000,0.0000,174,0,0,0,0,87,0,0,0,0
zc,WS301,2012-06-26 09:04:58.650,2542.0000,464116,44,0.0000,106.0000,75,31,空开,S,2542.0000,0.0000,0.0000,0.0000,0.0000,2543.0000,0.0000,0.0000,0.0000,0.0000,173,0,0,0,0,46,0,0,0,0
zc,WS301,2012-06-26 09:04:59.180,2542.0000,464116,0,0.0000,6.0000,3,3,空换,S,2542.0000,0.0000,0.0000,0.0000,0.0000,2543.0000,0.0000,0.0000,0.0000,0.0000,171,0,0,0,0,106,0,0,0,0
zc,WS301,2012-06-26 09:04:59.930,2542.0000,464116,0,0.0000,0.0000,0,0,空换,S,2542.0000,0.0000,0.0000,0.0000,0.0000,2543.0000,0.0000,0.0000,0.0000,0.0000,171,0,0,0,0,137,0,0,0,0
zc,WS301,2012-06-26 09:05:00.400,2542.0000,464116,0,0.0000,0.0000,0,0,空换,S,2542.0000,0.0000,0.0000,0.0000,0.0000,2543.0000,0.0000,0.0000,0.0000,0.0000,171,0,0,0,0,163,0,0,0,0
zc,WS301,2012-06-26 09:05:00.917,2542.0000,464048,-68,0.0000,306.0000,119,187,多平,S,2542.0000,0.0000,0.0000,0.0000,0.0000,2543.0000,0.0000,0.0000,0.0000,0.0000,24,0,0,0,0,173,0,0,0,0
zc,WS301,2012-06-26 09:05:01.680,2542.0000,464066,18,0.0000,18.0000,18,0,双开,S,2542.0000,0.0000,0.0000,0.0000,0.0000,2543.0000,0.0000,0.0000,0.0000,0.0000,21,0,0,0,0,170,0,0,0,0
zc,WS301,2012-06-26 09:05:02.180,2542.0000,464108,42,0.0000,42.0000,42,0,双开,S,2541.0000,0.0000,0.0000,0.0000,0.0000,2542.0000,0.0000,0.0000,0.0000,0.0000,434,0,0,0,0,106,0,0,0,0
zc,WS301,2012-06-26 09:05:02.883,2541.0000,464108,0,0.0000,2.0000,1,1,空换,S,2541.0000,0.0000,0.0000,0.0000,0.0000,2542.0000,0.0000,0.0000,0.0000,0.0000,433,0,0,0,0,18,0,0,0,0
zc,WS301,2012-06-26 09:05:03.383,2541.0000,464108,0,0.0000,0.0000,0,0,空换,S,2541.0000,0.0000,0.0000,0.0000,0.0000,2542.0000,0.0000,0.0000,0.0000,0.0000,433,0,0,0,0,22,0,0,0,0
zc,WS301,2012-06-26 09:05:04.150,2541.0000,464108,0,0.0000,0.0000,0,0,空换,S,2541.0000,0.0000,0.0000,0.0000,0.0000,2542.0000,0.0000,0.0000,0.0000,0.0000,433,0,0,0,0,24,0,0,0,0
zc,WS301,2012-06-26 09:05:04.697,2541.0000,464108,0,0.0000,2.0000,1,1,空换,S,2541.0000,0.0000,0.0000,0.0000,0.0000,2542.0000,0.0000,0.0000,0.0000,0.0000,431,0,0,0,0,24,0,0,0,0
zc,WS301,2012-06-26 09:05:05.167,2541.0000,464108,0,0.0000,24.0000,12,12,空换,S,2541.0000,0.0000,0.0000,0.0000,0.0000,2542.0000,0.0000,0.0000,0.0000,0.0000,422,0,0,0,0,21,0,0,0,0
zc,WS301,2012-06-26 09:05:05.917,2542.0000,464112,4,0.0000,64.0000,34,30,多开,B,2542.0000,0.0000,0.0000,0.0000,0.0000,2543.0000,0.0000,0.0000,0.0000,0.0000,270,0,0,0,0,301,0,0,0,0
zc,WS301,2012-06-26 09:05:06.383,2542.0000,464112,0,0.0000,2.0000,1,1,多换,B,2542.0000,0.0000,0.0000,0.0000,0.0000,2543.0000,0.0000,0.0000,0.0000,0.0000,270,0,0,0,0,301,0,0,0,0
zc,WS301,2012-06-26 09:05:06.867,2542.0000,464112,0,0.0000,44.0000,22,22,多换,B,2542.0000,0.0000,0.0000,0.0000,0.0000,2543.0000,0.0000,0.0000,0.0000,0.0000,248,0,0,0,0,301,0,0,0,0
zc,WS301,2012-06-26 09:05:07.417,2542.0000,464112,0,0.0000,8.0000,4,4,多换,B,2542.0000,0.0000,0.0000,0.0000,0.0000,2543.0000,0.0000,0.0000,0.0000,0.0000,244,0,0,0,0,300,0,0,0,0
zc,WS301,2012-06-26 09:05:08.167,2542.0000,464114,2,0.0000,4.0000,3,1,多开,B,2542.0000,0.0000,0.0000,0.0000,0.0000,2543.0000,0.0000,0.0000,0.0000,0.0000,247,0,0,0,0,300,0,0,0,0
zc,WS301,2012-06-26 09:05:08.697,2542.0000,464120,6,0.0000,12.0000,9,3,多开,B,2542.0000,0.0000,0.0000,0.0000,0.0000,2543.0000,0.0000,0.0000,0.0000,0.0000,241,0,0,0,0,301,0,0,0,0
zc,WS301,2012-06-26 09:05:09.383,2542.0000,464120,0,0.0000,2.0000,1,1,多换,B,2542.0000,0.0000,0.0000,0.0000,0.0000,2543.0000,0.0000,0.0000,0.0000,0.0000,240,0,0,0,0,301,0,0,0,0
zc,WS301,2012-06-26 09:05:09.883,2542.0000,464126,6,0.0000,10.0000,8,2,多开,B,2542.0000,0.0000,0.0000,0.0000,0.0000,2543.0000,0.0000,0.0000,0.0000,0.0000,235,0,0,0,0,301,0,0,0,0
zc,WS301,2012-06-26 09:05:10.367,2542.0000,464228,102,0.0000,102.0000,102,0,双开,B,2542.0000,0.0000,0.0000,0.0000,0.0000,2543.0000,0.0000,0.0000,0.0000,0.0000,184,0,0,0,0,302,0,0,0,0
zc,WS301,2012-06-26 09:05:11.133,2542.0000,464228,0,0.0000,30.0000,15,15,多换,B,2542.0000,0.0000,0.0000,0.0000,0.0000,2543.0000,0.0000,0.0000,0.0000,0.0000,165,0,0,0,0,303,0,0,0,0
zc,WS301,2012-06-26 09:05:11.367,2542.0000,464390,162,0.0000,162.0000,162,0,双开,B,2542.0000,0.0000,0.0000,0.0000,0.0000,2543.0000,0.0000,0.0000,0.0000,0.0000,94,0,0,0,0,305,0,0,0,0
zc,WS301,2012-06-26 09:05:12.117,2542.0000,464576,186,0.0000,188.0000,187,1,多开,B,2541.0000,0.0000,0.0000,0.0000,0.0000,2542.0000,0.0000,0.0000,0.0000,0.0000,431,0,0,0,0,19,0,0,0,0
zc,WS301,2012-06-26 09:05:12.900,2542.0000,464580,4,0.0000,10.0000,7,3,多开,B,2542.0000,0.0000,0.0000,0.0000,0.0000,2543.0000,0.0000,0.0000,0.0000,0.0000,15,0,0,0,0,313,0,0,0,0
zc,WS301,2012-06-26 09:05:13.633,2542.0000,464580,0,0.0000,8.0000,4,4,多换,B,2542.0000,0.0000,0.0000,0.0000,0.0000,2543.0000,0.0000,0.0000,0.0000,0.0000,55,0,0,0,0,316,0,0,0,0
zc,WS301,2012-06-26 09:05:13.900,2542.0000,464580,0,0.0000,12.0000,6,6,多换,B,2542.0000,0.0000,0.0000,0.0000,0.0000,2543.0000,0.0000,0.0000,0.0000,0.0000,49,0,0,0,0,316,0,0,0,0
zc,WS301,2012-06-26 09:05:14.617,2542.0000,464580,0,0.0000,4.0000,2,2,多换,B,2542.0000,0.0000,0.0000,0.0000,0.0000,2543.0000,0.0000,0.0000,0.0000,0.0000,48,0,0,0,0,300,0,0,0,0
zc,WS301,2012-06-26 09:05:15.430,2542.0000,464580,0,0.0000,2.0000,1,1,多换,B,2542.0000,0.0000,0.0000,0.0000,0.0000,2543.0000,0.0000,0.0000,0.0000,0.0000,47,0,0,0,0,300,0,0,0,0
zc,WS301,2012-06-26 09:05:15.917,2542.0000,464574,-6,0.0000,30.0000,12,18,空平,B,2542.0000,0.0000,0.0000,0.0000,0.0000,2543.0000,0.0000,0.0000,0.0000,0.0000,32,0,0,0,0,300,0,0,0,0
zc,WS301,2012-06-26 09:05:16.383,2542.0000,464574,0,0.0000,2.0000,1,1,多换,B,2542.0000,0.0000,0.0000,0.0000,0.0000,2543.0000,0.0000,0.0000,0.0000,0.0000,31,0,0,0,0,315,0,0,0,0
zc,WS301,2012-06-26 09:05:16.917,2542.0000,464570,-4,0.0000,4.0000,0,4,双平,B,2542.0000,0.0000,0.0000,0.0000,0.0000,2543.0000,0.0000,0.0000,0.0000,0.0000,31,0,0,0,0,315,0,0,0,0
zc,WS301,2012-06-26 09:05:17.713,2542.0000,464576,6,0.0000,64.0000,35,29,多开,B,2541.0000,0.0000,0.0000,0.0000,0.0000,2542.0000,0.0000,0.0000,0.0000,0.0000,535,0,0,0,0,48,0,0,0,0
zc,WS301,2012-06-26 09:05:18.180,2542.0000,464576,0,0.0000,2.0000,1,1,多换,B,2541.0000,0.0000,0.0000,0.0000,0.0000,2542.0000,0.0000,0.0000,0.0000,0.0000,535,0,0,0,0,101,0,0,0,0
zc,WS301,2012-06-26 09:05:18.680,2542.0000,464582,6,0.0000,12.0000,9,3,多开,B,2541.0000,0.0000,0.0000,0.0000,0.0000,2542.0000,0.0000,0.0000,0.0000,0.0000,531,0,0,0,0,98,0,0,0,0
zc,WS301,2012-06-26 09:05:19.930,2542.0000,464582,0,0.0000,0.0000,0,0,多换,B,2541.0000,0.0000,0.0000,0.0000,0.0000,2542.0000,0.0000,0.0000,0.0000,0.0000,531,0,0,0,0,99,0,0,0,0
zc,WS301,2012-06-26 09:05:20.430,2542.0000,464584,2,0.0000,4.0000,3,1,多开,B,2541.0000,0.0000,0.0000,0.0000,0.0000,2542.0000,0.0000,0.0000,0.0000,0.0000,530,0,0,0,0,97,0,0,0,0
zc,WS301,2012-06-26 09:05:20.900,2542.0000,464592,8,0.0000,8.0000,8,0,双开,B,2541.0000,0.0000,0.0000,0.0000,0.0000,2542.0000,0.0000,0.0000,0.0000,0.0000,535,0,0,0,0,93,0,0,0,0
zc,WS301,2012-06-26 09:05:21.650,2542.0000,464596,4,0.0000,6.0000,5,1,多开,B,2541.0000,0.0000,0.0000,0.0000,0.0000,2542.0000,0.0000,0.0000,0.0000,0.0000,537,0,0,0,0,91,0,0,0,0
zc,WS301,2012-06-26 09:05:22.133,2542.0000,464608,12,0.0000,12.0000,12,0,双开,B,2541.0000,0.0000,0.0000,0.0000,0.0000,2542.0000,0.0000,0.0000,0.0000,0.0000,537,0,0,0,0,85,0,0,0,0
zc,WS301,2012-06-26 09:05:22.883,2541.0000,464610,2,0.0000,6.0000,4,2,空开,S,2541.0000,0.0000,0.0000,0.0000,0.0000,2542.0000,0.0000,0.0000,0.0000,0.0000,545,0,0,0,0,85,0,0,0,0
zc,WS301,2012-06-26 09:05:23.417,2542.0000,464620,10,0.0000,46.0000,28,18,多开,B,2541.0000,0.0000,0.0000,0.0000,0.0000,2542.0000,0.0000,0.0000,0.0000,0.0000,527,0,0,0,0,101,0,0,0,0
zc,WS301,2012-06-26 09:05:24.180,2541.0000,464620,0,0.0000,8.0000,4,4,空换,S,2541.0000,0.0000,0.0000,0.0000,0.0000,2542.0000,0.0000,0.0000,0.0000,0.0000,539,0,0,0,0,106,0,0,0,0
zc,WS301,2012-06-26 09:05:24.447,2542.0000,464622,2,0.0000,2.0000,2,0,双开,B,2541.0000,0.0000,0.0000,0.0000,0.0000,2542.0000,0.0000,0.0000,0.0000,0.0000,540,0,0,0,0,105,0,0,0,0
zc,WS301,2012-06-26 09:05:25.117,2541.0000,464622,0,0.0000,2.0000,1,1,空换,S,2541.0000,0.0000,0.0000,0.0000,0.0000,2542.0000,0.0000,0.0000,0.0000,0.0000,539,0,0,0,0,126,0,0,0,0
zc,WS301,2012-06-26 09:05:25.883,2542.0000,464632,10,0.0000,10.0000,10,0,双开,B,2541.0000,0.0000,0.0000,0.0000,0.0000,2542.0000,0.0000,0.0000,0.0000,0.0000,535,0,0,0,0,126,0,0,0,0
zc,WS301,2012-06-26 09:05:26.400,2542.0000,464640,8,0.0000,8.0000,8,0,双开,B,2541.0000,0.0000,0.0000,0.0000,0.0000,2542.0000,0.0000,0.0000,0.0000,0.0000,535,0,0,0,0,122,0,0,0,0
zc,WS301,2012-06-26 09:05:26.917,2542.0000,464642,2,0.0000,2.0000,2,0,双开,B,2541.0000,0.0000,0.0000,0.0000,0.0000,2542.0000,0.0000,0.0000,0.0000,0.0000,540,0,0,0,0,121,0,0,0,0
zc,WS301,2012-06-26 09:05:27.430,2542.0000,464648,6,0.0000,10.0000,8,2,多开,B,2541.0000,0.0000,0.0000,0.0000,0.0000,2542.0000,0.0000,0.0000,0.0000,0.0000,528,0,0,0,0,116,0,0,0,0
zc,WS301,2012-06-26 09:05:28.167,2542.0000,464648,0,0.0000,0.0000,0,0,多换,B,2541.0000,0.0000,0.0000,0.0000,0.0000,2542.0000,0.0000,0.0000,0.0000,0.0000,549,0,0,0,0,116,0,0,0,0
zc,WS301,2012-06-26 09:05:28.667,2542.0000,464668,20,0.0000,20.0000,20,0,双开,B,2541.0000,0.0000,0.0000,0.0000,0.0000,2542.0000,0.0000,0.0000,0.0000,0.0000,549,0,0,0,0,107,0,0,0,0
zc,WS301,2012-06-26 09:05:29.417,2541.0000,464668,0,0.0000,2.0000,1,1,空换,S,2541.0000,0.0000,0.0000,0.0000,0.0000,2542.0000,0.0000,0.0000,0.0000,0.0000,549,0,0,0,0,107,0,0,0,0
zc,WS301,2012-06-26 09:05:29.650,2541.0000,464664,-4,0.0000,600.0000,298,302,多平,S,2541.0000,0.0000,0.0000,0.0000,0.0000,2542.0000,0.0000,0.0000,0.0000,0.0000,251,0,0,0,0,107,0,0,0,0
zc,WS301,2012-06-26 09:05:30.447,2541.0000,464664,0,0.0000,0.0000,0,0,空换,S,2541.0000,0.0000,0.0000,0.0000,0.0000,2542.0000,0.0000,0.0000,0.0000,0.0000,253,0,0,0,0,112,0,0,0,0
zc,WS301,2012-06-26 09:05:31.180,2541.0000,464790,126,0.0000,206.0000,166,40,空开,S,2541.0000,0.0000,0.0000,0.0000,0.0000,2542.0000,0.0000,0.0000,0.0000,0.0000,162,0,0,0,0,416,0,0,0,0
zc,WS301,2012-06-26 09:05:31.680,2542.0000,464794,4,0.0000,4.0000,4,0,双开,B,2541.0000,0.0000,0.0000,0.0000,0.0000,2542.0000,0.0000,0.0000,0.0000,0.0000,168,0,0,0,0,417,0,0,0,0
zc,WS301,2012-06-26 09:05:32.400,2541.0000,464796,2,0.0000,10.0000,6,4,空开,S,2541.0000,0.0000,0.0000,0.0000,0.0000,2542.0000,0.0000,0.0000,0.0000,0.0000,167,0,0,0,0,413,0,0,0,0
zc,WS301,2012-06-26 09:05:32.930,2541.0000,464796,0,0.0000,46.0000,23,23,空换,S,2541.0000,0.0000,0.0000,0.0000,0.0000,2542.0000,0.0000,0.0000,0.0000,0.0000,168,0,0,0,0,412,0,0,0,0
zc,WS301,2012-06-26 09:05:33.400,2541.0000,464796,0,0.0000,2.0000,1,1,空换,S,2541.0000,0.0000,0.0000,0.0000,0.0000,2542.0000,0.0000,0.0000,0.0000,0.0000,168,0,0,0,0,420,0,0,0,0
zc,WS301,2012-06-26 09:05:33.930,2541.0000,464796,0,0.0000,10.0000,5,5,空换,S,2541.0000,0.0000,0.0000,0.0000,0.0000,2542.0000,0.0000,0.0000,0.0000,0.0000,162,0,0,0,0,421,0,0,0,0
zc,WS301,2012-06-26 09:05:34.667,2541.0000,464798,2,0.0000,2.0000,2,0,双开,S,2541.0000,0.0000,0.0000,0.0000,0.0000,2542.0000,0.0000,0.0000,0.0000,0.0000,161,0,0,0,0,441,0,0,0,0
zc,WS301,2012-06-26 09:05:34.883,2542.0000,464806,8,0.0000,70.0000,39,31,多开,B,2541.0000,0.0000,0.0000,0.0000,0.0000,2542.0000,0.0000,0.0000,0.0000,0.0000,127,0,0,0,0,447,0,0,0,0
zc,WS301,2012-06-26 09:05:35.650,2541.0000,464806,0,0.0000,6.0000,3,3,空换,S,2541.0000,0.0000,0.0000,0.0000,0.0000,2542.0000,0.0000,0.0000,0.0000,0.0000,124,0,0,0,0,447,0,0,0,0
zc,WS301,2012-06-26 09:05:36.383,2541.0000,464862,56,0.0000,56.0000,56,0,双开,S,2541.0000,0.0000,0.0000,0.0000,0.0000,2542.0000,0.0000,0.0000,0.0000,0.0000,96,0,0,0,0,451,0,0,0,0
zc,WS301,2012-06-26 09:05:36.963,2542.0000,464862,0,0.0000,16.0000,8,8,多换,B,2541.0000,0.0000,0.0000,0.0000,0.0000,2542.0000,0.0000,0.0000,0.0000,0.0000,93,0,0,0,0,447,0,0,0,0
zc,WS301,2012-06-26 09:05:37.650,2541.0000,464866,4,0.0000,36.0000,20,16,空开,S,2541.0000,0.0000,0.0000,0.0000,0.0000,2542.0000,0.0000,0.0000,0.0000,0.0000,77,0,0,0,0,449,0,0,0,0
zc,WS301,2012-06-26 09:05:38.197,2542.0000,464874,8,0.0000,26.0000,17,9,多开,B,2541.0000,0.0000,0.0000,0.0000,0.0000,2542.0000,0.0000,0.0000,0.0000,0.0000,74,0,0,0,0,444,0,0,0,0
zc,WS301,2012-06-26 09:05:38.917,2541.0000,464874,0,0.0000,6.0000,3,3,空换,S,2541.0000,0.0000,0.0000,0.0000,0.0000,2542.0000,0.0000,0.0000,0.0000,0.0000,71,0,0,0,0,449,0,0,0,0
zc,WS301,2012-06-26 09:05:39.430,2541.0000,464824,-50,0.0000,148.0000,49,99,多平,S,2540.0000,0.0000,0.0000,0.0000,0.0000,2541.0000,0.0000,0.0000,0.0000,0.0000,548,0,0,0,0,93,0,0,0,0
zc,WS301,2012-06-26 09:05:40.167,2541.0000,464824,0,0.0000,2.0000,1,1,空换,S,2540.0000,0.0000,0.0000,0.0000,0.0000,2541.0000,0.0000,0.0000,0.0000,0.0000,548,0,0,0,0,144,0,0,0,0
zc,WS301,2012-06-26 09:05:40.617,2541.0000,464824,0,0.0000,12.0000,6,6,空换,S,2540.0000,0.0000,0.0000,0.0000,0.0000,2541.0000,0.0000,0.0000,0.0000,0.0000,548,0,0,0,0,289,0,0,0,0
zc,WS301,2012-06-26 09:05:41.417,2541.0000,464824,0,0.0000,4.0000,2,2,空换,S,2540.0000,0.0000,0.0000,0.0000,0.0000,2541.0000,0.0000,0.0000,0.0000,0.0000,563,0,0,0,0,288,0,0,0,0
zc,WS301,2012-06-26 09:05:41.650,2541.0000,464824,0,0.0000,10.0000,5,5,空换,S,2540.0000,0.0000,0.0000,0.0000,0.0000,2541.0000,0.0000,0.0000,0.0000,0.0000,559,0,0,0,0,290,0,0,0,0
zc,WS301,2012-06-26 09:05:42.430,2541.0000,464824,0,0.0000,4.0000,2,2,空换,S,2540.0000,0.0000,0.0000,0.0000,0.0000,2541.0000,0.0000,0.0000,0.0000,0.0000,559,0,0,0,0,288,0,0,0,0
zc,WS301,2012-06-26 09:05:42.867,2540.0000,464818,-6,0.0000,46.0000,20,26,多平,S,2540.0000,0.0000,0.0000,0.0000,0.0000,2541.0000,0.0000,0.0000,0.0000,0.0000,539,0,0,0,0,320,0,0,0,0
zc,WS301,2012-06-26 09:05:43.650,2540.0000,464816,-2,0.0000,400.0000,199,201,多平,S,2540.0000,0.0000,0.0000,0.0000,0.0000,2541.0000,0.0000,0.0000,0.0000,0.0000,339,0,0,0,0,340,0,0,0,0
zc,WS301,2012-06-26 09:05:44.150,2540.0000,464816,0,0.0000,28.0000,14,14,空换,S,2540.0000,0.0000,0.0000,0.0000,0.0000,2541.0000,0.0000,0.0000,0.0000,0.0000,375,0,0,0,0,342,0,0,0,0
