市场代码,合约代码,时间,最新,持仓,增仓,成交额,成交量,开仓,平仓,成交类型,方向,买一价,买二价,买三价,买四价,买五价,卖一价,卖二价,卖三价,卖四价,卖五价,买一量,买二量,买三量,买四量,买五量,卖一量,卖二量,卖三量,卖四量,卖五量
zc,TA208,2012-06-12 08:01:19.280,0.0000,336,0,0.0000,0.0000,0,0,空换,S,0.0000,0.0000,0.0000,0.0000,0.0000,0.0000,0.0000,0.0000,0.0000,0.0000,0,0,0,0,0,0,0,0,0,0
zc,TA208,2012-06-12 08:04:19.297,0.0000,336,0,0.0000,0.0000,0,0,空换,S,0.0000,0.0000,0.0000,0.0000,0.0000,0.0000,0.0000,0.0000,0.0000,0.0000,0,0,0,0,0,0,0,0,0,0
zc,TA208,2012-06-12 08:08:19.297,0.0000,336,0,0.0000,0.0000,0,0,空换,S,0.0000,0.0000,0.0000,0.0000,0.0000,0.0000,0.0000,0.0000,0.0000,0.0000,0,0,0,0,0,0,0,0,0,0
zc,TA208,2012-06-12 08:11:19.297,0.0000,336,0,0.0000,0.0000,0,0,空换,S,0.0000,0.0000,0.0000,0.0000,0.0000,0.0000,0.0000,0.0000,0.0000,0.0000,0,0,0,0,0,0,0,0,0,0
zc,TA208,2012-06-12 08:15:19.280,0.0000,336,0,0.0000,0.0000,0,0,空换,S,0.0000,0.0000,0.0000,0.0000,0.0000,0.0000,0.0000,0.0000,0.0000,0.0000,0,0,0,0,0,0,0,0,0,0
zc,TA208,2012-06-12 08:21:19.280,0.0000,336,0,0.0000,0.0000,0,0,空换,S,0.0000,0.0000,0.0000,0.0000,0.0000,0.0000,0.0000,0.0000,0.0000,0.0000,0,0,0,0,0,0,0,0,0,0
zc,TA208,2012-06-12 08:22:19.280,0.0000,336,0,0.0000,0.0000,0,0,空换,S,0.0000,0.0000,0.0000,0.0000,0.0000,0.0000,0.0000,0.0000,0.0000,0.0000,0,0,0,0,0,0,0,0,0,0
zc,TA208,2012-06-12 08:24:19.280,0.0000,336,0,0.0000,0.0000,0,0,空换,S,0.0000,0.0000,0.0000,0.0000,0.0000,0.0000,0.0000,0.0000,0.0000,0.0000,0,0,0,0,0,0,0,0,0,0
zc,TA208,2012-06-12 08:25:19.280,0.0000,336,0,0.0000,0.0000,0,0,空换,S,0.0000,0.0000,0.0000,0.0000,0.0000,0.0000,0.0000,0.0000,0.0000,0.0000,0,0,0,0,0,0,0,0,0,0
zc,TA208,2012-06-12 08:26:19.280,0.0000,336,0,0.0000,0.0000,0,0,空换,S,0.0000,0.0000,0.0000,0.0000,0.0000,0.0000,0.0000,0.0000,0.0000,0.0000,0,0,0,0,0,0,0,0,0,0
zc,TA208,2012-06-12 08:27:19.280,0.0000,336,0,0.0000,0.0000,0,0,空换,S,0.0000,0.0000,0.0000,0.0000,0.0000,0.0000,0.0000,0.0000,0.0000,0.0000,0,0,0,0,0,0,0,0,0,0
zc,TA208,2012-06-12 08:28:19.267,0.0000,336,0,0.0000,0.0000,0,0,空换,S,0.0000,0.0000,0.0000,0.0000,0.0000,0.0000,0.0000,0.0000,0.0000,0.0000,0,0,0,0,0,0,0,0,0,0
zc,TA208,2012-06-12 08:31:19.267,0.0000,336,0,0.0000,0.0000,0,0,空换,S,0.0000,0.0000,0.0000,0.0000,0.0000,0.0000,0.0000,0.0000,0.0000,0.0000,0,0,0,0,0,0,0,0,0,0
zc,TA208,2012-06-12 08:49:19.250,0.0000,336,0,0.0000,0.0000,0,0,空换,S,0.0000,0.0000,0.0000,0.0000,0.0000,0.0000,0.0000,0.0000,0.0000,0.0000,0,0,0,0,0,0,0,0,0,0
zc,TA208,2012-06-12 08:55:19.250,0.0000,336,0,0.0000,0.0000,0,0,空换,S,0.0000,0.0000,0.0000,0.0000,0.0000,0.0000,0.0000,0.0000,0.0000,0.0000,0,0,0,0,0,0,0,0,0,0
zc,TA208,2012-06-12 08:59:01.997,0.0000,336,0,0.0000,0.0000,0,0,空换,S,6958.0000,0.0000,0.0000,0.0000,0.0000,7412.0000,0.0000,0.0000,0.0000,0.0000,2,0,0,0,0,1,0,0,0,0
zc,TA208,2012-06-12 09:00:02.623,0.0000,336,0,0.0000,0.0000,0,0,空换,S,6958.0000,0.0000,0.0000,0.0000,0.0000,7020.0000,0.0000,0.0000,0.0000,0.0000,2,0,0,0,0,27,0,0,0,0
zc,TA208,2012-06-12 09:00:03.670,0.0000,336,0,0.0000,0.0000,0,0,空换,S,6958.0000,0.0000,0.0000,0.0000,0.0000,7018.0000,0.0000,0.0000,0.0000,0.0000,2,0,0,0,0,27,0,0,0,0
zc,TA208,2012-06-12 09:00:04.937,0.0000,336,0,0.0000,0.0000,0,0,空换,S,6980.0000,0.0000,0.0000,0.0000,0.0000,7012.0000,0.0000,0.0000,0.0000,0.0000,1,0,0,0,0,1,0,0,0,0
zc,TA208,2012-06-12 09:00:05.873,0.0000,336,0,0.0000,0.0000,0,0,空换,S,6978.0000,0.0000,0.0000,0.0000,0.0000,7010.0000,0.0000,0.0000,0.0000,0.0000,1,0,0,0,0,1,0,0,0,0
zc,TA208,2012-06-12 09:00:06.610,0.0000,336,0,0.0000,0.0000,0,0,空换,S,6980.0000,0.0000,0.0000,0.0000,0.0000,7012.0000,0.0000,0.0000,0.0000,0.0000,1,0,0,0,0,1,0,0,0,0
zc,TA208,2012-06-12 09:00:07.563,0.0000,336,0,0.0000,0.0000,0,0,空换,S,6982.0000,0.0000,0.0000,0.0000,0.0000,7014.0000,0.0000,0.0000,0.0000,0.0000,1,0,0,0,0,1,0,0,0,0
zc,TA208,2012-06-12 09:00:08.373,0.0000,336,0,0.0000,0.0000,0,0,空换,S,6982.0000,0.0000,0.0000,0.0000,0.0000,7016.0000,0.0000,0.0000,0.0000,0.0000,1,0,0,0,0,1,0,0,0,0
zc,TA208,2012-06-12 09:00:08.860,0.0000,336,0,0.0000,0.0000,0,0,空换,S,6984.0000,0.0000,0.0000,0.0000,0.0000,7016.0000,0.0000,0.0000,0.0000,0.0000,1,0,0,0,0,1,0,0,0,0
zc,TA208,2012-06-12 09:00:11.610,0.0000,336,0,0.0000,0.0000,0,0,空换,S,6986.0000,0.0000,0.0000,0.0000,0.0000,7018.0000,0.0000,0.0000,0.0000,0.0000,1,0,0,0,0,1,0,0,0,0
zc,TA208,2012-06-12 09:00:12.843,0.0000,336,0,0.0000,0.0000,0,0,空换,S,6990.0000,0.0000,0.0000,0.0000,0.0000,7022.0000,0.0000,0.0000,0.0000,0.0000,1,0,0,0,0,1,0,0,0,0
zc,TA208,2012-06-12 09:00:13.890,0.0000,336,0,0.0000,0.0000,0,0,空换,S,6994.0000,0.0000,0.0000,0.0000,0.0000,7026.0000,0.0000,0.0000,0.0000,0.0000,1,0,0,0,0,1,0,0,0,0
zc,TA208,2012-06-12 09:00:14.390,0.0000,336,0,0.0000,0.0000,0,0,空换,S,6996.0000,0.0000,0.0000,0.0000,0.0000,7028.0000,0.0000,0.0000,0.0000,0.0000,1,0,0,0,0,1,0,0,0,0
zc,TA208,2012-06-12 09:00:15.843,0.0000,336,0,0.0000,0.0000,0,0,空换,S,6998.0000,0.0000,0.0000,0.0000,0.0000,7038.0000,0.0000,0.0000,0.0000,0.0000,1,0,0,0,0,1,0,0,0,0
zc,TA208,2012-06-12 09:00:16.610,0.0000,336,0,0.0000,0.0000,0,0,空换,S,6998.0000,0.0000,0.0000,0.0000,0.0000,7036.0000,0.0000,0.0000,0.0000,0.0000,1,0,0,0,0,1,0,0,0,0
zc,TA208,2012-06-12 09:00:17.123,0.0000,336,0,0.0000,0.0000,0,0,空换,S,6998.0000,0.0000,0.0000,0.0000,0.0000,7034.0000,0.0000,0.0000,0.0000,0.0000,1,0,0,0,0,1,0,0,0,0
zc,TA208,2012-06-12 09:00:18.890,0.0000,336,0,0.0000,0.0000,0,0,空换,S,6996.0000,0.0000,0.0000,0.0000,0.0000,7028.0000,0.0000,0.0000,0.0000,0.0000,1,0,0,0,0,1,0,0,0,0
zc,TA208,2012-06-12 09:00:19.860,0.0000,336,0,0.0000,0.0000,0,0,空换,S,7004.0000,0.0000,0.0000,0.0000,0.0000,7038.0000,0.0000,0.0000,0.0000,0.0000,1,0,0,0,0,1,0,0,0,0
zc,TA208,2012-06-12 09:00:20.593,0.0000,336,0,0.0000,0.0000,0,0,空换,S,7004.0000,0.0000,0.0000,0.0000,0.0000,7036.0000,0.0000,0.0000,0.0000,0.0000,1,0,0,0,0,1,0,0,0,0
zc,TA208,2012-06-12 09:00:21.390,0.0000,336,0,0.0000,0.0000,0,0,空换,S,7000.0000,0.0000,0.0000,0.0000,0.0000,7032.0000,0.0000,0.0000,0.0000,0.0000,1,0,0,0,0,1,0,0,0,0
zc,TA208,2012-06-12 09:00:22.123,0.0000,336,0,0.0000,0.0000,0,0,空换,S,7000.0000,0.0000,0.0000,0.0000,0.0000,7034.0000,0.0000,0.0000,0.0000,0.0000,1,0,0,0,0,1,0,0,0,0
zc,TA208,2012-06-12 09:00:22.610,0.0000,336,0,0.0000,0.0000,0,0,空换,S,6998.0000,0.0000,0.0000,0.0000,0.0000,7030.0000,0.0000,0.0000,0.0000,0.0000,1,0,0,0,0,1,0,0,0,0
zc,TA208,2012-06-12 09:00:23.593,0.0000,336,0,0.0000,0.0000,0,0,空换,S,6996.0000,0.0000,0.0000,0.0000,0.0000,7034.0000,0.0000,0.0000,0.0000,0.0000,1,0,0,0,0,1,0,0,0,0
zc,TA208,2012-06-12 09:00:24.327,0.0000,336,0,0.0000,0.0000,0,0,空换,S,6998.0000,0.0000,0.0000,0.0000,0.0000,7034.0000,0.0000,0.0000,0.0000,0.0000,1,0,0,0,0,1,0,0,0,0
zc,TA208,2012-06-12 09:00:24.843,0.0000,336,0,0.0000,0.0000,0,0,空换,S,6998.0000,0.0000,0.0000,0.0000,0.0000,7030.0000,0.0000,0.0000,0.0000,0.0000,1,0,0,0,0,1,0,0,0,0
zc,TA208,2012-06-12 09:00:26.813,0.0000,336,0,0.0000,0.0000,0,0,空换,S,7000.0000,0.0000,0.0000,0.0000,0.0000,7034.0000,0.0000,0.0000,0.0000,0.0000,1,0,0,0,0,1,0,0,0,0
zc,TA208,2012-06-12 09:00:27.343,0.0000,336,0,0.0000,0.0000,0,0,空换,S,6996.0000,0.0000,0.0000,0.0000,0.0000,7028.0000,0.0000,0.0000,0.0000,0.0000,1,0,0,0,0,1,0,0,0,0
zc,TA208,2012-06-12 09:00:28.623,0.0000,336,0,0.0000,0.0000,0,0,空换,S,6994.0000,0.0000,0.0000,0.0000,0.0000,7026.0000,0.0000,0.0000,0.0000,0.0000,1,0,0,0,0,1,0,0,0,0
zc,TA208,2012-06-12 09:00:29.890,0.0000,336,0,0.0000,0.0000,0,0,空换,S,6992.0000,0.0000,0.0000,0.0000,0.0000,7024.0000,0.0000,0.0000,0.0000,0.0000,1,0,0,0,0,1,0,0,0,0
zc,TA208,2012-06-12 09:00:30.640,0.0000,336,0,0.0000,0.0000,0,0,空换,S,6988.0000,0.0000,0.0000,0.0000,0.0000,7022.0000,0.0000,0.0000,0.0000,0.0000,1,0,0,0,0,1,0,0,0,0
zc,TA208,2012-06-12 09:00:31.123,0.0000,336,0,0.0000,0.0000,0,0,空换,S,6994.0000,0.0000,0.0000,0.0000,0.0000,7026.0000,0.0000,0.0000,0.0000,0.0000,1,0,0,0,0,1,0,0,0,0
zc,TA208,2012-06-12 09:00:31.860,0.0000,336,0,0.0000,0.0000,0,0,空换,S,6992.0000,0.0000,0.0000,0.0000,0.0000,7024.0000,0.0000,0.0000,0.0000,0.0000,1,0,0,0,0,1,0,0,0,0
zc,TA208,2012-06-12 09:00:32.610,0.0000,336,0,0.0000,0.0000,0,0,空换,S,6990.0000,0.0000,0.0000,0.0000,0.0000,7022.0000,0.0000,0.0000,0.0000,0.0000,1,0,0,0,0,1,0,0,0,0
zc,TA208,2012-06-12 09:00:33.110,0.0000,336,0,0.0000,0.0000,0,0,空换,S,6992.0000,0.0000,0.0000,0.0000,0.0000,7024.0000,0.0000,0.0000,0.0000,0.0000,1,0,0,0,0,1,0,0,0,0
zc,TA208,2012-06-12 09:00:33.843,0.0000,336,0,0.0000,0.0000,0,0,空换,S,6994.0000,0.0000,0.0000,0.0000,0.0000,7028.0000,0.0000,0.0000,0.0000,0.0000,1,0,0,0,0,1,0,0,0,0
zc,TA208,2012-06-12 09:00:34.373,0.0000,336,0,0.0000,0.0000,0,0,空换,S,6996.0000,0.0000,0.0000,0.0000,0.0000,7028.0000,0.0000,0.0000,0.0000,0.0000,1,0,0,0,0,1,0,0,0,0
zc,TA208,2012-06-12 09:00:35.093,0.0000,336,0,0.0000,0.0000,0,0,空换,S,6990.0000,0.0000,0.0000,0.0000,0.0000,7022.0000,0.0000,0.0000,0.0000,0.0000,1,0,0,0,0,1,0,0,0,0
zc,TA208,2012-06-12 09:00:35.577,0.0000,336,0,0.0000,0.0000,0,0,空换,S,6992.0000,0.0000,0.0000,0.0000,0.0000,7024.0000,0.0000,0.0000,0.0000,0.0000,1,0,0,0,0,1,0,0,0,0
zc,TA208,2012-06-12 09:00:36.327,0.0000,336,0,0.0000,0.0000,0,0,空换,S,6996.0000,0.0000,0.0000,0.0000,0.0000,7028.0000,0.0000,0.0000,0.0000,0.0000,1,0,0,0,0,1,0,0,0,0
zc,TA208,2012-06-12 09:00:36.813,0.0000,336,0,0.0000,0.0000,0,0,空换,S,6994.0000,0.0000,0.0000,0.0000,0.0000,7026.0000,0.0000,0.0000,0.0000,0.0000,1,0,0,0,0,1,0,0,0,0
zc,TA208,2012-06-12 09:00:39.093,0.0000,336,0,0.0000,0.0000,0,0,空换,S,6996.0000,0.0000,0.0000,0.0000,0.0000,7028.0000,0.0000,0.0000,0.0000,0.0000,1,0,0,0,0,1,0,0,0,0
zc,TA208,2012-06-12 09:00:41.343,0.0000,336,0,0.0000,0.0000,0,0,空换,S,6998.0000,0.0000,0.0000,0.0000,0.0000,7030.0000,0.0000,0.0000,0.0000,0.0000,1,0,0,0,0,1,0,0,0,0
zc,TA208,2012-06-12 09:00:41.843,0.0000,336,0,0.0000,0.0000,0,0,空换,S,7002.0000,0.0000,0.0000,0.0000,0.0000,7034.0000,0.0000,0.0000,0.0000,0.0000,1,0,0,0,0,1,0,0,0,0
zc,TA208,2012-06-12 09:00:42.610,0.0000,336,0,0.0000,0.0000,0,0,空换,S,7000.0000,0.0000,0.0000,0.0000,0.0000,7034.0000,0.0000,0.0000,0.0000,0.0000,1,0,0,0,0,1,0,0,0,0
zc,TA208,2012-06-12 09:00:44.110,0.0000,336,0,0.0000,0.0000,0,0,空换,S,7000.0000,0.0000,0.0000,0.0000,0.0000,7032.0000,0.0000,0.0000,0.0000,0.0000,1,0,0,0,0,1,0,0,0,0
zc,TA208,2012-06-12 09:00:45.343,0.0000,336,0,0.0000,0.0000,0,0,空换,S,7002.0000,0.0000,0.0000,0.0000,0.0000,7034.0000,0.0000,0.0000,0.0000,0.0000,1,0,0,0,0,1,0,0,0,0
zc,TA208,2012-06-12 09:00:47.343,0.0000,336,0,0.0000,0.0000,0,0,空换,S,7000.0000,0.0000,0.0000,0.0000,0.0000,7032.0000,0.0000,0.0000,0.0000,0.0000,1,0,0,0,0,1,0,0,0,0
zc,TA208,2012-06-12 09:00:50.313,0.0000,336,0,0.0000,0.0000,0,0,空换,S,6998.0000,0.0000,0.0000,0.0000,0.0000,7030.0000,0.0000,0.0000,0.0000,0.0000,1,0,0,0,0,1,0,0,0,0
zc,TA208,2012-06-12 09:00:51.873,0.0000,336,0,0.0000,0.0000,0,0,空换,S,7000.0000,0.0000,0.0000,0.0000,0.0000,7032.0000,0.0000,0.0000,0.0000,0.0000,1,0,0,0,0,1,0,0,0,0
zc,TA208,2012-06-12 09:00:53.093,7032.0000,334,-2,0.0000,2.0000,0,2,双平,B,7000.0000,0.0000,0.0000,0.0000,0.0000,7032.0000,0.0000,0.0000,0.0000,0.0000,1,0,0,0,0,1,0,0,0,0
zc,TA208,2012-06-12 09:00:53.563,7032.0000,334,0,0.0000,0.0000,0,0,多换,B,7004.0000,0.0000,0.0000,0.0000,0.0000,7036.0000,0.0000,0.0000,0.0000,0.0000,1,0,0,0,0,1,0,0,0,0
zc,TA208,2012-06-12 09:00:54.360,7032.0000,334,0,0.0000,0.0000,0,0,多换,B,6998.0000,0.0000,0.0000,0.0000,0.0000,7030.0000,0.0000,0.0000,0.0000,0.0000,1,0,0,0,0,1,0,0,0,0
zc,TA208,2012-06-12 09:00:57.360,7032.0000,334,0,0.0000,0.0000,0,0,多换,B,7000.0000,0.0000,0.0000,0.0000,0.0000,7032.0000,0.0000,0.0000,0.0000,0.0000,1,0,0,0,0,1,0,0,0,0
zc,TA208,2012-06-12 09:00:58.077,7032.0000,334,0,0.0000,0.0000,0,0,多换,B,6998.0000,0.0000,0.0000,0.0000,0.0000,7032.0000,0.0000,0.0000,0.0000,0.0000,1,0,0,0,0,1,0,0,0,0
zc,TA208,2012-06-12 09:00:58.843,7032.0000,334,0,0.0000,0.0000,0,0,多换,B,7000.0000,0.0000,0.0000,0.0000,0.0000,7032.0000,0.0000,0.0000,0.0000,0.0000,1,0,0,0,0,1,0,0,0,0
zc,TA208,2012-06-12 09:01:01.843,7032.0000,334,0,0.0000,0.0000,0,0,多换,B,6998.0000,0.0000,0.0000,0.0000,0.0000,7030.0000,0.0000,0.0000,0.0000,0.0000,1,0,0,0,0,1,0,0,0,0
zc,TA208,2012-06-12 09:01:02.563,7032.0000,334,0,0.0000,0.0000,0,0,多换,B,6996.0000,0.0000,0.0000,0.0000,0.0000,7028.0000,0.0000,0.0000,0.0000,0.0000,1,0,0,0,0,1,0,0,0,0
zc,TA208,2012-06-12 09:01:03.343,7032.0000,334,0,0.0000,0.0000,0,0,多换,B,6994.0000,0.0000,0.0000,0.0000,0.0000,7026.0000,0.0000,0.0000,0.0000,0.0000,1,0,0,0,0,1,0,0,0,0
zc,TA208,2012-06-12 09:01:05.327,7032.0000,334,0,0.0000,0.0000,0,0,多换,B,6992.0000,0.0000,0.0000,0.0000,0.0000,7024.0000,0.0000,0.0000,0.0000,0.0000,1,0,0,0,0,1,0,0,0,0
zc,TA208,2012-06-12 09:01:07.077,7032.0000,334,0,0.0000,0.0000,0,0,多换,B,6990.0000,0.0000,0.0000,0.0000,0.0000,7022.0000,0.0000,0.0000,0.0000,0.0000,1,0,0,0,0,1,0,0,0,0
zc,TA208,2012-06-12 09:01:09.343,7032.0000,334,0,0.0000,0.0000,0,0,多换,B,6992.0000,0.0000,0.0000,0.0000,0.0000,7024.0000,0.0000,0.0000,0.0000,0.0000,1,0,0,0,0,1,0,0,0,0
zc,TA208,2012-06-12 09:01:09.797,7032.0000,334,0,0.0000,0.0000,0,0,多换,B,6990.0000,0.0000,0.0000,0.0000,0.0000,7024.0000,0.0000,0.0000,0.0000,0.0000,1,0,0,0,0,1,0,0,0,0
zc,TA208,2012-06-12 09:01:10.593,7032.0000,334,0,0.0000,0.0000,0,0,多换,B,6992.0000,0.0000,0.0000,0.0000,0.0000,7024.0000,0.0000,0.0000,0.0000,0.0000,1,0,0,0,0,1,0,0,0,0
zc,TA208,2012-06-12 09:01:11.860,7032.0000,334,0,0.0000,0.0000,0,0,多换,B,6996.0000,0.0000,0.0000,0.0000,0.0000,7028.0000,0.0000,0.0000,0.0000,0.0000,1,0,0,0,0,1,0,0,0,0
zc,TA208,2012-06-12 09:01:13.063,7032.0000,334,0,0.0000,0.0000,0,0,多换,B,6998.0000,0.0000,0.0000,0.0000,0.0000,7030.0000,0.0000,0.0000,0.0000,0.0000,1,0,0,0,0,1,0,0,0,0
zc,TA208,2012-06-12 09:01:14.827,7032.0000,334,0,0.0000,0.0000,0,0,多换,B,6996.0000,0.0000,0.0000,0.0000,0.0000,7028.0000,0.0000,0.0000,0.0000,0.0000,1,0,0,0,0,1,0,0,0,0
zc,TA208,2012-06-12 09:01:16.063,7032.0000,334,0,0.0000,0.0000,0,0,多换,B,6994.0000,0.0000,0.0000,0.0000,0.0000,7026.0000,0.0000,0.0000,0.0000,0.0000,1,0,0,0,0,1,0,0,0,0
zc,TA208,2012-06-12 09:01:18.563,7032.0000,334,0,0.0000,0.0000,0,0,多换,B,6992.0000,0.0000,0.0000,0.0000,0.0000,7024.0000,0.0000,0.0000,0.0000,0.0000,1,0,0,0,0,1,0,0,0,0
zc,TA208,2012-06-12 09:01:19.420,7032.0000,334,0,0.0000,0.0000,0,0,多换,B,6990.0000,0.0000,0.0000,0.0000,0.0000,7022.0000,0.0000,0.0000,0.0000,0.0000,1,0,0,0,0,1,0,0,0,0
zc,TA208,2012-06-12 09:01:22.360,7032.0000,334,0,0.0000,0.0000,0,0,多换,B,6988.0000,0.0000,0.0000,0.0000,0.0000,7020.0000,0.0000,0.0000,0.0000,0.0000,1,0,0,0,0,1,0,0,0,0
zc,TA208,2012-06-12 09:01:23.063,7032.0000,334,0,0.0000,0.0000,0,0,多换,B,6990.0000,0.0000,0.0000,0.0000,0.0000,7022.0000,0.0000,0.0000,0.0000,0.0000,1,0,0,0,0,1,0,0,0,0
zc,TA208,2012-06-12 09:01:24.327,7032.0000,334,0,0.0000,0.0000,0,0,多换,B,6992.0000,0.0000,0.0000,0.0000,0.0000,7024.0000,0.0000,0.0000,0.0000,0.0000,1,0,0,0,0,1,0,0,0,0
zc,TA208,2012-06-12 09:01:24.797,7032.0000,334,0,0.0000,0.0000,0,0,多换,B,6988.0000,0.0000,0.0000,0.0000,0.0000,7020.0000,0.0000,0.0000,0.0000,0.0000,1,0,0,0,0,1,0,0,0,0
zc,TA208,2012-06-12 09:01:26.593,7032.0000,334,0,0.0000,0.0000,0,0,多换,B,6990.0000,0.0000,0.0000,0.0000,0.0000,7022.0000,0.0000,0.0000,0.0000,0.0000,1,0,0,0,0,1,0,0,0,0
zc,TA208,2012-06-12 09:01:28.563,7032.0000,334,0,0.0000,0.0000,0,0,多换,B,6988.0000,0.0000,0.0000,0.0000,0.0000,7022.0000,0.0000,0.0000,0.0000,0.0000,1,0,0,0,0,1,0,0,0,0
zc,TA208,2012-06-12 09:01:29.093,7032.0000,334,0,0.0000,0.0000,0,0,多换,B,6988.0000,0.0000,0.0000,0.0000,0.0000,7020.0000,0.0000,0.0000,0.0000,0.0000,1,0,0,0,0,1,0,0,0,0
zc,TA208,2012-06-12 09:01:30.327,7032.0000,334,0,0.0000,0.0000,0,0,多换,B,6986.0000,0.0000,0.0000,0.0000,0.0000,7018.0000,0.0000,0.0000,0.0000,0.0000,1,0,0,0,0,1,0,0,0,0
zc,TA208,2012-06-12 09:01:31.547,7032.0000,334,0,0.0000,0.0000,0,0,多换,B,6984.0000,0.0000,0.0000,0.0000,0.0000,7016.0000,0.0000,0.0000,0.0000,0.0000,1,0,0,0,0,1,0,0,0,0
zc,TA208,2012-06-12 09:01:32.343,7032.0000,334,0,0.0000,0.0000,0,0,多换,B,6986.0000,0.0000,0.0000,0.0000,0.0000,7018.0000,0.0000,0.0000,0.0000,0.0000,1,0,0,0,0,1,0,0,0,0
zc,TA208,2012-06-12 09:01:32.827,7032.0000,334,0,0.0000,0.0000,0,0,多换,B,6984.0000,0.0000,0.0000,0.0000,0.0000,7016.0000,0.0000,0.0000,0.0000,0.0000,1,0,0,0,0,1,0,0,0,0
zc,TA208,2012-06-12 09:01:33.577,7032.0000,334,0,0.0000,0.0000,0,0,多换,B,6986.0000,0.0000,0.0000,0.0000,0.0000,7018.0000,0.0000,0.0000,0.0000,0.0000,1,0,0,0,0,1,0,0,0,0
zc,TA208,2012-06-12 09:01:34.860,7032.0000,334,0,0.0000,0.0000,0,0,多换,B,6988.0000,0.0000,0.0000,0.0000,0.0000,7020.0000,0.0000,0.0000,0.0000,0.0000,1,0,0,0,0,1,0,0,0,0
zc,TA208,2012-06-12 09:01:38.093,7032.0000,334,0,0.0000,0.0000,0,0,多换,B,6992.0000,0.0000,0.0000,0.0000,0.0000,7024.0000,0.0000,0.0000,0.0000,0.0000,1,0,0,0,0,1,0,0,0,0
zc,TA208,2012-06-12 09:01:38.610,7032.0000,334,0,0.0000,0.0000,0,0,多换,B,6994.0000,0.0000,0.0000,0.0000,0.0000,7026.0000,0.0000,0.0000,0.0000,0.0000,1,0,0,0,0,1,0,0,0,0
zc,TA208,2012-06-12 09:01:39.813,7032.0000,334,0,0.0000,0.0000,0,0,多换,B,6992.0000,0.0000,0.0000,0.0000,0.0000,7024.0000,0.0000,0.0000,0.0000,0.0000,1,0,0,0,0,1,0,0,0,0
zc,TA208,2012-06-12 09:01:41.827,7032.0000,334,0,0.0000,0.0000,0,0,多换,B,6990.0000,0.0000,0.0000,0.0000,0.0000,7022.0000,0.0000,0.0000,0.0000,0.0000,1,0,0,0,0,1,0,0,0,0
zc,TA208,2012-06-12 09:01:42.860,7032.0000,334,0,0.0000,0.0000,0,0,多换,B,6992.0000,0.0000,0.0000,0.0000,0.0000,7024.0000,0.0000,0.0000,0.0000,0.0000,1,0,0,0,0,1,0,0,0,0
zc,TA208,2012-06-12 09:01:44.093,7032.0000,334,0,0.0000,0.0000,0,0,多换,B,6994.0000,0.0000,0.0000,0.0000,0.0000,7026.0000,0.0000,0.0000,0.0000,0.0000,1,0,0,0,0,1,0,0,0,0
zc,TA208,2012-06-12 09:01:45.843,7032.0000,334,0,0.0000,0.0000,0,0,多换,B,6994.0000,0.0000,0.0000,0.0000,0.0000,7028.0000,0.0000,0.0000,0.0000,0.0000,1,0,0,0,0,1,0,0,0,0
zc,TA208,2012-06-12 09:01:46.593,7032.0000,334,0,0.0000,0.0000,0,0,多换,B,6996.0000,0.0000,0.0000,0.0000,0.0000,7028.0000,0.0000,0.0000,0.0000,0.0000,1,0,0,0,0,1,0,0,0,0
zc,TA208,2012-06-12 09:01:47.827,7032.0000,334,0,0.0000,0.0000,0,0,多换,B,6992.0000,0.0000,0.0000,0.0000,0.0000,7024.0000,0.0000,0.0000,0.0000,0.0000,1,0,0,0,0,1,0,0,0,0
zc,TA208,2012-06-12 09:01:48.547,7032.0000,334,0,0.0000,0.0000,0,0,多换,B,6996.0000,0.0000,0.0000,0.0000,0.0000,7028.0000,0.0000,0.0000,0.0000,0.0000,1,0,0,0,0,1,0,0,0,0
zc,TA208,2012-06-12 09:01:49.047,7032.0000,334,0,0.0000,0.0000,0,0,多换,B,6994.0000,0.0000,0.0000,0.0000,0.0000,7028.0000,0.0000,0.0000,0.0000,0.0000,1,0,0,0,0,1,0,0,0,0
zc,TA208,2012-06-12 09:01:49.593,7032.0000,334,0,0.0000,0.0000,0,0,多换,B,6996.0000,0.0000,0.0000,0.0000,0.0000,7028.0000,0.0000,0.0000,0.0000,0.0000,1,0,0,0,0,1,0,0,0,0
zc,TA208,2012-06-12 09:01:50.860,7032.0000,334,0,0.0000,0.0000,0,0,多换,B,6994.0000,0.0000,0.0000,0.0000,0.0000,7026.0000,0.0000,0.0000,0.0000,0.0000,1,0,0,0,0,1,0,0,0,0
zc,TA208,2012-06-12 09:01:52.313,7032.0000,334,0,0.0000,0.0000,0,0,多换,B,6992.0000,0.0000,0.0000,0.0000,0.0000,7024.0000,0.0000,0.0000,0.0000,0.0000,1,0,0,0,0,1,0,0,0,0
zc,TA208,2012-06-12 09:01:53.827,7032.0000,334,0,0.0000,0.0000,0,0,多换,B,6990.0000,0.0000,0.0000,0.0000,0.0000,7024.0000,0.0000,0.0000,0.0000,0.0000,1,0,0,0,0,1,0,0,0,0
zc,TA208,2012-06-12 09:01:54.063,7032.0000,334,0,0.0000,0.0000,0,0,多换,B,6990.0000,0.0000,0.0000,0.0000,0.0000,7022.0000,0.0000,0.0000,0.0000,0.0000,1,0,0,0,0,1,0,0,0,0
zc,TA208,2012-06-12 09:01:54.813,7032.0000,334,0,0.0000,0.0000,0,0,多换,B,6992.0000,0.0000,0.0000,0.0000,0.0000,7024.0000,0.0000,0.0000,0.0000,0.0000,1,0,0,0,0,1,0,0,0,0
zc,TA208,2012-06-12 09:01:55.327,7032.0000,334,0,0.0000,0.0000,0,0,多换,B,6994.0000,0.0000,0.0000,0.0000,0.0000,7026.0000,0.0000,0.0000,0.0000,0.0000,1,0,0,0,0,1,0,0,0,0
zc,TA208,2012-06-12 09:01:57.577,7032.0000,334,0,0.0000,0.0000,0,0,多换,B,6992.0000,0.0000,0.0000,0.0000,0.0000,7026.0000,0.0000,0.0000,0.0000,0.0000,1,0,0,0,0,1,0,0,0,0
zc,TA208,2012-06-12 09:01:58.313,7032.0000,334,0,0.0000,0.0000,0,0,多换,B,6992.0000,0.0000,0.0000,0.0000,0.0000,7024.0000,0.0000,0.0000,0.0000,0.0000,1,0,0,0,0,1,0,0,0,0
zc,TA208,2012-06-12 09:01:59.077,7032.0000,334,0,0.0000,0.0000,0,0,多换,B,6994.0000,0.0000,0.0000,0.0000,0.0000,7026.0000,0.0000,0.0000,0.0000,0.0000,1,0,0,0,0,1,0,0,0,0
zc,TA208,2012-06-12 09:02:01.577,7032.0000,334,0,0.0000,0.0000,0,0,多换,B,6992.0000,0.0000,0.0000,0.0000,0.0000,7024.0000,0.0000,0.0000,0.0000,0.0000,1,0,0,0,0,1,0,0,0,0
zc,TA208,2012-06-12 09:02:02.077,7032.0000,334,0,0.0000,0.0000,0,0,多换,B,6990.0000,0.0000,0.0000,0.0000,0.0000,7022.0000,0.0000,0.0000,0.0000,0.0000,1,0,0,0,0,1,0,0,0,0
zc,TA208,2012-06-12 09:02:04.077,7032.0000,334,0,0.0000,0.0000,0,0,多换,B,6992.0000,0.0000,0.0000,0.0000,0.0000,7026.0000,0.0000,0.0000,0.0000,0.0000,1,0,0,0,0,1,0,0,0,0
zc,TA208,2012-06-12 09:02:05.813,7032.0000,334,0,0.0000,0.0000,0,0,多换,B,6994.0000,0.0000,0.0000,0.0000,0.0000,7026.0000,0.0000,0.0000,0.0000,0.0000,1,0,0,0,0,1,0,0,0,0
zc,TA208,2012-06-12 09:02:09.110,7032.0000,334,0,0.0000,0.0000,0,0,多换,B,6996.0000,0.0000,0.0000,0.0000,0.0000,7028.0000,0.0000,0.0000,0.0000,0.0000,1,0,0,0,0,1,0,0,0,0
zc,TA208,2012-06-12 09:02:11.297,7032.0000,334,0,0.0000,0.0000,0,0,多换,B,6998.0000,0.0000,0.0000,0.0000,0.0000,7030.0000,0.0000,0.0000,0.0000,0.0000,1,0,0,0,0,1,0,0,0,0
zc,TA208,2012-06-12 09:02:13.577,7032.0000,334,0,0.0000,0.0000,0,0,多换,B,6996.0000,0.0000,0.0000,0.0000,0.0000,7028.0000,0.0000,0.0000,0.0000,0.0000,1,0,0,0,0,1,0,0,0,0
zc,TA208,2012-06-12 09:02:16.077,7032.0000,334,0,0.0000,0.0000,0,0,多换,B,6994.0000,0.0000,0.0000,0.0000,0.0000,7026.0000,0.0000,0.0000,0.0000,0.0000,1,0,0,0,0,1,0,0,0,0
zc,TA208,2012-06-12 09:02:17.327,7032.0000,334,0,0.0000,0.0000,0,0,多换,B,6998.0000,0.0000,0.0000,0.0000,0.0000,7030.0000,0.0000,0.0000,0.0000,0.0000,1,0,0,0,0,1,0,0,0,0
zc,TA208,2012-06-12 09:02:18.827,7032.0000,334,0,0.0000,0.0000,0,0,多换,B,6996.0000,0.0000,0.0000,0.0000,0.0000,7028.0000,0.0000,0.0000,0.0000,0.0000,1,0,0,0,0,1,0,0,0,0
zc,TA208,2012-06-12 09:02:19.267,7032.0000,334,0,0.0000,0.0000,0,0,多换,B,6996.0000,0.0000,0.0000,0.0000,0.0000,7028.0000,0.0000,0.0000,0.0000,0.0000,1,0,0,0,0,1,0,0,0,0
zc,TA208,2012-06-12 09:02:20.813,7032.0000,334,0,0.0000,0.0000,0,0,多换,B,6998.0000,0.0000,0.0000,0.0000,0.0000,7030.0000,0.0000,0.0000,0.0000,0.0000,1,0,0,0,0,1,0,0,0,0
zc,TA208,2012-06-12 09:02:24.077,7032.0000,334,0,0.0000,0.0000,0,0,多换,B,6998.0000,0.0000,0.0000,0.0000,0.0000,7032.0000,0.0000,0.0000,0.0000,0.0000,1,0,0,0,0,1,0,0,0,0
zc,TA208,2012-06-12 09:02:24.843,7032.0000,334,0,0.0000,0.0000,0,0,多换,B,7000.0000,0.0000,0.0000,0.0000,0.0000,7032.0000,0.0000,0.0000,0.0000,0.0000,1,0,0,0,0,1,0,0,0,0
zc,TA208,2012-06-12 09:02:27.843,7032.0000,334,0,0.0000,0.0000,0,0,多换,B,7002.0000,0.0000,0.0000,0.0000,0.0000,7034.0000,0.0000,0.0000,0.0000,0.0000,1,0,0,0,0,1,0,0,0,0
zc,TA208,2012-06-12 09:02:28.313,7032.0000,334,0,0.0000,0.0000,0,0,多换,B,7004.0000,0.0000,0.0000,0.0000,0.0000,7036.0000,0.0000,0.0000,0.0000,0.0000,1,0,0,0,0,1,0,0,0,0
zc,TA208,2012-06-12 09:02:32.047,7032.0000,334,0,0.0000,0.0000,0,0,多换,B,7006.0000,0.0000,0.0000,0.0000,0.0000,7038.0000,0.0000,0.0000,0.0000,0.0000,1,0,0,0,0,1,0,0,0,0
zc,TA208,2012-06-12 09:02:33.343,7032.0000,334,0,0.0000,0.0000,0,0,多换,B,7012.0000,0.0000,0.0000,0.0000,0.0000,7046.0000,0.0000,0.0000,0.0000,0.0000,1,0,0,0,0,1,0,0,0,0
zc,TA208,2012-06-12 09:02:34.063,7032.0000,334,0,0.0000,0.0000,0,0,多换,B,7012.0000,0.0000,0.0000,0.0000,0.0000,7044.0000,0.0000,0.0000,0.0000,0.0000,1,0,0,0,0,1,0,0,0,0
zc,TA208,2012-06-12 09:02:34.563,7032.0000,334,0,0.0000,0.0000,0,0,多换,B,7014.0000,0.0000,0.0000,0.0000,0.0000,7046.0000,0.0000,0.0000,0.0000,0.0000,1,0,0,0,0,1,0,0,0,0
zc,TA208,2012-06-12 09:02:35.343,7032.0000,334,0,0.0000,0.0000,0,0,多换,B,7010.0000,0.0000,0.0000,0.0000,0.0000,7042.0000,0.0000,0.0000,0.0000,0.0000,1,0,0,0,0,1,0,0,0,0
zc,TA208,2012-06-12 09:02:35.827,7032.0000,334,0,0.0000,0.0000,0,0,多换,B,7014.0000,0.0000,0.0000,0.0000,0.0000,7048.0000,0.0000,0.0000,0.0000,0.0000,1,0,0,0,0,1,0,0,0,0
zc,TA208,2012-06-12 09:02:36.563,7032.0000,334,0,0.0000,0.0000,0,0,多换,B,7010.0000,0.0000,0.0000,0.0000,0.0000,7042.0000,0.0000,0.0000,0.0000,0.0000,1,0,0,0,0,1,0,0,0,0
zc,TA208,2012-06-12 09:02:37.063,7032.0000,334,0,0.0000,0.0000,0,0,多换,B,7012.0000,0.0000,0.0000,0.0000,0.0000,7044.0000,0.0000,0.0000,0.0000,0.0000,1,0,0,0,0,1,0,0,0,0
zc,TA208,2012-06-12 09:02:40.077,7032.0000,334,0,0.0000,0.0000,0,0,多换,B,7014.0000,0.0000,0.0000,0.0000,0.0000,7046.0000,0.0000,0.0000,0.0000,0.0000,1,0,0,0,0,1,0,0,0,0
zc,TA208,2012-06-12 09:02:41.327,7032.0000,334,0,0.0000,0.0000,0,0,多换,B,7016.0000,0.0000,0.0000,0.0000,0.0000,7048.0000,0.0000,0.0000,0.0000,0.0000,1,0,0,0,0,1,0,0,0,0
zc,TA208,2012-06-12 09:02:44.360,7032.0000,334,0,0.0000,0.0000,0,0,多换,B,7018.0000,0.0000,0.0000,0.0000,0.0000,7050.0000,0.0000,0.0000,0.0000,0.0000,1,0,0,0,0,1,0,0,0,0
zc,TA208,2012-06-12 09:02:45.030,7032.0000,334,0,0.0000,0.0000,0,0,多换,B,7018.0000,0.0000,0.0000,0.0000,0.0000,7052.0000,0.0000,0.0000,0.0000,0.0000,1,0,0,0,0,1,0,0,0,0
zc,TA208,2012-06-12 09:02:45.593,7032.0000,334,0,0.0000,0.0000,0,0,多换,B,7020.0000,0.0000,0.0000,0.0000,0.0000,7052.0000,0.0000,0.0000,0.0000,0.0000,1,0,0,0,0,1,0,0,0,0
zc,TA208,2012-06-12 09:02:46.280,7032.0000,334,0,0.0000,0.0000,0,0,多换,B,7022.0000,0.0000,0.0000,0.0000,0.0000,7056.0000,0.0000,0.0000,0.0000,0.0000,1,0,0,0,0,1,0,0,0,0
zc,TA208,2012-06-12 09:02:46.827,7032.0000,334,0,0.0000,0.0000,0,0,多换,B,7022.0000,0.0000,0.0000,0.0000,0.0000,7054.0000,0.0000,0.0000,0.0000,0.0000,1,0,0,0,0,1,0,0,0,0
zc,TA208,2012-06-12 09:02:47.313,7032.0000,334,0,0.0000,0.0000,0,0,多换,B,7024.0000,0.0000,0.0000,0.0000,0.0000,7056.0000,0.0000,0.0000,0.0000,0.0000,1,0,0,0,0,1,0,0,0,0
zc,TA208,2012-06-12 09:02:51.047,7032.0000,334,0,0.0000,0.0000,0,0,多换,B,7026.0000,0.0000,0.0000,0.0000,0.0000,7058.0000,0.0000,0.0000,0.0000,0.0000,1,0,0,0,0,1,0,0,0,0
zc,TA208,2012-06-12 09:02:51.577,7032.0000,334,0,0.0000,0.0000,0,0,多换,B,7024.0000,0.0000,0.0000,0.0000,0.0000,7056.0000,0.0000,0.0000,0.0000,0.0000,1,0,0,0,0,1,0,0,0,0
zc,TA208,2012-06-12 09:02:52.297,7032.0000,334,0,0.0000,0.0000,0,0,多换,B,7022.0000,0.0000,0.0000,0.0000,0.0000,7054.0000,0.0000,0.0000,0.0000,0.0000,1,0,0,0,0,1,0,0,0,0
zc,TA208,2012-06-12 09:02:53.577,7032.0000,334,0,0.0000,0.0000,0,0,多换,B,7020.0000,0.0000,0.0000,0.0000,0.0000,7052.0000,0.0000,0.0000,0.0000,0.0000,1,0,0,0,0,1,0,0,0,0
zc,TA208,2012-06-12 09:02:55.593,7032.0000,334,0,0.0000,0.0000,0,0,多换,B,7020.0000,0.0000,0.0000,0.0000,0.0000,7054.0000,0.0000,0.0000,0.0000,0.0000,1,0,0,0,0,1,0,0,0,0
zc,TA208,2012-06-12 09:02:56.063,7032.0000,334,0,0.0000,0.0000,0,0,多换,B,7022.0000,0.0000,0.0000,0.0000,0.0000,7054.0000,0.0000,0.0000,0.0000,0.0000,1,0,0,0,0,1,0,0,0,0
zc,TA208,2012-06-12 09:02:56.813,7032.0000,334,0,0.0000,0.0000,0,0,多换,B,7020.0000,0.0000,0.0000,0.0000,0.0000,7052.0000,0.0000,0.0000,0.0000,0.0000,1,0,0,0,0,1,0,0,0,0
zc,TA208,2012-06-12 09:02:59.077,7032.0000,334,0,0.0000,0.0000,0,0,多换,B,7018.0000,0.0000,0.0000,0.0000,0.0000,7050.0000,0.0000,0.0000,0.0000,0.0000,1,0,0,0,0,1,0,0,0,0
zc,TA208,2012-06-12 09:03:01.563,7032.0000,334,0,0.0000,0.0000,0,0,多换,B,7020.0000,0.0000,0.0000,0.0000,0.0000,7052.0000,0.0000,0.0000,0.0000,0.0000,1,0,0,0,0,1,0,0,0,0
zc,TA208,2012-06-12 09:03:02.093,7032.0000,334,0,0.0000,0.0000,0,0,多换,B,7022.0000,0.0000,0.0000,0.0000,0.0000,7054.0000,0.0000,0.0000,0.0000,0.0000,1,0,0,0,0,1,0,0,0,0
zc,TA208,2012-06-12 09:03:05.343,7032.0000,334,0,0.0000,0.0000,0,0,多换,B,7020.0000,0.0000,0.0000,0.0000,0.0000,7052.0000,0.0000,0.0000,0.0000,0.0000,1,0,0,0,0,1,0,0,0,0
zc,TA208,2012-06-12 09:03:07.030,7032.0000,334,0,0.0000,0.0000,0,0,多换,B,7024.0000,0.0000,0.0000,0.0000,0.0000,7056.0000,0.0000,0.0000,0.0000,0.0000,1,0,0,0,0,1,0,0,0,0
zc,TA208,2012-06-12 09:03:09.843,7032.0000,334,0,0.0000,0.0000,0,0,多换,B,7022.0000,0.0000,0.0000,0.0000,0.0000,7054.0000,0.0000,0.0000,0.0000,0.0000,1,0,0,0,0,1,0,0,0,0
zc,TA208,2012-06-12 09:03:11.547,7032.0000,334,0,0.0000,0.0000,0,0,多换,B,7022.0000,0.0000,0.0000,0.0000,0.0000,7056.0000,0.0000,0.0000,0.0000,0.0000,1,0,0,0,0,1,0,0,0,0
zc,TA208,2012-06-12 09:03:12.280,7032.0000,334,0,0.0000,0.0000,0,0,多换,B,7022.0000,0.0000,0.0000,0.0000,0.0000,7054.0000,0.0000,0.0000,0.0000,0.0000,1,0,0,0,0,1,0,0,0,0
zc,TA208,2012-06-12 09:03:12.813,7032.0000,334,0,0.0000,0.0000,0,0,多换,B,7024.0000,0.0000,0.0000,0.0000,0.0000,7056.0000,0.0000,0.0000,0.0000,0.0000,1,0,0,0,0,1,0,0,0,0
zc,TA208,2012-06-12 09:03:13.843,7032.0000,334,0,0.0000,0.0000,0,0,多换,B,7022.0000,0.0000,0.0000,0.0000,0.0000,7054.0000,0.0000,0.0000,0.0000,0.0000,1,0,0,0,0,1,0,0,0,0
zc,TA208,2012-06-12 09:03:16.313,7032.0000,334,0,0.0000,0.0000,0,0,多换,B,7020.0000,0.0000,0.0000,0.0000,0.0000,7052.0000,0.0000,0.0000,0.0000,0.0000,1,0,0,0,0,1,0,0,0,0
zc,TA208,2012-06-12 09:03:19.530,7032.0000,334,0,0.0000,0.0000,0,0,多换,B,7020.0000,0.0000,0.0000,0.0000,0.0000,7052.0000,0.0000,0.0000,0.0000,0.0000,1,0,0,0,0,1,0,0,0,0
zc,TA208,2012-06-12 09:03:22.313,7032.0000,334,0,0.0000,0.0000,0,0,多换,B,7018.0000,0.0000,0.0000,0.0000,0.0000,7050.0000,0.0000,0.0000,0.0000,0.0000,1,0,0,0,0,1,0,0,0,0
zc,TA208,2012-06-12 09:03:25.813,7032.0000,334,0,0.0000,0.0000,0,0,多换,B,7016.0000,0.0000,0.0000,0.0000,0.0000,7048.0000,0.0000,0.0000,0.0000,0.0000,1,0,0,0,0,1,0,0,0,0
zc,TA208,2012-06-12 09:03:27.797,7032.0000,334,0,0.0000,0.0000,0,0,多换,B,7018.0000,0.0000,0.0000,0.0000,0.0000,7050.0000,0.0000,0.0000,0.0000,0.0000,1,0,0,0,0,1,0,0,0,0
zc,TA208,2012-06-12 09:03:29.077,7032.0000,334,0,0.0000,0.0000,0,0,多换,B,7016.0000,0.0000,0.0000,0.0000,0.0000,7048.0000,0.0000,0.0000,0.0000,0.0000,1,0,0,0,0,1,0,0,0,0
zc,TA208,2012-06-12 09:03:30.780,7032.0000,334,0,0.0000,0.0000,0,0,多换,B,7014.0000,0.0000,0.0000,0.0000,0.0000,7046.0000,0.0000,0.0000,0.0000,0.0000,1,0,0,0,0,1,0,0,0,0
zc,TA208,2012-06-12 09:03:32.313,7032.0000,334,0,0.0000,0.0000,0,0,多换,B,7016.0000,0.0000,0.0000,0.0000,0.0000,7048.0000,0.0000,0.0000,0.0000,0.0000,1,0,0,0,0,1,0,0,0,0
zc,TA208,2012-06-12 09:03:34.780,7032.0000,334,0,0.0000,0.0000,0,0,多换,B,7014.0000,0.0000,0.0000,0.0000,0.0000,7046.0000,0.0000,0.0000,0.0000,0.0000,1,0,0,0,0,1,0,0,0,0
zc,TA208,2012-06-12 09:03:35.313,7032.0000,334,0,0.0000,0.0000,0,0,多换,B,7018.0000,0.0000,0.0000,0.0000,0.0000,7050.0000,0.0000,0.0000,0.0000,0.0000,1,0,0,0,0,1,0,0,0,0
zc,TA208,2012-06-12 09:03:36.297,7032.0000,334,0,0.0000,0.0000,0,0,多换,B,7016.0000,0.0000,0.0000,0.0000,0.0000,7048.0000,0.0000,0.0000,0.0000,0.0000,1,0,0,0,0,1,0,0,0,0
zc,TA208,2012-06-12 09:03:37.063,7032.0000,334,0,0.0000,0.0000,0,0,多换,B,7014.0000,0.0000,0.0000,0.0000,0.0000,7046.0000,0.0000,0.0000,0.0000,0.0000,1,0,0,0,0,1,0,0,0,0
zc,TA208,2012-06-12 09:03:38.813,7032.0000,334,0,0.0000,0.0000,0,0,多换,B,7012.0000,0.0000,0.0000,0.0000,0.0000,7044.0000,0.0000,0.0000,0.0000,0.0000,1,0,0,0,0,1,0,0,0,0
zc,TA208,2012-06-12 09:03:39.280,7032.0000,334,0,0.0000,0.0000,0,0,多换,B,7012.0000,0.0000,0.0000,0.0000,0.0000,7046.0000,0.0000,0.0000,0.0000,0.0000,1,0,0,0,0,1,0,0,0,0
zc,TA208,2012-06-12 09:03:40.063,7032.0000,334,0,0.0000,0.0000,0,0,多换,B,7016.0000,0.0000,0.0000,0.0000,0.0000,7048.0000,0.0000,0.0000,0.0000,0.0000,1,0,0,0,0,1,0,0,0,0
zc,TA208,2012-06-12 09:03:40.547,7032.0000,334,0,0.0000,0.0000,0,0,多换,B,7012.0000,0.0000,0.0000,0.0000,0.0000,7046.0000,0.0000,0.0000,0.0000,0.0000,1,0,0,0,0,1,0,0,0,0
zc,TA208,2012-06-12 09:03:41.343,7032.0000,334,0,0.0000,0.0000,0,0,多换,B,7014.0000,0.0000,0.0000,0.0000,0.0000,7046.0000,0.0000,0.0000,0.0000,0.0000,1,0,0,0,0,1,0,0,0,0
zc,TA208,2012-06-12 09:03:43.577,7032.0000,334,0,0.0000,0.0000,0,0,多换,B,7016.0000,0.0000,0.0000,0.0000,0.0000,7048.0000,0.0000,0.0000,0.0000,0.0000,1,0,0,0,0,1,0,0,0,0
zc,TA208,2012-06-12 09:03:44.780,7032.0000,334,0,0.0000,0.0000,0,0,多换,B,7014.0000,0.0000,0.0000,0.0000,0.0000,7046.0000,0.0000,0.0000,0.0000,0.0000,1,0,0,0,0,1,0,0,0,0
zc,TA208,2012-06-12 09:03:46.593,7032.0000,334,0,0.0000,0.0000,0,0,多换,B,7012.0000,0.0000,0.0000,0.0000,0.0000,7046.0000,0.0000,0.0000,0.0000,0.0000,1,0,0,0,0,1,0,0,0,0
zc,TA208,2012-06-12 09:03:47.343,7032.0000,334,0,0.0000,0.0000,0,0,多换,B,7012.0000,0.0000,0.0000,0.0000,0.0000,7044.0000,0.0000,0.0000,0.0000,0.0000,1,0,0,0,0,1,0,0,0,0
zc,TA208,2012-06-12 09:03:48.547,7032.0000,334,0,0.0000,0.0000,0,0,多换,B,7014.0000,0.0000,0.0000,0.0000,0.0000,7046.0000,0.0000,0.0000,0.0000,0.0000,1,0,0,0,0,1,0,0,0,0
zc,TA208,2012-06-12 09:03:51.327,7032.0000,334,0,0.0000,0.0000,0,0,多换,B,7012.0000,0.0000,0.0000,0.0000,0.0000,7044.0000,0.0000,0.0000,0.0000,0.0000,1,0,0,0,0,1,0,0,0,0
zc,TA208,2012-06-12 09:03:53.563,7032.0000,334,0,0.0000,0.0000,0,0,多换,B,7010.0000,0.0000,0.0000,0.0000,0.0000,7042.0000,0.0000,0.0000,0.0000,0.0000,1,0,0,0,0,1,0,0,0,0
zc,TA208,2012-06-12 09:03:54.843,7032.0000,334,0,0.0000,0.0000,0,0,多换,B,7008.0000,0.0000,0.0000,0.0000,0.0000,7042.0000,0.0000,0.0000,0.0000,0.0000,1,0,0,0,0,1,0,0,0,0
zc,TA208,2012-06-12 09:03:55.577,7032.0000,334,0,0.0000,0.0000,0,0,多换,B,7008.0000,0.0000,0.0000,0.0000,0.0000,7040.0000,0.0000,0.0000,0.0000,0.0000,1,0,0,0,0,1,0,0,0,0
zc,TA208,2012-06-12 09:03:56.063,7032.0000,334,0,0.0000,0.0000,0,0,多换,B,7012.0000,0.0000,0.0000,0.0000,0.0000,7044.0000,0.0000,0.0000,0.0000,0.0000,1,0,0,0,0,1,0,0,0,0
zc,TA208,2012-06-12 09:03:56.827,7032.0000,334,0,0.0000,0.0000,0,0,多换,B,7006.0000,0.0000,0.0000,0.0000,0.0000,7038.0000,0.0000,0.0000,0.0000,0.0000,1,0,0,0,0,1,0,0,0,0
zc,TA208,2012-06-12 09:03:58.610,7032.0000,334,0,0.0000,0.0000,0,0,多换,B,7004.0000,0.0000,0.0000,0.0000,0.0000,7036.0000,0.0000,0.0000,0.0000,0.0000,1,0,0,0,0,1,0,0,0,0
zc,TA208,2012-06-12 09:04:02.327,7032.0000,334,0,0.0000,0.0000,0,0,多换,B,7002.0000,0.0000,0.0000,0.0000,0.0000,7036.0000,0.0000,0.0000,0.0000,0.0000,1,0,0,0,0,1,0,0,0,0
zc,TA208,2012-06-12 09:04:03.077,7032.0000,334,0,0.0000,0.0000,0,0,多换,B,7004.0000,0.0000,0.0000,0.0000,0.0000,7036.0000,0.0000,0.0000,0.0000,0.0000,1,0,0,0,0,1,0,0,0,0
zc,TA208,2012-06-12 09:04:03.593,7032.0000,334,0,0.0000,0.0000,0,0,多换,B,7006.0000,0.0000,0.0000,0.0000,0.0000,7038.0000,0.0000,0.0000,0.0000,0.0000,1,0,0,0,0,1,0,0,0,0
zc,TA208,2012-06-12 09:04:05.577,7032.0000,334,0,0.0000,0.0000,0,0,多换,B,7004.0000,0.0000,0.0000,0.0000,0.0000,7036.0000,0.0000,0.0000,0.0000,0.0000,1,0,0,0,0,1,0,0,0,0
zc,TA208,2012-06-12 09:04:08.047,7032.0000,334,0,0.0000,0.0000,0,0,多换,B,7006.0000,0.0000,0.0000,0.0000,0.0000,7038.0000,0.0000,0.0000,0.0000,0.0000,1,0,0,0,0,1,0,0,0,0
zc,TA208,2012-06-12 09:04:10.313,7032.0000,334,0,0.0000,0.0000,0,0,多换,B,7004.0000,0.0000,0.0000,0.0000,0.0000,7036.0000,0.0000,0.0000,0.0000,0.0000,1,0,0,0,0,1,0,0,0,0
zc,TA208,2012-06-12 09:04:14.110,7032.0000,334,0,0.0000,0.0000,0,0,多换,B,7002.0000,0.0000,0.0000,0.0000,0.0000,7036.0000,0.0000,0.0000,0.0000,0.0000,1,0,0,0,0,1,0,0,0,0
zc,TA208,2012-06-12 09:04:14.563,7032.0000,334,0,0.0000,0.0000,0,0,多换,B,7002.0000,0.0000,0.0000,0.0000,0.0000,7034.0000,0.0000,0.0000,0.0000,0.0000,1,0,0,0,0,1,0,0,0,0
zc,TA208,2012-06-12 09:04:15.827,7032.0000,334,0,0.0000,0.0000,0,0,多换,B,7006.0000,0.0000,0.0000,0.0000,0.0000,7038.0000,0.0000,0.0000,0.0000,0.0000,1,0,0,0,0,1,0,0,0,0
zc,TA208,2012-06-12 09:04:18.517,7032.0000,334,0,0.0000,0.0000,0,0,多换,B,7000.0000,0.0000,0.0000,0.0000,0.0000,7032.0000,0.0000,0.0000,0.0000,0.0000,1,0,0,0,0,1,0,0,0,0
zc,TA208,2012-06-12 09:04:22.030,7032.0000,334,0,0.0000,0.0000,0,0,多换,B,7002.0000,0.0000,0.0000,0.0000,0.0000,7034.0000,0.0000,0.0000,0.0000,0.0000,1,0,0,0,0,1,0,0,0,0
zc,TA208,2012-06-12 09:04:24.563,7032.0000,334,0,0.0000,0.0000,0,0,多换,B,7004.0000,0.0000,0.0000,0.0000,0.0000,7036.0000,0.0000,0.0000,0.0000,0.0000,1,0,0,0,0,1,0,0,0,0
zc,TA208,2012-06-12 09:04:25.813,7032.0000,334,0,0.0000,0.0000,0,0,多换,B,7006.0000,0.0000,0.0000,0.0000,0.0000,7038.0000,0.0000,0.0000,0.0000,0.0000,1,0,0,0,0,1,0,0,0,0
zc,TA208,2012-06-12 09:04:26.313,7032.0000,334,0,0.0000,0.0000,0,0,多换,B,7004.0000,0.0000,0.0000,0.0000,0.0000,7036.0000,0.0000,0.0000,0.0000,0.0000,1,0,0,0,0,1,0,0,0,0
zc,TA208,2012-06-12 09:04:27.077,7032.0000,334,0,0.0000,0.0000,0,0,多换,B,7002.0000,0.0000,0.0000,0.0000,0.0000,7034.0000,0.0000,0.0000,0.0000,0.0000,1,0,0,0,0,1,0,0,0,0
zc,TA208,2012-06-12 09:04:28.563,7032.0000,334,0,0.0000,0.0000,0,0,多换,B,7004.0000,0.0000,0.0000,0.0000,0.0000,7036.0000,0.0000,0.0000,0.0000,0.0000,1,0,0,0,0,1,0,0,0,0
zc,TA208,2012-06-12 09:04:32.280,7032.0000,334,0,0.0000,0.0000,0,0,多换,B,7006.0000,0.0000,0.0000,0.0000,0.0000,7038.0000,0.0000,0.0000,0.0000,0.0000,1,0,0,0,0,1,0,0,0,0
zc,TA208,2012-06-12 09:04:32.563,7032.0000,334,0,0.0000,0.0000,0,0,多换,B,7004.0000,0.0000,0.0000,0.0000,0.0000,7038.0000,0.0000,0.0000,0.0000,0.0000,1,0,0,0,0,1,0,0,0,0
zc,TA208,2012-06-12 09:04:33.297,7032.0000,334,0,0.0000,0.0000,0,0,多换,B,7004.0000,0.0000,0.0000,0.0000,0.0000,7036.0000,0.0000,0.0000,0.0000,0.0000,1,0,0,0,0,1,0,0,0,0
zc,TA208,2012-06-12 09:04:35.063,7032.0000,334,0,0.0000,0.0000,0,0,多换,B,7006.0000,0.0000,0.0000,0.0000,0.0000,7038.0000,0.0000,0.0000,0.0000,0.0000,1,0,0,0,0,1,0,0,0,0
zc,TA208,2012-06-12 09:04:37.313,7032.0000,334,0,0.0000,0.0000,0,0,多换,B,7008.0000,0.0000,0.0000,0.0000,0.0000,7040.0000,0.0000,0.0000,0.0000,0.0000,1,0,0,0,0,1,0,0,0,0
zc,TA208,2012-06-12 09:04:38.547,7032.0000,334,0,0.0000,0.0000,0,0,多换,B,7010.0000,0.0000,0.0000,0.0000,0.0000,7042.0000,0.0000,0.0000,0.0000,0.0000,1,0,0,0,0,1,0,0,0,0
zc,TA208,2012-06-12 09:04:41.313,7032.0000,334,0,0.0000,0.0000,0,0,多换,B,7012.0000,0.0000,0.0000,0.0000,0.0000,7044.0000,0.0000,0.0000,0.0000,0.0000,1,0,0,0,0,1,0,0,0,0
zc,TA208,2012-06-12 09:04:41.780,7032.0000,334,0,0.0000,0.0000,0,0,多换,B,7010.0000,0.0000,0.0000,0.0000,0.0000,7042.0000,0.0000,0.0000,0.0000,0.0000,1,0,0,0,0,1,0,0,0,0
zc,TA208,2012-06-12 09:04:42.547,7032.0000,334,0,0.0000,0.0000,0,0,多换,B,7008.0000,0.0000,0.0000,0.0000,0.0000,7042.0000,0.0000,0.0000,0.0000,0.0000,1,0,0,0,0,1,0,0,0,0
zc,TA208,2012-06-12 09:04:43.047,7032.0000,334,0,0.0000,0.0000,0,0,多换,B,7012.0000,0.0000,0.0000,0.0000,0.0000,7044.0000,0.0000,0.0000,0.0000,0.0000,1,0,0,0,0,1,0,0,0,0
zc,TA208,2012-06-12 09:04:43.563,7032.0000,334,0,0.0000,0.0000,0,0,多换,B,7014.0000,0.0000,0.0000,0.0000,0.0000,7046.0000,0.0000,0.0000,0.0000,0.0000,1,0,0,0,0,1,0,0,0,0
zc,TA208,2012-06-12 09:04:46.547,7032.0000,334,0,0.0000,0.0000,0,0,多换,B,7012.0000,0.0000,0.0000,0.0000,0.0000,7044.0000,0.0000,0.0000,0.0000,0.0000,1,0,0,0,0,1,0,0,0,0
zc,TA208,2012-06-12 09:04:53.517,7032.0000,334,0,0.0000,0.0000,0,0,多换,B,7014.0000,0.0000,0.0000,0.0000,0.0000,7046.0000,0.0000,0.0000,0.0000,0.0000,1,0,0,0,0,1,0,0,0,0
zc,TA208,2012-06-12 09:04:56.827,7032.0000,334,0,0.0000,0.0000,0,0,多换,B,7016.0000,0.0000,0.0000,0.0000,0.0000,7048.0000,0.0000,0.0000,0.0000,0.0000,1,0,0,0,0,1,0,0,0,0
zc,TA208,2012-06-12 09:04:58.563,7032.0000,334,0,0.0000,0.0000,0,0,多换,B,7014.0000,0.0000,0.0000,0.0000,0.0000,7046.0000,0.0000,0.0000,0.0000,0.0000,1,0,0,0,0,1,0,0,0,0
zc,TA208,2012-06-12 09:05:01.813,7032.0000,334,0,0.0000,0.0000,0,0,多换,B,7016.0000,0.0000,0.0000,0.0000,0.0000,7048.0000,0.0000,0.0000,0.0000,0.0000,1,0,0,0,0,1,0,0,0,0
zc,TA208,2012-06-12 09:05:03.827,7032.0000,334,0,0.0000,0.0000,0,0,多换,B,7012.0000,0.0000,0.0000,0.0000,0.0000,7044.0000,0.0000,0.0000,0.0000,0.0000,1,0,0,0,0,1,0,0,0,0
zc,TA208,2012-06-12 09:05:04.297,7032.0000,334,0,0.0000,0.0000,0,0,多换,B,7012.0000,0.0000,0.0000,0.0000,0.0000,7046.0000,0.0000,0.0000,0.0000,0.0000,1,0,0,0,0,1,0,0,0,0
zc,TA208,2012-06-12 09:05:05.093,7032.0000,334,0,0.0000,0.0000,0,0,多换,B,7014.0000,0.0000,0.0000,0.0000,0.0000,7046.0000,0.0000,0.0000,0.0000,0.0000,1,0,0,0,0,1,0,0,0,0
zc,TA208,2012-06-12 09:05:06.563,7032.0000,334,0,0.0000,0.0000,0,0,多换,B,7012.0000,0.0000,0.0000,0.0000,0.0000,7044.0000,0.0000,0.0000,0.0000,0.0000,1,0,0,0,0,1,0,0,0,0
zc,TA208,2012-06-12 09:05:11.047,7032.0000,334,0,0.0000,0.0000,0,0,多换,B,7014.0000,0.0000,0.0000,0.0000,0.0000,7046.0000,0.0000,0.0000,0.0000,0.0000,1,0,0,0,0,1,0,0,0,0
zc,TA208,2012-06-12 09:05:11.780,7032.0000,334,0,0.0000,0.0000,0,0,多换,B,7012.0000,0.0000,0.0000,0.0000,0.0000,7046.0000,0.0000,0.0000,0.0000,0.0000,1,0,0,0,0,1,0,0,0,0
zc,TA208,2012-06-12 09:05:12.327,7032.0000,334,0,0.0000,0.0000,0,0,多换,B,7012.0000,0.0000,0.0000,0.0000,0.0000,7044.0000,0.0000,0.0000,0.0000,0.0000,1,0,0,0,0,1,0,0,0,0
zc,TA208,2012-06-12 09:05:13.547,7032.0000,334,0,0.0000,0.0000,0,0,多换,B,7014.0000,0.0000,0.0000,0.0000,0.0000,7046.0000,0.0000,0.0000,0.0000,0.0000,1,0,0,0,0,1,0,0,0,0
zc,TA208,2012-06-12 09:05:14.030,7032.0000,334,0,0.0000,0.0000,0,0,多换,B,7012.0000,0.0000,0.0000,0.0000,0.0000,7044.0000,0.0000,0.0000,0.0000,0.0000,1,0,0,0,0,1,0,0,0,0
zc,TA208,2012-06-12 09:05:16.297,7032.0000,334,0,0.0000,0.0000,0,0,多换,B,7014.0000,0.0000,0.0000,0.0000,0.0000,7046.0000,0.0000,0.0000,0.0000,0.0000,1,0,0,0,0,1,0,0,0,0
zc,TA208,2012-06-12 09:05:17.030,7032.0000,334,0,0.0000,0.0000,0,0,多换,B,7012.0000,0.0000,0.0000,0.0000,0.0000,7044.0000,0.0000,0.0000,0.0000,0.0000,1,0,0,0,0,1,0,0,0,0
zc,TA208,2012-06-12 09:05:23.280,7032.0000,334,0,0.0000,0.0000,0,0,多换,B,7014.0000,0.0000,0.0000,0.0000,0.0000,7046.0000,0.0000,0.0000,0.0000,0.0000,1,0,0,0,0,1,0,0,0,0
zc,TA208,2012-06-12 09:05:26.327,7032.0000,334,0,0.0000,0.0000,0,0,多换,B,7012.0000,0.0000,0.0000,0.0000,0.0000,7044.0000,0.0000,0.0000,0.0000,0.0000,1,0,0,0,0,1,0,0,0,0
zc,TA208,2012-06-12 09:05:28.077,7032.0000,334,0,0.0000,0.0000,0,0,多换,B,7010.0000,0.0000,0.0000,0.0000,0.0000,7042.0000,0.0000,0.0000,0.0000,0.0000,1,0,0,0,0,1,0,0,0,0
zc,TA208,2012-06-12 09:05:28.827,7032.0000,334,0,0.0000,0.0000,0,0,多换,B,7008.0000,0.0000,0.0000,0.0000,0.0000,7042.0000,0.0000,0.0000,0.0000,0.0000,1,0,0,0,0,1,0,0,0,0
zc,TA208,2012-06-12 09:05:29.280,7032.0000,334,0,0.0000,0.0000,0,0,多换,B,7008.0000,0.0000,0.0000,0.0000,0.0000,7040.0000,0.0000,0.0000,0.0000,0.0000,1,0,0,0,0,1,0,0,0,0
zc,TA208,2012-06-12 09:05:29.780,7032.0000,334,0,0.0000,0.0000,0,0,多换,B,7010.0000,0.0000,0.0000,0.0000,0.0000,7042.0000,0.0000,0.0000,0.0000,0.0000,1,0,0,0,0,1,0,0,0,0
zc,TA208,2012-06-12 09:05:32.030,7032.0000,334,0,0.0000,0.0000,0,0,多换,B,7012.0000,0.0000,0.0000,0.0000,0.0000,7044.0000,0.0000,0.0000,0.0000,0.0000,1,0,0,0,0,1,0,0,0,0
zc,TA208,2012-06-12 09:05:35.577,7032.0000,334,0,0.0000,0.0000,0,0,多换,B,7010.0000,0.0000,0.0000,0.0000,0.0000,7042.0000,0.0000,0.0000,0.0000,0.0000,1,0,0,0,0,1,0,0,0,0
zc,TA208,2012-06-12 09:05:37.297,7032.0000,334,0,0.0000,0.0000,0,0,多换,B,7012.0000,0.0000,0.0000,0.0000,0.0000,7044.0000,0.0000,0.0000,0.0000,0.0000,1,0,0,0,0,1,0,0,0,0
zc,TA208,2012-06-12 09:05:43.047,7032.0000,334,0,0.0000,0.0000,0,0,多换,B,7010.0000,0.0000,0.0000,0.0000,0.0000,7042.0000,0.0000,0.0000,0.0000,0.0000,1,0,0,0,0,1,0,0,0,0
zc,TA208,2012-06-12 09:05:45.827,7032.0000,334,0,0.0000,0.0000,0,0,多换,B,7008.0000,0.0000,0.0000,0.0000,0.0000,7040.0000,0.0000,0.0000,0.0000,0.0000,1,0,0,0,0,1,0,0,0,0
zc,TA208,2012-06-12 09:05:47.063,7032.0000,334,0,0.0000,0.0000,0,0,多换,B,7010.0000,0.0000,0.0000,0.0000,0.0000,7042.0000,0.0000,0.0000,0.0000,0.0000,1,0,0,0,0,1,0,0,0,0
zc,TA208,2012-06-12 09:05:48.313,7032.0000,334,0,0.0000,0.0000,0,0,多换,B,7008.0000,0.0000,0.0000,0.0000,0.0000,7040.0000,0.0000,0.0000,0.0000,0.0000,1,0,0,0,0,1,0,0,0,0
zc,TA208,2012-06-12 09:05:48.797,7032.0000,334,0,0.0000,0.0000,0,0,多换,B,7008.0000,0.0000,0.0000,0.0000,0.0000,7042.0000,0.0000,0.0000,0.0000,0.0000,1,0,0,0,0,1,0,0,0,0
zc,TA208,2012-06-12 09:05:49.313,7032.0000,334,0,0.0000,0.0000,0,0,多换,B,7008.0000,0.0000,0.0000,0.0000,0.0000,7040.0000,0.0000,0.0000,0.0000,0.0000,1,0,0,0,0,1,0,0,0,0
zc,TA208,2012-06-12 09:05:51.297,7032.0000,334,0,0.0000,0.0000,0,0,多换,B,7010.0000,0.0000,0.0000,0.0000,0.0000,7042.0000,0.0000,0.0000,0.0000,0.0000,1,0,0,0,0,1,0,0,0,0
zc,TA208,2012-06-12 09:05:54.577,7032.0000,334,0,0.0000,0.0000,0,0,多换,B,7012.0000,0.0000,0.0000,0.0000,0.0000,7044.0000,0.0000,0.0000,0.0000,0.0000,1,0,0,0,0,1,0,0,0,0
zc,TA208,2012-06-12 09:06:01.813,7032.0000,334,0,0.0000,0.0000,0,0,多换,B,7010.0000,0.0000,0.0000,0.0000,0.0000,7042.0000,0.0000,0.0000,0.0000,0.0000,1,0,0,0,0,1,0,0,0,0
zc,TA208,2012-06-12 09:06:02.530,7032.0000,334,0,0.0000,0.0000,0,0,多换,B,7012.0000,0.0000,0.0000,0.0000,0.0000,7044.0000,0.0000,0.0000,0.0000,0.0000,1,0,0,0,0,1,0,0,0,0
zc,TA208,2012-06-12 09:06:06.063,7032.0000,334,0,0.0000,0.0000,0,0,多换,B,7010.0000,0.0000,0.0000,0.0000,0.0000,7044.0000,0.0000,0.0000,0.0000,0.0000,1,0,0,0,0,1,0,0,0,0
zc,TA208,2012-06-12 09:06:06.797,7032.0000,334,0,0.0000,0.0000,0,0,多换,B,7008.0000,0.0000,0.0000,0.0000,0.0000,7044.0000,0.0000,0.0000,0.0000,0.0000,1,0,0,0,0,1,0,0,0,0
zc,TA208,2012-06-12 09:06:07.780,7032.0000,334,0,0.0000,0.0000,0,0,多换,B,7008.0000,0.0000,0.0000,0.0000,0.0000,7042.0000,0.0000,0.0000,0.0000,0.0000,1,0,0,0,0,1,0,0,0,0
zc,TA208,2012-06-12 09:06:08.547,7032.0000,334,0,0.0000,0.0000,0,0,多换,B,7006.0000,0.0000,0.0000,0.0000,0.0000,7038.0000,0.0000,0.0000,0.0000,0.0000,1,0,0,0,0,1,0,0,0,0
zc,TA208,2012-06-12 09:06:09.297,7032.0000,334,0,0.0000,0.0000,0,0,多换,B,7004.0000,0.0000,0.0000,0.0000,0.0000,7036.0000,0.0000,0.0000,0.0000,0.0000,1,0,0,0,0,1,0,0,0,0
zc,TA208,2012-06-12 09:06:11.280,7032.0000,334,0,0.0000,0.0000,0,0,多换,B,7002.0000,0.0000,0.0000,0.0000,0.0000,7034.0000,0.0000,0.0000,0.0000,0.0000,1,0,0,0,0,1,0,0,0,0
zc,TA208,2012-06-12 09:06:12.547,7032.0000,334,0,0.0000,0.0000,0,0,多换,B,7004.0000,0.0000,0.0000,0.0000,0.0000,7036.0000,0.0000,0.0000,0.0000,0.0000,1,0,0,0,0,1,0,0,0,0
zc,TA208,2012-06-12 09:06:14.327,7032.0000,334,0,0.0000,0.0000,0,0,多换,B,7006.0000,0.0000,0.0000,0.0000,0.0000,7038.0000,0.0000,0.0000,0.0000,0.0000,1,0,0,0,0,1,0,0,0,0
zc,TA208,2012-06-12 09:06:15.313,7032.0000,334,0,0.0000,0.0000,0,0,多换,B,7004.0000,0.0000,0.0000,0.0000,0.0000,7036.0000,0.0000,0.0000,0.0000,0.0000,1,0,0,0,0,1,0,0,0,0
zc,TA208,2012-06-12 09:06:18.797,7032.0000,334,0,0.0000,0.0000,0,0,多换,B,7006.0000,0.0000,0.0000,0.0000,0.0000,7038.0000,0.0000,0.0000,0.0000,0.0000,1,0,0,0,0,1,0,0,0,0
zc,TA208,2012-06-12 09:06:21.030,7032.0000,334,0,0.0000,0.0000,0,0,多换,B,7008.0000,0.0000,0.0000,0.0000,0.0000,7040.0000,0.0000,0.0000,0.0000,0.0000,1,0,0,0,0,1,0,0,0,0
zc,TA208,2012-06-12 09:06:21.517,7032.0000,334,0,0.0000,0.0000,0,0,多换,B,7010.0000,0.0000,0.0000,0.0000,0.0000,7042.0000,0.0000,0.0000,0.0000,0.0000,1,0,0,0,0,1,0,0,0,0
zc,TA208,2012-06-12 09:06:25.017,7032.0000,334,0,0.0000,0.0000,0,0,多换,B,7008.0000,0.0000,0.0000,0.0000,0.0000,7040.0000,0.0000,0.0000,0.0000,0.0000,1,0,0,0,0,1,0,0,0,0
zc,TA208,2012-06-12 09:06:33.297,7032.0000,334,0,0.0000,0.0000,0,0,多换,B,7006.0000,0.0000,0.0000,0.0000,0.0000,7038.0000,0.0000,0.0000,0.0000,0.0000,1,0,0,0,0,1,0,0,0,0
zc,TA208,2012-06-12 09:06:35.530,7032.0000,334,0,0.0000,0.0000,0,0,多换,B,7006.0000,0.0000,0.0000,0.0000,0.0000,7040.0000,0.0000,0.0000,0.0000,0.0000,1,0,0,0,0,1,0,0,0,0
zc,TA208,2012-06-12 09:06:36.017,7032.0000,334,0,0.0000,0.0000,0,0,多换,B,7008.0000,0.0000,0.0000,0.0000,0.0000,7040.0000,0.0000,0.0000,0.0000,0.0000,1,0,0,0,0,1,0,0,0,0
zc,TA208,2012-06-12 09:06:37.280,7032.0000,334,0,0.0000,0.0000,0,0,多换,B,7006.0000,0.0000,0.0000,0.0000,0.0000,7038.0000,0.0000,0.0000,0.0000,0.0000,1,0,0,0,0,1,0,0,0,0
zc,TA208,2012-06-12 09:06:37.797,7032.0000,334,0,0.0000,0.0000,0,0,多换,B,7008.0000,0.0000,0.0000,0.0000,0.0000,7040.0000,0.0000,0.0000,0.0000,0.0000,1,0,0,0,0,1,0,0,0,0
zc,TA208,2012-06-12 09:06:41.327,7032.0000,334,0,0.0000,0.0000,0,0,多换,B,7010.0000,0.0000,0.0000,0.0000,0.0000,7042.0000,0.0000,0.0000,0.0000,0.0000,1,0,0,0,0,1,0,0,0,0
zc,TA208,2012-06-12 09:06:51.530,7032.0000,334,0,0.0000,0.0000,0,0,多换,B,7012.0000,0.0000,0.0000,0.0000,0.0000,7044.0000,0.0000,0.0000,0.0000,0.0000,1,0,0,0,0,1,0,0,0,0
zc,TA208,2012-06-12 09:06:53.313,7032.0000,334,0,0.0000,0.0000,0,0,多换,B,7010.0000,0.0000,0.0000,0.0000,0.0000,7044.0000,0.0000,0.0000,0.0000,0.0000,1,0,0,0,0,1,0,0,0,0
zc,TA208,2012-06-12 09:06:54.267,7032.0000,334,0,0.0000,0.0000,0,0,多换,B,7012.0000,0.0000,0.0000,0.0000,0.0000,7044.0000,0.0000,0.0000,0.0000,0.0000,1,0,0,0,0,1,0,0,0,0
zc,TA208,2012-06-12 09:07:01.563,7032.0000,334,0,0.0000,0.0000,0,0,多换,B,7010.0000,0.0000,0.0000,0.0000,0.0000,7042.0000,0.0000,0.0000,0.0000,0.0000,1,0,0,0,0,1,0,0,0,0
zc,TA208,2012-06-12 09:07:02.077,7032.0000,334,0,0.0000,0.0000,0,0,多换,B,7014.0000,0.0000,0.0000,0.0000,0.0000,7046.0000,0.0000,0.0000,0.0000,0.0000,1,0,0,0,0,1,0,0,0,0
zc,TA208,2012-06-12 09:07:02.813,7032.0000,334,0,0.0000,0.0000,0,0,多换,B,7012.0000,0.0000,0.0000,0.0000,0.0000,7044.0000,0.0000,0.0000,0.0000,0.0000,1,0,0,0,0,1,0,0,0,0
zc,TA208,2012-06-12 09:07:03.593,7032.0000,334,0,0.0000,0.0000,0,0,多换,B,7014.0000,0.0000,0.0000,0.0000,0.0000,7046.0000,0.0000,0.0000,0.0000,0.0000,1,0,0,0,0,1,0,0,0,0
zc,TA208,2012-06-12 09:07:04.047,7032.0000,334,0,0.0000,0.0000,0,0,多换,B,7012.0000,0.0000,0.0000,0.0000,0.0000,7046.0000,0.0000,0.0000,0.0000,0.0000,1,0,0,0,0,1,0,0,0,0
zc,TA208,2012-06-12 09:07:04.767,7032.0000,334,0,0.0000,0.0000,0,0,多换,B,7014.0000,0.0000,0.0000,0.0000,0.0000,7046.0000,0.0000,0.0000,0.0000,0.0000,1,0,0,0,0,1,0,0,0,0
zc,TA208,2012-06-12 09:07:06.327,7032.0000,334,0,0.0000,0.0000,0,0,多换,B,7012.0000,0.0000,0.0000,0.0000,0.0000,7044.0000,0.0000,0.0000,0.0000,0.0000,1,0,0,0,0,1,0,0,0,0
zc,TA208,2012-06-12 09:07:08.313,7032.0000,334,0,0.0000,0.0000,0,0,多换,B,7010.0000,0.0000,0.0000,0.0000,0.0000,7042.0000,0.0000,0.0000,0.0000,0.0000,1,0,0,0,0,1,0,0,0,0
zc,TA208,2012-06-12 09:07:12.797,7032.0000,334,0,0.0000,0.0000,0,0,多换,B,7012.0000,0.0000,0.0000,0.0000,0.0000,7044.0000,0.0000,0.0000,0.0000,0.0000,1,0,0,0,0,1,0,0,0,0
zc,TA208,2012-06-12 09:07:13.563,7032.0000,334,0,0.0000,0.0000,0,0,多换,B,7010.0000,0.0000,0.0000,0.0000,0.0000,7042.0000,0.0000,0.0000,0.0000,0.0000,1,0,0,0,0,1,0,0,0,0
zc,TA208,2012-06-12 09:07:17.813,7032.0000,334,0,0.0000,0.0000,0,0,多换,B,7012.0000,0.0000,0.0000,0.0000,0.0000,7044.0000,0.0000,0.0000,0.0000,0.0000,1,0,0,0,0,1,0,0,0,0
zc,TA208,2012-06-12 09:07:19.360,7032.0000,334,0,0.0000,0.0000,0,0,多换,B,7012.0000,0.0000,0.0000,0.0000,0.0000,7044.0000,0.0000,0.0000,0.0000,0.0000,1,0,0,0,0,1,0,0,0,0
zc,TA208,2012-06-12 09:07:21.827,7032.0000,334,0,0.0000,0.0000,0,0,多换,B,7014.0000,0.0000,0.0000,0.0000,0.0000,7046.0000,0.0000,0.0000,0.0000,0.0000,1,0,0,0,0,1,0,0,0,0
zc,TA208,2012-06-12 09:07:24.313,7032.0000,334,0,0.0000,0.0000,0,0,多换,B,7016.0000,0.0000,0.0000,0.0000,0.0000,7048.0000,0.0000,0.0000,0.0000,0.0000,1,0,0,0,0,1,0,0,0,0
zc,TA208,2012-06-12 09:07:28.077,7032.0000,334,0,0.0000,0.0000,0,0,多换,B,7018.0000,0.0000,0.0000,0.0000,0.0000,7050.0000,0.0000,0.0000,0.0000,0.0000,1,0,0,0,0,1,0,0,0,0
zc,TA208,2012-06-12 09:07:29.313,7032.0000,334,0,0.0000,0.0000,0,0,多换,B,7020.0000,0.0000,0.0000,0.0000,0.0000,7052.0000,0.0000,0.0000,0.0000,0.0000,1,0,0,0,0,1,0,0,0,0
zc,TA208,2012-06-12 09:07:31.797,7032.0000,334,0,0.0000,0.0000,0,0,多换,B,7022.0000,0.0000,0.0000,0.0000,0.0000,7054.0000,0.0000,0.0000,0.0000,0.0000,1,0,0,0,0,1,0,0,0,0
zc,TA208,2012-06-12 09:07:32.297,7032.0000,334,0,0.0000,0.0000,0,0,多换,B,7020.0000,0.0000,0.0000,0.0000,0.0000,7052.0000,0.0000,0.0000,0.0000,0.0000,1,0,0,0,0,1,0,0,0,0
zc,TA208,2012-06-12 09:07:34.047,7032.0000,334,0,0.0000,0.0000,0,0,多换,B,7020.0000,0.0000,0.0000,0.0000,0.0000,7054.0000,0.0000,0.0000,0.0000,0.0000,1,0,0,0,0,1,0,0,0,0
zc,TA208,2012-06-12 09:07:35.063,7032.0000,334,0,0.0000,0.0000,0,0,多换,B,7022.0000,0.0000,0.0000,0.0000,0.0000,7054.0000,0.0000,0.0000,0.0000,0.0000,1,0,0,0,0,1,0,0,0,0
zc,TA208,2012-06-12 09:07:37.327,7032.0000,334,0,0.0000,0.0000,0,0,多换,B,7024.0000,0.0000,0.0000,0.0000,0.0000,7056.0000,0.0000,0.0000,0.0000,0.0000,1,0,0,0,0,1,0,0,0,0
zc,TA208,2012-06-12 09:07:39.547,7032.0000,334,0,0.0000,0.0000,0,0,多换,B,7022.0000,0.0000,0.0000,0.0000,0.0000,7054.0000,0.0000,0.0000,0.0000,0.0000,1,0,0,0,0,1,0,0,0,0
zc,TA208,2012-06-12 09:07:41.563,7032.0000,334,0,0.0000,0.0000,0,0,多换,B,7024.0000,0.0000,0.0000,0.0000,0.0000,7056.0000,0.0000,0.0000,0.0000,0.0000,1,0,0,0,0,1,0,0,0,0
zc,TA208,2012-06-12 09:07:41.827,7032.0000,334,0,0.0000,0.0000,0,0,多换,B,7022.0000,0.0000,0.0000,0.0000,0.0000,7054.0000,0.0000,0.0000,0.0000,0.0000,1,0,0,0,0,1,0,0,0,0
zc,TA208,2012-06-12 09:07:42.593,7032.0000,334,0,0.0000,0.0000,0,0,多换,B,7020.0000,0.0000,0.0000,0.0000,0.0000,7052.0000,0.0000,0.0000,0.0000,0.0000,1,0,0,0,0,1,0,0,0,0
zc,TA208,2012-06-12 09:07:46.077,7032.0000,334,0,0.0000,0.0000,0,0,多换,B,7016.0000,0.0000,0.0000,0.0000,0.0000,7048.0000,0.0000,0.0000,0.0000,0.0000,1,0,0,0,0,1,0,0,0,0
zc,TA208,2012-06-12 09:07:48.563,7032.0000,334,0,0.0000,0.0000,0,0,多换,B,7018.0000,0.0000,0.0000,0.0000,0.0000,7052.0000,0.0000,0.0000,0.0000,0.0000,1,0,0,0,0,1,0,0,0,0
zc,TA208,2012-06-12 09:07:51.593,7032.0000,334,0,0.0000,0.0000,0,0,多换,B,7018.0000,0.0000,0.0000,0.0000,0.0000,7050.0000,0.0000,0.0000,0.0000,0.0000,1,0,0,0,0,1,0,0,0,0
zc,TA208,2012-06-12 09:07:53.797,7032.0000,334,0,0.0000,0.0000,0,0,多换,B,7020.0000,0.0000,0.0000,0.0000,0.0000,7052.0000,0.0000,0.0000,0.0000,0.0000,1,0,0,0,0,1,0,0,0,0
zc,TA208,2012-06-12 09:07:54.297,7032.0000,334,0,0.0000,0.0000,0,0,多换,B,7018.0000,0.0000,0.0000,0.0000,0.0000,7050.0000,0.0000,0.0000,0.0000,0.0000,1,0,0,0,0,1,0,0,0,0
zc,TA208,2012-06-12 09:07:58.343,7032.0000,334,0,0.0000,0.0000,0,0,多换,B,7020.0000,0.0000,0.0000,0.0000,0.0000,7052.0000,0.0000,0.0000,0.0000,0.0000,1,0,0,0,0,1,0,0,0,0
zc,TA208,2012-06-12 09:07:59.577,7032.0000,334,0,0.0000,0.0000,0,0,多换,B,7018.0000,0.0000,0.0000,0.0000,0.0000,7050.0000,0.0000,0.0000,0.0000,0.0000,1,0,0,0,0,1,0,0,0,0
zc,TA208,2012-06-12 09:08:00.063,7032.0000,334,0,0.0000,0.0000,0,0,多换,B,7018.0000,0.0000,0.0000,0.0000,0.0000,7052.0000,0.0000,0.0000,0.0000,0.0000,1,0,0,0,0,1,0,0,0,0
zc,TA208,2012-06-12 09:08:00.767,7032.0000,334,0,0.0000,0.0000,0,0,多换,B,7020.0000,0.0000,0.0000,0.0000,0.0000,7052.0000,0.0000,0.0000,0.0000,0.0000,1,0,0,0,0,1,0,0,0,0
zc,TA208,2012-06-12 09:08:11.297,7032.0000,334,0,0.0000,0.0000,0,0,多换,B,7018.0000,0.0000,0.0000,0.0000,0.0000,7050.0000,0.0000,0.0000,0.0000,0.0000,1,0,0,0,0,1,0,0,0,0
zc,TA208,2012-06-12 09:08:12.517,7032.0000,334,0,0.0000,0.0000,0,0,多换,B,7018.0000,0.0000,0.0000,0.0000,0.0000,7052.0000,0.0000,0.0000,0.0000,0.0000,1,0,0,0,0,1,0,0,0,0
zc,TA208,2012-06-12 09:08:13.017,7032.0000,334,0,0.0000,0.0000,0,0,多换,B,7018.0000,0.0000,0.0000,0.0000,0.0000,7050.0000,0.0000,0.0000,0.0000,0.0000,1,0,0,0,0,1,0,0,0,0
zc,TA208,2012-06-12 09:08:13.547,7032.0000,334,0,0.0000,0.0000,0,0,多换,B,7018.0000,0.0000,0.0000,0.0000,0.0000,7052.0000,0.0000,0.0000,0.0000,0.0000,1,0,0,0,0,1,0,0,0,0
zc,TA208,2012-06-12 09:08:15.797,7032.0000,334,0,0.0000,0.0000,0,0,多换,B,7020.0000,0.0000,0.0000,0.0000,0.0000,7052.0000,0.0000,0.0000,0.0000,0.0000,1,0,0,0,0,1,0,0,0,0
zc,TA208,2012-06-12 09:08:16.547,7032.0000,334,0,0.0000,0.0000,0,0,多换,B,7018.0000,0.0000,0.0000,0.0000,0.0000,7050.0000,0.0000,0.0000,0.0000,0.0000,1,0,0,0,0,1,0,0,0,0
zc,TA208,2012-06-12 09:08:32.547,7032.0000,334,0,0.0000,0.0000,0,0,多换,B,7020.0000,0.0000,0.0000,0.0000,0.0000,7052.0000,0.0000,0.0000,0.0000,0.0000,1,0,0,0,0,1,0,0,0,0
zc,TA208,2012-06-12 09:08:33.077,7032.0000,334,0,0.0000,0.0000,0,0,多换,B,7018.0000,0.0000,0.0000,0.0000,0.0000,7050.0000,0.0000,0.0000,0.0000,0.0000,1,0,0,0,0,1,0,0,0,0
zc,TA208,2012-06-12 09:08:37.843,7032.0000,334,0,0.0000,0.0000,0,0,多换,B,7020.0000,0.0000,0.0000,0.0000,0.0000,7052.0000,0.0000,0.0000,0.0000,0.0000,1,0,0,0,0,1,0,0,0,0
zc,TA208,2012-06-12 09:08:38.530,7032.0000,334,0,0.0000,0.0000,0,0,多换,B,7020.0000,0.0000,0.0000,0.0000,0.0000,7050.0000,0.0000,0.0000,0.0000,0.0000,1,0,0,0,0,1,0,0,0,0
zc,TA208,2012-06-12 09:08:47.797,7032.0000,334,0,0.0000,0.0000,0,0,多换,B,7016.0000,0.0000,0.0000,0.0000,0.0000,7048.0000,0.0000,0.0000,0.0000,0.0000,1,0,0,0,0,1,0,0,0,0
zc,TA208,2012-06-12 09:09:07.047,7032.0000,334,0,0.0000,0.0000,0,0,多换,B,7018.0000,0.0000,0.0000,0.0000,0.0000,7050.0000,0.0000,0.0000,0.0000,0.0000,1,0,0,0,0,1,0,0,0,0
zc,TA208,2012-06-12 09:09:07.813,7032.0000,334,0,0.0000,0.0000,0,0,多换,B,7020.0000,0.0000,0.0000,0.0000,0.0000,7048.0000,0.0000,0.0000,0.0000,0.0000,1,0,0,0,0,1,0,0,0,0
zc,TA208,2012-06-12 09:09:12.280,7032.0000,334,0,0.0000,0.0000,0,0,多换,B,7022.0000,0.0000,0.0000,0.0000,0.0000,7048.0000,0.0000,0.0000,0.0000,0.0000,1,0,0,0,0,1,0,0,0,0
zc,TA208,2012-06-12 09:09:13.297,7032.0000,334,0,0.0000,0.0000,0,0,多换,B,7018.0000,0.0000,0.0000,0.0000,0.0000,7048.0000,0.0000,0.0000,0.0000,0.0000,1,0,0,0,0,1,0,0,0,0
zc,TA208,2012-06-12 09:09:15.063,7032.0000,334,0,0.0000,0.0000,0,0,多换,B,7020.0000,0.0000,0.0000,0.0000,0.0000,7048.0000,0.0000,0.0000,0.0000,0.0000,1,0,0,0,0,1,0,0,0,0
zc,TA208,2012-06-12 09:09:18.780,7032.0000,334,0,0.0000,0.0000,0,0,多换,B,7022.0000,0.0000,0.0000,0.0000,0.0000,7048.0000,0.0000,0.0000,0.0000,0.0000,1,0,0,0,0,1,0,0,0,0
zc,TA208,2012-06-12 09:09:20.017,7032.0000,334,0,0.0000,0.0000,0,0,多换,B,7020.0000,0.0000,0.0000,0.0000,0.0000,7048.0000,0.0000,0.0000,0.0000,0.0000,1,0,0,0,0,1,0,0,0,0
zc,TA208,2012-06-12 09:09:25.297,7032.0000,334,0,0.0000,0.0000,0,0,多换,B,7022.0000,0.0000,0.0000,0.0000,0.0000,7048.0000,0.0000,0.0000,0.0000,0.0000,1,0,0,0,0,1,0,0,0,0
zc,TA208,2012-06-12 09:09:35.797,7032.0000,334,0,0.0000,0.0000,0,0,多换,B,7020.0000,0.0000,0.0000,0.0000,0.0000,7048.0000,0.0000,0.0000,0.0000,0.0000,1,0,0,0,0,1,0,0,0,0
zc,TA208,2012-06-12 09:09:37.797,7032.0000,334,0,0.0000,0.0000,0,0,多换,B,7022.0000,0.0000,0.0000,0.0000,0.0000,7048.0000,0.0000,0.0000,0.0000,0.0000,1,0,0,0,0,1,0,0,0,0
zc,TA208,2012-06-12 09:09:40.530,7032.0000,334,0,0.0000,0.0000,0,0,多换,B,7020.0000,0.0000,0.0000,0.0000,0.0000,7048.0000,0.0000,0.0000,0.0000,0.0000,1,0,0,0,0,1,0,0,0,0
zc,TA208,2012-06-12 09:09:41.797,7032.0000,334,0,0.0000,0.0000,0,0,多换,B,7022.0000,0.0000,0.0000,0.0000,0.0000,7048.0000,0.0000,0.0000,0.0000,0.0000,1,0,0,0,0,1,0,0,0,0
zc,TA208,2012-06-12 09:09:42.297,7032.0000,334,0,0.0000,0.0000,0,0,多换,B,7020.0000,0.0000,0.0000,0.0000,0.0000,7048.0000,0.0000,0.0000,0.0000,0.0000,1,0,0,0,0,1,0,0,0,0
zc,TA208,2012-06-12 09:09:42.780,7032.0000,334,0,0.0000,0.0000,0,0,多换,B,7022.0000,0.0000,0.0000,0.0000,0.0000,7048.0000,0.0000,0.0000,0.0000,0.0000,1,0,0,0,0,1,0,0,0,0
zc,TA208,2012-06-12 09:09:45.047,7032.0000,334,0,0.0000,0.0000,0,0,多换,B,7024.0000,0.0000,0.0000,0.0000,0.0000,7048.0000,0.0000,0.0000,0.0000,0.0000,1,0,0,0,0,1,0,0,0,0
zc,TA208,2012-06-12 09:09:45.813,7032.0000,334,0,0.0000,0.0000,0,0,多换,B,7022.0000,0.0000,0.0000,0.0000,0.0000,7048.0000,0.0000,0.0000,0.0000,0.0000,1,0,0,0,0,1,0,0,0,0
zc,TA208,2012-06-12 09:09:53.797,7032.0000,334,0,0.0000,0.0000,0,0,多换,B,7020.0000,0.0000,0.0000,0.0000,0.0000,7048.0000,0.0000,0.0000,0.0000,0.0000,1,0,0,0,0,1,0,0,0,0
zc,TA208,2012-06-12 09:09:54.297,7032.0000,334,0,0.0000,0.0000,0,0,多换,B,7022.0000,0.0000,0.0000,0.0000,0.0000,7048.0000,0.0000,0.0000,0.0000,0.0000,1,0,0,0,0,1,0,0,0,0
zc,TA208,2012-06-12 09:09:54.813,7032.0000,334,0,0.0000,0.0000,0,0,多换,B,7024.0000,0.0000,0.0000,0.0000,0.0000,7048.0000,0.0000,0.0000,0.0000,0.0000,1,0,0,0,0,1,0,0,0,0
zc,TA208,2012-06-12 09:09:55.280,7032.0000,334,0,0.0000,0.0000,0,0,多换,B,7022.0000,0.0000,0.0000,0.0000,0.0000,7048.0000,0.0000,0.0000,0.0000,0.0000,1,0,0,0,0,1,0,0,0,0
zc,TA208,2012-06-12 09:10:01.093,7032.0000,334,0,0.0000,0.0000,0,0,多换,B,7024.0000,0.0000,0.0000,0.0000,0.0000,7048.0000,0.0000,0.0000,0.0000,0.0000,1,0,0,0,0,1,0,0,0,0
zc,TA208,2012-06-12 09:10:05.797,7032.0000,334,0,0.0000,0.0000,0,0,多换,B,7022.0000,0.0000,0.0000,0.0000,0.0000,7048.0000,0.0000,0.0000,0.0000,0.0000,1,0,0,0,0,1,0,0,0,0
zc,TA208,2012-06-12 09:10:09.813,7032.0000,334,0,0.0000,0.0000,0,0,多换,B,7024.0000,0.0000,0.0000,0.0000,0.0000,7048.0000,0.0000,0.0000,0.0000,0.0000,2,0,0,0,0,1,0,0,0,0
zc,TA208,2012-06-12 09:10:17.047,7032.0000,334,0,0.0000,0.0000,0,0,多换,B,7018.0000,0.0000,0.0000,0.0000,0.0000,7048.0000,0.0000,0.0000,0.0000,0.0000,1,0,0,0,0,1,0,0,0,0
zc,TA208,2012-06-12 09:10:22.797,7032.0000,334,0,0.0000,0.0000,0,0,多换,B,7016.0000,0.0000,0.0000,0.0000,0.0000,7048.0000,0.0000,0.0000,0.0000,0.0000,1,0,0,0,0,2,0,0,0,0
zc,TA208,2012-06-12 09:10:24.547,7032.0000,334,0,0.0000,0.0000,0,0,多换,B,7018.0000,0.0000,0.0000,0.0000,0.0000,7048.0000,0.0000,0.0000,0.0000,0.0000,1,0,0,0,0,1,0,0,0,0
zc,TA208,2012-06-12 09:10:30.297,7032.0000,334,0,0.0000,0.0000,0,0,多换,B,7018.0000,0.0000,0.0000,0.0000,0.0000,7048.0000,0.0000,0.0000,0.0000,0.0000,2,0,0,0,0,2,0,0,0,0
zc,TA208,2012-06-12 09:10:38.280,7032.0000,334,0,0.0000,0.0000,0,0,多换,B,7016.0000,0.0000,0.0000,0.0000,0.0000,7048.0000,0.0000,0.0000,0.0000,0.0000,1,0,0,0,0,2,0,0,0,0
zc,TA208,2012-06-12 09:10:41.517,7032.0000,334,0,0.0000,0.0000,0,0,多换,B,7018.0000,0.0000,0.0000,0.0000,0.0000,7048.0000,0.0000,0.0000,0.0000,0.0000,1,0,0,0,0,1,0,0,0,0
zc,TA208,2012-06-12 09:10:42.267,7032.0000,334,0,0.0000,0.0000,0,0,多换,B,7020.0000,0.0000,0.0000,0.0000,0.0000,7048.0000,0.0000,0.0000,0.0000,0.0000,1,0,0,0,0,1,0,0,0,0
zc,TA208,2012-06-12 09:10:43.547,7032.0000,334,0,0.0000,0.0000,0,0,多换,B,7018.0000,0.0000,0.0000,0.0000,0.0000,7048.0000,0.0000,0.0000,0.0000,0.0000,1,0,0,0,0,1,0,0,0,0
zc,TA208,2012-06-12 09:10:44.047,7032.0000,334,0,0.0000,0.0000,0,0,多换,B,7020.0000,0.0000,0.0000,0.0000,0.0000,7048.0000,0.0000,0.0000,0.0000,0.0000,1,0,0,0,0,1,0,0,0,0
zc,TA208,2012-06-12 09:10:49.267,7032.0000,334,0,0.0000,0.0000,0,0,多换,B,7018.0000,0.0000,0.0000,0.0000,0.0000,7048.0000,0.0000,0.0000,0.0000,0.0000,1,0,0,0,0,1,0,0,0,0
zc,TA208,2012-06-12 09:10:59.063,7032.0000,334,0,0.0000,0.0000,0,0,多换,B,7020.0000,0.0000,0.0000,0.0000,0.0000,7048.0000,0.0000,0.0000,0.0000,0.0000,1,0,0,0,0,1,0,0,0,0
zc,TA208,2012-06-12 09:11:01.780,7032.0000,334,0,0.0000,0.0000,0,0,多换,B,7022.0000,0.0000,0.0000,0.0000,0.0000,7048.0000,0.0000,0.0000,0.0000,0.0000,1,0,0,0,0,1,0,0,0,0
zc,TA208,2012-06-12 09:11:03.797,7032.0000,334,0,0.0000,0.0000,0,0,多换,B,7018.0000,0.0000,0.0000,0.0000,0.0000,7048.0000,0.0000,0.0000,0.0000,0.0000,1,0,0,0,0,1,0,0,0,0
zc,TA208,2012-06-12 09:11:16.797,7032.0000,334,0,0.0000,0.0000,0,0,多换,B,7016.0000,0.0000,0.0000,0.0000,0.0000,7048.0000,0.0000,0.0000,0.0000,0.0000,1,0,0,0,0,2,0,0,0,0
zc,TA208,2012-06-12 09:11:17.813,7032.0000,334,0,0.0000,0.0000,0,0,多换,B,7014.0000,0.0000,0.0000,0.0000,0.0000,7046.0000,0.0000,0.0000,0.0000,0.0000,1,0,0,0,0,1,0,0,0,0
zc,TA208,2012-06-12 09:11:22.313,7032.0000,334,0,0.0000,0.0000,0,0,多换,B,7012.0000,0.0000,0.0000,0.0000,0.0000,7042.0000,0.0000,0.0000,0.0000,0.0000,1,0,0,0,0,1,0,0,0,0
zc,TA208,2012-06-12 09:11:25.297,7032.0000,334,0,0.0000,0.0000,0,0,多换,B,7010.0000,0.0000,0.0000,0.0000,0.0000,7042.0000,0.0000,0.0000,0.0000,0.0000,1,0,0,0,0,2,0,0,0,0
zc,TA208,2012-06-12 09:11:29.313,7032.0000,334,0,0.0000,0.0000,0,0,多换,B,7008.0000,0.0000,0.0000,0.0000,0.0000,7042.0000,0.0000,0.0000,0.0000,0.0000,1,0,0,0,0,1,0,0,0,0
zc,TA208,2012-06-12 09:11:30.047,7032.0000,334,0,0.0000,0.0000,0,0,多换,B,7010.0000,0.0000,0.0000,0.0000,0.0000,7042.0000,0.0000,0.0000,0.0000,0.0000,1,0,0,0,0,2,0,0,0,0
zc,TA208,2012-06-12 09:11:31.563,7032.0000,334,0,0.0000,0.0000,0,0,多换,B,7012.0000,0.0000,0.0000,0.0000,0.0000,7042.0000,0.0000,0.0000,0.0000,0.0000,1,0,0,0,0,1,0,0,0,0
zc,TA208,2012-06-12 09:11:32.280,7032.0000,334,0,0.0000,0.0000,0,0,多换,B,7010.0000,0.0000,0.0000,0.0000,0.0000,7042.0000,0.0000,0.0000,0.0000,0.0000,1,0,0,0,0,2,0,0,0,0
zc,TA208,2012-06-12 09:11:35.280,7032.0000,334,0,0.0000,0.0000,0,0,多换,B,7006.0000,0.0000,0.0000,0.0000,0.0000,7038.0000,0.0000,0.0000,0.0000,0.0000,1,0,0,0,0,1,0,0,0,0
zc,TA208,2012-06-12 09:11:36.780,7032.0000,334,0,0.0000,0.0000,0,0,多换,B,7008.0000,0.0000,0.0000,0.0000,0.0000,7038.0000,0.0000,0.0000,0.0000,0.0000,1,0,0,0,0,1,0,0,0,0
zc,TA208,2012-06-12 09:11:40.813,7032.0000,334,0,0.0000,0.0000,0,0,多换,B,7010.0000,0.0000,0.0000,0.0000,0.0000,7038.0000,0.0000,0.0000,0.0000,0.0000,1,0,0,0,0,1,0,0,0,0
zc,TA208,2012-06-12 09:11:55.017,7032.0000,334,0,0.0000,0.0000,0,0,多换,B,7012.0000,0.0000,0.0000,0.0000,0.0000,7038.0000,0.0000,0.0000,0.0000,0.0000,1,0,0,0,0,1,0,0,0,0
zc,TA208,2012-06-12 09:11:56.813,7032.0000,334,0,0.0000,0.0000,0,0,多换,B,7010.0000,0.0000,0.0000,0.0000,0.0000,7038.0000,0.0000,0.0000,0.0000,0.0000,1,0,0,0,0,1,0,0,0,0
zc,TA208,2012-06-12 09:12:02.063,7032.0000,334,0,0.0000,0.0000,0,0,多换,B,7008.0000,0.0000,0.0000,0.0000,0.0000,7038.0000,0.0000,0.0000,0.0000,0.0000,1,0,0,0,0,1,0,0,0,0
zc,TA208,2012-06-12 09:12:13.093,7032.0000,334,0,0.0000,0.0000,0,0,多换,B,7010.0000,0.0000,0.0000,0.0000,0.0000,7038.0000,0.0000,0.0000,0.0000,0.0000,1,0,0,0,0,1,0,0,0,0
zc,TA208,2012-06-12 09:12:14.313,7032.0000,334,0,0.0000,0.0000,0,0,多换,B,7008.0000,0.0000,0.0000,0.0000,0.0000,7038.0000,0.0000,0.0000,0.0000,0.0000,1,0,0,0,0,1,0,0,0,0
zc,TA208,2012-06-12 09:12:16.547,7032.0000,334,0,0.0000,0.0000,0,0,多换,B,7006.0000,0.0000,0.0000,0.0000,0.0000,7038.0000,0.0000,0.0000,0.0000,0.0000,1,0,0,0,0,2,0,0,0,0
zc,TA208,2012-06-12 09:12:18.577,7032.0000,334,0,0.0000,0.0000,0,0,多换,B,7006.0000,0.0000,0.0000,0.0000,0.0000,7038.0000,0.0000,0.0000,0.0000,0.0000,1,0,0,0,0,1,0,0,0,0
zc,TA208,2012-06-12 09:12:19.563,7032.0000,334,0,0.0000,0.0000,0,0,多换,B,7010.0000,0.0000,0.0000,0.0000,0.0000,7038.0000,0.0000,0.0000,0.0000,0.0000,1,0,0,0,0,1,0,0,0,0
zc,TA208,2012-06-12 09:12:20.063,7032.0000,334,0,0.0000,0.0000,0,0,多换,B,7008.0000,0.0000,0.0000,0.0000,0.0000,7038.0000,0.0000,0.0000,0.0000,0.0000,1,0,0,0,0,1,0,0,0,0
zc,TA208,2012-06-12 09:12:20.813,7032.0000,334,0,0.0000,0.0000,0,0,多换,B,7010.0000,0.0000,0.0000,0.0000,0.0000,7038.0000,0.0000,0.0000,0.0000,0.0000,1,0,0,0,0,1,0,0,0,0
zc,TA208,2012-06-12 09:12:23.813,7032.0000,334,0,0.0000,0.0000,0,0,多换,B,7008.0000,0.0000,0.0000,0.0000,0.0000,7038.0000,0.0000,0.0000,0.0000,0.0000,1,0,0,0,0,1,0,0,0,0
zc,TA208,2012-06-12 09:12:26.047,7032.0000,334,0,0.0000,0.0000,0,0,多换,B,7010.0000,0.0000,0.0000,0.0000,0.0000,7038.0000,0.0000,0.0000,0.0000,0.0000,1,0,0,0,0,1,0,0,0,0
zc,TA208,2012-06-12 09:12:29.063,7032.0000,334,0,0.0000,0.0000,0,0,多换,B,7012.0000,0.0000,0.0000,0.0000,0.0000,7038.0000,0.0000,0.0000,0.0000,0.0000,1,0,0,0,0,1,0,0,0,0
zc,TA208,2012-06-12 09:12:32.280,7032.0000,334,0,0.0000,0.0000,0,0,多换,B,7014.0000,0.0000,0.0000,0.0000,0.0000,7038.0000,0.0000,0.0000,0.0000,0.0000,1,0,0,0,0,1,0,0,0,0
zc,TA208,2012-06-12 09:12:34.547,7032.0000,334,0,0.0000,0.0000,0,0,多换,B,7012.0000,0.0000,0.0000,0.0000,0.0000,7038.0000,0.0000,0.0000,0.0000,0.0000,1,0,0,0,0,1,0,0,0,0
zc,TA208,2012-06-12 09:12:36.610,7032.0000,334,0,0.0000,0.0000,0,0,多换,B,7014.0000,0.0000,0.0000,0.0000,0.0000,7038.0000,0.0000,0.0000,0.0000,0.0000,1,0,0,0,0,1,0,0,0,0
zc,TA208,2012-06-12 09:12:38.563,7032.0000,334,0,0.0000,0.0000,0,0,多换,B,7012.0000,0.0000,0.0000,0.0000,0.0000,7038.0000,0.0000,0.0000,0.0000,0.0000,1,0,0,0,0,1,0,0,0,0
zc,TA208,2012-06-12 09:12:40.813,7032.0000,334,0,0.0000,0.0000,0,0,多换,B,7014.0000,0.0000,0.0000,0.0000,0.0000,7038.0000,0.0000,0.0000,0.0000,0.0000,1,0,0,0,0,1,0,0,0,0
zc,TA208,2012-06-12 09:12:47.313,7032.0000,334,0,0.0000,0.0000,0,0,多换,B,7012.0000,0.0000,0.0000,0.0000,0.0000,7038.0000,0.0000,0.0000,0.0000,0.0000,1,0,0,0,0,1,0,0,0,0
zc,TA208,2012-06-12 09:12:47.827,7032.0000,334,0,0.0000,0.0000,0,0,多换,B,7014.0000,0.0000,0.0000,0.0000,0.0000,7038.0000,0.0000,0.0000,0.0000,0.0000,1,0,0,0,0,1,0,0,0,0
zc,TA208,2012-06-12 09:12:50.313,7032.0000,334,0,0.0000,0.0000,0,0,多换,B,7012.0000,0.0000,0.0000,0.0000,0.0000,7038.0000,0.0000,0.0000,0.0000,0.0000,1,0,0,0,0,1,0,0,0,0
zc,TA208,2012-06-12 09:12:50.797,7032.0000,334,0,0.0000,0.0000,0,0,多换,B,7014.0000,0.0000,0.0000,0.0000,0.0000,7038.0000,0.0000,0.0000,0.0000,0.0000,1,0,0,0,0,1,0,0,0,0
zc,TA208,2012-06-12 09:12:55.843,7032.0000,334,0,0.0000,0.0000,0,0,多换,B,7012.0000,0.0000,0.0000,0.0000,0.0000,7038.0000,0.0000,0.0000,0.0000,0.0000,1,0,0,0,0,1,0,0,0,0
zc,TA208,2012-06-12 09:13:05.563,7032.0000,334,0,0.0000,0.0000,0,0,多换,B,7014.0000,0.0000,0.0000,0.0000,0.0000,7038.0000,0.0000,0.0000,0.0000,0.0000,1,0,0,0,0,1,0,0,0,0
zc,TA208,2012-06-12 09:13:11.313,7032.0000,334,0,0.0000,0.0000,0,0,多换,B,7016.0000,0.0000,0.0000,0.0000,0.0000,7038.0000,0.0000,0.0000,0.0000,0.0000,1,0,0,0,0,1,0,0,0,0
zc,TA208,2012-06-12 09:13:17.813,7032.0000,334,0,0.0000,0.0000,0,0,多换,B,7018.0000,0.0000,0.0000,0.0000,0.0000,7038.0000,0.0000,0.0000,0.0000,0.0000,1,0,0,0,0,1,0,0,0,0
zc,TA208,2012-06-12 09:13:22.860,7032.0000,334,0,0.0000,0.0000,0,0,多换,B,7016.0000,0.0000,0.0000,0.0000,0.0000,7038.0000,0.0000,0.0000,0.0000,0.0000,1,0,0,0,0,1,0,0,0,0
zc,TA208,2012-06-12 09:13:24.077,7032.0000,334,0,0.0000,0.0000,0,0,多换,B,7018.0000,0.0000,0.0000,0.0000,0.0000,7038.0000,0.0000,0.0000,0.0000,0.0000,1,0,0,0,0,1,0,0,0,0
zc,TA208,2012-06-12 09:13:32.767,7032.0000,334,0,0.0000,0.0000,0,0,多换,B,7020.0000,0.0000,0.0000,0.0000,0.0000,7038.0000,0.0000,0.0000,0.0000,0.0000,1,0,0,0,0,1,0,0,0,0
zc,TA208,2012-06-12 09:13:35.313,7032.0000,334,0,0.0000,0.0000,0,0,多换,B,7018.0000,0.0000,0.0000,0.0000,0.0000,7038.0000,0.0000,0.0000,0.0000,0.0000,1,0,0,0,0,1,0,0,0,0
zc,TA208,2012-06-12 09:13:35.767,7032.0000,334,0,0.0000,0.0000,0,0,多换,B,7020.0000,0.0000,0.0000,0.0000,0.0000,7038.0000,0.0000,0.0000,0.0000,0.0000,1,0,0,0,0,1,0,0,0,0
zc,TA208,2012-06-12 09:13:50.517,7032.0000,334,0,0.0000,0.0000,0,0,多换,B,7022.0000,0.0000,0.0000,0.0000,0.0000,7038.0000,0.0000,0.0000,0.0000,0.0000,1,0,0,0,0,1,0,0,0,0
zc,TA208,2012-06-12 09:13:53.997,7032.0000,334,0,0.0000,0.0000,0,0,多换,B,7020.0000,0.0000,0.0000,0.0000,0.0000,7038.0000,0.0000,0.0000,0.0000,0.0000,1,0,0,0,0,1,0,0,0,0
zc,TA208,2012-06-12 09:13:55.017,7032.0000,334,0,0.0000,0.0000,0,0,多换,B,7018.0000,0.0000,0.0000,0.0000,0.0000,7038.0000,0.0000,0.0000,0.0000,0.0000,1,0,0,0,0,1,0,0,0,0
zc,TA208,2012-06-12 09:13:55.530,7032.0000,334,0,0.0000,0.0000,0,0,多换,B,7020.0000,0.0000,0.0000,0.0000,0.0000,7038.0000,0.0000,0.0000,0.0000,0.0000,1,0,0,0,0,1,0,0,0,0
zc,TA208,2012-06-12 09:13:59.517,7032.0000,334,0,0.0000,0.0000,0,0,多换,B,7018.0000,0.0000,0.0000,0.0000,0.0000,7038.0000,0.0000,0.0000,0.0000,0.0000,1,0,0,0,0,1,0,0,0,0
zc,TA208,2012-06-12 09:14:06.267,7032.0000,334,0,0.0000,0.0000,0,0,多换,B,7016.0000,0.0000,0.0000,0.0000,0.0000,7038.0000,0.0000,0.0000,0.0000,0.0000,1,0,0,0,0,1,0,0,0,0
zc,TA208,2012-06-12 09:14:12.577,7032.0000,334,0,0.0000,0.0000,0,0,多换,B,7020.0000,0.0000,0.0000,0.0000,0.0000,7038.0000,0.0000,0.0000,0.0000,0.0000,1,0,0,0,0,1,0,0,0,0
zc,TA208,2012-06-12 09:14:22.280,7032.0000,334,0,0.0000,0.0000,0,0,多换,B,7016.0000,0.0000,0.0000,0.0000,0.0000,7038.0000,0.0000,0.0000,0.0000,0.0000,1,0,0,0,0,1,0,0,0,0
zc,TA208,2012-06-12 09:14:26.297,7032.0000,334,0,0.0000,0.0000,0,0,多换,B,7014.0000,0.0000,0.0000,0.0000,0.0000,7038.0000,0.0000,0.0000,0.0000,0.0000,1,0,0,0,0,1,0,0,0,0
zc,TA208,2012-06-12 09:14:41.797,7032.0000,334,0,0.0000,0.0000,0,0,多换,B,7016.0000,0.0000,0.0000,0.0000,0.0000,7038.0000,0.0000,0.0000,0.0000,0.0000,1,0,0,0,0,1,0,0,0,0
zc,TA208,2012-06-12 09:14:42.563,7032.0000,334,0,0.0000,0.0000,0,0,多换,B,7014.0000,0.0000,0.0000,0.0000,0.0000,7038.0000,0.0000,0.0000,0.0000,0.0000,1,0,0,0,0,1,0,0,0,0
zc,TA208,2012-06-12 09:14:43.547,7032.0000,334,0,0.0000,0.0000,0,0,多换,B,7016.0000,0.0000,0.0000,0.0000,0.0000,7038.0000,0.0000,0.0000,0.0000,0.0000,1,0,0,0,0,1,0,0,0,0
zc,TA208,2012-06-12 09:15:02.280,7032.0000,334,0,0.0000,0.0000,0,0,多换,B,7010.0000,0.0000,0.0000,0.0000,0.0000,7038.0000,0.0000,0.0000,0.0000,0.0000,1,0,0,0,0,1,0,0,0,0
zc,TA208,2012-06-12 09:15:04.780,7032.0000,334,0,0.0000,0.0000,0,0,多换,B,7008.0000,0.0000,0.0000,0.0000,0.0000,7038.0000,0.0000,0.0000,0.0000,0.0000,1,0,0,0,0,2,0,0,0,0
zc,TA208,2012-06-12 09:15:05.280,7032.0000,334,0,0.0000,0.0000,0,0,多换,B,7012.0000,0.0000,0.0000,0.0000,0.0000,7038.0000,0.0000,0.0000,0.0000,0.0000,1,0,0,0,0,1,0,0,0,0
zc,TA208,2012-06-12 09:15:09.797,7032.0000,334,0,0.0000,0.0000,0,0,多换,B,7010.0000,0.0000,0.0000,0.0000,0.0000,7038.0000,0.0000,0.0000,0.0000,0.0000,1,0,0,0,0,1,0,0,0,0
zc,TA208,2012-06-12 09:15:10.267,7032.0000,334,0,0.0000,0.0000,0,0,多换,B,7012.0000,0.0000,0.0000,0.0000,0.0000,7038.0000,0.0000,0.0000,0.0000,0.0000,1,0,0,0,0,1,0,0,0,0
zc,TA208,2012-06-12 09:15:10.767,7032.0000,334,0,0.0000,0.0000,0,0,多换,B,7010.0000,0.0000,0.0000,0.0000,0.0000,7038.0000,0.0000,0.0000,0.0000,0.0000,1,0,0,0,0,1,0,0,0,0
zc,TA208,2012-06-12 09:15:13.047,7032.0000,334,0,0.0000,0.0000,0,0,多换,B,7012.0000,0.0000,0.0000,0.0000,0.0000,7038.0000,0.0000,0.0000,0.0000,0.0000,1,0,0,0,0,1,0,0,0,0
zc,TA208,2012-06-12 09:15:17.530,7032.0000,334,0,0.0000,0.0000,0,0,多换,B,7010.0000,0.0000,0.0000,0.0000,0.0000,7038.0000,0.0000,0.0000,0.0000,0.0000,1,0,0,0,0,1,0,0,0,0
zc,TA208,2012-06-12 09:15:19.267,7032.0000,334,0,0.0000,0.0000,0,0,多换,B,7010.0000,0.0000,0.0000,0.0000,0.0000,7038.0000,0.0000,0.0000,0.0000,0.0000,1,0,0,0,0,1,0,0,0,0
zc,TA208,2012-06-12 09:15:20.780,7032.0000,334,0,0.0000,0.0000,0,0,多换,B,7012.0000,0.0000,0.0000,0.0000,0.0000,7038.0000,0.0000,0.0000,0.0000,0.0000,1,0,0,0,0,1,0,0,0,0
zc,TA208,2012-06-12 09:15:31.997,7032.0000,334,0,0.0000,0.0000,0,0,多换,B,7010.0000,0.0000,0.0000,0.0000,0.0000,7038.0000,0.0000,0.0000,0.0000,0.0000,1,0,0,0,0,1,0,0,0,0
zc,TA208,2012-06-12 09:15:32.767,7032.0000,334,0,0.0000,0.0000,0,0,多换,B,7012.0000,0.0000,0.0000,0.0000,0.0000,7038.0000,0.0000,0.0000,0.0000,0.0000,1,0,0,0,0,1,0,0,0,0
zc,TA208,2012-06-12 09:15:33.813,7032.0000,334,0,0.0000,0.0000,0,0,多换,B,7010.0000,0.0000,0.0000,0.0000,0.0000,7038.0000,0.0000,0.0000,0.0000,0.0000,1,0,0,0,0,1,0,0,0,0
zc,TA208,2012-06-12 09:15:34.250,7032.0000,334,0,0.0000,0.0000,0,0,多换,B,7012.0000,0.0000,0.0000,0.0000,0.0000,7038.0000,0.0000,0.0000,0.0000,0.0000,1,0,0,0,0,1,0,0,0,0
zc,TA208,2012-06-12 09:15:53.767,7032.0000,334,0,0.0000,0.0000,0,0,多换,B,7010.0000,0.0000,0.0000,0.0000,0.0000,7038.0000,0.0000,0.0000,0.0000,0.0000,1,0,0,0,0,1,0,0,0,0
zc,TA208,2012-06-12 09:16:05.547,7032.0000,334,0,0.0000,0.0000,0,0,多换,B,7012.0000,0.0000,0.0000,0.0000,0.0000,7038.0000,0.0000,0.0000,0.0000,0.0000,1,0,0,0,0,1,0,0,0,0
zc,TA208,2012-06-12 09:16:12.030,7032.0000,334,0,0.0000,0.0000,0,0,多换,B,7010.0000,0.0000,0.0000,0.0000,0.0000,7038.0000,0.0000,0.0000,0.0000,0.0000,1,0,0,0,0,1,0,0,0,0
zc,TA208,2012-06-12 09:16:14.030,7032.0000,334,0,0.0000,0.0000,0,0,多换,B,7012.0000,0.0000,0.0000,0.0000,0.0000,7038.0000,0.0000,0.0000,0.0000,0.0000,1,0,0,0,0,1,0,0,0,0
zc,TA208,2012-06-12 09:16:19.217,7032.0000,334,0,0.0000,0.0000,0,0,多换,B,7012.0000,0.0000,0.0000,0.0000,0.0000,7038.0000,0.0000,0.0000,0.0000,0.0000,1,0,0,0,0,1,0,0,0,0
zc,TA208,2012-06-12 09:16:26.280,7032.0000,334,0,0.0000,0.0000,0,0,多换,B,7014.0000,0.0000,0.0000,0.0000,0.0000,7038.0000,0.0000,0.0000,0.0000,0.0000,1,0,0,0,0,1,0,0,0,0
zc,TA208,2012-06-12 09:16:34.030,7032.0000,334,0,0.0000,0.0000,0,0,多换,B,7014.0000,0.0000,0.0000,0.0000,0.0000,7038.0000,0.0000,0.0000,0.0000,0.0000,3,0,0,0,0,1,0,0,0,0
zc,TA208,2012-06-12 09:16:37.997,7032.0000,334,0,0.0000,0.0000,0,0,多换,B,7016.0000,0.0000,0.0000,0.0000,0.0000,7038.0000,0.0000,0.0000,0.0000,0.0000,1,0,0,0,0,1,0,0,0,0
zc,TA208,2012-06-12 09:16:39.047,7032.0000,334,0,0.0000,0.0000,0,0,多换,B,7014.0000,0.0000,0.0000,0.0000,0.0000,7038.0000,0.0000,0.0000,0.0000,0.0000,3,0,0,0,0,1,0,0,0,0
zc,TA208,2012-06-12 09:16:59.517,7032.0000,334,0,0.0000,0.0000,0,0,多换,B,7014.0000,0.0000,0.0000,0.0000,0.0000,7038.0000,0.0000,0.0000,0.0000,0.0000,2,0,0,0,0,1,0,0,0,0
zc,TA208,2012-06-12 09:17:13.517,7032.0000,334,0,0.0000,0.0000,0,0,多换,B,7010.0000,0.0000,0.0000,0.0000,0.0000,7038.0000,0.0000,0.0000,0.0000,0.0000,1,0,0,0,0,1,0,0,0,0
zc,TA208,2012-06-12 09:17:24.030,7032.0000,334,0,0.0000,0.0000,0,0,多换,B,7012.0000,0.0000,0.0000,0.0000,0.0000,7038.0000,0.0000,0.0000,0.0000,0.0000,1,0,0,0,0,1,0,0,0,0
zc,TA208,2012-06-12 09:17:31.797,7032.0000,334,0,0.0000,0.0000,0,0,多换,B,7010.0000,0.0000,0.0000,0.0000,0.0000,7038.0000,0.0000,0.0000,0.0000,0.0000,1,0,0,0,0,2,0,0,0,0
zc,TA208,2012-06-12 09:17:33.733,7032.0000,334,0,0.0000,0.0000,0,0,多换,B,7010.0000,0.0000,0.0000,0.0000,0.0000,7038.0000,0.0000,0.0000,0.0000,0.0000,3,0,0,0,0,2,0,0,0,0
zc,TA208,2012-06-12 09:17:53.517,7032.0000,334,0,0.0000,0.0000,0,0,多换,B,7010.0000,0.0000,0.0000,0.0000,0.0000,7036.0000,0.0000,0.0000,0.0000,0.0000,2,0,0,0,0,1,0,0,0,0
zc,TA208,2012-06-12 09:17:59.750,7032.0000,334,0,0.0000,0.0000,0,0,多换,B,7010.0000,0.0000,0.0000,0.0000,0.0000,7038.0000,0.0000,0.0000,0.0000,0.0000,3,0,0,0,0,1,0,0,0,0
zc,TA208,2012-06-12 09:18:00.250,7032.0000,334,0,0.0000,0.0000,0,0,多换,B,7010.0000,0.0000,0.0000,0.0000,0.0000,7036.0000,0.0000,0.0000,0.0000,0.0000,3,0,0,0,0,1,0,0,0,0
zc,TA208,2012-06-12 09:18:00.767,7032.0000,334,0,0.0000,0.0000,0,0,多换,B,7012.0000,0.0000,0.0000,0.0000,0.0000,7036.0000,0.0000,0.0000,0.0000,0.0000,1,0,0,0,0,1,0,0,0,0
zc,TA208,2012-06-12 09:18:02.030,7032.0000,334,0,0.0000,0.0000,0,0,多换,B,7010.0000,0.0000,0.0000,0.0000,0.0000,7036.0000,0.0000,0.0000,0.0000,0.0000,3,0,0,0,0,1,0,0,0,0
zc,TA208,2012-06-12 09:18:12.280,7032.0000,334,0,0.0000,0.0000,0,0,多换,B,7010.0000,0.0000,0.0000,0.0000,0.0000,7034.0000,0.0000,0.0000,0.0000,0.0000,3,0,0,0,0,3,0,0,0,0
zc,TA208,2012-06-12 09:18:15.517,7032.0000,334,0,0.0000,0.0000,0,0,多换,B,7012.0000,0.0000,0.0000,0.0000,0.0000,7034.0000,0.0000,0.0000,0.0000,0.0000,1,0,0,0,0,3,0,0,0,0
zc,TA208,2012-06-12 09:18:16.047,7032.0000,334,0,0.0000,0.0000,0,0,多换,B,7010.0000,0.0000,0.0000,0.0000,0.0000,7032.0000,0.0000,0.0000,0.0000,0.0000,3,0,0,0,0,1,0,0,0,0
zc,TA208,2012-06-12 09:18:19.233,7032.0000,334,0,0.0000,0.0000,0,0,多换,B,7010.0000,0.0000,0.0000,0.0000,0.0000,7032.0000,0.0000,0.0000,0.0000,0.0000,3,0,0,0,0,1,0,0,0,0
zc,TA208,2012-06-12 09:18:30.047,7032.0000,334,0,0.0000,0.0000,0,0,多换,B,7012.0000,0.0000,0.0000,0.0000,0.0000,7032.0000,0.0000,0.0000,0.0000,0.0000,1,0,0,0,0,1,0,0,0,0
zc,TA208,2012-06-12 09:18:32.530,7032.0000,334,0,0.0000,0.0000,0,0,多换,B,7012.0000,0.0000,0.0000,0.0000,0.0000,7032.0000,0.0000,0.0000,0.0000,0.0000,1,0,0,0,0,4,0,0,0,0
zc,TA208,2012-06-12 09:18:37.860,7032.0000,334,0,0.0000,0.0000,0,0,多换,B,7010.0000,0.0000,0.0000,0.0000,0.0000,7032.0000,0.0000,0.0000,0.0000,0.0000,3,0,0,0,0,4,0,0,0,0
zc,TA208,2012-06-12 09:18:40.280,7032.0000,334,0,0.0000,0.0000,0,0,多换,B,7012.0000,0.0000,0.0000,0.0000,0.0000,7032.0000,0.0000,0.0000,0.0000,0.0000,1,0,0,0,0,4,0,0,0,0
zc,TA208,2012-06-12 09:18:43.797,7032.0000,334,0,0.0000,0.0000,0,0,多换,B,7014.0000,0.0000,0.0000,0.0000,0.0000,7032.0000,0.0000,0.0000,0.0000,0.0000,1,0,0,0,0,4,0,0,0,0
zc,TA208,2012-06-12 09:18:45.500,7032.0000,334,0,0.0000,0.0000,0,0,多换,B,7012.0000,0.0000,0.0000,0.0000,0.0000,7032.0000,0.0000,0.0000,0.0000,0.0000,1,0,0,0,0,4,0,0,0,0
zc,TA208,2012-06-12 09:18:52.267,7032.0000,334,0,0.0000,0.0000,0,0,多换,B,7014.0000,0.0000,0.0000,0.0000,0.0000,7032.0000,0.0000,0.0000,0.0000,0.0000,1,0,0,0,0,4,0,0,0,0
zc,TA208,2012-06-12 09:18:53.547,7032.0000,334,0,0.0000,0.0000,0,0,多换,B,7012.0000,0.0000,0.0000,0.0000,0.0000,7032.0000,0.0000,0.0000,0.0000,0.0000,1,0,0,0,0,4,0,0,0,0
zc,TA208,2012-06-12 09:18:57.047,7032.0000,334,0,0.0000,0.0000,0,0,多换,B,7014.0000,0.0000,0.0000,0.0000,0.0000,7032.0000,0.0000,0.0000,0.0000,0.0000,1,0,0,0,0,4,0,0,0,0
zc,TA208,2012-06-12 09:19:05.547,7032.0000,334,0,0.0000,0.0000,0,0,多换,B,7016.0000,0.0000,0.0000,0.0000,0.0000,7032.0000,0.0000,0.0000,0.0000,0.0000,1,0,0,0,0,4,0,0,0,0
zc,TA208,2012-06-12 09:19:07.517,7032.0000,334,0,0.0000,0.0000,0,0,多换,B,7014.0000,0.0000,0.0000,0.0000,0.0000,7032.0000,0.0000,0.0000,0.0000,0.0000,1,0,0,0,0,4,0,0,0,0
zc,TA208,2012-06-12 09:19:11.517,7032.0000,334,0,0.0000,0.0000,0,0,多换,B,7016.0000,0.0000,0.0000,0.0000,0.0000,7032.0000,0.0000,0.0000,0.0000,0.0000,1,0,0,0,0,4,0,0,0,0
zc,TA208,2012-06-12 09:19:14.297,7032.0000,334,0,0.0000,0.0000,0,0,多换,B,7012.0000,0.0000,0.0000,0.0000,0.0000,7032.0000,0.0000,0.0000,0.0000,0.0000,1,0,0,0,0,4,0,0,0,0
zc,TA208,2012-06-12 09:19:14.813,7032.0000,334,0,0.0000,0.0000,0,0,多换,B,7016.0000,0.0000,0.0000,0.0000,0.0000,7032.0000,0.0000,0.0000,0.0000,0.0000,1,0,0,0,0,4,0,0,0,0
zc,TA208,2012-06-12 09:19:15.593,7032.0000,334,0,0.0000,0.0000,0,0,多换,B,7012.0000,0.0000,0.0000,0.0000,0.0000,7032.0000,0.0000,0.0000,0.0000,0.0000,1,0,0,0,0,4,0,0,0,0
zc,TA208,2012-06-12 09:19:17.780,7032.0000,334,0,0.0000,0.0000,0,0,多换,B,7014.0000,0.0000,0.0000,0.0000,0.0000,7032.0000,0.0000,0.0000,0.0000,0.0000,1,0,0,0,0,4,0,0,0,0
zc,TA208,2012-06-12 09:19:28.017,7032.0000,334,0,0.0000,0.0000,0,0,多换,B,7012.0000,0.0000,0.0000,0.0000,0.0000,7032.0000,0.0000,0.0000,0.0000,0.0000,1,0,0,0,0,4,0,0,0,0
zc,TA208,2012-06-12 09:19:31.017,7032.0000,334,0,0.0000,0.0000,0,0,多换,B,7014.0000,0.0000,0.0000,0.0000,0.0000,7032.0000,0.0000,0.0000,0.0000,0.0000,1,0,0,0,0,4,0,0,0,0
zc,TA208,2012-06-12 09:19:34.267,7032.0000,334,0,0.0000,0.0000,0,0,多换,B,7012.0000,0.0000,0.0000,0.0000,0.0000,7032.0000,0.0000,0.0000,0.0000,0.0000,1,0,0,0,0,4,0,0,0,0
zc,TA208,2012-06-12 09:19:35.997,7032.0000,334,0,0.0000,0.0000,0,0,多换,B,7014.0000,0.0000,0.0000,0.0000,0.0000,7032.0000,0.0000,0.0000,0.0000,0.0000,1,0,0,0,0,4,0,0,0,0
zc,TA208,2012-06-12 09:19:37.767,7032.0000,334,0,0.0000,0.0000,0,0,多换,B,7016.0000,0.0000,0.0000,0.0000,0.0000,7032.0000,0.0000,0.0000,0.0000,0.0000,1,0,0,0,0,4,0,0,0,0
zc,TA208,2012-06-12 09:19:44.280,7032.0000,334,0,0.0000,0.0000,0,0,多换,B,7014.0000,0.0000,0.0000,0.0000,0.0000,7032.0000,0.0000,0.0000,0.0000,0.0000,1,0,0,0,0,4,0,0,0,0
zc,TA208,2012-06-12 09:19:59.030,7032.0000,334,0,0.0000,0.0000,0,0,多换,B,7016.0000,0.0000,0.0000,0.0000,0.0000,7032.0000,0.0000,0.0000,0.0000,0.0000,1,0,0,0,0,4,0,0,0,0
zc,TA208,2012-06-12 09:20:01.297,7032.0000,334,0,0.0000,0.0000,0,0,多换,B,7014.0000,0.0000,0.0000,0.0000,0.0000,7032.0000,0.0000,0.0000,0.0000,0.0000,1,0,0,0,0,4,0,0,0,0
zc,TA208,2012-06-12 09:20:06.063,7032.0000,334,0,0.0000,0.0000,0,0,多换,B,7012.0000,0.0000,0.0000,0.0000,0.0000,7032.0000,0.0000,0.0000,0.0000,0.0000,1,0,0,0,0,4,0,0,0,0
zc,TA208,2012-06-12 09:20:43.827,7032.0000,334,0,0.0000,0.0000,0,0,多换,B,7010.0000,0.0000,0.0000,0.0000,0.0000,7032.0000,0.0000,0.0000,0.0000,0.0000,1,0,0,0,0,4,0,0,0,0
zc,TA208,2012-06-12 09:20:46.250,7032.0000,334,0,0.0000,0.0000,0,0,多换,B,7008.0000,0.0000,0.0000,0.0000,0.0000,7032.0000,0.0000,0.0000,0.0000,0.0000,1,0,0,0,0,4,0,0,0,0
zc,TA208,2012-06-12 09:20:50.017,7032.0000,334,0,0.0000,0.0000,0,0,多换,B,7010.0000,0.0000,0.0000,0.0000,0.0000,7032.0000,0.0000,0.0000,0.0000,0.0000,1,0,0,0,0,4,0,0,0,0
zc,TA208,2012-06-12 09:20:56.797,7032.0000,334,0,0.0000,0.0000,0,0,多换,B,7008.0000,0.0000,0.0000,0.0000,0.0000,7032.0000,0.0000,0.0000,0.0000,0.0000,1,0,0,0,0,4,0,0,0,0
zc,TA208,2012-06-12 09:21:00.750,7032.0000,334,0,0.0000,0.0000,0,0,多换,B,7010.0000,0.0000,0.0000,0.0000,0.0000,7032.0000,0.0000,0.0000,0.0000,0.0000,1,0,0,0,0,4,0,0,0,0
zc,TA208,2012-06-12 09:21:03.500,7032.0000,334,0,0.0000,0.0000,0,0,多换,B,7008.0000,0.0000,0.0000,0.0000,0.0000,7032.0000,0.0000,0.0000,0.0000,0.0000,1,0,0,0,0,4,0,0,0,0
zc,TA208,2012-06-12 09:21:05.250,7032.0000,334,0,0.0000,0.0000,0,0,多换,B,7010.0000,0.0000,0.0000,0.0000,0.0000,7032.0000,0.0000,0.0000,0.0000,0.0000,1,0,0,0,0,4,0,0,0,0
zc,TA208,2012-06-12 09:21:09.750,7032.0000,334,0,0.0000,0.0000,0,0,多换,B,7008.0000,0.0000,0.0000,0.0000,0.0000,7032.0000,0.0000,0.0000,0.0000,0.0000,1,0,0,0,0,4,0,0,0,0
zc,TA208,2012-06-12 09:21:16.517,7032.0000,334,0,0.0000,0.0000,0,0,多换,B,7010.0000,0.0000,0.0000,0.0000,0.0000,7032.0000,0.0000,0.0000,0.0000,0.0000,1,0,0,0,0,4,0,0,0,0
zc,TA208,2012-06-12 09:21:21.017,7032.0000,334,0,0.0000,0.0000,0,0,多换,B,7008.0000,0.0000,0.0000,0.0000,0.0000,7032.0000,0.0000,0.0000,0.0000,0.0000,1,0,0,0,0,4,0,0,0,0
zc,TA208,2012-06-12 09:21:27.997,7032.0000,334,0,0.0000,0.0000,0,0,多换,B,7006.0000,0.0000,0.0000,0.0000,0.0000,7032.0000,0.0000,0.0000,0.0000,0.0000,1,0,0,0,0,4,0,0,0,0
zc,TA208,2012-06-12 09:21:31.797,7032.0000,334,0,0.0000,0.0000,0,0,多换,B,7004.0000,0.0000,0.0000,0.0000,0.0000,7032.0000,0.0000,0.0000,0.0000,0.0000,1,0,0,0,0,5,0,0,0,0
zc,TA208,2012-06-12 09:21:33.483,7032.0000,334,0,0.0000,0.0000,0,0,多换,B,7002.0000,0.0000,0.0000,0.0000,0.0000,7030.0000,0.0000,0.0000,0.0000,0.0000,1,0,0,0,0,1,0,0,0,0
zc,TA208,2012-06-12 09:21:35.250,7032.0000,334,0,0.0000,0.0000,0,0,多换,B,6998.0000,0.0000,0.0000,0.0000,0.0000,7026.0000,0.0000,0.0000,0.0000,0.0000,1,0,0,0,0,2,0,0,0,0
zc,TA208,2012-06-12 09:21:37.547,7032.0000,334,0,0.0000,0.0000,0,0,多换,B,6996.0000,0.0000,0.0000,0.0000,0.0000,7024.0000,0.0000,0.0000,0.0000,0.0000,1,0,0,0,0,1,0,0,0,0
zc,TA208,2012-06-12 09:21:38.250,7032.0000,334,0,0.0000,0.0000,0,0,多换,B,6998.0000,0.0000,0.0000,0.0000,0.0000,7026.0000,0.0000,0.0000,0.0000,0.0000,1,0,0,0,0,2,0,0,0,0
zc,TA208,2012-06-12 09:21:40.517,7032.0000,334,0,0.0000,0.0000,0,0,多换,B,6996.0000,0.0000,0.0000,0.0000,0.0000,7024.0000,0.0000,0.0000,0.0000,0.0000,1,0,0,0,0,1,0,0,0,0
zc,TA208,2012-06-12 09:21:44.030,7032.0000,334,0,0.0000,0.0000,0,0,多换,B,6994.0000,0.0000,0.0000,0.0000,0.0000,7020.0000,0.0000,0.0000,0.0000,0.0000,1,0,0,0,0,1,0,0,0,0
zc,TA208,2012-06-12 09:21:46.780,7032.0000,334,0,0.0000,0.0000,0,0,多换,B,6992.0000,0.0000,0.0000,0.0000,0.0000,7020.0000,0.0000,0.0000,0.0000,0.0000,1,0,0,0,0,2,0,0,0,0
zc,TA208,2012-06-12 09:21:47.483,7032.0000,334,0,0.0000,0.0000,0,0,多换,B,6996.0000,0.0000,0.0000,0.0000,0.0000,7020.0000,0.0000,0.0000,0.0000,0.0000,1,0,0,0,0,1,0,0,0,0
zc,TA208,2012-06-12 09:21:48.267,7032.0000,334,0,0.0000,0.0000,0,0,多换,B,6994.0000,0.0000,0.0000,0.0000,0.0000,7020.0000,0.0000,0.0000,0.0000,0.0000,1,0,0,0,0,1,0,0,0,0
zc,TA208,2012-06-12 09:21:49.297,7032.0000,334,0,0.0000,0.0000,0,0,多换,B,6996.0000,0.0000,0.0000,0.0000,0.0000,7020.0000,0.0000,0.0000,0.0000,0.0000,1,0,0,0,0,1,0,0,0,0
zc,TA208,2012-06-12 09:21:58.517,7032.0000,334,0,0.0000,0.0000,0,0,多换,B,6998.0000,0.0000,0.0000,0.0000,0.0000,7020.0000,0.0000,0.0000,0.0000,0.0000,1,0,0,0,0,1,0,0,0,0
zc,TA208,2012-06-12 09:21:59.750,7032.0000,334,0,0.0000,0.0000,0,0,多换,B,6996.0000,0.0000,0.0000,0.0000,0.0000,7020.0000,0.0000,0.0000,0.0000,0.0000,1,0,0,0,0,1,0,0,0,0
zc,TA208,2012-06-12 09:22:11.780,7032.0000,334,0,0.0000,0.0000,0,0,多换,B,6998.0000,0.0000,0.0000,0.0000,0.0000,7020.0000,0.0000,0.0000,0.0000,0.0000,1,0,0,0,0,1,0,0,0,0
zc,TA208,2012-06-12 09:22:13.017,7032.0000,334,0,0.0000,0.0000,0,0,多换,B,6996.0000,0.0000,0.0000,0.0000,0.0000,7020.0000,0.0000,0.0000,0.0000,0.0000,1,0,0,0,0,1,0,0,0,0
zc,TA208,2012-06-12 09:22:16.517,7032.0000,334,0,0.0000,0.0000,0,0,多换,B,6992.0000,0.0000,0.0000,0.0000,0.0000,7020.0000,0.0000,0.0000,0.0000,0.0000,1,0,0,0,0,1,0,0,0,0
zc,TA208,2012-06-12 09:22:16.997,7032.0000,334,0,0.0000,0.0000,0,0,多换,B,6996.0000,0.0000,0.0000,0.0000,0.0000,7020.0000,0.0000,0.0000,0.0000,0.0000,1,0,0,0,0,1,0,0,0,0
zc,TA208,2012-06-12 09:22:17.483,7032.0000,334,0,0.0000,0.0000,0,0,多换,B,6990.0000,0.0000,0.0000,0.0000,0.0000,7020.0000,0.0000,0.0000,0.0000,0.0000,1,0,0,0,0,2,0,0,0,0
zc,TA208,2012-06-12 09:22:18.267,7032.0000,334,0,0.0000,0.0000,0,0,多换,B,6990.0000,0.0000,0.0000,0.0000,0.0000,7018.0000,0.0000,0.0000,0.0000,0.0000,1,0,0,0,0,1,0,0,0,0
zc,TA208,2012-06-12 09:22:18.780,7032.0000,334,0,0.0000,0.0000,0,0,多换,B,6992.0000,0.0000,0.0000,0.0000,0.0000,7020.0000,0.0000,0.0000,0.0000,0.0000,1,0,0,0,0,1,0,0,0,0
zc,TA208,2012-06-12 09:22:19.530,7032.0000,334,0,0.0000,0.0000,0,0,多换,B,6988.0000,0.0000,0.0000,0.0000,0.0000,7016.0000,0.0000,0.0000,0.0000,0.0000,1,0,0,0,0,1,0,0,0,0
zc,TA208,2012-06-12 09:22:20.563,7032.0000,334,0,0.0000,0.0000,0,0,多换,B,6986.0000,0.0000,0.0000,0.0000,0.0000,7012.0000,0.0000,0.0000,0.0000,0.0000,1,0,0,0,0,1,0,0,0,0
zc,TA208,2012-06-12 09:22:22.250,7032.0000,334,0,0.0000,0.0000,0,0,多换,B,6984.0000,0.0000,0.0000,0.0000,0.0000,7012.0000,0.0000,0.0000,0.0000,0.0000,1,0,0,0,0,2,0,0,0,0
zc,TA208,2012-06-12 09:22:23.017,7032.0000,334,0,0.0000,0.0000,0,0,多换,B,6982.0000,0.0000,0.0000,0.0000,0.0000,7010.0000,0.0000,0.0000,0.0000,0.0000,1,0,0,0,0,1,0,0,0,0
zc,TA208,2012-06-12 09:22:23.517,7032.0000,334,0,0.0000,0.0000,0,0,多换,B,6980.0000,0.0000,0.0000,0.0000,0.0000,7008.0000,0.0000,0.0000,0.0000,0.0000,1,0,0,0,0,1,0,0,0,0
zc,TA208,2012-06-12 09:22:24.280,7032.0000,334,0,0.0000,0.0000,0,0,多换,B,6980.0000,0.0000,0.0000,0.0000,0.0000,7006.0000,0.0000,0.0000,0.0000,0.0000,1,0,0,0,0,1,0,0,0,0
zc,TA208,2012-06-12 09:22:24.767,7032.0000,334,0,0.0000,0.0000,0,0,多换,B,6978.0000,0.0000,0.0000,0.0000,0.0000,7006.0000,0.0000,0.0000,0.0000,0.0000,1,0,0,0,0,2,0,0,0,0
zc,TA208,2012-06-12 09:22:26.797,7032.0000,334,0,0.0000,0.0000,0,0,多换,B,6980.0000,0.0000,0.0000,0.0000,0.0000,7006.0000,0.0000,0.0000,0.0000,0.0000,1,0,0,0,0,1,0,0,0,0
zc,TA208,2012-06-12 09:22:28.280,7032.0000,334,0,0.0000,0.0000,0,0,多换,B,6982.0000,0.0000,0.0000,0.0000,0.0000,7006.0000,0.0000,0.0000,0.0000,0.0000,1,0,0,0,0,1,0,0,0,0
zc,TA208,2012-06-12 09:22:30.017,7032.0000,334,0,0.0000,0.0000,0,0,多换,B,6980.0000,0.0000,0.0000,0.0000,0.0000,7006.0000,0.0000,0.0000,0.0000,0.0000,1,0,0,0,0,1,0,0,0,0
zc,TA208,2012-06-12 09:22:32.500,7032.0000,334,0,0.0000,0.0000,0,0,多换,B,6982.0000,0.0000,0.0000,0.0000,0.0000,7006.0000,0.0000,0.0000,0.0000,0.0000,1,0,0,0,0,1,0,0,0,0
zc,TA208,2012-06-12 09:22:36.030,7032.0000,334,0,0.0000,0.0000,0,0,多换,B,6980.0000,0.0000,0.0000,0.0000,0.0000,7006.0000,0.0000,0.0000,0.0000,0.0000,1,0,0,0,0,1,0,0,0,0
zc,TA208,2012-06-12 09:22:37.750,7032.0000,334,0,0.0000,0.0000,0,0,多换,B,6984.0000,0.0000,0.0000,0.0000,0.0000,7006.0000,0.0000,0.0000,0.0000,0.0000,1,0,0,0,0,1,0,0,0,0
zc,TA208,2012-06-12 09:22:38.530,7032.0000,334,0,0.0000,0.0000,0,0,多换,B,6982.0000,0.0000,0.0000,0.0000,0.0000,7006.0000,0.0000,0.0000,0.0000,0.0000,1,0,0,0,0,1,0,0,0,0
zc,TA208,2012-06-12 09:22:40.517,7032.0000,334,0,0.0000,0.0000,0,0,多换,B,6984.0000,0.0000,0.0000,0.0000,0.0000,7006.0000,0.0000,0.0000,0.0000,0.0000,1,0,0,0,0,1,0,0,0,0
zc,TA208,2012-06-12 09:22:43.313,7032.0000,334,0,0.0000,0.0000,0,0,多换,B,6982.0000,0.0000,0.0000,0.0000,0.0000,7006.0000,0.0000,0.0000,0.0000,0.0000,1,0,0,0,0,1,0,0,0,0
zc,TA208,2012-06-12 09:22:44.547,7032.0000,334,0,0.0000,0.0000,0,0,多换,B,6984.0000,0.0000,0.0000,0.0000,0.0000,7006.0000,0.0000,0.0000,0.0000,0.0000,1,0,0,0,0,1,0,0,0,0
zc,TA208,2012-06-12 09:22:46.530,7032.0000,334,0,0.0000,0.0000,0,0,多换,B,6982.0000,0.0000,0.0000,0.0000,0.0000,7006.0000,0.0000,0.0000,0.0000,0.0000,1,0,0,0,0,1,0,0,0,0
zc,TA208,2012-06-12 09:22:47.313,7032.0000,334,0,0.0000,0.0000,0,0,多换,B,6980.0000,0.0000,0.0000,0.0000,0.0000,7006.0000,0.0000,0.0000,0.0000,0.0000,1,0,0,0,0,1,0,0,0,0
zc,TA208,2012-06-12 09:22:49.343,7032.0000,334,0,0.0000,0.0000,0,0,多换,B,6978.0000,0.0000,0.0000,0.0000,0.0000,7006.0000,0.0000,0.0000,0.0000,0.0000,1,0,0,0,0,2,0,0,0,0
zc,TA208,2012-06-12 09:22:49.780,7032.0000,334,0,0.0000,0.0000,0,0,多换,B,6976.0000,0.0000,0.0000,0.0000,0.0000,7004.0000,0.0000,0.0000,0.0000,0.0000,1,0,0,0,0,1,0,0,0,0
zc,TA208,2012-06-12 09:22:50.530,7032.0000,334,0,0.0000,0.0000,0,0,多换,B,6974.0000,0.0000,0.0000,0.0000,0.0000,7002.0000,0.0000,0.0000,0.0000,0.0000,1,0,0,0,0,1,0,0,0,0
zc,TA208,2012-06-12 09:22:50.997,7032.0000,334,0,0.0000,0.0000,0,0,多换,B,6974.0000,0.0000,0.0000,0.0000,0.0000,7000.0000,0.0000,0.0000,0.0000,0.0000,1,0,0,0,0,1,0,0,0,0
zc,TA208,2012-06-12 09:22:51.797,7032.0000,334,0,0.0000,0.0000,0,0,多换,B,6972.0000,0.0000,0.0000,0.0000,0.0000,7000.0000,0.0000,0.0000,0.0000,0.0000,1,0,0,0,0,2,0,0,0,0
zc,TA208,2012-06-12 09:22:52.563,7032.0000,334,0,0.0000,0.0000,0,0,多换,B,6974.0000,0.0000,0.0000,0.0000,0.0000,7000.0000,0.0000,0.0000,0.0000,0.0000,1,0,0,0,0,1,0,0,0,0
zc,TA208,2012-06-12 09:22:52.997,7032.0000,334,0,0.0000,0.0000,0,0,多换,B,6978.0000,0.0000,0.0000,0.0000,0.0000,7000.0000,0.0000,0.0000,0.0000,0.0000,1,0,0,0,0,1,0,0,0,0
zc,TA208,2012-06-12 09:22:54.313,7032.0000,334,0,0.0000,0.0000,0,0,多换,B,6976.0000,0.0000,0.0000,0.0000,0.0000,7000.0000,0.0000,0.0000,0.0000,0.0000,1,0,0,0,0,1,0,0,0,0
zc,TA208,2012-06-12 09:22:55.017,7032.0000,334,0,0.0000,0.0000,0,0,多换,B,6974.0000,0.0000,0.0000,0.0000,0.0000,7000.0000,0.0000,0.0000,0.0000,0.0000,1,0,0,0,0,1,0,0,0,0
zc,TA208,2012-06-12 09:22:57.547,7032.0000,334,0,0.0000,0.0000,0,0,多换,B,6976.0000,0.0000,0.0000,0.0000,0.0000,7000.0000,0.0000,0.0000,0.0000,0.0000,1,0,0,0,0,1,0,0,0,0
zc,TA208,2012-06-12 09:22:59.030,7032.0000,334,0,0.0000,0.0000,0,0,多换,B,6974.0000,0.0000,0.0000,0.0000,0.0000,7000.0000,0.0000,0.0000,0.0000,0.0000,1,0,0,0,0,1,0,0,0,0
zc,TA208,2012-06-12 09:23:00.233,7032.0000,334,0,0.0000,0.0000,0,0,多换,B,6978.0000,0.0000,0.0000,0.0000,0.0000,7000.0000,0.0000,0.0000,0.0000,0.0000,1,0,0,0,0,1,0,0,0,0
zc,TA208,2012-06-12 09:23:02.267,7032.0000,334,0,0.0000,0.0000,0,0,多换,B,6976.0000,0.0000,0.0000,0.0000,0.0000,7000.0000,0.0000,0.0000,0.0000,0.0000,1,0,0,0,0,1,0,0,0,0
zc,TA208,2012-06-12 09:23:03.063,7032.0000,334,0,0.0000,0.0000,0,0,多换,B,6978.0000,0.0000,0.0000,0.0000,0.0000,7000.0000,0.0000,0.0000,0.0000,0.0000,1,0,0,0,0,1,0,0,0,0
zc,TA208,2012-06-12 09:23:04.017,7032.0000,334,0,0.0000,0.0000,0,0,多换,B,6976.0000,0.0000,0.0000,0.0000,0.0000,7000.0000,0.0000,0.0000,0.0000,0.0000,1,0,0,0,0,1,0,0,0,0
zc,TA208,2012-06-12 09:23:04.517,7032.0000,334,0,0.0000,0.0000,0,0,多换,B,6980.0000,0.0000,0.0000,0.0000,0.0000,7000.0000,0.0000,0.0000,0.0000,0.0000,1,0,0,0,0,1,0,0,0,0
zc,TA208,2012-06-12 09:23:05.767,7032.0000,334,0,0.0000,0.0000,0,0,多换,B,6978.0000,0.0000,0.0000,0.0000,0.0000,7000.0000,0.0000,0.0000,0.0000,0.0000,1,0,0,0,0,1,0,0,0,0
zc,TA208,2012-06-12 09:23:07.500,7032.0000,334,0,0.0000,0.0000,0,0,多换,B,6980.0000,0.0000,0.0000,0.0000,0.0000,7000.0000,0.0000,0.0000,0.0000,0.0000,1,0,0,0,0,1,0,0,0,0
zc,TA208,2012-06-12 09:23:09.280,7032.0000,334,0,0.0000,0.0000,0,0,多换,B,6982.0000,0.0000,0.0000,0.0000,0.0000,7000.0000,0.0000,0.0000,0.0000,0.0000,1,0,0,0,0,1,0,0,0,0
zc,TA208,2012-06-12 09:23:09.813,7032.0000,334,0,0.0000,0.0000,0,0,多换,B,6984.0000,0.0000,0.0000,0.0000,0.0000,7000.0000,0.0000,0.0000,0.0000,0.0000,1,0,0,0,0,1,0,0,0,0
zc,TA208,2012-06-12 09:23:11.797,7032.0000,334,0,0.0000,0.0000,0,0,多换,B,6982.0000,0.0000,0.0000,0.0000,0.0000,7000.0000,0.0000,0.0000,0.0000,0.0000,1,0,0,0,0,1,0,0,0,0
zc,TA208,2012-06-12 09:23:13.517,7032.0000,334,0,0.0000,0.0000,0,0,多换,B,6984.0000,0.0000,0.0000,0.0000,0.0000,7000.0000,0.0000,0.0000,0.0000,0.0000,1,0,0,0,0,1,0,0,0,0
zc,TA208,2012-06-12 09:23:14.017,7032.0000,334,0,0.0000,0.0000,0,0,多换,B,6982.0000,0.0000,0.0000,0.0000,0.0000,7000.0000,0.0000,0.0000,0.0000,0.0000,1,0,0,0,0,1,0,0,0,0
zc,TA208,2012-06-12 09:23:14.983,7032.0000,334,0,0.0000,0.0000,0,0,多换,B,6984.0000,0.0000,0.0000,0.0000,0.0000,7000.0000,0.0000,0.0000,0.0000,0.0000,1,0,0,0,0,1,0,0,0,0
zc,TA208,2012-06-12 09:23:15.733,7032.0000,334,0,0.0000,0.0000,0,0,多换,B,6980.0000,0.0000,0.0000,0.0000,0.0000,7000.0000,0.0000,0.0000,0.0000,0.0000,1,0,0,0,0,1,0,0,0,0
zc,TA208,2012-06-12 09:23:17.983,7032.0000,334,0,0.0000,0.0000,0,0,多换,B,6982.0000,0.0000,0.0000,0.0000,0.0000,7000.0000,0.0000,0.0000,0.0000,0.0000,1,0,0,0,0,1,0,0,0,0
zc,TA208,2012-06-12 09:23:20.250,7032.0000,334,0,0.0000,0.0000,0,0,多换,B,6984.0000,0.0000,0.0000,0.0000,0.0000,7000.0000,0.0000,0.0000,0.0000,0.0000,1,0,0,0,0,1,0,0,0,0
zc,TA208,2012-06-12 09:23:22.530,7032.0000,334,0,0.0000,0.0000,0,0,多换,B,6982.0000,0.0000,0.0000,0.0000,0.0000,7000.0000,0.0000,0.0000,0.0000,0.0000,1,0,0,0,0,1,0,0,0,0
zc,TA208,2012-06-12 09:23:26.797,7032.0000,334,0,0.0000,0.0000,0,0,多换,B,6984.0000,0.0000,0.0000,0.0000,0.0000,7000.0000,0.0000,0.0000,0.0000,0.0000,1,0,0,0,0,1,0,0,0,0
zc,TA208,2012-06-12 09:23:27.767,7032.0000,334,0,0.0000,0.0000,0,0,多换,B,6986.0000,0.0000,0.0000,0.0000,0.0000,7000.0000,0.0000,0.0000,0.0000,0.0000,1,0,0,0,0,1,0,0,0,0
zc,TA208,2012-06-12 09:23:30.267,7032.0000,334,0,0.0000,0.0000,0,0,多换,B,6988.0000,0.0000,0.0000,0.0000,0.0000,7000.0000,0.0000,0.0000,0.0000,0.0000,1,0,0,0,0,1,0,0,0,0
zc,TA208,2012-06-12 09:23:30.733,7032.0000,334,0,0.0000,0.0000,0,0,多换,B,6988.0000,0.0000,0.0000,0.0000,0.0000,7016.0000,0.0000,0.0000,0.0000,0.0000,1,0,0,0,0,1,0,0,0,0
zc,TA208,2012-06-12 09:23:31.280,7032.0000,334,0,0.0000,0.0000,0,0,多换,B,6986.0000,0.0000,0.0000,0.0000,0.0000,7014.0000,0.0000,0.0000,0.0000,0.0000,1,0,0,0,0,1,0,0,0,0
zc,TA208,2012-06-12 09:23:32.500,7032.0000,334,0,0.0000,0.0000,0,0,多换,B,6984.0000,0.0000,0.0000,0.0000,0.0000,7012.0000,0.0000,0.0000,0.0000,0.0000,1,0,0,0,0,2,0,0,0,0
zc,TA208,2012-06-12 09:23:34.780,7032.0000,334,0,0.0000,0.0000,0,0,多换,B,6988.0000,0.0000,0.0000,0.0000,0.0000,7012.0000,0.0000,0.0000,0.0000,0.0000,1,0,0,0,0,1,0,0,0,0
zc,TA208,2012-06-12 09:23:35.267,7032.0000,334,0,0.0000,0.0000,0,0,多换,B,6986.0000,0.0000,0.0000,0.0000,0.0000,7012.0000,0.0000,0.0000,0.0000,0.0000,1,0,0,0,0,1,0,0,0,0
zc,TA208,2012-06-12 09:23:36.500,7032.0000,334,0,0.0000,0.0000,0,0,多换,B,6984.0000,0.0000,0.0000,0.0000,0.0000,7012.0000,0.0000,0.0000,0.0000,0.0000,1,0,0,0,0,2,0,0,0,0
zc,TA208,2012-06-12 09:23:36.983,7032.0000,334,0,0.0000,0.0000,0,0,多换,B,6984.0000,0.0000,0.0000,0.0000,0.0000,7012.0000,0.0000,0.0000,0.0000,0.0000,1,0,0,0,0,1,0,0,0,0
zc,TA208,2012-06-12 09:23:37.500,7032.0000,334,0,0.0000,0.0000,0,0,多换,B,6984.0000,0.0000,0.0000,0.0000,0.0000,7012.0000,0.0000,0.0000,0.0000,0.0000,1,0,0,0,0,2,0,0,0,0
zc,TA208,2012-06-12 09:23:38.297,7032.0000,334,0,0.0000,0.0000,0,0,多换,B,6986.0000,0.0000,0.0000,0.0000,0.0000,7012.0000,0.0000,0.0000,0.0000,0.0000,1,0,0,0,0,1,0,0,0,0
zc,TA208,2012-06-12 09:23:41.517,7032.0000,334,0,0.0000,0.0000,0,0,多换,B,6988.0000,0.0000,0.0000,0.0000,0.0000,7012.0000,0.0000,0.0000,0.0000,0.0000,1,0,0,0,0,1,0,0,0,0
zc,TA208,2012-06-12 09:23:42.750,7032.0000,334,0,0.0000,0.0000,0,0,多换,B,6990.0000,0.0000,0.0000,0.0000,0.0000,7012.0000,0.0000,0.0000,0.0000,0.0000,1,0,0,0,0,1,0,0,0,0
zc,TA208,2012-06-12 09:23:43.997,7032.0000,334,0,0.0000,0.0000,0,0,多换,B,6992.0000,0.0000,0.0000,0.0000,0.0000,7012.0000,0.0000,0.0000,0.0000,0.0000,1,0,0,0,0,1,0,0,0,0
zc,TA208,2012-06-12 09:23:45.030,7032.0000,334,0,0.0000,0.0000,0,0,多换,B,6994.0000,0.0000,0.0000,0.0000,0.0000,7012.0000,0.0000,0.0000,0.0000,0.0000,1,0,0,0,0,1,0,0,0,0
zc,TA208,2012-06-12 09:23:46.250,7032.0000,334,0,0.0000,0.0000,0,0,多换,B,6996.0000,0.0000,0.0000,0.0000,0.0000,7012.0000,0.0000,0.0000,0.0000,0.0000,1,0,0,0,0,1,0,0,0,0
zc,TA208,2012-06-12 09:23:47.983,7032.0000,334,0,0.0000,0.0000,0,0,多换,B,6994.0000,0.0000,0.0000,0.0000,0.0000,7012.0000,0.0000,0.0000,0.0000,0.0000,1,0,0,0,0,1,0,0,0,0
zc,TA208,2012-06-12 09:23:50.267,7032.0000,334,0,0.0000,0.0000,0,0,多换,B,6992.0000,0.0000,0.0000,0.0000,0.0000,7012.0000,0.0000,0.0000,0.0000,0.0000,1,0,0,0,0,1,0,0,0,0
zc,TA208,2012-06-12 09:23:53.983,7032.0000,334,0,0.0000,0.0000,0,0,多换,B,6994.0000,0.0000,0.0000,0.0000,0.0000,7012.0000,0.0000,0.0000,0.0000,0.0000,1,0,0,0,0,1,0,0,0,0
zc,TA208,2012-06-12 09:23:54.233,7032.0000,334,0,0.0000,0.0000,0,0,多换,B,6992.0000,0.0000,0.0000,0.0000,0.0000,7012.0000,0.0000,0.0000,0.0000,0.0000,1,0,0,0,0,1,0,0,0,0
zc,TA208,2012-06-12 09:23:56.750,7032.0000,334,0,0.0000,0.0000,0,0,多换,B,6994.0000,0.0000,0.0000,0.0000,0.0000,7012.0000,0.0000,0.0000,0.0000,0.0000,1,0,0,0,0,1,0,0,0,0
zc,TA208,2012-06-12 09:23:57.767,7032.0000,334,0,0.0000,0.0000,0,0,多换,B,6992.0000,0.0000,0.0000,0.0000,0.0000,7012.0000,0.0000,0.0000,0.0000,0.0000,1,0,0,0,0,1,0,0,0,0
zc,TA208,2012-06-12 09:24:01.733,7032.0000,334,0,0.0000,0.0000,0,0,多换,B,6994.0000,0.0000,0.0000,0.0000,0.0000,7012.0000,0.0000,0.0000,0.0000,0.0000,1,0,0,0,0,1,0,0,0,0
zc,TA208,2012-06-12 09:24:07.767,7032.0000,334,0,0.0000,0.0000,0,0,多换,B,6992.0000,0.0000,0.0000,0.0000,0.0000,7012.0000,0.0000,0.0000,0.0000,0.0000,1,0,0,0,0,1,0,0,0,0
zc,TA208,2012-06-12 09:24:13.733,7032.0000,334,0,0.0000,0.0000,0,0,多换,B,6990.0000,0.0000,0.0000,0.0000,0.0000,7012.0000,0.0000,0.0000,0.0000,0.0000,1,0,0,0,0,1,0,0,0,0
zc,TA208,2012-06-12 09:24:19.217,7032.0000,334,0,0.0000,0.0000,0,0,多换,B,6990.0000,0.0000,0.0000,0.0000,0.0000,7012.0000,0.0000,0.0000,0.0000,0.0000,1,0,0,0,0,1,0,0,0,0
zc,TA208,2012-06-12 09:24:20.250,7032.0000,334,0,0.0000,0.0000,0,0,多换,B,6988.0000,0.0000,0.0000,0.0000,0.0000,7012.0000,0.0000,0.0000,0.0000,0.0000,1,0,0,0,0,1,0,0,0,0
zc,TA208,2012-06-12 09:24:25.280,7032.0000,334,0,0.0000,0.0000,0,0,多换,B,6990.0000,0.0000,0.0000,0.0000,0.0000,7012.0000,0.0000,0.0000,0.0000,0.0000,1,0,0,0,0,1,0,0,0,0
zc,TA208,2012-06-12 09:24:25.517,7032.0000,334,0,0.0000,0.0000,0,0,多换,B,6988.0000,0.0000,0.0000,0.0000,0.0000,7012.0000,0.0000,0.0000,0.0000,0.0000,1,0,0,0,0,1,0,0,0,0
zc,TA208,2012-06-12 09:24:30.250,7032.0000,334,0,0.0000,0.0000,0,0,多换,B,6986.0000,0.0000,0.0000,0.0000,0.0000,7012.0000,0.0000,0.0000,0.0000,0.0000,1,0,0,0,0,1,0,0,0,0
zc,TA208,2012-06-12 09:24:35.280,7032.0000,334,0,0.0000,0.0000,0,0,多换,B,6988.0000,0.0000,0.0000,0.0000,0.0000,7012.0000,0.0000,0.0000,0.0000,0.0000,1,0,0,0,0,1,0,0,0,0
zc,TA208,2012-06-12 09:24:36.997,7032.0000,334,0,0.0000,0.0000,0,0,多换,B,6990.0000,0.0000,0.0000,0.0000,0.0000,7012.0000,0.0000,0.0000,0.0000,0.0000,1,0,0,0,0,1,0,0,0,0
zc,TA208,2012-06-12 09:24:38.267,7032.0000,334,0,0.0000,0.0000,0,0,多换,B,6988.0000,0.0000,0.0000,0.0000,0.0000,7012.0000,0.0000,0.0000,0.0000,0.0000,1,0,0,0,0,1,0,0,0,0
zc,TA208,2012-06-12 09:24:43.997,7032.0000,334,0,0.0000,0.0000,0,0,多换,B,6980.0000,0.0000,0.0000,0.0000,0.0000,7012.0000,0.0000,0.0000,0.0000,0.0000,1,0,0,0,0,1,0,0,0,0
zc,TA208,2012-06-12 09:24:44.250,7032.0000,334,0,0.0000,0.0000,0,0,多换,B,6986.0000,0.0000,0.0000,0.0000,0.0000,7012.0000,0.0000,0.0000,0.0000,0.0000,1,0,0,0,0,1,0,0,0,0
zc,TA208,2012-06-12 09:24:45.017,7032.0000,334,0,0.0000,0.0000,0,0,多换,B,6980.0000,0.0000,0.0000,0.0000,0.0000,7012.0000,0.0000,0.0000,0.0000,0.0000,1,0,0,0,0,1,0,0,0,0
zc,TA208,2012-06-12 09:24:45.530,7032.0000,334,0,0.0000,0.0000,0,0,多换,B,6984.0000,0.0000,0.0000,0.0000,0.0000,7012.0000,0.0000,0.0000,0.0000,0.0000,1,0,0,0,0,1,0,0,0,0
zc,TA208,2012-06-12 09:24:45.997,7032.0000,334,0,0.0000,0.0000,0,0,多换,B,6984.0000,0.0000,0.0000,0.0000,0.0000,7012.0000,0.0000,0.0000,0.0000,0.0000,1,0,0,0,0,2,0,0,0,0
zc,TA208,2012-06-12 09:24:46.500,7032.0000,334,0,0.0000,0.0000,0,0,多换,B,6980.0000,0.0000,0.0000,0.0000,0.0000,7012.0000,0.0000,0.0000,0.0000,0.0000,1,0,0,0,0,2,0,0,0,0
zc,TA208,2012-06-12 09:24:47.267,7032.0000,334,0,0.0000,0.0000,0,0,多换,B,6982.0000,0.0000,0.0000,0.0000,0.0000,7010.0000,0.0000,0.0000,0.0000,0.0000,1,0,0,0,0,1,0,0,0,0
