市场代码,合约代码,时间,最新,持仓,增仓,成交额,成交量,开仓,平仓,成交类型,方向,买一价,买二价,买三价,买四价,买五价,卖一价,卖二价,卖三价,卖四价,卖五价,买一量,买二量,买三量,买四量,买五量,卖一量,卖二量,卖三量,卖四量,卖五量
zc,TA209,2012-06-12 08:00:19.280,0.0000,459770,0,0.0000,0.0000,0,0,空换,S,0.0000,0.0000,0.0000,0.0000,0.0000,0.0000,0.0000,0.0000,0.0000,0.0000,0,0,0,0,0,0,0,0,0,0
zc,TA209,2012-06-12 08:02:19.297,0.0000,459770,0,0.0000,0.0000,0,0,空换,S,0.0000,0.0000,0.0000,0.0000,0.0000,0.0000,0.0000,0.0000,0.0000,0.0000,0,0,0,0,0,0,0,0,0,0
zc,TA209,2012-06-12 08:05:19.297,0.0000,459770,0,0.0000,0.0000,0,0,空换,S,0.0000,0.0000,0.0000,0.0000,0.0000,0.0000,0.0000,0.0000,0.0000,0.0000,0,0,0,0,0,0,0,0,0,0
zc,TA209,2012-06-12 08:12:19.297,0.0000,459770,0,0.0000,0.0000,0,0,空换,S,0.0000,0.0000,0.0000,0.0000,0.0000,0.0000,0.0000,0.0000,0.0000,0.0000,0,0,0,0,0,0,0,0,0,0
zc,TA209,2012-06-12 08:18:19.280,0.0000,459770,0,0.0000,0.0000,0,0,空换,S,0.0000,0.0000,0.0000,0.0000,0.0000,0.0000,0.0000,0.0000,0.0000,0.0000,0,0,0,0,0,0,0,0,0,0
zc,TA209,2012-06-12 08:55:02.517,0.0000,459770,0,0.0000,0.0000,0,0,空换,S,0.0000,0.0000,0.0000,0.0000,0.0000,0.0000,0.0000,0.0000,0.0000,0.0000,0,0,0,0,0,0,0,0,0,0
zc,TA209,2012-06-12 08:55:08.233,0.0000,459770,0,0.0000,0.0000,0,0,空换,S,0.0000,0.0000,0.0000,0.0000,0.0000,0.0000,0.0000,0.0000,0.0000,0.0000,0,0,0,0,0,0,0,0,0,0
zc,TA209,2012-06-12 08:55:10.233,0.0000,459770,0,0.0000,0.0000,0,0,空换,S,0.0000,0.0000,0.0000,0.0000,0.0000,0.0000,0.0000,0.0000,0.0000,0.0000,0,0,0,0,0,0,0,0,0,0
zc,TA209,2012-06-12 08:55:13.483,0.0000,459770,0,0.0000,0.0000,0,0,空换,S,0.0000,0.0000,0.0000,0.0000,0.0000,0.0000,0.0000,0.0000,0.0000,0.0000,0,0,0,0,0,0,0,0,0,0
zc,TA209,2012-06-12 08:55:16.983,0.0000,459770,0,0.0000,0.0000,0,0,空换,S,0.0000,0.0000,0.0000,0.0000,0.0000,0.0000,0.0000,0.0000,0.0000,0.0000,0,0,0,0,0,0,0,0,0,0
zc,TA209,2012-06-12 08:55:19.750,0.0000,459770,0,0.0000,0.0000,0,0,空换,S,0.0000,0.0000,0.0000,0.0000,0.0000,0.0000,0.0000,0.0000,0.0000,0.0000,0,0,0,0,0,0,0,0,0,0
zc,TA209,2012-06-12 08:55:21.250,0.0000,459770,0,0.0000,0.0000,0,0,空换,S,0.0000,0.0000,0.0000,0.0000,0.0000,0.0000,0.0000,0.0000,0.0000,0.0000,0,0,0,0,0,0,0,0,0,0
zc,TA209,2012-06-12 08:55:21.997,0.0000,459770,0,0.0000,0.0000,0,0,空换,S,0.0000,0.0000,0.0000,0.0000,0.0000,0.0000,0.0000,0.0000,0.0000,0.0000,0,0,0,0,0,0,0,0,0,0
zc,TA209,2012-06-12 08:55:23.483,0.0000,459770,0,0.0000,0.0000,0,0,空换,S,0.0000,0.0000,0.0000,0.0000,0.0000,0.0000,0.0000,0.0000,0.0000,0.0000,0,0,0,0,0,0,0,0,0,0
zc,TA209,2012-06-12 08:55:25.233,0.0000,459770,0,0.0000,0.0000,0,0,空换,S,0.0000,0.0000,0.0000,0.0000,0.0000,0.0000,0.0000,0.0000,0.0000,0.0000,0,0,0,0,0,0,0,0,0,0
zc,TA209,2012-06-12 08:55:25.750,0.0000,459770,0,0.0000,0.0000,0,0,空换,S,0.0000,0.0000,0.0000,0.0000,0.0000,0.0000,0.0000,0.0000,0.0000,0.0000,0,0,0,0,0,0,0,0,0,0
zc,TA209,2012-06-12 08:55:26.233,0.0000,459770,0,0.0000,0.0000,0,0,空换,S,0.0000,0.0000,0.0000,0.0000,0.0000,0.0000,0.0000,0.0000,0.0000,0.0000,0,0,0,0,0,0,0,0,0,0
zc,TA209,2012-06-12 08:55:27.983,0.0000,459770,0,0.0000,0.0000,0,0,空换,S,0.0000,0.0000,0.0000,0.0000,0.0000,0.0000,0.0000,0.0000,0.0000,0.0000,0,0,0,0,0,0,0,0,0,0
zc,TA209,2012-06-12 08:55:28.250,0.0000,459770,0,0.0000,0.0000,0,0,空换,S,0.0000,0.0000,0.0000,0.0000,0.0000,0.0000,0.0000,0.0000,0.0000,0.0000,0,0,0,0,0,0,0,0,0,0
zc,TA209,2012-06-12 08:55:39.500,0.0000,459770,0,0.0000,0.0000,0,0,空换,S,0.0000,0.0000,0.0000,0.0000,0.0000,0.0000,0.0000,0.0000,0.0000,0.0000,0,0,0,0,0,0,0,0,0,0
zc,TA209,2012-06-12 08:55:44.750,0.0000,459770,0,0.0000,0.0000,0,0,空换,S,0.0000,0.0000,0.0000,0.0000,0.0000,0.0000,0.0000,0.0000,0.0000,0.0000,0,0,0,0,0,0,0,0,0,0
zc,TA209,2012-06-12 08:55:46.250,0.0000,459770,0,0.0000,0.0000,0,0,空换,S,0.0000,0.0000,0.0000,0.0000,0.0000,0.0000,0.0000,0.0000,0.0000,0.0000,0,0,0,0,0,0,0,0,0,0
zc,TA209,2012-06-12 08:55:48.500,0.0000,459770,0,0.0000,0.0000,0,0,空换,S,0.0000,0.0000,0.0000,0.0000,0.0000,0.0000,0.0000,0.0000,0.0000,0.0000,0,0,0,0,0,0,0,0,0,0
zc,TA209,2012-06-12 08:55:56.733,0.0000,459770,0,0.0000,0.0000,0,0,空换,S,0.0000,0.0000,0.0000,0.0000,0.0000,0.0000,0.0000,0.0000,0.0000,0.0000,0,0,0,0,0,0,0,0,0,0
zc,TA209,2012-06-12 08:55:59.733,0.0000,459770,0,0.0000,0.0000,0,0,空换,S,0.0000,0.0000,0.0000,0.0000,0.0000,0.0000,0.0000,0.0000,0.0000,0.0000,0,0,0,0,0,0,0,0,0,0
zc,TA209,2012-06-12 08:56:03.483,0.0000,459770,0,0.0000,0.0000,0,0,空换,S,0.0000,0.0000,0.0000,0.0000,0.0000,0.0000,0.0000,0.0000,0.0000,0.0000,0,0,0,0,0,0,0,0,0,0
zc,TA209,2012-06-12 08:56:07.997,0.0000,459770,0,0.0000,0.0000,0,0,空换,S,0.0000,0.0000,0.0000,0.0000,0.0000,0.0000,0.0000,0.0000,0.0000,0.0000,0,0,0,0,0,0,0,0,0,0
zc,TA209,2012-06-12 08:56:14.483,0.0000,459770,0,0.0000,0.0000,0,0,空换,S,0.0000,0.0000,0.0000,0.0000,0.0000,0.0000,0.0000,0.0000,0.0000,0.0000,0,0,0,0,0,0,0,0,0,0
zc,TA209,2012-06-12 08:56:24.733,0.0000,459770,0,0.0000,0.0000,0,0,空换,S,0.0000,0.0000,0.0000,0.0000,0.0000,0.0000,0.0000,0.0000,0.0000,0.0000,0,0,0,0,0,0,0,0,0,0
zc,TA209,2012-06-12 08:56:25.500,0.0000,459770,0,0.0000,0.0000,0,0,空换,S,0.0000,0.0000,0.0000,0.0000,0.0000,0.0000,0.0000,0.0000,0.0000,0.0000,0,0,0,0,0,0,0,0,0,0
zc,TA209,2012-06-12 08:56:25.750,0.0000,459770,0,0.0000,0.0000,0,0,空换,S,0.0000,0.0000,0.0000,0.0000,0.0000,0.0000,0.0000,0.0000,0.0000,0.0000,0,0,0,0,0,0,0,0,0,0
zc,TA209,2012-06-12 08:56:26.983,0.0000,459770,0,0.0000,0.0000,0,0,空换,S,0.0000,0.0000,0.0000,0.0000,0.0000,0.0000,0.0000,0.0000,0.0000,0.0000,0,0,0,0,0,0,0,0,0,0
zc,TA209,2012-06-12 08:56:28.233,0.0000,459770,0,0.0000,0.0000,0,0,空换,S,0.0000,0.0000,0.0000,0.0000,0.0000,0.0000,0.0000,0.0000,0.0000,0.0000,0,0,0,0,0,0,0,0,0,0
zc,TA209,2012-06-12 08:56:30.233,0.0000,459770,0,0.0000,0.0000,0,0,空换,S,0.0000,0.0000,0.0000,0.0000,0.0000,0.0000,0.0000,0.0000,0.0000,0.0000,0,0,0,0,0,0,0,0,0,0
zc,TA209,2012-06-12 08:56:34.517,0.0000,459770,0,0.0000,0.0000,0,0,空换,S,0.0000,0.0000,0.0000,0.0000,0.0000,0.0000,0.0000,0.0000,0.0000,0.0000,0,0,0,0,0,0,0,0,0,0
zc,TA209,2012-06-12 08:56:40.500,0.0000,459770,0,0.0000,0.0000,0,0,空换,S,0.0000,0.0000,0.0000,0.0000,0.0000,0.0000,0.0000,0.0000,0.0000,0.0000,0,0,0,0,0,0,0,0,0,0
zc,TA209,2012-06-12 08:56:48.250,0.0000,459770,0,0.0000,0.0000,0,0,空换,S,0.0000,0.0000,0.0000,0.0000,0.0000,0.0000,0.0000,0.0000,0.0000,0.0000,0,0,0,0,0,0,0,0,0,0
zc,TA209,2012-06-12 08:56:52.500,0.0000,459770,0,0.0000,0.0000,0,0,空换,S,0.0000,0.0000,0.0000,0.0000,0.0000,0.0000,0.0000,0.0000,0.0000,0.0000,0,0,0,0,0,0,0,0,0,0
zc,TA209,2012-06-12 08:56:55.233,0.0000,459770,0,0.0000,0.0000,0,0,空换,S,0.0000,0.0000,0.0000,0.0000,0.0000,0.0000,0.0000,0.0000,0.0000,0.0000,0,0,0,0,0,0,0,0,0,0
zc,TA209,2012-06-12 08:56:57.483,0.0000,459770,0,0.0000,0.0000,0,0,空换,S,0.0000,0.0000,0.0000,0.0000,0.0000,0.0000,0.0000,0.0000,0.0000,0.0000,0,0,0,0,0,0,0,0,0,0
zc,TA209,2012-06-12 08:57:00.733,0.0000,459770,0,0.0000,0.0000,0,0,空换,S,0.0000,0.0000,0.0000,0.0000,0.0000,0.0000,0.0000,0.0000,0.0000,0.0000,0,0,0,0,0,0,0,0,0,0
zc,TA209,2012-06-12 08:57:08.250,0.0000,459770,0,0.0000,0.0000,0,0,空换,S,0.0000,0.0000,0.0000,0.0000,0.0000,0.0000,0.0000,0.0000,0.0000,0.0000,0,0,0,0,0,0,0,0,0,0
zc,TA209,2012-06-12 08:57:16.733,0.0000,459770,0,0.0000,0.0000,0,0,空换,S,0.0000,0.0000,0.0000,0.0000,0.0000,0.0000,0.0000,0.0000,0.0000,0.0000,0,0,0,0,0,0,0,0,0,0
zc,TA209,2012-06-12 08:57:25.483,0.0000,459770,0,0.0000,0.0000,0,0,空换,S,0.0000,0.0000,0.0000,0.0000,0.0000,0.0000,0.0000,0.0000,0.0000,0.0000,0,0,0,0,0,0,0,0,0,0
zc,TA209,2012-06-12 08:57:25.983,0.0000,459770,0,0.0000,0.0000,0,0,空换,S,0.0000,0.0000,0.0000,0.0000,0.0000,0.0000,0.0000,0.0000,0.0000,0.0000,0,0,0,0,0,0,0,0,0,0
zc,TA209,2012-06-12 08:57:39.733,0.0000,459770,0,0.0000,0.0000,0,0,空换,S,0.0000,0.0000,0.0000,0.0000,0.0000,0.0000,0.0000,0.0000,0.0000,0.0000,0,0,0,0,0,0,0,0,0,0
zc,TA209,2012-06-12 08:57:41.233,0.0000,459770,0,0.0000,0.0000,0,0,空换,S,0.0000,0.0000,0.0000,0.0000,0.0000,0.0000,0.0000,0.0000,0.0000,0.0000,0,0,0,0,0,0,0,0,0,0
zc,TA209,2012-06-12 08:57:43.500,0.0000,459770,0,0.0000,0.0000,0,0,空换,S,0.0000,0.0000,0.0000,0.0000,0.0000,0.0000,0.0000,0.0000,0.0000,0.0000,0,0,0,0,0,0,0,0,0,0
zc,TA209,2012-06-12 08:57:46.733,0.0000,459770,0,0.0000,0.0000,0,0,空换,S,0.0000,0.0000,0.0000,0.0000,0.0000,0.0000,0.0000,0.0000,0.0000,0.0000,0,0,0,0,0,0,0,0,0,0
zc,TA209,2012-06-12 08:57:48.233,0.0000,459770,0,0.0000,0.0000,0,0,空换,S,0.0000,0.0000,0.0000,0.0000,0.0000,0.0000,0.0000,0.0000,0.0000,0.0000,0,0,0,0,0,0,0,0,0,0
zc,TA209,2012-06-12 08:57:50.483,0.0000,459770,0,0.0000,0.0000,0,0,空换,S,0.0000,0.0000,0.0000,0.0000,0.0000,0.0000,0.0000,0.0000,0.0000,0.0000,0,0,0,0,0,0,0,0,0,0
zc,TA209,2012-06-12 08:57:52.483,0.0000,459770,0,0.0000,0.0000,0,0,空换,S,0.0000,0.0000,0.0000,0.0000,0.0000,0.0000,0.0000,0.0000,0.0000,0.0000,0,0,0,0,0,0,0,0,0,0
zc,TA209,2012-06-12 08:57:54.233,0.0000,459770,0,0.0000,0.0000,0,0,空换,S,0.0000,0.0000,0.0000,0.0000,0.0000,0.0000,0.0000,0.0000,0.0000,0.0000,0,0,0,0,0,0,0,0,0,0
zc,TA209,2012-06-12 08:57:54.997,0.0000,459770,0,0.0000,0.0000,0,0,空换,S,0.0000,0.0000,0.0000,0.0000,0.0000,0.0000,0.0000,0.0000,0.0000,0.0000,0,0,0,0,0,0,0,0,0,0
zc,TA209,2012-06-12 08:57:57.483,0.0000,459770,0,0.0000,0.0000,0,0,空换,S,0.0000,0.0000,0.0000,0.0000,0.0000,0.0000,0.0000,0.0000,0.0000,0.0000,0,0,0,0,0,0,0,0,0,0
zc,TA209,2012-06-12 08:58:07.983,0.0000,459770,0,0.0000,0.0000,0,0,空换,S,0.0000,0.0000,0.0000,0.0000,0.0000,0.0000,0.0000,0.0000,0.0000,0.0000,0,0,0,0,0,0,0,0,0,0
zc,TA209,2012-06-12 08:58:08.233,0.0000,459770,0,0.0000,0.0000,0,0,空换,S,0.0000,0.0000,0.0000,0.0000,0.0000,0.0000,0.0000,0.0000,0.0000,0.0000,0,0,0,0,0,0,0,0,0,0
zc,TA209,2012-06-12 08:58:58.750,0.0000,459770,0,0.0000,0.0000,0,0,空换,S,0.0000,0.0000,0.0000,0.0000,0.0000,0.0000,0.0000,0.0000,0.0000,0.0000,0,0,0,0,0,0,0,0,0,0
zc,TA209,2012-06-12 08:59:02.017,7028.0000,462616,2846,0.0000,9650.0000,6248,3402,多开,B,7028.0000,0.0000,0.0000,0.0000,0.0000,7030.0000,0.0000,0.0000,0.0000,0.0000,94,0,0,0,0,546,0,0,0,0
zc,TA209,2012-06-12 09:00:02.623,7026.0000,462922,306,0.0000,1608.0000,957,651,空开,S,7026.0000,0.0000,0.0000,0.0000,0.0000,7028.0000,0.0000,0.0000,0.0000,0.0000,459,0,0,0,0,463,0,0,0,0
zc,TA209,2012-06-12 09:00:03.687,7026.0000,462804,-118,0.0000,3496.0000,1689,1807,多平,S,7024.0000,0.0000,0.0000,0.0000,0.0000,7026.0000,0.0000,0.0000,0.0000,0.0000,156,0,0,0,0,167,0,0,0,0
zc,TA209,2012-06-12 09:00:04.953,7024.0000,462464,-340,0.0000,2088.0000,874,1214,多平,S,7022.0000,0.0000,0.0000,0.0000,0.0000,7024.0000,0.0000,0.0000,0.0000,0.0000,208,0,0,0,0,257,0,0,0,0
zc,TA209,2012-06-12 09:00:05.890,7022.0000,462478,14,0.0000,1128.0000,571,557,空开,S,7020.0000,0.0000,0.0000,0.0000,0.0000,7022.0000,0.0000,0.0000,0.0000,0.0000,768,0,0,0,0,183,0,0,0,0
zc,TA209,2012-06-12 09:00:06.610,7022.0000,462554,76,0.0000,1510.0000,793,717,空开,S,7022.0000,0.0000,0.0000,0.0000,0.0000,7024.0000,0.0000,0.0000,0.0000,0.0000,34,0,0,0,0,42,0,0,0,0
zc,TA209,2012-06-12 09:00:07.093,7022.0000,462510,-44,0.0000,338.0000,147,191,多平,S,7022.0000,0.0000,0.0000,0.0000,0.0000,7024.0000,0.0000,0.0000,0.0000,0.0000,27,0,0,0,0,45,0,0,0,0
zc,TA209,2012-06-12 09:00:07.577,7024.0000,462464,-46,0.0000,366.0000,160,206,空平,B,7024.0000,0.0000,0.0000,0.0000,0.0000,7026.0000,0.0000,0.0000,0.0000,0.0000,8,0,0,0,0,68,0,0,0,0
zc,TA209,2012-06-12 09:00:08.390,7024.0000,462454,-10,0.0000,476.0000,233,243,空平,B,7024.0000,0.0000,0.0000,0.0000,0.0000,7028.0000,0.0000,0.0000,0.0000,0.0000,79,0,0,0,0,1222,0,0,0,0
zc,TA209,2012-06-12 09:00:08.860,7026.0000,462562,108,0.0000,628.0000,368,260,多开,B,7026.0000,0.0000,0.0000,0.0000,0.0000,7028.0000,0.0000,0.0000,0.0000,0.0000,148,0,0,0,0,1145,0,0,0,0
zc,TA209,2012-06-12 09:00:09.873,7026.0000,462938,376,0.0000,1306.0000,841,465,多开,B,7026.0000,0.0000,0.0000,0.0000,0.0000,7028.0000,0.0000,0.0000,0.0000,0.0000,15,0,0,0,0,1063,0,0,0,0
zc,TA209,2012-06-12 09:00:10.093,7028.0000,463172,234,0.0000,562.0000,398,164,多开,B,7026.0000,0.0000,0.0000,0.0000,0.0000,7028.0000,0.0000,0.0000,0.0000,0.0000,190,0,0,0,0,903,0,0,0,0
zc,TA209,2012-06-12 09:00:11.110,7028.0000,462864,-308,0.0000,1000.0000,346,654,空平,B,7026.0000,0.0000,0.0000,0.0000,0.0000,7028.0000,0.0000,0.0000,0.0000,0.0000,232,0,0,0,0,478,0,0,0,0
zc,TA209,2012-06-12 09:00:11.623,7028.0000,463430,566,0.0000,1760.0000,1163,597,多开,B,7028.0000,0.0000,0.0000,0.0000,0.0000,7030.0000,0.0000,0.0000,0.0000,0.0000,358,0,0,0,0,577,0,0,0,0
zc,TA209,2012-06-12 09:00:12.593,7028.0000,464324,894,0.0000,1266.0000,1080,186,多开,B,7028.0000,0.0000,0.0000,0.0000,0.0000,7030.0000,0.0000,0.0000,0.0000,0.0000,303,0,0,0,0,47,0,0,0,0
zc,TA209,2012-06-12 09:00:12.843,7034.0000,464332,8,0.0000,170.0000,89,81,多开,B,7032.0000,0.0000,0.0000,0.0000,0.0000,7034.0000,0.0000,0.0000,0.0000,0.0000,309,0,0,0,0,174,0,0,0,0
zc,TA209,2012-06-12 09:00:13.890,7038.0000,464440,108,0.0000,528.0000,318,210,多开,B,7036.0000,0.0000,0.0000,0.0000,0.0000,7038.0000,0.0000,0.0000,0.0000,0.0000,39,0,0,0,0,36,0,0,0,0
zc,TA209,2012-06-12 09:00:14.390,7040.0000,464350,-90,0.0000,186.0000,48,138,空平,B,7038.0000,0.0000,0.0000,0.0000,0.0000,7040.0000,0.0000,0.0000,0.0000,0.0000,19,0,0,0,0,34,0,0,0,0
zc,TA209,2012-06-12 09:00:15.110,7040.0000,464346,-4,0.0000,96.0000,46,50,空平,B,7038.0000,0.0000,0.0000,0.0000,0.0000,7040.0000,0.0000,0.0000,0.0000,0.0000,200,0,0,0,0,48,0,0,0,0
zc,TA209,2012-06-12 09:00:15.860,7042.0000,464810,464,0.0000,868.0000,666,202,多开,B,7046.0000,0.0000,0.0000,0.0000,0.0000,7050.0000,0.0000,0.0000,0.0000,0.0000,1,0,0,0,0,423,0,0,0,0
zc,TA209,2012-06-12 09:00:16.610,7048.0000,464812,2,0.0000,40.0000,21,19,多开,B,7040.0000,0.0000,0.0000,0.0000,0.0000,7048.0000,0.0000,0.0000,0.0000,0.0000,218,0,0,0,0,45,0,0,0,0
zc,TA209,2012-06-12 09:00:17.123,7040.0000,464392,-420,0.0000,774.0000,177,597,多平,S,7040.0000,0.0000,0.0000,0.0000,0.0000,7046.0000,0.0000,0.0000,0.0000,0.0000,82,0,0,0,0,408,0,0,0,0
zc,TA209,2012-06-12 09:00:17.873,7046.0000,464264,-128,0.0000,834.0000,353,481,空平,B,7040.0000,0.0000,0.0000,0.0000,0.0000,7046.0000,0.0000,0.0000,0.0000,0.0000,69,0,0,0,0,45,0,0,0,0
zc,TA209,2012-06-12 09:00:18.907,7040.0000,463880,-384,0.0000,1146.0000,381,765,多平,S,7038.0000,0.0000,0.0000,0.0000,0.0000,7040.0000,0.0000,0.0000,0.0000,0.0000,196,0,0,0,0,23,0,0,0,0
zc,TA209,2012-06-12 09:00:19.873,7050.0000,463738,-142,0.0000,848.0000,353,495,空平,B,7046.0000,0.0000,0.0000,0.0000,0.0000,7050.0000,0.0000,0.0000,0.0000,0.0000,7,0,0,0,0,270,0,0,0,0
zc,TA209,2012-06-12 09:00:20.593,7048.0000,463640,-98,0.0000,230.0000,66,164,多平,S,7046.0000,0.0000,0.0000,0.0000,0.0000,7048.0000,0.0000,0.0000,0.0000,0.0000,3,0,0,0,0,92,0,0,0,0
zc,TA209,2012-06-12 09:00:21.407,7042.0000,463476,-164,0.0000,390.0000,113,277,多平,S,7042.0000,0.0000,0.0000,0.0000,0.0000,7044.0000,0.0000,0.0000,0.0000,0.0000,21,0,0,0,0,1,0,0,0,0
zc,TA209,2012-06-12 09:00:22.123,7044.0000,463418,-58,0.0000,116.0000,29,87,空平,B,7042.0000,0.0000,0.0000,0.0000,0.0000,7046.0000,0.0000,0.0000,0.0000,0.0000,77,0,0,0,0,17,0,0,0,0
zc,TA209,2012-06-12 09:00:22.610,7042.0000,463412,-6,0.0000,312.0000,153,159,多平,S,7040.0000,0.0000,0.0000,0.0000,0.0000,7042.0000,0.0000,0.0000,0.0000,0.0000,165,0,0,0,0,94,0,0,0,0
zc,TA209,2012-06-12 09:00:23.593,7046.0000,463374,-38,0.0000,1098.0000,530,568,空平,B,7042.0000,0.0000,0.0000,0.0000,0.0000,7046.0000,0.0000,0.0000,0.0000,0.0000,2,0,0,0,0,165,0,0,0,0
zc,TA209,2012-06-12 09:00:24.343,7046.0000,463328,-46,0.0000,232.0000,93,139,空平,B,7044.0000,0.0000,0.0000,0.0000,0.0000,7046.0000,0.0000,0.0000,0.0000,0.0000,14,0,0,0,0,155,0,0,0,0
zc,TA209,2012-06-12 09:00:24.860,7042.0000,463278,-50,0.0000,154.0000,52,102,多平,S,7040.0000,0.0000,0.0000,0.0000,0.0000,7042.0000,0.0000,0.0000,0.0000,0.0000,78,0,0,0,0,152,0,0,0,0
zc,TA209,2012-06-12 09:00:25.577,7042.0000,463054,-224,0.0000,410.0000,93,317,多平,S,7040.0000,0.0000,0.0000,0.0000,0.0000,7042.0000,0.0000,0.0000,0.0000,0.0000,25,0,0,0,0,47,0,0,0,0
zc,TA209,2012-06-12 09:00:26.123,7042.0000,463024,-30,0.0000,98.0000,34,64,多平,S,7040.0000,0.0000,0.0000,0.0000,0.0000,7042.0000,0.0000,0.0000,0.0000,0.0000,18,0,0,0,0,8,0,0,0,0
zc,TA209,2012-06-12 09:00:26.813,7040.0000,463016,-8,0.0000,136.0000,64,72,多平,S,7042.0000,0.0000,0.0000,0.0000,0.0000,7046.0000,0.0000,0.0000,0.0000,0.0000,2,0,0,0,0,214,0,0,0,0
zc,TA209,2012-06-12 09:00:27.343,7042.0000,463006,-10,0.0000,84.0000,37,47,空平,B,7038.0000,0.0000,0.0000,0.0000,0.0000,7040.0000,0.0000,0.0000,0.0000,0.0000,96,0,0,0,0,46,0,0,0,0
zc,TA209,2012-06-12 09:00:28.077,7040.0000,463378,372,0.0000,508.0000,440,68,空开,S,7038.0000,0.0000,0.0000,0.0000,0.0000,7040.0000,0.0000,0.0000,0.0000,0.0000,74,0,0,0,0,195,0,0,0,0
zc,TA209,2012-06-12 09:00:28.623,7038.0000,463660,282,0.0000,632.0000,457,175,空开,S,7036.0000,0.0000,0.0000,0.0000,0.0000,7038.0000,0.0000,0.0000,0.0000,0.0000,19,0,0,0,0,99,0,0,0,0
zc,TA209,2012-06-12 09:00:29.327,7038.0000,463718,58,0.0000,78.0000,68,10,空开,S,7036.0000,0.0000,0.0000,0.0000,0.0000,7038.0000,0.0000,0.0000,0.0000,0.0000,51,0,0,0,0,129,0,0,0,0
zc,TA209,2012-06-12 09:00:29.907,7036.0000,464108,390,0.0000,658.0000,524,134,空开,S,7034.0000,0.0000,0.0000,0.0000,0.0000,7036.0000,0.0000,0.0000,0.0000,0.0000,43,0,0,0,0,59,0,0,0,0
zc,TA209,2012-06-12 09:00:30.640,7030.0000,464466,358,0.0000,746.0000,552,194,空开,S,7030.0000,0.0000,0.0000,0.0000,0.0000,7034.0000,0.0000,0.0000,0.0000,0.0000,486,0,0,0,0,27,0,0,0,0
zc,TA209,2012-06-12 09:00:31.123,7036.0000,464408,-58,0.0000,246.0000,94,152,空平,B,7036.0000,0.0000,0.0000,0.0000,0.0000,7038.0000,0.0000,0.0000,0.0000,0.0000,23,0,0,0,0,10,0,0,0,0
zc,TA209,2012-06-12 09:00:31.860,7034.0000,464394,-14,0.0000,100.0000,43,57,多平,S,7034.0000,0.0000,0.0000,0.0000,0.0000,7036.0000,0.0000,0.0000,0.0000,0.0000,76,0,0,0,0,28,0,0,0,0
zc,TA209,2012-06-12 09:00:32.610,7034.0000,464366,-28,0.0000,386.0000,179,207,多平,S,7032.0000,0.0000,0.0000,0.0000,0.0000,7034.0000,0.0000,0.0000,0.0000,0.0000,55,0,0,0,0,24,0,0,0,0
zc,TA209,2012-06-12 09:00:33.110,7036.0000,464398,32,0.0000,148.0000,90,58,多开,B,7034.0000,0.0000,0.0000,0.0000,0.0000,7036.0000,0.0000,0.0000,0.0000,0.0000,108,0,0,0,0,24,0,0,0,0
zc,TA209,2012-06-12 09:00:33.860,7036.0000,464354,-44,0.0000,226.0000,91,135,空平,B,7036.0000,0.0000,0.0000,0.0000,0.0000,7040.0000,0.0000,0.0000,0.0000,0.0000,4,0,0,0,0,140,0,0,0,0
zc,TA209,2012-06-12 09:00:34.373,7038.0000,464360,6,0.0000,138.0000,72,66,多开,B,7038.0000,0.0000,0.0000,0.0000,0.0000,7040.0000,0.0000,0.0000,0.0000,0.0000,5,0,0,0,0,138,0,0,0,0
zc,TA209,2012-06-12 09:00:35.110,7034.0000,463976,-384,0.0000,696.0000,156,540,多平,S,7032.0000,0.0000,0.0000,0.0000,0.0000,7034.0000,0.0000,0.0000,0.0000,0.0000,222,0,0,0,0,66,0,0,0,0
zc,TA209,2012-06-12 09:00:35.593,7036.0000,463988,12,0.0000,184.0000,98,86,多开,B,7034.0000,0.0000,0.0000,0.0000,0.0000,7036.0000,0.0000,0.0000,0.0000,0.0000,26,0,0,0,0,153,0,0,0,0
zc,TA209,2012-06-12 09:00:36.327,7038.0000,464136,148,0.0000,346.0000,247,99,多开,B,7038.0000,0.0000,0.0000,0.0000,0.0000,7040.0000,0.0000,0.0000,0.0000,0.0000,3,0,0,0,0,143,0,0,0,0
zc,TA209,2012-06-12 09:00:36.827,7034.0000,464196,60,0.0000,148.0000,104,44,空开,S,7036.0000,0.0000,0.0000,0.0000,0.0000,7038.0000,0.0000,0.0000,0.0000,0.0000,169,0,0,0,0,2,0,0,0,0
zc,TA209,2012-06-12 09:00:37.593,7038.0000,464198,2,0.0000,32.0000,17,15,多开,B,7036.0000,0.0000,0.0000,0.0000,0.0000,7038.0000,0.0000,0.0000,0.0000,0.0000,176,0,0,0,0,3,0,0,0,0
zc,TA209,2012-06-12 09:00:38.360,7036.0000,464230,32,0.0000,102.0000,67,35,空开,S,7036.0000,0.0000,0.0000,0.0000,0.0000,7038.0000,0.0000,0.0000,0.0000,0.0000,173,0,0,0,0,9,0,0,0,0
zc,TA209,2012-06-12 09:00:39.093,7038.0000,464220,-10,0.0000,100.0000,45,55,空平,B,7038.0000,0.0000,0.0000,0.0000,0.0000,7040.0000,0.0000,0.0000,0.0000,0.0000,21,0,0,0,0,264,0,0,0,0
zc,TA209,2012-06-12 09:00:39.373,7038.0000,464386,166,0.0000,288.0000,227,61,多开,B,7038.0000,0.0000,0.0000,0.0000,0.0000,7040.0000,0.0000,0.0000,0.0000,0.0000,30,0,0,0,0,168,0,0,0,0
zc,TA209,2012-06-12 09:00:40.343,7038.0000,464398,12,0.0000,220.0000,116,104,多开,B,7038.0000,0.0000,0.0000,0.0000,0.0000,7040.0000,0.0000,0.0000,0.0000,0.0000,19,0,0,0,0,156,0,0,0,0
zc,TA209,2012-06-12 09:00:40.860,7038.0000,464674,276,0.0000,332.0000,304,28,多开,B,7038.0000,0.0000,0.0000,0.0000,0.0000,7040.0000,0.0000,0.0000,0.0000,0.0000,25,0,0,0,0,27,0,0,0,0
zc,TA209,2012-06-12 09:00:41.343,7040.0000,464668,-6,0.0000,162.0000,78,84,空平,B,7040.0000,0.0000,0.0000,0.0000,0.0000,7042.0000,0.0000,0.0000,0.0000,0.0000,125,0,0,0,0,40,0,0,0,0
zc,TA209,2012-06-12 09:00:41.843,7044.0000,464724,56,0.0000,184.0000,120,64,多开,B,7044.0000,0.0000,0.0000,0.0000,0.0000,7046.0000,0.0000,0.0000,0.0000,0.0000,13,0,0,0,0,155,0,0,0,0
zc,TA209,2012-06-12 09:00:42.610,7042.0000,464724,0,0.0000,92.0000,46,46,空换,S,7042.0000,0.0000,0.0000,0.0000,0.0000,7046.0000,0.0000,0.0000,0.0000,0.0000,356,0,0,0,0,143,0,0,0,0
zc,TA209,2012-06-12 09:00:43.343,7046.0000,465108,384,0.0000,650.0000,517,133,多开,B,7042.0000,0.0000,0.0000,0.0000,0.0000,7046.0000,0.0000,0.0000,0.0000,0.0000,146,0,0,0,0,47,0,0,0,0
zc,TA209,2012-06-12 09:00:44.110,7042.0000,465132,24,0.0000,96.0000,60,36,空开,S,7042.0000,0.0000,0.0000,0.0000,0.0000,7044.0000,0.0000,0.0000,0.0000,0.0000,158,0,0,0,0,41,0,0,0,0
zc,TA209,2012-06-12 09:00:44.593,7044.0000,465070,-62,0.0000,100.0000,19,81,空平,B,7042.0000,0.0000,0.0000,0.0000,0.0000,7044.0000,0.0000,0.0000,0.0000,0.0000,178,0,0,0,0,5,0,0,0,0
zc,TA209,2012-06-12 09:00:45.360,7046.0000,465066,-4,0.0000,144.0000,70,74,空平,B,7044.0000,0.0000,0.0000,0.0000,0.0000,7046.0000,0.0000,0.0000,0.0000,0.0000,192,0,0,0,0,31,0,0,0,0
zc,TA209,2012-06-12 09:00:45.827,7044.0000,465098,32,0.0000,162.0000,97,65,空开,S,7044.0000,0.0000,0.0000,0.0000,0.0000,7046.0000,0.0000,0.0000,0.0000,0.0000,143,0,0,0,0,23,0,0,0,0
zc,TA209,2012-06-12 09:00:46.860,7046.0000,464984,-114,0.0000,346.0000,116,230,空平,B,7044.0000,0.0000,0.0000,0.0000,0.0000,7046.0000,0.0000,0.0000,0.0000,0.0000,121,0,0,0,0,5,0,0,0,0
zc,TA209,2012-06-12 09:00:47.343,7044.0000,465516,532,0.0000,796.0000,664,132,空开,S,7042.0000,0.0000,0.0000,0.0000,0.0000,7044.0000,0.0000,0.0000,0.0000,0.0000,251,0,0,0,0,207,0,0,0,0
zc,TA209,2012-06-12 09:00:47.813,7044.0000,465570,54,0.0000,284.0000,169,115,空开,S,7042.0000,0.0000,0.0000,0.0000,0.0000,7044.0000,0.0000,0.0000,0.0000,0.0000,210,0,0,0,0,154,0,0,0,0
zc,TA209,2012-06-12 09:00:48.563,7044.0000,465498,-72,0.0000,166.0000,47,119,多平,S,7042.0000,0.0000,0.0000,0.0000,0.0000,7044.0000,0.0000,0.0000,0.0000,0.0000,199,0,0,0,0,105,0,0,0,0
zc,TA209,2012-06-12 09:00:49.313,7042.0000,465432,-66,0.0000,240.0000,87,153,多平,S,7042.0000,0.0000,0.0000,0.0000,0.0000,7044.0000,0.0000,0.0000,0.0000,0.0000,150,0,0,0,0,71,0,0,0,0
zc,TA209,2012-06-12 09:00:49.813,7042.0000,465644,212,0.0000,364.0000,288,76,空开,S,7042.0000,0.0000,0.0000,0.0000,0.0000,7044.0000,0.0000,0.0000,0.0000,0.0000,19,0,0,0,0,41,0,0,0,0
zc,TA209,2012-06-12 09:00:50.327,7040.0000,465612,-32,0.0000,162.0000,65,97,多平,S,7040.0000,0.0000,0.0000,0.0000,0.0000,7042.0000,0.0000,0.0000,0.0000,0.0000,245,0,0,0,0,1,0,0,0,0
zc,TA209,2012-06-12 09:00:50.860,7042.0000,465528,-84,0.0000,236.0000,76,160,空平,B,7040.0000,0.0000,0.0000,0.0000,0.0000,7042.0000,0.0000,0.0000,0.0000,0.0000,203,0,0,0,0,30,0,0,0,0
zc,TA209,2012-06-12 09:00:51.873,7044.0000,465434,-94,0.0000,534.0000,220,314,空平,B,7042.0000,0.0000,0.0000,0.0000,0.0000,7044.0000,0.0000,0.0000,0.0000,0.0000,99,0,0,0,0,59,0,0,0,0
zc,TA209,2012-06-12 09:00:52.343,7044.0000,465440,6,0.0000,22.0000,14,8,多开,B,7042.0000,0.0000,0.0000,0.0000,0.0000,7044.0000,0.0000,0.0000,0.0000,0.0000,158,0,0,0,0,58,0,0,0,0
zc,TA209,2012-06-12 09:00:53.093,7044.0000,465458,18,0.0000,78.0000,48,30,多开,B,7042.0000,0.0000,0.0000,0.0000,0.0000,7044.0000,0.0000,0.0000,0.0000,0.0000,197,0,0,0,0,51,0,0,0,0
zc,TA209,2012-06-12 09:00:53.577,7046.0000,465538,80,0.0000,178.0000,129,49,多开,B,7046.0000,0.0000,0.0000,0.0000,0.0000,7048.0000,0.0000,0.0000,0.0000,0.0000,37,0,0,0,0,260,0,0,0,0
zc,TA209,2012-06-12 09:00:54.360,7042.0000,465738,200,0.0000,494.0000,347,147,空开,S,7040.0000,0.0000,0.0000,0.0000,0.0000,7042.0000,0.0000,0.0000,0.0000,0.0000,556,0,0,0,0,219,0,0,0,0
zc,TA209,2012-06-12 09:00:54.797,7040.0000,465884,146,0.0000,152.0000,149,3,空开,S,7040.0000,0.0000,0.0000,0.0000,0.0000,7042.0000,0.0000,0.0000,0.0000,0.0000,571,0,0,0,0,218,0,0,0,0
zc,TA209,2012-06-12 09:00:55.563,7042.0000,465908,24,0.0000,90.0000,57,33,多开,B,7040.0000,0.0000,0.0000,0.0000,0.0000,7042.0000,0.0000,0.0000,0.0000,0.0000,575,0,0,0,0,196,0,0,0,0
zc,TA209,2012-06-12 09:00:56.047,7042.0000,465984,76,0.0000,320.0000,198,122,多开,B,7040.0000,0.0000,0.0000,0.0000,0.0000,7042.0000,0.0000,0.0000,0.0000,0.0000,571,0,0,0,0,243,0,0,0,0
zc,TA209,2012-06-12 09:00:56.843,7042.0000,465992,8,0.0000,530.0000,269,261,多开,B,7040.0000,0.0000,0.0000,0.0000,0.0000,7042.0000,0.0000,0.0000,0.0000,0.0000,567,0,0,0,0,25,0,0,0,0
zc,TA209,2012-06-12 09:00:57.360,7044.0000,465970,-22,0.0000,180.0000,79,101,空平,B,7042.0000,0.0000,0.0000,0.0000,0.0000,7044.0000,0.0000,0.0000,0.0000,0.0000,8,0,0,0,0,211,0,0,0,0
zc,TA209,2012-06-12 09:00:58.093,7044.0000,466116,146,0.0000,188.0000,167,21,多开,B,7040.0000,0.0000,0.0000,0.0000,0.0000,7044.0000,0.0000,0.0000,0.0000,0.0000,506,0,0,0,0,213,0,0,0,0
zc,TA209,2012-06-12 09:00:58.843,7042.0000,466212,96,0.0000,302.0000,199,103,空开,S,7042.0000,0.0000,0.0000,0.0000,0.0000,7044.0000,0.0000,0.0000,0.0000,0.0000,36,0,0,0,0,185,0,0,0,0
zc,TA209,2012-06-12 09:00:59.547,7042.0000,466262,50,0.0000,212.0000,131,81,空开,S,7042.0000,0.0000,0.0000,0.0000,0.0000,7044.0000,0.0000,0.0000,0.0000,0.0000,242,0,0,0,0,127,0,0,0,0
zc,TA209,2012-06-12 09:01:00.063,7044.0000,466138,-124,0.0000,294.0000,85,209,空平,B,7042.0000,0.0000,0.0000,0.0000,0.0000,7044.0000,0.0000,0.0000,0.0000,0.0000,255,0,0,0,0,16,0,0,0,0
zc,TA209,2012-06-12 09:01:00.827,7042.0000,466170,32,0.0000,320.0000,176,144,空开,S,7042.0000,0.0000,0.0000,0.0000,0.0000,7044.0000,0.0000,0.0000,0.0000,0.0000,122,0,0,0,0,24,0,0,0,0
zc,TA209,2012-06-12 09:01:01.343,7044.0000,466168,-2,0.0000,88.0000,43,45,空平,B,7042.0000,0.0000,0.0000,0.0000,0.0000,7044.0000,0.0000,0.0000,0.0000,0.0000,128,0,0,0,0,27,0,0,0,0
zc,TA209,2012-06-12 09:01:01.860,7042.0000,466110,-58,0.0000,554.0000,248,306,多平,S,7040.0000,0.0000,0.0000,0.0000,0.0000,7042.0000,0.0000,0.0000,0.0000,0.0000,486,0,0,0,0,645,0,0,0,0
zc,TA209,2012-06-12 09:01:02.577,7040.0000,466224,114,0.0000,1486.0000,800,686,空开,S,7038.0000,0.0000,0.0000,0.0000,0.0000,7040.0000,0.0000,0.0000,0.0000,0.0000,52,0,0,0,0,226,0,0,0,0
zc,TA209,2012-06-12 09:01:03.360,7038.0000,466284,60,0.0000,792.0000,426,366,空开,S,7036.0000,0.0000,0.0000,0.0000,0.0000,7038.0000,0.0000,0.0000,0.0000,0.0000,296,0,0,0,0,219,0,0,0,0
zc,TA209,2012-06-12 09:01:04.063,7038.0000,466300,16,0.0000,44.0000,30,14,空开,S,7036.0000,0.0000,0.0000,0.0000,0.0000,7038.0000,0.0000,0.0000,0.0000,0.0000,291,0,0,0,0,394,0,0,0,0
zc,TA209,2012-06-12 09:01:04.577,7036.0000,467034,734,0.0000,1182.0000,958,224,空开,S,7036.0000,0.0000,0.0000,0.0000,0.0000,7038.0000,0.0000,0.0000,0.0000,0.0000,89,0,0,0,0,135,0,0,0,0
zc,TA209,2012-06-12 09:01:05.343,7036.0000,467182,148,0.0000,186.0000,167,19,空开,S,7034.0000,0.0000,0.0000,0.0000,0.0000,7036.0000,0.0000,0.0000,0.0000,0.0000,104,0,0,0,0,26,0,0,0,0
zc,TA209,2012-06-12 09:01:05.827,7034.0000,467200,18,0.0000,90.0000,54,36,空开,S,7034.0000,0.0000,0.0000,0.0000,0.0000,7036.0000,0.0000,0.0000,0.0000,0.0000,88,0,0,0,0,23,0,0,0,0
zc,TA209,2012-06-12 09:01:06.563,7034.0000,467212,12,0.0000,36.0000,24,12,空开,S,7034.0000,0.0000,0.0000,0.0000,0.0000,7036.0000,0.0000,0.0000,0.0000,0.0000,91,0,0,0,0,280,0,0,0,0
zc,TA209,2012-06-12 09:01:07.093,7034.0000,467360,148,0.0000,192.0000,170,22,空开,S,7032.0000,0.0000,0.0000,0.0000,0.0000,7034.0000,0.0000,0.0000,0.0000,0.0000,537,0,0,0,0,71,0,0,0,0
zc,TA209,2012-06-12 09:01:07.843,7034.0000,467392,32,0.0000,246.0000,139,107,空开,S,7032.0000,0.0000,0.0000,0.0000,0.0000,7034.0000,0.0000,0.0000,0.0000,0.0000,475,0,0,0,0,56,0,0,0,0
zc,TA209,2012-06-12 09:01:08.577,7032.0000,467244,-148,0.0000,548.0000,200,348,多平,S,7032.0000,0.0000,0.0000,0.0000,0.0000,7034.0000,0.0000,0.0000,0.0000,0.0000,415,0,0,0,0,78,0,0,0,0
zc,TA209,2012-06-12 09:01:09.360,7034.0000,467284,40,0.0000,430.0000,235,195,多开,B,7034.0000,0.0000,0.0000,0.0000,0.0000,7036.0000,0.0000,0.0000,0.0000,0.0000,102,0,0,0,0,297,0,0,0,0
zc,TA209,2012-06-12 09:01:09.813,7034.0000,467270,-14,0.0000,810.0000,398,412,空平,B,7032.0000,0.0000,0.0000,0.0000,0.0000,7036.0000,0.0000,0.0000,0.0000,0.0000,97,0,0,0,0,294,0,0,0,0
zc,TA209,2012-06-12 09:01:10.593,7034.0000,467304,34,0.0000,482.0000,258,224,多开,B,7034.0000,0.0000,0.0000,0.0000,0.0000,7036.0000,0.0000,0.0000,0.0000,0.0000,48,0,0,0,0,78,0,0,0,0
zc,TA209,2012-06-12 09:01:11.063,7034.0000,467338,34,0.0000,194.0000,114,80,多开,B,7034.0000,0.0000,0.0000,0.0000,0.0000,7036.0000,0.0000,0.0000,0.0000,0.0000,117,0,0,0,0,52,0,0,0,0
zc,TA209,2012-06-12 09:01:11.860,7036.0000,467240,-98,0.0000,628.0000,265,363,空平,B,7038.0000,0.0000,0.0000,0.0000,0.0000,7040.0000,0.0000,0.0000,0.0000,0.0000,40,0,0,0,0,32,0,0,0,0
zc,TA209,2012-06-12 09:01:12.343,7038.0000,467220,-20,0.0000,92.0000,36,56,空平,B,7038.0000,0.0000,0.0000,0.0000,0.0000,7040.0000,0.0000,0.0000,0.0000,0.0000,30,0,0,0,0,20,0,0,0,0
zc,TA209,2012-06-12 09:01:13.077,7042.0000,467194,-26,0.0000,138.0000,56,82,空平,B,7040.0000,0.0000,0.0000,0.0000,0.0000,7042.0000,0.0000,0.0000,0.0000,0.0000,156,0,0,0,0,133,0,0,0,0
zc,TA209,2012-06-12 09:01:13.563,7042.0000,466978,-216,0.0000,392.0000,88,304,空平,B,7040.0000,0.0000,0.0000,0.0000,0.0000,7042.0000,0.0000,0.0000,0.0000,0.0000,43,0,0,0,0,43,0,0,0,0
zc,TA209,2012-06-12 09:01:14.297,7040.0000,466964,-14,0.0000,90.0000,38,52,多平,S,7040.0000,0.0000,0.0000,0.0000,0.0000,7042.0000,0.0000,0.0000,0.0000,0.0000,39,0,0,0,0,16,0,0,0,0
zc,TA209,2012-06-12 09:01:14.843,7038.0000,466988,24,0.0000,96.0000,60,36,空开,S,7038.0000,0.0000,0.0000,0.0000,0.0000,7040.0000,0.0000,0.0000,0.0000,0.0000,48,0,0,0,0,25,0,0,0,0
zc,TA209,2012-06-12 09:01:15.563,7038.0000,466990,2,0.0000,44.0000,23,21,空开,S,7038.0000,0.0000,0.0000,0.0000,0.0000,7040.0000,0.0000,0.0000,0.0000,0.0000,42,0,0,0,0,43,0,0,0,0
zc,TA209,2012-06-12 09:01:16.077,7038.0000,466972,-18,0.0000,78.0000,30,48,多平,S,7036.0000,0.0000,0.0000,0.0000,0.0000,7038.0000,0.0000,0.0000,0.0000,0.0000,133,0,0,0,0,349,0,0,0,0
zc,TA209,2012-06-12 09:01:16.827,7038.0000,466564,-408,0.0000,414.0000,3,411,多平,S,7036.0000,0.0000,0.0000,0.0000,0.0000,7038.0000,0.0000,0.0000,0.0000,0.0000,194,0,0,0,0,143,0,0,0,0
zc,TA209,2012-06-12 09:01:17.110,7036.0000,466584,20,0.0000,32.0000,26,6,空开,S,7036.0000,0.0000,0.0000,0.0000,0.0000,7038.0000,0.0000,0.0000,0.0000,0.0000,171,0,0,0,0,137,0,0,0,0
zc,TA209,2012-06-12 09:01:17.827,7036.0000,466588,4,0.0000,44.0000,24,20,空开,S,7036.0000,0.0000,0.0000,0.0000,0.0000,7038.0000,0.0000,0.0000,0.0000,0.0000,152,0,0,0,0,136,0,0,0,0
zc,TA209,2012-06-12 09:01:18.563,7036.0000,466684,96,0.0000,324.0000,210,114,空开,S,7034.0000,0.0000,0.0000,0.0000,0.0000,7036.0000,0.0000,0.0000,0.0000,0.0000,121,0,0,0,0,438,0,0,0,0
zc,TA209,2012-06-12 09:01:19.437,7034.0000,467026,342,0.0000,456.0000,399,57,空开,S,7032.0000,0.0000,0.0000,0.0000,0.0000,7034.0000,0.0000,0.0000,0.0000,0.0000,189,0,0,0,0,62,0,0,0,0
zc,TA209,2012-06-12 09:01:19.780,7034.0000,467038,12,0.0000,148.0000,80,68,空开,S,7032.0000,0.0000,0.0000,0.0000,0.0000,7034.0000,0.0000,0.0000,0.0000,0.0000,176,0,0,0,0,223,0,0,0,0
zc,TA209,2012-06-12 09:01:20.610,7032.0000,467224,186,0.0000,338.0000,262,76,空开,S,7032.0000,0.0000,0.0000,0.0000,0.0000,7034.0000,0.0000,0.0000,0.0000,0.0000,75,0,0,0,0,223,0,0,0,0
zc,TA209,2012-06-12 09:01:21.063,7034.0000,467282,58,0.0000,144.0000,101,43,多开,B,7032.0000,0.0000,0.0000,0.0000,0.0000,7034.0000,0.0000,0.0000,0.0000,0.0000,25,0,0,0,0,196,0,0,0,0
zc,TA209,2012-06-12 09:01:21.797,7032.0000,467306,24,0.0000,62.0000,43,19,空开,S,7032.0000,0.0000,0.0000,0.0000,0.0000,7034.0000,0.0000,0.0000,0.0000,0.0000,3,0,0,0,0,190,0,0,0,0
zc,TA209,2012-06-12 09:01:22.373,7032.0000,467314,8,0.0000,634.0000,321,313,空开,S,7030.0000,0.0000,0.0000,0.0000,0.0000,7032.0000,0.0000,0.0000,0.0000,0.0000,1051,0,0,0,0,175,0,0,0,0
zc,TA209,2012-06-12 09:01:23.063,7032.0000,467162,-152,0.0000,400.0000,124,276,多平,S,7032.0000,0.0000,0.0000,0.0000,0.0000,7034.0000,0.0000,0.0000,0.0000,0.0000,219,0,0,0,0,33,0,0,0,0
zc,TA209,2012-06-12 09:01:23.593,7034.0000,467136,-26,0.0000,156.0000,65,91,空平,B,7032.0000,0.0000,0.0000,0.0000,0.0000,7034.0000,0.0000,0.0000,0.0000,0.0000,223,0,0,0,0,29,0,0,0,0
zc,TA209,2012-06-12 09:01:24.343,7034.0000,467114,-22,0.0000,280.0000,129,151,空平,B,7034.0000,0.0000,0.0000,0.0000,0.0000,7036.0000,0.0000,0.0000,0.0000,0.0000,122,0,0,0,0,255,0,0,0,0
zc,TA209,2012-06-12 09:01:24.797,7032.0000,467402,288,0.0000,558.0000,423,135,空开,S,7030.0000,0.0000,0.0000,0.0000,0.0000,7032.0000,0.0000,0.0000,0.0000,0.0000,1036,0,0,0,0,56,0,0,0,0
zc,TA209,2012-06-12 09:01:25.313,7032.0000,467422,20,0.0000,80.0000,50,30,空开,S,7030.0000,0.0000,0.0000,0.0000,0.0000,7032.0000,0.0000,0.0000,0.0000,0.0000,1036,0,0,0,0,180,0,0,0,0
zc,TA209,2012-06-12 09:01:26.063,7030.0000,467480,58,0.0000,70.0000,64,6,空开,S,7030.0000,0.0000,0.0000,0.0000,0.0000,7032.0000,0.0000,0.0000,0.0000,0.0000,1022,0,0,0,0,170,0,0,0,0
zc,TA209,2012-06-12 09:01:26.593,7032.0000,467496,16,0.0000,384.0000,200,184,多开,B,7032.0000,0.0000,0.0000,0.0000,0.0000,7034.0000,0.0000,0.0000,0.0000,0.0000,64,0,0,0,0,41,0,0,0,0
zc,TA209,2012-06-12 09:01:27.327,7030.0000,467562,66,0.0000,274.0000,170,104,空开,S,7032.0000,0.0000,0.0000,0.0000,0.0000,7034.0000,0.0000,0.0000,0.0000,0.0000,80,0,0,0,0,27,0,0,0,0
zc,TA209,2012-06-12 09:01:27.797,7032.0000,467612,50,0.0000,118.0000,84,34,多开,B,7032.0000,0.0000,0.0000,0.0000,0.0000,7034.0000,0.0000,0.0000,0.0000,0.0000,60,0,0,0,0,18,0,0,0,0
zc,TA209,2012-06-12 09:01:28.577,7030.0000,468128,516,0.0000,1244.0000,880,364,空开,S,7030.0000,0.0000,0.0000,0.0000,0.0000,7034.0000,0.0000,0.0000,0.0000,0.0000,581,0,0,0,0,76,0,0,0,0
zc,TA209,2012-06-12 09:01:29.093,7030.0000,468128,0,0.0000,20.0000,10,10,空换,S,7030.0000,0.0000,0.0000,0.0000,0.0000,7032.0000,0.0000,0.0000,0.0000,0.0000,580,0,0,0,0,18,0,0,0,0
zc,TA209,2012-06-12 09:01:29.813,7032.0000,468104,-24,0.0000,364.0000,170,194,空平,B,7030.0000,0.0000,0.0000,0.0000,0.0000,7032.0000,0.0000,0.0000,0.0000,0.0000,453,0,0,0,0,65,0,0,0,0
zc,TA209,2012-06-12 09:01:30.327,7030.0000,468086,-18,0.0000,1276.0000,629,647,多平,S,7028.0000,0.0000,0.0000,0.0000,0.0000,7030.0000,0.0000,0.0000,0.0000,0.0000,85,0,0,0,0,176,0,0,0,0
zc,TA209,2012-06-12 09:01:31.063,7028.0000,468278,192,0.0000,224.0000,208,16,空开,S,7028.0000,0.0000,0.0000,0.0000,0.0000,7030.0000,0.0000,0.0000,0.0000,0.0000,34,0,0,0,0,201,0,0,0,0
zc,TA209,2012-06-12 09:01:31.563,7026.0000,468280,2,0.0000,718.0000,360,358,空开,S,7026.0000,0.0000,0.0000,0.0000,0.0000,7028.0000,0.0000,0.0000,0.0000,0.0000,134,0,0,0,0,71,0,0,0,0
zc,TA209,2012-06-12 09:01:32.343,7026.0000,468178,-102,0.0000,458.0000,178,280,多平,S,7028.0000,0.0000,0.0000,0.0000,0.0000,7030.0000,0.0000,0.0000,0.0000,0.0000,1,0,0,0,0,126,0,0,0,0
zc,TA209,2012-06-12 09:01:32.827,7026.0000,468338,160,0.0000,440.0000,300,140,空开,S,7026.0000,0.0000,0.0000,0.0000,0.0000,7028.0000,0.0000,0.0000,0.0000,0.0000,16,0,0,0,0,2,0,0,0,0
zc,TA209,2012-06-12 09:01:33.593,7028.0000,468286,-52,0.0000,310.0000,129,181,空平,B,7028.0000,0.0000,0.0000,0.0000,0.0000,7030.0000,0.0000,0.0000,0.0000,0.0000,138,0,0,0,0,327,0,0,0,0
zc,TA209,2012-06-12 09:01:34.077,7028.0000,468262,-24,0.0000,736.0000,356,380,空平,B,7028.0000,0.0000,0.0000,0.0000,0.0000,7030.0000,0.0000,0.0000,0.0000,0.0000,102,0,0,0,0,42,0,0,0,0
zc,TA209,2012-06-12 09:01:34.860,7032.0000,468388,126,0.0000,348.0000,237,111,多开,B,7030.0000,0.0000,0.0000,0.0000,0.0000,7032.0000,0.0000,0.0000,0.0000,0.0000,140,0,0,0,0,233,0,0,0,0
zc,TA209,2012-06-12 09:01:35.327,7030.0000,468494,106,0.0000,522.0000,314,208,空开,S,7030.0000,0.0000,0.0000,0.0000,0.0000,7032.0000,0.0000,0.0000,0.0000,0.0000,8,0,0,0,0,204,0,0,0,0
zc,TA209,2012-06-12 09:01:36.123,7030.0000,468498,4,0.0000,116.0000,60,56,空开,S,7030.0000,0.0000,0.0000,0.0000,0.0000,7032.0000,0.0000,0.0000,0.0000,0.0000,60,0,0,0,0,185,0,0,0,0
zc,TA209,2012-06-12 09:01:36.577,7030.0000,468490,-8,0.0000,30.0000,11,19,多平,S,7030.0000,0.0000,0.0000,0.0000,0.0000,7032.0000,0.0000,0.0000,0.0000,0.0000,94,0,0,0,0,187,0,0,0,0
zc,TA209,2012-06-12 09:01:37.327,7030.0000,468488,-2,0.0000,60.0000,29,31,多平,S,7030.0000,0.0000,0.0000,0.0000,0.0000,7032.0000,0.0000,0.0000,0.0000,0.0000,96,0,0,0,0,194,0,0,0,0
zc,TA209,2012-06-12 09:01:38.093,7034.0000,468876,388,0.0000,1030.0000,709,321,多开,B,7034.0000,0.0000,0.0000,0.0000,0.0000,7036.0000,0.0000,0.0000,0.0000,0.0000,94,0,0,0,0,284,0,0,0,0
zc,TA209,2012-06-12 09:01:38.610,7036.0000,469130,254,0.0000,768.0000,511,257,多开,B,7036.0000,0.0000,0.0000,0.0000,0.0000,7038.0000,0.0000,0.0000,0.0000,0.0000,14,0,0,0,0,272,0,0,0,0
zc,TA209,2012-06-12 09:01:39.280,7036.0000,469100,-30,0.0000,52.0000,11,41,空平,B,7036.0000,0.0000,0.0000,0.0000,0.0000,7038.0000,0.0000,0.0000,0.0000,0.0000,6,0,0,0,0,260,0,0,0,0
zc,TA209,2012-06-12 09:01:39.813,7036.0000,469154,54,0.0000,110.0000,82,28,多开,B,7034.0000,0.0000,0.0000,0.0000,0.0000,7036.0000,0.0000,0.0000,0.0000,0.0000,49,0,0,0,0,58,0,0,0,0
zc,TA209,2012-06-12 09:01:40.577,7034.0000,469150,-4,0.0000,246.0000,121,125,多平,S,7034.0000,0.0000,0.0000,0.0000,0.0000,7036.0000,0.0000,0.0000,0.0000,0.0000,49,0,0,0,0,61,0,0,0,0
zc,TA209,2012-06-12 09:01:41.047,7034.0000,469148,-2,0.0000,18.0000,8,10,多平,S,7034.0000,0.0000,0.0000,0.0000,0.0000,7036.0000,0.0000,0.0000,0.0000,0.0000,49,0,0,0,0,109,0,0,0,0
zc,TA209,2012-06-12 09:01:41.827,7034.0000,469328,180,0.0000,318.0000,249,69,空开,S,7032.0000,0.0000,0.0000,0.0000,0.0000,7034.0000,0.0000,0.0000,0.0000,0.0000,495,0,0,0,0,152,0,0,0,0
zc,TA209,2012-06-12 09:01:42.343,7034.0000,469396,68,0.0000,70.0000,69,1,空开,S,7032.0000,0.0000,0.0000,0.0000,0.0000,7034.0000,0.0000,0.0000,0.0000,0.0000,582,0,0,0,0,132,0,0,0,0
zc,TA209,2012-06-12 09:01:42.860,7036.0000,469568,172,0.0000,274.0000,223,51,多开,B,7034.0000,0.0000,0.0000,0.0000,0.0000,7036.0000,0.0000,0.0000,0.0000,0.0000,177,0,0,0,0,516,0,0,0,0
zc,TA209,2012-06-12 09:01:43.313,7036.0000,470640,1072,0.0000,1078.0000,1075,3,多开,B,7034.0000,0.0000,0.0000,0.0000,0.0000,7036.0000,0.0000,0.0000,0.0000,0.0000,275,0,0,0,0,6,0,0,0,0
zc,TA209,2012-06-12 09:01:44.110,7036.0000,470736,96,0.0000,100.0000,98,2,多开,B,7036.0000,0.0000,0.0000,0.0000,0.0000,7038.0000,0.0000,0.0000,0.0000,0.0000,179,0,0,0,0,265,0,0,0,0
zc,TA209,2012-06-12 09:01:44.530,7036.0000,470776,40,0.0000,166.0000,103,63,多开,B,7036.0000,0.0000,0.0000,0.0000,0.0000,7038.0000,0.0000,0.0000,0.0000,0.0000,203,0,0,0,0,211,0,0,0,0
zc,TA209,2012-06-12 09:01:45.327,7036.0000,470614,-162,0.0000,236.0000,37,199,空平,B,7036.0000,0.0000,0.0000,0.0000,0.0000,7038.0000,0.0000,0.0000,0.0000,0.0000,149,0,0,0,0,126,0,0,0,0
zc,TA209,2012-06-12 09:01:45.860,7040.0000,470648,34,0.0000,352.0000,193,159,多开,B,7036.0000,0.0000,0.0000,0.0000,0.0000,7040.0000,0.0000,0.0000,0.0000,0.0000,59,0,0,0,0,305,0,0,0,0
zc,TA209,2012-06-12 09:01:46.593,7038.0000,470644,-4,0.0000,24.0000,10,14,多平,S,7038.0000,0.0000,0.0000,0.0000,0.0000,7040.0000,0.0000,0.0000,0.0000,0.0000,126,0,0,0,0,299,0,0,0,0
zc,TA209,2012-06-12 09:01:47.030,7040.0000,470646,2,0.0000,40.0000,21,19,多开,B,7038.0000,0.0000,0.0000,0.0000,0.0000,7040.0000,0.0000,0.0000,0.0000,0.0000,128,0,0,0,0,293,0,0,0,0
zc,TA209,2012-06-12 09:01:47.843,7036.0000,470802,156,0.0000,706.0000,431,275,空开,S,7034.0000,0.0000,0.0000,0.0000,0.0000,7036.0000,0.0000,0.0000,0.0000,0.0000,238,0,0,0,0,402,0,0,0,0
zc,TA209,2012-06-12 09:01:48.547,7038.0000,471722,920,0.0000,1260.0000,1090,170,多开,B,7038.0000,0.0000,0.0000,0.0000,0.0000,7040.0000,0.0000,0.0000,0.0000,0.0000,1,0,0,0,0,147,0,0,0,0
zc,TA209,2012-06-12 09:01:49.047,7038.0000,471724,2,0.0000,4.0000,3,1,多开,B,7036.0000,0.0000,0.0000,0.0000,0.0000,7038.0000,0.0000,0.0000,0.0000,0.0000,39,0,0,0,0,6,0,0,0,0
zc,TA209,2012-06-12 09:01:49.593,7038.0000,471694,-30,0.0000,36.0000,3,33,空平,B,7038.0000,0.0000,0.0000,0.0000,0.0000,7040.0000,0.0000,0.0000,0.0000,0.0000,1,0,0,0,0,184,0,0,0,0
zc,TA209,2012-06-12 09:01:50.077,7040.0000,471864,170,0.0000,228.0000,199,29,多开,B,7038.0000,0.0000,0.0000,0.0000,0.0000,7040.0000,0.0000,0.0000,0.0000,0.0000,7,0,0,0,0,91,0,0,0,0
zc,TA209,2012-06-12 09:01:50.860,7036.0000,471862,-2,0.0000,30.0000,14,16,多平,S,7036.0000,0.0000,0.0000,0.0000,0.0000,7038.0000,0.0000,0.0000,0.0000,0.0000,34,0,0,0,0,83,0,0,0,0
zc,TA209,2012-06-12 09:01:51.313,7036.0000,471868,6,0.0000,14.0000,10,4,空开,S,7036.0000,0.0000,0.0000,0.0000,0.0000,7038.0000,0.0000,0.0000,0.0000,0.0000,34,0,0,0,0,87,0,0,0,0
zc,TA209,2012-06-12 09:01:52.063,7038.0000,471878,10,0.0000,24.0000,17,7,多开,B,7036.0000,0.0000,0.0000,0.0000,0.0000,7038.0000,0.0000,0.0000,0.0000,0.0000,32,0,0,0,0,157,0,0,0,0
zc,TA209,2012-06-12 09:01:52.327,7036.0000,471882,4,0.0000,86.0000,45,41,空开,S,7034.0000,0.0000,0.0000,0.0000,0.0000,7036.0000,0.0000,0.0000,0.0000,0.0000,159,0,0,0,0,402,0,0,0,0
zc,TA209,2012-06-12 09:01:53.077,7036.0000,471872,-10,0.0000,74.0000,32,42,多平,S,7034.0000,0.0000,0.0000,0.0000,0.0000,7036.0000,0.0000,0.0000,0.0000,0.0000,133,0,0,0,0,276,0,0,0,0
zc,TA209,2012-06-12 09:01:53.843,7036.0000,471760,-112,0.0000,380.0000,134,246,多平,S,7032.0000,0.0000,0.0000,0.0000,0.0000,7036.0000,0.0000,0.0000,0.0000,0.0000,371,0,0,0,0,220,0,0,0,0
zc,TA209,2012-06-12 09:01:54.077,7034.0000,471730,-30,0.0000,98.0000,34,64,多平,S,7032.0000,0.0000,0.0000,0.0000,0.0000,7034.0000,0.0000,0.0000,0.0000,0.0000,371,0,0,0,0,16,0,0,0,0
zc,TA209,2012-06-12 09:01:54.813,7036.0000,471744,14,0.0000,54.0000,34,20,多开,B,7034.0000,0.0000,0.0000,0.0000,0.0000,7036.0000,0.0000,0.0000,0.0000,0.0000,11,0,0,0,0,210,0,0,0,0
zc,TA209,2012-06-12 09:01:55.343,7036.0000,471448,-296,0.0000,434.0000,69,365,空平,B,7036.0000,0.0000,0.0000,0.0000,0.0000,7038.0000,0.0000,0.0000,0.0000,0.0000,213,0,0,0,0,172,0,0,0,0
zc,TA209,2012-06-12 09:01:56.030,7036.0000,471444,-4,0.0000,10.0000,3,7,空平,B,7036.0000,0.0000,0.0000,0.0000,0.0000,7038.0000,0.0000,0.0000,0.0000,0.0000,212,0,0,0,0,177,0,0,0,0
zc,TA209,2012-06-12 09:01:56.577,7036.0000,471414,-30,0.0000,154.0000,62,92,空平,B,7036.0000,0.0000,0.0000,0.0000,0.0000,7038.0000,0.0000,0.0000,0.0000,0.0000,148,0,0,0,0,172,0,0,0,0
zc,TA209,2012-06-12 09:01:57.297,7038.0000,471624,210,0.0000,352.0000,281,71,多开,B,7036.0000,0.0000,0.0000,0.0000,0.0000,7038.0000,0.0000,0.0000,0.0000,0.0000,138,0,0,0,0,34,0,0,0,0
zc,TA209,2012-06-12 09:01:57.593,7038.0000,471652,28,0.0000,464.0000,246,218,多开,B,7034.0000,0.0000,0.0000,0.0000,0.0000,7038.0000,0.0000,0.0000,0.0000,0.0000,111,0,0,0,0,25,0,0,0,0
zc,TA209,2012-06-12 09:01:58.327,7036.0000,471658,6,0.0000,8.0000,7,1,空开,S,7034.0000,0.0000,0.0000,0.0000,0.0000,7036.0000,0.0000,0.0000,0.0000,0.0000,111,0,0,0,0,62,0,0,0,0
zc,TA209,2012-06-12 09:01:59.093,7038.0000,471652,-6,0.0000,192.0000,93,99,空平,B,7036.0000,0.0000,0.0000,0.0000,0.0000,7038.0000,0.0000,0.0000,0.0000,0.0000,74,0,0,0,0,6,0,0,0,0
zc,TA209,2012-06-12 09:01:59.547,7034.0000,472150,498,0.0000,608.0000,553,55,空开,S,7036.0000,0.0000,0.0000,0.0000,0.0000,7038.0000,0.0000,0.0000,0.0000,0.0000,3,0,0,0,0,83,0,0,0,0
zc,TA209,2012-06-12 09:02:00.297,7038.0000,472148,-2,0.0000,26.0000,12,14,空平,B,7036.0000,0.0000,0.0000,0.0000,0.0000,7038.0000,0.0000,0.0000,0.0000,0.0000,24,0,0,0,0,73,0,0,0,0
zc,TA209,2012-06-12 09:02:00.797,7038.0000,472148,0,0.0000,10.0000,5,5,多换,B,7036.0000,0.0000,0.0000,0.0000,0.0000,7038.0000,0.0000,0.0000,0.0000,0.0000,26,0,0,0,0,76,0,0,0,0
zc,TA209,2012-06-12 09:02:01.577,7034.0000,472096,-52,0.0000,100.0000,24,76,多平,S,7034.0000,0.0000,0.0000,0.0000,0.0000,7036.0000,0.0000,0.0000,0.0000,0.0000,18,0,0,0,0,35,0,0,0,0
zc,TA209,2012-06-12 09:02:02.077,7034.0000,472312,216,0.0000,262.0000,239,23,空开,S,7032.0000,0.0000,0.0000,0.0000,0.0000,7034.0000,0.0000,0.0000,0.0000,0.0000,212,0,0,0,0,174,0,0,0,0
zc,TA209,2012-06-12 09:02:02.797,7034.0000,472532,220,0.0000,224.0000,222,2,空开,S,7032.0000,0.0000,0.0000,0.0000,0.0000,7034.0000,0.0000,0.0000,0.0000,0.0000,210,0,0,0,0,84,0,0,0,0
zc,TA209,2012-06-12 09:02:03.327,7034.0000,472498,-34,0.0000,512.0000,239,273,多平,S,7032.0000,0.0000,0.0000,0.0000,0.0000,7034.0000,0.0000,0.0000,0.0000,0.0000,73,0,0,0,0,55,0,0,0,0
zc,TA209,2012-06-12 09:02:04.093,7036.0000,472212,-286,0.0000,536.0000,125,411,空平,B,7034.0000,0.0000,0.0000,0.0000,0.0000,7038.0000,0.0000,0.0000,0.0000,0.0000,274,0,0,0,0,59,0,0,0,0
zc,TA209,2012-06-12 09:02:04.563,7034.0000,472212,0,0.0000,64.0000,32,32,空换,S,7034.0000,0.0000,0.0000,0.0000,0.0000,7038.0000,0.0000,0.0000,0.0000,0.0000,301,0,0,0,0,59,0,0,0,0
zc,TA209,2012-06-12 09:02:05.313,7038.0000,472222,10,0.0000,16.0000,13,3,多开,B,7034.0000,0.0000,0.0000,0.0000,0.0000,7038.0000,0.0000,0.0000,0.0000,0.0000,348,0,0,0,0,113,0,0,0,0
zc,TA209,2012-06-12 09:02:05.813,7038.0000,472220,-2,0.0000,34.0000,16,18,空平,B,7036.0000,0.0000,0.0000,0.0000,0.0000,7038.0000,0.0000,0.0000,0.0000,0.0000,141,0,0,0,0,115,0,0,0,0
zc,TA209,2012-06-12 09:02:06.577,7036.0000,472276,56,0.0000,60.0000,58,2,空开,S,7036.0000,0.0000,0.0000,0.0000,0.0000,7038.0000,0.0000,0.0000,0.0000,0.0000,213,0,0,0,0,108,0,0,0,0
zc,TA209,2012-06-12 09:02:06.797,7038.0000,472376,100,0.0000,150.0000,125,25,多开,B,7036.0000,0.0000,0.0000,0.0000,0.0000,7038.0000,0.0000,0.0000,0.0000,0.0000,277,0,0,0,0,42,0,0,0,0
zc,TA209,2012-06-12 09:02:07.577,7036.0000,472546,170,0.0000,190.0000,180,10,空开,S,7036.0000,0.0000,0.0000,0.0000,0.0000,7038.0000,0.0000,0.0000,0.0000,0.0000,240,0,0,0,0,50,0,0,0,0
zc,TA209,2012-06-12 09:02:08.327,7038.0000,472848,302,0.0000,492.0000,397,95,多开,B,7036.0000,0.0000,0.0000,0.0000,0.0000,7038.0000,0.0000,0.0000,0.0000,0.0000,36,0,0,0,0,8,0,0,0,0
zc,TA209,2012-06-12 09:02:09.110,7038.0000,472868,20,0.0000,34.0000,27,7,多开,B,7038.0000,0.0000,0.0000,0.0000,0.0000,7040.0000,0.0000,0.0000,0.0000,0.0000,41,0,0,0,0,168,0,0,0,0
zc,TA209,2012-06-12 09:02:09.530,7038.0000,472868,0,0.0000,2.0000,1,1,多换,B,7038.0000,0.0000,0.0000,0.0000,0.0000,7040.0000,0.0000,0.0000,0.0000,0.0000,247,0,0,0,0,168,0,0,0,0
zc,TA209,2012-06-12 09:02:10.077,7038.0000,472868,0,0.0000,10.0000,5,5,多换,B,7038.0000,0.0000,0.0000,0.0000,0.0000,7040.0000,0.0000,0.0000,0.0000,0.0000,260,0,0,0,0,123,0,0,0,0
zc,TA209,2012-06-12 09:02:10.780,7040.0000,472858,-10,0.0000,20.0000,5,15,空平,B,7038.0000,0.0000,0.0000,0.0000,0.0000,7040.0000,0.0000,0.0000,0.0000,0.0000,292,0,0,0,0,85,0,0,0,0
zc,TA209,2012-06-12 09:02:11.297,7040.0000,472802,-56,0.0000,214.0000,79,135,空平,B,7040.0000,0.0000,0.0000,0.0000,0.0000,7042.0000,0.0000,0.0000,0.0000,0.0000,19,0,0,0,0,56,0,0,0,0
zc,TA209,2012-06-12 09:02:12.077,7040.0000,472762,-40,0.0000,108.0000,34,74,空平,B,7040.0000,0.0000,0.0000,0.0000,0.0000,7042.0000,0.0000,0.0000,0.0000,0.0000,74,0,0,0,0,54,0,0,0,0
zc,TA209,2012-06-12 09:02:12.280,7042.0000,472768,6,0.0000,26.0000,16,10,多开,B,7040.0000,0.0000,0.0000,0.0000,0.0000,7042.0000,0.0000,0.0000,0.0000,0.0000,136,0,0,0,0,185,0,0,0,0
zc,TA209,2012-06-12 09:02:13.047,7040.0000,472796,28,0.0000,156.0000,92,64,空开,S,7040.0000,0.0000,0.0000,0.0000,0.0000,7042.0000,0.0000,0.0000,0.0000,0.0000,71,0,0,0,0,169,0,0,0,0
zc,TA209,2012-06-12 09:02:13.593,7038.0000,472776,-20,0.0000,228.0000,104,124,多平,S,7038.0000,0.0000,0.0000,0.0000,0.0000,7040.0000,0.0000,0.0000,0.0000,0.0000,283,0,0,0,0,71,0,0,0,0
zc,TA209,2012-06-12 09:02:14.267,7040.0000,472850,74,0.0000,88.0000,81,7,多开,B,7038.0000,0.0000,0.0000,0.0000,0.0000,7040.0000,0.0000,0.0000,0.0000,0.0000,276,0,0,0,0,90,0,0,0,0
zc,TA209,2012-06-12 09:02:14.827,7038.0000,472860,10,0.0000,32.0000,21,11,空开,S,7038.0000,0.0000,0.0000,0.0000,0.0000,7040.0000,0.0000,0.0000,0.0000,0.0000,277,0,0,0,0,166,0,0,0,0
zc,TA209,2012-06-12 09:02:15.280,7040.0000,472890,30,0.0000,32.0000,31,1,多开,B,7038.0000,0.0000,0.0000,0.0000,0.0000,7040.0000,0.0000,0.0000,0.0000,0.0000,281,0,0,0,0,370,0,0,0,0
zc,TA209,2012-06-12 09:02:16.077,7038.0000,473230,340,0.0000,1000.0000,670,330,空开,S,7036.0000,0.0000,0.0000,0.0000,0.0000,7038.0000,0.0000,0.0000,0.0000,0.0000,105,0,0,0,0,38,0,0,0,0
zc,TA209,2012-06-12 09:02:16.563,7038.0000,473434,204,0.0000,304.0000,254,50,空开,S,7036.0000,0.0000,0.0000,0.0000,0.0000,7038.0000,0.0000,0.0000,0.0000,0.0000,46,0,0,0,0,59,0,0,0,0
zc,TA209,2012-06-12 09:02:17.327,7040.0000,473392,-42,0.0000,588.0000,273,315,空平,B,7040.0000,0.0000,0.0000,0.0000,0.0000,7042.0000,0.0000,0.0000,0.0000,0.0000,16,0,0,0,0,105,0,0,0,0
zc,TA209,2012-06-12 09:02:17.860,7038.0000,473474,82,0.0000,124.0000,103,21,空开,S,7040.0000,0.0000,0.0000,0.0000,0.0000,7042.0000,0.0000,0.0000,0.0000,0.0000,1,0,0,0,0,105,0,0,0,0
zc,TA209,2012-06-12 09:02:18.313,7040.0000,473460,-14,0.0000,40.0000,13,27,空平,B,7040.0000,0.0000,0.0000,0.0000,0.0000,7042.0000,0.0000,0.0000,0.0000,0.0000,1,0,0,0,0,106,0,0,0,0
zc,TA209,2012-06-12 09:02:18.843,7042.0000,473464,4,0.0000,36.0000,20,16,多开,B,7038.0000,0.0000,0.0000,0.0000,0.0000,7040.0000,0.0000,0.0000,0.0000,0.0000,708,0,0,0,0,4,0,0,0,0
zc,TA209,2012-06-12 09:02:19.577,7040.0000,473466,2,0.0000,38.0000,20,18,空开,S,7038.0000,0.0000,0.0000,0.0000,0.0000,7040.0000,0.0000,0.0000,0.0000,0.0000,693,0,0,0,0,49,0,0,0,0
zc,TA209,2012-06-12 09:02:20.063,7040.0000,473484,18,0.0000,62.0000,40,22,空开,S,7038.0000,0.0000,0.0000,0.0000,0.0000,7040.0000,0.0000,0.0000,0.0000,0.0000,690,0,0,0,0,30,0,0,0,0
zc,TA209,2012-06-12 09:02:20.813,7042.0000,473456,-28,0.0000,260.0000,116,144,空平,B,7040.0000,0.0000,0.0000,0.0000,0.0000,7042.0000,0.0000,0.0000,0.0000,0.0000,104,0,0,0,0,87,0,0,0,0
zc,TA209,2012-06-12 09:02:21.327,7040.0000,473452,-4,0.0000,136.0000,66,70,多平,S,7040.0000,0.0000,0.0000,0.0000,0.0000,7042.0000,0.0000,0.0000,0.0000,0.0000,153,0,0,0,0,87,0,0,0,0
zc,TA209,2012-06-12 09:02:21.780,7040.0000,473388,-64,0.0000,230.0000,83,147,多平,S,7040.0000,0.0000,0.0000,0.0000,0.0000,7042.0000,0.0000,0.0000,0.0000,0.0000,189,0,0,0,0,26,0,0,0,0
zc,TA209,2012-06-12 09:02:22.530,7042.0000,473390,2,0.0000,10.0000,6,4,多开,B,7040.0000,0.0000,0.0000,0.0000,0.0000,7042.0000,0.0000,0.0000,0.0000,0.0000,193,0,0,0,0,52,0,0,0,0
zc,TA209,2012-06-12 09:02:23.063,7042.0000,473410,20,0.0000,30.0000,25,5,多开,B,7040.0000,0.0000,0.0000,0.0000,0.0000,7042.0000,0.0000,0.0000,0.0000,0.0000,192,0,0,0,0,38,0,0,0,0
zc,TA209,2012-06-12 09:02:23.827,7042.0000,473446,36,0.0000,86.0000,61,25,多开,B,7040.0000,0.0000,0.0000,0.0000,0.0000,7042.0000,0.0000,0.0000,0.0000,0.0000,188,0,0,0,0,10,0,0,0,0
zc,TA209,2012-06-12 09:02:24.077,7044.0000,473530,84,0.0000,120.0000,102,18,多开,B,7040.0000,0.0000,0.0000,0.0000,0.0000,7044.0000,0.0000,0.0000,0.0000,0.0000,145,0,0,0,0,957,0,0,0,0
zc,TA209,2012-06-12 09:02:24.843,7044.0000,473532,2,0.0000,14.0000,8,6,多开,B,7042.0000,0.0000,0.0000,0.0000,0.0000,7044.0000,0.0000,0.0000,0.0000,0.0000,3,0,0,0,0,955,0,0,0,0
zc,TA209,2012-06-12 09:02:25.313,7044.0000,473532,0,0.0000,2.0000,1,1,多换,B,7042.0000,0.0000,0.0000,0.0000,0.0000,7044.0000,0.0000,0.0000,0.0000,0.0000,16,0,0,0,0,968,0,0,0,0
zc,TA209,2012-06-12 09:02:26.030,7044.0000,473522,-10,0.0000,40.0000,15,25,空平,B,7042.0000,0.0000,0.0000,0.0000,0.0000,7044.0000,0.0000,0.0000,0.0000,0.0000,55,0,0,0,0,955,0,0,0,0
zc,TA209,2012-06-12 09:02:26.563,7042.0000,472568,-954,0.0000,1078.0000,62,1016,多平,S,7042.0000,0.0000,0.0000,0.0000,0.0000,7044.0000,0.0000,0.0000,0.0000,0.0000,89,0,0,0,0,484,0,0,0,0
zc,TA209,2012-06-12 09:02:27.313,7042.0000,471780,-788,0.0000,922.0000,67,855,多平,S,7042.0000,0.0000,0.0000,0.0000,0.0000,7044.0000,0.0000,0.0000,0.0000,0.0000,177,0,0,0,0,115,0,0,0,0
zc,TA209,2012-06-12 09:02:27.860,7044.0000,471706,-74,0.0000,468.0000,197,271,空平,B,7044.0000,0.0000,0.0000,0.0000,0.0000,7046.0000,0.0000,0.0000,0.0000,0.0000,132,0,0,0,0,94,0,0,0,0
zc,TA209,2012-06-12 09:02:28.313,7046.0000,471824,118,0.0000,298.0000,208,90,多开,B,7046.0000,0.0000,0.0000,0.0000,0.0000,7048.0000,0.0000,0.0000,0.0000,0.0000,91,0,0,0,0,381,0,0,0,0
zc,TA209,2012-06-12 09:02:29.093,7048.0000,471896,72,0.0000,134.0000,103,31,多开,B,7046.0000,0.0000,0.0000,0.0000,0.0000,7048.0000,0.0000,0.0000,0.0000,0.0000,215,0,0,0,0,316,0,0,0,0
zc,TA209,2012-06-12 09:02:29.547,7048.0000,471900,4,0.0000,46.0000,25,21,多开,B,7046.0000,0.0000,0.0000,0.0000,0.0000,7048.0000,0.0000,0.0000,0.0000,0.0000,236,0,0,0,0,318,0,0,0,0
zc,TA209,2012-06-12 09:02:30.313,7048.0000,472122,222,0.0000,254.0000,238,16,多开,B,7046.0000,0.0000,0.0000,0.0000,0.0000,7048.0000,0.0000,0.0000,0.0000,0.0000,256,0,0,0,0,222,0,0,0,0
zc,TA209,2012-06-12 09:02:30.780,7048.0000,472136,14,0.0000,164.0000,89,75,多开,B,7046.0000,0.0000,0.0000,0.0000,0.0000,7048.0000,0.0000,0.0000,0.0000,0.0000,226,0,0,0,0,182,0,0,0,0
zc,TA209,2012-06-12 09:02:31.313,7048.0000,472148,12,0.0000,314.0000,163,151,多开,B,7046.0000,0.0000,0.0000,0.0000,0.0000,7048.0000,0.0000,0.0000,0.0000,0.0000,315,0,0,0,0,83,0,0,0,0
zc,TA209,2012-06-12 09:02:32.063,7046.0000,472122,-26,0.0000,232.0000,103,129,多平,S,7048.0000,0.0000,0.0000,0.0000,0.0000,7050.0000,0.0000,0.0000,0.0000,0.0000,10,0,0,0,0,162,0,0,0,0
zc,TA209,2012-06-12 09:02:32.517,7050.0000,472206,84,0.0000,218.0000,151,67,多开,B,7048.0000,0.0000,0.0000,0.0000,0.0000,7050.0000,0.0000,0.0000,0.0000,0.0000,11,0,0,0,0,77,0,0,0,0
zc,TA209,2012-06-12 09:02:33.343,7056.0000,472260,54,0.0000,520.0000,287,233,多开,B,7054.0000,0.0000,0.0000,0.0000,0.0000,7056.0000,0.0000,0.0000,0.0000,0.0000,40,0,0,0,0,3,0,0,0,0
zc,TA209,2012-06-12 09:02:34.077,7056.0000,472326,66,0.0000,110.0000,88,22,多开,B,7054.0000,0.0000,0.0000,0.0000,0.0000,7056.0000,0.0000,0.0000,0.0000,0.0000,105,0,0,0,0,14,0,0,0,0
zc,TA209,2012-06-12 09:02:34.577,7056.0000,472278,-48,0.0000,112.0000,32,80,空平,B,7056.0000,0.0000,0.0000,0.0000,0.0000,7058.0000,0.0000,0.0000,0.0000,0.0000,66,0,0,0,0,182,0,0,0,0
zc,TA209,2012-06-12 09:02:35.343,7054.0000,472494,216,0.0000,1082.0000,649,433,空开,S,7052.0000,0.0000,0.0000,0.0000,0.0000,7054.0000,0.0000,0.0000,0.0000,0.0000,2,0,0,0,0,26,0,0,0,0
zc,TA209,2012-06-12 09:02:35.827,7056.0000,472246,-248,0.0000,344.0000,48,296,空平,B,7056.0000,0.0000,0.0000,0.0000,0.0000,7060.0000,0.0000,0.0000,0.0000,0.0000,112,0,0,0,0,301,0,0,0,0
zc,TA209,2012-06-12 09:02:36.563,7052.0000,472000,-246,0.0000,396.0000,75,321,多平,S,7052.0000,0.0000,0.0000,0.0000,0.0000,7054.0000,0.0000,0.0000,0.0000,0.0000,4,0,0,0,0,52,0,0,0,0
zc,TA209,2012-06-12 09:02:37.063,7054.0000,471990,-10,0.0000,546.0000,268,278,空平,B,7054.0000,0.0000,0.0000,0.0000,0.0000,7056.0000,0.0000,0.0000,0.0000,0.0000,14,0,0,0,0,3,0,0,0,0
zc,TA209,2012-06-12 09:02:37.827,7056.0000,471998,8,0.0000,84.0000,46,38,多开,B,7054.0000,0.0000,0.0000,0.0000,0.0000,7056.0000,0.0000,0.0000,0.0000,0.0000,16,0,0,0,0,64,0,0,0,0
zc,TA209,2012-06-12 09:02:38.297,7056.0000,471896,-102,0.0000,146.0000,22,124,空平,B,7054.0000,0.0000,0.0000,0.0000,0.0000,7056.0000,0.0000,0.0000,0.0000,0.0000,50,0,0,0,0,174,0,0,0,0
zc,TA209,2012-06-12 09:02:39.047,7054.0000,471824,-72,0.0000,148.0000,38,110,多平,S,7054.0000,0.0000,0.0000,0.0000,0.0000,7056.0000,0.0000,0.0000,0.0000,0.0000,105,0,0,0,0,122,0,0,0,0
zc,TA209,2012-06-12 09:02:39.530,7054.0000,471730,-94,0.0000,328.0000,117,211,多平,S,7054.0000,0.0000,0.0000,0.0000,0.0000,7056.0000,0.0000,0.0000,0.0000,0.0000,49,0,0,0,0,139,0,0,0,0
zc,TA209,2012-06-12 09:02:40.093,7056.0000,471712,-18,0.0000,338.0000,160,178,空平,B,7056.0000,0.0000,0.0000,0.0000,0.0000,7058.0000,0.0000,0.0000,0.0000,0.0000,574,0,0,0,0,84,0,0,0,0
zc,TA209,2012-06-12 09:02:40.797,7056.0000,471726,14,0.0000,76.0000,45,31,多开,B,7056.0000,0.0000,0.0000,0.0000,0.0000,7058.0000,0.0000,0.0000,0.0000,0.0000,561,0,0,0,0,88,0,0,0,0
zc,TA209,2012-06-12 09:02:41.327,7058.0000,471804,78,0.0000,248.0000,163,85,多开,B,7058.0000,0.0000,0.0000,0.0000,0.0000,7060.0000,0.0000,0.0000,0.0000,0.0000,98,0,0,0,0,405,0,0,0,0
zc,TA209,2012-06-12 09:02:42.047,7060.0000,471824,20,0.0000,82.0000,51,31,多开,B,7058.0000,0.0000,0.0000,0.0000,0.0000,7060.0000,0.0000,0.0000,0.0000,0.0000,143,0,0,0,0,437,0,0,0,0
zc,TA209,2012-06-12 09:02:42.547,7060.0000,471774,-50,0.0000,100.0000,25,75,空平,B,7058.0000,0.0000,0.0000,0.0000,0.0000,7060.0000,0.0000,0.0000,0.0000,0.0000,107,0,0,0,0,428,0,0,0,0
zc,TA209,2012-06-12 09:02:43.077,7060.0000,471772,-2,0.0000,238.0000,118,120,空平,B,7058.0000,0.0000,0.0000,0.0000,0.0000,7060.0000,0.0000,0.0000,0.0000,0.0000,104,0,0,0,0,316,0,0,0,0
zc,TA209,2012-06-12 09:02:43.563,7060.0000,471918,146,0.0000,276.0000,211,65,多开,B,7058.0000,0.0000,0.0000,0.0000,0.0000,7060.0000,0.0000,0.0000,0.0000,0.0000,342,0,0,0,0,229,0,0,0,0
zc,TA209,2012-06-12 09:02:44.373,7062.0000,472096,178,0.0000,544.0000,361,183,多开,B,7060.0000,0.0000,0.0000,0.0000,0.0000,7062.0000,0.0000,0.0000,0.0000,0.0000,328,0,0,0,0,13,0,0,0,0
zc,TA209,2012-06-12 09:02:45.047,7060.0000,472160,64,0.0000,134.0000,99,35,空开,S,7060.0000,0.0000,0.0000,0.0000,0.0000,7064.0000,0.0000,0.0000,0.0000,0.0000,811,0,0,0,0,109,0,0,0,0
zc,TA209,2012-06-12 09:02:45.593,7062.0000,472188,28,0.0000,82.0000,55,27,多开,B,7062.0000,0.0000,0.0000,0.0000,0.0000,7064.0000,0.0000,0.0000,0.0000,0.0000,160,0,0,0,0,139,0,0,0,0
zc,TA209,2012-06-12 09:02:46.297,7064.0000,472286,98,0.0000,562.0000,330,232,多开,B,7064.0000,0.0000,0.0000,0.0000,0.0000,7066.0000,0.0000,0.0000,0.0000,0.0000,114,0,0,0,0,1,0,0,0,0
zc,TA209,2012-06-12 09:02:46.827,7066.0000,472354,68,0.0000,78.0000,73,5,多开,B,7064.0000,0.0000,0.0000,0.0000,0.0000,7066.0000,0.0000,0.0000,0.0000,0.0000,147,0,0,0,0,1,0,0,0,0
zc,TA209,2012-06-12 09:02:47.313,7064.0000,472366,12,0.0000,32.0000,22,10,空开,S,7066.0000,0.0000,0.0000,0.0000,0.0000,7068.0000,0.0000,0.0000,0.0000,0.0000,8,0,0,0,0,9,0,0,0,0
zc,TA209,2012-06-12 09:02:47.827,7066.0000,473288,922,0.0000,946.0000,934,12,多开,B,7066.0000,0.0000,0.0000,0.0000,0.0000,7068.0000,0.0000,0.0000,0.0000,0.0000,574,0,0,0,0,71,0,0,0,0
zc,TA209,2012-06-12 09:02:48.593,7066.0000,473278,-10,0.0000,96.0000,43,53,空平,B,7066.0000,0.0000,0.0000,0.0000,0.0000,7068.0000,0.0000,0.0000,0.0000,0.0000,572,0,0,0,0,91,0,0,0,0
zc,TA209,2012-06-12 09:02:49.093,7066.0000,473256,-22,0.0000,298.0000,138,160,空平,B,7066.0000,0.0000,0.0000,0.0000,0.0000,7068.0000,0.0000,0.0000,0.0000,0.0000,531,0,0,0,0,73,0,0,0,0
zc,TA209,2012-06-12 09:02:49.797,7066.0000,473380,124,0.0000,174.0000,149,25,多开,B,7066.0000,0.0000,0.0000,0.0000,0.0000,7068.0000,0.0000,0.0000,0.0000,0.0000,512,0,0,0,0,33,0,0,0,0
zc,TA209,2012-06-12 09:02:50.297,7066.0000,473544,164,0.0000,558.0000,361,197,多开,B,7066.0000,0.0000,0.0000,0.0000,0.0000,7068.0000,0.0000,0.0000,0.0000,0.0000,377,0,0,0,0,10,0,0,0,0
zc,TA209,2012-06-12 09:02:51.063,7068.0000,474226,682,0.0000,1498.0000,1090,408,多开,B,7068.0000,0.0000,0.0000,0.0000,0.0000,7070.0000,0.0000,0.0000,0.0000,0.0000,145,0,0,0,0,119,0,0,0,0
zc,TA209,2012-06-12 09:02:51.577,7068.0000,474150,-76,0.0000,552.0000,238,314,空平,B,7066.0000,0.0000,0.0000,0.0000,0.0000,7068.0000,0.0000,0.0000,0.0000,0.0000,164,0,0,0,0,213,0,0,0,0
zc,TA209,2012-06-12 09:02:52.297,7066.0000,474278,128,0.0000,570.0000,349,221,空开,S,7064.0000,0.0000,0.0000,0.0000,0.0000,7066.0000,0.0000,0.0000,0.0000,0.0000,183,0,0,0,0,298,0,0,0,0
zc,TA209,2012-06-12 09:02:52.797,7066.0000,474336,58,0.0000,142.0000,100,42,空开,S,7064.0000,0.0000,0.0000,0.0000,0.0000,7066.0000,0.0000,0.0000,0.0000,0.0000,155,0,0,0,0,578,0,0,0,0
zc,TA209,2012-06-12 09:02:53.593,7064.0000,474798,462,0.0000,922.0000,692,230,空开,S,7062.0000,0.0000,0.0000,0.0000,0.0000,7064.0000,0.0000,0.0000,0.0000,0.0000,173,0,0,0,0,1,0,0,0,0
zc,TA209,2012-06-12 09:02:54.063,7064.0000,474816,18,0.0000,180.0000,99,81,空开,S,7062.0000,0.0000,0.0000,0.0000,0.0000,7064.0000,0.0000,0.0000,0.0000,0.0000,150,0,0,0,0,11,0,0,0,0
zc,TA209,2012-06-12 09:02:54.813,7062.0000,474822,6,0.0000,128.0000,67,61,空开,S,7062.0000,0.0000,0.0000,0.0000,0.0000,7064.0000,0.0000,0.0000,0.0000,0.0000,171,0,0,0,0,75,0,0,0,0
zc,TA209,2012-06-12 09:02:55.593,7062.0000,474844,22,0.0000,220.0000,121,99,空开,S,7062.0000,0.0000,0.0000,0.0000,0.0000,7066.0000,0.0000,0.0000,0.0000,0.0000,81,0,0,0,0,372,0,0,0,0
zc,TA209,2012-06-12 09:02:56.063,7066.0000,474886,42,0.0000,104.0000,73,31,多开,B,7064.0000,0.0000,0.0000,0.0000,0.0000,7066.0000,0.0000,0.0000,0.0000,0.0000,26,0,0,0,0,308,0,0,0,0
zc,TA209,2012-06-12 09:02:56.813,7062.0000,475200,314,0.0000,882.0000,598,284,空开,S,7062.0000,0.0000,0.0000,0.0000,0.0000,7064.0000,0.0000,0.0000,0.0000,0.0000,20,0,0,0,0,85,0,0,0,0
zc,TA209,2012-06-12 09:02:57.280,7064.0000,475200,0,0.0000,50.0000,25,25,多换,B,7062.0000,0.0000,0.0000,0.0000,0.0000,7064.0000,0.0000,0.0000,0.0000,0.0000,20,0,0,0,0,287,0,0,0,0
zc,TA209,2012-06-12 09:02:58.063,7062.0000,475188,-12,0.0000,86.0000,37,49,多平,S,7062.0000,0.0000,0.0000,0.0000,0.0000,7064.0000,0.0000,0.0000,0.0000,0.0000,60,0,0,0,0,274,0,0,0,0
zc,TA209,2012-06-12 09:02:58.530,7064.0000,475004,-184,0.0000,242.0000,29,213,空平,B,7062.0000,0.0000,0.0000,0.0000,0.0000,7064.0000,0.0000,0.0000,0.0000,0.0000,206,0,0,0,0,174,0,0,0,0
zc,TA209,2012-06-12 09:02:59.093,7062.0000,475340,336,0.0000,1326.0000,831,495,空开,S,7060.0000,0.0000,0.0000,0.0000,0.0000,7062.0000,0.0000,0.0000,0.0000,0.0000,231,0,0,0,0,47,0,0,0,0
zc,TA209,2012-06-12 09:02:59.517,7060.0000,475142,-198,0.0000,454.0000,128,326,多平,S,7060.0000,0.0000,0.0000,0.0000,0.0000,7062.0000,0.0000,0.0000,0.0000,0.0000,134,0,0,0,0,19,0,0,0,0
zc,TA209,2012-06-12 09:03:00.280,7062.0000,475120,-22,0.0000,96.0000,37,59,空平,B,7060.0000,0.0000,0.0000,0.0000,0.0000,7062.0000,0.0000,0.0000,0.0000,0.0000,129,0,0,0,0,103,0,0,0,0
zc,TA209,2012-06-12 09:03:00.797,7060.0000,475138,18,0.0000,120.0000,69,51,空开,S,7060.0000,0.0000,0.0000,0.0000,0.0000,7062.0000,0.0000,0.0000,0.0000,0.0000,177,0,0,0,0,107,0,0,0,0
zc,TA209,2012-06-12 09:03:01.563,7064.0000,475316,178,0.0000,422.0000,300,122,多开,B,7062.0000,0.0000,0.0000,0.0000,0.0000,7064.0000,0.0000,0.0000,0.0000,0.0000,332,0,0,0,0,4,0,0,0,0
zc,TA209,2012-06-12 09:03:02.093,7064.0000,475272,-44,0.0000,214.0000,85,129,空平,B,7064.0000,0.0000,0.0000,0.0000,0.0000,7066.0000,0.0000,0.0000,0.0000,0.0000,74,0,0,0,0,127,0,0,0,0
zc,TA209,2012-06-12 09:03:02.843,7064.0000,475242,-30,0.0000,86.0000,28,58,空平,B,7064.0000,0.0000,0.0000,0.0000,0.0000,7066.0000,0.0000,0.0000,0.0000,0.0000,226,0,0,0,0,143,0,0,0,0
zc,TA209,2012-06-12 09:03:03.593,7066.0000,475212,-30,0.0000,224.0000,97,127,空平,B,7064.0000,0.0000,0.0000,0.0000,0.0000,7066.0000,0.0000,0.0000,0.0000,0.0000,179,0,0,0,0,150,0,0,0,0
zc,TA209,2012-06-12 09:03:04.030,7064.0000,475226,14,0.0000,108.0000,61,47,空开,S,7064.0000,0.0000,0.0000,0.0000,0.0000,7066.0000,0.0000,0.0000,0.0000,0.0000,207,0,0,0,0,117,0,0,0,0
zc,TA209,2012-06-12 09:03:04.547,7064.0000,475266,40,0.0000,300.0000,170,130,空开,S,7064.0000,0.0000,0.0000,0.0000,0.0000,7066.0000,0.0000,0.0000,0.0000,0.0000,70,0,0,0,0,106,0,0,0,0
zc,TA209,2012-06-12 09:03:05.360,7066.0000,475344,78,0.0000,544.0000,311,233,多开,B,7062.0000,0.0000,0.0000,0.0000,0.0000,7064.0000,0.0000,0.0000,0.0000,0.0000,300,0,0,0,0,17,0,0,0,0
zc,TA209,2012-06-12 09:03:06.047,7062.0000,475336,-8,0.0000,22.0000,7,15,多平,S,7062.0000,0.0000,0.0000,0.0000,0.0000,7064.0000,0.0000,0.0000,0.0000,0.0000,330,0,0,0,0,23,0,0,0,0
zc,TA209,2012-06-12 09:03:06.563,7064.0000,475290,-46,0.0000,122.0000,38,84,空平,B,7062.0000,0.0000,0.0000,0.0000,0.0000,7064.0000,0.0000,0.0000,0.0000,0.0000,281,0,0,0,0,7,0,0,0,0
zc,TA209,2012-06-12 09:03:07.030,7066.0000,475242,-48,0.0000,434.0000,193,241,空平,B,7066.0000,0.0000,0.0000,0.0000,0.0000,7068.0000,0.0000,0.0000,0.0000,0.0000,24,0,0,0,0,208,0,0,0,0
zc,TA209,2012-06-12 09:03:07.593,7066.0000,475266,24,0.0000,186.0000,105,81,多开,B,7066.0000,0.0000,0.0000,0.0000,0.0000,7068.0000,0.0000,0.0000,0.0000,0.0000,11,0,0,0,0,199,0,0,0,0
zc,TA209,2012-06-12 09:03:08.327,7066.0000,475300,34,0.0000,80.0000,57,23,多开,B,7066.0000,0.0000,0.0000,0.0000,0.0000,7068.0000,0.0000,0.0000,0.0000,0.0000,149,0,0,0,0,212,0,0,0,0
zc,TA209,2012-06-12 09:03:09.077,7066.0000,475428,128,0.0000,480.0000,304,176,多开,B,7066.0000,0.0000,0.0000,0.0000,0.0000,7068.0000,0.0000,0.0000,0.0000,0.0000,25,0,0,0,0,167,0,0,0,0
zc,TA209,2012-06-12 09:03:09.860,7064.0000,475504,76,0.0000,348.0000,212,136,空开,S,7064.0000,0.0000,0.0000,0.0000,0.0000,7066.0000,0.0000,0.0000,0.0000,0.0000,62,0,0,0,0,109,0,0,0,0
zc,TA209,2012-06-12 09:03:10.313,7066.0000,475604,100,0.0000,372.0000,236,136,多开,B,7064.0000,0.0000,0.0000,0.0000,0.0000,7066.0000,0.0000,0.0000,0.0000,0.0000,147,0,0,0,0,129,0,0,0,0
zc,TA209,2012-06-12 09:03:11.047,7066.0000,475224,-380,0.0000,1026.0000,323,703,空平,B,7064.0000,0.0000,0.0000,0.0000,0.0000,7066.0000,0.0000,0.0000,0.0000,0.0000,141,0,0,0,0,99,0,0,0,0
zc,TA209,2012-06-12 09:03:11.547,7064.0000,475162,-62,0.0000,244.0000,91,153,多平,S,7064.0000,0.0000,0.0000,0.0000,0.0000,7068.0000,0.0000,0.0000,0.0000,0.0000,155,0,0,0,0,13,0,0,0,0
zc,TA209,2012-06-12 09:03:12.297,7064.0000,474922,-240,0.0000,312.0000,36,276,多平,S,7064.0000,0.0000,0.0000,0.0000,0.0000,7066.0000,0.0000,0.0000,0.0000,0.0000,21,0,0,0,0,17,0,0,0,0
zc,TA209,2012-06-12 09:03:12.827,7066.0000,474842,-80,0.0000,184.0000,52,132,空平,B,7066.0000,0.0000,0.0000,0.0000,0.0000,7068.0000,0.0000,0.0000,0.0000,0.0000,48,0,0,0,0,47,0,0,0,0
zc,TA209,2012-06-12 09:03:13.547,7066.0000,474828,-14,0.0000,26.0000,6,20,空平,B,7066.0000,0.0000,0.0000,0.0000,0.0000,7068.0000,0.0000,0.0000,0.0000,0.0000,36,0,0,0,0,66,0,0,0,0
zc,TA209,2012-06-12 09:03:13.843,7064.0000,474790,-38,0.0000,92.0000,27,65,多平,S,7064.0000,0.0000,0.0000,0.0000,0.0000,7066.0000,0.0000,0.0000,0.0000,0.0000,72,0,0,0,0,8,0,0,0,0
zc,TA209,2012-06-12 09:03:14.547,7064.0000,474798,8,0.0000,28.0000,18,10,空开,S,7064.0000,0.0000,0.0000,0.0000,0.0000,7066.0000,0.0000,0.0000,0.0000,0.0000,93,0,0,0,0,58,0,0,0,0
zc,TA209,2012-06-12 09:03:15.047,7066.0000,474888,90,0.0000,202.0000,146,56,多开,B,7064.0000,0.0000,0.0000,0.0000,0.0000,7066.0000,0.0000,0.0000,0.0000,0.0000,29,0,0,0,0,38,0,0,0,0
zc,TA209,2012-06-12 09:03:15.813,7066.0000,474920,32,0.0000,100.0000,66,34,多开,B,7064.0000,0.0000,0.0000,0.0000,0.0000,7066.0000,0.0000,0.0000,0.0000,0.0000,10,0,0,0,0,196,0,0,0,0
zc,TA209,2012-06-12 09:03:16.327,7064.0000,474626,-294,0.0000,464.0000,85,379,多平,S,7062.0000,0.0000,0.0000,0.0000,0.0000,7064.0000,0.0000,0.0000,0.0000,0.0000,286,0,0,0,0,189,0,0,0,0
zc,TA209,2012-06-12 09:03:17.093,7064.0000,474610,-16,0.0000,94.0000,39,55,多平,S,7062.0000,0.0000,0.0000,0.0000,0.0000,7064.0000,0.0000,0.0000,0.0000,0.0000,249,0,0,0,0,180,0,0,0,0
zc,TA209,2012-06-12 09:03:17.547,7062.0000,474442,-168,0.0000,368.0000,100,268,多平,S,7062.0000,0.0000,0.0000,0.0000,0.0000,7064.0000,0.0000,0.0000,0.0000,0.0000,248,0,0,0,0,9,0,0,0,0
zc,TA209,2012-06-12 09:03:18.297,7062.0000,474430,-12,0.0000,52.0000,20,32,多平,S,7062.0000,0.0000,0.0000,0.0000,0.0000,7064.0000,0.0000,0.0000,0.0000,0.0000,251,0,0,0,0,64,0,0,0,0
zc,TA209,2012-06-12 09:03:19.547,7064.0000,474176,-254,0.0000,540.0000,143,397,空平,B,7062.0000,0.0000,0.0000,0.0000,0.0000,7064.0000,0.0000,0.0000,0.0000,0.0000,366,0,0,0,0,79,0,0,0,0
zc,TA209,2012-06-12 09:03:20.030,7062.0000,474176,0,0.0000,22.0000,11,11,空换,S,7062.0000,0.0000,0.0000,0.0000,0.0000,7064.0000,0.0000,0.0000,0.0000,0.0000,361,0,0,0,0,79,0,0,0,0
zc,TA209,2012-06-12 09:03:20.530,7062.0000,474118,-58,0.0000,170.0000,56,114,多平,S,7062.0000,0.0000,0.0000,0.0000,0.0000,7064.0000,0.0000,0.0000,0.0000,0.0000,346,0,0,0,0,31,0,0,0,0
zc,TA209,2012-06-12 09:03:21.280,7064.0000,474108,-10,0.0000,52.0000,21,31,空平,B,7062.0000,0.0000,0.0000,0.0000,0.0000,7064.0000,0.0000,0.0000,0.0000,0.0000,328,0,0,0,0,33,0,0,0,0
zc,TA209,2012-06-12 09:03:21.813,7062.0000,474128,20,0.0000,66.0000,43,23,空开,S,7062.0000,0.0000,0.0000,0.0000,0.0000,7064.0000,0.0000,0.0000,0.0000,0.0000,328,0,0,0,0,5,0,0,0,0
zc,TA209,2012-06-12 09:03:22.327,7062.0000,473738,-390,0.0000,680.0000,145,535,多平,S,7060.0000,0.0000,0.0000,0.0000,0.0000,7062.0000,0.0000,0.0000,0.0000,0.0000,380,0,0,0,0,271,0,0,0,0
zc,TA209,2012-06-12 09:03:23.047,7060.0000,473350,-388,0.0000,390.0000,1,389,多平,S,7060.0000,0.0000,0.0000,0.0000,0.0000,7062.0000,0.0000,0.0000,0.0000,0.0000,379,0,0,0,0,85,0,0,0,0
zc,TA209,2012-06-12 09:03:23.563,7060.0000,473352,2,0.0000,8.0000,5,3,空开,S,7060.0000,0.0000,0.0000,0.0000,0.0000,7062.0000,0.0000,0.0000,0.0000,0.0000,377,0,0,0,0,193,0,0,0,0
zc,TA209,2012-06-12 09:03:24.297,7060.0000,473310,-42,0.0000,74.0000,16,58,多平,S,7060.0000,0.0000,0.0000,0.0000,0.0000,7062.0000,0.0000,0.0000,0.0000,0.0000,372,0,0,0,0,163,0,0,0,0
zc,TA209,2012-06-12 09:03:24.577,7060.0000,473286,-24,0.0000,40.0000,8,32,多平,S,7060.0000,0.0000,0.0000,0.0000,0.0000,7062.0000,0.0000,0.0000,0.0000,0.0000,358,0,0,0,0,164,0,0,0,0
zc,TA209,2012-06-12 09:03:25.313,7062.0000,473284,-2,0.0000,496.0000,247,249,空平,B,7060.0000,0.0000,0.0000,0.0000,0.0000,7062.0000,0.0000,0.0000,0.0000,0.0000,130,0,0,0,0,146,0,0,0,0
zc,TA209,2012-06-12 09:03:25.813,7060.0000,473372,88,0.0000,388.0000,238,150,空开,S,7058.0000,0.0000,0.0000,0.0000,0.0000,7060.0000,0.0000,0.0000,0.0000,0.0000,112,0,0,0,0,68,0,0,0,0
zc,TA209,2012-06-12 09:03:26.547,7058.0000,473392,20,0.0000,60.0000,40,20,空开,S,7058.0000,0.0000,0.0000,0.0000,0.0000,7060.0000,0.0000,0.0000,0.0000,0.0000,104,0,0,0,0,142,0,0,0,0
zc,TA209,2012-06-12 09:03:27.030,7058.0000,473446,54,0.0000,74.0000,64,10,空开,S,7058.0000,0.0000,0.0000,0.0000,0.0000,7060.0000,0.0000,0.0000,0.0000,0.0000,99,0,0,0,0,136,0,0,0,0
zc,TA209,2012-06-12 09:03:27.797,7060.0000,473228,-218,0.0000,542.0000,162,380,空平,B,7060.0000,0.0000,0.0000,0.0000,0.0000,7062.0000,0.0000,0.0000,0.0000,0.0000,166,0,0,0,0,171,0,0,0,0
zc,TA209,2012-06-12 09:03:28.327,7060.0000,473150,-78,0.0000,208.0000,65,143,空平,B,7060.0000,0.0000,0.0000,0.0000,0.0000,7062.0000,0.0000,0.0000,0.0000,0.0000,80,0,0,0,0,169,0,0,0,0
zc,TA209,2012-06-12 09:03:29.077,7062.0000,473032,-118,0.0000,208.0000,45,163,空平,B,7058.0000,0.0000,0.0000,0.0000,0.0000,7060.0000,0.0000,0.0000,0.0000,0.0000,32,0,0,0,0,1,0,0,0,0
zc,TA209,2012-06-12 09:03:29.563,7058.0000,473022,-10,0.0000,26.0000,8,18,多平,S,7058.0000,0.0000,0.0000,0.0000,0.0000,7060.0000,0.0000,0.0000,0.0000,0.0000,35,0,0,0,0,40,0,0,0,0
zc,TA209,2012-06-12 09:03:30.077,7058.0000,473062,40,0.0000,114.0000,77,37,空开,S,7058.0000,0.0000,0.0000,0.0000,0.0000,7060.0000,0.0000,0.0000,0.0000,0.0000,37,0,0,0,0,68,0,0,0,0
zc,TA209,2012-06-12 09:03:30.797,7058.0000,473058,-4,0.0000,82.0000,39,43,多平,S,7056.0000,0.0000,0.0000,0.0000,0.0000,7058.0000,0.0000,0.0000,0.0000,0.0000,246,0,0,0,0,35,0,0,0,0
zc,TA209,2012-06-12 09:03:31.280,7062.0000,473056,-2,0.0000,230.0000,114,116,空平,B,7056.0000,0.0000,0.0000,0.0000,0.0000,7058.0000,0.0000,0.0000,0.0000,0.0000,250,0,0,0,0,4,0,0,0,0
zc,TA209,2012-06-12 09:03:32.017,7058.0000,473062,6,0.0000,38.0000,22,16,空开,S,7056.0000,0.0000,0.0000,0.0000,0.0000,7058.0000,0.0000,0.0000,0.0000,0.0000,245,0,0,0,0,16,0,0,0,0
zc,TA209,2012-06-12 09:03:32.313,7058.0000,473072,10,0.0000,32.0000,21,11,空开,S,7058.0000,0.0000,0.0000,0.0000,0.0000,7060.0000,0.0000,0.0000,0.0000,0.0000,196,0,0,0,0,19,0,0,0,0
zc,TA209,2012-06-12 09:03:33.047,7060.0000,473074,2,0.0000,42.0000,22,20,多开,B,7058.0000,0.0000,0.0000,0.0000,0.0000,7060.0000,0.0000,0.0000,0.0000,0.0000,191,0,0,0,0,14,0,0,0,0
zc,TA209,2012-06-12 09:03:33.547,7058.0000,473066,-8,0.0000,80.0000,36,44,多平,S,7058.0000,0.0000,0.0000,0.0000,0.0000,7060.0000,0.0000,0.0000,0.0000,0.0000,157,0,0,0,0,15,0,0,0,0
zc,TA209,2012-06-12 09:03:34.063,7058.0000,473056,-10,0.0000,36.0000,13,23,多平,S,7058.0000,0.0000,0.0000,0.0000,0.0000,7060.0000,0.0000,0.0000,0.0000,0.0000,142,0,0,0,0,146,0,0,0,0
zc,TA209,2012-06-12 09:03:34.797,7056.0000,472808,-248,0.0000,334.0000,43,291,多平,S,7056.0000,0.0000,0.0000,0.0000,0.0000,7058.0000,0.0000,0.0000,0.0000,0.0000,248,0,0,0,0,99,0,0,0,0
zc,TA209,2012-06-12 09:03:35.327,7060.0000,472960,152,0.0000,626.0000,389,237,多开,B,7060.0000,0.0000,0.0000,0.0000,0.0000,7062.0000,0.0000,0.0000,0.0000,0.0000,164,0,0,0,0,152,0,0,0,0
zc,TA209,2012-06-12 09:03:36.063,7060.0000,472964,4,0.0000,32.0000,18,14,多开,B,7060.0000,0.0000,0.0000,0.0000,0.0000,7062.0000,0.0000,0.0000,0.0000,0.0000,154,0,0,0,0,162,0,0,0,0
zc,TA209,2012-06-12 09:03:36.313,7060.0000,472956,-8,0.0000,324.0000,158,166,空平,B,7058.0000,0.0000,0.0000,0.0000,0.0000,7060.0000,0.0000,0.0000,0.0000,0.0000,10,0,0,0,0,128,0,0,0,0
zc,TA209,2012-06-12 09:03:37.063,7058.0000,472986,30,0.0000,34.0000,32,2,空开,S,7056.0000,0.0000,0.0000,0.0000,0.0000,7058.0000,0.0000,0.0000,0.0000,0.0000,328,0,0,0,0,5,0,0,0,0
zc,TA209,2012-06-12 09:03:37.593,7058.0000,472994,8,0.0000,42.0000,25,17,空开,S,7056.0000,0.0000,0.0000,0.0000,0.0000,7058.0000,0.0000,0.0000,0.0000,0.0000,331,0,0,0,0,13,0,0,0,0
zc,TA209,2012-06-12 09:03:38.327,7058.0000,472990,-4,0.0000,8.0000,2,6,多平,S,7056.0000,0.0000,0.0000,0.0000,0.0000,7058.0000,0.0000,0.0000,0.0000,0.0000,263,0,0,0,0,65,0,0,0,0
zc,TA209,2012-06-12 09:03:38.827,7056.0000,472552,-438,0.0000,554.0000,58,496,多平,S,7054.0000,0.0000,0.0000,0.0000,0.0000,7056.0000,0.0000,0.0000,0.0000,0.0000,73,0,0,0,0,57,0,0,0,0
zc,TA209,2012-06-12 09:03:39.280,7058.0000,472444,-108,0.0000,130.0000,11,119,空平,B,7054.0000,0.0000,0.0000,0.0000,0.0000,7058.0000,0.0000,0.0000,0.0000,0.0000,81,0,0,0,0,109,0,0,0,0
zc,TA209,2012-06-12 09:03:40.077,7058.0000,472380,-64,0.0000,436.0000,186,250,空平,B,7058.0000,0.0000,0.0000,0.0000,0.0000,7060.0000,0.0000,0.0000,0.0000,0.0000,183,0,0,0,0,111,0,0,0,0
zc,TA209,2012-06-12 09:03:40.563,7054.0000,472036,-344,0.0000,390.0000,23,367,多平,S,7054.0000,0.0000,0.0000,0.0000,0.0000,7058.0000,0.0000,0.0000,0.0000,0.0000,240,0,0,0,0,133,0,0,0,0
zc,TA209,2012-06-12 09:03:41.343,7058.0000,472030,-6,0.0000,18.0000,6,12,空平,B,7056.0000,0.0000,0.0000,0.0000,0.0000,7058.0000,0.0000,0.0000,0.0000,0.0000,6,0,0,0,0,181,0,0,0,0
zc,TA209,2012-06-12 09:03:41.797,7056.0000,471944,-86,0.0000,116.0000,15,101,多平,S,7056.0000,0.0000,0.0000,0.0000,0.0000,7058.0000,0.0000,0.0000,0.0000,0.0000,57,0,0,0,0,146,0,0,0,0
zc,TA209,2012-06-12 09:03:42.280,7056.0000,471934,-10,0.0000,162.0000,76,86,多平,S,7056.0000,0.0000,0.0000,0.0000,0.0000,7058.0000,0.0000,0.0000,0.0000,0.0000,8,0,0,0,0,125,0,0,0,0
zc,TA209,2012-06-12 09:03:42.797,7056.0000,471958,24,0.0000,106.0000,65,41,空开,S,7056.0000,0.0000,0.0000,0.0000,0.0000,7058.0000,0.0000,0.0000,0.0000,0.0000,42,0,0,0,0,41,0,0,0,0
zc,TA209,2012-06-12 09:03:43.577,7058.0000,472020,62,0.0000,114.0000,88,26,多开,B,7058.0000,0.0000,0.0000,0.0000,0.0000,7060.0000,0.0000,0.0000,0.0000,0.0000,286,0,0,0,0,118,0,0,0,0
zc,TA209,2012-06-12 09:03:44.047,7058.0000,472016,-4,0.0000,232.0000,114,118,空平,B,7058.0000,0.0000,0.0000,0.0000,0.0000,7060.0000,0.0000,0.0000,0.0000,0.0000,185,0,0,0,0,218,0,0,0,0
zc,TA209,2012-06-12 09:03:44.797,7056.0000,472018,2,0.0000,348.0000,175,173,空开,S,7056.0000,0.0000,0.0000,0.0000,0.0000,7058.0000,0.0000,0.0000,0.0000,0.0000,69,0,0,0,0,77,0,0,0,0
zc,TA209,2012-06-12 09:03:45.297,7056.0000,472018,0,0.0000,0.0000,0,0,空换,S,7056.0000,0.0000,0.0000,0.0000,0.0000,7058.0000,0.0000,0.0000,0.0000,0.0000,74,0,0,0,0,108,0,0,0,0
zc,TA209,2012-06-12 09:03:45.797,7058.0000,472026,8,0.0000,10.0000,9,1,多开,B,7056.0000,0.0000,0.0000,0.0000,0.0000,7058.0000,0.0000,0.0000,0.0000,0.0000,105,0,0,0,0,118,0,0,0,0
zc,TA209,2012-06-12 09:03:46.593,7058.0000,472012,-14,0.0000,234.0000,110,124,空平,B,7054.0000,0.0000,0.0000,0.0000,0.0000,7058.0000,0.0000,0.0000,0.0000,0.0000,241,0,0,0,0,110,0,0,0,0
zc,TA209,2012-06-12 09:03:47.360,7054.0000,472014,2,0.0000,6.0000,4,2,空开,S,7054.0000,0.0000,0.0000,0.0000,0.0000,7056.0000,0.0000,0.0000,0.0000,0.0000,239,0,0,0,0,11,0,0,0,0
zc,TA209,2012-06-12 09:03:47.813,7054.0000,472060,46,0.0000,46.0000,46,0,双开,S,7054.0000,0.0000,0.0000,0.0000,0.0000,7056.0000,0.0000,0.0000,0.0000,0.0000,227,0,0,0,0,11,0,0,0,0
zc,TA209,2012-06-12 09:03:48.563,7056.0000,472086,26,0.0000,110.0000,68,42,多开,B,7056.0000,0.0000,0.0000,0.0000,0.0000,7058.0000,0.0000,0.0000,0.0000,0.0000,69,0,0,0,0,85,0,0,0,0
zc,TA209,2012-06-12 09:03:49.030,7056.0000,472086,0,0.0000,142.0000,71,71,多换,B,7056.0000,0.0000,0.0000,0.0000,0.0000,7058.0000,0.0000,0.0000,0.0000,0.0000,149,0,0,0,0,90,0,0,0,0
zc,TA209,2012-06-12 09:03:49.517,7056.0000,471982,-104,0.0000,114.0000,5,109,空平,B,7056.0000,0.0000,0.0000,0.0000,0.0000,7058.0000,0.0000,0.0000,0.0000,0.0000,112,0,0,0,0,90,0,0,0,0
zc,TA209,2012-06-12 09:03:50.063,7056.0000,471948,-34,0.0000,92.0000,29,63,空平,B,7056.0000,0.0000,0.0000,0.0000,0.0000,7058.0000,0.0000,0.0000,0.0000,0.0000,202,0,0,0,0,93,0,0,0,0
zc,TA209,2012-06-12 09:03:50.530,7056.0000,471944,-4,0.0000,16.0000,6,10,空平,B,7056.0000,0.0000,0.0000,0.0000,0.0000,7058.0000,0.0000,0.0000,0.0000,0.0000,222,0,0,0,0,98,0,0,0,0
zc,TA209,2012-06-12 09:03:51.327,7056.0000,471966,22,0.0000,446.0000,234,212,多开,B,7054.0000,0.0000,0.0000,0.0000,0.0000,7056.0000,0.0000,0.0000,0.0000,0.0000,267,0,0,0,0,94,0,0,0,0
zc,TA209,2012-06-12 09:03:51.797,7056.0000,472124,158,0.0000,160.0000,159,1,多开,B,7054.0000,0.0000,0.0000,0.0000,0.0000,7056.0000,0.0000,0.0000,0.0000,0.0000,267,0,0,0,0,36,0,0,0,0
zc,TA209,2012-06-12 09:03:52.280,7056.0000,472130,6,0.0000,34.0000,20,14,多开,B,7054.0000,0.0000,0.0000,0.0000,0.0000,7056.0000,0.0000,0.0000,0.0000,0.0000,258,0,0,0,0,132,0,0,0,0
zc,TA209,2012-06-12 09:03:53.030,7054.0000,472178,48,0.0000,100.0000,74,26,空开,S,7054.0000,0.0000,0.0000,0.0000,0.0000,7056.0000,0.0000,0.0000,0.0000,0.0000,235,0,0,0,0,111,0,0,0,0
zc,TA209,2012-06-12 09:03:53.577,7052.0000,472200,22,0.0000,496.0000,259,237,空开,S,7052.0000,0.0000,0.0000,0.0000,0.0000,7054.0000,0.0000,0.0000,0.0000,0.0000,223,0,0,0,0,20,0,0,0,0
zc,TA209,2012-06-12 09:03:54.313,7054.0000,472206,6,0.0000,6.0000,6,0,双开,B,7052.0000,0.0000,0.0000,0.0000,0.0000,7054.0000,0.0000,0.0000,0.0000,0.0000,159,0,0,0,0,19,0,0,0,0
zc,TA209,2012-06-12 09:03:54.843,7054.0000,472632,426,0.0000,494.0000,460,34,多开,B,7050.0000,0.0000,0.0000,0.0000,0.0000,7054.0000,0.0000,0.0000,0.0000,0.0000,96,0,0,0,0,22,0,0,0,0
zc,TA209,2012-06-12 09:03:55.577,7052.0000,472630,-2,0.0000,42.0000,20,22,多平,S,7050.0000,0.0000,0.0000,0.0000,0.0000,7052.0000,0.0000,0.0000,0.0000,0.0000,85,0,0,0,0,8,0,0,0,0
zc,TA209,2012-06-12 09:03:56.063,7050.0000,472718,88,0.0000,224.0000,156,68,空开,S,7054.0000,0.0000,0.0000,0.0000,0.0000,7056.0000,0.0000,0.0000,0.0000,0.0000,1,0,0,0,0,602,0,0,0,0
zc,TA209,2012-06-12 09:03:56.827,7050.0000,472722,4,0.0000,62.0000,33,29,空开,S,7048.0000,0.0000,0.0000,0.0000,0.0000,7050.0000,0.0000,0.0000,0.0000,0.0000,61,0,0,0,0,19,0,0,0,0
zc,TA209,2012-06-12 09:03:57.343,7050.0000,472724,2,0.0000,30.0000,16,14,空开,S,7048.0000,0.0000,0.0000,0.0000,0.0000,7050.0000,0.0000,0.0000,0.0000,0.0000,96,0,0,0,0,86,0,0,0,0
zc,TA209,2012-06-12 09:03:57.827,7048.0000,472702,-22,0.0000,36.0000,7,29,多平,S,7048.0000,0.0000,0.0000,0.0000,0.0000,7050.0000,0.0000,0.0000,0.0000,0.0000,97,0,0,0,0,236,0,0,0,0
zc,TA209,2012-06-12 09:03:58.610,7048.0000,472752,50,0.0000,244.0000,147,97,空开,S,7046.0000,0.0000,0.0000,0.0000,0.0000,7048.0000,0.0000,0.0000,0.0000,0.0000,114,0,0,0,0,24,0,0,0,0
zc,TA209,2012-06-12 09:03:59.280,7046.0000,472776,24,0.0000,30.0000,27,3,空开,S,7046.0000,0.0000,0.0000,0.0000,0.0000,7048.0000,0.0000,0.0000,0.0000,0.0000,111,0,0,0,0,244,0,0,0,0
zc,TA209,2012-06-12 09:03:59.780,7046.0000,472814,38,0.0000,72.0000,55,17,空开,S,7046.0000,0.0000,0.0000,0.0000,0.0000,7048.0000,0.0000,0.0000,0.0000,0.0000,169,0,0,0,0,298,0,0,0,0
zc,TA209,2012-06-12 09:04:00.547,7046.0000,472818,4,0.0000,46.0000,25,21,空开,S,7046.0000,0.0000,0.0000,0.0000,0.0000,7048.0000,0.0000,0.0000,0.0000,0.0000,164,0,0,0,0,222,0,0,0,0
zc,TA209,2012-06-12 09:04:01.063,7046.0000,473112,294,0.0000,372.0000,333,39,空开,S,7046.0000,0.0000,0.0000,0.0000,0.0000,7048.0000,0.0000,0.0000,0.0000,0.0000,171,0,0,0,0,167,0,0,0,0
zc,TA209,2012-06-12 09:04:01.780,7048.0000,473360,248,0.0000,270.0000,259,11,多开,B,7046.0000,0.0000,0.0000,0.0000,0.0000,7048.0000,0.0000,0.0000,0.0000,0.0000,91,0,0,0,0,154,0,0,0,0
zc,TA209,2012-06-12 09:04:02.343,7048.0000,473404,44,0.0000,428.0000,236,192,多开,B,7044.0000,0.0000,0.0000,0.0000,0.0000,7048.0000,0.0000,0.0000,0.0000,0.0000,115,0,0,0,0,56,0,0,0,0
zc,TA209,2012-06-12 09:04:03.077,7046.0000,473410,6,0.0000,38.0000,22,16,空开,S,7046.0000,0.0000,0.0000,0.0000,0.0000,7048.0000,0.0000,0.0000,0.0000,0.0000,48,0,0,0,0,58,0,0,0,0
zc,TA209,2012-06-12 09:04:03.610,7048.0000,473394,-16,0.0000,168.0000,76,92,空平,B,7048.0000,0.0000,0.0000,0.0000,0.0000,7050.0000,0.0000,0.0000,0.0000,0.0000,172,0,0,0,0,318,0,0,0,0
zc,TA209,2012-06-12 09:04:04.280,7048.0000,473368,-26,0.0000,186.0000,80,106,空平,B,7048.0000,0.0000,0.0000,0.0000,0.0000,7050.0000,0.0000,0.0000,0.0000,0.0000,101,0,0,0,0,343,0,0,0,0
zc,TA209,2012-06-12 09:04:05.077,7048.0000,473412,44,0.0000,232.0000,138,94,多开,B,7048.0000,0.0000,0.0000,0.0000,0.0000,7050.0000,0.0000,0.0000,0.0000,0.0000,1,0,0,0,0,341,0,0,0,0
zc,TA209,2012-06-12 09:04:05.593,7046.0000,473428,16,0.0000,20.0000,18,2,空开,S,7046.0000,0.0000,0.0000,0.0000,0.0000,7048.0000,0.0000,0.0000,0.0000,0.0000,68,0,0,0,0,11,0,0,0,0
zc,TA209,2012-06-12 09:04:06.297,7048.0000,473416,-12,0.0000,92.0000,40,52,空平,B,7046.0000,0.0000,0.0000,0.0000,0.0000,7048.0000,0.0000,0.0000,0.0000,0.0000,42,0,0,0,0,48,0,0,0,0
zc,TA209,2012-06-12 09:04:06.827,7048.0000,473446,30,0.0000,44.0000,37,7,多开,B,7046.0000,0.0000,0.0000,0.0000,0.0000,7048.0000,0.0000,0.0000,0.0000,0.0000,56,0,0,0,0,297,0,0,0,0
zc,TA209,2012-06-12 09:04:07.280,7048.0000,473576,130,0.0000,468.0000,299,169,多开,B,7046.0000,0.0000,0.0000,0.0000,0.0000,7048.0000,0.0000,0.0000,0.0000,0.0000,45,0,0,0,0,111,0,0,0,0
zc,TA209,2012-06-12 09:04:08.063,7050.0000,473494,-82,0.0000,452.0000,185,267,空平,B,7048.0000,0.0000,0.0000,0.0000,0.0000,7050.0000,0.0000,0.0000,0.0000,0.0000,88,0,0,0,0,349,0,0,0,0
zc,TA209,2012-06-12 09:04:08.780,7048.0000,473490,-4,0.0000,76.0000,36,40,多平,S,7048.0000,0.0000,0.0000,0.0000,0.0000,7050.0000,0.0000,0.0000,0.0000,0.0000,56,0,0,0,0,350,0,0,0,0
zc,TA209,2012-06-12 09:04:09.047,7050.0000,473480,-10,0.0000,56.0000,23,33,空平,B,7048.0000,0.0000,0.0000,0.0000,0.0000,7050.0000,0.0000,0.0000,0.0000,0.0000,82,0,0,0,0,346,0,0,0,0
zc,TA209,2012-06-12 09:04:09.780,7048.0000,473468,-12,0.0000,42.0000,15,27,多平,S,7048.0000,0.0000,0.0000,0.0000,0.0000,7050.0000,0.0000,0.0000,0.0000,0.0000,64,0,0,0,0,344,0,0,0,0
zc,TA209,2012-06-12 09:04:10.327,7048.0000,473494,26,0.0000,208.0000,117,91,空开,S,7046.0000,0.0000,0.0000,0.0000,0.0000,7048.0000,0.0000,0.0000,0.0000,0.0000,78,0,0,0,0,10,0,0,0,0
zc,TA209,2012-06-12 09:04:11.077,7048.0000,473516,22,0.0000,214.0000,118,96,空开,S,7046.0000,0.0000,0.0000,0.0000,0.0000,7048.0000,0.0000,0.0000,0.0000,0.0000,87,0,0,0,0,401,0,0,0,0
zc,TA209,2012-06-12 09:04:11.530,7048.0000,473510,-6,0.0000,20.0000,7,13,多平,S,7046.0000,0.0000,0.0000,0.0000,0.0000,7048.0000,0.0000,0.0000,0.0000,0.0000,79,0,0,0,0,450,0,0,0,0
zc,TA209,2012-06-12 09:04:12.017,7046.0000,473102,-408,0.0000,430.0000,11,419,多平,S,7046.0000,0.0000,0.0000,0.0000,0.0000,7048.0000,0.0000,0.0000,0.0000,0.0000,52,0,0,0,0,258,0,0,0,0
zc,TA209,2012-06-12 09:04:12.780,7046.0000,473100,-2,0.0000,22.0000,10,12,多平,S,7046.0000,0.0000,0.0000,0.0000,0.0000,7048.0000,0.0000,0.0000,0.0000,0.0000,51,0,0,0,0,257,0,0,0,0
zc,TA209,2012-06-12 09:04:13.327,7048.0000,473098,-2,0.0000,30.0000,14,16,空平,B,7046.0000,0.0000,0.0000,0.0000,0.0000,7048.0000,0.0000,0.0000,0.0000,0.0000,56,0,0,0,0,254,0,0,0,0
zc,TA209,2012-06-12 09:04:14.123,7044.0000,473068,-30,0.0000,944.0000,457,487,多平,S,7044.0000,0.0000,0.0000,0.0000,0.0000,7048.0000,0.0000,0.0000,0.0000,0.0000,43,0,0,0,0,112,0,0,0,0
zc,TA209,2012-06-12 09:04:14.563,7044.0000,473082,14,0.0000,20.0000,17,3,空开,S,7044.0000,0.0000,0.0000,0.0000,0.0000,7046.0000,0.0000,0.0000,0.0000,0.0000,45,0,0,0,0,5,0,0,0,0
zc,TA209,2012-06-12 09:04:15.313,7046.0000,473076,-6,0.0000,86.0000,40,46,空平,B,7044.0000,0.0000,0.0000,0.0000,0.0000,7046.0000,0.0000,0.0000,0.0000,0.0000,42,0,0,0,0,14,0,0,0,0
zc,TA209,2012-06-12 09:04:15.843,7048.0000,472932,-144,0.0000,272.0000,64,208,空平,B,7048.0000,0.0000,0.0000,0.0000,0.0000,7050.0000,0.0000,0.0000,0.0000,0.0000,4,0,0,0,0,384,0,0,0,0
zc,TA209,2012-06-12 09:04:16.297,7048.0000,472944,12,0.0000,126.0000,69,57,多开,B,7048.0000,0.0000,0.0000,0.0000,0.0000,7050.0000,0.0000,0.0000,0.0000,0.0000,1,0,0,0,0,384,0,0,0,0
zc,TA209,2012-06-12 09:04:16.797,7048.0000,472958,14,0.0000,48.0000,31,17,多开,B,7048.0000,0.0000,0.0000,0.0000,0.0000,7050.0000,0.0000,0.0000,0.0000,0.0000,20,0,0,0,0,385,0,0,0,0
zc,TA209,2012-06-12 09:04:17.517,7048.0000,472976,18,0.0000,24.0000,21,3,多开,B,7048.0000,0.0000,0.0000,0.0000,0.0000,7050.0000,0.0000,0.0000,0.0000,0.0000,41,0,0,0,0,381,0,0,0,0
zc,TA209,2012-06-12 09:04:18.047,7048.0000,473016,40,0.0000,120.0000,80,40,多开,B,7048.0000,0.0000,0.0000,0.0000,0.0000,7050.0000,0.0000,0.0000,0.0000,0.0000,21,0,0,0,0,376,0,0,0,0
zc,TA209,2012-06-12 09:04:18.517,7044.0000,472594,-422,0.0000,690.0000,134,556,多平,S,7042.0000,0.0000,0.0000,0.0000,0.0000,7044.0000,0.0000,0.0000,0.0000,0.0000,161,0,0,0,0,97,0,0,0,0
zc,TA209,2012-06-12 09:04:19.327,7044.0000,472596,2,0.0000,24.0000,13,11,空开,S,7042.0000,0.0000,0.0000,0.0000,0.0000,7044.0000,0.0000,0.0000,0.0000,0.0000,160,0,0,0,0,86,0,0,0,0
zc,TA209,2012-06-12 09:04:19.780,7042.0000,472590,-6,0.0000,48.0000,21,27,多平,S,7042.0000,0.0000,0.0000,0.0000,0.0000,7044.0000,0.0000,0.0000,0.0000,0.0000,177,0,0,0,0,66,0,0,0,0
zc,TA209,2012-06-12 09:04:20.297,7042.0000,472494,-96,0.0000,128.0000,16,112,多平,S,7042.0000,0.0000,0.0000,0.0000,0.0000,7044.0000,0.0000,0.0000,0.0000,0.0000,173,0,0,0,0,108,0,0,0,0
zc,TA209,2012-06-12 09:04:20.813,7044.0000,472500,6,0.0000,58.0000,32,26,多开,B,7042.0000,0.0000,0.0000,0.0000,0.0000,7044.0000,0.0000,0.0000,0.0000,0.0000,172,0,0,0,0,80,0,0,0,0
zc,TA209,2012-06-12 09:04:21.547,7042.0000,472558,58,0.0000,204.0000,131,73,空开,S,7042.0000,0.0000,0.0000,0.0000,0.0000,7044.0000,0.0000,0.0000,0.0000,0.0000,130,0,0,0,0,51,0,0,0,0
zc,TA209,2012-06-12 09:04:22.047,7046.0000,472622,64,0.0000,160.0000,112,48,多开,B,7044.0000,0.0000,0.0000,0.0000,0.0000,7046.0000,0.0000,0.0000,0.0000,0.0000,83,0,0,0,0,13,0,0,0,0
zc,TA209,2012-06-12 09:04:22.780,7044.0000,472620,-2,0.0000,22.0000,10,12,多平,S,7044.0000,0.0000,0.0000,0.0000,0.0000,7046.0000,0.0000,0.0000,0.0000,0.0000,123,0,0,0,0,13,0,0,0,0
zc,TA209,2012-06-12 09:04:23.327,7044.0000,472614,-6,0.0000,24.0000,9,15,多平,S,7044.0000,0.0000,0.0000,0.0000,0.0000,7046.0000,0.0000,0.0000,0.0000,0.0000,199,0,0,0,0,8,0,0,0,0
zc,TA209,2012-06-12 09:04:24.063,7044.0000,472584,-30,0.0000,74.0000,22,52,多平,S,7044.0000,0.0000,0.0000,0.0000,0.0000,7046.0000,0.0000,0.0000,0.0000,0.0000,184,0,0,0,0,9,0,0,0,0
zc,TA209,2012-06-12 09:04:24.577,7046.0000,472556,-28,0.0000,44.0000,8,36,空平,B,7046.0000,0.0000,0.0000,0.0000,0.0000,7048.0000,0.0000,0.0000,0.0000,0.0000,89,0,0,0,0,93,0,0,0,0
zc,TA209,2012-06-12 09:04:25.047,7046.0000,472548,-8,0.0000,42.0000,17,25,空平,B,7046.0000,0.0000,0.0000,0.0000,0.0000,7048.0000,0.0000,0.0000,0.0000,0.0000,205,0,0,0,0,93,0,0,0,0
zc,TA209,2012-06-12 09:04:25.813,7048.0000,472698,150,0.0000,230.0000,190,40,多开,B,7048.0000,0.0000,0.0000,0.0000,0.0000,7050.0000,0.0000,0.0000,0.0000,0.0000,19,0,0,0,0,416,0,0,0,0
zc,TA209,2012-06-12 09:04:26.313,7048.0000,472714,16,0.0000,98.0000,57,41,多开,B,7046.0000,0.0000,0.0000,0.0000,0.0000,7048.0000,0.0000,0.0000,0.0000,0.0000,242,0,0,0,0,12,0,0,0,0
zc,TA209,2012-06-12 09:04:27.077,7044.0000,472568,-146,0.0000,614.0000,234,380,多平,S,7044.0000,0.0000,0.0000,0.0000,0.0000,7046.0000,0.0000,0.0000,0.0000,0.0000,314,0,0,0,0,145,0,0,0,0
zc,TA209,2012-06-12 09:04:27.327,7046.0000,472568,0,0.0000,8.0000,4,4,多换,B,7044.0000,0.0000,0.0000,0.0000,0.0000,7046.0000,0.0000,0.0000,0.0000,0.0000,360,0,0,0,0,184,0,0,0,0
zc,TA209,2012-06-12 09:04:28.047,7044.0000,472568,0,0.0000,216.0000,108,108,空换,S,7044.0000,0.0000,0.0000,0.0000,0.0000,7046.0000,0.0000,0.0000,0.0000,0.0000,359,0,0,0,0,77,0,0,0,0
zc,TA209,2012-06-12 09:04:28.563,7046.0000,472646,78,0.0000,170.0000,124,46,多开,B,7046.0000,0.0000,0.0000,0.0000,0.0000,7048.0000,0.0000,0.0000,0.0000,0.0000,156,0,0,0,0,88,0,0,0,0
zc,TA209,2012-06-12 09:04:29.313,7046.0000,472646,0,0.0000,2.0000,1,1,多换,B,7046.0000,0.0000,0.0000,0.0000,0.0000,7048.0000,0.0000,0.0000,0.0000,0.0000,166,0,0,0,0,128,0,0,0,0
zc,TA209,2012-06-12 09:04:29.827,7048.0000,472646,0,0.0000,8.0000,4,4,多换,B,7046.0000,0.0000,0.0000,0.0000,0.0000,7048.0000,0.0000,0.0000,0.0000,0.0000,171,0,0,0,0,127,0,0,0,0
zc,TA209,2012-06-12 09:04:30.530,7046.0000,472646,0,0.0000,26.0000,13,13,空换,S,7046.0000,0.0000,0.0000,0.0000,0.0000,7048.0000,0.0000,0.0000,0.0000,0.0000,159,0,0,0,0,128,0,0,0,0
zc,TA209,2012-06-12 09:04:31.047,7046.0000,472646,0,0.0000,96.0000,48,48,空换,S,7046.0000,0.0000,0.0000,0.0000,0.0000,7048.0000,0.0000,0.0000,0.0000,0.0000,123,0,0,0,0,126,0,0,0,0
zc,TA209,2012-06-12 09:04:31.547,7048.0000,472734,88,0.0000,290.0000,189,101,多开,B,7046.0000,0.0000,0.0000,0.0000,0.0000,7048.0000,0.0000,0.0000,0.0000,0.0000,103,0,0,0,0,2,0,0,0,0
zc,TA209,2012-06-12 09:04:32.297,7048.0000,472736,2,0.0000,80.0000,41,39,多开,B,7048.0000,0.0000,0.0000,0.0000,0.0000,7050.0000,0.0000,0.0000,0.0000,0.0000,1,0,0,0,0,371,0,0,0,0
zc,TA209,2012-06-12 09:04:32.563,7048.0000,472746,10,0.0000,90.0000,50,40,多开,B,7046.0000,0.0000,0.0000,0.0000,0.0000,7050.0000,0.0000,0.0000,0.0000,0.0000,97,0,0,0,0,341,0,0,0,0
zc,TA209,2012-06-12 09:04:33.297,7046.0000,472748,2,0.0000,20.0000,11,9,空开,S,7046.0000,0.0000,0.0000,0.0000,0.0000,7048.0000,0.0000,0.0000,0.0000,0.0000,94,0,0,0,0,14,0,0,0,0
zc,TA209,2012-06-12 09:04:33.780,7046.0000,472810,62,0.0000,68.0000,65,3,空开,S,7046.0000,0.0000,0.0000,0.0000,0.0000,7048.0000,0.0000,0.0000,0.0000,0.0000,68,0,0,0,0,9,0,0,0,0
zc,TA209,2012-06-12 09:04:34.280,7048.0000,472814,4,0.0000,8.0000,6,2,多开,B,7046.0000,0.0000,0.0000,0.0000,0.0000,7048.0000,0.0000,0.0000,0.0000,0.0000,106,0,0,0,0,14,0,0,0,0
zc,TA209,2012-06-12 09:04:35.063,7048.0000,472838,24,0.0000,32.0000,28,4,多开,B,7048.0000,0.0000,0.0000,0.0000,0.0000,7050.0000,0.0000,0.0000,0.0000,0.0000,35,0,0,0,0,371,0,0,0,0
zc,TA209,2012-06-12 09:04:35.517,7050.0000,472840,2,0.0000,4.0000,3,1,多开,B,7048.0000,0.0000,0.0000,0.0000,0.0000,7050.0000,0.0000,0.0000,0.0000,0.0000,54,0,0,0,0,370,0,0,0,0
zc,TA209,2012-06-12 09:04:36.030,7048.0000,473190,350,0.0000,432.0000,391,41,空开,S,7048.0000,0.0000,0.0000,0.0000,0.0000,7050.0000,0.0000,0.0000,0.0000,0.0000,81,0,0,0,0,369,0,0,0,0
zc,TA209,2012-06-12 09:04:36.547,7048.0000,473094,-96,0.0000,370.0000,137,233,多平,S,7048.0000,0.0000,0.0000,0.0000,0.0000,7050.0000,0.0000,0.0000,0.0000,0.0000,38,0,0,0,0,266,0,0,0,0
zc,TA209,2012-06-12 09:04:37.313,7050.0000,473386,292,0.0000,552.0000,422,130,多开,B,7050.0000,0.0000,0.0000,0.0000,0.0000,7052.0000,0.0000,0.0000,0.0000,0.0000,734,0,0,0,0,64,0,0,0,0
zc,TA209,2012-06-12 09:04:37.797,7052.0000,473410,24,0.0000,114.0000,69,45,多开,B,7050.0000,0.0000,0.0000,0.0000,0.0000,7052.0000,0.0000,0.0000,0.0000,0.0000,734,0,0,0,0,19,0,0,0,0
zc,TA209,2012-06-12 09:04:38.563,7052.0000,473160,-250,0.0000,464.0000,107,357,空平,B,7052.0000,0.0000,0.0000,0.0000,0.0000,7054.0000,0.0000,0.0000,0.0000,0.0000,146,0,0,0,0,20,0,0,0,0
zc,TA209,2012-06-12 09:04:39.047,7052.0000,473242,82,0.0000,104.0000,93,11,多开,B,7052.0000,0.0000,0.0000,0.0000,0.0000,7054.0000,0.0000,0.0000,0.0000,0.0000,131,0,0,0,0,24,0,0,0,0
zc,TA209,2012-06-12 09:04:39.530,7052.0000,473254,12,0.0000,40.0000,26,14,多开,B,7052.0000,0.0000,0.0000,0.0000,0.0000,7054.0000,0.0000,0.0000,0.0000,0.0000,123,0,0,0,0,15,0,0,0,0
zc,TA209,2012-06-12 09:04:40.280,7054.0000,473252,-2,0.0000,54.0000,26,28,空平,B,7052.0000,0.0000,0.0000,0.0000,0.0000,7054.0000,0.0000,0.0000,0.0000,0.0000,114,0,0,0,0,14,0,0,0,0
zc,TA209,2012-06-12 09:04:40.797,7052.0000,473262,10,0.0000,28.0000,19,9,空开,S,7052.0000,0.0000,0.0000,0.0000,0.0000,7054.0000,0.0000,0.0000,0.0000,0.0000,107,0,0,0,0,9,0,0,0,0
zc,TA209,2012-06-12 09:04:41.313,7054.0000,473308,46,0.0000,54.0000,50,4,多开,B,7054.0000,0.0000,0.0000,0.0000,0.0000,7056.0000,0.0000,0.0000,0.0000,0.0000,10,0,0,0,0,51,0,0,0,0
zc,TA209,2012-06-12 09:04:41.797,7054.0000,473244,-64,0.0000,100.0000,18,82,空平,B,7052.0000,0.0000,0.0000,0.0000,0.0000,7054.0000,0.0000,0.0000,0.0000,0.0000,113,0,0,0,0,78,0,0,0,0
zc,TA209,2012-06-12 09:04:42.563,7052.0000,473186,-58,0.0000,380.0000,161,219,多平,S,7050.0000,0.0000,0.0000,0.0000,0.0000,7054.0000,0.0000,0.0000,0.0000,0.0000,785,0,0,0,0,13,0,0,0,0
zc,TA209,2012-06-12 09:04:43.063,7054.0000,473308,122,0.0000,152.0000,137,15,多开,B,7054.0000,0.0000,0.0000,0.0000,0.0000,7056.0000,0.0000,0.0000,0.0000,0.0000,927,0,0,0,0,44,0,0,0,0
zc,TA209,2012-06-12 09:04:43.577,7056.0000,473384,76,0.0000,260.0000,168,92,多开,B,7056.0000,0.0000,0.0000,0.0000,0.0000,7058.0000,0.0000,0.0000,0.0000,0.0000,67,0,0,0,0,67,0,0,0,0
zc,TA209,2012-06-12 09:04:44.313,7056.0000,473388,4,0.0000,28.0000,16,12,多开,B,7056.0000,0.0000,0.0000,0.0000,0.0000,7058.0000,0.0000,0.0000,0.0000,0.0000,60,0,0,0,0,67,0,0,0,0
zc,TA209,2012-06-12 09:04:44.813,7056.0000,473340,-48,0.0000,106.0000,29,77,空平,B,7056.0000,0.0000,0.0000,0.0000,0.0000,7058.0000,0.0000,0.0000,0.0000,0.0000,7,0,0,0,0,67,0,0,0,0
zc,TA209,2012-06-12 09:04:45.530,7058.0000,473344,4,0.0000,20.0000,12,8,多开,B,7056.0000,0.0000,0.0000,0.0000,0.0000,7058.0000,0.0000,0.0000,0.0000,0.0000,21,0,0,0,0,77,0,0,0,0
zc,TA209,2012-06-12 09:04:45.780,7056.0000,473382,38,0.0000,54.0000,46,8,空开,S,7056.0000,0.0000,0.0000,0.0000,0.0000,7058.0000,0.0000,0.0000,0.0000,0.0000,2,0,0,0,0,93,0,0,0,0
zc,TA209,2012-06-12 09:04:46.547,7056.0000,473414,32,0.0000,34.0000,33,1,空开,S,7054.0000,0.0000,0.0000,0.0000,0.0000,7056.0000,0.0000,0.0000,0.0000,0.0000,980,0,0,0,0,392,0,0,0,0
zc,TA209,2012-06-12 09:04:47.077,7056.0000,473538,124,0.0000,124.0000,124,0,双开,S,7054.0000,0.0000,0.0000,0.0000,0.0000,7056.0000,0.0000,0.0000,0.0000,0.0000,982,0,0,0,0,332,0,0,0,0
zc,TA209,2012-06-12 09:04:47.530,7056.0000,473560,22,0.0000,24.0000,23,1,空开,S,7054.0000,0.0000,0.0000,0.0000,0.0000,7056.0000,0.0000,0.0000,0.0000,0.0000,981,0,0,0,0,322,0,0,0,0
zc,TA209,2012-06-12 09:04:48.343,7056.0000,473600,40,0.0000,42.0000,41,1,空开,S,7054.0000,0.0000,0.0000,0.0000,0.0000,7056.0000,0.0000,0.0000,0.0000,0.0000,1020,0,0,0,0,303,0,0,0,0
zc,TA209,2012-06-12 09:04:49.047,7056.0000,473642,42,0.0000,42.0000,42,0,双开,S,7054.0000,0.0000,0.0000,0.0000,0.0000,7056.0000,0.0000,0.0000,0.0000,0.0000,1005,0,0,0,0,301,0,0,0,0
zc,TA209,2012-06-12 09:04:49.530,7056.0000,473646,4,0.0000,6.0000,5,1,空开,S,7054.0000,0.0000,0.0000,0.0000,0.0000,7056.0000,0.0000,0.0000,0.0000,0.0000,1005,0,0,0,0,298,0,0,0,0
zc,TA209,2012-06-12 09:04:50.017,7056.0000,473698,52,0.0000,66.0000,59,7,空开,S,7054.0000,0.0000,0.0000,0.0000,0.0000,7056.0000,0.0000,0.0000,0.0000,0.0000,1000,0,0,0,0,270,0,0,0,0
zc,TA209,2012-06-12 09:04:50.750,7056.0000,473718,20,0.0000,50.0000,35,15,空开,S,7054.0000,0.0000,0.0000,0.0000,0.0000,7056.0000,0.0000,0.0000,0.0000,0.0000,998,0,0,0,0,246,0,0,0,0
zc,TA209,2012-06-12 09:04:51.030,7056.0000,473732,14,0.0000,314.0000,164,150,空开,S,7054.0000,0.0000,0.0000,0.0000,0.0000,7056.0000,0.0000,0.0000,0.0000,0.0000,955,0,0,0,0,89,0,0,0,0
zc,TA209,2012-06-12 09:04:51.767,7056.0000,473760,28,0.0000,28.0000,28,0,双开,S,7054.0000,0.0000,0.0000,0.0000,0.0000,7056.0000,0.0000,0.0000,0.0000,0.0000,955,0,0,0,0,75,0,0,0,0
zc,TA209,2012-06-12 09:04:52.313,7056.0000,473848,88,0.0000,90.0000,89,1,空开,S,7054.0000,0.0000,0.0000,0.0000,0.0000,7056.0000,0.0000,0.0000,0.0000,0.0000,955,0,0,0,0,34,0,0,0,0
zc,TA209,2012-06-12 09:04:52.767,7056.0000,473872,24,0.0000,26.0000,25,1,空开,S,7054.0000,0.0000,0.0000,0.0000,0.0000,7056.0000,0.0000,0.0000,0.0000,0.0000,955,0,0,0,0,22,0,0,0,0
zc,TA209,2012-06-12 09:04:53.517,7056.0000,473848,-24,0.0000,66.0000,21,45,多平,S,7056.0000,0.0000,0.0000,0.0000,0.0000,7058.0000,0.0000,0.0000,0.0000,0.0000,9,0,0,0,0,112,0,0,0,0
zc,TA209,2012-06-12 09:04:53.780,7056.0000,473850,2,0.0000,6.0000,4,2,空开,S,7056.0000,0.0000,0.0000,0.0000,0.0000,7058.0000,0.0000,0.0000,0.0000,0.0000,18,0,0,0,0,129,0,0,0,0
zc,TA209,2012-06-12 09:04:54.563,7058.0000,473836,-14,0.0000,32.0000,9,23,空平,B,7056.0000,0.0000,0.0000,0.0000,0.0000,7058.0000,0.0000,0.0000,0.0000,0.0000,174,0,0,0,0,118,0,0,0,0
zc,TA209,2012-06-12 09:04:55.017,7056.0000,473788,-48,0.0000,220.0000,86,134,多平,S,7056.0000,0.0000,0.0000,0.0000,0.0000,7058.0000,0.0000,0.0000,0.0000,0.0000,168,0,0,0,0,18,0,0,0,0
zc,TA209,2012-06-12 09:04:55.780,7058.0000,473880,92,0.0000,96.0000,94,2,多开,B,7056.0000,0.0000,0.0000,0.0000,0.0000,7058.0000,0.0000,0.0000,0.0000,0.0000,138,0,0,0,0,36,0,0,0,0
zc,TA209,2012-06-12 09:04:56.017,7056.0000,473874,-6,0.0000,16.0000,5,11,多平,S,7056.0000,0.0000,0.0000,0.0000,0.0000,7058.0000,0.0000,0.0000,0.0000,0.0000,161,0,0,0,0,29,0,0,0,0
zc,TA209,2012-06-12 09:04:56.827,7058.0000,473874,0,0.0000,60.0000,30,30,多换,B,7058.0000,0.0000,0.0000,0.0000,0.0000,7060.0000,0.0000,0.0000,0.0000,0.0000,10,0,0,0,0,576,0,0,0,0
zc,TA209,2012-06-12 09:04:57.547,7058.0000,473868,-6,0.0000,50.0000,22,28,空平,B,7058.0000,0.0000,0.0000,0.0000,0.0000,7060.0000,0.0000,0.0000,0.0000,0.0000,96,0,0,0,0,649,0,0,0,0
zc,TA209,2012-06-12 09:04:57.780,7058.0000,473874,6,0.0000,128.0000,67,61,多开,B,7058.0000,0.0000,0.0000,0.0000,0.0000,7060.0000,0.0000,0.0000,0.0000,0.0000,33,0,0,0,0,708,0,0,0,0
zc,TA209,2012-06-12 09:04:58.563,7058.0000,473944,70,0.0000,90.0000,80,10,多开,B,7056.0000,0.0000,0.0000,0.0000,0.0000,7058.0000,0.0000,0.0000,0.0000,0.0000,225,0,0,0,0,74,0,0,0,0
zc,TA209,2012-06-12 09:04:59.063,7056.0000,473976,32,0.0000,70.0000,51,19,空开,S,7056.0000,0.0000,0.0000,0.0000,0.0000,7058.0000,0.0000,0.0000,0.0000,0.0000,167,0,0,0,0,274,0,0,0,0
zc,TA209,2012-06-12 09:04:59.547,7058.0000,473988,12,0.0000,14.0000,13,1,多开,B,7056.0000,0.0000,0.0000,0.0000,0.0000,7058.0000,0.0000,0.0000,0.0000,0.0000,168,0,0,0,0,420,0,0,0,0
zc,TA209,2012-06-12 09:05:00.063,7056.0000,474010,22,0.0000,402.0000,212,190,空开,S,7056.0000,0.0000,0.0000,0.0000,0.0000,7058.0000,0.0000,0.0000,0.0000,0.0000,166,0,0,0,0,246,0,0,0,0
zc,TA209,2012-06-12 09:05:00.780,7058.0000,473624,-386,0.0000,406.0000,10,396,空平,B,7056.0000,0.0000,0.0000,0.0000,0.0000,7058.0000,0.0000,0.0000,0.0000,0.0000,167,0,0,0,0,77,0,0,0,0
zc,TA209,2012-06-12 09:05:01.267,7056.0000,473608,-16,0.0000,56.0000,20,36,多平,S,7056.0000,0.0000,0.0000,0.0000,0.0000,7058.0000,0.0000,0.0000,0.0000,0.0000,171,0,0,0,0,108,0,0,0,0
zc,TA209,2012-06-12 09:05:01.827,7058.0000,473770,162,0.0000,578.0000,370,208,多开,B,7058.0000,0.0000,0.0000,0.0000,0.0000,7060.0000,0.0000,0.0000,0.0000,0.0000,133,0,0,0,0,664,0,0,0,0
zc,TA209,2012-06-12 09:05:02.797,7058.0000,473742,-28,0.0000,30.0000,1,29,空平,B,7058.0000,0.0000,0.0000,0.0000,0.0000,7060.0000,0.0000,0.0000,0.0000,0.0000,119,0,0,0,0,670,0,0,0,0
zc,TA209,2012-06-12 09:05:03.313,7058.0000,473662,-80,0.0000,100.0000,10,90,空平,B,7058.0000,0.0000,0.0000,0.0000,0.0000,7060.0000,0.0000,0.0000,0.0000,0.0000,73,0,0,0,0,713,0,0,0,0
zc,TA209,2012-06-12 09:05:03.843,7056.0000,473732,70,0.0000,274.0000,172,102,空开,S,7054.0000,0.0000,0.0000,0.0000,0.0000,7056.0000,0.0000,0.0000,0.0000,0.0000,967,0,0,0,0,21,0,0,0,0
zc,TA209,2012-06-12 09:05:04.297,7058.0000,473750,18,0.0000,176.0000,97,79,多开,B,7054.0000,0.0000,0.0000,0.0000,0.0000,7058.0000,0.0000,0.0000,0.0000,0.0000,974,0,0,0,0,368,0,0,0,0
zc,TA209,2012-06-12 09:05:05.093,7056.0000,473482,-268,0.0000,516.0000,124,392,多平,S,7056.0000,0.0000,0.0000,0.0000,0.0000,7058.0000,0.0000,0.0000,0.0000,0.0000,3,0,0,0,0,230,0,0,0,0
zc,TA209,2012-06-12 09:05:05.517,7058.0000,473482,0,0.0000,16.0000,8,8,多换,B,7056.0000,0.0000,0.0000,0.0000,0.0000,7058.0000,0.0000,0.0000,0.0000,0.0000,3,0,0,0,0,238,0,0,0,0
zc,TA209,2012-06-12 09:05:06.030,7056.0000,473482,0,0.0000,8.0000,4,4,空换,S,7056.0000,0.0000,0.0000,0.0000,0.0000,7058.0000,0.0000,0.0000,0.0000,0.0000,2,0,0,0,0,278,0,0,0,0
zc,TA209,2012-06-12 09:05:06.577,7056.0000,473644,162,0.0000,246.0000,204,42,空开,S,7054.0000,0.0000,0.0000,0.0000,0.0000,7056.0000,0.0000,0.0000,0.0000,0.0000,976,0,0,0,0,61,0,0,0,0
zc,TA209,2012-06-12 09:05:07.297,7054.0000,473656,12,0.0000,12.0000,12,0,双开,S,7054.0000,0.0000,0.0000,0.0000,0.0000,7056.0000,0.0000,0.0000,0.0000,0.0000,973,0,0,0,0,66,0,0,0,0
zc,TA209,2012-06-12 09:05:07.797,7056.0000,473686,30,0.0000,30.0000,30,0,双开,B,7054.0000,0.0000,0.0000,0.0000,0.0000,7056.0000,0.0000,0.0000,0.0000,0.0000,973,0,0,0,0,132,0,0,0,0
zc,TA209,2012-06-12 09:05:08.280,7054.0000,473694,8,0.0000,12.0000,10,2,空开,S,7054.0000,0.0000,0.0000,0.0000,0.0000,7056.0000,0.0000,0.0000,0.0000,0.0000,969,0,0,0,0,153,0,0,0,0
zc,TA209,2012-06-12 09:05:09.017,7054.0000,473698,4,0.0000,4.0000,4,0,双开,S,7054.0000,0.0000,0.0000,0.0000,0.0000,7056.0000,0.0000,0.0000,0.0000,0.0000,967,0,0,0,0,154,0,0,0,0
zc,TA209,2012-06-12 09:05:09.297,7056.0000,473750,52,0.0000,56.0000,54,2,多开,B,7054.0000,0.0000,0.0000,0.0000,0.0000,7056.0000,0.0000,0.0000,0.0000,0.0000,966,0,0,0,0,128,0,0,0,0
zc,TA209,2012-06-12 09:05:10.047,7056.0000,473790,40,0.0000,42.0000,41,1,多开,B,7054.0000,0.0000,0.0000,0.0000,0.0000,7056.0000,0.0000,0.0000,0.0000,0.0000,948,0,0,0,0,120,0,0,0,0
zc,TA209,2012-06-12 09:05:10.547,7054.0000,473802,12,0.0000,12.0000,12,0,双开,S,7054.0000,0.0000,0.0000,0.0000,0.0000,7056.0000,0.0000,0.0000,0.0000,0.0000,943,0,0,0,0,122,0,0,0,0
zc,TA209,2012-06-12 09:05:11.047,7056.0000,473774,-28,0.0000,304.0000,138,166,空平,B,7056.0000,0.0000,0.0000,0.0000,0.0000,7058.0000,0.0000,0.0000,0.0000,0.0000,12,0,0,0,0,240,0,0,0,0
