市场代码,合约代码,时间,最新,持仓,增仓,成交额,成交量,开仓,平仓,成交类型,方向,买一价,买二价,买三价,买四价,买五价,卖一价,卖二价,卖三价,卖四价,卖五价,买一量,买二量,买三量,买四量,买五量,卖一量,卖二量,卖三量,卖四量,卖五量
zc,TA301,2012-06-12 07:48:13.017,0.0000,132216,0,0.0000,0.0000,0,0,空换,S,0.0000,0.0000,0.0000,0.0000,0.0000,0.0000,0.0000,0.0000,0.0000,0.0000,0,0,0,0,0,0,0,0,0,0
zc,TA301,2012-06-12 07:50:13.017,0.0000,132216,0,0.0000,0.0000,0,0,空换,S,0.0000,0.0000,0.0000,0.0000,0.0000,0.0000,0.0000,0.0000,0.0000,0.0000,0,0,0,0,0,0,0,0,0,0
zc,TA301,2012-06-12 08:08:19.297,0.0000,132216,0,0.0000,0.0000,0,0,空换,S,0.0000,0.0000,0.0000,0.0000,0.0000,0.0000,0.0000,0.0000,0.0000,0.0000,0,0,0,0,0,0,0,0,0,0
zc,TA301,2012-06-12 08:11:19.297,0.0000,132216,0,0.0000,0.0000,0,0,空换,S,0.0000,0.0000,0.0000,0.0000,0.0000,0.0000,0.0000,0.0000,0.0000,0.0000,0,0,0,0,0,0,0,0,0,0
zc,TA301,2012-06-12 08:15:19.297,0.0000,132216,0,0.0000,0.0000,0,0,空换,S,0.0000,0.0000,0.0000,0.0000,0.0000,0.0000,0.0000,0.0000,0.0000,0.0000,0,0,0,0,0,0,0,0,0,0
zc,TA301,2012-06-12 08:21:19.280,0.0000,132216,0,0.0000,0.0000,0,0,空换,S,0.0000,0.0000,0.0000,0.0000,0.0000,0.0000,0.0000,0.0000,0.0000,0.0000,0,0,0,0,0,0,0,0,0,0
zc,TA301,2012-06-12 08:23:19.280,0.0000,132216,0,0.0000,0.0000,0,0,空换,S,0.0000,0.0000,0.0000,0.0000,0.0000,0.0000,0.0000,0.0000,0.0000,0.0000,0,0,0,0,0,0,0,0,0,0
zc,TA301,2012-06-12 08:25:19.280,0.0000,132216,0,0.0000,0.0000,0,0,空换,S,0.0000,0.0000,0.0000,0.0000,0.0000,0.0000,0.0000,0.0000,0.0000,0.0000,0,0,0,0,0,0,0,0,0,0
zc,TA301,2012-06-12 08:27:19.280,0.0000,132216,0,0.0000,0.0000,0,0,空换,S,0.0000,0.0000,0.0000,0.0000,0.0000,0.0000,0.0000,0.0000,0.0000,0.0000,0,0,0,0,0,0,0,0,0,0
zc,TA301,2012-06-12 08:28:19.280,0.0000,132216,0,0.0000,0.0000,0,0,空换,S,0.0000,0.0000,0.0000,0.0000,0.0000,0.0000,0.0000,0.0000,0.0000,0.0000,0,0,0,0,0,0,0,0,0,0
zc,TA301,2012-06-12 08:34:19.280,0.0000,132216,0,0.0000,0.0000,0,0,空换,S,0.0000,0.0000,0.0000,0.0000,0.0000,0.0000,0.0000,0.0000,0.0000,0.0000,0,0,0,0,0,0,0,0,0,0
zc,TA301,2012-06-12 08:40:19.267,0.0000,132216,0,0.0000,0.0000,0,0,空换,S,0.0000,0.0000,0.0000,0.0000,0.0000,0.0000,0.0000,0.0000,0.0000,0.0000,0,0,0,0,0,0,0,0,0,0
zc,TA301,2012-06-12 08:55:02.517,0.0000,132216,0,0.0000,0.0000,0,0,空换,S,0.0000,0.0000,0.0000,0.0000,0.0000,0.0000,0.0000,0.0000,0.0000,0.0000,0,0,0,0,0,0,0,0,0,0
zc,TA301,2012-06-12 08:55:03.047,0.0000,132216,0,0.0000,0.0000,0,0,空换,S,0.0000,0.0000,0.0000,0.0000,0.0000,0.0000,0.0000,0.0000,0.0000,0.0000,0,0,0,0,0,0,0,0,0,0
zc,TA301,2012-06-12 08:55:04.233,0.0000,132216,0,0.0000,0.0000,0,0,空换,S,0.0000,0.0000,0.0000,0.0000,0.0000,0.0000,0.0000,0.0000,0.0000,0.0000,0,0,0,0,0,0,0,0,0,0
zc,TA301,2012-06-12 08:55:19.250,0.0000,132216,0,0.0000,0.0000,0,0,空换,S,0.0000,0.0000,0.0000,0.0000,0.0000,0.0000,0.0000,0.0000,0.0000,0.0000,0,0,0,0,0,0,0,0,0,0
zc,TA301,2012-06-12 08:55:28.997,0.0000,132216,0,0.0000,0.0000,0,0,空换,S,0.0000,0.0000,0.0000,0.0000,0.0000,0.0000,0.0000,0.0000,0.0000,0.0000,0,0,0,0,0,0,0,0,0,0
zc,TA301,2012-06-12 08:55:31.250,0.0000,132216,0,0.0000,0.0000,0,0,空换,S,0.0000,0.0000,0.0000,0.0000,0.0000,0.0000,0.0000,0.0000,0.0000,0.0000,0,0,0,0,0,0,0,0,0,0
zc,TA301,2012-06-12 08:56:04.233,0.0000,132216,0,0.0000,0.0000,0,0,空换,S,0.0000,0.0000,0.0000,0.0000,0.0000,0.0000,0.0000,0.0000,0.0000,0.0000,0,0,0,0,0,0,0,0,0,0
zc,TA301,2012-06-12 08:57:17.483,0.0000,132216,0,0.0000,0.0000,0,0,空换,S,0.0000,0.0000,0.0000,0.0000,0.0000,0.0000,0.0000,0.0000,0.0000,0.0000,0,0,0,0,0,0,0,0,0,0
zc,TA301,2012-06-12 08:57:31.483,0.0000,132216,0,0.0000,0.0000,0,0,空换,S,0.0000,0.0000,0.0000,0.0000,0.0000,0.0000,0.0000,0.0000,0.0000,0.0000,0,0,0,0,0,0,0,0,0,0
zc,TA301,2012-06-12 08:57:39.250,0.0000,132216,0,0.0000,0.0000,0,0,空换,S,0.0000,0.0000,0.0000,0.0000,0.0000,0.0000,0.0000,0.0000,0.0000,0.0000,0,0,0,0,0,0,0,0,0,0
zc,TA301,2012-06-12 08:57:56.233,0.0000,132216,0,0.0000,0.0000,0,0,空换,S,0.0000,0.0000,0.0000,0.0000,0.0000,0.0000,0.0000,0.0000,0.0000,0.0000,0,0,0,0,0,0,0,0,0,0
zc,TA301,2012-06-12 08:58:08.997,0.0000,132216,0,0.0000,0.0000,0,0,空换,S,0.0000,0.0000,0.0000,0.0000,0.0000,0.0000,0.0000,0.0000,0.0000,0.0000,0,0,0,0,0,0,0,0,0,0
zc,TA301,2012-06-12 08:58:10.983,0.0000,132216,0,0.0000,0.0000,0,0,空换,S,0.0000,0.0000,0.0000,0.0000,0.0000,0.0000,0.0000,0.0000,0.0000,0.0000,0,0,0,0,0,0,0,0,0,0
zc,TA301,2012-06-12 08:58:11.983,0.0000,132216,0,0.0000,0.0000,0,0,空换,S,0.0000,0.0000,0.0000,0.0000,0.0000,0.0000,0.0000,0.0000,0.0000,0.0000,0,0,0,0,0,0,0,0,0,0
zc,TA301,2012-06-12 08:58:24.733,0.0000,132216,0,0.0000,0.0000,0,0,空换,S,0.0000,0.0000,0.0000,0.0000,0.0000,0.0000,0.0000,0.0000,0.0000,0.0000,0,0,0,0,0,0,0,0,0,0
zc,TA301,2012-06-12 08:58:26.500,0.0000,132216,0,0.0000,0.0000,0,0,空换,S,0.0000,0.0000,0.0000,0.0000,0.0000,0.0000,0.0000,0.0000,0.0000,0.0000,0,0,0,0,0,0,0,0,0,0
zc,TA301,2012-06-12 08:59:19.250,7010.0000,133306,1090,0.0000,2192.0000,1641,551,多开,B,7008.0000,0.0000,0.0000,0.0000,0.0000,7010.0000,0.0000,0.0000,0.0000,0.0000,3,0,0,0,0,42,0,0,0,0
zc,TA301,2012-06-12 09:00:02.657,7012.0000,133190,-116,0.0000,216.0000,50,166,空平,B,7012.0000,0.0000,0.0000,0.0000,0.0000,7016.0000,0.0000,0.0000,0.0000,0.0000,22,0,0,0,0,13,0,0,0,0
zc,TA301,2012-06-12 09:00:03.717,7014.0000,133192,2,0.0000,282.0000,142,140,多开,B,7010.0000,0.0000,0.0000,0.0000,0.0000,7012.0000,0.0000,0.0000,0.0000,0.0000,345,0,0,0,0,6,0,0,0,0
zc,TA301,2012-06-12 09:00:04.983,7018.0000,133348,156,0.0000,226.0000,191,35,多开,B,7016.0000,0.0000,0.0000,0.0000,0.0000,7018.0000,0.0000,0.0000,0.0000,0.0000,62,0,0,0,0,13,0,0,0,0
zc,TA301,2012-06-12 09:00:05.920,7018.0000,133378,30,0.0000,344.0000,187,157,多开,B,7018.0000,0.0000,0.0000,0.0000,0.0000,7020.0000,0.0000,0.0000,0.0000,0.0000,85,0,0,0,0,7,0,0,0,0
zc,TA301,2012-06-12 09:00:06.640,7020.0000,133392,14,0.0000,126.0000,70,56,多开,B,7018.0000,0.0000,0.0000,0.0000,0.0000,7020.0000,0.0000,0.0000,0.0000,0.0000,36,0,0,0,0,3,0,0,0,0
zc,TA301,2012-06-12 09:00:07.123,7018.0000,133384,-8,0.0000,50.0000,21,29,多平,S,7020.0000,0.0000,0.0000,0.0000,0.0000,7022.0000,0.0000,0.0000,0.0000,0.0000,1,0,0,0,0,7,0,0,0,0
zc,TA301,2012-06-12 09:00:07.593,7022.0000,133320,-64,0.0000,72.0000,4,68,空平,B,7020.0000,0.0000,0.0000,0.0000,0.0000,7022.0000,0.0000,0.0000,0.0000,0.0000,45,0,0,0,0,1,0,0,0,0
zc,TA301,2012-06-12 09:00:08.420,7026.0000,133334,14,0.0000,26.0000,20,6,多开,B,7022.0000,0.0000,0.0000,0.0000,0.0000,7028.0000,0.0000,0.0000,0.0000,0.0000,1,0,0,0,0,20,0,0,0,0
zc,TA301,2012-06-12 09:00:08.890,7026.0000,133340,6,0.0000,6.0000,6,0,双开,B,7022.0000,0.0000,0.0000,0.0000,0.0000,7028.0000,0.0000,0.0000,0.0000,0.0000,2,0,0,0,0,18,0,0,0,0
zc,TA301,2012-06-12 09:00:09.890,7028.0000,133344,4,0.0000,22.0000,13,9,多开,B,7024.0000,0.0000,0.0000,0.0000,0.0000,7028.0000,0.0000,0.0000,0.0000,0.0000,1,0,0,0,0,13,0,0,0,0
zc,TA301,2012-06-12 09:00:10.123,7024.0000,133356,12,0.0000,22.0000,17,5,空开,S,7020.0000,0.0000,0.0000,0.0000,0.0000,7022.0000,0.0000,0.0000,0.0000,0.0000,60,0,0,0,0,4,0,0,0,0
zc,TA301,2012-06-12 09:00:11.140,7020.0000,133356,0,0.0000,22.0000,11,11,空换,S,7022.0000,0.0000,0.0000,0.0000,0.0000,7026.0000,0.0000,0.0000,0.0000,0.0000,17,0,0,0,0,1,0,0,0,0
zc,TA301,2012-06-12 09:00:11.657,7026.0000,133384,28,0.0000,72.0000,50,22,多开,B,7026.0000,0.0000,0.0000,0.0000,0.0000,7028.0000,0.0000,0.0000,0.0000,0.0000,26,0,0,0,0,6,0,0,0,0
zc,TA301,2012-06-12 09:00:12.610,7028.0000,133372,-12,0.0000,40.0000,14,26,空平,B,7026.0000,0.0000,0.0000,0.0000,0.0000,7028.0000,0.0000,0.0000,0.0000,0.0000,28,0,0,0,0,4,0,0,0,0
zc,TA301,2012-06-12 09:00:12.890,7030.0000,133378,6,0.0000,8.0000,7,1,多开,B,7028.0000,0.0000,0.0000,0.0000,0.0000,7030.0000,0.0000,0.0000,0.0000,0.0000,1,0,0,0,0,60,0,0,0,0
zc,TA301,2012-06-12 09:00:13.920,7030.0000,133396,18,0.0000,32.0000,25,7,多开,B,7028.0000,0.0000,0.0000,0.0000,0.0000,7030.0000,0.0000,0.0000,0.0000,0.0000,14,0,0,0,0,44,0,0,0,0
zc,TA301,2012-06-12 09:00:14.420,7030.0000,133330,-66,0.0000,102.0000,18,84,空平,B,7028.0000,0.0000,0.0000,0.0000,0.0000,7030.0000,0.0000,0.0000,0.0000,0.0000,10,0,0,0,0,35,0,0,0,0
zc,TA301,2012-06-12 09:00:15.123,7030.0000,133356,26,0.0000,46.0000,36,10,多开,B,7028.0000,0.0000,0.0000,0.0000,0.0000,7030.0000,0.0000,0.0000,0.0000,0.0000,13,0,0,0,0,16,0,0,0,0
zc,TA301,2012-06-12 09:00:15.890,7032.0000,133150,-206,0.0000,444.0000,119,325,空平,B,7046.0000,0.0000,0.0000,0.0000,0.0000,7050.0000,0.0000,0.0000,0.0000,0.0000,1,0,0,0,0,8,0,0,0,0
zc,TA301,2012-06-12 09:00:16.640,7030.0000,133158,8,0.0000,18.0000,13,5,空开,S,7030.0000,0.0000,0.0000,0.0000,0.0000,7046.0000,0.0000,0.0000,0.0000,0.0000,67,0,0,0,0,11,0,0,0,0
zc,TA301,2012-06-12 09:00:17.157,7032.0000,133142,-16,0.0000,38.0000,11,27,空平,B,7034.0000,0.0000,0.0000,0.0000,0.0000,7042.0000,0.0000,0.0000,0.0000,0.0000,1,0,0,0,0,5,0,0,0,0
zc,TA301,2012-06-12 09:00:17.907,7042.0000,133136,-6,0.0000,46.0000,20,26,空平,B,7032.0000,0.0000,0.0000,0.0000,0.0000,7042.0000,0.0000,0.0000,0.0000,0.0000,11,0,0,0,0,3,0,0,0,0
zc,TA301,2012-06-12 09:00:18.920,7038.0000,133132,-4,0.0000,36.0000,16,20,多平,S,7032.0000,0.0000,0.0000,0.0000,0.0000,7038.0000,0.0000,0.0000,0.0000,0.0000,3,0,0,0,0,7,0,0,0,0
zc,TA301,2012-06-12 09:00:19.890,7044.0000,133144,12,0.0000,26.0000,19,7,多开,B,7042.0000,0.0000,0.0000,0.0000,0.0000,7046.0000,0.0000,0.0000,0.0000,0.0000,2,0,0,0,0,1,0,0,0,0
zc,TA301,2012-06-12 09:00:20.610,7042.0000,133144,0,0.0000,12.0000,6,6,空换,S,7042.0000,0.0000,0.0000,0.0000,0.0000,7044.0000,0.0000,0.0000,0.0000,0.0000,1,0,0,0,0,3,0,0,0,0
zc,TA301,2012-06-12 09:00:21.437,7038.0000,133146,2,0.0000,12.0000,7,5,空开,S,7038.0000,0.0000,0.0000,0.0000,0.0000,7040.0000,0.0000,0.0000,0.0000,0.0000,14,0,0,0,0,1,0,0,0,0
zc,TA301,2012-06-12 09:00:22.157,7038.0000,133146,0,0.0000,30.0000,15,15,空换,S,7038.0000,0.0000,0.0000,0.0000,0.0000,7042.0000,0.0000,0.0000,0.0000,0.0000,2,0,0,0,0,57,0,0,0,0
zc,TA301,2012-06-12 09:00:22.640,7038.0000,133144,-2,0.0000,28.0000,13,15,多平,S,7034.0000,0.0000,0.0000,0.0000,0.0000,7040.0000,0.0000,0.0000,0.0000,0.0000,6,0,0,0,0,4,0,0,0,0
zc,TA301,2012-06-12 09:00:23.623,7042.0000,133200,56,0.0000,94.0000,75,19,多开,B,7040.0000,0.0000,0.0000,0.0000,0.0000,7042.0000,0.0000,0.0000,0.0000,0.0000,2,0,0,0,0,11,0,0,0,0
zc,TA301,2012-06-12 09:00:24.360,7042.0000,133188,-12,0.0000,104.0000,46,58,空平,B,7042.0000,0.0000,0.0000,0.0000,0.0000,7044.0000,0.0000,0.0000,0.0000,0.0000,15,0,0,0,0,37,0,0,0,0
zc,TA301,2012-06-12 09:00:24.890,7040.0000,133240,52,0.0000,56.0000,54,2,空开,S,7038.0000,0.0000,0.0000,0.0000,0.0000,7040.0000,0.0000,0.0000,0.0000,0.0000,5,0,0,0,0,37,0,0,0,0
zc,TA301,2012-06-12 09:00:25.593,7040.0000,133272,32,0.0000,36.0000,34,2,空开,S,7034.0000,0.0000,0.0000,0.0000,0.0000,7040.0000,0.0000,0.0000,0.0000,0.0000,3,0,0,0,0,41,0,0,0,0
zc,TA301,2012-06-12 09:00:26.123,7040.0000,133270,-2,0.0000,6.0000,2,4,多平,S,7034.0000,0.0000,0.0000,0.0000,0.0000,7036.0000,0.0000,0.0000,0.0000,0.0000,3,0,0,0,0,5,0,0,0,0
zc,TA301,2012-06-12 09:00:26.827,7038.0000,133242,-28,0.0000,34.0000,3,31,多平,S,7034.0000,0.0000,0.0000,0.0000,0.0000,7038.0000,0.0000,0.0000,0.0000,0.0000,3,0,0,0,0,8,0,0,0,0
zc,TA301,2012-06-12 09:00:27.373,7038.0000,133242,0,0.0000,2.0000,1,1,空换,S,7034.0000,0.0000,0.0000,0.0000,0.0000,7038.0000,0.0000,0.0000,0.0000,0.0000,1,0,0,0,0,26,0,0,0,0
zc,TA301,2012-06-12 09:00:28.110,7034.0000,133242,0,0.0000,6.0000,3,3,空换,S,7032.0000,0.0000,0.0000,0.0000,0.0000,7034.0000,0.0000,0.0000,0.0000,0.0000,5,0,0,0,0,2,0,0,0,0
zc,TA301,2012-06-12 09:00:28.640,7036.0000,133268,26,0.0000,40.0000,33,7,多开,B,7032.0000,0.0000,0.0000,0.0000,0.0000,7036.0000,0.0000,0.0000,0.0000,0.0000,3,0,0,0,0,10,0,0,0,0
zc,TA301,2012-06-12 09:00:29.360,7036.0000,133268,0,0.0000,2.0000,1,1,多换,B,7034.0000,0.0000,0.0000,0.0000,0.0000,7036.0000,0.0000,0.0000,0.0000,0.0000,12,0,0,0,0,10,0,0,0,0
zc,TA301,2012-06-12 09:00:29.920,7032.0000,133270,2,0.0000,28.0000,15,13,空开,S,7032.0000,0.0000,0.0000,0.0000,0.0000,7034.0000,0.0000,0.0000,0.0000,0.0000,2,0,0,0,0,1,0,0,0,0
zc,TA301,2012-06-12 09:00:30.670,7030.0000,133364,94,0.0000,100.0000,97,3,空开,S,7030.0000,0.0000,0.0000,0.0000,0.0000,7032.0000,0.0000,0.0000,0.0000,0.0000,183,0,0,0,0,2,0,0,0,0
zc,TA301,2012-06-12 09:00:31.157,7030.0000,133368,4,0.0000,22.0000,13,9,空开,S,7032.0000,0.0000,0.0000,0.0000,0.0000,7034.0000,0.0000,0.0000,0.0000,0.0000,3,0,0,0,0,31,0,0,0,0
zc,TA301,2012-06-12 09:00:31.890,7034.0000,133370,2,0.0000,8.0000,5,3,多开,B,7032.0000,0.0000,0.0000,0.0000,0.0000,7034.0000,0.0000,0.0000,0.0000,0.0000,2,0,0,0,0,31,0,0,0,0
zc,TA301,2012-06-12 09:00:32.640,7032.0000,133374,4,0.0000,10.0000,7,3,空开,S,7030.0000,0.0000,0.0000,0.0000,0.0000,7032.0000,0.0000,0.0000,0.0000,0.0000,178,0,0,0,0,1,0,0,0,0
zc,TA301,2012-06-12 09:00:33.140,7032.0000,133376,2,0.0000,6.0000,4,2,空开,S,7030.0000,0.0000,0.0000,0.0000,0.0000,7032.0000,0.0000,0.0000,0.0000,0.0000,178,0,0,0,0,1,0,0,0,0
zc,TA301,2012-06-12 09:00:33.873,7034.0000,133388,12,0.0000,28.0000,20,8,多开,B,7032.0000,0.0000,0.0000,0.0000,0.0000,7034.0000,0.0000,0.0000,0.0000,0.0000,33,0,0,0,0,8,0,0,0,0
zc,TA301,2012-06-12 09:00:34.390,7034.0000,133382,-6,0.0000,10.0000,2,8,空平,B,7032.0000,0.0000,0.0000,0.0000,0.0000,7034.0000,0.0000,0.0000,0.0000,0.0000,33,0,0,0,0,25,0,0,0,0
zc,TA301,2012-06-12 09:00:35.123,7032.0000,133406,24,0.0000,102.0000,63,39,空开,S,7030.0000,0.0000,0.0000,0.0000,0.0000,7032.0000,0.0000,0.0000,0.0000,0.0000,176,0,0,0,0,9,0,0,0,0
zc,TA301,2012-06-12 09:00:35.623,7034.0000,133450,44,0.0000,94.0000,69,25,多开,B,7032.0000,0.0000,0.0000,0.0000,0.0000,7034.0000,0.0000,0.0000,0.0000,0.0000,1,0,0,0,0,20,0,0,0,0
zc,TA301,2012-06-12 09:00:36.343,7032.0000,133414,-36,0.0000,60.0000,12,48,多平,S,7032.0000,0.0000,0.0000,0.0000,0.0000,7034.0000,0.0000,0.0000,0.0000,0.0000,33,0,0,0,0,15,0,0,0,0
zc,TA301,2012-06-12 09:00:36.843,7034.0000,133414,0,0.0000,14.0000,7,7,多换,B,7032.0000,0.0000,0.0000,0.0000,0.0000,7034.0000,0.0000,0.0000,0.0000,0.0000,37,0,0,0,0,8,0,0,0,0
zc,TA301,2012-06-12 09:00:37.610,7034.0000,133410,-4,0.0000,14.0000,5,9,空平,B,7034.0000,0.0000,0.0000,0.0000,0.0000,7036.0000,0.0000,0.0000,0.0000,0.0000,1,0,0,0,0,4,0,0,0,0
zc,TA301,2012-06-12 09:00:38.390,7032.0000,133412,2,0.0000,24.0000,13,11,空开,S,7032.0000,0.0000,0.0000,0.0000,0.0000,7036.0000,0.0000,0.0000,0.0000,0.0000,56,0,0,0,0,11,0,0,0,0
zc,TA301,2012-06-12 09:00:39.123,7032.0000,133414,2,0.0000,6.0000,4,2,空开,S,7034.0000,0.0000,0.0000,0.0000,0.0000,7036.0000,0.0000,0.0000,0.0000,0.0000,1,0,0,0,0,2,0,0,0,0
zc,TA301,2012-06-12 09:00:39.390,7036.0000,133400,-14,0.0000,22.0000,4,18,空平,B,7034.0000,0.0000,0.0000,0.0000,0.0000,7036.0000,0.0000,0.0000,0.0000,0.0000,1,0,0,0,0,1,0,0,0,0
zc,TA301,2012-06-12 09:00:40.360,7034.0000,133400,0,0.0000,6.0000,3,3,空换,S,7034.0000,0.0000,0.0000,0.0000,0.0000,7036.0000,0.0000,0.0000,0.0000,0.0000,3,0,0,0,0,2,0,0,0,0
zc,TA301,2012-06-12 09:00:40.860,7036.0000,133392,-8,0.0000,10.0000,1,9,空平,B,7034.0000,0.0000,0.0000,0.0000,0.0000,7036.0000,0.0000,0.0000,0.0000,0.0000,4,0,0,0,0,7,0,0,0,0
zc,TA301,2012-06-12 09:00:41.373,7036.0000,133392,0,0.0000,14.0000,7,7,多换,B,7036.0000,0.0000,0.0000,0.0000,0.0000,7038.0000,0.0000,0.0000,0.0000,0.0000,100,0,0,0,0,11,0,0,0,0
zc,TA301,2012-06-12 09:00:41.873,7038.0000,133390,-2,0.0000,30.0000,14,16,空平,B,7038.0000,0.0000,0.0000,0.0000,0.0000,7040.0000,0.0000,0.0000,0.0000,0.0000,9,0,0,0,0,4,0,0,0,0
zc,TA301,2012-06-12 09:00:42.623,7036.0000,133390,0,0.0000,2.0000,1,1,空换,S,7036.0000,0.0000,0.0000,0.0000,0.0000,7040.0000,0.0000,0.0000,0.0000,0.0000,104,0,0,0,0,6,0,0,0,0
zc,TA301,2012-06-12 09:00:43.373,7040.0000,133392,2,0.0000,34.0000,18,16,多开,B,7040.0000,0.0000,0.0000,0.0000,0.0000,7042.0000,0.0000,0.0000,0.0000,0.0000,15,0,0,0,0,22,0,0,0,0
zc,TA301,2012-06-12 09:00:44.140,7040.0000,133394,2,0.0000,6.0000,4,2,多开,B,7040.0000,0.0000,0.0000,0.0000,0.0000,7042.0000,0.0000,0.0000,0.0000,0.0000,39,0,0,0,0,52,0,0,0,0
zc,TA301,2012-06-12 09:00:44.593,7040.0000,133398,4,0.0000,8.0000,6,2,多开,B,7040.0000,0.0000,0.0000,0.0000,0.0000,7042.0000,0.0000,0.0000,0.0000,0.0000,40,0,0,0,0,27,0,0,0,0
zc,TA301,2012-06-12 09:00:45.373,7040.0000,133398,0,0.0000,30.0000,15,15,多换,B,7040.0000,0.0000,0.0000,0.0000,0.0000,7042.0000,0.0000,0.0000,0.0000,0.0000,25,0,0,0,0,22,0,0,0,0
zc,TA301,2012-06-12 09:00:45.843,7040.0000,133362,-36,0.0000,48.0000,6,42,空平,B,7040.0000,0.0000,0.0000,0.0000,0.0000,7044.0000,0.0000,0.0000,0.0000,0.0000,23,0,0,0,0,27,0,0,0,0
zc,TA301,2012-06-12 09:00:46.873,7040.0000,133364,2,0.0000,26.0000,14,12,多开,B,7040.0000,0.0000,0.0000,0.0000,0.0000,7044.0000,0.0000,0.0000,0.0000,0.0000,17,0,0,0,0,9,0,0,0,0
zc,TA301,2012-06-12 09:00:47.373,7040.0000,133398,34,0.0000,98.0000,66,32,多开,B,7038.0000,0.0000,0.0000,0.0000,0.0000,7040.0000,0.0000,0.0000,0.0000,0.0000,22,0,0,0,0,15,0,0,0,0
zc,TA301,2012-06-12 09:00:47.827,7040.0000,133398,0,0.0000,2.0000,1,1,多换,B,7038.0000,0.0000,0.0000,0.0000,0.0000,7040.0000,0.0000,0.0000,0.0000,0.0000,22,0,0,0,0,14,0,0,0,0
zc,TA301,2012-06-12 09:00:48.563,7040.0000,133410,12,0.0000,20.0000,16,4,多开,B,7038.0000,0.0000,0.0000,0.0000,0.0000,7040.0000,0.0000,0.0000,0.0000,0.0000,18,0,0,0,0,4,0,0,0,0
zc,TA301,2012-06-12 09:00:49.327,7042.0000,133430,20,0.0000,28.0000,24,4,多开,B,7038.0000,0.0000,0.0000,0.0000,0.0000,7042.0000,0.0000,0.0000,0.0000,0.0000,14,0,0,0,0,9,0,0,0,0
zc,TA301,2012-06-12 09:00:49.827,7038.0000,133430,0,0.0000,2.0000,1,1,空换,S,7038.0000,0.0000,0.0000,0.0000,0.0000,7040.0000,0.0000,0.0000,0.0000,0.0000,13,0,0,0,0,7,0,0,0,0
zc,TA301,2012-06-12 09:00:50.343,7038.0000,133460,30,0.0000,32.0000,31,1,空开,S,7038.0000,0.0000,0.0000,0.0000,0.0000,7040.0000,0.0000,0.0000,0.0000,0.0000,7,0,0,0,0,20,0,0,0,0
zc,TA301,2012-06-12 09:00:50.890,7038.0000,133428,-32,0.0000,66.0000,17,49,多平,S,7036.0000,0.0000,0.0000,0.0000,0.0000,7038.0000,0.0000,0.0000,0.0000,0.0000,86,0,0,0,0,19,0,0,0,0
zc,TA301,2012-06-12 09:00:51.907,7038.0000,133424,-4,0.0000,8.0000,2,6,多平,S,7036.0000,0.0000,0.0000,0.0000,0.0000,7038.0000,0.0000,0.0000,0.0000,0.0000,86,0,0,0,0,15,0,0,0,0
zc,TA301,2012-06-12 09:00:52.360,7036.0000,133430,6,0.0000,14.0000,10,4,空开,S,7036.0000,0.0000,0.0000,0.0000,0.0000,7038.0000,0.0000,0.0000,0.0000,0.0000,80,0,0,0,0,1,0,0,0,0
zc,TA301,2012-06-12 09:00:53.123,7038.0000,133436,6,0.0000,16.0000,11,5,多开,B,7038.0000,0.0000,0.0000,0.0000,0.0000,7042.0000,0.0000,0.0000,0.0000,0.0000,19,0,0,0,0,64,0,0,0,0
zc,TA301,2012-06-12 09:00:53.593,7038.0000,133446,10,0.0000,10.0000,10,0,双开,B,7038.0000,0.0000,0.0000,0.0000,0.0000,7042.0000,0.0000,0.0000,0.0000,0.0000,34,0,0,0,0,58,0,0,0,0
zc,TA301,2012-06-12 09:00:54.390,7038.0000,133464,18,0.0000,20.0000,19,1,多开,B,7038.0000,0.0000,0.0000,0.0000,0.0000,7040.0000,0.0000,0.0000,0.0000,0.0000,28,0,0,0,0,5,0,0,0,0
zc,TA301,2012-06-12 09:00:54.813,7038.0000,133478,14,0.0000,16.0000,15,1,多开,B,7038.0000,0.0000,0.0000,0.0000,0.0000,7040.0000,0.0000,0.0000,0.0000,0.0000,23,0,0,0,0,11,0,0,0,0
zc,TA301,2012-06-12 09:00:55.577,7038.0000,133488,10,0.0000,10.0000,10,0,双开,B,7038.0000,0.0000,0.0000,0.0000,0.0000,7040.0000,0.0000,0.0000,0.0000,0.0000,21,0,0,0,0,9,0,0,0,0
zc,TA301,2012-06-12 09:00:56.047,7038.0000,133500,12,0.0000,22.0000,17,5,多开,B,7038.0000,0.0000,0.0000,0.0000,0.0000,7040.0000,0.0000,0.0000,0.0000,0.0000,15,0,0,0,0,26,0,0,0,0
zc,TA301,2012-06-12 09:00:56.860,7038.0000,133532,32,0.0000,34.0000,33,1,多开,B,7036.0000,0.0000,0.0000,0.0000,0.0000,7038.0000,0.0000,0.0000,0.0000,0.0000,111,0,0,0,0,6,0,0,0,0
zc,TA301,2012-06-12 09:00:57.373,7036.0000,133532,0,0.0000,8.0000,4,4,空换,S,7036.0000,0.0000,0.0000,0.0000,0.0000,7038.0000,0.0000,0.0000,0.0000,0.0000,108,0,0,0,0,11,0,0,0,0
zc,TA301,2012-06-12 09:00:58.110,7038.0000,133532,0,0.0000,2.0000,1,1,多换,B,7036.0000,0.0000,0.0000,0.0000,0.0000,7038.0000,0.0000,0.0000,0.0000,0.0000,108,0,0,0,0,10,0,0,0,0
zc,TA301,2012-06-12 09:00:58.873,7038.0000,133520,-12,0.0000,22.0000,5,17,空平,B,7038.0000,0.0000,0.0000,0.0000,0.0000,7040.0000,0.0000,0.0000,0.0000,0.0000,1,0,0,0,0,46,0,0,0,0
zc,TA301,2012-06-12 09:00:59.563,7040.0000,133514,-6,0.0000,118.0000,56,62,空平,B,7040.0000,0.0000,0.0000,0.0000,0.0000,7042.0000,0.0000,0.0000,0.0000,0.0000,9,0,0,0,0,66,0,0,0,0
zc,TA301,2012-06-12 09:01:00.077,7040.0000,133534,20,0.0000,20.0000,20,0,双开,B,7038.0000,0.0000,0.0000,0.0000,0.0000,7042.0000,0.0000,0.0000,0.0000,0.0000,2,0,0,0,0,76,0,0,0,0
zc,TA301,2012-06-12 09:01:00.860,7038.0000,133536,2,0.0000,4.0000,3,1,空开,S,7040.0000,0.0000,0.0000,0.0000,0.0000,7042.0000,0.0000,0.0000,0.0000,0.0000,4,0,0,0,0,77,0,0,0,0
zc,TA301,2012-06-12 09:01:01.360,7040.0000,133432,-104,0.0000,160.0000,28,132,空平,B,7040.0000,0.0000,0.0000,0.0000,0.0000,7042.0000,0.0000,0.0000,0.0000,0.0000,18,0,0,0,0,57,0,0,0,0
zc,TA301,2012-06-12 09:01:01.873,7040.0000,133438,6,0.0000,38.0000,22,16,多开,B,7038.0000,0.0000,0.0000,0.0000,0.0000,7040.0000,0.0000,0.0000,0.0000,0.0000,2,0,0,0,0,9,0,0,0,0
zc,TA301,2012-06-12 09:01:02.610,7038.0000,133442,4,0.0000,4.0000,4,0,双开,S,7036.0000,0.0000,0.0000,0.0000,0.0000,7038.0000,0.0000,0.0000,0.0000,0.0000,100,0,0,0,0,8,0,0,0,0
zc,TA301,2012-06-12 09:01:03.390,7036.0000,133640,198,0.0000,204.0000,201,3,空开,S,7034.0000,0.0000,0.0000,0.0000,0.0000,7036.0000,0.0000,0.0000,0.0000,0.0000,113,0,0,0,0,8,0,0,0,0
zc,TA301,2012-06-12 09:01:04.063,7036.0000,133630,-10,0.0000,56.0000,23,33,多平,S,7034.0000,0.0000,0.0000,0.0000,0.0000,7036.0000,0.0000,0.0000,0.0000,0.0000,90,0,0,0,0,4,0,0,0,0
zc,TA301,2012-06-12 09:01:04.593,7036.0000,134224,594,0.0000,610.0000,602,8,空开,S,7038.0000,0.0000,0.0000,0.0000,0.0000,7042.0000,0.0000,0.0000,0.0000,0.0000,6,0,0,0,0,136,0,0,0,0
zc,TA301,2012-06-12 09:01:05.360,7036.0000,134212,-12,0.0000,60.0000,24,36,多平,S,7036.0000,0.0000,0.0000,0.0000,0.0000,7038.0000,0.0000,0.0000,0.0000,0.0000,72,0,0,0,0,20,0,0,0,0
zc,TA301,2012-06-12 09:01:05.843,7036.0000,134214,2,0.0000,24.0000,13,11,空开,S,7036.0000,0.0000,0.0000,0.0000,0.0000,7038.0000,0.0000,0.0000,0.0000,0.0000,75,0,0,0,0,10,0,0,0,0
zc,TA301,2012-06-12 09:01:06.577,7038.0000,134218,4,0.0000,4.0000,4,0,双开,B,7036.0000,0.0000,0.0000,0.0000,0.0000,7038.0000,0.0000,0.0000,0.0000,0.0000,148,0,0,0,0,9,0,0,0,0
zc,TA301,2012-06-12 09:01:07.110,7038.0000,134240,22,0.0000,22.0000,22,0,双开,B,7036.0000,0.0000,0.0000,0.0000,0.0000,7038.0000,0.0000,0.0000,0.0000,0.0000,147,0,0,0,0,5,0,0,0,0
zc,TA301,2012-06-12 09:01:07.860,7036.0000,134254,14,0.0000,18.0000,16,2,空开,S,7036.0000,0.0000,0.0000,0.0000,0.0000,7038.0000,0.0000,0.0000,0.0000,0.0000,142,0,0,0,0,1,0,0,0,0
zc,TA301,2012-06-12 09:01:08.577,7038.0000,134254,0,0.0000,4.0000,2,2,多换,B,7036.0000,0.0000,0.0000,0.0000,0.0000,7040.0000,0.0000,0.0000,0.0000,0.0000,142,0,0,0,0,14,0,0,0,0
zc,TA301,2012-06-12 09:01:09.373,7038.0000,134254,0,0.0000,4.0000,2,2,多换,B,7036.0000,0.0000,0.0000,0.0000,0.0000,7040.0000,0.0000,0.0000,0.0000,0.0000,145,0,0,0,0,13,0,0,0,0
zc,TA301,2012-06-12 09:01:09.827,7038.0000,134256,2,0.0000,8.0000,5,3,多开,B,7038.0000,0.0000,0.0000,0.0000,0.0000,7040.0000,0.0000,0.0000,0.0000,0.0000,22,0,0,0,0,13,0,0,0,0
zc,TA301,2012-06-12 09:01:10.610,7038.0000,134256,0,0.0000,0.0000,0,0,多换,B,7038.0000,0.0000,0.0000,0.0000,0.0000,7040.0000,0.0000,0.0000,0.0000,0.0000,24,0,0,0,0,15,0,0,0,0
zc,TA301,2012-06-12 09:01:11.093,7038.0000,134266,10,0.0000,56.0000,33,23,多开,B,7036.0000,0.0000,0.0000,0.0000,0.0000,7038.0000,0.0000,0.0000,0.0000,0.0000,153,0,0,0,0,21,0,0,0,0
zc,TA301,2012-06-12 09:01:11.890,7038.0000,134252,-14,0.0000,16.0000,1,15,空平,B,7036.0000,0.0000,0.0000,0.0000,0.0000,7038.0000,0.0000,0.0000,0.0000,0.0000,162,0,0,0,0,15,0,0,0,0
zc,TA301,2012-06-12 09:01:12.343,7038.0000,134266,14,0.0000,24.0000,19,5,多开,B,7036.0000,0.0000,0.0000,0.0000,0.0000,7038.0000,0.0000,0.0000,0.0000,0.0000,154,0,0,0,0,16,0,0,0,0
zc,TA301,2012-06-12 09:01:13.093,7038.0000,134260,-6,0.0000,24.0000,9,15,空平,B,7036.0000,0.0000,0.0000,0.0000,0.0000,7038.0000,0.0000,0.0000,0.0000,0.0000,153,0,0,0,0,11,0,0,0,0
zc,TA301,2012-06-12 09:01:13.593,7040.0000,134240,-20,0.0000,28.0000,4,24,空平,B,7038.0000,0.0000,0.0000,0.0000,0.0000,7040.0000,0.0000,0.0000,0.0000,0.0000,16,0,0,0,0,16,0,0,0,0
zc,TA301,2012-06-12 09:01:14.313,7038.0000,134242,2,0.0000,22.0000,12,10,空开,S,7038.0000,0.0000,0.0000,0.0000,0.0000,7040.0000,0.0000,0.0000,0.0000,0.0000,27,0,0,0,0,11,0,0,0,0
zc,TA301,2012-06-12 09:01:14.860,7038.0000,134236,-6,0.0000,42.0000,18,24,多平,S,7038.0000,0.0000,0.0000,0.0000,0.0000,7040.0000,0.0000,0.0000,0.0000,0.0000,4,0,0,0,0,9,0,0,0,0
zc,TA301,2012-06-12 09:01:15.577,7040.0000,134232,-4,0.0000,22.0000,9,13,空平,B,7040.0000,0.0000,0.0000,0.0000,0.0000,7042.0000,0.0000,0.0000,0.0000,0.0000,9,0,0,0,0,164,0,0,0,0
zc,TA301,2012-06-12 09:01:16.093,7040.0000,134230,-2,0.0000,18.0000,8,10,空平,B,7038.0000,0.0000,0.0000,0.0000,0.0000,7040.0000,0.0000,0.0000,0.0000,0.0000,7,0,0,0,0,5,0,0,0,0
zc,TA301,2012-06-12 09:01:16.843,7038.0000,134232,2,0.0000,12.0000,7,5,空开,S,7038.0000,0.0000,0.0000,0.0000,0.0000,7040.0000,0.0000,0.0000,0.0000,0.0000,2,0,0,0,0,12,0,0,0,0
zc,TA301,2012-06-12 09:01:17.123,7038.0000,134232,0,0.0000,0.0000,0,0,空换,S,7038.0000,0.0000,0.0000,0.0000,0.0000,7040.0000,0.0000,0.0000,0.0000,0.0000,12,0,0,0,0,29,0,0,0,0
zc,TA301,2012-06-12 09:01:18.593,7038.0000,134236,4,0.0000,10.0000,7,3,空开,S,7038.0000,0.0000,0.0000,0.0000,0.0000,7040.0000,0.0000,0.0000,0.0000,0.0000,7,0,0,0,0,34,0,0,0,0
zc,TA301,2012-06-12 09:01:19.467,7038.0000,134256,20,0.0000,24.0000,22,2,空开,S,7036.0000,0.0000,0.0000,0.0000,0.0000,7038.0000,0.0000,0.0000,0.0000,0.0000,150,0,0,0,0,15,0,0,0,0
zc,TA301,2012-06-12 09:01:19.797,7038.0000,134258,2,0.0000,2.0000,2,0,双开,S,7036.0000,0.0000,0.0000,0.0000,0.0000,7038.0000,0.0000,0.0000,0.0000,0.0000,150,0,0,0,0,16,0,0,0,0
zc,TA301,2012-06-12 09:01:20.610,7036.0000,134324,66,0.0000,70.0000,68,2,空开,S,7036.0000,0.0000,0.0000,0.0000,0.0000,7038.0000,0.0000,0.0000,0.0000,0.0000,116,0,0,0,0,13,0,0,0,0
zc,TA301,2012-06-12 09:01:21.077,7036.0000,134552,228,0.0000,246.0000,237,9,空开,S,7034.0000,0.0000,0.0000,0.0000,0.0000,7036.0000,0.0000,0.0000,0.0000,0.0000,89,0,0,0,0,189,0,0,0,0
zc,TA301,2012-06-12 09:01:21.813,7034.0000,134554,2,0.0000,6.0000,4,2,空开,S,7034.0000,0.0000,0.0000,0.0000,0.0000,7036.0000,0.0000,0.0000,0.0000,0.0000,87,0,0,0,0,190,0,0,0,0
zc,TA301,2012-06-12 09:01:22.390,7034.0000,134540,-14,0.0000,56.0000,21,35,多平,S,7034.0000,0.0000,0.0000,0.0000,0.0000,7036.0000,0.0000,0.0000,0.0000,0.0000,71,0,0,0,0,179,0,0,0,0
zc,TA301,2012-06-12 09:01:23.093,7034.0000,134542,2,0.0000,14.0000,8,6,空开,S,7034.0000,0.0000,0.0000,0.0000,0.0000,7036.0000,0.0000,0.0000,0.0000,0.0000,65,0,0,0,0,177,0,0,0,0
zc,TA301,2012-06-12 09:01:23.610,7036.0000,134520,-22,0.0000,108.0000,43,65,空平,B,7034.0000,0.0000,0.0000,0.0000,0.0000,7036.0000,0.0000,0.0000,0.0000,0.0000,23,0,0,0,0,165,0,0,0,0
zc,TA301,2012-06-12 09:01:24.360,7034.0000,134514,-6,0.0000,12.0000,3,9,多平,S,7034.0000,0.0000,0.0000,0.0000,0.0000,7036.0000,0.0000,0.0000,0.0000,0.0000,24,0,0,0,0,165,0,0,0,0
zc,TA301,2012-06-12 09:01:24.827,7036.0000,134516,2,0.0000,86.0000,44,42,多开,B,7034.0000,0.0000,0.0000,0.0000,0.0000,7036.0000,0.0000,0.0000,0.0000,0.0000,1,0,0,0,0,139,0,0,0,0
zc,TA301,2012-06-12 09:01:25.327,7034.0000,134514,-2,0.0000,2.0000,0,2,双平,S,7032.0000,0.0000,0.0000,0.0000,0.0000,7034.0000,0.0000,0.0000,0.0000,0.0000,107,0,0,0,0,2,0,0,0,0
zc,TA301,2012-06-12 09:01:26.077,7034.0000,134514,0,0.0000,0.0000,0,0,空换,S,7032.0000,0.0000,0.0000,0.0000,0.0000,7034.0000,0.0000,0.0000,0.0000,0.0000,107,0,0,0,0,17,0,0,0,0
zc,TA301,2012-06-12 09:01:26.623,7034.0000,134514,0,0.0000,2.0000,1,1,空换,S,7032.0000,0.0000,0.0000,0.0000,0.0000,7034.0000,0.0000,0.0000,0.0000,0.0000,114,0,0,0,0,19,0,0,0,0
zc,TA301,2012-06-12 09:01:27.343,7034.0000,134502,-12,0.0000,40.0000,14,26,多平,S,7034.0000,0.0000,0.0000,0.0000,0.0000,7036.0000,0.0000,0.0000,0.0000,0.0000,8,0,0,0,0,146,0,0,0,0
zc,TA301,2012-06-12 09:01:27.813,7034.0000,134510,8,0.0000,12.0000,10,2,空开,S,7034.0000,0.0000,0.0000,0.0000,0.0000,7036.0000,0.0000,0.0000,0.0000,0.0000,3,0,0,0,0,146,0,0,0,0
zc,TA301,2012-06-12 09:01:28.610,7032.0000,134510,0,0.0000,22.0000,11,11,空换,S,7032.0000,0.0000,0.0000,0.0000,0.0000,7034.0000,0.0000,0.0000,0.0000,0.0000,105,0,0,0,0,2,0,0,0,0
zc,TA301,2012-06-12 09:01:29.123,7034.0000,134502,-8,0.0000,18.0000,5,13,空平,B,7032.0000,0.0000,0.0000,0.0000,0.0000,7034.0000,0.0000,0.0000,0.0000,0.0000,100,0,0,0,0,8,0,0,0,0
zc,TA301,2012-06-12 09:01:29.813,7032.0000,134502,0,0.0000,2.0000,1,1,空换,S,7032.0000,0.0000,0.0000,0.0000,0.0000,7034.0000,0.0000,0.0000,0.0000,0.0000,100,0,0,0,0,13,0,0,0,0
zc,TA301,2012-06-12 09:01:30.343,7034.0000,134500,-2,0.0000,10.0000,4,6,空平,B,7032.0000,0.0000,0.0000,0.0000,0.0000,7034.0000,0.0000,0.0000,0.0000,0.0000,100,0,0,0,0,23,0,0,0,0
zc,TA301,2012-06-12 09:01:31.063,7032.0000,134516,16,0.0000,26.0000,21,5,空开,S,7032.0000,0.0000,0.0000,0.0000,0.0000,7034.0000,0.0000,0.0000,0.0000,0.0000,87,0,0,0,0,51,0,0,0,0
zc,TA301,2012-06-12 09:01:31.577,7032.0000,134598,82,0.0000,122.0000,102,20,空开,S,7032.0000,0.0000,0.0000,0.0000,0.0000,7034.0000,0.0000,0.0000,0.0000,0.0000,28,0,0,0,0,43,0,0,0,0
zc,TA301,2012-06-12 09:01:32.373,7034.0000,134638,40,0.0000,62.0000,51,11,多开,B,7032.0000,0.0000,0.0000,0.0000,0.0000,7034.0000,0.0000,0.0000,0.0000,0.0000,8,0,0,0,0,34,0,0,0,0
zc,TA301,2012-06-12 09:01:32.873,7030.0000,134654,16,0.0000,20.0000,18,2,空开,S,7030.0000,0.0000,0.0000,0.0000,0.0000,7032.0000,0.0000,0.0000,0.0000,0.0000,40,0,0,0,0,1,0,0,0,0
zc,TA301,2012-06-12 09:01:33.623,7030.0000,134658,4,0.0000,4.0000,4,0,双开,S,7030.0000,0.0000,0.0000,0.0000,0.0000,7032.0000,0.0000,0.0000,0.0000,0.0000,38,0,0,0,0,5,0,0,0,0
zc,TA301,2012-06-12 09:01:34.093,7030.0000,134662,4,0.0000,4.0000,4,0,双开,S,7030.0000,0.0000,0.0000,0.0000,0.0000,7032.0000,0.0000,0.0000,0.0000,0.0000,37,0,0,0,0,5,0,0,0,0
zc,TA301,2012-06-12 09:01:34.890,7032.0000,134658,-4,0.0000,24.0000,10,14,空平,B,7030.0000,0.0000,0.0000,0.0000,0.0000,7034.0000,0.0000,0.0000,0.0000,0.0000,44,0,0,0,0,34,0,0,0,0
zc,TA301,2012-06-12 09:01:35.360,7034.0000,134682,24,0.0000,88.0000,56,32,多开,B,7034.0000,0.0000,0.0000,0.0000,0.0000,7036.0000,0.0000,0.0000,0.0000,0.0000,5,0,0,0,0,149,0,0,0,0
zc,TA301,2012-06-12 09:01:36.140,7034.0000,134682,0,0.0000,4.0000,2,2,多换,B,7034.0000,0.0000,0.0000,0.0000,0.0000,7036.0000,0.0000,0.0000,0.0000,0.0000,3,0,0,0,0,150,0,0,0,0
zc,TA301,2012-06-12 09:01:36.593,7032.0000,134680,-2,0.0000,8.0000,3,5,多平,S,7032.0000,0.0000,0.0000,0.0000,0.0000,7034.0000,0.0000,0.0000,0.0000,0.0000,34,0,0,0,0,16,0,0,0,0
zc,TA301,2012-06-12 09:01:37.327,7034.0000,134680,0,0.0000,10.0000,5,5,多换,B,7032.0000,0.0000,0.0000,0.0000,0.0000,7034.0000,0.0000,0.0000,0.0000,0.0000,35,0,0,0,0,19,0,0,0,0
zc,TA301,2012-06-12 09:01:38.123,7034.0000,134664,-16,0.0000,86.0000,35,51,空平,B,7034.0000,0.0000,0.0000,0.0000,0.0000,7036.0000,0.0000,0.0000,0.0000,0.0000,398,0,0,0,0,149,0,0,0,0
zc,TA301,2012-06-12 09:01:38.640,7036.0000,134666,2,0.0000,22.0000,12,10,多开,B,7034.0000,0.0000,0.0000,0.0000,0.0000,7036.0000,0.0000,0.0000,0.0000,0.0000,403,0,0,0,0,137,0,0,0,0
zc,TA301,2012-06-12 09:01:39.297,7036.0000,134668,2,0.0000,68.0000,35,33,多开,B,7034.0000,0.0000,0.0000,0.0000,0.0000,7036.0000,0.0000,0.0000,0.0000,0.0000,399,0,0,0,0,109,0,0,0,0
zc,TA301,2012-06-12 09:01:39.843,7036.0000,134678,10,0.0000,74.0000,42,32,多开,B,7034.0000,0.0000,0.0000,0.0000,0.0000,7036.0000,0.0000,0.0000,0.0000,0.0000,397,0,0,0,0,75,0,0,0,0
zc,TA301,2012-06-12 09:01:40.593,7034.0000,134678,0,0.0000,32.0000,16,16,空换,S,7034.0000,0.0000,0.0000,0.0000,0.0000,7036.0000,0.0000,0.0000,0.0000,0.0000,392,0,0,0,0,64,0,0,0,0
zc,TA301,2012-06-12 09:01:41.063,7034.0000,134674,-4,0.0000,14.0000,5,9,多平,S,7034.0000,0.0000,0.0000,0.0000,0.0000,7036.0000,0.0000,0.0000,0.0000,0.0000,389,0,0,0,0,63,0,0,0,0
zc,TA301,2012-06-12 09:01:41.860,7036.0000,134680,6,0.0000,16.0000,11,5,多开,B,7034.0000,0.0000,0.0000,0.0000,0.0000,7036.0000,0.0000,0.0000,0.0000,0.0000,384,0,0,0,0,105,0,0,0,0
zc,TA301,2012-06-12 09:01:42.360,7036.0000,134688,8,0.0000,8.0000,8,0,双开,B,7034.0000,0.0000,0.0000,0.0000,0.0000,7036.0000,0.0000,0.0000,0.0000,0.0000,384,0,0,0,0,101,0,0,0,0
zc,TA301,2012-06-12 09:01:42.890,7036.0000,134708,20,0.0000,20.0000,20,0,双开,B,7034.0000,0.0000,0.0000,0.0000,0.0000,7036.0000,0.0000,0.0000,0.0000,0.0000,384,0,0,0,0,89,0,0,0,0
zc,TA301,2012-06-12 09:01:43.327,7036.0000,134752,44,0.0000,52.0000,48,4,多开,B,7034.0000,0.0000,0.0000,0.0000,0.0000,7036.0000,0.0000,0.0000,0.0000,0.0000,387,0,0,0,0,65,0,0,0,0
zc,TA301,2012-06-12 09:01:44.123,7036.0000,134762,10,0.0000,10.0000,10,0,双开,B,7034.0000,0.0000,0.0000,0.0000,0.0000,7036.0000,0.0000,0.0000,0.0000,0.0000,392,0,0,0,0,60,0,0,0,0
zc,TA301,2012-06-12 09:01:44.530,7036.0000,134760,-2,0.0000,24.0000,11,13,空平,B,7034.0000,0.0000,0.0000,0.0000,0.0000,7036.0000,0.0000,0.0000,0.0000,0.0000,391,0,0,0,0,49,0,0,0,0
zc,TA301,2012-06-12 09:01:45.327,7036.0000,134736,-24,0.0000,38.0000,7,31,空平,B,7034.0000,0.0000,0.0000,0.0000,0.0000,7036.0000,0.0000,0.0000,0.0000,0.0000,391,0,0,0,0,30,0,0,0,0
zc,TA301,2012-06-12 09:01:45.890,7036.0000,134724,-12,0.0000,60.0000,24,36,空平,B,7036.0000,0.0000,0.0000,0.0000,0.0000,7038.0000,0.0000,0.0000,0.0000,0.0000,59,0,0,0,0,14,0,0,0,0
zc,TA301,2012-06-12 09:01:46.610,7036.0000,134832,108,0.0000,164.0000,136,28,多开,B,7036.0000,0.0000,0.0000,0.0000,0.0000,7038.0000,0.0000,0.0000,0.0000,0.0000,12,0,0,0,0,12,0,0,0,0
zc,TA301,2012-06-12 09:01:47.047,7038.0000,134838,6,0.0000,20.0000,13,7,多开,B,7036.0000,0.0000,0.0000,0.0000,0.0000,7038.0000,0.0000,0.0000,0.0000,0.0000,12,0,0,0,0,5,0,0,0,0
zc,TA301,2012-06-12 09:01:47.860,7036.0000,134832,-6,0.0000,14.0000,4,10,多平,S,7036.0000,0.0000,0.0000,0.0000,0.0000,7038.0000,0.0000,0.0000,0.0000,0.0000,21,0,0,0,0,7,0,0,0,0
zc,TA301,2012-06-12 09:01:48.563,7036.0000,134806,-26,0.0000,42.0000,8,34,多平,S,7038.0000,0.0000,0.0000,0.0000,0.0000,7040.0000,0.0000,0.0000,0.0000,0.0000,2,0,0,0,0,68,0,0,0,0
zc,TA301,2012-06-12 09:01:49.077,7036.0000,134812,6,0.0000,46.0000,26,20,空开,S,7034.0000,0.0000,0.0000,0.0000,0.0000,7036.0000,0.0000,0.0000,0.0000,0.0000,404,0,0,0,0,29,0,0,0,0
zc,TA301,2012-06-12 09:01:49.610,7036.0000,134812,0,0.0000,128.0000,64,64,空换,S,7034.0000,0.0000,0.0000,0.0000,0.0000,7036.0000,0.0000,0.0000,0.0000,0.0000,349,0,0,0,0,15,0,0,0,0
zc,TA301,2012-06-12 09:01:50.110,7036.0000,134812,0,0.0000,30.0000,15,15,空换,S,7034.0000,0.0000,0.0000,0.0000,0.0000,7038.0000,0.0000,0.0000,0.0000,0.0000,349,0,0,0,0,7,0,0,0,0
zc,TA301,2012-06-12 09:01:50.890,7036.0000,134816,4,0.0000,4.0000,4,0,双开,S,7036.0000,0.0000,0.0000,0.0000,0.0000,7038.0000,0.0000,0.0000,0.0000,0.0000,3,0,0,0,0,15,0,0,0,0
zc,TA301,2012-06-12 09:01:51.327,7036.0000,134816,0,0.0000,0.0000,0,0,空换,S,7036.0000,0.0000,0.0000,0.0000,0.0000,7038.0000,0.0000,0.0000,0.0000,0.0000,5,0,0,0,0,15,0,0,0,0
zc,TA301,2012-06-12 09:01:52.063,7036.0000,134816,0,0.0000,0.0000,0,0,空换,S,7036.0000,0.0000,0.0000,0.0000,0.0000,7038.0000,0.0000,0.0000,0.0000,0.0000,8,0,0,0,0,18,0,0,0,0
zc,TA301,2012-06-12 09:01:52.343,7038.0000,134828,12,0.0000,16.0000,14,2,多开,B,7036.0000,0.0000,0.0000,0.0000,0.0000,7038.0000,0.0000,0.0000,0.0000,0.0000,7,0,0,0,0,30,0,0,0,0
zc,TA301,2012-06-12 09:01:53.077,7038.0000,134828,0,0.0000,2.0000,1,1,多换,B,7036.0000,0.0000,0.0000,0.0000,0.0000,7038.0000,0.0000,0.0000,0.0000,0.0000,7,0,0,0,0,29,0,0,0,0
zc,TA301,2012-06-12 09:01:53.873,7036.0000,134840,12,0.0000,60.0000,36,24,空开,S,7034.0000,0.0000,0.0000,0.0000,0.0000,7036.0000,0.0000,0.0000,0.0000,0.0000,348,0,0,0,0,2,0,0,0,0
zc,TA301,2012-06-12 09:01:54.093,7034.0000,134834,-6,0.0000,8.0000,1,7,多平,S,7034.0000,0.0000,0.0000,0.0000,0.0000,7036.0000,0.0000,0.0000,0.0000,0.0000,344,0,0,0,0,9,0,0,0,0
zc,TA301,2012-06-12 09:01:54.843,7036.0000,134836,2,0.0000,2.0000,2,0,双开,B,7034.0000,0.0000,0.0000,0.0000,0.0000,7036.0000,0.0000,0.0000,0.0000,0.0000,344,0,0,0,0,2,0,0,0,0
zc,TA301,2012-06-12 09:01:55.360,7038.0000,134840,4,0.0000,6.0000,5,1,多开,B,7034.0000,0.0000,0.0000,0.0000,0.0000,7038.0000,0.0000,0.0000,0.0000,0.0000,347,0,0,0,0,21,0,0,0,0
zc,TA301,2012-06-12 09:01:56.047,7038.0000,134850,10,0.0000,20.0000,15,5,多开,B,7036.0000,0.0000,0.0000,0.0000,0.0000,7038.0000,0.0000,0.0000,0.0000,0.0000,17,0,0,0,0,13,0,0,0,0
zc,TA301,2012-06-12 09:01:56.577,7038.0000,134850,0,0.0000,0.0000,0,0,多换,B,7036.0000,0.0000,0.0000,0.0000,0.0000,7038.0000,0.0000,0.0000,0.0000,0.0000,18,0,0,0,0,2,0,0,0,0
zc,TA301,2012-06-12 09:01:57.297,7038.0000,134850,0,0.0000,0.0000,0,0,多换,B,7036.0000,0.0000,0.0000,0.0000,0.0000,7038.0000,0.0000,0.0000,0.0000,0.0000,19,0,0,0,0,2,0,0,0,0
zc,TA301,2012-06-12 09:01:57.610,7036.0000,134852,2,0.0000,2.0000,2,0,双开,S,7036.0000,0.0000,0.0000,0.0000,0.0000,7038.0000,0.0000,0.0000,0.0000,0.0000,24,0,0,0,0,2,0,0,0,0
zc,TA301,2012-06-12 09:01:58.360,7038.0000,134852,0,0.0000,2.0000,1,1,多换,B,7036.0000,0.0000,0.0000,0.0000,0.0000,7038.0000,0.0000,0.0000,0.0000,0.0000,25,0,0,0,0,8,0,0,0,0
zc,TA301,2012-06-12 09:01:59.110,7038.0000,134854,2,0.0000,2.0000,2,0,双开,B,7036.0000,0.0000,0.0000,0.0000,0.0000,7038.0000,0.0000,0.0000,0.0000,0.0000,25,0,0,0,0,7,0,0,0,0
zc,TA301,2012-06-12 09:01:59.563,7038.0000,134882,28,0.0000,54.0000,41,13,多开,B,7036.0000,0.0000,0.0000,0.0000,0.0000,7038.0000,0.0000,0.0000,0.0000,0.0000,1,0,0,0,0,5,0,0,0,0
zc,TA301,2012-06-12 09:02:00.327,7038.0000,134882,0,0.0000,6.0000,3,3,多换,B,7036.0000,0.0000,0.0000,0.0000,0.0000,7038.0000,0.0000,0.0000,0.0000,0.0000,2,0,0,0,0,3,0,0,0,0
zc,TA301,2012-06-12 09:02:00.813,7034.0000,134884,2,0.0000,12.0000,7,5,空开,S,7034.0000,0.0000,0.0000,0.0000,0.0000,7038.0000,0.0000,0.0000,0.0000,0.0000,368,0,0,0,0,1,0,0,0,0
zc,TA301,2012-06-12 09:02:01.593,7034.0000,134884,0,0.0000,0.0000,0,0,空换,S,7036.0000,0.0000,0.0000,0.0000,0.0000,7038.0000,0.0000,0.0000,0.0000,0.0000,1,0,0,0,0,26,0,0,0,0
zc,TA301,2012-06-12 09:02:02.110,7034.0000,134890,6,0.0000,206.0000,106,100,空开,S,7034.0000,0.0000,0.0000,0.0000,0.0000,7036.0000,0.0000,0.0000,0.0000,0.0000,267,0,0,0,0,23,0,0,0,0
zc,TA301,2012-06-12 09:02:02.813,7036.0000,134894,4,0.0000,4.0000,4,0,双开,B,7034.0000,0.0000,0.0000,0.0000,0.0000,7036.0000,0.0000,0.0000,0.0000,0.0000,265,0,0,0,0,21,0,0,0,0
zc,TA301,2012-06-12 09:02:03.327,7034.0000,134904,10,0.0000,22.0000,16,6,空开,S,7034.0000,0.0000,0.0000,0.0000,0.0000,7036.0000,0.0000,0.0000,0.0000,0.0000,259,0,0,0,0,16,0,0,0,0
zc,TA301,2012-06-12 09:02:04.110,7034.0000,134904,0,0.0000,0.0000,0,0,空换,S,7034.0000,0.0000,0.0000,0.0000,0.0000,7038.0000,0.0000,0.0000,0.0000,0.0000,260,0,0,0,0,1,0,0,0,0
zc,TA301,2012-06-12 09:02:04.563,7034.0000,134904,0,0.0000,0.0000,0,0,空换,S,7034.0000,0.0000,0.0000,0.0000,0.0000,7038.0000,0.0000,0.0000,0.0000,0.0000,260,0,0,0,0,15,0,0,0,0
zc,TA301,2012-06-12 09:02:05.327,7036.0000,134908,4,0.0000,4.0000,4,0,双开,B,7036.0000,0.0000,0.0000,0.0000,0.0000,7038.0000,0.0000,0.0000,0.0000,0.0000,1,0,0,0,0,15,0,0,0,0
zc,TA301,2012-06-12 09:02:05.843,7036.0000,134928,20,0.0000,24.0000,22,2,多开,B,7034.0000,0.0000,0.0000,0.0000,0.0000,7036.0000,0.0000,0.0000,0.0000,0.0000,262,0,0,0,0,10,0,0,0,0
zc,TA301,2012-06-12 09:02:06.593,7036.0000,134926,-2,0.0000,22.0000,10,12,空平,B,7036.0000,0.0000,0.0000,0.0000,0.0000,7038.0000,0.0000,0.0000,0.0000,0.0000,15,0,0,0,0,7,0,0,0,0
zc,TA301,2012-06-12 09:02:06.827,7038.0000,134956,30,0.0000,450.0000,240,210,多开,B,7034.0000,0.0000,0.0000,0.0000,0.0000,7038.0000,0.0000,0.0000,0.0000,0.0000,62,0,0,0,0,1,0,0,0,0
zc,TA301,2012-06-12 09:02:07.593,7036.0000,134958,2,0.0000,2.0000,2,0,双开,S,7036.0000,0.0000,0.0000,0.0000,0.0000,7038.0000,0.0000,0.0000,0.0000,0.0000,10,0,0,0,0,9,0,0,0,0
zc,TA301,2012-06-12 09:02:08.343,7038.0000,134960,2,0.0000,12.0000,7,5,多开,B,7036.0000,0.0000,0.0000,0.0000,0.0000,7038.0000,0.0000,0.0000,0.0000,0.0000,40,0,0,0,0,75,0,0,0,0
zc,TA301,2012-06-12 09:02:09.123,7038.0000,134960,0,0.0000,0.0000,0,0,多换,B,7036.0000,0.0000,0.0000,0.0000,0.0000,7038.0000,0.0000,0.0000,0.0000,0.0000,44,0,0,0,0,75,0,0,0,0
zc,TA301,2012-06-12 09:02:09.547,7038.0000,134964,4,0.0000,10.0000,7,3,多开,B,7036.0000,0.0000,0.0000,0.0000,0.0000,7038.0000,0.0000,0.0000,0.0000,0.0000,47,0,0,0,0,70,0,0,0,0
zc,TA301,2012-06-12 09:02:10.077,7036.0000,134964,0,0.0000,2.0000,1,1,空换,S,7036.0000,0.0000,0.0000,0.0000,0.0000,7038.0000,0.0000,0.0000,0.0000,0.0000,48,0,0,0,0,70,0,0,0,0
zc,TA301,2012-06-12 09:02:10.797,7038.0000,134964,0,0.0000,4.0000,2,2,多换,B,7036.0000,0.0000,0.0000,0.0000,0.0000,7038.0000,0.0000,0.0000,0.0000,0.0000,158,0,0,0,0,68,0,0,0,0
zc,TA301,2012-06-12 09:02:11.327,7038.0000,134964,0,0.0000,48.0000,24,24,多换,B,7036.0000,0.0000,0.0000,0.0000,0.0000,7038.0000,0.0000,0.0000,0.0000,0.0000,158,0,0,0,0,44,0,0,0,0
zc,TA301,2012-06-12 09:02:12.093,7038.0000,134984,20,0.0000,20.0000,20,0,双开,B,7036.0000,0.0000,0.0000,0.0000,0.0000,7038.0000,0.0000,0.0000,0.0000,0.0000,160,0,0,0,0,34,0,0,0,0
zc,TA301,2012-06-12 09:02:12.297,7038.0000,134990,6,0.0000,8.0000,7,1,多开,B,7036.0000,0.0000,0.0000,0.0000,0.0000,7038.0000,0.0000,0.0000,0.0000,0.0000,179,0,0,0,0,30,0,0,0,0
zc,TA301,2012-06-12 09:02:13.047,7038.0000,135028,38,0.0000,48.0000,43,5,多开,B,7036.0000,0.0000,0.0000,0.0000,0.0000,7038.0000,0.0000,0.0000,0.0000,0.0000,162,0,0,0,0,11,0,0,0,0
zc,TA301,2012-06-12 09:02:13.623,7038.0000,135030,2,0.0000,22.0000,12,10,多开,B,7038.0000,0.0000,0.0000,0.0000,0.0000,7040.0000,0.0000,0.0000,0.0000,0.0000,8,0,0,0,0,140,0,0,0,0
zc,TA301,2012-06-12 09:02:14.280,7038.0000,135030,0,0.0000,8.0000,4,4,多换,B,7038.0000,0.0000,0.0000,0.0000,0.0000,7040.0000,0.0000,0.0000,0.0000,0.0000,5,0,0,0,0,159,0,0,0,0
zc,TA301,2012-06-12 09:02:14.827,7038.0000,135032,2,0.0000,4.0000,3,1,多开,B,7038.0000,0.0000,0.0000,0.0000,0.0000,7040.0000,0.0000,0.0000,0.0000,0.0000,6,0,0,0,0,164,0,0,0,0
zc,TA301,2012-06-12 09:02:15.297,7038.0000,135032,0,0.0000,0.0000,0,0,多换,B,7038.0000,0.0000,0.0000,0.0000,0.0000,7040.0000,0.0000,0.0000,0.0000,0.0000,11,0,0,0,0,164,0,0,0,0
zc,TA301,2012-06-12 09:02:16.110,7038.0000,135050,18,0.0000,40.0000,29,11,多开,B,7036.0000,0.0000,0.0000,0.0000,0.0000,7038.0000,0.0000,0.0000,0.0000,0.0000,166,0,0,0,0,38,0,0,0,0
zc,TA301,2012-06-12 09:02:16.577,7036.0000,135140,90,0.0000,122.0000,106,16,空开,S,7036.0000,0.0000,0.0000,0.0000,0.0000,7038.0000,0.0000,0.0000,0.0000,0.0000,106,0,0,0,0,14,0,0,0,0
zc,TA301,2012-06-12 09:02:17.360,7036.0000,135146,6,0.0000,6.0000,6,0,双开,S,7036.0000,0.0000,0.0000,0.0000,0.0000,7038.0000,0.0000,0.0000,0.0000,0.0000,107,0,0,0,0,31,0,0,0,0
zc,TA301,2012-06-12 09:02:17.873,7036.0000,135172,26,0.0000,108.0000,67,41,空开,S,7036.0000,0.0000,0.0000,0.0000,0.0000,7038.0000,0.0000,0.0000,0.0000,0.0000,54,0,0,0,0,18,0,0,0,0
zc,TA301,2012-06-12 09:02:18.327,7038.0000,135168,-4,0.0000,10.0000,3,7,空平,B,7036.0000,0.0000,0.0000,0.0000,0.0000,7038.0000,0.0000,0.0000,0.0000,0.0000,54,0,0,0,0,13,0,0,0,0
zc,TA301,2012-06-12 09:02:18.860,7038.0000,135172,4,0.0000,10.0000,7,3,多开,B,7036.0000,0.0000,0.0000,0.0000,0.0000,7038.0000,0.0000,0.0000,0.0000,0.0000,51,0,0,0,0,10,0,0,0,0
zc,TA301,2012-06-12 09:02:19.577,7038.0000,135172,0,0.0000,4.0000,2,2,多换,B,7036.0000,0.0000,0.0000,0.0000,0.0000,7038.0000,0.0000,0.0000,0.0000,0.0000,51,0,0,0,0,9,0,0,0,0
zc,TA301,2012-06-12 09:02:20.093,7038.0000,135154,-18,0.0000,24.0000,3,21,空平,B,7038.0000,0.0000,0.0000,0.0000,0.0000,7040.0000,0.0000,0.0000,0.0000,0.0000,28,0,0,0,0,76,0,0,0,0
zc,TA301,2012-06-12 09:02:20.827,7038.0000,135154,0,0.0000,0.0000,0,0,多换,B,7038.0000,0.0000,0.0000,0.0000,0.0000,7040.0000,0.0000,0.0000,0.0000,0.0000,58,0,0,0,0,71,0,0,0,0
zc,TA301,2012-06-12 09:02:21.327,7038.0000,135154,0,0.0000,0.0000,0,0,多换,B,7038.0000,0.0000,0.0000,0.0000,0.0000,7040.0000,0.0000,0.0000,0.0000,0.0000,58,0,0,0,0,121,0,0,0,0
zc,TA301,2012-06-12 09:02:22.547,7038.0000,135154,0,0.0000,6.0000,3,3,多换,B,7038.0000,0.0000,0.0000,0.0000,0.0000,7040.0000,0.0000,0.0000,0.0000,0.0000,59,0,0,0,0,119,0,0,0,0
zc,TA301,2012-06-12 09:02:23.063,7038.0000,135150,-4,0.0000,4.0000,0,4,双平,B,7038.0000,0.0000,0.0000,0.0000,0.0000,7040.0000,0.0000,0.0000,0.0000,0.0000,58,0,0,0,0,119,0,0,0,0
zc,TA301,2012-06-12 09:02:24.110,7038.0000,135140,-10,0.0000,10.0000,0,10,双平,B,7038.0000,0.0000,0.0000,0.0000,0.0000,7040.0000,0.0000,0.0000,0.0000,0.0000,55,0,0,0,0,119,0,0,0,0
zc,TA301,2012-06-12 09:02:24.860,7038.0000,135136,-4,0.0000,4.0000,0,4,双平,B,7038.0000,0.0000,0.0000,0.0000,0.0000,7040.0000,0.0000,0.0000,0.0000,0.0000,56,0,0,0,0,119,0,0,0,0
zc,TA301,2012-06-12 09:02:25.327,7038.0000,135136,0,0.0000,10.0000,5,5,多换,B,7038.0000,0.0000,0.0000,0.0000,0.0000,7040.0000,0.0000,0.0000,0.0000,0.0000,63,0,0,0,0,119,0,0,0,0
zc,TA301,2012-06-12 09:02:26.047,7040.0000,135120,-16,0.0000,22.0000,3,19,空平,B,7038.0000,0.0000,0.0000,0.0000,0.0000,7040.0000,0.0000,0.0000,0.0000,0.0000,67,0,0,0,0,208,0,0,0,0
zc,TA301,2012-06-12 09:02:26.577,7040.0000,135104,-16,0.0000,58.0000,21,37,空平,B,7038.0000,0.0000,0.0000,0.0000,0.0000,7040.0000,0.0000,0.0000,0.0000,0.0000,54,0,0,0,0,179,0,0,0,0
zc,TA301,2012-06-12 09:02:27.313,7040.0000,135028,-76,0.0000,116.0000,20,96,空平,B,7038.0000,0.0000,0.0000,0.0000,0.0000,7040.0000,0.0000,0.0000,0.0000,0.0000,56,0,0,0,0,123,0,0,0,0
zc,TA301,2012-06-12 09:02:27.873,7040.0000,135022,-6,0.0000,154.0000,74,80,空平,B,7038.0000,0.0000,0.0000,0.0000,0.0000,7040.0000,0.0000,0.0000,0.0000,0.0000,62,0,0,0,0,46,0,0,0,0
zc,TA301,2012-06-12 09:02:28.343,7040.0000,135024,2,0.0000,92.0000,47,45,多开,B,7040.0000,0.0000,0.0000,0.0000,0.0000,7042.0000,0.0000,0.0000,0.0000,0.0000,34,0,0,0,0,117,0,0,0,0
zc,TA301,2012-06-12 09:02:29.110,7040.0000,135024,0,0.0000,0.0000,0,0,多换,B,7040.0000,0.0000,0.0000,0.0000,0.0000,7042.0000,0.0000,0.0000,0.0000,0.0000,66,0,0,0,0,117,0,0,0,0
zc,TA301,2012-06-12 09:02:29.563,7042.0000,135020,-4,0.0000,4.0000,0,4,双平,B,7040.0000,0.0000,0.0000,0.0000,0.0000,7042.0000,0.0000,0.0000,0.0000,0.0000,59,0,0,0,0,115,0,0,0,0
zc,TA301,2012-06-12 09:02:30.313,7042.0000,135020,0,0.0000,8.0000,4,4,多换,B,7040.0000,0.0000,0.0000,0.0000,0.0000,7042.0000,0.0000,0.0000,0.0000,0.0000,59,0,0,0,0,111,0,0,0,0
zc,TA301,2012-06-12 09:02:30.780,7042.0000,134942,-78,0.0000,78.0000,0,78,双平,B,7040.0000,0.0000,0.0000,0.0000,0.0000,7042.0000,0.0000,0.0000,0.0000,0.0000,54,0,0,0,0,72,0,0,0,0
zc,TA301,2012-06-12 09:02:31.327,7042.0000,134900,-42,0.0000,144.0000,51,93,空平,B,7040.0000,0.0000,0.0000,0.0000,0.0000,7044.0000,0.0000,0.0000,0.0000,0.0000,60,0,0,0,0,108,0,0,0,0
zc,TA301,2012-06-12 09:02:32.077,7040.0000,134910,10,0.0000,66.0000,38,28,空开,S,7040.0000,0.0000,0.0000,0.0000,0.0000,7044.0000,0.0000,0.0000,0.0000,0.0000,48,0,0,0,0,107,0,0,0,0
zc,TA301,2012-06-12 09:02:32.517,7040.0000,134916,6,0.0000,6.0000,6,0,双开,S,7040.0000,0.0000,0.0000,0.0000,0.0000,7044.0000,0.0000,0.0000,0.0000,0.0000,47,0,0,0,0,107,0,0,0,0
zc,TA301,2012-06-12 09:02:33.373,7048.0000,134736,-180,0.0000,238.0000,29,209,空平,B,7046.0000,0.0000,0.0000,0.0000,0.0000,7048.0000,0.0000,0.0000,0.0000,0.0000,3,0,0,0,0,26,0,0,0,0
zc,TA301,2012-06-12 09:02:34.093,7048.0000,134770,34,0.0000,54.0000,44,10,多开,B,7046.0000,0.0000,0.0000,0.0000,0.0000,7050.0000,0.0000,0.0000,0.0000,0.0000,7,0,0,0,0,21,0,0,0,0
zc,TA301,2012-06-12 09:02:34.593,7048.0000,134770,0,0.0000,6.0000,3,3,多换,B,7048.0000,0.0000,0.0000,0.0000,0.0000,7050.0000,0.0000,0.0000,0.0000,0.0000,6,0,0,0,0,21,0,0,0,0
zc,TA301,2012-06-12 09:02:35.360,7050.0000,134778,8,0.0000,42.0000,25,17,多开,B,7046.0000,0.0000,0.0000,0.0000,0.0000,7050.0000,0.0000,0.0000,0.0000,0.0000,50,0,0,0,0,1,0,0,0,0
zc,TA301,2012-06-12 09:02:35.860,7046.0000,134738,-40,0.0000,64.0000,12,52,多平,S,7046.0000,0.0000,0.0000,0.0000,0.0000,7052.0000,0.0000,0.0000,0.0000,0.0000,52,0,0,0,0,12,0,0,0,0
zc,TA301,2012-06-12 09:02:36.577,7050.0000,134762,24,0.0000,38.0000,31,7,多开,B,7046.0000,0.0000,0.0000,0.0000,0.0000,7050.0000,0.0000,0.0000,0.0000,0.0000,49,0,0,0,0,4,0,0,0,0
zc,TA301,2012-06-12 09:02:37.077,7050.0000,134758,-4,0.0000,10.0000,3,7,空平,B,7046.0000,0.0000,0.0000,0.0000,0.0000,7052.0000,0.0000,0.0000,0.0000,0.0000,49,0,0,0,0,13,0,0,0,0
zc,TA301,2012-06-12 09:02:37.827,7050.0000,134760,2,0.0000,2.0000,2,0,双开,B,7046.0000,0.0000,0.0000,0.0000,0.0000,7052.0000,0.0000,0.0000,0.0000,0.0000,50,0,0,0,0,13,0,0,0,0
zc,TA301,2012-06-12 09:02:38.313,7046.0000,134748,-12,0.0000,16.0000,2,14,多平,S,7046.0000,0.0000,0.0000,0.0000,0.0000,7050.0000,0.0000,0.0000,0.0000,0.0000,42,0,0,0,0,20,0,0,0,0
zc,TA301,2012-06-12 09:02:39.063,7052.0000,134644,-104,0.0000,108.0000,2,106,空平,B,7052.0000,0.0000,0.0000,0.0000,0.0000,7054.0000,0.0000,0.0000,0.0000,0.0000,64,0,0,0,0,7,0,0,0,0
zc,TA301,2012-06-12 09:02:39.547,7052.0000,134624,-20,0.0000,128.0000,54,74,空平,B,7050.0000,0.0000,0.0000,0.0000,0.0000,7054.0000,0.0000,0.0000,0.0000,0.0000,6,0,0,0,0,11,0,0,0,0
zc,TA301,2012-06-12 09:02:40.110,7050.0000,134624,0,0.0000,4.0000,2,2,空换,S,7050.0000,0.0000,0.0000,0.0000,0.0000,7054.0000,0.0000,0.0000,0.0000,0.0000,7,0,0,0,0,6,0,0,0,0
zc,TA301,2012-06-12 09:02:40.813,7050.0000,134624,0,0.0000,0.0000,0,0,空换,S,7050.0000,0.0000,0.0000,0.0000,0.0000,7054.0000,0.0000,0.0000,0.0000,0.0000,7,0,0,0,0,11,0,0,0,0
zc,TA301,2012-06-12 09:02:41.343,7050.0000,134628,4,0.0000,6.0000,5,1,空开,S,7052.0000,0.0000,0.0000,0.0000,0.0000,7054.0000,0.0000,0.0000,0.0000,0.0000,1,0,0,0,0,5,0,0,0,0
zc,TA301,2012-06-12 09:02:42.047,7052.0000,134608,-20,0.0000,22.0000,1,21,空平,B,7052.0000,0.0000,0.0000,0.0000,0.0000,7054.0000,0.0000,0.0000,0.0000,0.0000,6,0,0,0,0,4,0,0,0,0
zc,TA301,2012-06-12 09:02:42.563,7054.0000,134608,0,0.0000,4.0000,2,2,多换,B,7052.0000,0.0000,0.0000,0.0000,0.0000,7054.0000,0.0000,0.0000,0.0000,0.0000,7,0,0,0,0,2,0,0,0,0
zc,TA301,2012-06-12 09:02:43.563,7054.0000,134608,0,0.0000,0.0000,0,0,多换,B,7052.0000,0.0000,0.0000,0.0000,0.0000,7054.0000,0.0000,0.0000,0.0000,0.0000,7,0,0,0,0,13,0,0,0,0
zc,TA301,2012-06-12 09:02:44.390,7054.0000,134604,-4,0.0000,34.0000,15,19,空平,B,7054.0000,0.0000,0.0000,0.0000,0.0000,7056.0000,0.0000,0.0000,0.0000,0.0000,8,0,0,0,0,1,0,0,0,0
zc,TA301,2012-06-12 09:02:45.077,7054.0000,134602,-2,0.0000,6.0000,2,4,空平,B,7054.0000,0.0000,0.0000,0.0000,0.0000,7058.0000,0.0000,0.0000,0.0000,0.0000,57,0,0,0,0,18,0,0,0,0
zc,TA301,2012-06-12 09:02:45.610,7054.0000,134600,-2,0.0000,2.0000,0,2,双平,B,7056.0000,0.0000,0.0000,0.0000,0.0000,7058.0000,0.0000,0.0000,0.0000,0.0000,5,0,0,0,0,18,0,0,0,0
zc,TA301,2012-06-12 09:02:46.327,7060.0000,134560,-40,0.0000,42.0000,1,41,空平,B,7058.0000,0.0000,0.0000,0.0000,0.0000,7060.0000,0.0000,0.0000,0.0000,0.0000,9,0,0,0,0,1,0,0,0,0
zc,TA301,2012-06-12 09:02:46.860,7060.0000,134558,-2,0.0000,2.0000,0,2,双平,B,7058.0000,0.0000,0.0000,0.0000,0.0000,7062.0000,0.0000,0.0000,0.0000,0.0000,10,0,0,0,0,11,0,0,0,0
zc,TA301,2012-06-12 09:02:47.343,7060.0000,134558,0,0.0000,0.0000,0,0,多换,B,7060.0000,0.0000,0.0000,0.0000,0.0000,7062.0000,0.0000,0.0000,0.0000,0.0000,3,0,0,0,0,10,0,0,0,0
zc,TA301,2012-06-12 09:02:47.843,7060.0000,134550,-8,0.0000,40.0000,16,24,空平,B,7060.0000,0.0000,0.0000,0.0000,0.0000,7062.0000,0.0000,0.0000,0.0000,0.0000,56,0,0,0,0,9,0,0,0,0
zc,TA301,2012-06-12 09:02:48.610,7062.0000,134550,0,0.0000,30.0000,15,15,多换,B,7062.0000,0.0000,0.0000,0.0000,0.0000,7064.0000,0.0000,0.0000,0.0000,0.0000,1,0,0,0,0,5,0,0,0,0
zc,TA301,2012-06-12 09:02:49.093,7060.0000,134552,2,0.0000,4.0000,3,1,空开,S,7062.0000,0.0000,0.0000,0.0000,0.0000,7064.0000,0.0000,0.0000,0.0000,0.0000,1,0,0,0,0,5,0,0,0,0
zc,TA301,2012-06-12 09:02:49.827,7064.0000,134516,-36,0.0000,44.0000,4,40,空平,B,7062.0000,0.0000,0.0000,0.0000,0.0000,7064.0000,0.0000,0.0000,0.0000,0.0000,2,0,0,0,0,3,0,0,0,0
zc,TA301,2012-06-12 09:02:50.327,7064.0000,134516,0,0.0000,14.0000,7,7,多换,B,7064.0000,0.0000,0.0000,0.0000,0.0000,7066.0000,0.0000,0.0000,0.0000,0.0000,13,0,0,0,0,11,0,0,0,0
zc,TA301,2012-06-12 09:02:51.093,7064.0000,134512,-4,0.0000,12.0000,4,8,空平,B,7064.0000,0.0000,0.0000,0.0000,0.0000,7066.0000,0.0000,0.0000,0.0000,0.0000,10,0,0,0,0,18,0,0,0,0
zc,TA301,2012-06-12 09:02:51.610,7064.0000,134516,4,0.0000,20.0000,12,8,多开,B,7064.0000,0.0000,0.0000,0.0000,0.0000,7066.0000,0.0000,0.0000,0.0000,0.0000,1,0,0,0,0,22,0,0,0,0
zc,TA301,2012-06-12 09:02:52.327,7064.0000,134570,54,0.0000,56.0000,55,1,多开,B,7062.0000,0.0000,0.0000,0.0000,0.0000,7064.0000,0.0000,0.0000,0.0000,0.0000,6,0,0,0,0,2,0,0,0,0
zc,TA301,2012-06-12 09:02:52.813,7062.0000,134564,-6,0.0000,22.0000,8,14,多平,S,7060.0000,0.0000,0.0000,0.0000,0.0000,7062.0000,0.0000,0.0000,0.0000,0.0000,31,0,0,0,0,12,0,0,0,0
zc,TA301,2012-06-12 09:02:53.610,7062.0000,134542,-22,0.0000,50.0000,14,36,多平,S,7060.0000,0.0000,0.0000,0.0000,0.0000,7062.0000,0.0000,0.0000,0.0000,0.0000,15,0,0,0,0,1,0,0,0,0
zc,TA301,2012-06-12 09:02:54.093,7060.0000,134500,-42,0.0000,52.0000,5,47,多平,S,7058.0000,0.0000,0.0000,0.0000,0.0000,7062.0000,0.0000,0.0000,0.0000,0.0000,6,0,0,0,0,11,0,0,0,0
zc,TA301,2012-06-12 09:02:54.827,7058.0000,134514,14,0.0000,26.0000,20,6,空开,S,7056.0000,0.0000,0.0000,0.0000,0.0000,7060.0000,0.0000,0.0000,0.0000,0.0000,20,0,0,0,0,37,0,0,0,0
zc,TA301,2012-06-12 09:02:55.623,7058.0000,134512,-2,0.0000,18.0000,8,10,多平,S,7056.0000,0.0000,0.0000,0.0000,0.0000,7060.0000,0.0000,0.0000,0.0000,0.0000,12,0,0,0,0,49,0,0,0,0
zc,TA301,2012-06-12 09:02:56.077,7060.0000,134532,20,0.0000,20.0000,20,0,双开,B,7058.0000,0.0000,0.0000,0.0000,0.0000,7060.0000,0.0000,0.0000,0.0000,0.0000,4,0,0,0,0,52,0,0,0,0
zc,TA301,2012-06-12 09:02:56.827,7068.0000,134294,-238,0.0000,900.0000,331,569,空平,B,7058.0000,0.0000,0.0000,0.0000,0.0000,7060.0000,0.0000,0.0000,0.0000,0.0000,7,0,0,0,0,40,0,0,0,0
zc,TA301,2012-06-12 09:02:57.280,7058.0000,134290,-4,0.0000,8.0000,2,6,多平,S,7058.0000,0.0000,0.0000,0.0000,0.0000,7060.0000,0.0000,0.0000,0.0000,0.0000,4,0,0,0,0,40,0,0,0,0
zc,TA301,2012-06-12 09:02:58.063,7060.0000,134282,-8,0.0000,8.0000,0,8,双平,B,7056.0000,0.0000,0.0000,0.0000,0.0000,7060.0000,0.0000,0.0000,0.0000,0.0000,12,0,0,0,0,36,0,0,0,0
zc,TA301,2012-06-12 09:02:58.547,7060.0000,134278,-4,0.0000,8.0000,2,6,空平,B,7056.0000,0.0000,0.0000,0.0000,0.0000,7060.0000,0.0000,0.0000,0.0000,0.0000,12,0,0,0,0,32,0,0,0,0
zc,TA301,2012-06-12 09:02:59.123,7060.0000,134278,0,0.0000,0.0000,0,0,多换,B,7056.0000,0.0000,0.0000,0.0000,0.0000,7060.0000,0.0000,0.0000,0.0000,0.0000,8,0,0,0,0,32,0,0,0,0
zc,TA301,2012-06-12 09:02:59.530,7056.0000,134278,0,0.0000,2.0000,1,1,空换,S,7056.0000,0.0000,0.0000,0.0000,0.0000,7060.0000,0.0000,0.0000,0.0000,0.0000,7,0,0,0,0,32,0,0,0,0
zc,TA301,2012-06-12 09:03:00.297,7060.0000,134216,-62,0.0000,64.0000,1,63,空平,B,7060.0000,0.0000,0.0000,0.0000,0.0000,7062.0000,0.0000,0.0000,0.0000,0.0000,18,0,0,0,0,12,0,0,0,0
zc,TA301,2012-06-12 09:03:00.797,7060.0000,134220,4,0.0000,60.0000,32,28,多开,B,7060.0000,0.0000,0.0000,0.0000,0.0000,7062.0000,0.0000,0.0000,0.0000,0.0000,19,0,0,0,0,15,0,0,0,0
zc,TA301,2012-06-12 09:03:01.593,7060.0000,134240,20,0.0000,22.0000,21,1,多开,B,7060.0000,0.0000,0.0000,0.0000,0.0000,7062.0000,0.0000,0.0000,0.0000,0.0000,8,0,0,0,0,5,0,0,0,0
zc,TA301,2012-06-12 09:03:02.123,7060.0000,134240,0,0.0000,18.0000,9,9,多换,B,7058.0000,0.0000,0.0000,0.0000,0.0000,7060.0000,0.0000,0.0000,0.0000,0.0000,4,0,0,0,0,298,0,0,0,0
zc,TA301,2012-06-12 09:03:02.860,7060.0000,134236,-4,0.0000,12.0000,4,8,空平,B,7058.0000,0.0000,0.0000,0.0000,0.0000,7060.0000,0.0000,0.0000,0.0000,0.0000,2,0,0,0,0,292,0,0,0,0
zc,TA301,2012-06-12 09:03:03.610,7058.0000,134200,-36,0.0000,36.0000,0,36,双平,S,7058.0000,0.0000,0.0000,0.0000,0.0000,7060.0000,0.0000,0.0000,0.0000,0.0000,9,0,0,0,0,286,0,0,0,0
zc,TA301,2012-06-12 09:03:04.047,7058.0000,134198,-2,0.0000,2.0000,0,2,双平,S,7058.0000,0.0000,0.0000,0.0000,0.0000,7060.0000,0.0000,0.0000,0.0000,0.0000,8,0,0,0,0,293,0,0,0,0
zc,TA301,2012-06-12 09:03:04.547,7060.0000,134188,-10,0.0000,16.0000,3,13,空平,B,7058.0000,0.0000,0.0000,0.0000,0.0000,7060.0000,0.0000,0.0000,0.0000,0.0000,3,0,0,0,0,290,0,0,0,0
zc,TA301,2012-06-12 09:03:05.373,7060.0000,134100,-88,0.0000,90.0000,1,89,空平,B,7056.0000,0.0000,0.0000,0.0000,0.0000,7060.0000,0.0000,0.0000,0.0000,0.0000,10,0,0,0,0,246,0,0,0,0
zc,TA301,2012-06-12 09:03:06.063,7058.0000,134100,0,0.0000,6.0000,3,3,空换,S,7056.0000,0.0000,0.0000,0.0000,0.0000,7058.0000,0.0000,0.0000,0.0000,0.0000,9,0,0,0,0,2,0,0,0,0
zc,TA301,2012-06-12 09:03:06.577,7058.0000,134100,0,0.0000,36.0000,18,18,空换,S,7056.0000,0.0000,0.0000,0.0000,0.0000,7058.0000,0.0000,0.0000,0.0000,0.0000,10,0,0,0,0,10,0,0,0,0
zc,TA301,2012-06-12 09:03:07.063,7060.0000,134070,-30,0.0000,90.0000,30,60,空平,B,7058.0000,0.0000,0.0000,0.0000,0.0000,7060.0000,0.0000,0.0000,0.0000,0.0000,1,0,0,0,0,209,0,0,0,0
zc,TA301,2012-06-12 09:03:07.610,7058.0000,134068,-2,0.0000,22.0000,10,12,多平,S,7058.0000,0.0000,0.0000,0.0000,0.0000,7060.0000,0.0000,0.0000,0.0000,0.0000,1,0,0,0,0,199,0,0,0,0
zc,TA301,2012-06-12 09:03:08.360,7058.0000,134054,-14,0.0000,14.0000,0,14,双平,S,7058.0000,0.0000,0.0000,0.0000,0.0000,7060.0000,0.0000,0.0000,0.0000,0.0000,14,0,0,0,0,199,0,0,0,0
zc,TA301,2012-06-12 09:03:09.093,7058.0000,133996,-58,0.0000,80.0000,11,69,多平,S,7058.0000,0.0000,0.0000,0.0000,0.0000,7060.0000,0.0000,0.0000,0.0000,0.0000,17,0,0,0,0,168,0,0,0,0
zc,TA301,2012-06-12 09:03:09.873,7058.0000,133978,-18,0.0000,64.0000,23,41,多平,S,7058.0000,0.0000,0.0000,0.0000,0.0000,7060.0000,0.0000,0.0000,0.0000,0.0000,4,0,0,0,0,135,0,0,0,0
zc,TA301,2012-06-12 09:03:10.327,7058.0000,133980,2,0.0000,6.0000,4,2,空开,S,7058.0000,0.0000,0.0000,0.0000,0.0000,7060.0000,0.0000,0.0000,0.0000,0.0000,1,0,0,0,0,136,0,0,0,0
zc,TA301,2012-06-12 09:03:11.063,7060.0000,133870,-110,0.0000,140.0000,15,125,空平,B,7056.0000,0.0000,0.0000,0.0000,0.0000,7058.0000,0.0000,0.0000,0.0000,0.0000,5,0,0,0,0,1,0,0,0,0
zc,TA301,2012-06-12 09:03:11.563,7056.0000,133870,0,0.0000,4.0000,2,2,空换,S,7056.0000,0.0000,0.0000,0.0000,0.0000,7058.0000,0.0000,0.0000,0.0000,0.0000,3,0,0,0,0,1,0,0,0,0
zc,TA301,2012-06-12 09:03:12.313,7060.0000,133868,-2,0.0000,6.0000,2,4,空平,B,7058.0000,0.0000,0.0000,0.0000,0.0000,7060.0000,0.0000,0.0000,0.0000,0.0000,1,0,0,0,0,66,0,0,0,0
zc,TA301,2012-06-12 09:03:12.860,7060.0000,133872,4,0.0000,18.0000,11,7,多开,B,7058.0000,0.0000,0.0000,0.0000,0.0000,7060.0000,0.0000,0.0000,0.0000,0.0000,25,0,0,0,0,64,0,0,0,0
zc,TA301,2012-06-12 09:03:13.563,7058.0000,133874,2,0.0000,2.0000,2,0,双开,S,7058.0000,0.0000,0.0000,0.0000,0.0000,7060.0000,0.0000,0.0000,0.0000,0.0000,24,0,0,0,0,62,0,0,0,0
zc,TA301,2012-06-12 09:03:13.873,7058.0000,133874,0,0.0000,2.0000,1,1,空换,S,7058.0000,0.0000,0.0000,0.0000,0.0000,7060.0000,0.0000,0.0000,0.0000,0.0000,4,0,0,0,0,62,0,0,0,0
zc,TA301,2012-06-12 09:03:14.563,7058.0000,133768,-106,0.0000,112.0000,3,109,多平,S,7058.0000,0.0000,0.0000,0.0000,0.0000,7060.0000,0.0000,0.0000,0.0000,0.0000,1,0,0,0,0,10,0,0,0,0
zc,TA301,2012-06-12 09:03:15.063,7058.0000,133768,0,0.0000,2.0000,1,1,空换,S,7056.0000,0.0000,0.0000,0.0000,0.0000,7060.0000,0.0000,0.0000,0.0000,0.0000,26,0,0,0,0,10,0,0,0,0
zc,TA301,2012-06-12 09:03:15.827,7058.0000,133768,0,0.0000,6.0000,3,3,空换,S,7056.0000,0.0000,0.0000,0.0000,0.0000,7058.0000,0.0000,0.0000,0.0000,0.0000,16,0,0,0,0,63,0,0,0,0
zc,TA301,2012-06-12 09:03:16.360,7058.0000,133708,-60,0.0000,60.0000,0,60,双平,S,7056.0000,0.0000,0.0000,0.0000,0.0000,7058.0000,0.0000,0.0000,0.0000,0.0000,8,0,0,0,0,113,0,0,0,0
zc,TA301,2012-06-12 09:03:17.110,7058.0000,133702,-6,0.0000,8.0000,1,7,多平,S,7056.0000,0.0000,0.0000,0.0000,0.0000,7058.0000,0.0000,0.0000,0.0000,0.0000,8,0,0,0,0,109,0,0,0,0
zc,TA301,2012-06-12 09:03:18.327,7058.0000,133612,-90,0.0000,114.0000,12,102,多平,S,7056.0000,0.0000,0.0000,0.0000,0.0000,7058.0000,0.0000,0.0000,0.0000,0.0000,2,0,0,0,0,58,0,0,0,0
zc,TA301,2012-06-12 09:03:19.577,7056.0000,133612,0,0.0000,12.0000,6,6,空换,S,7054.0000,0.0000,0.0000,0.0000,0.0000,7056.0000,0.0000,0.0000,0.0000,0.0000,87,0,0,0,0,5,0,0,0,0
zc,TA301,2012-06-12 09:03:20.030,7058.0000,133638,26,0.0000,48.0000,37,11,多开,B,7054.0000,0.0000,0.0000,0.0000,0.0000,7058.0000,0.0000,0.0000,0.0000,0.0000,85,0,0,0,0,51,0,0,0,0
zc,TA301,2012-06-12 09:03:21.280,7058.0000,133642,4,0.0000,4.0000,4,0,双开,B,7054.0000,0.0000,0.0000,0.0000,0.0000,7058.0000,0.0000,0.0000,0.0000,0.0000,85,0,0,0,0,49,0,0,0,0
zc,TA301,2012-06-12 09:03:21.827,7058.0000,133642,0,0.0000,0.0000,0,0,多换,B,7054.0000,0.0000,0.0000,0.0000,0.0000,7058.0000,0.0000,0.0000,0.0000,0.0000,85,0,0,0,0,51,0,0,0,0
zc,TA301,2012-06-12 09:03:22.343,7058.0000,133642,0,0.0000,0.0000,0,0,多换,B,7054.0000,0.0000,0.0000,0.0000,0.0000,7058.0000,0.0000,0.0000,0.0000,0.0000,85,0,0,0,0,52,0,0,0,0
zc,TA301,2012-06-12 09:03:23.063,7054.0000,133640,-2,0.0000,2.0000,0,2,双平,S,7054.0000,0.0000,0.0000,0.0000,0.0000,7058.0000,0.0000,0.0000,0.0000,0.0000,84,0,0,0,0,53,0,0,0,0
zc,TA301,2012-06-12 09:03:23.577,7056.0000,133628,-12,0.0000,12.0000,0,12,双平,B,7056.0000,0.0000,0.0000,0.0000,0.0000,7058.0000,0.0000,0.0000,0.0000,0.0000,14,0,0,0,0,55,0,0,0,0
zc,TA301,2012-06-12 09:03:24.313,7054.0000,133616,-12,0.0000,18.0000,3,15,多平,S,7054.0000,0.0000,0.0000,0.0000,0.0000,7058.0000,0.0000,0.0000,0.0000,0.0000,81,0,0,0,0,54,0,0,0,0
zc,TA301,2012-06-12 09:03:25.327,7054.0000,133610,-6,0.0000,6.0000,0,6,双平,S,7054.0000,0.0000,0.0000,0.0000,0.0000,7058.0000,0.0000,0.0000,0.0000,0.0000,78,0,0,0,0,55,0,0,0,0
zc,TA301,2012-06-12 09:03:25.843,7054.0000,133598,-12,0.0000,24.0000,6,18,多平,S,7054.0000,0.0000,0.0000,0.0000,0.0000,7056.0000,0.0000,0.0000,0.0000,0.0000,69,0,0,0,0,2,0,0,0,0
zc,TA301,2012-06-12 09:03:26.563,7056.0000,133606,8,0.0000,8.0000,8,0,双开,B,7054.0000,0.0000,0.0000,0.0000,0.0000,7056.0000,0.0000,0.0000,0.0000,0.0000,69,0,0,0,0,1,0,0,0,0
zc,TA301,2012-06-12 09:03:27.047,7054.0000,133598,-8,0.0000,18.0000,5,13,多平,S,7054.0000,0.0000,0.0000,0.0000,0.0000,7056.0000,0.0000,0.0000,0.0000,0.0000,62,0,0,0,0,20,0,0,0,0
zc,TA301,2012-06-12 09:03:27.827,7054.0000,133570,-28,0.0000,124.0000,48,76,多平,S,7052.0000,0.0000,0.0000,0.0000,0.0000,7056.0000,0.0000,0.0000,0.0000,0.0000,26,0,0,0,0,1,0,0,0,0
zc,TA301,2012-06-12 09:03:28.360,7058.0000,133570,0,0.0000,6.0000,3,3,多换,B,7056.0000,0.0000,0.0000,0.0000,0.0000,7058.0000,0.0000,0.0000,0.0000,0.0000,49,0,0,0,0,54,0,0,0,0
zc,TA301,2012-06-12 09:03:29.110,7056.0000,133570,0,0.0000,2.0000,1,1,空换,S,7056.0000,0.0000,0.0000,0.0000,0.0000,7058.0000,0.0000,0.0000,0.0000,0.0000,48,0,0,0,0,56,0,0,0,0
zc,TA301,2012-06-12 09:03:29.577,7056.0000,133570,0,0.0000,46.0000,23,23,空换,S,7056.0000,0.0000,0.0000,0.0000,0.0000,7058.0000,0.0000,0.0000,0.0000,0.0000,25,0,0,0,0,57,0,0,0,0
zc,TA301,2012-06-12 09:03:30.093,7056.0000,133570,0,0.0000,50.0000,25,25,空换,S,7052.0000,0.0000,0.0000,0.0000,0.0000,7056.0000,0.0000,0.0000,0.0000,0.0000,17,0,0,0,0,9,0,0,0,0
zc,TA301,2012-06-12 09:03:30.813,7056.0000,133570,0,0.0000,0.0000,0,0,空换,S,7052.0000,0.0000,0.0000,0.0000,0.0000,7056.0000,0.0000,0.0000,0.0000,0.0000,17,0,0,0,0,240,0,0,0,0
zc,TA301,2012-06-12 09:03:31.297,7056.0000,133570,0,0.0000,0.0000,0,0,空换,S,7052.0000,0.0000,0.0000,0.0000,0.0000,7056.0000,0.0000,0.0000,0.0000,0.0000,17,0,0,0,0,236,0,0,0,0
zc,TA301,2012-06-12 09:03:32.017,7056.0000,133570,0,0.0000,0.0000,0,0,空换,S,7052.0000,0.0000,0.0000,0.0000,0.0000,7056.0000,0.0000,0.0000,0.0000,0.0000,17,0,0,0,0,242,0,0,0,0
zc,TA301,2012-06-12 09:03:32.343,7056.0000,133570,0,0.0000,0.0000,0,0,空换,S,7052.0000,0.0000,0.0000,0.0000,0.0000,7056.0000,0.0000,0.0000,0.0000,0.0000,17,0,0,0,0,234,0,0,0,0
zc,TA301,2012-06-12 09:03:33.047,7056.0000,133570,0,0.0000,0.0000,0,0,空换,S,7052.0000,0.0000,0.0000,0.0000,0.0000,7056.0000,0.0000,0.0000,0.0000,0.0000,18,0,0,0,0,234,0,0,0,0
zc,TA301,2012-06-12 09:03:34.063,7056.0000,133570,0,0.0000,0.0000,0,0,空换,S,7052.0000,0.0000,0.0000,0.0000,0.0000,7056.0000,0.0000,0.0000,0.0000,0.0000,18,0,0,0,0,235,0,0,0,0
zc,TA301,2012-06-12 09:03:34.813,7056.0000,133570,0,0.0000,0.0000,0,0,空换,S,7052.0000,0.0000,0.0000,0.0000,0.0000,7054.0000,0.0000,0.0000,0.0000,0.0000,22,0,0,0,0,1,0,0,0,0
zc,TA301,2012-06-12 09:03:35.343,7054.0000,133566,-4,0.0000,4.0000,0,4,双平,S,7054.0000,0.0000,0.0000,0.0000,0.0000,7056.0000,0.0000,0.0000,0.0000,0.0000,1,0,0,0,0,235,0,0,0,0
zc,TA301,2012-06-12 09:03:36.063,7056.0000,133566,0,0.0000,14.0000,7,7,多换,B,7054.0000,0.0000,0.0000,0.0000,0.0000,7056.0000,0.0000,0.0000,0.0000,0.0000,1,0,0,0,0,228,0,0,0,0
zc,TA301,2012-06-12 09:03:36.327,7056.0000,133566,0,0.0000,6.0000,3,3,多换,B,7052.0000,0.0000,0.0000,0.0000,0.0000,7056.0000,0.0000,0.0000,0.0000,0.0000,21,0,0,0,0,327,0,0,0,0
zc,TA301,2012-06-12 09:03:37.093,7056.0000,133566,0,0.0000,0.0000,0,0,多换,B,7054.0000,0.0000,0.0000,0.0000,0.0000,7056.0000,0.0000,0.0000,0.0000,0.0000,1,0,0,0,0,333,0,0,0,0
zc,TA301,2012-06-12 09:03:37.610,7054.0000,133568,2,0.0000,2.0000,2,0,双开,S,7052.0000,0.0000,0.0000,0.0000,0.0000,7054.0000,0.0000,0.0000,0.0000,0.0000,20,0,0,0,0,9,0,0,0,0
zc,TA301,2012-06-12 09:03:38.327,7052.0000,133570,2,0.0000,12.0000,7,5,空开,S,7052.0000,0.0000,0.0000,0.0000,0.0000,7054.0000,0.0000,0.0000,0.0000,0.0000,15,0,0,0,0,8,0,0,0,0
zc,TA301,2012-06-12 09:03:38.860,7054.0000,133590,20,0.0000,20.0000,20,0,双开,B,7052.0000,0.0000,0.0000,0.0000,0.0000,7054.0000,0.0000,0.0000,0.0000,0.0000,12,0,0,0,0,7,0,0,0,0
zc,TA301,2012-06-12 09:03:39.313,7052.0000,133598,8,0.0000,8.0000,8,0,双开,S,7052.0000,0.0000,0.0000,0.0000,0.0000,7054.0000,0.0000,0.0000,0.0000,0.0000,10,0,0,0,0,6,0,0,0,0
zc,TA301,2012-06-12 09:03:40.110,7054.0000,133608,10,0.0000,22.0000,16,6,多开,B,7052.0000,0.0000,0.0000,0.0000,0.0000,7054.0000,0.0000,0.0000,0.0000,0.0000,11,0,0,0,0,5,0,0,0,0
zc,TA301,2012-06-12 09:03:40.593,7052.0000,133614,6,0.0000,8.0000,7,1,空开,S,7052.0000,0.0000,0.0000,0.0000,0.0000,7054.0000,0.0000,0.0000,0.0000,0.0000,8,0,0,0,0,6,0,0,0,0
zc,TA301,2012-06-12 09:03:41.360,7052.0000,133614,0,0.0000,0.0000,0,0,空换,S,7052.0000,0.0000,0.0000,0.0000,0.0000,7054.0000,0.0000,0.0000,0.0000,0.0000,10,0,0,0,0,16,0,0,0,0
zc,TA301,2012-06-12 09:03:41.813,7054.0000,133616,2,0.0000,12.0000,7,5,多开,B,7052.0000,0.0000,0.0000,0.0000,0.0000,7054.0000,0.0000,0.0000,0.0000,0.0000,8,0,0,0,0,13,0,0,0,0
zc,TA301,2012-06-12 09:03:42.813,7054.0000,133618,2,0.0000,2.0000,2,0,双开,B,7052.0000,0.0000,0.0000,0.0000,0.0000,7054.0000,0.0000,0.0000,0.0000,0.0000,8,0,0,0,0,12,0,0,0,0
zc,TA301,2012-06-12 09:03:43.610,7056.0000,133608,-10,0.0000,36.0000,13,23,空平,B,7054.0000,0.0000,0.0000,0.0000,0.0000,7056.0000,0.0000,0.0000,0.0000,0.0000,25,0,0,0,0,308,0,0,0,0
zc,TA301,2012-06-12 09:03:44.047,7054.0000,133606,-2,0.0000,2.0000,0,2,双平,S,7054.0000,0.0000,0.0000,0.0000,0.0000,7056.0000,0.0000,0.0000,0.0000,0.0000,24,0,0,0,0,308,0,0,0,0
zc,TA301,2012-06-12 09:03:44.813,7054.0000,133606,0,0.0000,6.0000,3,3,空换,S,7054.0000,0.0000,0.0000,0.0000,0.0000,7056.0000,0.0000,0.0000,0.0000,0.0000,21,0,0,0,0,315,0,0,0,0
zc,TA301,2012-06-12 09:03:45.313,7054.0000,133600,-6,0.0000,6.0000,0,6,双平,S,7054.0000,0.0000,0.0000,0.0000,0.0000,7056.0000,0.0000,0.0000,0.0000,0.0000,20,0,0,0,0,315,0,0,0,0
zc,TA301,2012-06-12 09:03:45.797,7054.0000,133600,0,0.0000,6.0000,3,3,空换,S,7054.0000,0.0000,0.0000,0.0000,0.0000,7056.0000,0.0000,0.0000,0.0000,0.0000,17,0,0,0,0,313,0,0,0,0
zc,TA301,2012-06-12 09:03:46.623,7054.0000,133606,6,0.0000,36.0000,21,15,空开,S,7052.0000,0.0000,0.0000,0.0000,0.0000,7056.0000,0.0000,0.0000,0.0000,0.0000,10,0,0,0,0,315,0,0,0,0
zc,TA301,2012-06-12 09:03:47.373,7054.0000,133606,0,0.0000,0.0000,0,0,空换,S,7052.0000,0.0000,0.0000,0.0000,0.0000,7054.0000,0.0000,0.0000,0.0000,0.0000,10,0,0,0,0,8,0,0,0,0
zc,TA301,2012-06-12 09:03:47.827,7052.0000,133606,0,0.0000,2.0000,1,1,空换,S,7052.0000,0.0000,0.0000,0.0000,0.0000,7054.0000,0.0000,0.0000,0.0000,0.0000,9,0,0,0,0,21,0,0,0,0
zc,TA301,2012-06-12 09:03:48.577,7052.0000,133604,-2,0.0000,40.0000,19,21,多平,S,7052.0000,0.0000,0.0000,0.0000,0.0000,7054.0000,0.0000,0.0000,0.0000,0.0000,4,0,0,0,0,35,0,0,0,0
zc,TA301,2012-06-12 09:03:49.530,7054.0000,133602,-2,0.0000,2.0000,0,2,双平,B,7052.0000,0.0000,0.0000,0.0000,0.0000,7054.0000,0.0000,0.0000,0.0000,0.0000,14,0,0,0,0,34,0,0,0,0
zc,TA301,2012-06-12 09:03:50.063,7054.0000,133602,0,0.0000,2.0000,1,1,多换,B,7052.0000,0.0000,0.0000,0.0000,0.0000,7054.0000,0.0000,0.0000,0.0000,0.0000,14,0,0,0,0,13,0,0,0,0
zc,TA301,2012-06-12 09:03:50.530,7054.0000,133602,0,0.0000,0.0000,0,0,多换,B,7052.0000,0.0000,0.0000,0.0000,0.0000,7054.0000,0.0000,0.0000,0.0000,0.0000,14,0,0,0,0,63,0,0,0,0
zc,TA301,2012-06-12 09:03:51.360,7052.0000,133588,-14,0.0000,28.0000,7,21,多平,S,7050.0000,0.0000,0.0000,0.0000,0.0000,7052.0000,0.0000,0.0000,0.0000,0.0000,74,0,0,0,0,46,0,0,0,0
zc,TA301,2012-06-12 09:03:51.813,7052.0000,133594,6,0.0000,6.0000,6,0,双开,S,7050.0000,0.0000,0.0000,0.0000,0.0000,7052.0000,0.0000,0.0000,0.0000,0.0000,74,0,0,0,0,39,0,0,0,0
zc,TA301,2012-06-12 09:03:52.297,7052.0000,133578,-16,0.0000,20.0000,2,18,多平,S,7050.0000,0.0000,0.0000,0.0000,0.0000,7052.0000,0.0000,0.0000,0.0000,0.0000,74,0,0,0,0,34,0,0,0,0
zc,TA301,2012-06-12 09:03:53.593,7050.0000,133576,-2,0.0000,70.0000,34,36,多平,S,7050.0000,0.0000,0.0000,0.0000,0.0000,7052.0000,0.0000,0.0000,0.0000,0.0000,39,0,0,0,0,11,0,0,0,0
zc,TA301,2012-06-12 09:03:54.327,7050.0000,133576,0,0.0000,20.0000,10,10,空换,S,7050.0000,0.0000,0.0000,0.0000,0.0000,7052.0000,0.0000,0.0000,0.0000,0.0000,29,0,0,0,0,11,0,0,0,0
zc,TA301,2012-06-12 09:03:54.873,7046.0000,133652,76,0.0000,86.0000,81,5,空开,S,7046.0000,0.0000,0.0000,0.0000,0.0000,7052.0000,0.0000,0.0000,0.0000,0.0000,24,0,0,0,0,14,0,0,0,0
zc,TA301,2012-06-12 09:03:55.610,7050.0000,133674,22,0.0000,22.0000,22,0,双开,B,7046.0000,0.0000,0.0000,0.0000,0.0000,7050.0000,0.0000,0.0000,0.0000,0.0000,24,0,0,0,0,18,0,0,0,0
zc,TA301,2012-06-12 09:03:56.093,7050.0000,133676,2,0.0000,2.0000,2,0,双开,B,7048.0000,0.0000,0.0000,0.0000,0.0000,7050.0000,0.0000,0.0000,0.0000,0.0000,1,0,0,0,0,14,0,0,0,0
zc,TA301,2012-06-12 09:03:56.860,7050.0000,133676,0,0.0000,0.0000,0,0,多换,B,7046.0000,0.0000,0.0000,0.0000,0.0000,7048.0000,0.0000,0.0000,0.0000,0.0000,24,0,0,0,0,9,0,0,0,0
zc,TA301,2012-06-12 09:03:57.360,7046.0000,133686,10,0.0000,10.0000,10,0,双开,S,7046.0000,0.0000,0.0000,0.0000,0.0000,7048.0000,0.0000,0.0000,0.0000,0.0000,19,0,0,0,0,6,0,0,0,0
zc,TA301,2012-06-12 09:03:57.843,7046.0000,133724,38,0.0000,38.0000,38,0,双开,S,7044.0000,0.0000,0.0000,0.0000,0.0000,7046.0000,0.0000,0.0000,0.0000,0.0000,453,0,0,0,0,190,0,0,0,0
zc,TA301,2012-06-12 09:03:58.623,7044.0000,133726,2,0.0000,10.0000,6,4,空开,S,7044.0000,0.0000,0.0000,0.0000,0.0000,7046.0000,0.0000,0.0000,0.0000,0.0000,448,0,0,0,0,195,0,0,0,0
zc,TA301,2012-06-12 09:03:59.280,7044.0000,133720,-6,0.0000,6.0000,0,6,双平,S,7044.0000,0.0000,0.0000,0.0000,0.0000,7046.0000,0.0000,0.0000,0.0000,0.0000,445,0,0,0,0,207,0,0,0,0
zc,TA301,2012-06-12 09:03:59.797,7044.0000,133720,0,0.0000,30.0000,15,15,空换,S,7044.0000,0.0000,0.0000,0.0000,0.0000,7046.0000,0.0000,0.0000,0.0000,0.0000,430,0,0,0,0,207,0,0,0,0
zc,TA301,2012-06-12 09:04:00.563,7044.0000,133718,-2,0.0000,6.0000,2,4,多平,S,7044.0000,0.0000,0.0000,0.0000,0.0000,7046.0000,0.0000,0.0000,0.0000,0.0000,427,0,0,0,0,208,0,0,0,0
zc,TA301,2012-06-12 09:04:01.063,7044.0000,133668,-50,0.0000,324.0000,137,187,多平,S,7044.0000,0.0000,0.0000,0.0000,0.0000,7046.0000,0.0000,0.0000,0.0000,0.0000,265,0,0,0,0,211,0,0,0,0
zc,TA301,2012-06-12 09:04:01.797,7044.0000,133662,-6,0.0000,90.0000,42,48,多平,S,7044.0000,0.0000,0.0000,0.0000,0.0000,7046.0000,0.0000,0.0000,0.0000,0.0000,220,0,0,0,0,203,0,0,0,0
zc,TA301,2012-06-12 09:04:02.360,7044.0000,133660,-2,0.0000,2.0000,0,2,双平,S,7044.0000,0.0000,0.0000,0.0000,0.0000,7046.0000,0.0000,0.0000,0.0000,0.0000,219,0,0,0,0,203,0,0,0,0
zc,TA301,2012-06-12 09:04:03.623,7046.0000,133630,-30,0.0000,74.0000,22,52,空平,B,7044.0000,0.0000,0.0000,0.0000,0.0000,7046.0000,0.0000,0.0000,0.0000,0.0000,183,0,0,0,0,195,0,0,0,0
zc,TA301,2012-06-12 09:04:04.297,7044.0000,133616,-14,0.0000,14.0000,0,14,双平,S,7044.0000,0.0000,0.0000,0.0000,0.0000,7046.0000,0.0000,0.0000,0.0000,0.0000,178,0,0,0,0,195,0,0,0,0
zc,TA301,2012-06-12 09:04:05.093,7046.0000,133618,2,0.0000,4.0000,3,1,多开,B,7044.0000,0.0000,0.0000,0.0000,0.0000,7046.0000,0.0000,0.0000,0.0000,0.0000,179,0,0,0,0,196,0,0,0,0
zc,TA301,2012-06-12 09:04:05.610,7044.0000,133620,2,0.0000,12.0000,7,5,空开,S,7044.0000,0.0000,0.0000,0.0000,0.0000,7046.0000,0.0000,0.0000,0.0000,0.0000,178,0,0,0,0,201,0,0,0,0
zc,TA301,2012-06-12 09:04:06.297,7044.0000,133606,-14,0.0000,22.0000,4,18,多平,S,7044.0000,0.0000,0.0000,0.0000,0.0000,7046.0000,0.0000,0.0000,0.0000,0.0000,167,0,0,0,0,201,0,0,0,0
zc,TA301,2012-06-12 09:04:06.827,7046.0000,133610,4,0.0000,8.0000,6,2,多开,B,7044.0000,0.0000,0.0000,0.0000,0.0000,7046.0000,0.0000,0.0000,0.0000,0.0000,167,0,0,0,0,197,0,0,0,0
zc,TA301,2012-06-12 09:04:08.077,7044.0000,133606,-4,0.0000,12.0000,4,8,多平,S,7044.0000,0.0000,0.0000,0.0000,0.0000,7046.0000,0.0000,0.0000,0.0000,0.0000,162,0,0,0,0,196,0,0,0,0
zc,TA301,2012-06-12 09:04:08.780,7044.0000,133604,-2,0.0000,14.0000,6,8,多平,S,7044.0000,0.0000,0.0000,0.0000,0.0000,7046.0000,0.0000,0.0000,0.0000,0.0000,155,0,0,0,0,196,0,0,0,0
zc,TA301,2012-06-12 09:04:09.047,7044.0000,133602,-2,0.0000,204.0000,101,103,多平,S,7044.0000,0.0000,0.0000,0.0000,0.0000,7046.0000,0.0000,0.0000,0.0000,0.0000,54,0,0,0,0,196,0,0,0,0
zc,TA301,2012-06-12 09:04:09.780,7046.0000,133604,2,0.0000,2.0000,2,0,双开,B,7044.0000,0.0000,0.0000,0.0000,0.0000,7046.0000,0.0000,0.0000,0.0000,0.0000,55,0,0,0,0,195,0,0,0,0
zc,TA301,2012-06-12 09:04:11.077,7046.0000,133580,-24,0.0000,32.0000,4,28,空平,B,7044.0000,0.0000,0.0000,0.0000,0.0000,7046.0000,0.0000,0.0000,0.0000,0.0000,43,0,0,0,0,196,0,0,0,0
zc,TA301,2012-06-12 09:04:11.547,7046.0000,133580,0,0.0000,0.0000,0,0,多换,B,7044.0000,0.0000,0.0000,0.0000,0.0000,7046.0000,0.0000,0.0000,0.0000,0.0000,44,0,0,0,0,196,0,0,0,0
zc,TA301,2012-06-12 09:04:12.030,7046.0000,133580,0,0.0000,0.0000,0,0,多换,B,7044.0000,0.0000,0.0000,0.0000,0.0000,7046.0000,0.0000,0.0000,0.0000,0.0000,44,0,0,0,0,198,0,0,0,0
zc,TA301,2012-06-12 09:04:12.780,7044.0000,133580,0,0.0000,2.0000,1,1,空换,S,7044.0000,0.0000,0.0000,0.0000,0.0000,7046.0000,0.0000,0.0000,0.0000,0.0000,43,0,0,0,0,198,0,0,0,0
zc,TA301,2012-06-12 09:04:13.327,7044.0000,133580,0,0.0000,0.0000,0,0,空换,S,7044.0000,0.0000,0.0000,0.0000,0.0000,7046.0000,0.0000,0.0000,0.0000,0.0000,44,0,0,0,0,198,0,0,0,0
zc,TA301,2012-06-12 09:04:14.140,7044.0000,133564,-16,0.0000,94.0000,39,55,多平,S,7042.0000,0.0000,0.0000,0.0000,0.0000,7046.0000,0.0000,0.0000,0.0000,0.0000,7,0,0,0,0,215,0,0,0,0
zc,TA301,2012-06-12 09:04:14.593,7044.0000,133570,6,0.0000,8.0000,7,1,空开,S,7044.0000,0.0000,0.0000,0.0000,0.0000,7046.0000,0.0000,0.0000,0.0000,0.0000,3,0,0,0,0,215,0,0,0,0
zc,TA301,2012-06-12 09:04:15.313,7044.0000,133572,2,0.0000,10.0000,6,4,空开,S,7042.0000,0.0000,0.0000,0.0000,0.0000,7044.0000,0.0000,0.0000,0.0000,0.0000,7,0,0,0,0,23,0,0,0,0
zc,TA301,2012-06-12 09:04:15.873,7044.0000,133572,0,0.0000,32.0000,16,16,空换,S,7042.0000,0.0000,0.0000,0.0000,0.0000,7044.0000,0.0000,0.0000,0.0000,0.0000,8,0,0,0,0,7,0,0,0,0
zc,TA301,2012-06-12 09:04:16.313,7044.0000,133572,0,0.0000,0.0000,0,0,空换,S,7042.0000,0.0000,0.0000,0.0000,0.0000,7044.0000,0.0000,0.0000,0.0000,0.0000,8,0,0,0,0,12,0,0,0,0
zc,TA301,2012-06-12 09:04:16.813,7044.0000,133578,6,0.0000,8.0000,7,1,空开,S,7042.0000,0.0000,0.0000,0.0000,0.0000,7044.0000,0.0000,0.0000,0.0000,0.0000,5,0,0,0,0,11,0,0,0,0
zc,TA301,2012-06-12 09:04:18.063,7042.0000,133580,2,0.0000,4.0000,3,1,空开,S,7042.0000,0.0000,0.0000,0.0000,0.0000,7044.0000,0.0000,0.0000,0.0000,0.0000,4,0,0,0,0,10,0,0,0,0
zc,TA301,2012-06-12 09:04:18.547,7042.0000,133580,0,0.0000,0.0000,0,0,空换,S,7042.0000,0.0000,0.0000,0.0000,0.0000,7044.0000,0.0000,0.0000,0.0000,0.0000,3,0,0,0,0,11,0,0,0,0
zc,TA301,2012-06-12 09:04:19.343,7042.0000,133580,0,0.0000,0.0000,0,0,空换,S,7042.0000,0.0000,0.0000,0.0000,0.0000,7044.0000,0.0000,0.0000,0.0000,0.0000,3,0,0,0,0,13,0,0,0,0
zc,TA301,2012-06-12 09:04:19.797,7040.0000,133558,-22,0.0000,38.0000,8,30,多平,S,7040.0000,0.0000,0.0000,0.0000,0.0000,7042.0000,0.0000,0.0000,0.0000,0.0000,6,0,0,0,0,2,0,0,0,0
zc,TA301,2012-06-12 09:04:20.313,7040.0000,133558,0,0.0000,2.0000,1,1,空换,S,7040.0000,0.0000,0.0000,0.0000,0.0000,7042.0000,0.0000,0.0000,0.0000,0.0000,5,0,0,0,0,2,0,0,0,0
zc,TA301,2012-06-12 09:04:20.827,7042.0000,133560,2,0.0000,6.0000,4,2,多开,B,7040.0000,0.0000,0.0000,0.0000,0.0000,7042.0000,0.0000,0.0000,0.0000,0.0000,4,0,0,0,0,2,0,0,0,0
zc,TA301,2012-06-12 09:04:21.547,7042.0000,133586,26,0.0000,34.0000,30,4,多开,B,7038.0000,0.0000,0.0000,0.0000,0.0000,7044.0000,0.0000,0.0000,0.0000,0.0000,21,0,0,0,0,15,0,0,0,0
zc,TA301,2012-06-12 09:04:22.077,7042.0000,133586,0,0.0000,0.0000,0,0,多换,B,7040.0000,0.0000,0.0000,0.0000,0.0000,7044.0000,0.0000,0.0000,0.0000,0.0000,1,0,0,0,0,14,0,0,0,0
zc,TA301,2012-06-12 09:04:23.343,7042.0000,133584,-2,0.0000,6.0000,2,4,空平,B,7040.0000,0.0000,0.0000,0.0000,0.0000,7042.0000,0.0000,0.0000,0.0000,0.0000,5,0,0,0,0,8,0,0,0,0
zc,TA301,2012-06-12 09:04:24.077,7040.0000,133584,0,0.0000,2.0000,1,1,空换,S,7040.0000,0.0000,0.0000,0.0000,0.0000,7042.0000,0.0000,0.0000,0.0000,0.0000,23,0,0,0,0,9,0,0,0,0
zc,TA301,2012-06-12 09:04:24.610,7042.0000,133574,-10,0.0000,18.0000,4,14,空平,B,7042.0000,0.0000,0.0000,0.0000,0.0000,7044.0000,0.0000,0.0000,0.0000,0.0000,1,0,0,0,0,14,0,0,0,0
zc,TA301,2012-06-12 09:04:25.843,7044.0000,133574,0,0.0000,8.0000,4,4,多换,B,7042.0000,0.0000,0.0000,0.0000,0.0000,7044.0000,0.0000,0.0000,0.0000,0.0000,30,0,0,0,0,11,0,0,0,0
zc,TA301,2012-06-12 09:04:26.343,7044.0000,133562,-12,0.0000,22.0000,5,17,空平,B,7042.0000,0.0000,0.0000,0.0000,0.0000,7046.0000,0.0000,0.0000,0.0000,0.0000,29,0,0,0,0,212,0,0,0,0
zc,TA301,2012-06-12 09:04:27.110,7042.0000,133566,4,0.0000,6.0000,5,1,空开,S,7042.0000,0.0000,0.0000,0.0000,0.0000,7044.0000,0.0000,0.0000,0.0000,0.0000,26,0,0,0,0,1,0,0,0,0
zc,TA301,2012-06-12 09:04:27.327,7042.0000,133562,-4,0.0000,4.0000,0,4,双平,S,7042.0000,0.0000,0.0000,0.0000,0.0000,7044.0000,0.0000,0.0000,0.0000,0.0000,24,0,0,0,0,1,0,0,0,0
zc,TA301,2012-06-12 09:04:28.063,7042.0000,133562,0,0.0000,20.0000,10,10,空换,S,7042.0000,0.0000,0.0000,0.0000,0.0000,7044.0000,0.0000,0.0000,0.0000,0.0000,15,0,0,0,0,1,0,0,0,0
zc,TA301,2012-06-12 09:04:28.593,7042.0000,133562,0,0.0000,0.0000,0,0,空换,S,7042.0000,0.0000,0.0000,0.0000,0.0000,7046.0000,0.0000,0.0000,0.0000,0.0000,16,0,0,0,0,213,0,0,0,0
zc,TA301,2012-06-12 09:04:29.827,7042.0000,133562,0,0.0000,0.0000,0,0,空换,S,7044.0000,0.0000,0.0000,0.0000,0.0000,7046.0000,0.0000,0.0000,0.0000,0.0000,1,0,0,0,0,213,0,0,0,0
zc,TA301,2012-06-12 09:04:30.530,7046.0000,133560,-2,0.0000,8.0000,3,5,空平,B,7042.0000,0.0000,0.0000,0.0000,0.0000,7046.0000,0.0000,0.0000,0.0000,0.0000,15,0,0,0,0,212,0,0,0,0
zc,TA301,2012-06-12 09:04:31.063,7042.0000,133550,-10,0.0000,10.0000,0,10,双平,S,7042.0000,0.0000,0.0000,0.0000,0.0000,7046.0000,0.0000,0.0000,0.0000,0.0000,10,0,0,0,0,212,0,0,0,0
zc,TA301,2012-06-12 09:04:31.547,7042.0000,133550,0,0.0000,0.0000,0,0,空换,S,7042.0000,0.0000,0.0000,0.0000,0.0000,7046.0000,0.0000,0.0000,0.0000,0.0000,12,0,0,0,0,212,0,0,0,0
zc,TA301,2012-06-12 09:04:32.327,7046.0000,133560,10,0.0000,10.0000,10,0,双开,B,7042.0000,0.0000,0.0000,0.0000,0.0000,7046.0000,0.0000,0.0000,0.0000,0.0000,13,0,0,0,0,206,0,0,0,0
zc,TA301,2012-06-12 09:04:32.593,7046.0000,133560,0,0.0000,2.0000,1,1,多换,B,7042.0000,0.0000,0.0000,0.0000,0.0000,7046.0000,0.0000,0.0000,0.0000,0.0000,12,0,0,0,0,205,0,0,0,0
zc,TA301,2012-06-12 09:04:33.327,7046.0000,133560,0,0.0000,0.0000,0,0,多换,B,7042.0000,0.0000,0.0000,0.0000,0.0000,7044.0000,0.0000,0.0000,0.0000,0.0000,15,0,0,0,0,24,0,0,0,0
zc,TA301,2012-06-12 09:04:33.780,7042.0000,133552,-8,0.0000,8.0000,0,8,双平,S,7042.0000,0.0000,0.0000,0.0000,0.0000,7044.0000,0.0000,0.0000,0.0000,0.0000,12,0,0,0,0,23,0,0,0,0
zc,TA301,2012-06-12 09:04:35.093,7042.0000,133542,-10,0.0000,10.0000,0,10,双平,S,7042.0000,0.0000,0.0000,0.0000,0.0000,7044.0000,0.0000,0.0000,0.0000,0.0000,19,0,0,0,0,21,0,0,0,0
zc,TA301,2012-06-12 09:04:36.030,7042.0000,133540,-2,0.0000,14.0000,6,8,多平,S,7042.0000,0.0000,0.0000,0.0000,0.0000,7044.0000,0.0000,0.0000,0.0000,0.0000,32,0,0,0,0,33,0,0,0,0
zc,TA301,2012-06-12 09:04:36.563,7044.0000,133524,-16,0.0000,66.0000,25,41,空平,B,7042.0000,0.0000,0.0000,0.0000,0.0000,7046.0000,0.0000,0.0000,0.0000,0.0000,30,0,0,0,0,208,0,0,0,0
zc,TA301,2012-06-12 09:04:37.343,7044.0000,133524,0,0.0000,0.0000,0,0,多换,B,7044.0000,0.0000,0.0000,0.0000,0.0000,7046.0000,0.0000,0.0000,0.0000,0.0000,22,0,0,0,0,208,0,0,0,0
zc,TA301,2012-06-12 09:04:37.813,7046.0000,133520,-4,0.0000,10.0000,3,7,空平,B,7044.0000,0.0000,0.0000,0.0000,0.0000,7046.0000,0.0000,0.0000,0.0000,0.0000,25,0,0,0,0,206,0,0,0,0
zc,TA301,2012-06-12 09:04:38.593,7048.0000,133486,-34,0.0000,430.0000,198,232,空平,B,7046.0000,0.0000,0.0000,0.0000,0.0000,7048.0000,0.0000,0.0000,0.0000,0.0000,4,0,0,0,0,52,0,0,0,0
zc,TA301,2012-06-12 09:04:39.063,7048.0000,133478,-8,0.0000,26.0000,9,17,空平,B,7046.0000,0.0000,0.0000,0.0000,0.0000,7048.0000,0.0000,0.0000,0.0000,0.0000,31,0,0,0,0,39,0,0,0,0
zc,TA301,2012-06-12 09:04:39.547,7048.0000,133462,-16,0.0000,16.0000,0,16,双平,B,7046.0000,0.0000,0.0000,0.0000,0.0000,7048.0000,0.0000,0.0000,0.0000,0.0000,54,0,0,0,0,31,0,0,0,0
zc,TA301,2012-06-12 09:04:40.280,7048.0000,133432,-30,0.0000,32.0000,1,31,空平,B,7046.0000,0.0000,0.0000,0.0000,0.0000,7048.0000,0.0000,0.0000,0.0000,0.0000,56,0,0,0,0,15,0,0,0,0
zc,TA301,2012-06-12 09:04:40.797,7048.0000,133432,0,0.0000,6.0000,3,3,多换,B,7046.0000,0.0000,0.0000,0.0000,0.0000,7048.0000,0.0000,0.0000,0.0000,0.0000,56,0,0,0,0,12,0,0,0,0
zc,TA301,2012-06-12 09:04:41.343,7048.0000,133430,-2,0.0000,24.0000,11,13,空平,B,7048.0000,0.0000,0.0000,0.0000,0.0000,7050.0000,0.0000,0.0000,0.0000,0.0000,34,0,0,0,0,65,0,0,0,0
zc,TA301,2012-06-12 09:04:41.813,7048.0000,133430,0,0.0000,0.0000,0,0,多换,B,7048.0000,0.0000,0.0000,0.0000,0.0000,7050.0000,0.0000,0.0000,0.0000,0.0000,31,0,0,0,0,65,0,0,0,0
zc,TA301,2012-06-12 09:04:43.077,7048.0000,133430,0,0.0000,0.0000,0,0,多换,B,7048.0000,0.0000,0.0000,0.0000,0.0000,7050.0000,0.0000,0.0000,0.0000,0.0000,34,0,0,0,0,65,0,0,0,0
zc,TA301,2012-06-12 09:04:43.593,7050.0000,133448,18,0.0000,52.0000,35,17,多开,B,7048.0000,0.0000,0.0000,0.0000,0.0000,7050.0000,0.0000,0.0000,0.0000,0.0000,31,0,0,0,0,40,0,0,0,0
zc,TA301,2012-06-12 09:04:44.313,7048.0000,133448,0,0.0000,6.0000,3,3,空换,S,7048.0000,0.0000,0.0000,0.0000,0.0000,7050.0000,0.0000,0.0000,0.0000,0.0000,30,0,0,0,0,48,0,0,0,0
zc,TA301,2012-06-12 09:04:44.813,7050.0000,133488,40,0.0000,40.0000,40,0,双开,B,7048.0000,0.0000,0.0000,0.0000,0.0000,7050.0000,0.0000,0.0000,0.0000,0.0000,30,0,0,0,0,28,0,0,0,0
zc,TA301,2012-06-12 09:04:45.530,7050.0000,133492,4,0.0000,16.0000,10,6,多开,B,7048.0000,0.0000,0.0000,0.0000,0.0000,7050.0000,0.0000,0.0000,0.0000,0.0000,35,0,0,0,0,25,0,0,0,0
zc,TA301,2012-06-12 09:04:45.797,7050.0000,133502,10,0.0000,24.0000,17,7,多开,B,7048.0000,0.0000,0.0000,0.0000,0.0000,7050.0000,0.0000,0.0000,0.0000,0.0000,27,0,0,0,0,13,0,0,0,0
zc,TA301,2012-06-12 09:04:46.577,7050.0000,133502,0,0.0000,0.0000,0,0,多换,B,7048.0000,0.0000,0.0000,0.0000,0.0000,7050.0000,0.0000,0.0000,0.0000,0.0000,26,0,0,0,0,13,0,0,0,0
zc,TA301,2012-06-12 09:04:47.093,7050.0000,133502,0,0.0000,26.0000,13,13,多换,B,7050.0000,0.0000,0.0000,0.0000,0.0000,7052.0000,0.0000,0.0000,0.0000,0.0000,3,0,0,0,0,10,0,0,0,0
zc,TA301,2012-06-12 09:04:47.547,7048.0000,133496,-6,0.0000,20.0000,7,13,多平,S,7048.0000,0.0000,0.0000,0.0000,0.0000,7052.0000,0.0000,0.0000,0.0000,0.0000,20,0,0,0,0,12,0,0,0,0
zc,TA301,2012-06-12 09:04:48.360,7052.0000,133514,18,0.0000,28.0000,23,5,多开,B,7052.0000,0.0000,0.0000,0.0000,0.0000,7054.0000,0.0000,0.0000,0.0000,0.0000,8,0,0,0,0,14,0,0,0,0
zc,TA301,2012-06-12 09:04:49.047,7052.0000,133514,0,0.0000,8.0000,4,4,多换,B,7052.0000,0.0000,0.0000,0.0000,0.0000,7054.0000,0.0000,0.0000,0.0000,0.0000,4,0,0,0,0,14,0,0,0,0
zc,TA301,2012-06-12 09:04:50.017,7054.0000,133514,0,0.0000,2.0000,1,1,多换,B,7052.0000,0.0000,0.0000,0.0000,0.0000,7054.0000,0.0000,0.0000,0.0000,0.0000,4,0,0,0,0,13,0,0,0,0
zc,TA301,2012-06-12 09:04:50.767,7054.0000,133512,-2,0.0000,12.0000,5,7,空平,B,7052.0000,0.0000,0.0000,0.0000,0.0000,7054.0000,0.0000,0.0000,0.0000,0.0000,4,0,0,0,0,7,0,0,0,0
zc,TA301,2012-06-12 09:04:51.780,7054.0000,133512,0,0.0000,0.0000,0,0,多换,B,7052.0000,0.0000,0.0000,0.0000,0.0000,7054.0000,0.0000,0.0000,0.0000,0.0000,23,0,0,0,0,7,0,0,0,0
zc,TA301,2012-06-12 09:04:52.313,7052.0000,133514,2,0.0000,2.0000,2,0,双开,S,7052.0000,0.0000,0.0000,0.0000,0.0000,7054.0000,0.0000,0.0000,0.0000,0.0000,22,0,0,0,0,7,0,0,0,0
zc,TA301,2012-06-12 09:04:52.780,7052.0000,133514,0,0.0000,0.0000,0,0,空换,S,7052.0000,0.0000,0.0000,0.0000,0.0000,7054.0000,0.0000,0.0000,0.0000,0.0000,34,0,0,0,0,7,0,0,0,0
zc,TA301,2012-06-12 09:04:53.547,7054.0000,133502,-12,0.0000,28.0000,8,20,空平,B,7054.0000,0.0000,0.0000,0.0000,0.0000,7056.0000,0.0000,0.0000,0.0000,0.0000,86,0,0,0,0,315,0,0,0,0
zc,TA301,2012-06-12 09:04:53.797,7054.0000,133502,0,0.0000,4.0000,2,2,多换,B,7054.0000,0.0000,0.0000,0.0000,0.0000,7056.0000,0.0000,0.0000,0.0000,0.0000,94,0,0,0,0,313,0,0,0,0
zc,TA301,2012-06-12 09:04:54.577,7052.0000,133268,-234,0.0000,244.0000,5,239,多平,S,7052.0000,0.0000,0.0000,0.0000,0.0000,7054.0000,0.0000,0.0000,0.0000,0.0000,6,0,0,0,0,1,0,0,0,0
zc,TA301,2012-06-12 09:04:55.030,7052.0000,133268,0,0.0000,12.0000,6,6,空换,S,7052.0000,0.0000,0.0000,0.0000,0.0000,7056.0000,0.0000,0.0000,0.0000,0.0000,2,0,0,0,0,311,0,0,0,0
zc,TA301,2012-06-12 09:04:55.797,7056.0000,133262,-6,0.0000,14.0000,4,10,空平,B,7052.0000,0.0000,0.0000,0.0000,0.0000,7056.0000,0.0000,0.0000,0.0000,0.0000,2,0,0,0,0,312,0,0,0,0
zc,TA301,2012-06-12 09:04:56.030,7056.0000,133266,4,0.0000,6.0000,5,1,多开,B,7052.0000,0.0000,0.0000,0.0000,0.0000,7054.0000,0.0000,0.0000,0.0000,0.0000,4,0,0,0,0,1,0,0,0,0
zc,TA301,2012-06-12 09:04:56.860,7056.0000,133270,4,0.0000,6.0000,5,1,多开,B,7052.0000,0.0000,0.0000,0.0000,0.0000,7056.0000,0.0000,0.0000,0.0000,0.0000,6,0,0,0,0,309,0,0,0,0
zc,TA301,2012-06-12 09:04:57.563,7052.0000,133268,-2,0.0000,2.0000,0,2,双平,S,7052.0000,0.0000,0.0000,0.0000,0.0000,7056.0000,0.0000,0.0000,0.0000,0.0000,5,0,0,0,0,309,0,0,0,0
zc,TA301,2012-06-12 09:04:57.797,7052.0000,133264,-4,0.0000,4.0000,0,4,双平,S,7052.0000,0.0000,0.0000,0.0000,0.0000,7056.0000,0.0000,0.0000,0.0000,0.0000,10,0,0,0,0,302,0,0,0,0
zc,TA301,2012-06-12 09:04:58.593,7056.0000,133264,0,0.0000,4.0000,2,2,多换,B,7054.0000,0.0000,0.0000,0.0000,0.0000,7056.0000,0.0000,0.0000,0.0000,0.0000,1,0,0,0,0,301,0,0,0,0
zc,TA301,2012-06-12 09:04:59.077,7056.0000,133258,-6,0.0000,6.0000,0,6,双平,B,7052.0000,0.0000,0.0000,0.0000,0.0000,7056.0000,0.0000,0.0000,0.0000,0.0000,11,0,0,0,0,299,0,0,0,0
zc,TA301,2012-06-12 09:05:00.077,7056.0000,133254,-4,0.0000,4.0000,0,4,双平,B,7052.0000,0.0000,0.0000,0.0000,0.0000,7054.0000,0.0000,0.0000,0.0000,0.0000,11,0,0,0,0,1,0,0,0,0
zc,TA301,2012-06-12 09:05:00.780,7056.0000,133258,4,0.0000,4.0000,4,0,双开,B,7052.0000,0.0000,0.0000,0.0000,0.0000,7054.0000,0.0000,0.0000,0.0000,0.0000,12,0,0,0,0,1,0,0,0,0
zc,TA301,2012-06-12 09:05:01.280,7056.0000,133258,0,0.0000,0.0000,0,0,多换,B,7052.0000,0.0000,0.0000,0.0000,0.0000,7054.0000,0.0000,0.0000,0.0000,0.0000,12,0,0,0,0,12,0,0,0,0
zc,TA301,2012-06-12 09:05:01.843,7054.0000,133260,2,0.0000,18.0000,10,8,空开,S,7052.0000,0.0000,0.0000,0.0000,0.0000,7054.0000,0.0000,0.0000,0.0000,0.0000,13,0,0,0,0,4,0,0,0,0
zc,TA301,2012-06-12 09:05:02.813,7054.0000,133260,0,0.0000,0.0000,0,0,空换,S,7052.0000,0.0000,0.0000,0.0000,0.0000,7054.0000,0.0000,0.0000,0.0000,0.0000,13,0,0,0,0,5,0,0,0,0
zc,TA301,2012-06-12 09:05:03.313,7052.0000,133254,-6,0.0000,6.0000,0,6,双平,S,7052.0000,0.0000,0.0000,0.0000,0.0000,7054.0000,0.0000,0.0000,0.0000,0.0000,13,0,0,0,0,5,0,0,0,0
zc,TA301,2012-06-12 09:05:03.860,7056.0000,133266,12,0.0000,24.0000,18,6,多开,B,7052.0000,0.0000,0.0000,0.0000,0.0000,7054.0000,0.0000,0.0000,0.0000,0.0000,12,0,0,0,0,2,0,0,0,0
zc,TA301,2012-06-12 09:05:04.327,7054.0000,133268,2,0.0000,2.0000,2,0,双开,S,7052.0000,0.0000,0.0000,0.0000,0.0000,7054.0000,0.0000,0.0000,0.0000,0.0000,12,0,0,0,0,2,0,0,0,0
zc,TA301,2012-06-12 09:05:05.123,7054.0000,133270,2,0.0000,2.0000,2,0,双开,S,7052.0000,0.0000,0.0000,0.0000,0.0000,7054.0000,0.0000,0.0000,0.0000,0.0000,12,0,0,0,0,16,0,0,0,0
zc,TA301,2012-06-12 09:05:05.517,7054.0000,133274,4,0.0000,12.0000,8,4,空开,S,7052.0000,0.0000,0.0000,0.0000,0.0000,7054.0000,0.0000,0.0000,0.0000,0.0000,12,0,0,0,0,30,0,0,0,0
zc,TA301,2012-06-12 09:05:06.610,7054.0000,133274,0,0.0000,0.0000,0,0,空换,S,7052.0000,0.0000,0.0000,0.0000,0.0000,7054.0000,0.0000,0.0000,0.0000,0.0000,17,0,0,0,0,39,0,0,0,0
zc,TA301,2012-06-12 09:05:07.297,7054.0000,133294,20,0.0000,22.0000,21,1,空开,S,7052.0000,0.0000,0.0000,0.0000,0.0000,7054.0000,0.0000,0.0000,0.0000,0.0000,16,0,0,0,0,30,0,0,0,0
zc,TA301,2012-06-12 09:05:08.280,7054.0000,133296,2,0.0000,2.0000,2,0,双开,S,7052.0000,0.0000,0.0000,0.0000,0.0000,7054.0000,0.0000,0.0000,0.0000,0.0000,16,0,0,0,0,29,0,0,0,0
zc,TA301,2012-06-12 09:05:10.047,7054.0000,133296,0,0.0000,10.0000,5,5,空换,S,7052.0000,0.0000,0.0000,0.0000,0.0000,7054.0000,0.0000,0.0000,0.0000,0.0000,16,0,0,0,0,24,0,0,0,0
zc,TA301,2012-06-12 09:05:10.547,7054.0000,133298,2,0.0000,2.0000,2,0,双开,S,7052.0000,0.0000,0.0000,0.0000,0.0000,7054.0000,0.0000,0.0000,0.0000,0.0000,16,0,0,0,0,23,0,0,0,0
zc,TA301,2012-06-12 09:05:11.813,7054.0000,133300,2,0.0000,2.0000,2,0,双开,S,7052.0000,0.0000,0.0000,0.0000,0.0000,7054.0000,0.0000,0.0000,0.0000,0.0000,21,0,0,0,0,25,0,0,0,0
zc,TA301,2012-06-12 09:05:12.360,7054.0000,133304,4,0.0000,16.0000,10,6,空开,S,7052.0000,0.0000,0.0000,0.0000,0.0000,7054.0000,0.0000,0.0000,0.0000,0.0000,21,0,0,0,0,28,0,0,0,0
zc,TA301,2012-06-12 09:05:13.063,7054.0000,133306,2,0.0000,2.0000,2,0,双开,S,7052.0000,0.0000,0.0000,0.0000,0.0000,7054.0000,0.0000,0.0000,0.0000,0.0000,21,0,0,0,0,27,0,0,0,0
zc,TA301,2012-06-12 09:05:13.577,7054.0000,133306,0,0.0000,0.0000,0,0,空换,S,7052.0000,0.0000,0.0000,0.0000,0.0000,7054.0000,0.0000,0.0000,0.0000,0.0000,21,0,0,0,0,25,0,0,0,0
zc,TA301,2012-06-12 09:05:14.063,7052.0000,133336,30,0.0000,46.0000,38,8,空开,S,7050.0000,0.0000,0.0000,0.0000,0.0000,7052.0000,0.0000,0.0000,0.0000,0.0000,12,0,0,0,0,127,0,0,0,0
zc,TA301,2012-06-12 09:05:14.530,7052.0000,133340,4,0.0000,4.0000,4,0,双开,S,7050.0000,0.0000,0.0000,0.0000,0.0000,7052.0000,0.0000,0.0000,0.0000,0.0000,13,0,0,0,0,128,0,0,0,0
zc,TA301,2012-06-12 09:05:15.297,7050.0000,133328,-12,0.0000,18.0000,3,15,多平,S,7050.0000,0.0000,0.0000,0.0000,0.0000,7052.0000,0.0000,0.0000,0.0000,0.0000,4,0,0,0,0,128,0,0,0,0
zc,TA301,2012-06-12 09:05:15.813,7050.0000,133322,-6,0.0000,14.0000,4,10,多平,S,7048.0000,0.0000,0.0000,0.0000,0.0000,7052.0000,0.0000,0.0000,0.0000,0.0000,18,0,0,0,0,128,0,0,0,0
zc,TA301,2012-06-12 09:05:16.327,7050.0000,133322,0,0.0000,0.0000,0,0,空换,S,7050.0000,0.0000,0.0000,0.0000,0.0000,7052.0000,0.0000,0.0000,0.0000,0.0000,7,0,0,0,0,128,0,0,0,0
zc,TA301,2012-06-12 09:05:17.063,7050.0000,133310,-12,0.0000,32.0000,10,22,多平,S,7048.0000,0.0000,0.0000,0.0000,0.0000,7052.0000,0.0000,0.0000,0.0000,0.0000,17,0,0,0,0,128,0,0,0,0
zc,TA301,2012-06-12 09:05:17.517,7052.0000,133312,2,0.0000,2.0000,2,0,双开,B,7048.0000,0.0000,0.0000,0.0000,0.0000,7052.0000,0.0000,0.0000,0.0000,0.0000,17,0,0,0,0,127,0,0,0,0
zc,TA301,2012-06-12 09:05:18.313,7052.0000,133312,0,0.0000,0.0000,0,0,多换,B,7048.0000,0.0000,0.0000,0.0000,0.0000,7052.0000,0.0000,0.0000,0.0000,0.0000,16,0,0,0,0,127,0,0,0,0
zc,TA301,2012-06-12 09:05:19.313,7050.0000,133312,0,0.0000,2.0000,1,1,空换,S,7048.0000,0.0000,0.0000,0.0000,0.0000,7052.0000,0.0000,0.0000,0.0000,0.0000,16,0,0,0,0,127,0,0,0,0
zc,TA301,2012-06-12 09:05:19.780,7052.0000,133314,2,0.0000,2.0000,2,0,双开,B,7048.0000,0.0000,0.0000,0.0000,0.0000,7052.0000,0.0000,0.0000,0.0000,0.0000,14,0,0,0,0,126,0,0,0,0
zc,TA301,2012-06-12 09:05:20.563,7048.0000,133314,0,0.0000,4.0000,2,2,空换,S,7048.0000,0.0000,0.0000,0.0000,0.0000,7052.0000,0.0000,0.0000,0.0000,0.0000,14,0,0,0,0,126,0,0,0,0
zc,TA301,2012-06-12 09:05:21.047,7048.0000,133314,0,0.0000,2.0000,1,1,空换,S,7048.0000,0.0000,0.0000,0.0000,0.0000,7052.0000,0.0000,0.0000,0.0000,0.0000,13,0,0,0,0,126,0,0,0,0
zc,TA301,2012-06-12 09:05:22.313,7050.0000,133308,-6,0.0000,6.0000,0,6,双平,B,7048.0000,0.0000,0.0000,0.0000,0.0000,7052.0000,0.0000,0.0000,0.0000,0.0000,11,0,0,0,0,126,0,0,0,0
zc,TA301,2012-06-12 09:05:22.827,7052.0000,133312,4,0.0000,4.0000,4,0,双开,B,7050.0000,0.0000,0.0000,0.0000,0.0000,7052.0000,0.0000,0.0000,0.0000,0.0000,1,0,0,0,0,124,0,0,0,0
zc,TA301,2012-06-12 09:05:23.313,7052.0000,133312,0,0.0000,0.0000,0,0,多换,B,7050.0000,0.0000,0.0000,0.0000,0.0000,7052.0000,0.0000,0.0000,0.0000,0.0000,4,0,0,0,0,124,0,0,0,0
zc,TA301,2012-06-12 09:05:23.813,7050.0000,133312,0,0.0000,2.0000,1,1,空换,S,7050.0000,0.0000,0.0000,0.0000,0.0000,7052.0000,0.0000,0.0000,0.0000,0.0000,3,0,0,0,0,124,0,0,0,0
zc,TA301,2012-06-12 09:05:24.530,7050.0000,133312,0,0.0000,4.0000,2,2,空换,S,7050.0000,0.0000,0.0000,0.0000,0.0000,7052.0000,0.0000,0.0000,0.0000,0.0000,1,0,0,0,0,124,0,0,0,0
zc,TA301,2012-06-12 09:05:25.530,7052.0000,133314,2,0.0000,2.0000,2,0,双开,B,7050.0000,0.0000,0.0000,0.0000,0.0000,7052.0000,0.0000,0.0000,0.0000,0.0000,1,0,0,0,0,124,0,0,0,0
zc,TA301,2012-06-12 09:05:26.373,7052.0000,133314,0,0.0000,0.0000,0,0,多换,B,7050.0000,0.0000,0.0000,0.0000,0.0000,7052.0000,0.0000,0.0000,0.0000,0.0000,1,0,0,0,0,129,0,0,0,0
zc,TA301,2012-06-12 09:05:27.563,7050.0000,133318,4,0.0000,4.0000,4,0,双开,S,7050.0000,0.0000,0.0000,0.0000,0.0000,7052.0000,0.0000,0.0000,0.0000,0.0000,1,0,0,0,0,129,0,0,0,0
zc,TA301,2012-06-12 09:05:28.110,7050.0000,133336,18,0.0000,242.0000,130,112,空开,S,7050.0000,0.0000,0.0000,0.0000,0.0000,7052.0000,0.0000,0.0000,0.0000,0.0000,6,0,0,0,0,11,0,0,0,0
zc,TA301,2012-06-12 09:05:28.860,7052.0000,133372,36,0.0000,44.0000,40,4,多开,B,7048.0000,0.0000,0.0000,0.0000,0.0000,7050.0000,0.0000,0.0000,0.0000,0.0000,14,0,0,0,0,1,0,0,0,0
zc,TA301,2012-06-12 09:05:29.313,7050.0000,133376,4,0.0000,4.0000,4,0,双开,S,7048.0000,0.0000,0.0000,0.0000,0.0000,7050.0000,0.0000,0.0000,0.0000,0.0000,24,0,0,0,0,21,0,0,0,0
zc,TA301,2012-06-12 09:05:29.827,7050.0000,133394,18,0.0000,30.0000,24,6,空开,S,7048.0000,0.0000,0.0000,0.0000,0.0000,7050.0000,0.0000,0.0000,0.0000,0.0000,15,0,0,0,0,9,0,0,0,0
zc,TA301,2012-06-12 09:05:31.063,7048.0000,133394,0,0.0000,2.0000,1,1,空换,S,7048.0000,0.0000,0.0000,0.0000,0.0000,7050.0000,0.0000,0.0000,0.0000,0.0000,14,0,0,0,0,19,0,0,0,0
zc,TA301,2012-06-12 09:05:31.547,7048.0000,133396,2,0.0000,4.0000,3,1,空开,S,7048.0000,0.0000,0.0000,0.0000,0.0000,7050.0000,0.0000,0.0000,0.0000,0.0000,13,0,0,0,0,23,0,0,0,0
zc,TA301,2012-06-12 09:05:32.063,7048.0000,133398,2,0.0000,2.0000,2,0,双开,S,7048.0000,0.0000,0.0000,0.0000,0.0000,7050.0000,0.0000,0.0000,0.0000,0.0000,23,0,0,0,0,29,0,0,0,0
zc,TA301,2012-06-12 09:05:32.767,7048.0000,133398,0,0.0000,0.0000,0,0,空换,S,7048.0000,0.0000,0.0000,0.0000,0.0000,7050.0000,0.0000,0.0000,0.0000,0.0000,24,0,0,0,0,25,0,0,0,0
zc,TA301,2012-06-12 09:05:33.297,7050.0000,133398,0,0.0000,4.0000,2,2,多换,B,7048.0000,0.0000,0.0000,0.0000,0.0000,7050.0000,0.0000,0.0000,0.0000,0.0000,23,0,0,0,0,24,0,0,0,0
zc,TA301,2012-06-12 09:05:34.547,7050.0000,133398,0,0.0000,0.0000,0,0,多换,B,7048.0000,0.0000,0.0000,0.0000,0.0000,7050.0000,0.0000,0.0000,0.0000,0.0000,23,0,0,0,0,25,0,0,0,0
zc,TA301,2012-06-12 09:05:35.063,7050.0000,133400,2,0.0000,2.0000,2,0,双开,B,7048.0000,0.0000,0.0000,0.0000,0.0000,7050.0000,0.0000,0.0000,0.0000,0.0000,25,0,0,0,0,24,0,0,0,0
zc,TA301,2012-06-12 09:05:35.623,7050.0000,133406,6,0.0000,44.0000,25,19,多开,B,7048.0000,0.0000,0.0000,0.0000,0.0000,7050.0000,0.0000,0.0000,0.0000,0.0000,15,0,0,0,0,4,0,0,0,0
zc,TA301,2012-06-12 09:05:36.813,7050.0000,133408,2,0.0000,8.0000,5,3,多开,B,7048.0000,0.0000,0.0000,0.0000,0.0000,7050.0000,0.0000,0.0000,0.0000,0.0000,15,0,0,0,0,1,0,0,0,0
zc,TA301,2012-06-12 09:05:37.327,7050.0000,133410,2,0.0000,2.0000,2,0,双开,B,7050.0000,0.0000,0.0000,0.0000,0.0000,7052.0000,0.0000,0.0000,0.0000,0.0000,3,0,0,0,0,8,0,0,0,0
zc,TA301,2012-06-12 09:05:37.813,7054.0000,133422,12,0.0000,18.0000,15,3,多开,B,7050.0000,0.0000,0.0000,0.0000,0.0000,7054.0000,0.0000,0.0000,0.0000,0.0000,3,0,0,0,0,36,0,0,0,0
zc,TA301,2012-06-12 09:05:38.313,7052.0000,133428,6,0.0000,8.0000,7,1,空开,S,7050.0000,0.0000,0.0000,0.0000,0.0000,7054.0000,0.0000,0.0000,0.0000,0.0000,10,0,0,0,0,35,0,0,0,0
zc,TA301,2012-06-12 09:05:39.063,7050.0000,133430,2,0.0000,2.0000,2,0,双开,S,7050.0000,0.0000,0.0000,0.0000,0.0000,7054.0000,0.0000,0.0000,0.0000,0.0000,2,0,0,0,0,35,0,0,0,0
zc,TA301,2012-06-12 09:05:40.297,7050.0000,133430,0,0.0000,0.0000,0,0,空换,S,7050.0000,0.0000,0.0000,0.0000,0.0000,7054.0000,0.0000,0.0000,0.0000,0.0000,3,0,0,0,0,35,0,0,0,0
zc,TA301,2012-06-12 09:05:40.780,7050.0000,133430,0,0.0000,0.0000,0,0,空换,S,7050.0000,0.0000,0.0000,0.0000,0.0000,7054.0000,0.0000,0.0000,0.0000,0.0000,3,0,0,0,0,32,0,0,0,0
zc,TA301,2012-06-12 09:05:42.077,7050.0000,133428,-2,0.0000,6.0000,2,4,多平,S,7048.0000,0.0000,0.0000,0.0000,0.0000,7050.0000,0.0000,0.0000,0.0000,0.0000,24,0,0,0,0,7,0,0,0,0
zc,TA301,2012-06-12 09:05:42.280,7050.0000,133428,0,0.0000,0.0000,0,0,空换,S,7048.0000,0.0000,0.0000,0.0000,0.0000,7050.0000,0.0000,0.0000,0.0000,0.0000,25,0,0,0,0,7,0,0,0,0
zc,TA301,2012-06-12 09:05:43.077,7048.0000,133408,-20,0.0000,20.0000,0,20,双平,S,7048.0000,0.0000,0.0000,0.0000,0.0000,7050.0000,0.0000,0.0000,0.0000,0.0000,16,0,0,0,0,7,0,0,0,0
zc,TA301,2012-06-12 09:05:43.280,7050.0000,133408,0,0.0000,8.0000,4,4,多换,B,7048.0000,0.0000,0.0000,0.0000,0.0000,7050.0000,0.0000,0.0000,0.0000,0.0000,16,0,0,0,0,3,0,0,0,0
zc,TA301,2012-06-12 09:05:44.063,7048.0000,133408,0,0.0000,2.0000,1,1,空换,S,7048.0000,0.0000,0.0000,0.0000,0.0000,7050.0000,0.0000,0.0000,0.0000,0.0000,15,0,0,0,0,3,0,0,0,0
zc,TA301,2012-06-12 09:05:44.797,7048.0000,133408,0,0.0000,0.0000,0,0,空换,S,7048.0000,0.0000,0.0000,0.0000,0.0000,7050.0000,0.0000,0.0000,0.0000,0.0000,14,0,0,0,0,3,0,0,0,0
zc,TA301,2012-06-12 09:05:45.030,7048.0000,133408,0,0.0000,0.0000,0,0,空换,S,7048.0000,0.0000,0.0000,0.0000,0.0000,7050.0000,0.0000,0.0000,0.0000,0.0000,15,0,0,0,0,3,0,0,0,0
zc,TA301,2012-06-12 09:05:45.860,7048.0000,133414,6,0.0000,10.0000,8,2,空开,S,7048.0000,0.0000,0.0000,0.0000,0.0000,7050.0000,0.0000,0.0000,0.0000,0.0000,12,0,0,0,0,16,0,0,0,0
zc,TA301,2012-06-12 09:05:46.313,7048.0000,133422,8,0.0000,10.0000,9,1,空开,S,7048.0000,0.0000,0.0000,0.0000,0.0000,7050.0000,0.0000,0.0000,0.0000,0.0000,8,0,0,0,0,15,0,0,0,0
zc,TA301,2012-06-12 09:05:47.093,7050.0000,133422,0,0.0000,2.0000,1,1,多换,B,7048.0000,0.0000,0.0000,0.0000,0.0000,7050.0000,0.0000,0.0000,0.0000,0.0000,8,0,0,0,0,5,0,0,0,0
zc,TA301,2012-06-12 09:05:47.547,7050.0000,133422,0,0.0000,0.0000,0,0,多换,B,7048.0000,0.0000,0.0000,0.0000,0.0000,7050.0000,0.0000,0.0000,0.0000,0.0000,8,0,0,0,0,7,0,0,0,0
zc,TA301,2012-06-12 09:05:48.360,7050.0000,133422,0,0.0000,0.0000,0,0,多换,B,7048.0000,0.0000,0.0000,0.0000,0.0000,7050.0000,0.0000,0.0000,0.0000,0.0000,9,0,0,0,0,21,0,0,0,0
zc,TA301,2012-06-12 09:05:48.827,7050.0000,133422,0,0.0000,0.0000,0,0,多换,B,7048.0000,0.0000,0.0000,0.0000,0.0000,7050.0000,0.0000,0.0000,0.0000,0.0000,9,0,0,0,0,7,0,0,0,0
zc,TA301,2012-06-12 09:05:49.360,7050.0000,133422,0,0.0000,0.0000,0,0,多换,B,7048.0000,0.0000,0.0000,0.0000,0.0000,7050.0000,0.0000,0.0000,0.0000,0.0000,39,0,0,0,0,8,0,0,0,0
zc,TA301,2012-06-12 09:05:50.017,7050.0000,133420,-2,0.0000,54.0000,26,28,空平,B,7048.0000,0.0000,0.0000,0.0000,0.0000,7050.0000,0.0000,0.0000,0.0000,0.0000,13,0,0,0,0,7,0,0,0,0
zc,TA301,2012-06-12 09:05:50.547,7050.0000,133420,0,0.0000,0.0000,0,0,多换,B,7048.0000,0.0000,0.0000,0.0000,0.0000,7050.0000,0.0000,0.0000,0.0000,0.0000,14,0,0,0,0,10,0,0,0,0
zc,TA301,2012-06-12 09:05:51.327,7050.0000,133420,0,0.0000,0.0000,0,0,多换,B,7048.0000,0.0000,0.0000,0.0000,0.0000,7050.0000,0.0000,0.0000,0.0000,0.0000,14,0,0,0,0,7,0,0,0,0
zc,TA301,2012-06-12 09:05:52.267,7048.0000,133420,0,0.0000,10.0000,5,5,空换,S,7048.0000,0.0000,0.0000,0.0000,0.0000,7050.0000,0.0000,0.0000,0.0000,0.0000,9,0,0,0,0,7,0,0,0,0
zc,TA301,2012-06-12 09:05:52.797,7048.0000,133384,-36,0.0000,62.0000,13,49,多平,S,7046.0000,0.0000,0.0000,0.0000,0.0000,7048.0000,0.0000,0.0000,0.0000,0.0000,24,0,0,0,0,3,0,0,0,0
zc,TA301,2012-06-12 09:05:53.547,7048.0000,133384,0,0.0000,0.0000,0,0,空换,S,7046.0000,0.0000,0.0000,0.0000,0.0000,7048.0000,0.0000,0.0000,0.0000,0.0000,24,0,0,0,0,4,0,0,0,0
zc,TA301,2012-06-12 09:05:53.813,7048.0000,133384,0,0.0000,0.0000,0,0,空换,S,7046.0000,0.0000,0.0000,0.0000,0.0000,7048.0000,0.0000,0.0000,0.0000,0.0000,24,0,0,0,0,6,0,0,0,0
zc,TA301,2012-06-12 09:05:54.610,7050.0000,133376,-8,0.0000,22.0000,7,15,空平,B,7048.0000,0.0000,0.0000,0.0000,0.0000,7050.0000,0.0000,0.0000,0.0000,0.0000,1,0,0,0,0,24,0,0,0,0
zc,TA301,2012-06-12 09:05:55.327,7050.0000,133376,0,0.0000,0.0000,0,0,多换,B,7048.0000,0.0000,0.0000,0.0000,0.0000,7050.0000,0.0000,0.0000,0.0000,0.0000,1,0,0,0,0,28,0,0,0,0
zc,TA301,2012-06-12 09:05:55.813,7048.0000,133374,-2,0.0000,2.0000,0,2,双平,S,7048.0000,0.0000,0.0000,0.0000,0.0000,7050.0000,0.0000,0.0000,0.0000,0.0000,8,0,0,0,0,28,0,0,0,0
zc,TA301,2012-06-12 09:05:56.250,7048.0000,133374,0,0.0000,2.0000,1,1,空换,S,7048.0000,0.0000,0.0000,0.0000,0.0000,7050.0000,0.0000,0.0000,0.0000,0.0000,21,0,0,0,0,28,0,0,0,0
zc,TA301,2012-06-12 09:05:56.780,7050.0000,133374,0,0.0000,10.0000,5,5,多换,B,7048.0000,0.0000,0.0000,0.0000,0.0000,7050.0000,0.0000,0.0000,0.0000,0.0000,21,0,0,0,0,33,0,0,0,0
zc,TA301,2012-06-12 09:05:57.577,7050.0000,133380,6,0.0000,12.0000,9,3,多开,B,7048.0000,0.0000,0.0000,0.0000,0.0000,7050.0000,0.0000,0.0000,0.0000,0.0000,18,0,0,0,0,80,0,0,0,0
zc,TA301,2012-06-12 09:05:57.780,7048.0000,133392,12,0.0000,36.0000,24,12,空开,S,7046.0000,0.0000,0.0000,0.0000,0.0000,7048.0000,0.0000,0.0000,0.0000,0.0000,20,0,0,0,0,62,0,0,0,0
