市场代码,合约代码,时间,最新,持仓,增仓,成交额,成交量,开仓,平仓,成交类型,方向,买一价,买二价,买三价,买四价,买五价,卖一价,卖二价,卖三价,卖四价,卖五价,买一量,买二量,买三量,买四量,买五量,卖一量,卖二量,卖三量,卖四量,卖五量
zc,TA305,2012-06-12 07:53:13.047,0.0000,1094,0,0.0000,0.0000,0,0,空换,S,0.0000,0.0000,0.0000,0.0000,0.0000,0.0000,0.0000,0.0000,0.0000,0.0000,0,0,0,0,0,0,0,0,0,0
zc,TA305,2012-06-12 07:59:23.797,0.0000,1094,0,0.0000,0.0000,0,0,空换,S,0.0000,0.0000,0.0000,0.0000,0.0000,0.0000,0.0000,0.0000,0.0000,0.0000,0,0,0,0,0,0,0,0,0,0
zc,TA305,2012-06-12 08:03:19.313,0.0000,1094,0,0.0000,0.0000,0,0,空换,S,0.0000,0.0000,0.0000,0.0000,0.0000,0.0000,0.0000,0.0000,0.0000,0.0000,0,0,0,0,0,0,0,0,0,0
zc,TA305,2012-06-12 08:06:19.313,0.0000,1094,0,0.0000,0.0000,0,0,空换,S,0.0000,0.0000,0.0000,0.0000,0.0000,0.0000,0.0000,0.0000,0.0000,0.0000,0,0,0,0,0,0,0,0,0,0
zc,TA305,2012-06-12 08:07:19.297,0.0000,1094,0,0.0000,0.0000,0,0,空换,S,0.0000,0.0000,0.0000,0.0000,0.0000,0.0000,0.0000,0.0000,0.0000,0.0000,0,0,0,0,0,0,0,0,0,0
zc,TA305,2012-06-12 08:09:19.297,0.0000,1094,0,0.0000,0.0000,0,0,空换,S,0.0000,0.0000,0.0000,0.0000,0.0000,0.0000,0.0000,0.0000,0.0000,0.0000,0,0,0,0,0,0,0,0,0,0
zc,TA305,2012-06-12 08:10:19.297,0.0000,1094,0,0.0000,0.0000,0,0,空换,S,0.0000,0.0000,0.0000,0.0000,0.0000,0.0000,0.0000,0.0000,0.0000,0.0000,0,0,0,0,0,0,0,0,0,0
zc,TA305,2012-06-12 08:16:19.297,0.0000,1094,0,0.0000,0.0000,0,0,空换,S,0.0000,0.0000,0.0000,0.0000,0.0000,0.0000,0.0000,0.0000,0.0000,0.0000,0,0,0,0,0,0,0,0,0,0
zc,TA305,2012-06-12 08:17:19.297,0.0000,1094,0,0.0000,0.0000,0,0,空换,S,0.0000,0.0000,0.0000,0.0000,0.0000,0.0000,0.0000,0.0000,0.0000,0.0000,0,0,0,0,0,0,0,0,0,0
zc,TA305,2012-06-12 08:20:19.297,0.0000,1094,0,0.0000,0.0000,0,0,空换,S,0.0000,0.0000,0.0000,0.0000,0.0000,0.0000,0.0000,0.0000,0.0000,0.0000,0,0,0,0,0,0,0,0,0,0
zc,TA305,2012-06-12 08:29:19.280,0.0000,1094,0,0.0000,0.0000,0,0,空换,S,0.0000,0.0000,0.0000,0.0000,0.0000,0.0000,0.0000,0.0000,0.0000,0.0000,0,0,0,0,0,0,0,0,0,0
zc,TA305,2012-06-12 08:32:19.280,0.0000,1094,0,0.0000,0.0000,0,0,空换,S,0.0000,0.0000,0.0000,0.0000,0.0000,0.0000,0.0000,0.0000,0.0000,0.0000,0,0,0,0,0,0,0,0,0,0
zc,TA305,2012-06-12 08:33:19.280,0.0000,1094,0,0.0000,0.0000,0,0,空换,S,0.0000,0.0000,0.0000,0.0000,0.0000,0.0000,0.0000,0.0000,0.0000,0.0000,0,0,0,0,0,0,0,0,0,0
zc,TA305,2012-06-12 08:35:19.280,0.0000,1094,0,0.0000,0.0000,0,0,空换,S,0.0000,0.0000,0.0000,0.0000,0.0000,0.0000,0.0000,0.0000,0.0000,0.0000,0,0,0,0,0,0,0,0,0,0
zc,TA305,2012-06-12 08:36:19.280,0.0000,1094,0,0.0000,0.0000,0,0,空换,S,0.0000,0.0000,0.0000,0.0000,0.0000,0.0000,0.0000,0.0000,0.0000,0.0000,0,0,0,0,0,0,0,0,0,0
zc,TA305,2012-06-12 08:38:19.280,0.0000,1094,0,0.0000,0.0000,0,0,空换,S,0.0000,0.0000,0.0000,0.0000,0.0000,0.0000,0.0000,0.0000,0.0000,0.0000,0,0,0,0,0,0,0,0,0,0
zc,TA305,2012-06-12 08:42:19.280,0.0000,1094,0,0.0000,0.0000,0,0,空换,S,0.0000,0.0000,0.0000,0.0000,0.0000,0.0000,0.0000,0.0000,0.0000,0.0000,0,0,0,0,0,0,0,0,0,0
zc,TA305,2012-06-12 08:58:19.250,0.0000,1094,0,0.0000,0.0000,0,0,空换,S,0.0000,0.0000,0.0000,0.0000,0.0000,0.0000,0.0000,0.0000,0.0000,0.0000,0,0,0,0,0,0,0,0,0,0
zc,TA305,2012-06-12 08:58:45.997,0.0000,1094,0,0.0000,0.0000,0,0,空换,S,0.0000,0.0000,0.0000,0.0000,0.0000,0.0000,0.0000,0.0000,0.0000,0.0000,0,0,0,0,0,0,0,0,0,0
zc,TA305,2012-06-12 08:58:56.483,0.0000,1094,0,0.0000,0.0000,0,0,空换,S,0.0000,0.0000,0.0000,0.0000,0.0000,0.0000,0.0000,0.0000,0.0000,0.0000,0,0,0,0,0,0,0,0,0,0
zc,TA305,2012-06-12 08:58:57.983,0.0000,1094,0,0.0000,0.0000,0,0,空换,S,0.0000,0.0000,0.0000,0.0000,0.0000,0.0000,0.0000,0.0000,0.0000,0.0000,0,0,0,0,0,0,0,0,0,0
zc,TA305,2012-06-12 08:58:58.750,0.0000,1094,0,0.0000,0.0000,0,0,空换,S,0.0000,0.0000,0.0000,0.0000,0.0000,0.0000,0.0000,0.0000,0.0000,0.0000,0,0,0,0,0,0,0,0,0,0
zc,TA305,2012-06-12 08:58:59.233,0.0000,1094,0,0.0000,0.0000,0,0,空换,S,0.0000,0.0000,0.0000,0.0000,0.0000,0.0000,0.0000,0.0000,0.0000,0.0000,0,0,0,0,0,0,0,0,0,0
zc,TA305,2012-06-12 08:59:00.250,0.0000,1094,0,0.0000,0.0000,0,0,空换,S,0.0000,0.0000,0.0000,0.0000,0.0000,0.0000,0.0000,0.0000,0.0000,0.0000,0,0,0,0,0,0,0,0,0,0
zc,TA305,2012-06-12 09:00:02.670,7280.0000,1102,8,0.0000,8.0000,8,0,双开,B,7116.0000,0.0000,0.0000,0.0000,0.0000,7154.0000,0.0000,0.0000,0.0000,0.0000,1,0,0,0,0,1,0,0,0,0
zc,TA305,2012-06-12 09:00:03.733,7158.0000,1104,2,0.0000,2.0000,2,0,双开,S,7120.0000,0.0000,0.0000,0.0000,0.0000,7136.0000,0.0000,0.0000,0.0000,0.0000,1,0,0,0,0,3,0,0,0,0
zc,TA305,2012-06-12 09:00:04.983,7140.0000,1106,2,0.0000,2.0000,2,0,双开,S,7124.0000,0.0000,0.0000,0.0000,0.0000,7140.0000,0.0000,0.0000,0.0000,0.0000,5,0,0,0,0,3,0,0,0,0
zc,TA305,2012-06-12 09:00:05.937,7144.0000,1128,22,0.0000,22.0000,22,0,双开,B,7126.0000,0.0000,0.0000,0.0000,0.0000,7142.0000,0.0000,0.0000,0.0000,0.0000,5,0,0,0,0,1,0,0,0,0
zc,TA305,2012-06-12 09:00:06.640,7144.0000,1130,2,0.0000,2.0000,2,0,双开,B,7132.0000,0.0000,0.0000,0.0000,0.0000,7144.0000,0.0000,0.0000,0.0000,0.0000,1,0,0,0,0,1,0,0,0,0
zc,TA305,2012-06-12 09:00:07.140,7146.0000,1134,4,0.0000,4.0000,4,0,双开,B,7134.0000,0.0000,0.0000,0.0000,0.0000,7148.0000,0.0000,0.0000,0.0000,0.0000,1,0,0,0,0,3,0,0,0,0
zc,TA305,2012-06-12 09:00:07.610,7148.0000,1136,2,0.0000,2.0000,2,0,双开,B,7134.0000,0.0000,0.0000,0.0000,0.0000,7148.0000,0.0000,0.0000,0.0000,0.0000,1,0,0,0,0,1,0,0,0,0
zc,TA305,2012-06-12 09:00:08.437,7152.0000,1142,6,0.0000,6.0000,6,0,双开,B,7138.0000,0.0000,0.0000,0.0000,0.0000,7154.0000,0.0000,0.0000,0.0000,0.0000,1,0,0,0,0,1,0,0,0,0
zc,TA305,2012-06-12 09:00:09.907,7152.0000,1142,0,0.0000,0.0000,0,0,多换,B,7142.0000,0.0000,0.0000,0.0000,0.0000,7154.0000,0.0000,0.0000,0.0000,0.0000,1,0,0,0,0,1,0,0,0,0
zc,TA305,2012-06-12 09:00:10.140,7152.0000,1142,0,0.0000,0.0000,0,0,多换,B,7138.0000,0.0000,0.0000,0.0000,0.0000,7148.0000,0.0000,0.0000,0.0000,0.0000,1,0,0,0,0,1,0,0,0,0
zc,TA305,2012-06-12 09:00:11.157,7152.0000,1142,0,0.0000,0.0000,0,0,多换,B,7140.0000,0.0000,0.0000,0.0000,0.0000,7152.0000,0.0000,0.0000,0.0000,0.0000,1,0,0,0,0,1,0,0,0,0
zc,TA305,2012-06-12 09:00:11.670,7152.0000,1142,0,0.0000,0.0000,0,0,多换,B,7144.0000,0.0000,0.0000,0.0000,0.0000,7154.0000,0.0000,0.0000,0.0000,0.0000,1,0,0,0,0,2,0,0,0,0
zc,TA305,2012-06-12 09:00:12.623,7152.0000,1142,0,0.0000,0.0000,0,0,多换,B,7144.0000,0.0000,0.0000,0.0000,0.0000,7156.0000,0.0000,0.0000,0.0000,0.0000,1,0,0,0,0,1,0,0,0,0
zc,TA305,2012-06-12 09:00:12.907,7152.0000,1142,0,0.0000,0.0000,0,0,多换,B,7146.0000,0.0000,0.0000,0.0000,0.0000,7156.0000,0.0000,0.0000,0.0000,0.0000,1,0,0,0,0,1,0,0,0,0
zc,TA305,2012-06-12 09:00:15.907,7152.0000,1142,0,0.0000,0.0000,0,0,多换,B,7164.0000,0.0000,0.0000,0.0000,0.0000,7176.0000,0.0000,0.0000,0.0000,0.0000,1,0,0,0,0,1,0,0,0,0
zc,TA305,2012-06-12 09:00:16.657,7152.0000,1142,0,0.0000,0.0000,0,0,多换,B,7150.0000,0.0000,0.0000,0.0000,0.0000,7172.0000,0.0000,0.0000,0.0000,0.0000,1,0,0,0,0,1,0,0,0,0
zc,TA305,2012-06-12 09:00:17.170,7152.0000,1142,0,0.0000,0.0000,0,0,多换,B,7148.0000,0.0000,0.0000,0.0000,0.0000,7172.0000,0.0000,0.0000,0.0000,0.0000,1,0,0,0,0,1,0,0,0,0
zc,TA305,2012-06-12 09:00:17.907,7152.0000,1142,0,0.0000,0.0000,0,0,多换,B,7150.0000,0.0000,0.0000,0.0000,0.0000,7172.0000,0.0000,0.0000,0.0000,0.0000,1,0,0,0,0,1,0,0,0,0
zc,TA305,2012-06-12 09:00:18.937,7152.0000,1142,0,0.0000,0.0000,0,0,多换,B,7150.0000,0.0000,0.0000,0.0000,0.0000,7168.0000,0.0000,0.0000,0.0000,0.0000,1,0,0,0,0,1,0,0,0,0
zc,TA305,2012-06-12 09:00:19.920,7152.0000,1142,0,0.0000,0.0000,0,0,多换,B,7160.0000,0.0000,0.0000,0.0000,0.0000,7174.0000,0.0000,0.0000,0.0000,0.0000,1,0,0,0,0,1,0,0,0,0
zc,TA305,2012-06-12 09:00:20.640,7152.0000,1142,0,0.0000,0.0000,0,0,多换,B,7160.0000,0.0000,0.0000,0.0000,0.0000,7170.0000,0.0000,0.0000,0.0000,0.0000,1,0,0,0,0,1,0,0,0,0
zc,TA305,2012-06-12 09:00:21.453,7152.0000,1142,0,0.0000,0.0000,0,0,多换,B,7156.0000,0.0000,0.0000,0.0000,0.0000,7168.0000,0.0000,0.0000,0.0000,0.0000,1,0,0,0,0,1,0,0,0,0
zc,TA305,2012-06-12 09:00:22.670,7152.0000,1142,0,0.0000,0.0000,0,0,多换,B,7152.0000,0.0000,0.0000,0.0000,0.0000,7166.0000,0.0000,0.0000,0.0000,0.0000,1,0,0,0,0,1,0,0,0,0
zc,TA305,2012-06-12 09:00:23.640,7152.0000,1142,0,0.0000,0.0000,0,0,多换,B,7158.0000,0.0000,0.0000,0.0000,0.0000,7168.0000,0.0000,0.0000,0.0000,0.0000,1,0,0,0,0,1,0,0,0,0
zc,TA305,2012-06-12 09:00:24.390,7152.0000,1142,0,0.0000,0.0000,0,0,多换,B,7160.0000,0.0000,0.0000,0.0000,0.0000,7170.0000,0.0000,0.0000,0.0000,0.0000,1,0,0,0,0,1,0,0,0,0
zc,TA305,2012-06-12 09:00:24.907,7152.0000,1142,0,0.0000,0.0000,0,0,多换,B,7156.0000,0.0000,0.0000,0.0000,0.0000,7166.0000,0.0000,0.0000,0.0000,0.0000,1,0,0,0,0,1,0,0,0,0
zc,TA305,2012-06-12 09:00:26.157,7152.0000,1142,0,0.0000,0.0000,0,0,多换,B,7156.0000,0.0000,0.0000,0.0000,0.0000,7162.0000,0.0000,0.0000,0.0000,0.0000,1,0,0,0,0,1,0,0,0,0
zc,TA305,2012-06-12 09:00:26.860,7152.0000,1142,0,0.0000,0.0000,0,0,多换,B,7156.0000,0.0000,0.0000,0.0000,0.0000,7164.0000,0.0000,0.0000,0.0000,0.0000,1,0,0,0,0,1,0,0,0,0
zc,TA305,2012-06-12 09:00:28.123,7152.0000,1142,0,0.0000,0.0000,0,0,多换,B,7156.0000,0.0000,0.0000,0.0000,0.0000,7160.0000,0.0000,0.0000,0.0000,0.0000,1,0,0,0,0,1,0,0,0,0
zc,TA305,2012-06-12 09:00:28.670,7152.0000,1142,0,0.0000,0.0000,0,0,多换,B,7156.0000,0.0000,0.0000,0.0000,0.0000,7164.0000,0.0000,0.0000,0.0000,0.0000,1,0,0,0,0,1,0,0,0,0
zc,TA305,2012-06-12 09:00:29.953,7152.0000,1142,0,0.0000,0.0000,0,0,多换,B,7156.0000,0.0000,0.0000,0.0000,0.0000,7162.0000,0.0000,0.0000,0.0000,0.0000,1,0,0,0,0,1,0,0,0,0
zc,TA305,2012-06-12 09:00:30.687,7152.0000,1142,0,0.0000,0.0000,0,0,多换,B,7156.0000,0.0000,0.0000,0.0000,0.0000,7158.0000,0.0000,0.0000,0.0000,0.0000,1,0,0,0,0,1,0,0,0,0
zc,TA305,2012-06-12 09:00:31.187,7152.0000,1142,0,0.0000,0.0000,0,0,多换,B,7156.0000,0.0000,0.0000,0.0000,0.0000,7160.0000,0.0000,0.0000,0.0000,0.0000,1,0,0,0,0,1,0,0,0,0
zc,TA305,2012-06-12 09:00:33.157,7152.0000,1142,0,0.0000,0.0000,0,0,多换,B,7156.0000,0.0000,0.0000,0.0000,0.0000,7158.0000,0.0000,0.0000,0.0000,0.0000,1,0,0,0,0,1,0,0,0,0
zc,TA305,2012-06-12 09:00:33.907,7152.0000,1142,0,0.0000,0.0000,0,0,多换,B,7156.0000,0.0000,0.0000,0.0000,0.0000,7160.0000,0.0000,0.0000,0.0000,0.0000,1,0,0,0,0,1,0,0,0,0
zc,TA305,2012-06-12 09:00:35.157,7152.0000,1142,0,0.0000,0.0000,0,0,多换,B,7156.0000,0.0000,0.0000,0.0000,0.0000,7158.0000,0.0000,0.0000,0.0000,0.0000,1,0,0,0,0,1,0,0,0,0
zc,TA305,2012-06-12 09:00:35.640,7152.0000,1142,0,0.0000,0.0000,0,0,多换,B,7156.0000,0.0000,0.0000,0.0000,0.0000,7160.0000,0.0000,0.0000,0.0000,0.0000,1,0,0,0,0,1,0,0,0,0
zc,TA305,2012-06-12 09:00:36.860,7156.0000,1142,0,0.0000,2.0000,1,1,多换,B,7150.0000,0.0000,0.0000,0.0000,0.0000,7160.0000,0.0000,0.0000,0.0000,0.0000,1,0,0,0,0,1,0,0,0,0
zc,TA305,2012-06-12 09:00:37.640,7156.0000,1142,0,0.0000,0.0000,0,0,多换,B,7152.0000,0.0000,0.0000,0.0000,0.0000,7162.0000,0.0000,0.0000,0.0000,0.0000,1,0,0,0,0,1,0,0,0,0
zc,TA305,2012-06-12 09:00:38.407,7156.0000,1142,0,0.0000,0.0000,0,0,多换,B,7150.0000,0.0000,0.0000,0.0000,0.0000,7162.0000,0.0000,0.0000,0.0000,0.0000,3,0,0,0,0,1,0,0,0,0
zc,TA305,2012-06-12 09:00:39.157,7156.0000,1142,0,0.0000,0.0000,0,0,多换,B,7152.0000,0.0000,0.0000,0.0000,0.0000,7162.0000,0.0000,0.0000,0.0000,0.0000,1,0,0,0,0,1,0,0,0,0
zc,TA305,2012-06-12 09:00:40.360,7156.0000,1142,0,0.0000,0.0000,0,0,多换,B,7154.0000,0.0000,0.0000,0.0000,0.0000,7162.0000,0.0000,0.0000,0.0000,0.0000,1,0,0,0,0,1,0,0,0,0
zc,TA305,2012-06-12 09:00:41.390,7156.0000,1142,0,0.0000,0.0000,0,0,多换,B,7156.0000,0.0000,0.0000,0.0000,0.0000,7164.0000,0.0000,0.0000,0.0000,0.0000,1,0,0,0,0,1,0,0,0,0
zc,TA305,2012-06-12 09:00:41.890,7156.0000,1142,0,0.0000,0.0000,0,0,多换,B,7156.0000,0.0000,0.0000,0.0000,0.0000,7166.0000,0.0000,0.0000,0.0000,0.0000,1,0,0,0,0,1,0,0,0,0
zc,TA305,2012-06-12 09:00:43.390,7156.0000,1142,0,0.0000,0.0000,0,0,多换,B,7160.0000,0.0000,0.0000,0.0000,0.0000,7168.0000,0.0000,0.0000,0.0000,0.0000,1,0,0,0,0,1,0,0,0,0
zc,TA305,2012-06-12 09:00:45.860,7156.0000,1142,0,0.0000,0.0000,0,0,多换,B,7160.0000,0.0000,0.0000,0.0000,0.0000,7170.0000,0.0000,0.0000,0.0000,0.0000,1,0,0,0,0,1,0,0,0,0
zc,TA305,2012-06-12 09:00:47.407,7156.0000,1142,0,0.0000,0.0000,0,0,多换,B,7158.0000,0.0000,0.0000,0.0000,0.0000,7166.0000,0.0000,0.0000,0.0000,0.0000,1,0,0,0,0,1,0,0,0,0
zc,TA305,2012-06-12 09:00:49.343,7156.0000,1142,0,0.0000,0.0000,0,0,多换,B,7158.0000,0.0000,0.0000,0.0000,0.0000,7170.0000,0.0000,0.0000,0.0000,0.0000,1,0,0,0,0,2,0,0,0,0
zc,TA305,2012-06-12 09:00:49.843,7156.0000,1142,0,0.0000,0.0000,0,0,多换,B,7158.0000,0.0000,0.0000,0.0000,0.0000,7166.0000,0.0000,0.0000,0.0000,0.0000,1,0,0,0,0,1,0,0,0,0
zc,TA305,2012-06-12 09:00:50.343,7156.0000,1142,0,0.0000,0.0000,0,0,多换,B,7158.0000,0.0000,0.0000,0.0000,0.0000,7164.0000,0.0000,0.0000,0.0000,0.0000,1,0,0,0,0,1,0,0,0,0
zc,TA305,2012-06-12 09:00:50.907,7156.0000,1142,0,0.0000,0.0000,0,0,多换,B,7156.0000,0.0000,0.0000,0.0000,0.0000,7162.0000,0.0000,0.0000,0.0000,0.0000,1,0,0,0,0,1,0,0,0,0
zc,TA305,2012-06-12 09:00:53.140,7156.0000,1142,0,0.0000,0.0000,0,0,多换,B,7158.0000,0.0000,0.0000,0.0000,0.0000,7166.0000,0.0000,0.0000,0.0000,0.0000,1,0,0,0,0,1,0,0,0,0
zc,TA305,2012-06-12 09:00:54.827,7156.0000,1142,0,0.0000,0.0000,0,0,多换,B,7158.0000,0.0000,0.0000,0.0000,0.0000,7164.0000,0.0000,0.0000,0.0000,0.0000,1,0,0,0,0,1,0,0,0,0
zc,TA305,2012-06-12 09:00:55.577,7156.0000,1142,0,0.0000,0.0000,0,0,多换,B,7162.0000,0.0000,0.0000,0.0000,0.0000,7164.0000,0.0000,0.0000,0.0000,0.0000,1,0,0,0,0,1,0,0,0,0
zc,TA305,2012-06-12 09:00:56.873,7162.0000,1144,2,0.0000,2.0000,2,0,双开,B,7156.0000,0.0000,0.0000,0.0000,0.0000,7164.0000,0.0000,0.0000,0.0000,0.0000,1,0,0,0,0,1,0,0,0,0
zc,TA305,2012-06-12 09:00:58.890,7162.0000,1144,0,0.0000,0.0000,0,0,多换,B,7158.0000,0.0000,0.0000,0.0000,0.0000,7166.0000,0.0000,0.0000,0.0000,0.0000,1,0,0,0,0,1,0,0,0,0
zc,TA305,2012-06-12 09:00:59.577,7162.0000,1144,0,0.0000,0.0000,0,0,多换,B,7160.0000,0.0000,0.0000,0.0000,0.0000,7168.0000,0.0000,0.0000,0.0000,0.0000,1,0,0,0,0,1,0,0,0,0
zc,TA305,2012-06-12 09:01:00.093,7162.0000,1144,0,0.0000,0.0000,0,0,多换,B,7158.0000,0.0000,0.0000,0.0000,0.0000,7168.0000,0.0000,0.0000,0.0000,0.0000,1,0,0,0,0,1,0,0,0,0
zc,TA305,2012-06-12 09:01:00.873,7162.0000,1144,0,0.0000,0.0000,0,0,多换,B,7160.0000,0.0000,0.0000,0.0000,0.0000,7168.0000,0.0000,0.0000,0.0000,0.0000,1,0,0,0,0,1,0,0,0,0
zc,TA305,2012-06-12 09:01:01.890,7162.0000,1144,0,0.0000,0.0000,0,0,多换,B,7158.0000,0.0000,0.0000,0.0000,0.0000,7168.0000,0.0000,0.0000,0.0000,0.0000,1,0,0,0,0,1,0,0,0,0
zc,TA305,2012-06-12 09:01:02.623,7162.0000,1144,0,0.0000,0.0000,0,0,多换,B,7156.0000,0.0000,0.0000,0.0000,0.0000,7164.0000,0.0000,0.0000,0.0000,0.0000,2,0,0,0,0,1,0,0,0,0
zc,TA305,2012-06-12 09:01:03.407,7162.0000,1144,0,0.0000,0.0000,0,0,多换,B,7156.0000,0.0000,0.0000,0.0000,0.0000,7164.0000,0.0000,0.0000,0.0000,0.0000,1,0,0,0,0,1,0,0,0,0
zc,TA305,2012-06-12 09:01:04.610,7162.0000,1144,0,0.0000,0.0000,0,0,多换,B,7158.0000,0.0000,0.0000,0.0000,0.0000,7168.0000,0.0000,0.0000,0.0000,0.0000,1,0,0,0,0,1,0,0,0,0
zc,TA305,2012-06-12 09:01:05.390,7162.0000,1144,0,0.0000,0.0000,0,0,多换,B,7156.0000,0.0000,0.0000,0.0000,0.0000,7164.0000,0.0000,0.0000,0.0000,0.0000,2,0,0,0,0,1,0,0,0,0
zc,TA305,2012-06-12 09:01:08.593,7162.0000,1144,0,0.0000,0.0000,0,0,多换,B,7156.0000,0.0000,0.0000,0.0000,0.0000,7166.0000,0.0000,0.0000,0.0000,0.0000,2,0,0,0,0,1,0,0,0,0
zc,TA305,2012-06-12 09:01:09.843,7162.0000,1144,0,0.0000,0.0000,0,0,多换,B,7158.0000,0.0000,0.0000,0.0000,0.0000,7166.0000,0.0000,0.0000,0.0000,0.0000,1,0,0,0,0,1,0,0,0,0
zc,TA305,2012-06-12 09:01:11.110,7162.0000,1144,0,0.0000,0.0000,0,0,多换,B,7156.0000,0.0000,0.0000,0.0000,0.0000,7164.0000,0.0000,0.0000,0.0000,0.0000,2,0,0,0,0,1,0,0,0,0
zc,TA305,2012-06-12 09:01:13.610,7162.0000,1144,0,0.0000,0.0000,0,0,多换,B,7158.0000,0.0000,0.0000,0.0000,0.0000,7166.0000,0.0000,0.0000,0.0000,0.0000,1,0,0,0,0,1,0,0,0,0
zc,TA305,2012-06-12 09:01:15.610,7162.0000,1144,0,0.0000,0.0000,0,0,多换,B,7160.0000,0.0000,0.0000,0.0000,0.0000,7168.0000,0.0000,0.0000,0.0000,0.0000,1,0,0,0,0,1,0,0,0,0
zc,TA305,2012-06-12 09:01:16.123,7162.0000,1144,0,0.0000,0.0000,0,0,多换,B,7158.0000,0.0000,0.0000,0.0000,0.0000,7166.0000,0.0000,0.0000,0.0000,0.0000,1,0,0,0,0,1,0,0,0,0
zc,TA305,2012-06-12 09:01:19.483,7162.0000,1144,0,0.0000,0.0000,0,0,多换,B,7156.0000,0.0000,0.0000,0.0000,0.0000,7164.0000,0.0000,0.0000,0.0000,0.0000,2,0,0,0,0,1,0,0,0,0
zc,TA305,2012-06-12 09:01:21.093,7162.0000,1144,0,0.0000,0.0000,0,0,多换,B,7156.0000,0.0000,0.0000,0.0000,0.0000,7162.0000,0.0000,0.0000,0.0000,0.0000,1,0,0,0,0,1,0,0,0,0
zc,TA305,2012-06-12 09:01:25.360,7162.0000,1144,0,0.0000,0.0000,0,0,多换,B,7156.0000,0.0000,0.0000,0.0000,0.0000,7160.0000,0.0000,0.0000,0.0000,0.0000,1,0,0,0,0,1,0,0,0,0
zc,TA305,2012-06-12 09:01:27.360,7162.0000,1144,0,0.0000,0.0000,0,0,多换,B,7156.0000,0.0000,0.0000,0.0000,0.0000,7162.0000,0.0000,0.0000,0.0000,0.0000,1,0,0,0,0,1,0,0,0,0
zc,TA305,2012-06-12 09:01:27.813,7162.0000,1144,0,0.0000,0.0000,0,0,多换,B,7158.0000,0.0000,0.0000,0.0000,0.0000,7162.0000,0.0000,0.0000,0.0000,0.0000,3,0,0,0,0,1,0,0,0,0
zc,TA305,2012-06-12 09:01:28.623,7162.0000,1144,0,0.0000,0.0000,0,0,多换,B,7158.0000,0.0000,0.0000,0.0000,0.0000,7160.0000,0.0000,0.0000,0.0000,0.0000,3,0,0,0,0,1,0,0,0,0
zc,TA305,2012-06-12 09:01:31.593,7158.0000,1144,0,0.0000,6.0000,3,3,空换,S,7156.0000,0.0000,0.0000,0.0000,0.0000,7158.0000,0.0000,0.0000,0.0000,0.0000,1,0,0,0,0,6,0,0,0,0
zc,TA305,2012-06-12 09:01:32.890,7156.0000,1146,2,0.0000,2.0000,2,0,双开,S,7154.0000,0.0000,0.0000,0.0000,0.0000,7158.0000,0.0000,0.0000,0.0000,0.0000,1,0,0,0,0,7,0,0,0,0
zc,TA305,2012-06-12 09:01:34.907,7156.0000,1146,0,0.0000,0.0000,0,0,空换,S,7154.0000,0.0000,0.0000,0.0000,0.0000,7158.0000,0.0000,0.0000,0.0000,0.0000,1,0,0,0,0,6,0,0,0,0
zc,TA305,2012-06-12 09:01:35.373,7156.0000,1146,0,0.0000,0.0000,0,0,空换,S,7154.0000,0.0000,0.0000,0.0000,0.0000,7162.0000,0.0000,0.0000,0.0000,0.0000,2,0,0,0,0,1,0,0,0,0
zc,TA305,2012-06-12 09:01:36.610,7156.0000,1146,0,0.0000,0.0000,0,0,空换,S,7154.0000,0.0000,0.0000,0.0000,0.0000,7160.0000,0.0000,0.0000,0.0000,0.0000,1,0,0,0,0,1,0,0,0,0
zc,TA305,2012-06-12 09:01:38.140,7156.0000,1146,0,0.0000,0.0000,0,0,空换,S,7154.0000,0.0000,0.0000,0.0000,0.0000,7162.0000,0.0000,0.0000,0.0000,0.0000,2,0,0,0,0,1,0,0,0,0
zc,TA305,2012-06-12 09:01:39.843,7156.0000,1146,0,0.0000,0.0000,0,0,空换,S,7154.0000,0.0000,0.0000,0.0000,0.0000,7158.0000,0.0000,0.0000,0.0000,0.0000,2,0,0,0,0,4,0,0,0,0
zc,TA305,2012-06-12 09:01:45.907,7156.0000,1146,0,0.0000,0.0000,0,0,空换,S,7156.0000,0.0000,0.0000,0.0000,0.0000,7158.0000,0.0000,0.0000,0.0000,0.0000,2,0,0,0,0,4,0,0,0,0
zc,TA305,2012-06-12 09:01:46.623,7158.0000,1144,-2,0.0000,2.0000,0,2,双平,B,7156.0000,0.0000,0.0000,0.0000,0.0000,7158.0000,0.0000,0.0000,0.0000,0.0000,1,0,0,0,0,3,0,0,0,0
zc,TA305,2012-06-12 09:01:48.577,7158.0000,1144,0,0.0000,0.0000,0,0,多换,B,7156.0000,0.0000,0.0000,0.0000,0.0000,7158.0000,0.0000,0.0000,0.0000,0.0000,2,0,0,0,0,3,0,0,0,0
zc,TA305,2012-06-12 09:01:49.093,7158.0000,1144,0,0.0000,0.0000,0,0,多换,B,7156.0000,0.0000,0.0000,0.0000,0.0000,7158.0000,0.0000,0.0000,0.0000,0.0000,1,0,0,0,0,3,0,0,0,0
zc,TA305,2012-06-12 09:02:07.610,7158.0000,1144,0,0.0000,4.0000,2,2,多换,B,7156.0000,0.0000,0.0000,0.0000,0.0000,7158.0000,0.0000,0.0000,0.0000,0.0000,1,0,0,0,0,1,0,0,0,0
zc,TA305,2012-06-12 09:02:13.640,7158.0000,1144,0,0.0000,0.0000,0,0,多换,B,7156.0000,0.0000,0.0000,0.0000,0.0000,7158.0000,0.0000,0.0000,0.0000,0.0000,2,0,0,0,0,1,0,0,0,0
zc,TA305,2012-06-12 09:02:16.123,7158.0000,1144,0,0.0000,0.0000,0,0,多换,B,7156.0000,0.0000,0.0000,0.0000,0.0000,7158.0000,0.0000,0.0000,0.0000,0.0000,1,0,0,0,0,1,0,0,0,0
zc,TA305,2012-06-12 09:02:20.110,7158.0000,1144,0,0.0000,0.0000,0,0,多换,B,7156.0000,0.0000,0.0000,0.0000,0.0000,7158.0000,0.0000,0.0000,0.0000,0.0000,2,0,0,0,0,1,0,0,0,0
zc,TA305,2012-06-12 09:02:22.547,7158.0000,1142,-2,0.0000,2.0000,0,2,双平,B,7156.0000,0.0000,0.0000,0.0000,0.0000,7166.0000,0.0000,0.0000,0.0000,0.0000,1,0,0,0,0,1,0,0,0,0
zc,TA305,2012-06-12 09:02:28.360,7158.0000,1142,0,0.0000,0.0000,0,0,多换,B,7156.0000,0.0000,0.0000,0.0000,0.0000,7168.0000,0.0000,0.0000,0.0000,0.0000,2,0,0,0,0,1,0,0,0,0
zc,TA305,2012-06-12 09:02:31.343,7158.0000,1142,0,0.0000,0.0000,0,0,多换,B,7156.0000,0.0000,0.0000,0.0000,0.0000,7170.0000,0.0000,0.0000,0.0000,0.0000,2,0,0,0,0,1,0,0,0,0
zc,TA305,2012-06-12 09:02:33.390,7158.0000,1142,0,0.0000,0.0000,0,0,多换,B,7160.0000,0.0000,0.0000,0.0000,0.0000,7174.0000,0.0000,0.0000,0.0000,0.0000,1,0,0,0,0,1,0,0,0,0
zc,TA305,2012-06-12 09:02:34.123,7158.0000,1142,0,0.0000,0.0000,0,0,多换,B,7160.0000,0.0000,0.0000,0.0000,0.0000,7176.0000,0.0000,0.0000,0.0000,0.0000,1,0,0,0,0,1,0,0,0,0
zc,TA305,2012-06-12 09:02:34.610,7158.0000,1142,0,0.0000,0.0000,0,0,多换,B,7162.0000,0.0000,0.0000,0.0000,0.0000,7176.0000,0.0000,0.0000,0.0000,0.0000,1,0,0,0,0,1,0,0,0,0
zc,TA305,2012-06-12 09:02:35.373,7158.0000,1142,0,0.0000,0.0000,0,0,多换,B,7162.0000,0.0000,0.0000,0.0000,0.0000,7178.0000,0.0000,0.0000,0.0000,0.0000,1,0,0,0,0,1,0,0,0,0
zc,TA305,2012-06-12 09:02:38.343,7158.0000,1142,0,0.0000,0.0000,0,0,多换,B,7162.0000,0.0000,0.0000,0.0000,0.0000,7176.0000,0.0000,0.0000,0.0000,0.0000,1,0,0,0,0,1,0,0,0,0
zc,TA305,2012-06-12 09:02:39.077,7158.0000,1142,0,0.0000,0.0000,0,0,多换,B,7168.0000,0.0000,0.0000,0.0000,0.0000,7180.0000,0.0000,0.0000,0.0000,0.0000,1,0,0,0,0,1,0,0,0,0
zc,TA305,2012-06-12 09:02:39.563,7158.0000,1142,0,0.0000,0.0000,0,0,多换,B,7166.0000,0.0000,0.0000,0.0000,0.0000,7180.0000,0.0000,0.0000,0.0000,0.0000,1,0,0,0,0,1,0,0,0,0
zc,TA305,2012-06-12 09:02:42.577,7158.0000,1142,0,0.0000,0.0000,0,0,多换,B,7168.0000,0.0000,0.0000,0.0000,0.0000,7180.0000,0.0000,0.0000,0.0000,0.0000,1,0,0,0,0,1,0,0,0,0
zc,TA305,2012-06-12 09:02:44.407,7158.0000,1142,0,0.0000,0.0000,0,0,多换,B,7168.0000,0.0000,0.0000,0.0000,0.0000,7182.0000,0.0000,0.0000,0.0000,0.0000,1,0,0,0,0,1,0,0,0,0
zc,TA305,2012-06-12 09:02:45.093,7158.0000,1142,0,0.0000,0.0000,0,0,多换,B,7170.0000,0.0000,0.0000,0.0000,0.0000,7184.0000,0.0000,0.0000,0.0000,0.0000,1,0,0,0,0,1,0,0,0,0
zc,TA305,2012-06-12 09:02:46.343,7158.0000,1142,0,0.0000,0.0000,0,0,多换,B,7174.0000,0.0000,0.0000,0.0000,0.0000,7186.0000,0.0000,0.0000,0.0000,0.0000,1,0,0,0,0,1,0,0,0,0
zc,TA305,2012-06-12 09:02:46.873,7158.0000,1142,0,0.0000,0.0000,0,0,多换,B,7174.0000,0.0000,0.0000,0.0000,0.0000,7188.0000,0.0000,0.0000,0.0000,0.0000,1,0,0,0,0,1,0,0,0,0
zc,TA305,2012-06-12 09:02:47.860,7158.0000,1142,0,0.0000,0.0000,0,0,多换,B,7176.0000,0.0000,0.0000,0.0000,0.0000,7188.0000,0.0000,0.0000,0.0000,0.0000,1,0,0,0,0,1,0,0,0,0
zc,TA305,2012-06-12 09:02:48.623,7158.0000,1142,0,0.0000,0.0000,0,0,多换,B,7178.0000,0.0000,0.0000,0.0000,0.0000,7192.0000,0.0000,0.0000,0.0000,0.0000,1,0,0,0,0,1,0,0,0,0
zc,TA305,2012-06-12 09:02:50.327,7158.0000,1142,0,0.0000,0.0000,0,0,多换,B,7180.0000,0.0000,0.0000,0.0000,0.0000,7192.0000,0.0000,0.0000,0.0000,0.0000,1,0,0,0,0,1,0,0,0,0
zc,TA305,2012-06-12 09:02:52.327,7158.0000,1142,0,0.0000,0.0000,0,0,多换,B,7178.0000,0.0000,0.0000,0.0000,0.0000,7192.0000,0.0000,0.0000,0.0000,0.0000,1,0,0,0,0,1,0,0,0,0
zc,TA305,2012-06-12 09:02:52.827,7158.0000,1142,0,0.0000,0.0000,0,0,多换,B,7176.0000,0.0000,0.0000,0.0000,0.0000,7188.0000,0.0000,0.0000,0.0000,0.0000,1,0,0,0,0,1,0,0,0,0
zc,TA305,2012-06-12 09:02:53.640,7158.0000,1142,0,0.0000,0.0000,0,0,多换,B,7176.0000,0.0000,0.0000,0.0000,0.0000,7190.0000,0.0000,0.0000,0.0000,0.0000,1,0,0,0,0,1,0,0,0,0
zc,TA305,2012-06-12 09:02:54.093,7158.0000,1142,0,0.0000,0.0000,0,0,多换,B,7174.0000,0.0000,0.0000,0.0000,0.0000,7190.0000,0.0000,0.0000,0.0000,0.0000,1,0,0,0,0,1,0,0,0,0
zc,TA305,2012-06-12 09:02:54.843,7158.0000,1142,0,0.0000,0.0000,0,0,多换,B,7172.0000,0.0000,0.0000,0.0000,0.0000,7186.0000,0.0000,0.0000,0.0000,0.0000,1,0,0,0,0,1,0,0,0,0
zc,TA305,2012-06-12 09:03:00.327,7158.0000,1142,0,0.0000,0.0000,0,0,多换,B,7176.0000,0.0000,0.0000,0.0000,0.0000,7188.0000,0.0000,0.0000,0.0000,0.0000,1,0,0,0,0,1,0,0,0,0
zc,TA305,2012-06-12 09:03:02.140,7158.0000,1142,0,0.0000,0.0000,0,0,多换,B,7172.0000,0.0000,0.0000,0.0000,0.0000,7186.0000,0.0000,0.0000,0.0000,0.0000,1,0,0,0,0,1,0,0,0,0
zc,TA305,2012-06-12 09:03:06.077,7158.0000,1142,0,0.0000,0.0000,0,0,多换,B,7172.0000,0.0000,0.0000,0.0000,0.0000,7184.0000,0.0000,0.0000,0.0000,0.0000,1,0,0,0,0,1,0,0,0,0
zc,TA305,2012-06-12 09:03:07.077,7158.0000,1142,0,0.0000,0.0000,0,0,多换,B,7172.0000,0.0000,0.0000,0.0000,0.0000,7186.0000,0.0000,0.0000,0.0000,0.0000,1,0,0,0,0,1,0,0,0,0
zc,TA305,2012-06-12 09:03:08.373,7158.0000,1142,0,0.0000,0.0000,0,0,多换,B,7174.0000,0.0000,0.0000,0.0000,0.0000,7186.0000,0.0000,0.0000,0.0000,0.0000,1,0,0,0,0,1,0,0,0,0
zc,TA305,2012-06-12 09:03:11.077,7158.0000,1142,0,0.0000,0.0000,0,0,多换,B,7172.0000,0.0000,0.0000,0.0000,0.0000,7184.0000,0.0000,0.0000,0.0000,0.0000,1,0,0,0,0,1,0,0,0,0
zc,TA305,2012-06-12 09:03:12.343,7158.0000,1142,0,0.0000,0.0000,0,0,多换,B,7174.0000,0.0000,0.0000,0.0000,0.0000,7186.0000,0.0000,0.0000,0.0000,0.0000,1,0,0,0,0,1,0,0,0,0
zc,TA305,2012-06-12 09:03:15.077,7158.0000,1142,0,0.0000,0.0000,0,0,多换,B,7172.0000,0.0000,0.0000,0.0000,0.0000,7186.0000,0.0000,0.0000,0.0000,0.0000,1,0,0,0,0,1,0,0,0,0
zc,TA305,2012-06-12 09:03:15.860,7158.0000,1142,0,0.0000,0.0000,0,0,多换,B,7172.0000,0.0000,0.0000,0.0000,0.0000,7184.0000,0.0000,0.0000,0.0000,0.0000,1,0,0,0,0,1,0,0,0,0
zc,TA305,2012-06-12 09:03:19.593,7158.0000,1142,0,0.0000,0.0000,0,0,多换,B,7170.0000,0.0000,0.0000,0.0000,0.0000,7182.0000,0.0000,0.0000,0.0000,0.0000,1,0,0,0,0,1,0,0,0,0
zc,TA305,2012-06-12 09:03:20.063,7158.0000,1142,0,0.0000,0.0000,0,0,多换,B,7170.0000,0.0000,0.0000,0.0000,0.0000,7184.0000,0.0000,0.0000,0.0000,0.0000,1,0,0,0,0,1,0,0,0,0
zc,TA305,2012-06-12 09:03:23.593,7158.0000,1142,0,0.0000,0.0000,0,0,多换,B,7172.0000,0.0000,0.0000,0.0000,0.0000,7184.0000,0.0000,0.0000,0.0000,0.0000,1,0,0,0,0,1,0,0,0,0
zc,TA305,2012-06-12 09:03:24.327,7158.0000,1142,0,0.0000,0.0000,0,0,多换,B,7170.0000,0.0000,0.0000,0.0000,0.0000,7184.0000,0.0000,0.0000,0.0000,0.0000,1,0,0,0,0,1,0,0,0,0
zc,TA305,2012-06-12 09:03:27.843,7158.0000,1142,0,0.0000,0.0000,0,0,多换,B,7168.0000,0.0000,0.0000,0.0000,0.0000,7182.0000,0.0000,0.0000,0.0000,0.0000,1,0,0,0,0,1,0,0,0,0
zc,TA305,2012-06-12 09:03:28.373,7158.0000,1142,0,0.0000,0.0000,0,0,多换,B,7172.0000,0.0000,0.0000,0.0000,0.0000,7184.0000,0.0000,0.0000,0.0000,0.0000,1,0,0,0,0,1,0,0,0,0
zc,TA305,2012-06-12 09:03:29.110,7158.0000,1142,0,0.0000,0.0000,0,0,多换,B,7174.0000,0.0000,0.0000,0.0000,0.0000,7184.0000,0.0000,0.0000,0.0000,0.0000,1,0,0,0,0,1,0,0,0,0
zc,TA305,2012-06-12 09:03:30.123,7158.0000,1142,0,0.0000,0.0000,0,0,多换,B,7170.0000,0.0000,0.0000,0.0000,0.0000,7182.0000,0.0000,0.0000,0.0000,0.0000,1,0,0,0,0,1,0,0,0,0
zc,TA305,2012-06-12 09:03:34.827,7158.0000,1142,0,0.0000,0.0000,0,0,多换,B,7170.0000,0.0000,0.0000,0.0000,0.0000,7180.0000,0.0000,0.0000,0.0000,0.0000,1,0,0,0,0,1,0,0,0,0
zc,TA305,2012-06-12 09:03:37.110,7158.0000,1142,0,0.0000,0.0000,0,0,多换,B,7172.0000,0.0000,0.0000,0.0000,0.0000,7180.0000,0.0000,0.0000,0.0000,0.0000,1,0,0,0,0,1,0,0,0,0
zc,TA305,2012-06-12 09:03:37.623,7158.0000,1142,0,0.0000,0.0000,0,0,多换,B,7170.0000,0.0000,0.0000,0.0000,0.0000,7178.0000,0.0000,0.0000,0.0000,0.0000,1,0,0,0,0,1,0,0,0,0
zc,TA305,2012-06-12 09:03:43.623,7158.0000,1142,0,0.0000,0.0000,0,0,多换,B,7172.0000,0.0000,0.0000,0.0000,0.0000,7180.0000,0.0000,0.0000,0.0000,0.0000,1,0,0,0,0,1,0,0,0,0
zc,TA305,2012-06-12 09:03:46.640,7158.0000,1142,0,0.0000,0.0000,0,0,多换,B,7170.0000,0.0000,0.0000,0.0000,0.0000,7180.0000,0.0000,0.0000,0.0000,0.0000,1,0,0,0,0,1,0,0,0,0
zc,TA305,2012-06-12 09:03:47.407,7158.0000,1142,0,0.0000,0.0000,0,0,多换,B,7170.0000,0.0000,0.0000,0.0000,0.0000,7178.0000,0.0000,0.0000,0.0000,0.0000,1,0,0,0,0,1,0,0,0,0
zc,TA305,2012-06-12 09:03:51.390,7158.0000,1142,0,0.0000,0.0000,0,0,多换,B,7168.0000,0.0000,0.0000,0.0000,0.0000,7176.0000,0.0000,0.0000,0.0000,0.0000,1,0,0,0,0,1,0,0,0,0
zc,TA305,2012-06-12 09:03:54.890,7158.0000,1142,0,0.0000,0.0000,0,0,多换,B,7164.0000,0.0000,0.0000,0.0000,0.0000,7176.0000,0.0000,0.0000,0.0000,0.0000,1,0,0,0,0,1,0,0,0,0
zc,TA305,2012-06-12 09:03:55.623,7158.0000,1142,0,0.0000,0.0000,0,0,多换,B,7164.0000,0.0000,0.0000,0.0000,0.0000,7174.0000,0.0000,0.0000,0.0000,0.0000,1,0,0,0,0,1,0,0,0,0
zc,TA305,2012-06-12 09:03:57.860,7158.0000,1142,0,0.0000,0.0000,0,0,多换,B,7162.0000,0.0000,0.0000,0.0000,0.0000,7170.0000,0.0000,0.0000,0.0000,0.0000,1,0,0,0,0,1,0,0,0,0
zc,TA305,2012-06-12 09:04:14.157,7158.0000,1142,0,0.0000,0.0000,0,0,多换,B,7160.0000,0.0000,0.0000,0.0000,0.0000,7170.0000,0.0000,0.0000,0.0000,0.0000,1,0,0,0,0,1,0,0,0,0
zc,TA305,2012-06-12 09:04:14.610,7158.0000,1142,0,0.0000,0.0000,0,0,多换,B,7162.0000,0.0000,0.0000,0.0000,0.0000,7170.0000,0.0000,0.0000,0.0000,0.0000,1,0,0,0,0,1,0,0,0,0
zc,TA305,2012-06-12 09:04:15.343,7158.0000,1142,0,0.0000,0.0000,0,0,多换,B,7160.0000,0.0000,0.0000,0.0000,0.0000,7168.0000,0.0000,0.0000,0.0000,0.0000,1,0,0,0,0,1,0,0,0,0
zc,TA305,2012-06-12 09:04:19.827,7158.0000,1142,0,0.0000,0.0000,0,0,多换,B,7158.0000,0.0000,0.0000,0.0000,0.0000,7166.0000,0.0000,0.0000,0.0000,0.0000,1,0,0,0,0,1,0,0,0,0
zc,TA305,2012-06-12 09:04:21.577,7158.0000,1142,0,0.0000,0.0000,0,0,多换,B,7156.0000,0.0000,0.0000,0.0000,0.0000,7168.0000,0.0000,0.0000,0.0000,0.0000,2,0,0,0,0,1,0,0,0,0
zc,TA305,2012-06-12 09:04:23.373,7158.0000,1142,0,0.0000,0.0000,0,0,多换,B,7156.0000,0.0000,0.0000,0.0000,0.0000,7166.0000,0.0000,0.0000,0.0000,0.0000,2,0,0,0,0,1,0,0,0,0
zc,TA305,2012-06-12 09:04:24.093,7158.0000,1142,0,0.0000,0.0000,0,0,多换,B,7158.0000,0.0000,0.0000,0.0000,0.0000,7166.0000,0.0000,0.0000,0.0000,0.0000,1,0,0,0,0,1,0,0,0,0
zc,TA305,2012-06-12 09:04:24.623,7158.0000,1142,0,0.0000,0.0000,0,0,多换,B,7158.0000,0.0000,0.0000,0.0000,0.0000,7168.0000,0.0000,0.0000,0.0000,0.0000,1,0,0,0,0,1,0,0,0,0
zc,TA305,2012-06-12 09:04:25.843,7158.0000,1142,0,0.0000,0.0000,0,0,多换,B,7160.0000,0.0000,0.0000,0.0000,0.0000,7168.0000,0.0000,0.0000,0.0000,0.0000,1,0,0,0,0,1,0,0,0,0
zc,TA305,2012-06-12 09:04:26.373,7158.0000,1142,0,0.0000,0.0000,0,0,多换,B,7160.0000,0.0000,0.0000,0.0000,0.0000,7170.0000,0.0000,0.0000,0.0000,0.0000,1,0,0,0,0,1,0,0,0,0
zc,TA305,2012-06-12 09:04:29.843,7158.0000,1142,0,0.0000,0.0000,0,0,多换,B,7162.0000,0.0000,0.0000,0.0000,0.0000,7170.0000,0.0000,0.0000,0.0000,0.0000,1,0,0,0,0,1,0,0,0,0
zc,TA305,2012-06-12 09:04:30.547,7158.0000,1142,0,0.0000,0.0000,0,0,多换,B,7160.0000,0.0000,0.0000,0.0000,0.0000,7170.0000,0.0000,0.0000,0.0000,0.0000,1,0,0,0,0,1,0,0,0,0
zc,TA305,2012-06-12 09:04:33.360,7158.0000,1142,0,0.0000,0.0000,0,0,多换,B,7160.0000,0.0000,0.0000,0.0000,0.0000,7168.0000,0.0000,0.0000,0.0000,0.0000,1,0,0,0,0,1,0,0,0,0
zc,TA305,2012-06-12 09:04:36.577,7158.0000,1142,0,0.0000,0.0000,0,0,多换,B,7160.0000,0.0000,0.0000,0.0000,0.0000,7170.0000,0.0000,0.0000,0.0000,0.0000,1,0,0,0,0,1,0,0,0,0
zc,TA305,2012-06-12 09:04:37.360,7158.0000,1142,0,0.0000,0.0000,0,0,多换,B,7162.0000,0.0000,0.0000,0.0000,0.0000,7170.0000,0.0000,0.0000,0.0000,0.0000,1,0,0,0,0,1,0,0,0,0
zc,TA305,2012-06-12 09:04:38.610,7158.0000,1142,0,0.0000,0.0000,0,0,多换,B,7162.0000,0.0000,0.0000,0.0000,0.0000,7172.0000,0.0000,0.0000,0.0000,0.0000,1,0,0,0,0,1,0,0,0,0
zc,TA305,2012-06-12 09:04:39.063,7158.0000,1142,0,0.0000,0.0000,0,0,多换,B,7164.0000,0.0000,0.0000,0.0000,0.0000,7172.0000,0.0000,0.0000,0.0000,0.0000,1,0,0,0,0,1,0,0,0,0
zc,TA305,2012-06-12 09:04:41.360,7158.0000,1142,0,0.0000,0.0000,0,0,多换,B,7166.0000,0.0000,0.0000,0.0000,0.0000,7174.0000,0.0000,0.0000,0.0000,0.0000,1,0,0,0,0,1,0,0,0,0
zc,TA305,2012-06-12 09:04:47.123,7158.0000,1142,0,0.0000,0.0000,0,0,多换,B,7168.0000,0.0000,0.0000,0.0000,0.0000,7176.0000,0.0000,0.0000,0.0000,0.0000,1,0,0,0,0,1,0,0,0,0
zc,TA305,2012-06-12 09:04:47.563,7158.0000,1142,0,0.0000,0.0000,0,0,多换,B,7166.0000,0.0000,0.0000,0.0000,0.0000,7176.0000,0.0000,0.0000,0.0000,0.0000,1,0,0,0,0,1,0,0,0,0
zc,TA305,2012-06-12 09:04:48.373,7158.0000,1142,0,0.0000,0.0000,0,0,多换,B,7170.0000,0.0000,0.0000,0.0000,0.0000,7178.0000,0.0000,0.0000,0.0000,0.0000,1,0,0,0,0,1,0,0,0,0
zc,TA305,2012-06-12 09:04:53.563,7158.0000,1142,0,0.0000,0.0000,0,0,多换,B,7172.0000,0.0000,0.0000,0.0000,0.0000,7180.0000,0.0000,0.0000,0.0000,0.0000,1,0,0,0,0,1,0,0,0,0
zc,TA305,2012-06-12 09:04:54.593,7158.0000,1142,0,0.0000,0.0000,0,0,多换,B,7170.0000,0.0000,0.0000,0.0000,0.0000,7178.0000,0.0000,0.0000,0.0000,0.0000,1,0,0,0,0,1,0,0,0,0
zc,TA305,2012-06-12 09:04:55.047,7158.0000,1142,0,0.0000,0.0000,0,0,多换,B,7170.0000,0.0000,0.0000,0.0000,0.0000,7180.0000,0.0000,0.0000,0.0000,0.0000,1,0,0,0,0,1,0,0,0,0
zc,TA305,2012-06-12 09:04:56.047,7158.0000,1142,0,0.0000,0.0000,0,0,多换,B,7170.0000,0.0000,0.0000,0.0000,0.0000,7178.0000,0.0000,0.0000,0.0000,0.0000,1,0,0,0,0,1,0,0,0,0
zc,TA305,2012-06-12 09:04:56.873,7158.0000,1142,0,0.0000,0.0000,0,0,多换,B,7170.0000,0.0000,0.0000,0.0000,0.0000,7180.0000,0.0000,0.0000,0.0000,0.0000,1,0,0,0,0,1,0,0,0,0
zc,TA305,2012-06-12 09:04:58.610,7158.0000,1142,0,0.0000,0.0000,0,0,多换,B,7172.0000,0.0000,0.0000,0.0000,0.0000,7180.0000,0.0000,0.0000,0.0000,0.0000,1,0,0,0,0,1,0,0,0,0
zc,TA305,2012-06-12 09:04:59.093,7158.0000,1142,0,0.0000,0.0000,0,0,多换,B,7170.0000,0.0000,0.0000,0.0000,0.0000,7180.0000,0.0000,0.0000,0.0000,0.0000,1,0,0,0,0,1,0,0,0,0
zc,TA305,2012-06-12 09:05:00.093,7158.0000,1142,0,0.0000,0.0000,0,0,多换,B,7170.0000,0.0000,0.0000,0.0000,0.0000,7178.0000,0.0000,0.0000,0.0000,0.0000,1,0,0,0,0,1,0,0,0,0
zc,TA305,2012-06-12 09:05:14.093,7158.0000,1142,0,0.0000,0.0000,0,0,多换,B,7168.0000,0.0000,0.0000,0.0000,0.0000,7176.0000,0.0000,0.0000,0.0000,0.0000,1,0,0,0,0,1,0,0,0,0
zc,TA305,2012-06-12 09:05:15.827,7158.0000,1142,0,0.0000,0.0000,0,0,多换,B,7166.0000,0.0000,0.0000,0.0000,0.0000,7176.0000,0.0000,0.0000,0.0000,0.0000,1,0,0,0,0,1,0,0,0,0
zc,TA305,2012-06-12 09:05:22.843,7158.0000,1142,0,0.0000,0.0000,0,0,多换,B,7168.0000,0.0000,0.0000,0.0000,0.0000,7176.0000,0.0000,0.0000,0.0000,0.0000,1,0,0,0,0,1,0,0,0,0
zc,TA305,2012-06-12 09:05:24.547,7158.0000,1142,0,0.0000,0.0000,0,0,多换,B,7170.0000,0.0000,0.0000,0.0000,0.0000,7176.0000,0.0000,0.0000,0.0000,0.0000,1,0,0,0,0,1,0,0,0,0
zc,TA305,2012-06-12 09:05:28.873,7158.0000,1142,0,0.0000,0.0000,0,0,多换,B,7170.0000,0.0000,0.0000,0.0000,0.0000,7174.0000,0.0000,0.0000,0.0000,0.0000,1,0,0,0,0,1,0,0,0,0
zc,TA305,2012-06-12 09:05:37.343,7158.0000,1142,0,0.0000,0.0000,0,0,多换,B,7170.0000,0.0000,0.0000,0.0000,0.0000,7176.0000,0.0000,0.0000,0.0000,0.0000,1,0,0,0,0,1,0,0,0,0
zc,TA305,2012-06-12 09:05:37.827,7158.0000,1142,0,0.0000,0.0000,0,0,多换,B,7170.0000,0.0000,0.0000,0.0000,0.0000,7178.0000,0.0000,0.0000,0.0000,0.0000,1,0,0,0,0,1,0,0,0,0
zc,TA305,2012-06-12 09:05:42.110,7158.0000,1142,0,0.0000,0.0000,0,0,多换,B,7170.0000,0.0000,0.0000,0.0000,0.0000,7174.0000,0.0000,0.0000,0.0000,0.0000,1,0,0,0,0,1,0,0,0,0
zc,TA305,2012-06-12 09:05:52.813,7158.0000,1142,0,0.0000,0.0000,0,0,多换,B,7170.0000,0.0000,0.0000,0.0000,0.0000,7172.0000,0.0000,0.0000,0.0000,0.0000,1,0,0,0,0,1,0,0,0,0
zc,TA305,2012-06-12 09:05:54.623,7158.0000,1142,0,0.0000,0.0000,0,0,多换,B,7170.0000,0.0000,0.0000,0.0000,0.0000,7174.0000,0.0000,0.0000,0.0000,0.0000,1,0,0,0,0,1,0,0,0,0
zc,TA305,2012-06-12 09:05:57.797,7158.0000,1142,0,0.0000,0.0000,0,0,多换,B,7170.0000,0.0000,0.0000,0.0000,0.0000,7172.0000,0.0000,0.0000,0.0000,0.0000,1,0,0,0,0,1,0,0,0,0
zc,TA305,2012-06-12 09:05:59.530,7170.0000,1144,2,0.0000,2.0000,2,0,双开,B,7164.0000,0.0000,0.0000,0.0000,0.0000,7172.0000,0.0000,0.0000,0.0000,0.0000,1,0,0,0,0,1,0,0,0,0
zc,TA305,2012-06-12 09:06:03.123,7170.0000,1144,0,0.0000,0.0000,0,0,多换,B,7164.0000,0.0000,0.0000,0.0000,0.0000,7174.0000,0.0000,0.0000,0.0000,0.0000,1,0,0,0,0,1,0,0,0,0
zc,TA305,2012-06-12 09:06:06.827,7170.0000,1144,0,0.0000,0.0000,0,0,多换,B,7164.0000,0.0000,0.0000,0.0000,0.0000,7174.0000,0.0000,0.0000,0.0000,0.0000,2,0,0,0,0,1,0,0,0,0
zc,TA305,2012-06-12 09:06:07.827,7170.0000,1144,0,0.0000,0.0000,0,0,多换,B,7164.0000,0.0000,0.0000,0.0000,0.0000,7172.0000,0.0000,0.0000,0.0000,0.0000,2,0,0,0,0,1,0,0,0,0
zc,TA305,2012-06-12 09:06:09.360,7170.0000,1144,0,0.0000,0.0000,0,0,多换,B,7164.0000,0.0000,0.0000,0.0000,0.0000,7170.0000,0.0000,0.0000,0.0000,0.0000,1,0,0,0,0,1,0,0,0,0
zc,TA305,2012-06-12 09:06:19.267,7170.0000,1144,0,0.0000,0.0000,0,0,多换,B,7164.0000,0.0000,0.0000,0.0000,0.0000,7170.0000,0.0000,0.0000,0.0000,0.0000,1,0,0,0,0,1,0,0,0,0
zc,TA305,2012-06-12 09:06:20.327,7170.0000,1144,0,0.0000,0.0000,0,0,多换,B,7164.0000,0.0000,0.0000,0.0000,0.0000,7172.0000,0.0000,0.0000,0.0000,0.0000,2,0,0,0,0,1,0,0,0,0
zc,TA305,2012-06-12 09:06:21.093,7170.0000,1144,0,0.0000,0.0000,0,0,多换,B,7164.0000,0.0000,0.0000,0.0000,0.0000,7172.0000,0.0000,0.0000,0.0000,0.0000,1,0,0,0,0,1,0,0,0,0
zc,TA305,2012-06-12 09:06:22.327,7170.0000,1144,0,0.0000,0.0000,0,0,多换,B,7164.0000,0.0000,0.0000,0.0000,0.0000,7174.0000,0.0000,0.0000,0.0000,0.0000,2,0,0,0,0,1,0,0,0,0
zc,TA305,2012-06-12 09:06:24.047,7170.0000,1144,0,0.0000,0.0000,0,0,多换,B,7166.0000,0.0000,0.0000,0.0000,0.0000,7174.0000,0.0000,0.0000,0.0000,0.0000,1,0,0,0,0,1,0,0,0,0
zc,TA305,2012-06-12 09:06:24.547,7170.0000,1144,0,0.0000,0.0000,0,0,多换,B,7164.0000,0.0000,0.0000,0.0000,0.0000,7174.0000,0.0000,0.0000,0.0000,0.0000,2,0,0,0,0,1,0,0,0,0
zc,TA305,2012-06-12 09:06:25.563,7170.0000,1144,0,0.0000,0.0000,0,0,多换,B,7164.0000,0.0000,0.0000,0.0000,0.0000,7172.0000,0.0000,0.0000,0.0000,0.0000,2,0,0,0,0,1,0,0,0,0
zc,TA305,2012-06-12 09:06:32.593,7170.0000,1144,0,0.0000,0.0000,0,0,多换,B,7166.0000,0.0000,0.0000,0.0000,0.0000,7174.0000,0.0000,0.0000,0.0000,0.0000,1,0,0,0,0,1,0,0,0,0
zc,TA305,2012-06-12 09:06:33.360,7170.0000,1144,0,0.0000,0.0000,0,0,多换,B,7164.0000,0.0000,0.0000,0.0000,0.0000,7172.0000,0.0000,0.0000,0.0000,0.0000,2,0,0,0,0,1,0,0,0,0
zc,TA305,2012-06-12 09:06:34.563,7172.0000,1146,2,0.0000,2.0000,2,0,双开,B,7172.0000,0.0000,0.0000,0.0000,0.0000,7174.0000,0.0000,0.0000,0.0000,0.0000,9,0,0,0,0,1,0,0,0,0
zc,TA305,2012-06-12 09:06:35.093,7172.0000,1160,14,0.0000,14.0000,14,0,双开,B,7172.0000,0.0000,0.0000,0.0000,0.0000,7174.0000,0.0000,0.0000,0.0000,0.0000,2,0,0,0,0,1,0,0,0,0
zc,TA305,2012-06-12 09:06:35.577,7172.0000,1164,4,0.0000,4.0000,4,0,双开,B,7172.0000,0.0000,0.0000,0.0000,0.0000,7174.0000,0.0000,0.0000,0.0000,0.0000,1,0,0,0,0,1,0,0,0,0
zc,TA305,2012-06-12 09:06:39.843,7172.0000,1164,0,0.0000,0.0000,0,0,多换,B,7172.0000,0.0000,0.0000,0.0000,0.0000,7176.0000,0.0000,0.0000,0.0000,0.0000,1,0,0,0,0,1,0,0,0,0
zc,TA305,2012-06-12 09:06:48.267,7172.0000,1164,0,0.0000,0.0000,0,0,多换,B,7166.0000,0.0000,0.0000,0.0000,0.0000,7174.0000,0.0000,0.0000,0.0000,0.0000,1,0,0,0,0,1,0,0,0,0
zc,TA305,2012-06-12 09:07:03.657,7172.0000,1164,0,0.0000,0.0000,0,0,多换,B,7168.0000,0.0000,0.0000,0.0000,0.0000,7174.0000,0.0000,0.0000,0.0000,0.0000,1,0,0,0,0,1,0,0,0,0
zc,TA305,2012-06-12 09:07:07.563,7172.0000,1164,0,0.0000,0.0000,0,0,多换,B,7168.0000,0.0000,0.0000,0.0000,0.0000,7170.0000,0.0000,0.0000,0.0000,0.0000,1,0,0,0,0,6,0,0,0,0
zc,TA305,2012-06-12 09:07:09.593,7172.0000,1164,0,0.0000,0.0000,0,0,多换,B,7166.0000,0.0000,0.0000,0.0000,0.0000,7170.0000,0.0000,0.0000,0.0000,0.0000,1,0,0,0,0,6,0,0,0,0
zc,TA305,2012-06-12 09:07:10.610,7172.0000,1166,2,0.0000,2.0000,2,0,双开,B,7166.0000,0.0000,0.0000,0.0000,0.0000,7170.0000,0.0000,0.0000,0.0000,0.0000,1,0,0,0,0,5,0,0,0,0
zc,TA305,2012-06-12 09:07:15.360,7172.0000,1166,0,0.0000,0.0000,0,0,多换,B,7168.0000,0.0000,0.0000,0.0000,0.0000,7170.0000,0.0000,0.0000,0.0000,0.0000,1,0,0,0,0,5,0,0,0,0
zc,TA305,2012-06-12 09:07:18.327,7170.0000,1166,0,0.0000,2.0000,1,1,空换,S,7166.0000,0.0000,0.0000,0.0000,0.0000,7170.0000,0.0000,0.0000,0.0000,0.0000,1,0,0,0,0,4,0,0,0,0
zc,TA305,2012-06-12 09:07:19.267,7170.0000,1166,0,0.0000,0.0000,0,0,空换,S,7166.0000,0.0000,0.0000,0.0000,0.0000,7170.0000,0.0000,0.0000,0.0000,0.0000,1,0,0,0,0,4,0,0,0,0
zc,TA305,2012-06-12 09:07:24.827,7170.0000,1166,0,0.0000,0.0000,0,0,空换,S,7168.0000,0.0000,0.0000,0.0000,0.0000,7170.0000,0.0000,0.0000,0.0000,0.0000,1,0,0,0,0,4,0,0,0,0
zc,TA305,2012-06-12 09:07:25.780,7170.0000,1166,0,0.0000,4.0000,2,2,空换,S,7166.0000,0.0000,0.0000,0.0000,0.0000,7170.0000,0.0000,0.0000,0.0000,0.0000,1,0,0,0,0,2,0,0,0,0
zc,TA305,2012-06-12 09:07:28.610,7170.0000,1166,0,0.0000,0.0000,0,0,空换,S,7168.0000,0.0000,0.0000,0.0000,0.0000,7170.0000,0.0000,0.0000,0.0000,0.0000,1,0,0,0,0,2,0,0,0,0
zc,TA305,2012-06-12 09:07:29.797,7170.0000,1166,0,0.0000,4.0000,2,2,空换,S,7170.0000,0.0000,0.0000,0.0000,0.0000,7174.0000,0.0000,0.0000,0.0000,0.0000,4,0,0,0,0,1,0,0,0,0
zc,TA305,2012-06-12 09:07:30.577,7170.0000,1166,0,0.0000,0.0000,0,0,空换,S,7170.0000,0.0000,0.0000,0.0000,0.0000,7174.0000,0.0000,0.0000,0.0000,0.0000,5,0,0,0,0,1,0,0,0,0
zc,TA305,2012-06-12 09:07:35.140,7170.0000,1166,0,0.0000,0.0000,0,0,空换,S,7172.0000,0.0000,0.0000,0.0000,0.0000,7174.0000,0.0000,0.0000,0.0000,0.0000,1,0,0,0,0,1,0,0,0,0
zc,TA305,2012-06-12 09:07:46.123,7174.0000,1166,0,0.0000,2.0000,1,1,多换,B,7166.0000,0.0000,0.0000,0.0000,0.0000,7180.0000,0.0000,0.0000,0.0000,0.0000,1,0,0,0,0,1,0,0,0,0
zc,TA305,2012-06-12 09:07:46.860,7174.0000,1166,0,0.0000,0.0000,0,0,多换,B,7166.0000,0.0000,0.0000,0.0000,0.0000,7178.0000,0.0000,0.0000,0.0000,0.0000,1,0,0,0,0,1,0,0,0,0
zc,TA305,2012-06-12 09:07:47.343,7174.0000,1166,0,0.0000,0.0000,0,0,多换,B,7166.0000,0.0000,0.0000,0.0000,0.0000,7176.0000,0.0000,0.0000,0.0000,0.0000,1,0,0,0,0,1,0,0,0,0
zc,TA305,2012-06-12 09:07:53.843,7174.0000,1166,0,0.0000,0.0000,0,0,多换,B,7168.0000,0.0000,0.0000,0.0000,0.0000,7178.0000,0.0000,0.0000,0.0000,0.0000,1,0,0,0,0,1,0,0,0,0
zc,TA305,2012-06-12 09:07:55.577,7174.0000,1166,0,0.0000,0.0000,0,0,多换,B,7166.0000,0.0000,0.0000,0.0000,0.0000,7176.0000,0.0000,0.0000,0.0000,0.0000,1,0,0,0,0,1,0,0,0,0
zc,TA305,2012-06-12 09:07:58.407,7174.0000,1166,0,0.0000,0.0000,0,0,多换,B,7168.0000,0.0000,0.0000,0.0000,0.0000,7178.0000,0.0000,0.0000,0.0000,0.0000,1,0,0,0,0,1,0,0,0,0
zc,TA305,2012-06-12 09:08:00.123,7174.0000,1166,0,0.0000,0.0000,0,0,多换,B,7170.0000,0.0000,0.0000,0.0000,0.0000,7180.0000,0.0000,0.0000,0.0000,0.0000,1,0,0,0,0,1,0,0,0,0
zc,TA305,2012-06-12 09:08:00.827,7174.0000,1166,0,0.0000,0.0000,0,0,多换,B,7170.0000,0.0000,0.0000,0.0000,0.0000,7182.0000,0.0000,0.0000,0.0000,0.0000,1,0,0,0,0,2,0,0,0,0
zc,TA305,2012-06-12 09:08:07.827,7174.0000,1166,0,0.0000,0.0000,0,0,多换,B,7170.0000,0.0000,0.0000,0.0000,0.0000,7180.0000,0.0000,0.0000,0.0000,0.0000,1,0,0,0,0,1,0,0,0,0
zc,TA305,2012-06-12 09:08:08.343,7174.0000,1166,0,0.0000,0.0000,0,0,多换,B,7172.0000,0.0000,0.0000,0.0000,0.0000,7182.0000,0.0000,0.0000,0.0000,0.0000,1,0,0,0,0,2,0,0,0,0
zc,TA305,2012-06-12 09:08:11.373,7174.0000,1166,0,0.0000,0.0000,0,0,多换,B,7170.0000,0.0000,0.0000,0.0000,0.0000,7182.0000,0.0000,0.0000,0.0000,0.0000,1,0,0,0,0,2,0,0,0,0
zc,TA305,2012-06-12 09:08:11.797,7174.0000,1166,0,0.0000,0.0000,0,0,多换,B,7170.0000,0.0000,0.0000,0.0000,0.0000,7180.0000,0.0000,0.0000,0.0000,0.0000,1,0,0,0,0,1,0,0,0,0
zc,TA305,2012-06-12 09:08:12.577,7174.0000,1166,0,0.0000,0.0000,0,0,多换,B,7168.0000,0.0000,0.0000,0.0000,0.0000,7178.0000,0.0000,0.0000,0.0000,0.0000,1,0,0,0,0,1,0,0,0,0
zc,TA305,2012-06-12 09:08:14.373,7174.0000,1166,0,0.0000,0.0000,0,0,多换,B,7168.0000,0.0000,0.0000,0.0000,0.0000,7180.0000,0.0000,0.0000,0.0000,0.0000,1,0,0,0,0,1,0,0,0,0
zc,TA305,2012-06-12 09:08:15.827,7174.0000,1166,0,0.0000,0.0000,0,0,多换,B,7168.0000,0.0000,0.0000,0.0000,0.0000,7180.0000,0.0000,0.0000,0.0000,0.0000,2,0,0,0,0,1,0,0,0,0
zc,TA305,2012-06-12 09:08:16.577,7174.0000,1166,0,0.0000,0.0000,0,0,多换,B,7168.0000,0.0000,0.0000,0.0000,0.0000,7180.0000,0.0000,0.0000,0.0000,0.0000,1,0,0,0,0,1,0,0,0,0
zc,TA305,2012-06-12 09:08:17.063,7174.0000,1166,0,0.0000,0.0000,0,0,多换,B,7170.0000,0.0000,0.0000,0.0000,0.0000,7180.0000,0.0000,0.0000,0.0000,0.0000,1,0,0,0,0,1,0,0,0,0
zc,TA305,2012-06-12 09:08:33.827,7174.0000,1166,0,0.0000,0.0000,0,0,多换,B,7168.0000,0.0000,0.0000,0.0000,0.0000,7178.0000,0.0000,0.0000,0.0000,0.0000,1,0,0,0,0,1,0,0,0,0
zc,TA305,2012-06-12 09:08:37.890,7174.0000,1166,0,0.0000,0.0000,0,0,多换,B,7168.0000,0.0000,0.0000,0.0000,0.0000,7178.0000,0.0000,0.0000,0.0000,0.0000,2,0,0,0,0,1,0,0,0,0
zc,TA305,2012-06-12 09:08:40.313,7174.0000,1166,0,0.0000,0.0000,0,0,多换,B,7170.0000,0.0000,0.0000,0.0000,0.0000,7180.0000,0.0000,0.0000,0.0000,0.0000,1,0,0,0,0,1,0,0,0,0
zc,TA305,2012-06-12 09:08:41.610,7174.0000,1166,0,0.0000,0.0000,0,0,多换,B,7168.0000,0.0000,0.0000,0.0000,0.0000,7178.0000,0.0000,0.0000,0.0000,0.0000,2,0,0,0,0,1,0,0,0,0
zc,TA305,2012-06-12 09:08:41.827,7174.0000,1166,0,0.0000,0.0000,0,0,多换,B,7170.0000,0.0000,0.0000,0.0000,0.0000,7180.0000,0.0000,0.0000,0.0000,0.0000,1,0,0,0,0,1,0,0,0,0
zc,TA305,2012-06-12 09:08:45.623,7174.0000,1166,0,0.0000,0.0000,0,0,多换,B,7168.0000,0.0000,0.0000,0.0000,0.0000,7178.0000,0.0000,0.0000,0.0000,0.0000,2,0,0,0,0,1,0,0,0,0
zc,TA305,2012-06-12 09:08:47.827,7174.0000,1166,0,0.0000,0.0000,0,0,多换,B,7168.0000,0.0000,0.0000,0.0000,0.0000,7178.0000,0.0000,0.0000,0.0000,0.0000,1,0,0,0,0,1,0,0,0,0
zc,TA305,2012-06-12 09:08:50.547,7174.0000,1166,0,0.0000,0.0000,0,0,多换,B,7170.0000,0.0000,0.0000,0.0000,0.0000,7178.0000,0.0000,0.0000,0.0000,0.0000,1,0,0,0,0,1,0,0,0,0
zc,TA305,2012-06-12 09:08:57.530,7174.0000,1166,0,0.0000,0.0000,0,0,多换,B,7170.0000,0.0000,0.0000,0.0000,0.0000,7180.0000,0.0000,0.0000,0.0000,0.0000,1,0,0,0,0,1,0,0,0,0
zc,TA305,2012-06-12 09:08:57.780,7174.0000,1166,0,0.0000,0.0000,0,0,多换,B,7170.0000,0.0000,0.0000,0.0000,0.0000,7178.0000,0.0000,0.0000,0.0000,0.0000,1,0,0,0,0,1,0,0,0,0
zc,TA305,2012-06-12 09:09:03.767,7174.0000,1166,0,0.0000,0.0000,0,0,多换,B,7168.0000,0.0000,0.0000,0.0000,0.0000,7178.0000,0.0000,0.0000,0.0000,0.0000,1,0,0,0,0,1,0,0,0,0
zc,TA305,2012-06-12 09:09:07.843,7174.0000,1166,0,0.0000,0.0000,0,0,多换,B,7168.0000,0.0000,0.0000,0.0000,0.0000,7178.0000,0.0000,0.0000,0.0000,0.0000,2,0,0,0,0,1,0,0,0,0
zc,TA305,2012-06-12 09:09:08.077,7174.0000,1166,0,0.0000,0.0000,0,0,多换,B,7170.0000,0.0000,0.0000,0.0000,0.0000,7180.0000,0.0000,0.0000,0.0000,0.0000,1,0,0,0,0,1,0,0,0,0
zc,TA305,2012-06-12 09:09:09.577,7174.0000,1166,0,0.0000,0.0000,0,0,多换,B,7168.0000,0.0000,0.0000,0.0000,0.0000,7178.0000,0.0000,0.0000,0.0000,0.0000,2,0,0,0,0,1,0,0,0,0
zc,TA305,2012-06-12 09:09:10.110,7174.0000,1166,0,0.0000,0.0000,0,0,多换,B,7168.0000,0.0000,0.0000,0.0000,0.0000,7180.0000,0.0000,0.0000,0.0000,0.0000,2,0,0,0,0,1,0,0,0,0
zc,TA305,2012-06-12 09:09:12.313,7174.0000,1166,0,0.0000,0.0000,0,0,多换,B,7170.0000,0.0000,0.0000,0.0000,0.0000,7180.0000,0.0000,0.0000,0.0000,0.0000,1,0,0,0,0,1,0,0,0,0
zc,TA305,2012-06-12 09:09:13.343,7174.0000,1166,0,0.0000,0.0000,0,0,多换,B,7168.0000,0.0000,0.0000,0.0000,0.0000,7180.0000,0.0000,0.0000,0.0000,0.0000,1,0,0,0,0,1,0,0,0,0
zc,TA305,2012-06-12 09:09:15.093,7174.0000,1166,0,0.0000,0.0000,0,0,多换,B,7168.0000,0.0000,0.0000,0.0000,0.0000,7180.0000,0.0000,0.0000,0.0000,0.0000,2,0,0,0,0,1,0,0,0,0
zc,TA305,2012-06-12 09:09:15.843,7174.0000,1166,0,0.0000,0.0000,0,0,多换,B,7170.0000,0.0000,0.0000,0.0000,0.0000,7180.0000,0.0000,0.0000,0.0000,0.0000,1,0,0,0,0,1,0,0,0,0
zc,TA305,2012-06-12 09:09:16.327,7174.0000,1166,0,0.0000,0.0000,0,0,多换,B,7168.0000,0.0000,0.0000,0.0000,0.0000,7178.0000,0.0000,0.0000,0.0000,0.0000,2,0,0,0,0,1,0,0,0,0
zc,TA305,2012-06-12 09:09:17.093,7174.0000,1166,0,0.0000,0.0000,0,0,多换,B,7168.0000,0.0000,0.0000,0.0000,0.0000,7180.0000,0.0000,0.0000,0.0000,0.0000,2,0,0,0,0,1,0,0,0,0
zc,TA305,2012-06-12 09:09:18.360,7174.0000,1166,0,0.0000,0.0000,0,0,多换,B,7168.0000,0.0000,0.0000,0.0000,0.0000,7178.0000,0.0000,0.0000,0.0000,0.0000,2,0,0,0,0,1,0,0,0,0
zc,TA305,2012-06-12 09:09:18.843,7174.0000,1166,0,0.0000,0.0000,0,0,多换,B,7170.0000,0.0000,0.0000,0.0000,0.0000,7180.0000,0.0000,0.0000,0.0000,0.0000,1,0,0,0,0,1,0,0,0,0
zc,TA305,2012-06-12 09:09:21.827,7174.0000,1166,0,0.0000,0.0000,0,0,多换,B,7168.0000,0.0000,0.0000,0.0000,0.0000,7178.0000,0.0000,0.0000,0.0000,0.0000,2,0,0,0,0,1,0,0,0,0
zc,TA305,2012-06-12 09:09:25.360,7174.0000,1166,0,0.0000,0.0000,0,0,多换,B,7170.0000,0.0000,0.0000,0.0000,0.0000,7180.0000,0.0000,0.0000,0.0000,0.0000,2,0,0,0,0,1,0,0,0,0
zc,TA305,2012-06-12 09:09:34.813,7174.0000,1166,0,0.0000,0.0000,0,0,多换,B,7172.0000,0.0000,0.0000,0.0000,0.0000,7182.0000,0.0000,0.0000,0.0000,0.0000,1,0,0,0,0,4,0,0,0,0
zc,TA305,2012-06-12 09:09:41.063,7174.0000,1166,0,0.0000,0.0000,0,0,多换,B,7170.0000,0.0000,0.0000,0.0000,0.0000,7180.0000,0.0000,0.0000,0.0000,0.0000,1,0,0,0,0,1,0,0,0,0
zc,TA305,2012-06-12 09:09:41.843,7174.0000,1166,0,0.0000,0.0000,0,0,多换,B,7170.0000,0.0000,0.0000,0.0000,0.0000,7180.0000,0.0000,0.0000,0.0000,0.0000,2,0,0,0,0,1,0,0,0,0
zc,TA305,2012-06-12 09:09:42.327,7174.0000,1166,0,0.0000,0.0000,0,0,多换,B,7170.0000,0.0000,0.0000,0.0000,0.0000,7180.0000,0.0000,0.0000,0.0000,0.0000,1,0,0,0,0,1,0,0,0,0
zc,TA305,2012-06-12 09:09:42.827,7174.0000,1166,0,0.0000,0.0000,0,0,多换,B,7170.0000,0.0000,0.0000,0.0000,0.0000,7180.0000,0.0000,0.0000,0.0000,0.0000,2,0,0,0,0,1,0,0,0,0
zc,TA305,2012-06-12 09:09:43.593,7174.0000,1166,0,0.0000,0.0000,0,0,多换,B,7172.0000,0.0000,0.0000,0.0000,0.0000,7182.0000,0.0000,0.0000,0.0000,0.0000,1,0,0,0,0,4,0,0,0,0
zc,TA305,2012-06-12 09:09:45.077,7174.0000,1166,0,0.0000,0.0000,0,0,多换,B,7172.0000,0.0000,0.0000,0.0000,0.0000,7182.0000,0.0000,0.0000,0.0000,0.0000,2,0,0,0,0,4,0,0,0,0
zc,TA305,2012-06-12 09:09:45.860,7174.0000,1166,0,0.0000,0.0000,0,0,多换,B,7172.0000,0.0000,0.0000,0.0000,0.0000,7182.0000,0.0000,0.0000,0.0000,0.0000,1,0,0,0,0,4,0,0,0,0
zc,TA305,2012-06-12 09:09:50.780,7182.0000,1168,2,0.0000,2.0000,2,0,双开,B,7172.0000,0.0000,0.0000,0.0000,0.0000,7182.0000,0.0000,0.0000,0.0000,0.0000,1,0,0,0,0,3,0,0,0,0
zc,TA305,2012-06-12 09:09:54.843,7182.0000,1168,0,0.0000,0.0000,0,0,多换,B,7172.0000,0.0000,0.0000,0.0000,0.0000,7182.0000,0.0000,0.0000,0.0000,0.0000,2,0,0,0,0,3,0,0,0,0
zc,TA305,2012-06-12 09:09:55.297,7182.0000,1168,0,0.0000,0.0000,0,0,多换,B,7172.0000,0.0000,0.0000,0.0000,0.0000,7182.0000,0.0000,0.0000,0.0000,0.0000,1,0,0,0,0,3,0,0,0,0
zc,TA305,2012-06-12 09:10:01.123,7182.0000,1168,0,0.0000,0.0000,0,0,多换,B,7172.0000,0.0000,0.0000,0.0000,0.0000,7182.0000,0.0000,0.0000,0.0000,0.0000,2,0,0,0,0,3,0,0,0,0
zc,TA305,2012-06-12 09:10:02.063,7182.0000,1168,0,0.0000,0.0000,0,0,多换,B,7174.0000,0.0000,0.0000,0.0000,0.0000,7182.0000,0.0000,0.0000,0.0000,0.0000,1,0,0,0,0,3,0,0,0,0
zc,TA305,2012-06-12 09:10:02.813,7182.0000,1168,0,0.0000,0.0000,0,0,多换,B,7176.0000,0.0000,0.0000,0.0000,0.0000,7182.0000,0.0000,0.0000,0.0000,0.0000,1,0,0,0,0,3,0,0,0,0
zc,TA305,2012-06-12 09:10:04.593,7182.0000,1168,0,0.0000,0.0000,0,0,多换,B,7174.0000,0.0000,0.0000,0.0000,0.0000,7182.0000,0.0000,0.0000,0.0000,0.0000,1,0,0,0,0,3,0,0,0,0
zc,TA305,2012-06-12 09:10:08.063,7182.0000,1168,0,0.0000,0.0000,0,0,多换,B,7172.0000,0.0000,0.0000,0.0000,0.0000,7182.0000,0.0000,0.0000,0.0000,0.0000,2,0,0,0,0,3,0,0,0,0
zc,TA305,2012-06-12 09:10:08.827,7182.0000,1168,0,0.0000,0.0000,0,0,多换,B,7174.0000,0.0000,0.0000,0.0000,0.0000,7182.0000,0.0000,0.0000,0.0000,0.0000,1,0,0,0,0,3,0,0,0,0
zc,TA305,2012-06-12 09:10:10.563,7182.0000,1168,0,0.0000,0.0000,0,0,多换,B,7172.0000,0.0000,0.0000,0.0000,0.0000,7182.0000,0.0000,0.0000,0.0000,0.0000,2,0,0,0,0,3,0,0,0,0
zc,TA305,2012-06-12 09:10:20.577,7182.0000,1168,0,0.0000,0.0000,0,0,多换,B,7172.0000,0.0000,0.0000,0.0000,0.0000,7182.0000,0.0000,0.0000,0.0000,0.0000,1,0,0,0,0,3,0,0,0,0
zc,TA305,2012-06-12 09:10:21.063,7182.0000,1168,0,0.0000,0.0000,0,0,多换,B,7172.0000,0.0000,0.0000,0.0000,0.0000,7182.0000,0.0000,0.0000,0.0000,0.0000,2,0,0,0,0,3,0,0,0,0
zc,TA305,2012-06-12 09:10:21.577,7182.0000,1168,0,0.0000,0.0000,0,0,多换,B,7172.0000,0.0000,0.0000,0.0000,0.0000,7182.0000,0.0000,0.0000,0.0000,0.0000,1,0,0,0,0,3,0,0,0,0
zc,TA305,2012-06-12 09:10:25.577,7182.0000,1168,0,0.0000,0.0000,0,0,多换,B,7172.0000,0.0000,0.0000,0.0000,0.0000,7182.0000,0.0000,0.0000,0.0000,0.0000,1,0,0,0,0,4,0,0,0,0
zc,TA305,2012-06-12 09:10:27.313,7182.0000,1168,0,0.0000,0.0000,0,0,多换,B,7170.0000,0.0000,0.0000,0.0000,0.0000,7182.0000,0.0000,0.0000,0.0000,0.0000,1,0,0,0,0,4,0,0,0,0
zc,TA305,2012-06-12 09:10:29.313,7182.0000,1180,12,0.0000,14.0000,13,1,多开,B,7182.0000,0.0000,0.0000,0.0000,0.0000,7184.0000,0.0000,0.0000,0.0000,0.0000,3,0,0,0,0,1,0,0,0,0
zc,TA305,2012-06-12 09:10:31.343,7182.0000,1186,6,0.0000,6.0000,6,0,双开,B,7170.0000,0.0000,0.0000,0.0000,0.0000,7182.0000,0.0000,0.0000,0.0000,0.0000,1,0,0,0,0,1,0,0,0,0
zc,TA305,2012-06-12 09:10:32.517,7182.0000,1186,0,0.0000,0.0000,0,0,多换,B,7172.0000,0.0000,0.0000,0.0000,0.0000,7182.0000,0.0000,0.0000,0.0000,0.0000,1,0,0,0,0,1,0,0,0,0
zc,TA305,2012-06-12 09:10:37.563,7182.0000,1186,0,0.0000,0.0000,0,0,多换,B,7170.0000,0.0000,0.0000,0.0000,0.0000,7182.0000,0.0000,0.0000,0.0000,0.0000,1,0,0,0,0,1,0,0,0,0
zc,TA305,2012-06-12 09:10:38.843,7182.0000,1186,0,0.0000,0.0000,0,0,多换,B,7172.0000,0.0000,0.0000,0.0000,0.0000,7182.0000,0.0000,0.0000,0.0000,0.0000,1,0,0,0,0,1,0,0,0,0
zc,TA305,2012-06-12 09:10:42.313,7182.0000,1186,0,0.0000,0.0000,0,0,多换,B,7172.0000,0.0000,0.0000,0.0000,0.0000,7184.0000,0.0000,0.0000,0.0000,0.0000,1,0,0,0,0,1,0,0,0,0
zc,TA305,2012-06-12 09:10:43.593,7182.0000,1186,0,0.0000,0.0000,0,0,多换,B,7174.0000,0.0000,0.0000,0.0000,0.0000,7184.0000,0.0000,0.0000,0.0000,0.0000,1,0,0,0,0,1,0,0,0,0
zc,TA305,2012-06-12 09:10:51.547,7182.0000,1186,0,0.0000,0.0000,0,0,多换,B,7176.0000,0.0000,0.0000,0.0000,0.0000,7186.0000,0.0000,0.0000,0.0000,0.0000,1,0,0,0,0,1,0,0,0,0
zc,TA305,2012-06-12 09:10:54.547,7182.0000,1186,0,0.0000,0.0000,0,0,多换,B,7174.0000,0.0000,0.0000,0.0000,0.0000,7184.0000,0.0000,0.0000,0.0000,0.0000,1,0,0,0,0,1,0,0,0,0
zc,TA305,2012-06-12 09:10:56.047,7182.0000,1186,0,0.0000,0.0000,0,0,多换,B,7176.0000,0.0000,0.0000,0.0000,0.0000,7186.0000,0.0000,0.0000,0.0000,0.0000,1,0,0,0,0,1,0,0,0,0
zc,TA305,2012-06-12 09:11:00.047,7182.0000,1186,0,0.0000,0.0000,0,0,多换,B,7174.0000,0.0000,0.0000,0.0000,0.0000,7184.0000,0.0000,0.0000,0.0000,0.0000,1,0,0,0,0,1,0,0,0,0
zc,TA305,2012-06-12 09:11:01.843,7182.0000,1186,0,0.0000,0.0000,0,0,多换,B,7174.0000,0.0000,0.0000,0.0000,0.0000,7186.0000,0.0000,0.0000,0.0000,0.0000,1,0,0,0,0,1,0,0,0,0
zc,TA305,2012-06-12 09:11:02.313,7182.0000,1186,0,0.0000,0.0000,0,0,多换,B,7176.0000,0.0000,0.0000,0.0000,0.0000,7186.0000,0.0000,0.0000,0.0000,0.0000,1,0,0,0,0,1,0,0,0,0
zc,TA305,2012-06-12 09:11:12.563,7182.0000,1186,0,0.0000,0.0000,0,0,多换,B,7174.0000,0.0000,0.0000,0.0000,0.0000,7184.0000,0.0000,0.0000,0.0000,0.0000,1,0,0,0,0,1,0,0,0,0
zc,TA305,2012-06-12 09:11:17.873,7182.0000,1186,0,0.0000,0.0000,0,0,多换,B,7170.0000,0.0000,0.0000,0.0000,0.0000,7180.0000,0.0000,0.0000,0.0000,0.0000,1,0,0,0,0,1,0,0,0,0
zc,TA305,2012-06-12 09:11:24.593,7182.0000,1186,0,0.0000,0.0000,0,0,多换,B,7168.0000,0.0000,0.0000,0.0000,0.0000,7178.0000,0.0000,0.0000,0.0000,0.0000,1,0,0,0,0,1,0,0,0,0
zc,TA305,2012-06-12 09:11:29.360,7182.0000,1186,0,0.0000,0.0000,0,0,多换,B,7166.0000,0.0000,0.0000,0.0000,0.0000,7180.0000,0.0000,0.0000,0.0000,0.0000,1,0,0,0,0,1,0,0,0,0
zc,TA305,2012-06-12 09:11:32.343,7182.0000,1186,0,0.0000,0.0000,0,0,多换,B,7170.0000,0.0000,0.0000,0.0000,0.0000,7180.0000,0.0000,0.0000,0.0000,0.0000,1,0,0,0,0,1,0,0,0,0
zc,TA305,2012-06-12 09:11:32.827,7182.0000,1186,0,0.0000,0.0000,0,0,多换,B,7168.0000,0.0000,0.0000,0.0000,0.0000,7178.0000,0.0000,0.0000,0.0000,0.0000,1,0,0,0,0,1,0,0,0,0
zc,TA305,2012-06-12 09:11:35.343,7182.0000,1186,0,0.0000,0.0000,0,0,多换,B,7166.0000,0.0000,0.0000,0.0000,0.0000,7178.0000,0.0000,0.0000,0.0000,0.0000,1,0,0,0,0,1,0,0,0,0
zc,TA305,2012-06-12 09:11:35.530,7182.0000,1186,0,0.0000,0.0000,0,0,多换,B,7166.0000,0.0000,0.0000,0.0000,0.0000,7178.0000,0.0000,0.0000,0.0000,0.0000,1,0,0,0,0,2,0,0,0,0
zc,TA305,2012-06-12 09:11:36.297,7182.0000,1186,0,0.0000,0.0000,0,0,多换,B,7166.0000,0.0000,0.0000,0.0000,0.0000,7176.0000,0.0000,0.0000,0.0000,0.0000,1,0,0,0,0,1,0,0,0,0
zc,TA305,2012-06-12 09:11:36.827,7182.0000,1186,0,0.0000,0.0000,0,0,多换,B,7166.0000,0.0000,0.0000,0.0000,0.0000,7178.0000,0.0000,0.0000,0.0000,0.0000,1,0,0,0,0,2,0,0,0,0
zc,TA305,2012-06-12 09:11:38.063,7182.0000,1186,0,0.0000,0.0000,0,0,多换,B,7166.0000,0.0000,0.0000,0.0000,0.0000,7176.0000,0.0000,0.0000,0.0000,0.0000,1,0,0,0,0,1,0,0,0,0
zc,TA305,2012-06-12 09:11:40.530,7182.0000,1186,0,0.0000,0.0000,0,0,多换,B,7166.0000,0.0000,0.0000,0.0000,0.0000,7178.0000,0.0000,0.0000,0.0000,0.0000,1,0,0,0,0,2,0,0,0,0
zc,TA305,2012-06-12 09:11:43.047,7182.0000,1186,0,0.0000,0.0000,0,0,多换,B,7168.0000,0.0000,0.0000,0.0000,0.0000,7178.0000,0.0000,0.0000,0.0000,0.0000,1,0,0,0,0,2,0,0,0,0
zc,TA305,2012-06-12 09:11:44.563,7182.0000,1186,0,0.0000,0.0000,0,0,多换,B,7170.0000,0.0000,0.0000,0.0000,0.0000,7178.0000,0.0000,0.0000,0.0000,0.0000,1,0,0,0,0,1,0,0,0,0
zc,TA305,2012-06-12 09:11:45.843,7182.0000,1186,0,0.0000,0.0000,0,0,多换,B,7168.0000,0.0000,0.0000,0.0000,0.0000,7176.0000,0.0000,0.0000,0.0000,0.0000,1,0,0,0,0,1,0,0,0,0
zc,TA305,2012-06-12 09:12:08.110,7182.0000,1186,0,0.0000,0.0000,0,0,多换,B,7166.0000,0.0000,0.0000,0.0000,0.0000,7176.0000,0.0000,0.0000,0.0000,0.0000,1,0,0,0,0,1,0,0,0,0
zc,TA305,2012-06-12 09:12:09.343,7182.0000,1186,0,0.0000,0.0000,0,0,多换,B,7166.0000,0.0000,0.0000,0.0000,0.0000,7176.0000,0.0000,0.0000,0.0000,0.0000,1,0,0,0,0,2,0,0,0,0
zc,TA305,2012-06-12 09:12:11.327,7182.0000,1186,0,0.0000,0.0000,0,0,多换,B,7168.0000,0.0000,0.0000,0.0000,0.0000,7176.0000,0.0000,0.0000,0.0000,0.0000,1,0,0,0,0,1,0,0,0,0
zc,TA305,2012-06-12 09:12:13.140,7182.0000,1186,0,0.0000,0.0000,0,0,多换,B,7166.0000,0.0000,0.0000,0.0000,0.0000,7176.0000,0.0000,0.0000,0.0000,0.0000,1,0,0,0,0,1,0,0,0,0
zc,TA305,2012-06-12 09:12:13.610,7182.0000,1186,0,0.0000,0.0000,0,0,多换,B,7166.0000,0.0000,0.0000,0.0000,0.0000,7176.0000,0.0000,0.0000,0.0000,0.0000,1,0,0,0,0,2,0,0,0,0
zc,TA305,2012-06-12 09:12:19.267,7182.0000,1186,0,0.0000,0.0000,0,0,多换,B,7166.0000,0.0000,0.0000,0.0000,0.0000,7176.0000,0.0000,0.0000,0.0000,0.0000,1,0,0,0,0,2,0,0,0,0
zc,TA305,2012-06-12 09:12:27.047,7182.0000,1186,0,0.0000,0.0000,0,0,多换,B,7166.0000,0.0000,0.0000,0.0000,0.0000,7176.0000,0.0000,0.0000,0.0000,0.0000,1,0,0,0,0,1,0,0,0,0
zc,TA305,2012-06-12 09:12:28.313,7182.0000,1186,0,0.0000,0.0000,0,0,多换,B,7168.0000,0.0000,0.0000,0.0000,0.0000,7176.0000,0.0000,0.0000,0.0000,0.0000,1,0,0,0,0,1,0,0,0,0
zc,TA305,2012-06-12 09:12:34.327,7182.0000,1186,0,0.0000,0.0000,0,0,多换,B,7170.0000,0.0000,0.0000,0.0000,0.0000,7176.0000,0.0000,0.0000,0.0000,0.0000,1,0,0,0,0,1,0,0,0,0
zc,TA305,2012-06-12 09:12:47.373,7182.0000,1186,0,0.0000,0.0000,0,0,多换,B,7172.0000,0.0000,0.0000,0.0000,0.0000,7176.0000,0.0000,0.0000,0.0000,0.0000,1,0,0,0,0,1,0,0,0,0
zc,TA305,2012-06-12 09:12:52.313,7182.0000,1186,0,0.0000,0.0000,0,0,多换,B,7172.0000,0.0000,0.0000,0.0000,0.0000,7182.0000,0.0000,0.0000,0.0000,0.0000,1,0,0,0,0,1,0,0,0,0
zc,TA305,2012-06-12 09:13:19.267,7182.0000,1186,0,0.0000,0.0000,0,0,多换,B,7172.0000,0.0000,0.0000,0.0000,0.0000,7182.0000,0.0000,0.0000,0.0000,0.0000,1,0,0,0,0,1,0,0,0,0
zc,TA305,2012-06-12 09:13:24.563,7182.0000,1186,0,0.0000,0.0000,0,0,多换,B,7174.0000,0.0000,0.0000,0.0000,0.0000,7184.0000,0.0000,0.0000,0.0000,0.0000,1,0,0,0,0,1,0,0,0,0
zc,TA305,2012-06-12 09:13:32.093,7182.0000,1186,0,0.0000,0.0000,0,0,多换,B,7176.0000,0.0000,0.0000,0.0000,0.0000,7186.0000,0.0000,0.0000,0.0000,0.0000,1,0,0,0,0,1,0,0,0,0
zc,TA305,2012-06-12 09:13:32.813,7182.0000,1186,0,0.0000,0.0000,0,0,多换,B,7174.0000,0.0000,0.0000,0.0000,0.0000,7186.0000,0.0000,0.0000,0.0000,0.0000,1,0,0,0,0,1,0,0,0,0
zc,TA305,2012-06-12 09:13:33.297,7182.0000,1186,0,0.0000,0.0000,0,0,多换,B,7174.0000,0.0000,0.0000,0.0000,0.0000,7184.0000,0.0000,0.0000,0.0000,0.0000,1,0,0,0,0,1,0,0,0,0
zc,TA305,2012-06-12 09:13:47.297,7182.0000,1186,0,0.0000,0.0000,0,0,多换,B,7174.0000,0.0000,0.0000,0.0000,0.0000,7186.0000,0.0000,0.0000,0.0000,0.0000,1,0,0,0,0,1,0,0,0,0
zc,TA305,2012-06-12 09:13:50.563,7182.0000,1186,0,0.0000,0.0000,0,0,多换,B,7176.0000,0.0000,0.0000,0.0000,0.0000,7186.0000,0.0000,0.0000,0.0000,0.0000,1,0,0,0,0,1,0,0,0,0
zc,TA305,2012-06-12 09:13:54.047,7182.0000,1186,0,0.0000,0.0000,0,0,多换,B,7174.0000,0.0000,0.0000,0.0000,0.0000,7184.0000,0.0000,0.0000,0.0000,0.0000,1,0,0,0,0,1,0,0,0,0
zc,TA305,2012-06-12 09:13:55.047,7182.0000,1186,0,0.0000,0.0000,0,0,多换,B,7174.0000,0.0000,0.0000,0.0000,0.0000,7186.0000,0.0000,0.0000,0.0000,0.0000,1,0,0,0,0,1,0,0,0,0
zc,TA305,2012-06-12 09:14:01.780,7182.0000,1186,0,0.0000,0.0000,0,0,多换,B,7172.0000,0.0000,0.0000,0.0000,0.0000,7182.0000,0.0000,0.0000,0.0000,0.0000,1,0,0,0,0,1,0,0,0,0
zc,TA305,2012-06-12 09:14:10.017,7182.0000,1186,0,0.0000,6.0000,3,3,多换,B,7172.0000,0.0000,0.0000,0.0000,0.0000,7182.0000,0.0000,0.0000,0.0000,0.0000,1,0,0,0,0,9,0,0,0,0
zc,TA305,2012-06-12 09:14:12.610,7182.0000,1186,0,0.0000,12.0000,6,6,多换,B,7172.0000,0.0000,0.0000,0.0000,0.0000,7182.0000,0.0000,0.0000,0.0000,0.0000,1,0,0,0,0,3,0,0,0,0
zc,TA305,2012-06-12 09:14:16.313,7182.0000,1186,0,0.0000,0.0000,0,0,多换,B,7174.0000,0.0000,0.0000,0.0000,0.0000,7184.0000,0.0000,0.0000,0.0000,0.0000,1,0,0,0,0,3,0,0,0,0
zc,TA305,2012-06-12 09:14:31.047,7182.0000,1186,0,0.0000,0.0000,0,0,多换,B,7170.0000,0.0000,0.0000,0.0000,0.0000,7182.0000,0.0000,0.0000,0.0000,0.0000,3,0,0,0,0,3,0,0,0,0
zc,TA305,2012-06-12 09:14:31.593,7182.0000,1186,0,0.0000,0.0000,0,0,多换,B,7170.0000,0.0000,0.0000,0.0000,0.0000,7180.0000,0.0000,0.0000,0.0000,0.0000,3,0,0,0,0,3,0,0,0,0
zc,TA305,2012-06-12 09:14:32.577,7182.0000,1188,2,0.0000,2.0000,2,0,双开,B,7170.0000,0.0000,0.0000,0.0000,0.0000,7180.0000,0.0000,0.0000,0.0000,0.0000,3,0,0,0,0,2,0,0,0,0
zc,TA305,2012-06-12 09:14:35.093,7182.0000,1188,0,0.0000,0.0000,0,0,多换,B,7170.0000,0.0000,0.0000,0.0000,0.0000,7182.0000,0.0000,0.0000,0.0000,0.0000,3,0,0,0,0,2,0,0,0,0
zc,TA305,2012-06-12 09:14:40.813,7182.0000,1188,0,0.0000,0.0000,0,0,多换,B,7170.0000,0.0000,0.0000,0.0000,0.0000,7180.0000,0.0000,0.0000,0.0000,0.0000,3,0,0,0,0,1,0,0,0,0
zc,TA305,2012-06-12 09:14:41.297,7182.0000,1188,0,0.0000,0.0000,0,0,多换,B,7170.0000,0.0000,0.0000,0.0000,0.0000,7182.0000,0.0000,0.0000,0.0000,0.0000,3,0,0,0,0,2,0,0,0,0
zc,TA305,2012-06-12 09:14:46.313,7182.0000,1188,0,0.0000,0.0000,0,0,多换,B,7170.0000,0.0000,0.0000,0.0000,0.0000,7180.0000,0.0000,0.0000,0.0000,0.0000,3,0,0,0,0,1,0,0,0,0
zc,TA305,2012-06-12 09:14:49.360,7182.0000,1188,0,0.0000,0.0000,0,0,多换,B,7172.0000,0.0000,0.0000,0.0000,0.0000,7182.0000,0.0000,0.0000,0.0000,0.0000,1,0,0,0,0,2,0,0,0,0
zc,TA305,2012-06-12 09:14:50.813,7182.0000,1188,0,0.0000,0.0000,0,0,多换,B,7170.0000,0.0000,0.0000,0.0000,0.0000,7182.0000,0.0000,0.0000,0.0000,0.0000,3,0,0,0,0,2,0,0,0,0
zc,TA305,2012-06-12 09:14:51.593,7182.0000,1188,0,0.0000,0.0000,0,0,多换,B,7172.0000,0.0000,0.0000,0.0000,0.0000,7182.0000,0.0000,0.0000,0.0000,0.0000,1,0,0,0,0,2,0,0,0,0
zc,TA305,2012-06-12 09:14:52.780,7182.0000,1188,0,0.0000,0.0000,0,0,多换,B,7170.0000,0.0000,0.0000,0.0000,0.0000,7180.0000,0.0000,0.0000,0.0000,0.0000,3,0,0,0,0,1,0,0,0,0
zc,TA305,2012-06-12 09:14:53.313,7182.0000,1188,0,0.0000,0.0000,0,0,多换,B,7170.0000,0.0000,0.0000,0.0000,0.0000,7182.0000,0.0000,0.0000,0.0000,0.0000,3,0,0,0,0,2,0,0,0,0
zc,TA305,2012-06-12 09:14:56.063,7182.0000,1188,0,0.0000,0.0000,0,0,多换,B,7170.0000,0.0000,0.0000,0.0000,0.0000,7180.0000,0.0000,0.0000,0.0000,0.0000,3,0,0,0,0,2,0,0,0,0
zc,TA305,2012-06-12 09:15:02.327,7182.0000,1188,0,0.0000,0.0000,0,0,多换,B,7170.0000,0.0000,0.0000,0.0000,0.0000,7180.0000,0.0000,0.0000,0.0000,0.0000,2,0,0,0,0,2,0,0,0,0
zc,TA305,2012-06-12 09:15:03.860,7182.0000,1188,0,0.0000,0.0000,0,0,多换,B,7170.0000,0.0000,0.0000,0.0000,0.0000,7176.0000,0.0000,0.0000,0.0000,0.0000,2,0,0,0,0,1,0,0,0,0
zc,TA305,2012-06-12 09:15:04.827,7182.0000,1188,0,0.0000,0.0000,0,0,多换,B,7170.0000,0.0000,0.0000,0.0000,0.0000,7176.0000,0.0000,0.0000,0.0000,0.0000,2,0,0,0,0,2,0,0,0,0
zc,TA305,2012-06-12 09:15:07.767,7182.0000,1188,0,0.0000,0.0000,0,0,多换,B,7170.0000,0.0000,0.0000,0.0000,0.0000,7178.0000,0.0000,0.0000,0.0000,0.0000,2,0,0,0,0,2,0,0,0,0
zc,TA305,2012-06-12 09:15:12.547,7180.0000,1190,2,0.0000,2.0000,2,0,双开,S,7170.0000,0.0000,0.0000,0.0000,0.0000,7178.0000,0.0000,0.0000,0.0000,0.0000,2,0,0,0,0,1,0,0,0,0
zc,TA305,2012-06-12 09:15:18.530,7180.0000,1190,0,0.0000,0.0000,0,0,空换,S,7170.0000,0.0000,0.0000,0.0000,0.0000,7180.0000,0.0000,0.0000,0.0000,0.0000,2,0,0,0,0,1,0,0,0,0
zc,TA305,2012-06-12 09:15:22.030,7180.0000,1190,0,0.0000,0.0000,0,0,空换,S,7170.0000,0.0000,0.0000,0.0000,0.0000,7178.0000,0.0000,0.0000,0.0000,0.0000,2,0,0,0,0,1,0,0,0,0
zc,TA305,2012-06-12 09:15:22.547,7180.0000,1190,0,0.0000,0.0000,0,0,空换,S,7170.0000,0.0000,0.0000,0.0000,0.0000,7180.0000,0.0000,0.0000,0.0000,0.0000,2,0,0,0,0,1,0,0,0,0
zc,TA305,2012-06-12 09:15:24.343,7180.0000,1190,0,0.0000,0.0000,0,0,空换,S,7170.0000,0.0000,0.0000,0.0000,0.0000,7180.0000,0.0000,0.0000,0.0000,0.0000,3,0,0,0,0,1,0,0,0,0
zc,TA305,2012-06-12 09:15:26.530,7180.0000,1190,0,0.0000,0.0000,0,0,空换,S,7170.0000,0.0000,0.0000,0.0000,0.0000,7178.0000,0.0000,0.0000,0.0000,0.0000,2,0,0,0,0,1,0,0,0,0
zc,TA305,2012-06-12 09:15:28.267,7180.0000,1190,0,0.0000,0.0000,0,0,空换,S,7170.0000,0.0000,0.0000,0.0000,0.0000,7178.0000,0.0000,0.0000,0.0000,0.0000,3,0,0,0,0,1,0,0,0,0
zc,TA305,2012-06-12 09:15:31.517,7180.0000,1192,2,0.0000,2.0000,2,0,双开,S,7170.0000,0.0000,0.0000,0.0000,0.0000,7178.0000,0.0000,0.0000,0.0000,0.0000,3,0,0,0,0,1,0,0,0,0
zc,TA305,2012-06-12 09:15:39.280,7180.0000,1192,0,0.0000,0.0000,0,0,空换,S,7170.0000,0.0000,0.0000,0.0000,0.0000,7176.0000,0.0000,0.0000,0.0000,0.0000,3,0,0,0,0,1,0,0,0,0
zc,TA305,2012-06-12 09:16:27.313,7180.0000,1192,0,0.0000,0.0000,0,0,空换,S,7170.0000,0.0000,0.0000,0.0000,0.0000,7178.0000,0.0000,0.0000,0.0000,0.0000,3,0,0,0,0,1,0,0,0,0
zc,TA305,2012-06-12 09:16:35.313,7180.0000,1192,0,0.0000,0.0000,0,0,空换,S,7170.0000,0.0000,0.0000,0.0000,0.0000,7180.0000,0.0000,0.0000,0.0000,0.0000,4,0,0,0,0,1,0,0,0,0
zc,TA305,2012-06-12 09:16:38.250,7180.0000,1194,2,0.0000,2.0000,2,0,双开,S,7170.0000,0.0000,0.0000,0.0000,0.0000,7182.0000,0.0000,0.0000,0.0000,0.0000,4,0,0,0,0,3,0,0,0,0
zc,TA305,2012-06-12 09:16:53.530,7180.0000,1194,0,0.0000,0.0000,0,0,空换,S,7170.0000,0.0000,0.0000,0.0000,0.0000,7182.0000,0.0000,0.0000,0.0000,0.0000,8,0,0,0,0,3,0,0,0,0
zc,TA305,2012-06-12 09:17:00.547,7180.0000,1194,0,0.0000,0.0000,0,0,空换,S,7170.0000,0.0000,0.0000,0.0000,0.0000,7182.0000,0.0000,0.0000,0.0000,0.0000,7,0,0,0,0,3,0,0,0,0
zc,TA305,2012-06-12 09:17:01.280,7180.0000,1194,0,0.0000,0.0000,0,0,空换,S,7170.0000,0.0000,0.0000,0.0000,0.0000,7180.0000,0.0000,0.0000,0.0000,0.0000,7,0,0,0,0,2,0,0,0,0
zc,TA305,2012-06-12 09:17:01.750,7180.0000,1194,0,0.0000,0.0000,0,0,空换,S,7170.0000,0.0000,0.0000,0.0000,0.0000,7180.0000,0.0000,0.0000,0.0000,0.0000,7,0,0,0,0,3,0,0,0,0
zc,TA305,2012-06-12 09:17:08.530,7180.0000,1194,0,0.0000,0.0000,0,0,空换,S,7170.0000,0.0000,0.0000,0.0000,0.0000,7182.0000,0.0000,0.0000,0.0000,0.0000,7,0,0,0,0,4,0,0,0,0
zc,TA305,2012-06-12 09:17:09.517,7180.0000,1194,0,0.0000,0.0000,0,0,空换,S,7170.0000,0.0000,0.0000,0.0000,0.0000,7182.0000,0.0000,0.0000,0.0000,0.0000,7,0,0,0,0,3,0,0,0,0
zc,TA305,2012-06-12 09:17:13.997,7180.0000,1194,0,0.0000,0.0000,0,0,空换,S,7170.0000,0.0000,0.0000,0.0000,0.0000,7178.0000,0.0000,0.0000,0.0000,0.0000,7,0,0,0,0,1,0,0,0,0
zc,TA305,2012-06-12 09:17:18.563,7180.0000,1194,0,0.0000,0.0000,0,0,空换,S,7170.0000,0.0000,0.0000,0.0000,0.0000,7178.0000,0.0000,0.0000,0.0000,0.0000,7,0,0,0,0,4,0,0,0,0
zc,TA305,2012-06-12 09:17:19.233,7180.0000,1194,0,0.0000,0.0000,0,0,空换,S,7170.0000,0.0000,0.0000,0.0000,0.0000,7178.0000,0.0000,0.0000,0.0000,0.0000,7,0,0,0,0,4,0,0,0,0
zc,TA305,2012-06-12 09:17:25.297,7178.0000,1194,0,0.0000,8.0000,4,4,空换,S,7170.0000,0.0000,0.0000,0.0000,0.0000,7178.0000,0.0000,0.0000,0.0000,0.0000,7,0,0,0,0,1,0,0,0,0
zc,TA305,2012-06-12 09:17:28.017,7178.0000,1194,0,0.0000,0.0000,0,0,空换,S,7170.0000,0.0000,0.0000,0.0000,0.0000,7176.0000,0.0000,0.0000,0.0000,0.0000,7,0,0,0,0,1,0,0,0,0
zc,TA305,2012-06-12 09:17:37.517,7178.0000,1196,2,0.0000,2.0000,2,0,双开,S,7170.0000,0.0000,0.0000,0.0000,0.0000,7178.0000,0.0000,0.0000,0.0000,0.0000,7,0,0,0,0,1,0,0,0,0
zc,TA305,2012-06-12 09:17:38.780,7178.0000,1196,0,0.0000,0.0000,0,0,空换,S,7170.0000,0.0000,0.0000,0.0000,0.0000,7180.0000,0.0000,0.0000,0.0000,0.0000,7,0,0,0,0,1,0,0,0,0
zc,TA305,2012-06-12 09:17:50.063,7178.0000,1196,0,0.0000,0.0000,0,0,空换,S,7170.0000,0.0000,0.0000,0.0000,0.0000,7178.0000,0.0000,0.0000,0.0000,0.0000,7,0,0,0,0,1,0,0,0,0
zc,TA305,2012-06-12 09:17:55.313,7178.0000,1196,0,0.0000,0.0000,0,0,空换,S,7170.0000,0.0000,0.0000,0.0000,0.0000,7176.0000,0.0000,0.0000,0.0000,0.0000,7,0,0,0,0,1,0,0,0,0
zc,TA305,2012-06-12 09:17:59.063,7178.0000,1196,0,0.0000,0.0000,0,0,空换,S,7170.0000,0.0000,0.0000,0.0000,0.0000,7178.0000,0.0000,0.0000,0.0000,0.0000,7,0,0,0,0,1,0,0,0,0
zc,TA305,2012-06-12 09:18:03.530,7178.0000,1196,0,0.0000,0.0000,0,0,空换,S,7170.0000,0.0000,0.0000,0.0000,0.0000,7176.0000,0.0000,0.0000,0.0000,0.0000,7,0,0,0,0,1,0,0,0,0
zc,TA305,2012-06-12 09:18:05.047,7178.0000,1196,0,0.0000,0.0000,0,0,空换,S,7170.0000,0.0000,0.0000,0.0000,0.0000,7178.0000,0.0000,0.0000,0.0000,0.0000,7,0,0,0,0,2,0,0,0,0
zc,TA305,2012-06-12 09:18:06.517,7178.0000,1196,0,0.0000,0.0000,0,0,空换,S,7170.0000,0.0000,0.0000,0.0000,0.0000,7178.0000,0.0000,0.0000,0.0000,0.0000,7,0,0,0,0,1,0,0,0,0
zc,TA305,2012-06-12 09:18:12.813,7178.0000,1198,2,0.0000,2.0000,2,0,双开,S,7170.0000,0.0000,0.0000,0.0000,0.0000,7178.0000,0.0000,0.0000,0.0000,0.0000,7,0,0,0,0,1,0,0,0,0
zc,TA305,2012-06-12 09:18:27.267,7178.0000,1198,0,0.0000,0.0000,0,0,空换,S,7170.0000,0.0000,0.0000,0.0000,0.0000,7176.0000,0.0000,0.0000,0.0000,0.0000,7,0,0,0,0,1,0,0,0,0
zc,TA305,2012-06-12 09:18:29.780,7178.0000,1198,0,0.0000,0.0000,0,0,空换,S,7170.0000,0.0000,0.0000,0.0000,0.0000,7178.0000,0.0000,0.0000,0.0000,0.0000,7,0,0,0,0,2,0,0,0,0
zc,TA305,2012-06-12 09:18:31.313,7178.0000,1198,0,0.0000,0.0000,0,0,空换,S,7170.0000,0.0000,0.0000,0.0000,0.0000,7176.0000,0.0000,0.0000,0.0000,0.0000,7,0,0,0,0,1,0,0,0,0
zc,TA305,2012-06-12 09:18:37.907,7178.0000,1198,0,0.0000,0.0000,0,0,空换,S,7170.0000,0.0000,0.0000,0.0000,0.0000,7178.0000,0.0000,0.0000,0.0000,0.0000,7,0,0,0,0,1,0,0,0,0
zc,TA305,2012-06-12 09:18:45.563,7178.0000,1198,0,0.0000,0.0000,0,0,空换,S,7170.0000,0.0000,0.0000,0.0000,0.0000,7176.0000,0.0000,0.0000,0.0000,0.0000,7,0,0,0,0,1,0,0,0,0
zc,TA305,2012-06-12 09:18:49.547,7176.0000,1200,2,0.0000,2.0000,2,0,双开,S,7170.0000,0.0000,0.0000,0.0000,0.0000,7176.0000,0.0000,0.0000,0.0000,0.0000,7,0,0,0,0,1,0,0,0,0
zc,TA305,2012-06-12 09:18:50.063,7176.0000,1200,0,0.0000,0.0000,0,0,空换,S,7170.0000,0.0000,0.0000,0.0000,0.0000,7178.0000,0.0000,0.0000,0.0000,0.0000,7,0,0,0,0,2,0,0,0,0
zc,TA305,2012-06-12 09:18:52.297,7176.0000,1200,0,0.0000,0.0000,0,0,空换,S,7170.0000,0.0000,0.0000,0.0000,0.0000,7178.0000,0.0000,0.0000,0.0000,0.0000,7,0,0,0,0,1,0,0,0,0
zc,TA305,2012-06-12 09:18:57.530,7176.0000,1200,0,0.0000,0.0000,0,0,空换,S,7170.0000,0.0000,0.0000,0.0000,0.0000,7180.0000,0.0000,0.0000,0.0000,0.0000,8,0,0,0,0,1,0,0,0,0
zc,TA305,2012-06-12 09:19:00.547,7176.0000,1200,0,0.0000,0.0000,0,0,空换,S,7172.0000,0.0000,0.0000,0.0000,0.0000,7182.0000,0.0000,0.0000,0.0000,0.0000,1,0,0,0,0,1,0,0,0,0
zc,TA305,2012-06-12 09:19:02.827,7176.0000,1200,0,0.0000,0.0000,0,0,空换,S,7170.0000,0.0000,0.0000,0.0000,0.0000,7182.0000,0.0000,0.0000,0.0000,0.0000,8,0,0,0,0,1,0,0,0,0
zc,TA305,2012-06-12 09:19:04.547,7176.0000,1200,0,0.0000,0.0000,0,0,空换,S,7170.0000,0.0000,0.0000,0.0000,0.0000,7180.0000,0.0000,0.0000,0.0000,0.0000,8,0,0,0,0,1,0,0,0,0
zc,TA305,2012-06-12 09:19:05.327,7176.0000,1200,0,0.0000,0.0000,0,0,空换,S,7170.0000,0.0000,0.0000,0.0000,0.0000,7182.0000,0.0000,0.0000,0.0000,0.0000,8,0,0,0,0,2,0,0,0,0
zc,TA305,2012-06-12 09:19:06.327,7176.0000,1200,0,0.0000,0.0000,0,0,空换,S,7172.0000,0.0000,0.0000,0.0000,0.0000,7182.0000,0.0000,0.0000,0.0000,0.0000,1,0,0,0,0,2,0,0,0,0
zc,TA305,2012-06-12 09:19:07.563,7176.0000,1200,0,0.0000,0.0000,0,0,空换,S,7170.0000,0.0000,0.0000,0.0000,0.0000,7182.0000,0.0000,0.0000,0.0000,0.0000,8,0,0,0,0,2,0,0,0,0
zc,TA305,2012-06-12 09:19:08.017,7176.0000,1200,0,0.0000,0.0000,0,0,空换,S,7170.0000,0.0000,0.0000,0.0000,0.0000,7182.0000,0.0000,0.0000,0.0000,0.0000,8,0,0,0,0,1,0,0,0,0
zc,TA305,2012-06-12 09:19:09.297,7176.0000,1200,0,0.0000,0.0000,0,0,空换,S,7170.0000,0.0000,0.0000,0.0000,0.0000,7180.0000,0.0000,0.0000,0.0000,0.0000,8,0,0,0,0,1,0,0,0,0
zc,TA305,2012-06-12 09:19:09.530,7176.0000,1200,0,0.0000,0.0000,0,0,空换,S,7170.0000,0.0000,0.0000,0.0000,0.0000,7182.0000,0.0000,0.0000,0.0000,0.0000,8,0,0,0,0,2,0,0,0,0
zc,TA305,2012-06-12 09:19:10.343,7176.0000,1200,0,0.0000,0.0000,0,0,空换,S,7170.0000,0.0000,0.0000,0.0000,0.0000,7180.0000,0.0000,0.0000,0.0000,0.0000,8,0,0,0,0,1,0,0,0,0
zc,TA305,2012-06-12 09:19:12.610,7176.0000,1200,0,0.0000,0.0000,0,0,空换,S,7172.0000,0.0000,0.0000,0.0000,0.0000,7182.0000,0.0000,0.0000,0.0000,0.0000,1,0,0,0,0,2,0,0,0,0
zc,TA305,2012-06-12 09:19:13.813,7176.0000,1200,0,0.0000,0.0000,0,0,空换,S,7170.0000,0.0000,0.0000,0.0000,0.0000,7180.0000,0.0000,0.0000,0.0000,0.0000,8,0,0,0,0,1,0,0,0,0
zc,TA305,2012-06-12 09:19:46.030,7176.0000,1200,0,0.0000,0.0000,0,0,空换,S,7172.0000,0.0000,0.0000,0.0000,0.0000,7182.0000,0.0000,0.0000,0.0000,0.0000,1,0,0,0,0,1,0,0,0,0
zc,TA305,2012-06-12 09:19:51.267,7176.0000,1200,0,0.0000,0.0000,0,0,空换,S,7172.0000,0.0000,0.0000,0.0000,0.0000,7182.0000,0.0000,0.0000,0.0000,0.0000,2,0,0,0,0,1,0,0,0,0
zc,TA305,2012-06-12 09:20:02.563,7176.0000,1200,0,0.0000,0.0000,0,0,空换,S,7172.0000,0.0000,0.0000,0.0000,0.0000,7182.0000,0.0000,0.0000,0.0000,0.0000,1,0,0,0,0,1,0,0,0,0
zc,TA305,2012-06-12 09:20:06.093,7176.0000,1200,0,0.0000,0.0000,0,0,空换,S,7172.0000,0.0000,0.0000,0.0000,0.0000,7182.0000,0.0000,0.0000,0.0000,0.0000,1,0,0,0,0,2,0,0,0,0
zc,TA305,2012-06-12 09:20:15.530,7176.0000,1200,0,0.0000,0.0000,0,0,空换,S,7172.0000,0.0000,0.0000,0.0000,0.0000,7180.0000,0.0000,0.0000,0.0000,0.0000,1,0,0,0,0,1,0,0,0,0
zc,TA305,2012-06-12 09:20:43.297,7176.0000,1200,0,0.0000,0.0000,0,0,空换,S,7172.0000,0.0000,0.0000,0.0000,0.0000,7178.0000,0.0000,0.0000,0.0000,0.0000,1,0,0,0,0,1,0,0,0,0
zc,TA305,2012-06-12 09:20:48.997,7176.0000,1200,0,0.0000,0.0000,0,0,空换,S,7170.0000,0.0000,0.0000,0.0000,0.0000,7178.0000,0.0000,0.0000,0.0000,0.0000,7,0,0,0,0,1,0,0,0,0
zc,TA305,2012-06-12 09:20:51.047,7176.0000,1200,0,0.0000,0.0000,0,0,空换,S,7170.0000,0.0000,0.0000,0.0000,0.0000,7176.0000,0.0000,0.0000,0.0000,0.0000,7,0,0,0,0,1,0,0,0,0
zc,TA305,2012-06-12 09:21:32.280,7176.0000,1200,0,0.0000,0.0000,0,0,空换,S,7170.0000,0.0000,0.0000,0.0000,0.0000,7174.0000,0.0000,0.0000,0.0000,0.0000,7,0,0,0,0,1,0,0,0,0
zc,TA305,2012-06-12 09:21:34.327,7170.0000,1206,6,0.0000,14.0000,10,4,空开,S,7164.0000,0.0000,0.0000,0.0000,0.0000,7174.0000,0.0000,0.0000,0.0000,0.0000,1,0,0,0,0,15,0,0,0,0
zc,TA305,2012-06-12 09:21:34.767,7170.0000,1206,0,0.0000,0.0000,0,0,空换,S,7164.0000,0.0000,0.0000,0.0000,0.0000,7172.0000,0.0000,0.0000,0.0000,0.0000,1,0,0,0,0,10,0,0,0,0
zc,TA305,2012-06-12 09:21:35.313,7170.0000,1206,0,0.0000,0.0000,0,0,空换,S,7164.0000,0.0000,0.0000,0.0000,0.0000,7170.0000,0.0000,0.0000,0.0000,0.0000,1,0,0,0,0,15,0,0,0,0
zc,TA305,2012-06-12 09:21:37.610,7170.0000,1206,0,0.0000,0.0000,0,0,空换,S,7164.0000,0.0000,0.0000,0.0000,0.0000,7166.0000,0.0000,0.0000,0.0000,0.0000,1,0,0,0,0,2,0,0,0,0
zc,TA305,2012-06-12 09:21:38.297,7170.0000,1206,0,0.0000,0.0000,0,0,空换,S,7164.0000,0.0000,0.0000,0.0000,0.0000,7170.0000,0.0000,0.0000,0.0000,0.0000,1,0,0,0,0,15,0,0,0,0
zc,TA305,2012-06-12 09:21:40.577,7170.0000,1206,0,0.0000,0.0000,0,0,空换,S,7164.0000,0.0000,0.0000,0.0000,0.0000,7166.0000,0.0000,0.0000,0.0000,0.0000,1,0,0,0,0,15,0,0,0,0
zc,TA305,2012-06-12 09:21:42.780,7170.0000,1206,0,0.0000,0.0000,0,0,空换,S,7164.0000,0.0000,0.0000,0.0000,0.0000,7168.0000,0.0000,0.0000,0.0000,0.0000,1,0,0,0,0,15,0,0,0,0
zc,TA305,2012-06-12 09:21:43.517,7170.0000,1206,0,0.0000,0.0000,0,0,空换,S,7164.0000,0.0000,0.0000,0.0000,0.0000,7166.0000,0.0000,0.0000,0.0000,0.0000,1,0,0,0,0,5,0,0,0,0
zc,TA305,2012-06-12 09:21:45.250,7170.0000,1206,0,0.0000,0.0000,0,0,空换,S,7164.0000,0.0000,0.0000,0.0000,0.0000,7166.0000,0.0000,0.0000,0.0000,0.0000,1,0,0,0,0,6,0,0,0,0
zc,TA305,2012-06-12 09:21:46.250,7164.0000,1208,2,0.0000,2.0000,2,0,双开,S,7154.0000,0.0000,0.0000,0.0000,0.0000,7166.0000,0.0000,0.0000,0.0000,0.0000,1,0,0,0,0,6,0,0,0,0
zc,TA305,2012-06-12 09:21:47.547,7164.0000,1208,0,0.0000,0.0000,0,0,空换,S,7154.0000,0.0000,0.0000,0.0000,0.0000,7164.0000,0.0000,0.0000,0.0000,0.0000,1,0,0,0,0,1,0,0,0,0
zc,TA305,2012-06-12 09:21:48.327,7164.0000,1208,0,0.0000,0.0000,0,0,空换,S,7154.0000,0.0000,0.0000,0.0000,0.0000,7166.0000,0.0000,0.0000,0.0000,0.0000,1,0,0,0,0,4,0,0,0,0
zc,TA305,2012-06-12 09:21:49.017,7166.0000,1210,2,0.0000,2.0000,2,0,双开,B,7154.0000,0.0000,0.0000,0.0000,0.0000,7166.0000,0.0000,0.0000,0.0000,0.0000,1,0,0,0,0,3,0,0,0,0
zc,TA305,2012-06-12 09:21:49.343,7166.0000,1210,0,0.0000,0.0000,0,0,多换,B,7156.0000,0.0000,0.0000,0.0000,0.0000,7166.0000,0.0000,0.0000,0.0000,0.0000,1,0,0,0,0,3,0,0,0,0
zc,TA305,2012-06-12 09:21:50.813,7166.0000,1210,0,0.0000,0.0000,0,0,多换,B,7154.0000,0.0000,0.0000,0.0000,0.0000,7166.0000,0.0000,0.0000,0.0000,0.0000,1,0,0,0,0,3,0,0,0,0
zc,TA305,2012-06-12 09:21:51.297,7166.0000,1210,0,0.0000,0.0000,0,0,多换,B,7154.0000,0.0000,0.0000,0.0000,0.0000,7164.0000,0.0000,0.0000,0.0000,0.0000,1,0,0,0,0,3,0,0,0,0
zc,TA305,2012-06-12 09:21:51.780,7166.0000,1210,0,0.0000,0.0000,0,0,多换,B,7156.0000,0.0000,0.0000,0.0000,0.0000,7166.0000,0.0000,0.0000,0.0000,0.0000,1,0,0,0,0,2,0,0,0,0
zc,TA305,2012-06-12 09:21:54.530,7166.0000,1210,0,0.0000,0.0000,0,0,多换,B,7156.0000,0.0000,0.0000,0.0000,0.0000,7166.0000,0.0000,0.0000,0.0000,0.0000,1,0,0,0,0,13,0,0,0,0
zc,TA305,2012-06-12 09:21:58.547,7166.0000,1210,0,0.0000,0.0000,0,0,多换,B,7156.0000,0.0000,0.0000,0.0000,0.0000,7166.0000,0.0000,0.0000,0.0000,0.0000,1,0,0,0,0,17,0,0,0,0
zc,TA305,2012-06-12 09:22:00.267,7166.0000,1210,0,0.0000,0.0000,0,0,多换,B,7156.0000,0.0000,0.0000,0.0000,0.0000,7166.0000,0.0000,0.0000,0.0000,0.0000,1,0,0,0,0,16,0,0,0,0
zc,TA305,2012-06-12 09:22:01.267,7166.0000,1210,0,0.0000,0.0000,0,0,多换,B,7156.0000,0.0000,0.0000,0.0000,0.0000,7166.0000,0.0000,0.0000,0.0000,0.0000,1,0,0,0,0,17,0,0,0,0
zc,TA305,2012-06-12 09:22:01.767,7166.0000,1210,0,0.0000,0.0000,0,0,多换,B,7156.0000,0.0000,0.0000,0.0000,0.0000,7166.0000,0.0000,0.0000,0.0000,0.0000,1,0,0,0,0,9,0,0,0,0
zc,TA305,2012-06-12 09:22:03.983,7166.0000,1210,0,0.0000,0.0000,0,0,多换,B,7156.0000,0.0000,0.0000,0.0000,0.0000,7166.0000,0.0000,0.0000,0.0000,0.0000,1,0,0,0,0,8,0,0,0,0
zc,TA305,2012-06-12 09:22:04.767,7166.0000,1210,0,0.0000,0.0000,0,0,多换,B,7156.0000,0.0000,0.0000,0.0000,0.0000,7166.0000,0.0000,0.0000,0.0000,0.0000,1,0,0,0,0,6,0,0,0,0
zc,TA305,2012-06-12 09:22:05.767,7166.0000,1210,0,0.0000,0.0000,0,0,多换,B,7156.0000,0.0000,0.0000,0.0000,0.0000,7166.0000,0.0000,0.0000,0.0000,0.0000,1,0,0,0,0,4,0,0,0,0
zc,TA305,2012-06-12 09:22:06.530,7166.0000,1210,0,0.0000,0.0000,0,0,多换,B,7158.0000,0.0000,0.0000,0.0000,0.0000,7166.0000,0.0000,0.0000,0.0000,0.0000,1,0,0,0,0,4,0,0,0,0
zc,TA305,2012-06-12 09:22:08.077,7166.0000,1210,0,0.0000,0.0000,0,0,多换,B,7154.0000,0.0000,0.0000,0.0000,0.0000,7166.0000,0.0000,0.0000,0.0000,0.0000,1,0,0,0,0,4,0,0,0,0
zc,TA305,2012-06-12 09:22:08.610,7166.0000,1210,0,0.0000,0.0000,0,0,多换,B,7156.0000,0.0000,0.0000,0.0000,0.0000,7166.0000,0.0000,0.0000,0.0000,0.0000,1,0,0,0,0,4,0,0,0,0
zc,TA305,2012-06-12 09:22:09.813,7166.0000,1212,2,0.0000,2.0000,2,0,双开,B,7156.0000,0.0000,0.0000,0.0000,0.0000,7166.0000,0.0000,0.0000,0.0000,0.0000,1,0,0,0,0,16,0,0,0,0
zc,TA305,2012-06-12 09:22:10.750,7166.0000,1212,0,0.0000,0.0000,0,0,多换,B,7156.0000,0.0000,0.0000,0.0000,0.0000,7166.0000,0.0000,0.0000,0.0000,0.0000,1,0,0,0,0,8,0,0,0,0
zc,TA305,2012-06-12 09:22:11.827,7166.0000,1212,0,0.0000,0.0000,0,0,多换,B,7156.0000,0.0000,0.0000,0.0000,0.0000,7166.0000,0.0000,0.0000,0.0000,0.0000,1,0,0,0,0,3,0,0,0,0
zc,TA305,2012-06-12 09:22:12.563,7166.0000,1212,0,0.0000,0.0000,0,0,多换,B,7158.0000,0.0000,0.0000,0.0000,0.0000,7166.0000,0.0000,0.0000,0.0000,0.0000,1,0,0,0,0,3,0,0,0,0
zc,TA305,2012-06-12 09:22:14.797,7166.0000,1212,0,0.0000,0.0000,0,0,多换,B,7158.0000,0.0000,0.0000,0.0000,0.0000,7168.0000,0.0000,0.0000,0.0000,0.0000,1,0,0,0,0,7,0,0,0,0
zc,TA305,2012-06-12 09:22:15.813,7166.0000,1212,0,0.0000,0.0000,0,0,多换,B,7158.0000,0.0000,0.0000,0.0000,0.0000,7168.0000,0.0000,0.0000,0.0000,0.0000,1,0,0,0,0,13,0,0,0,0
zc,TA305,2012-06-12 09:22:17.547,7166.0000,1212,0,0.0000,0.0000,0,0,多换,B,7152.0000,0.0000,0.0000,0.0000,0.0000,7168.0000,0.0000,0.0000,0.0000,0.0000,1,0,0,0,0,14,0,0,0,0
zc,TA305,2012-06-12 09:22:18.327,7166.0000,1212,0,0.0000,0.0000,0,0,多换,B,7152.0000,0.0000,0.0000,0.0000,0.0000,7166.0000,0.0000,0.0000,0.0000,0.0000,1,0,0,0,0,6,0,0,0,0
zc,TA305,2012-06-12 09:22:18.827,7166.0000,1212,0,0.0000,0.0000,0,0,多换,B,7152.0000,0.0000,0.0000,0.0000,0.0000,7166.0000,0.0000,0.0000,0.0000,0.0000,1,0,0,0,0,3,0,0,0,0
zc,TA305,2012-06-12 09:22:19.233,7166.0000,1212,0,0.0000,0.0000,0,0,多换,B,7152.0000,0.0000,0.0000,0.0000,0.0000,7166.0000,0.0000,0.0000,0.0000,0.0000,1,0,0,0,0,3,0,0,0,0
zc,TA305,2012-06-12 09:22:19.577,7166.0000,1212,0,0.0000,0.0000,0,0,多换,B,7150.0000,0.0000,0.0000,0.0000,0.0000,7166.0000,0.0000,0.0000,0.0000,0.0000,3,0,0,0,0,3,0,0,0,0
zc,TA305,2012-06-12 09:22:20.047,7166.0000,1212,0,0.0000,0.0000,0,0,多换,B,7150.0000,0.0000,0.0000,0.0000,0.0000,7160.0000,0.0000,0.0000,0.0000,0.0000,3,0,0,0,0,13,0,0,0,0
zc,TA305,2012-06-12 09:22:21.077,7166.0000,1212,0,0.0000,0.0000,0,0,多换,B,7150.0000,0.0000,0.0000,0.0000,0.0000,7158.0000,0.0000,0.0000,0.0000,0.0000,2,0,0,0,0,13,0,0,0,0
zc,TA305,2012-06-12 09:22:22.313,7166.0000,1212,0,0.0000,0.0000,0,0,多换,B,7150.0000,0.0000,0.0000,0.0000,0.0000,7156.0000,0.0000,0.0000,0.0000,0.0000,2,0,0,0,0,13,0,0,0,0
zc,TA305,2012-06-12 09:22:23.577,7166.0000,1212,0,0.0000,0.0000,0,0,多换,B,7150.0000,0.0000,0.0000,0.0000,0.0000,7154.0000,0.0000,0.0000,0.0000,0.0000,2,0,0,0,0,13,0,0,0,0
zc,TA305,2012-06-12 09:22:24.327,7166.0000,1212,0,0.0000,0.0000,0,0,多换,B,7150.0000,0.0000,0.0000,0.0000,0.0000,7152.0000,0.0000,0.0000,0.0000,0.0000,2,0,0,0,0,4,0,0,0,0
zc,TA305,2012-06-12 09:22:24.813,7166.0000,1212,0,0.0000,0.0000,0,0,多换,B,7150.0000,0.0000,0.0000,0.0000,0.0000,7152.0000,0.0000,0.0000,0.0000,0.0000,2,0,0,0,0,3,0,0,0,0
zc,TA305,2012-06-12 09:22:25.577,7150.0000,1216,4,0.0000,4.0000,4,0,双开,S,7140.0000,0.0000,0.0000,0.0000,0.0000,7150.0000,0.0000,0.0000,0.0000,0.0000,1,0,0,0,0,11,0,0,0,0
zc,TA305,2012-06-12 09:22:26.827,7150.0000,1216,0,0.0000,0.0000,0,0,空换,S,7140.0000,0.0000,0.0000,0.0000,0.0000,7150.0000,0.0000,0.0000,0.0000,0.0000,1,0,0,0,0,4,0,0,0,0
zc,TA305,2012-06-12 09:22:27.563,7150.0000,1216,0,0.0000,0.0000,0,0,空换,S,7140.0000,0.0000,0.0000,0.0000,0.0000,7150.0000,0.0000,0.0000,0.0000,0.0000,1,0,0,0,0,1,0,0,0,0
zc,TA305,2012-06-12 09:22:28.327,7150.0000,1216,0,0.0000,0.0000,0,0,空换,S,7140.0000,0.0000,0.0000,0.0000,0.0000,7150.0000,0.0000,0.0000,0.0000,0.0000,1,0,0,0,0,10,0,0,0,0
zc,TA305,2012-06-12 09:22:28.827,7150.0000,1216,0,0.0000,0.0000,0,0,空换,S,7140.0000,0.0000,0.0000,0.0000,0.0000,7152.0000,0.0000,0.0000,0.0000,0.0000,1,0,0,0,0,2,0,0,0,0
zc,TA305,2012-06-12 09:22:29.577,7150.0000,1216,0,0.0000,0.0000,0,0,空换,S,7138.0000,0.0000,0.0000,0.0000,0.0000,7148.0000,0.0000,0.0000,0.0000,0.0000,1,0,0,0,0,11,0,0,0,0
zc,TA305,2012-06-12 09:22:30.063,7150.0000,1216,0,0.0000,0.0000,0,0,空换,S,7138.0000,0.0000,0.0000,0.0000,0.0000,7148.0000,0.0000,0.0000,0.0000,0.0000,1,0,0,0,0,4,0,0,0,0
zc,TA305,2012-06-12 09:22:30.593,7150.0000,1216,0,0.0000,0.0000,0,0,空换,S,7140.0000,0.0000,0.0000,0.0000,0.0000,7150.0000,0.0000,0.0000,0.0000,0.0000,1,0,0,0,0,11,0,0,0,0
zc,TA305,2012-06-12 09:22:31.797,7150.0000,1216,0,0.0000,0.0000,0,0,空换,S,7138.0000,0.0000,0.0000,0.0000,0.0000,7148.0000,0.0000,0.0000,0.0000,0.0000,1,0,0,0,0,11,0,0,0,0
zc,TA305,2012-06-12 09:22:37.780,7150.0000,1218,2,0.0000,2.0000,2,0,双开,S,7138.0000,0.0000,0.0000,0.0000,0.0000,7148.0000,0.0000,0.0000,0.0000,0.0000,1,0,0,0,0,10,0,0,0,0
zc,TA305,2012-06-12 09:22:41.797,7150.0000,1218,0,0.0000,0.0000,0,0,空换,S,7138.0000,0.0000,0.0000,0.0000,0.0000,7148.0000,0.0000,0.0000,0.0000,0.0000,1,0,0,0,0,1,0,0,0,0
zc,TA305,2012-06-12 09:22:42.577,7150.0000,1218,0,0.0000,0.0000,0,0,空换,S,7140.0000,0.0000,0.0000,0.0000,0.0000,7150.0000,0.0000,0.0000,0.0000,0.0000,1,0,0,0,0,10,0,0,0,0
zc,TA305,2012-06-12 09:22:45.827,7150.0000,1218,0,0.0000,0.0000,0,0,空换,S,7140.0000,0.0000,0.0000,0.0000,0.0000,7150.0000,0.0000,0.0000,0.0000,0.0000,1,0,0,0,0,9,0,0,0,0
zc,TA305,2012-06-12 09:22:46.577,7150.0000,1218,0,0.0000,0.0000,0,0,空换,S,7140.0000,0.0000,0.0000,0.0000,0.0000,7150.0000,0.0000,0.0000,0.0000,0.0000,1,0,0,0,0,2,0,0,0,0
zc,TA305,2012-06-12 09:22:48.077,7150.0000,1218,0,0.0000,0.0000,0,0,空换,S,7138.0000,0.0000,0.0000,0.0000,0.0000,7150.0000,0.0000,0.0000,0.0000,0.0000,1,0,0,0,0,2,0,0,0,0
zc,TA305,2012-06-12 09:22:48.610,7150.0000,1218,0,0.0000,0.0000,0,0,空换,S,7140.0000,0.0000,0.0000,0.0000,0.0000,7150.0000,0.0000,0.0000,0.0000,0.0000,1,0,0,0,0,3,0,0,0,0
zc,TA305,2012-06-12 09:22:49.407,7150.0000,1218,0,0.0000,0.0000,0,0,空换,S,7138.0000,0.0000,0.0000,0.0000,0.0000,7148.0000,0.0000,0.0000,0.0000,0.0000,1,0,0,0,0,5,0,0,0,0
zc,TA305,2012-06-12 09:22:49.843,7150.0000,1218,0,0.0000,0.0000,0,0,空换,S,7136.0000,0.0000,0.0000,0.0000,0.0000,7146.0000,0.0000,0.0000,0.0000,0.0000,1,0,0,0,0,9,0,0,0,0
zc,TA305,2012-06-12 09:22:50.577,7150.0000,1218,0,0.0000,0.0000,0,0,空换,S,7134.0000,0.0000,0.0000,0.0000,0.0000,7146.0000,0.0000,0.0000,0.0000,0.0000,1,0,0,0,0,9,0,0,0,0
zc,TA305,2012-06-12 09:22:51.047,7150.0000,1218,0,0.0000,0.0000,0,0,空换,S,7132.0000,0.0000,0.0000,0.0000,0.0000,7142.0000,0.0000,0.0000,0.0000,0.0000,1,0,0,0,0,10,0,0,0,0
zc,TA305,2012-06-12 09:22:52.623,7150.0000,1218,0,0.0000,0.0000,0,0,空换,S,7134.0000,0.0000,0.0000,0.0000,0.0000,7146.0000,0.0000,0.0000,0.0000,0.0000,1,0,0,0,0,9,0,0,0,0
zc,TA305,2012-06-12 09:22:53.047,7150.0000,1218,0,0.0000,0.0000,0,0,空换,S,7138.0000,0.0000,0.0000,0.0000,0.0000,7148.0000,0.0000,0.0000,0.0000,0.0000,1,0,0,0,0,10,0,0,0,0
zc,TA305,2012-06-12 09:22:53.890,7150.0000,1218,0,0.0000,0.0000,0,0,空换,S,7136.0000,0.0000,0.0000,0.0000,0.0000,7148.0000,0.0000,0.0000,0.0000,0.0000,1,0,0,0,0,10,0,0,0,0
zc,TA305,2012-06-12 09:22:55.577,7150.0000,1218,0,0.0000,0.0000,0,0,空换,S,7136.0000,0.0000,0.0000,0.0000,0.0000,7146.0000,0.0000,0.0000,0.0000,0.0000,1,0,0,0,0,3,0,0,0,0
zc,TA305,2012-06-12 09:22:56.063,7150.0000,1218,0,0.0000,0.0000,0,0,空换,S,7134.0000,0.0000,0.0000,0.0000,0.0000,7146.0000,0.0000,0.0000,0.0000,0.0000,1,0,0,0,0,3,0,0,0,0
zc,TA305,2012-06-12 09:22:56.827,7150.0000,1218,0,0.0000,0.0000,0,0,空换,S,7134.0000,0.0000,0.0000,0.0000,0.0000,7144.0000,0.0000,0.0000,0.0000,0.0000,1,0,0,0,0,10,0,0,0,0
zc,TA305,2012-06-12 09:22:59.843,7150.0000,1218,0,0.0000,0.0000,0,0,空换,S,7136.0000,0.0000,0.0000,0.0000,0.0000,7146.0000,0.0000,0.0000,0.0000,0.0000,1,0,0,0,0,10,0,0,0,0
zc,TA305,2012-06-12 09:23:01.063,7150.0000,1218,0,0.0000,0.0000,0,0,空换,S,7138.0000,0.0000,0.0000,0.0000,0.0000,7146.0000,0.0000,0.0000,0.0000,0.0000,1,0,0,0,0,10,0,0,0,0
zc,TA305,2012-06-12 09:23:03.093,7150.0000,1218,0,0.0000,0.0000,0,0,空换,S,7138.0000,0.0000,0.0000,0.0000,0.0000,7146.0000,0.0000,0.0000,0.0000,0.0000,1,0,0,0,0,9,0,0,0,0
zc,TA305,2012-06-12 09:23:03.343,7150.0000,1218,0,0.0000,0.0000,0,0,空换,S,7138.0000,0.0000,0.0000,0.0000,0.0000,7146.0000,0.0000,0.0000,0.0000,0.0000,1,0,0,0,0,8,0,0,0,0
zc,TA305,2012-06-12 09:23:04.077,7150.0000,1218,0,0.0000,0.0000,0,0,空换,S,7138.0000,0.0000,0.0000,0.0000,0.0000,7148.0000,0.0000,0.0000,0.0000,0.0000,2,0,0,0,0,10,0,0,0,0
zc,TA305,2012-06-12 09:23:04.577,7150.0000,1218,0,0.0000,0.0000,0,0,空换,S,7138.0000,0.0000,0.0000,0.0000,0.0000,7148.0000,0.0000,0.0000,0.0000,0.0000,1,0,0,0,0,10,0,0,0,0
zc,TA305,2012-06-12 09:23:06.797,7150.0000,1218,0,0.0000,0.0000,0,0,空换,S,7138.0000,0.0000,0.0000,0.0000,0.0000,7148.0000,0.0000,0.0000,0.0000,0.0000,2,0,0,0,0,10,0,0,0,0
zc,TA305,2012-06-12 09:23:09.327,7150.0000,1218,0,0.0000,0.0000,0,0,空换,S,7138.0000,0.0000,0.0000,0.0000,0.0000,7152.0000,0.0000,0.0000,0.0000,0.0000,2,0,0,0,0,1,0,0,0,0
zc,TA305,2012-06-12 09:23:09.860,7150.0000,1218,0,0.0000,0.0000,0,0,空换,S,7144.0000,0.0000,0.0000,0.0000,0.0000,7154.0000,0.0000,0.0000,0.0000,0.0000,1,0,0,0,0,3,0,0,0,0
zc,TA305,2012-06-12 09:23:11.860,7150.0000,1218,0,0.0000,0.0000,0,0,空换,S,7140.0000,0.0000,0.0000,0.0000,0.0000,7156.0000,0.0000,0.0000,0.0000,0.0000,1,0,0,0,0,10,0,0,0,0
zc,TA305,2012-06-12 09:23:12.047,7150.0000,1218,0,0.0000,0.0000,0,0,空换,S,7140.0000,0.0000,0.0000,0.0000,0.0000,7156.0000,0.0000,0.0000,0.0000,0.0000,1,0,0,0,0,11,0,0,0,0
zc,TA305,2012-06-12 09:23:12.827,7150.0000,1218,0,0.0000,0.0000,0,0,空换,S,7142.0000,0.0000,0.0000,0.0000,0.0000,7156.0000,0.0000,0.0000,0.0000,0.0000,1,0,0,0,0,11,0,0,0,0
zc,TA305,2012-06-12 09:23:13.577,7150.0000,1218,0,0.0000,0.0000,0,0,空换,S,7144.0000,0.0000,0.0000,0.0000,0.0000,7154.0000,0.0000,0.0000,0.0000,0.0000,1,0,0,0,0,1,0,0,0,0
zc,TA305,2012-06-12 09:23:14.063,7150.0000,1218,0,0.0000,0.0000,0,0,空换,S,7142.0000,0.0000,0.0000,0.0000,0.0000,7154.0000,0.0000,0.0000,0.0000,0.0000,1,0,0,0,0,1,0,0,0,0
zc,TA305,2012-06-12 09:23:14.530,7150.0000,1218,0,0.0000,0.0000,0,0,空换,S,7140.0000,0.0000,0.0000,0.0000,0.0000,7154.0000,0.0000,0.0000,0.0000,0.0000,1,0,0,0,0,1,0,0,0,0
zc,TA305,2012-06-12 09:23:15.030,7150.0000,1218,0,0.0000,0.0000,0,0,空换,S,7140.0000,0.0000,0.0000,0.0000,0.0000,7154.0000,0.0000,0.0000,0.0000,0.0000,1,0,0,0,0,10,0,0,0,0
zc,TA305,2012-06-12 09:23:17.047,7150.0000,1218,0,0.0000,0.0000,0,0,空换,S,7140.0000,0.0000,0.0000,0.0000,0.0000,7152.0000,0.0000,0.0000,0.0000,0.0000,1,0,0,0,0,1,0,0,0,0
zc,TA305,2012-06-12 09:23:18.030,7150.0000,1218,0,0.0000,0.0000,0,0,空换,S,7140.0000,0.0000,0.0000,0.0000,0.0000,7152.0000,0.0000,0.0000,0.0000,0.0000,1,0,0,0,0,2,0,0,0,0
zc,TA305,2012-06-12 09:23:19.750,7150.0000,1218,0,0.0000,0.0000,0,0,空换,S,7140.0000,0.0000,0.0000,0.0000,0.0000,7154.0000,0.0000,0.0000,0.0000,0.0000,1,0,0,0,0,4,0,0,0,0
zc,TA305,2012-06-12 09:23:20.297,7150.0000,1218,0,0.0000,0.0000,0,0,空换,S,7142.0000,0.0000,0.0000,0.0000,0.0000,7154.0000,0.0000,0.0000,0.0000,0.0000,1,0,0,0,0,4,0,0,0,0
zc,TA305,2012-06-12 09:23:20.797,7150.0000,1218,0,0.0000,0.0000,0,0,空换,S,7144.0000,0.0000,0.0000,0.0000,0.0000,7154.0000,0.0000,0.0000,0.0000,0.0000,1,0,0,0,0,4,0,0,0,0
zc,TA305,2012-06-12 09:23:21.267,7150.0000,1218,0,0.0000,0.0000,0,0,空换,S,7142.0000,0.0000,0.0000,0.0000,0.0000,7152.0000,0.0000,0.0000,0.0000,0.0000,1,0,0,0,0,10,0,0,0,0
zc,TA305,2012-06-12 09:23:24.047,7150.0000,1218,0,0.0000,0.0000,0,0,空换,S,7142.0000,0.0000,0.0000,0.0000,0.0000,7152.0000,0.0000,0.0000,0.0000,0.0000,1,0,0,0,0,9,0,0,0,0
zc,TA305,2012-06-12 09:23:24.517,7150.0000,1218,0,0.0000,0.0000,0,0,空换,S,7142.0000,0.0000,0.0000,0.0000,0.0000,7152.0000,0.0000,0.0000,0.0000,0.0000,1,0,0,0,0,10,0,0,0,0
zc,TA305,2012-06-12 09:23:26.827,7150.0000,1218,0,0.0000,0.0000,0,0,空换,S,7142.0000,0.0000,0.0000,0.0000,0.0000,7152.0000,0.0000,0.0000,0.0000,0.0000,1,0,0,0,0,8,0,0,0,0
zc,TA305,2012-06-12 09:23:27.267,7150.0000,1218,0,0.0000,0.0000,0,0,空换,S,7142.0000,0.0000,0.0000,0.0000,0.0000,7152.0000,0.0000,0.0000,0.0000,0.0000,1,0,0,0,0,1,0,0,0,0
zc,TA305,2012-06-12 09:23:27.827,7150.0000,1218,0,0.0000,0.0000,0,0,空换,S,7144.0000,0.0000,0.0000,0.0000,0.0000,7154.0000,0.0000,0.0000,0.0000,0.0000,1,0,0,0,0,11,0,0,0,0
zc,TA305,2012-06-12 09:23:29.530,7150.0000,1218,0,0.0000,0.0000,0,0,空换,S,7144.0000,0.0000,0.0000,0.0000,0.0000,7154.0000,0.0000,0.0000,0.0000,0.0000,1,0,0,0,0,10,0,0,0,0
zc,TA305,2012-06-12 09:23:31.750,7150.0000,1218,0,0.0000,0.0000,0,0,空换,S,7144.0000,0.0000,0.0000,0.0000,0.0000,7154.0000,0.0000,0.0000,0.0000,0.0000,1,0,0,0,0,7,0,0,0,0
zc,TA305,2012-06-12 09:23:32.530,7150.0000,1218,0,0.0000,0.0000,0,0,空换,S,7144.0000,0.0000,0.0000,0.0000,0.0000,7154.0000,0.0000,0.0000,0.0000,0.0000,1,0,0,0,0,4,0,0,0,0
zc,TA305,2012-06-12 09:23:32.997,7150.0000,1218,0,0.0000,0.0000,0,0,空换,S,7144.0000,0.0000,0.0000,0.0000,0.0000,7154.0000,0.0000,0.0000,0.0000,0.0000,1,0,0,0,0,3,0,0,0,0
zc,TA305,2012-06-12 09:23:33.500,7150.0000,1218,0,0.0000,0.0000,0,0,空换,S,7144.0000,0.0000,0.0000,0.0000,0.0000,7154.0000,0.0000,0.0000,0.0000,0.0000,1,0,0,0,0,10,0,0,0,0
zc,TA305,2012-06-12 09:23:35.313,7150.0000,1218,0,0.0000,0.0000,0,0,空换,S,7144.0000,0.0000,0.0000,0.0000,0.0000,7154.0000,0.0000,0.0000,0.0000,0.0000,1,0,0,0,0,1,0,0,0,0
zc,TA305,2012-06-12 09:23:35.797,7150.0000,1218,0,0.0000,0.0000,0,0,空换,S,7146.0000,0.0000,0.0000,0.0000,0.0000,7156.0000,0.0000,0.0000,0.0000,0.0000,1,0,0,0,0,10,0,0,0,0
zc,TA305,2012-06-12 09:23:38.797,7150.0000,1218,0,0.0000,0.0000,0,0,空换,S,7146.0000,0.0000,0.0000,0.0000,0.0000,7156.0000,0.0000,0.0000,0.0000,0.0000,1,0,0,0,0,8,0,0,0,0
zc,TA305,2012-06-12 09:23:39.280,7150.0000,1218,0,0.0000,0.0000,0,0,空换,S,7146.0000,0.0000,0.0000,0.0000,0.0000,7156.0000,0.0000,0.0000,0.0000,0.0000,1,0,0,0,0,6,0,0,0,0
zc,TA305,2012-06-12 09:23:39.780,7150.0000,1218,0,0.0000,0.0000,0,0,空换,S,7146.0000,0.0000,0.0000,0.0000,0.0000,7156.0000,0.0000,0.0000,0.0000,0.0000,1,0,0,0,0,10,0,0,0,0
zc,TA305,2012-06-12 09:23:41.563,7150.0000,1218,0,0.0000,0.0000,0,0,空换,S,7146.0000,0.0000,0.0000,0.0000,0.0000,7156.0000,0.0000,0.0000,0.0000,0.0000,1,0,0,0,0,4,0,0,0,0
zc,TA305,2012-06-12 09:23:42.280,7150.0000,1218,0,0.0000,0.0000,0,0,空换,S,7148.0000,0.0000,0.0000,0.0000,0.0000,7158.0000,0.0000,0.0000,0.0000,0.0000,1,0,0,0,0,10,0,0,0,0
zc,TA305,2012-06-12 09:23:43.500,7150.0000,1218,0,0.0000,0.0000,0,0,空换,S,7148.0000,0.0000,0.0000,0.0000,0.0000,7158.0000,0.0000,0.0000,0.0000,0.0000,1,0,0,0,0,9,0,0,0,0
zc,TA305,2012-06-12 09:23:44.030,7150.0000,1218,0,0.0000,0.0000,0,0,空换,S,7148.0000,0.0000,0.0000,0.0000,0.0000,7158.0000,0.0000,0.0000,0.0000,0.0000,1,0,0,0,0,8,0,0,0,0
zc,TA305,2012-06-12 09:23:44.500,7150.0000,1218,0,0.0000,0.0000,0,0,空换,S,7148.0000,0.0000,0.0000,0.0000,0.0000,7158.0000,0.0000,0.0000,0.0000,0.0000,1,0,0,0,0,1,0,0,0,0
zc,TA305,2012-06-12 09:23:45.077,7150.0000,1218,0,0.0000,0.0000,0,0,空换,S,7150.0000,0.0000,0.0000,0.0000,0.0000,7162.0000,0.0000,0.0000,0.0000,0.0000,1,0,0,0,0,6,0,0,0,0
zc,TA305,2012-06-12 09:23:45.780,7150.0000,1218,0,0.0000,0.0000,0,0,空换,S,7150.0000,0.0000,0.0000,0.0000,0.0000,7162.0000,0.0000,0.0000,0.0000,0.0000,1,0,0,0,0,8,0,0,0,0
zc,TA305,2012-06-12 09:23:47.547,7150.0000,1218,0,0.0000,0.0000,0,0,空换,S,7150.0000,0.0000,0.0000,0.0000,0.0000,7162.0000,0.0000,0.0000,0.0000,0.0000,1,0,0,0,0,9,0,0,0,0
zc,TA305,2012-06-12 09:23:49.280,7150.0000,1218,0,0.0000,0.0000,0,0,空换,S,7150.0000,0.0000,0.0000,0.0000,0.0000,7160.0000,0.0000,0.0000,0.0000,0.0000,1,0,0,0,0,1,0,0,0,0
zc,TA305,2012-06-12 09:23:49.797,7150.0000,1218,0,0.0000,0.0000,0,0,空换,S,7150.0000,0.0000,0.0000,0.0000,0.0000,7162.0000,0.0000,0.0000,0.0000,0.0000,1,0,0,0,0,10,0,0,0,0
zc,TA305,2012-06-12 09:23:50.313,7150.0000,1218,0,0.0000,0.0000,0,0,空换,S,7150.0000,0.0000,0.0000,0.0000,0.0000,7160.0000,0.0000,0.0000,0.0000,0.0000,1,0,0,0,0,2,0,0,0,0
zc,TA305,2012-06-12 09:23:51.530,7150.0000,1218,0,0.0000,0.0000,0,0,空换,S,7150.0000,0.0000,0.0000,0.0000,0.0000,7160.0000,0.0000,0.0000,0.0000,0.0000,1,0,0,0,0,5,0,0,0,0
zc,TA305,2012-06-12 09:23:52.063,7150.0000,1218,0,0.0000,0.0000,0,0,空换,S,7150.0000,0.0000,0.0000,0.0000,0.0000,7162.0000,0.0000,0.0000,0.0000,0.0000,1,0,0,0,0,10,0,0,0,0
zc,TA305,2012-06-12 09:23:54.017,7150.0000,1218,0,0.0000,0.0000,0,0,空换,S,7150.0000,0.0000,0.0000,0.0000,0.0000,7162.0000,0.0000,0.0000,0.0000,0.0000,11,0,0,0,0,10,0,0,0,0
zc,TA305,2012-06-12 09:23:55.530,7150.0000,1218,0,0.0000,0.0000,0,0,空换,S,7152.0000,0.0000,0.0000,0.0000,0.0000,7162.0000,0.0000,0.0000,0.0000,0.0000,1,0,0,0,0,10,0,0,0,0
zc,TA305,2012-06-12 09:23:59.563,7150.0000,1218,0,0.0000,0.0000,0,0,空换,S,7150.0000,0.0000,0.0000,0.0000,0.0000,7160.0000,0.0000,0.0000,0.0000,0.0000,11,0,0,0,0,10,0,0,0,0
zc,TA305,2012-06-12 09:24:02.297,7150.0000,1218,0,0.0000,0.0000,0,0,空换,S,7150.0000,0.0000,0.0000,0.0000,0.0000,7160.0000,0.0000,0.0000,0.0000,0.0000,11,0,0,0,0,2,0,0,0,0
zc,TA305,2012-06-12 09:24:02.767,7150.0000,1218,0,0.0000,0.0000,0,0,空换,S,7150.0000,0.0000,0.0000,0.0000,0.0000,7160.0000,0.0000,0.0000,0.0000,0.0000,11,0,0,0,0,5,0,0,0,0
zc,TA305,2012-06-12 09:24:03.267,7150.0000,1218,0,0.0000,0.0000,0,0,空换,S,7150.0000,0.0000,0.0000,0.0000,0.0000,7160.0000,0.0000,0.0000,0.0000,0.0000,11,0,0,0,0,10,0,0,0,0
zc,TA305,2012-06-12 09:24:07.280,7150.0000,1218,0,0.0000,0.0000,0,0,空换,S,7158.0000,0.0000,0.0000,0.0000,0.0000,7160.0000,0.0000,0.0000,0.0000,0.0000,1,0,0,0,0,9,0,0,0,0
zc,TA305,2012-06-12 09:24:08.530,7150.0000,1218,0,0.0000,0.0000,0,0,空换,S,7158.0000,0.0000,0.0000,0.0000,0.0000,7160.0000,0.0000,0.0000,0.0000,0.0000,1,0,0,0,0,10,0,0,0,0
zc,TA305,2012-06-12 09:24:09.780,7150.0000,1218,0,0.0000,0.0000,0,0,空换,S,7158.0000,0.0000,0.0000,0.0000,0.0000,7162.0000,0.0000,0.0000,0.0000,0.0000,1,0,0,0,0,10,0,0,0,0
zc,TA305,2012-06-12 09:24:11.250,7150.0000,1218,0,0.0000,0.0000,0,0,空换,S,7160.0000,0.0000,0.0000,0.0000,0.0000,7162.0000,0.0000,0.0000,0.0000,0.0000,1,0,0,0,0,10,0,0,0,0
zc,TA305,2012-06-12 09:24:12.517,7160.0000,1220,2,0.0000,2.0000,2,0,双开,B,7158.0000,0.0000,0.0000,0.0000,0.0000,7162.0000,0.0000,0.0000,0.0000,0.0000,1,0,0,0,0,9,0,0,0,0
zc,TA305,2012-06-12 09:24:13.780,7160.0000,1220,0,0.0000,0.0000,0,0,多换,B,7158.0000,0.0000,0.0000,0.0000,0.0000,7160.0000,0.0000,0.0000,0.0000,0.0000,1,0,0,0,0,9,0,0,0,0
zc,TA305,2012-06-12 09:24:15.030,7160.0000,1222,2,0.0000,2.0000,2,0,双开,B,7158.0000,0.0000,0.0000,0.0000,0.0000,7160.0000,0.0000,0.0000,0.0000,0.0000,1,0,0,0,0,8,0,0,0,0
zc,TA305,2012-06-12 09:24:15.500,7160.0000,1222,0,0.0000,0.0000,0,0,多换,B,7158.0000,0.0000,0.0000,0.0000,0.0000,7160.0000,0.0000,0.0000,0.0000,0.0000,1,0,0,0,0,2,0,0,0,0
zc,TA305,2012-06-12 09:24:17.297,7160.0000,1222,0,0.0000,0.0000,0,0,多换,B,7158.0000,0.0000,0.0000,0.0000,0.0000,7162.0000,0.0000,0.0000,0.0000,0.0000,1,0,0,0,0,9,0,0,0,0
zc,TA305,2012-06-12 09:24:18.267,7160.0000,1222,0,0.0000,0.0000,0,0,多换,B,7158.0000,0.0000,0.0000,0.0000,0.0000,7162.0000,0.0000,0.0000,0.0000,0.0000,1,0,0,0,0,8,0,0,0,0
zc,TA305,2012-06-12 09:24:20.517,7160.0000,1222,0,0.0000,0.0000,0,0,多换,B,7158.0000,0.0000,0.0000,0.0000,0.0000,7162.0000,0.0000,0.0000,0.0000,0.0000,1,0,0,0,0,9,0,0,0,0
zc,TA305,2012-06-12 09:24:21.267,7160.0000,1222,0,0.0000,0.0000,0,0,多换,B,7158.0000,0.0000,0.0000,0.0000,0.0000,7160.0000,0.0000,0.0000,0.0000,0.0000,1,0,0,0,0,8,0,0,0,0
zc,TA305,2012-06-12 09:24:23.063,7158.0000,1224,2,0.0000,2.0000,2,0,双开,S,7150.0000,0.0000,0.0000,0.0000,0.0000,7158.0000,0.0000,0.0000,0.0000,0.0000,10,0,0,0,0,1,0,0,0,0
zc,TA305,2012-06-12 09:24:23.517,7158.0000,1224,0,0.0000,0.0000,0,0,空换,S,7150.0000,0.0000,0.0000,0.0000,0.0000,7158.0000,0.0000,0.0000,0.0000,0.0000,10,0,0,0,0,4,0,0,0,0
zc,TA305,2012-06-12 09:24:24.063,7158.0000,1224,0,0.0000,0.0000,0,0,空换,S,7150.0000,0.0000,0.0000,0.0000,0.0000,7160.0000,0.0000,0.0000,0.0000,0.0000,10,0,0,0,0,7,0,0,0,0
zc,TA305,2012-06-12 09:24:25.563,7158.0000,1224,0,0.0000,0.0000,0,0,空换,S,7150.0000,0.0000,0.0000,0.0000,0.0000,7160.0000,0.0000,0.0000,0.0000,0.0000,11,0,0,0,0,7,0,0,0,0
zc,TA305,2012-06-12 09:24:26.297,7158.0000,1224,0,0.0000,0.0000,0,0,空换,S,7150.0000,0.0000,0.0000,0.0000,0.0000,7158.0000,0.0000,0.0000,0.0000,0.0000,10,0,0,0,0,5,0,0,0,0
zc,TA305,2012-06-12 09:24:27.997,7158.0000,1226,2,0.0000,2.0000,2,0,双开,S,7148.0000,0.0000,0.0000,0.0000,0.0000,7158.0000,0.0000,0.0000,0.0000,0.0000,1,0,0,0,0,6,0,0,0,0
zc,TA305,2012-06-12 09:24:34.017,7158.0000,1226,0,0.0000,0.0000,0,0,空换,S,7146.0000,0.0000,0.0000,0.0000,0.0000,7158.0000,0.0000,0.0000,0.0000,0.0000,1,0,0,0,0,6,0,0,0,0
zc,TA305,2012-06-12 09:24:36.030,7158.0000,1226,0,0.0000,0.0000,0,0,空换,S,7146.0000,0.0000,0.0000,0.0000,0.0000,7156.0000,0.0000,0.0000,0.0000,0.0000,1,0,0,0,0,6,0,0,0,0
zc,TA305,2012-06-12 09:24:36.327,7158.0000,1226,0,0.0000,0.0000,0,0,空换,S,7146.0000,0.0000,0.0000,0.0000,0.0000,7158.0000,0.0000,0.0000,0.0000,0.0000,1,0,0,0,0,7,0,0,0,0
zc,TA305,2012-06-12 09:24:37.517,7158.0000,1226,0,0.0000,0.0000,0,0,空换,S,7148.0000,0.0000,0.0000,0.0000,0.0000,7158.0000,0.0000,0.0000,0.0000,0.0000,1,0,0,0,0,7,0,0,0,0
zc,TA305,2012-06-12 09:24:38.780,7158.0000,1226,0,0.0000,0.0000,0,0,空换,S,7148.0000,0.0000,0.0000,0.0000,0.0000,7158.0000,0.0000,0.0000,0.0000,0.0000,1,0,0,0,0,6,0,0,0,0
zc,TA305,2012-06-12 09:24:40.280,7158.0000,1226,0,0.0000,0.0000,0,0,空换,S,7146.0000,0.0000,0.0000,0.0000,0.0000,7156.0000,0.0000,0.0000,0.0000,0.0000,1,0,0,0,0,1,0,0,0,0
zc,TA305,2012-06-12 09:24:41.030,7158.0000,1226,0,0.0000,0.0000,0,0,空换,S,7148.0000,0.0000,0.0000,0.0000,0.0000,7158.0000,0.0000,0.0000,0.0000,0.0000,1,0,0,0,0,7,0,0,0,0
zc,TA305,2012-06-12 09:24:44.030,7158.0000,1226,0,0.0000,0.0000,0,0,空换,S,7142.0000,0.0000,0.0000,0.0000,0.0000,7156.0000,0.0000,0.0000,0.0000,0.0000,1,0,0,0,0,6,0,0,0,0
zc,TA305,2012-06-12 09:24:45.063,7158.0000,1226,0,0.0000,0.0000,0,0,空换,S,7142.0000,0.0000,0.0000,0.0000,0.0000,7154.0000,0.0000,0.0000,0.0000,0.0000,1,0,0,0,0,6,0,0,0,0
zc,TA305,2012-06-12 09:24:45.577,7158.0000,1226,0,0.0000,0.0000,0,0,空换,S,7142.0000,0.0000,0.0000,0.0000,0.0000,7154.0000,0.0000,0.0000,0.0000,0.0000,1,0,0,0,0,1,0,0,0,0
zc,TA305,2012-06-12 09:24:46.563,7156.0000,1228,2,0.0000,2.0000,2,0,双开,S,7142.0000,0.0000,0.0000,0.0000,0.0000,7156.0000,0.0000,0.0000,0.0000,0.0000,1,0,0,0,0,6,0,0,0,0
zc,TA305,2012-06-12 09:24:47.327,7156.0000,1228,0,0.0000,0.0000,0,0,空换,S,7142.0000,0.0000,0.0000,0.0000,0.0000,7152.0000,0.0000,0.0000,0.0000,0.0000,1,0,0,0,0,5,0,0,0,0
zc,TA305,2012-06-12 09:24:48.280,7156.0000,1228,0,0.0000,0.0000,0,0,空换,S,7142.0000,0.0000,0.0000,0.0000,0.0000,7152.0000,0.0000,0.0000,0.0000,0.0000,1,0,0,0,0,1,0,0,0,0
