市场代码,合约代码,时间,最新,持仓,增仓,成交额,成交量,开仓,平仓,成交类型,方向,买一价,买二价,买三价,买四价,买五价,卖一价,卖二价,卖三价,卖四价,卖五价,买一量,买二量,买三量,买四量,买五量,卖一量,卖二量,卖三量,卖四量,卖五量
zc,WS209,2012-06-12 07:48:13.030,0.0000,229470,0,0.0000,0.0000,0,0,空换,S,0.0000,0.0000,0.0000,0.0000,0.0000,0.0000,0.0000,0.0000,0.0000,0.0000,0,0,0,0,0,0,0,0,0,0
zc,WS209,2012-06-12 08:01:19.297,0.0000,229470,0,0.0000,0.0000,0,0,空换,S,0.0000,0.0000,0.0000,0.0000,0.0000,0.0000,0.0000,0.0000,0.0000,0.0000,0,0,0,0,0,0,0,0,0,0
zc,WS209,2012-06-12 08:02:19.313,0.0000,229470,0,0.0000,0.0000,0,0,空换,S,0.0000,0.0000,0.0000,0.0000,0.0000,0.0000,0.0000,0.0000,0.0000,0.0000,0,0,0,0,0,0,0,0,0,0
zc,WS209,2012-06-12 08:11:19.297,0.0000,229470,0,0.0000,0.0000,0,0,空换,S,0.0000,0.0000,0.0000,0.0000,0.0000,0.0000,0.0000,0.0000,0.0000,0.0000,0,0,0,0,0,0,0,0,0,0
zc,WS209,2012-06-12 08:15:19.297,0.0000,229470,0,0.0000,0.0000,0,0,空换,S,0.0000,0.0000,0.0000,0.0000,0.0000,0.0000,0.0000,0.0000,0.0000,0.0000,0,0,0,0,0,0,0,0,0,0
zc,WS209,2012-06-12 08:18:19.297,0.0000,229470,0,0.0000,0.0000,0,0,空换,S,0.0000,0.0000,0.0000,0.0000,0.0000,0.0000,0.0000,0.0000,0.0000,0.0000,0,0,0,0,0,0,0,0,0,0
zc,WS209,2012-06-12 08:21:19.297,0.0000,229470,0,0.0000,0.0000,0,0,空换,S,0.0000,0.0000,0.0000,0.0000,0.0000,0.0000,0.0000,0.0000,0.0000,0.0000,0,0,0,0,0,0,0,0,0,0
zc,WS209,2012-06-12 08:22:19.297,0.0000,229470,0,0.0000,0.0000,0,0,空换,S,0.0000,0.0000,0.0000,0.0000,0.0000,0.0000,0.0000,0.0000,0.0000,0.0000,0,0,0,0,0,0,0,0,0,0
zc,WS209,2012-06-12 08:23:19.297,0.0000,229470,0,0.0000,0.0000,0,0,空换,S,0.0000,0.0000,0.0000,0.0000,0.0000,0.0000,0.0000,0.0000,0.0000,0.0000,0,0,0,0,0,0,0,0,0,0
zc,WS209,2012-06-12 08:24:19.280,0.0000,229470,0,0.0000,0.0000,0,0,空换,S,0.0000,0.0000,0.0000,0.0000,0.0000,0.0000,0.0000,0.0000,0.0000,0.0000,0,0,0,0,0,0,0,0,0,0
zc,WS209,2012-06-12 08:25:19.280,0.0000,229470,0,0.0000,0.0000,0,0,空换,S,0.0000,0.0000,0.0000,0.0000,0.0000,0.0000,0.0000,0.0000,0.0000,0.0000,0,0,0,0,0,0,0,0,0,0
zc,WS209,2012-06-12 08:26:19.280,0.0000,229470,0,0.0000,0.0000,0,0,空换,S,0.0000,0.0000,0.0000,0.0000,0.0000,0.0000,0.0000,0.0000,0.0000,0.0000,0,0,0,0,0,0,0,0,0,0
zc,WS209,2012-06-12 08:27:19.280,0.0000,229470,0,0.0000,0.0000,0,0,空换,S,0.0000,0.0000,0.0000,0.0000,0.0000,0.0000,0.0000,0.0000,0.0000,0.0000,0,0,0,0,0,0,0,0,0,0
zc,WS209,2012-06-12 08:28:19.280,0.0000,229470,0,0.0000,0.0000,0,0,空换,S,0.0000,0.0000,0.0000,0.0000,0.0000,0.0000,0.0000,0.0000,0.0000,0.0000,0,0,0,0,0,0,0,0,0,0
zc,WS209,2012-06-12 08:34:19.280,0.0000,229470,0,0.0000,0.0000,0,0,空换,S,0.0000,0.0000,0.0000,0.0000,0.0000,0.0000,0.0000,0.0000,0.0000,0.0000,0,0,0,0,0,0,0,0,0,0
zc,WS209,2012-06-12 08:40:19.280,0.0000,229470,0,0.0000,0.0000,0,0,空换,S,0.0000,0.0000,0.0000,0.0000,0.0000,0.0000,0.0000,0.0000,0.0000,0.0000,0,0,0,0,0,0,0,0,0,0
zc,WS209,2012-06-12 08:49:19.267,0.0000,229470,0,0.0000,0.0000,0,0,空换,S,0.0000,0.0000,0.0000,0.0000,0.0000,0.0000,0.0000,0.0000,0.0000,0.0000,0,0,0,0,0,0,0,0,0,0
zc,WS209,2012-06-12 08:55:02.530,0.0000,229470,0,0.0000,0.0000,0,0,空换,S,0.0000,0.0000,0.0000,0.0000,0.0000,0.0000,0.0000,0.0000,0.0000,0.0000,0,0,0,0,0,0,0,0,0,0
zc,WS209,2012-06-12 08:55:03.047,0.0000,229470,0,0.0000,0.0000,0,0,空换,S,0.0000,0.0000,0.0000,0.0000,0.0000,0.0000,0.0000,0.0000,0.0000,0.0000,0,0,0,0,0,0,0,0,0,0
zc,WS209,2012-06-12 08:55:04.750,0.0000,229470,0,0.0000,0.0000,0,0,空换,S,0.0000,0.0000,0.0000,0.0000,0.0000,0.0000,0.0000,0.0000,0.0000,0.0000,0,0,0,0,0,0,0,0,0,0
zc,WS209,2012-06-12 08:55:07.750,0.0000,229470,0,0.0000,0.0000,0,0,空换,S,0.0000,0.0000,0.0000,0.0000,0.0000,0.0000,0.0000,0.0000,0.0000,0.0000,0,0,0,0,0,0,0,0,0,0
zc,WS209,2012-06-12 08:58:43.750,0.0000,229470,0,0.0000,0.0000,0,0,空换,S,0.0000,0.0000,0.0000,0.0000,0.0000,0.0000,0.0000,0.0000,0.0000,0.0000,0,0,0,0,0,0,0,0,0,0
zc,WS209,2012-06-12 08:58:51.233,0.0000,229470,0,0.0000,0.0000,0,0,空换,S,0.0000,0.0000,0.0000,0.0000,0.0000,0.0000,0.0000,0.0000,0.0000,0.0000,0,0,0,0,0,0,0,0,0,0
zc,WS209,2012-06-12 08:58:56.500,0.0000,229470,0,0.0000,0.0000,0,0,空换,S,0.0000,0.0000,0.0000,0.0000,0.0000,0.0000,0.0000,0.0000,0.0000,0.0000,0,0,0,0,0,0,0,0,0,0
zc,WS209,2012-06-12 09:00:02.687,2428.0000,229456,-14,0.0000,324.0000,155,169,空平,B,2429.0000,0.0000,0.0000,0.0000,0.0000,2430.0000,0.0000,0.0000,0.0000,0.0000,1,0,0,0,0,12,0,0,0,0
zc,WS209,2012-06-12 09:00:03.750,2429.0000,229444,-12,0.0000,36.0000,12,24,空平,B,2428.0000,0.0000,0.0000,0.0000,0.0000,2429.0000,0.0000,0.0000,0.0000,0.0000,37,0,0,0,0,1,0,0,0,0
zc,WS209,2012-06-12 09:00:04.997,2429.0000,229440,-4,0.0000,26.0000,11,15,空平,B,2428.0000,0.0000,0.0000,0.0000,0.0000,2429.0000,0.0000,0.0000,0.0000,0.0000,36,0,0,0,0,5,0,0,0,0
zc,WS209,2012-06-12 09:00:05.937,2429.0000,229442,2,0.0000,6.0000,4,2,多开,B,2428.0000,0.0000,0.0000,0.0000,0.0000,2429.0000,0.0000,0.0000,0.0000,0.0000,38,0,0,0,0,2,0,0,0,0
zc,WS209,2012-06-12 09:00:06.657,2429.0000,229444,2,0.0000,4.0000,3,1,多开,B,2428.0000,0.0000,0.0000,0.0000,0.0000,2430.0000,0.0000,0.0000,0.0000,0.0000,37,0,0,0,0,40,0,0,0,0
zc,WS209,2012-06-12 09:00:07.157,2430.0000,229436,-8,0.0000,12.0000,2,10,空平,B,2429.0000,0.0000,0.0000,0.0000,0.0000,2430.0000,0.0000,0.0000,0.0000,0.0000,12,0,0,0,0,36,0,0,0,0
zc,WS209,2012-06-12 09:00:07.623,2429.0000,229434,-2,0.0000,2.0000,0,2,双平,S,2429.0000,0.0000,0.0000,0.0000,0.0000,2430.0000,0.0000,0.0000,0.0000,0.0000,112,0,0,0,0,35,0,0,0,0
zc,WS209,2012-06-12 09:00:08.453,2429.0000,229412,-22,0.0000,38.0000,8,30,多平,S,2429.0000,0.0000,0.0000,0.0000,0.0000,2430.0000,0.0000,0.0000,0.0000,0.0000,94,0,0,0,0,46,0,0,0,0
zc,WS209,2012-06-12 09:00:08.907,2429.0000,229412,0,0.0000,46.0000,23,23,空换,S,2429.0000,0.0000,0.0000,0.0000,0.0000,2430.0000,0.0000,0.0000,0.0000,0.0000,73,0,0,0,0,53,0,0,0,0
zc,WS209,2012-06-12 09:00:09.920,2429.0000,229390,-22,0.0000,174.0000,76,98,多平,S,2428.0000,0.0000,0.0000,0.0000,0.0000,2429.0000,0.0000,0.0000,0.0000,0.0000,37,0,0,0,0,11,0,0,0,0
zc,WS209,2012-06-12 09:00:10.157,2429.0000,229390,0,0.0000,0.0000,0,0,空换,S,2428.0000,0.0000,0.0000,0.0000,0.0000,2429.0000,0.0000,0.0000,0.0000,0.0000,37,0,0,0,0,12,0,0,0,0
zc,WS209,2012-06-12 09:00:11.687,2428.0000,229370,-20,0.0000,70.0000,25,45,多平,S,2428.0000,0.0000,0.0000,0.0000,0.0000,2429.0000,0.0000,0.0000,0.0000,0.0000,3,0,0,0,0,3,0,0,0,0
zc,WS209,2012-06-12 09:00:12.640,2429.0000,229366,-4,0.0000,12.0000,4,8,空平,B,2428.0000,0.0000,0.0000,0.0000,0.0000,2429.0000,0.0000,0.0000,0.0000,0.0000,3,0,0,0,0,6,0,0,0,0
zc,WS209,2012-06-12 09:00:12.907,2429.0000,229366,0,0.0000,0.0000,0,0,多换,B,2428.0000,0.0000,0.0000,0.0000,0.0000,2429.0000,0.0000,0.0000,0.0000,0.0000,4,0,0,0,0,6,0,0,0,0
zc,WS209,2012-06-12 09:00:13.937,2428.0000,229364,-2,0.0000,6.0000,2,4,多平,S,2428.0000,0.0000,0.0000,0.0000,0.0000,2429.0000,0.0000,0.0000,0.0000,0.0000,3,0,0,0,0,6,0,0,0,0
zc,WS209,2012-06-12 09:00:14.420,2428.0000,229364,0,0.0000,6.0000,3,3,空换,S,2428.0000,0.0000,0.0000,0.0000,0.0000,2429.0000,0.0000,0.0000,0.0000,0.0000,1,0,0,0,0,5,0,0,0,0
zc,WS209,2012-06-12 09:00:15.123,2429.0000,229362,-2,0.0000,4.0000,1,3,空平,B,2427.0000,0.0000,0.0000,0.0000,0.0000,2428.0000,0.0000,0.0000,0.0000,0.0000,9,0,0,0,0,1,0,0,0,0
zc,WS209,2012-06-12 09:00:16.670,2428.0000,229362,0,0.0000,6.0000,3,3,空换,S,2427.0000,0.0000,0.0000,0.0000,0.0000,2428.0000,0.0000,0.0000,0.0000,0.0000,5,0,0,0,0,25,0,0,0,0
zc,WS209,2012-06-12 09:00:17.170,2427.0000,229362,0,0.0000,2.0000,1,1,空换,S,2427.0000,0.0000,0.0000,0.0000,0.0000,2428.0000,0.0000,0.0000,0.0000,0.0000,4,0,0,0,0,25,0,0,0,0
zc,WS209,2012-06-12 09:00:18.953,2428.0000,229286,-76,0.0000,80.0000,2,78,空平,B,2427.0000,0.0000,0.0000,0.0000,0.0000,2429.0000,0.0000,0.0000,0.0000,0.0000,4,0,0,0,0,24,0,0,0,0
zc,WS209,2012-06-12 09:00:19.920,2427.0000,229282,-4,0.0000,14.0000,5,9,多平,S,2426.0000,0.0000,0.0000,0.0000,0.0000,2427.0000,0.0000,0.0000,0.0000,0.0000,11,0,0,0,0,77,0,0,0,0
zc,WS209,2012-06-12 09:00:20.640,2427.0000,229282,0,0.0000,0.0000,0,0,空换,S,2426.0000,0.0000,0.0000,0.0000,0.0000,2427.0000,0.0000,0.0000,0.0000,0.0000,11,0,0,0,0,88,0,0,0,0
zc,WS209,2012-06-12 09:00:21.467,2427.0000,229282,0,0.0000,0.0000,0,0,空换,S,2426.0000,0.0000,0.0000,0.0000,0.0000,2427.0000,0.0000,0.0000,0.0000,0.0000,11,0,0,0,0,89,0,0,0,0
zc,WS209,2012-06-12 09:00:22.157,2426.0000,229266,-16,0.0000,28.0000,6,22,多平,S,2425.0000,0.0000,0.0000,0.0000,0.0000,2426.0000,0.0000,0.0000,0.0000,0.0000,28,0,0,0,0,28,0,0,0,0
zc,WS209,2012-06-12 09:00:22.670,2426.0000,229266,0,0.0000,0.0000,0,0,空换,S,2425.0000,0.0000,0.0000,0.0000,0.0000,2426.0000,0.0000,0.0000,0.0000,0.0000,8,0,0,0,0,28,0,0,0,0
zc,WS209,2012-06-12 09:00:23.657,2425.0000,229264,-2,0.0000,4.0000,1,3,多平,S,2425.0000,0.0000,0.0000,0.0000,0.0000,2426.0000,0.0000,0.0000,0.0000,0.0000,8,0,0,0,0,27,0,0,0,0
zc,WS209,2012-06-12 09:00:24.390,2425.0000,229258,-6,0.0000,10.0000,2,8,多平,S,2425.0000,0.0000,0.0000,0.0000,0.0000,2426.0000,0.0000,0.0000,0.0000,0.0000,4,0,0,0,0,26,0,0,0,0
zc,WS209,2012-06-12 09:00:24.907,2425.0000,229258,0,0.0000,0.0000,0,0,空换,S,2425.0000,0.0000,0.0000,0.0000,0.0000,2426.0000,0.0000,0.0000,0.0000,0.0000,6,0,0,0,0,26,0,0,0,0
zc,WS209,2012-06-12 09:00:25.610,2425.0000,229258,0,0.0000,12.0000,6,6,空换,S,2424.0000,0.0000,0.0000,0.0000,0.0000,2425.0000,0.0000,0.0000,0.0000,0.0000,27,0,0,0,0,13,0,0,0,0
zc,WS209,2012-06-12 09:00:26.157,2426.0000,229182,-76,0.0000,76.0000,0,76,双平,B,2426.0000,0.0000,0.0000,0.0000,0.0000,2427.0000,0.0000,0.0000,0.0000,0.0000,13,0,0,0,0,91,0,0,0,0
zc,WS209,2012-06-12 09:00:26.860,2426.0000,229158,-24,0.0000,24.0000,0,24,双平,B,2426.0000,0.0000,0.0000,0.0000,0.0000,2427.0000,0.0000,0.0000,0.0000,0.0000,31,0,0,0,0,90,0,0,0,0
zc,WS209,2012-06-12 09:00:27.373,2426.0000,229158,0,0.0000,6.0000,3,3,多换,B,2426.0000,0.0000,0.0000,0.0000,0.0000,2427.0000,0.0000,0.0000,0.0000,0.0000,30,0,0,0,0,87,0,0,0,0
zc,WS209,2012-06-12 09:00:28.123,2426.0000,229098,-60,0.0000,60.0000,0,60,双平,B,2425.0000,0.0000,0.0000,0.0000,0.0000,2427.0000,0.0000,0.0000,0.0000,0.0000,1,0,0,0,0,87,0,0,0,0
zc,WS209,2012-06-12 09:00:28.670,2426.0000,229098,0,0.0000,0.0000,0,0,多换,B,2425.0000,0.0000,0.0000,0.0000,0.0000,2426.0000,0.0000,0.0000,0.0000,0.0000,2,0,0,0,0,181,0,0,0,0
zc,WS209,2012-06-12 09:00:29.360,2426.0000,229098,0,0.0000,0.0000,0,0,多换,B,2425.0000,0.0000,0.0000,0.0000,0.0000,2426.0000,0.0000,0.0000,0.0000,0.0000,4,0,0,0,0,181,0,0,0,0
zc,WS209,2012-06-12 09:00:29.953,2426.0000,229096,-2,0.0000,2.0000,0,2,双平,B,2425.0000,0.0000,0.0000,0.0000,0.0000,2426.0000,0.0000,0.0000,0.0000,0.0000,7,0,0,0,0,180,0,0,0,0
zc,WS209,2012-06-12 09:00:30.703,2426.0000,229096,0,0.0000,2.0000,1,1,多换,B,2425.0000,0.0000,0.0000,0.0000,0.0000,2426.0000,0.0000,0.0000,0.0000,0.0000,8,0,0,0,0,179,0,0,0,0
zc,WS209,2012-06-12 09:00:31.187,2425.0000,229092,-4,0.0000,24.0000,10,14,多平,S,2424.0000,0.0000,0.0000,0.0000,0.0000,2425.0000,0.0000,0.0000,0.0000,0.0000,28,0,0,0,0,1,0,0,0,0
zc,WS209,2012-06-12 09:00:31.890,2424.0000,229084,-8,0.0000,20.0000,6,14,多平,S,2424.0000,0.0000,0.0000,0.0000,0.0000,2426.0000,0.0000,0.0000,0.0000,0.0000,20,0,0,0,0,182,0,0,0,0
zc,WS209,2012-06-12 09:00:32.657,2426.0000,229084,0,0.0000,2.0000,1,1,多换,B,2425.0000,0.0000,0.0000,0.0000,0.0000,2426.0000,0.0000,0.0000,0.0000,0.0000,1,0,0,0,0,181,0,0,0,0
zc,WS209,2012-06-12 09:00:33.170,2426.0000,229080,-4,0.0000,6.0000,1,5,空平,B,2425.0000,0.0000,0.0000,0.0000,0.0000,2426.0000,0.0000,0.0000,0.0000,0.0000,2,0,0,0,0,178,0,0,0,0
zc,WS209,2012-06-12 09:00:33.907,2426.0000,229080,0,0.0000,2.0000,1,1,多换,B,2425.0000,0.0000,0.0000,0.0000,0.0000,2426.0000,0.0000,0.0000,0.0000,0.0000,3,0,0,0,0,177,0,0,0,0
zc,WS209,2012-06-12 09:00:34.390,2426.0000,229080,0,0.0000,2.0000,1,1,多换,B,2425.0000,0.0000,0.0000,0.0000,0.0000,2426.0000,0.0000,0.0000,0.0000,0.0000,4,0,0,0,0,176,0,0,0,0
zc,WS209,2012-06-12 09:00:35.157,2426.0000,229080,0,0.0000,6.0000,3,3,多换,B,2425.0000,0.0000,0.0000,0.0000,0.0000,2426.0000,0.0000,0.0000,0.0000,0.0000,12,0,0,0,0,173,0,0,0,0
zc,WS209,2012-06-12 09:00:35.657,2425.0000,229078,-2,0.0000,22.0000,10,12,多平,S,2425.0000,0.0000,0.0000,0.0000,0.0000,2426.0000,0.0000,0.0000,0.0000,0.0000,11,0,0,0,0,164,0,0,0,0
zc,WS209,2012-06-12 09:00:36.360,2425.0000,229076,-2,0.0000,22.0000,10,12,多平,S,2425.0000,0.0000,0.0000,0.0000,0.0000,2426.0000,0.0000,0.0000,0.0000,0.0000,1,0,0,0,0,163,0,0,0,0
zc,WS209,2012-06-12 09:00:36.860,2425.0000,229076,0,0.0000,2.0000,1,1,空换,S,2425.0000,0.0000,0.0000,0.0000,0.0000,2426.0000,0.0000,0.0000,0.0000,0.0000,2,0,0,0,0,163,0,0,0,0
zc,WS209,2012-06-12 09:00:37.640,2425.0000,229074,-2,0.0000,2.0000,0,2,双平,S,2425.0000,0.0000,0.0000,0.0000,0.0000,2426.0000,0.0000,0.0000,0.0000,0.0000,33,0,0,0,0,172,0,0,0,0
zc,WS209,2012-06-12 09:00:38.407,2426.0000,229072,-2,0.0000,6.0000,2,4,空平,B,2425.0000,0.0000,0.0000,0.0000,0.0000,2426.0000,0.0000,0.0000,0.0000,0.0000,31,0,0,0,0,175,0,0,0,0
zc,WS209,2012-06-12 09:00:39.157,2426.0000,229072,0,0.0000,0.0000,0,0,多换,B,2425.0000,0.0000,0.0000,0.0000,0.0000,2426.0000,0.0000,0.0000,0.0000,0.0000,34,0,0,0,0,172,0,0,0,0
zc,WS209,2012-06-12 09:00:40.373,2426.0000,229072,0,0.0000,10.0000,5,5,多换,B,2425.0000,0.0000,0.0000,0.0000,0.0000,2426.0000,0.0000,0.0000,0.0000,0.0000,37,0,0,0,0,164,0,0,0,0
zc,WS209,2012-06-12 09:00:40.873,2426.0000,229072,0,0.0000,40.0000,20,20,多换,B,2425.0000,0.0000,0.0000,0.0000,0.0000,2426.0000,0.0000,0.0000,0.0000,0.0000,37,0,0,0,0,144,0,0,0,0
zc,WS209,2012-06-12 09:00:41.407,2426.0000,229072,0,0.0000,0.0000,0,0,多换,B,2425.0000,0.0000,0.0000,0.0000,0.0000,2426.0000,0.0000,0.0000,0.0000,0.0000,54,0,0,0,0,144,0,0,0,0
zc,WS209,2012-06-12 09:00:41.907,2425.0000,229036,-36,0.0000,38.0000,1,37,多平,S,2425.0000,0.0000,0.0000,0.0000,0.0000,2426.0000,0.0000,0.0000,0.0000,0.0000,42,0,0,0,0,143,0,0,0,0
zc,WS209,2012-06-12 09:00:42.640,2426.0000,229020,-16,0.0000,16.0000,0,16,双平,B,2425.0000,0.0000,0.0000,0.0000,0.0000,2426.0000,0.0000,0.0000,0.0000,0.0000,56,0,0,0,0,135,0,0,0,0
zc,WS209,2012-06-12 09:00:43.390,2425.0000,229018,-2,0.0000,2.0000,0,2,双平,S,2425.0000,0.0000,0.0000,0.0000,0.0000,2426.0000,0.0000,0.0000,0.0000,0.0000,58,0,0,0,0,135,0,0,0,0
zc,WS209,2012-06-12 09:00:44.140,2425.0000,229018,0,0.0000,0.0000,0,0,空换,S,2425.0000,0.0000,0.0000,0.0000,0.0000,2426.0000,0.0000,0.0000,0.0000,0.0000,40,0,0,0,0,136,0,0,0,0
zc,WS209,2012-06-12 09:00:44.610,2426.0000,229018,0,0.0000,2.0000,1,1,多换,B,2425.0000,0.0000,0.0000,0.0000,0.0000,2426.0000,0.0000,0.0000,0.0000,0.0000,42,0,0,0,0,135,0,0,0,0
zc,WS209,2012-06-12 09:00:45.860,2426.0000,229018,0,0.0000,0.0000,0,0,多换,B,2425.0000,0.0000,0.0000,0.0000,0.0000,2426.0000,0.0000,0.0000,0.0000,0.0000,61,0,0,0,0,135,0,0,0,0
zc,WS209,2012-06-12 09:00:46.890,2426.0000,229012,-6,0.0000,6.0000,0,6,双平,B,2425.0000,0.0000,0.0000,0.0000,0.0000,2426.0000,0.0000,0.0000,0.0000,0.0000,61,0,0,0,0,133,0,0,0,0
zc,WS209,2012-06-12 09:00:47.420,2425.0000,229012,0,0.0000,10.0000,5,5,空换,S,2425.0000,0.0000,0.0000,0.0000,0.0000,2426.0000,0.0000,0.0000,0.0000,0.0000,106,0,0,0,0,133,0,0,0,0
zc,WS209,2012-06-12 09:00:47.827,2425.0000,228968,-44,0.0000,48.0000,2,46,多平,S,2425.0000,0.0000,0.0000,0.0000,0.0000,2426.0000,0.0000,0.0000,0.0000,0.0000,93,0,0,0,0,133,0,0,0,0
zc,WS209,2012-06-12 09:00:48.577,2425.0000,228968,0,0.0000,0.0000,0,0,空换,S,2425.0000,0.0000,0.0000,0.0000,0.0000,2426.0000,0.0000,0.0000,0.0000,0.0000,127,0,0,0,0,233,0,0,0,0
zc,WS209,2012-06-12 09:00:49.360,2426.0000,228942,-26,0.0000,32.0000,3,29,空平,B,2425.0000,0.0000,0.0000,0.0000,0.0000,2426.0000,0.0000,0.0000,0.0000,0.0000,137,0,0,0,0,218,0,0,0,0
zc,WS209,2012-06-12 09:00:49.860,2426.0000,228942,0,0.0000,4.0000,2,2,多换,B,2425.0000,0.0000,0.0000,0.0000,0.0000,2426.0000,0.0000,0.0000,0.0000,0.0000,167,0,0,0,0,216,0,0,0,0
zc,WS209,2012-06-12 09:00:50.360,2426.0000,228942,0,0.0000,0.0000,0,0,多换,B,2425.0000,0.0000,0.0000,0.0000,0.0000,2426.0000,0.0000,0.0000,0.0000,0.0000,168,0,0,0,0,216,0,0,0,0
zc,WS209,2012-06-12 09:00:51.907,2426.0000,228942,0,0.0000,2.0000,1,1,多换,B,2425.0000,0.0000,0.0000,0.0000,0.0000,2426.0000,0.0000,0.0000,0.0000,0.0000,171,0,0,0,0,217,0,0,0,0
zc,WS209,2012-06-12 09:00:52.373,2425.0000,228850,-92,0.0000,388.0000,148,240,多平,S,2424.0000,0.0000,0.0000,0.0000,0.0000,2425.0000,0.0000,0.0000,0.0000,0.0000,73,0,0,0,0,36,0,0,0,0
zc,WS209,2012-06-12 09:00:53.140,2425.0000,228850,0,0.0000,74.0000,37,37,空换,S,2425.0000,0.0000,0.0000,0.0000,0.0000,2426.0000,0.0000,0.0000,0.0000,0.0000,4,0,0,0,0,217,0,0,0,0
zc,WS209,2012-06-12 09:00:53.610,2426.0000,228850,0,0.0000,2.0000,1,1,多换,B,2425.0000,0.0000,0.0000,0.0000,0.0000,2426.0000,0.0000,0.0000,0.0000,0.0000,16,0,0,0,0,216,0,0,0,0
zc,WS209,2012-06-12 09:00:54.390,2425.0000,228842,-8,0.0000,8.0000,0,8,双平,S,2425.0000,0.0000,0.0000,0.0000,0.0000,2426.0000,0.0000,0.0000,0.0000,0.0000,12,0,0,0,0,216,0,0,0,0
zc,WS209,2012-06-12 09:00:54.843,2425.0000,228842,0,0.0000,4.0000,2,2,空换,S,2425.0000,0.0000,0.0000,0.0000,0.0000,2426.0000,0.0000,0.0000,0.0000,0.0000,11,0,0,0,0,216,0,0,0,0
zc,WS209,2012-06-12 09:00:55.593,2425.0000,228842,0,0.0000,6.0000,3,3,空换,S,2425.0000,0.0000,0.0000,0.0000,0.0000,2426.0000,0.0000,0.0000,0.0000,0.0000,8,0,0,0,0,218,0,0,0,0
zc,WS209,2012-06-12 09:00:56.890,2425.0000,228842,0,0.0000,2.0000,1,1,空换,S,2425.0000,0.0000,0.0000,0.0000,0.0000,2426.0000,0.0000,0.0000,0.0000,0.0000,7,0,0,0,0,218,0,0,0,0
zc,WS209,2012-06-12 09:00:57.390,2425.0000,228842,0,0.0000,12.0000,6,6,空换,S,2425.0000,0.0000,0.0000,0.0000,0.0000,2426.0000,0.0000,0.0000,0.0000,0.0000,3,0,0,0,0,219,0,0,0,0
zc,WS209,2012-06-12 09:00:58.110,2425.0000,228842,0,0.0000,0.0000,0,0,空换,S,2425.0000,0.0000,0.0000,0.0000,0.0000,2426.0000,0.0000,0.0000,0.0000,0.0000,11,0,0,0,0,219,0,0,0,0
zc,WS209,2012-06-12 09:00:58.907,2425.0000,228842,0,0.0000,12.0000,6,6,空换,S,2425.0000,0.0000,0.0000,0.0000,0.0000,2426.0000,0.0000,0.0000,0.0000,0.0000,6,0,0,0,0,218,0,0,0,0
zc,WS209,2012-06-12 09:01:00.873,2425.0000,228844,2,0.0000,2.0000,2,0,双开,S,2425.0000,0.0000,0.0000,0.0000,0.0000,2426.0000,0.0000,0.0000,0.0000,0.0000,135,0,0,0,0,218,0,0,0,0
zc,WS209,2012-06-12 09:01:01.373,2425.0000,228844,0,0.0000,26.0000,13,13,空换,S,2425.0000,0.0000,0.0000,0.0000,0.0000,2426.0000,0.0000,0.0000,0.0000,0.0000,132,0,0,0,0,208,0,0,0,0
zc,WS209,2012-06-12 09:01:01.907,2425.0000,228848,4,0.0000,4.0000,4,0,双开,S,2425.0000,0.0000,0.0000,0.0000,0.0000,2426.0000,0.0000,0.0000,0.0000,0.0000,130,0,0,0,0,208,0,0,0,0
zc,WS209,2012-06-12 09:01:02.640,2425.0000,228834,-14,0.0000,16.0000,1,15,多平,S,2425.0000,0.0000,0.0000,0.0000,0.0000,2426.0000,0.0000,0.0000,0.0000,0.0000,123,0,0,0,0,205,0,0,0,0
zc,WS209,2012-06-12 09:01:03.407,2425.0000,228834,0,0.0000,106.0000,53,53,空换,S,2425.0000,0.0000,0.0000,0.0000,0.0000,2426.0000,0.0000,0.0000,0.0000,0.0000,71,0,0,0,0,205,0,0,0,0
zc,WS209,2012-06-12 09:01:04.077,2425.0000,228830,-4,0.0000,4.0000,0,4,双平,S,2425.0000,0.0000,0.0000,0.0000,0.0000,2426.0000,0.0000,0.0000,0.0000,0.0000,70,0,0,0,0,205,0,0,0,0
zc,WS209,2012-06-12 09:01:04.623,2426.0000,228830,0,0.0000,2.0000,1,1,多换,B,2425.0000,0.0000,0.0000,0.0000,0.0000,2426.0000,0.0000,0.0000,0.0000,0.0000,70,0,0,0,0,204,0,0,0,0
zc,WS209,2012-06-12 09:01:05.843,2426.0000,228830,0,0.0000,0.0000,0,0,多换,B,2425.0000,0.0000,0.0000,0.0000,0.0000,2426.0000,0.0000,0.0000,0.0000,0.0000,70,0,0,0,0,201,0,0,0,0
zc,WS209,2012-06-12 09:01:07.110,2426.0000,228830,0,0.0000,0.0000,0,0,多换,B,2425.0000,0.0000,0.0000,0.0000,0.0000,2426.0000,0.0000,0.0000,0.0000,0.0000,103,0,0,0,0,201,0,0,0,0
zc,WS209,2012-06-12 09:01:07.860,2426.0000,228830,0,0.0000,0.0000,0,0,多换,B,2425.0000,0.0000,0.0000,0.0000,0.0000,2426.0000,0.0000,0.0000,0.0000,0.0000,104,0,0,0,0,201,0,0,0,0
zc,WS209,2012-06-12 09:01:08.610,2426.0000,228828,-2,0.0000,4.0000,1,3,空平,B,2425.0000,0.0000,0.0000,0.0000,0.0000,2426.0000,0.0000,0.0000,0.0000,0.0000,141,0,0,0,0,199,0,0,0,0
zc,WS209,2012-06-12 09:01:09.860,2425.0000,228610,-218,0.0000,420.0000,101,319,多平,S,2426.0000,0.0000,0.0000,0.0000,0.0000,2427.0000,0.0000,0.0000,0.0000,0.0000,4,0,0,0,0,1,0,0,0,0
zc,WS209,2012-06-12 09:01:10.610,2425.0000,228610,0,0.0000,0.0000,0,0,空换,S,2426.0000,0.0000,0.0000,0.0000,0.0000,2427.0000,0.0000,0.0000,0.0000,0.0000,13,0,0,0,0,1,0,0,0,0
zc,WS209,2012-06-12 09:01:11.123,2425.0000,228610,0,0.0000,0.0000,0,0,空换,S,2426.0000,0.0000,0.0000,0.0000,0.0000,2427.0000,0.0000,0.0000,0.0000,0.0000,33,0,0,0,0,2,0,0,0,0
zc,WS209,2012-06-12 09:01:12.360,2426.0000,228608,-2,0.0000,2.0000,0,2,双平,B,2426.0000,0.0000,0.0000,0.0000,0.0000,2427.0000,0.0000,0.0000,0.0000,0.0000,32,0,0,0,0,2,0,0,0,0
zc,WS209,2012-06-12 09:01:13.093,2426.0000,228608,0,0.0000,0.0000,0,0,多换,B,2426.0000,0.0000,0.0000,0.0000,0.0000,2427.0000,0.0000,0.0000,0.0000,0.0000,33,0,0,0,0,3,0,0,0,0
zc,WS209,2012-06-12 09:01:13.623,2427.0000,228608,0,0.0000,6.0000,3,3,多换,B,2427.0000,0.0000,0.0000,0.0000,0.0000,2428.0000,0.0000,0.0000,0.0000,0.0000,3,0,0,0,0,22,0,0,0,0
zc,WS209,2012-06-12 09:01:14.327,2427.0000,228608,0,0.0000,0.0000,0,0,多换,B,2427.0000,0.0000,0.0000,0.0000,0.0000,2428.0000,0.0000,0.0000,0.0000,0.0000,4,0,0,0,0,25,0,0,0,0
zc,WS209,2012-06-12 09:01:14.873,2427.0000,228608,0,0.0000,0.0000,0,0,多换,B,2427.0000,0.0000,0.0000,0.0000,0.0000,2428.0000,0.0000,0.0000,0.0000,0.0000,7,0,0,0,0,25,0,0,0,0
zc,WS209,2012-06-12 09:01:15.623,2427.0000,228608,0,0.0000,16.0000,8,8,多换,B,2426.0000,0.0000,0.0000,0.0000,0.0000,2427.0000,0.0000,0.0000,0.0000,0.0000,72,0,0,0,0,1,0,0,0,0
zc,WS209,2012-06-12 09:01:16.860,2427.0000,228608,0,0.0000,0.0000,0,0,多换,B,2426.0000,0.0000,0.0000,0.0000,0.0000,2427.0000,0.0000,0.0000,0.0000,0.0000,76,0,0,0,0,1,0,0,0,0
zc,WS209,2012-06-12 09:01:17.140,2428.0000,228606,-2,0.0000,4.0000,1,3,空平,B,2426.0000,0.0000,0.0000,0.0000,0.0000,2427.0000,0.0000,0.0000,0.0000,0.0000,76,0,0,0,0,1,0,0,0,0
zc,WS209,2012-06-12 09:01:18.593,2427.0000,228604,-2,0.0000,2.0000,0,2,双平,S,2426.0000,0.0000,0.0000,0.0000,0.0000,2428.0000,0.0000,0.0000,0.0000,0.0000,77,0,0,0,0,3,0,0,0,0
zc,WS209,2012-06-12 09:01:19.500,2427.0000,228604,0,0.0000,0.0000,0,0,空换,S,2426.0000,0.0000,0.0000,0.0000,0.0000,2428.0000,0.0000,0.0000,0.0000,0.0000,77,0,0,0,0,2,0,0,0,0
zc,WS209,2012-06-12 09:01:19.813,2427.0000,228604,0,0.0000,0.0000,0,0,空换,S,2427.0000,0.0000,0.0000,0.0000,0.0000,2428.0000,0.0000,0.0000,0.0000,0.0000,13,0,0,0,0,3,0,0,0,0
zc,WS209,2012-06-12 09:01:20.623,2427.0000,228604,0,0.0000,0.0000,0,0,空换,S,2427.0000,0.0000,0.0000,0.0000,0.0000,2428.0000,0.0000,0.0000,0.0000,0.0000,11,0,0,0,0,4,0,0,0,0
zc,WS209,2012-06-12 09:01:21.110,2427.0000,228604,0,0.0000,0.0000,0,0,空换,S,2427.0000,0.0000,0.0000,0.0000,0.0000,2428.0000,0.0000,0.0000,0.0000,0.0000,15,0,0,0,0,4,0,0,0,0
zc,WS209,2012-06-12 09:01:21.827,2427.0000,228604,0,0.0000,0.0000,0,0,空换,S,2427.0000,0.0000,0.0000,0.0000,0.0000,2428.0000,0.0000,0.0000,0.0000,0.0000,16,0,0,0,0,4,0,0,0,0
zc,WS209,2012-06-12 09:01:22.407,2427.0000,228604,0,0.0000,0.0000,0,0,空换,S,2427.0000,0.0000,0.0000,0.0000,0.0000,2428.0000,0.0000,0.0000,0.0000,0.0000,15,0,0,0,0,4,0,0,0,0
zc,WS209,2012-06-12 09:01:23.110,2427.0000,228604,0,0.0000,0.0000,0,0,空换,S,2427.0000,0.0000,0.0000,0.0000,0.0000,2428.0000,0.0000,0.0000,0.0000,0.0000,14,0,0,0,0,5,0,0,0,0
zc,WS209,2012-06-12 09:01:23.610,2427.0000,228604,0,0.0000,2.0000,1,1,空换,S,2427.0000,0.0000,0.0000,0.0000,0.0000,2428.0000,0.0000,0.0000,0.0000,0.0000,13,0,0,0,0,5,0,0,0,0
zc,WS209,2012-06-12 09:01:24.373,2429.0000,228598,-6,0.0000,8.0000,1,7,空平,B,2427.0000,0.0000,0.0000,0.0000,0.0000,2429.0000,0.0000,0.0000,0.0000,0.0000,13,0,0,0,0,3,0,0,0,0
zc,WS209,2012-06-12 09:01:24.827,2429.0000,228598,0,0.0000,0.0000,0,0,多换,B,2428.0000,0.0000,0.0000,0.0000,0.0000,2429.0000,0.0000,0.0000,0.0000,0.0000,1,0,0,0,0,5,0,0,0,0
zc,WS209,2012-06-12 09:01:25.360,2428.0000,228596,-2,0.0000,2.0000,0,2,双平,S,2427.0000,0.0000,0.0000,0.0000,0.0000,2428.0000,0.0000,0.0000,0.0000,0.0000,14,0,0,0,0,1,0,0,0,0
zc,WS209,2012-06-12 09:01:26.077,2428.0000,228596,0,0.0000,0.0000,0,0,空换,S,2427.0000,0.0000,0.0000,0.0000,0.0000,2429.0000,0.0000,0.0000,0.0000,0.0000,14,0,0,0,0,16,0,0,0,0
zc,WS209,2012-06-12 09:01:26.623,2428.0000,228596,0,0.0000,0.0000,0,0,空换,S,2427.0000,0.0000,0.0000,0.0000,0.0000,2429.0000,0.0000,0.0000,0.0000,0.0000,15,0,0,0,0,17,0,0,0,0
zc,WS209,2012-06-12 09:01:27.360,2428.0000,228596,0,0.0000,0.0000,0,0,空换,S,2427.0000,0.0000,0.0000,0.0000,0.0000,2428.0000,0.0000,0.0000,0.0000,0.0000,16,0,0,0,0,5,0,0,0,0
zc,WS209,2012-06-12 09:01:27.827,2428.0000,228596,0,0.0000,0.0000,0,0,空换,S,2427.0000,0.0000,0.0000,0.0000,0.0000,2428.0000,0.0000,0.0000,0.0000,0.0000,17,0,0,0,0,29,0,0,0,0
zc,WS209,2012-06-12 09:01:28.623,2428.0000,228596,0,0.0000,0.0000,0,0,空换,S,2427.0000,0.0000,0.0000,0.0000,0.0000,2428.0000,0.0000,0.0000,0.0000,0.0000,18,0,0,0,0,30,0,0,0,0
zc,WS209,2012-06-12 09:01:30.360,2428.0000,228596,0,0.0000,0.0000,0,0,空换,S,2427.0000,0.0000,0.0000,0.0000,0.0000,2428.0000,0.0000,0.0000,0.0000,0.0000,19,0,0,0,0,29,0,0,0,0
zc,WS209,2012-06-12 09:01:31.077,2428.0000,228596,0,0.0000,0.0000,0,0,空换,S,2427.0000,0.0000,0.0000,0.0000,0.0000,2428.0000,0.0000,0.0000,0.0000,0.0000,19,0,0,0,0,30,0,0,0,0
zc,WS209,2012-06-12 09:01:31.593,2428.0000,228596,0,0.0000,2.0000,1,1,空换,S,2427.0000,0.0000,0.0000,0.0000,0.0000,2428.0000,0.0000,0.0000,0.0000,0.0000,20,0,0,0,0,29,0,0,0,0
zc,WS209,2012-06-12 09:01:32.373,2427.0000,228596,0,0.0000,56.0000,28,28,空换,S,2427.0000,0.0000,0.0000,0.0000,0.0000,2428.0000,0.0000,0.0000,0.0000,0.0000,12,0,0,0,0,1,0,0,0,0
zc,WS209,2012-06-12 09:01:34.093,2427.0000,228596,0,0.0000,0.0000,0,0,空换,S,2427.0000,0.0000,0.0000,0.0000,0.0000,2428.0000,0.0000,0.0000,0.0000,0.0000,12,0,0,0,0,3,0,0,0,0
zc,WS209,2012-06-12 09:01:34.907,2427.0000,228596,0,0.0000,0.0000,0,0,空换,S,2427.0000,0.0000,0.0000,0.0000,0.0000,2428.0000,0.0000,0.0000,0.0000,0.0000,12,0,0,0,0,8,0,0,0,0
zc,WS209,2012-06-12 09:01:35.390,2428.0000,228600,4,0.0000,4.0000,4,0,双开,B,2427.0000,0.0000,0.0000,0.0000,0.0000,2428.0000,0.0000,0.0000,0.0000,0.0000,12,0,0,0,0,21,0,0,0,0
zc,WS209,2012-06-12 09:01:36.623,2428.0000,228600,0,0.0000,0.0000,0,0,多换,B,2427.0000,0.0000,0.0000,0.0000,0.0000,2428.0000,0.0000,0.0000,0.0000,0.0000,14,0,0,0,0,21,0,0,0,0
zc,WS209,2012-06-12 09:01:38.157,2428.0000,228604,4,0.0000,4.0000,4,0,双开,B,2427.0000,0.0000,0.0000,0.0000,0.0000,2428.0000,0.0000,0.0000,0.0000,0.0000,14,0,0,0,0,20,0,0,0,0
zc,WS209,2012-06-12 09:01:38.640,2428.0000,228604,0,0.0000,0.0000,0,0,多换,B,2427.0000,0.0000,0.0000,0.0000,0.0000,2428.0000,0.0000,0.0000,0.0000,0.0000,13,0,0,0,0,20,0,0,0,0
zc,WS209,2012-06-12 09:01:39.313,2428.0000,228604,0,0.0000,0.0000,0,0,多换,B,2427.0000,0.0000,0.0000,0.0000,0.0000,2428.0000,0.0000,0.0000,0.0000,0.0000,13,0,0,0,0,4,0,0,0,0
zc,WS209,2012-06-12 09:01:41.077,2428.0000,228604,0,0.0000,0.0000,0,0,多换,B,2427.0000,0.0000,0.0000,0.0000,0.0000,2428.0000,0.0000,0.0000,0.0000,0.0000,12,0,0,0,0,4,0,0,0,0
zc,WS209,2012-06-12 09:01:41.860,2428.0000,228606,2,0.0000,8.0000,5,3,多开,B,2428.0000,0.0000,0.0000,0.0000,0.0000,2429.0000,0.0000,0.0000,0.0000,0.0000,1,0,0,0,0,22,0,0,0,0
zc,WS209,2012-06-12 09:01:42.360,2428.0000,228608,2,0.0000,2.0000,2,0,双开,B,2427.0000,0.0000,0.0000,0.0000,0.0000,2428.0000,0.0000,0.0000,0.0000,0.0000,12,0,0,0,0,19,0,0,0,0
zc,WS209,2012-06-12 09:01:42.890,2428.0000,228608,0,0.0000,0.0000,0,0,多换,B,2427.0000,0.0000,0.0000,0.0000,0.0000,2429.0000,0.0000,0.0000,0.0000,0.0000,14,0,0,0,0,24,0,0,0,0
zc,WS209,2012-06-12 09:01:44.140,2428.0000,228608,0,0.0000,0.0000,0,0,多换,B,2427.0000,0.0000,0.0000,0.0000,0.0000,2428.0000,0.0000,0.0000,0.0000,0.0000,15,0,0,0,0,3,0,0,0,0
zc,WS209,2012-06-12 09:01:44.547,2428.0000,228614,6,0.0000,6.0000,6,0,双开,B,2428.0000,0.0000,0.0000,0.0000,0.0000,2429.0000,0.0000,0.0000,0.0000,0.0000,47,0,0,0,0,34,0,0,0,0
zc,WS209,2012-06-12 09:01:45.343,2428.0000,228614,0,0.0000,0.0000,0,0,多换,B,2428.0000,0.0000,0.0000,0.0000,0.0000,2429.0000,0.0000,0.0000,0.0000,0.0000,47,0,0,0,0,35,0,0,0,0
zc,WS209,2012-06-12 09:01:45.920,2428.0000,228614,0,0.0000,0.0000,0,0,多换,B,2428.0000,0.0000,0.0000,0.0000,0.0000,2429.0000,0.0000,0.0000,0.0000,0.0000,47,0,0,0,0,36,0,0,0,0
zc,WS209,2012-06-12 09:01:46.623,2428.0000,228614,0,0.0000,2.0000,1,1,多换,B,2428.0000,0.0000,0.0000,0.0000,0.0000,2429.0000,0.0000,0.0000,0.0000,0.0000,46,0,0,0,0,36,0,0,0,0
zc,WS209,2012-06-12 09:01:47.047,2429.0000,228614,0,0.0000,2.0000,1,1,多换,B,2428.0000,0.0000,0.0000,0.0000,0.0000,2429.0000,0.0000,0.0000,0.0000,0.0000,46,0,0,0,0,35,0,0,0,0
zc,WS209,2012-06-12 09:01:47.873,2429.0000,228614,0,0.0000,0.0000,0,0,多换,B,2428.0000,0.0000,0.0000,0.0000,0.0000,2429.0000,0.0000,0.0000,0.0000,0.0000,46,0,0,0,0,36,0,0,0,0
zc,WS209,2012-06-12 09:01:49.623,2429.0000,228614,0,0.0000,6.0000,3,3,多换,B,2428.0000,0.0000,0.0000,0.0000,0.0000,2429.0000,0.0000,0.0000,0.0000,0.0000,46,0,0,0,0,33,0,0,0,0
zc,WS209,2012-06-12 09:01:50.123,2429.0000,228614,0,0.0000,0.0000,0,0,多换,B,2428.0000,0.0000,0.0000,0.0000,0.0000,2429.0000,0.0000,0.0000,0.0000,0.0000,46,0,0,0,0,32,0,0,0,0
zc,WS209,2012-06-12 09:01:50.907,2429.0000,228614,0,0.0000,0.0000,0,0,多换,B,2428.0000,0.0000,0.0000,0.0000,0.0000,2429.0000,0.0000,0.0000,0.0000,0.0000,46,0,0,0,0,31,0,0,0,0
zc,WS209,2012-06-12 09:01:51.343,2429.0000,228616,2,0.0000,2.0000,2,0,双开,B,2428.0000,0.0000,0.0000,0.0000,0.0000,2429.0000,0.0000,0.0000,0.0000,0.0000,46,0,0,0,0,30,0,0,0,0
zc,WS209,2012-06-12 09:01:53.093,2429.0000,228616,0,0.0000,0.0000,0,0,多换,B,2428.0000,0.0000,0.0000,0.0000,0.0000,2429.0000,0.0000,0.0000,0.0000,0.0000,46,0,0,0,0,29,0,0,0,0
zc,WS209,2012-06-12 09:01:53.890,2428.0000,228616,0,0.0000,4.0000,2,2,空换,S,2428.0000,0.0000,0.0000,0.0000,0.0000,2429.0000,0.0000,0.0000,0.0000,0.0000,46,0,0,0,0,24,0,0,0,0
zc,WS209,2012-06-12 09:01:54.110,2428.0000,228616,0,0.0000,0.0000,0,0,空换,S,2428.0000,0.0000,0.0000,0.0000,0.0000,2429.0000,0.0000,0.0000,0.0000,0.0000,47,0,0,0,0,24,0,0,0,0
zc,WS209,2012-06-12 09:01:54.843,2428.0000,228616,0,0.0000,0.0000,0,0,空换,S,2428.0000,0.0000,0.0000,0.0000,0.0000,2429.0000,0.0000,0.0000,0.0000,0.0000,47,0,0,0,0,30,0,0,0,0
zc,WS209,2012-06-12 09:01:55.390,2429.0000,228628,12,0.0000,12.0000,12,0,双开,B,2428.0000,0.0000,0.0000,0.0000,0.0000,2429.0000,0.0000,0.0000,0.0000,0.0000,46,0,0,0,0,25,0,0,0,0
zc,WS209,2012-06-12 09:01:56.047,2429.0000,228628,0,0.0000,0.0000,0,0,多换,B,2428.0000,0.0000,0.0000,0.0000,0.0000,2429.0000,0.0000,0.0000,0.0000,0.0000,47,0,0,0,0,18,0,0,0,0
zc,WS209,2012-06-12 09:01:57.610,2429.0000,228628,0,0.0000,2.0000,1,1,多换,B,2428.0000,0.0000,0.0000,0.0000,0.0000,2429.0000,0.0000,0.0000,0.0000,0.0000,97,0,0,0,0,17,0,0,0,0
zc,WS209,2012-06-12 09:01:58.360,2429.0000,228630,2,0.0000,2.0000,2,0,双开,B,2428.0000,0.0000,0.0000,0.0000,0.0000,2429.0000,0.0000,0.0000,0.0000,0.0000,99,0,0,0,0,16,0,0,0,0
zc,WS209,2012-06-12 09:01:59.563,2429.0000,228630,0,0.0000,0.0000,0,0,多换,B,2428.0000,0.0000,0.0000,0.0000,0.0000,2429.0000,0.0000,0.0000,0.0000,0.0000,99,0,0,0,0,7,0,0,0,0
zc,WS209,2012-06-12 09:02:00.827,2429.0000,228630,0,0.0000,4.0000,2,2,多换,B,2428.0000,0.0000,0.0000,0.0000,0.0000,2429.0000,0.0000,0.0000,0.0000,0.0000,101,0,0,0,0,6,0,0,0,0
zc,WS209,2012-06-12 09:02:01.610,2429.0000,228632,2,0.0000,2.0000,2,0,双开,B,2428.0000,0.0000,0.0000,0.0000,0.0000,2429.0000,0.0000,0.0000,0.0000,0.0000,101,0,0,0,0,5,0,0,0,0
zc,WS209,2012-06-12 09:02:02.110,2429.0000,228636,4,0.0000,4.0000,4,0,双开,B,2428.0000,0.0000,0.0000,0.0000,0.0000,2429.0000,0.0000,0.0000,0.0000,0.0000,101,0,0,0,0,3,0,0,0,0
zc,WS209,2012-06-12 09:02:02.813,2429.0000,228638,2,0.0000,2.0000,2,0,双开,B,2428.0000,0.0000,0.0000,0.0000,0.0000,2429.0000,0.0000,0.0000,0.0000,0.0000,101,0,0,0,0,2,0,0,0,0
zc,WS209,2012-06-12 09:02:03.343,2429.0000,228640,2,0.0000,4.0000,3,1,多开,B,2428.0000,0.0000,0.0000,0.0000,0.0000,2430.0000,0.0000,0.0000,0.0000,0.0000,101,0,0,0,0,27,0,0,0,0
zc,WS209,2012-06-12 09:02:04.123,2429.0000,228640,0,0.0000,0.0000,0,0,多换,B,2428.0000,0.0000,0.0000,0.0000,0.0000,2430.0000,0.0000,0.0000,0.0000,0.0000,101,0,0,0,0,28,0,0,0,0
zc,WS209,2012-06-12 09:02:04.577,2429.0000,228640,0,0.0000,0.0000,0,0,多换,B,2429.0000,0.0000,0.0000,0.0000,0.0000,2430.0000,0.0000,0.0000,0.0000,0.0000,1,0,0,0,0,28,0,0,0,0
zc,WS209,2012-06-12 09:02:05.873,2429.0000,228640,0,0.0000,2.0000,1,1,多换,B,2429.0000,0.0000,0.0000,0.0000,0.0000,2430.0000,0.0000,0.0000,0.0000,0.0000,3,0,0,0,0,28,0,0,0,0
zc,WS209,2012-06-12 09:02:06.610,2429.0000,228640,0,0.0000,2.0000,1,1,多换,B,2429.0000,0.0000,0.0000,0.0000,0.0000,2430.0000,0.0000,0.0000,0.0000,0.0000,3,0,0,0,0,28,0,0,0,0
zc,WS209,2012-06-12 09:02:06.843,2429.0000,228640,0,0.0000,2.0000,1,1,多换,B,2429.0000,0.0000,0.0000,0.0000,0.0000,2430.0000,0.0000,0.0000,0.0000,0.0000,12,0,0,0,0,29,0,0,0,0
zc,WS209,2012-06-12 09:02:08.343,2429.0000,228640,0,0.0000,0.0000,0,0,多换,B,2429.0000,0.0000,0.0000,0.0000,0.0000,2430.0000,0.0000,0.0000,0.0000,0.0000,13,0,0,0,0,29,0,0,0,0
zc,WS209,2012-06-12 09:02:09.140,2429.0000,228640,0,0.0000,0.0000,0,0,多换,B,2429.0000,0.0000,0.0000,0.0000,0.0000,2430.0000,0.0000,0.0000,0.0000,0.0000,13,0,0,0,0,24,0,0,0,0
zc,WS209,2012-06-12 09:02:09.547,2429.0000,228640,0,0.0000,0.0000,0,0,多换,B,2429.0000,0.0000,0.0000,0.0000,0.0000,2430.0000,0.0000,0.0000,0.0000,0.0000,13,0,0,0,0,31,0,0,0,0
zc,WS209,2012-06-12 09:02:11.327,2429.0000,228640,0,0.0000,0.0000,0,0,多换,B,2429.0000,0.0000,0.0000,0.0000,0.0000,2430.0000,0.0000,0.0000,0.0000,0.0000,16,0,0,0,0,32,0,0,0,0
zc,WS209,2012-06-12 09:02:13.063,2429.0000,228640,0,0.0000,0.0000,0,0,多换,B,2429.0000,0.0000,0.0000,0.0000,0.0000,2430.0000,0.0000,0.0000,0.0000,0.0000,17,0,0,0,0,28,0,0,0,0
zc,WS209,2012-06-12 09:02:13.640,2429.0000,228640,0,0.0000,0.0000,0,0,多换,B,2429.0000,0.0000,0.0000,0.0000,0.0000,2430.0000,0.0000,0.0000,0.0000,0.0000,17,0,0,0,0,29,0,0,0,0
zc,WS209,2012-06-12 09:02:14.280,2429.0000,228642,2,0.0000,2.0000,2,0,双开,B,2429.0000,0.0000,0.0000,0.0000,0.0000,2430.0000,0.0000,0.0000,0.0000,0.0000,17,0,0,0,0,17,0,0,0,0
zc,WS209,2012-06-12 09:02:14.827,2429.0000,228646,4,0.0000,4.0000,4,0,双开,B,2429.0000,0.0000,0.0000,0.0000,0.0000,2430.0000,0.0000,0.0000,0.0000,0.0000,17,0,0,0,0,17,0,0,0,0
zc,WS209,2012-06-12 09:02:15.297,2429.0000,228646,0,0.0000,0.0000,0,0,多换,B,2429.0000,0.0000,0.0000,0.0000,0.0000,2430.0000,0.0000,0.0000,0.0000,0.0000,16,0,0,0,0,17,0,0,0,0
zc,WS209,2012-06-12 09:02:16.123,2429.0000,228646,0,0.0000,0.0000,0,0,多换,B,2429.0000,0.0000,0.0000,0.0000,0.0000,2430.0000,0.0000,0.0000,0.0000,0.0000,17,0,0,0,0,17,0,0,0,0
zc,WS209,2012-06-12 09:02:16.577,2430.0000,228648,2,0.0000,2.0000,2,0,双开,B,2429.0000,0.0000,0.0000,0.0000,0.0000,2430.0000,0.0000,0.0000,0.0000,0.0000,17,0,0,0,0,16,0,0,0,0
zc,WS209,2012-06-12 09:02:17.373,2430.0000,228648,0,0.0000,0.0000,0,0,多换,B,2429.0000,0.0000,0.0000,0.0000,0.0000,2430.0000,0.0000,0.0000,0.0000,0.0000,17,0,0,0,0,20,0,0,0,0
zc,WS209,2012-06-12 09:02:17.873,2430.0000,228648,0,0.0000,0.0000,0,0,多换,B,2429.0000,0.0000,0.0000,0.0000,0.0000,2430.0000,0.0000,0.0000,0.0000,0.0000,17,0,0,0,0,22,0,0,0,0
zc,WS209,2012-06-12 09:02:20.123,2430.0000,228648,0,0.0000,0.0000,0,0,多换,B,2429.0000,0.0000,0.0000,0.0000,0.0000,2430.0000,0.0000,0.0000,0.0000,0.0000,16,0,0,0,0,28,0,0,0,0
zc,WS209,2012-06-12 09:02:20.843,2430.0000,228648,0,0.0000,0.0000,0,0,多换,B,2429.0000,0.0000,0.0000,0.0000,0.0000,2430.0000,0.0000,0.0000,0.0000,0.0000,17,0,0,0,0,46,0,0,0,0
zc,WS209,2012-06-12 09:02:21.327,2430.0000,228648,0,0.0000,0.0000,0,0,多换,B,2429.0000,0.0000,0.0000,0.0000,0.0000,2430.0000,0.0000,0.0000,0.0000,0.0000,17,0,0,0,0,47,0,0,0,0
zc,WS209,2012-06-12 09:02:21.780,2430.0000,228650,2,0.0000,2.0000,2,0,双开,B,2429.0000,0.0000,0.0000,0.0000,0.0000,2430.0000,0.0000,0.0000,0.0000,0.0000,17,0,0,0,0,46,0,0,0,0
zc,WS209,2012-06-12 09:02:22.563,2430.0000,228650,0,0.0000,0.0000,0,0,多换,B,2429.0000,0.0000,0.0000,0.0000,0.0000,2430.0000,0.0000,0.0000,0.0000,0.0000,17,0,0,0,0,45,0,0,0,0
zc,WS209,2012-06-12 09:02:24.110,2430.0000,228650,0,0.0000,0.0000,0,0,多换,B,2429.0000,0.0000,0.0000,0.0000,0.0000,2430.0000,0.0000,0.0000,0.0000,0.0000,17,0,0,0,0,48,0,0,0,0
zc,WS209,2012-06-12 09:02:24.860,2430.0000,228670,20,0.0000,20.0000,20,0,双开,B,2429.0000,0.0000,0.0000,0.0000,0.0000,2430.0000,0.0000,0.0000,0.0000,0.0000,17,0,0,0,0,38,0,0,0,0
zc,WS209,2012-06-12 09:02:26.047,2429.0000,228668,-2,0.0000,16.0000,7,9,多平,S,2429.0000,0.0000,0.0000,0.0000,0.0000,2430.0000,0.0000,0.0000,0.0000,0.0000,9,0,0,0,0,38,0,0,0,0
zc,WS209,2012-06-12 09:02:26.577,2430.0000,228672,4,0.0000,4.0000,4,0,双开,B,2429.0000,0.0000,0.0000,0.0000,0.0000,2430.0000,0.0000,0.0000,0.0000,0.0000,9,0,0,0,0,36,0,0,0,0
zc,WS209,2012-06-12 09:02:27.327,2429.0000,228688,16,0.0000,18.0000,17,1,空开,S,2428.0000,0.0000,0.0000,0.0000,0.0000,2429.0000,0.0000,0.0000,0.0000,0.0000,76,0,0,0,0,7,0,0,0,0
zc,WS209,2012-06-12 09:02:27.873,2429.0000,228688,0,0.0000,0.0000,0,0,空换,S,2428.0000,0.0000,0.0000,0.0000,0.0000,2429.0000,0.0000,0.0000,0.0000,0.0000,76,0,0,0,0,8,0,0,0,0
zc,WS209,2012-06-12 09:02:29.563,2429.0000,228688,0,0.0000,0.0000,0,0,空换,S,2428.0000,0.0000,0.0000,0.0000,0.0000,2429.0000,0.0000,0.0000,0.0000,0.0000,76,0,0,0,0,9,0,0,0,0
zc,WS209,2012-06-12 09:02:30.313,2429.0000,228692,4,0.0000,6.0000,5,1,空开,S,2428.0000,0.0000,0.0000,0.0000,0.0000,2429.0000,0.0000,0.0000,0.0000,0.0000,76,0,0,0,0,6,0,0,0,0
zc,WS209,2012-06-12 09:02:30.797,2429.0000,228694,2,0.0000,2.0000,2,0,双开,S,2428.0000,0.0000,0.0000,0.0000,0.0000,2429.0000,0.0000,0.0000,0.0000,0.0000,77,0,0,0,0,7,0,0,0,0
zc,WS209,2012-06-12 09:02:32.093,2429.0000,228696,2,0.0000,2.0000,2,0,双开,S,2428.0000,0.0000,0.0000,0.0000,0.0000,2429.0000,0.0000,0.0000,0.0000,0.0000,77,0,0,0,0,5,0,0,0,0
zc,WS209,2012-06-12 09:02:32.530,2429.0000,228698,2,0.0000,2.0000,2,0,双开,S,2428.0000,0.0000,0.0000,0.0000,0.0000,2429.0000,0.0000,0.0000,0.0000,0.0000,77,0,0,0,0,4,0,0,0,0
zc,WS209,2012-06-12 09:02:33.407,2428.0000,228700,2,0.0000,2.0000,2,0,双开,S,2428.0000,0.0000,0.0000,0.0000,0.0000,2429.0000,0.0000,0.0000,0.0000,0.0000,96,0,0,0,0,4,0,0,0,0
zc,WS209,2012-06-12 09:02:35.390,2428.0000,228700,0,0.0000,0.0000,0,0,空换,S,2428.0000,0.0000,0.0000,0.0000,0.0000,2429.0000,0.0000,0.0000,0.0000,0.0000,97,0,0,0,0,5,0,0,0,0
zc,WS209,2012-06-12 09:02:35.860,2429.0000,228702,2,0.0000,2.0000,2,0,双开,B,2428.0000,0.0000,0.0000,0.0000,0.0000,2429.0000,0.0000,0.0000,0.0000,0.0000,97,0,0,0,0,6,0,0,0,0
zc,WS209,2012-06-12 09:02:36.593,2428.0000,228702,0,0.0000,2.0000,1,1,空换,S,2428.0000,0.0000,0.0000,0.0000,0.0000,2429.0000,0.0000,0.0000,0.0000,0.0000,96,0,0,0,0,6,0,0,0,0
zc,WS209,2012-06-12 09:02:37.093,2429.0000,228704,2,0.0000,2.0000,2,0,双开,B,2428.0000,0.0000,0.0000,0.0000,0.0000,2429.0000,0.0000,0.0000,0.0000,0.0000,96,0,0,0,0,5,0,0,0,0
zc,WS209,2012-06-12 09:02:38.343,2429.0000,228704,0,0.0000,0.0000,0,0,多换,B,2428.0000,0.0000,0.0000,0.0000,0.0000,2429.0000,0.0000,0.0000,0.0000,0.0000,96,0,0,0,0,6,0,0,0,0
zc,WS209,2012-06-12 09:02:39.563,2429.0000,228704,0,0.0000,2.0000,1,1,多换,B,2428.0000,0.0000,0.0000,0.0000,0.0000,2429.0000,0.0000,0.0000,0.0000,0.0000,96,0,0,0,0,5,0,0,0,0
zc,WS209,2012-06-12 09:02:41.360,2429.0000,228704,0,0.0000,0.0000,0,0,多换,B,2428.0000,0.0000,0.0000,0.0000,0.0000,2429.0000,0.0000,0.0000,0.0000,0.0000,95,0,0,0,0,5,0,0,0,0
zc,WS209,2012-06-12 09:02:42.063,2429.0000,228702,-2,0.0000,10.0000,4,6,空平,B,2428.0000,0.0000,0.0000,0.0000,0.0000,2430.0000,0.0000,0.0000,0.0000,0.0000,90,0,0,0,0,37,0,0,0,0
zc,WS209,2012-06-12 09:02:43.077,2429.0000,228702,0,0.0000,0.0000,0,0,多换,B,2428.0000,0.0000,0.0000,0.0000,0.0000,2430.0000,0.0000,0.0000,0.0000,0.0000,92,0,0,0,0,37,0,0,0,0
zc,WS209,2012-06-12 09:02:44.420,2430.0000,228708,6,0.0000,10.0000,8,2,多开,B,2428.0000,0.0000,0.0000,0.0000,0.0000,2430.0000,0.0000,0.0000,0.0000,0.0000,93,0,0,0,0,33,0,0,0,0
zc,WS209,2012-06-12 09:02:45.093,2430.0000,228708,0,0.0000,0.0000,0,0,多换,B,2428.0000,0.0000,0.0000,0.0000,0.0000,2430.0000,0.0000,0.0000,0.0000,0.0000,93,0,0,0,0,34,0,0,0,0
zc,WS209,2012-06-12 09:02:46.360,2428.0000,228706,-2,0.0000,2.0000,0,2,双平,S,2428.0000,0.0000,0.0000,0.0000,0.0000,2430.0000,0.0000,0.0000,0.0000,0.0000,92,0,0,0,0,36,0,0,0,0
zc,WS209,2012-06-12 09:02:47.873,2428.0000,228706,0,0.0000,0.0000,0,0,空换,S,2428.0000,0.0000,0.0000,0.0000,0.0000,2430.0000,0.0000,0.0000,0.0000,0.0000,92,0,0,0,0,35,0,0,0,0
zc,WS209,2012-06-12 09:02:48.640,2430.0000,228708,2,0.0000,2.0000,2,0,双开,B,2428.0000,0.0000,0.0000,0.0000,0.0000,2430.0000,0.0000,0.0000,0.0000,0.0000,92,0,0,0,0,32,0,0,0,0
zc,WS209,2012-06-12 09:02:50.343,2430.0000,228708,0,0.0000,0.0000,0,0,多换,B,2429.0000,0.0000,0.0000,0.0000,0.0000,2430.0000,0.0000,0.0000,0.0000,0.0000,13,0,0,0,0,28,0,0,0,0
zc,WS209,2012-06-12 09:02:51.623,2429.0000,228708,0,0.0000,2.0000,1,1,空换,S,2429.0000,0.0000,0.0000,0.0000,0.0000,2430.0000,0.0000,0.0000,0.0000,0.0000,12,0,0,0,0,28,0,0,0,0
zc,WS209,2012-06-12 09:02:52.343,2429.0000,228708,0,0.0000,0.0000,0,0,空换,S,2428.0000,0.0000,0.0000,0.0000,0.0000,2430.0000,0.0000,0.0000,0.0000,0.0000,91,0,0,0,0,33,0,0,0,0
zc,WS209,2012-06-12 09:02:52.843,2429.0000,228708,0,0.0000,0.0000,0,0,空换,S,2428.0000,0.0000,0.0000,0.0000,0.0000,2430.0000,0.0000,0.0000,0.0000,0.0000,92,0,0,0,0,33,0,0,0,0
zc,WS209,2012-06-12 09:02:53.640,2428.0000,228684,-24,0.0000,50.0000,13,37,多平,S,2428.0000,0.0000,0.0000,0.0000,0.0000,2430.0000,0.0000,0.0000,0.0000,0.0000,88,0,0,0,0,37,0,0,0,0
zc,WS209,2012-06-12 09:02:54.110,2430.0000,228686,2,0.0000,2.0000,2,0,双开,B,2428.0000,0.0000,0.0000,0.0000,0.0000,2430.0000,0.0000,0.0000,0.0000,0.0000,88,0,0,0,0,36,0,0,0,0
zc,WS209,2012-06-12 09:02:55.623,2430.0000,228686,0,0.0000,2.0000,1,1,多换,B,2428.0000,0.0000,0.0000,0.0000,0.0000,2430.0000,0.0000,0.0000,0.0000,0.0000,88,0,0,0,0,36,0,0,0,0
zc,WS209,2012-06-12 09:02:56.843,2430.0000,228688,2,0.0000,2.0000,2,0,双开,B,2428.0000,0.0000,0.0000,0.0000,0.0000,2430.0000,0.0000,0.0000,0.0000,0.0000,88,0,0,0,0,35,0,0,0,0
zc,WS209,2012-06-12 09:02:57.297,2430.0000,228688,0,0.0000,0.0000,0,0,多换,B,2428.0000,0.0000,0.0000,0.0000,0.0000,2429.0000,0.0000,0.0000,0.0000,0.0000,88,0,0,0,0,2,0,0,0,0
zc,WS209,2012-06-12 09:02:58.077,2429.0000,228688,0,0.0000,4.0000,2,2,空换,S,2428.0000,0.0000,0.0000,0.0000,0.0000,2430.0000,0.0000,0.0000,0.0000,0.0000,86,0,0,0,0,35,0,0,0,0
zc,WS209,2012-06-12 09:02:58.547,2430.0000,228688,0,0.0000,4.0000,2,2,多换,B,2428.0000,0.0000,0.0000,0.0000,0.0000,2430.0000,0.0000,0.0000,0.0000,0.0000,86,0,0,0,0,42,0,0,0,0
zc,WS209,2012-06-12 09:02:59.123,2430.0000,228688,0,0.0000,0.0000,0,0,多换,B,2429.0000,0.0000,0.0000,0.0000,0.0000,2430.0000,0.0000,0.0000,0.0000,0.0000,5,0,0,0,0,33,0,0,0,0
zc,WS209,2012-06-12 09:03:01.610,2430.0000,228688,0,0.0000,0.0000,0,0,多换,B,2429.0000,0.0000,0.0000,0.0000,0.0000,2430.0000,0.0000,0.0000,0.0000,0.0000,6,0,0,0,0,33,0,0,0,0
zc,WS209,2012-06-12 09:03:02.157,2429.0000,228688,0,0.0000,2.0000,1,1,空换,S,2429.0000,0.0000,0.0000,0.0000,0.0000,2430.0000,0.0000,0.0000,0.0000,0.0000,5,0,0,0,0,33,0,0,0,0
zc,WS209,2012-06-12 09:03:02.873,2430.0000,228728,40,0.0000,60.0000,50,10,多开,B,2429.0000,0.0000,0.0000,0.0000,0.0000,2430.0000,0.0000,0.0000,0.0000,0.0000,5,0,0,0,0,3,0,0,0,0
zc,WS209,2012-06-12 09:03:03.610,2430.0000,228728,0,0.0000,0.0000,0,0,多换,B,2429.0000,0.0000,0.0000,0.0000,0.0000,2430.0000,0.0000,0.0000,0.0000,0.0000,6,0,0,0,0,3,0,0,0,0
zc,WS209,2012-06-12 09:03:04.563,2430.0000,228728,0,0.0000,0.0000,0,0,多换,B,2429.0000,0.0000,0.0000,0.0000,0.0000,2430.0000,0.0000,0.0000,0.0000,0.0000,2,0,0,0,0,7,0,0,0,0
zc,WS209,2012-06-12 09:03:05.390,2429.0000,228728,0,0.0000,2.0000,1,1,空换,S,2429.0000,0.0000,0.0000,0.0000,0.0000,2430.0000,0.0000,0.0000,0.0000,0.0000,1,0,0,0,0,8,0,0,0,0
zc,WS209,2012-06-12 09:03:06.093,2429.0000,228730,2,0.0000,2.0000,2,0,双开,S,2428.0000,0.0000,0.0000,0.0000,0.0000,2430.0000,0.0000,0.0000,0.0000,0.0000,87,0,0,0,0,8,0,0,0,0
zc,WS209,2012-06-12 09:03:06.577,2429.0000,228730,0,0.0000,0.0000,0,0,空换,S,2428.0000,0.0000,0.0000,0.0000,0.0000,2430.0000,0.0000,0.0000,0.0000,0.0000,88,0,0,0,0,9,0,0,0,0
zc,WS209,2012-06-12 09:03:07.093,2429.0000,228730,0,0.0000,0.0000,0,0,空换,S,2428.0000,0.0000,0.0000,0.0000,0.0000,2430.0000,0.0000,0.0000,0.0000,0.0000,89,0,0,0,0,11,0,0,0,0
zc,WS209,2012-06-12 09:03:07.610,2429.0000,228730,0,0.0000,0.0000,0,0,空换,S,2428.0000,0.0000,0.0000,0.0000,0.0000,2430.0000,0.0000,0.0000,0.0000,0.0000,89,0,0,0,0,22,0,0,0,0
zc,WS209,2012-06-12 09:03:09.890,2430.0000,228740,10,0.0000,10.0000,10,0,双开,B,2428.0000,0.0000,0.0000,0.0000,0.0000,2430.0000,0.0000,0.0000,0.0000,0.0000,89,0,0,0,0,17,0,0,0,0
zc,WS209,2012-06-12 09:03:11.077,2430.0000,228740,0,0.0000,0.0000,0,0,多换,B,2428.0000,0.0000,0.0000,0.0000,0.0000,2429.0000,0.0000,0.0000,0.0000,0.0000,90,0,0,0,0,3,0,0,0,0
zc,WS209,2012-06-12 09:03:13.563,2428.0000,228740,0,0.0000,2.0000,1,1,空换,S,2428.0000,0.0000,0.0000,0.0000,0.0000,2429.0000,0.0000,0.0000,0.0000,0.0000,89,0,0,0,0,3,0,0,0,0
zc,WS209,2012-06-12 09:03:13.873,2429.0000,228742,2,0.0000,2.0000,2,0,双开,B,2428.0000,0.0000,0.0000,0.0000,0.0000,2429.0000,0.0000,0.0000,0.0000,0.0000,89,0,0,0,0,2,0,0,0,0
zc,WS209,2012-06-12 09:03:15.077,2429.0000,228742,0,0.0000,0.0000,0,0,多换,B,2428.0000,0.0000,0.0000,0.0000,0.0000,2429.0000,0.0000,0.0000,0.0000,0.0000,89,0,0,0,0,3,0,0,0,0
zc,WS209,2012-06-12 09:03:16.360,2429.0000,228742,0,0.0000,0.0000,0,0,多换,B,2428.0000,0.0000,0.0000,0.0000,0.0000,2429.0000,0.0000,0.0000,0.0000,0.0000,90,0,0,0,0,3,0,0,0,0
zc,WS209,2012-06-12 09:03:17.123,2429.0000,228744,2,0.0000,2.0000,2,0,双开,B,2428.0000,0.0000,0.0000,0.0000,0.0000,2429.0000,0.0000,0.0000,0.0000,0.0000,87,0,0,0,0,18,0,0,0,0
zc,WS209,2012-06-12 09:03:17.563,2429.0000,228746,2,0.0000,2.0000,2,0,双开,B,2428.0000,0.0000,0.0000,0.0000,0.0000,2429.0000,0.0000,0.0000,0.0000,0.0000,87,0,0,0,0,17,0,0,0,0
zc,WS209,2012-06-12 09:03:20.063,2428.0000,228750,4,0.0000,32.0000,18,14,空开,S,2428.0000,0.0000,0.0000,0.0000,0.0000,2429.0000,0.0000,0.0000,0.0000,0.0000,73,0,0,0,0,2,0,0,0,0
zc,WS209,2012-06-12 09:03:20.547,2428.0000,228750,0,0.0000,0.0000,0,0,空换,S,2428.0000,0.0000,0.0000,0.0000,0.0000,2429.0000,0.0000,0.0000,0.0000,0.0000,73,0,0,0,0,3,0,0,0,0
zc,WS209,2012-06-12 09:03:21.297,2428.0000,228746,-4,0.0000,4.0000,0,4,双平,S,2428.0000,0.0000,0.0000,0.0000,0.0000,2429.0000,0.0000,0.0000,0.0000,0.0000,71,0,0,0,0,3,0,0,0,0
zc,WS209,2012-06-12 09:03:24.327,2429.0000,228748,2,0.0000,2.0000,2,0,双开,B,2428.0000,0.0000,0.0000,0.0000,0.0000,2429.0000,0.0000,0.0000,0.0000,0.0000,71,0,0,0,0,2,0,0,0,0
zc,WS209,2012-06-12 09:03:24.577,2429.0000,228748,0,0.0000,0.0000,0,0,多换,B,2428.0000,0.0000,0.0000,0.0000,0.0000,2429.0000,0.0000,0.0000,0.0000,0.0000,71,0,0,0,0,14,0,0,0,0
zc,WS209,2012-06-12 09:03:25.327,2429.0000,228748,0,0.0000,0.0000,0,0,多换,B,2428.0000,0.0000,0.0000,0.0000,0.0000,2429.0000,0.0000,0.0000,0.0000,0.0000,71,0,0,0,0,18,0,0,0,0
zc,WS209,2012-06-12 09:03:25.843,2429.0000,228748,0,0.0000,0.0000,0,0,多换,B,2428.0000,0.0000,0.0000,0.0000,0.0000,2429.0000,0.0000,0.0000,0.0000,0.0000,71,0,0,0,0,20,0,0,0,0
zc,WS209,2012-06-12 09:03:26.563,2429.0000,228748,0,0.0000,0.0000,0,0,多换,B,2428.0000,0.0000,0.0000,0.0000,0.0000,2429.0000,0.0000,0.0000,0.0000,0.0000,71,0,0,0,0,22,0,0,0,0
zc,WS209,2012-06-12 09:03:27.047,2429.0000,228748,0,0.0000,0.0000,0,0,多换,B,2428.0000,0.0000,0.0000,0.0000,0.0000,2429.0000,0.0000,0.0000,0.0000,0.0000,71,0,0,0,0,6,0,0,0,0
zc,WS209,2012-06-12 09:03:28.390,2429.0000,228748,0,0.0000,0.0000,0,0,多换,B,2428.0000,0.0000,0.0000,0.0000,0.0000,2429.0000,0.0000,0.0000,0.0000,0.0000,71,0,0,0,0,36,0,0,0,0
zc,WS209,2012-06-12 09:03:29.123,2428.0000,228710,-38,0.0000,98.0000,30,68,多平,S,2428.0000,0.0000,0.0000,0.0000,0.0000,2429.0000,0.0000,0.0000,0.0000,0.0000,22,0,0,0,0,36,0,0,0,0
zc,WS209,2012-06-12 09:03:29.577,2428.0000,228710,0,0.0000,2.0000,1,1,空换,S,2428.0000,0.0000,0.0000,0.0000,0.0000,2429.0000,0.0000,0.0000,0.0000,0.0000,20,0,0,0,0,36,0,0,0,0
zc,WS209,2012-06-12 09:03:30.123,2428.0000,228710,0,0.0000,2.0000,1,1,空换,S,2428.0000,0.0000,0.0000,0.0000,0.0000,2429.0000,0.0000,0.0000,0.0000,0.0000,19,0,0,0,0,38,0,0,0,0
zc,WS209,2012-06-12 09:03:30.827,2428.0000,228710,0,0.0000,2.0000,1,1,空换,S,2428.0000,0.0000,0.0000,0.0000,0.0000,2429.0000,0.0000,0.0000,0.0000,0.0000,18,0,0,0,0,38,0,0,0,0
zc,WS209,2012-06-12 09:03:31.297,2428.0000,228710,0,0.0000,0.0000,0,0,空换,S,2428.0000,0.0000,0.0000,0.0000,0.0000,2429.0000,0.0000,0.0000,0.0000,0.0000,18,0,0,0,0,35,0,0,0,0
zc,WS209,2012-06-12 09:03:32.030,2428.0000,228710,0,0.0000,0.0000,0,0,空换,S,2428.0000,0.0000,0.0000,0.0000,0.0000,2429.0000,0.0000,0.0000,0.0000,0.0000,18,0,0,0,0,37,0,0,0,0
zc,WS209,2012-06-12 09:03:32.343,2428.0000,228710,0,0.0000,0.0000,0,0,空换,S,2428.0000,0.0000,0.0000,0.0000,0.0000,2429.0000,0.0000,0.0000,0.0000,0.0000,18,0,0,0,0,43,0,0,0,0
zc,WS209,2012-06-12 09:03:33.063,2428.0000,228710,0,0.0000,36.0000,18,18,空换,S,2427.0000,0.0000,0.0000,0.0000,0.0000,2428.0000,0.0000,0.0000,0.0000,0.0000,13,0,0,0,0,15,0,0,0,0
zc,WS209,2012-06-12 09:03:33.563,2428.0000,228710,0,0.0000,0.0000,0,0,空换,S,2427.0000,0.0000,0.0000,0.0000,0.0000,2428.0000,0.0000,0.0000,0.0000,0.0000,14,0,0,0,0,17,0,0,0,0
zc,WS209,2012-06-12 09:03:34.063,2427.0000,228704,-6,0.0000,18.0000,6,12,多平,S,2427.0000,0.0000,0.0000,0.0000,0.0000,2428.0000,0.0000,0.0000,0.0000,0.0000,6,0,0,0,0,14,0,0,0,0
zc,WS209,2012-06-12 09:03:34.843,2427.0000,228704,0,0.0000,0.0000,0,0,空换,S,2427.0000,0.0000,0.0000,0.0000,0.0000,2428.0000,0.0000,0.0000,0.0000,0.0000,6,0,0,0,0,13,0,0,0,0
zc,WS209,2012-06-12 09:03:35.360,2427.0000,228704,0,0.0000,0.0000,0,0,空换,S,2427.0000,0.0000,0.0000,0.0000,0.0000,2428.0000,0.0000,0.0000,0.0000,0.0000,6,0,0,0,0,30,0,0,0,0
zc,WS209,2012-06-12 09:03:36.077,2427.0000,228704,0,0.0000,0.0000,0,0,空换,S,2427.0000,0.0000,0.0000,0.0000,0.0000,2428.0000,0.0000,0.0000,0.0000,0.0000,6,0,0,0,0,31,0,0,0,0
zc,WS209,2012-06-12 09:03:36.327,2427.0000,228702,-2,0.0000,12.0000,5,7,多平,S,2426.0000,0.0000,0.0000,0.0000,0.0000,2428.0000,0.0000,0.0000,0.0000,0.0000,77,0,0,0,0,25,0,0,0,0
zc,WS209,2012-06-12 09:03:37.123,2426.0000,228702,0,0.0000,2.0000,1,1,空换,S,2426.0000,0.0000,0.0000,0.0000,0.0000,2428.0000,0.0000,0.0000,0.0000,0.0000,78,0,0,0,0,25,0,0,0,0
zc,WS209,2012-06-12 09:03:37.640,2426.0000,228702,0,0.0000,0.0000,0,0,空换,S,2426.0000,0.0000,0.0000,0.0000,0.0000,2428.0000,0.0000,0.0000,0.0000,0.0000,78,0,0,0,0,26,0,0,0,0
zc,WS209,2012-06-12 09:03:39.313,2426.0000,228702,0,0.0000,0.0000,0,0,空换,S,2426.0000,0.0000,0.0000,0.0000,0.0000,2427.0000,0.0000,0.0000,0.0000,0.0000,77,0,0,0,0,21,0,0,0,0
zc,WS209,2012-06-12 09:03:40.110,2426.0000,228696,-6,0.0000,6.0000,0,6,双平,S,2426.0000,0.0000,0.0000,0.0000,0.0000,2427.0000,0.0000,0.0000,0.0000,0.0000,74,0,0,0,0,21,0,0,0,0
zc,WS209,2012-06-12 09:03:40.593,2427.0000,228694,-2,0.0000,4.0000,1,3,空平,B,2426.0000,0.0000,0.0000,0.0000,0.0000,2427.0000,0.0000,0.0000,0.0000,0.0000,73,0,0,0,0,17,0,0,0,0
zc,WS209,2012-06-12 09:03:41.373,2427.0000,228694,0,0.0000,0.0000,0,0,多换,B,2426.0000,0.0000,0.0000,0.0000,0.0000,2428.0000,0.0000,0.0000,0.0000,0.0000,73,0,0,0,0,22,0,0,0,0
zc,WS209,2012-06-12 09:03:41.813,2427.0000,228694,0,0.0000,0.0000,0,0,多换,B,2426.0000,0.0000,0.0000,0.0000,0.0000,2427.0000,0.0000,0.0000,0.0000,0.0000,72,0,0,0,0,21,0,0,0,0
zc,WS209,2012-06-12 09:03:42.813,2427.0000,228694,0,0.0000,0.0000,0,0,多换,B,2426.0000,0.0000,0.0000,0.0000,0.0000,2427.0000,0.0000,0.0000,0.0000,0.0000,73,0,0,0,0,21,0,0,0,0
zc,WS209,2012-06-12 09:03:43.640,2427.0000,228694,0,0.0000,0.0000,0,0,多换,B,2426.0000,0.0000,0.0000,0.0000,0.0000,2427.0000,0.0000,0.0000,0.0000,0.0000,72,0,0,0,0,21,0,0,0,0
zc,WS209,2012-06-12 09:03:45.327,2427.0000,228694,0,0.0000,4.0000,2,2,多换,B,2426.0000,0.0000,0.0000,0.0000,0.0000,2427.0000,0.0000,0.0000,0.0000,0.0000,72,0,0,0,0,19,0,0,0,0
zc,WS209,2012-06-12 09:03:45.813,2426.0000,228558,-136,0.0000,144.0000,4,140,多平,S,2425.0000,0.0000,0.0000,0.0000,0.0000,2427.0000,0.0000,0.0000,0.0000,0.0000,304,0,0,0,0,9,0,0,0,0
zc,WS209,2012-06-12 09:03:46.640,2426.0000,228558,0,0.0000,0.0000,0,0,空换,S,2426.0000,0.0000,0.0000,0.0000,0.0000,2427.0000,0.0000,0.0000,0.0000,0.0000,6,0,0,0,0,9,0,0,0,0
zc,WS209,2012-06-12 09:03:47.407,2426.0000,228560,2,0.0000,16.0000,9,7,空开,S,2425.0000,0.0000,0.0000,0.0000,0.0000,2427.0000,0.0000,0.0000,0.0000,0.0000,304,0,0,0,0,49,0,0,0,0
zc,WS209,2012-06-12 09:03:47.843,2426.0000,228560,0,0.0000,0.0000,0,0,空换,S,2425.0000,0.0000,0.0000,0.0000,0.0000,2427.0000,0.0000,0.0000,0.0000,0.0000,304,0,0,0,0,50,0,0,0,0
zc,WS209,2012-06-12 09:03:48.593,2426.0000,228560,0,0.0000,0.0000,0,0,空换,S,2426.0000,0.0000,0.0000,0.0000,0.0000,2427.0000,0.0000,0.0000,0.0000,0.0000,51,0,0,0,0,62,0,0,0,0
zc,WS209,2012-06-12 09:03:49.530,2426.0000,228560,0,0.0000,6.0000,3,3,空换,S,2426.0000,0.0000,0.0000,0.0000,0.0000,2427.0000,0.0000,0.0000,0.0000,0.0000,56,0,0,0,0,60,0,0,0,0
zc,WS209,2012-06-12 09:03:50.077,2426.0000,228560,0,0.0000,4.0000,2,2,空换,S,2426.0000,0.0000,0.0000,0.0000,0.0000,2427.0000,0.0000,0.0000,0.0000,0.0000,54,0,0,0,0,59,0,0,0,0
zc,WS209,2012-06-12 09:03:50.547,2426.0000,228560,0,0.0000,2.0000,1,1,空换,S,2426.0000,0.0000,0.0000,0.0000,0.0000,2427.0000,0.0000,0.0000,0.0000,0.0000,53,0,0,0,0,58,0,0,0,0
zc,WS209,2012-06-12 09:03:51.390,2426.0000,228558,-2,0.0000,22.0000,10,12,多平,S,2426.0000,0.0000,0.0000,0.0000,0.0000,2427.0000,0.0000,0.0000,0.0000,0.0000,43,0,0,0,0,48,0,0,0,0
zc,WS209,2012-06-12 09:03:51.813,2426.0000,228558,0,0.0000,4.0000,2,2,空换,S,2426.0000,0.0000,0.0000,0.0000,0.0000,2427.0000,0.0000,0.0000,0.0000,0.0000,41,0,0,0,0,46,0,0,0,0
zc,WS209,2012-06-12 09:03:52.313,2426.0000,228558,0,0.0000,6.0000,3,3,空换,S,2426.0000,0.0000,0.0000,0.0000,0.0000,2427.0000,0.0000,0.0000,0.0000,0.0000,58,0,0,0,0,44,0,0,0,0
zc,WS209,2012-06-12 09:03:53.047,2426.0000,228558,0,0.0000,6.0000,3,3,空换,S,2426.0000,0.0000,0.0000,0.0000,0.0000,2427.0000,0.0000,0.0000,0.0000,0.0000,55,0,0,0,0,41,0,0,0,0
zc,WS209,2012-06-12 09:03:53.593,2426.0000,228558,0,0.0000,20.0000,10,10,空换,S,2426.0000,0.0000,0.0000,0.0000,0.0000,2427.0000,0.0000,0.0000,0.0000,0.0000,45,0,0,0,0,31,0,0,0,0
zc,WS209,2012-06-12 09:03:54.327,2426.0000,228556,-2,0.0000,2.0000,0,2,双平,S,2426.0000,0.0000,0.0000,0.0000,0.0000,2427.0000,0.0000,0.0000,0.0000,0.0000,44,0,0,0,0,31,0,0,0,0
zc,WS209,2012-06-12 09:03:54.907,2426.0000,228556,0,0.0000,6.0000,3,3,空换,S,2426.0000,0.0000,0.0000,0.0000,0.0000,2427.0000,0.0000,0.0000,0.0000,0.0000,42,0,0,0,0,26,0,0,0,0
zc,WS209,2012-06-12 09:03:55.640,2426.0000,228558,2,0.0000,22.0000,12,10,空开,S,2426.0000,0.0000,0.0000,0.0000,0.0000,2427.0000,0.0000,0.0000,0.0000,0.0000,32,0,0,0,0,16,0,0,0,0
zc,WS209,2012-06-12 09:03:56.093,2426.0000,228574,16,0.0000,66.0000,41,25,空开,S,2426.0000,0.0000,0.0000,0.0000,0.0000,2427.0000,0.0000,0.0000,0.0000,0.0000,1,0,0,0,0,4,0,0,0,0
zc,WS209,2012-06-12 09:03:56.873,2426.0000,228576,2,0.0000,4.0000,3,1,空开,S,2425.0000,0.0000,0.0000,0.0000,0.0000,2427.0000,0.0000,0.0000,0.0000,0.0000,305,0,0,0,0,8,0,0,0,0
zc,WS209,2012-06-12 09:03:58.640,2426.0000,228576,0,0.0000,0.0000,0,0,空换,S,2425.0000,0.0000,0.0000,0.0000,0.0000,2427.0000,0.0000,0.0000,0.0000,0.0000,305,0,0,0,0,9,0,0,0,0
zc,WS209,2012-06-12 09:03:59.280,2427.0000,228576,0,0.0000,10.0000,5,5,多换,B,2426.0000,0.0000,0.0000,0.0000,0.0000,2427.0000,0.0000,0.0000,0.0000,0.0000,1,0,0,0,0,7,0,0,0,0
zc,WS209,2012-06-12 09:03:59.813,2426.0000,228576,0,0.0000,2.0000,1,1,空换,S,2425.0000,0.0000,0.0000,0.0000,0.0000,2426.0000,0.0000,0.0000,0.0000,0.0000,303,0,0,0,0,9,0,0,0,0
zc,WS209,2012-06-12 09:04:00.563,2426.0000,228576,0,0.0000,2.0000,1,1,空换,S,2425.0000,0.0000,0.0000,0.0000,0.0000,2426.0000,0.0000,0.0000,0.0000,0.0000,303,0,0,0,0,17,0,0,0,0
zc,WS209,2012-06-12 09:04:01.077,2426.0000,228576,0,0.0000,4.0000,2,2,空换,S,2425.0000,0.0000,0.0000,0.0000,0.0000,2426.0000,0.0000,0.0000,0.0000,0.0000,303,0,0,0,0,15,0,0,0,0
zc,WS209,2012-06-12 09:04:03.093,2426.0000,228560,-16,0.0000,16.0000,0,16,双平,S,2425.0000,0.0000,0.0000,0.0000,0.0000,2426.0000,0.0000,0.0000,0.0000,0.0000,303,0,0,0,0,7,0,0,0,0
zc,WS209,2012-06-12 09:04:04.297,2425.0000,228548,-12,0.0000,32.0000,10,22,多平,S,2425.0000,0.0000,0.0000,0.0000,0.0000,2426.0000,0.0000,0.0000,0.0000,0.0000,287,0,0,0,0,4,0,0,0,0
zc,WS209,2012-06-12 09:04:05.110,2425.0000,228548,0,0.0000,0.0000,0,0,空换,S,2425.0000,0.0000,0.0000,0.0000,0.0000,2426.0000,0.0000,0.0000,0.0000,0.0000,287,0,0,0,0,1,0,0,0,0
zc,WS209,2012-06-12 09:04:05.623,2426.0000,228546,-2,0.0000,2.0000,0,2,双平,B,2425.0000,0.0000,0.0000,0.0000,0.0000,2426.0000,0.0000,0.0000,0.0000,0.0000,287,0,0,0,0,4,0,0,0,0
zc,WS209,2012-06-12 09:04:06.313,2425.0000,228546,0,0.0000,2.0000,1,1,空换,S,2425.0000,0.0000,0.0000,0.0000,0.0000,2426.0000,0.0000,0.0000,0.0000,0.0000,286,0,0,0,0,4,0,0,0,0
zc,WS209,2012-06-12 09:04:06.843,2426.0000,228546,0,0.0000,4.0000,2,2,多换,B,2425.0000,0.0000,0.0000,0.0000,0.0000,2426.0000,0.0000,0.0000,0.0000,0.0000,286,0,0,0,0,2,0,0,0,0
zc,WS209,2012-06-12 09:04:08.077,2426.0000,228452,-94,0.0000,224.0000,65,159,空平,B,2425.0000,0.0000,0.0000,0.0000,0.0000,2426.0000,0.0000,0.0000,0.0000,0.0000,175,0,0,0,0,4,0,0,0,0
zc,WS209,2012-06-12 09:04:09.063,2425.0000,228442,-10,0.0000,10.0000,0,10,双平,S,2425.0000,0.0000,0.0000,0.0000,0.0000,2426.0000,0.0000,0.0000,0.0000,0.0000,170,0,0,0,0,4,0,0,0,0
zc,WS209,2012-06-12 09:04:09.797,2426.0000,228438,-4,0.0000,4.0000,0,4,双平,B,2425.0000,0.0000,0.0000,0.0000,0.0000,2426.0000,0.0000,0.0000,0.0000,0.0000,169,0,0,0,0,52,0,0,0,0
zc,WS209,2012-06-12 09:04:10.360,2425.0000,228416,-22,0.0000,22.0000,0,22,双平,S,2425.0000,0.0000,0.0000,0.0000,0.0000,2426.0000,0.0000,0.0000,0.0000,0.0000,159,0,0,0,0,42,0,0,0,0
zc,WS209,2012-06-12 09:04:11.093,2425.0000,228384,-32,0.0000,32.0000,0,32,双平,S,2425.0000,0.0000,0.0000,0.0000,0.0000,2426.0000,0.0000,0.0000,0.0000,0.0000,143,0,0,0,0,28,0,0,0,0
zc,WS209,2012-06-12 09:04:11.547,2425.0000,228350,-34,0.0000,74.0000,20,54,多平,S,2425.0000,0.0000,0.0000,0.0000,0.0000,2426.0000,0.0000,0.0000,0.0000,0.0000,126,0,0,0,0,13,0,0,0,0
zc,WS209,2012-06-12 09:04:12.030,2425.0000,228318,-32,0.0000,32.0000,0,32,双平,S,2425.0000,0.0000,0.0000,0.0000,0.0000,2426.0000,0.0000,0.0000,0.0000,0.0000,110,0,0,0,0,5,0,0,0,0
zc,WS209,2012-06-12 09:04:12.797,2426.0000,228320,2,0.0000,2.0000,2,0,双开,B,2425.0000,0.0000,0.0000,0.0000,0.0000,2426.0000,0.0000,0.0000,0.0000,0.0000,110,0,0,0,0,4,0,0,0,0
zc,WS209,2012-06-12 09:04:13.327,2425.0000,228324,4,0.0000,8.0000,6,2,空开,S,2425.0000,0.0000,0.0000,0.0000,0.0000,2426.0000,0.0000,0.0000,0.0000,0.0000,108,0,0,0,0,4,0,0,0,0
zc,WS209,2012-06-12 09:04:14.157,2425.0000,228324,0,0.0000,0.0000,0,0,空换,S,2425.0000,0.0000,0.0000,0.0000,0.0000,2426.0000,0.0000,0.0000,0.0000,0.0000,108,0,0,0,0,9,0,0,0,0
zc,WS209,2012-06-12 09:04:14.610,2426.0000,228326,2,0.0000,4.0000,3,1,多开,B,2425.0000,0.0000,0.0000,0.0000,0.0000,2426.0000,0.0000,0.0000,0.0000,0.0000,109,0,0,0,0,7,0,0,0,0
zc,WS209,2012-06-12 09:04:15.343,2426.0000,228326,0,0.0000,0.0000,0,0,多换,B,2425.0000,0.0000,0.0000,0.0000,0.0000,2426.0000,0.0000,0.0000,0.0000,0.0000,110,0,0,0,0,6,0,0,0,0
zc,WS209,2012-06-12 09:04:15.873,2425.0000,228322,-4,0.0000,104.0000,50,54,多平,S,2425.0000,0.0000,0.0000,0.0000,0.0000,2427.0000,0.0000,0.0000,0.0000,0.0000,109,0,0,0,0,14,0,0,0,0
zc,WS209,2012-06-12 09:04:16.327,2425.0000,228310,-12,0.0000,12.0000,0,12,双平,S,2425.0000,0.0000,0.0000,0.0000,0.0000,2427.0000,0.0000,0.0000,0.0000,0.0000,104,0,0,0,0,14,0,0,0,0
zc,WS209,2012-06-12 09:04:16.827,2425.0000,228288,-22,0.0000,22.0000,0,22,双平,S,2425.0000,0.0000,0.0000,0.0000,0.0000,2427.0000,0.0000,0.0000,0.0000,0.0000,93,0,0,0,0,14,0,0,0,0
zc,WS209,2012-06-12 09:04:17.530,2425.0000,228288,0,0.0000,2.0000,1,1,空换,S,2425.0000,0.0000,0.0000,0.0000,0.0000,2427.0000,0.0000,0.0000,0.0000,0.0000,92,0,0,0,0,15,0,0,0,0
zc,WS209,2012-06-12 09:04:18.063,2425.0000,228270,-18,0.0000,18.0000,0,18,双平,S,2425.0000,0.0000,0.0000,0.0000,0.0000,2427.0000,0.0000,0.0000,0.0000,0.0000,83,0,0,0,0,8,0,0,0,0
zc,WS209,2012-06-12 09:04:18.563,2425.0000,228270,0,0.0000,10.0000,5,5,空换,S,2425.0000,0.0000,0.0000,0.0000,0.0000,2426.0000,0.0000,0.0000,0.0000,0.0000,79,0,0,0,0,1,0,0,0,0
zc,WS209,2012-06-12 09:04:19.827,2425.0000,228270,0,0.0000,2.0000,1,1,空换,S,2425.0000,0.0000,0.0000,0.0000,0.0000,2426.0000,0.0000,0.0000,0.0000,0.0000,78,0,0,0,0,2,0,0,0,0
zc,WS209,2012-06-12 09:04:20.313,2425.0000,228270,0,0.0000,0.0000,0,0,空换,S,2425.0000,0.0000,0.0000,0.0000,0.0000,2426.0000,0.0000,0.0000,0.0000,0.0000,83,0,0,0,0,1,0,0,0,0
zc,WS209,2012-06-12 09:04:20.827,2426.0000,228270,0,0.0000,2.0000,1,1,多换,B,2425.0000,0.0000,0.0000,0.0000,0.0000,2427.0000,0.0000,0.0000,0.0000,0.0000,84,0,0,0,0,8,0,0,0,0
zc,WS209,2012-06-12 09:04:21.577,2426.0000,228270,0,0.0000,0.0000,0,0,多换,B,2426.0000,0.0000,0.0000,0.0000,0.0000,2427.0000,0.0000,0.0000,0.0000,0.0000,10,0,0,0,0,8,0,0,0,0
zc,WS209,2012-06-12 09:04:22.077,2427.0000,228272,2,0.0000,4.0000,3,1,多开,B,2426.0000,0.0000,0.0000,0.0000,0.0000,2427.0000,0.0000,0.0000,0.0000,0.0000,10,0,0,0,0,6,0,0,0,0
zc,WS209,2012-06-12 09:04:22.797,2427.0000,228282,10,0.0000,12.0000,11,1,多开,B,2426.0000,0.0000,0.0000,0.0000,0.0000,2427.0000,0.0000,0.0000,0.0000,0.0000,6,0,0,0,0,22,0,0,0,0
zc,WS209,2012-06-12 09:04:23.373,2426.0000,228292,10,0.0000,12.0000,11,1,空开,S,2425.0000,0.0000,0.0000,0.0000,0.0000,2426.0000,0.0000,0.0000,0.0000,0.0000,84,0,0,0,0,3,0,0,0,0
zc,WS209,2012-06-12 09:04:24.093,2426.0000,228284,-8,0.0000,8.0000,0,8,双平,S,2425.0000,0.0000,0.0000,0.0000,0.0000,2427.0000,0.0000,0.0000,0.0000,0.0000,111,0,0,0,0,16,0,0,0,0
zc,WS209,2012-06-12 09:04:24.623,2426.0000,228284,0,0.0000,0.0000,0,0,空换,S,2425.0000,0.0000,0.0000,0.0000,0.0000,2426.0000,0.0000,0.0000,0.0000,0.0000,111,0,0,0,0,6,0,0,0,0
zc,WS209,2012-06-12 09:04:25.063,2425.0000,228276,-8,0.0000,8.0000,0,8,双平,S,2425.0000,0.0000,0.0000,0.0000,0.0000,2426.0000,0.0000,0.0000,0.0000,0.0000,107,0,0,0,0,7,0,0,0,0
zc,WS209,2012-06-12 09:04:25.860,2426.0000,228276,0,0.0000,6.0000,3,3,多换,B,2425.0000,0.0000,0.0000,0.0000,0.0000,2426.0000,0.0000,0.0000,0.0000,0.0000,107,0,0,0,0,4,0,0,0,0
zc,WS209,2012-06-12 09:04:26.373,2425.0000,228274,-2,0.0000,2.0000,0,2,双平,S,2425.0000,0.0000,0.0000,0.0000,0.0000,2426.0000,0.0000,0.0000,0.0000,0.0000,107,0,0,0,0,4,0,0,0,0
zc,WS209,2012-06-12 09:04:27.110,2425.0000,228274,0,0.0000,0.0000,0,0,空换,S,2425.0000,0.0000,0.0000,0.0000,0.0000,2426.0000,0.0000,0.0000,0.0000,0.0000,108,0,0,0,0,4,0,0,0,0
zc,WS209,2012-06-12 09:04:29.860,2425.0000,228274,0,0.0000,0.0000,0,0,空换,S,2425.0000,0.0000,0.0000,0.0000,0.0000,2426.0000,0.0000,0.0000,0.0000,0.0000,108,0,0,0,0,18,0,0,0,0
zc,WS209,2012-06-12 09:04:31.063,2426.0000,228274,0,0.0000,2.0000,1,1,多换,B,2425.0000,0.0000,0.0000,0.0000,0.0000,2426.0000,0.0000,0.0000,0.0000,0.0000,108,0,0,0,0,17,0,0,0,0
zc,WS209,2012-06-12 09:04:31.547,2426.0000,228272,-2,0.0000,2.0000,0,2,双平,B,2425.0000,0.0000,0.0000,0.0000,0.0000,2426.0000,0.0000,0.0000,0.0000,0.0000,108,0,0,0,0,16,0,0,0,0
zc,WS209,2012-06-12 09:04:32.593,2426.0000,228272,0,0.0000,0.0000,0,0,多换,B,2425.0000,0.0000,0.0000,0.0000,0.0000,2426.0000,0.0000,0.0000,0.0000,0.0000,109,0,0,0,0,16,0,0,0,0
zc,WS209,2012-06-12 09:04:35.517,2425.0000,228272,0,0.0000,2.0000,1,1,空换,S,2425.0000,0.0000,0.0000,0.0000,0.0000,2426.0000,0.0000,0.0000,0.0000,0.0000,108,0,0,0,0,19,0,0,0,0
zc,WS209,2012-06-12 09:04:36.593,2426.0000,228272,0,0.0000,4.0000,2,2,多换,B,2425.0000,0.0000,0.0000,0.0000,0.0000,2426.0000,0.0000,0.0000,0.0000,0.0000,108,0,0,0,0,17,0,0,0,0
zc,WS209,2012-06-12 09:04:37.360,2426.0000,228272,0,0.0000,0.0000,0,0,多换,B,2425.0000,0.0000,0.0000,0.0000,0.0000,2426.0000,0.0000,0.0000,0.0000,0.0000,110,0,0,0,0,17,0,0,0,0
zc,WS209,2012-06-12 09:04:38.623,2425.0000,228266,-6,0.0000,8.0000,1,7,多平,S,2425.0000,0.0000,0.0000,0.0000,0.0000,2426.0000,0.0000,0.0000,0.0000,0.0000,98,0,0,0,0,16,0,0,0,0
zc,WS209,2012-06-12 09:04:39.077,2425.0000,228266,0,0.0000,0.0000,0,0,空换,S,2425.0000,0.0000,0.0000,0.0000,0.0000,2426.0000,0.0000,0.0000,0.0000,0.0000,100,0,0,0,0,16,0,0,0,0
zc,WS209,2012-06-12 09:04:39.547,2425.0000,228266,0,0.0000,0.0000,0,0,空换,S,2425.0000,0.0000,0.0000,0.0000,0.0000,2426.0000,0.0000,0.0000,0.0000,0.0000,105,0,0,0,0,16,0,0,0,0
zc,WS209,2012-06-12 09:04:40.297,2426.0000,228260,-6,0.0000,6.0000,0,6,双平,B,2425.0000,0.0000,0.0000,0.0000,0.0000,2426.0000,0.0000,0.0000,0.0000,0.0000,105,0,0,0,0,13,0,0,0,0
zc,WS209,2012-06-12 09:04:41.373,2426.0000,228260,0,0.0000,0.0000,0,0,多换,B,2425.0000,0.0000,0.0000,0.0000,0.0000,2426.0000,0.0000,0.0000,0.0000,0.0000,128,0,0,0,0,13,0,0,0,0
zc,WS209,2012-06-12 09:04:41.827,2426.0000,228260,0,0.0000,0.0000,0,0,多换,B,2425.0000,0.0000,0.0000,0.0000,0.0000,2426.0000,0.0000,0.0000,0.0000,0.0000,133,0,0,0,0,13,0,0,0,0
zc,WS209,2012-06-12 09:04:44.327,2426.0000,228262,2,0.0000,30.0000,16,14,多开,B,2426.0000,0.0000,0.0000,0.0000,0.0000,2427.0000,0.0000,0.0000,0.0000,0.0000,16,0,0,0,0,9,0,0,0,0
zc,WS209,2012-06-12 09:04:45.547,2426.0000,228262,0,0.0000,0.0000,0,0,多换,B,2426.0000,0.0000,0.0000,0.0000,0.0000,2427.0000,0.0000,0.0000,0.0000,0.0000,17,0,0,0,0,9,0,0,0,0
zc,WS209,2012-06-12 09:04:45.797,2426.0000,228262,0,0.0000,8.0000,4,4,多换,B,2426.0000,0.0000,0.0000,0.0000,0.0000,2427.0000,0.0000,0.0000,0.0000,0.0000,13,0,0,0,0,9,0,0,0,0
zc,WS209,2012-06-12 09:04:47.123,2426.0000,228262,0,0.0000,10.0000,5,5,多换,B,2426.0000,0.0000,0.0000,0.0000,0.0000,2427.0000,0.0000,0.0000,0.0000,0.0000,8,0,0,0,0,9,0,0,0,0
zc,WS209,2012-06-12 09:04:47.563,2426.0000,228262,0,0.0000,0.0000,0,0,多换,B,2426.0000,0.0000,0.0000,0.0000,0.0000,2427.0000,0.0000,0.0000,0.0000,0.0000,9,0,0,0,0,9,0,0,0,0
zc,WS209,2012-06-12 09:04:49.530,2427.0000,228264,2,0.0000,4.0000,3,1,多开,B,2426.0000,0.0000,0.0000,0.0000,0.0000,2427.0000,0.0000,0.0000,0.0000,0.0000,2,0,0,0,0,9,0,0,0,0
zc,WS209,2012-06-12 09:04:50.030,2426.0000,228262,-2,0.0000,6.0000,2,4,多平,S,2425.0000,0.0000,0.0000,0.0000,0.0000,2426.0000,0.0000,0.0000,0.0000,0.0000,111,0,0,0,0,1,0,0,0,0
zc,WS209,2012-06-12 09:04:50.767,2426.0000,228262,0,0.0000,0.0000,0,0,空换,S,2425.0000,0.0000,0.0000,0.0000,0.0000,2426.0000,0.0000,0.0000,0.0000,0.0000,112,0,0,0,0,1,0,0,0,0
zc,WS209,2012-06-12 09:04:51.780,2425.0000,228260,-2,0.0000,8.0000,3,5,多平,S,2425.0000,0.0000,0.0000,0.0000,0.0000,2427.0000,0.0000,0.0000,0.0000,0.0000,109,0,0,0,0,8,0,0,0,0
zc,WS209,2012-06-12 09:04:52.327,2425.0000,228260,0,0.0000,0.0000,0,0,空换,S,2426.0000,0.0000,0.0000,0.0000,0.0000,2427.0000,0.0000,0.0000,0.0000,0.0000,7,0,0,0,0,7,0,0,0,0
zc,WS209,2012-06-12 09:04:52.780,2427.0000,228260,0,0.0000,2.0000,1,1,多换,B,2426.0000,0.0000,0.0000,0.0000,0.0000,2427.0000,0.0000,0.0000,0.0000,0.0000,8,0,0,0,0,7,0,0,0,0
zc,WS209,2012-06-12 09:04:53.563,2426.0000,228260,0,0.0000,6.0000,3,3,空换,S,2426.0000,0.0000,0.0000,0.0000,0.0000,2427.0000,0.0000,0.0000,0.0000,0.0000,7,0,0,0,0,7,0,0,0,0
zc,WS209,2012-06-12 09:04:54.593,2426.0000,228260,0,0.0000,0.0000,0,0,空换,S,2426.0000,0.0000,0.0000,0.0000,0.0000,2427.0000,0.0000,0.0000,0.0000,0.0000,8,0,0,0,0,7,0,0,0,0
zc,WS209,2012-06-12 09:04:55.063,2426.0000,228260,0,0.0000,0.0000,0,0,空换,S,2426.0000,0.0000,0.0000,0.0000,0.0000,2427.0000,0.0000,0.0000,0.0000,0.0000,8,0,0,0,0,4,0,0,0,0
zc,WS209,2012-06-12 09:04:56.047,2427.0000,228260,0,0.0000,4.0000,2,2,多换,B,2426.0000,0.0000,0.0000,0.0000,0.0000,2427.0000,0.0000,0.0000,0.0000,0.0000,7,0,0,0,0,2,0,0,0,0
zc,WS209,2012-06-12 09:04:56.890,2426.0000,228262,2,0.0000,2.0000,2,0,双开,S,2426.0000,0.0000,0.0000,0.0000,0.0000,2427.0000,0.0000,0.0000,0.0000,0.0000,6,0,0,0,0,2,0,0,0,0
zc,WS209,2012-06-12 09:04:57.563,2427.0000,228262,0,0.0000,4.0000,2,2,多换,B,2426.0000,0.0000,0.0000,0.0000,0.0000,2428.0000,0.0000,0.0000,0.0000,0.0000,19,0,0,0,0,20,0,0,0,0
zc,WS209,2012-06-12 09:04:57.797,2427.0000,228262,0,0.0000,0.0000,0,0,多换,B,2426.0000,0.0000,0.0000,0.0000,0.0000,2428.0000,0.0000,0.0000,0.0000,0.0000,27,0,0,0,0,23,0,0,0,0
zc,WS209,2012-06-12 09:04:58.623,2426.0000,228270,8,0.0000,8.0000,8,0,双开,S,2426.0000,0.0000,0.0000,0.0000,0.0000,2428.0000,0.0000,0.0000,0.0000,0.0000,31,0,0,0,0,23,0,0,0,0
zc,WS209,2012-06-12 09:04:59.547,2426.0000,228270,0,0.0000,0.0000,0,0,空换,S,2426.0000,0.0000,0.0000,0.0000,0.0000,2428.0000,0.0000,0.0000,0.0000,0.0000,30,0,0,0,0,23,0,0,0,0
zc,WS209,2012-06-12 09:05:00.110,2426.0000,228270,0,0.0000,0.0000,0,0,空换,S,2426.0000,0.0000,0.0000,0.0000,0.0000,2428.0000,0.0000,0.0000,0.0000,0.0000,30,0,0,0,0,28,0,0,0,0
zc,WS209,2012-06-12 09:05:00.797,2426.0000,228270,0,0.0000,0.0000,0,0,空换,S,2426.0000,0.0000,0.0000,0.0000,0.0000,2428.0000,0.0000,0.0000,0.0000,0.0000,31,0,0,0,0,28,0,0,0,0
zc,WS209,2012-06-12 09:05:01.280,2426.0000,228270,0,0.0000,0.0000,0,0,空换,S,2427.0000,0.0000,0.0000,0.0000,0.0000,2428.0000,0.0000,0.0000,0.0000,0.0000,2,0,0,0,0,28,0,0,0,0
zc,WS209,2012-06-12 09:05:01.860,2426.0000,228270,0,0.0000,0.0000,0,0,空换,S,2427.0000,0.0000,0.0000,0.0000,0.0000,2428.0000,0.0000,0.0000,0.0000,0.0000,28,0,0,0,0,19,0,0,0,0
zc,WS209,2012-06-12 09:05:03.873,2426.0000,228270,0,0.0000,0.0000,0,0,空换,S,2427.0000,0.0000,0.0000,0.0000,0.0000,2428.0000,0.0000,0.0000,0.0000,0.0000,28,0,0,0,0,18,0,0,0,0
zc,WS209,2012-06-12 09:05:04.327,2426.0000,228270,0,0.0000,0.0000,0,0,空换,S,2427.0000,0.0000,0.0000,0.0000,0.0000,2428.0000,0.0000,0.0000,0.0000,0.0000,78,0,0,0,0,18,0,0,0,0
zc,WS209,2012-06-12 09:05:05.140,2427.0000,228272,2,0.0000,2.0000,2,0,双开,B,2427.0000,0.0000,0.0000,0.0000,0.0000,2428.0000,0.0000,0.0000,0.0000,0.0000,77,0,0,0,0,18,0,0,0,0
zc,WS209,2012-06-12 09:05:05.530,2427.0000,228274,2,0.0000,2.0000,2,0,双开,B,2427.0000,0.0000,0.0000,0.0000,0.0000,2428.0000,0.0000,0.0000,0.0000,0.0000,76,0,0,0,0,18,0,0,0,0
zc,WS209,2012-06-12 09:05:06.047,2427.0000,228274,0,0.0000,0.0000,0,0,多换,B,2427.0000,0.0000,0.0000,0.0000,0.0000,2428.0000,0.0000,0.0000,0.0000,0.0000,76,0,0,0,0,15,0,0,0,0
zc,WS209,2012-06-12 09:05:09.030,2428.0000,228270,-4,0.0000,4.0000,0,4,双平,B,2427.0000,0.0000,0.0000,0.0000,0.0000,2428.0000,0.0000,0.0000,0.0000,0.0000,76,0,0,0,0,13,0,0,0,0
zc,WS209,2012-06-12 09:05:10.563,2428.0000,228270,0,0.0000,0.0000,0,0,多换,B,2427.0000,0.0000,0.0000,0.0000,0.0000,2428.0000,0.0000,0.0000,0.0000,0.0000,76,0,0,0,0,14,0,0,0,0
zc,WS209,2012-06-12 09:05:11.827,2428.0000,228270,0,0.0000,0.0000,0,0,多换,B,2427.0000,0.0000,0.0000,0.0000,0.0000,2428.0000,0.0000,0.0000,0.0000,0.0000,77,0,0,0,0,14,0,0,0,0
zc,WS209,2012-06-12 09:05:12.360,2428.0000,228276,6,0.0000,20.0000,13,7,多开,B,2427.0000,0.0000,0.0000,0.0000,0.0000,2428.0000,0.0000,0.0000,0.0000,0.0000,77,0,0,0,0,4,0,0,0,0
zc,WS209,2012-06-12 09:05:13.063,2427.0000,228276,0,0.0000,40.0000,20,20,空换,S,2427.0000,0.0000,0.0000,0.0000,0.0000,2428.0000,0.0000,0.0000,0.0000,0.0000,64,0,0,0,0,5,0,0,0,0
zc,WS209,2012-06-12 09:05:14.093,2427.0000,228278,2,0.0000,2.0000,2,0,双开,S,2427.0000,0.0000,0.0000,0.0000,0.0000,2428.0000,0.0000,0.0000,0.0000,0.0000,63,0,0,0,0,6,0,0,0,0
zc,WS209,2012-06-12 09:05:15.313,2428.0000,228282,4,0.0000,8.0000,6,2,多开,B,2427.0000,0.0000,0.0000,0.0000,0.0000,2428.0000,0.0000,0.0000,0.0000,0.0000,63,0,0,0,0,2,0,0,0,0
zc,WS209,2012-06-12 09:05:15.843,2428.0000,228282,0,0.0000,6.0000,3,3,多换,B,2428.0000,0.0000,0.0000,0.0000,0.0000,2429.0000,0.0000,0.0000,0.0000,0.0000,3,0,0,0,0,48,0,0,0,0
zc,WS209,2012-06-12 09:05:16.343,2428.0000,228280,-2,0.0000,6.0000,2,4,空平,B,2427.0000,0.0000,0.0000,0.0000,0.0000,2428.0000,0.0000,0.0000,0.0000,0.0000,65,0,0,0,0,5,0,0,0,0
zc,WS209,2012-06-12 09:05:17.077,2428.0000,228278,-2,0.0000,4.0000,1,3,空平,B,2427.0000,0.0000,0.0000,0.0000,0.0000,2428.0000,0.0000,0.0000,0.0000,0.0000,65,0,0,0,0,3,0,0,0,0
zc,WS209,2012-06-12 09:05:18.327,2428.0000,228278,0,0.0000,4.0000,2,2,多换,B,2427.0000,0.0000,0.0000,0.0000,0.0000,2428.0000,0.0000,0.0000,0.0000,0.0000,65,0,0,0,0,1,0,0,0,0
zc,WS209,2012-06-12 09:05:18.780,2428.0000,228278,0,0.0000,2.0000,1,1,多换,B,2427.0000,0.0000,0.0000,0.0000,0.0000,2429.0000,0.0000,0.0000,0.0000,0.0000,65,0,0,0,0,48,0,0,0,0
zc,WS209,2012-06-12 09:05:19.327,2428.0000,228278,0,0.0000,0.0000,0,0,多换,B,2427.0000,0.0000,0.0000,0.0000,0.0000,2428.0000,0.0000,0.0000,0.0000,0.0000,65,0,0,0,0,1,0,0,0,0
zc,WS209,2012-06-12 09:05:21.563,2428.0000,228278,0,0.0000,0.0000,0,0,多换,B,2427.0000,0.0000,0.0000,0.0000,0.0000,2428.0000,0.0000,0.0000,0.0000,0.0000,64,0,0,0,0,20,0,0,0,0
zc,WS209,2012-06-12 09:05:22.327,2428.0000,228278,0,0.0000,0.0000,0,0,多换,B,2427.0000,0.0000,0.0000,0.0000,0.0000,2428.0000,0.0000,0.0000,0.0000,0.0000,65,0,0,0,0,20,0,0,0,0
zc,WS209,2012-06-12 09:05:23.327,2428.0000,228292,14,0.0000,16.0000,15,1,多开,B,2427.0000,0.0000,0.0000,0.0000,0.0000,2428.0000,0.0000,0.0000,0.0000,0.0000,65,0,0,0,0,21,0,0,0,0
zc,WS209,2012-06-12 09:05:24.547,2428.0000,228292,0,0.0000,0.0000,0,0,多换,B,2427.0000,0.0000,0.0000,0.0000,0.0000,2428.0000,0.0000,0.0000,0.0000,0.0000,64,0,0,0,0,21,0,0,0,0
zc,WS209,2012-06-12 09:05:25.047,2428.0000,228292,0,0.0000,0.0000,0,0,多换,B,2427.0000,0.0000,0.0000,0.0000,0.0000,2428.0000,0.0000,0.0000,0.0000,0.0000,65,0,0,0,0,21,0,0,0,0
zc,WS209,2012-06-12 09:05:26.827,2428.0000,228294,2,0.0000,2.0000,2,0,双开,B,2427.0000,0.0000,0.0000,0.0000,0.0000,2428.0000,0.0000,0.0000,0.0000,0.0000,65,0,0,0,0,20,0,0,0,0
zc,WS209,2012-06-12 09:05:27.563,2428.0000,228294,0,0.0000,0.0000,0,0,多换,B,2427.0000,0.0000,0.0000,0.0000,0.0000,2428.0000,0.0000,0.0000,0.0000,0.0000,64,0,0,0,0,20,0,0,0,0
zc,WS209,2012-06-12 09:05:28.123,2428.0000,228294,0,0.0000,0.0000,0,0,多换,B,2427.0000,0.0000,0.0000,0.0000,0.0000,2428.0000,0.0000,0.0000,0.0000,0.0000,65,0,0,0,0,22,0,0,0,0
zc,WS209,2012-06-12 09:05:28.873,2428.0000,228294,0,0.0000,2.0000,1,1,多换,B,2427.0000,0.0000,0.0000,0.0000,0.0000,2428.0000,0.0000,0.0000,0.0000,0.0000,65,0,0,0,0,21,0,0,0,0
zc,WS209,2012-06-12 09:05:29.327,2428.0000,228294,0,0.0000,0.0000,0,0,多换,B,2427.0000,0.0000,0.0000,0.0000,0.0000,2428.0000,0.0000,0.0000,0.0000,0.0000,59,0,0,0,0,21,0,0,0,0
zc,WS209,2012-06-12 09:05:30.327,2428.0000,228296,2,0.0000,2.0000,2,0,双开,B,2427.0000,0.0000,0.0000,0.0000,0.0000,2428.0000,0.0000,0.0000,0.0000,0.0000,58,0,0,0,0,20,0,0,0,0
zc,WS209,2012-06-12 09:05:31.077,2428.0000,228296,0,0.0000,0.0000,0,0,多换,B,2427.0000,0.0000,0.0000,0.0000,0.0000,2428.0000,0.0000,0.0000,0.0000,0.0000,59,0,0,0,0,20,0,0,0,0
zc,WS209,2012-06-12 09:05:33.297,2428.0000,228296,0,0.0000,0.0000,0,0,多换,B,2427.0000,0.0000,0.0000,0.0000,0.0000,2428.0000,0.0000,0.0000,0.0000,0.0000,58,0,0,0,0,20,0,0,0,0
zc,WS209,2012-06-12 09:05:34.063,2428.0000,228296,0,0.0000,0.0000,0,0,多换,B,2427.0000,0.0000,0.0000,0.0000,0.0000,2428.0000,0.0000,0.0000,0.0000,0.0000,59,0,0,0,0,20,0,0,0,0
zc,WS209,2012-06-12 09:05:34.563,2428.0000,228296,0,0.0000,0.0000,0,0,多换,B,2427.0000,0.0000,0.0000,0.0000,0.0000,2428.0000,0.0000,0.0000,0.0000,0.0000,59,0,0,0,0,22,0,0,0,0
zc,WS209,2012-06-12 09:05:35.077,2428.0000,228300,4,0.0000,4.0000,4,0,双开,B,2427.0000,0.0000,0.0000,0.0000,0.0000,2428.0000,0.0000,0.0000,0.0000,0.0000,59,0,0,0,0,20,0,0,0,0
zc,WS209,2012-06-12 09:05:36.280,2428.0000,228300,0,0.0000,0.0000,0,0,多换,B,2427.0000,0.0000,0.0000,0.0000,0.0000,2428.0000,0.0000,0.0000,0.0000,0.0000,58,0,0,0,0,21,0,0,0,0
zc,WS209,2012-06-12 09:05:37.343,2428.0000,228300,0,0.0000,14.0000,7,7,多换,B,2427.0000,0.0000,0.0000,0.0000,0.0000,2428.0000,0.0000,0.0000,0.0000,0.0000,59,0,0,0,0,14,0,0,0,0
zc,WS209,2012-06-12 09:05:38.313,2428.0000,228300,0,0.0000,0.0000,0,0,多换,B,2427.0000,0.0000,0.0000,0.0000,0.0000,2428.0000,0.0000,0.0000,0.0000,0.0000,57,0,0,0,0,26,0,0,0,0
zc,WS209,2012-06-12 09:05:39.577,2428.0000,228300,0,0.0000,0.0000,0,0,多换,B,2427.0000,0.0000,0.0000,0.0000,0.0000,2428.0000,0.0000,0.0000,0.0000,0.0000,56,0,0,0,0,26,0,0,0,0
zc,WS209,2012-06-12 09:05:40.313,2428.0000,228300,0,0.0000,0.0000,0,0,多换,B,2427.0000,0.0000,0.0000,0.0000,0.0000,2428.0000,0.0000,0.0000,0.0000,0.0000,57,0,0,0,0,33,0,0,0,0
zc,WS209,2012-06-12 09:05:41.297,2427.0000,228300,0,0.0000,12.0000,6,6,空换,S,2427.0000,0.0000,0.0000,0.0000,0.0000,2428.0000,0.0000,0.0000,0.0000,0.0000,56,0,0,0,0,28,0,0,0,0
zc,WS209,2012-06-12 09:05:42.110,2427.0000,228300,0,0.0000,0.0000,0,0,空换,S,2427.0000,0.0000,0.0000,0.0000,0.0000,2428.0000,0.0000,0.0000,0.0000,0.0000,60,0,0,0,0,27,0,0,0,0
zc,WS209,2012-06-12 09:05:42.280,2427.0000,228300,0,0.0000,0.0000,0,0,空换,S,2427.0000,0.0000,0.0000,0.0000,0.0000,2428.0000,0.0000,0.0000,0.0000,0.0000,59,0,0,0,0,27,0,0,0,0
zc,WS209,2012-06-12 09:05:43.297,2427.0000,228300,0,0.0000,0.0000,0,0,空换,S,2427.0000,0.0000,0.0000,0.0000,0.0000,2428.0000,0.0000,0.0000,0.0000,0.0000,60,0,0,0,0,27,0,0,0,0
zc,WS209,2012-06-12 09:05:45.047,2427.0000,228300,0,0.0000,0.0000,0,0,空换,S,2427.0000,0.0000,0.0000,0.0000,0.0000,2428.0000,0.0000,0.0000,0.0000,0.0000,60,0,0,0,0,20,0,0,0,0
zc,WS209,2012-06-12 09:05:46.327,2427.0000,228302,2,0.0000,2.0000,2,0,双开,S,2427.0000,0.0000,0.0000,0.0000,0.0000,2428.0000,0.0000,0.0000,0.0000,0.0000,58,0,0,0,0,19,0,0,0,0
zc,WS209,2012-06-12 09:05:47.563,2427.0000,228318,16,0.0000,16.0000,16,0,双开,S,2427.0000,0.0000,0.0000,0.0000,0.0000,2428.0000,0.0000,0.0000,0.0000,0.0000,50,0,0,0,0,21,0,0,0,0
zc,WS209,2012-06-12 09:05:48.373,2427.0000,228320,2,0.0000,2.0000,2,0,双开,S,2427.0000,0.0000,0.0000,0.0000,0.0000,2428.0000,0.0000,0.0000,0.0000,0.0000,49,0,0,0,0,20,0,0,0,0
zc,WS209,2012-06-12 09:05:48.843,2427.0000,228346,26,0.0000,26.0000,26,0,双开,S,2427.0000,0.0000,0.0000,0.0000,0.0000,2428.0000,0.0000,0.0000,0.0000,0.0000,36,0,0,0,0,16,0,0,0,0
zc,WS209,2012-06-12 09:05:49.360,2427.0000,228346,0,0.0000,0.0000,0,0,空换,S,2427.0000,0.0000,0.0000,0.0000,0.0000,2428.0000,0.0000,0.0000,0.0000,0.0000,35,0,0,0,0,16,0,0,0,0
zc,WS209,2012-06-12 09:05:50.030,2427.0000,228348,2,0.0000,2.0000,2,0,双开,S,2427.0000,0.0000,0.0000,0.0000,0.0000,2428.0000,0.0000,0.0000,0.0000,0.0000,35,0,0,0,0,15,0,0,0,0
zc,WS209,2012-06-12 09:05:51.327,2427.0000,228352,4,0.0000,20.0000,12,8,空开,S,2427.0000,0.0000,0.0000,0.0000,0.0000,2428.0000,0.0000,0.0000,0.0000,0.0000,25,0,0,0,0,25,0,0,0,0
zc,WS209,2012-06-12 09:05:51.547,2427.0000,228352,0,0.0000,18.0000,9,9,空换,S,2427.0000,0.0000,0.0000,0.0000,0.0000,2428.0000,0.0000,0.0000,0.0000,0.0000,16,0,0,0,0,16,0,0,0,0
zc,WS209,2012-06-12 09:05:52.280,2427.0000,228352,0,0.0000,2.0000,1,1,空换,S,2427.0000,0.0000,0.0000,0.0000,0.0000,2428.0000,0.0000,0.0000,0.0000,0.0000,14,0,0,0,0,15,0,0,0,0
zc,WS209,2012-06-12 09:05:53.563,2427.0000,228354,2,0.0000,2.0000,2,0,双开,S,2427.0000,0.0000,0.0000,0.0000,0.0000,2428.0000,0.0000,0.0000,0.0000,0.0000,15,0,0,0,0,15,0,0,0,0
zc,WS209,2012-06-12 09:05:53.827,2427.0000,228356,2,0.0000,2.0000,2,0,双开,S,2427.0000,0.0000,0.0000,0.0000,0.0000,2428.0000,0.0000,0.0000,0.0000,0.0000,14,0,0,0,0,15,0,0,0,0
zc,WS209,2012-06-12 09:05:54.623,2427.0000,228356,0,0.0000,2.0000,1,1,空换,S,2427.0000,0.0000,0.0000,0.0000,0.0000,2428.0000,0.0000,0.0000,0.0000,0.0000,15,0,0,0,0,14,0,0,0,0
zc,WS209,2012-06-12 09:05:55.327,2427.0000,228356,0,0.0000,0.0000,0,0,空换,S,2427.0000,0.0000,0.0000,0.0000,0.0000,2428.0000,0.0000,0.0000,0.0000,0.0000,14,0,0,0,0,14,0,0,0,0
zc,WS209,2012-06-12 09:05:56.267,2427.0000,228356,0,0.0000,2.0000,1,1,空换,S,2427.0000,0.0000,0.0000,0.0000,0.0000,2428.0000,0.0000,0.0000,0.0000,0.0000,14,0,0,0,0,13,0,0,0,0
zc,WS209,2012-06-12 09:05:56.797,2427.0000,228356,0,0.0000,4.0000,2,2,空换,S,2427.0000,0.0000,0.0000,0.0000,0.0000,2428.0000,0.0000,0.0000,0.0000,0.0000,12,0,0,0,0,11,0,0,0,0
zc,WS209,2012-06-12 09:05:57.593,2427.0000,228356,0,0.0000,0.0000,0,0,空换,S,2427.0000,0.0000,0.0000,0.0000,0.0000,2428.0000,0.0000,0.0000,0.0000,0.0000,11,0,0,0,0,11,0,0,0,0
zc,WS209,2012-06-12 09:05:57.813,2427.0000,228354,-2,0.0000,22.0000,10,12,多平,S,2426.0000,0.0000,0.0000,0.0000,0.0000,2428.0000,0.0000,0.0000,0.0000,0.0000,26,0,0,0,0,5,0,0,0,0
zc,WS209,2012-06-12 09:05:58.517,2427.0000,228354,0,0.0000,0.0000,0,0,空换,S,2426.0000,0.0000,0.0000,0.0000,0.0000,2427.0000,0.0000,0.0000,0.0000,0.0000,26,0,0,0,0,10,0,0,0,0
zc,WS209,2012-06-12 09:06:01.297,2427.0000,228354,0,0.0000,0.0000,0,0,空换,S,2426.0000,0.0000,0.0000,0.0000,0.0000,2427.0000,0.0000,0.0000,0.0000,0.0000,30,0,0,0,0,10,0,0,0,0
zc,WS209,2012-06-12 09:06:01.843,2426.0000,228356,2,0.0000,2.0000,2,0,双开,S,2426.0000,0.0000,0.0000,0.0000,0.0000,2427.0000,0.0000,0.0000,0.0000,0.0000,29,0,0,0,0,10,0,0,0,0
zc,WS209,2012-06-12 09:06:03.123,2426.0000,228356,0,0.0000,0.0000,0,0,空换,S,2426.0000,0.0000,0.0000,0.0000,0.0000,2427.0000,0.0000,0.0000,0.0000,0.0000,28,0,0,0,0,10,0,0,0,0
zc,WS209,2012-06-12 09:06:04.267,2427.0000,228358,2,0.0000,2.0000,2,0,双开,B,2426.0000,0.0000,0.0000,0.0000,0.0000,2427.0000,0.0000,0.0000,0.0000,0.0000,28,0,0,0,0,9,0,0,0,0
zc,WS209,2012-06-12 09:06:05.547,2426.0000,228358,0,0.0000,2.0000,1,1,空换,S,2426.0000,0.0000,0.0000,0.0000,0.0000,2427.0000,0.0000,0.0000,0.0000,0.0000,27,0,0,0,0,9,0,0,0,0
zc,WS209,2012-06-12 09:06:06.110,2427.0000,228360,2,0.0000,2.0000,2,0,双开,B,2426.0000,0.0000,0.0000,0.0000,0.0000,2427.0000,0.0000,0.0000,0.0000,0.0000,28,0,0,0,0,8,0,0,0,0
zc,WS209,2012-06-12 09:06:07.327,2427.0000,228362,2,0.0000,16.0000,9,7,多开,B,2426.0000,0.0000,0.0000,0.0000,0.0000,2427.0000,0.0000,0.0000,0.0000,0.0000,28,0,0,0,0,5,0,0,0,0
zc,WS209,2012-06-12 09:06:09.360,2427.0000,228362,0,0.0000,0.0000,0,0,多换,B,2426.0000,0.0000,0.0000,0.0000,0.0000,2427.0000,0.0000,0.0000,0.0000,0.0000,78,0,0,0,0,5,0,0,0,0
zc,WS209,2012-06-12 09:06:10.267,2426.0000,228358,-4,0.0000,22.0000,9,13,多平,S,2426.0000,0.0000,0.0000,0.0000,0.0000,2427.0000,0.0000,0.0000,0.0000,0.0000,88,0,0,0,0,5,0,0,0,0
zc,WS209,2012-06-12 09:06:12.610,2427.0000,228356,-2,0.0000,2.0000,0,2,双平,B,2426.0000,0.0000,0.0000,0.0000,0.0000,2427.0000,0.0000,0.0000,0.0000,0.0000,89,0,0,0,0,4,0,0,0,0
zc,WS209,2012-06-12 09:06:16.047,2427.0000,228356,0,0.0000,6.0000,3,3,多换,B,2426.0000,0.0000,0.0000,0.0000,0.0000,2427.0000,0.0000,0.0000,0.0000,0.0000,89,0,0,0,0,3,0,0,0,0
zc,WS209,2012-06-12 09:06:17.030,2427.0000,228356,0,0.0000,2.0000,1,1,多换,B,2426.0000,0.0000,0.0000,0.0000,0.0000,2427.0000,0.0000,0.0000,0.0000,0.0000,89,0,0,0,0,2,0,0,0,0
zc,WS209,2012-06-12 09:06:17.530,2426.0000,228356,0,0.0000,8.0000,4,4,空换,S,2426.0000,0.0000,0.0000,0.0000,0.0000,2427.0000,0.0000,0.0000,0.0000,0.0000,95,0,0,0,0,2,0,0,0,0
zc,WS209,2012-06-12 09:06:18.327,2427.0000,228356,0,0.0000,4.0000,2,2,多换,B,2427.0000,0.0000,0.0000,0.0000,0.0000,2428.0000,0.0000,0.0000,0.0000,0.0000,8,0,0,0,0,5,0,0,0,0
zc,WS209,2012-06-12 09:06:18.843,2427.0000,228356,0,0.0000,0.0000,0,0,多换,B,2427.0000,0.0000,0.0000,0.0000,0.0000,2428.0000,0.0000,0.0000,0.0000,0.0000,9,0,0,0,0,5,0,0,0,0
zc,WS209,2012-06-12 09:06:20.327,2427.0000,228356,0,0.0000,2.0000,1,1,多换,B,2427.0000,0.0000,0.0000,0.0000,0.0000,2428.0000,0.0000,0.0000,0.0000,0.0000,8,0,0,0,0,5,0,0,0,0
zc,WS209,2012-06-12 09:06:21.093,2427.0000,228356,0,0.0000,4.0000,2,2,多换,B,2427.0000,0.0000,0.0000,0.0000,0.0000,2428.0000,0.0000,0.0000,0.0000,0.0000,6,0,0,0,0,5,0,0,0,0
zc,WS209,2012-06-12 09:06:21.547,2427.0000,228356,0,0.0000,2.0000,1,1,多换,B,2427.0000,0.0000,0.0000,0.0000,0.0000,2428.0000,0.0000,0.0000,0.0000,0.0000,5,0,0,0,0,5,0,0,0,0
zc,WS209,2012-06-12 09:06:23.313,2427.0000,228356,0,0.0000,2.0000,1,1,多换,B,2427.0000,0.0000,0.0000,0.0000,0.0000,2428.0000,0.0000,0.0000,0.0000,0.0000,4,0,0,0,0,5,0,0,0,0
zc,WS209,2012-06-12 09:06:24.547,2427.0000,228356,0,0.0000,0.0000,0,0,多换,B,2427.0000,0.0000,0.0000,0.0000,0.0000,2428.0000,0.0000,0.0000,0.0000,0.0000,4,0,0,0,0,6,0,0,0,0
zc,WS209,2012-06-12 09:06:25.047,2427.0000,228356,0,0.0000,0.0000,0,0,多换,B,2427.0000,0.0000,0.0000,0.0000,0.0000,2428.0000,0.0000,0.0000,0.0000,0.0000,4,0,0,0,0,7,0,0,0,0
zc,WS209,2012-06-12 09:06:26.780,2427.0000,228356,0,0.0000,0.0000,0,0,多换,B,2427.0000,0.0000,0.0000,0.0000,0.0000,2428.0000,0.0000,0.0000,0.0000,0.0000,1,0,0,0,0,8,0,0,0,0
zc,WS209,2012-06-12 09:06:29.530,2427.0000,228356,0,0.0000,0.0000,0,0,多换,B,2427.0000,0.0000,0.0000,0.0000,0.0000,2428.0000,0.0000,0.0000,0.0000,0.0000,2,0,0,0,0,8,0,0,0,0
zc,WS209,2012-06-12 09:06:30.063,2427.0000,228356,0,0.0000,0.0000,0,0,多换,B,2427.0000,0.0000,0.0000,0.0000,0.0000,2428.0000,0.0000,0.0000,0.0000,0.0000,2,0,0,0,0,9,0,0,0,0
zc,WS209,2012-06-12 09:06:31.280,2427.0000,228356,0,0.0000,0.0000,0,0,多换,B,2427.0000,0.0000,0.0000,0.0000,0.0000,2428.0000,0.0000,0.0000,0.0000,0.0000,4,0,0,0,0,9,0,0,0,0
zc,WS209,2012-06-12 09:06:33.797,2427.0000,228358,2,0.0000,2.0000,2,0,双开,B,2427.0000,0.0000,0.0000,0.0000,0.0000,2428.0000,0.0000,0.0000,0.0000,0.0000,3,0,0,0,0,9,0,0,0,0
zc,WS209,2012-06-12 09:06:36.063,2427.0000,228358,0,0.0000,6.0000,3,3,多换,B,2426.0000,0.0000,0.0000,0.0000,0.0000,2427.0000,0.0000,0.0000,0.0000,0.0000,95,0,0,0,0,17,0,0,0,0
zc,WS209,2012-06-12 09:06:39.077,2426.0000,228360,2,0.0000,2.0000,2,0,双开,S,2426.0000,0.0000,0.0000,0.0000,0.0000,2427.0000,0.0000,0.0000,0.0000,0.0000,96,0,0,0,0,17,0,0,0,0
zc,WS209,2012-06-12 09:06:40.797,2426.0000,228360,0,0.0000,0.0000,0,0,空换,S,2426.0000,0.0000,0.0000,0.0000,0.0000,2427.0000,0.0000,0.0000,0.0000,0.0000,96,0,0,0,0,19,0,0,0,0
zc,WS209,2012-06-12 09:06:43.280,2426.0000,228360,0,0.0000,0.0000,0,0,空换,S,2426.0000,0.0000,0.0000,0.0000,0.0000,2427.0000,0.0000,0.0000,0.0000,0.0000,96,0,0,0,0,49,0,0,0,0
zc,WS209,2012-06-12 09:06:46.030,2426.0000,228360,0,0.0000,0.0000,0,0,空换,S,2426.0000,0.0000,0.0000,0.0000,0.0000,2427.0000,0.0000,0.0000,0.0000,0.0000,146,0,0,0,0,49,0,0,0,0
zc,WS209,2012-06-12 09:06:48.267,2426.0000,228360,0,0.0000,0.0000,0,0,空换,S,2426.0000,0.0000,0.0000,0.0000,0.0000,2427.0000,0.0000,0.0000,0.0000,0.0000,146,0,0,0,0,51,0,0,0,0
zc,WS209,2012-06-12 09:06:49.297,2427.0000,228360,0,0.0000,2.0000,1,1,多换,B,2426.0000,0.0000,0.0000,0.0000,0.0000,2427.0000,0.0000,0.0000,0.0000,0.0000,146,0,0,0,0,50,0,0,0,0
zc,WS209,2012-06-12 09:06:50.517,2427.0000,228360,0,0.0000,0.0000,0,0,多换,B,2426.0000,0.0000,0.0000,0.0000,0.0000,2427.0000,0.0000,0.0000,0.0000,0.0000,147,0,0,0,0,50,0,0,0,0
zc,WS209,2012-06-12 09:06:51.030,2427.0000,228360,0,0.0000,0.0000,0,0,多换,B,2426.0000,0.0000,0.0000,0.0000,0.0000,2427.0000,0.0000,0.0000,0.0000,0.0000,148,0,0,0,0,48,0,0,0,0
zc,WS209,2012-06-12 09:06:53.360,2427.0000,228360,0,0.0000,0.0000,0,0,多换,B,2426.0000,0.0000,0.0000,0.0000,0.0000,2427.0000,0.0000,0.0000,0.0000,0.0000,145,0,0,0,0,49,0,0,0,0
zc,WS209,2012-06-12 09:06:56.280,2426.0000,228360,0,0.0000,4.0000,2,2,空换,S,2426.0000,0.0000,0.0000,0.0000,0.0000,2427.0000,0.0000,0.0000,0.0000,0.0000,143,0,0,0,0,49,0,0,0,0
zc,WS209,2012-06-12 09:06:57.530,2426.0000,228360,0,0.0000,0.0000,0,0,空换,S,2426.0000,0.0000,0.0000,0.0000,0.0000,2427.0000,0.0000,0.0000,0.0000,0.0000,143,0,0,0,0,50,0,0,0,0
zc,WS209,2012-06-12 09:07:01.610,2426.0000,228360,0,0.0000,0.0000,0,0,空换,S,2426.0000,0.0000,0.0000,0.0000,0.0000,2427.0000,0.0000,0.0000,0.0000,0.0000,143,0,0,0,0,48,0,0,0,0
zc,WS209,2012-06-12 09:07:02.123,2427.0000,228358,-2,0.0000,2.0000,0,2,双平,B,2426.0000,0.0000,0.0000,0.0000,0.0000,2427.0000,0.0000,0.0000,0.0000,0.0000,143,0,0,0,0,47,0,0,0,0
zc,WS209,2012-06-12 09:07:02.843,2427.0000,228358,0,0.0000,0.0000,0,0,多换,B,2426.0000,0.0000,0.0000,0.0000,0.0000,2427.0000,0.0000,0.0000,0.0000,0.0000,143,0,0,0,0,48,0,0,0,0
zc,WS209,2012-06-12 09:07:04.110,2427.0000,228358,0,0.0000,0.0000,0,0,多换,B,2426.0000,0.0000,0.0000,0.0000,0.0000,2427.0000,0.0000,0.0000,0.0000,0.0000,144,0,0,0,0,48,0,0,0,0
zc,WS209,2012-06-12 09:07:04.813,2426.0000,228368,10,0.0000,10.0000,10,0,双开,S,2426.0000,0.0000,0.0000,0.0000,0.0000,2427.0000,0.0000,0.0000,0.0000,0.0000,139,0,0,0,0,50,0,0,0,0
zc,WS209,2012-06-12 09:07:08.360,2426.0000,228368,0,0.0000,0.0000,0,0,空换,S,2426.0000,0.0000,0.0000,0.0000,0.0000,2427.0000,0.0000,0.0000,0.0000,0.0000,139,0,0,0,0,52,0,0,0,0
zc,WS209,2012-06-12 09:07:11.327,2426.0000,228368,0,0.0000,0.0000,0,0,空换,S,2426.0000,0.0000,0.0000,0.0000,0.0000,2427.0000,0.0000,0.0000,0.0000,0.0000,139,0,0,0,0,54,0,0,0,0
zc,WS209,2012-06-12 09:07:12.827,2426.0000,228368,0,0.0000,0.0000,0,0,空换,S,2426.0000,0.0000,0.0000,0.0000,0.0000,2427.0000,0.0000,0.0000,0.0000,0.0000,140,0,0,0,0,54,0,0,0,0
zc,WS209,2012-06-12 09:07:13.593,2426.0000,228368,0,0.0000,0.0000,0,0,空换,S,2426.0000,0.0000,0.0000,0.0000,0.0000,2427.0000,0.0000,0.0000,0.0000,0.0000,143,0,0,0,0,51,0,0,0,0
zc,WS209,2012-06-12 09:07:14.297,2426.0000,228368,0,0.0000,0.0000,0,0,空换,S,2426.0000,0.0000,0.0000,0.0000,0.0000,2427.0000,0.0000,0.0000,0.0000,0.0000,93,0,0,0,0,51,0,0,0,0
zc,WS209,2012-06-12 09:07:14.797,2426.0000,228368,0,0.0000,0.0000,0,0,空换,S,2426.0000,0.0000,0.0000,0.0000,0.0000,2427.0000,0.0000,0.0000,0.0000,0.0000,92,0,0,0,0,51,0,0,0,0
zc,WS209,2012-06-12 09:07:15.360,2426.0000,228372,4,0.0000,4.0000,4,0,双开,S,2426.0000,0.0000,0.0000,0.0000,0.0000,2427.0000,0.0000,0.0000,0.0000,0.0000,91,0,0,0,0,51,0,0,0,0
zc,WS209,2012-06-12 09:07:16.030,2426.0000,228376,4,0.0000,6.0000,5,1,空开,S,2426.0000,0.0000,0.0000,0.0000,0.0000,2427.0000,0.0000,0.0000,0.0000,0.0000,86,0,0,0,0,51,0,0,0,0
zc,WS209,2012-06-12 09:07:16.563,2426.0000,228376,0,0.0000,0.0000,0,0,空换,S,2426.0000,0.0000,0.0000,0.0000,0.0000,2427.0000,0.0000,0.0000,0.0000,0.0000,85,0,0,0,0,51,0,0,0,0
zc,WS209,2012-06-12 09:07:17.077,2426.0000,228376,0,0.0000,0.0000,0,0,空换,S,2426.0000,0.0000,0.0000,0.0000,0.0000,2427.0000,0.0000,0.0000,0.0000,0.0000,85,0,0,0,0,52,0,0,0,0
zc,WS209,2012-06-12 09:07:20.547,2426.0000,228374,-2,0.0000,2.0000,0,2,双平,S,2426.0000,0.0000,0.0000,0.0000,0.0000,2427.0000,0.0000,0.0000,0.0000,0.0000,84,0,0,0,0,52,0,0,0,0
zc,WS209,2012-06-12 09:07:21.280,2426.0000,228374,0,0.0000,2.0000,1,1,空换,S,2426.0000,0.0000,0.0000,0.0000,0.0000,2427.0000,0.0000,0.0000,0.0000,0.0000,83,0,0,0,0,52,0,0,0,0
zc,WS209,2012-06-12 09:07:23.063,2426.0000,228374,0,0.0000,0.0000,0,0,空换,S,2426.0000,0.0000,0.0000,0.0000,0.0000,2427.0000,0.0000,0.0000,0.0000,0.0000,86,0,0,0,0,51,0,0,0,0
zc,WS209,2012-06-12 09:07:23.563,2426.0000,228374,0,0.0000,0.0000,0,0,空换,S,2426.0000,0.0000,0.0000,0.0000,0.0000,2427.0000,0.0000,0.0000,0.0000,0.0000,85,0,0,0,0,51,0,0,0,0
zc,WS209,2012-06-12 09:07:24.360,2426.0000,228372,-2,0.0000,4.0000,1,3,多平,S,2426.0000,0.0000,0.0000,0.0000,0.0000,2427.0000,0.0000,0.0000,0.0000,0.0000,85,0,0,0,0,51,0,0,0,0
zc,WS209,2012-06-12 09:07:24.843,2426.0000,228372,0,0.0000,2.0000,1,1,空换,S,2426.0000,0.0000,0.0000,0.0000,0.0000,2427.0000,0.0000,0.0000,0.0000,0.0000,84,0,0,0,0,51,0,0,0,0
zc,WS209,2012-06-12 09:07:26.547,2426.0000,228370,-2,0.0000,2.0000,0,2,双平,S,2426.0000,0.0000,0.0000,0.0000,0.0000,2427.0000,0.0000,0.0000,0.0000,0.0000,83,0,0,0,0,51,0,0,0,0
zc,WS209,2012-06-12 09:07:28.110,2427.0000,228370,0,0.0000,4.0000,2,2,多换,B,2426.0000,0.0000,0.0000,0.0000,0.0000,2427.0000,0.0000,0.0000,0.0000,0.0000,83,0,0,0,0,49,0,0,0,0
zc,WS209,2012-06-12 09:07:28.610,2427.0000,228370,0,0.0000,0.0000,0,0,多换,B,2426.0000,0.0000,0.0000,0.0000,0.0000,2427.0000,0.0000,0.0000,0.0000,0.0000,80,0,0,0,0,79,0,0,0,0
zc,WS209,2012-06-12 09:07:30.593,2426.0000,228370,0,0.0000,2.0000,1,1,空换,S,2426.0000,0.0000,0.0000,0.0000,0.0000,2427.0000,0.0000,0.0000,0.0000,0.0000,80,0,0,0,0,79,0,0,0,0
zc,WS209,2012-06-12 09:07:33.063,2427.0000,228368,-2,0.0000,2.0000,0,2,双平,B,2426.0000,0.0000,0.0000,0.0000,0.0000,2427.0000,0.0000,0.0000,0.0000,0.0000,79,0,0,0,0,78,0,0,0,0
zc,WS209,2012-06-12 09:07:37.360,2426.0000,228256,-112,0.0000,138.0000,13,125,多平,S,2426.0000,0.0000,0.0000,0.0000,0.0000,2427.0000,0.0000,0.0000,0.0000,0.0000,60,0,0,0,0,78,0,0,0,0
zc,WS209,2012-06-12 09:07:38.530,2426.0000,228208,-48,0.0000,60.0000,6,54,多平,S,2426.0000,0.0000,0.0000,0.0000,0.0000,2427.0000,0.0000,0.0000,0.0000,0.0000,31,0,0,0,0,47,0,0,0,0
zc,WS209,2012-06-12 09:07:38.797,2427.0000,228208,0,0.0000,4.0000,2,2,多换,B,2426.0000,0.0000,0.0000,0.0000,0.0000,2427.0000,0.0000,0.0000,0.0000,0.0000,31,0,0,0,0,53,0,0,0,0
zc,WS209,2012-06-12 09:07:39.577,2427.0000,228208,0,0.0000,0.0000,0,0,多换,B,2426.0000,0.0000,0.0000,0.0000,0.0000,2427.0000,0.0000,0.0000,0.0000,0.0000,31,0,0,0,0,52,0,0,0,0
zc,WS209,2012-06-12 09:07:40.327,2426.0000,228204,-4,0.0000,6.0000,1,5,多平,S,2426.0000,0.0000,0.0000,0.0000,0.0000,2427.0000,0.0000,0.0000,0.0000,0.0000,28,0,0,0,0,50,0,0,0,0
zc,WS209,2012-06-12 09:07:40.827,2426.0000,228192,-12,0.0000,12.0000,0,12,双平,S,2426.0000,0.0000,0.0000,0.0000,0.0000,2427.0000,0.0000,0.0000,0.0000,0.0000,22,0,0,0,0,48,0,0,0,0
zc,WS209,2012-06-12 09:07:41.593,2426.0000,228192,0,0.0000,0.0000,0,0,空换,S,2426.0000,0.0000,0.0000,0.0000,0.0000,2427.0000,0.0000,0.0000,0.0000,0.0000,22,0,0,0,0,49,0,0,0,0
zc,WS209,2012-06-12 09:07:42.623,2426.0000,228192,0,0.0000,8.0000,4,4,空换,S,2426.0000,0.0000,0.0000,0.0000,0.0000,2427.0000,0.0000,0.0000,0.0000,0.0000,18,0,0,0,0,49,0,0,0,0
zc,WS209,2012-06-12 09:07:45.047,2426.0000,228192,0,0.0000,2.0000,1,1,空换,S,2426.0000,0.0000,0.0000,0.0000,0.0000,2427.0000,0.0000,0.0000,0.0000,0.0000,17,0,0,0,0,49,0,0,0,0
zc,WS209,2012-06-12 09:07:45.623,2426.0000,228176,-16,0.0000,34.0000,9,25,多平,S,2425.0000,0.0000,0.0000,0.0000,0.0000,2427.0000,0.0000,0.0000,0.0000,0.0000,99,0,0,0,0,93,0,0,0,0
zc,WS209,2012-06-12 09:07:46.140,2426.0000,228176,0,0.0000,0.0000,0,0,空换,S,2425.0000,0.0000,0.0000,0.0000,0.0000,2426.0000,0.0000,0.0000,0.0000,0.0000,100,0,0,0,0,4,0,0,0,0
zc,WS209,2012-06-12 09:07:46.860,2426.0000,228176,0,0.0000,0.0000,0,0,空换,S,2425.0000,0.0000,0.0000,0.0000,0.0000,2426.0000,0.0000,0.0000,0.0000,0.0000,99,0,0,0,0,5,0,0,0,0
zc,WS209,2012-06-12 09:07:47.360,2426.0000,228176,0,0.0000,10.0000,5,5,空换,S,2425.0000,0.0000,0.0000,0.0000,0.0000,2426.0000,0.0000,0.0000,0.0000,0.0000,99,0,0,0,0,2,0,0,0,0
zc,WS209,2012-06-12 09:07:48.077,2427.0000,228180,4,0.0000,16.0000,10,6,多开,B,2426.0000,0.0000,0.0000,0.0000,0.0000,2427.0000,0.0000,0.0000,0.0000,0.0000,6,0,0,0,0,41,0,0,0,0
zc,WS209,2012-06-12 09:07:48.593,2427.0000,228182,2,0.0000,16.0000,9,7,多开,B,2426.0000,0.0000,0.0000,0.0000,0.0000,2427.0000,0.0000,0.0000,0.0000,0.0000,5,0,0,0,0,34,0,0,0,0
zc,WS209,2012-06-12 09:07:49.327,2426.0000,228192,10,0.0000,10.0000,10,0,双开,S,2425.0000,0.0000,0.0000,0.0000,0.0000,2427.0000,0.0000,0.0000,0.0000,0.0000,98,0,0,0,0,35,0,0,0,0
zc,WS209,2012-06-12 09:07:49.593,2426.0000,228192,0,0.0000,0.0000,0,0,空换,S,2425.0000,0.0000,0.0000,0.0000,0.0000,2427.0000,0.0000,0.0000,0.0000,0.0000,98,0,0,0,0,36,0,0,0,0
zc,WS209,2012-06-12 09:07:50.297,2427.0000,228190,-2,0.0000,2.0000,0,2,双平,B,2425.0000,0.0000,0.0000,0.0000,0.0000,2427.0000,0.0000,0.0000,0.0000,0.0000,98,0,0,0,0,36,0,0,0,0
zc,WS209,2012-06-12 09:07:50.813,2427.0000,228190,0,0.0000,0.0000,0,0,多换,B,2426.0000,0.0000,0.0000,0.0000,0.0000,2427.0000,0.0000,0.0000,0.0000,0.0000,1,0,0,0,0,33,0,0,0,0
zc,WS209,2012-06-12 09:07:51.623,2426.0000,228190,0,0.0000,2.0000,1,1,空换,S,2425.0000,0.0000,0.0000,0.0000,0.0000,2427.0000,0.0000,0.0000,0.0000,0.0000,101,0,0,0,0,33,0,0,0,0
zc,WS209,2012-06-12 09:07:52.577,2426.0000,228190,0,0.0000,0.0000,0,0,空换,S,2425.0000,0.0000,0.0000,0.0000,0.0000,2427.0000,0.0000,0.0000,0.0000,0.0000,99,0,0,0,0,33,0,0,0,0
zc,WS209,2012-06-12 09:07:53.860,2427.0000,228188,-2,0.0000,2.0000,0,2,双平,B,2425.0000,0.0000,0.0000,0.0000,0.0000,2427.0000,0.0000,0.0000,0.0000,0.0000,99,0,0,0,0,32,0,0,0,0
zc,WS209,2012-06-12 09:07:54.827,2427.0000,228188,0,0.0000,0.0000,0,0,多换,B,2425.0000,0.0000,0.0000,0.0000,0.0000,2427.0000,0.0000,0.0000,0.0000,0.0000,98,0,0,0,0,38,0,0,0,0
zc,WS209,2012-06-12 09:07:55.593,2425.0000,228140,-48,0.0000,60.0000,6,54,多平,S,2426.0000,0.0000,0.0000,0.0000,0.0000,2427.0000,0.0000,0.0000,0.0000,0.0000,1,0,0,0,0,39,0,0,0,0
zc,WS209,2012-06-12 09:07:56.077,2427.0000,228140,0,0.0000,10.0000,5,5,多换,B,2426.0000,0.0000,0.0000,0.0000,0.0000,2427.0000,0.0000,0.0000,0.0000,0.0000,1,0,0,0,0,34,0,0,0,0
zc,WS209,2012-06-12 09:07:56.563,2427.0000,228140,0,0.0000,0.0000,0,0,多换,B,2426.0000,0.0000,0.0000,0.0000,0.0000,2427.0000,0.0000,0.0000,0.0000,0.0000,1,0,0,0,0,36,0,0,0,0
zc,WS209,2012-06-12 09:07:57.827,2426.0000,228142,2,0.0000,2.0000,2,0,双开,S,2425.0000,0.0000,0.0000,0.0000,0.0000,2427.0000,0.0000,0.0000,0.0000,0.0000,69,0,0,0,0,31,0,0,0,0
zc,WS209,2012-06-12 09:07:58.420,2426.0000,228142,0,0.0000,0.0000,0,0,空换,S,2426.0000,0.0000,0.0000,0.0000,0.0000,2427.0000,0.0000,0.0000,0.0000,0.0000,1,0,0,0,0,28,0,0,0,0
zc,WS209,2012-06-12 09:07:59.063,2426.0000,228144,2,0.0000,2.0000,2,0,双开,S,2426.0000,0.0000,0.0000,0.0000,0.0000,2427.0000,0.0000,0.0000,0.0000,0.0000,3,0,0,0,0,29,0,0,0,0
zc,WS209,2012-06-12 09:07:59.623,2426.0000,228144,0,0.0000,0.0000,0,0,空换,S,2426.0000,0.0000,0.0000,0.0000,0.0000,2427.0000,0.0000,0.0000,0.0000,0.0000,3,0,0,0,0,31,0,0,0,0
zc,WS209,2012-06-12 09:08:00.140,2426.0000,228144,0,0.0000,4.0000,2,2,空换,S,2426.0000,0.0000,0.0000,0.0000,0.0000,2427.0000,0.0000,0.0000,0.0000,0.0000,1,0,0,0,0,31,0,0,0,0
zc,WS209,2012-06-12 09:08:00.843,2426.0000,228144,0,0.0000,0.0000,0,0,空换,S,2426.0000,0.0000,0.0000,0.0000,0.0000,2427.0000,0.0000,0.0000,0.0000,0.0000,2,0,0,0,0,30,0,0,0,0
zc,WS209,2012-06-12 09:08:01.313,2426.0000,228144,0,0.0000,0.0000,0,0,空换,S,2426.0000,0.0000,0.0000,0.0000,0.0000,2427.0000,0.0000,0.0000,0.0000,0.0000,2,0,0,0,0,27,0,0,0,0
zc,WS209,2012-06-12 09:08:01.813,2426.0000,228146,2,0.0000,4.0000,3,1,空开,S,2425.0000,0.0000,0.0000,0.0000,0.0000,2427.0000,0.0000,0.0000,0.0000,0.0000,69,0,0,0,0,27,0,0,0,0
zc,WS209,2012-06-12 09:08:02.547,2426.0000,228140,-6,0.0000,8.0000,1,7,多平,S,2425.0000,0.0000,0.0000,0.0000,0.0000,2426.0000,0.0000,0.0000,0.0000,0.0000,69,0,0,0,0,23,0,0,0,0
zc,WS209,2012-06-12 09:08:03.047,2426.0000,228140,0,0.0000,36.0000,18,18,空换,S,2425.0000,0.0000,0.0000,0.0000,0.0000,2426.0000,0.0000,0.0000,0.0000,0.0000,69,0,0,0,0,5,0,0,0,0
zc,WS209,2012-06-12 09:08:03.827,2426.0000,228140,0,0.0000,0.0000,0,0,空换,S,2425.0000,0.0000,0.0000,0.0000,0.0000,2426.0000,0.0000,0.0000,0.0000,0.0000,70,0,0,0,0,5,0,0,0,0
zc,WS209,2012-06-12 09:08:05.297,2426.0000,228140,0,0.0000,0.0000,0,0,空换,S,2425.0000,0.0000,0.0000,0.0000,0.0000,2426.0000,0.0000,0.0000,0.0000,0.0000,71,0,0,0,0,5,0,0,0,0
zc,WS209,2012-06-12 09:08:06.063,2426.0000,228140,0,0.0000,0.0000,0,0,空换,S,2425.0000,0.0000,0.0000,0.0000,0.0000,2426.0000,0.0000,0.0000,0.0000,0.0000,73,0,0,0,0,5,0,0,0,0
zc,WS209,2012-06-12 09:08:07.827,2426.0000,228140,0,0.0000,2.0000,1,1,空换,S,2425.0000,0.0000,0.0000,0.0000,0.0000,2426.0000,0.0000,0.0000,0.0000,0.0000,73,0,0,0,0,4,0,0,0,0
zc,WS209,2012-06-12 09:08:08.360,2425.0000,228134,-6,0.0000,6.0000,0,6,双平,S,2425.0000,0.0000,0.0000,0.0000,0.0000,2426.0000,0.0000,0.0000,0.0000,0.0000,70,0,0,0,0,4,0,0,0,0
zc,WS209,2012-06-12 09:08:09.077,2426.0000,228134,0,0.0000,2.0000,1,1,多换,B,2425.0000,0.0000,0.0000,0.0000,0.0000,2426.0000,0.0000,0.0000,0.0000,0.0000,70,0,0,0,0,3,0,0,0,0
zc,WS209,2012-06-12 09:08:10.047,2426.0000,228128,-6,0.0000,6.0000,0,6,双平,B,2425.0000,0.0000,0.0000,0.0000,0.0000,2427.0000,0.0000,0.0000,0.0000,0.0000,71,0,0,0,0,34,0,0,0,0
zc,WS209,2012-06-12 09:08:12.577,2425.0000,228074,-54,0.0000,220.0000,83,137,多平,S,2425.0000,0.0000,0.0000,0.0000,0.0000,2427.0000,0.0000,0.0000,0.0000,0.0000,25,0,0,0,0,34,0,0,0,0
zc,WS209,2012-06-12 09:08:13.063,2425.0000,228074,0,0.0000,0.0000,0,0,空换,S,2426.0000,0.0000,0.0000,0.0000,0.0000,2427.0000,0.0000,0.0000,0.0000,0.0000,25,0,0,0,0,27,0,0,0,0
zc,WS209,2012-06-12 09:08:14.813,2426.0000,228074,0,0.0000,2.0000,1,1,多换,B,2426.0000,0.0000,0.0000,0.0000,0.0000,2427.0000,0.0000,0.0000,0.0000,0.0000,25,0,0,0,0,27,0,0,0,0
zc,WS209,2012-06-12 09:08:15.827,2426.0000,228074,0,0.0000,2.0000,1,1,多换,B,2426.0000,0.0000,0.0000,0.0000,0.0000,2427.0000,0.0000,0.0000,0.0000,0.0000,24,0,0,0,0,28,0,0,0,0
zc,WS209,2012-06-12 09:08:17.563,2426.0000,228074,0,0.0000,2.0000,1,1,多换,B,2426.0000,0.0000,0.0000,0.0000,0.0000,2427.0000,0.0000,0.0000,0.0000,0.0000,23,0,0,0,0,28,0,0,0,0
zc,WS209,2012-06-12 09:08:21.813,2426.0000,228074,0,0.0000,0.0000,0,0,多换,B,2426.0000,0.0000,0.0000,0.0000,0.0000,2427.0000,0.0000,0.0000,0.0000,0.0000,24,0,0,0,0,28,0,0,0,0
zc,WS209,2012-06-12 09:08:22.297,2426.0000,228074,0,0.0000,0.0000,0,0,多换,B,2426.0000,0.0000,0.0000,0.0000,0.0000,2427.0000,0.0000,0.0000,0.0000,0.0000,24,0,0,0,0,37,0,0,0,0
zc,WS209,2012-06-12 09:08:23.563,2426.0000,228078,4,0.0000,4.0000,4,0,双开,B,2426.0000,0.0000,0.0000,0.0000,0.0000,2427.0000,0.0000,0.0000,0.0000,0.0000,22,0,0,0,0,37,0,0,0,0
zc,WS209,2012-06-12 09:08:27.530,2426.0000,228078,0,0.0000,0.0000,0,0,多换,B,2426.0000,0.0000,0.0000,0.0000,0.0000,2427.0000,0.0000,0.0000,0.0000,0.0000,22,0,0,0,0,36,0,0,0,0
zc,WS209,2012-06-12 09:08:27.797,2426.0000,228078,0,0.0000,0.0000,0,0,多换,B,2426.0000,0.0000,0.0000,0.0000,0.0000,2427.0000,0.0000,0.0000,0.0000,0.0000,23,0,0,0,0,36,0,0,0,0
zc,WS209,2012-06-12 09:08:28.530,2426.0000,228078,0,0.0000,0.0000,0,0,多换,B,2426.0000,0.0000,0.0000,0.0000,0.0000,2427.0000,0.0000,0.0000,0.0000,0.0000,23,0,0,0,0,37,0,0,0,0
zc,WS209,2012-06-12 09:08:29.047,2426.0000,228078,0,0.0000,0.0000,0,0,多换,B,2426.0000,0.0000,0.0000,0.0000,0.0000,2427.0000,0.0000,0.0000,0.0000,0.0000,18,0,0,0,0,37,0,0,0,0
zc,WS209,2012-06-12 09:08:29.767,2426.0000,228078,0,0.0000,0.0000,0,0,多换,B,2426.0000,0.0000,0.0000,0.0000,0.0000,2427.0000,0.0000,0.0000,0.0000,0.0000,19,0,0,0,0,37,0,0,0,0
zc,WS209,2012-06-12 09:08:32.577,2426.0000,228078,0,0.0000,0.0000,0,0,多换,B,2426.0000,0.0000,0.0000,0.0000,0.0000,2427.0000,0.0000,0.0000,0.0000,0.0000,19,0,0,0,0,38,0,0,0,0
zc,WS209,2012-06-12 09:08:38.563,2426.0000,228078,0,0.0000,2.0000,1,1,多换,B,2426.0000,0.0000,0.0000,0.0000,0.0000,2427.0000,0.0000,0.0000,0.0000,0.0000,18,0,0,0,0,38,0,0,0,0
zc,WS209,2012-06-12 09:08:39.780,2426.0000,228078,0,0.0000,0.0000,0,0,多换,B,2426.0000,0.0000,0.0000,0.0000,0.0000,2427.0000,0.0000,0.0000,0.0000,0.0000,18,0,0,0,0,37,0,0,0,0
zc,WS209,2012-06-12 09:08:42.547,2426.0000,228078,0,0.0000,0.0000,0,0,多换,B,2426.0000,0.0000,0.0000,0.0000,0.0000,2427.0000,0.0000,0.0000,0.0000,0.0000,19,0,0,0,0,37,0,0,0,0
zc,WS209,2012-06-12 09:08:44.767,2426.0000,228078,0,0.0000,0.0000,0,0,多换,B,2426.0000,0.0000,0.0000,0.0000,0.0000,2427.0000,0.0000,0.0000,0.0000,0.0000,19,0,0,0,0,36,0,0,0,0
