市场代码,合约代码,时间,最新,持仓,增仓,成交额,成交量,开仓,平仓,成交类型,方向,买一价,买二价,买三价,买四价,买五价,卖一价,卖二价,卖三价,卖四价,卖五价,买一量,买二量,买三量,买四量,买五量,卖一量,卖二量,卖三量,卖四量,卖五量
zc,WS301,2012-06-12 07:47:13.030,0.0000,447964,0,0.0000,0.0000,0,0,空换,S,0.0000,0.0000,0.0000,0.0000,0.0000,0.0000,0.0000,0.0000,0.0000,0.0000,0,0,0,0,0,0,0,0,0,0
zc,WS301,2012-06-12 07:49:13.030,0.0000,447964,0,0.0000,0.0000,0,0,空换,S,0.0000,0.0000,0.0000,0.0000,0.0000,0.0000,0.0000,0.0000,0.0000,0.0000,0,0,0,0,0,0,0,0,0,0
zc,WS301,2012-06-12 07:51:13.047,0.0000,447964,0,0.0000,0.0000,0,0,空换,S,0.0000,0.0000,0.0000,0.0000,0.0000,0.0000,0.0000,0.0000,0.0000,0.0000,0,0,0,0,0,0,0,0,0,0
zc,WS301,2012-06-12 07:52:13.047,0.0000,447964,0,0.0000,0.0000,0,0,空换,S,0.0000,0.0000,0.0000,0.0000,0.0000,0.0000,0.0000,0.0000,0.0000,0.0000,0,0,0,0,0,0,0,0,0,0
zc,WS301,2012-06-12 07:54:13.047,0.0000,447964,0,0.0000,0.0000,0,0,空换,S,0.0000,0.0000,0.0000,0.0000,0.0000,0.0000,0.0000,0.0000,0.0000,0.0000,0,0,0,0,0,0,0,0,0,0
zc,WS301,2012-06-12 07:55:13.030,0.0000,447964,0,0.0000,0.0000,0,0,空换,S,0.0000,0.0000,0.0000,0.0000,0.0000,0.0000,0.0000,0.0000,0.0000,0.0000,0,0,0,0,0,0,0,0,0,0
zc,WS301,2012-06-12 07:57:13.047,0.0000,447964,0,0.0000,0.0000,0,0,空换,S,0.0000,0.0000,0.0000,0.0000,0.0000,0.0000,0.0000,0.0000,0.0000,0.0000,0,0,0,0,0,0,0,0,0,0
zc,WS301,2012-06-12 07:58:13.047,0.0000,447964,0,0.0000,0.0000,0,0,空换,S,0.0000,0.0000,0.0000,0.0000,0.0000,0.0000,0.0000,0.0000,0.0000,0.0000,0,0,0,0,0,0,0,0,0,0
zc,WS301,2012-06-12 07:59:14.920,0.0000,447964,0,0.0000,0.0000,0,0,空换,S,0.0000,0.0000,0.0000,0.0000,0.0000,0.0000,0.0000,0.0000,0.0000,0.0000,0,0,0,0,0,0,0,0,0,0
zc,WS301,2012-06-12 08:14:19.297,0.0000,447964,0,0.0000,0.0000,0,0,空换,S,0.0000,0.0000,0.0000,0.0000,0.0000,0.0000,0.0000,0.0000,0.0000,0.0000,0,0,0,0,0,0,0,0,0,0
zc,WS301,2012-06-12 08:37:19.280,0.0000,447964,0,0.0000,0.0000,0,0,空换,S,0.0000,0.0000,0.0000,0.0000,0.0000,0.0000,0.0000,0.0000,0.0000,0.0000,0,0,0,0,0,0,0,0,0,0
zc,WS301,2012-06-12 08:39:19.280,0.0000,447964,0,0.0000,0.0000,0,0,空换,S,0.0000,0.0000,0.0000,0.0000,0.0000,0.0000,0.0000,0.0000,0.0000,0.0000,0,0,0,0,0,0,0,0,0,0
zc,WS301,2012-06-12 08:44:19.267,0.0000,447964,0,0.0000,0.0000,0,0,空换,S,0.0000,0.0000,0.0000,0.0000,0.0000,0.0000,0.0000,0.0000,0.0000,0.0000,0,0,0,0,0,0,0,0,0,0
zc,WS301,2012-06-12 08:46:19.267,0.0000,447964,0,0.0000,0.0000,0,0,空换,S,0.0000,0.0000,0.0000,0.0000,0.0000,0.0000,0.0000,0.0000,0.0000,0.0000,0,0,0,0,0,0,0,0,0,0
zc,WS301,2012-06-12 08:48:19.280,0.0000,447964,0,0.0000,0.0000,0,0,空换,S,0.0000,0.0000,0.0000,0.0000,0.0000,0.0000,0.0000,0.0000,0.0000,0.0000,0,0,0,0,0,0,0,0,0,0
zc,WS301,2012-06-12 08:53:19.267,0.0000,447964,0,0.0000,0.0000,0,0,空换,S,0.0000,0.0000,0.0000,0.0000,0.0000,0.0000,0.0000,0.0000,0.0000,0.0000,0,0,0,0,0,0,0,0,0,0
zc,WS301,2012-06-12 08:55:02.530,0.0000,447964,0,0.0000,0.0000,0,0,空换,S,0.0000,0.0000,0.0000,0.0000,0.0000,0.0000,0.0000,0.0000,0.0000,0.0000,0,0,0,0,0,0,0,0,0,0
zc,WS301,2012-06-12 08:55:03.063,0.0000,447964,0,0.0000,0.0000,0,0,空换,S,0.0000,0.0000,0.0000,0.0000,0.0000,0.0000,0.0000,0.0000,0.0000,0.0000,0,0,0,0,0,0,0,0,0,0
zc,WS301,2012-06-12 08:55:04.767,0.0000,447964,0,0.0000,0.0000,0,0,空换,S,0.0000,0.0000,0.0000,0.0000,0.0000,0.0000,0.0000,0.0000,0.0000,0.0000,0,0,0,0,0,0,0,0,0,0
zc,WS301,2012-06-12 08:55:07.750,0.0000,447964,0,0.0000,0.0000,0,0,空换,S,0.0000,0.0000,0.0000,0.0000,0.0000,0.0000,0.0000,0.0000,0.0000,0.0000,0,0,0,0,0,0,0,0,0,0
zc,WS301,2012-06-12 08:55:09.750,0.0000,447964,0,0.0000,0.0000,0,0,空换,S,0.0000,0.0000,0.0000,0.0000,0.0000,0.0000,0.0000,0.0000,0.0000,0.0000,0,0,0,0,0,0,0,0,0,0
zc,WS301,2012-06-12 08:55:33.997,0.0000,447964,0,0.0000,0.0000,0,0,空换,S,0.0000,0.0000,0.0000,0.0000,0.0000,0.0000,0.0000,0.0000,0.0000,0.0000,0,0,0,0,0,0,0,0,0,0
zc,WS301,2012-06-12 08:56:19.267,0.0000,447964,0,0.0000,0.0000,0,0,空换,S,0.0000,0.0000,0.0000,0.0000,0.0000,0.0000,0.0000,0.0000,0.0000,0.0000,0,0,0,0,0,0,0,0,0,0
zc,WS301,2012-06-12 09:00:02.687,2529.0000,447822,-142,0.0000,908.0000,383,525,空平,B,2528.0000,0.0000,0.0000,0.0000,0.0000,2529.0000,0.0000,0.0000,0.0000,0.0000,528,0,0,0,0,5,0,0,0,0
zc,WS301,2012-06-12 09:00:04.997,2528.0000,447728,-94,0.0000,652.0000,279,373,多平,S,2528.0000,0.0000,0.0000,0.0000,0.0000,2530.0000,0.0000,0.0000,0.0000,0.0000,315,0,0,0,0,76,0,0,0,0
zc,WS301,2012-06-12 09:00:05.953,2530.0000,447720,-8,0.0000,10.0000,1,9,空平,B,2529.0000,0.0000,0.0000,0.0000,0.0000,2530.0000,0.0000,0.0000,0.0000,0.0000,8,0,0,0,0,75,0,0,0,0
zc,WS301,2012-06-12 09:00:06.670,2529.0000,447718,-2,0.0000,52.0000,25,27,多平,S,2529.0000,0.0000,0.0000,0.0000,0.0000,2530.0000,0.0000,0.0000,0.0000,0.0000,22,0,0,0,0,59,0,0,0,0
zc,WS301,2012-06-12 09:00:07.170,2529.0000,447732,14,0.0000,64.0000,39,25,空开,S,2529.0000,0.0000,0.0000,0.0000,0.0000,2530.0000,0.0000,0.0000,0.0000,0.0000,12,0,0,0,0,58,0,0,0,0
zc,WS301,2012-06-12 09:00:07.640,2529.0000,447730,-2,0.0000,6.0000,2,4,多平,S,2529.0000,0.0000,0.0000,0.0000,0.0000,2530.0000,0.0000,0.0000,0.0000,0.0000,12,0,0,0,0,61,0,0,0,0
zc,WS301,2012-06-12 09:00:08.467,2530.0000,447694,-36,0.0000,40.0000,2,38,空平,B,2529.0000,0.0000,0.0000,0.0000,0.0000,2530.0000,0.0000,0.0000,0.0000,0.0000,31,0,0,0,0,59,0,0,0,0
zc,WS301,2012-06-12 09:00:08.920,2530.0000,447648,-46,0.0000,48.0000,1,47,空平,B,2529.0000,0.0000,0.0000,0.0000,0.0000,2530.0000,0.0000,0.0000,0.0000,0.0000,38,0,0,0,0,59,0,0,0,0
zc,WS301,2012-06-12 09:00:09.937,2529.0000,447496,-152,0.0000,196.0000,22,174,多平,S,2528.0000,0.0000,0.0000,0.0000,0.0000,2529.0000,0.0000,0.0000,0.0000,0.0000,305,0,0,0,0,136,0,0,0,0
zc,WS301,2012-06-12 09:00:10.157,2529.0000,447496,0,0.0000,16.0000,8,8,空换,S,2528.0000,0.0000,0.0000,0.0000,0.0000,2529.0000,0.0000,0.0000,0.0000,0.0000,294,0,0,0,0,136,0,0,0,0
zc,WS301,2012-06-12 09:00:11.170,2529.0000,447766,270,0.0000,286.0000,278,8,空开,S,2528.0000,0.0000,0.0000,0.0000,0.0000,2529.0000,0.0000,0.0000,0.0000,0.0000,157,0,0,0,0,188,0,0,0,0
zc,WS301,2012-06-12 09:00:11.703,2528.0000,448078,312,0.0000,366.0000,339,27,空开,S,2527.0000,0.0000,0.0000,0.0000,0.0000,2528.0000,0.0000,0.0000,0.0000,0.0000,112,0,0,0,0,58,0,0,0,0
zc,WS301,2012-06-12 09:00:12.640,2528.0000,448090,12,0.0000,16.0000,14,2,空开,S,2527.0000,0.0000,0.0000,0.0000,0.0000,2528.0000,0.0000,0.0000,0.0000,0.0000,112,0,0,0,0,60,0,0,0,0
zc,WS301,2012-06-12 09:00:12.907,2527.0000,448088,-2,0.0000,2.0000,0,2,双平,S,2527.0000,0.0000,0.0000,0.0000,0.0000,2528.0000,0.0000,0.0000,0.0000,0.0000,111,0,0,0,0,100,0,0,0,0
zc,WS301,2012-06-12 09:00:13.937,2527.0000,448070,-18,0.0000,24.0000,3,21,多平,S,2527.0000,0.0000,0.0000,0.0000,0.0000,2528.0000,0.0000,0.0000,0.0000,0.0000,103,0,0,0,0,127,0,0,0,0
zc,WS301,2012-06-12 09:00:14.437,2528.0000,448086,16,0.0000,22.0000,19,3,多开,B,2527.0000,0.0000,0.0000,0.0000,0.0000,2528.0000,0.0000,0.0000,0.0000,0.0000,98,0,0,0,0,120,0,0,0,0
zc,WS301,2012-06-12 09:00:15.140,2528.0000,448072,-14,0.0000,122.0000,54,68,空平,B,2527.0000,0.0000,0.0000,0.0000,0.0000,2528.0000,0.0000,0.0000,0.0000,0.0000,35,0,0,0,0,132,0,0,0,0
zc,WS301,2012-06-12 09:00:15.920,2527.0000,448072,0,0.0000,12.0000,6,6,空换,S,2527.0000,0.0000,0.0000,0.0000,0.0000,2528.0000,0.0000,0.0000,0.0000,0.0000,30,0,0,0,0,170,0,0,0,0
zc,WS301,2012-06-12 09:00:16.687,2527.0000,448050,-22,0.0000,68.0000,23,45,多平,S,2526.0000,0.0000,0.0000,0.0000,0.0000,2527.0000,0.0000,0.0000,0.0000,0.0000,95,0,0,0,0,8,0,0,0,0
zc,WS301,2012-06-12 09:00:17.187,2527.0000,448044,-6,0.0000,12.0000,3,9,多平,S,2526.0000,0.0000,0.0000,0.0000,0.0000,2527.0000,0.0000,0.0000,0.0000,0.0000,92,0,0,0,0,14,0,0,0,0
zc,WS301,2012-06-12 09:00:17.920,2527.0000,448046,2,0.0000,8.0000,5,3,空开,S,2526.0000,0.0000,0.0000,0.0000,0.0000,2527.0000,0.0000,0.0000,0.0000,0.0000,91,0,0,0,0,11,0,0,0,0
zc,WS301,2012-06-12 09:00:18.967,2527.0000,448026,-20,0.0000,38.0000,9,29,多平,S,2526.0000,0.0000,0.0000,0.0000,0.0000,2528.0000,0.0000,0.0000,0.0000,0.0000,92,0,0,0,0,171,0,0,0,0
zc,WS301,2012-06-12 09:00:19.937,2527.0000,448018,-8,0.0000,86.0000,39,47,多平,S,2526.0000,0.0000,0.0000,0.0000,0.0000,2527.0000,0.0000,0.0000,0.0000,0.0000,86,0,0,0,0,69,0,0,0,0
zc,WS301,2012-06-12 09:00:20.640,2527.0000,447998,-20,0.0000,22.0000,1,21,多平,S,2526.0000,0.0000,0.0000,0.0000,0.0000,2527.0000,0.0000,0.0000,0.0000,0.0000,85,0,0,0,0,60,0,0,0,0
zc,WS301,2012-06-12 09:00:21.467,2526.0000,447982,-16,0.0000,56.0000,20,36,多平,S,2526.0000,0.0000,0.0000,0.0000,0.0000,2527.0000,0.0000,0.0000,0.0000,0.0000,61,0,0,0,0,59,0,0,0,0
zc,WS301,2012-06-12 09:00:22.157,2527.0000,447982,0,0.0000,4.0000,2,2,多换,B,2526.0000,0.0000,0.0000,0.0000,0.0000,2527.0000,0.0000,0.0000,0.0000,0.0000,56,0,0,0,0,77,0,0,0,0
zc,WS301,2012-06-12 09:00:22.687,2526.0000,447888,-94,0.0000,112.0000,9,103,多平,S,2525.0000,0.0000,0.0000,0.0000,0.0000,2526.0000,0.0000,0.0000,0.0000,0.0000,135,0,0,0,0,25,0,0,0,0
zc,WS301,2012-06-12 09:00:23.657,2525.0000,447888,0,0.0000,34.0000,17,17,空换,S,2525.0000,0.0000,0.0000,0.0000,0.0000,2526.0000,0.0000,0.0000,0.0000,0.0000,131,0,0,0,0,18,0,0,0,0
zc,WS301,2012-06-12 09:00:24.407,2525.0000,447894,6,0.0000,90.0000,48,42,空开,S,2525.0000,0.0000,0.0000,0.0000,0.0000,2526.0000,0.0000,0.0000,0.0000,0.0000,91,0,0,0,0,22,0,0,0,0
zc,WS301,2012-06-12 09:00:24.920,2526.0000,447896,2,0.0000,112.0000,57,55,多开,B,2526.0000,0.0000,0.0000,0.0000,0.0000,2527.0000,0.0000,0.0000,0.0000,0.0000,1,0,0,0,0,80,0,0,0,0
zc,WS301,2012-06-12 09:00:25.623,2525.0000,447900,4,0.0000,36.0000,20,16,空开,S,2525.0000,0.0000,0.0000,0.0000,0.0000,2526.0000,0.0000,0.0000,0.0000,0.0000,42,0,0,0,0,14,0,0,0,0
zc,WS301,2012-06-12 09:00:26.170,2525.0000,447902,2,0.0000,12.0000,7,5,空开,S,2525.0000,0.0000,0.0000,0.0000,0.0000,2526.0000,0.0000,0.0000,0.0000,0.0000,51,0,0,0,0,2,0,0,0,0
zc,WS301,2012-06-12 09:00:26.873,2525.0000,447880,-22,0.0000,58.0000,18,40,多平,S,2525.0000,0.0000,0.0000,0.0000,0.0000,2526.0000,0.0000,0.0000,0.0000,0.0000,29,0,0,0,0,1,0,0,0,0
zc,WS301,2012-06-12 09:00:27.390,2526.0000,447882,2,0.0000,6.0000,4,2,多开,B,2526.0000,0.0000,0.0000,0.0000,0.0000,2527.0000,0.0000,0.0000,0.0000,0.0000,8,0,0,0,0,59,0,0,0,0
zc,WS301,2012-06-12 09:00:28.140,2525.0000,447814,-68,0.0000,76.0000,4,72,多平,S,2526.0000,0.0000,0.0000,0.0000,0.0000,2527.0000,0.0000,0.0000,0.0000,0.0000,1,0,0,0,0,59,0,0,0,0
zc,WS301,2012-06-12 09:00:28.687,2525.0000,447818,4,0.0000,14.0000,9,5,空开,S,2525.0000,0.0000,0.0000,0.0000,0.0000,2526.0000,0.0000,0.0000,0.0000,0.0000,152,0,0,0,0,13,0,0,0,0
zc,WS301,2012-06-12 09:00:29.373,2526.0000,447824,6,0.0000,16.0000,11,5,多开,B,2525.0000,0.0000,0.0000,0.0000,0.0000,2526.0000,0.0000,0.0000,0.0000,0.0000,150,0,0,0,0,7,0,0,0,0
zc,WS301,2012-06-12 09:00:29.967,2526.0000,447824,0,0.0000,0.0000,0,0,多换,B,2525.0000,0.0000,0.0000,0.0000,0.0000,2526.0000,0.0000,0.0000,0.0000,0.0000,150,0,0,0,0,10,0,0,0,0
zc,WS301,2012-06-12 09:00:30.717,2526.0000,447814,-10,0.0000,56.0000,23,33,空平,B,2525.0000,0.0000,0.0000,0.0000,0.0000,2526.0000,0.0000,0.0000,0.0000,0.0000,55,0,0,0,0,16,0,0,0,0
zc,WS301,2012-06-12 09:00:31.203,2525.0000,447816,2,0.0000,14.0000,8,6,空开,S,2525.0000,0.0000,0.0000,0.0000,0.0000,2526.0000,0.0000,0.0000,0.0000,0.0000,55,0,0,0,0,66,0,0,0,0
zc,WS301,2012-06-12 09:00:31.907,2526.0000,447828,12,0.0000,26.0000,19,7,多开,B,2525.0000,0.0000,0.0000,0.0000,0.0000,2526.0000,0.0000,0.0000,0.0000,0.0000,45,0,0,0,0,63,0,0,0,0
zc,WS301,2012-06-12 09:00:32.657,2525.0000,447828,0,0.0000,24.0000,12,12,空换,S,2525.0000,0.0000,0.0000,0.0000,0.0000,2526.0000,0.0000,0.0000,0.0000,0.0000,37,0,0,0,0,59,0,0,0,0
zc,WS301,2012-06-12 09:00:33.187,2525.0000,447832,4,0.0000,68.0000,36,32,空开,S,2525.0000,0.0000,0.0000,0.0000,0.0000,2526.0000,0.0000,0.0000,0.0000,0.0000,6,0,0,0,0,58,0,0,0,0
zc,WS301,2012-06-12 09:00:33.920,2526.0000,447832,0,0.0000,4.0000,2,2,多换,B,2525.0000,0.0000,0.0000,0.0000,0.0000,2526.0000,0.0000,0.0000,0.0000,0.0000,6,0,0,0,0,56,0,0,0,0
zc,WS301,2012-06-12 09:00:34.407,2525.0000,447752,-80,0.0000,102.0000,11,91,多平,S,2525.0000,0.0000,0.0000,0.0000,0.0000,2526.0000,0.0000,0.0000,0.0000,0.0000,31,0,0,0,0,56,0,0,0,0
zc,WS301,2012-06-12 09:00:35.170,2525.0000,447750,-2,0.0000,10.0000,4,6,多平,S,2525.0000,0.0000,0.0000,0.0000,0.0000,2526.0000,0.0000,0.0000,0.0000,0.0000,28,0,0,0,0,56,0,0,0,0
zc,WS301,2012-06-12 09:00:35.670,2525.0000,447740,-10,0.0000,10.0000,0,10,双平,S,2525.0000,0.0000,0.0000,0.0000,0.0000,2526.0000,0.0000,0.0000,0.0000,0.0000,23,0,0,0,0,57,0,0,0,0
zc,WS301,2012-06-12 09:00:36.373,2525.0000,447722,-18,0.0000,28.0000,5,23,多平,S,2525.0000,0.0000,0.0000,0.0000,0.0000,2526.0000,0.0000,0.0000,0.0000,0.0000,14,0,0,0,0,93,0,0,0,0
zc,WS301,2012-06-12 09:00:36.873,2525.0000,447718,-4,0.0000,8.0000,2,6,多平,S,2525.0000,0.0000,0.0000,0.0000,0.0000,2526.0000,0.0000,0.0000,0.0000,0.0000,10,0,0,0,0,95,0,0,0,0
zc,WS301,2012-06-12 09:00:37.657,2526.0000,447716,-2,0.0000,4.0000,1,3,空平,B,2525.0000,0.0000,0.0000,0.0000,0.0000,2526.0000,0.0000,0.0000,0.0000,0.0000,13,0,0,0,0,95,0,0,0,0
zc,WS301,2012-06-12 09:00:38.420,2525.0000,447700,-16,0.0000,48.0000,16,32,多平,S,2524.0000,0.0000,0.0000,0.0000,0.0000,2525.0000,0.0000,0.0000,0.0000,0.0000,161,0,0,0,0,47,0,0,0,0
zc,WS301,2012-06-12 09:00:39.170,2525.0000,447604,-96,0.0000,138.0000,21,117,多平,S,2525.0000,0.0000,0.0000,0.0000,0.0000,2526.0000,0.0000,0.0000,0.0000,0.0000,76,0,0,0,0,95,0,0,0,0
zc,WS301,2012-06-12 09:00:39.390,2525.0000,447500,-104,0.0000,106.0000,1,105,多平,S,2525.0000,0.0000,0.0000,0.0000,0.0000,2526.0000,0.0000,0.0000,0.0000,0.0000,23,0,0,0,0,95,0,0,0,0
zc,WS301,2012-06-12 09:00:40.373,2526.0000,447498,-2,0.0000,2.0000,0,2,双平,B,2525.0000,0.0000,0.0000,0.0000,0.0000,2526.0000,0.0000,0.0000,0.0000,0.0000,29,0,0,0,0,100,0,0,0,0
zc,WS301,2012-06-12 09:00:40.890,2525.0000,447484,-14,0.0000,14.0000,0,14,双平,S,2525.0000,0.0000,0.0000,0.0000,0.0000,2526.0000,0.0000,0.0000,0.0000,0.0000,71,0,0,0,0,100,0,0,0,0
zc,WS301,2012-06-12 09:00:41.420,2526.0000,447500,16,0.0000,204.0000,110,94,多开,B,2526.0000,0.0000,0.0000,0.0000,0.0000,2527.0000,0.0000,0.0000,0.0000,0.0000,27,0,0,0,0,79,0,0,0,0
zc,WS301,2012-06-12 09:00:41.907,2526.0000,447500,0,0.0000,46.0000,23,23,多换,B,2526.0000,0.0000,0.0000,0.0000,0.0000,2527.0000,0.0000,0.0000,0.0000,0.0000,5,0,0,0,0,82,0,0,0,0
zc,WS301,2012-06-12 09:00:42.640,2526.0000,447500,0,0.0000,4.0000,2,2,多换,B,2526.0000,0.0000,0.0000,0.0000,0.0000,2527.0000,0.0000,0.0000,0.0000,0.0000,27,0,0,0,0,82,0,0,0,0
zc,WS301,2012-06-12 09:00:43.407,2526.0000,447518,18,0.0000,22.0000,20,2,多开,B,2526.0000,0.0000,0.0000,0.0000,0.0000,2527.0000,0.0000,0.0000,0.0000,0.0000,16,0,0,0,0,81,0,0,0,0
zc,WS301,2012-06-12 09:00:44.157,2526.0000,447502,-16,0.0000,50.0000,17,33,空平,B,2525.0000,0.0000,0.0000,0.0000,0.0000,2526.0000,0.0000,0.0000,0.0000,0.0000,96,0,0,0,0,8,0,0,0,0
zc,WS301,2012-06-12 09:00:44.610,2526.0000,447498,-4,0.0000,8.0000,2,6,空平,B,2525.0000,0.0000,0.0000,0.0000,0.0000,2526.0000,0.0000,0.0000,0.0000,0.0000,147,0,0,0,0,21,0,0,0,0
zc,WS301,2012-06-12 09:00:45.390,2526.0000,447494,-4,0.0000,6.0000,1,5,空平,B,2525.0000,0.0000,0.0000,0.0000,0.0000,2526.0000,0.0000,0.0000,0.0000,0.0000,148,0,0,0,0,22,0,0,0,0
zc,WS301,2012-06-12 09:00:45.873,2526.0000,447450,-44,0.0000,46.0000,1,45,空平,B,2526.0000,0.0000,0.0000,0.0000,0.0000,2527.0000,0.0000,0.0000,0.0000,0.0000,103,0,0,0,0,83,0,0,0,0
zc,WS301,2012-06-12 09:00:46.907,2526.0000,447448,-2,0.0000,2.0000,0,2,双平,B,2526.0000,0.0000,0.0000,0.0000,0.0000,2527.0000,0.0000,0.0000,0.0000,0.0000,102,0,0,0,0,82,0,0,0,0
zc,WS301,2012-06-12 09:00:47.420,2526.0000,447436,-12,0.0000,16.0000,2,14,空平,B,2526.0000,0.0000,0.0000,0.0000,0.0000,2527.0000,0.0000,0.0000,0.0000,0.0000,95,0,0,0,0,86,0,0,0,0
zc,WS301,2012-06-12 09:00:47.843,2526.0000,447352,-84,0.0000,86.0000,1,85,空平,B,2526.0000,0.0000,0.0000,0.0000,0.0000,2527.0000,0.0000,0.0000,0.0000,0.0000,52,0,0,0,0,81,0,0,0,0
zc,WS301,2012-06-12 09:00:48.577,2526.0000,447352,0,0.0000,0.0000,0,0,多换,B,2526.0000,0.0000,0.0000,0.0000,0.0000,2527.0000,0.0000,0.0000,0.0000,0.0000,55,0,0,0,0,81,0,0,0,0
zc,WS301,2012-06-12 09:00:49.360,2526.0000,447352,0,0.0000,20.0000,10,10,多换,B,2526.0000,0.0000,0.0000,0.0000,0.0000,2527.0000,0.0000,0.0000,0.0000,0.0000,96,0,0,0,0,81,0,0,0,0
zc,WS301,2012-06-12 09:00:49.860,2527.0000,447352,0,0.0000,2.0000,1,1,多换,B,2526.0000,0.0000,0.0000,0.0000,0.0000,2527.0000,0.0000,0.0000,0.0000,0.0000,97,0,0,0,0,110,0,0,0,0
zc,WS301,2012-06-12 09:00:50.360,2526.0000,447344,-8,0.0000,10.0000,1,9,多平,S,2526.0000,0.0000,0.0000,0.0000,0.0000,2527.0000,0.0000,0.0000,0.0000,0.0000,93,0,0,0,0,109,0,0,0,0
zc,WS301,2012-06-12 09:00:50.920,2526.0000,447344,0,0.0000,0.0000,0,0,空换,S,2526.0000,0.0000,0.0000,0.0000,0.0000,2527.0000,0.0000,0.0000,0.0000,0.0000,93,0,0,0,0,108,0,0,0,0
zc,WS301,2012-06-12 09:00:51.920,2526.0000,447368,24,0.0000,100.0000,62,38,空开,S,2526.0000,0.0000,0.0000,0.0000,0.0000,2527.0000,0.0000,0.0000,0.0000,0.0000,44,0,0,0,0,108,0,0,0,0
zc,WS301,2012-06-12 09:00:52.390,2526.0000,447454,86,0.0000,88.0000,87,1,空开,S,2525.0000,0.0000,0.0000,0.0000,0.0000,2526.0000,0.0000,0.0000,0.0000,0.0000,121,0,0,0,0,17,0,0,0,0
zc,WS301,2012-06-12 09:00:53.157,2527.0000,447334,-120,0.0000,202.0000,41,161,空平,B,2525.0000,0.0000,0.0000,0.0000,0.0000,2526.0000,0.0000,0.0000,0.0000,0.0000,121,0,0,0,0,14,0,0,0,0
zc,WS301,2012-06-12 09:00:53.623,2526.0000,447338,4,0.0000,32.0000,18,14,空开,S,2526.0000,0.0000,0.0000,0.0000,0.0000,2527.0000,0.0000,0.0000,0.0000,0.0000,37,0,0,0,0,33,0,0,0,0
zc,WS301,2012-06-12 09:00:54.407,2526.0000,447340,2,0.0000,4.0000,3,1,空开,S,2526.0000,0.0000,0.0000,0.0000,0.0000,2527.0000,0.0000,0.0000,0.0000,0.0000,36,0,0,0,0,33,0,0,0,0
zc,WS301,2012-06-12 09:00:54.843,2526.0000,447342,2,0.0000,4.0000,3,1,空开,S,2526.0000,0.0000,0.0000,0.0000,0.0000,2527.0000,0.0000,0.0000,0.0000,0.0000,39,0,0,0,0,32,0,0,0,0
zc,WS301,2012-06-12 09:00:55.593,2526.0000,447348,6,0.0000,8.0000,7,1,空开,S,2526.0000,0.0000,0.0000,0.0000,0.0000,2527.0000,0.0000,0.0000,0.0000,0.0000,39,0,0,0,0,29,0,0,0,0
zc,WS301,2012-06-12 09:00:56.063,2526.0000,447348,0,0.0000,46.0000,23,23,空换,S,2526.0000,0.0000,0.0000,0.0000,0.0000,2527.0000,0.0000,0.0000,0.0000,0.0000,16,0,0,0,0,30,0,0,0,0
zc,WS301,2012-06-12 09:00:56.890,2526.0000,447348,0,0.0000,108.0000,54,54,空换,S,2526.0000,0.0000,0.0000,0.0000,0.0000,2527.0000,0.0000,0.0000,0.0000,0.0000,14,0,0,0,0,27,0,0,0,0
zc,WS301,2012-06-12 09:00:57.390,2527.0000,447360,12,0.0000,14.0000,13,1,多开,B,2526.0000,0.0000,0.0000,0.0000,0.0000,2527.0000,0.0000,0.0000,0.0000,0.0000,9,0,0,0,0,20,0,0,0,0
zc,WS301,2012-06-12 09:00:58.123,2526.0000,447360,0,0.0000,18.0000,9,9,空换,S,2526.0000,0.0000,0.0000,0.0000,0.0000,2527.0000,0.0000,0.0000,0.0000,0.0000,21,0,0,0,0,20,0,0,0,0
zc,WS301,2012-06-12 09:00:58.907,2526.0000,447358,-2,0.0000,4.0000,1,3,多平,S,2526.0000,0.0000,0.0000,0.0000,0.0000,2527.0000,0.0000,0.0000,0.0000,0.0000,20,0,0,0,0,21,0,0,0,0
zc,WS301,2012-06-12 09:00:59.577,2526.0000,447358,0,0.0000,2.0000,1,1,空换,S,2526.0000,0.0000,0.0000,0.0000,0.0000,2527.0000,0.0000,0.0000,0.0000,0.0000,35,0,0,0,0,21,0,0,0,0
zc,WS301,2012-06-12 09:01:00.890,2526.0000,447358,0,0.0000,0.0000,0,0,空换,S,2526.0000,0.0000,0.0000,0.0000,0.0000,2527.0000,0.0000,0.0000,0.0000,0.0000,36,0,0,0,0,21,0,0,0,0
zc,WS301,2012-06-12 09:01:01.373,2526.0000,447374,16,0.0000,16.0000,16,0,双开,S,2526.0000,0.0000,0.0000,0.0000,0.0000,2527.0000,0.0000,0.0000,0.0000,0.0000,28,0,0,0,0,21,0,0,0,0
zc,WS301,2012-06-12 09:01:01.907,2526.0000,447374,0,0.0000,10.0000,5,5,空换,S,2526.0000,0.0000,0.0000,0.0000,0.0000,2527.0000,0.0000,0.0000,0.0000,0.0000,23,0,0,0,0,32,0,0,0,0
zc,WS301,2012-06-12 09:01:02.640,2527.0000,447372,-2,0.0000,24.0000,11,13,空平,B,2526.0000,0.0000,0.0000,0.0000,0.0000,2527.0000,0.0000,0.0000,0.0000,0.0000,34,0,0,0,0,20,0,0,0,0
zc,WS301,2012-06-12 09:01:03.420,2526.0000,447384,12,0.0000,22.0000,17,5,空开,S,2526.0000,0.0000,0.0000,0.0000,0.0000,2527.0000,0.0000,0.0000,0.0000,0.0000,33,0,0,0,0,12,0,0,0,0
zc,WS301,2012-06-12 09:01:04.077,2526.0000,447386,2,0.0000,52.0000,27,25,空开,S,2526.0000,0.0000,0.0000,0.0000,0.0000,2527.0000,0.0000,0.0000,0.0000,0.0000,19,0,0,0,0,10,0,0,0,0
zc,WS301,2012-06-12 09:01:04.640,2527.0000,447406,20,0.0000,32.0000,26,6,多开,B,2526.0000,0.0000,0.0000,0.0000,0.0000,2528.0000,0.0000,0.0000,0.0000,0.0000,15,0,0,0,0,101,0,0,0,0
zc,WS301,2012-06-12 09:01:05.390,2527.0000,447406,0,0.0000,0.0000,0,0,多换,B,2526.0000,0.0000,0.0000,0.0000,0.0000,2528.0000,0.0000,0.0000,0.0000,0.0000,149,0,0,0,0,110,0,0,0,0
zc,WS301,2012-06-12 09:01:05.860,2527.0000,447406,0,0.0000,0.0000,0,0,多换,B,2526.0000,0.0000,0.0000,0.0000,0.0000,2528.0000,0.0000,0.0000,0.0000,0.0000,160,0,0,0,0,117,0,0,0,0
zc,WS301,2012-06-12 09:01:06.577,2526.0000,447382,-24,0.0000,42.0000,9,33,多平,S,2526.0000,0.0000,0.0000,0.0000,0.0000,2528.0000,0.0000,0.0000,0.0000,0.0000,139,0,0,0,0,117,0,0,0,0
zc,WS301,2012-06-12 09:01:07.123,2526.0000,447382,0,0.0000,0.0000,0,0,空换,S,2527.0000,0.0000,0.0000,0.0000,0.0000,2528.0000,0.0000,0.0000,0.0000,0.0000,13,0,0,0,0,117,0,0,0,0
zc,WS301,2012-06-12 09:01:07.873,2527.0000,447382,0,0.0000,2.0000,1,1,多换,B,2527.0000,0.0000,0.0000,0.0000,0.0000,2528.0000,0.0000,0.0000,0.0000,0.0000,12,0,0,0,0,113,0,0,0,0
zc,WS301,2012-06-12 09:01:08.610,2528.0000,447384,2,0.0000,2.0000,2,0,双开,B,2527.0000,0.0000,0.0000,0.0000,0.0000,2528.0000,0.0000,0.0000,0.0000,0.0000,142,0,0,0,0,112,0,0,0,0
zc,WS301,2012-06-12 09:01:09.390,2527.0000,447382,-2,0.0000,4.0000,1,3,多平,S,2527.0000,0.0000,0.0000,0.0000,0.0000,2528.0000,0.0000,0.0000,0.0000,0.0000,140,0,0,0,0,112,0,0,0,0
zc,WS301,2012-06-12 09:01:09.860,2527.0000,447576,194,0.0000,404.0000,299,105,空开,S,2527.0000,0.0000,0.0000,0.0000,0.0000,2528.0000,0.0000,0.0000,0.0000,0.0000,144,0,0,0,0,61,0,0,0,0
zc,WS301,2012-06-12 09:01:10.610,2527.0000,447548,-28,0.0000,30.0000,1,29,多平,S,2527.0000,0.0000,0.0000,0.0000,0.0000,2528.0000,0.0000,0.0000,0.0000,0.0000,133,0,0,0,0,61,0,0,0,0
zc,WS301,2012-06-12 09:01:11.123,2527.0000,447548,0,0.0000,0.0000,0,0,空换,S,2527.0000,0.0000,0.0000,0.0000,0.0000,2528.0000,0.0000,0.0000,0.0000,0.0000,134,0,0,0,0,61,0,0,0,0
zc,WS301,2012-06-12 09:01:11.890,2527.0000,447546,-2,0.0000,6.0000,2,4,多平,S,2527.0000,0.0000,0.0000,0.0000,0.0000,2528.0000,0.0000,0.0000,0.0000,0.0000,133,0,0,0,0,71,0,0,0,0
zc,WS301,2012-06-12 09:01:12.360,2528.0000,447542,-4,0.0000,4.0000,0,4,双平,B,2527.0000,0.0000,0.0000,0.0000,0.0000,2528.0000,0.0000,0.0000,0.0000,0.0000,133,0,0,0,0,76,0,0,0,0
zc,WS301,2012-06-12 09:01:13.110,2528.0000,447542,0,0.0000,2.0000,1,1,多换,B,2527.0000,0.0000,0.0000,0.0000,0.0000,2528.0000,0.0000,0.0000,0.0000,0.0000,133,0,0,0,0,67,0,0,0,0
zc,WS301,2012-06-12 09:01:13.623,2527.0000,447524,-18,0.0000,18.0000,0,18,双平,S,2527.0000,0.0000,0.0000,0.0000,0.0000,2528.0000,0.0000,0.0000,0.0000,0.0000,128,0,0,0,0,67,0,0,0,0
zc,WS301,2012-06-12 09:01:14.327,2527.0000,447534,10,0.0000,24.0000,17,7,空开,S,2527.0000,0.0000,0.0000,0.0000,0.0000,2528.0000,0.0000,0.0000,0.0000,0.0000,129,0,0,0,0,57,0,0,0,0
zc,WS301,2012-06-12 09:01:14.873,2527.0000,447534,0,0.0000,0.0000,0,0,空换,S,2527.0000,0.0000,0.0000,0.0000,0.0000,2528.0000,0.0000,0.0000,0.0000,0.0000,137,0,0,0,0,57,0,0,0,0
zc,WS301,2012-06-12 09:01:15.623,2528.0000,447532,-2,0.0000,6.0000,2,4,空平,B,2527.0000,0.0000,0.0000,0.0000,0.0000,2528.0000,0.0000,0.0000,0.0000,0.0000,131,0,0,0,0,54,0,0,0,0
zc,WS301,2012-06-12 09:01:16.873,2528.0000,447454,-78,0.0000,110.0000,16,94,空平,B,2528.0000,0.0000,0.0000,0.0000,0.0000,2529.0000,0.0000,0.0000,0.0000,0.0000,46,0,0,0,0,43,0,0,0,0
zc,WS301,2012-06-12 09:01:17.140,2528.0000,447436,-18,0.0000,18.0000,0,18,双平,B,2528.0000,0.0000,0.0000,0.0000,0.0000,2529.0000,0.0000,0.0000,0.0000,0.0000,41,0,0,0,0,49,0,0,0,0
zc,WS301,2012-06-12 09:01:17.843,2528.0000,447434,-2,0.0000,2.0000,0,2,双平,B,2528.0000,0.0000,0.0000,0.0000,0.0000,2529.0000,0.0000,0.0000,0.0000,0.0000,41,0,0,0,0,66,0,0,0,0
zc,WS301,2012-06-12 09:01:18.610,2528.0000,447426,-8,0.0000,10.0000,1,9,空平,B,2528.0000,0.0000,0.0000,0.0000,0.0000,2529.0000,0.0000,0.0000,0.0000,0.0000,170,0,0,0,0,65,0,0,0,0
zc,WS301,2012-06-12 09:01:19.500,2528.0000,447364,-62,0.0000,248.0000,93,155,空平,B,2528.0000,0.0000,0.0000,0.0000,0.0000,2529.0000,0.0000,0.0000,0.0000,0.0000,48,0,0,0,0,63,0,0,0,0
zc,WS301,2012-06-12 09:01:19.827,2529.0000,447450,86,0.0000,146.0000,116,30,多开,B,2529.0000,0.0000,0.0000,0.0000,0.0000,2530.0000,0.0000,0.0000,0.0000,0.0000,2,0,0,0,0,37,0,0,0,0
zc,WS301,2012-06-12 09:01:20.640,2529.0000,447450,0,0.0000,4.0000,2,2,多换,B,2528.0000,0.0000,0.0000,0.0000,0.0000,2529.0000,0.0000,0.0000,0.0000,0.0000,15,0,0,0,0,1,0,0,0,0
zc,WS301,2012-06-12 09:01:21.110,2529.0000,447450,0,0.0000,2.0000,1,1,多换,B,2529.0000,0.0000,0.0000,0.0000,0.0000,2530.0000,0.0000,0.0000,0.0000,0.0000,2,0,0,0,0,41,0,0,0,0
zc,WS301,2012-06-12 09:01:21.827,2530.0000,447452,2,0.0000,2.0000,2,0,双开,B,2529.0000,0.0000,0.0000,0.0000,0.0000,2530.0000,0.0000,0.0000,0.0000,0.0000,2,0,0,0,0,41,0,0,0,0
zc,WS301,2012-06-12 09:01:22.407,2529.0000,447452,0,0.0000,2.0000,1,1,空换,S,2529.0000,0.0000,0.0000,0.0000,0.0000,2530.0000,0.0000,0.0000,0.0000,0.0000,1,0,0,0,0,43,0,0,0,0
zc,WS301,2012-06-12 09:01:23.123,2529.0000,447452,0,0.0000,4.0000,2,2,空换,S,2528.0000,0.0000,0.0000,0.0000,0.0000,2530.0000,0.0000,0.0000,0.0000,0.0000,203,0,0,0,0,44,0,0,0,0
zc,WS301,2012-06-12 09:01:24.373,2529.0000,447464,12,0.0000,46.0000,29,17,空开,S,2528.0000,0.0000,0.0000,0.0000,0.0000,2530.0000,0.0000,0.0000,0.0000,0.0000,203,0,0,0,0,10,0,0,0,0
zc,WS301,2012-06-12 09:01:24.827,2529.0000,447464,0,0.0000,0.0000,0,0,空换,S,2528.0000,0.0000,0.0000,0.0000,0.0000,2530.0000,0.0000,0.0000,0.0000,0.0000,204,0,0,0,0,11,0,0,0,0
zc,WS301,2012-06-12 09:01:25.373,2529.0000,447464,0,0.0000,2.0000,1,1,空换,S,2528.0000,0.0000,0.0000,0.0000,0.0000,2529.0000,0.0000,0.0000,0.0000,0.0000,218,0,0,0,0,1,0,0,0,0
zc,WS301,2012-06-12 09:01:26.093,2529.0000,447464,0,0.0000,2.0000,1,1,空换,S,2528.0000,0.0000,0.0000,0.0000,0.0000,2530.0000,0.0000,0.0000,0.0000,0.0000,218,0,0,0,0,11,0,0,0,0
zc,WS301,2012-06-12 09:01:26.640,2529.0000,447464,0,0.0000,0.0000,0,0,空换,S,2529.0000,0.0000,0.0000,0.0000,0.0000,2530.0000,0.0000,0.0000,0.0000,0.0000,1,0,0,0,0,11,0,0,0,0
zc,WS301,2012-06-12 09:01:27.373,2530.0000,447464,0,0.0000,50.0000,25,25,多换,B,2528.0000,0.0000,0.0000,0.0000,0.0000,2529.0000,0.0000,0.0000,0.0000,0.0000,196,0,0,0,0,5,0,0,0,0
zc,WS301,2012-06-12 09:01:27.827,2529.0000,447464,0,0.0000,2.0000,1,1,空换,S,2528.0000,0.0000,0.0000,0.0000,0.0000,2529.0000,0.0000,0.0000,0.0000,0.0000,197,0,0,0,0,34,0,0,0,0
zc,WS301,2012-06-12 09:01:28.640,2529.0000,447464,0,0.0000,2.0000,1,1,空换,S,2528.0000,0.0000,0.0000,0.0000,0.0000,2529.0000,0.0000,0.0000,0.0000,0.0000,62,0,0,0,0,33,0,0,0,0
zc,WS301,2012-06-12 09:01:29.140,2529.0000,447464,0,0.0000,2.0000,1,1,空换,S,2528.0000,0.0000,0.0000,0.0000,0.0000,2529.0000,0.0000,0.0000,0.0000,0.0000,63,0,0,0,0,32,0,0,0,0
zc,WS301,2012-06-12 09:01:29.813,2528.0000,447464,0,0.0000,24.0000,12,12,空换,S,2528.0000,0.0000,0.0000,0.0000,0.0000,2529.0000,0.0000,0.0000,0.0000,0.0000,52,0,0,0,0,31,0,0,0,0
zc,WS301,2012-06-12 09:01:30.360,2529.0000,447464,0,0.0000,46.0000,23,23,多换,B,2528.0000,0.0000,0.0000,0.0000,0.0000,2529.0000,0.0000,0.0000,0.0000,0.0000,33,0,0,0,0,28,0,0,0,0
zc,WS301,2012-06-12 09:01:31.077,2529.0000,447462,-2,0.0000,30.0000,14,16,空平,B,2528.0000,0.0000,0.0000,0.0000,0.0000,2529.0000,0.0000,0.0000,0.0000,0.0000,40,0,0,0,0,65,0,0,0,0
zc,WS301,2012-06-12 09:01:31.610,2529.0000,447460,-2,0.0000,4.0000,1,3,空平,B,2528.0000,0.0000,0.0000,0.0000,0.0000,2529.0000,0.0000,0.0000,0.0000,0.0000,41,0,0,0,0,66,0,0,0,0
zc,WS301,2012-06-12 09:01:32.390,2529.0000,447422,-38,0.0000,106.0000,34,72,空平,B,2528.0000,0.0000,0.0000,0.0000,0.0000,2529.0000,0.0000,0.0000,0.0000,0.0000,3,0,0,0,0,45,0,0,0,0
zc,WS301,2012-06-12 09:01:33.623,2528.0000,447432,10,0.0000,12.0000,11,1,空开,S,2528.0000,0.0000,0.0000,0.0000,0.0000,2529.0000,0.0000,0.0000,0.0000,0.0000,2,0,0,0,0,45,0,0,0,0
zc,WS301,2012-06-12 09:01:34.110,2529.0000,447434,2,0.0000,2.0000,2,0,双开,B,2528.0000,0.0000,0.0000,0.0000,0.0000,2529.0000,0.0000,0.0000,0.0000,0.0000,5,0,0,0,0,44,0,0,0,0
zc,WS301,2012-06-12 09:01:34.920,2528.0000,447434,0,0.0000,16.0000,8,8,空换,S,2527.0000,0.0000,0.0000,0.0000,0.0000,2528.0000,0.0000,0.0000,0.0000,0.0000,45,0,0,0,0,5,0,0,0,0
zc,WS301,2012-06-12 09:01:35.390,2528.0000,447440,6,0.0000,26.0000,16,10,空开,S,2527.0000,0.0000,0.0000,0.0000,0.0000,2528.0000,0.0000,0.0000,0.0000,0.0000,45,0,0,0,0,35,0,0,0,0
zc,WS301,2012-06-12 09:01:36.140,2528.0000,447420,-20,0.0000,22.0000,1,21,多平,S,2527.0000,0.0000,0.0000,0.0000,0.0000,2528.0000,0.0000,0.0000,0.0000,0.0000,45,0,0,0,0,24,0,0,0,0
zc,WS301,2012-06-12 09:01:36.623,2528.0000,447420,0,0.0000,0.0000,0,0,空换,S,2527.0000,0.0000,0.0000,0.0000,0.0000,2528.0000,0.0000,0.0000,0.0000,0.0000,47,0,0,0,0,24,0,0,0,0
zc,WS301,2012-06-12 09:01:37.343,2528.0000,447420,0,0.0000,0.0000,0,0,空换,S,2527.0000,0.0000,0.0000,0.0000,0.0000,2528.0000,0.0000,0.0000,0.0000,0.0000,47,0,0,0,0,33,0,0,0,0
zc,WS301,2012-06-12 09:01:38.157,2528.0000,447412,-8,0.0000,12.0000,2,10,多平,S,2527.0000,0.0000,0.0000,0.0000,0.0000,2528.0000,0.0000,0.0000,0.0000,0.0000,67,0,0,0,0,27,0,0,0,0
zc,WS301,2012-06-12 09:01:38.657,2528.0000,447412,0,0.0000,4.0000,2,2,空换,S,2527.0000,0.0000,0.0000,0.0000,0.0000,2528.0000,0.0000,0.0000,0.0000,0.0000,66,0,0,0,0,25,0,0,0,0
zc,WS301,2012-06-12 09:01:39.327,2528.0000,447364,-48,0.0000,50.0000,1,49,多平,S,2528.0000,0.0000,0.0000,0.0000,0.0000,2529.0000,0.0000,0.0000,0.0000,0.0000,19,0,0,0,0,75,0,0,0,0
zc,WS301,2012-06-12 09:01:39.860,2528.0000,447362,-2,0.0000,2.0000,0,2,双平,S,2528.0000,0.0000,0.0000,0.0000,0.0000,2529.0000,0.0000,0.0000,0.0000,0.0000,20,0,0,0,0,75,0,0,0,0
zc,WS301,2012-06-12 09:01:40.593,2528.0000,447362,0,0.0000,0.0000,0,0,空换,S,2528.0000,0.0000,0.0000,0.0000,0.0000,2529.0000,0.0000,0.0000,0.0000,0.0000,22,0,0,0,0,79,0,0,0,0
zc,WS301,2012-06-12 09:01:41.093,2528.0000,447362,0,0.0000,0.0000,0,0,空换,S,2528.0000,0.0000,0.0000,0.0000,0.0000,2529.0000,0.0000,0.0000,0.0000,0.0000,23,0,0,0,0,79,0,0,0,0
zc,WS301,2012-06-12 09:01:41.873,2528.0000,447362,0,0.0000,0.0000,0,0,空换,S,2528.0000,0.0000,0.0000,0.0000,0.0000,2529.0000,0.0000,0.0000,0.0000,0.0000,24,0,0,0,0,81,0,0,0,0
zc,WS301,2012-06-12 09:01:42.373,2529.0000,447362,0,0.0000,4.0000,2,2,多换,B,2528.0000,0.0000,0.0000,0.0000,0.0000,2529.0000,0.0000,0.0000,0.0000,0.0000,36,0,0,0,0,80,0,0,0,0
zc,WS301,2012-06-12 09:01:42.907,2529.0000,447442,80,0.0000,170.0000,125,45,多开,B,2529.0000,0.0000,0.0000,0.0000,0.0000,2530.0000,0.0000,0.0000,0.0000,0.0000,15,0,0,0,0,74,0,0,0,0
zc,WS301,2012-06-12 09:01:43.343,2529.0000,447442,0,0.0000,4.0000,2,2,多换,B,2529.0000,0.0000,0.0000,0.0000,0.0000,2530.0000,0.0000,0.0000,0.0000,0.0000,16,0,0,0,0,74,0,0,0,0
zc,WS301,2012-06-12 09:01:44.140,2529.0000,447442,0,0.0000,0.0000,0,0,多换,B,2529.0000,0.0000,0.0000,0.0000,0.0000,2530.0000,0.0000,0.0000,0.0000,0.0000,16,0,0,0,0,75,0,0,0,0
zc,WS301,2012-06-12 09:01:44.547,2529.0000,447442,0,0.0000,0.0000,0,0,多换,B,2529.0000,0.0000,0.0000,0.0000,0.0000,2530.0000,0.0000,0.0000,0.0000,0.0000,36,0,0,0,0,74,0,0,0,0
zc,WS301,2012-06-12 09:01:45.343,2529.0000,447442,0,0.0000,0.0000,0,0,多换,B,2529.0000,0.0000,0.0000,0.0000,0.0000,2530.0000,0.0000,0.0000,0.0000,0.0000,38,0,0,0,0,74,0,0,0,0
zc,WS301,2012-06-12 09:01:45.920,2530.0000,447444,2,0.0000,4.0000,3,1,多开,B,2529.0000,0.0000,0.0000,0.0000,0.0000,2530.0000,0.0000,0.0000,0.0000,0.0000,37,0,0,0,0,73,0,0,0,0
zc,WS301,2012-06-12 09:01:46.640,2529.0000,447444,0,0.0000,2.0000,1,1,空换,S,2529.0000,0.0000,0.0000,0.0000,0.0000,2530.0000,0.0000,0.0000,0.0000,0.0000,37,0,0,0,0,25,0,0,0,0
zc,WS301,2012-06-12 09:01:47.890,2530.0000,447442,-2,0.0000,2.0000,0,2,双平,B,2529.0000,0.0000,0.0000,0.0000,0.0000,2530.0000,0.0000,0.0000,0.0000,0.0000,38,0,0,0,0,24,0,0,0,0
zc,WS301,2012-06-12 09:01:48.577,2530.0000,447442,0,0.0000,8.0000,4,4,多换,B,2529.0000,0.0000,0.0000,0.0000,0.0000,2530.0000,0.0000,0.0000,0.0000,0.0000,40,0,0,0,0,20,0,0,0,0
zc,WS301,2012-06-12 09:01:49.110,2530.0000,447442,0,0.0000,0.0000,0,0,多换,B,2529.0000,0.0000,0.0000,0.0000,0.0000,2530.0000,0.0000,0.0000,0.0000,0.0000,41,0,0,0,0,20,0,0,0,0
zc,WS301,2012-06-12 09:01:49.623,2529.0000,447442,0,0.0000,2.0000,1,1,空换,S,2529.0000,0.0000,0.0000,0.0000,0.0000,2530.0000,0.0000,0.0000,0.0000,0.0000,60,0,0,0,0,20,0,0,0,0
zc,WS301,2012-06-12 09:01:50.140,2530.0000,447442,0,0.0000,6.0000,3,3,多换,B,2529.0000,0.0000,0.0000,0.0000,0.0000,2530.0000,0.0000,0.0000,0.0000,0.0000,60,0,0,0,0,18,0,0,0,0
zc,WS301,2012-06-12 09:01:50.907,2530.0000,447444,2,0.0000,4.0000,3,1,多开,B,2529.0000,0.0000,0.0000,0.0000,0.0000,2530.0000,0.0000,0.0000,0.0000,0.0000,60,0,0,0,0,17,0,0,0,0
zc,WS301,2012-06-12 09:01:51.343,2530.0000,447444,0,0.0000,2.0000,1,1,多换,B,2529.0000,0.0000,0.0000,0.0000,0.0000,2530.0000,0.0000,0.0000,0.0000,0.0000,59,0,0,0,0,16,0,0,0,0
zc,WS301,2012-06-12 09:01:52.077,2530.0000,447446,2,0.0000,4.0000,3,1,多开,B,2529.0000,0.0000,0.0000,0.0000,0.0000,2530.0000,0.0000,0.0000,0.0000,0.0000,59,0,0,0,0,16,0,0,0,0
zc,WS301,2012-06-12 09:01:53.093,2530.0000,447446,0,0.0000,2.0000,1,1,多换,B,2529.0000,0.0000,0.0000,0.0000,0.0000,2530.0000,0.0000,0.0000,0.0000,0.0000,59,0,0,0,0,15,0,0,0,0
zc,WS301,2012-06-12 09:01:53.890,2530.0000,447438,-8,0.0000,10.0000,1,9,空平,B,2529.0000,0.0000,0.0000,0.0000,0.0000,2530.0000,0.0000,0.0000,0.0000,0.0000,60,0,0,0,0,10,0,0,0,0
zc,WS301,2012-06-12 09:01:54.110,2530.0000,447438,0,0.0000,0.0000,0,0,多换,B,2529.0000,0.0000,0.0000,0.0000,0.0000,2530.0000,0.0000,0.0000,0.0000,0.0000,61,0,0,0,0,10,0,0,0,0
zc,WS301,2012-06-12 09:01:54.860,2530.0000,447442,4,0.0000,20.0000,12,8,多开,B,2529.0000,0.0000,0.0000,0.0000,0.0000,2530.0000,0.0000,0.0000,0.0000,0.0000,61,0,0,0,0,48,0,0,0,0
zc,WS301,2012-06-12 09:01:55.390,2530.0000,447416,-26,0.0000,40.0000,7,33,空平,B,2529.0000,0.0000,0.0000,0.0000,0.0000,2530.0000,0.0000,0.0000,0.0000,0.0000,57,0,0,0,0,28,0,0,0,0
zc,WS301,2012-06-12 09:01:56.063,2530.0000,447360,-56,0.0000,56.0000,0,56,双平,B,2530.0000,0.0000,0.0000,0.0000,0.0000,2531.0000,0.0000,0.0000,0.0000,0.0000,94,0,0,0,0,44,0,0,0,0
zc,WS301,2012-06-12 09:01:56.593,2530.0000,447354,-6,0.0000,6.0000,0,6,双平,B,2530.0000,0.0000,0.0000,0.0000,0.0000,2531.0000,0.0000,0.0000,0.0000,0.0000,101,0,0,0,0,51,0,0,0,0
zc,WS301,2012-06-12 09:01:57.313,2530.0000,447352,-2,0.0000,2.0000,0,2,双平,B,2530.0000,0.0000,0.0000,0.0000,0.0000,2531.0000,0.0000,0.0000,0.0000,0.0000,121,0,0,0,0,51,0,0,0,0
zc,WS301,2012-06-12 09:01:57.623,2530.0000,447352,0,0.0000,0.0000,0,0,多换,B,2530.0000,0.0000,0.0000,0.0000,0.0000,2531.0000,0.0000,0.0000,0.0000,0.0000,132,0,0,0,0,51,0,0,0,0
zc,WS301,2012-06-12 09:01:58.373,2530.0000,447348,-4,0.0000,4.0000,0,4,双平,B,2530.0000,0.0000,0.0000,0.0000,0.0000,2531.0000,0.0000,0.0000,0.0000,0.0000,130,0,0,0,0,51,0,0,0,0
zc,WS301,2012-06-12 09:01:59.577,2530.0000,447340,-8,0.0000,10.0000,1,9,空平,B,2530.0000,0.0000,0.0000,0.0000,0.0000,2531.0000,0.0000,0.0000,0.0000,0.0000,175,0,0,0,0,51,0,0,0,0
zc,WS301,2012-06-12 09:02:00.327,2530.0000,447340,0,0.0000,0.0000,0,0,多换,B,2530.0000,0.0000,0.0000,0.0000,0.0000,2531.0000,0.0000,0.0000,0.0000,0.0000,175,0,0,0,0,52,0,0,0,0
zc,WS301,2012-06-12 09:02:01.623,2531.0000,447340,0,0.0000,8.0000,4,4,多换,B,2530.0000,0.0000,0.0000,0.0000,0.0000,2531.0000,0.0000,0.0000,0.0000,0.0000,175,0,0,0,0,48,0,0,0,0
zc,WS301,2012-06-12 09:02:02.123,2530.0000,447320,-20,0.0000,20.0000,0,20,双平,S,2530.0000,0.0000,0.0000,0.0000,0.0000,2531.0000,0.0000,0.0000,0.0000,0.0000,165,0,0,0,0,48,0,0,0,0
zc,WS301,2012-06-12 09:02:02.827,2531.0000,447320,0,0.0000,2.0000,1,1,多换,B,2530.0000,0.0000,0.0000,0.0000,0.0000,2531.0000,0.0000,0.0000,0.0000,0.0000,165,0,0,0,0,47,0,0,0,0
zc,WS301,2012-06-12 09:02:03.343,2531.0000,447316,-4,0.0000,8.0000,2,6,空平,B,2530.0000,0.0000,0.0000,0.0000,0.0000,2531.0000,0.0000,0.0000,0.0000,0.0000,171,0,0,0,0,43,0,0,0,0
zc,WS301,2012-06-12 09:02:04.123,2531.0000,447316,0,0.0000,2.0000,1,1,多换,B,2530.0000,0.0000,0.0000,0.0000,0.0000,2531.0000,0.0000,0.0000,0.0000,0.0000,171,0,0,0,0,42,0,0,0,0
zc,WS301,2012-06-12 09:02:04.577,2531.0000,447316,0,0.0000,0.0000,0,0,多换,B,2530.0000,0.0000,0.0000,0.0000,0.0000,2531.0000,0.0000,0.0000,0.0000,0.0000,173,0,0,0,0,42,0,0,0,0
zc,WS301,2012-06-12 09:02:05.360,2531.0000,447322,6,0.0000,42.0000,24,18,多开,B,2530.0000,0.0000,0.0000,0.0000,0.0000,2531.0000,0.0000,0.0000,0.0000,0.0000,151,0,0,0,0,24,0,0,0,0
zc,WS301,2012-06-12 09:02:05.873,2531.0000,447322,0,0.0000,6.0000,3,3,多换,B,2530.0000,0.0000,0.0000,0.0000,0.0000,2531.0000,0.0000,0.0000,0.0000,0.0000,153,0,0,0,0,21,0,0,0,0
zc,WS301,2012-06-12 09:02:06.610,2531.0000,447324,2,0.0000,2.0000,2,0,双开,B,2530.0000,0.0000,0.0000,0.0000,0.0000,2531.0000,0.0000,0.0000,0.0000,0.0000,155,0,0,0,0,20,0,0,0,0
zc,WS301,2012-06-12 09:02:06.843,2531.0000,447324,0,0.0000,0.0000,0,0,多换,B,2530.0000,0.0000,0.0000,0.0000,0.0000,2531.0000,0.0000,0.0000,0.0000,0.0000,164,0,0,0,0,20,0,0,0,0
zc,WS301,2012-06-12 09:02:07.610,2531.0000,447326,2,0.0000,2.0000,2,0,双开,B,2530.0000,0.0000,0.0000,0.0000,0.0000,2531.0000,0.0000,0.0000,0.0000,0.0000,162,0,0,0,0,19,0,0,0,0
zc,WS301,2012-06-12 09:02:08.360,2531.0000,447332,6,0.0000,10.0000,8,2,多开,B,2530.0000,0.0000,0.0000,0.0000,0.0000,2531.0000,0.0000,0.0000,0.0000,0.0000,164,0,0,0,0,24,0,0,0,0
zc,WS301,2012-06-12 09:02:09.140,2531.0000,447352,20,0.0000,42.0000,31,11,多开,B,2530.0000,0.0000,0.0000,0.0000,0.0000,2531.0000,0.0000,0.0000,0.0000,0.0000,168,0,0,0,0,8,0,0,0,0
zc,WS301,2012-06-12 09:02:09.563,2530.0000,447354,2,0.0000,4.0000,3,1,空开,S,2530.0000,0.0000,0.0000,0.0000,0.0000,2531.0000,0.0000,0.0000,0.0000,0.0000,167,0,0,0,0,14,0,0,0,0
zc,WS301,2012-06-12 09:02:10.093,2531.0000,447358,4,0.0000,4.0000,4,0,双开,B,2530.0000,0.0000,0.0000,0.0000,0.0000,2531.0000,0.0000,0.0000,0.0000,0.0000,167,0,0,0,0,107,0,0,0,0
zc,WS301,2012-06-12 09:02:10.797,2531.0000,447358,0,0.0000,6.0000,3,3,多换,B,2530.0000,0.0000,0.0000,0.0000,0.0000,2531.0000,0.0000,0.0000,0.0000,0.0000,168,0,0,0,0,104,0,0,0,0
zc,WS301,2012-06-12 09:02:12.093,2531.0000,447314,-44,0.0000,48.0000,2,46,空平,B,2530.0000,0.0000,0.0000,0.0000,0.0000,2531.0000,0.0000,0.0000,0.0000,0.0000,166,0,0,0,0,80,0,0,0,0
zc,WS301,2012-06-12 09:02:12.297,2531.0000,447314,0,0.0000,0.0000,0,0,多换,B,2530.0000,0.0000,0.0000,0.0000,0.0000,2531.0000,0.0000,0.0000,0.0000,0.0000,171,0,0,0,0,81,0,0,0,0
zc,WS301,2012-06-12 09:02:14.297,2531.0000,447314,0,0.0000,162.0000,81,81,多换,B,2531.0000,0.0000,0.0000,0.0000,0.0000,2532.0000,0.0000,0.0000,0.0000,0.0000,20,0,0,0,0,158,0,0,0,0
zc,WS301,2012-06-12 09:02:14.843,2531.0000,447318,4,0.0000,12.0000,8,4,多开,B,2531.0000,0.0000,0.0000,0.0000,0.0000,2532.0000,0.0000,0.0000,0.0000,0.0000,15,0,0,0,0,160,0,0,0,0
zc,WS301,2012-06-12 09:02:15.313,2530.0000,447326,8,0.0000,82.0000,45,37,空开,S,2530.0000,0.0000,0.0000,0.0000,0.0000,2532.0000,0.0000,0.0000,0.0000,0.0000,146,0,0,0,0,160,0,0,0,0
zc,WS301,2012-06-12 09:02:16.140,2530.0000,447326,0,0.0000,0.0000,0,0,空换,S,2531.0000,0.0000,0.0000,0.0000,0.0000,2532.0000,0.0000,0.0000,0.0000,0.0000,2,0,0,0,0,160,0,0,0,0
zc,WS301,2012-06-12 09:02:16.593,2531.0000,447326,0,0.0000,6.0000,3,3,多换,B,2531.0000,0.0000,0.0000,0.0000,0.0000,2532.0000,0.0000,0.0000,0.0000,0.0000,1,0,0,0,0,158,0,0,0,0
zc,WS301,2012-06-12 09:02:17.373,2531.0000,447326,0,0.0000,0.0000,0,0,多换,B,2531.0000,0.0000,0.0000,0.0000,0.0000,2532.0000,0.0000,0.0000,0.0000,0.0000,2,0,0,0,0,158,0,0,0,0
zc,WS301,2012-06-12 09:02:17.890,2531.0000,447328,2,0.0000,2.0000,2,0,双开,B,2531.0000,0.0000,0.0000,0.0000,0.0000,2532.0000,0.0000,0.0000,0.0000,0.0000,1,0,0,0,0,158,0,0,0,0
zc,WS301,2012-06-12 09:02:18.327,2532.0000,447328,0,0.0000,2.0000,1,1,多换,B,2531.0000,0.0000,0.0000,0.0000,0.0000,2532.0000,0.0000,0.0000,0.0000,0.0000,1,0,0,0,0,157,0,0,0,0
zc,WS301,2012-06-12 09:02:18.873,2532.0000,447312,-16,0.0000,20.0000,2,18,空平,B,2531.0000,0.0000,0.0000,0.0000,0.0000,2532.0000,0.0000,0.0000,0.0000,0.0000,3,0,0,0,0,139,0,0,0,0
zc,WS301,2012-06-12 09:02:19.280,2532.0000,447312,0,0.0000,4.0000,2,2,多换,B,2531.0000,0.0000,0.0000,0.0000,0.0000,2532.0000,0.0000,0.0000,0.0000,0.0000,3,0,0,0,0,137,0,0,0,0
zc,WS301,2012-06-12 09:02:19.593,2532.0000,447312,0,0.0000,8.0000,4,4,多换,B,2531.0000,0.0000,0.0000,0.0000,0.0000,2532.0000,0.0000,0.0000,0.0000,0.0000,3,0,0,0,0,133,0,0,0,0
zc,WS301,2012-06-12 09:02:20.140,2531.0000,447314,2,0.0000,8.0000,5,3,空开,S,2530.0000,0.0000,0.0000,0.0000,0.0000,2531.0000,0.0000,0.0000,0.0000,0.0000,145,0,0,0,0,6,0,0,0,0
zc,WS301,2012-06-12 09:02:20.843,2532.0000,447324,10,0.0000,22.0000,16,6,多开,B,2530.0000,0.0000,0.0000,0.0000,0.0000,2531.0000,0.0000,0.0000,0.0000,0.0000,145,0,0,0,0,100,0,0,0,0
zc,WS301,2012-06-12 09:02:21.343,2530.0000,447362,38,0.0000,42.0000,40,2,空开,S,2530.0000,0.0000,0.0000,0.0000,0.0000,2531.0000,0.0000,0.0000,0.0000,0.0000,145,0,0,0,0,80,0,0,0,0
zc,WS301,2012-06-12 09:02:21.797,2530.0000,447362,0,0.0000,0.0000,0,0,空换,S,2530.0000,0.0000,0.0000,0.0000,0.0000,2531.0000,0.0000,0.0000,0.0000,0.0000,145,0,0,0,0,90,0,0,0,0
zc,WS301,2012-06-12 09:02:22.563,2530.0000,447360,-2,0.0000,2.0000,0,2,双平,S,2530.0000,0.0000,0.0000,0.0000,0.0000,2531.0000,0.0000,0.0000,0.0000,0.0000,144,0,0,0,0,90,0,0,0,0
zc,WS301,2012-06-12 09:02:23.077,2531.0000,447400,40,0.0000,40.0000,40,0,双开,B,2530.0000,0.0000,0.0000,0.0000,0.0000,2531.0000,0.0000,0.0000,0.0000,0.0000,144,0,0,0,0,70,0,0,0,0
zc,WS301,2012-06-12 09:02:23.827,2531.0000,447402,2,0.0000,2.0000,2,0,双开,B,2530.0000,0.0000,0.0000,0.0000,0.0000,2531.0000,0.0000,0.0000,0.0000,0.0000,159,0,0,0,0,71,0,0,0,0
zc,WS301,2012-06-12 09:02:24.123,2531.0000,447390,-12,0.0000,16.0000,2,14,空平,B,2530.0000,0.0000,0.0000,0.0000,0.0000,2531.0000,0.0000,0.0000,0.0000,0.0000,153,0,0,0,0,71,0,0,0,0
zc,WS301,2012-06-12 09:02:24.873,2531.0000,447394,4,0.0000,4.0000,4,0,双开,B,2530.0000,0.0000,0.0000,0.0000,0.0000,2531.0000,0.0000,0.0000,0.0000,0.0000,151,0,0,0,0,74,0,0,0,0
zc,WS301,2012-06-12 09:02:25.343,2531.0000,447408,14,0.0000,14.0000,14,0,双开,B,2530.0000,0.0000,0.0000,0.0000,0.0000,2531.0000,0.0000,0.0000,0.0000,0.0000,157,0,0,0,0,67,0,0,0,0
zc,WS301,2012-06-12 09:02:26.063,2531.0000,447410,2,0.0000,2.0000,2,0,双开,B,2530.0000,0.0000,0.0000,0.0000,0.0000,2531.0000,0.0000,0.0000,0.0000,0.0000,155,0,0,0,0,65,0,0,0,0
zc,WS301,2012-06-12 09:02:26.593,2531.0000,447414,4,0.0000,4.0000,4,0,双开,B,2530.0000,0.0000,0.0000,0.0000,0.0000,2531.0000,0.0000,0.0000,0.0000,0.0000,155,0,0,0,0,63,0,0,0,0
zc,WS301,2012-06-12 09:02:27.343,2531.0000,447412,-2,0.0000,8.0000,3,5,空平,B,2530.0000,0.0000,0.0000,0.0000,0.0000,2531.0000,0.0000,0.0000,0.0000,0.0000,144,0,0,0,0,72,0,0,0,0
zc,WS301,2012-06-12 09:02:27.890,2530.0000,447408,-4,0.0000,4.0000,0,4,双平,S,2530.0000,0.0000,0.0000,0.0000,0.0000,2531.0000,0.0000,0.0000,0.0000,0.0000,143,0,0,0,0,72,0,0,0,0
zc,WS301,2012-06-12 09:02:29.110,2531.0000,447412,4,0.0000,4.0000,4,0,双开,B,2530.0000,0.0000,0.0000,0.0000,0.0000,2531.0000,0.0000,0.0000,0.0000,0.0000,168,0,0,0,0,71,0,0,0,0
zc,WS301,2012-06-12 09:02:29.577,2531.0000,447412,0,0.0000,0.0000,0,0,多换,B,2530.0000,0.0000,0.0000,0.0000,0.0000,2531.0000,0.0000,0.0000,0.0000,0.0000,268,0,0,0,0,74,0,0,0,0
zc,WS301,2012-06-12 09:02:30.797,2531.0000,447418,6,0.0000,6.0000,6,0,双开,B,2530.0000,0.0000,0.0000,0.0000,0.0000,2531.0000,0.0000,0.0000,0.0000,0.0000,268,0,0,0,0,75,0,0,0,0
zc,WS301,2012-06-12 09:02:31.360,2531.0000,447420,2,0.0000,2.0000,2,0,双开,B,2530.0000,0.0000,0.0000,0.0000,0.0000,2531.0000,0.0000,0.0000,0.0000,0.0000,268,0,0,0,0,75,0,0,0,0
zc,WS301,2012-06-12 09:02:32.093,2531.0000,447422,2,0.0000,2.0000,2,0,双开,B,2530.0000,0.0000,0.0000,0.0000,0.0000,2531.0000,0.0000,0.0000,0.0000,0.0000,268,0,0,0,0,75,0,0,0,0
zc,WS301,2012-06-12 09:02:32.530,2531.0000,447428,6,0.0000,6.0000,6,0,双开,B,2530.0000,0.0000,0.0000,0.0000,0.0000,2531.0000,0.0000,0.0000,0.0000,0.0000,268,0,0,0,0,72,0,0,0,0
zc,WS301,2012-06-12 09:02:33.407,2530.0000,447376,-52,0.0000,60.0000,4,56,多平,S,2530.0000,0.0000,0.0000,0.0000,0.0000,2531.0000,0.0000,0.0000,0.0000,0.0000,239,0,0,0,0,76,0,0,0,0
zc,WS301,2012-06-12 09:02:34.123,2530.0000,447376,0,0.0000,4.0000,2,2,空换,S,2530.0000,0.0000,0.0000,0.0000,0.0000,2531.0000,0.0000,0.0000,0.0000,0.0000,236,0,0,0,0,79,0,0,0,0
zc,WS301,2012-06-12 09:02:34.623,2530.0000,447376,0,0.0000,6.0000,3,3,空换,S,2530.0000,0.0000,0.0000,0.0000,0.0000,2531.0000,0.0000,0.0000,0.0000,0.0000,235,0,0,0,0,80,0,0,0,0
zc,WS301,2012-06-12 09:02:35.390,2531.0000,447378,2,0.0000,2.0000,2,0,双开,B,2530.0000,0.0000,0.0000,0.0000,0.0000,2531.0000,0.0000,0.0000,0.0000,0.0000,235,0,0,0,0,80,0,0,0,0
zc,WS301,2012-06-12 09:02:35.860,2531.0000,447386,8,0.0000,12.0000,10,2,多开,B,2530.0000,0.0000,0.0000,0.0000,0.0000,2531.0000,0.0000,0.0000,0.0000,0.0000,233,0,0,0,0,74,0,0,0,0
zc,WS301,2012-06-12 09:02:36.593,2530.0000,447390,4,0.0000,10.0000,7,3,空开,S,2530.0000,0.0000,0.0000,0.0000,0.0000,2531.0000,0.0000,0.0000,0.0000,0.0000,231,0,0,0,0,72,0,0,0,0
zc,WS301,2012-06-12 09:02:37.093,2531.0000,447394,4,0.0000,4.0000,4,0,双开,B,2530.0000,0.0000,0.0000,0.0000,0.0000,2531.0000,0.0000,0.0000,0.0000,0.0000,230,0,0,0,0,70,0,0,0,0
zc,WS301,2012-06-12 09:02:37.827,2531.0000,447396,2,0.0000,2.0000,2,0,双开,B,2530.0000,0.0000,0.0000,0.0000,0.0000,2531.0000,0.0000,0.0000,0.0000,0.0000,232,0,0,0,0,70,0,0,0,0
zc,WS301,2012-06-12 09:02:38.360,2531.0000,447396,0,0.0000,0.0000,0,0,多换,B,2530.0000,0.0000,0.0000,0.0000,0.0000,2531.0000,0.0000,0.0000,0.0000,0.0000,233,0,0,0,0,71,0,0,0,0
zc,WS301,2012-06-12 09:02:39.077,2531.0000,447426,30,0.0000,30.0000,30,0,双开,B,2530.0000,0.0000,0.0000,0.0000,0.0000,2531.0000,0.0000,0.0000,0.0000,0.0000,233,0,0,0,0,56,0,0,0,0
zc,WS301,2012-06-12 09:02:39.563,2531.0000,447426,0,0.0000,0.0000,0,0,多换,B,2530.0000,0.0000,0.0000,0.0000,0.0000,2531.0000,0.0000,0.0000,0.0000,0.0000,238,0,0,0,0,55,0,0,0,0
zc,WS301,2012-06-12 09:02:40.110,2531.0000,447430,4,0.0000,6.0000,5,1,多开,B,2530.0000,0.0000,0.0000,0.0000,0.0000,2531.0000,0.0000,0.0000,0.0000,0.0000,236,0,0,0,0,59,0,0,0,0
zc,WS301,2012-06-12 09:02:41.360,2531.0000,447430,0,0.0000,0.0000,0,0,多换,B,2530.0000,0.0000,0.0000,0.0000,0.0000,2531.0000,0.0000,0.0000,0.0000,0.0000,236,0,0,0,0,63,0,0,0,0
zc,WS301,2012-06-12 09:02:42.063,2530.0000,447438,8,0.0000,28.0000,18,10,空开,S,2530.0000,0.0000,0.0000,0.0000,0.0000,2531.0000,0.0000,0.0000,0.0000,0.0000,235,0,0,0,0,51,0,0,0,0
zc,WS301,2012-06-12 09:02:43.093,2531.0000,447448,10,0.0000,10.0000,10,0,双开,B,2530.0000,0.0000,0.0000,0.0000,0.0000,2531.0000,0.0000,0.0000,0.0000,0.0000,294,0,0,0,0,47,0,0,0,0
zc,WS301,2012-06-12 09:02:43.577,2531.0000,447448,0,0.0000,0.0000,0,0,多换,B,2530.0000,0.0000,0.0000,0.0000,0.0000,2531.0000,0.0000,0.0000,0.0000,0.0000,294,0,0,0,0,83,0,0,0,0
zc,WS301,2012-06-12 09:02:44.420,2531.0000,447454,6,0.0000,6.0000,6,0,双开,B,2530.0000,0.0000,0.0000,0.0000,0.0000,2531.0000,0.0000,0.0000,0.0000,0.0000,295,0,0,0,0,91,0,0,0,0
zc,WS301,2012-06-12 09:02:45.110,2531.0000,447454,0,0.0000,0.0000,0,0,多换,B,2530.0000,0.0000,0.0000,0.0000,0.0000,2531.0000,0.0000,0.0000,0.0000,0.0000,295,0,0,0,0,95,0,0,0,0
zc,WS301,2012-06-12 09:02:45.623,2531.0000,447464,10,0.0000,52.0000,31,21,多开,B,2530.0000,0.0000,0.0000,0.0000,0.0000,2531.0000,0.0000,0.0000,0.0000,0.0000,295,0,0,0,0,71,0,0,0,0
zc,WS301,2012-06-12 09:02:46.360,2530.0000,447464,0,0.0000,2.0000,1,1,空换,S,2530.0000,0.0000,0.0000,0.0000,0.0000,2531.0000,0.0000,0.0000,0.0000,0.0000,296,0,0,0,0,71,0,0,0,0
zc,WS301,2012-06-12 09:02:46.873,2531.0000,447466,2,0.0000,4.0000,3,1,多开,B,2530.0000,0.0000,0.0000,0.0000,0.0000,2531.0000,0.0000,0.0000,0.0000,0.0000,296,0,0,0,0,88,0,0,0,0
zc,WS301,2012-06-12 09:02:47.343,2530.0000,447468,2,0.0000,4.0000,3,1,空开,S,2530.0000,0.0000,0.0000,0.0000,0.0000,2531.0000,0.0000,0.0000,0.0000,0.0000,294,0,0,0,0,88,0,0,0,0
zc,WS301,2012-06-12 09:02:47.873,2530.0000,447468,0,0.0000,0.0000,0,0,空换,S,2530.0000,0.0000,0.0000,0.0000,0.0000,2531.0000,0.0000,0.0000,0.0000,0.0000,294,0,0,0,0,90,0,0,0,0
zc,WS301,2012-06-12 09:02:48.640,2530.0000,447452,-16,0.0000,24.0000,4,20,多平,S,2530.0000,0.0000,0.0000,0.0000,0.0000,2531.0000,0.0000,0.0000,0.0000,0.0000,283,0,0,0,0,89,0,0,0,0
zc,WS301,2012-06-12 09:02:49.827,2530.0000,447452,0,0.0000,0.0000,0,0,空换,S,2530.0000,0.0000,0.0000,0.0000,0.0000,2531.0000,0.0000,0.0000,0.0000,0.0000,283,0,0,0,0,90,0,0,0,0
zc,WS301,2012-06-12 09:02:50.360,2531.0000,447316,-136,0.0000,182.0000,23,159,空平,B,2531.0000,0.0000,0.0000,0.0000,0.0000,2532.0000,0.0000,0.0000,0.0000,0.0000,13,0,0,0,0,204,0,0,0,0
zc,WS301,2012-06-12 09:02:51.623,2531.0000,447314,-2,0.0000,2.0000,0,2,双平,B,2531.0000,0.0000,0.0000,0.0000,0.0000,2532.0000,0.0000,0.0000,0.0000,0.0000,13,0,0,0,0,203,0,0,0,0
zc,WS301,2012-06-12 09:02:52.360,2531.0000,447288,-26,0.0000,26.0000,0,26,双平,B,2530.0000,0.0000,0.0000,0.0000,0.0000,2531.0000,0.0000,0.0000,0.0000,0.0000,284,0,0,0,0,81,0,0,0,0
zc,WS301,2012-06-12 09:02:52.843,2531.0000,447288,0,0.0000,4.0000,2,2,多换,B,2530.0000,0.0000,0.0000,0.0000,0.0000,2531.0000,0.0000,0.0000,0.0000,0.0000,285,0,0,0,0,84,0,0,0,0
zc,WS301,2012-06-12 09:02:53.657,2531.0000,447264,-24,0.0000,72.0000,24,48,空平,B,2530.0000,0.0000,0.0000,0.0000,0.0000,2531.0000,0.0000,0.0000,0.0000,0.0000,260,0,0,0,0,80,0,0,0,0
zc,WS301,2012-06-12 09:02:54.110,2531.0000,447264,0,0.0000,68.0000,34,34,多换,B,2530.0000,0.0000,0.0000,0.0000,0.0000,2531.0000,0.0000,0.0000,0.0000,0.0000,260,0,0,0,0,46,0,0,0,0
zc,WS301,2012-06-12 09:02:54.843,2531.0000,447264,0,0.0000,0.0000,0,0,多换,B,2530.0000,0.0000,0.0000,0.0000,0.0000,2531.0000,0.0000,0.0000,0.0000,0.0000,259,0,0,0,0,46,0,0,0,0
zc,WS301,2012-06-12 09:02:55.640,2531.0000,447264,0,0.0000,2.0000,1,1,多换,B,2530.0000,0.0000,0.0000,0.0000,0.0000,2531.0000,0.0000,0.0000,0.0000,0.0000,265,0,0,0,0,48,0,0,0,0
zc,WS301,2012-06-12 09:02:56.093,2531.0000,447264,0,0.0000,0.0000,0,0,多换,B,2530.0000,0.0000,0.0000,0.0000,0.0000,2531.0000,0.0000,0.0000,0.0000,0.0000,265,0,0,0,0,49,0,0,0,0
zc,WS301,2012-06-12 09:02:56.843,2530.0000,447258,-6,0.0000,8.0000,1,7,多平,S,2530.0000,0.0000,0.0000,0.0000,0.0000,2531.0000,0.0000,0.0000,0.0000,0.0000,262,0,0,0,0,50,0,0,0,0
zc,WS301,2012-06-12 09:02:57.313,2531.0000,447202,-56,0.0000,64.0000,4,60,空平,B,2530.0000,0.0000,0.0000,0.0000,0.0000,2531.0000,0.0000,0.0000,0.0000,0.0000,262,0,0,0,0,23,0,0,0,0
zc,WS301,2012-06-12 09:02:58.077,2531.0000,447216,14,0.0000,24.0000,19,5,多开,B,2530.0000,0.0000,0.0000,0.0000,0.0000,2531.0000,0.0000,0.0000,0.0000,0.0000,262,0,0,0,0,11,0,0,0,0
zc,WS301,2012-06-12 09:02:58.563,2531.0000,447220,4,0.0000,4.0000,4,0,双开,B,2530.0000,0.0000,0.0000,0.0000,0.0000,2531.0000,0.0000,0.0000,0.0000,0.0000,262,0,0,0,0,9,0,0,0,0
zc,WS301,2012-06-12 09:02:59.140,2531.0000,447226,6,0.0000,18.0000,12,6,多开,B,2531.0000,0.0000,0.0000,0.0000,0.0000,2532.0000,0.0000,0.0000,0.0000,0.0000,11,0,0,0,0,203,0,0,0,0
zc,WS301,2012-06-12 09:02:59.530,2531.0000,447226,0,0.0000,0.0000,0,0,多换,B,2531.0000,0.0000,0.0000,0.0000,0.0000,2532.0000,0.0000,0.0000,0.0000,0.0000,62,0,0,0,0,203,0,0,0,0
zc,WS301,2012-06-12 09:03:00.327,2531.0000,447228,2,0.0000,32.0000,17,15,多开,B,2531.0000,0.0000,0.0000,0.0000,0.0000,2532.0000,0.0000,0.0000,0.0000,0.0000,52,0,0,0,0,203,0,0,0,0
zc,WS301,2012-06-12 09:03:00.813,2531.0000,447228,0,0.0000,0.0000,0,0,多换,B,2531.0000,0.0000,0.0000,0.0000,0.0000,2532.0000,0.0000,0.0000,0.0000,0.0000,52,0,0,0,0,212,0,0,0,0
zc,WS301,2012-06-12 09:03:02.157,2531.0000,447230,2,0.0000,4.0000,3,1,多开,B,2531.0000,0.0000,0.0000,0.0000,0.0000,2532.0000,0.0000,0.0000,0.0000,0.0000,50,0,0,0,0,212,0,0,0,0
zc,WS301,2012-06-12 09:03:02.873,2531.0000,447232,2,0.0000,46.0000,24,22,多开,B,2531.0000,0.0000,0.0000,0.0000,0.0000,2532.0000,0.0000,0.0000,0.0000,0.0000,29,0,0,0,0,210,0,0,0,0
zc,WS301,2012-06-12 09:03:03.623,2531.0000,447224,-8,0.0000,80.0000,36,44,空平,B,2531.0000,0.0000,0.0000,0.0000,0.0000,2532.0000,0.0000,0.0000,0.0000,0.0000,22,0,0,0,0,177,0,0,0,0
zc,WS301,2012-06-12 09:03:04.047,2531.0000,447224,0,0.0000,12.0000,6,6,多换,B,2531.0000,0.0000,0.0000,0.0000,0.0000,2532.0000,0.0000,0.0000,0.0000,0.0000,17,0,0,0,0,179,0,0,0,0
zc,WS301,2012-06-12 09:03:04.577,2531.0000,447248,24,0.0000,34.0000,29,5,多开,B,2530.0000,0.0000,0.0000,0.0000,0.0000,2531.0000,0.0000,0.0000,0.0000,0.0000,266,0,0,0,0,4,0,0,0,0
zc,WS301,2012-06-12 09:03:05.390,2531.0000,447248,0,0.0000,0.0000,0,0,多换,B,2530.0000,0.0000,0.0000,0.0000,0.0000,2531.0000,0.0000,0.0000,0.0000,0.0000,265,0,0,0,0,6,0,0,0,0
zc,WS301,2012-06-12 09:03:06.093,2531.0000,447248,0,0.0000,0.0000,0,0,多换,B,2530.0000,0.0000,0.0000,0.0000,0.0000,2531.0000,0.0000,0.0000,0.0000,0.0000,239,0,0,0,0,6,0,0,0,0
zc,WS301,2012-06-12 09:03:06.577,2531.0000,447248,0,0.0000,0.0000,0,0,多换,B,2530.0000,0.0000,0.0000,0.0000,0.0000,2531.0000,0.0000,0.0000,0.0000,0.0000,239,0,0,0,0,7,0,0,0,0
zc,WS301,2012-06-12 09:03:07.093,2531.0000,447248,0,0.0000,0.0000,0,0,多换,B,2530.0000,0.0000,0.0000,0.0000,0.0000,2531.0000,0.0000,0.0000,0.0000,0.0000,239,0,0,0,0,9,0,0,0,0
zc,WS301,2012-06-12 09:03:07.623,2531.0000,447232,-16,0.0000,26.0000,5,21,空平,B,2530.0000,0.0000,0.0000,0.0000,0.0000,2531.0000,0.0000,0.0000,0.0000,0.0000,229,0,0,0,0,106,0,0,0,0
zc,WS301,2012-06-12 09:03:09.093,2531.0000,447232,0,0.0000,8.0000,4,4,多换,B,2530.0000,0.0000,0.0000,0.0000,0.0000,2531.0000,0.0000,0.0000,0.0000,0.0000,229,0,0,0,0,103,0,0,0,0
zc,WS301,2012-06-12 09:03:09.890,2531.0000,447232,0,0.0000,20.0000,10,10,多换,B,2530.0000,0.0000,0.0000,0.0000,0.0000,2531.0000,0.0000,0.0000,0.0000,0.0000,229,0,0,0,0,93,0,0,0,0
zc,WS301,2012-06-12 09:03:10.343,2531.0000,447232,0,0.0000,6.0000,3,3,多换,B,2530.0000,0.0000,0.0000,0.0000,0.0000,2531.0000,0.0000,0.0000,0.0000,0.0000,228,0,0,0,0,91,0,0,0,0
zc,WS301,2012-06-12 09:03:11.093,2531.0000,447232,0,0.0000,0.0000,0,0,多换,B,2530.0000,0.0000,0.0000,0.0000,0.0000,2531.0000,0.0000,0.0000,0.0000,0.0000,228,0,0,0,0,95,0,0,0,0
zc,WS301,2012-06-12 09:03:11.577,2531.0000,447232,0,0.0000,0.0000,0,0,多换,B,2530.0000,0.0000,0.0000,0.0000,0.0000,2531.0000,0.0000,0.0000,0.0000,0.0000,228,0,0,0,0,195,0,0,0,0
zc,WS301,2012-06-12 09:03:12.343,2530.0000,447230,-2,0.0000,2.0000,0,2,双平,S,2530.0000,0.0000,0.0000,0.0000,0.0000,2531.0000,0.0000,0.0000,0.0000,0.0000,227,0,0,0,0,195,0,0,0,0
zc,WS301,2012-06-12 09:03:13.577,2530.0000,447228,-2,0.0000,4.0000,1,3,多平,S,2530.0000,0.0000,0.0000,0.0000,0.0000,2531.0000,0.0000,0.0000,0.0000,0.0000,225,0,0,0,0,196,0,0,0,0
zc,WS301,2012-06-12 09:03:13.890,2530.0000,447228,0,0.0000,0.0000,0,0,空换,S,2530.0000,0.0000,0.0000,0.0000,0.0000,2531.0000,0.0000,0.0000,0.0000,0.0000,225,0,0,0,0,195,0,0,0,0
zc,WS301,2012-06-12 09:03:14.577,2531.0000,447228,0,0.0000,2.0000,1,1,多换,B,2530.0000,0.0000,0.0000,0.0000,0.0000,2531.0000,0.0000,0.0000,0.0000,0.0000,225,0,0,0,0,224,0,0,0,0
zc,WS301,2012-06-12 09:03:15.093,2530.0000,447226,-2,0.0000,14.0000,6,8,多平,S,2530.0000,0.0000,0.0000,0.0000,0.0000,2531.0000,0.0000,0.0000,0.0000,0.0000,218,0,0,0,0,226,0,0,0,0
zc,WS301,2012-06-12 09:03:15.860,2530.0000,447230,4,0.0000,104.0000,54,50,空开,S,2530.0000,0.0000,0.0000,0.0000,0.0000,2531.0000,0.0000,0.0000,0.0000,0.0000,167,0,0,0,0,226,0,0,0,0
zc,WS301,2012-06-12 09:03:16.373,2531.0000,447328,98,0.0000,156.0000,127,29,多开,B,2530.0000,0.0000,0.0000,0.0000,0.0000,2531.0000,0.0000,0.0000,0.0000,0.0000,118,0,0,0,0,197,0,0,0,0
zc,WS301,2012-06-12 09:03:17.123,2529.0000,447574,246,0.0000,256.0000,251,5,空开,S,2529.0000,0.0000,0.0000,0.0000,0.0000,2530.0000,0.0000,0.0000,0.0000,0.0000,124,0,0,0,0,70,0,0,0,0
zc,WS301,2012-06-12 09:03:17.563,2529.0000,447574,0,0.0000,2.0000,1,1,空换,S,2529.0000,0.0000,0.0000,0.0000,0.0000,2530.0000,0.0000,0.0000,0.0000,0.0000,123,0,0,0,0,71,0,0,0,0
zc,WS301,2012-06-12 09:03:18.327,2529.0000,447586,12,0.0000,14.0000,13,1,空开,S,2529.0000,0.0000,0.0000,0.0000,0.0000,2530.0000,0.0000,0.0000,0.0000,0.0000,122,0,0,0,0,71,0,0,0,0
zc,WS301,2012-06-12 09:03:19.267,2530.0000,447588,2,0.0000,2.0000,2,0,双开,B,2529.0000,0.0000,0.0000,0.0000,0.0000,2530.0000,0.0000,0.0000,0.0000,0.0000,121,0,0,0,0,70,0,0,0,0
zc,WS301,2012-06-12 09:03:19.593,2530.0000,447590,2,0.0000,2.0000,2,0,双开,B,2529.0000,0.0000,0.0000,0.0000,0.0000,2530.0000,0.0000,0.0000,0.0000,0.0000,64,0,0,0,0,70,0,0,0,0
zc,WS301,2012-06-12 09:03:20.063,2530.0000,447618,28,0.0000,194.0000,111,83,多开,B,2529.0000,0.0000,0.0000,0.0000,0.0000,2530.0000,0.0000,0.0000,0.0000,0.0000,23,0,0,0,0,68,0,0,0,0
zc,WS301,2012-06-12 09:03:20.547,2530.0000,447618,0,0.0000,0.0000,0,0,多换,B,2529.0000,0.0000,0.0000,0.0000,0.0000,2530.0000,0.0000,0.0000,0.0000,0.0000,23,0,0,0,0,72,0,0,0,0
zc,WS301,2012-06-12 09:03:21.827,2529.0000,447618,0,0.0000,4.0000,2,2,空换,S,2529.0000,0.0000,0.0000,0.0000,0.0000,2530.0000,0.0000,0.0000,0.0000,0.0000,21,0,0,0,0,72,0,0,0,0
zc,WS301,2012-06-12 09:03:22.360,2529.0000,447618,0,0.0000,2.0000,1,1,空换,S,2529.0000,0.0000,0.0000,0.0000,0.0000,2530.0000,0.0000,0.0000,0.0000,0.0000,20,0,0,0,0,102,0,0,0,0
zc,WS301,2012-06-12 09:03:23.063,2529.0000,447618,0,0.0000,0.0000,0,0,空换,S,2529.0000,0.0000,0.0000,0.0000,0.0000,2530.0000,0.0000,0.0000,0.0000,0.0000,20,0,0,0,0,105,0,0,0,0
zc,WS301,2012-06-12 09:03:23.593,2529.0000,447620,2,0.0000,2.0000,2,0,双开,S,2529.0000,0.0000,0.0000,0.0000,0.0000,2530.0000,0.0000,0.0000,0.0000,0.0000,19,0,0,0,0,105,0,0,0,0
zc,WS301,2012-06-12 09:03:24.343,2529.0000,447620,0,0.0000,4.0000,2,2,空换,S,2529.0000,0.0000,0.0000,0.0000,0.0000,2530.0000,0.0000,0.0000,0.0000,0.0000,18,0,0,0,0,105,0,0,0,0
zc,WS301,2012-06-12 09:03:24.593,2529.0000,447620,0,0.0000,36.0000,18,18,空换,S,2528.0000,0.0000,0.0000,0.0000,0.0000,2529.0000,0.0000,0.0000,0.0000,0.0000,44,0,0,0,0,12,0,0,0,0
zc,WS301,2012-06-12 09:03:25.343,2529.0000,447620,0,0.0000,0.0000,0,0,空换,S,2528.0000,0.0000,0.0000,0.0000,0.0000,2529.0000,0.0000,0.0000,0.0000,0.0000,44,0,0,0,0,16,0,0,0,0
zc,WS301,2012-06-12 09:03:25.860,2529.0000,447620,0,0.0000,2.0000,1,1,空换,S,2528.0000,0.0000,0.0000,0.0000,0.0000,2529.0000,0.0000,0.0000,0.0000,0.0000,56,0,0,0,0,59,0,0,0,0
zc,WS301,2012-06-12 09:03:26.577,2529.0000,447620,0,0.0000,0.0000,0,0,空换,S,2528.0000,0.0000,0.0000,0.0000,0.0000,2529.0000,0.0000,0.0000,0.0000,0.0000,56,0,0,0,0,63,0,0,0,0
zc,WS301,2012-06-12 09:03:27.063,2529.0000,447502,-118,0.0000,126.0000,4,122,多平,S,2529.0000,0.0000,0.0000,0.0000,0.0000,2530.0000,0.0000,0.0000,0.0000,0.0000,37,0,0,0,0,107,0,0,0,0
zc,WS301,2012-06-12 09:03:27.860,2529.0000,447500,-2,0.0000,4.0000,1,3,多平,S,2529.0000,0.0000,0.0000,0.0000,0.0000,2530.0000,0.0000,0.0000,0.0000,0.0000,35,0,0,0,0,107,0,0,0,0
zc,WS301,2012-06-12 09:03:28.390,2529.0000,447496,-4,0.0000,6.0000,1,5,多平,S,2529.0000,0.0000,0.0000,0.0000,0.0000,2530.0000,0.0000,0.0000,0.0000,0.0000,32,0,0,0,0,107,0,0,0,0
zc,WS301,2012-06-12 09:03:29.140,2528.0000,447368,-128,0.0000,160.0000,16,144,多平,S,2528.0000,0.0000,0.0000,0.0000,0.0000,2530.0000,0.0000,0.0000,0.0000,0.0000,109,0,0,0,0,108,0,0,0,0
zc,WS301,2012-06-12 09:03:29.593,2528.0000,447366,-2,0.0000,2.0000,0,2,双平,S,2528.0000,0.0000,0.0000,0.0000,0.0000,2530.0000,0.0000,0.0000,0.0000,0.0000,108,0,0,0,0,108,0,0,0,0
zc,WS301,2012-06-12 09:03:30.140,2528.0000,447364,-2,0.0000,4.0000,1,3,多平,S,2528.0000,0.0000,0.0000,0.0000,0.0000,2529.0000,0.0000,0.0000,0.0000,0.0000,109,0,0,0,0,2,0,0,0,0
zc,WS301,2012-06-12 09:03:30.827,2528.0000,447362,-2,0.0000,2.0000,0,2,双平,S,2528.0000,0.0000,0.0000,0.0000,0.0000,2529.0000,0.0000,0.0000,0.0000,0.0000,108,0,0,0,0,2,0,0,0,0
zc,WS301,2012-06-12 09:03:31.297,2529.0000,447362,0,0.0000,2.0000,1,1,多换,B,2528.0000,0.0000,0.0000,0.0000,0.0000,2529.0000,0.0000,0.0000,0.0000,0.0000,107,0,0,0,0,1,0,0,0,0
zc,WS301,2012-06-12 09:03:32.030,2529.0000,447362,0,0.0000,0.0000,0,0,多换,B,2528.0000,0.0000,0.0000,0.0000,0.0000,2529.0000,0.0000,0.0000,0.0000,0.0000,107,0,0,0,0,3,0,0,0,0
zc,WS301,2012-06-12 09:03:32.360,2529.0000,447362,0,0.0000,0.0000,0,0,多换,B,2528.0000,0.0000,0.0000,0.0000,0.0000,2529.0000,0.0000,0.0000,0.0000,0.0000,107,0,0,0,0,7,0,0,0,0
zc,WS301,2012-06-12 09:03:33.077,2528.0000,447312,-50,0.0000,222.0000,86,136,多平,S,2527.0000,0.0000,0.0000,0.0000,0.0000,2528.0000,0.0000,0.0000,0.0000,0.0000,44,0,0,0,0,15,0,0,0,0
zc,WS301,2012-06-12 09:03:33.563,2528.0000,447312,0,0.0000,0.0000,0,0,空换,S,2527.0000,0.0000,0.0000,0.0000,0.0000,2528.0000,0.0000,0.0000,0.0000,0.0000,46,0,0,0,0,16,0,0,0,0
zc,WS301,2012-06-12 09:03:34.077,2528.0000,447302,-10,0.0000,14.0000,2,12,多平,S,2527.0000,0.0000,0.0000,0.0000,0.0000,2528.0000,0.0000,0.0000,0.0000,0.0000,44,0,0,0,0,11,0,0,0,0
zc,WS301,2012-06-12 09:03:34.843,2528.0000,447296,-6,0.0000,16.0000,5,11,多平,S,2527.0000,0.0000,0.0000,0.0000,0.0000,2528.0000,0.0000,0.0000,0.0000,0.0000,37,0,0,0,0,10,0,0,0,0
zc,WS301,2012-06-12 09:03:35.373,2528.0000,447296,0,0.0000,0.0000,0,0,空换,S,2527.0000,0.0000,0.0000,0.0000,0.0000,2528.0000,0.0000,0.0000,0.0000,0.0000,37,0,0,0,0,172,0,0,0,0
zc,WS301,2012-06-12 09:03:36.077,2527.0000,447296,0,0.0000,2.0000,1,1,空换,S,2527.0000,0.0000,0.0000,0.0000,0.0000,2528.0000,0.0000,0.0000,0.0000,0.0000,36,0,0,0,0,172,0,0,0,0
zc,WS301,2012-06-12 09:03:36.343,2527.0000,447282,-14,0.0000,14.0000,0,14,双平,S,2527.0000,0.0000,0.0000,0.0000,0.0000,2528.0000,0.0000,0.0000,0.0000,0.0000,29,0,0,0,0,172,0,0,0,0
zc,WS301,2012-06-12 09:03:37.123,2527.0000,447282,0,0.0000,10.0000,5,5,空换,S,2527.0000,0.0000,0.0000,0.0000,0.0000,2528.0000,0.0000,0.0000,0.0000,0.0000,26,0,0,0,0,170,0,0,0,0
zc,WS301,2012-06-12 09:03:37.640,2527.0000,447282,0,0.0000,0.0000,0,0,空换,S,2527.0000,0.0000,0.0000,0.0000,0.0000,2528.0000,0.0000,0.0000,0.0000,0.0000,27,0,0,0,0,171,0,0,0,0
zc,WS301,2012-06-12 09:03:38.343,2527.0000,447268,-14,0.0000,40.0000,13,27,多平,S,2527.0000,0.0000,0.0000,0.0000,0.0000,2528.0000,0.0000,0.0000,0.0000,0.0000,18,0,0,0,0,173,0,0,0,0
zc,WS301,2012-06-12 09:03:38.860,2527.0000,447266,-2,0.0000,2.0000,0,2,双平,S,2527.0000,0.0000,0.0000,0.0000,0.0000,2528.0000,0.0000,0.0000,0.0000,0.0000,17,0,0,0,0,173,0,0,0,0
zc,WS301,2012-06-12 09:03:39.327,2527.0000,447252,-14,0.0000,40.0000,13,27,多平,S,2526.0000,0.0000,0.0000,0.0000,0.0000,2527.0000,0.0000,0.0000,0.0000,0.0000,210,0,0,0,0,35,0,0,0,0
zc,WS301,2012-06-12 09:03:40.123,2527.0000,447252,0,0.0000,2.0000,1,1,空换,S,2526.0000,0.0000,0.0000,0.0000,0.0000,2527.0000,0.0000,0.0000,0.0000,0.0000,216,0,0,0,0,44,0,0,0,0
zc,WS301,2012-06-12 09:03:40.593,2527.0000,447188,-64,0.0000,64.0000,0,64,双平,S,2526.0000,0.0000,0.0000,0.0000,0.0000,2527.0000,0.0000,0.0000,0.0000,0.0000,227,0,0,0,0,17,0,0,0,0
zc,WS301,2012-06-12 09:03:41.373,2527.0000,447194,6,0.0000,42.0000,24,18,空开,S,2527.0000,0.0000,0.0000,0.0000,0.0000,2528.0000,0.0000,0.0000,0.0000,0.0000,9,0,0,0,0,17,0,0,0,0
zc,WS301,2012-06-12 09:03:41.827,2526.0000,447194,0,0.0000,26.0000,13,13,空换,S,2526.0000,0.0000,0.0000,0.0000,0.0000,2527.0000,0.0000,0.0000,0.0000,0.0000,224,0,0,0,0,41,0,0,0,0
zc,WS301,2012-06-12 09:03:42.280,2526.0000,447194,0,0.0000,0.0000,0,0,空换,S,2526.0000,0.0000,0.0000,0.0000,0.0000,2527.0000,0.0000,0.0000,0.0000,0.0000,248,0,0,0,0,42,0,0,0,0
zc,WS301,2012-06-12 09:03:42.827,2526.0000,447194,0,0.0000,12.0000,6,6,空换,S,2526.0000,0.0000,0.0000,0.0000,0.0000,2527.0000,0.0000,0.0000,0.0000,0.0000,224,0,0,0,0,37,0,0,0,0
zc,WS301,2012-06-12 09:03:43.640,2526.0000,447194,0,0.0000,0.0000,0,0,空换,S,2526.0000,0.0000,0.0000,0.0000,0.0000,2527.0000,0.0000,0.0000,0.0000,0.0000,224,0,0,0,0,42,0,0,0,0
zc,WS301,2012-06-12 09:03:44.063,2526.0000,447194,0,0.0000,0.0000,0,0,空换,S,2526.0000,0.0000,0.0000,0.0000,0.0000,2527.0000,0.0000,0.0000,0.0000,0.0000,224,0,0,0,0,44,0,0,0,0
zc,WS301,2012-06-12 09:03:44.813,2526.0000,447196,2,0.0000,2.0000,2,0,双开,S,2526.0000,0.0000,0.0000,0.0000,0.0000,2527.0000,0.0000,0.0000,0.0000,0.0000,226,0,0,0,0,45,0,0,0,0
zc,WS301,2012-06-12 09:03:45.327,2527.0000,447192,-4,0.0000,10.0000,3,7,空平,B,2526.0000,0.0000,0.0000,0.0000,0.0000,2527.0000,0.0000,0.0000,0.0000,0.0000,222,0,0,0,0,42,0,0,0,0
zc,WS301,2012-06-12 09:03:45.827,2526.0000,446994,-198,0.0000,242.0000,22,220,多平,S,2526.0000,0.0000,0.0000,0.0000,0.0000,2527.0000,0.0000,0.0000,0.0000,0.0000,155,0,0,0,0,46,0,0,0,0
zc,WS301,2012-06-12 09:03:46.657,2526.0000,446994,0,0.0000,0.0000,0,0,空换,S,2526.0000,0.0000,0.0000,0.0000,0.0000,2527.0000,0.0000,0.0000,0.0000,0.0000,206,0,0,0,0,46,0,0,0,0
zc,WS301,2012-06-12 09:03:47.420,2526.0000,446962,-32,0.0000,330.0000,149,181,多平,S,2526.0000,0.0000,0.0000,0.0000,0.0000,2527.0000,0.0000,0.0000,0.0000,0.0000,45,0,0,0,0,45,0,0,0,0
zc,WS301,2012-06-12 09:03:47.843,2526.0000,446958,-4,0.0000,12.0000,4,8,多平,S,2526.0000,0.0000,0.0000,0.0000,0.0000,2527.0000,0.0000,0.0000,0.0000,0.0000,44,0,0,0,0,46,0,0,0,0
zc,WS301,2012-06-12 09:03:48.593,2526.0000,446958,0,0.0000,4.0000,2,2,空换,S,2526.0000,0.0000,0.0000,0.0000,0.0000,2527.0000,0.0000,0.0000,0.0000,0.0000,93,0,0,0,0,76,0,0,0,0
zc,WS301,2012-06-12 09:03:49.047,2526.0000,446998,40,0.0000,40.0000,40,0,双开,S,2526.0000,0.0000,0.0000,0.0000,0.0000,2527.0000,0.0000,0.0000,0.0000,0.0000,83,0,0,0,0,76,0,0,0,0
zc,WS301,2012-06-12 09:03:49.530,2526.0000,447038,40,0.0000,40.0000,40,0,双开,S,2526.0000,0.0000,0.0000,0.0000,0.0000,2527.0000,0.0000,0.0000,0.0000,0.0000,71,0,0,0,0,76,0,0,0,0
zc,WS301,2012-06-12 09:03:50.077,2526.0000,447040,2,0.0000,2.0000,2,0,双开,S,2526.0000,0.0000,0.0000,0.0000,0.0000,2527.0000,0.0000,0.0000,0.0000,0.0000,70,0,0,0,0,76,0,0,0,0
zc,WS301,2012-06-12 09:03:50.547,2527.0000,447042,2,0.0000,4.0000,3,1,多开,B,2526.0000,0.0000,0.0000,0.0000,0.0000,2527.0000,0.0000,0.0000,0.0000,0.0000,70,0,0,0,0,75,0,0,0,0
zc,WS301,2012-06-12 09:03:51.407,2526.0000,447044,2,0.0000,20.0000,11,9,空开,S,2526.0000,0.0000,0.0000,0.0000,0.0000,2527.0000,0.0000,0.0000,0.0000,0.0000,60,0,0,0,0,75,0,0,0,0
zc,WS301,2012-06-12 09:03:51.813,2526.0000,447044,0,0.0000,4.0000,2,2,空换,S,2526.0000,0.0000,0.0000,0.0000,0.0000,2527.0000,0.0000,0.0000,0.0000,0.0000,58,0,0,0,0,75,0,0,0,0
zc,WS301,2012-06-12 09:03:52.313,2526.0000,447046,2,0.0000,6.0000,4,2,空开,S,2526.0000,0.0000,0.0000,0.0000,0.0000,2527.0000,0.0000,0.0000,0.0000,0.0000,56,0,0,0,0,75,0,0,0,0
zc,WS301,2012-06-12 09:03:53.047,2526.0000,447046,0,0.0000,6.0000,3,3,空换,S,2526.0000,0.0000,0.0000,0.0000,0.0000,2527.0000,0.0000,0.0000,0.0000,0.0000,65,0,0,0,0,76,0,0,0,0
zc,WS301,2012-06-12 09:03:53.610,2526.0000,447046,0,0.0000,20.0000,10,10,空换,S,2526.0000,0.0000,0.0000,0.0000,0.0000,2527.0000,0.0000,0.0000,0.0000,0.0000,55,0,0,0,0,76,0,0,0,0
zc,WS301,2012-06-12 09:03:54.907,2526.0000,447046,0,0.0000,6.0000,3,3,空换,S,2526.0000,0.0000,0.0000,0.0000,0.0000,2527.0000,0.0000,0.0000,0.0000,0.0000,52,0,0,0,0,77,0,0,0,0
zc,WS301,2012-06-12 09:03:55.640,2526.0000,447052,6,0.0000,20.0000,13,7,空开,S,2526.0000,0.0000,0.0000,0.0000,0.0000,2527.0000,0.0000,0.0000,0.0000,0.0000,42,0,0,0,0,76,0,0,0,0
zc,WS301,2012-06-12 09:03:56.093,2526.0000,447054,2,0.0000,66.0000,34,32,空开,S,2526.0000,0.0000,0.0000,0.0000,0.0000,2527.0000,0.0000,0.0000,0.0000,0.0000,39,0,0,0,0,75,0,0,0,0
zc,WS301,2012-06-12 09:03:56.890,2526.0000,447042,-12,0.0000,32.0000,10,22,多平,S,2526.0000,0.0000,0.0000,0.0000,0.0000,2527.0000,0.0000,0.0000,0.0000,0.0000,30,0,0,0,0,76,0,0,0,0
zc,WS301,2012-06-12 09:03:57.360,2526.0000,447016,-26,0.0000,50.0000,12,38,多平,S,2526.0000,0.0000,0.0000,0.0000,0.0000,2527.0000,0.0000,0.0000,0.0000,0.0000,5,0,0,0,0,76,0,0,0,0
zc,WS301,2012-06-12 09:03:57.873,2526.0000,447016,0,0.0000,0.0000,0,0,空换,S,2526.0000,0.0000,0.0000,0.0000,0.0000,2527.0000,0.0000,0.0000,0.0000,0.0000,6,0,0,0,0,78,0,0,0,0
zc,WS301,2012-06-12 09:03:58.640,2526.0000,447016,0,0.0000,6.0000,3,3,空换,S,2526.0000,0.0000,0.0000,0.0000,0.0000,2527.0000,0.0000,0.0000,0.0000,0.0000,9,0,0,0,0,75,0,0,0,0
zc,WS301,2012-06-12 09:03:59.313,2527.0000,447006,-10,0.0000,16.0000,3,13,空平,B,2526.0000,0.0000,0.0000,0.0000,0.0000,2527.0000,0.0000,0.0000,0.0000,0.0000,8,0,0,0,0,89,0,0,0,0
zc,WS301,2012-06-12 09:03:59.827,2526.0000,446956,-50,0.0000,64.0000,7,57,多平,S,2525.0000,0.0000,0.0000,0.0000,0.0000,2526.0000,0.0000,0.0000,0.0000,0.0000,244,0,0,0,0,8,0,0,0,0
zc,WS301,2012-06-12 09:04:00.563,2526.0000,446954,-2,0.0000,8.0000,3,5,多平,S,2525.0000,0.0000,0.0000,0.0000,0.0000,2526.0000,0.0000,0.0000,0.0000,0.0000,234,0,0,0,0,56,0,0,0,0
zc,WS301,2012-06-12 09:04:01.077,2526.0000,446950,-4,0.0000,4.0000,0,4,双平,S,2525.0000,0.0000,0.0000,0.0000,0.0000,2526.0000,0.0000,0.0000,0.0000,0.0000,232,0,0,0,0,72,0,0,0,0
zc,WS301,2012-06-12 09:04:01.797,2526.0000,446950,0,0.0000,4.0000,2,2,空换,S,2525.0000,0.0000,0.0000,0.0000,0.0000,2526.0000,0.0000,0.0000,0.0000,0.0000,232,0,0,0,0,77,0,0,0,0
zc,WS301,2012-06-12 09:04:02.373,2526.0000,446950,0,0.0000,0.0000,0,0,空换,S,2525.0000,0.0000,0.0000,0.0000,0.0000,2526.0000,0.0000,0.0000,0.0000,0.0000,232,0,0,0,0,78,0,0,0,0
zc,WS301,2012-06-12 09:04:03.110,2526.0000,446948,-2,0.0000,16.0000,7,9,多平,S,2525.0000,0.0000,0.0000,0.0000,0.0000,2526.0000,0.0000,0.0000,0.0000,0.0000,224,0,0,0,0,70,0,0,0,0
zc,WS301,2012-06-12 09:04:03.640,2526.0000,446940,-8,0.0000,24.0000,8,16,多平,S,2525.0000,0.0000,0.0000,0.0000,0.0000,2526.0000,0.0000,0.0000,0.0000,0.0000,213,0,0,0,0,69,0,0,0,0
zc,WS301,2012-06-12 09:04:04.313,2525.0000,447312,372,0.0000,546.0000,459,87,空开,S,2524.0000,0.0000,0.0000,0.0000,0.0000,2525.0000,0.0000,0.0000,0.0000,0.0000,209,0,0,0,0,74,0,0,0,0
zc,WS301,2012-06-12 09:04:05.123,2526.0000,447318,6,0.0000,32.0000,19,13,多开,B,2525.0000,0.0000,0.0000,0.0000,0.0000,2526.0000,0.0000,0.0000,0.0000,0.0000,3,0,0,0,0,5,0,0,0,0
zc,WS301,2012-06-12 09:04:05.640,2524.0000,447292,-26,0.0000,32.0000,3,29,多平,S,2524.0000,0.0000,0.0000,0.0000,0.0000,2525.0000,0.0000,0.0000,0.0000,0.0000,215,0,0,0,0,133,0,0,0,0
zc,WS301,2012-06-12 09:04:06.313,2524.0000,447276,-16,0.0000,16.0000,0,16,双平,S,2524.0000,0.0000,0.0000,0.0000,0.0000,2525.0000,0.0000,0.0000,0.0000,0.0000,207,0,0,0,0,209,0,0,0,0
zc,WS301,2012-06-12 09:04:06.843,2525.0000,447274,-2,0.0000,28.0000,13,15,空平,B,2524.0000,0.0000,0.0000,0.0000,0.0000,2525.0000,0.0000,0.0000,0.0000,0.0000,204,0,0,0,0,121,0,0,0,0
zc,WS301,2012-06-12 09:04:07.297,2524.0000,447222,-52,0.0000,204.0000,76,128,多平,S,2524.0000,0.0000,0.0000,0.0000,0.0000,2525.0000,0.0000,0.0000,0.0000,0.0000,102,0,0,0,0,125,0,0,0,0
zc,WS301,2012-06-12 09:04:08.093,2524.0000,447360,138,0.0000,292.0000,215,77,空开,S,2524.0000,0.0000,0.0000,0.0000,0.0000,2525.0000,0.0000,0.0000,0.0000,0.0000,70,0,0,0,0,124,0,0,0,0
zc,WS301,2012-06-12 09:04:09.063,2524.0000,447356,-4,0.0000,4.0000,0,4,双平,S,2524.0000,0.0000,0.0000,0.0000,0.0000,2525.0000,0.0000,0.0000,0.0000,0.0000,69,0,0,0,0,124,0,0,0,0
zc,WS301,2012-06-12 09:04:09.797,2524.0000,447354,-2,0.0000,48.0000,23,25,多平,S,2524.0000,0.0000,0.0000,0.0000,0.0000,2525.0000,0.0000,0.0000,0.0000,0.0000,95,0,0,0,0,123,0,0,0,0
zc,WS301,2012-06-12 09:04:10.360,2524.0000,447340,-14,0.0000,74.0000,30,44,多平,S,2524.0000,0.0000,0.0000,0.0000,0.0000,2525.0000,0.0000,0.0000,0.0000,0.0000,79,0,0,0,0,102,0,0,0,0
zc,WS301,2012-06-12 09:04:11.093,2524.0000,447308,-32,0.0000,34.0000,1,33,多平,S,2524.0000,0.0000,0.0000,0.0000,0.0000,2525.0000,0.0000,0.0000,0.0000,0.0000,63,0,0,0,0,101,0,0,0,0
zc,WS301,2012-06-12 09:04:11.563,2524.0000,447274,-34,0.0000,82.0000,24,58,多平,S,2524.0000,0.0000,0.0000,0.0000,0.0000,2525.0000,0.0000,0.0000,0.0000,0.0000,57,0,0,0,0,8,0,0,0,0
zc,WS301,2012-06-12 09:04:12.047,2524.0000,447256,-18,0.0000,60.0000,21,39,多平,S,2524.0000,0.0000,0.0000,0.0000,0.0000,2525.0000,0.0000,0.0000,0.0000,0.0000,29,0,0,0,0,29,0,0,0,0
zc,WS301,2012-06-12 09:04:12.797,2524.0000,447206,-50,0.0000,102.0000,26,76,多平,S,2524.0000,0.0000,0.0000,0.0000,0.0000,2525.0000,0.0000,0.0000,0.0000,0.0000,30,0,0,0,0,2,0,0,0,0
zc,WS301,2012-06-12 09:04:13.343,2524.0000,447198,-8,0.0000,14.0000,3,11,多平,S,2524.0000,0.0000,0.0000,0.0000,0.0000,2525.0000,0.0000,0.0000,0.0000,0.0000,44,0,0,0,0,2,0,0,0,0
zc,WS301,2012-06-12 09:04:14.170,2524.0000,447196,-2,0.0000,10.0000,4,6,多平,S,2524.0000,0.0000,0.0000,0.0000,0.0000,2525.0000,0.0000,0.0000,0.0000,0.0000,39,0,0,0,0,7,0,0,0,0
zc,WS301,2012-06-12 09:04:14.623,2524.0000,447196,0,0.0000,8.0000,4,4,空换,S,2524.0000,0.0000,0.0000,0.0000,0.0000,2525.0000,0.0000,0.0000,0.0000,0.0000,37,0,0,0,0,7,0,0,0,0
zc,WS301,2012-06-12 09:04:15.360,2525.0000,447200,4,0.0000,4.0000,4,0,双开,B,2524.0000,0.0000,0.0000,0.0000,0.0000,2525.0000,0.0000,0.0000,0.0000,0.0000,36,0,0,0,0,6,0,0,0,0
zc,WS301,2012-06-12 09:04:15.890,2524.0000,447186,-14,0.0000,50.0000,18,32,多平,S,2524.0000,0.0000,0.0000,0.0000,0.0000,2526.0000,0.0000,0.0000,0.0000,0.0000,24,0,0,0,0,7,0,0,0,0
zc,WS301,2012-06-12 09:04:16.327,2524.0000,447184,-2,0.0000,2.0000,0,2,双平,S,2524.0000,0.0000,0.0000,0.0000,0.0000,2526.0000,0.0000,0.0000,0.0000,0.0000,23,0,0,0,0,7,0,0,0,0
zc,WS301,2012-06-12 09:04:16.827,2524.0000,447162,-22,0.0000,28.0000,3,25,多平,S,2524.0000,0.0000,0.0000,0.0000,0.0000,2526.0000,0.0000,0.0000,0.0000,0.0000,14,0,0,0,0,7,0,0,0,0
zc,WS301,2012-06-12 09:04:17.530,2524.0000,447162,0,0.0000,0.0000,0,0,空换,S,2524.0000,0.0000,0.0000,0.0000,0.0000,2526.0000,0.0000,0.0000,0.0000,0.0000,150,0,0,0,0,37,0,0,0,0
zc,WS301,2012-06-12 09:04:18.063,2524.0000,447146,-16,0.0000,24.0000,4,20,多平,S,2524.0000,0.0000,0.0000,0.0000,0.0000,2526.0000,0.0000,0.0000,0.0000,0.0000,141,0,0,0,0,112,0,0,0,0
zc,WS301,2012-06-12 09:04:18.563,2524.0000,447146,0,0.0000,14.0000,7,7,空换,S,2524.0000,0.0000,0.0000,0.0000,0.0000,2526.0000,0.0000,0.0000,0.0000,0.0000,140,0,0,0,0,123,0,0,0,0
zc,WS301,2012-06-12 09:04:19.343,2524.0000,447146,0,0.0000,0.0000,0,0,空换,S,2524.0000,0.0000,0.0000,0.0000,0.0000,2526.0000,0.0000,0.0000,0.0000,0.0000,141,0,0,0,0,124,0,0,0,0
zc,WS301,2012-06-12 09:04:19.843,2524.0000,447146,0,0.0000,2.0000,1,1,空换,S,2524.0000,0.0000,0.0000,0.0000,0.0000,2525.0000,0.0000,0.0000,0.0000,0.0000,141,0,0,0,0,1,0,0,0,0
zc,WS301,2012-06-12 09:04:20.327,2525.0000,447148,2,0.0000,10.0000,6,4,多开,B,2525.0000,0.0000,0.0000,0.0000,0.0000,2526.0000,0.0000,0.0000,0.0000,0.0000,15,0,0,0,0,124,0,0,0,0
zc,WS301,2012-06-12 09:04:20.843,2525.0000,447152,4,0.0000,4.0000,4,0,双开,B,2525.0000,0.0000,0.0000,0.0000,0.0000,2526.0000,0.0000,0.0000,0.0000,0.0000,13,0,0,0,0,124,0,0,0,0
zc,WS301,2012-06-12 09:04:21.593,2525.0000,447156,4,0.0000,20.0000,12,8,多开,B,2525.0000,0.0000,0.0000,0.0000,0.0000,2526.0000,0.0000,0.0000,0.0000,0.0000,4,0,0,0,0,127,0,0,0,0
zc,WS301,2012-06-12 09:04:22.797,2525.0000,447172,16,0.0000,16.0000,16,0,双开,B,2525.0000,0.0000,0.0000,0.0000,0.0000,2526.0000,0.0000,0.0000,0.0000,0.0000,16,0,0,0,0,52,0,0,0,0
zc,WS301,2012-06-12 09:04:23.390,2525.0000,447192,20,0.0000,26.0000,23,3,多开,B,2525.0000,0.0000,0.0000,0.0000,0.0000,2526.0000,0.0000,0.0000,0.0000,0.0000,60,0,0,0,0,55,0,0,0,0
zc,WS301,2012-06-12 09:04:24.110,2526.0000,447098,-94,0.0000,162.0000,34,128,空平,B,2525.0000,0.0000,0.0000,0.0000,0.0000,2526.0000,0.0000,0.0000,0.0000,0.0000,57,0,0,0,0,25,0,0,0,0
zc,WS301,2012-06-12 09:04:24.640,2525.0000,447090,-8,0.0000,26.0000,9,17,多平,S,2525.0000,0.0000,0.0000,0.0000,0.0000,2526.0000,0.0000,0.0000,0.0000,0.0000,46,0,0,0,0,70,0,0,0,0
zc,WS301,2012-06-12 09:04:25.063,2526.0000,447090,0,0.0000,10.0000,5,5,多换,B,2525.0000,0.0000,0.0000,0.0000,0.0000,2526.0000,0.0000,0.0000,0.0000,0.0000,46,0,0,0,0,70,0,0,0,0
zc,WS301,2012-06-12 09:04:25.860,2526.0000,447088,-2,0.0000,2.0000,0,2,双平,B,2525.0000,0.0000,0.0000,0.0000,0.0000,2526.0000,0.0000,0.0000,0.0000,0.0000,48,0,0,0,0,66,0,0,0,0
zc,WS301,2012-06-12 09:04:26.390,2525.0000,447088,0,0.0000,4.0000,2,2,空换,S,2525.0000,0.0000,0.0000,0.0000,0.0000,2526.0000,0.0000,0.0000,0.0000,0.0000,46,0,0,0,0,66,0,0,0,0
zc,WS301,2012-06-12 09:04:27.123,2525.0000,447088,0,0.0000,0.0000,0,0,空换,S,2525.0000,0.0000,0.0000,0.0000,0.0000,2526.0000,0.0000,0.0000,0.0000,0.0000,46,0,0,0,0,68,0,0,0,0
zc,WS301,2012-06-12 09:04:27.343,2526.0000,447088,0,0.0000,4.0000,2,2,多换,B,2525.0000,0.0000,0.0000,0.0000,0.0000,2526.0000,0.0000,0.0000,0.0000,0.0000,56,0,0,0,0,66,0,0,0,0
zc,WS301,2012-06-12 09:04:28.063,2525.0000,447088,0,0.0000,6.0000,3,3,空换,S,2525.0000,0.0000,0.0000,0.0000,0.0000,2526.0000,0.0000,0.0000,0.0000,0.0000,53,0,0,0,0,66,0,0,0,0
zc,WS301,2012-06-12 09:04:28.610,2525.0000,447088,0,0.0000,0.0000,0,0,空换,S,2525.0000,0.0000,0.0000,0.0000,0.0000,2526.0000,0.0000,0.0000,0.0000,0.0000,54,0,0,0,0,66,0,0,0,0
zc,WS301,2012-06-12 09:04:29.327,2525.0000,447088,0,0.0000,0.0000,0,0,空换,S,2525.0000,0.0000,0.0000,0.0000,0.0000,2526.0000,0.0000,0.0000,0.0000,0.0000,54,0,0,0,0,69,0,0,0,0
zc,WS301,2012-06-12 09:04:29.860,2526.0000,447088,0,0.0000,2.0000,1,1,多换,B,2525.0000,0.0000,0.0000,0.0000,0.0000,2526.0000,0.0000,0.0000,0.0000,0.0000,54,0,0,0,0,82,0,0,0,0
zc,WS301,2012-06-12 09:04:30.563,2525.0000,447088,0,0.0000,4.0000,2,2,空换,S,2525.0000,0.0000,0.0000,0.0000,0.0000,2526.0000,0.0000,0.0000,0.0000,0.0000,52,0,0,0,0,82,0,0,0,0
zc,WS301,2012-06-12 09:04:31.063,2525.0000,447088,0,0.0000,4.0000,2,2,空换,S,2525.0000,0.0000,0.0000,0.0000,0.0000,2526.0000,0.0000,0.0000,0.0000,0.0000,53,0,0,0,0,80,0,0,0,0
zc,WS301,2012-06-12 09:04:31.563,2525.0000,447088,0,0.0000,0.0000,0,0,空换,S,2525.0000,0.0000,0.0000,0.0000,0.0000,2526.0000,0.0000,0.0000,0.0000,0.0000,57,0,0,0,0,79,0,0,0,0
zc,WS301,2012-06-12 09:04:32.327,2525.0000,447088,0,0.0000,0.0000,0,0,空换,S,2525.0000,0.0000,0.0000,0.0000,0.0000,2526.0000,0.0000,0.0000,0.0000,0.0000,58,0,0,0,0,79,0,0,0,0
zc,WS301,2012-06-12 09:04:32.610,2525.0000,447088,0,0.0000,12.0000,6,6,空换,S,2525.0000,0.0000,0.0000,0.0000,0.0000,2526.0000,0.0000,0.0000,0.0000,0.0000,53,0,0,0,0,79,0,0,0,0
zc,WS301,2012-06-12 09:04:33.360,2525.0000,447088,0,0.0000,8.0000,4,4,空换,S,2525.0000,0.0000,0.0000,0.0000,0.0000,2526.0000,0.0000,0.0000,0.0000,0.0000,50,0,0,0,0,79,0,0,0,0
zc,WS301,2012-06-12 09:04:34.280,2525.0000,447100,12,0.0000,16.0000,14,2,空开,S,2525.0000,0.0000,0.0000,0.0000,0.0000,2526.0000,0.0000,0.0000,0.0000,0.0000,43,0,0,0,0,78,0,0,0,0
zc,WS301,2012-06-12 09:04:35.093,2525.0000,447100,0,0.0000,0.0000,0,0,空换,S,2525.0000,0.0000,0.0000,0.0000,0.0000,2526.0000,0.0000,0.0000,0.0000,0.0000,44,0,0,0,0,79,0,0,0,0
zc,WS301,2012-06-12 09:04:35.530,2525.0000,447100,0,0.0000,0.0000,0,0,空换,S,2525.0000,0.0000,0.0000,0.0000,0.0000,2526.0000,0.0000,0.0000,0.0000,0.0000,45,0,0,0,0,82,0,0,0,0
zc,WS301,2012-06-12 09:04:36.047,2526.0000,447100,0,0.0000,2.0000,1,1,多换,B,2525.0000,0.0000,0.0000,0.0000,0.0000,2526.0000,0.0000,0.0000,0.0000,0.0000,46,0,0,0,0,81,0,0,0,0
zc,WS301,2012-06-12 09:04:36.593,2526.0000,447100,0,0.0000,0.0000,0,0,多换,B,2525.0000,0.0000,0.0000,0.0000,0.0000,2526.0000,0.0000,0.0000,0.0000,0.0000,47,0,0,0,0,79,0,0,0,0
zc,WS301,2012-06-12 09:04:37.373,2525.0000,447120,20,0.0000,20.0000,20,0,双开,S,2525.0000,0.0000,0.0000,0.0000,0.0000,2526.0000,0.0000,0.0000,0.0000,0.0000,38,0,0,0,0,79,0,0,0,0
zc,WS301,2012-06-12 09:04:37.813,2525.0000,447120,0,0.0000,0.0000,0,0,空换,S,2525.0000,0.0000,0.0000,0.0000,0.0000,2526.0000,0.0000,0.0000,0.0000,0.0000,40,0,0,0,0,79,0,0,0,0
zc,WS301,2012-06-12 09:04:38.623,2525.0000,447120,0,0.0000,40.0000,20,20,空换,S,2525.0000,0.0000,0.0000,0.0000,0.0000,2526.0000,0.0000,0.0000,0.0000,0.0000,22,0,0,0,0,77,0,0,0,0
zc,WS301,2012-06-12 09:04:39.077,2525.0000,447120,0,0.0000,0.0000,0,0,空换,S,2525.0000,0.0000,0.0000,0.0000,0.0000,2526.0000,0.0000,0.0000,0.0000,0.0000,24,0,0,0,0,77,0,0,0,0
zc,WS301,2012-06-12 09:04:39.563,2526.0000,447118,-2,0.0000,2.0000,0,2,双平,B,2525.0000,0.0000,0.0000,0.0000,0.0000,2526.0000,0.0000,0.0000,0.0000,0.0000,29,0,0,0,0,79,0,0,0,0
zc,WS301,2012-06-12 09:04:40.297,2526.0000,447118,0,0.0000,2.0000,1,1,多换,B,2525.0000,0.0000,0.0000,0.0000,0.0000,2526.0000,0.0000,0.0000,0.0000,0.0000,29,0,0,0,0,75,0,0,0,0
zc,WS301,2012-06-12 09:04:40.813,2525.0000,447118,0,0.0000,2.0000,1,1,空换,S,2525.0000,0.0000,0.0000,0.0000,0.0000,2526.0000,0.0000,0.0000,0.0000,0.0000,29,0,0,0,0,74,0,0,0,0
zc,WS301,2012-06-12 09:04:41.373,2525.0000,447118,0,0.0000,0.0000,0,0,空换,S,2525.0000,0.0000,0.0000,0.0000,0.0000,2526.0000,0.0000,0.0000,0.0000,0.0000,29,0,0,0,0,78,0,0,0,0
zc,WS301,2012-06-12 09:04:41.827,2525.0000,447118,0,0.0000,2.0000,1,1,空换,S,2525.0000,0.0000,0.0000,0.0000,0.0000,2526.0000,0.0000,0.0000,0.0000,0.0000,38,0,0,0,0,78,0,0,0,0
zc,WS301,2012-06-12 09:04:43.093,2525.0000,447118,0,0.0000,2.0000,1,1,空换,S,2525.0000,0.0000,0.0000,0.0000,0.0000,2526.0000,0.0000,0.0000,0.0000,0.0000,95,0,0,0,0,82,0,0,0,0
zc,WS301,2012-06-12 09:04:43.610,2525.0000,447118,0,0.0000,0.0000,0,0,空换,S,2525.0000,0.0000,0.0000,0.0000,0.0000,2526.0000,0.0000,0.0000,0.0000,0.0000,97,0,0,0,0,82,0,0,0,0
zc,WS301,2012-06-12 09:04:44.343,2526.0000,446990,-128,0.0000,166.0000,19,147,空平,B,2526.0000,0.0000,0.0000,0.0000,0.0000,2527.0000,0.0000,0.0000,0.0000,0.0000,47,0,0,0,0,50,0,0,0,0
zc,WS301,2012-06-12 09:04:45.813,2526.0000,446990,0,0.0000,8.0000,4,4,多换,B,2526.0000,0.0000,0.0000,0.0000,0.0000,2527.0000,0.0000,0.0000,0.0000,0.0000,43,0,0,0,0,50,0,0,0,0
zc,WS301,2012-06-12 09:04:46.577,2526.0000,446970,-20,0.0000,20.0000,0,20,双平,B,2526.0000,0.0000,0.0000,0.0000,0.0000,2527.0000,0.0000,0.0000,0.0000,0.0000,36,0,0,0,0,50,0,0,0,0
zc,WS301,2012-06-12 09:04:47.123,2526.0000,446970,0,0.0000,10.0000,5,5,多换,B,2526.0000,0.0000,0.0000,0.0000,0.0000,2527.0000,0.0000,0.0000,0.0000,0.0000,32,0,0,0,0,48,0,0,0,0
zc,WS301,2012-06-12 09:04:48.390,2526.0000,446964,-6,0.0000,8.0000,1,7,空平,B,2526.0000,0.0000,0.0000,0.0000,0.0000,2527.0000,0.0000,0.0000,0.0000,0.0000,28,0,0,0,0,48,0,0,0,0
zc,WS301,2012-06-12 09:04:49.547,2526.0000,446928,-36,0.0000,76.0000,20,56,空平,B,2525.0000,0.0000,0.0000,0.0000,0.0000,2526.0000,0.0000,0.0000,0.0000,0.0000,145,0,0,0,0,2,0,0,0,0
zc,WS301,2012-06-12 09:04:50.030,2526.0000,446928,0,0.0000,0.0000,0,0,多换,B,2525.0000,0.0000,0.0000,0.0000,0.0000,2526.0000,0.0000,0.0000,0.0000,0.0000,143,0,0,0,0,3,0,0,0,0
zc,WS301,2012-06-12 09:04:50.780,2526.0000,446922,-6,0.0000,28.0000,11,17,空平,B,2525.0000,0.0000,0.0000,0.0000,0.0000,2526.0000,0.0000,0.0000,0.0000,0.0000,131,0,0,0,0,2,0,0,0,0
zc,WS301,2012-06-12 09:04:51.797,2526.0000,446922,0,0.0000,0.0000,0,0,多换,B,2525.0000,0.0000,0.0000,0.0000,0.0000,2526.0000,0.0000,0.0000,0.0000,0.0000,130,0,0,0,0,1,0,0,0,0
zc,WS301,2012-06-12 09:04:52.343,2526.0000,446920,-2,0.0000,8.0000,3,5,空平,B,2526.0000,0.0000,0.0000,0.0000,0.0000,2527.0000,0.0000,0.0000,0.0000,0.0000,13,0,0,0,0,40,0,0,0,0
zc,WS301,2012-06-12 09:04:52.797,2527.0000,446906,-14,0.0000,40.0000,13,27,空平,B,2526.0000,0.0000,0.0000,0.0000,0.0000,2527.0000,0.0000,0.0000,0.0000,0.0000,20,0,0,0,0,39,0,0,0,0
zc,WS301,2012-06-12 09:04:53.577,2526.0000,446932,26,0.0000,30.0000,28,2,空开,S,2526.0000,0.0000,0.0000,0.0000,0.0000,2527.0000,0.0000,0.0000,0.0000,0.0000,15,0,0,0,0,26,0,0,0,0
zc,WS301,2012-06-12 09:04:53.813,2526.0000,446932,0,0.0000,0.0000,0,0,空换,S,2526.0000,0.0000,0.0000,0.0000,0.0000,2527.0000,0.0000,0.0000,0.0000,0.0000,15,0,0,0,0,14,0,0,0,0
zc,WS301,2012-06-12 09:04:56.063,2527.0000,446932,0,0.0000,4.0000,2,2,多换,B,2526.0000,0.0000,0.0000,0.0000,0.0000,2527.0000,0.0000,0.0000,0.0000,0.0000,15,0,0,0,0,12,0,0,0,0
zc,WS301,2012-06-12 09:04:56.890,2526.0000,446936,4,0.0000,4.0000,4,0,双开,S,2526.0000,0.0000,0.0000,0.0000,0.0000,2527.0000,0.0000,0.0000,0.0000,0.0000,13,0,0,0,0,12,0,0,0,0
zc,WS301,2012-06-12 09:04:57.563,2527.0000,446940,4,0.0000,4.0000,4,0,双开,B,2526.0000,0.0000,0.0000,0.0000,0.0000,2527.0000,0.0000,0.0000,0.0000,0.0000,13,0,0,0,0,10,0,0,0,0
zc,WS301,2012-06-12 09:04:57.813,2527.0000,446940,0,0.0000,0.0000,0,0,多换,B,2526.0000,0.0000,0.0000,0.0000,0.0000,2527.0000,0.0000,0.0000,0.0000,0.0000,21,0,0,0,0,10,0,0,0,0
zc,WS301,2012-06-12 09:04:58.623,2526.0000,446948,8,0.0000,12.0000,10,2,空开,S,2526.0000,0.0000,0.0000,0.0000,0.0000,2527.0000,0.0000,0.0000,0.0000,0.0000,25,0,0,0,0,10,0,0,0,0
zc,WS301,2012-06-12 09:04:59.563,2526.0000,446948,0,0.0000,2.0000,1,1,空换,S,2526.0000,0.0000,0.0000,0.0000,0.0000,2527.0000,0.0000,0.0000,0.0000,0.0000,24,0,0,0,0,10,0,0,0,0
zc,WS301,2012-06-12 09:05:00.797,2526.0000,446948,0,0.0000,0.0000,0,0,空换,S,2526.0000,0.0000,0.0000,0.0000,0.0000,2527.0000,0.0000,0.0000,0.0000,0.0000,25,0,0,0,0,10,0,0,0,0
zc,WS301,2012-06-12 09:05:01.297,2527.0000,446948,0,0.0000,2.0000,1,1,多换,B,2526.0000,0.0000,0.0000,0.0000,0.0000,2527.0000,0.0000,0.0000,0.0000,0.0000,27,0,0,0,0,9,0,0,0,0
zc,WS301,2012-06-12 09:05:01.873,2527.0000,446936,-12,0.0000,20.0000,4,16,空平,B,2527.0000,0.0000,0.0000,0.0000,0.0000,2528.0000,0.0000,0.0000,0.0000,0.0000,90,0,0,0,0,146,0,0,0,0
zc,WS301,2012-06-12 09:05:02.827,2528.0000,446928,-8,0.0000,22.0000,7,15,空平,B,2527.0000,0.0000,0.0000,0.0000,0.0000,2528.0000,0.0000,0.0000,0.0000,0.0000,129,0,0,0,0,141,0,0,0,0
zc,WS301,2012-06-12 09:05:03.327,2528.0000,446928,0,0.0000,0.0000,0,0,多换,B,2527.0000,0.0000,0.0000,0.0000,0.0000,2528.0000,0.0000,0.0000,0.0000,0.0000,129,0,0,0,0,160,0,0,0,0
zc,WS301,2012-06-12 09:05:03.873,2528.0000,446928,0,0.0000,0.0000,0,0,多换,B,2527.0000,0.0000,0.0000,0.0000,0.0000,2528.0000,0.0000,0.0000,0.0000,0.0000,129,0,0,0,0,159,0,0,0,0
zc,WS301,2012-06-12 09:05:04.343,2527.0000,446926,-2,0.0000,4.0000,1,3,多平,S,2527.0000,0.0000,0.0000,0.0000,0.0000,2528.0000,0.0000,0.0000,0.0000,0.0000,127,0,0,0,0,159,0,0,0,0
zc,WS301,2012-06-12 09:05:05.157,2527.0000,446926,0,0.0000,2.0000,1,1,空换,S,2527.0000,0.0000,0.0000,0.0000,0.0000,2528.0000,0.0000,0.0000,0.0000,0.0000,126,0,0,0,0,161,0,0,0,0
zc,WS301,2012-06-12 09:05:05.530,2527.0000,446926,0,0.0000,2.0000,1,1,空换,S,2527.0000,0.0000,0.0000,0.0000,0.0000,2528.0000,0.0000,0.0000,0.0000,0.0000,125,0,0,0,0,161,0,0,0,0
zc,WS301,2012-06-12 09:05:06.063,2527.0000,446926,0,0.0000,0.0000,0,0,空换,S,2527.0000,0.0000,0.0000,0.0000,0.0000,2528.0000,0.0000,0.0000,0.0000,0.0000,128,0,0,0,0,158,0,0,0,0
zc,WS301,2012-06-12 09:05:06.610,2528.0000,446920,-6,0.0000,10.0000,2,8,空平,B,2527.0000,0.0000,0.0000,0.0000,0.0000,2528.0000,0.0000,0.0000,0.0000,0.0000,124,0,0,0,0,157,0,0,0,0
zc,WS301,2012-06-12 09:05:08.297,2528.0000,446920,0,0.0000,0.0000,0,0,多换,B,2527.0000,0.0000,0.0000,0.0000,0.0000,2528.0000,0.0000,0.0000,0.0000,0.0000,126,0,0,0,0,157,0,0,0,0
zc,WS301,2012-06-12 09:05:09.047,2528.0000,446920,0,0.0000,0.0000,0,0,多换,B,2527.0000,0.0000,0.0000,0.0000,0.0000,2528.0000,0.0000,0.0000,0.0000,0.0000,126,0,0,0,0,155,0,0,0,0
zc,WS301,2012-06-12 09:05:10.063,2528.0000,446922,2,0.0000,2.0000,2,0,双开,B,2527.0000,0.0000,0.0000,0.0000,0.0000,2528.0000,0.0000,0.0000,0.0000,0.0000,126,0,0,0,0,154,0,0,0,0
zc,WS301,2012-06-12 09:05:10.577,2528.0000,446924,2,0.0000,2.0000,2,0,双开,B,2527.0000,0.0000,0.0000,0.0000,0.0000,2528.0000,0.0000,0.0000,0.0000,0.0000,126,0,0,0,0,154,0,0,0,0
zc,WS301,2012-06-12 09:05:11.077,2528.0000,446926,2,0.0000,2.0000,2,0,双开,B,2527.0000,0.0000,0.0000,0.0000,0.0000,2528.0000,0.0000,0.0000,0.0000,0.0000,126,0,0,0,0,153,0,0,0,0
zc,WS301,2012-06-12 09:05:12.360,2528.0000,446926,0,0.0000,0.0000,0,0,多换,B,2527.0000,0.0000,0.0000,0.0000,0.0000,2528.0000,0.0000,0.0000,0.0000,0.0000,127,0,0,0,0,143,0,0,0,0
zc,WS301,2012-06-12 09:05:13.063,2527.0000,446926,0,0.0000,40.0000,20,20,空换,S,2527.0000,0.0000,0.0000,0.0000,0.0000,2528.0000,0.0000,0.0000,0.0000,0.0000,106,0,0,0,0,144,0,0,0,0
zc,WS301,2012-06-12 09:05:13.577,2528.0000,446926,0,0.0000,4.0000,2,2,多换,B,2527.0000,0.0000,0.0000,0.0000,0.0000,2528.0000,0.0000,0.0000,0.0000,0.0000,105,0,0,0,0,143,0,0,0,0
zc,WS301,2012-06-12 09:05:14.093,2527.0000,446926,0,0.0000,4.0000,2,2,空换,S,2527.0000,0.0000,0.0000,0.0000,0.0000,2528.0000,0.0000,0.0000,0.0000,0.0000,102,0,0,0,0,141,0,0,0,0
zc,WS301,2012-06-12 09:05:14.547,2527.0000,446926,0,0.0000,0.0000,0,0,空换,S,2527.0000,0.0000,0.0000,0.0000,0.0000,2528.0000,0.0000,0.0000,0.0000,0.0000,102,0,0,0,0,171,0,0,0,0
zc,WS301,2012-06-12 09:05:15.313,2527.0000,446926,0,0.0000,0.0000,0,0,空换,S,2527.0000,0.0000,0.0000,0.0000,0.0000,2528.0000,0.0000,0.0000,0.0000,0.0000,103,0,0,0,0,170,0,0,0,0
zc,WS301,2012-06-12 09:05:15.843,2527.0000,446926,0,0.0000,0.0000,0,0,空换,S,2527.0000,0.0000,0.0000,0.0000,0.0000,2528.0000,0.0000,0.0000,0.0000,0.0000,107,0,0,0,0,168,0,0,0,0
zc,WS301,2012-06-12 09:05:16.343,2527.0000,446926,0,0.0000,0.0000,0,0,空换,S,2527.0000,0.0000,0.0000,0.0000,0.0000,2528.0000,0.0000,0.0000,0.0000,0.0000,104,0,0,0,0,171,0,0,0,0
zc,WS301,2012-06-12 09:05:17.093,2528.0000,446986,60,0.0000,60.0000,60,0,双开,B,2527.0000,0.0000,0.0000,0.0000,0.0000,2528.0000,0.0000,0.0000,0.0000,0.0000,104,0,0,0,0,141,0,0,0,0
zc,WS301,2012-06-12 09:05:17.517,2528.0000,446986,0,0.0000,4.0000,2,2,多换,B,2527.0000,0.0000,0.0000,0.0000,0.0000,2528.0000,0.0000,0.0000,0.0000,0.0000,106,0,0,0,0,139,0,0,0,0
zc,WS301,2012-06-12 09:05:18.343,2528.0000,446986,0,0.0000,0.0000,0,0,多换,B,2527.0000,0.0000,0.0000,0.0000,0.0000,2528.0000,0.0000,0.0000,0.0000,0.0000,106,0,0,0,0,137,0,0,0,0
zc,WS301,2012-06-12 09:05:18.780,2527.0000,446986,0,0.0000,4.0000,2,2,空换,S,2527.0000,0.0000,0.0000,0.0000,0.0000,2528.0000,0.0000,0.0000,0.0000,0.0000,104,0,0,0,0,136,0,0,0,0
zc,WS301,2012-06-12 09:05:19.327,2527.0000,446986,0,0.0000,0.0000,0,0,空换,S,2527.0000,0.0000,0.0000,0.0000,0.0000,2528.0000,0.0000,0.0000,0.0000,0.0000,104,0,0,0,0,137,0,0,0,0
zc,WS301,2012-06-12 09:05:19.797,2527.0000,446984,-2,0.0000,2.0000,0,2,双平,S,2527.0000,0.0000,0.0000,0.0000,0.0000,2528.0000,0.0000,0.0000,0.0000,0.0000,107,0,0,0,0,137,0,0,0,0
zc,WS301,2012-06-12 09:05:20.563,2528.0000,446990,6,0.0000,6.0000,6,0,双开,B,2527.0000,0.0000,0.0000,0.0000,0.0000,2528.0000,0.0000,0.0000,0.0000,0.0000,106,0,0,0,0,134,0,0,0,0
zc,WS301,2012-06-12 09:05:21.047,2527.0000,446984,-6,0.0000,6.0000,0,6,双平,S,2527.0000,0.0000,0.0000,0.0000,0.0000,2528.0000,0.0000,0.0000,0.0000,0.0000,103,0,0,0,0,136,0,0,0,0
zc,WS301,2012-06-12 09:05:21.563,2528.0000,446996,12,0.0000,14.0000,13,1,多开,B,2527.0000,0.0000,0.0000,0.0000,0.0000,2528.0000,0.0000,0.0000,0.0000,0.0000,108,0,0,0,0,131,0,0,0,0
zc,WS301,2012-06-12 09:05:22.860,2528.0000,446998,2,0.0000,2.0000,2,0,双开,B,2527.0000,0.0000,0.0000,0.0000,0.0000,2528.0000,0.0000,0.0000,0.0000,0.0000,108,0,0,0,0,130,0,0,0,0
zc,WS301,2012-06-12 09:05:23.343,2527.0000,446998,0,0.0000,2.0000,1,1,空换,S,2527.0000,0.0000,0.0000,0.0000,0.0000,2528.0000,0.0000,0.0000,0.0000,0.0000,112,0,0,0,0,130,0,0,0,0
zc,WS301,2012-06-12 09:05:23.813,2528.0000,447000,2,0.0000,2.0000,2,0,双开,B,2527.0000,0.0000,0.0000,0.0000,0.0000,2528.0000,0.0000,0.0000,0.0000,0.0000,112,0,0,0,0,135,0,0,0,0
zc,WS301,2012-06-12 09:05:24.563,2528.0000,447002,2,0.0000,2.0000,2,0,双开,B,2527.0000,0.0000,0.0000,0.0000,0.0000,2528.0000,0.0000,0.0000,0.0000,0.0000,114,0,0,0,0,134,0,0,0,0
zc,WS301,2012-06-12 09:05:25.047,2528.0000,447002,0,0.0000,4.0000,2,2,多换,B,2527.0000,0.0000,0.0000,0.0000,0.0000,2528.0000,0.0000,0.0000,0.0000,0.0000,113,0,0,0,0,133,0,0,0,0
zc,WS301,2012-06-12 09:05:25.547,2528.0000,447002,0,0.0000,0.0000,0,0,多换,B,2527.0000,0.0000,0.0000,0.0000,0.0000,2528.0000,0.0000,0.0000,0.0000,0.0000,113,0,0,0,0,126,0,0,0,0
zc,WS301,2012-06-12 09:05:26.373,2527.0000,446984,-18,0.0000,18.0000,0,18,双平,S,2527.0000,0.0000,0.0000,0.0000,0.0000,2528.0000,0.0000,0.0000,0.0000,0.0000,104,0,0,0,0,126,0,0,0,0
zc,WS301,2012-06-12 09:05:26.843,2527.0000,446978,-6,0.0000,6.0000,0,6,双平,S,2527.0000,0.0000,0.0000,0.0000,0.0000,2528.0000,0.0000,0.0000,0.0000,0.0000,101,0,0,0,0,126,0,0,0,0
zc,WS301,2012-06-12 09:05:27.563,2527.0000,446978,0,0.0000,0.0000,0,0,空换,S,2527.0000,0.0000,0.0000,0.0000,0.0000,2528.0000,0.0000,0.0000,0.0000,0.0000,121,0,0,0,0,126,0,0,0,0
zc,WS301,2012-06-12 09:05:28.123,2527.0000,446978,0,0.0000,0.0000,0,0,空换,S,2527.0000,0.0000,0.0000,0.0000,0.0000,2528.0000,0.0000,0.0000,0.0000,0.0000,121,0,0,0,0,128,0,0,0,0
zc,WS301,2012-06-12 09:05:28.890,2527.0000,446968,-10,0.0000,14.0000,2,12,多平,S,2527.0000,0.0000,0.0000,0.0000,0.0000,2528.0000,0.0000,0.0000,0.0000,0.0000,116,0,0,0,0,131,0,0,0,0
zc,WS301,2012-06-12 09:05:29.327,2528.0000,446970,2,0.0000,2.0000,2,0,双开,B,2527.0000,0.0000,0.0000,0.0000,0.0000,2528.0000,0.0000,0.0000,0.0000,0.0000,122,0,0,0,0,130,0,0,0,0
zc,WS301,2012-06-12 09:05:29.827,2527.0000,446966,-4,0.0000,4.0000,0,4,双平,S,2527.0000,0.0000,0.0000,0.0000,0.0000,2528.0000,0.0000,0.0000,0.0000,0.0000,120,0,0,0,0,131,0,0,0,0
zc,WS301,2012-06-12 09:05:31.077,2527.0000,446958,-8,0.0000,16.0000,4,12,多平,S,2527.0000,0.0000,0.0000,0.0000,0.0000,2528.0000,0.0000,0.0000,0.0000,0.0000,142,0,0,0,0,131,0,0,0,0
zc,WS301,2012-06-12 09:05:32.077,2528.0000,446998,40,0.0000,40.0000,40,0,双开,B,2527.0000,0.0000,0.0000,0.0000,0.0000,2528.0000,0.0000,0.0000,0.0000,0.0000,143,0,0,0,0,110,0,0,0,0
zc,WS301,2012-06-12 09:05:32.767,2528.0000,446998,0,0.0000,0.0000,0,0,多换,B,2527.0000,0.0000,0.0000,0.0000,0.0000,2528.0000,0.0000,0.0000,0.0000,0.0000,144,0,0,0,0,110,0,0,0,0
zc,WS301,2012-06-12 09:05:33.313,2527.0000,446996,-2,0.0000,6.0000,2,4,多平,S,2527.0000,0.0000,0.0000,0.0000,0.0000,2528.0000,0.0000,0.0000,0.0000,0.0000,142,0,0,0,0,113,0,0,0,0
zc,WS301,2012-06-12 09:05:34.063,2527.0000,446956,-40,0.0000,204.0000,82,122,多平,S,2527.0000,0.0000,0.0000,0.0000,0.0000,2528.0000,0.0000,0.0000,0.0000,0.0000,40,0,0,0,0,113,0,0,0,0
zc,WS301,2012-06-12 09:05:34.563,2527.0000,446956,0,0.0000,0.0000,0,0,空换,S,2527.0000,0.0000,0.0000,0.0000,0.0000,2528.0000,0.0000,0.0000,0.0000,0.0000,40,0,0,0,0,114,0,0,0,0
zc,WS301,2012-06-12 09:05:35.077,2527.0000,446956,0,0.0000,0.0000,0,0,空换,S,2527.0000,0.0000,0.0000,0.0000,0.0000,2528.0000,0.0000,0.0000,0.0000,0.0000,43,0,0,0,0,114,0,0,0,0
zc,WS301,2012-06-12 09:05:35.623,2527.0000,446968,12,0.0000,12.0000,12,0,双开,S,2527.0000,0.0000,0.0000,0.0000,0.0000,2528.0000,0.0000,0.0000,0.0000,0.0000,38,0,0,0,0,114,0,0,0,0
zc,WS301,2012-06-12 09:05:36.297,2527.0000,446968,0,0.0000,0.0000,0,0,空换,S,2527.0000,0.0000,0.0000,0.0000,0.0000,2528.0000,0.0000,0.0000,0.0000,0.0000,39,0,0,0,0,114,0,0,0,0
zc,WS301,2012-06-12 09:05:36.813,2527.0000,446960,-8,0.0000,14.0000,3,11,多平,S,2527.0000,0.0000,0.0000,0.0000,0.0000,2528.0000,0.0000,0.0000,0.0000,0.0000,33,0,0,0,0,113,0,0,0,0
zc,WS301,2012-06-12 09:05:37.827,2527.0000,446952,-8,0.0000,12.0000,2,10,多平,S,2527.0000,0.0000,0.0000,0.0000,0.0000,2528.0000,0.0000,0.0000,0.0000,0.0000,28,0,0,0,0,112,0,0,0,0
zc,WS301,2012-06-12 09:05:38.327,2527.0000,446964,12,0.0000,56.0000,34,22,空开,S,2526.0000,0.0000,0.0000,0.0000,0.0000,2527.0000,0.0000,0.0000,0.0000,0.0000,199,0,0,0,0,12,0,0,0,0
zc,WS301,2012-06-12 09:05:39.077,2526.0000,446970,6,0.0000,6.0000,6,0,双开,S,2526.0000,0.0000,0.0000,0.0000,0.0000,2527.0000,0.0000,0.0000,0.0000,0.0000,196,0,0,0,0,12,0,0,0,0
zc,WS301,2012-06-12 09:05:39.593,2526.0000,446972,2,0.0000,8.0000,5,3,空开,S,2526.0000,0.0000,0.0000,0.0000,0.0000,2527.0000,0.0000,0.0000,0.0000,0.0000,195,0,0,0,0,19,0,0,0,0
zc,WS301,2012-06-12 09:05:40.313,2527.0000,446972,0,0.0000,4.0000,2,2,多换,B,2526.0000,0.0000,0.0000,0.0000,0.0000,2527.0000,0.0000,0.0000,0.0000,0.0000,195,0,0,0,0,21,0,0,0,0
zc,WS301,2012-06-12 09:05:40.780,2527.0000,446972,0,0.0000,0.0000,0,0,多换,B,2526.0000,0.0000,0.0000,0.0000,0.0000,2527.0000,0.0000,0.0000,0.0000,0.0000,195,0,0,0,0,22,0,0,0,0
zc,WS301,2012-06-12 09:05:41.313,2527.0000,446972,0,0.0000,10.0000,5,5,多换,B,2526.0000,0.0000,0.0000,0.0000,0.0000,2527.0000,0.0000,0.0000,0.0000,0.0000,190,0,0,0,0,21,0,0,0,0
zc,WS301,2012-06-12 09:05:42.123,2527.0000,446972,0,0.0000,4.0000,2,2,多换,B,2526.0000,0.0000,0.0000,0.0000,0.0000,2527.0000,0.0000,0.0000,0.0000,0.0000,191,0,0,0,0,20,0,0,0,0
zc,WS301,2012-06-12 09:05:42.297,2527.0000,446972,0,0.0000,2.0000,1,1,多换,B,2526.0000,0.0000,0.0000,0.0000,0.0000,2527.0000,0.0000,0.0000,0.0000,0.0000,191,0,0,0,0,20,0,0,0,0
zc,WS301,2012-06-12 09:05:43.093,2527.0000,446972,0,0.0000,0.0000,0,0,多换,B,2526.0000,0.0000,0.0000,0.0000,0.0000,2527.0000,0.0000,0.0000,0.0000,0.0000,191,0,0,0,0,25,0,0,0,0
zc,WS301,2012-06-12 09:05:43.297,2527.0000,446970,-2,0.0000,2.0000,0,2,双平,B,2526.0000,0.0000,0.0000,0.0000,0.0000,2527.0000,0.0000,0.0000,0.0000,0.0000,191,0,0,0,0,24,0,0,0,0
zc,WS301,2012-06-12 09:05:44.813,2527.0000,446970,0,0.0000,0.0000,0,0,多换,B,2526.0000,0.0000,0.0000,0.0000,0.0000,2527.0000,0.0000,0.0000,0.0000,0.0000,191,0,0,0,0,32,0,0,0,0
zc,WS301,2012-06-12 09:05:45.047,2527.0000,446970,0,0.0000,4.0000,2,2,多换,B,2526.0000,0.0000,0.0000,0.0000,0.0000,2527.0000,0.0000,0.0000,0.0000,0.0000,191,0,0,0,0,30,0,0,0,0
zc,WS301,2012-06-12 09:05:45.860,2527.0000,446970,0,0.0000,0.0000,0,0,多换,B,2526.0000,0.0000,0.0000,0.0000,0.0000,2527.0000,0.0000,0.0000,0.0000,0.0000,191,0,0,0,0,130,0,0,0,0
zc,WS301,2012-06-12 09:05:46.343,2526.0000,446968,-2,0.0000,8.0000,3,5,多平,S,2526.0000,0.0000,0.0000,0.0000,0.0000,2527.0000,0.0000,0.0000,0.0000,0.0000,187,0,0,0,0,130,0,0,0,0
zc,WS301,2012-06-12 09:05:47.093,2527.0000,446968,0,0.0000,2.0000,1,1,多换,B,2526.0000,0.0000,0.0000,0.0000,0.0000,2527.0000,0.0000,0.0000,0.0000,0.0000,187,0,0,0,0,129,0,0,0,0
zc,WS301,2012-06-12 09:05:47.563,2526.0000,446984,16,0.0000,16.0000,16,0,双开,S,2526.0000,0.0000,0.0000,0.0000,0.0000,2527.0000,0.0000,0.0000,0.0000,0.0000,189,0,0,0,0,129,0,0,0,0
zc,WS301,2012-06-12 09:05:48.373,2526.0000,446984,0,0.0000,2.0000,1,1,空换,S,2526.0000,0.0000,0.0000,0.0000,0.0000,2527.0000,0.0000,0.0000,0.0000,0.0000,189,0,0,0,0,129,0,0,0,0
zc,WS301,2012-06-12 09:05:48.843,2526.0000,446984,0,0.0000,8.0000,4,4,空换,S,2526.0000,0.0000,0.0000,0.0000,0.0000,2527.0000,0.0000,0.0000,0.0000,0.0000,184,0,0,0,0,129,0,0,0,0
zc,WS301,2012-06-12 09:05:49.373,2526.0000,446984,0,0.0000,0.0000,0,0,空换,S,2526.0000,0.0000,0.0000,0.0000,0.0000,2527.0000,0.0000,0.0000,0.0000,0.0000,202,0,0,0,0,129,0,0,0,0
zc,WS301,2012-06-12 09:05:50.030,2526.0000,446984,0,0.0000,2.0000,1,1,空换,S,2526.0000,0.0000,0.0000,0.0000,0.0000,2527.0000,0.0000,0.0000,0.0000,0.0000,207,0,0,0,0,129,0,0,0,0
zc,WS301,2012-06-12 09:05:50.547,2527.0000,446986,2,0.0000,2.0000,2,0,双开,B,2526.0000,0.0000,0.0000,0.0000,0.0000,2527.0000,0.0000,0.0000,0.0000,0.0000,207,0,0,0,0,128,0,0,0,0
zc,WS301,2012-06-12 09:05:51.343,2526.0000,446970,-16,0.0000,20.0000,2,18,多平,S,2526.0000,0.0000,0.0000,0.0000,0.0000,2527.0000,0.0000,0.0000,0.0000,0.0000,217,0,0,0,0,149,0,0,0,0
zc,WS301,2012-06-12 09:05:51.547,2526.0000,446970,0,0.0000,0.0000,0,0,空换,S,2526.0000,0.0000,0.0000,0.0000,0.0000,2527.0000,0.0000,0.0000,0.0000,0.0000,218,0,0,0,0,149,0,0,0,0
zc,WS301,2012-06-12 09:05:52.280,2526.0000,446968,-2,0.0000,2.0000,0,2,双平,S,2526.0000,0.0000,0.0000,0.0000,0.0000,2527.0000,0.0000,0.0000,0.0000,0.0000,217,0,0,0,0,149,0,0,0,0
zc,WS301,2012-06-12 09:05:53.563,2526.0000,446968,0,0.0000,0.0000,0,0,空换,S,2526.0000,0.0000,0.0000,0.0000,0.0000,2527.0000,0.0000,0.0000,0.0000,0.0000,217,0,0,0,0,150,0,0,0,0
zc,WS301,2012-06-12 09:05:54.640,2526.0000,446966,-2,0.0000,2.0000,0,2,双平,S,2526.0000,0.0000,0.0000,0.0000,0.0000,2527.0000,0.0000,0.0000,0.0000,0.0000,216,0,0,0,0,155,0,0,0,0
zc,WS301,2012-06-12 09:05:55.813,2526.0000,446966,0,0.0000,0.0000,0,0,空换,S,2526.0000,0.0000,0.0000,0.0000,0.0000,2527.0000,0.0000,0.0000,0.0000,0.0000,217,0,0,0,0,155,0,0,0,0
zc,WS301,2012-06-12 09:05:56.267,2526.0000,446964,-2,0.0000,2.0000,0,2,双平,S,2526.0000,0.0000,0.0000,0.0000,0.0000,2527.0000,0.0000,0.0000,0.0000,0.0000,217,0,0,0,0,155,0,0,0,0
zc,WS301,2012-06-12 09:05:56.797,2526.0000,446960,-4,0.0000,4.0000,0,4,双平,S,2526.0000,0.0000,0.0000,0.0000,0.0000,2527.0000,0.0000,0.0000,0.0000,0.0000,215,0,0,0,0,155,0,0,0,0
zc,WS301,2012-06-12 09:05:57.813,2526.0000,446940,-20,0.0000,42.0000,11,31,多平,S,2526.0000,0.0000,0.0000,0.0000,0.0000,2527.0000,0.0000,0.0000,0.0000,0.0000,198,0,0,0,0,156,0,0,0,0
zc,WS301,2012-06-12 09:05:58.517,2526.0000,446940,0,0.0000,6.0000,3,3,空换,S,2526.0000,0.0000,0.0000,0.0000,0.0000,2527.0000,0.0000,0.0000,0.0000,0.0000,195,0,0,0,0,161,0,0,0,0
zc,WS301,2012-06-12 09:06:00.280,2526.0000,446940,0,0.0000,0.0000,0,0,空换,S,2526.0000,0.0000,0.0000,0.0000,0.0000,2527.0000,0.0000,0.0000,0.0000,0.0000,205,0,0,0,0,162,0,0,0,0
zc,WS301,2012-06-12 09:06:00.843,2526.0000,446940,0,0.0000,0.0000,0,0,空换,S,2526.0000,0.0000,0.0000,0.0000,0.0000,2527.0000,0.0000,0.0000,0.0000,0.0000,205,0,0,0,0,160,0,0,0,0
zc,WS301,2012-06-12 09:06:01.297,2526.0000,446940,0,0.0000,2.0000,1,1,空换,S,2526.0000,0.0000,0.0000,0.0000,0.0000,2527.0000,0.0000,0.0000,0.0000,0.0000,214,0,0,0,0,161,0,0,0,0
zc,WS301,2012-06-12 09:06:01.860,2526.0000,446942,2,0.0000,2.0000,2,0,双开,S,2526.0000,0.0000,0.0000,0.0000,0.0000,2527.0000,0.0000,0.0000,0.0000,0.0000,218,0,0,0,0,160,0,0,0,0
zc,WS301,2012-06-12 09:06:02.577,2526.0000,446942,0,0.0000,0.0000,0,0,空换,S,2526.0000,0.0000,0.0000,0.0000,0.0000,2527.0000,0.0000,0.0000,0.0000,0.0000,218,0,0,0,0,161,0,0,0,0
zc,WS301,2012-06-12 09:06:03.140,2526.0000,446942,0,0.0000,0.0000,0,0,空换,S,2526.0000,0.0000,0.0000,0.0000,0.0000,2527.0000,0.0000,0.0000,0.0000,0.0000,226,0,0,0,0,161,0,0,0,0
zc,WS301,2012-06-12 09:06:03.780,2526.0000,446942,0,0.0000,0.0000,0,0,空换,S,2526.0000,0.0000,0.0000,0.0000,0.0000,2527.0000,0.0000,0.0000,0.0000,0.0000,227,0,0,0,0,161,0,0,0,0
zc,WS301,2012-06-12 09:06:04.280,2526.0000,446942,0,0.0000,2.0000,1,1,空换,S,2526.0000,0.0000,0.0000,0.0000,0.0000,2527.0000,0.0000,0.0000,0.0000,0.0000,226,0,0,0,0,162,0,0,0,0
zc,WS301,2012-06-12 09:06:04.780,2526.0000,446942,0,0.0000,0.0000,0,0,空换,S,2526.0000,0.0000,0.0000,0.0000,0.0000,2527.0000,0.0000,0.0000,0.0000,0.0000,226,0,0,0,0,166,0,0,0,0
zc,WS301,2012-06-12 09:06:05.563,2526.0000,446944,2,0.0000,6.0000,4,2,空开,S,2526.0000,0.0000,0.0000,0.0000,0.0000,2527.0000,0.0000,0.0000,0.0000,0.0000,223,0,0,0,0,160,0,0,0,0
zc,WS301,2012-06-12 09:06:07.327,2526.0000,446948,4,0.0000,44.0000,24,20,空开,S,2526.0000,0.0000,0.0000,0.0000,0.0000,2527.0000,0.0000,0.0000,0.0000,0.0000,221,0,0,0,0,148,0,0,0,0
zc,WS301,2012-06-12 09:06:07.843,2526.0000,446952,4,0.0000,36.0000,20,16,空开,S,2526.0000,0.0000,0.0000,0.0000,0.0000,2527.0000,0.0000,0.0000,0.0000,0.0000,203,0,0,0,0,150,0,0,0,0
