市场代码,合约代码,时间,最新,持仓,增仓,成交额,成交量,开仓,平仓,成交类型,方向,买一价,买二价,买三价,买四价,买五价,卖一价,卖二价,卖三价,卖四价,卖五价,买一量,买二量,买三量,买四量,买五量,卖一量,卖二量,卖三量,卖四量,卖五量
zc,WT209,2012-06-12 07:43:37.373,0.0000,3788,0,0.0000,0.0000,0,0,空换,S,0.0000,0.0000,0.0000,0.0000,0.0000,0.0000,0.0000,0.0000,0.0000,0.0000,0,0,0,0,0,0,0,0,0,0
zc,WT209,2012-06-12 08:00:19.313,0.0000,3788,0,0.0000,0.0000,0,0,空换,S,0.0000,0.0000,0.0000,0.0000,0.0000,0.0000,0.0000,0.0000,0.0000,0.0000,0,0,0,0,0,0,0,0,0,0
zc,WT209,2012-06-12 08:02:19.313,0.0000,3788,0,0.0000,0.0000,0,0,空换,S,0.0000,0.0000,0.0000,0.0000,0.0000,0.0000,0.0000,0.0000,0.0000,0.0000,0,0,0,0,0,0,0,0,0,0
zc,WT209,2012-06-12 08:04:19.313,0.0000,3788,0,0.0000,0.0000,0,0,空换,S,0.0000,0.0000,0.0000,0.0000,0.0000,0.0000,0.0000,0.0000,0.0000,0.0000,0,0,0,0,0,0,0,0,0,0
zc,WT209,2012-06-12 08:05:19.313,0.0000,3788,0,0.0000,0.0000,0,0,空换,S,0.0000,0.0000,0.0000,0.0000,0.0000,0.0000,0.0000,0.0000,0.0000,0.0000,0,0,0,0,0,0,0,0,0,0
zc,WT209,2012-06-12 08:15:19.297,0.0000,3788,0,0.0000,0.0000,0,0,空换,S,0.0000,0.0000,0.0000,0.0000,0.0000,0.0000,0.0000,0.0000,0.0000,0.0000,0,0,0,0,0,0,0,0,0,0
zc,WT209,2012-06-12 08:25:19.297,0.0000,3788,0,0.0000,0.0000,0,0,空换,S,0.0000,0.0000,0.0000,0.0000,0.0000,0.0000,0.0000,0.0000,0.0000,0.0000,0,0,0,0,0,0,0,0,0,0
zc,WT209,2012-06-12 08:34:19.297,0.0000,3788,0,0.0000,0.0000,0,0,空换,S,0.0000,0.0000,0.0000,0.0000,0.0000,0.0000,0.0000,0.0000,0.0000,0.0000,0,0,0,0,0,0,0,0,0,0
zc,WT209,2012-06-12 08:55:44.750,0.0000,3788,0,0.0000,0.0000,0,0,空换,S,0.0000,0.0000,0.0000,0.0000,0.0000,0.0000,0.0000,0.0000,0.0000,0.0000,0,0,0,0,0,0,0,0,0,0
zc,WT209,2012-06-12 09:00:03.767,2169.0000,3794,6,0.0000,18.0000,12,6,多开,B,2164.0000,0.0000,0.0000,0.0000,0.0000,2169.0000,0.0000,0.0000,0.0000,0.0000,4,0,0,0,0,7,0,0,0,0
zc,WT209,2012-06-12 09:00:05.983,2169.0000,3794,0,0.0000,0.0000,0,0,多换,B,2164.0000,0.0000,0.0000,0.0000,0.0000,2168.0000,0.0000,0.0000,0.0000,0.0000,4,0,0,0,0,1,0,0,0,0
zc,WT209,2012-06-12 09:00:08.467,2169.0000,3794,0,0.0000,0.0000,0,0,多换,B,2165.0000,0.0000,0.0000,0.0000,0.0000,2168.0000,0.0000,0.0000,0.0000,0.0000,2,0,0,0,0,1,0,0,0,0
zc,WT209,2012-06-12 09:00:14.437,2169.0000,3794,0,0.0000,0.0000,0,0,多换,B,2165.0000,0.0000,0.0000,0.0000,0.0000,2168.0000,0.0000,0.0000,0.0000,0.0000,2,0,0,0,0,2,0,0,0,0
zc,WT209,2012-06-12 09:00:23.670,2165.0000,3794,0,0.0000,4.0000,2,2,空换,S,2164.0000,0.0000,0.0000,0.0000,0.0000,2165.0000,0.0000,0.0000,0.0000,0.0000,13,0,0,0,0,3,0,0,0,0
zc,WT209,2012-06-12 09:00:29.983,2165.0000,3794,0,0.0000,4.0000,2,2,空换,S,2164.0000,0.0000,0.0000,0.0000,0.0000,2165.0000,0.0000,0.0000,0.0000,0.0000,13,0,0,0,0,1,0,0,0,0
zc,WT209,2012-06-12 09:00:44.610,2165.0000,3796,2,0.0000,2.0000,2,0,双开,S,2164.0000,0.0000,0.0000,0.0000,0.0000,2168.0000,0.0000,0.0000,0.0000,0.0000,13,0,0,0,0,3,0,0,0,0
zc,WT209,2012-06-12 09:01:01.920,2165.0000,3796,0,0.0000,0.0000,0,0,空换,S,2165.0000,0.0000,0.0000,0.0000,0.0000,2168.0000,0.0000,0.0000,0.0000,0.0000,1,0,0,0,0,3,0,0,0,0
zc,WT209,2012-06-12 09:01:04.657,2165.0000,3796,0,0.0000,0.0000,0,0,空换,S,2165.0000,0.0000,0.0000,0.0000,0.0000,2168.0000,0.0000,0.0000,0.0000,0.0000,2,0,0,0,0,3,0,0,0,0
zc,WT209,2012-06-12 09:01:05.407,2168.0000,3794,-2,0.0000,2.0000,0,2,双平,B,2165.0000,0.0000,0.0000,0.0000,0.0000,2168.0000,0.0000,0.0000,0.0000,0.0000,2,0,0,0,0,2,0,0,0,0
zc,WT209,2012-06-12 09:01:16.873,2168.0000,3794,0,0.0000,0.0000,0,0,多换,B,2165.0000,0.0000,0.0000,0.0000,0.0000,2168.0000,0.0000,0.0000,0.0000,0.0000,1,0,0,0,0,2,0,0,0,0
zc,WT209,2012-06-12 09:01:17.157,2168.0000,3794,0,0.0000,0.0000,0,0,多换,B,2165.0000,0.0000,0.0000,0.0000,0.0000,2168.0000,0.0000,0.0000,0.0000,0.0000,1,0,0,0,0,3,0,0,0,0
zc,WT209,2012-06-12 09:01:27.843,2168.0000,3794,0,0.0000,6.0000,3,3,多换,B,2166.0000,0.0000,0.0000,0.0000,0.0000,2169.0000,0.0000,0.0000,0.0000,0.0000,1,0,0,0,0,6,0,0,0,0
zc,WT209,2012-06-12 09:01:35.407,2168.0000,3794,0,0.0000,0.0000,0,0,多换,B,2166.0000,0.0000,0.0000,0.0000,0.0000,2168.0000,0.0000,0.0000,0.0000,0.0000,1,0,0,0,0,1,0,0,0,0
zc,WT209,2012-06-12 09:01:39.873,2168.0000,3794,0,0.0000,0.0000,0,0,多换,B,2166.0000,0.0000,0.0000,0.0000,0.0000,2168.0000,0.0000,0.0000,0.0000,0.0000,2,0,0,0,0,1,0,0,0,0
zc,WT209,2012-06-12 09:01:41.093,2168.0000,3796,2,0.0000,2.0000,2,0,双开,B,2166.0000,0.0000,0.0000,0.0000,0.0000,2169.0000,0.0000,0.0000,0.0000,0.0000,2,0,0,0,0,6,0,0,0,0
zc,WT209,2012-06-12 09:01:47.047,2168.0000,3796,0,0.0000,0.0000,0,0,多换,B,2167.0000,0.0000,0.0000,0.0000,0.0000,2169.0000,0.0000,0.0000,0.0000,0.0000,2,0,0,0,0,6,0,0,0,0
zc,WT209,2012-06-12 09:02:20.860,2168.0000,3796,0,0.0000,0.0000,0,0,多换,B,2168.0000,0.0000,0.0000,0.0000,0.0000,2169.0000,0.0000,0.0000,0.0000,0.0000,1,0,0,0,0,6,0,0,0,0
zc,WT209,2012-06-12 09:02:23.827,2168.0000,3798,2,0.0000,2.0000,2,0,双开,B,2167.0000,0.0000,0.0000,0.0000,0.0000,2169.0000,0.0000,0.0000,0.0000,0.0000,2,0,0,0,0,6,0,0,0,0
zc,WT209,2012-06-12 09:02:35.873,2168.0000,3798,0,0.0000,0.0000,0,0,多换,B,2168.0000,0.0000,0.0000,0.0000,0.0000,2169.0000,0.0000,0.0000,0.0000,0.0000,1,0,0,0,0,6,0,0,0,0
zc,WT209,2012-06-12 09:02:50.373,2168.0000,3798,0,0.0000,2.0000,1,1,多换,B,2167.0000,0.0000,0.0000,0.0000,0.0000,2169.0000,0.0000,0.0000,0.0000,0.0000,2,0,0,0,0,6,0,0,0,0
zc,WT209,2012-06-12 09:03:25.360,2168.0000,3798,0,0.0000,0.0000,0,0,多换,B,2166.0000,0.0000,0.0000,0.0000,0.0000,2169.0000,0.0000,0.0000,0.0000,0.0000,2,0,0,0,0,6,0,0,0,0
zc,WT209,2012-06-12 09:03:42.843,2168.0000,3798,0,0.0000,0.0000,0,0,多换,B,2166.0000,0.0000,0.0000,0.0000,0.0000,2168.0000,0.0000,0.0000,0.0000,0.0000,2,0,0,0,0,1,0,0,0,0
zc,WT209,2012-06-12 09:03:59.860,2166.0000,3798,0,0.0000,4.0000,2,2,空换,S,2165.0000,0.0000,0.0000,0.0000,0.0000,2168.0000,0.0000,0.0000,0.0000,0.0000,3,0,0,0,0,1,0,0,0,0
zc,WT209,2012-06-12 09:04:08.110,2166.0000,3798,0,0.0000,0.0000,0,0,空换,S,2165.0000,0.0000,0.0000,0.0000,0.0000,2169.0000,0.0000,0.0000,0.0000,0.0000,3,0,0,0,0,7,0,0,0,0
zc,WT209,2012-06-12 09:04:08.797,2166.0000,3798,0,0.0000,0.0000,0,0,空换,S,2165.0000,0.0000,0.0000,0.0000,0.0000,2168.0000,0.0000,0.0000,0.0000,0.0000,3,0,0,0,0,1,0,0,0,0
zc,WT209,2012-06-12 09:04:14.640,2166.0000,3798,0,0.0000,0.0000,0,0,空换,S,2165.0000,0.0000,0.0000,0.0000,0.0000,2168.0000,0.0000,0.0000,0.0000,0.0000,3,0,0,0,0,2,0,0,0,0
zc,WT209,2012-06-12 09:04:17.563,2166.0000,3798,0,0.0000,0.0000,0,0,空换,S,2165.0000,0.0000,0.0000,0.0000,0.0000,2168.0000,0.0000,0.0000,0.0000,0.0000,3,0,0,0,0,3,0,0,0,0
zc,WT209,2012-06-12 09:04:21.623,2166.0000,3798,0,0.0000,0.0000,0,0,空换,S,2165.0000,0.0000,0.0000,0.0000,0.0000,2168.0000,0.0000,0.0000,0.0000,0.0000,3,0,0,0,0,4,0,0,0,0
zc,WT209,2012-06-12 09:04:24.657,2166.0000,3798,0,0.0000,0.0000,0,0,空换,S,2165.0000,0.0000,0.0000,0.0000,0.0000,2167.0000,0.0000,0.0000,0.0000,0.0000,3,0,0,0,0,1,0,0,0,0
zc,WT209,2012-06-12 09:04:37.373,2166.0000,3798,0,0.0000,0.0000,0,0,空换,S,2165.0000,0.0000,0.0000,0.0000,0.0000,2167.0000,0.0000,0.0000,0.0000,0.0000,2,0,0,0,0,1,0,0,0,0
zc,WT209,2012-06-12 09:05:09.063,2166.0000,3798,0,0.0000,0.0000,0,0,空换,S,2165.0000,0.0000,0.0000,0.0000,0.0000,2167.0000,0.0000,0.0000,0.0000,0.0000,2,0,0,0,0,2,0,0,0,0
zc,WT209,2012-06-12 09:05:22.873,2165.0000,3794,-4,0.0000,4.0000,0,4,双平,S,2163.0000,0.0000,0.0000,0.0000,0.0000,2165.0000,0.0000,0.0000,0.0000,0.0000,1,0,0,0,0,2,0,0,0,0
zc,WT209,2012-06-12 09:05:44.077,2165.0000,3794,0,0.0000,0.0000,0,0,空换,S,2163.0000,0.0000,0.0000,0.0000,0.0000,2165.0000,0.0000,0.0000,0.0000,0.0000,2,0,0,0,0,2,0,0,0,0
zc,WT209,2012-06-12 09:06:41.373,2165.0000,3794,0,0.0000,2.0000,1,1,空换,S,2163.0000,0.0000,0.0000,0.0000,0.0000,2165.0000,0.0000,0.0000,0.0000,0.0000,2,0,0,0,0,1,0,0,0,0
zc,WT209,2012-06-12 09:06:53.407,2165.0000,3794,0,0.0000,0.0000,0,0,空换,S,2164.0000,0.0000,0.0000,0.0000,0.0000,2165.0000,0.0000,0.0000,0.0000,0.0000,1,0,0,0,0,1,0,0,0,0
zc,WT209,2012-06-12 09:07:37.390,2165.0000,3794,0,0.0000,0.0000,0,0,空换,S,2164.0000,0.0000,0.0000,0.0000,0.0000,2167.0000,0.0000,0.0000,0.0000,0.0000,1,0,0,0,0,1,0,0,0,0
zc,WT209,2012-06-12 09:07:37.813,2164.0000,3792,-2,0.0000,2.0000,0,2,双平,S,2163.0000,0.0000,0.0000,0.0000,0.0000,2167.0000,0.0000,0.0000,0.0000,0.0000,4,0,0,0,0,1,0,0,0,0
zc,WT209,2012-06-12 09:08:16.610,2164.0000,3792,0,0.0000,0.0000,0,0,空换,S,2163.0000,0.0000,0.0000,0.0000,0.0000,2167.0000,0.0000,0.0000,0.0000,0.0000,5,0,0,0,0,1,0,0,0,0
zc,WT209,2012-06-12 09:08:52.313,2164.0000,3792,0,0.0000,0.0000,0,0,空换,S,2163.0000,0.0000,0.0000,0.0000,0.0000,2167.0000,0.0000,0.0000,0.0000,0.0000,5,0,0,0,0,2,0,0,0,0
zc,WT209,2012-06-12 09:09:19.267,2164.0000,3792,0,0.0000,0.0000,0,0,空换,S,2163.0000,0.0000,0.0000,0.0000,0.0000,2167.0000,0.0000,0.0000,0.0000,0.0000,5,0,0,0,0,2,0,0,0,0
zc,WT209,2012-06-12 09:09:25.390,2164.0000,3792,0,0.0000,0.0000,0,0,空换,S,2164.0000,0.0000,0.0000,0.0000,0.0000,2167.0000,0.0000,0.0000,0.0000,0.0000,1,0,0,0,0,2,0,0,0,0
zc,WT209,2012-06-12 09:09:30.280,2164.0000,3792,0,0.0000,0.0000,0,0,空换,S,2164.0000,0.0000,0.0000,0.0000,0.0000,2167.0000,0.0000,0.0000,0.0000,0.0000,1,0,0,0,0,1,0,0,0,0
zc,WT209,2012-06-12 09:09:53.843,2164.0000,3792,0,0.0000,0.0000,0,0,空换,S,2164.0000,0.0000,0.0000,0.0000,0.0000,2167.0000,0.0000,0.0000,0.0000,0.0000,2,0,0,0,0,1,0,0,0,0
zc,WT209,2012-06-12 09:10:15.327,2164.0000,3792,0,0.0000,0.0000,0,0,空换,S,2164.0000,0.0000,0.0000,0.0000,0.0000,2167.0000,0.0000,0.0000,0.0000,0.0000,5,0,0,0,0,1,0,0,0,0
zc,WT209,2012-06-12 09:10:40.530,2164.0000,3784,-8,0.0000,10.0000,1,9,多平,S,2163.0000,0.0000,0.0000,0.0000,0.0000,2167.0000,0.0000,0.0000,0.0000,0.0000,3,0,0,0,0,1,0,0,0,0
zc,WT209,2012-06-12 09:10:51.563,2164.0000,3784,0,0.0000,0.0000,0,0,空换,S,2163.0000,0.0000,0.0000,0.0000,0.0000,2167.0000,0.0000,0.0000,0.0000,0.0000,3,0,0,0,0,2,0,0,0,0
zc,WT209,2012-06-12 09:11:08.593,2167.0000,3786,2,0.0000,4.0000,3,1,多开,B,2167.0000,0.0000,0.0000,0.0000,0.0000,2168.0000,0.0000,0.0000,0.0000,0.0000,9,0,0,0,0,5,0,0,0,0
zc,WT209,2012-06-12 09:11:09.563,2167.0000,3786,0,0.0000,4.0000,2,2,多换,B,2167.0000,0.0000,0.0000,0.0000,0.0000,2168.0000,0.0000,0.0000,0.0000,0.0000,7,0,0,0,0,5,0,0,0,0
zc,WT209,2012-06-12 09:11:10.577,2167.0000,3786,0,0.0000,4.0000,2,2,多换,B,2167.0000,0.0000,0.0000,0.0000,0.0000,2168.0000,0.0000,0.0000,0.0000,0.0000,5,0,0,0,0,5,0,0,0,0
zc,WT209,2012-06-12 09:11:12.843,2167.0000,3786,0,0.0000,4.0000,2,2,多换,B,2167.0000,0.0000,0.0000,0.0000,0.0000,2168.0000,0.0000,0.0000,0.0000,0.0000,3,0,0,0,0,5,0,0,0,0
zc,WT209,2012-06-12 09:11:14.813,2167.0000,3786,0,0.0000,4.0000,2,2,多换,B,2167.0000,0.0000,0.0000,0.0000,0.0000,2168.0000,0.0000,0.0000,0.0000,0.0000,1,0,0,0,0,5,0,0,0,0
zc,WT209,2012-06-12 09:11:15.547,2167.0000,3788,2,0.0000,2.0000,2,0,双开,B,2163.0000,0.0000,0.0000,0.0000,0.0000,2167.0000,0.0000,0.0000,0.0000,0.0000,3,0,0,0,0,2,0,0,0,0
zc,WT209,2012-06-12 09:11:16.063,2167.0000,3788,0,0.0000,0.0000,0,0,多换,B,2163.0000,0.0000,0.0000,0.0000,0.0000,2167.0000,0.0000,0.0000,0.0000,0.0000,3,0,0,0,0,3,0,0,0,0
zc,WT209,2012-06-12 09:11:32.360,2167.0000,3788,0,0.0000,0.0000,0,0,多换,B,2164.0000,0.0000,0.0000,0.0000,0.0000,2167.0000,0.0000,0.0000,0.0000,0.0000,1,0,0,0,0,3,0,0,0,0
zc,WT209,2012-06-12 09:11:40.547,2164.0000,3788,0,0.0000,2.0000,1,1,空换,S,2163.0000,0.0000,0.0000,0.0000,0.0000,2167.0000,0.0000,0.0000,0.0000,0.0000,3,0,0,0,0,3,0,0,0,0
zc,WT209,2012-06-12 09:11:51.547,2164.0000,3788,0,0.0000,0.0000,0,0,空换,S,2163.0000,0.0000,0.0000,0.0000,0.0000,2166.0000,0.0000,0.0000,0.0000,0.0000,3,0,0,0,0,1,0,0,0,0
zc,WT209,2012-06-12 09:12:44.280,2164.0000,3788,0,0.0000,0.0000,0,0,空换,S,2164.0000,0.0000,0.0000,0.0000,0.0000,2166.0000,0.0000,0.0000,0.0000,0.0000,1,0,0,0,0,1,0,0,0,0
zc,WT209,2012-06-12 09:12:58.063,2164.0000,3788,0,0.0000,0.0000,0,0,空换,S,2163.0000,0.0000,0.0000,0.0000,0.0000,2166.0000,0.0000,0.0000,0.0000,0.0000,3,0,0,0,0,1,0,0,0,0
zc,WT209,2012-06-12 09:12:58.547,2166.0000,3788,0,0.0000,2.0000,1,1,多换,B,2163.0000,0.0000,0.0000,0.0000,0.0000,2167.0000,0.0000,0.0000,0.0000,0.0000,3,0,0,0,0,1,0,0,0,0
zc,WT209,2012-06-12 09:13:03.827,2166.0000,3788,0,0.0000,0.0000,0,0,多换,B,2164.0000,0.0000,0.0000,0.0000,0.0000,2167.0000,0.0000,0.0000,0.0000,0.0000,1,0,0,0,0,1,0,0,0,0
zc,WT209,2012-06-12 09:13:12.593,2166.0000,3788,0,0.0000,0.0000,0,0,多换,B,2165.0000,0.0000,0.0000,0.0000,0.0000,2167.0000,0.0000,0.0000,0.0000,0.0000,2,0,0,0,0,1,0,0,0,0
zc,WT209,2012-06-12 09:13:42.530,2166.0000,3788,0,0.0000,0.0000,0,0,多换,B,2165.0000,0.0000,0.0000,0.0000,0.0000,2168.0000,0.0000,0.0000,0.0000,0.0000,2,0,0,0,0,4,0,0,0,0
zc,WT209,2012-06-12 09:14:55.577,2166.0000,3788,0,0.0000,0.0000,0,0,多换,B,2163.0000,0.0000,0.0000,0.0000,0.0000,2168.0000,0.0000,0.0000,0.0000,0.0000,3,0,0,0,0,4,0,0,0,0
zc,WT209,2012-06-12 09:15:00.047,2166.0000,3788,0,0.0000,0.0000,0,0,多换,B,2164.0000,0.0000,0.0000,0.0000,0.0000,2168.0000,0.0000,0.0000,0.0000,0.0000,2,0,0,0,0,4,0,0,0,0
zc,WT209,2012-06-12 09:15:10.327,2166.0000,3788,0,0.0000,0.0000,0,0,多换,B,2164.0000,0.0000,0.0000,0.0000,0.0000,2168.0000,0.0000,0.0000,0.0000,0.0000,3,0,0,0,0,4,0,0,0,0
zc,WT209,2012-06-12 09:15:22.563,2166.0000,3788,0,0.0000,0.0000,0,0,多换,B,2164.0000,0.0000,0.0000,0.0000,0.0000,2168.0000,0.0000,0.0000,0.0000,0.0000,3,0,0,0,0,5,0,0,0,0
zc,WT209,2012-06-12 09:16:00.313,2166.0000,3788,0,0.0000,0.0000,0,0,多换,B,2164.0000,0.0000,0.0000,0.0000,0.0000,2168.0000,0.0000,0.0000,0.0000,0.0000,4,0,0,0,0,5,0,0,0,0
zc,WT209,2012-06-12 09:16:12.077,2166.0000,3788,0,0.0000,0.0000,0,0,多换,B,2164.0000,0.0000,0.0000,0.0000,0.0000,2168.0000,0.0000,0.0000,0.0000,0.0000,14,0,0,0,0,5,0,0,0,0
zc,WT209,2012-06-12 09:17:45.517,2166.0000,3788,0,0.0000,0.0000,0,0,多换,B,2164.0000,0.0000,0.0000,0.0000,0.0000,2168.0000,0.0000,0.0000,0.0000,0.0000,13,0,0,0,0,5,0,0,0,0
zc,WT209,2012-06-12 09:18:19.250,2166.0000,3788,0,0.0000,0.0000,0,0,多换,B,2164.0000,0.0000,0.0000,0.0000,0.0000,2168.0000,0.0000,0.0000,0.0000,0.0000,13,0,0,0,0,5,0,0,0,0
zc,WT209,2012-06-12 09:18:51.767,2166.0000,3788,0,0.0000,0.0000,0,0,多换,B,2164.0000,0.0000,0.0000,0.0000,0.0000,2167.0000,0.0000,0.0000,0.0000,0.0000,13,0,0,0,0,1,0,0,0,0
zc,WT209,2012-06-12 09:19:06.780,2164.0000,3768,-20,0.0000,26.0000,3,23,多平,S,2163.0000,0.0000,0.0000,0.0000,0.0000,2164.0000,0.0000,0.0000,0.0000,0.0000,3,0,0,0,0,2,0,0,0,0
zc,WT209,2012-06-12 09:19:19.280,2164.0000,3768,0,0.0000,0.0000,0,0,空换,S,2163.0000,0.0000,0.0000,0.0000,0.0000,2164.0000,0.0000,0.0000,0.0000,0.0000,3,0,0,0,0,2,0,0,0,0
zc,WT209,2012-06-12 09:19:32.047,2164.0000,3768,0,0.0000,4.0000,2,2,空换,S,2163.0000,0.0000,0.0000,0.0000,0.0000,2167.0000,0.0000,0.0000,0.0000,0.0000,3,0,0,0,0,2,0,0,0,0
zc,WT209,2012-06-12 09:19:33.030,2164.0000,3768,0,0.0000,0.0000,0,0,空换,S,2164.0000,0.0000,0.0000,0.0000,0.0000,2167.0000,0.0000,0.0000,0.0000,0.0000,1,0,0,0,0,2,0,0,0,0
zc,WT209,2012-06-12 09:19:36.813,2164.0000,3768,0,0.0000,0.0000,0,0,空换,S,2164.0000,0.0000,0.0000,0.0000,0.0000,2166.0000,0.0000,0.0000,0.0000,0.0000,1,0,0,0,0,1,0,0,0,0
zc,WT209,2012-06-12 09:19:38.563,2164.0000,3768,0,0.0000,0.0000,0,0,空换,S,2164.0000,0.0000,0.0000,0.0000,0.0000,2166.0000,0.0000,0.0000,0.0000,0.0000,2,0,0,0,0,1,0,0,0,0
zc,WT209,2012-06-12 09:19:42.047,2164.0000,3768,0,0.0000,4.0000,2,2,空换,S,2163.0000,0.0000,0.0000,0.0000,0.0000,2164.0000,0.0000,0.0000,0.0000,0.0000,2,0,0,0,0,3,0,0,0,0
zc,WT209,2012-06-12 09:19:47.517,2164.0000,3768,0,0.0000,2.0000,1,1,空换,S,2163.0000,0.0000,0.0000,0.0000,0.0000,2164.0000,0.0000,0.0000,0.0000,0.0000,2,0,0,0,0,2,0,0,0,0
zc,WT209,2012-06-12 09:20:48.267,2164.0000,3766,-2,0.0000,2.0000,0,2,双平,S,2163.0000,0.0000,0.0000,0.0000,0.0000,2164.0000,0.0000,0.0000,0.0000,0.0000,2,0,0,0,0,1,0,0,0,0
zc,WT209,2012-06-12 09:20:50.063,2164.0000,3766,0,0.0000,2.0000,1,1,空换,S,2163.0000,0.0000,0.0000,0.0000,0.0000,2166.0000,0.0000,0.0000,0.0000,0.0000,2,0,0,0,0,1,0,0,0,0
zc,WT209,2012-06-12 09:20:56.030,2164.0000,3766,0,0.0000,0.0000,0,0,空换,S,2163.0000,0.0000,0.0000,0.0000,0.0000,2166.0000,0.0000,0.0000,0.0000,0.0000,2,0,0,0,0,2,0,0,0,0
zc,WT209,2012-06-12 09:21:00.797,2164.0000,3766,0,0.0000,0.0000,0,0,空换,S,2163.0000,0.0000,0.0000,0.0000,0.0000,2164.0000,0.0000,0.0000,0.0000,0.0000,2,0,0,0,0,5,0,0,0,0
zc,WT209,2012-06-12 09:21:19.250,2164.0000,3766,0,0.0000,0.0000,0,0,空换,S,2163.0000,0.0000,0.0000,0.0000,0.0000,2164.0000,0.0000,0.0000,0.0000,0.0000,2,0,0,0,0,5,0,0,0,0
zc,WT209,2012-06-12 09:22:15.827,2164.0000,3766,0,0.0000,10.0000,5,5,空换,S,2165.0000,0.0000,0.0000,0.0000,0.0000,2166.0000,0.0000,0.0000,0.0000,0.0000,15,0,0,0,0,2,0,0,0,0
zc,WT209,2012-06-12 09:22:21.077,2165.0000,3766,0,0.0000,2.0000,1,1,多换,B,2165.0000,0.0000,0.0000,0.0000,0.0000,2166.0000,0.0000,0.0000,0.0000,0.0000,14,0,0,0,0,2,0,0,0,0
zc,WT209,2012-06-12 09:22:24.827,2165.0000,3766,0,0.0000,28.0000,14,14,多换,B,2163.0000,0.0000,0.0000,0.0000,0.0000,2165.0000,0.0000,0.0000,0.0000,0.0000,2,0,0,0,0,1,0,0,0,0
zc,WT209,2012-06-12 09:22:34.063,2165.0000,3766,0,0.0000,0.0000,0,0,多换,B,2163.0000,0.0000,0.0000,0.0000,0.0000,2165.0000,0.0000,0.0000,0.0000,0.0000,2,0,0,0,0,2,0,0,0,0
zc,WT209,2012-06-12 09:23:00.280,2165.0000,3766,0,0.0000,4.0000,2,2,多换,B,2165.0000,0.0000,0.0000,0.0000,0.0000,2168.0000,0.0000,0.0000,0.0000,0.0000,18,0,0,0,0,4,0,0,0,0
zc,WT209,2012-06-12 09:23:03.110,2165.0000,3766,0,0.0000,2.0000,1,1,多换,B,2165.0000,0.0000,0.0000,0.0000,0.0000,2168.0000,0.0000,0.0000,0.0000,0.0000,17,0,0,0,0,4,0,0,0,0
zc,WT209,2012-06-12 09:23:13.610,2165.0000,3766,0,0.0000,20.0000,10,10,多换,B,2165.0000,0.0000,0.0000,0.0000,0.0000,2168.0000,0.0000,0.0000,0.0000,0.0000,7,0,0,0,0,4,0,0,0,0
zc,WT209,2012-06-12 09:23:16.267,2165.0000,3766,0,0.0000,4.0000,2,2,多换,B,2165.0000,0.0000,0.0000,0.0000,0.0000,2168.0000,0.0000,0.0000,0.0000,0.0000,5,0,0,0,0,4,0,0,0,0
zc,WT209,2012-06-12 09:23:18.047,2165.0000,3766,0,0.0000,2.0000,1,1,多换,B,2165.0000,0.0000,0.0000,0.0000,0.0000,2168.0000,0.0000,0.0000,0.0000,0.0000,4,0,0,0,0,4,0,0,0,0
zc,WT209,2012-06-12 09:23:30.313,2165.0000,3766,0,0.0000,8.0000,4,4,多换,B,2163.0000,0.0000,0.0000,0.0000,0.0000,2165.0000,0.0000,0.0000,0.0000,0.0000,2,0,0,0,0,6,0,0,0,0
zc,WT209,2012-06-12 09:24:06.780,2165.0000,3756,-10,0.0000,10.0000,0,10,双平,B,2163.0000,0.0000,0.0000,0.0000,0.0000,2165.0000,0.0000,0.0000,0.0000,0.0000,2,0,0,0,0,1,0,0,0,0
zc,WT209,2012-06-12 09:25:17.313,2165.0000,3756,0,0.0000,2.0000,1,1,多换,B,2165.0000,0.0000,0.0000,0.0000,0.0000,2168.0000,0.0000,0.0000,0.0000,0.0000,19,0,0,0,0,4,0,0,0,0
zc,WT209,2012-06-12 09:25:26.547,2165.0000,3756,0,0.0000,38.0000,19,19,多换,B,2163.0000,0.0000,0.0000,0.0000,0.0000,2165.0000,0.0000,0.0000,0.0000,0.0000,3,0,0,0,0,1,0,0,0,0
zc,WT209,2012-06-12 09:25:36.750,2165.0000,3756,0,0.0000,0.0000,0,0,多换,B,2163.0000,0.0000,0.0000,0.0000,0.0000,2165.0000,0.0000,0.0000,0.0000,0.0000,4,0,0,0,0,1,0,0,0,0
zc,WT209,2012-06-12 09:25:45.517,2165.0000,3756,0,0.0000,0.0000,0,0,多换,B,2163.0000,0.0000,0.0000,0.0000,0.0000,2165.0000,0.0000,0.0000,0.0000,0.0000,3,0,0,0,0,1,0,0,0,0
zc,WT209,2012-06-12 09:25:47.047,2165.0000,3756,0,0.0000,0.0000,0,0,多换,B,2164.0000,0.0000,0.0000,0.0000,0.0000,2165.0000,0.0000,0.0000,0.0000,0.0000,1,0,0,0,0,1,0,0,0,0
zc,WT209,2012-06-12 09:26:44.797,2165.0000,3756,0,0.0000,0.0000,0,0,多换,B,2163.0000,0.0000,0.0000,0.0000,0.0000,2165.0000,0.0000,0.0000,0.0000,0.0000,3,0,0,0,0,1,0,0,0,0
zc,WT209,2012-06-12 09:26:46.827,2165.0000,3756,0,0.0000,0.0000,0,0,多换,B,2163.0000,0.0000,0.0000,0.0000,0.0000,2165.0000,0.0000,0.0000,0.0000,0.0000,4,0,0,0,0,1,0,0,0,0
zc,WT209,2012-06-12 09:26:52.063,2165.0000,3756,0,0.0000,0.0000,0,0,多换,B,2163.0000,0.0000,0.0000,0.0000,0.0000,2165.0000,0.0000,0.0000,0.0000,0.0000,8,0,0,0,0,1,0,0,0,0
zc,WT209,2012-06-12 09:26:58.780,2165.0000,3756,0,0.0000,0.0000,0,0,多换,B,2163.0000,0.0000,0.0000,0.0000,0.0000,2165.0000,0.0000,0.0000,0.0000,0.0000,7,0,0,0,0,1,0,0,0,0
zc,WT209,2012-06-12 09:27:00.547,2165.0000,3756,0,0.0000,0.0000,0,0,多换,B,2164.0000,0.0000,0.0000,0.0000,0.0000,2165.0000,0.0000,0.0000,0.0000,0.0000,1,0,0,0,0,1,0,0,0,0
zc,WT209,2012-06-12 09:27:33.297,2165.0000,3756,0,0.0000,0.0000,0,0,多换,B,2163.0000,0.0000,0.0000,0.0000,0.0000,2165.0000,0.0000,0.0000,0.0000,0.0000,7,0,0,0,0,1,0,0,0,0
zc,WT209,2012-06-12 09:27:35.813,2165.0000,3756,0,0.0000,0.0000,0,0,多换,B,2163.0000,0.0000,0.0000,0.0000,0.0000,2165.0000,0.0000,0.0000,0.0000,0.0000,8,0,0,0,0,1,0,0,0,0
zc,WT209,2012-06-12 09:27:47.517,2165.0000,3756,0,0.0000,0.0000,0,0,多换,B,2163.0000,0.0000,0.0000,0.0000,0.0000,2165.0000,0.0000,0.0000,0.0000,0.0000,7,0,0,0,0,1,0,0,0,0
zc,WT209,2012-06-12 09:27:49.313,2165.0000,3756,0,0.0000,0.0000,0,0,多换,B,2164.0000,0.0000,0.0000,0.0000,0.0000,2165.0000,0.0000,0.0000,0.0000,0.0000,1,0,0,0,0,1,0,0,0,0
zc,WT209,2012-06-12 09:28:15.077,2165.0000,3756,0,0.0000,0.0000,0,0,多换,B,2164.0000,0.0000,0.0000,0.0000,0.0000,2165.0000,0.0000,0.0000,0.0000,0.0000,2,0,0,0,0,1,0,0,0,0
zc,WT209,2012-06-12 09:29:22.267,2165.0000,3756,0,0.0000,0.0000,0,0,多换,B,2164.0000,0.0000,0.0000,0.0000,0.0000,2165.0000,0.0000,0.0000,0.0000,0.0000,1,0,0,0,0,1,0,0,0,0
zc,WT209,2012-06-12 09:30:15.517,2165.0000,3756,0,0.0000,0.0000,0,0,多换,B,2164.0000,0.0000,0.0000,0.0000,0.0000,2165.0000,0.0000,0.0000,0.0000,0.0000,1,0,0,0,0,2,0,0,0,0
zc,WT209,2012-06-12 09:32:43.313,2165.0000,3756,0,0.0000,0.0000,0,0,多换,B,2164.0000,0.0000,0.0000,0.0000,0.0000,2165.0000,0.0000,0.0000,0.0000,0.0000,1,0,0,0,0,1,0,0,0,0
zc,WT209,2012-06-12 09:33:16.517,2165.0000,3754,-2,0.0000,2.0000,0,2,双平,B,2164.0000,0.0000,0.0000,0.0000,0.0000,2167.0000,0.0000,0.0000,0.0000,0.0000,1,0,0,0,0,1,0,0,0,0
zc,WT209,2012-06-12 09:33:33.750,2165.0000,3754,0,0.0000,0.0000,0,0,多换,B,2164.0000,0.0000,0.0000,0.0000,0.0000,2167.0000,0.0000,0.0000,0.0000,0.0000,1,0,0,0,0,2,0,0,0,0
zc,WT209,2012-06-12 09:34:00.233,2165.0000,3754,0,0.0000,0.0000,0,0,多换,B,2164.0000,0.0000,0.0000,0.0000,0.0000,2166.0000,0.0000,0.0000,0.0000,0.0000,1,0,0,0,0,1,0,0,0,0
zc,WT209,2012-06-12 09:34:03.517,2165.0000,3754,0,0.0000,0.0000,0,0,多换,B,2164.0000,0.0000,0.0000,0.0000,0.0000,2165.0000,0.0000,0.0000,0.0000,0.0000,1,0,0,0,0,10,0,0,0,0
zc,WT209,2012-06-12 09:35:32.017,2165.0000,3754,0,0.0000,0.0000,0,0,多换,B,2163.0000,0.0000,0.0000,0.0000,0.0000,2165.0000,0.0000,0.0000,0.0000,0.0000,7,0,0,0,0,10,0,0,0,0
zc,WT209,2012-06-12 09:35:33.997,2165.0000,3754,0,0.0000,0.0000,0,0,多换,B,2163.0000,0.0000,0.0000,0.0000,0.0000,2165.0000,0.0000,0.0000,0.0000,0.0000,8,0,0,0,0,10,0,0,0,0
zc,WT209,2012-06-12 09:36:01.547,2165.0000,3754,0,0.0000,0.0000,0,0,多换,B,2163.0000,0.0000,0.0000,0.0000,0.0000,2165.0000,0.0000,0.0000,0.0000,0.0000,7,0,0,0,0,10,0,0,0,0
zc,WT209,2012-06-12 09:36:03.547,2165.0000,3754,0,0.0000,0.0000,0,0,多换,B,2164.0000,0.0000,0.0000,0.0000,0.0000,2165.0000,0.0000,0.0000,0.0000,0.0000,1,0,0,0,0,10,0,0,0,0
zc,WT209,2012-06-12 09:36:16.530,2165.0000,3754,0,0.0000,0.0000,0,0,多换,B,2163.0000,0.0000,0.0000,0.0000,0.0000,2165.0000,0.0000,0.0000,0.0000,0.0000,7,0,0,0,0,10,0,0,0,0
zc,WT209,2012-06-12 09:36:19.233,2165.0000,3754,0,0.0000,0.0000,0,0,多换,B,2163.0000,0.0000,0.0000,0.0000,0.0000,2165.0000,0.0000,0.0000,0.0000,0.0000,7,0,0,0,0,10,0,0,0,0
zc,WT209,2012-06-12 09:36:26.530,2165.0000,3754,0,0.0000,0.0000,0,0,多换,B,2164.0000,0.0000,0.0000,0.0000,0.0000,2165.0000,0.0000,0.0000,0.0000,0.0000,1,0,0,0,0,10,0,0,0,0
zc,WT209,2012-06-12 09:37:10.780,2165.0000,3734,-20,0.0000,20.0000,0,20,双平,B,2164.0000,0.0000,0.0000,0.0000,0.0000,2167.0000,0.0000,0.0000,0.0000,0.0000,1,0,0,0,0,4,0,0,0,0
zc,WT209,2012-06-12 09:37:12.063,2165.0000,3734,0,0.0000,0.0000,0,0,多换,B,2163.0000,0.0000,0.0000,0.0000,0.0000,2167.0000,0.0000,0.0000,0.0000,0.0000,7,0,0,0,0,4,0,0,0,0
zc,WT209,2012-06-12 09:37:18.813,2165.0000,3734,0,0.0000,0.0000,0,0,多换,B,2164.0000,0.0000,0.0000,0.0000,0.0000,2167.0000,0.0000,0.0000,0.0000,0.0000,1,0,0,0,0,4,0,0,0,0
zc,WT209,2012-06-12 09:37:19.280,2165.0000,3734,0,0.0000,0.0000,0,0,多换,B,2164.0000,0.0000,0.0000,0.0000,0.0000,2165.0000,0.0000,0.0000,0.0000,0.0000,1,0,0,0,0,10,0,0,0,0
zc,WT209,2012-06-12 09:37:22.547,2165.0000,3734,0,0.0000,2.0000,1,1,多换,B,2164.0000,0.0000,0.0000,0.0000,0.0000,2165.0000,0.0000,0.0000,0.0000,0.0000,1,0,0,0,0,9,0,0,0,0
zc,WT209,2012-06-12 09:37:50.217,2165.0000,3716,-18,0.0000,18.0000,0,18,双平,B,2164.0000,0.0000,0.0000,0.0000,0.0000,2167.0000,0.0000,0.0000,0.0000,0.0000,1,0,0,0,0,4,0,0,0,0
zc,WT209,2012-06-12 09:37:51.997,2165.0000,3716,0,0.0000,0.0000,0,0,多换,B,2163.0000,0.0000,0.0000,0.0000,0.0000,2167.0000,0.0000,0.0000,0.0000,0.0000,7,0,0,0,0,4,0,0,0,0
zc,WT209,2012-06-12 09:38:00.233,2165.0000,3716,0,0.0000,0.0000,0,0,多换,B,2164.0000,0.0000,0.0000,0.0000,0.0000,2167.0000,0.0000,0.0000,0.0000,0.0000,1,0,0,0,0,4,0,0,0,0
zc,WT209,2012-06-12 09:39:02.233,2165.0000,3716,0,0.0000,0.0000,0,0,多换,B,2164.0000,0.0000,0.0000,0.0000,0.0000,2167.0000,0.0000,0.0000,0.0000,0.0000,1,0,0,0,0,3,0,0,0,0
zc,WT209,2012-06-12 09:39:15.483,2165.0000,3716,0,0.0000,0.0000,0,0,多换,B,2163.0000,0.0000,0.0000,0.0000,0.0000,2167.0000,0.0000,0.0000,0.0000,0.0000,7,0,0,0,0,3,0,0,0,0
zc,WT209,2012-06-12 09:39:20.530,2165.0000,3716,0,0.0000,0.0000,0,0,多换,B,2164.0000,0.0000,0.0000,0.0000,0.0000,2167.0000,0.0000,0.0000,0.0000,0.0000,1,0,0,0,0,3,0,0,0,0
zc,WT209,2012-06-12 09:40:19.217,2165.0000,3716,0,0.0000,0.0000,0,0,多换,B,2164.0000,0.0000,0.0000,0.0000,0.0000,2167.0000,0.0000,0.0000,0.0000,0.0000,1,0,0,0,0,3,0,0,0,0
zc,WT209,2012-06-12 09:40:19.767,2165.0000,3716,0,0.0000,0.0000,0,0,多换,B,2164.0000,0.0000,0.0000,0.0000,0.0000,2167.0000,0.0000,0.0000,0.0000,0.0000,2,0,0,0,0,3,0,0,0,0
zc,WT209,2012-06-12 09:40:24.983,2165.0000,3716,0,0.0000,0.0000,0,0,多换,B,2164.0000,0.0000,0.0000,0.0000,0.0000,2165.0000,0.0000,0.0000,0.0000,0.0000,2,0,0,0,0,1,0,0,0,0
zc,WT209,2012-06-12 09:40:46.750,2165.0000,3716,0,0.0000,0.0000,0,0,多换,B,2164.0000,0.0000,0.0000,0.0000,0.0000,2165.0000,0.0000,0.0000,0.0000,0.0000,1,0,0,0,0,1,0,0,0,0
zc,WT209,2012-06-12 09:40:48.467,2165.0000,3714,-2,0.0000,2.0000,0,2,双平,B,2164.0000,0.0000,0.0000,0.0000,0.0000,2167.0000,0.0000,0.0000,0.0000,0.0000,1,0,0,0,0,3,0,0,0,0
zc,WT209,2012-06-12 09:42:02.267,2165.0000,3714,0,0.0000,0.0000,0,0,多换,B,2164.0000,0.0000,0.0000,0.0000,0.0000,2167.0000,0.0000,0.0000,0.0000,0.0000,2,0,0,0,0,3,0,0,0,0
zc,WT209,2012-06-12 09:42:50.750,2165.0000,3714,0,0.0000,0.0000,0,0,多换,B,2164.0000,0.0000,0.0000,0.0000,0.0000,2167.0000,0.0000,0.0000,0.0000,0.0000,1,0,0,0,0,3,0,0,0,0
zc,WT209,2012-06-12 09:44:12.217,2165.0000,3714,0,0.0000,0.0000,0,0,多换,B,2164.0000,0.0000,0.0000,0.0000,0.0000,2167.0000,0.0000,0.0000,0.0000,0.0000,1,0,0,0,0,2,0,0,0,0
zc,WT209,2012-06-12 09:45:58.983,2165.0000,3714,0,0.0000,0.0000,0,0,多换,B,2165.0000,0.0000,0.0000,0.0000,0.0000,2167.0000,0.0000,0.0000,0.0000,0.0000,10,0,0,0,0,2,0,0,0,0
zc,WT209,2012-06-12 09:47:06.267,2165.0000,3714,0,0.0000,0.0000,0,0,多换,B,2164.0000,0.0000,0.0000,0.0000,0.0000,2167.0000,0.0000,0.0000,0.0000,0.0000,1,0,0,0,0,2,0,0,0,0
zc,WT209,2012-06-12 09:47:56.517,2165.0000,3714,0,0.0000,0.0000,0,0,多换,B,2164.0000,0.0000,0.0000,0.0000,0.0000,2167.0000,0.0000,0.0000,0.0000,0.0000,16,0,0,0,0,2,0,0,0,0
zc,WT209,2012-06-12 09:49:06.530,2165.0000,3714,0,0.0000,0.0000,0,0,多换,B,2164.0000,0.0000,0.0000,0.0000,0.0000,2167.0000,0.0000,0.0000,0.0000,0.0000,17,0,0,0,0,2,0,0,0,0
zc,WT209,2012-06-12 09:49:18.030,2165.0000,3714,0,0.0000,0.0000,0,0,多换,B,2165.0000,0.0000,0.0000,0.0000,0.0000,2167.0000,0.0000,0.0000,0.0000,0.0000,1,0,0,0,0,2,0,0,0,0
zc,WT209,2012-06-12 09:49:36.327,2165.0000,3714,0,0.0000,0.0000,0,0,多换,B,2164.0000,0.0000,0.0000,0.0000,0.0000,2167.0000,0.0000,0.0000,0.0000,0.0000,17,0,0,0,0,2,0,0,0,0
zc,WT209,2012-06-12 09:50:08.517,2165.0000,3714,0,0.0000,0.0000,0,0,多换,B,2165.0000,0.0000,0.0000,0.0000,0.0000,2167.0000,0.0000,0.0000,0.0000,0.0000,3,0,0,0,0,2,0,0,0,0
zc,WT209,2012-06-12 09:52:32.750,2165.0000,3714,0,0.0000,0.0000,0,0,多换,B,2165.0000,0.0000,0.0000,0.0000,0.0000,2167.0000,0.0000,0.0000,0.0000,0.0000,5,0,0,0,0,2,0,0,0,0
zc,WT209,2012-06-12 09:53:09.500,2165.0000,3714,0,0.0000,0.0000,0,0,多换,B,2165.0000,0.0000,0.0000,0.0000,0.0000,2167.0000,0.0000,0.0000,0.0000,0.0000,6,0,0,0,0,2,0,0,0,0
zc,WT209,2012-06-12 09:53:12.280,2165.0000,3714,0,0.0000,0.0000,0,0,多换,B,2165.0000,0.0000,0.0000,0.0000,0.0000,2166.0000,0.0000,0.0000,0.0000,0.0000,6,0,0,0,0,1,0,0,0,0
zc,WT209,2012-06-12 09:55:42.967,2165.0000,3714,0,0.0000,0.0000,0,0,多换,B,2165.0000,0.0000,0.0000,0.0000,0.0000,2166.0000,0.0000,0.0000,0.0000,0.0000,3,0,0,0,0,1,0,0,0,0
zc,WT209,2012-06-12 09:56:19.203,2165.0000,3714,0,0.0000,0.0000,0,0,多换,B,2165.0000,0.0000,0.0000,0.0000,0.0000,2166.0000,0.0000,0.0000,0.0000,0.0000,3,0,0,0,0,1,0,0,0,0
zc,WT209,2012-06-12 09:57:46.750,2165.0000,3714,0,0.0000,0.0000,0,0,多换,B,2165.0000,0.0000,0.0000,0.0000,0.0000,2167.0000,0.0000,0.0000,0.0000,0.0000,3,0,0,0,0,3,0,0,0,0
zc,WT209,2012-06-12 09:57:51.983,2165.0000,3716,2,0.0000,2.0000,2,0,双开,B,2165.0000,0.0000,0.0000,0.0000,0.0000,2167.0000,0.0000,0.0000,0.0000,0.0000,2,0,0,0,0,3,0,0,0,0
zc,WT209,2012-06-12 10:00:16.733,2165.0000,3716,0,0.0000,0.0000,0,0,多换,B,2165.0000,0.0000,0.0000,0.0000,0.0000,2167.0000,0.0000,0.0000,0.0000,0.0000,3,0,0,0,0,3,0,0,0,0
zc,WT209,2012-06-12 10:00:28.547,2165.0000,3716,0,0.0000,0.0000,0,0,多换,B,2165.0000,0.0000,0.0000,0.0000,0.0000,2167.0000,0.0000,0.0000,0.0000,0.0000,5,0,0,0,0,3,0,0,0,0
zc,WT209,2012-06-12 10:00:45.500,2165.0000,3716,0,0.0000,0.0000,0,0,多换,B,2165.0000,0.0000,0.0000,0.0000,0.0000,2167.0000,0.0000,0.0000,0.0000,0.0000,5,0,0,0,0,4,0,0,0,0
zc,WT209,2012-06-12 10:00:52.717,2165.0000,3716,0,0.0000,0.0000,0,0,多换,B,2165.0000,0.0000,0.0000,0.0000,0.0000,2166.0000,0.0000,0.0000,0.0000,0.0000,5,0,0,0,0,1,0,0,0,0
zc,WT209,2012-06-12 10:00:53.517,2165.0000,3716,0,0.0000,2.0000,1,1,多换,B,2165.0000,0.0000,0.0000,0.0000,0.0000,2166.0000,0.0000,0.0000,0.0000,0.0000,4,0,0,0,0,1,0,0,0,0
zc,WT209,2012-06-12 10:01:12.703,2165.0000,3716,0,0.0000,8.0000,4,4,多换,B,2164.0000,0.0000,0.0000,0.0000,0.0000,2165.0000,0.0000,0.0000,0.0000,0.0000,16,0,0,0,0,1,0,0,0,0
zc,WT209,2012-06-12 10:01:19.203,2165.0000,3716,0,0.0000,0.0000,0,0,多换,B,2164.0000,0.0000,0.0000,0.0000,0.0000,2165.0000,0.0000,0.0000,0.0000,0.0000,16,0,0,0,0,1,0,0,0,0
zc,WT209,2012-06-12 10:01:28.233,2165.0000,3716,0,0.0000,0.0000,0,0,多换,B,2164.0000,0.0000,0.0000,0.0000,0.0000,2165.0000,0.0000,0.0000,0.0000,0.0000,16,0,0,0,0,2,0,0,0,0
zc,WT209,2012-06-12 10:03:47.750,2165.0000,3716,0,0.0000,0.0000,0,0,多换,B,2164.0000,0.0000,0.0000,0.0000,0.0000,2165.0000,0.0000,0.0000,0.0000,0.0000,16,0,0,0,0,7,0,0,0,0
zc,WT209,2012-06-12 10:04:44.467,2165.0000,3716,0,0.0000,0.0000,0,0,多换,B,2164.0000,0.0000,0.0000,0.0000,0.0000,2165.0000,0.0000,0.0000,0.0000,0.0000,16,0,0,0,0,12,0,0,0,0
zc,WT209,2012-06-12 10:07:19.483,2165.0000,3716,0,0.0000,0.0000,0,0,多换,B,2164.0000,0.0000,0.0000,0.0000,0.0000,2165.0000,0.0000,0.0000,0.0000,0.0000,16,0,0,0,0,17,0,0,0,0
zc,WT209,2012-06-12 10:08:23.733,2165.0000,3716,0,0.0000,0.0000,0,0,多换,B,2164.0000,0.0000,0.0000,0.0000,0.0000,2165.0000,0.0000,0.0000,0.0000,0.0000,16,0,0,0,0,12,0,0,0,0
zc,WT209,2012-06-12 10:09:42.517,2165.0000,3716,0,0.0000,24.0000,12,12,多换,B,2164.0000,0.0000,0.0000,0.0000,0.0000,2166.0000,0.0000,0.0000,0.0000,0.0000,16,0,0,0,0,1,0,0,0,0
zc,WT209,2012-06-12 10:09:59.997,2165.0000,3716,0,0.0000,0.0000,0,0,多换,B,2164.0000,0.0000,0.0000,0.0000,0.0000,2165.0000,0.0000,0.0000,0.0000,0.0000,16,0,0,0,0,5,0,0,0,0
zc,WT209,2012-06-12 10:10:28.233,2165.0000,3716,0,0.0000,0.0000,0,0,多换,B,2164.0000,0.0000,0.0000,0.0000,0.0000,2165.0000,0.0000,0.0000,0.0000,0.0000,16,0,0,0,0,10,0,0,0,0
zc,WT209,2012-06-12 10:10:45.467,2165.0000,3716,0,0.0000,0.0000,0,0,多换,B,2164.0000,0.0000,0.0000,0.0000,0.0000,2165.0000,0.0000,0.0000,0.0000,0.0000,16,0,0,0,0,15,0,0,0,0
zc,WT209,2012-06-12 10:11:03.703,2165.0000,3716,0,0.0000,0.0000,0,0,多换,B,2164.0000,0.0000,0.0000,0.0000,0.0000,2165.0000,0.0000,0.0000,0.0000,0.0000,16,0,0,0,0,10,0,0,0,0
zc,WT209,2012-06-12 10:11:07.967,2165.0000,3716,0,0.0000,0.0000,0,0,多换,B,2164.0000,0.0000,0.0000,0.0000,0.0000,2165.0000,0.0000,0.0000,0.0000,0.0000,16,0,0,0,0,5,0,0,0,0
zc,WT209,2012-06-12 10:11:13.703,2165.0000,3716,0,0.0000,0.0000,0,0,多换,B,2164.0000,0.0000,0.0000,0.0000,0.0000,2165.0000,0.0000,0.0000,0.0000,0.0000,16,0,0,0,0,10,0,0,0,0
zc,WT209,2012-06-12 10:11:17.967,2165.0000,3714,-2,0.0000,2.0000,0,2,双平,B,2164.0000,0.0000,0.0000,0.0000,0.0000,2165.0000,0.0000,0.0000,0.0000,0.0000,16,0,0,0,0,9,0,0,0,0
zc,WT209,2012-06-12 10:11:27.953,2165.0000,3696,-18,0.0000,18.0000,0,18,双平,B,2164.0000,0.0000,0.0000,0.0000,0.0000,2166.0000,0.0000,0.0000,0.0000,0.0000,16,0,0,0,0,1,0,0,0,0
zc,WT209,2012-06-12 10:11:44.953,2165.0000,3696,0,0.0000,0.0000,0,0,多换,B,2164.0000,0.0000,0.0000,0.0000,0.0000,2166.0000,0.0000,0.0000,0.0000,0.0000,16,0,0,0,0,13,0,0,0,0
zc,WT209,2012-06-12 10:13:55.953,2165.0000,3696,0,0.0000,0.0000,0,0,多换,B,2165.0000,0.0000,0.0000,0.0000,0.0000,2166.0000,0.0000,0.0000,0.0000,0.0000,1,0,0,0,0,13,0,0,0,0
zc,WT209,2012-06-12 10:14:21.967,2165.0000,3696,0,0.0000,0.0000,0,0,多换,B,2164.0000,0.0000,0.0000,0.0000,0.0000,2166.0000,0.0000,0.0000,0.0000,0.0000,16,0,0,0,0,13,0,0,0,0
zc,WT209,2012-06-12 10:14:23.733,2166.0000,3696,0,0.0000,2.0000,1,1,多换,B,2164.0000,0.0000,0.0000,0.0000,0.0000,2166.0000,0.0000,0.0000,0.0000,0.0000,16,0,0,0,0,12,0,0,0,0
zc,WT209,2012-06-12 10:14:34.217,2166.0000,3696,0,0.0000,0.0000,0,0,多换,B,2165.0000,0.0000,0.0000,0.0000,0.0000,2166.0000,0.0000,0.0000,0.0000,0.0000,1,0,0,0,0,12,0,0,0,0
zc,WT209,2012-06-12 10:14:51.453,2166.0000,3696,0,0.0000,0.0000,0,0,多换,B,2165.0000,0.0000,0.0000,0.0000,0.0000,2166.0000,0.0000,0.0000,0.0000,0.0000,2,0,0,0,0,12,0,0,0,0
zc,WT209,2012-06-12 10:30:03.093,2166.0000,3696,0,0.0000,0.0000,0,0,多换,B,2165.0000,0.0000,0.0000,0.0000,0.0000,2166.0000,0.0000,0.0000,0.0000,0.0000,1,0,0,0,0,12,0,0,0,0
zc,WT209,2012-06-12 10:30:42.500,2166.0000,3696,0,0.0000,0.0000,0,0,多换,B,2164.0000,0.0000,0.0000,0.0000,0.0000,2166.0000,0.0000,0.0000,0.0000,0.0000,17,0,0,0,0,12,0,0,0,0
zc,WT209,2012-06-12 10:31:39.703,2166.0000,3696,0,0.0000,0.0000,0,0,多换,B,2165.0000,0.0000,0.0000,0.0000,0.0000,2166.0000,0.0000,0.0000,0.0000,0.0000,1,0,0,0,0,12,0,0,0,0
zc,WT209,2012-06-12 10:32:06.437,2165.0000,3696,0,0.0000,2.0000,1,1,空换,S,2164.0000,0.0000,0.0000,0.0000,0.0000,2166.0000,0.0000,0.0000,0.0000,0.0000,17,0,0,0,0,12,0,0,0,0
zc,WT209,2012-06-12 10:33:19.203,2165.0000,3696,0,0.0000,0.0000,0,0,空换,S,2164.0000,0.0000,0.0000,0.0000,0.0000,2166.0000,0.0000,0.0000,0.0000,0.0000,17,0,0,0,0,12,0,0,0,0
zc,WT209,2012-06-12 10:33:22.483,2165.0000,3696,0,0.0000,0.0000,0,0,空换,S,2164.0000,0.0000,0.0000,0.0000,0.0000,2166.0000,0.0000,0.0000,0.0000,0.0000,16,0,0,0,0,12,0,0,0,0
zc,WT209,2012-06-12 10:33:23.483,2165.0000,3696,0,0.0000,0.0000,0,0,空换,S,2165.0000,0.0000,0.0000,0.0000,0.0000,2166.0000,0.0000,0.0000,0.0000,0.0000,1,0,0,0,0,12,0,0,0,0
zc,WT209,2012-06-12 10:34:31.453,2165.0000,3696,0,0.0000,2.0000,1,1,空换,S,2164.0000,0.0000,0.0000,0.0000,0.0000,2166.0000,0.0000,0.0000,0.0000,0.0000,16,0,0,0,0,12,0,0,0,0
zc,WT209,2012-06-12 10:36:01.233,2165.0000,3696,0,0.0000,0.0000,0,0,空换,S,2165.0000,0.0000,0.0000,0.0000,0.0000,2166.0000,0.0000,0.0000,0.0000,0.0000,1,0,0,0,0,12,0,0,0,0
zc,WT209,2012-06-12 10:36:41.733,2165.0000,3698,2,0.0000,2.0000,2,0,双开,S,2164.0000,0.0000,0.0000,0.0000,0.0000,2166.0000,0.0000,0.0000,0.0000,0.0000,16,0,0,0,0,12,0,0,0,0
zc,WT209,2012-06-12 10:36:55.170,2165.0000,3698,0,0.0000,0.0000,0,0,空换,S,2164.0000,0.0000,0.0000,0.0000,0.0000,2166.0000,0.0000,0.0000,0.0000,0.0000,17,0,0,0,0,12,0,0,0,0
zc,WT209,2012-06-12 10:41:27.437,2165.0000,3698,0,0.0000,0.0000,0,0,空换,S,2165.0000,0.0000,0.0000,0.0000,0.0000,2166.0000,0.0000,0.0000,0.0000,0.0000,1,0,0,0,0,12,0,0,0,0
zc,WT209,2012-06-12 10:41:58.953,2165.0000,3698,0,0.0000,2.0000,1,1,空换,S,2164.0000,0.0000,0.0000,0.0000,0.0000,2166.0000,0.0000,0.0000,0.0000,0.0000,17,0,0,0,0,12,0,0,0,0
zc,WT209,2012-06-12 10:42:19.170,2165.0000,3698,0,0.0000,0.0000,0,0,空换,S,2164.0000,0.0000,0.0000,0.0000,0.0000,2166.0000,0.0000,0.0000,0.0000,0.0000,17,0,0,0,0,12,0,0,0,0
zc,WT209,2012-06-12 10:45:14.467,2164.0000,3696,-2,0.0000,2.0000,0,2,双平,S,2164.0000,0.0000,0.0000,0.0000,0.0000,2166.0000,0.0000,0.0000,0.0000,0.0000,16,0,0,0,0,12,0,0,0,0
zc,WT209,2012-06-12 10:48:18.983,2166.0000,3694,-2,0.0000,2.0000,0,2,双平,B,2164.0000,0.0000,0.0000,0.0000,0.0000,2166.0000,0.0000,0.0000,0.0000,0.0000,16,0,0,0,0,11,0,0,0,0
zc,WT209,2012-06-12 10:48:27.717,2166.0000,3694,0,0.0000,0.0000,0,0,多换,B,2164.0000,0.0000,0.0000,0.0000,0.0000,2166.0000,0.0000,0.0000,0.0000,0.0000,16,0,0,0,0,12,0,0,0,0
zc,WT209,2012-06-12 10:48:39.827,2166.0000,3694,0,0.0000,0.0000,0,0,多换,B,2164.0000,0.0000,0.0000,0.0000,0.0000,2166.0000,0.0000,0.0000,0.0000,0.0000,16,0,0,0,0,1,0,0,0,0
zc,WT209,2012-06-12 10:50:21.577,2166.0000,3694,0,0.0000,0.0000,0,0,多换,B,2164.0000,0.0000,0.0000,0.0000,0.0000,2166.0000,0.0000,0.0000,0.0000,0.0000,16,0,0,0,0,12,0,0,0,0
zc,WT209,2012-06-12 10:51:42.453,2166.0000,3694,0,0.0000,0.0000,0,0,多换,B,2164.0000,0.0000,0.0000,0.0000,0.0000,2166.0000,0.0000,0.0000,0.0000,0.0000,16,0,0,0,0,14,0,0,0,0
zc,WT209,2012-06-12 10:51:51.983,2166.0000,3694,0,0.0000,0.0000,0,0,多换,B,2164.0000,0.0000,0.0000,0.0000,0.0000,2165.0000,0.0000,0.0000,0.0000,0.0000,16,0,0,0,0,1,0,0,0,0
zc,WT209,2012-06-12 10:52:18.483,2165.0000,3692,-2,0.0000,2.0000,0,2,双平,S,2164.0000,0.0000,0.0000,0.0000,0.0000,2166.0000,0.0000,0.0000,0.0000,0.0000,16,0,0,0,0,14,0,0,0,0
zc,WT209,2012-06-12 10:53:09.733,2165.0000,3692,0,0.0000,0.0000,0,0,空换,S,2164.0000,0.0000,0.0000,0.0000,0.0000,2166.0000,0.0000,0.0000,0.0000,0.0000,16,0,0,0,0,13,0,0,0,0
zc,WT209,2012-06-12 10:54:42.217,2165.0000,3692,0,0.0000,0.0000,0,0,空换,S,2164.0000,0.0000,0.0000,0.0000,0.0000,2165.0000,0.0000,0.0000,0.0000,0.0000,16,0,0,0,0,1,0,0,0,0
zc,WT209,2012-06-12 10:55:18.217,2165.0000,3692,0,0.0000,2.0000,1,1,空换,S,2164.0000,0.0000,0.0000,0.0000,0.0000,2166.0000,0.0000,0.0000,0.0000,0.0000,16,0,0,0,0,13,0,0,0,0
zc,WT209,2012-06-12 10:56:29.983,2165.0000,3692,0,0.0000,0.0000,0,0,空换,S,2164.0000,0.0000,0.0000,0.0000,0.0000,2166.0000,0.0000,0.0000,0.0000,0.0000,16,0,0,0,0,11,0,0,0,0
zc,WT209,2012-06-12 10:56:35.017,2165.0000,3692,0,0.0000,0.0000,0,0,空换,S,2165.0000,0.0000,0.0000,0.0000,0.0000,2166.0000,0.0000,0.0000,0.0000,0.0000,1,0,0,0,0,11,0,0,0,0
zc,WT209,2012-06-12 10:56:39.217,2165.0000,3692,0,0.0000,2.0000,1,1,空换,S,2164.0000,0.0000,0.0000,0.0000,0.0000,2165.0000,0.0000,0.0000,0.0000,0.0000,16,0,0,0,0,1,0,0,0,0
zc,WT209,2012-06-12 10:57:37.967,2165.0000,3690,-2,0.0000,2.0000,0,2,双平,S,2164.0000,0.0000,0.0000,0.0000,0.0000,2166.0000,0.0000,0.0000,0.0000,0.0000,16,0,0,0,0,11,0,0,0,0
zc,WT209,2012-06-12 10:57:52.517,2165.0000,3690,0,0.0000,0.0000,0,0,空换,S,2164.0000,0.0000,0.0000,0.0000,0.0000,2166.0000,0.0000,0.0000,0.0000,0.0000,17,0,0,0,0,11,0,0,0,0
zc,WT209,2012-06-12 10:59:16.217,2165.0000,3690,0,0.0000,0.0000,0,0,空换,S,2165.0000,0.0000,0.0000,0.0000,0.0000,2166.0000,0.0000,0.0000,0.0000,0.0000,1,0,0,0,0,11,0,0,0,0
zc,WT209,2012-06-12 10:59:44.967,2165.0000,3692,2,0.0000,2.0000,2,0,双开,S,2164.0000,0.0000,0.0000,0.0000,0.0000,2166.0000,0.0000,0.0000,0.0000,0.0000,17,0,0,0,0,11,0,0,0,0
zc,WT209,2012-06-12 11:02:08.983,2165.0000,3692,0,0.0000,0.0000,0,0,空换,S,2164.0000,0.0000,0.0000,0.0000,0.0000,2166.0000,0.0000,0.0000,0.0000,0.0000,16,0,0,0,0,11,0,0,0,0
zc,WT209,2012-06-12 11:05:31.717,2165.0000,3692,0,0.0000,0.0000,0,0,空换,S,2164.0000,0.0000,0.0000,0.0000,0.0000,2165.0000,0.0000,0.0000,0.0000,0.0000,16,0,0,0,0,1,0,0,0,0
zc,WT209,2012-06-12 11:07:28.233,2165.0000,3690,-2,0.0000,2.0000,0,2,双平,S,2164.0000,0.0000,0.0000,0.0000,0.0000,2166.0000,0.0000,0.0000,0.0000,0.0000,16,0,0,0,0,11,0,0,0,0
zc,WT209,2012-06-12 11:07:30.500,2165.0000,3690,0,0.0000,0.0000,0,0,空换,S,2165.0000,0.0000,0.0000,0.0000,0.0000,2166.0000,0.0000,0.0000,0.0000,0.0000,1,0,0,0,0,11,0,0,0,0
zc,WT209,2012-06-12 11:07:44.703,2165.0000,3690,0,0.0000,0.0000,0,0,空换,S,2164.0000,0.0000,0.0000,0.0000,0.0000,2166.0000,0.0000,0.0000,0.0000,0.0000,16,0,0,0,0,11,0,0,0,0
zc,WT209,2012-06-12 11:07:48.780,2165.0000,3690,0,0.0000,0.0000,0,0,空换,S,2164.0000,0.0000,0.0000,0.0000,0.0000,2166.0000,0.0000,0.0000,0.0000,0.0000,16,0,0,0,0,12,0,0,0,0
zc,WT209,2012-06-12 11:08:19.953,2165.0000,3690,0,0.0000,0.0000,0,0,空换,S,2164.0000,0.0000,0.0000,0.0000,0.0000,2166.0000,0.0000,0.0000,0.0000,0.0000,16,0,0,0,0,13,0,0,0,0
zc,WT209,2012-06-12 11:10:01.203,2165.0000,3690,0,0.0000,0.0000,0,0,空换,S,2164.0000,0.0000,0.0000,0.0000,0.0000,2166.0000,0.0000,0.0000,0.0000,0.0000,16,0,0,0,0,12,0,0,0,0
zc,WT209,2012-06-12 11:12:35.483,2165.0000,3690,0,0.0000,0.0000,0,0,空换,S,2165.0000,0.0000,0.0000,0.0000,0.0000,2166.0000,0.0000,0.0000,0.0000,0.0000,1,0,0,0,0,12,0,0,0,0
zc,WT209,2012-06-12 11:22:18.953,2165.0000,3690,0,0.0000,0.0000,0,0,空换,S,2165.0000,0.0000,0.0000,0.0000,0.0000,2166.0000,0.0000,0.0000,0.0000,0.0000,1,0,0,0,0,12,0,0,0,0
zc,WT209,2012-06-12 11:23:18.953,2165.0000,3690,0,0.0000,0.0000,0,0,空换,S,2165.0000,0.0000,0.0000,0.0000,0.0000,2166.0000,0.0000,0.0000,0.0000,0.0000,1,0,0,0,0,12,0,0,0,0
zc,WT209,2012-06-12 11:24:52.750,2165.0000,3690,0,0.0000,2.0000,1,1,空换,S,2164.0000,0.0000,0.0000,0.0000,0.0000,2166.0000,0.0000,0.0000,0.0000,0.0000,16,0,0,0,0,12,0,0,0,0
zc,WT209,2012-06-12 11:25:42.767,2165.0000,3690,0,0.0000,0.0000,0,0,空换,S,2165.0000,0.0000,0.0000,0.0000,0.0000,2166.0000,0.0000,0.0000,0.0000,0.0000,5,0,0,0,0,12,0,0,0,0
zc,WT209,2012-06-12 11:26:12.767,2166.0000,3688,-2,0.0000,2.0000,0,2,双平,B,2165.0000,0.0000,0.0000,0.0000,0.0000,2166.0000,0.0000,0.0000,0.0000,0.0000,5,0,0,0,0,11,0,0,0,0
zc,WT209,2012-06-12 11:26:25.250,2166.0000,3688,0,0.0000,8.0000,4,4,多换,B,2165.0000,0.0000,0.0000,0.0000,0.0000,2166.0000,0.0000,0.0000,0.0000,0.0000,5,0,0,0,0,7,0,0,0,0
zc,WT209,2012-06-12 11:26:26.997,2166.0000,3688,0,0.0000,0.0000,0,0,多换,B,2164.0000,0.0000,0.0000,0.0000,0.0000,2166.0000,0.0000,0.0000,0.0000,0.0000,16,0,0,0,0,7,0,0,0,0
zc,WT209,2012-06-12 11:26:29.233,2166.0000,3688,0,0.0000,8.0000,4,4,多换,B,2164.0000,0.0000,0.0000,0.0000,0.0000,2166.0000,0.0000,0.0000,0.0000,0.0000,16,0,0,0,0,3,0,0,0,0
zc,WT209,2012-06-12 11:26:34.483,2166.0000,3688,0,0.0000,0.0000,0,0,多换,B,2165.0000,0.0000,0.0000,0.0000,0.0000,2166.0000,0.0000,0.0000,0.0000,0.0000,1,0,0,0,0,3,0,0,0,0
zc,WT209,2012-06-12 11:26:46.717,2166.0000,3690,2,0.0000,6.0000,4,2,多开,B,2166.0000,0.0000,0.0000,0.0000,0.0000,2167.0000,0.0000,0.0000,0.0000,0.0000,7,0,0,0,0,1,0,0,0,0
zc,WT209,2012-06-12 11:26:47.233,2166.0000,3690,0,0.0000,0.0000,0,0,多换,B,2166.0000,0.0000,0.0000,0.0000,0.0000,2167.0000,0.0000,0.0000,0.0000,0.0000,9,0,0,0,0,1,0,0,0,0
zc,WT209,2012-06-12 11:27:12.500,2166.0000,3690,0,0.0000,0.0000,0,0,多换,B,2166.0000,0.0000,0.0000,0.0000,0.0000,2167.0000,0.0000,0.0000,0.0000,0.0000,7,0,0,0,0,1,0,0,0,0
zc,WT209,2012-06-12 11:29:07.203,2167.0000,3692,2,0.0000,2.0000,2,0,双开,B,2167.0000,0.0000,0.0000,0.0000,0.0000,2172.0000,0.0000,0.0000,0.0000,0.0000,6,0,0,0,0,1,0,0,0,0
zc,WT209,2012-06-12 11:29:16.997,2167.0000,3692,0,0.0000,0.0000,0,0,多换,B,2167.0000,0.0000,0.0000,0.0000,0.0000,2172.0000,0.0000,0.0000,0.0000,0.0000,6,0,0,0,0,2,0,0,0,0
zc,WT209,2012-06-12 11:29:18.953,2167.0000,3692,0,0.0000,0.0000,0,0,多换,B,2167.0000,0.0000,0.0000,0.0000,0.0000,2172.0000,0.0000,0.0000,0.0000,0.0000,6,0,0,0,0,2,0,0,0,0
zc,WT209,2012-06-12 11:29:44.467,2167.0000,3692,0,0.0000,0.0000,0,0,多换,B,2167.0000,0.0000,0.0000,0.0000,0.0000,2171.0000,0.0000,0.0000,0.0000,0.0000,6,0,0,0,0,1,0,0,0,0
zc,WT209,2012-06-12 12:33:18.937,2167.0000,3692,0,0.0000,0.0000,0,0,多换,B,2167.0000,0.0000,0.0000,0.0000,0.0000,2171.0000,0.0000,0.0000,0.0000,0.0000,6,0,0,0,0,1,0,0,0,0
zc,WT209,2012-06-12 12:49:18.907,2167.0000,3692,0,0.0000,0.0000,0,0,多换,B,2167.0000,0.0000,0.0000,0.0000,0.0000,2171.0000,0.0000,0.0000,0.0000,0.0000,6,0,0,0,0,1,0,0,0,0
zc,WT209,2012-06-12 12:58:18.907,2167.0000,3692,0,0.0000,0.0000,0,0,多换,B,2167.0000,0.0000,0.0000,0.0000,0.0000,2171.0000,0.0000,0.0000,0.0000,0.0000,6,0,0,0,0,1,0,0,0,0
zc,WT209,2012-06-12 13:12:18.907,2167.0000,3692,0,0.0000,0.0000,0,0,多换,B,2167.0000,0.0000,0.0000,0.0000,0.0000,2171.0000,0.0000,0.0000,0.0000,0.0000,6,0,0,0,0,1,0,0,0,0
zc,WT209,2012-06-12 13:19:18.920,2167.0000,3692,0,0.0000,0.0000,0,0,多换,B,2167.0000,0.0000,0.0000,0.0000,0.0000,2171.0000,0.0000,0.0000,0.0000,0.0000,6,0,0,0,0,1,0,0,0,0
zc,WT209,2012-06-12 13:25:18.920,2167.0000,3692,0,0.0000,0.0000,0,0,多换,B,2167.0000,0.0000,0.0000,0.0000,0.0000,2171.0000,0.0000,0.0000,0.0000,0.0000,6,0,0,0,0,1,0,0,0,0
zc,WT209,2012-06-12 13:27:18.920,2167.0000,3692,0,0.0000,0.0000,0,0,多换,B,2167.0000,0.0000,0.0000,0.0000,0.0000,2171.0000,0.0000,0.0000,0.0000,0.0000,6,0,0,0,0,1,0,0,0,0
zc,WT209,2012-06-12 13:33:09.170,2167.0000,3692,0,0.0000,0.0000,0,0,多换,B,2167.0000,0.0000,0.0000,0.0000,0.0000,2170.0000,0.0000,0.0000,0.0000,0.0000,6,0,0,0,0,1,0,0,0,0
zc,WT209,2012-06-12 13:33:21.920,2167.0000,3692,0,0.0000,0.0000,0,0,多换,B,2167.0000,0.0000,0.0000,0.0000,0.0000,2171.0000,0.0000,0.0000,0.0000,0.0000,6,0,0,0,0,2,0,0,0,0
zc,WT209,2012-06-12 13:33:57.687,2167.0000,3692,0,0.0000,0.0000,0,0,多换,B,2167.0000,0.0000,0.0000,0.0000,0.0000,2170.0000,0.0000,0.0000,0.0000,0.0000,6,0,0,0,0,20,0,0,0,0
zc,WT209,2012-06-12 13:36:44.203,2167.0000,3692,0,0.0000,0.0000,0,0,多换,B,2167.0000,0.0000,0.0000,0.0000,0.0000,2169.0000,0.0000,0.0000,0.0000,0.0000,6,0,0,0,0,1,0,0,0,0
zc,WT209,2012-06-12 13:37:13.170,2167.0000,3692,0,0.0000,0.0000,0,0,多换,B,2167.0000,0.0000,0.0000,0.0000,0.0000,2168.0000,0.0000,0.0000,0.0000,0.0000,6,0,0,0,0,1,0,0,0,0
zc,WT209,2012-06-12 13:38:46.967,2167.0000,3692,0,0.0000,0.0000,0,0,多换,B,2167.0000,0.0000,0.0000,0.0000,0.0000,2168.0000,0.0000,0.0000,0.0000,0.0000,6,0,0,0,0,2,0,0,0,0
zc,WT209,2012-06-12 13:39:08.517,2167.0000,3692,0,0.0000,0.0000,0,0,多换,B,2167.0000,0.0000,0.0000,0.0000,0.0000,2168.0000,0.0000,0.0000,0.0000,0.0000,6,0,0,0,0,1,0,0,0,0
zc,WT209,2012-06-12 13:39:37.233,2167.0000,3692,0,0.0000,2.0000,1,1,多换,B,2167.0000,0.0000,0.0000,0.0000,0.0000,2168.0000,0.0000,0.0000,0.0000,0.0000,5,0,0,0,0,1,0,0,0,0
zc,WT209,2012-06-12 13:40:45.937,2167.0000,3694,2,0.0000,2.0000,2,0,双开,B,2167.0000,0.0000,0.0000,0.0000,0.0000,2168.0000,0.0000,0.0000,0.0000,0.0000,4,0,0,0,0,1,0,0,0,0
zc,WT209,2012-06-12 13:40:58.407,2167.0000,3694,0,0.0000,0.0000,0,0,多换,B,2167.0000,0.0000,0.0000,0.0000,0.0000,2170.0000,0.0000,0.0000,0.0000,0.0000,4,0,0,0,0,21,0,0,0,0
zc,WT209,2012-06-12 13:41:11.687,2167.0000,3694,0,0.0000,0.0000,0,0,多换,B,2167.0000,0.0000,0.0000,0.0000,0.0000,2169.0000,0.0000,0.0000,0.0000,0.0000,4,0,0,0,0,1,0,0,0,0
zc,WT209,2012-06-12 13:41:15.170,2167.0000,3694,0,0.0000,0.0000,0,0,多换,B,2167.0000,0.0000,0.0000,0.0000,0.0000,2169.0000,0.0000,0.0000,0.0000,0.0000,4,0,0,0,0,2,0,0,0,0
zc,WT209,2012-06-12 13:42:21.203,2167.0000,3694,0,0.0000,2.0000,1,1,多换,B,2167.0000,0.0000,0.0000,0.0000,0.0000,2169.0000,0.0000,0.0000,0.0000,0.0000,3,0,0,0,0,2,0,0,0,0
zc,WT209,2012-06-12 13:42:55.187,2167.0000,3694,0,0.0000,2.0000,1,1,多换,B,2167.0000,0.0000,0.0000,0.0000,0.0000,2169.0000,0.0000,0.0000,0.0000,0.0000,2,0,0,0,0,2,0,0,0,0
zc,WT209,2012-06-12 13:43:05.687,2167.0000,3694,0,0.0000,0.0000,0,0,多换,B,2167.0000,0.0000,0.0000,0.0000,0.0000,2169.0000,0.0000,0.0000,0.0000,0.0000,3,0,0,0,0,2,0,0,0,0
zc,WT209,2012-06-12 13:43:18.937,2167.0000,3694,0,0.0000,0.0000,0,0,多换,B,2167.0000,0.0000,0.0000,0.0000,0.0000,2169.0000,0.0000,0.0000,0.0000,0.0000,3,0,0,0,0,2,0,0,0,0
zc,WT209,2012-06-12 13:44:41.687,2167.0000,3696,2,0.0000,2.0000,2,0,双开,B,2167.0000,0.0000,0.0000,0.0000,0.0000,2169.0000,0.0000,0.0000,0.0000,0.0000,2,0,0,0,0,2,0,0,0,0
zc,WT209,2012-06-12 13:45:25.467,2167.0000,3700,4,0.0000,4.0000,4,0,双开,B,2165.0000,0.0000,0.0000,0.0000,0.0000,2169.0000,0.0000,0.0000,0.0000,0.0000,1,0,0,0,0,2,0,0,0,0
zc,WT209,2012-06-12 13:45:37.997,2167.0000,3700,0,0.0000,0.0000,0,0,多换,B,2165.0000,0.0000,0.0000,0.0000,0.0000,2168.0000,0.0000,0.0000,0.0000,0.0000,1,0,0,0,0,1,0,0,0,0
zc,WT209,2012-06-12 13:46:13.453,2167.0000,3700,0,0.0000,0.0000,0,0,多换,B,2165.0000,0.0000,0.0000,0.0000,0.0000,2168.0000,0.0000,0.0000,0.0000,0.0000,4,0,0,0,0,1,0,0,0,0
zc,WT209,2012-06-12 13:46:13.657,2165.0000,3698,-2,0.0000,2.0000,0,2,双平,S,2165.0000,0.0000,0.0000,0.0000,0.0000,2168.0000,0.0000,0.0000,0.0000,0.0000,3,0,0,0,0,1,0,0,0,0
zc,WT209,2012-06-12 13:46:28.670,2165.0000,3698,0,0.0000,0.0000,0,0,空换,S,2165.0000,0.0000,0.0000,0.0000,0.0000,2167.0000,0.0000,0.0000,0.0000,0.0000,3,0,0,0,0,1,0,0,0,0
zc,WT209,2012-06-12 13:47:27.157,2167.0000,3700,2,0.0000,2.0000,2,0,双开,B,2167.0000,0.0000,0.0000,0.0000,0.0000,2169.0000,0.0000,0.0000,0.0000,0.0000,4,0,0,0,0,1,0,0,0,0
zc,WT209,2012-06-12 13:48:17.937,2167.0000,3700,0,0.0000,0.0000,0,0,多换,B,2167.0000,0.0000,0.0000,0.0000,0.0000,2169.0000,0.0000,0.0000,0.0000,0.0000,4,0,0,0,0,2,0,0,0,0
zc,WT209,2012-06-12 13:48:54.920,2167.0000,3700,0,0.0000,0.0000,0,0,多换,B,2167.0000,0.0000,0.0000,0.0000,0.0000,2168.0000,0.0000,0.0000,0.0000,0.0000,4,0,0,0,0,1,0,0,0,0
zc,WT209,2012-06-12 13:49:46.670,2168.0000,3698,-2,0.0000,2.0000,0,2,双平,B,2168.0000,0.0000,0.0000,0.0000,0.0000,2169.0000,0.0000,0.0000,0.0000,0.0000,1,0,0,0,0,2,0,0,0,0
zc,WT209,2012-06-12 13:49:56.187,2168.0000,3696,-2,0.0000,2.0000,0,2,双平,B,2167.0000,0.0000,0.0000,0.0000,0.0000,2168.0000,0.0000,0.0000,0.0000,0.0000,4,0,0,0,0,3,0,0,0,0
zc,WT209,2012-06-12 13:50:07.313,2168.0000,3696,0,0.0000,0.0000,0,0,多换,B,2167.0000,0.0000,0.0000,0.0000,0.0000,2168.0000,0.0000,0.0000,0.0000,0.0000,4,0,0,0,0,4,0,0,0,0
zc,WT209,2012-06-12 13:50:18.937,2168.0000,3696,0,0.0000,0.0000,0,0,多换,B,2167.0000,0.0000,0.0000,0.0000,0.0000,2168.0000,0.0000,0.0000,0.0000,0.0000,4,0,0,0,0,4,0,0,0,0
zc,WT209,2012-06-12 13:50:19.437,2168.0000,3696,0,0.0000,0.0000,0,0,多换,B,2167.0000,0.0000,0.0000,0.0000,0.0000,2168.0000,0.0000,0.0000,0.0000,0.0000,4,0,0,0,0,3,0,0,0,0
zc,WT209,2012-06-12 13:51:18.907,2168.0000,3696,0,0.0000,0.0000,0,0,多换,B,2167.0000,0.0000,0.0000,0.0000,0.0000,2168.0000,0.0000,0.0000,0.0000,0.0000,4,0,0,0,0,3,0,0,0,0
zc,WT209,2012-06-12 13:51:26.670,2168.0000,3696,0,0.0000,0.0000,0,0,多换,B,2167.0000,0.0000,0.0000,0.0000,0.0000,2168.0000,0.0000,0.0000,0.0000,0.0000,4,0,0,0,0,4,0,0,0,0
zc,WT209,2012-06-12 13:51:38.687,2168.0000,3696,0,0.0000,0.0000,0,0,多换,B,2167.0000,0.0000,0.0000,0.0000,0.0000,2168.0000,0.0000,0.0000,0.0000,0.0000,5,0,0,0,0,4,0,0,0,0
zc,WT209,2012-06-12 13:52:12.657,2168.0000,3696,0,0.0000,0.0000,0,0,多换,B,2167.0000,0.0000,0.0000,0.0000,0.0000,2168.0000,0.0000,0.0000,0.0000,0.0000,5,0,0,0,0,5,0,0,0,0
zc,WT209,2012-06-12 13:52:35.157,2168.0000,3696,0,0.0000,0.0000,0,0,多换,B,2167.0000,0.0000,0.0000,0.0000,0.0000,2168.0000,0.0000,0.0000,0.0000,0.0000,10,0,0,0,0,5,0,0,0,0
zc,WT209,2012-06-12 13:52:49.217,2168.0000,3696,0,0.0000,0.0000,0,0,多换,B,2167.0000,0.0000,0.0000,0.0000,0.0000,2168.0000,0.0000,0.0000,0.0000,0.0000,9,0,0,0,0,5,0,0,0,0
zc,WT209,2012-06-12 13:56:23.920,2167.0000,3700,4,0.0000,4.0000,4,0,双开,S,2167.0000,0.0000,0.0000,0.0000,0.0000,2168.0000,0.0000,0.0000,0.0000,0.0000,7,0,0,0,0,5,0,0,0,0
zc,WT209,2012-06-12 14:03:11.657,2167.0000,3700,0,0.0000,2.0000,1,1,空换,S,2167.0000,0.0000,0.0000,0.0000,0.0000,2168.0000,0.0000,0.0000,0.0000,0.0000,6,0,0,0,0,5,0,0,0,0
zc,WT209,2012-06-12 14:13:01.907,2167.0000,3700,0,0.0000,0.0000,0,0,空换,S,2167.0000,0.0000,0.0000,0.0000,0.0000,2168.0000,0.0000,0.0000,0.0000,0.0000,6,0,0,0,0,7,0,0,0,0
zc,WT209,2012-06-12 14:13:18.907,2167.0000,3700,0,0.0000,0.0000,0,0,空换,S,2167.0000,0.0000,0.0000,0.0000,0.0000,2168.0000,0.0000,0.0000,0.0000,0.0000,6,0,0,0,0,7,0,0,0,0
zc,WT209,2012-06-12 14:14:04.890,2167.0000,3700,0,0.0000,0.0000,0,0,空换,S,2167.0000,0.0000,0.0000,0.0000,0.0000,2168.0000,0.0000,0.0000,0.0000,0.0000,6,0,0,0,0,5,0,0,0,0
zc,WT209,2012-06-12 14:15:30.937,2167.0000,3700,0,0.0000,2.0000,1,1,空换,S,2167.0000,0.0000,0.0000,0.0000,0.0000,2168.0000,0.0000,0.0000,0.0000,0.0000,5,0,0,0,0,5,0,0,0,0
zc,WT209,2012-06-12 14:16:32.670,2168.0000,3700,0,0.0000,4.0000,2,2,多换,B,2167.0000,0.0000,0.0000,0.0000,0.0000,2168.0000,0.0000,0.0000,0.0000,0.0000,5,0,0,0,0,3,0,0,0,0
zc,WT209,2012-06-12 14:21:52.907,2167.0000,3702,2,0.0000,2.0000,2,0,双开,S,2167.0000,0.0000,0.0000,0.0000,0.0000,2168.0000,0.0000,0.0000,0.0000,0.0000,4,0,0,0,0,3,0,0,0,0
zc,WT209,2012-06-12 14:23:18.907,2167.0000,3702,0,0.0000,0.0000,0,0,空换,S,2167.0000,0.0000,0.0000,0.0000,0.0000,2168.0000,0.0000,0.0000,0.0000,0.0000,4,0,0,0,0,3,0,0,0,0
zc,WT209,2012-06-12 14:23:50.140,2168.0000,3700,-2,0.0000,2.0000,0,2,双平,B,2167.0000,0.0000,0.0000,0.0000,0.0000,2168.0000,0.0000,0.0000,0.0000,0.0000,4,0,0,0,0,2,0,0,0,0
zc,WT209,2012-06-12 14:24:36.407,2167.0000,3702,2,0.0000,2.0000,2,0,双开,S,2167.0000,0.0000,0.0000,0.0000,0.0000,2168.0000,0.0000,0.0000,0.0000,0.0000,3,0,0,0,0,2,0,0,0,0
zc,WT209,2012-06-12 14:25:38.407,2167.0000,3702,0,0.0000,0.0000,0,0,空换,S,2167.0000,0.0000,0.0000,0.0000,0.0000,2168.0000,0.0000,0.0000,0.0000,0.0000,3,0,0,0,0,1,0,0,0,0
zc,WT209,2012-06-12 14:25:46.390,2167.0000,3702,0,0.0000,2.0000,1,1,空换,S,2167.0000,0.0000,0.0000,0.0000,0.0000,2168.0000,0.0000,0.0000,0.0000,0.0000,2,0,0,0,0,1,0,0,0,0
zc,WT209,2012-06-12 14:26:18.890,2167.0000,3702,0,0.0000,0.0000,0,0,空换,S,2167.0000,0.0000,0.0000,0.0000,0.0000,2168.0000,0.0000,0.0000,0.0000,0.0000,2,0,0,0,0,1,0,0,0,0
zc,WT209,2012-06-12 14:29:23.187,2168.0000,3700,-2,0.0000,2.0000,0,2,双平,B,2167.0000,0.0000,0.0000,0.0000,0.0000,2170.0000,0.0000,0.0000,0.0000,0.0000,2,0,0,0,0,21,0,0,0,0
zc,WT209,2012-06-12 14:29:31.873,2168.0000,3700,0,0.0000,0.0000,0,0,多换,B,2167.0000,0.0000,0.0000,0.0000,0.0000,2169.0000,0.0000,0.0000,0.0000,0.0000,2,0,0,0,0,1,0,0,0,0
zc,WT209,2012-06-12 14:29:41.890,2167.0000,3700,0,0.0000,2.0000,1,1,空换,S,2167.0000,0.0000,0.0000,0.0000,0.0000,2169.0000,0.0000,0.0000,0.0000,0.0000,1,0,0,0,0,1,0,0,0,0
zc,WT209,2012-06-12 14:32:12.420,2169.0000,3702,2,0.0000,2.0000,2,0,双开,B,2167.0000,0.0000,0.0000,0.0000,0.0000,2170.0000,0.0000,0.0000,0.0000,0.0000,1,0,0,0,0,21,0,0,0,0
zc,WT209,2012-06-12 14:32:22.907,2169.0000,3702,0,0.0000,0.0000,0,0,多换,B,2168.0000,0.0000,0.0000,0.0000,0.0000,2170.0000,0.0000,0.0000,0.0000,0.0000,1,0,0,0,0,21,0,0,0,0
zc,WT209,2012-06-12 14:32:25.657,2170.0000,3660,-42,0.0000,42.0000,0,42,双平,B,2168.0000,0.0000,0.0000,0.0000,0.0000,2171.0000,0.0000,0.0000,0.0000,0.0000,1,0,0,0,0,1,0,0,0,0
zc,WT209,2012-06-12 14:32:33.920,2170.0000,3662,2,0.0000,2.0000,2,0,双开,B,2170.0000,0.0000,0.0000,0.0000,0.0000,2171.0000,0.0000,0.0000,0.0000,0.0000,4,0,0,0,0,1,0,0,0,0
zc,WT209,2012-06-12 14:33:05.907,2170.0000,3670,8,0.0000,8.0000,8,0,双开,B,2168.0000,0.0000,0.0000,0.0000,0.0000,2171.0000,0.0000,0.0000,0.0000,0.0000,1,0,0,0,0,1,0,0,0,0
zc,WT209,2012-06-12 14:33:09.907,2170.0000,3670,0,0.0000,0.0000,0,0,多换,B,2168.0000,0.0000,0.0000,0.0000,0.0000,2171.0000,0.0000,0.0000,0.0000,0.0000,1,0,0,0,0,2,0,0,0,0
zc,WT209,2012-06-12 14:33:12.937,2170.0000,3670,0,0.0000,0.0000,0,0,多换,B,2168.0000,0.0000,0.0000,0.0000,0.0000,2171.0000,0.0000,0.0000,0.0000,0.0000,1,0,0,0,0,3,0,0,0,0
zc,WT209,2012-06-12 14:33:13.657,2170.0000,3670,0,0.0000,0.0000,0,0,多换,B,2170.0000,0.0000,0.0000,0.0000,0.0000,2171.0000,0.0000,0.0000,0.0000,0.0000,5,0,0,0,0,3,0,0,0,0
zc,WT209,2012-06-12 14:33:17.657,2170.0000,3670,0,0.0000,4.0000,2,2,多换,B,2170.0000,0.0000,0.0000,0.0000,0.0000,2171.0000,0.0000,0.0000,0.0000,0.0000,3,0,0,0,0,3,0,0,0,0
zc,WT209,2012-06-12 14:33:19.907,2170.0000,3670,0,0.0000,4.0000,2,2,多换,B,2170.0000,0.0000,0.0000,0.0000,0.0000,2171.0000,0.0000,0.0000,0.0000,0.0000,1,0,0,0,0,3,0,0,0,0
zc,WT209,2012-06-12 14:33:27.170,2170.0000,3672,2,0.0000,2.0000,2,0,双开,B,2168.0000,0.0000,0.0000,0.0000,0.0000,2171.0000,0.0000,0.0000,0.0000,0.0000,1,0,0,0,0,3,0,0,0,0
zc,WT209,2012-06-12 14:33:32.123,2170.0000,3672,0,0.0000,0.0000,0,0,多换,B,2170.0000,0.0000,0.0000,0.0000,0.0000,2171.0000,0.0000,0.0000,0.0000,0.0000,5,0,0,0,0,3,0,0,0,0
zc,WT209,2012-06-12 14:33:36.657,2170.0000,3672,0,0.0000,0.0000,0,0,多换,B,2170.0000,0.0000,0.0000,0.0000,0.0000,2171.0000,0.0000,0.0000,0.0000,0.0000,5,0,0,0,0,2,0,0,0,0
zc,WT209,2012-06-12 14:33:45.170,2170.0000,3672,0,0.0000,4.0000,2,2,多换,B,2170.0000,0.0000,0.0000,0.0000,0.0000,2171.0000,0.0000,0.0000,0.0000,0.0000,3,0,0,0,0,2,0,0,0,0
zc,WT209,2012-06-12 14:34:07.157,2170.0000,3672,0,0.0000,4.0000,2,2,多换,B,2170.0000,0.0000,0.0000,0.0000,0.0000,2171.0000,0.0000,0.0000,0.0000,0.0000,1,0,0,0,0,2,0,0,0,0
zc,WT209,2012-06-12 14:34:09.407,2170.0000,3674,2,0.0000,2.0000,2,0,双开,B,2168.0000,0.0000,0.0000,0.0000,0.0000,2171.0000,0.0000,0.0000,0.0000,0.0000,1,0,0,0,0,2,0,0,0,0
zc,WT209,2012-06-12 14:34:11.703,2170.0000,3674,0,0.0000,0.0000,0,0,多换,B,2170.0000,0.0000,0.0000,0.0000,0.0000,2171.0000,0.0000,0.0000,0.0000,0.0000,5,0,0,0,0,2,0,0,0,0
zc,WT209,2012-06-12 14:34:16.390,2170.0000,3674,0,0.0000,4.0000,2,2,多换,B,2170.0000,0.0000,0.0000,0.0000,0.0000,2171.0000,0.0000,0.0000,0.0000,0.0000,3,0,0,0,0,2,0,0,0,0
zc,WT209,2012-06-12 14:34:17.373,2170.0000,3674,0,0.0000,4.0000,2,2,多换,B,2170.0000,0.0000,0.0000,0.0000,0.0000,2171.0000,0.0000,0.0000,0.0000,0.0000,1,0,0,0,0,2,0,0,0,0
zc,WT209,2012-06-12 14:34:31.390,2170.0000,3676,2,0.0000,2.0000,2,0,双开,B,2168.0000,0.0000,0.0000,0.0000,0.0000,2171.0000,0.0000,0.0000,0.0000,0.0000,1,0,0,0,0,2,0,0,0,0
zc,WT209,2012-06-12 14:34:36.907,2170.0000,3676,0,0.0000,0.0000,0,0,多换,B,2168.0000,0.0000,0.0000,0.0000,0.0000,2171.0000,0.0000,0.0000,0.0000,0.0000,2,0,0,0,0,2,0,0,0,0
zc,WT209,2012-06-12 14:34:39.123,2170.0000,3676,0,0.0000,0.0000,0,0,多换,B,2168.0000,0.0000,0.0000,0.0000,0.0000,2171.0000,0.0000,0.0000,0.0000,0.0000,4,0,0,0,0,2,0,0,0,0
zc,WT209,2012-06-12 14:34:53.640,2171.0000,3676,0,0.0000,4.0000,2,2,多换,B,2168.0000,0.0000,0.0000,0.0000,0.0000,2173.0000,0.0000,0.0000,0.0000,0.0000,4,0,0,0,0,2,0,0,0,0
zc,WT209,2012-06-12 14:35:01.373,2171.0000,3676,0,0.0000,0.0000,0,0,多换,B,2170.0000,0.0000,0.0000,0.0000,0.0000,2173.0000,0.0000,0.0000,0.0000,0.0000,1,0,0,0,0,2,0,0,0,0
zc,WT209,2012-06-12 14:35:01.907,2171.0000,3676,0,0.0000,0.0000,0,0,多换,B,2170.0000,0.0000,0.0000,0.0000,0.0000,2173.0000,0.0000,0.0000,0.0000,0.0000,1,0,0,0,0,3,0,0,0,0
zc,WT209,2012-06-12 14:35:03.140,2171.0000,3676,0,0.0000,0.0000,0,0,多换,B,2170.0000,0.0000,0.0000,0.0000,0.0000,2173.0000,0.0000,0.0000,0.0000,0.0000,6,0,0,0,0,3,0,0,0,0
zc,WT209,2012-06-12 14:35:51.640,2171.0000,3676,0,0.0000,0.0000,0,0,多换,B,2171.0000,0.0000,0.0000,0.0000,0.0000,2173.0000,0.0000,0.0000,0.0000,0.0000,1,0,0,0,0,3,0,0,0,0
zc,WT209,2012-06-12 14:36:06.373,2171.0000,3676,0,0.0000,0.0000,0,0,多换,B,2171.0000,0.0000,0.0000,0.0000,0.0000,2173.0000,0.0000,0.0000,0.0000,0.0000,1,0,0,0,0,2,0,0,0,0
zc,WT209,2012-06-12 14:36:07.390,2171.0000,3676,0,0.0000,0.0000,0,0,多换,B,2172.0000,0.0000,0.0000,0.0000,0.0000,2173.0000,0.0000,0.0000,0.0000,0.0000,1,0,0,0,0,2,0,0,0,0
zc,WT209,2012-06-12 14:36:13.187,2171.0000,3676,0,0.0000,0.0000,0,0,多换,B,2170.0000,0.0000,0.0000,0.0000,0.0000,2173.0000,0.0000,0.0000,0.0000,0.0000,6,0,0,0,0,2,0,0,0,0
zc,WT209,2012-06-12 14:36:19.623,2171.0000,3676,0,0.0000,0.0000,0,0,多换,B,2172.0000,0.0000,0.0000,0.0000,0.0000,2173.0000,0.0000,0.0000,0.0000,0.0000,1,0,0,0,0,2,0,0,0,0
zc,WT209,2012-06-12 14:36:42.907,2172.0000,3678,2,0.0000,2.0000,2,0,双开,B,2170.0000,0.0000,0.0000,0.0000,0.0000,2173.0000,0.0000,0.0000,0.0000,0.0000,6,0,0,0,0,2,0,0,0,0
zc,WT209,2012-06-12 14:36:43.373,2172.0000,3678,0,0.0000,0.0000,0,0,多换,B,2170.0000,0.0000,0.0000,0.0000,0.0000,2172.0000,0.0000,0.0000,0.0000,0.0000,6,0,0,0,0,1,0,0,0,0
zc,WT209,2012-06-12 14:36:50.157,2172.0000,3678,0,0.0000,0.0000,0,0,多换,B,2171.0000,0.0000,0.0000,0.0000,0.0000,2172.0000,0.0000,0.0000,0.0000,0.0000,1,0,0,0,0,1,0,0,0,0
zc,WT209,2012-06-12 14:37:15.610,2172.0000,3678,0,0.0000,0.0000,0,0,多换,B,2171.0000,0.0000,0.0000,0.0000,0.0000,2172.0000,0.0000,0.0000,0.0000,0.0000,1,0,0,0,0,11,0,0,0,0
zc,WT209,2012-06-12 14:37:19.373,2171.0000,3678,0,0.0000,2.0000,1,1,空换,S,2170.0000,0.0000,0.0000,0.0000,0.0000,2172.0000,0.0000,0.0000,0.0000,0.0000,6,0,0,0,0,11,0,0,0,0
zc,WT209,2012-06-12 14:37:47.890,2171.0000,3678,0,0.0000,0.0000,0,0,空换,S,2170.0000,0.0000,0.0000,0.0000,0.0000,2172.0000,0.0000,0.0000,0.0000,0.0000,7,0,0,0,0,11,0,0,0,0
zc,WT209,2012-06-12 14:38:03.907,2171.0000,3678,0,0.0000,0.0000,0,0,空换,S,2171.0000,0.0000,0.0000,0.0000,0.0000,2172.0000,0.0000,0.0000,0.0000,0.0000,5,0,0,0,0,11,0,0,0,0
zc,WT209,2012-06-12 14:38:08.657,2171.0000,3678,0,0.0000,0.0000,0,0,空换,S,2171.0000,0.0000,0.0000,0.0000,0.0000,2172.0000,0.0000,0.0000,0.0000,0.0000,5,0,0,0,0,65,0,0,0,0
zc,WT209,2012-06-12 14:38:10.407,2171.0000,3678,0,0.0000,0.0000,0,0,空换,S,2171.0000,0.0000,0.0000,0.0000,0.0000,2172.0000,0.0000,0.0000,0.0000,0.0000,5,0,0,0,0,11,0,0,0,0
zc,WT209,2012-06-12 14:38:18.140,2171.0000,3678,0,0.0000,0.0000,0,0,空换,S,2171.0000,0.0000,0.0000,0.0000,0.0000,2172.0000,0.0000,0.0000,0.0000,0.0000,10,0,0,0,0,11,0,0,0,0
zc,WT209,2012-06-12 14:39:43.860,2171.0000,3678,0,0.0000,0.0000,0,0,空换,S,2171.0000,0.0000,0.0000,0.0000,0.0000,2172.0000,0.0000,0.0000,0.0000,0.0000,10,0,0,0,0,1,0,0,0,0
zc,WT209,2012-06-12 14:39:55.157,2171.0000,3678,0,0.0000,20.0000,10,10,空换,S,2170.0000,0.0000,0.0000,0.0000,0.0000,2172.0000,0.0000,0.0000,0.0000,0.0000,7,0,0,0,0,1,0,0,0,0
zc,WT209,2012-06-12 14:41:18.873,2171.0000,3678,0,0.0000,0.0000,0,0,空换,S,2170.0000,0.0000,0.0000,0.0000,0.0000,2172.0000,0.0000,0.0000,0.0000,0.0000,7,0,0,0,0,1,0,0,0,0
zc,WT209,2012-06-12 14:42:38.390,2171.0000,3678,0,0.0000,0.0000,0,0,空换,S,2170.0000,0.0000,0.0000,0.0000,0.0000,2171.0000,0.0000,0.0000,0.0000,0.0000,7,0,0,0,0,1,0,0,0,0
zc,WT209,2012-06-12 14:43:05.187,2170.0000,3676,-2,0.0000,2.0000,0,2,双平,S,2170.0000,0.0000,0.0000,0.0000,0.0000,2171.0000,0.0000,0.0000,0.0000,0.0000,6,0,0,0,0,1,0,0,0,0
zc,WT209,2012-06-12 14:43:46.640,2170.0000,3676,0,0.0000,2.0000,1,1,空换,S,2170.0000,0.0000,0.0000,0.0000,0.0000,2171.0000,0.0000,0.0000,0.0000,0.0000,5,0,0,0,0,1,0,0,0,0
zc,WT209,2012-06-12 14:44:15.890,2170.0000,3676,0,0.0000,0.0000,0,0,空换,S,2170.0000,0.0000,0.0000,0.0000,0.0000,2171.0000,0.0000,0.0000,0.0000,0.0000,5,0,0,0,0,2,0,0,0,0
zc,WT209,2012-06-12 14:44:19.407,2170.0000,3676,0,0.0000,0.0000,0,0,空换,S,2170.0000,0.0000,0.0000,0.0000,0.0000,2171.0000,0.0000,0.0000,0.0000,0.0000,5,0,0,0,0,3,0,0,0,0
zc,WT209,2012-06-12 14:44:23.657,2170.0000,3676,0,0.0000,0.0000,0,0,空换,S,2170.0000,0.0000,0.0000,0.0000,0.0000,2171.0000,0.0000,0.0000,0.0000,0.0000,5,0,0,0,0,4,0,0,0,0
zc,WT209,2012-06-12 14:44:24.907,2170.0000,3676,0,0.0000,0.0000,0,0,空换,S,2170.0000,0.0000,0.0000,0.0000,0.0000,2171.0000,0.0000,0.0000,0.0000,0.0000,5,0,0,0,0,5,0,0,0,0
zc,WT209,2012-06-12 14:44:26.140,2170.0000,3676,0,0.0000,0.0000,0,0,空换,S,2170.0000,0.0000,0.0000,0.0000,0.0000,2171.0000,0.0000,0.0000,0.0000,0.0000,5,0,0,0,0,6,0,0,0,0
zc,WT209,2012-06-12 14:44:28.420,2170.0000,3676,0,0.0000,0.0000,0,0,空换,S,2170.0000,0.0000,0.0000,0.0000,0.0000,2171.0000,0.0000,0.0000,0.0000,0.0000,5,0,0,0,0,5,0,0,0,0
zc,WT209,2012-06-12 14:44:32.640,2170.0000,3676,0,0.0000,0.0000,0,0,空换,S,2170.0000,0.0000,0.0000,0.0000,0.0000,2171.0000,0.0000,0.0000,0.0000,0.0000,5,0,0,0,0,6,0,0,0,0
zc,WT209,2012-06-12 14:44:33.920,2170.0000,3678,2,0.0000,2.0000,2,0,双开,S,2170.0000,0.0000,0.0000,0.0000,0.0000,2171.0000,0.0000,0.0000,0.0000,0.0000,4,0,0,0,0,6,0,0,0,0
zc,WT209,2012-06-12 14:44:38.373,2170.0000,3678,0,0.0000,0.0000,0,0,空换,S,2170.0000,0.0000,0.0000,0.0000,0.0000,2171.0000,0.0000,0.0000,0.0000,0.0000,4,0,0,0,0,7,0,0,0,0
zc,WT209,2012-06-12 14:44:39.187,2170.0000,3678,0,0.0000,2.0000,1,1,空换,S,2170.0000,0.0000,0.0000,0.0000,0.0000,2171.0000,0.0000,0.0000,0.0000,0.0000,3,0,0,0,0,7,0,0,0,0
zc,WT209,2012-06-12 14:44:54.140,2170.0000,3678,0,0.0000,0.0000,0,0,空换,S,2170.0000,0.0000,0.0000,0.0000,0.0000,2171.0000,0.0000,0.0000,0.0000,0.0000,3,0,0,0,0,8,0,0,0,0
zc,WT209,2012-06-12 14:44:57.920,2170.0000,3680,2,0.0000,2.0000,2,0,双开,S,2170.0000,0.0000,0.0000,0.0000,0.0000,2171.0000,0.0000,0.0000,0.0000,0.0000,2,0,0,0,0,8,0,0,0,0
zc,WT209,2012-06-12 14:44:59.937,2170.0000,3680,0,0.0000,0.0000,0,0,空换,S,2170.0000,0.0000,0.0000,0.0000,0.0000,2171.0000,0.0000,0.0000,0.0000,0.0000,2,0,0,0,0,7,0,0,0,0
zc,WT209,2012-06-12 14:45:00.920,2170.0000,3682,2,0.0000,2.0000,2,0,双开,S,2170.0000,0.0000,0.0000,0.0000,0.0000,2171.0000,0.0000,0.0000,0.0000,0.0000,1,0,0,0,0,6,0,0,0,0
zc,WT209,2012-06-12 14:45:02.733,2170.0000,3682,0,0.0000,0.0000,0,0,空换,S,2170.0000,0.0000,0.0000,0.0000,0.0000,2171.0000,0.0000,0.0000,0.0000,0.0000,1,0,0,0,0,5,0,0,0,0
zc,WT209,2012-06-12 14:45:04.140,2170.0000,3682,0,0.0000,0.0000,0,0,空换,S,2170.0000,0.0000,0.0000,0.0000,0.0000,2171.0000,0.0000,0.0000,0.0000,0.0000,1,0,0,0,0,4,0,0,0,0
zc,WT209,2012-06-12 14:45:04.907,2170.0000,3682,0,0.0000,0.0000,0,0,空换,S,2170.0000,0.0000,0.0000,0.0000,0.0000,2171.0000,0.0000,0.0000,0.0000,0.0000,1,0,0,0,0,3,0,0,0,0
zc,WT209,2012-06-12 14:45:05.437,2170.0000,3682,0,0.0000,0.0000,0,0,空换,S,2170.0000,0.0000,0.0000,0.0000,0.0000,2171.0000,0.0000,0.0000,0.0000,0.0000,1,0,0,0,0,2,0,0,0,0
zc,WT209,2012-06-12 14:45:09.407,2170.0000,3682,0,0.0000,2.0000,1,1,空换,S,2168.0000,0.0000,0.0000,0.0000,0.0000,2171.0000,0.0000,0.0000,0.0000,0.0000,2,0,0,0,0,2,0,0,0,0
zc,WT209,2012-06-12 14:45:10.687,2170.0000,3682,0,0.0000,0.0000,0,0,空换,S,2168.0000,0.0000,0.0000,0.0000,0.0000,2171.0000,0.0000,0.0000,0.0000,0.0000,2,0,0,0,0,1,0,0,0,0
zc,WT209,2012-06-12 14:45:17.140,2170.0000,3682,0,0.0000,0.0000,0,0,空换,S,2168.0000,0.0000,0.0000,0.0000,0.0000,2171.0000,0.0000,0.0000,0.0000,0.0000,3,0,0,0,0,1,0,0,0,0
zc,WT209,2012-06-12 14:45:21.140,2170.0000,3682,0,0.0000,0.0000,0,0,空换,S,2168.0000,0.0000,0.0000,0.0000,0.0000,2171.0000,0.0000,0.0000,0.0000,0.0000,3,0,0,0,0,4,0,0,0,0
zc,WT209,2012-06-12 14:45:24.140,2170.0000,3682,0,0.0000,0.0000,0,0,空换,S,2169.0000,0.0000,0.0000,0.0000,0.0000,2171.0000,0.0000,0.0000,0.0000,0.0000,1,0,0,0,0,4,0,0,0,0
zc,WT209,2012-06-12 14:45:46.373,2170.0000,3682,0,0.0000,0.0000,0,0,空换,S,2169.0000,0.0000,0.0000,0.0000,0.0000,2171.0000,0.0000,0.0000,0.0000,0.0000,1,0,0,0,0,3,0,0,0,0
zc,WT209,2012-06-12 14:45:48.157,2170.0000,3682,0,0.0000,0.0000,0,0,空换,S,2169.0000,0.0000,0.0000,0.0000,0.0000,2170.0000,0.0000,0.0000,0.0000,0.0000,1,0,0,0,0,4,0,0,0,0
zc,WT209,2012-06-12 14:45:57.640,2170.0000,3682,0,0.0000,0.0000,0,0,空换,S,2168.0000,0.0000,0.0000,0.0000,0.0000,2170.0000,0.0000,0.0000,0.0000,0.0000,3,0,0,0,0,4,0,0,0,0
zc,WT209,2012-06-12 14:46:01.657,2170.0000,3682,0,0.0000,0.0000,0,0,空换,S,2168.0000,0.0000,0.0000,0.0000,0.0000,2170.0000,0.0000,0.0000,0.0000,0.0000,4,0,0,0,0,4,0,0,0,0
zc,WT209,2012-06-12 14:46:19.873,2170.0000,3682,0,0.0000,0.0000,0,0,空换,S,2168.0000,0.0000,0.0000,0.0000,0.0000,2169.0000,0.0000,0.0000,0.0000,0.0000,4,0,0,0,0,1,0,0,0,0
zc,WT209,2012-06-12 14:46:26.390,2170.0000,3682,0,0.0000,0.0000,0,0,空换,S,2168.0000,0.0000,0.0000,0.0000,0.0000,2169.0000,0.0000,0.0000,0.0000,0.0000,3,0,0,0,0,1,0,0,0,0
zc,WT209,2012-06-12 14:46:29.157,2169.0000,3680,-2,0.0000,2.0000,0,2,双平,S,2168.0000,0.0000,0.0000,0.0000,0.0000,2170.0000,0.0000,0.0000,0.0000,0.0000,3,0,0,0,0,4,0,0,0,0
zc,WT209,2012-06-12 14:46:31.157,2169.0000,3680,0,0.0000,0.0000,0,0,空换,S,2168.0000,0.0000,0.0000,0.0000,0.0000,2170.0000,0.0000,0.0000,0.0000,0.0000,2,0,0,0,0,4,0,0,0,0
zc,WT209,2012-06-12 14:46:42.953,2169.0000,3680,0,0.0000,0.0000,0,0,空换,S,2169.0000,0.0000,0.0000,0.0000,0.0000,2170.0000,0.0000,0.0000,0.0000,0.0000,1,0,0,0,0,4,0,0,0,0
zc,WT209,2012-06-12 14:47:35.890,2169.0000,3680,0,0.0000,0.0000,0,0,空换,S,2169.0000,0.0000,0.0000,0.0000,0.0000,2171.0000,0.0000,0.0000,0.0000,0.0000,1,0,0,0,0,3,0,0,0,0
zc,WT209,2012-06-12 14:47:46.907,2169.0000,3678,-2,0.0000,2.0000,0,2,双平,S,2168.0000,0.0000,0.0000,0.0000,0.0000,2171.0000,0.0000,0.0000,0.0000,0.0000,7,0,0,0,0,3,0,0,0,0
zc,WT209,2012-06-12 14:47:49.407,2169.0000,3678,0,0.0000,0.0000,0,0,空换,S,2169.0000,0.0000,0.0000,0.0000,0.0000,2171.0000,0.0000,0.0000,0.0000,0.0000,1,0,0,0,0,3,0,0,0,0
zc,WT209,2012-06-12 14:47:57.657,2169.0000,3678,0,0.0000,0.0000,0,0,空换,S,2169.0000,0.0000,0.0000,0.0000,0.0000,2171.0000,0.0000,0.0000,0.0000,0.0000,2,0,0,0,0,3,0,0,0,0
zc,WT209,2012-06-12 14:48:16.123,2169.0000,3678,0,0.0000,0.0000,0,0,空换,S,2169.0000,0.0000,0.0000,0.0000,0.0000,2171.0000,0.0000,0.0000,0.0000,0.0000,3,0,0,0,0,3,0,0,0,0
zc,WT209,2012-06-12 14:48:21.623,2169.0000,3678,0,0.0000,6.0000,3,3,空换,S,2168.0000,0.0000,0.0000,0.0000,0.0000,2169.0000,0.0000,0.0000,0.0000,0.0000,7,0,0,0,0,5,0,0,0,0
zc,WT209,2012-06-12 14:49:17.373,2169.0000,3678,0,0.0000,0.0000,0,0,空换,S,2168.0000,0.0000,0.0000,0.0000,0.0000,2169.0000,0.0000,0.0000,0.0000,0.0000,7,0,0,0,0,6,0,0,0,0
zc,WT209,2012-06-12 14:49:18.873,2169.0000,3678,0,0.0000,0.0000,0,0,空换,S,2168.0000,0.0000,0.0000,0.0000,0.0000,2169.0000,0.0000,0.0000,0.0000,0.0000,7,0,0,0,0,6,0,0,0,0
zc,WT209,2012-06-12 14:49:35.640,2169.0000,3676,-2,0.0000,12.0000,5,7,多平,S,2168.0000,0.0000,0.0000,0.0000,0.0000,2171.0000,0.0000,0.0000,0.0000,0.0000,7,0,0,0,0,3,0,0,0,0
zc,WT209,2012-06-12 14:49:55.640,2169.0000,3676,0,0.0000,0.0000,0,0,空换,S,2168.0000,0.0000,0.0000,0.0000,0.0000,2171.0000,0.0000,0.0000,0.0000,0.0000,7,0,0,0,0,4,0,0,0,0
zc,WT209,2012-06-12 14:49:58.123,2169.0000,3676,0,0.0000,0.0000,0,0,空换,S,2168.0000,0.0000,0.0000,0.0000,0.0000,2169.0000,0.0000,0.0000,0.0000,0.0000,7,0,0,0,0,4,0,0,0,0
zc,WT209,2012-06-12 14:50:18.860,2169.0000,3676,0,0.0000,0.0000,0,0,空换,S,2168.0000,0.0000,0.0000,0.0000,0.0000,2169.0000,0.0000,0.0000,0.0000,0.0000,7,0,0,0,0,4,0,0,0,0
zc,WT209,2012-06-12 14:50:26.157,2169.0000,3676,0,0.0000,0.0000,0,0,空换,S,2168.0000,0.0000,0.0000,0.0000,0.0000,2169.0000,0.0000,0.0000,0.0000,0.0000,7,0,0,0,0,5,0,0,0,0
zc,WT209,2012-06-12 14:50:38.157,2169.0000,3666,-10,0.0000,10.0000,0,10,双平,S,2168.0000,0.0000,0.0000,0.0000,0.0000,2170.0000,0.0000,0.0000,0.0000,0.0000,7,0,0,0,0,1,0,0,0,0
zc,WT209,2012-06-12 14:50:47.873,2168.0000,3666,0,0.0000,2.0000,1,1,空换,S,2168.0000,0.0000,0.0000,0.0000,0.0000,2170.0000,0.0000,0.0000,0.0000,0.0000,6,0,0,0,0,1,0,0,0,0
zc,WT209,2012-06-12 14:50:57.140,2168.0000,3666,0,0.0000,0.0000,0,0,空换,S,2168.0000,0.0000,0.0000,0.0000,0.0000,2170.0000,0.0000,0.0000,0.0000,0.0000,6,0,0,0,0,2,0,0,0,0
zc,WT209,2012-06-12 14:51:53.657,2168.0000,3666,0,0.0000,0.0000,0,0,空换,S,2168.0000,0.0000,0.0000,0.0000,0.0000,2169.0000,0.0000,0.0000,0.0000,0.0000,6,0,0,0,0,1,0,0,0,0
zc,WT209,2012-06-12 14:52:18.873,2168.0000,3666,0,0.0000,0.0000,0,0,空换,S,2168.0000,0.0000,0.0000,0.0000,0.0000,2169.0000,0.0000,0.0000,0.0000,0.0000,6,0,0,0,0,1,0,0,0,0
zc,WT209,2012-06-12 14:53:07.890,2168.0000,3666,0,0.0000,0.0000,0,0,空换,S,2168.0000,0.0000,0.0000,0.0000,0.0000,2169.0000,0.0000,0.0000,0.0000,0.0000,8,0,0,0,0,1,0,0,0,0
zc,WT209,2012-06-12 14:53:14.860,2168.0000,3666,0,0.0000,0.0000,0,0,空换,S,2168.0000,0.0000,0.0000,0.0000,0.0000,2170.0000,0.0000,0.0000,0.0000,0.0000,8,0,0,0,0,2,0,0,0,0
zc,WT209,2012-06-12 14:53:19.937,2168.0000,3666,0,0.0000,0.0000,0,0,空换,S,2169.0000,0.0000,0.0000,0.0000,0.0000,2170.0000,0.0000,0.0000,0.0000,0.0000,5,0,0,0,0,2,0,0,0,0
zc,WT209,2012-06-12 14:54:51.140,2168.0000,3666,0,0.0000,0.0000,0,0,空换,S,2169.0000,0.0000,0.0000,0.0000,0.0000,2170.0000,0.0000,0.0000,0.0000,0.0000,5,0,0,0,0,1,0,0,0,0
zc,WT209,2012-06-12 14:54:57.657,2170.0000,3666,0,0.0000,2.0000,1,1,多换,B,2169.0000,0.0000,0.0000,0.0000,0.0000,2171.0000,0.0000,0.0000,0.0000,0.0000,5,0,0,0,0,3,0,0,0,0
zc,WT209,2012-06-12 14:55:15.873,2169.0000,3666,0,0.0000,2.0000,1,1,空换,S,2169.0000,0.0000,0.0000,0.0000,0.0000,2171.0000,0.0000,0.0000,0.0000,0.0000,4,0,0,0,0,3,0,0,0,0
zc,WT209,2012-06-12 14:55:18.873,2169.0000,3666,0,0.0000,0.0000,0,0,空换,S,2169.0000,0.0000,0.0000,0.0000,0.0000,2171.0000,0.0000,0.0000,0.0000,0.0000,4,0,0,0,0,3,0,0,0,0
zc,WT209,2012-06-12 14:55:24.890,2169.0000,3666,0,0.0000,0.0000,0,0,空换,S,2170.0000,0.0000,0.0000,0.0000,0.0000,2171.0000,0.0000,0.0000,0.0000,0.0000,5,0,0,0,0,3,0,0,0,0
zc,WT209,2012-06-12 14:55:27.420,2170.0000,3666,0,0.0000,4.0000,2,2,多换,B,2170.0000,0.0000,0.0000,0.0000,0.0000,2171.0000,0.0000,0.0000,0.0000,0.0000,3,0,0,0,0,3,0,0,0,0
zc,WT209,2012-06-12 14:55:27.920,2170.0000,3666,0,0.0000,4.0000,2,2,多换,B,2170.0000,0.0000,0.0000,0.0000,0.0000,2171.0000,0.0000,0.0000,0.0000,0.0000,1,0,0,0,0,3,0,0,0,0
zc,WT209,2012-06-12 14:55:28.670,2170.0000,3666,0,0.0000,2.0000,1,1,多换,B,2169.0000,0.0000,0.0000,0.0000,0.0000,2170.0000,0.0000,0.0000,0.0000,0.0000,4,0,0,0,0,1,0,0,0,0
zc,WT209,2012-06-12 14:55:36.140,2170.0000,3666,0,0.0000,0.0000,0,0,多换,B,2169.0000,0.0000,0.0000,0.0000,0.0000,2171.0000,0.0000,0.0000,0.0000,0.0000,4,0,0,0,0,3,0,0,0,0
zc,WT209,2012-06-12 14:56:12.140,2170.0000,3666,0,0.0000,0.0000,0,0,多换,B,2169.0000,0.0000,0.0000,0.0000,0.0000,2171.0000,0.0000,0.0000,0.0000,0.0000,5,0,0,0,0,3,0,0,0,0
zc,WT209,2012-06-12 14:56:18.873,2170.0000,3666,0,0.0000,0.0000,0,0,多换,B,2169.0000,0.0000,0.0000,0.0000,0.0000,2171.0000,0.0000,0.0000,0.0000,0.0000,5,0,0,0,0,3,0,0,0,0
zc,WT209,2012-06-12 14:56:55.640,2171.0000,3668,2,0.0000,6.0000,4,2,多开,B,2171.0000,0.0000,0.0000,0.0000,0.0000,2172.0000,0.0000,0.0000,0.0000,0.0000,2,0,0,0,0,5,0,0,0,0
zc,WT209,2012-06-12 14:57:18.860,2171.0000,3668,0,0.0000,0.0000,0,0,多换,B,2171.0000,0.0000,0.0000,0.0000,0.0000,2172.0000,0.0000,0.0000,0.0000,0.0000,2,0,0,0,0,5,0,0,0,0
zc,WT209,2012-06-12 14:57:20.420,2171.0000,3668,0,0.0000,0.0000,0,0,多换,B,2171.0000,0.0000,0.0000,0.0000,0.0000,2172.0000,0.0000,0.0000,0.0000,0.0000,3,0,0,0,0,5,0,0,0,0
zc,WT209,2012-06-12 14:57:30.123,2171.0000,3668,0,0.0000,0.0000,0,0,多换,B,2171.0000,0.0000,0.0000,0.0000,0.0000,2172.0000,0.0000,0.0000,0.0000,0.0000,8,0,0,0,0,5,0,0,0,0
zc,WT209,2012-06-12 14:57:30.623,2171.0000,3668,0,0.0000,4.0000,2,2,多换,B,2171.0000,0.0000,0.0000,0.0000,0.0000,2172.0000,0.0000,0.0000,0.0000,0.0000,6,0,0,0,0,5,0,0,0,0
zc,WT209,2012-06-12 14:57:32.407,2171.0000,3668,0,0.0000,4.0000,2,2,多换,B,2171.0000,0.0000,0.0000,0.0000,0.0000,2172.0000,0.0000,0.0000,0.0000,0.0000,4,0,0,0,0,5,0,0,0,0
zc,WT209,2012-06-12 14:57:33.623,2171.0000,3668,0,0.0000,2.0000,1,1,多换,B,2171.0000,0.0000,0.0000,0.0000,0.0000,2172.0000,0.0000,0.0000,0.0000,0.0000,3,0,0,0,0,5,0,0,0,0
zc,WT209,2012-06-12 14:57:45.123,2171.0000,3668,0,0.0000,2.0000,1,1,多换,B,2171.0000,0.0000,0.0000,0.0000,0.0000,2172.0000,0.0000,0.0000,0.0000,0.0000,2,0,0,0,0,5,0,0,0,0
zc,WT209,2012-06-12 14:57:46.187,2171.0000,3668,0,0.0000,4.0000,2,2,多换,B,2169.0000,0.0000,0.0000,0.0000,0.0000,2171.0000,0.0000,0.0000,0.0000,0.0000,5,0,0,0,0,18,0,0,0,0
zc,WT209,2012-06-12 14:57:47.187,2171.0000,3668,0,0.0000,0.0000,0,0,多换,B,2169.0000,0.0000,0.0000,0.0000,0.0000,2171.0000,0.0000,0.0000,0.0000,0.0000,5,0,0,0,0,19,0,0,0,0
zc,WT209,2012-06-12 14:57:50.657,2169.0000,3666,-2,0.0000,10.0000,4,6,多平,S,2168.0000,0.0000,0.0000,0.0000,0.0000,2171.0000,0.0000,0.0000,0.0000,0.0000,2,0,0,0,0,19,0,0,0,0
zc,WT209,2012-06-12 14:58:02.437,2169.0000,3666,0,0.0000,0.0000,0,0,空换,S,2169.0000,0.0000,0.0000,0.0000,0.0000,2171.0000,0.0000,0.0000,0.0000,0.0000,5,0,0,0,0,19,0,0,0,0
zc,WT209,2012-06-12 14:58:10.170,2171.0000,3628,-38,0.0000,38.0000,0,38,双平,B,2169.0000,0.0000,0.0000,0.0000,0.0000,2172.0000,0.0000,0.0000,0.0000,0.0000,5,0,0,0,0,5,0,0,0,0
zc,WT209,2012-06-12 14:58:15.670,2171.0000,3628,0,0.0000,0.0000,0,0,多换,B,2169.0000,0.0000,0.0000,0.0000,0.0000,2171.0000,0.0000,0.0000,0.0000,0.0000,5,0,0,0,0,5,0,0,0,0
zc,WT209,2012-06-12 14:58:22.123,2169.0000,3630,2,0.0000,2.0000,2,0,双开,S,2169.0000,0.0000,0.0000,0.0000,0.0000,2171.0000,0.0000,0.0000,0.0000,0.0000,4,0,0,0,0,5,0,0,0,0
zc,WT209,2012-06-12 14:58:42.437,2169.0000,3630,0,0.0000,0.0000,0,0,空换,S,2169.0000,0.0000,0.0000,0.0000,0.0000,2171.0000,0.0000,0.0000,0.0000,0.0000,4,0,0,0,0,10,0,0,0,0
zc,WT209,2012-06-12 14:59:05.140,2169.0000,3630,0,0.0000,0.0000,0,0,空换,S,2170.0000,0.0000,0.0000,0.0000,0.0000,2171.0000,0.0000,0.0000,0.0000,0.0000,1,0,0,0,0,10,0,0,0,0
zc,WT209,2012-06-12 14:59:09.437,2169.0000,3630,0,0.0000,0.0000,0,0,空换,S,2170.0000,0.0000,0.0000,0.0000,0.0000,2171.0000,0.0000,0.0000,0.0000,0.0000,6,0,0,0,0,10,0,0,0,0
zc,WT209,2012-06-12 14:59:10.920,2170.0000,3630,0,0.0000,2.0000,1,1,多换,B,2170.0000,0.0000,0.0000,0.0000,0.0000,2171.0000,0.0000,0.0000,0.0000,0.0000,5,0,0,0,0,10,0,0,0,0
zc,WT209,2012-06-12 14:59:25.907,2171.0000,3630,0,0.0000,20.0000,10,10,多换,B,2170.0000,0.0000,0.0000,0.0000,0.0000,2172.0000,0.0000,0.0000,0.0000,0.0000,5,0,0,0,0,7,0,0,0,0
zc,WT209,2012-06-12 14:59:32.467,2171.0000,3630,0,0.0000,0.0000,0,0,多换,B,2170.0000,0.0000,0.0000,0.0000,0.0000,2171.0000,0.0000,0.0000,0.0000,0.0000,5,0,0,0,0,1,0,0,0,0
zc,WT209,2012-06-12 14:59:56.483,2171.0000,3630,0,0.0000,2.0000,1,1,多换,B,2170.0000,0.0000,0.0000,0.0000,0.0000,2172.0000,0.0000,0.0000,0.0000,0.0000,5,0,0,0,0,7,0,0,0,0
zc,WT209,2012-06-12 15:08:18.843,2171.0000,3630,0,0.0000,0.0000,0,0,多换,B,2170.0000,0.0000,0.0000,0.0000,0.0000,2172.0000,0.0000,0.0000,0.0000,0.0000,5,0,0,0,0,7,0,0,0,0
zc,WT209,2012-06-12 15:09:18.843,2171.0000,3630,0,0.0000,0.0000,0,0,多换,B,2170.0000,0.0000,0.0000,0.0000,0.0000,2172.0000,0.0000,0.0000,0.0000,0.0000,5,0,0,0,0,7,0,0,0,0
