市场代码,合约代码,时间,最新,持仓,增仓,成交额,成交量,开仓,平仓,成交类型,方向,买一价,买二价,买三价,买四价,买五价,卖一价,卖二价,卖三价,卖四价,卖五价,买一量,买二量,买三量,买四量,买五量,卖一量,卖二量,卖三量,卖四量,卖五量
zc,TA211,2012-06-29 08:05:19.033,0.0000,572,0,0.0000,0.0000,0,0,空换,S,0.0000,0.0000,0.0000,0.0000,0.0000,0.0000,0.0000,0.0000,0.0000,0.0000,0,0,0,0,0,0,0,0,0,0
zc,TA211,2012-06-29 08:08:19.033,0.0000,572,0,0.0000,0.0000,0,0,空换,S,0.0000,0.0000,0.0000,0.0000,0.0000,0.0000,0.0000,0.0000,0.0000,0.0000,0,0,0,0,0,0,0,0,0,0
zc,TA211,2012-06-29 08:11:21.127,0.0000,572,0,0.0000,0.0000,0,0,空换,S,0.0000,0.0000,0.0000,0.0000,0.0000,0.0000,0.0000,0.0000,0.0000,0.0000,0,0,0,0,0,0,0,0,0,0
zc,TA211,2012-06-29 08:26:21.110,0.0000,572,0,0.0000,0.0000,0,0,空换,S,0.0000,0.0000,0.0000,0.0000,0.0000,0.0000,0.0000,0.0000,0.0000,0.0000,0,0,0,0,0,0,0,0,0,0
zc,TA211,2012-06-29 08:27:21.110,0.0000,572,0,0.0000,0.0000,0,0,空换,S,0.0000,0.0000,0.0000,0.0000,0.0000,0.0000,0.0000,0.0000,0.0000,0.0000,0,0,0,0,0,0,0,0,0,0
zc,TA211,2012-06-29 08:29:21.110,0.0000,572,0,0.0000,0.0000,0,0,空换,S,0.0000,0.0000,0.0000,0.0000,0.0000,0.0000,0.0000,0.0000,0.0000,0.0000,0,0,0,0,0,0,0,0,0,0
zc,TA211,2012-06-29 08:53:21.093,0.0000,572,0,0.0000,0.0000,0,0,空换,S,0.0000,0.0000,0.0000,0.0000,0.0000,0.0000,0.0000,0.0000,0.0000,0.0000,0,0,0,0,0,0,0,0,0,0
zc,TA211,2012-06-29 08:57:21.080,0.0000,572,0,0.0000,0.0000,0,0,空换,S,0.0000,0.0000,0.0000,0.0000,0.0000,0.0000,0.0000,0.0000,0.0000,0.0000,0,0,0,0,0,0,0,0,0,0
zc,TA211,2012-06-29 08:59:03.017,0.0000,572,0,0.0000,0.0000,0,0,空换,S,7100.0000,0.0000,0.0000,0.0000,0.0000,7150.0000,0.0000,0.0000,0.0000,0.0000,1,0,0,0,0,1,0,0,0,0
zc,TA211,2012-06-29 09:00:04.487,0.0000,572,0,0.0000,0.0000,0,0,空换,S,7136.0000,0.0000,0.0000,0.0000,0.0000,7150.0000,0.0000,0.0000,0.0000,0.0000,10,0,0,0,0,1,0,0,0,0
zc,TA211,2012-06-29 09:00:05.487,0.0000,572,0,0.0000,0.0000,0,0,空换,S,7132.0000,0.0000,0.0000,0.0000,0.0000,7150.0000,0.0000,0.0000,0.0000,0.0000,6,0,0,0,0,1,0,0,0,0
zc,TA211,2012-06-29 09:00:06.453,0.0000,572,0,0.0000,0.0000,0,0,空换,S,7132.0000,0.0000,0.0000,0.0000,0.0000,7150.0000,0.0000,0.0000,0.0000,0.0000,4,0,0,0,0,1,0,0,0,0
zc,TA211,2012-06-29 09:00:07.187,0.0000,572,0,0.0000,0.0000,0,0,空换,S,7134.0000,0.0000,0.0000,0.0000,0.0000,7150.0000,0.0000,0.0000,0.0000,0.0000,10,0,0,0,0,1,0,0,0,0
zc,TA211,2012-06-29 09:00:09.937,0.0000,572,0,0.0000,0.0000,0,0,空换,S,7136.0000,0.0000,0.0000,0.0000,0.0000,7150.0000,0.0000,0.0000,0.0000,0.0000,10,0,0,0,0,1,0,0,0,0
zc,TA211,2012-06-29 09:00:15.500,0.0000,572,0,0.0000,0.0000,0,0,空换,S,7138.0000,0.0000,0.0000,0.0000,0.0000,7150.0000,0.0000,0.0000,0.0000,0.0000,10,0,0,0,0,1,0,0,0,0
zc,TA211,2012-06-29 09:00:18.407,0.0000,572,0,0.0000,0.0000,0,0,空换,S,7138.0000,0.0000,0.0000,0.0000,0.0000,7150.0000,0.0000,0.0000,0.0000,0.0000,5,0,0,0,0,1,0,0,0,0
zc,TA211,2012-06-29 09:00:19.157,0.0000,572,0,0.0000,0.0000,0,0,空换,S,7136.0000,0.0000,0.0000,0.0000,0.0000,7150.0000,0.0000,0.0000,0.0000,0.0000,10,0,0,0,0,1,0,0,0,0
zc,TA211,2012-06-29 09:00:22.953,0.0000,572,0,0.0000,0.0000,0,0,空换,S,7134.0000,0.0000,0.0000,0.0000,0.0000,7150.0000,0.0000,0.0000,0.0000,0.0000,5,0,0,0,0,1,0,0,0,0
zc,TA211,2012-06-29 09:00:23.657,0.0000,572,0,0.0000,0.0000,0,0,空换,S,7134.0000,0.0000,0.0000,0.0000,0.0000,7150.0000,0.0000,0.0000,0.0000,0.0000,1,0,0,0,0,1,0,0,0,0
zc,TA211,2012-06-29 09:00:24.157,0.0000,572,0,0.0000,0.0000,0,0,空换,S,7136.0000,0.0000,0.0000,0.0000,0.0000,7150.0000,0.0000,0.0000,0.0000,0.0000,4,0,0,0,0,1,0,0,0,0
zc,TA211,2012-06-29 09:00:24.923,0.0000,572,0,0.0000,0.0000,0,0,空换,S,7134.0000,0.0000,0.0000,0.0000,0.0000,7150.0000,0.0000,0.0000,0.0000,0.0000,2,0,0,0,0,1,0,0,0,0
zc,TA211,2012-06-29 09:00:25.657,0.0000,572,0,0.0000,0.0000,0,0,空换,S,7132.0000,0.0000,0.0000,0.0000,0.0000,7150.0000,0.0000,0.0000,0.0000,0.0000,10,0,0,0,0,1,0,0,0,0
zc,TA211,2012-06-29 09:00:28.437,0.0000,572,0,0.0000,0.0000,0,0,空换,S,7130.0000,0.0000,0.0000,0.0000,0.0000,7150.0000,0.0000,0.0000,0.0000,0.0000,10,0,0,0,0,1,0,0,0,0
zc,TA211,2012-06-29 09:00:34.140,0.0000,572,0,0.0000,0.0000,0,0,空换,S,7132.0000,0.0000,0.0000,0.0000,0.0000,7150.0000,0.0000,0.0000,0.0000,0.0000,10,0,0,0,0,1,0,0,0,0
zc,TA211,2012-06-29 09:00:35.890,0.0000,572,0,0.0000,0.0000,0,0,空换,S,7132.0000,0.0000,0.0000,0.0000,0.0000,7150.0000,0.0000,0.0000,0.0000,0.0000,7,0,0,0,0,1,0,0,0,0
zc,TA211,2012-06-29 09:00:36.390,0.0000,572,0,0.0000,0.0000,0,0,空换,S,7132.0000,0.0000,0.0000,0.0000,0.0000,7150.0000,0.0000,0.0000,0.0000,0.0000,10,0,0,0,0,1,0,0,0,0
zc,TA211,2012-06-29 09:00:37.127,0.0000,572,0,0.0000,0.0000,0,0,空换,S,7132.0000,0.0000,0.0000,0.0000,0.0000,7150.0000,0.0000,0.0000,0.0000,0.0000,4,0,0,0,0,1,0,0,0,0
zc,TA211,2012-06-29 09:00:37.640,0.0000,572,0,0.0000,0.0000,0,0,空换,S,7130.0000,0.0000,0.0000,0.0000,0.0000,7150.0000,0.0000,0.0000,0.0000,0.0000,10,0,0,0,0,1,0,0,0,0
zc,TA211,2012-06-29 09:00:38.360,0.0000,572,0,0.0000,0.0000,0,0,空换,S,7134.0000,0.0000,0.0000,0.0000,0.0000,7150.0000,0.0000,0.0000,0.0000,0.0000,10,0,0,0,0,1,0,0,0,0
zc,TA211,2012-06-29 09:00:38.890,0.0000,572,0,0.0000,0.0000,0,0,空换,S,7132.0000,0.0000,0.0000,0.0000,0.0000,7150.0000,0.0000,0.0000,0.0000,0.0000,10,0,0,0,0,1,0,0,0,0
zc,TA211,2012-06-29 09:00:39.687,0.0000,572,0,0.0000,0.0000,0,0,空换,S,7134.0000,0.0000,0.0000,0.0000,0.0000,7150.0000,0.0000,0.0000,0.0000,0.0000,4,0,0,0,0,1,0,0,0,0
zc,TA211,2012-06-29 09:00:40.220,0.0000,572,0,0.0000,0.0000,0,0,空换,S,7132.0000,0.0000,0.0000,0.0000,0.0000,7150.0000,0.0000,0.0000,0.0000,0.0000,10,0,0,0,0,1,0,0,0,0
zc,TA211,2012-06-29 09:00:43.640,0.0000,572,0,0.0000,0.0000,0,0,空换,S,7134.0000,0.0000,0.0000,0.0000,0.0000,7150.0000,0.0000,0.0000,0.0000,0.0000,10,0,0,0,0,1,0,0,0,0
zc,TA211,2012-06-29 09:00:44.937,0.0000,572,0,0.0000,0.0000,0,0,空换,S,7130.0000,0.0000,0.0000,0.0000,0.0000,7150.0000,0.0000,0.0000,0.0000,0.0000,10,0,0,0,0,1,0,0,0,0
zc,TA211,2012-06-29 09:00:45.627,0.0000,572,0,0.0000,0.0000,0,0,空换,S,7132.0000,0.0000,0.0000,0.0000,0.0000,7150.0000,0.0000,0.0000,0.0000,0.0000,6,0,0,0,0,1,0,0,0,0
zc,TA211,2012-06-29 09:00:46.377,0.0000,572,0,0.0000,0.0000,0,0,空换,S,7132.0000,0.0000,0.0000,0.0000,0.0000,7150.0000,0.0000,0.0000,0.0000,0.0000,7,0,0,0,0,1,0,0,0,0
zc,TA211,2012-06-29 09:00:46.953,0.0000,572,0,0.0000,0.0000,0,0,空换,S,7130.0000,0.0000,0.0000,0.0000,0.0000,7150.0000,0.0000,0.0000,0.0000,0.0000,10,0,0,0,0,1,0,0,0,0
zc,TA211,2012-06-29 09:00:47.470,0.0000,572,0,0.0000,0.0000,0,0,空换,S,7132.0000,0.0000,0.0000,0.0000,0.0000,7150.0000,0.0000,0.0000,0.0000,0.0000,1,0,0,0,0,1,0,0,0,0
zc,TA211,2012-06-29 09:00:47.937,0.0000,572,0,0.0000,0.0000,0,0,空换,S,7130.0000,0.0000,0.0000,0.0000,0.0000,7150.0000,0.0000,0.0000,0.0000,0.0000,10,0,0,0,0,1,0,0,0,0
zc,TA211,2012-06-29 09:00:48.687,0.0000,572,0,0.0000,0.0000,0,0,空换,S,7130.0000,0.0000,0.0000,0.0000,0.0000,7150.0000,0.0000,0.0000,0.0000,0.0000,11,0,0,0,0,1,0,0,0,0
zc,TA211,2012-06-29 09:00:49.437,0.0000,572,0,0.0000,0.0000,0,0,空换,S,7132.0000,0.0000,0.0000,0.0000,0.0000,7150.0000,0.0000,0.0000,0.0000,0.0000,7,0,0,0,0,1,0,0,0,0
zc,TA211,2012-06-29 09:00:50.157,0.0000,572,0,0.0000,0.0000,0,0,空换,S,7132.0000,0.0000,0.0000,0.0000,0.0000,7150.0000,0.0000,0.0000,0.0000,0.0000,10,0,0,0,0,1,0,0,0,0
zc,TA211,2012-06-29 09:00:50.703,0.0000,572,0,0.0000,0.0000,0,0,空换,S,7132.0000,0.0000,0.0000,0.0000,0.0000,7150.0000,0.0000,0.0000,0.0000,0.0000,1,0,0,0,0,1,0,0,0,0
zc,TA211,2012-06-29 09:00:53.157,0.0000,572,0,0.0000,0.0000,0,0,空换,S,7130.0000,0.0000,0.0000,0.0000,0.0000,7150.0000,0.0000,0.0000,0.0000,0.0000,11,0,0,0,0,1,0,0,0,0
zc,TA211,2012-06-29 09:00:59.423,0.0000,572,0,0.0000,0.0000,0,0,空换,S,7132.0000,0.0000,0.0000,0.0000,0.0000,7150.0000,0.0000,0.0000,0.0000,0.0000,1,0,0,0,0,1,0,0,0,0
zc,TA211,2012-06-29 09:01:02.687,0.0000,572,0,0.0000,0.0000,0,0,空换,S,7132.0000,0.0000,0.0000,0.0000,0.0000,7150.0000,0.0000,0.0000,0.0000,0.0000,5,0,0,0,0,1,0,0,0,0
zc,TA211,2012-06-29 09:01:03.377,0.0000,572,0,0.0000,0.0000,0,0,空换,S,7134.0000,0.0000,0.0000,0.0000,0.0000,7150.0000,0.0000,0.0000,0.0000,0.0000,1,0,0,0,0,1,0,0,0,0
zc,TA211,2012-06-29 09:01:04.673,0.0000,572,0,0.0000,0.0000,0,0,空换,S,7134.0000,0.0000,0.0000,0.0000,0.0000,7150.0000,0.0000,0.0000,0.0000,0.0000,3,0,0,0,0,1,0,0,0,0
zc,TA211,2012-06-29 09:01:05.187,0.0000,572,0,0.0000,0.0000,0,0,空换,S,7134.0000,0.0000,0.0000,0.0000,0.0000,7150.0000,0.0000,0.0000,0.0000,0.0000,11,0,0,0,0,1,0,0,0,0
zc,TA211,2012-06-29 09:01:06.407,0.0000,572,0,0.0000,0.0000,0,0,空换,S,7136.0000,0.0000,0.0000,0.0000,0.0000,7150.0000,0.0000,0.0000,0.0000,0.0000,1,0,0,0,0,1,0,0,0,0
zc,TA211,2012-06-29 09:01:07.173,0.0000,572,0,0.0000,0.0000,0,0,空换,S,7134.0000,0.0000,0.0000,0.0000,0.0000,7150.0000,0.0000,0.0000,0.0000,0.0000,11,0,0,0,0,1,0,0,0,0
zc,TA211,2012-06-29 09:01:07.640,0.0000,572,0,0.0000,0.0000,0,0,空换,S,7136.0000,0.0000,0.0000,0.0000,0.0000,7150.0000,0.0000,0.0000,0.0000,0.0000,1,0,0,0,0,1,0,0,0,0
zc,TA211,2012-06-29 09:01:10.923,0.0000,572,0,0.0000,0.0000,0,0,空换,S,7138.0000,0.0000,0.0000,0.0000,0.0000,7150.0000,0.0000,0.0000,0.0000,0.0000,1,0,0,0,0,1,0,0,0,0
zc,TA211,2012-06-29 09:01:11.390,0.0000,572,0,0.0000,0.0000,0,0,空换,S,7136.0000,0.0000,0.0000,0.0000,0.0000,7150.0000,0.0000,0.0000,0.0000,0.0000,11,0,0,0,0,1,0,0,0,0
zc,TA211,2012-06-29 09:01:12.737,0.0000,572,0,0.0000,0.0000,0,0,空换,S,7136.0000,0.0000,0.0000,0.0000,0.0000,7150.0000,0.0000,0.0000,0.0000,0.0000,10,0,0,0,0,1,0,0,0,0
zc,TA211,2012-06-29 09:01:13.187,0.0000,572,0,0.0000,0.0000,0,0,空换,S,7136.0000,0.0000,0.0000,0.0000,0.0000,7150.0000,0.0000,0.0000,0.0000,0.0000,11,0,0,0,0,1,0,0,0,0
zc,TA211,2012-06-29 09:01:13.890,0.0000,572,0,0.0000,0.0000,0,0,空换,S,7136.0000,0.0000,0.0000,0.0000,0.0000,7150.0000,0.0000,0.0000,0.0000,0.0000,1,0,0,0,0,1,0,0,0,0
zc,TA211,2012-06-29 09:01:15.390,0.0000,572,0,0.0000,0.0000,0,0,空换,S,7138.0000,0.0000,0.0000,0.0000,0.0000,7150.0000,0.0000,0.0000,0.0000,0.0000,1,0,0,0,0,1,0,0,0,0
zc,TA211,2012-06-29 09:01:15.657,0.0000,572,0,0.0000,0.0000,0,0,空换,S,7134.0000,0.0000,0.0000,0.0000,0.0000,7150.0000,0.0000,0.0000,0.0000,0.0000,1,0,0,0,0,1,0,0,0,0
zc,TA211,2012-06-29 09:01:16.937,0.0000,572,0,0.0000,0.0000,0,0,空换,S,7134.0000,0.0000,0.0000,0.0000,0.0000,7150.0000,0.0000,0.0000,0.0000,0.0000,2,0,0,0,0,1,0,0,0,0
zc,TA211,2012-06-29 09:01:17.610,0.0000,572,0,0.0000,0.0000,0,0,空换,S,7136.0000,0.0000,0.0000,0.0000,0.0000,7150.0000,0.0000,0.0000,0.0000,0.0000,10,0,0,0,0,1,0,0,0,0
zc,TA211,2012-06-29 09:01:18.953,0.0000,572,0,0.0000,0.0000,0,0,空换,S,7134.0000,0.0000,0.0000,0.0000,0.0000,7150.0000,0.0000,0.0000,0.0000,0.0000,3,0,0,0,0,1,0,0,0,0
zc,TA211,2012-06-29 09:01:19.437,0.0000,572,0,0.0000,0.0000,0,0,空换,S,7136.0000,0.0000,0.0000,0.0000,0.0000,7150.0000,0.0000,0.0000,0.0000,0.0000,1,0,0,0,0,1,0,0,0,0
zc,TA211,2012-06-29 09:01:20.157,0.0000,572,0,0.0000,0.0000,0,0,空换,S,7136.0000,0.0000,0.0000,0.0000,0.0000,7150.0000,0.0000,0.0000,0.0000,0.0000,3,0,0,0,0,1,0,0,0,0
zc,TA211,2012-06-29 09:01:20.640,0.0000,572,0,0.0000,0.0000,0,0,空换,S,7136.0000,0.0000,0.0000,0.0000,0.0000,7150.0000,0.0000,0.0000,0.0000,0.0000,11,0,0,0,0,1,0,0,0,0
zc,TA211,2012-06-29 09:01:21.423,0.0000,572,0,0.0000,0.0000,0,0,空换,S,7136.0000,0.0000,0.0000,0.0000,0.0000,7150.0000,0.0000,0.0000,0.0000,0.0000,1,0,0,0,0,1,0,0,0,0
zc,TA211,2012-06-29 09:01:25.937,0.0000,572,0,0.0000,0.0000,0,0,空换,S,7138.0000,0.0000,0.0000,0.0000,0.0000,7150.0000,0.0000,0.0000,0.0000,0.0000,1,0,0,0,0,1,0,0,0,0
zc,TA211,2012-06-29 09:01:28.423,0.0000,572,0,0.0000,0.0000,0,0,空换,S,7140.0000,0.0000,0.0000,0.0000,0.0000,7150.0000,0.0000,0.0000,0.0000,0.0000,1,0,0,0,0,1,0,0,0,0
zc,TA211,2012-06-29 09:01:28.923,0.0000,572,0,0.0000,0.0000,0,0,空换,S,7138.0000,0.0000,0.0000,0.0000,0.0000,7150.0000,0.0000,0.0000,0.0000,0.0000,1,0,0,0,0,1,0,0,0,0
zc,TA211,2012-06-29 09:01:30.140,7150.0000,572,0,0.0000,2.0000,1,1,多换,B,7140.0000,0.0000,0.0000,0.0000,0.0000,7176.0000,0.0000,0.0000,0.0000,0.0000,1,0,0,0,0,10,0,0,0,0
zc,TA211,2012-06-29 09:01:32.640,7150.0000,572,0,0.0000,0.0000,0,0,多换,B,7138.0000,0.0000,0.0000,0.0000,0.0000,7176.0000,0.0000,0.0000,0.0000,0.0000,1,0,0,0,0,10,0,0,0,0
zc,TA211,2012-06-29 09:01:33.640,7150.0000,572,0,0.0000,0.0000,0,0,多换,B,7140.0000,0.0000,0.0000,0.0000,0.0000,7174.0000,0.0000,0.0000,0.0000,0.0000,1,0,0,0,0,1,0,0,0,0
zc,TA211,2012-06-29 09:01:34.140,7150.0000,572,0,0.0000,0.0000,0,0,多换,B,7140.0000,0.0000,0.0000,0.0000,0.0000,7174.0000,0.0000,0.0000,0.0000,0.0000,1,0,0,0,0,10,0,0,0,0
zc,TA211,2012-06-29 09:01:35.407,7150.0000,572,0,0.0000,0.0000,0,0,多换,B,7138.0000,0.0000,0.0000,0.0000,0.0000,7176.0000,0.0000,0.0000,0.0000,0.0000,1,0,0,0,0,10,0,0,0,0
zc,TA211,2012-06-29 09:01:37.907,7150.0000,572,0,0.0000,0.0000,0,0,多换,B,7138.0000,0.0000,0.0000,0.0000,0.0000,7178.0000,0.0000,0.0000,0.0000,0.0000,1,0,0,0,0,10,0,0,0,0
zc,TA211,2012-06-29 09:01:38.377,7150.0000,572,0,0.0000,0.0000,0,0,多换,B,7138.0000,0.0000,0.0000,0.0000,0.0000,7176.0000,0.0000,0.0000,0.0000,0.0000,1,0,0,0,0,1,0,0,0,0
zc,TA211,2012-06-29 09:01:39.157,7150.0000,572,0,0.0000,0.0000,0,0,多换,B,7138.0000,0.0000,0.0000,0.0000,0.0000,7176.0000,0.0000,0.0000,0.0000,0.0000,1,0,0,0,0,6,0,0,0,0
zc,TA211,2012-06-29 09:01:39.687,7150.0000,572,0,0.0000,0.0000,0,0,多换,B,7138.0000,0.0000,0.0000,0.0000,0.0000,7176.0000,0.0000,0.0000,0.0000,0.0000,1,0,0,0,0,10,0,0,0,0
zc,TA211,2012-06-29 09:01:40.657,7150.0000,572,0,0.0000,0.0000,0,0,多换,B,7136.0000,0.0000,0.0000,0.0000,0.0000,7176.0000,0.0000,0.0000,0.0000,0.0000,1,0,0,0,0,10,0,0,0,0
zc,TA211,2012-06-29 09:01:42.157,7150.0000,572,0,0.0000,0.0000,0,0,多换,B,7136.0000,0.0000,0.0000,0.0000,0.0000,7178.0000,0.0000,0.0000,0.0000,0.0000,6,0,0,0,0,10,0,0,0,0
zc,TA211,2012-06-29 09:01:42.673,7150.0000,572,0,0.0000,0.0000,0,0,多换,B,7136.0000,0.0000,0.0000,0.0000,0.0000,7178.0000,0.0000,0.0000,0.0000,0.0000,5,0,0,0,0,10,0,0,0,0
zc,TA211,2012-06-29 09:01:43.173,7150.0000,572,0,0.0000,0.0000,0,0,多换,B,7138.0000,0.0000,0.0000,0.0000,0.0000,7178.0000,0.0000,0.0000,0.0000,0.0000,1,0,0,0,0,10,0,0,0,0
zc,TA211,2012-06-29 09:01:44.890,7150.0000,572,0,0.0000,0.0000,0,0,多换,B,7136.0000,0.0000,0.0000,0.0000,0.0000,7178.0000,0.0000,0.0000,0.0000,0.0000,1,0,0,0,0,10,0,0,0,0
zc,TA211,2012-06-29 09:01:45.657,7150.0000,572,0,0.0000,0.0000,0,0,多换,B,7136.0000,0.0000,0.0000,0.0000,0.0000,7176.0000,0.0000,0.0000,0.0000,0.0000,1,0,0,0,0,10,0,0,0,0
zc,TA211,2012-06-29 09:01:51.390,7150.0000,572,0,0.0000,0.0000,0,0,多换,B,7136.0000,0.0000,0.0000,0.0000,0.0000,7174.0000,0.0000,0.0000,0.0000,0.0000,1,0,0,0,0,3,0,0,0,0
zc,TA211,2012-06-29 09:01:52.140,7150.0000,572,0,0.0000,0.0000,0,0,多换,B,7136.0000,0.0000,0.0000,0.0000,0.0000,7176.0000,0.0000,0.0000,0.0000,0.0000,1,0,0,0,0,10,0,0,0,0
zc,TA211,2012-06-29 09:01:52.673,7150.0000,572,0,0.0000,0.0000,0,0,多换,B,7134.0000,0.0000,0.0000,0.0000,0.0000,7176.0000,0.0000,0.0000,0.0000,0.0000,2,0,0,0,0,10,0,0,0,0
zc,TA211,2012-06-29 09:01:53.187,7150.0000,572,0,0.0000,0.0000,0,0,多换,B,7136.0000,0.0000,0.0000,0.0000,0.0000,7176.0000,0.0000,0.0000,0.0000,0.0000,1,0,0,0,0,10,0,0,0,0
zc,TA211,2012-06-29 09:01:53.937,7150.0000,572,0,0.0000,0.0000,0,0,多换,B,7134.0000,0.0000,0.0000,0.0000,0.0000,7176.0000,0.0000,0.0000,0.0000,0.0000,3,0,0,0,0,10,0,0,0,0
zc,TA211,2012-06-29 09:01:54.437,7150.0000,572,0,0.0000,0.0000,0,0,多换,B,7136.0000,0.0000,0.0000,0.0000,0.0000,7176.0000,0.0000,0.0000,0.0000,0.0000,1,0,0,0,0,10,0,0,0,0
zc,TA211,2012-06-29 09:01:54.937,7150.0000,572,0,0.0000,0.0000,0,0,多换,B,7136.0000,0.0000,0.0000,0.0000,0.0000,7174.0000,0.0000,0.0000,0.0000,0.0000,1,0,0,0,0,10,0,0,0,0
zc,TA211,2012-06-29 09:01:55.890,7150.0000,572,0,0.0000,0.0000,0,0,多换,B,7136.0000,0.0000,0.0000,0.0000,0.0000,7178.0000,0.0000,0.0000,0.0000,0.0000,11,0,0,0,0,10,0,0,0,0
zc,TA211,2012-06-29 09:01:57.673,7150.0000,572,0,0.0000,0.0000,0,0,多换,B,7134.0000,0.0000,0.0000,0.0000,0.0000,7178.0000,0.0000,0.0000,0.0000,0.0000,11,0,0,0,0,10,0,0,0,0
zc,TA211,2012-06-29 09:01:58.220,7150.0000,572,0,0.0000,0.0000,0,0,多换,B,7134.0000,0.0000,0.0000,0.0000,0.0000,7176.0000,0.0000,0.0000,0.0000,0.0000,11,0,0,0,0,3,0,0,0,0
zc,TA211,2012-06-29 09:01:58.937,7150.0000,572,0,0.0000,0.0000,0,0,多换,B,7134.0000,0.0000,0.0000,0.0000,0.0000,7174.0000,0.0000,0.0000,0.0000,0.0000,1,0,0,0,0,3,0,0,0,0
zc,TA211,2012-06-29 09:01:59.360,7150.0000,572,0,0.0000,0.0000,0,0,多换,B,7134.0000,0.0000,0.0000,0.0000,0.0000,7174.0000,0.0000,0.0000,0.0000,0.0000,1,0,0,0,0,6,0,0,0,0
zc,TA211,2012-06-29 09:02:00.110,7150.0000,572,0,0.0000,0.0000,0,0,多换,B,7134.0000,0.0000,0.0000,0.0000,0.0000,7174.0000,0.0000,0.0000,0.0000,0.0000,1,0,0,0,0,4,0,0,0,0
zc,TA211,2012-06-29 09:02:00.673,7150.0000,572,0,0.0000,0.0000,0,0,多换,B,7134.0000,0.0000,0.0000,0.0000,0.0000,7176.0000,0.0000,0.0000,0.0000,0.0000,1,0,0,0,0,10,0,0,0,0
zc,TA211,2012-06-29 09:02:01.390,7150.0000,572,0,0.0000,0.0000,0,0,多换,B,7134.0000,0.0000,0.0000,0.0000,0.0000,7174.0000,0.0000,0.0000,0.0000,0.0000,1,0,0,0,0,10,0,0,0,0
zc,TA211,2012-06-29 09:02:01.877,7150.0000,572,0,0.0000,0.0000,0,0,多换,B,7134.0000,0.0000,0.0000,0.0000,0.0000,7172.0000,0.0000,0.0000,0.0000,0.0000,1,0,0,0,0,10,0,0,0,0
zc,TA211,2012-06-29 09:02:02.407,7150.0000,572,0,0.0000,0.0000,0,0,多换,B,7132.0000,0.0000,0.0000,0.0000,0.0000,7174.0000,0.0000,0.0000,0.0000,0.0000,11,0,0,0,0,10,0,0,0,0
zc,TA211,2012-06-29 09:02:05.923,7150.0000,572,0,0.0000,0.0000,0,0,多换,B,7132.0000,0.0000,0.0000,0.0000,0.0000,7174.0000,0.0000,0.0000,0.0000,0.0000,1,0,0,0,0,10,0,0,0,0
zc,TA211,2012-06-29 09:02:06.610,7150.0000,572,0,0.0000,0.0000,0,0,多换,B,7132.0000,0.0000,0.0000,0.0000,0.0000,7172.0000,0.0000,0.0000,0.0000,0.0000,1,0,0,0,0,2,0,0,0,0
zc,TA211,2012-06-29 09:02:07.110,7150.0000,572,0,0.0000,0.0000,0,0,多换,B,7132.0000,0.0000,0.0000,0.0000,0.0000,7172.0000,0.0000,0.0000,0.0000,0.0000,1,0,0,0,0,4,0,0,0,0
zc,TA211,2012-06-29 09:02:08.377,7150.0000,572,0,0.0000,0.0000,0,0,多换,B,7132.0000,0.0000,0.0000,0.0000,0.0000,7172.0000,0.0000,0.0000,0.0000,0.0000,1,0,0,0,0,2,0,0,0,0
zc,TA211,2012-06-29 09:02:09.157,7150.0000,572,0,0.0000,0.0000,0,0,多换,B,7130.0000,0.0000,0.0000,0.0000,0.0000,7172.0000,0.0000,0.0000,0.0000,0.0000,11,0,0,0,0,2,0,0,0,0
zc,TA211,2012-06-29 09:02:09.640,7150.0000,572,0,0.0000,0.0000,0,0,多换,B,7134.0000,0.0000,0.0000,0.0000,0.0000,7172.0000,0.0000,0.0000,0.0000,0.0000,1,0,0,0,0,1,0,0,0,0
zc,TA211,2012-06-29 09:02:10.173,7150.0000,572,0,0.0000,0.0000,0,0,多换,B,7130.0000,0.0000,0.0000,0.0000,0.0000,7172.0000,0.0000,0.0000,0.0000,0.0000,11,0,0,0,0,1,0,0,0,0
zc,TA211,2012-06-29 09:02:10.890,7150.0000,572,0,0.0000,0.0000,0,0,多换,B,7130.0000,0.0000,0.0000,0.0000,0.0000,7174.0000,0.0000,0.0000,0.0000,0.0000,11,0,0,0,0,10,0,0,0,0
zc,TA211,2012-06-29 09:02:12.640,7150.0000,572,0,0.0000,0.0000,0,0,多换,B,7132.0000,0.0000,0.0000,0.0000,0.0000,7174.0000,0.0000,0.0000,0.0000,0.0000,1,0,0,0,0,10,0,0,0,0
zc,TA211,2012-06-29 09:02:13.923,7150.0000,572,0,0.0000,0.0000,0,0,多换,B,7132.0000,0.0000,0.0000,0.0000,0.0000,7172.0000,0.0000,0.0000,0.0000,0.0000,1,0,0,0,0,1,0,0,0,0
zc,TA211,2012-06-29 09:02:14.377,7150.0000,572,0,0.0000,0.0000,0,0,多换,B,7132.0000,0.0000,0.0000,0.0000,0.0000,7174.0000,0.0000,0.0000,0.0000,0.0000,4,0,0,0,0,10,0,0,0,0
zc,TA211,2012-06-29 09:02:14.877,7150.0000,572,0,0.0000,0.0000,0,0,多换,B,7132.0000,0.0000,0.0000,0.0000,0.0000,7174.0000,0.0000,0.0000,0.0000,0.0000,1,0,0,0,0,10,0,0,0,0
zc,TA211,2012-06-29 09:02:15.627,7150.0000,572,0,0.0000,0.0000,0,0,多换,B,7132.0000,0.0000,0.0000,0.0000,0.0000,7172.0000,0.0000,0.0000,0.0000,0.0000,1,0,0,0,0,1,0,0,0,0
zc,TA211,2012-06-29 09:02:16.157,7150.0000,572,0,0.0000,0.0000,0,0,多换,B,7132.0000,0.0000,0.0000,0.0000,0.0000,7174.0000,0.0000,0.0000,0.0000,0.0000,11,0,0,0,0,10,0,0,0,0
zc,TA211,2012-06-29 09:02:16.890,7150.0000,572,0,0.0000,0.0000,0,0,多换,B,7134.0000,0.0000,0.0000,0.0000,0.0000,7176.0000,0.0000,0.0000,0.0000,0.0000,10,0,0,0,0,10,0,0,0,0
zc,TA211,2012-06-29 09:02:20.110,7150.0000,572,0,0.0000,0.0000,0,0,多换,B,7132.0000,0.0000,0.0000,0.0000,0.0000,7174.0000,0.0000,0.0000,0.0000,0.0000,11,0,0,0,0,10,0,0,0,0
zc,TA211,2012-06-29 09:02:22.127,7150.0000,572,0,0.0000,0.0000,0,0,多换,B,7134.0000,0.0000,0.0000,0.0000,0.0000,7174.0000,0.0000,0.0000,0.0000,0.0000,20,0,0,0,0,10,0,0,0,0
zc,TA211,2012-06-29 09:02:26.610,7150.0000,572,0,0.0000,0.0000,0,0,多换,B,7134.0000,0.0000,0.0000,0.0000,0.0000,7172.0000,0.0000,0.0000,0.0000,0.0000,20,0,0,0,0,10,0,0,0,0
zc,TA211,2012-06-29 09:02:35.890,7150.0000,572,0,0.0000,0.0000,0,0,多换,B,7134.0000,0.0000,0.0000,0.0000,0.0000,7174.0000,0.0000,0.0000,0.0000,0.0000,20,0,0,0,0,10,0,0,0,0
zc,TA211,2012-06-29 09:02:36.657,7150.0000,572,0,0.0000,0.0000,0,0,多换,B,7134.0000,0.0000,0.0000,0.0000,0.0000,7174.0000,0.0000,0.0000,0.0000,0.0000,21,0,0,0,0,10,0,0,0,0
zc,TA211,2012-06-29 09:02:37.140,7150.0000,572,0,0.0000,0.0000,0,0,多换,B,7134.0000,0.0000,0.0000,0.0000,0.0000,7174.0000,0.0000,0.0000,0.0000,0.0000,20,0,0,0,0,10,0,0,0,0
zc,TA211,2012-06-29 09:02:39.390,7150.0000,572,0,0.0000,0.0000,0,0,多换,B,7134.0000,0.0000,0.0000,0.0000,0.0000,7172.0000,0.0000,0.0000,0.0000,0.0000,20,0,0,0,0,4,0,0,0,0
zc,TA211,2012-06-29 09:02:39.843,7150.0000,572,0,0.0000,0.0000,0,0,多换,B,7134.0000,0.0000,0.0000,0.0000,0.0000,7172.0000,0.0000,0.0000,0.0000,0.0000,20,0,0,0,0,3,0,0,0,0
zc,TA211,2012-06-29 09:02:40.907,7150.0000,572,0,0.0000,0.0000,0,0,多换,B,7134.0000,0.0000,0.0000,0.0000,0.0000,7172.0000,0.0000,0.0000,0.0000,0.0000,20,0,0,0,0,10,0,0,0,0
zc,TA211,2012-06-29 09:02:42.157,7150.0000,572,0,0.0000,0.0000,0,0,多换,B,7134.0000,0.0000,0.0000,0.0000,0.0000,7172.0000,0.0000,0.0000,0.0000,0.0000,20,0,0,0,0,7,0,0,0,0
zc,TA211,2012-06-29 09:02:42.640,7150.0000,572,0,0.0000,0.0000,0,0,多换,B,7134.0000,0.0000,0.0000,0.0000,0.0000,7172.0000,0.0000,0.0000,0.0000,0.0000,20,0,0,0,0,9,0,0,0,0
zc,TA211,2012-06-29 09:02:43.360,7150.0000,572,0,0.0000,0.0000,0,0,多换,B,7134.0000,0.0000,0.0000,0.0000,0.0000,7172.0000,0.0000,0.0000,0.0000,0.0000,20,0,0,0,0,10,0,0,0,0
zc,TA211,2012-06-29 09:02:47.907,7150.0000,572,0,0.0000,0.0000,0,0,多换,B,7134.0000,0.0000,0.0000,0.0000,0.0000,7174.0000,0.0000,0.0000,0.0000,0.0000,20,0,0,0,0,10,0,0,0,0
zc,TA211,2012-06-29 09:03:16.877,7150.0000,572,0,0.0000,0.0000,0,0,多换,B,7134.0000,0.0000,0.0000,0.0000,0.0000,7172.0000,0.0000,0.0000,0.0000,0.0000,20,0,0,0,0,3,0,0,0,0
zc,TA211,2012-06-29 09:03:17.377,7150.0000,572,0,0.0000,0.0000,0,0,多换,B,7134.0000,0.0000,0.0000,0.0000,0.0000,7172.0000,0.0000,0.0000,0.0000,0.0000,20,0,0,0,0,1,0,0,0,0
zc,TA211,2012-06-29 09:03:18.127,7150.0000,572,0,0.0000,0.0000,0,0,多换,B,7134.0000,0.0000,0.0000,0.0000,0.0000,7174.0000,0.0000,0.0000,0.0000,0.0000,20,0,0,0,0,10,0,0,0,0
zc,TA211,2012-06-29 09:03:25.610,7150.0000,572,0,0.0000,0.0000,0,0,多换,B,7134.0000,0.0000,0.0000,0.0000,0.0000,7172.0000,0.0000,0.0000,0.0000,0.0000,20,0,0,0,0,10,0,0,0,0
zc,TA211,2012-06-29 09:03:40.423,7150.0000,572,0,0.0000,0.0000,0,0,多换,B,7134.0000,0.0000,0.0000,0.0000,0.0000,7170.0000,0.0000,0.0000,0.0000,0.0000,20,0,0,0,0,10,0,0,0,0
zc,TA211,2012-06-29 09:03:43.627,7150.0000,572,0,0.0000,0.0000,0,0,多换,B,7134.0000,0.0000,0.0000,0.0000,0.0000,7168.0000,0.0000,0.0000,0.0000,0.0000,20,0,0,0,0,10,0,0,0,0
zc,TA211,2012-06-29 09:03:47.673,7150.0000,572,0,0.0000,0.0000,0,0,多换,B,7134.0000,0.0000,0.0000,0.0000,0.0000,7166.0000,0.0000,0.0000,0.0000,0.0000,20,0,0,0,0,8,0,0,0,0
zc,TA211,2012-06-29 09:03:48.203,7150.0000,572,0,0.0000,0.0000,0,0,多换,B,7134.0000,0.0000,0.0000,0.0000,0.0000,7166.0000,0.0000,0.0000,0.0000,0.0000,20,0,0,0,0,10,0,0,0,0
zc,TA211,2012-06-29 09:03:49.907,7150.0000,572,0,0.0000,0.0000,0,0,多换,B,7134.0000,0.0000,0.0000,0.0000,0.0000,7164.0000,0.0000,0.0000,0.0000,0.0000,20,0,0,0,0,10,0,0,0,0
zc,TA211,2012-06-29 09:03:52.640,7150.0000,572,0,0.0000,0.0000,0,0,多换,B,7134.0000,0.0000,0.0000,0.0000,0.0000,7162.0000,0.0000,0.0000,0.0000,0.0000,20,0,0,0,0,4,0,0,0,0
zc,TA211,2012-06-29 09:03:53.140,7150.0000,572,0,0.0000,0.0000,0,0,多换,B,7134.0000,0.0000,0.0000,0.0000,0.0000,7164.0000,0.0000,0.0000,0.0000,0.0000,20,0,0,0,0,10,0,0,0,0
zc,TA211,2012-06-29 09:03:55.877,7150.0000,572,0,0.0000,0.0000,0,0,多换,B,7134.0000,0.0000,0.0000,0.0000,0.0000,7162.0000,0.0000,0.0000,0.0000,0.0000,20,0,0,0,0,10,0,0,0,0
zc,TA211,2012-06-29 09:03:58.423,7150.0000,572,0,0.0000,0.0000,0,0,多换,B,7134.0000,0.0000,0.0000,0.0000,0.0000,7160.0000,0.0000,0.0000,0.0000,0.0000,20,0,0,0,0,4,0,0,0,0
zc,TA211,2012-06-29 09:03:58.890,7150.0000,572,0,0.0000,0.0000,0,0,多换,B,7134.0000,0.0000,0.0000,0.0000,0.0000,7164.0000,0.0000,0.0000,0.0000,0.0000,20,0,0,0,0,10,0,0,0,0
zc,TA211,2012-06-29 09:04:02.140,7150.0000,572,0,0.0000,0.0000,0,0,多换,B,7134.0000,0.0000,0.0000,0.0000,0.0000,7160.0000,0.0000,0.0000,0.0000,0.0000,20,0,0,0,0,5,0,0,0,0
zc,TA211,2012-06-29 09:04:02.640,7150.0000,572,0,0.0000,0.0000,0,0,多换,B,7134.0000,0.0000,0.0000,0.0000,0.0000,7162.0000,0.0000,0.0000,0.0000,0.0000,20,0,0,0,0,10,0,0,0,0
zc,TA211,2012-06-29 09:04:07.390,7150.0000,572,0,0.0000,0.0000,0,0,多换,B,7134.0000,0.0000,0.0000,0.0000,0.0000,7160.0000,0.0000,0.0000,0.0000,0.0000,20,0,0,0,0,3,0,0,0,0
zc,TA211,2012-06-29 09:04:08.127,7150.0000,572,0,0.0000,0.0000,0,0,多换,B,7134.0000,0.0000,0.0000,0.0000,0.0000,7160.0000,0.0000,0.0000,0.0000,0.0000,20,0,0,0,0,13,0,0,0,0
zc,TA211,2012-06-29 09:04:08.657,7150.0000,572,0,0.0000,0.0000,0,0,多换,B,7134.0000,0.0000,0.0000,0.0000,0.0000,7160.0000,0.0000,0.0000,0.0000,0.0000,20,0,0,0,0,3,0,0,0,0
zc,TA211,2012-06-29 09:04:11.437,7150.0000,572,0,0.0000,0.0000,0,0,多换,B,7134.0000,0.0000,0.0000,0.0000,0.0000,7160.0000,0.0000,0.0000,0.0000,0.0000,20,0,0,0,0,6,0,0,0,0
zc,TA211,2012-06-29 09:04:12.110,7150.0000,572,0,0.0000,0.0000,0,0,多换,B,7134.0000,0.0000,0.0000,0.0000,0.0000,7160.0000,0.0000,0.0000,0.0000,0.0000,20,0,0,0,0,5,0,0,0,0
zc,TA211,2012-06-29 09:04:12.640,7150.0000,572,0,0.0000,0.0000,0,0,多换,B,7134.0000,0.0000,0.0000,0.0000,0.0000,7160.0000,0.0000,0.0000,0.0000,0.0000,20,0,0,0,0,3,0,0,0,0
zc,TA211,2012-06-29 09:04:13.877,7150.0000,572,0,0.0000,0.0000,0,0,多换,B,7134.0000,0.0000,0.0000,0.0000,0.0000,7160.0000,0.0000,0.0000,0.0000,0.0000,20,0,0,0,0,8,0,0,0,0
zc,TA211,2012-06-29 09:04:14.673,7150.0000,572,0,0.0000,0.0000,0,0,多换,B,7134.0000,0.0000,0.0000,0.0000,0.0000,7160.0000,0.0000,0.0000,0.0000,0.0000,20,0,0,0,0,12,0,0,0,0
zc,TA211,2012-06-29 09:04:15.140,7150.0000,572,0,0.0000,0.0000,0,0,多换,B,7134.0000,0.0000,0.0000,0.0000,0.0000,7160.0000,0.0000,0.0000,0.0000,0.0000,20,0,0,0,0,3,0,0,0,0
zc,TA211,2012-06-29 09:04:15.890,7150.0000,572,0,0.0000,0.0000,0,0,多换,B,7134.0000,0.0000,0.0000,0.0000,0.0000,7160.0000,0.0000,0.0000,0.0000,0.0000,20,0,0,0,0,2,0,0,0,0
zc,TA211,2012-06-29 09:04:16.390,7150.0000,572,0,0.0000,0.0000,0,0,多换,B,7134.0000,0.0000,0.0000,0.0000,0.0000,7162.0000,0.0000,0.0000,0.0000,0.0000,20,0,0,0,0,10,0,0,0,0
zc,TA211,2012-06-29 09:04:18.890,7150.0000,572,0,0.0000,0.0000,0,0,多换,B,7134.0000,0.0000,0.0000,0.0000,0.0000,7160.0000,0.0000,0.0000,0.0000,0.0000,20,0,0,0,0,8,0,0,0,0
zc,TA211,2012-06-29 09:04:19.360,7150.0000,572,0,0.0000,0.0000,0,0,多换,B,7134.0000,0.0000,0.0000,0.0000,0.0000,7162.0000,0.0000,0.0000,0.0000,0.0000,20,0,0,0,0,10,0,0,0,0
zc,TA211,2012-06-29 09:04:21.890,7150.0000,572,0,0.0000,0.0000,0,0,多换,B,7134.0000,0.0000,0.0000,0.0000,0.0000,7160.0000,0.0000,0.0000,0.0000,0.0000,20,0,0,0,0,4,0,0,0,0
zc,TA211,2012-06-29 09:04:22.627,7150.0000,572,0,0.0000,0.0000,0,0,多换,B,7134.0000,0.0000,0.0000,0.0000,0.0000,7162.0000,0.0000,0.0000,0.0000,0.0000,20,0,0,0,0,10,0,0,0,0
zc,TA211,2012-06-29 09:04:28.627,7150.0000,572,0,0.0000,0.0000,0,0,多换,B,7134.0000,0.0000,0.0000,0.0000,0.0000,7160.0000,0.0000,0.0000,0.0000,0.0000,20,0,0,0,0,10,0,0,0,0
zc,TA211,2012-06-29 09:04:36.627,7150.0000,572,0,0.0000,0.0000,0,0,多换,B,7134.0000,0.0000,0.0000,0.0000,0.0000,7158.0000,0.0000,0.0000,0.0000,0.0000,20,0,0,0,0,10,0,0,0,0
zc,TA211,2012-06-29 09:04:38.110,7150.0000,572,0,0.0000,0.0000,0,0,多换,B,7134.0000,0.0000,0.0000,0.0000,0.0000,7160.0000,0.0000,0.0000,0.0000,0.0000,20,0,0,0,0,10,0,0,0,0
zc,TA211,2012-06-29 09:04:43.390,7150.0000,572,0,0.0000,0.0000,0,0,多换,B,7134.0000,0.0000,0.0000,0.0000,0.0000,7158.0000,0.0000,0.0000,0.0000,0.0000,20,0,0,0,0,5,0,0,0,0
zc,TA211,2012-06-29 09:04:44.110,7150.0000,572,0,0.0000,0.0000,0,0,多换,B,7134.0000,0.0000,0.0000,0.0000,0.0000,7158.0000,0.0000,0.0000,0.0000,0.0000,20,0,0,0,0,2,0,0,0,0
zc,TA211,2012-06-29 09:04:44.627,7150.0000,572,0,0.0000,0.0000,0,0,多换,B,7134.0000,0.0000,0.0000,0.0000,0.0000,7158.0000,0.0000,0.0000,0.0000,0.0000,20,0,0,0,0,1,0,0,0,0
zc,TA211,2012-06-29 09:04:45.140,7150.0000,572,0,0.0000,0.0000,0,0,多换,B,7134.0000,0.0000,0.0000,0.0000,0.0000,7158.0000,0.0000,0.0000,0.0000,0.0000,20,0,0,0,0,10,0,0,0,0
zc,TA211,2012-06-29 09:04:46.360,7150.0000,572,0,0.0000,0.0000,0,0,多换,B,7134.0000,0.0000,0.0000,0.0000,0.0000,7160.0000,0.0000,0.0000,0.0000,0.0000,20,0,0,0,0,10,0,0,0,0
zc,TA211,2012-06-29 09:04:55.593,7150.0000,572,0,0.0000,0.0000,0,0,多换,B,7134.0000,0.0000,0.0000,0.0000,0.0000,7160.0000,0.0000,0.0000,0.0000,0.0000,20,0,0,0,0,4,0,0,0,0
zc,TA211,2012-06-29 09:04:56.407,7150.0000,572,0,0.0000,0.0000,0,0,多换,B,7134.0000,0.0000,0.0000,0.0000,0.0000,7162.0000,0.0000,0.0000,0.0000,0.0000,20,0,0,0,0,10,0,0,0,0
zc,TA211,2012-06-29 09:04:56.627,7150.0000,572,0,0.0000,0.0000,0,0,多换,B,7134.0000,0.0000,0.0000,0.0000,0.0000,7160.0000,0.0000,0.0000,0.0000,0.0000,20,0,0,0,0,10,0,0,0,0
zc,TA211,2012-06-29 09:04:57.860,7150.0000,572,0,0.0000,0.0000,0,0,多换,B,7134.0000,0.0000,0.0000,0.0000,0.0000,7160.0000,0.0000,0.0000,0.0000,0.0000,20,0,0,0,0,4,0,0,0,0
zc,TA211,2012-06-29 09:04:58.610,7150.0000,572,0,0.0000,0.0000,0,0,多换,B,7134.0000,0.0000,0.0000,0.0000,0.0000,7162.0000,0.0000,0.0000,0.0000,0.0000,20,0,0,0,0,10,0,0,0,0
zc,TA211,2012-06-29 09:05:02.140,7150.0000,572,0,0.0000,0.0000,0,0,多换,B,7134.0000,0.0000,0.0000,0.0000,0.0000,7160.0000,0.0000,0.0000,0.0000,0.0000,20,0,0,0,0,5,0,0,0,0
zc,TA211,2012-06-29 09:05:02.877,7150.0000,572,0,0.0000,0.0000,0,0,多换,B,7134.0000,0.0000,0.0000,0.0000,0.0000,7160.0000,0.0000,0.0000,0.0000,0.0000,20,0,0,0,0,8,0,0,0,0
zc,TA211,2012-06-29 09:05:03.407,7150.0000,572,0,0.0000,0.0000,0,0,多换,B,7134.0000,0.0000,0.0000,0.0000,0.0000,7160.0000,0.0000,0.0000,0.0000,0.0000,20,0,0,0,0,3,0,0,0,0
zc,TA211,2012-06-29 09:05:04.110,7150.0000,572,0,0.0000,0.0000,0,0,多换,B,7134.0000,0.0000,0.0000,0.0000,0.0000,7162.0000,0.0000,0.0000,0.0000,0.0000,20,0,0,0,0,10,0,0,0,0
zc,TA211,2012-06-29 09:05:08.110,7150.0000,572,0,0.0000,0.0000,0,0,多换,B,7134.0000,0.0000,0.0000,0.0000,0.0000,7160.0000,0.0000,0.0000,0.0000,0.0000,20,0,0,0,0,1,0,0,0,0
zc,TA211,2012-06-29 09:05:08.627,7150.0000,572,0,0.0000,0.0000,0,0,多换,B,7134.0000,0.0000,0.0000,0.0000,0.0000,7162.0000,0.0000,0.0000,0.0000,0.0000,20,0,0,0,0,10,0,0,0,0
zc,TA211,2012-06-29 09:05:17.640,7150.0000,572,0,0.0000,0.0000,0,0,多换,B,7134.0000,0.0000,0.0000,0.0000,0.0000,7162.0000,0.0000,0.0000,0.0000,0.0000,20,0,0,0,0,7,0,0,0,0
zc,TA211,2012-06-29 09:05:18.377,7150.0000,572,0,0.0000,0.0000,0,0,多换,B,7134.0000,0.0000,0.0000,0.0000,0.0000,7162.0000,0.0000,0.0000,0.0000,0.0000,20,0,0,0,0,10,0,0,0,0
zc,TA211,2012-06-29 09:05:18.627,7150.0000,572,0,0.0000,0.0000,0,0,多换,B,7134.0000,0.0000,0.0000,0.0000,0.0000,7162.0000,0.0000,0.0000,0.0000,0.0000,20,0,0,0,0,8,0,0,0,0
zc,TA211,2012-06-29 09:05:19.343,7150.0000,572,0,0.0000,0.0000,0,0,多换,B,7134.0000,0.0000,0.0000,0.0000,0.0000,7162.0000,0.0000,0.0000,0.0000,0.0000,20,0,0,0,0,2,0,0,0,0
zc,TA211,2012-06-29 09:05:20.110,7150.0000,572,0,0.0000,0.0000,0,0,多换,B,7134.0000,0.0000,0.0000,0.0000,0.0000,7164.0000,0.0000,0.0000,0.0000,0.0000,20,0,0,0,0,10,0,0,0,0
zc,TA211,2012-06-29 09:05:21.173,7150.0000,572,0,0.0000,0.0000,0,0,多换,B,7134.0000,0.0000,0.0000,0.0000,0.0000,7162.0000,0.0000,0.0000,0.0000,0.0000,20,0,0,0,0,1,0,0,0,0
zc,TA211,2012-06-29 09:05:21.593,7150.0000,572,0,0.0000,0.0000,0,0,多换,B,7134.0000,0.0000,0.0000,0.0000,0.0000,7164.0000,0.0000,0.0000,0.0000,0.0000,20,0,0,0,0,10,0,0,0,0
zc,TA211,2012-06-29 09:05:22.343,7150.0000,572,0,0.0000,0.0000,0,0,多换,B,7134.0000,0.0000,0.0000,0.0000,0.0000,7162.0000,0.0000,0.0000,0.0000,0.0000,20,0,0,0,0,2,0,0,0,0
zc,TA211,2012-06-29 09:05:22.860,7150.0000,572,0,0.0000,0.0000,0,0,多换,B,7134.0000,0.0000,0.0000,0.0000,0.0000,7162.0000,0.0000,0.0000,0.0000,0.0000,20,0,0,0,0,1,0,0,0,0
zc,TA211,2012-06-29 09:05:23.360,7150.0000,572,0,0.0000,0.0000,0,0,多换,B,7134.0000,0.0000,0.0000,0.0000,0.0000,7164.0000,0.0000,0.0000,0.0000,0.0000,20,0,0,0,0,10,0,0,0,0
zc,TA211,2012-06-29 09:05:25.627,7150.0000,572,0,0.0000,0.0000,0,0,多换,B,7134.0000,0.0000,0.0000,0.0000,0.0000,7164.0000,0.0000,0.0000,0.0000,0.0000,20,0,0,0,0,3,0,0,0,0
zc,TA211,2012-06-29 09:05:28.187,7150.0000,572,0,0.0000,0.0000,0,0,多换,B,7134.0000,0.0000,0.0000,0.0000,0.0000,7162.0000,0.0000,0.0000,0.0000,0.0000,20,0,0,0,0,2,0,0,0,0
zc,TA211,2012-06-29 09:05:29.390,7150.0000,572,0,0.0000,0.0000,0,0,多换,B,7134.0000,0.0000,0.0000,0.0000,0.0000,7162.0000,0.0000,0.0000,0.0000,0.0000,20,0,0,0,0,10,0,0,0,0
zc,TA211,2012-06-29 09:05:29.877,7150.0000,572,0,0.0000,0.0000,0,0,多换,B,7134.0000,0.0000,0.0000,0.0000,0.0000,7162.0000,0.0000,0.0000,0.0000,0.0000,20,0,0,0,0,4,0,0,0,0
zc,TA211,2012-06-29 09:05:30.377,7150.0000,572,0,0.0000,0.0000,0,0,多换,B,7134.0000,0.0000,0.0000,0.0000,0.0000,7164.0000,0.0000,0.0000,0.0000,0.0000,20,0,0,0,0,10,0,0,0,0
zc,TA211,2012-06-29 09:05:32.110,7150.0000,572,0,0.0000,0.0000,0,0,多换,B,7134.0000,0.0000,0.0000,0.0000,0.0000,7162.0000,0.0000,0.0000,0.0000,0.0000,20,0,0,0,0,2,0,0,0,0
zc,TA211,2012-06-29 09:05:33.890,7150.0000,572,0,0.0000,0.0000,0,0,多换,B,7134.0000,0.0000,0.0000,0.0000,0.0000,7162.0000,0.0000,0.0000,0.0000,0.0000,20,0,0,0,0,8,0,0,0,0
zc,TA211,2012-06-29 09:05:34.377,7150.0000,572,0,0.0000,0.0000,0,0,多换,B,7134.0000,0.0000,0.0000,0.0000,0.0000,7162.0000,0.0000,0.0000,0.0000,0.0000,20,0,0,0,0,4,0,0,0,0
zc,TA211,2012-06-29 09:05:34.877,7150.0000,572,0,0.0000,0.0000,0,0,多换,B,7134.0000,0.0000,0.0000,0.0000,0.0000,7162.0000,0.0000,0.0000,0.0000,0.0000,20,0,0,0,0,3,0,0,0,0
zc,TA211,2012-06-29 09:05:36.157,7150.0000,572,0,0.0000,0.0000,0,0,多换,B,7134.0000,0.0000,0.0000,0.0000,0.0000,7162.0000,0.0000,0.0000,0.0000,0.0000,20,0,0,0,0,5,0,0,0,0
zc,TA211,2012-06-29 09:05:37.877,7150.0000,572,0,0.0000,0.0000,0,0,多换,B,7134.0000,0.0000,0.0000,0.0000,0.0000,7162.0000,0.0000,0.0000,0.0000,0.0000,20,0,0,0,0,4,0,0,0,0
zc,TA211,2012-06-29 09:05:39.127,7150.0000,572,0,0.0000,0.0000,0,0,多换,B,7134.0000,0.0000,0.0000,0.0000,0.0000,7164.0000,0.0000,0.0000,0.0000,0.0000,20,0,0,0,0,10,0,0,0,0
zc,TA211,2012-06-29 09:05:43.907,7150.0000,572,0,0.0000,0.0000,0,0,多换,B,7134.0000,0.0000,0.0000,0.0000,0.0000,7166.0000,0.0000,0.0000,0.0000,0.0000,20,0,0,0,0,1,0,0,0,0
zc,TA211,2012-06-29 09:05:45.610,7150.0000,572,0,0.0000,0.0000,0,0,多换,B,7134.0000,0.0000,0.0000,0.0000,0.0000,7168.0000,0.0000,0.0000,0.0000,0.0000,20,0,0,0,0,10,0,0,0,0
zc,TA211,2012-06-29 09:05:52.140,7150.0000,572,0,0.0000,0.0000,0,0,多换,B,7134.0000,0.0000,0.0000,0.0000,0.0000,7168.0000,0.0000,0.0000,0.0000,0.0000,20,0,0,0,0,1,0,0,0,0
zc,TA211,2012-06-29 09:05:52.890,7150.0000,572,0,0.0000,0.0000,0,0,多换,B,7134.0000,0.0000,0.0000,0.0000,0.0000,7170.0000,0.0000,0.0000,0.0000,0.0000,20,0,0,0,0,10,0,0,0,0
zc,TA211,2012-06-29 09:05:55.127,7150.0000,572,0,0.0000,0.0000,0,0,多换,B,7134.0000,0.0000,0.0000,0.0000,0.0000,7172.0000,0.0000,0.0000,0.0000,0.0000,20,0,0,0,0,10,0,0,0,0
zc,TA211,2012-06-29 09:05:59.843,7150.0000,572,0,0.0000,0.0000,0,0,多换,B,7134.0000,0.0000,0.0000,0.0000,0.0000,7174.0000,0.0000,0.0000,0.0000,0.0000,20,0,0,0,0,10,0,0,0,0
zc,TA211,2012-06-29 09:06:05.173,7150.0000,572,0,0.0000,0.0000,0,0,多换,B,7134.0000,0.0000,0.0000,0.0000,0.0000,7174.0000,0.0000,0.0000,0.0000,0.0000,21,0,0,0,0,9,0,0,0,0
zc,TA211,2012-06-29 09:06:05.890,7150.0000,572,0,0.0000,0.0000,0,0,多换,B,7134.0000,0.0000,0.0000,0.0000,0.0000,7176.0000,0.0000,0.0000,0.0000,0.0000,31,0,0,0,0,10,0,0,0,0
zc,TA211,2012-06-29 09:06:06.360,7150.0000,572,0,0.0000,0.0000,0,0,多换,B,7134.0000,0.0000,0.0000,0.0000,0.0000,7176.0000,0.0000,0.0000,0.0000,0.0000,30,0,0,0,0,10,0,0,0,0
zc,TA211,2012-06-29 09:06:06.860,7150.0000,572,0,0.0000,0.0000,0,0,多换,B,7134.0000,0.0000,0.0000,0.0000,0.0000,7176.0000,0.0000,0.0000,0.0000,0.0000,25,0,0,0,0,10,0,0,0,0
zc,TA211,2012-06-29 09:06:07.657,7150.0000,572,0,0.0000,0.0000,0,0,多换,B,7134.0000,0.0000,0.0000,0.0000,0.0000,7176.0000,0.0000,0.0000,0.0000,0.0000,23,0,0,0,0,10,0,0,0,0
zc,TA211,2012-06-29 09:06:08.127,7150.0000,572,0,0.0000,0.0000,0,0,多换,B,7134.0000,0.0000,0.0000,0.0000,0.0000,7176.0000,0.0000,0.0000,0.0000,0.0000,26,0,0,0,0,10,0,0,0,0
zc,TA211,2012-06-29 09:06:08.877,7150.0000,572,0,0.0000,0.0000,0,0,多换,B,7134.0000,0.0000,0.0000,0.0000,0.0000,7176.0000,0.0000,0.0000,0.0000,0.0000,23,0,0,0,0,10,0,0,0,0
zc,TA211,2012-06-29 09:06:09.127,7150.0000,572,0,0.0000,0.0000,0,0,多换,B,7134.0000,0.0000,0.0000,0.0000,0.0000,7174.0000,0.0000,0.0000,0.0000,0.0000,20,0,0,0,0,10,0,0,0,0
zc,TA211,2012-06-29 09:06:11.110,7150.0000,572,0,0.0000,0.0000,0,0,多换,B,7134.0000,0.0000,0.0000,0.0000,0.0000,7176.0000,0.0000,0.0000,0.0000,0.0000,20,0,0,0,0,10,0,0,0,0
zc,TA211,2012-06-29 09:06:11.390,7150.0000,572,0,0.0000,0.0000,0,0,多换,B,7134.0000,0.0000,0.0000,0.0000,0.0000,7176.0000,0.0000,0.0000,0.0000,0.0000,21,0,0,0,0,10,0,0,0,0
zc,TA211,2012-06-29 09:06:12.140,7150.0000,572,0,0.0000,0.0000,0,0,多换,B,7134.0000,0.0000,0.0000,0.0000,0.0000,7176.0000,0.0000,0.0000,0.0000,0.0000,20,0,0,0,0,10,0,0,0,0
zc,TA211,2012-06-29 09:06:12.860,7150.0000,572,0,0.0000,0.0000,0,0,多换,B,7134.0000,0.0000,0.0000,0.0000,0.0000,7176.0000,0.0000,0.0000,0.0000,0.0000,21,0,0,0,0,10,0,0,0,0
zc,TA211,2012-06-29 09:06:13.377,7150.0000,572,0,0.0000,0.0000,0,0,多换,B,7134.0000,0.0000,0.0000,0.0000,0.0000,7176.0000,0.0000,0.0000,0.0000,0.0000,27,0,0,0,0,10,0,0,0,0
zc,TA211,2012-06-29 09:06:13.843,7150.0000,572,0,0.0000,0.0000,0,0,多换,B,7134.0000,0.0000,0.0000,0.0000,0.0000,7176.0000,0.0000,0.0000,0.0000,0.0000,21,0,0,0,0,10,0,0,0,0
zc,TA211,2012-06-29 09:06:15.140,7150.0000,572,0,0.0000,0.0000,0,0,多换,B,7134.0000,0.0000,0.0000,0.0000,0.0000,7176.0000,0.0000,0.0000,0.0000,0.0000,25,0,0,0,0,10,0,0,0,0
zc,TA211,2012-06-29 09:06:15.627,7150.0000,572,0,0.0000,0.0000,0,0,多换,B,7136.0000,0.0000,0.0000,0.0000,0.0000,7176.0000,0.0000,0.0000,0.0000,0.0000,1,0,0,0,0,10,0,0,0,0
zc,TA211,2012-06-29 09:06:17.360,7150.0000,572,0,0.0000,0.0000,0,0,多换,B,7138.0000,0.0000,0.0000,0.0000,0.0000,7176.0000,0.0000,0.0000,0.0000,0.0000,1,0,0,0,0,10,0,0,0,0
zc,TA211,2012-06-29 09:06:17.890,7150.0000,572,0,0.0000,0.0000,0,0,多换,B,7134.0000,0.0000,0.0000,0.0000,0.0000,7174.0000,0.0000,0.0000,0.0000,0.0000,21,0,0,0,0,1,0,0,0,0
zc,TA211,2012-06-29 09:06:18.360,7150.0000,572,0,0.0000,0.0000,0,0,多换,B,7134.0000,0.0000,0.0000,0.0000,0.0000,7174.0000,0.0000,0.0000,0.0000,0.0000,21,0,0,0,0,10,0,0,0,0
zc,TA211,2012-06-29 09:06:19.377,7150.0000,572,0,0.0000,0.0000,0,0,多换,B,7134.0000,0.0000,0.0000,0.0000,0.0000,7174.0000,0.0000,0.0000,0.0000,0.0000,20,0,0,0,0,10,0,0,0,0
zc,TA211,2012-06-29 09:06:20.610,7150.0000,572,0,0.0000,0.0000,0,0,多换,B,7134.0000,0.0000,0.0000,0.0000,0.0000,7176.0000,0.0000,0.0000,0.0000,0.0000,20,0,0,0,0,10,0,0,0,0
zc,TA211,2012-06-29 09:06:21.173,7150.0000,572,0,0.0000,0.0000,0,0,多换,B,7134.0000,0.0000,0.0000,0.0000,0.0000,7174.0000,0.0000,0.0000,0.0000,0.0000,20,0,0,0,0,8,0,0,0,0
zc,TA211,2012-06-29 09:06:21.843,7150.0000,572,0,0.0000,0.0000,0,0,多换,B,7134.0000,0.0000,0.0000,0.0000,0.0000,7174.0000,0.0000,0.0000,0.0000,0.0000,20,0,0,0,0,10,0,0,0,0
zc,TA211,2012-06-29 09:06:22.877,7150.0000,572,0,0.0000,0.0000,0,0,多换,B,7134.0000,0.0000,0.0000,0.0000,0.0000,7174.0000,0.0000,0.0000,0.0000,0.0000,21,0,0,0,0,10,0,0,0,0
zc,TA211,2012-06-29 09:06:24.110,7150.0000,572,0,0.0000,0.0000,0,0,多换,B,7134.0000,0.0000,0.0000,0.0000,0.0000,7174.0000,0.0000,0.0000,0.0000,0.0000,20,0,0,0,0,10,0,0,0,0
zc,TA211,2012-06-29 09:06:35.390,7150.0000,572,0,0.0000,0.0000,0,0,多换,B,7134.0000,0.0000,0.0000,0.0000,0.0000,7172.0000,0.0000,0.0000,0.0000,0.0000,20,0,0,0,0,1,0,0,0,0
zc,TA211,2012-06-29 09:06:39.360,7150.0000,572,0,0.0000,0.0000,0,0,多换,B,7134.0000,0.0000,0.0000,0.0000,0.0000,7172.0000,0.0000,0.0000,0.0000,0.0000,20,0,0,0,0,7,0,0,0,0
zc,TA211,2012-06-29 09:06:40.110,7150.0000,572,0,0.0000,0.0000,0,0,多换,B,7134.0000,0.0000,0.0000,0.0000,0.0000,7172.0000,0.0000,0.0000,0.0000,0.0000,20,0,0,0,0,8,0,0,0,0
zc,TA211,2012-06-29 09:06:40.610,7150.0000,572,0,0.0000,0.0000,0,0,多换,B,7134.0000,0.0000,0.0000,0.0000,0.0000,7172.0000,0.0000,0.0000,0.0000,0.0000,20,0,0,0,0,1,0,0,0,0
zc,TA211,2012-06-29 09:06:41.110,7150.0000,572,0,0.0000,0.0000,0,0,多换,B,7134.0000,0.0000,0.0000,0.0000,0.0000,7172.0000,0.0000,0.0000,0.0000,0.0000,20,0,0,0,0,10,0,0,0,0
zc,TA211,2012-06-29 09:06:43.390,7150.0000,572,0,0.0000,0.0000,0,0,多换,B,7134.0000,0.0000,0.0000,0.0000,0.0000,7172.0000,0.0000,0.0000,0.0000,0.0000,20,0,0,0,0,6,0,0,0,0
zc,TA211,2012-06-29 09:06:44.127,7150.0000,572,0,0.0000,0.0000,0,0,多换,B,7134.0000,0.0000,0.0000,0.0000,0.0000,7172.0000,0.0000,0.0000,0.0000,0.0000,20,0,0,0,0,7,0,0,0,0
zc,TA211,2012-06-29 09:06:45.843,7150.0000,572,0,0.0000,0.0000,0,0,多换,B,7134.0000,0.0000,0.0000,0.0000,0.0000,7170.0000,0.0000,0.0000,0.0000,0.0000,20,0,0,0,0,6,0,0,0,0
zc,TA211,2012-06-29 09:06:46.843,7150.0000,572,0,0.0000,0.0000,0,0,多换,B,7134.0000,0.0000,0.0000,0.0000,0.0000,7170.0000,0.0000,0.0000,0.0000,0.0000,20,0,0,0,0,1,0,0,0,0
zc,TA211,2012-06-29 09:06:47.343,7150.0000,572,0,0.0000,0.0000,0,0,多换,B,7134.0000,0.0000,0.0000,0.0000,0.0000,7170.0000,0.0000,0.0000,0.0000,0.0000,20,0,0,0,0,3,0,0,0,0
zc,TA211,2012-06-29 09:06:48.127,7150.0000,572,0,0.0000,0.0000,0,0,多换,B,7134.0000,0.0000,0.0000,0.0000,0.0000,7170.0000,0.0000,0.0000,0.0000,0.0000,20,0,0,0,0,2,0,0,0,0
zc,TA211,2012-06-29 09:06:49.140,7150.0000,572,0,0.0000,0.0000,0,0,多换,B,7134.0000,0.0000,0.0000,0.0000,0.0000,7168.0000,0.0000,0.0000,0.0000,0.0000,20,0,0,0,0,2,0,0,0,0
zc,TA211,2012-06-29 09:06:49.923,7150.0000,572,0,0.0000,0.0000,0,0,多换,B,7134.0000,0.0000,0.0000,0.0000,0.0000,7172.0000,0.0000,0.0000,0.0000,0.0000,20,0,0,0,0,10,0,0,0,0
zc,TA211,2012-06-29 09:06:51.140,7150.0000,572,0,0.0000,0.0000,0,0,多换,B,7134.0000,0.0000,0.0000,0.0000,0.0000,7168.0000,0.0000,0.0000,0.0000,0.0000,20,0,0,0,0,3,0,0,0,0
zc,TA211,2012-06-29 09:06:52.860,7150.0000,572,0,0.0000,0.0000,0,0,多换,B,7134.0000,0.0000,0.0000,0.0000,0.0000,7172.0000,0.0000,0.0000,0.0000,0.0000,20,0,0,0,0,10,0,0,0,0
zc,TA211,2012-06-29 09:07:15.093,7150.0000,572,0,0.0000,0.0000,0,0,多换,B,7134.0000,0.0000,0.0000,0.0000,0.0000,7170.0000,0.0000,0.0000,0.0000,0.0000,20,0,0,0,0,4,0,0,0,0
zc,TA211,2012-06-29 09:07:15.640,7150.0000,572,0,0.0000,0.0000,0,0,多换,B,7134.0000,0.0000,0.0000,0.0000,0.0000,7170.0000,0.0000,0.0000,0.0000,0.0000,20,0,0,0,0,2,0,0,0,0
zc,TA211,2012-06-29 09:07:17.610,7150.0000,572,0,0.0000,0.0000,0,0,多换,B,7134.0000,0.0000,0.0000,0.0000,0.0000,7170.0000,0.0000,0.0000,0.0000,0.0000,20,0,0,0,0,3,0,0,0,0
zc,TA211,2012-06-29 09:07:18.877,7150.0000,572,0,0.0000,0.0000,0,0,多换,B,7134.0000,0.0000,0.0000,0.0000,0.0000,7170.0000,0.0000,0.0000,0.0000,0.0000,20,0,0,0,0,4,0,0,0,0
zc,TA211,2012-06-29 09:07:19.610,7150.0000,572,0,0.0000,0.0000,0,0,多换,B,7134.0000,0.0000,0.0000,0.0000,0.0000,7170.0000,0.0000,0.0000,0.0000,0.0000,20,0,0,0,0,5,0,0,0,0
zc,TA211,2012-06-29 09:07:20.110,7150.0000,572,0,0.0000,0.0000,0,0,多换,B,7134.0000,0.0000,0.0000,0.0000,0.0000,7170.0000,0.0000,0.0000,0.0000,0.0000,20,0,0,0,0,7,0,0,0,0
zc,TA211,2012-06-29 09:07:21.173,7150.0000,572,0,0.0000,0.0000,0,0,多换,B,7134.0000,0.0000,0.0000,0.0000,0.0000,7170.0000,0.0000,0.0000,0.0000,0.0000,20,0,0,0,0,8,0,0,0,0
zc,TA211,2012-06-29 09:07:24.360,7150.0000,572,0,0.0000,0.0000,0,0,多换,B,7134.0000,0.0000,0.0000,0.0000,0.0000,7170.0000,0.0000,0.0000,0.0000,0.0000,20,0,0,0,0,7,0,0,0,0
zc,TA211,2012-06-29 09:07:25.377,7150.0000,572,0,0.0000,0.0000,0,0,多换,B,7134.0000,0.0000,0.0000,0.0000,0.0000,7170.0000,0.0000,0.0000,0.0000,0.0000,20,0,0,0,0,10,0,0,0,0
zc,TA211,2012-06-29 09:07:26.640,7150.0000,572,0,0.0000,0.0000,0,0,多换,B,7134.0000,0.0000,0.0000,0.0000,0.0000,7170.0000,0.0000,0.0000,0.0000,0.0000,20,0,0,0,0,9,0,0,0,0
zc,TA211,2012-06-29 09:07:28.877,7150.0000,572,0,0.0000,0.0000,0,0,多换,B,7134.0000,0.0000,0.0000,0.0000,0.0000,7170.0000,0.0000,0.0000,0.0000,0.0000,20,0,0,0,0,10,0,0,0,0
zc,TA211,2012-06-29 09:07:30.127,7150.0000,572,0,0.0000,0.0000,0,0,多换,B,7136.0000,0.0000,0.0000,0.0000,0.0000,7170.0000,0.0000,0.0000,0.0000,0.0000,2,0,0,0,0,10,0,0,0,0
zc,TA211,2012-06-29 09:07:44.360,7150.0000,572,0,0.0000,0.0000,0,0,多换,B,7136.0000,0.0000,0.0000,0.0000,0.0000,7168.0000,0.0000,0.0000,0.0000,0.0000,2,0,0,0,0,3,0,0,0,0
zc,TA211,2012-06-29 09:07:49.890,7150.0000,572,0,0.0000,0.0000,0,0,多换,B,7136.0000,0.0000,0.0000,0.0000,0.0000,7168.0000,0.0000,0.0000,0.0000,0.0000,2,0,0,0,0,10,0,0,0,0
zc,TA211,2012-06-29 09:07:52.377,7150.0000,572,0,0.0000,0.0000,0,0,多换,B,7136.0000,0.0000,0.0000,0.0000,0.0000,7168.0000,0.0000,0.0000,0.0000,0.0000,2,0,0,0,0,6,0,0,0,0
zc,TA211,2012-06-29 09:07:53.657,7150.0000,572,0,0.0000,0.0000,0,0,多换,B,7136.0000,0.0000,0.0000,0.0000,0.0000,7168.0000,0.0000,0.0000,0.0000,0.0000,2,0,0,0,0,7,0,0,0,0
zc,TA211,2012-06-29 09:07:55.173,7150.0000,572,0,0.0000,0.0000,0,0,多换,B,7136.0000,0.0000,0.0000,0.0000,0.0000,7168.0000,0.0000,0.0000,0.0000,0.0000,2,0,0,0,0,8,0,0,0,0
zc,TA211,2012-06-29 09:07:56.423,7150.0000,572,0,0.0000,0.0000,0,0,多换,B,7136.0000,0.0000,0.0000,0.0000,0.0000,7168.0000,0.0000,0.0000,0.0000,0.0000,2,0,0,0,0,9,0,0,0,0
zc,TA211,2012-06-29 09:07:58.127,7150.0000,572,0,0.0000,0.0000,0,0,多换,B,7136.0000,0.0000,0.0000,0.0000,0.0000,7170.0000,0.0000,0.0000,0.0000,0.0000,2,0,0,0,0,10,0,0,0,0
zc,TA211,2012-06-29 09:08:04.877,7150.0000,572,0,0.0000,0.0000,0,0,多换,B,7136.0000,0.0000,0.0000,0.0000,0.0000,7168.0000,0.0000,0.0000,0.0000,0.0000,2,0,0,0,0,3,0,0,0,0
zc,TA211,2012-06-29 09:08:05.390,7150.0000,572,0,0.0000,0.0000,0,0,多换,B,7136.0000,0.0000,0.0000,0.0000,0.0000,7168.0000,0.0000,0.0000,0.0000,0.0000,2,0,0,0,0,4,0,0,0,0
zc,TA211,2012-06-29 09:08:06.877,7150.0000,572,0,0.0000,0.0000,0,0,多换,B,7136.0000,0.0000,0.0000,0.0000,0.0000,7168.0000,0.0000,0.0000,0.0000,0.0000,2,0,0,0,0,7,0,0,0,0
zc,TA211,2012-06-29 09:08:07.843,7150.0000,572,0,0.0000,0.0000,0,0,多换,B,7136.0000,0.0000,0.0000,0.0000,0.0000,7168.0000,0.0000,0.0000,0.0000,0.0000,2,0,0,0,0,8,0,0,0,0
zc,TA211,2012-06-29 09:08:09.093,7150.0000,572,0,0.0000,0.0000,0,0,多换,B,7136.0000,0.0000,0.0000,0.0000,0.0000,7168.0000,0.0000,0.0000,0.0000,0.0000,2,0,0,0,0,5,0,0,0,0
zc,TA211,2012-06-29 09:08:09.627,7150.0000,572,0,0.0000,0.0000,0,0,多换,B,7136.0000,0.0000,0.0000,0.0000,0.0000,7168.0000,0.0000,0.0000,0.0000,0.0000,2,0,0,0,0,2,0,0,0,0
zc,TA211,2012-06-29 09:08:10.127,7150.0000,572,0,0.0000,0.0000,0,0,多换,B,7136.0000,0.0000,0.0000,0.0000,0.0000,7168.0000,0.0000,0.0000,0.0000,0.0000,2,0,0,0,0,3,0,0,0,0
zc,TA211,2012-06-29 09:08:11.390,7150.0000,572,0,0.0000,0.0000,0,0,多换,B,7136.0000,0.0000,0.0000,0.0000,0.0000,7168.0000,0.0000,0.0000,0.0000,0.0000,2,0,0,0,0,2,0,0,0,0
zc,TA211,2012-06-29 09:08:13.110,7150.0000,572,0,0.0000,0.0000,0,0,多换,B,7136.0000,0.0000,0.0000,0.0000,0.0000,7168.0000,0.0000,0.0000,0.0000,0.0000,2,0,0,0,0,4,0,0,0,0
zc,TA211,2012-06-29 09:08:14.377,7150.0000,572,0,0.0000,0.0000,0,0,多换,B,7136.0000,0.0000,0.0000,0.0000,0.0000,7168.0000,0.0000,0.0000,0.0000,0.0000,2,0,0,0,0,3,0,0,0,0
zc,TA211,2012-06-29 09:08:16.127,7150.0000,572,0,0.0000,0.0000,0,0,多换,B,7136.0000,0.0000,0.0000,0.0000,0.0000,7170.0000,0.0000,0.0000,0.0000,0.0000,2,0,0,0,0,10,0,0,0,0
zc,TA211,2012-06-29 09:08:21.063,7150.0000,572,0,0.0000,0.0000,0,0,多换,B,7136.0000,0.0000,0.0000,0.0000,0.0000,7170.0000,0.0000,0.0000,0.0000,0.0000,2,0,0,0,0,10,0,0,0,0
zc,TA211,2012-06-29 09:08:31.127,7150.0000,572,0,0.0000,0.0000,0,0,多换,B,7136.0000,0.0000,0.0000,0.0000,0.0000,7170.0000,0.0000,0.0000,0.0000,0.0000,2,0,0,0,0,6,0,0,0,0
zc,TA211,2012-06-29 09:08:31.610,7150.0000,572,0,0.0000,0.0000,0,0,多换,B,7136.0000,0.0000,0.0000,0.0000,0.0000,7172.0000,0.0000,0.0000,0.0000,0.0000,2,0,0,0,0,10,0,0,0,0
zc,TA211,2012-06-29 09:08:35.360,7150.0000,572,0,0.0000,0.0000,0,0,多换,B,7136.0000,0.0000,0.0000,0.0000,0.0000,7170.0000,0.0000,0.0000,0.0000,0.0000,2,0,0,0,0,6,0,0,0,0
zc,TA211,2012-06-29 09:08:35.877,7150.0000,572,0,0.0000,0.0000,0,0,多换,B,7136.0000,0.0000,0.0000,0.0000,0.0000,7170.0000,0.0000,0.0000,0.0000,0.0000,2,0,0,0,0,10,0,0,0,0
zc,TA211,2012-06-29 09:08:36.343,7150.0000,572,0,0.0000,0.0000,0,0,多换,B,7136.0000,0.0000,0.0000,0.0000,0.0000,7172.0000,0.0000,0.0000,0.0000,0.0000,2,0,0,0,0,10,0,0,0,0
zc,TA211,2012-06-29 09:08:41.157,7150.0000,572,0,0.0000,0.0000,0,0,多换,B,7136.0000,0.0000,0.0000,0.0000,0.0000,7170.0000,0.0000,0.0000,0.0000,0.0000,2,0,0,0,0,4,0,0,0,0
zc,TA211,2012-06-29 09:08:41.890,7150.0000,572,0,0.0000,0.0000,0,0,多换,B,7136.0000,0.0000,0.0000,0.0000,0.0000,7170.0000,0.0000,0.0000,0.0000,0.0000,2,0,0,0,0,2,0,0,0,0
zc,TA211,2012-06-29 09:08:42.627,7150.0000,572,0,0.0000,0.0000,0,0,多换,B,7136.0000,0.0000,0.0000,0.0000,0.0000,7172.0000,0.0000,0.0000,0.0000,0.0000,2,0,0,0,0,10,0,0,0,0
zc,TA211,2012-06-29 09:08:45.877,7150.0000,572,0,0.0000,0.0000,0,0,多换,B,7136.0000,0.0000,0.0000,0.0000,0.0000,7174.0000,0.0000,0.0000,0.0000,0.0000,2,0,0,0,0,10,0,0,0,0
zc,TA211,2012-06-29 09:08:48.127,7150.0000,572,0,0.0000,0.0000,0,0,多换,B,7136.0000,0.0000,0.0000,0.0000,0.0000,7174.0000,0.0000,0.0000,0.0000,0.0000,3,0,0,0,0,10,0,0,0,0
zc,TA211,2012-06-29 09:08:51.593,7150.0000,572,0,0.0000,0.0000,0,0,多换,B,7136.0000,0.0000,0.0000,0.0000,0.0000,7176.0000,0.0000,0.0000,0.0000,0.0000,3,0,0,0,0,10,0,0,0,0
zc,TA211,2012-06-29 09:08:54.157,7150.0000,572,0,0.0000,0.0000,0,0,多换,B,7136.0000,0.0000,0.0000,0.0000,0.0000,7176.0000,0.0000,0.0000,0.0000,0.0000,2,0,0,0,0,10,0,0,0,0
zc,TA211,2012-06-29 09:08:54.610,7150.0000,572,0,0.0000,0.0000,0,0,多换,B,7136.0000,0.0000,0.0000,0.0000,0.0000,7174.0000,0.0000,0.0000,0.0000,0.0000,2,0,0,0,0,1,0,0,0,0
zc,TA211,2012-06-29 09:08:55.343,7150.0000,572,0,0.0000,0.0000,0,0,多换,B,7136.0000,0.0000,0.0000,0.0000,0.0000,7176.0000,0.0000,0.0000,0.0000,0.0000,2,0,0,0,0,10,0,0,0,0
zc,TA211,2012-06-29 09:08:56.877,7150.0000,572,0,0.0000,0.0000,0,0,多换,B,7136.0000,0.0000,0.0000,0.0000,0.0000,7176.0000,0.0000,0.0000,0.0000,0.0000,3,0,0,0,0,10,0,0,0,0
zc,TA211,2012-06-29 09:08:59.343,7150.0000,572,0,0.0000,0.0000,0,0,多换,B,7138.0000,0.0000,0.0000,0.0000,0.0000,7176.0000,0.0000,0.0000,0.0000,0.0000,1,0,0,0,0,10,0,0,0,0
zc,TA211,2012-06-29 09:09:02.157,7150.0000,572,0,0.0000,0.0000,0,0,多换,B,7136.0000,0.0000,0.0000,0.0000,0.0000,7176.0000,0.0000,0.0000,0.0000,0.0000,3,0,0,0,0,10,0,0,0,0
zc,TA211,2012-06-29 09:09:02.627,7150.0000,572,0,0.0000,0.0000,0,0,多换,B,7138.0000,0.0000,0.0000,0.0000,0.0000,7176.0000,0.0000,0.0000,0.0000,0.0000,1,0,0,0,0,10,0,0,0,0
zc,TA211,2012-06-29 09:09:03.390,7150.0000,572,0,0.0000,0.0000,0,0,多换,B,7140.0000,0.0000,0.0000,0.0000,0.0000,7176.0000,0.0000,0.0000,0.0000,0.0000,1,0,0,0,0,10,0,0,0,0
zc,TA211,2012-06-29 09:09:04.640,7150.0000,572,0,0.0000,0.0000,0,0,多换,B,7140.0000,0.0000,0.0000,0.0000,0.0000,7176.0000,0.0000,0.0000,0.0000,0.0000,1,0,0,0,0,4,0,0,0,0
zc,TA211,2012-06-29 09:09:05.843,7150.0000,572,0,0.0000,0.0000,0,0,多换,B,7140.0000,0.0000,0.0000,0.0000,0.0000,7178.0000,0.0000,0.0000,0.0000,0.0000,1,0,0,0,0,10,0,0,0,0
zc,TA211,2012-06-29 09:09:06.377,7150.0000,572,0,0.0000,0.0000,0,0,多换,B,7142.0000,0.0000,0.0000,0.0000,0.0000,7178.0000,0.0000,0.0000,0.0000,0.0000,1,0,0,0,0,10,0,0,0,0
zc,TA211,2012-06-29 09:09:06.843,7150.0000,572,0,0.0000,0.0000,0,0,多换,B,7142.0000,0.0000,0.0000,0.0000,0.0000,7180.0000,0.0000,0.0000,0.0000,0.0000,1,0,0,0,0,10,0,0,0,0
zc,TA211,2012-06-29 09:09:07.673,7150.0000,572,0,0.0000,0.0000,0,0,多换,B,7144.0000,0.0000,0.0000,0.0000,0.0000,7180.0000,0.0000,0.0000,0.0000,0.0000,1,0,0,0,0,10,0,0,0,0
zc,TA211,2012-06-29 09:09:08.127,7150.0000,572,0,0.0000,0.0000,0,0,多换,B,7144.0000,0.0000,0.0000,0.0000,0.0000,7182.0000,0.0000,0.0000,0.0000,0.0000,1,0,0,0,0,10,0,0,0,0
zc,TA211,2012-06-29 09:09:10.157,7150.0000,572,0,0.0000,0.0000,0,0,多换,B,7146.0000,0.0000,0.0000,0.0000,0.0000,7182.0000,0.0000,0.0000,0.0000,0.0000,1,0,0,0,0,10,0,0,0,0
zc,TA211,2012-06-29 09:09:11.360,7150.0000,572,0,0.0000,0.0000,0,0,多换,B,7146.0000,0.0000,0.0000,0.0000,0.0000,7184.0000,0.0000,0.0000,0.0000,0.0000,1,0,0,0,0,9,0,0,0,0
zc,TA211,2012-06-29 09:09:11.843,7150.0000,572,0,0.0000,0.0000,0,0,多换,B,7148.0000,0.0000,0.0000,0.0000,0.0000,7184.0000,0.0000,0.0000,0.0000,0.0000,2,0,0,0,0,10,0,0,0,0
zc,TA211,2012-06-29 09:09:12.360,7150.0000,572,0,0.0000,0.0000,0,0,多换,B,7148.0000,0.0000,0.0000,0.0000,0.0000,7182.0000,0.0000,0.0000,0.0000,0.0000,2,0,0,0,0,10,0,0,0,0
zc,TA211,2012-06-29 09:09:13.610,7150.0000,572,0,0.0000,0.0000,0,0,多换,B,7148.0000,0.0000,0.0000,0.0000,0.0000,7184.0000,0.0000,0.0000,0.0000,0.0000,2,0,0,0,0,10,0,0,0,0
zc,TA211,2012-06-29 09:09:14.127,7150.0000,572,0,0.0000,0.0000,0,0,多换,B,7148.0000,0.0000,0.0000,0.0000,0.0000,7182.0000,0.0000,0.0000,0.0000,0.0000,2,0,0,0,0,1,0,0,0,0
zc,TA211,2012-06-29 09:09:14.843,7150.0000,572,0,0.0000,0.0000,0,0,多换,B,7148.0000,0.0000,0.0000,0.0000,0.0000,7182.0000,0.0000,0.0000,0.0000,0.0000,2,0,0,0,0,10,0,0,0,0
zc,TA211,2012-06-29 09:09:17.093,7150.0000,572,0,0.0000,0.0000,0,0,多换,B,7148.0000,0.0000,0.0000,0.0000,0.0000,7180.0000,0.0000,0.0000,0.0000,0.0000,2,0,0,0,0,10,0,0,0,0
zc,TA211,2012-06-29 09:09:18.877,7150.0000,572,0,0.0000,0.0000,0,0,多换,B,7140.0000,0.0000,0.0000,0.0000,0.0000,7180.0000,0.0000,0.0000,0.0000,0.0000,1,0,0,0,0,10,0,0,0,0
zc,TA211,2012-06-29 09:09:19.390,7150.0000,572,0,0.0000,0.0000,0,0,多换,B,7142.0000,0.0000,0.0000,0.0000,0.0000,7180.0000,0.0000,0.0000,0.0000,0.0000,1,0,0,0,0,10,0,0,0,0
zc,TA211,2012-06-29 09:09:20.657,7150.0000,572,0,0.0000,0.0000,0,0,多换,B,7144.0000,0.0000,0.0000,0.0000,0.0000,7180.0000,0.0000,0.0000,0.0000,0.0000,1,0,0,0,0,10,0,0,0,0
zc,TA211,2012-06-29 09:09:21.343,7150.0000,572,0,0.0000,0.0000,0,0,多换,B,7144.0000,0.0000,0.0000,0.0000,0.0000,7182.0000,0.0000,0.0000,0.0000,0.0000,1,0,0,0,0,10,0,0,0,0
zc,TA211,2012-06-29 09:09:22.377,7150.0000,572,0,0.0000,0.0000,0,0,多换,B,7146.0000,0.0000,0.0000,0.0000,0.0000,7182.0000,0.0000,0.0000,0.0000,0.0000,2,0,0,0,0,10,0,0,0,0
zc,TA211,2012-06-29 09:09:28.390,7150.0000,572,0,0.0000,0.0000,0,0,多换,B,7146.0000,0.0000,0.0000,0.0000,0.0000,7180.0000,0.0000,0.0000,0.0000,0.0000,2,0,0,0,0,1,0,0,0,0
zc,TA211,2012-06-29 09:09:29.093,7150.0000,572,0,0.0000,0.0000,0,0,多换,B,7146.0000,0.0000,0.0000,0.0000,0.0000,7182.0000,0.0000,0.0000,0.0000,0.0000,2,0,0,0,0,10,0,0,0,0
zc,TA211,2012-06-29 09:09:31.860,7150.0000,572,0,0.0000,0.0000,0,0,多换,B,7146.0000,0.0000,0.0000,0.0000,0.0000,7180.0000,0.0000,0.0000,0.0000,0.0000,2,0,0,0,0,7,0,0,0,0
zc,TA211,2012-06-29 09:09:32.377,7150.0000,572,0,0.0000,0.0000,0,0,多换,B,7146.0000,0.0000,0.0000,0.0000,0.0000,7182.0000,0.0000,0.0000,0.0000,0.0000,2,0,0,0,0,10,0,0,0,0
zc,TA211,2012-06-29 09:09:37.860,7150.0000,572,0,0.0000,0.0000,0,0,多换,B,7146.0000,0.0000,0.0000,0.0000,0.0000,7180.0000,0.0000,0.0000,0.0000,0.0000,2,0,0,0,0,3,0,0,0,0
zc,TA211,2012-06-29 09:09:38.343,7150.0000,572,0,0.0000,0.0000,0,0,多换,B,7146.0000,0.0000,0.0000,0.0000,0.0000,7180.0000,0.0000,0.0000,0.0000,0.0000,2,0,0,0,0,4,0,0,0,0
zc,TA211,2012-06-29 09:09:39.110,7150.0000,572,0,0.0000,0.0000,0,0,多换,B,7146.0000,0.0000,0.0000,0.0000,0.0000,7180.0000,0.0000,0.0000,0.0000,0.0000,2,0,0,0,0,5,0,0,0,0
zc,TA211,2012-06-29 09:09:39.610,7150.0000,572,0,0.0000,0.0000,0,0,多换,B,7146.0000,0.0000,0.0000,0.0000,0.0000,7180.0000,0.0000,0.0000,0.0000,0.0000,2,0,0,0,0,3,0,0,0,0
zc,TA211,2012-06-29 09:09:40.860,7150.0000,572,0,0.0000,0.0000,0,0,多换,B,7146.0000,0.0000,0.0000,0.0000,0.0000,7180.0000,0.0000,0.0000,0.0000,0.0000,2,0,0,0,0,2,0,0,0,0
zc,TA211,2012-06-29 09:09:41.593,7150.0000,572,0,0.0000,0.0000,0,0,多换,B,7146.0000,0.0000,0.0000,0.0000,0.0000,7180.0000,0.0000,0.0000,0.0000,0.0000,2,0,0,0,0,4,0,0,0,0
zc,TA211,2012-06-29 09:09:41.860,7150.0000,572,0,0.0000,0.0000,0,0,多换,B,7138.0000,0.0000,0.0000,0.0000,0.0000,7180.0000,0.0000,0.0000,0.0000,0.0000,11,0,0,0,0,6,0,0,0,0
zc,TA211,2012-06-29 09:09:42.610,7150.0000,572,0,0.0000,0.0000,0,0,多换,B,7138.0000,0.0000,0.0000,0.0000,0.0000,7180.0000,0.0000,0.0000,0.0000,0.0000,11,0,0,0,0,10,0,0,0,0
zc,TA211,2012-06-29 09:09:45.360,7150.0000,572,0,0.0000,0.0000,0,0,多换,B,7140.0000,0.0000,0.0000,0.0000,0.0000,7180.0000,0.0000,0.0000,0.0000,0.0000,1,0,0,0,0,10,0,0,0,0
zc,TA211,2012-06-29 09:09:46.110,7150.0000,572,0,0.0000,0.0000,0,0,多换,B,7138.0000,0.0000,0.0000,0.0000,0.0000,7180.0000,0.0000,0.0000,0.0000,0.0000,1,0,0,0,0,10,0,0,0,0
zc,TA211,2012-06-29 09:09:50.343,7150.0000,572,0,0.0000,0.0000,0,0,多换,B,7138.0000,0.0000,0.0000,0.0000,0.0000,7178.0000,0.0000,0.0000,0.0000,0.0000,1,0,0,0,0,10,0,0,0,0
zc,TA211,2012-06-29 09:09:51.360,7150.0000,572,0,0.0000,0.0000,0,0,多换,B,7138.0000,0.0000,0.0000,0.0000,0.0000,7178.0000,0.0000,0.0000,0.0000,0.0000,1,0,0,0,0,8,0,0,0,0
zc,TA211,2012-06-29 09:09:51.610,7150.0000,572,0,0.0000,0.0000,0,0,多换,B,7138.0000,0.0000,0.0000,0.0000,0.0000,7180.0000,0.0000,0.0000,0.0000,0.0000,1,0,0,0,0,10,0,0,0,0
zc,TA211,2012-06-29 09:09:52.343,7150.0000,572,0,0.0000,0.0000,0,0,多换,B,7138.0000,0.0000,0.0000,0.0000,0.0000,7180.0000,0.0000,0.0000,0.0000,0.0000,11,0,0,0,0,10,0,0,0,0
zc,TA211,2012-06-29 09:09:52.860,7150.0000,572,0,0.0000,0.0000,0,0,多换,B,7140.0000,0.0000,0.0000,0.0000,0.0000,7180.0000,0.0000,0.0000,0.0000,0.0000,2,0,0,0,0,10,0,0,0,0
zc,TA211,2012-06-29 09:09:54.593,7150.0000,572,0,0.0000,0.0000,0,0,多换,B,7140.0000,0.0000,0.0000,0.0000,0.0000,7182.0000,0.0000,0.0000,0.0000,0.0000,4,0,0,0,0,10,0,0,0,0
zc,TA211,2012-06-29 09:09:55.093,7150.0000,572,0,0.0000,0.0000,0,0,多换,B,7140.0000,0.0000,0.0000,0.0000,0.0000,7182.0000,0.0000,0.0000,0.0000,0.0000,2,0,0,0,0,10,0,0,0,0
zc,TA211,2012-06-29 09:09:56.593,7150.0000,572,0,0.0000,0.0000,0,0,多换,B,7140.0000,0.0000,0.0000,0.0000,0.0000,7180.0000,0.0000,0.0000,0.0000,0.0000,2,0,0,0,0,2,0,0,0,0
zc,TA211,2012-06-29 09:09:57.843,7150.0000,572,0,0.0000,0.0000,0,0,多换,B,7140.0000,0.0000,0.0000,0.0000,0.0000,7182.0000,0.0000,0.0000,0.0000,0.0000,11,0,0,0,0,10,0,0,0,0
zc,TA211,2012-06-29 09:09:58.360,7150.0000,572,0,0.0000,0.0000,0,0,多换,B,7140.0000,0.0000,0.0000,0.0000,0.0000,7182.0000,0.0000,0.0000,0.0000,0.0000,8,0,0,0,0,10,0,0,0,0
zc,TA211,2012-06-29 09:09:59.610,7150.0000,572,0,0.0000,0.0000,0,0,多换,B,7140.0000,0.0000,0.0000,0.0000,0.0000,7182.0000,0.0000,0.0000,0.0000,0.0000,7,0,0,0,0,10,0,0,0,0
zc,TA211,2012-06-29 09:10:00.330,7150.0000,572,0,0.0000,0.0000,0,0,多换,B,7140.0000,0.0000,0.0000,0.0000,0.0000,7182.0000,0.0000,0.0000,0.0000,0.0000,2,0,0,0,0,10,0,0,0,0
zc,TA211,2012-06-29 09:10:00.627,7150.0000,572,0,0.0000,0.0000,0,0,多换,B,7140.0000,0.0000,0.0000,0.0000,0.0000,7182.0000,0.0000,0.0000,0.0000,0.0000,5,0,0,0,0,10,0,0,0,0
zc,TA211,2012-06-29 09:10:01.330,7150.0000,572,0,0.0000,0.0000,0,0,多换,B,7140.0000,0.0000,0.0000,0.0000,0.0000,7182.0000,0.0000,0.0000,0.0000,0.0000,3,0,0,0,0,10,0,0,0,0
zc,TA211,2012-06-29 09:10:01.830,7150.0000,572,0,0.0000,0.0000,0,0,多换,B,7140.0000,0.0000,0.0000,0.0000,0.0000,7180.0000,0.0000,0.0000,0.0000,0.0000,3,0,0,0,0,1,0,0,0,0
zc,TA211,2012-06-29 09:10:02.343,7150.0000,572,0,0.0000,0.0000,0,0,多换,B,7140.0000,0.0000,0.0000,0.0000,0.0000,7180.0000,0.0000,0.0000,0.0000,0.0000,3,0,0,0,0,6,0,0,0,0
zc,TA211,2012-06-29 09:10:03.640,7150.0000,572,0,0.0000,0.0000,0,0,多换,B,7140.0000,0.0000,0.0000,0.0000,0.0000,7180.0000,0.0000,0.0000,0.0000,0.0000,3,0,0,0,0,2,0,0,0,0
zc,TA211,2012-06-29 09:10:04.360,7150.0000,572,0,0.0000,0.0000,0,0,多换,B,7140.0000,0.0000,0.0000,0.0000,0.0000,7180.0000,0.0000,0.0000,0.0000,0.0000,3,0,0,0,0,6,0,0,0,0
zc,TA211,2012-06-29 09:10:04.843,7150.0000,572,0,0.0000,0.0000,0,0,多换,B,7140.0000,0.0000,0.0000,0.0000,0.0000,7180.0000,0.0000,0.0000,0.0000,0.0000,3,0,0,0,0,5,0,0,0,0
zc,TA211,2012-06-29 09:10:06.610,7150.0000,572,0,0.0000,0.0000,0,0,多换,B,7140.0000,0.0000,0.0000,0.0000,0.0000,7180.0000,0.0000,0.0000,0.0000,0.0000,3,0,0,0,0,2,0,0,0,0
zc,TA211,2012-06-29 09:10:07.093,7150.0000,572,0,0.0000,0.0000,0,0,多换,B,7140.0000,0.0000,0.0000,0.0000,0.0000,7180.0000,0.0000,0.0000,0.0000,0.0000,3,0,0,0,0,5,0,0,0,0
zc,TA211,2012-06-29 09:10:09.360,7150.0000,572,0,0.0000,0.0000,0,0,多换,B,7140.0000,0.0000,0.0000,0.0000,0.0000,7180.0000,0.0000,0.0000,0.0000,0.0000,2,0,0,0,0,4,0,0,0,0
zc,TA211,2012-06-29 09:10:09.830,7150.0000,572,0,0.0000,0.0000,0,0,多换,B,7140.0000,0.0000,0.0000,0.0000,0.0000,7180.0000,0.0000,0.0000,0.0000,0.0000,2,0,0,0,0,5,0,0,0,0
zc,TA211,2012-06-29 09:10:10.843,7150.0000,572,0,0.0000,0.0000,0,0,多换,B,7140.0000,0.0000,0.0000,0.0000,0.0000,7180.0000,0.0000,0.0000,0.0000,0.0000,2,0,0,0,0,10,0,0,0,0
zc,TA211,2012-06-29 09:10:13.627,7150.0000,572,0,0.0000,0.0000,0,0,多换,B,7140.0000,0.0000,0.0000,0.0000,0.0000,7180.0000,0.0000,0.0000,0.0000,0.0000,3,0,0,0,0,10,0,0,0,0
zc,TA211,2012-06-29 09:10:14.923,7150.0000,572,0,0.0000,0.0000,0,0,多换,B,7140.0000,0.0000,0.0000,0.0000,0.0000,7180.0000,0.0000,0.0000,0.0000,0.0000,2,0,0,0,0,10,0,0,0,0
zc,TA211,2012-06-29 09:10:15.610,7150.0000,572,0,0.0000,0.0000,0,0,多换,B,7140.0000,0.0000,0.0000,0.0000,0.0000,7182.0000,0.0000,0.0000,0.0000,0.0000,12,0,0,0,0,10,0,0,0,0
zc,TA211,2012-06-29 09:10:18.657,7150.0000,572,0,0.0000,0.0000,0,0,多换,B,7140.0000,0.0000,0.0000,0.0000,0.0000,7180.0000,0.0000,0.0000,0.0000,0.0000,2,0,0,0,0,10,0,0,0,0
zc,TA211,2012-06-29 09:10:34.580,7150.0000,572,0,0.0000,0.0000,0,0,多换,B,7140.0000,0.0000,0.0000,0.0000,0.0000,7178.0000,0.0000,0.0000,0.0000,0.0000,2,0,0,0,0,1,0,0,0,0
zc,TA211,2012-06-29 09:10:35.110,7150.0000,572,0,0.0000,0.0000,0,0,多换,B,7140.0000,0.0000,0.0000,0.0000,0.0000,7180.0000,0.0000,0.0000,0.0000,0.0000,2,0,0,0,0,10,0,0,0,0
zc,TA211,2012-06-29 09:10:35.860,7150.0000,572,0,0.0000,0.0000,0,0,多换,B,7140.0000,0.0000,0.0000,0.0000,0.0000,7178.0000,0.0000,0.0000,0.0000,0.0000,2,0,0,0,0,10,0,0,0,0
zc,TA211,2012-06-29 09:10:40.390,7150.0000,572,0,0.0000,0.0000,0,0,多换,B,7140.0000,0.0000,0.0000,0.0000,0.0000,7180.0000,0.0000,0.0000,0.0000,0.0000,2,0,0,0,0,10,0,0,0,0
zc,TA211,2012-06-29 09:10:43.093,7150.0000,572,0,0.0000,0.0000,0,0,多换,B,7140.0000,0.0000,0.0000,0.0000,0.0000,7178.0000,0.0000,0.0000,0.0000,0.0000,2,0,0,0,0,1,0,0,0,0
zc,TA211,2012-06-29 09:10:44.360,7150.0000,572,0,0.0000,0.0000,0,0,多换,B,7140.0000,0.0000,0.0000,0.0000,0.0000,7180.0000,0.0000,0.0000,0.0000,0.0000,2,0,0,0,0,10,0,0,0,0
zc,TA211,2012-06-29 09:10:45.390,7150.0000,572,0,0.0000,0.0000,0,0,多换,B,7140.0000,0.0000,0.0000,0.0000,0.0000,7178.0000,0.0000,0.0000,0.0000,0.0000,2,0,0,0,0,2,0,0,0,0
zc,TA211,2012-06-29 09:10:45.877,7150.0000,572,0,0.0000,0.0000,0,0,多换,B,7140.0000,0.0000,0.0000,0.0000,0.0000,7180.0000,0.0000,0.0000,0.0000,0.0000,2,0,0,0,0,10,0,0,0,0
zc,TA211,2012-06-29 09:10:48.360,7150.0000,572,0,0.0000,0.0000,0,0,多换,B,7140.0000,0.0000,0.0000,0.0000,0.0000,7178.0000,0.0000,0.0000,0.0000,0.0000,2,0,0,0,0,1,0,0,0,0
zc,TA211,2012-06-29 09:10:51.843,7150.0000,572,0,0.0000,0.0000,0,0,多换,B,7140.0000,0.0000,0.0000,0.0000,0.0000,7178.0000,0.0000,0.0000,0.0000,0.0000,2,0,0,0,0,2,0,0,0,0
zc,TA211,2012-06-29 09:10:52.877,7150.0000,572,0,0.0000,0.0000,0,0,多换,B,7140.0000,0.0000,0.0000,0.0000,0.0000,7180.0000,0.0000,0.0000,0.0000,0.0000,2,0,0,0,0,10,0,0,0,0
zc,TA211,2012-06-29 09:10:53.640,7150.0000,572,0,0.0000,0.0000,0,0,多换,B,7140.0000,0.0000,0.0000,0.0000,0.0000,7178.0000,0.0000,0.0000,0.0000,0.0000,2,0,0,0,0,9,0,0,0,0
zc,TA211,2012-06-29 09:10:55.860,7150.0000,572,0,0.0000,0.0000,0,0,多换,B,7136.0000,0.0000,0.0000,0.0000,0.0000,7178.0000,0.0000,0.0000,0.0000,0.0000,8,0,0,0,0,10,0,0,0,0
zc,TA211,2012-06-29 09:10:56.390,7150.0000,572,0,0.0000,0.0000,0,0,多换,B,7134.0000,0.0000,0.0000,0.0000,0.0000,7176.0000,0.0000,0.0000,0.0000,0.0000,31,0,0,0,0,9,0,0,0,0
zc,TA211,2012-06-29 09:10:57.140,7150.0000,572,0,0.0000,0.0000,0,0,多换,B,7134.0000,0.0000,0.0000,0.0000,0.0000,7176.0000,0.0000,0.0000,0.0000,0.0000,30,0,0,0,0,10,0,0,0,0
zc,TA211,2012-06-29 09:10:58.127,7150.0000,572,0,0.0000,0.0000,0,0,多换,B,7136.0000,0.0000,0.0000,0.0000,0.0000,7178.0000,0.0000,0.0000,0.0000,0.0000,10,0,0,0,0,10,0,0,0,0
zc,TA211,2012-06-29 09:11:02.110,7150.0000,572,0,0.0000,0.0000,0,0,多换,B,7136.0000,0.0000,0.0000,0.0000,0.0000,7178.0000,0.0000,0.0000,0.0000,0.0000,2,0,0,0,0,10,0,0,0,0
zc,TA211,2012-06-29 09:11:03.360,7150.0000,572,0,0.0000,0.0000,0,0,多换,B,7134.0000,0.0000,0.0000,0.0000,0.0000,7176.0000,0.0000,0.0000,0.0000,0.0000,31,0,0,0,0,2,0,0,0,0
zc,TA211,2012-06-29 09:11:03.860,7150.0000,572,0,0.0000,0.0000,0,0,多换,B,7134.0000,0.0000,0.0000,0.0000,0.0000,7176.0000,0.0000,0.0000,0.0000,0.0000,31,0,0,0,0,3,0,0,0,0
zc,TA211,2012-06-29 09:11:04.390,7150.0000,572,0,0.0000,0.0000,0,0,多换,B,7136.0000,0.0000,0.0000,0.0000,0.0000,7178.0000,0.0000,0.0000,0.0000,0.0000,10,0,0,0,0,10,0,0,0,0
zc,TA211,2012-06-29 09:11:09.093,7150.0000,572,0,0.0000,0.0000,0,0,多换,B,7136.0000,0.0000,0.0000,0.0000,0.0000,7178.0000,0.0000,0.0000,0.0000,0.0000,10,0,0,0,0,7,0,0,0,0
zc,TA211,2012-06-29 09:11:10.860,7150.0000,572,0,0.0000,0.0000,0,0,多换,B,7138.0000,0.0000,0.0000,0.0000,0.0000,7178.0000,0.0000,0.0000,0.0000,0.0000,2,0,0,0,0,10,0,0,0,0
zc,TA211,2012-06-29 09:11:18.877,7150.0000,572,0,0.0000,0.0000,0,0,多换,B,7138.0000,0.0000,0.0000,0.0000,0.0000,7178.0000,0.0000,0.0000,0.0000,0.0000,3,0,0,0,0,3,0,0,0,0
zc,TA211,2012-06-29 09:11:19.360,7150.0000,572,0,0.0000,0.0000,0,0,多换,B,7138.0000,0.0000,0.0000,0.0000,0.0000,7178.0000,0.0000,0.0000,0.0000,0.0000,3,0,0,0,0,2,0,0,0,0
zc,TA211,2012-06-29 09:11:20.127,7150.0000,572,0,0.0000,0.0000,0,0,多换,B,7138.0000,0.0000,0.0000,0.0000,0.0000,7178.0000,0.0000,0.0000,0.0000,0.0000,3,0,0,0,0,3,0,0,0,0
zc,TA211,2012-06-29 09:11:20.377,7150.0000,572,0,0.0000,0.0000,0,0,多换,B,7138.0000,0.0000,0.0000,0.0000,0.0000,7180.0000,0.0000,0.0000,0.0000,0.0000,9,0,0,0,0,10,0,0,0,0
zc,TA211,2012-06-29 09:11:22.343,7150.0000,572,0,0.0000,0.0000,0,0,多换,B,7138.0000,0.0000,0.0000,0.0000,0.0000,7180.0000,0.0000,0.0000,0.0000,0.0000,10,0,0,0,0,10,0,0,0,0
zc,TA211,2012-06-29 09:11:23.093,7150.0000,572,0,0.0000,0.0000,0,0,多换,B,7138.0000,0.0000,0.0000,0.0000,0.0000,7180.0000,0.0000,0.0000,0.0000,0.0000,7,0,0,0,0,10,0,0,0,0
zc,TA211,2012-06-29 09:11:23.610,7150.0000,572,0,0.0000,0.0000,0,0,多换,B,7138.0000,0.0000,0.0000,0.0000,0.0000,7180.0000,0.0000,0.0000,0.0000,0.0000,12,0,0,0,0,10,0,0,0,0
zc,TA211,2012-06-29 09:11:27.377,7150.0000,572,0,0.0000,0.0000,0,0,多换,B,7138.0000,0.0000,0.0000,0.0000,0.0000,7180.0000,0.0000,0.0000,0.0000,0.0000,13,0,0,0,0,10,0,0,0,0
zc,TA211,2012-06-29 09:11:27.877,7150.0000,572,0,0.0000,0.0000,0,0,多换,B,7138.0000,0.0000,0.0000,0.0000,0.0000,7180.0000,0.0000,0.0000,0.0000,0.0000,9,0,0,0,0,10,0,0,0,0
zc,TA211,2012-06-29 09:11:31.343,7150.0000,572,0,0.0000,0.0000,0,0,多换,B,7138.0000,0.0000,0.0000,0.0000,0.0000,7180.0000,0.0000,0.0000,0.0000,0.0000,10,0,0,0,0,10,0,0,0,0
zc,TA211,2012-06-29 09:11:31.843,7150.0000,572,0,0.0000,0.0000,0,0,多换,B,7138.0000,0.0000,0.0000,0.0000,0.0000,7180.0000,0.0000,0.0000,0.0000,0.0000,12,0,0,0,0,10,0,0,0,0
zc,TA211,2012-06-29 09:11:32.343,7150.0000,572,0,0.0000,0.0000,0,0,多换,B,7138.0000,0.0000,0.0000,0.0000,0.0000,7180.0000,0.0000,0.0000,0.0000,0.0000,13,0,0,0,0,10,0,0,0,0
zc,TA211,2012-06-29 09:11:37.343,7150.0000,572,0,0.0000,0.0000,0,0,多换,B,7138.0000,0.0000,0.0000,0.0000,0.0000,7180.0000,0.0000,0.0000,0.0000,0.0000,13,0,0,0,0,9,0,0,0,0
zc,TA211,2012-06-29 09:11:37.860,7150.0000,572,0,0.0000,0.0000,0,0,多换,B,7138.0000,0.0000,0.0000,0.0000,0.0000,7180.0000,0.0000,0.0000,0.0000,0.0000,13,0,0,0,0,8,0,0,0,0
zc,TA211,2012-06-29 09:11:38.360,7150.0000,572,0,0.0000,0.0000,0,0,多换,B,7140.0000,0.0000,0.0000,0.0000,0.0000,7180.0000,0.0000,0.0000,0.0000,0.0000,1,0,0,0,0,8,0,0,0,0
zc,TA211,2012-06-29 09:11:38.860,7150.0000,572,0,0.0000,0.0000,0,0,多换,B,7140.0000,0.0000,0.0000,0.0000,0.0000,7180.0000,0.0000,0.0000,0.0000,0.0000,1,0,0,0,0,5,0,0,0,0
zc,TA211,2012-06-29 09:11:39.593,7150.0000,572,0,0.0000,0.0000,0,0,多换,B,7140.0000,0.0000,0.0000,0.0000,0.0000,7182.0000,0.0000,0.0000,0.0000,0.0000,1,0,0,0,0,10,0,0,0,0
zc,TA211,2012-06-29 09:11:40.140,7150.0000,572,0,0.0000,0.0000,0,0,多换,B,7140.0000,0.0000,0.0000,0.0000,0.0000,7180.0000,0.0000,0.0000,0.0000,0.0000,1,0,0,0,0,1,0,0,0,0
zc,TA211,2012-06-29 09:11:40.843,7150.0000,572,0,0.0000,0.0000,0,0,多换,B,7142.0000,0.0000,0.0000,0.0000,0.0000,7182.0000,0.0000,0.0000,0.0000,0.0000,2,0,0,0,0,10,0,0,0,0
zc,TA211,2012-06-29 09:12:01.860,7150.0000,572,0,0.0000,0.0000,0,0,多换,B,7142.0000,0.0000,0.0000,0.0000,0.0000,7182.0000,0.0000,0.0000,0.0000,0.0000,3,0,0,0,0,10,0,0,0,0
zc,TA211,2012-06-29 09:12:03.110,7150.0000,572,0,0.0000,0.0000,0,0,多换,B,7142.0000,0.0000,0.0000,0.0000,0.0000,7182.0000,0.0000,0.0000,0.0000,0.0000,2,0,0,0,0,10,0,0,0,0
zc,TA211,2012-06-29 09:12:05.343,7150.0000,572,0,0.0000,0.0000,0,0,多换,B,7142.0000,0.0000,0.0000,0.0000,0.0000,7180.0000,0.0000,0.0000,0.0000,0.0000,2,0,0,0,0,3,0,0,0,0
zc,TA211,2012-06-29 09:12:06.860,7150.0000,572,0,0.0000,0.0000,0,0,多换,B,7142.0000,0.0000,0.0000,0.0000,0.0000,7180.0000,0.0000,0.0000,0.0000,0.0000,2,0,0,0,0,2,0,0,0,0
zc,TA211,2012-06-29 09:12:07.877,7150.0000,572,0,0.0000,0.0000,0,0,多换,B,7142.0000,0.0000,0.0000,0.0000,0.0000,7180.0000,0.0000,0.0000,0.0000,0.0000,2,0,0,0,0,10,0,0,0,0
zc,TA211,2012-06-29 09:12:21.063,7150.0000,572,0,0.0000,0.0000,0,0,多换,B,7142.0000,0.0000,0.0000,0.0000,0.0000,7180.0000,0.0000,0.0000,0.0000,0.0000,2,0,0,0,0,10,0,0,0,0
zc,TA211,2012-06-29 09:12:22.860,7150.0000,572,0,0.0000,0.0000,0,0,多换,B,7142.0000,0.0000,0.0000,0.0000,0.0000,7182.0000,0.0000,0.0000,0.0000,0.0000,2,0,0,0,0,10,0,0,0,0
zc,TA211,2012-06-29 09:12:37.593,7150.0000,572,0,0.0000,0.0000,0,0,多换,B,7142.0000,0.0000,0.0000,0.0000,0.0000,7180.0000,0.0000,0.0000,0.0000,0.0000,2,0,0,0,0,6,0,0,0,0
zc,TA211,2012-06-29 09:12:38.330,7150.0000,572,0,0.0000,0.0000,0,0,多换,B,7142.0000,0.0000,0.0000,0.0000,0.0000,7180.0000,0.0000,0.0000,0.0000,0.0000,2,0,0,0,0,10,0,0,0,0
zc,TA211,2012-06-29 09:12:39.360,7150.0000,572,0,0.0000,0.0000,0,0,多换,B,7136.0000,0.0000,0.0000,0.0000,0.0000,7178.0000,0.0000,0.0000,0.0000,0.0000,11,0,0,0,0,10,0,0,0,0
zc,TA211,2012-06-29 09:12:41.157,7150.0000,572,0,0.0000,0.0000,0,0,多换,B,7138.0000,0.0000,0.0000,0.0000,0.0000,7178.0000,0.0000,0.0000,0.0000,0.0000,1,0,0,0,0,10,0,0,0,0
zc,TA211,2012-06-29 09:12:45.610,7150.0000,572,0,0.0000,0.0000,0,0,多换,B,7136.0000,0.0000,0.0000,0.0000,0.0000,7178.0000,0.0000,0.0000,0.0000,0.0000,11,0,0,0,0,10,0,0,0,0
zc,TA211,2012-06-29 09:12:46.860,7150.0000,572,0,0.0000,0.0000,0,0,多换,B,7138.0000,0.0000,0.0000,0.0000,0.0000,7178.0000,0.0000,0.0000,0.0000,0.0000,1,0,0,0,0,10,0,0,0,0
zc,TA211,2012-06-29 09:12:51.860,7150.0000,572,0,0.0000,0.0000,0,0,多换,B,7140.0000,0.0000,0.0000,0.0000,0.0000,7178.0000,0.0000,0.0000,0.0000,0.0000,2,0,0,0,0,10,0,0,0,0
zc,TA211,2012-06-29 09:13:02.343,7150.0000,572,0,0.0000,0.0000,0,0,多换,B,7140.0000,0.0000,0.0000,0.0000,0.0000,7178.0000,0.0000,0.0000,0.0000,0.0000,2,0,0,0,0,8,0,0,0,0
zc,TA211,2012-06-29 09:13:03.343,7150.0000,572,0,0.0000,0.0000,0,0,多换,B,7140.0000,0.0000,0.0000,0.0000,0.0000,7178.0000,0.0000,0.0000,0.0000,0.0000,2,0,0,0,0,7,0,0,0,0
zc,TA211,2012-06-29 09:13:04.127,7150.0000,572,0,0.0000,0.0000,0,0,多换,B,7140.0000,0.0000,0.0000,0.0000,0.0000,7178.0000,0.0000,0.0000,0.0000,0.0000,2,0,0,0,0,8,0,0,0,0
zc,TA211,2012-06-29 09:13:04.580,7150.0000,572,0,0.0000,0.0000,0,0,多换,B,7140.0000,0.0000,0.0000,0.0000,0.0000,7178.0000,0.0000,0.0000,0.0000,0.0000,2,0,0,0,0,7,0,0,0,0
zc,TA211,2012-06-29 09:13:05.640,7150.0000,572,0,0.0000,0.0000,0,0,多换,B,7140.0000,0.0000,0.0000,0.0000,0.0000,7178.0000,0.0000,0.0000,0.0000,0.0000,2,0,0,0,0,6,0,0,0,0
zc,TA211,2012-06-29 09:13:06.377,7150.0000,572,0,0.0000,0.0000,0,0,多换,B,7140.0000,0.0000,0.0000,0.0000,0.0000,7178.0000,0.0000,0.0000,0.0000,0.0000,2,0,0,0,0,4,0,0,0,0
zc,TA211,2012-06-29 09:13:07.580,7150.0000,572,0,0.0000,0.0000,0,0,多换,B,7140.0000,0.0000,0.0000,0.0000,0.0000,7178.0000,0.0000,0.0000,0.0000,0.0000,2,0,0,0,0,2,0,0,0,0
zc,TA211,2012-06-29 09:13:08.080,7150.0000,572,0,0.0000,0.0000,0,0,多换,B,7140.0000,0.0000,0.0000,0.0000,0.0000,7178.0000,0.0000,0.0000,0.0000,0.0000,2,0,0,0,0,1,0,0,0,0
zc,TA211,2012-06-29 09:13:08.843,7150.0000,572,0,0.0000,0.0000,0,0,多换,B,7140.0000,0.0000,0.0000,0.0000,0.0000,7180.0000,0.0000,0.0000,0.0000,0.0000,2,0,0,0,0,10,0,0,0,0
zc,TA211,2012-06-29 09:13:13.377,7150.0000,572,0,0.0000,0.0000,0,0,多换,B,7140.0000,0.0000,0.0000,0.0000,0.0000,7178.0000,0.0000,0.0000,0.0000,0.0000,2,0,0,0,0,5,0,0,0,0
zc,TA211,2012-06-29 09:13:14.593,7150.0000,572,0,0.0000,0.0000,0,0,多换,B,7140.0000,0.0000,0.0000,0.0000,0.0000,7178.0000,0.0000,0.0000,0.0000,0.0000,2,0,0,0,0,4,0,0,0,0
zc,TA211,2012-06-29 09:13:16.110,7150.0000,572,0,0.0000,0.0000,0,0,多换,B,7140.0000,0.0000,0.0000,0.0000,0.0000,7180.0000,0.0000,0.0000,0.0000,0.0000,3,0,0,0,0,10,0,0,0,0
zc,TA211,2012-06-29 09:13:17.843,7150.0000,572,0,0.0000,0.0000,0,0,多换,B,7140.0000,0.0000,0.0000,0.0000,0.0000,7180.0000,0.0000,0.0000,0.0000,0.0000,2,0,0,0,0,10,0,0,0,0
zc,TA211,2012-06-29 09:13:20.140,7150.0000,572,0,0.0000,0.0000,0,0,多换,B,7140.0000,0.0000,0.0000,0.0000,0.0000,7180.0000,0.0000,0.0000,0.0000,0.0000,3,0,0,0,0,10,0,0,0,0
zc,TA211,2012-06-29 09:13:23.140,7150.0000,572,0,0.0000,0.0000,0,0,多换,B,7140.0000,0.0000,0.0000,0.0000,0.0000,7180.0000,0.0000,0.0000,0.0000,0.0000,2,0,0,0,0,10,0,0,0,0
zc,TA211,2012-06-29 09:13:24.110,7150.0000,572,0,0.0000,0.0000,0,0,多换,B,7140.0000,0.0000,0.0000,0.0000,0.0000,7178.0000,0.0000,0.0000,0.0000,0.0000,2,0,0,0,0,3,0,0,0,0
zc,TA211,2012-06-29 09:13:25.360,7150.0000,572,0,0.0000,0.0000,0,0,多换,B,7140.0000,0.0000,0.0000,0.0000,0.0000,7178.0000,0.0000,0.0000,0.0000,0.0000,2,0,0,0,0,2,0,0,0,0
zc,TA211,2012-06-29 09:13:25.877,7150.0000,572,0,0.0000,0.0000,0,0,多换,B,7140.0000,0.0000,0.0000,0.0000,0.0000,7180.0000,0.0000,0.0000,0.0000,0.0000,2,0,0,0,0,10,0,0,0,0
zc,TA211,2012-06-29 09:13:29.330,7150.0000,572,0,0.0000,0.0000,0,0,多换,B,7140.0000,0.0000,0.0000,0.0000,0.0000,7178.0000,0.0000,0.0000,0.0000,0.0000,2,0,0,0,0,1,0,0,0,0
zc,TA211,2012-06-29 09:13:29.843,7150.0000,572,0,0.0000,0.0000,0,0,多换,B,7140.0000,0.0000,0.0000,0.0000,0.0000,7180.0000,0.0000,0.0000,0.0000,0.0000,2,0,0,0,0,10,0,0,0,0
zc,TA211,2012-06-29 09:13:33.343,7150.0000,572,0,0.0000,0.0000,0,0,多换,B,7140.0000,0.0000,0.0000,0.0000,0.0000,7182.0000,0.0000,0.0000,0.0000,0.0000,12,0,0,0,0,10,0,0,0,0
zc,TA211,2012-06-29 09:13:33.877,7150.0000,572,0,0.0000,0.0000,0,0,多换,B,7140.0000,0.0000,0.0000,0.0000,0.0000,7180.0000,0.0000,0.0000,0.0000,0.0000,2,0,0,0,0,3,0,0,0,0
zc,TA211,2012-06-29 09:13:35.627,7150.0000,572,0,0.0000,0.0000,0,0,多换,B,7140.0000,0.0000,0.0000,0.0000,0.0000,7180.0000,0.0000,0.0000,0.0000,0.0000,2,0,0,0,0,10,0,0,0,0
zc,TA211,2012-06-29 09:13:36.813,7150.0000,572,0,0.0000,0.0000,0,0,多换,B,7140.0000,0.0000,0.0000,0.0000,0.0000,7178.0000,0.0000,0.0000,0.0000,0.0000,2,0,0,0,0,2,0,0,0,0
zc,TA211,2012-06-29 09:13:37.343,7150.0000,572,0,0.0000,0.0000,0,0,多换,B,7140.0000,0.0000,0.0000,0.0000,0.0000,7180.0000,0.0000,0.0000,0.0000,0.0000,2,0,0,0,0,10,0,0,0,0
zc,TA211,2012-06-29 09:13:37.830,7150.0000,572,0,0.0000,0.0000,0,0,多换,B,7140.0000,0.0000,0.0000,0.0000,0.0000,7178.0000,0.0000,0.0000,0.0000,0.0000,2,0,0,0,0,10,0,0,0,0
zc,TA211,2012-06-29 09:13:38.343,7150.0000,572,0,0.0000,0.0000,0,0,多换,B,7140.0000,0.0000,0.0000,0.0000,0.0000,7178.0000,0.0000,0.0000,0.0000,0.0000,2,0,0,0,0,7,0,0,0,0
zc,TA211,2012-06-29 09:13:40.110,7150.0000,572,0,0.0000,0.0000,0,0,多换,B,7140.0000,0.0000,0.0000,0.0000,0.0000,7178.0000,0.0000,0.0000,0.0000,0.0000,2,0,0,0,0,6,0,0,0,0
zc,TA211,2012-06-29 09:13:40.860,7150.0000,572,0,0.0000,0.0000,0,0,多换,B,7140.0000,0.0000,0.0000,0.0000,0.0000,7180.0000,0.0000,0.0000,0.0000,0.0000,2,0,0,0,0,10,0,0,0,0
zc,TA211,2012-06-29 09:13:41.877,7150.0000,572,0,0.0000,0.0000,0,0,多换,B,7140.0000,0.0000,0.0000,0.0000,0.0000,7178.0000,0.0000,0.0000,0.0000,0.0000,2,0,0,0,0,3,0,0,0,0
zc,TA211,2012-06-29 09:13:43.830,7150.0000,572,0,0.0000,0.0000,0,0,多换,B,7140.0000,0.0000,0.0000,0.0000,0.0000,7178.0000,0.0000,0.0000,0.0000,0.0000,7,0,0,0,0,3,0,0,0,0
zc,TA211,2012-06-29 09:13:44.580,7150.0000,572,0,0.0000,0.0000,0,0,多换,B,7140.0000,0.0000,0.0000,0.0000,0.0000,7178.0000,0.0000,0.0000,0.0000,0.0000,2,0,0,0,0,3,0,0,0,0
zc,TA211,2012-06-29 09:13:50.140,7150.0000,572,0,0.0000,0.0000,0,0,多换,B,7140.0000,0.0000,0.0000,0.0000,0.0000,7180.0000,0.0000,0.0000,0.0000,0.0000,2,0,0,0,0,10,0,0,0,0
zc,TA211,2012-06-29 09:13:51.843,7150.0000,572,0,0.0000,0.0000,0,0,多换,B,7140.0000,0.0000,0.0000,0.0000,0.0000,7180.0000,0.0000,0.0000,0.0000,0.0000,2,0,0,0,0,8,0,0,0,0
zc,TA211,2012-06-29 09:13:52.627,7150.0000,572,0,0.0000,0.0000,0,0,多换,B,7140.0000,0.0000,0.0000,0.0000,0.0000,7180.0000,0.0000,0.0000,0.0000,0.0000,3,0,0,0,0,9,0,0,0,0
zc,TA211,2012-06-29 09:13:53.110,7150.0000,572,0,0.0000,0.0000,0,0,多换,B,7140.0000,0.0000,0.0000,0.0000,0.0000,7180.0000,0.0000,0.0000,0.0000,0.0000,3,0,0,0,0,2,0,0,0,0
zc,TA211,2012-06-29 09:13:54.830,7150.0000,572,0,0.0000,0.0000,0,0,多换,B,7140.0000,0.0000,0.0000,0.0000,0.0000,7180.0000,0.0000,0.0000,0.0000,0.0000,3,0,0,0,0,1,0,0,0,0
zc,TA211,2012-06-29 09:13:56.343,7150.0000,572,0,0.0000,0.0000,0,0,多换,B,7140.0000,0.0000,0.0000,0.0000,0.0000,7180.0000,0.0000,0.0000,0.0000,0.0000,3,0,0,0,0,4,0,0,0,0
zc,TA211,2012-06-29 09:13:56.830,7150.0000,572,0,0.0000,0.0000,0,0,多换,B,7140.0000,0.0000,0.0000,0.0000,0.0000,7180.0000,0.0000,0.0000,0.0000,0.0000,3,0,0,0,0,6,0,0,0,0
zc,TA211,2012-06-29 09:13:58.093,7150.0000,572,0,0.0000,0.0000,0,0,多换,B,7140.0000,0.0000,0.0000,0.0000,0.0000,7180.0000,0.0000,0.0000,0.0000,0.0000,3,0,0,0,0,5,0,0,0,0
zc,TA211,2012-06-29 09:14:00.330,7150.0000,572,0,0.0000,0.0000,0,0,多换,B,7140.0000,0.0000,0.0000,0.0000,0.0000,7180.0000,0.0000,0.0000,0.0000,0.0000,3,0,0,0,0,8,0,0,0,0
zc,TA211,2012-06-29 09:14:00.610,7150.0000,572,0,0.0000,0.0000,0,0,多换,B,7140.0000,0.0000,0.0000,0.0000,0.0000,7180.0000,0.0000,0.0000,0.0000,0.0000,3,0,0,0,0,7,0,0,0,0
zc,TA211,2012-06-29 09:14:01.843,7150.0000,572,0,0.0000,0.0000,0,0,多换,B,7140.0000,0.0000,0.0000,0.0000,0.0000,7180.0000,0.0000,0.0000,0.0000,0.0000,3,0,0,0,0,8,0,0,0,0
zc,TA211,2012-06-29 09:14:02.330,7150.0000,572,0,0.0000,0.0000,0,0,多换,B,7140.0000,0.0000,0.0000,0.0000,0.0000,7180.0000,0.0000,0.0000,0.0000,0.0000,3,0,0,0,0,9,0,0,0,0
zc,TA211,2012-06-29 09:14:04.627,7150.0000,572,0,0.0000,0.0000,0,0,多换,B,7140.0000,0.0000,0.0000,0.0000,0.0000,7180.0000,0.0000,0.0000,0.0000,0.0000,3,0,0,0,0,10,0,0,0,0
zc,TA211,2012-06-29 09:14:11.640,7150.0000,572,0,0.0000,0.0000,0,0,多换,B,7140.0000,0.0000,0.0000,0.0000,0.0000,7180.0000,0.0000,0.0000,0.0000,0.0000,4,0,0,0,0,10,0,0,0,0
zc,TA211,2012-06-29 09:14:17.330,7150.0000,572,0,0.0000,0.0000,0,0,多换,B,7142.0000,0.0000,0.0000,0.0000,0.0000,7182.0000,0.0000,0.0000,0.0000,0.0000,1,0,0,0,0,10,0,0,0,0
zc,TA211,2012-06-29 09:14:26.593,7150.0000,572,0,0.0000,0.0000,0,0,多换,B,7142.0000,0.0000,0.0000,0.0000,0.0000,7182.0000,0.0000,0.0000,0.0000,0.0000,2,0,0,0,0,10,0,0,0,0
zc,TA211,2012-06-29 09:14:28.580,7150.0000,572,0,0.0000,0.0000,0,0,多换,B,7144.0000,0.0000,0.0000,0.0000,0.0000,7182.0000,0.0000,0.0000,0.0000,0.0000,2,0,0,0,0,10,0,0,0,0
zc,TA211,2012-06-29 09:14:43.110,7150.0000,572,0,0.0000,0.0000,0,0,多换,B,7144.0000,0.0000,0.0000,0.0000,0.0000,7182.0000,0.0000,0.0000,0.0000,0.0000,3,0,0,0,0,10,0,0,0,0
zc,TA211,2012-06-29 09:14:48.843,7150.0000,572,0,0.0000,0.0000,0,0,多换,B,7144.0000,0.0000,0.0000,0.0000,0.0000,7184.0000,0.0000,0.0000,0.0000,0.0000,4,0,0,0,0,10,0,0,0,0
zc,TA211,2012-06-29 09:14:49.610,7150.0000,572,0,0.0000,0.0000,0,0,多换,B,7144.0000,0.0000,0.0000,0.0000,0.0000,7184.0000,0.0000,0.0000,0.0000,0.0000,3,0,0,0,0,10,0,0,0,0
zc,TA211,2012-06-29 09:14:50.610,7150.0000,572,0,0.0000,0.0000,0,0,多换,B,7144.0000,0.0000,0.0000,0.0000,0.0000,7184.0000,0.0000,0.0000,0.0000,0.0000,4,0,0,0,0,10,0,0,0,0
zc,TA211,2012-06-29 09:14:50.843,7150.0000,572,0,0.0000,0.0000,0,0,多换,B,7144.0000,0.0000,0.0000,0.0000,0.0000,7184.0000,0.0000,0.0000,0.0000,0.0000,3,0,0,0,0,10,0,0,0,0
zc,TA211,2012-06-29 09:14:51.610,7150.0000,572,0,0.0000,0.0000,0,0,多换,B,7144.0000,0.0000,0.0000,0.0000,0.0000,7184.0000,0.0000,0.0000,0.0000,0.0000,4,0,0,0,0,10,0,0,0,0
zc,TA211,2012-06-29 09:14:52.640,7150.0000,572,0,0.0000,0.0000,0,0,多换,B,7144.0000,0.0000,0.0000,0.0000,0.0000,7184.0000,0.0000,0.0000,0.0000,0.0000,3,0,0,0,0,10,0,0,0,0
zc,TA211,2012-06-29 09:14:53.360,7150.0000,572,0,0.0000,0.0000,0,0,多换,B,7144.0000,0.0000,0.0000,0.0000,0.0000,7182.0000,0.0000,0.0000,0.0000,0.0000,2,0,0,0,0,1,0,0,0,0
zc,TA211,2012-06-29 09:14:53.830,7150.0000,572,0,0.0000,0.0000,0,0,多换,B,7144.0000,0.0000,0.0000,0.0000,0.0000,7182.0000,0.0000,0.0000,0.0000,0.0000,2,0,0,0,0,3,0,0,0,0
zc,TA211,2012-06-29 09:14:54.593,7150.0000,572,0,0.0000,0.0000,0,0,多换,B,7144.0000,0.0000,0.0000,0.0000,0.0000,7182.0000,0.0000,0.0000,0.0000,0.0000,3,0,0,0,0,1,0,0,0,0
zc,TA211,2012-06-29 09:14:54.843,7150.0000,572,0,0.0000,0.0000,0,0,多换,B,7144.0000,0.0000,0.0000,0.0000,0.0000,7184.0000,0.0000,0.0000,0.0000,0.0000,3,0,0,0,0,10,0,0,0,0
zc,TA211,2012-06-29 09:14:56.110,7150.0000,572,0,0.0000,0.0000,0,0,多换,B,7146.0000,0.0000,0.0000,0.0000,0.0000,7184.0000,0.0000,0.0000,0.0000,0.0000,1,0,0,0,0,10,0,0,0,0
zc,TA211,2012-06-29 09:14:58.593,7150.0000,572,0,0.0000,0.0000,0,0,多换,B,7148.0000,0.0000,0.0000,0.0000,0.0000,7186.0000,0.0000,0.0000,0.0000,0.0000,1,0,0,0,0,10,0,0,0,0
zc,TA211,2012-06-29 09:14:58.860,7150.0000,572,0,0.0000,0.0000,0,0,多换,B,7150.0000,0.0000,0.0000,0.0000,0.0000,7186.0000,0.0000,0.0000,0.0000,0.0000,2,0,0,0,0,10,0,0,0,0
zc,TA211,2012-06-29 09:15:00.110,7150.0000,572,0,0.0000,0.0000,0,0,多换,B,7150.0000,0.0000,0.0000,0.0000,0.0000,7186.0000,0.0000,0.0000,0.0000,0.0000,3,0,0,0,0,10,0,0,0,0
zc,TA211,2012-06-29 09:15:00.830,7150.0000,572,0,0.0000,0.0000,0,0,多换,B,7150.0000,0.0000,0.0000,0.0000,0.0000,7186.0000,0.0000,0.0000,0.0000,0.0000,3,0,0,0,0,5,0,0,0,0
zc,TA211,2012-06-29 09:15:01.330,7150.0000,572,0,0.0000,0.0000,0,0,多换,B,7150.0000,0.0000,0.0000,0.0000,0.0000,7188.0000,0.0000,0.0000,0.0000,0.0000,3,0,0,0,0,10,0,0,0,0
zc,TA211,2012-06-29 09:15:03.343,7150.0000,572,0,0.0000,0.0000,0,0,多换,B,7152.0000,0.0000,0.0000,0.0000,0.0000,7188.0000,0.0000,0.0000,0.0000,0.0000,1,0,0,0,0,10,0,0,0,0
zc,TA211,2012-06-29 09:15:04.127,7150.0000,572,0,0.0000,0.0000,0,0,多换,B,7150.0000,0.0000,0.0000,0.0000,0.0000,7188.0000,0.0000,0.0000,0.0000,0.0000,2,0,0,0,0,10,0,0,0,0
zc,TA211,2012-06-29 09:15:05.610,7150.0000,572,0,0.0000,0.0000,0,0,多换,B,7150.0000,0.0000,0.0000,0.0000,0.0000,7186.0000,0.0000,0.0000,0.0000,0.0000,2,0,0,0,0,10,0,0,0,0
zc,TA211,2012-06-29 09:15:06.330,7150.0000,572,0,0.0000,0.0000,0,0,多换,B,7150.0000,0.0000,0.0000,0.0000,0.0000,7184.0000,0.0000,0.0000,0.0000,0.0000,2,0,0,0,0,2,0,0,0,0
zc,TA211,2012-06-29 09:15:06.580,7150.0000,572,0,0.0000,0.0000,0,0,多换,B,7144.0000,0.0000,0.0000,0.0000,0.0000,7184.0000,0.0000,0.0000,0.0000,0.0000,2,0,0,0,0,1,0,0,0,0
zc,TA211,2012-06-29 09:15:07.377,7150.0000,572,0,0.0000,0.0000,0,0,多换,B,7146.0000,0.0000,0.0000,0.0000,0.0000,7184.0000,0.0000,0.0000,0.0000,0.0000,1,0,0,0,0,3,0,0,0,0
zc,TA211,2012-06-29 09:15:08.377,7150.0000,572,0,0.0000,0.0000,0,0,多换,B,7146.0000,0.0000,0.0000,0.0000,0.0000,7186.0000,0.0000,0.0000,0.0000,0.0000,2,0,0,0,0,10,0,0,0,0
zc,TA211,2012-06-29 09:15:09.157,7150.0000,572,0,0.0000,0.0000,0,0,多换,B,7148.0000,0.0000,0.0000,0.0000,0.0000,7186.0000,0.0000,0.0000,0.0000,0.0000,2,0,0,0,0,10,0,0,0,0
zc,TA211,2012-06-29 09:15:13.110,7150.0000,572,0,0.0000,0.0000,0,0,多换,B,7148.0000,0.0000,0.0000,0.0000,0.0000,7186.0000,0.0000,0.0000,0.0000,0.0000,3,0,0,0,0,10,0,0,0,0
zc,TA211,2012-06-29 09:15:14.110,7150.0000,572,0,0.0000,0.0000,0,0,多换,B,7148.0000,0.0000,0.0000,0.0000,0.0000,7186.0000,0.0000,0.0000,0.0000,0.0000,2,0,0,0,0,10,0,0,0,0
zc,TA211,2012-06-29 09:15:15.890,7150.0000,572,0,0.0000,0.0000,0,0,多换,B,7148.0000,0.0000,0.0000,0.0000,0.0000,7186.0000,0.0000,0.0000,0.0000,0.0000,3,0,0,0,0,10,0,0,0,0
zc,TA211,2012-06-29 09:15:17.110,7150.0000,572,0,0.0000,0.0000,0,0,多换,B,7148.0000,0.0000,0.0000,0.0000,0.0000,7186.0000,0.0000,0.0000,0.0000,0.0000,2,0,0,0,0,10,0,0,0,0
zc,TA211,2012-06-29 09:15:18.140,7150.0000,572,0,0.0000,0.0000,0,0,多换,B,7148.0000,0.0000,0.0000,0.0000,0.0000,7186.0000,0.0000,0.0000,0.0000,0.0000,2,0,0,0,0,6,0,0,0,0
zc,TA211,2012-06-29 09:15:19.423,7150.0000,572,0,0.0000,0.0000,0,0,多换,B,7148.0000,0.0000,0.0000,0.0000,0.0000,7186.0000,0.0000,0.0000,0.0000,0.0000,3,0,0,0,0,9,0,0,0,0
zc,TA211,2012-06-29 09:15:19.877,7150.0000,572,0,0.0000,0.0000,0,0,多换,B,7148.0000,0.0000,0.0000,0.0000,0.0000,7188.0000,0.0000,0.0000,0.0000,0.0000,4,0,0,0,0,10,0,0,0,0
zc,TA211,2012-06-29 09:15:25.110,7150.0000,572,0,0.0000,0.0000,0,0,多换,B,7148.0000,0.0000,0.0000,0.0000,0.0000,7188.0000,0.0000,0.0000,0.0000,0.0000,3,0,0,0,0,10,0,0,0,0
zc,TA211,2012-06-29 09:15:25.890,7150.0000,572,0,0.0000,0.0000,0,0,多换,B,7150.0000,0.0000,0.0000,0.0000,0.0000,7188.0000,0.0000,0.0000,0.0000,0.0000,1,0,0,0,0,10,0,0,0,0
zc,TA211,2012-06-29 09:15:29.110,7150.0000,572,0,0.0000,0.0000,0,0,多换,B,7152.0000,0.0000,0.0000,0.0000,0.0000,7188.0000,0.0000,0.0000,0.0000,0.0000,3,0,0,0,0,10,0,0,0,0
zc,TA211,2012-06-29 09:15:32.860,7150.0000,572,0,0.0000,0.0000,0,0,多换,B,7152.0000,0.0000,0.0000,0.0000,0.0000,7190.0000,0.0000,0.0000,0.0000,0.0000,3,0,0,0,0,10,0,0,0,0
zc,TA211,2012-06-29 09:15:36.860,7150.0000,572,0,0.0000,0.0000,0,0,多换,B,7152.0000,0.0000,0.0000,0.0000,0.0000,7190.0000,0.0000,0.0000,0.0000,0.0000,3,0,0,0,0,7,0,0,0,0
zc,TA211,2012-06-29 09:15:37.390,7150.0000,572,0,0.0000,0.0000,0,0,多换,B,7152.0000,0.0000,0.0000,0.0000,0.0000,7190.0000,0.0000,0.0000,0.0000,0.0000,2,0,0,0,0,10,0,0,0,0
zc,TA211,2012-06-29 09:15:41.580,7150.0000,572,0,0.0000,0.0000,0,0,多换,B,7152.0000,0.0000,0.0000,0.0000,0.0000,7188.0000,0.0000,0.0000,0.0000,0.0000,2,0,0,0,0,9,0,0,0,0
zc,TA211,2012-06-29 09:15:42.093,7150.0000,572,0,0.0000,0.0000,0,0,多换,B,7152.0000,0.0000,0.0000,0.0000,0.0000,7188.0000,0.0000,0.0000,0.0000,0.0000,2,0,0,0,0,7,0,0,0,0
zc,TA211,2012-06-29 09:15:42.843,7150.0000,572,0,0.0000,0.0000,0,0,多换,B,7152.0000,0.0000,0.0000,0.0000,0.0000,7188.0000,0.0000,0.0000,0.0000,0.0000,2,0,0,0,0,10,0,0,0,0
zc,TA211,2012-06-29 09:15:48.127,7150.0000,572,0,0.0000,0.0000,0,0,多换,B,7152.0000,0.0000,0.0000,0.0000,0.0000,7188.0000,0.0000,0.0000,0.0000,0.0000,2,0,0,0,0,9,0,0,0,0
zc,TA211,2012-06-29 09:15:49.157,7150.0000,572,0,0.0000,0.0000,0,0,多换,B,7152.0000,0.0000,0.0000,0.0000,0.0000,7188.0000,0.0000,0.0000,0.0000,0.0000,2,0,0,0,0,6,0,0,0,0
zc,TA211,2012-06-29 09:15:50.377,7150.0000,572,0,0.0000,0.0000,0,0,多换,B,7152.0000,0.0000,0.0000,0.0000,0.0000,7188.0000,0.0000,0.0000,0.0000,0.0000,2,0,0,0,0,10,0,0,0,0
zc,TA211,2012-06-29 09:15:52.610,7150.0000,572,0,0.0000,0.0000,0,0,多换,B,7152.0000,0.0000,0.0000,0.0000,0.0000,7188.0000,0.0000,0.0000,0.0000,0.0000,2,0,0,0,0,3,0,0,0,0
zc,TA211,2012-06-29 09:15:53.360,7150.0000,572,0,0.0000,0.0000,0,0,多换,B,7152.0000,0.0000,0.0000,0.0000,0.0000,7188.0000,0.0000,0.0000,0.0000,0.0000,2,0,0,0,0,10,0,0,0,0
zc,TA211,2012-06-29 09:15:55.377,7150.0000,572,0,0.0000,0.0000,0,0,多换,B,7152.0000,0.0000,0.0000,0.0000,0.0000,7188.0000,0.0000,0.0000,0.0000,0.0000,2,0,0,0,0,3,0,0,0,0
zc,TA211,2012-06-29 09:15:55.860,7150.0000,572,0,0.0000,0.0000,0,0,多换,B,7152.0000,0.0000,0.0000,0.0000,0.0000,7188.0000,0.0000,0.0000,0.0000,0.0000,2,0,0,0,0,10,0,0,0,0
zc,TA211,2012-06-29 09:15:56.830,7150.0000,572,0,0.0000,0.0000,0,0,多换,B,7152.0000,0.0000,0.0000,0.0000,0.0000,7188.0000,0.0000,0.0000,0.0000,0.0000,2,0,0,0,0,9,0,0,0,0
zc,TA211,2012-06-29 09:15:58.093,7150.0000,572,0,0.0000,0.0000,0,0,多换,B,7152.0000,0.0000,0.0000,0.0000,0.0000,7188.0000,0.0000,0.0000,0.0000,0.0000,2,0,0,0,0,10,0,0,0,0
zc,TA211,2012-06-29 09:16:02.593,7150.0000,572,0,0.0000,0.0000,0,0,多换,B,7152.0000,0.0000,0.0000,0.0000,0.0000,7188.0000,0.0000,0.0000,0.0000,0.0000,2,0,0,0,0,2,0,0,0,0
zc,TA211,2012-06-29 09:16:03.360,7150.0000,572,0,0.0000,0.0000,0,0,多换,B,7152.0000,0.0000,0.0000,0.0000,0.0000,7188.0000,0.0000,0.0000,0.0000,0.0000,2,0,0,0,0,4,0,0,0,0
zc,TA211,2012-06-29 09:16:03.860,7150.0000,572,0,0.0000,0.0000,0,0,多换,B,7152.0000,0.0000,0.0000,0.0000,0.0000,7190.0000,0.0000,0.0000,0.0000,0.0000,2,0,0,0,0,10,0,0,0,0
zc,TA211,2012-06-29 09:16:06.127,7150.0000,572,0,0.0000,0.0000,0,0,多换,B,7152.0000,0.0000,0.0000,0.0000,0.0000,7188.0000,0.0000,0.0000,0.0000,0.0000,2,0,0,0,0,1,0,0,0,0
zc,TA211,2012-06-29 09:16:07.140,7150.0000,572,0,0.0000,0.0000,0,0,多换,B,7152.0000,0.0000,0.0000,0.0000,0.0000,7188.0000,0.0000,0.0000,0.0000,0.0000,2,0,0,0,0,10,0,0,0,0
zc,TA211,2012-06-29 09:16:17.093,7150.0000,572,0,0.0000,0.0000,0,0,多换,B,7152.0000,0.0000,0.0000,0.0000,0.0000,7186.0000,0.0000,0.0000,0.0000,0.0000,2,0,0,0,0,10,0,0,0,0
zc,TA211,2012-06-29 09:16:39.093,7150.0000,572,0,0.0000,0.0000,0,0,多换,B,7152.0000,0.0000,0.0000,0.0000,0.0000,7188.0000,0.0000,0.0000,0.0000,0.0000,2,0,0,0,0,10,0,0,0,0
zc,TA211,2012-06-29 09:16:44.377,7150.0000,572,0,0.0000,0.0000,0,0,多换,B,7152.0000,0.0000,0.0000,0.0000,0.0000,7186.0000,0.0000,0.0000,0.0000,0.0000,2,0,0,0,0,3,0,0,0,0
zc,TA211,2012-06-29 09:16:45.343,7150.0000,572,0,0.0000,0.0000,0,0,多换,B,7152.0000,0.0000,0.0000,0.0000,0.0000,7188.0000,0.0000,0.0000,0.0000,0.0000,2,0,0,0,0,10,0,0,0,0
zc,TA211,2012-06-29 09:16:47.093,7150.0000,572,0,0.0000,0.0000,0,0,多换,B,7152.0000,0.0000,0.0000,0.0000,0.0000,7186.0000,0.0000,0.0000,0.0000,0.0000,2,0,0,0,0,1,0,0,0,0
zc,TA211,2012-06-29 09:16:47.610,7150.0000,572,0,0.0000,0.0000,0,0,多换,B,7152.0000,0.0000,0.0000,0.0000,0.0000,7186.0000,0.0000,0.0000,0.0000,0.0000,2,0,0,0,0,2,0,0,0,0
zc,TA211,2012-06-29 09:16:48.890,7150.0000,572,0,0.0000,0.0000,0,0,多换,B,7148.0000,0.0000,0.0000,0.0000,0.0000,7188.0000,0.0000,0.0000,0.0000,0.0000,1,0,0,0,0,10,0,0,0,0
zc,TA211,2012-06-29 09:16:50.657,7150.0000,572,0,0.0000,0.0000,0,0,多换,B,7148.0000,0.0000,0.0000,0.0000,0.0000,7188.0000,0.0000,0.0000,0.0000,0.0000,3,0,0,0,0,10,0,0,0,0
zc,TA211,2012-06-29 09:16:52.610,7150.0000,572,0,0.0000,0.0000,0,0,多换,B,7148.0000,0.0000,0.0000,0.0000,0.0000,7188.0000,0.0000,0.0000,0.0000,0.0000,2,0,0,0,0,10,0,0,0,0
zc,TA211,2012-06-29 09:16:53.360,7150.0000,572,0,0.0000,0.0000,0,0,多换,B,7148.0000,0.0000,0.0000,0.0000,0.0000,7186.0000,0.0000,0.0000,0.0000,0.0000,2,0,0,0,0,10,0,0,0,0
zc,TA211,2012-06-29 09:16:57.360,7150.0000,572,0,0.0000,0.0000,0,0,多换,B,7148.0000,0.0000,0.0000,0.0000,0.0000,7184.0000,0.0000,0.0000,0.0000,0.0000,2,0,0,0,0,1,0,0,0,0
zc,TA211,2012-06-29 09:16:57.860,7150.0000,572,0,0.0000,0.0000,0,0,多换,B,7148.0000,0.0000,0.0000,0.0000,0.0000,7186.0000,0.0000,0.0000,0.0000,0.0000,2,0,0,0,0,10,0,0,0,0
zc,TA211,2012-06-29 09:17:09.877,7150.0000,572,0,0.0000,0.0000,0,0,多换,B,7148.0000,0.0000,0.0000,0.0000,0.0000,7184.0000,0.0000,0.0000,0.0000,0.0000,2,0,0,0,0,1,0,0,0,0
zc,TA211,2012-06-29 09:17:11.127,7150.0000,572,0,0.0000,0.0000,0,0,多换,B,7148.0000,0.0000,0.0000,0.0000,0.0000,7184.0000,0.0000,0.0000,0.0000,0.0000,2,0,0,0,0,3,0,0,0,0
zc,TA211,2012-06-29 09:17:12.127,7150.0000,572,0,0.0000,0.0000,0,0,多换,B,7148.0000,0.0000,0.0000,0.0000,0.0000,7184.0000,0.0000,0.0000,0.0000,0.0000,2,0,0,0,0,2,0,0,0,0
zc,TA211,2012-06-29 09:17:12.580,7150.0000,572,0,0.0000,0.0000,0,0,多换,B,7148.0000,0.0000,0.0000,0.0000,0.0000,7186.0000,0.0000,0.0000,0.0000,0.0000,2,0,0,0,0,10,0,0,0,0
zc,TA211,2012-06-29 09:17:15.360,7150.0000,572,0,0.0000,0.0000,0,0,多换,B,7148.0000,0.0000,0.0000,0.0000,0.0000,7184.0000,0.0000,0.0000,0.0000,0.0000,2,0,0,0,0,1,0,0,0,0
zc,TA211,2012-06-29 09:17:16.093,7150.0000,572,0,0.0000,0.0000,0,0,多换,B,7148.0000,0.0000,0.0000,0.0000,0.0000,7182.0000,0.0000,0.0000,0.0000,0.0000,2,0,0,0,0,10,0,0,0,0
zc,TA211,2012-06-29 09:17:20.330,7150.0000,572,0,0.0000,0.0000,0,0,多换,B,7148.0000,0.0000,0.0000,0.0000,0.0000,7184.0000,0.0000,0.0000,0.0000,0.0000,2,0,0,0,0,8,0,0,0,0
zc,TA211,2012-06-29 09:17:20.593,7150.0000,572,0,0.0000,0.0000,0,0,多换,B,7148.0000,0.0000,0.0000,0.0000,0.0000,7184.0000,0.0000,0.0000,0.0000,0.0000,2,0,0,0,0,10,0,0,0,0
zc,TA211,2012-06-29 09:17:29.330,7150.0000,572,0,0.0000,0.0000,0,0,多换,B,7148.0000,0.0000,0.0000,0.0000,0.0000,7184.0000,0.0000,0.0000,0.0000,0.0000,2,0,0,0,0,7,0,0,0,0
zc,TA211,2012-06-29 09:17:29.580,7150.0000,572,0,0.0000,0.0000,0,0,多换,B,7148.0000,0.0000,0.0000,0.0000,0.0000,7184.0000,0.0000,0.0000,0.0000,0.0000,2,0,0,0,0,5,0,0,0,0
zc,TA211,2012-06-29 09:17:31.330,7150.0000,572,0,0.0000,0.0000,0,0,多换,B,7148.0000,0.0000,0.0000,0.0000,0.0000,7184.0000,0.0000,0.0000,0.0000,0.0000,2,0,0,0,0,10,0,0,0,0
zc,TA211,2012-06-29 09:17:55.343,7150.0000,572,0,0.0000,0.0000,0,0,多换,B,7148.0000,0.0000,0.0000,0.0000,0.0000,7184.0000,0.0000,0.0000,0.0000,0.0000,2,0,0,0,0,2,0,0,0,0
zc,TA211,2012-06-29 09:17:55.843,7150.0000,572,0,0.0000,0.0000,0,0,多换,B,7148.0000,0.0000,0.0000,0.0000,0.0000,7186.0000,0.0000,0.0000,0.0000,0.0000,2,0,0,0,0,10,0,0,0,0
zc,TA211,2012-06-29 09:17:56.580,7150.0000,572,0,0.0000,0.0000,0,0,多换,B,7148.0000,0.0000,0.0000,0.0000,0.0000,7184.0000,0.0000,0.0000,0.0000,0.0000,2,0,0,0,0,6,0,0,0,0
zc,TA211,2012-06-29 09:17:57.110,7150.0000,572,0,0.0000,0.0000,0,0,多换,B,7148.0000,0.0000,0.0000,0.0000,0.0000,7184.0000,0.0000,0.0000,0.0000,0.0000,2,0,0,0,0,10,0,0,0,0
zc,TA211,2012-06-29 09:17:57.843,7150.0000,572,0,0.0000,0.0000,0,0,多换,B,7148.0000,0.0000,0.0000,0.0000,0.0000,7184.0000,0.0000,0.0000,0.0000,0.0000,2,0,0,0,0,6,0,0,0,0
zc,TA211,2012-06-29 09:17:58.860,7150.0000,572,0,0.0000,0.0000,0,0,多换,B,7148.0000,0.0000,0.0000,0.0000,0.0000,7184.0000,0.0000,0.0000,0.0000,0.0000,2,0,0,0,0,7,0,0,0,0
zc,TA211,2012-06-29 09:17:59.343,7150.0000,572,0,0.0000,0.0000,0,0,多换,B,7148.0000,0.0000,0.0000,0.0000,0.0000,7184.0000,0.0000,0.0000,0.0000,0.0000,2,0,0,0,0,10,0,0,0,0
zc,TA211,2012-06-29 09:18:02.843,7150.0000,572,0,0.0000,0.0000,0,0,多换,B,7148.0000,0.0000,0.0000,0.0000,0.0000,7182.0000,0.0000,0.0000,0.0000,0.0000,2,0,0,0,0,2,0,0,0,0
zc,TA211,2012-06-29 09:18:03.360,7150.0000,572,0,0.0000,0.0000,0,0,多换,B,7148.0000,0.0000,0.0000,0.0000,0.0000,7182.0000,0.0000,0.0000,0.0000,0.0000,2,0,0,0,0,3,0,0,0,0
zc,TA211,2012-06-29 09:18:04.093,7150.0000,572,0,0.0000,0.0000,0,0,多换,B,7148.0000,0.0000,0.0000,0.0000,0.0000,7182.0000,0.0000,0.0000,0.0000,0.0000,2,0,0,0,0,5,0,0,0,0
zc,TA211,2012-06-29 09:18:05.843,7150.0000,572,0,0.0000,0.0000,0,0,多换,B,7148.0000,0.0000,0.0000,0.0000,0.0000,7182.0000,0.0000,0.0000,0.0000,0.0000,2,0,0,0,0,6,0,0,0,0
zc,TA211,2012-06-29 09:18:06.377,7150.0000,572,0,0.0000,0.0000,0,0,多换,B,7148.0000,0.0000,0.0000,0.0000,0.0000,7182.0000,0.0000,0.0000,0.0000,0.0000,2,0,0,0,0,7,0,0,0,0
zc,TA211,2012-06-29 09:18:07.627,7150.0000,572,0,0.0000,0.0000,0,0,多换,B,7148.0000,0.0000,0.0000,0.0000,0.0000,7182.0000,0.0000,0.0000,0.0000,0.0000,2,0,0,0,0,5,0,0,0,0
zc,TA211,2012-06-29 09:18:08.360,7150.0000,572,0,0.0000,0.0000,0,0,多换,B,7142.0000,0.0000,0.0000,0.0000,0.0000,7182.0000,0.0000,0.0000,0.0000,0.0000,2,0,0,0,0,5,0,0,0,0
zc,TA211,2012-06-29 09:18:08.860,7150.0000,572,0,0.0000,0.0000,0,0,多换,B,7142.0000,0.0000,0.0000,0.0000,0.0000,7182.0000,0.0000,0.0000,0.0000,0.0000,2,0,0,0,0,4,0,0,0,0
zc,TA211,2012-06-29 09:18:10.610,7150.0000,572,0,0.0000,0.0000,0,0,多换,B,7142.0000,0.0000,0.0000,0.0000,0.0000,7182.0000,0.0000,0.0000,0.0000,0.0000,2,0,0,0,0,10,0,0,0,0
zc,TA211,2012-06-29 09:18:25.610,7150.0000,572,0,0.0000,0.0000,0,0,多换,B,7144.0000,0.0000,0.0000,0.0000,0.0000,7182.0000,0.0000,0.0000,0.0000,0.0000,1,0,0,0,0,10,0,0,0,0
zc,TA211,2012-06-29 09:18:29.110,7150.0000,572,0,0.0000,0.0000,0,0,多换,B,7142.0000,0.0000,0.0000,0.0000,0.0000,7182.0000,0.0000,0.0000,0.0000,0.0000,2,0,0,0,0,10,0,0,0,0
zc,TA211,2012-06-29 09:18:37.360,7150.0000,572,0,0.0000,0.0000,0,0,多换,B,7144.0000,0.0000,0.0000,0.0000,0.0000,7182.0000,0.0000,0.0000,0.0000,0.0000,1,0,0,0,0,10,0,0,0,0
zc,TA211,2012-06-29 09:18:38.640,7150.0000,572,0,0.0000,0.0000,0,0,多换,B,7144.0000,0.0000,0.0000,0.0000,0.0000,7180.0000,0.0000,0.0000,0.0000,0.0000,1,0,0,0,0,1,0,0,0,0
zc,TA211,2012-06-29 09:18:40.360,7150.0000,572,0,0.0000,0.0000,0,0,多换,B,7142.0000,0.0000,0.0000,0.0000,0.0000,7182.0000,0.0000,0.0000,0.0000,0.0000,2,0,0,0,0,10,0,0,0,0
zc,TA211,2012-06-29 09:18:44.390,7150.0000,572,0,0.0000,0.0000,0,0,多换,B,7142.0000,0.0000,0.0000,0.0000,0.0000,7180.0000,0.0000,0.0000,0.0000,0.0000,1,0,0,0,0,2,0,0,0,0
zc,TA211,2012-06-29 09:18:44.843,7150.0000,572,0,0.0000,0.0000,0,0,多换,B,7142.0000,0.0000,0.0000,0.0000,0.0000,7180.0000,0.0000,0.0000,0.0000,0.0000,1,0,0,0,0,5,0,0,0,0
zc,TA211,2012-06-29 09:18:45.860,7150.0000,572,0,0.0000,0.0000,0,0,多换,B,7142.0000,0.0000,0.0000,0.0000,0.0000,7182.0000,0.0000,0.0000,0.0000,0.0000,2,0,0,0,0,10,0,0,0,0
zc,TA211,2012-06-29 09:18:56.860,7150.0000,572,0,0.0000,0.0000,0,0,多换,B,7142.0000,0.0000,0.0000,0.0000,0.0000,7182.0000,0.0000,0.0000,0.0000,0.0000,1,0,0,0,0,10,0,0,0,0
zc,TA211,2012-06-29 09:18:57.580,7150.0000,572,0,0.0000,0.0000,0,0,多换,B,7142.0000,0.0000,0.0000,0.0000,0.0000,7180.0000,0.0000,0.0000,0.0000,0.0000,1,0,0,0,0,3,0,0,0,0
zc,TA211,2012-06-29 09:19:05.330,7150.0000,572,0,0.0000,0.0000,0,0,多换,B,7142.0000,0.0000,0.0000,0.0000,0.0000,7182.0000,0.0000,0.0000,0.0000,0.0000,1,0,0,0,0,10,0,0,0,0
zc,TA211,2012-06-29 09:19:22.563,7150.0000,572,0,0.0000,0.0000,0,0,多换,B,7142.0000,0.0000,0.0000,0.0000,0.0000,7182.0000,0.0000,0.0000,0.0000,0.0000,3,0,0,0,0,10,0,0,0,0
zc,TA211,2012-06-29 09:19:56.593,7150.0000,572,0,0.0000,0.0000,0,0,多换,B,7142.0000,0.0000,0.0000,0.0000,0.0000,7182.0000,0.0000,0.0000,0.0000,0.0000,4,0,0,0,0,10,0,0,0,0
zc,TA211,2012-06-29 09:19:58.110,7150.0000,572,0,0.0000,0.0000,0,0,多换,B,7142.0000,0.0000,0.0000,0.0000,0.0000,7182.0000,0.0000,0.0000,0.0000,0.0000,3,0,0,0,0,10,0,0,0,0
zc,TA211,2012-06-29 09:20:14.343,7150.0000,572,0,0.0000,0.0000,0,0,多换,B,7142.0000,0.0000,0.0000,0.0000,0.0000,7182.0000,0.0000,0.0000,0.0000,0.0000,4,0,0,0,0,10,0,0,0,0
zc,TA211,2012-06-29 09:20:16.110,7150.0000,572,0,0.0000,0.0000,0,0,多换,B,7142.0000,0.0000,0.0000,0.0000,0.0000,7182.0000,0.0000,0.0000,0.0000,0.0000,3,0,0,0,0,10,0,0,0,0
zc,TA211,2012-06-29 09:20:29.843,7150.0000,572,0,0.0000,0.0000,0,0,多换,B,7142.0000,0.0000,0.0000,0.0000,0.0000,7182.0000,0.0000,0.0000,0.0000,0.0000,4,0,0,0,0,10,0,0,0,0
zc,TA211,2012-06-29 09:20:32.110,7150.0000,572,0,0.0000,0.0000,0,0,多换,B,7142.0000,0.0000,0.0000,0.0000,0.0000,7182.0000,0.0000,0.0000,0.0000,0.0000,3,0,0,0,0,10,0,0,0,0
zc,TA211,2012-06-29 09:20:32.890,7150.0000,572,0,0.0000,0.0000,0,0,多换,B,7142.0000,0.0000,0.0000,0.0000,0.0000,7182.0000,0.0000,0.0000,0.0000,0.0000,4,0,0,0,0,10,0,0,0,0
zc,TA211,2012-06-29 09:20:34.140,7150.0000,572,0,0.0000,0.0000,0,0,多换,B,7142.0000,0.0000,0.0000,0.0000,0.0000,7182.0000,0.0000,0.0000,0.0000,0.0000,3,0,0,0,0,10,0,0,0,0
zc,TA211,2012-06-29 09:20:39.360,7150.0000,572,0,0.0000,0.0000,0,0,多换,B,7142.0000,0.0000,0.0000,0.0000,0.0000,7182.0000,0.0000,0.0000,0.0000,0.0000,4,0,0,0,0,10,0,0,0,0
zc,TA211,2012-06-29 09:20:43.830,7150.0000,572,0,0.0000,0.0000,0,0,多换,B,7142.0000,0.0000,0.0000,0.0000,0.0000,7184.0000,0.0000,0.0000,0.0000,0.0000,4,0,0,0,0,10,0,0,0,0
zc,TA211,2012-06-29 09:20:45.610,7150.0000,572,0,0.0000,0.0000,0,0,多换,B,7144.0000,0.0000,0.0000,0.0000,0.0000,7184.0000,0.0000,0.0000,0.0000,0.0000,1,0,0,0,0,10,0,0,0,0
zc,TA211,2012-06-29 09:20:57.313,7150.0000,572,0,0.0000,0.0000,0,0,多换,B,7142.0000,0.0000,0.0000,0.0000,0.0000,7182.0000,0.0000,0.0000,0.0000,0.0000,4,0,0,0,0,4,0,0,0,0
zc,TA211,2012-06-29 09:20:58.360,7150.0000,572,0,0.0000,0.0000,0,0,多换,B,7144.0000,0.0000,0.0000,0.0000,0.0000,7184.0000,0.0000,0.0000,0.0000,0.0000,1,0,0,0,0,10,0,0,0,0
zc,TA211,2012-06-29 09:22:13.080,7150.0000,572,0,0.0000,0.0000,0,0,多换,B,7146.0000,0.0000,0.0000,0.0000,0.0000,7186.0000,0.0000,0.0000,0.0000,0.0000,1,0,0,0,0,10,0,0,0,0
zc,TA211,2012-06-29 09:22:14.343,7150.0000,572,0,0.0000,0.0000,0,0,多换,B,7144.0000,0.0000,0.0000,0.0000,0.0000,7186.0000,0.0000,0.0000,0.0000,0.0000,1,0,0,0,0,10,0,0,0,0
zc,TA211,2012-06-29 09:22:15.593,7150.0000,572,0,0.0000,0.0000,0,0,多换,B,7146.0000,0.0000,0.0000,0.0000,0.0000,7186.0000,0.0000,0.0000,0.0000,0.0000,2,0,0,0,0,10,0,0,0,0
zc,TA211,2012-06-29 09:22:18.330,7150.0000,572,0,0.0000,0.0000,0,0,多换,B,7144.0000,0.0000,0.0000,0.0000,0.0000,7186.0000,0.0000,0.0000,0.0000,0.0000,1,0,0,0,0,10,0,0,0,0
zc,TA211,2012-06-29 09:22:21.140,7150.0000,572,0,0.0000,0.0000,0,0,多换,B,7144.0000,0.0000,0.0000,0.0000,0.0000,7184.0000,0.0000,0.0000,0.0000,0.0000,1,0,0,0,0,4,0,0,0,0
zc,TA211,2012-06-29 09:22:23.313,7150.0000,572,0,0.0000,0.0000,0,0,多换,B,7144.0000,0.0000,0.0000,0.0000,0.0000,7184.0000,0.0000,0.0000,0.0000,0.0000,1,0,0,0,0,10,0,0,0,0
zc,TA211,2012-06-29 09:22:38.343,7150.0000,572,0,0.0000,0.0000,0,0,多换,B,7142.0000,0.0000,0.0000,0.0000,0.0000,7182.0000,0.0000,0.0000,0.0000,0.0000,1,0,0,0,0,1,0,0,0,0
zc,TA211,2012-06-29 09:22:40.860,7150.0000,572,0,0.0000,0.0000,0,0,多换,B,7144.0000,0.0000,0.0000,0.0000,0.0000,7184.0000,0.0000,0.0000,0.0000,0.0000,1,0,0,0,0,10,0,0,0,0
zc,TA211,2012-06-29 09:22:42.610,7150.0000,572,0,0.0000,0.0000,0,0,多换,B,7142.0000,0.0000,0.0000,0.0000,0.0000,7184.0000,0.0000,0.0000,0.0000,0.0000,1,0,0,0,0,10,0,0,0,0
zc,TA211,2012-06-29 09:22:43.627,7150.0000,572,0,0.0000,0.0000,0,0,多换,B,7142.0000,0.0000,0.0000,0.0000,0.0000,7182.0000,0.0000,0.0000,0.0000,0.0000,1,0,0,0,0,2,0,0,0,0
zc,TA211,2012-06-29 09:22:44.360,7150.0000,572,0,0.0000,0.0000,0,0,多换,B,7142.0000,0.0000,0.0000,0.0000,0.0000,7182.0000,0.0000,0.0000,0.0000,0.0000,1,0,0,0,0,3,0,0,0,0
zc,TA211,2012-06-29 09:22:45.640,7150.0000,572,0,0.0000,0.0000,0,0,多换,B,7142.0000,0.0000,0.0000,0.0000,0.0000,7182.0000,0.0000,0.0000,0.0000,0.0000,1,0,0,0,0,6,0,0,0,0
