市场代码,合约代码,时间,最新,持仓,增仓,成交额,成交量,开仓,平仓,成交类型,方向,买一价,买二价,买三价,买四价,买五价,卖一价,卖二价,卖三价,卖四价,卖五价,买一量,买二量,买三量,买四量,买五量,卖一量,卖二量,卖三量,卖四量,卖五量
zc,TA301,2012-06-29 07:56:19.033,0.0000,193812,0,0.0000,0.0000,0,0,空换,S,0.0000,0.0000,0.0000,0.0000,0.0000,0.0000,0.0000,0.0000,0.0000,0.0000,0,0,0,0,0,0,0,0,0,0
zc,TA301,2012-06-29 08:07:19.047,0.0000,193812,0,0.0000,0.0000,0,0,空换,S,0.0000,0.0000,0.0000,0.0000,0.0000,0.0000,0.0000,0.0000,0.0000,0.0000,0,0,0,0,0,0,0,0,0,0
zc,TA301,2012-06-29 08:10:19.033,0.0000,193812,0,0.0000,0.0000,0,0,空换,S,0.0000,0.0000,0.0000,0.0000,0.0000,0.0000,0.0000,0.0000,0.0000,0.0000,0,0,0,0,0,0,0,0,0,0
zc,TA301,2012-06-29 08:12:21.127,0.0000,193812,0,0.0000,0.0000,0,0,空换,S,0.0000,0.0000,0.0000,0.0000,0.0000,0.0000,0.0000,0.0000,0.0000,0.0000,0,0,0,0,0,0,0,0,0,0
zc,TA301,2012-06-29 08:14:21.127,0.0000,193812,0,0.0000,0.0000,0,0,空换,S,0.0000,0.0000,0.0000,0.0000,0.0000,0.0000,0.0000,0.0000,0.0000,0.0000,0,0,0,0,0,0,0,0,0,0
zc,TA301,2012-06-29 08:17:21.127,0.0000,193812,0,0.0000,0.0000,0,0,空换,S,0.0000,0.0000,0.0000,0.0000,0.0000,0.0000,0.0000,0.0000,0.0000,0.0000,0,0,0,0,0,0,0,0,0,0
zc,TA301,2012-06-29 08:19:21.127,0.0000,193812,0,0.0000,0.0000,0,0,空换,S,0.0000,0.0000,0.0000,0.0000,0.0000,0.0000,0.0000,0.0000,0.0000,0.0000,0,0,0,0,0,0,0,0,0,0
zc,TA301,2012-06-29 08:38:21.093,0.0000,193812,0,0.0000,0.0000,0,0,空换,S,0.0000,0.0000,0.0000,0.0000,0.0000,0.0000,0.0000,0.0000,0.0000,0.0000,0,0,0,0,0,0,0,0,0,0
zc,TA301,2012-06-29 08:55:02.830,0.0000,193812,0,0.0000,0.0000,0,0,空换,S,0.0000,0.0000,0.0000,0.0000,0.0000,0.0000,0.0000,0.0000,0.0000,0.0000,0,0,0,0,0,0,0,0,0,0
zc,TA301,2012-06-29 08:55:03.343,0.0000,193812,0,0.0000,0.0000,0,0,空换,S,0.0000,0.0000,0.0000,0.0000,0.0000,0.0000,0.0000,0.0000,0.0000,0.0000,0,0,0,0,0,0,0,0,0,0
zc,TA301,2012-06-29 08:55:04.110,0.0000,193812,0,0.0000,0.0000,0,0,空换,S,0.0000,0.0000,0.0000,0.0000,0.0000,0.0000,0.0000,0.0000,0.0000,0.0000,0,0,0,0,0,0,0,0,0,0
zc,TA301,2012-06-29 08:55:04.593,0.0000,193812,0,0.0000,0.0000,0,0,空换,S,0.0000,0.0000,0.0000,0.0000,0.0000,0.0000,0.0000,0.0000,0.0000,0.0000,0,0,0,0,0,0,0,0,0,0
zc,TA301,2012-06-29 08:55:08.080,0.0000,193812,0,0.0000,0.0000,0,0,空换,S,0.0000,0.0000,0.0000,0.0000,0.0000,0.0000,0.0000,0.0000,0.0000,0.0000,0,0,0,0,0,0,0,0,0,0
zc,TA301,2012-06-29 08:55:10.830,0.0000,193812,0,0.0000,0.0000,0,0,空换,S,0.0000,0.0000,0.0000,0.0000,0.0000,0.0000,0.0000,0.0000,0.0000,0.0000,0,0,0,0,0,0,0,0,0,0
zc,TA301,2012-06-29 08:55:13.330,0.0000,193812,0,0.0000,0.0000,0,0,空换,S,0.0000,0.0000,0.0000,0.0000,0.0000,0.0000,0.0000,0.0000,0.0000,0.0000,0,0,0,0,0,0,0,0,0,0
zc,TA301,2012-06-29 08:55:21.610,0.0000,193812,0,0.0000,0.0000,0,0,空换,S,0.0000,0.0000,0.0000,0.0000,0.0000,0.0000,0.0000,0.0000,0.0000,0.0000,0,0,0,0,0,0,0,0,0,0
zc,TA301,2012-06-29 08:55:22.330,0.0000,193812,0,0.0000,0.0000,0,0,空换,S,0.0000,0.0000,0.0000,0.0000,0.0000,0.0000,0.0000,0.0000,0.0000,0.0000,0,0,0,0,0,0,0,0,0,0
zc,TA301,2012-06-29 08:55:49.593,0.0000,193812,0,0.0000,0.0000,0,0,空换,S,0.0000,0.0000,0.0000,0.0000,0.0000,0.0000,0.0000,0.0000,0.0000,0.0000,0,0,0,0,0,0,0,0,0,0
zc,TA301,2012-06-29 08:55:52.580,0.0000,193812,0,0.0000,0.0000,0,0,空换,S,0.0000,0.0000,0.0000,0.0000,0.0000,0.0000,0.0000,0.0000,0.0000,0.0000,0,0,0,0,0,0,0,0,0,0
zc,TA301,2012-06-29 08:56:21.080,0.0000,193812,0,0.0000,0.0000,0,0,空换,S,0.0000,0.0000,0.0000,0.0000,0.0000,0.0000,0.0000,0.0000,0.0000,0.0000,0,0,0,0,0,0,0,0,0,0
zc,TA301,2012-06-29 08:56:24.830,0.0000,193812,0,0.0000,0.0000,0,0,空换,S,0.0000,0.0000,0.0000,0.0000,0.0000,0.0000,0.0000,0.0000,0.0000,0.0000,0,0,0,0,0,0,0,0,0,0
zc,TA301,2012-06-29 08:56:29.093,0.0000,193812,0,0.0000,0.0000,0,0,空换,S,0.0000,0.0000,0.0000,0.0000,0.0000,0.0000,0.0000,0.0000,0.0000,0.0000,0,0,0,0,0,0,0,0,0,0
zc,TA301,2012-06-29 08:56:29.830,0.0000,193812,0,0.0000,0.0000,0,0,空换,S,0.0000,0.0000,0.0000,0.0000,0.0000,0.0000,0.0000,0.0000,0.0000,0.0000,0,0,0,0,0,0,0,0,0,0
zc,TA301,2012-06-29 08:56:38.330,0.0000,193812,0,0.0000,0.0000,0,0,空换,S,0.0000,0.0000,0.0000,0.0000,0.0000,0.0000,0.0000,0.0000,0.0000,0.0000,0,0,0,0,0,0,0,0,0,0
zc,TA301,2012-06-29 08:56:40.580,0.0000,193812,0,0.0000,0.0000,0,0,空换,S,0.0000,0.0000,0.0000,0.0000,0.0000,0.0000,0.0000,0.0000,0.0000,0.0000,0,0,0,0,0,0,0,0,0,0
zc,TA301,2012-06-29 08:56:45.580,0.0000,193812,0,0.0000,0.0000,0,0,空换,S,0.0000,0.0000,0.0000,0.0000,0.0000,0.0000,0.0000,0.0000,0.0000,0.0000,0,0,0,0,0,0,0,0,0,0
zc,TA301,2012-06-29 08:56:54.330,0.0000,193812,0,0.0000,0.0000,0,0,空换,S,0.0000,0.0000,0.0000,0.0000,0.0000,0.0000,0.0000,0.0000,0.0000,0.0000,0,0,0,0,0,0,0,0,0,0
zc,TA301,2012-06-29 08:56:56.830,0.0000,193812,0,0.0000,0.0000,0,0,空换,S,0.0000,0.0000,0.0000,0.0000,0.0000,0.0000,0.0000,0.0000,0.0000,0.0000,0,0,0,0,0,0,0,0,0,0
zc,TA301,2012-06-29 08:57:10.593,0.0000,193812,0,0.0000,0.0000,0,0,空换,S,0.0000,0.0000,0.0000,0.0000,0.0000,0.0000,0.0000,0.0000,0.0000,0.0000,0,0,0,0,0,0,0,0,0,0
zc,TA301,2012-06-29 08:57:11.080,0.0000,193812,0,0.0000,0.0000,0,0,空换,S,0.0000,0.0000,0.0000,0.0000,0.0000,0.0000,0.0000,0.0000,0.0000,0.0000,0,0,0,0,0,0,0,0,0,0
zc,TA301,2012-06-29 08:57:12.330,0.0000,193812,0,0.0000,0.0000,0,0,空换,S,0.0000,0.0000,0.0000,0.0000,0.0000,0.0000,0.0000,0.0000,0.0000,0.0000,0,0,0,0,0,0,0,0,0,0
zc,TA301,2012-06-29 08:57:15.330,0.0000,193812,0,0.0000,0.0000,0,0,空换,S,0.0000,0.0000,0.0000,0.0000,0.0000,0.0000,0.0000,0.0000,0.0000,0.0000,0,0,0,0,0,0,0,0,0,0
zc,TA301,2012-06-29 08:57:21.330,0.0000,193812,0,0.0000,0.0000,0,0,空换,S,0.0000,0.0000,0.0000,0.0000,0.0000,0.0000,0.0000,0.0000,0.0000,0.0000,0,0,0,0,0,0,0,0,0,0
zc,TA301,2012-06-29 08:57:23.580,0.0000,193812,0,0.0000,0.0000,0,0,空换,S,0.0000,0.0000,0.0000,0.0000,0.0000,0.0000,0.0000,0.0000,0.0000,0.0000,0,0,0,0,0,0,0,0,0,0
zc,TA301,2012-06-29 08:57:25.830,0.0000,193812,0,0.0000,0.0000,0,0,空换,S,0.0000,0.0000,0.0000,0.0000,0.0000,0.0000,0.0000,0.0000,0.0000,0.0000,0,0,0,0,0,0,0,0,0,0
zc,TA301,2012-06-29 08:57:26.343,0.0000,193812,0,0.0000,0.0000,0,0,空换,S,0.0000,0.0000,0.0000,0.0000,0.0000,0.0000,0.0000,0.0000,0.0000,0.0000,0,0,0,0,0,0,0,0,0,0
zc,TA301,2012-06-29 08:57:40.830,0.0000,193812,0,0.0000,0.0000,0,0,空换,S,0.0000,0.0000,0.0000,0.0000,0.0000,0.0000,0.0000,0.0000,0.0000,0.0000,0,0,0,0,0,0,0,0,0,0
zc,TA301,2012-06-29 08:57:46.080,0.0000,193812,0,0.0000,0.0000,0,0,空换,S,0.0000,0.0000,0.0000,0.0000,0.0000,0.0000,0.0000,0.0000,0.0000,0.0000,0,0,0,0,0,0,0,0,0,0
zc,TA301,2012-06-29 08:57:52.580,0.0000,193812,0,0.0000,0.0000,0,0,空换,S,0.0000,0.0000,0.0000,0.0000,0.0000,0.0000,0.0000,0.0000,0.0000,0.0000,0,0,0,0,0,0,0,0,0,0
zc,TA301,2012-06-29 08:58:14.593,0.0000,193812,0,0.0000,0.0000,0,0,空换,S,0.0000,0.0000,0.0000,0.0000,0.0000,0.0000,0.0000,0.0000,0.0000,0.0000,0,0,0,0,0,0,0,0,0,0
zc,TA301,2012-06-29 08:58:23.080,0.0000,193812,0,0.0000,0.0000,0,0,空换,S,0.0000,0.0000,0.0000,0.0000,0.0000,0.0000,0.0000,0.0000,0.0000,0.0000,0,0,0,0,0,0,0,0,0,0
zc,TA301,2012-06-29 08:58:35.830,0.0000,193812,0,0.0000,0.0000,0,0,空换,S,0.0000,0.0000,0.0000,0.0000,0.0000,0.0000,0.0000,0.0000,0.0000,0.0000,0,0,0,0,0,0,0,0,0,0
zc,TA301,2012-06-29 08:58:36.830,0.0000,193812,0,0.0000,0.0000,0,0,空换,S,0.0000,0.0000,0.0000,0.0000,0.0000,0.0000,0.0000,0.0000,0.0000,0.0000,0,0,0,0,0,0,0,0,0,0
zc,TA301,2012-06-29 08:58:40.080,0.0000,193812,0,0.0000,0.0000,0,0,空换,S,0.0000,0.0000,0.0000,0.0000,0.0000,0.0000,0.0000,0.0000,0.0000,0.0000,0,0,0,0,0,0,0,0,0,0
zc,TA301,2012-06-29 08:58:43.580,0.0000,193812,0,0.0000,0.0000,0,0,空换,S,0.0000,0.0000,0.0000,0.0000,0.0000,0.0000,0.0000,0.0000,0.0000,0.0000,0,0,0,0,0,0,0,0,0,0
zc,TA301,2012-06-29 08:59:03.033,7188.0000,193510,-302,0.0000,838.0000,268,570,空平,B,7186.0000,0.0000,0.0000,0.0000,0.0000,7188.0000,0.0000,0.0000,0.0000,0.0000,2,0,0,0,0,7,0,0,0,0
zc,TA301,2012-06-29 09:00:02.907,7188.0000,193508,-2,0.0000,32.0000,15,17,空平,B,7184.0000,0.0000,0.0000,0.0000,0.0000,7188.0000,0.0000,0.0000,0.0000,0.0000,1,0,0,0,0,1,0,0,0,0
zc,TA301,2012-06-29 09:00:03.737,7182.0000,193334,-174,0.0000,284.0000,55,229,多平,S,7180.0000,0.0000,0.0000,0.0000,0.0000,7182.0000,0.0000,0.0000,0.0000,0.0000,38,0,0,0,0,4,0,0,0,0
zc,TA301,2012-06-29 09:00:04.500,7180.0000,193296,-38,0.0000,370.0000,166,204,多平,S,7180.0000,0.0000,0.0000,0.0000,0.0000,7182.0000,0.0000,0.0000,0.0000,0.0000,8,0,0,0,0,8,0,0,0,0
zc,TA301,2012-06-29 09:00:05.500,7174.0000,193328,32,0.0000,278.0000,155,123,空开,S,7172.0000,0.0000,0.0000,0.0000,0.0000,7180.0000,0.0000,0.0000,0.0000,0.0000,6,0,0,0,0,35,0,0,0,0
zc,TA301,2012-06-29 09:00:06.470,7174.0000,193362,34,0.0000,66.0000,50,16,空开,S,7174.0000,0.0000,0.0000,0.0000,0.0000,7176.0000,0.0000,0.0000,0.0000,0.0000,2,0,0,0,0,2,0,0,0,0
zc,TA301,2012-06-29 09:00:07.203,7180.0000,193340,-22,0.0000,110.0000,44,66,空平,B,7176.0000,0.0000,0.0000,0.0000,0.0000,7180.0000,0.0000,0.0000,0.0000,0.0000,20,0,0,0,0,12,0,0,0,0
zc,TA301,2012-06-29 09:00:07.687,7180.0000,193340,0,0.0000,0.0000,0,0,多换,B,7178.0000,0.0000,0.0000,0.0000,0.0000,7180.0000,0.0000,0.0000,0.0000,0.0000,20,0,0,0,0,12,0,0,0,0
zc,TA301,2012-06-29 09:00:08.453,7176.0000,193342,2,0.0000,12.0000,7,5,空开,S,7176.0000,0.0000,0.0000,0.0000,0.0000,7180.0000,0.0000,0.0000,0.0000,0.0000,15,0,0,0,0,11,0,0,0,0
zc,TA301,2012-06-29 09:00:09.203,7180.0000,193344,2,0.0000,2.0000,2,0,双开,B,7174.0000,0.0000,0.0000,0.0000,0.0000,7178.0000,0.0000,0.0000,0.0000,0.0000,30,0,0,0,0,11,0,0,0,0
zc,TA301,2012-06-29 09:00:09.953,7182.0000,193332,-12,0.0000,360.0000,174,186,空平,B,7176.0000,0.0000,0.0000,0.0000,0.0000,7182.0000,0.0000,0.0000,0.0000,0.0000,154,0,0,0,0,5,0,0,0,0
zc,TA301,2012-06-29 09:00:15.517,7180.0000,193268,-64,0.0000,224.0000,80,144,多平,S,7178.0000,0.0000,0.0000,0.0000,0.0000,7180.0000,0.0000,0.0000,0.0000,0.0000,11,0,0,0,0,175,0,0,0,0
zc,TA301,2012-06-29 09:00:15.953,7180.0000,193242,-26,0.0000,28.0000,1,27,多平,S,7178.0000,0.0000,0.0000,0.0000,0.0000,7180.0000,0.0000,0.0000,0.0000,0.0000,50,0,0,0,0,178,0,0,0,0
zc,TA301,2012-06-29 09:00:16.673,7178.0000,193244,2,0.0000,28.0000,15,13,空开,S,7178.0000,0.0000,0.0000,0.0000,0.0000,7180.0000,0.0000,0.0000,0.0000,0.0000,44,0,0,0,0,173,0,0,0,0
zc,TA301,2012-06-29 09:00:17.157,7178.0000,193232,-12,0.0000,14.0000,1,13,多平,S,7178.0000,0.0000,0.0000,0.0000,0.0000,7180.0000,0.0000,0.0000,0.0000,0.0000,44,0,0,0,0,167,0,0,0,0
zc,TA301,2012-06-29 09:00:17.953,7178.0000,193234,2,0.0000,36.0000,19,17,空开,S,7178.0000,0.0000,0.0000,0.0000,0.0000,7180.0000,0.0000,0.0000,0.0000,0.0000,32,0,0,0,0,177,0,0,0,0
zc,TA301,2012-06-29 09:00:18.423,7176.0000,193200,-34,0.0000,156.0000,61,95,多平,S,7178.0000,0.0000,0.0000,0.0000,0.0000,7180.0000,0.0000,0.0000,0.0000,0.0000,5,0,0,0,0,185,0,0,0,0
zc,TA301,2012-06-29 09:00:19.173,7178.0000,193190,-10,0.0000,26.0000,8,18,空平,B,7176.0000,0.0000,0.0000,0.0000,0.0000,7178.0000,0.0000,0.0000,0.0000,0.0000,92,0,0,0,0,64,0,0,0,0
zc,TA301,2012-06-29 09:00:19.953,7178.0000,193188,-2,0.0000,6.0000,2,4,空平,B,7176.0000,0.0000,0.0000,0.0000,0.0000,7178.0000,0.0000,0.0000,0.0000,0.0000,142,0,0,0,0,64,0,0,0,0
zc,TA301,2012-06-29 09:00:20.470,7178.0000,193180,-8,0.0000,16.0000,4,12,空平,B,7176.0000,0.0000,0.0000,0.0000,0.0000,7178.0000,0.0000,0.0000,0.0000,0.0000,138,0,0,0,0,61,0,0,0,0
zc,TA301,2012-06-29 09:00:21.220,7176.0000,193176,-4,0.0000,6.0000,1,5,多平,S,7176.0000,0.0000,0.0000,0.0000,0.0000,7178.0000,0.0000,0.0000,0.0000,0.0000,62,0,0,0,0,63,0,0,0,0
zc,TA301,2012-06-29 09:00:21.953,7176.0000,193154,-22,0.0000,32.0000,5,27,多平,S,7176.0000,0.0000,0.0000,0.0000,0.0000,7178.0000,0.0000,0.0000,0.0000,0.0000,60,0,0,0,0,51,0,0,0,0
zc,TA301,2012-06-29 09:00:22.437,7178.0000,193144,-10,0.0000,28.0000,9,19,空平,B,7176.0000,0.0000,0.0000,0.0000,0.0000,7178.0000,0.0000,0.0000,0.0000,0.0000,49,0,0,0,0,48,0,0,0,0
zc,TA301,2012-06-29 09:00:22.970,7176.0000,193136,-8,0.0000,98.0000,45,53,多平,S,7174.0000,0.0000,0.0000,0.0000,0.0000,7176.0000,0.0000,0.0000,0.0000,0.0000,6,0,0,0,0,8,0,0,0,0
zc,TA301,2012-06-29 09:00:23.657,7176.0000,193130,-6,0.0000,10.0000,2,8,多平,S,7174.0000,0.0000,0.0000,0.0000,0.0000,7176.0000,0.0000,0.0000,0.0000,0.0000,2,0,0,0,0,10,0,0,0,0
zc,TA301,2012-06-29 09:00:24.173,7176.0000,193234,104,0.0000,186.0000,145,41,空开,S,7176.0000,0.0000,0.0000,0.0000,0.0000,7178.0000,0.0000,0.0000,0.0000,0.0000,4,0,0,0,0,89,0,0,0,0
zc,TA301,2012-06-29 09:00:24.923,7176.0000,193224,-10,0.0000,46.0000,18,28,多平,S,7174.0000,0.0000,0.0000,0.0000,0.0000,7176.0000,0.0000,0.0000,0.0000,0.0000,2,0,0,0,0,1,0,0,0,0
zc,TA301,2012-06-29 09:00:25.673,7172.0000,193190,-34,0.0000,78.0000,22,56,多平,S,7172.0000,0.0000,0.0000,0.0000,0.0000,7174.0000,0.0000,0.0000,0.0000,0.0000,19,0,0,0,0,32,0,0,0,0
zc,TA301,2012-06-29 09:00:26.423,7174.0000,193210,20,0.0000,20.0000,20,0,双开,B,7172.0000,0.0000,0.0000,0.0000,0.0000,7174.0000,0.0000,0.0000,0.0000,0.0000,19,0,0,0,0,35,0,0,0,0
zc,TA301,2012-06-29 09:00:26.937,7172.0000,193214,4,0.0000,4.0000,4,0,双开,S,7172.0000,0.0000,0.0000,0.0000,0.0000,7174.0000,0.0000,0.0000,0.0000,0.0000,18,0,0,0,0,34,0,0,0,0
zc,TA301,2012-06-29 09:00:27.627,7172.0000,193224,10,0.0000,18.0000,14,4,空开,S,7172.0000,0.0000,0.0000,0.0000,0.0000,7174.0000,0.0000,0.0000,0.0000,0.0000,10,0,0,0,0,34,0,0,0,0
zc,TA301,2012-06-29 09:00:28.453,7172.0000,193234,10,0.0000,44.0000,27,17,空开,S,7170.0000,0.0000,0.0000,0.0000,0.0000,7172.0000,0.0000,0.0000,0.0000,0.0000,65,0,0,0,0,5,0,0,0,0
zc,TA301,2012-06-29 09:00:28.657,7174.0000,193212,-22,0.0000,72.0000,25,47,空平,B,7170.0000,0.0000,0.0000,0.0000,0.0000,7174.0000,0.0000,0.0000,0.0000,0.0000,63,0,0,0,0,27,0,0,0,0
zc,TA301,2012-06-29 09:00:29.407,7172.0000,193208,-4,0.0000,24.0000,10,14,多平,S,7170.0000,0.0000,0.0000,0.0000,0.0000,7172.0000,0.0000,0.0000,0.0000,0.0000,57,0,0,0,0,3,0,0,0,0
zc,TA301,2012-06-29 09:00:29.923,7174.0000,193118,-90,0.0000,120.0000,15,105,空平,B,7170.0000,0.0000,0.0000,0.0000,0.0000,7172.0000,0.0000,0.0000,0.0000,0.0000,57,0,0,0,0,18,0,0,0,0
zc,TA301,2012-06-29 09:00:30.937,7172.0000,193106,-12,0.0000,20.0000,4,16,多平,S,7170.0000,0.0000,0.0000,0.0000,0.0000,7172.0000,0.0000,0.0000,0.0000,0.0000,57,0,0,0,0,29,0,0,0,0
zc,TA301,2012-06-29 09:00:31.423,7170.0000,193086,-20,0.0000,98.0000,39,59,多平,S,7170.0000,0.0000,0.0000,0.0000,0.0000,7172.0000,0.0000,0.0000,0.0000,0.0000,115,0,0,0,0,24,0,0,0,0
zc,TA301,2012-06-29 09:00:32.203,7170.0000,193096,10,0.0000,60.0000,35,25,空开,S,7170.0000,0.0000,0.0000,0.0000,0.0000,7172.0000,0.0000,0.0000,0.0000,0.0000,95,0,0,0,0,14,0,0,0,0
zc,TA301,2012-06-29 09:00:32.657,7170.0000,193060,-36,0.0000,88.0000,26,62,多平,S,7170.0000,0.0000,0.0000,0.0000,0.0000,7172.0000,0.0000,0.0000,0.0000,0.0000,63,0,0,0,0,4,0,0,0,0
zc,TA301,2012-06-29 09:00:33.407,7170.0000,193040,-20,0.0000,88.0000,34,54,多平,S,7170.0000,0.0000,0.0000,0.0000,0.0000,7174.0000,0.0000,0.0000,0.0000,0.0000,53,0,0,0,0,1,0,0,0,0
zc,TA301,2012-06-29 09:00:34.157,7174.0000,193040,0,0.0000,2.0000,1,1,多换,B,7172.0000,0.0000,0.0000,0.0000,0.0000,7174.0000,0.0000,0.0000,0.0000,0.0000,31,0,0,0,0,1,0,0,0,0
zc,TA301,2012-06-29 09:00:34.390,7172.0000,193072,32,0.0000,34.0000,33,1,空开,S,7172.0000,0.0000,0.0000,0.0000,0.0000,7174.0000,0.0000,0.0000,0.0000,0.0000,96,0,0,0,0,2,0,0,0,0
zc,TA301,2012-06-29 09:00:35.157,7174.0000,193072,0,0.0000,14.0000,7,7,多换,B,7172.0000,0.0000,0.0000,0.0000,0.0000,7174.0000,0.0000,0.0000,0.0000,0.0000,107,0,0,0,0,23,0,0,0,0
zc,TA301,2012-06-29 09:00:35.890,7172.0000,193036,-36,0.0000,232.0000,98,134,多平,S,7172.0000,0.0000,0.0000,0.0000,0.0000,7174.0000,0.0000,0.0000,0.0000,0.0000,7,0,0,0,0,17,0,0,0,0
zc,TA301,2012-06-29 09:00:36.390,7172.0000,193044,8,0.0000,18.0000,13,5,空开,S,7172.0000,0.0000,0.0000,0.0000,0.0000,7174.0000,0.0000,0.0000,0.0000,0.0000,18,0,0,0,0,18,0,0,0,0
zc,TA301,2012-06-29 09:00:37.127,7172.0000,193058,14,0.0000,42.0000,28,14,空开,S,7172.0000,0.0000,0.0000,0.0000,0.0000,7174.0000,0.0000,0.0000,0.0000,0.0000,4,0,0,0,0,17,0,0,0,0
zc,TA301,2012-06-29 09:00:37.657,7172.0000,193062,4,0.0000,22.0000,13,9,空开,S,7170.0000,0.0000,0.0000,0.0000,0.0000,7172.0000,0.0000,0.0000,0.0000,0.0000,482,0,0,0,0,5,0,0,0,0
zc,TA301,2012-06-29 09:00:38.377,7174.0000,193042,-20,0.0000,52.0000,16,36,空平,B,7174.0000,0.0000,0.0000,0.0000,0.0000,7176.0000,0.0000,0.0000,0.0000,0.0000,13,0,0,0,0,25,0,0,0,0
zc,TA301,2012-06-29 09:00:38.907,7172.0000,193006,-36,0.0000,38.0000,1,37,多平,S,7172.0000,0.0000,0.0000,0.0000,0.0000,7176.0000,0.0000,0.0000,0.0000,0.0000,44,0,0,0,0,33,0,0,0,0
zc,TA301,2012-06-29 09:00:39.703,7174.0000,193006,0,0.0000,6.0000,3,3,多换,B,7174.0000,0.0000,0.0000,0.0000,0.0000,7176.0000,0.0000,0.0000,0.0000,0.0000,4,0,0,0,0,30,0,0,0,0
zc,TA301,2012-06-29 09:00:40.237,7174.0000,192978,-28,0.0000,38.0000,5,33,空平,B,7172.0000,0.0000,0.0000,0.0000,0.0000,7174.0000,0.0000,0.0000,0.0000,0.0000,230,0,0,0,0,13,0,0,0,0
zc,TA301,2012-06-29 09:00:40.640,7172.0000,192978,0,0.0000,10.0000,5,5,空换,S,7172.0000,0.0000,0.0000,0.0000,0.0000,7176.0000,0.0000,0.0000,0.0000,0.0000,231,0,0,0,0,8,0,0,0,0
zc,TA301,2012-06-29 09:00:41.407,7174.0000,192978,0,0.0000,20.0000,10,10,多换,B,7172.0000,0.0000,0.0000,0.0000,0.0000,7176.0000,0.0000,0.0000,0.0000,0.0000,241,0,0,0,0,8,0,0,0,0
zc,TA301,2012-06-29 09:00:42.127,7172.0000,192978,0,0.0000,8.0000,4,4,空换,S,7172.0000,0.0000,0.0000,0.0000,0.0000,7174.0000,0.0000,0.0000,0.0000,0.0000,238,0,0,0,0,2,0,0,0,0
zc,TA301,2012-06-29 09:00:42.423,7176.0000,192978,0,0.0000,12.0000,6,6,多换,B,7172.0000,0.0000,0.0000,0.0000,0.0000,7174.0000,0.0000,0.0000,0.0000,0.0000,238,0,0,0,0,1,0,0,0,0
zc,TA301,2012-06-29 09:00:43.157,7172.0000,192974,-4,0.0000,12.0000,4,8,多平,S,7172.0000,0.0000,0.0000,0.0000,0.0000,7174.0000,0.0000,0.0000,0.0000,0.0000,239,0,0,0,0,19,0,0,0,0
zc,TA301,2012-06-29 09:00:43.657,7174.0000,192978,4,0.0000,44.0000,24,20,多开,B,7174.0000,0.0000,0.0000,0.0000,0.0000,7176.0000,0.0000,0.0000,0.0000,0.0000,16,0,0,0,0,39,0,0,0,0
zc,TA301,2012-06-29 09:00:44.407,7174.0000,192980,2,0.0000,28.0000,15,13,多开,B,7174.0000,0.0000,0.0000,0.0000,0.0000,7176.0000,0.0000,0.0000,0.0000,0.0000,19,0,0,0,0,30,0,0,0,0
zc,TA301,2012-06-29 09:00:44.953,7172.0000,192498,-482,0.0000,586.0000,52,534,多平,S,7170.0000,0.0000,0.0000,0.0000,0.0000,7172.0000,0.0000,0.0000,0.0000,0.0000,499,0,0,0,0,7,0,0,0,0
zc,TA301,2012-06-29 09:00:45.640,7174.0000,192500,2,0.0000,16.0000,9,7,多开,B,7172.0000,0.0000,0.0000,0.0000,0.0000,7174.0000,0.0000,0.0000,0.0000,0.0000,6,0,0,0,0,4,0,0,0,0
zc,TA301,2012-06-29 09:00:46.390,7174.0000,192502,2,0.0000,2.0000,2,0,双开,B,7172.0000,0.0000,0.0000,0.0000,0.0000,7174.0000,0.0000,0.0000,0.0000,0.0000,7,0,0,0,0,23,0,0,0,0
zc,TA301,2012-06-29 09:00:46.970,7172.0000,192526,24,0.0000,26.0000,25,1,空开,S,7170.0000,0.0000,0.0000,0.0000,0.0000,7172.0000,0.0000,0.0000,0.0000,0.0000,547,0,0,0,0,34,0,0,0,0
zc,TA301,2012-06-29 09:00:47.470,7172.0000,192530,4,0.0000,6.0000,5,1,空开,S,7170.0000,0.0000,0.0000,0.0000,0.0000,7172.0000,0.0000,0.0000,0.0000,0.0000,548,0,0,0,0,31,0,0,0,0
zc,TA301,2012-06-29 09:00:47.937,7172.0000,192530,0,0.0000,4.0000,2,2,空换,S,7170.0000,0.0000,0.0000,0.0000,0.0000,7172.0000,0.0000,0.0000,0.0000,0.0000,548,0,0,0,0,29,0,0,0,0
zc,TA301,2012-06-29 09:00:48.687,7172.0000,192498,-32,0.0000,54.0000,11,43,多平,S,7170.0000,0.0000,0.0000,0.0000,0.0000,7172.0000,0.0000,0.0000,0.0000,0.0000,527,0,0,0,0,23,0,0,0,0
zc,TA301,2012-06-29 09:00:49.453,7174.0000,192594,96,0.0000,128.0000,112,16,多开,B,7172.0000,0.0000,0.0000,0.0000,0.0000,7174.0000,0.0000,0.0000,0.0000,0.0000,7,0,0,0,0,4,0,0,0,0
zc,TA301,2012-06-29 09:00:50.157,7172.0000,192596,2,0.0000,2.0000,2,0,双开,S,7172.0000,0.0000,0.0000,0.0000,0.0000,7174.0000,0.0000,0.0000,0.0000,0.0000,17,0,0,0,0,4,0,0,0,0
zc,TA301,2012-06-29 09:00:50.720,7172.0000,192606,10,0.0000,78.0000,44,34,空开,S,7170.0000,0.0000,0.0000,0.0000,0.0000,7172.0000,0.0000,0.0000,0.0000,0.0000,547,0,0,0,0,126,0,0,0,0
zc,TA301,2012-06-29 09:00:51.453,7172.0000,192648,42,0.0000,150.0000,96,54,空开,S,7170.0000,0.0000,0.0000,0.0000,0.0000,7172.0000,0.0000,0.0000,0.0000,0.0000,507,0,0,0,0,102,0,0,0,0
zc,TA301,2012-06-29 09:00:51.970,7172.0000,192638,-10,0.0000,22.0000,6,16,多平,S,7170.0000,0.0000,0.0000,0.0000,0.0000,7172.0000,0.0000,0.0000,0.0000,0.0000,492,0,0,0,0,93,0,0,0,0
zc,TA301,2012-06-29 09:00:52.657,7172.0000,192632,-6,0.0000,20.0000,7,13,多平,S,7170.0000,0.0000,0.0000,0.0000,0.0000,7172.0000,0.0000,0.0000,0.0000,0.0000,489,0,0,0,0,89,0,0,0,0
zc,TA301,2012-06-29 09:00:53.173,7172.0000,192632,0,0.0000,56.0000,28,28,空换,S,7170.0000,0.0000,0.0000,0.0000,0.0000,7172.0000,0.0000,0.0000,0.0000,0.0000,483,0,0,0,0,68,0,0,0,0
zc,TA301,2012-06-29 09:00:53.923,7172.0000,192620,-12,0.0000,16.0000,2,14,多平,S,7170.0000,0.0000,0.0000,0.0000,0.0000,7172.0000,0.0000,0.0000,0.0000,0.0000,433,0,0,0,0,56,0,0,0,0
zc,TA301,2012-06-29 09:00:54.423,7172.0000,192620,0,0.0000,4.0000,2,2,空换,S,7170.0000,0.0000,0.0000,0.0000,0.0000,7172.0000,0.0000,0.0000,0.0000,0.0000,434,0,0,0,0,54,0,0,0,0
zc,TA301,2012-06-29 09:00:55.157,7170.0000,192620,0,0.0000,28.0000,14,14,空换,S,7170.0000,0.0000,0.0000,0.0000,0.0000,7172.0000,0.0000,0.0000,0.0000,0.0000,426,0,0,0,0,48,0,0,0,0
zc,TA301,2012-06-29 09:00:55.657,7172.0000,192620,0,0.0000,106.0000,53,53,多换,B,7170.0000,0.0000,0.0000,0.0000,0.0000,7172.0000,0.0000,0.0000,0.0000,0.0000,376,0,0,0,0,45,0,0,0,0
zc,TA301,2012-06-29 09:00:56.407,7170.0000,192626,6,0.0000,16.0000,11,5,空开,S,7170.0000,0.0000,0.0000,0.0000,0.0000,7172.0000,0.0000,0.0000,0.0000,0.0000,368,0,0,0,0,51,0,0,0,0
zc,TA301,2012-06-29 09:00:56.937,7170.0000,192676,50,0.0000,60.0000,55,5,空开,S,7170.0000,0.0000,0.0000,0.0000,0.0000,7172.0000,0.0000,0.0000,0.0000,0.0000,344,0,0,0,0,49,0,0,0,0
zc,TA301,2012-06-29 09:00:57.657,7170.0000,192776,100,0.0000,112.0000,106,6,空开,S,7170.0000,0.0000,0.0000,0.0000,0.0000,7172.0000,0.0000,0.0000,0.0000,0.0000,291,0,0,0,0,99,0,0,0,0
zc,TA301,2012-06-29 09:00:58.157,7170.0000,192780,4,0.0000,6.0000,5,1,空开,S,7170.0000,0.0000,0.0000,0.0000,0.0000,7172.0000,0.0000,0.0000,0.0000,0.0000,289,0,0,0,0,99,0,0,0,0
zc,TA301,2012-06-29 09:00:58.923,7170.0000,192780,0,0.0000,66.0000,33,33,空换,S,7170.0000,0.0000,0.0000,0.0000,0.0000,7172.0000,0.0000,0.0000,0.0000,0.0000,257,0,0,0,0,98,0,0,0,0
zc,TA301,2012-06-29 09:00:59.437,7170.0000,192862,82,0.0000,90.0000,86,4,空开,S,7170.0000,0.0000,0.0000,0.0000,0.0000,7172.0000,0.0000,0.0000,0.0000,0.0000,305,0,0,0,0,117,0,0,0,0
zc,TA301,2012-06-29 09:01:00.140,7170.0000,192870,8,0.0000,54.0000,31,23,空开,S,7170.0000,0.0000,0.0000,0.0000,0.0000,7172.0000,0.0000,0.0000,0.0000,0.0000,288,0,0,0,0,107,0,0,0,0
zc,TA301,2012-06-29 09:01:00.627,7172.0000,192866,-4,0.0000,46.0000,21,25,空平,B,7170.0000,0.0000,0.0000,0.0000,0.0000,7172.0000,0.0000,0.0000,0.0000,0.0000,269,0,0,0,0,97,0,0,0,0
zc,TA301,2012-06-29 09:01:01.187,7172.0000,192868,2,0.0000,32.0000,17,15,多开,B,7170.0000,0.0000,0.0000,0.0000,0.0000,7172.0000,0.0000,0.0000,0.0000,0.0000,245,0,0,0,0,85,0,0,0,0
zc,TA301,2012-06-29 09:01:02.173,7172.0000,192952,84,0.0000,120.0000,102,18,多开,B,7170.0000,0.0000,0.0000,0.0000,0.0000,7172.0000,0.0000,0.0000,0.0000,0.0000,218,0,0,0,0,36,0,0,0,0
zc,TA301,2012-06-29 09:01:02.687,7172.0000,192994,42,0.0000,90.0000,66,24,多开,B,7172.0000,0.0000,0.0000,0.0000,0.0000,7174.0000,0.0000,0.0000,0.0000,0.0000,4,0,0,0,0,19,0,0,0,0
zc,TA301,2012-06-29 09:01:03.390,7174.0000,192998,4,0.0000,4.0000,4,0,双开,B,7172.0000,0.0000,0.0000,0.0000,0.0000,7174.0000,0.0000,0.0000,0.0000,0.0000,8,0,0,0,0,18,0,0,0,0
zc,TA301,2012-06-29 09:01:04.157,7174.0000,193012,14,0.0000,14.0000,14,0,双开,B,7172.0000,0.0000,0.0000,0.0000,0.0000,7174.0000,0.0000,0.0000,0.0000,0.0000,24,0,0,0,0,17,0,0,0,0
zc,TA301,2012-06-29 09:01:04.687,7174.0000,193038,26,0.0000,50.0000,38,12,多开,B,7174.0000,0.0000,0.0000,0.0000,0.0000,7176.0000,0.0000,0.0000,0.0000,0.0000,2,0,0,0,0,37,0,0,0,0
zc,TA301,2012-06-29 09:01:05.187,7174.0000,193038,0,0.0000,2.0000,1,1,多换,B,7174.0000,0.0000,0.0000,0.0000,0.0000,7176.0000,0.0000,0.0000,0.0000,0.0000,27,0,0,0,0,37,0,0,0,0
zc,TA301,2012-06-29 09:01:05.907,7174.0000,193040,2,0.0000,10.0000,6,4,多开,B,7174.0000,0.0000,0.0000,0.0000,0.0000,7176.0000,0.0000,0.0000,0.0000,0.0000,22,0,0,0,0,37,0,0,0,0
zc,TA301,2012-06-29 09:01:06.423,7174.0000,193036,-4,0.0000,8.0000,2,6,空平,B,7174.0000,0.0000,0.0000,0.0000,0.0000,7176.0000,0.0000,0.0000,0.0000,0.0000,25,0,0,0,0,37,0,0,0,0
zc,TA301,2012-06-29 09:01:07.173,7174.0000,193036,0,0.0000,8.0000,4,4,多换,B,7174.0000,0.0000,0.0000,0.0000,0.0000,7176.0000,0.0000,0.0000,0.0000,0.0000,22,0,0,0,0,34,0,0,0,0
zc,TA301,2012-06-29 09:01:07.640,7176.0000,193032,-4,0.0000,6.0000,1,5,空平,B,7174.0000,0.0000,0.0000,0.0000,0.0000,7176.0000,0.0000,0.0000,0.0000,0.0000,23,0,0,0,0,6,0,0,0,0
zc,TA301,2012-06-29 09:01:08.437,7174.0000,193032,0,0.0000,6.0000,3,3,空换,S,7174.0000,0.0000,0.0000,0.0000,0.0000,7176.0000,0.0000,0.0000,0.0000,0.0000,21,0,0,0,0,5,0,0,0,0
zc,TA301,2012-06-29 09:01:08.923,7176.0000,193042,10,0.0000,12.0000,11,1,多开,B,7174.0000,0.0000,0.0000,0.0000,0.0000,7178.0000,0.0000,0.0000,0.0000,0.0000,67,0,0,0,0,61,0,0,0,0
zc,TA301,2012-06-29 09:01:09.657,7174.0000,193042,0,0.0000,8.0000,4,4,空换,S,7174.0000,0.0000,0.0000,0.0000,0.0000,7178.0000,0.0000,0.0000,0.0000,0.0000,31,0,0,0,0,61,0,0,0,0
zc,TA301,2012-06-29 09:01:10.173,7174.0000,193042,0,0.0000,2.0000,1,1,空换,S,7174.0000,0.0000,0.0000,0.0000,0.0000,7176.0000,0.0000,0.0000,0.0000,0.0000,37,0,0,0,0,4,0,0,0,0
zc,TA301,2012-06-29 09:01:10.937,7176.0000,193042,0,0.0000,20.0000,10,10,多换,B,7176.0000,0.0000,0.0000,0.0000,0.0000,7178.0000,0.0000,0.0000,0.0000,0.0000,10,0,0,0,0,61,0,0,0,0
zc,TA301,2012-06-29 09:01:11.407,7178.0000,193036,-6,0.0000,8.0000,1,7,空平,B,7176.0000,0.0000,0.0000,0.0000,0.0000,7178.0000,0.0000,0.0000,0.0000,0.0000,11,0,0,0,0,58,0,0,0,0
zc,TA301,2012-06-29 09:01:11.907,7178.0000,193036,0,0.0000,2.0000,1,1,多换,B,7176.0000,0.0000,0.0000,0.0000,0.0000,7178.0000,0.0000,0.0000,0.0000,0.0000,11,0,0,0,0,57,0,0,0,0
zc,TA301,2012-06-29 09:01:12.737,7176.0000,192984,-52,0.0000,64.0000,6,58,多平,S,7176.0000,0.0000,0.0000,0.0000,0.0000,7178.0000,0.0000,0.0000,0.0000,0.0000,11,0,0,0,0,56,0,0,0,0
zc,TA301,2012-06-29 09:01:13.203,7176.0000,192984,0,0.0000,4.0000,2,2,空换,S,7176.0000,0.0000,0.0000,0.0000,0.0000,7178.0000,0.0000,0.0000,0.0000,0.0000,10,0,0,0,0,55,0,0,0,0
zc,TA301,2012-06-29 09:01:13.907,7176.0000,192970,-14,0.0000,56.0000,21,35,多平,S,7174.0000,0.0000,0.0000,0.0000,0.0000,7176.0000,0.0000,0.0000,0.0000,0.0000,7,0,0,0,0,19,0,0,0,0
zc,TA301,2012-06-29 09:01:14.390,7176.0000,192968,-2,0.0000,32.0000,15,17,多平,S,7174.0000,0.0000,0.0000,0.0000,0.0000,7176.0000,0.0000,0.0000,0.0000,0.0000,15,0,0,0,0,6,0,0,0,0
zc,TA301,2012-06-29 09:01:15.407,7176.0000,192928,-40,0.0000,150.0000,55,95,多平,S,7174.0000,0.0000,0.0000,0.0000,0.0000,7176.0000,0.0000,0.0000,0.0000,0.0000,4,0,0,0,0,151,0,0,0,0
zc,TA301,2012-06-29 09:01:15.657,7176.0000,192928,0,0.0000,4.0000,2,2,空换,S,7172.0000,0.0000,0.0000,0.0000,0.0000,7176.0000,0.0000,0.0000,0.0000,0.0000,71,0,0,0,0,149,0,0,0,0
zc,TA301,2012-06-29 09:01:16.390,7176.0000,192928,0,0.0000,164.0000,82,82,空换,S,7172.0000,0.0000,0.0000,0.0000,0.0000,7176.0000,0.0000,0.0000,0.0000,0.0000,76,0,0,0,0,67,0,0,0,0
zc,TA301,2012-06-29 09:01:16.953,7176.0000,192928,0,0.0000,84.0000,42,42,空换,S,7174.0000,0.0000,0.0000,0.0000,0.0000,7176.0000,0.0000,0.0000,0.0000,0.0000,1,0,0,0,0,25,0,0,0,0
zc,TA301,2012-06-29 09:01:17.610,7176.0000,192930,2,0.0000,58.0000,30,28,空开,S,7176.0000,0.0000,0.0000,0.0000,0.0000,7178.0000,0.0000,0.0000,0.0000,0.0000,32,0,0,0,0,51,0,0,0,0
zc,TA301,2012-06-29 09:01:18.140,7176.0000,192932,2,0.0000,42.0000,22,20,空开,S,7176.0000,0.0000,0.0000,0.0000,0.0000,7178.0000,0.0000,0.0000,0.0000,0.0000,14,0,0,0,0,57,0,0,0,0
zc,TA301,2012-06-29 09:01:18.970,7176.0000,192930,-2,0.0000,30.0000,14,16,多平,S,7174.0000,0.0000,0.0000,0.0000,0.0000,7178.0000,0.0000,0.0000,0.0000,0.0000,2,0,0,0,0,53,0,0,0,0
zc,TA301,2012-06-29 09:01:19.453,7178.0000,192928,-2,0.0000,6.0000,2,4,空平,B,7174.0000,0.0000,0.0000,0.0000,0.0000,7176.0000,0.0000,0.0000,0.0000,0.0000,3,0,0,0,0,2,0,0,0,0
zc,TA301,2012-06-29 09:01:20.173,7176.0000,192928,0,0.0000,10.0000,5,5,空换,S,7176.0000,0.0000,0.0000,0.0000,0.0000,7178.0000,0.0000,0.0000,0.0000,0.0000,2,0,0,0,0,49,0,0,0,0
zc,TA301,2012-06-29 09:01:20.640,7176.0000,192928,0,0.0000,0.0000,0,0,空换,S,7176.0000,0.0000,0.0000,0.0000,0.0000,7178.0000,0.0000,0.0000,0.0000,0.0000,18,0,0,0,0,49,0,0,0,0
zc,TA301,2012-06-29 09:01:21.437,7176.0000,192930,2,0.0000,38.0000,20,18,空开,S,7174.0000,0.0000,0.0000,0.0000,0.0000,7178.0000,0.0000,0.0000,0.0000,0.0000,3,0,0,0,0,48,0,0,0,0
zc,TA301,2012-06-29 09:01:21.937,7176.0000,192930,0,0.0000,0.0000,0,0,空换,S,7174.0000,0.0000,0.0000,0.0000,0.0000,7176.0000,0.0000,0.0000,0.0000,0.0000,3,0,0,0,0,2,0,0,0,0
zc,TA301,2012-06-29 09:01:22.687,7174.0000,192940,10,0.0000,78.0000,44,34,空开,S,7172.0000,0.0000,0.0000,0.0000,0.0000,7174.0000,0.0000,0.0000,0.0000,0.0000,238,0,0,0,0,84,0,0,0,0
zc,TA301,2012-06-29 09:01:23.140,7174.0000,192926,-14,0.0000,14.0000,0,14,双平,S,7172.0000,0.0000,0.0000,0.0000,0.0000,7174.0000,0.0000,0.0000,0.0000,0.0000,239,0,0,0,0,77,0,0,0,0
zc,TA301,2012-06-29 09:01:23.937,7174.0000,192780,-146,0.0000,154.0000,4,150,多平,S,7172.0000,0.0000,0.0000,0.0000,0.0000,7176.0000,0.0000,0.0000,0.0000,0.0000,166,0,0,0,0,3,0,0,0,0
zc,TA301,2012-06-29 09:01:24.687,7174.0000,192780,0,0.0000,0.0000,0,0,空换,S,7174.0000,0.0000,0.0000,0.0000,0.0000,7176.0000,0.0000,0.0000,0.0000,0.0000,1,0,0,0,0,3,0,0,0,0
zc,TA301,2012-06-29 09:01:25.157,7176.0000,192794,14,0.0000,20.0000,17,3,多开,B,7174.0000,0.0000,0.0000,0.0000,0.0000,7178.0000,0.0000,0.0000,0.0000,0.0000,15,0,0,0,0,20,0,0,0,0
zc,TA301,2012-06-29 09:01:25.953,7176.0000,192702,-92,0.0000,110.0000,9,101,空平,B,7176.0000,0.0000,0.0000,0.0000,0.0000,7178.0000,0.0000,0.0000,0.0000,0.0000,21,0,0,0,0,19,0,0,0,0
zc,TA301,2012-06-29 09:01:26.390,7174.0000,192586,-116,0.0000,200.0000,42,158,多平,S,7174.0000,0.0000,0.0000,0.0000,0.0000,7178.0000,0.0000,0.0000,0.0000,0.0000,7,0,0,0,0,19,0,0,0,0
zc,TA301,2012-06-29 09:01:27.173,7178.0000,192618,32,0.0000,106.0000,69,37,多开,B,7174.0000,0.0000,0.0000,0.0000,0.0000,7178.0000,0.0000,0.0000,0.0000,0.0000,20,0,0,0,0,17,0,0,0,0
zc,TA301,2012-06-29 09:01:27.673,7178.0000,192618,0,0.0000,8.0000,4,4,多换,B,7176.0000,0.0000,0.0000,0.0000,0.0000,7178.0000,0.0000,0.0000,0.0000,0.0000,10,0,0,0,0,13,0,0,0,0
zc,TA301,2012-06-29 09:01:28.437,7176.0000,192618,0,0.0000,6.0000,3,3,空换,S,7176.0000,0.0000,0.0000,0.0000,0.0000,7178.0000,0.0000,0.0000,0.0000,0.0000,18,0,0,0,0,40,0,0,0,0
zc,TA301,2012-06-29 09:01:28.937,7176.0000,192578,-40,0.0000,64.0000,12,52,多平,S,7174.0000,0.0000,0.0000,0.0000,0.0000,7176.0000,0.0000,0.0000,0.0000,0.0000,35,0,0,0,0,146,0,0,0,0
zc,TA301,2012-06-29 09:01:29.377,7176.0000,192556,-22,0.0000,22.0000,0,22,双平,S,7174.0000,0.0000,0.0000,0.0000,0.0000,7176.0000,0.0000,0.0000,0.0000,0.0000,28,0,0,0,0,135,0,0,0,0
zc,TA301,2012-06-29 09:01:30.140,7174.0000,192434,-122,0.0000,164.0000,21,143,多平,S,7174.0000,0.0000,0.0000,0.0000,0.0000,7176.0000,0.0000,0.0000,0.0000,0.0000,24,0,0,0,0,79,0,0,0,0
zc,TA301,2012-06-29 09:01:30.627,7176.0000,192430,-4,0.0000,18.0000,7,11,空平,B,7174.0000,0.0000,0.0000,0.0000,0.0000,7176.0000,0.0000,0.0000,0.0000,0.0000,33,0,0,0,0,77,0,0,0,0
zc,TA301,2012-06-29 09:01:31.390,7176.0000,192430,0,0.0000,2.0000,1,1,多换,B,7174.0000,0.0000,0.0000,0.0000,0.0000,7176.0000,0.0000,0.0000,0.0000,0.0000,33,0,0,0,0,77,0,0,0,0
zc,TA301,2012-06-29 09:01:31.860,7176.0000,192438,8,0.0000,36.0000,22,14,多开,B,7174.0000,0.0000,0.0000,0.0000,0.0000,7176.0000,0.0000,0.0000,0.0000,0.0000,57,0,0,0,0,79,0,0,0,0
zc,TA301,2012-06-29 09:01:32.640,7174.0000,192442,4,0.0000,116.0000,60,56,空开,S,7174.0000,0.0000,0.0000,0.0000,0.0000,7176.0000,0.0000,0.0000,0.0000,0.0000,44,0,0,0,0,29,0,0,0,0
zc,TA301,2012-06-29 09:01:33.173,7176.0000,192450,8,0.0000,16.0000,12,4,多开,B,7174.0000,0.0000,0.0000,0.0000,0.0000,7176.0000,0.0000,0.0000,0.0000,0.0000,43,0,0,0,0,22,0,0,0,0
zc,TA301,2012-06-29 09:01:33.657,7174.0000,192540,90,0.0000,124.0000,107,17,空开,S,7172.0000,0.0000,0.0000,0.0000,0.0000,7174.0000,0.0000,0.0000,0.0000,0.0000,175,0,0,0,0,1,0,0,0,0
zc,TA301,2012-06-29 09:01:34.140,7176.0000,192558,18,0.0000,18.0000,18,0,双开,B,7172.0000,0.0000,0.0000,0.0000,0.0000,7174.0000,0.0000,0.0000,0.0000,0.0000,175,0,0,0,0,20,0,0,0,0
zc,TA301,2012-06-29 09:01:34.877,7174.0000,192552,-6,0.0000,14.0000,4,10,多平,S,7172.0000,0.0000,0.0000,0.0000,0.0000,7174.0000,0.0000,0.0000,0.0000,0.0000,174,0,0,0,0,13,0,0,0,0
zc,TA301,2012-06-29 09:01:35.423,7176.0000,192544,-8,0.0000,36.0000,14,22,空平,B,7174.0000,0.0000,0.0000,0.0000,0.0000,7176.0000,0.0000,0.0000,0.0000,0.0000,202,0,0,0,0,12,0,0,0,0
zc,TA301,2012-06-29 09:01:35.877,7176.0000,192544,0,0.0000,0.0000,0,0,多换,B,7174.0000,0.0000,0.0000,0.0000,0.0000,7176.0000,0.0000,0.0000,0.0000,0.0000,207,0,0,0,0,12,0,0,0,0
zc,TA301,2012-06-29 09:01:36.627,7176.0000,192544,0,0.0000,0.0000,0,0,多换,B,7174.0000,0.0000,0.0000,0.0000,0.0000,7176.0000,0.0000,0.0000,0.0000,0.0000,207,0,0,0,0,13,0,0,0,0
zc,TA301,2012-06-29 09:01:37.140,7174.0000,192510,-34,0.0000,38.0000,2,36,多平,S,7174.0000,0.0000,0.0000,0.0000,0.0000,7176.0000,0.0000,0.0000,0.0000,0.0000,189,0,0,0,0,14,0,0,0,0
zc,TA301,2012-06-29 09:01:37.923,7174.0000,192544,34,0.0000,146.0000,90,56,空开,S,7176.0000,0.0000,0.0000,0.0000,0.0000,7178.0000,0.0000,0.0000,0.0000,0.0000,1,0,0,0,0,45,0,0,0,0
zc,TA301,2012-06-29 09:01:38.390,7176.0000,192544,0,0.0000,2.0000,1,1,多换,B,7174.0000,0.0000,0.0000,0.0000,0.0000,7176.0000,0.0000,0.0000,0.0000,0.0000,146,0,0,0,0,1,0,0,0,0
zc,TA301,2012-06-29 09:01:39.157,7176.0000,192544,0,0.0000,0.0000,0,0,多换,B,7174.0000,0.0000,0.0000,0.0000,0.0000,7176.0000,0.0000,0.0000,0.0000,0.0000,148,0,0,0,0,6,0,0,0,0
zc,TA301,2012-06-29 09:01:39.687,7176.0000,192470,-74,0.0000,96.0000,11,85,空平,B,7174.0000,0.0000,0.0000,0.0000,0.0000,7176.0000,0.0000,0.0000,0.0000,0.0000,120,0,0,0,0,30,0,0,0,0
zc,TA301,2012-06-29 09:01:40.157,7176.0000,192460,-10,0.0000,10.0000,0,10,双平,B,7174.0000,0.0000,0.0000,0.0000,0.0000,7176.0000,0.0000,0.0000,0.0000,0.0000,133,0,0,0,0,36,0,0,0,0
zc,TA301,2012-06-29 09:01:40.657,7176.0000,192458,-2,0.0000,4.0000,1,3,空平,B,7174.0000,0.0000,0.0000,0.0000,0.0000,7176.0000,0.0000,0.0000,0.0000,0.0000,125,0,0,0,0,34,0,0,0,0
zc,TA301,2012-06-29 09:01:41.407,7174.0000,192456,-2,0.0000,2.0000,0,2,双平,S,7174.0000,0.0000,0.0000,0.0000,0.0000,7176.0000,0.0000,0.0000,0.0000,0.0000,124,0,0,0,0,40,0,0,0,0
zc,TA301,2012-06-29 09:01:42.173,7176.0000,192280,-176,0.0000,192.0000,8,184,空平,B,7176.0000,0.0000,0.0000,0.0000,0.0000,7178.0000,0.0000,0.0000,0.0000,0.0000,5,0,0,0,0,46,0,0,0,0
zc,TA301,2012-06-29 09:01:42.687,7176.0000,192280,0,0.0000,2.0000,1,1,多换,B,7176.0000,0.0000,0.0000,0.0000,0.0000,7178.0000,0.0000,0.0000,0.0000,0.0000,4,0,0,0,0,46,0,0,0,0
zc,TA301,2012-06-29 09:01:43.173,7178.0000,192280,0,0.0000,2.0000,1,1,多换,B,7176.0000,0.0000,0.0000,0.0000,0.0000,7178.0000,0.0000,0.0000,0.0000,0.0000,12,0,0,0,0,41,0,0,0,0
zc,TA301,2012-06-29 09:01:43.640,7178.0000,192280,0,0.0000,0.0000,0,0,多换,B,7176.0000,0.0000,0.0000,0.0000,0.0000,7178.0000,0.0000,0.0000,0.0000,0.0000,16,0,0,0,0,41,0,0,0,0
zc,TA301,2012-06-29 09:01:44.423,7176.0000,192268,-12,0.0000,30.0000,9,21,多平,S,7176.0000,0.0000,0.0000,0.0000,0.0000,7178.0000,0.0000,0.0000,0.0000,0.0000,5,0,0,0,0,42,0,0,0,0
zc,TA301,2012-06-29 09:01:44.907,7174.0000,192272,4,0.0000,46.0000,25,21,空开,S,7174.0000,0.0000,0.0000,0.0000,0.0000,7178.0000,0.0000,0.0000,0.0000,0.0000,115,0,0,0,0,44,0,0,0,0
zc,TA301,2012-06-29 09:01:45.673,7178.0000,192272,0,0.0000,2.0000,1,1,多换,B,7174.0000,0.0000,0.0000,0.0000,0.0000,7176.0000,0.0000,0.0000,0.0000,0.0000,115,0,0,0,0,52,0,0,0,0
zc,TA301,2012-06-29 09:01:46.173,7178.0000,192280,8,0.0000,10.0000,9,1,多开,B,7174.0000,0.0000,0.0000,0.0000,0.0000,7176.0000,0.0000,0.0000,0.0000,0.0000,115,0,0,0,0,57,0,0,0,0
zc,TA301,2012-06-29 09:01:46.890,7176.0000,192286,6,0.0000,6.0000,6,0,双开,S,7174.0000,0.0000,0.0000,0.0000,0.0000,7176.0000,0.0000,0.0000,0.0000,0.0000,117,0,0,0,0,54,0,0,0,0
zc,TA301,2012-06-29 09:01:47.390,7176.0000,192292,6,0.0000,6.0000,6,0,双开,S,7174.0000,0.0000,0.0000,0.0000,0.0000,7176.0000,0.0000,0.0000,0.0000,0.0000,117,0,0,0,0,52,0,0,0,0
zc,TA301,2012-06-29 09:01:48.140,7174.0000,192108,-184,0.0000,202.0000,9,193,多平,S,7174.0000,0.0000,0.0000,0.0000,0.0000,7176.0000,0.0000,0.0000,0.0000,0.0000,17,0,0,0,0,66,0,0,0,0
zc,TA301,2012-06-29 09:01:48.657,7176.0000,192132,24,0.0000,24.0000,24,0,双开,B,7174.0000,0.0000,0.0000,0.0000,0.0000,7176.0000,0.0000,0.0000,0.0000,0.0000,17,0,0,0,0,54,0,0,0,0
zc,TA301,2012-06-29 09:01:49.407,7176.0000,192170,38,0.0000,48.0000,43,5,多开,B,7174.0000,0.0000,0.0000,0.0000,0.0000,7176.0000,0.0000,0.0000,0.0000,0.0000,11,0,0,0,0,39,0,0,0,0
zc,TA301,2012-06-29 09:01:49.877,7176.0000,192174,4,0.0000,4.0000,4,0,双开,B,7174.0000,0.0000,0.0000,0.0000,0.0000,7176.0000,0.0000,0.0000,0.0000,0.0000,11,0,0,0,0,37,0,0,0,0
zc,TA301,2012-06-29 09:01:50.890,7174.0000,192204,30,0.0000,42.0000,36,6,空开,S,7172.0000,0.0000,0.0000,0.0000,0.0000,7176.0000,0.0000,0.0000,0.0000,0.0000,245,0,0,0,0,39,0,0,0,0
zc,TA301,2012-06-29 09:01:51.390,7172.0000,192214,10,0.0000,54.0000,32,22,空开,S,7172.0000,0.0000,0.0000,0.0000,0.0000,7174.0000,0.0000,0.0000,0.0000,0.0000,213,0,0,0,0,4,0,0,0,0
zc,TA301,2012-06-29 09:01:52.157,7174.0000,192214,0,0.0000,8.0000,4,4,多换,B,7174.0000,0.0000,0.0000,0.0000,0.0000,7176.0000,0.0000,0.0000,0.0000,0.0000,1,0,0,0,0,41,0,0,0,0
zc,TA301,2012-06-29 09:01:52.673,7172.0000,192210,-4,0.0000,22.0000,9,13,多平,S,7174.0000,0.0000,0.0000,0.0000,0.0000,7176.0000,0.0000,0.0000,0.0000,0.0000,1,0,0,0,0,41,0,0,0,0
zc,TA301,2012-06-29 09:01:53.937,7172.0000,192210,0,0.0000,0.0000,0,0,空换,S,7174.0000,0.0000,0.0000,0.0000,0.0000,7176.0000,0.0000,0.0000,0.0000,0.0000,2,0,0,0,0,42,0,0,0,0
zc,TA301,2012-06-29 09:01:54.437,7172.0000,192210,0,0.0000,0.0000,0,0,空换,S,7174.0000,0.0000,0.0000,0.0000,0.0000,7176.0000,0.0000,0.0000,0.0000,0.0000,3,0,0,0,0,44,0,0,0,0
zc,TA301,2012-06-29 09:01:54.953,7174.0000,192234,24,0.0000,44.0000,34,10,多开,B,7172.0000,0.0000,0.0000,0.0000,0.0000,7174.0000,0.0000,0.0000,0.0000,0.0000,207,0,0,0,0,11,0,0,0,0
zc,TA301,2012-06-29 09:01:55.890,7176.0000,192262,28,0.0000,82.0000,55,27,多开,B,7176.0000,0.0000,0.0000,0.0000,0.0000,7178.0000,0.0000,0.0000,0.0000,0.0000,62,0,0,0,0,59,0,0,0,0
zc,TA301,2012-06-29 09:01:56.657,7176.0000,192264,2,0.0000,8.0000,5,3,多开,B,7176.0000,0.0000,0.0000,0.0000,0.0000,7178.0000,0.0000,0.0000,0.0000,0.0000,61,0,0,0,0,56,0,0,0,0
zc,TA301,2012-06-29 09:01:56.890,7176.0000,192264,0,0.0000,4.0000,2,2,多换,B,7176.0000,0.0000,0.0000,0.0000,0.0000,7178.0000,0.0000,0.0000,0.0000,0.0000,59,0,0,0,0,55,0,0,0,0
zc,TA301,2012-06-29 09:01:57.687,7176.0000,192284,20,0.0000,118.0000,69,49,多开,B,7174.0000,0.0000,0.0000,0.0000,0.0000,7176.0000,0.0000,0.0000,0.0000,0.0000,16,0,0,0,0,3,0,0,0,0
zc,TA301,2012-06-29 09:01:58.237,7176.0000,192284,0,0.0000,0.0000,0,0,多换,B,7174.0000,0.0000,0.0000,0.0000,0.0000,7176.0000,0.0000,0.0000,0.0000,0.0000,17,0,0,0,0,6,0,0,0,0
zc,TA301,2012-06-29 09:01:58.953,7174.0000,192288,4,0.0000,10.0000,7,3,空开,S,7172.0000,0.0000,0.0000,0.0000,0.0000,7174.0000,0.0000,0.0000,0.0000,0.0000,166,0,0,0,0,3,0,0,0,0
zc,TA301,2012-06-29 09:01:59.377,7174.0000,192294,6,0.0000,6.0000,6,0,双开,S,7172.0000,0.0000,0.0000,0.0000,0.0000,7174.0000,0.0000,0.0000,0.0000,0.0000,166,0,0,0,0,6,0,0,0,0
zc,TA301,2012-06-29 09:02:00.127,7174.0000,192296,2,0.0000,4.0000,3,1,空开,S,7172.0000,0.0000,0.0000,0.0000,0.0000,7174.0000,0.0000,0.0000,0.0000,0.0000,166,0,0,0,0,4,0,0,0,0
zc,TA301,2012-06-29 09:02:00.673,7174.0000,192304,8,0.0000,8.0000,8,0,双开,S,7172.0000,0.0000,0.0000,0.0000,0.0000,7176.0000,0.0000,0.0000,0.0000,0.0000,166,0,0,0,0,25,0,0,0,0
zc,TA301,2012-06-29 09:02:01.407,7174.0000,192306,2,0.0000,4.0000,3,1,空开,S,7172.0000,0.0000,0.0000,0.0000,0.0000,7174.0000,0.0000,0.0000,0.0000,0.0000,172,0,0,0,0,31,0,0,0,0
zc,TA301,2012-06-29 09:02:01.890,7172.0000,192082,-224,0.0000,324.0000,50,274,多平,S,7170.0000,0.0000,0.0000,0.0000,0.0000,7172.0000,0.0000,0.0000,0.0000,0.0000,206,0,0,0,0,148,0,0,0,0
zc,TA301,2012-06-29 09:02:02.423,7174.0000,192094,12,0.0000,308.0000,160,148,多开,B,7172.0000,0.0000,0.0000,0.0000,0.0000,7174.0000,0.0000,0.0000,0.0000,0.0000,52,0,0,0,0,33,0,0,0,0
zc,TA301,2012-06-29 09:02:03.127,7174.0000,192094,0,0.0000,4.0000,2,2,多换,B,7172.0000,0.0000,0.0000,0.0000,0.0000,7174.0000,0.0000,0.0000,0.0000,0.0000,51,0,0,0,0,50,0,0,0,0
zc,TA301,2012-06-29 09:02:03.673,7174.0000,192092,-2,0.0000,6.0000,2,4,空平,B,7172.0000,0.0000,0.0000,0.0000,0.0000,7174.0000,0.0000,0.0000,0.0000,0.0000,51,0,0,0,0,72,0,0,0,0
zc,TA301,2012-06-29 09:02:04.390,7174.0000,192090,-2,0.0000,10.0000,4,6,空平,B,7172.0000,0.0000,0.0000,0.0000,0.0000,7174.0000,0.0000,0.0000,0.0000,0.0000,47,0,0,0,0,72,0,0,0,0
zc,TA301,2012-06-29 09:02:04.937,7172.0000,192090,0,0.0000,8.0000,4,4,空换,S,7172.0000,0.0000,0.0000,0.0000,0.0000,7174.0000,0.0000,0.0000,0.0000,0.0000,44,0,0,0,0,72,0,0,0,0
zc,TA301,2012-06-29 09:02:05.390,7172.0000,192090,0,0.0000,34.0000,17,17,空换,S,7172.0000,0.0000,0.0000,0.0000,0.0000,7174.0000,0.0000,0.0000,0.0000,0.0000,33,0,0,0,0,155,0,0,0,0
zc,TA301,2012-06-29 09:02:05.937,7172.0000,192078,-12,0.0000,66.0000,27,39,多平,S,7170.0000,0.0000,0.0000,0.0000,0.0000,7174.0000,0.0000,0.0000,0.0000,0.0000,201,0,0,0,0,128,0,0,0,0
zc,TA301,2012-06-29 09:02:06.610,7172.0000,192078,0,0.0000,0.0000,0,0,空换,S,7170.0000,0.0000,0.0000,0.0000,0.0000,7172.0000,0.0000,0.0000,0.0000,0.0000,201,0,0,0,0,2,0,0,0,0
zc,TA301,2012-06-29 09:02:07.110,7170.0000,192084,6,0.0000,6.0000,6,0,双开,S,7170.0000,0.0000,0.0000,0.0000,0.0000,7172.0000,0.0000,0.0000,0.0000,0.0000,198,0,0,0,0,4,0,0,0,0
zc,TA301,2012-06-29 09:02:08.377,7172.0000,192084,0,0.0000,8.0000,4,4,多换,B,7170.0000,0.0000,0.0000,0.0000,0.0000,7172.0000,0.0000,0.0000,0.0000,0.0000,196,0,0,0,0,2,0,0,0,0
zc,TA301,2012-06-29 09:02:09.173,7170.0000,192084,0,0.0000,24.0000,12,12,空换,S,7170.0000,0.0000,0.0000,0.0000,0.0000,7172.0000,0.0000,0.0000,0.0000,0.0000,195,0,0,0,0,2,0,0,0,0
zc,TA301,2012-06-29 09:02:09.657,7170.0000,192086,2,0.0000,6.0000,4,2,空开,S,7170.0000,0.0000,0.0000,0.0000,0.0000,7172.0000,0.0000,0.0000,0.0000,0.0000,216,0,0,0,0,1,0,0,0,0
zc,TA301,2012-06-29 09:02:10.187,7170.0000,192088,2,0.0000,4.0000,3,1,空开,S,7170.0000,0.0000,0.0000,0.0000,0.0000,7172.0000,0.0000,0.0000,0.0000,0.0000,192,0,0,0,0,48,0,0,0,0
zc,TA301,2012-06-29 09:02:10.907,7172.0000,192042,-46,0.0000,112.0000,33,79,空平,B,7170.0000,0.0000,0.0000,0.0000,0.0000,7172.0000,0.0000,0.0000,0.0000,0.0000,167,0,0,0,0,17,0,0,0,0
zc,TA301,2012-06-29 09:02:11.407,7172.0000,192040,-2,0.0000,18.0000,8,10,空平,B,7170.0000,0.0000,0.0000,0.0000,0.0000,7172.0000,0.0000,0.0000,0.0000,0.0000,167,0,0,0,0,9,0,0,0,0
zc,TA301,2012-06-29 09:02:12.127,7172.0000,192040,0,0.0000,0.0000,0,0,多换,B,7170.0000,0.0000,0.0000,0.0000,0.0000,7172.0000,0.0000,0.0000,0.0000,0.0000,170,0,0,0,0,9,0,0,0,0
zc,TA301,2012-06-29 09:02:12.640,7172.0000,192040,0,0.0000,2.0000,1,1,多换,B,7170.0000,0.0000,0.0000,0.0000,0.0000,7174.0000,0.0000,0.0000,0.0000,0.0000,170,0,0,0,0,35,0,0,0,0
zc,TA301,2012-06-29 09:02:13.360,7172.0000,192040,0,0.0000,2.0000,1,1,多换,B,7170.0000,0.0000,0.0000,0.0000,0.0000,7174.0000,0.0000,0.0000,0.0000,0.0000,170,0,0,0,0,34,0,0,0,0
zc,TA301,2012-06-29 09:02:13.937,7170.0000,192042,2,0.0000,4.0000,3,1,空开,S,7170.0000,0.0000,0.0000,0.0000,0.0000,7172.0000,0.0000,0.0000,0.0000,0.0000,168,0,0,0,0,1,0,0,0,0
zc,TA301,2012-06-29 09:02:14.390,7172.0000,192044,2,0.0000,4.0000,3,1,多开,B,7172.0000,0.0000,0.0000,0.0000,0.0000,7174.0000,0.0000,0.0000,0.0000,0.0000,3,0,0,0,0,34,0,0,0,0
zc,TA301,2012-06-29 09:02:14.890,7170.0000,192044,0,0.0000,28.0000,14,14,空换,S,7170.0000,0.0000,0.0000,0.0000,0.0000,7174.0000,0.0000,0.0000,0.0000,0.0000,169,0,0,0,0,32,0,0,0,0
zc,TA301,2012-06-29 09:02:15.627,7170.0000,192042,-2,0.0000,6.0000,2,4,多平,S,7170.0000,0.0000,0.0000,0.0000,0.0000,7172.0000,0.0000,0.0000,0.0000,0.0000,156,0,0,0,0,1,0,0,0,0
zc,TA301,2012-06-29 09:02:16.173,7172.0000,192042,0,0.0000,2.0000,1,1,多换,B,7172.0000,0.0000,0.0000,0.0000,0.0000,7174.0000,0.0000,0.0000,0.0000,0.0000,20,0,0,0,0,30,0,0,0,0
zc,TA301,2012-06-29 09:02:16.907,7174.0000,192078,36,0.0000,86.0000,61,25,多开,B,7174.0000,0.0000,0.0000,0.0000,0.0000,7176.0000,0.0000,0.0000,0.0000,0.0000,270,0,0,0,0,18,0,0,0,0
zc,TA301,2012-06-29 09:02:17.593,7174.0000,192078,0,0.0000,126.0000,63,63,多换,B,7174.0000,0.0000,0.0000,0.0000,0.0000,7176.0000,0.0000,0.0000,0.0000,0.0000,207,0,0,0,0,18,0,0,0,0
zc,TA301,2012-06-29 09:02:17.907,7174.0000,192080,2,0.0000,90.0000,46,44,多开,B,7174.0000,0.0000,0.0000,0.0000,0.0000,7176.0000,0.0000,0.0000,0.0000,0.0000,162,0,0,0,0,17,0,0,0,0
zc,TA301,2012-06-29 09:02:18.657,7174.0000,192082,2,0.0000,74.0000,38,36,多开,B,7174.0000,0.0000,0.0000,0.0000,0.0000,7176.0000,0.0000,0.0000,0.0000,0.0000,125,0,0,0,0,55,0,0,0,0
zc,TA301,2012-06-29 09:02:19.140,7174.0000,192086,4,0.0000,8.0000,6,2,多开,B,7174.0000,0.0000,0.0000,0.0000,0.0000,7176.0000,0.0000,0.0000,0.0000,0.0000,109,0,0,0,0,53,0,0,0,0
zc,TA301,2012-06-29 09:02:19.890,7174.0000,192110,24,0.0000,26.0000,25,1,多开,B,7174.0000,0.0000,0.0000,0.0000,0.0000,7176.0000,0.0000,0.0000,0.0000,0.0000,97,0,0,0,0,43,0,0,0,0
zc,TA301,2012-06-29 09:02:20.127,7174.0000,192120,10,0.0000,196.0000,103,93,多开,B,7172.0000,0.0000,0.0000,0.0000,0.0000,7174.0000,0.0000,0.0000,0.0000,0.0000,22,0,0,0,0,133,0,0,0,0
zc,TA301,2012-06-29 09:02:21.360,7174.0000,192118,-2,0.0000,4.0000,1,3,空平,B,7172.0000,0.0000,0.0000,0.0000,0.0000,7174.0000,0.0000,0.0000,0.0000,0.0000,21,0,0,0,0,133,0,0,0,0
zc,TA301,2012-06-29 09:02:22.127,7174.0000,192118,0,0.0000,2.0000,1,1,多换,B,7172.0000,0.0000,0.0000,0.0000,0.0000,7174.0000,0.0000,0.0000,0.0000,0.0000,22,0,0,0,0,132,0,0,0,0
zc,TA301,2012-06-29 09:02:22.627,7174.0000,192118,0,0.0000,0.0000,0,0,多换,B,7172.0000,0.0000,0.0000,0.0000,0.0000,7174.0000,0.0000,0.0000,0.0000,0.0000,22,0,0,0,0,137,0,0,0,0
zc,TA301,2012-06-29 09:02:23.093,7172.0000,192124,6,0.0000,6.0000,6,0,双开,S,7172.0000,0.0000,0.0000,0.0000,0.0000,7174.0000,0.0000,0.0000,0.0000,0.0000,19,0,0,0,0,147,0,0,0,0
zc,TA301,2012-06-29 09:02:23.877,7172.0000,192142,18,0.0000,18.0000,18,0,双开,S,7172.0000,0.0000,0.0000,0.0000,0.0000,7174.0000,0.0000,0.0000,0.0000,0.0000,10,0,0,0,0,156,0,0,0,0
zc,TA301,2012-06-29 09:02:24.110,7172.0000,192142,0,0.0000,0.0000,0,0,空换,S,7172.0000,0.0000,0.0000,0.0000,0.0000,7174.0000,0.0000,0.0000,0.0000,0.0000,15,0,0,0,0,156,0,0,0,0
zc,TA301,2012-06-29 09:02:24.877,7172.0000,192154,12,0.0000,52.0000,32,20,空开,S,7172.0000,0.0000,0.0000,0.0000,0.0000,7174.0000,0.0000,0.0000,0.0000,0.0000,9,0,0,0,0,136,0,0,0,0
zc,TA301,2012-06-29 09:02:25.657,7172.0000,192154,0,0.0000,0.0000,0,0,空换,S,7172.0000,0.0000,0.0000,0.0000,0.0000,7174.0000,0.0000,0.0000,0.0000,0.0000,11,0,0,0,0,137,0,0,0,0
zc,TA301,2012-06-29 09:02:26.110,7174.0000,192138,-16,0.0000,18.0000,1,17,空平,B,7172.0000,0.0000,0.0000,0.0000,0.0000,7174.0000,0.0000,0.0000,0.0000,0.0000,23,0,0,0,0,129,0,0,0,0
zc,TA301,2012-06-29 09:02:26.627,7172.0000,192172,34,0.0000,70.0000,52,18,空开,S,7170.0000,0.0000,0.0000,0.0000,0.0000,7172.0000,0.0000,0.0000,0.0000,0.0000,167,0,0,0,0,75,0,0,0,0
zc,TA301,2012-06-29 09:02:27.187,7172.0000,192174,2,0.0000,2.0000,2,0,双开,S,7170.0000,0.0000,0.0000,0.0000,0.0000,7172.0000,0.0000,0.0000,0.0000,0.0000,269,0,0,0,0,76,0,0,0,0
zc,TA301,2012-06-29 09:02:27.860,7172.0000,192176,2,0.0000,2.0000,2,0,双开,S,7170.0000,0.0000,0.0000,0.0000,0.0000,7172.0000,0.0000,0.0000,0.0000,0.0000,269,0,0,0,0,76,0,0,0,0
zc,TA301,2012-06-29 09:02:28.377,7172.0000,192188,12,0.0000,12.0000,12,0,双开,S,7170.0000,0.0000,0.0000,0.0000,0.0000,7172.0000,0.0000,0.0000,0.0000,0.0000,264,0,0,0,0,100,0,0,0,0
zc,TA301,2012-06-29 09:02:28.907,7172.0000,192190,2,0.0000,2.0000,2,0,双开,S,7170.0000,0.0000,0.0000,0.0000,0.0000,7172.0000,0.0000,0.0000,0.0000,0.0000,264,0,0,0,0,100,0,0,0,0
zc,TA301,2012-06-29 09:02:29.657,7172.0000,192194,4,0.0000,4.0000,4,0,双开,S,7170.0000,0.0000,0.0000,0.0000,0.0000,7172.0000,0.0000,0.0000,0.0000,0.0000,264,0,0,0,0,98,0,0,0,0
zc,TA301,2012-06-29 09:02:30.860,7170.0000,192216,22,0.0000,28.0000,25,3,空开,S,7170.0000,0.0000,0.0000,0.0000,0.0000,7172.0000,0.0000,0.0000,0.0000,0.0000,257,0,0,0,0,92,0,0,0,0
zc,TA301,2012-06-29 09:02:31.390,7170.0000,192216,0,0.0000,2.0000,1,1,空换,S,7170.0000,0.0000,0.0000,0.0000,0.0000,7172.0000,0.0000,0.0000,0.0000,0.0000,257,0,0,0,0,93,0,0,0,0
zc,TA301,2012-06-29 09:02:32.127,7170.0000,192236,20,0.0000,20.0000,20,0,双开,S,7170.0000,0.0000,0.0000,0.0000,0.0000,7172.0000,0.0000,0.0000,0.0000,0.0000,248,0,0,0,0,93,0,0,0,0
zc,TA301,2012-06-29 09:02:32.627,7172.0000,192246,10,0.0000,24.0000,17,7,多开,B,7170.0000,0.0000,0.0000,0.0000,0.0000,7172.0000,0.0000,0.0000,0.0000,0.0000,238,0,0,0,0,87,0,0,0,0
zc,TA301,2012-06-29 09:02:33.110,7172.0000,192306,60,0.0000,122.0000,91,31,多开,B,7170.0000,0.0000,0.0000,0.0000,0.0000,7172.0000,0.0000,0.0000,0.0000,0.0000,169,0,0,0,0,86,0,0,0,0
zc,TA301,2012-06-29 09:02:33.877,7170.0000,192314,8,0.0000,14.0000,11,3,空开,S,7170.0000,0.0000,0.0000,0.0000,0.0000,7172.0000,0.0000,0.0000,0.0000,0.0000,151,0,0,0,0,87,0,0,0,0
zc,TA301,2012-06-29 09:02:34.390,7172.0000,192320,6,0.0000,6.0000,6,0,双开,B,7170.0000,0.0000,0.0000,0.0000,0.0000,7172.0000,0.0000,0.0000,0.0000,0.0000,150,0,0,0,0,84,0,0,0,0
zc,TA301,2012-06-29 09:02:35.110,7172.0000,192336,16,0.0000,24.0000,20,4,多开,B,7170.0000,0.0000,0.0000,0.0000,0.0000,7172.0000,0.0000,0.0000,0.0000,0.0000,169,0,0,0,0,76,0,0,0,0
zc,TA301,2012-06-29 09:02:35.907,7172.0000,192470,134,0.0000,152.0000,143,9,多开,B,7170.0000,0.0000,0.0000,0.0000,0.0000,7174.0000,0.0000,0.0000,0.0000,0.0000,97,0,0,0,0,126,0,0,0,0
zc,TA301,2012-06-29 09:02:36.673,7172.0000,192480,10,0.0000,10.0000,10,0,双开,B,7172.0000,0.0000,0.0000,0.0000,0.0000,7174.0000,0.0000,0.0000,0.0000,0.0000,32,0,0,0,0,126,0,0,0,0
zc,TA301,2012-06-29 09:02:37.157,7172.0000,192480,0,0.0000,0.0000,0,0,多换,B,7172.0000,0.0000,0.0000,0.0000,0.0000,7174.0000,0.0000,0.0000,0.0000,0.0000,27,0,0,0,0,126,0,0,0,0
zc,TA301,2012-06-29 09:02:37.923,7174.0000,192482,2,0.0000,6.0000,4,2,多开,B,7172.0000,0.0000,0.0000,0.0000,0.0000,7174.0000,0.0000,0.0000,0.0000,0.0000,42,0,0,0,0,124,0,0,0,0
zc,TA301,2012-06-29 09:02:38.140,7174.0000,192482,0,0.0000,0.0000,0,0,多换,B,7172.0000,0.0000,0.0000,0.0000,0.0000,7174.0000,0.0000,0.0000,0.0000,0.0000,38,0,0,0,0,146,0,0,0,0
zc,TA301,2012-06-29 09:02:38.860,7172.0000,192490,8,0.0000,14.0000,11,3,空开,S,7172.0000,0.0000,0.0000,0.0000,0.0000,7174.0000,0.0000,0.0000,0.0000,0.0000,31,0,0,0,0,146,0,0,0,0
zc,TA301,2012-06-29 09:02:39.407,7172.0000,192566,76,0.0000,86.0000,81,5,空开,S,7170.0000,0.0000,0.0000,0.0000,0.0000,7172.0000,0.0000,0.0000,0.0000,0.0000,68,0,0,0,0,4,0,0,0,0
zc,TA301,2012-06-29 09:02:39.860,7172.0000,192568,2,0.0000,2.0000,2,0,双开,S,7170.0000,0.0000,0.0000,0.0000,0.0000,7172.0000,0.0000,0.0000,0.0000,0.0000,68,0,0,0,0,3,0,0,0,0
zc,TA301,2012-06-29 09:02:40.923,7172.0000,192572,4,0.0000,4.0000,4,0,双开,S,7170.0000,0.0000,0.0000,0.0000,0.0000,7172.0000,0.0000,0.0000,0.0000,0.0000,83,0,0,0,0,47,0,0,0,0
zc,TA301,2012-06-29 09:02:41.407,7170.0000,192592,20,0.0000,20.0000,20,0,双开,S,7170.0000,0.0000,0.0000,0.0000,0.0000,7172.0000,0.0000,0.0000,0.0000,0.0000,81,0,0,0,0,24,0,0,0,0
zc,TA301,2012-06-29 09:02:42.157,7172.0000,192592,0,0.0000,4.0000,2,2,多换,B,7170.0000,0.0000,0.0000,0.0000,0.0000,7172.0000,0.0000,0.0000,0.0000,0.0000,92,0,0,0,0,7,0,0,0,0
zc,TA301,2012-06-29 09:02:42.657,7172.0000,192592,0,0.0000,0.0000,0,0,多换,B,7170.0000,0.0000,0.0000,0.0000,0.0000,7172.0000,0.0000,0.0000,0.0000,0.0000,92,0,0,0,0,9,0,0,0,0
zc,TA301,2012-06-29 09:02:43.377,7170.0000,192602,10,0.0000,12.0000,11,1,空开,S,7170.0000,0.0000,0.0000,0.0000,0.0000,7172.0000,0.0000,0.0000,0.0000,0.0000,86,0,0,0,0,10,0,0,0,0
zc,TA301,2012-06-29 09:02:43.937,7170.0000,192606,4,0.0000,6.0000,5,1,空开,S,7170.0000,0.0000,0.0000,0.0000,0.0000,7172.0000,0.0000,0.0000,0.0000,0.0000,83,0,0,0,0,25,0,0,0,0
zc,TA301,2012-06-29 09:02:44.673,7170.0000,192616,10,0.0000,12.0000,11,1,空开,S,7170.0000,0.0000,0.0000,0.0000,0.0000,7172.0000,0.0000,0.0000,0.0000,0.0000,78,0,0,0,0,26,0,0,0,0
zc,TA301,2012-06-29 09:02:44.877,7172.0000,192616,0,0.0000,6.0000,3,3,多换,B,7170.0000,0.0000,0.0000,0.0000,0.0000,7172.0000,0.0000,0.0000,0.0000,0.0000,77,0,0,0,0,28,0,0,0,0
zc,TA301,2012-06-29 09:02:45.627,7170.0000,192582,-34,0.0000,88.0000,27,61,多平,S,7170.0000,0.0000,0.0000,0.0000,0.0000,7172.0000,0.0000,0.0000,0.0000,0.0000,33,0,0,0,0,28,0,0,0,0
zc,TA301,2012-06-29 09:02:46.377,7172.0000,192582,0,0.0000,8.0000,4,4,多换,B,7170.0000,0.0000,0.0000,0.0000,0.0000,7172.0000,0.0000,0.0000,0.0000,0.0000,33,0,0,0,0,29,0,0,0,0
zc,TA301,2012-06-29 09:02:46.843,7172.0000,192582,0,0.0000,2.0000,1,1,多换,B,7170.0000,0.0000,0.0000,0.0000,0.0000,7172.0000,0.0000,0.0000,0.0000,0.0000,34,0,0,0,0,28,0,0,0,0
zc,TA301,2012-06-29 09:02:47.640,7172.0000,192582,0,0.0000,2.0000,1,1,多换,B,7170.0000,0.0000,0.0000,0.0000,0.0000,7172.0000,0.0000,0.0000,0.0000,0.0000,34,0,0,0,0,58,0,0,0,0
zc,TA301,2012-06-29 09:02:47.923,7172.0000,192656,74,0.0000,342.0000,208,134,多开,B,7172.0000,0.0000,0.0000,0.0000,0.0000,7174.0000,0.0000,0.0000,0.0000,0.0000,148,0,0,0,0,43,0,0,0,0
zc,TA301,2012-06-29 09:02:48.610,7174.0000,192656,0,0.0000,2.0000,1,1,多换,B,7172.0000,0.0000,0.0000,0.0000,0.0000,7174.0000,0.0000,0.0000,0.0000,0.0000,171,0,0,0,0,42,0,0,0,0
zc,TA301,2012-06-29 09:02:49.343,7172.0000,192656,0,0.0000,6.0000,3,3,空换,S,7172.0000,0.0000,0.0000,0.0000,0.0000,7174.0000,0.0000,0.0000,0.0000,0.0000,168,0,0,0,0,42,0,0,0,0
zc,TA301,2012-06-29 09:02:49.860,7174.0000,192692,36,0.0000,78.0000,57,21,多开,B,7172.0000,0.0000,0.0000,0.0000,0.0000,7174.0000,0.0000,0.0000,0.0000,0.0000,130,0,0,0,0,46,0,0,0,0
zc,TA301,2012-06-29 09:02:50.360,7172.0000,192692,0,0.0000,2.0000,1,1,空换,S,7172.0000,0.0000,0.0000,0.0000,0.0000,7174.0000,0.0000,0.0000,0.0000,0.0000,115,0,0,0,0,46,0,0,0,0
zc,TA301,2012-06-29 09:02:50.877,7172.0000,192692,0,0.0000,6.0000,3,3,空换,S,7172.0000,0.0000,0.0000,0.0000,0.0000,7174.0000,0.0000,0.0000,0.0000,0.0000,113,0,0,0,0,39,0,0,0,0
zc,TA301,2012-06-29 09:02:51.627,7174.0000,192694,2,0.0000,4.0000,3,1,多开,B,7172.0000,0.0000,0.0000,0.0000,0.0000,7174.0000,0.0000,0.0000,0.0000,0.0000,112,0,0,0,0,38,0,0,0,0
zc,TA301,2012-06-29 09:02:52.377,7172.0000,192704,10,0.0000,10.0000,10,0,双开,S,7172.0000,0.0000,0.0000,0.0000,0.0000,7174.0000,0.0000,0.0000,0.0000,0.0000,107,0,0,0,0,31,0,0,0,0
zc,TA301,2012-06-29 09:02:52.890,7172.0000,192706,2,0.0000,4.0000,3,1,空开,S,7172.0000,0.0000,0.0000,0.0000,0.0000,7174.0000,0.0000,0.0000,0.0000,0.0000,107,0,0,0,0,30,0,0,0,0
zc,TA301,2012-06-29 09:02:53.360,7174.0000,192708,2,0.0000,2.0000,2,0,双开,B,7172.0000,0.0000,0.0000,0.0000,0.0000,7174.0000,0.0000,0.0000,0.0000,0.0000,108,0,0,0,0,29,0,0,0,0
zc,TA301,2012-06-29 09:02:54.627,7174.0000,192708,0,0.0000,0.0000,0,0,多换,B,7172.0000,0.0000,0.0000,0.0000,0.0000,7174.0000,0.0000,0.0000,0.0000,0.0000,108,0,0,0,0,33,0,0,0,0
zc,TA301,2012-06-29 09:02:55.110,7174.0000,192708,0,0.0000,0.0000,0,0,多换,B,7172.0000,0.0000,0.0000,0.0000,0.0000,7174.0000,0.0000,0.0000,0.0000,0.0000,109,0,0,0,0,35,0,0,0,0
zc,TA301,2012-06-29 09:02:55.593,7174.0000,192708,0,0.0000,0.0000,0,0,多换,B,7172.0000,0.0000,0.0000,0.0000,0.0000,7174.0000,0.0000,0.0000,0.0000,0.0000,110,0,0,0,0,34,0,0,0,0
zc,TA301,2012-06-29 09:02:56.360,7172.0000,192712,4,0.0000,14.0000,9,5,空开,S,7172.0000,0.0000,0.0000,0.0000,0.0000,7174.0000,0.0000,0.0000,0.0000,0.0000,109,0,0,0,0,28,0,0,0,0
zc,TA301,2012-06-29 09:02:56.907,7172.0000,192712,0,0.0000,0.0000,0,0,空换,S,7172.0000,0.0000,0.0000,0.0000,0.0000,7174.0000,0.0000,0.0000,0.0000,0.0000,109,0,0,0,0,41,0,0,0,0
zc,TA301,2012-06-29 09:02:57.343,7172.0000,192718,6,0.0000,30.0000,18,12,空开,S,7172.0000,0.0000,0.0000,0.0000,0.0000,7174.0000,0.0000,0.0000,0.0000,0.0000,107,0,0,0,0,36,0,0,0,0
zc,TA301,2012-06-29 09:02:58.093,7172.0000,192718,0,0.0000,0.0000,0,0,空换,S,7172.0000,0.0000,0.0000,0.0000,0.0000,7174.0000,0.0000,0.0000,0.0000,0.0000,107,0,0,0,0,35,0,0,0,0
zc,TA301,2012-06-29 09:02:58.640,7172.0000,192736,18,0.0000,20.0000,19,1,空开,S,7172.0000,0.0000,0.0000,0.0000,0.0000,7174.0000,0.0000,0.0000,0.0000,0.0000,98,0,0,0,0,35,0,0,0,0
zc,TA301,2012-06-29 09:02:59.377,7172.0000,192736,0,0.0000,0.0000,0,0,空换,S,7172.0000,0.0000,0.0000,0.0000,0.0000,7174.0000,0.0000,0.0000,0.0000,0.0000,98,0,0,0,0,131,0,0,0,0
zc,TA301,2012-06-29 09:02:59.627,7172.0000,192736,0,0.0000,0.0000,0,0,空换,S,7172.0000,0.0000,0.0000,0.0000,0.0000,7174.0000,0.0000,0.0000,0.0000,0.0000,100,0,0,0,0,131,0,0,0,0
zc,TA301,2012-06-29 09:03:00.687,7172.0000,192736,0,0.0000,0.0000,0,0,空换,S,7172.0000,0.0000,0.0000,0.0000,0.0000,7174.0000,0.0000,0.0000,0.0000,0.0000,103,0,0,0,0,135,0,0,0,0
zc,TA301,2012-06-29 09:03:01.187,7172.0000,192736,0,0.0000,100.0000,50,50,空换,S,7172.0000,0.0000,0.0000,0.0000,0.0000,7174.0000,0.0000,0.0000,0.0000,0.0000,53,0,0,0,0,145,0,0,0,0
zc,TA301,2012-06-29 09:03:01.907,7172.0000,192736,0,0.0000,2.0000,1,1,空换,S,7172.0000,0.0000,0.0000,0.0000,0.0000,7174.0000,0.0000,0.0000,0.0000,0.0000,52,0,0,0,0,145,0,0,0,0
zc,TA301,2012-06-29 09:03:02.377,7172.0000,192742,6,0.0000,28.0000,17,11,空开,S,7172.0000,0.0000,0.0000,0.0000,0.0000,7174.0000,0.0000,0.0000,0.0000,0.0000,44,0,0,0,0,142,0,0,0,0
zc,TA301,2012-06-29 09:03:02.890,7172.0000,192748,6,0.0000,6.0000,6,0,双开,S,7172.0000,0.0000,0.0000,0.0000,0.0000,7174.0000,0.0000,0.0000,0.0000,0.0000,41,0,0,0,0,141,0,0,0,0
zc,TA301,2012-06-29 09:03:03.627,7172.0000,192748,0,0.0000,12.0000,6,6,空换,S,7172.0000,0.0000,0.0000,0.0000,0.0000,7174.0000,0.0000,0.0000,0.0000,0.0000,36,0,0,0,0,141,0,0,0,0
zc,TA301,2012-06-29 09:03:04.173,7172.0000,192748,0,0.0000,0.0000,0,0,空换,S,7172.0000,0.0000,0.0000,0.0000,0.0000,7174.0000,0.0000,0.0000,0.0000,0.0000,48,0,0,0,0,141,0,0,0,0
zc,TA301,2012-06-29 09:03:04.877,7172.0000,192750,2,0.0000,2.0000,2,0,双开,S,7172.0000,0.0000,0.0000,0.0000,0.0000,7174.0000,0.0000,0.0000,0.0000,0.0000,47,0,0,0,0,141,0,0,0,0
zc,TA301,2012-06-29 09:03:05.890,7172.0000,192760,10,0.0000,10.0000,10,0,双开,S,7172.0000,0.0000,0.0000,0.0000,0.0000,7174.0000,0.0000,0.0000,0.0000,0.0000,42,0,0,0,0,141,0,0,0,0
zc,TA301,2012-06-29 09:03:07.173,7172.0000,192764,4,0.0000,36.0000,20,16,空开,S,7172.0000,0.0000,0.0000,0.0000,0.0000,7174.0000,0.0000,0.0000,0.0000,0.0000,26,0,0,0,0,131,0,0,0,0
zc,TA301,2012-06-29 09:03:07.937,7172.0000,192766,2,0.0000,2.0000,2,0,双开,S,7172.0000,0.0000,0.0000,0.0000,0.0000,7174.0000,0.0000,0.0000,0.0000,0.0000,13,0,0,0,0,131,0,0,0,0
zc,TA301,2012-06-29 09:03:08.453,7172.0000,192766,0,0.0000,2.0000,1,1,空换,S,7172.0000,0.0000,0.0000,0.0000,0.0000,7174.0000,0.0000,0.0000,0.0000,0.0000,22,0,0,0,0,131,0,0,0,0
zc,TA301,2012-06-29 09:03:09.110,7172.0000,192766,0,0.0000,0.0000,0,0,空换,S,7172.0000,0.0000,0.0000,0.0000,0.0000,7174.0000,0.0000,0.0000,0.0000,0.0000,23,0,0,0,0,131,0,0,0,0
zc,TA301,2012-06-29 09:03:09.377,7172.0000,192766,0,0.0000,0.0000,0,0,空换,S,7172.0000,0.0000,0.0000,0.0000,0.0000,7174.0000,0.0000,0.0000,0.0000,0.0000,35,0,0,0,0,131,0,0,0,0
zc,TA301,2012-06-29 09:03:10.423,7172.0000,192766,0,0.0000,0.0000,0,0,空换,S,7172.0000,0.0000,0.0000,0.0000,0.0000,7174.0000,0.0000,0.0000,0.0000,0.0000,36,0,0,0,0,131,0,0,0,0
zc,TA301,2012-06-29 09:03:10.890,7172.0000,192768,2,0.0000,2.0000,2,0,双开,S,7172.0000,0.0000,0.0000,0.0000,0.0000,7174.0000,0.0000,0.0000,0.0000,0.0000,35,0,0,0,0,131,0,0,0,0
zc,TA301,2012-06-29 09:03:11.343,7172.0000,192768,0,0.0000,0.0000,0,0,空换,S,7172.0000,0.0000,0.0000,0.0000,0.0000,7174.0000,0.0000,0.0000,0.0000,0.0000,47,0,0,0,0,131,0,0,0,0
zc,TA301,2012-06-29 09:03:11.877,7172.0000,192768,0,0.0000,2.0000,1,1,空换,S,7172.0000,0.0000,0.0000,0.0000,0.0000,7174.0000,0.0000,0.0000,0.0000,0.0000,49,0,0,0,0,131,0,0,0,0
zc,TA301,2012-06-29 09:03:12.640,7172.0000,192772,4,0.0000,8.0000,6,2,空开,S,7172.0000,0.0000,0.0000,0.0000,0.0000,7174.0000,0.0000,0.0000,0.0000,0.0000,46,0,0,0,0,134,0,0,0,0
zc,TA301,2012-06-29 09:03:13.140,7172.0000,192772,0,0.0000,0.0000,0,0,空换,S,7172.0000,0.0000,0.0000,0.0000,0.0000,7174.0000,0.0000,0.0000,0.0000,0.0000,46,0,0,0,0,142,0,0,0,0
zc,TA301,2012-06-29 09:03:13.627,7172.0000,192762,-10,0.0000,20.0000,5,15,多平,S,7172.0000,0.0000,0.0000,0.0000,0.0000,7174.0000,0.0000,0.0000,0.0000,0.0000,26,0,0,0,0,147,0,0,0,0
zc,TA301,2012-06-29 09:03:14.407,7172.0000,192762,0,0.0000,16.0000,8,8,空换,S,7172.0000,0.0000,0.0000,0.0000,0.0000,7174.0000,0.0000,0.0000,0.0000,0.0000,18,0,0,0,0,143,0,0,0,0
zc,TA301,2012-06-29 09:03:14.860,7174.0000,192762,0,0.0000,2.0000,1,1,多换,B,7172.0000,0.0000,0.0000,0.0000,0.0000,7174.0000,0.0000,0.0000,0.0000,0.0000,18,0,0,0,0,147,0,0,0,0
zc,TA301,2012-06-29 09:03:15.627,7172.0000,192766,4,0.0000,32.0000,18,14,空开,S,7172.0000,0.0000,0.0000,0.0000,0.0000,7174.0000,0.0000,0.0000,0.0000,0.0000,2,0,0,0,0,147,0,0,0,0
zc,TA301,2012-06-29 09:03:16.140,7172.0000,192766,0,0.0000,6.0000,3,3,空换,S,7170.0000,0.0000,0.0000,0.0000,0.0000,7174.0000,0.0000,0.0000,0.0000,0.0000,132,0,0,0,0,147,0,0,0,0
zc,TA301,2012-06-29 09:03:16.877,7172.0000,192766,0,0.0000,0.0000,0,0,空换,S,7170.0000,0.0000,0.0000,0.0000,0.0000,7172.0000,0.0000,0.0000,0.0000,0.0000,133,0,0,0,0,3,0,0,0,0
zc,TA301,2012-06-29 09:03:17.377,7172.0000,192766,0,0.0000,10.0000,5,5,空换,S,7170.0000,0.0000,0.0000,0.0000,0.0000,7172.0000,0.0000,0.0000,0.0000,0.0000,133,0,0,0,0,1,0,0,0,0
zc,TA301,2012-06-29 09:03:18.140,7174.0000,192774,8,0.0000,12.0000,10,2,多开,B,7172.0000,0.0000,0.0000,0.0000,0.0000,7174.0000,0.0000,0.0000,0.0000,0.0000,15,0,0,0,0,133,0,0,0,0
zc,TA301,2012-06-29 09:03:18.360,7174.0000,192774,0,0.0000,0.0000,0,0,多换,B,7172.0000,0.0000,0.0000,0.0000,0.0000,7174.0000,0.0000,0.0000,0.0000,0.0000,32,0,0,0,0,133,0,0,0,0
zc,TA301,2012-06-29 09:03:19.127,7172.0000,192774,0,0.0000,16.0000,8,8,空换,S,7172.0000,0.0000,0.0000,0.0000,0.0000,7174.0000,0.0000,0.0000,0.0000,0.0000,24,0,0,0,0,133,0,0,0,0
zc,TA301,2012-06-29 09:03:19.890,7172.0000,192772,-2,0.0000,6.0000,2,4,多平,S,7172.0000,0.0000,0.0000,0.0000,0.0000,7174.0000,0.0000,0.0000,0.0000,0.0000,22,0,0,0,0,147,0,0,0,0
zc,TA301,2012-06-29 09:03:20.377,7172.0000,192778,6,0.0000,14.0000,10,4,空开,S,7172.0000,0.0000,0.0000,0.0000,0.0000,7174.0000,0.0000,0.0000,0.0000,0.0000,15,0,0,0,0,144,0,0,0,0
zc,TA301,2012-06-29 09:03:21.173,7172.0000,192784,6,0.0000,10.0000,8,2,空开,S,7172.0000,0.0000,0.0000,0.0000,0.0000,7174.0000,0.0000,0.0000,0.0000,0.0000,16,0,0,0,0,145,0,0,0,0
zc,TA301,2012-06-29 09:03:21.390,7172.0000,192784,0,0.0000,2.0000,1,1,空换,S,7172.0000,0.0000,0.0000,0.0000,0.0000,7174.0000,0.0000,0.0000,0.0000,0.0000,15,0,0,0,0,152,0,0,0,0
zc,TA301,2012-06-29 09:03:22.640,7172.0000,192782,-2,0.0000,2.0000,0,2,双平,S,7172.0000,0.0000,0.0000,0.0000,0.0000,7174.0000,0.0000,0.0000,0.0000,0.0000,14,0,0,0,0,144,0,0,0,0
zc,TA301,2012-06-29 09:03:23.360,7172.0000,192782,0,0.0000,0.0000,0,0,空换,S,7172.0000,0.0000,0.0000,0.0000,0.0000,7174.0000,0.0000,0.0000,0.0000,0.0000,16,0,0,0,0,136,0,0,0,0
zc,TA301,2012-06-29 09:03:23.860,7172.0000,192756,-26,0.0000,42.0000,8,34,多平,S,7172.0000,0.0000,0.0000,0.0000,0.0000,7174.0000,0.0000,0.0000,0.0000,0.0000,12,0,0,0,0,136,0,0,0,0
zc,TA301,2012-06-29 09:03:25.127,7172.0000,192756,0,0.0000,2.0000,1,1,空换,S,7172.0000,0.0000,0.0000,0.0000,0.0000,7174.0000,0.0000,0.0000,0.0000,0.0000,12,0,0,0,0,141,0,0,0,0
zc,TA301,2012-06-29 09:03:25.627,7172.0000,192734,-22,0.0000,26.0000,2,24,多平,S,7170.0000,0.0000,0.0000,0.0000,0.0000,7172.0000,0.0000,0.0000,0.0000,0.0000,143,0,0,0,0,89,0,0,0,0
zc,TA301,2012-06-29 09:03:26.423,7172.0000,192734,0,0.0000,0.0000,0,0,空换,S,7170.0000,0.0000,0.0000,0.0000,0.0000,7172.0000,0.0000,0.0000,0.0000,0.0000,142,0,0,0,0,90,0,0,0,0
zc,TA301,2012-06-29 09:03:26.877,7172.0000,192732,-2,0.0000,2.0000,0,2,双平,S,7170.0000,0.0000,0.0000,0.0000,0.0000,7172.0000,0.0000,0.0000,0.0000,0.0000,142,0,0,0,0,89,0,0,0,0
zc,TA301,2012-06-29 09:03:27.360,7172.0000,192732,0,0.0000,0.0000,0,0,空换,S,7170.0000,0.0000,0.0000,0.0000,0.0000,7172.0000,0.0000,0.0000,0.0000,0.0000,142,0,0,0,0,94,0,0,0,0
zc,TA301,2012-06-29 09:03:27.843,7172.0000,192732,0,0.0000,22.0000,11,11,空换,S,7170.0000,0.0000,0.0000,0.0000,0.0000,7172.0000,0.0000,0.0000,0.0000,0.0000,143,0,0,0,0,114,0,0,0,0
zc,TA301,2012-06-29 09:03:28.657,7172.0000,192732,0,0.0000,0.0000,0,0,空换,S,7170.0000,0.0000,0.0000,0.0000,0.0000,7172.0000,0.0000,0.0000,0.0000,0.0000,143,0,0,0,0,122,0,0,0,0
zc,TA301,2012-06-29 09:03:30.360,7172.0000,192730,-2,0.0000,2.0000,0,2,双平,S,7170.0000,0.0000,0.0000,0.0000,0.0000,7172.0000,0.0000,0.0000,0.0000,0.0000,143,0,0,0,0,121,0,0,0,0
zc,TA301,2012-06-29 09:03:30.923,7172.0000,192730,0,0.0000,0.0000,0,0,空换,S,7170.0000,0.0000,0.0000,0.0000,0.0000,7172.0000,0.0000,0.0000,0.0000,0.0000,143,0,0,0,0,132,0,0,0,0
zc,TA301,2012-06-29 09:03:31.640,7172.0000,192730,0,0.0000,2.0000,1,1,空换,S,7170.0000,0.0000,0.0000,0.0000,0.0000,7172.0000,0.0000,0.0000,0.0000,0.0000,144,0,0,0,0,131,0,0,0,0
zc,TA301,2012-06-29 09:03:32.173,7172.0000,192730,0,0.0000,0.0000,0,0,空换,S,7170.0000,0.0000,0.0000,0.0000,0.0000,7172.0000,0.0000,0.0000,0.0000,0.0000,144,0,0,0,0,133,0,0,0,0
zc,TA301,2012-06-29 09:03:32.673,7172.0000,192730,0,0.0000,0.0000,0,0,空换,S,7170.0000,0.0000,0.0000,0.0000,0.0000,7172.0000,0.0000,0.0000,0.0000,0.0000,142,0,0,0,0,133,0,0,0,0
zc,TA301,2012-06-29 09:03:33.093,7170.0000,192730,0,0.0000,12.0000,6,6,空换,S,7170.0000,0.0000,0.0000,0.0000,0.0000,7172.0000,0.0000,0.0000,0.0000,0.0000,139,0,0,0,0,127,0,0,0,0
zc,TA301,2012-06-29 09:03:34.377,7170.0000,192732,2,0.0000,2.0000,2,0,双开,S,7170.0000,0.0000,0.0000,0.0000,0.0000,7172.0000,0.0000,0.0000,0.0000,0.0000,128,0,0,0,0,127,0,0,0,0
zc,TA301,2012-06-29 09:03:34.877,7170.0000,192744,12,0.0000,12.0000,12,0,双开,S,7170.0000,0.0000,0.0000,0.0000,0.0000,7172.0000,0.0000,0.0000,0.0000,0.0000,122,0,0,0,0,127,0,0,0,0
zc,TA301,2012-06-29 09:03:35.610,7170.0000,192748,4,0.0000,12.0000,8,4,空开,S,7170.0000,0.0000,0.0000,0.0000,0.0000,7172.0000,0.0000,0.0000,0.0000,0.0000,116,0,0,0,0,137,0,0,0,0
zc,TA301,2012-06-29 09:03:36.127,7170.0000,192748,0,0.0000,10.0000,5,5,空换,S,7170.0000,0.0000,0.0000,0.0000,0.0000,7172.0000,0.0000,0.0000,0.0000,0.0000,111,0,0,0,0,137,0,0,0,0
zc,TA301,2012-06-29 09:03:36.877,7170.0000,192748,0,0.0000,14.0000,7,7,空换,S,7170.0000,0.0000,0.0000,0.0000,0.0000,7172.0000,0.0000,0.0000,0.0000,0.0000,104,0,0,0,0,137,0,0,0,0
zc,TA301,2012-06-29 09:03:37.407,7170.0000,192752,4,0.0000,4.0000,4,0,双开,S,7170.0000,0.0000,0.0000,0.0000,0.0000,7172.0000,0.0000,0.0000,0.0000,0.0000,102,0,0,0,0,137,0,0,0,0
zc,TA301,2012-06-29 09:03:38.127,7170.0000,192842,90,0.0000,90.0000,90,0,双开,S,7170.0000,0.0000,0.0000,0.0000,0.0000,7172.0000,0.0000,0.0000,0.0000,0.0000,58,0,0,0,0,137,0,0,0,0
zc,TA301,2012-06-29 09:03:38.407,7170.0000,192842,0,0.0000,8.0000,4,4,空换,S,7170.0000,0.0000,0.0000,0.0000,0.0000,7172.0000,0.0000,0.0000,0.0000,0.0000,74,0,0,0,0,137,0,0,0,0
zc,TA301,2012-06-29 09:03:39.377,7170.0000,192942,100,0.0000,104.0000,102,2,空开,S,7170.0000,0.0000,0.0000,0.0000,0.0000,7172.0000,0.0000,0.0000,0.0000,0.0000,22,0,0,0,0,137,0,0,0,0
zc,TA301,2012-06-29 09:03:39.627,7170.0000,192948,6,0.0000,12.0000,9,3,空开,S,7170.0000,0.0000,0.0000,0.0000,0.0000,7172.0000,0.0000,0.0000,0.0000,0.0000,16,0,0,0,0,139,0,0,0,0
zc,TA301,2012-06-29 09:03:40.437,7170.0000,192980,32,0.0000,32.0000,32,0,双开,S,7168.0000,0.0000,0.0000,0.0000,0.0000,7170.0000,0.0000,0.0000,0.0000,0.0000,46,0,0,0,0,29,0,0,0,0
zc,TA301,2012-06-29 09:03:41.157,7170.0000,192980,0,0.0000,0.0000,0,0,空换,S,7168.0000,0.0000,0.0000,0.0000,0.0000,7170.0000,0.0000,0.0000,0.0000,0.0000,45,0,0,0,0,30,0,0,0,0
zc,TA301,2012-06-29 09:03:41.640,7170.0000,192980,0,0.0000,4.0000,2,2,空换,S,7168.0000,0.0000,0.0000,0.0000,0.0000,7170.0000,0.0000,0.0000,0.0000,0.0000,44,0,0,0,0,46,0,0,0,0
zc,TA301,2012-06-29 09:03:42.423,7168.0000,193006,26,0.0000,28.0000,27,1,空开,S,7168.0000,0.0000,0.0000,0.0000,0.0000,7170.0000,0.0000,0.0000,0.0000,0.0000,38,0,0,0,0,44,0,0,0,0
zc,TA301,2012-06-29 09:03:43.127,7168.0000,192900,-106,0.0000,248.0000,71,177,多平,S,7168.0000,0.0000,0.0000,0.0000,0.0000,7170.0000,0.0000,0.0000,0.0000,0.0000,26,0,0,0,0,88,0,0,0,0
zc,TA301,2012-06-29 09:03:43.640,7168.0000,192932,32,0.0000,66.0000,49,17,空开,S,7166.0000,0.0000,0.0000,0.0000,0.0000,7168.0000,0.0000,0.0000,0.0000,0.0000,89,0,0,0,0,58,0,0,0,0
zc,TA301,2012-06-29 09:03:44.390,7168.0000,192932,0,0.0000,0.0000,0,0,空换,S,7166.0000,0.0000,0.0000,0.0000,0.0000,7168.0000,0.0000,0.0000,0.0000,0.0000,89,0,0,0,0,68,0,0,0,0
zc,TA301,2012-06-29 09:03:44.877,7168.0000,192932,0,0.0000,0.0000,0,0,空换,S,7166.0000,0.0000,0.0000,0.0000,0.0000,7168.0000,0.0000,0.0000,0.0000,0.0000,88,0,0,0,0,68,0,0,0,0
zc,TA301,2012-06-29 09:03:45.720,7166.0000,192902,-30,0.0000,42.0000,6,36,多平,S,7166.0000,0.0000,0.0000,0.0000,0.0000,7168.0000,0.0000,0.0000,0.0000,0.0000,70,0,0,0,0,121,0,0,0,0
zc,TA301,2012-06-29 09:03:46.360,7168.0000,192902,0,0.0000,36.0000,18,18,多换,B,7166.0000,0.0000,0.0000,0.0000,0.0000,7168.0000,0.0000,0.0000,0.0000,0.0000,62,0,0,0,0,67,0,0,0,0
zc,TA301,2012-06-29 09:03:46.907,7166.0000,192802,-100,0.0000,124.0000,12,112,多平,S,7164.0000,0.0000,0.0000,0.0000,0.0000,7168.0000,0.0000,0.0000,0.0000,0.0000,11,0,0,0,0,48,0,0,0,0
zc,TA301,2012-06-29 09:03:47.687,7164.0000,192794,-8,0.0000,12.0000,2,10,多平,S,7164.0000,0.0000,0.0000,0.0000,0.0000,7166.0000,0.0000,0.0000,0.0000,0.0000,5,0,0,0,0,8,0,0,0,0
zc,TA301,2012-06-29 09:03:48.203,7166.0000,192794,0,0.0000,2.0000,1,1,多换,B,7164.0000,0.0000,0.0000,0.0000,0.0000,7166.0000,0.0000,0.0000,0.0000,0.0000,20,0,0,0,0,14,0,0,0,0
zc,TA301,2012-06-29 09:03:48.877,7164.0000,192792,-2,0.0000,8.0000,3,5,多平,S,7164.0000,0.0000,0.0000,0.0000,0.0000,7166.0000,0.0000,0.0000,0.0000,0.0000,18,0,0,0,0,21,0,0,0,0
zc,TA301,2012-06-29 09:03:49.453,7164.0000,192790,-2,0.0000,20.0000,9,11,多平,S,7164.0000,0.0000,0.0000,0.0000,0.0000,7166.0000,0.0000,0.0000,0.0000,0.0000,8,0,0,0,0,23,0,0,0,0
zc,TA301,2012-06-29 09:03:49.923,7164.0000,192790,0,0.0000,16.0000,8,8,空换,S,7162.0000,0.0000,0.0000,0.0000,0.0000,7164.0000,0.0000,0.0000,0.0000,0.0000,10,0,0,0,0,93,0,0,0,0
zc,TA301,2012-06-29 09:03:50.657,7164.0000,192778,-12,0.0000,14.0000,1,13,多平,S,7162.0000,0.0000,0.0000,0.0000,0.0000,7164.0000,0.0000,0.0000,0.0000,0.0000,9,0,0,0,0,95,0,0,0,0
zc,TA301,2012-06-29 09:03:51.140,7164.0000,192776,-2,0.0000,2.0000,0,2,双平,S,7162.0000,0.0000,0.0000,0.0000,0.0000,7164.0000,0.0000,0.0000,0.0000,0.0000,7,0,0,0,0,96,0,0,0,0
zc,TA301,2012-06-29 09:03:51.657,7162.0000,192784,8,0.0000,12.0000,10,2,空开,S,7162.0000,0.0000,0.0000,0.0000,0.0000,7164.0000,0.0000,0.0000,0.0000,0.0000,3,0,0,0,0,98,0,0,0,0
zc,TA301,2012-06-29 09:03:52.657,7160.0000,192780,-4,0.0000,220.0000,108,112,多平,S,7160.0000,0.0000,0.0000,0.0000,0.0000,7162.0000,0.0000,0.0000,0.0000,0.0000,144,0,0,0,0,4,0,0,0,0
zc,TA301,2012-06-29 09:03:53.140,7164.0000,192736,-44,0.0000,60.0000,8,52,空平,B,7160.0000,0.0000,0.0000,0.0000,0.0000,7164.0000,0.0000,0.0000,0.0000,0.0000,122,0,0,0,0,94,0,0,0,0
zc,TA301,2012-06-29 09:03:53.890,7160.0000,192726,-10,0.0000,24.0000,7,17,多平,S,7160.0000,0.0000,0.0000,0.0000,0.0000,7164.0000,0.0000,0.0000,0.0000,0.0000,115,0,0,0,0,96,0,0,0,0
zc,TA301,2012-06-29 09:03:54.377,7164.0000,192724,-2,0.0000,6.0000,2,4,空平,B,7160.0000,0.0000,0.0000,0.0000,0.0000,7164.0000,0.0000,0.0000,0.0000,0.0000,113,0,0,0,0,94,0,0,0,0
zc,TA301,2012-06-29 09:03:55.173,7164.0000,192722,-2,0.0000,42.0000,20,22,空平,B,7160.0000,0.0000,0.0000,0.0000,0.0000,7162.0000,0.0000,0.0000,0.0000,0.0000,112,0,0,0,0,3,0,0,0,0
zc,TA301,2012-06-29 09:03:55.890,7160.0000,192724,2,0.0000,16.0000,9,7,空开,S,7160.0000,0.0000,0.0000,0.0000,0.0000,7162.0000,0.0000,0.0000,0.0000,0.0000,108,0,0,0,0,15,0,0,0,0
zc,TA301,2012-06-29 09:03:56.627,7160.0000,192710,-14,0.0000,16.0000,1,15,多平,S,7160.0000,0.0000,0.0000,0.0000,0.0000,7162.0000,0.0000,0.0000,0.0000,0.0000,103,0,0,0,0,15,0,0,0,0
zc,TA301,2012-06-29 09:03:57.157,7160.0000,192708,-2,0.0000,8.0000,3,5,多平,S,7160.0000,0.0000,0.0000,0.0000,0.0000,7162.0000,0.0000,0.0000,0.0000,0.0000,100,0,0,0,0,14,0,0,0,0
zc,TA301,2012-06-29 09:03:57.890,7160.0000,192692,-16,0.0000,56.0000,20,36,多平,S,7160.0000,0.0000,0.0000,0.0000,0.0000,7162.0000,0.0000,0.0000,0.0000,0.0000,74,0,0,0,0,15,0,0,0,0
zc,TA301,2012-06-29 09:03:58.437,7160.0000,192590,-102,0.0000,212.0000,55,157,多平,S,7158.0000,0.0000,0.0000,0.0000,0.0000,7160.0000,0.0000,0.0000,0.0000,0.0000,9,0,0,0,0,4,0,0,0,0
zc,TA301,2012-06-29 09:03:58.907,7162.0000,192622,32,0.0000,128.0000,80,48,多开,B,7162.0000,0.0000,0.0000,0.0000,0.0000,7164.0000,0.0000,0.0000,0.0000,0.0000,40,0,0,0,0,68,0,0,0,0
zc,TA301,2012-06-29 09:03:59.377,7164.0000,192626,4,0.0000,78.0000,41,37,多开,B,7162.0000,0.0000,0.0000,0.0000,0.0000,7164.0000,0.0000,0.0000,0.0000,0.0000,10,0,0,0,0,63,0,0,0,0
zc,TA301,2012-06-29 09:04:00.127,7162.0000,192628,2,0.0000,16.0000,9,7,空开,S,7162.0000,0.0000,0.0000,0.0000,0.0000,7164.0000,0.0000,0.0000,0.0000,0.0000,97,0,0,0,0,64,0,0,0,0
zc,TA301,2012-06-29 09:04:00.657,7162.0000,192608,-20,0.0000,28.0000,4,24,多平,S,7162.0000,0.0000,0.0000,0.0000,0.0000,7164.0000,0.0000,0.0000,0.0000,0.0000,83,0,0,0,0,62,0,0,0,0
zc,TA301,2012-06-29 09:04:01.407,7162.0000,192588,-20,0.0000,24.0000,2,22,多平,S,7162.0000,0.0000,0.0000,0.0000,0.0000,7164.0000,0.0000,0.0000,0.0000,0.0000,72,0,0,0,0,63,0,0,0,0
zc,TA301,2012-06-29 09:04:02.157,7160.0000,192408,-180,0.0000,200.0000,10,190,多平,S,7158.0000,0.0000,0.0000,0.0000,0.0000,7160.0000,0.0000,0.0000,0.0000,0.0000,75,0,0,0,0,5,0,0,0,0
zc,TA301,2012-06-29 09:04:02.657,7162.0000,192408,0,0.0000,18.0000,9,9,多换,B,7160.0000,0.0000,0.0000,0.0000,0.0000,7162.0000,0.0000,0.0000,0.0000,0.0000,15,0,0,0,0,188,0,0,0,0
zc,TA301,2012-06-29 09:04:03.407,7162.0000,192408,0,0.0000,34.0000,17,17,多换,B,7160.0000,0.0000,0.0000,0.0000,0.0000,7162.0000,0.0000,0.0000,0.0000,0.0000,9,0,0,0,0,191,0,0,0,0
zc,TA301,2012-06-29 09:04:03.877,7160.0000,192396,-12,0.0000,48.0000,18,30,多平,S,7160.0000,0.0000,0.0000,0.0000,0.0000,7162.0000,0.0000,0.0000,0.0000,0.0000,5,0,0,0,0,169,0,0,0,0
zc,TA301,2012-06-29 09:04:04.627,7160.0000,192392,-4,0.0000,10.0000,3,7,多平,S,7160.0000,0.0000,0.0000,0.0000,0.0000,7162.0000,0.0000,0.0000,0.0000,0.0000,36,0,0,0,0,169,0,0,0,0
zc,TA301,2012-06-29 09:04:05.127,7160.0000,192392,0,0.0000,6.0000,3,3,空换,S,7160.0000,0.0000,0.0000,0.0000,0.0000,7162.0000,0.0000,0.0000,0.0000,0.0000,33,0,0,0,0,169,0,0,0,0
zc,TA301,2012-06-29 09:04:05.877,7160.0000,192364,-28,0.0000,44.0000,8,36,多平,S,7160.0000,0.0000,0.0000,0.0000,0.0000,7162.0000,0.0000,0.0000,0.0000,0.0000,15,0,0,0,0,165,0,0,0,0
zc,TA301,2012-06-29 09:04:06.127,7160.0000,192364,0,0.0000,12.0000,6,6,空换,S,7160.0000,0.0000,0.0000,0.0000,0.0000,7162.0000,0.0000,0.0000,0.0000,0.0000,33,0,0,0,0,167,0,0,0,0
zc,TA301,2012-06-29 09:04:06.860,7160.0000,192364,0,0.0000,0.0000,0,0,空换,S,7160.0000,0.0000,0.0000,0.0000,0.0000,7162.0000,0.0000,0.0000,0.0000,0.0000,41,0,0,0,0,167,0,0,0,0
zc,TA301,2012-06-29 09:04:07.407,7160.0000,192358,-6,0.0000,20.0000,7,13,多平,S,7160.0000,0.0000,0.0000,0.0000,0.0000,7162.0000,0.0000,0.0000,0.0000,0.0000,40,0,0,0,0,170,0,0,0,0
zc,TA301,2012-06-29 09:04:08.140,7160.0000,192386,28,0.0000,104.0000,66,38,空开,S,7158.0000,0.0000,0.0000,0.0000,0.0000,7160.0000,0.0000,0.0000,0.0000,0.0000,74,0,0,0,0,72,0,0,0,0
zc,TA301,2012-06-29 09:04:08.657,7160.0000,192504,118,0.0000,190.0000,154,36,空开,S,7158.0000,0.0000,0.0000,0.0000,0.0000,7162.0000,0.0000,0.0000,0.0000,0.0000,65,0,0,0,0,173,0,0,0,0
zc,TA301,2012-06-29 09:04:09.687,7160.0000,192504,0,0.0000,2.0000,1,1,空换,S,7160.0000,0.0000,0.0000,0.0000,0.0000,7162.0000,0.0000,0.0000,0.0000,0.0000,1,0,0,0,0,173,0,0,0,0
zc,TA301,2012-06-29 09:04:09.860,7158.0000,192492,-12,0.0000,18.0000,3,15,多平,S,7158.0000,0.0000,0.0000,0.0000,0.0000,7162.0000,0.0000,0.0000,0.0000,0.0000,58,0,0,0,0,173,0,0,0,0
zc,TA301,2012-06-29 09:04:10.907,7158.0000,192492,0,0.0000,0.0000,0,0,空换,S,7160.0000,0.0000,0.0000,0.0000,0.0000,7162.0000,0.0000,0.0000,0.0000,0.0000,2,0,0,0,0,173,0,0,0,0
zc,TA301,2012-06-29 09:04:11.453,7160.0000,192492,0,0.0000,20.0000,10,10,多换,B,7158.0000,0.0000,0.0000,0.0000,0.0000,7160.0000,0.0000,0.0000,0.0000,0.0000,57,0,0,0,0,3,0,0,0,0
zc,TA301,2012-06-29 09:04:12.127,7158.0000,192496,4,0.0000,6.0000,5,1,空开,S,7158.0000,0.0000,0.0000,0.0000,0.0000,7160.0000,0.0000,0.0000,0.0000,0.0000,56,0,0,0,0,2,0,0,0,0
zc,TA301,2012-06-29 09:04:12.640,7160.0000,192500,4,0.0000,46.0000,25,21,多开,B,7160.0000,0.0000,0.0000,0.0000,0.0000,7162.0000,0.0000,0.0000,0.0000,0.0000,81,0,0,0,0,133,0,0,0,0
zc,TA301,2012-06-29 09:04:13.407,7162.0000,192500,0,0.0000,2.0000,1,1,多换,B,7160.0000,0.0000,0.0000,0.0000,0.0000,7162.0000,0.0000,0.0000,0.0000,0.0000,88,0,0,0,0,128,0,0,0,0
zc,TA301,2012-06-29 09:04:13.890,7158.0000,192540,40,0.0000,242.0000,141,101,空开,S,7158.0000,0.0000,0.0000,0.0000,0.0000,7160.0000,0.0000,0.0000,0.0000,0.0000,81,0,0,0,0,5,0,0,0,0
zc,TA301,2012-06-29 09:04:14.673,7158.0000,192542,2,0.0000,20.0000,11,9,空开,S,7158.0000,0.0000,0.0000,0.0000,0.0000,7160.0000,0.0000,0.0000,0.0000,0.0000,73,0,0,0,0,9,0,0,0,0
zc,TA301,2012-06-29 09:04:15.157,7160.0000,192586,44,0.0000,78.0000,61,17,多开,B,7160.0000,0.0000,0.0000,0.0000,0.0000,7162.0000,0.0000,0.0000,0.0000,0.0000,4,0,0,0,0,125,0,0,0,0
zc,TA301,2012-06-29 09:04:15.907,7158.0000,192588,2,0.0000,4.0000,3,1,空开,S,7158.0000,0.0000,0.0000,0.0000,0.0000,7160.0000,0.0000,0.0000,0.0000,0.0000,45,0,0,0,0,2,0,0,0,0
zc,TA301,2012-06-29 09:04:16.407,7160.0000,192640,52,0.0000,144.0000,98,46,多开,B,7160.0000,0.0000,0.0000,0.0000,0.0000,7162.0000,0.0000,0.0000,0.0000,0.0000,35,0,0,0,0,125,0,0,0,0
zc,TA301,2012-06-29 09:04:17.127,7160.0000,192684,44,0.0000,58.0000,51,7,多开,B,7160.0000,0.0000,0.0000,0.0000,0.0000,7162.0000,0.0000,0.0000,0.0000,0.0000,16,0,0,0,0,126,0,0,0,0
zc,TA301,2012-06-29 09:04:17.877,7160.0000,192686,2,0.0000,6.0000,4,2,多开,B,7160.0000,0.0000,0.0000,0.0000,0.0000,7162.0000,0.0000,0.0000,0.0000,0.0000,16,0,0,0,0,126,0,0,0,0
zc,TA301,2012-06-29 09:04:18.110,7160.0000,192686,0,0.0000,2.0000,1,1,多换,B,7160.0000,0.0000,0.0000,0.0000,0.0000,7162.0000,0.0000,0.0000,0.0000,0.0000,15,0,0,0,0,126,0,0,0,0
zc,TA301,2012-06-29 09:04:18.907,7160.0000,192652,-34,0.0000,44.0000,5,39,空平,B,7158.0000,0.0000,0.0000,0.0000,0.0000,7160.0000,0.0000,0.0000,0.0000,0.0000,43,0,0,0,0,8,0,0,0,0
zc,TA301,2012-06-29 09:04:19.377,7160.0000,192642,-10,0.0000,18.0000,4,14,空平,B,7160.0000,0.0000,0.0000,0.0000,0.0000,7162.0000,0.0000,0.0000,0.0000,0.0000,10,0,0,0,0,126,0,0,0,0
zc,TA301,2012-06-29 09:04:20.140,7160.0000,192644,2,0.0000,4.0000,3,1,多开,B,7160.0000,0.0000,0.0000,0.0000,0.0000,7162.0000,0.0000,0.0000,0.0000,0.0000,32,0,0,0,0,126,0,0,0,0
zc,TA301,2012-06-29 09:04:20.610,7160.0000,192648,4,0.0000,18.0000,11,7,多开,B,7160.0000,0.0000,0.0000,0.0000,0.0000,7162.0000,0.0000,0.0000,0.0000,0.0000,12,0,0,0,0,126,0,0,0,0
zc,TA301,2012-06-29 09:04:21.377,7160.0000,192652,4,0.0000,6.0000,5,1,多开,B,7160.0000,0.0000,0.0000,0.0000,0.0000,7162.0000,0.0000,0.0000,0.0000,0.0000,16,0,0,0,0,128,0,0,0,0
zc,TA301,2012-06-29 09:04:21.907,7160.0000,192670,18,0.0000,54.0000,36,18,多开,B,7158.0000,0.0000,0.0000,0.0000,0.0000,7160.0000,0.0000,0.0000,0.0000,0.0000,38,0,0,0,0,4,0,0,0,0
zc,TA301,2012-06-29 09:04:22.640,7160.0000,192682,12,0.0000,16.0000,14,2,多开,B,7160.0000,0.0000,0.0000,0.0000,0.0000,7162.0000,0.0000,0.0000,0.0000,0.0000,2,0,0,0,0,120,0,0,0,0
zc,TA301,2012-06-29 09:04:23.187,7160.0000,192692,10,0.0000,24.0000,17,7,多开,B,7160.0000,0.0000,0.0000,0.0000,0.0000,7162.0000,0.0000,0.0000,0.0000,0.0000,11,0,0,0,0,294,0,0,0,0
zc,TA301,2012-06-29 09:04:23.657,7162.0000,192692,0,0.0000,4.0000,2,2,多换,B,7160.0000,0.0000,0.0000,0.0000,0.0000,7162.0000,0.0000,0.0000,0.0000,0.0000,14,0,0,0,0,293,0,0,0,0
zc,TA301,2012-06-29 09:04:24.390,7160.0000,192706,14,0.0000,14.0000,14,0,双开,S,7160.0000,0.0000,0.0000,0.0000,0.0000,7162.0000,0.0000,0.0000,0.0000,0.0000,12,0,0,0,0,293,0,0,0,0
zc,TA301,2012-06-29 09:04:24.877,7160.0000,192700,-6,0.0000,22.0000,8,14,多平,S,7160.0000,0.0000,0.0000,0.0000,0.0000,7162.0000,0.0000,0.0000,0.0000,0.0000,13,0,0,0,0,284,0,0,0,0
zc,TA301,2012-06-29 09:04:25.657,7162.0000,192706,6,0.0000,28.0000,17,11,多开,B,7160.0000,0.0000,0.0000,0.0000,0.0000,7162.0000,0.0000,0.0000,0.0000,0.0000,17,0,0,0,0,277,0,0,0,0
zc,TA301,2012-06-29 09:04:26.157,7160.0000,192692,-14,0.0000,18.0000,2,16,多平,S,7160.0000,0.0000,0.0000,0.0000,0.0000,7162.0000,0.0000,0.0000,0.0000,0.0000,32,0,0,0,0,269,0,0,0,0
zc,TA301,2012-06-29 09:04:26.877,7160.0000,192684,-8,0.0000,24.0000,8,16,多平,S,7160.0000,0.0000,0.0000,0.0000,0.0000,7162.0000,0.0000,0.0000,0.0000,0.0000,43,0,0,0,0,263,0,0,0,0
zc,TA301,2012-06-29 09:04:27.390,7160.0000,192690,6,0.0000,60.0000,33,27,空开,S,7160.0000,0.0000,0.0000,0.0000,0.0000,7162.0000,0.0000,0.0000,0.0000,0.0000,43,0,0,0,0,236,0,0,0,0
zc,TA301,2012-06-29 09:04:28.157,7162.0000,192694,4,0.0000,116.0000,60,56,多开,B,7160.0000,0.0000,0.0000,0.0000,0.0000,7162.0000,0.0000,0.0000,0.0000,0.0000,28,0,0,0,0,225,0,0,0,0
zc,TA301,2012-06-29 09:04:28.640,7160.0000,192852,158,0.0000,174.0000,166,8,空开,S,7158.0000,0.0000,0.0000,0.0000,0.0000,7160.0000,0.0000,0.0000,0.0000,0.0000,54,0,0,0,0,157,0,0,0,0
zc,TA301,2012-06-29 09:04:29.140,7160.0000,192868,16,0.0000,16.0000,16,0,双开,S,7158.0000,0.0000,0.0000,0.0000,0.0000,7160.0000,0.0000,0.0000,0.0000,0.0000,59,0,0,0,0,156,0,0,0,0
zc,TA301,2012-06-29 09:04:29.890,7160.0000,192898,30,0.0000,230.0000,130,100,空开,S,7158.0000,0.0000,0.0000,0.0000,0.0000,7160.0000,0.0000,0.0000,0.0000,0.0000,63,0,0,0,0,62,0,0,0,0
zc,TA301,2012-06-29 09:04:30.377,7158.0000,192906,8,0.0000,30.0000,19,11,空开,S,7158.0000,0.0000,0.0000,0.0000,0.0000,7160.0000,0.0000,0.0000,0.0000,0.0000,51,0,0,0,0,57,0,0,0,0
zc,TA301,2012-06-29 09:04:31.127,7158.0000,192928,22,0.0000,38.0000,30,8,空开,S,7158.0000,0.0000,0.0000,0.0000,0.0000,7160.0000,0.0000,0.0000,0.0000,0.0000,53,0,0,0,0,45,0,0,0,0
zc,TA301,2012-06-29 09:04:31.627,7160.0000,192962,34,0.0000,38.0000,36,2,多开,B,7158.0000,0.0000,0.0000,0.0000,0.0000,7160.0000,0.0000,0.0000,0.0000,0.0000,44,0,0,0,0,27,0,0,0,0
zc,TA301,2012-06-29 09:04:32.360,7160.0000,193000,38,0.0000,76.0000,57,19,多开,B,7158.0000,0.0000,0.0000,0.0000,0.0000,7160.0000,0.0000,0.0000,0.0000,0.0000,62,0,0,0,0,163,0,0,0,0
zc,TA301,2012-06-29 09:04:32.890,7160.0000,193002,2,0.0000,34.0000,18,16,多开,B,7158.0000,0.0000,0.0000,0.0000,0.0000,7160.0000,0.0000,0.0000,0.0000,0.0000,52,0,0,0,0,153,0,0,0,0
zc,TA301,2012-06-29 09:04:33.627,7158.0000,193000,-2,0.0000,54.0000,26,28,多平,S,7158.0000,0.0000,0.0000,0.0000,0.0000,7160.0000,0.0000,0.0000,0.0000,0.0000,86,0,0,0,0,141,0,0,0,0
zc,TA301,2012-06-29 09:04:33.890,7160.0000,192980,-20,0.0000,20.0000,0,20,双平,B,7158.0000,0.0000,0.0000,0.0000,0.0000,7160.0000,0.0000,0.0000,0.0000,0.0000,76,0,0,0,0,133,0,0,0,0
zc,TA301,2012-06-29 09:04:34.610,7160.0000,192958,-22,0.0000,30.0000,4,26,空平,B,7158.0000,0.0000,0.0000,0.0000,0.0000,7160.0000,0.0000,0.0000,0.0000,0.0000,62,0,0,0,0,121,0,0,0,0
zc,TA301,2012-06-29 09:04:35.390,7160.0000,192950,-8,0.0000,8.0000,0,8,双平,B,7158.0000,0.0000,0.0000,0.0000,0.0000,7160.0000,0.0000,0.0000,0.0000,0.0000,47,0,0,0,0,117,0,0,0,0
zc,TA301,2012-06-29 09:04:35.877,7158.0000,192966,16,0.0000,26.0000,21,5,空开,S,7158.0000,0.0000,0.0000,0.0000,0.0000,7160.0000,0.0000,0.0000,0.0000,0.0000,26,0,0,0,0,118,0,0,0,0
zc,TA301,2012-06-29 09:04:36.640,7158.0000,192940,-26,0.0000,60.0000,17,43,多平,S,7156.0000,0.0000,0.0000,0.0000,0.0000,7158.0000,0.0000,0.0000,0.0000,0.0000,73,0,0,0,0,13,0,0,0,0
zc,TA301,2012-06-29 09:04:37.173,7158.0000,192940,0,0.0000,2.0000,1,1,空换,S,7156.0000,0.0000,0.0000,0.0000,0.0000,7158.0000,0.0000,0.0000,0.0000,0.0000,83,0,0,0,0,62,0,0,0,0
zc,TA301,2012-06-29 09:04:37.627,7158.0000,192940,0,0.0000,16.0000,8,8,空换,S,7156.0000,0.0000,0.0000,0.0000,0.0000,7158.0000,0.0000,0.0000,0.0000,0.0000,83,0,0,0,0,54,0,0,0,0
zc,TA301,2012-06-29 09:04:38.127,7158.0000,193020,80,0.0000,110.0000,95,15,空开,S,7156.0000,0.0000,0.0000,0.0000,0.0000,7160.0000,0.0000,0.0000,0.0000,0.0000,86,0,0,0,0,115,0,0,0,0
zc,TA301,2012-06-29 09:04:38.860,7156.0000,193016,-4,0.0000,10.0000,3,7,多平,S,7156.0000,0.0000,0.0000,0.0000,0.0000,7160.0000,0.0000,0.0000,0.0000,0.0000,84,0,0,0,0,115,0,0,0,0
zc,TA301,2012-06-29 09:04:39.360,7160.0000,193014,-2,0.0000,6.0000,2,4,空平,B,7156.0000,0.0000,0.0000,0.0000,0.0000,7160.0000,0.0000,0.0000,0.0000,0.0000,82,0,0,0,0,114,0,0,0,0
zc,TA301,2012-06-29 09:04:40.640,7156.0000,193014,0,0.0000,42.0000,21,21,空换,S,7156.0000,0.0000,0.0000,0.0000,0.0000,7160.0000,0.0000,0.0000,0.0000,0.0000,72,0,0,0,0,103,0,0,0,0
zc,TA301,2012-06-29 09:04:41.140,7156.0000,193020,6,0.0000,8.0000,7,1,空开,S,7156.0000,0.0000,0.0000,0.0000,0.0000,7160.0000,0.0000,0.0000,0.0000,0.0000,70,0,0,0,0,108,0,0,0,0
zc,TA301,2012-06-29 09:04:41.860,7156.0000,193020,0,0.0000,4.0000,2,2,空换,S,7156.0000,0.0000,0.0000,0.0000,0.0000,7160.0000,0.0000,0.0000,0.0000,0.0000,68,0,0,0,0,108,0,0,0,0
zc,TA301,2012-06-29 09:04:42.453,7158.0000,193018,-2,0.0000,4.0000,1,3,空平,B,7158.0000,0.0000,0.0000,0.0000,0.0000,7160.0000,0.0000,0.0000,0.0000,0.0000,2,0,0,0,0,129,0,0,0,0
zc,TA301,2012-06-29 09:04:43.127,7158.0000,193018,0,0.0000,2.0000,1,1,多换,B,7158.0000,0.0000,0.0000,0.0000,0.0000,7160.0000,0.0000,0.0000,0.0000,0.0000,1,0,0,0,0,129,0,0,0,0
zc,TA301,2012-06-29 09:04:43.390,7158.0000,193018,0,0.0000,2.0000,1,1,多换,B,7156.0000,0.0000,0.0000,0.0000,0.0000,7158.0000,0.0000,0.0000,0.0000,0.0000,49,0,0,0,0,5,0,0,0,0
zc,TA301,2012-06-29 09:04:44.110,7158.0000,193024,6,0.0000,6.0000,6,0,双开,B,7156.0000,0.0000,0.0000,0.0000,0.0000,7158.0000,0.0000,0.0000,0.0000,0.0000,49,0,0,0,0,2,0,0,0,0
zc,TA301,2012-06-29 09:04:44.627,7158.0000,193026,2,0.0000,2.0000,2,0,双开,B,7156.0000,0.0000,0.0000,0.0000,0.0000,7158.0000,0.0000,0.0000,0.0000,0.0000,50,0,0,0,0,1,0,0,0,0
zc,TA301,2012-06-29 09:04:45.140,7158.0000,193026,0,0.0000,0.0000,0,0,多换,B,7156.0000,0.0000,0.0000,0.0000,0.0000,7158.0000,0.0000,0.0000,0.0000,0.0000,50,0,0,0,0,13,0,0,0,0
zc,TA301,2012-06-29 09:04:46.377,7156.0000,193030,4,0.0000,4.0000,4,0,双开,S,7156.0000,0.0000,0.0000,0.0000,0.0000,7160.0000,0.0000,0.0000,0.0000,0.0000,49,0,0,0,0,136,0,0,0,0
zc,TA301,2012-06-29 09:04:47.140,7156.0000,193030,0,0.0000,8.0000,4,4,空换,S,7158.0000,0.0000,0.0000,0.0000,0.0000,7160.0000,0.0000,0.0000,0.0000,0.0000,10,0,0,0,0,140,0,0,0,0
zc,TA301,2012-06-29 09:04:47.657,7158.0000,193036,6,0.0000,14.0000,10,4,多开,B,7158.0000,0.0000,0.0000,0.0000,0.0000,7160.0000,0.0000,0.0000,0.0000,0.0000,208,0,0,0,0,157,0,0,0,0
zc,TA301,2012-06-29 09:04:48.157,7158.0000,193040,4,0.0000,14.0000,9,5,多开,B,7158.0000,0.0000,0.0000,0.0000,0.0000,7160.0000,0.0000,0.0000,0.0000,0.0000,215,0,0,0,0,154,0,0,0,0
zc,TA301,2012-06-29 09:04:49.360,7158.0000,193040,0,0.0000,2.0000,1,1,多换,B,7158.0000,0.0000,0.0000,0.0000,0.0000,7160.0000,0.0000,0.0000,0.0000,0.0000,214,0,0,0,0,184,0,0,0,0
zc,TA301,2012-06-29 09:04:49.640,7160.0000,193040,0,0.0000,12.0000,6,6,多换,B,7158.0000,0.0000,0.0000,0.0000,0.0000,7160.0000,0.0000,0.0000,0.0000,0.0000,215,0,0,0,0,178,0,0,0,0
zc,TA301,2012-06-29 09:04:50.390,7158.0000,193048,8,0.0000,12.0000,10,2,空开,S,7158.0000,0.0000,0.0000,0.0000,0.0000,7160.0000,0.0000,0.0000,0.0000,0.0000,211,0,0,0,0,158,0,0,0,0
zc,TA301,2012-06-29 09:04:51.140,7160.0000,193048,0,0.0000,20.0000,10,10,多换,B,7158.0000,0.0000,0.0000,0.0000,0.0000,7160.0000,0.0000,0.0000,0.0000,0.0000,213,0,0,0,0,153,0,0,0,0
zc,TA301,2012-06-29 09:04:51.360,7160.0000,193048,0,0.0000,34.0000,17,17,多换,B,7158.0000,0.0000,0.0000,0.0000,0.0000,7160.0000,0.0000,0.0000,0.0000,0.0000,204,0,0,0,0,141,0,0,0,0
zc,TA301,2012-06-29 09:04:52.093,7160.0000,193044,-4,0.0000,6.0000,1,5,空平,B,7158.0000,0.0000,0.0000,0.0000,0.0000,7160.0000,0.0000,0.0000,0.0000,0.0000,204,0,0,0,0,138,0,0,0,0
zc,TA301,2012-06-29 09:04:52.627,7160.0000,193030,-14,0.0000,38.0000,12,26,空平,B,7158.0000,0.0000,0.0000,0.0000,0.0000,7160.0000,0.0000,0.0000,0.0000,0.0000,205,0,0,0,0,120,0,0,0,0
zc,TA301,2012-06-29 09:04:53.360,7160.0000,193028,-2,0.0000,74.0000,36,38,空平,B,7158.0000,0.0000,0.0000,0.0000,0.0000,7160.0000,0.0000,0.0000,0.0000,0.0000,205,0,0,0,0,85,0,0,0,0
zc,TA301,2012-06-29 09:04:53.627,7160.0000,193028,0,0.0000,122.0000,61,61,多换,B,7158.0000,0.0000,0.0000,0.0000,0.0000,7160.0000,0.0000,0.0000,0.0000,0.0000,203,0,0,0,0,40,0,0,0,0
zc,TA301,2012-06-29 09:04:54.330,7160.0000,193060,32,0.0000,34.0000,33,1,多开,B,7158.0000,0.0000,0.0000,0.0000,0.0000,7160.0000,0.0000,0.0000,0.0000,0.0000,196,0,0,0,0,25,0,0,0,0
zc,TA301,2012-06-29 09:04:54.877,7160.0000,193088,28,0.0000,60.0000,44,16,多开,B,7158.0000,0.0000,0.0000,0.0000,0.0000,7160.0000,0.0000,0.0000,0.0000,0.0000,187,0,0,0,0,21,0,0,0,0
zc,TA301,2012-06-29 09:04:55.610,7160.0000,193104,16,0.0000,34.0000,25,9,多开,B,7158.0000,0.0000,0.0000,0.0000,0.0000,7160.0000,0.0000,0.0000,0.0000,0.0000,187,0,0,0,0,4,0,0,0,0
zc,TA301,2012-06-29 09:04:56.423,7160.0000,193112,8,0.0000,8.0000,8,0,双开,B,7160.0000,0.0000,0.0000,0.0000,0.0000,7162.0000,0.0000,0.0000,0.0000,0.0000,2,0,0,0,0,52,0,0,0,0
zc,TA301,2012-06-29 09:04:56.640,7160.0000,193110,-2,0.0000,18.0000,8,10,空平,B,7158.0000,0.0000,0.0000,0.0000,0.0000,7160.0000,0.0000,0.0000,0.0000,0.0000,179,0,0,0,0,26,0,0,0,0
zc,TA301,2012-06-29 09:04:57.390,7160.0000,193110,0,0.0000,16.0000,8,8,多换,B,7158.0000,0.0000,0.0000,0.0000,0.0000,7160.0000,0.0000,0.0000,0.0000,0.0000,175,0,0,0,0,23,0,0,0,0
zc,TA301,2012-06-29 09:04:57.860,7160.0000,193108,-2,0.0000,38.0000,18,20,空平,B,7158.0000,0.0000,0.0000,0.0000,0.0000,7160.0000,0.0000,0.0000,0.0000,0.0000,181,0,0,0,0,4,0,0,0,0
zc,TA301,2012-06-29 09:04:58.610,7158.0000,193108,0,0.0000,18.0000,9,9,空换,S,7158.0000,0.0000,0.0000,0.0000,0.0000,7162.0000,0.0000,0.0000,0.0000,0.0000,176,0,0,0,0,51,0,0,0,0
zc,TA301,2012-06-29 09:04:58.860,7158.0000,193108,0,0.0000,0.0000,0,0,空换,S,7160.0000,0.0000,0.0000,0.0000,0.0000,7162.0000,0.0000,0.0000,0.0000,0.0000,4,0,0,0,0,51,0,0,0,0
zc,TA301,2012-06-29 09:04:59.627,7160.0000,193104,-4,0.0000,24.0000,10,14,空平,B,7160.0000,0.0000,0.0000,0.0000,0.0000,7162.0000,0.0000,0.0000,0.0000,0.0000,3,0,0,0,0,51,0,0,0,0
zc,TA301,2012-06-29 09:05:00.127,7160.0000,193104,0,0.0000,2.0000,1,1,多换,B,7160.0000,0.0000,0.0000,0.0000,0.0000,7162.0000,0.0000,0.0000,0.0000,0.0000,2,0,0,0,0,51,0,0,0,0
zc,TA301,2012-06-29 09:05:00.877,7162.0000,193104,0,0.0000,22.0000,11,11,多换,B,7160.0000,0.0000,0.0000,0.0000,0.0000,7162.0000,0.0000,0.0000,0.0000,0.0000,2,0,0,0,0,40,0,0,0,0
zc,TA301,2012-06-29 09:05:01.610,7158.0000,193122,18,0.0000,20.0000,19,1,空开,S,7158.0000,0.0000,0.0000,0.0000,0.0000,7162.0000,0.0000,0.0000,0.0000,0.0000,169,0,0,0,0,40,0,0,0,0
zc,TA301,2012-06-29 09:05:02.140,7158.0000,193122,0,0.0000,2.0000,1,1,空换,S,7158.0000,0.0000,0.0000,0.0000,0.0000,7160.0000,0.0000,0.0000,0.0000,0.0000,175,0,0,0,0,5,0,0,0,0
zc,TA301,2012-06-29 09:05:02.877,7158.0000,193122,0,0.0000,0.0000,0,0,空换,S,7158.0000,0.0000,0.0000,0.0000,0.0000,7160.0000,0.0000,0.0000,0.0000,0.0000,169,0,0,0,0,8,0,0,0,0
zc,TA301,2012-06-29 09:05:03.407,7160.0000,193132,10,0.0000,10.0000,10,0,双开,B,7158.0000,0.0000,0.0000,0.0000,0.0000,7160.0000,0.0000,0.0000,0.0000,0.0000,172,0,0,0,0,3,0,0,0,0
zc,TA301,2012-06-29 09:05:04.127,7160.0000,193140,8,0.0000,10.0000,9,1,多开,B,7158.0000,0.0000,0.0000,0.0000,0.0000,7162.0000,0.0000,0.0000,0.0000,0.0000,164,0,0,0,0,47,0,0,0,0
zc,TA301,2012-06-29 09:05:04.673,7160.0000,193140,0,0.0000,2.0000,1,1,多换,B,7160.0000,0.0000,0.0000,0.0000,0.0000,7162.0000,0.0000,0.0000,0.0000,0.0000,6,0,0,0,0,45,0,0,0,0
zc,TA301,2012-06-29 09:05:05.360,7162.0000,193138,-2,0.0000,14.0000,6,8,空平,B,7160.0000,0.0000,0.0000,0.0000,0.0000,7162.0000,0.0000,0.0000,0.0000,0.0000,2,0,0,0,0,45,0,0,0,0
zc,TA301,2012-06-29 09:05:05.657,7160.0000,193136,-2,0.0000,2.0000,0,2,双平,S,7160.0000,0.0000,0.0000,0.0000,0.0000,7162.0000,0.0000,0.0000,0.0000,0.0000,3,0,0,0,0,91,0,0,0,0
zc,TA301,2012-06-29 09:05:06.423,7160.0000,193134,-2,0.0000,4.0000,1,3,多平,S,7160.0000,0.0000,0.0000,0.0000,0.0000,7162.0000,0.0000,0.0000,0.0000,0.0000,1,0,0,0,0,91,0,0,0,0
zc,TA301,2012-06-29 09:05:06.877,7160.0000,193136,2,0.0000,2.0000,2,0,双开,S,7160.0000,0.0000,0.0000,0.0000,0.0000,7162.0000,0.0000,0.0000,0.0000,0.0000,1,0,0,0,0,91,0,0,0,0
zc,TA301,2012-06-29 09:05:07.610,7160.0000,193136,0,0.0000,0.0000,0,0,空换,S,7160.0000,0.0000,0.0000,0.0000,0.0000,7162.0000,0.0000,0.0000,0.0000,0.0000,2,0,0,0,0,91,0,0,0,0
zc,TA301,2012-06-29 09:05:08.127,7160.0000,193134,-2,0.0000,8.0000,3,5,多平,S,7158.0000,0.0000,0.0000,0.0000,0.0000,7160.0000,0.0000,0.0000,0.0000,0.0000,167,0,0,0,0,1,0,0,0,0
zc,TA301,2012-06-29 09:05:08.640,7160.0000,193138,4,0.0000,16.0000,10,6,空开,S,7160.0000,0.0000,0.0000,0.0000,0.0000,7162.0000,0.0000,0.0000,0.0000,0.0000,4,0,0,0,0,87,0,0,0,0
zc,TA301,2012-06-29 09:05:09.377,7160.0000,193142,4,0.0000,4.0000,4,0,双开,S,7160.0000,0.0000,0.0000,0.0000,0.0000,7162.0000,0.0000,0.0000,0.0000,0.0000,3,0,0,0,0,102,0,0,0,0
zc,TA301,2012-06-29 09:05:09.860,7162.0000,193146,4,0.0000,6.0000,5,1,多开,B,7160.0000,0.0000,0.0000,0.0000,0.0000,7162.0000,0.0000,0.0000,0.0000,0.0000,12,0,0,0,0,99,0,0,0,0
zc,TA301,2012-06-29 09:05:10.627,7162.0000,193148,2,0.0000,12.0000,7,5,多开,B,7160.0000,0.0000,0.0000,0.0000,0.0000,7162.0000,0.0000,0.0000,0.0000,0.0000,9,0,0,0,0,97,0,0,0,0
zc,TA301,2012-06-29 09:05:11.127,7160.0000,193138,-10,0.0000,14.0000,2,12,多平,S,7160.0000,0.0000,0.0000,0.0000,0.0000,7162.0000,0.0000,0.0000,0.0000,0.0000,5,0,0,0,0,96,0,0,0,0
zc,TA301,2012-06-29 09:05:11.890,7162.0000,193058,-80,0.0000,130.0000,25,105,空平,B,7160.0000,0.0000,0.0000,0.0000,0.0000,7162.0000,0.0000,0.0000,0.0000,0.0000,8,0,0,0,0,36,0,0,0,0
zc,TA301,2012-06-29 09:05:12.377,7160.0000,193058,0,0.0000,4.0000,2,2,空换,S,7160.0000,0.0000,0.0000,0.0000,0.0000,7162.0000,0.0000,0.0000,0.0000,0.0000,6,0,0,0,0,36,0,0,0,0
zc,TA301,2012-06-29 09:05:12.877,7160.0000,193058,0,0.0000,0.0000,0,0,空换,S,7160.0000,0.0000,0.0000,0.0000,0.0000,7162.0000,0.0000,0.0000,0.0000,0.0000,7,0,0,0,0,36,0,0,0,0
zc,TA301,2012-06-29 09:05:13.330,7162.0000,193062,4,0.0000,4.0000,4,0,双开,B,7160.0000,0.0000,0.0000,0.0000,0.0000,7162.0000,0.0000,0.0000,0.0000,0.0000,15,0,0,0,0,34,0,0,0,0
zc,TA301,2012-06-29 09:05:14.127,7162.0000,193070,8,0.0000,8.0000,8,0,双开,B,7160.0000,0.0000,0.0000,0.0000,0.0000,7162.0000,0.0000,0.0000,0.0000,0.0000,15,0,0,0,0,30,0,0,0,0
zc,TA301,2012-06-29 09:05:14.627,7162.0000,193094,24,0.0000,24.0000,24,0,双开,B,7160.0000,0.0000,0.0000,0.0000,0.0000,7162.0000,0.0000,0.0000,0.0000,0.0000,23,0,0,0,0,27,0,0,0,0
zc,TA301,2012-06-29 09:05:15.377,7162.0000,193110,16,0.0000,16.0000,16,0,双开,B,7160.0000,0.0000,0.0000,0.0000,0.0000,7162.0000,0.0000,0.0000,0.0000,0.0000,26,0,0,0,0,19,0,0,0,0
zc,TA301,2012-06-29 09:05:15.860,7162.0000,193112,2,0.0000,2.0000,2,0,双开,B,7160.0000,0.0000,0.0000,0.0000,0.0000,7162.0000,0.0000,0.0000,0.0000,0.0000,20,0,0,0,0,11,0,0,0,0
zc,TA301,2012-06-29 09:05:16.377,7162.0000,193112,0,0.0000,0.0000,0,0,多换,B,7160.0000,0.0000,0.0000,0.0000,0.0000,7162.0000,0.0000,0.0000,0.0000,0.0000,20,0,0,0,0,19,0,0,0,0
zc,TA301,2012-06-29 09:05:17.127,7162.0000,193114,2,0.0000,18.0000,10,8,多开,B,7160.0000,0.0000,0.0000,0.0000,0.0000,7162.0000,0.0000,0.0000,0.0000,0.0000,19,0,0,0,0,20,0,0,0,0
zc,TA301,2012-06-29 09:05:17.640,7160.0000,193022,-92,0.0000,102.0000,5,97,多平,S,7160.0000,0.0000,0.0000,0.0000,0.0000,7162.0000,0.0000,0.0000,0.0000,0.0000,42,0,0,0,0,7,0,0,0,0
zc,TA301,2012-06-29 09:05:18.377,7162.0000,193022,0,0.0000,4.0000,2,2,多换,B,7160.0000,0.0000,0.0000,0.0000,0.0000,7162.0000,0.0000,0.0000,0.0000,0.0000,46,0,0,0,0,39,0,0,0,0
zc,TA301,2012-06-29 09:05:18.627,7162.0000,193022,0,0.0000,0.0000,0,0,多换,B,7160.0000,0.0000,0.0000,0.0000,0.0000,7162.0000,0.0000,0.0000,0.0000,0.0000,47,0,0,0,0,8,0,0,0,0
zc,TA301,2012-06-29 09:05:19.360,7162.0000,193022,0,0.0000,12.0000,6,6,多换,B,7160.0000,0.0000,0.0000,0.0000,0.0000,7162.0000,0.0000,0.0000,0.0000,0.0000,47,0,0,0,0,2,0,0,0,0
zc,TA301,2012-06-29 09:05:20.110,7162.0000,193022,0,0.0000,4.0000,2,2,多换,B,7162.0000,0.0000,0.0000,0.0000,0.0000,7164.0000,0.0000,0.0000,0.0000,0.0000,4,0,0,0,0,20,0,0,0,0
zc,TA301,2012-06-29 09:05:20.610,7162.0000,193022,0,0.0000,2.0000,1,1,多换,B,7162.0000,0.0000,0.0000,0.0000,0.0000,7164.0000,0.0000,0.0000,0.0000,0.0000,3,0,0,0,0,20,0,0,0,0
zc,TA301,2012-06-29 09:05:21.187,7162.0000,193018,-4,0.0000,16.0000,6,10,空平,B,7160.0000,0.0000,0.0000,0.0000,0.0000,7162.0000,0.0000,0.0000,0.0000,0.0000,48,0,0,0,0,1,0,0,0,0
zc,TA301,2012-06-29 09:05:21.610,7162.0000,193018,0,0.0000,2.0000,1,1,多换,B,7160.0000,0.0000,0.0000,0.0000,0.0000,7164.0000,0.0000,0.0000,0.0000,0.0000,49,0,0,0,0,25,0,0,0,0
zc,TA301,2012-06-29 09:05:22.360,7162.0000,193018,0,0.0000,0.0000,0,0,多换,B,7160.0000,0.0000,0.0000,0.0000,0.0000,7162.0000,0.0000,0.0000,0.0000,0.0000,52,0,0,0,0,2,0,0,0,0
zc,TA301,2012-06-29 09:05:22.860,7162.0000,193018,0,0.0000,12.0000,6,6,多换,B,7160.0000,0.0000,0.0000,0.0000,0.0000,7162.0000,0.0000,0.0000,0.0000,0.0000,32,0,0,0,0,1,0,0,0,0
zc,TA301,2012-06-29 09:05:23.377,7162.0000,193016,-2,0.0000,4.0000,1,3,空平,B,7162.0000,0.0000,0.0000,0.0000,0.0000,7164.0000,0.0000,0.0000,0.0000,0.0000,4,0,0,0,0,24,0,0,0,0
zc,TA301,2012-06-29 09:05:24.110,7164.0000,193012,-4,0.0000,4.0000,0,4,双平,B,7162.0000,0.0000,0.0000,0.0000,0.0000,7164.0000,0.0000,0.0000,0.0000,0.0000,5,0,0,0,0,22,0,0,0,0
zc,TA301,2012-06-29 09:05:24.627,7164.0000,193012,0,0.0000,0.0000,0,0,多换,B,7162.0000,0.0000,0.0000,0.0000,0.0000,7164.0000,0.0000,0.0000,0.0000,0.0000,58,0,0,0,0,22,0,0,0,0
zc,TA301,2012-06-29 09:05:25.127,7162.0000,193008,-4,0.0000,4.0000,0,4,双平,S,7162.0000,0.0000,0.0000,0.0000,0.0000,7164.0000,0.0000,0.0000,0.0000,0.0000,64,0,0,0,0,22,0,0,0,0
zc,TA301,2012-06-29 09:05:25.627,7164.0000,193006,-2,0.0000,2.0000,0,2,双平,B,7162.0000,0.0000,0.0000,0.0000,0.0000,7164.0000,0.0000,0.0000,0.0000,0.0000,64,0,0,0,0,9,0,0,0,0
zc,TA301,2012-06-29 09:05:26.390,7162.0000,192898,-108,0.0000,130.0000,11,119,多平,S,7160.0000,0.0000,0.0000,0.0000,0.0000,7164.0000,0.0000,0.0000,0.0000,0.0000,44,0,0,0,0,4,0,0,0,0
zc,TA301,2012-06-29 09:05:26.877,7164.0000,192900,2,0.0000,4.0000,3,1,多开,B,7160.0000,0.0000,0.0000,0.0000,0.0000,7164.0000,0.0000,0.0000,0.0000,0.0000,45,0,0,0,0,10,0,0,0,0
zc,TA301,2012-06-29 09:05:27.407,7164.0000,192872,-28,0.0000,104.0000,38,66,空平,B,7158.0000,0.0000,0.0000,0.0000,0.0000,7162.0000,0.0000,0.0000,0.0000,0.0000,172,0,0,0,0,1,0,0,0,0
zc,TA301,2012-06-29 09:05:28.187,7158.0000,192878,6,0.0000,8.0000,7,1,空开,S,7158.0000,0.0000,0.0000,0.0000,0.0000,7162.0000,0.0000,0.0000,0.0000,0.0000,161,0,0,0,0,2,0,0,0,0
zc,TA301,2012-06-29 09:05:28.657,7158.0000,192886,8,0.0000,14.0000,11,3,空开,S,7158.0000,0.0000,0.0000,0.0000,0.0000,7162.0000,0.0000,0.0000,0.0000,0.0000,158,0,0,0,0,3,0,0,0,0
zc,TA301,2012-06-29 09:05:29.407,7160.0000,192896,10,0.0000,24.0000,17,7,多开,B,7158.0000,0.0000,0.0000,0.0000,0.0000,7162.0000,0.0000,0.0000,0.0000,0.0000,162,0,0,0,0,14,0,0,0,0
zc,TA301,2012-06-29 09:05:29.890,7158.0000,192882,-14,0.0000,26.0000,6,20,多平,S,7158.0000,0.0000,0.0000,0.0000,0.0000,7162.0000,0.0000,0.0000,0.0000,0.0000,167,0,0,0,0,4,0,0,0,0
zc,TA301,2012-06-29 09:05:30.390,7162.0000,192886,4,0.0000,18.0000,11,7,多开,B,7162.0000,0.0000,0.0000,0.0000,0.0000,7164.0000,0.0000,0.0000,0.0000,0.0000,6,0,0,0,0,52,0,0,0,0
zc,TA301,2012-06-29 09:05:30.843,7162.0000,192892,6,0.0000,8.0000,7,1,多开,B,7162.0000,0.0000,0.0000,0.0000,0.0000,7164.0000,0.0000,0.0000,0.0000,0.0000,2,0,0,0,0,56,0,0,0,0
zc,TA301,2012-06-29 09:05:31.343,7164.0000,192880,-12,0.0000,20.0000,4,16,空平,B,7160.0000,0.0000,0.0000,0.0000,0.0000,7164.0000,0.0000,0.0000,0.0000,0.0000,8,0,0,0,0,68,0,0,0,0
zc,TA301,2012-06-29 09:05:32.127,7160.0000,192886,6,0.0000,10.0000,8,2,空开,S,7160.0000,0.0000,0.0000,0.0000,0.0000,7162.0000,0.0000,0.0000,0.0000,0.0000,4,0,0,0,0,2,0,0,0,0
zc,TA301,2012-06-29 09:05:32.610,7160.0000,192892,6,0.0000,8.0000,7,1,空开,S,7160.0000,0.0000,0.0000,0.0000,0.0000,7162.0000,0.0000,0.0000,0.0000,0.0000,1,0,0,0,0,2,0,0,0,0
zc,TA301,2012-06-29 09:05:33.360,7162.0000,192898,6,0.0000,8.0000,7,1,多开,B,7160.0000,0.0000,0.0000,0.0000,0.0000,7162.0000,0.0000,0.0000,0.0000,0.0000,1,0,0,0,0,2,0,0,0,0
zc,TA301,2012-06-29 09:05:33.890,7158.0000,192906,8,0.0000,8.0000,8,0,双开,S,7158.0000,0.0000,0.0000,0.0000,0.0000,7162.0000,0.0000,0.0000,0.0000,0.0000,189,0,0,0,0,8,0,0,0,0
zc,TA301,2012-06-29 09:05:34.390,7162.0000,192910,4,0.0000,8.0000,6,2,多开,B,7160.0000,0.0000,0.0000,0.0000,0.0000,7162.0000,0.0000,0.0000,0.0000,0.0000,5,0,0,0,0,4,0,0,0,0
zc,TA301,2012-06-29 09:05:34.877,7160.0000,192912,2,0.0000,4.0000,3,1,空开,S,7160.0000,0.0000,0.0000,0.0000,0.0000,7162.0000,0.0000,0.0000,0.0000,0.0000,5,0,0,0,0,3,0,0,0,0
zc,TA301,2012-06-29 09:05:35.627,7160.0000,192912,0,0.0000,2.0000,1,1,空换,S,7160.0000,0.0000,0.0000,0.0000,0.0000,7162.0000,0.0000,0.0000,0.0000,0.0000,6,0,0,0,0,3,0,0,0,0
zc,TA301,2012-06-29 09:05:36.173,7160.0000,192916,4,0.0000,4.0000,4,0,双开,S,7160.0000,0.0000,0.0000,0.0000,0.0000,7162.0000,0.0000,0.0000,0.0000,0.0000,9,0,0,0,0,5,0,0,0,0
zc,TA301,2012-06-29 09:05:36.877,7160.0000,192926,10,0.0000,10.0000,10,0,双开,S,7160.0000,0.0000,0.0000,0.0000,0.0000,7162.0000,0.0000,0.0000,0.0000,0.0000,65,0,0,0,0,5,0,0,0,0
zc,TA301,2012-06-29 09:05:37.657,7160.0000,192950,24,0.0000,210.0000,117,93,空开,S,7160.0000,0.0000,0.0000,0.0000,0.0000,7162.0000,0.0000,0.0000,0.0000,0.0000,28,0,0,0,0,5,0,0,0,0
