市场代码,合约代码,时间,最新,持仓,增仓,成交额,成交量,开仓,平仓,成交类型,方向,买一价,买二价,买三价,买四价,买五价,卖一价,卖二价,卖三价,卖四价,卖五价,买一量,买二量,买三量,买四量,买五量,卖一量,卖二量,卖三量,卖四量,卖五量
zc,TA304,2012-06-29 08:05:19.047,0.0000,26,0,0.0000,0.0000,0,0,空换,S,0.0000,0.0000,0.0000,0.0000,0.0000,0.0000,0.0000,0.0000,0.0000,0.0000,0,0,0,0,0,0,0,0,0,0
zc,TA304,2012-06-29 08:11:21.140,0.0000,26,0,0.0000,0.0000,0,0,空换,S,0.0000,0.0000,0.0000,0.0000,0.0000,0.0000,0.0000,0.0000,0.0000,0.0000,0,0,0,0,0,0,0,0,0,0
zc,TA304,2012-06-29 08:26:21.127,0.0000,26,0,0.0000,0.0000,0,0,空换,S,0.0000,0.0000,0.0000,0.0000,0.0000,0.0000,0.0000,0.0000,0.0000,0.0000,0,0,0,0,0,0,0,0,0,0
zc,TA304,2012-06-29 08:27:21.127,0.0000,26,0,0.0000,0.0000,0,0,空换,S,0.0000,0.0000,0.0000,0.0000,0.0000,0.0000,0.0000,0.0000,0.0000,0.0000,0,0,0,0,0,0,0,0,0,0
zc,TA304,2012-06-29 08:29:21.110,0.0000,26,0,0.0000,0.0000,0,0,空换,S,0.0000,0.0000,0.0000,0.0000,0.0000,0.0000,0.0000,0.0000,0.0000,0.0000,0,0,0,0,0,0,0,0,0,0
zc,TA304,2012-06-29 08:53:21.093,0.0000,26,0,0.0000,0.0000,0,0,空换,S,0.0000,0.0000,0.0000,0.0000,0.0000,0.0000,0.0000,0.0000,0.0000,0.0000,0,0,0,0,0,0,0,0,0,0
zc,TA304,2012-06-29 08:59:03.033,0.0000,26,0,0.0000,0.0000,0,0,空换,S,6982.0000,0.0000,0.0000,0.0000,0.0000,7562.0000,0.0000,0.0000,0.0000,0.0000,1,0,0,0,0,1,0,0,0,0
zc,TA304,2012-06-29 09:00:02.923,0.0000,26,0,0.0000,0.0000,0,0,空换,S,7098.0000,0.0000,0.0000,0.0000,0.0000,7292.0000,0.0000,0.0000,0.0000,0.0000,2,0,0,0,0,1,0,0,0,0
zc,TA304,2012-06-29 09:00:04.500,0.0000,26,0,0.0000,0.0000,0,0,空换,S,7236.0000,0.0000,0.0000,0.0000,0.0000,7282.0000,0.0000,0.0000,0.0000,0.0000,5,0,0,0,0,2,0,0,0,0
zc,TA304,2012-06-29 09:00:05.500,0.0000,26,0,0.0000,0.0000,0,0,空换,S,7232.0000,0.0000,0.0000,0.0000,0.0000,7280.0000,0.0000,0.0000,0.0000,0.0000,5,0,0,0,0,2,0,0,0,0
zc,TA304,2012-06-29 09:00:06.470,0.0000,26,0,0.0000,0.0000,0,0,空换,S,7232.0000,0.0000,0.0000,0.0000,0.0000,7276.0000,0.0000,0.0000,0.0000,0.0000,4,0,0,0,0,2,0,0,0,0
zc,TA304,2012-06-29 09:00:07.203,0.0000,26,0,0.0000,0.0000,0,0,空换,S,7234.0000,0.0000,0.0000,0.0000,0.0000,7280.0000,0.0000,0.0000,0.0000,0.0000,5,0,0,0,0,2,0,0,0,0
zc,TA304,2012-06-29 09:00:09.203,0.0000,26,0,0.0000,0.0000,0,0,空换,S,7234.0000,0.0000,0.0000,0.0000,0.0000,7278.0000,0.0000,0.0000,0.0000,0.0000,5,0,0,0,0,2,0,0,0,0
zc,TA304,2012-06-29 09:00:09.953,0.0000,26,0,0.0000,0.0000,0,0,空换,S,7236.0000,0.0000,0.0000,0.0000,0.0000,7282.0000,0.0000,0.0000,0.0000,0.0000,5,0,0,0,0,2,0,0,0,0
zc,TA304,2012-06-29 09:00:15.517,0.0000,26,0,0.0000,0.0000,0,0,空换,S,7238.0000,0.0000,0.0000,0.0000,0.0000,7280.0000,0.0000,0.0000,0.0000,0.0000,5,0,0,0,0,2,0,0,0,0
zc,TA304,2012-06-29 09:00:19.173,0.0000,26,0,0.0000,0.0000,0,0,空换,S,7236.0000,0.0000,0.0000,0.0000,0.0000,7278.0000,0.0000,0.0000,0.0000,0.0000,5,0,0,0,0,2,0,0,0,0
zc,TA304,2012-06-29 09:00:21.110,0.0000,26,0,0.0000,0.0000,0,0,空换,S,7236.0000,0.0000,0.0000,0.0000,0.0000,7278.0000,0.0000,0.0000,0.0000,0.0000,5,0,0,0,0,2,0,0,0,0
zc,TA304,2012-06-29 09:00:22.987,0.0000,26,0,0.0000,0.0000,0,0,空换,S,7234.0000,0.0000,0.0000,0.0000,0.0000,7276.0000,0.0000,0.0000,0.0000,0.0000,5,0,0,0,0,2,0,0,0,0
zc,TA304,2012-06-29 09:00:23.673,0.0000,26,0,0.0000,0.0000,0,0,空换,S,7234.0000,0.0000,0.0000,0.0000,0.0000,7276.0000,0.0000,0.0000,0.0000,0.0000,1,0,0,0,0,2,0,0,0,0
zc,TA304,2012-06-29 09:00:24.187,0.0000,26,0,0.0000,0.0000,0,0,空换,S,7236.0000,0.0000,0.0000,0.0000,0.0000,7278.0000,0.0000,0.0000,0.0000,0.0000,4,0,0,0,0,2,0,0,0,0
zc,TA304,2012-06-29 09:00:24.937,0.0000,26,0,0.0000,0.0000,0,0,空换,S,7234.0000,0.0000,0.0000,0.0000,0.0000,7276.0000,0.0000,0.0000,0.0000,0.0000,2,0,0,0,0,1,0,0,0,0
zc,TA304,2012-06-29 09:00:25.673,0.0000,26,0,0.0000,0.0000,0,0,空换,S,7232.0000,0.0000,0.0000,0.0000,0.0000,7274.0000,0.0000,0.0000,0.0000,0.0000,5,0,0,0,0,2,0,0,0,0
zc,TA304,2012-06-29 09:00:28.453,0.0000,26,0,0.0000,0.0000,0,0,空换,S,7230.0000,0.0000,0.0000,0.0000,0.0000,7250.0000,0.0000,0.0000,0.0000,0.0000,5,0,0,0,0,2,0,0,0,0
zc,TA304,2012-06-29 09:00:28.673,0.0000,26,0,0.0000,0.0000,0,0,空换,S,7230.0000,0.0000,0.0000,0.0000,0.0000,7250.0000,0.0000,0.0000,0.0000,0.0000,5,0,0,0,0,1,0,0,0,0
zc,TA304,2012-06-29 09:00:30.937,0.0000,26,0,0.0000,0.0000,0,0,空换,S,7230.0000,0.0000,0.0000,0.0000,0.0000,7244.0000,0.0000,0.0000,0.0000,0.0000,5,0,0,0,0,1,0,0,0,0
zc,TA304,2012-06-29 09:00:34.157,0.0000,26,0,0.0000,0.0000,0,0,空换,S,7232.0000,0.0000,0.0000,0.0000,0.0000,7274.0000,0.0000,0.0000,0.0000,0.0000,5,0,0,0,0,1,0,0,0,0
zc,TA304,2012-06-29 09:00:35.173,0.0000,26,0,0.0000,0.0000,0,0,空换,S,7232.0000,0.0000,0.0000,0.0000,0.0000,7274.0000,0.0000,0.0000,0.0000,0.0000,5,0,0,0,0,2,0,0,0,0
zc,TA304,2012-06-29 09:00:37.140,0.0000,26,0,0.0000,0.0000,0,0,空换,S,7232.0000,0.0000,0.0000,0.0000,0.0000,7274.0000,0.0000,0.0000,0.0000,0.0000,4,0,0,0,0,2,0,0,0,0
zc,TA304,2012-06-29 09:00:37.657,0.0000,26,0,0.0000,0.0000,0,0,空换,S,7230.0000,0.0000,0.0000,0.0000,0.0000,7272.0000,0.0000,0.0000,0.0000,0.0000,5,0,0,0,0,2,0,0,0,0
zc,TA304,2012-06-29 09:00:38.390,0.0000,26,0,0.0000,0.0000,0,0,空换,S,7234.0000,0.0000,0.0000,0.0000,0.0000,7276.0000,0.0000,0.0000,0.0000,0.0000,5,0,0,0,0,2,0,0,0,0
zc,TA304,2012-06-29 09:00:38.907,0.0000,26,0,0.0000,0.0000,0,0,空换,S,7232.0000,0.0000,0.0000,0.0000,0.0000,7276.0000,0.0000,0.0000,0.0000,0.0000,5,0,0,0,0,2,0,0,0,0
zc,TA304,2012-06-29 09:00:39.703,0.0000,26,0,0.0000,0.0000,0,0,空换,S,7234.0000,0.0000,0.0000,0.0000,0.0000,7276.0000,0.0000,0.0000,0.0000,0.0000,4,0,0,0,0,2,0,0,0,0
zc,TA304,2012-06-29 09:00:40.237,0.0000,26,0,0.0000,0.0000,0,0,空换,S,7232.0000,0.0000,0.0000,0.0000,0.0000,7276.0000,0.0000,0.0000,0.0000,0.0000,5,0,0,0,0,2,0,0,0,0
zc,TA304,2012-06-29 09:00:42.140,0.0000,26,0,0.0000,0.0000,0,0,空换,S,7232.0000,0.0000,0.0000,0.0000,0.0000,7274.0000,0.0000,0.0000,0.0000,0.0000,5,0,0,0,0,2,0,0,0,0
zc,TA304,2012-06-29 09:00:42.423,0.0000,26,0,0.0000,0.0000,0,0,空换,S,7232.0000,0.0000,0.0000,0.0000,0.0000,7274.0000,0.0000,0.0000,0.0000,0.0000,5,0,0,0,0,1,0,0,0,0
zc,TA304,2012-06-29 09:00:43.173,0.0000,26,0,0.0000,0.0000,0,0,空换,S,7232.0000,0.0000,0.0000,0.0000,0.0000,7274.0000,0.0000,0.0000,0.0000,0.0000,5,0,0,0,0,2,0,0,0,0
zc,TA304,2012-06-29 09:00:43.673,0.0000,26,0,0.0000,0.0000,0,0,空换,S,7234.0000,0.0000,0.0000,0.0000,0.0000,7276.0000,0.0000,0.0000,0.0000,0.0000,5,0,0,0,0,2,0,0,0,0
zc,TA304,2012-06-29 09:00:44.953,0.0000,26,0,0.0000,0.0000,0,0,空换,S,7230.0000,0.0000,0.0000,0.0000,0.0000,7272.0000,0.0000,0.0000,0.0000,0.0000,5,0,0,0,0,2,0,0,0,0
zc,TA304,2012-06-29 09:00:45.640,0.0000,26,0,0.0000,0.0000,0,0,空换,S,7232.0000,0.0000,0.0000,0.0000,0.0000,7274.0000,0.0000,0.0000,0.0000,0.0000,5,0,0,0,0,2,0,0,0,0
zc,TA304,2012-06-29 09:00:46.987,0.0000,26,0,0.0000,0.0000,0,0,空换,S,7230.0000,0.0000,0.0000,0.0000,0.0000,7272.0000,0.0000,0.0000,0.0000,0.0000,5,0,0,0,0,2,0,0,0,0
zc,TA304,2012-06-29 09:00:49.470,0.0000,26,0,0.0000,0.0000,0,0,空换,S,7232.0000,0.0000,0.0000,0.0000,0.0000,7274.0000,0.0000,0.0000,0.0000,0.0000,5,0,0,0,0,2,0,0,0,0
zc,TA304,2012-06-29 09:00:50.720,0.0000,26,0,0.0000,0.0000,0,0,空换,S,7230.0000,0.0000,0.0000,0.0000,0.0000,7272.0000,0.0000,0.0000,0.0000,0.0000,5,0,0,0,0,2,0,0,0,0
zc,TA304,2012-06-29 09:00:57.657,0.0000,26,0,0.0000,0.0000,0,0,空换,S,7230.0000,0.0000,0.0000,0.0000,0.0000,7262.0000,0.0000,0.0000,0.0000,0.0000,5,0,0,0,0,1,0,0,0,0
zc,TA304,2012-06-29 09:01:02.703,0.0000,26,0,0.0000,0.0000,0,0,空换,S,7232.0000,0.0000,0.0000,0.0000,0.0000,7262.0000,0.0000,0.0000,0.0000,0.0000,4,0,0,0,0,1,0,0,0,0
zc,TA304,2012-06-29 09:01:04.157,0.0000,26,0,0.0000,0.0000,0,0,空换,S,7232.0000,0.0000,0.0000,0.0000,0.0000,7262.0000,0.0000,0.0000,0.0000,0.0000,5,0,0,0,0,1,0,0,0,0
zc,TA304,2012-06-29 09:01:04.687,0.0000,26,0,0.0000,0.0000,0,0,空换,S,7234.0000,0.0000,0.0000,0.0000,0.0000,7262.0000,0.0000,0.0000,0.0000,0.0000,2,0,0,0,0,1,0,0,0,0
zc,TA304,2012-06-29 09:01:05.203,0.0000,26,0,0.0000,0.0000,0,0,空换,S,7234.0000,0.0000,0.0000,0.0000,0.0000,7262.0000,0.0000,0.0000,0.0000,0.0000,5,0,0,0,0,1,0,0,0,0
zc,TA304,2012-06-29 09:01:11.407,0.0000,26,0,0.0000,0.0000,0,0,空换,S,7236.0000,0.0000,0.0000,0.0000,0.0000,7262.0000,0.0000,0.0000,0.0000,0.0000,5,0,0,0,0,1,0,0,0,0
zc,TA304,2012-06-29 09:01:13.907,0.0000,26,0,0.0000,0.0000,0,0,空换,S,7234.0000,0.0000,0.0000,0.0000,0.0000,7262.0000,0.0000,0.0000,0.0000,0.0000,5,0,0,0,0,1,0,0,0,0
zc,TA304,2012-06-29 09:01:15.423,0.0000,26,0,0.0000,0.0000,0,0,空换,S,7232.0000,0.0000,0.0000,0.0000,0.0000,7262.0000,0.0000,0.0000,0.0000,0.0000,5,0,0,0,0,1,0,0,0,0
zc,TA304,2012-06-29 09:01:16.970,0.0000,26,0,0.0000,0.0000,0,0,空换,S,7234.0000,0.0000,0.0000,0.0000,0.0000,7262.0000,0.0000,0.0000,0.0000,0.0000,1,0,0,0,0,1,0,0,0,0
zc,TA304,2012-06-29 09:01:17.627,0.0000,26,0,0.0000,0.0000,0,0,空换,S,7236.0000,0.0000,0.0000,0.0000,0.0000,7262.0000,0.0000,0.0000,0.0000,0.0000,5,0,0,0,0,1,0,0,0,0
zc,TA304,2012-06-29 09:01:18.987,0.0000,26,0,0.0000,0.0000,0,0,空换,S,7234.0000,0.0000,0.0000,0.0000,0.0000,7262.0000,0.0000,0.0000,0.0000,0.0000,2,0,0,0,0,1,0,0,0,0
zc,TA304,2012-06-29 09:01:20.173,0.0000,26,0,0.0000,0.0000,0,0,空换,S,7236.0000,0.0000,0.0000,0.0000,0.0000,7262.0000,0.0000,0.0000,0.0000,0.0000,2,0,0,0,0,1,0,0,0,0
zc,TA304,2012-06-29 09:01:20.657,0.0000,26,0,0.0000,0.0000,0,0,空换,S,7236.0000,0.0000,0.0000,0.0000,0.0000,7262.0000,0.0000,0.0000,0.0000,0.0000,5,0,0,0,0,1,0,0,0,0
zc,TA304,2012-06-29 09:01:21.437,0.0000,26,0,0.0000,0.0000,0,0,空换,S,7234.0000,0.0000,0.0000,0.0000,0.0000,7262.0000,0.0000,0.0000,0.0000,0.0000,2,0,0,0,0,1,0,0,0,0
zc,TA304,2012-06-29 09:01:22.687,0.0000,26,0,0.0000,0.0000,0,0,空换,S,7232.0000,0.0000,0.0000,0.0000,0.0000,7262.0000,0.0000,0.0000,0.0000,0.0000,5,0,0,0,0,1,0,0,0,0
zc,TA304,2012-06-29 09:01:24.687,0.0000,26,0,0.0000,0.0000,0,0,空换,S,7234.0000,0.0000,0.0000,0.0000,0.0000,7262.0000,0.0000,0.0000,0.0000,0.0000,1,0,0,0,0,1,0,0,0,0
zc,TA304,2012-06-29 09:01:25.173,0.0000,26,0,0.0000,0.0000,0,0,空换,S,7234.0000,0.0000,0.0000,0.0000,0.0000,7262.0000,0.0000,0.0000,0.0000,0.0000,5,0,0,0,0,1,0,0,0,0
zc,TA304,2012-06-29 09:01:25.953,0.0000,26,0,0.0000,0.0000,0,0,空换,S,7236.0000,0.0000,0.0000,0.0000,0.0000,7262.0000,0.0000,0.0000,0.0000,0.0000,5,0,0,0,0,1,0,0,0,0
zc,TA304,2012-06-29 09:01:26.390,0.0000,26,0,0.0000,0.0000,0,0,空换,S,7234.0000,0.0000,0.0000,0.0000,0.0000,7262.0000,0.0000,0.0000,0.0000,0.0000,4,0,0,0,0,1,0,0,0,0
zc,TA304,2012-06-29 09:01:27.187,0.0000,26,0,0.0000,0.0000,0,0,空换,S,7234.0000,0.0000,0.0000,0.0000,0.0000,7262.0000,0.0000,0.0000,0.0000,0.0000,5,0,0,0,0,1,0,0,0,0
zc,TA304,2012-06-29 09:01:27.687,0.0000,26,0,0.0000,0.0000,0,0,空换,S,7236.0000,0.0000,0.0000,0.0000,0.0000,7262.0000,0.0000,0.0000,0.0000,0.0000,5,0,0,0,0,1,0,0,0,0
zc,TA304,2012-06-29 09:01:28.953,0.0000,26,0,0.0000,0.0000,0,0,空换,S,7234.0000,0.0000,0.0000,0.0000,0.0000,7262.0000,0.0000,0.0000,0.0000,0.0000,5,0,0,0,0,1,0,0,0,0
zc,TA304,2012-06-29 09:01:33.657,0.0000,26,0,0.0000,0.0000,0,0,空换,S,7232.0000,0.0000,0.0000,0.0000,0.0000,7262.0000,0.0000,0.0000,0.0000,0.0000,5,0,0,0,0,1,0,0,0,0
zc,TA304,2012-06-29 09:01:35.437,0.0000,26,0,0.0000,0.0000,0,0,空换,S,7234.0000,0.0000,0.0000,0.0000,0.0000,7262.0000,0.0000,0.0000,0.0000,0.0000,5,0,0,0,0,1,0,0,0,0
zc,TA304,2012-06-29 09:01:37.923,0.0000,26,0,0.0000,0.0000,0,0,空换,S,7236.0000,0.0000,0.0000,0.0000,0.0000,7262.0000,0.0000,0.0000,0.0000,0.0000,1,0,0,0,0,1,0,0,0,0
zc,TA304,2012-06-29 09:01:38.390,0.0000,26,0,0.0000,0.0000,0,0,空换,S,7234.0000,0.0000,0.0000,0.0000,0.0000,7262.0000,0.0000,0.0000,0.0000,0.0000,5,0,0,0,0,1,0,0,0,0
zc,TA304,2012-06-29 09:01:42.173,0.0000,26,0,0.0000,0.0000,0,0,空换,S,7236.0000,0.0000,0.0000,0.0000,0.0000,7262.0000,0.0000,0.0000,0.0000,0.0000,5,0,0,0,0,1,0,0,0,0
zc,TA304,2012-06-29 09:01:42.687,0.0000,26,0,0.0000,0.0000,0,0,空换,S,7236.0000,0.0000,0.0000,0.0000,0.0000,7262.0000,0.0000,0.0000,0.0000,0.0000,4,0,0,0,0,1,0,0,0,0
zc,TA304,2012-06-29 09:01:43.187,0.0000,26,0,0.0000,0.0000,0,0,空换,S,7236.0000,0.0000,0.0000,0.0000,0.0000,7262.0000,0.0000,0.0000,0.0000,0.0000,5,0,0,0,0,1,0,0,0,0
zc,TA304,2012-06-29 09:01:44.907,0.0000,26,0,0.0000,0.0000,0,0,空换,S,7234.0000,0.0000,0.0000,0.0000,0.0000,7262.0000,0.0000,0.0000,0.0000,0.0000,5,0,0,0,0,1,0,0,0,0
zc,TA304,2012-06-29 09:01:50.907,0.0000,26,0,0.0000,0.0000,0,0,空换,S,7232.0000,0.0000,0.0000,0.0000,0.0000,7262.0000,0.0000,0.0000,0.0000,0.0000,5,0,0,0,0,1,0,0,0,0
zc,TA304,2012-06-29 09:01:51.407,7232.0000,26,0,0.0000,8.0000,4,4,多换,B,7232.0000,0.0000,0.0000,0.0000,0.0000,7274.0000,0.0000,0.0000,0.0000,0.0000,1,0,0,0,0,2,0,0,0,0
zc,TA304,2012-06-29 09:01:52.173,7232.0000,26,0,0.0000,0.0000,0,0,多换,B,7234.0000,0.0000,0.0000,0.0000,0.0000,7276.0000,0.0000,0.0000,0.0000,0.0000,1,0,0,0,0,2,0,0,0,0
zc,TA304,2012-06-29 09:01:54.970,7232.0000,26,0,0.0000,0.0000,0,0,多换,B,7232.0000,0.0000,0.0000,0.0000,0.0000,7274.0000,0.0000,0.0000,0.0000,0.0000,1,0,0,0,0,2,0,0,0,0
zc,TA304,2012-06-29 09:01:55.907,7232.0000,26,0,0.0000,0.0000,0,0,多换,B,7236.0000,0.0000,0.0000,0.0000,0.0000,7278.0000,0.0000,0.0000,0.0000,0.0000,1,0,0,0,0,2,0,0,0,0
zc,TA304,2012-06-29 09:01:57.687,7232.0000,26,0,0.0000,0.0000,0,0,多换,B,7234.0000,0.0000,0.0000,0.0000,0.0000,7278.0000,0.0000,0.0000,0.0000,0.0000,1,0,0,0,0,2,0,0,0,0
zc,TA304,2012-06-29 09:01:58.250,7232.0000,26,0,0.0000,0.0000,0,0,多换,B,7234.0000,0.0000,0.0000,0.0000,0.0000,7276.0000,0.0000,0.0000,0.0000,0.0000,1,0,0,0,0,2,0,0,0,0
zc,TA304,2012-06-29 09:01:58.953,7232.0000,26,0,0.0000,0.0000,0,0,多换,B,7232.0000,0.0000,0.0000,0.0000,0.0000,7274.0000,0.0000,0.0000,0.0000,0.0000,1,0,0,0,0,2,0,0,0,0
zc,TA304,2012-06-29 09:02:00.687,7232.0000,26,0,0.0000,0.0000,0,0,多换,B,7232.0000,0.0000,0.0000,0.0000,0.0000,7276.0000,0.0000,0.0000,0.0000,0.0000,1,0,0,0,0,2,0,0,0,0
zc,TA304,2012-06-29 09:02:01.407,7232.0000,26,0,0.0000,0.0000,0,0,多换,B,7232.0000,0.0000,0.0000,0.0000,0.0000,7274.0000,0.0000,0.0000,0.0000,0.0000,1,0,0,0,0,2,0,0,0,0
zc,TA304,2012-06-29 09:02:01.890,7232.0000,26,0,0.0000,0.0000,0,0,多换,B,7230.0000,0.0000,0.0000,0.0000,0.0000,7272.0000,0.0000,0.0000,0.0000,0.0000,1,0,0,0,0,2,0,0,0,0
zc,TA304,2012-06-29 09:02:02.423,7232.0000,26,0,0.0000,0.0000,0,0,多换,B,7232.0000,0.0000,0.0000,0.0000,0.0000,7274.0000,0.0000,0.0000,0.0000,0.0000,1,0,0,0,0,2,0,0,0,0
zc,TA304,2012-06-29 09:02:05.937,7232.0000,26,0,0.0000,0.0000,0,0,多换,B,7230.0000,0.0000,0.0000,0.0000,0.0000,7274.0000,0.0000,0.0000,0.0000,0.0000,1,0,0,0,0,2,0,0,0,0
zc,TA304,2012-06-29 09:02:06.627,7232.0000,26,0,0.0000,0.0000,0,0,多换,B,7230.0000,0.0000,0.0000,0.0000,0.0000,7272.0000,0.0000,0.0000,0.0000,0.0000,1,0,0,0,0,2,0,0,0,0
zc,TA304,2012-06-29 09:02:09.657,7232.0000,26,0,0.0000,0.0000,0,0,多换,B,7230.0000,0.0000,0.0000,0.0000,0.0000,7272.0000,0.0000,0.0000,0.0000,0.0000,1,0,0,0,0,1,0,0,0,0
zc,TA304,2012-06-29 09:02:10.907,7232.0000,26,0,0.0000,0.0000,0,0,多换,B,7230.0000,0.0000,0.0000,0.0000,0.0000,7274.0000,0.0000,0.0000,0.0000,0.0000,1,0,0,0,0,2,0,0,0,0
zc,TA304,2012-06-29 09:02:13.937,7232.0000,26,0,0.0000,0.0000,0,0,多换,B,7230.0000,0.0000,0.0000,0.0000,0.0000,7272.0000,0.0000,0.0000,0.0000,0.0000,1,0,0,0,0,1,0,0,0,0
zc,TA304,2012-06-29 09:02:14.390,7232.0000,26,0,0.0000,0.0000,0,0,多换,B,7232.0000,0.0000,0.0000,0.0000,0.0000,7274.0000,0.0000,0.0000,0.0000,0.0000,1,0,0,0,0,2,0,0,0,0
zc,TA304,2012-06-29 09:02:14.890,7232.0000,26,0,0.0000,0.0000,0,0,多换,B,7230.0000,0.0000,0.0000,0.0000,0.0000,7274.0000,0.0000,0.0000,0.0000,0.0000,1,0,0,0,0,2,0,0,0,0
zc,TA304,2012-06-29 09:02:15.640,7232.0000,26,0,0.0000,0.0000,0,0,多换,B,7230.0000,0.0000,0.0000,0.0000,0.0000,7272.0000,0.0000,0.0000,0.0000,0.0000,1,0,0,0,0,1,0,0,0,0
zc,TA304,2012-06-29 09:02:16.173,7232.0000,26,0,0.0000,0.0000,0,0,多换,B,7232.0000,0.0000,0.0000,0.0000,0.0000,7274.0000,0.0000,0.0000,0.0000,0.0000,1,0,0,0,0,2,0,0,0,0
zc,TA304,2012-06-29 09:02:16.907,7232.0000,26,0,0.0000,0.0000,0,0,多换,B,7234.0000,0.0000,0.0000,0.0000,0.0000,7276.0000,0.0000,0.0000,0.0000,0.0000,1,0,0,0,0,2,0,0,0,0
zc,TA304,2012-06-29 09:02:20.140,7232.0000,26,0,0.0000,0.0000,0,0,多换,B,7232.0000,0.0000,0.0000,0.0000,0.0000,7274.0000,0.0000,0.0000,0.0000,0.0000,1,0,0,0,0,2,0,0,0,0
zc,TA304,2012-06-29 09:02:26.627,7232.0000,26,0,0.0000,0.0000,0,0,多换,B,7230.0000,0.0000,0.0000,0.0000,0.0000,7272.0000,0.0000,0.0000,0.0000,0.0000,1,0,0,0,0,2,0,0,0,0
zc,TA304,2012-06-29 09:02:28.377,7232.0000,26,0,0.0000,0.0000,0,0,多换,B,7200.0000,0.0000,0.0000,0.0000,0.0000,7272.0000,0.0000,0.0000,0.0000,0.0000,1,0,0,0,0,2,0,0,0,0
zc,TA304,2012-06-29 09:02:30.140,7232.0000,26,0,0.0000,0.0000,0,0,多换,B,7200.0000,0.0000,0.0000,0.0000,0.0000,7270.0000,0.0000,0.0000,0.0000,0.0000,1,0,0,0,0,1,0,0,0,0
zc,TA304,2012-06-29 09:03:02.390,7232.0000,26,0,0.0000,0.0000,0,0,多换,B,7212.0000,0.0000,0.0000,0.0000,0.0000,7270.0000,0.0000,0.0000,0.0000,0.0000,1,0,0,0,0,1,0,0,0,0
zc,TA304,2012-06-29 09:03:18.140,7232.0000,26,0,0.0000,0.0000,0,0,多换,B,7212.0000,0.0000,0.0000,0.0000,0.0000,7270.0000,0.0000,0.0000,0.0000,0.0000,6,0,0,0,0,1,0,0,0,0
zc,TA304,2012-06-29 09:03:25.640,7232.0000,26,0,0.0000,0.0000,0,0,多换,B,7212.0000,0.0000,0.0000,0.0000,0.0000,7270.0000,0.0000,0.0000,0.0000,0.0000,1,0,0,0,0,1,0,0,0,0
zc,TA304,2012-06-29 09:03:40.453,7232.0000,26,0,0.0000,0.0000,0,0,多换,B,7212.0000,0.0000,0.0000,0.0000,0.0000,7270.0000,0.0000,0.0000,0.0000,0.0000,1,0,0,0,0,3,0,0,0,0
zc,TA304,2012-06-29 09:03:43.640,7232.0000,26,0,0.0000,0.0000,0,0,多换,B,7212.0000,0.0000,0.0000,0.0000,0.0000,7268.0000,0.0000,0.0000,0.0000,0.0000,1,0,0,0,0,2,0,0,0,0
zc,TA304,2012-06-29 09:03:44.877,7232.0000,26,0,0.0000,0.0000,0,0,多换,B,7206.0000,0.0000,0.0000,0.0000,0.0000,7268.0000,0.0000,0.0000,0.0000,0.0000,5,0,0,0,0,2,0,0,0,0
zc,TA304,2012-06-29 09:03:46.907,7232.0000,26,0,0.0000,0.0000,0,0,多换,B,7204.0000,0.0000,0.0000,0.0000,0.0000,7268.0000,0.0000,0.0000,0.0000,0.0000,5,0,0,0,0,2,0,0,0,0
zc,TA304,2012-06-29 09:03:47.687,7232.0000,26,0,0.0000,0.0000,0,0,多换,B,7204.0000,0.0000,0.0000,0.0000,0.0000,7266.0000,0.0000,0.0000,0.0000,0.0000,5,0,0,0,0,2,0,0,0,0
zc,TA304,2012-06-29 09:03:49.923,7232.0000,26,0,0.0000,0.0000,0,0,多换,B,7202.0000,0.0000,0.0000,0.0000,0.0000,7264.0000,0.0000,0.0000,0.0000,0.0000,5,0,0,0,0,2,0,0,0,0
zc,TA304,2012-06-29 09:03:51.657,7232.0000,26,0,0.0000,0.0000,0,0,多换,B,7200.0000,0.0000,0.0000,0.0000,0.0000,7264.0000,0.0000,0.0000,0.0000,0.0000,6,0,0,0,0,2,0,0,0,0
zc,TA304,2012-06-29 09:03:52.657,7232.0000,26,0,0.0000,0.0000,0,0,多换,B,7200.0000,0.0000,0.0000,0.0000,0.0000,7262.0000,0.0000,0.0000,0.0000,0.0000,6,0,0,0,0,2,0,0,0,0
zc,TA304,2012-06-29 09:03:53.157,7232.0000,26,0,0.0000,0.0000,0,0,多换,B,7200.0000,0.0000,0.0000,0.0000,0.0000,7264.0000,0.0000,0.0000,0.0000,0.0000,6,0,0,0,0,2,0,0,0,0
zc,TA304,2012-06-29 09:03:55.907,7232.0000,26,0,0.0000,0.0000,0,0,多换,B,7200.0000,0.0000,0.0000,0.0000,0.0000,7262.0000,0.0000,0.0000,0.0000,0.0000,6,0,0,0,0,2,0,0,0,0
zc,TA304,2012-06-29 09:03:58.453,7232.0000,26,0,0.0000,0.0000,0,0,多换,B,7200.0000,0.0000,0.0000,0.0000,0.0000,7260.0000,0.0000,0.0000,0.0000,0.0000,1,0,0,0,0,2,0,0,0,0
zc,TA304,2012-06-29 09:03:58.907,7232.0000,26,0,0.0000,0.0000,0,0,多换,B,7202.0000,0.0000,0.0000,0.0000,0.0000,7264.0000,0.0000,0.0000,0.0000,0.0000,5,0,0,0,0,2,0,0,0,0
zc,TA304,2012-06-29 09:04:02.157,7232.0000,26,0,0.0000,0.0000,0,0,多换,B,7200.0000,0.0000,0.0000,0.0000,0.0000,7260.0000,0.0000,0.0000,0.0000,0.0000,1,0,0,0,0,2,0,0,0,0
zc,TA304,2012-06-29 09:04:02.673,7232.0000,26,0,0.0000,0.0000,0,0,多换,B,7210.0000,0.0000,0.0000,0.0000,0.0000,7262.0000,0.0000,0.0000,0.0000,0.0000,1,0,0,0,0,2,0,0,0,0
zc,TA304,2012-06-29 09:04:04.627,7232.0000,26,0,0.0000,0.0000,0,0,多换,B,7200.0000,0.0000,0.0000,0.0000,0.0000,7262.0000,0.0000,0.0000,0.0000,0.0000,6,0,0,0,0,2,0,0,0,0
zc,TA304,2012-06-29 09:04:08.140,7232.0000,26,0,0.0000,0.0000,0,0,多换,B,7200.0000,0.0000,0.0000,0.0000,0.0000,7260.0000,0.0000,0.0000,0.0000,0.0000,1,0,0,0,0,2,0,0,0,0
zc,TA304,2012-06-29 09:04:08.673,7232.0000,26,0,0.0000,0.0000,0,0,多换,B,7200.0000,0.0000,0.0000,0.0000,0.0000,7262.0000,0.0000,0.0000,0.0000,0.0000,1,0,0,0,0,2,0,0,0,0
zc,TA304,2012-06-29 09:04:09.687,7232.0000,26,0,0.0000,0.0000,0,0,多换,B,7200.0000,0.0000,0.0000,0.0000,0.0000,7262.0000,0.0000,0.0000,0.0000,0.0000,2,0,0,0,0,2,0,0,0,0
zc,TA304,2012-06-29 09:04:09.860,7232.0000,26,0,0.0000,0.0000,0,0,多换,B,7200.0000,0.0000,0.0000,0.0000,0.0000,7262.0000,0.0000,0.0000,0.0000,0.0000,1,0,0,0,0,2,0,0,0,0
zc,TA304,2012-06-29 09:04:10.907,7232.0000,26,0,0.0000,0.0000,0,0,多换,B,7200.0000,0.0000,0.0000,0.0000,0.0000,7262.0000,0.0000,0.0000,0.0000,0.0000,3,0,0,0,0,2,0,0,0,0
zc,TA304,2012-06-29 09:04:11.453,7232.0000,26,0,0.0000,0.0000,0,0,多换,B,7200.0000,0.0000,0.0000,0.0000,0.0000,7260.0000,0.0000,0.0000,0.0000,0.0000,1,0,0,0,0,2,0,0,0,0
zc,TA304,2012-06-29 09:04:12.657,7232.0000,26,0,0.0000,0.0000,0,0,多换,B,7200.0000,0.0000,0.0000,0.0000,0.0000,7262.0000,0.0000,0.0000,0.0000,0.0000,6,0,0,0,0,2,0,0,0,0
zc,TA304,2012-06-29 09:04:13.890,7232.0000,26,0,0.0000,0.0000,0,0,多换,B,7200.0000,0.0000,0.0000,0.0000,0.0000,7260.0000,0.0000,0.0000,0.0000,0.0000,1,0,0,0,0,2,0,0,0,0
zc,TA304,2012-06-29 09:04:15.157,7232.0000,26,0,0.0000,0.0000,0,0,多换,B,7200.0000,0.0000,0.0000,0.0000,0.0000,7262.0000,0.0000,0.0000,0.0000,0.0000,1,0,0,0,0,2,0,0,0,0
zc,TA304,2012-06-29 09:04:15.907,7232.0000,26,0,0.0000,0.0000,0,0,多换,B,7200.0000,0.0000,0.0000,0.0000,0.0000,7260.0000,0.0000,0.0000,0.0000,0.0000,1,0,0,0,0,2,0,0,0,0
zc,TA304,2012-06-29 09:04:16.407,7232.0000,26,0,0.0000,0.0000,0,0,多换,B,7200.0000,0.0000,0.0000,0.0000,0.0000,7262.0000,0.0000,0.0000,0.0000,0.0000,6,0,0,0,0,2,0,0,0,0
zc,TA304,2012-06-29 09:04:18.907,7232.0000,26,0,0.0000,0.0000,0,0,多换,B,7200.0000,0.0000,0.0000,0.0000,0.0000,7260.0000,0.0000,0.0000,0.0000,0.0000,1,0,0,0,0,2,0,0,0,0
zc,TA304,2012-06-29 09:04:19.377,7232.0000,26,0,0.0000,0.0000,0,0,多换,B,7200.0000,0.0000,0.0000,0.0000,0.0000,7262.0000,0.0000,0.0000,0.0000,0.0000,1,0,0,0,0,2,0,0,0,0
zc,TA304,2012-06-29 09:04:20.157,7232.0000,26,0,0.0000,0.0000,0,0,多换,B,7200.0000,0.0000,0.0000,0.0000,0.0000,7262.0000,0.0000,0.0000,0.0000,0.0000,6,0,0,0,0,2,0,0,0,0
zc,TA304,2012-06-29 09:04:21.923,7232.0000,26,0,0.0000,0.0000,0,0,多换,B,7200.0000,0.0000,0.0000,0.0000,0.0000,7260.0000,0.0000,0.0000,0.0000,0.0000,1,0,0,0,0,2,0,0,0,0
zc,TA304,2012-06-29 09:04:22.657,7232.0000,26,0,0.0000,0.0000,0,0,多换,B,7200.0000,0.0000,0.0000,0.0000,0.0000,7262.0000,0.0000,0.0000,0.0000,0.0000,3,0,0,0,0,2,0,0,0,0
zc,TA304,2012-06-29 09:04:23.187,7232.0000,26,0,0.0000,0.0000,0,0,多换,B,7200.0000,0.0000,0.0000,0.0000,0.0000,7256.0000,0.0000,0.0000,0.0000,0.0000,6,0,0,0,0,1,0,0,0,0
zc,TA304,2012-06-29 09:04:28.640,7232.0000,26,0,0.0000,0.0000,0,0,多换,B,7200.0000,0.0000,0.0000,0.0000,0.0000,7256.0000,0.0000,0.0000,0.0000,0.0000,1,0,0,0,0,1,0,0,0,0
zc,TA304,2012-06-29 09:04:35.407,7232.0000,26,0,0.0000,0.0000,0,0,多换,B,7202.0000,0.0000,0.0000,0.0000,0.0000,7256.0000,0.0000,0.0000,0.0000,0.0000,1,0,0,0,0,1,0,0,0,0
zc,TA304,2012-06-29 09:04:37.173,7232.0000,26,0,0.0000,0.0000,0,0,多换,B,7208.0000,0.0000,0.0000,0.0000,0.0000,7256.0000,0.0000,0.0000,0.0000,0.0000,1,0,0,0,0,1,0,0,0,0
zc,TA304,2012-06-29 09:04:37.640,7232.0000,26,0,0.0000,0.0000,0,0,多换,B,7208.0000,0.0000,0.0000,0.0000,0.0000,7254.0000,0.0000,0.0000,0.0000,0.0000,1,0,0,0,0,1,0,0,0,0
zc,TA304,2012-06-29 09:04:38.127,7232.0000,26,0,0.0000,0.0000,0,0,多换,B,7208.0000,0.0000,0.0000,0.0000,0.0000,7256.0000,0.0000,0.0000,0.0000,0.0000,1,0,0,0,0,1,0,0,0,0
zc,TA304,2012-06-29 09:04:39.360,7232.0000,26,0,0.0000,0.0000,0,0,多换,B,7202.0000,0.0000,0.0000,0.0000,0.0000,7256.0000,0.0000,0.0000,0.0000,0.0000,1,0,0,0,0,1,0,0,0,0
zc,TA304,2012-06-29 09:04:44.110,7232.0000,26,0,0.0000,0.0000,0,0,多换,B,7202.0000,0.0000,0.0000,0.0000,0.0000,7254.0000,0.0000,0.0000,0.0000,0.0000,1,0,0,0,0,1,0,0,0,0
zc,TA304,2012-06-29 09:04:46.390,7232.0000,26,0,0.0000,0.0000,0,0,多换,B,7202.0000,0.0000,0.0000,0.0000,0.0000,7256.0000,0.0000,0.0000,0.0000,0.0000,1,0,0,0,0,1,0,0,0,0
zc,TA304,2012-06-29 09:05:08.140,7232.0000,26,0,0.0000,0.0000,0,0,多换,B,7212.0000,0.0000,0.0000,0.0000,0.0000,7258.0000,0.0000,0.0000,0.0000,0.0000,1,0,0,0,0,1,0,0,0,0
zc,TA304,2012-06-29 09:05:15.377,7232.0000,26,0,0.0000,0.0000,0,0,多换,B,7214.0000,0.0000,0.0000,0.0000,0.0000,7262.0000,0.0000,0.0000,0.0000,0.0000,1,0,0,0,0,2,0,0,0,0
zc,TA304,2012-06-29 09:05:20.127,7232.0000,26,0,0.0000,0.0000,0,0,多换,B,7214.0000,0.0000,0.0000,0.0000,0.0000,7264.0000,0.0000,0.0000,0.0000,0.0000,1,0,0,0,0,2,0,0,0,0
zc,TA304,2012-06-29 09:05:21.187,7232.0000,26,0,0.0000,0.0000,0,0,多换,B,7214.0000,0.0000,0.0000,0.0000,0.0000,7262.0000,0.0000,0.0000,0.0000,0.0000,1,0,0,0,0,1,0,0,0,0
zc,TA304,2012-06-29 09:05:21.610,7232.0000,26,0,0.0000,0.0000,0,0,多换,B,7214.0000,0.0000,0.0000,0.0000,0.0000,7264.0000,0.0000,0.0000,0.0000,0.0000,1,0,0,0,0,2,0,0,0,0
zc,TA304,2012-06-29 09:05:22.377,7232.0000,26,0,0.0000,0.0000,0,0,多换,B,7214.0000,0.0000,0.0000,0.0000,0.0000,7262.0000,0.0000,0.0000,0.0000,0.0000,1,0,0,0,0,2,0,0,0,0
zc,TA304,2012-06-29 09:05:22.860,7232.0000,26,0,0.0000,0.0000,0,0,多换,B,7214.0000,0.0000,0.0000,0.0000,0.0000,7262.0000,0.0000,0.0000,0.0000,0.0000,1,0,0,0,0,1,0,0,0,0
zc,TA304,2012-06-29 09:05:23.377,7232.0000,26,0,0.0000,0.0000,0,0,多换,B,7214.0000,0.0000,0.0000,0.0000,0.0000,7264.0000,0.0000,0.0000,0.0000,0.0000,1,0,0,0,0,2,0,0,0,0
zc,TA304,2012-06-29 09:05:27.407,7232.0000,26,0,0.0000,0.0000,0,0,多换,B,7212.0000,0.0000,0.0000,0.0000,0.0000,7264.0000,0.0000,0.0000,0.0000,0.0000,1,0,0,0,0,2,0,0,0,0
zc,TA304,2012-06-29 09:05:28.203,7232.0000,26,0,0.0000,0.0000,0,0,多换,B,7212.0000,0.0000,0.0000,0.0000,0.0000,7262.0000,0.0000,0.0000,0.0000,0.0000,1,0,0,0,0,3,0,0,0,0
zc,TA304,2012-06-29 09:05:29.407,7232.0000,26,0,0.0000,0.0000,0,0,多换,B,7212.0000,0.0000,0.0000,0.0000,0.0000,7262.0000,0.0000,0.0000,0.0000,0.0000,1,0,0,0,0,2,0,0,0,0
zc,TA304,2012-06-29 09:05:29.890,7232.0000,26,0,0.0000,0.0000,0,0,多换,B,7212.0000,0.0000,0.0000,0.0000,0.0000,7262.0000,0.0000,0.0000,0.0000,0.0000,1,0,0,0,0,3,0,0,0,0
zc,TA304,2012-06-29 09:05:30.390,7232.0000,26,0,0.0000,0.0000,0,0,多换,B,7212.0000,0.0000,0.0000,0.0000,0.0000,7262.0000,0.0000,0.0000,0.0000,0.0000,1,0,0,0,0,1,0,0,0,0
zc,TA304,2012-06-29 09:05:31.360,7232.0000,26,0,0.0000,0.0000,0,0,多换,B,7212.0000,0.0000,0.0000,0.0000,0.0000,7264.0000,0.0000,0.0000,0.0000,0.0000,1,0,0,0,0,2,0,0,0,0
zc,TA304,2012-06-29 09:05:32.127,7232.0000,26,0,0.0000,0.0000,0,0,多换,B,7212.0000,0.0000,0.0000,0.0000,0.0000,7262.0000,0.0000,0.0000,0.0000,0.0000,1,0,0,0,0,2,0,0,0,0
zc,TA304,2012-06-29 09:05:35.640,7232.0000,26,0,0.0000,0.0000,0,0,多换,B,7212.0000,0.0000,0.0000,0.0000,0.0000,7262.0000,0.0000,0.0000,0.0000,0.0000,1,0,0,0,0,3,0,0,0,0
zc,TA304,2012-06-29 09:05:39.140,7232.0000,26,0,0.0000,0.0000,0,0,多换,B,7212.0000,0.0000,0.0000,0.0000,0.0000,7262.0000,0.0000,0.0000,0.0000,0.0000,1,0,0,0,0,1,0,0,0,0
zc,TA304,2012-06-29 09:05:41.127,7232.0000,26,0,0.0000,0.0000,0,0,多换,B,7212.0000,0.0000,0.0000,0.0000,0.0000,7260.0000,0.0000,0.0000,0.0000,0.0000,1,0,0,0,0,1,0,0,0,0
zc,TA304,2012-06-29 09:05:41.580,7232.0000,26,0,0.0000,0.0000,0,0,多换,B,7202.0000,0.0000,0.0000,0.0000,0.0000,7260.0000,0.0000,0.0000,0.0000,0.0000,6,0,0,0,0,1,0,0,0,0
zc,TA304,2012-06-29 09:05:43.923,7232.0000,26,0,0.0000,0.0000,0,0,多换,B,7204.0000,0.0000,0.0000,0.0000,0.0000,7260.0000,0.0000,0.0000,0.0000,0.0000,5,0,0,0,0,1,0,0,0,0
zc,TA304,2012-06-29 09:05:44.390,7232.0000,26,0,0.0000,0.0000,0,0,多换,B,7208.0000,0.0000,0.0000,0.0000,0.0000,7260.0000,0.0000,0.0000,0.0000,0.0000,1,0,0,0,0,1,0,0,0,0
zc,TA304,2012-06-29 09:05:50.687,7232.0000,26,0,0.0000,0.0000,0,0,多换,B,7210.0000,0.0000,0.0000,0.0000,0.0000,7260.0000,0.0000,0.0000,0.0000,0.0000,1,0,0,0,0,1,0,0,0,0
zc,TA304,2012-06-29 09:05:52.907,7232.0000,26,0,0.0000,0.0000,0,0,多换,B,7218.0000,0.0000,0.0000,0.0000,0.0000,7260.0000,0.0000,0.0000,0.0000,0.0000,1,0,0,0,0,1,0,0,0,0
zc,TA304,2012-06-29 09:05:57.890,7232.0000,26,0,0.0000,0.0000,0,0,多换,B,7226.0000,0.0000,0.0000,0.0000,0.0000,7260.0000,0.0000,0.0000,0.0000,0.0000,1,0,0,0,0,1,0,0,0,0
zc,TA304,2012-06-29 09:06:40.127,7232.0000,26,0,0.0000,0.0000,0,0,多换,B,7210.0000,0.0000,0.0000,0.0000,0.0000,7260.0000,0.0000,0.0000,0.0000,0.0000,5,0,0,0,0,1,0,0,0,0
zc,TA304,2012-06-29 09:06:41.877,7232.0000,26,0,0.0000,0.0000,0,0,多换,B,7208.0000,0.0000,0.0000,0.0000,0.0000,7260.0000,0.0000,0.0000,0.0000,0.0000,1,0,0,0,0,1,0,0,0,0
zc,TA304,2012-06-29 09:06:42.360,7232.0000,26,0,0.0000,0.0000,0,0,多换,B,7206.0000,0.0000,0.0000,0.0000,0.0000,7260.0000,0.0000,0.0000,0.0000,0.0000,4,0,0,0,0,1,0,0,0,0
zc,TA304,2012-06-29 09:06:44.140,7232.0000,26,0,0.0000,0.0000,0,0,多换,B,7214.0000,0.0000,0.0000,0.0000,0.0000,7260.0000,0.0000,0.0000,0.0000,0.0000,1,0,0,0,0,1,0,0,0,0
zc,TA304,2012-06-29 09:06:44.610,7232.0000,26,0,0.0000,0.0000,0,0,多换,B,7210.0000,0.0000,0.0000,0.0000,0.0000,7260.0000,0.0000,0.0000,0.0000,0.0000,2,0,0,0,0,1,0,0,0,0
zc,TA304,2012-06-29 09:06:45.157,7232.0000,26,0,0.0000,0.0000,0,0,多换,B,7204.0000,0.0000,0.0000,0.0000,0.0000,7260.0000,0.0000,0.0000,0.0000,0.0000,5,0,0,0,0,1,0,0,0,0
zc,TA304,2012-06-29 09:06:45.877,7232.0000,26,0,0.0000,0.0000,0,0,多换,B,7212.0000,0.0000,0.0000,0.0000,0.0000,7260.0000,0.0000,0.0000,0.0000,0.0000,1,0,0,0,0,1,0,0,0,0
zc,TA304,2012-06-29 09:06:50.407,7232.0000,26,0,0.0000,0.0000,0,0,多换,B,7206.0000,0.0000,0.0000,0.0000,0.0000,7260.0000,0.0000,0.0000,0.0000,0.0000,1,0,0,0,0,1,0,0,0,0
zc,TA304,2012-06-29 09:06:52.127,7232.0000,26,0,0.0000,0.0000,0,0,多换,B,7204.0000,0.0000,0.0000,0.0000,0.0000,7258.0000,0.0000,0.0000,0.0000,0.0000,5,0,0,0,0,1,0,0,0,0
zc,TA304,2012-06-29 09:06:52.890,7232.0000,26,0,0.0000,0.0000,0,0,多换,B,7210.0000,0.0000,0.0000,0.0000,0.0000,7260.0000,0.0000,0.0000,0.0000,0.0000,6,0,0,0,0,1,0,0,0,0
zc,TA304,2012-06-29 09:06:53.877,7232.0000,26,0,0.0000,0.0000,0,0,多换,B,7210.0000,0.0000,0.0000,0.0000,0.0000,7260.0000,0.0000,0.0000,0.0000,0.0000,5,0,0,0,0,1,0,0,0,0
zc,TA304,2012-06-29 09:06:58.360,7232.0000,26,0,0.0000,0.0000,0,0,多换,B,7210.0000,0.0000,0.0000,0.0000,0.0000,7260.0000,0.0000,0.0000,0.0000,0.0000,1,0,0,0,0,1,0,0,0,0
zc,TA304,2012-06-29 09:06:59.610,7232.0000,26,0,0.0000,0.0000,0,0,多换,B,7210.0000,0.0000,0.0000,0.0000,0.0000,7260.0000,0.0000,0.0000,0.0000,0.0000,3,0,0,0,0,1,0,0,0,0
zc,TA304,2012-06-29 09:07:00.610,7232.0000,26,0,0.0000,0.0000,0,0,多换,B,7210.0000,0.0000,0.0000,0.0000,0.0000,7260.0000,0.0000,0.0000,0.0000,0.0000,4,0,0,0,0,1,0,0,0,0
zc,TA304,2012-06-29 09:07:01.860,7232.0000,26,0,0.0000,0.0000,0,0,多换,B,7210.0000,0.0000,0.0000,0.0000,0.0000,7260.0000,0.0000,0.0000,0.0000,0.0000,5,0,0,0,0,1,0,0,0,0
zc,TA304,2012-06-29 09:07:11.390,7232.0000,26,0,0.0000,0.0000,0,0,多换,B,7210.0000,0.0000,0.0000,0.0000,0.0000,7260.0000,0.0000,0.0000,0.0000,0.0000,4,0,0,0,0,1,0,0,0,0
zc,TA304,2012-06-29 09:07:11.640,7232.0000,26,0,0.0000,0.0000,0,0,多换,B,7210.0000,0.0000,0.0000,0.0000,0.0000,7260.0000,0.0000,0.0000,0.0000,0.0000,3,0,0,0,0,1,0,0,0,0
zc,TA304,2012-06-29 09:07:12.390,7232.0000,26,0,0.0000,0.0000,0,0,多换,B,7210.0000,0.0000,0.0000,0.0000,0.0000,7260.0000,0.0000,0.0000,0.0000,0.0000,1,0,0,0,0,1,0,0,0,0
zc,TA304,2012-06-29 09:07:14.127,7232.0000,26,0,0.0000,0.0000,0,0,多换,B,7208.0000,0.0000,0.0000,0.0000,0.0000,7260.0000,0.0000,0.0000,0.0000,0.0000,5,0,0,0,0,1,0,0,0,0
zc,TA304,2012-06-29 09:07:30.627,7232.0000,26,0,0.0000,0.0000,0,0,多换,B,7212.0000,0.0000,0.0000,0.0000,0.0000,7258.0000,0.0000,0.0000,0.0000,0.0000,1,0,0,0,0,1,0,0,0,0
zc,TA304,2012-06-29 09:07:46.890,7232.0000,26,0,0.0000,0.0000,0,0,多换,B,7206.0000,0.0000,0.0000,0.0000,0.0000,7258.0000,0.0000,0.0000,0.0000,0.0000,5,0,0,0,0,1,0,0,0,0
zc,TA304,2012-06-29 09:07:47.407,7232.0000,26,0,0.0000,0.0000,0,0,多换,B,7210.0000,0.0000,0.0000,0.0000,0.0000,7258.0000,0.0000,0.0000,0.0000,0.0000,1,0,0,0,0,1,0,0,0,0
zc,TA304,2012-06-29 09:07:50.673,7232.0000,26,0,0.0000,0.0000,0,0,多换,B,7212.0000,0.0000,0.0000,0.0000,0.0000,7258.0000,0.0000,0.0000,0.0000,0.0000,1,0,0,0,0,1,0,0,0,0
zc,TA304,2012-06-29 09:07:55.187,7232.0000,26,0,0.0000,0.0000,0,0,多换,B,7204.0000,0.0000,0.0000,0.0000,0.0000,7258.0000,0.0000,0.0000,0.0000,0.0000,6,0,0,0,0,1,0,0,0,0
zc,TA304,2012-06-29 09:07:55.890,7232.0000,26,0,0.0000,0.0000,0,0,多换,B,7212.0000,0.0000,0.0000,0.0000,0.0000,7258.0000,0.0000,0.0000,0.0000,0.0000,1,0,0,0,0,1,0,0,0,0
zc,TA304,2012-06-29 09:07:59.390,7232.0000,26,0,0.0000,0.0000,0,0,多换,B,7208.0000,0.0000,0.0000,0.0000,0.0000,7258.0000,0.0000,0.0000,0.0000,0.0000,5,0,0,0,0,1,0,0,0,0
zc,TA304,2012-06-29 09:07:59.923,7232.0000,26,0,0.0000,0.0000,0,0,多换,B,7214.0000,0.0000,0.0000,0.0000,0.0000,7258.0000,0.0000,0.0000,0.0000,0.0000,1,0,0,0,0,1,0,0,0,0
zc,TA304,2012-06-29 09:08:05.407,7232.0000,26,0,0.0000,0.0000,0,0,多换,B,7206.0000,0.0000,0.0000,0.0000,0.0000,7258.0000,0.0000,0.0000,0.0000,0.0000,5,0,0,0,0,1,0,0,0,0
zc,TA304,2012-06-29 09:08:05.890,7232.0000,26,0,0.0000,0.0000,0,0,多换,B,7210.0000,0.0000,0.0000,0.0000,0.0000,7258.0000,0.0000,0.0000,0.0000,0.0000,1,0,0,0,0,1,0,0,0,0
zc,TA304,2012-06-29 09:08:09.640,7232.0000,26,0,0.0000,0.0000,0,0,多换,B,7210.0000,0.0000,0.0000,0.0000,0.0000,7260.0000,0.0000,0.0000,0.0000,0.0000,1,0,0,0,0,1,0,0,0,0
zc,TA304,2012-06-29 09:08:21.080,7232.0000,26,0,0.0000,0.0000,0,0,多换,B,7210.0000,0.0000,0.0000,0.0000,0.0000,7260.0000,0.0000,0.0000,0.0000,0.0000,1,0,0,0,0,1,0,0,0,0
zc,TA304,2012-06-29 09:08:31.627,7232.0000,26,0,0.0000,0.0000,0,0,多换,B,7210.0000,0.0000,0.0000,0.0000,0.0000,7260.0000,0.0000,0.0000,0.0000,0.0000,3,0,0,0,0,1,0,0,0,0
zc,TA304,2012-06-29 09:08:32.877,7232.0000,26,0,0.0000,0.0000,0,0,多换,B,7210.0000,0.0000,0.0000,0.0000,0.0000,7260.0000,0.0000,0.0000,0.0000,0.0000,4,0,0,0,0,1,0,0,0,0
zc,TA304,2012-06-29 09:08:34.627,7232.0000,26,0,0.0000,0.0000,0,0,多换,B,7210.0000,0.0000,0.0000,0.0000,0.0000,7260.0000,0.0000,0.0000,0.0000,0.0000,3,0,0,0,0,1,0,0,0,0
zc,TA304,2012-06-29 09:08:35.377,7232.0000,26,0,0.0000,0.0000,0,0,多换,B,7210.0000,0.0000,0.0000,0.0000,0.0000,7260.0000,0.0000,0.0000,0.0000,0.0000,1,0,0,0,0,1,0,0,0,0
zc,TA304,2012-06-29 09:08:36.360,7232.0000,26,0,0.0000,0.0000,0,0,多换,B,7210.0000,0.0000,0.0000,0.0000,0.0000,7260.0000,0.0000,0.0000,0.0000,0.0000,2,0,0,0,0,1,0,0,0,0
zc,TA304,2012-06-29 09:08:37.640,7232.0000,26,0,0.0000,0.0000,0,0,多换,B,7210.0000,0.0000,0.0000,0.0000,0.0000,7260.0000,0.0000,0.0000,0.0000,0.0000,1,0,0,0,0,1,0,0,0,0
zc,TA304,2012-06-29 09:08:39.377,7232.0000,26,0,0.0000,0.0000,0,0,多换,B,7216.0000,0.0000,0.0000,0.0000,0.0000,7260.0000,0.0000,0.0000,0.0000,0.0000,1,0,0,0,0,1,0,0,0,0
zc,TA304,2012-06-29 09:08:41.890,7232.0000,26,0,0.0000,0.0000,0,0,多换,B,7210.0000,0.0000,0.0000,0.0000,0.0000,7260.0000,0.0000,0.0000,0.0000,0.0000,1,0,0,0,0,1,0,0,0,0
zc,TA304,2012-06-29 09:08:42.657,7232.0000,26,0,0.0000,0.0000,0,0,多换,B,7216.0000,0.0000,0.0000,0.0000,0.0000,7260.0000,0.0000,0.0000,0.0000,0.0000,1,0,0,0,0,1,0,0,0,0
zc,TA304,2012-06-29 09:08:47.127,7232.0000,26,0,0.0000,0.0000,0,0,多换,B,7212.0000,0.0000,0.0000,0.0000,0.0000,7260.0000,0.0000,0.0000,0.0000,0.0000,5,0,0,0,0,1,0,0,0,0
zc,TA304,2012-06-29 09:08:52.390,7232.0000,26,0,0.0000,0.0000,0,0,多换,B,7214.0000,0.0000,0.0000,0.0000,0.0000,7260.0000,0.0000,0.0000,0.0000,0.0000,5,0,0,0,0,1,0,0,0,0
zc,TA304,2012-06-29 09:08:54.640,7232.0000,26,0,0.0000,0.0000,0,0,多换,B,7212.0000,0.0000,0.0000,0.0000,0.0000,7260.0000,0.0000,0.0000,0.0000,0.0000,5,0,0,0,0,1,0,0,0,0
zc,TA304,2012-06-29 09:08:59.360,7232.0000,26,0,0.0000,0.0000,0,0,多换,B,7220.0000,0.0000,0.0000,0.0000,0.0000,7260.0000,0.0000,0.0000,0.0000,0.0000,1,0,0,0,0,1,0,0,0,0
zc,TA304,2012-06-29 09:09:06.390,7232.0000,26,0,0.0000,0.0000,0,0,多换,B,7216.0000,0.0000,0.0000,0.0000,0.0000,7260.0000,0.0000,0.0000,0.0000,0.0000,5,0,0,0,0,1,0,0,0,0
zc,TA304,2012-06-29 09:09:07.687,7232.0000,26,0,0.0000,0.0000,0,0,多换,B,7218.0000,0.0000,0.0000,0.0000,0.0000,7260.0000,0.0000,0.0000,0.0000,0.0000,5,0,0,0,0,1,0,0,0,0
zc,TA304,2012-06-29 09:09:08.140,7232.0000,26,0,0.0000,0.0000,0,0,多换,B,7220.0000,0.0000,0.0000,0.0000,0.0000,7260.0000,0.0000,0.0000,0.0000,0.0000,5,0,0,0,0,1,0,0,0,0
zc,TA304,2012-06-29 09:09:11.860,7232.0000,26,0,0.0000,0.0000,0,0,多换,B,7222.0000,0.0000,0.0000,0.0000,0.0000,7260.0000,0.0000,0.0000,0.0000,0.0000,5,0,0,0,0,1,0,0,0,0
zc,TA304,2012-06-29 09:09:12.377,7232.0000,26,0,0.0000,0.0000,0,0,多换,B,7220.0000,0.0000,0.0000,0.0000,0.0000,7260.0000,0.0000,0.0000,0.0000,0.0000,5,0,0,0,0,1,0,0,0,0
zc,TA304,2012-06-29 09:09:15.377,7232.0000,26,0,0.0000,0.0000,0,0,多换,B,7218.0000,0.0000,0.0000,0.0000,0.0000,7260.0000,0.0000,0.0000,0.0000,0.0000,5,0,0,0,0,1,0,0,0,0
zc,TA304,2012-06-29 09:09:21.360,7232.0000,26,0,0.0000,0.0000,0,0,多换,B,7220.0000,0.0000,0.0000,0.0000,0.0000,7260.0000,0.0000,0.0000,0.0000,0.0000,5,0,0,0,0,1,0,0,0,0
zc,TA304,2012-06-29 09:09:21.860,7232.0000,26,0,0.0000,0.0000,0,0,多换,B,7226.0000,0.0000,0.0000,0.0000,0.0000,7260.0000,0.0000,0.0000,0.0000,0.0000,1,0,0,0,0,1,0,0,0,0
zc,TA304,2012-06-29 09:09:35.627,7232.0000,26,0,0.0000,0.0000,0,0,多换,B,7226.0000,0.0000,0.0000,0.0000,0.0000,7280.0000,0.0000,0.0000,0.0000,0.0000,1,0,0,0,0,1,0,0,0,0
zc,TA304,2012-06-29 09:09:37.877,7232.0000,26,0,0.0000,0.0000,0,0,多换,B,7226.0000,0.0000,0.0000,0.0000,0.0000,7280.0000,0.0000,0.0000,0.0000,0.0000,1,0,0,0,0,3,0,0,0,0
zc,TA304,2012-06-29 09:09:40.343,7232.0000,26,0,0.0000,0.0000,0,0,多换,B,7226.0000,0.0000,0.0000,0.0000,0.0000,7278.0000,0.0000,0.0000,0.0000,0.0000,1,0,0,0,0,1,0,0,0,0
zc,TA304,2012-06-29 09:09:50.360,7232.0000,26,0,0.0000,0.0000,0,0,多换,B,7216.0000,0.0000,0.0000,0.0000,0.0000,7268.0000,0.0000,0.0000,0.0000,0.0000,6,0,0,0,0,1,0,0,0,0
zc,TA304,2012-06-29 09:09:51.627,7232.0000,26,0,0.0000,0.0000,0,0,多换,B,7222.0000,0.0000,0.0000,0.0000,0.0000,7268.0000,0.0000,0.0000,0.0000,0.0000,1,0,0,0,0,1,0,0,0,0
zc,TA304,2012-06-29 09:09:52.877,7232.0000,26,0,0.0000,0.0000,0,0,多换,B,7218.0000,0.0000,0.0000,0.0000,0.0000,7268.0000,0.0000,0.0000,0.0000,0.0000,5,0,0,0,0,1,0,0,0,0
zc,TA304,2012-06-29 09:09:53.360,7232.0000,26,0,0.0000,0.0000,0,0,多换,B,7224.0000,0.0000,0.0000,0.0000,0.0000,7268.0000,0.0000,0.0000,0.0000,0.0000,1,0,0,0,0,1,0,0,0,0
zc,TA304,2012-06-29 09:09:54.610,7232.0000,26,0,0.0000,0.0000,0,0,多换,B,7220.0000,0.0000,0.0000,0.0000,0.0000,7268.0000,0.0000,0.0000,0.0000,0.0000,2,0,0,0,0,1,0,0,0,0
zc,TA304,2012-06-29 09:09:55.127,7232.0000,26,0,0.0000,0.0000,0,0,多换,B,7218.0000,0.0000,0.0000,0.0000,0.0000,7268.0000,0.0000,0.0000,0.0000,0.0000,5,0,0,0,0,1,0,0,0,0
zc,TA304,2012-06-29 09:09:57.860,7232.0000,26,0,0.0000,0.0000,0,0,多换,B,7220.0000,0.0000,0.0000,0.0000,0.0000,7268.0000,0.0000,0.0000,0.0000,0.0000,5,0,0,0,0,1,0,0,0,0
zc,TA304,2012-06-29 09:10:00.343,7232.0000,26,0,0.0000,0.0000,0,0,多换,B,7218.0000,0.0000,0.0000,0.0000,0.0000,7268.0000,0.0000,0.0000,0.0000,0.0000,5,0,0,0,0,1,0,0,0,0
zc,TA304,2012-06-29 09:10:00.640,7232.0000,26,0,0.0000,0.0000,0,0,多换,B,7220.0000,0.0000,0.0000,0.0000,0.0000,7268.0000,0.0000,0.0000,0.0000,0.0000,2,0,0,0,0,1,0,0,0,0
zc,TA304,2012-06-29 09:10:01.343,7232.0000,26,0,0.0000,0.0000,0,0,多换,B,7218.0000,0.0000,0.0000,0.0000,0.0000,7268.0000,0.0000,0.0000,0.0000,0.0000,5,0,0,0,0,1,0,0,0,0
zc,TA304,2012-06-29 09:10:03.080,7232.0000,26,0,0.0000,0.0000,0,0,多换,B,7222.0000,0.0000,0.0000,0.0000,0.0000,7268.0000,0.0000,0.0000,0.0000,0.0000,1,0,0,0,0,1,0,0,0,0
zc,TA304,2012-06-29 09:10:34.127,7232.0000,26,0,0.0000,0.0000,0,0,多换,B,7218.0000,0.0000,0.0000,0.0000,0.0000,7268.0000,0.0000,0.0000,0.0000,0.0000,1,0,0,0,0,1,0,0,0,0
zc,TA304,2012-06-29 09:10:40.407,7232.0000,26,0,0.0000,0.0000,0,0,多换,B,7218.0000,0.0000,0.0000,0.0000,0.0000,7268.0000,0.0000,0.0000,0.0000,0.0000,6,0,0,0,0,1,0,0,0,0
zc,TA304,2012-06-29 09:10:40.877,7232.0000,26,0,0.0000,0.0000,0,0,多换,B,7218.0000,0.0000,0.0000,0.0000,0.0000,7268.0000,0.0000,0.0000,0.0000,0.0000,5,0,0,0,0,1,0,0,0,0
zc,TA304,2012-06-29 09:10:41.360,7232.0000,26,0,0.0000,0.0000,0,0,多换,B,7220.0000,0.0000,0.0000,0.0000,0.0000,7268.0000,0.0000,0.0000,0.0000,0.0000,1,0,0,0,0,1,0,0,0,0
zc,TA304,2012-06-29 09:10:43.657,7232.0000,26,0,0.0000,0.0000,0,0,多换,B,7216.0000,0.0000,0.0000,0.0000,0.0000,7268.0000,0.0000,0.0000,0.0000,0.0000,6,0,0,0,0,1,0,0,0,0
zc,TA304,2012-06-29 09:10:44.877,7232.0000,26,0,0.0000,0.0000,0,0,多换,B,7218.0000,0.0000,0.0000,0.0000,0.0000,7268.0000,0.0000,0.0000,0.0000,0.0000,1,0,0,0,0,1,0,0,0,0
zc,TA304,2012-06-29 09:10:45.423,7232.0000,26,0,0.0000,0.0000,0,0,多换,B,7216.0000,0.0000,0.0000,0.0000,0.0000,7268.0000,0.0000,0.0000,0.0000,0.0000,6,0,0,0,0,1,0,0,0,0
zc,TA304,2012-06-29 09:10:45.907,7232.0000,26,0,0.0000,0.0000,0,0,多换,B,7220.0000,0.0000,0.0000,0.0000,0.0000,7268.0000,0.0000,0.0000,0.0000,0.0000,1,0,0,0,0,1,0,0,0,0
zc,TA304,2012-06-29 09:10:48.843,7232.0000,26,0,0.0000,0.0000,0,0,多换,B,7216.0000,0.0000,0.0000,0.0000,0.0000,7268.0000,0.0000,0.0000,0.0000,0.0000,6,0,0,0,0,1,0,0,0,0
zc,TA304,2012-06-29 09:10:49.360,7232.0000,26,0,0.0000,0.0000,0,0,多换,B,7218.0000,0.0000,0.0000,0.0000,0.0000,7268.0000,0.0000,0.0000,0.0000,0.0000,1,0,0,0,0,1,0,0,0,0
zc,TA304,2012-06-29 09:10:57.157,7232.0000,26,0,0.0000,0.0000,0,0,多换,B,7216.0000,0.0000,0.0000,0.0000,0.0000,7268.0000,0.0000,0.0000,0.0000,0.0000,1,0,0,0,0,1,0,0,0,0
zc,TA304,2012-06-29 09:10:58.157,7232.0000,26,0,0.0000,0.0000,0,0,多换,B,7216.0000,0.0000,0.0000,0.0000,0.0000,7268.0000,0.0000,0.0000,0.0000,0.0000,6,0,0,0,0,1,0,0,0,0
zc,TA304,2012-06-29 09:10:59.343,7232.0000,26,0,0.0000,0.0000,0,0,多换,B,7218.0000,0.0000,0.0000,0.0000,0.0000,7268.0000,0.0000,0.0000,0.0000,0.0000,1,0,0,0,0,1,0,0,0,0
zc,TA304,2012-06-29 09:11:03.877,7232.0000,26,0,0.0000,0.0000,0,0,多换,B,7216.0000,0.0000,0.0000,0.0000,0.0000,7268.0000,0.0000,0.0000,0.0000,0.0000,1,0,0,0,0,1,0,0,0,0
zc,TA304,2012-06-29 09:11:04.423,7232.0000,26,0,0.0000,0.0000,0,0,多换,B,7216.0000,0.0000,0.0000,0.0000,0.0000,7268.0000,0.0000,0.0000,0.0000,0.0000,6,0,0,0,0,1,0,0,0,0
zc,TA304,2012-06-29 09:11:05.157,7232.0000,26,0,0.0000,0.0000,0,0,多换,B,7216.0000,0.0000,0.0000,0.0000,0.0000,7266.0000,0.0000,0.0000,0.0000,0.0000,6,0,0,0,0,1,0,0,0,0
zc,TA304,2012-06-29 09:11:06.110,7232.0000,26,0,0.0000,0.0000,0,0,多换,B,7218.0000,0.0000,0.0000,0.0000,0.0000,7266.0000,0.0000,0.0000,0.0000,0.0000,1,0,0,0,0,1,0,0,0,0
zc,TA304,2012-06-29 09:11:20.390,7232.0000,26,0,0.0000,0.0000,0,0,多换,B,7218.0000,0.0000,0.0000,0.0000,0.0000,7266.0000,0.0000,0.0000,0.0000,0.0000,6,0,0,0,0,1,0,0,0,0
zc,TA304,2012-06-29 09:11:21.140,7232.0000,26,0,0.0000,0.0000,0,0,多换,B,7220.0000,0.0000,0.0000,0.0000,0.0000,7266.0000,0.0000,0.0000,0.0000,0.0000,1,0,0,0,0,1,0,0,0,0
zc,TA304,2012-06-29 09:11:40.860,7232.0000,26,0,0.0000,0.0000,0,0,多换,B,7220.0000,0.0000,0.0000,0.0000,0.0000,7266.0000,0.0000,0.0000,0.0000,0.0000,5,0,0,0,0,1,0,0,0,0
zc,TA304,2012-06-29 09:11:41.093,7232.0000,26,0,0.0000,0.0000,0,0,多换,B,7222.0000,0.0000,0.0000,0.0000,0.0000,7266.0000,0.0000,0.0000,0.0000,0.0000,1,0,0,0,0,1,0,0,0,0
zc,TA304,2012-06-29 09:12:03.657,7232.0000,26,0,0.0000,0.0000,0,0,多换,B,7218.0000,0.0000,0.0000,0.0000,0.0000,7264.0000,0.0000,0.0000,0.0000,0.0000,5,0,0,0,0,1,0,0,0,0
zc,TA304,2012-06-29 09:12:11.907,7232.0000,26,0,0.0000,0.0000,0,0,多换,B,7218.0000,0.0000,0.0000,0.0000,0.0000,7266.0000,0.0000,0.0000,0.0000,0.0000,5,0,0,0,0,1,0,0,0,0
zc,TA304,2012-06-29 09:12:17.157,7232.0000,26,0,0.0000,0.0000,0,0,多换,B,7218.0000,0.0000,0.0000,0.0000,0.0000,7276.0000,0.0000,0.0000,0.0000,0.0000,5,0,0,0,0,1,0,0,0,0
zc,TA304,2012-06-29 09:12:21.080,7232.0000,26,0,0.0000,0.0000,0,0,多换,B,7218.0000,0.0000,0.0000,0.0000,0.0000,7276.0000,0.0000,0.0000,0.0000,0.0000,5,0,0,0,0,1,0,0,0,0
zc,TA304,2012-06-29 09:12:22.877,7232.0000,26,0,0.0000,0.0000,0,0,多换,B,7220.0000,0.0000,0.0000,0.0000,0.0000,7276.0000,0.0000,0.0000,0.0000,0.0000,5,0,0,0,0,1,0,0,0,0
zc,TA304,2012-06-29 09:12:30.627,7232.0000,26,0,0.0000,0.0000,0,0,多换,B,7220.0000,0.0000,0.0000,0.0000,0.0000,7276.0000,0.0000,0.0000,0.0000,0.0000,6,0,0,0,0,1,0,0,0,0
zc,TA304,2012-06-29 09:12:37.610,7232.0000,26,0,0.0000,0.0000,0,0,多换,B,7222.0000,0.0000,0.0000,0.0000,0.0000,7276.0000,0.0000,0.0000,0.0000,0.0000,1,0,0,0,0,1,0,0,0,0
zc,TA304,2012-06-29 09:12:39.377,7232.0000,26,0,0.0000,0.0000,0,0,多换,B,7220.0000,0.0000,0.0000,0.0000,0.0000,7276.0000,0.0000,0.0000,0.0000,0.0000,1,0,0,0,0,1,0,0,0,0
zc,TA304,2012-06-29 09:12:41.173,7232.0000,26,0,0.0000,0.0000,0,0,多换,B,7216.0000,0.0000,0.0000,0.0000,0.0000,7276.0000,0.0000,0.0000,0.0000,0.0000,6,0,0,0,0,1,0,0,0,0
zc,TA304,2012-06-29 09:12:46.890,7232.0000,26,0,0.0000,0.0000,0,0,多换,B,7216.0000,0.0000,0.0000,0.0000,0.0000,7276.0000,0.0000,0.0000,0.0000,0.0000,1,0,0,0,0,1,0,0,0,0
zc,TA304,2012-06-29 09:12:47.360,7232.0000,26,0,0.0000,0.0000,0,0,多换,B,7216.0000,0.0000,0.0000,0.0000,0.0000,7276.0000,0.0000,0.0000,0.0000,0.0000,2,0,0,0,0,1,0,0,0,0
zc,TA304,2012-06-29 09:12:53.890,7232.0000,26,0,0.0000,0.0000,0,0,多换,B,7216.0000,0.0000,0.0000,0.0000,0.0000,7276.0000,0.0000,0.0000,0.0000,0.0000,6,0,0,0,0,1,0,0,0,0
zc,TA304,2012-06-29 09:13:08.860,7232.0000,26,0,0.0000,0.0000,0,0,多换,B,7218.0000,0.0000,0.0000,0.0000,0.0000,7276.0000,0.0000,0.0000,0.0000,0.0000,5,0,0,0,0,1,0,0,0,0
zc,TA304,2012-06-29 09:13:12.890,7232.0000,26,0,0.0000,0.0000,0,0,多换,B,7218.0000,0.0000,0.0000,0.0000,0.0000,7276.0000,0.0000,0.0000,0.0000,0.0000,1,0,0,0,0,1,0,0,0,0
zc,TA304,2012-06-29 09:13:13.390,7232.0000,26,0,0.0000,0.0000,0,0,多换,B,7216.0000,0.0000,0.0000,0.0000,0.0000,7276.0000,0.0000,0.0000,0.0000,0.0000,6,0,0,0,0,1,0,0,0,0
zc,TA304,2012-06-29 09:13:16.890,7232.0000,26,0,0.0000,0.0000,0,0,多换,B,7218.0000,0.0000,0.0000,0.0000,0.0000,7276.0000,0.0000,0.0000,0.0000,0.0000,1,0,0,0,0,1,0,0,0,0
zc,TA304,2012-06-29 09:13:17.330,7232.0000,26,0,0.0000,0.0000,0,0,多换,B,7218.0000,0.0000,0.0000,0.0000,0.0000,7276.0000,0.0000,0.0000,0.0000,0.0000,2,0,0,0,0,1,0,0,0,0
zc,TA304,2012-06-29 09:13:17.860,7232.0000,26,0,0.0000,0.0000,0,0,多换,B,7222.0000,0.0000,0.0000,0.0000,0.0000,7276.0000,0.0000,0.0000,0.0000,0.0000,1,0,0,0,0,1,0,0,0,0
zc,TA304,2012-06-29 09:13:20.157,7232.0000,26,0,0.0000,0.0000,0,0,多换,B,7218.0000,0.0000,0.0000,0.0000,0.0000,7276.0000,0.0000,0.0000,0.0000,0.0000,4,0,0,0,0,1,0,0,0,0
zc,TA304,2012-06-29 09:13:21.360,7232.0000,26,0,0.0000,0.0000,0,0,多换,B,7218.0000,0.0000,0.0000,0.0000,0.0000,7276.0000,0.0000,0.0000,0.0000,0.0000,6,0,0,0,0,1,0,0,0,0
zc,TA304,2012-06-29 09:13:24.127,7232.0000,26,0,0.0000,0.0000,0,0,多换,B,7218.0000,0.0000,0.0000,0.0000,0.0000,7276.0000,0.0000,0.0000,0.0000,0.0000,1,0,0,0,0,1,0,0,0,0
zc,TA304,2012-06-29 09:13:25.890,7232.0000,26,0,0.0000,0.0000,0,0,多换,B,7218.0000,0.0000,0.0000,0.0000,0.0000,7276.0000,0.0000,0.0000,0.0000,0.0000,5,0,0,0,0,1,0,0,0,0
zc,TA304,2012-06-29 09:13:26.640,7232.0000,26,0,0.0000,0.0000,0,0,多换,B,7218.0000,0.0000,0.0000,0.0000,0.0000,7276.0000,0.0000,0.0000,0.0000,0.0000,6,0,0,0,0,1,0,0,0,0
zc,TA304,2012-06-29 09:13:29.343,7232.0000,26,0,0.0000,0.0000,0,0,多换,B,7218.0000,0.0000,0.0000,0.0000,0.0000,7276.0000,0.0000,0.0000,0.0000,0.0000,1,0,0,0,0,1,0,0,0,0
zc,TA304,2012-06-29 09:13:29.860,7232.0000,26,0,0.0000,0.0000,0,0,多换,B,7218.0000,0.0000,0.0000,0.0000,0.0000,7276.0000,0.0000,0.0000,0.0000,0.0000,5,0,0,0,0,1,0,0,0,0
zc,TA304,2012-06-29 09:13:32.110,7232.0000,26,0,0.0000,0.0000,0,0,多换,B,7218.0000,0.0000,0.0000,0.0000,0.0000,7276.0000,0.0000,0.0000,0.0000,0.0000,4,0,0,0,0,1,0,0,0,0
zc,TA304,2012-06-29 09:13:33.377,7232.0000,26,0,0.0000,0.0000,0,0,多换,B,7220.0000,0.0000,0.0000,0.0000,0.0000,7276.0000,0.0000,0.0000,0.0000,0.0000,5,0,0,0,0,1,0,0,0,0
zc,TA304,2012-06-29 09:13:33.890,7232.0000,26,0,0.0000,0.0000,0,0,多换,B,7218.0000,0.0000,0.0000,0.0000,0.0000,7276.0000,0.0000,0.0000,0.0000,0.0000,4,0,0,0,0,1,0,0,0,0
zc,TA304,2012-06-29 09:13:34.343,7232.0000,26,0,0.0000,0.0000,0,0,多换,B,7218.0000,0.0000,0.0000,0.0000,0.0000,7272.0000,0.0000,0.0000,0.0000,0.0000,4,0,0,0,0,1,0,0,0,0
zc,TA304,2012-06-29 09:13:35.110,7232.0000,26,0,0.0000,0.0000,0,0,多换,B,7218.0000,0.0000,0.0000,0.0000,0.0000,7272.0000,0.0000,0.0000,0.0000,0.0000,3,0,0,0,0,1,0,0,0,0
zc,TA304,2012-06-29 09:13:35.657,7232.0000,26,0,0.0000,0.0000,0,0,多换,B,7218.0000,0.0000,0.0000,0.0000,0.0000,7272.0000,0.0000,0.0000,0.0000,0.0000,1,0,0,0,0,1,0,0,0,0
zc,TA304,2012-06-29 09:13:37.377,7232.0000,26,0,0.0000,0.0000,0,0,多换,B,7218.0000,0.0000,0.0000,0.0000,0.0000,7276.0000,0.0000,0.0000,0.0000,0.0000,1,0,0,0,0,1,0,0,0,0
zc,TA304,2012-06-29 09:13:40.877,7232.0000,26,0,0.0000,0.0000,0,0,多换,B,7218.0000,0.0000,0.0000,0.0000,0.0000,7276.0000,0.0000,0.0000,0.0000,0.0000,6,0,0,0,0,1,0,0,0,0
zc,TA304,2012-06-29 09:13:42.360,7232.0000,26,0,0.0000,0.0000,0,0,多换,B,7218.0000,0.0000,0.0000,0.0000,0.0000,7272.0000,0.0000,0.0000,0.0000,0.0000,6,0,0,0,0,1,0,0,0,0
zc,TA304,2012-06-29 09:13:43.843,7232.0000,26,0,0.0000,0.0000,0,0,多换,B,7220.0000,0.0000,0.0000,0.0000,0.0000,7272.0000,0.0000,0.0000,0.0000,0.0000,5,0,0,0,0,1,0,0,0,0
zc,TA304,2012-06-29 09:13:44.610,7232.0000,26,0,0.0000,0.0000,0,0,多换,B,7218.0000,0.0000,0.0000,0.0000,0.0000,7272.0000,0.0000,0.0000,0.0000,0.0000,6,0,0,0,0,1,0,0,0,0
zc,TA304,2012-06-29 09:13:45.127,7232.0000,26,0,0.0000,0.0000,0,0,多换,B,7218.0000,0.0000,0.0000,0.0000,0.0000,7276.0000,0.0000,0.0000,0.0000,0.0000,6,0,0,0,0,1,0,0,0,0
zc,TA304,2012-06-29 09:13:45.627,7232.0000,26,0,0.0000,0.0000,0,0,多换,B,7218.0000,0.0000,0.0000,0.0000,0.0000,7272.0000,0.0000,0.0000,0.0000,0.0000,6,0,0,0,0,1,0,0,0,0
zc,TA304,2012-06-29 09:13:54.843,7232.0000,26,0,0.0000,0.0000,0,0,多换,B,7224.0000,0.0000,0.0000,0.0000,0.0000,7272.0000,0.0000,0.0000,0.0000,0.0000,1,0,0,0,0,1,0,0,0,0
zc,TA304,2012-06-29 09:14:06.093,7232.0000,26,0,0.0000,0.0000,0,0,多换,B,7224.0000,0.0000,0.0000,0.0000,0.0000,7270.0000,0.0000,0.0000,0.0000,0.0000,1,0,0,0,0,1,0,0,0,0
zc,TA304,2012-06-29 09:14:15.610,7232.0000,26,0,0.0000,0.0000,0,0,多换,B,7224.0000,0.0000,0.0000,0.0000,0.0000,7268.0000,0.0000,0.0000,0.0000,0.0000,1,0,0,0,0,1,0,0,0,0
zc,TA304,2012-06-29 09:14:25.877,7232.0000,26,0,0.0000,0.0000,0,0,多换,B,7224.0000,0.0000,0.0000,0.0000,0.0000,7270.0000,0.0000,0.0000,0.0000,0.0000,1,0,0,0,0,1,0,0,0,0
zc,TA304,2012-06-29 09:14:36.093,7232.0000,26,0,0.0000,0.0000,0,0,多换,B,7224.0000,0.0000,0.0000,0.0000,0.0000,7270.0000,0.0000,0.0000,0.0000,0.0000,1,0,0,0,0,2,0,0,0,0
zc,TA304,2012-06-29 09:14:42.343,7232.0000,26,0,0.0000,0.0000,0,0,多换,B,7224.0000,0.0000,0.0000,0.0000,0.0000,7270.0000,0.0000,0.0000,0.0000,0.0000,1,0,0,0,0,1,0,0,0,0
zc,TA304,2012-06-29 09:14:58.877,7232.0000,26,0,0.0000,0.0000,0,0,多换,B,7224.0000,0.0000,0.0000,0.0000,0.0000,7270.0000,0.0000,0.0000,0.0000,0.0000,6,0,0,0,0,1,0,0,0,0
zc,TA304,2012-06-29 09:15:01.343,7232.0000,26,0,0.0000,0.0000,0,0,多换,B,7226.0000,0.0000,0.0000,0.0000,0.0000,7270.0000,0.0000,0.0000,0.0000,0.0000,5,0,0,0,0,1,0,0,0,0
zc,TA304,2012-06-29 09:15:05.640,7232.0000,26,0,0.0000,0.0000,0,0,多换,B,7224.0000,0.0000,0.0000,0.0000,0.0000,7270.0000,0.0000,0.0000,0.0000,0.0000,6,0,0,0,0,1,0,0,0,0
zc,TA304,2012-06-29 09:15:06.343,7232.0000,26,0,0.0000,0.0000,0,0,多换,B,7224.0000,0.0000,0.0000,0.0000,0.0000,7270.0000,0.0000,0.0000,0.0000,0.0000,1,0,0,0,0,1,0,0,0,0
zc,TA304,2012-06-29 09:15:08.390,7232.0000,26,0,0.0000,0.0000,0,0,多换,B,7224.0000,0.0000,0.0000,0.0000,0.0000,7270.0000,0.0000,0.0000,0.0000,0.0000,3,0,0,0,0,1,0,0,0,0
zc,TA304,2012-06-29 09:15:11.343,7232.0000,26,0,0.0000,0.0000,0,0,多换,B,7224.0000,0.0000,0.0000,0.0000,0.0000,7270.0000,0.0000,0.0000,0.0000,0.0000,5,0,0,0,0,1,0,0,0,0
zc,TA304,2012-06-29 09:15:12.360,7232.0000,26,0,0.0000,0.0000,0,0,多换,B,7224.0000,0.0000,0.0000,0.0000,0.0000,7270.0000,0.0000,0.0000,0.0000,0.0000,6,0,0,0,0,1,0,0,0,0
zc,TA304,2012-06-29 09:15:19.890,7232.0000,26,0,0.0000,0.0000,0,0,多换,B,7226.0000,0.0000,0.0000,0.0000,0.0000,7270.0000,0.0000,0.0000,0.0000,0.0000,5,0,0,0,0,1,0,0,0,0
zc,TA304,2012-06-29 09:15:32.877,7232.0000,26,0,0.0000,0.0000,0,0,多换,B,7228.0000,0.0000,0.0000,0.0000,0.0000,7270.0000,0.0000,0.0000,0.0000,0.0000,5,0,0,0,0,1,0,0,0,0
zc,TA304,2012-06-29 09:15:41.593,7232.0000,26,0,0.0000,0.0000,0,0,多换,B,7226.0000,0.0000,0.0000,0.0000,0.0000,7270.0000,0.0000,0.0000,0.0000,0.0000,5,0,0,0,0,1,0,0,0,0
zc,TA304,2012-06-29 09:15:50.390,7232.0000,26,0,0.0000,0.0000,0,0,多换,B,7232.0000,0.0000,0.0000,0.0000,0.0000,7270.0000,0.0000,0.0000,0.0000,0.0000,1,0,0,0,0,1,0,0,0,0
zc,TA304,2012-06-29 09:16:14.877,7232.0000,26,0,0.0000,0.0000,0,0,多换,B,7226.0000,0.0000,0.0000,0.0000,0.0000,7270.0000,0.0000,0.0000,0.0000,0.0000,5,0,0,0,0,1,0,0,0,0
zc,TA304,2012-06-29 09:16:17.127,7232.0000,26,0,0.0000,0.0000,0,0,多换,B,7224.0000,0.0000,0.0000,0.0000,0.0000,7270.0000,0.0000,0.0000,0.0000,0.0000,5,0,0,0,0,1,0,0,0,0
zc,TA304,2012-06-29 09:16:39.110,7232.0000,26,0,0.0000,0.0000,0,0,多换,B,7226.0000,0.0000,0.0000,0.0000,0.0000,7270.0000,0.0000,0.0000,0.0000,0.0000,5,0,0,0,0,1,0,0,0,0
zc,TA304,2012-06-29 09:16:44.407,7232.0000,26,0,0.0000,0.0000,0,0,多换,B,7224.0000,0.0000,0.0000,0.0000,0.0000,7270.0000,0.0000,0.0000,0.0000,0.0000,5,0,0,0,0,1,0,0,0,0
zc,TA304,2012-06-29 09:16:48.907,7232.0000,26,0,0.0000,0.0000,0,0,多换,B,7228.0000,0.0000,0.0000,0.0000,0.0000,7270.0000,0.0000,0.0000,0.0000,0.0000,1,0,0,0,0,1,0,0,0,0
zc,TA304,2012-06-29 09:16:52.640,7232.0000,26,0,0.0000,0.0000,0,0,多换,B,7222.0000,0.0000,0.0000,0.0000,0.0000,7270.0000,0.0000,0.0000,0.0000,0.0000,5,0,0,0,0,1,0,0,0,0
zc,TA304,2012-06-29 09:16:55.390,7232.0000,26,0,0.0000,0.0000,0,0,多换,B,7224.0000,0.0000,0.0000,0.0000,0.0000,7270.0000,0.0000,0.0000,0.0000,0.0000,5,0,0,0,0,1,0,0,0,0
zc,TA304,2012-06-29 09:16:57.390,7232.0000,26,0,0.0000,0.0000,0,0,多换,B,7222.0000,0.0000,0.0000,0.0000,0.0000,7270.0000,0.0000,0.0000,0.0000,0.0000,5,0,0,0,0,1,0,0,0,0
zc,TA304,2012-06-29 09:16:59.110,7232.0000,26,0,0.0000,0.0000,0,0,多换,B,7230.0000,0.0000,0.0000,0.0000,0.0000,7270.0000,0.0000,0.0000,0.0000,0.0000,1,0,0,0,0,1,0,0,0,0
zc,TA304,2012-06-29 09:17:00.593,7232.0000,26,0,0.0000,0.0000,0,0,多换,B,7222.0000,0.0000,0.0000,0.0000,0.0000,7270.0000,0.0000,0.0000,0.0000,0.0000,5,0,0,0,0,1,0,0,0,0
zc,TA304,2012-06-29 09:17:03.640,7232.0000,26,0,0.0000,0.0000,0,0,多换,B,7224.0000,0.0000,0.0000,0.0000,0.0000,7270.0000,0.0000,0.0000,0.0000,0.0000,1,0,0,0,0,1,0,0,0,0
zc,TA304,2012-06-29 09:17:04.343,7232.0000,26,0,0.0000,0.0000,0,0,多换,B,7224.0000,0.0000,0.0000,0.0000,0.0000,7270.0000,0.0000,0.0000,0.0000,0.0000,2,0,0,0,0,1,0,0,0,0
zc,TA304,2012-06-29 09:17:04.860,7232.0000,26,0,0.0000,0.0000,0,0,多换,B,7224.0000,0.0000,0.0000,0.0000,0.0000,7270.0000,0.0000,0.0000,0.0000,0.0000,1,0,0,0,0,1,0,0,0,0
zc,TA304,2012-06-29 09:17:05.343,7232.0000,26,0,0.0000,0.0000,0,0,多换,B,7222.0000,0.0000,0.0000,0.0000,0.0000,7270.0000,0.0000,0.0000,0.0000,0.0000,5,0,0,0,0,1,0,0,0,0
zc,TA304,2012-06-29 09:17:16.127,7232.0000,26,0,0.0000,0.0000,0,0,多换,B,7220.0000,0.0000,0.0000,0.0000,0.0000,7270.0000,0.0000,0.0000,0.0000,0.0000,5,0,0,0,0,1,0,0,0,0
zc,TA304,2012-06-29 09:17:20.360,7232.0000,26,0,0.0000,0.0000,0,0,多换,B,7222.0000,0.0000,0.0000,0.0000,0.0000,7270.0000,0.0000,0.0000,0.0000,0.0000,5,0,0,0,0,1,0,0,0,0
zc,TA304,2012-06-29 09:17:22.860,7232.0000,26,0,0.0000,0.0000,0,0,多换,B,7220.0000,0.0000,0.0000,0.0000,0.0000,7270.0000,0.0000,0.0000,0.0000,0.0000,5,0,0,0,0,1,0,0,0,0
zc,TA304,2012-06-29 09:17:27.627,7232.0000,26,0,0.0000,0.0000,0,0,多换,B,7222.0000,0.0000,0.0000,0.0000,0.0000,7270.0000,0.0000,0.0000,0.0000,0.0000,5,0,0,0,0,1,0,0,0,0
zc,TA304,2012-06-29 09:17:41.593,7232.0000,26,0,0.0000,0.0000,0,0,多换,B,7228.0000,0.0000,0.0000,0.0000,0.0000,7270.0000,0.0000,0.0000,0.0000,0.0000,1,0,0,0,0,1,0,0,0,0
zc,TA304,2012-06-29 09:17:53.640,7232.0000,26,0,0.0000,0.0000,0,0,多换,B,7222.0000,0.0000,0.0000,0.0000,0.0000,7270.0000,0.0000,0.0000,0.0000,0.0000,5,0,0,0,0,1,0,0,0,0
zc,TA304,2012-06-29 09:17:55.877,7232.0000,26,0,0.0000,0.0000,0,0,多换,B,7224.0000,0.0000,0.0000,0.0000,0.0000,7270.0000,0.0000,0.0000,0.0000,0.0000,5,0,0,0,0,1,0,0,0,0
zc,TA304,2012-06-29 09:17:56.593,7232.0000,26,0,0.0000,0.0000,0,0,多换,B,7222.0000,0.0000,0.0000,0.0000,0.0000,7270.0000,0.0000,0.0000,0.0000,0.0000,5,0,0,0,0,1,0,0,0,0
zc,TA304,2012-06-29 09:17:58.860,7232.0000,26,0,0.0000,0.0000,0,0,多换,B,7222.0000,0.0000,0.0000,0.0000,0.0000,7270.0000,0.0000,0.0000,0.0000,0.0000,4,0,0,0,0,1,0,0,0,0
zc,TA304,2012-06-29 09:17:59.360,7232.0000,26,0,0.0000,0.0000,0,0,多换,B,7222.0000,0.0000,0.0000,0.0000,0.0000,7270.0000,0.0000,0.0000,0.0000,0.0000,2,0,0,0,0,1,0,0,0,0
zc,TA304,2012-06-29 09:18:01.093,7232.0000,26,0,0.0000,0.0000,0,0,多换,B,7222.0000,0.0000,0.0000,0.0000,0.0000,7270.0000,0.0000,0.0000,0.0000,0.0000,1,0,0,0,0,1,0,0,0,0
zc,TA304,2012-06-29 09:18:02.860,7232.0000,26,0,0.0000,0.0000,0,0,多换,B,7220.0000,0.0000,0.0000,0.0000,0.0000,7270.0000,0.0000,0.0000,0.0000,0.0000,5,0,0,0,0,1,0,0,0,0
zc,TA304,2012-06-29 09:18:31.330,7232.0000,26,0,0.0000,0.0000,0,0,多换,B,7220.0000,0.0000,0.0000,0.0000,0.0000,7270.0000,0.0000,0.0000,0.0000,0.0000,4,0,0,0,0,1,0,0,0,0
zc,TA304,2012-06-29 09:18:35.330,7232.0000,26,0,0.0000,0.0000,0,0,多换,B,7220.0000,0.0000,0.0000,0.0000,0.0000,7270.0000,0.0000,0.0000,0.0000,0.0000,5,0,0,0,0,1,0,0,0,0
zc,TA304,2012-06-29 09:18:36.343,7232.0000,26,0,0.0000,0.0000,0,0,多换,B,7220.0000,0.0000,0.0000,0.0000,0.0000,7270.0000,0.0000,0.0000,0.0000,0.0000,3,0,0,0,0,1,0,0,0,0
zc,TA304,2012-06-29 09:18:38.093,7232.0000,26,0,0.0000,0.0000,0,0,多换,B,7218.0000,0.0000,0.0000,0.0000,0.0000,7270.0000,0.0000,0.0000,0.0000,0.0000,6,0,0,0,0,1,0,0,0,0
zc,TA304,2012-06-29 09:18:40.377,7232.0000,26,0,0.0000,0.0000,0,0,多换,B,7220.0000,0.0000,0.0000,0.0000,0.0000,7270.0000,0.0000,0.0000,0.0000,0.0000,4,0,0,0,0,1,0,0,0,0
zc,TA304,2012-06-29 09:18:41.860,7232.0000,26,0,0.0000,0.0000,0,0,多换,B,7220.0000,0.0000,0.0000,0.0000,0.0000,7270.0000,0.0000,0.0000,0.0000,0.0000,1,0,0,0,0,1,0,0,0,0
zc,TA304,2012-06-29 09:18:44.423,7232.0000,26,0,0.0000,0.0000,0,0,多换,B,7218.0000,0.0000,0.0000,0.0000,0.0000,7270.0000,0.0000,0.0000,0.0000,0.0000,6,0,0,0,0,1,0,0,0,0
zc,TA304,2012-06-29 09:18:45.877,7232.0000,26,0,0.0000,0.0000,0,0,多换,B,7220.0000,0.0000,0.0000,0.0000,0.0000,7270.0000,0.0000,0.0000,0.0000,0.0000,5,0,0,0,0,1,0,0,0,0
zc,TA304,2012-06-29 09:18:52.610,7232.0000,26,0,0.0000,0.0000,0,0,多换,B,7226.0000,0.0000,0.0000,0.0000,0.0000,7270.0000,0.0000,0.0000,0.0000,0.0000,1,0,0,0,0,1,0,0,0,0
zc,TA304,2012-06-29 09:20:31.640,7232.0000,26,0,0.0000,0.0000,0,0,多换,B,7220.0000,0.0000,0.0000,0.0000,0.0000,7270.0000,0.0000,0.0000,0.0000,0.0000,5,0,0,0,0,1,0,0,0,0
zc,TA304,2012-06-29 09:20:45.627,7232.0000,26,0,0.0000,0.0000,0,0,多换,B,7222.0000,0.0000,0.0000,0.0000,0.0000,7270.0000,0.0000,0.0000,0.0000,0.0000,5,0,0,0,0,1,0,0,0,0
zc,TA304,2012-06-29 09:20:57.330,7232.0000,26,0,0.0000,0.0000,0,0,多换,B,7220.0000,0.0000,0.0000,0.0000,0.0000,7270.0000,0.0000,0.0000,0.0000,0.0000,5,0,0,0,0,1,0,0,0,0
zc,TA304,2012-06-29 09:20:58.377,7232.0000,26,0,0.0000,0.0000,0,0,多换,B,7222.0000,0.0000,0.0000,0.0000,0.0000,7270.0000,0.0000,0.0000,0.0000,0.0000,5,0,0,0,0,1,0,0,0,0
zc,TA304,2012-06-29 09:21:28.580,7232.0000,26,0,0.0000,0.0000,0,0,多换,B,7228.0000,0.0000,0.0000,0.0000,0.0000,7270.0000,0.0000,0.0000,0.0000,0.0000,1,0,0,0,0,1,0,0,0,0
zc,TA304,2012-06-29 09:22:08.830,7232.0000,26,0,0.0000,0.0000,0,0,多换,B,7222.0000,0.0000,0.0000,0.0000,0.0000,7270.0000,0.0000,0.0000,0.0000,0.0000,5,0,0,0,0,1,0,0,0,0
zc,TA304,2012-06-29 09:22:13.110,7232.0000,26,0,0.0000,0.0000,0,0,多换,B,7224.0000,0.0000,0.0000,0.0000,0.0000,7270.0000,0.0000,0.0000,0.0000,0.0000,5,0,0,0,0,1,0,0,0,0
zc,TA304,2012-06-29 09:22:13.830,7232.0000,26,0,0.0000,0.0000,0,0,多换,B,7224.0000,0.0000,0.0000,0.0000,0.0000,7270.0000,0.0000,0.0000,0.0000,0.0000,4,0,0,0,0,1,0,0,0,0
zc,TA304,2012-06-29 09:22:14.377,7232.0000,26,0,0.0000,0.0000,0,0,多换,B,7222.0000,0.0000,0.0000,0.0000,0.0000,7270.0000,0.0000,0.0000,0.0000,0.0000,5,0,0,0,0,1,0,0,0,0
zc,TA304,2012-06-29 09:22:36.843,7232.0000,26,0,0.0000,0.0000,0,0,多换,B,7228.0000,0.0000,0.0000,0.0000,0.0000,7270.0000,0.0000,0.0000,0.0000,0.0000,1,0,0,0,0,1,0,0,0,0
zc,TA304,2012-06-29 09:22:56.877,7232.0000,26,0,0.0000,0.0000,0,0,多换,B,7220.0000,0.0000,0.0000,0.0000,0.0000,7270.0000,0.0000,0.0000,0.0000,0.0000,5,0,0,0,0,1,0,0,0,0
zc,TA304,2012-06-29 09:22:57.877,7232.0000,26,0,0.0000,0.0000,0,0,多换,B,7218.0000,0.0000,0.0000,0.0000,0.0000,7270.0000,0.0000,0.0000,0.0000,0.0000,6,0,0,0,0,1,0,0,0,0
zc,TA304,2012-06-29 09:23:07.610,7232.0000,26,0,0.0000,0.0000,0,0,多换,B,7220.0000,0.0000,0.0000,0.0000,0.0000,7270.0000,0.0000,0.0000,0.0000,0.0000,4,0,0,0,0,1,0,0,0,0
zc,TA304,2012-06-29 09:23:08.860,7232.0000,26,0,0.0000,0.0000,0,0,多换,B,7218.0000,0.0000,0.0000,0.0000,0.0000,7270.0000,0.0000,0.0000,0.0000,0.0000,6,0,0,0,0,1,0,0,0,0
zc,TA304,2012-06-29 09:23:11.093,7232.0000,26,0,0.0000,0.0000,0,0,多换,B,7220.0000,0.0000,0.0000,0.0000,0.0000,7270.0000,0.0000,0.0000,0.0000,0.0000,5,0,0,0,0,1,0,0,0,0
zc,TA304,2012-06-29 09:23:26.830,7232.0000,26,0,0.0000,0.0000,0,0,多换,B,7220.0000,0.0000,0.0000,0.0000,0.0000,7270.0000,0.0000,0.0000,0.0000,0.0000,4,0,0,0,0,1,0,0,0,0
zc,TA304,2012-06-29 09:23:28.140,7232.0000,26,0,0.0000,0.0000,0,0,多换,B,7218.0000,0.0000,0.0000,0.0000,0.0000,7270.0000,0.0000,0.0000,0.0000,0.0000,6,0,0,0,0,1,0,0,0,0
zc,TA304,2012-06-29 09:23:29.860,7232.0000,26,0,0.0000,0.0000,0,0,多换,B,7220.0000,0.0000,0.0000,0.0000,0.0000,7270.0000,0.0000,0.0000,0.0000,0.0000,5,0,0,0,0,1,0,0,0,0
zc,TA304,2012-06-29 09:23:30.360,7232.0000,26,0,0.0000,0.0000,0,0,多换,B,7220.0000,0.0000,0.0000,0.0000,0.0000,7270.0000,0.0000,0.0000,0.0000,0.0000,2,0,0,0,0,1,0,0,0,0
zc,TA304,2012-06-29 09:23:31.140,7232.0000,26,0,0.0000,0.0000,0,0,多换,B,7220.0000,0.0000,0.0000,0.0000,0.0000,7270.0000,0.0000,0.0000,0.0000,0.0000,1,0,0,0,0,1,0,0,0,0
zc,TA304,2012-06-29 09:23:31.593,7232.0000,26,0,0.0000,0.0000,0,0,多换,B,7220.0000,0.0000,0.0000,0.0000,0.0000,7270.0000,0.0000,0.0000,0.0000,0.0000,5,0,0,0,0,1,0,0,0,0
zc,TA304,2012-06-29 09:23:37.843,7232.0000,26,0,0.0000,0.0000,0,0,多换,B,7218.0000,0.0000,0.0000,0.0000,0.0000,7270.0000,0.0000,0.0000,0.0000,0.0000,6,0,0,0,0,1,0,0,0,0
zc,TA304,2012-06-29 09:23:50.843,7232.0000,26,0,0.0000,0.0000,0,0,多换,B,7224.0000,0.0000,0.0000,0.0000,0.0000,7270.0000,0.0000,0.0000,0.0000,0.0000,1,0,0,0,0,1,0,0,0,0
zc,TA304,2012-06-29 09:24:21.080,7232.0000,26,0,0.0000,0.0000,0,0,多换,B,7224.0000,0.0000,0.0000,0.0000,0.0000,7270.0000,0.0000,0.0000,0.0000,0.0000,1,0,0,0,0,1,0,0,0,0
zc,TA304,2012-06-29 09:24:38.843,7232.0000,26,0,0.0000,0.0000,0,0,多换,B,7226.0000,0.0000,0.0000,0.0000,0.0000,7270.0000,0.0000,0.0000,0.0000,0.0000,1,0,0,0,0,1,0,0,0,0
zc,TA304,2012-06-29 09:25:21.063,7232.0000,26,0,0.0000,0.0000,0,0,多换,B,7226.0000,0.0000,0.0000,0.0000,0.0000,7270.0000,0.0000,0.0000,0.0000,0.0000,1,0,0,0,0,1,0,0,0,0
zc,TA304,2012-06-29 09:27:24.360,7232.0000,26,0,0.0000,0.0000,0,0,多换,B,7228.0000,0.0000,0.0000,0.0000,0.0000,7270.0000,0.0000,0.0000,0.0000,0.0000,1,0,0,0,0,1,0,0,0,0
zc,TA304,2012-06-29 09:27:25.877,7232.0000,26,0,0.0000,0.0000,0,0,多换,B,7226.0000,0.0000,0.0000,0.0000,0.0000,7270.0000,0.0000,0.0000,0.0000,0.0000,1,0,0,0,0,1,0,0,0,0
zc,TA304,2012-06-29 09:27:37.843,7232.0000,26,0,0.0000,0.0000,0,0,多换,B,7224.0000,0.0000,0.0000,0.0000,0.0000,7270.0000,0.0000,0.0000,0.0000,0.0000,1,0,0,0,0,1,0,0,0,0
zc,TA304,2012-06-29 09:27:38.377,7232.0000,26,0,0.0000,0.0000,0,0,多换,B,7218.0000,0.0000,0.0000,0.0000,0.0000,7270.0000,0.0000,0.0000,0.0000,0.0000,6,0,0,0,0,1,0,0,0,0
zc,TA304,2012-06-29 09:27:42.593,7232.0000,26,0,0.0000,0.0000,0,0,多换,B,7218.0000,0.0000,0.0000,0.0000,0.0000,7270.0000,0.0000,0.0000,0.0000,0.0000,1,0,0,0,0,1,0,0,0,0
zc,TA304,2012-06-29 09:27:56.593,7232.0000,26,0,0.0000,0.0000,0,0,多换,B,7218.0000,0.0000,0.0000,0.0000,0.0000,7268.0000,0.0000,0.0000,0.0000,0.0000,1,0,0,0,0,1,0,0,0,0
zc,TA304,2012-06-29 09:27:59.093,7232.0000,26,0,0.0000,0.0000,0,0,多换,B,7218.0000,0.0000,0.0000,0.0000,0.0000,7270.0000,0.0000,0.0000,0.0000,0.0000,1,0,0,0,0,1,0,0,0,0
zc,TA304,2012-06-29 09:28:48.830,7232.0000,26,0,0.0000,0.0000,0,0,多换,B,7216.0000,0.0000,0.0000,0.0000,0.0000,7270.0000,0.0000,0.0000,0.0000,0.0000,6,0,0,0,0,1,0,0,0,0
zc,TA304,2012-06-29 09:29:14.860,7232.0000,26,0,0.0000,0.0000,0,0,多换,B,7216.0000,0.0000,0.0000,0.0000,0.0000,7270.0000,0.0000,0.0000,0.0000,0.0000,5,0,0,0,0,1,0,0,0,0
zc,TA304,2012-06-29 09:29:48.377,7232.0000,26,0,0.0000,0.0000,0,0,多换,B,7216.0000,0.0000,0.0000,0.0000,0.0000,7270.0000,0.0000,0.0000,0.0000,0.0000,6,0,0,0,0,1,0,0,0,0
zc,TA304,2012-06-29 09:29:48.843,7232.0000,26,0,0.0000,0.0000,0,0,多换,B,7216.0000,0.0000,0.0000,0.0000,0.0000,7270.0000,0.0000,0.0000,0.0000,0.0000,5,0,0,0,0,1,0,0,0,0
zc,TA304,2012-06-29 09:29:51.593,7232.0000,26,0,0.0000,0.0000,0,0,多换,B,7218.0000,0.0000,0.0000,0.0000,0.0000,7270.0000,0.0000,0.0000,0.0000,0.0000,1,0,0,0,0,1,0,0,0,0
zc,TA304,2012-06-29 09:29:52.390,7232.0000,26,0,0.0000,0.0000,0,0,多换,B,7216.0000,0.0000,0.0000,0.0000,0.0000,7270.0000,0.0000,0.0000,0.0000,0.0000,5,0,0,0,0,1,0,0,0,0
zc,TA304,2012-06-29 09:30:20.080,7232.0000,26,0,0.0000,0.0000,0,0,多换,B,7216.0000,0.0000,0.0000,0.0000,0.0000,7258.0000,0.0000,0.0000,0.0000,0.0000,5,0,0,0,0,1,0,0,0,0
zc,TA304,2012-06-29 09:30:30.640,7232.0000,26,0,0.0000,0.0000,0,0,多换,B,7216.0000,0.0000,0.0000,0.0000,0.0000,7270.0000,0.0000,0.0000,0.0000,0.0000,5,0,0,0,0,1,0,0,0,0
zc,TA304,2012-06-29 09:30:38.610,7232.0000,26,0,0.0000,0.0000,0,0,多换,B,7214.0000,0.0000,0.0000,0.0000,0.0000,7270.0000,0.0000,0.0000,0.0000,0.0000,6,0,0,0,0,1,0,0,0,0
zc,TA304,2012-06-29 09:30:44.093,7232.0000,26,0,0.0000,0.0000,0,0,多换,B,7212.0000,0.0000,0.0000,0.0000,0.0000,7270.0000,0.0000,0.0000,0.0000,0.0000,5,0,0,0,0,1,0,0,0,0
zc,TA304,2012-06-29 09:30:56.110,7232.0000,26,0,0.0000,0.0000,0,0,多换,B,7210.0000,0.0000,0.0000,0.0000,0.0000,7270.0000,0.0000,0.0000,0.0000,0.0000,6,0,0,0,0,1,0,0,0,0
zc,TA304,2012-06-29 09:30:56.830,7232.0000,26,0,0.0000,0.0000,0,0,多换,B,7210.0000,0.0000,0.0000,0.0000,0.0000,7270.0000,0.0000,0.0000,0.0000,0.0000,5,0,0,0,0,1,0,0,0,0
zc,TA304,2012-06-29 09:31:01.360,7232.0000,26,0,0.0000,0.0000,0,0,多换,B,7208.0000,0.0000,0.0000,0.0000,0.0000,7270.0000,0.0000,0.0000,0.0000,0.0000,6,0,0,0,0,1,0,0,0,0
zc,TA304,2012-06-29 09:31:02.330,7232.0000,26,0,0.0000,0.0000,0,0,多换,B,7210.0000,0.0000,0.0000,0.0000,0.0000,7270.0000,0.0000,0.0000,0.0000,0.0000,5,0,0,0,0,1,0,0,0,0
zc,TA304,2012-06-29 09:31:35.580,7232.0000,26,0,0.0000,0.0000,0,0,多换,B,7210.0000,0.0000,0.0000,0.0000,0.0000,7270.0000,0.0000,0.0000,0.0000,0.0000,3,0,0,0,0,1,0,0,0,0
zc,TA304,2012-06-29 09:31:36.593,7232.0000,26,0,0.0000,0.0000,0,0,多换,B,7210.0000,0.0000,0.0000,0.0000,0.0000,7270.0000,0.0000,0.0000,0.0000,0.0000,4,0,0,0,0,1,0,0,0,0
zc,TA304,2012-06-29 09:31:37.330,7232.0000,26,0,0.0000,0.0000,0,0,多换,B,7208.0000,0.0000,0.0000,0.0000,0.0000,7270.0000,0.0000,0.0000,0.0000,0.0000,6,0,0,0,0,1,0,0,0,0
zc,TA304,2012-06-29 09:31:38.830,7232.0000,26,0,0.0000,0.0000,0,0,多换,B,7208.0000,0.0000,0.0000,0.0000,0.0000,7270.0000,0.0000,0.0000,0.0000,0.0000,6,0,0,0,0,3,0,0,0,0
zc,TA304,2012-06-29 09:31:41.830,7232.0000,26,0,0.0000,0.0000,0,0,多换,B,7208.0000,0.0000,0.0000,0.0000,0.0000,7270.0000,0.0000,0.0000,0.0000,0.0000,6,0,0,0,0,2,0,0,0,0
zc,TA304,2012-06-29 09:31:42.860,7232.0000,26,0,0.0000,0.0000,0,0,多换,B,7208.0000,0.0000,0.0000,0.0000,0.0000,7270.0000,0.0000,0.0000,0.0000,0.0000,6,0,0,0,0,1,0,0,0,0
zc,TA304,2012-06-29 09:31:43.593,7232.0000,26,0,0.0000,0.0000,0,0,多换,B,7210.0000,0.0000,0.0000,0.0000,0.0000,7270.0000,0.0000,0.0000,0.0000,0.0000,5,0,0,0,0,1,0,0,0,0
zc,TA304,2012-06-29 09:31:45.377,7232.0000,26,0,0.0000,0.0000,0,0,多换,B,7208.0000,0.0000,0.0000,0.0000,0.0000,7270.0000,0.0000,0.0000,0.0000,0.0000,6,0,0,0,0,3,0,0,0,0
zc,TA304,2012-06-29 09:31:46.610,7232.0000,26,0,0.0000,0.0000,0,0,多换,B,7208.0000,0.0000,0.0000,0.0000,0.0000,7270.0000,0.0000,0.0000,0.0000,0.0000,5,0,0,0,0,3,0,0,0,0
zc,TA304,2012-06-29 09:31:48.093,7232.0000,26,0,0.0000,0.0000,0,0,多换,B,7206.0000,0.0000,0.0000,0.0000,0.0000,7268.0000,0.0000,0.0000,0.0000,0.0000,6,0,0,0,0,2,0,0,0,0
zc,TA304,2012-06-29 09:31:48.860,7232.0000,26,0,0.0000,0.0000,0,0,多换,B,7206.0000,0.0000,0.0000,0.0000,0.0000,7268.0000,0.0000,0.0000,0.0000,0.0000,5,0,0,0,0,2,0,0,0,0
zc,TA304,2012-06-29 09:31:50.080,7232.0000,26,0,0.0000,0.0000,0,0,多换,B,7206.0000,0.0000,0.0000,0.0000,0.0000,7268.0000,0.0000,0.0000,0.0000,0.0000,5,0,0,0,0,1,0,0,0,0
zc,TA304,2012-06-29 09:31:52.343,7232.0000,26,0,0.0000,0.0000,0,0,多换,B,7206.0000,0.0000,0.0000,0.0000,0.0000,7270.0000,0.0000,0.0000,0.0000,0.0000,5,0,0,0,0,3,0,0,0,0
zc,TA304,2012-06-29 09:31:54.110,7232.0000,26,0,0.0000,0.0000,0,0,多换,B,7208.0000,0.0000,0.0000,0.0000,0.0000,7270.0000,0.0000,0.0000,0.0000,0.0000,1,0,0,0,0,3,0,0,0,0
zc,TA304,2012-06-29 09:31:55.390,7232.0000,26,0,0.0000,0.0000,0,0,多换,B,7206.0000,0.0000,0.0000,0.0000,0.0000,7268.0000,0.0000,0.0000,0.0000,0.0000,6,0,0,0,0,2,0,0,0,0
zc,TA304,2012-06-29 09:31:55.860,7232.0000,26,0,0.0000,0.0000,0,0,多换,B,7206.0000,0.0000,0.0000,0.0000,0.0000,7268.0000,0.0000,0.0000,0.0000,0.0000,5,0,0,0,0,2,0,0,0,0
zc,TA304,2012-06-29 09:32:29.640,7232.0000,26,0,0.0000,0.0000,0,0,多换,B,7208.0000,0.0000,0.0000,0.0000,0.0000,7270.0000,0.0000,0.0000,0.0000,0.0000,5,0,0,0,0,3,0,0,0,0
zc,TA304,2012-06-29 09:32:43.343,7232.0000,26,0,0.0000,0.0000,0,0,多换,B,7208.0000,0.0000,0.0000,0.0000,0.0000,7270.0000,0.0000,0.0000,0.0000,0.0000,5,0,0,0,0,1,0,0,0,0
zc,TA304,2012-06-29 09:32:47.080,7232.0000,26,0,0.0000,0.0000,0,0,多换,B,7208.0000,0.0000,0.0000,0.0000,0.0000,7270.0000,0.0000,0.0000,0.0000,0.0000,5,0,0,0,0,3,0,0,0,0
zc,TA304,2012-06-29 09:32:47.360,7232.0000,26,0,0.0000,0.0000,0,0,多换,B,7208.0000,0.0000,0.0000,0.0000,0.0000,7270.0000,0.0000,0.0000,0.0000,0.0000,5,0,0,0,0,1,0,0,0,0
zc,TA304,2012-06-29 09:32:48.080,7232.0000,26,0,0.0000,0.0000,0,0,多换,B,7210.0000,0.0000,0.0000,0.0000,0.0000,7270.0000,0.0000,0.0000,0.0000,0.0000,2,0,0,0,0,1,0,0,0,0
zc,TA304,2012-06-29 09:32:49.330,7232.0000,26,0,0.0000,0.0000,0,0,多换,B,7210.0000,0.0000,0.0000,0.0000,0.0000,7270.0000,0.0000,0.0000,0.0000,0.0000,5,0,0,0,0,1,0,0,0,0
zc,TA304,2012-06-29 09:32:52.610,7232.0000,26,0,0.0000,0.0000,0,0,多换,B,7212.0000,0.0000,0.0000,0.0000,0.0000,7270.0000,0.0000,0.0000,0.0000,0.0000,5,0,0,0,0,1,0,0,0,0
zc,TA304,2012-06-29 09:32:53.860,7232.0000,26,0,0.0000,0.0000,0,0,多换,B,7210.0000,0.0000,0.0000,0.0000,0.0000,7270.0000,0.0000,0.0000,0.0000,0.0000,6,0,0,0,0,1,0,0,0,0
zc,TA304,2012-06-29 09:32:55.610,7232.0000,26,0,0.0000,0.0000,0,0,多换,B,7212.0000,0.0000,0.0000,0.0000,0.0000,7270.0000,0.0000,0.0000,0.0000,0.0000,4,0,0,0,0,1,0,0,0,0
zc,TA304,2012-06-29 09:32:56.610,7232.0000,26,0,0.0000,0.0000,0,0,多换,B,7212.0000,0.0000,0.0000,0.0000,0.0000,7270.0000,0.0000,0.0000,0.0000,0.0000,5,0,0,0,0,1,0,0,0,0
zc,TA304,2012-06-29 09:32:57.593,7232.0000,26,0,0.0000,0.0000,0,0,多换,B,7216.0000,0.0000,0.0000,0.0000,0.0000,7270.0000,0.0000,0.0000,0.0000,0.0000,5,0,0,0,0,1,0,0,0,0
zc,TA304,2012-06-29 09:33:13.593,7232.0000,26,0,0.0000,0.0000,0,0,多换,B,7214.0000,0.0000,0.0000,0.0000,0.0000,7270.0000,0.0000,0.0000,0.0000,0.0000,1,0,0,0,0,1,0,0,0,0
zc,TA304,2012-06-29 09:33:14.580,7232.0000,26,0,0.0000,0.0000,0,0,多换,B,7212.0000,0.0000,0.0000,0.0000,0.0000,7270.0000,0.0000,0.0000,0.0000,0.0000,5,0,0,0,0,1,0,0,0,0
zc,TA304,2012-06-29 09:33:23.140,7232.0000,26,0,0.0000,0.0000,0,0,多换,B,7210.0000,0.0000,0.0000,0.0000,0.0000,7270.0000,0.0000,0.0000,0.0000,0.0000,2,0,0,0,0,1,0,0,0,0
zc,TA304,2012-06-29 09:33:23.860,7232.0000,26,0,0.0000,0.0000,0,0,多换,B,7210.0000,0.0000,0.0000,0.0000,0.0000,7270.0000,0.0000,0.0000,0.0000,0.0000,1,0,0,0,0,1,0,0,0,0
zc,TA304,2012-06-29 09:33:25.140,7232.0000,26,0,0.0000,0.0000,0,0,多换,B,7208.0000,0.0000,0.0000,0.0000,0.0000,7270.0000,0.0000,0.0000,0.0000,0.0000,5,0,0,0,0,1,0,0,0,0
zc,TA304,2012-06-29 09:33:27.343,7232.0000,26,0,0.0000,0.0000,0,0,多换,B,7206.0000,0.0000,0.0000,0.0000,0.0000,7268.0000,0.0000,0.0000,0.0000,0.0000,6,0,0,0,0,2,0,0,0,0
zc,TA304,2012-06-29 09:33:27.813,7232.0000,26,0,0.0000,0.0000,0,0,多换,B,7206.0000,0.0000,0.0000,0.0000,0.0000,7268.0000,0.0000,0.0000,0.0000,0.0000,5,0,0,0,0,2,0,0,0,0
zc,TA304,2012-06-29 09:33:28.593,7232.0000,26,0,0.0000,0.0000,0,0,多换,B,7206.0000,0.0000,0.0000,0.0000,0.0000,7270.0000,0.0000,0.0000,0.0000,0.0000,5,0,0,0,0,3,0,0,0,0
zc,TA304,2012-06-29 09:33:29.110,7232.0000,26,0,0.0000,0.0000,0,0,多换,B,7206.0000,0.0000,0.0000,0.0000,0.0000,7268.0000,0.0000,0.0000,0.0000,0.0000,5,0,0,0,0,1,0,0,0,0
zc,TA304,2012-06-29 09:33:30.343,7232.0000,26,0,0.0000,0.0000,0,0,多换,B,7206.0000,0.0000,0.0000,0.0000,0.0000,7270.0000,0.0000,0.0000,0.0000,0.0000,5,0,0,0,0,3,0,0,0,0
zc,TA304,2012-06-29 09:33:31.610,7232.0000,26,0,0.0000,0.0000,0,0,多换,B,7208.0000,0.0000,0.0000,0.0000,0.0000,7270.0000,0.0000,0.0000,0.0000,0.0000,1,0,0,0,0,3,0,0,0,0
zc,TA304,2012-06-29 09:33:32.093,7232.0000,26,0,0.0000,0.0000,0,0,多换,B,7206.0000,0.0000,0.0000,0.0000,0.0000,7268.0000,0.0000,0.0000,0.0000,0.0000,5,0,0,0,0,2,0,0,0,0
zc,TA304,2012-06-29 09:33:32.593,7232.0000,26,0,0.0000,0.0000,0,0,多换,B,7206.0000,0.0000,0.0000,0.0000,0.0000,7268.0000,0.0000,0.0000,0.0000,0.0000,6,0,0,0,0,2,0,0,0,0
zc,TA304,2012-06-29 09:33:33.080,7232.0000,26,0,0.0000,0.0000,0,0,多换,B,7206.0000,0.0000,0.0000,0.0000,0.0000,7268.0000,0.0000,0.0000,0.0000,0.0000,5,0,0,0,0,2,0,0,0,0
zc,TA304,2012-06-29 09:33:36.843,7232.0000,26,0,0.0000,0.0000,0,0,多换,B,7204.0000,0.0000,0.0000,0.0000,0.0000,7266.0000,0.0000,0.0000,0.0000,0.0000,6,0,0,0,0,2,0,0,0,0
zc,TA304,2012-06-29 09:33:38.080,7232.0000,26,0,0.0000,0.0000,0,0,多换,B,7204.0000,0.0000,0.0000,0.0000,0.0000,7266.0000,0.0000,0.0000,0.0000,0.0000,5,0,0,0,0,2,0,0,0,0
zc,TA304,2012-06-29 09:33:41.593,7232.0000,26,0,0.0000,0.0000,0,0,多换,B,7204.0000,0.0000,0.0000,0.0000,0.0000,7266.0000,0.0000,0.0000,0.0000,0.0000,5,0,0,0,0,1,0,0,0,0
zc,TA304,2012-06-29 09:33:42.343,7232.0000,26,0,0.0000,0.0000,0,0,多换,B,7204.0000,0.0000,0.0000,0.0000,0.0000,7266.0000,0.0000,0.0000,0.0000,0.0000,5,0,0,0,0,2,0,0,0,0
zc,TA304,2012-06-29 09:33:42.860,7232.0000,26,0,0.0000,0.0000,0,0,多换,B,7204.0000,0.0000,0.0000,0.0000,0.0000,7266.0000,0.0000,0.0000,0.0000,0.0000,5,0,0,0,0,1,0,0,0,0
zc,TA304,2012-06-29 09:33:44.110,7232.0000,26,0,0.0000,0.0000,0,0,多换,B,7204.0000,0.0000,0.0000,0.0000,0.0000,7268.0000,0.0000,0.0000,0.0000,0.0000,5,0,0,0,0,1,0,0,0,0
zc,TA304,2012-06-29 09:33:44.877,7232.0000,26,0,0.0000,0.0000,0,0,多换,B,7206.0000,0.0000,0.0000,0.0000,0.0000,7268.0000,0.0000,0.0000,0.0000,0.0000,1,0,0,0,0,1,0,0,0,0
zc,TA304,2012-06-29 09:33:45.343,7232.0000,26,0,0.0000,0.0000,0,0,多换,B,7206.0000,0.0000,0.0000,0.0000,0.0000,7268.0000,0.0000,0.0000,0.0000,0.0000,5,0,0,0,0,1,0,0,0,0
zc,TA304,2012-06-29 09:33:47.360,7232.0000,26,0,0.0000,0.0000,0,0,多换,B,7206.0000,0.0000,0.0000,0.0000,0.0000,7270.0000,0.0000,0.0000,0.0000,0.0000,5,0,0,0,0,3,0,0,0,0
zc,TA304,2012-06-29 09:33:48.343,7232.0000,26,0,0.0000,0.0000,0,0,多换,B,7206.0000,0.0000,0.0000,0.0000,0.0000,7270.0000,0.0000,0.0000,0.0000,0.0000,5,0,0,0,0,2,0,0,0,0
zc,TA304,2012-06-29 09:33:50.093,7232.0000,26,0,0.0000,0.0000,0,0,多换,B,7206.0000,0.0000,0.0000,0.0000,0.0000,7268.0000,0.0000,0.0000,0.0000,0.0000,5,0,0,0,0,2,0,0,0,0
zc,TA304,2012-06-29 09:33:54.843,7232.0000,26,0,0.0000,0.0000,0,0,多换,B,7208.0000,0.0000,0.0000,0.0000,0.0000,7270.0000,0.0000,0.0000,0.0000,0.0000,5,0,0,0,0,2,0,0,0,0
zc,TA304,2012-06-29 09:33:55.610,7232.0000,26,0,0.0000,0.0000,0,0,多换,B,7208.0000,0.0000,0.0000,0.0000,0.0000,7270.0000,0.0000,0.0000,0.0000,0.0000,3,0,0,0,0,2,0,0,0,0
zc,TA304,2012-06-29 09:33:56.110,7232.0000,26,0,0.0000,0.0000,0,0,多换,B,7206.0000,0.0000,0.0000,0.0000,0.0000,7270.0000,0.0000,0.0000,0.0000,0.0000,6,0,0,0,0,2,0,0,0,0
zc,TA304,2012-06-29 09:33:56.593,7232.0000,26,0,0.0000,0.0000,0,0,多换,B,7208.0000,0.0000,0.0000,0.0000,0.0000,7270.0000,0.0000,0.0000,0.0000,0.0000,5,0,0,0,0,2,0,0,0,0
zc,TA304,2012-06-29 09:33:57.127,7232.0000,26,0,0.0000,0.0000,0,0,多换,B,7206.0000,0.0000,0.0000,0.0000,0.0000,7270.0000,0.0000,0.0000,0.0000,0.0000,6,0,0,0,0,2,0,0,0,0
zc,TA304,2012-06-29 09:33:57.813,7232.0000,26,0,0.0000,0.0000,0,0,多换,B,7206.0000,0.0000,0.0000,0.0000,0.0000,7270.0000,0.0000,0.0000,0.0000,0.0000,5,0,0,0,0,2,0,0,0,0
zc,TA304,2012-06-29 09:34:01.860,7232.0000,26,0,0.0000,0.0000,0,0,多换,B,7208.0000,0.0000,0.0000,0.0000,0.0000,7270.0000,0.0000,0.0000,0.0000,0.0000,5,0,0,0,0,1,0,0,0,0
zc,TA304,2012-06-29 09:34:02.343,7232.0000,26,0,0.0000,0.0000,0,0,多换,B,7208.0000,0.0000,0.0000,0.0000,0.0000,7270.0000,0.0000,0.0000,0.0000,0.0000,5,0,0,0,0,3,0,0,0,0
zc,TA304,2012-06-29 09:34:07.127,7232.0000,26,0,0.0000,0.0000,0,0,多换,B,7208.0000,0.0000,0.0000,0.0000,0.0000,7270.0000,0.0000,0.0000,0.0000,0.0000,5,0,0,0,0,1,0,0,0,0
zc,TA304,2012-06-29 09:34:08.877,7232.0000,26,0,0.0000,0.0000,0,0,多换,B,7210.0000,0.0000,0.0000,0.0000,0.0000,7270.0000,0.0000,0.0000,0.0000,0.0000,1,0,0,0,0,1,0,0,0,0
zc,TA304,2012-06-29 09:34:10.127,7232.0000,26,0,0.0000,0.0000,0,0,多换,B,7212.0000,0.0000,0.0000,0.0000,0.0000,7270.0000,0.0000,0.0000,0.0000,0.0000,5,0,0,0,0,1,0,0,0,0
zc,TA304,2012-06-29 09:34:12.907,7232.0000,26,0,0.0000,0.0000,0,0,多换,B,7212.0000,0.0000,0.0000,0.0000,0.0000,7270.0000,0.0000,0.0000,0.0000,0.0000,3,0,0,0,0,1,0,0,0,0
zc,TA304,2012-06-29 09:34:18.843,7232.0000,26,0,0.0000,0.0000,0,0,多换,B,7212.0000,0.0000,0.0000,0.0000,0.0000,7270.0000,0.0000,0.0000,0.0000,0.0000,2,0,0,0,0,1,0,0,0,0
zc,TA304,2012-06-29 09:34:19.343,7232.0000,26,0,0.0000,0.0000,0,0,多换,B,7212.0000,0.0000,0.0000,0.0000,0.0000,7270.0000,0.0000,0.0000,0.0000,0.0000,4,0,0,0,0,1,0,0,0,0
zc,TA304,2012-06-29 09:34:20.080,7232.0000,26,0,0.0000,0.0000,0,0,多换,B,7212.0000,0.0000,0.0000,0.0000,0.0000,7270.0000,0.0000,0.0000,0.0000,0.0000,1,0,0,0,0,1,0,0,0,0
zc,TA304,2012-06-29 09:34:21.343,7232.0000,26,0,0.0000,0.0000,0,0,多换,B,7212.0000,0.0000,0.0000,0.0000,0.0000,7270.0000,0.0000,0.0000,0.0000,0.0000,3,0,0,0,0,1,0,0,0,0
zc,TA304,2012-06-29 09:34:23.093,7232.0000,26,0,0.0000,0.0000,0,0,多换,B,7210.0000,0.0000,0.0000,0.0000,0.0000,7270.0000,0.0000,0.0000,0.0000,0.0000,6,0,0,0,0,1,0,0,0,0
zc,TA304,2012-06-29 09:34:23.580,7232.0000,26,0,0.0000,0.0000,0,0,多换,B,7210.0000,0.0000,0.0000,0.0000,0.0000,7270.0000,0.0000,0.0000,0.0000,0.0000,5,0,0,0,0,1,0,0,0,0
zc,TA304,2012-06-29 09:34:24.877,7232.0000,26,0,0.0000,0.0000,0,0,多换,B,7212.0000,0.0000,0.0000,0.0000,0.0000,7270.0000,0.0000,0.0000,0.0000,0.0000,3,0,0,0,0,1,0,0,0,0
zc,TA304,2012-06-29 09:34:27.843,7232.0000,26,0,0.0000,0.0000,0,0,多换,B,7212.0000,0.0000,0.0000,0.0000,0.0000,7270.0000,0.0000,0.0000,0.0000,0.0000,2,0,0,0,0,1,0,0,0,0
zc,TA304,2012-06-29 09:34:29.080,7232.0000,26,0,0.0000,0.0000,0,0,多换,B,7212.0000,0.0000,0.0000,0.0000,0.0000,7270.0000,0.0000,0.0000,0.0000,0.0000,5,0,0,0,0,1,0,0,0,0
zc,TA304,2012-06-29 09:34:44.360,7232.0000,26,0,0.0000,0.0000,0,0,多换,B,7210.0000,0.0000,0.0000,0.0000,0.0000,7270.0000,0.0000,0.0000,0.0000,0.0000,1,0,0,0,0,1,0,0,0,0
zc,TA304,2012-06-29 09:34:45.330,7232.0000,26,0,0.0000,0.0000,0,0,多换,B,7208.0000,0.0000,0.0000,0.0000,0.0000,7270.0000,0.0000,0.0000,0.0000,0.0000,5,0,0,0,0,1,0,0,0,0
zc,TA304,2012-06-29 09:34:46.343,7232.0000,26,0,0.0000,0.0000,0,0,多换,B,7208.0000,0.0000,0.0000,0.0000,0.0000,7270.0000,0.0000,0.0000,0.0000,0.0000,5,0,0,0,0,2,0,0,0,0
zc,TA304,2012-06-29 09:34:47.110,7232.0000,26,0,0.0000,0.0000,0,0,多换,B,7208.0000,0.0000,0.0000,0.0000,0.0000,7270.0000,0.0000,0.0000,0.0000,0.0000,5,0,0,0,0,1,0,0,0,0
zc,TA304,2012-06-29 09:34:50.390,7232.0000,26,0,0.0000,0.0000,0,0,多换,B,7212.0000,0.0000,0.0000,0.0000,0.0000,7270.0000,0.0000,0.0000,0.0000,0.0000,5,0,0,0,0,1,0,0,0,0
zc,TA304,2012-06-29 09:35:24.627,7232.0000,26,0,0.0000,0.0000,0,0,多换,B,7214.0000,0.0000,0.0000,0.0000,0.0000,7270.0000,0.0000,0.0000,0.0000,0.0000,5,0,0,0,0,1,0,0,0,0
zc,TA304,2012-06-29 09:35:26.360,7232.0000,26,0,0.0000,0.0000,0,0,多换,B,7212.0000,0.0000,0.0000,0.0000,0.0000,7270.0000,0.0000,0.0000,0.0000,0.0000,6,0,0,0,0,1,0,0,0,0
zc,TA304,2012-06-29 09:35:27.110,7232.0000,26,0,0.0000,0.0000,0,0,多换,B,7212.0000,0.0000,0.0000,0.0000,0.0000,7270.0000,0.0000,0.0000,0.0000,0.0000,5,0,0,0,0,1,0,0,0,0
zc,TA304,2012-06-29 09:35:51.330,7232.0000,26,0,0.0000,0.0000,0,0,多换,B,7214.0000,0.0000,0.0000,0.0000,0.0000,7270.0000,0.0000,0.0000,0.0000,0.0000,2,0,0,0,0,1,0,0,0,0
zc,TA304,2012-06-29 09:35:54.313,7232.0000,26,0,0.0000,0.0000,0,0,多换,B,7214.0000,0.0000,0.0000,0.0000,0.0000,7270.0000,0.0000,0.0000,0.0000,0.0000,1,0,0,0,0,1,0,0,0,0
zc,TA304,2012-06-29 09:35:55.627,7232.0000,26,0,0.0000,0.0000,0,0,多换,B,7212.0000,0.0000,0.0000,0.0000,0.0000,7270.0000,0.0000,0.0000,0.0000,0.0000,5,0,0,0,0,1,0,0,0,0
zc,TA304,2012-06-29 09:35:56.610,7232.0000,26,0,0.0000,0.0000,0,0,多换,B,7214.0000,0.0000,0.0000,0.0000,0.0000,7270.0000,0.0000,0.0000,0.0000,0.0000,3,0,0,0,0,1,0,0,0,0
zc,TA304,2012-06-29 09:35:57.330,7232.0000,26,0,0.0000,0.0000,0,0,多换,B,7214.0000,0.0000,0.0000,0.0000,0.0000,7270.0000,0.0000,0.0000,0.0000,0.0000,5,0,0,0,0,1,0,0,0,0
zc,TA304,2012-06-29 09:36:14.330,7232.0000,26,0,0.0000,0.0000,0,0,多换,B,7216.0000,0.0000,0.0000,0.0000,0.0000,7270.0000,0.0000,0.0000,0.0000,0.0000,5,0,0,0,0,1,0,0,0,0
zc,TA304,2012-06-29 09:36:15.360,7232.0000,26,0,0.0000,0.0000,0,0,多换,B,7214.0000,0.0000,0.0000,0.0000,0.0000,7270.0000,0.0000,0.0000,0.0000,0.0000,6,0,0,0,0,1,0,0,0,0
zc,TA304,2012-06-29 09:36:15.830,7232.0000,26,0,0.0000,0.0000,0,0,多换,B,7214.0000,0.0000,0.0000,0.0000,0.0000,7270.0000,0.0000,0.0000,0.0000,0.0000,5,0,0,0,0,1,0,0,0,0
zc,TA304,2012-06-29 09:36:34.093,7232.0000,26,0,0.0000,0.0000,0,0,多换,B,7216.0000,0.0000,0.0000,0.0000,0.0000,7270.0000,0.0000,0.0000,0.0000,0.0000,1,0,0,0,0,1,0,0,0,0
zc,TA304,2012-06-29 09:36:38.110,7232.0000,26,0,0.0000,0.0000,0,0,多换,B,7214.0000,0.0000,0.0000,0.0000,0.0000,7270.0000,0.0000,0.0000,0.0000,0.0000,6,0,0,0,0,1,0,0,0,0
zc,TA304,2012-06-29 09:36:38.330,7232.0000,26,0,0.0000,0.0000,0,0,多换,B,7214.0000,0.0000,0.0000,0.0000,0.0000,7270.0000,0.0000,0.0000,0.0000,0.0000,5,0,0,0,0,1,0,0,0,0
zc,TA304,2012-06-29 09:36:43.047,7232.0000,26,0,0.0000,0.0000,0,0,多换,B,7214.0000,0.0000,0.0000,0.0000,0.0000,7270.0000,0.0000,0.0000,0.0000,0.0000,6,0,0,0,0,1,0,0,0,0
zc,TA304,2012-06-29 09:36:48.580,7232.0000,26,0,0.0000,0.0000,0,0,多换,B,7216.0000,0.0000,0.0000,0.0000,0.0000,7270.0000,0.0000,0.0000,0.0000,0.0000,1,0,0,0,0,1,0,0,0,0
zc,TA304,2012-06-29 09:36:52.330,7232.0000,26,0,0.0000,0.0000,0,0,多换,B,7214.0000,0.0000,0.0000,0.0000,0.0000,7270.0000,0.0000,0.0000,0.0000,0.0000,6,0,0,0,0,1,0,0,0,0
zc,TA304,2012-06-29 09:38:31.610,7232.0000,26,0,0.0000,0.0000,0,0,多换,B,7216.0000,0.0000,0.0000,0.0000,0.0000,7270.0000,0.0000,0.0000,0.0000,0.0000,5,0,0,0,0,1,0,0,0,0
zc,TA304,2012-06-29 09:39:18.063,7232.0000,26,0,0.0000,0.0000,0,0,多换,B,7218.0000,0.0000,0.0000,0.0000,0.0000,7270.0000,0.0000,0.0000,0.0000,0.0000,1,0,0,0,0,1,0,0,0,0
zc,TA304,2012-06-29 09:39:28.063,7232.0000,26,0,0.0000,0.0000,0,0,多换,B,7216.0000,0.0000,0.0000,0.0000,0.0000,7270.0000,0.0000,0.0000,0.0000,0.0000,5,0,0,0,0,1,0,0,0,0
zc,TA304,2012-06-29 09:39:45.063,7232.0000,26,0,0.0000,0.0000,0,0,多换,B,7218.0000,0.0000,0.0000,0.0000,0.0000,7270.0000,0.0000,0.0000,0.0000,0.0000,1,0,0,0,0,1,0,0,0,0
zc,TA304,2012-06-29 09:40:08.830,7232.0000,26,0,0.0000,0.0000,0,0,多换,B,7218.0000,0.0000,0.0000,0.0000,0.0000,7270.0000,0.0000,0.0000,0.0000,0.0000,6,0,0,0,0,1,0,0,0,0
zc,TA304,2012-06-29 09:40:31.063,7232.0000,26,0,0.0000,0.0000,0,0,多换,B,7218.0000,0.0000,0.0000,0.0000,0.0000,7270.0000,0.0000,0.0000,0.0000,0.0000,5,0,0,0,0,1,0,0,0,0
zc,TA304,2012-06-29 09:40:38.563,7232.0000,26,0,0.0000,0.0000,0,0,多换,B,7222.0000,0.0000,0.0000,0.0000,0.0000,7270.0000,0.0000,0.0000,0.0000,0.0000,1,0,0,0,0,1,0,0,0,0
zc,TA304,2012-06-29 09:41:24.330,7232.0000,26,0,0.0000,0.0000,0,0,多换,B,7218.0000,0.0000,0.0000,0.0000,0.0000,7270.0000,0.0000,0.0000,0.0000,0.0000,5,0,0,0,0,1,0,0,0,0
zc,TA304,2012-06-29 09:41:30.330,7232.0000,26,0,0.0000,0.0000,0,0,多换,B,7218.0000,0.0000,0.0000,0.0000,0.0000,7270.0000,0.0000,0.0000,0.0000,0.0000,2,0,0,0,0,1,0,0,0,0
zc,TA304,2012-06-29 09:41:30.843,7232.0000,26,0,0.0000,0.0000,0,0,多换,B,7216.0000,0.0000,0.0000,0.0000,0.0000,7270.0000,0.0000,0.0000,0.0000,0.0000,6,0,0,0,0,1,0,0,0,0
zc,TA304,2012-06-29 09:41:31.313,7232.0000,26,0,0.0000,0.0000,0,0,多换,B,7216.0000,0.0000,0.0000,0.0000,0.0000,7270.0000,0.0000,0.0000,0.0000,0.0000,5,0,0,0,0,1,0,0,0,0
zc,TA304,2012-06-29 09:42:31.080,7232.0000,26,0,0.0000,0.0000,0,0,多换,B,7218.0000,0.0000,0.0000,0.0000,0.0000,7270.0000,0.0000,0.0000,0.0000,0.0000,3,0,0,0,0,1,0,0,0,0
zc,TA304,2012-06-29 09:42:31.563,7232.0000,26,0,0.0000,0.0000,0,0,多换,B,7218.0000,0.0000,0.0000,0.0000,0.0000,7270.0000,0.0000,0.0000,0.0000,0.0000,5,0,0,0,0,1,0,0,0,0
zc,TA304,2012-06-29 09:42:41.563,7232.0000,26,0,0.0000,0.0000,0,0,多换,B,7216.0000,0.0000,0.0000,0.0000,0.0000,7270.0000,0.0000,0.0000,0.0000,0.0000,6,0,0,0,0,1,0,0,0,0
zc,TA304,2012-06-29 09:42:42.110,7232.0000,26,0,0.0000,0.0000,0,0,多换,B,7216.0000,0.0000,0.0000,0.0000,0.0000,7270.0000,0.0000,0.0000,0.0000,0.0000,5,0,0,0,0,1,0,0,0,0
zc,TA304,2012-06-29 09:42:51.313,7232.0000,26,0,0.0000,0.0000,0,0,多换,B,7218.0000,0.0000,0.0000,0.0000,0.0000,7270.0000,0.0000,0.0000,0.0000,0.0000,1,0,0,0,0,1,0,0,0,0
zc,TA304,2012-06-29 09:42:57.580,7232.0000,26,0,0.0000,0.0000,0,0,多换,B,7216.0000,0.0000,0.0000,0.0000,0.0000,7270.0000,0.0000,0.0000,0.0000,0.0000,6,0,0,0,0,1,0,0,0,0
zc,TA304,2012-06-29 09:42:58.063,7232.0000,26,0,0.0000,0.0000,0,0,多换,B,7216.0000,0.0000,0.0000,0.0000,0.0000,7270.0000,0.0000,0.0000,0.0000,0.0000,5,0,0,0,0,1,0,0,0,0
zc,TA304,2012-06-29 09:43:16.047,7232.0000,26,0,0.0000,0.0000,0,0,多换,B,7216.0000,0.0000,0.0000,0.0000,0.0000,7270.0000,0.0000,0.0000,0.0000,0.0000,6,0,0,0,0,1,0,0,0,0
zc,TA304,2012-06-29 09:44:19.563,7232.0000,26,0,0.0000,0.0000,0,0,多换,B,7216.0000,0.0000,0.0000,0.0000,0.0000,7270.0000,0.0000,0.0000,0.0000,0.0000,3,0,0,0,0,1,0,0,0,0
zc,TA304,2012-06-29 09:44:20.547,7232.0000,26,0,0.0000,0.0000,0,0,多换,B,7216.0000,0.0000,0.0000,0.0000,0.0000,7270.0000,0.0000,0.0000,0.0000,0.0000,2,0,0,0,0,1,0,0,0,0
zc,TA304,2012-06-29 09:44:23.313,7232.0000,26,0,0.0000,0.0000,0,0,多换,B,7216.0000,0.0000,0.0000,0.0000,0.0000,7270.0000,0.0000,0.0000,0.0000,0.0000,4,0,0,0,0,1,0,0,0,0
zc,TA304,2012-06-29 09:44:24.093,7232.0000,26,0,0.0000,0.0000,0,0,多换,B,7216.0000,0.0000,0.0000,0.0000,0.0000,7270.0000,0.0000,0.0000,0.0000,0.0000,1,0,0,0,0,1,0,0,0,0
zc,TA304,2012-06-29 09:44:30.313,7232.0000,26,0,0.0000,0.0000,0,0,多换,B,7216.0000,0.0000,0.0000,0.0000,0.0000,7264.0000,0.0000,0.0000,0.0000,0.0000,1,0,0,0,0,1,0,0,0,0
zc,TA304,2012-06-29 09:44:37.093,7232.0000,26,0,0.0000,0.0000,0,0,多换,B,7216.0000,0.0000,0.0000,0.0000,0.0000,7264.0000,0.0000,0.0000,0.0000,0.0000,3,0,0,0,0,1,0,0,0,0
zc,TA304,2012-06-29 09:44:42.580,7232.0000,26,0,0.0000,0.0000,0,0,多换,B,7216.0000,0.0000,0.0000,0.0000,0.0000,7264.0000,0.0000,0.0000,0.0000,0.0000,1,0,0,0,0,1,0,0,0,0
zc,TA304,2012-06-29 09:44:48.593,7232.0000,26,0,0.0000,0.0000,0,0,多换,B,7216.0000,0.0000,0.0000,0.0000,0.0000,7264.0000,0.0000,0.0000,0.0000,0.0000,6,0,0,0,0,1,0,0,0,0
zc,TA304,2012-06-29 09:44:56.330,7232.0000,26,0,0.0000,0.0000,0,0,多换,B,7216.0000,0.0000,0.0000,0.0000,0.0000,7264.0000,0.0000,0.0000,0.0000,0.0000,1,0,0,0,0,1,0,0,0,0
zc,TA304,2012-06-29 09:45:06.330,7232.0000,26,0,0.0000,0.0000,0,0,多换,B,7212.0000,0.0000,0.0000,0.0000,0.0000,7264.0000,0.0000,0.0000,0.0000,0.0000,5,0,0,0,0,1,0,0,0,0
zc,TA304,2012-06-29 09:45:06.813,7232.0000,26,0,0.0000,0.0000,0,0,多换,B,7212.0000,0.0000,0.0000,0.0000,0.0000,7270.0000,0.0000,0.0000,0.0000,0.0000,5,0,0,0,0,1,0,0,0,0
zc,TA304,2012-06-29 09:45:34.080,7232.0000,26,0,0.0000,0.0000,0,0,多换,B,7210.0000,0.0000,0.0000,0.0000,0.0000,7270.0000,0.0000,0.0000,0.0000,0.0000,6,0,0,0,0,1,0,0,0,0
zc,TA304,2012-06-29 09:45:49.110,7232.0000,26,0,0.0000,0.0000,0,0,多换,B,7210.0000,0.0000,0.0000,0.0000,0.0000,7270.0000,0.0000,0.0000,0.0000,0.0000,1,0,0,0,0,3,0,0,0,0
zc,TA304,2012-06-29 09:45:50.093,7232.0000,26,0,0.0000,0.0000,0,0,多换,B,7210.0000,0.0000,0.0000,0.0000,0.0000,7270.0000,0.0000,0.0000,0.0000,0.0000,5,0,0,0,0,1,0,0,0,0
zc,TA304,2012-06-29 09:45:50.843,7232.0000,26,0,0.0000,0.0000,0,0,多换,B,7210.0000,0.0000,0.0000,0.0000,0.0000,7270.0000,0.0000,0.0000,0.0000,0.0000,4,0,0,0,0,1,0,0,0,0
zc,TA304,2012-06-29 09:45:51.313,7232.0000,26,0,0.0000,0.0000,0,0,多换,B,7210.0000,0.0000,0.0000,0.0000,0.0000,7270.0000,0.0000,0.0000,0.0000,0.0000,6,0,0,0,0,1,0,0,0,0
zc,TA304,2012-06-29 09:46:12.640,7232.0000,26,0,0.0000,0.0000,0,0,多换,B,7212.0000,0.0000,0.0000,0.0000,0.0000,7270.0000,0.0000,0.0000,0.0000,0.0000,1,0,0,0,0,1,0,0,0,0
zc,TA304,2012-06-29 09:46:15.330,7232.0000,26,0,0.0000,0.0000,0,0,多换,B,7210.0000,0.0000,0.0000,0.0000,0.0000,7270.0000,0.0000,0.0000,0.0000,0.0000,6,0,0,0,0,1,0,0,0,0
zc,TA304,2012-06-29 09:46:18.110,7232.0000,26,0,0.0000,0.0000,0,0,多换,B,7212.0000,0.0000,0.0000,0.0000,0.0000,7270.0000,0.0000,0.0000,0.0000,0.0000,3,0,0,0,0,1,0,0,0,0
zc,TA304,2012-06-29 09:46:18.877,7232.0000,26,0,0.0000,0.0000,0,0,多换,B,7210.0000,0.0000,0.0000,0.0000,0.0000,7270.0000,0.0000,0.0000,0.0000,0.0000,6,0,0,0,0,1,0,0,0,0
zc,TA304,2012-06-29 09:46:21.063,7232.0000,26,0,0.0000,0.0000,0,0,多换,B,7210.0000,0.0000,0.0000,0.0000,0.0000,7270.0000,0.0000,0.0000,0.0000,0.0000,6,0,0,0,0,1,0,0,0,0
zc,TA304,2012-06-29 09:46:24.843,7232.0000,26,0,0.0000,0.0000,0,0,多换,B,7210.0000,0.0000,0.0000,0.0000,0.0000,7270.0000,0.0000,0.0000,0.0000,0.0000,4,0,0,0,0,1,0,0,0,0
zc,TA304,2012-06-29 09:46:25.377,7232.0000,26,0,0.0000,0.0000,0,0,多换,B,7210.0000,0.0000,0.0000,0.0000,0.0000,7270.0000,0.0000,0.0000,0.0000,0.0000,1,0,0,0,0,3,0,0,0,0
zc,TA304,2012-06-29 09:46:26.593,7232.0000,26,0,0.0000,0.0000,0,0,多换,B,7210.0000,0.0000,0.0000,0.0000,0.0000,7270.0000,0.0000,0.0000,0.0000,0.0000,2,0,0,0,0,1,0,0,0,0
zc,TA304,2012-06-29 09:46:27.313,7232.0000,26,0,0.0000,0.0000,0,0,多换,B,7210.0000,0.0000,0.0000,0.0000,0.0000,7270.0000,0.0000,0.0000,0.0000,0.0000,3,0,0,0,0,1,0,0,0,0
zc,TA304,2012-06-29 09:46:29.093,7232.0000,26,0,0.0000,0.0000,0,0,多换,B,7210.0000,0.0000,0.0000,0.0000,0.0000,7270.0000,0.0000,0.0000,0.0000,0.0000,2,0,0,0,0,1,0,0,0,0
zc,TA304,2012-06-29 09:46:29.640,7232.0000,26,0,0.0000,0.0000,0,0,多换,B,7210.0000,0.0000,0.0000,0.0000,0.0000,7270.0000,0.0000,0.0000,0.0000,0.0000,3,0,0,0,0,1,0,0,0,0
zc,TA304,2012-06-29 09:46:30.140,7232.0000,26,0,0.0000,0.0000,0,0,多换,B,7210.0000,0.0000,0.0000,0.0000,0.0000,7270.0000,0.0000,0.0000,0.0000,0.0000,1,0,0,0,0,2,0,0,0,0
zc,TA304,2012-06-29 09:46:32.140,7232.0000,26,0,0.0000,0.0000,0,0,多换,B,7210.0000,0.0000,0.0000,0.0000,0.0000,7270.0000,0.0000,0.0000,0.0000,0.0000,4,0,0,0,0,1,0,0,0,0
zc,TA304,2012-06-29 09:46:32.627,7232.0000,26,0,0.0000,0.0000,0,0,多换,B,7210.0000,0.0000,0.0000,0.0000,0.0000,7270.0000,0.0000,0.0000,0.0000,0.0000,1,0,0,0,0,1,0,0,0,0
zc,TA304,2012-06-29 09:46:33.360,7232.0000,26,0,0.0000,0.0000,0,0,多换,B,7210.0000,0.0000,0.0000,0.0000,0.0000,7270.0000,0.0000,0.0000,0.0000,0.0000,1,0,0,0,0,3,0,0,0,0
zc,TA304,2012-06-29 09:46:34.360,7232.0000,26,0,0.0000,0.0000,0,0,多换,B,7210.0000,0.0000,0.0000,0.0000,0.0000,7270.0000,0.0000,0.0000,0.0000,0.0000,1,0,0,0,0,1,0,0,0,0
zc,TA304,2012-06-29 09:46:36.313,7232.0000,26,0,0.0000,0.0000,0,0,多换,B,7210.0000,0.0000,0.0000,0.0000,0.0000,7270.0000,0.0000,0.0000,0.0000,0.0000,2,0,0,0,0,1,0,0,0,0
zc,TA304,2012-06-29 09:46:36.593,7232.0000,26,0,0.0000,0.0000,0,0,多换,B,7210.0000,0.0000,0.0000,0.0000,0.0000,7270.0000,0.0000,0.0000,0.0000,0.0000,3,0,0,0,0,1,0,0,0,0
zc,TA304,2012-06-29 09:46:37.330,7232.0000,26,0,0.0000,0.0000,0,0,多换,B,7210.0000,0.0000,0.0000,0.0000,0.0000,7270.0000,0.0000,0.0000,0.0000,0.0000,2,0,0,0,0,1,0,0,0,0
zc,TA304,2012-06-29 09:46:37.843,7232.0000,26,0,0.0000,0.0000,0,0,多换,B,7210.0000,0.0000,0.0000,0.0000,0.0000,7270.0000,0.0000,0.0000,0.0000,0.0000,1,0,0,0,0,1,0,0,0,0
zc,TA304,2012-06-29 09:46:40.343,7232.0000,26,0,0.0000,0.0000,0,0,多换,B,7210.0000,0.0000,0.0000,0.0000,0.0000,7270.0000,0.0000,0.0000,0.0000,0.0000,6,0,0,0,0,1,0,0,0,0
zc,TA304,2012-06-29 09:46:44.343,7232.0000,26,0,0.0000,0.0000,0,0,多换,B,7210.0000,0.0000,0.0000,0.0000,0.0000,7270.0000,0.0000,0.0000,0.0000,0.0000,5,0,0,0,0,1,0,0,0,0
zc,TA304,2012-06-29 09:46:46.127,7232.0000,26,0,0.0000,0.0000,0,0,多换,B,7210.0000,0.0000,0.0000,0.0000,0.0000,7270.0000,0.0000,0.0000,0.0000,0.0000,1,0,0,0,0,1,0,0,0,0
zc,TA304,2012-06-29 09:46:49.093,7232.0000,26,0,0.0000,0.0000,0,0,多换,B,7210.0000,0.0000,0.0000,0.0000,0.0000,7270.0000,0.0000,0.0000,0.0000,0.0000,1,0,0,0,0,2,0,0,0,0
zc,TA304,2012-06-29 09:46:50.063,7232.0000,26,0,0.0000,0.0000,0,0,多换,B,7210.0000,0.0000,0.0000,0.0000,0.0000,7270.0000,0.0000,0.0000,0.0000,0.0000,1,0,0,0,0,1,0,0,0,0
zc,TA304,2012-06-29 09:46:57.860,7232.0000,26,0,0.0000,0.0000,0,0,多换,B,7210.0000,0.0000,0.0000,0.0000,0.0000,7270.0000,0.0000,0.0000,0.0000,0.0000,1,0,0,0,0,3,0,0,0,0
zc,TA304,2012-06-29 09:47:12.830,7232.0000,26,0,0.0000,0.0000,0,0,多换,B,7210.0000,0.0000,0.0000,0.0000,0.0000,7270.0000,0.0000,0.0000,0.0000,0.0000,1,0,0,0,0,1,0,0,0,0
zc,TA304,2012-06-29 09:47:13.593,7232.0000,26,0,0.0000,0.0000,0,0,多换,B,7210.0000,0.0000,0.0000,0.0000,0.0000,7270.0000,0.0000,0.0000,0.0000,0.0000,2,0,0,0,0,1,0,0,0,0
zc,TA304,2012-06-29 09:47:13.813,7232.0000,26,0,0.0000,0.0000,0,0,多换,B,7210.0000,0.0000,0.0000,0.0000,0.0000,7270.0000,0.0000,0.0000,0.0000,0.0000,6,0,0,0,0,1,0,0,0,0
zc,TA304,2012-06-29 09:47:24.330,7232.0000,26,0,0.0000,0.0000,0,0,多换,B,7212.0000,0.0000,0.0000,0.0000,0.0000,7270.0000,0.0000,0.0000,0.0000,0.0000,5,0,0,0,0,1,0,0,0,0
zc,TA304,2012-06-29 09:48:28.330,7232.0000,26,0,0.0000,0.0000,0,0,多换,B,7212.0000,0.0000,0.0000,0.0000,0.0000,7270.0000,0.0000,0.0000,0.0000,0.0000,2,0,0,0,0,1,0,0,0,0
zc,TA304,2012-06-29 09:48:29.593,7232.0000,26,0,0.0000,0.0000,0,0,多换,B,7210.0000,0.0000,0.0000,0.0000,0.0000,7270.0000,0.0000,0.0000,0.0000,0.0000,5,0,0,0,0,1,0,0,0,0
zc,TA304,2012-06-29 09:48:37.093,7232.0000,26,0,0.0000,0.0000,0,0,多换,B,7212.0000,0.0000,0.0000,0.0000,0.0000,7270.0000,0.0000,0.0000,0.0000,0.0000,1,0,0,0,0,1,0,0,0,0
zc,TA304,2012-06-29 09:48:42.313,7232.0000,26,0,0.0000,0.0000,0,0,多换,B,7210.0000,0.0000,0.0000,0.0000,0.0000,7270.0000,0.0000,0.0000,0.0000,0.0000,5,0,0,0,0,1,0,0,0,0
zc,TA304,2012-06-29 09:49:04.080,7232.0000,26,0,0.0000,0.0000,0,0,多换,B,7212.0000,0.0000,0.0000,0.0000,0.0000,7270.0000,0.0000,0.0000,0.0000,0.0000,1,0,0,0,0,1,0,0,0,0
zc,TA304,2012-06-29 09:49:05.330,7232.0000,26,0,0.0000,0.0000,0,0,多换,B,7212.0000,0.0000,0.0000,0.0000,0.0000,7270.0000,0.0000,0.0000,0.0000,0.0000,5,0,0,0,0,1,0,0,0,0
zc,TA304,2012-06-29 09:49:05.563,7232.0000,26,0,0.0000,0.0000,0,0,多换,B,7212.0000,0.0000,0.0000,0.0000,0.0000,7270.0000,0.0000,0.0000,0.0000,0.0000,3,0,0,0,0,1,0,0,0,0
zc,TA304,2012-06-29 09:49:10.377,7232.0000,26,0,0.0000,0.0000,0,0,多换,B,7210.0000,0.0000,0.0000,0.0000,0.0000,7270.0000,0.0000,0.0000,0.0000,0.0000,5,0,0,0,0,1,0,0,0,0
zc,TA304,2012-06-29 09:49:20.593,7232.0000,26,0,0.0000,0.0000,0,0,多换,B,7210.0000,0.0000,0.0000,0.0000,0.0000,7270.0000,0.0000,0.0000,0.0000,0.0000,6,0,0,0,0,1,0,0,0,0
zc,TA304,2012-06-29 09:49:21.313,7232.0000,26,0,0.0000,0.0000,0,0,多换,B,7212.0000,0.0000,0.0000,0.0000,0.0000,7270.0000,0.0000,0.0000,0.0000,0.0000,5,0,0,0,0,1,0,0,0,0
zc,TA304,2012-06-29 09:49:21.830,7232.0000,26,0,0.0000,0.0000,0,0,多换,B,7210.0000,0.0000,0.0000,0.0000,0.0000,7270.0000,0.0000,0.0000,0.0000,0.0000,6,0,0,0,0,1,0,0,0,0
zc,TA304,2012-06-29 09:49:26.360,7232.0000,26,0,0.0000,0.0000,0,0,多换,B,7214.0000,0.0000,0.0000,0.0000,0.0000,7270.0000,0.0000,0.0000,0.0000,0.0000,1,0,0,0,0,1,0,0,0,0
zc,TA304,2012-06-29 09:49:27.877,7232.0000,26,0,0.0000,0.0000,0,0,多换,B,7210.0000,0.0000,0.0000,0.0000,0.0000,7270.0000,0.0000,0.0000,0.0000,0.0000,5,0,0,0,0,1,0,0,0,0
zc,TA304,2012-06-29 09:49:28.593,7232.0000,26,0,0.0000,0.0000,0,0,多换,B,7210.0000,0.0000,0.0000,0.0000,0.0000,7270.0000,0.0000,0.0000,0.0000,0.0000,6,0,0,0,0,1,0,0,0,0
zc,TA304,2012-06-29 09:49:29.330,7232.0000,26,0,0.0000,0.0000,0,0,多换,B,7212.0000,0.0000,0.0000,0.0000,0.0000,7270.0000,0.0000,0.0000,0.0000,0.0000,5,0,0,0,0,1,0,0,0,0
zc,TA304,2012-06-29 09:49:30.390,7232.0000,26,0,0.0000,0.0000,0,0,多换,B,7210.0000,0.0000,0.0000,0.0000,0.0000,7270.0000,0.0000,0.0000,0.0000,0.0000,6,0,0,0,0,1,0,0,0,0
zc,TA304,2012-06-29 09:49:32.593,7232.0000,26,0,0.0000,0.0000,0,0,多换,B,7212.0000,0.0000,0.0000,0.0000,0.0000,7270.0000,0.0000,0.0000,0.0000,0.0000,1,0,0,0,0,1,0,0,0,0
zc,TA304,2012-06-29 09:49:34.593,7232.0000,26,0,0.0000,0.0000,0,0,多换,B,7212.0000,0.0000,0.0000,0.0000,0.0000,7270.0000,0.0000,0.0000,0.0000,0.0000,5,0,0,0,0,1,0,0,0,0
zc,TA304,2012-06-29 09:49:35.110,7232.0000,26,0,0.0000,0.0000,0,0,多换,B,7214.0000,0.0000,0.0000,0.0000,0.0000,7270.0000,0.0000,0.0000,0.0000,0.0000,3,0,0,0,0,1,0,0,0,0
zc,TA304,2012-06-29 09:49:35.843,7232.0000,26,0,0.0000,0.0000,0,0,多换,B,7214.0000,0.0000,0.0000,0.0000,0.0000,7270.0000,0.0000,0.0000,0.0000,0.0000,4,0,0,0,0,1,0,0,0,0
zc,TA304,2012-06-29 09:49:37.390,7232.0000,26,0,0.0000,0.0000,0,0,多换,B,7214.0000,0.0000,0.0000,0.0000,0.0000,7270.0000,0.0000,0.0000,0.0000,0.0000,5,0,0,0,0,1,0,0,0,0
zc,TA304,2012-06-29 09:50:22.080,7232.0000,26,0,0.0000,0.0000,0,0,多换,B,7216.0000,0.0000,0.0000,0.0000,0.0000,7270.0000,0.0000,0.0000,0.0000,0.0000,1,0,0,0,0,1,0,0,0,0
zc,TA304,2012-06-29 09:50:24.343,7232.0000,26,0,0.0000,0.0000,0,0,多换,B,7214.0000,0.0000,0.0000,0.0000,0.0000,7270.0000,0.0000,0.0000,0.0000,0.0000,6,0,0,0,0,1,0,0,0,0
zc,TA304,2012-06-29 09:50:25.343,7232.0000,26,0,0.0000,0.0000,0,0,多换,B,7216.0000,0.0000,0.0000,0.0000,0.0000,7270.0000,0.0000,0.0000,0.0000,0.0000,1,0,0,0,0,1,0,0,0,0
zc,TA304,2012-06-29 09:50:25.830,7232.0000,26,0,0.0000,0.0000,0,0,多换,B,7214.0000,0.0000,0.0000,0.0000,0.0000,7270.0000,0.0000,0.0000,0.0000,0.0000,5,0,0,0,0,1,0,0,0,0
zc,TA304,2012-06-29 09:50:44.110,7232.0000,26,0,0.0000,0.0000,0,0,多换,B,7216.0000,0.0000,0.0000,0.0000,0.0000,7270.0000,0.0000,0.0000,0.0000,0.0000,5,0,0,0,0,1,0,0,0,0
zc,TA304,2012-06-29 09:50:44.563,7232.0000,26,0,0.0000,0.0000,0,0,多换,B,7216.0000,0.0000,0.0000,0.0000,0.0000,7270.0000,0.0000,0.0000,0.0000,0.0000,2,0,0,0,0,1,0,0,0,0
zc,TA304,2012-06-29 09:50:45.580,7232.0000,26,0,0.0000,0.0000,0,0,多换,B,7216.0000,0.0000,0.0000,0.0000,0.0000,7270.0000,0.0000,0.0000,0.0000,0.0000,5,0,0,0,0,1,0,0,0,0
zc,TA304,2012-06-29 09:51:18.547,7232.0000,26,0,0.0000,0.0000,0,0,多换,B,7218.0000,0.0000,0.0000,0.0000,0.0000,7270.0000,0.0000,0.0000,0.0000,0.0000,1,0,0,0,0,1,0,0,0,0
zc,TA304,2012-06-29 09:53:01.830,7232.0000,26,0,0.0000,0.0000,0,0,多换,B,7218.0000,0.0000,0.0000,0.0000,0.0000,7270.0000,0.0000,0.0000,0.0000,0.0000,6,0,0,0,0,1,0,0,0,0
zc,TA304,2012-06-29 09:53:29.313,7232.0000,26,0,0.0000,0.0000,0,0,多换,B,7220.0000,0.0000,0.0000,0.0000,0.0000,7270.0000,0.0000,0.0000,0.0000,0.0000,5,0,0,0,0,1,0,0,0,0
zc,TA304,2012-06-29 09:56:28.563,7232.0000,26,0,0.0000,0.0000,0,0,多换,B,7218.0000,0.0000,0.0000,0.0000,0.0000,7270.0000,0.0000,0.0000,0.0000,0.0000,6,0,0,0,0,1,0,0,0,0
zc,TA304,2012-06-29 09:56:49.313,7232.0000,26,0,0.0000,0.0000,0,0,多换,B,7220.0000,0.0000,0.0000,0.0000,0.0000,7270.0000,0.0000,0.0000,0.0000,0.0000,5,0,0,0,0,1,0,0,0,0
zc,TA304,2012-06-29 09:57:21.797,7232.0000,26,0,0.0000,0.0000,0,0,多换,B,7222.0000,0.0000,0.0000,0.0000,0.0000,7270.0000,0.0000,0.0000,0.0000,0.0000,5,0,0,0,0,1,0,0,0,0
zc,TA304,2012-06-29 09:57:35.563,7232.0000,26,0,0.0000,0.0000,0,0,多换,B,7220.0000,0.0000,0.0000,0.0000,0.0000,7270.0000,0.0000,0.0000,0.0000,0.0000,5,0,0,0,0,1,0,0,0,0
zc,TA304,2012-06-29 09:57:36.797,7232.0000,26,0,0.0000,0.0000,0,0,多换,B,7220.0000,0.0000,0.0000,0.0000,0.0000,7268.0000,0.0000,0.0000,0.0000,0.0000,5,0,0,0,0,1,0,0,0,0
zc,TA304,2012-06-29 09:58:18.797,7232.0000,26,0,0.0000,0.0000,0,0,多换,B,7220.0000,0.0000,0.0000,0.0000,0.0000,7270.0000,0.0000,0.0000,0.0000,0.0000,5,0,0,0,0,1,0,0,0,0
zc,TA304,2012-06-29 10:00:00.830,7232.0000,26,0,0.0000,0.0000,0,0,多换,B,7222.0000,0.0000,0.0000,0.0000,0.0000,7270.0000,0.0000,0.0000,0.0000,0.0000,5,0,0,0,0,1,0,0,0,0
zc,TA304,2012-06-29 10:00:01.313,7232.0000,26,0,0.0000,0.0000,0,0,多换,B,7222.0000,0.0000,0.0000,0.0000,0.0000,7270.0000,0.0000,0.0000,0.0000,0.0000,4,0,0,0,0,1,0,0,0,0
zc,TA304,2012-06-29 10:00:02.047,7232.0000,26,0,0.0000,0.0000,0,0,多换,B,7222.0000,0.0000,0.0000,0.0000,0.0000,7270.0000,0.0000,0.0000,0.0000,0.0000,2,0,0,0,0,1,0,0,0,0
zc,TA304,2012-06-29 10:00:02.610,7232.0000,26,0,0.0000,0.0000,0,0,多换,B,7220.0000,0.0000,0.0000,0.0000,0.0000,7270.0000,0.0000,0.0000,0.0000,0.0000,5,0,0,0,0,1,0,0,0,0
zc,TA304,2012-06-29 10:00:14.593,7232.0000,26,0,0.0000,0.0000,0,0,多换,B,7222.0000,0.0000,0.0000,0.0000,0.0000,7270.0000,0.0000,0.0000,0.0000,0.0000,5,0,0,0,0,1,0,0,0,0
zc,TA304,2012-06-29 10:00:16.797,7232.0000,26,0,0.0000,0.0000,0,0,多换,B,7222.0000,0.0000,0.0000,0.0000,0.0000,7270.0000,0.0000,0.0000,0.0000,0.0000,3,0,0,0,0,1,0,0,0,0
zc,TA304,2012-06-29 10:00:18.830,7232.0000,26,0,0.0000,0.0000,0,0,多换,B,7220.0000,0.0000,0.0000,0.0000,0.0000,7270.0000,0.0000,0.0000,0.0000,0.0000,5,0,0,0,0,1,0,0,0,0
zc,TA304,2012-06-29 10:00:25.563,7232.0000,26,0,0.0000,0.0000,0,0,多换,B,7222.0000,0.0000,0.0000,0.0000,0.0000,7270.0000,0.0000,0.0000,0.0000,0.0000,5,0,0,0,0,1,0,0,0,0
zc,TA304,2012-06-29 10:00:31.563,7232.0000,26,0,0.0000,0.0000,0,0,多换,B,7220.0000,0.0000,0.0000,0.0000,0.0000,7270.0000,0.0000,0.0000,0.0000,0.0000,5,0,0,0,0,1,0,0,0,0
zc,TA304,2012-06-29 10:00:31.830,7232.0000,26,0,0.0000,0.0000,0,0,多换,B,7222.0000,0.0000,0.0000,0.0000,0.0000,7270.0000,0.0000,0.0000,0.0000,0.0000,4,0,0,0,0,1,0,0,0,0
zc,TA304,2012-06-29 10:00:33.580,7232.0000,26,0,0.0000,0.0000,0,0,多换,B,7222.0000,0.0000,0.0000,0.0000,0.0000,7270.0000,0.0000,0.0000,0.0000,0.0000,2,0,0,0,0,1,0,0,0,0
zc,TA304,2012-06-29 10:00:35.297,7232.0000,26,0,0.0000,0.0000,0,0,多换,B,7222.0000,0.0000,0.0000,0.0000,0.0000,7270.0000,0.0000,0.0000,0.0000,0.0000,1,0,0,0,0,1,0,0,0,0
zc,TA304,2012-06-29 10:00:35.797,7232.0000,26,0,0.0000,0.0000,0,0,多换,B,7220.0000,0.0000,0.0000,0.0000,0.0000,7270.0000,0.0000,0.0000,0.0000,0.0000,5,0,0,0,0,1,0,0,0,0
