市场代码,合约代码,时间,最新,持仓,增仓,成交额,成交量,开仓,平仓,成交类型,方向,买一价,买二价,买三价,买四价,买五价,卖一价,卖二价,卖三价,卖四价,卖五价,买一量,买二量,买三量,买四量,买五量,卖一量,卖二量,卖三量,卖四量,卖五量
zc,TA209,2012-06-29 07:52:18.203,0.0000,452668,0,0.0000,0.0000,0,0,空换,S,0.0000,0.0000,0.0000,0.0000,0.0000,0.0000,0.0000,0.0000,0.0000,0.0000,0,0,0,0,0,0,0,0,0,0
zc,TA209,2012-06-29 07:54:19.033,0.0000,452668,0,0.0000,0.0000,0,0,空换,S,0.0000,0.0000,0.0000,0.0000,0.0000,0.0000,0.0000,0.0000,0.0000,0.0000,0,0,0,0,0,0,0,0,0,0
zc,TA209,2012-06-29 08:06:19.033,0.0000,452668,0,0.0000,0.0000,0,0,空换,S,0.0000,0.0000,0.0000,0.0000,0.0000,0.0000,0.0000,0.0000,0.0000,0.0000,0,0,0,0,0,0,0,0,0,0
zc,TA209,2012-06-29 08:09:19.033,0.0000,452668,0,0.0000,0.0000,0,0,空换,S,0.0000,0.0000,0.0000,0.0000,0.0000,0.0000,0.0000,0.0000,0.0000,0.0000,0,0,0,0,0,0,0,0,0,0
zc,TA209,2012-06-29 08:37:21.110,0.0000,452668,0,0.0000,0.0000,0,0,空换,S,0.0000,0.0000,0.0000,0.0000,0.0000,0.0000,0.0000,0.0000,0.0000,0.0000,0,0,0,0,0,0,0,0,0,0
zc,TA209,2012-06-29 08:48:21.093,0.0000,452668,0,0.0000,0.0000,0,0,空换,S,0.0000,0.0000,0.0000,0.0000,0.0000,0.0000,0.0000,0.0000,0.0000,0.0000,0,0,0,0,0,0,0,0,0,0
zc,TA209,2012-06-29 08:55:03.343,0.0000,452668,0,0.0000,0.0000,0,0,空换,S,0.0000,0.0000,0.0000,0.0000,0.0000,0.0000,0.0000,0.0000,0.0000,0.0000,0,0,0,0,0,0,0,0,0,0
zc,TA209,2012-06-29 08:55:04.110,0.0000,452668,0,0.0000,0.0000,0,0,空换,S,0.0000,0.0000,0.0000,0.0000,0.0000,0.0000,0.0000,0.0000,0.0000,0.0000,0,0,0,0,0,0,0,0,0,0
zc,TA209,2012-06-29 08:55:06.330,0.0000,452668,0,0.0000,0.0000,0,0,空换,S,0.0000,0.0000,0.0000,0.0000,0.0000,0.0000,0.0000,0.0000,0.0000,0.0000,0,0,0,0,0,0,0,0,0,0
zc,TA209,2012-06-29 08:55:06.830,0.0000,452668,0,0.0000,0.0000,0,0,空换,S,0.0000,0.0000,0.0000,0.0000,0.0000,0.0000,0.0000,0.0000,0.0000,0.0000,0,0,0,0,0,0,0,0,0,0
zc,TA209,2012-06-29 08:55:07.330,0.0000,452668,0,0.0000,0.0000,0,0,空换,S,0.0000,0.0000,0.0000,0.0000,0.0000,0.0000,0.0000,0.0000,0.0000,0.0000,0,0,0,0,0,0,0,0,0,0
zc,TA209,2012-06-29 08:55:08.080,0.0000,452668,0,0.0000,0.0000,0,0,空换,S,0.0000,0.0000,0.0000,0.0000,0.0000,0.0000,0.0000,0.0000,0.0000,0.0000,0,0,0,0,0,0,0,0,0,0
zc,TA209,2012-06-29 08:55:08.330,0.0000,452668,0,0.0000,0.0000,0,0,空换,S,0.0000,0.0000,0.0000,0.0000,0.0000,0.0000,0.0000,0.0000,0.0000,0.0000,0,0,0,0,0,0,0,0,0,0
zc,TA209,2012-06-29 08:55:09.080,0.0000,452668,0,0.0000,0.0000,0,0,空换,S,0.0000,0.0000,0.0000,0.0000,0.0000,0.0000,0.0000,0.0000,0.0000,0.0000,0,0,0,0,0,0,0,0,0,0
zc,TA209,2012-06-29 08:55:11.830,0.0000,452668,0,0.0000,0.0000,0,0,空换,S,0.0000,0.0000,0.0000,0.0000,0.0000,0.0000,0.0000,0.0000,0.0000,0.0000,0,0,0,0,0,0,0,0,0,0
zc,TA209,2012-06-29 08:55:12.330,0.0000,452668,0,0.0000,0.0000,0,0,空换,S,0.0000,0.0000,0.0000,0.0000,0.0000,0.0000,0.0000,0.0000,0.0000,0.0000,0,0,0,0,0,0,0,0,0,0
zc,TA209,2012-06-29 08:55:13.080,0.0000,452668,0,0.0000,0.0000,0,0,空换,S,0.0000,0.0000,0.0000,0.0000,0.0000,0.0000,0.0000,0.0000,0.0000,0.0000,0,0,0,0,0,0,0,0,0,0
zc,TA209,2012-06-29 08:55:17.330,0.0000,452668,0,0.0000,0.0000,0,0,空换,S,0.0000,0.0000,0.0000,0.0000,0.0000,0.0000,0.0000,0.0000,0.0000,0.0000,0,0,0,0,0,0,0,0,0,0
zc,TA209,2012-06-29 08:55:18.580,0.0000,452668,0,0.0000,0.0000,0,0,空换,S,0.0000,0.0000,0.0000,0.0000,0.0000,0.0000,0.0000,0.0000,0.0000,0.0000,0,0,0,0,0,0,0,0,0,0
zc,TA209,2012-06-29 08:55:21.593,0.0000,452668,0,0.0000,0.0000,0,0,空换,S,0.0000,0.0000,0.0000,0.0000,0.0000,0.0000,0.0000,0.0000,0.0000,0.0000,0,0,0,0,0,0,0,0,0,0
zc,TA209,2012-06-29 08:55:22.330,0.0000,452668,0,0.0000,0.0000,0,0,空换,S,0.0000,0.0000,0.0000,0.0000,0.0000,0.0000,0.0000,0.0000,0.0000,0.0000,0,0,0,0,0,0,0,0,0,0
zc,TA209,2012-06-29 08:55:22.830,0.0000,452668,0,0.0000,0.0000,0,0,空换,S,0.0000,0.0000,0.0000,0.0000,0.0000,0.0000,0.0000,0.0000,0.0000,0.0000,0,0,0,0,0,0,0,0,0,0
zc,TA209,2012-06-29 08:55:24.080,0.0000,452668,0,0.0000,0.0000,0,0,空换,S,0.0000,0.0000,0.0000,0.0000,0.0000,0.0000,0.0000,0.0000,0.0000,0.0000,0,0,0,0,0,0,0,0,0,0
zc,TA209,2012-06-29 08:55:30.593,0.0000,452668,0,0.0000,0.0000,0,0,空换,S,0.0000,0.0000,0.0000,0.0000,0.0000,0.0000,0.0000,0.0000,0.0000,0.0000,0,0,0,0,0,0,0,0,0,0
zc,TA209,2012-06-29 08:55:31.580,0.0000,452668,0,0.0000,0.0000,0,0,空换,S,0.0000,0.0000,0.0000,0.0000,0.0000,0.0000,0.0000,0.0000,0.0000,0.0000,0,0,0,0,0,0,0,0,0,0
zc,TA209,2012-06-29 08:55:35.330,0.0000,452668,0,0.0000,0.0000,0,0,空换,S,0.0000,0.0000,0.0000,0.0000,0.0000,0.0000,0.0000,0.0000,0.0000,0.0000,0,0,0,0,0,0,0,0,0,0
zc,TA209,2012-06-29 08:55:39.580,0.0000,452668,0,0.0000,0.0000,0,0,空换,S,0.0000,0.0000,0.0000,0.0000,0.0000,0.0000,0.0000,0.0000,0.0000,0.0000,0,0,0,0,0,0,0,0,0,0
zc,TA209,2012-06-29 08:55:55.330,0.0000,452668,0,0.0000,0.0000,0,0,空换,S,0.0000,0.0000,0.0000,0.0000,0.0000,0.0000,0.0000,0.0000,0.0000,0.0000,0,0,0,0,0,0,0,0,0,0
zc,TA209,2012-06-29 08:56:00.080,0.0000,452668,0,0.0000,0.0000,0,0,空换,S,0.0000,0.0000,0.0000,0.0000,0.0000,0.0000,0.0000,0.0000,0.0000,0.0000,0,0,0,0,0,0,0,0,0,0
zc,TA209,2012-06-29 08:56:07.830,0.0000,452668,0,0.0000,0.0000,0,0,空换,S,0.0000,0.0000,0.0000,0.0000,0.0000,0.0000,0.0000,0.0000,0.0000,0.0000,0,0,0,0,0,0,0,0,0,0
zc,TA209,2012-06-29 08:56:08.330,0.0000,452668,0,0.0000,0.0000,0,0,空换,S,0.0000,0.0000,0.0000,0.0000,0.0000,0.0000,0.0000,0.0000,0.0000,0.0000,0,0,0,0,0,0,0,0,0,0
zc,TA209,2012-06-29 08:56:09.330,0.0000,452668,0,0.0000,0.0000,0,0,空换,S,0.0000,0.0000,0.0000,0.0000,0.0000,0.0000,0.0000,0.0000,0.0000,0.0000,0,0,0,0,0,0,0,0,0,0
zc,TA209,2012-06-29 08:56:13.843,0.0000,452668,0,0.0000,0.0000,0,0,空换,S,0.0000,0.0000,0.0000,0.0000,0.0000,0.0000,0.0000,0.0000,0.0000,0.0000,0,0,0,0,0,0,0,0,0,0
zc,TA209,2012-06-29 08:56:29.080,0.0000,452668,0,0.0000,0.0000,0,0,空换,S,0.0000,0.0000,0.0000,0.0000,0.0000,0.0000,0.0000,0.0000,0.0000,0.0000,0,0,0,0,0,0,0,0,0,0
zc,TA209,2012-06-29 08:56:33.580,0.0000,452668,0,0.0000,0.0000,0,0,空换,S,0.0000,0.0000,0.0000,0.0000,0.0000,0.0000,0.0000,0.0000,0.0000,0.0000,0,0,0,0,0,0,0,0,0,0
zc,TA209,2012-06-29 08:56:37.830,0.0000,452668,0,0.0000,0.0000,0,0,空换,S,0.0000,0.0000,0.0000,0.0000,0.0000,0.0000,0.0000,0.0000,0.0000,0.0000,0,0,0,0,0,0,0,0,0,0
zc,TA209,2012-06-29 08:56:38.830,0.0000,452668,0,0.0000,0.0000,0,0,空换,S,0.0000,0.0000,0.0000,0.0000,0.0000,0.0000,0.0000,0.0000,0.0000,0.0000,0,0,0,0,0,0,0,0,0,0
zc,TA209,2012-06-29 08:56:41.080,0.0000,452668,0,0.0000,0.0000,0,0,空换,S,0.0000,0.0000,0.0000,0.0000,0.0000,0.0000,0.0000,0.0000,0.0000,0.0000,0,0,0,0,0,0,0,0,0,0
zc,TA209,2012-06-29 08:56:43.830,0.0000,452668,0,0.0000,0.0000,0,0,空换,S,0.0000,0.0000,0.0000,0.0000,0.0000,0.0000,0.0000,0.0000,0.0000,0.0000,0,0,0,0,0,0,0,0,0,0
zc,TA209,2012-06-29 08:56:45.580,0.0000,452668,0,0.0000,0.0000,0,0,空换,S,0.0000,0.0000,0.0000,0.0000,0.0000,0.0000,0.0000,0.0000,0.0000,0.0000,0,0,0,0,0,0,0,0,0,0
zc,TA209,2012-06-29 08:56:54.080,0.0000,452668,0,0.0000,0.0000,0,0,空换,S,0.0000,0.0000,0.0000,0.0000,0.0000,0.0000,0.0000,0.0000,0.0000,0.0000,0,0,0,0,0,0,0,0,0,0
zc,TA209,2012-06-29 08:56:59.580,0.0000,452668,0,0.0000,0.0000,0,0,空换,S,0.0000,0.0000,0.0000,0.0000,0.0000,0.0000,0.0000,0.0000,0.0000,0.0000,0,0,0,0,0,0,0,0,0,0
zc,TA209,2012-06-29 08:57:00.080,0.0000,452668,0,0.0000,0.0000,0,0,空换,S,0.0000,0.0000,0.0000,0.0000,0.0000,0.0000,0.0000,0.0000,0.0000,0.0000,0,0,0,0,0,0,0,0,0,0
zc,TA209,2012-06-29 08:57:03.580,0.0000,452668,0,0.0000,0.0000,0,0,空换,S,0.0000,0.0000,0.0000,0.0000,0.0000,0.0000,0.0000,0.0000,0.0000,0.0000,0,0,0,0,0,0,0,0,0,0
zc,TA209,2012-06-29 08:57:14.830,0.0000,452668,0,0.0000,0.0000,0,0,空换,S,0.0000,0.0000,0.0000,0.0000,0.0000,0.0000,0.0000,0.0000,0.0000,0.0000,0,0,0,0,0,0,0,0,0,0
zc,TA209,2012-06-29 08:57:18.080,0.0000,452668,0,0.0000,0.0000,0,0,空换,S,0.0000,0.0000,0.0000,0.0000,0.0000,0.0000,0.0000,0.0000,0.0000,0.0000,0,0,0,0,0,0,0,0,0,0
zc,TA209,2012-06-29 08:57:18.830,0.0000,452668,0,0.0000,0.0000,0,0,空换,S,0.0000,0.0000,0.0000,0.0000,0.0000,0.0000,0.0000,0.0000,0.0000,0.0000,0,0,0,0,0,0,0,0,0,0
zc,TA209,2012-06-29 08:57:23.080,0.0000,452668,0,0.0000,0.0000,0,0,空换,S,0.0000,0.0000,0.0000,0.0000,0.0000,0.0000,0.0000,0.0000,0.0000,0.0000,0,0,0,0,0,0,0,0,0,0
zc,TA209,2012-06-29 08:57:25.830,0.0000,452668,0,0.0000,0.0000,0,0,空换,S,0.0000,0.0000,0.0000,0.0000,0.0000,0.0000,0.0000,0.0000,0.0000,0.0000,0,0,0,0,0,0,0,0,0,0
zc,TA209,2012-06-29 08:57:30.830,0.0000,452668,0,0.0000,0.0000,0,0,空换,S,0.0000,0.0000,0.0000,0.0000,0.0000,0.0000,0.0000,0.0000,0.0000,0.0000,0,0,0,0,0,0,0,0,0,0
zc,TA209,2012-06-29 08:57:33.080,0.0000,452668,0,0.0000,0.0000,0,0,空换,S,0.0000,0.0000,0.0000,0.0000,0.0000,0.0000,0.0000,0.0000,0.0000,0.0000,0,0,0,0,0,0,0,0,0,0
zc,TA209,2012-06-29 08:57:58.580,0.0000,452668,0,0.0000,0.0000,0,0,空换,S,0.0000,0.0000,0.0000,0.0000,0.0000,0.0000,0.0000,0.0000,0.0000,0.0000,0,0,0,0,0,0,0,0,0,0
zc,TA209,2012-06-29 08:58:00.330,0.0000,452668,0,0.0000,0.0000,0,0,空换,S,0.0000,0.0000,0.0000,0.0000,0.0000,0.0000,0.0000,0.0000,0.0000,0.0000,0,0,0,0,0,0,0,0,0,0
zc,TA209,2012-06-29 08:58:01.330,0.0000,452668,0,0.0000,0.0000,0,0,空换,S,0.0000,0.0000,0.0000,0.0000,0.0000,0.0000,0.0000,0.0000,0.0000,0.0000,0,0,0,0,0,0,0,0,0,0
zc,TA209,2012-06-29 08:58:02.330,0.0000,452668,0,0.0000,0.0000,0,0,空换,S,0.0000,0.0000,0.0000,0.0000,0.0000,0.0000,0.0000,0.0000,0.0000,0.0000,0,0,0,0,0,0,0,0,0,0
zc,TA209,2012-06-29 08:58:04.580,0.0000,452668,0,0.0000,0.0000,0,0,空换,S,0.0000,0.0000,0.0000,0.0000,0.0000,0.0000,0.0000,0.0000,0.0000,0.0000,0,0,0,0,0,0,0,0,0,0
zc,TA209,2012-06-29 08:58:11.830,0.0000,452668,0,0.0000,0.0000,0,0,空换,S,0.0000,0.0000,0.0000,0.0000,0.0000,0.0000,0.0000,0.0000,0.0000,0.0000,0,0,0,0,0,0,0,0,0,0
zc,TA209,2012-06-29 08:58:24.330,0.0000,452668,0,0.0000,0.0000,0,0,空换,S,0.0000,0.0000,0.0000,0.0000,0.0000,0.0000,0.0000,0.0000,0.0000,0.0000,0,0,0,0,0,0,0,0,0,0
zc,TA209,2012-06-29 08:58:31.330,0.0000,452668,0,0.0000,0.0000,0,0,空换,S,0.0000,0.0000,0.0000,0.0000,0.0000,0.0000,0.0000,0.0000,0.0000,0.0000,0,0,0,0,0,0,0,0,0,0
zc,TA209,2012-06-29 08:58:32.080,0.0000,452668,0,0.0000,0.0000,0,0,空换,S,0.0000,0.0000,0.0000,0.0000,0.0000,0.0000,0.0000,0.0000,0.0000,0.0000,0,0,0,0,0,0,0,0,0,0
zc,TA209,2012-06-29 08:58:33.580,0.0000,452668,0,0.0000,0.0000,0,0,空换,S,0.0000,0.0000,0.0000,0.0000,0.0000,0.0000,0.0000,0.0000,0.0000,0.0000,0,0,0,0,0,0,0,0,0,0
zc,TA209,2012-06-29 08:59:03.000,7200.0000,452744,76,0.0000,3374.0000,1725,1649,多开,B,7198.0000,0.0000,0.0000,0.0000,0.0000,7200.0000,0.0000,0.0000,0.0000,0.0000,145,0,0,0,0,665,0,0,0,0
zc,TA209,2012-06-29 09:00:02.890,7198.0000,452912,168,0.0000,206.0000,187,19,空开,S,7198.0000,0.0000,0.0000,0.0000,0.0000,7200.0000,0.0000,0.0000,0.0000,0.0000,42,0,0,0,0,665,0,0,0,0
zc,TA209,2012-06-29 09:00:03.720,7196.0000,453986,1074,0.0000,2136.0000,1605,531,空开,S,7192.0000,0.0000,0.0000,0.0000,0.0000,7196.0000,0.0000,0.0000,0.0000,0.0000,91,0,0,0,0,108,0,0,0,0
zc,TA209,2012-06-29 09:00:04.470,7196.0000,454022,36,0.0000,1316.0000,676,640,空开,S,7196.0000,0.0000,0.0000,0.0000,0.0000,7198.0000,0.0000,0.0000,0.0000,0.0000,72,0,0,0,0,2127,0,0,0,0
zc,TA209,2012-06-29 09:00:05.470,7190.0000,454626,604,0.0000,1650.0000,1127,523,空开,S,7190.0000,0.0000,0.0000,0.0000,0.0000,7192.0000,0.0000,0.0000,0.0000,0.0000,16,0,0,0,0,55,0,0,0,0
zc,TA209,2012-06-29 09:00:06.437,7194.0000,454580,-46,0.0000,570.0000,262,308,空平,B,7194.0000,0.0000,0.0000,0.0000,0.0000,7196.0000,0.0000,0.0000,0.0000,0.0000,278,0,0,0,0,26,0,0,0,0
zc,TA209,2012-06-29 09:00:07.173,7196.0000,454698,118,0.0000,770.0000,444,326,多开,B,7194.0000,0.0000,0.0000,0.0000,0.0000,7196.0000,0.0000,0.0000,0.0000,0.0000,123,0,0,0,0,11,0,0,0,0
zc,TA209,2012-06-29 09:00:07.673,7196.0000,454686,-12,0.0000,408.0000,198,210,空平,B,7196.0000,0.0000,0.0000,0.0000,0.0000,7198.0000,0.0000,0.0000,0.0000,0.0000,139,0,0,0,0,1654,0,0,0,0
zc,TA209,2012-06-29 09:00:08.437,7194.0000,454684,-2,0.0000,452.0000,225,227,多平,S,7194.0000,0.0000,0.0000,0.0000,0.0000,7196.0000,0.0000,0.0000,0.0000,0.0000,38,0,0,0,0,225,0,0,0,0
zc,TA209,2012-06-29 09:00:09.173,7194.0000,454574,-110,0.0000,146.0000,18,128,多平,S,7192.0000,0.0000,0.0000,0.0000,0.0000,7194.0000,0.0000,0.0000,0.0000,0.0000,54,0,0,0,0,24,0,0,0,0
zc,TA209,2012-06-29 09:00:09.923,7194.0000,454590,16,0.0000,444.0000,230,214,空开,S,7190.0000,0.0000,0.0000,0.0000,0.0000,7194.0000,0.0000,0.0000,0.0000,0.0000,1,0,0,0,0,144,0,0,0,0
zc,TA209,2012-06-29 09:00:15.487,7196.0000,457232,2642,0.0000,4540.0000,3591,949,多开,B,7194.0000,0.0000,0.0000,0.0000,0.0000,7196.0000,0.0000,0.0000,0.0000,0.0000,239,0,0,0,0,150,0,0,0,0
zc,TA209,2012-06-29 09:00:15.937,7196.0000,457298,66,0.0000,76.0000,71,5,多开,B,7194.0000,0.0000,0.0000,0.0000,0.0000,7196.0000,0.0000,0.0000,0.0000,0.0000,240,0,0,0,0,143,0,0,0,0
zc,TA209,2012-06-29 09:00:16.673,7196.0000,457330,32,0.0000,60.0000,46,14,多开,B,7194.0000,0.0000,0.0000,0.0000,0.0000,7196.0000,0.0000,0.0000,0.0000,0.0000,223,0,0,0,0,245,0,0,0,0
zc,TA209,2012-06-29 09:00:17.140,7194.0000,457194,-136,0.0000,196.0000,30,166,多平,S,7194.0000,0.0000,0.0000,0.0000,0.0000,7196.0000,0.0000,0.0000,0.0000,0.0000,148,0,0,0,0,234,0,0,0,0
zc,TA209,2012-06-29 09:00:17.953,7194.0000,457198,4,0.0000,144.0000,74,70,空开,S,7194.0000,0.0000,0.0000,0.0000,0.0000,7196.0000,0.0000,0.0000,0.0000,0.0000,159,0,0,0,0,521,0,0,0,0
zc,TA209,2012-06-29 09:00:18.390,7196.0000,457118,-80,0.0000,536.0000,228,308,空平,B,7192.0000,0.0000,0.0000,0.0000,0.0000,7194.0000,0.0000,0.0000,0.0000,0.0000,5,0,0,0,0,4,0,0,0,0
zc,TA209,2012-06-29 09:00:19.157,7194.0000,457154,36,0.0000,236.0000,136,100,空开,S,7190.0000,0.0000,0.0000,0.0000,0.0000,7194.0000,0.0000,0.0000,0.0000,0.0000,55,0,0,0,0,21,0,0,0,0
zc,TA209,2012-06-29 09:00:19.937,7190.0000,457548,394,0.0000,822.0000,608,214,空开,S,7194.0000,0.0000,0.0000,0.0000,0.0000,7196.0000,0.0000,0.0000,0.0000,0.0000,2,0,0,0,0,320,0,0,0,0
zc,TA209,2012-06-29 09:00:20.470,7190.0000,457542,-6,0.0000,92.0000,43,49,多平,S,7190.0000,0.0000,0.0000,0.0000,0.0000,7196.0000,0.0000,0.0000,0.0000,0.0000,227,0,0,0,0,339,0,0,0,0
zc,TA209,2012-06-29 09:00:21.203,7196.0000,457538,-4,0.0000,16.0000,6,10,空平,B,7194.0000,0.0000,0.0000,0.0000,0.0000,7196.0000,0.0000,0.0000,0.0000,0.0000,146,0,0,0,0,338,0,0,0,0
zc,TA209,2012-06-29 09:00:21.937,7190.0000,457700,162,0.0000,486.0000,324,162,空开,S,7190.0000,0.0000,0.0000,0.0000,0.0000,7194.0000,0.0000,0.0000,0.0000,0.0000,180,0,0,0,0,251,0,0,0,0
zc,TA209,2012-06-29 09:00:22.423,7192.0000,457524,-176,0.0000,270.0000,47,223,空平,B,7192.0000,0.0000,0.0000,0.0000,0.0000,7194.0000,0.0000,0.0000,0.0000,0.0000,96,0,0,0,0,235,0,0,0,0
zc,TA209,2012-06-29 09:00:22.953,7194.0000,457810,286,0.0000,540.0000,413,127,多开,B,7192.0000,0.0000,0.0000,0.0000,0.0000,7194.0000,0.0000,0.0000,0.0000,0.0000,37,0,0,0,0,87,0,0,0,0
zc,TA209,2012-06-29 09:00:23.640,7194.0000,457792,-18,0.0000,124.0000,53,71,空平,B,7192.0000,0.0000,0.0000,0.0000,0.0000,7194.0000,0.0000,0.0000,0.0000,0.0000,53,0,0,0,0,91,0,0,0,0
zc,TA209,2012-06-29 09:00:24.157,7192.0000,457956,164,0.0000,318.0000,241,77,空开,S,7192.0000,0.0000,0.0000,0.0000,0.0000,7194.0000,0.0000,0.0000,0.0000,0.0000,24,0,0,0,0,49,0,0,0,0
zc,TA209,2012-06-29 09:00:24.907,7192.0000,457934,-22,0.0000,204.0000,91,113,多平,S,7190.0000,0.0000,0.0000,0.0000,0.0000,7192.0000,0.0000,0.0000,0.0000,0.0000,182,0,0,0,0,89,0,0,0,0
zc,TA209,2012-06-29 09:00:25.657,7192.0000,457982,48,0.0000,250.0000,149,101,空开,S,7190.0000,0.0000,0.0000,0.0000,0.0000,7192.0000,0.0000,0.0000,0.0000,0.0000,124,0,0,0,0,47,0,0,0,0
zc,TA209,2012-06-29 09:00:26.407,7192.0000,458012,30,0.0000,80.0000,55,25,空开,S,7190.0000,0.0000,0.0000,0.0000,0.0000,7192.0000,0.0000,0.0000,0.0000,0.0000,126,0,0,0,0,52,0,0,0,0
zc,TA209,2012-06-29 09:00:26.937,7190.0000,458116,104,0.0000,288.0000,196,92,空开,S,7190.0000,0.0000,0.0000,0.0000,0.0000,7192.0000,0.0000,0.0000,0.0000,0.0000,43,0,0,0,0,4,0,0,0,0
zc,TA209,2012-06-29 09:00:27.627,7192.0000,458142,26,0.0000,60.0000,43,17,多开,B,7190.0000,0.0000,0.0000,0.0000,0.0000,7192.0000,0.0000,0.0000,0.0000,0.0000,27,0,0,0,0,227,0,0,0,0
zc,TA209,2012-06-29 09:00:28.423,7190.0000,458102,-40,0.0000,112.0000,36,76,多平,S,7188.0000,0.0000,0.0000,0.0000,0.0000,7190.0000,0.0000,0.0000,0.0000,0.0000,139,0,0,0,0,269,0,0,0,0
zc,TA209,2012-06-29 09:00:28.640,7190.0000,458080,-22,0.0000,126.0000,52,74,多平,S,7188.0000,0.0000,0.0000,0.0000,0.0000,7190.0000,0.0000,0.0000,0.0000,0.0000,134,0,0,0,0,239,0,0,0,0
zc,TA209,2012-06-29 09:00:29.390,7188.0000,458068,-12,0.0000,46.0000,17,29,多平,S,7188.0000,0.0000,0.0000,0.0000,0.0000,7190.0000,0.0000,0.0000,0.0000,0.0000,107,0,0,0,0,293,0,0,0,0
zc,TA209,2012-06-29 09:00:29.907,7188.0000,457956,-112,0.0000,308.0000,98,210,多平,S,7186.0000,0.0000,0.0000,0.0000,0.0000,7190.0000,0.0000,0.0000,0.0000,0.0000,155,0,0,0,0,349,0,0,0,0
zc,TA209,2012-06-29 09:00:30.923,7188.0000,457944,-12,0.0000,42.0000,15,27,多平,S,7186.0000,0.0000,0.0000,0.0000,0.0000,7188.0000,0.0000,0.0000,0.0000,0.0000,146,0,0,0,0,87,0,0,0,0
zc,TA209,2012-06-29 09:00:31.407,7190.0000,457526,-418,0.0000,710.0000,146,564,空平,B,7182.0000,0.0000,0.0000,0.0000,0.0000,7190.0000,0.0000,0.0000,0.0000,0.0000,72,0,0,0,0,411,0,0,0,0
zc,TA209,2012-06-29 09:00:32.187,7186.0000,457438,-88,0.0000,150.0000,31,119,多平,S,7186.0000,0.0000,0.0000,0.0000,0.0000,7188.0000,0.0000,0.0000,0.0000,0.0000,174,0,0,0,0,17,0,0,0,0
zc,TA209,2012-06-29 09:00:32.657,7186.0000,457328,-110,0.0000,142.0000,16,126,多平,S,7186.0000,0.0000,0.0000,0.0000,0.0000,7188.0000,0.0000,0.0000,0.0000,0.0000,109,0,0,0,0,18,0,0,0,0
zc,TA209,2012-06-29 09:00:33.390,7188.0000,457236,-92,0.0000,138.0000,23,115,空平,B,7188.0000,0.0000,0.0000,0.0000,0.0000,7190.0000,0.0000,0.0000,0.0000,0.0000,38,0,0,0,0,413,0,0,0,0
zc,TA209,2012-06-29 09:00:34.127,7186.0000,457202,-34,0.0000,258.0000,112,146,多平,S,7186.0000,0.0000,0.0000,0.0000,0.0000,7190.0000,0.0000,0.0000,0.0000,0.0000,14,0,0,0,0,371,0,0,0,0
zc,TA209,2012-06-29 09:00:34.377,7186.0000,457118,-84,0.0000,90.0000,3,87,多平,S,7184.0000,0.0000,0.0000,0.0000,0.0000,7186.0000,0.0000,0.0000,0.0000,0.0000,228,0,0,0,0,48,0,0,0,0
zc,TA209,2012-06-29 09:00:35.140,7184.0000,457104,-14,0.0000,40.0000,13,27,多平,S,7184.0000,0.0000,0.0000,0.0000,0.0000,7186.0000,0.0000,0.0000,0.0000,0.0000,347,0,0,0,0,57,0,0,0,0
zc,TA209,2012-06-29 09:00:35.890,7186.0000,457148,44,0.0000,590.0000,317,273,多开,B,7184.0000,0.0000,0.0000,0.0000,0.0000,7186.0000,0.0000,0.0000,0.0000,0.0000,270,0,0,0,0,290,0,0,0,0
zc,TA209,2012-06-29 09:00:36.377,7184.0000,457100,-48,0.0000,182.0000,67,115,多平,S,7184.0000,0.0000,0.0000,0.0000,0.0000,7186.0000,0.0000,0.0000,0.0000,0.0000,213,0,0,0,0,282,0,0,0,0
zc,TA209,2012-06-29 09:00:37.127,7184.0000,457106,6,0.0000,314.0000,160,154,空开,S,7184.0000,0.0000,0.0000,0.0000,0.0000,7186.0000,0.0000,0.0000,0.0000,0.0000,103,0,0,0,0,237,0,0,0,0
zc,TA209,2012-06-29 09:00:37.627,7186.0000,457166,60,0.0000,184.0000,122,62,多开,B,7184.0000,0.0000,0.0000,0.0000,0.0000,7186.0000,0.0000,0.0000,0.0000,0.0000,65,0,0,0,0,198,0,0,0,0
zc,TA209,2012-06-29 09:00:38.343,7184.0000,457096,-70,0.0000,204.0000,67,137,多平,S,7184.0000,0.0000,0.0000,0.0000,0.0000,7186.0000,0.0000,0.0000,0.0000,0.0000,191,0,0,0,0,193,0,0,0,0
zc,TA209,2012-06-29 09:00:38.890,7186.0000,457126,30,0.0000,94.0000,62,32,多开,B,7184.0000,0.0000,0.0000,0.0000,0.0000,7186.0000,0.0000,0.0000,0.0000,0.0000,134,0,0,0,0,191,0,0,0,0
zc,TA209,2012-06-29 09:00:39.673,7184.0000,457140,14,0.0000,46.0000,30,16,空开,S,7184.0000,0.0000,0.0000,0.0000,0.0000,7186.0000,0.0000,0.0000,0.0000,0.0000,133,0,0,0,0,184,0,0,0,0
zc,TA209,2012-06-29 09:00:40.203,7184.0000,457196,56,0.0000,310.0000,183,127,空开,S,7182.0000,0.0000,0.0000,0.0000,0.0000,7184.0000,0.0000,0.0000,0.0000,0.0000,120,0,0,0,0,22,0,0,0,0
zc,TA209,2012-06-29 09:00:40.627,7186.0000,457046,-150,0.0000,500.0000,175,325,空平,B,7186.0000,0.0000,0.0000,0.0000,0.0000,7188.0000,0.0000,0.0000,0.0000,0.0000,243,0,0,0,0,58,0,0,0,0
zc,TA209,2012-06-29 09:00:41.407,7188.0000,456934,-112,0.0000,284.0000,86,198,空平,B,7188.0000,0.0000,0.0000,0.0000,0.0000,7190.0000,0.0000,0.0000,0.0000,0.0000,50,0,0,0,0,325,0,0,0,0
zc,TA209,2012-06-29 09:00:42.127,7188.0000,456932,-2,0.0000,74.0000,36,38,空平,B,7188.0000,0.0000,0.0000,0.0000,0.0000,7190.0000,0.0000,0.0000,0.0000,0.0000,18,0,0,0,0,326,0,0,0,0
zc,TA209,2012-06-29 09:00:42.407,7188.0000,456874,-58,0.0000,826.0000,384,442,空平,B,7186.0000,0.0000,0.0000,0.0000,0.0000,7190.0000,0.0000,0.0000,0.0000,0.0000,353,0,0,0,0,267,0,0,0,0
zc,TA209,2012-06-29 09:00:43.140,7190.0000,456814,-60,0.0000,84.0000,12,72,空平,B,7188.0000,0.0000,0.0000,0.0000,0.0000,7190.0000,0.0000,0.0000,0.0000,0.0000,44,0,0,0,0,281,0,0,0,0
zc,TA209,2012-06-29 09:00:43.640,7190.0000,457856,1042,0.0000,1676.0000,1359,317,多开,B,7190.0000,0.0000,0.0000,0.0000,0.0000,7192.0000,0.0000,0.0000,0.0000,0.0000,4,0,0,0,0,223,0,0,0,0
zc,TA209,2012-06-29 09:00:44.390,7186.0000,457864,8,0.0000,20.0000,14,6,空开,S,7186.0000,0.0000,0.0000,0.0000,0.0000,7190.0000,0.0000,0.0000,0.0000,0.0000,7,0,0,0,0,8,0,0,0,0
zc,TA209,2012-06-29 09:00:44.923,7186.0000,457894,30,0.0000,64.0000,47,17,空开,S,7186.0000,0.0000,0.0000,0.0000,0.0000,7188.0000,0.0000,0.0000,0.0000,0.0000,37,0,0,0,0,104,0,0,0,0
zc,TA209,2012-06-29 09:00:45.627,7188.0000,458018,124,0.0000,132.0000,128,4,多开,B,7186.0000,0.0000,0.0000,0.0000,0.0000,7188.0000,0.0000,0.0000,0.0000,0.0000,41,0,0,0,0,57,0,0,0,0
zc,TA209,2012-06-29 09:00:46.377,7188.0000,458014,-4,0.0000,58.0000,27,31,空平,B,7186.0000,0.0000,0.0000,0.0000,0.0000,7188.0000,0.0000,0.0000,0.0000,0.0000,49,0,0,0,0,42,0,0,0,0
zc,TA209,2012-06-29 09:00:46.953,7188.0000,458022,8,0.0000,94.0000,51,43,多开,B,7186.0000,0.0000,0.0000,0.0000,0.0000,7188.0000,0.0000,0.0000,0.0000,0.0000,28,0,0,0,0,19,0,0,0,0
zc,TA209,2012-06-29 09:00:47.453,7188.0000,457972,-50,0.0000,70.0000,10,60,空平,B,7188.0000,0.0000,0.0000,0.0000,0.0000,7190.0000,0.0000,0.0000,0.0000,0.0000,1,0,0,0,0,31,0,0,0,0
zc,TA209,2012-06-29 09:00:47.923,7186.0000,458016,44,0.0000,96.0000,70,26,空开,S,7184.0000,0.0000,0.0000,0.0000,0.0000,7190.0000,0.0000,0.0000,0.0000,0.0000,149,0,0,0,0,31,0,0,0,0
zc,TA209,2012-06-29 09:00:48.673,7186.0000,458026,10,0.0000,58.0000,34,24,空开,S,7184.0000,0.0000,0.0000,0.0000,0.0000,7188.0000,0.0000,0.0000,0.0000,0.0000,149,0,0,0,0,3,0,0,0,0
zc,TA209,2012-06-29 09:00:49.437,7188.0000,457994,-32,0.0000,414.0000,191,223,空平,B,7186.0000,0.0000,0.0000,0.0000,0.0000,7188.0000,0.0000,0.0000,0.0000,0.0000,27,0,0,0,0,20,0,0,0,0
zc,TA209,2012-06-29 09:00:50.140,7188.0000,457998,4,0.0000,44.0000,24,20,多开,B,7186.0000,0.0000,0.0000,0.0000,0.0000,7188.0000,0.0000,0.0000,0.0000,0.0000,32,0,0,0,0,17,0,0,0,0
zc,TA209,2012-06-29 09:00:50.687,7190.0000,457984,-14,0.0000,48.0000,17,31,空平,B,7188.0000,0.0000,0.0000,0.0000,0.0000,7190.0000,0.0000,0.0000,0.0000,0.0000,89,0,0,0,0,23,0,0,0,0
zc,TA209,2012-06-29 09:00:51.453,7190.0000,458024,40,0.0000,60.0000,50,10,多开,B,7188.0000,0.0000,0.0000,0.0000,0.0000,7190.0000,0.0000,0.0000,0.0000,0.0000,142,0,0,0,0,105,0,0,0,0
zc,TA209,2012-06-29 09:00:51.953,7188.0000,458014,-10,0.0000,98.0000,44,54,多平,S,7188.0000,0.0000,0.0000,0.0000,0.0000,7190.0000,0.0000,0.0000,0.0000,0.0000,126,0,0,0,0,195,0,0,0,0
zc,TA209,2012-06-29 09:00:52.657,7188.0000,457932,-82,0.0000,160.0000,39,121,多平,S,7188.0000,0.0000,0.0000,0.0000,0.0000,7190.0000,0.0000,0.0000,0.0000,0.0000,55,0,0,0,0,123,0,0,0,0
zc,TA209,2012-06-29 09:00:53.140,7188.0000,457794,-138,0.0000,288.0000,75,213,多平,S,7186.0000,0.0000,0.0000,0.0000,0.0000,7188.0000,0.0000,0.0000,0.0000,0.0000,173,0,0,0,0,187,0,0,0,0
zc,TA209,2012-06-29 09:00:53.907,7188.0000,457688,-106,0.0000,124.0000,9,115,多平,S,7186.0000,0.0000,0.0000,0.0000,0.0000,7188.0000,0.0000,0.0000,0.0000,0.0000,170,0,0,0,0,279,0,0,0,0
zc,TA209,2012-06-29 09:00:54.423,7188.0000,457714,26,0.0000,60.0000,43,17,空开,S,7186.0000,0.0000,0.0000,0.0000,0.0000,7188.0000,0.0000,0.0000,0.0000,0.0000,268,0,0,0,0,410,0,0,0,0
zc,TA209,2012-06-29 09:00:55.157,7188.0000,457872,158,0.0000,418.0000,288,130,空开,S,7186.0000,0.0000,0.0000,0.0000,0.0000,7188.0000,0.0000,0.0000,0.0000,0.0000,272,0,0,0,0,205,0,0,0,0
zc,TA209,2012-06-29 09:00:55.657,7186.0000,457876,4,0.0000,68.0000,36,32,空开,S,7186.0000,0.0000,0.0000,0.0000,0.0000,7188.0000,0.0000,0.0000,0.0000,0.0000,246,0,0,0,0,206,0,0,0,0
zc,TA209,2012-06-29 09:00:56.390,7186.0000,457868,-8,0.0000,62.0000,27,35,多平,S,7186.0000,0.0000,0.0000,0.0000,0.0000,7188.0000,0.0000,0.0000,0.0000,0.0000,240,0,0,0,0,182,0,0,0,0
zc,TA209,2012-06-29 09:00:56.923,7188.0000,457904,36,0.0000,136.0000,86,50,多开,B,7186.0000,0.0000,0.0000,0.0000,0.0000,7188.0000,0.0000,0.0000,0.0000,0.0000,187,0,0,0,0,176,0,0,0,0
zc,TA209,2012-06-29 09:00:57.640,7186.0000,457906,2,0.0000,22.0000,12,10,空开,S,7186.0000,0.0000,0.0000,0.0000,0.0000,7188.0000,0.0000,0.0000,0.0000,0.0000,233,0,0,0,0,172,0,0,0,0
zc,TA209,2012-06-29 09:00:58.157,7186.0000,457854,-52,0.0000,162.0000,55,107,多平,S,7186.0000,0.0000,0.0000,0.0000,0.0000,7188.0000,0.0000,0.0000,0.0000,0.0000,220,0,0,0,0,97,0,0,0,0
zc,TA209,2012-06-29 09:00:58.907,7186.0000,457870,16,0.0000,36.0000,26,10,空开,S,7186.0000,0.0000,0.0000,0.0000,0.0000,7188.0000,0.0000,0.0000,0.0000,0.0000,208,0,0,0,0,95,0,0,0,0
zc,TA209,2012-06-29 09:00:59.407,7188.0000,457908,38,0.0000,244.0000,141,103,多开,B,7188.0000,0.0000,0.0000,0.0000,0.0000,7190.0000,0.0000,0.0000,0.0000,0.0000,404,0,0,0,0,175,0,0,0,0
zc,TA209,2012-06-29 09:01:00.127,7188.0000,457910,2,0.0000,44.0000,23,21,多开,B,7188.0000,0.0000,0.0000,0.0000,0.0000,7190.0000,0.0000,0.0000,0.0000,0.0000,452,0,0,0,0,174,0,0,0,0
zc,TA209,2012-06-29 09:01:00.610,7188.0000,457928,18,0.0000,308.0000,163,145,多开,B,7188.0000,0.0000,0.0000,0.0000,0.0000,7190.0000,0.0000,0.0000,0.0000,0.0000,362,0,0,0,0,159,0,0,0,0
zc,TA209,2012-06-29 09:01:01.187,7188.0000,457902,-26,0.0000,622.0000,298,324,空平,B,7188.0000,0.0000,0.0000,0.0000,0.0000,7190.0000,0.0000,0.0000,0.0000,0.0000,60,0,0,0,0,162,0,0,0,0
zc,TA209,2012-06-29 09:01:02.173,7188.0000,457992,90,0.0000,124.0000,107,17,多开,B,7188.0000,0.0000,0.0000,0.0000,0.0000,7190.0000,0.0000,0.0000,0.0000,0.0000,62,0,0,0,0,127,0,0,0,0
zc,TA209,2012-06-29 09:01:02.673,7190.0000,458148,156,0.0000,238.0000,197,41,多开,B,7188.0000,0.0000,0.0000,0.0000,0.0000,7190.0000,0.0000,0.0000,0.0000,0.0000,63,0,0,0,0,25,0,0,0,0
zc,TA209,2012-06-29 09:01:03.377,7190.0000,458228,80,0.0000,126.0000,103,23,多开,B,7190.0000,0.0000,0.0000,0.0000,0.0000,7192.0000,0.0000,0.0000,0.0000,0.0000,120,0,0,0,0,83,0,0,0,0
zc,TA209,2012-06-29 09:01:04.140,7190.0000,458216,-12,0.0000,60.0000,24,36,空平,B,7190.0000,0.0000,0.0000,0.0000,0.0000,7192.0000,0.0000,0.0000,0.0000,0.0000,96,0,0,0,0,93,0,0,0,0
zc,TA209,2012-06-29 09:01:04.657,7192.0000,458222,6,0.0000,84.0000,45,39,多开,B,7190.0000,0.0000,0.0000,0.0000,0.0000,7192.0000,0.0000,0.0000,0.0000,0.0000,106,0,0,0,0,69,0,0,0,0
zc,TA209,2012-06-29 09:01:05.173,7192.0000,458236,14,0.0000,26.0000,20,6,多开,B,7190.0000,0.0000,0.0000,0.0000,0.0000,7192.0000,0.0000,0.0000,0.0000,0.0000,262,0,0,0,0,58,0,0,0,0
zc,TA209,2012-06-29 09:01:05.890,7192.0000,458254,18,0.0000,108.0000,63,45,多开,B,7190.0000,0.0000,0.0000,0.0000,0.0000,7192.0000,0.0000,0.0000,0.0000,0.0000,257,0,0,0,0,10,0,0,0,0
zc,TA209,2012-06-29 09:01:06.407,7192.0000,458266,12,0.0000,34.0000,23,11,多开,B,7192.0000,0.0000,0.0000,0.0000,0.0000,7194.0000,0.0000,0.0000,0.0000,0.0000,26,0,0,0,0,202,0,0,0,0
zc,TA209,2012-06-29 09:01:07.157,7192.0000,458324,58,0.0000,110.0000,84,26,多开,B,7190.0000,0.0000,0.0000,0.0000,0.0000,7192.0000,0.0000,0.0000,0.0000,0.0000,255,0,0,0,0,23,0,0,0,0
zc,TA209,2012-06-29 09:01:07.627,7192.0000,458388,64,0.0000,124.0000,94,30,多开,B,7192.0000,0.0000,0.0000,0.0000,0.0000,7194.0000,0.0000,0.0000,0.0000,0.0000,22,0,0,0,0,165,0,0,0,0
zc,TA209,2012-06-29 09:01:08.423,7194.0000,458428,40,0.0000,44.0000,42,2,多开,B,7192.0000,0.0000,0.0000,0.0000,0.0000,7194.0000,0.0000,0.0000,0.0000,0.0000,94,0,0,0,0,144,0,0,0,0
zc,TA209,2012-06-29 09:01:08.907,7194.0000,458392,-36,0.0000,356.0000,160,196,空平,B,7192.0000,0.0000,0.0000,0.0000,0.0000,7194.0000,0.0000,0.0000,0.0000,0.0000,121,0,0,0,0,19,0,0,0,0
zc,TA209,2012-06-29 09:01:09.657,7194.0000,458402,10,0.0000,84.0000,47,37,多开,B,7192.0000,0.0000,0.0000,0.0000,0.0000,7194.0000,0.0000,0.0000,0.0000,0.0000,15,0,0,0,0,1,0,0,0,0
zc,TA209,2012-06-29 09:01:10.157,7194.0000,458396,-6,0.0000,68.0000,31,37,空平,B,7192.0000,0.0000,0.0000,0.0000,0.0000,7194.0000,0.0000,0.0000,0.0000,0.0000,21,0,0,0,0,7,0,0,0,0
zc,TA209,2012-06-29 09:01:10.907,7194.0000,458406,10,0.0000,86.0000,48,38,多开,B,7194.0000,0.0000,0.0000,0.0000,0.0000,7196.0000,0.0000,0.0000,0.0000,0.0000,10,0,0,0,0,197,0,0,0,0
zc,TA209,2012-06-29 09:01:11.377,7192.0000,458400,-6,0.0000,58.0000,26,32,多平,S,7192.0000,0.0000,0.0000,0.0000,0.0000,7194.0000,0.0000,0.0000,0.0000,0.0000,54,0,0,0,0,24,0,0,0,0
zc,TA209,2012-06-29 09:01:11.907,7194.0000,458438,38,0.0000,104.0000,71,33,多开,B,7192.0000,0.0000,0.0000,0.0000,0.0000,7194.0000,0.0000,0.0000,0.0000,0.0000,34,0,0,0,0,7,0,0,0,0
zc,TA209,2012-06-29 09:01:12.720,7194.0000,458428,-10,0.0000,136.0000,63,73,空平,B,7190.0000,0.0000,0.0000,0.0000,0.0000,7194.0000,0.0000,0.0000,0.0000,0.0000,214,0,0,0,0,25,0,0,0,0
zc,TA209,2012-06-29 09:01:13.173,7194.0000,458424,-4,0.0000,20.0000,8,12,空平,B,7192.0000,0.0000,0.0000,0.0000,0.0000,7194.0000,0.0000,0.0000,0.0000,0.0000,10,0,0,0,0,25,0,0,0,0
zc,TA209,2012-06-29 09:01:13.890,7194.0000,458418,-6,0.0000,50.0000,22,28,空平,B,7192.0000,0.0000,0.0000,0.0000,0.0000,7194.0000,0.0000,0.0000,0.0000,0.0000,1,0,0,0,0,32,0,0,0,0
zc,TA209,2012-06-29 09:01:14.377,7194.0000,458446,28,0.0000,88.0000,58,30,多开,B,7192.0000,0.0000,0.0000,0.0000,0.0000,7194.0000,0.0000,0.0000,0.0000,0.0000,86,0,0,0,0,19,0,0,0,0
zc,TA209,2012-06-29 09:01:15.377,7194.0000,458426,-20,0.0000,148.0000,64,84,空平,B,7194.0000,0.0000,0.0000,0.0000,0.0000,7196.0000,0.0000,0.0000,0.0000,0.0000,4,0,0,0,0,323,0,0,0,0
zc,TA209,2012-06-29 09:01:15.640,7192.0000,458444,18,0.0000,114.0000,66,48,空开,S,7190.0000,0.0000,0.0000,0.0000,0.0000,7192.0000,0.0000,0.0000,0.0000,0.0000,224,0,0,0,0,20,0,0,0,0
zc,TA209,2012-06-29 09:01:16.377,7192.0000,458438,-6,0.0000,10.0000,2,8,多平,S,7190.0000,0.0000,0.0000,0.0000,0.0000,7192.0000,0.0000,0.0000,0.0000,0.0000,228,0,0,0,0,15,0,0,0,0
zc,TA209,2012-06-29 09:01:16.937,7192.0000,458436,-2,0.0000,8.0000,3,5,多平,S,7190.0000,0.0000,0.0000,0.0000,0.0000,7192.0000,0.0000,0.0000,0.0000,0.0000,231,0,0,0,0,44,0,0,0,0
zc,TA209,2012-06-29 09:01:17.593,7192.0000,458364,-72,0.0000,86.0000,7,79,多平,S,7190.0000,0.0000,0.0000,0.0000,0.0000,7192.0000,0.0000,0.0000,0.0000,0.0000,235,0,0,0,0,2,0,0,0,0
zc,TA209,2012-06-29 09:01:18.140,7190.0000,458426,62,0.0000,126.0000,94,32,空开,S,7190.0000,0.0000,0.0000,0.0000,0.0000,7192.0000,0.0000,0.0000,0.0000,0.0000,250,0,0,0,0,51,0,0,0,0
zc,TA209,2012-06-29 09:01:18.953,7190.0000,458524,98,0.0000,146.0000,122,24,空开,S,7190.0000,0.0000,0.0000,0.0000,0.0000,7192.0000,0.0000,0.0000,0.0000,0.0000,198,0,0,0,0,37,0,0,0,0
zc,TA209,2012-06-29 09:01:19.423,7192.0000,458594,70,0.0000,204.0000,137,67,多开,B,7192.0000,0.0000,0.0000,0.0000,0.0000,7194.0000,0.0000,0.0000,0.0000,0.0000,417,0,0,0,0,185,0,0,0,0
zc,TA209,2012-06-29 09:01:20.157,7192.0000,458596,2,0.0000,214.0000,108,106,多开,B,7192.0000,0.0000,0.0000,0.0000,0.0000,7194.0000,0.0000,0.0000,0.0000,0.0000,330,0,0,0,0,172,0,0,0,0
zc,TA209,2012-06-29 09:01:20.640,7192.0000,458606,10,0.0000,22.0000,16,6,多开,B,7192.0000,0.0000,0.0000,0.0000,0.0000,7194.0000,0.0000,0.0000,0.0000,0.0000,361,0,0,0,0,135,0,0,0,0
zc,TA209,2012-06-29 09:01:21.407,7194.0000,458648,42,0.0000,42.0000,42,0,双开,B,7192.0000,0.0000,0.0000,0.0000,0.0000,7194.0000,0.0000,0.0000,0.0000,0.0000,452,0,0,0,0,205,0,0,0,0
zc,TA209,2012-06-29 09:01:21.923,7194.0000,458694,46,0.0000,46.0000,46,0,双开,B,7192.0000,0.0000,0.0000,0.0000,0.0000,7194.0000,0.0000,0.0000,0.0000,0.0000,449,0,0,0,0,172,0,0,0,0
zc,TA209,2012-06-29 09:01:22.673,7192.0000,458730,36,0.0000,44.0000,40,4,空开,S,7192.0000,0.0000,0.0000,0.0000,0.0000,7194.0000,0.0000,0.0000,0.0000,0.0000,441,0,0,0,0,233,0,0,0,0
zc,TA209,2012-06-29 09:01:23.140,7192.0000,458812,82,0.0000,90.0000,86,4,空开,S,7192.0000,0.0000,0.0000,0.0000,0.0000,7194.0000,0.0000,0.0000,0.0000,0.0000,401,0,0,0,0,231,0,0,0,0
zc,TA209,2012-06-29 09:01:23.923,7194.0000,458638,-174,0.0000,230.0000,28,202,空平,B,7192.0000,0.0000,0.0000,0.0000,0.0000,7194.0000,0.0000,0.0000,0.0000,0.0000,390,0,0,0,0,123,0,0,0,0
zc,TA209,2012-06-29 09:01:24.673,7194.0000,458620,-18,0.0000,226.0000,104,122,空平,B,7192.0000,0.0000,0.0000,0.0000,0.0000,7194.0000,0.0000,0.0000,0.0000,0.0000,395,0,0,0,0,13,0,0,0,0
zc,TA209,2012-06-29 09:01:25.140,7194.0000,458590,-30,0.0000,148.0000,59,89,空平,B,7192.0000,0.0000,0.0000,0.0000,0.0000,7196.0000,0.0000,0.0000,0.0000,0.0000,396,0,0,0,0,335,0,0,0,0
zc,TA209,2012-06-29 09:01:25.923,7194.0000,458608,18,0.0000,110.0000,64,46,多开,B,7194.0000,0.0000,0.0000,0.0000,0.0000,7196.0000,0.0000,0.0000,0.0000,0.0000,200,0,0,0,0,318,0,0,0,0
zc,TA209,2012-06-29 09:01:26.377,7194.0000,458830,222,0.0000,426.0000,324,102,多开,B,7194.0000,0.0000,0.0000,0.0000,0.0000,7196.0000,0.0000,0.0000,0.0000,0.0000,96,0,0,0,0,319,0,0,0,0
zc,TA209,2012-06-29 09:01:27.173,7194.0000,458540,-290,0.0000,572.0000,141,431,空平,B,7194.0000,0.0000,0.0000,0.0000,0.0000,7196.0000,0.0000,0.0000,0.0000,0.0000,32,0,0,0,0,112,0,0,0,0
zc,TA209,2012-06-29 09:01:27.673,7194.0000,458536,-4,0.0000,56.0000,26,30,空平,B,7194.0000,0.0000,0.0000,0.0000,0.0000,7196.0000,0.0000,0.0000,0.0000,0.0000,38,0,0,0,0,109,0,0,0,0
zc,TA209,2012-06-29 09:01:28.407,7196.0000,458464,-72,0.0000,242.0000,85,157,空平,B,7196.0000,0.0000,0.0000,0.0000,0.0000,7198.0000,0.0000,0.0000,0.0000,0.0000,76,0,0,0,0,407,0,0,0,0
zc,TA209,2012-06-29 09:01:28.907,7196.0000,458428,-36,0.0000,176.0000,70,106,空平,B,7194.0000,0.0000,0.0000,0.0000,0.0000,7196.0000,0.0000,0.0000,0.0000,0.0000,40,0,0,0,0,53,0,0,0,0
zc,TA209,2012-06-29 09:01:29.377,7194.0000,458416,-12,0.0000,32.0000,10,22,多平,S,7194.0000,0.0000,0.0000,0.0000,0.0000,7196.0000,0.0000,0.0000,0.0000,0.0000,85,0,0,0,0,64,0,0,0,0
zc,TA209,2012-06-29 09:01:30.127,7198.0000,458448,32,0.0000,276.0000,154,122,多开,B,7196.0000,0.0000,0.0000,0.0000,0.0000,7198.0000,0.0000,0.0000,0.0000,0.0000,185,0,0,0,0,610,0,0,0,0
zc,TA209,2012-06-29 09:01:30.610,7198.0000,458488,40,0.0000,52.0000,46,6,多开,B,7196.0000,0.0000,0.0000,0.0000,0.0000,7198.0000,0.0000,0.0000,0.0000,0.0000,174,0,0,0,0,597,0,0,0,0
zc,TA209,2012-06-29 09:01:31.390,7196.0000,458488,0,0.0000,6.0000,3,3,空换,S,7196.0000,0.0000,0.0000,0.0000,0.0000,7198.0000,0.0000,0.0000,0.0000,0.0000,232,0,0,0,0,596,0,0,0,0
zc,TA209,2012-06-29 09:01:31.860,7196.0000,458330,-158,0.0000,454.0000,148,306,多平,S,7196.0000,0.0000,0.0000,0.0000,0.0000,7198.0000,0.0000,0.0000,0.0000,0.0000,8,0,0,0,0,608,0,0,0,0
zc,TA209,2012-06-29 09:01:32.627,7198.0000,458344,14,0.0000,128.0000,71,57,多开,B,7194.0000,0.0000,0.0000,0.0000,0.0000,7196.0000,0.0000,0.0000,0.0000,0.0000,96,0,0,0,0,1,0,0,0,0
zc,TA209,2012-06-29 09:01:33.157,7198.0000,458338,-6,0.0000,122.0000,58,64,空平,B,7194.0000,0.0000,0.0000,0.0000,0.0000,7198.0000,0.0000,0.0000,0.0000,0.0000,93,0,0,0,0,531,0,0,0,0
zc,TA209,2012-06-29 09:01:33.627,7196.0000,458382,44,0.0000,80.0000,62,18,空开,S,7196.0000,0.0000,0.0000,0.0000,0.0000,7198.0000,0.0000,0.0000,0.0000,0.0000,15,0,0,0,0,529,0,0,0,0
zc,TA209,2012-06-29 09:01:34.140,7196.0000,458382,0,0.0000,16.0000,8,8,空换,S,7196.0000,0.0000,0.0000,0.0000,0.0000,7198.0000,0.0000,0.0000,0.0000,0.0000,14,0,0,0,0,532,0,0,0,0
zc,TA209,2012-06-29 09:01:34.860,7196.0000,458412,30,0.0000,36.0000,33,3,空开,S,7196.0000,0.0000,0.0000,0.0000,0.0000,7198.0000,0.0000,0.0000,0.0000,0.0000,2,0,0,0,0,528,0,0,0,0
zc,TA209,2012-06-29 09:01:35.407,7198.0000,458448,36,0.0000,162.0000,99,63,多开,B,7194.0000,0.0000,0.0000,0.0000,0.0000,7196.0000,0.0000,0.0000,0.0000,0.0000,99,0,0,0,0,1,0,0,0,0
zc,TA209,2012-06-29 09:01:35.860,7196.0000,458450,2,0.0000,14.0000,8,6,空开,S,7194.0000,0.0000,0.0000,0.0000,0.0000,7196.0000,0.0000,0.0000,0.0000,0.0000,94,0,0,0,0,152,0,0,0,0
zc,TA209,2012-06-29 09:01:36.610,7194.0000,458432,-18,0.0000,22.0000,2,20,多平,S,7194.0000,0.0000,0.0000,0.0000,0.0000,7196.0000,0.0000,0.0000,0.0000,0.0000,50,0,0,0,0,272,0,0,0,0
zc,TA209,2012-06-29 09:01:37.127,7196.0000,458410,-22,0.0000,36.0000,7,29,空平,B,7194.0000,0.0000,0.0000,0.0000,0.0000,7196.0000,0.0000,0.0000,0.0000,0.0000,44,0,0,0,0,320,0,0,0,0
zc,TA209,2012-06-29 09:01:37.890,7196.0000,458410,0,0.0000,22.0000,11,11,多换,B,7194.0000,0.0000,0.0000,0.0000,0.0000,7196.0000,0.0000,0.0000,0.0000,0.0000,37,0,0,0,0,367,0,0,0,0
zc,TA209,2012-06-29 09:01:38.377,7194.0000,458406,-4,0.0000,64.0000,30,34,多平,S,7194.0000,0.0000,0.0000,0.0000,0.0000,7196.0000,0.0000,0.0000,0.0000,0.0000,34,0,0,0,0,423,0,0,0,0
zc,TA209,2012-06-29 09:01:39.140,7196.0000,458408,2,0.0000,22.0000,12,10,多开,B,7194.0000,0.0000,0.0000,0.0000,0.0000,7196.0000,0.0000,0.0000,0.0000,0.0000,32,0,0,0,0,419,0,0,0,0
zc,TA209,2012-06-29 09:01:39.673,7194.0000,458390,-18,0.0000,30.0000,6,24,多平,S,7194.0000,0.0000,0.0000,0.0000,0.0000,7196.0000,0.0000,0.0000,0.0000,0.0000,28,0,0,0,0,394,0,0,0,0
zc,TA209,2012-06-29 09:01:40.140,7194.0000,458302,-88,0.0000,152.0000,32,120,多平,S,7194.0000,0.0000,0.0000,0.0000,0.0000,7196.0000,0.0000,0.0000,0.0000,0.0000,18,0,0,0,0,393,0,0,0,0
zc,TA209,2012-06-29 09:01:40.640,7196.0000,458408,106,0.0000,172.0000,139,33,多开,B,7192.0000,0.0000,0.0000,0.0000,0.0000,7196.0000,0.0000,0.0000,0.0000,0.0000,382,0,0,0,0,346,0,0,0,0
zc,TA209,2012-06-29 09:01:41.407,7196.0000,458414,6,0.0000,86.0000,46,40,多开,B,7192.0000,0.0000,0.0000,0.0000,0.0000,7194.0000,0.0000,0.0000,0.0000,0.0000,372,0,0,0,0,6,0,0,0,0
zc,TA209,2012-06-29 09:01:42.157,7194.0000,458326,-88,0.0000,100.0000,6,94,多平,S,7192.0000,0.0000,0.0000,0.0000,0.0000,7194.0000,0.0000,0.0000,0.0000,0.0000,368,0,0,0,0,33,0,0,0,0
zc,TA209,2012-06-29 09:01:42.673,7192.0000,458304,-22,0.0000,24.0000,1,23,多平,S,7192.0000,0.0000,0.0000,0.0000,0.0000,7194.0000,0.0000,0.0000,0.0000,0.0000,367,0,0,0,0,25,0,0,0,0
zc,TA209,2012-06-29 09:01:43.157,7194.0000,458312,8,0.0000,60.0000,34,26,多开,B,7194.0000,0.0000,0.0000,0.0000,0.0000,7196.0000,0.0000,0.0000,0.0000,0.0000,6,0,0,0,0,253,0,0,0,0
zc,TA209,2012-06-29 09:01:43.640,7194.0000,458312,0,0.0000,10.0000,5,5,多换,B,7194.0000,0.0000,0.0000,0.0000,0.0000,7196.0000,0.0000,0.0000,0.0000,0.0000,4,0,0,0,0,313,0,0,0,0
zc,TA209,2012-06-29 09:01:44.407,7194.0000,458324,12,0.0000,28.0000,20,8,多开,B,7194.0000,0.0000,0.0000,0.0000,0.0000,7196.0000,0.0000,0.0000,0.0000,0.0000,8,0,0,0,0,305,0,0,0,0
zc,TA209,2012-06-29 09:01:44.877,7194.0000,458334,10,0.0000,22.0000,16,6,多开,B,7192.0000,0.0000,0.0000,0.0000,0.0000,7194.0000,0.0000,0.0000,0.0000,0.0000,378,0,0,0,0,45,0,0,0,0
zc,TA209,2012-06-29 09:01:45.640,7192.0000,458338,4,0.0000,12.0000,8,4,空开,S,7192.0000,0.0000,0.0000,0.0000,0.0000,7194.0000,0.0000,0.0000,0.0000,0.0000,463,0,0,0,0,45,0,0,0,0
zc,TA209,2012-06-29 09:01:46.157,7192.0000,458520,182,0.0000,182.0000,182,0,双开,S,7192.0000,0.0000,0.0000,0.0000,0.0000,7194.0000,0.0000,0.0000,0.0000,0.0000,372,0,0,0,0,82,0,0,0,0
zc,TA209,2012-06-29 09:01:46.890,7192.0000,458514,-6,0.0000,80.0000,37,43,多平,S,7192.0000,0.0000,0.0000,0.0000,0.0000,7194.0000,0.0000,0.0000,0.0000,0.0000,363,0,0,0,0,52,0,0,0,0
zc,TA209,2012-06-29 09:01:47.390,7192.0000,458504,-10,0.0000,174.0000,82,92,多平,S,7192.0000,0.0000,0.0000,0.0000,0.0000,7194.0000,0.0000,0.0000,0.0000,0.0000,277,0,0,0,0,111,0,0,0,0
zc,TA209,2012-06-29 09:01:48.140,7194.0000,458504,0,0.0000,106.0000,53,53,多换,B,7192.0000,0.0000,0.0000,0.0000,0.0000,7194.0000,0.0000,0.0000,0.0000,0.0000,236,0,0,0,0,181,0,0,0,0
zc,TA209,2012-06-29 09:01:48.640,7192.0000,458528,24,0.0000,206.0000,115,91,空开,S,7192.0000,0.0000,0.0000,0.0000,0.0000,7194.0000,0.0000,0.0000,0.0000,0.0000,185,0,0,0,0,134,0,0,0,0
zc,TA209,2012-06-29 09:01:49.407,7192.0000,458480,-48,0.0000,118.0000,35,83,多平,S,7192.0000,0.0000,0.0000,0.0000,0.0000,7194.0000,0.0000,0.0000,0.0000,0.0000,138,0,0,0,0,264,0,0,0,0
zc,TA209,2012-06-29 09:01:49.877,7192.0000,458466,-14,0.0000,16.0000,1,15,多平,S,7192.0000,0.0000,0.0000,0.0000,0.0000,7194.0000,0.0000,0.0000,0.0000,0.0000,130,0,0,0,0,289,0,0,0,0
zc,TA209,2012-06-29 09:01:50.877,7194.0000,458560,94,0.0000,136.0000,115,21,多开,B,7192.0000,0.0000,0.0000,0.0000,0.0000,7194.0000,0.0000,0.0000,0.0000,0.0000,98,0,0,0,0,271,0,0,0,0
zc,TA209,2012-06-29 09:01:51.377,7192.0000,458630,70,0.0000,106.0000,88,18,空开,S,7192.0000,0.0000,0.0000,0.0000,0.0000,7194.0000,0.0000,0.0000,0.0000,0.0000,47,0,0,0,0,303,0,0,0,0
zc,TA209,2012-06-29 09:01:52.140,7192.0000,458674,44,0.0000,112.0000,78,34,空开,S,7192.0000,0.0000,0.0000,0.0000,0.0000,7194.0000,0.0000,0.0000,0.0000,0.0000,35,0,0,0,0,271,0,0,0,0
zc,TA209,2012-06-29 09:01:52.657,7194.0000,458822,148,0.0000,166.0000,157,9,多开,B,7190.0000,0.0000,0.0000,0.0000,0.0000,7194.0000,0.0000,0.0000,0.0000,0.0000,204,0,0,0,0,101,0,0,0,0
zc,TA209,2012-06-29 09:01:53.173,7194.0000,458956,134,0.0000,222.0000,178,44,多开,B,7192.0000,0.0000,0.0000,0.0000,0.0000,7194.0000,0.0000,0.0000,0.0000,0.0000,1,0,0,0,0,3,0,0,0,0
zc,TA209,2012-06-29 09:01:53.923,7190.0000,458960,4,0.0000,28.0000,16,12,空开,S,7190.0000,0.0000,0.0000,0.0000,0.0000,7194.0000,0.0000,0.0000,0.0000,0.0000,233,0,0,0,0,4,0,0,0,0
zc,TA209,2012-06-29 09:01:54.423,7194.0000,458948,-12,0.0000,16.0000,2,14,空平,B,7192.0000,0.0000,0.0000,0.0000,0.0000,7194.0000,0.0000,0.0000,0.0000,0.0000,55,0,0,0,0,12,0,0,0,0
zc,TA209,2012-06-29 09:01:54.937,7192.0000,458874,-74,0.0000,76.0000,1,75,多平,S,7192.0000,0.0000,0.0000,0.0000,0.0000,7194.0000,0.0000,0.0000,0.0000,0.0000,58,0,0,0,0,76,0,0,0,0
zc,TA209,2012-06-29 09:01:55.877,7192.0000,458872,-2,0.0000,16.0000,7,9,多平,S,7192.0000,0.0000,0.0000,0.0000,0.0000,7194.0000,0.0000,0.0000,0.0000,0.0000,103,0,0,0,0,93,0,0,0,0
zc,TA209,2012-06-29 09:01:56.657,7192.0000,458856,-16,0.0000,56.0000,20,36,多平,S,7192.0000,0.0000,0.0000,0.0000,0.0000,7194.0000,0.0000,0.0000,0.0000,0.0000,63,0,0,0,0,89,0,0,0,0
zc,TA209,2012-06-29 09:01:56.890,7194.0000,459032,176,0.0000,222.0000,199,23,多开,B,7192.0000,0.0000,0.0000,0.0000,0.0000,7194.0000,0.0000,0.0000,0.0000,0.0000,24,0,0,0,0,111,0,0,0,0
zc,TA209,2012-06-29 09:01:57.657,7192.0000,459062,30,0.0000,142.0000,86,56,空开,S,7190.0000,0.0000,0.0000,0.0000,0.0000,7192.0000,0.0000,0.0000,0.0000,0.0000,186,0,0,0,0,54,0,0,0,0
zc,TA209,2012-06-29 09:01:58.220,7192.0000,459062,0,0.0000,2.0000,1,1,空换,S,7190.0000,0.0000,0.0000,0.0000,0.0000,7192.0000,0.0000,0.0000,0.0000,0.0000,197,0,0,0,0,105,0,0,0,0
zc,TA209,2012-06-29 09:01:58.937,7192.0000,459064,2,0.0000,2.0000,2,0,双开,S,7190.0000,0.0000,0.0000,0.0000,0.0000,7192.0000,0.0000,0.0000,0.0000,0.0000,194,0,0,0,0,115,0,0,0,0
zc,TA209,2012-06-29 09:01:59.360,7192.0000,459066,2,0.0000,18.0000,10,8,空开,S,7190.0000,0.0000,0.0000,0.0000,0.0000,7192.0000,0.0000,0.0000,0.0000,0.0000,187,0,0,0,0,118,0,0,0,0
zc,TA209,2012-06-29 09:02:00.110,7190.0000,459082,16,0.0000,62.0000,39,23,空开,S,7190.0000,0.0000,0.0000,0.0000,0.0000,7192.0000,0.0000,0.0000,0.0000,0.0000,161,0,0,0,0,119,0,0,0,0
zc,TA209,2012-06-29 09:02:00.657,7190.0000,459230,148,0.0000,268.0000,208,60,空开,S,7190.0000,0.0000,0.0000,0.0000,0.0000,7192.0000,0.0000,0.0000,0.0000,0.0000,28,0,0,0,0,120,0,0,0,0
zc,TA209,2012-06-29 09:02:01.377,7190.0000,459250,20,0.0000,30.0000,25,5,空开,S,7190.0000,0.0000,0.0000,0.0000,0.0000,7192.0000,0.0000,0.0000,0.0000,0.0000,22,0,0,0,0,110,0,0,0,0
zc,TA209,2012-06-29 09:02:01.877,7190.0000,459258,8,0.0000,46.0000,27,19,空开,S,7190.0000,0.0000,0.0000,0.0000,0.0000,7192.0000,0.0000,0.0000,0.0000,0.0000,9,0,0,0,0,155,0,0,0,0
zc,TA209,2012-06-29 09:02:02.390,7192.0000,459264,6,0.0000,28.0000,17,11,多开,B,7188.0000,0.0000,0.0000,0.0000,0.0000,7190.0000,0.0000,0.0000,0.0000,0.0000,284,0,0,0,0,19,0,0,0,0
zc,TA209,2012-06-29 09:02:03.110,7188.0000,459262,-2,0.0000,14.0000,6,8,多平,S,7188.0000,0.0000,0.0000,0.0000,0.0000,7190.0000,0.0000,0.0000,0.0000,0.0000,277,0,0,0,0,146,0,0,0,0
zc,TA209,2012-06-29 09:02:03.657,7188.0000,459256,-6,0.0000,20.0000,7,13,多平,S,7188.0000,0.0000,0.0000,0.0000,0.0000,7190.0000,0.0000,0.0000,0.0000,0.0000,282,0,0,0,0,180,0,0,0,0
zc,TA209,2012-06-29 09:02:04.377,7190.0000,459274,18,0.0000,36.0000,27,9,多开,B,7188.0000,0.0000,0.0000,0.0000,0.0000,7190.0000,0.0000,0.0000,0.0000,0.0000,255,0,0,0,0,179,0,0,0,0
zc,TA209,2012-06-29 09:02:04.923,7188.0000,459254,-20,0.0000,34.0000,7,27,多平,S,7188.0000,0.0000,0.0000,0.0000,0.0000,7190.0000,0.0000,0.0000,0.0000,0.0000,240,0,0,0,0,180,0,0,0,0
zc,TA209,2012-06-29 09:02:05.390,7188.0000,459250,-4,0.0000,54.0000,25,29,多平,S,7188.0000,0.0000,0.0000,0.0000,0.0000,7190.0000,0.0000,0.0000,0.0000,0.0000,258,0,0,0,0,180,0,0,0,0
zc,TA209,2012-06-29 09:02:05.923,7188.0000,459622,372,0.0000,470.0000,421,49,空开,S,7188.0000,0.0000,0.0000,0.0000,0.0000,7190.0000,0.0000,0.0000,0.0000,0.0000,25,0,0,0,0,59,0,0,0,0
zc,TA209,2012-06-29 09:02:06.593,7190.0000,459622,0,0.0000,10.0000,5,5,多换,B,7188.0000,0.0000,0.0000,0.0000,0.0000,7190.0000,0.0000,0.0000,0.0000,0.0000,21,0,0,0,0,58,0,0,0,0
zc,TA209,2012-06-29 09:02:07.093,7188.0000,459616,-6,0.0000,8.0000,1,7,多平,S,7188.0000,0.0000,0.0000,0.0000,0.0000,7190.0000,0.0000,0.0000,0.0000,0.0000,135,0,0,0,0,62,0,0,0,0
zc,TA209,2012-06-29 09:02:07.890,7188.0000,459600,-16,0.0000,20.0000,2,18,多平,S,7188.0000,0.0000,0.0000,0.0000,0.0000,7190.0000,0.0000,0.0000,0.0000,0.0000,195,0,0,0,0,73,0,0,0,0
zc,TA209,2012-06-29 09:02:08.360,7190.0000,459462,-138,0.0000,192.0000,27,165,空平,B,7188.0000,0.0000,0.0000,0.0000,0.0000,7190.0000,0.0000,0.0000,0.0000,0.0000,190,0,0,0,0,27,0,0,0,0
zc,TA209,2012-06-29 09:02:09.157,7186.0000,459088,-374,0.0000,440.0000,33,407,多平,S,7186.0000,0.0000,0.0000,0.0000,0.0000,7190.0000,0.0000,0.0000,0.0000,0.0000,582,0,0,0,0,14,0,0,0,0
zc,TA209,2012-06-29 09:02:09.640,7190.0000,459086,-2,0.0000,60.0000,29,31,空平,B,7190.0000,0.0000,0.0000,0.0000,0.0000,7192.0000,0.0000,0.0000,0.0000,0.0000,23,0,0,0,0,232,0,0,0,0
zc,TA209,2012-06-29 09:02:10.157,7186.0000,459058,-28,0.0000,110.0000,41,69,多平,S,7186.0000,0.0000,0.0000,0.0000,0.0000,7188.0000,0.0000,0.0000,0.0000,0.0000,563,0,0,0,0,57,0,0,0,0
zc,TA209,2012-06-29 09:02:10.877,7188.0000,459058,0,0.0000,80.0000,40,40,多换,B,7186.0000,0.0000,0.0000,0.0000,0.0000,7188.0000,0.0000,0.0000,0.0000,0.0000,534,0,0,0,0,29,0,0,0,0
zc,TA209,2012-06-29 09:02:11.390,7188.0000,459056,-2,0.0000,26.0000,12,14,空平,B,7186.0000,0.0000,0.0000,0.0000,0.0000,7188.0000,0.0000,0.0000,0.0000,0.0000,524,0,0,0,0,19,0,0,0,0
zc,TA209,2012-06-29 09:02:12.127,7186.0000,459018,-38,0.0000,60.0000,11,49,多平,S,7186.0000,0.0000,0.0000,0.0000,0.0000,7188.0000,0.0000,0.0000,0.0000,0.0000,500,0,0,0,0,14,0,0,0,0
zc,TA209,2012-06-29 09:02:12.627,7188.0000,458910,-108,0.0000,222.0000,57,165,空平,B,7188.0000,0.0000,0.0000,0.0000,0.0000,7190.0000,0.0000,0.0000,0.0000,0.0000,56,0,0,0,0,200,0,0,0,0
zc,TA209,2012-06-29 09:02:13.360,7188.0000,458900,-10,0.0000,72.0000,31,41,空平,B,7188.0000,0.0000,0.0000,0.0000,0.0000,7190.0000,0.0000,0.0000,0.0000,0.0000,29,0,0,0,0,206,0,0,0,0
zc,TA209,2012-06-29 09:02:13.907,7188.0000,458986,86,0.0000,260.0000,173,87,多开,B,7188.0000,0.0000,0.0000,0.0000,0.0000,7190.0000,0.0000,0.0000,0.0000,0.0000,148,0,0,0,0,132,0,0,0,0
zc,TA209,2012-06-29 09:02:14.377,7188.0000,458996,10,0.0000,16.0000,13,3,多开,B,7188.0000,0.0000,0.0000,0.0000,0.0000,7190.0000,0.0000,0.0000,0.0000,0.0000,149,0,0,0,0,133,0,0,0,0
zc,TA209,2012-06-29 09:02:14.877,7188.0000,458996,0,0.0000,36.0000,18,18,多换,B,7188.0000,0.0000,0.0000,0.0000,0.0000,7190.0000,0.0000,0.0000,0.0000,0.0000,134,0,0,0,0,144,0,0,0,0
zc,TA209,2012-06-29 09:02:15.610,7188.0000,459040,44,0.0000,62.0000,53,9,多开,B,7188.0000,0.0000,0.0000,0.0000,0.0000,7190.0000,0.0000,0.0000,0.0000,0.0000,116,0,0,0,0,143,0,0,0,0
zc,TA209,2012-06-29 09:02:16.157,7188.0000,459048,8,0.0000,28.0000,18,10,多开,B,7188.0000,0.0000,0.0000,0.0000,0.0000,7190.0000,0.0000,0.0000,0.0000,0.0000,119,0,0,0,0,147,0,0,0,0
zc,TA209,2012-06-29 09:02:16.877,7188.0000,459054,6,0.0000,18.0000,12,6,多开,B,7188.0000,0.0000,0.0000,0.0000,0.0000,7190.0000,0.0000,0.0000,0.0000,0.0000,119,0,0,0,0,141,0,0,0,0
zc,TA209,2012-06-29 09:02:17.593,7188.0000,459000,-54,0.0000,78.0000,12,66,空平,B,7188.0000,0.0000,0.0000,0.0000,0.0000,7190.0000,0.0000,0.0000,0.0000,0.0000,111,0,0,0,0,163,0,0,0,0
zc,TA209,2012-06-29 09:02:17.890,7188.0000,458950,-50,0.0000,92.0000,21,71,空平,B,7188.0000,0.0000,0.0000,0.0000,0.0000,7190.0000,0.0000,0.0000,0.0000,0.0000,168,0,0,0,0,173,0,0,0,0
zc,TA209,2012-06-29 09:02:18.640,7188.0000,458914,-36,0.0000,76.0000,20,56,空平,B,7188.0000,0.0000,0.0000,0.0000,0.0000,7190.0000,0.0000,0.0000,0.0000,0.0000,156,0,0,0,0,273,0,0,0,0
zc,TA209,2012-06-29 09:02:19.127,7188.0000,458918,4,0.0000,4.0000,4,0,双开,B,7188.0000,0.0000,0.0000,0.0000,0.0000,7190.0000,0.0000,0.0000,0.0000,0.0000,205,0,0,0,0,282,0,0,0,0
zc,TA209,2012-06-29 09:02:19.877,7188.0000,458938,20,0.0000,20.0000,20,0,双开,B,7188.0000,0.0000,0.0000,0.0000,0.0000,7190.0000,0.0000,0.0000,0.0000,0.0000,195,0,0,0,0,292,0,0,0,0
zc,TA209,2012-06-29 09:02:20.110,7190.0000,458952,14,0.0000,16.0000,15,1,多开,B,7188.0000,0.0000,0.0000,0.0000,0.0000,7190.0000,0.0000,0.0000,0.0000,0.0000,168,0,0,0,0,308,0,0,0,0
zc,TA209,2012-06-29 09:02:21.360,7188.0000,458996,44,0.0000,196.0000,120,76,空开,S,7188.0000,0.0000,0.0000,0.0000,0.0000,7190.0000,0.0000,0.0000,0.0000,0.0000,82,0,0,0,0,310,0,0,0,0
zc,TA209,2012-06-29 09:02:22.110,7190.0000,458986,-10,0.0000,34.0000,12,22,空平,B,7188.0000,0.0000,0.0000,0.0000,0.0000,7190.0000,0.0000,0.0000,0.0000,0.0000,67,0,0,0,0,308,0,0,0,0
zc,TA209,2012-06-29 09:02:22.627,7188.0000,458986,0,0.0000,40.0000,20,20,空换,S,7188.0000,0.0000,0.0000,0.0000,0.0000,7190.0000,0.0000,0.0000,0.0000,0.0000,47,0,0,0,0,310,0,0,0,0
zc,TA209,2012-06-29 09:02:23.093,7188.0000,458986,0,0.0000,4.0000,2,2,空换,S,7188.0000,0.0000,0.0000,0.0000,0.0000,7190.0000,0.0000,0.0000,0.0000,0.0000,50,0,0,0,0,310,0,0,0,0
zc,TA209,2012-06-29 09:02:23.877,7190.0000,459032,46,0.0000,106.0000,76,30,多开,B,7188.0000,0.0000,0.0000,0.0000,0.0000,7190.0000,0.0000,0.0000,0.0000,0.0000,12,0,0,0,0,306,0,0,0,0
zc,TA209,2012-06-29 09:02:24.093,7188.0000,459038,6,0.0000,12.0000,9,3,空开,S,7188.0000,0.0000,0.0000,0.0000,0.0000,7190.0000,0.0000,0.0000,0.0000,0.0000,19,0,0,0,0,302,0,0,0,0
zc,TA209,2012-06-29 09:02:24.860,7188.0000,459052,14,0.0000,14.0000,14,0,双开,S,7188.0000,0.0000,0.0000,0.0000,0.0000,7190.0000,0.0000,0.0000,0.0000,0.0000,20,0,0,0,0,301,0,0,0,0
zc,TA209,2012-06-29 09:02:25.640,7188.0000,459072,20,0.0000,20.0000,20,0,双开,S,7188.0000,0.0000,0.0000,0.0000,0.0000,7190.0000,0.0000,0.0000,0.0000,0.0000,14,0,0,0,0,294,0,0,0,0
zc,TA209,2012-06-29 09:02:26.093,7188.0000,459088,16,0.0000,16.0000,16,0,双开,S,7188.0000,0.0000,0.0000,0.0000,0.0000,7190.0000,0.0000,0.0000,0.0000,0.0000,6,0,0,0,0,294,0,0,0,0
zc,TA209,2012-06-29 09:02:26.593,7188.0000,459122,34,0.0000,44.0000,39,5,空开,S,7188.0000,0.0000,0.0000,0.0000,0.0000,7190.0000,0.0000,0.0000,0.0000,0.0000,6,0,0,0,0,372,0,0,0,0
zc,TA209,2012-06-29 09:02:27.173,7190.0000,459138,16,0.0000,120.0000,68,52,多开,B,7188.0000,0.0000,0.0000,0.0000,0.0000,7190.0000,0.0000,0.0000,0.0000,0.0000,115,0,0,0,0,400,0,0,0,0
zc,TA209,2012-06-29 09:02:27.843,7188.0000,459170,32,0.0000,32.0000,32,0,双开,S,7188.0000,0.0000,0.0000,0.0000,0.0000,7190.0000,0.0000,0.0000,0.0000,0.0000,107,0,0,0,0,411,0,0,0,0
zc,TA209,2012-06-29 09:02:28.377,7190.0000,459174,4,0.0000,12.0000,8,4,多开,B,7188.0000,0.0000,0.0000,0.0000,0.0000,7190.0000,0.0000,0.0000,0.0000,0.0000,108,0,0,0,0,428,0,0,0,0
zc,TA209,2012-06-29 09:02:28.890,7190.0000,459176,2,0.0000,38.0000,20,18,多开,B,7188.0000,0.0000,0.0000,0.0000,0.0000,7190.0000,0.0000,0.0000,0.0000,0.0000,161,0,0,0,0,424,0,0,0,0
zc,TA209,2012-06-29 09:02:29.640,7188.0000,459184,8,0.0000,10.0000,9,1,空开,S,7188.0000,0.0000,0.0000,0.0000,0.0000,7190.0000,0.0000,0.0000,0.0000,0.0000,128,0,0,0,0,428,0,0,0,0
zc,TA209,2012-06-29 09:02:30.127,7188.0000,459188,4,0.0000,4.0000,4,0,双开,S,7188.0000,0.0000,0.0000,0.0000,0.0000,7190.0000,0.0000,0.0000,0.0000,0.0000,139,0,0,0,0,428,0,0,0,0
zc,TA209,2012-06-29 09:02:30.843,7190.0000,459208,20,0.0000,30.0000,25,5,多开,B,7188.0000,0.0000,0.0000,0.0000,0.0000,7190.0000,0.0000,0.0000,0.0000,0.0000,130,0,0,0,0,420,0,0,0,0
zc,TA209,2012-06-29 09:02:31.377,7188.0000,459302,94,0.0000,130.0000,112,18,空开,S,7188.0000,0.0000,0.0000,0.0000,0.0000,7190.0000,0.0000,0.0000,0.0000,0.0000,135,0,0,0,0,446,0,0,0,0
zc,TA209,2012-06-29 09:02:32.127,7188.0000,459264,-38,0.0000,144.0000,53,91,多平,S,7188.0000,0.0000,0.0000,0.0000,0.0000,7190.0000,0.0000,0.0000,0.0000,0.0000,100,0,0,0,0,450,0,0,0,0
zc,TA209,2012-06-29 09:02:32.610,7188.0000,459264,0,0.0000,18.0000,9,9,空换,S,7188.0000,0.0000,0.0000,0.0000,0.0000,7190.0000,0.0000,0.0000,0.0000,0.0000,93,0,0,0,0,442,0,0,0,0
zc,TA209,2012-06-29 09:02:33.110,7188.0000,459264,0,0.0000,24.0000,12,12,空换,S,7188.0000,0.0000,0.0000,0.0000,0.0000,7190.0000,0.0000,0.0000,0.0000,0.0000,92,0,0,0,0,441,0,0,0,0
zc,TA209,2012-06-29 09:02:33.860,7190.0000,459266,2,0.0000,28.0000,15,13,多开,B,7188.0000,0.0000,0.0000,0.0000,0.0000,7190.0000,0.0000,0.0000,0.0000,0.0000,81,0,0,0,0,440,0,0,0,0
zc,TA209,2012-06-29 09:02:34.390,7188.0000,459264,-2,0.0000,4.0000,1,3,多平,S,7188.0000,0.0000,0.0000,0.0000,0.0000,7190.0000,0.0000,0.0000,0.0000,0.0000,79,0,0,0,0,438,0,0,0,0
zc,TA209,2012-06-29 09:02:35.093,7188.0000,459258,-6,0.0000,16.0000,5,11,多平,S,7188.0000,0.0000,0.0000,0.0000,0.0000,7190.0000,0.0000,0.0000,0.0000,0.0000,210,0,0,0,0,439,0,0,0,0
zc,TA209,2012-06-29 09:02:35.890,7188.0000,459142,-116,0.0000,806.0000,345,461,多平,S,7188.0000,0.0000,0.0000,0.0000,0.0000,7190.0000,0.0000,0.0000,0.0000,0.0000,410,0,0,0,0,41,0,0,0,0
zc,TA209,2012-06-29 09:02:36.640,7190.0000,459108,-34,0.0000,180.0000,73,107,空平,B,7190.0000,0.0000,0.0000,0.0000,0.0000,7192.0000,0.0000,0.0000,0.0000,0.0000,168,0,0,0,0,266,0,0,0,0
zc,TA209,2012-06-29 09:02:37.127,7188.0000,459780,672,0.0000,738.0000,705,33,空开,S,7188.0000,0.0000,0.0000,0.0000,0.0000,7192.0000,0.0000,0.0000,0.0000,0.0000,282,0,0,0,0,201,0,0,0,0
zc,TA209,2012-06-29 09:02:37.907,7190.0000,459790,10,0.0000,20.0000,15,5,多开,B,7188.0000,0.0000,0.0000,0.0000,0.0000,7190.0000,0.0000,0.0000,0.0000,0.0000,281,0,0,0,0,3,0,0,0,0
zc,TA209,2012-06-29 09:02:38.127,7188.0000,459936,146,0.0000,608.0000,377,231,空开,S,7186.0000,0.0000,0.0000,0.0000,0.0000,7188.0000,0.0000,0.0000,0.0000,0.0000,432,0,0,0,0,400,0,0,0,0
zc,TA209,2012-06-29 09:02:38.860,7188.0000,459948,12,0.0000,16.0000,14,2,空开,S,7186.0000,0.0000,0.0000,0.0000,0.0000,7188.0000,0.0000,0.0000,0.0000,0.0000,432,0,0,0,0,393,0,0,0,0
zc,TA209,2012-06-29 09:02:39.377,7186.0000,459948,0,0.0000,8.0000,4,4,空换,S,7186.0000,0.0000,0.0000,0.0000,0.0000,7188.0000,0.0000,0.0000,0.0000,0.0000,409,0,0,0,0,410,0,0,0,0
zc,TA209,2012-06-29 09:02:39.843,7186.0000,459938,-10,0.0000,52.0000,21,31,多平,S,7186.0000,0.0000,0.0000,0.0000,0.0000,7188.0000,0.0000,0.0000,0.0000,0.0000,384,0,0,0,0,422,0,0,0,0
zc,TA209,2012-06-29 09:02:40.890,7186.0000,459422,-516,0.0000,778.0000,131,647,多平,S,7184.0000,0.0000,0.0000,0.0000,0.0000,7186.0000,0.0000,0.0000,0.0000,0.0000,1244,0,0,0,0,50,0,0,0,0
zc,TA209,2012-06-29 09:02:41.390,7186.0000,459422,0,0.0000,112.0000,56,56,空换,S,7186.0000,0.0000,0.0000,0.0000,0.0000,7188.0000,0.0000,0.0000,0.0000,0.0000,5,0,0,0,0,427,0,0,0,0
zc,TA209,2012-06-29 09:02:42.140,7186.0000,459424,2,0.0000,28.0000,15,13,空开,S,7186.0000,0.0000,0.0000,0.0000,0.0000,7188.0000,0.0000,0.0000,0.0000,0.0000,4,0,0,0,0,433,0,0,0,0
zc,TA209,2012-06-29 09:02:42.640,7188.0000,459458,34,0.0000,94.0000,64,30,多开,B,7186.0000,0.0000,0.0000,0.0000,0.0000,7188.0000,0.0000,0.0000,0.0000,0.0000,1,0,0,0,0,416,0,0,0,0
zc,TA209,2012-06-29 09:02:43.360,7184.0000,459460,2,0.0000,12.0000,7,5,空开,S,7186.0000,0.0000,0.0000,0.0000,0.0000,7188.0000,0.0000,0.0000,0.0000,0.0000,11,0,0,0,0,413,0,0,0,0
zc,TA209,2012-06-29 09:02:43.937,7186.0000,459466,6,0.0000,38.0000,22,16,多开,B,7184.0000,0.0000,0.0000,0.0000,0.0000,7188.0000,0.0000,0.0000,0.0000,0.0000,1207,0,0,0,0,411,0,0,0,0
zc,TA209,2012-06-29 09:02:44.657,7186.0000,459526,60,0.0000,60.0000,60,0,双开,B,7186.0000,0.0000,0.0000,0.0000,0.0000,7188.0000,0.0000,0.0000,0.0000,0.0000,20,0,0,0,0,411,0,0,0,0
zc,TA209,2012-06-29 09:02:44.877,7186.0000,459526,0,0.0000,0.0000,0,0,多换,B,7186.0000,0.0000,0.0000,0.0000,0.0000,7188.0000,0.0000,0.0000,0.0000,0.0000,61,0,0,0,0,411,0,0,0,0
zc,TA209,2012-06-29 09:02:45.627,7186.0000,459542,16,0.0000,24.0000,20,4,多开,B,7186.0000,0.0000,0.0000,0.0000,0.0000,7188.0000,0.0000,0.0000,0.0000,0.0000,90,0,0,0,0,411,0,0,0,0
zc,TA209,2012-06-29 09:02:46.377,7186.0000,459528,-14,0.0000,140.0000,63,77,空平,B,7186.0000,0.0000,0.0000,0.0000,0.0000,7188.0000,0.0000,0.0000,0.0000,0.0000,24,0,0,0,0,410,0,0,0,0
zc,TA209,2012-06-29 09:02:46.830,7186.0000,459516,-12,0.0000,20.0000,4,16,空平,B,7186.0000,0.0000,0.0000,0.0000,0.0000,7188.0000,0.0000,0.0000,0.0000,0.0000,15,0,0,0,0,420,0,0,0,0
zc,TA209,2012-06-29 09:02:47.627,7186.0000,459524,8,0.0000,46.0000,27,19,多开,B,7184.0000,0.0000,0.0000,0.0000,0.0000,7186.0000,0.0000,0.0000,0.0000,0.0000,1241,0,0,0,0,145,0,0,0,0
zc,TA209,2012-06-29 09:02:47.907,7186.0000,459550,26,0.0000,230.0000,128,102,多开,B,7184.0000,0.0000,0.0000,0.0000,0.0000,7186.0000,0.0000,0.0000,0.0000,0.0000,1229,0,0,0,0,36,0,0,0,0
zc,TA209,2012-06-29 09:02:48.610,7184.0000,459554,4,0.0000,34.0000,19,15,空开,S,7184.0000,0.0000,0.0000,0.0000,0.0000,7186.0000,0.0000,0.0000,0.0000,0.0000,1227,0,0,0,0,123,0,0,0,0
zc,TA209,2012-06-29 09:02:49.343,7184.0000,459554,0,0.0000,4.0000,2,2,空换,S,7184.0000,0.0000,0.0000,0.0000,0.0000,7186.0000,0.0000,0.0000,0.0000,0.0000,1227,0,0,0,0,143,0,0,0,0
zc,TA209,2012-06-29 09:02:49.843,7186.0000,459596,42,0.0000,146.0000,94,52,多开,B,7184.0000,0.0000,0.0000,0.0000,0.0000,7186.0000,0.0000,0.0000,0.0000,0.0000,1214,0,0,0,0,159,0,0,0,0
zc,TA209,2012-06-29 09:02:50.360,7184.0000,459616,20,0.0000,34.0000,27,7,空开,S,7184.0000,0.0000,0.0000,0.0000,0.0000,7186.0000,0.0000,0.0000,0.0000,0.0000,1207,0,0,0,0,151,0,0,0,0
zc,TA209,2012-06-29 09:02:50.860,7186.0000,459620,4,0.0000,8.0000,6,2,多开,B,7184.0000,0.0000,0.0000,0.0000,0.0000,7186.0000,0.0000,0.0000,0.0000,0.0000,1234,0,0,0,0,233,0,0,0,0
zc,TA209,2012-06-29 09:02:51.627,7184.0000,459506,-114,0.0000,372.0000,129,243,多平,S,7184.0000,0.0000,0.0000,0.0000,0.0000,7186.0000,0.0000,0.0000,0.0000,0.0000,1222,0,0,0,0,61,0,0,0,0
zc,TA209,2012-06-29 09:02:52.377,7186.0000,459630,124,0.0000,156.0000,140,16,多开,B,7186.0000,0.0000,0.0000,0.0000,0.0000,7188.0000,0.0000,0.0000,0.0000,0.0000,435,0,0,0,0,450,0,0,0,0
zc,TA209,2012-06-29 09:02:52.890,7186.0000,459652,22,0.0000,34.0000,28,6,多开,B,7186.0000,0.0000,0.0000,0.0000,0.0000,7188.0000,0.0000,0.0000,0.0000,0.0000,438,0,0,0,0,500,0,0,0,0
zc,TA209,2012-06-29 09:02:53.343,7186.0000,459654,2,0.0000,588.0000,295,293,多开,B,7186.0000,0.0000,0.0000,0.0000,0.0000,7188.0000,0.0000,0.0000,0.0000,0.0000,145,0,0,0,0,501,0,0,0,0
zc,TA209,2012-06-29 09:02:53.877,7186.0000,459654,0,0.0000,6.0000,3,3,多换,B,7186.0000,0.0000,0.0000,0.0000,0.0000,7188.0000,0.0000,0.0000,0.0000,0.0000,167,0,0,0,0,451,0,0,0,0
zc,TA209,2012-06-29 09:02:54.627,7186.0000,459698,44,0.0000,76.0000,60,16,多开,B,7186.0000,0.0000,0.0000,0.0000,0.0000,7188.0000,0.0000,0.0000,0.0000,0.0000,152,0,0,0,0,431,0,0,0,0
zc,TA209,2012-06-29 09:02:55.093,7186.0000,459726,28,0.0000,36.0000,32,4,多开,B,7186.0000,0.0000,0.0000,0.0000,0.0000,7188.0000,0.0000,0.0000,0.0000,0.0000,142,0,0,0,0,421,0,0,0,0
zc,TA209,2012-06-29 09:02:55.593,7186.0000,459748,22,0.0000,150.0000,86,64,多开,B,7186.0000,0.0000,0.0000,0.0000,0.0000,7188.0000,0.0000,0.0000,0.0000,0.0000,72,0,0,0,0,423,0,0,0,0
zc,TA209,2012-06-29 09:02:56.360,7186.0000,459712,-36,0.0000,114.0000,39,75,空平,B,7186.0000,0.0000,0.0000,0.0000,0.0000,7188.0000,0.0000,0.0000,0.0000,0.0000,25,0,0,0,0,419,0,0,0,0
zc,TA209,2012-06-29 09:02:56.890,7186.0000,459740,28,0.0000,74.0000,51,23,多开,B,7184.0000,0.0000,0.0000,0.0000,0.0000,7186.0000,0.0000,0.0000,0.0000,0.0000,1269,0,0,0,0,14,0,0,0,0
zc,TA209,2012-06-29 09:02:57.343,7184.0000,459742,2,0.0000,12.0000,7,5,空开,S,7184.0000,0.0000,0.0000,0.0000,0.0000,7186.0000,0.0000,0.0000,0.0000,0.0000,1266,0,0,0,0,15,0,0,0,0
zc,TA209,2012-06-29 09:02:58.093,7184.0000,459772,30,0.0000,46.0000,38,8,空开,S,7184.0000,0.0000,0.0000,0.0000,0.0000,7186.0000,0.0000,0.0000,0.0000,0.0000,1261,0,0,0,0,4,0,0,0,0
zc,TA209,2012-06-29 09:02:58.640,7184.0000,459776,4,0.0000,6.0000,5,1,空开,S,7184.0000,0.0000,0.0000,0.0000,0.0000,7186.0000,0.0000,0.0000,0.0000,0.0000,1259,0,0,0,0,6,0,0,0,0
zc,TA209,2012-06-29 09:02:59.377,7186.0000,459794,18,0.0000,68.0000,43,25,多开,B,7186.0000,0.0000,0.0000,0.0000,0.0000,7188.0000,0.0000,0.0000,0.0000,0.0000,299,0,0,0,0,422,0,0,0,0
zc,TA209,2012-06-29 09:02:59.610,7186.0000,459796,2,0.0000,2.0000,2,0,双开,B,7186.0000,0.0000,0.0000,0.0000,0.0000,7188.0000,0.0000,0.0000,0.0000,0.0000,317,0,0,0,0,428,0,0,0,0
zc,TA209,2012-06-29 09:03:00.673,7186.0000,459818,22,0.0000,60.0000,41,19,多开,B,7186.0000,0.0000,0.0000,0.0000,0.0000,7188.0000,0.0000,0.0000,0.0000,0.0000,508,0,0,0,0,428,0,0,0,0
zc,TA209,2012-06-29 09:03:01.187,7186.0000,459998,180,0.0000,184.0000,182,2,多开,B,7186.0000,0.0000,0.0000,0.0000,0.0000,7188.0000,0.0000,0.0000,0.0000,0.0000,441,0,0,0,0,434,0,0,0,0
zc,TA209,2012-06-29 09:03:01.907,7186.0000,460228,230,0.0000,232.0000,231,1,多开,B,7186.0000,0.0000,0.0000,0.0000,0.0000,7188.0000,0.0000,0.0000,0.0000,0.0000,388,0,0,0,0,429,0,0,0,0
zc,TA209,2012-06-29 09:03:02.377,7186.0000,460364,136,0.0000,144.0000,140,4,多开,B,7186.0000,0.0000,0.0000,0.0000,0.0000,7188.0000,0.0000,0.0000,0.0000,0.0000,317,0,0,0,0,428,0,0,0,0
zc,TA209,2012-06-29 09:03:02.890,7186.0000,460386,22,0.0000,30.0000,26,4,多开,B,7186.0000,0.0000,0.0000,0.0000,0.0000,7188.0000,0.0000,0.0000,0.0000,0.0000,335,0,0,0,0,424,0,0,0,0
zc,TA209,2012-06-29 09:03:03.627,7186.0000,460386,0,0.0000,2.0000,1,1,多换,B,7186.0000,0.0000,0.0000,0.0000,0.0000,7188.0000,0.0000,0.0000,0.0000,0.0000,336,0,0,0,0,425,0,0,0,0
zc,TA209,2012-06-29 09:03:04.173,7186.0000,460480,94,0.0000,128.0000,111,17,多开,B,7186.0000,0.0000,0.0000,0.0000,0.0000,7188.0000,0.0000,0.0000,0.0000,0.0000,290,0,0,0,0,412,0,0,0,0
zc,TA209,2012-06-29 09:03:04.877,7186.0000,460468,-12,0.0000,22.0000,5,17,空平,B,7186.0000,0.0000,0.0000,0.0000,0.0000,7188.0000,0.0000,0.0000,0.0000,0.0000,280,0,0,0,0,413,0,0,0,0
zc,TA209,2012-06-29 09:03:05.390,7186.0000,460330,-138,0.0000,146.0000,4,142,空平,B,7186.0000,0.0000,0.0000,0.0000,0.0000,7188.0000,0.0000,0.0000,0.0000,0.0000,210,0,0,0,0,423,0,0,0,0
zc,TA209,2012-06-29 09:03:05.877,7186.0000,460318,-12,0.0000,40.0000,14,26,空平,B,7186.0000,0.0000,0.0000,0.0000,0.0000,7188.0000,0.0000,0.0000,0.0000,0.0000,198,0,0,0,0,415,0,0,0,0
zc,TA209,2012-06-29 09:03:06.580,7186.0000,460336,18,0.0000,32.0000,25,7,多开,B,7186.0000,0.0000,0.0000,0.0000,0.0000,7188.0000,0.0000,0.0000,0.0000,0.0000,243,0,0,0,0,405,0,0,0,0
zc,TA209,2012-06-29 09:03:07.173,7186.0000,460170,-166,0.0000,218.0000,26,192,空平,B,7186.0000,0.0000,0.0000,0.0000,0.0000,7188.0000,0.0000,0.0000,0.0000,0.0000,148,0,0,0,0,395,0,0,0,0
zc,TA209,2012-06-29 09:03:07.923,7188.0000,460218,48,0.0000,94.0000,71,23,多开,B,7186.0000,0.0000,0.0000,0.0000,0.0000,7188.0000,0.0000,0.0000,0.0000,0.0000,128,0,0,0,0,400,0,0,0,0
zc,TA209,2012-06-29 09:03:08.453,7186.0000,460232,14,0.0000,70.0000,42,28,空开,S,7186.0000,0.0000,0.0000,0.0000,0.0000,7188.0000,0.0000,0.0000,0.0000,0.0000,139,0,0,0,0,434,0,0,0,0
zc,TA209,2012-06-29 09:03:09.093,7188.0000,460302,70,0.0000,210.0000,140,70,多开,B,7186.0000,0.0000,0.0000,0.0000,0.0000,7188.0000,0.0000,0.0000,0.0000,0.0000,87,0,0,0,0,419,0,0,0,0
zc,TA209,2012-06-29 09:03:09.377,7188.0000,460302,0,0.0000,0.0000,0,0,多换,B,7186.0000,0.0000,0.0000,0.0000,0.0000,7188.0000,0.0000,0.0000,0.0000,0.0000,93,0,0,0,0,430,0,0,0,0
zc,TA209,2012-06-29 09:03:10.407,7186.0000,460286,-16,0.0000,192.0000,88,104,多平,S,7186.0000,0.0000,0.0000,0.0000,0.0000,7188.0000,0.0000,0.0000,0.0000,0.0000,16,0,0,0,0,430,0,0,0,0
zc,TA209,2012-06-29 09:03:10.877,7186.0000,460286,0,0.0000,2.0000,1,1,空换,S,7186.0000,0.0000,0.0000,0.0000,0.0000,7188.0000,0.0000,0.0000,0.0000,0.0000,15,0,0,0,0,431,0,0,0,0
zc,TA209,2012-06-29 09:03:11.343,7186.0000,460286,0,0.0000,4.0000,2,2,空换,S,7186.0000,0.0000,0.0000,0.0000,0.0000,7188.0000,0.0000,0.0000,0.0000,0.0000,19,0,0,0,0,431,0,0,0,0
zc,TA209,2012-06-29 09:03:11.860,7186.0000,460274,-12,0.0000,20.0000,4,16,多平,S,7186.0000,0.0000,0.0000,0.0000,0.0000,7188.0000,0.0000,0.0000,0.0000,0.0000,13,0,0,0,0,431,0,0,0,0
zc,TA209,2012-06-29 09:03:12.627,7184.0000,460266,-8,0.0000,52.0000,22,30,多平,S,7184.0000,0.0000,0.0000,0.0000,0.0000,7186.0000,0.0000,0.0000,0.0000,0.0000,1276,0,0,0,0,40,0,0,0,0
zc,TA209,2012-06-29 09:03:13.140,7186.0000,460236,-30,0.0000,60.0000,15,45,空平,B,7184.0000,0.0000,0.0000,0.0000,0.0000,7186.0000,0.0000,0.0000,0.0000,0.0000,1276,0,0,0,0,20,0,0,0,0
zc,TA209,2012-06-29 09:03:13.627,7186.0000,460236,0,0.0000,2.0000,1,1,多换,B,7184.0000,0.0000,0.0000,0.0000,0.0000,7186.0000,0.0000,0.0000,0.0000,0.0000,1276,0,0,0,0,20,0,0,0,0
zc,TA209,2012-06-29 09:03:14.407,7186.0000,460234,-2,0.0000,2.0000,0,2,双平,B,7184.0000,0.0000,0.0000,0.0000,0.0000,7186.0000,0.0000,0.0000,0.0000,0.0000,1278,0,0,0,0,48,0,0,0,0
zc,TA209,2012-06-29 09:03:14.860,7186.0000,460218,-16,0.0000,38.0000,11,27,空平,B,7184.0000,0.0000,0.0000,0.0000,0.0000,7186.0000,0.0000,0.0000,0.0000,0.0000,1277,0,0,0,0,30,0,0,0,0
zc,TA209,2012-06-29 09:03:15.627,7184.0000,460198,-20,0.0000,20.0000,0,20,双平,S,7184.0000,0.0000,0.0000,0.0000,0.0000,7186.0000,0.0000,0.0000,0.0000,0.0000,1280,0,0,0,0,30,0,0,0,0
zc,TA209,2012-06-29 09:03:16.127,7184.0000,460204,6,0.0000,26.0000,16,10,空开,S,7184.0000,0.0000,0.0000,0.0000,0.0000,7186.0000,0.0000,0.0000,0.0000,0.0000,1275,0,0,0,0,64,0,0,0,0
zc,TA209,2012-06-29 09:03:16.860,7186.0000,459928,-276,0.0000,376.0000,50,326,空平,B,7186.0000,0.0000,0.0000,0.0000,0.0000,7188.0000,0.0000,0.0000,0.0000,0.0000,22,0,0,0,0,483,0,0,0,0
zc,TA209,2012-06-29 09:03:17.377,7186.0000,459908,-20,0.0000,20.0000,0,20,双平,B,7186.0000,0.0000,0.0000,0.0000,0.0000,7188.0000,0.0000,0.0000,0.0000,0.0000,31,0,0,0,0,478,0,0,0,0
zc,TA209,2012-06-29 09:03:18.127,7186.0000,459902,-6,0.0000,74.0000,34,40,空平,B,7186.0000,0.0000,0.0000,0.0000,0.0000,7188.0000,0.0000,0.0000,0.0000,0.0000,7,0,0,0,0,473,0,0,0,0
zc,TA209,2012-06-29 09:03:18.343,7186.0000,459912,10,0.0000,24.0000,17,7,多开,B,7186.0000,0.0000,0.0000,0.0000,0.0000,7188.0000,0.0000,0.0000,0.0000,0.0000,16,0,0,0,0,483,0,0,0,0
zc,TA209,2012-06-29 09:03:19.127,7184.0000,459932,20,0.0000,48.0000,34,14,空开,S,7184.0000,0.0000,0.0000,0.0000,0.0000,7188.0000,0.0000,0.0000,0.0000,0.0000,1284,0,0,0,0,489,0,0,0,0
zc,TA209,2012-06-29 09:03:19.877,7186.0000,459932,0,0.0000,12.0000,6,6,多换,B,7184.0000,0.0000,0.0000,0.0000,0.0000,7186.0000,0.0000,0.0000,0.0000,0.0000,1284,0,0,0,0,16,0,0,0,0
zc,TA209,2012-06-29 09:03:20.360,7186.0000,459942,10,0.0000,28.0000,19,9,多开,B,7184.0000,0.0000,0.0000,0.0000,0.0000,7186.0000,0.0000,0.0000,0.0000,0.0000,1282,0,0,0,0,68,0,0,0,0
zc,TA209,2012-06-29 09:03:21.157,7186.0000,459942,0,0.0000,10.0000,5,5,多换,B,7184.0000,0.0000,0.0000,0.0000,0.0000,7186.0000,0.0000,0.0000,0.0000,0.0000,1284,0,0,0,0,67,0,0,0,0
zc,TA209,2012-06-29 09:03:21.390,7186.0000,459960,18,0.0000,142.0000,80,62,多开,B,7184.0000,0.0000,0.0000,0.0000,0.0000,7186.0000,0.0000,0.0000,0.0000,0.0000,1272,0,0,0,0,18,0,0,0,0
zc,TA209,2012-06-29 09:03:22.093,7186.0000,459956,-4,0.0000,22.0000,9,13,空平,B,7184.0000,0.0000,0.0000,0.0000,0.0000,7186.0000,0.0000,0.0000,0.0000,0.0000,1269,0,0,0,0,10,0,0,0,0
zc,TA209,2012-06-29 09:03:22.627,7186.0000,459910,-46,0.0000,68.0000,11,57,空平,B,7186.0000,0.0000,0.0000,0.0000,0.0000,7188.0000,0.0000,0.0000,0.0000,0.0000,21,0,0,0,0,494,0,0,0,0
zc,TA209,2012-06-29 09:03:23.360,7186.0000,459914,4,0.0000,22.0000,13,9,多开,B,7186.0000,0.0000,0.0000,0.0000,0.0000,7188.0000,0.0000,0.0000,0.0000,0.0000,45,0,0,0,0,488,0,0,0,0
zc,TA209,2012-06-29 09:03:23.843,7186.0000,459914,0,0.0000,16.0000,8,8,多换,B,7186.0000,0.0000,0.0000,0.0000,0.0000,7188.0000,0.0000,0.0000,0.0000,0.0000,59,0,0,0,0,487,0,0,0,0
zc,TA209,2012-06-29 09:03:24.360,7186.0000,459880,-34,0.0000,38.0000,2,36,空平,B,7186.0000,0.0000,0.0000,0.0000,0.0000,7188.0000,0.0000,0.0000,0.0000,0.0000,41,0,0,0,0,479,0,0,0,0
zc,TA209,2012-06-29 09:03:25.127,7188.0000,460004,124,0.0000,142.0000,133,9,多开,B,7186.0000,0.0000,0.0000,0.0000,0.0000,7188.0000,0.0000,0.0000,0.0000,0.0000,64,0,0,0,0,416,0,0,0,0
zc,TA209,2012-06-29 09:03:25.610,7186.0000,460004,0,0.0000,34.0000,17,17,空换,S,7186.0000,0.0000,0.0000,0.0000,0.0000,7188.0000,0.0000,0.0000,0.0000,0.0000,50,0,0,0,0,416,0,0,0,0
zc,TA209,2012-06-29 09:03:26.407,7186.0000,460040,36,0.0000,112.0000,74,38,空开,S,7184.0000,0.0000,0.0000,0.0000,0.0000,7186.0000,0.0000,0.0000,0.0000,0.0000,1260,0,0,0,0,395,0,0,0,0
zc,TA209,2012-06-29 09:03:26.877,7186.0000,460042,2,0.0000,4.0000,3,1,空开,S,7184.0000,0.0000,0.0000,0.0000,0.0000,7186.0000,0.0000,0.0000,0.0000,0.0000,1259,0,0,0,0,398,0,0,0,0
zc,TA209,2012-06-29 09:03:27.360,7186.0000,460128,86,0.0000,90.0000,88,2,空开,S,7184.0000,0.0000,0.0000,0.0000,0.0000,7186.0000,0.0000,0.0000,0.0000,0.0000,1260,0,0,0,0,403,0,0,0,0
zc,TA209,2012-06-29 09:03:27.830,7186.0000,460266,138,0.0000,148.0000,143,5,空开,S,7184.0000,0.0000,0.0000,0.0000,0.0000,7186.0000,0.0000,0.0000,0.0000,0.0000,1259,0,0,0,0,357,0,0,0,0
zc,TA209,2012-06-29 09:03:28.657,7184.0000,460268,2,0.0000,70.0000,36,34,空开,S,7184.0000,0.0000,0.0000,0.0000,0.0000,7186.0000,0.0000,0.0000,0.0000,0.0000,1253,0,0,0,0,329,0,0,0,0
zc,TA209,2012-06-29 09:03:29.110,7186.0000,460720,452,0.0000,464.0000,458,6,多开,B,7184.0000,0.0000,0.0000,0.0000,0.0000,7186.0000,0.0000,0.0000,0.0000,0.0000,1256,0,0,0,0,102,0,0,0,0
zc,TA209,2012-06-29 09:03:29.627,7186.0000,460752,32,0.0000,48.0000,40,8,多开,B,7184.0000,0.0000,0.0000,0.0000,0.0000,7186.0000,0.0000,0.0000,0.0000,0.0000,1251,0,0,0,0,283,0,0,0,0
zc,TA209,2012-06-29 09:03:30.360,7184.0000,460754,2,0.0000,8.0000,5,3,空开,S,7184.0000,0.0000,0.0000,0.0000,0.0000,7186.0000,0.0000,0.0000,0.0000,0.0000,1249,0,0,0,0,288,0,0,0,0
zc,TA209,2012-06-29 09:03:30.907,7186.0000,460752,-2,0.0000,138.0000,68,70,空平,B,7184.0000,0.0000,0.0000,0.0000,0.0000,7186.0000,0.0000,0.0000,0.0000,0.0000,1248,0,0,0,0,224,0,0,0,0
zc,TA209,2012-06-29 09:03:31.640,7186.0000,460960,208,0.0000,338.0000,273,65,多开,B,7184.0000,0.0000,0.0000,0.0000,0.0000,7186.0000,0.0000,0.0000,0.0000,0.0000,1224,0,0,0,0,85,0,0,0,0
zc,TA209,2012-06-29 09:03:32.157,7186.0000,460962,2,0.0000,6.0000,4,2,多开,B,7184.0000,0.0000,0.0000,0.0000,0.0000,7186.0000,0.0000,0.0000,0.0000,0.0000,1249,0,0,0,0,84,0,0,0,0
zc,TA209,2012-06-29 09:03:32.673,7184.0000,460950,-12,0.0000,14.0000,1,13,多平,S,7184.0000,0.0000,0.0000,0.0000,0.0000,7186.0000,0.0000,0.0000,0.0000,0.0000,1243,0,0,0,0,103,0,0,0,0
zc,TA209,2012-06-29 09:03:33.093,7186.0000,460950,0,0.0000,54.0000,27,27,多换,B,7184.0000,0.0000,0.0000,0.0000,0.0000,7186.0000,0.0000,0.0000,0.0000,0.0000,1232,0,0,0,0,92,0,0,0,0
zc,TA209,2012-06-29 09:03:33.877,7186.0000,460938,-12,0.0000,134.0000,61,73,空平,B,7184.0000,0.0000,0.0000,0.0000,0.0000,7186.0000,0.0000,0.0000,0.0000,0.0000,1231,0,0,0,0,226,0,0,0,0
zc,TA209,2012-06-29 09:03:34.377,7186.0000,460934,-4,0.0000,8.0000,2,6,空平,B,7184.0000,0.0000,0.0000,0.0000,0.0000,7186.0000,0.0000,0.0000,0.0000,0.0000,1228,0,0,0,0,251,0,0,0,0
zc,TA209,2012-06-29 09:03:34.860,7184.0000,460968,34,0.0000,220.0000,127,93,空开,S,7184.0000,0.0000,0.0000,0.0000,0.0000,7186.0000,0.0000,0.0000,0.0000,0.0000,1225,0,0,0,0,148,0,0,0,0
zc,TA209,2012-06-29 09:03:35.610,7186.0000,460966,-2,0.0000,22.0000,10,12,空平,B,7184.0000,0.0000,0.0000,0.0000,0.0000,7186.0000,0.0000,0.0000,0.0000,0.0000,1216,0,0,0,0,146,0,0,0,0
zc,TA209,2012-06-29 09:03:36.110,7186.0000,460974,8,0.0000,290.0000,149,141,多开,B,7184.0000,0.0000,0.0000,0.0000,0.0000,7186.0000,0.0000,0.0000,0.0000,0.0000,1214,0,0,0,0,23,0,0,0,0
zc,TA209,2012-06-29 09:03:36.860,7184.0000,460972,-2,0.0000,62.0000,30,32,多平,S,7184.0000,0.0000,0.0000,0.0000,0.0000,7186.0000,0.0000,0.0000,0.0000,0.0000,1184,0,0,0,0,23,0,0,0,0
zc,TA209,2012-06-29 09:03:37.407,7184.0000,460974,2,0.0000,38.0000,20,18,空开,S,7184.0000,0.0000,0.0000,0.0000,0.0000,7186.0000,0.0000,0.0000,0.0000,0.0000,1178,0,0,0,0,7,0,0,0,0
zc,TA209,2012-06-29 09:03:38.110,7186.0000,460990,16,0.0000,28.0000,22,6,多开,B,7186.0000,0.0000,0.0000,0.0000,0.0000,7188.0000,0.0000,0.0000,0.0000,0.0000,37,0,0,0,0,437,0,0,0,0
zc,TA209,2012-06-29 09:03:38.390,7184.0000,460064,-926,0.0000,1004.0000,39,965,多平,S,7184.0000,0.0000,0.0000,0.0000,0.0000,7186.0000,0.0000,0.0000,0.0000,0.0000,715,0,0,0,0,10,0,0,0,0
zc,TA209,2012-06-29 09:03:39.377,7186.0000,460070,6,0.0000,20.0000,13,7,多开,B,7184.0000,0.0000,0.0000,0.0000,0.0000,7186.0000,0.0000,0.0000,0.0000,0.0000,712,0,0,0,0,93,0,0,0,0
zc,TA209,2012-06-29 09:03:39.610,7186.0000,460100,30,0.0000,132.0000,81,51,多开,B,7184.0000,0.0000,0.0000,0.0000,0.0000,7186.0000,0.0000,0.0000,0.0000,0.0000,662,0,0,0,0,441,0,0,0,0
zc,TA209,2012-06-29 09:03:40.423,7184.0000,460062,-38,0.0000,494.0000,228,266,多平,S,7184.0000,0.0000,0.0000,0.0000,0.0000,7186.0000,0.0000,0.0000,0.0000,0.0000,426,0,0,0,0,488,0,0,0,0
zc,TA209,2012-06-29 09:03:41.140,7182.0000,460258,196,0.0000,864.0000,530,334,空开,S,7182.0000,0.0000,0.0000,0.0000,0.0000,7184.0000,0.0000,0.0000,0.0000,0.0000,247,0,0,0,0,429,0,0,0,0
zc,TA209,2012-06-29 09:03:41.640,7182.0000,460282,24,0.0000,132.0000,78,54,空开,S,7182.0000,0.0000,0.0000,0.0000,0.0000,7184.0000,0.0000,0.0000,0.0000,0.0000,183,0,0,0,0,470,0,0,0,0
zc,TA209,2012-06-29 09:03:42.407,7182.0000,460318,36,0.0000,368.0000,202,166,空开,S,7180.0000,0.0000,0.0000,0.0000,0.0000,7182.0000,0.0000,0.0000,0.0000,0.0000,732,0,0,0,0,319,0,0,0,0
zc,TA209,2012-06-29 09:03:43.110,7180.0000,460390,72,0.0000,994.0000,533,461,空开,S,7180.0000,0.0000,0.0000,0.0000,0.0000,7182.0000,0.0000,0.0000,0.0000,0.0000,360,0,0,0,0,208,0,0,0,0
zc,TA209,2012-06-29 09:03:43.627,7180.0000,460312,-78,0.0000,142.0000,32,110,多平,S,7180.0000,0.0000,0.0000,0.0000,0.0000,7182.0000,0.0000,0.0000,0.0000,0.0000,272,0,0,0,0,203,0,0,0,0
zc,TA209,2012-06-29 09:03:44.390,7180.0000,460316,4,0.0000,238.0000,121,117,空开,S,7180.0000,0.0000,0.0000,0.0000,0.0000,7182.0000,0.0000,0.0000,0.0000,0.0000,155,0,0,0,0,82,0,0,0,0
zc,TA209,2012-06-29 09:03:44.877,7182.0000,460352,36,0.0000,96.0000,66,30,多开,B,7180.0000,0.0000,0.0000,0.0000,0.0000,7182.0000,0.0000,0.0000,0.0000,0.0000,157,0,0,0,0,79,0,0,0,0
zc,TA209,2012-06-29 09:03:45.703,7180.0000,460462,110,0.0000,404.0000,257,147,空开,S,7178.0000,0.0000,0.0000,0.0000,0.0000,7180.0000,0.0000,0.0000,0.0000,0.0000,190,0,0,0,0,98,0,0,0,0
zc,TA209,2012-06-29 09:03:46.360,7180.0000,460326,-136,0.0000,330.0000,97,233,多平,S,7178.0000,0.0000,0.0000,0.0000,0.0000,7180.0000,0.0000,0.0000,0.0000,0.0000,172,0,0,0,0,8,0,0,0,0
zc,TA209,2012-06-29 09:03:46.890,7178.0000,460154,-172,0.0000,348.0000,88,260,多平,S,7178.0000,0.0000,0.0000,0.0000,0.0000,7180.0000,0.0000,0.0000,0.0000,0.0000,41,0,0,0,0,32,0,0,0,0
zc,TA209,2012-06-29 09:03:47.673,7178.0000,460140,-14,0.0000,116.0000,51,65,多平,S,7178.0000,0.0000,0.0000,0.0000,0.0000,7180.0000,0.0000,0.0000,0.0000,0.0000,5,0,0,0,0,73,0,0,0,0
zc,TA209,2012-06-29 09:03:48.187,7176.0000,460164,24,0.0000,50.0000,37,13,空开,S,7176.0000,0.0000,0.0000,0.0000,0.0000,7178.0000,0.0000,0.0000,0.0000,0.0000,190,0,0,0,0,267,0,0,0,0
zc,TA209,2012-06-29 09:03:48.877,7178.0000,460182,18,0.0000,40.0000,29,11,多开,B,7176.0000,0.0000,0.0000,0.0000,0.0000,7178.0000,0.0000,0.0000,0.0000,0.0000,179,0,0,0,0,456,0,0,0,0
zc,TA209,2012-06-29 09:03:49.437,7176.0000,460108,-74,0.0000,86.0000,6,80,多平,S,7176.0000,0.0000,0.0000,0.0000,0.0000,7178.0000,0.0000,0.0000,0.0000,0.0000,137,0,0,0,0,459,0,0,0,0
zc,TA209,2012-06-29 09:03:49.890,7176.0000,460144,36,0.0000,242.0000,139,103,空开,S,7176.0000,0.0000,0.0000,0.0000,0.0000,7178.0000,0.0000,0.0000,0.0000,0.0000,16,0,0,0,0,463,0,0,0,0
zc,TA209,2012-06-29 09:03:50.657,7178.0000,460154,10,0.0000,280.0000,145,135,多开,B,7176.0000,0.0000,0.0000,0.0000,0.0000,7178.0000,0.0000,0.0000,0.0000,0.0000,64,0,0,0,0,319,0,0,0,0
zc,TA209,2012-06-29 09:03:51.127,7176.0000,460072,-82,0.0000,138.0000,28,110,多平,S,7176.0000,0.0000,0.0000,0.0000,0.0000,7178.0000,0.0000,0.0000,0.0000,0.0000,1,0,0,0,0,320,0,0,0,0
zc,TA209,2012-06-29 09:03:51.640,7176.0000,460030,-42,0.0000,66.0000,12,54,多平,S,7176.0000,0.0000,0.0000,0.0000,0.0000,7178.0000,0.0000,0.0000,0.0000,0.0000,36,0,0,0,0,314,0,0,0,0
zc,TA209,2012-06-29 09:03:52.640,7176.0000,460016,-14,0.0000,64.0000,25,39,多平,S,7176.0000,0.0000,0.0000,0.0000,0.0000,7178.0000,0.0000,0.0000,0.0000,0.0000,45,0,0,0,0,311,0,0,0,0
zc,TA209,2012-06-29 09:03:53.127,7176.0000,459984,-32,0.0000,192.0000,80,112,多平,S,7176.0000,0.0000,0.0000,0.0000,0.0000,7178.0000,0.0000,0.0000,0.0000,0.0000,130,0,0,0,0,305,0,0,0,0
zc,TA209,2012-06-29 09:03:53.890,7176.0000,459908,-76,0.0000,390.0000,157,233,多平,S,7176.0000,0.0000,0.0000,0.0000,0.0000,7178.0000,0.0000,0.0000,0.0000,0.0000,143,0,0,0,0,139,0,0,0,0
zc,TA209,2012-06-29 09:03:54.377,7178.0000,459954,46,0.0000,114.0000,80,34,多开,B,7176.0000,0.0000,0.0000,0.0000,0.0000,7178.0000,0.0000,0.0000,0.0000,0.0000,109,0,0,0,0,112,0,0,0,0
zc,TA209,2012-06-29 09:03:55.157,7176.0000,459852,-102,0.0000,252.0000,75,177,多平,S,7174.0000,0.0000,0.0000,0.0000,0.0000,7176.0000,0.0000,0.0000,0.0000,0.0000,48,0,0,0,0,84,0,0,0,0
zc,TA209,2012-06-29 09:03:55.877,7176.0000,459832,-20,0.0000,64.0000,22,42,多平,S,7174.0000,0.0000,0.0000,0.0000,0.0000,7176.0000,0.0000,0.0000,0.0000,0.0000,48,0,0,0,0,167,0,0,0,0
zc,TA209,2012-06-29 09:03:56.610,7174.0000,459824,-8,0.0000,62.0000,27,35,多平,S,7174.0000,0.0000,0.0000,0.0000,0.0000,7176.0000,0.0000,0.0000,0.0000,0.0000,36,0,0,0,0,160,0,0,0,0
zc,TA209,2012-06-29 09:03:57.140,7174.0000,459742,-82,0.0000,146.0000,32,114,多平,S,7174.0000,0.0000,0.0000,0.0000,0.0000,7176.0000,0.0000,0.0000,0.0000,0.0000,3,0,0,0,0,152,0,0,0,0
zc,TA209,2012-06-29 09:03:57.890,7174.0000,459718,-24,0.0000,48.0000,12,36,多平,S,7172.0000,0.0000,0.0000,0.0000,0.0000,7174.0000,0.0000,0.0000,0.0000,0.0000,109,0,0,0,0,3,0,0,0,0
zc,TA209,2012-06-29 09:03:58.423,7176.0000,459710,-8,0.0000,122.0000,57,65,空平,B,7172.0000,0.0000,0.0000,0.0000,0.0000,7176.0000,0.0000,0.0000,0.0000,0.0000,107,0,0,0,0,183,0,0,0,0
zc,TA209,2012-06-29 09:03:58.877,7176.0000,459730,20,0.0000,240.0000,130,110,多开,B,7174.0000,0.0000,0.0000,0.0000,0.0000,7176.0000,0.0000,0.0000,0.0000,0.0000,9,0,0,0,0,112,0,0,0,0
zc,TA209,2012-06-29 09:03:59.377,7176.0000,459720,-10,0.0000,38.0000,14,24,空平,B,7174.0000,0.0000,0.0000,0.0000,0.0000,7176.0000,0.0000,0.0000,0.0000,0.0000,13,0,0,0,0,115,0,0,0,0
zc,TA209,2012-06-29 09:04:00.110,7174.0000,459720,0,0.0000,2.0000,1,1,空换,S,7174.0000,0.0000,0.0000,0.0000,0.0000,7176.0000,0.0000,0.0000,0.0000,0.0000,23,0,0,0,0,117,0,0,0,0
zc,TA209,2012-06-29 09:04:00.640,7174.0000,459688,-32,0.0000,126.0000,47,79,多平,S,7172.0000,0.0000,0.0000,0.0000,0.0000,7176.0000,0.0000,0.0000,0.0000,0.0000,100,0,0,0,0,120,0,0,0,0
zc,TA209,2012-06-29 09:04:01.390,7174.0000,459680,-8,0.0000,16.0000,4,12,多平,S,7172.0000,0.0000,0.0000,0.0000,0.0000,7174.0000,0.0000,0.0000,0.0000,0.0000,143,0,0,0,0,18,0,0,0,0
zc,TA209,2012-06-29 09:04:02.127,7174.0000,459672,-8,0.0000,30.0000,11,19,多平,S,7172.0000,0.0000,0.0000,0.0000,0.0000,7174.0000,0.0000,0.0000,0.0000,0.0000,179,0,0,0,0,20,0,0,0,0
zc,TA209,2012-06-29 09:04:02.627,7174.0000,459658,-14,0.0000,90.0000,38,52,多平,S,7174.0000,0.0000,0.0000,0.0000,0.0000,7176.0000,0.0000,0.0000,0.0000,0.0000,29,0,0,0,0,228,0,0,0,0
zc,TA209,2012-06-29 09:04:03.390,7174.0000,459584,-74,0.0000,348.0000,137,211,多平,S,7174.0000,0.0000,0.0000,0.0000,0.0000,7176.0000,0.0000,0.0000,0.0000,0.0000,36,0,0,0,0,125,0,0,0,0
zc,TA209,2012-06-29 09:04:03.860,7176.0000,459576,-8,0.0000,188.0000,90,98,空平,B,7174.0000,0.0000,0.0000,0.0000,0.0000,7176.0000,0.0000,0.0000,0.0000,0.0000,34,0,0,0,0,108,0,0,0,0
zc,TA209,2012-06-29 09:04:04.610,7174.0000,459570,-6,0.0000,34.0000,14,20,多平,S,7174.0000,0.0000,0.0000,0.0000,0.0000,7176.0000,0.0000,0.0000,0.0000,0.0000,180,0,0,0,0,103,0,0,0,0
zc,TA209,2012-06-29 09:04:05.127,7176.0000,459530,-40,0.0000,90.0000,25,65,空平,B,7174.0000,0.0000,0.0000,0.0000,0.0000,7176.0000,0.0000,0.0000,0.0000,0.0000,180,0,0,0,0,61,0,0,0,0
zc,TA209,2012-06-29 09:04:05.877,7174.0000,459598,68,0.0000,150.0000,109,41,空开,S,7174.0000,0.0000,0.0000,0.0000,0.0000,7176.0000,0.0000,0.0000,0.0000,0.0000,130,0,0,0,0,51,0,0,0,0
zc,TA209,2012-06-29 09:04:06.110,7176.0000,459604,6,0.0000,142.0000,74,68,多开,B,7174.0000,0.0000,0.0000,0.0000,0.0000,7176.0000,0.0000,0.0000,0.0000,0.0000,158,0,0,0,0,35,0,0,0,0
zc,TA209,2012-06-29 09:04:06.860,7176.0000,459594,-10,0.0000,80.0000,35,45,空平,B,7174.0000,0.0000,0.0000,0.0000,0.0000,7176.0000,0.0000,0.0000,0.0000,0.0000,157,0,0,0,0,30,0,0,0,0
zc,TA209,2012-06-29 09:04:07.390,7176.0000,459608,14,0.0000,38.0000,26,12,多开,B,7174.0000,0.0000,0.0000,0.0000,0.0000,7176.0000,0.0000,0.0000,0.0000,0.0000,154,0,0,0,0,17,0,0,0,0
zc,TA209,2012-06-29 09:04:08.127,7176.0000,459694,86,0.0000,168.0000,127,41,多开,B,7174.0000,0.0000,0.0000,0.0000,0.0000,7176.0000,0.0000,0.0000,0.0000,0.0000,93,0,0,0,0,85,0,0,0,0
zc,TA209,2012-06-29 09:04:08.640,7176.0000,459740,46,0.0000,206.0000,126,80,多开,B,7174.0000,0.0000,0.0000,0.0000,0.0000,7176.0000,0.0000,0.0000,0.0000,0.0000,92,0,0,0,0,73,0,0,0,0
zc,TA209,2012-06-29 09:04:09.673,7176.0000,459730,-10,0.0000,202.0000,96,106,空平,B,7174.0000,0.0000,0.0000,0.0000,0.0000,7176.0000,0.0000,0.0000,0.0000,0.0000,41,0,0,0,0,77,0,0,0,0
zc,TA209,2012-06-29 09:04:09.843,7176.0000,459722,-8,0.0000,60.0000,26,34,空平,B,7174.0000,0.0000,0.0000,0.0000,0.0000,7176.0000,0.0000,0.0000,0.0000,0.0000,30,0,0,0,0,65,0,0,0,0
zc,TA209,2012-06-29 09:04:10.890,7176.0000,459724,2,0.0000,36.0000,19,17,多开,B,7174.0000,0.0000,0.0000,0.0000,0.0000,7176.0000,0.0000,0.0000,0.0000,0.0000,26,0,0,0,0,105,0,0,0,0
zc,TA209,2012-06-29 09:04:11.423,7172.0000,459696,-28,0.0000,66.0000,19,47,多平,S,7172.0000,0.0000,0.0000,0.0000,0.0000,7174.0000,0.0000,0.0000,0.0000,0.0000,648,0,0,0,0,18,0,0,0,0
zc,TA209,2012-06-29 09:04:12.110,7174.0000,459670,-26,0.0000,98.0000,36,62,空平,B,7172.0000,0.0000,0.0000,0.0000,0.0000,7174.0000,0.0000,0.0000,0.0000,0.0000,663,0,0,0,0,37,0,0,0,0
zc,TA209,2012-06-29 09:04:12.627,7174.0000,459690,20,0.0000,22.0000,21,1,多开,B,7172.0000,0.0000,0.0000,0.0000,0.0000,7174.0000,0.0000,0.0000,0.0000,0.0000,671,0,0,0,0,32,0,0,0,0
zc,TA209,2012-06-29 09:04:13.390,7176.0000,459732,42,0.0000,76.0000,59,17,多开,B,7174.0000,0.0000,0.0000,0.0000,0.0000,7176.0000,0.0000,0.0000,0.0000,0.0000,73,0,0,0,0,94,0,0,0,0
zc,TA209,2012-06-29 09:04:13.877,7176.0000,459692,-40,0.0000,86.0000,23,63,空平,B,7174.0000,0.0000,0.0000,0.0000,0.0000,7176.0000,0.0000,0.0000,0.0000,0.0000,228,0,0,0,0,102,0,0,0,0
zc,TA209,2012-06-29 09:04:14.673,7174.0000,459666,-26,0.0000,54.0000,14,40,多平,S,7174.0000,0.0000,0.0000,0.0000,0.0000,7176.0000,0.0000,0.0000,0.0000,0.0000,241,0,0,0,0,103,0,0,0,0
zc,TA209,2012-06-29 09:04:15.127,7176.0000,459752,86,0.0000,260.0000,173,87,多开,B,7176.0000,0.0000,0.0000,0.0000,0.0000,7178.0000,0.0000,0.0000,0.0000,0.0000,9,0,0,0,0,82,0,0,0,0
zc,TA209,2012-06-29 09:04:15.877,7176.0000,459776,24,0.0000,28.0000,26,2,多开,B,7174.0000,0.0000,0.0000,0.0000,0.0000,7176.0000,0.0000,0.0000,0.0000,0.0000,225,0,0,0,0,69,0,0,0,0
zc,TA209,2012-06-29 09:04:16.390,7174.0000,459814,38,0.0000,60.0000,49,11,空开,S,7174.0000,0.0000,0.0000,0.0000,0.0000,7176.0000,0.0000,0.0000,0.0000,0.0000,200,0,0,0,0,64,0,0,0,0
zc,TA209,2012-06-29 09:04:17.127,7174.0000,459826,12,0.0000,12.0000,12,0,双开,S,7174.0000,0.0000,0.0000,0.0000,0.0000,7176.0000,0.0000,0.0000,0.0000,0.0000,196,0,0,0,0,60,0,0,0,0
zc,TA209,2012-06-29 09:04:17.860,7174.0000,459852,26,0.0000,48.0000,37,11,空开,S,7174.0000,0.0000,0.0000,0.0000,0.0000,7176.0000,0.0000,0.0000,0.0000,0.0000,196,0,0,0,0,45,0,0,0,0
zc,TA209,2012-06-29 09:04:18.110,7176.0000,459834,-18,0.0000,22.0000,2,20,空平,B,7174.0000,0.0000,0.0000,0.0000,0.0000,7176.0000,0.0000,0.0000,0.0000,0.0000,196,0,0,0,0,35,0,0,0,0
zc,TA209,2012-06-29 09:04:18.877,7176.0000,459808,-26,0.0000,34.0000,4,30,空平,B,7174.0000,0.0000,0.0000,0.0000,0.0000,7176.0000,0.0000,0.0000,0.0000,0.0000,206,0,0,0,0,33,0,0,0,0
zc,TA209,2012-06-29 09:04:19.343,7176.0000,459824,16,0.0000,78.0000,47,31,多开,B,7176.0000,0.0000,0.0000,0.0000,0.0000,7178.0000,0.0000,0.0000,0.0000,0.0000,10,0,0,0,0,100,0,0,0,0
zc,TA209,2012-06-29 09:04:20.140,7176.0000,459830,6,0.0000,8.0000,7,1,多开,B,7176.0000,0.0000,0.0000,0.0000,0.0000,7178.0000,0.0000,0.0000,0.0000,0.0000,221,0,0,0,0,98,0,0,0,0
zc,TA209,2012-06-29 09:04:20.610,7176.0000,460524,694,0.0000,1004.0000,849,155,多开,B,7176.0000,0.0000,0.0000,0.0000,0.0000,7178.0000,0.0000,0.0000,0.0000,0.0000,2,0,0,0,0,147,0,0,0,0
zc,TA209,2012-06-29 09:04:21.093,7176.0000,460524,0,0.0000,0.0000,0,0,多换,B,7176.0000,0.0000,0.0000,0.0000,0.0000,7178.0000,0.0000,0.0000,0.0000,0.0000,2,0,0,0,0,148,0,0,0,0
zc,TA209,2012-06-29 09:04:21.360,7176.0000,460524,0,0.0000,6.0000,3,3,多换,B,7174.0000,0.0000,0.0000,0.0000,0.0000,7178.0000,0.0000,0.0000,0.0000,0.0000,5,0,0,0,0,152,0,0,0,0
zc,TA209,2012-06-29 09:04:21.890,7174.0000,460538,14,0.0000,70.0000,42,28,空开,S,7172.0000,0.0000,0.0000,0.0000,0.0000,7174.0000,0.0000,0.0000,0.0000,0.0000,746,0,0,0,0,22,0,0,0,0
zc,TA209,2012-06-29 09:04:22.627,7178.0000,460564,26,0.0000,204.0000,115,89,多开,B,7174.0000,0.0000,0.0000,0.0000,0.0000,7176.0000,0.0000,0.0000,0.0000,0.0000,4,0,0,0,0,1,0,0,0,0
zc,TA209,2012-06-29 09:04:23.173,7176.0000,460562,-2,0.0000,50.0000,24,26,多平,S,7176.0000,0.0000,0.0000,0.0000,0.0000,7178.0000,0.0000,0.0000,0.0000,0.0000,64,0,0,0,0,170,0,0,0,0
zc,TA209,2012-06-29 09:04:23.657,7176.0000,460528,-34,0.0000,68.0000,17,51,多平,S,7176.0000,0.0000,0.0000,0.0000,0.0000,7178.0000,0.0000,0.0000,0.0000,0.0000,56,0,0,0,0,202,0,0,0,0
zc,TA209,2012-06-29 09:04:24.377,7176.0000,460512,-16,0.0000,30.0000,7,23,多平,S,7176.0000,0.0000,0.0000,0.0000,0.0000,7178.0000,0.0000,0.0000,0.0000,0.0000,61,0,0,0,0,200,0,0,0,0
zc,TA209,2012-06-29 09:04:24.860,7176.0000,460512,0,0.0000,32.0000,16,16,空换,S,7176.0000,0.0000,0.0000,0.0000,0.0000,7178.0000,0.0000,0.0000,0.0000,0.0000,112,0,0,0,0,201,0,0,0,0
zc,TA209,2012-06-29 09:04:25.640,7178.0000,460642,130,0.0000,424.0000,277,147,多开,B,7178.0000,0.0000,0.0000,0.0000,0.0000,7180.0000,0.0000,0.0000,0.0000,0.0000,133,0,0,0,0,125,0,0,0,0
zc,TA209,2012-06-29 09:04:26.140,7178.0000,460662,20,0.0000,22.0000,21,1,多开,B,7178.0000,0.0000,0.0000,0.0000,0.0000,7180.0000,0.0000,0.0000,0.0000,0.0000,139,0,0,0,0,125,0,0,0,0
zc,TA209,2012-06-29 09:04:26.877,7178.0000,460670,8,0.0000,14.0000,11,3,多开,B,7178.0000,0.0000,0.0000,0.0000,0.0000,7180.0000,0.0000,0.0000,0.0000,0.0000,132,0,0,0,0,172,0,0,0,0
zc,TA209,2012-06-29 09:04:27.390,7178.0000,460678,8,0.0000,46.0000,27,19,多开,B,7178.0000,0.0000,0.0000,0.0000,0.0000,7180.0000,0.0000,0.0000,0.0000,0.0000,128,0,0,0,0,170,0,0,0,0
zc,TA209,2012-06-29 09:04:28.140,7176.0000,460928,250,0.0000,274.0000,262,12,空开,S,7176.0000,0.0000,0.0000,0.0000,0.0000,7178.0000,0.0000,0.0000,0.0000,0.0000,522,0,0,0,0,21,0,0,0,0
zc,TA209,2012-06-29 09:04:28.627,7176.0000,460932,4,0.0000,154.0000,79,75,空开,S,7176.0000,0.0000,0.0000,0.0000,0.0000,7178.0000,0.0000,0.0000,0.0000,0.0000,539,0,0,0,0,13,0,0,0,0
zc,TA209,2012-06-29 09:04:29.127,7178.0000,460936,4,0.0000,14.0000,9,5,多开,B,7176.0000,0.0000,0.0000,0.0000,0.0000,7178.0000,0.0000,0.0000,0.0000,0.0000,542,0,0,0,0,6,0,0,0,0
zc,TA209,2012-06-29 09:04:29.877,7178.0000,460940,4,0.0000,16.0000,10,6,多开,B,7176.0000,0.0000,0.0000,0.0000,0.0000,7178.0000,0.0000,0.0000,0.0000,0.0000,541,0,0,0,0,14,0,0,0,0
zc,TA209,2012-06-29 09:04:30.377,7176.0000,460916,-24,0.0000,32.0000,4,28,多平,S,7176.0000,0.0000,0.0000,0.0000,0.0000,7178.0000,0.0000,0.0000,0.0000,0.0000,527,0,0,0,0,20,0,0,0,0
zc,TA209,2012-06-29 09:04:31.127,7176.0000,460928,12,0.0000,26.0000,19,7,空开,S,7176.0000,0.0000,0.0000,0.0000,0.0000,7178.0000,0.0000,0.0000,0.0000,0.0000,523,0,0,0,0,47,0,0,0,0
zc,TA209,2012-06-29 09:04:31.610,7178.0000,460948,20,0.0000,34.0000,27,7,多开,B,7176.0000,0.0000,0.0000,0.0000,0.0000,7178.0000,0.0000,0.0000,0.0000,0.0000,522,0,0,0,0,40,0,0,0,0
zc,TA209,2012-06-29 09:04:32.360,7176.0000,460978,30,0.0000,356.0000,193,163,空开,S,7176.0000,0.0000,0.0000,0.0000,0.0000,7178.0000,0.0000,0.0000,0.0000,0.0000,379,0,0,0,0,60,0,0,0,0
zc,TA209,2012-06-29 09:04:32.890,7178.0000,460986,8,0.0000,22.0000,15,7,多开,B,7176.0000,0.0000,0.0000,0.0000,0.0000,7178.0000,0.0000,0.0000,0.0000,0.0000,374,0,0,0,0,53,0,0,0,0
zc,TA209,2012-06-29 09:04:33.610,7176.0000,460998,12,0.0000,60.0000,36,24,空开,S,7176.0000,0.0000,0.0000,0.0000,0.0000,7178.0000,0.0000,0.0000,0.0000,0.0000,358,0,0,0,0,92,0,0,0,0
zc,TA209,2012-06-29 09:04:33.877,7176.0000,460992,-6,0.0000,334.0000,164,170,多平,S,7176.0000,0.0000,0.0000,0.0000,0.0000,7178.0000,0.0000,0.0000,0.0000,0.0000,201,0,0,0,0,132,0,0,0,0
zc,TA209,2012-06-29 09:04:34.610,7178.0000,460964,-28,0.0000,28.0000,0,28,双平,B,7176.0000,0.0000,0.0000,0.0000,0.0000,7178.0000,0.0000,0.0000,0.0000,0.0000,201,0,0,0,0,122,0,0,0,0
zc,TA209,2012-06-29 09:04:35.390,7176.0000,460574,-390,0.0000,410.0000,10,400,多平,S,7174.0000,0.0000,0.0000,0.0000,0.0000,7176.0000,0.0000,0.0000,0.0000,0.0000,137,0,0,0,0,62,0,0,0,0
zc,TA209,2012-06-29 09:04:35.877,7176.0000,460586,12,0.0000,44.0000,28,16,空开,S,7174.0000,0.0000,0.0000,0.0000,0.0000,7176.0000,0.0000,0.0000,0.0000,0.0000,123,0,0,0,0,48,0,0,0,0
zc,TA209,2012-06-29 09:04:36.627,7176.0000,460586,0,0.0000,24.0000,12,12,空换,S,7174.0000,0.0000,0.0000,0.0000,0.0000,7176.0000,0.0000,0.0000,0.0000,0.0000,119,0,0,0,0,54,0,0,0,0
zc,TA209,2012-06-29 09:04:37.157,7176.0000,460588,2,0.0000,24.0000,13,11,空开,S,7174.0000,0.0000,0.0000,0.0000,0.0000,7176.0000,0.0000,0.0000,0.0000,0.0000,114,0,0,0,0,47,0,0,0,0
zc,TA209,2012-06-29 09:04:37.627,7176.0000,460584,-4,0.0000,44.0000,20,24,多平,S,7174.0000,0.0000,0.0000,0.0000,0.0000,7176.0000,0.0000,0.0000,0.0000,0.0000,114,0,0,0,0,28,0,0,0,0
zc,TA209,2012-06-29 09:04:38.110,7176.0000,460540,-44,0.0000,200.0000,78,122,多平,S,7174.0000,0.0000,0.0000,0.0000,0.0000,7176.0000,0.0000,0.0000,0.0000,0.0000,113,0,0,0,0,24,0,0,0,0
zc,TA209,2012-06-29 09:04:38.860,7176.0000,460578,38,0.0000,38.0000,38,0,双开,S,7174.0000,0.0000,0.0000,0.0000,0.0000,7176.0000,0.0000,0.0000,0.0000,0.0000,113,0,0,0,0,10,0,0,0,0
zc,TA209,2012-06-29 09:04:39.343,7176.0000,460582,4,0.0000,6.0000,5,1,空开,S,7174.0000,0.0000,0.0000,0.0000,0.0000,7176.0000,0.0000,0.0000,0.0000,0.0000,115,0,0,0,0,10,0,0,0,0
zc,TA209,2012-06-29 09:04:40.157,7174.0000,460566,-16,0.0000,46.0000,15,31,多平,S,7174.0000,0.0000,0.0000,0.0000,0.0000,7176.0000,0.0000,0.0000,0.0000,0.0000,103,0,0,0,0,5,0,0,0,0
zc,TA209,2012-06-29 09:04:40.627,7174.0000,460566,0,0.0000,8.0000,4,4,空换,S,7174.0000,0.0000,0.0000,0.0000,0.0000,7176.0000,0.0000,0.0000,0.0000,0.0000,102,0,0,0,0,11,0,0,0,0
zc,TA209,2012-06-29 09:04:41.127,7176.0000,460580,14,0.0000,28.0000,21,7,多开,B,7174.0000,0.0000,0.0000,0.0000,0.0000,7176.0000,0.0000,0.0000,0.0000,0.0000,99,0,0,0,0,19,0,0,0,0
zc,TA209,2012-06-29 09:04:41.860,7176.0000,460618,38,0.0000,102.0000,70,32,多开,B,7174.0000,0.0000,0.0000,0.0000,0.0000,7176.0000,0.0000,0.0000,0.0000,0.0000,105,0,0,0,0,22,0,0,0,0
zc,TA209,2012-06-29 09:04:42.423,7174.0000,460474,-144,0.0000,236.0000,46,190,多平,S,7172.0000,0.0000,0.0000,0.0000,0.0000,7174.0000,0.0000,0.0000,0.0000,0.0000,694,0,0,0,0,182,0,0,0,0
zc,TA209,2012-06-29 09:04:43.127,7174.0000,460450,-24,0.0000,112.0000,44,68,多平,S,7172.0000,0.0000,0.0000,0.0000,0.0000,7174.0000,0.0000,0.0000,0.0000,0.0000,691,0,0,0,0,129,0,0,0,0
zc,TA209,2012-06-29 09:04:43.377,7172.0000,461286,836,0.0000,1184.0000,1010,174,空开,S,7172.0000,0.0000,0.0000,0.0000,0.0000,7174.0000,0.0000,0.0000,0.0000,0.0000,191,0,0,0,0,57,0,0,0,0
zc,TA209,2012-06-29 09:04:44.093,7174.0000,461280,-6,0.0000,6.0000,0,6,双平,B,7172.0000,0.0000,0.0000,0.0000,0.0000,7174.0000,0.0000,0.0000,0.0000,0.0000,203,0,0,0,0,85,0,0,0,0
zc,TA209,2012-06-29 09:04:44.610,7174.0000,461270,-10,0.0000,70.0000,30,40,空平,B,7172.0000,0.0000,0.0000,0.0000,0.0000,7174.0000,0.0000,0.0000,0.0000,0.0000,223,0,0,0,0,60,0,0,0,0
zc,TA209,2012-06-29 09:04:45.127,7172.0000,461320,50,0.0000,152.0000,101,51,空开,S,7172.0000,0.0000,0.0000,0.0000,0.0000,7174.0000,0.0000,0.0000,0.0000,0.0000,202,0,0,0,0,39,0,0,0,0
zc,TA209,2012-06-29 09:04:45.843,7172.0000,461422,102,0.0000,202.0000,152,50,空开,S,7172.0000,0.0000,0.0000,0.0000,0.0000,7174.0000,0.0000,0.0000,0.0000,0.0000,125,0,0,0,0,86,0,0,0,0
zc,TA209,2012-06-29 09:04:46.360,7172.0000,461430,8,0.0000,24.0000,16,8,空开,S,7172.0000,0.0000,0.0000,0.0000,0.0000,7174.0000,0.0000,0.0000,0.0000,0.0000,126,0,0,0,0,71,0,0,0,0
zc,TA209,2012-06-29 09:04:47.127,7174.0000,461440,10,0.0000,42.0000,26,16,多开,B,7172.0000,0.0000,0.0000,0.0000,0.0000,7174.0000,0.0000,0.0000,0.0000,0.0000,130,0,0,0,0,66,0,0,0,0
zc,TA209,2012-06-29 09:04:47.640,7174.0000,461444,4,0.0000,10.0000,7,3,多开,B,7172.0000,0.0000,0.0000,0.0000,0.0000,7174.0000,0.0000,0.0000,0.0000,0.0000,151,0,0,0,0,66,0,0,0,0
zc,TA209,2012-06-29 09:04:48.140,7172.0000,461438,-6,0.0000,20.0000,7,13,多平,S,7172.0000,0.0000,0.0000,0.0000,0.0000,7174.0000,0.0000,0.0000,0.0000,0.0000,172,0,0,0,0,66,0,0,0,0
zc,TA209,2012-06-29 09:04:48.657,7172.0000,461438,0,0.0000,46.0000,23,23,空换,S,7172.0000,0.0000,0.0000,0.0000,0.0000,7174.0000,0.0000,0.0000,0.0000,0.0000,145,0,0,0,0,58,0,0,0,0
zc,TA209,2012-06-29 09:04:49.343,7172.0000,461440,2,0.0000,6.0000,4,2,空开,S,7172.0000,0.0000,0.0000,0.0000,0.0000,7174.0000,0.0000,0.0000,0.0000,0.0000,142,0,0,0,0,77,0,0,0,0
zc,TA209,2012-06-29 09:04:49.640,7172.0000,461450,10,0.0000,108.0000,59,49,空开,S,7172.0000,0.0000,0.0000,0.0000,0.0000,7174.0000,0.0000,0.0000,0.0000,0.0000,118,0,0,0,0,24,0,0,0,0
zc,TA209,2012-06-29 09:04:50.390,7174.0000,461468,18,0.0000,68.0000,43,25,多开,B,7174.0000,0.0000,0.0000,0.0000,0.0000,7176.0000,0.0000,0.0000,0.0000,0.0000,7,0,0,0,0,33,0,0,0,0
zc,TA209,2012-06-29 09:04:51.127,7172.0000,461474,6,0.0000,42.0000,24,18,空开,S,7172.0000,0.0000,0.0000,0.0000,0.0000,7174.0000,0.0000,0.0000,0.0000,0.0000,111,0,0,0,0,5,0,0,0,0
zc,TA209,2012-06-29 09:04:51.343,7172.0000,461464,-10,0.0000,110.0000,50,60,多平,S,7174.0000,0.0000,0.0000,0.0000,0.0000,7176.0000,0.0000,0.0000,0.0000,0.0000,10,0,0,0,0,13,0,0,0,0
zc,TA209,2012-06-29 09:04:52.080,7176.0000,461474,10,0.0000,34.0000,22,12,多开,B,7174.0000,0.0000,0.0000,0.0000,0.0000,7176.0000,0.0000,0.0000,0.0000,0.0000,227,0,0,0,0,7,0,0,0,0
zc,TA209,2012-06-29 09:04:52.610,7174.0000,461478,4,0.0000,16.0000,10,6,空开,S,7174.0000,0.0000,0.0000,0.0000,0.0000,7176.0000,0.0000,0.0000,0.0000,0.0000,249,0,0,0,0,5,0,0,0,0
zc,TA209,2012-06-29 09:04:53.343,7174.0000,461480,2,0.0000,8.0000,5,3,空开,S,7174.0000,0.0000,0.0000,0.0000,0.0000,7176.0000,0.0000,0.0000,0.0000,0.0000,278,0,0,0,0,4,0,0,0,0
zc,TA209,2012-06-29 09:04:53.610,7176.0000,461478,-2,0.0000,70.0000,34,36,空平,B,7176.0000,0.0000,0.0000,0.0000,0.0000,7178.0000,0.0000,0.0000,0.0000,0.0000,46,0,0,0,0,218,0,0,0,0
zc,TA209,2012-06-29 09:04:54.330,7176.0000,461486,8,0.0000,40.0000,24,16,多开,B,7176.0000,0.0000,0.0000,0.0000,0.0000,7178.0000,0.0000,0.0000,0.0000,0.0000,121,0,0,0,0,213,0,0,0,0
zc,TA209,2012-06-29 09:04:54.877,7176.0000,461484,-2,0.0000,6.0000,2,4,空平,B,7176.0000,0.0000,0.0000,0.0000,0.0000,7178.0000,0.0000,0.0000,0.0000,0.0000,123,0,0,0,0,214,0,0,0,0
zc,TA209,2012-06-29 09:04:55.593,7176.0000,461480,-4,0.0000,8.0000,2,6,空平,B,7176.0000,0.0000,0.0000,0.0000,0.0000,7178.0000,0.0000,0.0000,0.0000,0.0000,178,0,0,0,0,209,0,0,0,0
zc,TA209,2012-06-29 09:04:56.390,7176.0000,461398,-82,0.0000,214.0000,66,148,空平,B,7176.0000,0.0000,0.0000,0.0000,0.0000,7178.0000,0.0000,0.0000,0.0000,0.0000,140,0,0,0,0,205,0,0,0,0
zc,TA209,2012-06-29 09:04:56.610,7178.0000,461404,6,0.0000,18.0000,12,6,多开,B,7176.0000,0.0000,0.0000,0.0000,0.0000,7178.0000,0.0000,0.0000,0.0000,0.0000,140,0,0,0,0,213,0,0,0,0
zc,TA209,2012-06-29 09:04:57.377,7176.0000,461404,0,0.0000,4.0000,2,2,空换,S,7176.0000,0.0000,0.0000,0.0000,0.0000,7178.0000,0.0000,0.0000,0.0000,0.0000,138,0,0,0,0,213,0,0,0,0
zc,TA209,2012-06-29 09:04:57.843,7178.0000,461440,36,0.0000,40.0000,38,2,多开,B,7176.0000,0.0000,0.0000,0.0000,0.0000,7178.0000,0.0000,0.0000,0.0000,0.0000,137,0,0,0,0,216,0,0,0,0
zc,TA209,2012-06-29 09:04:58.593,7178.0000,461440,0,0.0000,2.0000,1,1,多换,B,7176.0000,0.0000,0.0000,0.0000,0.0000,7178.0000,0.0000,0.0000,0.0000,0.0000,137,0,0,0,0,213,0,0,0,0
zc,TA209,2012-06-29 09:04:58.860,7178.0000,461432,-8,0.0000,10.0000,1,9,空平,B,7176.0000,0.0000,0.0000,0.0000,0.0000,7178.0000,0.0000,0.0000,0.0000,0.0000,137,0,0,0,0,208,0,0,0,0
zc,TA209,2012-06-29 09:04:59.627,7176.0000,461462,30,0.0000,94.0000,62,32,空开,S,7176.0000,0.0000,0.0000,0.0000,0.0000,7178.0000,0.0000,0.0000,0.0000,0.0000,94,0,0,0,0,204,0,0,0,0
zc,TA209,2012-06-29 09:05:00.127,7178.0000,461470,8,0.0000,14.0000,11,3,多开,B,7176.0000,0.0000,0.0000,0.0000,0.0000,7178.0000,0.0000,0.0000,0.0000,0.0000,93,0,0,0,0,202,0,0,0,0
zc,TA209,2012-06-29 09:05:00.877,7176.0000,461490,20,0.0000,28.0000,24,4,空开,S,7176.0000,0.0000,0.0000,0.0000,0.0000,7178.0000,0.0000,0.0000,0.0000,0.0000,88,0,0,0,0,203,0,0,0,0
zc,TA209,2012-06-29 09:05:01.610,7176.0000,461510,20,0.0000,20.0000,20,0,双开,S,7176.0000,0.0000,0.0000,0.0000,0.0000,7178.0000,0.0000,0.0000,0.0000,0.0000,83,0,0,0,0,204,0,0,0,0
zc,TA209,2012-06-29 09:05:02.127,7178.0000,461510,0,0.0000,20.0000,10,10,多换,B,7176.0000,0.0000,0.0000,0.0000,0.0000,7178.0000,0.0000,0.0000,0.0000,0.0000,88,0,0,0,0,231,0,0,0,0
zc,TA209,2012-06-29 09:05:02.877,7178.0000,461552,42,0.0000,50.0000,46,4,多开,B,7176.0000,0.0000,0.0000,0.0000,0.0000,7178.0000,0.0000,0.0000,0.0000,0.0000,82,0,0,0,0,229,0,0,0,0
zc,TA209,2012-06-29 09:05:03.390,7178.0000,461558,6,0.0000,18.0000,12,6,多开,B,7176.0000,0.0000,0.0000,0.0000,0.0000,7178.0000,0.0000,0.0000,0.0000,0.0000,82,0,0,0,0,224,0,0,0,0
zc,TA209,2012-06-29 09:05:04.110,7176.0000,461620,62,0.0000,200.0000,131,69,空开,S,7174.0000,0.0000,0.0000,0.0000,0.0000,7176.0000,0.0000,0.0000,0.0000,0.0000,193,0,0,0,0,3,0,0,0,0
zc,TA209,2012-06-29 09:05:04.657,7176.0000,461620,0,0.0000,14.0000,7,7,空换,S,7174.0000,0.0000,0.0000,0.0000,0.0000,7176.0000,0.0000,0.0000,0.0000,0.0000,192,0,0,0,0,1,0,0,0,0
zc,TA209,2012-06-29 09:05:05.360,7176.0000,461620,0,0.0000,2.0000,1,1,空换,S,7174.0000,0.0000,0.0000,0.0000,0.0000,7176.0000,0.0000,0.0000,0.0000,0.0000,188,0,0,0,0,4,0,0,0,0
zc,TA209,2012-06-29 09:05:05.640,7176.0000,461636,16,0.0000,20.0000,18,2,空开,S,7176.0000,0.0000,0.0000,0.0000,0.0000,7178.0000,0.0000,0.0000,0.0000,0.0000,8,0,0,0,0,214,0,0,0,0
zc,TA209,2012-06-29 09:05:06.407,7176.0000,461644,8,0.0000,10.0000,9,1,空开,S,7176.0000,0.0000,0.0000,0.0000,0.0000,7178.0000,0.0000,0.0000,0.0000,0.0000,5,0,0,0,0,213,0,0,0,0
zc,TA209,2012-06-29 09:05:06.860,7176.0000,461640,-4,0.0000,32.0000,14,18,多平,S,7176.0000,0.0000,0.0000,0.0000,0.0000,7178.0000,0.0000,0.0000,0.0000,0.0000,1,0,0,0,0,207,0,0,0,0
zc,TA209,2012-06-29 09:05:07.593,7178.0000,461696,56,0.0000,56.0000,56,0,双开,B,7176.0000,0.0000,0.0000,0.0000,0.0000,7178.0000,0.0000,0.0000,0.0000,0.0000,5,0,0,0,0,194,0,0,0,0
zc,TA209,2012-06-29 09:05:08.110,7178.0000,461694,-2,0.0000,6.0000,2,4,空平,B,7176.0000,0.0000,0.0000,0.0000,0.0000,7178.0000,0.0000,0.0000,0.0000,0.0000,3,0,0,0,0,195,0,0,0,0
zc,TA209,2012-06-29 09:05:08.627,7176.0000,461710,16,0.0000,84.0000,50,34,空开,S,7174.0000,0.0000,0.0000,0.0000,0.0000,7178.0000,0.0000,0.0000,0.0000,0.0000,159,0,0,0,0,185,0,0,0,0
zc,TA209,2012-06-29 09:05:09.377,7176.0000,461730,20,0.0000,24.0000,22,2,空开,S,7174.0000,0.0000,0.0000,0.0000,0.0000,7176.0000,0.0000,0.0000,0.0000,0.0000,158,0,0,0,0,98,0,0,0,0
zc,TA209,2012-06-29 09:05:09.860,7176.0000,461742,12,0.0000,12.0000,12,0,双开,S,7174.0000,0.0000,0.0000,0.0000,0.0000,7176.0000,0.0000,0.0000,0.0000,0.0000,155,0,0,0,0,92,0,0,0,0
zc,TA209,2012-06-29 09:05:10.627,7176.0000,461902,160,0.0000,162.0000,161,1,空开,S,7174.0000,0.0000,0.0000,0.0000,0.0000,7176.0000,0.0000,0.0000,0.0000,0.0000,160,0,0,0,0,18,0,0,0,0
zc,TA209,2012-06-29 09:05:11.127,7176.0000,461910,8,0.0000,12.0000,10,2,空开,S,7174.0000,0.0000,0.0000,0.0000,0.0000,7176.0000,0.0000,0.0000,0.0000,0.0000,159,0,0,0,0,15,0,0,0,0
zc,TA209,2012-06-29 09:05:11.877,7176.0000,461896,-14,0.0000,30.0000,8,22,多平,S,7176.0000,0.0000,0.0000,0.0000,0.0000,7178.0000,0.0000,0.0000,0.0000,0.0000,1,0,0,0,0,202,0,0,0,0
zc,TA209,2012-06-29 09:05:12.360,7178.0000,461900,4,0.0000,24.0000,14,10,多开,B,7176.0000,0.0000,0.0000,0.0000,0.0000,7178.0000,0.0000,0.0000,0.0000,0.0000,12,0,0,0,0,190,0,0,0,0
zc,TA209,2012-06-29 09:05:12.860,7178.0000,461900,0,0.0000,0.0000,0,0,多换,B,7176.0000,0.0000,0.0000,0.0000,0.0000,7178.0000,0.0000,0.0000,0.0000,0.0000,36,0,0,0,0,190,0,0,0,0
zc,TA209,2012-06-29 09:05:13.330,7178.0000,461902,2,0.0000,76.0000,39,37,多开,B,7176.0000,0.0000,0.0000,0.0000,0.0000,7178.0000,0.0000,0.0000,0.0000,0.0000,119,0,0,0,0,179,0,0,0,0
zc,TA209,2012-06-29 09:05:14.127,7176.0000,461922,20,0.0000,20.0000,20,0,双开,S,7176.0000,0.0000,0.0000,0.0000,0.0000,7178.0000,0.0000,0.0000,0.0000,0.0000,112,0,0,0,0,179,0,0,0,0
zc,TA209,2012-06-29 09:05:14.610,7176.0000,462010,88,0.0000,308.0000,198,110,空开,S,7174.0000,0.0000,0.0000,0.0000,0.0000,7176.0000,0.0000,0.0000,0.0000,0.0000,245,0,0,0,0,142,0,0,0,0
