市场代码,合约代码,时间,最新,持仓,增仓,成交额,成交量,开仓,平仓,成交类型,方向,买一价,买二价,买三价,买四价,买五价,卖一价,卖二价,卖三价,卖四价,卖五价,买一量,买二量,买三量,买四量,买五量,卖一量,卖二量,卖三量,卖四量,卖五量
zc,WS209,2012-06-29 07:50:17.953,0.0000,196348,0,0.0000,0.0000,0,0,空换,S,0.0000,0.0000,0.0000,0.0000,0.0000,0.0000,0.0000,0.0000,0.0000,0.0000,0,0,0,0,0,0,0,0,0,0
zc,WS209,2012-06-29 07:57:19.033,0.0000,196348,0,0.0000,0.0000,0,0,空换,S,0.0000,0.0000,0.0000,0.0000,0.0000,0.0000,0.0000,0.0000,0.0000,0.0000,0,0,0,0,0,0,0,0,0,0
zc,WS209,2012-06-29 08:44:21.110,0.0000,196348,0,0.0000,0.0000,0,0,空换,S,0.0000,0.0000,0.0000,0.0000,0.0000,0.0000,0.0000,0.0000,0.0000,0.0000,0,0,0,0,0,0,0,0,0,0
zc,WS209,2012-06-29 08:45:21.093,0.0000,196348,0,0.0000,0.0000,0,0,空换,S,0.0000,0.0000,0.0000,0.0000,0.0000,0.0000,0.0000,0.0000,0.0000,0.0000,0,0,0,0,0,0,0,0,0,0
zc,WS209,2012-06-29 08:52:21.110,0.0000,196348,0,0.0000,0.0000,0,0,空换,S,0.0000,0.0000,0.0000,0.0000,0.0000,0.0000,0.0000,0.0000,0.0000,0.0000,0,0,0,0,0,0,0,0,0,0
zc,WS209,2012-06-29 08:55:04.127,0.0000,196348,0,0.0000,0.0000,0,0,空换,S,0.0000,0.0000,0.0000,0.0000,0.0000,0.0000,0.0000,0.0000,0.0000,0.0000,0,0,0,0,0,0,0,0,0,0
zc,WS209,2012-06-29 08:55:04.610,0.0000,196348,0,0.0000,0.0000,0,0,空换,S,0.0000,0.0000,0.0000,0.0000,0.0000,0.0000,0.0000,0.0000,0.0000,0.0000,0,0,0,0,0,0,0,0,0,0
zc,WS209,2012-06-29 08:55:21.093,0.0000,196348,0,0.0000,0.0000,0,0,空换,S,0.0000,0.0000,0.0000,0.0000,0.0000,0.0000,0.0000,0.0000,0.0000,0.0000,0,0,0,0,0,0,0,0,0,0
zc,WS209,2012-06-29 08:56:35.080,0.0000,196348,0,0.0000,0.0000,0,0,空换,S,0.0000,0.0000,0.0000,0.0000,0.0000,0.0000,0.0000,0.0000,0.0000,0.0000,0,0,0,0,0,0,0,0,0,0
zc,WS209,2012-06-29 08:58:27.080,0.0000,196348,0,0.0000,0.0000,0,0,空换,S,0.0000,0.0000,0.0000,0.0000,0.0000,0.0000,0.0000,0.0000,0.0000,0.0000,0,0,0,0,0,0,0,0,0,0
zc,WS209,2012-06-29 08:58:30.830,0.0000,196348,0,0.0000,0.0000,0,0,空换,S,0.0000,0.0000,0.0000,0.0000,0.0000,0.0000,0.0000,0.0000,0.0000,0.0000,0,0,0,0,0,0,0,0,0,0
zc,WS209,2012-06-29 08:58:36.830,0.0000,196348,0,0.0000,0.0000,0,0,空换,S,0.0000,0.0000,0.0000,0.0000,0.0000,0.0000,0.0000,0.0000,0.0000,0.0000,0,0,0,0,0,0,0,0,0,0
zc,WS209,2012-06-29 08:58:40.830,0.0000,196348,0,0.0000,0.0000,0,0,空换,S,0.0000,0.0000,0.0000,0.0000,0.0000,0.0000,0.0000,0.0000,0.0000,0.0000,0,0,0,0,0,0,0,0,0,0
zc,WS209,2012-06-29 08:58:43.580,0.0000,196348,0,0.0000,0.0000,0,0,空换,S,0.0000,0.0000,0.0000,0.0000,0.0000,0.0000,0.0000,0.0000,0.0000,0.0000,0,0,0,0,0,0,0,0,0,0
zc,WS209,2012-06-29 08:58:45.580,0.0000,196348,0,0.0000,0.0000,0,0,空换,S,0.0000,0.0000,0.0000,0.0000,0.0000,0.0000,0.0000,0.0000,0.0000,0.0000,0,0,0,0,0,0,0,0,0,0
zc,WS209,2012-06-29 08:58:46.580,0.0000,196348,0,0.0000,0.0000,0,0,空换,S,0.0000,0.0000,0.0000,0.0000,0.0000,0.0000,0.0000,0.0000,0.0000,0.0000,0,0,0,0,0,0,0,0,0,0
zc,WS209,2012-06-29 08:58:51.080,0.0000,196348,0,0.0000,0.0000,0,0,空换,S,0.0000,0.0000,0.0000,0.0000,0.0000,0.0000,0.0000,0.0000,0.0000,0.0000,0,0,0,0,0,0,0,0,0,0
zc,WS209,2012-06-29 08:59:03.047,2381.0000,196400,52,0.0000,98.0000,75,23,多开,B,2381.0000,0.0000,0.0000,0.0000,0.0000,2382.0000,0.0000,0.0000,0.0000,0.0000,21,0,0,0,0,33,0,0,0,0
zc,WS209,2012-06-29 09:00:02.937,2382.0000,196388,-12,0.0000,66.0000,27,39,空平,B,2381.0000,0.0000,0.0000,0.0000,0.0000,2383.0000,0.0000,0.0000,0.0000,0.0000,21,0,0,0,0,17,0,0,0,0
zc,WS209,2012-06-29 09:00:03.767,2381.0000,196422,34,0.0000,66.0000,50,16,空开,S,2381.0000,0.0000,0.0000,0.0000,0.0000,2382.0000,0.0000,0.0000,0.0000,0.0000,20,0,0,0,0,2,0,0,0,0
zc,WS209,2012-06-29 09:00:04.517,2381.0000,196430,8,0.0000,58.0000,33,25,空开,S,2380.0000,0.0000,0.0000,0.0000,0.0000,2382.0000,0.0000,0.0000,0.0000,0.0000,42,0,0,0,0,21,0,0,0,0
zc,WS209,2012-06-29 09:00:05.517,2381.0000,196430,0,0.0000,4.0000,2,2,空换,S,2380.0000,0.0000,0.0000,0.0000,0.0000,2381.0000,0.0000,0.0000,0.0000,0.0000,21,0,0,0,0,82,0,0,0,0
zc,WS209,2012-06-29 09:00:06.487,2381.0000,196430,0,0.0000,2.0000,1,1,空换,S,2380.0000,0.0000,0.0000,0.0000,0.0000,2381.0000,0.0000,0.0000,0.0000,0.0000,21,0,0,0,0,78,0,0,0,0
zc,WS209,2012-06-29 09:00:07.220,2380.0000,196436,6,0.0000,32.0000,19,13,空开,S,2380.0000,0.0000,0.0000,0.0000,0.0000,2381.0000,0.0000,0.0000,0.0000,0.0000,5,0,0,0,0,92,0,0,0,0
zc,WS209,2012-06-29 09:00:07.687,2380.0000,196438,2,0.0000,8.0000,5,3,空开,S,2380.0000,0.0000,0.0000,0.0000,0.0000,2381.0000,0.0000,0.0000,0.0000,0.0000,1,0,0,0,0,96,0,0,0,0
zc,WS209,2012-06-29 09:00:08.470,2380.0000,196438,0,0.0000,2.0000,1,1,空换,S,2379.0000,0.0000,0.0000,0.0000,0.0000,2380.0000,0.0000,0.0000,0.0000,0.0000,21,0,0,0,0,1,0,0,0,0
zc,WS209,2012-06-29 09:00:09.220,2380.0000,196438,0,0.0000,0.0000,0,0,空换,S,2379.0000,0.0000,0.0000,0.0000,0.0000,2380.0000,0.0000,0.0000,0.0000,0.0000,21,0,0,0,0,3,0,0,0,0
zc,WS209,2012-06-29 09:00:09.970,2380.0000,196436,-2,0.0000,2.0000,0,2,双平,S,2378.0000,0.0000,0.0000,0.0000,0.0000,2380.0000,0.0000,0.0000,0.0000,0.0000,19,0,0,0,0,106,0,0,0,0
zc,WS209,2012-06-29 09:00:15.533,2378.0000,196464,28,0.0000,36.0000,32,4,空开,S,2377.0000,0.0000,0.0000,0.0000,0.0000,2378.0000,0.0000,0.0000,0.0000,0.0000,23,0,0,0,0,84,0,0,0,0
zc,WS209,2012-06-29 09:00:15.953,2377.0000,196460,-4,0.0000,12.0000,4,8,多平,S,2377.0000,0.0000,0.0000,0.0000,0.0000,2378.0000,0.0000,0.0000,0.0000,0.0000,21,0,0,0,0,70,0,0,0,0
zc,WS209,2012-06-29 09:00:16.673,2377.0000,196450,-10,0.0000,10.0000,0,10,双平,S,2377.0000,0.0000,0.0000,0.0000,0.0000,2378.0000,0.0000,0.0000,0.0000,0.0000,16,0,0,0,0,69,0,0,0,0
zc,WS209,2012-06-29 09:00:17.157,2378.0000,196452,2,0.0000,14.0000,8,6,多开,B,2378.0000,0.0000,0.0000,0.0000,0.0000,2379.0000,0.0000,0.0000,0.0000,0.0000,1,0,0,0,0,11,0,0,0,0
zc,WS209,2012-06-29 09:00:17.970,2378.0000,196428,-24,0.0000,32.0000,4,28,空平,B,2376.0000,0.0000,0.0000,0.0000,0.0000,2378.0000,0.0000,0.0000,0.0000,0.0000,321,0,0,0,0,1,0,0,0,0
zc,WS209,2012-06-29 09:00:18.437,2377.0000,196430,2,0.0000,8.0000,5,3,空开,S,2376.0000,0.0000,0.0000,0.0000,0.0000,2378.0000,0.0000,0.0000,0.0000,0.0000,319,0,0,0,0,20,0,0,0,0
zc,WS209,2012-06-29 09:00:19.187,2377.0000,196430,0,0.0000,2.0000,1,1,空换,S,2376.0000,0.0000,0.0000,0.0000,0.0000,2377.0000,0.0000,0.0000,0.0000,0.0000,319,0,0,0,0,1,0,0,0,0
zc,WS209,2012-06-29 09:00:21.140,2376.0000,196400,-30,0.0000,34.0000,2,32,多平,S,2376.0000,0.0000,0.0000,0.0000,0.0000,2378.0000,0.0000,0.0000,0.0000,0.0000,305,0,0,0,0,21,0,0,0,0
zc,WS209,2012-06-29 09:00:21.220,2376.0000,196400,0,0.0000,0.0000,0,0,空换,S,2376.0000,0.0000,0.0000,0.0000,0.0000,2378.0000,0.0000,0.0000,0.0000,0.0000,304,0,0,0,0,22,0,0,0,0
zc,WS209,2012-06-29 09:00:21.970,2378.0000,196402,2,0.0000,8.0000,5,3,多开,B,2376.0000,0.0000,0.0000,0.0000,0.0000,2378.0000,0.0000,0.0000,0.0000,0.0000,306,0,0,0,0,22,0,0,0,0
zc,WS209,2012-06-29 09:00:22.437,2378.0000,196404,2,0.0000,4.0000,3,1,多开,B,2377.0000,0.0000,0.0000,0.0000,0.0000,2378.0000,0.0000,0.0000,0.0000,0.0000,1,0,0,0,0,20,0,0,0,0
zc,WS209,2012-06-29 09:00:23.000,2377.0000,196406,2,0.0000,2.0000,2,0,双开,S,2376.0000,0.0000,0.0000,0.0000,0.0000,2377.0000,0.0000,0.0000,0.0000,0.0000,312,0,0,0,0,1,0,0,0,0
zc,WS209,2012-06-29 09:00:23.673,2377.0000,196406,0,0.0000,2.0000,1,1,空换,S,2377.0000,0.0000,0.0000,0.0000,0.0000,2378.0000,0.0000,0.0000,0.0000,0.0000,6,0,0,0,0,20,0,0,0,0
zc,WS209,2012-06-29 09:00:24.203,2377.0000,196406,0,0.0000,4.0000,2,2,空换,S,2377.0000,0.0000,0.0000,0.0000,0.0000,2378.0000,0.0000,0.0000,0.0000,0.0000,11,0,0,0,0,20,0,0,0,0
zc,WS209,2012-06-29 09:00:24.953,2377.0000,196406,0,0.0000,2.0000,1,1,空换,S,2377.0000,0.0000,0.0000,0.0000,0.0000,2378.0000,0.0000,0.0000,0.0000,0.0000,11,0,0,0,0,20,0,0,0,0
zc,WS209,2012-06-29 09:00:25.703,2377.0000,196406,0,0.0000,0.0000,0,0,空换,S,2377.0000,0.0000,0.0000,0.0000,0.0000,2378.0000,0.0000,0.0000,0.0000,0.0000,15,0,0,0,0,20,0,0,0,0
zc,WS209,2012-06-29 09:00:26.437,2377.0000,196404,-2,0.0000,4.0000,1,3,多平,S,2377.0000,0.0000,0.0000,0.0000,0.0000,2378.0000,0.0000,0.0000,0.0000,0.0000,8,0,0,0,0,20,0,0,0,0
zc,WS209,2012-06-29 09:00:26.953,2378.0000,196406,2,0.0000,24.0000,13,11,多开,B,2377.0000,0.0000,0.0000,0.0000,0.0000,2378.0000,0.0000,0.0000,0.0000,0.0000,2,0,0,0,0,18,0,0,0,0
zc,WS209,2012-06-29 09:00:27.640,2377.0000,196406,0,0.0000,4.0000,2,2,空换,S,2376.0000,0.0000,0.0000,0.0000,0.0000,2377.0000,0.0000,0.0000,0.0000,0.0000,307,0,0,0,0,5,0,0,0,0
zc,WS209,2012-06-29 09:00:29.407,2377.0000,196406,0,0.0000,10.0000,5,5,空换,S,2377.0000,0.0000,0.0000,0.0000,0.0000,2378.0000,0.0000,0.0000,0.0000,0.0000,5,0,0,0,0,68,0,0,0,0
zc,WS209,2012-06-29 09:00:30.953,2378.0000,196406,0,0.0000,2.0000,1,1,多换,B,2377.0000,0.0000,0.0000,0.0000,0.0000,2378.0000,0.0000,0.0000,0.0000,0.0000,6,0,0,0,0,67,0,0,0,0
zc,WS209,2012-06-29 09:00:31.437,2378.0000,196406,0,0.0000,0.0000,0,0,多换,B,2377.0000,0.0000,0.0000,0.0000,0.0000,2378.0000,0.0000,0.0000,0.0000,0.0000,7,0,0,0,0,67,0,0,0,0
zc,WS209,2012-06-29 09:00:32.203,2378.0000,196406,0,0.0000,0.0000,0,0,多换,B,2377.0000,0.0000,0.0000,0.0000,0.0000,2378.0000,0.0000,0.0000,0.0000,0.0000,11,0,0,0,0,65,0,0,0,0
zc,WS209,2012-06-29 09:00:32.673,2378.0000,196406,0,0.0000,0.0000,0,0,多换,B,2377.0000,0.0000,0.0000,0.0000,0.0000,2378.0000,0.0000,0.0000,0.0000,0.0000,12,0,0,0,0,65,0,0,0,0
zc,WS209,2012-06-29 09:00:33.423,2377.0000,196414,8,0.0000,8.0000,8,0,双开,S,2377.0000,0.0000,0.0000,0.0000,0.0000,2378.0000,0.0000,0.0000,0.0000,0.0000,8,0,0,0,0,66,0,0,0,0
zc,WS209,2012-06-29 09:00:34.390,2377.0000,196404,-10,0.0000,18.0000,4,14,多平,S,2376.0000,0.0000,0.0000,0.0000,0.0000,2377.0000,0.0000,0.0000,0.0000,0.0000,312,0,0,0,0,31,0,0,0,0
zc,WS209,2012-06-29 09:00:35.173,2377.0000,196396,-8,0.0000,10.0000,1,9,多平,S,2376.0000,0.0000,0.0000,0.0000,0.0000,2377.0000,0.0000,0.0000,0.0000,0.0000,312,0,0,0,0,31,0,0,0,0
zc,WS209,2012-06-29 09:00:35.907,2377.0000,196396,0,0.0000,40.0000,20,20,空换,S,2376.0000,0.0000,0.0000,0.0000,0.0000,2377.0000,0.0000,0.0000,0.0000,0.0000,313,0,0,0,0,11,0,0,0,0
zc,WS209,2012-06-29 09:00:36.390,2377.0000,196396,0,0.0000,0.0000,0,0,空换,S,2376.0000,0.0000,0.0000,0.0000,0.0000,2377.0000,0.0000,0.0000,0.0000,0.0000,311,0,0,0,0,13,0,0,0,0
zc,WS209,2012-06-29 09:00:38.390,2377.0000,196396,0,0.0000,0.0000,0,0,空换,S,2376.0000,0.0000,0.0000,0.0000,0.0000,2377.0000,0.0000,0.0000,0.0000,0.0000,310,0,0,0,0,13,0,0,0,0
zc,WS209,2012-06-29 09:00:38.923,2377.0000,196386,-10,0.0000,10.0000,0,10,双平,S,2376.0000,0.0000,0.0000,0.0000,0.0000,2377.0000,0.0000,0.0000,0.0000,0.0000,309,0,0,0,0,8,0,0,0,0
zc,WS209,2012-06-29 09:00:39.737,2376.0000,196384,-2,0.0000,2.0000,0,2,双平,S,2376.0000,0.0000,0.0000,0.0000,0.0000,2377.0000,0.0000,0.0000,0.0000,0.0000,308,0,0,0,0,10,0,0,0,0
zc,WS209,2012-06-29 09:00:40.250,2376.0000,196384,0,0.0000,10.0000,5,5,空换,S,2376.0000,0.0000,0.0000,0.0000,0.0000,2377.0000,0.0000,0.0000,0.0000,0.0000,303,0,0,0,0,10,0,0,0,0
zc,WS209,2012-06-29 09:00:40.640,2377.0000,196384,0,0.0000,4.0000,2,2,多换,B,2376.0000,0.0000,0.0000,0.0000,0.0000,2377.0000,0.0000,0.0000,0.0000,0.0000,303,0,0,0,0,8,0,0,0,0
zc,WS209,2012-06-29 09:00:41.423,2377.0000,196384,0,0.0000,2.0000,1,1,多换,B,2376.0000,0.0000,0.0000,0.0000,0.0000,2377.0000,0.0000,0.0000,0.0000,0.0000,304,0,0,0,0,7,0,0,0,0
zc,WS209,2012-06-29 09:00:42.157,2376.0000,196360,-24,0.0000,32.0000,4,28,多平,S,2376.0000,0.0000,0.0000,0.0000,0.0000,2377.0000,0.0000,0.0000,0.0000,0.0000,290,0,0,0,0,5,0,0,0,0
zc,WS209,2012-06-29 09:00:42.437,2376.0000,196360,0,0.0000,2.0000,1,1,空换,S,2376.0000,0.0000,0.0000,0.0000,0.0000,2377.0000,0.0000,0.0000,0.0000,0.0000,290,0,0,0,0,5,0,0,0,0
zc,WS209,2012-06-29 09:00:43.173,2377.0000,196358,-2,0.0000,2.0000,0,2,双平,B,2376.0000,0.0000,0.0000,0.0000,0.0000,2377.0000,0.0000,0.0000,0.0000,0.0000,290,0,0,0,0,4,0,0,0,0
zc,WS209,2012-06-29 09:00:43.673,2377.0000,196358,0,0.0000,0.0000,0,0,多换,B,2376.0000,0.0000,0.0000,0.0000,0.0000,2377.0000,0.0000,0.0000,0.0000,0.0000,298,0,0,0,0,4,0,0,0,0
zc,WS209,2012-06-29 09:00:44.423,2377.0000,196352,-6,0.0000,8.0000,1,7,空平,B,2377.0000,0.0000,0.0000,0.0000,0.0000,2378.0000,0.0000,0.0000,0.0000,0.0000,1,0,0,0,0,71,0,0,0,0
zc,WS209,2012-06-29 09:00:44.970,2377.0000,196350,-2,0.0000,4.0000,1,3,空平,B,2377.0000,0.0000,0.0000,0.0000,0.0000,2378.0000,0.0000,0.0000,0.0000,0.0000,5,0,0,0,0,21,0,0,0,0
zc,WS209,2012-06-29 09:00:45.657,2377.0000,196350,0,0.0000,0.0000,0,0,多换,B,2377.0000,0.0000,0.0000,0.0000,0.0000,2378.0000,0.0000,0.0000,0.0000,0.0000,7,0,0,0,0,21,0,0,0,0
zc,WS209,2012-06-29 09:00:46.390,2377.0000,196352,2,0.0000,2.0000,2,0,双开,B,2377.0000,0.0000,0.0000,0.0000,0.0000,2378.0000,0.0000,0.0000,0.0000,0.0000,8,0,0,0,0,21,0,0,0,0
zc,WS209,2012-06-29 09:00:47.487,2377.0000,196352,0,0.0000,0.0000,0,0,多换,B,2377.0000,0.0000,0.0000,0.0000,0.0000,2378.0000,0.0000,0.0000,0.0000,0.0000,12,0,0,0,0,20,0,0,0,0
zc,WS209,2012-06-29 09:00:48.687,2378.0000,196354,2,0.0000,2.0000,2,0,双开,B,2377.0000,0.0000,0.0000,0.0000,0.0000,2378.0000,0.0000,0.0000,0.0000,0.0000,12,0,0,0,0,18,0,0,0,0
zc,WS209,2012-06-29 09:00:49.487,2377.0000,196356,2,0.0000,22.0000,12,10,空开,S,2377.0000,0.0000,0.0000,0.0000,0.0000,2378.0000,0.0000,0.0000,0.0000,0.0000,22,0,0,0,0,18,0,0,0,0
zc,WS209,2012-06-29 09:00:50.157,2377.0000,196356,0,0.0000,0.0000,0,0,空换,S,2377.0000,0.0000,0.0000,0.0000,0.0000,2378.0000,0.0000,0.0000,0.0000,0.0000,21,0,0,0,0,19,0,0,0,0
zc,WS209,2012-06-29 09:00:50.737,2378.0000,196358,2,0.0000,2.0000,2,0,双开,B,2377.0000,0.0000,0.0000,0.0000,0.0000,2378.0000,0.0000,0.0000,0.0000,0.0000,21,0,0,0,0,18,0,0,0,0
zc,WS209,2012-06-29 09:00:51.970,2377.0000,196356,-2,0.0000,22.0000,10,12,多平,S,2377.0000,0.0000,0.0000,0.0000,0.0000,2378.0000,0.0000,0.0000,0.0000,0.0000,6,0,0,0,0,67,0,0,0,0
zc,WS209,2012-06-29 09:00:53.173,2378.0000,196358,2,0.0000,2.0000,2,0,双开,B,2377.0000,0.0000,0.0000,0.0000,0.0000,2378.0000,0.0000,0.0000,0.0000,0.0000,6,0,0,0,0,67,0,0,0,0
zc,WS209,2012-06-29 09:00:53.923,2377.0000,196360,2,0.0000,2.0000,2,0,双开,S,2377.0000,0.0000,0.0000,0.0000,0.0000,2378.0000,0.0000,0.0000,0.0000,0.0000,5,0,0,0,0,67,0,0,0,0
zc,WS209,2012-06-29 09:00:54.423,2377.0000,196360,0,0.0000,0.0000,0,0,空换,S,2377.0000,0.0000,0.0000,0.0000,0.0000,2378.0000,0.0000,0.0000,0.0000,0.0000,7,0,0,0,0,67,0,0,0,0
zc,WS209,2012-06-29 09:00:55.157,2377.0000,196352,-8,0.0000,14.0000,3,11,多平,S,2376.0000,0.0000,0.0000,0.0000,0.0000,2377.0000,0.0000,0.0000,0.0000,0.0000,297,0,0,0,0,3,0,0,0,0
zc,WS209,2012-06-29 09:00:55.673,2377.0000,196352,0,0.0000,0.0000,0,0,空换,S,2376.0000,0.0000,0.0000,0.0000,0.0000,2377.0000,0.0000,0.0000,0.0000,0.0000,300,0,0,0,0,7,0,0,0,0
zc,WS209,2012-06-29 09:00:56.407,2377.0000,196352,0,0.0000,0.0000,0,0,空换,S,2376.0000,0.0000,0.0000,0.0000,0.0000,2377.0000,0.0000,0.0000,0.0000,0.0000,297,0,0,0,0,28,0,0,0,0
zc,WS209,2012-06-29 09:00:56.937,2377.0000,196352,0,0.0000,0.0000,0,0,空换,S,2376.0000,0.0000,0.0000,0.0000,0.0000,2377.0000,0.0000,0.0000,0.0000,0.0000,297,0,0,0,0,31,0,0,0,0
zc,WS209,2012-06-29 09:00:58.157,2377.0000,196352,0,0.0000,4.0000,2,2,空换,S,2376.0000,0.0000,0.0000,0.0000,0.0000,2377.0000,0.0000,0.0000,0.0000,0.0000,295,0,0,0,0,34,0,0,0,0
zc,WS209,2012-06-29 09:00:58.937,2377.0000,196352,0,0.0000,2.0000,1,1,空换,S,2376.0000,0.0000,0.0000,0.0000,0.0000,2377.0000,0.0000,0.0000,0.0000,0.0000,295,0,0,0,0,22,0,0,0,0
zc,WS209,2012-06-29 09:00:59.437,2377.0000,196352,0,0.0000,0.0000,0,0,空换,S,2376.0000,0.0000,0.0000,0.0000,0.0000,2377.0000,0.0000,0.0000,0.0000,0.0000,295,0,0,0,0,30,0,0,0,0
zc,WS209,2012-06-29 09:01:00.140,2377.0000,196352,0,0.0000,0.0000,0,0,空换,S,2376.0000,0.0000,0.0000,0.0000,0.0000,2377.0000,0.0000,0.0000,0.0000,0.0000,297,0,0,0,0,15,0,0,0,0
zc,WS209,2012-06-29 09:01:00.640,2377.0000,196352,0,0.0000,0.0000,0,0,空换,S,2376.0000,0.0000,0.0000,0.0000,0.0000,2377.0000,0.0000,0.0000,0.0000,0.0000,295,0,0,0,0,25,0,0,0,0
zc,WS209,2012-06-29 09:01:01.187,2376.0000,196352,0,0.0000,6.0000,3,3,空换,S,2376.0000,0.0000,0.0000,0.0000,0.0000,2377.0000,0.0000,0.0000,0.0000,0.0000,292,0,0,0,0,25,0,0,0,0
zc,WS209,2012-06-29 09:01:02.720,2376.0000,196352,0,0.0000,0.0000,0,0,空换,S,2376.0000,0.0000,0.0000,0.0000,0.0000,2377.0000,0.0000,0.0000,0.0000,0.0000,292,0,0,0,0,52,0,0,0,0
zc,WS209,2012-06-29 09:01:03.390,2376.0000,196352,0,0.0000,0.0000,0,0,空换,S,2376.0000,0.0000,0.0000,0.0000,0.0000,2377.0000,0.0000,0.0000,0.0000,0.0000,292,0,0,0,0,56,0,0,0,0
zc,WS209,2012-06-29 09:01:04.173,2377.0000,196354,2,0.0000,2.0000,2,0,双开,B,2376.0000,0.0000,0.0000,0.0000,0.0000,2377.0000,0.0000,0.0000,0.0000,0.0000,292,0,0,0,0,56,0,0,0,0
zc,WS209,2012-06-29 09:01:04.720,2376.0000,196250,-104,0.0000,202.0000,49,153,多平,S,2376.0000,0.0000,0.0000,0.0000,0.0000,2377.0000,0.0000,0.0000,0.0000,0.0000,191,0,0,0,0,41,0,0,0,0
zc,WS209,2012-06-29 09:01:05.203,2376.0000,196242,-8,0.0000,8.0000,0,8,双平,S,2376.0000,0.0000,0.0000,0.0000,0.0000,2377.0000,0.0000,0.0000,0.0000,0.0000,188,0,0,0,0,37,0,0,0,0
zc,WS209,2012-06-29 09:01:05.907,2376.0000,196202,-40,0.0000,40.0000,0,40,双平,S,2376.0000,0.0000,0.0000,0.0000,0.0000,2377.0000,0.0000,0.0000,0.0000,0.0000,168,0,0,0,0,72,0,0,0,0
zc,WS209,2012-06-29 09:01:06.423,2376.0000,196184,-18,0.0000,18.0000,0,18,双平,S,2376.0000,0.0000,0.0000,0.0000,0.0000,2377.0000,0.0000,0.0000,0.0000,0.0000,159,0,0,0,0,72,0,0,0,0
zc,WS209,2012-06-29 09:01:07.657,2377.0000,196182,-2,0.0000,2.0000,0,2,双平,B,2376.0000,0.0000,0.0000,0.0000,0.0000,2377.0000,0.0000,0.0000,0.0000,0.0000,159,0,0,0,0,82,0,0,0,0
zc,WS209,2012-06-29 09:01:08.437,2376.0000,196018,-164,0.0000,164.0000,0,164,双平,S,2376.0000,0.0000,0.0000,0.0000,0.0000,2377.0000,0.0000,0.0000,0.0000,0.0000,77,0,0,0,0,32,0,0,0,0
zc,WS209,2012-06-29 09:01:08.937,2376.0000,196012,-6,0.0000,6.0000,0,6,双平,S,2376.0000,0.0000,0.0000,0.0000,0.0000,2377.0000,0.0000,0.0000,0.0000,0.0000,75,0,0,0,0,29,0,0,0,0
zc,WS209,2012-06-29 09:01:09.673,2376.0000,196008,-4,0.0000,54.0000,25,29,多平,S,2376.0000,0.0000,0.0000,0.0000,0.0000,2377.0000,0.0000,0.0000,0.0000,0.0000,48,0,0,0,0,54,0,0,0,0
zc,WS209,2012-06-29 09:01:10.187,2376.0000,196008,0,0.0000,82.0000,41,41,空换,S,2376.0000,0.0000,0.0000,0.0000,0.0000,2377.0000,0.0000,0.0000,0.0000,0.0000,7,0,0,0,0,52,0,0,0,0
zc,WS209,2012-06-29 09:01:10.953,2376.0000,196002,-6,0.0000,6.0000,0,6,双平,S,2376.0000,0.0000,0.0000,0.0000,0.0000,2377.0000,0.0000,0.0000,0.0000,0.0000,4,0,0,0,0,50,0,0,0,0
zc,WS209,2012-06-29 09:01:11.423,2376.0000,196004,2,0.0000,8.0000,5,3,空开,S,2375.0000,0.0000,0.0000,0.0000,0.0000,2377.0000,0.0000,0.0000,0.0000,0.0000,29,0,0,0,0,49,0,0,0,0
zc,WS209,2012-06-29 09:01:13.220,2376.0000,196004,0,0.0000,0.0000,0,0,空换,S,2375.0000,0.0000,0.0000,0.0000,0.0000,2376.0000,0.0000,0.0000,0.0000,0.0000,31,0,0,0,0,4,0,0,0,0
zc,WS209,2012-06-29 09:01:13.923,2375.0000,195982,-22,0.0000,24.0000,1,23,多平,S,2375.0000,0.0000,0.0000,0.0000,0.0000,2376.0000,0.0000,0.0000,0.0000,0.0000,19,0,0,0,0,4,0,0,0,0
zc,WS209,2012-06-29 09:01:14.390,2375.0000,195984,2,0.0000,24.0000,13,11,空开,S,2375.0000,0.0000,0.0000,0.0000,0.0000,2376.0000,0.0000,0.0000,0.0000,0.0000,7,0,0,0,0,14,0,0,0,0
zc,WS209,2012-06-29 09:01:15.437,2375.0000,195992,8,0.0000,8.0000,8,0,双开,S,2375.0000,0.0000,0.0000,0.0000,0.0000,2376.0000,0.0000,0.0000,0.0000,0.0000,3,0,0,0,0,15,0,0,0,0
zc,WS209,2012-06-29 09:01:15.673,2375.0000,195994,2,0.0000,2.0000,2,0,双开,S,2375.0000,0.0000,0.0000,0.0000,0.0000,2376.0000,0.0000,0.0000,0.0000,0.0000,3,0,0,0,0,21,0,0,0,0
zc,WS209,2012-06-29 09:01:16.970,2375.0000,195994,0,0.0000,0.0000,0,0,空换,S,2375.0000,0.0000,0.0000,0.0000,0.0000,2376.0000,0.0000,0.0000,0.0000,0.0000,5,0,0,0,0,21,0,0,0,0
zc,WS209,2012-06-29 09:01:17.640,2374.0000,196004,10,0.0000,16.0000,13,3,空开,S,2374.0000,0.0000,0.0000,0.0000,0.0000,2376.0000,0.0000,0.0000,0.0000,0.0000,60,0,0,0,0,21,0,0,0,0
zc,WS209,2012-06-29 09:01:18.157,2374.0000,196004,0,0.0000,0.0000,0,0,空换,S,2374.0000,0.0000,0.0000,0.0000,0.0000,2375.0000,0.0000,0.0000,0.0000,0.0000,60,0,0,0,0,3,0,0,0,0
zc,WS209,2012-06-29 09:01:19.000,2374.0000,196004,0,0.0000,0.0000,0,0,空换,S,2374.0000,0.0000,0.0000,0.0000,0.0000,2375.0000,0.0000,0.0000,0.0000,0.0000,60,0,0,0,0,4,0,0,0,0
zc,WS209,2012-06-29 09:01:19.470,2375.0000,196004,0,0.0000,2.0000,1,1,多换,B,2374.0000,0.0000,0.0000,0.0000,0.0000,2375.0000,0.0000,0.0000,0.0000,0.0000,60,0,0,0,0,4,0,0,0,0
zc,WS209,2012-06-29 09:01:20.187,2375.0000,196008,4,0.0000,8.0000,6,2,多开,B,2374.0000,0.0000,0.0000,0.0000,0.0000,2376.0000,0.0000,0.0000,0.0000,0.0000,59,0,0,0,0,30,0,0,0,0
zc,WS209,2012-06-29 09:01:20.657,2374.0000,196010,2,0.0000,2.0000,2,0,双开,S,2374.0000,0.0000,0.0000,0.0000,0.0000,2376.0000,0.0000,0.0000,0.0000,0.0000,58,0,0,0,0,30,0,0,0,0
zc,WS209,2012-06-29 09:01:21.453,2375.0000,195968,-42,0.0000,64.0000,11,53,空平,B,2375.0000,0.0000,0.0000,0.0000,0.0000,2376.0000,0.0000,0.0000,0.0000,0.0000,9,0,0,0,0,30,0,0,0,0
zc,WS209,2012-06-29 09:01:22.703,2375.0000,195976,8,0.0000,8.0000,8,0,双开,B,2375.0000,0.0000,0.0000,0.0000,0.0000,2376.0000,0.0000,0.0000,0.0000,0.0000,14,0,0,0,0,30,0,0,0,0
zc,WS209,2012-06-29 09:01:23.157,2375.0000,195976,0,0.0000,0.0000,0,0,多换,B,2375.0000,0.0000,0.0000,0.0000,0.0000,2376.0000,0.0000,0.0000,0.0000,0.0000,17,0,0,0,0,48,0,0,0,0
zc,WS209,2012-06-29 09:01:23.953,2375.0000,195976,0,0.0000,0.0000,0,0,多换,B,2375.0000,0.0000,0.0000,0.0000,0.0000,2376.0000,0.0000,0.0000,0.0000,0.0000,18,0,0,0,0,47,0,0,0,0
zc,WS209,2012-06-29 09:01:24.703,2375.0000,195966,-10,0.0000,22.0000,6,16,空平,B,2375.0000,0.0000,0.0000,0.0000,0.0000,2376.0000,0.0000,0.0000,0.0000,0.0000,8,0,0,0,0,46,0,0,0,0
zc,WS209,2012-06-29 09:01:25.970,2375.0000,195966,0,0.0000,6.0000,3,3,多换,B,2375.0000,0.0000,0.0000,0.0000,0.0000,2376.0000,0.0000,0.0000,0.0000,0.0000,5,0,0,0,0,47,0,0,0,0
zc,WS209,2012-06-29 09:01:26.407,2375.0000,195966,0,0.0000,2.0000,1,1,多换,B,2375.0000,0.0000,0.0000,0.0000,0.0000,2376.0000,0.0000,0.0000,0.0000,0.0000,4,0,0,0,0,42,0,0,0,0
zc,WS209,2012-06-29 09:01:27.187,2375.0000,195962,-4,0.0000,8.0000,2,6,空平,B,2374.0000,0.0000,0.0000,0.0000,0.0000,2376.0000,0.0000,0.0000,0.0000,0.0000,106,0,0,0,0,38,0,0,0,0
zc,WS209,2012-06-29 09:01:27.703,2375.0000,195962,0,0.0000,0.0000,0,0,多换,B,2374.0000,0.0000,0.0000,0.0000,0.0000,2376.0000,0.0000,0.0000,0.0000,0.0000,107,0,0,0,0,38,0,0,0,0
zc,WS209,2012-06-29 09:01:28.437,2375.0000,195964,2,0.0000,2.0000,2,0,双开,B,2374.0000,0.0000,0.0000,0.0000,0.0000,2376.0000,0.0000,0.0000,0.0000,0.0000,107,0,0,0,0,38,0,0,0,0
zc,WS209,2012-06-29 09:01:28.970,2374.0000,195956,-8,0.0000,8.0000,0,8,双平,S,2374.0000,0.0000,0.0000,0.0000,0.0000,2376.0000,0.0000,0.0000,0.0000,0.0000,104,0,0,0,0,38,0,0,0,0
zc,WS209,2012-06-29 09:01:29.390,2374.0000,195956,0,0.0000,0.0000,0,0,空换,S,2374.0000,0.0000,0.0000,0.0000,0.0000,2376.0000,0.0000,0.0000,0.0000,0.0000,103,0,0,0,0,38,0,0,0,0
zc,WS209,2012-06-29 09:01:30.640,2375.0000,195960,4,0.0000,4.0000,4,0,双开,B,2374.0000,0.0000,0.0000,0.0000,0.0000,2375.0000,0.0000,0.0000,0.0000,0.0000,101,0,0,0,0,3,0,0,0,0
zc,WS209,2012-06-29 09:01:31.390,2375.0000,195966,6,0.0000,6.0000,6,0,双开,B,2374.0000,0.0000,0.0000,0.0000,0.0000,2376.0000,0.0000,0.0000,0.0000,0.0000,98,0,0,0,0,38,0,0,0,0
zc,WS209,2012-06-29 09:01:32.657,2374.0000,195964,-2,0.0000,2.0000,0,2,双平,S,2375.0000,0.0000,0.0000,0.0000,0.0000,2376.0000,0.0000,0.0000,0.0000,0.0000,32,0,0,0,0,38,0,0,0,0
zc,WS209,2012-06-29 09:01:33.187,2374.0000,195964,0,0.0000,0.0000,0,0,空换,S,2375.0000,0.0000,0.0000,0.0000,0.0000,2376.0000,0.0000,0.0000,0.0000,0.0000,33,0,0,0,0,38,0,0,0,0
zc,WS209,2012-06-29 09:01:33.673,2375.0000,195964,0,0.0000,20.0000,10,10,多换,B,2375.0000,0.0000,0.0000,0.0000,0.0000,2376.0000,0.0000,0.0000,0.0000,0.0000,24,0,0,0,0,38,0,0,0,0
zc,WS209,2012-06-29 09:01:34.157,2375.0000,195964,0,0.0000,0.0000,0,0,多换,B,2375.0000,0.0000,0.0000,0.0000,0.0000,2376.0000,0.0000,0.0000,0.0000,0.0000,26,0,0,0,0,38,0,0,0,0
zc,WS209,2012-06-29 09:01:34.877,2375.0000,195962,-2,0.0000,2.0000,0,2,双平,B,2375.0000,0.0000,0.0000,0.0000,0.0000,2376.0000,0.0000,0.0000,0.0000,0.0000,26,0,0,0,0,37,0,0,0,0
zc,WS209,2012-06-29 09:01:35.453,2375.0000,195966,4,0.0000,52.0000,28,24,多开,B,2374.0000,0.0000,0.0000,0.0000,0.0000,2376.0000,0.0000,0.0000,0.0000,0.0000,60,0,0,0,0,63,0,0,0,0
zc,WS209,2012-06-29 09:01:35.877,2374.0000,195926,-40,0.0000,40.0000,0,40,双平,S,2374.0000,0.0000,0.0000,0.0000,0.0000,2375.0000,0.0000,0.0000,0.0000,0.0000,35,0,0,0,0,2,0,0,0,0
zc,WS209,2012-06-29 09:01:36.627,2374.0000,195926,0,0.0000,0.0000,0,0,空换,S,2374.0000,0.0000,0.0000,0.0000,0.0000,2375.0000,0.0000,0.0000,0.0000,0.0000,36,0,0,0,0,2,0,0,0,0
zc,WS209,2012-06-29 09:01:37.140,2374.0000,195926,0,0.0000,0.0000,0,0,空换,S,2374.0000,0.0000,0.0000,0.0000,0.0000,2375.0000,0.0000,0.0000,0.0000,0.0000,60,0,0,0,0,2,0,0,0,0
zc,WS209,2012-06-29 09:01:37.937,2374.0000,195926,0,0.0000,0.0000,0,0,空换,S,2374.0000,0.0000,0.0000,0.0000,0.0000,2375.0000,0.0000,0.0000,0.0000,0.0000,43,0,0,0,0,2,0,0,0,0
zc,WS209,2012-06-29 09:01:38.407,2375.0000,195932,6,0.0000,6.0000,6,0,双开,B,2374.0000,0.0000,0.0000,0.0000,0.0000,2375.0000,0.0000,0.0000,0.0000,0.0000,38,0,0,0,0,37,0,0,0,0
zc,WS209,2012-06-29 09:01:39.173,2375.0000,195934,2,0.0000,4.0000,3,1,多开,B,2374.0000,0.0000,0.0000,0.0000,0.0000,2375.0000,0.0000,0.0000,0.0000,0.0000,37,0,0,0,0,35,0,0,0,0
zc,WS209,2012-06-29 09:01:39.703,2375.0000,196070,136,0.0000,182.0000,159,23,多开,B,2375.0000,0.0000,0.0000,0.0000,0.0000,2376.0000,0.0000,0.0000,0.0000,0.0000,411,0,0,0,0,188,0,0,0,0
zc,WS209,2012-06-29 09:01:40.157,2375.0000,196070,0,0.0000,12.0000,6,6,多换,B,2375.0000,0.0000,0.0000,0.0000,0.0000,2376.0000,0.0000,0.0000,0.0000,0.0000,405,0,0,0,0,182,0,0,0,0
zc,WS209,2012-06-29 09:01:40.657,2375.0000,196070,0,0.0000,96.0000,48,48,多换,B,2375.0000,0.0000,0.0000,0.0000,0.0000,2376.0000,0.0000,0.0000,0.0000,0.0000,357,0,0,0,0,134,0,0,0,0
zc,WS209,2012-06-29 09:01:41.423,2375.0000,196070,0,0.0000,82.0000,41,41,多换,B,2375.0000,0.0000,0.0000,0.0000,0.0000,2376.0000,0.0000,0.0000,0.0000,0.0000,326,0,0,0,0,93,0,0,0,0
zc,WS209,2012-06-29 09:01:42.187,2375.0000,196070,0,0.0000,30.0000,15,15,多换,B,2375.0000,0.0000,0.0000,0.0000,0.0000,2376.0000,0.0000,0.0000,0.0000,0.0000,311,0,0,0,0,79,0,0,0,0
zc,WS209,2012-06-29 09:01:42.703,2375.0000,196070,0,0.0000,12.0000,6,6,多换,B,2375.0000,0.0000,0.0000,0.0000,0.0000,2376.0000,0.0000,0.0000,0.0000,0.0000,305,0,0,0,0,73,0,0,0,0
zc,WS209,2012-06-29 09:01:43.187,2375.0000,196070,0,0.0000,2.0000,1,1,多换,B,2375.0000,0.0000,0.0000,0.0000,0.0000,2376.0000,0.0000,0.0000,0.0000,0.0000,305,0,0,0,0,72,0,0,0,0
zc,WS209,2012-06-29 09:01:43.657,2375.0000,196070,0,0.0000,10.0000,5,5,多换,B,2375.0000,0.0000,0.0000,0.0000,0.0000,2376.0000,0.0000,0.0000,0.0000,0.0000,300,0,0,0,0,67,0,0,0,0
zc,WS209,2012-06-29 09:01:44.423,2375.0000,196070,0,0.0000,4.0000,2,2,多换,B,2375.0000,0.0000,0.0000,0.0000,0.0000,2376.0000,0.0000,0.0000,0.0000,0.0000,298,0,0,0,0,65,0,0,0,0
zc,WS209,2012-06-29 09:01:44.923,2375.0000,196070,0,0.0000,2.0000,1,1,多换,B,2375.0000,0.0000,0.0000,0.0000,0.0000,2376.0000,0.0000,0.0000,0.0000,0.0000,297,0,0,0,0,64,0,0,0,0
zc,WS209,2012-06-29 09:01:45.687,2376.0000,196072,2,0.0000,2.0000,2,0,双开,B,2375.0000,0.0000,0.0000,0.0000,0.0000,2376.0000,0.0000,0.0000,0.0000,0.0000,342,0,0,0,0,18,0,0,0,0
zc,WS209,2012-06-29 09:01:46.173,2375.0000,196072,0,0.0000,2.0000,1,1,空换,S,2375.0000,0.0000,0.0000,0.0000,0.0000,2376.0000,0.0000,0.0000,0.0000,0.0000,343,0,0,0,0,21,0,0,0,0
zc,WS209,2012-06-29 09:01:47.407,2376.0000,196074,2,0.0000,2.0000,2,0,双开,B,2375.0000,0.0000,0.0000,0.0000,0.0000,2376.0000,0.0000,0.0000,0.0000,0.0000,343,0,0,0,0,21,0,0,0,0
zc,WS209,2012-06-29 09:01:48.157,2376.0000,196076,2,0.0000,2.0000,2,0,双开,B,2375.0000,0.0000,0.0000,0.0000,0.0000,2376.0000,0.0000,0.0000,0.0000,0.0000,343,0,0,0,0,19,0,0,0,0
zc,WS209,2012-06-29 09:01:49.407,2375.0000,196078,2,0.0000,2.0000,2,0,双开,S,2375.0000,0.0000,0.0000,0.0000,0.0000,2376.0000,0.0000,0.0000,0.0000,0.0000,342,0,0,0,0,29,0,0,0,0
zc,WS209,2012-06-29 09:01:49.890,2376.0000,196078,0,0.0000,4.0000,2,2,多换,B,2375.0000,0.0000,0.0000,0.0000,0.0000,2376.0000,0.0000,0.0000,0.0000,0.0000,342,0,0,0,0,27,0,0,0,0
zc,WS209,2012-06-29 09:01:50.907,2376.0000,196078,0,0.0000,0.0000,0,0,多换,B,2375.0000,0.0000,0.0000,0.0000,0.0000,2376.0000,0.0000,0.0000,0.0000,0.0000,348,0,0,0,0,27,0,0,0,0
zc,WS209,2012-06-29 09:01:51.423,2376.0000,196084,6,0.0000,6.0000,6,0,双开,B,2375.0000,0.0000,0.0000,0.0000,0.0000,2376.0000,0.0000,0.0000,0.0000,0.0000,347,0,0,0,0,25,0,0,0,0
zc,WS209,2012-06-29 09:01:54.453,2376.0000,196084,0,0.0000,0.0000,0,0,多换,B,2375.0000,0.0000,0.0000,0.0000,0.0000,2376.0000,0.0000,0.0000,0.0000,0.0000,348,0,0,0,0,25,0,0,0,0
zc,WS209,2012-06-29 09:01:55.923,2376.0000,196086,2,0.0000,4.0000,3,1,多开,B,2375.0000,0.0000,0.0000,0.0000,0.0000,2376.0000,0.0000,0.0000,0.0000,0.0000,342,0,0,0,0,16,0,0,0,0
zc,WS209,2012-06-29 09:01:56.657,2376.0000,196088,2,0.0000,2.0000,2,0,双开,B,2375.0000,0.0000,0.0000,0.0000,0.0000,2376.0000,0.0000,0.0000,0.0000,0.0000,342,0,0,0,0,15,0,0,0,0
zc,WS209,2012-06-29 09:01:56.907,2376.0000,196088,0,0.0000,12.0000,6,6,多换,B,2375.0000,0.0000,0.0000,0.0000,0.0000,2376.0000,0.0000,0.0000,0.0000,0.0000,340,0,0,0,0,11,0,0,0,0
zc,WS209,2012-06-29 09:01:57.720,2375.0000,196092,4,0.0000,4.0000,4,0,双开,S,2375.0000,0.0000,0.0000,0.0000,0.0000,2376.0000,0.0000,0.0000,0.0000,0.0000,336,0,0,0,0,11,0,0,0,0
zc,WS209,2012-06-29 09:01:58.267,2376.0000,196098,6,0.0000,14.0000,10,4,多开,B,2375.0000,0.0000,0.0000,0.0000,0.0000,2376.0000,0.0000,0.0000,0.0000,0.0000,336,0,0,0,0,4,0,0,0,0
zc,WS209,2012-06-29 09:01:58.970,2376.0000,196106,8,0.0000,8.0000,8,0,双开,B,2376.0000,0.0000,0.0000,0.0000,0.0000,2377.0000,0.0000,0.0000,0.0000,0.0000,33,0,0,0,0,64,0,0,0,0
zc,WS209,2012-06-29 09:01:59.377,2376.0000,196106,0,0.0000,0.0000,0,0,多换,B,2376.0000,0.0000,0.0000,0.0000,0.0000,2377.0000,0.0000,0.0000,0.0000,0.0000,64,0,0,0,0,64,0,0,0,0
zc,WS209,2012-06-29 09:02:00.127,2376.0000,196106,0,0.0000,24.0000,12,12,多换,B,2376.0000,0.0000,0.0000,0.0000,0.0000,2377.0000,0.0000,0.0000,0.0000,0.0000,52,0,0,0,0,60,0,0,0,0
zc,WS209,2012-06-29 09:02:00.703,2376.0000,196106,0,0.0000,10.0000,5,5,多换,B,2376.0000,0.0000,0.0000,0.0000,0.0000,2377.0000,0.0000,0.0000,0.0000,0.0000,47,0,0,0,0,55,0,0,0,0
zc,WS209,2012-06-29 09:02:01.423,2376.0000,196106,0,0.0000,0.0000,0,0,多换,B,2376.0000,0.0000,0.0000,0.0000,0.0000,2377.0000,0.0000,0.0000,0.0000,0.0000,48,0,0,0,0,55,0,0,0,0
zc,WS209,2012-06-29 09:02:01.907,2376.0000,196106,0,0.0000,0.0000,0,0,多换,B,2376.0000,0.0000,0.0000,0.0000,0.0000,2377.0000,0.0000,0.0000,0.0000,0.0000,84,0,0,0,0,23,0,0,0,0
zc,WS209,2012-06-29 09:02:02.437,2376.0000,196108,2,0.0000,2.0000,2,0,双开,B,2376.0000,0.0000,0.0000,0.0000,0.0000,2377.0000,0.0000,0.0000,0.0000,0.0000,88,0,0,0,0,23,0,0,0,0
zc,WS209,2012-06-29 09:02:03.127,2376.0000,196108,0,0.0000,0.0000,0,0,多换,B,2376.0000,0.0000,0.0000,0.0000,0.0000,2377.0000,0.0000,0.0000,0.0000,0.0000,90,0,0,0,0,23,0,0,0,0
zc,WS209,2012-06-29 09:02:03.673,2376.0000,196108,0,0.0000,0.0000,0,0,多换,B,2376.0000,0.0000,0.0000,0.0000,0.0000,2377.0000,0.0000,0.0000,0.0000,0.0000,90,0,0,0,0,24,0,0,0,0
zc,WS209,2012-06-29 09:02:04.390,2376.0000,196108,0,0.0000,0.0000,0,0,多换,B,2376.0000,0.0000,0.0000,0.0000,0.0000,2377.0000,0.0000,0.0000,0.0000,0.0000,92,0,0,0,0,24,0,0,0,0
zc,WS209,2012-06-29 09:02:04.937,2376.0000,196108,0,0.0000,0.0000,0,0,多换,B,2376.0000,0.0000,0.0000,0.0000,0.0000,2377.0000,0.0000,0.0000,0.0000,0.0000,92,0,0,0,0,25,0,0,0,0
zc,WS209,2012-06-29 09:02:05.953,2376.0000,196108,0,0.0000,4.0000,2,2,多换,B,2376.0000,0.0000,0.0000,0.0000,0.0000,2377.0000,0.0000,0.0000,0.0000,0.0000,90,0,0,0,0,25,0,0,0,0
zc,WS209,2012-06-29 09:02:07.110,2377.0000,196138,30,0.0000,32.0000,31,1,多开,B,2376.0000,0.0000,0.0000,0.0000,0.0000,2377.0000,0.0000,0.0000,0.0000,0.0000,75,0,0,0,0,24,0,0,0,0
zc,WS209,2012-06-29 09:02:10.187,2377.0000,196138,0,0.0000,0.0000,0,0,多换,B,2376.0000,0.0000,0.0000,0.0000,0.0000,2377.0000,0.0000,0.0000,0.0000,0.0000,75,0,0,0,0,25,0,0,0,0
zc,WS209,2012-06-29 09:02:10.923,2377.0000,196138,0,0.0000,4.0000,2,2,多换,B,2376.0000,0.0000,0.0000,0.0000,0.0000,2377.0000,0.0000,0.0000,0.0000,0.0000,75,0,0,0,0,23,0,0,0,0
zc,WS209,2012-06-29 09:02:11.423,2377.0000,196150,12,0.0000,20.0000,16,4,多开,B,2376.0000,0.0000,0.0000,0.0000,0.0000,2377.0000,0.0000,0.0000,0.0000,0.0000,66,0,0,0,0,13,0,0,0,0
zc,WS209,2012-06-29 09:02:12.127,2377.0000,196162,12,0.0000,12.0000,12,0,双开,B,2376.0000,0.0000,0.0000,0.0000,0.0000,2377.0000,0.0000,0.0000,0.0000,0.0000,62,0,0,0,0,8,0,0,0,0
zc,WS209,2012-06-29 09:02:12.657,2377.0000,196164,2,0.0000,2.0000,2,0,双开,B,2376.0000,0.0000,0.0000,0.0000,0.0000,2377.0000,0.0000,0.0000,0.0000,0.0000,62,0,0,0,0,12,0,0,0,0
zc,WS209,2012-06-29 09:02:13.377,2377.0000,196176,12,0.0000,24.0000,18,6,多开,B,2376.0000,0.0000,0.0000,0.0000,0.0000,2378.0000,0.0000,0.0000,0.0000,0.0000,51,0,0,0,0,53,0,0,0,0
zc,WS209,2012-06-29 09:02:13.953,2377.0000,196176,0,0.0000,2.0000,1,1,多换,B,2376.0000,0.0000,0.0000,0.0000,0.0000,2377.0000,0.0000,0.0000,0.0000,0.0000,51,0,0,0,0,5,0,0,0,0
zc,WS209,2012-06-29 09:02:14.407,2377.0000,196176,0,0.0000,6.0000,3,3,多换,B,2376.0000,0.0000,0.0000,0.0000,0.0000,2377.0000,0.0000,0.0000,0.0000,0.0000,48,0,0,0,0,3,0,0,0,0
zc,WS209,2012-06-29 09:02:14.907,2377.0000,196178,2,0.0000,6.0000,4,2,多开,B,2376.0000,0.0000,0.0000,0.0000,0.0000,2378.0000,0.0000,0.0000,0.0000,0.0000,45,0,0,0,0,44,0,0,0,0
zc,WS209,2012-06-29 09:02:16.187,2377.0000,196178,0,0.0000,0.0000,0,0,多换,B,2376.0000,0.0000,0.0000,0.0000,0.0000,2377.0000,0.0000,0.0000,0.0000,0.0000,45,0,0,0,0,1,0,0,0,0
zc,WS209,2012-06-29 09:02:16.923,2377.0000,196178,0,0.0000,2.0000,1,1,多换,B,2376.0000,0.0000,0.0000,0.0000,0.0000,2378.0000,0.0000,0.0000,0.0000,0.0000,44,0,0,0,0,41,0,0,0,0
zc,WS209,2012-06-29 09:02:17.610,2377.0000,196178,0,0.0000,0.0000,0,0,多换,B,2377.0000,0.0000,0.0000,0.0000,0.0000,2378.0000,0.0000,0.0000,0.0000,0.0000,11,0,0,0,0,24,0,0,0,0
zc,WS209,2012-06-29 09:02:18.657,2377.0000,196178,0,0.0000,0.0000,0,0,多换,B,2376.0000,0.0000,0.0000,0.0000,0.0000,2378.0000,0.0000,0.0000,0.0000,0.0000,45,0,0,0,0,56,0,0,0,0
zc,WS209,2012-06-29 09:02:20.157,2377.0000,196178,0,0.0000,0.0000,0,0,多换,B,2377.0000,0.0000,0.0000,0.0000,0.0000,2378.0000,0.0000,0.0000,0.0000,0.0000,1,0,0,0,0,56,0,0,0,0
zc,WS209,2012-06-29 09:02:21.093,2377.0000,196178,0,0.0000,0.0000,0,0,多换,B,2377.0000,0.0000,0.0000,0.0000,0.0000,2378.0000,0.0000,0.0000,0.0000,0.0000,2,0,0,0,0,56,0,0,0,0
zc,WS209,2012-06-29 09:02:21.377,2377.0000,196176,-2,0.0000,2.0000,0,2,双平,B,2377.0000,0.0000,0.0000,0.0000,0.0000,2378.0000,0.0000,0.0000,0.0000,0.0000,1,0,0,0,0,56,0,0,0,0
zc,WS209,2012-06-29 09:02:22.140,2377.0000,196178,2,0.0000,2.0000,2,0,双开,B,2376.0000,0.0000,0.0000,0.0000,0.0000,2377.0000,0.0000,0.0000,0.0000,0.0000,48,0,0,0,0,4,0,0,0,0
zc,WS209,2012-06-29 09:02:22.640,2377.0000,196182,4,0.0000,4.0000,4,0,双开,B,2376.0000,0.0000,0.0000,0.0000,0.0000,2377.0000,0.0000,0.0000,0.0000,0.0000,48,0,0,0,0,2,0,0,0,0
zc,WS209,2012-06-29 09:02:23.110,2377.0000,196182,0,0.0000,0.0000,0,0,多换,B,2376.0000,0.0000,0.0000,0.0000,0.0000,2377.0000,0.0000,0.0000,0.0000,0.0000,49,0,0,0,0,2,0,0,0,0
zc,WS209,2012-06-29 09:02:23.890,2377.0000,196186,4,0.0000,4.0000,4,0,双开,B,2376.0000,0.0000,0.0000,0.0000,0.0000,2378.0000,0.0000,0.0000,0.0000,0.0000,54,0,0,0,0,56,0,0,0,0
zc,WS209,2012-06-29 09:02:26.110,2377.0000,196186,0,0.0000,0.0000,0,0,多换,B,2376.0000,0.0000,0.0000,0.0000,0.0000,2378.0000,0.0000,0.0000,0.0000,0.0000,55,0,0,0,0,58,0,0,0,0
zc,WS209,2012-06-29 09:02:26.640,2377.0000,196194,8,0.0000,8.0000,8,0,双开,B,2377.0000,0.0000,0.0000,0.0000,0.0000,2378.0000,0.0000,0.0000,0.0000,0.0000,16,0,0,0,0,58,0,0,0,0
zc,WS209,2012-06-29 09:02:27.203,2377.0000,196194,0,0.0000,0.0000,0,0,多换,B,2377.0000,0.0000,0.0000,0.0000,0.0000,2378.0000,0.0000,0.0000,0.0000,0.0000,16,0,0,0,0,78,0,0,0,0
zc,WS209,2012-06-29 09:02:27.877,2377.0000,196194,0,0.0000,0.0000,0,0,多换,B,2377.0000,0.0000,0.0000,0.0000,0.0000,2378.0000,0.0000,0.0000,0.0000,0.0000,20,0,0,0,0,78,0,0,0,0
zc,WS209,2012-06-29 09:02:28.390,2378.0000,196196,2,0.0000,2.0000,2,0,双开,B,2377.0000,0.0000,0.0000,0.0000,0.0000,2378.0000,0.0000,0.0000,0.0000,0.0000,20,0,0,0,0,77,0,0,0,0
zc,WS209,2012-06-29 09:02:28.907,2378.0000,196196,0,0.0000,0.0000,0,0,多换,B,2377.0000,0.0000,0.0000,0.0000,0.0000,2378.0000,0.0000,0.0000,0.0000,0.0000,20,0,0,0,0,76,0,0,0,0
zc,WS209,2012-06-29 09:02:29.657,2377.0000,196196,0,0.0000,10.0000,5,5,空换,S,2377.0000,0.0000,0.0000,0.0000,0.0000,2378.0000,0.0000,0.0000,0.0000,0.0000,15,0,0,0,0,76,0,0,0,0
zc,WS209,2012-06-29 09:02:30.140,2377.0000,196196,0,0.0000,0.0000,0,0,空换,S,2377.0000,0.0000,0.0000,0.0000,0.0000,2378.0000,0.0000,0.0000,0.0000,0.0000,16,0,0,0,0,79,0,0,0,0
zc,WS209,2012-06-29 09:02:30.860,2377.0000,196198,2,0.0000,2.0000,2,0,双开,S,2377.0000,0.0000,0.0000,0.0000,0.0000,2378.0000,0.0000,0.0000,0.0000,0.0000,15,0,0,0,0,79,0,0,0,0
zc,WS209,2012-06-29 09:02:31.390,2377.0000,196338,140,0.0000,200.0000,170,30,空开,S,2377.0000,0.0000,0.0000,0.0000,0.0000,2378.0000,0.0000,0.0000,0.0000,0.0000,15,0,0,0,0,79,0,0,0,0
zc,WS209,2012-06-29 09:02:32.127,2377.0000,196338,0,0.0000,2.0000,1,1,空换,S,2377.0000,0.0000,0.0000,0.0000,0.0000,2378.0000,0.0000,0.0000,0.0000,0.0000,14,0,0,0,0,78,0,0,0,0
zc,WS209,2012-06-29 09:02:32.627,2377.0000,196338,0,0.0000,8.0000,4,4,空换,S,2377.0000,0.0000,0.0000,0.0000,0.0000,2378.0000,0.0000,0.0000,0.0000,0.0000,11,0,0,0,0,74,0,0,0,0
zc,WS209,2012-06-29 09:02:33.877,2377.0000,196338,0,0.0000,2.0000,1,1,空换,S,2377.0000,0.0000,0.0000,0.0000,0.0000,2378.0000,0.0000,0.0000,0.0000,0.0000,40,0,0,0,0,74,0,0,0,0
zc,WS209,2012-06-29 09:02:34.407,2377.0000,196338,0,0.0000,2.0000,1,1,空换,S,2377.0000,0.0000,0.0000,0.0000,0.0000,2378.0000,0.0000,0.0000,0.0000,0.0000,40,0,0,0,0,73,0,0,0,0
zc,WS209,2012-06-29 09:02:35.110,2377.0000,196446,108,0.0000,222.0000,165,57,空开,S,2377.0000,0.0000,0.0000,0.0000,0.0000,2379.0000,0.0000,0.0000,0.0000,0.0000,41,0,0,0,0,59,0,0,0,0
zc,WS209,2012-06-29 09:02:35.923,2377.0000,196446,0,0.0000,0.0000,0,0,空换,S,2377.0000,0.0000,0.0000,0.0000,0.0000,2379.0000,0.0000,0.0000,0.0000,0.0000,42,0,0,0,0,62,0,0,0,0
zc,WS209,2012-06-29 09:02:37.937,2377.0000,196446,0,0.0000,0.0000,0,0,空换,S,2378.0000,0.0000,0.0000,0.0000,0.0000,2379.0000,0.0000,0.0000,0.0000,0.0000,1,0,0,0,0,62,0,0,0,0
zc,WS209,2012-06-29 09:02:38.140,2378.0000,196448,2,0.0000,2.0000,2,0,双开,B,2377.0000,0.0000,0.0000,0.0000,0.0000,2379.0000,0.0000,0.0000,0.0000,0.0000,44,0,0,0,0,61,0,0,0,0
zc,WS209,2012-06-29 09:02:38.877,2378.0000,196448,0,0.0000,0.0000,0,0,多换,B,2377.0000,0.0000,0.0000,0.0000,0.0000,2378.0000,0.0000,0.0000,0.0000,0.0000,53,0,0,0,0,26,0,0,0,0
zc,WS209,2012-06-29 09:02:39.407,2378.0000,196448,0,0.0000,0.0000,0,0,多换,B,2377.0000,0.0000,0.0000,0.0000,0.0000,2378.0000,0.0000,0.0000,0.0000,0.0000,53,0,0,0,0,13,0,0,0,0
zc,WS209,2012-06-29 09:02:39.860,2378.0000,196448,0,0.0000,0.0000,0,0,多换,B,2377.0000,0.0000,0.0000,0.0000,0.0000,2378.0000,0.0000,0.0000,0.0000,0.0000,53,0,0,0,0,11,0,0,0,0
zc,WS209,2012-06-29 09:02:40.923,2378.0000,196450,2,0.0000,2.0000,2,0,双开,B,2377.0000,0.0000,0.0000,0.0000,0.0000,2378.0000,0.0000,0.0000,0.0000,0.0000,53,0,0,0,0,9,0,0,0,0
zc,WS209,2012-06-29 09:02:41.407,2378.0000,196450,0,0.0000,0.0000,0,0,多换,B,2377.0000,0.0000,0.0000,0.0000,0.0000,2378.0000,0.0000,0.0000,0.0000,0.0000,203,0,0,0,0,1,0,0,0,0
zc,WS209,2012-06-29 09:02:42.157,2378.0000,196450,0,0.0000,0.0000,0,0,多换,B,2377.0000,0.0000,0.0000,0.0000,0.0000,2378.0000,0.0000,0.0000,0.0000,0.0000,214,0,0,0,0,2,0,0,0,0
zc,WS209,2012-06-29 09:02:42.657,2378.0000,196450,0,0.0000,0.0000,0,0,多换,B,2377.0000,0.0000,0.0000,0.0000,0.0000,2378.0000,0.0000,0.0000,0.0000,0.0000,215,0,0,0,0,3,0,0,0,0
zc,WS209,2012-06-29 09:02:43.390,2378.0000,196450,0,0.0000,6.0000,3,3,多换,B,2378.0000,0.0000,0.0000,0.0000,0.0000,2379.0000,0.0000,0.0000,0.0000,0.0000,215,0,0,0,0,23,0,0,0,0
zc,WS209,2012-06-29 09:02:43.953,2379.0000,196448,-2,0.0000,4.0000,1,3,空平,B,2378.0000,0.0000,0.0000,0.0000,0.0000,2379.0000,0.0000,0.0000,0.0000,0.0000,218,0,0,0,0,22,0,0,0,0
zc,WS209,2012-06-29 09:02:44.673,2379.0000,196428,-20,0.0000,144.0000,62,82,空平,B,2378.0000,0.0000,0.0000,0.0000,0.0000,2380.0000,0.0000,0.0000,0.0000,0.0000,147,0,0,0,0,19,0,0,0,0
zc,WS209,2012-06-29 09:02:44.890,2379.0000,196428,0,0.0000,0.0000,0,0,多换,B,2378.0000,0.0000,0.0000,0.0000,0.0000,2379.0000,0.0000,0.0000,0.0000,0.0000,147,0,0,0,0,1,0,0,0,0
zc,WS209,2012-06-29 09:02:45.627,2378.0000,196428,0,0.0000,40.0000,20,20,空换,S,2378.0000,0.0000,0.0000,0.0000,0.0000,2379.0000,0.0000,0.0000,0.0000,0.0000,129,0,0,0,0,1,0,0,0,0
zc,WS209,2012-06-29 09:02:46.377,2379.0000,196428,0,0.0000,6.0000,3,3,多换,B,2379.0000,0.0000,0.0000,0.0000,0.0000,2380.0000,0.0000,0.0000,0.0000,0.0000,12,0,0,0,0,15,0,0,0,0
zc,WS209,2012-06-29 09:02:46.843,2379.0000,196424,-4,0.0000,4.0000,0,4,双平,B,2379.0000,0.0000,0.0000,0.0000,0.0000,2380.0000,0.0000,0.0000,0.0000,0.0000,3,0,0,0,0,15,0,0,0,0
zc,WS209,2012-06-29 09:02:47.657,2379.0000,196424,0,0.0000,0.0000,0,0,多换,B,2379.0000,0.0000,0.0000,0.0000,0.0000,2380.0000,0.0000,0.0000,0.0000,0.0000,23,0,0,0,0,16,0,0,0,0
zc,WS209,2012-06-29 09:02:47.937,2379.0000,196422,-2,0.0000,4.0000,1,3,空平,B,2379.0000,0.0000,0.0000,0.0000,0.0000,2380.0000,0.0000,0.0000,0.0000,0.0000,26,0,0,0,0,17,0,0,0,0
zc,WS209,2012-06-29 09:02:48.610,2379.0000,196422,0,0.0000,0.0000,0,0,多换,B,2379.0000,0.0000,0.0000,0.0000,0.0000,2380.0000,0.0000,0.0000,0.0000,0.0000,41,0,0,0,0,17,0,0,0,0
zc,WS209,2012-06-29 09:02:49.343,2380.0000,196420,-2,0.0000,4.0000,1,3,空平,B,2379.0000,0.0000,0.0000,0.0000,0.0000,2380.0000,0.0000,0.0000,0.0000,0.0000,41,0,0,0,0,15,0,0,0,0
zc,WS209,2012-06-29 09:02:49.860,2380.0000,196442,22,0.0000,32.0000,27,5,多开,B,2380.0000,0.0000,0.0000,0.0000,0.0000,2381.0000,0.0000,0.0000,0.0000,0.0000,19,0,0,0,0,33,0,0,0,0
zc,WS209,2012-06-29 09:02:50.877,2380.0000,196444,2,0.0000,4.0000,3,1,多开,B,2380.0000,0.0000,0.0000,0.0000,0.0000,2381.0000,0.0000,0.0000,0.0000,0.0000,18,0,0,0,0,34,0,0,0,0
zc,WS209,2012-06-29 09:02:51.640,2380.0000,196444,0,0.0000,10.0000,5,5,多换,B,2380.0000,0.0000,0.0000,0.0000,0.0000,2381.0000,0.0000,0.0000,0.0000,0.0000,13,0,0,0,0,34,0,0,0,0
zc,WS209,2012-06-29 09:02:52.390,2380.0000,196444,0,0.0000,2.0000,1,1,多换,B,2380.0000,0.0000,0.0000,0.0000,0.0000,2381.0000,0.0000,0.0000,0.0000,0.0000,12,0,0,0,0,34,0,0,0,0
zc,WS209,2012-06-29 09:02:52.907,2380.0000,196464,20,0.0000,20.0000,20,0,双开,B,2379.0000,0.0000,0.0000,0.0000,0.0000,2381.0000,0.0000,0.0000,0.0000,0.0000,44,0,0,0,0,24,0,0,0,0
zc,WS209,2012-06-29 09:02:53.360,2380.0000,196464,0,0.0000,0.0000,0,0,多换,B,2379.0000,0.0000,0.0000,0.0000,0.0000,2380.0000,0.0000,0.0000,0.0000,0.0000,44,0,0,0,0,1,0,0,0,0
zc,WS209,2012-06-29 09:02:53.877,2380.0000,196464,0,0.0000,0.0000,0,0,多换,B,2379.0000,0.0000,0.0000,0.0000,0.0000,2380.0000,0.0000,0.0000,0.0000,0.0000,39,0,0,0,0,1,0,0,0,0
zc,WS209,2012-06-29 09:02:54.627,2381.0000,196464,0,0.0000,20.0000,10,10,多换,B,2379.0000,0.0000,0.0000,0.0000,0.0000,2381.0000,0.0000,0.0000,0.0000,0.0000,39,0,0,0,0,17,0,0,0,0
zc,WS209,2012-06-29 09:02:55.110,2381.0000,196464,0,0.0000,0.0000,0,0,多换,B,2379.0000,0.0000,0.0000,0.0000,0.0000,2381.0000,0.0000,0.0000,0.0000,0.0000,41,0,0,0,0,17,0,0,0,0
zc,WS209,2012-06-29 09:02:55.610,2381.0000,196464,0,0.0000,0.0000,0,0,多换,B,2379.0000,0.0000,0.0000,0.0000,0.0000,2381.0000,0.0000,0.0000,0.0000,0.0000,29,0,0,0,0,17,0,0,0,0
zc,WS209,2012-06-29 09:02:56.360,2381.0000,196464,0,0.0000,0.0000,0,0,多换,B,2379.0000,0.0000,0.0000,0.0000,0.0000,2381.0000,0.0000,0.0000,0.0000,0.0000,29,0,0,0,0,18,0,0,0,0
zc,WS209,2012-06-29 09:02:56.907,2381.0000,196464,0,0.0000,0.0000,0,0,多换,B,2379.0000,0.0000,0.0000,0.0000,0.0000,2381.0000,0.0000,0.0000,0.0000,0.0000,30,0,0,0,0,18,0,0,0,0
zc,WS209,2012-06-29 09:02:57.343,2381.0000,196478,14,0.0000,14.0000,14,0,双开,B,2379.0000,0.0000,0.0000,0.0000,0.0000,2381.0000,0.0000,0.0000,0.0000,0.0000,41,0,0,0,0,8,0,0,0,0
zc,WS209,2012-06-29 09:02:58.110,2381.0000,196478,0,0.0000,0.0000,0,0,多换,B,2380.0000,0.0000,0.0000,0.0000,0.0000,2381.0000,0.0000,0.0000,0.0000,0.0000,4,0,0,0,0,5,0,0,0,0
zc,WS209,2012-06-29 09:02:58.657,2381.0000,196478,0,0.0000,4.0000,2,2,多换,B,2380.0000,0.0000,0.0000,0.0000,0.0000,2381.0000,0.0000,0.0000,0.0000,0.0000,4,0,0,0,0,3,0,0,0,0
zc,WS209,2012-06-29 09:02:59.390,2381.0000,196478,0,0.0000,0.0000,0,0,多换,B,2380.0000,0.0000,0.0000,0.0000,0.0000,2381.0000,0.0000,0.0000,0.0000,0.0000,37,0,0,0,0,4,0,0,0,0
zc,WS209,2012-06-29 09:02:59.627,2381.0000,196480,2,0.0000,4.0000,3,1,多开,B,2380.0000,0.0000,0.0000,0.0000,0.0000,2381.0000,0.0000,0.0000,0.0000,0.0000,54,0,0,0,0,2,0,0,0,0
zc,WS209,2012-06-29 09:03:00.687,2381.0000,196480,0,0.0000,0.0000,0,0,多换,B,2380.0000,0.0000,0.0000,0.0000,0.0000,2381.0000,0.0000,0.0000,0.0000,0.0000,48,0,0,0,0,3,0,0,0,0
zc,WS209,2012-06-29 09:03:01.203,2381.0000,196474,-6,0.0000,10.0000,2,8,空平,B,2380.0000,0.0000,0.0000,0.0000,0.0000,2382.0000,0.0000,0.0000,0.0000,0.0000,40,0,0,0,0,10,0,0,0,0
zc,WS209,2012-06-29 09:03:01.907,2381.0000,196474,0,0.0000,6.0000,3,3,多换,B,2380.0000,0.0000,0.0000,0.0000,0.0000,2381.0000,0.0000,0.0000,0.0000,0.0000,41,0,0,0,0,30,0,0,0,0
zc,WS209,2012-06-29 09:03:02.407,2380.0000,196458,-16,0.0000,46.0000,15,31,多平,S,2380.0000,0.0000,0.0000,0.0000,0.0000,2381.0000,0.0000,0.0000,0.0000,0.0000,26,0,0,0,0,23,0,0,0,0
zc,WS209,2012-06-29 09:03:02.907,2381.0000,196440,-18,0.0000,18.0000,0,18,双平,B,2380.0000,0.0000,0.0000,0.0000,0.0000,2381.0000,0.0000,0.0000,0.0000,0.0000,22,0,0,0,0,14,0,0,0,0
zc,WS209,2012-06-29 09:03:03.640,2381.0000,196440,0,0.0000,0.0000,0,0,多换,B,2380.0000,0.0000,0.0000,0.0000,0.0000,2381.0000,0.0000,0.0000,0.0000,0.0000,11,0,0,0,0,14,0,0,0,0
zc,WS209,2012-06-29 09:03:04.187,2381.0000,196440,0,0.0000,0.0000,0,0,多换,B,2380.0000,0.0000,0.0000,0.0000,0.0000,2381.0000,0.0000,0.0000,0.0000,0.0000,3,0,0,0,0,23,0,0,0,0
zc,WS209,2012-06-29 09:03:04.890,2381.0000,196440,0,0.0000,0.0000,0,0,多换,B,2380.0000,0.0000,0.0000,0.0000,0.0000,2381.0000,0.0000,0.0000,0.0000,0.0000,1,0,0,0,0,30,0,0,0,0
zc,WS209,2012-06-29 09:03:05.390,2380.0000,196442,2,0.0000,2.0000,2,0,双开,S,2379.0000,0.0000,0.0000,0.0000,0.0000,2381.0000,0.0000,0.0000,0.0000,0.0000,56,0,0,0,0,29,0,0,0,0
zc,WS209,2012-06-29 09:03:05.890,2381.0000,196436,-6,0.0000,6.0000,0,6,双平,B,2379.0000,0.0000,0.0000,0.0000,0.0000,2381.0000,0.0000,0.0000,0.0000,0.0000,57,0,0,0,0,26,0,0,0,0
zc,WS209,2012-06-29 09:03:06.593,2381.0000,196436,0,0.0000,2.0000,1,1,多换,B,2379.0000,0.0000,0.0000,0.0000,0.0000,2381.0000,0.0000,0.0000,0.0000,0.0000,58,0,0,0,0,25,0,0,0,0
zc,WS209,2012-06-29 09:03:07.187,2381.0000,196436,0,0.0000,0.0000,0,0,多换,B,2379.0000,0.0000,0.0000,0.0000,0.0000,2381.0000,0.0000,0.0000,0.0000,0.0000,58,0,0,0,0,29,0,0,0,0
zc,WS209,2012-06-29 09:03:07.937,2381.0000,196436,0,0.0000,0.0000,0,0,多换,B,2379.0000,0.0000,0.0000,0.0000,0.0000,2380.0000,0.0000,0.0000,0.0000,0.0000,57,0,0,0,0,1,0,0,0,0
zc,WS209,2012-06-29 09:03:08.453,2381.0000,196436,0,0.0000,0.0000,0,0,多换,B,2379.0000,0.0000,0.0000,0.0000,0.0000,2380.0000,0.0000,0.0000,0.0000,0.0000,33,0,0,0,0,1,0,0,0,0
zc,WS209,2012-06-29 09:03:09.377,2380.0000,196436,0,0.0000,4.0000,2,2,空换,S,2380.0000,0.0000,0.0000,0.0000,0.0000,2381.0000,0.0000,0.0000,0.0000,0.0000,22,0,0,0,0,30,0,0,0,0
zc,WS209,2012-06-29 09:03:10.423,2380.0000,196436,0,0.0000,2.0000,1,1,空换,S,2380.0000,0.0000,0.0000,0.0000,0.0000,2381.0000,0.0000,0.0000,0.0000,0.0000,21,0,0,0,0,30,0,0,0,0
zc,WS209,2012-06-29 09:03:10.890,2380.0000,196436,0,0.0000,6.0000,3,3,空换,S,2380.0000,0.0000,0.0000,0.0000,0.0000,2381.0000,0.0000,0.0000,0.0000,0.0000,18,0,0,0,0,30,0,0,0,0
zc,WS209,2012-06-29 09:03:11.360,2380.0000,196436,0,0.0000,2.0000,1,1,空换,S,2380.0000,0.0000,0.0000,0.0000,0.0000,2381.0000,0.0000,0.0000,0.0000,0.0000,17,0,0,0,0,31,0,0,0,0
zc,WS209,2012-06-29 09:03:11.877,2380.0000,196438,2,0.0000,2.0000,2,0,双开,S,2380.0000,0.0000,0.0000,0.0000,0.0000,2381.0000,0.0000,0.0000,0.0000,0.0000,16,0,0,0,0,31,0,0,0,0
zc,WS209,2012-06-29 09:03:13.140,2380.0000,196446,8,0.0000,8.0000,8,0,双开,S,2380.0000,0.0000,0.0000,0.0000,0.0000,2381.0000,0.0000,0.0000,0.0000,0.0000,13,0,0,0,0,30,0,0,0,0
zc,WS209,2012-06-29 09:03:13.627,2380.0000,196448,2,0.0000,2.0000,2,0,双开,S,2380.0000,0.0000,0.0000,0.0000,0.0000,2381.0000,0.0000,0.0000,0.0000,0.0000,12,0,0,0,0,30,0,0,0,0
zc,WS209,2012-06-29 09:03:14.423,2380.0000,196450,2,0.0000,2.0000,2,0,双开,S,2380.0000,0.0000,0.0000,0.0000,0.0000,2381.0000,0.0000,0.0000,0.0000,0.0000,11,0,0,0,0,29,0,0,0,0
zc,WS209,2012-06-29 09:03:15.640,2380.0000,196454,4,0.0000,4.0000,4,0,双开,S,2380.0000,0.0000,0.0000,0.0000,0.0000,2381.0000,0.0000,0.0000,0.0000,0.0000,9,0,0,0,0,28,0,0,0,0
zc,WS209,2012-06-29 09:03:16.140,2380.0000,196456,2,0.0000,4.0000,3,1,空开,S,2380.0000,0.0000,0.0000,0.0000,0.0000,2381.0000,0.0000,0.0000,0.0000,0.0000,407,0,0,0,0,28,0,0,0,0
zc,WS209,2012-06-29 09:03:16.890,2380.0000,196462,6,0.0000,6.0000,6,0,双开,S,2380.0000,0.0000,0.0000,0.0000,0.0000,2381.0000,0.0000,0.0000,0.0000,0.0000,404,0,0,0,0,27,0,0,0,0
zc,WS209,2012-06-29 09:03:17.407,2381.0000,196464,2,0.0000,4.0000,3,1,多开,B,2380.0000,0.0000,0.0000,0.0000,0.0000,2381.0000,0.0000,0.0000,0.0000,0.0000,403,0,0,0,0,28,0,0,0,0
zc,WS209,2012-06-29 09:03:18.157,2380.0000,196466,2,0.0000,2.0000,2,0,双开,S,2380.0000,0.0000,0.0000,0.0000,0.0000,2381.0000,0.0000,0.0000,0.0000,0.0000,402,0,0,0,0,28,0,0,0,0
zc,WS209,2012-06-29 09:03:18.360,2380.0000,196466,0,0.0000,0.0000,0,0,空换,S,2380.0000,0.0000,0.0000,0.0000,0.0000,2381.0000,0.0000,0.0000,0.0000,0.0000,426,0,0,0,0,28,0,0,0,0
zc,WS209,2012-06-29 09:03:19.140,2380.0000,196466,0,0.0000,0.0000,0,0,空换,S,2380.0000,0.0000,0.0000,0.0000,0.0000,2381.0000,0.0000,0.0000,0.0000,0.0000,433,0,0,0,0,27,0,0,0,0
zc,WS209,2012-06-29 09:03:20.377,2380.0000,196466,0,0.0000,0.0000,0,0,空换,S,2380.0000,0.0000,0.0000,0.0000,0.0000,2381.0000,0.0000,0.0000,0.0000,0.0000,430,0,0,0,0,27,0,0,0,0
zc,WS209,2012-06-29 09:03:21.173,2380.0000,196466,0,0.0000,0.0000,0,0,空换,S,2380.0000,0.0000,0.0000,0.0000,0.0000,2381.0000,0.0000,0.0000,0.0000,0.0000,424,0,0,0,0,27,0,0,0,0
zc,WS209,2012-06-29 09:03:21.407,2380.0000,196466,0,0.0000,0.0000,0,0,空换,S,2380.0000,0.0000,0.0000,0.0000,0.0000,2381.0000,0.0000,0.0000,0.0000,0.0000,437,0,0,0,0,28,0,0,0,0
zc,WS209,2012-06-29 09:03:22.110,2380.0000,196044,-422,0.0000,426.0000,2,424,多平,S,2380.0000,0.0000,0.0000,0.0000,0.0000,2381.0000,0.0000,0.0000,0.0000,0.0000,219,0,0,0,0,29,0,0,0,0
zc,WS209,2012-06-29 09:03:22.657,2380.0000,196044,0,0.0000,2.0000,1,1,空换,S,2380.0000,0.0000,0.0000,0.0000,0.0000,2381.0000,0.0000,0.0000,0.0000,0.0000,218,0,0,0,0,30,0,0,0,0
zc,WS209,2012-06-29 09:03:23.377,2381.0000,196044,0,0.0000,2.0000,1,1,多换,B,2380.0000,0.0000,0.0000,0.0000,0.0000,2381.0000,0.0000,0.0000,0.0000,0.0000,220,0,0,0,0,29,0,0,0,0
zc,WS209,2012-06-29 09:03:24.377,2380.0000,196038,-6,0.0000,6.0000,0,6,双平,S,2380.0000,0.0000,0.0000,0.0000,0.0000,2381.0000,0.0000,0.0000,0.0000,0.0000,217,0,0,0,0,29,0,0,0,0
zc,WS209,2012-06-29 09:03:25.657,2380.0000,196038,0,0.0000,0.0000,0,0,空换,S,2380.0000,0.0000,0.0000,0.0000,0.0000,2381.0000,0.0000,0.0000,0.0000,0.0000,217,0,0,0,0,28,0,0,0,0
zc,WS209,2012-06-29 09:03:26.890,2381.0000,195998,-40,0.0000,40.0000,0,40,双平,B,2380.0000,0.0000,0.0000,0.0000,0.0000,2381.0000,0.0000,0.0000,0.0000,0.0000,217,0,0,0,0,8,0,0,0,0
zc,WS209,2012-06-29 09:03:27.377,2381.0000,195998,0,0.0000,0.0000,0,0,多换,B,2380.0000,0.0000,0.0000,0.0000,0.0000,2381.0000,0.0000,0.0000,0.0000,0.0000,217,0,0,0,0,14,0,0,0,0
zc,WS209,2012-06-29 09:03:27.843,2381.0000,195998,0,0.0000,0.0000,0,0,多换,B,2380.0000,0.0000,0.0000,0.0000,0.0000,2381.0000,0.0000,0.0000,0.0000,0.0000,217,0,0,0,0,16,0,0,0,0
zc,WS209,2012-06-29 09:03:29.127,2380.0000,195998,0,0.0000,2.0000,1,1,空换,S,2380.0000,0.0000,0.0000,0.0000,0.0000,2381.0000,0.0000,0.0000,0.0000,0.0000,216,0,0,0,0,16,0,0,0,0
zc,WS209,2012-06-29 09:03:30.923,2380.0000,195988,-10,0.0000,16.0000,3,13,多平,S,2380.0000,0.0000,0.0000,0.0000,0.0000,2381.0000,0.0000,0.0000,0.0000,0.0000,215,0,0,0,0,9,0,0,0,0
zc,WS209,2012-06-29 09:03:32.173,2380.0000,195986,-2,0.0000,2.0000,0,2,双平,S,2380.0000,0.0000,0.0000,0.0000,0.0000,2381.0000,0.0000,0.0000,0.0000,0.0000,214,0,0,0,0,9,0,0,0,0
zc,WS209,2012-06-29 09:03:32.687,2381.0000,195986,0,0.0000,2.0000,1,1,多换,B,2380.0000,0.0000,0.0000,0.0000,0.0000,2381.0000,0.0000,0.0000,0.0000,0.0000,215,0,0,0,0,9,0,0,0,0
zc,WS209,2012-06-29 09:03:34.877,2381.0000,195986,0,0.0000,0.0000,0,0,多换,B,2380.0000,0.0000,0.0000,0.0000,0.0000,2381.0000,0.0000,0.0000,0.0000,0.0000,215,0,0,0,0,36,0,0,0,0
zc,WS209,2012-06-29 09:03:37.407,2381.0000,195986,0,0.0000,0.0000,0,0,多换,B,2380.0000,0.0000,0.0000,0.0000,0.0000,2381.0000,0.0000,0.0000,0.0000,0.0000,215,0,0,0,0,37,0,0,0,0
zc,WS209,2012-06-29 09:03:38.127,2381.0000,195982,-4,0.0000,4.0000,0,4,双平,B,2380.0000,0.0000,0.0000,0.0000,0.0000,2381.0000,0.0000,0.0000,0.0000,0.0000,215,0,0,0,0,35,0,0,0,0
zc,WS209,2012-06-29 09:03:39.377,2381.0000,195982,0,0.0000,4.0000,2,2,多换,B,2380.0000,0.0000,0.0000,0.0000,0.0000,2381.0000,0.0000,0.0000,0.0000,0.0000,215,0,0,0,0,10,0,0,0,0
zc,WS209,2012-06-29 09:03:39.627,2381.0000,195982,0,0.0000,0.0000,0,0,多换,B,2380.0000,0.0000,0.0000,0.0000,0.0000,2381.0000,0.0000,0.0000,0.0000,0.0000,215,0,0,0,0,12,0,0,0,0
zc,WS209,2012-06-29 09:03:41.173,2381.0000,195982,0,0.0000,2.0000,1,1,多换,B,2380.0000,0.0000,0.0000,0.0000,0.0000,2381.0000,0.0000,0.0000,0.0000,0.0000,215,0,0,0,0,12,0,0,0,0
zc,WS209,2012-06-29 09:03:41.673,2381.0000,195982,0,0.0000,4.0000,2,2,多换,B,2380.0000,0.0000,0.0000,0.0000,0.0000,2381.0000,0.0000,0.0000,0.0000,0.0000,215,0,0,0,0,11,0,0,0,0
zc,WS209,2012-06-29 09:03:43.127,2381.0000,195982,0,0.0000,0.0000,0,0,多换,B,2380.0000,0.0000,0.0000,0.0000,0.0000,2381.0000,0.0000,0.0000,0.0000,0.0000,215,0,0,0,0,13,0,0,0,0
zc,WS209,2012-06-29 09:03:44.407,2381.0000,195982,0,0.0000,0.0000,0,0,多换,B,2380.0000,0.0000,0.0000,0.0000,0.0000,2381.0000,0.0000,0.0000,0.0000,0.0000,215,0,0,0,0,12,0,0,0,0
zc,WS209,2012-06-29 09:03:44.907,2381.0000,195982,0,0.0000,2.0000,1,1,多换,B,2380.0000,0.0000,0.0000,0.0000,0.0000,2381.0000,0.0000,0.0000,0.0000,0.0000,215,0,0,0,0,12,0,0,0,0
zc,WS209,2012-06-29 09:03:45.737,2381.0000,195982,0,0.0000,0.0000,0,0,多换,B,2380.0000,0.0000,0.0000,0.0000,0.0000,2381.0000,0.0000,0.0000,0.0000,0.0000,215,0,0,0,0,10,0,0,0,0
zc,WS209,2012-06-29 09:03:46.377,2381.0000,195982,0,0.0000,0.0000,0,0,多换,B,2380.0000,0.0000,0.0000,0.0000,0.0000,2381.0000,0.0000,0.0000,0.0000,0.0000,215,0,0,0,0,33,0,0,0,0
zc,WS209,2012-06-29 09:03:51.157,2381.0000,195982,0,0.0000,0.0000,0,0,多换,B,2380.0000,0.0000,0.0000,0.0000,0.0000,2381.0000,0.0000,0.0000,0.0000,0.0000,215,0,0,0,0,35,0,0,0,0
zc,WS209,2012-06-29 09:03:53.173,2381.0000,195982,0,0.0000,0.0000,0,0,多换,B,2380.0000,0.0000,0.0000,0.0000,0.0000,2381.0000,0.0000,0.0000,0.0000,0.0000,215,0,0,0,0,36,0,0,0,0
zc,WS209,2012-06-29 09:03:55.907,2381.0000,195982,0,0.0000,0.0000,0,0,多换,B,2380.0000,0.0000,0.0000,0.0000,0.0000,2381.0000,0.0000,0.0000,0.0000,0.0000,216,0,0,0,0,36,0,0,0,0
zc,WS209,2012-06-29 09:03:57.907,2380.0000,195982,0,0.0000,2.0000,1,1,空换,S,2380.0000,0.0000,0.0000,0.0000,0.0000,2381.0000,0.0000,0.0000,0.0000,0.0000,215,0,0,0,0,36,0,0,0,0
zc,WS209,2012-06-29 09:03:58.453,2380.0000,195982,0,0.0000,2.0000,1,1,空换,S,2380.0000,0.0000,0.0000,0.0000,0.0000,2381.0000,0.0000,0.0000,0.0000,0.0000,214,0,0,0,0,36,0,0,0,0
zc,WS209,2012-06-29 09:03:58.923,2381.0000,195978,-4,0.0000,4.0000,0,4,双平,B,2380.0000,0.0000,0.0000,0.0000,0.0000,2381.0000,0.0000,0.0000,0.0000,0.0000,214,0,0,0,0,34,0,0,0,0
zc,WS209,2012-06-29 09:03:59.390,2380.0000,195978,0,0.0000,2.0000,1,1,空换,S,2380.0000,0.0000,0.0000,0.0000,0.0000,2381.0000,0.0000,0.0000,0.0000,0.0000,213,0,0,0,0,34,0,0,0,0
zc,WS209,2012-06-29 09:04:00.140,2380.0000,195784,-194,0.0000,214.0000,10,204,多平,S,2380.0000,0.0000,0.0000,0.0000,0.0000,2381.0000,0.0000,0.0000,0.0000,0.0000,106,0,0,0,0,15,0,0,0,0
zc,WS209,2012-06-29 09:04:00.813,2380.0000,195780,-4,0.0000,16.0000,6,10,多平,S,2380.0000,0.0000,0.0000,0.0000,0.0000,2381.0000,0.0000,0.0000,0.0000,0.0000,98,0,0,0,0,17,0,0,0,0
zc,WS209,2012-06-29 09:04:01.407,2380.0000,195778,-2,0.0000,74.0000,36,38,多平,S,2380.0000,0.0000,0.0000,0.0000,0.0000,2381.0000,0.0000,0.0000,0.0000,0.0000,61,0,0,0,0,20,0,0,0,0
zc,WS209,2012-06-29 09:04:02.687,2380.0000,195778,0,0.0000,10.0000,5,5,空换,S,2380.0000,0.0000,0.0000,0.0000,0.0000,2381.0000,0.0000,0.0000,0.0000,0.0000,56,0,0,0,0,18,0,0,0,0
zc,WS209,2012-06-29 09:04:03.423,2380.0000,195774,-4,0.0000,18.0000,7,11,多平,S,2380.0000,0.0000,0.0000,0.0000,0.0000,2381.0000,0.0000,0.0000,0.0000,0.0000,47,0,0,0,0,131,0,0,0,0
zc,WS209,2012-06-29 09:04:03.890,2380.0000,195782,8,0.0000,94.0000,51,43,空开,S,2379.0000,0.0000,0.0000,0.0000,0.0000,2381.0000,0.0000,0.0000,0.0000,0.0000,44,0,0,0,0,130,0,0,0,0
zc,WS209,2012-06-29 09:04:06.860,2380.0000,195782,0,0.0000,0.0000,0,0,空换,S,2379.0000,0.0000,0.0000,0.0000,0.0000,2380.0000,0.0000,0.0000,0.0000,0.0000,44,0,0,0,0,1,0,0,0,0
zc,WS209,2012-06-29 09:04:07.407,2380.0000,195782,0,0.0000,0.0000,0,0,空换,S,2379.0000,0.0000,0.0000,0.0000,0.0000,2380.0000,0.0000,0.0000,0.0000,0.0000,44,0,0,0,0,2,0,0,0,0
zc,WS209,2012-06-29 09:04:08.157,2380.0000,195782,0,0.0000,0.0000,0,0,空换,S,2379.0000,0.0000,0.0000,0.0000,0.0000,2380.0000,0.0000,0.0000,0.0000,0.0000,44,0,0,0,0,3,0,0,0,0
zc,WS209,2012-06-29 09:04:09.703,2380.0000,195782,0,0.0000,0.0000,0,0,空换,S,2379.0000,0.0000,0.0000,0.0000,0.0000,2380.0000,0.0000,0.0000,0.0000,0.0000,44,0,0,0,0,5,0,0,0,0
zc,WS209,2012-06-29 09:04:09.877,2380.0000,195782,0,0.0000,0.0000,0,0,空换,S,2379.0000,0.0000,0.0000,0.0000,0.0000,2380.0000,0.0000,0.0000,0.0000,0.0000,44,0,0,0,0,6,0,0,0,0
zc,WS209,2012-06-29 09:04:11.470,2380.0000,195782,0,0.0000,0.0000,0,0,空换,S,2379.0000,0.0000,0.0000,0.0000,0.0000,2380.0000,0.0000,0.0000,0.0000,0.0000,44,0,0,0,0,26,0,0,0,0
zc,WS209,2012-06-29 09:04:12.127,2380.0000,195782,0,0.0000,0.0000,0,0,空换,S,2379.0000,0.0000,0.0000,0.0000,0.0000,2380.0000,0.0000,0.0000,0.0000,0.0000,44,0,0,0,0,27,0,0,0,0
zc,WS209,2012-06-29 09:04:13.423,2380.0000,195782,0,0.0000,0.0000,0,0,空换,S,2379.0000,0.0000,0.0000,0.0000,0.0000,2380.0000,0.0000,0.0000,0.0000,0.0000,43,0,0,0,0,27,0,0,0,0
zc,WS209,2012-06-29 09:04:14.687,2380.0000,195782,0,0.0000,0.0000,0,0,空换,S,2379.0000,0.0000,0.0000,0.0000,0.0000,2380.0000,0.0000,0.0000,0.0000,0.0000,53,0,0,0,0,27,0,0,0,0
zc,WS209,2012-06-29 09:04:15.173,2380.0000,195782,0,0.0000,0.0000,0,0,空换,S,2379.0000,0.0000,0.0000,0.0000,0.0000,2380.0000,0.0000,0.0000,0.0000,0.0000,53,0,0,0,0,28,0,0,0,0
zc,WS209,2012-06-29 09:04:15.923,2380.0000,195782,0,0.0000,0.0000,0,0,空换,S,2379.0000,0.0000,0.0000,0.0000,0.0000,2380.0000,0.0000,0.0000,0.0000,0.0000,53,0,0,0,0,33,0,0,0,0
zc,WS209,2012-06-29 09:04:16.423,2379.0000,195784,2,0.0000,2.0000,2,0,双开,S,2379.0000,0.0000,0.0000,0.0000,0.0000,2380.0000,0.0000,0.0000,0.0000,0.0000,52,0,0,0,0,33,0,0,0,0
zc,WS209,2012-06-29 09:04:17.140,2379.0000,195786,2,0.0000,2.0000,2,0,双开,S,2379.0000,0.0000,0.0000,0.0000,0.0000,2380.0000,0.0000,0.0000,0.0000,0.0000,51,0,0,0,0,32,0,0,0,0
zc,WS209,2012-06-29 09:04:17.890,2379.0000,195744,-42,0.0000,44.0000,1,43,多平,S,2379.0000,0.0000,0.0000,0.0000,0.0000,2380.0000,0.0000,0.0000,0.0000,0.0000,29,0,0,0,0,32,0,0,0,0
zc,WS209,2012-06-29 09:04:20.173,2379.0000,195744,0,0.0000,0.0000,0,0,空换,S,2379.0000,0.0000,0.0000,0.0000,0.0000,2380.0000,0.0000,0.0000,0.0000,0.0000,30,0,0,0,0,32,0,0,0,0
zc,WS209,2012-06-29 09:04:20.627,2379.0000,195744,0,0.0000,0.0000,0,0,空换,S,2379.0000,0.0000,0.0000,0.0000,0.0000,2380.0000,0.0000,0.0000,0.0000,0.0000,30,0,0,0,0,41,0,0,0,0
zc,WS209,2012-06-29 09:04:21.110,2379.0000,195740,-4,0.0000,4.0000,0,4,双平,S,2379.0000,0.0000,0.0000,0.0000,0.0000,2380.0000,0.0000,0.0000,0.0000,0.0000,28,0,0,0,0,41,0,0,0,0
zc,WS209,2012-06-29 09:04:21.377,2379.0000,195738,-2,0.0000,2.0000,0,2,双平,S,2379.0000,0.0000,0.0000,0.0000,0.0000,2380.0000,0.0000,0.0000,0.0000,0.0000,27,0,0,0,0,41,0,0,0,0
zc,WS209,2012-06-29 09:04:22.657,2379.0000,195736,-2,0.0000,2.0000,0,2,双平,S,2379.0000,0.0000,0.0000,0.0000,0.0000,2380.0000,0.0000,0.0000,0.0000,0.0000,26,0,0,0,0,41,0,0,0,0
zc,WS209,2012-06-29 09:04:23.673,2379.0000,195736,0,0.0000,20.0000,10,10,空换,S,2379.0000,0.0000,0.0000,0.0000,0.0000,2380.0000,0.0000,0.0000,0.0000,0.0000,17,0,0,0,0,41,0,0,0,0
zc,WS209,2012-06-29 09:04:24.877,2379.0000,195736,0,0.0000,2.0000,1,1,空换,S,2379.0000,0.0000,0.0000,0.0000,0.0000,2380.0000,0.0000,0.0000,0.0000,0.0000,6,0,0,0,0,57,0,0,0,0
zc,WS209,2012-06-29 09:04:26.157,2379.0000,195736,0,0.0000,2.0000,1,1,空换,S,2379.0000,0.0000,0.0000,0.0000,0.0000,2380.0000,0.0000,0.0000,0.0000,0.0000,5,0,0,0,0,56,0,0,0,0
zc,WS209,2012-06-29 09:04:26.890,2379.0000,195736,0,0.0000,2.0000,1,1,空换,S,2379.0000,0.0000,0.0000,0.0000,0.0000,2380.0000,0.0000,0.0000,0.0000,0.0000,4,0,0,0,0,56,0,0,0,0
zc,WS209,2012-06-29 09:04:27.407,2379.0000,195738,2,0.0000,8.0000,5,3,空开,S,2378.0000,0.0000,0.0000,0.0000,0.0000,2379.0000,0.0000,0.0000,0.0000,0.0000,40,0,0,0,0,7,0,0,0,0
zc,WS209,2012-06-29 09:04:28.173,2379.0000,195738,0,0.0000,0.0000,0,0,空换,S,2378.0000,0.0000,0.0000,0.0000,0.0000,2380.0000,0.0000,0.0000,0.0000,0.0000,45,0,0,0,0,48,0,0,0,0
zc,WS209,2012-06-29 09:04:28.657,2379.0000,195738,0,0.0000,0.0000,0,0,空换,S,2379.0000,0.0000,0.0000,0.0000,0.0000,2380.0000,0.0000,0.0000,0.0000,0.0000,1,0,0,0,0,66,0,0,0,0
zc,WS209,2012-06-29 09:04:29.140,2379.0000,195738,0,0.0000,0.0000,0,0,空换,S,2379.0000,0.0000,0.0000,0.0000,0.0000,2380.0000,0.0000,0.0000,0.0000,0.0000,1,0,0,0,0,67,0,0,0,0
zc,WS209,2012-06-29 09:04:30.390,2379.0000,195738,0,0.0000,0.0000,0,0,空换,S,2379.0000,0.0000,0.0000,0.0000,0.0000,2380.0000,0.0000,0.0000,0.0000,0.0000,1,0,0,0,0,69,0,0,0,0
zc,WS209,2012-06-29 09:04:31.140,2379.0000,195738,0,0.0000,2.0000,1,1,空换,S,2378.0000,0.0000,0.0000,0.0000,0.0000,2379.0000,0.0000,0.0000,0.0000,0.0000,55,0,0,0,0,2,0,0,0,0
zc,WS209,2012-06-29 09:04:31.627,2379.0000,195738,0,0.0000,0.0000,0,0,空换,S,2378.0000,0.0000,0.0000,0.0000,0.0000,2379.0000,0.0000,0.0000,0.0000,0.0000,57,0,0,0,0,2,0,0,0,0
zc,WS209,2012-06-29 09:04:32.360,2379.0000,195738,0,0.0000,0.0000,0,0,空换,S,2378.0000,0.0000,0.0000,0.0000,0.0000,2379.0000,0.0000,0.0000,0.0000,0.0000,58,0,0,0,0,12,0,0,0,0
zc,WS209,2012-06-29 09:04:33.627,2379.0000,195738,0,0.0000,0.0000,0,0,空换,S,2378.0000,0.0000,0.0000,0.0000,0.0000,2379.0000,0.0000,0.0000,0.0000,0.0000,59,0,0,0,0,12,0,0,0,0
zc,WS209,2012-06-29 09:04:35.890,2379.0000,195738,0,0.0000,0.0000,0,0,空换,S,2378.0000,0.0000,0.0000,0.0000,0.0000,2379.0000,0.0000,0.0000,0.0000,0.0000,59,0,0,0,0,13,0,0,0,0
zc,WS209,2012-06-29 09:04:36.657,2379.0000,195736,-2,0.0000,6.0000,2,4,多平,S,2378.0000,0.0000,0.0000,0.0000,0.0000,2379.0000,0.0000,0.0000,0.0000,0.0000,56,0,0,0,0,10,0,0,0,0
zc,WS209,2012-06-29 09:04:37.657,2379.0000,195736,0,0.0000,4.0000,2,2,空换,S,2378.0000,0.0000,0.0000,0.0000,0.0000,2379.0000,0.0000,0.0000,0.0000,0.0000,53,0,0,0,0,8,0,0,0,0
zc,WS209,2012-06-29 09:04:38.140,2379.0000,195736,0,0.0000,0.0000,0,0,空换,S,2378.0000,0.0000,0.0000,0.0000,0.0000,2379.0000,0.0000,0.0000,0.0000,0.0000,53,0,0,0,0,9,0,0,0,0
zc,WS209,2012-06-29 09:04:39.377,2379.0000,195736,0,0.0000,2.0000,1,1,空换,S,2378.0000,0.0000,0.0000,0.0000,0.0000,2379.0000,0.0000,0.0000,0.0000,0.0000,52,0,0,0,0,8,0,0,0,0
zc,WS209,2012-06-29 09:04:40.173,2379.0000,195736,0,0.0000,0.0000,0,0,空换,S,2378.0000,0.0000,0.0000,0.0000,0.0000,2379.0000,0.0000,0.0000,0.0000,0.0000,52,0,0,0,0,9,0,0,0,0
zc,WS209,2012-06-29 09:04:40.640,2379.0000,195736,0,0.0000,0.0000,0,0,空换,S,2378.0000,0.0000,0.0000,0.0000,0.0000,2379.0000,0.0000,0.0000,0.0000,0.0000,53,0,0,0,0,10,0,0,0,0
zc,WS209,2012-06-29 09:04:41.140,2379.0000,195738,2,0.0000,4.0000,3,1,空开,S,2378.0000,0.0000,0.0000,0.0000,0.0000,2379.0000,0.0000,0.0000,0.0000,0.0000,52,0,0,0,0,8,0,0,0,0
zc,WS209,2012-06-29 09:04:41.877,2379.0000,195750,12,0.0000,16.0000,14,2,空开,S,2379.0000,0.0000,0.0000,0.0000,0.0000,2380.0000,0.0000,0.0000,0.0000,0.0000,3,0,0,0,0,158,0,0,0,0
zc,WS209,2012-06-29 09:04:42.453,2379.0000,195750,0,0.0000,0.0000,0,0,空换,S,2379.0000,0.0000,0.0000,0.0000,0.0000,2380.0000,0.0000,0.0000,0.0000,0.0000,3,0,0,0,0,160,0,0,0,0
zc,WS209,2012-06-29 09:04:43.140,2379.0000,195750,0,0.0000,0.0000,0,0,空换,S,2379.0000,0.0000,0.0000,0.0000,0.0000,2380.0000,0.0000,0.0000,0.0000,0.0000,4,0,0,0,0,160,0,0,0,0
zc,WS209,2012-06-29 09:04:43.407,2379.0000,195750,0,0.0000,0.0000,0,0,空换,S,2379.0000,0.0000,0.0000,0.0000,0.0000,2380.0000,0.0000,0.0000,0.0000,0.0000,6,0,0,0,0,160,0,0,0,0
zc,WS209,2012-06-29 09:04:44.640,2379.0000,195762,12,0.0000,12.0000,12,0,双开,S,2378.0000,0.0000,0.0000,0.0000,0.0000,2379.0000,0.0000,0.0000,0.0000,0.0000,50,0,0,0,0,4,0,0,0,0
zc,WS209,2012-06-29 09:04:45.843,2379.0000,195762,0,0.0000,8.0000,4,4,空换,S,2379.0000,0.0000,0.0000,0.0000,0.0000,2380.0000,0.0000,0.0000,0.0000,0.0000,96,0,0,0,0,160,0,0,0,0
zc,WS209,2012-06-29 09:04:47.657,2379.0000,195762,0,0.0000,0.0000,0,0,空换,S,2379.0000,0.0000,0.0000,0.0000,0.0000,2380.0000,0.0000,0.0000,0.0000,0.0000,98,0,0,0,0,160,0,0,0,0
zc,WS209,2012-06-29 09:04:48.157,2379.0000,195762,0,0.0000,0.0000,0,0,空换,S,2379.0000,0.0000,0.0000,0.0000,0.0000,2380.0000,0.0000,0.0000,0.0000,0.0000,98,0,0,0,0,161,0,0,0,0
zc,WS209,2012-06-29 09:04:48.657,2379.0000,195762,0,0.0000,0.0000,0,0,空换,S,2379.0000,0.0000,0.0000,0.0000,0.0000,2380.0000,0.0000,0.0000,0.0000,0.0000,100,0,0,0,0,161,0,0,0,0
zc,WS209,2012-06-29 09:04:49.657,2379.0000,195762,0,0.0000,10.0000,5,5,空换,S,2379.0000,0.0000,0.0000,0.0000,0.0000,2380.0000,0.0000,0.0000,0.0000,0.0000,95,0,0,0,0,156,0,0,0,0
zc,WS209,2012-06-29 09:04:50.407,2379.0000,195762,0,0.0000,2.0000,1,1,空换,S,2379.0000,0.0000,0.0000,0.0000,0.0000,2380.0000,0.0000,0.0000,0.0000,0.0000,94,0,0,0,0,155,0,0,0,0
zc,WS209,2012-06-29 09:04:51.360,2379.0000,195762,0,0.0000,0.0000,0,0,空换,S,2379.0000,0.0000,0.0000,0.0000,0.0000,2380.0000,0.0000,0.0000,0.0000,0.0000,104,0,0,0,0,155,0,0,0,0
zc,WS209,2012-06-29 09:04:52.093,2379.0000,195762,0,0.0000,4.0000,2,2,空换,S,2379.0000,0.0000,0.0000,0.0000,0.0000,2380.0000,0.0000,0.0000,0.0000,0.0000,102,0,0,0,0,154,0,0,0,0
zc,WS209,2012-06-29 09:04:53.360,2379.0000,195762,0,0.0000,6.0000,3,3,空换,S,2379.0000,0.0000,0.0000,0.0000,0.0000,2380.0000,0.0000,0.0000,0.0000,0.0000,100,0,0,0,0,155,0,0,0,0
zc,WS209,2012-06-29 09:04:53.640,2379.0000,195762,0,0.0000,0.0000,0,0,空换,S,2379.0000,0.0000,0.0000,0.0000,0.0000,2380.0000,0.0000,0.0000,0.0000,0.0000,100,0,0,0,0,156,0,0,0,0
zc,WS209,2012-06-29 09:04:54.343,2379.0000,195762,0,0.0000,8.0000,4,4,空换,S,2379.0000,0.0000,0.0000,0.0000,0.0000,2380.0000,0.0000,0.0000,0.0000,0.0000,97,0,0,0,0,156,0,0,0,0
zc,WS209,2012-06-29 09:04:54.890,2379.0000,195762,0,0.0000,120.0000,60,60,空换,S,2379.0000,0.0000,0.0000,0.0000,0.0000,2380.0000,0.0000,0.0000,0.0000,0.0000,37,0,0,0,0,96,0,0,0,0
zc,WS209,2012-06-29 09:04:56.423,2379.0000,195762,0,0.0000,0.0000,0,0,空换,S,2379.0000,0.0000,0.0000,0.0000,0.0000,2380.0000,0.0000,0.0000,0.0000,0.0000,37,0,0,0,0,97,0,0,0,0
zc,WS209,2012-06-29 09:04:56.640,2379.0000,195762,0,0.0000,0.0000,0,0,空换,S,2379.0000,0.0000,0.0000,0.0000,0.0000,2380.0000,0.0000,0.0000,0.0000,0.0000,47,0,0,0,0,97,0,0,0,0
zc,WS209,2012-06-29 09:04:57.390,2379.0000,195762,0,0.0000,6.0000,3,3,空换,S,2379.0000,0.0000,0.0000,0.0000,0.0000,2380.0000,0.0000,0.0000,0.0000,0.0000,45,0,0,0,0,94,0,0,0,0
zc,WS209,2012-06-29 09:04:57.877,2379.0000,195762,0,0.0000,2.0000,1,1,空换,S,2379.0000,0.0000,0.0000,0.0000,0.0000,2380.0000,0.0000,0.0000,0.0000,0.0000,44,0,0,0,0,93,0,0,0,0
zc,WS209,2012-06-29 09:04:59.640,2379.0000,195754,-8,0.0000,88.0000,40,48,多平,S,2378.0000,0.0000,0.0000,0.0000,0.0000,2380.0000,0.0000,0.0000,0.0000,0.0000,55,0,0,0,0,55,0,0,0,0
zc,WS209,2012-06-29 09:05:02.157,2379.0000,195754,0,0.0000,0.0000,0,0,空换,S,2378.0000,0.0000,0.0000,0.0000,0.0000,2380.0000,0.0000,0.0000,0.0000,0.0000,56,0,0,0,0,55,0,0,0,0
zc,WS209,2012-06-29 09:05:02.907,2379.0000,195754,0,0.0000,0.0000,0,0,空换,S,2378.0000,0.0000,0.0000,0.0000,0.0000,2380.0000,0.0000,0.0000,0.0000,0.0000,57,0,0,0,0,55,0,0,0,0
zc,WS209,2012-06-29 09:05:04.687,2379.0000,195754,0,0.0000,0.0000,0,0,空换,S,2378.0000,0.0000,0.0000,0.0000,0.0000,2380.0000,0.0000,0.0000,0.0000,0.0000,58,0,0,0,0,55,0,0,0,0
zc,WS209,2012-06-29 09:05:05.377,2379.0000,195754,0,0.0000,0.0000,0,0,空换,S,2378.0000,0.0000,0.0000,0.0000,0.0000,2380.0000,0.0000,0.0000,0.0000,0.0000,57,0,0,0,0,55,0,0,0,0
zc,WS209,2012-06-29 09:05:06.877,2378.0000,195754,0,0.0000,2.0000,1,1,空换,S,2378.0000,0.0000,0.0000,0.0000,0.0000,2380.0000,0.0000,0.0000,0.0000,0.0000,56,0,0,0,0,54,0,0,0,0
zc,WS209,2012-06-29 09:05:07.627,2378.0000,195754,0,0.0000,0.0000,0,0,空换,S,2378.0000,0.0000,0.0000,0.0000,0.0000,2380.0000,0.0000,0.0000,0.0000,0.0000,58,0,0,0,0,54,0,0,0,0
zc,WS209,2012-06-29 09:05:08.657,2378.0000,195754,0,0.0000,2.0000,1,1,空换,S,2378.0000,0.0000,0.0000,0.0000,0.0000,2380.0000,0.0000,0.0000,0.0000,0.0000,57,0,0,0,0,54,0,0,0,0
zc,WS209,2012-06-29 09:05:10.640,2378.0000,195754,0,0.0000,0.0000,0,0,空换,S,2379.0000,0.0000,0.0000,0.0000,0.0000,2380.0000,0.0000,0.0000,0.0000,0.0000,100,0,0,0,0,54,0,0,0,0
zc,WS209,2012-06-29 09:05:11.890,2379.0000,195746,-8,0.0000,10.0000,1,9,空平,B,2379.0000,0.0000,0.0000,0.0000,0.0000,2380.0000,0.0000,0.0000,0.0000,0.0000,95,0,0,0,0,55,0,0,0,0
zc,WS209,2012-06-29 09:05:12.377,2379.0000,195746,0,0.0000,0.0000,0,0,多换,B,2379.0000,0.0000,0.0000,0.0000,0.0000,2380.0000,0.0000,0.0000,0.0000,0.0000,95,0,0,0,0,59,0,0,0,0
zc,WS209,2012-06-29 09:05:13.343,2379.0000,195710,-36,0.0000,92.0000,28,64,空平,B,2379.0000,0.0000,0.0000,0.0000,0.0000,2380.0000,0.0000,0.0000,0.0000,0.0000,50,0,0,0,0,118,0,0,0,0
zc,WS209,2012-06-29 09:05:15.877,2379.0000,195710,0,0.0000,6.0000,3,3,多换,B,2379.0000,0.0000,0.0000,0.0000,0.0000,2380.0000,0.0000,0.0000,0.0000,0.0000,47,0,0,0,0,115,0,0,0,0
zc,WS209,2012-06-29 09:05:16.377,2379.0000,195710,0,0.0000,4.0000,2,2,多换,B,2379.0000,0.0000,0.0000,0.0000,0.0000,2380.0000,0.0000,0.0000,0.0000,0.0000,45,0,0,0,0,114,0,0,0,0
zc,WS209,2012-06-29 09:05:17.657,2379.0000,195710,0,0.0000,2.0000,1,1,多换,B,2379.0000,0.0000,0.0000,0.0000,0.0000,2380.0000,0.0000,0.0000,0.0000,0.0000,44,0,0,0,0,113,0,0,0,0
zc,WS209,2012-06-29 09:05:18.377,2379.0000,195710,0,0.0000,88.0000,44,44,多换,B,2378.0000,0.0000,0.0000,0.0000,0.0000,2379.0000,0.0000,0.0000,0.0000,0.0000,59,0,0,0,0,1,0,0,0,0
zc,WS209,2012-06-29 09:05:20.627,2379.0000,195710,0,0.0000,2.0000,1,1,多换,B,2378.0000,0.0000,0.0000,0.0000,0.0000,2379.0000,0.0000,0.0000,0.0000,0.0000,59,0,0,0,0,1,0,0,0,0
zc,WS209,2012-06-29 09:05:22.390,2380.0000,195710,0,0.0000,22.0000,11,11,多换,B,2378.0000,0.0000,0.0000,0.0000,0.0000,2379.0000,0.0000,0.0000,0.0000,0.0000,60,0,0,0,0,2,0,0,0,0
zc,WS209,2012-06-29 09:05:24.110,2380.0000,195710,0,0.0000,0.0000,0,0,多换,B,2378.0000,0.0000,0.0000,0.0000,0.0000,2379.0000,0.0000,0.0000,0.0000,0.0000,60,0,0,0,0,12,0,0,0,0
zc,WS209,2012-06-29 09:05:24.640,2379.0000,195710,0,0.0000,28.0000,14,14,空换,S,2379.0000,0.0000,0.0000,0.0000,0.0000,2380.0000,0.0000,0.0000,0.0000,0.0000,86,0,0,0,0,48,0,0,0,0
zc,WS209,2012-06-29 09:05:25.140,2379.0000,195710,0,0.0000,2.0000,1,1,空换,S,2379.0000,0.0000,0.0000,0.0000,0.0000,2380.0000,0.0000,0.0000,0.0000,0.0000,85,0,0,0,0,66,0,0,0,0
zc,WS209,2012-06-29 09:05:25.640,2379.0000,195710,0,0.0000,8.0000,4,4,空换,S,2379.0000,0.0000,0.0000,0.0000,0.0000,2380.0000,0.0000,0.0000,0.0000,0.0000,81,0,0,0,0,66,0,0,0,0
zc,WS209,2012-06-29 09:05:26.877,2379.0000,195588,-122,0.0000,162.0000,20,142,多平,S,2378.0000,0.0000,0.0000,0.0000,0.0000,2379.0000,0.0000,0.0000,0.0000,0.0000,59,0,0,0,0,29,0,0,0,0
zc,WS209,2012-06-29 09:05:30.407,2379.0000,195588,0,0.0000,0.0000,0,0,空换,S,2378.0000,0.0000,0.0000,0.0000,0.0000,2379.0000,0.0000,0.0000,0.0000,0.0000,59,0,0,0,0,38,0,0,0,0
zc,WS209,2012-06-29 09:05:32.627,2379.0000,195588,0,0.0000,0.0000,0,0,空换,S,2378.0000,0.0000,0.0000,0.0000,0.0000,2379.0000,0.0000,0.0000,0.0000,0.0000,62,0,0,0,0,38,0,0,0,0
zc,WS209,2012-06-29 09:05:33.360,2379.0000,195568,-20,0.0000,20.0000,0,20,双平,S,2378.0000,0.0000,0.0000,0.0000,0.0000,2379.0000,0.0000,0.0000,0.0000,0.0000,62,0,0,0,0,28,0,0,0,0
zc,WS209,2012-06-29 09:05:36.877,2379.0000,195568,0,0.0000,2.0000,1,1,空换,S,2378.0000,0.0000,0.0000,0.0000,0.0000,2379.0000,0.0000,0.0000,0.0000,0.0000,62,0,0,0,0,27,0,0,0,0
zc,WS209,2012-06-29 09:05:39.157,2379.0000,195568,0,0.0000,0.0000,0,0,空换,S,2378.0000,0.0000,0.0000,0.0000,0.0000,2379.0000,0.0000,0.0000,0.0000,0.0000,64,0,0,0,0,10,0,0,0,0
zc,WS209,2012-06-29 09:05:39.860,2379.0000,195568,0,0.0000,0.0000,0,0,空换,S,2378.0000,0.0000,0.0000,0.0000,0.0000,2379.0000,0.0000,0.0000,0.0000,0.0000,62,0,0,0,0,28,0,0,0,0
zc,WS209,2012-06-29 09:05:40.140,2379.0000,195568,0,0.0000,2.0000,1,1,空换,S,2378.0000,0.0000,0.0000,0.0000,0.0000,2379.0000,0.0000,0.0000,0.0000,0.0000,62,0,0,0,0,28,0,0,0,0
zc,WS209,2012-06-29 09:05:42.127,2379.0000,195566,-2,0.0000,2.0000,0,2,双平,S,2378.0000,0.0000,0.0000,0.0000,0.0000,2379.0000,0.0000,0.0000,0.0000,0.0000,62,0,0,0,0,27,0,0,0,0
zc,WS209,2012-06-29 09:05:43.343,2379.0000,195566,0,0.0000,0.0000,0,0,空换,S,2378.0000,0.0000,0.0000,0.0000,0.0000,2379.0000,0.0000,0.0000,0.0000,0.0000,62,0,0,0,0,18,0,0,0,0
zc,WS209,2012-06-29 09:05:43.937,2379.0000,195566,0,0.0000,0.0000,0,0,空换,S,2378.0000,0.0000,0.0000,0.0000,0.0000,2379.0000,0.0000,0.0000,0.0000,0.0000,61,0,0,0,0,18,0,0,0,0
zc,WS209,2012-06-29 09:05:44.407,2379.0000,195566,0,0.0000,0.0000,0,0,空换,S,2378.0000,0.0000,0.0000,0.0000,0.0000,2379.0000,0.0000,0.0000,0.0000,0.0000,60,0,0,0,0,18,0,0,0,0
zc,WS209,2012-06-29 09:05:45.157,2379.0000,195566,0,0.0000,0.0000,0,0,空换,S,2378.0000,0.0000,0.0000,0.0000,0.0000,2379.0000,0.0000,0.0000,0.0000,0.0000,60,0,0,0,0,23,0,0,0,0
zc,WS209,2012-06-29 09:05:46.360,2379.0000,195566,0,0.0000,0.0000,0,0,空换,S,2378.0000,0.0000,0.0000,0.0000,0.0000,2379.0000,0.0000,0.0000,0.0000,0.0000,62,0,0,0,0,7,0,0,0,0
zc,WS209,2012-06-29 09:05:48.127,2379.0000,195568,2,0.0000,2.0000,2,0,双开,S,2378.0000,0.0000,0.0000,0.0000,0.0000,2379.0000,0.0000,0.0000,0.0000,0.0000,62,0,0,0,0,6,0,0,0,0
zc,WS209,2012-06-29 09:05:49.423,2379.0000,195568,0,0.0000,2.0000,1,1,空换,S,2378.0000,0.0000,0.0000,0.0000,0.0000,2379.0000,0.0000,0.0000,0.0000,0.0000,62,0,0,0,0,6,0,0,0,0
zc,WS209,2012-06-29 09:05:49.890,2379.0000,195556,-12,0.0000,12.0000,0,12,双平,S,2379.0000,0.0000,0.0000,0.0000,0.0000,2380.0000,0.0000,0.0000,0.0000,0.0000,3,0,0,0,0,66,0,0,0,0
zc,WS209,2012-06-29 09:05:52.140,2379.0000,195556,0,0.0000,0.0000,0,0,空换,S,2379.0000,0.0000,0.0000,0.0000,0.0000,2380.0000,0.0000,0.0000,0.0000,0.0000,6,0,0,0,0,66,0,0,0,0
zc,WS209,2012-06-29 09:05:53.407,2379.0000,195556,0,0.0000,0.0000,0,0,空换,S,2379.0000,0.0000,0.0000,0.0000,0.0000,2380.0000,0.0000,0.0000,0.0000,0.0000,6,0,0,0,0,64,0,0,0,0
zc,WS209,2012-06-29 09:05:54.673,2379.0000,195556,0,0.0000,0.0000,0,0,空换,S,2379.0000,0.0000,0.0000,0.0000,0.0000,2380.0000,0.0000,0.0000,0.0000,0.0000,8,0,0,0,0,48,0,0,0,0
zc,WS209,2012-06-29 09:05:55.157,2379.0000,195556,0,0.0000,0.0000,0,0,空换,S,2379.0000,0.0000,0.0000,0.0000,0.0000,2380.0000,0.0000,0.0000,0.0000,0.0000,8,0,0,0,0,49,0,0,0,0
zc,WS209,2012-06-29 09:05:55.890,2379.0000,195556,0,0.0000,0.0000,0,0,空换,S,2379.0000,0.0000,0.0000,0.0000,0.0000,2380.0000,0.0000,0.0000,0.0000,0.0000,8,0,0,0,0,51,0,0,0,0
zc,WS209,2012-06-29 09:05:57.673,2379.0000,195556,0,0.0000,0.0000,0,0,空换,S,2379.0000,0.0000,0.0000,0.0000,0.0000,2380.0000,0.0000,0.0000,0.0000,0.0000,8,0,0,0,0,50,0,0,0,0
zc,WS209,2012-06-29 09:05:57.907,2379.0000,195554,-2,0.0000,2.0000,0,2,双平,S,2379.0000,0.0000,0.0000,0.0000,0.0000,2380.0000,0.0000,0.0000,0.0000,0.0000,8,0,0,0,0,50,0,0,0,0
zc,WS209,2012-06-29 09:05:59.390,2379.0000,195554,0,0.0000,0.0000,0,0,空换,S,2379.0000,0.0000,0.0000,0.0000,0.0000,2380.0000,0.0000,0.0000,0.0000,0.0000,8,0,0,0,0,49,0,0,0,0
zc,WS209,2012-06-29 09:05:59.877,2379.0000,195554,0,0.0000,2.0000,1,1,空换,S,2379.0000,0.0000,0.0000,0.0000,0.0000,2380.0000,0.0000,0.0000,0.0000,0.0000,6,0,0,0,0,49,0,0,0,0
zc,WS209,2012-06-29 09:06:00.360,2379.0000,195554,0,0.0000,2.0000,1,1,空换,S,2379.0000,0.0000,0.0000,0.0000,0.0000,2380.0000,0.0000,0.0000,0.0000,0.0000,5,0,0,0,0,49,0,0,0,0
zc,WS209,2012-06-29 09:06:01.877,2380.0000,195492,-62,0.0000,98.0000,18,80,空平,B,2380.0000,0.0000,0.0000,0.0000,0.0000,2381.0000,0.0000,0.0000,0.0000,0.0000,51,0,0,0,0,54,0,0,0,0
zc,WS209,2012-06-29 09:06:02.173,2380.0000,195492,0,0.0000,0.0000,0,0,多换,B,2380.0000,0.0000,0.0000,0.0000,0.0000,2381.0000,0.0000,0.0000,0.0000,0.0000,51,0,0,0,0,53,0,0,0,0
zc,WS209,2012-06-29 09:06:02.890,2380.0000,195492,0,0.0000,2.0000,1,1,多换,B,2380.0000,0.0000,0.0000,0.0000,0.0000,2381.0000,0.0000,0.0000,0.0000,0.0000,50,0,0,0,0,53,0,0,0,0
zc,WS209,2012-06-29 09:06:06.390,2380.0000,195492,0,0.0000,0.0000,0,0,多换,B,2380.0000,0.0000,0.0000,0.0000,0.0000,2381.0000,0.0000,0.0000,0.0000,0.0000,50,0,0,0,0,52,0,0,0,0
zc,WS209,2012-06-29 09:06:07.673,2380.0000,195492,0,0.0000,2.0000,1,1,多换,B,2380.0000,0.0000,0.0000,0.0000,0.0000,2381.0000,0.0000,0.0000,0.0000,0.0000,49,0,0,0,0,52,0,0,0,0
zc,WS209,2012-06-29 09:06:09.890,2380.0000,195492,0,0.0000,0.0000,0,0,多换,B,2380.0000,0.0000,0.0000,0.0000,0.0000,2381.0000,0.0000,0.0000,0.0000,0.0000,49,0,0,0,0,54,0,0,0,0
zc,WS209,2012-06-29 09:06:10.407,2380.0000,195492,0,0.0000,0.0000,0,0,多换,B,2380.0000,0.0000,0.0000,0.0000,0.0000,2381.0000,0.0000,0.0000,0.0000,0.0000,49,0,0,0,0,55,0,0,0,0
zc,WS209,2012-06-29 09:06:13.860,2380.0000,195492,0,0.0000,0.0000,0,0,多换,B,2380.0000,0.0000,0.0000,0.0000,0.0000,2381.0000,0.0000,0.0000,0.0000,0.0000,49,0,0,0,0,42,0,0,0,0
zc,WS209,2012-06-29 09:06:14.390,2380.0000,195492,0,0.0000,0.0000,0,0,多换,B,2380.0000,0.0000,0.0000,0.0000,0.0000,2381.0000,0.0000,0.0000,0.0000,0.0000,50,0,0,0,0,39,0,0,0,0
zc,WS209,2012-06-29 09:06:15.640,2380.0000,195492,0,0.0000,0.0000,0,0,多换,B,2380.0000,0.0000,0.0000,0.0000,0.0000,2381.0000,0.0000,0.0000,0.0000,0.0000,51,0,0,0,0,39,0,0,0,0
zc,WS209,2012-06-29 09:06:16.127,2380.0000,195492,0,0.0000,0.0000,0,0,多换,B,2380.0000,0.0000,0.0000,0.0000,0.0000,2381.0000,0.0000,0.0000,0.0000,0.0000,52,0,0,0,0,39,0,0,0,0
zc,WS209,2012-06-29 09:06:16.610,2380.0000,195492,0,0.0000,0.0000,0,0,多换,B,2380.0000,0.0000,0.0000,0.0000,0.0000,2381.0000,0.0000,0.0000,0.0000,0.0000,58,0,0,0,0,39,0,0,0,0
zc,WS209,2012-06-29 09:06:17.377,2381.0000,195490,-2,0.0000,2.0000,0,2,双平,B,2380.0000,0.0000,0.0000,0.0000,0.0000,2381.0000,0.0000,0.0000,0.0000,0.0000,58,0,0,0,0,38,0,0,0,0
zc,WS209,2012-06-29 09:06:19.390,2381.0000,195490,0,0.0000,2.0000,1,1,多换,B,2380.0000,0.0000,0.0000,0.0000,0.0000,2381.0000,0.0000,0.0000,0.0000,0.0000,58,0,0,0,0,28,0,0,0,0
zc,WS209,2012-06-29 09:06:20.640,2381.0000,195490,0,0.0000,0.0000,0,0,多换,B,2380.0000,0.0000,0.0000,0.0000,0.0000,2381.0000,0.0000,0.0000,0.0000,0.0000,53,0,0,0,0,28,0,0,0,0
zc,WS209,2012-06-29 09:06:22.110,2381.0000,195452,-38,0.0000,56.0000,9,47,空平,B,2381.0000,0.0000,0.0000,0.0000,0.0000,2382.0000,0.0000,0.0000,0.0000,0.0000,2,0,0,0,0,143,0,0,0,0
zc,WS209,2012-06-29 09:06:22.890,2381.0000,195452,0,0.0000,0.0000,0,0,多换,B,2381.0000,0.0000,0.0000,0.0000,0.0000,2382.0000,0.0000,0.0000,0.0000,0.0000,7,0,0,0,0,145,0,0,0,0
zc,WS209,2012-06-29 09:06:23.360,2382.0000,195442,-10,0.0000,10.0000,0,10,双平,B,2381.0000,0.0000,0.0000,0.0000,0.0000,2382.0000,0.0000,0.0000,0.0000,0.0000,7,0,0,0,0,141,0,0,0,0
zc,WS209,2012-06-29 09:06:24.127,2381.0000,195438,-4,0.0000,4.0000,0,4,双平,S,2381.0000,0.0000,0.0000,0.0000,0.0000,2382.0000,0.0000,0.0000,0.0000,0.0000,6,0,0,0,0,141,0,0,0,0
zc,WS209,2012-06-29 09:06:25.110,2381.0000,195436,-2,0.0000,2.0000,0,2,双平,S,2381.0000,0.0000,0.0000,0.0000,0.0000,2382.0000,0.0000,0.0000,0.0000,0.0000,5,0,0,0,0,141,0,0,0,0
zc,WS209,2012-06-29 09:06:25.860,2381.0000,195436,0,0.0000,0.0000,0,0,空换,S,2381.0000,0.0000,0.0000,0.0000,0.0000,2382.0000,0.0000,0.0000,0.0000,0.0000,5,0,0,0,0,142,0,0,0,0
zc,WS209,2012-06-29 09:06:26.360,2382.0000,195430,-6,0.0000,6.0000,0,6,双平,B,2381.0000,0.0000,0.0000,0.0000,0.0000,2382.0000,0.0000,0.0000,0.0000,0.0000,6,0,0,0,0,139,0,0,0,0
zc,WS209,2012-06-29 09:06:26.877,2382.0000,195422,-8,0.0000,8.0000,0,8,双平,B,2381.0000,0.0000,0.0000,0.0000,0.0000,2382.0000,0.0000,0.0000,0.0000,0.0000,8,0,0,0,0,134,0,0,0,0
zc,WS209,2012-06-29 09:06:27.877,2382.0000,195422,0,0.0000,0.0000,0,0,多换,B,2381.0000,0.0000,0.0000,0.0000,0.0000,2382.0000,0.0000,0.0000,0.0000,0.0000,8,0,0,0,0,132,0,0,0,0
zc,WS209,2012-06-29 09:06:28.610,2382.0000,195420,-2,0.0000,2.0000,0,2,双平,B,2381.0000,0.0000,0.0000,0.0000,0.0000,2382.0000,0.0000,0.0000,0.0000,0.0000,8,0,0,0,0,131,0,0,0,0
zc,WS209,2012-06-29 09:06:29.127,2382.0000,195420,0,0.0000,0.0000,0,0,多换,B,2381.0000,0.0000,0.0000,0.0000,0.0000,2382.0000,0.0000,0.0000,0.0000,0.0000,13,0,0,0,0,131,0,0,0,0
zc,WS209,2012-06-29 09:06:33.610,2382.0000,195418,-2,0.0000,4.0000,1,3,空平,B,2381.0000,0.0000,0.0000,0.0000,0.0000,2382.0000,0.0000,0.0000,0.0000,0.0000,13,0,0,0,0,129,0,0,0,0
zc,WS209,2012-06-29 09:06:34.377,2381.0000,195424,6,0.0000,20.0000,13,7,空开,S,2381.0000,0.0000,0.0000,0.0000,0.0000,2382.0000,0.0000,0.0000,0.0000,0.0000,3,0,0,0,0,129,0,0,0,0
zc,WS209,2012-06-29 09:06:36.127,2382.0000,195422,-2,0.0000,4.0000,1,3,空平,B,2381.0000,0.0000,0.0000,0.0000,0.0000,2382.0000,0.0000,0.0000,0.0000,0.0000,2,0,0,0,0,128,0,0,0,0
zc,WS209,2012-06-29 09:06:36.377,2381.0000,195422,0,0.0000,4.0000,2,2,空换,S,2380.0000,0.0000,0.0000,0.0000,0.0000,2382.0000,0.0000,0.0000,0.0000,0.0000,53,0,0,0,0,128,0,0,0,0
zc,WS209,2012-06-29 09:06:37.110,2381.0000,195422,0,0.0000,0.0000,0,0,空换,S,2380.0000,0.0000,0.0000,0.0000,0.0000,2382.0000,0.0000,0.0000,0.0000,0.0000,56,0,0,0,0,128,0,0,0,0
zc,WS209,2012-06-29 09:06:39.377,2382.0000,195216,-206,0.0000,280.0000,37,243,空平,B,2381.0000,0.0000,0.0000,0.0000,0.0000,2382.0000,0.0000,0.0000,0.0000,0.0000,2,0,0,0,0,45,0,0,0,0
zc,WS209,2012-06-29 09:06:40.140,2382.0000,195216,0,0.0000,0.0000,0,0,多换,B,2380.0000,0.0000,0.0000,0.0000,0.0000,2382.0000,0.0000,0.0000,0.0000,0.0000,56,0,0,0,0,47,0,0,0,0
zc,WS209,2012-06-29 09:06:40.640,2382.0000,195216,0,0.0000,0.0000,0,0,多换,B,2381.0000,0.0000,0.0000,0.0000,0.0000,2382.0000,0.0000,0.0000,0.0000,0.0000,2,0,0,0,0,45,0,0,0,0
zc,WS209,2012-06-29 09:06:42.377,2382.0000,195216,0,0.0000,0.0000,0,0,多换,B,2381.0000,0.0000,0.0000,0.0000,0.0000,2382.0000,0.0000,0.0000,0.0000,0.0000,3,0,0,0,0,45,0,0,0,0
zc,WS209,2012-06-29 09:06:44.627,2382.0000,195216,0,0.0000,0.0000,0,0,多换,B,2381.0000,0.0000,0.0000,0.0000,0.0000,2382.0000,0.0000,0.0000,0.0000,0.0000,3,0,0,0,0,46,0,0,0,0
zc,WS209,2012-06-29 09:06:45.173,2382.0000,195216,0,0.0000,24.0000,12,12,多换,B,2381.0000,0.0000,0.0000,0.0000,0.0000,2382.0000,0.0000,0.0000,0.0000,0.0000,3,0,0,0,0,35,0,0,0,0
zc,WS209,2012-06-29 09:06:45.890,2382.0000,195216,0,0.0000,0.0000,0,0,多换,B,2381.0000,0.0000,0.0000,0.0000,0.0000,2382.0000,0.0000,0.0000,0.0000,0.0000,4,0,0,0,0,35,0,0,0,0
zc,WS209,2012-06-29 09:06:46.860,2382.0000,195216,0,0.0000,0.0000,0,0,多换,B,2381.0000,0.0000,0.0000,0.0000,0.0000,2382.0000,0.0000,0.0000,0.0000,0.0000,4,0,0,0,0,36,0,0,0,0
zc,WS209,2012-06-29 09:06:47.360,2382.0000,195216,0,0.0000,0.0000,0,0,多换,B,2381.0000,0.0000,0.0000,0.0000,0.0000,2382.0000,0.0000,0.0000,0.0000,0.0000,6,0,0,0,0,36,0,0,0,0
zc,WS209,2012-06-29 09:06:49.173,2382.0000,195218,2,0.0000,2.0000,2,0,双开,B,2381.0000,0.0000,0.0000,0.0000,0.0000,2382.0000,0.0000,0.0000,0.0000,0.0000,6,0,0,0,0,35,0,0,0,0
zc,WS209,2012-06-29 09:06:49.953,2382.0000,195218,0,0.0000,2.0000,1,1,多换,B,2381.0000,0.0000,0.0000,0.0000,0.0000,2382.0000,0.0000,0.0000,0.0000,0.0000,6,0,0,0,0,34,0,0,0,0
zc,WS209,2012-06-29 09:06:50.423,2381.0000,195216,-2,0.0000,2.0000,0,2,双平,S,2381.0000,0.0000,0.0000,0.0000,0.0000,2382.0000,0.0000,0.0000,0.0000,0.0000,5,0,0,0,0,35,0,0,0,0
zc,WS209,2012-06-29 09:06:51.627,2382.0000,195216,0,0.0000,6.0000,3,3,多换,B,2381.0000,0.0000,0.0000,0.0000,0.0000,2382.0000,0.0000,0.0000,0.0000,0.0000,5,0,0,0,0,32,0,0,0,0
zc,WS209,2012-06-29 09:06:52.140,2382.0000,195216,0,0.0000,0.0000,0,0,多换,B,2381.0000,0.0000,0.0000,0.0000,0.0000,2382.0000,0.0000,0.0000,0.0000,0.0000,4,0,0,0,0,46,0,0,0,0
zc,WS209,2012-06-29 09:06:53.890,2382.0000,195218,2,0.0000,2.0000,2,0,双开,B,2381.0000,0.0000,0.0000,0.0000,0.0000,2382.0000,0.0000,0.0000,0.0000,0.0000,4,0,0,0,0,45,0,0,0,0
zc,WS209,2012-06-29 09:06:54.377,2382.0000,195218,0,0.0000,0.0000,0,0,多换,B,2381.0000,0.0000,0.0000,0.0000,0.0000,2382.0000,0.0000,0.0000,0.0000,0.0000,5,0,0,0,0,45,0,0,0,0
zc,WS209,2012-06-29 09:06:55.627,2382.0000,195218,0,0.0000,4.0000,2,2,多换,B,2381.0000,0.0000,0.0000,0.0000,0.0000,2382.0000,0.0000,0.0000,0.0000,0.0000,10,0,0,0,0,43,0,0,0,0
zc,WS209,2012-06-29 09:06:57.110,2382.0000,195218,0,0.0000,0.0000,0,0,多换,B,2381.0000,0.0000,0.0000,0.0000,0.0000,2382.0000,0.0000,0.0000,0.0000,0.0000,10,0,0,0,0,44,0,0,0,0
zc,WS209,2012-06-29 09:06:57.890,2382.0000,195218,0,0.0000,4.0000,2,2,多换,B,2381.0000,0.0000,0.0000,0.0000,0.0000,2382.0000,0.0000,0.0000,0.0000,0.0000,10,0,0,0,0,42,0,0,0,0
zc,WS209,2012-06-29 09:06:58.377,2382.0000,195220,2,0.0000,2.0000,2,0,双开,B,2381.0000,0.0000,0.0000,0.0000,0.0000,2382.0000,0.0000,0.0000,0.0000,0.0000,10,0,0,0,0,41,0,0,0,0
zc,WS209,2012-06-29 09:06:58.860,2382.0000,195220,0,0.0000,2.0000,1,1,多换,B,2381.0000,0.0000,0.0000,0.0000,0.0000,2382.0000,0.0000,0.0000,0.0000,0.0000,10,0,0,0,0,41,0,0,0,0
zc,WS209,2012-06-29 09:07:00.627,2382.0000,195224,4,0.0000,4.0000,4,0,双开,B,2381.0000,0.0000,0.0000,0.0000,0.0000,2382.0000,0.0000,0.0000,0.0000,0.0000,10,0,0,0,0,39,0,0,0,0
zc,WS209,2012-06-29 09:07:01.860,2382.0000,195224,0,0.0000,0.0000,0,0,多换,B,2381.0000,0.0000,0.0000,0.0000,0.0000,2382.0000,0.0000,0.0000,0.0000,0.0000,11,0,0,0,0,39,0,0,0,0
zc,WS209,2012-06-29 09:07:03.610,2382.0000,195226,2,0.0000,2.0000,2,0,双开,B,2381.0000,0.0000,0.0000,0.0000,0.0000,2382.0000,0.0000,0.0000,0.0000,0.0000,11,0,0,0,0,38,0,0,0,0
zc,WS209,2012-06-29 09:07:07.877,2382.0000,195226,0,0.0000,0.0000,0,0,多换,B,2381.0000,0.0000,0.0000,0.0000,0.0000,2382.0000,0.0000,0.0000,0.0000,0.0000,11,0,0,0,0,48,0,0,0,0
zc,WS209,2012-06-29 09:07:08.593,2382.0000,195226,0,0.0000,0.0000,0,0,多换,B,2381.0000,0.0000,0.0000,0.0000,0.0000,2382.0000,0.0000,0.0000,0.0000,0.0000,11,0,0,0,0,49,0,0,0,0
zc,WS209,2012-06-29 09:07:09.657,2382.0000,195226,0,0.0000,0.0000,0,0,多换,B,2381.0000,0.0000,0.0000,0.0000,0.0000,2382.0000,0.0000,0.0000,0.0000,0.0000,11,0,0,0,0,50,0,0,0,0
zc,WS209,2012-06-29 09:07:11.407,2382.0000,195226,0,0.0000,0.0000,0,0,多换,B,2381.0000,0.0000,0.0000,0.0000,0.0000,2382.0000,0.0000,0.0000,0.0000,0.0000,10,0,0,0,0,50,0,0,0,0
zc,WS209,2012-06-29 09:07:11.640,2382.0000,195226,0,0.0000,0.0000,0,0,多换,B,2381.0000,0.0000,0.0000,0.0000,0.0000,2382.0000,0.0000,0.0000,0.0000,0.0000,10,0,0,0,0,51,0,0,0,0
zc,WS209,2012-06-29 09:07:15.657,2382.0000,195226,0,0.0000,0.0000,0,0,多换,B,2381.0000,0.0000,0.0000,0.0000,0.0000,2382.0000,0.0000,0.0000,0.0000,0.0000,10,0,0,0,0,52,0,0,0,0
zc,WS209,2012-06-29 09:07:17.627,2382.0000,195226,0,0.0000,10.0000,5,5,多换,B,2381.0000,0.0000,0.0000,0.0000,0.0000,2382.0000,0.0000,0.0000,0.0000,0.0000,10,0,0,0,0,47,0,0,0,0
zc,WS209,2012-06-29 09:07:19.627,2382.0000,195226,0,0.0000,0.0000,0,0,多换,B,2381.0000,0.0000,0.0000,0.0000,0.0000,2382.0000,0.0000,0.0000,0.0000,0.0000,16,0,0,0,0,47,0,0,0,0
zc,WS209,2012-06-29 09:07:21.093,2382.0000,195226,0,0.0000,0.0000,0,0,多换,B,2381.0000,0.0000,0.0000,0.0000,0.0000,2382.0000,0.0000,0.0000,0.0000,0.0000,16,0,0,0,0,48,0,0,0,0
zc,WS209,2012-06-29 09:07:21.173,2382.0000,195226,0,0.0000,0.0000,0,0,多换,B,2381.0000,0.0000,0.0000,0.0000,0.0000,2382.0000,0.0000,0.0000,0.0000,0.0000,16,0,0,0,0,49,0,0,0,0
zc,WS209,2012-06-29 09:07:21.890,2382.0000,195226,0,0.0000,2.0000,1,1,多换,B,2381.0000,0.0000,0.0000,0.0000,0.0000,2382.0000,0.0000,0.0000,0.0000,0.0000,16,0,0,0,0,48,0,0,0,0
zc,WS209,2012-06-29 09:07:23.093,2381.0000,195226,0,0.0000,2.0000,1,1,空换,S,2381.0000,0.0000,0.0000,0.0000,0.0000,2382.0000,0.0000,0.0000,0.0000,0.0000,15,0,0,0,0,48,0,0,0,0
zc,WS209,2012-06-29 09:07:24.860,2381.0000,195228,2,0.0000,6.0000,4,2,空开,S,2381.0000,0.0000,0.0000,0.0000,0.0000,2382.0000,0.0000,0.0000,0.0000,0.0000,12,0,0,0,0,48,0,0,0,0
zc,WS209,2012-06-29 09:07:25.377,2381.0000,195238,10,0.0000,24.0000,17,7,空开,S,2380.0000,0.0000,0.0000,0.0000,0.0000,2382.0000,0.0000,0.0000,0.0000,0.0000,56,0,0,0,0,36,0,0,0,0
zc,WS209,2012-06-29 09:07:26.127,2381.0000,195238,0,0.0000,0.0000,0,0,空换,S,2380.0000,0.0000,0.0000,0.0000,0.0000,2381.0000,0.0000,0.0000,0.0000,0.0000,55,0,0,0,0,2,0,0,0,0
zc,WS209,2012-06-29 09:07:28.360,2381.0000,195238,0,0.0000,0.0000,0,0,空换,S,2380.0000,0.0000,0.0000,0.0000,0.0000,2381.0000,0.0000,0.0000,0.0000,0.0000,55,0,0,0,0,3,0,0,0,0
zc,WS209,2012-06-29 09:07:28.890,2381.0000,195238,0,0.0000,0.0000,0,0,空换,S,2380.0000,0.0000,0.0000,0.0000,0.0000,2381.0000,0.0000,0.0000,0.0000,0.0000,57,0,0,0,0,3,0,0,0,0
zc,WS209,2012-06-29 09:07:29.640,2381.0000,195238,0,0.0000,0.0000,0,0,空换,S,2380.0000,0.0000,0.0000,0.0000,0.0000,2381.0000,0.0000,0.0000,0.0000,0.0000,59,0,0,0,0,3,0,0,0,0
zc,WS209,2012-06-29 09:07:30.140,2381.0000,195238,0,0.0000,0.0000,0,0,空换,S,2380.0000,0.0000,0.0000,0.0000,0.0000,2381.0000,0.0000,0.0000,0.0000,0.0000,59,0,0,0,0,6,0,0,0,0
zc,WS209,2012-06-29 09:07:30.640,2381.0000,195238,0,0.0000,2.0000,1,1,空换,S,2380.0000,0.0000,0.0000,0.0000,0.0000,2381.0000,0.0000,0.0000,0.0000,0.0000,59,0,0,0,0,5,0,0,0,0
zc,WS209,2012-06-29 09:07:32.640,2381.0000,195238,0,0.0000,0.0000,0,0,空换,S,2380.0000,0.0000,0.0000,0.0000,0.0000,2381.0000,0.0000,0.0000,0.0000,0.0000,59,0,0,0,0,6,0,0,0,0
zc,WS209,2012-06-29 09:07:33.157,2381.0000,195120,-118,0.0000,200.0000,41,159,多平,S,2380.0000,0.0000,0.0000,0.0000,0.0000,2381.0000,0.0000,0.0000,0.0000,0.0000,58,0,0,0,0,12,0,0,0,0
zc,WS209,2012-06-29 09:07:33.923,2381.0000,195120,0,0.0000,0.0000,0,0,空换,S,2380.0000,0.0000,0.0000,0.0000,0.0000,2381.0000,0.0000,0.0000,0.0000,0.0000,54,0,0,0,0,12,0,0,0,0
zc,WS209,2012-06-29 09:07:37.140,2381.0000,195120,0,0.0000,0.0000,0,0,空换,S,2380.0000,0.0000,0.0000,0.0000,0.0000,2381.0000,0.0000,0.0000,0.0000,0.0000,54,0,0,0,0,11,0,0,0,0
zc,WS209,2012-06-29 09:07:37.923,2381.0000,195114,-6,0.0000,6.0000,0,6,双平,S,2380.0000,0.0000,0.0000,0.0000,0.0000,2381.0000,0.0000,0.0000,0.0000,0.0000,54,0,0,0,0,13,0,0,0,0
zc,WS209,2012-06-29 09:07:39.173,2381.0000,195114,0,0.0000,0.0000,0,0,空换,S,2380.0000,0.0000,0.0000,0.0000,0.0000,2381.0000,0.0000,0.0000,0.0000,0.0000,5,0,0,0,0,13,0,0,0,0
zc,WS209,2012-06-29 09:07:39.377,2381.0000,195114,0,0.0000,0.0000,0,0,空换,S,2380.0000,0.0000,0.0000,0.0000,0.0000,2381.0000,0.0000,0.0000,0.0000,0.0000,5,0,0,0,0,10,0,0,0,0
zc,WS209,2012-06-29 09:07:40.140,2381.0000,195114,0,0.0000,0.0000,0,0,空换,S,2380.0000,0.0000,0.0000,0.0000,0.0000,2381.0000,0.0000,0.0000,0.0000,0.0000,5,0,0,0,0,93,0,0,0,0
zc,WS209,2012-06-29 09:07:41.890,2381.0000,195114,0,0.0000,0.0000,0,0,空换,S,2380.0000,0.0000,0.0000,0.0000,0.0000,2381.0000,0.0000,0.0000,0.0000,0.0000,6,0,0,0,0,94,0,0,0,0
zc,WS209,2012-06-29 09:07:43.140,2381.0000,195114,0,0.0000,0.0000,0,0,空换,S,2380.0000,0.0000,0.0000,0.0000,0.0000,2381.0000,0.0000,0.0000,0.0000,0.0000,6,0,0,0,0,104,0,0,0,0
zc,WS209,2012-06-29 09:07:44.877,2380.0000,195114,0,0.0000,2.0000,1,1,空换,S,2380.0000,0.0000,0.0000,0.0000,0.0000,2381.0000,0.0000,0.0000,0.0000,0.0000,5,0,0,0,0,105,0,0,0,0
zc,WS209,2012-06-29 09:07:46.140,2380.0000,195114,0,0.0000,2.0000,1,1,空换,S,2380.0000,0.0000,0.0000,0.0000,0.0000,2381.0000,0.0000,0.0000,0.0000,0.0000,6,0,0,0,0,105,0,0,0,0
zc,WS209,2012-06-29 09:07:46.907,2380.0000,195114,0,0.0000,0.0000,0,0,空换,S,2380.0000,0.0000,0.0000,0.0000,0.0000,2381.0000,0.0000,0.0000,0.0000,0.0000,55,0,0,0,0,105,0,0,0,0
zc,WS209,2012-06-29 09:07:47.407,2380.0000,195114,0,0.0000,0.0000,0,0,空换,S,2380.0000,0.0000,0.0000,0.0000,0.0000,2381.0000,0.0000,0.0000,0.0000,0.0000,54,0,0,0,0,105,0,0,0,0
zc,WS209,2012-06-29 09:07:50.673,2380.0000,195114,0,0.0000,0.0000,0,0,空换,S,2380.0000,0.0000,0.0000,0.0000,0.0000,2381.0000,0.0000,0.0000,0.0000,0.0000,55,0,0,0,0,105,0,0,0,0
zc,WS209,2012-06-29 09:07:53.657,2380.0000,195114,0,0.0000,0.0000,0,0,空换,S,2380.0000,0.0000,0.0000,0.0000,0.0000,2381.0000,0.0000,0.0000,0.0000,0.0000,56,0,0,0,0,97,0,0,0,0
zc,WS209,2012-06-29 09:07:54.140,2381.0000,195112,-2,0.0000,82.0000,40,42,空平,B,2380.0000,0.0000,0.0000,0.0000,0.0000,2381.0000,0.0000,0.0000,0.0000,0.0000,75,0,0,0,0,56,0,0,0,0
zc,WS209,2012-06-29 09:07:54.923,2380.0000,195112,0,0.0000,2.0000,1,1,空换,S,2380.0000,0.0000,0.0000,0.0000,0.0000,2381.0000,0.0000,0.0000,0.0000,0.0000,74,0,0,0,0,56,0,0,0,0
zc,WS209,2012-06-29 09:07:55.203,2380.0000,195112,0,0.0000,0.0000,0,0,空换,S,2380.0000,0.0000,0.0000,0.0000,0.0000,2381.0000,0.0000,0.0000,0.0000,0.0000,154,0,0,0,0,56,0,0,0,0
zc,WS209,2012-06-29 09:07:56.437,2380.0000,195112,0,0.0000,0.0000,0,0,空换,S,2380.0000,0.0000,0.0000,0.0000,0.0000,2381.0000,0.0000,0.0000,0.0000,0.0000,205,0,0,0,0,12,0,0,0,0
zc,WS209,2012-06-29 09:07:57.140,2381.0000,195128,16,0.0000,20.0000,18,2,多开,B,2380.0000,0.0000,0.0000,0.0000,0.0000,2381.0000,0.0000,0.0000,0.0000,0.0000,205,0,0,0,0,3,0,0,0,0
zc,WS209,2012-06-29 09:08:04.127,2381.0000,195128,0,0.0000,6.0000,3,3,多换,B,2380.0000,0.0000,0.0000,0.0000,0.0000,2382.0000,0.0000,0.0000,0.0000,0.0000,202,0,0,0,0,48,0,0,0,0
zc,WS209,2012-06-29 09:08:05.890,2381.0000,195128,0,0.0000,0.0000,0,0,多换,B,2381.0000,0.0000,0.0000,0.0000,0.0000,2382.0000,0.0000,0.0000,0.0000,0.0000,1,0,0,0,0,46,0,0,0,0
zc,WS209,2012-06-29 09:08:06.877,2381.0000,195128,0,0.0000,0.0000,0,0,多换,B,2381.0000,0.0000,0.0000,0.0000,0.0000,2382.0000,0.0000,0.0000,0.0000,0.0000,2,0,0,0,0,46,0,0,0,0
zc,WS209,2012-06-29 09:08:08.423,2381.0000,195124,-4,0.0000,4.0000,0,4,双平,B,2380.0000,0.0000,0.0000,0.0000,0.0000,2382.0000,0.0000,0.0000,0.0000,0.0000,200,0,0,0,0,44,0,0,0,0
zc,WS209,2012-06-29 09:08:09.110,2381.0000,195124,0,0.0000,0.0000,0,0,多换,B,2381.0000,0.0000,0.0000,0.0000,0.0000,2382.0000,0.0000,0.0000,0.0000,0.0000,5,0,0,0,0,42,0,0,0,0
zc,WS209,2012-06-29 09:08:09.657,2381.0000,195124,0,0.0000,2.0000,1,1,多换,B,2381.0000,0.0000,0.0000,0.0000,0.0000,2382.0000,0.0000,0.0000,0.0000,0.0000,4,0,0,0,0,42,0,0,0,0
zc,WS209,2012-06-29 09:08:11.407,2381.0000,195128,4,0.0000,8.0000,6,2,多开,B,2380.0000,0.0000,0.0000,0.0000,0.0000,2382.0000,0.0000,0.0000,0.0000,0.0000,197,0,0,0,0,42,0,0,0,0
zc,WS209,2012-06-29 09:08:12.377,2381.0000,195128,0,0.0000,0.0000,0,0,多换,B,2381.0000,0.0000,0.0000,0.0000,0.0000,2382.0000,0.0000,0.0000,0.0000,0.0000,15,0,0,0,0,42,0,0,0,0
zc,WS209,2012-06-29 09:08:13.127,2381.0000,195128,0,0.0000,0.0000,0,0,多换,B,2381.0000,0.0000,0.0000,0.0000,0.0000,2382.0000,0.0000,0.0000,0.0000,0.0000,15,0,0,0,0,43,0,0,0,0
zc,WS209,2012-06-29 09:08:14.377,2382.0000,195114,-14,0.0000,78.0000,32,46,空平,B,2381.0000,0.0000,0.0000,0.0000,0.0000,2383.0000,0.0000,0.0000,0.0000,0.0000,26,0,0,0,0,19,0,0,0,0
zc,WS209,2012-06-29 09:08:15.360,2382.0000,195114,0,0.0000,0.0000,0,0,多换,B,2382.0000,0.0000,0.0000,0.0000,0.0000,2383.0000,0.0000,0.0000,0.0000,0.0000,13,0,0,0,0,11,0,0,0,0
zc,WS209,2012-06-29 09:08:16.157,2382.0000,195114,0,0.0000,0.0000,0,0,多换,B,2382.0000,0.0000,0.0000,0.0000,0.0000,2383.0000,0.0000,0.0000,0.0000,0.0000,26,0,0,0,0,11,0,0,0,0
zc,WS209,2012-06-29 09:08:17.377,2383.0000,195110,-4,0.0000,4.0000,0,4,双平,B,2382.0000,0.0000,0.0000,0.0000,0.0000,2383.0000,0.0000,0.0000,0.0000,0.0000,26,0,0,0,0,9,0,0,0,0
zc,WS209,2012-06-29 09:08:17.627,2383.0000,195110,0,0.0000,0.0000,0,0,多换,B,2382.0000,0.0000,0.0000,0.0000,0.0000,2383.0000,0.0000,0.0000,0.0000,0.0000,26,0,0,0,0,10,0,0,0,0
zc,WS209,2012-06-29 09:08:18.407,2383.0000,195110,0,0.0000,0.0000,0,0,多换,B,2382.0000,0.0000,0.0000,0.0000,0.0000,2383.0000,0.0000,0.0000,0.0000,0.0000,26,0,0,0,0,11,0,0,0,0
zc,WS209,2012-06-29 09:08:19.640,2383.0000,195110,0,0.0000,2.0000,1,1,多换,B,2381.0000,0.0000,0.0000,0.0000,0.0000,2383.0000,0.0000,0.0000,0.0000,0.0000,27,0,0,0,0,16,0,0,0,0
zc,WS209,2012-06-29 09:08:22.127,2383.0000,195114,4,0.0000,24.0000,14,10,多开,B,2381.0000,0.0000,0.0000,0.0000,0.0000,2383.0000,0.0000,0.0000,0.0000,0.0000,33,0,0,0,0,13,0,0,0,0
zc,WS209,2012-06-29 09:08:22.673,2383.0000,195122,8,0.0000,8.0000,8,0,双开,B,2381.0000,0.0000,0.0000,0.0000,0.0000,2383.0000,0.0000,0.0000,0.0000,0.0000,35,0,0,0,0,16,0,0,0,0
zc,WS209,2012-06-29 09:08:23.377,2383.0000,195122,0,0.0000,0.0000,0,0,多换,B,2382.0000,0.0000,0.0000,0.0000,0.0000,2383.0000,0.0000,0.0000,0.0000,0.0000,18,0,0,0,0,9,0,0,0,0
zc,WS209,2012-06-29 09:08:25.110,2383.0000,195122,0,0.0000,2.0000,1,1,多换,B,2382.0000,0.0000,0.0000,0.0000,0.0000,2383.0000,0.0000,0.0000,0.0000,0.0000,18,0,0,0,0,8,0,0,0,0
zc,WS209,2012-06-29 09:08:25.640,2383.0000,195122,0,0.0000,0.0000,0,0,多换,B,2382.0000,0.0000,0.0000,0.0000,0.0000,2383.0000,0.0000,0.0000,0.0000,0.0000,19,0,0,0,0,8,0,0,0,0
zc,WS209,2012-06-29 09:08:26.377,2383.0000,195120,-2,0.0000,2.0000,0,2,双平,B,2382.0000,0.0000,0.0000,0.0000,0.0000,2383.0000,0.0000,0.0000,0.0000,0.0000,19,0,0,0,0,8,0,0,0,0
zc,WS209,2012-06-29 09:08:26.877,2382.0000,195120,0,0.0000,2.0000,1,1,空换,S,2382.0000,0.0000,0.0000,0.0000,0.0000,2383.0000,0.0000,0.0000,0.0000,0.0000,18,0,0,0,0,8,0,0,0,0
zc,WS209,2012-06-29 09:08:27.377,2382.0000,195120,0,0.0000,0.0000,0,0,空换,S,2382.0000,0.0000,0.0000,0.0000,0.0000,2383.0000,0.0000,0.0000,0.0000,0.0000,69,0,0,0,0,8,0,0,0,0
zc,WS209,2012-06-29 09:08:31.140,2383.0000,195120,0,0.0000,2.0000,1,1,多换,B,2382.0000,0.0000,0.0000,0.0000,0.0000,2383.0000,0.0000,0.0000,0.0000,0.0000,69,0,0,0,0,8,0,0,0,0
zc,WS209,2012-06-29 09:08:31.640,2383.0000,195120,0,0.0000,2.0000,1,1,多换,B,2382.0000,0.0000,0.0000,0.0000,0.0000,2383.0000,0.0000,0.0000,0.0000,0.0000,69,0,0,0,0,7,0,0,0,0
zc,WS209,2012-06-29 09:08:33.390,2383.0000,195120,0,0.0000,2.0000,1,1,多换,B,2382.0000,0.0000,0.0000,0.0000,0.0000,2383.0000,0.0000,0.0000,0.0000,0.0000,69,0,0,0,0,6,0,0,0,0
zc,WS209,2012-06-29 09:08:36.377,2383.0000,195120,0,0.0000,2.0000,1,1,多换,B,2382.0000,0.0000,0.0000,0.0000,0.0000,2383.0000,0.0000,0.0000,0.0000,0.0000,69,0,0,0,0,5,0,0,0,0
zc,WS209,2012-06-29 09:08:37.127,2383.0000,195118,-2,0.0000,2.0000,0,2,双平,B,2382.0000,0.0000,0.0000,0.0000,0.0000,2383.0000,0.0000,0.0000,0.0000,0.0000,69,0,0,0,0,4,0,0,0,0
zc,WS209,2012-06-29 09:08:37.657,2383.0000,195114,-4,0.0000,8.0000,2,6,空平,B,2383.0000,0.0000,0.0000,0.0000,0.0000,2384.0000,0.0000,0.0000,0.0000,0.0000,6,0,0,0,0,114,0,0,0,0
zc,WS209,2012-06-29 09:08:38.360,2383.0000,195114,0,0.0000,0.0000,0,0,多换,B,2383.0000,0.0000,0.0000,0.0000,0.0000,2384.0000,0.0000,0.0000,0.0000,0.0000,6,0,0,0,0,113,0,0,0,0
zc,WS209,2012-06-29 09:08:38.640,2383.0000,195112,-2,0.0000,10.0000,4,6,空平,B,2383.0000,0.0000,0.0000,0.0000,0.0000,2384.0000,0.0000,0.0000,0.0000,0.0000,1,0,0,0,0,113,0,0,0,0
zc,WS209,2012-06-29 09:08:39.390,2383.0000,195112,0,0.0000,2.0000,1,1,多换,B,2382.0000,0.0000,0.0000,0.0000,0.0000,2384.0000,0.0000,0.0000,0.0000,0.0000,69,0,0,0,0,113,0,0,0,0
zc,WS209,2012-06-29 09:08:39.907,2383.0000,195112,0,0.0000,0.0000,0,0,多换,B,2382.0000,0.0000,0.0000,0.0000,0.0000,2383.0000,0.0000,0.0000,0.0000,0.0000,70,0,0,0,0,2,0,0,0,0
zc,WS209,2012-06-29 09:08:40.673,2383.0000,195112,0,0.0000,2.0000,1,1,多换,B,2382.0000,0.0000,0.0000,0.0000,0.0000,2383.0000,0.0000,0.0000,0.0000,0.0000,70,0,0,0,0,1,0,0,0,0
zc,WS209,2012-06-29 09:08:41.173,2383.0000,195112,0,0.0000,0.0000,0,0,多换,B,2382.0000,0.0000,0.0000,0.0000,0.0000,2383.0000,0.0000,0.0000,0.0000,0.0000,85,0,0,0,0,1,0,0,0,0
zc,WS209,2012-06-29 09:08:42.843,2383.0000,195114,2,0.0000,2.0000,2,0,双开,B,2382.0000,0.0000,0.0000,0.0000,0.0000,2384.0000,0.0000,0.0000,0.0000,0.0000,85,0,0,0,0,114,0,0,0,0
zc,WS209,2012-06-29 09:08:43.640,2383.0000,195114,0,0.0000,0.0000,0,0,多换,B,2383.0000,0.0000,0.0000,0.0000,0.0000,2384.0000,0.0000,0.0000,0.0000,0.0000,1,0,0,0,0,114,0,0,0,0
zc,WS209,2012-06-29 09:08:44.610,2383.0000,195114,0,0.0000,2.0000,1,1,多换,B,2383.0000,0.0000,0.0000,0.0000,0.0000,2384.0000,0.0000,0.0000,0.0000,0.0000,4,0,0,0,0,113,0,0,0,0
zc,WS209,2012-06-29 09:08:45.140,2384.0000,195114,0,0.0000,2.0000,1,1,多换,B,2383.0000,0.0000,0.0000,0.0000,0.0000,2384.0000,0.0000,0.0000,0.0000,0.0000,4,0,0,0,0,112,0,0,0,0
zc,WS209,2012-06-29 09:08:45.907,2383.0000,195104,-10,0.0000,18.0000,4,14,多平,S,2382.0000,0.0000,0.0000,0.0000,0.0000,2384.0000,0.0000,0.0000,0.0000,0.0000,85,0,0,0,0,103,0,0,0,0
zc,WS209,2012-06-29 09:08:47.127,2383.0000,195104,0,0.0000,0.0000,0,0,空换,S,2383.0000,0.0000,0.0000,0.0000,0.0000,2384.0000,0.0000,0.0000,0.0000,0.0000,15,0,0,0,0,103,0,0,0,0
zc,WS209,2012-06-29 09:08:48.843,2383.0000,195104,0,0.0000,0.0000,0,0,空换,S,2383.0000,0.0000,0.0000,0.0000,0.0000,2384.0000,0.0000,0.0000,0.0000,0.0000,30,0,0,0,0,101,0,0,0,0
zc,WS209,2012-06-29 09:08:49.343,2383.0000,195104,0,0.0000,0.0000,0,0,空换,S,2383.0000,0.0000,0.0000,0.0000,0.0000,2384.0000,0.0000,0.0000,0.0000,0.0000,29,0,0,0,0,101,0,0,0,0
zc,WS209,2012-06-29 09:08:50.127,2383.0000,195104,0,0.0000,2.0000,1,1,空换,S,2383.0000,0.0000,0.0000,0.0000,0.0000,2384.0000,0.0000,0.0000,0.0000,0.0000,32,0,0,0,0,102,0,0,0,0
zc,WS209,2012-06-29 09:08:51.127,2383.0000,195104,0,0.0000,0.0000,0,0,空换,S,2383.0000,0.0000,0.0000,0.0000,0.0000,2384.0000,0.0000,0.0000,0.0000,0.0000,34,0,0,0,0,102,0,0,0,0
zc,WS209,2012-06-29 09:08:51.627,2383.0000,195104,0,0.0000,0.0000,0,0,空换,S,2383.0000,0.0000,0.0000,0.0000,0.0000,2384.0000,0.0000,0.0000,0.0000,0.0000,29,0,0,0,0,102,0,0,0,0
zc,WS209,2012-06-29 09:08:52.407,2383.0000,195104,0,0.0000,0.0000,0,0,空换,S,2383.0000,0.0000,0.0000,0.0000,0.0000,2384.0000,0.0000,0.0000,0.0000,0.0000,17,0,0,0,0,104,0,0,0,0
zc,WS209,2012-06-29 09:08:53.110,2383.0000,195104,0,0.0000,2.0000,1,1,空换,S,2383.0000,0.0000,0.0000,0.0000,0.0000,2384.0000,0.0000,0.0000,0.0000,0.0000,17,0,0,0,0,104,0,0,0,0
