市场代码,合约代码,时间,最新,持仓,增仓,成交额,成交量,开仓,平仓,成交类型,方向,买一价,买二价,买三价,买四价,买五价,卖一价,卖二价,卖三价,卖四价,卖五价,买一量,买二量,买三量,买四量,买五量,卖一量,卖二量,卖三量,卖四量,卖五量
zc,WS301,2012-06-29 07:51:18.203,0.0000,437546,0,0.0000,0.0000,0,0,空换,S,0.0000,0.0000,0.0000,0.0000,0.0000,0.0000,0.0000,0.0000,0.0000,0.0000,0,0,0,0,0,0,0,0,0,0
zc,WS301,2012-06-29 07:55:19.047,0.0000,437546,0,0.0000,0.0000,0,0,空换,S,0.0000,0.0000,0.0000,0.0000,0.0000,0.0000,0.0000,0.0000,0.0000,0.0000,0,0,0,0,0,0,0,0,0,0
zc,WS301,2012-06-29 08:00:19.047,0.0000,437546,0,0.0000,0.0000,0,0,空换,S,0.0000,0.0000,0.0000,0.0000,0.0000,0.0000,0.0000,0.0000,0.0000,0.0000,0,0,0,0,0,0,0,0,0,0
zc,WS301,2012-06-29 08:01:19.047,0.0000,437546,0,0.0000,0.0000,0,0,空换,S,0.0000,0.0000,0.0000,0.0000,0.0000,0.0000,0.0000,0.0000,0.0000,0.0000,0,0,0,0,0,0,0,0,0,0
zc,WS301,2012-06-29 08:04:19.047,0.0000,437546,0,0.0000,0.0000,0,0,空换,S,0.0000,0.0000,0.0000,0.0000,0.0000,0.0000,0.0000,0.0000,0.0000,0.0000,0,0,0,0,0,0,0,0,0,0
zc,WS301,2012-06-29 08:08:19.047,0.0000,437546,0,0.0000,0.0000,0,0,空换,S,0.0000,0.0000,0.0000,0.0000,0.0000,0.0000,0.0000,0.0000,0.0000,0.0000,0,0,0,0,0,0,0,0,0,0
zc,WS301,2012-06-29 08:11:21.140,0.0000,437546,0,0.0000,0.0000,0,0,空换,S,0.0000,0.0000,0.0000,0.0000,0.0000,0.0000,0.0000,0.0000,0.0000,0.0000,0,0,0,0,0,0,0,0,0,0
zc,WS301,2012-06-29 08:13:21.140,0.0000,437546,0,0.0000,0.0000,0,0,空换,S,0.0000,0.0000,0.0000,0.0000,0.0000,0.0000,0.0000,0.0000,0.0000,0.0000,0,0,0,0,0,0,0,0,0,0
zc,WS301,2012-06-29 08:15:21.140,0.0000,437546,0,0.0000,0.0000,0,0,空换,S,0.0000,0.0000,0.0000,0.0000,0.0000,0.0000,0.0000,0.0000,0.0000,0.0000,0,0,0,0,0,0,0,0,0,0
zc,WS301,2012-06-29 08:20:21.127,0.0000,437546,0,0.0000,0.0000,0,0,空换,S,0.0000,0.0000,0.0000,0.0000,0.0000,0.0000,0.0000,0.0000,0.0000,0.0000,0,0,0,0,0,0,0,0,0,0
zc,WS301,2012-06-29 08:26:21.127,0.0000,437546,0,0.0000,0.0000,0,0,空换,S,0.0000,0.0000,0.0000,0.0000,0.0000,0.0000,0.0000,0.0000,0.0000,0.0000,0,0,0,0,0,0,0,0,0,0
zc,WS301,2012-06-29 08:34:21.127,0.0000,437546,0,0.0000,0.0000,0,0,空换,S,0.0000,0.0000,0.0000,0.0000,0.0000,0.0000,0.0000,0.0000,0.0000,0.0000,0,0,0,0,0,0,0,0,0,0
zc,WS301,2012-06-29 08:42:21.110,0.0000,437546,0,0.0000,0.0000,0,0,空换,S,0.0000,0.0000,0.0000,0.0000,0.0000,0.0000,0.0000,0.0000,0.0000,0.0000,0,0,0,0,0,0,0,0,0,0
zc,WS301,2012-06-29 08:55:04.127,0.0000,437546,0,0.0000,0.0000,0,0,空换,S,0.0000,0.0000,0.0000,0.0000,0.0000,0.0000,0.0000,0.0000,0.0000,0.0000,0,0,0,0,0,0,0,0,0,0
zc,WS301,2012-06-29 08:55:04.610,0.0000,437546,0,0.0000,0.0000,0,0,空换,S,0.0000,0.0000,0.0000,0.0000,0.0000,0.0000,0.0000,0.0000,0.0000,0.0000,0,0,0,0,0,0,0,0,0,0
zc,WS301,2012-06-29 08:55:06.343,0.0000,437546,0,0.0000,0.0000,0,0,空换,S,0.0000,0.0000,0.0000,0.0000,0.0000,0.0000,0.0000,0.0000,0.0000,0.0000,0,0,0,0,0,0,0,0,0,0
zc,WS301,2012-06-29 08:55:13.343,0.0000,437546,0,0.0000,0.0000,0,0,空换,S,0.0000,0.0000,0.0000,0.0000,0.0000,0.0000,0.0000,0.0000,0.0000,0.0000,0,0,0,0,0,0,0,0,0,0
zc,WS301,2012-06-29 08:55:15.080,0.0000,437546,0,0.0000,0.0000,0,0,空换,S,0.0000,0.0000,0.0000,0.0000,0.0000,0.0000,0.0000,0.0000,0.0000,0.0000,0,0,0,0,0,0,0,0,0,0
zc,WS301,2012-06-29 08:55:35.830,0.0000,437546,0,0.0000,0.0000,0,0,空换,S,0.0000,0.0000,0.0000,0.0000,0.0000,0.0000,0.0000,0.0000,0.0000,0.0000,0,0,0,0,0,0,0,0,0,0
zc,WS301,2012-06-29 08:55:59.080,0.0000,437546,0,0.0000,0.0000,0,0,空换,S,0.0000,0.0000,0.0000,0.0000,0.0000,0.0000,0.0000,0.0000,0.0000,0.0000,0,0,0,0,0,0,0,0,0,0
zc,WS301,2012-06-29 08:56:05.580,0.0000,437546,0,0.0000,0.0000,0,0,空换,S,0.0000,0.0000,0.0000,0.0000,0.0000,0.0000,0.0000,0.0000,0.0000,0.0000,0,0,0,0,0,0,0,0,0,0
zc,WS301,2012-06-29 08:56:06.330,0.0000,437546,0,0.0000,0.0000,0,0,空换,S,0.0000,0.0000,0.0000,0.0000,0.0000,0.0000,0.0000,0.0000,0.0000,0.0000,0,0,0,0,0,0,0,0,0,0
zc,WS301,2012-06-29 08:56:32.330,0.0000,437546,0,0.0000,0.0000,0,0,空换,S,0.0000,0.0000,0.0000,0.0000,0.0000,0.0000,0.0000,0.0000,0.0000,0.0000,0,0,0,0,0,0,0,0,0,0
zc,WS301,2012-06-29 08:56:38.843,0.0000,437546,0,0.0000,0.0000,0,0,空换,S,0.0000,0.0000,0.0000,0.0000,0.0000,0.0000,0.0000,0.0000,0.0000,0.0000,0,0,0,0,0,0,0,0,0,0
zc,WS301,2012-06-29 08:56:40.080,0.0000,437546,0,0.0000,0.0000,0,0,空换,S,0.0000,0.0000,0.0000,0.0000,0.0000,0.0000,0.0000,0.0000,0.0000,0.0000,0,0,0,0,0,0,0,0,0,0
zc,WS301,2012-06-29 08:57:02.343,0.0000,437546,0,0.0000,0.0000,0,0,空换,S,0.0000,0.0000,0.0000,0.0000,0.0000,0.0000,0.0000,0.0000,0.0000,0.0000,0,0,0,0,0,0,0,0,0,0
zc,WS301,2012-06-29 08:57:04.830,0.0000,437546,0,0.0000,0.0000,0,0,空换,S,0.0000,0.0000,0.0000,0.0000,0.0000,0.0000,0.0000,0.0000,0.0000,0.0000,0,0,0,0,0,0,0,0,0,0
zc,WS301,2012-06-29 08:57:21.093,0.0000,437546,0,0.0000,0.0000,0,0,空换,S,0.0000,0.0000,0.0000,0.0000,0.0000,0.0000,0.0000,0.0000,0.0000,0.0000,0,0,0,0,0,0,0,0,0,0
zc,WS301,2012-06-29 08:57:23.080,0.0000,437546,0,0.0000,0.0000,0,0,空换,S,0.0000,0.0000,0.0000,0.0000,0.0000,0.0000,0.0000,0.0000,0.0000,0.0000,0,0,0,0,0,0,0,0,0,0
zc,WS301,2012-06-29 08:57:38.080,0.0000,437546,0,0.0000,0.0000,0,0,空换,S,0.0000,0.0000,0.0000,0.0000,0.0000,0.0000,0.0000,0.0000,0.0000,0.0000,0,0,0,0,0,0,0,0,0,0
zc,WS301,2012-06-29 08:57:41.830,0.0000,437546,0,0.0000,0.0000,0,0,空换,S,0.0000,0.0000,0.0000,0.0000,0.0000,0.0000,0.0000,0.0000,0.0000,0.0000,0,0,0,0,0,0,0,0,0,0
zc,WS301,2012-06-29 08:57:46.580,0.0000,437546,0,0.0000,0.0000,0,0,空换,S,0.0000,0.0000,0.0000,0.0000,0.0000,0.0000,0.0000,0.0000,0.0000,0.0000,0,0,0,0,0,0,0,0,0,0
zc,WS301,2012-06-29 08:57:47.830,0.0000,437546,0,0.0000,0.0000,0,0,空换,S,0.0000,0.0000,0.0000,0.0000,0.0000,0.0000,0.0000,0.0000,0.0000,0.0000,0,0,0,0,0,0,0,0,0,0
zc,WS301,2012-06-29 08:58:04.580,0.0000,437546,0,0.0000,0.0000,0,0,空换,S,0.0000,0.0000,0.0000,0.0000,0.0000,0.0000,0.0000,0.0000,0.0000,0.0000,0,0,0,0,0,0,0,0,0,0
zc,WS301,2012-06-29 08:59:03.063,2485.0000,438884,1338,0.0000,1786.0000,1562,224,多开,B,2485.0000,0.0000,0.0000,0.0000,0.0000,2486.0000,0.0000,0.0000,0.0000,0.0000,47,0,0,0,0,52,0,0,0,0
zc,WS301,2012-06-29 09:00:02.953,2484.0000,438890,6,0.0000,112.0000,59,53,空开,S,2484.0000,0.0000,0.0000,0.0000,0.0000,2485.0000,0.0000,0.0000,0.0000,0.0000,11,0,0,0,0,9,0,0,0,0
zc,WS301,2012-06-29 09:00:03.783,2482.0000,438922,32,0.0000,76.0000,54,22,空开,S,2482.0000,0.0000,0.0000,0.0000,0.0000,2483.0000,0.0000,0.0000,0.0000,0.0000,152,0,0,0,0,4,0,0,0,0
zc,WS301,2012-06-29 09:00:04.533,2481.0000,438946,24,0.0000,346.0000,185,161,空开,S,2481.0000,0.0000,0.0000,0.0000,0.0000,2482.0000,0.0000,0.0000,0.0000,0.0000,43,0,0,0,0,20,0,0,0,0
zc,WS301,2012-06-29 09:00:05.533,2481.0000,438952,6,0.0000,210.0000,108,102,空开,S,2480.0000,0.0000,0.0000,0.0000,0.0000,2481.0000,0.0000,0.0000,0.0000,0.0000,256,0,0,0,0,78,0,0,0,0
zc,WS301,2012-06-29 09:00:06.500,2480.0000,438960,8,0.0000,42.0000,25,17,空开,S,2480.0000,0.0000,0.0000,0.0000,0.0000,2481.0000,0.0000,0.0000,0.0000,0.0000,247,0,0,0,0,74,0,0,0,0
zc,WS301,2012-06-29 09:00:07.220,2480.0000,438972,12,0.0000,50.0000,31,19,空开,S,2480.0000,0.0000,0.0000,0.0000,0.0000,2481.0000,0.0000,0.0000,0.0000,0.0000,217,0,0,0,0,84,0,0,0,0
zc,WS301,2012-06-29 09:00:07.703,2480.0000,438968,-4,0.0000,8.0000,2,6,多平,S,2480.0000,0.0000,0.0000,0.0000,0.0000,2481.0000,0.0000,0.0000,0.0000,0.0000,213,0,0,0,0,84,0,0,0,0
zc,WS301,2012-06-29 09:00:08.470,2480.0000,438986,18,0.0000,64.0000,41,23,空开,S,2480.0000,0.0000,0.0000,0.0000,0.0000,2481.0000,0.0000,0.0000,0.0000,0.0000,184,0,0,0,0,85,0,0,0,0
zc,WS301,2012-06-29 09:00:09.220,2480.0000,438986,0,0.0000,8.0000,4,4,空换,S,2480.0000,0.0000,0.0000,0.0000,0.0000,2481.0000,0.0000,0.0000,0.0000,0.0000,180,0,0,0,0,87,0,0,0,0
zc,WS301,2012-06-29 09:00:09.987,2479.0000,439366,380,0.0000,394.0000,387,7,空开,S,2479.0000,0.0000,0.0000,0.0000,0.0000,2480.0000,0.0000,0.0000,0.0000,0.0000,30,0,0,0,0,82,0,0,0,0
zc,WS301,2012-06-29 09:00:15.547,2478.0000,439350,-16,0.0000,286.0000,135,151,多平,S,2477.0000,0.0000,0.0000,0.0000,0.0000,2478.0000,0.0000,0.0000,0.0000,0.0000,81,0,0,0,0,82,0,0,0,0
zc,WS301,2012-06-29 09:00:15.970,2478.0000,439330,-20,0.0000,42.0000,11,31,多平,S,2477.0000,0.0000,0.0000,0.0000,0.0000,2478.0000,0.0000,0.0000,0.0000,0.0000,73,0,0,0,0,69,0,0,0,0
zc,WS301,2012-06-29 09:00:16.687,2477.0000,439318,-12,0.0000,18.0000,3,15,多平,S,2477.0000,0.0000,0.0000,0.0000,0.0000,2478.0000,0.0000,0.0000,0.0000,0.0000,68,0,0,0,0,67,0,0,0,0
zc,WS301,2012-06-29 09:00:17.173,2479.0000,439210,-108,0.0000,180.0000,36,144,空平,B,2479.0000,0.0000,0.0000,0.0000,0.0000,2480.0000,0.0000,0.0000,0.0000,0.0000,22,0,0,0,0,98,0,0,0,0
zc,WS301,2012-06-29 09:00:17.987,2477.0000,439210,0,0.0000,118.0000,59,59,空换,S,2477.0000,0.0000,0.0000,0.0000,0.0000,2478.0000,0.0000,0.0000,0.0000,0.0000,43,0,0,0,0,1,0,0,0,0
zc,WS301,2012-06-29 09:00:18.453,2480.0000,439282,72,0.0000,118.0000,95,23,多开,B,2477.0000,0.0000,0.0000,0.0000,0.0000,2480.0000,0.0000,0.0000,0.0000,0.0000,3,0,0,0,0,89,0,0,0,0
zc,WS301,2012-06-29 09:00:19.203,2478.0000,439284,2,0.0000,4.0000,3,1,空开,S,2477.0000,0.0000,0.0000,0.0000,0.0000,2478.0000,0.0000,0.0000,0.0000,0.0000,6,0,0,0,0,5,0,0,0,0
zc,WS301,2012-06-29 09:00:19.987,2478.0000,439284,0,0.0000,8.0000,4,4,空换,S,2477.0000,0.0000,0.0000,0.0000,0.0000,2478.0000,0.0000,0.0000,0.0000,0.0000,91,0,0,0,0,1,0,0,0,0
zc,WS301,2012-06-29 09:00:20.487,2477.0000,439284,0,0.0000,6.0000,3,3,空换,S,2477.0000,0.0000,0.0000,0.0000,0.0000,2478.0000,0.0000,0.0000,0.0000,0.0000,88,0,0,0,0,1,0,0,0,0
zc,WS301,2012-06-29 09:00:21.237,2478.0000,439278,-6,0.0000,18.0000,6,12,空平,B,2478.0000,0.0000,0.0000,0.0000,0.0000,2479.0000,0.0000,0.0000,0.0000,0.0000,1,0,0,0,0,51,0,0,0,0
zc,WS301,2012-06-29 09:00:21.970,2478.0000,439278,0,0.0000,14.0000,7,7,多换,B,2478.0000,0.0000,0.0000,0.0000,0.0000,2479.0000,0.0000,0.0000,0.0000,0.0000,6,0,0,0,0,46,0,0,0,0
zc,WS301,2012-06-29 09:00:22.453,2478.0000,439242,-36,0.0000,62.0000,13,49,空平,B,2478.0000,0.0000,0.0000,0.0000,0.0000,2479.0000,0.0000,0.0000,0.0000,0.0000,218,0,0,0,0,39,0,0,0,0
zc,WS301,2012-06-29 09:00:23.017,2478.0000,439232,-10,0.0000,26.0000,8,18,空平,B,2478.0000,0.0000,0.0000,0.0000,0.0000,2479.0000,0.0000,0.0000,0.0000,0.0000,215,0,0,0,0,29,0,0,0,0
zc,WS301,2012-06-29 09:00:23.687,2479.0000,439232,0,0.0000,2.0000,1,1,多换,B,2478.0000,0.0000,0.0000,0.0000,0.0000,2479.0000,0.0000,0.0000,0.0000,0.0000,238,0,0,0,0,27,0,0,0,0
zc,WS301,2012-06-29 09:00:24.203,2479.0000,439276,44,0.0000,96.0000,70,26,多开,B,2479.0000,0.0000,0.0000,0.0000,0.0000,2480.0000,0.0000,0.0000,0.0000,0.0000,19,0,0,0,0,83,0,0,0,0
zc,WS301,2012-06-29 09:00:24.953,2479.0000,439276,0,0.0000,12.0000,6,6,多换,B,2479.0000,0.0000,0.0000,0.0000,0.0000,2480.0000,0.0000,0.0000,0.0000,0.0000,13,0,0,0,0,86,0,0,0,0
zc,WS301,2012-06-29 09:00:25.703,2479.0000,439278,2,0.0000,24.0000,13,11,多开,B,2479.0000,0.0000,0.0000,0.0000,0.0000,2480.0000,0.0000,0.0000,0.0000,0.0000,7,0,0,0,0,79,0,0,0,0
zc,WS301,2012-06-29 09:00:26.437,2478.0000,439264,-14,0.0000,28.0000,7,21,多平,S,2479.0000,0.0000,0.0000,0.0000,0.0000,2480.0000,0.0000,0.0000,0.0000,0.0000,2,0,0,0,0,80,0,0,0,0
zc,WS301,2012-06-29 09:00:26.970,2479.0000,439260,-4,0.0000,46.0000,21,25,空平,B,2478.0000,0.0000,0.0000,0.0000,0.0000,2479.0000,0.0000,0.0000,0.0000,0.0000,238,0,0,0,0,200,0,0,0,0
zc,WS301,2012-06-29 09:00:27.657,2479.0000,439254,-6,0.0000,6.0000,0,6,双平,B,2478.0000,0.0000,0.0000,0.0000,0.0000,2479.0000,0.0000,0.0000,0.0000,0.0000,238,0,0,0,0,207,0,0,0,0
zc,WS301,2012-06-29 09:00:28.470,2479.0000,439244,-10,0.0000,50.0000,20,30,空平,B,2478.0000,0.0000,0.0000,0.0000,0.0000,2479.0000,0.0000,0.0000,0.0000,0.0000,172,0,0,0,0,192,0,0,0,0
zc,WS301,2012-06-29 09:00:28.687,2479.0000,439240,-4,0.0000,4.0000,0,4,双平,B,2478.0000,0.0000,0.0000,0.0000,0.0000,2479.0000,0.0000,0.0000,0.0000,0.0000,102,0,0,0,0,190,0,0,0,0
zc,WS301,2012-06-29 09:00:29.423,2479.0000,439240,0,0.0000,0.0000,0,0,多换,B,2478.0000,0.0000,0.0000,0.0000,0.0000,2479.0000,0.0000,0.0000,0.0000,0.0000,108,0,0,0,0,186,0,0,0,0
zc,WS301,2012-06-29 09:00:29.937,2479.0000,439240,0,0.0000,12.0000,6,6,多换,B,2478.0000,0.0000,0.0000,0.0000,0.0000,2479.0000,0.0000,0.0000,0.0000,0.0000,108,0,0,0,0,182,0,0,0,0
zc,WS301,2012-06-29 09:00:30.970,2479.0000,439230,-10,0.0000,10.0000,0,10,双平,B,2478.0000,0.0000,0.0000,0.0000,0.0000,2479.0000,0.0000,0.0000,0.0000,0.0000,116,0,0,0,0,184,0,0,0,0
zc,WS301,2012-06-29 09:00:31.437,2479.0000,439226,-4,0.0000,6.0000,1,5,空平,B,2478.0000,0.0000,0.0000,0.0000,0.0000,2479.0000,0.0000,0.0000,0.0000,0.0000,127,0,0,0,0,181,0,0,0,0
zc,WS301,2012-06-29 09:00:32.203,2478.0000,439226,0,0.0000,62.0000,31,31,空换,S,2478.0000,0.0000,0.0000,0.0000,0.0000,2479.0000,0.0000,0.0000,0.0000,0.0000,103,0,0,0,0,182,0,0,0,0
zc,WS301,2012-06-29 09:00:32.673,2478.0000,439220,-6,0.0000,12.0000,3,9,多平,S,2478.0000,0.0000,0.0000,0.0000,0.0000,2479.0000,0.0000,0.0000,0.0000,0.0000,99,0,0,0,0,182,0,0,0,0
zc,WS301,2012-06-29 09:00:33.423,2479.0000,439212,-8,0.0000,10.0000,1,9,空平,B,2478.0000,0.0000,0.0000,0.0000,0.0000,2479.0000,0.0000,0.0000,0.0000,0.0000,107,0,0,0,0,179,0,0,0,0
zc,WS301,2012-06-29 09:00:34.187,2478.0000,439188,-24,0.0000,24.0000,0,24,双平,S,2478.0000,0.0000,0.0000,0.0000,0.0000,2479.0000,0.0000,0.0000,0.0000,0.0000,100,0,0,0,0,178,0,0,0,0
zc,WS301,2012-06-29 09:00:34.407,2478.0000,439188,0,0.0000,0.0000,0,0,空换,S,2478.0000,0.0000,0.0000,0.0000,0.0000,2479.0000,0.0000,0.0000,0.0000,0.0000,93,0,0,0,0,183,0,0,0,0
zc,WS301,2012-06-29 09:00:35.187,2478.0000,439184,-4,0.0000,10.0000,3,7,多平,S,2478.0000,0.0000,0.0000,0.0000,0.0000,2479.0000,0.0000,0.0000,0.0000,0.0000,88,0,0,0,0,183,0,0,0,0
zc,WS301,2012-06-29 09:00:35.907,2478.0000,439182,-2,0.0000,38.0000,18,20,多平,S,2478.0000,0.0000,0.0000,0.0000,0.0000,2479.0000,0.0000,0.0000,0.0000,0.0000,75,0,0,0,0,179,0,0,0,0
zc,WS301,2012-06-29 09:00:36.407,2478.0000,439170,-12,0.0000,102.0000,45,57,多平,S,2478.0000,0.0000,0.0000,0.0000,0.0000,2479.0000,0.0000,0.0000,0.0000,0.0000,25,0,0,0,0,181,0,0,0,0
zc,WS301,2012-06-29 09:00:37.157,2479.0000,439166,-4,0.0000,24.0000,10,14,空平,B,2478.0000,0.0000,0.0000,0.0000,0.0000,2479.0000,0.0000,0.0000,0.0000,0.0000,20,0,0,0,0,177,0,0,0,0
zc,WS301,2012-06-29 09:00:37.673,2478.0000,439164,-2,0.0000,12.0000,5,7,多平,S,2478.0000,0.0000,0.0000,0.0000,0.0000,2479.0000,0.0000,0.0000,0.0000,0.0000,16,0,0,0,0,177,0,0,0,0
zc,WS301,2012-06-29 09:00:38.407,2479.0000,439170,6,0.0000,24.0000,15,9,多开,B,2478.0000,0.0000,0.0000,0.0000,0.0000,2479.0000,0.0000,0.0000,0.0000,0.0000,7,0,0,0,0,176,0,0,0,0
zc,WS301,2012-06-29 09:00:38.937,2478.0000,439156,-14,0.0000,24.0000,5,19,多平,S,2478.0000,0.0000,0.0000,0.0000,0.0000,2479.0000,0.0000,0.0000,0.0000,0.0000,25,0,0,0,0,170,0,0,0,0
zc,WS301,2012-06-29 09:00:39.737,2478.0000,439158,2,0.0000,4.0000,3,1,空开,S,2478.0000,0.0000,0.0000,0.0000,0.0000,2479.0000,0.0000,0.0000,0.0000,0.0000,28,0,0,0,0,169,0,0,0,0
zc,WS301,2012-06-29 09:00:40.250,2479.0000,439152,-6,0.0000,6.0000,0,6,双平,B,2478.0000,0.0000,0.0000,0.0000,0.0000,2479.0000,0.0000,0.0000,0.0000,0.0000,88,0,0,0,0,182,0,0,0,0
zc,WS301,2012-06-29 09:00:40.657,2478.0000,439176,24,0.0000,24.0000,24,0,双开,S,2478.0000,0.0000,0.0000,0.0000,0.0000,2479.0000,0.0000,0.0000,0.0000,0.0000,76,0,0,0,0,182,0,0,0,0
zc,WS301,2012-06-29 09:00:41.423,2478.0000,439182,6,0.0000,140.0000,73,67,空开,S,2478.0000,0.0000,0.0000,0.0000,0.0000,2479.0000,0.0000,0.0000,0.0000,0.0000,64,0,0,0,0,125,0,0,0,0
zc,WS301,2012-06-29 09:00:42.157,2478.0000,439184,2,0.0000,4.0000,3,1,空开,S,2478.0000,0.0000,0.0000,0.0000,0.0000,2479.0000,0.0000,0.0000,0.0000,0.0000,63,0,0,0,0,125,0,0,0,0
zc,WS301,2012-06-29 09:00:42.437,2478.0000,439186,2,0.0000,2.0000,2,0,双开,S,2478.0000,0.0000,0.0000,0.0000,0.0000,2479.0000,0.0000,0.0000,0.0000,0.0000,67,0,0,0,0,126,0,0,0,0
zc,WS301,2012-06-29 09:00:43.187,2478.0000,439184,-2,0.0000,8.0000,3,5,多平,S,2478.0000,0.0000,0.0000,0.0000,0.0000,2479.0000,0.0000,0.0000,0.0000,0.0000,67,0,0,0,0,134,0,0,0,0
zc,WS301,2012-06-29 09:00:43.687,2478.0000,439184,0,0.0000,4.0000,2,2,空换,S,2478.0000,0.0000,0.0000,0.0000,0.0000,2479.0000,0.0000,0.0000,0.0000,0.0000,209,0,0,0,0,133,0,0,0,0
zc,WS301,2012-06-29 09:00:44.437,2478.0000,439184,0,0.0000,136.0000,68,68,空换,S,2478.0000,0.0000,0.0000,0.0000,0.0000,2479.0000,0.0000,0.0000,0.0000,0.0000,211,0,0,0,0,72,0,0,0,0
zc,WS301,2012-06-29 09:00:45.000,2479.0000,439336,152,0.0000,198.0000,175,23,多开,B,2479.0000,0.0000,0.0000,0.0000,0.0000,2480.0000,0.0000,0.0000,0.0000,0.0000,84,0,0,0,0,217,0,0,0,0
zc,WS301,2012-06-29 09:00:45.673,2479.0000,439336,0,0.0000,2.0000,1,1,多换,B,2479.0000,0.0000,0.0000,0.0000,0.0000,2480.0000,0.0000,0.0000,0.0000,0.0000,139,0,0,0,0,217,0,0,0,0
zc,WS301,2012-06-29 09:00:46.407,2479.0000,439338,2,0.0000,2.0000,2,0,双开,B,2479.0000,0.0000,0.0000,0.0000,0.0000,2480.0000,0.0000,0.0000,0.0000,0.0000,138,0,0,0,0,215,0,0,0,0
zc,WS301,2012-06-29 09:00:47.000,2479.0000,439338,0,0.0000,2.0000,1,1,多换,B,2479.0000,0.0000,0.0000,0.0000,0.0000,2480.0000,0.0000,0.0000,0.0000,0.0000,137,0,0,0,0,215,0,0,0,0
zc,WS301,2012-06-29 09:00:47.487,2479.0000,439360,22,0.0000,22.0000,22,0,双开,B,2479.0000,0.0000,0.0000,0.0000,0.0000,2480.0000,0.0000,0.0000,0.0000,0.0000,131,0,0,0,0,214,0,0,0,0
zc,WS301,2012-06-29 09:00:47.953,2479.0000,439360,0,0.0000,6.0000,3,3,多换,B,2479.0000,0.0000,0.0000,0.0000,0.0000,2480.0000,0.0000,0.0000,0.0000,0.0000,128,0,0,0,0,213,0,0,0,0
zc,WS301,2012-06-29 09:00:48.703,2479.0000,439360,0,0.0000,0.0000,0,0,多换,B,2479.0000,0.0000,0.0000,0.0000,0.0000,2480.0000,0.0000,0.0000,0.0000,0.0000,130,0,0,0,0,213,0,0,0,0
zc,WS301,2012-06-29 09:00:49.487,2479.0000,439392,32,0.0000,42.0000,37,5,多开,B,2479.0000,0.0000,0.0000,0.0000,0.0000,2480.0000,0.0000,0.0000,0.0000,0.0000,117,0,0,0,0,217,0,0,0,0
zc,WS301,2012-06-29 09:00:50.173,2479.0000,439396,4,0.0000,4.0000,4,0,双开,B,2479.0000,0.0000,0.0000,0.0000,0.0000,2480.0000,0.0000,0.0000,0.0000,0.0000,120,0,0,0,0,217,0,0,0,0
zc,WS301,2012-06-29 09:00:50.737,2479.0000,439400,4,0.0000,4.0000,4,0,双开,B,2479.0000,0.0000,0.0000,0.0000,0.0000,2480.0000,0.0000,0.0000,0.0000,0.0000,118,0,0,0,0,217,0,0,0,0
zc,WS301,2012-06-29 09:00:51.470,2479.0000,439410,10,0.0000,18.0000,14,4,多开,B,2479.0000,0.0000,0.0000,0.0000,0.0000,2480.0000,0.0000,0.0000,0.0000,0.0000,113,0,0,0,0,217,0,0,0,0
zc,WS301,2012-06-29 09:00:51.987,2479.0000,439468,58,0.0000,234.0000,146,88,多开,B,2478.0000,0.0000,0.0000,0.0000,0.0000,2479.0000,0.0000,0.0000,0.0000,0.0000,104,0,0,0,0,185,0,0,0,0
zc,WS301,2012-06-29 09:00:52.673,2479.0000,439468,0,0.0000,4.0000,2,2,多换,B,2478.0000,0.0000,0.0000,0.0000,0.0000,2479.0000,0.0000,0.0000,0.0000,0.0000,102,0,0,0,0,203,0,0,0,0
zc,WS301,2012-06-29 09:00:53.173,2479.0000,439466,-2,0.0000,12.0000,5,7,空平,B,2478.0000,0.0000,0.0000,0.0000,0.0000,2479.0000,0.0000,0.0000,0.0000,0.0000,93,0,0,0,0,197,0,0,0,0
zc,WS301,2012-06-29 09:00:53.937,2479.0000,439444,-22,0.0000,28.0000,3,25,空平,B,2478.0000,0.0000,0.0000,0.0000,0.0000,2479.0000,0.0000,0.0000,0.0000,0.0000,82,0,0,0,0,193,0,0,0,0
zc,WS301,2012-06-29 09:00:54.437,2479.0000,439444,0,0.0000,0.0000,0,0,多换,B,2478.0000,0.0000,0.0000,0.0000,0.0000,2479.0000,0.0000,0.0000,0.0000,0.0000,84,0,0,0,0,193,0,0,0,0
zc,WS301,2012-06-29 09:00:55.173,2478.0000,439394,-50,0.0000,126.0000,38,88,多平,S,2478.0000,0.0000,0.0000,0.0000,0.0000,2479.0000,0.0000,0.0000,0.0000,0.0000,16,0,0,0,0,194,0,0,0,0
zc,WS301,2012-06-29 09:00:55.673,2478.0000,439394,0,0.0000,0.0000,0,0,空换,S,2478.0000,0.0000,0.0000,0.0000,0.0000,2479.0000,0.0000,0.0000,0.0000,0.0000,18,0,0,0,0,194,0,0,0,0
zc,WS301,2012-06-29 09:00:56.423,2478.0000,439408,14,0.0000,44.0000,29,15,空开,S,2477.0000,0.0000,0.0000,0.0000,0.0000,2478.0000,0.0000,0.0000,0.0000,0.0000,192,0,0,0,0,20,0,0,0,0
zc,WS301,2012-06-29 09:00:56.953,2478.0000,439408,0,0.0000,4.0000,2,2,空换,S,2477.0000,0.0000,0.0000,0.0000,0.0000,2478.0000,0.0000,0.0000,0.0000,0.0000,192,0,0,0,0,23,0,0,0,0
zc,WS301,2012-06-29 09:00:57.673,2478.0000,439408,0,0.0000,0.0000,0,0,空换,S,2477.0000,0.0000,0.0000,0.0000,0.0000,2478.0000,0.0000,0.0000,0.0000,0.0000,195,0,0,0,0,23,0,0,0,0
zc,WS301,2012-06-29 09:00:58.173,2478.0000,439408,0,0.0000,0.0000,0,0,空换,S,2477.0000,0.0000,0.0000,0.0000,0.0000,2478.0000,0.0000,0.0000,0.0000,0.0000,193,0,0,0,0,24,0,0,0,0
zc,WS301,2012-06-29 09:00:58.937,2477.0000,439416,8,0.0000,30.0000,19,11,空开,S,2477.0000,0.0000,0.0000,0.0000,0.0000,2478.0000,0.0000,0.0000,0.0000,0.0000,189,0,0,0,0,13,0,0,0,0
zc,WS301,2012-06-29 09:00:59.437,2478.0000,439414,-2,0.0000,4.0000,1,3,空平,B,2477.0000,0.0000,0.0000,0.0000,0.0000,2478.0000,0.0000,0.0000,0.0000,0.0000,195,0,0,0,0,21,0,0,0,0
zc,WS301,2012-06-29 09:01:00.157,2478.0000,439410,-4,0.0000,42.0000,19,23,空平,B,2478.0000,0.0000,0.0000,0.0000,0.0000,2479.0000,0.0000,0.0000,0.0000,0.0000,9,0,0,0,0,248,0,0,0,0
zc,WS301,2012-06-29 09:01:00.640,2477.0000,439414,4,0.0000,22.0000,13,9,空开,S,2477.0000,0.0000,0.0000,0.0000,0.0000,2478.0000,0.0000,0.0000,0.0000,0.0000,196,0,0,0,0,10,0,0,0,0
zc,WS301,2012-06-29 09:01:01.203,2477.0000,439414,0,0.0000,16.0000,8,8,空换,S,2477.0000,0.0000,0.0000,0.0000,0.0000,2478.0000,0.0000,0.0000,0.0000,0.0000,188,0,0,0,0,10,0,0,0,0
zc,WS301,2012-06-29 09:01:02.187,2477.0000,439432,18,0.0000,18.0000,18,0,双开,S,2477.0000,0.0000,0.0000,0.0000,0.0000,2478.0000,0.0000,0.0000,0.0000,0.0000,180,0,0,0,0,10,0,0,0,0
zc,WS301,2012-06-29 09:01:02.720,2478.0000,439484,52,0.0000,54.0000,53,1,多开,B,2477.0000,0.0000,0.0000,0.0000,0.0000,2478.0000,0.0000,0.0000,0.0000,0.0000,164,0,0,0,0,36,0,0,0,0
zc,WS301,2012-06-29 09:01:03.407,2478.0000,439478,-6,0.0000,60.0000,27,33,空平,B,2477.0000,0.0000,0.0000,0.0000,0.0000,2478.0000,0.0000,0.0000,0.0000,0.0000,142,0,0,0,0,40,0,0,0,0
zc,WS301,2012-06-29 09:01:04.173,2477.0000,439478,0,0.0000,14.0000,7,7,空换,S,2477.0000,0.0000,0.0000,0.0000,0.0000,2478.0000,0.0000,0.0000,0.0000,0.0000,135,0,0,0,0,40,0,0,0,0
zc,WS301,2012-06-29 09:01:04.720,2477.0000,439306,-172,0.0000,326.0000,77,249,多平,S,2477.0000,0.0000,0.0000,0.0000,0.0000,2478.0000,0.0000,0.0000,0.0000,0.0000,49,0,0,0,0,39,0,0,0,0
zc,WS301,2012-06-29 09:01:05.220,2477.0000,439298,-8,0.0000,16.0000,4,12,多平,S,2477.0000,0.0000,0.0000,0.0000,0.0000,2478.0000,0.0000,0.0000,0.0000,0.0000,45,0,0,0,0,49,0,0,0,0
zc,WS301,2012-06-29 09:01:05.923,2477.0000,439320,22,0.0000,104.0000,63,41,空开,S,2476.0000,0.0000,0.0000,0.0000,0.0000,2477.0000,0.0000,0.0000,0.0000,0.0000,134,0,0,0,0,103,0,0,0,0
zc,WS301,2012-06-29 09:01:06.437,2477.0000,439330,10,0.0000,10.0000,10,0,双开,S,2476.0000,0.0000,0.0000,0.0000,0.0000,2477.0000,0.0000,0.0000,0.0000,0.0000,134,0,0,0,0,118,0,0,0,0
zc,WS301,2012-06-29 09:01:07.187,2477.0000,439344,14,0.0000,16.0000,15,1,空开,S,2476.0000,0.0000,0.0000,0.0000,0.0000,2477.0000,0.0000,0.0000,0.0000,0.0000,133,0,0,0,0,122,0,0,0,0
zc,WS301,2012-06-29 09:01:07.657,2477.0000,439356,12,0.0000,74.0000,43,31,空开,S,2476.0000,0.0000,0.0000,0.0000,0.0000,2477.0000,0.0000,0.0000,0.0000,0.0000,130,0,0,0,0,87,0,0,0,0
zc,WS301,2012-06-29 09:01:08.453,2476.0000,439420,64,0.0000,184.0000,124,60,空开,S,2476.0000,0.0000,0.0000,0.0000,0.0000,2477.0000,0.0000,0.0000,0.0000,0.0000,57,0,0,0,0,97,0,0,0,0
zc,WS301,2012-06-29 09:01:08.953,2476.0000,439414,-6,0.0000,6.0000,0,6,双平,S,2476.0000,0.0000,0.0000,0.0000,0.0000,2477.0000,0.0000,0.0000,0.0000,0.0000,59,0,0,0,0,98,0,0,0,0
zc,WS301,2012-06-29 09:01:09.673,2476.0000,439424,10,0.0000,34.0000,22,12,空开,S,2476.0000,0.0000,0.0000,0.0000,0.0000,2477.0000,0.0000,0.0000,0.0000,0.0000,81,0,0,0,0,84,0,0,0,0
zc,WS301,2012-06-29 09:01:10.187,2476.0000,439470,46,0.0000,60.0000,53,7,空开,S,2476.0000,0.0000,0.0000,0.0000,0.0000,2477.0000,0.0000,0.0000,0.0000,0.0000,65,0,0,0,0,82,0,0,0,0
zc,WS301,2012-06-29 09:01:10.953,2476.0000,439482,12,0.0000,18.0000,15,3,空开,S,2476.0000,0.0000,0.0000,0.0000,0.0000,2477.0000,0.0000,0.0000,0.0000,0.0000,66,0,0,0,0,75,0,0,0,0
zc,WS301,2012-06-29 09:01:11.423,2477.0000,439494,12,0.0000,14.0000,13,1,多开,B,2476.0000,0.0000,0.0000,0.0000,0.0000,2477.0000,0.0000,0.0000,0.0000,0.0000,70,0,0,0,0,69,0,0,0,0
zc,WS301,2012-06-29 09:01:11.907,2477.0000,439496,2,0.0000,2.0000,2,0,双开,B,2476.0000,0.0000,0.0000,0.0000,0.0000,2477.0000,0.0000,0.0000,0.0000,0.0000,71,0,0,0,0,68,0,0,0,0
zc,WS301,2012-06-29 09:01:12.737,2476.0000,439496,0,0.0000,6.0000,3,3,空换,S,2476.0000,0.0000,0.0000,0.0000,0.0000,2477.0000,0.0000,0.0000,0.0000,0.0000,88,0,0,0,0,68,0,0,0,0
zc,WS301,2012-06-29 09:01:13.220,2476.0000,439498,2,0.0000,10.0000,6,4,空开,S,2476.0000,0.0000,0.0000,0.0000,0.0000,2477.0000,0.0000,0.0000,0.0000,0.0000,86,0,0,0,0,71,0,0,0,0
zc,WS301,2012-06-29 09:01:13.937,2476.0000,439498,0,0.0000,0.0000,0,0,空换,S,2476.0000,0.0000,0.0000,0.0000,0.0000,2477.0000,0.0000,0.0000,0.0000,0.0000,91,0,0,0,0,78,0,0,0,0
zc,WS301,2012-06-29 09:01:14.390,2476.0000,439496,-2,0.0000,4.0000,1,3,多平,S,2476.0000,0.0000,0.0000,0.0000,0.0000,2477.0000,0.0000,0.0000,0.0000,0.0000,90,0,0,0,0,81,0,0,0,0
zc,WS301,2012-06-29 09:01:15.453,2476.0000,439528,32,0.0000,76.0000,54,22,空开,S,2476.0000,0.0000,0.0000,0.0000,0.0000,2477.0000,0.0000,0.0000,0.0000,0.0000,68,0,0,0,0,81,0,0,0,0
zc,WS301,2012-06-29 09:01:15.687,2476.0000,439542,14,0.0000,56.0000,35,21,空开,S,2476.0000,0.0000,0.0000,0.0000,0.0000,2477.0000,0.0000,0.0000,0.0000,0.0000,52,0,0,0,0,80,0,0,0,0
zc,WS301,2012-06-29 09:01:16.390,2477.0000,439536,-6,0.0000,26.0000,10,16,空平,B,2476.0000,0.0000,0.0000,0.0000,0.0000,2477.0000,0.0000,0.0000,0.0000,0.0000,69,0,0,0,0,79,0,0,0,0
zc,WS301,2012-06-29 09:01:16.987,2476.0000,439544,8,0.0000,8.0000,8,0,双开,S,2476.0000,0.0000,0.0000,0.0000,0.0000,2477.0000,0.0000,0.0000,0.0000,0.0000,118,0,0,0,0,79,0,0,0,0
zc,WS301,2012-06-29 09:01:17.640,2476.0000,439566,22,0.0000,32.0000,27,5,空开,S,2476.0000,0.0000,0.0000,0.0000,0.0000,2477.0000,0.0000,0.0000,0.0000,0.0000,103,0,0,0,0,109,0,0,0,0
zc,WS301,2012-06-29 09:01:18.157,2476.0000,439580,14,0.0000,28.0000,21,7,空开,S,2476.0000,0.0000,0.0000,0.0000,0.0000,2477.0000,0.0000,0.0000,0.0000,0.0000,87,0,0,0,0,119,0,0,0,0
zc,WS301,2012-06-29 09:01:19.000,2476.0000,439592,12,0.0000,18.0000,15,3,空开,S,2476.0000,0.0000,0.0000,0.0000,0.0000,2477.0000,0.0000,0.0000,0.0000,0.0000,82,0,0,0,0,117,0,0,0,0
zc,WS301,2012-06-29 09:01:19.470,2476.0000,439592,0,0.0000,0.0000,0,0,空换,S,2476.0000,0.0000,0.0000,0.0000,0.0000,2477.0000,0.0000,0.0000,0.0000,0.0000,82,0,0,0,0,116,0,0,0,0
zc,WS301,2012-06-29 09:01:20.203,2476.0000,439596,4,0.0000,14.0000,9,5,空开,S,2476.0000,0.0000,0.0000,0.0000,0.0000,2477.0000,0.0000,0.0000,0.0000,0.0000,81,0,0,0,0,310,0,0,0,0
zc,WS301,2012-06-29 09:01:20.673,2476.0000,439600,4,0.0000,4.0000,4,0,双开,S,2476.0000,0.0000,0.0000,0.0000,0.0000,2477.0000,0.0000,0.0000,0.0000,0.0000,87,0,0,0,0,316,0,0,0,0
zc,WS301,2012-06-29 09:01:21.470,2477.0000,439626,26,0.0000,78.0000,52,26,多开,B,2476.0000,0.0000,0.0000,0.0000,0.0000,2477.0000,0.0000,0.0000,0.0000,0.0000,49,0,0,0,0,321,0,0,0,0
zc,WS301,2012-06-29 09:01:21.937,2476.0000,439646,20,0.0000,64.0000,42,22,空开,S,2476.0000,0.0000,0.0000,0.0000,0.0000,2477.0000,0.0000,0.0000,0.0000,0.0000,17,0,0,0,0,323,0,0,0,0
zc,WS301,2012-06-29 09:01:22.720,2476.0000,439628,-18,0.0000,64.0000,23,41,多平,S,2476.0000,0.0000,0.0000,0.0000,0.0000,2477.0000,0.0000,0.0000,0.0000,0.0000,15,0,0,0,0,293,0,0,0,0
zc,WS301,2012-06-29 09:01:23.173,2476.0000,439614,-14,0.0000,38.0000,12,26,多平,S,2475.0000,0.0000,0.0000,0.0000,0.0000,2476.0000,0.0000,0.0000,0.0000,0.0000,157,0,0,0,0,24,0,0,0,0
zc,WS301,2012-06-29 09:01:23.970,2476.0000,439614,0,0.0000,4.0000,2,2,空换,S,2475.0000,0.0000,0.0000,0.0000,0.0000,2476.0000,0.0000,0.0000,0.0000,0.0000,161,0,0,0,0,23,0,0,0,0
zc,WS301,2012-06-29 09:01:24.703,2475.0000,439606,-8,0.0000,8.0000,0,8,双平,S,2475.0000,0.0000,0.0000,0.0000,0.0000,2476.0000,0.0000,0.0000,0.0000,0.0000,147,0,0,0,0,22,0,0,0,0
zc,WS301,2012-06-29 09:01:25.173,2475.0000,439622,16,0.0000,64.0000,40,24,空开,S,2475.0000,0.0000,0.0000,0.0000,0.0000,2476.0000,0.0000,0.0000,0.0000,0.0000,130,0,0,0,0,46,0,0,0,0
zc,WS301,2012-06-29 09:01:25.987,2475.0000,439620,-2,0.0000,8.0000,3,5,多平,S,2475.0000,0.0000,0.0000,0.0000,0.0000,2476.0000,0.0000,0.0000,0.0000,0.0000,128,0,0,0,0,45,0,0,0,0
zc,WS301,2012-06-29 09:01:26.423,2475.0000,439620,0,0.0000,6.0000,3,3,空换,S,2475.0000,0.0000,0.0000,0.0000,0.0000,2476.0000,0.0000,0.0000,0.0000,0.0000,128,0,0,0,0,47,0,0,0,0
zc,WS301,2012-06-29 09:01:27.187,2476.0000,439632,12,0.0000,42.0000,27,15,多开,B,2475.0000,0.0000,0.0000,0.0000,0.0000,2476.0000,0.0000,0.0000,0.0000,0.0000,111,0,0,0,0,44,0,0,0,0
zc,WS301,2012-06-29 09:01:27.703,2476.0000,439636,4,0.0000,18.0000,11,7,多开,B,2475.0000,0.0000,0.0000,0.0000,0.0000,2476.0000,0.0000,0.0000,0.0000,0.0000,120,0,0,0,0,42,0,0,0,0
zc,WS301,2012-06-29 09:01:28.453,2475.0000,439616,-20,0.0000,32.0000,6,26,多平,S,2475.0000,0.0000,0.0000,0.0000,0.0000,2476.0000,0.0000,0.0000,0.0000,0.0000,107,0,0,0,0,41,0,0,0,0
zc,WS301,2012-06-29 09:01:28.970,2475.0000,439616,0,0.0000,4.0000,2,2,空换,S,2475.0000,0.0000,0.0000,0.0000,0.0000,2476.0000,0.0000,0.0000,0.0000,0.0000,106,0,0,0,0,42,0,0,0,0
zc,WS301,2012-06-29 09:01:29.390,2476.0000,439556,-60,0.0000,70.0000,5,65,空平,B,2475.0000,0.0000,0.0000,0.0000,0.0000,2476.0000,0.0000,0.0000,0.0000,0.0000,99,0,0,0,0,19,0,0,0,0
zc,WS301,2012-06-29 09:01:30.140,2476.0000,439556,0,0.0000,22.0000,11,11,多换,B,2475.0000,0.0000,0.0000,0.0000,0.0000,2476.0000,0.0000,0.0000,0.0000,0.0000,93,0,0,0,0,14,0,0,0,0
zc,WS301,2012-06-29 09:01:30.640,2476.0000,439568,12,0.0000,34.0000,23,11,多开,B,2475.0000,0.0000,0.0000,0.0000,0.0000,2476.0000,0.0000,0.0000,0.0000,0.0000,87,0,0,0,0,26,0,0,0,0
zc,WS301,2012-06-29 09:01:31.407,2475.0000,439578,10,0.0000,20.0000,15,5,空开,S,2475.0000,0.0000,0.0000,0.0000,0.0000,2476.0000,0.0000,0.0000,0.0000,0.0000,82,0,0,0,0,21,0,0,0,0
zc,WS301,2012-06-29 09:01:31.877,2475.0000,439586,8,0.0000,18.0000,13,5,空开,S,2475.0000,0.0000,0.0000,0.0000,0.0000,2476.0000,0.0000,0.0000,0.0000,0.0000,78,0,0,0,0,24,0,0,0,0
zc,WS301,2012-06-29 09:01:32.657,2475.0000,439586,0,0.0000,6.0000,3,3,空换,S,2475.0000,0.0000,0.0000,0.0000,0.0000,2476.0000,0.0000,0.0000,0.0000,0.0000,88,0,0,0,0,82,0,0,0,0
zc,WS301,2012-06-29 09:01:33.187,2476.0000,439586,0,0.0000,2.0000,1,1,多换,B,2475.0000,0.0000,0.0000,0.0000,0.0000,2476.0000,0.0000,0.0000,0.0000,0.0000,88,0,0,0,0,81,0,0,0,0
zc,WS301,2012-06-29 09:01:33.673,2476.0000,439584,-2,0.0000,2.0000,0,2,双平,B,2475.0000,0.0000,0.0000,0.0000,0.0000,2476.0000,0.0000,0.0000,0.0000,0.0000,90,0,0,0,0,100,0,0,0,0
zc,WS301,2012-06-29 09:01:34.173,2475.0000,439578,-6,0.0000,10.0000,2,8,多平,S,2475.0000,0.0000,0.0000,0.0000,0.0000,2476.0000,0.0000,0.0000,0.0000,0.0000,89,0,0,0,0,101,0,0,0,0
zc,WS301,2012-06-29 09:01:34.877,2475.0000,439576,-2,0.0000,10.0000,4,6,多平,S,2475.0000,0.0000,0.0000,0.0000,0.0000,2476.0000,0.0000,0.0000,0.0000,0.0000,85,0,0,0,0,133,0,0,0,0
zc,WS301,2012-06-29 09:01:35.453,2475.0000,439584,8,0.0000,428.0000,218,210,空开,S,2475.0000,0.0000,0.0000,0.0000,0.0000,2476.0000,0.0000,0.0000,0.0000,0.0000,5,0,0,0,0,90,0,0,0,0
zc,WS301,2012-06-29 09:01:35.877,2475.0000,439596,12,0.0000,12.0000,12,0,双开,S,2475.0000,0.0000,0.0000,0.0000,0.0000,2476.0000,0.0000,0.0000,0.0000,0.0000,2,0,0,0,0,191,0,0,0,0
zc,WS301,2012-06-29 09:01:36.640,2475.0000,439600,4,0.0000,4.0000,4,0,双开,S,2474.0000,0.0000,0.0000,0.0000,0.0000,2476.0000,0.0000,0.0000,0.0000,0.0000,76,0,0,0,0,201,0,0,0,0
zc,WS301,2012-06-29 09:01:37.157,2475.0000,439604,4,0.0000,6.0000,5,1,空开,S,2475.0000,0.0000,0.0000,0.0000,0.0000,2476.0000,0.0000,0.0000,0.0000,0.0000,23,0,0,0,0,201,0,0,0,0
zc,WS301,2012-06-29 09:01:37.953,2475.0000,439618,14,0.0000,42.0000,28,14,空开,S,2475.0000,0.0000,0.0000,0.0000,0.0000,2476.0000,0.0000,0.0000,0.0000,0.0000,6,0,0,0,0,228,0,0,0,0
zc,WS301,2012-06-29 09:01:38.423,2475.0000,439648,30,0.0000,30.0000,30,0,双开,S,2474.0000,0.0000,0.0000,0.0000,0.0000,2475.0000,0.0000,0.0000,0.0000,0.0000,74,0,0,0,0,88,0,0,0,0
zc,WS301,2012-06-29 09:01:39.173,2475.0000,439654,6,0.0000,6.0000,6,0,双开,S,2474.0000,0.0000,0.0000,0.0000,0.0000,2475.0000,0.0000,0.0000,0.0000,0.0000,75,0,0,0,0,86,0,0,0,0
zc,WS301,2012-06-29 09:01:39.720,2475.0000,439780,126,0.0000,172.0000,149,23,空开,S,2475.0000,0.0000,0.0000,0.0000,0.0000,2476.0000,0.0000,0.0000,0.0000,0.0000,173,0,0,0,0,225,0,0,0,0
zc,WS301,2012-06-29 09:01:40.173,2475.0000,439780,0,0.0000,12.0000,6,6,空换,S,2475.0000,0.0000,0.0000,0.0000,0.0000,2476.0000,0.0000,0.0000,0.0000,0.0000,167,0,0,0,0,225,0,0,0,0
zc,WS301,2012-06-29 09:01:40.673,2475.0000,439726,-54,0.0000,106.0000,26,80,多平,S,2475.0000,0.0000,0.0000,0.0000,0.0000,2476.0000,0.0000,0.0000,0.0000,0.0000,119,0,0,0,0,225,0,0,0,0
zc,WS301,2012-06-29 09:01:41.423,2475.0000,439698,-28,0.0000,88.0000,30,58,多平,S,2475.0000,0.0000,0.0000,0.0000,0.0000,2476.0000,0.0000,0.0000,0.0000,0.0000,78,0,0,0,0,213,0,0,0,0
zc,WS301,2012-06-29 09:01:42.203,2476.0000,439656,-42,0.0000,90.0000,24,66,空平,B,2475.0000,0.0000,0.0000,0.0000,0.0000,2476.0000,0.0000,0.0000,0.0000,0.0000,114,0,0,0,0,182,0,0,0,0
zc,WS301,2012-06-29 09:01:42.703,2475.0000,439654,-2,0.0000,14.0000,6,8,多平,S,2475.0000,0.0000,0.0000,0.0000,0.0000,2476.0000,0.0000,0.0000,0.0000,0.0000,121,0,0,0,0,188,0,0,0,0
zc,WS301,2012-06-29 09:01:43.203,2475.0000,439654,0,0.0000,4.0000,2,2,空换,S,2475.0000,0.0000,0.0000,0.0000,0.0000,2476.0000,0.0000,0.0000,0.0000,0.0000,120,0,0,0,0,187,0,0,0,0
zc,WS301,2012-06-29 09:01:43.657,2476.0000,439646,-8,0.0000,14.0000,3,11,空平,B,2475.0000,0.0000,0.0000,0.0000,0.0000,2476.0000,0.0000,0.0000,0.0000,0.0000,121,0,0,0,0,184,0,0,0,0
zc,WS301,2012-06-29 09:01:44.437,2475.0000,439686,40,0.0000,44.0000,42,2,空开,S,2475.0000,0.0000,0.0000,0.0000,0.0000,2476.0000,0.0000,0.0000,0.0000,0.0000,121,0,0,0,0,164,0,0,0,0
zc,WS301,2012-06-29 09:01:44.937,2476.0000,439708,22,0.0000,102.0000,62,40,多开,B,2475.0000,0.0000,0.0000,0.0000,0.0000,2476.0000,0.0000,0.0000,0.0000,0.0000,187,0,0,0,0,114,0,0,0,0
zc,WS301,2012-06-29 09:01:45.687,2476.0000,439528,-180,0.0000,228.0000,24,204,空平,B,2476.0000,0.0000,0.0000,0.0000,0.0000,2477.0000,0.0000,0.0000,0.0000,0.0000,196,0,0,0,0,264,0,0,0,0
zc,WS301,2012-06-29 09:01:46.187,2476.0000,439510,-18,0.0000,74.0000,28,46,空平,B,2476.0000,0.0000,0.0000,0.0000,0.0000,2477.0000,0.0000,0.0000,0.0000,0.0000,265,0,0,0,0,237,0,0,0,0
zc,WS301,2012-06-29 09:01:47.407,2476.0000,439510,0,0.0000,14.0000,7,7,多换,B,2476.0000,0.0000,0.0000,0.0000,0.0000,2477.0000,0.0000,0.0000,0.0000,0.0000,108,0,0,0,0,237,0,0,0,0
zc,WS301,2012-06-29 09:01:48.157,2477.0000,439512,2,0.0000,8.0000,5,3,多开,B,2476.0000,0.0000,0.0000,0.0000,0.0000,2477.0000,0.0000,0.0000,0.0000,0.0000,107,0,0,0,0,234,0,0,0,0
zc,WS301,2012-06-29 09:01:48.657,2476.0000,439512,0,0.0000,16.0000,8,8,空换,S,2476.0000,0.0000,0.0000,0.0000,0.0000,2477.0000,0.0000,0.0000,0.0000,0.0000,100,0,0,0,0,234,0,0,0,0
zc,WS301,2012-06-29 09:01:49.423,2477.0000,439490,-22,0.0000,40.0000,9,31,空平,B,2476.0000,0.0000,0.0000,0.0000,0.0000,2477.0000,0.0000,0.0000,0.0000,0.0000,89,0,0,0,0,235,0,0,0,0
zc,WS301,2012-06-29 09:01:49.890,2476.0000,439488,-2,0.0000,12.0000,5,7,多平,S,2476.0000,0.0000,0.0000,0.0000,0.0000,2477.0000,0.0000,0.0000,0.0000,0.0000,88,0,0,0,0,228,0,0,0,0
zc,WS301,2012-06-29 09:01:50.923,2477.0000,439494,6,0.0000,14.0000,10,4,多开,B,2476.0000,0.0000,0.0000,0.0000,0.0000,2477.0000,0.0000,0.0000,0.0000,0.0000,91,0,0,0,0,225,0,0,0,0
zc,WS301,2012-06-29 09:01:51.423,2477.0000,439492,-2,0.0000,64.0000,31,33,空平,B,2476.0000,0.0000,0.0000,0.0000,0.0000,2477.0000,0.0000,0.0000,0.0000,0.0000,92,0,0,0,0,192,0,0,0,0
zc,WS301,2012-06-29 09:01:52.187,2476.0000,439504,12,0.0000,20.0000,16,4,空开,S,2476.0000,0.0000,0.0000,0.0000,0.0000,2477.0000,0.0000,0.0000,0.0000,0.0000,107,0,0,0,0,190,0,0,0,0
zc,WS301,2012-06-29 09:01:52.673,2476.0000,439508,4,0.0000,4.0000,4,0,双开,S,2476.0000,0.0000,0.0000,0.0000,0.0000,2477.0000,0.0000,0.0000,0.0000,0.0000,106,0,0,0,0,210,0,0,0,0
zc,WS301,2012-06-29 09:01:53.203,2476.0000,439512,4,0.0000,8.0000,6,2,空开,S,2476.0000,0.0000,0.0000,0.0000,0.0000,2477.0000,0.0000,0.0000,0.0000,0.0000,106,0,0,0,0,207,0,0,0,0
zc,WS301,2012-06-29 09:01:53.953,2476.0000,439514,2,0.0000,2.0000,2,0,双开,S,2476.0000,0.0000,0.0000,0.0000,0.0000,2477.0000,0.0000,0.0000,0.0000,0.0000,111,0,0,0,0,207,0,0,0,0
zc,WS301,2012-06-29 09:01:54.453,2476.0000,439516,2,0.0000,2.0000,2,0,双开,S,2476.0000,0.0000,0.0000,0.0000,0.0000,2477.0000,0.0000,0.0000,0.0000,0.0000,110,0,0,0,0,207,0,0,0,0
zc,WS301,2012-06-29 09:01:54.987,2476.0000,439516,0,0.0000,8.0000,4,4,空换,S,2476.0000,0.0000,0.0000,0.0000,0.0000,2477.0000,0.0000,0.0000,0.0000,0.0000,108,0,0,0,0,207,0,0,0,0
zc,WS301,2012-06-29 09:01:55.923,2476.0000,439520,4,0.0000,114.0000,59,55,空开,S,2476.0000,0.0000,0.0000,0.0000,0.0000,2477.0000,0.0000,0.0000,0.0000,0.0000,55,0,0,0,0,213,0,0,0,0
zc,WS301,2012-06-29 09:01:56.673,2476.0000,439522,2,0.0000,8.0000,5,3,空开,S,2476.0000,0.0000,0.0000,0.0000,0.0000,2477.0000,0.0000,0.0000,0.0000,0.0000,54,0,0,0,0,211,0,0,0,0
zc,WS301,2012-06-29 09:01:56.907,2477.0000,439522,0,0.0000,4.0000,2,2,多换,B,2476.0000,0.0000,0.0000,0.0000,0.0000,2477.0000,0.0000,0.0000,0.0000,0.0000,55,0,0,0,0,208,0,0,0,0
zc,WS301,2012-06-29 09:01:57.720,2477.0000,439526,4,0.0000,64.0000,34,30,多开,B,2476.0000,0.0000,0.0000,0.0000,0.0000,2477.0000,0.0000,0.0000,0.0000,0.0000,57,0,0,0,0,177,0,0,0,0
zc,WS301,2012-06-29 09:01:58.267,2476.0000,439530,4,0.0000,4.0000,4,0,双开,S,2476.0000,0.0000,0.0000,0.0000,0.0000,2477.0000,0.0000,0.0000,0.0000,0.0000,55,0,0,0,0,169,0,0,0,0
zc,WS301,2012-06-29 09:01:58.987,2477.0000,439530,0,0.0000,2.0000,1,1,多换,B,2476.0000,0.0000,0.0000,0.0000,0.0000,2477.0000,0.0000,0.0000,0.0000,0.0000,91,0,0,0,0,165,0,0,0,0
zc,WS301,2012-06-29 09:01:59.390,2477.0000,439532,2,0.0000,2.0000,2,0,双开,B,2476.0000,0.0000,0.0000,0.0000,0.0000,2477.0000,0.0000,0.0000,0.0000,0.0000,97,0,0,0,0,164,0,0,0,0
zc,WS301,2012-06-29 09:02:00.127,2476.0000,439534,2,0.0000,6.0000,4,2,空开,S,2476.0000,0.0000,0.0000,0.0000,0.0000,2477.0000,0.0000,0.0000,0.0000,0.0000,140,0,0,0,0,161,0,0,0,0
zc,WS301,2012-06-29 09:02:00.703,2476.0000,439658,124,0.0000,134.0000,129,5,空开,S,2476.0000,0.0000,0.0000,0.0000,0.0000,2477.0000,0.0000,0.0000,0.0000,0.0000,143,0,0,0,0,100,0,0,0,0
zc,WS301,2012-06-29 09:02:01.923,2477.0000,439788,130,0.0000,240.0000,185,55,多开,B,2477.0000,0.0000,0.0000,0.0000,0.0000,2478.0000,0.0000,0.0000,0.0000,0.0000,36,0,0,0,0,61,0,0,0,0
zc,WS301,2012-06-29 09:02:02.453,2477.0000,439788,0,0.0000,0.0000,0,0,多换,B,2477.0000,0.0000,0.0000,0.0000,0.0000,2478.0000,0.0000,0.0000,0.0000,0.0000,41,0,0,0,0,61,0,0,0,0
zc,WS301,2012-06-29 09:02:03.140,2478.0000,439780,-8,0.0000,12.0000,2,10,空平,B,2477.0000,0.0000,0.0000,0.0000,0.0000,2478.0000,0.0000,0.0000,0.0000,0.0000,43,0,0,0,0,55,0,0,0,0
zc,WS301,2012-06-29 09:02:03.687,2478.0000,439780,0,0.0000,0.0000,0,0,多换,B,2477.0000,0.0000,0.0000,0.0000,0.0000,2478.0000,0.0000,0.0000,0.0000,0.0000,43,0,0,0,0,56,0,0,0,0
zc,WS301,2012-06-29 09:02:04.407,2478.0000,439780,0,0.0000,4.0000,2,2,多换,B,2477.0000,0.0000,0.0000,0.0000,0.0000,2478.0000,0.0000,0.0000,0.0000,0.0000,48,0,0,0,0,116,0,0,0,0
zc,WS301,2012-06-29 09:02:04.953,2477.0000,439780,0,0.0000,12.0000,6,6,空换,S,2477.0000,0.0000,0.0000,0.0000,0.0000,2478.0000,0.0000,0.0000,0.0000,0.0000,49,0,0,0,0,115,0,0,0,0
zc,WS301,2012-06-29 09:02:05.407,2477.0000,439780,0,0.0000,0.0000,0,0,空换,S,2477.0000,0.0000,0.0000,0.0000,0.0000,2478.0000,0.0000,0.0000,0.0000,0.0000,49,0,0,0,0,114,0,0,0,0
zc,WS301,2012-06-29 09:02:05.953,2478.0000,439774,-6,0.0000,6.0000,0,6,双平,B,2477.0000,0.0000,0.0000,0.0000,0.0000,2478.0000,0.0000,0.0000,0.0000,0.0000,54,0,0,0,0,111,0,0,0,0
zc,WS301,2012-06-29 09:02:06.640,2478.0000,439772,-2,0.0000,2.0000,0,2,双平,B,2477.0000,0.0000,0.0000,0.0000,0.0000,2478.0000,0.0000,0.0000,0.0000,0.0000,55,0,0,0,0,110,0,0,0,0
zc,WS301,2012-06-29 09:02:07.127,2477.0000,439778,6,0.0000,6.0000,6,0,双开,S,2477.0000,0.0000,0.0000,0.0000,0.0000,2478.0000,0.0000,0.0000,0.0000,0.0000,53,0,0,0,0,109,0,0,0,0
zc,WS301,2012-06-29 09:02:07.890,2478.0000,439778,0,0.0000,6.0000,3,3,多换,B,2477.0000,0.0000,0.0000,0.0000,0.0000,2478.0000,0.0000,0.0000,0.0000,0.0000,53,0,0,0,0,111,0,0,0,0
zc,WS301,2012-06-29 09:02:08.377,2478.0000,439778,0,0.0000,2.0000,1,1,多换,B,2477.0000,0.0000,0.0000,0.0000,0.0000,2478.0000,0.0000,0.0000,0.0000,0.0000,54,0,0,0,0,113,0,0,0,0
zc,WS301,2012-06-29 09:02:09.173,2477.0000,439778,0,0.0000,2.0000,1,1,空换,S,2477.0000,0.0000,0.0000,0.0000,0.0000,2478.0000,0.0000,0.0000,0.0000,0.0000,58,0,0,0,0,113,0,0,0,0
zc,WS301,2012-06-29 09:02:09.673,2477.0000,439794,16,0.0000,16.0000,16,0,双开,S,2477.0000,0.0000,0.0000,0.0000,0.0000,2478.0000,0.0000,0.0000,0.0000,0.0000,58,0,0,0,0,113,0,0,0,0
zc,WS301,2012-06-29 09:02:10.187,2478.0000,439794,0,0.0000,4.0000,2,2,多换,B,2477.0000,0.0000,0.0000,0.0000,0.0000,2478.0000,0.0000,0.0000,0.0000,0.0000,59,0,0,0,0,113,0,0,0,0
zc,WS301,2012-06-29 09:02:10.923,2477.0000,439792,-2,0.0000,4.0000,1,3,多平,S,2477.0000,0.0000,0.0000,0.0000,0.0000,2478.0000,0.0000,0.0000,0.0000,0.0000,58,0,0,0,0,110,0,0,0,0
zc,WS301,2012-06-29 09:02:11.423,2477.0000,439800,8,0.0000,36.0000,22,14,空开,S,2477.0000,0.0000,0.0000,0.0000,0.0000,2478.0000,0.0000,0.0000,0.0000,0.0000,59,0,0,0,0,94,0,0,0,0
zc,WS301,2012-06-29 09:02:12.140,2478.0000,439802,2,0.0000,8.0000,5,3,多开,B,2477.0000,0.0000,0.0000,0.0000,0.0000,2478.0000,0.0000,0.0000,0.0000,0.0000,58,0,0,0,0,89,0,0,0,0
zc,WS301,2012-06-29 09:02:12.657,2477.0000,439842,40,0.0000,44.0000,42,2,空开,S,2477.0000,0.0000,0.0000,0.0000,0.0000,2478.0000,0.0000,0.0000,0.0000,0.0000,38,0,0,0,0,93,0,0,0,0
zc,WS301,2012-06-29 09:02:13.377,2478.0000,439864,22,0.0000,22.0000,22,0,双开,B,2477.0000,0.0000,0.0000,0.0000,0.0000,2478.0000,0.0000,0.0000,0.0000,0.0000,39,0,0,0,0,82,0,0,0,0
zc,WS301,2012-06-29 09:02:13.953,2477.0000,439862,-2,0.0000,2.0000,0,2,双平,S,2477.0000,0.0000,0.0000,0.0000,0.0000,2478.0000,0.0000,0.0000,0.0000,0.0000,40,0,0,0,0,89,0,0,0,0
zc,WS301,2012-06-29 09:02:14.423,2478.0000,439864,2,0.0000,8.0000,5,3,多开,B,2477.0000,0.0000,0.0000,0.0000,0.0000,2478.0000,0.0000,0.0000,0.0000,0.0000,61,0,0,0,0,26,0,0,0,0
zc,WS301,2012-06-29 09:02:14.907,2478.0000,439864,0,0.0000,12.0000,6,6,多换,B,2477.0000,0.0000,0.0000,0.0000,0.0000,2478.0000,0.0000,0.0000,0.0000,0.0000,67,0,0,0,0,20,0,0,0,0
zc,WS301,2012-06-29 09:02:15.657,2477.0000,439864,0,0.0000,10.0000,5,5,空换,S,2477.0000,0.0000,0.0000,0.0000,0.0000,2478.0000,0.0000,0.0000,0.0000,0.0000,69,0,0,0,0,20,0,0,0,0
zc,WS301,2012-06-29 09:02:16.203,2478.0000,439866,2,0.0000,2.0000,2,0,双开,B,2477.0000,0.0000,0.0000,0.0000,0.0000,2478.0000,0.0000,0.0000,0.0000,0.0000,74,0,0,0,0,20,0,0,0,0
zc,WS301,2012-06-29 09:02:16.923,2478.0000,439872,6,0.0000,6.0000,6,0,双开,B,2477.0000,0.0000,0.0000,0.0000,0.0000,2478.0000,0.0000,0.0000,0.0000,0.0000,74,0,0,0,0,17,0,0,0,0
zc,WS301,2012-06-29 09:02:17.627,2478.0000,439880,8,0.0000,34.0000,21,13,多开,B,2478.0000,0.0000,0.0000,0.0000,0.0000,2479.0000,0.0000,0.0000,0.0000,0.0000,15,0,0,0,0,263,0,0,0,0
zc,WS301,2012-06-29 09:02:17.907,2478.0000,439886,6,0.0000,8.0000,7,1,多开,B,2478.0000,0.0000,0.0000,0.0000,0.0000,2479.0000,0.0000,0.0000,0.0000,0.0000,12,0,0,0,0,263,0,0,0,0
zc,WS301,2012-06-29 09:02:18.673,2478.0000,439818,-68,0.0000,90.0000,11,79,空平,B,2477.0000,0.0000,0.0000,0.0000,0.0000,2478.0000,0.0000,0.0000,0.0000,0.0000,83,0,0,0,0,152,0,0,0,0
zc,WS301,2012-06-29 09:02:19.140,2477.0000,439816,-2,0.0000,4.0000,1,3,多平,S,2477.0000,0.0000,0.0000,0.0000,0.0000,2478.0000,0.0000,0.0000,0.0000,0.0000,82,0,0,0,0,152,0,0,0,0
zc,WS301,2012-06-29 09:02:19.890,2478.0000,439816,0,0.0000,20.0000,10,10,多换,B,2477.0000,0.0000,0.0000,0.0000,0.0000,2478.0000,0.0000,0.0000,0.0000,0.0000,60,0,0,0,0,203,0,0,0,0
zc,WS301,2012-06-29 09:02:20.157,2478.0000,439816,0,0.0000,0.0000,0,0,多换,B,2477.0000,0.0000,0.0000,0.0000,0.0000,2478.0000,0.0000,0.0000,0.0000,0.0000,61,0,0,0,0,203,0,0,0,0
zc,WS301,2012-06-29 09:02:21.377,2478.0000,439814,-2,0.0000,4.0000,1,3,空平,B,2477.0000,0.0000,0.0000,0.0000,0.0000,2478.0000,0.0000,0.0000,0.0000,0.0000,62,0,0,0,0,202,0,0,0,0
zc,WS301,2012-06-29 09:02:22.140,2477.0000,439816,2,0.0000,2.0000,2,0,双开,S,2477.0000,0.0000,0.0000,0.0000,0.0000,2478.0000,0.0000,0.0000,0.0000,0.0000,61,0,0,0,0,221,0,0,0,0
zc,WS301,2012-06-29 09:02:22.640,2478.0000,439816,0,0.0000,4.0000,2,2,多换,B,2477.0000,0.0000,0.0000,0.0000,0.0000,2478.0000,0.0000,0.0000,0.0000,0.0000,61,0,0,0,0,217,0,0,0,0
zc,WS301,2012-06-29 09:02:23.110,2478.0000,439816,0,0.0000,0.0000,0,0,多换,B,2477.0000,0.0000,0.0000,0.0000,0.0000,2478.0000,0.0000,0.0000,0.0000,0.0000,65,0,0,0,0,217,0,0,0,0
zc,WS301,2012-06-29 09:02:23.890,2478.0000,439814,-2,0.0000,6.0000,2,4,空平,B,2477.0000,0.0000,0.0000,0.0000,0.0000,2478.0000,0.0000,0.0000,0.0000,0.0000,65,0,0,0,0,212,0,0,0,0
zc,WS301,2012-06-29 09:02:24.110,2477.0000,439818,4,0.0000,4.0000,4,0,双开,S,2477.0000,0.0000,0.0000,0.0000,0.0000,2478.0000,0.0000,0.0000,0.0000,0.0000,62,0,0,0,0,217,0,0,0,0
zc,WS301,2012-06-29 09:02:25.657,2477.0000,439812,-6,0.0000,10.0000,2,8,多平,S,2477.0000,0.0000,0.0000,0.0000,0.0000,2478.0000,0.0000,0.0000,0.0000,0.0000,61,0,0,0,0,213,0,0,0,0
zc,WS301,2012-06-29 09:02:26.127,2478.0000,439810,-2,0.0000,2.0000,0,2,双平,B,2477.0000,0.0000,0.0000,0.0000,0.0000,2478.0000,0.0000,0.0000,0.0000,0.0000,61,0,0,0,0,212,0,0,0,0
zc,WS301,2012-06-29 09:02:26.657,2478.0000,439810,0,0.0000,0.0000,0,0,多换,B,2477.0000,0.0000,0.0000,0.0000,0.0000,2478.0000,0.0000,0.0000,0.0000,0.0000,83,0,0,0,0,212,0,0,0,0
zc,WS301,2012-06-29 09:02:27.203,2478.0000,439770,-40,0.0000,40.0000,0,40,双平,B,2477.0000,0.0000,0.0000,0.0000,0.0000,2478.0000,0.0000,0.0000,0.0000,0.0000,83,0,0,0,0,192,0,0,0,0
zc,WS301,2012-06-29 09:02:27.877,2478.0000,439770,0,0.0000,0.0000,0,0,多换,B,2477.0000,0.0000,0.0000,0.0000,0.0000,2478.0000,0.0000,0.0000,0.0000,0.0000,92,0,0,0,0,136,0,0,0,0
zc,WS301,2012-06-29 09:02:28.390,2478.0000,439770,0,0.0000,0.0000,0,0,多换,B,2477.0000,0.0000,0.0000,0.0000,0.0000,2478.0000,0.0000,0.0000,0.0000,0.0000,93,0,0,0,0,135,0,0,0,0
zc,WS301,2012-06-29 09:02:28.923,2478.0000,439770,0,0.0000,2.0000,1,1,多换,B,2477.0000,0.0000,0.0000,0.0000,0.0000,2478.0000,0.0000,0.0000,0.0000,0.0000,93,0,0,0,0,134,0,0,0,0
zc,WS301,2012-06-29 09:02:29.657,2478.0000,439770,0,0.0000,2.0000,1,1,多换,B,2477.0000,0.0000,0.0000,0.0000,0.0000,2478.0000,0.0000,0.0000,0.0000,0.0000,91,0,0,0,0,133,0,0,0,0
zc,WS301,2012-06-29 09:02:30.157,2478.0000,439770,0,0.0000,2.0000,1,1,多换,B,2477.0000,0.0000,0.0000,0.0000,0.0000,2478.0000,0.0000,0.0000,0.0000,0.0000,99,0,0,0,0,132,0,0,0,0
zc,WS301,2012-06-29 09:02:31.390,2478.0000,439912,142,0.0000,202.0000,172,30,多开,B,2477.0000,0.0000,0.0000,0.0000,0.0000,2478.0000,0.0000,0.0000,0.0000,0.0000,99,0,0,0,0,134,0,0,0,0
zc,WS301,2012-06-29 09:02:32.140,2477.0000,439910,-2,0.0000,2.0000,0,2,双平,S,2477.0000,0.0000,0.0000,0.0000,0.0000,2478.0000,0.0000,0.0000,0.0000,0.0000,99,0,0,0,0,134,0,0,0,0
zc,WS301,2012-06-29 09:02:32.640,2477.0000,439910,0,0.0000,6.0000,3,3,空换,S,2477.0000,0.0000,0.0000,0.0000,0.0000,2478.0000,0.0000,0.0000,0.0000,0.0000,96,0,0,0,0,135,0,0,0,0
zc,WS301,2012-06-29 09:02:33.127,2478.0000,439908,-2,0.0000,2.0000,0,2,双平,B,2477.0000,0.0000,0.0000,0.0000,0.0000,2478.0000,0.0000,0.0000,0.0000,0.0000,98,0,0,0,0,134,0,0,0,0
zc,WS301,2012-06-29 09:02:33.890,2478.0000,439908,0,0.0000,2.0000,1,1,多换,B,2477.0000,0.0000,0.0000,0.0000,0.0000,2478.0000,0.0000,0.0000,0.0000,0.0000,115,0,0,0,0,133,0,0,0,0
zc,WS301,2012-06-29 09:02:34.407,2477.0000,439908,0,0.0000,2.0000,1,1,空换,S,2477.0000,0.0000,0.0000,0.0000,0.0000,2478.0000,0.0000,0.0000,0.0000,0.0000,114,0,0,0,0,133,0,0,0,0
zc,WS301,2012-06-29 09:02:35.127,2478.0000,439336,-572,0.0000,1132.0000,280,852,空平,B,2478.0000,0.0000,0.0000,0.0000,0.0000,2480.0000,0.0000,0.0000,0.0000,0.0000,176,0,0,0,0,106,0,0,0,0
zc,WS301,2012-06-29 09:02:35.937,2478.0000,439340,4,0.0000,4.0000,4,0,双开,B,2478.0000,0.0000,0.0000,0.0000,0.0000,2480.0000,0.0000,0.0000,0.0000,0.0000,183,0,0,0,0,107,0,0,0,0
zc,WS301,2012-06-29 09:02:36.687,2478.0000,439340,0,0.0000,0.0000,0,0,多换,B,2478.0000,0.0000,0.0000,0.0000,0.0000,2480.0000,0.0000,0.0000,0.0000,0.0000,188,0,0,0,0,107,0,0,0,0
zc,WS301,2012-06-29 09:02:37.157,2478.0000,439346,6,0.0000,6.0000,6,0,双开,B,2478.0000,0.0000,0.0000,0.0000,0.0000,2480.0000,0.0000,0.0000,0.0000,0.0000,188,0,0,0,0,106,0,0,0,0
zc,WS301,2012-06-29 09:02:37.953,2480.0000,439348,2,0.0000,2.0000,2,0,双开,B,2479.0000,0.0000,0.0000,0.0000,0.0000,2480.0000,0.0000,0.0000,0.0000,0.0000,1,0,0,0,0,105,0,0,0,0
zc,WS301,2012-06-29 09:02:38.157,2479.0000,439348,0,0.0000,4.0000,2,2,空换,S,2478.0000,0.0000,0.0000,0.0000,0.0000,2480.0000,0.0000,0.0000,0.0000,0.0000,192,0,0,0,0,105,0,0,0,0
zc,WS301,2012-06-29 09:02:38.877,2480.0000,439350,2,0.0000,4.0000,3,1,多开,B,2478.0000,0.0000,0.0000,0.0000,0.0000,2479.0000,0.0000,0.0000,0.0000,0.0000,190,0,0,0,0,25,0,0,0,0
zc,WS301,2012-06-29 09:02:39.423,2479.0000,439354,4,0.0000,126.0000,65,61,空开,S,2478.0000,0.0000,0.0000,0.0000,0.0000,2479.0000,0.0000,0.0000,0.0000,0.0000,145,0,0,0,0,12,0,0,0,0
zc,WS301,2012-06-29 09:02:39.877,2479.0000,439352,-2,0.0000,4.0000,1,3,多平,S,2478.0000,0.0000,0.0000,0.0000,0.0000,2479.0000,0.0000,0.0000,0.0000,0.0000,146,0,0,0,0,10,0,0,0,0
zc,WS301,2012-06-29 09:02:40.923,2479.0000,439350,-2,0.0000,6.0000,2,4,多平,S,2478.0000,0.0000,0.0000,0.0000,0.0000,2479.0000,0.0000,0.0000,0.0000,0.0000,145,0,0,0,0,8,0,0,0,0
zc,WS301,2012-06-29 09:02:41.423,2479.0000,439350,0,0.0000,18.0000,9,9,空换,S,2479.0000,0.0000,0.0000,0.0000,0.0000,2480.0000,0.0000,0.0000,0.0000,0.0000,150,0,0,0,0,182,0,0,0,0
zc,WS301,2012-06-29 09:02:42.173,2479.0000,439350,0,0.0000,0.0000,0,0,空换,S,2479.0000,0.0000,0.0000,0.0000,0.0000,2480.0000,0.0000,0.0000,0.0000,0.0000,161,0,0,0,0,183,0,0,0,0
zc,WS301,2012-06-29 09:02:42.657,2479.0000,439350,0,0.0000,0.0000,0,0,空换,S,2479.0000,0.0000,0.0000,0.0000,0.0000,2480.0000,0.0000,0.0000,0.0000,0.0000,162,0,0,0,0,187,0,0,0,0
zc,WS301,2012-06-29 09:02:43.407,2480.0000,439158,-192,0.0000,380.0000,94,286,空平,B,2480.0000,0.0000,0.0000,0.0000,0.0000,2481.0000,0.0000,0.0000,0.0000,0.0000,310,0,0,0,0,146,0,0,0,0
zc,WS301,2012-06-29 09:02:43.953,2481.0000,439154,-4,0.0000,138.0000,67,71,空平,B,2480.0000,0.0000,0.0000,0.0000,0.0000,2481.0000,0.0000,0.0000,0.0000,0.0000,307,0,0,0,0,82,0,0,0,0
zc,WS301,2012-06-29 09:02:44.687,2481.0000,439072,-82,0.0000,238.0000,78,160,空平,B,2480.0000,0.0000,0.0000,0.0000,0.0000,2481.0000,0.0000,0.0000,0.0000,0.0000,257,0,0,0,0,14,0,0,0,0
zc,WS301,2012-06-29 09:02:44.890,2481.0000,439084,12,0.0000,12.0000,12,0,双开,B,2480.0000,0.0000,0.0000,0.0000,0.0000,2481.0000,0.0000,0.0000,0.0000,0.0000,257,0,0,0,0,9,0,0,0,0
zc,WS301,2012-06-29 09:02:45.640,2481.0000,438998,-86,0.0000,96.0000,5,91,空平,B,2480.0000,0.0000,0.0000,0.0000,0.0000,2481.0000,0.0000,0.0000,0.0000,0.0000,213,0,0,0,0,6,0,0,0,0
zc,WS301,2012-06-29 09:02:46.390,2481.0000,439004,6,0.0000,16.0000,11,5,多开,B,2481.0000,0.0000,0.0000,0.0000,0.0000,2482.0000,0.0000,0.0000,0.0000,0.0000,12,0,0,0,0,71,0,0,0,0
zc,WS301,2012-06-29 09:02:46.843,2481.0000,439004,0,0.0000,20.0000,10,10,多换,B,2481.0000,0.0000,0.0000,0.0000,0.0000,2482.0000,0.0000,0.0000,0.0000,0.0000,3,0,0,0,0,71,0,0,0,0
zc,WS301,2012-06-29 09:02:47.657,2481.0000,439008,4,0.0000,10.0000,7,3,多开,B,2481.0000,0.0000,0.0000,0.0000,0.0000,2482.0000,0.0000,0.0000,0.0000,0.0000,23,0,0,0,0,73,0,0,0,0
zc,WS301,2012-06-29 09:02:47.953,2481.0000,439002,-6,0.0000,14.0000,4,10,空平,B,2481.0000,0.0000,0.0000,0.0000,0.0000,2482.0000,0.0000,0.0000,0.0000,0.0000,26,0,0,0,0,141,0,0,0,0
zc,WS301,2012-06-29 09:02:48.627,2481.0000,439002,0,0.0000,0.0000,0,0,多换,B,2481.0000,0.0000,0.0000,0.0000,0.0000,2482.0000,0.0000,0.0000,0.0000,0.0000,41,0,0,0,0,141,0,0,0,0
zc,WS301,2012-06-29 09:02:49.360,2482.0000,438998,-4,0.0000,4.0000,0,4,双平,B,2481.0000,0.0000,0.0000,0.0000,0.0000,2482.0000,0.0000,0.0000,0.0000,0.0000,41,0,0,0,0,141,0,0,0,0
zc,WS301,2012-06-29 09:02:49.877,2482.0000,439002,4,0.0000,12.0000,8,4,多开,B,2481.0000,0.0000,0.0000,0.0000,0.0000,2482.0000,0.0000,0.0000,0.0000,0.0000,58,0,0,0,0,124,0,0,0,0
zc,WS301,2012-06-29 09:02:50.377,2482.0000,438974,-28,0.0000,28.0000,0,28,双平,B,2481.0000,0.0000,0.0000,0.0000,0.0000,2482.0000,0.0000,0.0000,0.0000,0.0000,60,0,0,0,0,110,0,0,0,0
zc,WS301,2012-06-29 09:02:50.877,2482.0000,438980,6,0.0000,10.0000,8,2,多开,B,2481.0000,0.0000,0.0000,0.0000,0.0000,2482.0000,0.0000,0.0000,0.0000,0.0000,59,0,0,0,0,106,0,0,0,0
zc,WS301,2012-06-29 09:02:51.640,2482.0000,438980,0,0.0000,30.0000,15,15,多换,B,2481.0000,0.0000,0.0000,0.0000,0.0000,2482.0000,0.0000,0.0000,0.0000,0.0000,69,0,0,0,0,91,0,0,0,0
zc,WS301,2012-06-29 09:02:52.390,2481.0000,438986,6,0.0000,64.0000,35,29,空开,S,2481.0000,0.0000,0.0000,0.0000,0.0000,2482.0000,0.0000,0.0000,0.0000,0.0000,57,0,0,0,0,72,0,0,0,0
zc,WS301,2012-06-29 09:02:52.907,2482.0000,438986,0,0.0000,28.0000,14,14,多换,B,2481.0000,0.0000,0.0000,0.0000,0.0000,2482.0000,0.0000,0.0000,0.0000,0.0000,44,0,0,0,0,70,0,0,0,0
zc,WS301,2012-06-29 09:02:53.377,2482.0000,438978,-8,0.0000,8.0000,0,8,双平,B,2481.0000,0.0000,0.0000,0.0000,0.0000,2482.0000,0.0000,0.0000,0.0000,0.0000,44,0,0,0,0,67,0,0,0,0
zc,WS301,2012-06-29 09:02:53.877,2482.0000,438978,0,0.0000,22.0000,11,11,多换,B,2481.0000,0.0000,0.0000,0.0000,0.0000,2482.0000,0.0000,0.0000,0.0000,0.0000,39,0,0,0,0,61,0,0,0,0
zc,WS301,2012-06-29 09:02:54.640,2482.0000,438940,-38,0.0000,58.0000,10,48,空平,B,2481.0000,0.0000,0.0000,0.0000,0.0000,2482.0000,0.0000,0.0000,0.0000,0.0000,39,0,0,0,0,37,0,0,0,0
zc,WS301,2012-06-29 09:02:55.127,2482.0000,438940,0,0.0000,2.0000,1,1,多换,B,2481.0000,0.0000,0.0000,0.0000,0.0000,2482.0000,0.0000,0.0000,0.0000,0.0000,39,0,0,0,0,36,0,0,0,0
zc,WS301,2012-06-29 09:02:55.610,2481.0000,438924,-16,0.0000,24.0000,4,20,多平,S,2481.0000,0.0000,0.0000,0.0000,0.0000,2482.0000,0.0000,0.0000,0.0000,0.0000,27,0,0,0,0,38,0,0,0,0
zc,WS301,2012-06-29 09:02:56.377,2482.0000,438924,0,0.0000,6.0000,3,3,多换,B,2481.0000,0.0000,0.0000,0.0000,0.0000,2482.0000,0.0000,0.0000,0.0000,0.0000,27,0,0,0,0,36,0,0,0,0
zc,WS301,2012-06-29 09:02:56.907,2482.0000,438924,0,0.0000,0.0000,0,0,多换,B,2481.0000,0.0000,0.0000,0.0000,0.0000,2482.0000,0.0000,0.0000,0.0000,0.0000,28,0,0,0,0,36,0,0,0,0
zc,WS301,2012-06-29 09:02:57.360,2482.0000,438856,-68,0.0000,96.0000,14,82,空平,B,2481.0000,0.0000,0.0000,0.0000,0.0000,2482.0000,0.0000,0.0000,0.0000,0.0000,39,0,0,0,0,3,0,0,0,0
zc,WS301,2012-06-29 09:02:58.127,2482.0000,438860,4,0.0000,8.0000,6,2,多开,B,2482.0000,0.0000,0.0000,0.0000,0.0000,2483.0000,0.0000,0.0000,0.0000,0.0000,4,0,0,0,0,16,0,0,0,0
zc,WS301,2012-06-29 09:02:58.657,2482.0000,438860,0,0.0000,2.0000,1,1,多换,B,2482.0000,0.0000,0.0000,0.0000,0.0000,2483.0000,0.0000,0.0000,0.0000,0.0000,4,0,0,0,0,14,0,0,0,0
zc,WS301,2012-06-29 09:02:59.390,2482.0000,438856,-4,0.0000,4.0000,0,4,双平,B,2482.0000,0.0000,0.0000,0.0000,0.0000,2483.0000,0.0000,0.0000,0.0000,0.0000,37,0,0,0,0,84,0,0,0,0
zc,WS301,2012-06-29 09:02:59.640,2482.0000,438854,-2,0.0000,6.0000,2,4,空平,B,2482.0000,0.0000,0.0000,0.0000,0.0000,2483.0000,0.0000,0.0000,0.0000,0.0000,54,0,0,0,0,88,0,0,0,0
zc,WS301,2012-06-29 09:03:00.703,2482.0000,438862,8,0.0000,12.0000,10,2,多开,B,2482.0000,0.0000,0.0000,0.0000,0.0000,2483.0000,0.0000,0.0000,0.0000,0.0000,48,0,0,0,0,94,0,0,0,0
zc,WS301,2012-06-29 09:03:01.220,2483.0000,438854,-8,0.0000,24.0000,8,16,空平,B,2482.0000,0.0000,0.0000,0.0000,0.0000,2483.0000,0.0000,0.0000,0.0000,0.0000,40,0,0,0,0,91,0,0,0,0
zc,WS301,2012-06-29 09:03:01.923,2483.0000,438854,0,0.0000,0.0000,0,0,多换,B,2482.0000,0.0000,0.0000,0.0000,0.0000,2483.0000,0.0000,0.0000,0.0000,0.0000,41,0,0,0,0,121,0,0,0,0
zc,WS301,2012-06-29 09:03:02.407,2482.0000,438840,-14,0.0000,46.0000,16,30,多平,S,2482.0000,0.0000,0.0000,0.0000,0.0000,2483.0000,0.0000,0.0000,0.0000,0.0000,26,0,0,0,0,114,0,0,0,0
zc,WS301,2012-06-29 09:03:02.923,2482.0000,438838,-2,0.0000,30.0000,14,16,多平,S,2482.0000,0.0000,0.0000,0.0000,0.0000,2483.0000,0.0000,0.0000,0.0000,0.0000,21,0,0,0,0,107,0,0,0,0
zc,WS301,2012-06-29 09:03:03.640,2482.0000,438816,-22,0.0000,22.0000,0,22,双平,S,2482.0000,0.0000,0.0000,0.0000,0.0000,2483.0000,0.0000,0.0000,0.0000,0.0000,10,0,0,0,0,110,0,0,0,0
zc,WS301,2012-06-29 09:03:04.187,2482.0000,438800,-16,0.0000,16.0000,0,16,双平,S,2482.0000,0.0000,0.0000,0.0000,0.0000,2483.0000,0.0000,0.0000,0.0000,0.0000,2,0,0,0,0,119,0,0,0,0
zc,WS301,2012-06-29 09:03:04.890,2482.0000,438798,-2,0.0000,14.0000,6,8,多平,S,2481.0000,0.0000,0.0000,0.0000,0.0000,2482.0000,0.0000,0.0000,0.0000,0.0000,58,0,0,0,0,47,0,0,0,0
zc,WS301,2012-06-29 09:03:05.407,2482.0000,438794,-4,0.0000,18.0000,7,11,多平,S,2481.0000,0.0000,0.0000,0.0000,0.0000,2482.0000,0.0000,0.0000,0.0000,0.0000,52,0,0,0,0,49,0,0,0,0
zc,WS301,2012-06-29 09:03:05.907,2482.0000,438794,0,0.0000,4.0000,2,2,空换,S,2481.0000,0.0000,0.0000,0.0000,0.0000,2482.0000,0.0000,0.0000,0.0000,0.0000,52,0,0,0,0,52,0,0,0,0
zc,WS301,2012-06-29 09:03:06.593,2482.0000,438798,4,0.0000,4.0000,4,0,双开,S,2481.0000,0.0000,0.0000,0.0000,0.0000,2482.0000,0.0000,0.0000,0.0000,0.0000,52,0,0,0,0,59,0,0,0,0
zc,WS301,2012-06-29 09:03:07.203,2482.0000,438798,0,0.0000,10.0000,5,5,空换,S,2481.0000,0.0000,0.0000,0.0000,0.0000,2482.0000,0.0000,0.0000,0.0000,0.0000,52,0,0,0,0,57,0,0,0,0
zc,WS301,2012-06-29 09:03:07.953,2481.0000,438798,0,0.0000,2.0000,1,1,空换,S,2481.0000,0.0000,0.0000,0.0000,0.0000,2482.0000,0.0000,0.0000,0.0000,0.0000,51,0,0,0,0,70,0,0,0,0
zc,WS301,2012-06-29 09:03:08.470,2482.0000,438798,0,0.0000,82.0000,41,41,多换,B,2481.0000,0.0000,0.0000,0.0000,0.0000,2482.0000,0.0000,0.0000,0.0000,0.0000,27,0,0,0,0,58,0,0,0,0
zc,WS301,2012-06-29 09:03:09.110,2482.0000,438798,0,0.0000,0.0000,0,0,多换,B,2481.0000,0.0000,0.0000,0.0000,0.0000,2482.0000,0.0000,0.0000,0.0000,0.0000,27,0,0,0,0,61,0,0,0,0
zc,WS301,2012-06-29 09:03:09.390,2482.0000,438798,0,0.0000,14.0000,7,7,多换,B,2481.0000,0.0000,0.0000,0.0000,0.0000,2482.0000,0.0000,0.0000,0.0000,0.0000,32,0,0,0,0,55,0,0,0,0
zc,WS301,2012-06-29 09:03:10.437,2481.0000,438792,-6,0.0000,6.0000,0,6,双平,S,2481.0000,0.0000,0.0000,0.0000,0.0000,2482.0000,0.0000,0.0000,0.0000,0.0000,61,0,0,0,0,55,0,0,0,0
zc,WS301,2012-06-29 09:03:10.907,2481.0000,438792,0,0.0000,2.0000,1,1,空换,S,2481.0000,0.0000,0.0000,0.0000,0.0000,2482.0000,0.0000,0.0000,0.0000,0.0000,63,0,0,0,0,56,0,0,0,0
zc,WS301,2012-06-29 09:03:11.360,2482.0000,438794,2,0.0000,4.0000,3,1,多开,B,2481.0000,0.0000,0.0000,0.0000,0.0000,2482.0000,0.0000,0.0000,0.0000,0.0000,74,0,0,0,0,57,0,0,0,0
zc,WS301,2012-06-29 09:03:11.890,2481.0000,438796,2,0.0000,2.0000,2,0,双开,S,2481.0000,0.0000,0.0000,0.0000,0.0000,2482.0000,0.0000,0.0000,0.0000,0.0000,173,0,0,0,0,60,0,0,0,0
zc,WS301,2012-06-29 09:03:12.657,2482.0000,438812,16,0.0000,28.0000,22,6,多开,B,2481.0000,0.0000,0.0000,0.0000,0.0000,2482.0000,0.0000,0.0000,0.0000,0.0000,173,0,0,0,0,59,0,0,0,0
zc,WS301,2012-06-29 09:03:13.157,2481.0000,438814,2,0.0000,2.0000,2,0,双开,S,2481.0000,0.0000,0.0000,0.0000,0.0000,2482.0000,0.0000,0.0000,0.0000,0.0000,172,0,0,0,0,61,0,0,0,0
zc,WS301,2012-06-29 09:03:13.640,2481.0000,438816,2,0.0000,2.0000,2,0,双开,S,2481.0000,0.0000,0.0000,0.0000,0.0000,2482.0000,0.0000,0.0000,0.0000,0.0000,171,0,0,0,0,59,0,0,0,0
zc,WS301,2012-06-29 09:03:14.423,2482.0000,438852,36,0.0000,112.0000,74,38,多开,B,2481.0000,0.0000,0.0000,0.0000,0.0000,2482.0000,0.0000,0.0000,0.0000,0.0000,180,0,0,0,0,9,0,0,0,0
zc,WS301,2012-06-29 09:03:14.877,2482.0000,438852,0,0.0000,0.0000,0,0,多换,B,2481.0000,0.0000,0.0000,0.0000,0.0000,2482.0000,0.0000,0.0000,0.0000,0.0000,186,0,0,0,0,11,0,0,0,0
zc,WS301,2012-06-29 09:03:15.640,2481.0000,438854,2,0.0000,2.0000,2,0,双开,S,2481.0000,0.0000,0.0000,0.0000,0.0000,2482.0000,0.0000,0.0000,0.0000,0.0000,185,0,0,0,0,16,0,0,0,0
zc,WS301,2012-06-29 09:03:16.140,2481.0000,438854,0,0.0000,0.0000,0,0,空换,S,2481.0000,0.0000,0.0000,0.0000,0.0000,2482.0000,0.0000,0.0000,0.0000,0.0000,183,0,0,0,0,17,0,0,0,0
zc,WS301,2012-06-29 09:03:16.907,2482.0000,438846,-8,0.0000,10.0000,1,9,空平,B,2481.0000,0.0000,0.0000,0.0000,0.0000,2482.0000,0.0000,0.0000,0.0000,0.0000,188,0,0,0,0,18,0,0,0,0
zc,WS301,2012-06-29 09:03:17.423,2482.0000,438852,6,0.0000,40.0000,23,17,多开,B,2481.0000,0.0000,0.0000,0.0000,0.0000,2482.0000,0.0000,0.0000,0.0000,0.0000,182,0,0,0,0,6,0,0,0,0
zc,WS301,2012-06-29 09:03:18.173,2481.0000,438856,4,0.0000,4.0000,4,0,双开,S,2481.0000,0.0000,0.0000,0.0000,0.0000,2482.0000,0.0000,0.0000,0.0000,0.0000,181,0,0,0,0,16,0,0,0,0
zc,WS301,2012-06-29 09:03:18.377,2482.0000,438868,12,0.0000,32.0000,22,10,多开,B,2482.0000,0.0000,0.0000,0.0000,0.0000,2483.0000,0.0000,0.0000,0.0000,0.0000,24,0,0,0,0,135,0,0,0,0
zc,WS301,2012-06-29 09:03:19.157,2482.0000,438868,0,0.0000,10.0000,5,5,多换,B,2482.0000,0.0000,0.0000,0.0000,0.0000,2483.0000,0.0000,0.0000,0.0000,0.0000,31,0,0,0,0,136,0,0,0,0
zc,WS301,2012-06-29 09:03:20.390,2482.0000,438868,0,0.0000,18.0000,9,9,多换,B,2482.0000,0.0000,0.0000,0.0000,0.0000,2483.0000,0.0000,0.0000,0.0000,0.0000,26,0,0,0,0,136,0,0,0,0
zc,WS301,2012-06-29 09:03:21.187,2482.0000,438888,20,0.0000,20.0000,20,0,双开,B,2482.0000,0.0000,0.0000,0.0000,0.0000,2483.0000,0.0000,0.0000,0.0000,0.0000,20,0,0,0,0,136,0,0,0,0
zc,WS301,2012-06-29 09:03:21.407,2482.0000,438892,4,0.0000,4.0000,4,0,双开,B,2482.0000,0.0000,0.0000,0.0000,0.0000,2483.0000,0.0000,0.0000,0.0000,0.0000,33,0,0,0,0,170,0,0,0,0
zc,WS301,2012-06-29 09:03:22.127,2482.0000,438852,-40,0.0000,66.0000,13,53,空平,B,2481.0000,0.0000,0.0000,0.0000,0.0000,2482.0000,0.0000,0.0000,0.0000,0.0000,179,0,0,0,0,3,0,0,0,0
zc,WS301,2012-06-29 09:03:22.673,2482.0000,438852,0,0.0000,0.0000,0,0,多换,B,2481.0000,0.0000,0.0000,0.0000,0.0000,2482.0000,0.0000,0.0000,0.0000,0.0000,179,0,0,0,0,85,0,0,0,0
zc,WS301,2012-06-29 09:03:23.377,2482.0000,438852,0,0.0000,2.0000,1,1,多换,B,2481.0000,0.0000,0.0000,0.0000,0.0000,2482.0000,0.0000,0.0000,0.0000,0.0000,179,0,0,0,0,97,0,0,0,0
zc,WS301,2012-06-29 09:03:23.877,2482.0000,438852,0,0.0000,0.0000,0,0,多换,B,2481.0000,0.0000,0.0000,0.0000,0.0000,2482.0000,0.0000,0.0000,0.0000,0.0000,182,0,0,0,0,99,0,0,0,0
zc,WS301,2012-06-29 09:03:24.377,2482.0000,438852,0,0.0000,2.0000,1,1,多换,B,2481.0000,0.0000,0.0000,0.0000,0.0000,2482.0000,0.0000,0.0000,0.0000,0.0000,182,0,0,0,0,103,0,0,0,0
zc,WS301,2012-06-29 09:03:25.140,2482.0000,438852,0,0.0000,0.0000,0,0,多换,B,2481.0000,0.0000,0.0000,0.0000,0.0000,2482.0000,0.0000,0.0000,0.0000,0.0000,182,0,0,0,0,110,0,0,0,0
zc,WS301,2012-06-29 09:03:25.657,2482.0000,438852,0,0.0000,0.0000,0,0,多换,B,2481.0000,0.0000,0.0000,0.0000,0.0000,2482.0000,0.0000,0.0000,0.0000,0.0000,221,0,0,0,0,126,0,0,0,0
zc,WS301,2012-06-29 09:03:26.437,2482.0000,438856,4,0.0000,16.0000,10,6,多开,B,2481.0000,0.0000,0.0000,0.0000,0.0000,2482.0000,0.0000,0.0000,0.0000,0.0000,221,0,0,0,0,176,0,0,0,0
zc,WS301,2012-06-29 09:03:26.890,2482.0000,438856,0,0.0000,0.0000,0,0,多换,B,2481.0000,0.0000,0.0000,0.0000,0.0000,2482.0000,0.0000,0.0000,0.0000,0.0000,221,0,0,0,0,180,0,0,0,0
zc,WS301,2012-06-29 09:03:27.377,2481.0000,438856,0,0.0000,2.0000,1,1,空换,S,2481.0000,0.0000,0.0000,0.0000,0.0000,2482.0000,0.0000,0.0000,0.0000,0.0000,220,0,0,0,0,180,0,0,0,0
zc,WS301,2012-06-29 09:03:27.843,2481.0000,438862,6,0.0000,6.0000,6,0,双开,S,2481.0000,0.0000,0.0000,0.0000,0.0000,2482.0000,0.0000,0.0000,0.0000,0.0000,217,0,0,0,0,184,0,0,0,0
zc,WS301,2012-06-29 09:03:28.673,2482.0000,438864,2,0.0000,62.0000,32,30,多开,B,2481.0000,0.0000,0.0000,0.0000,0.0000,2482.0000,0.0000,0.0000,0.0000,0.0000,186,0,0,0,0,160,0,0,0,0
zc,WS301,2012-06-29 09:03:29.127,2482.0000,438864,0,0.0000,0.0000,0,0,多换,B,2481.0000,0.0000,0.0000,0.0000,0.0000,2482.0000,0.0000,0.0000,0.0000,0.0000,186,0,0,0,0,167,0,0,0,0
zc,WS301,2012-06-29 09:03:29.640,2482.0000,438848,-16,0.0000,146.0000,65,81,空平,B,2481.0000,0.0000,0.0000,0.0000,0.0000,2482.0000,0.0000,0.0000,0.0000,0.0000,148,0,0,0,0,156,0,0,0,0
zc,WS301,2012-06-29 09:03:30.360,2481.0000,438836,-12,0.0000,148.0000,68,80,多平,S,2481.0000,0.0000,0.0000,0.0000,0.0000,2482.0000,0.0000,0.0000,0.0000,0.0000,76,0,0,0,0,159,0,0,0,0
zc,WS301,2012-06-29 09:03:30.937,2482.0000,438834,-2,0.0000,2.0000,0,2,双平,B,2481.0000,0.0000,0.0000,0.0000,0.0000,2482.0000,0.0000,0.0000,0.0000,0.0000,76,0,0,0,0,158,0,0,0,0
zc,WS301,2012-06-29 09:03:31.657,2481.0000,438834,0,0.0000,16.0000,8,8,空换,S,2481.0000,0.0000,0.0000,0.0000,0.0000,2482.0000,0.0000,0.0000,0.0000,0.0000,68,0,0,0,0,162,0,0,0,0
zc,WS301,2012-06-29 09:03:32.187,2481.0000,438834,0,0.0000,8.0000,4,4,空换,S,2481.0000,0.0000,0.0000,0.0000,0.0000,2482.0000,0.0000,0.0000,0.0000,0.0000,64,0,0,0,0,173,0,0,0,0
zc,WS301,2012-06-29 09:03:32.687,2482.0000,438832,-2,0.0000,2.0000,0,2,双平,B,2481.0000,0.0000,0.0000,0.0000,0.0000,2482.0000,0.0000,0.0000,0.0000,0.0000,64,0,0,0,0,172,0,0,0,0
zc,WS301,2012-06-29 09:03:33.110,2482.0000,438832,0,0.0000,2.0000,1,1,多换,B,2481.0000,0.0000,0.0000,0.0000,0.0000,2482.0000,0.0000,0.0000,0.0000,0.0000,64,0,0,0,0,183,0,0,0,0
zc,WS301,2012-06-29 09:03:33.890,2482.0000,438832,0,0.0000,0.0000,0,0,多换,B,2481.0000,0.0000,0.0000,0.0000,0.0000,2482.0000,0.0000,0.0000,0.0000,0.0000,64,0,0,0,0,646,0,0,0,0
zc,WS301,2012-06-29 09:03:34.390,2481.0000,438872,40,0.0000,40.0000,40,0,双开,S,2481.0000,0.0000,0.0000,0.0000,0.0000,2482.0000,0.0000,0.0000,0.0000,0.0000,65,0,0,0,0,648,0,0,0,0
zc,WS301,2012-06-29 09:03:34.890,2481.0000,438996,124,0.0000,132.0000,128,4,空开,S,2480.0000,0.0000,0.0000,0.0000,0.0000,2481.0000,0.0000,0.0000,0.0000,0.0000,325,0,0,0,0,34,0,0,0,0
zc,WS301,2012-06-29 09:03:35.627,2480.0000,438996,0,0.0000,6.0000,3,3,空换,S,2480.0000,0.0000,0.0000,0.0000,0.0000,2481.0000,0.0000,0.0000,0.0000,0.0000,322,0,0,0,0,69,0,0,0,0
zc,WS301,2012-06-29 09:03:36.127,2481.0000,438998,2,0.0000,14.0000,8,6,多开,B,2480.0000,0.0000,0.0000,0.0000,0.0000,2481.0000,0.0000,0.0000,0.0000,0.0000,316,0,0,0,0,75,0,0,0,0
zc,WS301,2012-06-29 09:03:36.877,2481.0000,438998,0,0.0000,2.0000,1,1,多换,B,2480.0000,0.0000,0.0000,0.0000,0.0000,2481.0000,0.0000,0.0000,0.0000,0.0000,316,0,0,0,0,75,0,0,0,0
zc,WS301,2012-06-29 09:03:37.423,2481.0000,438998,0,0.0000,0.0000,0,0,多换,B,2480.0000,0.0000,0.0000,0.0000,0.0000,2481.0000,0.0000,0.0000,0.0000,0.0000,316,0,0,0,0,77,0,0,0,0
zc,WS301,2012-06-29 09:03:38.140,2480.0000,438998,0,0.0000,6.0000,3,3,空换,S,2480.0000,0.0000,0.0000,0.0000,0.0000,2481.0000,0.0000,0.0000,0.0000,0.0000,313,0,0,0,0,76,0,0,0,0
zc,WS301,2012-06-29 09:03:38.423,2481.0000,438998,0,0.0000,8.0000,4,4,多换,B,2480.0000,0.0000,0.0000,0.0000,0.0000,2481.0000,0.0000,0.0000,0.0000,0.0000,312,0,0,0,0,73,0,0,0,0
zc,WS301,2012-06-29 09:03:39.390,2481.0000,439120,122,0.0000,152.0000,137,15,多开,B,2481.0000,0.0000,0.0000,0.0000,0.0000,2482.0000,0.0000,0.0000,0.0000,0.0000,26,0,0,0,0,650,0,0,0,0
zc,WS301,2012-06-29 09:03:39.627,2481.0000,439120,0,0.0000,2.0000,1,1,多换,B,2481.0000,0.0000,0.0000,0.0000,0.0000,2482.0000,0.0000,0.0000,0.0000,0.0000,25,0,0,0,0,650,0,0,0,0
zc,WS301,2012-06-29 09:03:40.470,2481.0000,439130,10,0.0000,10.0000,10,0,双开,B,2481.0000,0.0000,0.0000,0.0000,0.0000,2482.0000,0.0000,0.0000,0.0000,0.0000,24,0,0,0,0,650,0,0,0,0
zc,WS301,2012-06-29 09:03:41.187,2481.0000,439150,20,0.0000,22.0000,21,1,多开,B,2481.0000,0.0000,0.0000,0.0000,0.0000,2482.0000,0.0000,0.0000,0.0000,0.0000,15,0,0,0,0,643,0,0,0,0
zc,WS301,2012-06-29 09:03:41.673,2481.0000,439150,0,0.0000,2.0000,1,1,多换,B,2481.0000,0.0000,0.0000,0.0000,0.0000,2482.0000,0.0000,0.0000,0.0000,0.0000,24,0,0,0,0,643,0,0,0,0
zc,WS301,2012-06-29 09:03:42.423,2481.0000,439152,2,0.0000,6.0000,4,2,多开,B,2481.0000,0.0000,0.0000,0.0000,0.0000,2482.0000,0.0000,0.0000,0.0000,0.0000,48,0,0,0,0,643,0,0,0,0
zc,WS301,2012-06-29 09:03:43.140,2481.0000,439166,14,0.0000,22.0000,18,4,多开,B,2481.0000,0.0000,0.0000,0.0000,0.0000,2482.0000,0.0000,0.0000,0.0000,0.0000,57,0,0,0,0,644,0,0,0,0
zc,WS301,2012-06-29 09:03:43.657,2481.0000,439200,34,0.0000,44.0000,39,5,多开,B,2481.0000,0.0000,0.0000,0.0000,0.0000,2482.0000,0.0000,0.0000,0.0000,0.0000,44,0,0,0,0,643,0,0,0,0
zc,WS301,2012-06-29 09:03:44.407,2481.0000,439162,-38,0.0000,42.0000,2,40,空平,B,2481.0000,0.0000,0.0000,0.0000,0.0000,2482.0000,0.0000,0.0000,0.0000,0.0000,43,0,0,0,0,626,0,0,0,0
zc,WS301,2012-06-29 09:03:44.907,2481.0000,439162,0,0.0000,32.0000,16,16,多换,B,2481.0000,0.0000,0.0000,0.0000,0.0000,2482.0000,0.0000,0.0000,0.0000,0.0000,28,0,0,0,0,619,0,0,0,0
zc,WS301,2012-06-29 09:03:45.737,2481.0000,439162,0,0.0000,6.0000,3,3,多换,B,2481.0000,0.0000,0.0000,0.0000,0.0000,2482.0000,0.0000,0.0000,0.0000,0.0000,25,0,0,0,0,619,0,0,0,0
zc,WS301,2012-06-29 09:03:46.390,2481.0000,439198,36,0.0000,50.0000,43,7,多开,B,2480.0000,0.0000,0.0000,0.0000,0.0000,2481.0000,0.0000,0.0000,0.0000,0.0000,310,0,0,0,0,127,0,0,0,0
zc,WS301,2012-06-29 09:03:46.923,2480.0000,439202,4,0.0000,8.0000,6,2,空开,S,2480.0000,0.0000,0.0000,0.0000,0.0000,2481.0000,0.0000,0.0000,0.0000,0.0000,308,0,0,0,0,283,0,0,0,0
zc,WS301,2012-06-29 09:03:47.703,2481.0000,439242,40,0.0000,42.0000,41,1,多开,B,2480.0000,0.0000,0.0000,0.0000,0.0000,2481.0000,0.0000,0.0000,0.0000,0.0000,308,0,0,0,0,265,0,0,0,0
zc,WS301,2012-06-29 09:03:48.237,2481.0000,439244,2,0.0000,2.0000,2,0,双开,B,2480.0000,0.0000,0.0000,0.0000,0.0000,2481.0000,0.0000,0.0000,0.0000,0.0000,305,0,0,0,0,116,0,0,0,0
zc,WS301,2012-06-29 09:03:48.890,2480.0000,439242,-2,0.0000,6.0000,2,4,多平,S,2480.0000,0.0000,0.0000,0.0000,0.0000,2481.0000,0.0000,0.0000,0.0000,0.0000,303,0,0,0,0,116,0,0,0,0
zc,WS301,2012-06-29 09:03:49.453,2480.0000,439236,-6,0.0000,10.0000,2,8,多平,S,2480.0000,0.0000,0.0000,0.0000,0.0000,2481.0000,0.0000,0.0000,0.0000,0.0000,298,0,0,0,0,117,0,0,0,0
zc,WS301,2012-06-29 09:03:49.937,2480.0000,439236,0,0.0000,0.0000,0,0,空换,S,2480.0000,0.0000,0.0000,0.0000,0.0000,2481.0000,0.0000,0.0000,0.0000,0.0000,300,0,0,0,0,120,0,0,0,0
zc,WS301,2012-06-29 09:03:50.673,2480.0000,439236,0,0.0000,0.0000,0,0,空换,S,2480.0000,0.0000,0.0000,0.0000,0.0000,2481.0000,0.0000,0.0000,0.0000,0.0000,299,0,0,0,0,120,0,0,0,0
zc,WS301,2012-06-29 09:03:51.157,2480.0000,439198,-38,0.0000,42.0000,2,40,多平,S,2480.0000,0.0000,0.0000,0.0000,0.0000,2481.0000,0.0000,0.0000,0.0000,0.0000,277,0,0,0,0,119,0,0,0,0
zc,WS301,2012-06-29 09:03:51.673,2480.0000,439198,0,0.0000,0.0000,0,0,空换,S,2480.0000,0.0000,0.0000,0.0000,0.0000,2481.0000,0.0000,0.0000,0.0000,0.0000,277,0,0,0,0,131,0,0,0,0
zc,WS301,2012-06-29 09:03:53.173,2480.0000,439194,-4,0.0000,4.0000,0,4,双平,S,2480.0000,0.0000,0.0000,0.0000,0.0000,2481.0000,0.0000,0.0000,0.0000,0.0000,275,0,0,0,0,137,0,0,0,0
zc,WS301,2012-06-29 09:03:53.907,2480.0000,439192,-2,0.0000,26.0000,12,14,多平,S,2480.0000,0.0000,0.0000,0.0000,0.0000,2481.0000,0.0000,0.0000,0.0000,0.0000,265,0,0,0,0,147,0,0,0,0
zc,WS301,2012-06-29 09:03:54.390,2480.0000,439192,0,0.0000,2.0000,1,1,空换,S,2480.0000,0.0000,0.0000,0.0000,0.0000,2481.0000,0.0000,0.0000,0.0000,0.0000,264,0,0,0,0,148,0,0,0,0
zc,WS301,2012-06-29 09:03:55.187,2480.0000,439192,0,0.0000,0.0000,0,0,空换,S,2480.0000,0.0000,0.0000,0.0000,0.0000,2481.0000,0.0000,0.0000,0.0000,0.0000,265,0,0,0,0,148,0,0,0,0
zc,WS301,2012-06-29 09:03:55.923,2480.0000,439192,0,0.0000,2.0000,1,1,空换,S,2480.0000,0.0000,0.0000,0.0000,0.0000,2481.0000,0.0000,0.0000,0.0000,0.0000,265,0,0,0,0,148,0,0,0,0
zc,WS301,2012-06-29 09:03:56.627,2480.0000,439192,0,0.0000,2.0000,1,1,空换,S,2480.0000,0.0000,0.0000,0.0000,0.0000,2481.0000,0.0000,0.0000,0.0000,0.0000,259,0,0,0,0,149,0,0,0,0
zc,WS301,2012-06-29 09:03:57.157,2480.0000,439192,0,0.0000,8.0000,4,4,空换,S,2480.0000,0.0000,0.0000,0.0000,0.0000,2481.0000,0.0000,0.0000,0.0000,0.0000,255,0,0,0,0,149,0,0,0,0
zc,WS301,2012-06-29 09:03:57.907,2481.0000,439202,10,0.0000,10.0000,10,0,双开,B,2480.0000,0.0000,0.0000,0.0000,0.0000,2481.0000,0.0000,0.0000,0.0000,0.0000,252,0,0,0,0,149,0,0,0,0
zc,WS301,2012-06-29 09:03:58.470,2481.0000,439202,0,0.0000,0.0000,0,0,多换,B,2480.0000,0.0000,0.0000,0.0000,0.0000,2481.0000,0.0000,0.0000,0.0000,0.0000,255,0,0,0,0,150,0,0,0,0
zc,WS301,2012-06-29 09:03:58.937,2481.0000,439202,0,0.0000,208.0000,104,104,多换,B,2480.0000,0.0000,0.0000,0.0000,0.0000,2481.0000,0.0000,0.0000,0.0000,0.0000,150,0,0,0,0,148,0,0,0,0
zc,WS301,2012-06-29 09:03:59.390,2480.0000,439202,0,0.0000,4.0000,2,2,空换,S,2480.0000,0.0000,0.0000,0.0000,0.0000,2481.0000,0.0000,0.0000,0.0000,0.0000,150,0,0,0,0,148,0,0,0,0
zc,WS301,2012-06-29 09:04:00.140,2480.0000,438930,-272,0.0000,374.0000,51,323,多平,S,2480.0000,0.0000,0.0000,0.0000,0.0000,2481.0000,0.0000,0.0000,0.0000,0.0000,52,0,0,0,0,148,0,0,0,0
zc,WS301,2012-06-29 09:04:00.830,2480.0000,438936,6,0.0000,16.0000,11,5,空开,S,2480.0000,0.0000,0.0000,0.0000,0.0000,2481.0000,0.0000,0.0000,0.0000,0.0000,54,0,0,0,0,150,0,0,0,0
zc,WS301,2012-06-29 09:04:01.423,2480.0000,438938,2,0.0000,2.0000,2,0,双开,S,2480.0000,0.0000,0.0000,0.0000,0.0000,2481.0000,0.0000,0.0000,0.0000,0.0000,53,0,0,0,0,150,0,0,0,0
zc,WS301,2012-06-29 09:04:02.173,2480.0000,438938,0,0.0000,0.0000,0,0,空换,S,2480.0000,0.0000,0.0000,0.0000,0.0000,2481.0000,0.0000,0.0000,0.0000,0.0000,53,0,0,0,0,250,0,0,0,0
zc,WS301,2012-06-29 09:04:02.687,2480.0000,438946,8,0.0000,10.0000,9,1,空开,S,2480.0000,0.0000,0.0000,0.0000,0.0000,2481.0000,0.0000,0.0000,0.0000,0.0000,53,0,0,0,0,251,0,0,0,0
zc,WS301,2012-06-29 09:04:03.423,2480.0000,438960,14,0.0000,18.0000,16,2,空开,S,2480.0000,0.0000,0.0000,0.0000,0.0000,2481.0000,0.0000,0.0000,0.0000,0.0000,97,0,0,0,0,252,0,0,0,0
zc,WS301,2012-06-29 09:04:03.890,2480.0000,438962,2,0.0000,4.0000,3,1,空开,S,2480.0000,0.0000,0.0000,0.0000,0.0000,2481.0000,0.0000,0.0000,0.0000,0.0000,49,0,0,0,0,252,0,0,0,0
zc,WS301,2012-06-29 09:04:04.640,2480.0000,438962,0,0.0000,0.0000,0,0,空换,S,2480.0000,0.0000,0.0000,0.0000,0.0000,2481.0000,0.0000,0.0000,0.0000,0.0000,49,0,0,0,0,302,0,0,0,0
zc,WS301,2012-06-29 09:04:06.127,2480.0000,438962,0,0.0000,0.0000,0,0,空换,S,2480.0000,0.0000,0.0000,0.0000,0.0000,2481.0000,0.0000,0.0000,0.0000,0.0000,51,0,0,0,0,302,0,0,0,0
zc,WS301,2012-06-29 09:04:06.877,2480.0000,438964,2,0.0000,2.0000,2,0,双开,S,2480.0000,0.0000,0.0000,0.0000,0.0000,2481.0000,0.0000,0.0000,0.0000,0.0000,52,0,0,0,0,308,0,0,0,0
zc,WS301,2012-06-29 09:04:07.423,2480.0000,438964,0,0.0000,0.0000,0,0,空换,S,2480.0000,0.0000,0.0000,0.0000,0.0000,2481.0000,0.0000,0.0000,0.0000,0.0000,152,0,0,0,0,308,0,0,0,0
zc,WS301,2012-06-29 09:04:08.173,2480.0000,438958,-6,0.0000,20.0000,7,13,多平,S,2480.0000,0.0000,0.0000,0.0000,0.0000,2481.0000,0.0000,0.0000,0.0000,0.0000,146,0,0,0,0,308,0,0,0,0
zc,WS301,2012-06-29 09:04:08.687,2481.0000,438962,4,0.0000,6.0000,5,1,多开,B,2480.0000,0.0000,0.0000,0.0000,0.0000,2481.0000,0.0000,0.0000,0.0000,0.0000,144,0,0,0,0,307,0,0,0,0
zc,WS301,2012-06-29 09:04:09.720,2481.0000,438962,0,0.0000,0.0000,0,0,多换,B,2480.0000,0.0000,0.0000,0.0000,0.0000,2481.0000,0.0000,0.0000,0.0000,0.0000,149,0,0,0,0,307,0,0,0,0
zc,WS301,2012-06-29 09:04:10.923,2480.0000,438964,2,0.0000,2.0000,2,0,双开,S,2480.0000,0.0000,0.0000,0.0000,0.0000,2481.0000,0.0000,0.0000,0.0000,0.0000,148,0,0,0,0,307,0,0,0,0
zc,WS301,2012-06-29 09:04:11.470,2481.0000,438966,2,0.0000,2.0000,2,0,双开,B,2480.0000,0.0000,0.0000,0.0000,0.0000,2481.0000,0.0000,0.0000,0.0000,0.0000,148,0,0,0,0,307,0,0,0,0
zc,WS301,2012-06-29 09:04:12.140,2481.0000,438966,0,0.0000,0.0000,0,0,多换,B,2480.0000,0.0000,0.0000,0.0000,0.0000,2481.0000,0.0000,0.0000,0.0000,0.0000,149,0,0,0,0,307,0,0,0,0
zc,WS301,2012-06-29 09:04:13.907,2480.0000,438966,0,0.0000,2.0000,1,1,空换,S,2480.0000,0.0000,0.0000,0.0000,0.0000,2481.0000,0.0000,0.0000,0.0000,0.0000,149,0,0,0,0,307,0,0,0,0
zc,WS301,2012-06-29 09:04:14.703,2480.0000,438912,-54,0.0000,106.0000,26,80,多平,S,2480.0000,0.0000,0.0000,0.0000,0.0000,2481.0000,0.0000,0.0000,0.0000,0.0000,96,0,0,0,0,317,0,0,0,0
zc,WS301,2012-06-29 09:04:15.187,2480.0000,438912,0,0.0000,0.0000,0,0,空换,S,2480.0000,0.0000,0.0000,0.0000,0.0000,2481.0000,0.0000,0.0000,0.0000,0.0000,97,0,0,0,0,350,0,0,0,0
zc,WS301,2012-06-29 09:04:16.437,2481.0000,438914,2,0.0000,4.0000,3,1,多开,B,2480.0000,0.0000,0.0000,0.0000,0.0000,2481.0000,0.0000,0.0000,0.0000,0.0000,96,0,0,0,0,349,0,0,0,0
zc,WS301,2012-06-29 09:04:17.140,2481.0000,438914,0,0.0000,0.0000,0,0,多换,B,2480.0000,0.0000,0.0000,0.0000,0.0000,2481.0000,0.0000,0.0000,0.0000,0.0000,101,0,0,0,0,350,0,0,0,0
zc,WS301,2012-06-29 09:04:17.890,2481.0000,438914,0,0.0000,10.0000,5,5,多换,B,2480.0000,0.0000,0.0000,0.0000,0.0000,2481.0000,0.0000,0.0000,0.0000,0.0000,99,0,0,0,0,400,0,0,0,0
zc,WS301,2012-06-29 09:04:18.127,2480.0000,438912,-2,0.0000,4.0000,1,3,多平,S,2480.0000,0.0000,0.0000,0.0000,0.0000,2481.0000,0.0000,0.0000,0.0000,0.0000,127,0,0,0,0,399,0,0,0,0
zc,WS301,2012-06-29 09:04:18.923,2480.0000,438808,-104,0.0000,112.0000,4,108,多平,S,2480.0000,0.0000,0.0000,0.0000,0.0000,2481.0000,0.0000,0.0000,0.0000,0.0000,72,0,0,0,0,398,0,0,0,0
zc,WS301,2012-06-29 09:04:19.390,2480.0000,438756,-52,0.0000,112.0000,30,82,多平,S,2480.0000,0.0000,0.0000,0.0000,0.0000,2481.0000,0.0000,0.0000,0.0000,0.0000,16,0,0,0,0,398,0,0,0,0
zc,WS301,2012-06-29 09:04:20.173,2480.0000,438756,0,0.0000,0.0000,0,0,空换,S,2480.0000,0.0000,0.0000,0.0000,0.0000,2481.0000,0.0000,0.0000,0.0000,0.0000,16,0,0,0,0,403,0,0,0,0
zc,WS301,2012-06-29 09:04:20.640,2480.0000,438760,4,0.0000,4.0000,4,0,双开,S,2480.0000,0.0000,0.0000,0.0000,0.0000,2481.0000,0.0000,0.0000,0.0000,0.0000,14,0,0,0,0,403,0,0,0,0
zc,WS301,2012-06-29 09:04:21.377,2481.0000,438766,6,0.0000,6.0000,6,0,双开,B,2480.0000,0.0000,0.0000,0.0000,0.0000,2481.0000,0.0000,0.0000,0.0000,0.0000,13,0,0,0,0,403,0,0,0,0
zc,WS301,2012-06-29 09:04:21.937,2481.0000,438774,8,0.0000,10.0000,9,1,多开,B,2480.0000,0.0000,0.0000,0.0000,0.0000,2481.0000,0.0000,0.0000,0.0000,0.0000,10,0,0,0,0,402,0,0,0,0
zc,WS301,2012-06-29 09:04:22.673,2481.0000,438776,2,0.0000,8.0000,5,3,多开,B,2480.0000,0.0000,0.0000,0.0000,0.0000,2481.0000,0.0000,0.0000,0.0000,0.0000,29,0,0,0,0,399,0,0,0,0
zc,WS301,2012-06-29 09:04:23.203,2481.0000,438778,2,0.0000,6.0000,4,2,多开,B,2480.0000,0.0000,0.0000,0.0000,0.0000,2481.0000,0.0000,0.0000,0.0000,0.0000,40,0,0,0,0,397,0,0,0,0
zc,WS301,2012-06-29 09:04:23.673,2480.0000,438778,0,0.0000,2.0000,1,1,空换,S,2480.0000,0.0000,0.0000,0.0000,0.0000,2481.0000,0.0000,0.0000,0.0000,0.0000,39,0,0,0,0,417,0,0,0,0
zc,WS301,2012-06-29 09:04:24.390,2480.0000,438780,2,0.0000,2.0000,2,0,双开,S,2480.0000,0.0000,0.0000,0.0000,0.0000,2481.0000,0.0000,0.0000,0.0000,0.0000,38,0,0,0,0,419,0,0,0,0
zc,WS301,2012-06-29 09:04:24.890,2480.0000,438780,0,0.0000,76.0000,38,38,空换,S,2479.0000,0.0000,0.0000,0.0000,0.0000,2480.0000,0.0000,0.0000,0.0000,0.0000,49,0,0,0,0,16,0,0,0,0
zc,WS301,2012-06-29 09:04:26.173,2480.0000,438780,0,0.0000,2.0000,1,1,空换,S,2479.0000,0.0000,0.0000,0.0000,0.0000,2480.0000,0.0000,0.0000,0.0000,0.0000,48,0,0,0,0,15,0,0,0,0
zc,WS301,2012-06-29 09:04:26.890,2479.0000,438782,2,0.0000,2.0000,2,0,双开,S,2479.0000,0.0000,0.0000,0.0000,0.0000,2480.0000,0.0000,0.0000,0.0000,0.0000,46,0,0,0,0,15,0,0,0,0
zc,WS301,2012-06-29 09:04:27.423,2479.0000,438724,-58,0.0000,94.0000,18,76,多平,S,2478.0000,0.0000,0.0000,0.0000,0.0000,2479.0000,0.0000,0.0000,0.0000,0.0000,143,0,0,0,0,7,0,0,0,0
zc,WS301,2012-06-29 09:04:28.187,2480.0000,438724,0,0.0000,34.0000,17,17,多换,B,2479.0000,0.0000,0.0000,0.0000,0.0000,2480.0000,0.0000,0.0000,0.0000,0.0000,5,0,0,0,0,7,0,0,0,0
zc,WS301,2012-06-29 09:04:28.673,2479.0000,438726,2,0.0000,2.0000,2,0,双开,S,2479.0000,0.0000,0.0000,0.0000,0.0000,2480.0000,0.0000,0.0000,0.0000,0.0000,6,0,0,0,0,25,0,0,0,0
zc,WS301,2012-06-29 09:04:29.157,2479.0000,438726,0,0.0000,0.0000,0,0,空换,S,2479.0000,0.0000,0.0000,0.0000,0.0000,2480.0000,0.0000,0.0000,0.0000,0.0000,6,0,0,0,0,26,0,0,0,0
zc,WS301,2012-06-29 09:04:30.390,2479.0000,438732,6,0.0000,6.0000,6,0,双开,S,2479.0000,0.0000,0.0000,0.0000,0.0000,2480.0000,0.0000,0.0000,0.0000,0.0000,3,0,0,0,0,28,0,0,0,0
zc,WS301,2012-06-29 09:04:31.157,2479.0000,438732,0,0.0000,0.0000,0,0,空换,S,2479.0000,0.0000,0.0000,0.0000,0.0000,2480.0000,0.0000,0.0000,0.0000,0.0000,8,0,0,0,0,31,0,0,0,0
zc,WS301,2012-06-29 09:04:31.640,2479.0000,438732,0,0.0000,0.0000,0,0,空换,S,2479.0000,0.0000,0.0000,0.0000,0.0000,2480.0000,0.0000,0.0000,0.0000,0.0000,15,0,0,0,0,32,0,0,0,0
zc,WS301,2012-06-29 09:04:32.377,2479.0000,438732,0,0.0000,0.0000,0,0,空换,S,2479.0000,0.0000,0.0000,0.0000,0.0000,2480.0000,0.0000,0.0000,0.0000,0.0000,126,0,0,0,0,40,0,0,0,0
zc,WS301,2012-06-29 09:04:32.907,2480.0000,438726,-6,0.0000,10.0000,2,8,空平,B,2479.0000,0.0000,0.0000,0.0000,0.0000,2480.0000,0.0000,0.0000,0.0000,0.0000,125,0,0,0,0,40,0,0,0,0
zc,WS301,2012-06-29 09:04:33.627,2480.0000,438726,0,0.0000,0.0000,0,0,多换,B,2479.0000,0.0000,0.0000,0.0000,0.0000,2480.0000,0.0000,0.0000,0.0000,0.0000,125,0,0,0,0,41,0,0,0,0
zc,WS301,2012-06-29 09:04:33.890,2479.0000,438724,-2,0.0000,4.0000,1,3,多平,S,2479.0000,0.0000,0.0000,0.0000,0.0000,2480.0000,0.0000,0.0000,0.0000,0.0000,153,0,0,0,0,41,0,0,0,0
zc,WS301,2012-06-29 09:04:34.627,2480.0000,438722,-2,0.0000,2.0000,0,2,双平,B,2479.0000,0.0000,0.0000,0.0000,0.0000,2480.0000,0.0000,0.0000,0.0000,0.0000,153,0,0,0,0,41,0,0,0,0
zc,WS301,2012-06-29 09:04:36.657,2479.0000,438730,8,0.0000,26.0000,17,9,空开,S,2479.0000,0.0000,0.0000,0.0000,0.0000,2480.0000,0.0000,0.0000,0.0000,0.0000,145,0,0,0,0,36,0,0,0,0
zc,WS301,2012-06-29 09:04:37.187,2479.0000,438726,-4,0.0000,4.0000,0,4,双平,S,2479.0000,0.0000,0.0000,0.0000,0.0000,2480.0000,0.0000,0.0000,0.0000,0.0000,114,0,0,0,0,36,0,0,0,0
zc,WS301,2012-06-29 09:04:37.657,2479.0000,438722,-4,0.0000,6.0000,1,5,多平,S,2479.0000,0.0000,0.0000,0.0000,0.0000,2480.0000,0.0000,0.0000,0.0000,0.0000,113,0,0,0,0,36,0,0,0,0
zc,WS301,2012-06-29 09:04:38.157,2479.0000,438722,0,0.0000,0.0000,0,0,空换,S,2479.0000,0.0000,0.0000,0.0000,0.0000,2480.0000,0.0000,0.0000,0.0000,0.0000,113,0,0,0,0,37,0,0,0,0
zc,WS301,2012-06-29 09:04:39.377,2480.0000,438722,0,0.0000,2.0000,1,1,多换,B,2479.0000,0.0000,0.0000,0.0000,0.0000,2480.0000,0.0000,0.0000,0.0000,0.0000,113,0,0,0,0,40,0,0,0,0
zc,WS301,2012-06-29 09:04:40.173,2480.0000,438722,0,0.0000,0.0000,0,0,多换,B,2479.0000,0.0000,0.0000,0.0000,0.0000,2480.0000,0.0000,0.0000,0.0000,0.0000,116,0,0,0,0,70,0,0,0,0
zc,WS301,2012-06-29 09:04:40.657,2480.0000,438722,0,0.0000,0.0000,0,0,多换,B,2479.0000,0.0000,0.0000,0.0000,0.0000,2480.0000,0.0000,0.0000,0.0000,0.0000,132,0,0,0,0,70,0,0,0,0
zc,WS301,2012-06-29 09:04:41.140,2480.0000,438722,0,0.0000,2.0000,1,1,多换,B,2479.0000,0.0000,0.0000,0.0000,0.0000,2480.0000,0.0000,0.0000,0.0000,0.0000,132,0,0,0,0,124,0,0,0,0
zc,WS301,2012-06-29 09:04:41.890,2479.0000,438720,-2,0.0000,2.0000,0,2,双平,S,2479.0000,0.0000,0.0000,0.0000,0.0000,2480.0000,0.0000,0.0000,0.0000,0.0000,134,0,0,0,0,122,0,0,0,0
zc,WS301,2012-06-29 09:04:42.470,2479.0000,438720,0,0.0000,0.0000,0,0,空换,S,2479.0000,0.0000,0.0000,0.0000,0.0000,2480.0000,0.0000,0.0000,0.0000,0.0000,135,0,0,0,0,124,0,0,0,0
zc,WS301,2012-06-29 09:04:43.140,2479.0000,438720,0,0.0000,0.0000,0,0,空换,S,2479.0000,0.0000,0.0000,0.0000,0.0000,2480.0000,0.0000,0.0000,0.0000,0.0000,136,0,0,0,0,125,0,0,0,0
zc,WS301,2012-06-29 09:04:43.423,2479.0000,438710,-10,0.0000,10.0000,0,10,双平,S,2479.0000,0.0000,0.0000,0.0000,0.0000,2480.0000,0.0000,0.0000,0.0000,0.0000,134,0,0,0,0,125,0,0,0,0
zc,WS301,2012-06-29 09:04:44.657,2479.0000,438710,0,0.0000,0.0000,0,0,空换,S,2479.0000,0.0000,0.0000,0.0000,0.0000,2480.0000,0.0000,0.0000,0.0000,0.0000,128,0,0,0,0,129,0,0,0,0
zc,WS301,2012-06-29 09:04:45.860,2480.0000,438730,20,0.0000,20.0000,20,0,双开,B,2479.0000,0.0000,0.0000,0.0000,0.0000,2480.0000,0.0000,0.0000,0.0000,0.0000,224,0,0,0,0,116,0,0,0,0
zc,WS301,2012-06-29 09:04:46.407,2480.0000,438730,0,0.0000,2.0000,1,1,多换,B,2479.0000,0.0000,0.0000,0.0000,0.0000,2480.0000,0.0000,0.0000,0.0000,0.0000,224,0,0,0,0,115,0,0,0,0
zc,WS301,2012-06-29 09:04:47.157,2479.0000,438670,-60,0.0000,64.0000,2,62,多平,S,2479.0000,0.0000,0.0000,0.0000,0.0000,2480.0000,0.0000,0.0000,0.0000,0.0000,192,0,0,0,0,115,0,0,0,0
zc,WS301,2012-06-29 09:04:47.657,2479.0000,438670,0,0.0000,0.0000,0,0,空换,S,2479.0000,0.0000,0.0000,0.0000,0.0000,2480.0000,0.0000,0.0000,0.0000,0.0000,194,0,0,0,0,115,0,0,0,0
zc,WS301,2012-06-29 09:04:48.157,2480.0000,438674,4,0.0000,4.0000,4,0,双开,B,2479.0000,0.0000,0.0000,0.0000,0.0000,2480.0000,0.0000,0.0000,0.0000,0.0000,205,0,0,0,0,113,0,0,0,0
zc,WS301,2012-06-29 09:04:48.657,2480.0000,438674,0,0.0000,0.0000,0,0,多换,B,2479.0000,0.0000,0.0000,0.0000,0.0000,2480.0000,0.0000,0.0000,0.0000,0.0000,207,0,0,0,0,113,0,0,0,0
zc,WS301,2012-06-29 09:04:49.360,2479.0000,438674,0,0.0000,6.0000,3,3,空换,S,2479.0000,0.0000,0.0000,0.0000,0.0000,2480.0000,0.0000,0.0000,0.0000,0.0000,205,0,0,0,0,113,0,0,0,0
zc,WS301,2012-06-29 09:04:49.657,2479.0000,438738,64,0.0000,70.0000,67,3,空开,S,2479.0000,0.0000,0.0000,0.0000,0.0000,2480.0000,0.0000,0.0000,0.0000,0.0000,195,0,0,0,0,143,0,0,0,0
zc,WS301,2012-06-29 09:04:50.407,2479.0000,438738,0,0.0000,2.0000,1,1,空换,S,2479.0000,0.0000,0.0000,0.0000,0.0000,2480.0000,0.0000,0.0000,0.0000,0.0000,194,0,0,0,0,143,0,0,0,0
zc,WS301,2012-06-29 09:04:51.360,2479.0000,438738,0,0.0000,0.0000,0,0,空换,S,2479.0000,0.0000,0.0000,0.0000,0.0000,2480.0000,0.0000,0.0000,0.0000,0.0000,205,0,0,0,0,143,0,0,0,0
zc,WS301,2012-06-29 09:04:52.110,2479.0000,438738,0,0.0000,2.0000,1,1,空换,S,2479.0000,0.0000,0.0000,0.0000,0.0000,2480.0000,0.0000,0.0000,0.0000,0.0000,203,0,0,0,0,143,0,0,0,0
zc,WS301,2012-06-29 09:04:53.360,2479.0000,438742,4,0.0000,6.0000,5,1,空开,S,2479.0000,0.0000,0.0000,0.0000,0.0000,2480.0000,0.0000,0.0000,0.0000,0.0000,201,0,0,0,0,143,0,0,0,0
zc,WS301,2012-06-29 09:04:53.657,2479.0000,438742,0,0.0000,0.0000,0,0,空换,S,2479.0000,0.0000,0.0000,0.0000,0.0000,2480.0000,0.0000,0.0000,0.0000,0.0000,201,0,0,0,0,142,0,0,0,0
zc,WS301,2012-06-29 09:04:54.360,2480.0000,438742,0,0.0000,4.0000,2,2,多换,B,2479.0000,0.0000,0.0000,0.0000,0.0000,2480.0000,0.0000,0.0000,0.0000,0.0000,198,0,0,0,0,140,0,0,0,0
zc,WS301,2012-06-29 09:04:54.890,2479.0000,438742,0,0.0000,120.0000,60,60,空换,S,2479.0000,0.0000,0.0000,0.0000,0.0000,2480.0000,0.0000,0.0000,0.0000,0.0000,138,0,0,0,0,141,0,0,0,0
zc,WS301,2012-06-29 09:04:55.610,2479.0000,438742,0,0.0000,0.0000,0,0,空换,S,2479.0000,0.0000,0.0000,0.0000,0.0000,2480.0000,0.0000,0.0000,0.0000,0.0000,138,0,0,0,0,143,0,0,0,0
zc,WS301,2012-06-29 09:04:56.657,2479.0000,438742,0,0.0000,0.0000,0,0,空换,S,2479.0000,0.0000,0.0000,0.0000,0.0000,2480.0000,0.0000,0.0000,0.0000,0.0000,143,0,0,0,0,144,0,0,0,0
zc,WS301,2012-06-29 09:04:57.407,2479.0000,438742,0,0.0000,6.0000,3,3,空换,S,2479.0000,0.0000,0.0000,0.0000,0.0000,2480.0000,0.0000,0.0000,0.0000,0.0000,140,0,0,0,0,144,0,0,0,0
zc,WS301,2012-06-29 09:04:57.877,2479.0000,438744,2,0.0000,2.0000,2,0,双开,S,2479.0000,0.0000,0.0000,0.0000,0.0000,2480.0000,0.0000,0.0000,0.0000,0.0000,137,0,0,0,0,144,0,0,0,0
zc,WS301,2012-06-29 09:04:59.657,2479.0000,438730,-14,0.0000,100.0000,43,57,多平,S,2479.0000,0.0000,0.0000,0.0000,0.0000,2480.0000,0.0000,0.0000,0.0000,0.0000,100,0,0,0,0,144,0,0,0,0
zc,WS301,2012-06-29 09:05:00.127,2479.0000,438730,0,0.0000,0.0000,0,0,空换,S,2479.0000,0.0000,0.0000,0.0000,0.0000,2480.0000,0.0000,0.0000,0.0000,0.0000,100,0,0,0,0,193,0,0,0,0
zc,WS301,2012-06-29 09:05:00.890,2479.0000,438732,2,0.0000,2.0000,2,0,双开,S,2479.0000,0.0000,0.0000,0.0000,0.0000,2480.0000,0.0000,0.0000,0.0000,0.0000,100,0,0,0,0,193,0,0,0,0
zc,WS301,2012-06-29 09:05:01.627,2479.0000,438732,0,0.0000,32.0000,16,16,空换,S,2479.0000,0.0000,0.0000,0.0000,0.0000,2480.0000,0.0000,0.0000,0.0000,0.0000,84,0,0,0,0,193,0,0,0,0
zc,WS301,2012-06-29 09:05:02.173,2479.0000,438732,0,0.0000,2.0000,1,1,空换,S,2479.0000,0.0000,0.0000,0.0000,0.0000,2480.0000,0.0000,0.0000,0.0000,0.0000,84,0,0,0,0,193,0,0,0,0
zc,WS301,2012-06-29 09:05:02.907,2479.0000,438732,0,0.0000,0.0000,0,0,空换,S,2479.0000,0.0000,0.0000,0.0000,0.0000,2480.0000,0.0000,0.0000,0.0000,0.0000,90,0,0,0,0,193,0,0,0,0
zc,WS301,2012-06-29 09:05:04.140,2479.0000,438732,0,0.0000,0.0000,0,0,空换,S,2479.0000,0.0000,0.0000,0.0000,0.0000,2480.0000,0.0000,0.0000,0.0000,0.0000,91,0,0,0,0,193,0,0,0,0
zc,WS301,2012-06-29 09:05:04.687,2479.0000,438732,0,0.0000,0.0000,0,0,空换,S,2479.0000,0.0000,0.0000,0.0000,0.0000,2480.0000,0.0000,0.0000,0.0000,0.0000,91,0,0,0,0,203,0,0,0,0
zc,WS301,2012-06-29 09:05:05.377,2479.0000,438832,100,0.0000,104.0000,102,2,空开,S,2479.0000,0.0000,0.0000,0.0000,0.0000,2480.0000,0.0000,0.0000,0.0000,0.0000,40,0,0,0,0,203,0,0,0,0
zc,WS301,2012-06-29 09:05:05.657,2479.0000,438832,0,0.0000,0.0000,0,0,空换,S,2479.0000,0.0000,0.0000,0.0000,0.0000,2480.0000,0.0000,0.0000,0.0000,0.0000,40,0,0,0,0,204,0,0,0,0
zc,WS301,2012-06-29 09:05:06.877,2479.0000,438832,0,0.0000,2.0000,1,1,空换,S,2479.0000,0.0000,0.0000,0.0000,0.0000,2480.0000,0.0000,0.0000,0.0000,0.0000,39,0,0,0,0,206,0,0,0,0
zc,WS301,2012-06-29 09:05:07.627,2479.0000,438834,2,0.0000,2.0000,2,0,双开,S,2479.0000,0.0000,0.0000,0.0000,0.0000,2480.0000,0.0000,0.0000,0.0000,0.0000,38,0,0,0,0,207,0,0,0,0
zc,WS301,2012-06-29 09:05:08.157,2480.0000,438838,4,0.0000,4.0000,4,0,双开,B,2479.0000,0.0000,0.0000,0.0000,0.0000,2480.0000,0.0000,0.0000,0.0000,0.0000,38,0,0,0,0,205,0,0,0,0
zc,WS301,2012-06-29 09:05:08.657,2479.0000,438840,2,0.0000,6.0000,4,2,空开,S,2479.0000,0.0000,0.0000,0.0000,0.0000,2480.0000,0.0000,0.0000,0.0000,0.0000,37,0,0,0,0,204,0,0,0,0
zc,WS301,2012-06-29 09:05:09.390,2479.0000,438834,-6,0.0000,40.0000,17,23,多平,S,2479.0000,0.0000,0.0000,0.0000,0.0000,2480.0000,0.0000,0.0000,0.0000,0.0000,17,0,0,0,0,204,0,0,0,0
zc,WS301,2012-06-29 09:05:09.877,2480.0000,438834,0,0.0000,2.0000,1,1,多换,B,2479.0000,0.0000,0.0000,0.0000,0.0000,2480.0000,0.0000,0.0000,0.0000,0.0000,17,0,0,0,0,203,0,0,0,0
zc,WS301,2012-06-29 09:05:10.657,2479.0000,438834,0,0.0000,2.0000,1,1,空换,S,2479.0000,0.0000,0.0000,0.0000,0.0000,2480.0000,0.0000,0.0000,0.0000,0.0000,49,0,0,0,0,203,0,0,0,0
zc,WS301,2012-06-29 09:05:11.907,2479.0000,438834,0,0.0000,0.0000,0,0,空换,S,2479.0000,0.0000,0.0000,0.0000,0.0000,2480.0000,0.0000,0.0000,0.0000,0.0000,49,0,0,0,0,204,0,0,0,0
zc,WS301,2012-06-29 09:05:12.390,2479.0000,438836,2,0.0000,2.0000,2,0,双开,S,2479.0000,0.0000,0.0000,0.0000,0.0000,2480.0000,0.0000,0.0000,0.0000,0.0000,63,0,0,0,0,204,0,0,0,0
zc,WS301,2012-06-29 09:05:12.877,2479.0000,438836,0,0.0000,0.0000,0,0,空换,S,2479.0000,0.0000,0.0000,0.0000,0.0000,2480.0000,0.0000,0.0000,0.0000,0.0000,72,0,0,0,0,205,0,0,0,0
zc,WS301,2012-06-29 09:05:13.343,2479.0000,438800,-36,0.0000,100.0000,32,68,多平,S,2479.0000,0.0000,0.0000,0.0000,0.0000,2480.0000,0.0000,0.0000,0.0000,0.0000,120,0,0,0,0,205,0,0,0,0
zc,WS301,2012-06-29 09:05:14.627,2479.0000,438800,0,0.0000,0.0000,0,0,空换,S,2479.0000,0.0000,0.0000,0.0000,0.0000,2480.0000,0.0000,0.0000,0.0000,0.0000,120,0,0,0,0,204,0,0,0,0
zc,WS301,2012-06-29 09:05:15.390,2479.0000,438800,0,0.0000,0.0000,0,0,空换,S,2479.0000,0.0000,0.0000,0.0000,0.0000,2480.0000,0.0000,0.0000,0.0000,0.0000,127,0,0,0,0,204,0,0,0,0
zc,WS301,2012-06-29 09:05:15.877,2479.0000,438806,6,0.0000,6.0000,6,0,双开,S,2479.0000,0.0000,0.0000,0.0000,0.0000,2480.0000,0.0000,0.0000,0.0000,0.0000,124,0,0,0,0,204,0,0,0,0
zc,WS301,2012-06-29 09:05:16.390,2479.0000,438806,0,0.0000,2.0000,1,1,空换,S,2479.0000,0.0000,0.0000,0.0000,0.0000,2480.0000,0.0000,0.0000,0.0000,0.0000,122,0,0,0,0,204,0,0,0,0
zc,WS301,2012-06-29 09:05:17.657,2479.0000,438808,2,0.0000,2.0000,2,0,双开,S,2479.0000,0.0000,0.0000,0.0000,0.0000,2480.0000,0.0000,0.0000,0.0000,0.0000,123,0,0,0,0,204,0,0,0,0
zc,WS301,2012-06-29 09:05:18.390,2479.0000,438800,-8,0.0000,104.0000,48,56,多平,S,2479.0000,0.0000,0.0000,0.0000,0.0000,2480.0000,0.0000,0.0000,0.0000,0.0000,73,0,0,0,0,205,0,0,0,0
zc,WS301,2012-06-29 09:05:19.360,2479.0000,438796,-4,0.0000,6.0000,1,5,多平,S,2479.0000,0.0000,0.0000,0.0000,0.0000,2480.0000,0.0000,0.0000,0.0000,0.0000,70,0,0,0,0,206,0,0,0,0
zc,WS301,2012-06-29 09:05:20.627,2479.0000,438796,0,0.0000,0.0000,0,0,空换,S,2479.0000,0.0000,0.0000,0.0000,0.0000,2480.0000,0.0000,0.0000,0.0000,0.0000,71,0,0,0,0,207,0,0,0,0
zc,WS301,2012-06-29 09:05:21.110,2479.0000,438796,0,0.0000,0.0000,0,0,空换,S,2479.0000,0.0000,0.0000,0.0000,0.0000,2480.0000,0.0000,0.0000,0.0000,0.0000,71,0,0,0,0,207,0,0,0,0
zc,WS301,2012-06-29 09:05:21.203,2479.0000,438796,0,0.0000,0.0000,0,0,空换,S,2479.0000,0.0000,0.0000,0.0000,0.0000,2480.0000,0.0000,0.0000,0.0000,0.0000,81,0,0,0,0,207,0,0,0,0
zc,WS301,2012-06-29 09:05:22.390,2480.0000,438834,38,0.0000,122.0000,80,42,多开,B,2479.0000,0.0000,0.0000,0.0000,0.0000,2480.0000,0.0000,0.0000,0.0000,0.0000,30,0,0,0,0,198,0,0,0,0
zc,WS301,2012-06-29 09:05:22.877,2479.0000,438840,6,0.0000,20.0000,13,7,空开,S,2479.0000,0.0000,0.0000,0.0000,0.0000,2480.0000,0.0000,0.0000,0.0000,0.0000,12,0,0,0,0,198,0,0,0,0
zc,WS301,2012-06-29 09:05:24.640,2479.0000,438840,0,0.0000,4.0000,2,2,空换,S,2479.0000,0.0000,0.0000,0.0000,0.0000,2480.0000,0.0000,0.0000,0.0000,0.0000,14,0,0,0,0,196,0,0,0,0
zc,WS301,2012-06-29 09:05:25.140,2479.0000,438842,2,0.0000,2.0000,2,0,双开,S,2479.0000,0.0000,0.0000,0.0000,0.0000,2480.0000,0.0000,0.0000,0.0000,0.0000,33,0,0,0,0,196,0,0,0,0
zc,WS301,2012-06-29 09:05:26.407,2479.0000,438842,0,0.0000,0.0000,0,0,空换,S,2479.0000,0.0000,0.0000,0.0000,0.0000,2480.0000,0.0000,0.0000,0.0000,0.0000,33,0,0,0,0,200,0,0,0,0
zc,WS301,2012-06-29 09:05:26.907,2479.0000,438700,-142,0.0000,198.0000,28,170,多平,S,2478.0000,0.0000,0.0000,0.0000,0.0000,2479.0000,0.0000,0.0000,0.0000,0.0000,172,0,0,0,0,43,0,0,0,0
zc,WS301,2012-06-29 09:05:27.423,2479.0000,438700,0,0.0000,2.0000,1,1,空换,S,2478.0000,0.0000,0.0000,0.0000,0.0000,2479.0000,0.0000,0.0000,0.0000,0.0000,175,0,0,0,0,42,0,0,0,0
zc,WS301,2012-06-29 09:05:28.220,2479.0000,438700,0,0.0000,0.0000,0,0,空换,S,2478.0000,0.0000,0.0000,0.0000,0.0000,2479.0000,0.0000,0.0000,0.0000,0.0000,176,0,0,0,0,42,0,0,0,0
zc,WS301,2012-06-29 09:05:28.657,2479.0000,438700,0,0.0000,0.0000,0,0,空换,S,2478.0000,0.0000,0.0000,0.0000,0.0000,2479.0000,0.0000,0.0000,0.0000,0.0000,176,0,0,0,0,43,0,0,0,0
zc,WS301,2012-06-29 09:05:31.377,2478.0000,438700,0,0.0000,4.0000,2,2,空换,S,2478.0000,0.0000,0.0000,0.0000,0.0000,2479.0000,0.0000,0.0000,0.0000,0.0000,174,0,0,0,0,43,0,0,0,0
zc,WS301,2012-06-29 09:05:32.140,2479.0000,438698,-2,0.0000,2.0000,0,2,双平,B,2478.0000,0.0000,0.0000,0.0000,0.0000,2479.0000,0.0000,0.0000,0.0000,0.0000,174,0,0,0,0,42,0,0,0,0
zc,WS301,2012-06-29 09:05:33.377,2479.0000,438678,-20,0.0000,20.0000,0,20,双平,B,2478.0000,0.0000,0.0000,0.0000,0.0000,2479.0000,0.0000,0.0000,0.0000,0.0000,164,0,0,0,0,32,0,0,0,0
zc,WS301,2012-06-29 09:05:33.907,2479.0000,438678,0,0.0000,0.0000,0,0,多换,B,2478.0000,0.0000,0.0000,0.0000,0.0000,2479.0000,0.0000,0.0000,0.0000,0.0000,164,0,0,0,0,39,0,0,0,0
zc,WS301,2012-06-29 09:05:34.407,2479.0000,438680,2,0.0000,14.0000,8,6,多开,B,2478.0000,0.0000,0.0000,0.0000,0.0000,2479.0000,0.0000,0.0000,0.0000,0.0000,163,0,0,0,0,35,0,0,0,0
zc,WS301,2012-06-29 09:05:35.657,2479.0000,438680,0,0.0000,0.0000,0,0,多换,B,2478.0000,0.0000,0.0000,0.0000,0.0000,2479.0000,0.0000,0.0000,0.0000,0.0000,164,0,0,0,0,35,0,0,0,0
zc,WS301,2012-06-29 09:05:36.173,2479.0000,438678,-2,0.0000,2.0000,0,2,双平,B,2478.0000,0.0000,0.0000,0.0000,0.0000,2479.0000,0.0000,0.0000,0.0000,0.0000,164,0,0,0,0,34,0,0,0,0
zc,WS301,2012-06-29 09:05:36.890,2479.0000,438676,-2,0.0000,4.0000,1,3,空平,B,2478.0000,0.0000,0.0000,0.0000,0.0000,2479.0000,0.0000,0.0000,0.0000,0.0000,162,0,0,0,0,33,0,0,0,0
zc,WS301,2012-06-29 09:05:37.657,2479.0000,438676,0,0.0000,0.0000,0,0,多换,B,2478.0000,0.0000,0.0000,0.0000,0.0000,2479.0000,0.0000,0.0000,0.0000,0.0000,162,0,0,0,0,27,0,0,0,0
zc,WS301,2012-06-29 09:05:37.890,2479.0000,438676,0,0.0000,2.0000,1,1,多换,B,2478.0000,0.0000,0.0000,0.0000,0.0000,2479.0000,0.0000,0.0000,0.0000,0.0000,162,0,0,0,0,27,0,0,0,0
zc,WS301,2012-06-29 09:05:38.640,2478.0000,438678,2,0.0000,2.0000,2,0,双开,S,2478.0000,0.0000,0.0000,0.0000,0.0000,2479.0000,0.0000,0.0000,0.0000,0.0000,160,0,0,0,0,27,0,0,0,0
zc,WS301,2012-06-29 09:05:39.173,2479.0000,438668,-10,0.0000,54.0000,22,32,空平,B,2479.0000,0.0000,0.0000,0.0000,0.0000,2480.0000,0.0000,0.0000,0.0000,0.0000,5,0,0,0,0,223,0,0,0,0
zc,WS301,2012-06-29 09:05:39.877,2479.0000,438668,0,0.0000,10.0000,5,5,多换,B,2478.0000,0.0000,0.0000,0.0000,0.0000,2479.0000,0.0000,0.0000,0.0000,0.0000,160,0,0,0,0,27,0,0,0,0
zc,WS301,2012-06-29 09:05:40.157,2479.0000,438668,0,0.0000,2.0000,1,1,多换,B,2478.0000,0.0000,0.0000,0.0000,0.0000,2479.0000,0.0000,0.0000,0.0000,0.0000,159,0,0,0,0,26,0,0,0,0
zc,WS301,2012-06-29 09:05:41.127,2479.0000,438668,0,0.0000,0.0000,0,0,多换,B,2478.0000,0.0000,0.0000,0.0000,0.0000,2479.0000,0.0000,0.0000,0.0000,0.0000,159,0,0,0,0,27,0,0,0,0
zc,WS301,2012-06-29 09:05:41.593,2479.0000,438668,0,0.0000,2.0000,1,1,多换,B,2478.0000,0.0000,0.0000,0.0000,0.0000,2479.0000,0.0000,0.0000,0.0000,0.0000,159,0,0,0,0,26,0,0,0,0
zc,WS301,2012-06-29 09:05:42.140,2479.0000,438668,0,0.0000,2.0000,1,1,多换,B,2478.0000,0.0000,0.0000,0.0000,0.0000,2479.0000,0.0000,0.0000,0.0000,0.0000,158,0,0,0,0,25,0,0,0,0
zc,WS301,2012-06-29 09:05:43.937,2479.0000,438674,6,0.0000,6.0000,6,0,双开,B,2478.0000,0.0000,0.0000,0.0000,0.0000,2479.0000,0.0000,0.0000,0.0000,0.0000,157,0,0,0,0,22,0,0,0,0
zc,WS301,2012-06-29 09:05:44.407,2479.0000,438674,0,0.0000,0.0000,0,0,多换,B,2478.0000,0.0000,0.0000,0.0000,0.0000,2479.0000,0.0000,0.0000,0.0000,0.0000,165,0,0,0,0,22,0,0,0,0
zc,WS301,2012-06-29 09:05:45.173,2479.0000,438676,2,0.0000,4.0000,3,1,多开,B,2478.0000,0.0000,0.0000,0.0000,0.0000,2479.0000,0.0000,0.0000,0.0000,0.0000,165,0,0,0,0,20,0,0,0,0
zc,WS301,2012-06-29 09:05:46.377,2479.0000,438674,-2,0.0000,40.0000,19,21,空平,B,2479.0000,0.0000,0.0000,0.0000,0.0000,2480.0000,0.0000,0.0000,0.0000,0.0000,80,0,0,0,0,176,0,0,0,0
zc,WS301,2012-06-29 09:05:46.860,2479.0000,438668,-6,0.0000,8.0000,1,7,空平,B,2479.0000,0.0000,0.0000,0.0000,0.0000,2480.0000,0.0000,0.0000,0.0000,0.0000,76,0,0,0,0,176,0,0,0,0
zc,WS301,2012-06-29 09:05:48.140,2479.0000,438668,0,0.0000,0.0000,0,0,多换,B,2479.0000,0.0000,0.0000,0.0000,0.0000,2480.0000,0.0000,0.0000,0.0000,0.0000,77,0,0,0,0,176,0,0,0,0
zc,WS301,2012-06-29 09:05:48.640,2479.0000,438668,0,0.0000,0.0000,0,0,多换,B,2479.0000,0.0000,0.0000,0.0000,0.0000,2480.0000,0.0000,0.0000,0.0000,0.0000,82,0,0,0,0,176,0,0,0,0
zc,WS301,2012-06-29 09:05:49.437,2479.0000,438668,0,0.0000,0.0000,0,0,多换,B,2479.0000,0.0000,0.0000,0.0000,0.0000,2480.0000,0.0000,0.0000,0.0000,0.0000,95,0,0,0,0,176,0,0,0,0
zc,WS301,2012-06-29 09:05:49.907,2479.0000,438668,0,0.0000,0.0000,0,0,多换,B,2479.0000,0.0000,0.0000,0.0000,0.0000,2480.0000,0.0000,0.0000,0.0000,0.0000,99,0,0,0,0,174,0,0,0,0
zc,WS301,2012-06-29 09:05:50.687,2479.0000,438668,0,0.0000,2.0000,1,1,多换,B,2479.0000,0.0000,0.0000,0.0000,0.0000,2480.0000,0.0000,0.0000,0.0000,0.0000,100,0,0,0,0,174,0,0,0,0
zc,WS301,2012-06-29 09:05:51.640,2479.0000,438668,0,0.0000,10.0000,5,5,多换,B,2479.0000,0.0000,0.0000,0.0000,0.0000,2480.0000,0.0000,0.0000,0.0000,0.0000,95,0,0,0,0,194,0,0,0,0
zc,WS301,2012-06-29 09:05:52.157,2479.0000,438668,0,0.0000,0.0000,0,0,多换,B,2479.0000,0.0000,0.0000,0.0000,0.0000,2480.0000,0.0000,0.0000,0.0000,0.0000,98,0,0,0,0,194,0,0,0,0
zc,WS301,2012-06-29 09:05:52.923,2479.0000,438668,0,0.0000,0.0000,0,0,多换,B,2479.0000,0.0000,0.0000,0.0000,0.0000,2480.0000,0.0000,0.0000,0.0000,0.0000,158,0,0,0,0,204,0,0,0,0
zc,WS301,2012-06-29 09:05:53.423,2479.0000,438666,-2,0.0000,2.0000,0,2,双平,B,2479.0000,0.0000,0.0000,0.0000,0.0000,2480.0000,0.0000,0.0000,0.0000,0.0000,173,0,0,0,0,204,0,0,0,0
zc,WS301,2012-06-29 09:05:53.890,2480.0000,438652,-14,0.0000,80.0000,33,47,空平,B,2479.0000,0.0000,0.0000,0.0000,0.0000,2480.0000,0.0000,0.0000,0.0000,0.0000,160,0,0,0,0,164,0,0,0,0
zc,WS301,2012-06-29 09:05:54.687,2480.0000,438806,154,0.0000,328.0000,241,87,多开,B,2480.0000,0.0000,0.0000,0.0000,0.0000,2481.0000,0.0000,0.0000,0.0000,0.0000,339,0,0,0,0,278,0,0,0,0
zc,WS301,2012-06-29 09:05:55.157,2480.0000,438806,0,0.0000,320.0000,160,160,多换,B,2480.0000,0.0000,0.0000,0.0000,0.0000,2481.0000,0.0000,0.0000,0.0000,0.0000,179,0,0,0,0,278,0,0,0,0
zc,WS301,2012-06-29 09:05:55.890,2480.0000,438806,0,0.0000,2.0000,1,1,多换,B,2480.0000,0.0000,0.0000,0.0000,0.0000,2481.0000,0.0000,0.0000,0.0000,0.0000,26,0,0,0,0,278,0,0,0,0
zc,WS301,2012-06-29 09:05:56.907,2480.0000,438806,0,0.0000,2.0000,1,1,多换,B,2480.0000,0.0000,0.0000,0.0000,0.0000,2481.0000,0.0000,0.0000,0.0000,0.0000,31,0,0,0,0,278,0,0,0,0
zc,WS301,2012-06-29 09:05:57.673,2480.0000,438806,0,0.0000,0.0000,0,0,多换,B,2480.0000,0.0000,0.0000,0.0000,0.0000,2481.0000,0.0000,0.0000,0.0000,0.0000,76,0,0,0,0,278,0,0,0,0
zc,WS301,2012-06-29 09:05:57.923,2480.0000,438808,2,0.0000,6.0000,4,2,多开,B,2480.0000,0.0000,0.0000,0.0000,0.0000,2481.0000,0.0000,0.0000,0.0000,0.0000,102,0,0,0,0,276,0,0,0,0
zc,WS301,2012-06-29 09:05:58.627,2480.0000,438808,0,0.0000,0.0000,0,0,多换,B,2480.0000,0.0000,0.0000,0.0000,0.0000,2481.0000,0.0000,0.0000,0.0000,0.0000,106,0,0,0,0,276,0,0,0,0
zc,WS301,2012-06-29 09:05:59.390,2480.0000,438808,0,0.0000,0.0000,0,0,多换,B,2480.0000,0.0000,0.0000,0.0000,0.0000,2481.0000,0.0000,0.0000,0.0000,0.0000,107,0,0,0,0,276,0,0,0,0
zc,WS301,2012-06-29 09:05:59.877,2480.0000,438960,152,0.0000,156.0000,154,2,多开,B,2480.0000,0.0000,0.0000,0.0000,0.0000,2481.0000,0.0000,0.0000,0.0000,0.0000,48,0,0,0,0,275,0,0,0,0
zc,WS301,2012-06-29 09:06:00.360,2480.0000,438960,0,0.0000,0.0000,0,0,多换,B,2480.0000,0.0000,0.0000,0.0000,0.0000,2481.0000,0.0000,0.0000,0.0000,0.0000,50,0,0,0,0,275,0,0,0,0
zc,WS301,2012-06-29 09:06:01.140,2480.0000,438960,0,0.0000,2.0000,1,1,多换,B,2480.0000,0.0000,0.0000,0.0000,0.0000,2481.0000,0.0000,0.0000,0.0000,0.0000,49,0,0,0,0,271,0,0,0,0
zc,WS301,2012-06-29 09:06:01.890,2481.0000,438980,20,0.0000,22.0000,21,1,多开,B,2480.0000,0.0000,0.0000,0.0000,0.0000,2481.0000,0.0000,0.0000,0.0000,0.0000,55,0,0,0,0,268,0,0,0,0
zc,WS301,2012-06-29 09:06:02.907,2480.0000,438980,0,0.0000,2.0000,1,1,空换,S,2480.0000,0.0000,0.0000,0.0000,0.0000,2481.0000,0.0000,0.0000,0.0000,0.0000,146,0,0,0,0,268,0,0,0,0
