市场代码,合约代码,时间,最新,持仓,增仓,成交额,成交量,开仓,平仓,成交类型,方向,买一价,买二价,买三价,买四价,买五价,卖一价,卖二价,卖三价,卖四价,卖五价,买一量,买二量,买三量,买四量,买五量,卖一量,卖二量,卖三量,卖四量,卖五量
zc,TA301,2012-06-06 08:52:26.947,0.0000,91980,0,0.0000,0.0000,0,0,空换,S,0.0000,0.0000,0.0000,0.0000,0.0000,0.0000,0.0000,0.0000,0.0000,0.0000,0,0,0,0,0,0,0,0,0,0
zc,TA301,2012-06-06 08:55:00.697,0.0000,91980,0,0.0000,0.0000,0,0,空换,S,0.0000,0.0000,0.0000,0.0000,0.0000,0.0000,0.0000,0.0000,0.0000,0.0000,0,0,0,0,0,0,0,0,0,0
zc,TA301,2012-06-06 08:55:01.430,0.0000,91980,0,0.0000,0.0000,0,0,空换,S,0.0000,0.0000,0.0000,0.0000,0.0000,0.0000,0.0000,0.0000,0.0000,0.0000,0,0,0,0,0,0,0,0,0,0
zc,TA301,2012-06-06 08:55:01.930,0.0000,91980,0,0.0000,0.0000,0,0,空换,S,0.0000,0.0000,0.0000,0.0000,0.0000,0.0000,0.0000,0.0000,0.0000,0.0000,0,0,0,0,0,0,0,0,0,0
zc,TA301,2012-06-06 08:55:22.663,0.0000,91980,0,0.0000,0.0000,0,0,空换,S,0.0000,0.0000,0.0000,0.0000,0.0000,0.0000,0.0000,0.0000,0.0000,0.0000,0,0,0,0,0,0,0,0,0,0
zc,TA301,2012-06-06 08:57:02.663,0.0000,91980,0,0.0000,0.0000,0,0,空换,S,0.0000,0.0000,0.0000,0.0000,0.0000,0.0000,0.0000,0.0000,0.0000,0.0000,0,0,0,0,0,0,0,0,0,0
zc,TA301,2012-06-06 08:57:09.163,0.0000,91980,0,0.0000,0.0000,0,0,空换,S,0.0000,0.0000,0.0000,0.0000,0.0000,0.0000,0.0000,0.0000,0.0000,0.0000,0,0,0,0,0,0,0,0,0,0
zc,TA301,2012-06-06 08:57:12.163,0.0000,91980,0,0.0000,0.0000,0,0,空换,S,0.0000,0.0000,0.0000,0.0000,0.0000,0.0000,0.0000,0.0000,0.0000,0.0000,0,0,0,0,0,0,0,0,0,0
zc,TA301,2012-06-06 08:57:24.663,0.0000,91980,0,0.0000,0.0000,0,0,空换,S,0.0000,0.0000,0.0000,0.0000,0.0000,0.0000,0.0000,0.0000,0.0000,0.0000,0,0,0,0,0,0,0,0,0,0
zc,TA301,2012-06-06 08:57:32.663,0.0000,91980,0,0.0000,0.0000,0,0,空换,S,0.0000,0.0000,0.0000,0.0000,0.0000,0.0000,0.0000,0.0000,0.0000,0.0000,0,0,0,0,0,0,0,0,0,0
zc,TA301,2012-06-06 08:57:37.663,0.0000,91980,0,0.0000,0.0000,0,0,空换,S,0.0000,0.0000,0.0000,0.0000,0.0000,0.0000,0.0000,0.0000,0.0000,0.0000,0,0,0,0,0,0,0,0,0,0
zc,TA301,2012-06-06 08:57:45.913,0.0000,91980,0,0.0000,0.0000,0,0,空换,S,0.0000,0.0000,0.0000,0.0000,0.0000,0.0000,0.0000,0.0000,0.0000,0.0000,0,0,0,0,0,0,0,0,0,0
zc,TA301,2012-06-06 08:57:55.163,0.0000,91980,0,0.0000,0.0000,0,0,空换,S,0.0000,0.0000,0.0000,0.0000,0.0000,0.0000,0.0000,0.0000,0.0000,0.0000,0,0,0,0,0,0,0,0,0,0
zc,TA301,2012-06-06 08:57:57.663,0.0000,91980,0,0.0000,0.0000,0,0,空换,S,0.0000,0.0000,0.0000,0.0000,0.0000,0.0000,0.0000,0.0000,0.0000,0.0000,0,0,0,0,0,0,0,0,0,0
zc,TA301,2012-06-06 08:58:05.663,0.0000,91980,0,0.0000,0.0000,0,0,空换,S,0.0000,0.0000,0.0000,0.0000,0.0000,0.0000,0.0000,0.0000,0.0000,0.0000,0,0,0,0,0,0,0,0,0,0
zc,TA301,2012-06-06 08:58:07.413,0.0000,91980,0,0.0000,0.0000,0,0,空换,S,0.0000,0.0000,0.0000,0.0000,0.0000,0.0000,0.0000,0.0000,0.0000,0.0000,0,0,0,0,0,0,0,0,0,0
zc,TA301,2012-06-06 08:58:30.413,0.0000,91980,0,0.0000,0.0000,0,0,空换,S,0.0000,0.0000,0.0000,0.0000,0.0000,0.0000,0.0000,0.0000,0.0000,0.0000,0,0,0,0,0,0,0,0,0,0
zc,TA301,2012-06-06 08:58:45.897,0.0000,91980,0,0.0000,0.0000,0,0,空换,S,0.0000,0.0000,0.0000,0.0000,0.0000,0.0000,0.0000,0.0000,0.0000,0.0000,0,0,0,0,0,0,0,0,0,0
zc,TA301,2012-06-06 08:59:00.430,7214.0000,92078,98,0.0000,152.0000,125,27,多开,B,7214.0000,0.0000,0.0000,0.0000,0.0000,7216.0000,0.0000,0.0000,0.0000,0.0000,18,0,0,0,0,4,0,0,0,0
zc,TA301,2012-06-06 09:00:01.087,7220.0000,92096,18,0.0000,78.0000,48,30,多开,B,7216.0000,0.0000,0.0000,0.0000,0.0000,7224.0000,0.0000,0.0000,0.0000,0.0000,26,0,0,0,0,6,0,0,0,0
zc,TA301,2012-06-06 09:00:01.883,7216.0000,92146,50,0.0000,104.0000,77,27,空开,S,7216.0000,0.0000,0.0000,0.0000,0.0000,7220.0000,0.0000,0.0000,0.0000,0.0000,48,0,0,0,0,13,0,0,0,0
zc,TA301,2012-06-06 09:00:02.867,7222.0000,92148,2,0.0000,46.0000,24,22,多开,B,7218.0000,0.0000,0.0000,0.0000,0.0000,7220.0000,0.0000,0.0000,0.0000,0.0000,2,0,0,0,0,1,0,0,0,0
zc,TA301,2012-06-06 09:00:03.337,7216.0000,92160,12,0.0000,16.0000,14,2,空开,S,7216.0000,0.0000,0.0000,0.0000,0.0000,7222.0000,0.0000,0.0000,0.0000,0.0000,50,0,0,0,0,2,0,0,0,0
zc,TA301,2012-06-06 09:00:03.820,7222.0000,92180,20,0.0000,30.0000,25,5,多开,B,7216.0000,0.0000,0.0000,0.0000,0.0000,7222.0000,0.0000,0.0000,0.0000,0.0000,39,0,0,0,0,21,0,0,0,0
zc,TA301,2012-06-06 09:00:04.320,7220.0000,92184,4,0.0000,36.0000,20,16,空开,S,7220.0000,0.0000,0.0000,0.0000,0.0000,7222.0000,0.0000,0.0000,0.0000,0.0000,6,0,0,0,0,19,0,0,0,0
zc,TA301,2012-06-06 09:00:05.100,7220.0000,92200,16,0.0000,30.0000,23,7,空开,S,7216.0000,0.0000,0.0000,0.0000,0.0000,7220.0000,0.0000,0.0000,0.0000,0.0000,35,0,0,0,0,2,0,0,0,0
zc,TA301,2012-06-06 09:00:05.350,7222.0000,92204,4,0.0000,30.0000,17,13,多开,B,7216.0000,0.0000,0.0000,0.0000,0.0000,7222.0000,0.0000,0.0000,0.0000,0.0000,35,0,0,0,0,5,0,0,0,0
zc,TA301,2012-06-06 09:00:06.337,7218.0000,92216,12,0.0000,26.0000,19,7,空开,S,7216.0000,0.0000,0.0000,0.0000,0.0000,7222.0000,0.0000,0.0000,0.0000,0.0000,31,0,0,0,0,2,0,0,0,0
zc,TA301,2012-06-06 09:00:06.820,7222.0000,92246,30,0.0000,30.0000,30,0,双开,B,7216.0000,0.0000,0.0000,0.0000,0.0000,7222.0000,0.0000,0.0000,0.0000,0.0000,31,0,0,0,0,2,0,0,0,0
zc,TA301,2012-06-06 09:00:07.837,7220.0000,92250,4,0.0000,8.0000,6,2,空开,S,7216.0000,0.0000,0.0000,0.0000,0.0000,7220.0000,0.0000,0.0000,0.0000,0.0000,35,0,0,0,0,2,0,0,0,0
zc,TA301,2012-06-06 09:00:08.053,7222.0000,92250,0,0.0000,56.0000,28,28,多换,B,7216.0000,0.0000,0.0000,0.0000,0.0000,7222.0000,0.0000,0.0000,0.0000,0.0000,35,0,0,0,0,1,0,0,0,0
zc,TA301,2012-06-06 09:00:09.100,7222.0000,92250,0,0.0000,0.0000,0,0,多换,B,7216.0000,0.0000,0.0000,0.0000,0.0000,7222.0000,0.0000,0.0000,0.0000,0.0000,35,0,0,0,0,3,0,0,0,0
zc,TA301,2012-06-06 09:00:09.587,7216.0000,92250,0,0.0000,4.0000,2,2,空换,S,7216.0000,0.0000,0.0000,0.0000,0.0000,7222.0000,0.0000,0.0000,0.0000,0.0000,37,0,0,0,0,13,0,0,0,0
zc,TA301,2012-06-06 09:00:10.303,7216.0000,92262,12,0.0000,22.0000,17,5,空开,S,7216.0000,0.0000,0.0000,0.0000,0.0000,7222.0000,0.0000,0.0000,0.0000,0.0000,33,0,0,0,0,4,0,0,0,0
zc,TA301,2012-06-06 09:00:10.570,7222.0000,92264,2,0.0000,2.0000,2,0,双开,B,7216.0000,0.0000,0.0000,0.0000,0.0000,7222.0000,0.0000,0.0000,0.0000,0.0000,37,0,0,0,0,3,0,0,0,0
zc,TA301,2012-06-06 09:00:11.337,7222.0000,92264,0,0.0000,6.0000,3,3,多换,B,7218.0000,0.0000,0.0000,0.0000,0.0000,7224.0000,0.0000,0.0000,0.0000,0.0000,4,0,0,0,0,8,0,0,0,0
zc,TA301,2012-06-06 09:00:11.837,7218.0000,92260,-4,0.0000,4.0000,0,4,双平,S,7220.0000,0.0000,0.0000,0.0000,0.0000,7222.0000,0.0000,0.0000,0.0000,0.0000,1,0,0,0,0,8,0,0,0,0
zc,TA301,2012-06-06 09:00:12.350,7218.0000,92260,0,0.0000,24.0000,12,12,空换,S,7218.0000,0.0000,0.0000,0.0000,0.0000,7220.0000,0.0000,0.0000,0.0000,0.0000,1,0,0,0,0,1,0,0,0,0
zc,TA301,2012-06-06 09:00:13.273,7222.0000,92356,96,0.0000,106.0000,101,5,多开,B,7218.0000,0.0000,0.0000,0.0000,0.0000,7222.0000,0.0000,0.0000,0.0000,0.0000,3,0,0,0,0,38,0,0,0,0
zc,TA301,2012-06-06 09:00:13.820,7222.0000,92356,0,0.0000,4.0000,2,2,多换,B,7218.0000,0.0000,0.0000,0.0000,0.0000,7222.0000,0.0000,0.0000,0.0000,0.0000,3,0,0,0,0,40,0,0,0,0
zc,TA301,2012-06-06 09:00:14.570,7220.0000,92362,6,0.0000,6.0000,6,0,双开,S,7220.0000,0.0000,0.0000,0.0000,0.0000,7222.0000,0.0000,0.0000,0.0000,0.0000,2,0,0,0,0,47,0,0,0,0
zc,TA301,2012-06-06 09:00:15.037,7222.0000,92274,-88,0.0000,102.0000,7,95,空平,B,7222.0000,0.0000,0.0000,0.0000,0.0000,7224.0000,0.0000,0.0000,0.0000,0.0000,94,0,0,0,0,13,0,0,0,0
zc,TA301,2012-06-06 09:00:15.803,7222.0000,92274,0,0.0000,2.0000,1,1,多换,B,7222.0000,0.0000,0.0000,0.0000,0.0000,7226.0000,0.0000,0.0000,0.0000,0.0000,99,0,0,0,0,8,0,0,0,0
zc,TA301,2012-06-06 09:00:16.553,7226.0000,92266,-8,0.0000,8.0000,0,8,双平,B,7224.0000,0.0000,0.0000,0.0000,0.0000,7226.0000,0.0000,0.0000,0.0000,0.0000,5,0,0,0,0,6,0,0,0,0
zc,TA301,2012-06-06 09:00:17.320,7226.0000,92266,0,0.0000,10.0000,5,5,多换,B,7224.0000,0.0000,0.0000,0.0000,0.0000,7226.0000,0.0000,0.0000,0.0000,0.0000,4,0,0,0,0,3,0,0,0,0
zc,TA301,2012-06-06 09:00:17.803,7228.0000,92250,-16,0.0000,36.0000,10,26,空平,B,7226.0000,0.0000,0.0000,0.0000,0.0000,7228.0000,0.0000,0.0000,0.0000,0.0000,6,0,0,0,0,13,0,0,0,0
zc,TA301,2012-06-06 09:00:18.587,7226.0000,92256,6,0.0000,8.0000,7,1,空开,S,7226.0000,0.0000,0.0000,0.0000,0.0000,7228.0000,0.0000,0.0000,0.0000,0.0000,2,0,0,0,0,11,0,0,0,0
zc,TA301,2012-06-06 09:00:19.007,7224.0000,92258,2,0.0000,12.0000,7,5,空开,S,7224.0000,0.0000,0.0000,0.0000,0.0000,7226.0000,0.0000,0.0000,0.0000,0.0000,6,0,0,0,0,1,0,0,0,0
zc,TA301,2012-06-06 09:00:19.837,7228.0000,92258,0,0.0000,4.0000,2,2,多换,B,7224.0000,0.0000,0.0000,0.0000,0.0000,7228.0000,0.0000,0.0000,0.0000,0.0000,6,0,0,0,0,6,0,0,0,0
zc,TA301,2012-06-06 09:00:20.303,7224.0000,92272,14,0.0000,14.0000,14,0,双开,S,7222.0000,0.0000,0.0000,0.0000,0.0000,7226.0000,0.0000,0.0000,0.0000,0.0000,108,0,0,0,0,2,0,0,0,0
zc,TA301,2012-06-06 09:00:21.037,7224.0000,92272,0,0.0000,0.0000,0,0,空换,S,7222.0000,0.0000,0.0000,0.0000,0.0000,7226.0000,0.0000,0.0000,0.0000,0.0000,119,0,0,0,0,2,0,0,0,0
zc,TA301,2012-06-06 09:00:21.850,7226.0000,92276,4,0.0000,4.0000,4,0,双开,B,7226.0000,0.0000,0.0000,0.0000,0.0000,7228.0000,0.0000,0.0000,0.0000,0.0000,6,0,0,0,0,1,0,0,0,0
zc,TA301,2012-06-06 09:00:22.337,7228.0000,92272,-4,0.0000,4.0000,0,4,双平,B,7228.0000,0.0000,0.0000,0.0000,0.0000,7230.0000,0.0000,0.0000,0.0000,0.0000,4,0,0,0,0,10,0,0,0,0
zc,TA301,2012-06-06 09:00:23.007,7228.0000,92272,0,0.0000,4.0000,2,2,多换,B,7228.0000,0.0000,0.0000,0.0000,0.0000,7230.0000,0.0000,0.0000,0.0000,0.0000,3,0,0,0,0,9,0,0,0,0
zc,TA301,2012-06-06 09:00:23.837,7228.0000,92260,-12,0.0000,14.0000,1,13,空平,B,7226.0000,0.0000,0.0000,0.0000,0.0000,7230.0000,0.0000,0.0000,0.0000,0.0000,28,0,0,0,0,9,0,0,0,0
zc,TA301,2012-06-06 09:00:24.320,7230.0000,92242,-18,0.0000,22.0000,2,20,空平,B,7230.0000,0.0000,0.0000,0.0000,0.0000,7232.0000,0.0000,0.0000,0.0000,0.0000,1,0,0,0,0,2,0,0,0,0
zc,TA301,2012-06-06 09:00:25.023,7230.0000,92240,-2,0.0000,2.0000,0,2,双平,B,7230.0000,0.0000,0.0000,0.0000,0.0000,7232.0000,0.0000,0.0000,0.0000,0.0000,5,0,0,0,0,2,0,0,0,0
zc,TA301,2012-06-06 09:00:25.587,7232.0000,92234,-6,0.0000,6.0000,0,6,双平,B,7232.0000,0.0000,0.0000,0.0000,0.0000,7234.0000,0.0000,0.0000,0.0000,0.0000,11,0,0,0,0,2,0,0,0,0
zc,TA301,2012-06-06 09:00:26.320,7232.0000,92226,-8,0.0000,14.0000,3,11,空平,B,7232.0000,0.0000,0.0000,0.0000,0.0000,7236.0000,0.0000,0.0000,0.0000,0.0000,10,0,0,0,0,2,0,0,0,0
zc,TA301,2012-06-06 09:00:27.537,7232.0000,92212,-14,0.0000,20.0000,3,17,空平,B,7232.0000,0.0000,0.0000,0.0000,0.0000,7234.0000,0.0000,0.0000,0.0000,0.0000,2,0,0,0,0,2,0,0,0,0
zc,TA301,2012-06-06 09:00:28.037,7234.0000,92224,12,0.0000,20.0000,16,4,多开,B,7234.0000,0.0000,0.0000,0.0000,0.0000,7236.0000,0.0000,0.0000,0.0000,0.0000,2,0,0,0,0,4,0,0,0,0
zc,TA301,2012-06-06 09:00:28.837,7234.0000,92292,68,0.0000,68.0000,68,0,双开,B,7232.0000,0.0000,0.0000,0.0000,0.0000,7234.0000,0.0000,0.0000,0.0000,0.0000,1,0,0,0,0,1,0,0,0,0
zc,TA301,2012-06-06 09:00:29.320,7230.0000,92298,6,0.0000,14.0000,10,4,空开,S,7228.0000,0.0000,0.0000,0.0000,0.0000,7234.0000,0.0000,0.0000,0.0000,0.0000,4,0,0,0,0,2,0,0,0,0
zc,TA301,2012-06-06 09:00:30.087,7234.0000,92296,-2,0.0000,6.0000,2,4,空平,B,7228.0000,0.0000,0.0000,0.0000,0.0000,7234.0000,0.0000,0.0000,0.0000,0.0000,5,0,0,0,0,2,0,0,0,0
zc,TA301,2012-06-06 09:00:30.537,7234.0000,92298,2,0.0000,2.0000,2,0,双开,B,7228.0000,0.0000,0.0000,0.0000,0.0000,7232.0000,0.0000,0.0000,0.0000,0.0000,5,0,0,0,0,1,0,0,0,0
zc,TA301,2012-06-06 09:00:31.320,7228.0000,92276,-22,0.0000,30.0000,4,26,多平,S,7226.0000,0.0000,0.0000,0.0000,0.0000,7228.0000,0.0000,0.0000,0.0000,0.0000,5,0,0,0,0,7,0,0,0,0
zc,TA301,2012-06-06 09:00:31.837,7232.0000,92262,-14,0.0000,18.0000,2,16,空平,B,7226.0000,0.0000,0.0000,0.0000,0.0000,7234.0000,0.0000,0.0000,0.0000,0.0000,5,0,0,0,0,2,0,0,0,0
zc,TA301,2012-06-06 09:00:32.570,7232.0000,92268,6,0.0000,8.0000,7,1,多开,B,7232.0000,0.0000,0.0000,0.0000,0.0000,7234.0000,0.0000,0.0000,0.0000,0.0000,8,0,0,0,0,1,0,0,0,0
zc,TA301,2012-06-06 09:00:33.037,7230.0000,92286,18,0.0000,30.0000,24,6,空开,S,7226.0000,0.0000,0.0000,0.0000,0.0000,7230.0000,0.0000,0.0000,0.0000,0.0000,3,0,0,0,0,4,0,0,0,0
zc,TA301,2012-06-06 09:00:33.820,7230.0000,92286,0,0.0000,2.0000,1,1,空换,S,7228.0000,0.0000,0.0000,0.0000,0.0000,7234.0000,0.0000,0.0000,0.0000,0.0000,4,0,0,0,0,3,0,0,0,0
zc,TA301,2012-06-06 09:00:34.287,7228.0000,92282,-4,0.0000,6.0000,1,5,多平,S,7228.0000,0.0000,0.0000,0.0000,0.0000,7230.0000,0.0000,0.0000,0.0000,0.0000,2,0,0,0,0,1,0,0,0,0
zc,TA301,2012-06-06 09:00:35.037,7230.0000,92280,-2,0.0000,2.0000,0,2,双平,B,7228.0000,0.0000,0.0000,0.0000,0.0000,7232.0000,0.0000,0.0000,0.0000,0.0000,2,0,0,0,0,4,0,0,0,0
zc,TA301,2012-06-06 09:00:35.570,7232.0000,92272,-8,0.0000,10.0000,1,9,空平,B,7232.0000,0.0000,0.0000,0.0000,0.0000,7234.0000,0.0000,0.0000,0.0000,0.0000,3,0,0,0,0,4,0,0,0,0
zc,TA301,2012-06-06 09:00:36.227,7232.0000,92272,0,0.0000,2.0000,1,1,多换,B,7232.0000,0.0000,0.0000,0.0000,0.0000,7234.0000,0.0000,0.0000,0.0000,0.0000,2,0,0,0,0,5,0,0,0,0
zc,TA301,2012-06-06 09:00:38.320,7234.0000,92258,-14,0.0000,20.0000,3,17,空平,B,7230.0000,0.0000,0.0000,0.0000,0.0000,7236.0000,0.0000,0.0000,0.0000,0.0000,3,0,0,0,0,8,0,0,0,0
zc,TA301,2012-06-06 09:00:38.787,7234.0000,92256,-2,0.0000,8.0000,3,5,空平,B,7234.0000,0.0000,0.0000,0.0000,0.0000,7236.0000,0.0000,0.0000,0.0000,0.0000,4,0,0,0,0,8,0,0,0,0
zc,TA301,2012-06-06 09:00:39.257,7234.0000,92250,-6,0.0000,16.0000,5,11,空平,B,7234.0000,0.0000,0.0000,0.0000,0.0000,7236.0000,0.0000,0.0000,0.0000,0.0000,2,0,0,0,0,4,0,0,0,0
zc,TA301,2012-06-06 09:00:40.087,7234.0000,92220,-30,0.0000,36.0000,3,33,空平,B,7232.0000,0.0000,0.0000,0.0000,0.0000,7234.0000,0.0000,0.0000,0.0000,0.0000,3,0,0,0,0,41,0,0,0,0
zc,TA301,2012-06-06 09:00:40.803,7234.0000,92190,-30,0.0000,32.0000,1,31,空平,B,7232.0000,0.0000,0.0000,0.0000,0.0000,7234.0000,0.0000,0.0000,0.0000,0.0000,3,0,0,0,0,27,0,0,0,0
zc,TA301,2012-06-06 09:00:41.837,7234.0000,92192,2,0.0000,64.0000,33,31,多开,B,7234.0000,0.0000,0.0000,0.0000,0.0000,7236.0000,0.0000,0.0000,0.0000,0.0000,18,0,0,0,0,3,0,0,0,0
zc,TA301,2012-06-06 09:00:42.197,7234.0000,92200,8,0.0000,10.0000,9,1,多开,B,7234.0000,0.0000,0.0000,0.0000,0.0000,7236.0000,0.0000,0.0000,0.0000,0.0000,13,0,0,0,0,7,0,0,0,0
zc,TA301,2012-06-06 09:00:43.087,7234.0000,92226,26,0.0000,26.0000,26,0,双开,B,7230.0000,0.0000,0.0000,0.0000,0.0000,7234.0000,0.0000,0.0000,0.0000,0.0000,2,0,0,0,0,8,0,0,0,0
zc,TA301,2012-06-06 09:00:43.553,7234.0000,92226,0,0.0000,0.0000,0,0,多换,B,7232.0000,0.0000,0.0000,0.0000,0.0000,7234.0000,0.0000,0.0000,0.0000,0.0000,1,0,0,0,0,34,0,0,0,0
zc,TA301,2012-06-06 09:00:44.287,7232.0000,92228,2,0.0000,2.0000,2,0,双开,S,7230.0000,0.0000,0.0000,0.0000,0.0000,7234.0000,0.0000,0.0000,0.0000,0.0000,2,0,0,0,0,50,0,0,0,0
zc,TA301,2012-06-06 09:00:44.757,7234.0000,92230,2,0.0000,10.0000,6,4,多开,B,7228.0000,0.0000,0.0000,0.0000,0.0000,7232.0000,0.0000,0.0000,0.0000,0.0000,14,0,0,0,0,1,0,0,0,0
zc,TA301,2012-06-06 09:00:45.570,7234.0000,92230,0,0.0000,0.0000,0,0,多换,B,7230.0000,0.0000,0.0000,0.0000,0.0000,7232.0000,0.0000,0.0000,0.0000,0.0000,1,0,0,0,0,1,0,0,0,0
zc,TA301,2012-06-06 09:00:46.037,7234.0000,92262,32,0.0000,38.0000,35,3,多开,B,7232.0000,0.0000,0.0000,0.0000,0.0000,7234.0000,0.0000,0.0000,0.0000,0.0000,10,0,0,0,0,34,0,0,0,0
zc,TA301,2012-06-06 09:00:46.787,7232.0000,92260,-2,0.0000,2.0000,0,2,双平,S,7232.0000,0.0000,0.0000,0.0000,0.0000,7234.0000,0.0000,0.0000,0.0000,0.0000,9,0,0,0,0,34,0,0,0,0
zc,TA301,2012-06-06 09:00:47.240,7232.0000,92238,-22,0.0000,22.0000,0,22,双平,S,7232.0000,0.0000,0.0000,0.0000,0.0000,7234.0000,0.0000,0.0000,0.0000,0.0000,3,0,0,0,0,34,0,0,0,0
zc,TA301,2012-06-06 09:00:48.007,7234.0000,92238,0,0.0000,2.0000,1,1,多换,B,7232.0000,0.0000,0.0000,0.0000,0.0000,7234.0000,0.0000,0.0000,0.0000,0.0000,3,0,0,0,0,33,0,0,0,0
zc,TA301,2012-06-06 09:00:48.773,7230.0000,92228,-10,0.0000,14.0000,2,12,多平,S,7228.0000,0.0000,0.0000,0.0000,0.0000,7230.0000,0.0000,0.0000,0.0000,0.0000,13,0,0,0,0,3,0,0,0,0
zc,TA301,2012-06-06 09:00:49.287,7234.0000,92212,-16,0.0000,16.0000,0,16,双平,B,7230.0000,0.0000,0.0000,0.0000,0.0000,7234.0000,0.0000,0.0000,0.0000,0.0000,1,0,0,0,0,29,0,0,0,0
zc,TA301,2012-06-06 09:00:49.960,7230.0000,92210,-2,0.0000,2.0000,0,2,双平,S,7230.0000,0.0000,0.0000,0.0000,0.0000,7234.0000,0.0000,0.0000,0.0000,0.0000,1,0,0,0,0,29,0,0,0,0
zc,TA301,2012-06-06 09:00:50.740,7230.0000,92210,0,0.0000,0.0000,0,0,空换,S,7230.0000,0.0000,0.0000,0.0000,0.0000,7234.0000,0.0000,0.0000,0.0000,0.0000,2,0,0,0,0,29,0,0,0,0
zc,TA301,2012-06-06 09:00:51.320,7234.0000,92206,-4,0.0000,6.0000,1,5,空平,B,7230.0000,0.0000,0.0000,0.0000,0.0000,7234.0000,0.0000,0.0000,0.0000,0.0000,4,0,0,0,0,27,0,0,0,0
zc,TA301,2012-06-06 09:00:51.773,7234.0000,92206,0,0.0000,4.0000,2,2,多换,B,7232.0000,0.0000,0.0000,0.0000,0.0000,7234.0000,0.0000,0.0000,0.0000,0.0000,8,0,0,0,0,25,0,0,0,0
zc,TA301,2012-06-06 09:00:52.523,7234.0000,92156,-50,0.0000,62.0000,6,56,空平,B,7234.0000,0.0000,0.0000,0.0000,0.0000,7236.0000,0.0000,0.0000,0.0000,0.0000,65,0,0,0,0,9,0,0,0,0
zc,TA301,2012-06-06 09:00:53.023,7236.0000,92156,0,0.0000,2.0000,1,1,多换,B,7234.0000,0.0000,0.0000,0.0000,0.0000,7236.0000,0.0000,0.0000,0.0000,0.0000,67,0,0,0,0,7,0,0,0,0
zc,TA301,2012-06-06 09:00:53.773,7234.0000,92152,-4,0.0000,24.0000,10,14,多平,S,7234.0000,0.0000,0.0000,0.0000,0.0000,7236.0000,0.0000,0.0000,0.0000,0.0000,55,0,0,0,0,8,0,0,0,0
zc,TA301,2012-06-06 09:00:54.240,7234.0000,92142,-10,0.0000,30.0000,10,20,多平,S,7234.0000,0.0000,0.0000,0.0000,0.0000,7236.0000,0.0000,0.0000,0.0000,0.0000,41,0,0,0,0,8,0,0,0,0
zc,TA301,2012-06-06 09:00:54.990,7234.0000,92142,0,0.0000,0.0000,0,0,空换,S,7234.0000,0.0000,0.0000,0.0000,0.0000,7236.0000,0.0000,0.0000,0.0000,0.0000,42,0,0,0,0,8,0,0,0,0
zc,TA301,2012-06-06 09:00:55.537,7234.0000,92140,-2,0.0000,2.0000,0,2,双平,S,7234.0000,0.0000,0.0000,0.0000,0.0000,7236.0000,0.0000,0.0000,0.0000,0.0000,42,0,0,0,0,8,0,0,0,0
zc,TA301,2012-06-06 09:00:56.537,7234.0000,92138,-2,0.0000,2.0000,0,2,双平,S,7234.0000,0.0000,0.0000,0.0000,0.0000,7236.0000,0.0000,0.0000,0.0000,0.0000,41,0,0,0,0,11,0,0,0,0
zc,TA301,2012-06-06 09:00:56.757,7236.0000,92134,-4,0.0000,4.0000,0,4,双平,B,7234.0000,0.0000,0.0000,0.0000,0.0000,7236.0000,0.0000,0.0000,0.0000,0.0000,41,0,0,0,0,10,0,0,0,0
zc,TA301,2012-06-06 09:00:57.990,7236.0000,92126,-8,0.0000,8.0000,0,8,双平,B,7234.0000,0.0000,0.0000,0.0000,0.0000,7236.0000,0.0000,0.0000,0.0000,0.0000,39,0,0,0,0,8,0,0,0,0
zc,TA301,2012-06-06 09:00:58.787,7236.0000,92126,0,0.0000,28.0000,14,14,多换,B,7236.0000,0.0000,0.0000,0.0000,0.0000,7238.0000,0.0000,0.0000,0.0000,0.0000,38,0,0,0,0,13,0,0,0,0
zc,TA301,2012-06-06 09:00:59.227,7236.0000,92126,0,0.0000,12.0000,6,6,多换,B,7236.0000,0.0000,0.0000,0.0000,0.0000,7238.0000,0.0000,0.0000,0.0000,0.0000,35,0,0,0,0,13,0,0,0,0
zc,TA301,2012-06-06 09:01:00.460,7236.0000,92128,2,0.0000,2.0000,2,0,双开,B,7236.0000,0.0000,0.0000,0.0000,0.0000,7238.0000,0.0000,0.0000,0.0000,0.0000,34,0,0,0,0,12,0,0,0,0
zc,TA301,2012-06-06 09:01:01.303,7236.0000,92128,0,0.0000,4.0000,2,2,多换,B,7236.0000,0.0000,0.0000,0.0000,0.0000,7238.0000,0.0000,0.0000,0.0000,0.0000,33,0,0,0,0,12,0,0,0,0
zc,TA301,2012-06-06 09:01:02.023,7238.0000,92136,8,0.0000,30.0000,19,11,多开,B,7238.0000,0.0000,0.0000,0.0000,0.0000,7240.0000,0.0000,0.0000,0.0000,0.0000,6,0,0,0,0,24,0,0,0,0
zc,TA301,2012-06-06 09:01:02.803,7240.0000,92110,-26,0.0000,26.0000,0,26,双平,B,7238.0000,0.0000,0.0000,0.0000,0.0000,7240.0000,0.0000,0.0000,0.0000,0.0000,7,0,0,0,0,11,0,0,0,0
zc,TA301,2012-06-06 09:01:03.287,7236.0000,92108,-2,0.0000,22.0000,10,12,多平,S,7236.0000,0.0000,0.0000,0.0000,0.0000,7238.0000,0.0000,0.0000,0.0000,0.0000,33,0,0,0,0,1,0,0,0,0
zc,TA301,2012-06-06 09:01:04.023,7240.0000,92118,10,0.0000,12.0000,11,1,多开,B,7236.0000,0.0000,0.0000,0.0000,0.0000,7240.0000,0.0000,0.0000,0.0000,0.0000,34,0,0,0,0,10,0,0,0,0
zc,TA301,2012-06-06 09:01:05.273,7240.0000,92112,-6,0.0000,8.0000,1,7,空平,B,7238.0000,0.0000,0.0000,0.0000,0.0000,7240.0000,0.0000,0.0000,0.0000,0.0000,5,0,0,0,0,9,0,0,0,0
zc,TA301,2012-06-06 09:01:05.773,7238.0000,92110,-2,0.0000,2.0000,0,2,双平,S,7238.0000,0.0000,0.0000,0.0000,0.0000,7240.0000,0.0000,0.0000,0.0000,0.0000,1,0,0,0,0,9,0,0,0,0
zc,TA301,2012-06-06 09:01:06.523,7238.0000,92116,6,0.0000,6.0000,6,0,双开,S,7236.0000,0.0000,0.0000,0.0000,0.0000,7238.0000,0.0000,0.0000,0.0000,0.0000,36,0,0,0,0,12,0,0,0,0
zc,TA301,2012-06-06 09:01:07.023,7240.0000,92110,-6,0.0000,42.0000,18,24,空平,B,7240.0000,0.0000,0.0000,0.0000,0.0000,7242.0000,0.0000,0.0000,0.0000,0.0000,13,0,0,0,0,1,0,0,0,0
zc,TA301,2012-06-06 09:01:07.757,7240.0000,92104,-6,0.0000,6.0000,0,6,双平,B,7240.0000,0.0000,0.0000,0.0000,0.0000,7242.0000,0.0000,0.0000,0.0000,0.0000,11,0,0,0,0,1,0,0,0,0
zc,TA301,2012-06-06 09:01:08.227,7240.0000,92098,-6,0.0000,18.0000,6,12,空平,B,7240.0000,0.0000,0.0000,0.0000,0.0000,7242.0000,0.0000,0.0000,0.0000,0.0000,3,0,0,0,0,1,0,0,0,0
zc,TA301,2012-06-06 09:01:09.023,7242.0000,92100,2,0.0000,4.0000,3,1,多开,B,7240.0000,0.0000,0.0000,0.0000,0.0000,7244.0000,0.0000,0.0000,0.0000,0.0000,103,0,0,0,0,8,0,0,0,0
zc,TA301,2012-06-06 09:01:09.490,7240.0000,92100,0,0.0000,10.0000,5,5,空换,S,7240.0000,0.0000,0.0000,0.0000,0.0000,7242.0000,0.0000,0.0000,0.0000,0.0000,99,0,0,0,0,19,0,0,0,0
zc,TA301,2012-06-06 09:01:10.210,7242.0000,92100,0,0.0000,10.0000,5,5,多换,B,7240.0000,0.0000,0.0000,0.0000,0.0000,7242.0000,0.0000,0.0000,0.0000,0.0000,97,0,0,0,0,16,0,0,0,0
zc,TA301,2012-06-06 09:01:11.537,7240.0000,92100,0,0.0000,12.0000,6,6,空换,S,7240.0000,0.0000,0.0000,0.0000,0.0000,7242.0000,0.0000,0.0000,0.0000,0.0000,91,0,0,0,0,16,0,0,0,0
zc,TA301,2012-06-06 09:01:12.757,7244.0000,92106,6,0.0000,56.0000,31,25,多开,B,7240.0000,0.0000,0.0000,0.0000,0.0000,7246.0000,0.0000,0.0000,0.0000,0.0000,89,0,0,0,0,45,0,0,0,0
zc,TA301,2012-06-06 09:01:13.523,7244.0000,92106,0,0.0000,0.0000,0,0,多换,B,7240.0000,0.0000,0.0000,0.0000,0.0000,7244.0000,0.0000,0.0000,0.0000,0.0000,90,0,0,0,0,30,0,0,0,0
zc,TA301,2012-06-06 09:01:13.947,7242.0000,92106,0,0.0000,2.0000,1,1,空换,S,7240.0000,0.0000,0.0000,0.0000,0.0000,7244.0000,0.0000,0.0000,0.0000,0.0000,90,0,0,0,0,30,0,0,0,0
zc,TA301,2012-06-06 09:01:14.787,7244.0000,92106,0,0.0000,6.0000,3,3,多换,B,7240.0000,0.0000,0.0000,0.0000,0.0000,7244.0000,0.0000,0.0000,0.0000,0.0000,91,0,0,0,0,28,0,0,0,0
zc,TA301,2012-06-06 09:01:15.303,7244.0000,92106,0,0.0000,2.0000,1,1,多换,B,7242.0000,0.0000,0.0000,0.0000,0.0000,7244.0000,0.0000,0.0000,0.0000,0.0000,8,0,0,0,0,27,0,0,0,0
zc,TA301,2012-06-06 09:01:16.053,7244.0000,92102,-4,0.0000,54.0000,25,29,空平,B,7242.0000,0.0000,0.0000,0.0000,0.0000,7244.0000,0.0000,0.0000,0.0000,0.0000,12,0,0,0,0,4,0,0,0,0
zc,TA301,2012-06-06 09:01:16.820,7244.0000,92100,-2,0.0000,4.0000,1,3,空平,B,7240.0000,0.0000,0.0000,0.0000,0.0000,7242.0000,0.0000,0.0000,0.0000,0.0000,94,0,0,0,0,1,0,0,0,0
zc,TA301,2012-06-06 09:01:17.507,7244.0000,92096,-4,0.0000,8.0000,2,6,空平,B,7242.0000,0.0000,0.0000,0.0000,0.0000,7244.0000,0.0000,0.0000,0.0000,0.0000,1,0,0,0,0,1,0,0,0,0
zc,TA301,2012-06-06 09:01:18.037,7244.0000,92096,0,0.0000,2.0000,1,1,多换,B,7244.0000,0.0000,0.0000,0.0000,0.0000,7246.0000,0.0000,0.0000,0.0000,0.0000,1,0,0,0,0,5,0,0,0,0
zc,TA301,2012-06-06 09:01:18.740,7244.0000,92096,0,0.0000,2.0000,1,1,多换,B,7242.0000,0.0000,0.0000,0.0000,0.0000,7246.0000,0.0000,0.0000,0.0000,0.0000,1,0,0,0,0,6,0,0,0,0
zc,TA301,2012-06-06 09:01:19.273,7242.0000,92098,2,0.0000,2.0000,2,0,双开,S,7240.0000,0.0000,0.0000,0.0000,0.0000,7242.0000,0.0000,0.0000,0.0000,0.0000,93,0,0,0,0,6,0,0,0,0
zc,TA301,2012-06-06 09:01:20.053,7242.0000,92086,-12,0.0000,12.0000,0,12,双平,S,7242.0000,0.0000,0.0000,0.0000,0.0000,7246.0000,0.0000,0.0000,0.0000,0.0000,1,0,0,0,0,7,0,0,0,0
zc,TA301,2012-06-06 09:01:21.553,7242.0000,92082,-4,0.0000,4.0000,0,4,双平,S,7242.0000,0.0000,0.0000,0.0000,0.0000,7246.0000,0.0000,0.0000,0.0000,0.0000,3,0,0,0,0,9,0,0,0,0
zc,TA301,2012-06-06 09:01:22.007,7244.0000,92072,-10,0.0000,18.0000,4,14,空平,B,7244.0000,0.0000,0.0000,0.0000,0.0000,7246.0000,0.0000,0.0000,0.0000,0.0000,2,0,0,0,0,5,0,0,0,0
zc,TA301,2012-06-06 09:01:22.787,7246.0000,92066,-6,0.0000,10.0000,2,8,空平,B,7246.0000,0.0000,0.0000,0.0000,0.0000,7248.0000,0.0000,0.0000,0.0000,0.0000,4,0,0,0,0,18,0,0,0,0
zc,TA301,2012-06-06 09:01:23.257,7246.0000,92058,-8,0.0000,8.0000,0,8,双平,B,7246.0000,0.0000,0.0000,0.0000,0.0000,7248.0000,0.0000,0.0000,0.0000,0.0000,5,0,0,0,0,18,0,0,0,0
zc,TA301,2012-06-06 09:01:24.007,7248.0000,92050,-8,0.0000,20.0000,6,14,空平,B,7246.0000,0.0000,0.0000,0.0000,0.0000,7248.0000,0.0000,0.0000,0.0000,0.0000,5,0,0,0,0,9,0,0,0,0
zc,TA301,2012-06-06 09:01:24.490,7248.0000,92046,-4,0.0000,18.0000,7,11,空平,B,7248.0000,0.0000,0.0000,0.0000,0.0000,7250.0000,0.0000,0.0000,0.0000,0.0000,13,0,0,0,0,10,0,0,0,0
zc,TA301,2012-06-06 09:01:25.257,7248.0000,92046,0,0.0000,2.0000,1,1,多换,B,7248.0000,0.0000,0.0000,0.0000,0.0000,7250.0000,0.0000,0.0000,0.0000,0.0000,12,0,0,0,0,10,0,0,0,0
zc,TA301,2012-06-06 09:01:25.537,7248.0000,92046,0,0.0000,2.0000,1,1,多换,B,7248.0000,0.0000,0.0000,0.0000,0.0000,7250.0000,0.0000,0.0000,0.0000,0.0000,11,0,0,0,0,10,0,0,0,0
zc,TA301,2012-06-06 09:01:26.320,7250.0000,92056,10,0.0000,24.0000,17,7,多开,B,7250.0000,0.0000,0.0000,0.0000,0.0000,7252.0000,0.0000,0.0000,0.0000,0.0000,20,0,0,0,0,38,0,0,0,0
zc,TA301,2012-06-06 09:01:27.070,7250.0000,92062,6,0.0000,8.0000,7,1,多开,B,7250.0000,0.0000,0.0000,0.0000,0.0000,7252.0000,0.0000,0.0000,0.0000,0.0000,17,0,0,0,0,39,0,0,0,0
zc,TA301,2012-06-06 09:01:27.523,7252.0000,92058,-4,0.0000,12.0000,4,8,空平,B,7250.0000,0.0000,0.0000,0.0000,0.0000,7252.0000,0.0000,0.0000,0.0000,0.0000,15,0,0,0,0,34,0,0,0,0
zc,TA301,2012-06-06 09:01:28.007,7248.0000,92110,52,0.0000,68.0000,60,8,空开,S,7248.0000,0.0000,0.0000,0.0000,0.0000,7250.0000,0.0000,0.0000,0.0000,0.0000,1,0,0,0,0,6,0,0,0,0
zc,TA301,2012-06-06 09:01:28.787,7250.0000,92108,-2,0.0000,4.0000,1,3,空平,B,7246.0000,0.0000,0.0000,0.0000,0.0000,7250.0000,0.0000,0.0000,0.0000,0.0000,3,0,0,0,0,4,0,0,0,0
zc,TA301,2012-06-06 09:01:29.537,7252.0000,92122,14,0.0000,22.0000,18,4,多开,B,7252.0000,0.0000,0.0000,0.0000,0.0000,7254.0000,0.0000,0.0000,0.0000,0.0000,24,0,0,0,0,3,0,0,0,0
zc,TA301,2012-06-06 09:01:30.007,7252.0000,92126,4,0.0000,14.0000,9,5,多开,B,7252.0000,0.0000,0.0000,0.0000,0.0000,7254.0000,0.0000,0.0000,0.0000,0.0000,17,0,0,0,0,3,0,0,0,0
zc,TA301,2012-06-06 09:01:30.710,7252.0000,92126,0,0.0000,4.0000,2,2,多换,B,7252.0000,0.0000,0.0000,0.0000,0.0000,7254.0000,0.0000,0.0000,0.0000,0.0000,15,0,0,0,0,3,0,0,0,0
zc,TA301,2012-06-06 09:01:31.303,7252.0000,92136,10,0.0000,30.0000,20,10,多开,B,7252.0000,0.0000,0.0000,0.0000,0.0000,7256.0000,0.0000,0.0000,0.0000,0.0000,6,0,0,0,0,22,0,0,0,0
zc,TA301,2012-06-06 09:01:32.007,7252.0000,92136,0,0.0000,4.0000,2,2,多换,B,7252.0000,0.0000,0.0000,0.0000,0.0000,7256.0000,0.0000,0.0000,0.0000,0.0000,5,0,0,0,0,24,0,0,0,0
zc,TA301,2012-06-06 09:01:32.553,7250.0000,92136,0,0.0000,18.0000,9,9,空换,S,7250.0000,0.0000,0.0000,0.0000,0.0000,7252.0000,0.0000,0.0000,0.0000,0.0000,9,0,0,0,0,4,0,0,0,0
zc,TA301,2012-06-06 09:01:33.240,7252.0000,92136,0,0.0000,8.0000,4,4,多换,B,7250.0000,0.0000,0.0000,0.0000,0.0000,7252.0000,0.0000,0.0000,0.0000,0.0000,9,0,0,0,0,2,0,0,0,0
zc,TA301,2012-06-06 09:01:33.787,7252.0000,92134,-2,0.0000,2.0000,0,2,双平,B,7250.0000,0.0000,0.0000,0.0000,0.0000,7252.0000,0.0000,0.0000,0.0000,0.0000,9,0,0,0,0,1,0,0,0,0
zc,TA301,2012-06-06 09:01:34.537,7254.0000,92134,0,0.0000,14.0000,7,7,多换,B,7252.0000,0.0000,0.0000,0.0000,0.0000,7254.0000,0.0000,0.0000,0.0000,0.0000,1,0,0,0,0,17,0,0,0,0
zc,TA301,2012-06-06 09:01:35.007,7254.0000,92134,0,0.0000,0.0000,0,0,多换,B,7252.0000,0.0000,0.0000,0.0000,0.0000,7254.0000,0.0000,0.0000,0.0000,0.0000,6,0,0,0,0,17,0,0,0,0
zc,TA301,2012-06-06 09:01:35.773,7252.0000,92132,-2,0.0000,18.0000,8,10,多平,S,7252.0000,0.0000,0.0000,0.0000,0.0000,7254.0000,0.0000,0.0000,0.0000,0.0000,2,0,0,0,0,13,0,0,0,0
zc,TA301,2012-06-06 09:01:36.287,7252.0000,92118,-14,0.0000,26.0000,6,20,多平,S,7250.0000,0.0000,0.0000,0.0000,0.0000,7252.0000,0.0000,0.0000,0.0000,0.0000,1,0,0,0,0,2,0,0,0,0
zc,TA301,2012-06-06 09:01:37.070,7250.0000,92114,-4,0.0000,8.0000,2,6,多平,S,7248.0000,0.0000,0.0000,0.0000,0.0000,7252.0000,0.0000,0.0000,0.0000,0.0000,1,0,0,0,0,1,0,0,0,0
zc,TA301,2012-06-06 09:01:37.490,7250.0000,92114,0,0.0000,0.0000,0,0,空换,S,7248.0000,0.0000,0.0000,0.0000,0.0000,7252.0000,0.0000,0.0000,0.0000,0.0000,1,0,0,0,0,7,0,0,0,0
zc,TA301,2012-06-06 09:01:38.257,7252.0000,92114,0,0.0000,2.0000,1,1,多换,B,7248.0000,0.0000,0.0000,0.0000,0.0000,7252.0000,0.0000,0.0000,0.0000,0.0000,1,0,0,0,0,6,0,0,0,0
zc,TA301,2012-06-06 09:01:38.820,7248.0000,92112,-2,0.0000,6.0000,2,4,多平,S,7246.0000,0.0000,0.0000,0.0000,0.0000,7252.0000,0.0000,0.0000,0.0000,0.0000,4,0,0,0,0,10,0,0,0,0
zc,TA301,2012-06-06 09:01:39.507,7248.0000,92112,0,0.0000,0.0000,0,0,空换,S,7248.0000,0.0000,0.0000,0.0000,0.0000,7252.0000,0.0000,0.0000,0.0000,0.0000,1,0,0,0,0,11,0,0,0,0
zc,TA301,2012-06-06 09:01:40.007,7248.0000,92112,0,0.0000,0.0000,0,0,空换,S,7246.0000,0.0000,0.0000,0.0000,0.0000,7252.0000,0.0000,0.0000,0.0000,0.0000,4,0,0,0,0,11,0,0,0,0
zc,TA301,2012-06-06 09:01:40.507,7248.0000,92110,-2,0.0000,8.0000,3,5,多平,S,7246.0000,0.0000,0.0000,0.0000,0.0000,7248.0000,0.0000,0.0000,0.0000,0.0000,2,0,0,0,0,1,0,0,0,0
zc,TA301,2012-06-06 09:01:41.287,7250.0000,92114,4,0.0000,4.0000,4,0,双开,B,7246.0000,0.0000,0.0000,0.0000,0.0000,7252.0000,0.0000,0.0000,0.0000,0.0000,5,0,0,0,0,12,0,0,0,0
zc,TA301,2012-06-06 09:01:42.007,7246.0000,92114,0,0.0000,6.0000,3,3,空换,S,7244.0000,0.0000,0.0000,0.0000,0.0000,7250.0000,0.0000,0.0000,0.0000,0.0000,16,0,0,0,0,1,0,0,0,0
zc,TA301,2012-06-06 09:01:42.490,7246.0000,92114,0,0.0000,0.0000,0,0,空换,S,7244.0000,0.0000,0.0000,0.0000,0.0000,7250.0000,0.0000,0.0000,0.0000,0.0000,16,0,0,0,0,19,0,0,0,0
zc,TA301,2012-06-06 09:01:43.007,7250.0000,92118,4,0.0000,8.0000,6,2,多开,B,7244.0000,0.0000,0.0000,0.0000,0.0000,7250.0000,0.0000,0.0000,0.0000,0.0000,16,0,0,0,0,19,0,0,0,0
zc,TA301,2012-06-06 09:01:43.757,7250.0000,92118,0,0.0000,0.0000,0,0,多换,B,7244.0000,0.0000,0.0000,0.0000,0.0000,7250.0000,0.0000,0.0000,0.0000,0.0000,16,0,0,0,0,20,0,0,0,0
zc,TA301,2012-06-06 09:01:44.257,7250.0000,92118,0,0.0000,2.0000,1,1,多换,B,7244.0000,0.0000,0.0000,0.0000,0.0000,7250.0000,0.0000,0.0000,0.0000,0.0000,16,0,0,0,0,20,0,0,0,0
zc,TA301,2012-06-06 09:01:45.037,7244.0000,92118,0,0.0000,2.0000,1,1,空换,S,7244.0000,0.0000,0.0000,0.0000,0.0000,7250.0000,0.0000,0.0000,0.0000,0.0000,7,0,0,0,0,20,0,0,0,0
zc,TA301,2012-06-06 09:01:45.507,7244.0000,92118,0,0.0000,0.0000,0,0,空换,S,7246.0000,0.0000,0.0000,0.0000,0.0000,7250.0000,0.0000,0.0000,0.0000,0.0000,8,0,0,0,0,19,0,0,0,0
zc,TA301,2012-06-06 09:01:46.303,7244.0000,92118,0,0.0000,0.0000,0,0,空换,S,7244.0000,0.0000,0.0000,0.0000,0.0000,7246.0000,0.0000,0.0000,0.0000,0.0000,7,0,0,0,0,1,0,0,0,0
zc,TA301,2012-06-06 09:01:46.757,7244.0000,92118,0,0.0000,0.0000,0,0,空换,S,7244.0000,0.0000,0.0000,0.0000,0.0000,7248.0000,0.0000,0.0000,0.0000,0.0000,8,0,0,0,0,1,0,0,0,0
zc,TA301,2012-06-06 09:01:47.507,7244.0000,92118,0,0.0000,16.0000,8,8,空换,S,7242.0000,0.0000,0.0000,0.0000,0.0000,7244.0000,0.0000,0.0000,0.0000,0.0000,16,0,0,0,0,12,0,0,0,0
zc,TA301,2012-06-06 09:01:48.490,7244.0000,92110,-8,0.0000,24.0000,8,16,多平,S,7242.0000,0.0000,0.0000,0.0000,0.0000,7246.0000,0.0000,0.0000,0.0000,0.0000,16,0,0,0,0,1,0,0,0,0
zc,TA301,2012-06-06 09:01:48.990,7248.0000,92112,2,0.0000,14.0000,8,6,多开,B,7242.0000,0.0000,0.0000,0.0000,0.0000,7248.0000,0.0000,0.0000,0.0000,0.0000,11,0,0,0,0,9,0,0,0,0
zc,TA301,2012-06-06 09:01:49.820,7248.0000,92110,-2,0.0000,2.0000,0,2,双平,B,7246.0000,0.0000,0.0000,0.0000,0.0000,7248.0000,0.0000,0.0000,0.0000,0.0000,2,0,0,0,0,7,0,0,0,0
zc,TA301,2012-06-06 09:01:50.490,7244.0000,92104,-6,0.0000,14.0000,4,10,多平,S,7244.0000,0.0000,0.0000,0.0000,0.0000,7246.0000,0.0000,0.0000,0.0000,0.0000,7,0,0,0,0,1,0,0,0,0
zc,TA301,2012-06-06 09:01:50.727,7246.0000,92104,0,0.0000,2.0000,1,1,多换,B,7244.0000,0.0000,0.0000,0.0000,0.0000,7246.0000,0.0000,0.0000,0.0000,0.0000,7,0,0,0,0,2,0,0,0,0
zc,TA301,2012-06-06 09:01:51.507,7246.0000,92104,0,0.0000,8.0000,4,4,多换,B,7244.0000,0.0000,0.0000,0.0000,0.0000,7246.0000,0.0000,0.0000,0.0000,0.0000,7,0,0,0,0,2,0,0,0,0
zc,TA301,2012-06-06 09:01:51.977,7246.0000,92140,36,0.0000,40.0000,38,2,多开,B,7244.0000,0.0000,0.0000,0.0000,0.0000,7246.0000,0.0000,0.0000,0.0000,0.0000,7,0,0,0,0,3,0,0,0,0
zc,TA301,2012-06-06 09:01:52.727,7244.0000,92138,-2,0.0000,10.0000,4,6,多平,S,7244.0000,0.0000,0.0000,0.0000,0.0000,7246.0000,0.0000,0.0000,0.0000,0.0000,7,0,0,0,0,3,0,0,0,0
zc,TA301,2012-06-06 09:01:52.977,7244.0000,92134,-4,0.0000,4.0000,0,4,双平,S,7244.0000,0.0000,0.0000,0.0000,0.0000,7246.0000,0.0000,0.0000,0.0000,0.0000,5,0,0,0,0,3,0,0,0,0
zc,TA301,2012-06-06 09:01:53.697,7244.0000,92130,-4,0.0000,4.0000,0,4,双平,S,7244.0000,0.0000,0.0000,0.0000,0.0000,7246.0000,0.0000,0.0000,0.0000,0.0000,4,0,0,0,0,11,0,0,0,0
zc,TA301,2012-06-06 09:01:54.210,7242.0000,92132,2,0.0000,14.0000,8,6,空开,S,7240.0000,0.0000,0.0000,0.0000,0.0000,7242.0000,0.0000,0.0000,0.0000,0.0000,101,0,0,0,0,3,0,0,0,0
zc,TA301,2012-06-06 09:01:55.007,7242.0000,92132,0,0.0000,0.0000,0,0,空换,S,7240.0000,0.0000,0.0000,0.0000,0.0000,7242.0000,0.0000,0.0000,0.0000,0.0000,96,0,0,0,0,3,0,0,0,0
zc,TA301,2012-06-06 09:01:55.523,7242.0000,92134,2,0.0000,2.0000,2,0,双开,S,7240.0000,0.0000,0.0000,0.0000,0.0000,7242.0000,0.0000,0.0000,0.0000,0.0000,101,0,0,0,0,2,0,0,0,0
zc,TA301,2012-06-06 09:01:56.037,7242.0000,92134,0,0.0000,0.0000,0,0,空换,S,7240.0000,0.0000,0.0000,0.0000,0.0000,7242.0000,0.0000,0.0000,0.0000,0.0000,100,0,0,0,0,2,0,0,0,0
zc,TA301,2012-06-06 09:01:57.007,7242.0000,92136,2,0.0000,2.0000,2,0,双开,S,7240.0000,0.0000,0.0000,0.0000,0.0000,7242.0000,0.0000,0.0000,0.0000,0.0000,100,0,0,0,0,1,0,0,0,0
zc,TA301,2012-06-06 09:01:57.273,7242.0000,92136,0,0.0000,2.0000,1,1,空换,S,7242.0000,0.0000,0.0000,0.0000,0.0000,7246.0000,0.0000,0.0000,0.0000,0.0000,1,0,0,0,0,13,0,0,0,0
zc,TA301,2012-06-06 09:01:57.990,7246.0000,92138,2,0.0000,12.0000,7,5,多开,B,7240.0000,0.0000,0.0000,0.0000,0.0000,7246.0000,0.0000,0.0000,0.0000,0.0000,96,0,0,0,0,12,0,0,0,0
zc,TA301,2012-06-06 09:01:58.523,7246.0000,92138,0,0.0000,0.0000,0,0,多换,B,7242.0000,0.0000,0.0000,0.0000,0.0000,7246.0000,0.0000,0.0000,0.0000,0.0000,8,0,0,0,0,11,0,0,0,0
zc,TA301,2012-06-06 09:01:59.240,7246.0000,92138,0,0.0000,0.0000,0,0,多换,B,7242.0000,0.0000,0.0000,0.0000,0.0000,7246.0000,0.0000,0.0000,0.0000,0.0000,12,0,0,0,0,13,0,0,0,0
zc,TA301,2012-06-06 09:02:00.257,7246.0000,92136,-2,0.0000,4.0000,1,3,空平,B,7244.0000,0.0000,0.0000,0.0000,0.0000,7246.0000,0.0000,0.0000,0.0000,0.0000,7,0,0,0,0,12,0,0,0,0
zc,TA301,2012-06-06 09:02:01.023,7246.0000,92120,-16,0.0000,24.0000,4,20,空平,B,7246.0000,0.0000,0.0000,0.0000,0.0000,7248.0000,0.0000,0.0000,0.0000,0.0000,1,0,0,0,0,9,0,0,0,0
zc,TA301,2012-06-06 09:02:01.570,7246.0000,92120,0,0.0000,4.0000,2,2,多换,B,7244.0000,0.0000,0.0000,0.0000,0.0000,7246.0000,0.0000,0.0000,0.0000,0.0000,3,0,0,0,0,1,0,0,0,0
zc,TA301,2012-06-06 09:02:02.240,7246.0000,92120,0,0.0000,0.0000,0,0,多换,B,7244.0000,0.0000,0.0000,0.0000,0.0000,7246.0000,0.0000,0.0000,0.0000,0.0000,9,0,0,0,0,1,0,0,0,0
zc,TA301,2012-06-06 09:02:02.773,7246.0000,92120,0,0.0000,0.0000,0,0,多换,B,7244.0000,0.0000,0.0000,0.0000,0.0000,7246.0000,0.0000,0.0000,0.0000,0.0000,8,0,0,0,0,1,0,0,0,0
zc,TA301,2012-06-06 09:02:03.490,7246.0000,92116,-4,0.0000,6.0000,1,5,空平,B,7246.0000,0.0000,0.0000,0.0000,0.0000,7248.0000,0.0000,0.0000,0.0000,0.0000,2,0,0,0,0,10,0,0,0,0
zc,TA301,2012-06-06 09:02:03.697,7246.0000,92114,-2,0.0000,2.0000,0,2,双平,B,7246.0000,0.0000,0.0000,0.0000,0.0000,7248.0000,0.0000,0.0000,0.0000,0.0000,1,0,0,0,0,10,0,0,0,0
zc,TA301,2012-06-06 09:02:04.523,7246.0000,92114,0,0.0000,0.0000,0,0,多换,B,7246.0000,0.0000,0.0000,0.0000,0.0000,7248.0000,0.0000,0.0000,0.0000,0.0000,2,0,0,0,0,9,0,0,0,0
zc,TA301,2012-06-06 09:02:04.947,7246.0000,92112,-2,0.0000,2.0000,0,2,双平,B,7246.0000,0.0000,0.0000,0.0000,0.0000,7248.0000,0.0000,0.0000,0.0000,0.0000,1,0,0,0,0,9,0,0,0,0
zc,TA301,2012-06-06 09:02:05.757,7246.0000,92112,0,0.0000,0.0000,0,0,多换,B,7244.0000,0.0000,0.0000,0.0000,0.0000,7246.0000,0.0000,0.0000,0.0000,0.0000,8,0,0,0,0,3,0,0,0,0
zc,TA301,2012-06-06 09:02:06.240,7246.0000,92112,0,0.0000,22.0000,11,11,多换,B,7244.0000,0.0000,0.0000,0.0000,0.0000,7246.0000,0.0000,0.0000,0.0000,0.0000,8,0,0,0,0,9,0,0,0,0
zc,TA301,2012-06-06 09:02:06.990,7246.0000,92112,0,0.0000,4.0000,2,2,多换,B,7244.0000,0.0000,0.0000,0.0000,0.0000,7246.0000,0.0000,0.0000,0.0000,0.0000,8,0,0,0,0,7,0,0,0,0
zc,TA301,2012-06-06 09:02:07.553,7246.0000,92110,-2,0.0000,16.0000,7,9,空平,B,7244.0000,0.0000,0.0000,0.0000,0.0000,7248.0000,0.0000,0.0000,0.0000,0.0000,7,0,0,0,0,11,0,0,0,0
zc,TA301,2012-06-06 09:02:08.727,7246.0000,92110,0,0.0000,0.0000,0,0,多换,B,7246.0000,0.0000,0.0000,0.0000,0.0000,7248.0000,0.0000,0.0000,0.0000,0.0000,5,0,0,0,0,11,0,0,0,0
zc,TA301,2012-06-06 09:02:09.210,7246.0000,92110,0,0.0000,2.0000,1,1,多换,B,7246.0000,0.0000,0.0000,0.0000,0.0000,7248.0000,0.0000,0.0000,0.0000,0.0000,4,0,0,0,0,11,0,0,0,0
zc,TA301,2012-06-06 09:02:10.007,7246.0000,92120,10,0.0000,10.0000,10,0,双开,B,7246.0000,0.0000,0.0000,0.0000,0.0000,7248.0000,0.0000,0.0000,0.0000,0.0000,4,0,0,0,0,11,0,0,0,0
zc,TA301,2012-06-06 09:02:10.507,7246.0000,92120,0,0.0000,8.0000,4,4,多换,B,7244.0000,0.0000,0.0000,0.0000,0.0000,7248.0000,0.0000,0.0000,0.0000,0.0000,6,0,0,0,0,11,0,0,0,0
zc,TA301,2012-06-06 09:02:11.007,7244.0000,92120,0,0.0000,12.0000,6,6,空换,S,7242.0000,0.0000,0.0000,0.0000,0.0000,7244.0000,0.0000,0.0000,0.0000,0.0000,26,0,0,0,0,3,0,0,0,0
zc,TA301,2012-06-06 09:02:11.490,7248.0000,92116,-4,0.0000,22.0000,9,13,空平,B,7244.0000,0.0000,0.0000,0.0000,0.0000,7246.0000,0.0000,0.0000,0.0000,0.0000,1,0,0,0,0,1,0,0,0,0
zc,TA301,2012-06-06 09:02:12.257,7248.0000,92116,0,0.0000,0.0000,0,0,多换,B,7242.0000,0.0000,0.0000,0.0000,0.0000,7246.0000,0.0000,0.0000,0.0000,0.0000,25,0,0,0,0,2,0,0,0,0
zc,TA301,2012-06-06 09:02:12.740,7248.0000,92116,0,0.0000,0.0000,0,0,多换,B,7244.0000,0.0000,0.0000,0.0000,0.0000,7246.0000,0.0000,0.0000,0.0000,0.0000,1,0,0,0,0,2,0,0,0,0
zc,TA301,2012-06-06 09:02:13.523,7244.0000,92118,2,0.0000,4.0000,3,1,空开,S,7242.0000,0.0000,0.0000,0.0000,0.0000,7244.0000,0.0000,0.0000,0.0000,0.0000,26,0,0,0,0,2,0,0,0,0
zc,TA301,2012-06-06 09:02:14.773,7244.0000,92160,42,0.0000,42.0000,42,0,双开,S,7242.0000,0.0000,0.0000,0.0000,0.0000,7244.0000,0.0000,0.0000,0.0000,0.0000,25,0,0,0,0,21,0,0,0,0
zc,TA301,2012-06-06 09:02:15.240,7244.0000,92208,48,0.0000,70.0000,59,11,空开,S,7242.0000,0.0000,0.0000,0.0000,0.0000,7244.0000,0.0000,0.0000,0.0000,0.0000,10,0,0,0,0,5,0,0,0,0
zc,TA301,2012-06-06 09:02:16.053,7242.0000,92202,-6,0.0000,22.0000,8,14,多平,S,7240.0000,0.0000,0.0000,0.0000,0.0000,7242.0000,0.0000,0.0000,0.0000,0.0000,91,0,0,0,0,5,0,0,0,0
zc,TA301,2012-06-06 09:02:16.757,7242.0000,92206,4,0.0000,4.0000,4,0,双开,S,7240.0000,0.0000,0.0000,0.0000,0.0000,7242.0000,0.0000,0.0000,0.0000,0.0000,91,0,0,0,0,3,0,0,0,0
zc,TA301,2012-06-06 09:02:17.337,7242.0000,92340,134,0.0000,168.0000,151,17,空开,S,7242.0000,0.0000,0.0000,0.0000,0.0000,7244.0000,0.0000,0.0000,0.0000,0.0000,22,0,0,0,0,8,0,0,0,0
zc,TA301,2012-06-06 09:02:18.023,7242.0000,92354,14,0.0000,24.0000,19,5,空开,S,7242.0000,0.0000,0.0000,0.0000,0.0000,7244.0000,0.0000,0.0000,0.0000,0.0000,14,0,0,0,0,10,0,0,0,0
zc,TA301,2012-06-06 09:02:18.460,7242.0000,92376,22,0.0000,34.0000,28,6,空开,S,7240.0000,0.0000,0.0000,0.0000,0.0000,7244.0000,0.0000,0.0000,0.0000,0.0000,27,0,0,0,0,3,0,0,0,0
zc,TA301,2012-06-06 09:02:19.287,7244.0000,92376,0,0.0000,2.0000,1,1,多换,B,7240.0000,0.0000,0.0000,0.0000,0.0000,7246.0000,0.0000,0.0000,0.0000,0.0000,30,0,0,0,0,4,0,0,0,0
zc,TA301,2012-06-06 09:02:19.757,7244.0000,92376,0,0.0000,0.0000,0,0,多换,B,7242.0000,0.0000,0.0000,0.0000,0.0000,7246.0000,0.0000,0.0000,0.0000,0.0000,2,0,0,0,0,4,0,0,0,0
zc,TA301,2012-06-06 09:02:20.507,7242.0000,92376,0,0.0000,2.0000,1,1,空换,S,7242.0000,0.0000,0.0000,0.0000,0.0000,7246.0000,0.0000,0.0000,0.0000,0.0000,1,0,0,0,0,4,0,0,0,0
zc,TA301,2012-06-06 09:02:20.990,7242.0000,92376,0,0.0000,0.0000,0,0,空换,S,7242.0000,0.0000,0.0000,0.0000,0.0000,7246.0000,0.0000,0.0000,0.0000,0.0000,1,0,0,0,0,6,0,0,0,0
zc,TA301,2012-06-06 09:02:21.740,7242.0000,92376,0,0.0000,0.0000,0,0,空换,S,7242.0000,0.0000,0.0000,0.0000,0.0000,7246.0000,0.0000,0.0000,0.0000,0.0000,3,0,0,0,0,6,0,0,0,0
zc,TA301,2012-06-06 09:02:22.007,7242.0000,92376,0,0.0000,0.0000,0,0,空换,S,7242.0000,0.0000,0.0000,0.0000,0.0000,7244.0000,0.0000,0.0000,0.0000,0.0000,3,0,0,0,0,1,0,0,0,0
zc,TA301,2012-06-06 09:02:22.787,7242.0000,92376,0,0.0000,2.0000,1,1,空换,S,7242.0000,0.0000,0.0000,0.0000,0.0000,7244.0000,0.0000,0.0000,0.0000,0.0000,2,0,0,0,0,3,0,0,0,0
zc,TA301,2012-06-06 09:02:24.007,7242.0000,92376,0,0.0000,4.0000,2,2,空换,S,7240.0000,0.0000,0.0000,0.0000,0.0000,7242.0000,0.0000,0.0000,0.0000,0.0000,28,0,0,0,0,13,0,0,0,0
zc,TA301,2012-06-06 09:02:24.537,7242.0000,92376,0,0.0000,0.0000,0,0,空换,S,7240.0000,0.0000,0.0000,0.0000,0.0000,7242.0000,0.0000,0.0000,0.0000,0.0000,27,0,0,0,0,25,0,0,0,0
zc,TA301,2012-06-06 09:02:25.257,7242.0000,92396,20,0.0000,30.0000,25,5,空开,S,7240.0000,0.0000,0.0000,0.0000,0.0000,7242.0000,0.0000,0.0000,0.0000,0.0000,22,0,0,0,0,29,0,0,0,0
zc,TA301,2012-06-06 09:02:26.007,7240.0000,92400,4,0.0000,4.0000,4,0,双开,S,7240.0000,0.0000,0.0000,0.0000,0.0000,7242.0000,0.0000,0.0000,0.0000,0.0000,22,0,0,0,0,28,0,0,0,0
zc,TA301,2012-06-06 09:02:27.287,7236.0000,92450,50,0.0000,58.0000,54,4,空开,S,7236.0000,0.0000,0.0000,0.0000,0.0000,7240.0000,0.0000,0.0000,0.0000,0.0000,23,0,0,0,0,7,0,0,0,0
zc,TA301,2012-06-06 09:02:27.990,7236.0000,92450,0,0.0000,0.0000,0,0,空换,S,7236.0000,0.0000,0.0000,0.0000,0.0000,7240.0000,0.0000,0.0000,0.0000,0.0000,23,0,0,0,0,17,0,0,0,0
zc,TA301,2012-06-06 09:02:28.773,7236.0000,92450,0,0.0000,4.0000,2,2,空换,S,7236.0000,0.0000,0.0000,0.0000,0.0000,7238.0000,0.0000,0.0000,0.0000,0.0000,21,0,0,0,0,2,0,0,0,0
zc,TA301,2012-06-06 09:02:29.507,7238.0000,92452,2,0.0000,2.0000,2,0,双开,B,7236.0000,0.0000,0.0000,0.0000,0.0000,7238.0000,0.0000,0.0000,0.0000,0.0000,21,0,0,0,0,1,0,0,0,0
zc,TA301,2012-06-06 09:02:29.757,7238.0000,92452,0,0.0000,2.0000,1,1,多换,B,7236.0000,0.0000,0.0000,0.0000,0.0000,7240.0000,0.0000,0.0000,0.0000,0.0000,21,0,0,0,0,29,0,0,0,0
zc,TA301,2012-06-06 09:02:30.537,7236.0000,92452,0,0.0000,12.0000,6,6,空换,S,7236.0000,0.0000,0.0000,0.0000,0.0000,7238.0000,0.0000,0.0000,0.0000,0.0000,15,0,0,0,0,144,0,0,0,0
zc,TA301,2012-06-06 09:02:30.960,7238.0000,92464,12,0.0000,76.0000,44,32,多开,B,7236.0000,0.0000,0.0000,0.0000,0.0000,7238.0000,0.0000,0.0000,0.0000,0.0000,11,0,0,0,0,84,0,0,0,0
zc,TA301,2012-06-06 09:02:31.727,7236.0000,92468,4,0.0000,10.0000,7,3,空开,S,7236.0000,0.0000,0.0000,0.0000,0.0000,7238.0000,0.0000,0.0000,0.0000,0.0000,6,0,0,0,0,118,0,0,0,0
zc,TA301,2012-06-06 09:02:32.507,7236.0000,92480,12,0.0000,14.0000,13,1,空开,S,7236.0000,0.0000,0.0000,0.0000,0.0000,7238.0000,0.0000,0.0000,0.0000,0.0000,1,0,0,0,0,24,0,0,0,0
zc,TA301,2012-06-06 09:02:32.990,7236.0000,92480,0,0.0000,0.0000,0,0,空换,S,7236.0000,0.0000,0.0000,0.0000,0.0000,7240.0000,0.0000,0.0000,0.0000,0.0000,1,0,0,0,0,37,0,0,0,0
zc,TA301,2012-06-06 09:02:33.773,7236.0000,92484,4,0.0000,4.0000,4,0,双开,S,7238.0000,0.0000,0.0000,0.0000,0.0000,7240.0000,0.0000,0.0000,0.0000,0.0000,1,0,0,0,0,19,0,0,0,0
zc,TA301,2012-06-06 09:02:34.273,7236.0000,92484,0,0.0000,2.0000,1,1,空换,S,7238.0000,0.0000,0.0000,0.0000,0.0000,7240.0000,0.0000,0.0000,0.0000,0.0000,1,0,0,0,0,68,0,0,0,0
zc,TA301,2012-06-06 09:02:35.053,7238.0000,92482,-2,0.0000,2.0000,0,2,双平,B,7236.0000,0.0000,0.0000,0.0000,0.0000,7238.0000,0.0000,0.0000,0.0000,0.0000,1,0,0,0,0,1,0,0,0,0
zc,TA301,2012-06-06 09:02:35.553,7236.0000,92482,0,0.0000,2.0000,1,1,空换,S,7234.0000,0.0000,0.0000,0.0000,0.0000,7236.0000,0.0000,0.0000,0.0000,0.0000,10,0,0,0,0,1,0,0,0,0
zc,TA301,2012-06-06 09:02:36.240,7236.0000,92480,-2,0.0000,2.0000,0,2,双平,S,7236.0000,0.0000,0.0000,0.0000,0.0000,7238.0000,0.0000,0.0000,0.0000,0.0000,16,0,0,0,0,1,0,0,0,0
zc,TA301,2012-06-06 09:02:36.740,7236.0000,92480,0,0.0000,0.0000,0,0,空换,S,7236.0000,0.0000,0.0000,0.0000,0.0000,7238.0000,0.0000,0.0000,0.0000,0.0000,16,0,0,0,0,11,0,0,0,0
zc,TA301,2012-06-06 09:02:37.523,7236.0000,92474,-6,0.0000,6.0000,0,6,双平,S,7236.0000,0.0000,0.0000,0.0000,0.0000,7238.0000,0.0000,0.0000,0.0000,0.0000,13,0,0,0,0,11,0,0,0,0
zc,TA301,2012-06-06 09:02:37.773,7238.0000,92474,0,0.0000,2.0000,1,1,多换,B,7236.0000,0.0000,0.0000,0.0000,0.0000,7238.0000,0.0000,0.0000,0.0000,0.0000,1,0,0,0,0,10,0,0,0,0
zc,TA301,2012-06-06 09:02:38.773,7236.0000,92480,6,0.0000,6.0000,6,0,双开,S,7234.0000,0.0000,0.0000,0.0000,0.0000,7236.0000,0.0000,0.0000,0.0000,0.0000,5,0,0,0,0,7,0,0,0,0
zc,TA301,2012-06-06 09:02:38.990,7236.0000,92478,-2,0.0000,2.0000,0,2,双平,S,7234.0000,0.0000,0.0000,0.0000,0.0000,7236.0000,0.0000,0.0000,0.0000,0.0000,5,0,0,0,0,1,0,0,0,0
zc,TA301,2012-06-06 09:02:39.773,7236.0000,92478,0,0.0000,0.0000,0,0,空换,S,7234.0000,0.0000,0.0000,0.0000,0.0000,7236.0000,0.0000,0.0000,0.0000,0.0000,5,0,0,0,0,8,0,0,0,0
zc,TA301,2012-06-06 09:02:40.227,7236.0000,92478,0,0.0000,0.0000,0,0,空换,S,7234.0000,0.0000,0.0000,0.0000,0.0000,7236.0000,0.0000,0.0000,0.0000,0.0000,5,0,0,0,0,9,0,0,0,0
zc,TA301,2012-06-06 09:02:40.990,7236.0000,92480,2,0.0000,2.0000,2,0,双开,S,7234.0000,0.0000,0.0000,0.0000,0.0000,7236.0000,0.0000,0.0000,0.0000,0.0000,5,0,0,0,0,8,0,0,0,0
zc,TA301,2012-06-06 09:02:41.740,7236.0000,92480,0,0.0000,0.0000,0,0,空换,S,7234.0000,0.0000,0.0000,0.0000,0.0000,7236.0000,0.0000,0.0000,0.0000,0.0000,5,0,0,0,0,13,0,0,0,0
zc,TA301,2012-06-06 09:02:42.273,7236.0000,92432,-48,0.0000,80.0000,16,64,多平,S,7234.0000,0.0000,0.0000,0.0000,0.0000,7236.0000,0.0000,0.0000,0.0000,0.0000,5,0,0,0,0,4,0,0,0,0
zc,TA301,2012-06-06 09:02:43.007,7236.0000,92432,0,0.0000,0.0000,0,0,空换,S,7234.0000,0.0000,0.0000,0.0000,0.0000,7236.0000,0.0000,0.0000,0.0000,0.0000,5,0,0,0,0,5,0,0,0,0
zc,TA301,2012-06-06 09:02:43.273,7234.0000,92436,4,0.0000,10.0000,7,3,空开,S,7232.0000,0.0000,0.0000,0.0000,0.0000,7236.0000,0.0000,0.0000,0.0000,0.0000,15,0,0,0,0,5,0,0,0,0
zc,TA301,2012-06-06 09:02:44.007,7236.0000,92436,0,0.0000,2.0000,1,1,多换,B,7234.0000,0.0000,0.0000,0.0000,0.0000,7236.0000,0.0000,0.0000,0.0000,0.0000,15,0,0,0,0,4,0,0,0,0
zc,TA301,2012-06-06 09:02:44.507,7236.0000,92436,0,0.0000,6.0000,3,3,多换,B,7234.0000,0.0000,0.0000,0.0000,0.0000,7236.0000,0.0000,0.0000,0.0000,0.0000,15,0,0,0,0,1,0,0,0,0
zc,TA301,2012-06-06 09:02:45.287,7236.0000,92434,-2,0.0000,2.0000,0,2,双平,B,7236.0000,0.0000,0.0000,0.0000,0.0000,7238.0000,0.0000,0.0000,0.0000,0.0000,2,0,0,0,0,4,0,0,0,0
zc,TA301,2012-06-06 09:02:45.773,7238.0000,92414,-20,0.0000,24.0000,2,22,空平,B,7236.0000,0.0000,0.0000,0.0000,0.0000,7240.0000,0.0000,0.0000,0.0000,0.0000,4,0,0,0,0,259,0,0,0,0
zc,TA301,2012-06-06 09:02:46.490,7238.0000,92414,0,0.0000,0.0000,0,0,多换,B,7236.0000,0.0000,0.0000,0.0000,0.0000,7240.0000,0.0000,0.0000,0.0000,0.0000,29,0,0,0,0,158,0,0,0,0
zc,TA301,2012-06-06 09:02:47.007,7236.0000,92414,0,0.0000,2.0000,1,1,空换,S,7236.0000,0.0000,0.0000,0.0000,0.0000,7240.0000,0.0000,0.0000,0.0000,0.0000,28,0,0,0,0,57,0,0,0,0
zc,TA301,2012-06-06 09:02:47.787,7236.0000,92414,0,0.0000,0.0000,0,0,空换,S,7236.0000,0.0000,0.0000,0.0000,0.0000,7240.0000,0.0000,0.0000,0.0000,0.0000,28,0,0,0,0,38,0,0,0,0
zc,TA301,2012-06-06 09:02:48.240,7236.0000,92412,-2,0.0000,2.0000,0,2,双平,S,7236.0000,0.0000,0.0000,0.0000,0.0000,7240.0000,0.0000,0.0000,0.0000,0.0000,27,0,0,0,0,38,0,0,0,0
zc,TA301,2012-06-06 09:02:48.990,7240.0000,92396,-16,0.0000,30.0000,7,23,空平,B,7236.0000,0.0000,0.0000,0.0000,0.0000,7240.0000,0.0000,0.0000,0.0000,0.0000,27,0,0,0,0,23,0,0,0,0
zc,TA301,2012-06-06 09:02:49.507,7236.0000,92396,0,0.0000,20.0000,10,10,空换,S,7236.0000,0.0000,0.0000,0.0000,0.0000,7240.0000,0.0000,0.0000,0.0000,0.0000,17,0,0,0,0,23,0,0,0,0
zc,TA301,2012-06-06 09:02:50.023,7240.0000,92396,0,0.0000,8.0000,4,4,多换,B,7236.0000,0.0000,0.0000,0.0000,0.0000,7240.0000,0.0000,0.0000,0.0000,0.0000,19,0,0,0,0,22,0,0,0,0
zc,TA301,2012-06-06 09:02:50.757,7240.0000,92376,-20,0.0000,40.0000,10,30,空平,B,7236.0000,0.0000,0.0000,0.0000,0.0000,7240.0000,0.0000,0.0000,0.0000,0.0000,20,0,0,0,0,2,0,0,0,0
zc,TA301,2012-06-06 09:02:52.007,7240.0000,92372,-4,0.0000,4.0000,0,4,双平,B,7238.0000,0.0000,0.0000,0.0000,0.0000,7242.0000,0.0000,0.0000,0.0000,0.0000,3,0,0,0,0,25,0,0,0,0
zc,TA301,2012-06-06 09:02:53.257,7240.0000,92372,0,0.0000,0.0000,0,0,多换,B,7236.0000,0.0000,0.0000,0.0000,0.0000,7242.0000,0.0000,0.0000,0.0000,0.0000,22,0,0,0,0,29,0,0,0,0
zc,TA301,2012-06-06 09:02:54.257,7240.0000,92372,0,0.0000,0.0000,0,0,多换,B,7236.0000,0.0000,0.0000,0.0000,0.0000,7242.0000,0.0000,0.0000,0.0000,0.0000,24,0,0,0,0,29,0,0,0,0
zc,TA301,2012-06-06 09:02:54.740,7240.0000,92372,0,0.0000,0.0000,0,0,多换,B,7236.0000,0.0000,0.0000,0.0000,0.0000,7240.0000,0.0000,0.0000,0.0000,0.0000,22,0,0,0,0,4,0,0,0,0
zc,TA301,2012-06-06 09:02:56.070,7240.0000,92372,0,0.0000,0.0000,0,0,多换,B,7236.0000,0.0000,0.0000,0.0000,0.0000,7238.0000,0.0000,0.0000,0.0000,0.0000,24,0,0,0,0,4,0,0,0,0
zc,TA301,2012-06-06 09:02:57.240,7240.0000,92372,0,0.0000,0.0000,0,0,多换,B,7236.0000,0.0000,0.0000,0.0000,0.0000,7242.0000,0.0000,0.0000,0.0000,0.0000,28,0,0,0,0,29,0,0,0,0
zc,TA301,2012-06-06 09:02:57.727,7240.0000,92372,0,0.0000,0.0000,0,0,多换,B,7238.0000,0.0000,0.0000,0.0000,0.0000,7242.0000,0.0000,0.0000,0.0000,0.0000,5,0,0,0,0,29,0,0,0,0
zc,TA301,2012-06-06 09:02:58.507,7238.0000,92372,0,0.0000,4.0000,2,2,空换,S,7238.0000,0.0000,0.0000,0.0000,0.0000,7240.0000,0.0000,0.0000,0.0000,0.0000,3,0,0,0,0,3,0,0,0,0
zc,TA301,2012-06-06 09:02:58.977,7238.0000,92372,0,0.0000,2.0000,1,1,空换,S,7238.0000,0.0000,0.0000,0.0000,0.0000,7240.0000,0.0000,0.0000,0.0000,0.0000,2,0,0,0,0,3,0,0,0,0
zc,TA301,2012-06-06 09:02:59.507,7242.0000,92422,50,0.0000,56.0000,53,3,多开,B,7238.0000,0.0000,0.0000,0.0000,0.0000,7240.0000,0.0000,0.0000,0.0000,0.0000,26,0,0,0,0,1,0,0,0,0
zc,TA301,2012-06-06 09:02:59.977,7242.0000,92422,0,0.0000,0.0000,0,0,多换,B,7238.0000,0.0000,0.0000,0.0000,0.0000,7240.0000,0.0000,0.0000,0.0000,0.0000,26,0,0,0,0,12,0,0,0,0
zc,TA301,2012-06-06 09:03:02.257,7240.0000,92424,2,0.0000,2.0000,2,0,双开,S,7238.0000,0.0000,0.0000,0.0000,0.0000,7240.0000,0.0000,0.0000,0.0000,0.0000,46,0,0,0,0,11,0,0,0,0
zc,TA301,2012-06-06 09:03:02.740,7240.0000,92424,0,0.0000,0.0000,0,0,空换,S,7238.0000,0.0000,0.0000,0.0000,0.0000,7240.0000,0.0000,0.0000,0.0000,0.0000,46,0,0,0,0,12,0,0,0,0
zc,TA301,2012-06-06 09:03:03.210,7240.0000,92424,0,0.0000,0.0000,0,0,空换,S,7238.0000,0.0000,0.0000,0.0000,0.0000,7240.0000,0.0000,0.0000,0.0000,0.0000,46,0,0,0,0,14,0,0,0,0
zc,TA301,2012-06-06 09:03:04.490,7240.0000,92428,4,0.0000,4.0000,4,0,双开,S,7238.0000,0.0000,0.0000,0.0000,0.0000,7240.0000,0.0000,0.0000,0.0000,0.0000,46,0,0,0,0,12,0,0,0,0
zc,TA301,2012-06-06 09:03:05.210,7240.0000,92432,4,0.0000,4.0000,4,0,双开,S,7238.0000,0.0000,0.0000,0.0000,0.0000,7240.0000,0.0000,0.0000,0.0000,0.0000,47,0,0,0,0,10,0,0,0,0
zc,TA301,2012-06-06 09:03:05.477,7240.0000,92432,0,0.0000,0.0000,0,0,空换,S,7238.0000,0.0000,0.0000,0.0000,0.0000,7240.0000,0.0000,0.0000,0.0000,0.0000,58,0,0,0,0,10,0,0,0,0
zc,TA301,2012-06-06 09:03:06.257,7240.0000,92450,18,0.0000,22.0000,20,2,空开,S,7240.0000,0.0000,0.0000,0.0000,0.0000,7242.0000,0.0000,0.0000,0.0000,0.0000,19,0,0,0,0,130,0,0,0,0
zc,TA301,2012-06-06 09:03:06.710,7240.0000,92450,0,0.0000,0.0000,0,0,空换,S,7240.0000,0.0000,0.0000,0.0000,0.0000,7242.0000,0.0000,0.0000,0.0000,0.0000,19,0,0,0,0,128,0,0,0,0
zc,TA301,2012-06-06 09:03:07.477,7240.0000,92450,0,0.0000,2.0000,1,1,空换,S,7240.0000,0.0000,0.0000,0.0000,0.0000,7242.0000,0.0000,0.0000,0.0000,0.0000,21,0,0,0,0,96,0,0,0,0
zc,TA301,2012-06-06 09:03:07.960,7240.0000,92488,38,0.0000,42.0000,40,2,空开,S,7238.0000,0.0000,0.0000,0.0000,0.0000,7242.0000,0.0000,0.0000,0.0000,0.0000,78,0,0,0,0,94,0,0,0,0
zc,TA301,2012-06-06 09:03:08.490,7240.0000,92488,0,0.0000,0.0000,0,0,空换,S,7238.0000,0.0000,0.0000,0.0000,0.0000,7240.0000,0.0000,0.0000,0.0000,0.0000,78,0,0,0,0,1,0,0,0,0
zc,TA301,2012-06-06 09:03:09.240,7240.0000,92486,-2,0.0000,2.0000,0,2,双平,S,7240.0000,0.0000,0.0000,0.0000,0.0000,7242.0000,0.0000,0.0000,0.0000,0.0000,9,0,0,0,0,131,0,0,0,0
zc,TA301,2012-06-06 09:03:09.773,7240.0000,92486,0,0.0000,14.0000,7,7,空换,S,7240.0000,0.0000,0.0000,0.0000,0.0000,7242.0000,0.0000,0.0000,0.0000,0.0000,2,0,0,0,0,126,0,0,0,0
zc,TA301,2012-06-06 09:03:10.477,7240.0000,92488,2,0.0000,6.0000,4,2,空开,S,7238.0000,0.0000,0.0000,0.0000,0.0000,7242.0000,0.0000,0.0000,0.0000,0.0000,78,0,0,0,0,113,0,0,0,0
zc,TA301,2012-06-06 09:03:11.007,7240.0000,92488,0,0.0000,0.0000,0,0,空换,S,7238.0000,0.0000,0.0000,0.0000,0.0000,7242.0000,0.0000,0.0000,0.0000,0.0000,78,0,0,0,0,46,0,0,0,0
zc,TA301,2012-06-06 09:03:11.787,7238.0000,92480,-8,0.0000,12.0000,2,10,多平,S,7238.0000,0.0000,0.0000,0.0000,0.0000,7240.0000,0.0000,0.0000,0.0000,0.0000,72,0,0,0,0,1,0,0,0,0
zc,TA301,2012-06-06 09:03:13.490,7238.0000,92480,0,0.0000,0.0000,0,0,空换,S,7238.0000,0.0000,0.0000,0.0000,0.0000,7240.0000,0.0000,0.0000,0.0000,0.0000,76,0,0,0,0,1,0,0,0,0
zc,TA301,2012-06-06 09:03:14.257,7240.0000,92480,0,0.0000,2.0000,1,1,多换,B,7240.0000,0.0000,0.0000,0.0000,0.0000,7242.0000,0.0000,0.0000,0.0000,0.0000,2,0,0,0,0,15,0,0,0,0
zc,TA301,2012-06-06 09:03:14.757,7240.0000,92480,0,0.0000,2.0000,1,1,多换,B,7240.0000,0.0000,0.0000,0.0000,0.0000,7242.0000,0.0000,0.0000,0.0000,0.0000,3,0,0,0,0,15,0,0,0,0
zc,TA301,2012-06-06 09:03:16.273,7242.0000,92480,0,0.0000,8.0000,4,4,多换,B,7240.0000,0.0000,0.0000,0.0000,0.0000,7242.0000,0.0000,0.0000,0.0000,0.0000,2,0,0,0,0,17,0,0,0,0
zc,TA301,2012-06-06 09:03:17.037,7240.0000,92478,-2,0.0000,6.0000,2,4,多平,S,7240.0000,0.0000,0.0000,0.0000,0.0000,7242.0000,0.0000,0.0000,0.0000,0.0000,1,0,0,0,0,17,0,0,0,0
zc,TA301,2012-06-06 09:03:17.490,7240.0000,92478,0,0.0000,0.0000,0,0,空换,S,7240.0000,0.0000,0.0000,0.0000,0.0000,7242.0000,0.0000,0.0000,0.0000,0.0000,1,0,0,0,0,18,0,0,0,0
zc,TA301,2012-06-06 09:03:18.240,7240.0000,92478,0,0.0000,0.0000,0,0,空换,S,7240.0000,0.0000,0.0000,0.0000,0.0000,7242.0000,0.0000,0.0000,0.0000,0.0000,5,0,0,0,0,18,0,0,0,0
zc,TA301,2012-06-06 09:03:18.757,7240.0000,92478,0,0.0000,0.0000,0,0,空换,S,7240.0000,0.0000,0.0000,0.0000,0.0000,7242.0000,0.0000,0.0000,0.0000,0.0000,15,0,0,0,0,18,0,0,0,0
zc,TA301,2012-06-06 09:03:19.460,7242.0000,92472,-6,0.0000,6.0000,0,6,双平,B,7240.0000,0.0000,0.0000,0.0000,0.0000,7242.0000,0.0000,0.0000,0.0000,0.0000,15,0,0,0,0,15,0,0,0,0
zc,TA301,2012-06-06 09:03:20.727,7240.0000,92460,-12,0.0000,62.0000,25,37,多平,S,7240.0000,0.0000,0.0000,0.0000,0.0000,7244.0000,0.0000,0.0000,0.0000,0.0000,4,0,0,0,0,3,0,0,0,0
zc,TA301,2012-06-06 09:03:21.490,7240.0000,92458,-2,0.0000,2.0000,0,2,双平,S,7240.0000,0.0000,0.0000,0.0000,0.0000,7244.0000,0.0000,0.0000,0.0000,0.0000,12,0,0,0,0,3,0,0,0,0
zc,TA301,2012-06-06 09:03:22.257,7240.0000,92458,0,0.0000,0.0000,0,0,空换,S,7242.0000,0.0000,0.0000,0.0000,0.0000,7244.0000,0.0000,0.0000,0.0000,0.0000,1,0,0,0,0,3,0,0,0,0
zc,TA301,2012-06-06 09:03:22.727,7244.0000,92458,0,0.0000,2.0000,1,1,多换,B,7242.0000,0.0000,0.0000,0.0000,0.0000,7244.0000,0.0000,0.0000,0.0000,0.0000,1,0,0,0,0,2,0,0,0,0
zc,TA301,2012-06-06 09:03:24.037,7242.0000,92456,-2,0.0000,2.0000,0,2,双平,S,7240.0000,0.0000,0.0000,0.0000,0.0000,7242.0000,0.0000,0.0000,0.0000,0.0000,13,0,0,0,0,3,0,0,0,0
zc,TA301,2012-06-06 09:03:24.977,7242.0000,92456,0,0.0000,2.0000,1,1,空换,S,7240.0000,0.0000,0.0000,0.0000,0.0000,7242.0000,0.0000,0.0000,0.0000,0.0000,14,0,0,0,0,2,0,0,0,0
zc,TA301,2012-06-06 09:03:25.710,7242.0000,92456,0,0.0000,0.0000,0,0,空换,S,7240.0000,0.0000,0.0000,0.0000,0.0000,7242.0000,0.0000,0.0000,0.0000,0.0000,15,0,0,0,0,2,0,0,0,0
zc,TA301,2012-06-06 09:03:26.227,7242.0000,92456,0,0.0000,0.0000,0,0,空换,S,7240.0000,0.0000,0.0000,0.0000,0.0000,7242.0000,0.0000,0.0000,0.0000,0.0000,16,0,0,0,0,2,0,0,0,0
zc,TA301,2012-06-06 09:03:27.070,7242.0000,92452,-4,0.0000,4.0000,0,4,双平,S,7242.0000,0.0000,0.0000,0.0000,0.0000,7244.0000,0.0000,0.0000,0.0000,0.0000,1,0,0,0,0,2,0,0,0,0
zc,TA301,2012-06-06 09:03:28.210,7242.0000,92454,2,0.0000,2.0000,2,0,双开,S,7242.0000,0.0000,0.0000,0.0000,0.0000,7244.0000,0.0000,0.0000,0.0000,0.0000,1,0,0,0,0,12,0,0,0,0
zc,TA301,2012-06-06 09:03:28.710,7242.0000,92454,0,0.0000,0.0000,0,0,空换,S,7242.0000,0.0000,0.0000,0.0000,0.0000,7244.0000,0.0000,0.0000,0.0000,0.0000,4,0,0,0,0,12,0,0,0,0
zc,TA301,2012-06-06 09:03:29.210,7242.0000,92456,2,0.0000,42.0000,22,20,空开,S,7240.0000,0.0000,0.0000,0.0000,0.0000,7242.0000,0.0000,0.0000,0.0000,0.0000,22,0,0,0,0,20,0,0,0,0
zc,TA301,2012-06-06 09:03:30.053,7242.0000,92458,2,0.0000,40.0000,21,19,空开,S,7242.0000,0.0000,0.0000,0.0000,0.0000,7244.0000,0.0000,0.0000,0.0000,0.0000,1,0,0,0,0,12,0,0,0,0
zc,TA301,2012-06-06 09:03:30.977,7242.0000,92458,0,0.0000,2.0000,1,1,空换,S,7242.0000,0.0000,0.0000,0.0000,0.0000,7244.0000,0.0000,0.0000,0.0000,0.0000,10,0,0,0,0,14,0,0,0,0
zc,TA301,2012-06-06 09:03:31.537,7242.0000,92458,0,0.0000,0.0000,0,0,空换,S,7240.0000,0.0000,0.0000,0.0000,0.0000,7244.0000,0.0000,0.0000,0.0000,0.0000,27,0,0,0,0,14,0,0,0,0
zc,TA301,2012-06-06 09:03:32.990,7242.0000,92460,2,0.0000,2.0000,2,0,双开,S,7240.0000,0.0000,0.0000,0.0000,0.0000,7244.0000,0.0000,0.0000,0.0000,0.0000,27,0,0,0,0,14,0,0,0,0
zc,TA301,2012-06-06 09:03:34.210,7242.0000,92460,0,0.0000,0.0000,0,0,空换,S,7240.0000,0.0000,0.0000,0.0000,0.0000,7244.0000,0.0000,0.0000,0.0000,0.0000,26,0,0,0,0,14,0,0,0,0
zc,TA301,2012-06-06 09:03:35.257,7242.0000,92460,0,0.0000,0.0000,0,0,空换,S,7240.0000,0.0000,0.0000,0.0000,0.0000,7244.0000,0.0000,0.0000,0.0000,0.0000,17,0,0,0,0,19,0,0,0,0
zc,TA301,2012-06-06 09:03:36.523,7242.0000,92460,0,0.0000,0.0000,0,0,空换,S,7240.0000,0.0000,0.0000,0.0000,0.0000,7244.0000,0.0000,0.0000,0.0000,0.0000,17,0,0,0,0,34,0,0,0,0
zc,TA301,2012-06-06 09:03:37.070,7244.0000,92456,-4,0.0000,4.0000,0,4,双平,B,7242.0000,0.0000,0.0000,0.0000,0.0000,7244.0000,0.0000,0.0000,0.0000,0.0000,16,0,0,0,0,32,0,0,0,0
zc,TA301,2012-06-06 09:03:38.257,7244.0000,92456,0,0.0000,0.0000,0,0,多换,B,7242.0000,0.0000,0.0000,0.0000,0.0000,7244.0000,0.0000,0.0000,0.0000,0.0000,17,0,0,0,0,36,0,0,0,0
zc,TA301,2012-06-06 09:03:38.960,7244.0000,92458,2,0.0000,2.0000,2,0,双开,B,7242.0000,0.0000,0.0000,0.0000,0.0000,7244.0000,0.0000,0.0000,0.0000,0.0000,17,0,0,0,0,36,0,0,0,0
zc,TA301,2012-06-06 09:03:39.477,7244.0000,92458,0,0.0000,0.0000,0,0,多换,B,7242.0000,0.0000,0.0000,0.0000,0.0000,7244.0000,0.0000,0.0000,0.0000,0.0000,18,0,0,0,0,36,0,0,0,0
zc,TA301,2012-06-06 09:03:40.240,7242.0000,92426,-32,0.0000,36.0000,2,34,多平,S,7240.0000,0.0000,0.0000,0.0000,0.0000,7242.0000,0.0000,0.0000,0.0000,0.0000,167,0,0,0,0,23,0,0,0,0
zc,TA301,2012-06-06 09:03:40.727,7242.0000,92424,-2,0.0000,2.0000,0,2,双平,S,7240.0000,0.0000,0.0000,0.0000,0.0000,7242.0000,0.0000,0.0000,0.0000,0.0000,167,0,0,0,0,22,0,0,0,0
zc,TA301,2012-06-06 09:03:41.523,7242.0000,92424,0,0.0000,0.0000,0,0,空换,S,7240.0000,0.0000,0.0000,0.0000,0.0000,7242.0000,0.0000,0.0000,0.0000,0.0000,174,0,0,0,0,22,0,0,0,0
zc,TA301,2012-06-06 09:03:41.977,7242.0000,92424,0,0.0000,0.0000,0,0,空换,S,7240.0000,0.0000,0.0000,0.0000,0.0000,7242.0000,0.0000,0.0000,0.0000,0.0000,177,0,0,0,0,22,0,0,0,0
zc,TA301,2012-06-06 09:03:42.740,7242.0000,92418,-6,0.0000,12.0000,3,9,多平,S,7240.0000,0.0000,0.0000,0.0000,0.0000,7242.0000,0.0000,0.0000,0.0000,0.0000,162,0,0,0,0,21,0,0,0,0
zc,TA301,2012-06-06 09:03:43.477,7242.0000,92416,-2,0.0000,2.0000,0,2,双平,S,7240.0000,0.0000,0.0000,0.0000,0.0000,7242.0000,0.0000,0.0000,0.0000,0.0000,172,0,0,0,0,20,0,0,0,0
zc,TA301,2012-06-06 09:03:43.977,7242.0000,92396,-20,0.0000,44.0000,12,32,多平,S,7240.0000,0.0000,0.0000,0.0000,0.0000,7242.0000,0.0000,0.0000,0.0000,0.0000,157,0,0,0,0,18,0,0,0,0
zc,TA301,2012-06-06 09:03:44.523,7242.0000,92386,-10,0.0000,16.0000,3,13,多平,S,7240.0000,0.0000,0.0000,0.0000,0.0000,7242.0000,0.0000,0.0000,0.0000,0.0000,157,0,0,0,0,10,0,0,0,0
zc,TA301,2012-06-06 09:03:44.977,7242.0000,92378,-8,0.0000,8.0000,0,8,双平,S,7240.0000,0.0000,0.0000,0.0000,0.0000,7242.0000,0.0000,0.0000,0.0000,0.0000,157,0,0,0,0,6,0,0,0,0
zc,TA301,2012-06-06 09:03:45.727,7242.0000,92378,0,0.0000,2.0000,1,1,空换,S,7240.0000,0.0000,0.0000,0.0000,0.0000,7242.0000,0.0000,0.0000,0.0000,0.0000,157,0,0,0,0,5,0,0,0,0
zc,TA301,2012-06-06 09:03:46.773,7242.0000,92378,0,0.0000,0.0000,0,0,空换,S,7240.0000,0.0000,0.0000,0.0000,0.0000,7242.0000,0.0000,0.0000,0.0000,0.0000,153,0,0,0,0,5,0,0,0,0
zc,TA301,2012-06-06 09:03:47.197,7242.0000,92374,-4,0.0000,10.0000,3,7,多平,S,7240.0000,0.0000,0.0000,0.0000,0.0000,7242.0000,0.0000,0.0000,0.0000,0.0000,152,0,0,0,0,1,0,0,0,0
zc,TA301,2012-06-06 09:03:47.990,7242.0000,92372,-2,0.0000,2.0000,0,2,双平,S,7242.0000,0.0000,0.0000,0.0000,0.0000,7244.0000,0.0000,0.0000,0.0000,0.0000,1,0,0,0,0,24,0,0,0,0
zc,TA301,2012-06-06 09:03:49.227,7244.0000,92374,2,0.0000,2.0000,2,0,双开,B,7242.0000,0.0000,0.0000,0.0000,0.0000,7244.0000,0.0000,0.0000,0.0000,0.0000,1,0,0,0,0,23,0,0,0,0
zc,TA301,2012-06-06 09:03:49.740,7242.0000,92376,2,0.0000,4.0000,3,1,空开,S,7240.0000,0.0000,0.0000,0.0000,0.0000,7244.0000,0.0000,0.0000,0.0000,0.0000,156,0,0,0,0,22,0,0,0,0
zc,TA301,2012-06-06 09:03:50.490,7242.0000,92374,-2,0.0000,2.0000,0,2,双平,S,7240.0000,0.0000,0.0000,0.0000,0.0000,7244.0000,0.0000,0.0000,0.0000,0.0000,155,0,0,0,0,22,0,0,0,0
zc,TA301,2012-06-06 09:03:51.287,7244.0000,92372,-2,0.0000,44.0000,21,23,空平,B,7244.0000,0.0000,0.0000,0.0000,0.0000,7246.0000,0.0000,0.0000,0.0000,0.0000,1,0,0,0,0,204,0,0,0,0
zc,TA301,2012-06-06 09:03:51.507,7242.0000,92372,0,0.0000,2.0000,1,1,空换,S,7242.0000,0.0000,0.0000,0.0000,0.0000,7246.0000,0.0000,0.0000,0.0000,0.0000,5,0,0,0,0,205,0,0,0,0
zc,TA301,2012-06-06 09:03:52.240,7242.0000,92372,0,0.0000,2.0000,1,1,空换,S,7242.0000,0.0000,0.0000,0.0000,0.0000,7246.0000,0.0000,0.0000,0.0000,0.0000,10,0,0,0,0,205,0,0,0,0
zc,TA301,2012-06-06 09:03:52.803,7246.0000,92366,-6,0.0000,68.0000,31,37,空平,B,7244.0000,0.0000,0.0000,0.0000,0.0000,7246.0000,0.0000,0.0000,0.0000,0.0000,3,0,0,0,0,171,0,0,0,0
zc,TA301,2012-06-06 09:03:53.460,7246.0000,92366,0,0.0000,2.0000,1,1,多换,B,7244.0000,0.0000,0.0000,0.0000,0.0000,7246.0000,0.0000,0.0000,0.0000,0.0000,2,0,0,0,0,170,0,0,0,0
zc,TA301,2012-06-06 09:03:53.977,7246.0000,92426,60,0.0000,60.0000,60,0,双开,B,7244.0000,0.0000,0.0000,0.0000,0.0000,7246.0000,0.0000,0.0000,0.0000,0.0000,3,0,0,0,0,140,0,0,0,0
zc,TA301,2012-06-06 09:03:54.727,7246.0000,92454,28,0.0000,70.0000,49,21,多开,B,7244.0000,0.0000,0.0000,0.0000,0.0000,7246.0000,0.0000,0.0000,0.0000,0.0000,3,0,0,0,0,105,0,0,0,0
zc,TA301,2012-06-06 09:03:55.240,7246.0000,92460,6,0.0000,8.0000,7,1,多开,B,7244.0000,0.0000,0.0000,0.0000,0.0000,7246.0000,0.0000,0.0000,0.0000,0.0000,9,0,0,0,0,101,0,0,0,0
zc,TA301,2012-06-06 09:03:55.960,7246.0000,92660,200,0.0000,200.0000,200,0,双开,B,7244.0000,0.0000,0.0000,0.0000,0.0000,7246.0000,0.0000,0.0000,0.0000,0.0000,9,0,0,0,0,1,0,0,0,0
zc,TA301,2012-06-06 09:03:56.477,7244.0000,92690,30,0.0000,44.0000,37,7,空开,S,7244.0000,0.0000,0.0000,0.0000,0.0000,7246.0000,0.0000,0.0000,0.0000,0.0000,4,0,0,0,0,1,0,0,0,0
zc,TA301,2012-06-06 09:03:57.273,7246.0000,92690,0,0.0000,2.0000,1,1,多换,B,7246.0000,0.0000,0.0000,0.0000,0.0000,7248.0000,0.0000,0.0000,0.0000,0.0000,2,0,0,0,0,3,0,0,0,0
zc,TA301,2012-06-06 09:03:57.773,7248.0000,92692,2,0.0000,10.0000,6,4,多开,B,7246.0000,0.0000,0.0000,0.0000,0.0000,7248.0000,0.0000,0.0000,0.0000,0.0000,4,0,0,0,0,2,0,0,0,0
zc,TA301,2012-06-06 09:03:58.490,7248.0000,92692,0,0.0000,4.0000,2,2,多换,B,7248.0000,0.0000,0.0000,0.0000,0.0000,7250.0000,0.0000,0.0000,0.0000,0.0000,3,0,0,0,0,22,0,0,0,0
zc,TA301,2012-06-06 09:03:58.977,7248.0000,92694,2,0.0000,2.0000,2,0,双开,B,7248.0000,0.0000,0.0000,0.0000,0.0000,7250.0000,0.0000,0.0000,0.0000,0.0000,3,0,0,0,0,22,0,0,0,0
zc,TA301,2012-06-06 09:03:59.757,7248.0000,92694,0,0.0000,0.0000,0,0,多换,B,7248.0000,0.0000,0.0000,0.0000,0.0000,7250.0000,0.0000,0.0000,0.0000,0.0000,4,0,0,0,0,22,0,0,0,0
zc,TA301,2012-06-06 09:04:01.490,7248.0000,92692,-2,0.0000,8.0000,3,5,空平,B,7248.0000,0.0000,0.0000,0.0000,0.0000,7250.0000,0.0000,0.0000,0.0000,0.0000,2,0,0,0,0,21,0,0,0,0
zc,TA301,2012-06-06 09:04:02.740,7248.0000,92692,0,0.0000,8.0000,4,4,多换,B,7246.0000,0.0000,0.0000,0.0000,0.0000,7248.0000,0.0000,0.0000,0.0000,0.0000,3,0,0,0,0,46,0,0,0,0
zc,TA301,2012-06-06 09:04:03.240,7250.0000,92704,12,0.0000,150.0000,81,69,多开,B,7244.0000,0.0000,0.0000,0.0000,0.0000,7250.0000,0.0000,0.0000,0.0000,0.0000,4,0,0,0,0,13,0,0,0,0
zc,TA301,2012-06-06 09:04:03.990,7246.0000,92702,-2,0.0000,4.0000,1,3,多平,S,7244.0000,0.0000,0.0000,0.0000,0.0000,7246.0000,0.0000,0.0000,0.0000,0.0000,2,0,0,0,0,1,0,0,0,0
zc,TA301,2012-06-06 09:04:04.477,7246.0000,92702,0,0.0000,0.0000,0,0,空换,S,7244.0000,0.0000,0.0000,0.0000,0.0000,7246.0000,0.0000,0.0000,0.0000,0.0000,2,0,0,0,0,2,0,0,0,0
zc,TA301,2012-06-06 09:04:05.227,7246.0000,92702,0,0.0000,2.0000,1,1,空换,S,7244.0000,0.0000,0.0000,0.0000,0.0000,7246.0000,0.0000,0.0000,0.0000,0.0000,2,0,0,0,0,1,0,0,0,0
zc,TA301,2012-06-06 09:04:05.710,7248.0000,92706,4,0.0000,8.0000,6,2,多开,B,7244.0000,0.0000,0.0000,0.0000,0.0000,7248.0000,0.0000,0.0000,0.0000,0.0000,2,0,0,0,0,9,0,0,0,0
zc,TA301,2012-06-06 09:04:06.490,7248.0000,92706,0,0.0000,0.0000,0,0,多换,B,7244.0000,0.0000,0.0000,0.0000,0.0000,7248.0000,0.0000,0.0000,0.0000,0.0000,1,0,0,0,0,9,0,0,0,0
zc,TA301,2012-06-06 09:04:08.727,7242.0000,92714,8,0.0000,40.0000,24,16,空开,S,7242.0000,0.0000,0.0000,0.0000,0.0000,7248.0000,0.0000,0.0000,0.0000,0.0000,11,0,0,0,0,13,0,0,0,0
zc,TA301,2012-06-06 09:04:10.053,7242.0000,92714,0,0.0000,0.0000,0,0,空换,S,7242.0000,0.0000,0.0000,0.0000,0.0000,7246.0000,0.0000,0.0000,0.0000,0.0000,10,0,0,0,0,10,0,0,0,0
zc,TA301,2012-06-06 09:04:10.773,7246.0000,92714,0,0.0000,4.0000,2,2,多换,B,7244.0000,0.0000,0.0000,0.0000,0.0000,7246.0000,0.0000,0.0000,0.0000,0.0000,1,0,0,0,0,9,0,0,0,0
zc,TA301,2012-06-06 09:04:11.227,7246.0000,92714,0,0.0000,0.0000,0,0,多换,B,7244.0000,0.0000,0.0000,0.0000,0.0000,7246.0000,0.0000,0.0000,0.0000,0.0000,6,0,0,0,0,9,0,0,0,0
zc,TA301,2012-06-06 09:04:11.990,7246.0000,92708,-6,0.0000,10.0000,2,8,空平,B,7244.0000,0.0000,0.0000,0.0000,0.0000,7246.0000,0.0000,0.0000,0.0000,0.0000,5,0,0,0,0,10,0,0,0,0
zc,TA301,2012-06-06 09:04:12.523,7246.0000,92708,0,0.0000,0.0000,0,0,多换,B,7244.0000,0.0000,0.0000,0.0000,0.0000,7246.0000,0.0000,0.0000,0.0000,0.0000,5,0,0,0,0,13,0,0,0,0
zc,TA301,2012-06-06 09:04:13.273,7240.0000,92744,36,0.0000,40.0000,38,2,空开,S,7240.0000,0.0000,0.0000,0.0000,0.0000,7246.0000,0.0000,0.0000,0.0000,0.0000,149,0,0,0,0,13,0,0,0,0
zc,TA301,2012-06-06 09:04:14.240,7240.0000,92744,0,0.0000,0.0000,0,0,空换,S,7240.0000,0.0000,0.0000,0.0000,0.0000,7244.0000,0.0000,0.0000,0.0000,0.0000,148,0,0,0,0,9,0,0,0,0
zc,TA301,2012-06-06 09:04:15.007,7240.0000,92744,0,0.0000,0.0000,0,0,空换,S,7240.0000,0.0000,0.0000,0.0000,0.0000,7246.0000,0.0000,0.0000,0.0000,0.0000,148,0,0,0,0,13,0,0,0,0
zc,TA301,2012-06-06 09:04:15.523,7240.0000,92744,0,0.0000,10.0000,5,5,空换,S,7240.0000,0.0000,0.0000,0.0000,0.0000,7242.0000,0.0000,0.0000,0.0000,0.0000,150,0,0,0,0,47,0,0,0,0
zc,TA301,2012-06-06 09:04:16.727,7242.0000,92746,2,0.0000,2.0000,2,0,双开,B,7240.0000,0.0000,0.0000,0.0000,0.0000,7242.0000,0.0000,0.0000,0.0000,0.0000,150,0,0,0,0,46,0,0,0,0
zc,TA301,2012-06-06 09:04:17.490,7242.0000,92844,98,0.0000,98.0000,98,0,双开,B,7240.0000,0.0000,0.0000,0.0000,0.0000,7242.0000,0.0000,0.0000,0.0000,0.0000,130,0,0,0,0,17,0,0,0,0
zc,TA301,2012-06-06 09:04:17.990,7240.0000,92864,20,0.0000,56.0000,38,18,空开,S,7240.0000,0.0000,0.0000,0.0000,0.0000,7244.0000,0.0000,0.0000,0.0000,0.0000,118,0,0,0,0,1,0,0,0,0
zc,TA301,2012-06-06 09:04:18.697,7240.0000,92964,100,0.0000,102.0000,101,1,空开,S,7240.0000,0.0000,0.0000,0.0000,0.0000,7244.0000,0.0000,0.0000,0.0000,0.0000,68,0,0,0,0,1,0,0,0,0
zc,TA301,2012-06-06 09:04:19.287,7240.0000,92964,0,0.0000,0.0000,0,0,空换,S,7240.0000,0.0000,0.0000,0.0000,0.0000,7244.0000,0.0000,0.0000,0.0000,0.0000,68,0,0,0,0,3,0,0,0,0
zc,TA301,2012-06-06 09:04:19.990,7240.0000,92994,30,0.0000,30.0000,30,0,双开,S,7240.0000,0.0000,0.0000,0.0000,0.0000,7244.0000,0.0000,0.0000,0.0000,0.0000,53,0,0,0,0,3,0,0,0,0
zc,TA301,2012-06-06 09:04:20.507,7240.0000,92994,0,0.0000,0.0000,0,0,空换,S,7240.0000,0.0000,0.0000,0.0000,0.0000,7244.0000,0.0000,0.0000,0.0000,0.0000,54,0,0,0,0,3,0,0,0,0
zc,TA301,2012-06-06 09:04:21.273,7240.0000,92996,2,0.0000,2.0000,2,0,双开,S,7240.0000,0.0000,0.0000,0.0000,0.0000,7244.0000,0.0000,0.0000,0.0000,0.0000,53,0,0,0,0,4,0,0,0,0
zc,TA301,2012-06-06 09:04:21.740,7244.0000,93002,6,0.0000,6.0000,6,0,双开,B,7240.0000,0.0000,0.0000,0.0000,0.0000,7244.0000,0.0000,0.0000,0.0000,0.0000,53,0,0,0,0,2,0,0,0,0
zc,TA301,2012-06-06 09:04:22.490,7244.0000,93002,0,0.0000,0.0000,0,0,多换,B,7240.0000,0.0000,0.0000,0.0000,0.0000,7244.0000,0.0000,0.0000,0.0000,0.0000,54,0,0,0,0,1,0,0,0,0
zc,TA301,2012-06-06 09:04:23.460,7244.0000,93002,0,0.0000,0.0000,0,0,多换,B,7240.0000,0.0000,0.0000,0.0000,0.0000,7242.0000,0.0000,0.0000,0.0000,0.0000,55,0,0,0,0,1,0,0,0,0
zc,TA301,2012-06-06 09:04:23.930,7240.0000,93006,4,0.0000,4.0000,4,0,双开,S,7240.0000,0.0000,0.0000,0.0000,0.0000,7242.0000,0.0000,0.0000,0.0000,0.0000,53,0,0,0,0,1,0,0,0,0
zc,TA301,2012-06-06 09:04:24.710,7242.0000,93006,0,0.0000,2.0000,1,1,多换,B,7240.0000,0.0000,0.0000,0.0000,0.0000,7244.0000,0.0000,0.0000,0.0000,0.0000,54,0,0,0,0,1,0,0,0,0
zc,TA301,2012-06-06 09:04:25.447,7242.0000,93006,0,0.0000,0.0000,0,0,多换,B,7242.0000,0.0000,0.0000,0.0000,0.0000,7244.0000,0.0000,0.0000,0.0000,0.0000,2,0,0,0,0,1,0,0,0,0
zc,TA301,2012-06-06 09:04:25.740,7244.0000,93006,0,0.0000,2.0000,1,1,多换,B,7242.0000,0.0000,0.0000,0.0000,0.0000,7244.0000,0.0000,0.0000,0.0000,0.0000,2,0,0,0,0,1,0,0,0,0
zc,TA301,2012-06-06 09:04:26.490,7244.0000,93006,0,0.0000,0.0000,0,0,多换,B,7242.0000,0.0000,0.0000,0.0000,0.0000,7244.0000,0.0000,0.0000,0.0000,0.0000,2,0,0,0,0,2,0,0,0,0
zc,TA301,2012-06-06 09:04:27.757,7244.0000,93008,2,0.0000,2.0000,2,0,双开,B,7242.0000,0.0000,0.0000,0.0000,0.0000,7244.0000,0.0000,0.0000,0.0000,0.0000,5,0,0,0,0,3,0,0,0,0
zc,TA301,2012-06-06 09:04:28.227,7242.0000,93008,0,0.0000,2.0000,1,1,空换,S,7242.0000,0.0000,0.0000,0.0000,0.0000,7244.0000,0.0000,0.0000,0.0000,0.0000,6,0,0,0,0,4,0,0,0,0
zc,TA301,2012-06-06 09:04:29.023,7242.0000,93010,2,0.0000,4.0000,3,1,空开,S,7242.0000,0.0000,0.0000,0.0000,0.0000,7244.0000,0.0000,0.0000,0.0000,0.0000,4,0,0,0,0,4,0,0,0,0
zc,TA301,2012-06-06 09:04:29.523,7242.0000,93010,0,0.0000,0.0000,0,0,空换,S,7242.0000,0.0000,0.0000,0.0000,0.0000,7244.0000,0.0000,0.0000,0.0000,0.0000,5,0,0,0,0,3,0,0,0,0
zc,TA301,2012-06-06 09:04:30.240,7242.0000,93012,2,0.0000,2.0000,2,0,双开,S,7242.0000,0.0000,0.0000,0.0000,0.0000,7244.0000,0.0000,0.0000,0.0000,0.0000,5,0,0,0,0,3,0,0,0,0
zc,TA301,2012-06-06 09:04:31.490,7244.0000,93012,0,0.0000,2.0000,1,1,多换,B,7242.0000,0.0000,0.0000,0.0000,0.0000,7244.0000,0.0000,0.0000,0.0000,0.0000,7,0,0,0,0,2,0,0,0,0
zc,TA301,2012-06-06 09:04:32.727,7244.0000,93012,0,0.0000,0.0000,0,0,多换,B,7242.0000,0.0000,0.0000,0.0000,0.0000,7244.0000,0.0000,0.0000,0.0000,0.0000,8,0,0,0,0,2,0,0,0,0
zc,TA301,2012-06-06 09:04:33.197,7244.0000,93012,0,0.0000,0.0000,0,0,多换,B,7242.0000,0.0000,0.0000,0.0000,0.0000,7244.0000,0.0000,0.0000,0.0000,0.0000,8,0,0,0,0,3,0,0,0,0
zc,TA301,2012-06-06 09:04:33.710,7244.0000,93012,0,0.0000,0.0000,0,0,多换,B,7242.0000,0.0000,0.0000,0.0000,0.0000,7244.0000,0.0000,0.0000,0.0000,0.0000,17,0,0,0,0,3,0,0,0,0
zc,TA301,2012-06-06 09:04:35.023,7244.0000,93012,0,0.0000,0.0000,0,0,多换,B,7242.0000,0.0000,0.0000,0.0000,0.0000,7244.0000,0.0000,0.0000,0.0000,0.0000,15,0,0,0,0,3,0,0,0,0
zc,TA301,2012-06-06 09:04:35.740,7244.0000,93012,0,0.0000,0.0000,0,0,多换,B,7242.0000,0.0000,0.0000,0.0000,0.0000,7244.0000,0.0000,0.0000,0.0000,0.0000,15,0,0,0,0,4,0,0,0,0
zc,TA301,2012-06-06 09:04:35.977,7244.0000,93012,0,0.0000,0.0000,0,0,多换,B,7242.0000,0.0000,0.0000,0.0000,0.0000,7244.0000,0.0000,0.0000,0.0000,0.0000,16,0,0,0,0,6,0,0,0,0
zc,TA301,2012-06-06 09:04:38.023,7244.0000,93012,0,0.0000,0.0000,0,0,多换,B,7242.0000,0.0000,0.0000,0.0000,0.0000,7244.0000,0.0000,0.0000,0.0000,0.0000,19,0,0,0,0,6,0,0,0,0
zc,TA301,2012-06-06 09:04:38.477,7244.0000,93012,0,0.0000,0.0000,0,0,多换,B,7242.0000,0.0000,0.0000,0.0000,0.0000,7244.0000,0.0000,0.0000,0.0000,0.0000,20,0,0,0,0,6,0,0,0,0
zc,TA301,2012-06-06 09:04:39.240,7244.0000,93002,-10,0.0000,12.0000,1,11,空平,B,7242.0000,0.0000,0.0000,0.0000,0.0000,7246.0000,0.0000,0.0000,0.0000,0.0000,21,0,0,0,0,9,0,0,0,0
zc,TA301,2012-06-06 09:04:39.740,7244.0000,93002,0,0.0000,0.0000,0,0,多换,B,7244.0000,0.0000,0.0000,0.0000,0.0000,7246.0000,0.0000,0.0000,0.0000,0.0000,3,0,0,0,0,9,0,0,0,0
zc,TA301,2012-06-06 09:04:40.477,7244.0000,93002,0,0.0000,0.0000,0,0,多换,B,7244.0000,0.0000,0.0000,0.0000,0.0000,7246.0000,0.0000,0.0000,0.0000,0.0000,4,0,0,0,0,9,0,0,0,0
zc,TA301,2012-06-06 09:04:40.977,7246.0000,93000,-2,0.0000,14.0000,6,8,空平,B,7244.0000,0.0000,0.0000,0.0000,0.0000,7246.0000,0.0000,0.0000,0.0000,0.0000,2,0,0,0,0,3,0,0,0,0
zc,TA301,2012-06-06 09:04:41.977,7246.0000,92996,-4,0.0000,4.0000,0,4,双平,B,7244.0000,0.0000,0.0000,0.0000,0.0000,7246.0000,0.0000,0.0000,0.0000,0.0000,2,0,0,0,0,1,0,0,0,0
zc,TA301,2012-06-06 09:04:43.727,7246.0000,92994,-2,0.0000,2.0000,0,2,双平,B,7244.0000,0.0000,0.0000,0.0000,0.0000,7246.0000,0.0000,0.0000,0.0000,0.0000,2,0,0,0,0,1,0,0,0,0
zc,TA301,2012-06-06 09:04:44.460,7246.0000,92994,0,0.0000,0.0000,0,0,多换,B,7244.0000,0.0000,0.0000,0.0000,0.0000,7246.0000,0.0000,0.0000,0.0000,0.0000,2,0,0,0,0,2,0,0,0,0
zc,TA301,2012-06-06 09:04:44.990,7246.0000,92994,0,0.0000,0.0000,0,0,多换,B,7244.0000,0.0000,0.0000,0.0000,0.0000,7246.0000,0.0000,0.0000,0.0000,0.0000,4,0,0,0,0,2,0,0,0,0
zc,TA301,2012-06-06 09:04:45.507,7244.0000,92994,0,0.0000,2.0000,1,1,空换,S,7244.0000,0.0000,0.0000,0.0000,0.0000,7246.0000,0.0000,0.0000,0.0000,0.0000,2,0,0,0,0,2,0,0,0,0
zc,TA301,2012-06-06 09:04:46.240,7246.0000,92994,0,0.0000,4.0000,2,2,多换,B,7244.0000,0.0000,0.0000,0.0000,0.0000,7248.0000,0.0000,0.0000,0.0000,0.0000,5,0,0,0,0,10,0,0,0,0
zc,TA301,2012-06-06 09:04:46.740,7246.0000,92994,0,0.0000,0.0000,0,0,多换,B,7244.0000,0.0000,0.0000,0.0000,0.0000,7248.0000,0.0000,0.0000,0.0000,0.0000,2,0,0,0,0,10,0,0,0,0
zc,TA301,2012-06-06 09:04:47.240,7244.0000,92994,0,0.0000,2.0000,1,1,空换,S,7244.0000,0.0000,0.0000,0.0000,0.0000,7248.0000,0.0000,0.0000,0.0000,0.0000,1,0,0,0,0,11,0,0,0,0
zc,TA301,2012-06-06 09:04:48.523,7244.0000,92994,0,0.0000,0.0000,0,0,空换,S,7244.0000,0.0000,0.0000,0.0000,0.0000,7248.0000,0.0000,0.0000,0.0000,0.0000,4,0,0,0,0,10,0,0,0,0
zc,TA301,2012-06-06 09:04:48.990,7244.0000,92994,0,0.0000,14.0000,7,7,空换,S,7246.0000,0.0000,0.0000,0.0000,0.0000,7248.0000,0.0000,0.0000,0.0000,0.0000,14,0,0,0,0,10,0,0,0,0
zc,TA301,2012-06-06 09:04:49.773,7244.0000,92994,0,0.0000,0.0000,0,0,空换,S,7246.0000,0.0000,0.0000,0.0000,0.0000,7248.0000,0.0000,0.0000,0.0000,0.0000,16,0,0,0,0,10,0,0,0,0
zc,TA301,2012-06-06 09:04:50.273,7244.0000,92994,0,0.0000,0.0000,0,0,空换,S,7246.0000,0.0000,0.0000,0.0000,0.0000,7248.0000,0.0000,0.0000,0.0000,0.0000,14,0,0,0,0,10,0,0,0,0
zc,TA301,2012-06-06 09:04:50.773,7248.0000,92990,-4,0.0000,6.0000,1,5,空平,B,7246.0000,0.0000,0.0000,0.0000,0.0000,7248.0000,0.0000,0.0000,0.0000,0.0000,13,0,0,0,0,8,0,0,0,0
zc,TA301,2012-06-06 09:04:51.523,7248.0000,92996,6,0.0000,10.0000,8,2,多开,B,7246.0000,0.0000,0.0000,0.0000,0.0000,7248.0000,0.0000,0.0000,0.0000,0.0000,15,0,0,0,0,3,0,0,0,0
zc,TA301,2012-06-06 09:04:52.257,7248.0000,92996,0,0.0000,2.0000,1,1,多换,B,7246.0000,0.0000,0.0000,0.0000,0.0000,7248.0000,0.0000,0.0000,0.0000,0.0000,15,0,0,0,0,2,0,0,0,0
zc,TA301,2012-06-06 09:04:52.977,7246.0000,92986,-10,0.0000,10.0000,0,10,双平,S,7246.0000,0.0000,0.0000,0.0000,0.0000,7248.0000,0.0000,0.0000,0.0000,0.0000,10,0,0,0,0,2,0,0,0,0
zc,TA301,2012-06-06 09:04:53.210,7248.0000,92986,0,0.0000,2.0000,1,1,多换,B,7246.0000,0.0000,0.0000,0.0000,0.0000,7248.0000,0.0000,0.0000,0.0000,0.0000,10,0,0,0,0,1,0,0,0,0
zc,TA301,2012-06-06 09:04:54.007,7246.0000,92986,0,0.0000,2.0000,1,1,空换,S,7246.0000,0.0000,0.0000,0.0000,0.0000,7248.0000,0.0000,0.0000,0.0000,0.0000,9,0,0,0,0,1,0,0,0,0
zc,TA301,2012-06-06 09:04:54.460,7246.0000,92984,-2,0.0000,6.0000,2,4,多平,S,7246.0000,0.0000,0.0000,0.0000,0.0000,7250.0000,0.0000,0.0000,0.0000,0.0000,7,0,0,0,0,95,0,0,0,0
zc,TA301,2012-06-06 09:04:55.257,7246.0000,92976,-8,0.0000,10.0000,1,9,多平,S,7246.0000,0.0000,0.0000,0.0000,0.0000,7250.0000,0.0000,0.0000,0.0000,0.0000,3,0,0,0,0,95,0,0,0,0
zc,TA301,2012-06-06 09:04:56.507,7246.0000,92976,0,0.0000,0.0000,0,0,空换,S,7246.0000,0.0000,0.0000,0.0000,0.0000,7248.0000,0.0000,0.0000,0.0000,0.0000,3,0,0,0,0,2,0,0,0,0
zc,TA301,2012-06-06 09:04:57.710,7248.0000,92976,0,0.0000,4.0000,2,2,多换,B,7248.0000,0.0000,0.0000,0.0000,0.0000,7250.0000,0.0000,0.0000,0.0000,0.0000,1,0,0,0,0,95,0,0,0,0
zc,TA301,2012-06-06 09:04:58.273,7248.0000,92976,0,0.0000,0.0000,0,0,多换,B,7248.0000,0.0000,0.0000,0.0000,0.0000,7250.0000,0.0000,0.0000,0.0000,0.0000,1,0,0,0,0,96,0,0,0,0
zc,TA301,2012-06-06 09:04:59.477,7248.0000,92976,0,0.0000,2.0000,1,1,多换,B,7244.0000,0.0000,0.0000,0.0000,0.0000,7250.0000,0.0000,0.0000,0.0000,0.0000,5,0,0,0,0,100,0,0,0,0
zc,TA301,2012-06-06 09:05:00.773,7250.0000,92976,0,0.0000,2.0000,1,1,多换,B,7244.0000,0.0000,0.0000,0.0000,0.0000,7248.0000,0.0000,0.0000,0.0000,0.0000,3,0,0,0,0,1,0,0,0,0
zc,TA301,2012-06-06 09:05:01.977,7250.0000,92976,0,0.0000,0.0000,0,0,多换,B,7244.0000,0.0000,0.0000,0.0000,0.0000,7248.0000,0.0000,0.0000,0.0000,0.0000,3,0,0,0,0,2,0,0,0,0
zc,TA301,2012-06-06 09:05:02.523,7248.0000,92976,0,0.0000,2.0000,1,1,空换,S,7244.0000,0.0000,0.0000,0.0000,0.0000,7250.0000,0.0000,0.0000,0.0000,0.0000,5,0,0,0,0,119,0,0,0,0
zc,TA301,2012-06-06 09:05:03.210,7248.0000,92976,0,0.0000,0.0000,0,0,空换,S,7244.0000,0.0000,0.0000,0.0000,0.0000,7246.0000,0.0000,0.0000,0.0000,0.0000,9,0,0,0,0,4,0,0,0,0
zc,TA301,2012-06-06 09:05:04.007,7246.0000,92972,-4,0.0000,8.0000,2,6,多平,S,7246.0000,0.0000,0.0000,0.0000,0.0000,7248.0000,0.0000,0.0000,0.0000,0.0000,1,0,0,0,0,2,0,0,0,0
zc,TA301,2012-06-06 09:05:04.523,7248.0000,92972,0,0.0000,6.0000,3,3,多换,B,7246.0000,0.0000,0.0000,0.0000,0.0000,7248.0000,0.0000,0.0000,0.0000,0.0000,31,0,0,0,0,2,0,0,0,0
zc,TA301,2012-06-06 09:05:05.037,7248.0000,92972,0,0.0000,0.0000,0,0,多换,B,7246.0000,0.0000,0.0000,0.0000,0.0000,7248.0000,0.0000,0.0000,0.0000,0.0000,46,0,0,0,0,2,0,0,0,0
zc,TA301,2012-06-06 09:05:05.740,7248.0000,92976,4,0.0000,4.0000,4,0,双开,B,7248.0000,0.0000,0.0000,0.0000,0.0000,7250.0000,0.0000,0.0000,0.0000,0.0000,18,0,0,0,0,118,0,0,0,0
zc,TA301,2012-06-06 09:05:06.240,7248.0000,92976,0,0.0000,2.0000,1,1,多换,B,7248.0000,0.0000,0.0000,0.0000,0.0000,7250.0000,0.0000,0.0000,0.0000,0.0000,17,0,0,0,0,118,0,0,0,0
zc,TA301,2012-06-06 09:05:06.990,7248.0000,92976,0,0.0000,0.0000,0,0,多换,B,7248.0000,0.0000,0.0000,0.0000,0.0000,7250.0000,0.0000,0.0000,0.0000,0.0000,18,0,0,0,0,118,0,0,0,0
zc,TA301,2012-06-06 09:05:07.553,7248.0000,92976,0,0.0000,2.0000,1,1,多换,B,7248.0000,0.0000,0.0000,0.0000,0.0000,7250.0000,0.0000,0.0000,0.0000,0.0000,17,0,0,0,0,118,0,0,0,0
zc,TA301,2012-06-06 09:05:08.227,7248.0000,92986,10,0.0000,14.0000,12,2,多开,B,7248.0000,0.0000,0.0000,0.0000,0.0000,7250.0000,0.0000,0.0000,0.0000,0.0000,15,0,0,0,0,113,0,0,0,0
zc,TA301,2012-06-06 09:05:08.757,7250.0000,92968,-18,0.0000,28.0000,5,23,空平,B,7248.0000,0.0000,0.0000,0.0000,0.0000,7250.0000,0.0000,0.0000,0.0000,0.0000,16,0,0,0,0,95,0,0,0,0
zc,TA301,2012-06-06 09:05:09.460,7248.0000,92974,6,0.0000,8.0000,7,1,空开,S,7248.0000,0.0000,0.0000,0.0000,0.0000,7250.0000,0.0000,0.0000,0.0000,0.0000,12,0,0,0,0,95,0,0,0,0
zc,TA301,2012-06-06 09:05:10.023,7250.0000,92974,0,0.0000,4.0000,2,2,多换,B,7248.0000,0.0000,0.0000,0.0000,0.0000,7250.0000,0.0000,0.0000,0.0000,0.0000,13,0,0,0,0,94,0,0,0,0
zc,TA301,2012-06-06 09:05:10.740,7250.0000,92974,0,0.0000,4.0000,2,2,多换,B,7248.0000,0.0000,0.0000,0.0000,0.0000,7250.0000,0.0000,0.0000,0.0000,0.0000,13,0,0,0,0,92,0,0,0,0
zc,TA301,2012-06-06 09:05:11.990,7250.0000,92972,-2,0.0000,4.0000,1,3,空平,B,7248.0000,0.0000,0.0000,0.0000,0.0000,7250.0000,0.0000,0.0000,0.0000,0.0000,12,0,0,0,0,90,0,0,0,0
zc,TA301,2012-06-06 09:05:12.757,7250.0000,92972,0,0.0000,0.0000,0,0,多换,B,7248.0000,0.0000,0.0000,0.0000,0.0000,7250.0000,0.0000,0.0000,0.0000,0.0000,16,0,0,0,0,90,0,0,0,0
zc,TA301,2012-06-06 09:05:13.273,7250.0000,92970,-2,0.0000,62.0000,30,32,空平,B,7248.0000,0.0000,0.0000,0.0000,0.0000,7250.0000,0.0000,0.0000,0.0000,0.0000,16,0,0,0,0,60,0,0,0,0
zc,TA301,2012-06-06 09:05:14.007,7250.0000,92970,0,0.0000,2.0000,1,1,多换,B,7248.0000,0.0000,0.0000,0.0000,0.0000,7250.0000,0.0000,0.0000,0.0000,0.0000,16,0,0,0,0,61,0,0,0,0
zc,TA301,2012-06-06 09:05:14.490,7250.0000,92970,0,0.0000,4.0000,2,2,多换,B,7248.0000,0.0000,0.0000,0.0000,0.0000,7250.0000,0.0000,0.0000,0.0000,0.0000,15,0,0,0,0,59,0,0,0,0
zc,TA301,2012-06-06 09:05:15.240,7250.0000,92940,-30,0.0000,112.0000,41,71,空平,B,7248.0000,0.0000,0.0000,0.0000,0.0000,7250.0000,0.0000,0.0000,0.0000,0.0000,12,0,0,0,0,5,0,0,0,0
zc,TA301,2012-06-06 09:05:15.977,7248.0000,92940,0,0.0000,2.0000,1,1,空换,S,7248.0000,0.0000,0.0000,0.0000,0.0000,7250.0000,0.0000,0.0000,0.0000,0.0000,11,0,0,0,0,5,0,0,0,0
zc,TA301,2012-06-06 09:05:16.477,7250.0000,92940,0,0.0000,4.0000,2,2,多换,B,7248.0000,0.0000,0.0000,0.0000,0.0000,7250.0000,0.0000,0.0000,0.0000,0.0000,11,0,0,0,0,3,0,0,0,0
zc,TA301,2012-06-06 09:05:17.273,7250.0000,92940,0,0.0000,6.0000,3,3,多换,B,7250.0000,0.0000,0.0000,0.0000,0.0000,7252.0000,0.0000,0.0000,0.0000,0.0000,19,0,0,0,0,38,0,0,0,0
zc,TA301,2012-06-06 09:05:17.930,7250.0000,92944,4,0.0000,6.0000,5,1,多开,B,7250.0000,0.0000,0.0000,0.0000,0.0000,7252.0000,0.0000,0.0000,0.0000,0.0000,23,0,0,0,0,38,0,0,0,0
zc,TA301,2012-06-06 09:05:18.460,7252.0000,92944,0,0.0000,28.0000,14,14,多换,B,7250.0000,0.0000,0.0000,0.0000,0.0000,7252.0000,0.0000,0.0000,0.0000,0.0000,22,0,0,0,0,25,0,0,0,0
zc,TA301,2012-06-06 09:05:19.273,7252.0000,92912,-32,0.0000,42.0000,5,37,空平,B,7250.0000,0.0000,0.0000,0.0000,0.0000,7252.0000,0.0000,0.0000,0.0000,0.0000,22,0,0,0,0,5,0,0,0,0
zc,TA301,2012-06-06 09:05:19.740,7252.0000,92912,0,0.0000,6.0000,3,3,多换,B,7250.0000,0.0000,0.0000,0.0000,0.0000,7252.0000,0.0000,0.0000,0.0000,0.0000,29,0,0,0,0,2,0,0,0,0
zc,TA301,2012-06-06 09:05:20.507,7252.0000,92914,2,0.0000,6.0000,4,2,多开,B,7250.0000,0.0000,0.0000,0.0000,0.0000,7254.0000,0.0000,0.0000,0.0000,0.0000,28,0,0,0,0,11,0,0,0,0
zc,TA301,2012-06-06 09:05:20.990,7252.0000,92914,0,0.0000,0.0000,0,0,多换,B,7250.0000,0.0000,0.0000,0.0000,0.0000,7252.0000,0.0000,0.0000,0.0000,0.0000,28,0,0,0,0,1,0,0,0,0
zc,TA301,2012-06-06 09:05:21.757,7252.0000,92914,0,0.0000,0.0000,0,0,多换,B,7250.0000,0.0000,0.0000,0.0000,0.0000,7252.0000,0.0000,0.0000,0.0000,0.0000,29,0,0,0,0,2,0,0,0,0
zc,TA301,2012-06-06 09:05:22.257,7254.0000,92898,-16,0.0000,48.0000,16,32,空平,B,7250.0000,0.0000,0.0000,0.0000,0.0000,7252.0000,0.0000,0.0000,0.0000,0.0000,29,0,0,0,0,10,0,0,0,0
zc,TA301,2012-06-06 09:05:23.273,7250.0000,92900,2,0.0000,4.0000,3,1,空开,S,7250.0000,0.0000,0.0000,0.0000,0.0000,7252.0000,0.0000,0.0000,0.0000,0.0000,30,0,0,0,0,9,0,0,0,0
zc,TA301,2012-06-06 09:05:24.023,7250.0000,92900,0,0.0000,0.0000,0,0,空换,S,7250.0000,0.0000,0.0000,0.0000,0.0000,7252.0000,0.0000,0.0000,0.0000,0.0000,29,0,0,0,0,9,0,0,0,0
zc,TA301,2012-06-06 09:05:25.227,7252.0000,92902,2,0.0000,6.0000,4,2,多开,B,7250.0000,0.0000,0.0000,0.0000,0.0000,7252.0000,0.0000,0.0000,0.0000,0.0000,28,0,0,0,0,8,0,0,0,0
zc,TA301,2012-06-06 09:05:25.740,7252.0000,92910,8,0.0000,8.0000,8,0,双开,B,7250.0000,0.0000,0.0000,0.0000,0.0000,7252.0000,0.0000,0.0000,0.0000,0.0000,28,0,0,0,0,4,0,0,0,0
zc,TA301,2012-06-06 09:05:26.537,7252.0000,92910,0,0.0000,0.0000,0,0,多换,B,7250.0000,0.0000,0.0000,0.0000,0.0000,7252.0000,0.0000,0.0000,0.0000,0.0000,28,0,0,0,0,5,0,0,0,0
zc,TA301,2012-06-06 09:05:27.087,7252.0000,92922,12,0.0000,24.0000,18,6,多开,B,7250.0000,0.0000,0.0000,0.0000,0.0000,7252.0000,0.0000,0.0000,0.0000,0.0000,28,0,0,0,0,8,0,0,0,0
zc,TA301,2012-06-06 09:05:27.757,7252.0000,92922,0,0.0000,0.0000,0,0,多换,B,7250.0000,0.0000,0.0000,0.0000,0.0000,7252.0000,0.0000,0.0000,0.0000,0.0000,28,0,0,0,0,5,0,0,0,0
zc,TA301,2012-06-06 09:05:28.477,7252.0000,92918,-4,0.0000,6.0000,1,5,空平,B,7250.0000,0.0000,0.0000,0.0000,0.0000,7252.0000,0.0000,0.0000,0.0000,0.0000,28,0,0,0,0,3,0,0,0,0
zc,TA301,2012-06-06 09:05:29.727,7252.0000,92918,0,0.0000,2.0000,1,1,多换,B,7250.0000,0.0000,0.0000,0.0000,0.0000,7252.0000,0.0000,0.0000,0.0000,0.0000,28,0,0,0,0,3,0,0,0,0
zc,TA301,2012-06-06 09:05:31.023,7252.0000,92918,0,0.0000,2.0000,1,1,多换,B,7250.0000,0.0000,0.0000,0.0000,0.0000,7252.0000,0.0000,0.0000,0.0000,0.0000,30,0,0,0,0,5,0,0,0,0
zc,TA301,2012-06-06 09:05:31.523,7250.0000,92918,0,0.0000,8.0000,4,4,空换,S,7250.0000,0.0000,0.0000,0.0000,0.0000,7252.0000,0.0000,0.0000,0.0000,0.0000,25,0,0,0,0,5,0,0,0,0
zc,TA301,2012-06-06 09:05:32.273,7252.0000,92930,12,0.0000,32.0000,22,10,多开,B,7252.0000,0.0000,0.0000,0.0000,0.0000,7254.0000,0.0000,0.0000,0.0000,0.0000,85,0,0,0,0,33,0,0,0,0
zc,TA301,2012-06-06 09:05:32.727,7252.0000,93012,82,0.0000,128.0000,105,23,多开,B,7252.0000,0.0000,0.0000,0.0000,0.0000,7254.0000,0.0000,0.0000,0.0000,0.0000,21,0,0,0,0,29,0,0,0,0
zc,TA301,2012-06-06 09:05:33.537,7254.0000,93012,0,0.0000,2.0000,1,1,多换,B,7252.0000,0.0000,0.0000,0.0000,0.0000,7254.0000,0.0000,0.0000,0.0000,0.0000,21,0,0,0,0,19,0,0,0,0
zc,TA301,2012-06-06 09:05:34.037,7252.0000,93012,0,0.0000,2.0000,1,1,空换,S,7252.0000,0.0000,0.0000,0.0000,0.0000,7254.0000,0.0000,0.0000,0.0000,0.0000,20,0,0,0,0,28,0,0,0,0
zc,TA301,2012-06-06 09:05:34.710,7252.0000,93012,0,0.0000,24.0000,12,12,空换,S,7252.0000,0.0000,0.0000,0.0000,0.0000,7254.0000,0.0000,0.0000,0.0000,0.0000,8,0,0,0,0,16,0,0,0,0
zc,TA301,2012-06-06 09:05:35.240,7252.0000,93012,0,0.0000,16.0000,8,8,空换,S,7250.0000,0.0000,0.0000,0.0000,0.0000,7252.0000,0.0000,0.0000,0.0000,0.0000,25,0,0,0,0,1,0,0,0,0
zc,TA301,2012-06-06 09:05:35.710,7252.0000,93010,-2,0.0000,2.0000,0,2,双平,S,7250.0000,0.0000,0.0000,0.0000,0.0000,7254.0000,0.0000,0.0000,0.0000,0.0000,25,0,0,0,0,8,0,0,0,0
zc,TA301,2012-06-06 09:05:36.273,7250.0000,93008,-2,0.0000,2.0000,0,2,双平,S,7250.0000,0.0000,0.0000,0.0000,0.0000,7254.0000,0.0000,0.0000,0.0000,0.0000,26,0,0,0,0,8,0,0,0,0
zc,TA301,2012-06-06 09:05:36.977,7250.0000,93006,-2,0.0000,2.0000,0,2,双平,S,7252.0000,0.0000,0.0000,0.0000,0.0000,7254.0000,0.0000,0.0000,0.0000,0.0000,1,0,0,0,0,8,0,0,0,0
zc,TA301,2012-06-06 09:05:37.477,7252.0000,93006,0,0.0000,2.0000,1,1,多换,B,7250.0000,0.0000,0.0000,0.0000,0.0000,7252.0000,0.0000,0.0000,0.0000,0.0000,19,0,0,0,0,2,0,0,0,0
zc,TA301,2012-06-06 09:05:38.180,7252.0000,93004,-2,0.0000,22.0000,10,12,空平,B,7250.0000,0.0000,0.0000,0.0000,0.0000,7252.0000,0.0000,0.0000,0.0000,0.0000,13,0,0,0,0,9,0,0,0,0
zc,TA301,2012-06-06 09:05:38.990,7250.0000,93026,22,0.0000,24.0000,23,1,空开,S,7250.0000,0.0000,0.0000,0.0000,0.0000,7252.0000,0.0000,0.0000,0.0000,0.0000,1,0,0,0,0,1,0,0,0,0
zc,TA301,2012-06-06 09:05:39.227,7252.0000,93026,0,0.0000,4.0000,2,2,多换,B,7248.0000,0.0000,0.0000,0.0000,0.0000,7252.0000,0.0000,0.0000,0.0000,0.0000,14,0,0,0,0,2,0,0,0,0
zc,TA301,2012-06-06 09:05:40.227,7252.0000,93026,0,0.0000,6.0000,3,3,多换,B,7252.0000,0.0000,0.0000,0.0000,0.0000,7254.0000,0.0000,0.0000,0.0000,0.0000,4,0,0,0,0,16,0,0,0,0
zc,TA301,2012-06-06 09:05:40.460,7252.0000,93026,0,0.0000,8.0000,4,4,多换,B,7248.0000,0.0000,0.0000,0.0000,0.0000,7250.0000,0.0000,0.0000,0.0000,0.0000,14,0,0,0,0,1,0,0,0,0
zc,TA301,2012-06-06 09:05:41.447,7252.0000,93020,-6,0.0000,6.0000,0,6,双平,B,7248.0000,0.0000,0.0000,0.0000,0.0000,7252.0000,0.0000,0.0000,0.0000,0.0000,14,0,0,0,0,2,0,0,0,0
zc,TA301,2012-06-06 09:05:41.727,7252.0000,93020,0,0.0000,0.0000,0,0,多换,B,7248.0000,0.0000,0.0000,0.0000,0.0000,7250.0000,0.0000,0.0000,0.0000,0.0000,14,0,0,0,0,1,0,0,0,0
zc,TA301,2012-06-06 09:05:42.477,7252.0000,93014,-6,0.0000,6.0000,0,6,双平,B,7250.0000,0.0000,0.0000,0.0000,0.0000,7252.0000,0.0000,0.0000,0.0000,0.0000,1,0,0,0,0,1,0,0,0,0
zc,TA301,2012-06-06 09:05:43.023,7250.0000,93014,0,0.0000,2.0000,1,1,空换,S,7248.0000,0.0000,0.0000,0.0000,0.0000,7252.0000,0.0000,0.0000,0.0000,0.0000,14,0,0,0,0,1,0,0,0,0
zc,TA301,2012-06-06 09:05:43.757,7250.0000,93014,0,0.0000,0.0000,0,0,空换,S,7250.0000,0.0000,0.0000,0.0000,0.0000,7252.0000,0.0000,0.0000,0.0000,0.0000,5,0,0,0,0,1,0,0,0,0
zc,TA301,2012-06-06 09:05:44.287,7252.0000,93018,4,0.0000,20.0000,12,8,多开,B,7252.0000,0.0000,0.0000,0.0000,0.0000,7254.0000,0.0000,0.0000,0.0000,0.0000,6,0,0,0,0,10,0,0,0,0
zc,TA301,2012-06-06 09:05:44.990,7252.0000,93028,10,0.0000,16.0000,13,3,多开,B,7250.0000,0.0000,0.0000,0.0000,0.0000,7254.0000,0.0000,0.0000,0.0000,0.0000,5,0,0,0,0,53,0,0,0,0
zc,TA301,2012-06-06 09:05:46.273,7250.0000,93028,0,0.0000,4.0000,2,2,空换,S,7250.0000,0.0000,0.0000,0.0000,0.0000,7252.0000,0.0000,0.0000,0.0000,0.0000,4,0,0,0,0,35,0,0,0,0
zc,TA301,2012-06-06 09:05:46.773,7252.0000,93020,-8,0.0000,14.0000,3,11,空平,B,7250.0000,0.0000,0.0000,0.0000,0.0000,7252.0000,0.0000,0.0000,0.0000,0.0000,4,0,0,0,0,44,0,0,0,0
zc,TA301,2012-06-06 09:05:47.960,7250.0000,93034,14,0.0000,14.0000,14,0,双开,S,7248.0000,0.0000,0.0000,0.0000,0.0000,7250.0000,0.0000,0.0000,0.0000,0.0000,13,0,0,0,0,7,0,0,0,0
zc,TA301,2012-06-06 09:05:48.990,7250.0000,93038,4,0.0000,4.0000,4,0,双开,S,7248.0000,0.0000,0.0000,0.0000,0.0000,7250.0000,0.0000,0.0000,0.0000,0.0000,13,0,0,0,0,5,0,0,0,0
zc,TA301,2012-06-06 09:05:49.523,7250.0000,93040,2,0.0000,2.0000,2,0,双开,S,7248.0000,0.0000,0.0000,0.0000,0.0000,7250.0000,0.0000,0.0000,0.0000,0.0000,13,0,0,0,0,4,0,0,0,0
zc,TA301,2012-06-06 09:05:50.507,7250.0000,93054,14,0.0000,14.0000,14,0,双开,S,7250.0000,0.0000,0.0000,0.0000,0.0000,7252.0000,0.0000,0.0000,0.0000,0.0000,3,0,0,0,0,47,0,0,0,0
zc,TA301,2012-06-06 09:05:51.037,7250.0000,93060,6,0.0000,6.0000,6,0,双开,S,7248.0000,0.0000,0.0000,0.0000,0.0000,7252.0000,0.0000,0.0000,0.0000,0.0000,13,0,0,0,0,44,0,0,0,0
zc,TA301,2012-06-06 09:05:51.773,7250.0000,93060,0,0.0000,0.0000,0,0,空换,S,7248.0000,0.0000,0.0000,0.0000,0.0000,7250.0000,0.0000,0.0000,0.0000,0.0000,13,0,0,0,0,12,0,0,0,0
zc,TA301,2012-06-06 09:05:52.240,7250.0000,93074,14,0.0000,14.0000,14,0,双开,S,7248.0000,0.0000,0.0000,0.0000,0.0000,7250.0000,0.0000,0.0000,0.0000,0.0000,13,0,0,0,0,4,0,0,0,0
zc,TA301,2012-06-06 09:05:52.977,7250.0000,93078,4,0.0000,4.0000,4,0,双开,S,7248.0000,0.0000,0.0000,0.0000,0.0000,7250.0000,0.0000,0.0000,0.0000,0.0000,12,0,0,0,0,16,0,0,0,0
zc,TA301,2012-06-06 09:05:53.490,7248.0000,93102,24,0.0000,24.0000,24,0,双开,S,7246.0000,0.0000,0.0000,0.0000,0.0000,7250.0000,0.0000,0.0000,0.0000,0.0000,42,0,0,0,0,28,0,0,0,0
zc,TA301,2012-06-06 09:05:54.210,7250.0000,93104,2,0.0000,2.0000,2,0,双开,B,7246.0000,0.0000,0.0000,0.0000,0.0000,7250.0000,0.0000,0.0000,0.0000,0.0000,43,0,0,0,0,27,0,0,0,0
zc,TA301,2012-06-06 09:05:54.490,7250.0000,93106,2,0.0000,2.0000,2,0,双开,B,7248.0000,0.0000,0.0000,0.0000,0.0000,7250.0000,0.0000,0.0000,0.0000,0.0000,2,0,0,0,0,28,0,0,0,0
zc,TA301,2012-06-06 09:05:55.990,7250.0000,93106,0,0.0000,2.0000,1,1,多换,B,7248.0000,0.0000,0.0000,0.0000,0.0000,7250.0000,0.0000,0.0000,0.0000,0.0000,2,0,0,0,0,27,0,0,0,0
zc,TA301,2012-06-06 09:05:56.210,7250.0000,93108,2,0.0000,2.0000,2,0,双开,B,7248.0000,0.0000,0.0000,0.0000,0.0000,7250.0000,0.0000,0.0000,0.0000,0.0000,2,0,0,0,0,31,0,0,0,0
zc,TA301,2012-06-06 09:05:56.990,7248.0000,93110,2,0.0000,4.0000,3,1,空开,S,7248.0000,0.0000,0.0000,0.0000,0.0000,7250.0000,0.0000,0.0000,0.0000,0.0000,3,0,0,0,0,30,0,0,0,0
zc,TA301,2012-06-06 09:05:57.460,7248.0000,93110,0,0.0000,2.0000,1,1,空换,S,7248.0000,0.0000,0.0000,0.0000,0.0000,7250.0000,0.0000,0.0000,0.0000,0.0000,2,0,0,0,0,31,0,0,0,0
zc,TA301,2012-06-06 09:05:58.240,7246.0000,93110,0,0.0000,6.0000,3,3,空换,S,7246.0000,0.0000,0.0000,0.0000,0.0000,7250.0000,0.0000,0.0000,0.0000,0.0000,42,0,0,0,0,31,0,0,0,0
zc,TA301,2012-06-06 09:05:58.710,7246.0000,93110,0,0.0000,0.0000,0,0,空换,S,7246.0000,0.0000,0.0000,0.0000,0.0000,7248.0000,0.0000,0.0000,0.0000,0.0000,42,0,0,0,0,5,0,0,0,0
zc,TA301,2012-06-06 09:05:59.697,7246.0000,93110,0,0.0000,2.0000,1,1,空换,S,7246.0000,0.0000,0.0000,0.0000,0.0000,7248.0000,0.0000,0.0000,0.0000,0.0000,41,0,0,0,0,8,0,0,0,0
zc,TA301,2012-06-06 09:06:00.477,7246.0000,93110,0,0.0000,0.0000,0,0,空换,S,7246.0000,0.0000,0.0000,0.0000,0.0000,7248.0000,0.0000,0.0000,0.0000,0.0000,29,0,0,0,0,8,0,0,0,0
zc,TA301,2012-06-06 09:06:01.197,7246.0000,93110,0,0.0000,0.0000,0,0,空换,S,7246.0000,0.0000,0.0000,0.0000,0.0000,7248.0000,0.0000,0.0000,0.0000,0.0000,29,0,0,0,0,9,0,0,0,0
zc,TA301,2012-06-06 09:06:02.490,7246.0000,93110,0,0.0000,6.0000,3,3,空换,S,7246.0000,0.0000,0.0000,0.0000,0.0000,7248.0000,0.0000,0.0000,0.0000,0.0000,26,0,0,0,0,9,0,0,0,0
zc,TA301,2012-06-06 09:06:02.990,7246.0000,93130,20,0.0000,20.0000,20,0,双开,S,7246.0000,0.0000,0.0000,0.0000,0.0000,7248.0000,0.0000,0.0000,0.0000,0.0000,16,0,0,0,0,9,0,0,0,0
zc,TA301,2012-06-06 09:06:03.757,7246.0000,93130,0,0.0000,2.0000,1,1,空换,S,7246.0000,0.0000,0.0000,0.0000,0.0000,7248.0000,0.0000,0.0000,0.0000,0.0000,15,0,0,0,0,31,0,0,0,0
zc,TA301,2012-06-06 09:06:03.960,7246.0000,93132,2,0.0000,2.0000,2,0,双开,S,7246.0000,0.0000,0.0000,0.0000,0.0000,7248.0000,0.0000,0.0000,0.0000,0.0000,14,0,0,0,0,37,0,0,0,0
zc,TA301,2012-06-06 09:06:04.727,7248.0000,93134,2,0.0000,2.0000,2,0,双开,B,7246.0000,0.0000,0.0000,0.0000,0.0000,7248.0000,0.0000,0.0000,0.0000,0.0000,14,0,0,0,0,36,0,0,0,0
zc,TA301,2012-06-06 09:06:05.197,7248.0000,93134,0,0.0000,0.0000,0,0,多换,B,7246.0000,0.0000,0.0000,0.0000,0.0000,7248.0000,0.0000,0.0000,0.0000,0.0000,14,0,0,0,0,35,0,0,0,0
zc,TA301,2012-06-06 09:06:06.210,7246.0000,93134,0,0.0000,4.0000,2,2,空换,S,7246.0000,0.0000,0.0000,0.0000,0.0000,7248.0000,0.0000,0.0000,0.0000,0.0000,12,0,0,0,0,35,0,0,0,0
zc,TA301,2012-06-06 09:06:07.430,7246.0000,93138,4,0.0000,4.0000,4,0,双开,S,7246.0000,0.0000,0.0000,0.0000,0.0000,7248.0000,0.0000,0.0000,0.0000,0.0000,10,0,0,0,0,35,0,0,0,0
zc,TA301,2012-06-06 09:06:07.947,7246.0000,93158,20,0.0000,20.0000,20,0,双开,S,7244.0000,0.0000,0.0000,0.0000,0.0000,7248.0000,0.0000,0.0000,0.0000,0.0000,2,0,0,0,0,26,0,0,0,0
zc,TA301,2012-06-06 09:06:08.960,7242.0000,93178,20,0.0000,20.0000,20,0,双开,S,7242.0000,0.0000,0.0000,0.0000,0.0000,7248.0000,0.0000,0.0000,0.0000,0.0000,27,0,0,0,0,27,0,0,0,0
zc,TA301,2012-06-06 09:06:09.757,7248.0000,93180,2,0.0000,2.0000,2,0,双开,B,7244.0000,0.0000,0.0000,0.0000,0.0000,7248.0000,0.0000,0.0000,0.0000,0.0000,18,0,0,0,0,26,0,0,0,0
zc,TA301,2012-06-06 09:06:10.460,7246.0000,93174,-6,0.0000,6.0000,0,6,双平,S,7244.0000,0.0000,0.0000,0.0000,0.0000,7246.0000,0.0000,0.0000,0.0000,0.0000,18,0,0,0,0,7,0,0,0,0
zc,TA301,2012-06-06 09:06:11.773,7244.0000,93172,-2,0.0000,4.0000,1,3,多平,S,7244.0000,0.0000,0.0000,0.0000,0.0000,7246.0000,0.0000,0.0000,0.0000,0.0000,17,0,0,0,0,6,0,0,0,0
zc,TA301,2012-06-06 09:06:13.240,7244.0000,93166,-6,0.0000,6.0000,0,6,双平,S,7244.0000,0.0000,0.0000,0.0000,0.0000,7246.0000,0.0000,0.0000,0.0000,0.0000,14,0,0,0,0,6,0,0,0,0
zc,TA301,2012-06-06 09:06:13.990,7244.0000,93164,-2,0.0000,22.0000,10,12,多平,S,7244.0000,0.0000,0.0000,0.0000,0.0000,7246.0000,0.0000,0.0000,0.0000,0.0000,3,0,0,0,0,6,0,0,0,0
zc,TA301,2012-06-06 09:06:14.460,7244.0000,93164,0,0.0000,2.0000,1,1,空换,S,7244.0000,0.0000,0.0000,0.0000,0.0000,7246.0000,0.0000,0.0000,0.0000,0.0000,5,0,0,0,0,6,0,0,0,0
zc,TA301,2012-06-06 09:06:15.740,7244.0000,93164,0,0.0000,0.0000,0,0,空换,S,7244.0000,0.0000,0.0000,0.0000,0.0000,7246.0000,0.0000,0.0000,0.0000,0.0000,8,0,0,0,0,6,0,0,0,0
zc,TA301,2012-06-06 09:06:16.507,7244.0000,93164,0,0.0000,4.0000,2,2,空换,S,7244.0000,0.0000,0.0000,0.0000,0.0000,7246.0000,0.0000,0.0000,0.0000,0.0000,7,0,0,0,0,5,0,0,0,0
zc,TA301,2012-06-06 09:06:16.977,7244.0000,93164,0,0.0000,2.0000,1,1,空换,S,7244.0000,0.0000,0.0000,0.0000,0.0000,7246.0000,0.0000,0.0000,0.0000,0.0000,6,0,0,0,0,5,0,0,0,0
zc,TA301,2012-06-06 09:06:17.740,7244.0000,93166,2,0.0000,2.0000,2,0,双开,S,7244.0000,0.0000,0.0000,0.0000,0.0000,7246.0000,0.0000,0.0000,0.0000,0.0000,24,0,0,0,0,5,0,0,0,0
zc,TA301,2012-06-06 09:06:19.990,7244.0000,93168,2,0.0000,2.0000,2,0,双开,S,7244.0000,0.0000,0.0000,0.0000,0.0000,7246.0000,0.0000,0.0000,0.0000,0.0000,27,0,0,0,0,5,0,0,0,0
zc,TA301,2012-06-06 09:06:20.710,7244.0000,93172,4,0.0000,6.0000,5,1,空开,S,7244.0000,0.0000,0.0000,0.0000,0.0000,7246.0000,0.0000,0.0000,0.0000,0.0000,25,0,0,0,0,4,0,0,0,0
zc,TA301,2012-06-06 09:06:21.273,7244.0000,93172,0,0.0000,0.0000,0,0,空换,S,7244.0000,0.0000,0.0000,0.0000,0.0000,7246.0000,0.0000,0.0000,0.0000,0.0000,26,0,0,0,0,6,0,0,0,0
zc,TA301,2012-06-06 09:06:21.697,7246.0000,93166,-6,0.0000,6.0000,0,6,双平,B,7244.0000,0.0000,0.0000,0.0000,0.0000,7246.0000,0.0000,0.0000,0.0000,0.0000,25,0,0,0,0,3,0,0,0,0
zc,TA301,2012-06-06 09:06:22.197,7244.0000,93166,0,0.0000,10.0000,5,5,空换,S,7244.0000,0.0000,0.0000,0.0000,0.0000,7246.0000,0.0000,0.0000,0.0000,0.0000,21,0,0,0,0,3,0,0,0,0
zc,TA301,2012-06-06 09:06:22.977,7244.0000,93146,-20,0.0000,20.0000,0,20,双平,S,7244.0000,0.0000,0.0000,0.0000,0.0000,7246.0000,0.0000,0.0000,0.0000,0.0000,4,0,0,0,0,3,0,0,0,0
zc,TA301,2012-06-06 09:06:23.523,7244.0000,93148,2,0.0000,2.0000,2,0,双开,S,7244.0000,0.0000,0.0000,0.0000,0.0000,7246.0000,0.0000,0.0000,0.0000,0.0000,6,0,0,0,0,3,0,0,0,0
zc,TA301,2012-06-06 09:06:24.227,7246.0000,93150,2,0.0000,6.0000,4,2,多开,B,7246.0000,0.0000,0.0000,0.0000,0.0000,7248.0000,0.0000,0.0000,0.0000,0.0000,17,0,0,0,0,12,0,0,0,0
zc,TA301,2012-06-06 09:06:25.007,7246.0000,93150,0,0.0000,0.0000,0,0,多换,B,7246.0000,0.0000,0.0000,0.0000,0.0000,7248.0000,0.0000,0.0000,0.0000,0.0000,18,0,0,0,0,2,0,0,0,0
zc,TA301,2012-06-06 09:06:25.227,7246.0000,93150,0,0.0000,10.0000,5,5,多换,B,7246.0000,0.0000,0.0000,0.0000,0.0000,7248.0000,0.0000,0.0000,0.0000,0.0000,13,0,0,0,0,2,0,0,0,0
zc,TA301,2012-06-06 09:06:25.960,7246.0000,93150,0,0.0000,2.0000,1,1,多换,B,7246.0000,0.0000,0.0000,0.0000,0.0000,7248.0000,0.0000,0.0000,0.0000,0.0000,12,0,0,0,0,2,0,0,0,0
zc,TA301,2012-06-06 09:06:27.210,7246.0000,93150,0,0.0000,0.0000,0,0,多换,B,7246.0000,0.0000,0.0000,0.0000,0.0000,7248.0000,0.0000,0.0000,0.0000,0.0000,12,0,0,0,0,3,0,0,0,0
zc,TA301,2012-06-06 09:06:27.710,7246.0000,93170,20,0.0000,20.0000,20,0,双开,B,7246.0000,0.0000,0.0000,0.0000,0.0000,7248.0000,0.0000,0.0000,0.0000,0.0000,3,0,0,0,0,3,0,0,0,0
zc,TA301,2012-06-06 09:06:28.977,7246.0000,93170,0,0.0000,0.0000,0,0,多换,B,7246.0000,0.0000,0.0000,0.0000,0.0000,7248.0000,0.0000,0.0000,0.0000,0.0000,3,0,0,0,0,4,0,0,0,0
zc,TA301,2012-06-06 09:06:30.773,7246.0000,93174,4,0.0000,10.0000,7,3,多开,B,7244.0000,0.0000,0.0000,0.0000,0.0000,7246.0000,0.0000,0.0000,0.0000,0.0000,8,0,0,0,0,1,0,0,0,0
zc,TA301,2012-06-06 09:06:31.490,7246.0000,93174,0,0.0000,0.0000,0,0,多换,B,7244.0000,0.0000,0.0000,0.0000,0.0000,7246.0000,0.0000,0.0000,0.0000,0.0000,8,0,0,0,0,3,0,0,0,0
zc,TA301,2012-06-06 09:06:34.523,7244.0000,93190,16,0.0000,16.0000,16,0,双开,S,7242.0000,0.0000,0.0000,0.0000,0.0000,7246.0000,0.0000,0.0000,0.0000,0.0000,37,0,0,0,0,3,0,0,0,0
zc,TA301,2012-06-06 09:06:35.273,7244.0000,93190,0,0.0000,0.0000,0,0,空换,S,7242.0000,0.0000,0.0000,0.0000,0.0000,7246.0000,0.0000,0.0000,0.0000,0.0000,37,0,0,0,0,4,0,0,0,0
zc,TA301,2012-06-06 09:06:36.490,7244.0000,93190,0,0.0000,0.0000,0,0,空换,S,7244.0000,0.0000,0.0000,0.0000,0.0000,7246.0000,0.0000,0.0000,0.0000,0.0000,7,0,0,0,0,4,0,0,0,0
zc,TA301,2012-06-06 09:06:37.007,7244.0000,93190,0,0.0000,14.0000,7,7,空换,S,7242.0000,0.0000,0.0000,0.0000,0.0000,7244.0000,0.0000,0.0000,0.0000,0.0000,30,0,0,0,0,14,0,0,0,0
zc,TA301,2012-06-06 09:06:37.727,7242.0000,93220,30,0.0000,46.0000,38,8,空开,S,7242.0000,0.0000,0.0000,0.0000,0.0000,7244.0000,0.0000,0.0000,0.0000,0.0000,8,0,0,0,0,2,0,0,0,0
zc,TA301,2012-06-06 09:06:38.257,7242.0000,93222,2,0.0000,6.0000,4,2,空开,S,7242.0000,0.0000,0.0000,0.0000,0.0000,7244.0000,0.0000,0.0000,0.0000,0.0000,5,0,0,0,0,1,0,0,0,0
zc,TA301,2012-06-06 09:06:39.007,7242.0000,93222,0,0.0000,0.0000,0,0,空换,S,7242.0000,0.0000,0.0000,0.0000,0.0000,7246.0000,0.0000,0.0000,0.0000,0.0000,8,0,0,0,0,3,0,0,0,0
zc,TA301,2012-06-06 09:06:39.490,7242.0000,93222,0,0.0000,2.0000,1,1,空换,S,7242.0000,0.0000,0.0000,0.0000,0.0000,7244.0000,0.0000,0.0000,0.0000,0.0000,5,0,0,0,0,1,0,0,0,0
zc,TA301,2012-06-06 09:06:40.257,7242.0000,93222,0,0.0000,20.0000,10,10,空换,S,7242.0000,0.0000,0.0000,0.0000,0.0000,7246.0000,0.0000,0.0000,0.0000,0.0000,10,0,0,0,0,4,0,0,0,0
zc,TA301,2012-06-06 09:06:40.740,7242.0000,93222,0,0.0000,2.0000,1,1,空换,S,7242.0000,0.0000,0.0000,0.0000,0.0000,7246.0000,0.0000,0.0000,0.0000,0.0000,9,0,0,0,0,4,0,0,0,0
zc,TA301,2012-06-06 09:06:41.257,7242.0000,93224,2,0.0000,6.0000,4,2,空开,S,7242.0000,0.0000,0.0000,0.0000,0.0000,7246.0000,0.0000,0.0000,0.0000,0.0000,7,0,0,0,0,4,0,0,0,0
zc,TA301,2012-06-06 09:06:42.007,7242.0000,93224,0,0.0000,0.0000,0,0,空换,S,7242.0000,0.0000,0.0000,0.0000,0.0000,7246.0000,0.0000,0.0000,0.0000,0.0000,7,0,0,0,0,3,0,0,0,0
zc,TA301,2012-06-06 09:06:42.490,7242.0000,93226,2,0.0000,2.0000,2,0,双开,S,7242.0000,0.0000,0.0000,0.0000,0.0000,7246.0000,0.0000,0.0000,0.0000,0.0000,6,0,0,0,0,3,0,0,0,0
zc,TA301,2012-06-06 09:06:43.273,7242.0000,93226,0,0.0000,0.0000,0,0,空换,S,7242.0000,0.0000,0.0000,0.0000,0.0000,7246.0000,0.0000,0.0000,0.0000,0.0000,1,0,0,0,0,4,0,0,0,0
zc,TA301,2012-06-06 09:06:44.537,7242.0000,93226,0,0.0000,0.0000,0,0,空换,S,7242.0000,0.0000,0.0000,0.0000,0.0000,7246.0000,0.0000,0.0000,0.0000,0.0000,1,0,0,0,0,14,0,0,0,0
