市场代码,合约代码,时间,最新,持仓,增仓,成交额,成交量,开仓,平仓,成交类型,方向,买一价,买二价,买三价,买四价,买五价,卖一价,卖二价,卖三价,卖四价,卖五价,买一量,买二量,买三量,买四量,买五量,卖一量,卖二量,卖三量,卖四量,卖五量
zc,TA305,2012-06-06 08:22:26.960,0.0000,528,0,0.0000,0.0000,0,0,空换,S,0.0000,0.0000,0.0000,0.0000,0.0000,0.0000,0.0000,0.0000,0.0000,0.0000,0,0,0,0,0,0,0,0,0,0
zc,TA305,2012-06-06 08:37:26.947,0.0000,528,0,0.0000,0.0000,0,0,空换,S,0.0000,0.0000,0.0000,0.0000,0.0000,0.0000,0.0000,0.0000,0.0000,0.0000,0,0,0,0,0,0,0,0,0,0
zc,TA305,2012-06-06 08:42:26.947,0.0000,528,0,0.0000,0.0000,0,0,空换,S,0.0000,0.0000,0.0000,0.0000,0.0000,0.0000,0.0000,0.0000,0.0000,0.0000,0,0,0,0,0,0,0,0,0,0
zc,TA305,2012-06-06 08:43:26.930,0.0000,528,0,0.0000,0.0000,0,0,空换,S,0.0000,0.0000,0.0000,0.0000,0.0000,0.0000,0.0000,0.0000,0.0000,0.0000,0,0,0,0,0,0,0,0,0,0
zc,TA305,2012-06-06 08:44:26.930,0.0000,528,0,0.0000,0.0000,0,0,空换,S,0.0000,0.0000,0.0000,0.0000,0.0000,0.0000,0.0000,0.0000,0.0000,0.0000,0,0,0,0,0,0,0,0,0,0
zc,TA305,2012-06-06 08:46:26.930,0.0000,528,0,0.0000,0.0000,0,0,空换,S,0.0000,0.0000,0.0000,0.0000,0.0000,0.0000,0.0000,0.0000,0.0000,0.0000,0,0,0,0,0,0,0,0,0,0
zc,TA305,2012-06-06 08:47:26.930,0.0000,528,0,0.0000,0.0000,0,0,空换,S,0.0000,0.0000,0.0000,0.0000,0.0000,0.0000,0.0000,0.0000,0.0000,0.0000,0,0,0,0,0,0,0,0,0,0
zc,TA305,2012-06-06 08:48:26.930,0.0000,528,0,0.0000,0.0000,0,0,空换,S,0.0000,0.0000,0.0000,0.0000,0.0000,0.0000,0.0000,0.0000,0.0000,0.0000,0,0,0,0,0,0,0,0,0,0
zc,TA305,2012-06-06 08:49:26.930,0.0000,528,0,0.0000,0.0000,0,0,空换,S,0.0000,0.0000,0.0000,0.0000,0.0000,0.0000,0.0000,0.0000,0.0000,0.0000,0,0,0,0,0,0,0,0,0,0
zc,TA305,2012-06-06 08:51:26.930,0.0000,528,0,0.0000,0.0000,0,0,空换,S,0.0000,0.0000,0.0000,0.0000,0.0000,0.0000,0.0000,0.0000,0.0000,0.0000,0,0,0,0,0,0,0,0,0,0
zc,TA305,2012-06-06 08:54:26.913,0.0000,528,0,0.0000,0.0000,0,0,空换,S,0.0000,0.0000,0.0000,0.0000,0.0000,0.0000,0.0000,0.0000,0.0000,0.0000,0,0,0,0,0,0,0,0,0,0
zc,TA305,2012-06-06 08:56:26.930,0.0000,528,0,0.0000,0.0000,0,0,空换,S,0.0000,0.0000,0.0000,0.0000,0.0000,0.0000,0.0000,0.0000,0.0000,0.0000,0,0,0,0,0,0,0,0,0,0
zc,TA305,2012-06-06 08:57:26.930,0.0000,528,0,0.0000,0.0000,0,0,空换,S,0.0000,0.0000,0.0000,0.0000,0.0000,0.0000,0.0000,0.0000,0.0000,0.0000,0,0,0,0,0,0,0,0,0,0
zc,TA305,2012-06-06 09:00:01.100,0.0000,528,0,0.0000,0.0000,0,0,空换,S,7282.0000,0.0000,0.0000,0.0000,0.0000,7364.0000,0.0000,0.0000,0.0000,0.0000,2,0,0,0,0,1,0,0,0,0
zc,TA305,2012-06-06 09:00:01.913,0.0000,528,0,0.0000,0.0000,0,0,空换,S,7282.0000,0.0000,0.0000,0.0000,0.0000,7348.0000,0.0000,0.0000,0.0000,0.0000,2,0,0,0,0,3,0,0,0,0
zc,TA305,2012-06-06 09:00:02.897,0.0000,528,0,0.0000,0.0000,0,0,空换,S,7308.0000,0.0000,0.0000,0.0000,0.0000,7336.0000,0.0000,0.0000,0.0000,0.0000,1,0,0,0,0,2,0,0,0,0
zc,TA305,2012-06-06 09:00:03.350,0.0000,528,0,0.0000,0.0000,0,0,空换,S,7306.0000,0.0000,0.0000,0.0000,0.0000,7336.0000,0.0000,0.0000,0.0000,0.0000,1,0,0,0,0,2,0,0,0,0
zc,TA305,2012-06-06 09:00:03.850,0.0000,528,0,0.0000,0.0000,0,0,空换,S,7306.0000,0.0000,0.0000,0.0000,0.0000,7334.0000,0.0000,0.0000,0.0000,0.0000,1,0,0,0,0,2,0,0,0,0
zc,TA305,2012-06-06 09:00:04.337,0.0000,528,0,0.0000,0.0000,0,0,空换,S,7310.0000,0.0000,0.0000,0.0000,0.0000,7334.0000,0.0000,0.0000,0.0000,0.0000,1,0,0,0,0,2,0,0,0,0
zc,TA305,2012-06-06 09:00:05.133,0.0000,528,0,0.0000,0.0000,0,0,空换,S,7306.0000,0.0000,0.0000,0.0000,0.0000,7332.0000,0.0000,0.0000,0.0000,0.0000,1,0,0,0,0,2,0,0,0,0
zc,TA305,2012-06-06 09:00:05.383,0.0000,528,0,0.0000,0.0000,0,0,空换,S,7306.0000,0.0000,0.0000,0.0000,0.0000,7334.0000,0.0000,0.0000,0.0000,0.0000,1,0,0,0,0,2,0,0,0,0
zc,TA305,2012-06-06 09:00:06.367,0.0000,528,0,0.0000,0.0000,0,0,空换,S,7306.0000,0.0000,0.0000,0.0000,0.0000,7330.0000,0.0000,0.0000,0.0000,0.0000,1,0,0,0,0,1,0,0,0,0
zc,TA305,2012-06-06 09:00:07.850,0.0000,528,0,0.0000,0.0000,0,0,空换,S,7312.0000,0.0000,0.0000,0.0000,0.0000,7330.0000,0.0000,0.0000,0.0000,0.0000,1,0,0,0,0,1,0,0,0,0
zc,TA305,2012-06-06 09:00:09.133,0.0000,528,0,0.0000,0.0000,0,0,空换,S,7312.0000,0.0000,0.0000,0.0000,0.0000,7328.0000,0.0000,0.0000,0.0000,0.0000,1,0,0,0,0,1,0,0,0,0
zc,TA305,2012-06-06 09:00:11.367,0.0000,528,0,0.0000,0.0000,0,0,空换,S,7312.0000,0.0000,0.0000,0.0000,0.0000,7330.0000,0.0000,0.0000,0.0000,0.0000,1,0,0,0,0,1,0,0,0,0
zc,TA305,2012-06-06 09:00:11.850,0.0000,528,0,0.0000,0.0000,0,0,空换,S,7316.0000,0.0000,0.0000,0.0000,0.0000,7328.0000,0.0000,0.0000,0.0000,0.0000,1,0,0,0,0,1,0,0,0,0
zc,TA305,2012-06-06 09:00:12.383,0.0000,528,0,0.0000,0.0000,0,0,空换,S,7312.0000,0.0000,0.0000,0.0000,0.0000,7326.0000,0.0000,0.0000,0.0000,0.0000,1,0,0,0,0,1,0,0,0,0
zc,TA305,2012-06-06 09:00:13.303,0.0000,528,0,0.0000,0.0000,0,0,空换,S,7314.0000,0.0000,0.0000,0.0000,0.0000,7328.0000,0.0000,0.0000,0.0000,0.0000,1,0,0,0,0,1,0,0,0,0
zc,TA305,2012-06-06 09:00:14.587,0.0000,528,0,0.0000,0.0000,0,0,空换,S,7316.0000,0.0000,0.0000,0.0000,0.0000,7328.0000,0.0000,0.0000,0.0000,0.0000,1,0,0,0,0,1,0,0,0,0
zc,TA305,2012-06-06 09:00:15.070,0.0000,528,0,0.0000,0.0000,0,0,空换,S,7318.0000,0.0000,0.0000,0.0000,0.0000,7332.0000,0.0000,0.0000,0.0000,0.0000,1,0,0,0,0,1,0,0,0,0
zc,TA305,2012-06-06 09:00:16.570,0.0000,528,0,0.0000,0.0000,0,0,空换,S,7320.0000,0.0000,0.0000,0.0000,0.0000,7332.0000,0.0000,0.0000,0.0000,0.0000,1,0,0,0,0,1,0,0,0,0
zc,TA305,2012-06-06 09:00:17.837,0.0000,528,0,0.0000,0.0000,0,0,空换,S,7322.0000,0.0000,0.0000,0.0000,0.0000,7334.0000,0.0000,0.0000,0.0000,0.0000,1,0,0,0,0,1,0,0,0,0
zc,TA305,2012-06-06 09:00:18.600,7322.0000,528,0,0.0000,2.0000,1,1,多换,B,7320.0000,0.0000,0.0000,0.0000,0.0000,7322.0000,0.0000,0.0000,0.0000,0.0000,1,0,0,0,0,2,0,0,0,0
zc,TA305,2012-06-06 09:00:19.023,7322.0000,528,0,0.0000,0.0000,0,0,多换,B,7318.0000,0.0000,0.0000,0.0000,0.0000,7322.0000,0.0000,0.0000,0.0000,0.0000,1,0,0,0,0,2,0,0,0,0
zc,TA305,2012-06-06 09:00:19.867,7322.0000,528,0,0.0000,0.0000,0,0,多换,B,7318.0000,0.0000,0.0000,0.0000,0.0000,7334.0000,0.0000,0.0000,0.0000,0.0000,1,0,0,0,0,1,0,0,0,0
zc,TA305,2012-06-06 09:00:20.320,7322.0000,528,0,0.0000,0.0000,0,0,多换,B,7316.0000,0.0000,0.0000,0.0000,0.0000,7330.0000,0.0000,0.0000,0.0000,0.0000,1,0,0,0,0,1,0,0,0,0
zc,TA305,2012-06-06 09:00:21.867,7322.0000,528,0,0.0000,0.0000,0,0,多换,B,7320.0000,0.0000,0.0000,0.0000,0.0000,7332.0000,0.0000,0.0000,0.0000,0.0000,1,0,0,0,0,1,0,0,0,0
zc,TA305,2012-06-06 09:00:22.350,7322.0000,528,0,0.0000,0.0000,0,0,多换,B,7320.0000,0.0000,0.0000,0.0000,0.0000,7334.0000,0.0000,0.0000,0.0000,0.0000,1,0,0,0,0,1,0,0,0,0
zc,TA305,2012-06-06 09:00:23.023,7322.0000,528,0,0.0000,0.0000,0,0,多换,B,7322.0000,0.0000,0.0000,0.0000,0.0000,7334.0000,0.0000,0.0000,0.0000,0.0000,1,0,0,0,0,1,0,0,0,0
zc,TA305,2012-06-06 09:00:23.850,7322.0000,528,0,0.0000,0.0000,0,0,多换,B,7320.0000,0.0000,0.0000,0.0000,0.0000,7334.0000,0.0000,0.0000,0.0000,0.0000,1,0,0,0,0,1,0,0,0,0
zc,TA305,2012-06-06 09:00:24.337,7322.0000,528,0,0.0000,0.0000,0,0,多换,B,7320.0000,0.0000,0.0000,0.0000,0.0000,7336.0000,0.0000,0.0000,0.0000,0.0000,1,0,0,0,0,1,0,0,0,0
zc,TA305,2012-06-06 09:00:25.600,7322.0000,528,0,0.0000,0.0000,0,0,多换,B,7326.0000,0.0000,0.0000,0.0000,0.0000,7338.0000,0.0000,0.0000,0.0000,0.0000,1,0,0,0,0,1,0,0,0,0
zc,TA305,2012-06-06 09:00:26.350,7322.0000,528,0,0.0000,0.0000,0,0,多换,B,7326.0000,0.0000,0.0000,0.0000,0.0000,7340.0000,0.0000,0.0000,0.0000,0.0000,1,0,0,0,0,1,0,0,0,0
zc,TA305,2012-06-06 09:00:28.053,7322.0000,528,0,0.0000,0.0000,0,0,多换,B,7328.0000,0.0000,0.0000,0.0000,0.0000,7342.0000,0.0000,0.0000,0.0000,0.0000,1,0,0,0,0,1,0,0,0,0
zc,TA305,2012-06-06 09:00:28.850,7322.0000,528,0,0.0000,0.0000,0,0,多换,B,7326.0000,0.0000,0.0000,0.0000,0.0000,7342.0000,0.0000,0.0000,0.0000,0.0000,1,0,0,0,0,1,0,0,0,0
zc,TA305,2012-06-06 09:00:29.337,7322.0000,528,0,0.0000,0.0000,0,0,多换,B,7322.0000,0.0000,0.0000,0.0000,0.0000,7338.0000,0.0000,0.0000,0.0000,0.0000,1,0,0,0,0,1,0,0,0,0
zc,TA305,2012-06-06 09:00:30.117,7322.0000,528,0,0.0000,0.0000,0,0,多换,B,7322.0000,0.0000,0.0000,0.0000,0.0000,7342.0000,0.0000,0.0000,0.0000,0.0000,1,0,0,0,0,1,0,0,0,0
zc,TA305,2012-06-06 09:00:31.337,7322.0000,528,0,0.0000,0.0000,0,0,多换,B,7320.0000,0.0000,0.0000,0.0000,0.0000,7332.0000,0.0000,0.0000,0.0000,0.0000,1,0,0,0,0,1,0,0,0,0
zc,TA305,2012-06-06 09:00:31.850,7322.0000,528,0,0.0000,0.0000,0,0,多换,B,7320.0000,0.0000,0.0000,0.0000,0.0000,7340.0000,0.0000,0.0000,0.0000,0.0000,1,0,0,0,0,1,0,0,0,0
zc,TA305,2012-06-06 09:00:32.587,7322.0000,528,0,0.0000,0.0000,0,0,多换,B,7326.0000,0.0000,0.0000,0.0000,0.0000,7338.0000,0.0000,0.0000,0.0000,0.0000,1,0,0,0,0,1,0,0,0,0
zc,TA305,2012-06-06 09:00:33.053,7322.0000,528,0,0.0000,0.0000,0,0,多换,B,7320.0000,0.0000,0.0000,0.0000,0.0000,7334.0000,0.0000,0.0000,0.0000,0.0000,1,0,0,0,0,1,0,0,0,0
zc,TA305,2012-06-06 09:00:33.837,7322.0000,528,0,0.0000,0.0000,0,0,多换,B,7322.0000,0.0000,0.0000,0.0000,0.0000,7338.0000,0.0000,0.0000,0.0000,0.0000,1,0,0,0,0,1,0,0,0,0
zc,TA305,2012-06-06 09:00:34.303,7322.0000,528,0,0.0000,0.0000,0,0,多换,B,7322.0000,0.0000,0.0000,0.0000,0.0000,7334.0000,0.0000,0.0000,0.0000,0.0000,1,0,0,0,0,1,0,0,0,0
zc,TA305,2012-06-06 09:00:35.070,7322.0000,528,0,0.0000,0.0000,0,0,多换,B,7322.0000,0.0000,0.0000,0.0000,0.0000,7336.0000,0.0000,0.0000,0.0000,0.0000,1,0,0,0,0,1,0,0,0,0
zc,TA305,2012-06-06 09:00:35.600,7322.0000,528,0,0.0000,0.0000,0,0,多换,B,7322.0000,0.0000,0.0000,0.0000,0.0000,7338.0000,0.0000,0.0000,0.0000,0.0000,1,0,0,0,0,1,0,0,0,0
zc,TA305,2012-06-06 09:00:38.337,7322.0000,528,0,0.0000,0.0000,0,0,多换,B,7324.0000,0.0000,0.0000,0.0000,0.0000,7340.0000,0.0000,0.0000,0.0000,0.0000,1,0,0,0,0,1,0,0,0,0
zc,TA305,2012-06-06 09:00:39.273,7322.0000,528,0,0.0000,0.0000,0,0,多换,B,7328.0000,0.0000,0.0000,0.0000,0.0000,7340.0000,0.0000,0.0000,0.0000,0.0000,1,0,0,0,0,1,0,0,0,0
zc,TA305,2012-06-06 09:00:40.100,7322.0000,528,0,0.0000,0.0000,0,0,多换,B,7324.0000,0.0000,0.0000,0.0000,0.0000,7338.0000,0.0000,0.0000,0.0000,0.0000,1,0,0,0,0,1,0,0,0,0
zc,TA305,2012-06-06 09:00:41.867,7322.0000,528,0,0.0000,0.0000,0,0,多换,B,7328.0000,0.0000,0.0000,0.0000,0.0000,7340.0000,0.0000,0.0000,0.0000,0.0000,1,0,0,0,0,1,0,0,0,0
zc,TA305,2012-06-06 09:00:43.117,7322.0000,528,0,0.0000,0.0000,0,0,多换,B,7324.0000,0.0000,0.0000,0.0000,0.0000,7338.0000,0.0000,0.0000,0.0000,0.0000,1,0,0,0,0,1,0,0,0,0
zc,TA305,2012-06-06 09:00:43.570,7322.0000,528,0,0.0000,0.0000,0,0,多换,B,7326.0000,0.0000,0.0000,0.0000,0.0000,7338.0000,0.0000,0.0000,0.0000,0.0000,1,0,0,0,0,1,0,0,0,0
zc,TA305,2012-06-06 09:00:44.303,7322.0000,528,0,0.0000,0.0000,0,0,多换,B,7324.0000,0.0000,0.0000,0.0000,0.0000,7338.0000,0.0000,0.0000,0.0000,0.0000,1,0,0,0,0,1,0,0,0,0
zc,TA305,2012-06-06 09:00:44.787,7322.0000,528,0,0.0000,0.0000,0,0,多换,B,7322.0000,0.0000,0.0000,0.0000,0.0000,7336.0000,0.0000,0.0000,0.0000,0.0000,1,0,0,0,0,1,0,0,0,0
zc,TA305,2012-06-06 09:00:46.070,7322.0000,528,0,0.0000,0.0000,0,0,多换,B,7326.0000,0.0000,0.0000,0.0000,0.0000,7338.0000,0.0000,0.0000,0.0000,0.0000,1,0,0,0,0,1,0,0,0,0
zc,TA305,2012-06-06 09:00:48.787,7322.0000,528,0,0.0000,0.0000,0,0,多换,B,7322.0000,0.0000,0.0000,0.0000,0.0000,7334.0000,0.0000,0.0000,0.0000,0.0000,1,0,0,0,0,1,0,0,0,0
zc,TA305,2012-06-06 09:00:49.303,7322.0000,528,0,0.0000,0.0000,0,0,多换,B,7322.0000,0.0000,0.0000,0.0000,0.0000,7338.0000,0.0000,0.0000,0.0000,0.0000,1,0,0,0,0,1,0,0,0,0
zc,TA305,2012-06-06 09:00:50.757,7322.0000,528,0,0.0000,0.0000,0,0,多换,B,7324.0000,0.0000,0.0000,0.0000,0.0000,7338.0000,0.0000,0.0000,0.0000,0.0000,1,0,0,0,0,1,0,0,0,0
zc,TA305,2012-06-06 09:00:51.787,7322.0000,528,0,0.0000,0.0000,0,0,多换,B,7326.0000,0.0000,0.0000,0.0000,0.0000,7338.0000,0.0000,0.0000,0.0000,0.0000,1,0,0,0,0,1,0,0,0,0
zc,TA305,2012-06-06 09:00:52.553,7322.0000,528,0,0.0000,0.0000,0,0,多换,B,7328.0000,0.0000,0.0000,0.0000,0.0000,7340.0000,0.0000,0.0000,0.0000,0.0000,1,0,0,0,0,1,0,0,0,0
zc,TA305,2012-06-06 09:00:58.803,7322.0000,528,0,0.0000,0.0000,0,0,多换,B,7330.0000,0.0000,0.0000,0.0000,0.0000,7342.0000,0.0000,0.0000,0.0000,0.0000,1,0,0,0,0,1,0,0,0,0
zc,TA305,2012-06-06 09:01:02.053,7322.0000,528,0,0.0000,0.0000,0,0,多换,B,7332.0000,0.0000,0.0000,0.0000,0.0000,7344.0000,0.0000,0.0000,0.0000,0.0000,1,0,0,0,0,1,0,0,0,0
zc,TA305,2012-06-06 09:01:03.303,7322.0000,528,0,0.0000,0.0000,0,0,多换,B,7330.0000,0.0000,0.0000,0.0000,0.0000,7342.0000,0.0000,0.0000,0.0000,0.0000,1,0,0,0,0,1,0,0,0,0
zc,TA305,2012-06-06 09:01:04.037,7322.0000,528,0,0.0000,0.0000,0,0,多换,B,7330.0000,0.0000,0.0000,0.0000,0.0000,7344.0000,0.0000,0.0000,0.0000,0.0000,1,0,0,0,0,1,0,0,0,0
zc,TA305,2012-06-06 09:01:05.287,7322.0000,528,0,0.0000,0.0000,0,0,多换,B,7332.0000,0.0000,0.0000,0.0000,0.0000,7344.0000,0.0000,0.0000,0.0000,0.0000,1,0,0,0,0,1,0,0,0,0
zc,TA305,2012-06-06 09:01:06.537,7322.0000,528,0,0.0000,0.0000,0,0,多换,B,7330.0000,0.0000,0.0000,0.0000,0.0000,7342.0000,0.0000,0.0000,0.0000,0.0000,1,0,0,0,0,1,0,0,0,0
zc,TA305,2012-06-06 09:01:07.037,7322.0000,528,0,0.0000,0.0000,0,0,多换,B,7334.0000,0.0000,0.0000,0.0000,0.0000,7348.0000,0.0000,0.0000,0.0000,0.0000,1,0,0,0,0,1,0,0,0,0
zc,TA305,2012-06-06 09:01:09.507,7322.0000,528,0,0.0000,0.0000,0,0,多换,B,7334.0000,0.0000,0.0000,0.0000,0.0000,7346.0000,0.0000,0.0000,0.0000,0.0000,1,0,0,0,0,1,0,0,0,0
zc,TA305,2012-06-06 09:01:12.773,7322.0000,528,0,0.0000,0.0000,0,0,多换,B,7334.0000,0.0000,0.0000,0.0000,0.0000,7350.0000,0.0000,0.0000,0.0000,0.0000,1,0,0,0,0,1,0,0,0,0
zc,TA305,2012-06-06 09:01:13.553,7322.0000,528,0,0.0000,0.0000,0,0,多换,B,7334.0000,0.0000,0.0000,0.0000,0.0000,7348.0000,0.0000,0.0000,0.0000,0.0000,1,0,0,0,0,1,0,0,0,0
zc,TA305,2012-06-06 09:01:15.320,7322.0000,528,0,0.0000,0.0000,0,0,多换,B,7336.0000,0.0000,0.0000,0.0000,0.0000,7348.0000,0.0000,0.0000,0.0000,0.0000,1,0,0,0,0,1,0,0,0,0
zc,TA305,2012-06-06 09:01:16.837,7322.0000,528,0,0.0000,0.0000,0,0,多换,B,7334.0000,0.0000,0.0000,0.0000,0.0000,7346.0000,0.0000,0.0000,0.0000,0.0000,1,0,0,0,0,1,0,0,0,0
zc,TA305,2012-06-06 09:01:17.523,7322.0000,528,0,0.0000,0.0000,0,0,多换,B,7336.0000,0.0000,0.0000,0.0000,0.0000,7348.0000,0.0000,0.0000,0.0000,0.0000,1,0,0,0,0,1,0,0,0,0
zc,TA305,2012-06-06 09:01:18.053,7322.0000,528,0,0.0000,0.0000,0,0,多换,B,7338.0000,0.0000,0.0000,0.0000,0.0000,7350.0000,0.0000,0.0000,0.0000,0.0000,1,0,0,0,0,1,0,0,0,0
zc,TA305,2012-06-06 09:01:18.757,7322.0000,528,0,0.0000,0.0000,0,0,多换,B,7336.0000,0.0000,0.0000,0.0000,0.0000,7350.0000,0.0000,0.0000,0.0000,0.0000,1,0,0,0,0,1,0,0,0,0
zc,TA305,2012-06-06 09:01:19.303,7322.0000,528,0,0.0000,0.0000,0,0,多换,B,7334.0000,0.0000,0.0000,0.0000,0.0000,7346.0000,0.0000,0.0000,0.0000,0.0000,1,0,0,0,0,1,0,0,0,0
zc,TA305,2012-06-06 09:01:20.087,7322.0000,528,0,0.0000,0.0000,0,0,多换,B,7334.0000,0.0000,0.0000,0.0000,0.0000,7350.0000,0.0000,0.0000,0.0000,0.0000,1,0,0,0,0,1,0,0,0,0
zc,TA305,2012-06-06 09:01:22.023,7322.0000,528,0,0.0000,0.0000,0,0,多换,B,7334.0000,0.0000,0.0000,0.0000,0.0000,7350.0000,0.0000,0.0000,0.0000,0.0000,1,0,0,0,0,3,0,0,0,0
zc,TA305,2012-06-06 09:01:22.820,7322.0000,528,0,0.0000,0.0000,0,0,多换,B,7340.0000,0.0000,0.0000,0.0000,0.0000,7350.0000,0.0000,0.0000,0.0000,0.0000,1,0,0,0,0,2,0,0,0,0
zc,TA305,2012-06-06 09:01:24.507,7322.0000,528,0,0.0000,0.0000,0,0,多换,B,7342.0000,0.0000,0.0000,0.0000,0.0000,7350.0000,0.0000,0.0000,0.0000,0.0000,1,0,0,0,0,2,0,0,0,0
zc,TA305,2012-06-06 09:01:26.337,7322.0000,528,0,0.0000,0.0000,0,0,多换,B,7344.0000,0.0000,0.0000,0.0000,0.0000,7350.0000,0.0000,0.0000,0.0000,0.0000,1,0,0,0,0,2,0,0,0,0
zc,TA305,2012-06-06 09:01:26.947,7322.0000,528,0,0.0000,0.0000,0,0,多换,B,7344.0000,0.0000,0.0000,0.0000,0.0000,7350.0000,0.0000,0.0000,0.0000,0.0000,1,0,0,0,0,2,0,0,0,0
zc,TA305,2012-06-06 09:01:28.037,7322.0000,528,0,0.0000,0.0000,0,0,多换,B,7340.0000,0.0000,0.0000,0.0000,0.0000,7350.0000,0.0000,0.0000,0.0000,0.0000,1,0,0,0,0,2,0,0,0,0
zc,TA305,2012-06-06 09:01:29.553,7322.0000,528,0,0.0000,0.0000,0,0,多换,B,7346.0000,0.0000,0.0000,0.0000,0.0000,7350.0000,0.0000,0.0000,0.0000,0.0000,1,0,0,0,0,2,0,0,0,0
zc,TA305,2012-06-06 09:01:32.587,7322.0000,528,0,0.0000,0.0000,0,0,多换,B,7344.0000,0.0000,0.0000,0.0000,0.0000,7350.0000,0.0000,0.0000,0.0000,0.0000,1,0,0,0,0,2,0,0,0,0
zc,TA305,2012-06-06 09:01:34.570,7322.0000,528,0,0.0000,0.0000,0,0,多换,B,7346.0000,0.0000,0.0000,0.0000,0.0000,7350.0000,0.0000,0.0000,0.0000,0.0000,1,0,0,0,0,2,0,0,0,0
zc,TA305,2012-06-06 09:01:36.303,7322.0000,528,0,0.0000,0.0000,0,0,多换,B,7344.0000,0.0000,0.0000,0.0000,0.0000,7350.0000,0.0000,0.0000,0.0000,0.0000,1,0,0,0,0,2,0,0,0,0
zc,TA305,2012-06-06 09:01:37.087,7322.0000,528,0,0.0000,0.0000,0,0,多换,B,7340.0000,0.0000,0.0000,0.0000,0.0000,7350.0000,0.0000,0.0000,0.0000,0.0000,1,0,0,0,0,2,0,0,0,0
zc,TA305,2012-06-06 09:01:40.523,7322.0000,528,0,0.0000,0.0000,0,0,多换,B,7340.0000,0.0000,0.0000,0.0000,0.0000,7350.0000,0.0000,0.0000,0.0000,0.0000,1,0,0,0,0,3,0,0,0,0
zc,TA305,2012-06-06 09:01:41.303,7322.0000,528,0,0.0000,0.0000,0,0,多换,B,7340.0000,0.0000,0.0000,0.0000,0.0000,7350.0000,0.0000,0.0000,0.0000,0.0000,1,0,0,0,0,2,0,0,0,0
zc,TA305,2012-06-06 09:01:42.007,7322.0000,528,0,0.0000,0.0000,0,0,多换,B,7338.0000,0.0000,0.0000,0.0000,0.0000,7350.0000,0.0000,0.0000,0.0000,0.0000,1,0,0,0,0,2,0,0,0,0
zc,TA305,2012-06-06 09:01:47.523,7322.0000,528,0,0.0000,0.0000,0,0,多换,B,7336.0000,0.0000,0.0000,0.0000,0.0000,7346.0000,0.0000,0.0000,0.0000,0.0000,1,0,0,0,0,1,0,0,0,0
zc,TA305,2012-06-06 09:01:48.523,7322.0000,528,0,0.0000,0.0000,0,0,多换,B,7336.0000,0.0000,0.0000,0.0000,0.0000,7348.0000,0.0000,0.0000,0.0000,0.0000,1,0,0,0,0,1,0,0,0,0
zc,TA305,2012-06-06 09:01:49.007,7322.0000,528,0,0.0000,0.0000,0,0,多换,B,7336.0000,0.0000,0.0000,0.0000,0.0000,7350.0000,0.0000,0.0000,0.0000,0.0000,1,0,0,0,0,3,0,0,0,0
zc,TA305,2012-06-06 09:01:49.837,7322.0000,528,0,0.0000,0.0000,0,0,多换,B,7340.0000,0.0000,0.0000,0.0000,0.0000,7350.0000,0.0000,0.0000,0.0000,0.0000,1,0,0,0,0,3,0,0,0,0
zc,TA305,2012-06-06 09:01:50.507,7322.0000,528,0,0.0000,0.0000,0,0,多换,B,7338.0000,0.0000,0.0000,0.0000,0.0000,7350.0000,0.0000,0.0000,0.0000,0.0000,1,0,0,0,0,3,0,0,0,0
zc,TA305,2012-06-06 09:01:52.007,7322.0000,528,0,0.0000,0.0000,0,0,多换,B,7338.0000,0.0000,0.0000,0.0000,0.0000,7348.0000,0.0000,0.0000,0.0000,0.0000,1,0,0,0,0,1,0,0,0,0
zc,TA305,2012-06-06 09:01:54.240,7322.0000,528,0,0.0000,0.0000,0,0,多换,B,7334.0000,0.0000,0.0000,0.0000,0.0000,7344.0000,0.0000,0.0000,0.0000,0.0000,1,0,0,0,0,1,0,0,0,0
zc,TA305,2012-06-06 09:01:57.287,7322.0000,528,0,0.0000,0.0000,0,0,多换,B,7336.0000,0.0000,0.0000,0.0000,0.0000,7348.0000,0.0000,0.0000,0.0000,0.0000,1,0,0,0,0,1,0,0,0,0
zc,TA305,2012-06-06 09:01:58.007,7322.0000,528,0,0.0000,0.0000,0,0,多换,B,7334.0000,0.0000,0.0000,0.0000,0.0000,7348.0000,0.0000,0.0000,0.0000,0.0000,1,0,0,0,0,1,0,0,0,0
zc,TA305,2012-06-06 09:01:59.240,7322.0000,528,0,0.0000,0.0000,0,0,多换,B,7336.0000,0.0000,0.0000,0.0000,0.0000,7348.0000,0.0000,0.0000,0.0000,0.0000,1,0,0,0,0,1,0,0,0,0
zc,TA305,2012-06-06 09:02:01.037,7322.0000,528,0,0.0000,0.0000,0,0,多换,B,7340.0000,0.0000,0.0000,0.0000,0.0000,7350.0000,0.0000,0.0000,0.0000,0.0000,1,0,0,0,0,3,0,0,0,0
zc,TA305,2012-06-06 09:02:01.587,7322.0000,528,0,0.0000,0.0000,0,0,多换,B,7338.0000,0.0000,0.0000,0.0000,0.0000,7350.0000,0.0000,0.0000,0.0000,0.0000,1,0,0,0,0,3,0,0,0,0
zc,TA305,2012-06-06 09:02:02.787,7322.0000,528,0,0.0000,0.0000,0,0,多换,B,7338.0000,0.0000,0.0000,0.0000,0.0000,7348.0000,0.0000,0.0000,0.0000,0.0000,1,0,0,0,0,1,0,0,0,0
zc,TA305,2012-06-06 09:02:03.523,7322.0000,528,0,0.0000,0.0000,0,0,多换,B,7340.0000,0.0000,0.0000,0.0000,0.0000,7350.0000,0.0000,0.0000,0.0000,0.0000,1,0,0,0,0,3,0,0,0,0
zc,TA305,2012-06-06 09:02:04.960,7322.0000,528,0,0.0000,0.0000,0,0,多换,B,7338.0000,0.0000,0.0000,0.0000,0.0000,7350.0000,0.0000,0.0000,0.0000,0.0000,1,0,0,0,0,3,0,0,0,0
zc,TA305,2012-06-06 09:02:05.773,7322.0000,528,0,0.0000,0.0000,0,0,多换,B,7338.0000,0.0000,0.0000,0.0000,0.0000,7348.0000,0.0000,0.0000,0.0000,0.0000,1,0,0,0,0,1,0,0,0,0
zc,TA305,2012-06-06 09:02:07.570,7322.0000,528,0,0.0000,0.0000,0,0,多换,B,7338.0000,0.0000,0.0000,0.0000,0.0000,7350.0000,0.0000,0.0000,0.0000,0.0000,1,0,0,0,0,3,0,0,0,0
zc,TA305,2012-06-06 09:02:08.740,7322.0000,528,0,0.0000,0.0000,0,0,多换,B,7340.0000,0.0000,0.0000,0.0000,0.0000,7350.0000,0.0000,0.0000,0.0000,0.0000,1,0,0,0,0,3,0,0,0,0
zc,TA305,2012-06-06 09:02:10.523,7322.0000,528,0,0.0000,0.0000,0,0,多换,B,7338.0000,0.0000,0.0000,0.0000,0.0000,7350.0000,0.0000,0.0000,0.0000,0.0000,1,0,0,0,0,3,0,0,0,0
zc,TA305,2012-06-06 09:02:11.037,7322.0000,528,0,0.0000,0.0000,0,0,多换,B,7336.0000,0.0000,0.0000,0.0000,0.0000,7346.0000,0.0000,0.0000,0.0000,0.0000,1,0,0,0,0,1,0,0,0,0
zc,TA305,2012-06-06 09:02:11.507,7322.0000,528,0,0.0000,0.0000,0,0,多换,B,7336.0000,0.0000,0.0000,0.0000,0.0000,7348.0000,0.0000,0.0000,0.0000,0.0000,1,0,0,0,0,1,0,0,0,0
zc,TA305,2012-06-06 09:02:12.740,7322.0000,528,0,0.0000,0.0000,0,0,多换,B,7338.0000,0.0000,0.0000,0.0000,0.0000,7348.0000,0.0000,0.0000,0.0000,0.0000,1,0,0,0,0,1,0,0,0,0
zc,TA305,2012-06-06 09:02:13.537,7322.0000,528,0,0.0000,0.0000,0,0,多换,B,7336.0000,0.0000,0.0000,0.0000,0.0000,7346.0000,0.0000,0.0000,0.0000,0.0000,1,0,0,0,0,1,0,0,0,0
zc,TA305,2012-06-06 09:02:16.070,7322.0000,528,0,0.0000,0.0000,0,0,多换,B,7334.0000,0.0000,0.0000,0.0000,0.0000,7344.0000,0.0000,0.0000,0.0000,0.0000,1,0,0,0,0,1,0,0,0,0
zc,TA305,2012-06-06 09:02:17.350,7322.0000,528,0,0.0000,0.0000,0,0,多换,B,7336.0000,0.0000,0.0000,0.0000,0.0000,7346.0000,0.0000,0.0000,0.0000,0.0000,1,0,0,0,0,1,0,0,0,0
zc,TA305,2012-06-06 09:02:18.477,7322.0000,528,0,0.0000,0.0000,0,0,多换,B,7334.0000,0.0000,0.0000,0.0000,0.0000,7346.0000,0.0000,0.0000,0.0000,0.0000,1,0,0,0,0,1,0,0,0,0
zc,TA305,2012-06-06 09:02:19.303,7322.0000,528,0,0.0000,0.0000,0,0,多换,B,7334.0000,0.0000,0.0000,0.0000,0.0000,7348.0000,0.0000,0.0000,0.0000,0.0000,1,0,0,0,0,1,0,0,0,0
zc,TA305,2012-06-06 09:02:19.773,7322.0000,528,0,0.0000,0.0000,0,0,多换,B,7336.0000,0.0000,0.0000,0.0000,0.0000,7348.0000,0.0000,0.0000,0.0000,0.0000,1,0,0,0,0,1,0,0,0,0
zc,TA305,2012-06-06 09:02:22.037,7322.0000,528,0,0.0000,0.0000,0,0,多换,B,7336.0000,0.0000,0.0000,0.0000,0.0000,7346.0000,0.0000,0.0000,0.0000,0.0000,1,0,0,0,0,1,0,0,0,0
zc,TA305,2012-06-06 09:02:24.023,7322.0000,528,0,0.0000,0.0000,0,0,多换,B,7334.0000,0.0000,0.0000,0.0000,0.0000,7344.0000,0.0000,0.0000,0.0000,0.0000,1,0,0,0,0,1,0,0,0,0
zc,TA305,2012-06-06 09:02:27.303,7322.0000,528,0,0.0000,0.0000,0,0,多换,B,7330.0000,0.0000,0.0000,0.0000,0.0000,7342.0000,0.0000,0.0000,0.0000,0.0000,1,0,0,0,0,1,0,0,0,0
zc,TA305,2012-06-06 09:02:33.787,7322.0000,528,0,0.0000,0.0000,0,0,多换,B,7332.0000,0.0000,0.0000,0.0000,0.0000,7342.0000,0.0000,0.0000,0.0000,0.0000,1,0,0,0,0,1,0,0,0,0
zc,TA305,2012-06-06 09:02:35.070,7322.0000,528,0,0.0000,0.0000,0,0,多换,B,7330.0000,0.0000,0.0000,0.0000,0.0000,7340.0000,0.0000,0.0000,0.0000,0.0000,1,0,0,0,0,1,0,0,0,0
zc,TA305,2012-06-06 09:02:35.587,7322.0000,528,0,0.0000,0.0000,0,0,多换,B,7328.0000,0.0000,0.0000,0.0000,0.0000,7338.0000,0.0000,0.0000,0.0000,0.0000,1,0,0,0,0,1,0,0,0,0
zc,TA305,2012-06-06 09:02:36.273,7322.0000,528,0,0.0000,0.0000,0,0,多换,B,7330.0000,0.0000,0.0000,0.0000,0.0000,7340.0000,0.0000,0.0000,0.0000,0.0000,1,0,0,0,0,1,0,0,0,0
zc,TA305,2012-06-06 09:02:37.787,7322.0000,528,0,0.0000,0.0000,0,0,多换,B,7330.0000,0.0000,0.0000,0.0000,0.0000,7342.0000,0.0000,0.0000,0.0000,0.0000,1,0,0,0,0,1,0,0,0,0
zc,TA305,2012-06-06 09:02:38.787,7322.0000,528,0,0.0000,0.0000,0,0,多换,B,7328.0000,0.0000,0.0000,0.0000,0.0000,7342.0000,0.0000,0.0000,0.0000,0.0000,1,0,0,0,0,1,0,0,0,0
zc,TA305,2012-06-06 09:02:39.787,7322.0000,528,0,0.0000,0.0000,0,0,多换,B,7328.0000,0.0000,0.0000,0.0000,0.0000,7338.0000,0.0000,0.0000,0.0000,0.0000,1,0,0,0,0,1,0,0,0,0
zc,TA305,2012-06-06 09:02:43.287,7322.0000,528,0,0.0000,0.0000,0,0,多换,B,7326.0000,0.0000,0.0000,0.0000,0.0000,7338.0000,0.0000,0.0000,0.0000,0.0000,1,0,0,0,0,1,0,0,0,0
zc,TA305,2012-06-06 09:02:44.007,7322.0000,528,0,0.0000,0.0000,0,0,多换,B,7328.0000,0.0000,0.0000,0.0000,0.0000,7338.0000,0.0000,0.0000,0.0000,0.0000,1,0,0,0,0,1,0,0,0,0
zc,TA305,2012-06-06 09:02:45.303,7322.0000,528,0,0.0000,0.0000,0,0,多换,B,7330.0000,0.0000,0.0000,0.0000,0.0000,7342.0000,0.0000,0.0000,0.0000,0.0000,1,0,0,0,0,1,0,0,0,0
zc,TA305,2012-06-06 09:02:52.037,7322.0000,528,0,0.0000,0.0000,0,0,多换,B,7330.0000,0.0000,0.0000,0.0000,0.0000,7344.0000,0.0000,0.0000,0.0000,0.0000,1,0,0,0,0,1,0,0,0,0
zc,TA305,2012-06-06 09:02:57.740,7322.0000,528,0,0.0000,0.0000,0,0,多换,B,7332.0000,0.0000,0.0000,0.0000,0.0000,7344.0000,0.0000,0.0000,0.0000,0.0000,1,0,0,0,0,1,0,0,0,0
zc,TA305,2012-06-06 09:02:58.523,7322.0000,528,0,0.0000,0.0000,0,0,多换,B,7332.0000,0.0000,0.0000,0.0000,0.0000,7342.0000,0.0000,0.0000,0.0000,0.0000,1,0,0,0,0,1,0,0,0,0
zc,TA305,2012-06-06 09:03:06.273,7322.0000,528,0,0.0000,0.0000,0,0,多换,B,7334.0000,0.0000,0.0000,0.0000,0.0000,7344.0000,0.0000,0.0000,0.0000,0.0000,1,0,0,0,0,1,0,0,0,0
zc,TA305,2012-06-06 09:03:07.977,7322.0000,528,0,0.0000,0.0000,0,0,多换,B,7332.0000,0.0000,0.0000,0.0000,0.0000,7344.0000,0.0000,0.0000,0.0000,0.0000,1,0,0,0,0,1,0,0,0,0
zc,TA305,2012-06-06 09:03:08.507,7322.0000,528,0,0.0000,0.0000,0,0,多换,B,7332.0000,0.0000,0.0000,0.0000,0.0000,7342.0000,0.0000,0.0000,0.0000,0.0000,1,0,0,0,0,1,0,0,0,0
zc,TA305,2012-06-06 09:03:09.257,7322.0000,528,0,0.0000,0.0000,0,0,多换,B,7334.0000,0.0000,0.0000,0.0000,0.0000,7344.0000,0.0000,0.0000,0.0000,0.0000,1,0,0,0,0,1,0,0,0,0
zc,TA305,2012-06-06 09:03:10.477,7322.0000,528,0,0.0000,0.0000,0,0,多换,B,7332.0000,0.0000,0.0000,0.0000,0.0000,7344.0000,0.0000,0.0000,0.0000,0.0000,1,0,0,0,0,1,0,0,0,0
zc,TA305,2012-06-06 09:03:11.803,7322.0000,528,0,0.0000,0.0000,0,0,多换,B,7332.0000,0.0000,0.0000,0.0000,0.0000,7342.0000,0.0000,0.0000,0.0000,0.0000,1,0,0,0,0,1,0,0,0,0
zc,TA305,2012-06-06 09:03:14.287,7322.0000,528,0,0.0000,0.0000,0,0,多换,B,7334.0000,0.0000,0.0000,0.0000,0.0000,7344.0000,0.0000,0.0000,0.0000,0.0000,1,0,0,0,0,1,0,0,0,0
zc,TA305,2012-06-06 09:03:17.053,7322.0000,528,0,0.0000,0.0000,0,0,多换,B,7332.0000,0.0000,0.0000,0.0000,0.0000,7344.0000,0.0000,0.0000,0.0000,0.0000,1,0,0,0,0,1,0,0,0,0
zc,TA305,2012-06-06 09:03:17.507,7322.0000,528,0,0.0000,0.0000,0,0,多换,B,7334.0000,0.0000,0.0000,0.0000,0.0000,7344.0000,0.0000,0.0000,0.0000,0.0000,1,0,0,0,0,1,0,0,0,0
zc,TA305,2012-06-06 09:03:20.740,7322.0000,528,0,0.0000,0.0000,0,0,多换,B,7334.0000,0.0000,0.0000,0.0000,0.0000,7346.0000,0.0000,0.0000,0.0000,0.0000,1,0,0,0,0,1,0,0,0,0
zc,TA305,2012-06-06 09:03:22.273,7322.0000,528,0,0.0000,0.0000,0,0,多换,B,7336.0000,0.0000,0.0000,0.0000,0.0000,7346.0000,0.0000,0.0000,0.0000,0.0000,1,0,0,0,0,1,0,0,0,0
zc,TA305,2012-06-06 09:03:24.053,7322.0000,528,0,0.0000,0.0000,0,0,多换,B,7334.0000,0.0000,0.0000,0.0000,0.0000,7344.0000,0.0000,0.0000,0.0000,0.0000,1,0,0,0,0,1,0,0,0,0
zc,TA305,2012-06-06 09:03:27.087,7322.0000,528,0,0.0000,0.0000,0,0,多换,B,7336.0000,0.0000,0.0000,0.0000,0.0000,7346.0000,0.0000,0.0000,0.0000,0.0000,1,0,0,0,0,1,0,0,0,0
zc,TA305,2012-06-06 09:03:29.240,7322.0000,528,0,0.0000,0.0000,0,0,多换,B,7334.0000,0.0000,0.0000,0.0000,0.0000,7344.0000,0.0000,0.0000,0.0000,0.0000,1,0,0,0,0,1,0,0,0,0
zc,TA305,2012-06-06 09:03:30.087,7322.0000,528,0,0.0000,0.0000,0,0,多换,B,7334.0000,0.0000,0.0000,0.0000,0.0000,7346.0000,0.0000,0.0000,0.0000,0.0000,1,0,0,0,0,1,0,0,0,0
zc,TA305,2012-06-06 09:03:37.087,7322.0000,528,0,0.0000,0.0000,0,0,多换,B,7336.0000,0.0000,0.0000,0.0000,0.0000,7346.0000,0.0000,0.0000,0.0000,0.0000,1,0,0,0,0,1,0,0,0,0
zc,TA305,2012-06-06 09:03:40.257,7322.0000,528,0,0.0000,0.0000,0,0,多换,B,7334.0000,0.0000,0.0000,0.0000,0.0000,7344.0000,0.0000,0.0000,0.0000,0.0000,1,0,0,0,0,1,0,0,0,0
zc,TA305,2012-06-06 09:03:48.023,7322.0000,528,0,0.0000,0.0000,0,0,多换,B,7336.0000,0.0000,0.0000,0.0000,0.0000,7346.0000,0.0000,0.0000,0.0000,0.0000,1,0,0,0,0,1,0,0,0,0
zc,TA305,2012-06-06 09:03:49.757,7322.0000,528,0,0.0000,0.0000,0,0,多换,B,7334.0000,0.0000,0.0000,0.0000,0.0000,7346.0000,0.0000,0.0000,0.0000,0.0000,1,0,0,0,0,1,0,0,0,0
zc,TA305,2012-06-06 09:03:51.303,7322.0000,528,0,0.0000,0.0000,0,0,多换,B,7334.0000,0.0000,0.0000,0.0000,0.0000,7348.0000,0.0000,0.0000,0.0000,0.0000,1,0,0,0,0,1,0,0,0,0
zc,TA305,2012-06-06 09:03:52.257,7322.0000,528,0,0.0000,0.0000,0,0,多换,B,7336.0000,0.0000,0.0000,0.0000,0.0000,7348.0000,0.0000,0.0000,0.0000,0.0000,1,0,0,0,0,1,0,0,0,0
zc,TA305,2012-06-06 09:03:52.803,7322.0000,528,0,0.0000,0.0000,0,0,多换,B,7338.0000,0.0000,0.0000,0.0000,0.0000,7348.0000,0.0000,0.0000,0.0000,0.0000,1,0,0,0,0,1,0,0,0,0
zc,TA305,2012-06-06 09:03:57.287,7322.0000,528,0,0.0000,0.0000,0,0,多换,B,7340.0000,0.0000,0.0000,0.0000,0.0000,7350.0000,0.0000,0.0000,0.0000,0.0000,1,0,0,0,0,3,0,0,0,0
zc,TA305,2012-06-06 09:03:58.507,7322.0000,528,0,0.0000,0.0000,0,0,多换,B,7342.0000,0.0000,0.0000,0.0000,0.0000,7350.0000,0.0000,0.0000,0.0000,0.0000,1,0,0,0,0,2,0,0,0,0
zc,TA305,2012-06-06 09:04:02.773,7322.0000,528,0,0.0000,0.0000,0,0,多换,B,7340.0000,0.0000,0.0000,0.0000,0.0000,7350.0000,0.0000,0.0000,0.0000,0.0000,1,0,0,0,0,3,0,0,0,0
zc,TA305,2012-06-06 09:04:03.273,7322.0000,528,0,0.0000,0.0000,0,0,多换,B,7338.0000,0.0000,0.0000,0.0000,0.0000,7350.0000,0.0000,0.0000,0.0000,0.0000,1,0,0,0,0,2,0,0,0,0
zc,TA305,2012-06-06 09:04:04.023,7350.0000,526,-2,0.0000,2.0000,0,2,双平,B,7338.0000,0.0000,0.0000,0.0000,0.0000,7348.0000,0.0000,0.0000,0.0000,0.0000,1,0,0,0,0,1,0,0,0,0
zc,TA305,2012-06-06 09:04:05.740,7350.0000,526,0,0.0000,0.0000,0,0,多换,B,7338.0000,0.0000,0.0000,0.0000,0.0000,7350.0000,0.0000,0.0000,0.0000,0.0000,1,0,0,0,0,1,0,0,0,0
zc,TA305,2012-06-06 09:04:08.757,7350.0000,526,0,0.0000,0.0000,0,0,多换,B,7336.0000,0.0000,0.0000,0.0000,0.0000,7350.0000,0.0000,0.0000,0.0000,0.0000,1,0,0,0,0,2,0,0,0,0
zc,TA305,2012-06-06 09:04:10.087,7350.0000,526,0,0.0000,0.0000,0,0,多换,B,7336.0000,0.0000,0.0000,0.0000,0.0000,7348.0000,0.0000,0.0000,0.0000,0.0000,1,0,0,0,0,1,0,0,0,0
zc,TA305,2012-06-06 09:04:10.787,7350.0000,526,0,0.0000,0.0000,0,0,多换,B,7338.0000,0.0000,0.0000,0.0000,0.0000,7348.0000,0.0000,0.0000,0.0000,0.0000,1,0,0,0,0,1,0,0,0,0
zc,TA305,2012-06-06 09:04:13.287,7350.0000,526,0,0.0000,0.0000,0,0,多换,B,7334.0000,0.0000,0.0000,0.0000,0.0000,7348.0000,0.0000,0.0000,0.0000,0.0000,1,0,0,0,0,1,0,0,0,0
zc,TA305,2012-06-06 09:04:15.553,7350.0000,526,0,0.0000,0.0000,0,0,多换,B,7334.0000,0.0000,0.0000,0.0000,0.0000,7344.0000,0.0000,0.0000,0.0000,0.0000,1,0,0,0,0,1,0,0,0,0
zc,TA305,2012-06-06 09:04:18.007,7350.0000,526,0,0.0000,0.0000,0,0,多换,B,7334.0000,0.0000,0.0000,0.0000,0.0000,7346.0000,0.0000,0.0000,0.0000,0.0000,1,0,0,0,0,1,0,0,0,0
zc,TA305,2012-06-06 09:04:20.507,7350.0000,526,0,0.0000,0.0000,0,0,多换,B,7336.0000,0.0000,0.0000,0.0000,0.0000,7346.0000,0.0000,0.0000,0.0000,0.0000,1,0,0,0,0,1,0,0,0,0
zc,TA305,2012-06-06 09:04:23.490,7350.0000,526,0,0.0000,0.0000,0,0,多换,B,7336.0000,0.0000,0.0000,0.0000,0.0000,7344.0000,0.0000,0.0000,0.0000,0.0000,1,0,0,0,0,1,0,0,0,0
zc,TA305,2012-06-06 09:04:24.740,7350.0000,526,0,0.0000,0.0000,0,0,多换,B,7336.0000,0.0000,0.0000,0.0000,0.0000,7346.0000,0.0000,0.0000,0.0000,0.0000,1,0,0,0,0,1,0,0,0,0
zc,TA305,2012-06-06 09:04:25.460,7350.0000,526,0,0.0000,0.0000,0,0,多换,B,7338.0000,0.0000,0.0000,0.0000,0.0000,7346.0000,0.0000,0.0000,0.0000,0.0000,1,0,0,0,0,1,0,0,0,0
zc,TA305,2012-06-06 09:04:35.037,7350.0000,526,0,0.0000,0.0000,0,0,多换,B,7338.0000,0.0000,0.0000,0.0000,0.0000,7346.0000,0.0000,0.0000,0.0000,0.0000,2,0,0,0,0,1,0,0,0,0
zc,TA305,2012-06-06 09:04:39.257,7350.0000,526,0,0.0000,0.0000,0,0,多换,B,7338.0000,0.0000,0.0000,0.0000,0.0000,7348.0000,0.0000,0.0000,0.0000,0.0000,2,0,0,0,0,1,0,0,0,0
zc,TA305,2012-06-06 09:04:40.490,7350.0000,526,0,0.0000,0.0000,0,0,多换,B,7340.0000,0.0000,0.0000,0.0000,0.0000,7348.0000,0.0000,0.0000,0.0000,0.0000,1,0,0,0,0,1,0,0,0,0
zc,TA305,2012-06-06 09:04:46.257,7350.0000,526,0,0.0000,0.0000,0,0,多换,B,7340.0000,0.0000,0.0000,0.0000,0.0000,7350.0000,0.0000,0.0000,0.0000,0.0000,1,0,0,0,0,2,0,0,0,0
zc,TA305,2012-06-06 09:04:49.007,7350.0000,526,0,0.0000,0.0000,0,0,多换,B,7342.0000,0.0000,0.0000,0.0000,0.0000,7350.0000,0.0000,0.0000,0.0000,0.0000,1,0,0,0,0,2,0,0,0,0
zc,TA305,2012-06-06 09:04:54.490,7350.0000,526,0,0.0000,0.0000,0,0,多换,B,7342.0000,0.0000,0.0000,0.0000,0.0000,7350.0000,0.0000,0.0000,0.0000,0.0000,1,0,0,0,0,1,0,0,0,0
zc,TA305,2012-06-06 09:04:56.523,7350.0000,526,0,0.0000,0.0000,0,0,多换,B,7342.0000,0.0000,0.0000,0.0000,0.0000,7350.0000,0.0000,0.0000,0.0000,0.0000,1,0,0,0,0,2,0,0,0,0
zc,TA305,2012-06-06 09:04:57.740,7350.0000,526,0,0.0000,0.0000,0,0,多换,B,7344.0000,0.0000,0.0000,0.0000,0.0000,7350.0000,0.0000,0.0000,0.0000,0.0000,1,0,0,0,0,1,0,0,0,0
zc,TA305,2012-06-06 09:04:59.490,7350.0000,526,0,0.0000,0.0000,0,0,多换,B,7340.0000,0.0000,0.0000,0.0000,0.0000,7350.0000,0.0000,0.0000,0.0000,0.0000,1,0,0,0,0,1,0,0,0,0
zc,TA305,2012-06-06 09:05:01.990,7350.0000,526,0,0.0000,0.0000,0,0,多换,B,7340.0000,0.0000,0.0000,0.0000,0.0000,7350.0000,0.0000,0.0000,0.0000,0.0000,1,0,0,0,0,2,0,0,0,0
zc,TA305,2012-06-06 09:05:02.537,7350.0000,526,0,0.0000,0.0000,0,0,多换,B,7340.0000,0.0000,0.0000,0.0000,0.0000,7350.0000,0.0000,0.0000,0.0000,0.0000,1,0,0,0,0,1,0,0,0,0
zc,TA305,2012-06-06 09:05:03.227,7350.0000,526,0,0.0000,0.0000,0,0,多换,B,7340.0000,0.0000,0.0000,0.0000,0.0000,7348.0000,0.0000,0.0000,0.0000,0.0000,1,0,0,0,0,1,0,0,0,0
zc,TA305,2012-06-06 09:05:04.023,7350.0000,526,0,0.0000,0.0000,0,0,多换,B,7340.0000,0.0000,0.0000,0.0000,0.0000,7350.0000,0.0000,0.0000,0.0000,0.0000,1,0,0,0,0,2,0,0,0,0
zc,TA305,2012-06-06 09:05:04.537,7350.0000,526,0,0.0000,0.0000,0,0,多换,B,7342.0000,0.0000,0.0000,0.0000,0.0000,7350.0000,0.0000,0.0000,0.0000,0.0000,1,0,0,0,0,2,0,0,0,0
zc,TA305,2012-06-06 09:05:05.757,7350.0000,526,0,0.0000,0.0000,0,0,多换,B,7344.0000,0.0000,0.0000,0.0000,0.0000,7350.0000,0.0000,0.0000,0.0000,0.0000,1,0,0,0,0,1,0,0,0,0
zc,TA305,2012-06-06 09:05:17.287,7350.0000,526,0,0.0000,0.0000,0,0,多换,B,7346.0000,0.0000,0.0000,0.0000,0.0000,7350.0000,0.0000,0.0000,0.0000,0.0000,1,0,0,0,0,1,0,0,0,0
zc,TA305,2012-06-06 09:05:17.947,7350.0000,524,-2,0.0000,2.0000,0,2,双平,B,7346.0000,0.0000,0.0000,0.0000,0.0000,7354.0000,0.0000,0.0000,0.0000,0.0000,1,0,0,0,0,1,0,0,0,0
zc,TA305,2012-06-06 09:05:20.537,7350.0000,524,0,0.0000,0.0000,0,0,多换,B,7346.0000,0.0000,0.0000,0.0000,0.0000,7356.0000,0.0000,0.0000,0.0000,0.0000,1,0,0,0,0,1,0,0,0,0
zc,TA305,2012-06-06 09:05:22.287,7350.0000,524,0,0.0000,0.0000,0,0,多换,B,7346.0000,0.0000,0.0000,0.0000,0.0000,7354.0000,0.0000,0.0000,0.0000,0.0000,1,0,0,0,0,1,0,0,0,0
zc,TA305,2012-06-06 09:05:31.037,7354.0000,524,0,0.0000,2.0000,1,1,多换,B,7354.0000,0.0000,0.0000,0.0000,0.0000,7356.0000,0.0000,0.0000,0.0000,0.0000,1,0,0,0,0,1,0,0,0,0
zc,TA305,2012-06-06 09:05:31.537,7354.0000,522,-2,0.0000,2.0000,0,2,双平,B,7346.0000,0.0000,0.0000,0.0000,0.0000,7356.0000,0.0000,0.0000,0.0000,0.0000,1,0,0,0,0,1,0,0,0,0
zc,TA305,2012-06-06 09:05:32.287,7354.0000,522,0,0.0000,0.0000,0,0,多换,B,7348.0000,0.0000,0.0000,0.0000,0.0000,7358.0000,0.0000,0.0000,0.0000,0.0000,1,0,0,0,0,1,0,0,0,0
zc,TA305,2012-06-06 09:05:35.257,7354.0000,522,0,0.0000,0.0000,0,0,多换,B,7346.0000,0.0000,0.0000,0.0000,0.0000,7356.0000,0.0000,0.0000,0.0000,0.0000,1,0,0,0,0,1,0,0,0,0
zc,TA305,2012-06-06 09:05:35.727,7354.0000,522,0,0.0000,0.0000,0,0,多换,B,7346.0000,0.0000,0.0000,0.0000,0.0000,7358.0000,0.0000,0.0000,0.0000,0.0000,1,0,0,0,0,1,0,0,0,0
zc,TA305,2012-06-06 09:05:36.990,7354.0000,522,0,0.0000,0.0000,0,0,多换,B,7348.0000,0.0000,0.0000,0.0000,0.0000,7358.0000,0.0000,0.0000,0.0000,0.0000,1,0,0,0,0,1,0,0,0,0
zc,TA305,2012-06-06 09:05:37.507,7354.0000,522,0,0.0000,0.0000,0,0,多换,B,7346.0000,0.0000,0.0000,0.0000,0.0000,7356.0000,0.0000,0.0000,0.0000,0.0000,1,0,0,0,0,1,0,0,0,0
zc,TA305,2012-06-06 09:05:39.240,7354.0000,522,0,0.0000,0.0000,0,0,多换,B,7344.0000,0.0000,0.0000,0.0000,0.0000,7356.0000,0.0000,0.0000,0.0000,0.0000,1,0,0,0,0,1,0,0,0,0
zc,TA305,2012-06-06 09:05:40.240,7354.0000,522,0,0.0000,0.0000,0,0,多换,B,7350.0000,0.0000,0.0000,0.0000,0.0000,7358.0000,0.0000,0.0000,0.0000,0.0000,1,0,0,0,0,1,0,0,0,0
zc,TA305,2012-06-06 09:05:40.477,7354.0000,522,0,0.0000,0.0000,0,0,多换,B,7346.0000,0.0000,0.0000,0.0000,0.0000,7354.0000,0.0000,0.0000,0.0000,0.0000,1,0,0,0,0,1,0,0,0,0
zc,TA305,2012-06-06 09:05:41.460,7354.0000,522,0,0.0000,0.0000,0,0,多换,B,7346.0000,0.0000,0.0000,0.0000,0.0000,7356.0000,0.0000,0.0000,0.0000,0.0000,1,0,0,0,0,1,0,0,0,0
zc,TA305,2012-06-06 09:05:41.740,7354.0000,522,0,0.0000,0.0000,0,0,多换,B,7346.0000,0.0000,0.0000,0.0000,0.0000,7354.0000,0.0000,0.0000,0.0000,0.0000,1,0,0,0,0,1,0,0,0,0
zc,TA305,2012-06-06 09:05:42.490,7354.0000,522,0,0.0000,0.0000,0,0,多换,B,7348.0000,0.0000,0.0000,0.0000,0.0000,7356.0000,0.0000,0.0000,0.0000,0.0000,1,0,0,0,0,1,0,0,0,0
zc,TA305,2012-06-06 09:05:43.037,7354.0000,522,0,0.0000,0.0000,0,0,多换,B,7346.0000,0.0000,0.0000,0.0000,0.0000,7356.0000,0.0000,0.0000,0.0000,0.0000,1,0,0,0,0,1,0,0,0,0
zc,TA305,2012-06-06 09:05:43.787,7354.0000,522,0,0.0000,0.0000,0,0,多换,B,7348.0000,0.0000,0.0000,0.0000,0.0000,7356.0000,0.0000,0.0000,0.0000,0.0000,1,0,0,0,0,1,0,0,0,0
zc,TA305,2012-06-06 09:05:44.303,7354.0000,522,0,0.0000,0.0000,0,0,多换,B,7350.0000,0.0000,0.0000,0.0000,0.0000,7358.0000,0.0000,0.0000,0.0000,0.0000,1,0,0,0,0,1,0,0,0,0
zc,TA305,2012-06-06 09:05:45.023,7354.0000,522,0,0.0000,0.0000,0,0,多换,B,7348.0000,0.0000,0.0000,0.0000,0.0000,7358.0000,0.0000,0.0000,0.0000,0.0000,1,0,0,0,0,1,0,0,0,0
zc,TA305,2012-06-06 09:05:46.303,7354.0000,522,0,0.0000,0.0000,0,0,多换,B,7348.0000,0.0000,0.0000,0.0000,0.0000,7356.0000,0.0000,0.0000,0.0000,0.0000,1,0,0,0,0,1,0,0,0,0
zc,TA305,2012-06-06 09:05:47.977,7354.0000,522,0,0.0000,0.0000,0,0,多换,B,7346.0000,0.0000,0.0000,0.0000,0.0000,7354.0000,0.0000,0.0000,0.0000,0.0000,1,0,0,0,0,1,0,0,0,0
zc,TA305,2012-06-06 09:05:50.523,7354.0000,522,0,0.0000,0.0000,0,0,多换,B,7348.0000,0.0000,0.0000,0.0000,0.0000,7356.0000,0.0000,0.0000,0.0000,0.0000,1,0,0,0,0,1,0,0,0,0
zc,TA305,2012-06-06 09:05:51.053,7354.0000,522,0,0.0000,0.0000,0,0,多换,B,7346.0000,0.0000,0.0000,0.0000,0.0000,7356.0000,0.0000,0.0000,0.0000,0.0000,1,0,0,0,0,1,0,0,0,0
zc,TA305,2012-06-06 09:05:52.990,7354.0000,522,0,0.0000,0.0000,0,0,多换,B,7346.0000,0.0000,0.0000,0.0000,0.0000,7354.0000,0.0000,0.0000,0.0000,0.0000,1,0,0,0,0,1,0,0,0,0
zc,TA305,2012-06-06 09:05:53.523,7354.0000,522,0,0.0000,0.0000,0,0,多换,B,7344.0000,0.0000,0.0000,0.0000,0.0000,7354.0000,0.0000,0.0000,0.0000,0.0000,1,0,0,0,0,1,0,0,0,0
zc,TA305,2012-06-06 09:05:54.523,7354.0000,522,0,0.0000,0.0000,0,0,多换,B,7346.0000,0.0000,0.0000,0.0000,0.0000,7354.0000,0.0000,0.0000,0.0000,0.0000,1,0,0,0,0,1,0,0,0,0
zc,TA305,2012-06-06 09:05:58.257,7354.0000,522,0,0.0000,0.0000,0,0,多换,B,7344.0000,0.0000,0.0000,0.0000,0.0000,7354.0000,0.0000,0.0000,0.0000,0.0000,1,0,0,0,0,1,0,0,0,0
zc,TA305,2012-06-06 09:05:58.727,7354.0000,522,0,0.0000,0.0000,0,0,多换,B,7344.0000,0.0000,0.0000,0.0000,0.0000,7352.0000,0.0000,0.0000,0.0000,0.0000,1,0,0,0,0,1,0,0,0,0
zc,TA305,2012-06-06 09:06:07.960,7354.0000,522,0,0.0000,0.0000,0,0,多换,B,7342.0000,0.0000,0.0000,0.0000,0.0000,7352.0000,0.0000,0.0000,0.0000,0.0000,1,0,0,0,0,1,0,0,0,0
zc,TA305,2012-06-06 09:06:08.977,7354.0000,522,0,0.0000,0.0000,0,0,多换,B,7340.0000,0.0000,0.0000,0.0000,0.0000,7352.0000,0.0000,0.0000,0.0000,0.0000,1,0,0,0,0,1,0,0,0,0
zc,TA305,2012-06-06 09:06:09.787,7354.0000,522,0,0.0000,0.0000,0,0,多换,B,7342.0000,0.0000,0.0000,0.0000,0.0000,7352.0000,0.0000,0.0000,0.0000,0.0000,1,0,0,0,0,1,0,0,0,0
zc,TA305,2012-06-06 09:06:10.477,7354.0000,522,0,0.0000,0.0000,0,0,多换,B,7342.0000,0.0000,0.0000,0.0000,0.0000,7350.0000,0.0000,0.0000,0.0000,0.0000,1,0,0,0,0,1,0,0,0,0
zc,TA305,2012-06-06 09:06:24.257,7354.0000,522,0,0.0000,0.0000,0,0,多换,B,7344.0000,0.0000,0.0000,0.0000,0.0000,7352.0000,0.0000,0.0000,0.0000,0.0000,1,0,0,0,0,1,0,0,0,0
zc,TA305,2012-06-06 09:06:30.787,7354.0000,522,0,0.0000,0.0000,0,0,多换,B,7342.0000,0.0000,0.0000,0.0000,0.0000,7350.0000,0.0000,0.0000,0.0000,0.0000,1,0,0,0,0,1,0,0,0,0
zc,TA305,2012-06-06 09:06:34.537,7354.0000,522,0,0.0000,0.0000,0,0,多换,B,7340.0000,0.0000,0.0000,0.0000,0.0000,7350.0000,0.0000,0.0000,0.0000,0.0000,1,0,0,0,0,1,0,0,0,0
zc,TA305,2012-06-06 09:06:36.507,7354.0000,522,0,0.0000,0.0000,0,0,多换,B,7342.0000,0.0000,0.0000,0.0000,0.0000,7350.0000,0.0000,0.0000,0.0000,0.0000,1,0,0,0,0,1,0,0,0,0
zc,TA305,2012-06-06 09:06:37.023,7354.0000,522,0,0.0000,0.0000,0,0,多换,B,7340.0000,0.0000,0.0000,0.0000,0.0000,7350.0000,0.0000,0.0000,0.0000,0.0000,1,0,0,0,0,1,0,0,0,0
zc,TA305,2012-06-06 09:06:44.977,7354.0000,522,0,0.0000,0.0000,0,0,多换,B,7338.0000,0.0000,0.0000,0.0000,0.0000,7346.0000,0.0000,0.0000,0.0000,0.0000,1,0,0,0,0,1,0,0,0,0
zc,TA305,2012-06-06 09:06:47.053,7354.0000,522,0,0.0000,0.0000,0,0,多换,B,7338.0000,0.0000,0.0000,0.0000,0.0000,7348.0000,0.0000,0.0000,0.0000,0.0000,1,0,0,0,0,1,0,0,0,0
zc,TA305,2012-06-06 09:06:47.537,7354.0000,522,0,0.0000,0.0000,0,0,多换,B,7340.0000,0.0000,0.0000,0.0000,0.0000,7348.0000,0.0000,0.0000,0.0000,0.0000,1,0,0,0,0,1,0,0,0,0
zc,TA305,2012-06-06 09:06:50.537,7354.0000,522,0,0.0000,0.0000,0,0,多换,B,7338.0000,0.0000,0.0000,0.0000,0.0000,7348.0000,0.0000,0.0000,0.0000,0.0000,1,0,0,0,0,1,0,0,0,0
zc,TA305,2012-06-06 09:06:52.490,7354.0000,522,0,0.0000,0.0000,0,0,多换,B,7336.0000,0.0000,0.0000,0.0000,0.0000,7344.0000,0.0000,0.0000,0.0000,0.0000,1,0,0,0,0,1,0,0,0,0
zc,TA305,2012-06-06 09:06:53.803,7354.0000,522,0,0.0000,0.0000,0,0,多换,B,7336.0000,0.0000,0.0000,0.0000,0.0000,7348.0000,0.0000,0.0000,0.0000,0.0000,1,0,0,0,0,1,0,0,0,0
zc,TA305,2012-06-06 09:06:54.773,7354.0000,522,0,0.0000,0.0000,0,0,多换,B,7338.0000,0.0000,0.0000,0.0000,0.0000,7348.0000,0.0000,0.0000,0.0000,0.0000,1,0,0,0,0,1,0,0,0,0
zc,TA305,2012-06-06 09:06:57.803,7354.0000,522,0,0.0000,0.0000,0,0,多换,B,7340.0000,0.0000,0.0000,0.0000,0.0000,7348.0000,0.0000,0.0000,0.0000,0.0000,1,0,0,0,0,1,0,0,0,0
zc,TA305,2012-06-06 09:06:59.053,7354.0000,522,0,0.0000,0.0000,0,0,多换,B,7338.0000,0.0000,0.0000,0.0000,0.0000,7348.0000,0.0000,0.0000,0.0000,0.0000,1,0,0,0,0,1,0,0,0,0
zc,TA305,2012-06-06 09:06:59.523,7354.0000,522,0,0.0000,0.0000,0,0,多换,B,7336.0000,0.0000,0.0000,0.0000,0.0000,7344.0000,0.0000,0.0000,0.0000,0.0000,1,0,0,0,0,1,0,0,0,0
zc,TA305,2012-06-06 09:07:14.990,7354.0000,522,0,0.0000,0.0000,0,0,多换,B,7334.0000,0.0000,0.0000,0.0000,0.0000,7344.0000,0.0000,0.0000,0.0000,0.0000,1,0,0,0,0,1,0,0,0,0
zc,TA305,2012-06-06 09:07:16.757,7354.0000,522,0,0.0000,0.0000,0,0,多换,B,7336.0000,0.0000,0.0000,0.0000,0.0000,7344.0000,0.0000,0.0000,0.0000,0.0000,1,0,0,0,0,1,0,0,0,0
zc,TA305,2012-06-06 09:07:26.930,7354.0000,522,0,0.0000,0.0000,0,0,多换,B,7336.0000,0.0000,0.0000,0.0000,0.0000,7344.0000,0.0000,0.0000,0.0000,0.0000,1,0,0,0,0,1,0,0,0,0
zc,TA305,2012-06-06 09:07:28.740,7354.0000,522,0,0.0000,0.0000,0,0,多换,B,7336.0000,0.0000,0.0000,0.0000,0.0000,7346.0000,0.0000,0.0000,0.0000,0.0000,1,0,0,0,0,1,0,0,0,0
zc,TA305,2012-06-06 09:07:29.303,7354.0000,522,0,0.0000,0.0000,0,0,多换,B,7338.0000,0.0000,0.0000,0.0000,0.0000,7346.0000,0.0000,0.0000,0.0000,0.0000,1,0,0,0,0,1,0,0,0,0
zc,TA305,2012-06-06 09:07:30.037,7354.0000,522,0,0.0000,0.0000,0,0,多换,B,7336.0000,0.0000,0.0000,0.0000,0.0000,7346.0000,0.0000,0.0000,0.0000,0.0000,1,0,0,0,0,1,0,0,0,0
zc,TA305,2012-06-06 09:07:30.507,7354.0000,522,0,0.0000,0.0000,0,0,多换,B,7340.0000,0.0000,0.0000,0.0000,0.0000,7348.0000,0.0000,0.0000,0.0000,0.0000,1,0,0,0,0,1,0,0,0,0
zc,TA305,2012-06-06 09:07:32.537,7354.0000,522,0,0.0000,0.0000,0,0,多换,B,7338.0000,0.0000,0.0000,0.0000,0.0000,7346.0000,0.0000,0.0000,0.0000,0.0000,1,0,0,0,0,1,0,0,0,0
zc,TA305,2012-06-06 09:07:36.977,7354.0000,522,0,0.0000,0.0000,0,0,多换,B,7340.0000,0.0000,0.0000,0.0000,0.0000,7348.0000,0.0000,0.0000,0.0000,0.0000,1,0,0,0,0,1,0,0,0,0
zc,TA305,2012-06-06 09:07:37.773,7354.0000,522,0,0.0000,0.0000,0,0,多换,B,7338.0000,0.0000,0.0000,0.0000,0.0000,7348.0000,0.0000,0.0000,0.0000,0.0000,1,0,0,0,0,1,0,0,0,0
zc,TA305,2012-06-06 09:07:46.477,7354.0000,522,0,0.0000,0.0000,0,0,多换,B,7338.0000,0.0000,0.0000,0.0000,0.0000,7346.0000,0.0000,0.0000,0.0000,0.0000,1,0,0,0,0,1,0,0,0,0
zc,TA305,2012-06-06 09:07:51.273,7354.0000,522,0,0.0000,0.0000,0,0,多换,B,7336.0000,0.0000,0.0000,0.0000,0.0000,7346.0000,0.0000,0.0000,0.0000,0.0000,1,0,0,0,0,1,0,0,0,0
zc,TA305,2012-06-06 09:07:54.227,7354.0000,522,0,0.0000,0.0000,0,0,多换,B,7338.0000,0.0000,0.0000,0.0000,0.0000,7346.0000,0.0000,0.0000,0.0000,0.0000,1,0,0,0,0,1,0,0,0,0
zc,TA305,2012-06-06 09:07:54.740,7354.0000,522,0,0.0000,0.0000,0,0,多换,B,7336.0000,0.0000,0.0000,0.0000,0.0000,7346.0000,0.0000,0.0000,0.0000,0.0000,1,0,0,0,0,1,0,0,0,0
zc,TA305,2012-06-06 09:07:57.727,7354.0000,522,0,0.0000,0.0000,0,0,多换,B,7338.0000,0.0000,0.0000,0.0000,0.0000,7346.0000,0.0000,0.0000,0.0000,0.0000,1,0,0,0,0,1,0,0,0,0
zc,TA305,2012-06-06 09:07:58.240,7354.0000,522,0,0.0000,0.0000,0,0,多换,B,7336.0000,0.0000,0.0000,0.0000,0.0000,7346.0000,0.0000,0.0000,0.0000,0.0000,1,0,0,0,0,1,0,0,0,0
zc,TA305,2012-06-06 09:07:58.773,7354.0000,522,0,0.0000,0.0000,0,0,多换,B,7336.0000,0.0000,0.0000,0.0000,0.0000,7348.0000,0.0000,0.0000,0.0000,0.0000,1,0,0,0,0,1,0,0,0,0
zc,TA305,2012-06-06 09:08:00.727,7354.0000,522,0,0.0000,0.0000,0,0,多换,B,7338.0000,0.0000,0.0000,0.0000,0.0000,7348.0000,0.0000,0.0000,0.0000,0.0000,1,0,0,0,0,1,0,0,0,0
zc,TA305,2012-06-06 09:08:01.287,7354.0000,522,0,0.0000,0.0000,0,0,多换,B,7336.0000,0.0000,0.0000,0.0000,0.0000,7344.0000,0.0000,0.0000,0.0000,0.0000,1,0,0,0,0,1,0,0,0,0
zc,TA305,2012-06-06 09:08:02.023,7354.0000,522,0,0.0000,0.0000,0,0,多换,B,7338.0000,0.0000,0.0000,0.0000,0.0000,7348.0000,0.0000,0.0000,0.0000,0.0000,1,0,0,0,0,1,0,0,0,0
zc,TA305,2012-06-06 09:08:04.773,7354.0000,522,0,0.0000,0.0000,0,0,多换,B,7336.0000,0.0000,0.0000,0.0000,0.0000,7344.0000,0.0000,0.0000,0.0000,0.0000,1,0,0,0,0,1,0,0,0,0
zc,TA305,2012-06-06 09:08:09.053,7354.0000,522,0,0.0000,0.0000,0,0,多换,B,7334.0000,0.0000,0.0000,0.0000,0.0000,7344.0000,0.0000,0.0000,0.0000,0.0000,1,0,0,0,0,1,0,0,0,0
zc,TA305,2012-06-06 09:08:10.303,7354.0000,522,0,0.0000,0.0000,0,0,多换,B,7336.0000,0.0000,0.0000,0.0000,0.0000,7344.0000,0.0000,0.0000,0.0000,0.0000,1,0,0,0,0,1,0,0,0,0
zc,TA305,2012-06-06 09:08:13.837,7354.0000,522,0,0.0000,0.0000,0,0,多换,B,7334.0000,0.0000,0.0000,0.0000,0.0000,7342.0000,0.0000,0.0000,0.0000,0.0000,1,0,0,0,0,1,0,0,0,0
zc,TA305,2012-06-06 09:08:30.537,7354.0000,522,0,0.0000,0.0000,0,0,多换,B,7332.0000,0.0000,0.0000,0.0000,0.0000,7342.0000,0.0000,0.0000,0.0000,0.0000,1,0,0,0,0,1,0,0,0,0
zc,TA305,2012-06-06 09:08:31.787,7354.0000,522,0,0.0000,0.0000,0,0,多换,B,7332.0000,0.0000,0.0000,0.0000,0.0000,7340.0000,0.0000,0.0000,0.0000,0.0000,1,0,0,0,0,1,0,0,0,0
zc,TA305,2012-06-06 09:08:32.773,7354.0000,522,0,0.0000,0.0000,0,0,多换,B,7330.0000,0.0000,0.0000,0.0000,0.0000,7338.0000,0.0000,0.0000,0.0000,0.0000,1,0,0,0,0,1,0,0,0,0
zc,TA305,2012-06-06 09:08:35.273,7354.0000,522,0,0.0000,0.0000,0,0,多换,B,7328.0000,0.0000,0.0000,0.0000,0.0000,7336.0000,0.0000,0.0000,0.0000,0.0000,1,0,0,0,0,1,0,0,0,0
zc,TA305,2012-06-06 09:08:36.523,7354.0000,522,0,0.0000,0.0000,0,0,多换,B,7326.0000,0.0000,0.0000,0.0000,0.0000,7334.0000,0.0000,0.0000,0.0000,0.0000,1,0,0,0,0,1,0,0,0,0
zc,TA305,2012-06-06 09:08:37.507,7354.0000,522,0,0.0000,0.0000,0,0,多换,B,7324.0000,0.0000,0.0000,0.0000,0.0000,7334.0000,0.0000,0.0000,0.0000,0.0000,1,0,0,0,0,1,0,0,0,0
zc,TA305,2012-06-06 09:08:40.320,7324.0000,520,-2,0.0000,6.0000,2,4,多平,S,7320.0000,0.0000,0.0000,0.0000,0.0000,7324.0000,0.0000,0.0000,0.0000,0.0000,1,0,0,0,0,4,0,0,0,0
zc,TA305,2012-06-06 09:08:40.803,7324.0000,518,-2,0.0000,2.0000,0,2,双平,S,7322.0000,0.0000,0.0000,0.0000,0.0000,7324.0000,0.0000,0.0000,0.0000,0.0000,1,0,0,0,0,3,0,0,0,0
zc,TA305,2012-06-06 09:08:42.023,7324.0000,516,-2,0.0000,2.0000,0,2,双平,S,7318.0000,0.0000,0.0000,0.0000,0.0000,7324.0000,0.0000,0.0000,0.0000,0.0000,1,0,0,0,0,2,0,0,0,0
zc,TA305,2012-06-06 09:08:43.990,7324.0000,516,0,0.0000,0.0000,0,0,空换,S,7320.0000,0.0000,0.0000,0.0000,0.0000,7324.0000,0.0000,0.0000,0.0000,0.0000,1,0,0,0,0,2,0,0,0,0
zc,TA305,2012-06-06 09:08:50.757,7324.0000,516,0,0.0000,0.0000,0,0,空换,S,7318.0000,0.0000,0.0000,0.0000,0.0000,7324.0000,0.0000,0.0000,0.0000,0.0000,1,0,0,0,0,2,0,0,0,0
zc,TA305,2012-06-06 09:08:51.257,7324.0000,516,0,0.0000,0.0000,0,0,空换,S,7320.0000,0.0000,0.0000,0.0000,0.0000,7324.0000,0.0000,0.0000,0.0000,0.0000,1,0,0,0,0,2,0,0,0,0
zc,TA305,2012-06-06 09:08:52.053,7324.0000,516,0,0.0000,0.0000,0,0,空换,S,7318.0000,0.0000,0.0000,0.0000,0.0000,7324.0000,0.0000,0.0000,0.0000,0.0000,1,0,0,0,0,2,0,0,0,0
zc,TA305,2012-06-06 09:08:53.537,7324.0000,516,0,0.0000,0.0000,0,0,空换,S,7316.0000,0.0000,0.0000,0.0000,0.0000,7324.0000,0.0000,0.0000,0.0000,0.0000,1,0,0,0,0,2,0,0,0,0
zc,TA305,2012-06-06 09:08:57.007,7324.0000,516,0,0.0000,0.0000,0,0,空换,S,7314.0000,0.0000,0.0000,0.0000,0.0000,7324.0000,0.0000,0.0000,0.0000,0.0000,1,0,0,0,0,2,0,0,0,0
zc,TA305,2012-06-06 09:08:57.523,7324.0000,516,0,0.0000,0.0000,0,0,空换,S,7316.0000,0.0000,0.0000,0.0000,0.0000,7324.0000,0.0000,0.0000,0.0000,0.0000,1,0,0,0,0,2,0,0,0,0
zc,TA305,2012-06-06 09:08:58.773,7324.0000,516,0,0.0000,0.0000,0,0,空换,S,7318.0000,0.0000,0.0000,0.0000,0.0000,7324.0000,0.0000,0.0000,0.0000,0.0000,1,0,0,0,0,2,0,0,0,0
zc,TA305,2012-06-06 09:09:00.037,7324.0000,516,0,0.0000,0.0000,0,0,空换,S,7316.0000,0.0000,0.0000,0.0000,0.0000,7324.0000,0.0000,0.0000,0.0000,0.0000,1,0,0,0,0,2,0,0,0,0
zc,TA305,2012-06-06 09:09:01.727,7324.0000,516,0,0.0000,0.0000,0,0,空换,S,7320.0000,0.0000,0.0000,0.0000,0.0000,7324.0000,0.0000,0.0000,0.0000,0.0000,1,0,0,0,0,2,0,0,0,0
zc,TA305,2012-06-06 09:09:03.787,7324.0000,516,0,0.0000,0.0000,0,0,空换,S,7322.0000,0.0000,0.0000,0.0000,0.0000,7324.0000,0.0000,0.0000,0.0000,0.0000,1,0,0,0,0,2,0,0,0,0
zc,TA305,2012-06-06 09:09:04.257,7324.0000,514,-2,0.0000,2.0000,0,2,双平,S,7320.0000,0.0000,0.0000,0.0000,0.0000,7324.0000,0.0000,0.0000,0.0000,0.0000,1,0,0,0,0,1,0,0,0,0
zc,TA305,2012-06-06 09:09:05.523,7324.0000,514,0,0.0000,0.0000,0,0,空换,S,7318.0000,0.0000,0.0000,0.0000,0.0000,7324.0000,0.0000,0.0000,0.0000,0.0000,1,0,0,0,0,1,0,0,0,0
zc,TA305,2012-06-06 09:09:09.007,7324.0000,514,0,0.0000,0.0000,0,0,空换,S,7320.0000,0.0000,0.0000,0.0000,0.0000,7324.0000,0.0000,0.0000,0.0000,0.0000,1,0,0,0,0,1,0,0,0,0
zc,TA305,2012-06-06 09:09:26.257,7324.0000,514,0,0.0000,0.0000,0,0,空换,S,7322.0000,0.0000,0.0000,0.0000,0.0000,7324.0000,0.0000,0.0000,0.0000,0.0000,1,0,0,0,0,1,0,0,0,0
zc,TA305,2012-06-06 09:09:27.740,7324.0000,512,-2,0.0000,2.0000,0,2,双平,S,7322.0000,0.0000,0.0000,0.0000,0.0000,7332.0000,0.0000,0.0000,0.0000,0.0000,2,0,0,0,0,1,0,0,0,0
zc,TA305,2012-06-06 09:09:44.787,7324.0000,512,0,0.0000,0.0000,0,0,空换,S,7324.0000,0.0000,0.0000,0.0000,0.0000,7334.0000,0.0000,0.0000,0.0000,0.0000,2,0,0,0,0,1,0,0,0,0
zc,TA305,2012-06-06 09:09:59.740,7324.0000,512,0,0.0000,0.0000,0,0,空换,S,7322.0000,0.0000,0.0000,0.0000,0.0000,7332.0000,0.0000,0.0000,0.0000,0.0000,2,0,0,0,0,1,0,0,0,0
zc,TA305,2012-06-06 09:10:00.727,7324.0000,512,0,0.0000,0.0000,0,0,空换,S,7324.0000,0.0000,0.0000,0.0000,0.0000,7334.0000,0.0000,0.0000,0.0000,0.0000,2,0,0,0,0,1,0,0,0,0
zc,TA305,2012-06-06 09:10:03.757,7324.0000,512,0,0.0000,0.0000,0,0,空换,S,7322.0000,0.0000,0.0000,0.0000,0.0000,7334.0000,0.0000,0.0000,0.0000,0.0000,2,0,0,0,0,1,0,0,0,0
zc,TA305,2012-06-06 09:10:04.947,7324.0000,512,0,0.0000,0.0000,0,0,空换,S,7324.0000,0.0000,0.0000,0.0000,0.0000,7334.0000,0.0000,0.0000,0.0000,0.0000,10,0,0,0,0,1,0,0,0,0
zc,TA305,2012-06-06 09:10:10.490,7324.0000,512,0,0.0000,0.0000,0,0,空换,S,7324.0000,0.0000,0.0000,0.0000,0.0000,7334.0000,0.0000,0.0000,0.0000,0.0000,11,0,0,0,0,1,0,0,0,0
zc,TA305,2012-06-06 09:10:11.070,7324.0000,512,0,0.0000,0.0000,0,0,空换,S,7324.0000,0.0000,0.0000,0.0000,0.0000,7334.0000,0.0000,0.0000,0.0000,0.0000,10,0,0,0,0,1,0,0,0,0
zc,TA305,2012-06-06 09:10:14.803,7324.0000,512,0,0.0000,0.0000,0,0,空换,S,7324.0000,0.0000,0.0000,0.0000,0.0000,7336.0000,0.0000,0.0000,0.0000,0.0000,10,0,0,0,0,1,0,0,0,0
zc,TA305,2012-06-06 09:10:16.537,7324.0000,512,0,0.0000,0.0000,0,0,空换,S,7324.0000,0.0000,0.0000,0.0000,0.0000,7334.0000,0.0000,0.0000,0.0000,0.0000,10,0,0,0,0,1,0,0,0,0
zc,TA305,2012-06-06 09:10:17.007,7324.0000,512,0,0.0000,0.0000,0,0,空换,S,7324.0000,0.0000,0.0000,0.0000,0.0000,7334.0000,0.0000,0.0000,0.0000,0.0000,11,0,0,0,0,1,0,0,0,0
zc,TA305,2012-06-06 09:10:17.490,7324.0000,512,0,0.0000,0.0000,0,0,空换,S,7324.0000,0.0000,0.0000,0.0000,0.0000,7336.0000,0.0000,0.0000,0.0000,0.0000,12,0,0,0,0,1,0,0,0,0
zc,TA305,2012-06-06 09:10:18.803,7324.0000,512,0,0.0000,0.0000,0,0,空换,S,7324.0000,0.0000,0.0000,0.0000,0.0000,7334.0000,0.0000,0.0000,0.0000,0.0000,12,0,0,0,0,1,0,0,0,0
zc,TA305,2012-06-06 09:10:23.287,7324.0000,512,0,0.0000,0.0000,0,0,空换,S,7324.0000,0.0000,0.0000,0.0000,0.0000,7336.0000,0.0000,0.0000,0.0000,0.0000,12,0,0,0,0,1,0,0,0,0
zc,TA305,2012-06-06 09:10:26.930,7324.0000,512,0,0.0000,0.0000,0,0,空换,S,7324.0000,0.0000,0.0000,0.0000,0.0000,7336.0000,0.0000,0.0000,0.0000,0.0000,12,0,0,0,0,1,0,0,0,0
zc,TA305,2012-06-06 09:10:29.240,7324.0000,512,0,0.0000,0.0000,0,0,空换,S,7326.0000,0.0000,0.0000,0.0000,0.0000,7336.0000,0.0000,0.0000,0.0000,0.0000,2,0,0,0,0,1,0,0,0,0
zc,TA305,2012-06-06 09:10:41.787,7324.0000,512,0,0.0000,0.0000,0,0,空换,S,7326.0000,0.0000,0.0000,0.0000,0.0000,7338.0000,0.0000,0.0000,0.0000,0.0000,2,0,0,0,0,1,0,0,0,0
zc,TA305,2012-06-06 09:10:43.523,7324.0000,512,0,0.0000,0.0000,0,0,空换,S,7328.0000,0.0000,0.0000,0.0000,0.0000,7338.0000,0.0000,0.0000,0.0000,0.0000,2,0,0,0,0,1,0,0,0,0
zc,TA305,2012-06-06 09:10:52.740,7324.0000,512,0,0.0000,0.0000,0,0,空换,S,7328.0000,0.0000,0.0000,0.0000,0.0000,7340.0000,0.0000,0.0000,0.0000,0.0000,2,0,0,0,0,1,0,0,0,0
zc,TA305,2012-06-06 09:10:57.773,7324.0000,512,0,0.0000,0.0000,0,0,空换,S,7330.0000,0.0000,0.0000,0.0000,0.0000,7340.0000,0.0000,0.0000,0.0000,0.0000,1,0,0,0,0,1,0,0,0,0
zc,TA305,2012-06-06 09:10:58.303,7324.0000,512,0,0.0000,0.0000,0,0,空换,S,7328.0000,0.0000,0.0000,0.0000,0.0000,7340.0000,0.0000,0.0000,0.0000,0.0000,2,0,0,0,0,1,0,0,0,0
zc,TA305,2012-06-06 09:10:58.773,7324.0000,512,0,0.0000,0.0000,0,0,空换,S,7330.0000,0.0000,0.0000,0.0000,0.0000,7340.0000,0.0000,0.0000,0.0000,0.0000,2,0,0,0,0,1,0,0,0,0
zc,TA305,2012-06-06 09:11:04.240,7324.0000,512,0,0.0000,0.0000,0,0,空换,S,7330.0000,0.0000,0.0000,0.0000,0.0000,7342.0000,0.0000,0.0000,0.0000,0.0000,2,0,0,0,0,1,0,0,0,0
zc,TA305,2012-06-06 09:11:13.273,7324.0000,512,0,0.0000,0.0000,0,0,空换,S,7328.0000,0.0000,0.0000,0.0000,0.0000,7338.0000,0.0000,0.0000,0.0000,0.0000,2,0,0,0,0,1,0,0,0,0
zc,TA305,2012-06-06 09:11:14.523,7324.0000,512,0,0.0000,0.0000,0,0,空换,S,7328.0000,0.0000,0.0000,0.0000,0.0000,7342.0000,0.0000,0.0000,0.0000,0.0000,2,0,0,0,0,1,0,0,0,0
zc,TA305,2012-06-06 09:11:15.007,7324.0000,512,0,0.0000,0.0000,0,0,空换,S,7332.0000,0.0000,0.0000,0.0000,0.0000,7342.0000,0.0000,0.0000,0.0000,0.0000,2,0,0,0,0,1,0,0,0,0
zc,TA305,2012-06-06 09:11:16.507,7324.0000,512,0,0.0000,0.0000,0,0,空换,S,7330.0000,0.0000,0.0000,0.0000,0.0000,7342.0000,0.0000,0.0000,0.0000,0.0000,2,0,0,0,0,1,0,0,0,0
zc,TA305,2012-06-06 09:11:25.773,7324.0000,512,0,0.0000,0.0000,0,0,空换,S,7332.0000,0.0000,0.0000,0.0000,0.0000,7342.0000,0.0000,0.0000,0.0000,0.0000,1,0,0,0,0,1,0,0,0,0
zc,TA305,2012-06-06 09:11:27.210,7324.0000,512,0,0.0000,0.0000,0,0,空换,S,7332.0000,0.0000,0.0000,0.0000,0.0000,7342.0000,0.0000,0.0000,0.0000,0.0000,2,0,0,0,0,1,0,0,0,0
zc,TA305,2012-06-06 09:11:29.257,7324.0000,512,0,0.0000,0.0000,0,0,空换,S,7330.0000,0.0000,0.0000,0.0000,0.0000,7340.0000,0.0000,0.0000,0.0000,0.0000,2,0,0,0,0,1,0,0,0,0
zc,TA305,2012-06-06 09:11:29.727,7324.0000,512,0,0.0000,0.0000,0,0,空换,S,7330.0000,0.0000,0.0000,0.0000,0.0000,7342.0000,0.0000,0.0000,0.0000,0.0000,2,0,0,0,0,1,0,0,0,0
zc,TA305,2012-06-06 09:11:30.537,7324.0000,512,0,0.0000,0.0000,0,0,空换,S,7332.0000,0.0000,0.0000,0.0000,0.0000,7342.0000,0.0000,0.0000,0.0000,0.0000,2,0,0,0,0,1,0,0,0,0
zc,TA305,2012-06-06 09:11:33.977,7324.0000,512,0,0.0000,0.0000,0,0,空换,S,7330.0000,0.0000,0.0000,0.0000,0.0000,7340.0000,0.0000,0.0000,0.0000,0.0000,2,0,0,0,0,1,0,0,0,0
zc,TA305,2012-06-06 09:11:40.977,7324.0000,512,0,0.0000,0.0000,0,0,空换,S,7328.0000,0.0000,0.0000,0.0000,0.0000,7338.0000,0.0000,0.0000,0.0000,0.0000,2,0,0,0,0,1,0,0,0,0
zc,TA305,2012-06-06 09:11:41.490,7324.0000,512,0,0.0000,0.0000,0,0,空换,S,7328.0000,0.0000,0.0000,0.0000,0.0000,7340.0000,0.0000,0.0000,0.0000,0.0000,2,0,0,0,0,1,0,0,0,0
zc,TA305,2012-06-06 09:11:48.727,7324.0000,512,0,0.0000,0.0000,0,0,空换,S,7330.0000,0.0000,0.0000,0.0000,0.0000,7340.0000,0.0000,0.0000,0.0000,0.0000,2,0,0,0,0,1,0,0,0,0
zc,TA305,2012-06-06 09:11:53.273,7324.0000,512,0,0.0000,0.0000,0,0,空换,S,7328.0000,0.0000,0.0000,0.0000,0.0000,7338.0000,0.0000,0.0000,0.0000,0.0000,2,0,0,0,0,1,0,0,0,0
zc,TA305,2012-06-06 09:11:56.507,7324.0000,512,0,0.0000,0.0000,0,0,空换,S,7330.0000,0.0000,0.0000,0.0000,0.0000,7340.0000,0.0000,0.0000,0.0000,0.0000,2,0,0,0,0,1,0,0,0,0
zc,TA305,2012-06-06 09:11:58.523,7324.0000,512,0,0.0000,0.0000,0,0,空换,S,7330.0000,0.0000,0.0000,0.0000,0.0000,7340.0000,0.0000,0.0000,0.0000,0.0000,1,0,0,0,0,1,0,0,0,0
zc,TA305,2012-06-06 09:12:00.710,7324.0000,512,0,0.0000,0.0000,0,0,空换,S,7330.0000,0.0000,0.0000,0.0000,0.0000,7340.0000,0.0000,0.0000,0.0000,0.0000,2,0,0,0,0,1,0,0,0,0
zc,TA305,2012-06-06 09:12:46.977,7324.0000,512,0,0.0000,0.0000,0,0,空换,S,7332.0000,0.0000,0.0000,0.0000,0.0000,7342.0000,0.0000,0.0000,0.0000,0.0000,2,0,0,0,0,1,0,0,0,0
zc,TA305,2012-06-06 09:12:52.523,7324.0000,512,0,0.0000,0.0000,0,0,空换,S,7332.0000,0.0000,0.0000,0.0000,0.0000,7344.0000,0.0000,0.0000,0.0000,0.0000,2,0,0,0,0,1,0,0,0,0
zc,TA305,2012-06-06 09:12:53.773,7324.0000,512,0,0.0000,0.0000,0,0,空换,S,7332.0000,0.0000,0.0000,0.0000,0.0000,7342.0000,0.0000,0.0000,0.0000,0.0000,2,0,0,0,0,1,0,0,0,0
zc,TA305,2012-06-06 09:12:55.507,7324.0000,512,0,0.0000,0.0000,0,0,空换,S,7334.0000,0.0000,0.0000,0.0000,0.0000,7344.0000,0.0000,0.0000,0.0000,0.0000,1,0,0,0,0,1,0,0,0,0
zc,TA305,2012-06-06 09:12:56.227,7324.0000,512,0,0.0000,0.0000,0,0,空换,S,7332.0000,0.0000,0.0000,0.0000,0.0000,7344.0000,0.0000,0.0000,0.0000,0.0000,2,0,0,0,0,1,0,0,0,0
zc,TA305,2012-06-06 09:12:56.553,7324.0000,512,0,0.0000,0.0000,0,0,空换,S,7332.0000,0.0000,0.0000,0.0000,0.0000,7342.0000,0.0000,0.0000,0.0000,0.0000,2,0,0,0,0,1,0,0,0,0
zc,TA305,2012-06-06 09:12:59.537,7324.0000,512,0,0.0000,0.0000,0,0,空换,S,7332.0000,0.0000,0.0000,0.0000,0.0000,7344.0000,0.0000,0.0000,0.0000,0.0000,2,0,0,0,0,1,0,0,0,0
zc,TA305,2012-06-06 09:13:00.727,7324.0000,512,0,0.0000,0.0000,0,0,空换,S,7334.0000,0.0000,0.0000,0.0000,0.0000,7344.0000,0.0000,0.0000,0.0000,0.0000,1,0,0,0,0,1,0,0,0,0
zc,TA305,2012-06-06 09:13:01.477,7324.0000,512,0,0.0000,0.0000,0,0,空换,S,7334.0000,0.0000,0.0000,0.0000,0.0000,7344.0000,0.0000,0.0000,0.0000,0.0000,2,0,0,0,0,1,0,0,0,0
zc,TA305,2012-06-06 09:13:07.537,7324.0000,512,0,0.0000,0.0000,0,0,空换,S,7336.0000,0.0000,0.0000,0.0000,0.0000,7344.0000,0.0000,0.0000,0.0000,0.0000,2,0,0,0,0,1,0,0,0,0
zc,TA305,2012-06-06 09:13:12.787,7324.0000,512,0,0.0000,0.0000,0,0,空换,S,7336.0000,0.0000,0.0000,0.0000,0.0000,7346.0000,0.0000,0.0000,0.0000,0.0000,2,0,0,0,0,1,0,0,0,0
zc,TA305,2012-06-06 09:13:27.990,7324.0000,512,0,0.0000,0.0000,0,0,空换,S,7336.0000,0.0000,0.0000,0.0000,0.0000,7344.0000,0.0000,0.0000,0.0000,0.0000,2,0,0,0,0,1,0,0,0,0
zc,TA305,2012-06-06 09:13:48.787,7324.0000,512,0,0.0000,0.0000,0,0,空换,S,7336.0000,0.0000,0.0000,0.0000,0.0000,7342.0000,0.0000,0.0000,0.0000,0.0000,2,0,0,0,0,1,0,0,0,0
zc,TA305,2012-06-06 09:13:49.257,7324.0000,512,0,0.0000,0.0000,0,0,空换,S,7336.0000,0.0000,0.0000,0.0000,0.0000,7344.0000,0.0000,0.0000,0.0000,0.0000,2,0,0,0,0,1,0,0,0,0
zc,TA305,2012-06-06 09:13:58.240,7324.0000,512,0,0.0000,0.0000,0,0,空换,S,7336.0000,0.0000,0.0000,0.0000,0.0000,7342.0000,0.0000,0.0000,0.0000,0.0000,2,0,0,0,0,1,0,0,0,0
zc,TA305,2012-06-06 09:14:00.537,7324.0000,512,0,0.0000,0.0000,0,0,空换,S,7336.0000,0.0000,0.0000,0.0000,0.0000,7344.0000,0.0000,0.0000,0.0000,0.0000,2,0,0,0,0,1,0,0,0,0
zc,TA305,2012-06-06 09:14:03.960,7324.0000,512,0,0.0000,0.0000,0,0,空换,S,7336.0000,0.0000,0.0000,0.0000,0.0000,7342.0000,0.0000,0.0000,0.0000,0.0000,2,0,0,0,0,1,0,0,0,0
zc,TA305,2012-06-06 09:14:04.490,7324.0000,512,0,0.0000,0.0000,0,0,空换,S,7336.0000,0.0000,0.0000,0.0000,0.0000,7344.0000,0.0000,0.0000,0.0000,0.0000,2,0,0,0,0,1,0,0,0,0
zc,TA305,2012-06-06 09:14:08.477,7324.0000,512,0,0.0000,0.0000,0,0,空换,S,7336.0000,0.0000,0.0000,0.0000,0.0000,7346.0000,0.0000,0.0000,0.0000,0.0000,2,0,0,0,0,1,0,0,0,0
zc,TA305,2012-06-06 09:14:09.257,7324.0000,512,0,0.0000,0.0000,0,0,空换,S,7336.0000,0.0000,0.0000,0.0000,0.0000,7344.0000,0.0000,0.0000,0.0000,0.0000,2,0,0,0,0,1,0,0,0,0
zc,TA305,2012-06-06 09:14:16.507,7324.0000,512,0,0.0000,0.0000,0,0,空换,S,7336.0000,0.0000,0.0000,0.0000,0.0000,7342.0000,0.0000,0.0000,0.0000,0.0000,2,0,0,0,0,1,0,0,0,0
zc,TA305,2012-06-06 09:14:19.197,7324.0000,512,0,0.0000,0.0000,0,0,空换,S,7332.0000,0.0000,0.0000,0.0000,0.0000,7342.0000,0.0000,0.0000,0.0000,0.0000,2,0,0,0,0,1,0,0,0,0
zc,TA305,2012-06-06 09:14:26.913,7324.0000,512,0,0.0000,0.0000,0,0,空换,S,7332.0000,0.0000,0.0000,0.0000,0.0000,7342.0000,0.0000,0.0000,0.0000,0.0000,2,0,0,0,0,1,0,0,0,0
zc,TA305,2012-06-06 09:14:43.210,7324.0000,512,0,0.0000,0.0000,0,0,空换,S,7332.0000,0.0000,0.0000,0.0000,0.0000,7344.0000,0.0000,0.0000,0.0000,0.0000,2,0,0,0,0,1,0,0,0,0
zc,TA305,2012-06-06 09:14:54.210,7324.0000,512,0,0.0000,0.0000,0,0,空换,S,7332.0000,0.0000,0.0000,0.0000,0.0000,7342.0000,0.0000,0.0000,0.0000,0.0000,2,0,0,0,0,1,0,0,0,0
zc,TA305,2012-06-06 09:14:54.757,7324.0000,512,0,0.0000,0.0000,0,0,空换,S,7330.0000,0.0000,0.0000,0.0000,0.0000,7340.0000,0.0000,0.0000,0.0000,0.0000,2,0,0,0,0,1,0,0,0,0
zc,TA305,2012-06-06 09:15:02.990,7324.0000,512,0,0.0000,0.0000,0,0,空换,S,7328.0000,0.0000,0.0000,0.0000,0.0000,7338.0000,0.0000,0.0000,0.0000,0.0000,2,0,0,0,0,1,0,0,0,0
zc,TA305,2012-06-06 09:15:03.960,7324.0000,512,0,0.0000,0.0000,0,0,空换,S,7330.0000,0.0000,0.0000,0.0000,0.0000,7338.0000,0.0000,0.0000,0.0000,0.0000,1,0,0,0,0,1,0,0,0,0
zc,TA305,2012-06-06 09:15:05.273,7324.0000,512,0,0.0000,0.0000,0,0,空换,S,7330.0000,0.0000,0.0000,0.0000,0.0000,7340.0000,0.0000,0.0000,0.0000,0.0000,1,0,0,0,0,1,0,0,0,0
zc,TA305,2012-06-06 09:15:07.037,7324.0000,512,0,0.0000,0.0000,0,0,空换,S,7330.0000,0.0000,0.0000,0.0000,0.0000,7338.0000,0.0000,0.0000,0.0000,0.0000,1,0,0,0,0,1,0,0,0,0
zc,TA305,2012-06-06 09:15:10.460,7324.0000,512,0,0.0000,0.0000,0,0,空换,S,7332.0000,0.0000,0.0000,0.0000,0.0000,7340.0000,0.0000,0.0000,0.0000,0.0000,1,0,0,0,0,1,0,0,0,0
zc,TA305,2012-06-06 09:15:12.757,7324.0000,512,0,0.0000,0.0000,0,0,空换,S,7330.0000,0.0000,0.0000,0.0000,0.0000,7338.0000,0.0000,0.0000,0.0000,0.0000,1,0,0,0,0,1,0,0,0,0
zc,TA305,2012-06-06 09:15:17.227,7324.0000,512,0,0.0000,0.0000,0,0,空换,S,7328.0000,0.0000,0.0000,0.0000,0.0000,7338.0000,0.0000,0.0000,0.0000,0.0000,1,0,0,0,0,1,0,0,0,0
zc,TA305,2012-06-06 09:15:18.007,7324.0000,512,0,0.0000,0.0000,0,0,空换,S,7328.0000,0.0000,0.0000,0.0000,0.0000,7336.0000,0.0000,0.0000,0.0000,0.0000,1,0,0,0,0,1,0,0,0,0
zc,TA305,2012-06-06 09:15:19.930,7324.0000,512,0,0.0000,0.0000,0,0,空换,S,7326.0000,0.0000,0.0000,0.0000,0.0000,7336.0000,0.0000,0.0000,0.0000,0.0000,1,0,0,0,0,1,0,0,0,0
zc,TA305,2012-06-06 09:15:20.740,7324.0000,512,0,0.0000,0.0000,0,0,空换,S,7326.0000,0.0000,0.0000,0.0000,0.0000,7334.0000,0.0000,0.0000,0.0000,0.0000,1,0,0,0,0,1,0,0,0,0
zc,TA305,2012-06-06 09:15:24.990,7324.0000,512,0,0.0000,0.0000,0,0,空换,S,7326.0000,0.0000,0.0000,0.0000,0.0000,7336.0000,0.0000,0.0000,0.0000,0.0000,1,0,0,0,0,1,0,0,0,0
zc,TA305,2012-06-06 09:15:25.773,7324.0000,512,0,0.0000,0.0000,0,0,空换,S,7330.0000,0.0000,0.0000,0.0000,0.0000,7338.0000,0.0000,0.0000,0.0000,0.0000,1,0,0,0,0,1,0,0,0,0
zc,TA305,2012-06-06 09:15:38.740,7324.0000,512,0,0.0000,0.0000,0,0,空换,S,7328.0000,0.0000,0.0000,0.0000,0.0000,7336.0000,0.0000,0.0000,0.0000,0.0000,1,0,0,0,0,1,0,0,0,0
zc,TA305,2012-06-06 09:15:39.257,7324.0000,512,0,0.0000,0.0000,0,0,空换,S,7330.0000,0.0000,0.0000,0.0000,0.0000,7338.0000,0.0000,0.0000,0.0000,0.0000,1,0,0,0,0,1,0,0,0,0
zc,TA305,2012-06-06 09:15:54.490,7324.0000,512,0,0.0000,0.0000,0,0,空换,S,7328.0000,0.0000,0.0000,0.0000,0.0000,7336.0000,0.0000,0.0000,0.0000,0.0000,1,0,0,0,0,1,0,0,0,0
zc,TA305,2012-06-06 09:16:21.727,7324.0000,512,0,0.0000,0.0000,0,0,空换,S,7326.0000,0.0000,0.0000,0.0000,0.0000,7334.0000,0.0000,0.0000,0.0000,0.0000,1,0,0,0,0,1,0,0,0,0
zc,TA305,2012-06-06 09:16:24.787,7324.0000,512,0,0.0000,0.0000,0,0,空换,S,7328.0000,0.0000,0.0000,0.0000,0.0000,7336.0000,0.0000,0.0000,0.0000,0.0000,1,0,0,0,0,1,0,0,0,0
zc,TA305,2012-06-06 09:17:42.257,7324.0000,512,0,0.0000,0.0000,0,0,空换,S,7330.0000,0.0000,0.0000,0.0000,0.0000,7338.0000,0.0000,0.0000,0.0000,0.0000,1,0,0,0,0,1,0,0,0,0
zc,TA305,2012-06-06 09:17:45.757,7324.0000,512,0,0.0000,0.0000,0,0,空换,S,7330.0000,0.0000,0.0000,0.0000,0.0000,7340.0000,0.0000,0.0000,0.0000,0.0000,1,0,0,0,0,1,0,0,0,0
zc,TA305,2012-06-06 09:17:47.023,7324.0000,512,0,0.0000,0.0000,0,0,空换,S,7334.0000,0.0000,0.0000,0.0000,0.0000,7342.0000,0.0000,0.0000,0.0000,0.0000,1,0,0,0,0,1,0,0,0,0
zc,TA305,2012-06-06 09:17:53.787,7324.0000,512,0,0.0000,0.0000,0,0,空换,S,7330.0000,0.0000,0.0000,0.0000,0.0000,7340.0000,0.0000,0.0000,0.0000,0.0000,1,0,0,0,0,1,0,0,0,0
zc,TA305,2012-06-06 09:17:58.537,7324.0000,512,0,0.0000,0.0000,0,0,空换,S,7330.0000,0.0000,0.0000,0.0000,0.0000,7342.0000,0.0000,0.0000,0.0000,0.0000,1,0,0,0,0,1,0,0,0,0
zc,TA305,2012-06-06 09:17:58.960,7324.0000,512,0,0.0000,0.0000,0,0,空换,S,7334.0000,0.0000,0.0000,0.0000,0.0000,7342.0000,0.0000,0.0000,0.0000,0.0000,1,0,0,0,0,1,0,0,0,0
zc,TA305,2012-06-06 09:18:06.523,7324.0000,512,0,0.0000,0.0000,0,0,空换,S,7332.0000,0.0000,0.0000,0.0000,0.0000,7340.0000,0.0000,0.0000,0.0000,0.0000,1,0,0,0,0,1,0,0,0,0
zc,TA305,2012-06-06 09:18:21.240,7324.0000,512,0,0.0000,0.0000,0,0,空换,S,7334.0000,0.0000,0.0000,0.0000,0.0000,7340.0000,0.0000,0.0000,0.0000,0.0000,2,0,0,0,0,1,0,0,0,0
zc,TA305,2012-06-06 09:18:27.100,7324.0000,512,0,0.0000,0.0000,0,0,空换,S,7334.0000,0.0000,0.0000,0.0000,0.0000,7342.0000,0.0000,0.0000,0.0000,0.0000,3,0,0,0,0,1,0,0,0,0
zc,TA305,2012-06-06 09:18:35.787,7324.0000,512,0,0.0000,0.0000,0,0,空换,S,7336.0000,0.0000,0.0000,0.0000,0.0000,7344.0000,0.0000,0.0000,0.0000,0.0000,1,0,0,0,0,1,0,0,0,0
zc,TA305,2012-06-06 09:18:48.553,7324.0000,512,0,0.0000,0.0000,0,0,空换,S,7334.0000,0.0000,0.0000,0.0000,0.0000,7342.0000,0.0000,0.0000,0.0000,0.0000,3,0,0,0,0,1,0,0,0,0
zc,TA305,2012-06-06 09:18:51.757,7324.0000,512,0,0.0000,0.0000,0,0,空换,S,7334.0000,0.0000,0.0000,0.0000,0.0000,7344.0000,0.0000,0.0000,0.0000,0.0000,3,0,0,0,0,1,0,0,0,0
zc,TA305,2012-06-06 09:18:53.053,7324.0000,512,0,0.0000,0.0000,0,0,空换,S,7334.0000,0.0000,0.0000,0.0000,0.0000,7342.0000,0.0000,0.0000,0.0000,0.0000,3,0,0,0,0,1,0,0,0,0
zc,TA305,2012-06-06 09:18:56.007,7324.0000,512,0,0.0000,0.0000,0,0,空换,S,7336.0000,0.0000,0.0000,0.0000,0.0000,7344.0000,0.0000,0.0000,0.0000,0.0000,1,0,0,0,0,1,0,0,0,0
zc,TA305,2012-06-06 09:19:03.773,7324.0000,512,0,0.0000,0.0000,0,0,空换,S,7338.0000,0.0000,0.0000,0.0000,0.0000,7346.0000,0.0000,0.0000,0.0000,0.0000,1,0,0,0,0,1,0,0,0,0
zc,TA305,2012-06-06 09:19:06.273,7324.0000,512,0,0.0000,0.0000,0,0,空换,S,7340.0000,0.0000,0.0000,0.0000,0.0000,7348.0000,0.0000,0.0000,0.0000,0.0000,1,0,0,0,0,1,0,0,0,0
zc,TA305,2012-06-06 09:19:09.227,7324.0000,512,0,0.0000,0.0000,0,0,空换,S,7340.0000,0.0000,0.0000,0.0000,0.0000,7350.0000,0.0000,0.0000,0.0000,0.0000,1,0,0,0,0,1,0,0,0,0
zc,TA305,2012-06-06 09:19:09.727,7324.0000,512,0,0.0000,0.0000,0,0,空换,S,7342.0000,0.0000,0.0000,0.0000,0.0000,7350.0000,0.0000,0.0000,0.0000,0.0000,1,0,0,0,0,1,0,0,0,0
zc,TA305,2012-06-06 09:19:13.053,7350.0000,514,2,0.0000,2.0000,2,0,双开,B,7340.0000,0.0000,0.0000,0.0000,0.0000,7350.0000,0.0000,0.0000,0.0000,0.0000,1,0,0,0,0,1,0,0,0,0
zc,TA305,2012-06-06 09:19:19.227,7350.0000,514,0,0.0000,0.0000,0,0,多换,B,7340.0000,0.0000,0.0000,0.0000,0.0000,7352.0000,0.0000,0.0000,0.0000,0.0000,1,0,0,0,0,1,0,0,0,0
zc,TA305,2012-06-06 09:19:20.210,7350.0000,514,0,0.0000,0.0000,0,0,多换,B,7344.0000,0.0000,0.0000,0.0000,0.0000,7352.0000,0.0000,0.0000,0.0000,0.0000,1,0,0,0,0,1,0,0,0,0
zc,TA305,2012-06-06 09:19:27.477,7350.0000,514,0,0.0000,0.0000,0,0,多换,B,7346.0000,0.0000,0.0000,0.0000,0.0000,7354.0000,0.0000,0.0000,0.0000,0.0000,1,0,0,0,0,1,0,0,0,0
zc,TA305,2012-06-06 09:19:34.537,7350.0000,514,0,0.0000,0.0000,0,0,多换,B,7348.0000,0.0000,0.0000,0.0000,0.0000,7356.0000,0.0000,0.0000,0.0000,0.0000,1,0,0,0,0,1,0,0,0,0
zc,TA305,2012-06-06 09:19:41.477,7350.0000,514,0,0.0000,0.0000,0,0,多换,B,7348.0000,0.0000,0.0000,0.0000,0.0000,7358.0000,0.0000,0.0000,0.0000,0.0000,1,0,0,0,0,1,0,0,0,0
zc,TA305,2012-06-06 09:19:42.197,7350.0000,514,0,0.0000,0.0000,0,0,多换,B,7350.0000,0.0000,0.0000,0.0000,0.0000,7358.0000,0.0000,0.0000,0.0000,0.0000,1,0,0,0,0,1,0,0,0,0
zc,TA305,2012-06-06 09:19:43.740,7350.0000,514,0,0.0000,0.0000,0,0,多换,B,7352.0000,0.0000,0.0000,0.0000,0.0000,7360.0000,0.0000,0.0000,0.0000,0.0000,1,0,0,0,0,1,0,0,0,0
zc,TA305,2012-06-06 09:19:47.490,7350.0000,514,0,0.0000,0.0000,0,0,多换,B,7354.0000,0.0000,0.0000,0.0000,0.0000,7362.0000,0.0000,0.0000,0.0000,0.0000,1,0,0,0,0,1,0,0,0,0
zc,TA305,2012-06-06 09:19:55.257,7350.0000,514,0,0.0000,0.0000,0,0,多换,B,7352.0000,0.0000,0.0000,0.0000,0.0000,7362.0000,0.0000,0.0000,0.0000,0.0000,1,0,0,0,0,1,0,0,0,0
zc,TA305,2012-06-06 09:19:58.240,7350.0000,514,0,0.0000,0.0000,0,0,多换,B,7352.0000,0.0000,0.0000,0.0000,0.0000,7360.0000,0.0000,0.0000,0.0000,0.0000,1,0,0,0,0,1,0,0,0,0
zc,TA305,2012-06-06 09:20:02.490,7350.0000,514,0,0.0000,0.0000,0,0,多换,B,7354.0000,0.0000,0.0000,0.0000,0.0000,7362.0000,0.0000,0.0000,0.0000,0.0000,1,0,0,0,0,1,0,0,0,0
zc,TA305,2012-06-06 09:20:04.757,7350.0000,514,0,0.0000,0.0000,0,0,多换,B,7352.0000,0.0000,0.0000,0.0000,0.0000,7362.0000,0.0000,0.0000,0.0000,0.0000,3,0,0,0,0,1,0,0,0,0
zc,TA305,2012-06-06 09:20:06.287,7350.0000,514,0,0.0000,0.0000,0,0,多换,B,7354.0000,0.0000,0.0000,0.0000,0.0000,7364.0000,0.0000,0.0000,0.0000,0.0000,1,0,0,0,0,1,0,0,0,0
zc,TA305,2012-06-06 09:20:07.537,7350.0000,514,0,0.0000,0.0000,0,0,多换,B,7352.0000,0.0000,0.0000,0.0000,0.0000,7364.0000,0.0000,0.0000,0.0000,0.0000,3,0,0,0,0,1,0,0,0,0
zc,TA305,2012-06-06 09:20:08.787,7350.0000,514,0,0.0000,0.0000,0,0,多换,B,7356.0000,0.0000,0.0000,0.0000,0.0000,7364.0000,0.0000,0.0000,0.0000,0.0000,1,0,0,0,0,1,0,0,0,0
zc,TA305,2012-06-06 09:20:09.523,7350.0000,514,0,0.0000,0.0000,0,0,多换,B,7356.0000,0.0000,0.0000,0.0000,0.0000,7366.0000,0.0000,0.0000,0.0000,0.0000,1,0,0,0,0,1,0,0,0,0
zc,TA305,2012-06-06 09:20:10.070,7350.0000,514,0,0.0000,0.0000,0,0,多换,B,7354.0000,0.0000,0.0000,0.0000,0.0000,7366.0000,0.0000,0.0000,0.0000,0.0000,1,0,0,0,0,1,0,0,0,0
zc,TA305,2012-06-06 09:20:10.740,7350.0000,514,0,0.0000,0.0000,0,0,多换,B,7358.0000,0.0000,0.0000,0.0000,0.0000,7366.0000,0.0000,0.0000,0.0000,0.0000,1,0,0,0,0,1,0,0,0,0
zc,TA305,2012-06-06 09:20:11.740,7350.0000,514,0,0.0000,0.0000,0,0,多换,B,7358.0000,0.0000,0.0000,0.0000,0.0000,7368.0000,0.0000,0.0000,0.0000,0.0000,1,0,0,0,0,1,0,0,0,0
zc,TA305,2012-06-06 09:20:12.507,7350.0000,514,0,0.0000,0.0000,0,0,多换,B,7360.0000,0.0000,0.0000,0.0000,0.0000,7368.0000,0.0000,0.0000,0.0000,0.0000,1,0,0,0,0,1,0,0,0,0
zc,TA305,2012-06-06 09:20:13.007,7350.0000,514,0,0.0000,0.0000,0,0,多换,B,7360.0000,0.0000,0.0000,0.0000,0.0000,7370.0000,0.0000,0.0000,0.0000,0.0000,1,0,0,0,0,1,0,0,0,0
zc,TA305,2012-06-06 09:20:15.070,7350.0000,514,0,0.0000,0.0000,0,0,多换,B,7360.0000,0.0000,0.0000,0.0000,0.0000,7372.0000,0.0000,0.0000,0.0000,0.0000,1,0,0,0,0,1,0,0,0,0
zc,TA305,2012-06-06 09:20:15.537,7350.0000,514,0,0.0000,0.0000,0,0,多换,B,7364.0000,0.0000,0.0000,0.0000,0.0000,7372.0000,0.0000,0.0000,0.0000,0.0000,1,0,0,0,0,1,0,0,0,0
zc,TA305,2012-06-06 09:20:18.037,7350.0000,514,0,0.0000,0.0000,0,0,多换,B,7360.0000,0.0000,0.0000,0.0000,0.0000,7372.0000,0.0000,0.0000,0.0000,0.0000,1,0,0,0,0,1,0,0,0,0
zc,TA305,2012-06-06 09:20:18.553,7350.0000,514,0,0.0000,0.0000,0,0,多换,B,7360.0000,0.0000,0.0000,0.0000,0.0000,7374.0000,0.0000,0.0000,0.0000,0.0000,1,0,0,0,0,1,0,0,0,0
zc,TA305,2012-06-06 09:20:19.087,7350.0000,514,0,0.0000,0.0000,0,0,多换,B,7358.0000,0.0000,0.0000,0.0000,0.0000,7370.0000,0.0000,0.0000,0.0000,0.0000,1,0,0,0,0,1,0,0,0,0
zc,TA305,2012-06-06 09:20:19.740,7350.0000,514,0,0.0000,0.0000,0,0,多换,B,7358.0000,0.0000,0.0000,0.0000,0.0000,7372.0000,0.0000,0.0000,0.0000,0.0000,1,0,0,0,0,1,0,0,0,0
zc,TA305,2012-06-06 09:20:20.773,7350.0000,514,0,0.0000,0.0000,0,0,多换,B,7358.0000,0.0000,0.0000,0.0000,0.0000,7370.0000,0.0000,0.0000,0.0000,0.0000,1,0,0,0,0,1,0,0,0,0
zc,TA305,2012-06-06 09:20:21.787,7350.0000,514,0,0.0000,0.0000,0,0,多换,B,7364.0000,0.0000,0.0000,0.0000,0.0000,7372.0000,0.0000,0.0000,0.0000,0.0000,1,0,0,0,0,1,0,0,0,0
zc,TA305,2012-06-06 09:20:24.037,7350.0000,514,0,0.0000,0.0000,0,0,多换,B,7366.0000,0.0000,0.0000,0.0000,0.0000,7374.0000,0.0000,0.0000,0.0000,0.0000,1,0,0,0,0,1,0,0,0,0
zc,TA305,2012-06-06 09:20:24.523,7350.0000,514,0,0.0000,0.0000,0,0,多换,B,7364.0000,0.0000,0.0000,0.0000,0.0000,7372.0000,0.0000,0.0000,0.0000,0.0000,1,0,0,0,0,1,0,0,0,0
zc,TA305,2012-06-06 09:20:26.273,7350.0000,514,0,0.0000,0.0000,0,0,多换,B,7362.0000,0.0000,0.0000,0.0000,0.0000,7374.0000,0.0000,0.0000,0.0000,0.0000,1,0,0,0,0,1,0,0,0,0
zc,TA305,2012-06-06 09:20:27.023,7350.0000,514,0,0.0000,0.0000,0,0,多换,B,7364.0000,0.0000,0.0000,0.0000,0.0000,7372.0000,0.0000,0.0000,0.0000,0.0000,1,0,0,0,0,1,0,0,0,0
zc,TA305,2012-06-06 09:20:27.477,7350.0000,514,0,0.0000,0.0000,0,0,多换,B,7366.0000,0.0000,0.0000,0.0000,0.0000,7374.0000,0.0000,0.0000,0.0000,0.0000,1,0,0,0,0,1,0,0,0,0
zc,TA305,2012-06-06 09:20:28.240,7350.0000,514,0,0.0000,0.0000,0,0,多换,B,7364.0000,0.0000,0.0000,0.0000,0.0000,7374.0000,0.0000,0.0000,0.0000,0.0000,1,0,0,0,0,1,0,0,0,0
zc,TA305,2012-06-06 09:20:28.787,7364.0000,512,-2,0.0000,2.0000,0,2,双平,B,7362.0000,0.0000,0.0000,0.0000,0.0000,7372.0000,0.0000,0.0000,0.0000,0.0000,2,0,0,0,0,1,0,0,0,0
zc,TA305,2012-06-06 09:20:29.570,7364.0000,512,0,0.0000,0.0000,0,0,多换,B,7360.0000,0.0000,0.0000,0.0000,0.0000,7372.0000,0.0000,0.0000,0.0000,0.0000,2,0,0,0,0,1,0,0,0,0
zc,TA305,2012-06-06 09:20:30.023,7364.0000,512,0,0.0000,0.0000,0,0,多换,B,7358.0000,0.0000,0.0000,0.0000,0.0000,7372.0000,0.0000,0.0000,0.0000,0.0000,2,0,0,0,0,1,0,0,0,0
zc,TA305,2012-06-06 09:20:31.773,7364.0000,512,0,0.0000,0.0000,0,0,多换,B,7356.0000,0.0000,0.0000,0.0000,0.0000,7366.0000,0.0000,0.0000,0.0000,0.0000,2,0,0,0,0,1,0,0,0,0
zc,TA305,2012-06-06 09:20:34.977,7364.0000,512,0,0.0000,0.0000,0,0,多换,B,7358.0000,0.0000,0.0000,0.0000,0.0000,7370.0000,0.0000,0.0000,0.0000,0.0000,2,0,0,0,0,1,0,0,0,0
zc,TA305,2012-06-06 09:20:37.773,7364.0000,512,0,0.0000,0.0000,0,0,多换,B,7358.0000,0.0000,0.0000,0.0000,0.0000,7368.0000,0.0000,0.0000,0.0000,0.0000,2,0,0,0,0,1,0,0,0,0
zc,TA305,2012-06-06 09:20:38.977,7364.0000,512,0,0.0000,0.0000,0,0,多换,B,7360.0000,0.0000,0.0000,0.0000,0.0000,7370.0000,0.0000,0.0000,0.0000,0.0000,2,0,0,0,0,1,0,0,0,0
zc,TA305,2012-06-06 09:20:39.477,7364.0000,512,0,0.0000,0.0000,0,0,多换,B,7358.0000,0.0000,0.0000,0.0000,0.0000,7370.0000,0.0000,0.0000,0.0000,0.0000,2,0,0,0,0,1,0,0,0,0
zc,TA305,2012-06-06 09:20:44.803,7364.0000,512,0,0.0000,0.0000,0,0,多换,B,7360.0000,0.0000,0.0000,0.0000,0.0000,7370.0000,0.0000,0.0000,0.0000,0.0000,2,0,0,0,0,1,0,0,0,0
zc,TA305,2012-06-06 09:20:45.727,7364.0000,512,0,0.0000,0.0000,0,0,多换,B,7358.0000,0.0000,0.0000,0.0000,0.0000,7370.0000,0.0000,0.0000,0.0000,0.0000,2,0,0,0,0,1,0,0,0,0
zc,TA305,2012-06-06 09:20:49.537,7364.0000,512,0,0.0000,0.0000,0,0,多换,B,7358.0000,0.0000,0.0000,0.0000,0.0000,7368.0000,0.0000,0.0000,0.0000,0.0000,2,0,0,0,0,1,0,0,0,0
zc,TA305,2012-06-06 09:20:52.053,7364.0000,512,0,0.0000,0.0000,0,0,多换,B,7356.0000,0.0000,0.0000,0.0000,0.0000,7368.0000,0.0000,0.0000,0.0000,0.0000,2,0,0,0,0,1,0,0,0,0
zc,TA305,2012-06-06 09:20:53.257,7364.0000,512,0,0.0000,0.0000,0,0,多换,B,7358.0000,0.0000,0.0000,0.0000,0.0000,7368.0000,0.0000,0.0000,0.0000,0.0000,1,0,0,0,0,1,0,0,0,0
zc,TA305,2012-06-06 09:20:54.947,7364.0000,512,0,0.0000,0.0000,0,0,多换,B,7356.0000,0.0000,0.0000,0.0000,0.0000,7368.0000,0.0000,0.0000,0.0000,0.0000,2,0,0,0,0,1,0,0,0,0
zc,TA305,2012-06-06 09:20:56.227,7364.0000,512,0,0.0000,0.0000,0,0,多换,B,7358.0000,0.0000,0.0000,0.0000,0.0000,7368.0000,0.0000,0.0000,0.0000,0.0000,1,0,0,0,0,1,0,0,0,0
zc,TA305,2012-06-06 09:20:56.740,7364.0000,512,0,0.0000,0.0000,0,0,多换,B,7358.0000,0.0000,0.0000,0.0000,0.0000,7368.0000,0.0000,0.0000,0.0000,0.0000,2,0,0,0,0,1,0,0,0,0
zc,TA305,2012-06-06 09:20:58.740,7364.0000,512,0,0.0000,0.0000,0,0,多换,B,7356.0000,0.0000,0.0000,0.0000,0.0000,7368.0000,0.0000,0.0000,0.0000,0.0000,2,0,0,0,0,1,0,0,0,0
zc,TA305,2012-06-06 09:21:00.227,7364.0000,512,0,0.0000,0.0000,0,0,多换,B,7358.0000,0.0000,0.0000,0.0000,0.0000,7368.0000,0.0000,0.0000,0.0000,0.0000,2,0,0,0,0,1,0,0,0,0
zc,TA305,2012-06-06 09:21:03.740,7364.0000,512,0,0.0000,0.0000,0,0,多换,B,7358.0000,0.0000,0.0000,0.0000,0.0000,7368.0000,0.0000,0.0000,0.0000,0.0000,1,0,0,0,0,1,0,0,0,0
zc,TA305,2012-06-06 09:21:04.240,7364.0000,512,0,0.0000,0.0000,0,0,多换,B,7356.0000,0.0000,0.0000,0.0000,0.0000,7366.0000,0.0000,0.0000,0.0000,0.0000,2,0,0,0,0,1,0,0,0,0
zc,TA305,2012-06-06 09:21:09.773,7364.0000,512,0,0.0000,0.0000,0,0,多换,B,7354.0000,0.0000,0.0000,0.0000,0.0000,7364.0000,0.0000,0.0000,0.0000,0.0000,2,0,0,0,0,1,0,0,0,0
zc,TA305,2012-06-06 09:21:11.740,7364.0000,512,0,0.0000,0.0000,0,0,多换,B,7354.0000,0.0000,0.0000,0.0000,0.0000,7364.0000,0.0000,0.0000,0.0000,0.0000,1,0,0,0,0,1,0,0,0,0
zc,TA305,2012-06-06 09:21:13.320,7364.0000,512,0,0.0000,0.0000,0,0,多换,B,7352.0000,0.0000,0.0000,0.0000,0.0000,7364.0000,0.0000,0.0000,0.0000,0.0000,2,0,0,0,0,1,0,0,0,0
zc,TA305,2012-06-06 09:21:13.990,7364.0000,512,0,0.0000,0.0000,0,0,多换,B,7352.0000,0.0000,0.0000,0.0000,0.0000,7362.0000,0.0000,0.0000,0.0000,0.0000,2,0,0,0,0,1,0,0,0,0
zc,TA305,2012-06-06 09:21:16.990,7364.0000,512,0,0.0000,0.0000,0,0,多换,B,7352.0000,0.0000,0.0000,0.0000,0.0000,7364.0000,0.0000,0.0000,0.0000,0.0000,2,0,0,0,0,1,0,0,0,0
zc,TA305,2012-06-06 09:21:17.273,7364.0000,512,0,0.0000,0.0000,0,0,多换,B,7352.0000,0.0000,0.0000,0.0000,0.0000,7362.0000,0.0000,0.0000,0.0000,0.0000,2,0,0,0,0,1,0,0,0,0
zc,TA305,2012-06-06 09:21:17.990,7364.0000,512,0,0.0000,0.0000,0,0,多换,B,7350.0000,0.0000,0.0000,0.0000,0.0000,7362.0000,0.0000,0.0000,0.0000,0.0000,2,0,0,0,0,1,0,0,0,0
zc,TA305,2012-06-06 09:21:18.537,7364.0000,512,0,0.0000,0.0000,0,0,多换,B,7348.0000,0.0000,0.0000,0.0000,0.0000,7360.0000,0.0000,0.0000,0.0000,0.0000,2,0,0,0,0,1,0,0,0,0
zc,TA305,2012-06-06 09:21:19.303,7364.0000,512,0,0.0000,0.0000,0,0,多换,B,7348.0000,0.0000,0.0000,0.0000,0.0000,7358.0000,0.0000,0.0000,0.0000,0.0000,2,0,0,0,0,1,0,0,0,0
zc,TA305,2012-06-06 09:21:21.990,7364.0000,512,0,0.0000,0.0000,0,0,多换,B,7346.0000,0.0000,0.0000,0.0000,0.0000,7356.0000,0.0000,0.0000,0.0000,0.0000,2,0,0,0,0,1,0,0,0,0
zc,TA305,2012-06-06 09:21:22.287,7364.0000,512,0,0.0000,0.0000,0,0,多换,B,7346.0000,0.0000,0.0000,0.0000,0.0000,7358.0000,0.0000,0.0000,0.0000,0.0000,2,0,0,0,0,1,0,0,0,0
zc,TA305,2012-06-06 09:21:23.727,7364.0000,512,0,0.0000,0.0000,0,0,多换,B,7346.0000,0.0000,0.0000,0.0000,0.0000,7360.0000,0.0000,0.0000,0.0000,0.0000,2,0,0,0,0,1,0,0,0,0
zc,TA305,2012-06-06 09:21:24.257,7364.0000,512,0,0.0000,0.0000,0,0,多换,B,7346.0000,0.0000,0.0000,0.0000,0.0000,7358.0000,0.0000,0.0000,0.0000,0.0000,2,0,0,0,0,1,0,0,0,0
zc,TA305,2012-06-06 09:21:24.990,7364.0000,512,0,0.0000,0.0000,0,0,多换,B,7348.0000,0.0000,0.0000,0.0000,0.0000,7358.0000,0.0000,0.0000,0.0000,0.0000,1,0,0,0,0,1,0,0,0,0
zc,TA305,2012-06-06 09:21:25.303,7364.0000,512,0,0.0000,0.0000,0,0,多换,B,7348.0000,0.0000,0.0000,0.0000,0.0000,7360.0000,0.0000,0.0000,0.0000,0.0000,2,0,0,0,0,1,0,0,0,0
zc,TA305,2012-06-06 09:21:26.287,7364.0000,512,0,0.0000,0.0000,0,0,多换,B,7350.0000,0.0000,0.0000,0.0000,0.0000,7360.0000,0.0000,0.0000,0.0000,0.0000,1,0,0,0,0,1,0,0,0,0
zc,TA305,2012-06-06 09:21:26.930,7364.0000,512,0,0.0000,0.0000,0,0,多换,B,7350.0000,0.0000,0.0000,0.0000,0.0000,7360.0000,0.0000,0.0000,0.0000,0.0000,1,0,0,0,0,1,0,0,0,0
zc,TA305,2012-06-06 09:21:27.960,7364.0000,512,0,0.0000,0.0000,0,0,多换,B,7348.0000,0.0000,0.0000,0.0000,0.0000,7360.0000,0.0000,0.0000,0.0000,0.0000,2,0,0,0,0,1,0,0,0,0
zc,TA305,2012-06-06 09:21:29.180,7364.0000,512,0,0.0000,0.0000,0,0,多换,B,7348.0000,0.0000,0.0000,0.0000,0.0000,7362.0000,0.0000,0.0000,0.0000,0.0000,2,0,0,0,0,1,0,0,0,0
zc,TA305,2012-06-06 09:21:34.227,7364.0000,512,0,0.0000,0.0000,0,0,多换,B,7350.0000,0.0000,0.0000,0.0000,0.0000,7362.0000,0.0000,0.0000,0.0000,0.0000,2,0,0,0,0,1,0,0,0,0
zc,TA305,2012-06-06 09:21:35.227,7364.0000,512,0,0.0000,0.0000,0,0,多换,B,7348.0000,0.0000,0.0000,0.0000,0.0000,7358.0000,0.0000,0.0000,0.0000,0.0000,2,0,0,0,0,1,0,0,0,0
zc,TA305,2012-06-06 09:21:41.757,7364.0000,512,0,0.0000,0.0000,0,0,多换,B,7348.0000,0.0000,0.0000,0.0000,0.0000,7360.0000,0.0000,0.0000,0.0000,0.0000,2,0,0,0,0,1,0,0,0,0
zc,TA305,2012-06-06 09:21:42.240,7364.0000,512,0,0.0000,0.0000,0,0,多换,B,7350.0000,0.0000,0.0000,0.0000,0.0000,7360.0000,0.0000,0.0000,0.0000,0.0000,1,0,0,0,0,1,0,0,0,0
zc,TA305,2012-06-06 09:21:42.977,7364.0000,512,0,0.0000,0.0000,0,0,多换,B,7350.0000,0.0000,0.0000,0.0000,0.0000,7360.0000,0.0000,0.0000,0.0000,0.0000,2,0,0,0,0,1,0,0,0,0
zc,TA305,2012-06-06 09:21:44.740,7364.0000,512,0,0.0000,0.0000,0,0,多换,B,7350.0000,0.0000,0.0000,0.0000,0.0000,7360.0000,0.0000,0.0000,0.0000,0.0000,1,0,0,0,0,1,0,0,0,0
zc,TA305,2012-06-06 09:21:45.210,7364.0000,512,0,0.0000,0.0000,0,0,多换,B,7348.0000,0.0000,0.0000,0.0000,0.0000,7360.0000,0.0000,0.0000,0.0000,0.0000,3,0,0,0,0,1,0,0,0,0
zc,TA305,2012-06-06 09:21:45.740,7364.0000,512,0,0.0000,0.0000,0,0,多换,B,7348.0000,0.0000,0.0000,0.0000,0.0000,7358.0000,0.0000,0.0000,0.0000,0.0000,3,0,0,0,0,1,0,0,0,0
zc,TA305,2012-06-06 09:21:50.273,7364.0000,512,0,0.0000,0.0000,0,0,多换,B,7350.0000,0.0000,0.0000,0.0000,0.0000,7360.0000,0.0000,0.0000,0.0000,0.0000,1,0,0,0,0,1,0,0,0,0
zc,TA305,2012-06-06 09:21:54.240,7364.0000,512,0,0.0000,0.0000,0,0,多换,B,7348.0000,0.0000,0.0000,0.0000,0.0000,7360.0000,0.0000,0.0000,0.0000,0.0000,3,0,0,0,0,1,0,0,0,0
zc,TA305,2012-06-06 09:22:00.460,7364.0000,512,0,0.0000,0.0000,0,0,多换,B,7348.0000,0.0000,0.0000,0.0000,0.0000,7358.0000,0.0000,0.0000,0.0000,0.0000,3,0,0,0,0,1,0,0,0,0
zc,TA305,2012-06-06 09:22:01.680,7364.0000,512,0,0.0000,0.0000,0,0,多换,B,7348.0000,0.0000,0.0000,0.0000,0.0000,7360.0000,0.0000,0.0000,0.0000,0.0000,3,0,0,0,0,1,0,0,0,0
zc,TA305,2012-06-06 09:22:04.477,7364.0000,512,0,0.0000,0.0000,0,0,多换,B,7348.0000,0.0000,0.0000,0.0000,0.0000,7358.0000,0.0000,0.0000,0.0000,0.0000,3,0,0,0,0,1,0,0,0,0
zc,TA305,2012-06-06 09:22:06.507,7364.0000,512,0,0.0000,0.0000,0,0,多换,B,7348.0000,0.0000,0.0000,0.0000,0.0000,7360.0000,0.0000,0.0000,0.0000,0.0000,3,0,0,0,0,1,0,0,0,0
zc,TA305,2012-06-06 09:22:06.977,7364.0000,512,0,0.0000,0.0000,0,0,多换,B,7350.0000,0.0000,0.0000,0.0000,0.0000,7360.0000,0.0000,0.0000,0.0000,0.0000,2,0,0,0,0,1,0,0,0,0
zc,TA305,2012-06-06 09:22:12.960,7364.0000,512,0,0.0000,0.0000,0,0,多换,B,7348.0000,0.0000,0.0000,0.0000,0.0000,7360.0000,0.0000,0.0000,0.0000,0.0000,3,0,0,0,0,1,0,0,0,0
zc,TA305,2012-06-06 09:22:13.447,7364.0000,512,0,0.0000,0.0000,0,0,多换,B,7348.0000,0.0000,0.0000,0.0000,0.0000,7362.0000,0.0000,0.0000,0.0000,0.0000,3,0,0,0,0,1,0,0,0,0
zc,TA305,2012-06-06 09:22:14.727,7364.0000,512,0,0.0000,0.0000,0,0,多换,B,7352.0000,0.0000,0.0000,0.0000,0.0000,7362.0000,0.0000,0.0000,0.0000,0.0000,2,0,0,0,0,1,0,0,0,0
zc,TA305,2012-06-06 09:22:15.257,7364.0000,512,0,0.0000,0.0000,0,0,多换,B,7350.0000,0.0000,0.0000,0.0000,0.0000,7362.0000,0.0000,0.0000,0.0000,0.0000,1,0,0,0,0,1,0,0,0,0
zc,TA305,2012-06-06 09:22:15.960,7364.0000,512,0,0.0000,0.0000,0,0,多换,B,7350.0000,0.0000,0.0000,0.0000,0.0000,7362.0000,0.0000,0.0000,0.0000,0.0000,2,0,0,0,0,1,0,0,0,0
zc,TA305,2012-06-06 09:22:18.727,7364.0000,512,0,0.0000,0.0000,0,0,多换,B,7350.0000,0.0000,0.0000,0.0000,0.0000,7360.0000,0.0000,0.0000,0.0000,0.0000,2,0,0,0,0,1,0,0,0,0
zc,TA305,2012-06-06 09:22:21.210,7364.0000,512,0,0.0000,0.0000,0,0,多换,B,7350.0000,0.0000,0.0000,0.0000,0.0000,7362.0000,0.0000,0.0000,0.0000,0.0000,2,0,0,0,0,1,0,0,0,0
zc,TA305,2012-06-06 09:22:22.960,7364.0000,512,0,0.0000,0.0000,0,0,多换,B,7350.0000,0.0000,0.0000,0.0000,0.0000,7360.0000,0.0000,0.0000,0.0000,0.0000,2,0,0,0,0,1,0,0,0,0
zc,TA305,2012-06-06 09:22:26.460,7364.0000,512,0,0.0000,0.0000,0,0,多换,B,7350.0000,0.0000,0.0000,0.0000,0.0000,7362.0000,0.0000,0.0000,0.0000,0.0000,2,0,0,0,0,1,0,0,0,0
zc,TA305,2012-06-06 09:22:27.053,7364.0000,512,0,0.0000,0.0000,0,0,多换,B,7352.0000,0.0000,0.0000,0.0000,0.0000,7362.0000,0.0000,0.0000,0.0000,0.0000,2,0,0,0,0,1,0,0,0,0
zc,TA305,2012-06-06 09:22:28.227,7364.0000,512,0,0.0000,0.0000,0,0,多换,B,7350.0000,0.0000,0.0000,0.0000,0.0000,7362.0000,0.0000,0.0000,0.0000,0.0000,2,0,0,0,0,1,0,0,0,0
zc,TA305,2012-06-06 09:22:29.007,7364.0000,512,0,0.0000,0.0000,0,0,多换,B,7352.0000,0.0000,0.0000,0.0000,0.0000,7362.0000,0.0000,0.0000,0.0000,0.0000,1,0,0,0,0,1,0,0,0,0
zc,TA305,2012-06-06 09:22:30.227,7372.0000,512,0,0.0000,22.0000,11,11,多换,B,7350.0000,0.0000,0.0000,0.0000,0.0000,7374.0000,0.0000,0.0000,0.0000,0.0000,2,0,0,0,0,1,0,0,0,0
zc,TA305,2012-06-06 09:22:31.947,7372.0000,512,0,0.0000,0.0000,0,0,多换,B,7356.0000,0.0000,0.0000,0.0000,0.0000,7374.0000,0.0000,0.0000,0.0000,0.0000,1,0,0,0,0,1,0,0,0,0
zc,TA305,2012-06-06 09:22:34.287,7372.0000,512,0,0.0000,0.0000,0,0,多换,B,7358.0000,0.0000,0.0000,0.0000,0.0000,7374.0000,0.0000,0.0000,0.0000,0.0000,1,0,0,0,0,1,0,0,0,0
zc,TA305,2012-06-06 09:22:36.740,7372.0000,512,0,0.0000,0.0000,0,0,多换,B,7362.0000,0.0000,0.0000,0.0000,0.0000,7374.0000,0.0000,0.0000,0.0000,0.0000,1,0,0,0,0,1,0,0,0,0
zc,TA305,2012-06-06 09:22:37.240,7372.0000,512,0,0.0000,0.0000,0,0,多换,B,7358.0000,0.0000,0.0000,0.0000,0.0000,7374.0000,0.0000,0.0000,0.0000,0.0000,1,0,0,0,0,1,0,0,0,0
zc,TA305,2012-06-06 09:22:38.460,7372.0000,512,0,0.0000,0.0000,0,0,多换,B,7360.0000,0.0000,0.0000,0.0000,0.0000,7374.0000,0.0000,0.0000,0.0000,0.0000,1,0,0,0,0,1,0,0,0,0
zc,TA305,2012-06-06 09:22:41.240,7372.0000,512,0,0.0000,0.0000,0,0,多换,B,7360.0000,0.0000,0.0000,0.0000,0.0000,7372.0000,0.0000,0.0000,0.0000,0.0000,1,0,0,0,0,1,0,0,0,0
zc,TA305,2012-06-06 09:22:42.490,7372.0000,512,0,0.0000,0.0000,0,0,多换,B,7360.0000,0.0000,0.0000,0.0000,0.0000,7370.0000,0.0000,0.0000,0.0000,0.0000,1,0,0,0,0,1,0,0,0,0
zc,TA305,2012-06-06 09:22:45.523,7372.0000,512,0,0.0000,0.0000,0,0,多换,B,7360.0000,0.0000,0.0000,0.0000,0.0000,7372.0000,0.0000,0.0000,0.0000,0.0000,1,0,0,0,0,1,0,0,0,0
zc,TA305,2012-06-06 09:22:48.697,7372.0000,512,0,0.0000,0.0000,0,0,多换,B,7362.0000,0.0000,0.0000,0.0000,0.0000,7372.0000,0.0000,0.0000,0.0000,0.0000,1,0,0,0,0,1,0,0,0,0
zc,TA305,2012-06-06 09:22:50.210,7372.0000,512,0,0.0000,0.0000,0,0,多换,B,7360.0000,0.0000,0.0000,0.0000,0.0000,7372.0000,0.0000,0.0000,0.0000,0.0000,1,0,0,0,0,1,0,0,0,0
zc,TA305,2012-06-06 09:22:53.227,7372.0000,512,0,0.0000,0.0000,0,0,多换,B,7360.0000,0.0000,0.0000,0.0000,0.0000,7370.0000,0.0000,0.0000,0.0000,0.0000,1,0,0,0,0,1,0,0,0,0
zc,TA305,2012-06-06 09:22:54.240,7372.0000,512,0,0.0000,0.0000,0,0,多换,B,7362.0000,0.0000,0.0000,0.0000,0.0000,7372.0000,0.0000,0.0000,0.0000,0.0000,1,0,0,0,0,1,0,0,0,0
zc,TA305,2012-06-06 09:22:54.990,7372.0000,512,0,0.0000,0.0000,0,0,多换,B,7360.0000,0.0000,0.0000,0.0000,0.0000,7372.0000,0.0000,0.0000,0.0000,0.0000,1,0,0,0,0,1,0,0,0,0
zc,TA305,2012-06-06 09:23:00.977,7372.0000,512,0,0.0000,0.0000,0,0,多换,B,7362.0000,0.0000,0.0000,0.0000,0.0000,7372.0000,0.0000,0.0000,0.0000,0.0000,1,0,0,0,0,1,0,0,0,0
zc,TA305,2012-06-06 09:23:01.977,7372.0000,512,0,0.0000,0.0000,0,0,多换,B,7360.0000,0.0000,0.0000,0.0000,0.0000,7372.0000,0.0000,0.0000,0.0000,0.0000,1,0,0,0,0,1,0,0,0,0
zc,TA305,2012-06-06 09:23:03.210,7372.0000,512,0,0.0000,0.0000,0,0,多换,B,7358.0000,0.0000,0.0000,0.0000,0.0000,7370.0000,0.0000,0.0000,0.0000,0.0000,1,0,0,0,0,1,0,0,0,0
zc,TA305,2012-06-06 09:23:05.477,7372.0000,512,0,0.0000,0.0000,0,0,多换,B,7358.0000,0.0000,0.0000,0.0000,0.0000,7372.0000,0.0000,0.0000,0.0000,0.0000,1,0,0,0,0,1,0,0,0,0
zc,TA305,2012-06-06 09:23:06.227,7372.0000,512,0,0.0000,0.0000,0,0,多换,B,7358.0000,0.0000,0.0000,0.0000,0.0000,7370.0000,0.0000,0.0000,0.0000,0.0000,1,0,0,0,0,1,0,0,0,0
zc,TA305,2012-06-06 09:23:08.697,7372.0000,512,0,0.0000,0.0000,0,0,多换,B,7360.0000,0.0000,0.0000,0.0000,0.0000,7370.0000,0.0000,0.0000,0.0000,0.0000,1,0,0,0,0,1,0,0,0,0
zc,TA305,2012-06-06 09:23:09.727,7372.0000,512,0,0.0000,0.0000,0,0,多换,B,7358.0000,0.0000,0.0000,0.0000,0.0000,7370.0000,0.0000,0.0000,0.0000,0.0000,1,0,0,0,0,1,0,0,0,0
zc,TA305,2012-06-06 09:23:10.240,7372.0000,512,0,0.0000,0.0000,0,0,多换,B,7356.0000,0.0000,0.0000,0.0000,0.0000,7370.0000,0.0000,0.0000,0.0000,0.0000,1,0,0,0,0,1,0,0,0,0
zc,TA305,2012-06-06 09:23:11.490,7372.0000,512,0,0.0000,0.0000,0,0,多换,B,7358.0000,0.0000,0.0000,0.0000,0.0000,7370.0000,0.0000,0.0000,0.0000,0.0000,1,0,0,0,0,1,0,0,0,0
zc,TA305,2012-06-06 09:23:12.727,7372.0000,512,0,0.0000,0.0000,0,0,多换,B,7356.0000,0.0000,0.0000,0.0000,0.0000,7370.0000,0.0000,0.0000,0.0000,0.0000,1,0,0,0,0,1,0,0,0,0
zc,TA305,2012-06-06 09:23:13.990,7372.0000,512,0,0.0000,0.0000,0,0,多换,B,7356.0000,0.0000,0.0000,0.0000,0.0000,7366.0000,0.0000,0.0000,0.0000,0.0000,1,0,0,0,0,1,0,0,0,0
zc,TA305,2012-06-06 09:23:17.727,7372.0000,512,0,0.0000,0.0000,0,0,多换,B,7356.0000,0.0000,0.0000,0.0000,0.0000,7364.0000,0.0000,0.0000,0.0000,0.0000,1,0,0,0,0,1,0,0,0,0
zc,TA305,2012-06-06 09:23:18.240,7372.0000,512,0,0.0000,0.0000,0,0,多换,B,7354.0000,0.0000,0.0000,0.0000,0.0000,7362.0000,0.0000,0.0000,0.0000,0.0000,1,0,0,0,0,1,0,0,0,0
zc,TA305,2012-06-06 09:23:22.240,7372.0000,512,0,0.0000,0.0000,0,0,多换,B,7352.0000,0.0000,0.0000,0.0000,0.0000,7360.0000,0.0000,0.0000,0.0000,0.0000,1,0,0,0,0,1,0,0,0,0
zc,TA305,2012-06-06 09:23:27.257,7372.0000,512,0,0.0000,0.0000,0,0,多换,B,7352.0000,0.0000,0.0000,0.0000,0.0000,7362.0000,0.0000,0.0000,0.0000,0.0000,1,0,0,0,0,1,0,0,0,0
zc,TA305,2012-06-06 09:23:29.477,7372.0000,512,0,0.0000,0.0000,0,0,多换,B,7354.0000,0.0000,0.0000,0.0000,0.0000,7362.0000,0.0000,0.0000,0.0000,0.0000,1,0,0,0,0,1,0,0,0,0
zc,TA305,2012-06-06 09:23:30.460,7372.0000,512,0,0.0000,0.0000,0,0,多换,B,7352.0000,0.0000,0.0000,0.0000,0.0000,7362.0000,0.0000,0.0000,0.0000,0.0000,1,0,0,0,0,1,0,0,0,0
zc,TA305,2012-06-06 09:23:36.680,7372.0000,512,0,0.0000,0.0000,0,0,多换,B,7354.0000,0.0000,0.0000,0.0000,0.0000,7362.0000,0.0000,0.0000,0.0000,0.0000,1,0,0,0,0,1,0,0,0,0
zc,TA305,2012-06-06 09:23:40.197,7372.0000,512,0,0.0000,0.0000,0,0,多换,B,7354.0000,0.0000,0.0000,0.0000,0.0000,7364.0000,0.0000,0.0000,0.0000,0.0000,1,0,0,0,0,1,0,0,0,0
zc,TA305,2012-06-06 09:23:45.197,7372.0000,512,0,0.0000,0.0000,0,0,多换,B,7354.0000,0.0000,0.0000,0.0000,0.0000,7362.0000,0.0000,0.0000,0.0000,0.0000,1,0,0,0,0,1,0,0,0,0
zc,TA305,2012-06-06 09:23:46.977,7372.0000,512,0,0.0000,0.0000,0,0,多换,B,7352.0000,0.0000,0.0000,0.0000,0.0000,7360.0000,0.0000,0.0000,0.0000,0.0000,1,0,0,0,0,1,0,0,0,0
zc,TA305,2012-06-06 09:23:48.210,7372.0000,512,0,0.0000,0.0000,0,0,多换,B,7354.0000,0.0000,0.0000,0.0000,0.0000,7362.0000,0.0000,0.0000,0.0000,0.0000,1,0,0,0,0,1,0,0,0,0
zc,TA305,2012-06-06 09:23:48.697,7372.0000,512,0,0.0000,0.0000,0,0,多换,B,7352.0000,0.0000,0.0000,0.0000,0.0000,7362.0000,0.0000,0.0000,0.0000,0.0000,1,0,0,0,0,1,0,0,0,0
zc,TA305,2012-06-06 09:23:54.240,7372.0000,512,0,0.0000,0.0000,0,0,多换,B,7350.0000,0.0000,0.0000,0.0000,0.0000,7362.0000,0.0000,0.0000,0.0000,0.0000,1,0,0,0,0,1,0,0,0,0
zc,TA305,2012-06-06 09:23:55.227,7372.0000,512,0,0.0000,0.0000,0,0,多换,B,7350.0000,0.0000,0.0000,0.0000,0.0000,7358.0000,0.0000,0.0000,0.0000,0.0000,1,0,0,0,0,1,0,0,0,0
zc,TA305,2012-06-06 09:23:58.757,7372.0000,512,0,0.0000,0.0000,0,0,多换,B,7348.0000,0.0000,0.0000,0.0000,0.0000,7356.0000,0.0000,0.0000,0.0000,0.0000,1,0,0,0,0,1,0,0,0,0
zc,TA305,2012-06-06 09:23:59.477,7372.0000,512,0,0.0000,0.0000,0,0,多换,B,7350.0000,0.0000,0.0000,0.0000,0.0000,7358.0000,0.0000,0.0000,0.0000,0.0000,1,0,0,0,0,1,0,0,0,0
zc,TA305,2012-06-06 09:24:00.727,7372.0000,512,0,0.0000,0.0000,0,0,多换,B,7352.0000,0.0000,0.0000,0.0000,0.0000,7362.0000,0.0000,0.0000,0.0000,0.0000,1,0,0,0,0,1,0,0,0,0
zc,TA305,2012-06-06 09:24:08.180,7372.0000,512,0,0.0000,0.0000,0,0,多换,B,7352.0000,0.0000,0.0000,0.0000,0.0000,7360.0000,0.0000,0.0000,0.0000,0.0000,1,0,0,0,0,1,0,0,0,0
zc,TA305,2012-06-06 09:24:11.740,7372.0000,512,0,0.0000,0.0000,0,0,多换,B,7350.0000,0.0000,0.0000,0.0000,0.0000,7358.0000,0.0000,0.0000,0.0000,0.0000,1,0,0,0,0,1,0,0,0,0
zc,TA305,2012-06-06 09:24:14.727,7372.0000,512,0,0.0000,0.0000,0,0,多换,B,7352.0000,0.0000,0.0000,0.0000,0.0000,7360.0000,0.0000,0.0000,0.0000,0.0000,1,0,0,0,0,1,0,0,0,0
zc,TA305,2012-06-06 09:24:26.897,7372.0000,512,0,0.0000,0.0000,0,0,多换,B,7352.0000,0.0000,0.0000,0.0000,0.0000,7360.0000,0.0000,0.0000,0.0000,0.0000,1,0,0,0,0,1,0,0,0,0
zc,TA305,2012-06-06 09:24:30.490,7372.0000,512,0,0.0000,0.0000,0,0,多换,B,7352.0000,0.0000,0.0000,0.0000,0.0000,7362.0000,0.0000,0.0000,0.0000,0.0000,1,0,0,0,0,1,0,0,0,0
zc,TA305,2012-06-06 09:24:31.537,7372.0000,512,0,0.0000,0.0000,0,0,多换,B,7354.0000,0.0000,0.0000,0.0000,0.0000,7362.0000,0.0000,0.0000,0.0000,0.0000,1,0,0,0,0,1,0,0,0,0
zc,TA305,2012-06-06 09:24:34.697,7372.0000,512,0,0.0000,0.0000,0,0,多换,B,7354.0000,0.0000,0.0000,0.0000,0.0000,7364.0000,0.0000,0.0000,0.0000,0.0000,1,0,0,0,0,1,0,0,0,0
zc,TA305,2012-06-06 09:24:43.430,7372.0000,512,0,0.0000,0.0000,0,0,多换,B,7356.0000,0.0000,0.0000,0.0000,0.0000,7364.0000,0.0000,0.0000,0.0000,0.0000,1,0,0,0,0,1,0,0,0,0
zc,TA305,2012-06-06 09:24:51.447,7372.0000,512,0,0.0000,0.0000,0,0,多换,B,7358.0000,0.0000,0.0000,0.0000,0.0000,7366.0000,0.0000,0.0000,0.0000,0.0000,1,0,0,0,0,1,0,0,0,0
zc,TA305,2012-06-06 09:24:52.680,7372.0000,512,0,0.0000,0.0000,0,0,多换,B,7356.0000,0.0000,0.0000,0.0000,0.0000,7366.0000,0.0000,0.0000,0.0000,0.0000,1,0,0,0,0,1,0,0,0,0
zc,TA305,2012-06-06 09:24:58.460,7372.0000,512,0,0.0000,0.0000,0,0,多换,B,7356.0000,0.0000,0.0000,0.0000,0.0000,7364.0000,0.0000,0.0000,0.0000,0.0000,1,0,0,0,0,1,0,0,0,0
zc,TA305,2012-06-06 09:24:59.240,7372.0000,512,0,0.0000,0.0000,0,0,多换,B,7358.0000,0.0000,0.0000,0.0000,0.0000,7366.0000,0.0000,0.0000,0.0000,0.0000,1,0,0,0,0,1,0,0,0,0
zc,TA305,2012-06-06 09:25:01.507,7372.0000,512,0,0.0000,0.0000,0,0,多换,B,7356.0000,0.0000,0.0000,0.0000,0.0000,7366.0000,0.0000,0.0000,0.0000,0.0000,1,0,0,0,0,1,0,0,0,0
zc,TA305,2012-06-06 09:25:06.727,7372.0000,512,0,0.0000,0.0000,0,0,多换,B,7358.0000,0.0000,0.0000,0.0000,0.0000,7366.0000,0.0000,0.0000,0.0000,0.0000,1,0,0,0,0,1,0,0,0,0
zc,TA305,2012-06-06 09:25:07.240,7372.0000,512,0,0.0000,0.0000,0,0,多换,B,7356.0000,0.0000,0.0000,0.0000,0.0000,7364.0000,0.0000,0.0000,0.0000,0.0000,1,0,0,0,0,1,0,0,0,0
zc,TA305,2012-06-06 09:25:17.990,7372.0000,512,0,0.0000,0.0000,0,0,多换,B,7358.0000,0.0000,0.0000,0.0000,0.0000,7366.0000,0.0000,0.0000,0.0000,0.0000,1,0,0,0,0,1,0,0,0,0
zc,TA305,2012-06-06 09:25:26.913,7372.0000,512,0,0.0000,0.0000,0,0,多换,B,7358.0000,0.0000,0.0000,0.0000,0.0000,7366.0000,0.0000,0.0000,0.0000,0.0000,1,0,0,0,0,1,0,0,0,0
zc,TA305,2012-06-06 09:25:30.197,7372.0000,512,0,0.0000,0.0000,0,0,多换,B,7358.0000,0.0000,0.0000,0.0000,0.0000,7368.0000,0.0000,0.0000,0.0000,0.0000,1,0,0,0,0,1,0,0,0,0
zc,TA305,2012-06-06 09:25:34.460,7372.0000,512,0,0.0000,0.0000,0,0,多换,B,7358.0000,0.0000,0.0000,0.0000,0.0000,7366.0000,0.0000,0.0000,0.0000,0.0000,1,0,0,0,0,1,0,0,0,0
zc,TA305,2012-06-06 09:25:34.947,7372.0000,512,0,0.0000,0.0000,0,0,多换,B,7358.0000,0.0000,0.0000,0.0000,0.0000,7368.0000,0.0000,0.0000,0.0000,0.0000,1,0,0,0,0,1,0,0,0,0
zc,TA305,2012-06-06 09:25:46.460,7372.0000,512,0,0.0000,0.0000,0,0,多换,B,7360.0000,0.0000,0.0000,0.0000,0.0000,7368.0000,0.0000,0.0000,0.0000,0.0000,1,0,0,0,0,1,0,0,0,0
zc,TA305,2012-06-06 09:25:49.287,7372.0000,512,0,0.0000,0.0000,0,0,多换,B,7358.0000,0.0000,0.0000,0.0000,0.0000,7366.0000,0.0000,0.0000,0.0000,0.0000,1,0,0,0,0,1,0,0,0,0
zc,TA305,2012-06-06 09:25:52.257,7372.0000,512,0,0.0000,0.0000,0,0,多换,B,7358.0000,0.0000,0.0000,0.0000,0.0000,7368.0000,0.0000,0.0000,0.0000,0.0000,1,0,0,0,0,1,0,0,0,0
zc,TA305,2012-06-06 09:25:53.477,7372.0000,512,0,0.0000,0.0000,0,0,多换,B,7358.0000,0.0000,0.0000,0.0000,0.0000,7366.0000,0.0000,0.0000,0.0000,0.0000,1,0,0,0,0,1,0,0,0,0
zc,TA305,2012-06-06 09:25:54.227,7372.0000,512,0,0.0000,0.0000,0,0,多换,B,7360.0000,0.0000,0.0000,0.0000,0.0000,7368.0000,0.0000,0.0000,0.0000,0.0000,1,0,0,0,0,1,0,0,0,0
zc,TA305,2012-06-06 09:26:08.227,7372.0000,512,0,0.0000,0.0000,0,0,多换,B,7358.0000,0.0000,0.0000,0.0000,0.0000,7368.0000,0.0000,0.0000,0.0000,0.0000,1,0,0,0,0,1,0,0,0,0
zc,TA305,2012-06-06 09:26:09.210,7372.0000,512,0,0.0000,0.0000,0,0,多换,B,7358.0000,0.0000,0.0000,0.0000,0.0000,7366.0000,0.0000,0.0000,0.0000,0.0000,1,0,0,0,0,1,0,0,0,0
zc,TA305,2012-06-06 09:26:11.740,7372.0000,512,0,0.0000,0.0000,0,0,多换,B,7356.0000,0.0000,0.0000,0.0000,0.0000,7366.0000,0.0000,0.0000,0.0000,0.0000,1,0,0,0,0,1,0,0,0,0
zc,TA305,2012-06-06 09:26:16.523,7372.0000,512,0,0.0000,0.0000,0,0,多换,B,7354.0000,0.0000,0.0000,0.0000,0.0000,7366.0000,0.0000,0.0000,0.0000,0.0000,1,0,0,0,0,1,0,0,0,0
zc,TA305,2012-06-06 09:26:18.287,7372.0000,512,0,0.0000,0.0000,0,0,多换,B,7354.0000,0.0000,0.0000,0.0000,0.0000,7362.0000,0.0000,0.0000,0.0000,0.0000,1,0,0,0,0,1,0,0,0,0
zc,TA305,2012-06-06 09:26:19.507,7372.0000,512,0,0.0000,0.0000,0,0,多换,B,7352.0000,0.0000,0.0000,0.0000,0.0000,7360.0000,0.0000,0.0000,0.0000,0.0000,1,0,0,0,0,1,0,0,0,0
zc,TA305,2012-06-06 09:26:23.257,7372.0000,512,0,0.0000,0.0000,0,0,多换,B,7354.0000,0.0000,0.0000,0.0000,0.0000,7362.0000,0.0000,0.0000,0.0000,0.0000,1,0,0,0,0,1,0,0,0,0
zc,TA305,2012-06-06 09:26:27.490,7372.0000,512,0,0.0000,0.0000,0,0,多换,B,7354.0000,0.0000,0.0000,0.0000,0.0000,7364.0000,0.0000,0.0000,0.0000,0.0000,1,0,0,0,0,1,0,0,0,0
zc,TA305,2012-06-06 09:26:28.227,7372.0000,512,0,0.0000,0.0000,0,0,多换,B,7356.0000,0.0000,0.0000,0.0000,0.0000,7364.0000,0.0000,0.0000,0.0000,0.0000,1,0,0,0,0,1,0,0,0,0
zc,TA305,2012-06-06 09:26:31.227,7372.0000,512,0,0.0000,0.0000,0,0,多换,B,7354.0000,0.0000,0.0000,0.0000,0.0000,7364.0000,0.0000,0.0000,0.0000,0.0000,1,0,0,0,0,1,0,0,0,0
zc,TA305,2012-06-06 09:26:32.227,7372.0000,512,0,0.0000,0.0000,0,0,多换,B,7354.0000,0.0000,0.0000,0.0000,0.0000,7362.0000,0.0000,0.0000,0.0000,0.0000,1,0,0,0,0,1,0,0,0,0
zc,TA305,2012-06-06 09:26:32.697,7372.0000,512,0,0.0000,0.0000,0,0,多换,B,7354.0000,0.0000,0.0000,0.0000,0.0000,7364.0000,0.0000,0.0000,0.0000,0.0000,1,0,0,0,0,1,0,0,0,0
zc,TA305,2012-06-06 09:26:36.197,7372.0000,512,0,0.0000,0.0000,0,0,多换,B,7356.0000,0.0000,0.0000,0.0000,0.0000,7364.0000,0.0000,0.0000,0.0000,0.0000,1,0,0,0,0,1,0,0,0,0
zc,TA305,2012-06-06 09:26:38.477,7372.0000,512,0,0.0000,0.0000,0,0,多换,B,7354.0000,0.0000,0.0000,0.0000,0.0000,7362.0000,0.0000,0.0000,0.0000,0.0000,1,0,0,0,0,1,0,0,0,0
zc,TA305,2012-06-06 09:26:41.460,7372.0000,512,0,0.0000,0.0000,0,0,多换,B,7352.0000,0.0000,0.0000,0.0000,0.0000,7362.0000,0.0000,0.0000,0.0000,0.0000,1,0,0,0,0,1,0,0,0,0
zc,TA305,2012-06-06 09:26:44.460,7372.0000,512,0,0.0000,0.0000,0,0,多换,B,7352.0000,0.0000,0.0000,0.0000,0.0000,7360.0000,0.0000,0.0000,0.0000,0.0000,1,0,0,0,0,1,0,0,0,0
zc,TA305,2012-06-06 09:26:54.977,7372.0000,512,0,0.0000,0.0000,0,0,多换,B,7350.0000,0.0000,0.0000,0.0000,0.0000,7358.0000,0.0000,0.0000,0.0000,0.0000,1,0,0,0,0,1,0,0,0,0
zc,TA305,2012-06-06 09:27:17.960,7372.0000,512,0,0.0000,0.0000,0,0,多换,B,7352.0000,0.0000,0.0000,0.0000,0.0000,7360.0000,0.0000,0.0000,0.0000,0.0000,1,0,0,0,0,1,0,0,0,0
zc,TA305,2012-06-06 09:27:38.947,7372.0000,512,0,0.0000,0.0000,0,0,多换,B,7350.0000,0.0000,0.0000,0.0000,0.0000,7358.0000,0.0000,0.0000,0.0000,0.0000,1,0,0,0,0,1,0,0,0,0
zc,TA305,2012-06-06 09:27:41.710,7372.0000,512,0,0.0000,0.0000,0,0,多换,B,7350.0000,0.0000,0.0000,0.0000,0.0000,7360.0000,0.0000,0.0000,0.0000,0.0000,1,0,0,0,0,1,0,0,0,0
zc,TA305,2012-06-06 09:27:43.490,7372.0000,512,0,0.0000,0.0000,0,0,多换,B,7350.0000,0.0000,0.0000,0.0000,0.0000,7358.0000,0.0000,0.0000,0.0000,0.0000,1,0,0,0,0,1,0,0,0,0
zc,TA305,2012-06-06 09:27:44.740,7372.0000,512,0,0.0000,0.0000,0,0,多换,B,7352.0000,0.0000,0.0000,0.0000,0.0000,7360.0000,0.0000,0.0000,0.0000,0.0000,1,0,0,0,0,1,0,0,0,0
zc,TA305,2012-06-06 09:28:40.490,7372.0000,512,0,0.0000,0.0000,0,0,多换,B,7350.0000,0.0000,0.0000,0.0000,0.0000,7358.0000,0.0000,0.0000,0.0000,0.0000,1,0,0,0,0,1,0,0,0,0
zc,TA305,2012-06-06 09:28:42.727,7372.0000,512,0,0.0000,0.0000,0,0,多换,B,7352.0000,0.0000,0.0000,0.0000,0.0000,7360.0000,0.0000,0.0000,0.0000,0.0000,1,0,0,0,0,1,0,0,0,0
zc,TA305,2012-06-06 09:28:43.977,7372.0000,512,0,0.0000,0.0000,0,0,多换,B,7350.0000,0.0000,0.0000,0.0000,0.0000,7358.0000,0.0000,0.0000,0.0000,0.0000,1,0,0,0,0,1,0,0,0,0
zc,TA305,2012-06-06 09:28:47.477,7372.0000,512,0,0.0000,0.0000,0,0,多换,B,7350.0000,0.0000,0.0000,0.0000,0.0000,7360.0000,0.0000,0.0000,0.0000,0.0000,1,0,0,0,0,1,0,0,0,0
zc,TA305,2012-06-06 09:28:48.460,7372.0000,512,0,0.0000,0.0000,0,0,多换,B,7350.0000,0.0000,0.0000,0.0000,0.0000,7358.0000,0.0000,0.0000,0.0000,0.0000,1,0,0,0,0,1,0,0,0,0
zc,TA305,2012-06-06 09:28:52.460,7372.0000,512,0,0.0000,0.0000,0,0,多换,B,7350.0000,0.0000,0.0000,0.0000,0.0000,7360.0000,0.0000,0.0000,0.0000,0.0000,1,0,0,0,0,1,0,0,0,0
zc,TA305,2012-06-06 09:28:52.990,7372.0000,512,0,0.0000,0.0000,0,0,多换,B,7350.0000,0.0000,0.0000,0.0000,0.0000,7358.0000,0.0000,0.0000,0.0000,0.0000,1,0,0,0,0,1,0,0,0,0
zc,TA305,2012-06-06 09:28:55.210,7372.0000,512,0,0.0000,0.0000,0,0,多换,B,7350.0000,0.0000,0.0000,0.0000,0.0000,7360.0000,0.0000,0.0000,0.0000,0.0000,1,0,0,0,0,1,0,0,0,0
zc,TA305,2012-06-06 09:28:57.537,7372.0000,512,0,0.0000,0.0000,0,0,多换,B,7350.0000,0.0000,0.0000,0.0000,0.0000,7358.0000,0.0000,0.0000,0.0000,0.0000,1,0,0,0,0,1,0,0,0,0
