市场代码,合约代码,时间,最新,持仓,增仓,成交额,成交量,开仓,平仓,成交类型,方向,买一价,买二价,买三价,买四价,买五价,卖一价,卖二价,卖三价,卖四价,卖五价,买一量,买二量,买三量,买四量,买五量,卖一量,卖二量,卖三量,卖四量,卖五量
zc,TA209,2012-06-06 08:53:26.913,0.0000,470272,0,0.0000,0.0000,0,0,空换,S,0.0000,0.0000,0.0000,0.0000,0.0000,0.0000,0.0000,0.0000,0.0000,0.0000,0,0,0,0,0,0,0,0,0,0
zc,TA209,2012-06-06 08:55:00.697,0.0000,470272,0,0.0000,0.0000,0,0,空换,S,0.0000,0.0000,0.0000,0.0000,0.0000,0.0000,0.0000,0.0000,0.0000,0.0000,0,0,0,0,0,0,0,0,0,0
zc,TA209,2012-06-06 08:55:54.163,0.0000,470272,0,0.0000,0.0000,0,0,空换,S,0.0000,0.0000,0.0000,0.0000,0.0000,0.0000,0.0000,0.0000,0.0000,0.0000,0,0,0,0,0,0,0,0,0,0
zc,TA209,2012-06-06 08:55:55.413,0.0000,470272,0,0.0000,0.0000,0,0,空换,S,0.0000,0.0000,0.0000,0.0000,0.0000,0.0000,0.0000,0.0000,0.0000,0.0000,0,0,0,0,0,0,0,0,0,0
zc,TA209,2012-06-06 08:55:55.913,0.0000,470272,0,0.0000,0.0000,0,0,空换,S,0.0000,0.0000,0.0000,0.0000,0.0000,0.0000,0.0000,0.0000,0.0000,0.0000,0,0,0,0,0,0,0,0,0,0
zc,TA209,2012-06-06 08:55:57.663,0.0000,470272,0,0.0000,0.0000,0,0,空换,S,0.0000,0.0000,0.0000,0.0000,0.0000,0.0000,0.0000,0.0000,0.0000,0.0000,0,0,0,0,0,0,0,0,0,0
zc,TA209,2012-06-06 08:55:59.413,0.0000,470272,0,0.0000,0.0000,0,0,空换,S,0.0000,0.0000,0.0000,0.0000,0.0000,0.0000,0.0000,0.0000,0.0000,0.0000,0,0,0,0,0,0,0,0,0,0
zc,TA209,2012-06-06 08:56:03.163,0.0000,470272,0,0.0000,0.0000,0,0,空换,S,0.0000,0.0000,0.0000,0.0000,0.0000,0.0000,0.0000,0.0000,0.0000,0.0000,0,0,0,0,0,0,0,0,0,0
zc,TA209,2012-06-06 08:56:12.663,0.0000,470272,0,0.0000,0.0000,0,0,空换,S,0.0000,0.0000,0.0000,0.0000,0.0000,0.0000,0.0000,0.0000,0.0000,0.0000,0,0,0,0,0,0,0,0,0,0
zc,TA209,2012-06-06 08:56:19.163,0.0000,470272,0,0.0000,0.0000,0,0,空换,S,0.0000,0.0000,0.0000,0.0000,0.0000,0.0000,0.0000,0.0000,0.0000,0.0000,0,0,0,0,0,0,0,0,0,0
zc,TA209,2012-06-06 08:56:24.913,0.0000,470272,0,0.0000,0.0000,0,0,空换,S,0.0000,0.0000,0.0000,0.0000,0.0000,0.0000,0.0000,0.0000,0.0000,0.0000,0,0,0,0,0,0,0,0,0,0
zc,TA209,2012-06-06 08:56:27.163,0.0000,470272,0,0.0000,0.0000,0,0,空换,S,0.0000,0.0000,0.0000,0.0000,0.0000,0.0000,0.0000,0.0000,0.0000,0.0000,0,0,0,0,0,0,0,0,0,0
zc,TA209,2012-06-06 08:56:28.413,0.0000,470272,0,0.0000,0.0000,0,0,空换,S,0.0000,0.0000,0.0000,0.0000,0.0000,0.0000,0.0000,0.0000,0.0000,0.0000,0,0,0,0,0,0,0,0,0,0
zc,TA209,2012-06-06 08:56:30.913,0.0000,470272,0,0.0000,0.0000,0,0,空换,S,0.0000,0.0000,0.0000,0.0000,0.0000,0.0000,0.0000,0.0000,0.0000,0.0000,0,0,0,0,0,0,0,0,0,0
zc,TA209,2012-06-06 08:56:39.913,0.0000,470272,0,0.0000,0.0000,0,0,空换,S,0.0000,0.0000,0.0000,0.0000,0.0000,0.0000,0.0000,0.0000,0.0000,0.0000,0,0,0,0,0,0,0,0,0,0
zc,TA209,2012-06-06 08:56:40.163,0.0000,470272,0,0.0000,0.0000,0,0,空换,S,0.0000,0.0000,0.0000,0.0000,0.0000,0.0000,0.0000,0.0000,0.0000,0.0000,0,0,0,0,0,0,0,0,0,0
zc,TA209,2012-06-06 08:56:41.413,0.0000,470272,0,0.0000,0.0000,0,0,空换,S,0.0000,0.0000,0.0000,0.0000,0.0000,0.0000,0.0000,0.0000,0.0000,0.0000,0,0,0,0,0,0,0,0,0,0
zc,TA209,2012-06-06 08:56:46.913,0.0000,470272,0,0.0000,0.0000,0,0,空换,S,0.0000,0.0000,0.0000,0.0000,0.0000,0.0000,0.0000,0.0000,0.0000,0.0000,0,0,0,0,0,0,0,0,0,0
zc,TA209,2012-06-06 08:56:53.430,0.0000,470272,0,0.0000,0.0000,0,0,空换,S,0.0000,0.0000,0.0000,0.0000,0.0000,0.0000,0.0000,0.0000,0.0000,0.0000,0,0,0,0,0,0,0,0,0,0
zc,TA209,2012-06-06 08:56:54.413,0.0000,470272,0,0.0000,0.0000,0,0,空换,S,0.0000,0.0000,0.0000,0.0000,0.0000,0.0000,0.0000,0.0000,0.0000,0.0000,0,0,0,0,0,0,0,0,0,0
zc,TA209,2012-06-06 08:56:54.913,0.0000,470272,0,0.0000,0.0000,0,0,空换,S,0.0000,0.0000,0.0000,0.0000,0.0000,0.0000,0.0000,0.0000,0.0000,0.0000,0,0,0,0,0,0,0,0,0,0
zc,TA209,2012-06-06 08:57:04.663,0.0000,470272,0,0.0000,0.0000,0,0,空换,S,0.0000,0.0000,0.0000,0.0000,0.0000,0.0000,0.0000,0.0000,0.0000,0.0000,0,0,0,0,0,0,0,0,0,0
zc,TA209,2012-06-06 08:57:16.663,0.0000,470272,0,0.0000,0.0000,0,0,空换,S,0.0000,0.0000,0.0000,0.0000,0.0000,0.0000,0.0000,0.0000,0.0000,0.0000,0,0,0,0,0,0,0,0,0,0
zc,TA209,2012-06-06 08:57:23.663,0.0000,470272,0,0.0000,0.0000,0,0,空换,S,0.0000,0.0000,0.0000,0.0000,0.0000,0.0000,0.0000,0.0000,0.0000,0.0000,0,0,0,0,0,0,0,0,0,0
zc,TA209,2012-06-06 08:58:02.647,0.0000,470272,0,0.0000,0.0000,0,0,空换,S,0.0000,0.0000,0.0000,0.0000,0.0000,0.0000,0.0000,0.0000,0.0000,0.0000,0,0,0,0,0,0,0,0,0,0
zc,TA209,2012-06-06 08:58:05.647,0.0000,470272,0,0.0000,0.0000,0,0,空换,S,0.0000,0.0000,0.0000,0.0000,0.0000,0.0000,0.0000,0.0000,0.0000,0.0000,0,0,0,0,0,0,0,0,0,0
zc,TA209,2012-06-06 08:58:12.913,0.0000,470272,0,0.0000,0.0000,0,0,空换,S,0.0000,0.0000,0.0000,0.0000,0.0000,0.0000,0.0000,0.0000,0.0000,0.0000,0,0,0,0,0,0,0,0,0,0
zc,TA209,2012-06-06 08:58:14.663,0.0000,470272,0,0.0000,0.0000,0,0,空换,S,0.0000,0.0000,0.0000,0.0000,0.0000,0.0000,0.0000,0.0000,0.0000,0.0000,0,0,0,0,0,0,0,0,0,0
zc,TA209,2012-06-06 08:58:25.663,0.0000,470272,0,0.0000,0.0000,0,0,空换,S,0.0000,0.0000,0.0000,0.0000,0.0000,0.0000,0.0000,0.0000,0.0000,0.0000,0,0,0,0,0,0,0,0,0,0
zc,TA209,2012-06-06 08:58:27.163,0.0000,470272,0,0.0000,0.0000,0,0,空换,S,0.0000,0.0000,0.0000,0.0000,0.0000,0.0000,0.0000,0.0000,0.0000,0.0000,0,0,0,0,0,0,0,0,0,0
zc,TA209,2012-06-06 08:58:32.163,0.0000,470272,0,0.0000,0.0000,0,0,空换,S,0.0000,0.0000,0.0000,0.0000,0.0000,0.0000,0.0000,0.0000,0.0000,0.0000,0,0,0,0,0,0,0,0,0,0
zc,TA209,2012-06-06 08:58:33.897,0.0000,470272,0,0.0000,0.0000,0,0,空换,S,0.0000,0.0000,0.0000,0.0000,0.0000,0.0000,0.0000,0.0000,0.0000,0.0000,0,0,0,0,0,0,0,0,0,0
zc,TA209,2012-06-06 08:58:36.147,0.0000,470272,0,0.0000,0.0000,0,0,空换,S,0.0000,0.0000,0.0000,0.0000,0.0000,0.0000,0.0000,0.0000,0.0000,0.0000,0,0,0,0,0,0,0,0,0,0
zc,TA209,2012-06-06 08:58:37.913,0.0000,470272,0,0.0000,0.0000,0,0,空换,S,0.0000,0.0000,0.0000,0.0000,0.0000,0.0000,0.0000,0.0000,0.0000,0.0000,0,0,0,0,0,0,0,0,0,0
zc,TA209,2012-06-06 08:58:50.913,0.0000,470272,0,0.0000,0.0000,0,0,空换,S,0.0000,0.0000,0.0000,0.0000,0.0000,0.0000,0.0000,0.0000,0.0000,0.0000,0,0,0,0,0,0,0,0,0,0
zc,TA209,2012-06-06 08:58:54.163,0.0000,470272,0,0.0000,0.0000,0,0,空换,S,0.0000,0.0000,0.0000,0.0000,0.0000,0.0000,0.0000,0.0000,0.0000,0.0000,0,0,0,0,0,0,0,0,0,0
zc,TA209,2012-06-06 08:59:00.397,7256.0000,470544,272,0.0000,2950.0000,1611,1339,多开,B,7256.0000,0.0000,0.0000,0.0000,0.0000,7258.0000,0.0000,0.0000,0.0000,0.0000,129,0,0,0,0,28,0,0,0,0
zc,TA209,2012-06-06 09:00:01.053,7260.0000,470510,-34,0.0000,250.0000,108,142,空平,B,7256.0000,0.0000,0.0000,0.0000,0.0000,7260.0000,0.0000,0.0000,0.0000,0.0000,98,0,0,0,0,89,0,0,0,0
zc,TA209,2012-06-06 09:00:01.850,7256.0000,470904,394,0.0000,774.0000,584,190,空开,S,7254.0000,0.0000,0.0000,0.0000,0.0000,7256.0000,0.0000,0.0000,0.0000,0.0000,53,0,0,0,0,156,0,0,0,0
zc,TA209,2012-06-06 09:00:02.837,7252.0000,471276,372,0.0000,684.0000,528,156,空开,S,7250.0000,0.0000,0.0000,0.0000,0.0000,7252.0000,0.0000,0.0000,0.0000,0.0000,308,0,0,0,0,36,0,0,0,0
zc,TA209,2012-06-06 09:00:03.303,7250.0000,472422,1146,0.0000,1506.0000,1326,180,空开,S,7250.0000,0.0000,0.0000,0.0000,0.0000,7256.0000,0.0000,0.0000,0.0000,0.0000,295,0,0,0,0,4,0,0,0,0
zc,TA209,2012-06-06 09:00:03.787,7256.0000,472436,14,0.0000,56.0000,35,21,多开,B,7256.0000,0.0000,0.0000,0.0000,0.0000,7260.0000,0.0000,0.0000,0.0000,0.0000,28,0,0,0,0,106,0,0,0,0
zc,TA209,2012-06-06 09:00:04.287,7256.0000,472454,18,0.0000,174.0000,96,78,多开,B,7256.0000,0.0000,0.0000,0.0000,0.0000,7258.0000,0.0000,0.0000,0.0000,0.0000,43,0,0,0,0,2,0,0,0,0
zc,TA209,2012-06-06 09:00:05.070,7256.0000,472434,-20,0.0000,264.0000,122,142,空平,B,7256.0000,0.0000,0.0000,0.0000,0.0000,7260.0000,0.0000,0.0000,0.0000,0.0000,34,0,0,0,0,17,0,0,0,0
zc,TA209,2012-06-06 09:00:05.337,7258.0000,472450,16,0.0000,34.0000,25,9,多开,B,7256.0000,0.0000,0.0000,0.0000,0.0000,7258.0000,0.0000,0.0000,0.0000,0.0000,27,0,0,0,0,1,0,0,0,0
zc,TA209,2012-06-06 09:00:06.303,7256.0000,472416,-34,0.0000,158.0000,62,96,多平,S,7252.0000,0.0000,0.0000,0.0000,0.0000,7258.0000,0.0000,0.0000,0.0000,0.0000,35,0,0,0,0,81,0,0,0,0
zc,TA209,2012-06-06 09:00:06.803,7256.0000,472340,-76,0.0000,248.0000,86,162,多平,S,7256.0000,0.0000,0.0000,0.0000,0.0000,7258.0000,0.0000,0.0000,0.0000,0.0000,1,0,0,0,0,267,0,0,0,0
zc,TA209,2012-06-06 09:00:07.820,7254.0000,472216,-124,0.0000,314.0000,95,219,多平,S,7252.0000,0.0000,0.0000,0.0000,0.0000,7254.0000,0.0000,0.0000,0.0000,0.0000,19,0,0,0,0,141,0,0,0,0
zc,TA209,2012-06-06 09:00:08.053,7254.0000,472300,84,0.0000,178.0000,131,47,空开,S,7252.0000,0.0000,0.0000,0.0000,0.0000,7254.0000,0.0000,0.0000,0.0000,0.0000,20,0,0,0,0,57,0,0,0,0
zc,TA209,2012-06-06 09:00:09.070,7256.0000,472358,58,0.0000,104.0000,81,23,多开,B,7252.0000,0.0000,0.0000,0.0000,0.0000,7256.0000,0.0000,0.0000,0.0000,0.0000,58,0,0,0,0,112,0,0,0,0
zc,TA209,2012-06-06 09:00:09.570,7254.0000,472254,-104,0.0000,180.0000,38,142,多平,S,7254.0000,0.0000,0.0000,0.0000,0.0000,7256.0000,0.0000,0.0000,0.0000,0.0000,17,0,0,0,0,118,0,0,0,0
zc,TA209,2012-06-06 09:00:10.287,7252.0000,472354,100,0.0000,102.0000,101,1,空开,S,7252.0000,0.0000,0.0000,0.0000,0.0000,7254.0000,0.0000,0.0000,0.0000,0.0000,89,0,0,0,0,19,0,0,0,0
zc,TA209,2012-06-06 09:00:10.553,7256.0000,472274,-80,0.0000,186.0000,53,133,空平,B,7254.0000,0.0000,0.0000,0.0000,0.0000,7256.0000,0.0000,0.0000,0.0000,0.0000,83,0,0,0,0,98,0,0,0,0
zc,TA209,2012-06-06 09:00:11.303,7256.0000,472160,-114,0.0000,390.0000,138,252,空平,B,7256.0000,0.0000,0.0000,0.0000,0.0000,7258.0000,0.0000,0.0000,0.0000,0.0000,7,0,0,0,0,384,0,0,0,0
zc,TA209,2012-06-06 09:00:11.803,7256.0000,472146,-14,0.0000,26.0000,6,20,空平,B,7254.0000,0.0000,0.0000,0.0000,0.0000,7256.0000,0.0000,0.0000,0.0000,0.0000,106,0,0,0,0,14,0,0,0,0
zc,TA209,2012-06-06 09:00:12.320,7256.0000,472136,-10,0.0000,120.0000,55,65,空平,B,7256.0000,0.0000,0.0000,0.0000,0.0000,7258.0000,0.0000,0.0000,0.0000,0.0000,29,0,0,0,0,155,0,0,0,0
zc,TA209,2012-06-06 09:00:13.240,7256.0000,472046,-90,0.0000,284.0000,97,187,空平,B,7254.0000,0.0000,0.0000,0.0000,0.0000,7256.0000,0.0000,0.0000,0.0000,0.0000,100,0,0,0,0,93,0,0,0,0
zc,TA209,2012-06-06 09:00:13.787,7256.0000,471862,-184,0.0000,226.0000,21,205,空平,B,7256.0000,0.0000,0.0000,0.0000,0.0000,7258.0000,0.0000,0.0000,0.0000,0.0000,23,0,0,0,0,144,0,0,0,0
zc,TA209,2012-06-06 09:00:14.553,7256.0000,471838,-24,0.0000,220.0000,98,122,空平,B,7254.0000,0.0000,0.0000,0.0000,0.0000,7256.0000,0.0000,0.0000,0.0000,0.0000,103,0,0,0,0,6,0,0,0,0
zc,TA209,2012-06-06 09:00:15.037,7256.0000,471850,12,0.0000,28.0000,20,8,多开,B,7254.0000,0.0000,0.0000,0.0000,0.0000,7256.0000,0.0000,0.0000,0.0000,0.0000,117,0,0,0,0,118,0,0,0,0
zc,TA209,2012-06-06 09:00:15.787,7258.0000,471998,148,0.0000,518.0000,333,185,多开,B,7258.0000,0.0000,0.0000,0.0000,0.0000,7260.0000,0.0000,0.0000,0.0000,0.0000,37,0,0,0,0,510,0,0,0,0
zc,TA209,2012-06-06 09:00:16.537,7260.0000,471972,-26,0.0000,64.0000,19,45,空平,B,7258.0000,0.0000,0.0000,0.0000,0.0000,7260.0000,0.0000,0.0000,0.0000,0.0000,18,0,0,0,0,497,0,0,0,0
zc,TA209,2012-06-06 09:00:17.303,7258.0000,471964,-8,0.0000,46.0000,19,27,多平,S,7258.0000,0.0000,0.0000,0.0000,0.0000,7260.0000,0.0000,0.0000,0.0000,0.0000,6,0,0,0,0,488,0,0,0,0
zc,TA209,2012-06-06 09:00:17.787,7260.0000,471898,-66,0.0000,110.0000,22,88,空平,B,7258.0000,0.0000,0.0000,0.0000,0.0000,7260.0000,0.0000,0.0000,0.0000,0.0000,6,0,0,0,0,482,0,0,0,0
zc,TA209,2012-06-06 09:00:18.553,7260.0000,471978,80,0.0000,170.0000,125,45,多开,B,7258.0000,0.0000,0.0000,0.0000,0.0000,7260.0000,0.0000,0.0000,0.0000,0.0000,4,0,0,0,0,390,0,0,0,0
zc,TA209,2012-06-06 09:00:18.990,7258.0000,471978,0,0.0000,60.0000,30,30,空换,S,7258.0000,0.0000,0.0000,0.0000,0.0000,7260.0000,0.0000,0.0000,0.0000,0.0000,2,0,0,0,0,375,0,0,0,0
zc,TA209,2012-06-06 09:00:19.803,7260.0000,471804,-174,0.0000,544.0000,185,359,空平,B,7256.0000,0.0000,0.0000,0.0000,0.0000,7260.0000,0.0000,0.0000,0.0000,0.0000,52,0,0,0,0,211,0,0,0,0
zc,TA209,2012-06-06 09:00:20.273,7260.0000,471870,66,0.0000,318.0000,192,126,多开,B,7256.0000,0.0000,0.0000,0.0000,0.0000,7260.0000,0.0000,0.0000,0.0000,0.0000,87,0,0,0,0,71,0,0,0,0
zc,TA209,2012-06-06 09:00:21.023,7260.0000,472000,130,0.0000,176.0000,153,23,多开,B,7260.0000,0.0000,0.0000,0.0000,0.0000,7262.0000,0.0000,0.0000,0.0000,0.0000,596,0,0,0,0,411,0,0,0,0
zc,TA209,2012-06-06 09:00:21.820,7264.0000,472258,258,0.0000,874.0000,566,308,多开,B,7264.0000,0.0000,0.0000,0.0000,0.0000,7266.0000,0.0000,0.0000,0.0000,0.0000,13,0,0,0,0,19,0,0,0,0
zc,TA209,2012-06-06 09:00:22.303,7266.0000,472422,164,0.0000,242.0000,203,39,多开,B,7266.0000,0.0000,0.0000,0.0000,0.0000,7268.0000,0.0000,0.0000,0.0000,0.0000,80,0,0,0,0,102,0,0,0,0
zc,TA209,2012-06-06 09:00:22.990,7268.0000,472412,-10,0.0000,88.0000,39,49,空平,B,7266.0000,0.0000,0.0000,0.0000,0.0000,7268.0000,0.0000,0.0000,0.0000,0.0000,78,0,0,0,0,65,0,0,0,0
zc,TA209,2012-06-06 09:00:23.803,7268.0000,472270,-142,0.0000,284.0000,71,213,空平,B,7262.0000,0.0000,0.0000,0.0000,0.0000,7268.0000,0.0000,0.0000,0.0000,0.0000,156,0,0,0,0,36,0,0,0,0
zc,TA209,2012-06-06 09:00:24.287,7270.0000,472256,-14,0.0000,102.0000,44,58,空平,B,7268.0000,0.0000,0.0000,0.0000,0.0000,7270.0000,0.0000,0.0000,0.0000,0.0000,46,0,0,0,0,59,0,0,0,0
zc,TA209,2012-06-06 09:00:25.007,7268.0000,472244,-12,0.0000,122.0000,55,67,多平,S,7268.0000,0.0000,0.0000,0.0000,0.0000,7270.0000,0.0000,0.0000,0.0000,0.0000,16,0,0,0,0,80,0,0,0,0
zc,TA209,2012-06-06 09:00:25.553,7270.0000,472156,-88,0.0000,336.0000,124,212,空平,B,7270.0000,0.0000,0.0000,0.0000,0.0000,7272.0000,0.0000,0.0000,0.0000,0.0000,1,0,0,0,0,237,0,0,0,0
zc,TA209,2012-06-06 09:00:26.303,7268.0000,472142,-14,0.0000,58.0000,22,36,多平,S,7268.0000,0.0000,0.0000,0.0000,0.0000,7270.0000,0.0000,0.0000,0.0000,0.0000,79,0,0,0,0,113,0,0,0,0
zc,TA209,2012-06-06 09:00:27.523,7268.0000,471974,-168,0.0000,588.0000,210,378,多平,S,7266.0000,0.0000,0.0000,0.0000,0.0000,7268.0000,0.0000,0.0000,0.0000,0.0000,18,0,0,0,0,19,0,0,0,0
zc,TA209,2012-06-06 09:00:28.007,7270.0000,471828,-146,0.0000,222.0000,38,184,空平,B,7266.0000,0.0000,0.0000,0.0000,0.0000,7268.0000,0.0000,0.0000,0.0000,0.0000,18,0,0,0,0,256,0,0,0,0
zc,TA209,2012-06-06 09:00:28.803,7266.0000,471800,-28,0.0000,108.0000,40,68,多平,S,7264.0000,0.0000,0.0000,0.0000,0.0000,7266.0000,0.0000,0.0000,0.0000,0.0000,2,0,0,0,0,28,0,0,0,0
zc,TA209,2012-06-06 09:00:29.287,7262.0000,471882,82,0.0000,198.0000,140,58,空开,S,7262.0000,0.0000,0.0000,0.0000,0.0000,7268.0000,0.0000,0.0000,0.0000,0.0000,61,0,0,0,0,279,0,0,0,0
zc,TA209,2012-06-06 09:00:30.053,7268.0000,471856,-26,0.0000,250.0000,112,138,空平,B,7264.0000,0.0000,0.0000,0.0000,0.0000,7266.0000,0.0000,0.0000,0.0000,0.0000,1,0,0,0,0,8,0,0,0,0
zc,TA209,2012-06-06 09:00:30.537,7268.0000,471640,-216,0.0000,242.0000,13,229,空平,B,7264.0000,0.0000,0.0000,0.0000,0.0000,7266.0000,0.0000,0.0000,0.0000,0.0000,9,0,0,0,0,1,0,0,0,0
zc,TA209,2012-06-06 09:00:31.287,7262.0000,471614,-26,0.0000,96.0000,35,61,多平,S,7262.0000,0.0000,0.0000,0.0000,0.0000,7266.0000,0.0000,0.0000,0.0000,0.0000,65,0,0,0,0,7,0,0,0,0
zc,TA209,2012-06-06 09:00:31.803,7262.0000,471616,2,0.0000,50.0000,26,24,空开,S,7262.0000,0.0000,0.0000,0.0000,0.0000,7268.0000,0.0000,0.0000,0.0000,0.0000,92,0,0,0,0,101,0,0,0,0
zc,TA209,2012-06-06 09:00:32.553,7266.0000,471490,-126,0.0000,152.0000,13,139,空平,B,7266.0000,0.0000,0.0000,0.0000,0.0000,7268.0000,0.0000,0.0000,0.0000,0.0000,2,0,0,0,0,94,0,0,0,0
zc,TA209,2012-06-06 09:00:32.990,7262.0000,471398,-92,0.0000,156.0000,32,124,多平,S,7260.0000,0.0000,0.0000,0.0000,0.0000,7262.0000,0.0000,0.0000,0.0000,0.0000,1107,0,0,0,0,21,0,0,0,0
zc,TA209,2012-06-06 09:00:33.787,7266.0000,471404,6,0.0000,54.0000,30,24,多开,B,7266.0000,0.0000,0.0000,0.0000,0.0000,7268.0000,0.0000,0.0000,0.0000,0.0000,91,0,0,0,0,145,0,0,0,0
zc,TA209,2012-06-06 09:00:34.273,7266.0000,471412,8,0.0000,52.0000,30,22,多开,B,7266.0000,0.0000,0.0000,0.0000,0.0000,7268.0000,0.0000,0.0000,0.0000,0.0000,147,0,0,0,0,142,0,0,0,0
zc,TA209,2012-06-06 09:00:35.023,7268.0000,471422,10,0.0000,88.0000,49,39,多开,B,7266.0000,0.0000,0.0000,0.0000,0.0000,7268.0000,0.0000,0.0000,0.0000,0.0000,131,0,0,0,0,117,0,0,0,0
zc,TA209,2012-06-06 09:00:35.553,7270.0000,471734,312,0.0000,814.0000,563,251,多开,B,7270.0000,0.0000,0.0000,0.0000,0.0000,7272.0000,0.0000,0.0000,0.0000,0.0000,112,0,0,0,0,251,0,0,0,0
zc,TA209,2012-06-06 09:00:36.227,7270.0000,471942,208,0.0000,250.0000,229,21,多开,B,7270.0000,0.0000,0.0000,0.0000,0.0000,7272.0000,0.0000,0.0000,0.0000,0.0000,80,0,0,0,0,160,0,0,0,0
zc,TA209,2012-06-06 09:00:36.727,7270.0000,471998,56,0.0000,130.0000,93,37,多开,B,7270.0000,0.0000,0.0000,0.0000,0.0000,7272.0000,0.0000,0.0000,0.0000,0.0000,78,0,0,0,0,120,0,0,0,0
zc,TA209,2012-06-06 09:00:38.287,7272.0000,472136,138,0.0000,342.0000,240,102,多开,B,7270.0000,0.0000,0.0000,0.0000,0.0000,7274.0000,0.0000,0.0000,0.0000,0.0000,76,0,0,0,0,51,0,0,0,0
zc,TA209,2012-06-06 09:00:38.773,7274.0000,472036,-100,0.0000,154.0000,27,127,空平,B,7274.0000,0.0000,0.0000,0.0000,0.0000,7276.0000,0.0000,0.0000,0.0000,0.0000,48,0,0,0,0,9,0,0,0,0
zc,TA209,2012-06-06 09:00:39.240,7274.0000,471994,-42,0.0000,110.0000,34,76,空平,B,7274.0000,0.0000,0.0000,0.0000,0.0000,7276.0000,0.0000,0.0000,0.0000,0.0000,5,0,0,0,0,2,0,0,0,0
zc,TA209,2012-06-06 09:00:40.053,7272.0000,471918,-76,0.0000,100.0000,12,88,多平,S,7272.0000,0.0000,0.0000,0.0000,0.0000,7274.0000,0.0000,0.0000,0.0000,0.0000,23,0,0,0,0,5,0,0,0,0
zc,TA209,2012-06-06 09:00:40.787,7274.0000,471902,-16,0.0000,32.0000,8,24,空平,B,7272.0000,0.0000,0.0000,0.0000,0.0000,7274.0000,0.0000,0.0000,0.0000,0.0000,21,0,0,0,0,711,0,0,0,0
zc,TA209,2012-06-06 09:00:41.803,7270.0000,472046,144,0.0000,624.0000,384,240,空开,S,7268.0000,0.0000,0.0000,0.0000,0.0000,7270.0000,0.0000,0.0000,0.0000,0.0000,97,0,0,0,0,507,0,0,0,0
zc,TA209,2012-06-06 09:00:42.197,7270.0000,472022,-24,0.0000,338.0000,157,181,多平,S,7268.0000,0.0000,0.0000,0.0000,0.0000,7270.0000,0.0000,0.0000,0.0000,0.0000,42,0,0,0,0,400,0,0,0,0
zc,TA209,2012-06-06 09:00:43.053,7268.0000,472072,50,0.0000,142.0000,96,46,空开,S,7266.0000,0.0000,0.0000,0.0000,0.0000,7268.0000,0.0000,0.0000,0.0000,0.0000,59,0,0,0,0,5,0,0,0,0
zc,TA209,2012-06-06 09:00:43.523,7270.0000,472056,-16,0.0000,98.0000,41,57,空平,B,7268.0000,0.0000,0.0000,0.0000,0.0000,7270.0000,0.0000,0.0000,0.0000,0.0000,10,0,0,0,0,512,0,0,0,0
zc,TA209,2012-06-06 09:00:44.257,7268.0000,472060,4,0.0000,42.0000,23,19,空开,S,7266.0000,0.0000,0.0000,0.0000,0.0000,7268.0000,0.0000,0.0000,0.0000,0.0000,77,0,0,0,0,16,0,0,0,0
zc,TA209,2012-06-06 09:00:44.740,7270.0000,472112,52,0.0000,204.0000,128,76,多开,B,7266.0000,0.0000,0.0000,0.0000,0.0000,7270.0000,0.0000,0.0000,0.0000,0.0000,45,0,0,0,0,348,0,0,0,0
zc,TA209,2012-06-06 09:00:45.537,7268.0000,472132,20,0.0000,520.0000,270,250,空开,S,7268.0000,0.0000,0.0000,0.0000,0.0000,7270.0000,0.0000,0.0000,0.0000,0.0000,5,0,0,0,0,117,0,0,0,0
zc,TA209,2012-06-06 09:00:46.007,7268.0000,472138,6,0.0000,172.0000,89,83,空开,S,7264.0000,0.0000,0.0000,0.0000,0.0000,7268.0000,0.0000,0.0000,0.0000,0.0000,245,0,0,0,0,14,0,0,0,0
zc,TA209,2012-06-06 09:00:46.757,7268.0000,471978,-160,0.0000,330.0000,85,245,多平,S,7266.0000,0.0000,0.0000,0.0000,0.0000,7268.0000,0.0000,0.0000,0.0000,0.0000,122,0,0,0,0,60,0,0,0,0
zc,TA209,2012-06-06 09:00:47.227,7268.0000,471936,-42,0.0000,54.0000,6,48,多平,S,7266.0000,0.0000,0.0000,0.0000,0.0000,7268.0000,0.0000,0.0000,0.0000,0.0000,115,0,0,0,0,133,0,0,0,0
zc,TA209,2012-06-06 09:00:48.007,7266.0000,471812,-124,0.0000,172.0000,24,148,多平,S,7266.0000,0.0000,0.0000,0.0000,0.0000,7268.0000,0.0000,0.0000,0.0000,0.0000,60,0,0,0,0,118,0,0,0,0
zc,TA209,2012-06-06 09:00:48.757,7266.0000,472100,288,0.0000,450.0000,369,81,空开,S,7266.0000,0.0000,0.0000,0.0000,0.0000,7268.0000,0.0000,0.0000,0.0000,0.0000,65,0,0,0,0,7,0,0,0,0
zc,TA209,2012-06-06 09:00:49.273,7268.0000,472130,30,0.0000,52.0000,41,11,多开,B,7268.0000,0.0000,0.0000,0.0000,0.0000,7270.0000,0.0000,0.0000,0.0000,0.0000,9,0,0,0,0,6,0,0,0,0
zc,TA209,2012-06-06 09:00:49.960,7268.0000,472132,2,0.0000,34.0000,18,16,多开,B,7268.0000,0.0000,0.0000,0.0000,0.0000,7270.0000,0.0000,0.0000,0.0000,0.0000,6,0,0,0,0,11,0,0,0,0
zc,TA209,2012-06-06 09:00:50.727,7268.0000,472160,28,0.0000,192.0000,110,82,多开,B,7268.0000,0.0000,0.0000,0.0000,0.0000,7270.0000,0.0000,0.0000,0.0000,0.0000,71,0,0,0,0,19,0,0,0,0
zc,TA209,2012-06-06 09:00:51.287,7270.0000,472152,-8,0.0000,152.0000,72,80,空平,B,7268.0000,0.0000,0.0000,0.0000,0.0000,7272.0000,0.0000,0.0000,0.0000,0.0000,17,0,0,0,0,84,0,0,0,0
zc,TA209,2012-06-06 09:00:51.757,7268.0000,472164,12,0.0000,14.0000,13,1,空开,S,7268.0000,0.0000,0.0000,0.0000,0.0000,7272.0000,0.0000,0.0000,0.0000,0.0000,33,0,0,0,0,85,0,0,0,0
zc,TA209,2012-06-06 09:00:52.507,7270.0000,472186,22,0.0000,26.0000,24,2,多开,B,7268.0000,0.0000,0.0000,0.0000,0.0000,7270.0000,0.0000,0.0000,0.0000,0.0000,35,0,0,0,0,1,0,0,0,0
zc,TA209,2012-06-06 09:00:52.990,7270.0000,472200,14,0.0000,48.0000,31,17,多开,B,7270.0000,0.0000,0.0000,0.0000,0.0000,7272.0000,0.0000,0.0000,0.0000,0.0000,210,0,0,0,0,85,0,0,0,0
zc,TA209,2012-06-06 09:00:53.757,7270.0000,472218,18,0.0000,44.0000,31,13,多开,B,7270.0000,0.0000,0.0000,0.0000,0.0000,7272.0000,0.0000,0.0000,0.0000,0.0000,271,0,0,0,0,84,0,0,0,0
zc,TA209,2012-06-06 09:00:54.240,7272.0000,472346,128,0.0000,280.0000,204,76,多开,B,7270.0000,0.0000,0.0000,0.0000,0.0000,7272.0000,0.0000,0.0000,0.0000,0.0000,206,0,0,0,0,16,0,0,0,0
zc,TA209,2012-06-06 09:00:54.990,7272.0000,472370,24,0.0000,52.0000,38,14,多开,B,7270.0000,0.0000,0.0000,0.0000,0.0000,7272.0000,0.0000,0.0000,0.0000,0.0000,192,0,0,0,0,5,0,0,0,0
zc,TA209,2012-06-06 09:00:55.507,7272.0000,472368,-2,0.0000,36.0000,17,19,空平,B,7272.0000,0.0000,0.0000,0.0000,0.0000,7274.0000,0.0000,0.0000,0.0000,0.0000,65,0,0,0,0,721,0,0,0,0
zc,TA209,2012-06-06 09:00:56.523,7274.0000,472344,-24,0.0000,56.0000,16,40,空平,B,7272.0000,0.0000,0.0000,0.0000,0.0000,7274.0000,0.0000,0.0000,0.0000,0.0000,77,0,0,0,0,709,0,0,0,0
zc,TA209,2012-06-06 09:00:56.757,7274.0000,472340,-4,0.0000,150.0000,73,77,空平,B,7272.0000,0.0000,0.0000,0.0000,0.0000,7274.0000,0.0000,0.0000,0.0000,0.0000,106,0,0,0,0,648,0,0,0,0
zc,TA209,2012-06-06 09:00:57.757,7274.0000,472338,-2,0.0000,424.0000,211,213,空平,B,7272.0000,0.0000,0.0000,0.0000,0.0000,7274.0000,0.0000,0.0000,0.0000,0.0000,305,0,0,0,0,432,0,0,0,0
zc,TA209,2012-06-06 09:00:57.990,7274.0000,472298,-40,0.0000,140.0000,50,90,空平,B,7272.0000,0.0000,0.0000,0.0000,0.0000,7274.0000,0.0000,0.0000,0.0000,0.0000,302,0,0,0,0,368,0,0,0,0
zc,TA209,2012-06-06 09:00:58.757,7274.0000,472218,-80,0.0000,208.0000,64,144,空平,B,7272.0000,0.0000,0.0000,0.0000,0.0000,7274.0000,0.0000,0.0000,0.0000,0.0000,267,0,0,0,0,310,0,0,0,0
zc,TA209,2012-06-06 09:00:59.227,7272.0000,472206,-12,0.0000,124.0000,56,68,多平,S,7272.0000,0.0000,0.0000,0.0000,0.0000,7274.0000,0.0000,0.0000,0.0000,0.0000,265,0,0,0,0,261,0,0,0,0
zc,TA209,2012-06-06 09:00:59.990,7272.0000,472132,-74,0.0000,102.0000,14,88,多平,S,7272.0000,0.0000,0.0000,0.0000,0.0000,7274.0000,0.0000,0.0000,0.0000,0.0000,260,0,0,0,0,218,0,0,0,0
zc,TA209,2012-06-06 09:01:00.460,7274.0000,472206,74,0.0000,326.0000,200,126,多开,B,7272.0000,0.0000,0.0000,0.0000,0.0000,7274.0000,0.0000,0.0000,0.0000,0.0000,258,0,0,0,0,60,0,0,0,0
zc,TA209,2012-06-06 09:01:01.273,7274.0000,472182,-24,0.0000,168.0000,72,96,空平,B,7274.0000,0.0000,0.0000,0.0000,0.0000,7276.0000,0.0000,0.0000,0.0000,0.0000,377,0,0,0,0,67,0,0,0,0
zc,TA209,2012-06-06 09:01:02.007,7276.0000,472160,-22,0.0000,218.0000,98,120,空平,B,7276.0000,0.0000,0.0000,0.0000,0.0000,7278.0000,0.0000,0.0000,0.0000,0.0000,168,0,0,0,0,263,0,0,0,0
zc,TA209,2012-06-06 09:01:02.787,7276.0000,472128,-32,0.0000,88.0000,28,60,空平,B,7276.0000,0.0000,0.0000,0.0000,0.0000,7278.0000,0.0000,0.0000,0.0000,0.0000,140,0,0,0,0,263,0,0,0,0
zc,TA209,2012-06-06 09:01:03.257,7276.0000,472136,8,0.0000,358.0000,183,175,多开,B,7274.0000,0.0000,0.0000,0.0000,0.0000,7276.0000,0.0000,0.0000,0.0000,0.0000,301,0,0,0,0,61,0,0,0,0
zc,TA209,2012-06-06 09:01:04.007,7276.0000,472126,-10,0.0000,54.0000,22,32,空平,B,7274.0000,0.0000,0.0000,0.0000,0.0000,7276.0000,0.0000,0.0000,0.0000,0.0000,315,0,0,0,0,71,0,0,0,0
zc,TA209,2012-06-06 09:01:04.477,7274.0000,472186,60,0.0000,166.0000,113,53,空开,S,7274.0000,0.0000,0.0000,0.0000,0.0000,7276.0000,0.0000,0.0000,0.0000,0.0000,316,0,0,0,0,23,0,0,0,0
zc,TA209,2012-06-06 09:01:05.240,7276.0000,472186,0,0.0000,66.0000,33,33,多换,B,7276.0000,0.0000,0.0000,0.0000,0.0000,7278.0000,0.0000,0.0000,0.0000,0.0000,31,0,0,0,0,277,0,0,0,0
zc,TA209,2012-06-06 09:01:05.757,7276.0000,472174,-12,0.0000,68.0000,28,40,空平,B,7274.0000,0.0000,0.0000,0.0000,0.0000,7276.0000,0.0000,0.0000,0.0000,0.0000,330,0,0,0,0,70,0,0,0,0
zc,TA209,2012-06-06 09:01:06.490,7276.0000,472156,-18,0.0000,48.0000,15,33,空平,B,7274.0000,0.0000,0.0000,0.0000,0.0000,7276.0000,0.0000,0.0000,0.0000,0.0000,170,0,0,0,0,90,0,0,0,0
zc,TA209,2012-06-06 09:01:07.007,7276.0000,472074,-82,0.0000,366.0000,142,224,空平,B,7274.0000,0.0000,0.0000,0.0000,0.0000,7276.0000,0.0000,0.0000,0.0000,0.0000,141,0,0,0,0,53,0,0,0,0
zc,TA209,2012-06-06 09:01:07.757,7274.0000,472092,18,0.0000,38.0000,28,10,空开,S,7274.0000,0.0000,0.0000,0.0000,0.0000,7276.0000,0.0000,0.0000,0.0000,0.0000,142,0,0,0,0,57,0,0,0,0
zc,TA209,2012-06-06 09:01:08.227,7274.0000,472102,10,0.0000,40.0000,25,15,空开,S,7274.0000,0.0000,0.0000,0.0000,0.0000,7276.0000,0.0000,0.0000,0.0000,0.0000,143,0,0,0,0,78,0,0,0,0
zc,TA209,2012-06-06 09:01:09.007,7276.0000,472236,134,0.0000,324.0000,229,95,多开,B,7276.0000,0.0000,0.0000,0.0000,0.0000,7278.0000,0.0000,0.0000,0.0000,0.0000,692,0,0,0,0,303,0,0,0,0
zc,TA209,2012-06-06 09:01:09.477,7278.0000,472252,16,0.0000,470.0000,243,227,多开,B,7276.0000,0.0000,0.0000,0.0000,0.0000,7278.0000,0.0000,0.0000,0.0000,0.0000,464,0,0,0,0,360,0,0,0,0
zc,TA209,2012-06-06 09:01:10.210,7276.0000,472236,-16,0.0000,68.0000,26,42,多平,S,7276.0000,0.0000,0.0000,0.0000,0.0000,7278.0000,0.0000,0.0000,0.0000,0.0000,471,0,0,0,0,289,0,0,0,0
zc,TA209,2012-06-06 09:01:10.990,7276.0000,472100,-136,0.0000,264.0000,64,200,多平,S,7276.0000,0.0000,0.0000,0.0000,0.0000,7278.0000,0.0000,0.0000,0.0000,0.0000,474,0,0,0,0,173,0,0,0,0
zc,TA209,2012-06-06 09:01:11.523,7278.0000,472102,2,0.0000,170.0000,86,84,多开,B,7276.0000,0.0000,0.0000,0.0000,0.0000,7278.0000,0.0000,0.0000,0.0000,0.0000,490,0,0,0,0,119,0,0,0,0
zc,TA209,2012-06-06 09:01:12.240,7278.0000,472058,-44,0.0000,222.0000,89,133,空平,B,7276.0000,0.0000,0.0000,0.0000,0.0000,7278.0000,0.0000,0.0000,0.0000,0.0000,427,0,0,0,0,72,0,0,0,0
zc,TA209,2012-06-06 09:01:12.740,7278.0000,472048,-10,0.0000,72.0000,31,41,空平,B,7276.0000,0.0000,0.0000,0.0000,0.0000,7278.0000,0.0000,0.0000,0.0000,0.0000,456,0,0,0,0,44,0,0,0,0
zc,TA209,2012-06-06 09:01:13.507,7280.0000,471878,-170,0.0000,326.0000,78,248,空平,B,7278.0000,0.0000,0.0000,0.0000,0.0000,7280.0000,0.0000,0.0000,0.0000,0.0000,87,0,0,0,0,237,0,0,0,0
zc,TA209,2012-06-06 09:01:13.947,7278.0000,471894,16,0.0000,78.0000,47,31,空开,S,7278.0000,0.0000,0.0000,0.0000,0.0000,7280.0000,0.0000,0.0000,0.0000,0.0000,77,0,0,0,0,226,0,0,0,0
zc,TA209,2012-06-06 09:01:14.773,7280.0000,471926,32,0.0000,78.0000,55,23,多开,B,7278.0000,0.0000,0.0000,0.0000,0.0000,7280.0000,0.0000,0.0000,0.0000,0.0000,93,0,0,0,0,226,0,0,0,0
zc,TA209,2012-06-06 09:01:15.273,7280.0000,472370,444,0.0000,468.0000,456,12,多开,B,7280.0000,0.0000,0.0000,0.0000,0.0000,7282.0000,0.0000,0.0000,0.0000,0.0000,77,0,0,0,0,42,0,0,0,0
zc,TA209,2012-06-06 09:01:16.037,7282.0000,472422,52,0.0000,152.0000,102,50,多开,B,7282.0000,0.0000,0.0000,0.0000,0.0000,7284.0000,0.0000,0.0000,0.0000,0.0000,80,0,0,0,0,120,0,0,0,0
zc,TA209,2012-06-06 09:01:16.787,7280.0000,472512,90,0.0000,116.0000,103,13,空开,S,7280.0000,0.0000,0.0000,0.0000,0.0000,7282.0000,0.0000,0.0000,0.0000,0.0000,114,0,0,0,0,109,0,0,0,0
zc,TA209,2012-06-06 09:01:17.490,7282.0000,472522,10,0.0000,54.0000,32,22,多开,B,7280.0000,0.0000,0.0000,0.0000,0.0000,7282.0000,0.0000,0.0000,0.0000,0.0000,612,0,0,0,0,93,0,0,0,0
zc,TA209,2012-06-06 09:01:18.023,7282.0000,472544,22,0.0000,98.0000,60,38,多开,B,7280.0000,0.0000,0.0000,0.0000,0.0000,7282.0000,0.0000,0.0000,0.0000,0.0000,612,0,0,0,0,74,0,0,0,0
zc,TA209,2012-06-06 09:01:18.727,7280.0000,472544,0,0.0000,18.0000,9,9,空换,S,7280.0000,0.0000,0.0000,0.0000,0.0000,7282.0000,0.0000,0.0000,0.0000,0.0000,637,0,0,0,0,2,0,0,0,0
zc,TA209,2012-06-06 09:01:19.257,7280.0000,472494,-50,0.0000,136.0000,43,93,多平,S,7280.0000,0.0000,0.0000,0.0000,0.0000,7282.0000,0.0000,0.0000,0.0000,0.0000,651,0,0,0,0,73,0,0,0,0
zc,TA209,2012-06-06 09:01:20.023,7282.0000,472482,-12,0.0000,176.0000,82,94,空平,B,7282.0000,0.0000,0.0000,0.0000,0.0000,7284.0000,0.0000,0.0000,0.0000,0.0000,115,0,0,0,0,113,0,0,0,0
zc,TA209,2012-06-06 09:01:20.477,7282.0000,472586,104,0.0000,136.0000,120,16,多开,B,7282.0000,0.0000,0.0000,0.0000,0.0000,7284.0000,0.0000,0.0000,0.0000,0.0000,55,0,0,0,0,118,0,0,0,0
zc,TA209,2012-06-06 09:01:21.537,7284.0000,472568,-18,0.0000,254.0000,118,136,空平,B,7282.0000,0.0000,0.0000,0.0000,0.0000,7284.0000,0.0000,0.0000,0.0000,0.0000,170,0,0,0,0,66,0,0,0,0
zc,TA209,2012-06-06 09:01:21.977,7286.0000,472510,-58,0.0000,302.0000,122,180,空平,B,7284.0000,0.0000,0.0000,0.0000,0.0000,7286.0000,0.0000,0.0000,0.0000,0.0000,408,0,0,0,0,54,0,0,0,0
zc,TA209,2012-06-06 09:01:22.757,7286.0000,472536,26,0.0000,148.0000,87,61,多开,B,7286.0000,0.0000,0.0000,0.0000,0.0000,7288.0000,0.0000,0.0000,0.0000,0.0000,93,0,0,0,0,97,0,0,0,0
zc,TA209,2012-06-06 09:01:23.240,7288.0000,472590,54,0.0000,92.0000,73,19,多开,B,7286.0000,0.0000,0.0000,0.0000,0.0000,7288.0000,0.0000,0.0000,0.0000,0.0000,104,0,0,0,0,67,0,0,0,0
zc,TA209,2012-06-06 09:01:23.990,7290.0000,472536,-54,0.0000,186.0000,66,120,空平,B,7288.0000,0.0000,0.0000,0.0000,0.0000,7290.0000,0.0000,0.0000,0.0000,0.0000,23,0,0,0,0,88,0,0,0,0
zc,TA209,2012-06-06 09:01:24.477,7290.0000,472532,-4,0.0000,24.0000,10,14,空平,B,7288.0000,0.0000,0.0000,0.0000,0.0000,7290.0000,0.0000,0.0000,0.0000,0.0000,37,0,0,0,0,76,0,0,0,0
zc,TA209,2012-06-06 09:01:25.240,7290.0000,472484,-48,0.0000,112.0000,32,80,空平,B,7288.0000,0.0000,0.0000,0.0000,0.0000,7290.0000,0.0000,0.0000,0.0000,0.0000,6,0,0,0,0,112,0,0,0,0
zc,TA209,2012-06-06 09:01:25.523,7290.0000,472458,-26,0.0000,62.0000,18,44,空平,B,7288.0000,0.0000,0.0000,0.0000,0.0000,7290.0000,0.0000,0.0000,0.0000,0.0000,21,0,0,0,0,95,0,0,0,0
zc,TA209,2012-06-06 09:01:26.287,7290.0000,472194,-264,0.0000,440.0000,88,352,空平,B,7286.0000,0.0000,0.0000,0.0000,0.0000,7290.0000,0.0000,0.0000,0.0000,0.0000,60,0,0,0,0,2,0,0,0,0
zc,TA209,2012-06-06 09:01:27.037,7286.0000,472186,-8,0.0000,270.0000,131,139,多平,S,7284.0000,0.0000,0.0000,0.0000,0.0000,7286.0000,0.0000,0.0000,0.0000,0.0000,450,0,0,0,0,26,0,0,0,0
zc,TA209,2012-06-06 09:01:27.507,7288.0000,472052,-134,0.0000,534.0000,200,334,空平,B,7288.0000,0.0000,0.0000,0.0000,0.0000,7290.0000,0.0000,0.0000,0.0000,0.0000,91,0,0,0,0,29,0,0,0,0
zc,TA209,2012-06-06 09:01:27.990,7288.0000,472024,-28,0.0000,182.0000,77,105,空平,B,7288.0000,0.0000,0.0000,0.0000,0.0000,7290.0000,0.0000,0.0000,0.0000,0.0000,39,0,0,0,0,80,0,0,0,0
zc,TA209,2012-06-06 09:01:28.773,7288.0000,471962,-62,0.0000,94.0000,16,78,空平,B,7286.0000,0.0000,0.0000,0.0000,0.0000,7288.0000,0.0000,0.0000,0.0000,0.0000,137,0,0,0,0,59,0,0,0,0
zc,TA209,2012-06-06 09:01:29.507,7288.0000,472076,114,0.0000,172.0000,143,29,多开,B,7286.0000,0.0000,0.0000,0.0000,0.0000,7288.0000,0.0000,0.0000,0.0000,0.0000,78,0,0,0,0,47,0,0,0,0
zc,TA209,2012-06-06 09:01:29.990,7288.0000,472070,-6,0.0000,76.0000,35,41,空平,B,7286.0000,0.0000,0.0000,0.0000,0.0000,7288.0000,0.0000,0.0000,0.0000,0.0000,129,0,0,0,0,42,0,0,0,0
zc,TA209,2012-06-06 09:01:30.710,7288.0000,472080,10,0.0000,92.0000,51,41,多开,B,7286.0000,0.0000,0.0000,0.0000,0.0000,7288.0000,0.0000,0.0000,0.0000,0.0000,128,0,0,0,0,10,0,0,0,0
zc,TA209,2012-06-06 09:01:31.287,7288.0000,472130,50,0.0000,152.0000,101,51,多开,B,7288.0000,0.0000,0.0000,0.0000,0.0000,7290.0000,0.0000,0.0000,0.0000,0.0000,121,0,0,0,0,114,0,0,0,0
zc,TA209,2012-06-06 09:01:31.990,7290.0000,472190,60,0.0000,92.0000,76,16,多开,B,7288.0000,0.0000,0.0000,0.0000,0.0000,7290.0000,0.0000,0.0000,0.0000,0.0000,106,0,0,0,0,105,0,0,0,0
zc,TA209,2012-06-06 09:01:32.523,7288.0000,472196,6,0.0000,42.0000,24,18,空开,S,7288.0000,0.0000,0.0000,0.0000,0.0000,7290.0000,0.0000,0.0000,0.0000,0.0000,101,0,0,0,0,100,0,0,0,0
zc,TA209,2012-06-06 09:01:33.240,7288.0000,472222,26,0.0000,56.0000,41,15,空开,S,7288.0000,0.0000,0.0000,0.0000,0.0000,7290.0000,0.0000,0.0000,0.0000,0.0000,97,0,0,0,0,95,0,0,0,0
zc,TA209,2012-06-06 09:01:33.787,7290.0000,472090,-132,0.0000,236.0000,52,184,空平,B,7288.0000,0.0000,0.0000,0.0000,0.0000,7290.0000,0.0000,0.0000,0.0000,0.0000,25,0,0,0,0,78,0,0,0,0
zc,TA209,2012-06-06 09:01:34.523,7290.0000,472096,6,0.0000,98.0000,52,46,多开,B,7288.0000,0.0000,0.0000,0.0000,0.0000,7290.0000,0.0000,0.0000,0.0000,0.0000,23,0,0,0,0,48,0,0,0,0
zc,TA209,2012-06-06 09:01:34.990,7290.0000,472054,-42,0.0000,116.0000,37,79,空平,B,7288.0000,0.0000,0.0000,0.0000,0.0000,7290.0000,0.0000,0.0000,0.0000,0.0000,7,0,0,0,0,35,0,0,0,0
zc,TA209,2012-06-06 09:01:35.757,7288.0000,472044,-10,0.0000,114.0000,52,62,多平,S,7288.0000,0.0000,0.0000,0.0000,0.0000,7290.0000,0.0000,0.0000,0.0000,0.0000,5,0,0,0,0,3,0,0,0,0
zc,TA209,2012-06-06 09:01:36.257,7288.0000,472056,12,0.0000,66.0000,39,27,空开,S,7286.0000,0.0000,0.0000,0.0000,0.0000,7288.0000,0.0000,0.0000,0.0000,0.0000,125,0,0,0,0,5,0,0,0,0
zc,TA209,2012-06-06 09:01:37.037,7288.0000,472038,-18,0.0000,84.0000,33,51,多平,S,7288.0000,0.0000,0.0000,0.0000,0.0000,7290.0000,0.0000,0.0000,0.0000,0.0000,34,0,0,0,0,60,0,0,0,0
zc,TA209,2012-06-06 09:01:37.477,7288.0000,472024,-14,0.0000,56.0000,21,35,多平,S,7288.0000,0.0000,0.0000,0.0000,0.0000,7290.0000,0.0000,0.0000,0.0000,0.0000,27,0,0,0,0,52,0,0,0,0
zc,TA209,2012-06-06 09:01:38.240,7290.0000,472094,70,0.0000,228.0000,149,79,多开,B,7288.0000,0.0000,0.0000,0.0000,0.0000,7290.0000,0.0000,0.0000,0.0000,0.0000,53,0,0,0,0,5,0,0,0,0
zc,TA209,2012-06-06 09:01:38.803,7290.0000,472166,72,0.0000,160.0000,116,44,多开,B,7286.0000,0.0000,0.0000,0.0000,0.0000,7290.0000,0.0000,0.0000,0.0000,0.0000,127,0,0,0,0,38,0,0,0,0
zc,TA209,2012-06-06 09:01:39.490,7288.0000,472134,-32,0.0000,134.0000,51,83,多平,S,7288.0000,0.0000,0.0000,0.0000,0.0000,7290.0000,0.0000,0.0000,0.0000,0.0000,9,0,0,0,0,102,0,0,0,0
zc,TA209,2012-06-06 09:01:40.007,7288.0000,472154,20,0.0000,192.0000,106,86,空开,S,7286.0000,0.0000,0.0000,0.0000,0.0000,7290.0000,0.0000,0.0000,0.0000,0.0000,36,0,0,0,0,130,0,0,0,0
zc,TA209,2012-06-06 09:01:40.477,7288.0000,472152,-2,0.0000,26.0000,12,14,多平,S,7286.0000,0.0000,0.0000,0.0000,0.0000,7288.0000,0.0000,0.0000,0.0000,0.0000,55,0,0,0,0,13,0,0,0,0
zc,TA209,2012-06-06 09:01:41.273,7288.0000,472104,-48,0.0000,182.0000,67,115,多平,S,7286.0000,0.0000,0.0000,0.0000,0.0000,7288.0000,0.0000,0.0000,0.0000,0.0000,3,0,0,0,0,212,0,0,0,0
zc,TA209,2012-06-06 09:01:41.977,7286.0000,472120,16,0.0000,128.0000,72,56,空开,S,7284.0000,0.0000,0.0000,0.0000,0.0000,7286.0000,0.0000,0.0000,0.0000,0.0000,132,0,0,0,0,25,0,0,0,0
zc,TA209,2012-06-06 09:01:42.477,7286.0000,472132,12,0.0000,62.0000,37,25,空开,S,7284.0000,0.0000,0.0000,0.0000,0.0000,7286.0000,0.0000,0.0000,0.0000,0.0000,133,0,0,0,0,3,0,0,0,0
zc,TA209,2012-06-06 09:01:43.007,7286.0000,472108,-24,0.0000,112.0000,44,68,多平,S,7284.0000,0.0000,0.0000,0.0000,0.0000,7286.0000,0.0000,0.0000,0.0000,0.0000,137,0,0,0,0,285,0,0,0,0
zc,TA209,2012-06-06 09:01:43.740,7286.0000,472136,28,0.0000,228.0000,128,100,空开,S,7284.0000,0.0000,0.0000,0.0000,0.0000,7286.0000,0.0000,0.0000,0.0000,0.0000,31,0,0,0,0,277,0,0,0,0
zc,TA209,2012-06-06 09:01:44.240,7286.0000,472088,-48,0.0000,122.0000,37,85,多平,S,7284.0000,0.0000,0.0000,0.0000,0.0000,7286.0000,0.0000,0.0000,0.0000,0.0000,8,0,0,0,0,250,0,0,0,0
zc,TA209,2012-06-06 09:01:45.023,7286.0000,472080,-8,0.0000,96.0000,44,52,多平,S,7282.0000,0.0000,0.0000,0.0000,0.0000,7286.0000,0.0000,0.0000,0.0000,0.0000,34,0,0,0,0,218,0,0,0,0
zc,TA209,2012-06-06 09:01:45.490,7288.0000,471892,-188,0.0000,556.0000,184,372,空平,B,7286.0000,0.0000,0.0000,0.0000,0.0000,7288.0000,0.0000,0.0000,0.0000,0.0000,279,0,0,0,0,81,0,0,0,0
zc,TA209,2012-06-06 09:01:46.273,7280.0000,471636,-256,0.0000,628.0000,186,442,多平,S,7280.0000,0.0000,0.0000,0.0000,0.0000,7282.0000,0.0000,0.0000,0.0000,0.0000,137,0,0,0,0,48,0,0,0,0
zc,TA209,2012-06-06 09:01:46.727,7284.0000,471666,30,0.0000,128.0000,79,49,多开,B,7282.0000,0.0000,0.0000,0.0000,0.0000,7284.0000,0.0000,0.0000,0.0000,0.0000,47,0,0,0,0,41,0,0,0,0
zc,TA209,2012-06-06 09:01:47.477,7284.0000,471672,6,0.0000,44.0000,25,19,多开,B,7282.0000,0.0000,0.0000,0.0000,0.0000,7284.0000,0.0000,0.0000,0.0000,0.0000,63,0,0,0,0,46,0,0,0,0
zc,TA209,2012-06-06 09:01:47.773,7284.0000,471678,6,0.0000,18.0000,12,6,多开,B,7282.0000,0.0000,0.0000,0.0000,0.0000,7284.0000,0.0000,0.0000,0.0000,0.0000,132,0,0,0,0,76,0,0,0,0
zc,TA209,2012-06-06 09:01:48.477,7284.0000,471714,36,0.0000,128.0000,82,46,多开,B,7282.0000,0.0000,0.0000,0.0000,0.0000,7284.0000,0.0000,0.0000,0.0000,0.0000,127,0,0,0,0,23,0,0,0,0
zc,TA209,2012-06-06 09:01:48.977,7284.0000,471726,12,0.0000,156.0000,84,72,多开,B,7282.0000,0.0000,0.0000,0.0000,0.0000,7284.0000,0.0000,0.0000,0.0000,0.0000,70,0,0,0,0,8,0,0,0,0
zc,TA209,2012-06-06 09:01:49.787,7286.0000,471756,30,0.0000,60.0000,45,15,多开,B,7284.0000,0.0000,0.0000,0.0000,0.0000,7286.0000,0.0000,0.0000,0.0000,0.0000,1,0,0,0,0,87,0,0,0,0
zc,TA209,2012-06-06 09:01:50.460,7282.0000,472084,328,0.0000,364.0000,346,18,空开,S,7280.0000,0.0000,0.0000,0.0000,0.0000,7282.0000,0.0000,0.0000,0.0000,0.0000,141,0,0,0,0,332,0,0,0,0
zc,TA209,2012-06-06 09:01:50.727,7282.0000,472138,54,0.0000,74.0000,64,10,空开,S,7280.0000,0.0000,0.0000,0.0000,0.0000,7282.0000,0.0000,0.0000,0.0000,0.0000,112,0,0,0,0,375,0,0,0,0
zc,TA209,2012-06-06 09:01:51.490,7282.0000,472192,54,0.0000,66.0000,60,6,空开,S,7280.0000,0.0000,0.0000,0.0000,0.0000,7282.0000,0.0000,0.0000,0.0000,0.0000,97,0,0,0,0,360,0,0,0,0
zc,TA209,2012-06-06 09:01:51.977,7280.0000,472288,96,0.0000,120.0000,108,12,空开,S,7280.0000,0.0000,0.0000,0.0000,0.0000,7282.0000,0.0000,0.0000,0.0000,0.0000,96,0,0,0,0,305,0,0,0,0
zc,TA209,2012-06-06 09:01:52.710,7282.0000,472294,6,0.0000,30.0000,18,12,多开,B,7280.0000,0.0000,0.0000,0.0000,0.0000,7282.0000,0.0000,0.0000,0.0000,0.0000,86,0,0,0,0,298,0,0,0,0
zc,TA209,2012-06-06 09:01:52.960,7280.0000,472276,-18,0.0000,104.0000,43,61,多平,S,7280.0000,0.0000,0.0000,0.0000,0.0000,7282.0000,0.0000,0.0000,0.0000,0.0000,42,0,0,0,0,293,0,0,0,0
zc,TA209,2012-06-06 09:01:53.680,7280.0000,472270,-6,0.0000,86.0000,40,46,多平,S,7280.0000,0.0000,0.0000,0.0000,0.0000,7282.0000,0.0000,0.0000,0.0000,0.0000,22,0,0,0,0,271,0,0,0,0
zc,TA209,2012-06-06 09:01:54.197,7282.0000,472352,82,0.0000,100.0000,91,9,多开,B,7280.0000,0.0000,0.0000,0.0000,0.0000,7282.0000,0.0000,0.0000,0.0000,0.0000,23,0,0,0,0,233,0,0,0,0
zc,TA209,2012-06-06 09:01:54.990,7280.0000,472384,32,0.0000,64.0000,48,16,空开,S,7280.0000,0.0000,0.0000,0.0000,0.0000,7282.0000,0.0000,0.0000,0.0000,0.0000,3,0,0,0,0,221,0,0,0,0
zc,TA209,2012-06-06 09:01:55.507,7280.0000,472412,28,0.0000,50.0000,39,11,空开,S,7280.0000,0.0000,0.0000,0.0000,0.0000,7282.0000,0.0000,0.0000,0.0000,0.0000,16,0,0,0,0,216,0,0,0,0
zc,TA209,2012-06-06 09:01:56.023,7282.0000,472444,32,0.0000,58.0000,45,13,多开,B,7280.0000,0.0000,0.0000,0.0000,0.0000,7282.0000,0.0000,0.0000,0.0000,0.0000,17,0,0,0,0,192,0,0,0,0
zc,TA209,2012-06-06 09:01:56.990,7282.0000,472448,4,0.0000,36.0000,20,16,多开,B,7280.0000,0.0000,0.0000,0.0000,0.0000,7282.0000,0.0000,0.0000,0.0000,0.0000,21,0,0,0,0,202,0,0,0,0
zc,TA209,2012-06-06 09:01:57.240,7280.0000,472584,136,0.0000,234.0000,185,49,空开,S,7280.0000,0.0000,0.0000,0.0000,0.0000,7282.0000,0.0000,0.0000,0.0000,0.0000,9,0,0,0,0,188,0,0,0,0
zc,TA209,2012-06-06 09:01:57.977,7282.0000,472606,22,0.0000,238.0000,130,108,多开,B,7280.0000,0.0000,0.0000,0.0000,0.0000,7282.0000,0.0000,0.0000,0.0000,0.0000,28,0,0,0,0,71,0,0,0,0
zc,TA209,2012-06-06 09:01:58.507,7284.0000,472600,-6,0.0000,178.0000,86,92,空平,B,7282.0000,0.0000,0.0000,0.0000,0.0000,7284.0000,0.0000,0.0000,0.0000,0.0000,160,0,0,0,0,50,0,0,0,0
zc,TA209,2012-06-06 09:01:59.210,7282.0000,472610,10,0.0000,14.0000,12,2,空开,S,7282.0000,0.0000,0.0000,0.0000,0.0000,7284.0000,0.0000,0.0000,0.0000,0.0000,170,0,0,0,0,49,0,0,0,0
zc,TA209,2012-06-06 09:01:59.727,7282.0000,472668,58,0.0000,116.0000,87,29,空开,S,7282.0000,0.0000,0.0000,0.0000,0.0000,7284.0000,0.0000,0.0000,0.0000,0.0000,120,0,0,0,0,50,0,0,0,0
zc,TA209,2012-06-06 09:02:00.227,7284.0000,472764,96,0.0000,230.0000,163,67,多开,B,7284.0000,0.0000,0.0000,0.0000,0.0000,7286.0000,0.0000,0.0000,0.0000,0.0000,9,0,0,0,0,79,0,0,0,0
zc,TA209,2012-06-06 09:02:00.990,7284.0000,472874,110,0.0000,164.0000,137,27,多开,B,7284.0000,0.0000,0.0000,0.0000,0.0000,7286.0000,0.0000,0.0000,0.0000,0.0000,22,0,0,0,0,35,0,0,0,0
zc,TA209,2012-06-06 09:02:01.537,7282.0000,472820,-54,0.0000,230.0000,88,142,多平,S,7280.0000,0.0000,0.0000,0.0000,0.0000,7282.0000,0.0000,0.0000,0.0000,0.0000,56,0,0,0,0,87,0,0,0,0
zc,TA209,2012-06-06 09:02:02.227,7282.0000,472812,-8,0.0000,140.0000,66,74,多平,S,7280.0000,0.0000,0.0000,0.0000,0.0000,7282.0000,0.0000,0.0000,0.0000,0.0000,73,0,0,0,0,17,0,0,0,0
zc,TA209,2012-06-06 09:02:02.757,7284.0000,472780,-32,0.0000,70.0000,19,51,空平,B,7282.0000,0.0000,0.0000,0.0000,0.0000,7284.0000,0.0000,0.0000,0.0000,0.0000,240,0,0,0,0,52,0,0,0,0
zc,TA209,2012-06-06 09:02:03.477,7284.0000,472772,-8,0.0000,38.0000,15,23,空平,B,7282.0000,0.0000,0.0000,0.0000,0.0000,7284.0000,0.0000,0.0000,0.0000,0.0000,230,0,0,0,0,198,0,0,0,0
zc,TA209,2012-06-06 09:02:03.697,7284.0000,472770,-2,0.0000,2.0000,0,2,双平,B,7282.0000,0.0000,0.0000,0.0000,0.0000,7284.0000,0.0000,0.0000,0.0000,0.0000,242,0,0,0,0,227,0,0,0,0
zc,TA209,2012-06-06 09:02:04.490,7286.0000,473060,290,0.0000,530.0000,410,120,多开,B,7286.0000,0.0000,0.0000,0.0000,0.0000,7288.0000,0.0000,0.0000,0.0000,0.0000,36,0,0,0,0,127,0,0,0,0
zc,TA209,2012-06-06 09:02:04.930,7286.0000,473084,24,0.0000,40.0000,32,8,多开,B,7286.0000,0.0000,0.0000,0.0000,0.0000,7288.0000,0.0000,0.0000,0.0000,0.0000,16,0,0,0,0,127,0,0,0,0
zc,TA209,2012-06-06 09:02:05.727,7284.0000,473094,10,0.0000,46.0000,28,18,空开,S,7284.0000,0.0000,0.0000,0.0000,0.0000,7286.0000,0.0000,0.0000,0.0000,0.0000,85,0,0,0,0,92,0,0,0,0
zc,TA209,2012-06-06 09:02:06.227,7284.0000,473094,0,0.0000,0.0000,0,0,空换,S,7284.0000,0.0000,0.0000,0.0000,0.0000,7286.0000,0.0000,0.0000,0.0000,0.0000,86,0,0,0,0,107,0,0,0,0
zc,TA209,2012-06-06 09:02:06.977,7286.0000,473094,0,0.0000,32.0000,16,16,多换,B,7284.0000,0.0000,0.0000,0.0000,0.0000,7286.0000,0.0000,0.0000,0.0000,0.0000,75,0,0,0,0,107,0,0,0,0
zc,TA209,2012-06-06 09:02:07.523,7284.0000,473234,140,0.0000,182.0000,161,21,空开,S,7282.0000,0.0000,0.0000,0.0000,0.0000,7284.0000,0.0000,0.0000,0.0000,0.0000,262,0,0,0,0,1,0,0,0,0
zc,TA209,2012-06-06 09:02:08.007,7284.0000,473236,2,0.0000,18.0000,10,8,空开,S,7282.0000,0.0000,0.0000,0.0000,0.0000,7284.0000,0.0000,0.0000,0.0000,0.0000,264,0,0,0,0,56,0,0,0,0
zc,TA209,2012-06-06 09:02:08.710,7284.0000,473238,2,0.0000,2.0000,2,0,双开,S,7282.0000,0.0000,0.0000,0.0000,0.0000,7284.0000,0.0000,0.0000,0.0000,0.0000,267,0,0,0,0,140,0,0,0,0
zc,TA209,2012-06-06 09:02:09.197,7284.0000,473250,12,0.0000,36.0000,24,12,空开,S,7282.0000,0.0000,0.0000,0.0000,0.0000,7284.0000,0.0000,0.0000,0.0000,0.0000,262,0,0,0,0,100,0,0,0,0
zc,TA209,2012-06-06 09:02:10.007,7284.0000,473270,20,0.0000,34.0000,27,7,空开,S,7282.0000,0.0000,0.0000,0.0000,0.0000,7284.0000,0.0000,0.0000,0.0000,0.0000,261,0,0,0,0,109,0,0,0,0
zc,TA209,2012-06-06 09:02:10.490,7282.0000,473270,0,0.0000,308.0000,154,154,空换,S,7282.0000,0.0000,0.0000,0.0000,0.0000,7284.0000,0.0000,0.0000,0.0000,0.0000,110,0,0,0,0,112,0,0,0,0
zc,TA209,2012-06-06 09:02:10.990,7282.0000,473198,-72,0.0000,104.0000,16,88,多平,S,7282.0000,0.0000,0.0000,0.0000,0.0000,7284.0000,0.0000,0.0000,0.0000,0.0000,67,0,0,0,0,106,0,0,0,0
zc,TA209,2012-06-06 09:02:11.460,7284.0000,473600,402,0.0000,528.0000,465,63,多开,B,7284.0000,0.0000,0.0000,0.0000,0.0000,7286.0000,0.0000,0.0000,0.0000,0.0000,5,0,0,0,0,629,0,0,0,0
zc,TA209,2012-06-06 09:02:12.240,7282.0000,473400,-200,0.0000,230.0000,15,215,多平,S,7280.0000,0.0000,0.0000,0.0000,0.0000,7282.0000,0.0000,0.0000,0.0000,0.0000,120,0,0,0,0,168,0,0,0,0
zc,TA209,2012-06-06 09:02:12.727,7282.0000,473400,0,0.0000,0.0000,0,0,空换,S,7280.0000,0.0000,0.0000,0.0000,0.0000,7282.0000,0.0000,0.0000,0.0000,0.0000,122,0,0,0,0,182,0,0,0,0
zc,TA209,2012-06-06 09:02:13.490,7280.0000,473616,216,0.0000,328.0000,272,56,空开,S,7278.0000,0.0000,0.0000,0.0000,0.0000,7280.0000,0.0000,0.0000,0.0000,0.0000,92,0,0,0,0,912,0,0,0,0
zc,TA209,2012-06-06 09:02:13.977,7278.0000,473618,2,0.0000,16.0000,9,7,空开,S,7278.0000,0.0000,0.0000,0.0000,0.0000,7280.0000,0.0000,0.0000,0.0000,0.0000,90,0,0,0,0,906,0,0,0,0
zc,TA209,2012-06-06 09:02:14.757,7276.0000,473918,300,0.0000,382.0000,341,41,空开,S,7276.0000,0.0000,0.0000,0.0000,0.0000,7278.0000,0.0000,0.0000,0.0000,0.0000,85,0,0,0,0,76,0,0,0,0
zc,TA209,2012-06-06 09:02:15.227,7276.0000,474012,94,0.0000,102.0000,98,4,空开,S,7276.0000,0.0000,0.0000,0.0000,0.0000,7278.0000,0.0000,0.0000,0.0000,0.0000,66,0,0,0,0,153,0,0,0,0
zc,TA209,2012-06-06 09:02:16.023,7274.0000,474082,70,0.0000,180.0000,125,55,空开,S,7274.0000,0.0000,0.0000,0.0000,0.0000,7276.0000,0.0000,0.0000,0.0000,0.0000,29,0,0,0,0,75,0,0,0,0
zc,TA209,2012-06-06 09:02:16.740,7276.0000,474040,-42,0.0000,102.0000,30,72,空平,B,7274.0000,0.0000,0.0000,0.0000,0.0000,7276.0000,0.0000,0.0000,0.0000,0.0000,25,0,0,0,0,146,0,0,0,0
zc,TA209,2012-06-06 09:02:17.303,7276.0000,474196,156,0.0000,240.0000,198,42,多开,B,7274.0000,0.0000,0.0000,0.0000,0.0000,7276.0000,0.0000,0.0000,0.0000,0.0000,7,0,0,0,0,143,0,0,0,0
zc,TA209,2012-06-06 09:02:18.007,7274.0000,474218,22,0.0000,32.0000,27,5,空开,S,7274.0000,0.0000,0.0000,0.0000,0.0000,7276.0000,0.0000,0.0000,0.0000,0.0000,199,0,0,0,0,134,0,0,0,0
zc,TA209,2012-06-06 09:02:18.447,7274.0000,474230,12,0.0000,456.0000,234,222,空开,S,7274.0000,0.0000,0.0000,0.0000,0.0000,7276.0000,0.0000,0.0000,0.0000,0.0000,26,0,0,0,0,129,0,0,0,0
zc,TA209,2012-06-06 09:02:19.257,7276.0000,474296,66,0.0000,274.0000,170,104,多开,B,7276.0000,0.0000,0.0000,0.0000,0.0000,7278.0000,0.0000,0.0000,0.0000,0.0000,53,0,0,0,0,135,0,0,0,0
zc,TA209,2012-06-06 09:02:19.740,7276.0000,474254,-42,0.0000,70.0000,14,56,空平,B,7276.0000,0.0000,0.0000,0.0000,0.0000,7278.0000,0.0000,0.0000,0.0000,0.0000,119,0,0,0,0,121,0,0,0,0
zc,TA209,2012-06-06 09:02:20.490,7276.0000,474268,14,0.0000,16.0000,15,1,多开,B,7276.0000,0.0000,0.0000,0.0000,0.0000,7278.0000,0.0000,0.0000,0.0000,0.0000,113,0,0,0,0,121,0,0,0,0
zc,TA209,2012-06-06 09:02:20.990,7276.0000,474274,6,0.0000,16.0000,11,5,多开,B,7276.0000,0.0000,0.0000,0.0000,0.0000,7278.0000,0.0000,0.0000,0.0000,0.0000,112,0,0,0,0,119,0,0,0,0
zc,TA209,2012-06-06 09:02:21.727,7276.0000,474276,2,0.0000,50.0000,26,24,多开,B,7276.0000,0.0000,0.0000,0.0000,0.0000,7278.0000,0.0000,0.0000,0.0000,0.0000,90,0,0,0,0,118,0,0,0,0
zc,TA209,2012-06-06 09:02:22.007,7276.0000,474272,-4,0.0000,8.0000,2,6,空平,B,7276.0000,0.0000,0.0000,0.0000,0.0000,7278.0000,0.0000,0.0000,0.0000,0.0000,91,0,0,0,0,116,0,0,0,0
zc,TA209,2012-06-06 09:02:22.757,7274.0000,474288,16,0.0000,190.0000,103,87,空开,S,7274.0000,0.0000,0.0000,0.0000,0.0000,7276.0000,0.0000,0.0000,0.0000,0.0000,82,0,0,0,0,27,0,0,0,0
zc,TA209,2012-06-06 09:02:23.227,7274.0000,474286,-2,0.0000,2.0000,0,2,双平,S,7274.0000,0.0000,0.0000,0.0000,0.0000,7276.0000,0.0000,0.0000,0.0000,0.0000,87,0,0,0,0,47,0,0,0,0
zc,TA209,2012-06-06 09:02:23.990,7276.0000,474282,-4,0.0000,12.0000,4,8,空平,B,7274.0000,0.0000,0.0000,0.0000,0.0000,7276.0000,0.0000,0.0000,0.0000,0.0000,86,0,0,0,0,74,0,0,0,0
zc,TA209,2012-06-06 09:02:24.523,7274.0000,474358,76,0.0000,234.0000,155,79,空开,S,7272.0000,0.0000,0.0000,0.0000,0.0000,7274.0000,0.0000,0.0000,0.0000,0.0000,360,0,0,0,0,5,0,0,0,0
zc,TA209,2012-06-06 09:02:25.240,7274.0000,474390,32,0.0000,224.0000,128,96,空开,S,7272.0000,0.0000,0.0000,0.0000,0.0000,7274.0000,0.0000,0.0000,0.0000,0.0000,367,0,0,0,0,715,0,0,0,0
zc,TA209,2012-06-06 09:02:25.990,7272.0000,474404,14,0.0000,284.0000,149,135,空开,S,7272.0000,0.0000,0.0000,0.0000,0.0000,7274.0000,0.0000,0.0000,0.0000,0.0000,271,0,0,0,0,673,0,0,0,0
zc,TA209,2012-06-06 09:02:27.257,7272.0000,474476,72,0.0000,660.0000,366,294,空开,S,7270.0000,0.0000,0.0000,0.0000,0.0000,7272.0000,0.0000,0.0000,0.0000,0.0000,78,0,0,0,0,37,0,0,0,0
zc,TA209,2012-06-06 09:02:27.990,7272.0000,474524,48,0.0000,190.0000,119,71,空开,S,7270.0000,0.0000,0.0000,0.0000,0.0000,7272.0000,0.0000,0.0000,0.0000,0.0000,9,0,0,0,0,129,0,0,0,0
zc,TA209,2012-06-06 09:02:28.757,7268.0000,474546,22,0.0000,28.0000,25,3,空开,S,7268.0000,0.0000,0.0000,0.0000,0.0000,7270.0000,0.0000,0.0000,0.0000,0.0000,64,0,0,0,0,18,0,0,0,0
zc,TA209,2012-06-06 09:02:29.507,7270.0000,474556,10,0.0000,12.0000,11,1,多开,B,7268.0000,0.0000,0.0000,0.0000,0.0000,7270.0000,0.0000,0.0000,0.0000,0.0000,63,0,0,0,0,13,0,0,0,0
zc,TA209,2012-06-06 09:02:29.740,7270.0000,474564,8,0.0000,10.0000,9,1,多开,B,7268.0000,0.0000,0.0000,0.0000,0.0000,7270.0000,0.0000,0.0000,0.0000,0.0000,62,0,0,0,0,12,0,0,0,0
zc,TA209,2012-06-06 09:02:30.523,7268.0000,474684,120,0.0000,158.0000,139,19,空开,S,7266.0000,0.0000,0.0000,0.0000,0.0000,7268.0000,0.0000,0.0000,0.0000,0.0000,112,0,0,0,0,144,0,0,0,0
zc,TA209,2012-06-06 09:02:30.960,7268.0000,474806,122,0.0000,134.0000,128,6,空开,S,7266.0000,0.0000,0.0000,0.0000,0.0000,7268.0000,0.0000,0.0000,0.0000,0.0000,109,0,0,0,0,84,0,0,0,0
zc,TA209,2012-06-06 09:02:31.727,7268.0000,474806,0,0.0000,12.0000,6,6,空换,S,7266.0000,0.0000,0.0000,0.0000,0.0000,7268.0000,0.0000,0.0000,0.0000,0.0000,105,0,0,0,0,118,0,0,0,0
zc,TA209,2012-06-06 09:02:32.490,7268.0000,474800,-6,0.0000,208.0000,101,107,多平,S,7266.0000,0.0000,0.0000,0.0000,0.0000,7268.0000,0.0000,0.0000,0.0000,0.0000,100,0,0,0,0,24,0,0,0,0
zc,TA209,2012-06-06 09:02:32.977,7268.0000,474666,-134,0.0000,160.0000,13,147,多平,S,7268.0000,0.0000,0.0000,0.0000,0.0000,7270.0000,0.0000,0.0000,0.0000,0.0000,25,0,0,0,0,18,0,0,0,0
zc,TA209,2012-06-06 09:02:33.740,7270.0000,474724,58,0.0000,82.0000,70,12,多开,B,7270.0000,0.0000,0.0000,0.0000,0.0000,7272.0000,0.0000,0.0000,0.0000,0.0000,44,0,0,0,0,181,0,0,0,0
zc,TA209,2012-06-06 09:02:34.257,7270.0000,474752,28,0.0000,154.0000,91,63,多开,B,7268.0000,0.0000,0.0000,0.0000,0.0000,7270.0000,0.0000,0.0000,0.0000,0.0000,277,0,0,0,0,46,0,0,0,0
zc,TA209,2012-06-06 09:02:35.023,7272.0000,474780,28,0.0000,160.0000,94,66,多开,B,7270.0000,0.0000,0.0000,0.0000,0.0000,7272.0000,0.0000,0.0000,0.0000,0.0000,44,0,0,0,0,153,0,0,0,0
zc,TA209,2012-06-06 09:02:35.537,7270.0000,474762,-18,0.0000,24.0000,3,21,多平,S,7270.0000,0.0000,0.0000,0.0000,0.0000,7272.0000,0.0000,0.0000,0.0000,0.0000,39,0,0,0,0,154,0,0,0,0
zc,TA209,2012-06-06 09:02:36.227,7270.0000,474838,76,0.0000,164.0000,120,44,空开,S,7270.0000,0.0000,0.0000,0.0000,0.0000,7272.0000,0.0000,0.0000,0.0000,0.0000,27,0,0,0,0,152,0,0,0,0
zc,TA209,2012-06-06 09:02:36.727,7270.0000,474908,70,0.0000,74.0000,72,2,空开,S,7268.0000,0.0000,0.0000,0.0000,0.0000,7270.0000,0.0000,0.0000,0.0000,0.0000,222,0,0,0,0,379,0,0,0,0
zc,TA209,2012-06-06 09:02:37.507,7268.0000,474926,18,0.0000,64.0000,41,23,空开,S,7268.0000,0.0000,0.0000,0.0000,0.0000,7270.0000,0.0000,0.0000,0.0000,0.0000,164,0,0,0,0,355,0,0,0,0
zc,TA209,2012-06-06 09:02:37.757,7268.0000,474930,4,0.0000,68.0000,36,32,空开,S,7268.0000,0.0000,0.0000,0.0000,0.0000,7270.0000,0.0000,0.0000,0.0000,0.0000,78,0,0,0,0,387,0,0,0,0
zc,TA209,2012-06-06 09:02:38.740,7268.0000,475022,92,0.0000,184.0000,138,46,空开,S,7266.0000,0.0000,0.0000,0.0000,0.0000,7268.0000,0.0000,0.0000,0.0000,0.0000,168,0,0,0,0,108,0,0,0,0
zc,TA209,2012-06-06 09:02:38.990,7270.0000,475066,44,0.0000,226.0000,135,91,多开,B,7266.0000,0.0000,0.0000,0.0000,0.0000,7268.0000,0.0000,0.0000,0.0000,0.0000,170,0,0,0,0,1,0,0,0,0
zc,TA209,2012-06-06 09:02:39.740,7268.0000,475102,36,0.0000,66.0000,51,15,空开,S,7266.0000,0.0000,0.0000,0.0000,0.0000,7268.0000,0.0000,0.0000,0.0000,0.0000,138,0,0,0,0,62,0,0,0,0
zc,TA209,2012-06-06 09:02:40.227,7268.0000,475104,2,0.0000,26.0000,14,12,空开,S,7266.0000,0.0000,0.0000,0.0000,0.0000,7268.0000,0.0000,0.0000,0.0000,0.0000,143,0,0,0,0,63,0,0,0,0
zc,TA209,2012-06-06 09:02:40.990,7268.0000,475100,-4,0.0000,46.0000,21,25,多平,S,7266.0000,0.0000,0.0000,0.0000,0.0000,7268.0000,0.0000,0.0000,0.0000,0.0000,134,0,0,0,0,56,0,0,0,0
zc,TA209,2012-06-06 09:02:41.740,7268.0000,475136,36,0.0000,40.0000,38,2,空开,S,7266.0000,0.0000,0.0000,0.0000,0.0000,7268.0000,0.0000,0.0000,0.0000,0.0000,134,0,0,0,0,37,0,0,0,0
zc,TA209,2012-06-06 09:02:42.257,7268.0000,475184,48,0.0000,74.0000,61,13,空开,S,7266.0000,0.0000,0.0000,0.0000,0.0000,7270.0000,0.0000,0.0000,0.0000,0.0000,130,0,0,0,0,364,0,0,0,0
zc,TA209,2012-06-06 09:02:42.990,7266.0000,475222,38,0.0000,52.0000,45,7,空开,S,7268.0000,0.0000,0.0000,0.0000,0.0000,7270.0000,0.0000,0.0000,0.0000,0.0000,75,0,0,0,0,489,0,0,0,0
zc,TA209,2012-06-06 09:02:43.257,7266.0000,474974,-248,0.0000,406.0000,79,327,多平,S,7268.0000,0.0000,0.0000,0.0000,0.0000,7270.0000,0.0000,0.0000,0.0000,0.0000,255,0,0,0,0,488,0,0,0,0
zc,TA209,2012-06-06 09:02:43.977,7268.0000,475194,220,0.0000,412.0000,316,96,多开,B,7268.0000,0.0000,0.0000,0.0000,0.0000,7270.0000,0.0000,0.0000,0.0000,0.0000,470,0,0,0,0,487,0,0,0,0
zc,TA209,2012-06-06 09:02:44.490,7270.0000,475428,234,0.0000,710.0000,472,238,多开,B,7268.0000,0.0000,0.0000,0.0000,0.0000,7270.0000,0.0000,0.0000,0.0000,0.0000,275,0,0,0,0,243,0,0,0,0
zc,TA209,2012-06-06 09:02:45.257,7270.0000,475432,4,0.0000,6.0000,5,1,多开,B,7268.0000,0.0000,0.0000,0.0000,0.0000,7270.0000,0.0000,0.0000,0.0000,0.0000,306,0,0,0,0,240,0,0,0,0
zc,TA209,2012-06-06 09:02:45.757,7270.0000,475514,82,0.0000,242.0000,162,80,多开,B,7268.0000,0.0000,0.0000,0.0000,0.0000,7270.0000,0.0000,0.0000,0.0000,0.0000,218,0,0,0,0,248,0,0,0,0
zc,TA209,2012-06-06 09:02:46.477,7268.0000,475574,60,0.0000,276.0000,168,108,空开,S,7268.0000,0.0000,0.0000,0.0000,0.0000,7270.0000,0.0000,0.0000,0.0000,0.0000,210,0,0,0,0,120,0,0,0,0
zc,TA209,2012-06-06 09:02:46.990,7270.0000,475736,162,0.0000,266.0000,214,52,多开,B,7268.0000,0.0000,0.0000,0.0000,0.0000,7270.0000,0.0000,0.0000,0.0000,0.0000,183,0,0,0,0,19,0,0,0,0
zc,TA209,2012-06-06 09:02:47.773,7270.0000,475744,8,0.0000,224.0000,116,108,多开,B,7270.0000,0.0000,0.0000,0.0000,0.0000,7272.0000,0.0000,0.0000,0.0000,0.0000,73,0,0,0,0,146,0,0,0,0
zc,TA209,2012-06-06 09:02:48.240,7270.0000,475806,62,0.0000,120.0000,91,29,多开,B,7270.0000,0.0000,0.0000,0.0000,0.0000,7272.0000,0.0000,0.0000,0.0000,0.0000,38,0,0,0,0,146,0,0,0,0
zc,TA209,2012-06-06 09:02:48.990,7270.0000,475808,2,0.0000,2.0000,2,0,双开,B,7270.0000,0.0000,0.0000,0.0000,0.0000,7272.0000,0.0000,0.0000,0.0000,0.0000,50,0,0,0,0,149,0,0,0,0
zc,TA209,2012-06-06 09:02:49.507,7272.0000,475828,20,0.0000,62.0000,41,21,多开,B,7270.0000,0.0000,0.0000,0.0000,0.0000,7272.0000,0.0000,0.0000,0.0000,0.0000,29,0,0,0,0,141,0,0,0,0
zc,TA209,2012-06-06 09:02:50.007,7272.0000,475780,-48,0.0000,414.0000,183,231,空平,B,7272.0000,0.0000,0.0000,0.0000,0.0000,7274.0000,0.0000,0.0000,0.0000,0.0000,30,0,0,0,0,80,0,0,0,0
zc,TA209,2012-06-06 09:02:50.757,7276.0000,475886,106,0.0000,204.0000,155,49,多开,B,7272.0000,0.0000,0.0000,0.0000,0.0000,7274.0000,0.0000,0.0000,0.0000,0.0000,34,0,0,0,0,3,0,0,0,0
zc,TA209,2012-06-06 09:02:51.210,7272.0000,475880,-6,0.0000,46.0000,20,26,多平,S,7272.0000,0.0000,0.0000,0.0000,0.0000,7274.0000,0.0000,0.0000,0.0000,0.0000,11,0,0,0,0,16,0,0,0,0
zc,TA209,2012-06-06 09:02:51.990,7274.0000,475914,34,0.0000,92.0000,63,29,多开,B,7274.0000,0.0000,0.0000,0.0000,0.0000,7276.0000,0.0000,0.0000,0.0000,0.0000,19,0,0,0,0,25,0,0,0,0
zc,TA209,2012-06-06 09:02:52.490,7274.0000,475918,4,0.0000,8.0000,6,2,多开,B,7274.0000,0.0000,0.0000,0.0000,0.0000,7276.0000,0.0000,0.0000,0.0000,0.0000,53,0,0,0,0,30,0,0,0,0
zc,TA209,2012-06-06 09:02:53.227,7274.0000,475900,-18,0.0000,106.0000,44,62,空平,B,7272.0000,0.0000,0.0000,0.0000,0.0000,7274.0000,0.0000,0.0000,0.0000,0.0000,16,0,0,0,0,94,0,0,0,0
zc,TA209,2012-06-06 09:02:53.710,7274.0000,475896,-4,0.0000,14.0000,5,9,空平,B,7272.0000,0.0000,0.0000,0.0000,0.0000,7274.0000,0.0000,0.0000,0.0000,0.0000,16,0,0,0,0,88,0,0,0,0
zc,TA209,2012-06-06 09:02:54.257,7272.0000,475896,0,0.0000,6.0000,3,3,空换,S,7272.0000,0.0000,0.0000,0.0000,0.0000,7274.0000,0.0000,0.0000,0.0000,0.0000,15,0,0,0,0,87,0,0,0,0
zc,TA209,2012-06-06 09:02:54.727,7272.0000,475832,-64,0.0000,110.0000,23,87,多平,S,7270.0000,0.0000,0.0000,0.0000,0.0000,7272.0000,0.0000,0.0000,0.0000,0.0000,116,0,0,0,0,20,0,0,0,0
zc,TA209,2012-06-06 09:02:55.460,7272.0000,475832,0,0.0000,40.0000,20,20,空换,S,7270.0000,0.0000,0.0000,0.0000,0.0000,7272.0000,0.0000,0.0000,0.0000,0.0000,50,0,0,0,0,12,0,0,0,0
zc,TA209,2012-06-06 09:02:56.037,7270.0000,475852,20,0.0000,150.0000,85,65,空开,S,7268.0000,0.0000,0.0000,0.0000,0.0000,7270.0000,0.0000,0.0000,0.0000,0.0000,211,0,0,0,0,43,0,0,0,0
zc,TA209,2012-06-06 09:02:56.727,7270.0000,475894,42,0.0000,42.0000,42,0,双开,S,7268.0000,0.0000,0.0000,0.0000,0.0000,7270.0000,0.0000,0.0000,0.0000,0.0000,205,0,0,0,0,26,0,0,0,0
zc,TA209,2012-06-06 09:02:57.210,7274.0000,475948,54,0.0000,66.0000,60,6,多开,B,7272.0000,0.0000,0.0000,0.0000,0.0000,7274.0000,0.0000,0.0000,0.0000,0.0000,8,0,0,0,0,22,0,0,0,0
zc,TA209,2012-06-06 09:02:57.710,7274.0000,475948,0,0.0000,0.0000,0,0,多换,B,7272.0000,0.0000,0.0000,0.0000,0.0000,7274.0000,0.0000,0.0000,0.0000,0.0000,111,0,0,0,0,22,0,0,0,0
zc,TA209,2012-06-06 09:02:58.477,7272.0000,475982,34,0.0000,38.0000,36,2,空开,S,7272.0000,0.0000,0.0000,0.0000,0.0000,7274.0000,0.0000,0.0000,0.0000,0.0000,110,0,0,0,0,4,0,0,0,0
zc,TA209,2012-06-06 09:02:58.960,7272.0000,475978,-4,0.0000,26.0000,11,15,多平,S,7272.0000,0.0000,0.0000,0.0000,0.0000,7274.0000,0.0000,0.0000,0.0000,0.0000,97,0,0,0,0,4,0,0,0,0
zc,TA209,2012-06-06 09:02:59.490,7272.0000,475804,-174,0.0000,244.0000,35,209,多平,S,7270.0000,0.0000,0.0000,0.0000,0.0000,7272.0000,0.0000,0.0000,0.0000,0.0000,231,0,0,0,0,281,0,0,0,0
zc,TA209,2012-06-06 09:02:59.977,7272.0000,475802,-2,0.0000,10.0000,4,6,多平,S,7270.0000,0.0000,0.0000,0.0000,0.0000,7272.0000,0.0000,0.0000,0.0000,0.0000,241,0,0,0,0,311,0,0,0,0
zc,TA209,2012-06-06 09:03:00.697,7270.0000,475806,4,0.0000,64.0000,34,30,空开,S,7270.0000,0.0000,0.0000,0.0000,0.0000,7272.0000,0.0000,0.0000,0.0000,0.0000,229,0,0,0,0,300,0,0,0,0
zc,TA209,2012-06-06 09:03:01.477,7272.0000,475804,-2,0.0000,6.0000,2,4,空平,B,7270.0000,0.0000,0.0000,0.0000,0.0000,7272.0000,0.0000,0.0000,0.0000,0.0000,240,0,0,0,0,338,0,0,0,0
zc,TA209,2012-06-06 09:03:02.240,7272.0000,475800,-4,0.0000,14.0000,5,9,空平,B,7270.0000,0.0000,0.0000,0.0000,0.0000,7272.0000,0.0000,0.0000,0.0000,0.0000,247,0,0,0,0,335,0,0,0,0
zc,TA209,2012-06-06 09:03:02.727,7272.0000,475798,-2,0.0000,48.0000,23,25,空平,B,7270.0000,0.0000,0.0000,0.0000,0.0000,7272.0000,0.0000,0.0000,0.0000,0.0000,293,0,0,0,0,315,0,0,0,0
zc,TA209,2012-06-06 09:03:03.210,7270.0000,475688,-110,0.0000,118.0000,4,114,多平,S,7270.0000,0.0000,0.0000,0.0000,0.0000,7272.0000,0.0000,0.0000,0.0000,0.0000,289,0,0,0,0,260,0,0,0,0
zc,TA209,2012-06-06 09:03:03.977,7272.0000,475680,-8,0.0000,114.0000,53,61,空平,B,7270.0000,0.0000,0.0000,0.0000,0.0000,7272.0000,0.0000,0.0000,0.0000,0.0000,287,0,0,0,0,256,0,0,0,0
zc,TA209,2012-06-06 09:03:04.477,7272.0000,475480,-200,0.0000,234.0000,17,217,空平,B,7270.0000,0.0000,0.0000,0.0000,0.0000,7272.0000,0.0000,0.0000,0.0000,0.0000,285,0,0,0,0,149,0,0,0,0
zc,TA209,2012-06-06 09:03:05.210,7272.0000,475470,-10,0.0000,94.0000,42,52,空平,B,7270.0000,0.0000,0.0000,0.0000,0.0000,7272.0000,0.0000,0.0000,0.0000,0.0000,276,0,0,0,0,117,0,0,0,0
zc,TA209,2012-06-06 09:03:05.460,7272.0000,475442,-28,0.0000,98.0000,35,63,空平,B,7270.0000,0.0000,0.0000,0.0000,0.0000,7272.0000,0.0000,0.0000,0.0000,0.0000,237,0,0,0,0,116,0,0,0,0
zc,TA209,2012-06-06 09:03:06.240,7272.0000,475442,0,0.0000,20.0000,10,10,多换,B,7270.0000,0.0000,0.0000,0.0000,0.0000,7272.0000,0.0000,0.0000,0.0000,0.0000,259,0,0,0,0,104,0,0,0,0
zc,TA209,2012-06-06 09:03:06.710,7272.0000,475442,0,0.0000,10.0000,5,5,多换,B,7270.0000,0.0000,0.0000,0.0000,0.0000,7272.0000,0.0000,0.0000,0.0000,0.0000,257,0,0,0,0,102,0,0,0,0
zc,TA209,2012-06-06 09:03:07.460,7272.0000,475464,22,0.0000,70.0000,46,24,多开,B,7270.0000,0.0000,0.0000,0.0000,0.0000,7272.0000,0.0000,0.0000,0.0000,0.0000,251,0,0,0,0,70,0,0,0,0
zc,TA209,2012-06-06 09:03:07.947,7272.0000,475548,84,0.0000,146.0000,115,31,多开,B,7270.0000,0.0000,0.0000,0.0000,0.0000,7272.0000,0.0000,0.0000,0.0000,0.0000,193,0,0,0,0,68,0,0,0,0
zc,TA209,2012-06-06 09:03:08.477,7272.0000,475574,26,0.0000,28.0000,27,1,多开,B,7270.0000,0.0000,0.0000,0.0000,0.0000,7272.0000,0.0000,0.0000,0.0000,0.0000,193,0,0,0,0,74,0,0,0,0
zc,TA209,2012-06-06 09:03:09.210,7270.0000,475610,36,0.0000,56.0000,46,10,空开,S,7270.0000,0.0000,0.0000,0.0000,0.0000,7272.0000,0.0000,0.0000,0.0000,0.0000,295,0,0,0,0,105,0,0,0,0
zc,TA209,2012-06-06 09:03:09.757,7270.0000,475616,6,0.0000,18.0000,12,6,空开,S,7270.0000,0.0000,0.0000,0.0000,0.0000,7272.0000,0.0000,0.0000,0.0000,0.0000,302,0,0,0,0,110,0,0,0,0
zc,TA209,2012-06-06 09:03:10.447,7270.0000,475682,66,0.0000,138.0000,102,36,空开,S,7270.0000,0.0000,0.0000,0.0000,0.0000,7272.0000,0.0000,0.0000,0.0000,0.0000,248,0,0,0,0,97,0,0,0,0
zc,TA209,2012-06-06 09:03:11.007,7272.0000,475788,106,0.0000,160.0000,133,27,多开,B,7270.0000,0.0000,0.0000,0.0000,0.0000,7272.0000,0.0000,0.0000,0.0000,0.0000,243,0,0,0,0,30,0,0,0,0
zc,TA209,2012-06-06 09:03:11.757,7272.0000,475992,204,0.0000,408.0000,306,102,多开,B,7272.0000,0.0000,0.0000,0.0000,0.0000,7274.0000,0.0000,0.0000,0.0000,0.0000,222,0,0,0,0,18,0,0,0,0
zc,TA209,2012-06-06 09:03:12.477,7274.0000,475990,-2,0.0000,8.0000,3,5,空平,B,7272.0000,0.0000,0.0000,0.0000,0.0000,7274.0000,0.0000,0.0000,0.0000,0.0000,557,0,0,0,0,17,0,0,0,0
zc,TA209,2012-06-06 09:03:13.227,7272.0000,476078,88,0.0000,104.0000,96,8,空开,S,7272.0000,0.0000,0.0000,0.0000,0.0000,7274.0000,0.0000,0.0000,0.0000,0.0000,1019,0,0,0,0,7,0,0,0,0
zc,TA209,2012-06-06 09:03:13.477,7274.0000,476084,6,0.0000,14.0000,10,4,多开,B,7274.0000,0.0000,0.0000,0.0000,0.0000,7276.0000,0.0000,0.0000,0.0000,0.0000,8,0,0,0,0,24,0,0,0,0
zc,TA209,2012-06-06 09:03:14.240,7274.0000,476084,0,0.0000,64.0000,32,32,多换,B,7274.0000,0.0000,0.0000,0.0000,0.0000,7276.0000,0.0000,0.0000,0.0000,0.0000,23,0,0,0,0,24,0,0,0,0
zc,TA209,2012-06-06 09:03:14.740,7274.0000,476086,2,0.0000,8.0000,5,3,多开,B,7274.0000,0.0000,0.0000,0.0000,0.0000,7276.0000,0.0000,0.0000,0.0000,0.0000,26,0,0,0,0,23,0,0,0,0
zc,TA209,2012-06-06 09:03:15.507,7274.0000,476110,24,0.0000,56.0000,40,16,多开,B,7274.0000,0.0000,0.0000,0.0000,0.0000,7276.0000,0.0000,0.0000,0.0000,0.0000,19,0,0,0,0,3,0,0,0,0
zc,TA209,2012-06-06 09:03:16.240,7272.0000,476518,408,0.0000,418.0000,413,5,空开,S,7272.0000,0.0000,0.0000,0.0000,0.0000,7278.0000,0.0000,0.0000,0.0000,0.0000,1462,0,0,0,0,54,0,0,0,0
zc,TA209,2012-06-06 09:03:17.007,7276.0000,476534,16,0.0000,38.0000,27,11,多开,B,7276.0000,0.0000,0.0000,0.0000,0.0000,7278.0000,0.0000,0.0000,0.0000,0.0000,7,0,0,0,0,48,0,0,0,0
zc,TA209,2012-06-06 09:03:17.477,7276.0000,476534,0,0.0000,286.0000,143,143,多换,B,7274.0000,0.0000,0.0000,0.0000,0.0000,7276.0000,0.0000,0.0000,0.0000,0.0000,45,0,0,0,0,284,0,0,0,0
zc,TA209,2012-06-06 09:03:18.227,7276.0000,476534,0,0.0000,2.0000,1,1,多换,B,7274.0000,0.0000,0.0000,0.0000,0.0000,7276.0000,0.0000,0.0000,0.0000,0.0000,66,0,0,0,0,283,0,0,0,0
zc,TA209,2012-06-06 09:03:18.740,7276.0000,476536,2,0.0000,8.0000,5,3,多开,B,7274.0000,0.0000,0.0000,0.0000,0.0000,7276.0000,0.0000,0.0000,0.0000,0.0000,130,0,0,0,0,286,0,0,0,0
zc,TA209,2012-06-06 09:03:19.460,7274.0000,476544,8,0.0000,16.0000,12,4,空开,S,7274.0000,0.0000,0.0000,0.0000,0.0000,7276.0000,0.0000,0.0000,0.0000,0.0000,125,0,0,0,0,284,0,0,0,0
zc,TA209,2012-06-06 09:03:19.990,7276.0000,476344,-200,0.0000,216.0000,8,208,空平,B,7274.0000,0.0000,0.0000,0.0000,0.0000,7276.0000,0.0000,0.0000,0.0000,0.0000,161,0,0,0,0,176,0,0,0,0
zc,TA209,2012-06-06 09:03:20.710,7276.0000,476264,-80,0.0000,114.0000,17,97,空平,B,7274.0000,0.0000,0.0000,0.0000,0.0000,7276.0000,0.0000,0.0000,0.0000,0.0000,140,0,0,0,0,142,0,0,0,0
zc,TA209,2012-06-06 09:03:20.977,7274.0000,476262,-2,0.0000,10.0000,4,6,多平,S,7274.0000,0.0000,0.0000,0.0000,0.0000,7276.0000,0.0000,0.0000,0.0000,0.0000,149,0,0,0,0,138,0,0,0,0
zc,TA209,2012-06-06 09:03:21.477,7276.0000,476152,-110,0.0000,128.0000,9,119,空平,B,7274.0000,0.0000,0.0000,0.0000,0.0000,7276.0000,0.0000,0.0000,0.0000,0.0000,261,0,0,0,0,87,0,0,0,0
zc,TA209,2012-06-06 09:03:22.227,7276.0000,475988,-164,0.0000,176.0000,6,170,空平,B,7276.0000,0.0000,0.0000,0.0000,0.0000,7278.0000,0.0000,0.0000,0.0000,0.0000,117,0,0,0,0,64,0,0,0,0
zc,TA209,2012-06-06 09:03:22.727,7276.0000,475976,-12,0.0000,22.0000,5,17,空平,B,7276.0000,0.0000,0.0000,0.0000,0.0000,7278.0000,0.0000,0.0000,0.0000,0.0000,203,0,0,0,0,119,0,0,0,0
zc,TA209,2012-06-06 09:03:23.460,7278.0000,475986,10,0.0000,62.0000,36,26,多开,B,7276.0000,0.0000,0.0000,0.0000,0.0000,7278.0000,0.0000,0.0000,0.0000,0.0000,195,0,0,0,0,97,0,0,0,0
zc,TA209,2012-06-06 09:03:24.023,7276.0000,475982,-4,0.0000,98.0000,47,51,多平,S,7276.0000,0.0000,0.0000,0.0000,0.0000,7278.0000,0.0000,0.0000,0.0000,0.0000,151,0,0,0,0,98,0,0,0,0
zc,TA209,2012-06-06 09:03:24.477,7278.0000,475990,8,0.0000,36.0000,22,14,多开,B,7276.0000,0.0000,0.0000,0.0000,0.0000,7278.0000,0.0000,0.0000,0.0000,0.0000,143,0,0,0,0,90,0,0,0,0
zc,TA209,2012-06-06 09:03:24.960,7278.0000,475996,6,0.0000,8.0000,7,1,多开,B,7276.0000,0.0000,0.0000,0.0000,0.0000,7278.0000,0.0000,0.0000,0.0000,0.0000,143,0,0,0,0,91,0,0,0,0
zc,TA209,2012-06-06 09:03:25.710,7278.0000,475998,2,0.0000,18.0000,10,8,多开,B,7276.0000,0.0000,0.0000,0.0000,0.0000,7278.0000,0.0000,0.0000,0.0000,0.0000,138,0,0,0,0,91,0,0,0,0
zc,TA209,2012-06-06 09:03:26.227,7278.0000,476000,2,0.0000,20.0000,11,9,多开,B,7276.0000,0.0000,0.0000,0.0000,0.0000,7278.0000,0.0000,0.0000,0.0000,0.0000,632,0,0,0,0,121,0,0,0,0
zc,TA209,2012-06-06 09:03:27.037,7278.0000,475998,-2,0.0000,134.0000,66,68,空平,B,7276.0000,0.0000,0.0000,0.0000,0.0000,7278.0000,0.0000,0.0000,0.0000,0.0000,636,0,0,0,0,56,0,0,0,0
zc,TA209,2012-06-06 09:03:27.710,7276.0000,475982,-16,0.0000,20.0000,2,18,多平,S,7276.0000,0.0000,0.0000,0.0000,0.0000,7278.0000,0.0000,0.0000,0.0000,0.0000,638,0,0,0,0,47,0,0,0,0
zc,TA209,2012-06-06 09:03:28.197,7278.0000,475988,6,0.0000,18.0000,12,6,多开,B,7276.0000,0.0000,0.0000,0.0000,0.0000,7278.0000,0.0000,0.0000,0.0000,0.0000,638,0,0,0,0,14,0,0,0,0
zc,TA209,2012-06-06 09:03:28.697,7278.0000,475990,2,0.0000,6.0000,4,2,多开,B,7276.0000,0.0000,0.0000,0.0000,0.0000,7278.0000,0.0000,0.0000,0.0000,0.0000,633,0,0,0,0,54,0,0,0,0
zc,TA209,2012-06-06 09:03:29.197,7278.0000,475954,-36,0.0000,140.0000,52,88,空平,B,7276.0000,0.0000,0.0000,0.0000,0.0000,7278.0000,0.0000,0.0000,0.0000,0.0000,635,0,0,0,0,6,0,0,0,0
zc,TA209,2012-06-06 09:03:30.023,7278.0000,475868,-86,0.0000,88.0000,1,87,空平,B,7278.0000,0.0000,0.0000,0.0000,0.0000,7280.0000,0.0000,0.0000,0.0000,0.0000,183,0,0,0,0,152,0,0,0,0
zc,TA209,2012-06-06 09:03:30.460,7280.0000,475868,0,0.0000,2.0000,1,1,多换,B,7278.0000,0.0000,0.0000,0.0000,0.0000,7280.0000,0.0000,0.0000,0.0000,0.0000,203,0,0,0,0,165,0,0,0,0
zc,TA209,2012-06-06 09:03:30.977,7278.0000,475860,-8,0.0000,16.0000,4,12,多平,S,7278.0000,0.0000,0.0000,0.0000,0.0000,7280.0000,0.0000,0.0000,0.0000,0.0000,209,0,0,0,0,170,0,0,0,0
zc,TA209,2012-06-06 09:03:31.507,7278.0000,475522,-338,0.0000,572.0000,117,455,多平,S,7276.0000,0.0000,0.0000,0.0000,0.0000,7278.0000,0.0000,0.0000,0.0000,0.0000,583,0,0,0,0,514,0,0,0,0
zc,TA209,2012-06-06 09:03:32.210,7278.0000,475510,-12,0.0000,28.0000,8,20,多平,S,7276.0000,0.0000,0.0000,0.0000,0.0000,7278.0000,0.0000,0.0000,0.0000,0.0000,583,0,0,0,0,501,0,0,0,0
zc,TA209,2012-06-06 09:03:32.977,7278.0000,475450,-60,0.0000,64.0000,2,62,多平,S,7276.0000,0.0000,0.0000,0.0000,0.0000,7278.0000,0.0000,0.0000,0.0000,0.0000,596,0,0,0,0,471,0,0,0,0
zc,TA209,2012-06-06 09:03:33.447,7278.0000,475444,-6,0.0000,24.0000,9,15,多平,S,7276.0000,0.0000,0.0000,0.0000,0.0000,7278.0000,0.0000,0.0000,0.0000,0.0000,617,0,0,0,0,466,0,0,0,0
zc,TA209,2012-06-06 09:03:34.197,7278.0000,475418,-26,0.0000,42.0000,8,34,多平,S,7276.0000,0.0000,0.0000,0.0000,0.0000,7278.0000,0.0000,0.0000,0.0000,0.0000,607,0,0,0,0,456,0,0,0,0
zc,TA209,2012-06-06 09:03:34.680,7278.0000,475414,-4,0.0000,6.0000,1,5,多平,S,7276.0000,0.0000,0.0000,0.0000,0.0000,7278.0000,0.0000,0.0000,0.0000,0.0000,114,0,0,0,0,470,0,0,0,0
zc,TA209,2012-06-06 09:03:35.240,7276.0000,475492,78,0.0000,252.0000,165,87,空开,S,7274.0000,0.0000,0.0000,0.0000,0.0000,7276.0000,0.0000,0.0000,0.0000,0.0000,188,0,0,0,0,154,0,0,0,0
zc,TA209,2012-06-06 09:03:35.710,7276.0000,475850,358,0.0000,508.0000,433,75,空开,S,7274.0000,0.0000,0.0000,0.0000,0.0000,7276.0000,0.0000,0.0000,0.0000,0.0000,149,0,0,0,0,187,0,0,0,0
zc,TA209,2012-06-06 09:03:36.507,7274.0000,476100,250,0.0000,428.0000,339,89,空开,S,7274.0000,0.0000,0.0000,0.0000,0.0000,7278.0000,0.0000,0.0000,0.0000,0.0000,141,0,0,0,0,480,0,0,0,0
zc,TA209,2012-06-06 09:03:37.037,7276.0000,476100,0,0.0000,22.0000,11,11,多换,B,7276.0000,0.0000,0.0000,0.0000,0.0000,7278.0000,0.0000,0.0000,0.0000,0.0000,1,0,0,0,0,472,0,0,0,0
zc,TA209,2012-06-06 09:03:37.740,7274.0000,476098,-2,0.0000,4.0000,1,3,多平,S,7274.0000,0.0000,0.0000,0.0000,0.0000,7278.0000,0.0000,0.0000,0.0000,0.0000,105,0,0,0,0,472,0,0,0,0
zc,TA209,2012-06-06 09:03:38.227,7276.0000,476192,94,0.0000,100.0000,97,3,多开,B,7274.0000,0.0000,0.0000,0.0000,0.0000,7276.0000,0.0000,0.0000,0.0000,0.0000,32,0,0,0,0,4,0,0,0,0
zc,TA209,2012-06-06 09:03:38.960,7276.0000,476204,12,0.0000,12.0000,12,0,双开,B,7274.0000,0.0000,0.0000,0.0000,0.0000,7276.0000,0.0000,0.0000,0.0000,0.0000,31,0,0,0,0,166,0,0,0,0
zc,TA209,2012-06-06 09:03:39.460,7276.0000,476256,52,0.0000,52.0000,52,0,双开,B,7274.0000,0.0000,0.0000,0.0000,0.0000,7276.0000,0.0000,0.0000,0.0000,0.0000,31,0,0,0,0,226,0,0,0,0
zc,TA209,2012-06-06 09:03:40.227,7276.0000,476256,0,0.0000,0.0000,0,0,多换,B,7274.0000,0.0000,0.0000,0.0000,0.0000,7276.0000,0.0000,0.0000,0.0000,0.0000,28,0,0,0,0,228,0,0,0,0
zc,TA209,2012-06-06 09:03:40.710,7276.0000,476280,24,0.0000,26.0000,25,1,多开,B,7274.0000,0.0000,0.0000,0.0000,0.0000,7276.0000,0.0000,0.0000,0.0000,0.0000,29,0,0,0,0,215,0,0,0,0
zc,TA209,2012-06-06 09:03:41.490,7278.0000,476708,428,0.0000,460.0000,444,16,多开,B,7276.0000,0.0000,0.0000,0.0000,0.0000,7278.0000,0.0000,0.0000,0.0000,0.0000,7,0,0,0,0,475,0,0,0,0
zc,TA209,2012-06-06 09:03:41.960,7276.0000,476712,4,0.0000,26.0000,15,11,空开,S,7276.0000,0.0000,0.0000,0.0000,0.0000,7278.0000,0.0000,0.0000,0.0000,0.0000,16,0,0,0,0,475,0,0,0,0
zc,TA209,2012-06-06 09:03:42.740,7274.0000,476734,22,0.0000,42.0000,32,10,空开,S,7274.0000,0.0000,0.0000,0.0000,0.0000,7278.0000,0.0000,0.0000,0.0000,0.0000,77,0,0,0,0,475,0,0,0,0
zc,TA209,2012-06-06 09:03:43.477,7276.0000,476770,36,0.0000,58.0000,47,11,多开,B,7276.0000,0.0000,0.0000,0.0000,0.0000,7278.0000,0.0000,0.0000,0.0000,0.0000,19,0,0,0,0,470,0,0,0,0
zc,TA209,2012-06-06 09:03:43.960,7276.0000,476770,0,0.0000,20.0000,10,10,多换,B,7276.0000,0.0000,0.0000,0.0000,0.0000,7278.0000,0.0000,0.0000,0.0000,0.0000,16,0,0,0,0,491,0,0,0,0
zc,TA209,2012-06-06 09:03:44.490,7278.0000,476854,84,0.0000,1024.0000,554,470,多开,B,7278.0000,0.0000,0.0000,0.0000,0.0000,7280.0000,0.0000,0.0000,0.0000,0.0000,8,0,0,0,0,207,0,0,0,0
zc,TA209,2012-06-06 09:03:44.960,7278.0000,476854,0,0.0000,2.0000,1,1,多换,B,7278.0000,0.0000,0.0000,0.0000,0.0000,7280.0000,0.0000,0.0000,0.0000,0.0000,7,0,0,0,0,207,0,0,0,0
zc,TA209,2012-06-06 09:03:45.727,7280.0000,476854,0,0.0000,2.0000,1,1,多换,B,7278.0000,0.0000,0.0000,0.0000,0.0000,7280.0000,0.0000,0.0000,0.0000,0.0000,52,0,0,0,0,206,0,0,0,0
zc,TA209,2012-06-06 09:03:46.227,7280.0000,476862,8,0.0000,30.0000,19,11,多开,B,7278.0000,0.0000,0.0000,0.0000,0.0000,7280.0000,0.0000,0.0000,0.0000,0.0000,47,0,0,0,0,199,0,0,0,0
zc,TA209,2012-06-06 09:03:46.740,7278.0000,476718,-144,0.0000,182.0000,19,163,多平,S,7276.0000,0.0000,0.0000,0.0000,0.0000,7278.0000,0.0000,0.0000,0.0000,0.0000,104,0,0,0,0,10,0,0,0,0
zc,TA209,2012-06-06 09:03:47.197,7278.0000,476706,-12,0.0000,18.0000,3,15,多平,S,7276.0000,0.0000,0.0000,0.0000,0.0000,7278.0000,0.0000,0.0000,0.0000,0.0000,104,0,0,0,0,4,0,0,0,0
zc,TA209,2012-06-06 09:03:47.977,7276.0000,476724,18,0.0000,106.0000,62,44,空开,S,7276.0000,0.0000,0.0000,0.0000,0.0000,7280.0000,0.0000,0.0000,0.0000,0.0000,127,0,0,0,0,104,0,0,0,0
zc,TA209,2012-06-06 09:03:48.740,7278.0000,476726,2,0.0000,10.0000,6,4,多开,B,7276.0000,0.0000,0.0000,0.0000,0.0000,7278.0000,0.0000,0.0000,0.0000,0.0000,131,0,0,0,0,10,0,0,0,0
zc,TA209,2012-06-06 09:03:49.197,7280.0000,476748,22,0.0000,28.0000,25,3,多开,B,7278.0000,0.0000,0.0000,0.0000,0.0000,7280.0000,0.0000,0.0000,0.0000,0.0000,318,0,0,0,0,107,0,0,0,0
zc,TA209,2012-06-06 09:03:49.710,7280.0000,476752,4,0.0000,10.0000,7,3,多开,B,7278.0000,0.0000,0.0000,0.0000,0.0000,7280.0000,0.0000,0.0000,0.0000,0.0000,345,0,0,0,0,105,0,0,0,0
zc,TA209,2012-06-06 09:03:50.477,7280.0000,476612,-140,0.0000,194.0000,27,167,空平,B,7278.0000,0.0000,0.0000,0.0000,0.0000,7280.0000,0.0000,0.0000,0.0000,0.0000,344,0,0,0,0,12,0,0,0,0
zc,TA209,2012-06-06 09:03:51.257,7282.0000,476766,154,0.0000,220.0000,187,33,多开,B,7282.0000,0.0000,0.0000,0.0000,0.0000,7284.0000,0.0000,0.0000,0.0000,0.0000,17,0,0,0,0,65,0,0,0,0
zc,TA209,2012-06-06 09:03:51.490,7280.0000,476818,52,0.0000,90.0000,71,19,空开,S,7280.0000,0.0000,0.0000,0.0000,0.0000,7284.0000,0.0000,0.0000,0.0000,0.0000,188,0,0,0,0,69,0,0,0,0
zc,TA209,2012-06-06 09:03:52.210,7280.0000,476796,-22,0.0000,22.0000,0,22,双平,S,7280.0000,0.0000,0.0000,0.0000,0.0000,7282.0000,0.0000,0.0000,0.0000,0.0000,205,0,0,0,0,1,0,0,0,0
zc,TA209,2012-06-06 09:03:52.773,7284.0000,476782,-14,0.0000,114.0000,50,64,空平,B,7282.0000,0.0000,0.0000,0.0000,0.0000,7284.0000,0.0000,0.0000,0.0000,0.0000,4,0,0,0,0,46,0,0,0,0
zc,TA209,2012-06-06 09:03:53.460,7284.0000,476782,0,0.0000,4.0000,2,2,多换,B,7282.0000,0.0000,0.0000,0.0000,0.0000,7284.0000,0.0000,0.0000,0.0000,0.0000,146,0,0,0,0,55,0,0,0,0
zc,TA209,2012-06-06 09:03:53.960,7282.0000,476784,2,0.0000,2.0000,2,0,双开,S,7282.0000,0.0000,0.0000,0.0000,0.0000,7284.0000,0.0000,0.0000,0.0000,0.0000,155,0,0,0,0,55,0,0,0,0
zc,TA209,2012-06-06 09:03:54.710,7284.0000,476692,-92,0.0000,180.0000,44,136,空平,B,7284.0000,0.0000,0.0000,0.0000,0.0000,7286.0000,0.0000,0.0000,0.0000,0.0000,2,0,0,0,0,81,0,0,0,0
zc,TA209,2012-06-06 09:03:55.227,7284.0000,476706,14,0.0000,22.0000,18,4,多开,B,7284.0000,0.0000,0.0000,0.0000,0.0000,7286.0000,0.0000,0.0000,0.0000,0.0000,97,0,0,0,0,87,0,0,0,0
zc,TA209,2012-06-06 09:03:55.960,7284.0000,476706,0,0.0000,8.0000,4,4,多换,B,7284.0000,0.0000,0.0000,0.0000,0.0000,7286.0000,0.0000,0.0000,0.0000,0.0000,160,0,0,0,0,81,0,0,0,0
zc,TA209,2012-06-06 09:03:56.460,7286.0000,476804,98,0.0000,152.0000,125,27,多开,B,7284.0000,0.0000,0.0000,0.0000,0.0000,7286.0000,0.0000,0.0000,0.0000,0.0000,441,0,0,0,0,35,0,0,0,0
zc,TA209,2012-06-06 09:03:57.257,7288.0000,476776,-28,0.0000,90.0000,31,59,空平,B,7286.0000,0.0000,0.0000,0.0000,0.0000,7288.0000,0.0000,0.0000,0.0000,0.0000,76,0,0,0,0,678,0,0,0,0
zc,TA209,2012-06-06 09:03:57.757,7286.0000,476748,-28,0.0000,36.0000,4,32,多平,S,7286.0000,0.0000,0.0000,0.0000,0.0000,7288.0000,0.0000,0.0000,0.0000,0.0000,83,0,0,0,0,679,0,0,0,0
zc,TA209,2012-06-06 09:03:58.477,7286.0000,476780,32,0.0000,194.0000,113,81,空开,S,7284.0000,0.0000,0.0000,0.0000,0.0000,7286.0000,0.0000,0.0000,0.0000,0.0000,485,0,0,0,0,347,0,0,0,0
zc,TA209,2012-06-06 09:03:58.977,7284.0000,476996,216,0.0000,218.0000,217,1,空开,S,7284.0000,0.0000,0.0000,0.0000,0.0000,7286.0000,0.0000,0.0000,0.0000,0.0000,392,0,0,0,0,371,0,0,0,0
zc,TA209,2012-06-06 09:03:59.740,7286.0000,477032,36,0.0000,38.0000,37,1,多开,B,7284.0000,0.0000,0.0000,0.0000,0.0000,7286.0000,0.0000,0.0000,0.0000,0.0000,436,0,0,0,0,368,0,0,0,0
zc,TA209,2012-06-06 09:04:00.210,7286.0000,477032,0,0.0000,46.0000,23,23,多换,B,7284.0000,0.0000,0.0000,0.0000,0.0000,7286.0000,0.0000,0.0000,0.0000,0.0000,435,0,0,0,0,352,0,0,0,0
zc,TA209,2012-06-06 09:04:00.710,7284.0000,477136,104,0.0000,114.0000,109,5,空开,S,7284.0000,0.0000,0.0000,0.0000,0.0000,7286.0000,0.0000,0.0000,0.0000,0.0000,434,0,0,0,0,300,0,0,0,0
zc,TA209,2012-06-06 09:04:01.477,7286.0000,477172,36,0.0000,40.0000,38,2,多开,B,7284.0000,0.0000,0.0000,0.0000,0.0000,7286.0000,0.0000,0.0000,0.0000,0.0000,434,0,0,0,0,280,0,0,0,0
zc,TA209,2012-06-06 09:04:01.960,7286.0000,477202,30,0.0000,30.0000,30,0,双开,B,7284.0000,0.0000,0.0000,0.0000,0.0000,7286.0000,0.0000,0.0000,0.0000,0.0000,434,0,0,0,0,269,0,0,0,0
zc,TA209,2012-06-06 09:04:02.727,7286.0000,477218,16,0.0000,18.0000,17,1,多开,B,7284.0000,0.0000,0.0000,0.0000,0.0000,7286.0000,0.0000,0.0000,0.0000,0.0000,427,0,0,0,0,271,0,0,0,0
zc,TA209,2012-06-06 09:04:03.227,7284.0000,477234,16,0.0000,54.0000,35,19,空开,S,7284.0000,0.0000,0.0000,0.0000,0.0000,7286.0000,0.0000,0.0000,0.0000,0.0000,112,0,0,0,0,272,0,0,0,0
zc,TA209,2012-06-06 09:04:03.977,7284.0000,477470,236,0.0000,238.0000,237,1,空开,S,7282.0000,0.0000,0.0000,0.0000,0.0000,7284.0000,0.0000,0.0000,0.0000,0.0000,248,0,0,0,0,48,0,0,0,0
zc,TA209,2012-06-06 09:04:04.477,7282.0000,477728,258,0.0000,348.0000,303,45,空开,S,7282.0000,0.0000,0.0000,0.0000,0.0000,7284.0000,0.0000,0.0000,0.0000,0.0000,125,0,0,0,0,165,0,0,0,0
zc,TA209,2012-06-06 09:04:05.227,7284.0000,477736,8,0.0000,10.0000,9,1,多开,B,7282.0000,0.0000,0.0000,0.0000,0.0000,7284.0000,0.0000,0.0000,0.0000,0.0000,121,0,0,0,0,109,0,0,0,0
zc,TA209,2012-06-06 09:04:05.697,7284.0000,477734,-2,0.0000,6.0000,2,4,空平,B,7282.0000,0.0000,0.0000,0.0000,0.0000,7284.0000,0.0000,0.0000,0.0000,0.0000,121,0,0,0,0,145,0,0,0,0
zc,TA209,2012-06-06 09:04:06.477,7282.0000,477734,0,0.0000,12.0000,6,6,空换,S,7282.0000,0.0000,0.0000,0.0000,0.0000,7284.0000,0.0000,0.0000,0.0000,0.0000,129,0,0,0,0,148,0,0,0,0
zc,TA209,2012-06-06 09:04:06.990,7284.0000,477734,0,0.0000,24.0000,12,12,多换,B,7282.0000,0.0000,0.0000,0.0000,0.0000,7284.0000,0.0000,0.0000,0.0000,0.0000,125,0,0,0,0,165,0,0,0,0
zc,TA209,2012-06-06 09:04:07.490,7284.0000,477732,-2,0.0000,34.0000,16,18,空平,B,7282.0000,0.0000,0.0000,0.0000,0.0000,7284.0000,0.0000,0.0000,0.0000,0.0000,129,0,0,0,0,149,0,0,0,0
zc,TA209,2012-06-06 09:04:08.227,7284.0000,477732,0,0.0000,52.0000,26,26,多换,B,7282.0000,0.0000,0.0000,0.0000,0.0000,7284.0000,0.0000,0.0000,0.0000,0.0000,128,0,0,0,0,138,0,0,0,0
zc,TA209,2012-06-06 09:04:08.710,7282.0000,477746,14,0.0000,34.0000,24,10,空开,S,7282.0000,0.0000,0.0000,0.0000,0.0000,7284.0000,0.0000,0.0000,0.0000,0.0000,137,0,0,0,0,137,0,0,0,0
zc,TA209,2012-06-06 09:04:09.460,7284.0000,477746,0,0.0000,26.0000,13,13,多换,B,7282.0000,0.0000,0.0000,0.0000,0.0000,7284.0000,0.0000,0.0000,0.0000,0.0000,131,0,0,0,0,133,0,0,0,0
zc,TA209,2012-06-06 09:04:10.023,7280.0000,477710,-36,0.0000,288.0000,126,162,多平,S,7280.0000,0.0000,0.0000,0.0000,0.0000,7284.0000,0.0000,0.0000,0.0000,0.0000,39,0,0,0,0,131,0,0,0,0
zc,TA209,2012-06-06 09:04:10.740,7284.0000,477690,-20,0.0000,54.0000,17,37,空平,B,7280.0000,0.0000,0.0000,0.0000,0.0000,7282.0000,0.0000,0.0000,0.0000,0.0000,40,0,0,0,0,1,0,0,0,0
zc,TA209,2012-06-06 09:04:11.210,7280.0000,477688,-2,0.0000,8.0000,3,5,多平,S,7280.0000,0.0000,0.0000,0.0000,0.0000,7282.0000,0.0000,0.0000,0.0000,0.0000,41,0,0,0,0,1,0,0,0,0
zc,TA209,2012-06-06 09:04:11.977,7282.0000,477690,2,0.0000,28.0000,15,13,多开,B,7280.0000,0.0000,0.0000,0.0000,0.0000,7282.0000,0.0000,0.0000,0.0000,0.0000,40,0,0,0,0,6,0,0,0,0
zc,TA209,2012-06-06 09:04:12.523,7282.0000,477690,0,0.0000,0.0000,0,0,多换,B,7280.0000,0.0000,0.0000,0.0000,0.0000,7282.0000,0.0000,0.0000,0.0000,0.0000,68,0,0,0,0,9,0,0,0,0
zc,TA209,2012-06-06 09:04:13.257,7280.0000,477692,2,0.0000,74.0000,38,36,空开,S,7280.0000,0.0000,0.0000,0.0000,0.0000,7282.0000,0.0000,0.0000,0.0000,0.0000,26,0,0,0,0,10,0,0,0,0
zc,TA209,2012-06-06 09:04:13.757,7282.0000,477680,-12,0.0000,24.0000,6,18,空平,B,7280.0000,0.0000,0.0000,0.0000,0.0000,7282.0000,0.0000,0.0000,0.0000,0.0000,16,0,0,0,0,15,0,0,0,0
zc,TA209,2012-06-06 09:04:14.227,7280.0000,477648,-32,0.0000,80.0000,24,56,多平,S,7278.0000,0.0000,0.0000,0.0000,0.0000,7280.0000,0.0000,0.0000,0.0000,0.0000,97,0,0,0,0,57,0,0,0,0
zc,TA209,2012-06-06 09:04:14.990,7280.0000,477650,2,0.0000,24.0000,13,11,空开,S,7278.0000,0.0000,0.0000,0.0000,0.0000,7282.0000,0.0000,0.0000,0.0000,0.0000,98,0,0,0,0,18,0,0,0,0
zc,TA209,2012-06-06 09:04:15.490,7282.0000,477574,-76,0.0000,110.0000,17,93,空平,B,7282.0000,0.0000,0.0000,0.0000,0.0000,7284.0000,0.0000,0.0000,0.0000,0.0000,149,0,0,0,0,121,0,0,0,0
zc,TA209,2012-06-06 09:04:16.210,7282.0000,477570,-4,0.0000,68.0000,32,36,空平,B,7282.0000,0.0000,0.0000,0.0000,0.0000,7284.0000,0.0000,0.0000,0.0000,0.0000,120,0,0,0,0,118,0,0,0,0
zc,TA209,2012-06-06 09:04:16.710,7282.0000,477560,-10,0.0000,10.0000,0,10,双平,B,7282.0000,0.0000,0.0000,0.0000,0.0000,7284.0000,0.0000,0.0000,0.0000,0.0000,125,0,0,0,0,123,0,0,0,0
zc,TA209,2012-06-06 09:04:17.477,7282.0000,477560,0,0.0000,8.0000,4,4,多换,B,7282.0000,0.0000,0.0000,0.0000,0.0000,7284.0000,0.0000,0.0000,0.0000,0.0000,121,0,0,0,0,122,0,0,0,0
zc,TA209,2012-06-06 09:04:17.977,7282.0000,477514,-46,0.0000,120.0000,37,83,空平,B,7282.0000,0.0000,0.0000,0.0000,0.0000,7284.0000,0.0000,0.0000,0.0000,0.0000,72,0,0,0,0,116,0,0,0,0
zc,TA209,2012-06-06 09:04:18.697,7282.0000,477494,-20,0.0000,90.0000,35,55,空平,B,7282.0000,0.0000,0.0000,0.0000,0.0000,7284.0000,0.0000,0.0000,0.0000,0.0000,30,0,0,0,0,116,0,0,0,0
zc,TA209,2012-06-06 09:04:19.273,7280.0000,477498,4,0.0000,84.0000,44,40,空开,S,7280.0000,0.0000,0.0000,0.0000,0.0000,7282.0000,0.0000,0.0000,0.0000,0.0000,15,0,0,0,0,27,0,0,0,0
zc,TA209,2012-06-06 09:04:19.990,7282.0000,477498,0,0.0000,2.0000,1,1,多换,B,7280.0000,0.0000,0.0000,0.0000,0.0000,7282.0000,0.0000,0.0000,0.0000,0.0000,54,0,0,0,0,44,0,0,0,0
zc,TA209,2012-06-06 09:04:20.507,7282.0000,477474,-24,0.0000,78.0000,27,51,空平,B,7280.0000,0.0000,0.0000,0.0000,0.0000,7282.0000,0.0000,0.0000,0.0000,0.0000,45,0,0,0,0,66,0,0,0,0
zc,TA209,2012-06-06 09:04:21.257,7282.0000,477452,-22,0.0000,70.0000,24,46,空平,B,7280.0000,0.0000,0.0000,0.0000,0.0000,7282.0000,0.0000,0.0000,0.0000,0.0000,43,0,0,0,0,34,0,0,0,0
zc,TA209,2012-06-06 09:04:21.740,7280.0000,477454,2,0.0000,50.0000,26,24,空开,S,7280.0000,0.0000,0.0000,0.0000,0.0000,7282.0000,0.0000,0.0000,0.0000,0.0000,95,0,0,0,0,22,0,0,0,0
zc,TA209,2012-06-06 09:04:22.477,7282.0000,477390,-64,0.0000,84.0000,10,74,空平,B,7282.0000,0.0000,0.0000,0.0000,0.0000,7284.0000,0.0000,0.0000,0.0000,0.0000,84,0,0,0,0,150,0,0,0,0
zc,TA209,2012-06-06 09:04:22.727,7282.0000,477388,-2,0.0000,16.0000,7,9,空平,B,7282.0000,0.0000,0.0000,0.0000,0.0000,7284.0000,0.0000,0.0000,0.0000,0.0000,76,0,0,0,0,150,0,0,0,0
zc,TA209,2012-06-06 09:04:23.460,7282.0000,477382,-6,0.0000,8.0000,1,7,空平,B,7282.0000,0.0000,0.0000,0.0000,0.0000,7284.0000,0.0000,0.0000,0.0000,0.0000,281,0,0,0,0,150,0,0,0,0
zc,TA209,2012-06-06 09:04:23.930,7282.0000,477380,-2,0.0000,12.0000,5,7,空平,B,7282.0000,0.0000,0.0000,0.0000,0.0000,7284.0000,0.0000,0.0000,0.0000,0.0000,280,0,0,0,0,151,0,0,0,0
zc,TA209,2012-06-06 09:04:24.697,7284.0000,477300,-80,0.0000,122.0000,21,101,空平,B,7282.0000,0.0000,0.0000,0.0000,0.0000,7284.0000,0.0000,0.0000,0.0000,0.0000,259,0,0,0,0,111,0,0,0,0
zc,TA209,2012-06-06 09:04:25.430,7284.0000,477308,8,0.0000,146.0000,77,69,多开,B,7282.0000,0.0000,0.0000,0.0000,0.0000,7284.0000,0.0000,0.0000,0.0000,0.0000,209,0,0,0,0,91,0,0,0,0
zc,TA209,2012-06-06 09:04:25.727,7284.0000,477224,-84,0.0000,142.0000,29,113,空平,B,7282.0000,0.0000,0.0000,0.0000,0.0000,7284.0000,0.0000,0.0000,0.0000,0.0000,211,0,0,0,0,43,0,0,0,0
zc,TA209,2012-06-06 09:04:26.477,7284.0000,477416,192,0.0000,208.0000,200,8,多开,B,7282.0000,0.0000,0.0000,0.0000,0.0000,7284.0000,0.0000,0.0000,0.0000,0.0000,111,0,0,0,0,40,0,0,0,0
zc,TA209,2012-06-06 09:04:26.977,7282.0000,477424,8,0.0000,22.0000,15,7,空开,S,7282.0000,0.0000,0.0000,0.0000,0.0000,7284.0000,0.0000,0.0000,0.0000,0.0000,101,0,0,0,0,39,0,0,0,0
zc,TA209,2012-06-06 09:04:27.727,7282.0000,477638,214,0.0000,238.0000,226,12,空开,S,7280.0000,0.0000,0.0000,0.0000,0.0000,7282.0000,0.0000,0.0000,0.0000,0.0000,398,0,0,0,0,106,0,0,0,0
zc,TA209,2012-06-06 09:04:28.210,7282.0000,477650,12,0.0000,12.0000,12,0,双开,S,7280.0000,0.0000,0.0000,0.0000,0.0000,7282.0000,0.0000,0.0000,0.0000,0.0000,399,0,0,0,0,100,0,0,0,0
zc,TA209,2012-06-06 09:04:29.007,7282.0000,477700,50,0.0000,50.0000,50,0,双开,S,7280.0000,0.0000,0.0000,0.0000,0.0000,7282.0000,0.0000,0.0000,0.0000,0.0000,401,0,0,0,0,77,0,0,0,0
zc,TA209,2012-06-06 09:04:29.507,7282.0000,477668,-32,0.0000,176.0000,72,104,多平,S,7282.0000,0.0000,0.0000,0.0000,0.0000,7284.0000,0.0000,0.0000,0.0000,0.0000,36,0,0,0,0,48,0,0,0,0
zc,TA209,2012-06-06 09:04:30.240,7284.0000,477668,0,0.0000,10.0000,5,5,多换,B,7282.0000,0.0000,0.0000,0.0000,0.0000,7284.0000,0.0000,0.0000,0.0000,0.0000,403,0,0,0,0,45,0,0,0,0
zc,TA209,2012-06-06 09:04:30.710,7282.0000,477668,0,0.0000,2.0000,1,1,空换,S,7282.0000,0.0000,0.0000,0.0000,0.0000,7284.0000,0.0000,0.0000,0.0000,0.0000,457,0,0,0,0,48,0,0,0,0
zc,TA209,2012-06-06 09:04:31.477,7284.0000,477616,-52,0.0000,102.0000,25,77,空平,B,7284.0000,0.0000,0.0000,0.0000,0.0000,7286.0000,0.0000,0.0000,0.0000,0.0000,33,0,0,0,0,471,0,0,0,0
zc,TA209,2012-06-06 09:04:31.960,7284.0000,477612,-4,0.0000,6.0000,1,5,空平,B,7284.0000,0.0000,0.0000,0.0000,0.0000,7286.0000,0.0000,0.0000,0.0000,0.0000,32,0,0,0,0,470,0,0,0,0
zc,TA209,2012-06-06 09:04:32.727,7284.0000,477598,-14,0.0000,14.0000,0,14,双平,B,7284.0000,0.0000,0.0000,0.0000,0.0000,7286.0000,0.0000,0.0000,0.0000,0.0000,25,0,0,0,0,470,0,0,0,0
zc,TA209,2012-06-06 09:04:33.180,7286.0000,477602,4,0.0000,8.0000,6,2,多开,B,7284.0000,0.0000,0.0000,0.0000,0.0000,7286.0000,0.0000,0.0000,0.0000,0.0000,27,0,0,0,0,466,0,0,0,0
zc,TA209,2012-06-06 09:04:33.710,7284.0000,477604,2,0.0000,10.0000,6,4,空开,S,7284.0000,0.0000,0.0000,0.0000,0.0000,7286.0000,0.0000,0.0000,0.0000,0.0000,54,0,0,0,0,460,0,0,0,0
zc,TA209,2012-06-06 09:04:34.460,7284.0000,477604,0,0.0000,12.0000,6,6,空换,S,7284.0000,0.0000,0.0000,0.0000,0.0000,7286.0000,0.0000,0.0000,0.0000,0.0000,51,0,0,0,0,452,0,0,0,0
zc,TA209,2012-06-06 09:04:35.007,7284.0000,477666,62,0.0000,134.0000,98,36,空开,S,7282.0000,0.0000,0.0000,0.0000,0.0000,7284.0000,0.0000,0.0000,0.0000,0.0000,520,0,0,0,0,70,0,0,0,0
zc,TA209,2012-06-06 09:04:35.727,7284.0000,477670,4,0.0000,6.0000,5,1,空开,S,7282.0000,0.0000,0.0000,0.0000,0.0000,7284.0000,0.0000,0.0000,0.0000,0.0000,520,0,0,0,0,86,0,0,0,0
zc,TA209,2012-06-06 09:04:35.977,7284.0000,477718,48,0.0000,54.0000,51,3,空开,S,7282.0000,0.0000,0.0000,0.0000,0.0000,7284.0000,0.0000,0.0000,0.0000,0.0000,520,0,0,0,0,61,0,0,0,0
zc,TA209,2012-06-06 09:04:36.757,7284.0000,477734,16,0.0000,18.0000,17,1,空开,S,7282.0000,0.0000,0.0000,0.0000,0.0000,7284.0000,0.0000,0.0000,0.0000,0.0000,516,0,0,0,0,93,0,0,0,0
zc,TA209,2012-06-06 09:04:37.240,7282.0000,477730,-4,0.0000,4.0000,0,4,双平,S,7282.0000,0.0000,0.0000,0.0000,0.0000,7284.0000,0.0000,0.0000,0.0000,0.0000,615,0,0,0,0,96,0,0,0,0
zc,TA209,2012-06-06 09:04:38.007,7284.0000,477738,8,0.0000,222.0000,115,107,多开,B,7284.0000,0.0000,0.0000,0.0000,0.0000,7286.0000,0.0000,0.0000,0.0000,0.0000,272,0,0,0,0,472,0,0,0,0
zc,TA209,2012-06-06 09:04:38.460,7284.0000,477740,2,0.0000,4.0000,3,1,多开,B,7284.0000,0.0000,0.0000,0.0000,0.0000,7286.0000,0.0000,0.0000,0.0000,0.0000,270,0,0,0,0,472,0,0,0,0
zc,TA209,2012-06-06 09:04:39.227,7286.0000,477518,-222,0.0000,910.0000,344,566,空平,B,7284.0000,0.0000,0.0000,0.0000,0.0000,7286.0000,0.0000,0.0000,0.0000,0.0000,272,0,0,0,0,21,0,0,0,0
zc,TA209,2012-06-06 09:04:39.710,7286.0000,477714,196,0.0000,358.0000,277,81,多开,B,7286.0000,0.0000,0.0000,0.0000,0.0000,7288.0000,0.0000,0.0000,0.0000,0.0000,130,0,0,0,0,900,0,0,0,0
zc,TA209,2012-06-06 09:04:40.460,7284.0000,478226,512,0.0000,514.0000,513,1,空开,S,7286.0000,0.0000,0.0000,0.0000,0.0000,7288.0000,0.0000,0.0000,0.0000,0.0000,150,0,0,0,0,896,0,0,0,0
zc,TA209,2012-06-06 09:04:40.960,7288.0000,478162,-64,0.0000,318.0000,127,191,空平,B,7286.0000,0.0000,0.0000,0.0000,0.0000,7288.0000,0.0000,0.0000,0.0000,0.0000,2,0,0,0,0,894,0,0,0,0
zc,TA209,2012-06-06 09:04:41.447,7288.0000,478162,0,0.0000,0.0000,0,0,多换,B,7286.0000,0.0000,0.0000,0.0000,0.0000,7288.0000,0.0000,0.0000,0.0000,0.0000,2,0,0,0,0,893,0,0,0,0
zc,TA209,2012-06-06 09:04:41.977,7286.0000,478138,-24,0.0000,28.0000,2,26,多平,S,7286.0000,0.0000,0.0000,0.0000,0.0000,7288.0000,0.0000,0.0000,0.0000,0.0000,1,0,0,0,0,883,0,0,0,0
zc,TA209,2012-06-06 09:04:42.523,7288.0000,478040,-98,0.0000,174.0000,38,136,空平,B,7284.0000,0.0000,0.0000,0.0000,0.0000,7286.0000,0.0000,0.0000,0.0000,0.0000,171,0,0,0,0,2,0,0,0,0
zc,TA209,2012-06-06 09:04:43.240,7288.0000,478034,-6,0.0000,64.0000,29,35,空平,B,7284.0000,0.0000,0.0000,0.0000,0.0000,7288.0000,0.0000,0.0000,0.0000,0.0000,171,0,0,0,0,821,0,0,0,0
zc,TA209,2012-06-06 09:04:43.727,7288.0000,478034,0,0.0000,12.0000,6,6,多换,B,7284.0000,0.0000,0.0000,0.0000,0.0000,7288.0000,0.0000,0.0000,0.0000,0.0000,171,0,0,0,0,815,0,0,0,0
zc,TA209,2012-06-06 09:04:44.460,7286.0000,477988,-46,0.0000,64.0000,9,55,多平,S,7284.0000,0.0000,0.0000,0.0000,0.0000,7288.0000,0.0000,0.0000,0.0000,0.0000,176,0,0,0,0,742,0,0,0,0
zc,TA209,2012-06-06 09:04:44.977,7284.0000,477992,4,0.0000,36.0000,20,16,空开,S,7286.0000,0.0000,0.0000,0.0000,0.0000,7288.0000,0.0000,0.0000,0.0000,0.0000,2,0,0,0,0,728,0,0,0,0
zc,TA209,2012-06-06 09:04:45.490,7288.0000,477592,-400,0.0000,448.0000,24,424,空平,B,7284.0000,0.0000,0.0000,0.0000,0.0000,7288.0000,0.0000,0.0000,0.0000,0.0000,257,0,0,0,0,508,0,0,0,0
zc,TA209,2012-06-06 09:04:46.210,7288.0000,477590,-2,0.0000,48.0000,23,25,空平,B,7286.0000,0.0000,0.0000,0.0000,0.0000,7288.0000,0.0000,0.0000,0.0000,0.0000,101,0,0,0,0,482,0,0,0,0
zc,TA209,2012-06-06 09:04:46.710,7284.0000,477730,140,0.0000,340.0000,240,100,空开,S,7284.0000,0.0000,0.0000,0.0000,0.0000,7288.0000,0.0000,0.0000,0.0000,0.0000,222,0,0,0,0,482,0,0,0,0
zc,TA209,2012-06-06 09:04:47.227,7288.0000,477424,-306,0.0000,908.0000,301,607,空平,B,7284.0000,0.0000,0.0000,0.0000,0.0000,7286.0000,0.0000,0.0000,0.0000,0.0000,226,0,0,0,0,3,0,0,0,0
zc,TA209,2012-06-06 09:04:47.727,7286.0000,477426,2,0.0000,8.0000,5,3,空开,S,7284.0000,0.0000,0.0000,0.0000,0.0000,7286.0000,0.0000,0.0000,0.0000,0.0000,288,0,0,0,0,2,0,0,0,0
zc,TA209,2012-06-06 09:04:48.507,7286.0000,477444,18,0.0000,72.0000,45,27,空开,S,7286.0000,0.0000,0.0000,0.0000,0.0000,7288.0000,0.0000,0.0000,0.0000,0.0000,55,0,0,0,0,22,0,0,0,0
zc,TA209,2012-06-06 09:04:48.977,7286.0000,477686,242,0.0000,244.0000,243,1,空开,S,7286.0000,0.0000,0.0000,0.0000,0.0000,7288.0000,0.0000,0.0000,0.0000,0.0000,29,0,0,0,0,21,0,0,0,0
zc,TA209,2012-06-06 09:04:49.757,7288.0000,477664,-22,0.0000,42.0000,10,32,空平,B,7288.0000,0.0000,0.0000,0.0000,0.0000,7290.0000,0.0000,0.0000,0.0000,0.0000,79,0,0,0,0,373,0,0,0,0
zc,TA209,2012-06-06 09:04:50.257,7286.0000,477480,-184,0.0000,254.0000,35,219,多平,S,7286.0000,0.0000,0.0000,0.0000,0.0000,7288.0000,0.0000,0.0000,0.0000,0.0000,187,0,0,0,0,4,0,0,0,0
zc,TA209,2012-06-06 09:04:50.773,7286.0000,477480,0,0.0000,6.0000,3,3,空换,S,7286.0000,0.0000,0.0000,0.0000,0.0000,7288.0000,0.0000,0.0000,0.0000,0.0000,192,0,0,0,0,6,0,0,0,0
zc,TA209,2012-06-06 09:04:51.490,7286.0000,477462,-18,0.0000,80.0000,31,49,多平,S,7288.0000,0.0000,0.0000,0.0000,0.0000,7290.0000,0.0000,0.0000,0.0000,0.0000,3,0,0,0,0,387,0,0,0,0
zc,TA209,2012-06-06 09:04:52.240,7290.0000,477470,8,0.0000,26.0000,17,9,多开,B,7288.0000,0.0000,0.0000,0.0000,0.0000,7290.0000,0.0000,0.0000,0.0000,0.0000,3,0,0,0,0,376,0,0,0,0
zc,TA209,2012-06-06 09:04:52.977,7290.0000,477484,14,0.0000,32.0000,23,9,多开,B,7288.0000,0.0000,0.0000,0.0000,0.0000,7290.0000,0.0000,0.0000,0.0000,0.0000,63,0,0,0,0,374,0,0,0,0
zc,TA209,2012-06-06 09:04:53.197,7290.0000,477534,50,0.0000,72.0000,61,11,多开,B,7288.0000,0.0000,0.0000,0.0000,0.0000,7290.0000,0.0000,0.0000,0.0000,0.0000,63,0,0,0,0,341,0,0,0,0
zc,TA209,2012-06-06 09:04:54.007,7290.0000,477526,-8,0.0000,82.0000,37,45,空平,B,7288.0000,0.0000,0.0000,0.0000,0.0000,7290.0000,0.0000,0.0000,0.0000,0.0000,73,0,0,0,0,306,0,0,0,0
zc,TA209,2012-06-06 09:04:54.460,7288.0000,477526,0,0.0000,88.0000,44,44,空换,S,7288.0000,0.0000,0.0000,0.0000,0.0000,7290.0000,0.0000,0.0000,0.0000,0.0000,31,0,0,0,0,304,0,0,0,0
zc,TA209,2012-06-06 09:04:55.257,7288.0000,477550,24,0.0000,82.0000,53,29,空开,S,7288.0000,0.0000,0.0000,0.0000,0.0000,7290.0000,0.0000,0.0000,0.0000,0.0000,29,0,0,0,0,272,0,0,0,0
zc,TA209,2012-06-06 09:04:55.757,7288.0000,477546,-4,0.0000,24.0000,10,14,多平,S,7288.0000,0.0000,0.0000,0.0000,0.0000,7290.0000,0.0000,0.0000,0.0000,0.0000,29,0,0,0,0,267,0,0,0,0
zc,TA209,2012-06-06 09:04:56.490,7290.0000,477548,2,0.0000,60.0000,31,29,多开,B,7288.0000,0.0000,0.0000,0.0000,0.0000,7290.0000,0.0000,0.0000,0.0000,0.0000,26,0,0,0,0,249,0,0,0,0
zc,TA209,2012-06-06 09:04:56.990,7290.0000,477572,24,0.0000,30.0000,27,3,多开,B,7288.0000,0.0000,0.0000,0.0000,0.0000,7290.0000,0.0000,0.0000,0.0000,0.0000,22,0,0,0,0,239,0,0,0,0
zc,TA209,2012-06-06 09:04:57.697,7290.0000,477584,12,0.0000,16.0000,14,2,多开,B,7288.0000,0.0000,0.0000,0.0000,0.0000,7290.0000,0.0000,0.0000,0.0000,0.0000,20,0,0,0,0,232,0,0,0,0
zc,TA209,2012-06-06 09:04:58.257,7288.0000,477612,28,0.0000,58.0000,43,15,空开,S,7286.0000,0.0000,0.0000,0.0000,0.0000,7288.0000,0.0000,0.0000,0.0000,0.0000,236,0,0,0,0,8,0,0,0,0
zc,TA209,2012-06-06 09:04:58.710,7288.0000,477624,12,0.0000,38.0000,25,13,空开,S,7286.0000,0.0000,0.0000,0.0000,0.0000,7288.0000,0.0000,0.0000,0.0000,0.0000,236,0,0,0,0,77,0,0,0,0
zc,TA209,2012-06-06 09:04:59.460,7288.0000,477588,-36,0.0000,158.0000,61,97,多平,S,7286.0000,0.0000,0.0000,0.0000,0.0000,7288.0000,0.0000,0.0000,0.0000,0.0000,226,0,0,0,0,53,0,0,0,0
zc,TA209,2012-06-06 09:05:00.007,7288.0000,477584,-4,0.0000,16.0000,6,10,多平,S,7286.0000,0.0000,0.0000,0.0000,0.0000,7288.0000,0.0000,0.0000,0.0000,0.0000,59,0,0,0,0,212,0,0,0,0
zc,TA209,2012-06-06 09:05:00.757,7286.0000,477606,22,0.0000,188.0000,105,83,空开,S,7284.0000,0.0000,0.0000,0.0000,0.0000,7286.0000,0.0000,0.0000,0.0000,0.0000,355,0,0,0,0,106,0,0,0,0
zc,TA209,2012-06-06 09:05:01.197,7286.0000,477488,-118,0.0000,420.0000,151,269,多平,S,7284.0000,0.0000,0.0000,0.0000,0.0000,7286.0000,0.0000,0.0000,0.0000,0.0000,353,0,0,0,0,91,0,0,0,0
zc,TA209,2012-06-06 09:05:01.960,7286.0000,477460,-28,0.0000,208.0000,90,118,多平,S,7284.0000,0.0000,0.0000,0.0000,0.0000,7286.0000,0.0000,0.0000,0.0000,0.0000,303,0,0,0,0,47,0,0,0,0
zc,TA209,2012-06-06 09:05:02.490,7288.0000,477540,80,0.0000,130.0000,105,25,多开,B,7286.0000,0.0000,0.0000,0.0000,0.0000,7288.0000,0.0000,0.0000,0.0000,0.0000,82,0,0,0,0,131,0,0,0,0
zc,TA209,2012-06-06 09:05:03.197,7286.0000,477542,2,0.0000,2.0000,2,0,双开,S,7286.0000,0.0000,0.0000,0.0000,0.0000,7288.0000,0.0000,0.0000,0.0000,0.0000,86,0,0,0,0,138,0,0,0,0
zc,TA209,2012-06-06 09:05:03.990,7288.0000,477504,-38,0.0000,282.0000,122,160,空平,B,7288.0000,0.0000,0.0000,0.0000,0.0000,7290.0000,0.0000,0.0000,0.0000,0.0000,59,0,0,0,0,255,0,0,0,0
zc,TA209,2012-06-06 09:05:04.507,7288.0000,477498,-6,0.0000,36.0000,15,21,空平,B,7288.0000,0.0000,0.0000,0.0000,0.0000,7290.0000,0.0000,0.0000,0.0000,0.0000,42,0,0,0,0,256,0,0,0,0
zc,TA209,2012-06-06 09:05:05.037,7288.0000,477484,-14,0.0000,28.0000,7,21,空平,B,7288.0000,0.0000,0.0000,0.0000,0.0000,7290.0000,0.0000,0.0000,0.0000,0.0000,31,0,0,0,0,266,0,0,0,0
zc,TA209,2012-06-06 09:05:05.727,7288.0000,477480,-4,0.0000,6.0000,1,5,空平,B,7288.0000,0.0000,0.0000,0.0000,0.0000,7290.0000,0.0000,0.0000,0.0000,0.0000,28,0,0,0,0,274,0,0,0,0
zc,TA209,2012-06-06 09:05:06.240,7290.0000,477488,8,0.0000,18.0000,13,5,多开,B,7288.0000,0.0000,0.0000,0.0000,0.0000,7290.0000,0.0000,0.0000,0.0000,0.0000,23,0,0,0,0,271,0,0,0,0
zc,TA209,2012-06-06 09:05:06.990,7290.0000,477478,-10,0.0000,20.0000,5,15,空平,B,7288.0000,0.0000,0.0000,0.0000,0.0000,7290.0000,0.0000,0.0000,0.0000,0.0000,24,0,0,0,0,301,0,0,0,0
zc,TA209,2012-06-06 09:05:07.553,7290.0000,477486,8,0.0000,12.0000,10,2,多开,B,7288.0000,0.0000,0.0000,0.0000,0.0000,7290.0000,0.0000,0.0000,0.0000,0.0000,28,0,0,0,0,297,0,0,0,0
zc,TA209,2012-06-06 09:05:08.210,7288.0000,477526,40,0.0000,128.0000,84,44,空开,S,7288.0000,0.0000,0.0000,0.0000,0.0000,7290.0000,0.0000,0.0000,0.0000,0.0000,30,0,0,0,0,278,0,0,0,0
zc,TA209,2012-06-06 09:05:08.740,7290.0000,477524,-2,0.0000,2.0000,0,2,双平,B,7288.0000,0.0000,0.0000,0.0000,0.0000,7290.0000,0.0000,0.0000,0.0000,0.0000,179,0,0,0,0,288,0,0,0,0
zc,TA209,2012-06-06 09:05:09.460,7290.0000,477254,-270,0.0000,320.0000,25,295,空平,B,7288.0000,0.0000,0.0000,0.0000,0.0000,7290.0000,0.0000,0.0000,0.0000,0.0000,179,0,0,0,0,142,0,0,0,0
zc,TA209,2012-06-06 09:05:10.007,7290.0000,477178,-76,0.0000,420.0000,172,248,空平,B,7290.0000,0.0000,0.0000,0.0000,0.0000,7292.0000,0.0000,0.0000,0.0000,0.0000,181,0,0,0,0,186,0,0,0,0
zc,TA209,2012-06-06 09:05:10.727,7292.0000,477172,-6,0.0000,150.0000,72,78,空平,B,7290.0000,0.0000,0.0000,0.0000,0.0000,7292.0000,0.0000,0.0000,0.0000,0.0000,181,0,0,0,0,125,0,0,0,0
zc,TA209,2012-06-06 09:05:11.240,7292.0000,477138,-34,0.0000,202.0000,84,118,空平,B,7290.0000,0.0000,0.0000,0.0000,0.0000,7292.0000,0.0000,0.0000,0.0000,0.0000,206,0,0,0,0,52,0,0,0,0
zc,TA209,2012-06-06 09:05:11.990,7292.0000,477118,-20,0.0000,68.0000,24,44,空平,B,7290.0000,0.0000,0.0000,0.0000,0.0000,7292.0000,0.0000,0.0000,0.0000,0.0000,228,0,0,0,0,22,0,0,0,0
zc,TA209,2012-06-06 09:05:12.740,7294.0000,477100,-18,0.0000,52.0000,17,35,空平,B,7292.0000,0.0000,0.0000,0.0000,0.0000,7294.0000,0.0000,0.0000,0.0000,0.0000,20,0,0,0,0,246,0,0,0,0
zc,TA209,2012-06-06 09:05:13.257,7294.0000,477110,10,0.0000,16.0000,13,3,多开,B,7292.0000,0.0000,0.0000,0.0000,0.0000,7294.0000,0.0000,0.0000,0.0000,0.0000,36,0,0,0,0,249,0,0,0,0
zc,TA209,2012-06-06 09:05:13.990,7294.0000,477120,10,0.0000,12.0000,11,1,多开,B,7292.0000,0.0000,0.0000,0.0000,0.0000,7294.0000,0.0000,0.0000,0.0000,0.0000,37,0,0,0,0,244,0,0,0,0
zc,TA209,2012-06-06 09:05:14.490,7294.0000,477154,34,0.0000,80.0000,57,23,多开,B,7292.0000,0.0000,0.0000,0.0000,0.0000,7294.0000,0.0000,0.0000,0.0000,0.0000,40,0,0,0,0,206,0,0,0,0
zc,TA209,2012-06-06 09:05:15.240,7294.0000,477070,-84,0.0000,440.0000,178,262,空平,B,7292.0000,0.0000,0.0000,0.0000,0.0000,7294.0000,0.0000,0.0000,0.0000,0.0000,51,0,0,0,0,108,0,0,0,0
zc,TA209,2012-06-06 09:05:15.977,7294.0000,477074,4,0.0000,38.0000,21,17,多开,B,7292.0000,0.0000,0.0000,0.0000,0.0000,7294.0000,0.0000,0.0000,0.0000,0.0000,46,0,0,0,0,99,0,0,0,0
zc,TA209,2012-06-06 09:05:16.460,7294.0000,477028,-46,0.0000,124.0000,39,85,空平,B,7292.0000,0.0000,0.0000,0.0000,0.0000,7294.0000,0.0000,0.0000,0.0000,0.0000,76,0,0,0,0,91,0,0,0,0
zc,TA209,2012-06-06 09:05:17.240,7294.0000,476906,-122,0.0000,216.0000,47,169,空平,B,7294.0000,0.0000,0.0000,0.0000,0.0000,7296.0000,0.0000,0.0000,0.0000,0.0000,146,0,0,0,0,742,0,0,0,0
zc,TA209,2012-06-06 09:05:17.930,7296.0000,476790,-116,0.0000,136.0000,10,126,空平,B,7294.0000,0.0000,0.0000,0.0000,0.0000,7296.0000,0.0000,0.0000,0.0000,0.0000,118,0,0,0,0,736,0,0,0,0
zc,TA209,2012-06-06 09:05:18.460,7296.0000,476616,-174,0.0000,310.0000,68,242,空平,B,7294.0000,0.0000,0.0000,0.0000,0.0000,7296.0000,0.0000,0.0000,0.0000,0.0000,8,0,0,0,0,728,0,0,0,0
zc,TA209,2012-06-06 09:05:19.240,7294.0000,476650,34,0.0000,118.0000,76,42,空开,S,7292.0000,0.0000,0.0000,0.0000,0.0000,7294.0000,0.0000,0.0000,0.0000,0.0000,84,0,0,0,0,87,0,0,0,0
zc,TA209,2012-06-06 09:05:19.727,7294.0000,476608,-42,0.0000,300.0000,129,171,多平,S,7292.0000,0.0000,0.0000,0.0000,0.0000,7294.0000,0.0000,0.0000,0.0000,0.0000,17,0,0,0,0,235,0,0,0,0
zc,TA209,2012-06-06 09:05:20.490,7290.0000,476718,110,0.0000,168.0000,139,29,空开,S,7290.0000,0.0000,0.0000,0.0000,0.0000,7294.0000,0.0000,0.0000,0.0000,0.0000,188,0,0,0,0,593,0,0,0,0
zc,TA209,2012-06-06 09:05:20.960,7292.0000,476722,4,0.0000,4.0000,4,0,双开,B,7290.0000,0.0000,0.0000,0.0000,0.0000,7292.0000,0.0000,0.0000,0.0000,0.0000,188,0,0,0,0,1,0,0,0,0
zc,TA209,2012-06-06 09:05:21.740,7292.0000,476730,8,0.0000,12.0000,10,2,多开,B,7290.0000,0.0000,0.0000,0.0000,0.0000,7292.0000,0.0000,0.0000,0.0000,0.0000,193,0,0,0,0,15,0,0,0,0
zc,TA209,2012-06-06 09:05:22.257,7294.0000,476760,30,0.0000,36.0000,33,3,多开,B,7290.0000,0.0000,0.0000,0.0000,0.0000,7292.0000,0.0000,0.0000,0.0000,0.0000,192,0,0,0,0,1,0,0,0,0
zc,TA209,2012-06-06 09:05:23.037,7292.0000,476770,10,0.0000,36.0000,23,13,空开,S,7292.0000,0.0000,0.0000,0.0000,0.0000,7294.0000,0.0000,0.0000,0.0000,0.0000,16,0,0,0,0,544,0,0,0,0
zc,TA209,2012-06-06 09:05:23.257,7294.0000,476770,0,0.0000,16.0000,8,8,多换,B,7292.0000,0.0000,0.0000,0.0000,0.0000,7294.0000,0.0000,0.0000,0.0000,0.0000,31,0,0,0,0,547,0,0,0,0
zc,TA209,2012-06-06 09:05:24.007,7292.0000,476854,84,0.0000,104.0000,94,10,空开,S,7290.0000,0.0000,0.0000,0.0000,0.0000,7292.0000,0.0000,0.0000,0.0000,0.0000,97,0,0,0,0,2,0,0,0,0
zc,TA209,2012-06-06 09:05:24.460,7292.0000,476896,42,0.0000,50.0000,46,4,空开,S,7290.0000,0.0000,0.0000,0.0000,0.0000,7292.0000,0.0000,0.0000,0.0000,0.0000,100,0,0,0,0,24,0,0,0,0
zc,TA209,2012-06-06 09:05:25.210,7292.0000,476576,-320,0.0000,1278.0000,479,799,多平,S,7292.0000,0.0000,0.0000,0.0000,0.0000,7294.0000,0.0000,0.0000,0.0000,0.0000,68,0,0,0,0,2,0,0,0,0
zc,TA209,2012-06-06 09:05:25.727,7292.0000,476586,10,0.0000,20.0000,15,5,空开,S,7292.0000,0.0000,0.0000,0.0000,0.0000,7294.0000,0.0000,0.0000,0.0000,0.0000,63,0,0,0,0,24,0,0,0,0
zc,TA209,2012-06-06 09:05:26.523,7292.0000,476604,18,0.0000,36.0000,27,9,空开,S,7292.0000,0.0000,0.0000,0.0000,0.0000,7294.0000,0.0000,0.0000,0.0000,0.0000,61,0,0,0,0,21,0,0,0,0
