市场代码,合约代码,时间,最新,持仓,增仓,成交额,成交量,开仓,平仓,成交类型,方向,买一价,买二价,买三价,买四价,买五价,卖一价,卖二价,卖三价,卖四价,卖五价,买一量,买二量,买三量,买四量,买五量,卖一量,卖二量,卖三量,卖四量,卖五量
zc,WS209,2012-06-06 07:42:23.617,0.0000,253208,0,0.0000,0.0000,0,0,空换,S,0.0000,0.0000,0.0000,0.0000,0.0000,0.0000,0.0000,0.0000,0.0000,0.0000,0,0,0,0,0,0,0,0,0,0
zc,WS209,2012-06-06 08:30:26.960,0.0000,253208,0,0.0000,0.0000,0,0,空换,S,0.0000,0.0000,0.0000,0.0000,0.0000,0.0000,0.0000,0.0000,0.0000,0.0000,0,0,0,0,0,0,0,0,0,0
zc,WS209,2012-06-06 08:52:26.947,0.0000,253208,0,0.0000,0.0000,0,0,空换,S,0.0000,0.0000,0.0000,0.0000,0.0000,0.0000,0.0000,0.0000,0.0000,0.0000,0,0,0,0,0,0,0,0,0,0
zc,WS209,2012-06-06 08:55:00.697,0.0000,253208,0,0.0000,0.0000,0,0,空换,S,0.0000,0.0000,0.0000,0.0000,0.0000,0.0000,0.0000,0.0000,0.0000,0.0000,0,0,0,0,0,0,0,0,0,0
zc,WS209,2012-06-06 08:57:49.663,0.0000,253208,0,0.0000,0.0000,0,0,空换,S,0.0000,0.0000,0.0000,0.0000,0.0000,0.0000,0.0000,0.0000,0.0000,0.0000,0,0,0,0,0,0,0,0,0,0
zc,WS209,2012-06-06 08:57:57.163,0.0000,253208,0,0.0000,0.0000,0,0,空换,S,0.0000,0.0000,0.0000,0.0000,0.0000,0.0000,0.0000,0.0000,0.0000,0.0000,0,0,0,0,0,0,0,0,0,0
zc,WS209,2012-06-06 08:58:20.647,0.0000,253208,0,0.0000,0.0000,0,0,空换,S,0.0000,0.0000,0.0000,0.0000,0.0000,0.0000,0.0000,0.0000,0.0000,0.0000,0,0,0,0,0,0,0,0,0,0
zc,WS209,2012-06-06 08:58:27.913,0.0000,253208,0,0.0000,0.0000,0,0,空换,S,0.0000,0.0000,0.0000,0.0000,0.0000,0.0000,0.0000,0.0000,0.0000,0.0000,0,0,0,0,0,0,0,0,0,0
zc,WS209,2012-06-06 08:58:36.647,0.0000,253208,0,0.0000,0.0000,0,0,空换,S,0.0000,0.0000,0.0000,0.0000,0.0000,0.0000,0.0000,0.0000,0.0000,0.0000,0,0,0,0,0,0,0,0,0,0
zc,WS209,2012-06-06 08:58:46.413,0.0000,253208,0,0.0000,0.0000,0,0,空换,S,0.0000,0.0000,0.0000,0.0000,0.0000,0.0000,0.0000,0.0000,0.0000,0.0000,0,0,0,0,0,0,0,0,0,0
zc,WS209,2012-06-06 08:58:56.897,0.0000,253208,0,0.0000,0.0000,0,0,空换,S,0.0000,0.0000,0.0000,0.0000,0.0000,0.0000,0.0000,0.0000,0.0000,0.0000,0,0,0,0,0,0,0,0,0,0
zc,WS209,2012-06-06 09:00:01.117,2436.0000,253198,-10,0.0000,290.0000,140,150,空平,B,2435.0000,0.0000,0.0000,0.0000,0.0000,2436.0000,0.0000,0.0000,0.0000,0.0000,43,0,0,0,0,1,0,0,0,0
zc,WS209,2012-06-06 09:00:01.930,2435.0000,253226,28,0.0000,378.0000,203,175,空开,S,2436.0000,0.0000,0.0000,0.0000,0.0000,2438.0000,0.0000,0.0000,0.0000,0.0000,7,0,0,0,0,3,0,0,0,0
zc,WS209,2012-06-06 09:00:02.913,2436.0000,253200,-26,0.0000,88.0000,31,57,空平,B,2436.0000,0.0000,0.0000,0.0000,0.0000,2438.0000,0.0000,0.0000,0.0000,0.0000,30,0,0,0,0,15,0,0,0,0
zc,WS209,2012-06-06 09:00:03.367,2438.0000,253200,0,0.0000,50.0000,25,25,多换,B,2436.0000,0.0000,0.0000,0.0000,0.0000,2438.0000,0.0000,0.0000,0.0000,0.0000,26,0,0,0,0,25,0,0,0,0
zc,WS209,2012-06-06 09:00:03.850,2438.0000,253280,80,0.0000,250.0000,165,85,多开,B,2436.0000,0.0000,0.0000,0.0000,0.0000,2438.0000,0.0000,0.0000,0.0000,0.0000,3,0,0,0,0,7,0,0,0,0
zc,WS209,2012-06-06 09:00:04.350,2438.0000,253260,-20,0.0000,22.0000,1,21,空平,B,2435.0000,0.0000,0.0000,0.0000,0.0000,2439.0000,0.0000,0.0000,0.0000,0.0000,27,0,0,0,0,56,0,0,0,0
zc,WS209,2012-06-06 09:00:05.147,2438.0000,253266,6,0.0000,10.0000,8,2,多开,B,2436.0000,0.0000,0.0000,0.0000,0.0000,2438.0000,0.0000,0.0000,0.0000,0.0000,1,0,0,0,0,7,0,0,0,0
zc,WS209,2012-06-06 09:00:05.383,2438.0000,253264,-2,0.0000,4.0000,1,3,空平,B,2436.0000,0.0000,0.0000,0.0000,0.0000,2438.0000,0.0000,0.0000,0.0000,0.0000,1,0,0,0,0,5,0,0,0,0
zc,WS209,2012-06-06 09:00:06.367,2438.0000,253264,0,0.0000,18.0000,9,9,多换,B,2436.0000,0.0000,0.0000,0.0000,0.0000,2437.0000,0.0000,0.0000,0.0000,0.0000,3,0,0,0,0,20,0,0,0,0
zc,WS209,2012-06-06 09:00:06.850,2438.0000,253274,10,0.0000,68.0000,39,29,多开,B,2435.0000,0.0000,0.0000,0.0000,0.0000,2438.0000,0.0000,0.0000,0.0000,0.0000,16,0,0,0,0,25,0,0,0,0
zc,WS209,2012-06-06 09:00:07.850,2438.0000,253268,-6,0.0000,14.0000,4,10,空平,B,2436.0000,0.0000,0.0000,0.0000,0.0000,2438.0000,0.0000,0.0000,0.0000,0.0000,7,0,0,0,0,9,0,0,0,0
zc,WS209,2012-06-06 09:00:08.070,2438.0000,253268,0,0.0000,6.0000,3,3,多换,B,2436.0000,0.0000,0.0000,0.0000,0.0000,2438.0000,0.0000,0.0000,0.0000,0.0000,3,0,0,0,0,53,0,0,0,0
zc,WS209,2012-06-06 09:00:09.133,2436.0000,253268,0,0.0000,4.0000,2,2,空换,S,2436.0000,0.0000,0.0000,0.0000,0.0000,2438.0000,0.0000,0.0000,0.0000,0.0000,2,0,0,0,0,53,0,0,0,0
zc,WS209,2012-06-06 09:00:09.600,2436.0000,253268,0,0.0000,0.0000,0,0,空换,S,2436.0000,0.0000,0.0000,0.0000,0.0000,2437.0000,0.0000,0.0000,0.0000,0.0000,2,0,0,0,0,1,0,0,0,0
zc,WS209,2012-06-06 09:00:10.320,2437.0000,253268,0,0.0000,2.0000,1,1,多换,B,2436.0000,0.0000,0.0000,0.0000,0.0000,2438.0000,0.0000,0.0000,0.0000,0.0000,13,0,0,0,0,154,0,0,0,0
zc,WS209,2012-06-06 09:00:10.587,2436.0000,253260,-8,0.0000,12.0000,2,10,多平,S,2437.0000,0.0000,0.0000,0.0000,0.0000,2438.0000,0.0000,0.0000,0.0000,0.0000,5,0,0,0,0,152,0,0,0,0
zc,WS209,2012-06-06 09:00:11.367,2438.0000,253258,-2,0.0000,6.0000,2,4,空平,B,2437.0000,0.0000,0.0000,0.0000,0.0000,2438.0000,0.0000,0.0000,0.0000,0.0000,4,0,0,0,0,152,0,0,0,0
zc,WS209,2012-06-06 09:00:11.867,2438.0000,253256,-2,0.0000,10.0000,4,6,空平,B,2437.0000,0.0000,0.0000,0.0000,0.0000,2438.0000,0.0000,0.0000,0.0000,0.0000,1,0,0,0,0,147,0,0,0,0
zc,WS209,2012-06-06 09:00:12.383,2438.0000,253256,0,0.0000,0.0000,0,0,多换,B,2437.0000,0.0000,0.0000,0.0000,0.0000,2438.0000,0.0000,0.0000,0.0000,0.0000,2,0,0,0,0,147,0,0,0,0
zc,WS209,2012-06-06 09:00:13.303,2437.0000,253258,2,0.0000,2.0000,2,0,双开,S,2437.0000,0.0000,0.0000,0.0000,0.0000,2438.0000,0.0000,0.0000,0.0000,0.0000,94,0,0,0,0,149,0,0,0,0
zc,WS209,2012-06-06 09:00:13.837,2437.0000,253186,-72,0.0000,194.0000,61,133,多平,S,2435.0000,0.0000,0.0000,0.0000,0.0000,2437.0000,0.0000,0.0000,0.0000,0.0000,40,0,0,0,0,10,0,0,0,0
zc,WS209,2012-06-06 09:00:14.600,2437.0000,253192,6,0.0000,10.0000,8,2,空开,S,2435.0000,0.0000,0.0000,0.0000,0.0000,2437.0000,0.0000,0.0000,0.0000,0.0000,42,0,0,0,0,31,0,0,0,0
zc,WS209,2012-06-06 09:00:15.070,2437.0000,253192,0,0.0000,2.0000,1,1,空换,S,2436.0000,0.0000,0.0000,0.0000,0.0000,2437.0000,0.0000,0.0000,0.0000,0.0000,1,0,0,0,0,67,0,0,0,0
zc,WS209,2012-06-06 09:00:15.820,2437.0000,253194,2,0.0000,8.0000,5,3,空开,S,2435.0000,0.0000,0.0000,0.0000,0.0000,2437.0000,0.0000,0.0000,0.0000,0.0000,36,0,0,0,0,63,0,0,0,0
zc,WS209,2012-06-06 09:00:16.570,2437.0000,253204,10,0.0000,48.0000,29,19,空开,S,2435.0000,0.0000,0.0000,0.0000,0.0000,2436.0000,0.0000,0.0000,0.0000,0.0000,34,0,0,0,0,71,0,0,0,0
zc,WS209,2012-06-06 09:00:17.337,2437.0000,253226,22,0.0000,52.0000,37,15,空开,S,2435.0000,0.0000,0.0000,0.0000,0.0000,2436.0000,0.0000,0.0000,0.0000,0.0000,31,0,0,0,0,45,0,0,0,0
zc,WS209,2012-06-06 09:00:17.837,2435.0000,253268,42,0.0000,60.0000,51,9,空开,S,2435.0000,0.0000,0.0000,0.0000,0.0000,2436.0000,0.0000,0.0000,0.0000,0.0000,16,0,0,0,0,30,0,0,0,0
zc,WS209,2012-06-06 09:00:18.600,2436.0000,253270,2,0.0000,6.0000,4,2,多开,B,2435.0000,0.0000,0.0000,0.0000,0.0000,2436.0000,0.0000,0.0000,0.0000,0.0000,14,0,0,0,0,23,0,0,0,0
zc,WS209,2012-06-06 09:00:19.037,2435.0000,253244,-26,0.0000,50.0000,12,38,多平,S,2434.0000,0.0000,0.0000,0.0000,0.0000,2435.0000,0.0000,0.0000,0.0000,0.0000,43,0,0,0,0,4,0,0,0,0
zc,WS209,2012-06-06 09:00:19.867,2434.0000,253238,-6,0.0000,10.0000,2,8,多平,S,2434.0000,0.0000,0.0000,0.0000,0.0000,2435.0000,0.0000,0.0000,0.0000,0.0000,38,0,0,0,0,24,0,0,0,0
zc,WS209,2012-06-06 09:00:20.337,2435.0000,253228,-10,0.0000,14.0000,2,12,空平,B,2434.0000,0.0000,0.0000,0.0000,0.0000,2435.0000,0.0000,0.0000,0.0000,0.0000,62,0,0,0,0,19,0,0,0,0
zc,WS209,2012-06-06 09:00:21.053,2435.0000,253228,0,0.0000,0.0000,0,0,多换,B,2434.0000,0.0000,0.0000,0.0000,0.0000,2435.0000,0.0000,0.0000,0.0000,0.0000,63,0,0,0,0,20,0,0,0,0
zc,WS209,2012-06-06 09:00:21.883,2436.0000,253190,-38,0.0000,42.0000,2,40,空平,B,2434.0000,0.0000,0.0000,0.0000,0.0000,2436.0000,0.0000,0.0000,0.0000,0.0000,48,0,0,0,0,28,0,0,0,0
zc,WS209,2012-06-06 09:00:22.367,2436.0000,253182,-8,0.0000,18.0000,5,13,空平,B,2434.0000,0.0000,0.0000,0.0000,0.0000,2436.0000,0.0000,0.0000,0.0000,0.0000,41,0,0,0,0,14,0,0,0,0
zc,WS209,2012-06-06 09:00:23.037,2434.0000,253182,0,0.0000,2.0000,1,1,空换,S,2434.0000,0.0000,0.0000,0.0000,0.0000,2436.0000,0.0000,0.0000,0.0000,0.0000,67,0,0,0,0,4,0,0,0,0
zc,WS209,2012-06-06 09:00:23.850,2435.0000,253182,0,0.0000,2.0000,1,1,多换,B,2434.0000,0.0000,0.0000,0.0000,0.0000,2436.0000,0.0000,0.0000,0.0000,0.0000,67,0,0,0,0,26,0,0,0,0
zc,WS209,2012-06-06 09:00:24.350,2434.0000,253182,0,0.0000,4.0000,2,2,空换,S,2434.0000,0.0000,0.0000,0.0000,0.0000,2436.0000,0.0000,0.0000,0.0000,0.0000,84,0,0,0,0,2,0,0,0,0
zc,WS209,2012-06-06 09:00:25.023,2435.0000,253186,4,0.0000,4.0000,4,0,双开,B,2435.0000,0.0000,0.0000,0.0000,0.0000,2436.0000,0.0000,0.0000,0.0000,0.0000,29,0,0,0,0,2,0,0,0,0
zc,WS209,2012-06-06 09:00:25.617,2434.0000,253244,58,0.0000,86.0000,72,14,空开,S,2434.0000,0.0000,0.0000,0.0000,0.0000,2435.0000,0.0000,0.0000,0.0000,0.0000,90,0,0,0,0,61,0,0,0,0
zc,WS209,2012-06-06 09:00:26.350,2435.0000,253246,2,0.0000,2.0000,2,0,双开,B,2434.0000,0.0000,0.0000,0.0000,0.0000,2435.0000,0.0000,0.0000,0.0000,0.0000,124,0,0,0,0,90,0,0,0,0
zc,WS209,2012-06-06 09:00:27.537,2435.0000,253252,6,0.0000,28.0000,17,11,多开,B,2434.0000,0.0000,0.0000,0.0000,0.0000,2435.0000,0.0000,0.0000,0.0000,0.0000,123,0,0,0,0,76,0,0,0,0
zc,WS209,2012-06-06 09:00:28.070,2436.0000,253340,88,0.0000,154.0000,121,33,多开,B,2434.0000,0.0000,0.0000,0.0000,0.0000,2436.0000,0.0000,0.0000,0.0000,0.0000,180,0,0,0,0,4,0,0,0,0
zc,WS209,2012-06-06 09:00:28.850,2436.0000,253340,0,0.0000,0.0000,0,0,多换,B,2435.0000,0.0000,0.0000,0.0000,0.0000,2436.0000,0.0000,0.0000,0.0000,0.0000,24,0,0,0,0,4,0,0,0,0
zc,WS209,2012-06-06 09:00:29.350,2436.0000,253338,-2,0.0000,2.0000,0,2,双平,B,2435.0000,0.0000,0.0000,0.0000,0.0000,2436.0000,0.0000,0.0000,0.0000,0.0000,74,0,0,0,0,3,0,0,0,0
zc,WS209,2012-06-06 09:00:30.117,2436.0000,253338,0,0.0000,0.0000,0,0,多换,B,2435.0000,0.0000,0.0000,0.0000,0.0000,2436.0000,0.0000,0.0000,0.0000,0.0000,67,0,0,0,0,3,0,0,0,0
zc,WS209,2012-06-06 09:00:30.553,2435.0000,253342,4,0.0000,4.0000,4,0,双开,S,2435.0000,0.0000,0.0000,0.0000,0.0000,2436.0000,0.0000,0.0000,0.0000,0.0000,79,0,0,0,0,4,0,0,0,0
zc,WS209,2012-06-06 09:00:31.350,2437.0000,253336,-6,0.0000,10.0000,2,8,空平,B,2436.0000,0.0000,0.0000,0.0000,0.0000,2437.0000,0.0000,0.0000,0.0000,0.0000,11,0,0,0,0,54,0,0,0,0
zc,WS209,2012-06-06 09:00:31.867,2436.0000,253334,-2,0.0000,14.0000,6,8,多平,S,2436.0000,0.0000,0.0000,0.0000,0.0000,2437.0000,0.0000,0.0000,0.0000,0.0000,26,0,0,0,0,57,0,0,0,0
zc,WS209,2012-06-06 09:00:32.600,2437.0000,253336,2,0.0000,152.0000,77,75,多开,B,2437.0000,0.0000,0.0000,0.0000,0.0000,2438.0000,0.0000,0.0000,0.0000,0.0000,8,0,0,0,0,219,0,0,0,0
zc,WS209,2012-06-06 09:00:33.053,2437.0000,253374,38,0.0000,38.0000,38,0,双开,B,2437.0000,0.0000,0.0000,0.0000,0.0000,2438.0000,0.0000,0.0000,0.0000,0.0000,21,0,0,0,0,221,0,0,0,0
zc,WS209,2012-06-06 09:00:33.850,2438.0000,253374,0,0.0000,2.0000,1,1,多换,B,2437.0000,0.0000,0.0000,0.0000,0.0000,2438.0000,0.0000,0.0000,0.0000,0.0000,1,0,0,0,0,243,0,0,0,0
zc,WS209,2012-06-06 09:00:34.320,2437.0000,253374,0,0.0000,2.0000,1,1,空换,S,2436.0000,0.0000,0.0000,0.0000,0.0000,2437.0000,0.0000,0.0000,0.0000,0.0000,39,0,0,0,0,9,0,0,0,0
zc,WS209,2012-06-06 09:00:35.087,2438.0000,253358,-16,0.0000,26.0000,5,21,空平,B,2436.0000,0.0000,0.0000,0.0000,0.0000,2438.0000,0.0000,0.0000,0.0000,0.0000,39,0,0,0,0,239,0,0,0,0
zc,WS209,2012-06-06 09:00:35.600,2438.0000,253384,26,0.0000,28.0000,27,1,多开,B,2436.0000,0.0000,0.0000,0.0000,0.0000,2438.0000,0.0000,0.0000,0.0000,0.0000,44,0,0,0,0,226,0,0,0,0
zc,WS209,2012-06-06 09:00:36.240,2438.0000,253404,20,0.0000,30.0000,25,5,多开,B,2436.0000,0.0000,0.0000,0.0000,0.0000,2437.0000,0.0000,0.0000,0.0000,0.0000,23,0,0,0,0,23,0,0,0,0
zc,WS209,2012-06-06 09:00:36.727,2436.0000,253404,0,0.0000,230.0000,115,115,空换,S,2436.0000,0.0000,0.0000,0.0000,0.0000,2438.0000,0.0000,0.0000,0.0000,0.0000,14,0,0,0,0,145,0,0,0,0
zc,WS209,2012-06-06 09:00:38.350,2437.0000,253404,0,0.0000,4.0000,2,2,多换,B,2437.0000,0.0000,0.0000,0.0000,0.0000,2438.0000,0.0000,0.0000,0.0000,0.0000,11,0,0,0,0,144,0,0,0,0
zc,WS209,2012-06-06 09:00:38.787,2437.0000,253404,0,0.0000,2.0000,1,1,多换,B,2437.0000,0.0000,0.0000,0.0000,0.0000,2438.0000,0.0000,0.0000,0.0000,0.0000,10,0,0,0,0,155,0,0,0,0
zc,WS209,2012-06-06 09:00:39.287,2438.0000,253398,-6,0.0000,6.0000,0,6,双平,B,2437.0000,0.0000,0.0000,0.0000,0.0000,2438.0000,0.0000,0.0000,0.0000,0.0000,10,0,0,0,0,141,0,0,0,0
zc,WS209,2012-06-06 09:00:40.100,2437.0000,253398,0,0.0000,12.0000,6,6,空换,S,2437.0000,0.0000,0.0000,0.0000,0.0000,2438.0000,0.0000,0.0000,0.0000,0.0000,9,0,0,0,0,136,0,0,0,0
zc,WS209,2012-06-06 09:00:40.803,2438.0000,253392,-6,0.0000,16.0000,5,11,空平,B,2437.0000,0.0000,0.0000,0.0000,0.0000,2438.0000,0.0000,0.0000,0.0000,0.0000,5,0,0,0,0,136,0,0,0,0
zc,WS209,2012-06-06 09:00:41.883,2438.0000,253390,-2,0.0000,16.0000,7,9,空平,B,2437.0000,0.0000,0.0000,0.0000,0.0000,2438.0000,0.0000,0.0000,0.0000,0.0000,4,0,0,0,0,139,0,0,0,0
zc,WS209,2012-06-06 09:00:42.210,2438.0000,253390,0,0.0000,2.0000,1,1,多换,B,2437.0000,0.0000,0.0000,0.0000,0.0000,2438.0000,0.0000,0.0000,0.0000,0.0000,5,0,0,0,0,239,0,0,0,0
zc,WS209,2012-06-06 09:00:43.117,2438.0000,253394,4,0.0000,4.0000,4,0,双开,B,2437.0000,0.0000,0.0000,0.0000,0.0000,2438.0000,0.0000,0.0000,0.0000,0.0000,9,0,0,0,0,235,0,0,0,0
zc,WS209,2012-06-06 09:00:43.570,2438.0000,253394,0,0.0000,0.0000,0,0,多换,B,2437.0000,0.0000,0.0000,0.0000,0.0000,2438.0000,0.0000,0.0000,0.0000,0.0000,11,0,0,0,0,235,0,0,0,0
zc,WS209,2012-06-06 09:00:44.320,2438.0000,253394,0,0.0000,48.0000,24,24,多换,B,2437.0000,0.0000,0.0000,0.0000,0.0000,2438.0000,0.0000,0.0000,0.0000,0.0000,2,0,0,0,0,234,0,0,0,0
zc,WS209,2012-06-06 09:00:44.787,2437.0000,253396,2,0.0000,2.0000,2,0,双开,S,2437.0000,0.0000,0.0000,0.0000,0.0000,2438.0000,0.0000,0.0000,0.0000,0.0000,3,0,0,0,0,234,0,0,0,0
zc,WS209,2012-06-06 09:00:45.570,2438.0000,253396,0,0.0000,56.0000,28,28,多换,B,2437.0000,0.0000,0.0000,0.0000,0.0000,2438.0000,0.0000,0.0000,0.0000,0.0000,7,0,0,0,0,208,0,0,0,0
zc,WS209,2012-06-06 09:00:46.087,2437.0000,253420,24,0.0000,36.0000,30,6,空开,S,2436.0000,0.0000,0.0000,0.0000,0.0000,2437.0000,0.0000,0.0000,0.0000,0.0000,81,0,0,0,0,3,0,0,0,0
zc,WS209,2012-06-06 09:00:46.787,2437.0000,253416,-4,0.0000,62.0000,29,33,多平,S,2437.0000,0.0000,0.0000,0.0000,0.0000,2438.0000,0.0000,0.0000,0.0000,0.0000,9,0,0,0,0,170,0,0,0,0
zc,WS209,2012-06-06 09:00:47.240,2438.0000,253430,14,0.0000,14.0000,14,0,双开,B,2437.0000,0.0000,0.0000,0.0000,0.0000,2438.0000,0.0000,0.0000,0.0000,0.0000,13,0,0,0,0,165,0,0,0,0
zc,WS209,2012-06-06 09:00:48.023,2437.0000,253454,24,0.0000,24.0000,24,0,双开,S,2437.0000,0.0000,0.0000,0.0000,0.0000,2438.0000,0.0000,0.0000,0.0000,0.0000,7,0,0,0,0,165,0,0,0,0
zc,WS209,2012-06-06 09:00:48.803,2437.0000,253482,28,0.0000,36.0000,32,4,空开,S,2436.0000,0.0000,0.0000,0.0000,0.0000,2437.0000,0.0000,0.0000,0.0000,0.0000,71,0,0,0,0,14,0,0,0,0
zc,WS209,2012-06-06 09:00:49.320,2437.0000,253482,0,0.0000,30.0000,15,15,空换,S,2437.0000,0.0000,0.0000,0.0000,0.0000,2438.0000,0.0000,0.0000,0.0000,0.0000,21,0,0,0,0,156,0,0,0,0
zc,WS209,2012-06-06 09:00:49.977,2437.0000,253482,0,0.0000,0.0000,0,0,空换,S,2437.0000,0.0000,0.0000,0.0000,0.0000,2438.0000,0.0000,0.0000,0.0000,0.0000,2,0,0,0,0,156,0,0,0,0
zc,WS209,2012-06-06 09:00:50.773,2437.0000,253492,10,0.0000,10.0000,10,0,双开,S,2436.0000,0.0000,0.0000,0.0000,0.0000,2437.0000,0.0000,0.0000,0.0000,0.0000,82,0,0,0,0,14,0,0,0,0
zc,WS209,2012-06-06 09:00:51.320,2437.0000,253502,10,0.0000,10.0000,10,0,双开,S,2436.0000,0.0000,0.0000,0.0000,0.0000,2437.0000,0.0000,0.0000,0.0000,0.0000,97,0,0,0,0,115,0,0,0,0
zc,WS209,2012-06-06 09:00:51.787,2437.0000,253502,0,0.0000,0.0000,0,0,空换,S,2436.0000,0.0000,0.0000,0.0000,0.0000,2437.0000,0.0000,0.0000,0.0000,0.0000,65,0,0,0,0,116,0,0,0,0
zc,WS209,2012-06-06 09:00:52.553,2437.0000,253500,-2,0.0000,80.0000,39,41,多平,S,2436.0000,0.0000,0.0000,0.0000,0.0000,2437.0000,0.0000,0.0000,0.0000,0.0000,48,0,0,0,0,117,0,0,0,0
zc,WS209,2012-06-06 09:00:53.023,2437.0000,253500,0,0.0000,12.0000,6,6,空换,S,2436.0000,0.0000,0.0000,0.0000,0.0000,2437.0000,0.0000,0.0000,0.0000,0.0000,64,0,0,0,0,111,0,0,0,0
zc,WS209,2012-06-06 09:00:53.773,2437.0000,253500,0,0.0000,0.0000,0,0,空换,S,2436.0000,0.0000,0.0000,0.0000,0.0000,2437.0000,0.0000,0.0000,0.0000,0.0000,52,0,0,0,0,111,0,0,0,0
zc,WS209,2012-06-06 09:00:54.257,2436.0000,253500,0,0.0000,6.0000,3,3,空换,S,2436.0000,0.0000,0.0000,0.0000,0.0000,2437.0000,0.0000,0.0000,0.0000,0.0000,87,0,0,0,0,111,0,0,0,0
zc,WS209,2012-06-06 09:00:54.990,2437.0000,253500,0,0.0000,20.0000,10,10,多换,B,2436.0000,0.0000,0.0000,0.0000,0.0000,2437.0000,0.0000,0.0000,0.0000,0.0000,74,0,0,0,0,101,0,0,0,0
zc,WS209,2012-06-06 09:00:55.537,2437.0000,253500,0,0.0000,0.0000,0,0,多换,B,2436.0000,0.0000,0.0000,0.0000,0.0000,2437.0000,0.0000,0.0000,0.0000,0.0000,74,0,0,0,0,102,0,0,0,0
zc,WS209,2012-06-06 09:00:56.537,2437.0000,253500,0,0.0000,0.0000,0,0,多换,B,2436.0000,0.0000,0.0000,0.0000,0.0000,2437.0000,0.0000,0.0000,0.0000,0.0000,52,0,0,0,0,102,0,0,0,0
zc,WS209,2012-06-06 09:00:56.773,2436.0000,253500,0,0.0000,42.0000,21,21,空换,S,2436.0000,0.0000,0.0000,0.0000,0.0000,2437.0000,0.0000,0.0000,0.0000,0.0000,42,0,0,0,0,104,0,0,0,0
zc,WS209,2012-06-06 09:00:57.773,2437.0000,253500,0,0.0000,2.0000,1,1,多换,B,2436.0000,0.0000,0.0000,0.0000,0.0000,2437.0000,0.0000,0.0000,0.0000,0.0000,43,0,0,0,0,91,0,0,0,0
zc,WS209,2012-06-06 09:00:57.990,2436.0000,253506,6,0.0000,6.0000,6,0,双开,S,2436.0000,0.0000,0.0000,0.0000,0.0000,2437.0000,0.0000,0.0000,0.0000,0.0000,40,0,0,0,0,91,0,0,0,0
zc,WS209,2012-06-06 09:00:58.803,2436.0000,253506,0,0.0000,0.0000,0,0,空换,S,2436.0000,0.0000,0.0000,0.0000,0.0000,2437.0000,0.0000,0.0000,0.0000,0.0000,41,0,0,0,0,97,0,0,0,0
zc,WS209,2012-06-06 09:00:59.240,2436.0000,253504,-2,0.0000,4.0000,1,3,多平,S,2436.0000,0.0000,0.0000,0.0000,0.0000,2437.0000,0.0000,0.0000,0.0000,0.0000,49,0,0,0,0,96,0,0,0,0
zc,WS209,2012-06-06 09:00:59.990,2437.0000,253504,0,0.0000,4.0000,2,2,多换,B,2436.0000,0.0000,0.0000,0.0000,0.0000,2437.0000,0.0000,0.0000,0.0000,0.0000,42,0,0,0,0,190,0,0,0,0
zc,WS209,2012-06-06 09:01:00.477,2436.0000,253482,-22,0.0000,22.0000,0,22,双平,S,2436.0000,0.0000,0.0000,0.0000,0.0000,2437.0000,0.0000,0.0000,0.0000,0.0000,32,0,0,0,0,179,0,0,0,0
zc,WS209,2012-06-06 09:01:01.303,2437.0000,253486,4,0.0000,44.0000,24,20,多开,B,2436.0000,0.0000,0.0000,0.0000,0.0000,2437.0000,0.0000,0.0000,0.0000,0.0000,20,0,0,0,0,167,0,0,0,0
zc,WS209,2012-06-06 09:01:02.053,2436.0000,253488,2,0.0000,10.0000,6,4,空开,S,2436.0000,0.0000,0.0000,0.0000,0.0000,2437.0000,0.0000,0.0000,0.0000,0.0000,15,0,0,0,0,168,0,0,0,0
zc,WS209,2012-06-06 09:01:02.820,2436.0000,253488,0,0.0000,2.0000,1,1,空换,S,2436.0000,0.0000,0.0000,0.0000,0.0000,2437.0000,0.0000,0.0000,0.0000,0.0000,14,0,0,0,0,97,0,0,0,0
zc,WS209,2012-06-06 09:01:03.320,2436.0000,253490,2,0.0000,2.0000,2,0,双开,S,2436.0000,0.0000,0.0000,0.0000,0.0000,2437.0000,0.0000,0.0000,0.0000,0.0000,13,0,0,0,0,97,0,0,0,0
zc,WS209,2012-06-06 09:01:04.037,2436.0000,253490,0,0.0000,0.0000,0,0,空换,S,2436.0000,0.0000,0.0000,0.0000,0.0000,2437.0000,0.0000,0.0000,0.0000,0.0000,13,0,0,0,0,96,0,0,0,0
zc,WS209,2012-06-06 09:01:04.490,2436.0000,253490,0,0.0000,0.0000,0,0,空换,S,2436.0000,0.0000,0.0000,0.0000,0.0000,2437.0000,0.0000,0.0000,0.0000,0.0000,13,0,0,0,0,98,0,0,0,0
zc,WS209,2012-06-06 09:01:05.287,2437.0000,253490,0,0.0000,6.0000,3,3,多换,B,2436.0000,0.0000,0.0000,0.0000,0.0000,2437.0000,0.0000,0.0000,0.0000,0.0000,13,0,0,0,0,100,0,0,0,0
zc,WS209,2012-06-06 09:01:05.787,2436.0000,253490,0,0.0000,24.0000,12,12,空换,S,2436.0000,0.0000,0.0000,0.0000,0.0000,2437.0000,0.0000,0.0000,0.0000,0.0000,12,0,0,0,0,90,0,0,0,0
zc,WS209,2012-06-06 09:01:06.537,2436.0000,253492,2,0.0000,2.0000,2,0,双开,S,2436.0000,0.0000,0.0000,0.0000,0.0000,2437.0000,0.0000,0.0000,0.0000,0.0000,11,0,0,0,0,90,0,0,0,0
zc,WS209,2012-06-06 09:01:07.053,2436.0000,253492,0,0.0000,0.0000,0,0,空换,S,2436.0000,0.0000,0.0000,0.0000,0.0000,2437.0000,0.0000,0.0000,0.0000,0.0000,30,0,0,0,0,90,0,0,0,0
zc,WS209,2012-06-06 09:01:07.773,2436.0000,253550,58,0.0000,64.0000,61,3,空开,S,2435.0000,0.0000,0.0000,0.0000,0.0000,2436.0000,0.0000,0.0000,0.0000,0.0000,131,0,0,0,0,69,0,0,0,0
zc,WS209,2012-06-06 09:01:08.240,2436.0000,253688,138,0.0000,140.0000,139,1,空开,S,2436.0000,0.0000,0.0000,0.0000,0.0000,2437.0000,0.0000,0.0000,0.0000,0.0000,5,0,0,0,0,90,0,0,0,0
zc,WS209,2012-06-06 09:01:09.523,2437.0000,253712,24,0.0000,198.0000,111,87,多开,B,2436.0000,0.0000,0.0000,0.0000,0.0000,2438.0000,0.0000,0.0000,0.0000,0.0000,89,0,0,0,0,303,0,0,0,0
zc,WS209,2012-06-06 09:01:10.227,2437.0000,253714,2,0.0000,2.0000,2,0,双开,B,2436.0000,0.0000,0.0000,0.0000,0.0000,2438.0000,0.0000,0.0000,0.0000,0.0000,92,0,0,0,0,303,0,0,0,0
zc,WS209,2012-06-06 09:01:11.007,2436.0000,253718,4,0.0000,4.0000,4,0,双开,S,2436.0000,0.0000,0.0000,0.0000,0.0000,2437.0000,0.0000,0.0000,0.0000,0.0000,92,0,0,0,0,28,0,0,0,0
zc,WS209,2012-06-06 09:01:11.537,2437.0000,253736,18,0.0000,18.0000,18,0,双开,B,2436.0000,0.0000,0.0000,0.0000,0.0000,2437.0000,0.0000,0.0000,0.0000,0.0000,92,0,0,0,0,19,0,0,0,0
zc,WS209,2012-06-06 09:01:12.240,2437.0000,253772,36,0.0000,46.0000,41,5,多开,B,2437.0000,0.0000,0.0000,0.0000,0.0000,2438.0000,0.0000,0.0000,0.0000,0.0000,2,0,0,0,0,331,0,0,0,0
zc,WS209,2012-06-06 09:01:12.787,2437.0000,253772,0,0.0000,4.0000,2,2,多换,B,2437.0000,0.0000,0.0000,0.0000,0.0000,2438.0000,0.0000,0.0000,0.0000,0.0000,7,0,0,0,0,331,0,0,0,0
zc,WS209,2012-06-06 09:01:13.553,2437.0000,253772,0,0.0000,0.0000,0,0,多换,B,2437.0000,0.0000,0.0000,0.0000,0.0000,2438.0000,0.0000,0.0000,0.0000,0.0000,17,0,0,0,0,330,0,0,0,0
zc,WS209,2012-06-06 09:01:13.960,2438.0000,253782,10,0.0000,10.0000,10,0,双开,B,2437.0000,0.0000,0.0000,0.0000,0.0000,2438.0000,0.0000,0.0000,0.0000,0.0000,16,0,0,0,0,330,0,0,0,0
zc,WS209,2012-06-06 09:01:14.787,2438.0000,253784,2,0.0000,50.0000,26,24,多开,B,2437.0000,0.0000,0.0000,0.0000,0.0000,2438.0000,0.0000,0.0000,0.0000,0.0000,29,0,0,0,0,325,0,0,0,0
zc,WS209,2012-06-06 09:01:15.320,2437.0000,253784,0,0.0000,26.0000,13,13,空换,S,2437.0000,0.0000,0.0000,0.0000,0.0000,2438.0000,0.0000,0.0000,0.0000,0.0000,16,0,0,0,0,327,0,0,0,0
zc,WS209,2012-06-06 09:01:16.070,2437.0000,253782,-2,0.0000,36.0000,17,19,多平,S,2436.0000,0.0000,0.0000,0.0000,0.0000,2437.0000,0.0000,0.0000,0.0000,0.0000,24,0,0,0,0,9,0,0,0,0
zc,WS209,2012-06-06 09:01:16.850,2437.0000,253782,0,0.0000,0.0000,0,0,空换,S,2436.0000,0.0000,0.0000,0.0000,0.0000,2438.0000,0.0000,0.0000,0.0000,0.0000,25,0,0,0,0,331,0,0,0,0
zc,WS209,2012-06-06 09:01:17.523,2437.0000,253782,0,0.0000,0.0000,0,0,空换,S,2436.0000,0.0000,0.0000,0.0000,0.0000,2438.0000,0.0000,0.0000,0.0000,0.0000,51,0,0,0,0,330,0,0,0,0
zc,WS209,2012-06-06 09:01:18.070,2437.0000,253782,0,0.0000,0.0000,0,0,空换,S,2436.0000,0.0000,0.0000,0.0000,0.0000,2437.0000,0.0000,0.0000,0.0000,0.0000,50,0,0,0,0,27,0,0,0,0
zc,WS209,2012-06-06 09:01:18.773,2437.0000,253782,0,0.0000,0.0000,0,0,空换,S,2436.0000,0.0000,0.0000,0.0000,0.0000,2437.0000,0.0000,0.0000,0.0000,0.0000,36,0,0,0,0,38,0,0,0,0
zc,WS209,2012-06-06 09:01:19.303,2437.0000,253782,0,0.0000,0.0000,0,0,空换,S,2436.0000,0.0000,0.0000,0.0000,0.0000,2437.0000,0.0000,0.0000,0.0000,0.0000,37,0,0,0,0,53,0,0,0,0
zc,WS209,2012-06-06 09:01:20.087,2437.0000,253782,0,0.0000,0.0000,0,0,空换,S,2436.0000,0.0000,0.0000,0.0000,0.0000,2437.0000,0.0000,0.0000,0.0000,0.0000,29,0,0,0,0,53,0,0,0,0
zc,WS209,2012-06-06 09:01:20.477,2436.0000,253784,2,0.0000,2.0000,2,0,双开,S,2436.0000,0.0000,0.0000,0.0000,0.0000,2437.0000,0.0000,0.0000,0.0000,0.0000,28,0,0,0,0,53,0,0,0,0
zc,WS209,2012-06-06 09:01:21.553,2437.0000,253780,-4,0.0000,44.0000,20,24,空平,B,2436.0000,0.0000,0.0000,0.0000,0.0000,2437.0000,0.0000,0.0000,0.0000,0.0000,8,0,0,0,0,59,0,0,0,0
zc,WS209,2012-06-06 09:01:22.037,2437.0000,253780,0,0.0000,0.0000,0,0,多换,B,2436.0000,0.0000,0.0000,0.0000,0.0000,2437.0000,0.0000,0.0000,0.0000,0.0000,9,0,0,0,0,60,0,0,0,0
zc,WS209,2012-06-06 09:01:22.820,2437.0000,253774,-6,0.0000,6.0000,0,6,双平,B,2436.0000,0.0000,0.0000,0.0000,0.0000,2437.0000,0.0000,0.0000,0.0000,0.0000,11,0,0,0,0,60,0,0,0,0
zc,WS209,2012-06-06 09:01:23.257,2437.0000,253774,0,0.0000,0.0000,0,0,多换,B,2436.0000,0.0000,0.0000,0.0000,0.0000,2437.0000,0.0000,0.0000,0.0000,0.0000,11,0,0,0,0,65,0,0,0,0
zc,WS209,2012-06-06 09:01:24.523,2437.0000,253774,0,0.0000,0.0000,0,0,多换,B,2436.0000,0.0000,0.0000,0.0000,0.0000,2437.0000,0.0000,0.0000,0.0000,0.0000,34,0,0,0,0,61,0,0,0,0
zc,WS209,2012-06-06 09:01:25.257,2437.0000,253776,2,0.0000,2.0000,2,0,双开,B,2436.0000,0.0000,0.0000,0.0000,0.0000,2437.0000,0.0000,0.0000,0.0000,0.0000,13,0,0,0,0,66,0,0,0,0
zc,WS209,2012-06-06 09:01:25.537,2437.0000,253784,8,0.0000,8.0000,8,0,双开,B,2436.0000,0.0000,0.0000,0.0000,0.0000,2437.0000,0.0000,0.0000,0.0000,0.0000,12,0,0,0,0,63,0,0,0,0
zc,WS209,2012-06-06 09:01:26.350,2436.0000,253790,6,0.0000,6.0000,6,0,双开,S,2436.0000,0.0000,0.0000,0.0000,0.0000,2437.0000,0.0000,0.0000,0.0000,0.0000,9,0,0,0,0,70,0,0,0,0
zc,WS209,2012-06-06 09:01:27.070,2436.0000,253786,-4,0.0000,10.0000,3,7,多平,S,2436.0000,0.0000,0.0000,0.0000,0.0000,2437.0000,0.0000,0.0000,0.0000,0.0000,4,0,0,0,0,65,0,0,0,0
zc,WS209,2012-06-06 09:01:27.537,2436.0000,253790,4,0.0000,6.0000,5,1,空开,S,2436.0000,0.0000,0.0000,0.0000,0.0000,2437.0000,0.0000,0.0000,0.0000,0.0000,1,0,0,0,0,66,0,0,0,0
zc,WS209,2012-06-06 09:01:28.037,2437.0000,253786,-4,0.0000,44.0000,20,24,空平,B,2436.0000,0.0000,0.0000,0.0000,0.0000,2437.0000,0.0000,0.0000,0.0000,0.0000,2,0,0,0,0,44,0,0,0,0
zc,WS209,2012-06-06 09:01:28.787,2437.0000,253786,0,0.0000,0.0000,0,0,多换,B,2436.0000,0.0000,0.0000,0.0000,0.0000,2437.0000,0.0000,0.0000,0.0000,0.0000,27,0,0,0,0,51,0,0,0,0
zc,WS209,2012-06-06 09:01:29.570,2437.0000,253786,0,0.0000,0.0000,0,0,多换,B,2436.0000,0.0000,0.0000,0.0000,0.0000,2437.0000,0.0000,0.0000,0.0000,0.0000,5,0,0,0,0,52,0,0,0,0
zc,WS209,2012-06-06 09:01:30.007,2436.0000,253788,2,0.0000,2.0000,2,0,双开,S,2436.0000,0.0000,0.0000,0.0000,0.0000,2437.0000,0.0000,0.0000,0.0000,0.0000,10,0,0,0,0,52,0,0,0,0
zc,WS209,2012-06-06 09:01:30.727,2436.0000,253788,0,0.0000,0.0000,0,0,空换,S,2436.0000,0.0000,0.0000,0.0000,0.0000,2437.0000,0.0000,0.0000,0.0000,0.0000,12,0,0,0,0,64,0,0,0,0
zc,WS209,2012-06-06 09:01:31.320,2436.0000,253788,0,0.0000,0.0000,0,0,空换,S,2436.0000,0.0000,0.0000,0.0000,0.0000,2437.0000,0.0000,0.0000,0.0000,0.0000,14,0,0,0,0,64,0,0,0,0
zc,WS209,2012-06-06 09:01:32.007,2436.0000,253778,-10,0.0000,18.0000,4,14,多平,S,2436.0000,0.0000,0.0000,0.0000,0.0000,2437.0000,0.0000,0.0000,0.0000,0.0000,8,0,0,0,0,64,0,0,0,0
zc,WS209,2012-06-06 09:01:32.587,2437.0000,253772,-6,0.0000,102.0000,48,54,空平,B,2436.0000,0.0000,0.0000,0.0000,0.0000,2437.0000,0.0000,0.0000,0.0000,0.0000,8,0,0,0,0,13,0,0,0,0
zc,WS209,2012-06-06 09:01:33.240,2437.0000,253774,2,0.0000,6.0000,4,2,多开,B,2436.0000,0.0000,0.0000,0.0000,0.0000,2437.0000,0.0000,0.0000,0.0000,0.0000,6,0,0,0,0,18,0,0,0,0
zc,WS209,2012-06-06 09:01:34.570,2437.0000,253774,0,0.0000,2.0000,1,1,多换,B,2436.0000,0.0000,0.0000,0.0000,0.0000,2437.0000,0.0000,0.0000,0.0000,0.0000,8,0,0,0,0,25,0,0,0,0
zc,WS209,2012-06-06 09:01:35.023,2437.0000,253794,20,0.0000,40.0000,30,10,多开,B,2436.0000,0.0000,0.0000,0.0000,0.0000,2437.0000,0.0000,0.0000,0.0000,0.0000,12,0,0,0,0,5,0,0,0,0
zc,WS209,2012-06-06 09:01:36.320,2436.0000,253792,-2,0.0000,2.0000,0,2,双平,S,2436.0000,0.0000,0.0000,0.0000,0.0000,2437.0000,0.0000,0.0000,0.0000,0.0000,11,0,0,0,0,7,0,0,0,0
zc,WS209,2012-06-06 09:01:37.100,2437.0000,253794,2,0.0000,2.0000,2,0,双开,B,2436.0000,0.0000,0.0000,0.0000,0.0000,2437.0000,0.0000,0.0000,0.0000,0.0000,11,0,0,0,0,6,0,0,0,0
zc,WS209,2012-06-06 09:01:37.490,2437.0000,253802,8,0.0000,8.0000,8,0,双开,B,2436.0000,0.0000,0.0000,0.0000,0.0000,2437.0000,0.0000,0.0000,0.0000,0.0000,11,0,0,0,0,3,0,0,0,0
zc,WS209,2012-06-06 09:01:38.257,2436.0000,253802,0,0.0000,2.0000,1,1,空换,S,2436.0000,0.0000,0.0000,0.0000,0.0000,2437.0000,0.0000,0.0000,0.0000,0.0000,12,0,0,0,0,3,0,0,0,0
zc,WS209,2012-06-06 09:01:38.820,2436.0000,253802,0,0.0000,0.0000,0,0,空换,S,2436.0000,0.0000,0.0000,0.0000,0.0000,2437.0000,0.0000,0.0000,0.0000,0.0000,12,0,0,0,0,4,0,0,0,0
zc,WS209,2012-06-06 09:01:39.523,2437.0000,253806,4,0.0000,8.0000,6,2,多开,B,2437.0000,0.0000,0.0000,0.0000,0.0000,2438.0000,0.0000,0.0000,0.0000,0.0000,1,0,0,0,0,413,0,0,0,0
zc,WS209,2012-06-06 09:01:40.023,2437.0000,253806,0,0.0000,0.0000,0,0,多换,B,2437.0000,0.0000,0.0000,0.0000,0.0000,2438.0000,0.0000,0.0000,0.0000,0.0000,27,0,0,0,0,413,0,0,0,0
zc,WS209,2012-06-06 09:01:40.537,2438.0000,253810,4,0.0000,22.0000,13,9,多开,B,2437.0000,0.0000,0.0000,0.0000,0.0000,2438.0000,0.0000,0.0000,0.0000,0.0000,18,0,0,0,0,411,0,0,0,0
zc,WS209,2012-06-06 09:01:42.023,2437.0000,253812,2,0.0000,2.0000,2,0,双开,S,2437.0000,0.0000,0.0000,0.0000,0.0000,2438.0000,0.0000,0.0000,0.0000,0.0000,17,0,0,0,0,338,0,0,0,0
zc,WS209,2012-06-06 09:01:42.507,2437.0000,253812,0,0.0000,0.0000,0,0,空换,S,2437.0000,0.0000,0.0000,0.0000,0.0000,2438.0000,0.0000,0.0000,0.0000,0.0000,67,0,0,0,0,336,0,0,0,0
zc,WS209,2012-06-06 09:01:43.023,2437.0000,253796,-16,0.0000,20.0000,2,18,多平,S,2437.0000,0.0000,0.0000,0.0000,0.0000,2438.0000,0.0000,0.0000,0.0000,0.0000,57,0,0,0,0,368,0,0,0,0
zc,WS209,2012-06-06 09:01:43.757,2437.0000,253796,0,0.0000,0.0000,0,0,空换,S,2437.0000,0.0000,0.0000,0.0000,0.0000,2438.0000,0.0000,0.0000,0.0000,0.0000,63,0,0,0,0,358,0,0,0,0
zc,WS209,2012-06-06 09:01:44.257,2437.0000,253772,-24,0.0000,26.0000,1,25,多平,S,2437.0000,0.0000,0.0000,0.0000,0.0000,2438.0000,0.0000,0.0000,0.0000,0.0000,50,0,0,0,0,412,0,0,0,0
zc,WS209,2012-06-06 09:01:45.037,2438.0000,253930,158,0.0000,210.0000,184,26,多开,B,2437.0000,0.0000,0.0000,0.0000,0.0000,2438.0000,0.0000,0.0000,0.0000,0.0000,50,0,0,0,0,310,0,0,0,0
zc,WS209,2012-06-06 09:01:45.523,2438.0000,253930,0,0.0000,4.0000,2,2,多换,B,2437.0000,0.0000,0.0000,0.0000,0.0000,2438.0000,0.0000,0.0000,0.0000,0.0000,51,0,0,0,0,308,0,0,0,0
zc,WS209,2012-06-06 09:01:46.303,2437.0000,253928,-2,0.0000,2.0000,0,2,双平,S,2437.0000,0.0000,0.0000,0.0000,0.0000,2438.0000,0.0000,0.0000,0.0000,0.0000,50,0,0,0,0,308,0,0,0,0
zc,WS209,2012-06-06 09:01:47.523,2437.0000,253928,0,0.0000,0.0000,0,0,空换,S,2437.0000,0.0000,0.0000,0.0000,0.0000,2438.0000,0.0000,0.0000,0.0000,0.0000,51,0,0,0,0,308,0,0,0,0
zc,WS209,2012-06-06 09:01:47.773,2437.0000,253928,0,0.0000,0.0000,0,0,空换,S,2437.0000,0.0000,0.0000,0.0000,0.0000,2438.0000,0.0000,0.0000,0.0000,0.0000,63,0,0,0,0,308,0,0,0,0
zc,WS209,2012-06-06 09:01:48.523,2437.0000,253928,0,0.0000,0.0000,0,0,空换,S,2437.0000,0.0000,0.0000,0.0000,0.0000,2438.0000,0.0000,0.0000,0.0000,0.0000,67,0,0,0,0,308,0,0,0,0
zc,WS209,2012-06-06 09:01:49.837,2438.0000,253928,0,0.0000,2.0000,1,1,多换,B,2437.0000,0.0000,0.0000,0.0000,0.0000,2438.0000,0.0000,0.0000,0.0000,0.0000,71,0,0,0,0,307,0,0,0,0
zc,WS209,2012-06-06 09:01:50.507,2438.0000,253928,0,0.0000,4.0000,2,2,多换,B,2437.0000,0.0000,0.0000,0.0000,0.0000,2438.0000,0.0000,0.0000,0.0000,0.0000,71,0,0,0,0,305,0,0,0,0
zc,WS209,2012-06-06 09:01:50.740,2438.0000,253908,-20,0.0000,24.0000,2,22,空平,B,2437.0000,0.0000,0.0000,0.0000,0.0000,2438.0000,0.0000,0.0000,0.0000,0.0000,60,0,0,0,0,293,0,0,0,0
zc,WS209,2012-06-06 09:01:51.507,2437.0000,253904,-4,0.0000,4.0000,0,4,双平,S,2437.0000,0.0000,0.0000,0.0000,0.0000,2438.0000,0.0000,0.0000,0.0000,0.0000,58,0,0,0,0,288,0,0,0,0
zc,WS209,2012-06-06 09:01:52.007,2437.0000,253824,-80,0.0000,116.0000,18,98,多平,S,2436.0000,0.0000,0.0000,0.0000,0.0000,2438.0000,0.0000,0.0000,0.0000,0.0000,23,0,0,0,0,234,0,0,0,0
zc,WS209,2012-06-06 09:01:52.727,2438.0000,253828,4,0.0000,4.0000,4,0,双开,B,2436.0000,0.0000,0.0000,0.0000,0.0000,2438.0000,0.0000,0.0000,0.0000,0.0000,23,0,0,0,0,232,0,0,0,0
zc,WS209,2012-06-06 09:01:52.977,2438.0000,253828,0,0.0000,0.0000,0,0,多换,B,2436.0000,0.0000,0.0000,0.0000,0.0000,2437.0000,0.0000,0.0000,0.0000,0.0000,23,0,0,0,0,6,0,0,0,0
zc,WS209,2012-06-06 09:01:53.697,2437.0000,253828,0,0.0000,4.0000,2,2,空换,S,2436.0000,0.0000,0.0000,0.0000,0.0000,2437.0000,0.0000,0.0000,0.0000,0.0000,23,0,0,0,0,4,0,0,0,0
zc,WS209,2012-06-06 09:01:54.240,2436.0000,253826,-2,0.0000,2.0000,0,2,双平,S,2436.0000,0.0000,0.0000,0.0000,0.0000,2437.0000,0.0000,0.0000,0.0000,0.0000,22,0,0,0,0,3,0,0,0,0
zc,WS209,2012-06-06 09:01:55.023,2437.0000,253820,-6,0.0000,8.0000,1,7,空平,B,2436.0000,0.0000,0.0000,0.0000,0.0000,2437.0000,0.0000,0.0000,0.0000,0.0000,23,0,0,0,0,29,0,0,0,0
zc,WS209,2012-06-06 09:01:55.537,2437.0000,253820,0,0.0000,0.0000,0,0,多换,B,2436.0000,0.0000,0.0000,0.0000,0.0000,2437.0000,0.0000,0.0000,0.0000,0.0000,23,0,0,0,0,59,0,0,0,0
zc,WS209,2012-06-06 09:01:56.037,2436.0000,253816,-4,0.0000,18.0000,7,11,多平,S,2436.0000,0.0000,0.0000,0.0000,0.0000,2437.0000,0.0000,0.0000,0.0000,0.0000,14,0,0,0,0,90,0,0,0,0
zc,WS209,2012-06-06 09:01:57.007,2437.0000,253816,0,0.0000,4.0000,2,2,多换,B,2436.0000,0.0000,0.0000,0.0000,0.0000,2437.0000,0.0000,0.0000,0.0000,0.0000,15,0,0,0,0,88,0,0,0,0
zc,WS209,2012-06-06 09:01:57.303,2437.0000,253824,8,0.0000,64.0000,36,28,多开,B,2436.0000,0.0000,0.0000,0.0000,0.0000,2437.0000,0.0000,0.0000,0.0000,0.0000,7,0,0,0,0,96,0,0,0,0
zc,WS209,2012-06-06 09:01:58.007,2437.0000,253822,-2,0.0000,4.0000,1,3,空平,B,2436.0000,0.0000,0.0000,0.0000,0.0000,2437.0000,0.0000,0.0000,0.0000,0.0000,6,0,0,0,0,54,0,0,0,0
zc,WS209,2012-06-06 09:01:58.523,2437.0000,253822,0,0.0000,0.0000,0,0,多换,B,2436.0000,0.0000,0.0000,0.0000,0.0000,2437.0000,0.0000,0.0000,0.0000,0.0000,6,0,0,0,0,72,0,0,0,0
zc,WS209,2012-06-06 09:01:59.257,2436.0000,253822,0,0.0000,2.0000,1,1,空换,S,2436.0000,0.0000,0.0000,0.0000,0.0000,2437.0000,0.0000,0.0000,0.0000,0.0000,7,0,0,0,0,69,0,0,0,0
zc,WS209,2012-06-06 09:01:59.727,2436.0000,253816,-6,0.0000,16.0000,5,11,多平,S,2436.0000,0.0000,0.0000,0.0000,0.0000,2437.0000,0.0000,0.0000,0.0000,0.0000,4,0,0,0,0,64,0,0,0,0
zc,WS209,2012-06-06 09:02:00.257,2436.0000,253816,0,0.0000,2.0000,1,1,空换,S,2436.0000,0.0000,0.0000,0.0000,0.0000,2437.0000,0.0000,0.0000,0.0000,0.0000,12,0,0,0,0,63,0,0,0,0
zc,WS209,2012-06-06 09:02:01.053,2436.0000,253816,0,0.0000,2.0000,1,1,空换,S,2436.0000,0.0000,0.0000,0.0000,0.0000,2437.0000,0.0000,0.0000,0.0000,0.0000,11,0,0,0,0,62,0,0,0,0
zc,WS209,2012-06-06 09:02:01.600,2436.0000,253812,-4,0.0000,38.0000,17,21,多平,S,2435.0000,0.0000,0.0000,0.0000,0.0000,2437.0000,0.0000,0.0000,0.0000,0.0000,97,0,0,0,0,73,0,0,0,0
zc,WS209,2012-06-06 09:02:02.257,2437.0000,253752,-60,0.0000,122.0000,31,91,空平,B,2436.0000,0.0000,0.0000,0.0000,0.0000,2437.0000,0.0000,0.0000,0.0000,0.0000,2,0,0,0,0,75,0,0,0,0
zc,WS209,2012-06-06 09:02:02.803,2436.0000,253742,-10,0.0000,10.0000,0,10,双平,S,2435.0000,0.0000,0.0000,0.0000,0.0000,2436.0000,0.0000,0.0000,0.0000,0.0000,99,0,0,0,0,22,0,0,0,0
zc,WS209,2012-06-06 09:02:04.537,2436.0000,253638,-104,0.0000,112.0000,4,108,多平,S,2436.0000,0.0000,0.0000,0.0000,0.0000,2437.0000,0.0000,0.0000,0.0000,0.0000,10,0,0,0,0,68,0,0,0,0
zc,WS209,2012-06-06 09:02:04.977,2435.0000,253642,4,0.0000,36.0000,20,16,空开,S,2435.0000,0.0000,0.0000,0.0000,0.0000,2436.0000,0.0000,0.0000,0.0000,0.0000,91,0,0,0,0,2,0,0,0,0
zc,WS209,2012-06-06 09:02:05.787,2435.0000,253642,0,0.0000,2.0000,1,1,空换,S,2435.0000,0.0000,0.0000,0.0000,0.0000,2436.0000,0.0000,0.0000,0.0000,0.0000,91,0,0,0,0,31,0,0,0,0
zc,WS209,2012-06-06 09:02:06.240,2436.0000,253642,0,0.0000,6.0000,3,3,多换,B,2435.0000,0.0000,0.0000,0.0000,0.0000,2436.0000,0.0000,0.0000,0.0000,0.0000,91,0,0,0,0,35,0,0,0,0
zc,WS209,2012-06-06 09:02:06.990,2435.0000,253642,0,0.0000,4.0000,2,2,空换,S,2435.0000,0.0000,0.0000,0.0000,0.0000,2436.0000,0.0000,0.0000,0.0000,0.0000,89,0,0,0,0,40,0,0,0,0
zc,WS209,2012-06-06 09:02:07.587,2436.0000,253644,2,0.0000,8.0000,5,3,多开,B,2435.0000,0.0000,0.0000,0.0000,0.0000,2436.0000,0.0000,0.0000,0.0000,0.0000,86,0,0,0,0,49,0,0,0,0
zc,WS209,2012-06-06 09:02:08.007,2435.0000,253656,12,0.0000,100.0000,56,44,空开,S,2435.0000,0.0000,0.0000,0.0000,0.0000,2436.0000,0.0000,0.0000,0.0000,0.0000,36,0,0,0,0,63,0,0,0,0
zc,WS209,2012-06-06 09:02:08.757,2435.0000,253662,6,0.0000,6.0000,6,0,双开,S,2435.0000,0.0000,0.0000,0.0000,0.0000,2436.0000,0.0000,0.0000,0.0000,0.0000,36,0,0,0,0,60,0,0,0,0
zc,WS209,2012-06-06 09:02:09.227,2435.0000,253722,60,0.0000,76.0000,68,8,空开,S,2434.0000,0.0000,0.0000,0.0000,0.0000,2435.0000,0.0000,0.0000,0.0000,0.0000,38,0,0,0,0,1,0,0,0,0
zc,WS209,2012-06-06 09:02:10.023,2435.0000,253722,0,0.0000,2.0000,1,1,空换,S,2435.0000,0.0000,0.0000,0.0000,0.0000,2436.0000,0.0000,0.0000,0.0000,0.0000,14,0,0,0,0,56,0,0,0,0
zc,WS209,2012-06-06 09:02:10.537,2435.0000,253752,30,0.0000,30.0000,30,0,双开,S,2434.0000,0.0000,0.0000,0.0000,0.0000,2435.0000,0.0000,0.0000,0.0000,0.0000,38,0,0,0,0,2,0,0,0,0
zc,WS209,2012-06-06 09:02:11.053,2434.0000,253808,56,0.0000,78.0000,67,11,空开,S,2433.0000,0.0000,0.0000,0.0000,0.0000,2435.0000,0.0000,0.0000,0.0000,0.0000,72,0,0,0,0,3,0,0,0,0
zc,WS209,2012-06-06 09:02:11.523,2433.0000,253806,-2,0.0000,2.0000,0,2,双平,S,2433.0000,0.0000,0.0000,0.0000,0.0000,2434.0000,0.0000,0.0000,0.0000,0.0000,82,0,0,0,0,13,0,0,0,0
zc,WS209,2012-06-06 09:02:12.273,2433.0000,253808,2,0.0000,86.0000,44,42,空开,S,2433.0000,0.0000,0.0000,0.0000,0.0000,2434.0000,0.0000,0.0000,0.0000,0.0000,41,0,0,0,0,35,0,0,0,0
zc,WS209,2012-06-06 09:02:12.757,2433.0000,253844,36,0.0000,82.0000,59,23,空开,S,2432.0000,0.0000,0.0000,0.0000,0.0000,2433.0000,0.0000,0.0000,0.0000,0.0000,15,0,0,0,0,35,0,0,0,0
zc,WS209,2012-06-06 09:02:13.553,2433.0000,253844,0,0.0000,0.0000,0,0,空换,S,2432.0000,0.0000,0.0000,0.0000,0.0000,2433.0000,0.0000,0.0000,0.0000,0.0000,16,0,0,0,0,21,0,0,0,0
zc,WS209,2012-06-06 09:02:13.977,2432.0000,253844,0,0.0000,8.0000,4,4,空换,S,2432.0000,0.0000,0.0000,0.0000,0.0000,2433.0000,0.0000,0.0000,0.0000,0.0000,12,0,0,0,0,24,0,0,0,0
zc,WS209,2012-06-06 09:02:14.787,2432.0000,253848,4,0.0000,6.0000,5,1,空开,S,2432.0000,0.0000,0.0000,0.0000,0.0000,2433.0000,0.0000,0.0000,0.0000,0.0000,11,0,0,0,0,23,0,0,0,0
zc,WS209,2012-06-06 09:02:15.240,2432.0000,253848,0,0.0000,4.0000,2,2,空换,S,2432.0000,0.0000,0.0000,0.0000,0.0000,2433.0000,0.0000,0.0000,0.0000,0.0000,9,0,0,0,0,26,0,0,0,0
zc,WS209,2012-06-06 09:02:16.087,2432.0000,253850,2,0.0000,2.0000,2,0,双开,S,2432.0000,0.0000,0.0000,0.0000,0.0000,2433.0000,0.0000,0.0000,0.0000,0.0000,12,0,0,0,0,41,0,0,0,0
zc,WS209,2012-06-06 09:02:16.757,2432.0000,253866,16,0.0000,28.0000,22,6,空开,S,2432.0000,0.0000,0.0000,0.0000,0.0000,2433.0000,0.0000,0.0000,0.0000,0.0000,5,0,0,0,0,29,0,0,0,0
zc,WS209,2012-06-06 09:02:17.367,2432.0000,253862,-4,0.0000,10.0000,3,7,多平,S,2431.0000,0.0000,0.0000,0.0000,0.0000,2433.0000,0.0000,0.0000,0.0000,0.0000,62,0,0,0,0,29,0,0,0,0
zc,WS209,2012-06-06 09:02:18.023,2431.0000,253864,2,0.0000,2.0000,2,0,双开,S,2431.0000,0.0000,0.0000,0.0000,0.0000,2432.0000,0.0000,0.0000,0.0000,0.0000,63,0,0,0,0,3,0,0,0,0
zc,WS209,2012-06-06 09:02:18.477,2431.0000,253910,46,0.0000,96.0000,71,25,空开,S,2431.0000,0.0000,0.0000,0.0000,0.0000,2432.0000,0.0000,0.0000,0.0000,0.0000,15,0,0,0,0,50,0,0,0,0
zc,WS209,2012-06-06 09:02:19.320,2432.0000,253932,22,0.0000,38.0000,30,8,多开,B,2430.0000,0.0000,0.0000,0.0000,0.0000,2432.0000,0.0000,0.0000,0.0000,0.0000,131,0,0,0,0,41,0,0,0,0
zc,WS209,2012-06-06 09:02:19.787,2430.0000,253928,-4,0.0000,20.0000,8,12,多平,S,2430.0000,0.0000,0.0000,0.0000,0.0000,2431.0000,0.0000,0.0000,0.0000,0.0000,129,0,0,0,0,20,0,0,0,0
zc,WS209,2012-06-06 09:02:20.523,2431.0000,253886,-42,0.0000,58.0000,8,50,空平,B,2430.0000,0.0000,0.0000,0.0000,0.0000,2431.0000,0.0000,0.0000,0.0000,0.0000,102,0,0,0,0,3,0,0,0,0
zc,WS209,2012-06-06 09:02:21.007,2431.0000,253886,0,0.0000,6.0000,3,3,多换,B,2430.0000,0.0000,0.0000,0.0000,0.0000,2431.0000,0.0000,0.0000,0.0000,0.0000,101,0,0,0,0,30,0,0,0,0
zc,WS209,2012-06-06 09:02:21.757,2430.0000,253888,2,0.0000,12.0000,7,5,空开,S,2430.0000,0.0000,0.0000,0.0000,0.0000,2431.0000,0.0000,0.0000,0.0000,0.0000,100,0,0,0,0,22,0,0,0,0
zc,WS209,2012-06-06 09:02:22.037,2431.0000,253888,0,0.0000,6.0000,3,3,多换,B,2430.0000,0.0000,0.0000,0.0000,0.0000,2431.0000,0.0000,0.0000,0.0000,0.0000,100,0,0,0,0,19,0,0,0,0
zc,WS209,2012-06-06 09:02:22.787,2430.0000,253888,0,0.0000,4.0000,2,2,空换,S,2430.0000,0.0000,0.0000,0.0000,0.0000,2431.0000,0.0000,0.0000,0.0000,0.0000,100,0,0,0,0,19,0,0,0,0
zc,WS209,2012-06-06 09:02:23.227,2431.0000,253890,2,0.0000,4.0000,3,1,多开,B,2430.0000,0.0000,0.0000,0.0000,0.0000,2431.0000,0.0000,0.0000,0.0000,0.0000,100,0,0,0,0,29,0,0,0,0
zc,WS209,2012-06-06 09:02:24.037,2430.0000,253912,22,0.0000,32.0000,27,5,空开,S,2430.0000,0.0000,0.0000,0.0000,0.0000,2431.0000,0.0000,0.0000,0.0000,0.0000,95,0,0,0,0,19,0,0,0,0
zc,WS209,2012-06-06 09:02:24.537,2430.0000,253914,2,0.0000,38.0000,20,18,空开,S,2430.0000,0.0000,0.0000,0.0000,0.0000,2431.0000,0.0000,0.0000,0.0000,0.0000,77,0,0,0,0,25,0,0,0,0
zc,WS209,2012-06-06 09:02:25.257,2430.0000,253886,-28,0.0000,40.0000,6,34,多平,S,2430.0000,0.0000,0.0000,0.0000,0.0000,2431.0000,0.0000,0.0000,0.0000,0.0000,62,0,0,0,0,20,0,0,0,0
zc,WS209,2012-06-06 09:02:26.007,2430.0000,253886,0,0.0000,4.0000,2,2,空换,S,2430.0000,0.0000,0.0000,0.0000,0.0000,2431.0000,0.0000,0.0000,0.0000,0.0000,72,0,0,0,0,20,0,0,0,0
zc,WS209,2012-06-06 09:02:27.320,2430.0000,253860,-26,0.0000,38.0000,6,32,多平,S,2430.0000,0.0000,0.0000,0.0000,0.0000,2431.0000,0.0000,0.0000,0.0000,0.0000,76,0,0,0,0,9,0,0,0,0
zc,WS209,2012-06-06 09:02:28.007,2430.0000,253904,44,0.0000,44.0000,44,0,双开,S,2430.0000,0.0000,0.0000,0.0000,0.0000,2431.0000,0.0000,0.0000,0.0000,0.0000,54,0,0,0,0,9,0,0,0,0
zc,WS209,2012-06-06 09:02:28.787,2430.0000,253888,-16,0.0000,22.0000,3,19,多平,S,2431.0000,0.0000,0.0000,0.0000,0.0000,2432.0000,0.0000,0.0000,0.0000,0.0000,1,0,0,0,0,30,0,0,0,0
zc,WS209,2012-06-06 09:02:29.523,2430.0000,253888,0,0.0000,4.0000,2,2,空换,S,2430.0000,0.0000,0.0000,0.0000,0.0000,2432.0000,0.0000,0.0000,0.0000,0.0000,41,0,0,0,0,30,0,0,0,0
zc,WS209,2012-06-06 09:02:29.757,2430.0000,253894,6,0.0000,8.0000,7,1,空开,S,2430.0000,0.0000,0.0000,0.0000,0.0000,2432.0000,0.0000,0.0000,0.0000,0.0000,43,0,0,0,0,16,0,0,0,0
zc,WS209,2012-06-06 09:02:30.553,2430.0000,253894,0,0.0000,6.0000,3,3,空换,S,2430.0000,0.0000,0.0000,0.0000,0.0000,2431.0000,0.0000,0.0000,0.0000,0.0000,40,0,0,0,0,1,0,0,0,0
zc,WS209,2012-06-06 09:02:30.977,2430.0000,253894,0,0.0000,8.0000,4,4,空换,S,2430.0000,0.0000,0.0000,0.0000,0.0000,2431.0000,0.0000,0.0000,0.0000,0.0000,36,0,0,0,0,1,0,0,0,0
zc,WS209,2012-06-06 09:02:31.740,2431.0000,253894,0,0.0000,2.0000,1,1,多换,B,2430.0000,0.0000,0.0000,0.0000,0.0000,2432.0000,0.0000,0.0000,0.0000,0.0000,45,0,0,0,0,16,0,0,0,0
zc,WS209,2012-06-06 09:02:33.007,2432.0000,253896,2,0.0000,4.0000,3,1,多开,B,2431.0000,0.0000,0.0000,0.0000,0.0000,2432.0000,0.0000,0.0000,0.0000,0.0000,30,0,0,0,0,17,0,0,0,0
zc,WS209,2012-06-06 09:02:33.787,2432.0000,253896,0,0.0000,4.0000,2,2,多换,B,2431.0000,0.0000,0.0000,0.0000,0.0000,2432.0000,0.0000,0.0000,0.0000,0.0000,40,0,0,0,0,15,0,0,0,0
zc,WS209,2012-06-06 09:02:34.287,2432.0000,253896,0,0.0000,0.0000,0,0,多换,B,2431.0000,0.0000,0.0000,0.0000,0.0000,2432.0000,0.0000,0.0000,0.0000,0.0000,41,0,0,0,0,16,0,0,0,0
zc,WS209,2012-06-06 09:02:35.087,2430.0000,253894,-2,0.0000,124.0000,61,63,多平,S,2430.0000,0.0000,0.0000,0.0000,0.0000,2431.0000,0.0000,0.0000,0.0000,0.0000,136,0,0,0,0,59,0,0,0,0
zc,WS209,2012-06-06 09:02:35.587,2431.0000,253894,0,0.0000,2.0000,1,1,多换,B,2430.0000,0.0000,0.0000,0.0000,0.0000,2431.0000,0.0000,0.0000,0.0000,0.0000,136,0,0,0,0,58,0,0,0,0
zc,WS209,2012-06-06 09:02:36.273,2431.0000,253894,0,0.0000,0.0000,0,0,多换,B,2430.0000,0.0000,0.0000,0.0000,0.0000,2431.0000,0.0000,0.0000,0.0000,0.0000,179,0,0,0,0,62,0,0,0,0
zc,WS209,2012-06-06 09:02:36.757,2431.0000,253894,0,0.0000,106.0000,53,53,多换,B,2430.0000,0.0000,0.0000,0.0000,0.0000,2431.0000,0.0000,0.0000,0.0000,0.0000,128,0,0,0,0,10,0,0,0,0
zc,WS209,2012-06-06 09:02:37.537,2431.0000,253894,0,0.0000,6.0000,3,3,多换,B,2430.0000,0.0000,0.0000,0.0000,0.0000,2431.0000,0.0000,0.0000,0.0000,0.0000,123,0,0,0,0,7,0,0,0,0
zc,WS209,2012-06-06 09:02:37.803,2431.0000,253904,10,0.0000,14.0000,12,2,多开,B,2430.0000,0.0000,0.0000,0.0000,0.0000,2431.0000,0.0000,0.0000,0.0000,0.0000,185,0,0,0,0,1,0,0,0,0
zc,WS209,2012-06-06 09:02:38.787,2431.0000,253904,0,0.0000,0.0000,0,0,多换,B,2430.0000,0.0000,0.0000,0.0000,0.0000,2431.0000,0.0000,0.0000,0.0000,0.0000,190,0,0,0,0,1,0,0,0,0
zc,WS209,2012-06-06 09:02:39.007,2431.0000,253904,0,0.0000,2.0000,1,1,多换,B,2431.0000,0.0000,0.0000,0.0000,0.0000,2432.0000,0.0000,0.0000,0.0000,0.0000,1,0,0,0,0,15,0,0,0,0
zc,WS209,2012-06-06 09:02:39.803,2431.0000,253904,0,0.0000,0.0000,0,0,多换,B,2431.0000,0.0000,0.0000,0.0000,0.0000,2432.0000,0.0000,0.0000,0.0000,0.0000,11,0,0,0,0,16,0,0,0,0
zc,WS209,2012-06-06 09:02:40.240,2431.0000,253904,0,0.0000,0.0000,0,0,多换,B,2431.0000,0.0000,0.0000,0.0000,0.0000,2432.0000,0.0000,0.0000,0.0000,0.0000,27,0,0,0,0,16,0,0,0,0
zc,WS209,2012-06-06 09:02:41.007,2431.0000,253910,6,0.0000,26.0000,16,10,多开,B,2431.0000,0.0000,0.0000,0.0000,0.0000,2432.0000,0.0000,0.0000,0.0000,0.0000,26,0,0,0,0,16,0,0,0,0
zc,WS209,2012-06-06 09:02:41.757,2431.0000,253916,6,0.0000,14.0000,10,4,多开,B,2431.0000,0.0000,0.0000,0.0000,0.0000,2432.0000,0.0000,0.0000,0.0000,0.0000,23,0,0,0,0,14,0,0,0,0
zc,WS209,2012-06-06 09:02:42.287,2431.0000,253920,4,0.0000,20.0000,12,8,多开,B,2431.0000,0.0000,0.0000,0.0000,0.0000,2432.0000,0.0000,0.0000,0.0000,0.0000,24,0,0,0,0,6,0,0,0,0
zc,WS209,2012-06-06 09:02:43.023,2431.0000,253924,4,0.0000,14.0000,9,5,多开,B,2431.0000,0.0000,0.0000,0.0000,0.0000,2432.0000,0.0000,0.0000,0.0000,0.0000,27,0,0,0,0,2,0,0,0,0
zc,WS209,2012-06-06 09:02:43.303,2431.0000,253924,0,0.0000,2.0000,1,1,多换,B,2431.0000,0.0000,0.0000,0.0000,0.0000,2432.0000,0.0000,0.0000,0.0000,0.0000,26,0,0,0,0,5,0,0,0,0
zc,WS209,2012-06-06 09:02:44.023,2432.0000,253924,0,0.0000,4.0000,2,2,多换,B,2431.0000,0.0000,0.0000,0.0000,0.0000,2432.0000,0.0000,0.0000,0.0000,0.0000,46,0,0,0,0,1,0,0,0,0
zc,WS209,2012-06-06 09:02:44.507,2432.0000,253932,8,0.0000,16.0000,12,4,多开,B,2431.0000,0.0000,0.0000,0.0000,0.0000,2433.0000,0.0000,0.0000,0.0000,0.0000,42,0,0,0,0,6,0,0,0,0
zc,WS209,2012-06-06 09:02:45.320,2430.0000,253906,-26,0.0000,216.0000,95,121,多平,S,2430.0000,0.0000,0.0000,0.0000,0.0000,2431.0000,0.0000,0.0000,0.0000,0.0000,187,0,0,0,0,197,0,0,0,0
zc,WS209,2012-06-06 09:02:45.787,2431.0000,253898,-8,0.0000,106.0000,49,57,空平,B,2430.0000,0.0000,0.0000,0.0000,0.0000,2431.0000,0.0000,0.0000,0.0000,0.0000,189,0,0,0,0,144,0,0,0,0
zc,WS209,2012-06-06 09:02:46.507,2431.0000,253896,-2,0.0000,110.0000,54,56,空平,B,2430.0000,0.0000,0.0000,0.0000,0.0000,2431.0000,0.0000,0.0000,0.0000,0.0000,185,0,0,0,0,92,0,0,0,0
zc,WS209,2012-06-06 09:02:47.007,2430.0000,253880,-16,0.0000,40.0000,12,28,多平,S,2430.0000,0.0000,0.0000,0.0000,0.0000,2431.0000,0.0000,0.0000,0.0000,0.0000,171,0,0,0,0,82,0,0,0,0
zc,WS209,2012-06-06 09:02:47.803,2431.0000,253872,-8,0.0000,36.0000,14,22,空平,B,2430.0000,0.0000,0.0000,0.0000,0.0000,2431.0000,0.0000,0.0000,0.0000,0.0000,188,0,0,0,0,64,0,0,0,0
zc,WS209,2012-06-06 09:02:48.257,2431.0000,253872,0,0.0000,2.0000,1,1,多换,B,2430.0000,0.0000,0.0000,0.0000,0.0000,2431.0000,0.0000,0.0000,0.0000,0.0000,187,0,0,0,0,63,0,0,0,0
zc,WS209,2012-06-06 09:02:49.007,2431.0000,253872,0,0.0000,26.0000,13,13,多换,B,2430.0000,0.0000,0.0000,0.0000,0.0000,2431.0000,0.0000,0.0000,0.0000,0.0000,175,0,0,0,0,60,0,0,0,0
zc,WS209,2012-06-06 09:02:49.523,2431.0000,253872,0,0.0000,16.0000,8,8,多换,B,2430.0000,0.0000,0.0000,0.0000,0.0000,2431.0000,0.0000,0.0000,0.0000,0.0000,197,0,0,0,0,52,0,0,0,0
zc,WS209,2012-06-06 09:02:50.023,2431.0000,253870,-2,0.0000,16.0000,7,9,空平,B,2430.0000,0.0000,0.0000,0.0000,0.0000,2431.0000,0.0000,0.0000,0.0000,0.0000,191,0,0,0,0,44,0,0,0,0
zc,WS209,2012-06-06 09:02:50.773,2430.0000,253872,2,0.0000,6.0000,4,2,空开,S,2430.0000,0.0000,0.0000,0.0000,0.0000,2431.0000,0.0000,0.0000,0.0000,0.0000,189,0,0,0,0,42,0,0,0,0
zc,WS209,2012-06-06 09:02:51.227,2431.0000,253896,24,0.0000,56.0000,40,16,多开,B,2430.0000,0.0000,0.0000,0.0000,0.0000,2431.0000,0.0000,0.0000,0.0000,0.0000,213,0,0,0,0,34,0,0,0,0
zc,WS209,2012-06-06 09:02:52.037,2431.0000,253896,0,0.0000,0.0000,0,0,多换,B,2430.0000,0.0000,0.0000,0.0000,0.0000,2431.0000,0.0000,0.0000,0.0000,0.0000,225,0,0,0,0,34,0,0,0,0
zc,WS209,2012-06-06 09:02:52.507,2431.0000,253828,-68,0.0000,70.0000,1,69,空平,B,2430.0000,0.0000,0.0000,0.0000,0.0000,2432.0000,0.0000,0.0000,0.0000,0.0000,181,0,0,0,0,37,0,0,0,0
zc,WS209,2012-06-06 09:02:53.257,2431.0000,253828,0,0.0000,0.0000,0,0,多换,B,2431.0000,0.0000,0.0000,0.0000,0.0000,2432.0000,0.0000,0.0000,0.0000,0.0000,10,0,0,0,0,37,0,0,0,0
zc,WS209,2012-06-06 09:02:53.727,2431.0000,253828,0,0.0000,0.0000,0,0,多换,B,2431.0000,0.0000,0.0000,0.0000,0.0000,2432.0000,0.0000,0.0000,0.0000,0.0000,17,0,0,0,0,37,0,0,0,0
zc,WS209,2012-06-06 09:02:55.477,2431.0000,253820,-8,0.0000,8.0000,0,8,双平,B,2431.0000,0.0000,0.0000,0.0000,0.0000,2432.0000,0.0000,0.0000,0.0000,0.0000,13,0,0,0,0,37,0,0,0,0
zc,WS209,2012-06-06 09:02:56.070,2431.0000,253800,-20,0.0000,22.0000,1,21,空平,B,2431.0000,0.0000,0.0000,0.0000,0.0000,2432.0000,0.0000,0.0000,0.0000,0.0000,21,0,0,0,0,35,0,0,0,0
zc,WS209,2012-06-06 09:02:56.740,2431.0000,253788,-12,0.0000,14.0000,1,13,空平,B,2431.0000,0.0000,0.0000,0.0000,0.0000,2432.0000,0.0000,0.0000,0.0000,0.0000,94,0,0,0,0,35,0,0,0,0
zc,WS209,2012-06-06 09:02:57.740,2431.0000,253788,0,0.0000,0.0000,0,0,多换,B,2431.0000,0.0000,0.0000,0.0000,0.0000,2432.0000,0.0000,0.0000,0.0000,0.0000,95,0,0,0,0,37,0,0,0,0
zc,WS209,2012-06-06 09:02:58.537,2431.0000,253792,4,0.0000,22.0000,13,9,多开,B,2431.0000,0.0000,0.0000,0.0000,0.0000,2432.0000,0.0000,0.0000,0.0000,0.0000,89,0,0,0,0,5,0,0,0,0
zc,WS209,2012-06-06 09:02:58.977,2431.0000,253790,-2,0.0000,2.0000,0,2,双平,B,2431.0000,0.0000,0.0000,0.0000,0.0000,2432.0000,0.0000,0.0000,0.0000,0.0000,88,0,0,0,0,5,0,0,0,0
zc,WS209,2012-06-06 09:02:59.523,2432.0000,253792,2,0.0000,16.0000,9,7,多开,B,2432.0000,0.0000,0.0000,0.0000,0.0000,2433.0000,0.0000,0.0000,0.0000,0.0000,12,0,0,0,0,7,0,0,0,0
zc,WS209,2012-06-06 09:02:59.990,2433.0000,253794,2,0.0000,4.0000,3,1,多开,B,2432.0000,0.0000,0.0000,0.0000,0.0000,2433.0000,0.0000,0.0000,0.0000,0.0000,11,0,0,0,0,22,0,0,0,0
zc,WS209,2012-06-06 09:03:00.710,2432.0000,253794,0,0.0000,2.0000,1,1,空换,S,2432.0000,0.0000,0.0000,0.0000,0.0000,2433.0000,0.0000,0.0000,0.0000,0.0000,10,0,0,0,0,37,0,0,0,0
zc,WS209,2012-06-06 09:03:01.490,2433.0000,253794,0,0.0000,2.0000,1,1,多换,B,2432.0000,0.0000,0.0000,0.0000,0.0000,2433.0000,0.0000,0.0000,0.0000,0.0000,10,0,0,0,0,36,0,0,0,0
zc,WS209,2012-06-06 09:03:02.257,2433.0000,253798,4,0.0000,20.0000,12,8,多开,B,2432.0000,0.0000,0.0000,0.0000,0.0000,2433.0000,0.0000,0.0000,0.0000,0.0000,10,0,0,0,0,41,0,0,0,0
zc,WS209,2012-06-06 09:03:03.977,2433.0000,253794,-4,0.0000,4.0000,0,4,双平,B,2432.0000,0.0000,0.0000,0.0000,0.0000,2433.0000,0.0000,0.0000,0.0000,0.0000,10,0,0,0,0,40,0,0,0,0
zc,WS209,2012-06-06 09:03:04.490,2433.0000,253794,0,0.0000,20.0000,10,10,多换,B,2432.0000,0.0000,0.0000,0.0000,0.0000,2433.0000,0.0000,0.0000,0.0000,0.0000,11,0,0,0,0,40,0,0,0,0
zc,WS209,2012-06-06 09:03:05.227,2433.0000,253794,0,0.0000,10.0000,5,5,多换,B,2432.0000,0.0000,0.0000,0.0000,0.0000,2433.0000,0.0000,0.0000,0.0000,0.0000,1,0,0,0,0,136,0,0,0,0
zc,WS209,2012-06-06 09:03:06.287,2433.0000,253780,-14,0.0000,26.0000,6,20,空平,B,2432.0000,0.0000,0.0000,0.0000,0.0000,2433.0000,0.0000,0.0000,0.0000,0.0000,69,0,0,0,0,44,0,0,0,0
zc,WS209,2012-06-06 09:03:06.727,2433.0000,253780,0,0.0000,0.0000,0,0,多换,B,2432.0000,0.0000,0.0000,0.0000,0.0000,2433.0000,0.0000,0.0000,0.0000,0.0000,70,0,0,0,0,44,0,0,0,0
zc,WS209,2012-06-06 09:03:07.477,2433.0000,253764,-16,0.0000,52.0000,18,34,空平,B,2432.0000,0.0000,0.0000,0.0000,0.0000,2433.0000,0.0000,0.0000,0.0000,0.0000,5,0,0,0,0,24,0,0,0,0
zc,WS209,2012-06-06 09:03:07.990,2433.0000,253758,-6,0.0000,50.0000,22,28,空平,B,2432.0000,0.0000,0.0000,0.0000,0.0000,2433.0000,0.0000,0.0000,0.0000,0.0000,9,0,0,0,0,3,0,0,0,0
zc,WS209,2012-06-06 09:03:08.523,2432.0000,253756,-2,0.0000,22.0000,10,12,多平,S,2431.0000,0.0000,0.0000,0.0000,0.0000,2432.0000,0.0000,0.0000,0.0000,0.0000,40,0,0,0,0,87,0,0,0,0
zc,WS209,2012-06-06 09:03:09.273,2432.0000,253746,-10,0.0000,34.0000,12,22,多平,S,2431.0000,0.0000,0.0000,0.0000,0.0000,2432.0000,0.0000,0.0000,0.0000,0.0000,41,0,0,0,0,70,0,0,0,0
zc,WS209,2012-06-06 09:03:09.773,2432.0000,253746,0,0.0000,10.0000,5,5,空换,S,2431.0000,0.0000,0.0000,0.0000,0.0000,2432.0000,0.0000,0.0000,0.0000,0.0000,42,0,0,0,0,65,0,0,0,0
zc,WS209,2012-06-06 09:03:10.490,2432.0000,253744,-2,0.0000,6.0000,2,4,多平,S,2431.0000,0.0000,0.0000,0.0000,0.0000,2432.0000,0.0000,0.0000,0.0000,0.0000,43,0,0,0,0,62,0,0,0,0
zc,WS209,2012-06-06 09:03:11.023,2432.0000,253678,-66,0.0000,152.0000,43,109,多平,S,2430.0000,0.0000,0.0000,0.0000,0.0000,2432.0000,0.0000,0.0000,0.0000,0.0000,191,0,0,0,0,36,0,0,0,0
zc,WS209,2012-06-06 09:03:11.820,2432.0000,253678,0,0.0000,0.0000,0,0,空换,S,2431.0000,0.0000,0.0000,0.0000,0.0000,2432.0000,0.0000,0.0000,0.0000,0.0000,11,0,0,0,0,36,0,0,0,0
zc,WS209,2012-06-06 09:03:12.490,2431.0000,253678,0,0.0000,22.0000,11,11,空换,S,2430.0000,0.0000,0.0000,0.0000,0.0000,2431.0000,0.0000,0.0000,0.0000,0.0000,173,0,0,0,0,24,0,0,0,0
zc,WS209,2012-06-06 09:03:13.240,2431.0000,253658,-20,0.0000,22.0000,1,21,多平,S,2430.0000,0.0000,0.0000,0.0000,0.0000,2431.0000,0.0000,0.0000,0.0000,0.0000,173,0,0,0,0,13,0,0,0,0
zc,WS209,2012-06-06 09:03:13.507,2431.0000,253720,62,0.0000,172.0000,117,55,空开,S,2431.0000,0.0000,0.0000,0.0000,0.0000,2432.0000,0.0000,0.0000,0.0000,0.0000,15,0,0,0,0,4,0,0,0,0
zc,WS209,2012-06-06 09:03:14.287,2432.0000,253720,0,0.0000,2.0000,1,1,多换,B,2431.0000,0.0000,0.0000,0.0000,0.0000,2432.0000,0.0000,0.0000,0.0000,0.0000,18,0,0,0,0,3,0,0,0,0
zc,WS209,2012-06-06 09:03:14.757,2432.0000,253706,-14,0.0000,24.0000,5,19,空平,B,2431.0000,0.0000,0.0000,0.0000,0.0000,2432.0000,0.0000,0.0000,0.0000,0.0000,13,0,0,0,0,42,0,0,0,0
zc,WS209,2012-06-06 09:03:15.507,2431.0000,253706,0,0.0000,4.0000,2,2,空换,S,2431.0000,0.0000,0.0000,0.0000,0.0000,2432.0000,0.0000,0.0000,0.0000,0.0000,11,0,0,0,0,40,0,0,0,0
zc,WS209,2012-06-06 09:03:16.287,2432.0000,253706,0,0.0000,2.0000,1,1,多换,B,2431.0000,0.0000,0.0000,0.0000,0.0000,2432.0000,0.0000,0.0000,0.0000,0.0000,11,0,0,0,0,41,0,0,0,0
zc,WS209,2012-06-06 09:03:17.053,2431.0000,253708,2,0.0000,6.0000,4,2,空开,S,2431.0000,0.0000,0.0000,0.0000,0.0000,2432.0000,0.0000,0.0000,0.0000,0.0000,9,0,0,0,0,41,0,0,0,0
zc,WS209,2012-06-06 09:03:17.523,2431.0000,253694,-14,0.0000,42.0000,14,28,多平,S,2430.0000,0.0000,0.0000,0.0000,0.0000,2431.0000,0.0000,0.0000,0.0000,0.0000,202,0,0,0,0,9,0,0,0,0
zc,WS209,2012-06-06 09:03:18.773,2431.0000,253678,-16,0.0000,18.0000,1,17,多平,S,2430.0000,0.0000,0.0000,0.0000,0.0000,2431.0000,0.0000,0.0000,0.0000,0.0000,203,0,0,0,0,1,0,0,0,0
zc,WS209,2012-06-06 09:03:20.007,2431.0000,253678,0,0.0000,4.0000,2,2,空换,S,2431.0000,0.0000,0.0000,0.0000,0.0000,2432.0000,0.0000,0.0000,0.0000,0.0000,2,0,0,0,0,154,0,0,0,0
zc,WS209,2012-06-06 09:03:20.757,2431.0000,253678,0,0.0000,0.0000,0,0,空换,S,2431.0000,0.0000,0.0000,0.0000,0.0000,2432.0000,0.0000,0.0000,0.0000,0.0000,13,0,0,0,0,154,0,0,0,0
zc,WS209,2012-06-06 09:03:20.977,2431.0000,253678,0,0.0000,0.0000,0,0,空换,S,2431.0000,0.0000,0.0000,0.0000,0.0000,2432.0000,0.0000,0.0000,0.0000,0.0000,14,0,0,0,0,154,0,0,0,0
zc,WS209,2012-06-06 09:03:21.507,2431.0000,253678,0,0.0000,2.0000,1,1,空换,S,2431.0000,0.0000,0.0000,0.0000,0.0000,2432.0000,0.0000,0.0000,0.0000,0.0000,34,0,0,0,0,116,0,0,0,0
zc,WS209,2012-06-06 09:03:22.273,2431.0000,253678,0,0.0000,18.0000,9,9,空换,S,2431.0000,0.0000,0.0000,0.0000,0.0000,2432.0000,0.0000,0.0000,0.0000,0.0000,35,0,0,0,0,116,0,0,0,0
zc,WS209,2012-06-06 09:03:22.727,2431.0000,253678,0,0.0000,0.0000,0,0,空换,S,2431.0000,0.0000,0.0000,0.0000,0.0000,2432.0000,0.0000,0.0000,0.0000,0.0000,52,0,0,0,0,116,0,0,0,0
zc,WS209,2012-06-06 09:03:23.477,2431.0000,253678,0,0.0000,0.0000,0,0,空换,S,2431.0000,0.0000,0.0000,0.0000,0.0000,2432.0000,0.0000,0.0000,0.0000,0.0000,54,0,0,0,0,116,0,0,0,0
zc,WS209,2012-06-06 09:03:24.053,2432.0000,253682,4,0.0000,14.0000,9,5,多开,B,2431.0000,0.0000,0.0000,0.0000,0.0000,2432.0000,0.0000,0.0000,0.0000,0.0000,52,0,0,0,0,111,0,0,0,0
zc,WS209,2012-06-06 09:03:24.477,2432.0000,253682,0,0.0000,0.0000,0,0,多换,B,2431.0000,0.0000,0.0000,0.0000,0.0000,2432.0000,0.0000,0.0000,0.0000,0.0000,53,0,0,0,0,111,0,0,0,0
zc,WS209,2012-06-06 09:03:24.977,2432.0000,253682,0,0.0000,0.0000,0,0,多换,B,2431.0000,0.0000,0.0000,0.0000,0.0000,2432.0000,0.0000,0.0000,0.0000,0.0000,54,0,0,0,0,110,0,0,0,0
zc,WS209,2012-06-06 09:03:25.710,2432.0000,253682,0,0.0000,20.0000,10,10,多换,B,2431.0000,0.0000,0.0000,0.0000,0.0000,2432.0000,0.0000,0.0000,0.0000,0.0000,95,0,0,0,0,103,0,0,0,0
zc,WS209,2012-06-06 09:03:26.240,2432.0000,253682,0,0.0000,2.0000,1,1,多换,B,2431.0000,0.0000,0.0000,0.0000,0.0000,2432.0000,0.0000,0.0000,0.0000,0.0000,105,0,0,0,0,103,0,0,0,0
zc,WS209,2012-06-06 09:03:27.087,2431.0000,253682,0,0.0000,8.0000,4,4,空换,S,2431.0000,0.0000,0.0000,0.0000,0.0000,2432.0000,0.0000,0.0000,0.0000,0.0000,128,0,0,0,0,100,0,0,0,0
zc,WS209,2012-06-06 09:03:27.710,2432.0000,253686,4,0.0000,6.0000,5,1,多开,B,2431.0000,0.0000,0.0000,0.0000,0.0000,2432.0000,0.0000,0.0000,0.0000,0.0000,127,0,0,0,0,97,0,0,0,0
zc,WS209,2012-06-06 09:03:28.210,2432.0000,253878,192,0.0000,198.0000,195,3,多开,B,2432.0000,0.0000,0.0000,0.0000,0.0000,2433.0000,0.0000,0.0000,0.0000,0.0000,78,0,0,0,0,52,0,0,0,0
zc,WS209,2012-06-06 09:03:28.710,2432.0000,253878,0,0.0000,40.0000,20,20,多换,B,2432.0000,0.0000,0.0000,0.0000,0.0000,2433.0000,0.0000,0.0000,0.0000,0.0000,68,0,0,0,0,32,0,0,0,0
zc,WS209,2012-06-06 09:03:29.240,2432.0000,253884,6,0.0000,6.0000,6,0,双开,B,2432.0000,0.0000,0.0000,0.0000,0.0000,2433.0000,0.0000,0.0000,0.0000,0.0000,23,0,0,0,0,32,0,0,0,0
zc,WS209,2012-06-06 09:03:30.087,2433.0000,253878,-6,0.0000,8.0000,1,7,空平,B,2432.0000,0.0000,0.0000,0.0000,0.0000,2433.0000,0.0000,0.0000,0.0000,0.0000,20,0,0,0,0,28,0,0,0,0
zc,WS209,2012-06-06 09:03:30.477,2432.0000,253868,-10,0.0000,10.0000,0,10,双平,S,2432.0000,0.0000,0.0000,0.0000,0.0000,2433.0000,0.0000,0.0000,0.0000,0.0000,15,0,0,0,0,23,0,0,0,0
zc,WS209,2012-06-06 09:03:30.990,2432.0000,253864,-4,0.0000,4.0000,0,4,双平,S,2432.0000,0.0000,0.0000,0.0000,0.0000,2433.0000,0.0000,0.0000,0.0000,0.0000,14,0,0,0,0,21,0,0,0,0
zc,WS209,2012-06-06 09:03:31.537,2432.0000,253862,-2,0.0000,12.0000,5,7,多平,S,2432.0000,0.0000,0.0000,0.0000,0.0000,2433.0000,0.0000,0.0000,0.0000,0.0000,8,0,0,0,0,18,0,0,0,0
zc,WS209,2012-06-06 09:03:32.227,2432.0000,253862,0,0.0000,4.0000,2,2,空换,S,2432.0000,0.0000,0.0000,0.0000,0.0000,2433.0000,0.0000,0.0000,0.0000,0.0000,81,0,0,0,0,16,0,0,0,0
zc,WS209,2012-06-06 09:03:33.007,2432.0000,253864,2,0.0000,2.0000,2,0,双开,S,2432.0000,0.0000,0.0000,0.0000,0.0000,2433.0000,0.0000,0.0000,0.0000,0.0000,80,0,0,0,0,16,0,0,0,0
zc,WS209,2012-06-06 09:03:34.210,2433.0000,253864,0,0.0000,24.0000,12,12,多换,B,2432.0000,0.0000,0.0000,0.0000,0.0000,2433.0000,0.0000,0.0000,0.0000,0.0000,80,0,0,0,0,12,0,0,0,0
zc,WS209,2012-06-06 09:03:34.697,2433.0000,253868,4,0.0000,4.0000,4,0,双开,B,2432.0000,0.0000,0.0000,0.0000,0.0000,2433.0000,0.0000,0.0000,0.0000,0.0000,80,0,0,0,0,10,0,0,0,0
zc,WS209,2012-06-06 09:03:35.273,2433.0000,253868,0,0.0000,0.0000,0,0,多换,B,2432.0000,0.0000,0.0000,0.0000,0.0000,2433.0000,0.0000,0.0000,0.0000,0.0000,80,0,0,0,0,17,0,0,0,0
zc,WS209,2012-06-06 09:03:35.727,2433.0000,253834,-34,0.0000,34.0000,0,34,双平,B,2432.0000,0.0000,0.0000,0.0000,0.0000,2434.0000,0.0000,0.0000,0.0000,0.0000,63,0,0,0,0,7,0,0,0,0
zc,WS209,2012-06-06 09:03:36.537,2433.0000,253834,0,0.0000,0.0000,0,0,多换,B,2433.0000,0.0000,0.0000,0.0000,0.0000,2434.0000,0.0000,0.0000,0.0000,0.0000,1,0,0,0,0,7,0,0,0,0
zc,WS209,2012-06-06 09:03:37.087,2433.0000,253834,0,0.0000,0.0000,0,0,多换,B,2433.0000,0.0000,0.0000,0.0000,0.0000,2434.0000,0.0000,0.0000,0.0000,0.0000,12,0,0,0,0,9,0,0,0,0
zc,WS209,2012-06-06 09:03:37.740,2433.0000,253834,0,0.0000,0.0000,0,0,多换,B,2433.0000,0.0000,0.0000,0.0000,0.0000,2434.0000,0.0000,0.0000,0.0000,0.0000,13,0,0,0,0,23,0,0,0,0
zc,WS209,2012-06-06 09:03:38.257,2433.0000,253838,4,0.0000,4.0000,4,0,双开,B,2433.0000,0.0000,0.0000,0.0000,0.0000,2434.0000,0.0000,0.0000,0.0000,0.0000,2,0,0,0,0,23,0,0,0,0
zc,WS209,2012-06-06 09:03:38.977,2434.0000,253858,20,0.0000,20.0000,20,0,双开,B,2433.0000,0.0000,0.0000,0.0000,0.0000,2434.0000,0.0000,0.0000,0.0000,0.0000,2,0,0,0,0,25,0,0,0,0
zc,WS209,2012-06-06 09:03:39.477,2434.0000,253858,0,0.0000,0.0000,0,0,多换,B,2433.0000,0.0000,0.0000,0.0000,0.0000,2434.0000,0.0000,0.0000,0.0000,0.0000,3,0,0,0,0,25,0,0,0,0
zc,WS209,2012-06-06 09:03:40.273,2434.0000,253858,0,0.0000,46.0000,23,23,多换,B,2433.0000,0.0000,0.0000,0.0000,0.0000,2434.0000,0.0000,0.0000,0.0000,0.0000,3,0,0,0,0,22,0,0,0,0
zc,WS209,2012-06-06 09:03:40.727,2433.0000,253860,2,0.0000,2.0000,2,0,双开,S,2433.0000,0.0000,0.0000,0.0000,0.0000,2434.0000,0.0000,0.0000,0.0000,0.0000,2,0,0,0,0,12,0,0,0,0
zc,WS209,2012-06-06 09:03:41.537,2433.0000,253858,-2,0.0000,8.0000,3,5,多平,S,2432.0000,0.0000,0.0000,0.0000,0.0000,2433.0000,0.0000,0.0000,0.0000,0.0000,123,0,0,0,0,3,0,0,0,0
zc,WS209,2012-06-06 09:03:41.977,2433.0000,253858,0,0.0000,0.0000,0,0,空换,S,2432.0000,0.0000,0.0000,0.0000,0.0000,2433.0000,0.0000,0.0000,0.0000,0.0000,127,0,0,0,0,8,0,0,0,0
zc,WS209,2012-06-06 09:03:42.757,2433.0000,253854,-4,0.0000,16.0000,6,10,多平,S,2433.0000,0.0000,0.0000,0.0000,0.0000,2434.0000,0.0000,0.0000,0.0000,0.0000,3,0,0,0,0,13,0,0,0,0
zc,WS209,2012-06-06 09:03:43.977,2433.0000,253854,0,0.0000,0.0000,0,0,空换,S,2433.0000,0.0000,0.0000,0.0000,0.0000,2434.0000,0.0000,0.0000,0.0000,0.0000,3,0,0,0,0,22,0,0,0,0
zc,WS209,2012-06-06 09:03:44.523,2433.0000,253854,0,0.0000,0.0000,0,0,空换,S,2433.0000,0.0000,0.0000,0.0000,0.0000,2434.0000,0.0000,0.0000,0.0000,0.0000,4,0,0,0,0,22,0,0,0,0
zc,WS209,2012-06-06 09:03:44.977,2434.0000,253854,0,0.0000,10.0000,5,5,多换,B,2433.0000,0.0000,0.0000,0.0000,0.0000,2434.0000,0.0000,0.0000,0.0000,0.0000,4,0,0,0,0,15,0,0,0,0
zc,WS209,2012-06-06 09:03:46.240,2434.0000,253854,0,0.0000,0.0000,0,0,多换,B,2433.0000,0.0000,0.0000,0.0000,0.0000,2434.0000,0.0000,0.0000,0.0000,0.0000,5,0,0,0,0,15,0,0,0,0
zc,WS209,2012-06-06 09:03:47.210,2433.0000,253852,-2,0.0000,2.0000,0,2,双平,S,2433.0000,0.0000,0.0000,0.0000,0.0000,2434.0000,0.0000,0.0000,0.0000,0.0000,4,0,0,0,0,15,0,0,0,0
zc,WS209,2012-06-06 09:03:48.023,2434.0000,253852,0,0.0000,2.0000,1,1,多换,B,2433.0000,0.0000,0.0000,0.0000,0.0000,2434.0000,0.0000,0.0000,0.0000,0.0000,2,0,0,0,0,14,0,0,0,0
zc,WS209,2012-06-06 09:03:48.757,2434.0000,253850,-2,0.0000,4.0000,1,3,空平,B,2433.0000,0.0000,0.0000,0.0000,0.0000,2434.0000,0.0000,0.0000,0.0000,0.0000,2,0,0,0,0,12,0,0,0,0
zc,WS209,2012-06-06 09:03:49.227,2434.0000,253850,0,0.0000,2.0000,1,1,多换,B,2433.0000,0.0000,0.0000,0.0000,0.0000,2434.0000,0.0000,0.0000,0.0000,0.0000,3,0,0,0,0,11,0,0,0,0
zc,WS209,2012-06-06 09:03:49.757,2434.0000,253850,0,0.0000,0.0000,0,0,多换,B,2433.0000,0.0000,0.0000,0.0000,0.0000,2434.0000,0.0000,0.0000,0.0000,0.0000,3,0,0,0,0,19,0,0,0,0
zc,WS209,2012-06-06 09:03:50.507,2434.0000,253850,0,0.0000,0.0000,0,0,多换,B,2433.0000,0.0000,0.0000,0.0000,0.0000,2434.0000,0.0000,0.0000,0.0000,0.0000,61,0,0,0,0,21,0,0,0,0
zc,WS209,2012-06-06 09:03:51.303,2433.0000,253832,-18,0.0000,142.0000,62,80,多平,S,2433.0000,0.0000,0.0000,0.0000,0.0000,2435.0000,0.0000,0.0000,0.0000,0.0000,11,0,0,0,0,126,0,0,0,0
zc,WS209,2012-06-06 09:03:51.507,2433.0000,253832,0,0.0000,2.0000,1,1,空换,S,2433.0000,0.0000,0.0000,0.0000,0.0000,2434.0000,0.0000,0.0000,0.0000,0.0000,10,0,0,0,0,1,0,0,0,0
zc,WS209,2012-06-06 09:03:52.257,2433.0000,253832,0,0.0000,0.0000,0,0,空换,S,2433.0000,0.0000,0.0000,0.0000,0.0000,2434.0000,0.0000,0.0000,0.0000,0.0000,10,0,0,0,0,21,0,0,0,0
zc,WS209,2012-06-06 09:03:52.820,2433.0000,253832,0,0.0000,0.0000,0,0,空换,S,2433.0000,0.0000,0.0000,0.0000,0.0000,2434.0000,0.0000,0.0000,0.0000,0.0000,10,0,0,0,0,20,0,0,0,0
zc,WS209,2012-06-06 09:03:53.477,2434.0000,253832,0,0.0000,4.0000,2,2,多换,B,2433.0000,0.0000,0.0000,0.0000,0.0000,2434.0000,0.0000,0.0000,0.0000,0.0000,15,0,0,0,0,18,0,0,0,0
zc,WS209,2012-06-06 09:03:53.977,2434.0000,253832,0,0.0000,0.0000,0,0,多换,B,2433.0000,0.0000,0.0000,0.0000,0.0000,2434.0000,0.0000,0.0000,0.0000,0.0000,27,0,0,0,0,18,0,0,0,0
zc,WS209,2012-06-06 09:03:54.740,2434.0000,253832,0,0.0000,0.0000,0,0,多换,B,2433.0000,0.0000,0.0000,0.0000,0.0000,2434.0000,0.0000,0.0000,0.0000,0.0000,26,0,0,0,0,18,0,0,0,0
zc,WS209,2012-06-06 09:03:55.960,2434.0000,253832,0,0.0000,4.0000,2,2,多换,B,2433.0000,0.0000,0.0000,0.0000,0.0000,2434.0000,0.0000,0.0000,0.0000,0.0000,28,0,0,0,0,16,0,0,0,0
zc,WS209,2012-06-06 09:03:56.477,2434.0000,253832,0,0.0000,12.0000,6,6,多换,B,2433.0000,0.0000,0.0000,0.0000,0.0000,2434.0000,0.0000,0.0000,0.0000,0.0000,29,0,0,0,0,10,0,0,0,0
zc,WS209,2012-06-06 09:03:57.303,2434.0000,253832,0,0.0000,0.0000,0,0,多换,B,2433.0000,0.0000,0.0000,0.0000,0.0000,2434.0000,0.0000,0.0000,0.0000,0.0000,31,0,0,0,0,10,0,0,0,0
zc,WS209,2012-06-06 09:03:57.773,2434.0000,253832,0,0.0000,20.0000,10,10,多换,B,2433.0000,0.0000,0.0000,0.0000,0.0000,2435.0000,0.0000,0.0000,0.0000,0.0000,31,0,0,0,0,133,0,0,0,0
zc,WS209,2012-06-06 09:03:58.523,2433.0000,253826,-6,0.0000,22.0000,8,14,多平,S,2433.0000,0.0000,0.0000,0.0000,0.0000,2434.0000,0.0000,0.0000,0.0000,0.0000,34,0,0,0,0,14,0,0,0,0
zc,WS209,2012-06-06 09:03:59.757,2433.0000,253826,0,0.0000,0.0000,0,0,空换,S,2433.0000,0.0000,0.0000,0.0000,0.0000,2434.0000,0.0000,0.0000,0.0000,0.0000,39,0,0,0,0,16,0,0,0,0
zc,WS209,2012-06-06 09:04:00.227,2433.0000,253826,0,0.0000,0.0000,0,0,空换,S,2433.0000,0.0000,0.0000,0.0000,0.0000,2434.0000,0.0000,0.0000,0.0000,0.0000,39,0,0,0,0,17,0,0,0,0
zc,WS209,2012-06-06 09:04:00.710,2434.0000,253824,-2,0.0000,2.0000,0,2,双平,B,2433.0000,0.0000,0.0000,0.0000,0.0000,2434.0000,0.0000,0.0000,0.0000,0.0000,39,0,0,0,0,17,0,0,0,0
zc,WS209,2012-06-06 09:04:01.490,2434.0000,253824,0,0.0000,0.0000,0,0,多换,B,2433.0000,0.0000,0.0000,0.0000,0.0000,2434.0000,0.0000,0.0000,0.0000,0.0000,40,0,0,0,0,4,0,0,0,0
zc,WS209,2012-06-06 09:04:01.960,2433.0000,253822,-2,0.0000,2.0000,0,2,双平,S,2433.0000,0.0000,0.0000,0.0000,0.0000,2434.0000,0.0000,0.0000,0.0000,0.0000,39,0,0,0,0,4,0,0,0,0
zc,WS209,2012-06-06 09:04:02.787,2434.0000,253814,-8,0.0000,8.0000,0,8,双平,B,2434.0000,0.0000,0.0000,0.0000,0.0000,2435.0000,0.0000,0.0000,0.0000,0.0000,3,0,0,0,0,132,0,0,0,0
zc,WS209,2012-06-06 09:04:03.273,2435.0000,253816,2,0.0000,2.0000,2,0,双开,B,2434.0000,0.0000,0.0000,0.0000,0.0000,2435.0000,0.0000,0.0000,0.0000,0.0000,3,0,0,0,0,132,0,0,0,0
zc,WS209,2012-06-06 09:04:04.037,2435.0000,253816,0,0.0000,0.0000,0,0,多换,B,2434.0000,0.0000,0.0000,0.0000,0.0000,2435.0000,0.0000,0.0000,0.0000,0.0000,3,0,0,0,0,133,0,0,0,0
zc,WS209,2012-06-06 09:04:05.257,2434.0000,253810,-6,0.0000,8.0000,1,7,多平,S,2433.0000,0.0000,0.0000,0.0000,0.0000,2434.0000,0.0000,0.0000,0.0000,0.0000,41,0,0,0,0,16,0,0,0,0
zc,WS209,2012-06-06 09:04:05.740,2434.0000,253810,0,0.0000,0.0000,0,0,空换,S,2433.0000,0.0000,0.0000,0.0000,0.0000,2434.0000,0.0000,0.0000,0.0000,0.0000,41,0,0,0,0,25,0,0,0,0
zc,WS209,2012-06-06 09:04:06.507,2434.0000,253788,-22,0.0000,22.0000,0,22,双平,S,2433.0000,0.0000,0.0000,0.0000,0.0000,2434.0000,0.0000,0.0000,0.0000,0.0000,57,0,0,0,0,18,0,0,0,0
zc,WS209,2012-06-06 09:04:07.007,2434.0000,253770,-18,0.0000,36.0000,9,27,多平,S,2433.0000,0.0000,0.0000,0.0000,0.0000,2435.0000,0.0000,0.0000,0.0000,0.0000,56,0,0,0,0,133,0,0,0,0
zc,WS209,2012-06-06 09:04:08.227,2434.0000,253770,0,0.0000,0.0000,0,0,空换,S,2434.0000,0.0000,0.0000,0.0000,0.0000,2435.0000,0.0000,0.0000,0.0000,0.0000,17,0,0,0,0,133,0,0,0,0
zc,WS209,2012-06-06 09:04:09.477,2434.0000,253760,-10,0.0000,10.0000,0,10,双平,S,2434.0000,0.0000,0.0000,0.0000,0.0000,2435.0000,0.0000,0.0000,0.0000,0.0000,15,0,0,0,0,132,0,0,0,0
zc,WS209,2012-06-06 09:04:10.087,2434.0000,253760,0,0.0000,0.0000,0,0,空换,S,2434.0000,0.0000,0.0000,0.0000,0.0000,2435.0000,0.0000,0.0000,0.0000,0.0000,21,0,0,0,0,132,0,0,0,0
zc,WS209,2012-06-06 09:04:10.787,2434.0000,253760,0,0.0000,0.0000,0,0,空换,S,2434.0000,0.0000,0.0000,0.0000,0.0000,2435.0000,0.0000,0.0000,0.0000,0.0000,22,0,0,0,0,132,0,0,0,0
zc,WS209,2012-06-06 09:04:11.227,2435.0000,253762,2,0.0000,10.0000,6,4,多开,B,2434.0000,0.0000,0.0000,0.0000,0.0000,2435.0000,0.0000,0.0000,0.0000,0.0000,25,0,0,0,0,127,0,0,0,0
zc,WS209,2012-06-06 09:04:12.007,2435.0000,253760,-2,0.0000,2.0000,0,2,双平,B,2434.0000,0.0000,0.0000,0.0000,0.0000,2435.0000,0.0000,0.0000,0.0000,0.0000,36,0,0,0,0,126,0,0,0,0
zc,WS209,2012-06-06 09:04:12.537,2434.0000,253758,-2,0.0000,2.0000,0,2,双平,S,2434.0000,0.0000,0.0000,0.0000,0.0000,2435.0000,0.0000,0.0000,0.0000,0.0000,35,0,0,0,0,126,0,0,0,0
zc,WS209,2012-06-06 09:04:13.287,2435.0000,253736,-22,0.0000,22.0000,0,22,双平,B,2434.0000,0.0000,0.0000,0.0000,0.0000,2435.0000,0.0000,0.0000,0.0000,0.0000,35,0,0,0,0,115,0,0,0,0
zc,WS209,2012-06-06 09:04:14.257,2434.0000,253736,0,0.0000,2.0000,1,1,空换,S,2434.0000,0.0000,0.0000,0.0000,0.0000,2435.0000,0.0000,0.0000,0.0000,0.0000,34,0,0,0,0,115,0,0,0,0
zc,WS209,2012-06-06 09:04:15.023,2434.0000,253730,-6,0.0000,6.0000,0,6,双平,S,2434.0000,0.0000,0.0000,0.0000,0.0000,2435.0000,0.0000,0.0000,0.0000,0.0000,32,0,0,0,0,114,0,0,0,0
zc,WS209,2012-06-06 09:04:16.227,2435.0000,253730,0,0.0000,2.0000,1,1,多换,B,2434.0000,0.0000,0.0000,0.0000,0.0000,2435.0000,0.0000,0.0000,0.0000,0.0000,33,0,0,0,0,115,0,0,0,0
zc,WS209,2012-06-06 09:04:17.490,2435.0000,253730,0,0.0000,0.0000,0,0,多换,B,2434.0000,0.0000,0.0000,0.0000,0.0000,2435.0000,0.0000,0.0000,0.0000,0.0000,36,0,0,0,0,115,0,0,0,0
zc,WS209,2012-06-06 09:04:18.023,2435.0000,253728,-2,0.0000,2.0000,0,2,双平,B,2434.0000,0.0000,0.0000,0.0000,0.0000,2435.0000,0.0000,0.0000,0.0000,0.0000,36,0,0,0,0,114,0,0,0,0
zc,WS209,2012-06-06 09:04:18.710,2435.0000,253728,0,0.0000,0.0000,0,0,多换,B,2434.0000,0.0000,0.0000,0.0000,0.0000,2435.0000,0.0000,0.0000,0.0000,0.0000,46,0,0,0,0,114,0,0,0,0
zc,WS209,2012-06-06 09:04:19.287,2434.0000,253718,-10,0.0000,10.0000,0,10,双平,S,2434.0000,0.0000,0.0000,0.0000,0.0000,2435.0000,0.0000,0.0000,0.0000,0.0000,42,0,0,0,0,114,0,0,0,0
zc,WS209,2012-06-06 09:04:20.007,2434.0000,253718,0,0.0000,0.0000,0,0,空换,S,2434.0000,0.0000,0.0000,0.0000,0.0000,2435.0000,0.0000,0.0000,0.0000,0.0000,52,0,0,0,0,114,0,0,0,0
zc,WS209,2012-06-06 09:04:20.523,2434.0000,253718,0,0.0000,0.0000,0,0,空换,S,2434.0000,0.0000,0.0000,0.0000,0.0000,2435.0000,0.0000,0.0000,0.0000,0.0000,53,0,0,0,0,114,0,0,0,0
zc,WS209,2012-06-06 09:04:21.757,2435.0000,253714,-4,0.0000,8.0000,2,6,空平,B,2434.0000,0.0000,0.0000,0.0000,0.0000,2435.0000,0.0000,0.0000,0.0000,0.0000,52,0,0,0,0,112,0,0,0,0
zc,WS209,2012-06-06 09:04:22.507,2435.0000,253714,0,0.0000,0.0000,0,0,多换,B,2434.0000,0.0000,0.0000,0.0000,0.0000,2435.0000,0.0000,0.0000,0.0000,0.0000,53,0,0,0,0,112,0,0,0,0
zc,WS209,2012-06-06 09:04:22.740,2435.0000,253714,0,0.0000,0.0000,0,0,多换,B,2434.0000,0.0000,0.0000,0.0000,0.0000,2435.0000,0.0000,0.0000,0.0000,0.0000,56,0,0,0,0,119,0,0,0,0
zc,WS209,2012-06-06 09:04:23.490,2435.0000,253714,0,0.0000,2.0000,1,1,多换,B,2434.0000,0.0000,0.0000,0.0000,0.0000,2435.0000,0.0000,0.0000,0.0000,0.0000,56,0,0,0,0,118,0,0,0,0
zc,WS209,2012-06-06 09:04:23.930,2435.0000,253714,0,0.0000,2.0000,1,1,多换,B,2434.0000,0.0000,0.0000,0.0000,0.0000,2435.0000,0.0000,0.0000,0.0000,0.0000,56,0,0,0,0,117,0,0,0,0
zc,WS209,2012-06-06 09:04:24.740,2435.0000,253710,-4,0.0000,12.0000,4,8,空平,B,2434.0000,0.0000,0.0000,0.0000,0.0000,2435.0000,0.0000,0.0000,0.0000,0.0000,55,0,0,0,0,115,0,0,0,0
zc,WS209,2012-06-06 09:04:25.477,2434.0000,253710,0,0.0000,6.0000,3,3,空换,S,2434.0000,0.0000,0.0000,0.0000,0.0000,2435.0000,0.0000,0.0000,0.0000,0.0000,85,0,0,0,0,113,0,0,0,0
zc,WS209,2012-06-06 09:04:25.740,2435.0000,253710,0,0.0000,2.0000,1,1,多换,B,2434.0000,0.0000,0.0000,0.0000,0.0000,2435.0000,0.0000,0.0000,0.0000,0.0000,86,0,0,0,0,112,0,0,0,0
zc,WS209,2012-06-06 09:04:26.490,2435.0000,253710,0,0.0000,2.0000,1,1,多换,B,2434.0000,0.0000,0.0000,0.0000,0.0000,2435.0000,0.0000,0.0000,0.0000,0.0000,98,0,0,0,0,111,0,0,0,0
zc,WS209,2012-06-06 09:04:26.977,2435.0000,253698,-12,0.0000,14.0000,1,13,空平,B,2434.0000,0.0000,0.0000,0.0000,0.0000,2435.0000,0.0000,0.0000,0.0000,0.0000,58,0,0,0,0,104,0,0,0,0
zc,WS209,2012-06-06 09:04:27.757,2435.0000,253698,0,0.0000,12.0000,6,6,多换,B,2434.0000,0.0000,0.0000,0.0000,0.0000,2435.0000,0.0000,0.0000,0.0000,0.0000,58,0,0,0,0,98,0,0,0,0
zc,WS209,2012-06-06 09:04:28.227,2435.0000,253696,-2,0.0000,4.0000,1,3,空平,B,2434.0000,0.0000,0.0000,0.0000,0.0000,2435.0000,0.0000,0.0000,0.0000,0.0000,58,0,0,0,0,96,0,0,0,0
zc,WS209,2012-06-06 09:04:29.023,2435.0000,253696,0,0.0000,0.0000,0,0,多换,B,2434.0000,0.0000,0.0000,0.0000,0.0000,2435.0000,0.0000,0.0000,0.0000,0.0000,98,0,0,0,0,96,0,0,0,0
zc,WS209,2012-06-06 09:04:29.537,2435.0000,253696,0,0.0000,2.0000,1,1,多换,B,2434.0000,0.0000,0.0000,0.0000,0.0000,2435.0000,0.0000,0.0000,0.0000,0.0000,56,0,0,0,0,95,0,0,0,0
zc,WS209,2012-06-06 09:04:30.257,2435.0000,253696,0,0.0000,2.0000,1,1,多换,B,2434.0000,0.0000,0.0000,0.0000,0.0000,2435.0000,0.0000,0.0000,0.0000,0.0000,57,0,0,0,0,93,0,0,0,0
zc,WS209,2012-06-06 09:04:30.727,2435.0000,253696,0,0.0000,0.0000,0,0,多换,B,2434.0000,0.0000,0.0000,0.0000,0.0000,2435.0000,0.0000,0.0000,0.0000,0.0000,57,0,0,0,0,94,0,0,0,0
zc,WS209,2012-06-06 09:04:31.507,2434.0000,253694,-2,0.0000,4.0000,1,3,多平,S,2434.0000,0.0000,0.0000,0.0000,0.0000,2435.0000,0.0000,0.0000,0.0000,0.0000,56,0,0,0,0,94,0,0,0,0
zc,WS209,2012-06-06 09:04:32.740,2434.0000,253692,-2,0.0000,4.0000,1,3,多平,S,2434.0000,0.0000,0.0000,0.0000,0.0000,2435.0000,0.0000,0.0000,0.0000,0.0000,54,0,0,0,0,94,0,0,0,0
zc,WS209,2012-06-06 09:04:33.197,2434.0000,253692,0,0.0000,0.0000,0,0,空换,S,2434.0000,0.0000,0.0000,0.0000,0.0000,2435.0000,0.0000,0.0000,0.0000,0.0000,62,0,0,0,0,94,0,0,0,0
zc,WS209,2012-06-06 09:04:33.727,2434.0000,253684,-8,0.0000,10.0000,1,9,多平,S,2434.0000,0.0000,0.0000,0.0000,0.0000,2435.0000,0.0000,0.0000,0.0000,0.0000,57,0,0,0,0,94,0,0,0,0
zc,WS209,2012-06-06 09:04:34.477,2434.0000,253684,0,0.0000,0.0000,0,0,空换,S,2434.0000,0.0000,0.0000,0.0000,0.0000,2435.0000,0.0000,0.0000,0.0000,0.0000,57,0,0,0,0,97,0,0,0,0
zc,WS209,2012-06-06 09:04:35.037,2434.0000,253684,0,0.0000,0.0000,0,0,空换,S,2434.0000,0.0000,0.0000,0.0000,0.0000,2435.0000,0.0000,0.0000,0.0000,0.0000,68,0,0,0,0,97,0,0,0,0
zc,WS209,2012-06-06 09:04:35.740,2435.0000,253684,0,0.0000,2.0000,1,1,多换,B,2434.0000,0.0000,0.0000,0.0000,0.0000,2435.0000,0.0000,0.0000,0.0000,0.0000,68,0,0,0,0,96,0,0,0,0
zc,WS209,2012-06-06 09:04:36.757,2434.0000,253684,0,0.0000,20.0000,10,10,空换,S,2434.0000,0.0000,0.0000,0.0000,0.0000,2435.0000,0.0000,0.0000,0.0000,0.0000,58,0,0,0,0,96,0,0,0,0
zc,WS209,2012-06-06 09:04:37.257,2434.0000,253648,-36,0.0000,116.0000,40,76,多平,S,2433.0000,0.0000,0.0000,0.0000,0.0000,2434.0000,0.0000,0.0000,0.0000,0.0000,23,0,0,0,0,4,0,0,0,0
zc,WS209,2012-06-06 09:04:38.477,2434.0000,253648,0,0.0000,6.0000,3,3,空换,S,2433.0000,0.0000,0.0000,0.0000,0.0000,2434.0000,0.0000,0.0000,0.0000,0.0000,37,0,0,0,0,2,0,0,0,0
zc,WS209,2012-06-06 09:04:39.273,2434.0000,253646,-2,0.0000,2.0000,0,2,双平,S,2433.0000,0.0000,0.0000,0.0000,0.0000,2434.0000,0.0000,0.0000,0.0000,0.0000,92,0,0,0,0,1,0,0,0,0
zc,WS209,2012-06-06 09:04:39.740,2434.0000,253646,0,0.0000,2.0000,1,1,空换,S,2433.0000,0.0000,0.0000,0.0000,0.0000,2435.0000,0.0000,0.0000,0.0000,0.0000,78,0,0,0,0,100,0,0,0,0
zc,WS209,2012-06-06 09:04:40.507,2434.0000,253646,0,0.0000,0.0000,0,0,空换,S,2433.0000,0.0000,0.0000,0.0000,0.0000,2434.0000,0.0000,0.0000,0.0000,0.0000,92,0,0,0,0,1,0,0,0,0
zc,WS209,2012-06-06 09:04:41.447,2434.0000,253646,0,0.0000,0.0000,0,0,空换,S,2433.0000,0.0000,0.0000,0.0000,0.0000,2434.0000,0.0000,0.0000,0.0000,0.0000,91,0,0,0,0,1,0,0,0,0
zc,WS209,2012-06-06 09:04:41.977,2433.0000,253646,0,0.0000,2.0000,1,1,空换,S,2433.0000,0.0000,0.0000,0.0000,0.0000,2434.0000,0.0000,0.0000,0.0000,0.0000,96,0,0,0,0,1,0,0,0,0
zc,WS209,2012-06-06 09:04:42.537,2434.0000,253648,2,0.0000,2.0000,2,0,双开,B,2433.0000,0.0000,0.0000,0.0000,0.0000,2435.0000,0.0000,0.0000,0.0000,0.0000,96,0,0,0,0,105,0,0,0,0
zc,WS209,2012-06-06 09:04:43.273,2434.0000,253648,0,0.0000,0.0000,0,0,多换,B,2433.0000,0.0000,0.0000,0.0000,0.0000,2434.0000,0.0000,0.0000,0.0000,0.0000,96,0,0,0,0,1,0,0,0,0
zc,WS209,2012-06-06 09:04:43.740,2434.0000,253634,-14,0.0000,18.0000,2,16,空平,B,2434.0000,0.0000,0.0000,0.0000,0.0000,2435.0000,0.0000,0.0000,0.0000,0.0000,21,0,0,0,0,105,0,0,0,0
zc,WS209,2012-06-06 09:04:44.477,2434.0000,253614,-20,0.0000,20.0000,0,20,双平,B,2434.0000,0.0000,0.0000,0.0000,0.0000,2435.0000,0.0000,0.0000,0.0000,0.0000,11,0,0,0,0,105,0,0,0,0
zc,WS209,2012-06-06 09:04:44.990,2434.0000,253594,-20,0.0000,20.0000,0,20,双平,B,2434.0000,0.0000,0.0000,0.0000,0.0000,2435.0000,0.0000,0.0000,0.0000,0.0000,1,0,0,0,0,105,0,0,0,0
zc,WS209,2012-06-06 09:04:45.523,2434.0000,253592,-2,0.0000,2.0000,0,2,双平,B,2433.0000,0.0000,0.0000,0.0000,0.0000,2434.0000,0.0000,0.0000,0.0000,0.0000,75,0,0,0,0,9,0,0,0,0
zc,WS209,2012-06-06 09:04:46.257,2434.0000,253592,0,0.0000,0.0000,0,0,多换,B,2433.0000,0.0000,0.0000,0.0000,0.0000,2434.0000,0.0000,0.0000,0.0000,0.0000,72,0,0,0,0,21,0,0,0,0
zc,WS209,2012-06-06 09:04:46.740,2434.0000,253592,0,0.0000,4.0000,2,2,多换,B,2433.0000,0.0000,0.0000,0.0000,0.0000,2434.0000,0.0000,0.0000,0.0000,0.0000,72,0,0,0,0,19,0,0,0,0
zc,WS209,2012-06-06 09:04:47.257,2434.0000,253592,0,0.0000,0.0000,0,0,多换,B,2433.0000,0.0000,0.0000,0.0000,0.0000,2434.0000,0.0000,0.0000,0.0000,0.0000,58,0,0,0,0,21,0,0,0,0
zc,WS209,2012-06-06 09:04:47.727,2434.0000,253592,0,0.0000,2.0000,1,1,多换,B,2433.0000,0.0000,0.0000,0.0000,0.0000,2434.0000,0.0000,0.0000,0.0000,0.0000,55,0,0,0,0,20,0,0,0,0
zc,WS209,2012-06-06 09:04:49.787,2434.0000,253554,-38,0.0000,42.0000,2,40,空平,B,2434.0000,0.0000,0.0000,0.0000,0.0000,2435.0000,0.0000,0.0000,0.0000,0.0000,10,0,0,0,0,209,0,0,0,0
zc,WS209,2012-06-06 09:04:50.287,2434.0000,253554,0,0.0000,20.0000,10,10,多换,B,2433.0000,0.0000,0.0000,0.0000,0.0000,2434.0000,0.0000,0.0000,0.0000,0.0000,58,0,0,0,0,5,0,0,0,0
zc,WS209,2012-06-06 09:04:50.787,2434.0000,253554,0,0.0000,0.0000,0,0,多换,B,2433.0000,0.0000,0.0000,0.0000,0.0000,2434.0000,0.0000,0.0000,0.0000,0.0000,75,0,0,0,0,15,0,0,0,0
zc,WS209,2012-06-06 09:04:51.523,2434.0000,253554,0,0.0000,0.0000,0,0,多换,B,2433.0000,0.0000,0.0000,0.0000,0.0000,2434.0000,0.0000,0.0000,0.0000,0.0000,75,0,0,0,0,16,0,0,0,0
zc,WS209,2012-06-06 09:04:52.257,2434.0000,253534,-20,0.0000,32.0000,6,26,空平,B,2433.0000,0.0000,0.0000,0.0000,0.0000,2434.0000,0.0000,0.0000,0.0000,0.0000,76,0,0,0,0,1,0,0,0,0
zc,WS209,2012-06-06 09:04:52.990,2434.0000,253534,0,0.0000,0.0000,0,0,多换,B,2433.0000,0.0000,0.0000,0.0000,0.0000,2434.0000,0.0000,0.0000,0.0000,0.0000,74,0,0,0,0,52,0,0,0,0
zc,WS209,2012-06-06 09:04:53.210,2433.0000,253474,-60,0.0000,62.0000,1,61,多平,S,2433.0000,0.0000,0.0000,0.0000,0.0000,2434.0000,0.0000,0.0000,0.0000,0.0000,77,0,0,0,0,22,0,0,0,0
zc,WS209,2012-06-06 09:04:54.490,2433.0000,253474,0,0.0000,0.0000,0,0,空换,S,2433.0000,0.0000,0.0000,0.0000,0.0000,2434.0000,0.0000,0.0000,0.0000,0.0000,120,0,0,0,0,22,0,0,0,0
zc,WS209,2012-06-06 09:04:55.273,2434.0000,253474,0,0.0000,2.0000,1,1,多换,B,2433.0000,0.0000,0.0000,0.0000,0.0000,2434.0000,0.0000,0.0000,0.0000,0.0000,101,0,0,0,0,21,0,0,0,0
zc,WS209,2012-06-06 09:04:55.773,2434.0000,253474,0,0.0000,0.0000,0,0,多换,B,2433.0000,0.0000,0.0000,0.0000,0.0000,2434.0000,0.0000,0.0000,0.0000,0.0000,102,0,0,0,0,22,0,0,0,0
zc,WS209,2012-06-06 09:04:56.523,2434.0000,253474,0,0.0000,2.0000,1,1,多换,B,2433.0000,0.0000,0.0000,0.0000,0.0000,2434.0000,0.0000,0.0000,0.0000,0.0000,107,0,0,0,0,22,0,0,0,0
zc,WS209,2012-06-06 09:04:57.740,2433.0000,253278,-196,0.0000,216.0000,10,206,多平,S,2432.0000,0.0000,0.0000,0.0000,0.0000,2433.0000,0.0000,0.0000,0.0000,0.0000,84,0,0,0,0,146,0,0,0,0
zc,WS209,2012-06-06 09:04:58.710,2433.0000,253226,-52,0.0000,52.0000,0,52,双平,S,2432.0000,0.0000,0.0000,0.0000,0.0000,2433.0000,0.0000,0.0000,0.0000,0.0000,97,0,0,0,0,120,0,0,0,0
zc,WS209,2012-06-06 09:04:59.507,2433.0000,253222,-4,0.0000,14.0000,5,9,多平,S,2432.0000,0.0000,0.0000,0.0000,0.0000,2433.0000,0.0000,0.0000,0.0000,0.0000,95,0,0,0,0,113,0,0,0,0
zc,WS209,2012-06-06 09:05:00.007,2433.0000,253020,-202,0.0000,212.0000,5,207,多平,S,2432.0000,0.0000,0.0000,0.0000,0.0000,2433.0000,0.0000,0.0000,0.0000,0.0000,75,0,0,0,0,12,0,0,0,0
zc,WS209,2012-06-06 09:05:00.773,2432.0000,253020,0,0.0000,6.0000,3,3,空换,S,2432.0000,0.0000,0.0000,0.0000,0.0000,2433.0000,0.0000,0.0000,0.0000,0.0000,74,0,0,0,0,11,0,0,0,0
zc,WS209,2012-06-06 09:05:01.210,2432.0000,253020,0,0.0000,0.0000,0,0,空换,S,2432.0000,0.0000,0.0000,0.0000,0.0000,2433.0000,0.0000,0.0000,0.0000,0.0000,70,0,0,0,0,11,0,0,0,0
zc,WS209,2012-06-06 09:05:02.007,2432.0000,253020,0,0.0000,0.0000,0,0,空换,S,2432.0000,0.0000,0.0000,0.0000,0.0000,2433.0000,0.0000,0.0000,0.0000,0.0000,70,0,0,0,0,32,0,0,0,0
zc,WS209,2012-06-06 09:05:02.537,2433.0000,253020,0,0.0000,2.0000,1,1,多换,B,2432.0000,0.0000,0.0000,0.0000,0.0000,2433.0000,0.0000,0.0000,0.0000,0.0000,65,0,0,0,0,30,0,0,0,0
zc,WS209,2012-06-06 09:05:03.240,2432.0000,253022,2,0.0000,4.0000,3,1,空开,S,2432.0000,0.0000,0.0000,0.0000,0.0000,2433.0000,0.0000,0.0000,0.0000,0.0000,58,0,0,0,0,31,0,0,0,0
zc,WS209,2012-06-06 09:05:04.037,2432.0000,253032,10,0.0000,12.0000,11,1,空开,S,2432.0000,0.0000,0.0000,0.0000,0.0000,2433.0000,0.0000,0.0000,0.0000,0.0000,53,0,0,0,0,30,0,0,0,0
zc,WS209,2012-06-06 09:05:04.537,2432.0000,253060,28,0.0000,30.0000,29,1,空开,S,2432.0000,0.0000,0.0000,0.0000,0.0000,2433.0000,0.0000,0.0000,0.0000,0.0000,40,0,0,0,0,30,0,0,0,0
zc,WS209,2012-06-06 09:05:05.053,2433.0000,253078,18,0.0000,30.0000,24,6,多开,B,2432.0000,0.0000,0.0000,0.0000,0.0000,2433.0000,0.0000,0.0000,0.0000,0.0000,26,0,0,0,0,30,0,0,0,0
zc,WS209,2012-06-06 09:05:05.757,2432.0000,253084,6,0.0000,6.0000,6,0,双开,S,2432.0000,0.0000,0.0000,0.0000,0.0000,2433.0000,0.0000,0.0000,0.0000,0.0000,23,0,0,0,0,31,0,0,0,0
zc,WS209,2012-06-06 09:05:06.257,2432.0000,253086,2,0.0000,4.0000,3,1,空开,S,2432.0000,0.0000,0.0000,0.0000,0.0000,2433.0000,0.0000,0.0000,0.0000,0.0000,21,0,0,0,0,31,0,0,0,0
zc,WS209,2012-06-06 09:05:07.007,2432.0000,253086,0,0.0000,0.0000,0,0,空换,S,2432.0000,0.0000,0.0000,0.0000,0.0000,2433.0000,0.0000,0.0000,0.0000,0.0000,25,0,0,0,0,60,0,0,0,0
zc,WS209,2012-06-06 09:05:07.570,2432.0000,253096,10,0.0000,18.0000,14,4,空开,S,2432.0000,0.0000,0.0000,0.0000,0.0000,2433.0000,0.0000,0.0000,0.0000,0.0000,16,0,0,0,0,41,0,0,0,0
zc,WS209,2012-06-06 09:05:08.240,2432.0000,253114,18,0.0000,34.0000,26,8,空开,S,2431.0000,0.0000,0.0000,0.0000,0.0000,2432.0000,0.0000,0.0000,0.0000,0.0000,24,0,0,0,0,1,0,0,0,0
zc,WS209,2012-06-06 09:05:08.757,2432.0000,253114,0,0.0000,0.0000,0,0,空换,S,2431.0000,0.0000,0.0000,0.0000,0.0000,2432.0000,0.0000,0.0000,0.0000,0.0000,26,0,0,0,0,6,0,0,0,0
zc,WS209,2012-06-06 09:05:09.477,2432.0000,253126,12,0.0000,14.0000,13,1,空开,S,2432.0000,0.0000,0.0000,0.0000,0.0000,2433.0000,0.0000,0.0000,0.0000,0.0000,12,0,0,0,0,41,0,0,0,0
zc,WS209,2012-06-06 09:05:10.037,2432.0000,253126,0,0.0000,2.0000,1,1,空换,S,2432.0000,0.0000,0.0000,0.0000,0.0000,2433.0000,0.0000,0.0000,0.0000,0.0000,11,0,0,0,0,41,0,0,0,0
zc,WS209,2012-06-06 09:05:10.740,2432.0000,253126,0,0.0000,0.0000,0,0,空换,S,2432.0000,0.0000,0.0000,0.0000,0.0000,2433.0000,0.0000,0.0000,0.0000,0.0000,12,0,0,0,0,42,0,0,0,0
zc,WS209,2012-06-06 09:05:11.240,2432.0000,253126,0,0.0000,0.0000,0,0,空换,S,2432.0000,0.0000,0.0000,0.0000,0.0000,2433.0000,0.0000,0.0000,0.0000,0.0000,12,0,0,0,0,41,0,0,0,0
zc,WS209,2012-06-06 09:05:12.007,2432.0000,253126,0,0.0000,0.0000,0,0,空换,S,2432.0000,0.0000,0.0000,0.0000,0.0000,2433.0000,0.0000,0.0000,0.0000,0.0000,13,0,0,0,0,44,0,0,0,0
zc,WS209,2012-06-06 09:05:12.773,2432.0000,253126,0,0.0000,2.0000,1,1,空换,S,2432.0000,0.0000,0.0000,0.0000,0.0000,2433.0000,0.0000,0.0000,0.0000,0.0000,13,0,0,0,0,44,0,0,0,0
zc,WS209,2012-06-06 09:05:13.273,2433.0000,253134,8,0.0000,12.0000,10,2,多开,B,2432.0000,0.0000,0.0000,0.0000,0.0000,2433.0000,0.0000,0.0000,0.0000,0.0000,11,0,0,0,0,42,0,0,0,0
zc,WS209,2012-06-06 09:05:14.007,2433.0000,253134,0,0.0000,4.0000,2,2,多换,B,2432.0000,0.0000,0.0000,0.0000,0.0000,2433.0000,0.0000,0.0000,0.0000,0.0000,11,0,0,0,0,40,0,0,0,0
zc,WS209,2012-06-06 09:05:14.507,2433.0000,253142,8,0.0000,12.0000,10,2,多开,B,2432.0000,0.0000,0.0000,0.0000,0.0000,2433.0000,0.0000,0.0000,0.0000,0.0000,9,0,0,0,0,36,0,0,0,0
zc,WS209,2012-06-06 09:05:15.257,2432.0000,253146,4,0.0000,4.0000,4,0,双开,S,2432.0000,0.0000,0.0000,0.0000,0.0000,2433.0000,0.0000,0.0000,0.0000,0.0000,12,0,0,0,0,36,0,0,0,0
zc,WS209,2012-06-06 09:05:15.990,2432.0000,253148,2,0.0000,4.0000,3,1,空开,S,2432.0000,0.0000,0.0000,0.0000,0.0000,2433.0000,0.0000,0.0000,0.0000,0.0000,11,0,0,0,0,37,0,0,0,0
zc,WS209,2012-06-06 09:05:16.477,2432.0000,253168,20,0.0000,26.0000,23,3,空开,S,2432.0000,0.0000,0.0000,0.0000,0.0000,2433.0000,0.0000,0.0000,0.0000,0.0000,70,0,0,0,0,35,0,0,0,0
zc,WS209,2012-06-06 09:05:17.303,2433.0000,253172,4,0.0000,4.0000,4,0,双开,B,2432.0000,0.0000,0.0000,0.0000,0.0000,2433.0000,0.0000,0.0000,0.0000,0.0000,73,0,0,0,0,33,0,0,0,0
zc,WS209,2012-06-06 09:05:17.947,2433.0000,253228,56,0.0000,60.0000,58,2,多开,B,2432.0000,0.0000,0.0000,0.0000,0.0000,2433.0000,0.0000,0.0000,0.0000,0.0000,43,0,0,0,0,4,0,0,0,0
zc,WS209,2012-06-06 09:05:18.477,2433.0000,253224,-4,0.0000,8.0000,2,6,空平,B,2433.0000,0.0000,0.0000,0.0000,0.0000,2434.0000,0.0000,0.0000,0.0000,0.0000,52,0,0,0,0,39,0,0,0,0
zc,WS209,2012-06-06 09:05:19.273,2433.0000,253224,0,0.0000,0.0000,0,0,多换,B,2433.0000,0.0000,0.0000,0.0000,0.0000,2434.0000,0.0000,0.0000,0.0000,0.0000,78,0,0,0,0,39,0,0,0,0
zc,WS209,2012-06-06 09:05:19.740,2434.0000,253214,-10,0.0000,10.0000,0,10,双平,B,2433.0000,0.0000,0.0000,0.0000,0.0000,2434.0000,0.0000,0.0000,0.0000,0.0000,73,0,0,0,0,34,0,0,0,0
zc,WS209,2012-06-06 09:05:22.287,2433.0000,253212,-2,0.0000,2.0000,0,2,双平,S,2433.0000,0.0000,0.0000,0.0000,0.0000,2434.0000,0.0000,0.0000,0.0000,0.0000,72,0,0,0,0,34,0,0,0,0
zc,WS209,2012-06-06 09:05:23.273,2434.0000,253212,0,0.0000,2.0000,1,1,多换,B,2433.0000,0.0000,0.0000,0.0000,0.0000,2434.0000,0.0000,0.0000,0.0000,0.0000,79,0,0,0,0,34,0,0,0,0
zc,WS209,2012-06-06 09:05:24.023,2434.0000,253212,0,0.0000,2.0000,1,1,多换,B,2433.0000,0.0000,0.0000,0.0000,0.0000,2434.0000,0.0000,0.0000,0.0000,0.0000,79,0,0,0,0,33,0,0,0,0
zc,WS209,2012-06-06 09:05:25.227,2434.0000,253212,0,0.0000,0.0000,0,0,多换,B,2433.0000,0.0000,0.0000,0.0000,0.0000,2434.0000,0.0000,0.0000,0.0000,0.0000,79,0,0,0,0,18,0,0,0,0
zc,WS209,2012-06-06 09:05:26.947,2434.0000,253212,0,0.0000,0.0000,0,0,多换,B,2433.0000,0.0000,0.0000,0.0000,0.0000,2434.0000,0.0000,0.0000,0.0000,0.0000,79,0,0,0,0,18,0,0,0,0
zc,WS209,2012-06-06 09:05:27.087,2434.0000,253220,8,0.0000,36.0000,22,14,多开,B,2434.0000,0.0000,0.0000,0.0000,0.0000,2435.0000,0.0000,0.0000,0.0000,0.0000,8,0,0,0,0,211,0,0,0,0
zc,WS209,2012-06-06 09:05:27.757,2434.0000,253220,0,0.0000,6.0000,3,3,多换,B,2434.0000,0.0000,0.0000,0.0000,0.0000,2435.0000,0.0000,0.0000,0.0000,0.0000,5,0,0,0,0,211,0,0,0,0
zc,WS209,2012-06-06 09:05:28.490,2434.0000,253220,0,0.0000,0.0000,0,0,多换,B,2434.0000,0.0000,0.0000,0.0000,0.0000,2435.0000,0.0000,0.0000,0.0000,0.0000,10,0,0,0,0,211,0,0,0,0
zc,WS209,2012-06-06 09:05:29.727,2434.0000,253422,202,0.0000,208.0000,205,3,多开,B,2434.0000,0.0000,0.0000,0.0000,0.0000,2435.0000,0.0000,0.0000,0.0000,0.0000,122,0,0,0,0,210,0,0,0,0
zc,WS209,2012-06-06 09:05:31.037,2434.0000,253428,6,0.0000,6.0000,6,0,双开,B,2434.0000,0.0000,0.0000,0.0000,0.0000,2435.0000,0.0000,0.0000,0.0000,0.0000,73,0,0,0,0,209,0,0,0,0
zc,WS209,2012-06-06 09:05:31.553,2435.0000,253428,0,0.0000,100.0000,50,50,多换,B,2434.0000,0.0000,0.0000,0.0000,0.0000,2435.0000,0.0000,0.0000,0.0000,0.0000,73,0,0,0,0,159,0,0,0,0
zc,WS209,2012-06-06 09:05:32.740,2435.0000,253428,0,0.0000,2.0000,1,1,多换,B,2434.0000,0.0000,0.0000,0.0000,0.0000,2435.0000,0.0000,0.0000,0.0000,0.0000,73,0,0,0,0,159,0,0,0,0
zc,WS209,2012-06-06 09:05:33.537,2435.0000,253428,0,0.0000,0.0000,0,0,多换,B,2434.0000,0.0000,0.0000,0.0000,0.0000,2435.0000,0.0000,0.0000,0.0000,0.0000,74,0,0,0,0,159,0,0,0,0
zc,WS209,2012-06-06 09:05:34.037,2434.0000,253428,0,0.0000,10.0000,5,5,空换,S,2434.0000,0.0000,0.0000,0.0000,0.0000,2435.0000,0.0000,0.0000,0.0000,0.0000,69,0,0,0,0,159,0,0,0,0
zc,WS209,2012-06-06 09:05:34.727,2435.0000,253432,4,0.0000,4.0000,4,0,双开,B,2434.0000,0.0000,0.0000,0.0000,0.0000,2435.0000,0.0000,0.0000,0.0000,0.0000,67,0,0,0,0,157,0,0,0,0
zc,WS209,2012-06-06 09:05:37.507,2435.0000,253434,2,0.0000,2.0000,2,0,双开,B,2434.0000,0.0000,0.0000,0.0000,0.0000,2435.0000,0.0000,0.0000,0.0000,0.0000,67,0,0,0,0,156,0,0,0,0
zc,WS209,2012-06-06 09:05:38.197,2435.0000,253434,0,0.0000,2.0000,1,1,多换,B,2434.0000,0.0000,0.0000,0.0000,0.0000,2435.0000,0.0000,0.0000,0.0000,0.0000,67,0,0,0,0,172,0,0,0,0
zc,WS209,2012-06-06 09:05:39.007,2435.0000,253438,4,0.0000,4.0000,4,0,双开,B,2434.0000,0.0000,0.0000,0.0000,0.0000,2435.0000,0.0000,0.0000,0.0000,0.0000,65,0,0,0,0,153,0,0,0,0
zc,WS209,2012-06-06 09:05:39.240,2435.0000,253446,8,0.0000,46.0000,27,19,多开,B,2434.0000,0.0000,0.0000,0.0000,0.0000,2435.0000,0.0000,0.0000,0.0000,0.0000,42,0,0,0,0,130,0,0,0,0
zc,WS209,2012-06-06 09:05:40.240,2435.0000,253446,0,0.0000,0.0000,0,0,多换,B,2434.0000,0.0000,0.0000,0.0000,0.0000,2435.0000,0.0000,0.0000,0.0000,0.0000,42,0,0,0,0,131,0,0,0,0
zc,WS209,2012-06-06 09:05:40.490,2435.0000,253466,20,0.0000,22.0000,21,1,多开,B,2434.0000,0.0000,0.0000,0.0000,0.0000,2435.0000,0.0000,0.0000,0.0000,0.0000,32,0,0,0,0,120,0,0,0,0
zc,WS209,2012-06-06 09:05:41.477,2435.0000,253466,0,0.0000,2.0000,1,1,多换,B,2434.0000,0.0000,0.0000,0.0000,0.0000,2435.0000,0.0000,0.0000,0.0000,0.0000,32,0,0,0,0,119,0,0,0,0
zc,WS209,2012-06-06 09:05:42.507,2435.0000,253466,0,0.0000,2.0000,1,1,多换,B,2434.0000,0.0000,0.0000,0.0000,0.0000,2435.0000,0.0000,0.0000,0.0000,0.0000,31,0,0,0,0,118,0,0,0,0
zc,WS209,2012-06-06 09:05:43.037,2435.0000,253508,42,0.0000,52.0000,47,5,多开,B,2434.0000,0.0000,0.0000,0.0000,0.0000,2435.0000,0.0000,0.0000,0.0000,0.0000,47,0,0,0,0,92,0,0,0,0
zc,WS209,2012-06-06 09:05:43.787,2434.0000,253508,0,0.0000,2.0000,1,1,空换,S,2434.0000,0.0000,0.0000,0.0000,0.0000,2435.0000,0.0000,0.0000,0.0000,0.0000,46,0,0,0,0,92,0,0,0,0
zc,WS209,2012-06-06 09:05:44.320,2434.0000,253498,-10,0.0000,10.0000,0,10,双平,S,2434.0000,0.0000,0.0000,0.0000,0.0000,2435.0000,0.0000,0.0000,0.0000,0.0000,51,0,0,0,0,92,0,0,0,0
zc,WS209,2012-06-06 09:05:45.460,2435.0000,253498,0,0.0000,4.0000,2,2,多换,B,2434.0000,0.0000,0.0000,0.0000,0.0000,2435.0000,0.0000,0.0000,0.0000,0.0000,51,0,0,0,0,90,0,0,0,0
zc,WS209,2012-06-06 09:05:46.303,2435.0000,253498,0,0.0000,2.0000,1,1,多换,B,2434.0000,0.0000,0.0000,0.0000,0.0000,2435.0000,0.0000,0.0000,0.0000,0.0000,45,0,0,0,0,89,0,0,0,0
zc,WS209,2012-06-06 09:05:46.773,2435.0000,253498,0,0.0000,0.0000,0,0,多换,B,2434.0000,0.0000,0.0000,0.0000,0.0000,2435.0000,0.0000,0.0000,0.0000,0.0000,43,0,0,0,0,89,0,0,0,0
zc,WS209,2012-06-06 09:05:47.447,2435.0000,253498,0,0.0000,0.0000,0,0,多换,B,2434.0000,0.0000,0.0000,0.0000,0.0000,2435.0000,0.0000,0.0000,0.0000,0.0000,37,0,0,0,0,90,0,0,0,0
zc,WS209,2012-06-06 09:05:47.990,2435.0000,253498,0,0.0000,0.0000,0,0,多换,B,2434.0000,0.0000,0.0000,0.0000,0.0000,2435.0000,0.0000,0.0000,0.0000,0.0000,42,0,0,0,0,90,0,0,0,0
zc,WS209,2012-06-06 09:05:48.990,2435.0000,253500,2,0.0000,2.0000,2,0,双开,B,2434.0000,0.0000,0.0000,0.0000,0.0000,2435.0000,0.0000,0.0000,0.0000,0.0000,38,0,0,0,0,89,0,0,0,0
zc,WS209,2012-06-06 09:05:49.537,2435.0000,253500,0,0.0000,0.0000,0,0,多换,B,2434.0000,0.0000,0.0000,0.0000,0.0000,2435.0000,0.0000,0.0000,0.0000,0.0000,53,0,0,0,0,89,0,0,0,0
zc,WS209,2012-06-06 09:05:51.070,2435.0000,253502,2,0.0000,2.0000,2,0,双开,B,2434.0000,0.0000,0.0000,0.0000,0.0000,2435.0000,0.0000,0.0000,0.0000,0.0000,53,0,0,0,0,88,0,0,0,0
zc,WS209,2012-06-06 09:05:52.990,2434.0000,253502,0,0.0000,2.0000,1,1,空换,S,2434.0000,0.0000,0.0000,0.0000,0.0000,2435.0000,0.0000,0.0000,0.0000,0.0000,18,0,0,0,0,98,0,0,0,0
zc,WS209,2012-06-06 09:05:53.523,2434.0000,253502,0,0.0000,2.0000,1,1,空换,S,2434.0000,0.0000,0.0000,0.0000,0.0000,2435.0000,0.0000,0.0000,0.0000,0.0000,17,0,0,0,0,98,0,0,0,0
zc,WS209,2012-06-06 09:05:54.523,2434.0000,253506,4,0.0000,16.0000,10,6,空开,S,2433.0000,0.0000,0.0000,0.0000,0.0000,2434.0000,0.0000,0.0000,0.0000,0.0000,65,0,0,0,0,5,0,0,0,0
zc,WS209,2012-06-06 09:05:55.210,2434.0000,253506,0,0.0000,0.0000,0,0,空换,S,2433.0000,0.0000,0.0000,0.0000,0.0000,2434.0000,0.0000,0.0000,0.0000,0.0000,65,0,0,0,0,15,0,0,0,0
zc,WS209,2012-06-06 09:05:55.990,2434.0000,253506,0,0.0000,2.0000,1,1,空换,S,2433.0000,0.0000,0.0000,0.0000,0.0000,2434.0000,0.0000,0.0000,0.0000,0.0000,65,0,0,0,0,14,0,0,0,0
zc,WS209,2012-06-06 09:05:56.210,2434.0000,253506,0,0.0000,2.0000,1,1,空换,S,2433.0000,0.0000,0.0000,0.0000,0.0000,2434.0000,0.0000,0.0000,0.0000,0.0000,65,0,0,0,0,13,0,0,0,0
zc,WS209,2012-06-06 09:05:58.727,2434.0000,253508,2,0.0000,2.0000,2,0,双开,S,2433.0000,0.0000,0.0000,0.0000,0.0000,2434.0000,0.0000,0.0000,0.0000,0.0000,65,0,0,0,0,14,0,0,0,0
zc,WS209,2012-06-06 09:05:59.460,2434.0000,253510,2,0.0000,2.0000,2,0,双开,S,2433.0000,0.0000,0.0000,0.0000,0.0000,2434.0000,0.0000,0.0000,0.0000,0.0000,75,0,0,0,0,13,0,0,0,0
zc,WS209,2012-06-06 09:05:59.710,2434.0000,253532,22,0.0000,26.0000,24,2,空开,S,2434.0000,0.0000,0.0000,0.0000,0.0000,2435.0000,0.0000,0.0000,0.0000,0.0000,5,0,0,0,0,97,0,0,0,0
zc,WS209,2012-06-06 09:06:00.490,2434.0000,253532,0,0.0000,0.0000,0,0,空换,S,2434.0000,0.0000,0.0000,0.0000,0.0000,2435.0000,0.0000,0.0000,0.0000,0.0000,5,0,0,0,0,98,0,0,0,0
zc,WS209,2012-06-06 09:06:01.210,2434.0000,253532,0,0.0000,0.0000,0,0,空换,S,2434.0000,0.0000,0.0000,0.0000,0.0000,2435.0000,0.0000,0.0000,0.0000,0.0000,8,0,0,0,0,98,0,0,0,0
zc,WS209,2012-06-06 09:06:03.007,2434.0000,253530,-2,0.0000,16.0000,7,9,多平,S,2433.0000,0.0000,0.0000,0.0000,0.0000,2435.0000,0.0000,0.0000,0.0000,0.0000,75,0,0,0,0,90,0,0,0,0
zc,WS209,2012-06-06 09:06:03.773,2434.0000,253530,0,0.0000,0.0000,0,0,空换,S,2434.0000,0.0000,0.0000,0.0000,0.0000,2435.0000,0.0000,0.0000,0.0000,0.0000,5,0,0,0,0,92,0,0,0,0
zc,WS209,2012-06-06 09:06:03.977,2434.0000,253520,-10,0.0000,10.0000,0,10,双平,S,2433.0000,0.0000,0.0000,0.0000,0.0000,2435.0000,0.0000,0.0000,0.0000,0.0000,75,0,0,0,0,98,0,0,0,0
zc,WS209,2012-06-06 09:06:04.727,2433.0000,253520,0,0.0000,16.0000,8,8,空换,S,2433.0000,0.0000,0.0000,0.0000,0.0000,2435.0000,0.0000,0.0000,0.0000,0.0000,33,0,0,0,0,149,0,0,0,0
zc,WS209,2012-06-06 09:06:05.210,2434.0000,253516,-4,0.0000,4.0000,0,4,双平,B,2433.0000,0.0000,0.0000,0.0000,0.0000,2434.0000,0.0000,0.0000,0.0000,0.0000,33,0,0,0,0,1,0,0,0,0
zc,WS209,2012-06-06 09:06:06.227,2434.0000,253514,-2,0.0000,16.0000,7,9,空平,B,2433.0000,0.0000,0.0000,0.0000,0.0000,2435.0000,0.0000,0.0000,0.0000,0.0000,43,0,0,0,0,150,0,0,0,0
zc,WS209,2012-06-06 09:06:06.680,2434.0000,253514,0,0.0000,0.0000,0,0,多换,B,2433.0000,0.0000,0.0000,0.0000,0.0000,2434.0000,0.0000,0.0000,0.0000,0.0000,43,0,0,0,0,2,0,0,0,0
zc,WS209,2012-06-06 09:06:07.447,2434.0000,253514,0,0.0000,2.0000,1,1,多换,B,2433.0000,0.0000,0.0000,0.0000,0.0000,2434.0000,0.0000,0.0000,0.0000,0.0000,47,0,0,0,0,3,0,0,0,0
zc,WS209,2012-06-06 09:06:07.977,2434.0000,253514,0,0.0000,0.0000,0,0,多换,B,2433.0000,0.0000,0.0000,0.0000,0.0000,2434.0000,0.0000,0.0000,0.0000,0.0000,80,0,0,0,0,4,0,0,0,0
zc,WS209,2012-06-06 09:06:10.490,2434.0000,253514,0,0.0000,0.0000,0,0,多换,B,2433.0000,0.0000,0.0000,0.0000,0.0000,2434.0000,0.0000,0.0000,0.0000,0.0000,80,0,0,0,0,5,0,0,0,0
zc,WS209,2012-06-06 09:06:11.947,2433.0000,253516,2,0.0000,4.0000,3,1,空开,S,2433.0000,0.0000,0.0000,0.0000,0.0000,2434.0000,0.0000,0.0000,0.0000,0.0000,79,0,0,0,0,4,0,0,0,0
zc,WS209,2012-06-06 09:06:12.710,2434.0000,253514,-2,0.0000,4.0000,1,3,空平,B,2433.0000,0.0000,0.0000,0.0000,0.0000,2434.0000,0.0000,0.0000,0.0000,0.0000,79,0,0,0,0,2,0,0,0,0
zc,WS209,2012-06-06 09:06:13.990,2433.0000,253444,-70,0.0000,90.0000,10,80,多平,S,2432.0000,0.0000,0.0000,0.0000,0.0000,2433.0000,0.0000,0.0000,0.0000,0.0000,12,0,0,0,0,4,0,0,0,0
zc,WS209,2012-06-06 09:06:14.460,2433.0000,253444,0,0.0000,2.0000,1,1,空换,S,2432.0000,0.0000,0.0000,0.0000,0.0000,2433.0000,0.0000,0.0000,0.0000,0.0000,12,0,0,0,0,3,0,0,0,0
zc,WS209,2012-06-06 09:06:15.257,2432.0000,253442,-2,0.0000,6.0000,2,4,多平,S,2432.0000,0.0000,0.0000,0.0000,0.0000,2433.0000,0.0000,0.0000,0.0000,0.0000,13,0,0,0,0,3,0,0,0,0
zc,WS209,2012-06-06 09:06:15.740,2433.0000,253442,0,0.0000,2.0000,1,1,多换,B,2432.0000,0.0000,0.0000,0.0000,0.0000,2433.0000,0.0000,0.0000,0.0000,0.0000,12,0,0,0,0,2,0,0,0,0
zc,WS209,2012-06-06 09:06:16.977,2433.0000,253442,0,0.0000,2.0000,1,1,多换,B,2432.0000,0.0000,0.0000,0.0000,0.0000,2433.0000,0.0000,0.0000,0.0000,0.0000,12,0,0,0,0,1,0,0,0,0
zc,WS209,2012-06-06 09:06:18.227,2433.0000,253442,0,0.0000,2.0000,1,1,多换,B,2432.0000,0.0000,0.0000,0.0000,0.0000,2433.0000,0.0000,0.0000,0.0000,0.0000,12,0,0,0,0,10,0,0,0,0
zc,WS209,2012-06-06 09:06:18.727,2433.0000,253442,0,0.0000,0.0000,0,0,多换,B,2432.0000,0.0000,0.0000,0.0000,0.0000,2433.0000,0.0000,0.0000,0.0000,0.0000,14,0,0,0,0,10,0,0,0,0
zc,WS209,2012-06-06 09:06:19.477,2432.0000,253458,16,0.0000,28.0000,22,6,空开,S,2431.0000,0.0000,0.0000,0.0000,0.0000,2432.0000,0.0000,0.0000,0.0000,0.0000,37,0,0,0,0,6,0,0,0,0
zc,WS209,2012-06-06 09:06:19.990,2432.0000,253458,0,0.0000,2.0000,1,1,空换,S,2431.0000,0.0000,0.0000,0.0000,0.0000,2432.0000,0.0000,0.0000,0.0000,0.0000,39,0,0,0,0,5,0,0,0,0
zc,WS209,2012-06-06 09:06:20.727,2432.0000,253458,0,0.0000,0.0000,0,0,空换,S,2432.0000,0.0000,0.0000,0.0000,0.0000,2433.0000,0.0000,0.0000,0.0000,0.0000,3,0,0,0,0,5,0,0,0,0
zc,WS209,2012-06-06 09:06:21.273,2432.0000,253454,-4,0.0000,4.0000,0,4,双平,S,2432.0000,0.0000,0.0000,0.0000,0.0000,2433.0000,0.0000,0.0000,0.0000,0.0000,1,0,0,0,0,5,0,0,0,0
zc,WS209,2012-06-06 09:06:21.710,2432.0000,253454,0,0.0000,4.0000,2,2,空换,S,2431.0000,0.0000,0.0000,0.0000,0.0000,2432.0000,0.0000,0.0000,0.0000,0.0000,39,0,0,0,0,4,0,0,0,0
zc,WS209,2012-06-06 09:06:22.210,2432.0000,253442,-12,0.0000,20.0000,4,16,多平,S,2431.0000,0.0000,0.0000,0.0000,0.0000,2433.0000,0.0000,0.0000,0.0000,0.0000,73,0,0,0,0,106,0,0,0,0
zc,WS209,2012-06-06 09:06:22.990,2432.0000,253442,0,0.0000,0.0000,0,0,空换,S,2431.0000,0.0000,0.0000,0.0000,0.0000,2433.0000,0.0000,0.0000,0.0000,0.0000,73,0,0,0,0,96,0,0,0,0
zc,WS209,2012-06-06 09:06:23.523,2432.0000,253442,0,0.0000,0.0000,0,0,空换,S,2432.0000,0.0000,0.0000,0.0000,0.0000,2433.0000,0.0000,0.0000,0.0000,0.0000,2,0,0,0,0,92,0,0,0,0
zc,WS209,2012-06-06 09:06:24.257,2432.0000,253444,2,0.0000,2.0000,2,0,双开,S,2432.0000,0.0000,0.0000,0.0000,0.0000,2433.0000,0.0000,0.0000,0.0000,0.0000,1,0,0,0,0,92,0,0,0,0
zc,WS209,2012-06-06 09:06:25.007,2432.0000,253444,0,0.0000,0.0000,0,0,空换,S,2432.0000,0.0000,0.0000,0.0000,0.0000,2433.0000,0.0000,0.0000,0.0000,0.0000,1,0,0,0,0,91,0,0,0,0
zc,WS209,2012-06-06 09:06:25.227,2433.0000,253440,-4,0.0000,4.0000,0,4,双平,B,2432.0000,0.0000,0.0000,0.0000,0.0000,2433.0000,0.0000,0.0000,0.0000,0.0000,31,0,0,0,0,89,0,0,0,0
zc,WS209,2012-06-06 09:06:25.977,2433.0000,253440,0,0.0000,0.0000,0,0,多换,B,2432.0000,0.0000,0.0000,0.0000,0.0000,2433.0000,0.0000,0.0000,0.0000,0.0000,31,0,0,0,0,90,0,0,0,0
zc,WS209,2012-06-06 09:06:26.490,2433.0000,253438,-2,0.0000,2.0000,0,2,双平,B,2432.0000,0.0000,0.0000,0.0000,0.0000,2433.0000,0.0000,0.0000,0.0000,0.0000,31,0,0,0,0,112,0,0,0,0
zc,WS209,2012-06-06 09:06:27.727,2433.0000,253438,0,0.0000,0.0000,0,0,多换,B,2432.0000,0.0000,0.0000,0.0000,0.0000,2433.0000,0.0000,0.0000,0.0000,0.0000,11,0,0,0,0,112,0,0,0,0
zc,WS209,2012-06-06 09:06:28.460,2433.0000,253438,0,0.0000,0.0000,0,0,多换,B,2432.0000,0.0000,0.0000,0.0000,0.0000,2433.0000,0.0000,0.0000,0.0000,0.0000,11,0,0,0,0,114,0,0,0,0
zc,WS209,2012-06-06 09:06:30.197,2432.0000,253440,2,0.0000,2.0000,2,0,双开,S,2432.0000,0.0000,0.0000,0.0000,0.0000,2433.0000,0.0000,0.0000,0.0000,0.0000,10,0,0,0,0,114,0,0,0,0
zc,WS209,2012-06-06 09:06:30.803,2433.0000,253440,0,0.0000,2.0000,1,1,多换,B,2432.0000,0.0000,0.0000,0.0000,0.0000,2433.0000,0.0000,0.0000,0.0000,0.0000,10,0,0,0,0,113,0,0,0,0
zc,WS209,2012-06-06 09:06:31.507,2433.0000,253440,0,0.0000,0.0000,0,0,多换,B,2432.0000,0.0000,0.0000,0.0000,0.0000,2433.0000,0.0000,0.0000,0.0000,0.0000,11,0,0,0,0,113,0,0,0,0
zc,WS209,2012-06-06 09:06:32.210,2433.0000,253440,0,0.0000,0.0000,0,0,多换,B,2432.0000,0.0000,0.0000,0.0000,0.0000,2433.0000,0.0000,0.0000,0.0000,0.0000,11,0,0,0,0,116,0,0,0,0
zc,WS209,2012-06-06 09:06:34.007,2433.0000,253440,0,0.0000,4.0000,2,2,多换,B,2432.0000,0.0000,0.0000,0.0000,0.0000,2433.0000,0.0000,0.0000,0.0000,0.0000,10,0,0,0,0,115,0,0,0,0
zc,WS209,2012-06-06 09:06:34.537,2432.0000,253434,-6,0.0000,6.0000,0,6,双平,S,2432.0000,0.0000,0.0000,0.0000,0.0000,2433.0000,0.0000,0.0000,0.0000,0.0000,18,0,0,0,0,112,0,0,0,0
zc,WS209,2012-06-06 09:06:35.273,2432.0000,253432,-2,0.0000,2.0000,0,2,双平,S,2432.0000,0.0000,0.0000,0.0000,0.0000,2433.0000,0.0000,0.0000,0.0000,0.0000,28,0,0,0,0,111,0,0,0,0
zc,WS209,2012-06-06 09:06:35.757,2432.0000,253402,-30,0.0000,42.0000,6,36,多平,S,2432.0000,0.0000,0.0000,0.0000,0.0000,2433.0000,0.0000,0.0000,0.0000,0.0000,7,0,0,0,0,91,0,0,0,0
zc,WS209,2012-06-06 09:06:36.523,2432.0000,253402,0,0.0000,0.0000,0,0,空换,S,2432.0000,0.0000,0.0000,0.0000,0.0000,2433.0000,0.0000,0.0000,0.0000,0.0000,17,0,0,0,0,91,0,0,0,0
