市场代码,合约代码,时间,最新,持仓,增仓,成交额,成交量,开仓,平仓,成交类型,方向,买一价,买二价,买三价,买四价,买五价,卖一价,卖二价,卖三价,卖四价,卖五价,买一量,买二量,买三量,买四量,买五量,卖一量,卖二量,卖三量,卖四量,卖五量
zc,WS301,2012-06-06 07:47:23.617,0.0000,429652,0,0.0000,0.0000,0,0,空换,S,0.0000,0.0000,0.0000,0.0000,0.0000,0.0000,0.0000,0.0000,0.0000,0.0000,0,0,0,0,0,0,0,0,0,0
zc,WS301,2012-06-06 07:50:23.617,0.0000,429652,0,0.0000,0.0000,0,0,空换,S,0.0000,0.0000,0.0000,0.0000,0.0000,0.0000,0.0000,0.0000,0.0000,0.0000,0,0,0,0,0,0,0,0,0,0
zc,WS301,2012-06-06 07:54:23.600,0.0000,429652,0,0.0000,0.0000,0,0,空换,S,0.0000,0.0000,0.0000,0.0000,0.0000,0.0000,0.0000,0.0000,0.0000,0.0000,0,0,0,0,0,0,0,0,0,0
zc,WS301,2012-06-06 07:57:24.897,0.0000,429652,0,0.0000,0.0000,0,0,空换,S,0.0000,0.0000,0.0000,0.0000,0.0000,0.0000,0.0000,0.0000,0.0000,0.0000,0,0,0,0,0,0,0,0,0,0
zc,WS301,2012-06-06 07:58:24.897,0.0000,429652,0,0.0000,0.0000,0,0,空换,S,0.0000,0.0000,0.0000,0.0000,0.0000,0.0000,0.0000,0.0000,0.0000,0.0000,0,0,0,0,0,0,0,0,0,0
zc,WS301,2012-06-06 08:00:24.897,0.0000,429652,0,0.0000,0.0000,0,0,空换,S,0.0000,0.0000,0.0000,0.0000,0.0000,0.0000,0.0000,0.0000,0.0000,0.0000,0,0,0,0,0,0,0,0,0,0
zc,WS301,2012-06-06 08:01:24.883,0.0000,429652,0,0.0000,0.0000,0,0,空换,S,0.0000,0.0000,0.0000,0.0000,0.0000,0.0000,0.0000,0.0000,0.0000,0.0000,0,0,0,0,0,0,0,0,0,0
zc,WS301,2012-06-06 08:02:24.883,0.0000,429652,0,0.0000,0.0000,0,0,空换,S,0.0000,0.0000,0.0000,0.0000,0.0000,0.0000,0.0000,0.0000,0.0000,0.0000,0,0,0,0,0,0,0,0,0,0
zc,WS301,2012-06-06 08:04:24.883,0.0000,429652,0,0.0000,0.0000,0,0,空换,S,0.0000,0.0000,0.0000,0.0000,0.0000,0.0000,0.0000,0.0000,0.0000,0.0000,0,0,0,0,0,0,0,0,0,0
zc,WS301,2012-06-06 08:05:24.883,0.0000,429652,0,0.0000,0.0000,0,0,空换,S,0.0000,0.0000,0.0000,0.0000,0.0000,0.0000,0.0000,0.0000,0.0000,0.0000,0,0,0,0,0,0,0,0,0,0
zc,WS301,2012-06-06 08:06:26.977,0.0000,429652,0,0.0000,0.0000,0,0,空换,S,0.0000,0.0000,0.0000,0.0000,0.0000,0.0000,0.0000,0.0000,0.0000,0.0000,0,0,0,0,0,0,0,0,0,0
zc,WS301,2012-06-06 08:07:26.977,0.0000,429652,0,0.0000,0.0000,0,0,空换,S,0.0000,0.0000,0.0000,0.0000,0.0000,0.0000,0.0000,0.0000,0.0000,0.0000,0,0,0,0,0,0,0,0,0,0
zc,WS301,2012-06-06 08:09:26.977,0.0000,429652,0,0.0000,0.0000,0,0,空换,S,0.0000,0.0000,0.0000,0.0000,0.0000,0.0000,0.0000,0.0000,0.0000,0.0000,0,0,0,0,0,0,0,0,0,0
zc,WS301,2012-06-06 08:11:26.977,0.0000,429652,0,0.0000,0.0000,0,0,空换,S,0.0000,0.0000,0.0000,0.0000,0.0000,0.0000,0.0000,0.0000,0.0000,0.0000,0,0,0,0,0,0,0,0,0,0
zc,WS301,2012-06-06 08:13:26.960,0.0000,429652,0,0.0000,0.0000,0,0,空换,S,0.0000,0.0000,0.0000,0.0000,0.0000,0.0000,0.0000,0.0000,0.0000,0.0000,0,0,0,0,0,0,0,0,0,0
zc,WS301,2012-06-06 08:16:26.960,0.0000,429652,0,0.0000,0.0000,0,0,空换,S,0.0000,0.0000,0.0000,0.0000,0.0000,0.0000,0.0000,0.0000,0.0000,0.0000,0,0,0,0,0,0,0,0,0,0
zc,WS301,2012-06-06 08:17:26.960,0.0000,429652,0,0.0000,0.0000,0,0,空换,S,0.0000,0.0000,0.0000,0.0000,0.0000,0.0000,0.0000,0.0000,0.0000,0.0000,0,0,0,0,0,0,0,0,0,0
zc,WS301,2012-06-06 08:18:26.960,0.0000,429652,0,0.0000,0.0000,0,0,空换,S,0.0000,0.0000,0.0000,0.0000,0.0000,0.0000,0.0000,0.0000,0.0000,0.0000,0,0,0,0,0,0,0,0,0,0
zc,WS301,2012-06-06 08:19:26.960,0.0000,429652,0,0.0000,0.0000,0,0,空换,S,0.0000,0.0000,0.0000,0.0000,0.0000,0.0000,0.0000,0.0000,0.0000,0.0000,0,0,0,0,0,0,0,0,0,0
zc,WS301,2012-06-06 08:20:26.960,0.0000,429652,0,0.0000,0.0000,0,0,空换,S,0.0000,0.0000,0.0000,0.0000,0.0000,0.0000,0.0000,0.0000,0.0000,0.0000,0,0,0,0,0,0,0,0,0,0
zc,WS301,2012-06-06 08:21:26.960,0.0000,429652,0,0.0000,0.0000,0,0,空换,S,0.0000,0.0000,0.0000,0.0000,0.0000,0.0000,0.0000,0.0000,0.0000,0.0000,0,0,0,0,0,0,0,0,0,0
zc,WS301,2012-06-06 08:23:26.960,0.0000,429652,0,0.0000,0.0000,0,0,空换,S,0.0000,0.0000,0.0000,0.0000,0.0000,0.0000,0.0000,0.0000,0.0000,0.0000,0,0,0,0,0,0,0,0,0,0
zc,WS301,2012-06-06 08:25:26.960,0.0000,429652,0,0.0000,0.0000,0,0,空换,S,0.0000,0.0000,0.0000,0.0000,0.0000,0.0000,0.0000,0.0000,0.0000,0.0000,0,0,0,0,0,0,0,0,0,0
zc,WS301,2012-06-06 08:26:26.960,0.0000,429652,0,0.0000,0.0000,0,0,空换,S,0.0000,0.0000,0.0000,0.0000,0.0000,0.0000,0.0000,0.0000,0.0000,0.0000,0,0,0,0,0,0,0,0,0,0
zc,WS301,2012-06-06 08:27:26.960,0.0000,429652,0,0.0000,0.0000,0,0,空换,S,0.0000,0.0000,0.0000,0.0000,0.0000,0.0000,0.0000,0.0000,0.0000,0.0000,0,0,0,0,0,0,0,0,0,0
zc,WS301,2012-06-06 08:28:26.960,0.0000,429652,0,0.0000,0.0000,0,0,空换,S,0.0000,0.0000,0.0000,0.0000,0.0000,0.0000,0.0000,0.0000,0.0000,0.0000,0,0,0,0,0,0,0,0,0,0
zc,WS301,2012-06-06 08:31:26.947,0.0000,429652,0,0.0000,0.0000,0,0,空换,S,0.0000,0.0000,0.0000,0.0000,0.0000,0.0000,0.0000,0.0000,0.0000,0.0000,0,0,0,0,0,0,0,0,0,0
zc,WS301,2012-06-06 08:32:26.947,0.0000,429652,0,0.0000,0.0000,0,0,空换,S,0.0000,0.0000,0.0000,0.0000,0.0000,0.0000,0.0000,0.0000,0.0000,0.0000,0,0,0,0,0,0,0,0,0,0
zc,WS301,2012-06-06 08:33:26.947,0.0000,429652,0,0.0000,0.0000,0,0,空换,S,0.0000,0.0000,0.0000,0.0000,0.0000,0.0000,0.0000,0.0000,0.0000,0.0000,0,0,0,0,0,0,0,0,0,0
zc,WS301,2012-06-06 08:34:26.947,0.0000,429652,0,0.0000,0.0000,0,0,空换,S,0.0000,0.0000,0.0000,0.0000,0.0000,0.0000,0.0000,0.0000,0.0000,0.0000,0,0,0,0,0,0,0,0,0,0
zc,WS301,2012-06-06 08:39:26.947,0.0000,429652,0,0.0000,0.0000,0,0,空换,S,0.0000,0.0000,0.0000,0.0000,0.0000,0.0000,0.0000,0.0000,0.0000,0.0000,0,0,0,0,0,0,0,0,0,0
zc,WS301,2012-06-06 08:40:26.947,0.0000,429652,0,0.0000,0.0000,0,0,空换,S,0.0000,0.0000,0.0000,0.0000,0.0000,0.0000,0.0000,0.0000,0.0000,0.0000,0,0,0,0,0,0,0,0,0,0
zc,WS301,2012-06-06 08:41:26.947,0.0000,429652,0,0.0000,0.0000,0,0,空换,S,0.0000,0.0000,0.0000,0.0000,0.0000,0.0000,0.0000,0.0000,0.0000,0.0000,0,0,0,0,0,0,0,0,0,0
zc,WS301,2012-06-06 08:53:26.930,0.0000,429652,0,0.0000,0.0000,0,0,空换,S,0.0000,0.0000,0.0000,0.0000,0.0000,0.0000,0.0000,0.0000,0.0000,0.0000,0,0,0,0,0,0,0,0,0,0
zc,WS301,2012-06-06 08:55:00.710,0.0000,429652,0,0.0000,0.0000,0,0,空换,S,0.0000,0.0000,0.0000,0.0000,0.0000,0.0000,0.0000,0.0000,0.0000,0.0000,0,0,0,0,0,0,0,0,0,0
zc,WS301,2012-06-06 08:56:56.413,0.0000,429652,0,0.0000,0.0000,0,0,空换,S,0.0000,0.0000,0.0000,0.0000,0.0000,0.0000,0.0000,0.0000,0.0000,0.0000,0,0,0,0,0,0,0,0,0,0
zc,WS301,2012-06-06 08:57:11.663,0.0000,429652,0,0.0000,0.0000,0,0,空换,S,0.0000,0.0000,0.0000,0.0000,0.0000,0.0000,0.0000,0.0000,0.0000,0.0000,0,0,0,0,0,0,0,0,0,0
zc,WS301,2012-06-06 08:58:02.913,0.0000,429652,0,0.0000,0.0000,0,0,空换,S,0.0000,0.0000,0.0000,0.0000,0.0000,0.0000,0.0000,0.0000,0.0000,0.0000,0,0,0,0,0,0,0,0,0,0
zc,WS301,2012-06-06 08:58:26.930,0.0000,429652,0,0.0000,0.0000,0,0,空换,S,0.0000,0.0000,0.0000,0.0000,0.0000,0.0000,0.0000,0.0000,0.0000,0.0000,0,0,0,0,0,0,0,0,0,0
zc,WS301,2012-06-06 08:59:00.447,2543.0000,429894,242,0.0000,1088.0000,665,423,多开,B,2542.0000,0.0000,0.0000,0.0000,0.0000,2543.0000,0.0000,0.0000,0.0000,0.0000,167,0,0,0,0,107,0,0,0,0
zc,WS301,2012-06-06 09:00:01.133,2544.0000,429888,-6,0.0000,396.0000,195,201,空平,B,2543.0000,0.0000,0.0000,0.0000,0.0000,2544.0000,0.0000,0.0000,0.0000,0.0000,41,0,0,0,0,9,0,0,0,0
zc,WS301,2012-06-06 09:00:01.947,2543.0000,429292,-596,0.0000,2760.0000,1082,1678,多平,S,2543.0000,0.0000,0.0000,0.0000,0.0000,2544.0000,0.0000,0.0000,0.0000,0.0000,63,0,0,0,0,1,0,0,0,0
zc,WS301,2012-06-06 09:00:02.913,2545.0000,429192,-100,0.0000,148.0000,24,124,空平,B,2543.0000,0.0000,0.0000,0.0000,0.0000,2545.0000,0.0000,0.0000,0.0000,0.0000,121,0,0,0,0,355,0,0,0,0
zc,WS301,2012-06-06 09:00:03.367,2544.0000,429042,-150,0.0000,274.0000,62,212,多平,S,2544.0000,0.0000,0.0000,0.0000,0.0000,2545.0000,0.0000,0.0000,0.0000,0.0000,143,0,0,0,0,278,0,0,0,0
zc,WS301,2012-06-06 09:00:03.867,2545.0000,428734,-308,0.0000,722.0000,207,515,空平,B,2544.0000,0.0000,0.0000,0.0000,0.0000,2545.0000,0.0000,0.0000,0.0000,0.0000,3,0,0,0,0,244,0,0,0,0
zc,WS301,2012-06-06 09:00:04.367,2544.0000,428730,-4,0.0000,136.0000,66,70,多平,S,2543.0000,0.0000,0.0000,0.0000,0.0000,2545.0000,0.0000,0.0000,0.0000,0.0000,770,0,0,0,0,260,0,0,0,0
zc,WS301,2012-06-06 09:00:05.147,2545.0000,428654,-76,0.0000,146.0000,35,111,空平,B,2544.0000,0.0000,0.0000,0.0000,0.0000,2545.0000,0.0000,0.0000,0.0000,0.0000,136,0,0,0,0,195,0,0,0,0
zc,WS301,2012-06-06 09:00:05.397,2545.0000,428652,-2,0.0000,24.0000,11,13,空平,B,2544.0000,0.0000,0.0000,0.0000,0.0000,2545.0000,0.0000,0.0000,0.0000,0.0000,135,0,0,0,0,188,0,0,0,0
zc,WS301,2012-06-06 09:00:06.383,2544.0000,428880,228,0.0000,408.0000,318,90,空开,S,2544.0000,0.0000,0.0000,0.0000,0.0000,2545.0000,0.0000,0.0000,0.0000,0.0000,151,0,0,0,0,12,0,0,0,0
zc,WS301,2012-06-06 09:00:06.867,2544.0000,428718,-162,0.0000,616.0000,227,389,多平,S,2543.0000,0.0000,0.0000,0.0000,0.0000,2544.0000,0.0000,0.0000,0.0000,0.0000,769,0,0,0,0,9,0,0,0,0
zc,WS301,2012-06-06 09:00:07.867,2545.0000,428726,8,0.0000,80.0000,44,36,多开,B,2545.0000,0.0000,0.0000,0.0000,0.0000,2546.0000,0.0000,0.0000,0.0000,0.0000,97,0,0,0,0,111,0,0,0,0
zc,WS301,2012-06-06 09:00:08.087,2544.0000,428716,-10,0.0000,222.0000,106,116,多平,S,2543.0000,0.0000,0.0000,0.0000,0.0000,2544.0000,0.0000,0.0000,0.0000,0.0000,789,0,0,0,0,94,0,0,0,0
zc,WS301,2012-06-06 09:00:09.147,2543.0000,428706,-10,0.0000,318.0000,154,164,多平,S,2543.0000,0.0000,0.0000,0.0000,0.0000,2544.0000,0.0000,0.0000,0.0000,0.0000,773,0,0,0,0,485,0,0,0,0
zc,WS301,2012-06-06 09:00:09.600,2544.0000,428832,126,0.0000,180.0000,153,27,多开,B,2543.0000,0.0000,0.0000,0.0000,0.0000,2544.0000,0.0000,0.0000,0.0000,0.0000,703,0,0,0,0,472,0,0,0,0
zc,WS301,2012-06-06 09:00:10.337,2544.0000,428960,128,0.0000,164.0000,146,18,多开,B,2543.0000,0.0000,0.0000,0.0000,0.0000,2544.0000,0.0000,0.0000,0.0000,0.0000,636,0,0,0,0,457,0,0,0,0
zc,WS301,2012-06-06 09:00:10.600,2544.0000,428946,-14,0.0000,74.0000,30,44,空平,B,2543.0000,0.0000,0.0000,0.0000,0.0000,2544.0000,0.0000,0.0000,0.0000,0.0000,623,0,0,0,0,441,0,0,0,0
zc,WS301,2012-06-06 09:00:11.383,2543.0000,428948,2,0.0000,276.0000,139,137,空开,S,2543.0000,0.0000,0.0000,0.0000,0.0000,2544.0000,0.0000,0.0000,0.0000,0.0000,597,0,0,0,0,338,0,0,0,0
zc,WS301,2012-06-06 09:00:11.867,2543.0000,428838,-110,0.0000,228.0000,59,169,多平,S,2543.0000,0.0000,0.0000,0.0000,0.0000,2544.0000,0.0000,0.0000,0.0000,0.0000,500,0,0,0,0,325,0,0,0,0
zc,WS301,2012-06-06 09:00:12.383,2543.0000,428606,-232,0.0000,280.0000,24,256,多平,S,2543.0000,0.0000,0.0000,0.0000,0.0000,2544.0000,0.0000,0.0000,0.0000,0.0000,389,0,0,0,0,322,0,0,0,0
zc,WS301,2012-06-06 09:00:13.320,2544.0000,428292,-314,0.0000,436.0000,61,375,空平,B,2543.0000,0.0000,0.0000,0.0000,0.0000,2544.0000,0.0000,0.0000,0.0000,0.0000,287,0,0,0,0,260,0,0,0,0
zc,WS301,2012-06-06 09:00:13.850,2543.0000,428114,-178,0.0000,728.0000,275,453,多平,S,2542.0000,0.0000,0.0000,0.0000,0.0000,2543.0000,0.0000,0.0000,0.0000,0.0000,211,0,0,0,0,9,0,0,0,0
zc,WS301,2012-06-06 09:00:14.617,2544.0000,428092,-22,0.0000,92.0000,35,57,空平,B,2542.0000,0.0000,0.0000,0.0000,0.0000,2543.0000,0.0000,0.0000,0.0000,0.0000,211,0,0,0,0,3,0,0,0,0
zc,WS301,2012-06-06 09:00:15.087,2543.0000,428098,6,0.0000,32.0000,19,13,空开,S,2542.0000,0.0000,0.0000,0.0000,0.0000,2543.0000,0.0000,0.0000,0.0000,0.0000,209,0,0,0,0,103,0,0,0,0
zc,WS301,2012-06-06 09:00:15.837,2543.0000,428112,14,0.0000,432.0000,223,209,空开,S,2542.0000,0.0000,0.0000,0.0000,0.0000,2543.0000,0.0000,0.0000,0.0000,0.0000,1,0,0,0,0,230,0,0,0,0
zc,WS301,2012-06-06 09:00:16.587,2542.0000,428178,66,0.0000,78.0000,72,6,空开,S,2541.0000,0.0000,0.0000,0.0000,0.0000,2542.0000,0.0000,0.0000,0.0000,0.0000,74,0,0,0,0,162,0,0,0,0
zc,WS301,2012-06-06 09:00:17.350,2543.0000,428472,294,0.0000,658.0000,476,182,多开,B,2541.0000,0.0000,0.0000,0.0000,0.0000,2542.0000,0.0000,0.0000,0.0000,0.0000,136,0,0,0,0,50,0,0,0,0
zc,WS301,2012-06-06 09:00:17.850,2541.0000,428468,-4,0.0000,42.0000,19,23,多平,S,2541.0000,0.0000,0.0000,0.0000,0.0000,2542.0000,0.0000,0.0000,0.0000,0.0000,120,0,0,0,0,50,0,0,0,0
zc,WS301,2012-06-06 09:00:18.600,2542.0000,428472,4,0.0000,58.0000,31,27,多开,B,2541.0000,0.0000,0.0000,0.0000,0.0000,2542.0000,0.0000,0.0000,0.0000,0.0000,140,0,0,0,0,23,0,0,0,0
zc,WS301,2012-06-06 09:00:19.037,2542.0000,428462,-10,0.0000,12.0000,1,11,空平,B,2541.0000,0.0000,0.0000,0.0000,0.0000,2542.0000,0.0000,0.0000,0.0000,0.0000,138,0,0,0,0,21,0,0,0,0
zc,WS301,2012-06-06 09:00:19.883,2544.0000,428512,50,0.0000,322.0000,186,136,多开,B,2541.0000,0.0000,0.0000,0.0000,0.0000,2542.0000,0.0000,0.0000,0.0000,0.0000,128,0,0,0,0,24,0,0,0,0
zc,WS301,2012-06-06 09:00:20.350,2542.0000,428468,-44,0.0000,110.0000,33,77,多平,S,2542.0000,0.0000,0.0000,0.0000,0.0000,2543.0000,0.0000,0.0000,0.0000,0.0000,111,0,0,0,0,49,0,0,0,0
zc,WS301,2012-06-06 09:00:21.070,2542.0000,428350,-118,0.0000,118.0000,0,118,双平,S,2542.0000,0.0000,0.0000,0.0000,0.0000,2543.0000,0.0000,0.0000,0.0000,0.0000,66,0,0,0,0,51,0,0,0,0
zc,WS301,2012-06-06 09:00:21.897,2542.0000,428230,-120,0.0000,242.0000,61,181,多平,S,2541.0000,0.0000,0.0000,0.0000,0.0000,2542.0000,0.0000,0.0000,0.0000,0.0000,139,0,0,0,0,27,0,0,0,0
zc,WS301,2012-06-06 09:00:22.383,2542.0000,428236,6,0.0000,56.0000,31,25,空开,S,2541.0000,0.0000,0.0000,0.0000,0.0000,2542.0000,0.0000,0.0000,0.0000,0.0000,138,0,0,0,0,12,0,0,0,0
zc,WS301,2012-06-06 09:00:23.037,2543.0000,428178,-58,0.0000,168.0000,55,113,空平,B,2541.0000,0.0000,0.0000,0.0000,0.0000,2542.0000,0.0000,0.0000,0.0000,0.0000,170,0,0,0,0,2,0,0,0,0
zc,WS301,2012-06-06 09:00:23.867,2541.0000,428128,-50,0.0000,56.0000,3,53,多平,S,2541.0000,0.0000,0.0000,0.0000,0.0000,2542.0000,0.0000,0.0000,0.0000,0.0000,145,0,0,0,0,23,0,0,0,0
zc,WS301,2012-06-06 09:00:24.367,2543.0000,428134,6,0.0000,94.0000,50,44,多开,B,2542.0000,0.0000,0.0000,0.0000,0.0000,2543.0000,0.0000,0.0000,0.0000,0.0000,19,0,0,0,0,25,0,0,0,0
zc,WS301,2012-06-06 09:00:25.023,2543.0000,428176,42,0.0000,96.0000,69,27,多开,B,2542.0000,0.0000,0.0000,0.0000,0.0000,2543.0000,0.0000,0.0000,0.0000,0.0000,91,0,0,0,0,18,0,0,0,0
zc,WS301,2012-06-06 09:00:25.617,2542.0000,428220,44,0.0000,60.0000,52,8,空开,S,2542.0000,0.0000,0.0000,0.0000,0.0000,2543.0000,0.0000,0.0000,0.0000,0.0000,74,0,0,0,0,49,0,0,0,0
zc,WS301,2012-06-06 09:00:26.367,2542.0000,428224,4,0.0000,28.0000,16,12,空开,S,2542.0000,0.0000,0.0000,0.0000,0.0000,2543.0000,0.0000,0.0000,0.0000,0.0000,94,0,0,0,0,49,0,0,0,0
zc,WS301,2012-06-06 09:00:27.537,2542.0000,428228,4,0.0000,22.0000,13,9,空开,S,2542.0000,0.0000,0.0000,0.0000,0.0000,2543.0000,0.0000,0.0000,0.0000,0.0000,118,0,0,0,0,50,0,0,0,0
zc,WS301,2012-06-06 09:00:28.070,2542.0000,428386,158,0.0000,612.0000,385,227,空开,S,2542.0000,0.0000,0.0000,0.0000,0.0000,2544.0000,0.0000,0.0000,0.0000,0.0000,114,0,0,0,0,139,0,0,0,0
zc,WS301,2012-06-06 09:00:28.867,2542.0000,428402,16,0.0000,18.0000,17,1,空开,S,2543.0000,0.0000,0.0000,0.0000,0.0000,2544.0000,0.0000,0.0000,0.0000,0.0000,23,0,0,0,0,112,0,0,0,0
zc,WS301,2012-06-06 09:00:29.367,2543.0000,428408,6,0.0000,10.0000,8,2,多开,B,2543.0000,0.0000,0.0000,0.0000,0.0000,2544.0000,0.0000,0.0000,0.0000,0.0000,62,0,0,0,0,111,0,0,0,0
zc,WS301,2012-06-06 09:00:30.117,2544.0000,428416,8,0.0000,66.0000,37,29,多开,B,2543.0000,0.0000,0.0000,0.0000,0.0000,2544.0000,0.0000,0.0000,0.0000,0.0000,52,0,0,0,0,67,0,0,0,0
zc,WS301,2012-06-06 09:00:30.647,2543.0000,428432,16,0.0000,18.0000,17,1,空开,S,2543.0000,0.0000,0.0000,0.0000,0.0000,2544.0000,0.0000,0.0000,0.0000,0.0000,43,0,0,0,0,118,0,0,0,0
zc,WS301,2012-06-06 09:00:31.367,2543.0000,428750,318,0.0000,516.0000,417,99,空开,S,2542.0000,0.0000,0.0000,0.0000,0.0000,2543.0000,0.0000,0.0000,0.0000,0.0000,142,0,0,0,0,77,0,0,0,0
zc,WS301,2012-06-06 09:00:31.867,2543.0000,428762,12,0.0000,12.0000,12,0,双开,S,2542.0000,0.0000,0.0000,0.0000,0.0000,2543.0000,0.0000,0.0000,0.0000,0.0000,160,0,0,0,0,112,0,0,0,0
zc,WS301,2012-06-06 09:00:32.617,2545.0000,428838,76,0.0000,604.0000,340,264,多开,B,2545.0000,0.0000,0.0000,0.0000,0.0000,2546.0000,0.0000,0.0000,0.0000,0.0000,23,0,0,0,0,147,0,0,0,0
zc,WS301,2012-06-06 09:00:33.070,2544.0000,428880,42,0.0000,48.0000,45,3,空开,S,2544.0000,0.0000,0.0000,0.0000,0.0000,2545.0000,0.0000,0.0000,0.0000,0.0000,27,0,0,0,0,26,0,0,0,0
zc,WS301,2012-06-06 09:00:33.867,2544.0000,428870,-10,0.0000,62.0000,26,36,多平,S,2543.0000,0.0000,0.0000,0.0000,0.0000,2544.0000,0.0000,0.0000,0.0000,0.0000,16,0,0,0,0,120,0,0,0,0
zc,WS301,2012-06-06 09:00:34.337,2543.0000,428858,-12,0.0000,24.0000,6,18,多平,S,2543.0000,0.0000,0.0000,0.0000,0.0000,2544.0000,0.0000,0.0000,0.0000,0.0000,15,0,0,0,0,138,0,0,0,0
zc,WS301,2012-06-06 09:00:35.087,2544.0000,428858,0,0.0000,108.0000,54,54,多换,B,2543.0000,0.0000,0.0000,0.0000,0.0000,2544.0000,0.0000,0.0000,0.0000,0.0000,15,0,0,0,0,175,0,0,0,0
zc,WS301,2012-06-06 09:00:35.617,2544.0000,428852,-6,0.0000,38.0000,16,22,空平,B,2543.0000,0.0000,0.0000,0.0000,0.0000,2544.0000,0.0000,0.0000,0.0000,0.0000,24,0,0,0,0,156,0,0,0,0
zc,WS301,2012-06-06 09:00:36.240,2543.0000,428860,8,0.0000,268.0000,138,130,空开,S,2542.0000,0.0000,0.0000,0.0000,0.0000,2543.0000,0.0000,0.0000,0.0000,0.0000,322,0,0,0,0,23,0,0,0,0
zc,WS301,2012-06-06 09:00:36.740,2545.0000,429440,580,0.0000,952.0000,766,186,多开,B,2544.0000,0.0000,0.0000,0.0000,0.0000,2545.0000,0.0000,0.0000,0.0000,0.0000,9,0,0,0,0,1,0,0,0,0
zc,WS301,2012-06-06 09:00:38.367,2545.0000,429420,-20,0.0000,68.0000,24,44,空平,B,2544.0000,0.0000,0.0000,0.0000,0.0000,2545.0000,0.0000,0.0000,0.0000,0.0000,5,0,0,0,0,2,0,0,0,0
zc,WS301,2012-06-06 09:00:38.803,2543.0000,429422,2,0.0000,20.0000,11,9,空开,S,2543.0000,0.0000,0.0000,0.0000,0.0000,2544.0000,0.0000,0.0000,0.0000,0.0000,315,0,0,0,0,11,0,0,0,0
zc,WS301,2012-06-06 09:00:39.287,2544.0000,429418,-4,0.0000,22.0000,9,13,空平,B,2544.0000,0.0000,0.0000,0.0000,0.0000,2545.0000,0.0000,0.0000,0.0000,0.0000,203,0,0,0,0,38,0,0,0,0
zc,WS301,2012-06-06 09:00:40.117,2544.0000,429520,102,0.0000,302.0000,202,100,多开,B,2544.0000,0.0000,0.0000,0.0000,0.0000,2545.0000,0.0000,0.0000,0.0000,0.0000,54,0,0,0,0,40,0,0,0,0
zc,WS301,2012-06-06 09:00:40.820,2545.0000,429522,2,0.0000,42.0000,22,20,多开,B,2544.0000,0.0000,0.0000,0.0000,0.0000,2545.0000,0.0000,0.0000,0.0000,0.0000,45,0,0,0,0,34,0,0,0,0
zc,WS301,2012-06-06 09:00:41.883,2544.0000,429500,-22,0.0000,54.0000,16,38,多平,S,2544.0000,0.0000,0.0000,0.0000,0.0000,2545.0000,0.0000,0.0000,0.0000,0.0000,52,0,0,0,0,29,0,0,0,0
zc,WS301,2012-06-06 09:00:42.210,2545.0000,429492,-8,0.0000,18.0000,5,13,空平,B,2544.0000,0.0000,0.0000,0.0000,0.0000,2545.0000,0.0000,0.0000,0.0000,0.0000,53,0,0,0,0,52,0,0,0,0
zc,WS301,2012-06-06 09:00:43.133,2545.0000,429542,50,0.0000,148.0000,99,49,多开,B,2545.0000,0.0000,0.0000,0.0000,0.0000,2546.0000,0.0000,0.0000,0.0000,0.0000,77,0,0,0,0,19,0,0,0,0
zc,WS301,2012-06-06 09:00:43.587,2545.0000,429542,0,0.0000,10.0000,5,5,多换,B,2545.0000,0.0000,0.0000,0.0000,0.0000,2546.0000,0.0000,0.0000,0.0000,0.0000,102,0,0,0,0,19,0,0,0,0
zc,WS301,2012-06-06 09:00:44.320,2545.0000,429550,8,0.0000,74.0000,41,33,多开,B,2545.0000,0.0000,0.0000,0.0000,0.0000,2546.0000,0.0000,0.0000,0.0000,0.0000,85,0,0,0,0,6,0,0,0,0
zc,WS301,2012-06-06 09:00:44.787,2546.0000,429550,0,0.0000,22.0000,11,11,多换,B,2545.0000,0.0000,0.0000,0.0000,0.0000,2546.0000,0.0000,0.0000,0.0000,0.0000,87,0,0,0,0,15,0,0,0,0
zc,WS301,2012-06-06 09:00:45.587,2546.0000,429570,20,0.0000,68.0000,44,24,多开,B,2545.0000,0.0000,0.0000,0.0000,0.0000,2546.0000,0.0000,0.0000,0.0000,0.0000,71,0,0,0,0,2,0,0,0,0
zc,WS301,2012-06-06 09:00:46.100,2547.0000,429576,6,0.0000,16.0000,11,5,多开,B,2545.0000,0.0000,0.0000,0.0000,0.0000,2546.0000,0.0000,0.0000,0.0000,0.0000,66,0,0,0,0,3,0,0,0,0
zc,WS301,2012-06-06 09:00:46.803,2546.0000,429570,-6,0.0000,36.0000,15,21,多平,S,2546.0000,0.0000,0.0000,0.0000,0.0000,2547.0000,0.0000,0.0000,0.0000,0.0000,9,0,0,0,0,255,0,0,0,0
zc,WS301,2012-06-06 09:00:47.257,2546.0000,429574,4,0.0000,8.0000,6,2,空开,S,2546.0000,0.0000,0.0000,0.0000,0.0000,2547.0000,0.0000,0.0000,0.0000,0.0000,11,0,0,0,0,312,0,0,0,0
zc,WS301,2012-06-06 09:00:48.023,2547.0000,429584,10,0.0000,42.0000,26,16,多开,B,2545.0000,0.0000,0.0000,0.0000,0.0000,2546.0000,0.0000,0.0000,0.0000,0.0000,66,0,0,0,0,3,0,0,0,0
zc,WS301,2012-06-06 09:00:48.803,2546.0000,429516,-68,0.0000,122.0000,27,95,多平,S,2545.0000,0.0000,0.0000,0.0000,0.0000,2546.0000,0.0000,0.0000,0.0000,0.0000,16,0,0,0,0,21,0,0,0,0
zc,WS301,2012-06-06 09:00:49.337,2547.0000,429550,34,0.0000,70.0000,52,18,多开,B,2546.0000,0.0000,0.0000,0.0000,0.0000,2547.0000,0.0000,0.0000,0.0000,0.0000,21,0,0,0,0,281,0,0,0,0
zc,WS301,2012-06-06 09:00:49.990,2546.0000,429560,10,0.0000,82.0000,46,36,空开,S,2545.0000,0.0000,0.0000,0.0000,0.0000,2546.0000,0.0000,0.0000,0.0000,0.0000,17,0,0,0,0,160,0,0,0,0
zc,WS301,2012-06-06 09:00:50.787,2546.0000,429558,-2,0.0000,24.0000,11,13,多平,S,2545.0000,0.0000,0.0000,0.0000,0.0000,2546.0000,0.0000,0.0000,0.0000,0.0000,22,0,0,0,0,164,0,0,0,0
zc,WS301,2012-06-06 09:00:51.337,2546.0000,429558,0,0.0000,28.0000,14,14,空换,S,2545.0000,0.0000,0.0000,0.0000,0.0000,2546.0000,0.0000,0.0000,0.0000,0.0000,37,0,0,0,0,207,0,0,0,0
zc,WS301,2012-06-06 09:00:51.803,2545.0000,429548,-10,0.0000,98.0000,44,54,多平,S,2544.0000,0.0000,0.0000,0.0000,0.0000,2545.0000,0.0000,0.0000,0.0000,0.0000,58,0,0,0,0,53,0,0,0,0
zc,WS301,2012-06-06 09:00:52.570,2546.0000,429548,0,0.0000,124.0000,62,62,多换,B,2545.0000,0.0000,0.0000,0.0000,0.0000,2546.0000,0.0000,0.0000,0.0000,0.0000,1,0,0,0,0,211,0,0,0,0
zc,WS301,2012-06-06 09:00:53.037,2546.0000,429546,-2,0.0000,38.0000,18,20,空平,B,2545.0000,0.0000,0.0000,0.0000,0.0000,2546.0000,0.0000,0.0000,0.0000,0.0000,14,0,0,0,0,202,0,0,0,0
zc,WS301,2012-06-06 09:00:53.787,2546.0000,429542,-4,0.0000,34.0000,15,19,空平,B,2544.0000,0.0000,0.0000,0.0000,0.0000,2546.0000,0.0000,0.0000,0.0000,0.0000,65,0,0,0,0,211,0,0,0,0
zc,WS301,2012-06-06 09:00:54.257,2545.0000,429338,-204,0.0000,214.0000,5,209,多平,S,2545.0000,0.0000,0.0000,0.0000,0.0000,2546.0000,0.0000,0.0000,0.0000,0.0000,38,0,0,0,0,319,0,0,0,0
zc,WS301,2012-06-06 09:00:55.007,2545.0000,429336,-2,0.0000,36.0000,17,19,多平,S,2545.0000,0.0000,0.0000,0.0000,0.0000,2546.0000,0.0000,0.0000,0.0000,0.0000,23,0,0,0,0,319,0,0,0,0
zc,WS301,2012-06-06 09:00:55.553,2546.0000,429340,4,0.0000,10.0000,7,3,多开,B,2545.0000,0.0000,0.0000,0.0000,0.0000,2546.0000,0.0000,0.0000,0.0000,0.0000,23,0,0,0,0,338,0,0,0,0
zc,WS301,2012-06-06 09:00:56.553,2545.0000,429336,-4,0.0000,64.0000,30,34,多平,S,2544.0000,0.0000,0.0000,0.0000,0.0000,2545.0000,0.0000,0.0000,0.0000,0.0000,68,0,0,0,0,86,0,0,0,0
zc,WS301,2012-06-06 09:00:56.787,2543.0000,429482,146,0.0000,368.0000,257,111,空开,S,2543.0000,0.0000,0.0000,0.0000,0.0000,2544.0000,0.0000,0.0000,0.0000,0.0000,61,0,0,0,0,12,0,0,0,0
zc,WS301,2012-06-06 09:00:57.787,2545.0000,429480,-2,0.0000,72.0000,35,37,空平,B,2543.0000,0.0000,0.0000,0.0000,0.0000,2545.0000,0.0000,0.0000,0.0000,0.0000,62,0,0,0,0,117,0,0,0,0
zc,WS301,2012-06-06 09:00:58.007,2544.0000,429474,-6,0.0000,16.0000,5,11,多平,S,2544.0000,0.0000,0.0000,0.0000,0.0000,2545.0000,0.0000,0.0000,0.0000,0.0000,1,0,0,0,0,115,0,0,0,0
zc,WS301,2012-06-06 09:00:58.820,2544.0000,429488,14,0.0000,48.0000,31,17,空开,S,2543.0000,0.0000,0.0000,0.0000,0.0000,2544.0000,0.0000,0.0000,0.0000,0.0000,60,0,0,0,0,1,0,0,0,0
zc,WS301,2012-06-06 09:00:59.240,2545.0000,429620,132,0.0000,208.0000,170,38,多开,B,2545.0000,0.0000,0.0000,0.0000,0.0000,2546.0000,0.0000,0.0000,0.0000,0.0000,10,0,0,0,0,389,0,0,0,0
zc,WS301,2012-06-06 09:01:00.007,2544.0000,429654,34,0.0000,38.0000,36,2,空开,S,2543.0000,0.0000,0.0000,0.0000,0.0000,2544.0000,0.0000,0.0000,0.0000,0.0000,68,0,0,0,0,108,0,0,0,0
zc,WS301,2012-06-06 09:01:00.477,2544.0000,429632,-22,0.0000,24.0000,1,23,多平,S,2543.0000,0.0000,0.0000,0.0000,0.0000,2544.0000,0.0000,0.0000,0.0000,0.0000,73,0,0,0,0,115,0,0,0,0
zc,WS301,2012-06-06 09:01:01.320,2544.0000,429636,4,0.0000,14.0000,9,5,空开,S,2543.0000,0.0000,0.0000,0.0000,0.0000,2544.0000,0.0000,0.0000,0.0000,0.0000,132,0,0,0,0,110,0,0,0,0
zc,WS301,2012-06-06 09:01:02.070,2544.0000,429642,6,0.0000,12.0000,9,3,空开,S,2543.0000,0.0000,0.0000,0.0000,0.0000,2544.0000,0.0000,0.0000,0.0000,0.0000,137,0,0,0,0,141,0,0,0,0
zc,WS301,2012-06-06 09:01:02.820,2544.0000,429842,200,0.0000,282.0000,241,41,空开,S,2544.0000,0.0000,0.0000,0.0000,0.0000,2545.0000,0.0000,0.0000,0.0000,0.0000,362,0,0,0,0,127,0,0,0,0
zc,WS301,2012-06-06 09:01:03.320,2545.0000,429844,2,0.0000,128.0000,65,63,多开,B,2544.0000,0.0000,0.0000,0.0000,0.0000,2545.0000,0.0000,0.0000,0.0000,0.0000,365,0,0,0,0,69,0,0,0,0
zc,WS301,2012-06-06 09:01:04.053,2545.0000,429864,20,0.0000,46.0000,33,13,多开,B,2544.0000,0.0000,0.0000,0.0000,0.0000,2545.0000,0.0000,0.0000,0.0000,0.0000,380,0,0,0,0,59,0,0,0,0
zc,WS301,2012-06-06 09:01:04.490,2544.0000,429866,2,0.0000,4.0000,3,1,空开,S,2544.0000,0.0000,0.0000,0.0000,0.0000,2545.0000,0.0000,0.0000,0.0000,0.0000,380,0,0,0,0,58,0,0,0,0
zc,WS301,2012-06-06 09:01:05.303,2544.0000,429866,0,0.0000,0.0000,0,0,空换,S,2544.0000,0.0000,0.0000,0.0000,0.0000,2545.0000,0.0000,0.0000,0.0000,0.0000,381,0,0,0,0,60,0,0,0,0
zc,WS301,2012-06-06 09:01:05.787,2545.0000,429864,-2,0.0000,40.0000,19,21,空平,B,2544.0000,0.0000,0.0000,0.0000,0.0000,2545.0000,0.0000,0.0000,0.0000,0.0000,380,0,0,0,0,42,0,0,0,0
zc,WS301,2012-06-06 09:01:06.553,2545.0000,429872,8,0.0000,94.0000,51,43,多开,B,2544.0000,0.0000,0.0000,0.0000,0.0000,2545.0000,0.0000,0.0000,0.0000,0.0000,380,0,0,0,0,9,0,0,0,0
zc,WS301,2012-06-06 09:01:07.053,2545.0000,429872,0,0.0000,140.0000,70,70,多换,B,2544.0000,0.0000,0.0000,0.0000,0.0000,2545.0000,0.0000,0.0000,0.0000,0.0000,320,0,0,0,0,4,0,0,0,0
zc,WS301,2012-06-06 09:01:07.787,2545.0000,429906,34,0.0000,42.0000,38,4,多开,B,2544.0000,0.0000,0.0000,0.0000,0.0000,2545.0000,0.0000,0.0000,0.0000,0.0000,323,0,0,0,0,94,0,0,0,0
zc,WS301,2012-06-06 09:01:08.257,2545.0000,430096,190,0.0000,422.0000,306,116,多开,B,2545.0000,0.0000,0.0000,0.0000,0.0000,2546.0000,0.0000,0.0000,0.0000,0.0000,54,0,0,0,0,173,0,0,0,0
zc,WS301,2012-06-06 09:01:09.037,2545.0000,430098,2,0.0000,4.0000,3,1,多开,B,2545.0000,0.0000,0.0000,0.0000,0.0000,2546.0000,0.0000,0.0000,0.0000,0.0000,353,0,0,0,0,178,0,0,0,0
zc,WS301,2012-06-06 09:01:09.537,2546.0000,430278,180,0.0000,264.0000,222,42,多开,B,2545.0000,0.0000,0.0000,0.0000,0.0000,2546.0000,0.0000,0.0000,0.0000,0.0000,352,0,0,0,0,134,0,0,0,0
zc,WS301,2012-06-06 09:01:10.240,2545.0000,430294,16,0.0000,276.0000,146,130,空开,S,2545.0000,0.0000,0.0000,0.0000,0.0000,2546.0000,0.0000,0.0000,0.0000,0.0000,353,0,0,0,0,45,0,0,0,0
zc,WS301,2012-06-06 09:01:11.007,2545.0000,430248,-46,0.0000,58.0000,6,52,多平,S,2545.0000,0.0000,0.0000,0.0000,0.0000,2546.0000,0.0000,0.0000,0.0000,0.0000,352,0,0,0,0,48,0,0,0,0
zc,WS301,2012-06-06 09:01:11.537,2546.0000,430246,-2,0.0000,4.0000,1,3,空平,B,2545.0000,0.0000,0.0000,0.0000,0.0000,2546.0000,0.0000,0.0000,0.0000,0.0000,360,0,0,0,0,37,0,0,0,0
zc,WS301,2012-06-06 09:01:12.273,2546.0000,430290,44,0.0000,56.0000,50,6,多开,B,2545.0000,0.0000,0.0000,0.0000,0.0000,2546.0000,0.0000,0.0000,0.0000,0.0000,372,0,0,0,0,12,0,0,0,0
zc,WS301,2012-06-06 09:01:12.787,2545.0000,430366,76,0.0000,362.0000,219,143,空开,S,2545.0000,0.0000,0.0000,0.0000,0.0000,2547.0000,0.0000,0.0000,0.0000,0.0000,244,0,0,0,0,382,0,0,0,0
zc,WS301,2012-06-06 09:01:13.553,2545.0000,430372,6,0.0000,206.0000,106,100,空开,S,2546.0000,0.0000,0.0000,0.0000,0.0000,2547.0000,0.0000,0.0000,0.0000,0.0000,1,0,0,0,0,379,0,0,0,0
zc,WS301,2012-06-06 09:01:13.960,2545.0000,430352,-20,0.0000,32.0000,6,26,多平,S,2545.0000,0.0000,0.0000,0.0000,0.0000,2546.0000,0.0000,0.0000,0.0000,0.0000,162,0,0,0,0,5,0,0,0,0
zc,WS301,2012-06-06 09:01:14.787,2546.0000,430368,16,0.0000,62.0000,39,23,多开,B,2545.0000,0.0000,0.0000,0.0000,0.0000,2546.0000,0.0000,0.0000,0.0000,0.0000,130,0,0,0,0,3,0,0,0,0
zc,WS301,2012-06-06 09:01:15.337,2545.0000,430332,-36,0.0000,248.0000,106,142,多平,S,2545.0000,0.0000,0.0000,0.0000,0.0000,2546.0000,0.0000,0.0000,0.0000,0.0000,9,0,0,0,0,5,0,0,0,0
zc,WS301,2012-06-06 09:01:16.087,2545.0000,430296,-36,0.0000,62.0000,13,49,多平,S,2544.0000,0.0000,0.0000,0.0000,0.0000,2545.0000,0.0000,0.0000,0.0000,0.0000,448,0,0,0,0,224,0,0,0,0
zc,WS301,2012-06-06 09:01:16.850,2546.0000,429852,-444,0.0000,466.0000,11,455,空平,B,2545.0000,0.0000,0.0000,0.0000,0.0000,2546.0000,0.0000,0.0000,0.0000,0.0000,1,0,0,0,0,175,0,0,0,0
zc,WS301,2012-06-06 09:01:17.537,2546.0000,429852,0,0.0000,42.0000,21,21,多换,B,2545.0000,0.0000,0.0000,0.0000,0.0000,2546.0000,0.0000,0.0000,0.0000,0.0000,17,0,0,0,0,164,0,0,0,0
zc,WS301,2012-06-06 09:01:18.087,2546.0000,429848,-4,0.0000,6.0000,1,5,空平,B,2545.0000,0.0000,0.0000,0.0000,0.0000,2546.0000,0.0000,0.0000,0.0000,0.0000,16,0,0,0,0,192,0,0,0,0
zc,WS301,2012-06-06 09:01:18.773,2545.0000,429844,-4,0.0000,38.0000,17,21,多平,S,2544.0000,0.0000,0.0000,0.0000,0.0000,2545.0000,0.0000,0.0000,0.0000,0.0000,448,0,0,0,0,81,0,0,0,0
zc,WS301,2012-06-06 09:01:19.320,2545.0000,429834,-10,0.0000,72.0000,31,41,多平,S,2544.0000,0.0000,0.0000,0.0000,0.0000,2545.0000,0.0000,0.0000,0.0000,0.0000,434,0,0,0,0,46,0,0,0,0
zc,WS301,2012-06-06 09:01:20.100,2545.0000,429834,0,0.0000,10.0000,5,5,空换,S,2544.0000,0.0000,0.0000,0.0000,0.0000,2545.0000,0.0000,0.0000,0.0000,0.0000,436,0,0,0,0,41,0,0,0,0
zc,WS301,2012-06-06 09:01:20.477,2545.0000,429894,60,0.0000,144.0000,102,42,空开,S,2544.0000,0.0000,0.0000,0.0000,0.0000,2545.0000,0.0000,0.0000,0.0000,0.0000,446,0,0,0,0,69,0,0,0,0
zc,WS301,2012-06-06 09:01:21.553,2545.0000,429924,30,0.0000,38.0000,34,4,空开,S,2544.0000,0.0000,0.0000,0.0000,0.0000,2545.0000,0.0000,0.0000,0.0000,0.0000,445,0,0,0,0,51,0,0,0,0
zc,WS301,2012-06-06 09:01:22.037,2545.0000,429916,-8,0.0000,16.0000,4,12,多平,S,2544.0000,0.0000,0.0000,0.0000,0.0000,2545.0000,0.0000,0.0000,0.0000,0.0000,446,0,0,0,0,48,0,0,0,0
zc,WS301,2012-06-06 09:01:22.820,2545.0000,429908,-8,0.0000,28.0000,10,18,多平,S,2544.0000,0.0000,0.0000,0.0000,0.0000,2545.0000,0.0000,0.0000,0.0000,0.0000,456,0,0,0,0,34,0,0,0,0
zc,WS301,2012-06-06 09:01:23.273,2544.0000,429908,0,0.0000,208.0000,104,104,空换,S,2544.0000,0.0000,0.0000,0.0000,0.0000,2545.0000,0.0000,0.0000,0.0000,0.0000,363,0,0,0,0,54,0,0,0,0
zc,WS301,2012-06-06 09:01:24.023,2545.0000,429908,0,0.0000,102.0000,51,51,多换,B,2544.0000,0.0000,0.0000,0.0000,0.0000,2545.0000,0.0000,0.0000,0.0000,0.0000,381,0,0,0,0,9,0,0,0,0
zc,WS301,2012-06-06 09:01:24.523,2545.0000,429910,2,0.0000,22.0000,12,10,多开,B,2545.0000,0.0000,0.0000,0.0000,0.0000,2546.0000,0.0000,0.0000,0.0000,0.0000,23,0,0,0,0,267,0,0,0,0
zc,WS301,2012-06-06 09:01:25.273,2545.0000,429890,-20,0.0000,110.0000,45,65,空平,B,2544.0000,0.0000,0.0000,0.0000,0.0000,2545.0000,0.0000,0.0000,0.0000,0.0000,382,0,0,0,0,143,0,0,0,0
zc,WS301,2012-06-06 09:01:25.537,2545.0000,429890,0,0.0000,40.0000,20,20,多换,B,2544.0000,0.0000,0.0000,0.0000,0.0000,2545.0000,0.0000,0.0000,0.0000,0.0000,373,0,0,0,0,135,0,0,0,0
zc,WS301,2012-06-06 09:01:26.350,2545.0000,429888,-2,0.0000,4.0000,1,3,空平,B,2544.0000,0.0000,0.0000,0.0000,0.0000,2545.0000,0.0000,0.0000,0.0000,0.0000,373,0,0,0,0,172,0,0,0,0
zc,WS301,2012-06-06 09:01:27.087,2545.0000,429876,-12,0.0000,12.0000,0,12,双平,B,2544.0000,0.0000,0.0000,0.0000,0.0000,2545.0000,0.0000,0.0000,0.0000,0.0000,374,0,0,0,0,169,0,0,0,0
zc,WS301,2012-06-06 09:01:27.537,2544.0000,429872,-4,0.0000,80.0000,38,42,多平,S,2544.0000,0.0000,0.0000,0.0000,0.0000,2545.0000,0.0000,0.0000,0.0000,0.0000,365,0,0,0,0,135,0,0,0,0
zc,WS301,2012-06-06 09:01:28.037,2545.0000,429764,-108,0.0000,140.0000,16,124,空平,B,2544.0000,0.0000,0.0000,0.0000,0.0000,2545.0000,0.0000,0.0000,0.0000,0.0000,362,0,0,0,0,73,0,0,0,0
zc,WS301,2012-06-06 09:01:28.803,2545.0000,429780,16,0.0000,162.0000,89,73,多开,B,2545.0000,0.0000,0.0000,0.0000,0.0000,2546.0000,0.0000,0.0000,0.0000,0.0000,25,0,0,0,0,413,0,0,0,0
zc,WS301,2012-06-06 09:01:29.570,2545.0000,429782,2,0.0000,150.0000,76,74,多开,B,2544.0000,0.0000,0.0000,0.0000,0.0000,2545.0000,0.0000,0.0000,0.0000,0.0000,410,0,0,0,0,27,0,0,0,0
zc,WS301,2012-06-06 09:01:30.023,2545.0000,429782,0,0.0000,6.0000,3,3,多换,B,2544.0000,0.0000,0.0000,0.0000,0.0000,2545.0000,0.0000,0.0000,0.0000,0.0000,410,0,0,0,0,44,0,0,0,0
zc,WS301,2012-06-06 09:01:30.727,2545.0000,429782,0,0.0000,20.0000,10,10,多换,B,2544.0000,0.0000,0.0000,0.0000,0.0000,2545.0000,0.0000,0.0000,0.0000,0.0000,411,0,0,0,0,59,0,0,0,0
zc,WS301,2012-06-06 09:01:31.337,2545.0000,429782,0,0.0000,0.0000,0,0,多换,B,2544.0000,0.0000,0.0000,0.0000,0.0000,2545.0000,0.0000,0.0000,0.0000,0.0000,413,0,0,0,0,100,0,0,0,0
zc,WS301,2012-06-06 09:01:32.023,2544.0000,429782,0,0.0000,4.0000,2,2,空换,S,2544.0000,0.0000,0.0000,0.0000,0.0000,2545.0000,0.0000,0.0000,0.0000,0.0000,413,0,0,0,0,99,0,0,0,0
zc,WS301,2012-06-06 09:01:32.600,2545.0000,429782,0,0.0000,6.0000,3,3,多换,B,2544.0000,0.0000,0.0000,0.0000,0.0000,2545.0000,0.0000,0.0000,0.0000,0.0000,413,0,0,0,0,113,0,0,0,0
zc,WS301,2012-06-06 09:01:33.257,2545.0000,429802,20,0.0000,22.0000,21,1,多开,B,2544.0000,0.0000,0.0000,0.0000,0.0000,2545.0000,0.0000,0.0000,0.0000,0.0000,403,0,0,0,0,117,0,0,0,0
zc,WS301,2012-06-06 09:01:33.803,2545.0000,429782,-20,0.0000,68.0000,24,44,空平,B,2544.0000,0.0000,0.0000,0.0000,0.0000,2545.0000,0.0000,0.0000,0.0000,0.0000,403,0,0,0,0,126,0,0,0,0
zc,WS301,2012-06-06 09:01:34.570,2544.0000,429782,0,0.0000,2.0000,1,1,空换,S,2544.0000,0.0000,0.0000,0.0000,0.0000,2545.0000,0.0000,0.0000,0.0000,0.0000,403,0,0,0,0,131,0,0,0,0
zc,WS301,2012-06-06 09:01:35.037,2545.0000,429782,0,0.0000,10.0000,5,5,多换,B,2544.0000,0.0000,0.0000,0.0000,0.0000,2545.0000,0.0000,0.0000,0.0000,0.0000,403,0,0,0,0,130,0,0,0,0
zc,WS301,2012-06-06 09:01:35.787,2545.0000,429778,-4,0.0000,6.0000,1,5,空平,B,2544.0000,0.0000,0.0000,0.0000,0.0000,2545.0000,0.0000,0.0000,0.0000,0.0000,405,0,0,0,0,149,0,0,0,0
zc,WS301,2012-06-06 09:01:36.320,2545.0000,429778,0,0.0000,2.0000,1,1,多换,B,2544.0000,0.0000,0.0000,0.0000,0.0000,2545.0000,0.0000,0.0000,0.0000,0.0000,405,0,0,0,0,150,0,0,0,0
zc,WS301,2012-06-06 09:01:37.100,2544.0000,429778,0,0.0000,4.0000,2,2,空换,S,2544.0000,0.0000,0.0000,0.0000,0.0000,2545.0000,0.0000,0.0000,0.0000,0.0000,393,0,0,0,0,151,0,0,0,0
zc,WS301,2012-06-06 09:01:37.507,2544.0000,429778,0,0.0000,0.0000,0,0,空换,S,2544.0000,0.0000,0.0000,0.0000,0.0000,2545.0000,0.0000,0.0000,0.0000,0.0000,395,0,0,0,0,156,0,0,0,0
zc,WS301,2012-06-06 09:01:38.257,2545.0000,429778,0,0.0000,2.0000,1,1,多换,B,2544.0000,0.0000,0.0000,0.0000,0.0000,2545.0000,0.0000,0.0000,0.0000,0.0000,386,0,0,0,0,161,0,0,0,0
zc,WS301,2012-06-06 09:01:38.837,2545.0000,429778,0,0.0000,10.0000,5,5,多换,B,2544.0000,0.0000,0.0000,0.0000,0.0000,2545.0000,0.0000,0.0000,0.0000,0.0000,396,0,0,0,0,162,0,0,0,0
zc,WS301,2012-06-06 09:01:39.537,2545.0000,429776,-2,0.0000,4.0000,1,3,空平,B,2544.0000,0.0000,0.0000,0.0000,0.0000,2545.0000,0.0000,0.0000,0.0000,0.0000,398,0,0,0,0,175,0,0,0,0
zc,WS301,2012-06-06 09:01:40.023,2544.0000,429776,0,0.0000,2.0000,1,1,空换,S,2544.0000,0.0000,0.0000,0.0000,0.0000,2545.0000,0.0000,0.0000,0.0000,0.0000,423,0,0,0,0,179,0,0,0,0
zc,WS301,2012-06-06 09:01:40.537,2544.0000,429776,0,0.0000,0.0000,0,0,空换,S,2544.0000,0.0000,0.0000,0.0000,0.0000,2545.0000,0.0000,0.0000,0.0000,0.0000,414,0,0,0,0,184,0,0,0,0
zc,WS301,2012-06-06 09:01:41.320,2545.0000,429774,-2,0.0000,2.0000,0,2,双平,B,2544.0000,0.0000,0.0000,0.0000,0.0000,2545.0000,0.0000,0.0000,0.0000,0.0000,421,0,0,0,0,183,0,0,0,0
zc,WS301,2012-06-06 09:01:42.023,2545.0000,429820,46,0.0000,382.0000,214,168,多开,B,2545.0000,0.0000,0.0000,0.0000,0.0000,2546.0000,0.0000,0.0000,0.0000,0.0000,24,0,0,0,0,372,0,0,0,0
zc,WS301,2012-06-06 09:01:42.507,2545.0000,429830,10,0.0000,10.0000,10,0,双开,B,2545.0000,0.0000,0.0000,0.0000,0.0000,2546.0000,0.0000,0.0000,0.0000,0.0000,20,0,0,0,0,371,0,0,0,0
zc,WS301,2012-06-06 09:01:43.023,2545.0000,429804,-26,0.0000,80.0000,27,53,空平,B,2544.0000,0.0000,0.0000,0.0000,0.0000,2545.0000,0.0000,0.0000,0.0000,0.0000,508,0,0,0,0,32,0,0,0,0
zc,WS301,2012-06-06 09:01:43.773,2544.0000,429806,2,0.0000,34.0000,18,16,空开,S,2544.0000,0.0000,0.0000,0.0000,0.0000,2545.0000,0.0000,0.0000,0.0000,0.0000,508,0,0,0,0,22,0,0,0,0
zc,WS301,2012-06-06 09:01:44.257,2545.0000,429806,0,0.0000,16.0000,8,8,多换,B,2544.0000,0.0000,0.0000,0.0000,0.0000,2545.0000,0.0000,0.0000,0.0000,0.0000,496,0,0,0,0,214,0,0,0,0
zc,WS301,2012-06-06 09:01:45.053,2545.0000,429802,-4,0.0000,148.0000,72,76,空平,B,2544.0000,0.0000,0.0000,0.0000,0.0000,2545.0000,0.0000,0.0000,0.0000,0.0000,492,0,0,0,0,144,0,0,0,0
zc,WS301,2012-06-06 09:01:45.523,2545.0000,429792,-10,0.0000,34.0000,12,22,空平,B,2544.0000,0.0000,0.0000,0.0000,0.0000,2545.0000,0.0000,0.0000,0.0000,0.0000,494,0,0,0,0,156,0,0,0,0
zc,WS301,2012-06-06 09:01:46.320,2545.0000,429792,0,0.0000,20.0000,10,10,多换,B,2544.0000,0.0000,0.0000,0.0000,0.0000,2545.0000,0.0000,0.0000,0.0000,0.0000,499,0,0,0,0,247,0,0,0,0
zc,WS301,2012-06-06 09:01:46.757,2545.0000,429792,0,0.0000,12.0000,6,6,多换,B,2544.0000,0.0000,0.0000,0.0000,0.0000,2545.0000,0.0000,0.0000,0.0000,0.0000,502,0,0,0,0,245,0,0,0,0
zc,WS301,2012-06-06 09:01:47.537,2545.0000,429792,0,0.0000,2.0000,1,1,多换,B,2544.0000,0.0000,0.0000,0.0000,0.0000,2545.0000,0.0000,0.0000,0.0000,0.0000,504,0,0,0,0,248,0,0,0,0
zc,WS301,2012-06-06 09:01:47.787,2545.0000,429792,0,0.0000,38.0000,19,19,多换,B,2544.0000,0.0000,0.0000,0.0000,0.0000,2545.0000,0.0000,0.0000,0.0000,0.0000,515,0,0,0,0,242,0,0,0,0
zc,WS301,2012-06-06 09:01:48.523,2545.0000,429792,0,0.0000,10.0000,5,5,多换,B,2544.0000,0.0000,0.0000,0.0000,0.0000,2545.0000,0.0000,0.0000,0.0000,0.0000,519,0,0,0,0,238,0,0,0,0
zc,WS301,2012-06-06 09:01:49.007,2545.0000,429790,-2,0.0000,8.0000,3,5,空平,B,2544.0000,0.0000,0.0000,0.0000,0.0000,2545.0000,0.0000,0.0000,0.0000,0.0000,519,0,0,0,0,234,0,0,0,0
zc,WS301,2012-06-06 09:01:49.850,2544.0000,429792,2,0.0000,40.0000,21,19,空开,S,2544.0000,0.0000,0.0000,0.0000,0.0000,2545.0000,0.0000,0.0000,0.0000,0.0000,646,0,0,0,0,217,0,0,0,0
zc,WS301,2012-06-06 09:01:50.523,2545.0000,429788,-4,0.0000,4.0000,0,4,双平,B,2544.0000,0.0000,0.0000,0.0000,0.0000,2545.0000,0.0000,0.0000,0.0000,0.0000,646,0,0,0,0,215,0,0,0,0
zc,WS301,2012-06-06 09:01:50.740,2545.0000,429766,-22,0.0000,60.0000,19,41,空平,B,2544.0000,0.0000,0.0000,0.0000,0.0000,2545.0000,0.0000,0.0000,0.0000,0.0000,622,0,0,0,0,269,0,0,0,0
zc,WS301,2012-06-06 09:01:51.523,2545.0000,429756,-10,0.0000,422.0000,206,216,空平,B,2544.0000,0.0000,0.0000,0.0000,0.0000,2545.0000,0.0000,0.0000,0.0000,0.0000,620,0,0,0,0,60,0,0,0,0
zc,WS301,2012-06-06 09:01:52.023,2544.0000,429642,-114,0.0000,506.0000,196,310,多平,S,2544.0000,0.0000,0.0000,0.0000,0.0000,2545.0000,0.0000,0.0000,0.0000,0.0000,370,0,0,0,0,58,0,0,0,0
zc,WS301,2012-06-06 09:01:52.740,2544.0000,429524,-118,0.0000,512.0000,197,315,多平,S,2544.0000,0.0000,0.0000,0.0000,0.0000,2545.0000,0.0000,0.0000,0.0000,0.0000,117,0,0,0,0,83,0,0,0,0
zc,WS301,2012-06-06 09:01:52.990,2544.0000,429296,-228,0.0000,252.0000,12,240,多平,S,2543.0000,0.0000,0.0000,0.0000,0.0000,2544.0000,0.0000,0.0000,0.0000,0.0000,1138,0,0,0,0,260,0,0,0,0
zc,WS301,2012-06-06 09:01:53.710,2544.0000,429288,-8,0.0000,28.0000,10,18,多平,S,2543.0000,0.0000,0.0000,0.0000,0.0000,2544.0000,0.0000,0.0000,0.0000,0.0000,1136,0,0,0,0,247,0,0,0,0
zc,WS301,2012-06-06 09:01:54.257,2544.0000,429286,-2,0.0000,4.0000,1,3,多平,S,2543.0000,0.0000,0.0000,0.0000,0.0000,2544.0000,0.0000,0.0000,0.0000,0.0000,1135,0,0,0,0,114,0,0,0,0
zc,WS301,2012-06-06 09:01:55.037,2544.0000,429278,-8,0.0000,10.0000,1,9,多平,S,2543.0000,0.0000,0.0000,0.0000,0.0000,2544.0000,0.0000,0.0000,0.0000,0.0000,1155,0,0,0,0,109,0,0,0,0
zc,WS301,2012-06-06 09:01:55.537,2544.0000,429274,-4,0.0000,6.0000,1,5,多平,S,2543.0000,0.0000,0.0000,0.0000,0.0000,2544.0000,0.0000,0.0000,0.0000,0.0000,1155,0,0,0,0,106,0,0,0,0
zc,WS301,2012-06-06 09:01:56.053,2544.0000,429250,-24,0.0000,26.0000,1,25,多平,S,2543.0000,0.0000,0.0000,0.0000,0.0000,2544.0000,0.0000,0.0000,0.0000,0.0000,1129,0,0,0,0,104,0,0,0,0
zc,WS301,2012-06-06 09:01:57.023,2544.0000,429246,-4,0.0000,4.0000,0,4,双平,S,2543.0000,0.0000,0.0000,0.0000,0.0000,2544.0000,0.0000,0.0000,0.0000,0.0000,1129,0,0,0,0,102,0,0,0,0
zc,WS301,2012-06-06 09:01:57.303,2544.0000,429202,-44,0.0000,44.0000,0,44,双平,S,2543.0000,0.0000,0.0000,0.0000,0.0000,2544.0000,0.0000,0.0000,0.0000,0.0000,1121,0,0,0,0,80,0,0,0,0
zc,WS301,2012-06-06 09:01:58.023,2544.0000,429200,-2,0.0000,4.0000,1,3,多平,S,2543.0000,0.0000,0.0000,0.0000,0.0000,2544.0000,0.0000,0.0000,0.0000,0.0000,1121,0,0,0,0,79,0,0,0,0
zc,WS301,2012-06-06 09:01:58.537,2544.0000,429198,-2,0.0000,6.0000,2,4,多平,S,2543.0000,0.0000,0.0000,0.0000,0.0000,2544.0000,0.0000,0.0000,0.0000,0.0000,1121,0,0,0,0,77,0,0,0,0
zc,WS301,2012-06-06 09:01:59.257,2543.0000,429198,0,0.0000,112.0000,56,56,空换,S,2543.0000,0.0000,0.0000,0.0000,0.0000,2544.0000,0.0000,0.0000,0.0000,0.0000,1122,0,0,0,0,21,0,0,0,0
zc,WS301,2012-06-06 09:01:59.740,2544.0000,429180,-18,0.0000,48.0000,15,33,空平,B,2543.0000,0.0000,0.0000,0.0000,0.0000,2544.0000,0.0000,0.0000,0.0000,0.0000,1103,0,0,0,0,30,0,0,0,0
zc,WS301,2012-06-06 09:02:00.257,2543.0000,429178,-2,0.0000,2.0000,0,2,双平,S,2543.0000,0.0000,0.0000,0.0000,0.0000,2544.0000,0.0000,0.0000,0.0000,0.0000,1110,0,0,0,0,286,0,0,0,0
zc,WS301,2012-06-06 09:02:01.070,2544.0000,429174,-4,0.0000,4.0000,0,4,双平,B,2543.0000,0.0000,0.0000,0.0000,0.0000,2544.0000,0.0000,0.0000,0.0000,0.0000,1104,0,0,0,0,335,0,0,0,0
zc,WS301,2012-06-06 09:02:01.617,2543.0000,429012,-162,0.0000,668.0000,253,415,多平,S,2543.0000,0.0000,0.0000,0.0000,0.0000,2544.0000,0.0000,0.0000,0.0000,0.0000,778,0,0,0,0,330,0,0,0,0
zc,WS301,2012-06-06 09:02:02.257,2543.0000,429470,458,0.0000,734.0000,596,138,空开,S,2543.0000,0.0000,0.0000,0.0000,0.0000,2544.0000,0.0000,0.0000,0.0000,0.0000,474,0,0,0,0,311,0,0,0,0
zc,WS301,2012-06-06 09:02:02.803,2542.0000,430264,794,0.0000,1008.0000,901,107,空开,S,2542.0000,0.0000,0.0000,0.0000,0.0000,2543.0000,0.0000,0.0000,0.0000,0.0000,145,0,0,0,0,200,0,0,0,0
zc,WS301,2012-06-06 09:02:03.537,2542.0000,430266,2,0.0000,2.0000,2,0,双开,S,2542.0000,0.0000,0.0000,0.0000,0.0000,2543.0000,0.0000,0.0000,0.0000,0.0000,159,0,0,0,0,512,0,0,0,0
zc,WS301,2012-06-06 09:02:03.710,2542.0000,430236,-30,0.0000,130.0000,50,80,多平,S,2542.0000,0.0000,0.0000,0.0000,0.0000,2543.0000,0.0000,0.0000,0.0000,0.0000,108,0,0,0,0,542,0,0,0,0
zc,WS301,2012-06-06 09:02:04.537,2543.0000,430258,22,0.0000,242.0000,132,110,多开,B,2542.0000,0.0000,0.0000,0.0000,0.0000,2543.0000,0.0000,0.0000,0.0000,0.0000,32,0,0,0,0,488,0,0,0,0
zc,WS301,2012-06-06 09:02:04.990,2541.0000,430304,46,0.0000,94.0000,70,24,空开,S,2541.0000,0.0000,0.0000,0.0000,0.0000,2542.0000,0.0000,0.0000,0.0000,0.0000,120,0,0,0,0,31,0,0,0,0
zc,WS301,2012-06-06 09:02:05.803,2543.0000,430670,366,0.0000,634.0000,500,134,多开,B,2541.0000,0.0000,0.0000,0.0000,0.0000,2543.0000,0.0000,0.0000,0.0000,0.0000,159,0,0,0,0,202,0,0,0,0
zc,WS301,2012-06-06 09:02:06.257,2542.0000,430666,-4,0.0000,14.0000,5,9,多平,S,2541.0000,0.0000,0.0000,0.0000,0.0000,2543.0000,0.0000,0.0000,0.0000,0.0000,157,0,0,0,0,372,0,0,0,0
zc,WS301,2012-06-06 09:02:07.007,2541.0000,430666,0,0.0000,4.0000,2,2,空换,S,2541.0000,0.0000,0.0000,0.0000,0.0000,2543.0000,0.0000,0.0000,0.0000,0.0000,155,0,0,0,0,372,0,0,0,0
zc,WS301,2012-06-06 09:02:07.587,2542.0000,430670,4,0.0000,12.0000,8,4,多开,B,2541.0000,0.0000,0.0000,0.0000,0.0000,2542.0000,0.0000,0.0000,0.0000,0.0000,153,0,0,0,0,10,0,0,0,0
zc,WS301,2012-06-06 09:02:08.023,2541.0000,430674,4,0.0000,100.0000,52,48,空开,S,2541.0000,0.0000,0.0000,0.0000,0.0000,2542.0000,0.0000,0.0000,0.0000,0.0000,145,0,0,0,0,31,0,0,0,0
zc,WS301,2012-06-06 09:02:08.757,2541.0000,430662,-12,0.0000,20.0000,4,16,多平,S,2541.0000,0.0000,0.0000,0.0000,0.0000,2542.0000,0.0000,0.0000,0.0000,0.0000,143,0,0,0,0,23,0,0,0,0
zc,WS301,2012-06-06 09:02:09.240,2542.0000,430600,-62,0.0000,228.0000,83,145,空平,B,2541.0000,0.0000,0.0000,0.0000,0.0000,2542.0000,0.0000,0.0000,0.0000,0.0000,45,0,0,0,0,20,0,0,0,0
zc,WS301,2012-06-06 09:02:10.037,2541.0000,430572,-28,0.0000,46.0000,9,37,多平,S,2541.0000,0.0000,0.0000,0.0000,0.0000,2542.0000,0.0000,0.0000,0.0000,0.0000,38,0,0,0,0,95,0,0,0,0
zc,WS301,2012-06-06 09:02:10.553,2540.0000,430554,-18,0.0000,104.0000,43,61,多平,S,2540.0000,0.0000,0.0000,0.0000,0.0000,2541.0000,0.0000,0.0000,0.0000,0.0000,100,0,0,0,0,37,0,0,0,0
zc,WS301,2012-06-06 09:02:11.053,2540.0000,430744,190,0.0000,194.0000,192,2,空开,S,2540.0000,0.0000,0.0000,0.0000,0.0000,2541.0000,0.0000,0.0000,0.0000,0.0000,53,0,0,0,0,47,0,0,0,0
zc,WS301,2012-06-06 09:02:11.537,2540.0000,430716,-28,0.0000,120.0000,46,74,多平,S,2539.0000,0.0000,0.0000,0.0000,0.0000,2540.0000,0.0000,0.0000,0.0000,0.0000,30,0,0,0,0,304,0,0,0,0
zc,WS301,2012-06-06 09:02:12.273,2539.0000,430768,52,0.0000,106.0000,79,27,空开,S,2539.0000,0.0000,0.0000,0.0000,0.0000,2540.0000,0.0000,0.0000,0.0000,0.0000,32,0,0,0,0,568,0,0,0,0
zc,WS301,2012-06-06 09:02:12.773,2539.0000,430740,-28,0.0000,138.0000,55,83,多平,S,2538.0000,0.0000,0.0000,0.0000,0.0000,2539.0000,0.0000,0.0000,0.0000,0.0000,360,0,0,0,0,39,0,0,0,0
zc,WS301,2012-06-06 09:02:13.553,2540.0000,430702,-38,0.0000,150.0000,56,94,空平,B,2539.0000,0.0000,0.0000,0.0000,0.0000,2540.0000,0.0000,0.0000,0.0000,0.0000,83,0,0,0,0,745,0,0,0,0
zc,WS301,2012-06-06 09:02:13.977,2539.0000,430618,-84,0.0000,126.0000,21,105,多平,S,2539.0000,0.0000,0.0000,0.0000,0.0000,2540.0000,0.0000,0.0000,0.0000,0.0000,86,0,0,0,0,485,0,0,0,0
zc,WS301,2012-06-06 09:02:14.787,2539.0000,430618,0,0.0000,424.0000,212,212,空换,S,2539.0000,0.0000,0.0000,0.0000,0.0000,2540.0000,0.0000,0.0000,0.0000,0.0000,57,0,0,0,0,283,0,0,0,0
zc,WS301,2012-06-06 09:02:15.257,2539.0000,430618,0,0.0000,10.0000,5,5,空换,S,2539.0000,0.0000,0.0000,0.0000,0.0000,2540.0000,0.0000,0.0000,0.0000,0.0000,64,0,0,0,0,282,0,0,0,0
zc,WS301,2012-06-06 09:02:16.087,2539.0000,430488,-130,0.0000,132.0000,1,131,多平,S,2538.0000,0.0000,0.0000,0.0000,0.0000,2539.0000,0.0000,0.0000,0.0000,0.0000,266,0,0,0,0,96,0,0,0,0
zc,WS301,2012-06-06 09:02:16.773,2538.0000,430346,-142,0.0000,298.0000,78,220,多平,S,2538.0000,0.0000,0.0000,0.0000,0.0000,2539.0000,0.0000,0.0000,0.0000,0.0000,120,0,0,0,0,129,0,0,0,0
zc,WS301,2012-06-06 09:02:17.383,2538.0000,430412,66,0.0000,86.0000,76,10,空开,S,2538.0000,0.0000,0.0000,0.0000,0.0000,2539.0000,0.0000,0.0000,0.0000,0.0000,87,0,0,0,0,149,0,0,0,0
zc,WS301,2012-06-06 09:02:18.037,2537.0000,430304,-108,0.0000,200.0000,46,154,多平,S,2537.0000,0.0000,0.0000,0.0000,0.0000,2538.0000,0.0000,0.0000,0.0000,0.0000,85,0,0,0,0,329,0,0,0,0
zc,WS301,2012-06-06 09:02:18.490,2537.0000,430526,222,0.0000,260.0000,241,19,空开,S,2537.0000,0.0000,0.0000,0.0000,0.0000,2538.0000,0.0000,0.0000,0.0000,0.0000,18,0,0,0,0,370,0,0,0,0
zc,WS301,2012-06-06 09:02:19.337,2537.0000,430558,32,0.0000,180.0000,106,74,空开,S,2537.0000,0.0000,0.0000,0.0000,0.0000,2538.0000,0.0000,0.0000,0.0000,0.0000,23,0,0,0,0,115,0,0,0,0
zc,WS301,2012-06-06 09:02:19.803,2537.0000,430558,0,0.0000,68.0000,34,34,空换,S,2536.0000,0.0000,0.0000,0.0000,0.0000,2537.0000,0.0000,0.0000,0.0000,0.0000,239,0,0,0,0,189,0,0,0,0
zc,WS301,2012-06-06 09:02:20.523,2537.0000,430190,-368,0.0000,388.0000,10,378,多平,S,2537.0000,0.0000,0.0000,0.0000,0.0000,2538.0000,0.0000,0.0000,0.0000,0.0000,3,0,0,0,0,110,0,0,0,0
zc,WS301,2012-06-06 09:02:21.007,2537.0000,430178,-12,0.0000,106.0000,47,59,多平,S,2536.0000,0.0000,0.0000,0.0000,0.0000,2537.0000,0.0000,0.0000,0.0000,0.0000,169,0,0,0,0,3,0,0,0,0
zc,WS301,2012-06-06 09:02:21.757,2537.0000,430164,-14,0.0000,60.0000,23,37,多平,S,2537.0000,0.0000,0.0000,0.0000,0.0000,2538.0000,0.0000,0.0000,0.0000,0.0000,53,0,0,0,0,101,0,0,0,0
zc,WS301,2012-06-06 09:02:22.037,2537.0000,430122,-42,0.0000,74.0000,16,58,多平,S,2537.0000,0.0000,0.0000,0.0000,0.0000,2538.0000,0.0000,0.0000,0.0000,0.0000,98,0,0,0,0,100,0,0,0,0
zc,WS301,2012-06-06 09:02:22.803,2537.0000,430092,-30,0.0000,146.0000,58,88,多平,S,2537.0000,0.0000,0.0000,0.0000,0.0000,2538.0000,0.0000,0.0000,0.0000,0.0000,38,0,0,0,0,97,0,0,0,0
zc,WS301,2012-06-06 09:02:23.240,2537.0000,430110,18,0.0000,108.0000,63,45,空开,S,2537.0000,0.0000,0.0000,0.0000,0.0000,2538.0000,0.0000,0.0000,0.0000,0.0000,131,0,0,0,0,69,0,0,0,0
zc,WS301,2012-06-06 09:02:24.037,2537.0000,430020,-90,0.0000,110.0000,10,100,多平,S,2537.0000,0.0000,0.0000,0.0000,0.0000,2538.0000,0.0000,0.0000,0.0000,0.0000,220,0,0,0,0,57,0,0,0,0
zc,WS301,2012-06-06 09:02:24.553,2538.0000,430010,-10,0.0000,58.0000,24,34,空平,B,2537.0000,0.0000,0.0000,0.0000,0.0000,2538.0000,0.0000,0.0000,0.0000,0.0000,336,0,0,0,0,45,0,0,0,0
zc,WS301,2012-06-06 09:02:25.273,2537.0000,429934,-76,0.0000,112.0000,18,94,多平,S,2537.0000,0.0000,0.0000,0.0000,0.0000,2538.0000,0.0000,0.0000,0.0000,0.0000,283,0,0,0,0,44,0,0,0,0
zc,WS301,2012-06-06 09:02:26.023,2538.0000,429964,30,0.0000,118.0000,74,44,多开,B,2538.0000,0.0000,0.0000,0.0000,0.0000,2539.0000,0.0000,0.0000,0.0000,0.0000,41,0,0,0,0,282,0,0,0,0
zc,WS301,2012-06-06 09:02:27.337,2539.0000,429970,6,0.0000,58.0000,32,26,多开,B,2538.0000,0.0000,0.0000,0.0000,0.0000,2539.0000,0.0000,0.0000,0.0000,0.0000,48,0,0,0,0,273,0,0,0,0
zc,WS301,2012-06-06 09:02:28.007,2538.0000,429970,0,0.0000,10.0000,5,5,空换,S,2538.0000,0.0000,0.0000,0.0000,0.0000,2539.0000,0.0000,0.0000,0.0000,0.0000,44,0,0,0,0,273,0,0,0,0
zc,WS301,2012-06-06 09:02:28.803,2538.0000,429948,-22,0.0000,116.0000,47,69,多平,S,2537.0000,0.0000,0.0000,0.0000,0.0000,2538.0000,0.0000,0.0000,0.0000,0.0000,821,0,0,0,0,52,0,0,0,0
zc,WS301,2012-06-06 09:02:29.523,2538.0000,429946,-2,0.0000,24.0000,11,13,多平,S,2537.0000,0.0000,0.0000,0.0000,0.0000,2538.0000,0.0000,0.0000,0.0000,0.0000,819,0,0,0,0,66,0,0,0,0
zc,WS301,2012-06-06 09:02:29.773,2538.0000,429994,48,0.0000,178.0000,113,65,空开,S,2538.0000,0.0000,0.0000,0.0000,0.0000,2539.0000,0.0000,0.0000,0.0000,0.0000,126,0,0,0,0,290,0,0,0,0
zc,WS301,2012-06-06 09:02:30.570,2538.0000,430000,6,0.0000,6.0000,6,0,双开,S,2538.0000,0.0000,0.0000,0.0000,0.0000,2539.0000,0.0000,0.0000,0.0000,0.0000,193,0,0,0,0,131,0,0,0,0
zc,WS301,2012-06-06 09:02:30.977,2538.0000,430006,6,0.0000,6.0000,6,0,双开,S,2538.0000,0.0000,0.0000,0.0000,0.0000,2539.0000,0.0000,0.0000,0.0000,0.0000,197,0,0,0,0,131,0,0,0,0
zc,WS301,2012-06-06 09:02:31.757,2539.0000,430006,0,0.0000,16.0000,8,8,多换,B,2538.0000,0.0000,0.0000,0.0000,0.0000,2539.0000,0.0000,0.0000,0.0000,0.0000,231,0,0,0,0,128,0,0,0,0
zc,WS301,2012-06-06 09:02:32.523,2538.0000,429748,-258,0.0000,304.0000,23,281,多平,S,2538.0000,0.0000,0.0000,0.0000,0.0000,2540.0000,0.0000,0.0000,0.0000,0.0000,285,0,0,0,0,109,0,0,0,0
zc,WS301,2012-06-06 09:02:33.023,2539.0000,429760,12,0.0000,140.0000,76,64,多开,B,2538.0000,0.0000,0.0000,0.0000,0.0000,2539.0000,0.0000,0.0000,0.0000,0.0000,236,0,0,0,0,4,0,0,0,0
zc,WS301,2012-06-06 09:02:33.803,2538.0000,429740,-20,0.0000,102.0000,41,61,多平,S,2539.0000,0.0000,0.0000,0.0000,0.0000,2540.0000,0.0000,0.0000,0.0000,0.0000,28,0,0,0,0,109,0,0,0,0
zc,WS301,2012-06-06 09:02:34.287,2540.0000,429744,4,0.0000,4.0000,4,0,双开,B,2539.0000,0.0000,0.0000,0.0000,0.0000,2540.0000,0.0000,0.0000,0.0000,0.0000,51,0,0,0,0,108,0,0,0,0
zc,WS301,2012-06-06 09:02:35.100,2538.0000,429838,94,0.0000,110.0000,102,8,空开,S,2538.0000,0.0000,0.0000,0.0000,0.0000,2539.0000,0.0000,0.0000,0.0000,0.0000,183,0,0,0,0,60,0,0,0,0
zc,WS301,2012-06-06 09:02:35.600,2538.0000,429844,6,0.0000,14.0000,10,4,空开,S,2538.0000,0.0000,0.0000,0.0000,0.0000,2539.0000,0.0000,0.0000,0.0000,0.0000,176,0,0,0,0,59,0,0,0,0
zc,WS301,2012-06-06 09:02:36.287,2538.0000,429844,0,0.0000,0.0000,0,0,空换,S,2538.0000,0.0000,0.0000,0.0000,0.0000,2539.0000,0.0000,0.0000,0.0000,0.0000,218,0,0,0,0,79,0,0,0,0
zc,WS301,2012-06-06 09:02:36.757,2539.0000,429950,106,0.0000,106.0000,106,0,双开,B,2538.0000,0.0000,0.0000,0.0000,0.0000,2539.0000,0.0000,0.0000,0.0000,0.0000,221,0,0,0,0,27,0,0,0,0
zc,WS301,2012-06-06 09:02:37.537,2538.0000,429956,6,0.0000,14.0000,10,4,空开,S,2538.0000,0.0000,0.0000,0.0000,0.0000,2539.0000,0.0000,0.0000,0.0000,0.0000,248,0,0,0,0,24,0,0,0,0
zc,WS301,2012-06-06 09:02:37.820,2539.0000,429970,14,0.0000,18.0000,16,2,多开,B,2538.0000,0.0000,0.0000,0.0000,0.0000,2539.0000,0.0000,0.0000,0.0000,0.0000,249,0,0,0,0,17,0,0,0,0
zc,WS301,2012-06-06 09:02:38.803,2539.0000,429972,2,0.0000,10.0000,6,4,多开,B,2538.0000,0.0000,0.0000,0.0000,0.0000,2539.0000,0.0000,0.0000,0.0000,0.0000,248,0,0,0,0,19,0,0,0,0
zc,WS301,2012-06-06 09:02:39.023,2539.0000,429938,-34,0.0000,38.0000,2,36,空平,B,2539.0000,0.0000,0.0000,0.0000,0.0000,2540.0000,0.0000,0.0000,0.0000,0.0000,1,0,0,0,0,254,0,0,0,0
zc,WS301,2012-06-06 09:02:39.803,2540.0000,430008,70,0.0000,98.0000,84,14,多开,B,2539.0000,0.0000,0.0000,0.0000,0.0000,2540.0000,0.0000,0.0000,0.0000,0.0000,10,0,0,0,0,254,0,0,0,0
zc,WS301,2012-06-06 09:02:40.240,2539.0000,430008,0,0.0000,18.0000,9,9,空换,S,2539.0000,0.0000,0.0000,0.0000,0.0000,2540.0000,0.0000,0.0000,0.0000,0.0000,56,0,0,0,0,254,0,0,0,0
zc,WS301,2012-06-06 09:02:41.007,2540.0000,430038,30,0.0000,30.0000,30,0,双开,B,2539.0000,0.0000,0.0000,0.0000,0.0000,2540.0000,0.0000,0.0000,0.0000,0.0000,48,0,0,0,0,249,0,0,0,0
zc,WS301,2012-06-06 09:02:41.757,2540.0000,430076,38,0.0000,44.0000,41,3,多开,B,2539.0000,0.0000,0.0000,0.0000,0.0000,2540.0000,0.0000,0.0000,0.0000,0.0000,32,0,0,0,0,240,0,0,0,0
zc,WS301,2012-06-06 09:02:42.303,2540.0000,430084,8,0.0000,96.0000,52,44,多开,B,2539.0000,0.0000,0.0000,0.0000,0.0000,2540.0000,0.0000,0.0000,0.0000,0.0000,5,0,0,0,0,219,0,0,0,0
zc,WS301,2012-06-06 09:02:43.037,2539.0000,430086,2,0.0000,68.0000,35,33,空开,S,2538.0000,0.0000,0.0000,0.0000,0.0000,2539.0000,0.0000,0.0000,0.0000,0.0000,223,0,0,0,0,5,0,0,0,0
zc,WS301,2012-06-06 09:02:43.320,2539.0000,430090,4,0.0000,32.0000,18,14,空开,S,2538.0000,0.0000,0.0000,0.0000,0.0000,2539.0000,0.0000,0.0000,0.0000,0.0000,222,0,0,0,0,14,0,0,0,0
zc,WS301,2012-06-06 09:02:44.037,2539.0000,430286,196,0.0000,234.0000,215,19,空开,S,2539.0000,0.0000,0.0000,0.0000,0.0000,2540.0000,0.0000,0.0000,0.0000,0.0000,86,0,0,0,0,206,0,0,0,0
zc,WS301,2012-06-06 09:02:44.523,2539.0000,430408,122,0.0000,142.0000,132,10,空开,S,2539.0000,0.0000,0.0000,0.0000,0.0000,2540.0000,0.0000,0.0000,0.0000,0.0000,69,0,0,0,0,212,0,0,0,0
zc,WS301,2012-06-06 09:02:45.337,2539.0000,430560,152,0.0000,160.0000,156,4,空开,S,2538.0000,0.0000,0.0000,0.0000,0.0000,2539.0000,0.0000,0.0000,0.0000,0.0000,232,0,0,0,0,15,0,0,0,0
zc,WS301,2012-06-06 09:02:45.787,2539.0000,430654,94,0.0000,104.0000,99,5,空开,S,2538.0000,0.0000,0.0000,0.0000,0.0000,2539.0000,0.0000,0.0000,0.0000,0.0000,238,0,0,0,0,23,0,0,0,0
zc,WS301,2012-06-06 09:02:46.507,2539.0000,430642,-12,0.0000,14.0000,1,13,多平,S,2538.0000,0.0000,0.0000,0.0000,0.0000,2539.0000,0.0000,0.0000,0.0000,0.0000,238,0,0,0,0,26,0,0,0,0
zc,WS301,2012-06-06 09:02:47.023,2538.0000,430652,10,0.0000,18.0000,14,4,空开,S,2538.0000,0.0000,0.0000,0.0000,0.0000,2539.0000,0.0000,0.0000,0.0000,0.0000,237,0,0,0,0,22,0,0,0,0
zc,WS301,2012-06-06 09:02:47.803,2539.0000,430676,24,0.0000,26.0000,25,1,多开,B,2538.0000,0.0000,0.0000,0.0000,0.0000,2539.0000,0.0000,0.0000,0.0000,0.0000,236,0,0,0,0,39,0,0,0,0
zc,WS301,2012-06-06 09:02:48.257,2539.0000,430682,6,0.0000,34.0000,20,14,多开,B,2538.0000,0.0000,0.0000,0.0000,0.0000,2539.0000,0.0000,0.0000,0.0000,0.0000,219,0,0,0,0,38,0,0,0,0
zc,WS301,2012-06-06 09:02:49.007,2539.0000,430704,22,0.0000,26.0000,24,2,多开,B,2538.0000,0.0000,0.0000,0.0000,0.0000,2539.0000,0.0000,0.0000,0.0000,0.0000,212,0,0,0,0,27,0,0,0,0
zc,WS301,2012-06-06 09:02:49.523,2539.0000,430720,16,0.0000,16.0000,16,0,双开,B,2538.0000,0.0000,0.0000,0.0000,0.0000,2539.0000,0.0000,0.0000,0.0000,0.0000,213,0,0,0,0,55,0,0,0,0
zc,WS301,2012-06-06 09:02:50.037,2539.0000,430722,2,0.0000,14.0000,8,6,多开,B,2538.0000,0.0000,0.0000,0.0000,0.0000,2539.0000,0.0000,0.0000,0.0000,0.0000,218,0,0,0,0,51,0,0,0,0
zc,WS301,2012-06-06 09:02:50.773,2538.0000,430728,6,0.0000,10.0000,8,2,空开,S,2538.0000,0.0000,0.0000,0.0000,0.0000,2539.0000,0.0000,0.0000,0.0000,0.0000,216,0,0,0,0,55,0,0,0,0
zc,WS301,2012-06-06 09:02:51.227,2539.0000,430718,-10,0.0000,112.0000,51,61,空平,B,2539.0000,0.0000,0.0000,0.0000,0.0000,2540.0000,0.0000,0.0000,0.0000,0.0000,44,0,0,0,0,267,0,0,0,0
zc,WS301,2012-06-06 09:02:52.037,2539.0000,430722,4,0.0000,20.0000,12,8,多开,B,2539.0000,0.0000,0.0000,0.0000,0.0000,2540.0000,0.0000,0.0000,0.0000,0.0000,65,0,0,0,0,280,0,0,0,0
zc,WS301,2012-06-06 09:02:52.523,2539.0000,430780,58,0.0000,134.0000,96,38,多开,B,2538.0000,0.0000,0.0000,0.0000,0.0000,2539.0000,0.0000,0.0000,0.0000,0.0000,197,0,0,0,0,169,0,0,0,0
zc,WS301,2012-06-06 09:02:53.273,2538.0000,430780,0,0.0000,4.0000,2,2,空换,S,2538.0000,0.0000,0.0000,0.0000,0.0000,2539.0000,0.0000,0.0000,0.0000,0.0000,196,0,0,0,0,174,0,0,0,0
zc,WS301,2012-06-06 09:02:53.727,2539.0000,430784,4,0.0000,4.0000,4,0,双开,B,2538.0000,0.0000,0.0000,0.0000,0.0000,2539.0000,0.0000,0.0000,0.0000,0.0000,196,0,0,0,0,19,0,0,0,0
zc,WS301,2012-06-06 09:02:54.273,2538.0000,430786,2,0.0000,2.0000,2,0,双开,S,2538.0000,0.0000,0.0000,0.0000,0.0000,2539.0000,0.0000,0.0000,0.0000,0.0000,195,0,0,0,0,77,0,0,0,0
zc,WS301,2012-06-06 09:02:54.740,2538.0000,430802,16,0.0000,28.0000,22,6,空开,S,2538.0000,0.0000,0.0000,0.0000,0.0000,2539.0000,0.0000,0.0000,0.0000,0.0000,192,0,0,0,0,74,0,0,0,0
zc,WS301,2012-06-06 09:02:55.477,2538.0000,430804,2,0.0000,24.0000,13,11,空开,S,2538.0000,0.0000,0.0000,0.0000,0.0000,2539.0000,0.0000,0.0000,0.0000,0.0000,190,0,0,0,0,68,0,0,0,0
zc,WS301,2012-06-06 09:02:56.087,2539.0000,430662,-142,0.0000,152.0000,5,147,空平,B,2539.0000,0.0000,0.0000,0.0000,0.0000,2540.0000,0.0000,0.0000,0.0000,0.0000,138,0,0,0,0,308,0,0,0,0
zc,WS301,2012-06-06 09:02:56.740,2539.0000,430644,-18,0.0000,24.0000,3,21,空平,B,2539.0000,0.0000,0.0000,0.0000,0.0000,2540.0000,0.0000,0.0000,0.0000,0.0000,127,0,0,0,0,335,0,0,0,0
zc,WS301,2012-06-06 09:02:57.240,2539.0000,430642,-2,0.0000,24.0000,11,13,空平,B,2539.0000,0.0000,0.0000,0.0000,0.0000,2540.0000,0.0000,0.0000,0.0000,0.0000,121,0,0,0,0,330,0,0,0,0
zc,WS301,2012-06-06 09:02:57.740,2540.0000,430554,-88,0.0000,92.0000,2,90,空平,B,2539.0000,0.0000,0.0000,0.0000,0.0000,2540.0000,0.0000,0.0000,0.0000,0.0000,119,0,0,0,0,288,0,0,0,0
zc,WS301,2012-06-06 09:02:58.553,2539.0000,430552,-2,0.0000,2.0000,0,2,双平,S,2539.0000,0.0000,0.0000,0.0000,0.0000,2540.0000,0.0000,0.0000,0.0000,0.0000,123,0,0,0,0,256,0,0,0,0
zc,WS301,2012-06-06 09:02:58.990,2539.0000,430490,-62,0.0000,62.0000,0,62,双平,S,2539.0000,0.0000,0.0000,0.0000,0.0000,2540.0000,0.0000,0.0000,0.0000,0.0000,121,0,0,0,0,277,0,0,0,0
zc,WS301,2012-06-06 09:02:59.537,2539.0000,430490,0,0.0000,0.0000,0,0,空换,S,2539.0000,0.0000,0.0000,0.0000,0.0000,2540.0000,0.0000,0.0000,0.0000,0.0000,123,0,0,0,0,272,0,0,0,0
zc,WS301,2012-06-06 09:03:00.007,2539.0000,430490,0,0.0000,8.0000,4,4,空换,S,2539.0000,0.0000,0.0000,0.0000,0.0000,2540.0000,0.0000,0.0000,0.0000,0.0000,139,0,0,0,0,272,0,0,0,0
zc,WS301,2012-06-06 09:03:00.710,2539.0000,430490,0,0.0000,0.0000,0,0,空换,S,2539.0000,0.0000,0.0000,0.0000,0.0000,2540.0000,0.0000,0.0000,0.0000,0.0000,142,0,0,0,0,272,0,0,0,0
zc,WS301,2012-06-06 09:03:01.490,2540.0000,430490,0,0.0000,4.0000,2,2,多换,B,2539.0000,0.0000,0.0000,0.0000,0.0000,2540.0000,0.0000,0.0000,0.0000,0.0000,145,0,0,0,0,271,0,0,0,0
zc,WS301,2012-06-06 09:03:02.257,2540.0000,430478,-12,0.0000,22.0000,5,17,空平,B,2539.0000,0.0000,0.0000,0.0000,0.0000,2540.0000,0.0000,0.0000,0.0000,0.0000,145,0,0,0,0,263,0,0,0,0
zc,WS301,2012-06-06 09:03:02.740,2539.0000,430472,-6,0.0000,12.0000,3,9,多平,S,2539.0000,0.0000,0.0000,0.0000,0.0000,2540.0000,0.0000,0.0000,0.0000,0.0000,143,0,0,0,0,259,0,0,0,0
zc,WS301,2012-06-06 09:03:03.210,2540.0000,430470,-2,0.0000,6.0000,2,4,空平,B,2539.0000,0.0000,0.0000,0.0000,0.0000,2540.0000,0.0000,0.0000,0.0000,0.0000,162,0,0,0,0,257,0,0,0,0
zc,WS301,2012-06-06 09:03:03.990,2540.0000,430466,-4,0.0000,16.0000,6,10,空平,B,2539.0000,0.0000,0.0000,0.0000,0.0000,2540.0000,0.0000,0.0000,0.0000,0.0000,163,0,0,0,0,249,0,0,0,0
zc,WS301,2012-06-06 09:03:04.507,2540.0000,430468,2,0.0000,26.0000,14,12,多开,B,2539.0000,0.0000,0.0000,0.0000,0.0000,2540.0000,0.0000,0.0000,0.0000,0.0000,171,0,0,0,0,237,0,0,0,0
zc,WS301,2012-06-06 09:03:05.227,2539.0000,430464,-4,0.0000,140.0000,68,72,多平,S,2539.0000,0.0000,0.0000,0.0000,0.0000,2540.0000,0.0000,0.0000,0.0000,0.0000,168,0,0,0,0,170,0,0,0,0
zc,WS301,2012-06-06 09:03:05.477,2540.0000,430466,2,0.0000,4.0000,3,1,多开,B,2539.0000,0.0000,0.0000,0.0000,0.0000,2540.0000,0.0000,0.0000,0.0000,0.0000,168,0,0,0,0,171,0,0,0,0
zc,WS301,2012-06-06 09:03:06.287,2541.0000,430412,-54,0.0000,410.0000,178,232,空平,B,2540.0000,0.0000,0.0000,0.0000,0.0000,2541.0000,0.0000,0.0000,0.0000,0.0000,73,0,0,0,0,44,0,0,0,0
zc,WS301,2012-06-06 09:03:06.727,2541.0000,430412,0,0.0000,0.0000,0,0,多换,B,2540.0000,0.0000,0.0000,0.0000,0.0000,2541.0000,0.0000,0.0000,0.0000,0.0000,78,0,0,0,0,45,0,0,0,0
zc,WS301,2012-06-06 09:03:07.477,2540.0000,430522,110,0.0000,248.0000,179,69,空开,S,2539.0000,0.0000,0.0000,0.0000,0.0000,2541.0000,0.0000,0.0000,0.0000,0.0000,197,0,0,0,0,25,0,0,0,0
zc,WS301,2012-06-06 09:03:08.007,2541.0000,430458,-64,0.0000,68.0000,2,66,空平,B,2539.0000,0.0000,0.0000,0.0000,0.0000,2540.0000,0.0000,0.0000,0.0000,0.0000,207,0,0,0,0,3,0,0,0,0
zc,WS301,2012-06-06 09:03:08.537,2539.0000,430336,-122,0.0000,424.0000,151,273,多平,S,2538.0000,0.0000,0.0000,0.0000,0.0000,2539.0000,0.0000,0.0000,0.0000,0.0000,403,0,0,0,0,588,0,0,0,0
zc,WS301,2012-06-06 09:03:09.273,2539.0000,430302,-34,0.0000,76.0000,21,55,多平,S,2538.0000,0.0000,0.0000,0.0000,0.0000,2539.0000,0.0000,0.0000,0.0000,0.0000,402,0,0,0,0,550,0,0,0,0
zc,WS301,2012-06-06 09:03:09.787,2539.0000,429816,-486,0.0000,684.0000,99,585,多平,S,2538.0000,0.0000,0.0000,0.0000,0.0000,2539.0000,0.0000,0.0000,0.0000,0.0000,354,0,0,0,0,258,0,0,0,0
zc,WS301,2012-06-06 09:03:10.490,2538.0000,429908,92,0.0000,106.0000,99,7,空开,S,2538.0000,0.0000,0.0000,0.0000,0.0000,2539.0000,0.0000,0.0000,0.0000,0.0000,305,0,0,0,0,255,0,0,0,0
zc,WS301,2012-06-06 09:03:11.023,2539.0000,429740,-168,0.0000,354.0000,93,261,空平,B,2538.0000,0.0000,0.0000,0.0000,0.0000,2539.0000,0.0000,0.0000,0.0000,0.0000,166,0,0,0,0,219,0,0,0,0
zc,WS301,2012-06-06 09:03:11.820,2539.0000,429718,-22,0.0000,24.0000,1,23,空平,B,2538.0000,0.0000,0.0000,0.0000,0.0000,2539.0000,0.0000,0.0000,0.0000,0.0000,179,0,0,0,0,212,0,0,0,0
zc,WS301,2012-06-06 09:03:12.490,2538.0000,429882,164,0.0000,366.0000,265,101,空开,S,2537.0000,0.0000,0.0000,0.0000,0.0000,2538.0000,0.0000,0.0000,0.0000,0.0000,705,0,0,0,0,58,0,0,0,0
zc,WS301,2012-06-06 09:03:13.240,2538.0000,429856,-26,0.0000,28.0000,1,27,多平,S,2537.0000,0.0000,0.0000,0.0000,0.0000,2538.0000,0.0000,0.0000,0.0000,0.0000,725,0,0,0,0,46,0,0,0,0
zc,WS301,2012-06-06 09:03:13.507,2538.0000,429764,-92,0.0000,100.0000,4,96,多平,S,2538.0000,0.0000,0.0000,0.0000,0.0000,2539.0000,0.0000,0.0000,0.0000,0.0000,7,0,0,0,0,208,0,0,0,0
zc,WS301,2012-06-06 09:03:14.303,2539.0000,429760,-4,0.0000,12.0000,4,8,空平,B,2538.0000,0.0000,0.0000,0.0000,0.0000,2539.0000,0.0000,0.0000,0.0000,0.0000,102,0,0,0,0,203,0,0,0,0
zc,WS301,2012-06-06 09:03:14.773,2539.0000,429734,-26,0.0000,34.0000,4,30,空平,B,2538.0000,0.0000,0.0000,0.0000,0.0000,2539.0000,0.0000,0.0000,0.0000,0.0000,234,0,0,0,0,206,0,0,0,0
zc,WS301,2012-06-06 09:03:15.507,2538.0000,429734,0,0.0000,4.0000,2,2,空换,S,2538.0000,0.0000,0.0000,0.0000,0.0000,2539.0000,0.0000,0.0000,0.0000,0.0000,232,0,0,0,0,207,0,0,0,0
zc,WS301,2012-06-06 09:03:16.303,2539.0000,429732,-2,0.0000,8.0000,3,5,空平,B,2538.0000,0.0000,0.0000,0.0000,0.0000,2539.0000,0.0000,0.0000,0.0000,0.0000,237,0,0,0,0,207,0,0,0,0
zc,WS301,2012-06-06 09:03:17.070,2539.0000,429712,-20,0.0000,22.0000,1,21,空平,B,2538.0000,0.0000,0.0000,0.0000,0.0000,2539.0000,0.0000,0.0000,0.0000,0.0000,239,0,0,0,0,196,0,0,0,0
zc,WS301,2012-06-06 09:03:17.537,2538.0000,429710,-2,0.0000,2.0000,0,2,双平,S,2538.0000,0.0000,0.0000,0.0000,0.0000,2539.0000,0.0000,0.0000,0.0000,0.0000,234,0,0,0,0,206,0,0,0,0
zc,WS301,2012-06-06 09:03:18.257,2539.0000,429710,0,0.0000,10.0000,5,5,多换,B,2538.0000,0.0000,0.0000,0.0000,0.0000,2539.0000,0.0000,0.0000,0.0000,0.0000,259,0,0,0,0,201,0,0,0,0
zc,WS301,2012-06-06 09:03:18.787,2539.0000,429694,-16,0.0000,20.0000,2,18,空平,B,2538.0000,0.0000,0.0000,0.0000,0.0000,2539.0000,0.0000,0.0000,0.0000,0.0000,252,0,0,0,0,193,0,0,0,0
zc,WS301,2012-06-06 09:03:19.477,2539.0000,429694,0,0.0000,40.0000,20,20,多换,B,2538.0000,0.0000,0.0000,0.0000,0.0000,2539.0000,0.0000,0.0000,0.0000,0.0000,255,0,0,0,0,174,0,0,0,0
zc,WS301,2012-06-06 09:03:20.007,2539.0000,429684,-10,0.0000,12.0000,1,11,空平,B,2538.0000,0.0000,0.0000,0.0000,0.0000,2539.0000,0.0000,0.0000,0.0000,0.0000,259,0,0,0,0,167,0,0,0,0
zc,WS301,2012-06-06 09:03:20.757,2539.0000,429680,-4,0.0000,32.0000,14,18,空平,B,2538.0000,0.0000,0.0000,0.0000,0.0000,2539.0000,0.0000,0.0000,0.0000,0.0000,521,0,0,0,0,152,0,0,0,0
zc,WS301,2012-06-06 09:03:20.990,2539.0000,429680,0,0.0000,216.0000,108,108,多换,B,2538.0000,0.0000,0.0000,0.0000,0.0000,2539.0000,0.0000,0.0000,0.0000,0.0000,523,0,0,0,0,45,0,0,0,0
zc,WS301,2012-06-06 09:03:21.507,2539.0000,429614,-66,0.0000,90.0000,12,78,空平,B,2539.0000,0.0000,0.0000,0.0000,0.0000,2540.0000,0.0000,0.0000,0.0000,0.0000,70,0,0,0,0,176,0,0,0,0
zc,WS301,2012-06-06 09:03:22.287,2539.0000,429596,-18,0.0000,18.0000,0,18,双平,B,2539.0000,0.0000,0.0000,0.0000,0.0000,2540.0000,0.0000,0.0000,0.0000,0.0000,62,0,0,0,0,169,0,0,0,0
zc,WS301,2012-06-06 09:03:22.740,2539.0000,429604,8,0.0000,14.0000,11,3,多开,B,2539.0000,0.0000,0.0000,0.0000,0.0000,2540.0000,0.0000,0.0000,0.0000,0.0000,56,0,0,0,0,169,0,0,0,0
zc,WS301,2012-06-06 09:03:23.477,2539.0000,429604,0,0.0000,0.0000,0,0,多换,B,2539.0000,0.0000,0.0000,0.0000,0.0000,2540.0000,0.0000,0.0000,0.0000,0.0000,58,0,0,0,0,170,0,0,0,0
zc,WS301,2012-06-06 09:03:24.070,2539.0000,429608,4,0.0000,12.0000,8,4,多开,B,2539.0000,0.0000,0.0000,0.0000,0.0000,2540.0000,0.0000,0.0000,0.0000,0.0000,52,0,0,0,0,168,0,0,0,0
zc,WS301,2012-06-06 09:03:24.490,2539.0000,429608,0,0.0000,2.0000,1,1,多换,B,2539.0000,0.0000,0.0000,0.0000,0.0000,2540.0000,0.0000,0.0000,0.0000,0.0000,53,0,0,0,0,170,0,0,0,0
zc,WS301,2012-06-06 09:03:24.990,2539.0000,429610,2,0.0000,2.0000,2,0,双开,B,2539.0000,0.0000,0.0000,0.0000,0.0000,2540.0000,0.0000,0.0000,0.0000,0.0000,52,0,0,0,0,172,0,0,0,0
zc,WS301,2012-06-06 09:03:25.727,2539.0000,429610,0,0.0000,26.0000,13,13,多换,B,2539.0000,0.0000,0.0000,0.0000,0.0000,2540.0000,0.0000,0.0000,0.0000,0.0000,50,0,0,0,0,247,0,0,0,0
zc,WS301,2012-06-06 09:03:26.240,2540.0000,429612,2,0.0000,6.0000,4,2,多开,B,2539.0000,0.0000,0.0000,0.0000,0.0000,2540.0000,0.0000,0.0000,0.0000,0.0000,52,0,0,0,0,251,0,0,0,0
zc,WS301,2012-06-06 09:03:26.947,2539.0000,429606,-6,0.0000,8.0000,1,7,多平,S,2539.0000,0.0000,0.0000,0.0000,0.0000,2540.0000,0.0000,0.0000,0.0000,0.0000,51,0,0,0,0,248,0,0,0,0
zc,WS301,2012-06-06 09:03:27.100,2539.0000,429608,2,0.0000,2.0000,2,0,双开,S,2539.0000,0.0000,0.0000,0.0000,0.0000,2540.0000,0.0000,0.0000,0.0000,0.0000,100,0,0,0,0,248,0,0,0,0
zc,WS301,2012-06-06 09:03:27.727,2539.0000,429616,8,0.0000,72.0000,40,32,空开,S,2539.0000,0.0000,0.0000,0.0000,0.0000,2540.0000,0.0000,0.0000,0.0000,0.0000,76,0,0,0,0,297,0,0,0,0
zc,WS301,2012-06-06 09:03:28.227,2539.0000,429618,2,0.0000,2.0000,2,0,双开,S,2539.0000,0.0000,0.0000,0.0000,0.0000,2540.0000,0.0000,0.0000,0.0000,0.0000,114,0,0,0,0,228,0,0,0,0
zc,WS301,2012-06-06 09:03:28.727,2539.0000,429552,-66,0.0000,122.0000,28,94,多平,S,2539.0000,0.0000,0.0000,0.0000,0.0000,2540.0000,0.0000,0.0000,0.0000,0.0000,94,0,0,0,0,212,0,0,0,0
zc,WS301,2012-06-06 09:03:29.257,2539.0000,429552,0,0.0000,0.0000,0,0,空换,S,2539.0000,0.0000,0.0000,0.0000,0.0000,2540.0000,0.0000,0.0000,0.0000,0.0000,96,0,0,0,0,238,0,0,0,0
zc,WS301,2012-06-06 09:03:30.087,2540.0000,429544,-8,0.0000,8.0000,0,8,双平,B,2539.0000,0.0000,0.0000,0.0000,0.0000,2540.0000,0.0000,0.0000,0.0000,0.0000,98,0,0,0,0,237,0,0,0,0
zc,WS301,2012-06-06 09:03:30.477,2539.0000,429534,-10,0.0000,10.0000,0,10,双平,S,2539.0000,0.0000,0.0000,0.0000,0.0000,2540.0000,0.0000,0.0000,0.0000,0.0000,103,0,0,0,0,237,0,0,0,0
zc,WS301,2012-06-06 09:03:30.990,2540.0000,429532,-2,0.0000,6.0000,2,4,空平,B,2539.0000,0.0000,0.0000,0.0000,0.0000,2540.0000,0.0000,0.0000,0.0000,0.0000,101,0,0,0,0,237,0,0,0,0
zc,WS301,2012-06-06 09:03:31.553,2539.0000,429522,-10,0.0000,10.0000,0,10,双平,S,2539.0000,0.0000,0.0000,0.0000,0.0000,2540.0000,0.0000,0.0000,0.0000,0.0000,100,0,0,0,0,238,0,0,0,0
zc,WS301,2012-06-06 09:03:32.227,2540.0000,429732,210,0.0000,888.0000,549,339,多开,B,2540.0000,0.0000,0.0000,0.0000,0.0000,2541.0000,0.0000,0.0000,0.0000,0.0000,157,0,0,0,0,19,0,0,0,0
zc,WS301,2012-06-06 09:03:33.023,2540.0000,429734,2,0.0000,2.0000,2,0,双开,B,2540.0000,0.0000,0.0000,0.0000,0.0000,2541.0000,0.0000,0.0000,0.0000,0.0000,162,0,0,0,0,43,0,0,0,0
zc,WS301,2012-06-06 09:03:33.447,2540.0000,429734,0,0.0000,4.0000,2,2,多换,B,2540.0000,0.0000,0.0000,0.0000,0.0000,2541.0000,0.0000,0.0000,0.0000,0.0000,170,0,0,0,0,63,0,0,0,0
zc,WS301,2012-06-06 09:03:34.227,2540.0000,429734,0,0.0000,70.0000,35,35,多换,B,2540.0000,0.0000,0.0000,0.0000,0.0000,2541.0000,0.0000,0.0000,0.0000,0.0000,135,0,0,0,0,59,0,0,0,0
zc,WS301,2012-06-06 09:03:34.697,2540.0000,429734,0,0.0000,14.0000,7,7,多换,B,2540.0000,0.0000,0.0000,0.0000,0.0000,2541.0000,0.0000,0.0000,0.0000,0.0000,128,0,0,0,0,57,0,0,0,0
zc,WS301,2012-06-06 09:03:35.273,2541.0000,429738,4,0.0000,4.0000,4,0,双开,B,2540.0000,0.0000,0.0000,0.0000,0.0000,2541.0000,0.0000,0.0000,0.0000,0.0000,127,0,0,0,0,63,0,0,0,0
zc,WS301,2012-06-06 09:03:35.740,2541.0000,429702,-36,0.0000,36.0000,0,36,双平,B,2540.0000,0.0000,0.0000,0.0000,0.0000,2541.0000,0.0000,0.0000,0.0000,0.0000,128,0,0,0,0,60,0,0,0,0
zc,WS301,2012-06-06 09:03:36.553,2540.0000,429712,10,0.0000,10.0000,10,0,双开,S,2540.0000,0.0000,0.0000,0.0000,0.0000,2541.0000,0.0000,0.0000,0.0000,0.0000,123,0,0,0,0,61,0,0,0,0
zc,WS301,2012-06-06 09:03:37.087,2541.0000,429702,-10,0.0000,28.0000,9,19,空平,B,2540.0000,0.0000,0.0000,0.0000,0.0000,2541.0000,0.0000,0.0000,0.0000,0.0000,123,0,0,0,0,47,0,0,0,0
zc,WS301,2012-06-06 09:03:37.757,2540.0000,429678,-24,0.0000,272.0000,124,148,多平,S,2539.0000,0.0000,0.0000,0.0000,0.0000,2540.0000,0.0000,0.0000,0.0000,0.0000,51,0,0,0,0,83,0,0,0,0
zc,WS301,2012-06-06 09:03:38.257,2540.0000,429674,-4,0.0000,14.0000,5,9,多平,S,2539.0000,0.0000,0.0000,0.0000,0.0000,2540.0000,0.0000,0.0000,0.0000,0.0000,46,0,0,0,0,86,0,0,0,0
zc,WS301,2012-06-06 09:03:38.977,2540.0000,429660,-14,0.0000,44.0000,15,29,多平,S,2539.0000,0.0000,0.0000,0.0000,0.0000,2540.0000,0.0000,0.0000,0.0000,0.0000,46,0,0,0,0,109,0,0,0,0
zc,WS301,2012-06-06 09:03:39.490,2540.0000,429658,-2,0.0000,6.0000,2,4,多平,S,2539.0000,0.0000,0.0000,0.0000,0.0000,2540.0000,0.0000,0.0000,0.0000,0.0000,47,0,0,0,0,106,0,0,0,0
zc,WS301,2012-06-06 09:03:40.273,2540.0000,429636,-22,0.0000,70.0000,24,46,多平,S,2539.0000,0.0000,0.0000,0.0000,0.0000,2540.0000,0.0000,0.0000,0.0000,0.0000,46,0,0,0,0,71,0,0,0,0
zc,WS301,2012-06-06 09:03:40.740,2540.0000,429704,68,0.0000,144.0000,106,38,空开,S,2540.0000,0.0000,0.0000,0.0000,0.0000,2541.0000,0.0000,0.0000,0.0000,0.0000,11,0,0,0,0,68,0,0,0,0
zc,WS301,2012-06-06 09:03:41.553,2540.0000,429704,0,0.0000,8.0000,4,4,空换,S,2540.0000,0.0000,0.0000,0.0000,0.0000,2541.0000,0.0000,0.0000,0.0000,0.0000,8,0,0,0,0,71,0,0,0,0
zc,WS301,2012-06-06 09:03:41.990,2541.0000,429704,0,0.0000,6.0000,3,3,多换,B,2540.0000,0.0000,0.0000,0.0000,0.0000,2541.0000,0.0000,0.0000,0.0000,0.0000,12,0,0,0,0,84,0,0,0,0
zc,WS301,2012-06-06 09:03:42.773,2540.0000,429708,4,0.0000,4.0000,4,0,双开,S,2540.0000,0.0000,0.0000,0.0000,0.0000,2541.0000,0.0000,0.0000,0.0000,0.0000,11,0,0,0,0,77,0,0,0,0
zc,WS301,2012-06-06 09:03:43.490,2540.0000,429710,2,0.0000,2.0000,2,0,双开,S,2540.0000,0.0000,0.0000,0.0000,0.0000,2541.0000,0.0000,0.0000,0.0000,0.0000,16,0,0,0,0,79,0,0,0,0
zc,WS301,2012-06-06 09:03:43.990,2540.0000,429710,0,0.0000,20.0000,10,10,空换,S,2540.0000,0.0000,0.0000,0.0000,0.0000,2541.0000,0.0000,0.0000,0.0000,0.0000,100,0,0,0,0,79,0,0,0,0
zc,WS301,2012-06-06 09:03:44.537,2540.0000,429710,0,0.0000,0.0000,0,0,空换,S,2540.0000,0.0000,0.0000,0.0000,0.0000,2541.0000,0.0000,0.0000,0.0000,0.0000,130,0,0,0,0,81,0,0,0,0
zc,WS301,2012-06-06 09:03:44.990,2540.0000,429710,0,0.0000,0.0000,0,0,空换,S,2540.0000,0.0000,0.0000,0.0000,0.0000,2541.0000,0.0000,0.0000,0.0000,0.0000,130,0,0,0,0,82,0,0,0,0
zc,WS301,2012-06-06 09:03:45.740,2541.0000,429710,0,0.0000,2.0000,1,1,多换,B,2540.0000,0.0000,0.0000,0.0000,0.0000,2541.0000,0.0000,0.0000,0.0000,0.0000,131,0,0,0,0,80,0,0,0,0
zc,WS301,2012-06-06 09:03:46.240,2541.0000,429708,-2,0.0000,52.0000,25,27,空平,B,2540.0000,0.0000,0.0000,0.0000,0.0000,2541.0000,0.0000,0.0000,0.0000,0.0000,107,0,0,0,0,80,0,0,0,0
zc,WS301,2012-06-06 09:03:46.773,2540.0000,429708,0,0.0000,16.0000,8,8,空换,S,2540.0000,0.0000,0.0000,0.0000,0.0000,2541.0000,0.0000,0.0000,0.0000,0.0000,105,0,0,0,0,80,0,0,0,0
zc,WS301,2012-06-06 09:03:47.210,2540.0000,429708,0,0.0000,0.0000,0,0,空换,S,2540.0000,0.0000,0.0000,0.0000,0.0000,2541.0000,0.0000,0.0000,0.0000,0.0000,106,0,0,0,0,80,0,0,0,0
zc,WS301,2012-06-06 09:03:48.023,2540.0000,429706,-2,0.0000,8.0000,3,5,多平,S,2540.0000,0.0000,0.0000,0.0000,0.0000,2541.0000,0.0000,0.0000,0.0000,0.0000,106,0,0,0,0,78,0,0,0,0
zc,WS301,2012-06-06 09:03:48.773,2541.0000,429706,0,0.0000,4.0000,2,2,多换,B,2540.0000,0.0000,0.0000,0.0000,0.0000,2541.0000,0.0000,0.0000,0.0000,0.0000,107,0,0,0,0,76,0,0,0,0
zc,WS301,2012-06-06 09:03:49.240,2541.0000,429706,0,0.0000,26.0000,13,13,多换,B,2540.0000,0.0000,0.0000,0.0000,0.0000,2541.0000,0.0000,0.0000,0.0000,0.0000,109,0,0,0,0,64,0,0,0,0
zc,WS301,2012-06-06 09:03:49.773,2541.0000,429634,-72,0.0000,120.0000,24,96,空平,B,2540.0000,0.0000,0.0000,0.0000,0.0000,2541.0000,0.0000,0.0000,0.0000,0.0000,114,0,0,0,0,3,0,0,0,0
zc,WS301,2012-06-06 09:03:50.507,2541.0000,429682,48,0.0000,78.0000,63,15,多开,B,2541.0000,0.0000,0.0000,0.0000,0.0000,2542.0000,0.0000,0.0000,0.0000,0.0000,83,0,0,0,0,275,0,0,0,0
zc,WS301,2012-06-06 09:03:51.320,2541.0000,429582,-100,0.0000,100.0000,0,100,双平,B,2541.0000,0.0000,0.0000,0.0000,0.0000,2542.0000,0.0000,0.0000,0.0000,0.0000,33,0,0,0,0,254,0,0,0,0
zc,WS301,2012-06-06 09:03:51.523,2542.0000,429580,-2,0.0000,12.0000,5,7,空平,B,2541.0000,0.0000,0.0000,0.0000,0.0000,2542.0000,0.0000,0.0000,0.0000,0.0000,33,0,0,0,0,240,0,0,0,0
zc,WS301,2012-06-06 09:03:52.273,2542.0000,429568,-12,0.0000,58.0000,23,35,空平,B,2541.0000,0.0000,0.0000,0.0000,0.0000,2542.0000,0.0000,0.0000,0.0000,0.0000,10,0,0,0,0,241,0,0,0,0
zc,WS301,2012-06-06 09:03:52.820,2542.0000,429574,6,0.0000,12.0000,9,3,多开,B,2541.0000,0.0000,0.0000,0.0000,0.0000,2542.0000,0.0000,0.0000,0.0000,0.0000,17,0,0,0,0,238,0,0,0,0
zc,WS301,2012-06-06 09:03:53.477,2541.0000,429574,0,0.0000,10.0000,5,5,空换,S,2541.0000,0.0000,0.0000,0.0000,0.0000,2542.0000,0.0000,0.0000,0.0000,0.0000,12,0,0,0,0,238,0,0,0,0
zc,WS301,2012-06-06 09:03:53.990,2542.0000,429500,-74,0.0000,136.0000,31,105,空平,B,2541.0000,0.0000,0.0000,0.0000,0.0000,2542.0000,0.0000,0.0000,0.0000,0.0000,2,0,0,0,0,180,0,0,0,0
zc,WS301,2012-06-06 09:03:54.740,2541.0000,429500,0,0.0000,4.0000,2,2,空换,S,2540.0000,0.0000,0.0000,0.0000,0.0000,2541.0000,0.0000,0.0000,0.0000,0.0000,121,0,0,0,0,8,0,0,0,0
zc,WS301,2012-06-06 09:03:55.240,2540.0000,429500,0,0.0000,6.0000,3,3,空换,S,2540.0000,0.0000,0.0000,0.0000,0.0000,2541.0000,0.0000,0.0000,0.0000,0.0000,128,0,0,0,0,9,0,0,0,0
zc,WS301,2012-06-06 09:03:55.977,2541.0000,429524,24,0.0000,40.0000,32,8,多开,B,2540.0000,0.0000,0.0000,0.0000,0.0000,2541.0000,0.0000,0.0000,0.0000,0.0000,128,0,0,0,0,39,0,0,0,0
zc,WS301,2012-06-06 09:03:56.477,2541.0000,429558,34,0.0000,34.0000,34,0,双开,B,2540.0000,0.0000,0.0000,0.0000,0.0000,2541.0000,0.0000,0.0000,0.0000,0.0000,131,0,0,0,0,22,0,0,0,0
zc,WS301,2012-06-06 09:03:57.303,2541.0000,429558,0,0.0000,0.0000,0,0,多换,B,2540.0000,0.0000,0.0000,0.0000,0.0000,2541.0000,0.0000,0.0000,0.0000,0.0000,131,0,0,0,0,25,0,0,0,0
zc,WS301,2012-06-06 09:03:57.787,2541.0000,429562,4,0.0000,20.0000,12,8,多开,B,2540.0000,0.0000,0.0000,0.0000,0.0000,2541.0000,0.0000,0.0000,0.0000,0.0000,132,0,0,0,0,18,0,0,0,0
zc,WS301,2012-06-06 09:03:58.523,2541.0000,429576,14,0.0000,14.0000,14,0,双开,B,2540.0000,0.0000,0.0000,0.0000,0.0000,2541.0000,0.0000,0.0000,0.0000,0.0000,133,0,0,0,0,16,0,0,0,0
zc,WS301,2012-06-06 09:03:58.990,2540.0000,429792,216,0.0000,234.0000,225,9,空开,S,2540.0000,0.0000,0.0000,0.0000,0.0000,2542.0000,0.0000,0.0000,0.0000,0.0000,120,0,0,0,0,191,0,0,0,0
zc,WS301,2012-06-06 09:03:59.773,2542.0000,429794,2,0.0000,6.0000,4,2,多开,B,2541.0000,0.0000,0.0000,0.0000,0.0000,2542.0000,0.0000,0.0000,0.0000,0.0000,102,0,0,0,0,193,0,0,0,0
zc,WS301,2012-06-06 09:04:00.227,2542.0000,429794,0,0.0000,2.0000,1,1,多换,B,2541.0000,0.0000,0.0000,0.0000,0.0000,2542.0000,0.0000,0.0000,0.0000,0.0000,125,0,0,0,0,192,0,0,0,0
zc,WS301,2012-06-06 09:04:00.727,2542.0000,429796,2,0.0000,4.0000,3,1,多开,B,2541.0000,0.0000,0.0000,0.0000,0.0000,2542.0000,0.0000,0.0000,0.0000,0.0000,135,0,0,0,0,203,0,0,0,0
zc,WS301,2012-06-06 09:04:01.507,2541.0000,429804,8,0.0000,12.0000,10,2,空开,S,2541.0000,0.0000,0.0000,0.0000,0.0000,2542.0000,0.0000,0.0000,0.0000,0.0000,135,0,0,0,0,197,0,0,0,0
zc,WS301,2012-06-06 09:04:01.960,2541.0000,429808,4,0.0000,12.0000,8,4,空开,S,2541.0000,0.0000,0.0000,0.0000,0.0000,2542.0000,0.0000,0.0000,0.0000,0.0000,135,0,0,0,0,194,0,0,0,0
zc,WS301,2012-06-06 09:04:02.803,2542.0000,429814,6,0.0000,16.0000,11,5,多开,B,2541.0000,0.0000,0.0000,0.0000,0.0000,2542.0000,0.0000,0.0000,0.0000,0.0000,134,0,0,0,0,185,0,0,0,0
zc,WS301,2012-06-06 09:04:03.287,2541.0000,429806,-8,0.0000,12.0000,2,10,多平,S,2541.0000,0.0000,0.0000,0.0000,0.0000,2542.0000,0.0000,0.0000,0.0000,0.0000,134,0,0,0,0,183,0,0,0,0
zc,WS301,2012-06-06 09:04:04.037,2541.0000,429806,0,0.0000,0.0000,0,0,空换,S,2541.0000,0.0000,0.0000,0.0000,0.0000,2542.0000,0.0000,0.0000,0.0000,0.0000,135,0,0,0,0,184,0,0,0,0
zc,WS301,2012-06-06 09:04:04.507,2541.0000,429804,-2,0.0000,2.0000,0,2,双平,S,2541.0000,0.0000,0.0000,0.0000,0.0000,2542.0000,0.0000,0.0000,0.0000,0.0000,122,0,0,0,0,184,0,0,0,0
zc,WS301,2012-06-06 09:04:05.273,2541.0000,429804,0,0.0000,0.0000,0,0,空换,S,2541.0000,0.0000,0.0000,0.0000,0.0000,2542.0000,0.0000,0.0000,0.0000,0.0000,122,0,0,0,0,186,0,0,0,0
zc,WS301,2012-06-06 09:04:06.507,2541.0000,429616,-188,0.0000,216.0000,14,202,多平,S,2541.0000,0.0000,0.0000,0.0000,0.0000,2542.0000,0.0000,0.0000,0.0000,0.0000,18,0,0,0,0,201,0,0,0,0
zc,WS301,2012-06-06 09:04:07.023,2542.0000,429576,-40,0.0000,240.0000,100,140,空平,B,2541.0000,0.0000,0.0000,0.0000,0.0000,2542.0000,0.0000,0.0000,0.0000,0.0000,225,0,0,0,0,81,0,0,0,0
zc,WS301,2012-06-06 09:04:07.490,2541.0000,429576,0,0.0000,2.0000,1,1,空换,S,2541.0000,0.0000,0.0000,0.0000,0.0000,2542.0000,0.0000,0.0000,0.0000,0.0000,225,0,0,0,0,81,0,0,0,0
zc,WS301,2012-06-06 09:04:08.227,2542.0000,429466,-110,0.0000,178.0000,34,144,空平,B,2542.0000,0.0000,0.0000,0.0000,0.0000,2543.0000,0.0000,0.0000,0.0000,0.0000,216,0,0,0,0,255,0,0,0,0
zc,WS301,2012-06-06 09:04:08.757,2542.0000,429460,-6,0.0000,16.0000,5,11,空平,B,2542.0000,0.0000,0.0000,0.0000,0.0000,2543.0000,0.0000,0.0000,0.0000,0.0000,228,0,0,0,0,255,0,0,0,0
zc,WS301,2012-06-06 09:04:09.490,2542.0000,429456,-4,0.0000,12.0000,4,8,空平,B,2542.0000,0.0000,0.0000,0.0000,0.0000,2543.0000,0.0000,0.0000,0.0000,0.0000,228,0,0,0,0,246,0,0,0,0
zc,WS301,2012-06-06 09:04:10.100,2542.0000,429452,-4,0.0000,18.0000,7,11,空平,B,2542.0000,0.0000,0.0000,0.0000,0.0000,2543.0000,0.0000,0.0000,0.0000,0.0000,223,0,0,0,0,244,0,0,0,0
zc,WS301,2012-06-06 09:04:10.787,2542.0000,429142,-310,0.0000,310.0000,0,310,双平,B,2542.0000,0.0000,0.0000,0.0000,0.0000,2543.0000,0.0000,0.0000,0.0000,0.0000,68,0,0,0,0,246,0,0,0,0
zc,WS301,2012-06-06 09:04:11.240,2542.0000,429144,2,0.0000,32.0000,17,15,多开,B,2542.0000,0.0000,0.0000,0.0000,0.0000,2543.0000,0.0000,0.0000,0.0000,0.0000,53,0,0,0,0,266,0,0,0,0
zc,WS301,2012-06-06 09:04:12.007,2542.0000,429142,-2,0.0000,2.0000,0,2,双平,B,2542.0000,0.0000,0.0000,0.0000,0.0000,2543.0000,0.0000,0.0000,0.0000,0.0000,52,0,0,0,0,266,0,0,0,0
zc,WS301,2012-06-06 09:04:12.537,2543.0000,429156,14,0.0000,26.0000,20,6,多开,B,2542.0000,0.0000,0.0000,0.0000,0.0000,2543.0000,0.0000,0.0000,0.0000,0.0000,59,0,0,0,0,256,0,0,0,0
zc,WS301,2012-06-06 09:04:13.303,2543.0000,429148,-8,0.0000,12.0000,2,10,空平,B,2542.0000,0.0000,0.0000,0.0000,0.0000,2543.0000,0.0000,0.0000,0.0000,0.0000,54,0,0,0,0,254,0,0,0,0
zc,WS301,2012-06-06 09:04:13.773,2542.0000,429142,-6,0.0000,6.0000,0,6,双平,S,2542.0000,0.0000,0.0000,0.0000,0.0000,2543.0000,0.0000,0.0000,0.0000,0.0000,51,0,0,0,0,254,0,0,0,0
zc,WS301,2012-06-06 09:04:14.257,2542.0000,429140,-2,0.0000,4.0000,1,3,多平,S,2542.0000,0.0000,0.0000,0.0000,0.0000,2543.0000,0.0000,0.0000,0.0000,0.0000,50,0,0,0,0,303,0,0,0,0
zc,WS301,2012-06-06 09:04:15.023,2542.0000,429134,-6,0.0000,12.0000,3,9,多平,S,2542.0000,0.0000,0.0000,0.0000,0.0000,2543.0000,0.0000,0.0000,0.0000,0.0000,46,0,0,0,0,302,0,0,0,0
zc,WS301,2012-06-06 09:04:15.570,2543.0000,429138,4,0.0000,12.0000,8,4,多开,B,2542.0000,0.0000,0.0000,0.0000,0.0000,2543.0000,0.0000,0.0000,0.0000,0.0000,67,0,0,0,0,296,0,0,0,0
zc,WS301,2012-06-06 09:04:16.227,2542.0000,429146,8,0.0000,18.0000,13,5,空开,S,2542.0000,0.0000,0.0000,0.0000,0.0000,2543.0000,0.0000,0.0000,0.0000,0.0000,63,0,0,0,0,293,0,0,0,0
zc,WS301,2012-06-06 09:04:16.727,2543.0000,429146,0,0.0000,34.0000,17,17,多换,B,2542.0000,0.0000,0.0000,0.0000,0.0000,2543.0000,0.0000,0.0000,0.0000,0.0000,63,0,0,0,0,278,0,0,0,0
zc,WS301,2012-06-06 09:04:17.507,2543.0000,429158,12,0.0000,12.0000,12,0,双开,B,2542.0000,0.0000,0.0000,0.0000,0.0000,2543.0000,0.0000,0.0000,0.0000,0.0000,73,0,0,0,0,275,0,0,0,0
zc,WS301,2012-06-06 09:04:18.023,2542.0000,429178,20,0.0000,24.0000,22,2,空开,S,2542.0000,0.0000,0.0000,0.0000,0.0000,2543.0000,0.0000,0.0000,0.0000,0.0000,90,0,0,0,0,264,0,0,0,0
zc,WS301,2012-06-06 09:04:18.710,2542.0000,429166,-12,0.0000,112.0000,50,62,多平,S,2542.0000,0.0000,0.0000,0.0000,0.0000,2543.0000,0.0000,0.0000,0.0000,0.0000,40,0,0,0,0,260,0,0,0,0
zc,WS301,2012-06-06 09:04:19.303,2542.0000,429166,0,0.0000,10.0000,5,5,空换,S,2542.0000,0.0000,0.0000,0.0000,0.0000,2543.0000,0.0000,0.0000,0.0000,0.0000,36,0,0,0,0,274,0,0,0,0
zc,WS301,2012-06-06 09:04:20.523,2542.0000,429166,0,0.0000,6.0000,3,3,空换,S,2542.0000,0.0000,0.0000,0.0000,0.0000,2543.0000,0.0000,0.0000,0.0000,0.0000,40,0,0,0,0,272,0,0,0,0
zc,WS301,2012-06-06 09:04:21.273,2543.0000,429186,20,0.0000,24.0000,22,2,多开,B,2542.0000,0.0000,0.0000,0.0000,0.0000,2543.0000,0.0000,0.0000,0.0000,0.0000,48,0,0,0,0,262,0,0,0,0
zc,WS301,2012-06-06 09:04:21.757,2542.0000,429190,4,0.0000,8.0000,6,2,空开,S,2542.0000,0.0000,0.0000,0.0000,0.0000,2543.0000,0.0000,0.0000,0.0000,0.0000,46,0,0,0,0,260,0,0,0,0
zc,WS301,2012-06-06 09:04:22.523,2542.0000,429190,0,0.0000,0.0000,0,0,空换,S,2542.0000,0.0000,0.0000,0.0000,0.0000,2543.0000,0.0000,0.0000,0.0000,0.0000,48,0,0,0,0,266,0,0,0,0
zc,WS301,2012-06-06 09:04:22.740,2543.0000,429192,2,0.0000,2.0000,2,0,双开,B,2542.0000,0.0000,0.0000,0.0000,0.0000,2543.0000,0.0000,0.0000,0.0000,0.0000,48,0,0,0,0,265,0,0,0,0
zc,WS301,2012-06-06 09:04:23.507,2543.0000,429212,20,0.0000,20.0000,20,0,双开,B,2542.0000,0.0000,0.0000,0.0000,0.0000,2543.0000,0.0000,0.0000,0.0000,0.0000,53,0,0,0,0,256,0,0,0,0
zc,WS301,2012-06-06 09:04:23.947,2542.0000,429200,-12,0.0000,78.0000,33,45,多平,S,2542.0000,0.0000,0.0000,0.0000,0.0000,2543.0000,0.0000,0.0000,0.0000,0.0000,25,0,0,0,0,246,0,0,0,0
zc,WS301,2012-06-06 09:04:24.757,2542.0000,429206,6,0.0000,10.0000,8,2,空开,S,2542.0000,0.0000,0.0000,0.0000,0.0000,2543.0000,0.0000,0.0000,0.0000,0.0000,26,0,0,0,0,242,0,0,0,0
zc,WS301,2012-06-06 09:04:25.477,2542.0000,429212,6,0.0000,18.0000,12,6,空开,S,2542.0000,0.0000,0.0000,0.0000,0.0000,2543.0000,0.0000,0.0000,0.0000,0.0000,33,0,0,0,0,458,0,0,0,0
zc,WS301,2012-06-06 09:04:25.757,2542.0000,429218,6,0.0000,8.0000,7,1,空开,S,2542.0000,0.0000,0.0000,0.0000,0.0000,2543.0000,0.0000,0.0000,0.0000,0.0000,34,0,0,0,0,455,0,0,0,0
zc,WS301,2012-06-06 09:04:26.490,2543.0000,429242,24,0.0000,30.0000,27,3,多开,B,2542.0000,0.0000,0.0000,0.0000,0.0000,2543.0000,0.0000,0.0000,0.0000,0.0000,48,0,0,0,0,443,0,0,0,0
zc,WS301,2012-06-06 09:04:26.990,2542.0000,429328,86,0.0000,104.0000,95,9,空开,S,2541.0000,0.0000,0.0000,0.0000,0.0000,2542.0000,0.0000,0.0000,0.0000,0.0000,64,0,0,0,0,19,0,0,0,0
zc,WS301,2012-06-06 09:04:27.773,2542.0000,429326,-2,0.0000,6.0000,2,4,多平,S,2541.0000,0.0000,0.0000,0.0000,0.0000,2542.0000,0.0000,0.0000,0.0000,0.0000,64,0,0,0,0,16,0,0,0,0
zc,WS301,2012-06-06 09:04:28.240,2542.0000,429326,0,0.0000,2.0000,1,1,空换,S,2541.0000,0.0000,0.0000,0.0000,0.0000,2542.0000,0.0000,0.0000,0.0000,0.0000,64,0,0,0,0,46,0,0,0,0
zc,WS301,2012-06-06 09:04:29.037,2542.0000,429294,-32,0.0000,114.0000,41,73,多平,S,2542.0000,0.0000,0.0000,0.0000,0.0000,2543.0000,0.0000,0.0000,0.0000,0.0000,46,0,0,0,0,446,0,0,0,0
zc,WS301,2012-06-06 09:04:29.537,2542.0000,429202,-92,0.0000,98.0000,3,95,多平,S,2541.0000,0.0000,0.0000,0.0000,0.0000,2542.0000,0.0000,0.0000,0.0000,0.0000,64,0,0,0,0,68,0,0,0,0
zc,WS301,2012-06-06 09:04:30.257,2542.0000,429202,0,0.0000,4.0000,2,2,空换,S,2541.0000,0.0000,0.0000,0.0000,0.0000,2542.0000,0.0000,0.0000,0.0000,0.0000,64,0,0,0,0,67,0,0,0,0
zc,WS301,2012-06-06 09:04:30.727,2541.0000,429202,0,0.0000,2.0000,1,1,空换,S,2541.0000,0.0000,0.0000,0.0000,0.0000,2542.0000,0.0000,0.0000,0.0000,0.0000,65,0,0,0,0,75,0,0,0,0
zc,WS301,2012-06-06 09:04:31.507,2541.0000,429306,104,0.0000,130.0000,117,13,空开,S,2540.0000,0.0000,0.0000,0.0000,0.0000,2541.0000,0.0000,0.0000,0.0000,0.0000,229,0,0,0,0,47,0,0,0,0
zc,WS301,2012-06-06 09:04:31.960,2541.0000,429306,0,0.0000,0.0000,0,0,空换,S,2540.0000,0.0000,0.0000,0.0000,0.0000,2541.0000,0.0000,0.0000,0.0000,0.0000,233,0,0,0,0,47,0,0,0,0
zc,WS301,2012-06-06 09:04:32.757,2541.0000,429310,4,0.0000,4.0000,4,0,双开,S,2540.0000,0.0000,0.0000,0.0000,0.0000,2541.0000,0.0000,0.0000,0.0000,0.0000,233,0,0,0,0,45,0,0,0,0
zc,WS301,2012-06-06 09:04:33.727,2540.0000,429312,2,0.0000,4.0000,3,1,空开,S,2540.0000,0.0000,0.0000,0.0000,0.0000,2541.0000,0.0000,0.0000,0.0000,0.0000,232,0,0,0,0,45,0,0,0,0
zc,WS301,2012-06-06 09:04:34.490,2540.0000,429312,0,0.0000,0.0000,0,0,空换,S,2540.0000,0.0000,0.0000,0.0000,0.0000,2541.0000,0.0000,0.0000,0.0000,0.0000,232,0,0,0,0,50,0,0,0,0
zc,WS301,2012-06-06 09:04:35.053,2541.0000,429314,2,0.0000,8.0000,5,3,多开,B,2540.0000,0.0000,0.0000,0.0000,0.0000,2541.0000,0.0000,0.0000,0.0000,0.0000,225,0,0,0,0,49,0,0,0,0
zc,WS301,2012-06-06 09:04:35.740,2541.0000,429314,0,0.0000,4.0000,2,2,多换,B,2540.0000,0.0000,0.0000,0.0000,0.0000,2541.0000,0.0000,0.0000,0.0000,0.0000,229,0,0,0,0,54,0,0,0,0
zc,WS301,2012-06-06 09:04:35.977,2540.0000,429316,2,0.0000,12.0000,7,5,空开,S,2540.0000,0.0000,0.0000,0.0000,0.0000,2541.0000,0.0000,0.0000,0.0000,0.0000,223,0,0,0,0,54,0,0,0,0
zc,WS301,2012-06-06 09:04:36.773,2541.0000,429312,-4,0.0000,14.0000,5,9,空平,B,2540.0000,0.0000,0.0000,0.0000,0.0000,2541.0000,0.0000,0.0000,0.0000,0.0000,221,0,0,0,0,49,0,0,0,0
zc,WS301,2012-06-06 09:04:37.273,2541.0000,429316,4,0.0000,4.0000,4,0,双开,B,2540.0000,0.0000,0.0000,0.0000,0.0000,2541.0000,0.0000,0.0000,0.0000,0.0000,226,0,0,0,0,47,0,0,0,0
zc,WS301,2012-06-06 09:04:38.037,2541.0000,429318,2,0.0000,8.0000,5,3,多开,B,2540.0000,0.0000,0.0000,0.0000,0.0000,2541.0000,0.0000,0.0000,0.0000,0.0000,223,0,0,0,0,46,0,0,0,0
zc,WS301,2012-06-06 09:04:38.490,2541.0000,429328,10,0.0000,10.0000,10,0,双开,B,2540.0000,0.0000,0.0000,0.0000,0.0000,2541.0000,0.0000,0.0000,0.0000,0.0000,218,0,0,0,0,41,0,0,0,0
zc,WS301,2012-06-06 09:04:39.273,2541.0000,429274,-54,0.0000,124.0000,35,89,空平,B,2541.0000,0.0000,0.0000,0.0000,0.0000,2542.0000,0.0000,0.0000,0.0000,0.0000,43,0,0,0,0,398,0,0,0,0
zc,WS301,2012-06-06 09:04:39.757,2541.0000,429236,-38,0.0000,38.0000,0,38,双平,B,2541.0000,0.0000,0.0000,0.0000,0.0000,2542.0000,0.0000,0.0000,0.0000,0.0000,26,0,0,0,0,397,0,0,0,0
zc,WS301,2012-06-06 09:04:40.523,2542.0000,429214,-22,0.0000,26.0000,2,24,空平,B,2541.0000,0.0000,0.0000,0.0000,0.0000,2542.0000,0.0000,0.0000,0.0000,0.0000,51,0,0,0,0,396,0,0,0,0
zc,WS301,2012-06-06 09:04:40.990,2542.0000,429214,0,0.0000,0.0000,0,0,多换,B,2541.0000,0.0000,0.0000,0.0000,0.0000,2542.0000,0.0000,0.0000,0.0000,0.0000,52,0,0,0,0,396,0,0,0,0
zc,WS301,2012-06-06 09:04:41.460,2542.0000,429214,0,0.0000,66.0000,33,33,多换,B,2541.0000,0.0000,0.0000,0.0000,0.0000,2542.0000,0.0000,0.0000,0.0000,0.0000,52,0,0,0,0,365,0,0,0,0
zc,WS301,2012-06-06 09:04:41.990,2541.0000,429212,-2,0.0000,2.0000,0,2,双平,S,2541.0000,0.0000,0.0000,0.0000,0.0000,2542.0000,0.0000,0.0000,0.0000,0.0000,51,0,0,0,0,365,0,0,0,0
zc,WS301,2012-06-06 09:04:42.553,2542.0000,429212,0,0.0000,2.0000,1,1,多换,B,2541.0000,0.0000,0.0000,0.0000,0.0000,2542.0000,0.0000,0.0000,0.0000,0.0000,51,0,0,0,0,363,0,0,0,0
zc,WS301,2012-06-06 09:04:43.287,2542.0000,429212,0,0.0000,0.0000,0,0,多换,B,2541.0000,0.0000,0.0000,0.0000,0.0000,2542.0000,0.0000,0.0000,0.0000,0.0000,52,0,0,0,0,369,0,0,0,0
zc,WS301,2012-06-06 09:04:43.757,2542.0000,429192,-20,0.0000,22.0000,1,21,空平,B,2541.0000,0.0000,0.0000,0.0000,0.0000,2542.0000,0.0000,0.0000,0.0000,0.0000,51,0,0,0,0,358,0,0,0,0
zc,WS301,2012-06-06 09:04:44.477,2542.0000,429188,-4,0.0000,4.0000,0,4,双平,B,2541.0000,0.0000,0.0000,0.0000,0.0000,2542.0000,0.0000,0.0000,0.0000,0.0000,51,0,0,0,0,356,0,0,0,0
zc,WS301,2012-06-06 09:04:45.007,2542.0000,429188,0,0.0000,0.0000,0,0,多换,B,2541.0000,0.0000,0.0000,0.0000,0.0000,2542.0000,0.0000,0.0000,0.0000,0.0000,17,0,0,0,0,356,0,0,0,0
zc,WS301,2012-06-06 09:04:45.537,2542.0000,429188,0,0.0000,0.0000,0,0,多换,B,2541.0000,0.0000,0.0000,0.0000,0.0000,2542.0000,0.0000,0.0000,0.0000,0.0000,17,0,0,0,0,366,0,0,0,0
zc,WS301,2012-06-06 09:04:46.273,2541.0000,429184,-4,0.0000,8.0000,2,6,多平,S,2541.0000,0.0000,0.0000,0.0000,0.0000,2542.0000,0.0000,0.0000,0.0000,0.0000,14,0,0,0,0,377,0,0,0,0
zc,WS301,2012-06-06 09:04:46.740,2542.0000,429184,0,0.0000,20.0000,10,10,多换,B,2541.0000,0.0000,0.0000,0.0000,0.0000,2542.0000,0.0000,0.0000,0.0000,0.0000,14,0,0,0,0,364,0,0,0,0
zc,WS301,2012-06-06 09:04:47.257,2541.0000,429154,-30,0.0000,34.0000,2,32,多平,S,2540.0000,0.0000,0.0000,0.0000,0.0000,2541.0000,0.0000,0.0000,0.0000,0.0000,273,0,0,0,0,4,0,0,0,0
zc,WS301,2012-06-06 09:04:47.727,2540.0000,429154,0,0.0000,2.0000,1,1,空换,S,2540.0000,0.0000,0.0000,0.0000,0.0000,2541.0000,0.0000,0.0000,0.0000,0.0000,271,0,0,0,0,5,0,0,0,0
zc,WS301,2012-06-06 09:04:48.523,2541.0000,429158,4,0.0000,10.0000,7,3,多开,B,2540.0000,0.0000,0.0000,0.0000,0.0000,2541.0000,0.0000,0.0000,0.0000,0.0000,271,0,0,0,0,5,0,0,0,0
zc,WS301,2012-06-06 09:04:49.007,2541.0000,429158,0,0.0000,0.0000,0,0,多换,B,2540.0000,0.0000,0.0000,0.0000,0.0000,2541.0000,0.0000,0.0000,0.0000,0.0000,274,0,0,0,0,6,0,0,0,0
zc,WS301,2012-06-06 09:04:49.803,2542.0000,429078,-80,0.0000,144.0000,32,112,空平,B,2541.0000,0.0000,0.0000,0.0000,0.0000,2542.0000,0.0000,0.0000,0.0000,0.0000,4,0,0,0,0,307,0,0,0,0
zc,WS301,2012-06-06 09:04:50.303,2542.0000,429078,0,0.0000,0.0000,0,0,多换,B,2541.0000,0.0000,0.0000,0.0000,0.0000,2542.0000,0.0000,0.0000,0.0000,0.0000,4,0,0,0,0,312,0,0,0,0
zc,WS301,2012-06-06 09:04:50.787,2541.0000,429080,2,0.0000,2.0000,2,0,双开,S,2541.0000,0.0000,0.0000,0.0000,0.0000,2542.0000,0.0000,0.0000,0.0000,0.0000,22,0,0,0,0,323,0,0,0,0
zc,WS301,2012-06-06 09:04:51.523,2542.0000,429080,0,0.0000,6.0000,3,3,多换,B,2541.0000,0.0000,0.0000,0.0000,0.0000,2542.0000,0.0000,0.0000,0.0000,0.0000,34,0,0,0,0,321,0,0,0,0
zc,WS301,2012-06-06 09:04:52.273,2542.0000,429080,0,0.0000,6.0000,3,3,多换,B,2541.0000,0.0000,0.0000,0.0000,0.0000,2542.0000,0.0000,0.0000,0.0000,0.0000,34,0,0,0,0,305,0,0,0,0
zc,WS301,2012-06-06 09:04:52.990,2541.0000,429118,38,0.0000,42.0000,40,2,空开,S,2541.0000,0.0000,0.0000,0.0000,0.0000,2542.0000,0.0000,0.0000,0.0000,0.0000,16,0,0,0,0,323,0,0,0,0
zc,WS301,2012-06-06 09:04:53.227,2541.0000,429118,0,0.0000,0.0000,0,0,空换,S,2541.0000,0.0000,0.0000,0.0000,0.0000,2542.0000,0.0000,0.0000,0.0000,0.0000,23,0,0,0,0,323,0,0,0,0
zc,WS301,2012-06-06 09:04:54.023,2542.0000,429118,0,0.0000,40.0000,20,20,多换,B,2541.0000,0.0000,0.0000,0.0000,0.0000,2542.0000,0.0000,0.0000,0.0000,0.0000,23,0,0,0,0,302,0,0,0,0
zc,WS301,2012-06-06 09:04:55.287,2541.0000,429112,-6,0.0000,46.0000,20,26,多平,S,2540.0000,0.0000,0.0000,0.0000,0.0000,2541.0000,0.0000,0.0000,0.0000,0.0000,297,0,0,0,0,27,0,0,0,0
zc,WS301,2012-06-06 09:04:55.773,2541.0000,429112,0,0.0000,0.0000,0,0,空换,S,2540.0000,0.0000,0.0000,0.0000,0.0000,2541.0000,0.0000,0.0000,0.0000,0.0000,294,0,0,0,0,29,0,0,0,0
zc,WS301,2012-06-06 09:04:56.537,2541.0000,429112,0,0.0000,0.0000,0,0,空换,S,2540.0000,0.0000,0.0000,0.0000,0.0000,2541.0000,0.0000,0.0000,0.0000,0.0000,294,0,0,0,0,34,0,0,0,0
zc,WS301,2012-06-06 09:04:56.990,2541.0000,429106,-6,0.0000,6.0000,0,6,双平,S,2540.0000,0.0000,0.0000,0.0000,0.0000,2541.0000,0.0000,0.0000,0.0000,0.0000,295,0,0,0,0,31,0,0,0,0
zc,WS301,2012-06-06 09:04:57.757,2540.0000,429104,-2,0.0000,6.0000,2,4,多平,S,2540.0000,0.0000,0.0000,0.0000,0.0000,2541.0000,0.0000,0.0000,0.0000,0.0000,292,0,0,0,0,50,0,0,0,0
zc,WS301,2012-06-06 09:04:58.287,2540.0000,429104,0,0.0000,0.0000,0,0,空换,S,2540.0000,0.0000,0.0000,0.0000,0.0000,2541.0000,0.0000,0.0000,0.0000,0.0000,288,0,0,0,0,53,0,0,0,0
zc,WS301,2012-06-06 09:04:58.727,2541.0000,429104,0,0.0000,100.0000,50,50,多换,B,2540.0000,0.0000,0.0000,0.0000,0.0000,2541.0000,0.0000,0.0000,0.0000,0.0000,285,0,0,0,0,45,0,0,0,0
zc,WS301,2012-06-06 09:04:59.507,2541.0000,429102,-2,0.0000,4.0000,1,3,空平,B,2540.0000,0.0000,0.0000,0.0000,0.0000,2541.0000,0.0000,0.0000,0.0000,0.0000,285,0,0,0,0,43,0,0,0,0
zc,WS301,2012-06-06 09:05:00.023,2541.0000,428910,-192,0.0000,212.0000,10,202,空平,B,2540.0000,0.0000,0.0000,0.0000,0.0000,2541.0000,0.0000,0.0000,0.0000,0.0000,280,0,0,0,0,105,0,0,0,0
zc,WS301,2012-06-06 09:05:00.787,2540.0000,428912,2,0.0000,2.0000,2,0,双开,S,2540.0000,0.0000,0.0000,0.0000,0.0000,2541.0000,0.0000,0.0000,0.0000,0.0000,279,0,0,0,0,104,0,0,0,0
zc,WS301,2012-06-06 09:05:01.210,2540.0000,429310,398,0.0000,564.0000,481,83,空开,S,2539.0000,0.0000,0.0000,0.0000,0.0000,2540.0000,0.0000,0.0000,0.0000,0.0000,95,0,0,0,0,42,0,0,0,0
zc,WS301,2012-06-06 09:05:02.007,2539.0000,429440,130,0.0000,232.0000,181,51,空开,S,2538.0000,0.0000,0.0000,0.0000,0.0000,2539.0000,0.0000,0.0000,0.0000,0.0000,318,0,0,0,0,17,0,0,0,0
zc,WS301,2012-06-06 09:05:02.553,2540.0000,429398,-42,0.0000,100.0000,29,71,空平,B,2538.0000,0.0000,0.0000,0.0000,0.0000,2540.0000,0.0000,0.0000,0.0000,0.0000,318,0,0,0,0,2,0,0,0,0
zc,WS301,2012-06-06 09:05:03.240,2540.0000,429398,0,0.0000,6.0000,3,3,多换,B,2539.0000,0.0000,0.0000,0.0000,0.0000,2540.0000,0.0000,0.0000,0.0000,0.0000,20,0,0,0,0,2,0,0,0,0
zc,WS301,2012-06-06 09:05:04.037,2540.0000,429398,0,0.0000,4.0000,2,2,多换,B,2539.0000,0.0000,0.0000,0.0000,0.0000,2540.0000,0.0000,0.0000,0.0000,0.0000,20,0,0,0,0,107,0,0,0,0
zc,WS301,2012-06-06 09:05:04.553,2540.0000,429398,0,0.0000,0.0000,0,0,多换,B,2539.0000,0.0000,0.0000,0.0000,0.0000,2540.0000,0.0000,0.0000,0.0000,0.0000,20,0,0,0,0,157,0,0,0,0
zc,WS301,2012-06-06 09:05:05.053,2540.0000,429398,0,0.0000,0.0000,0,0,多换,B,2539.0000,0.0000,0.0000,0.0000,0.0000,2540.0000,0.0000,0.0000,0.0000,0.0000,26,0,0,0,0,157,0,0,0,0
zc,WS301,2012-06-06 09:05:05.757,2540.0000,429396,-2,0.0000,4.0000,1,3,空平,B,2539.0000,0.0000,0.0000,0.0000,0.0000,2540.0000,0.0000,0.0000,0.0000,0.0000,26,0,0,0,0,156,0,0,0,0
zc,WS301,2012-06-06 09:05:06.273,2540.0000,429476,80,0.0000,100.0000,90,10,多开,B,2539.0000,0.0000,0.0000,0.0000,0.0000,2540.0000,0.0000,0.0000,0.0000,0.0000,26,0,0,0,0,115,0,0,0,0
zc,WS301,2012-06-06 09:05:07.023,2539.0000,429488,12,0.0000,52.0000,32,20,空开,S,2538.0000,0.0000,0.0000,0.0000,0.0000,2539.0000,0.0000,0.0000,0.0000,0.0000,335,0,0,0,0,29,0,0,0,0
zc,WS301,2012-06-06 09:05:07.570,2538.0000,429600,112,0.0000,130.0000,121,9,空开,S,2538.0000,0.0000,0.0000,0.0000,0.0000,2540.0000,0.0000,0.0000,0.0000,0.0000,331,0,0,0,0,31,0,0,0,0
zc,WS301,2012-06-06 09:05:08.240,2538.0000,429600,0,0.0000,0.0000,0,0,空换,S,2539.0000,0.0000,0.0000,0.0000,0.0000,2540.0000,0.0000,0.0000,0.0000,0.0000,2,0,0,0,0,32,0,0,0,0
zc,WS301,2012-06-06 09:05:08.757,2540.0000,429602,2,0.0000,2.0000,2,0,双开,B,2539.0000,0.0000,0.0000,0.0000,0.0000,2540.0000,0.0000,0.0000,0.0000,0.0000,42,0,0,0,0,34,0,0,0,0
zc,WS301,2012-06-06 09:05:09.490,2540.0000,429632,30,0.0000,32.0000,31,1,多开,B,2539.0000,0.0000,0.0000,0.0000,0.0000,2540.0000,0.0000,0.0000,0.0000,0.0000,92,0,0,0,0,20,0,0,0,0
zc,WS301,2012-06-06 09:05:10.037,2540.0000,429636,4,0.0000,12.0000,8,4,多开,B,2539.0000,0.0000,0.0000,0.0000,0.0000,2540.0000,0.0000,0.0000,0.0000,0.0000,92,0,0,0,0,19,0,0,0,0
zc,WS301,2012-06-06 09:05:11.240,2540.0000,429636,0,0.0000,2.0000,1,1,多换,B,2539.0000,0.0000,0.0000,0.0000,0.0000,2540.0000,0.0000,0.0000,0.0000,0.0000,92,0,0,0,0,18,0,0,0,0
zc,WS301,2012-06-06 09:05:12.007,2540.0000,429634,-2,0.0000,14.0000,6,8,空平,B,2539.0000,0.0000,0.0000,0.0000,0.0000,2540.0000,0.0000,0.0000,0.0000,0.0000,92,0,0,0,0,11,0,0,0,0
zc,WS301,2012-06-06 09:05:13.287,2541.0000,429648,14,0.0000,28.0000,21,7,多开,B,2540.0000,0.0000,0.0000,0.0000,0.0000,2541.0000,0.0000,0.0000,0.0000,0.0000,101,0,0,0,0,121,0,0,0,0
zc,WS301,2012-06-06 09:05:14.007,2540.0000,429648,0,0.0000,24.0000,12,12,空换,S,2540.0000,0.0000,0.0000,0.0000,0.0000,2541.0000,0.0000,0.0000,0.0000,0.0000,95,0,0,0,0,121,0,0,0,0
zc,WS301,2012-06-06 09:05:14.507,2540.0000,429650,2,0.0000,2.0000,2,0,双开,S,2540.0000,0.0000,0.0000,0.0000,0.0000,2541.0000,0.0000,0.0000,0.0000,0.0000,95,0,0,0,0,131,0,0,0,0
zc,WS301,2012-06-06 09:05:15.257,2540.0000,429650,0,0.0000,16.0000,8,8,空换,S,2540.0000,0.0000,0.0000,0.0000,0.0000,2541.0000,0.0000,0.0000,0.0000,0.0000,87,0,0,0,0,131,0,0,0,0
zc,WS301,2012-06-06 09:05:15.990,2540.0000,429650,0,0.0000,0.0000,0,0,空换,S,2540.0000,0.0000,0.0000,0.0000,0.0000,2541.0000,0.0000,0.0000,0.0000,0.0000,187,0,0,0,0,133,0,0,0,0
zc,WS301,2012-06-06 09:05:16.490,2540.0000,429674,24,0.0000,84.0000,54,30,空开,S,2540.0000,0.0000,0.0000,0.0000,0.0000,2541.0000,0.0000,0.0000,0.0000,0.0000,146,0,0,0,0,166,0,0,0,0
zc,WS301,2012-06-06 09:05:17.303,2541.0000,429678,4,0.0000,4.0000,4,0,双开,B,2540.0000,0.0000,0.0000,0.0000,0.0000,2541.0000,0.0000,0.0000,0.0000,0.0000,166,0,0,0,0,164,0,0,0,0
zc,WS301,2012-06-06 09:05:17.960,2540.0000,429678,0,0.0000,82.0000,41,41,空换,S,2540.0000,0.0000,0.0000,0.0000,0.0000,2541.0000,0.0000,0.0000,0.0000,0.0000,664,0,0,0,0,135,0,0,0,0
zc,WS301,2012-06-06 09:05:18.490,2540.0000,429684,6,0.0000,386.0000,196,190,空开,S,2540.0000,0.0000,0.0000,0.0000,0.0000,2542.0000,0.0000,0.0000,0.0000,0.0000,639,0,0,0,0,267,0,0,0,0
zc,WS301,2012-06-06 09:05:19.287,2540.0000,429684,0,0.0000,0.0000,0,0,空换,S,2541.0000,0.0000,0.0000,0.0000,0.0000,2542.0000,0.0000,0.0000,0.0000,0.0000,51,0,0,0,0,267,0,0,0,0
zc,WS301,2012-06-06 09:05:19.757,2540.0000,429684,0,0.0000,0.0000,0,0,空换,S,2541.0000,0.0000,0.0000,0.0000,0.0000,2542.0000,0.0000,0.0000,0.0000,0.0000,101,0,0,0,0,267,0,0,0,0
zc,WS301,2012-06-06 09:05:20.537,2540.0000,429680,-4,0.0000,6.0000,1,5,多平,S,2541.0000,0.0000,0.0000,0.0000,0.0000,2542.0000,0.0000,0.0000,0.0000,0.0000,99,0,0,0,0,267,0,0,0,0
zc,WS301,2012-06-06 09:05:20.990,2541.0000,429674,-6,0.0000,6.0000,0,6,双平,B,2541.0000,0.0000,0.0000,0.0000,0.0000,2542.0000,0.0000,0.0000,0.0000,0.0000,96,0,0,0,0,267,0,0,0,0
zc,WS301,2012-06-06 09:05:21.757,2541.0000,429674,0,0.0000,0.0000,0,0,多换,B,2541.0000,0.0000,0.0000,0.0000,0.0000,2542.0000,0.0000,0.0000,0.0000,0.0000,96,0,0,0,0,262,0,0,0,0
zc,WS301,2012-06-06 09:05:22.303,2541.0000,429674,0,0.0000,0.0000,0,0,多换,B,2541.0000,0.0000,0.0000,0.0000,0.0000,2542.0000,0.0000,0.0000,0.0000,0.0000,97,0,0,0,0,262,0,0,0,0
zc,WS301,2012-06-06 09:05:23.273,2541.0000,429668,-6,0.0000,24.0000,9,15,空平,B,2541.0000,0.0000,0.0000,0.0000,0.0000,2542.0000,0.0000,0.0000,0.0000,0.0000,85,0,0,0,0,262,0,0,0,0
zc,WS301,2012-06-06 09:05:24.037,2541.0000,429658,-10,0.0000,10.0000,0,10,双平,B,2541.0000,0.0000,0.0000,0.0000,0.0000,2542.0000,0.0000,0.0000,0.0000,0.0000,80,0,0,0,0,302,0,0,0,0
zc,WS301,2012-06-06 09:05:24.477,2541.0000,429658,0,0.0000,0.0000,0,0,多换,B,2541.0000,0.0000,0.0000,0.0000,0.0000,2542.0000,0.0000,0.0000,0.0000,0.0000,82,0,0,0,0,302,0,0,0,0
zc,WS301,2012-06-06 09:05:25.240,2541.0000,429658,0,0.0000,0.0000,0,0,多换,B,2541.0000,0.0000,0.0000,0.0000,0.0000,2542.0000,0.0000,0.0000,0.0000,0.0000,83,0,0,0,0,296,0,0,0,0
zc,WS301,2012-06-06 09:05:25.740,2541.0000,429658,0,0.0000,0.0000,0,0,多换,B,2541.0000,0.0000,0.0000,0.0000,0.0000,2542.0000,0.0000,0.0000,0.0000,0.0000,83,0,0,0,0,306,0,0,0,0
zc,WS301,2012-06-06 09:05:26.537,2542.0000,429652,-6,0.0000,8.0000,1,7,空平,B,2541.0000,0.0000,0.0000,0.0000,0.0000,2542.0000,0.0000,0.0000,0.0000,0.0000,80,0,0,0,0,715,0,0,0,0
zc,WS301,2012-06-06 09:05:27.100,2542.0000,430024,372,0.0000,1430.0000,901,529,多开,B,2542.0000,0.0000,0.0000,0.0000,0.0000,2543.0000,0.0000,0.0000,0.0000,0.0000,285,0,0,0,0,418,0,0,0,0
zc,WS301,2012-06-06 09:05:27.757,2542.0000,430030,6,0.0000,46.0000,26,20,多开,B,2542.0000,0.0000,0.0000,0.0000,0.0000,2543.0000,0.0000,0.0000,0.0000,0.0000,262,0,0,0,0,415,0,0,0,0
zc,WS301,2012-06-06 09:05:28.990,2543.0000,430044,14,0.0000,16.0000,15,1,多开,B,2542.0000,0.0000,0.0000,0.0000,0.0000,2543.0000,0.0000,0.0000,0.0000,0.0000,259,0,0,0,0,410,0,0,0,0
zc,WS301,2012-06-06 09:05:29.727,2542.0000,430252,208,0.0000,208.0000,208,0,双开,S,2542.0000,0.0000,0.0000,0.0000,0.0000,2543.0000,0.0000,0.0000,0.0000,0.0000,155,0,0,0,0,476,0,0,0,0
zc,WS301,2012-06-06 09:05:30.227,2543.0000,430252,0,0.0000,80.0000,40,40,多换,B,2542.0000,0.0000,0.0000,0.0000,0.0000,2543.0000,0.0000,0.0000,0.0000,0.0000,205,0,0,0,0,436,0,0,0,0
zc,WS301,2012-06-06 09:05:31.053,2542.0000,430258,6,0.0000,10.0000,8,2,空开,S,2542.0000,0.0000,0.0000,0.0000,0.0000,2543.0000,0.0000,0.0000,0.0000,0.0000,200,0,0,0,0,433,0,0,0,0
zc,WS301,2012-06-06 09:05:31.553,2543.0000,430234,-24,0.0000,112.0000,44,68,空平,B,2542.0000,0.0000,0.0000,0.0000,0.0000,2543.0000,0.0000,0.0000,0.0000,0.0000,200,0,0,0,0,377,0,0,0,0
