市场代码,合约代码,时间,最新,持仓,增仓,成交额,成交量,开仓,平仓,成交类型,方向,买一价,买二价,买三价,买四价,买五价,卖一价,卖二价,卖三价,卖四价,卖五价,买一量,买二量,买三量,买四量,买五量,卖一量,卖二量,卖三量,卖四量,卖五量
zc,TA209,2012-06-28 07:49:44.683,0.0000,431140,0,0.0000,0.0000,0,0,空换,S,0.0000,0.0000,0.0000,0.0000,0.0000,0.0000,0.0000,0.0000,0.0000,0.0000,0,0,0,0,0,0,0,0,0,0
zc,TA209,2012-06-28 07:54:44.683,0.0000,431140,0,0.0000,0.0000,0,0,空换,S,0.0000,0.0000,0.0000,0.0000,0.0000,0.0000,0.0000,0.0000,0.0000,0.0000,0,0,0,0,0,0,0,0,0,0
zc,TA209,2012-06-28 07:56:44.683,0.0000,431140,0,0.0000,0.0000,0,0,空换,S,0.0000,0.0000,0.0000,0.0000,0.0000,0.0000,0.0000,0.0000,0.0000,0.0000,0,0,0,0,0,0,0,0,0,0
zc,TA209,2012-06-28 08:00:44.683,0.0000,431140,0,0.0000,0.0000,0,0,空换,S,0.0000,0.0000,0.0000,0.0000,0.0000,0.0000,0.0000,0.0000,0.0000,0.0000,0,0,0,0,0,0,0,0,0,0
zc,TA209,2012-06-28 08:12:46.307,0.0000,431140,0,0.0000,0.0000,0,0,空换,S,0.0000,0.0000,0.0000,0.0000,0.0000,0.0000,0.0000,0.0000,0.0000,0.0000,0,0,0,0,0,0,0,0,0,0
zc,TA209,2012-06-28 08:27:46.307,0.0000,431140,0,0.0000,0.0000,0,0,空换,S,0.0000,0.0000,0.0000,0.0000,0.0000,0.0000,0.0000,0.0000,0.0000,0.0000,0,0,0,0,0,0,0,0,0,0
zc,TA209,2012-06-28 08:40:46.323,0.0000,431140,0,0.0000,0.0000,0,0,空换,S,0.0000,0.0000,0.0000,0.0000,0.0000,0.0000,0.0000,0.0000,0.0000,0.0000,0,0,0,0,0,0,0,0,0,0
zc,TA209,2012-06-28 08:51:46.307,0.0000,431140,0,0.0000,0.0000,0,0,空换,S,0.0000,0.0000,0.0000,0.0000,0.0000,0.0000,0.0000,0.0000,0.0000,0.0000,0,0,0,0,0,0,0,0,0,0
zc,TA209,2012-06-28 08:55:02.323,0.0000,431140,0,0.0000,0.0000,0,0,空换,S,0.0000,0.0000,0.0000,0.0000,0.0000,0.0000,0.0000,0.0000,0.0000,0.0000,0,0,0,0,0,0,0,0,0,0
zc,TA209,2012-06-28 08:55:03.543,0.0000,431140,0,0.0000,0.0000,0,0,空换,S,0.0000,0.0000,0.0000,0.0000,0.0000,0.0000,0.0000,0.0000,0.0000,0.0000,0,0,0,0,0,0,0,0,0,0
zc,TA209,2012-06-28 08:55:04.793,0.0000,431140,0,0.0000,0.0000,0,0,空换,S,0.0000,0.0000,0.0000,0.0000,0.0000,0.0000,0.0000,0.0000,0.0000,0.0000,0,0,0,0,0,0,0,0,0,0
zc,TA209,2012-06-28 08:55:05.043,0.0000,431140,0,0.0000,0.0000,0,0,空换,S,0.0000,0.0000,0.0000,0.0000,0.0000,0.0000,0.0000,0.0000,0.0000,0.0000,0,0,0,0,0,0,0,0,0,0
zc,TA209,2012-06-28 08:55:05.807,0.0000,431140,0,0.0000,0.0000,0,0,空换,S,0.0000,0.0000,0.0000,0.0000,0.0000,0.0000,0.0000,0.0000,0.0000,0.0000,0,0,0,0,0,0,0,0,0,0
zc,TA209,2012-06-28 08:55:06.293,0.0000,431140,0,0.0000,0.0000,0,0,空换,S,0.0000,0.0000,0.0000,0.0000,0.0000,0.0000,0.0000,0.0000,0.0000,0.0000,0,0,0,0,0,0,0,0,0,0
zc,TA209,2012-06-28 08:55:15.043,0.0000,431140,0,0.0000,0.0000,0,0,空换,S,0.0000,0.0000,0.0000,0.0000,0.0000,0.0000,0.0000,0.0000,0.0000,0.0000,0,0,0,0,0,0,0,0,0,0
zc,TA209,2012-06-28 08:55:22.043,0.0000,431140,0,0.0000,0.0000,0,0,空换,S,0.0000,0.0000,0.0000,0.0000,0.0000,0.0000,0.0000,0.0000,0.0000,0.0000,0,0,0,0,0,0,0,0,0,0
zc,TA209,2012-06-28 08:55:36.807,0.0000,431140,0,0.0000,0.0000,0,0,空换,S,0.0000,0.0000,0.0000,0.0000,0.0000,0.0000,0.0000,0.0000,0.0000,0.0000,0,0,0,0,0,0,0,0,0,0
zc,TA209,2012-06-28 08:55:39.043,0.0000,431140,0,0.0000,0.0000,0,0,空换,S,0.0000,0.0000,0.0000,0.0000,0.0000,0.0000,0.0000,0.0000,0.0000,0.0000,0,0,0,0,0,0,0,0,0,0
zc,TA209,2012-06-28 08:55:41.043,0.0000,431140,0,0.0000,0.0000,0,0,空换,S,0.0000,0.0000,0.0000,0.0000,0.0000,0.0000,0.0000,0.0000,0.0000,0.0000,0,0,0,0,0,0,0,0,0,0
zc,TA209,2012-06-28 08:55:42.793,0.0000,431140,0,0.0000,0.0000,0,0,空换,S,0.0000,0.0000,0.0000,0.0000,0.0000,0.0000,0.0000,0.0000,0.0000,0.0000,0,0,0,0,0,0,0,0,0,0
zc,TA209,2012-06-28 08:55:46.307,0.0000,431140,0,0.0000,0.0000,0,0,空换,S,0.0000,0.0000,0.0000,0.0000,0.0000,0.0000,0.0000,0.0000,0.0000,0.0000,0,0,0,0,0,0,0,0,0,0
zc,TA209,2012-06-28 08:55:52.043,0.0000,431140,0,0.0000,0.0000,0,0,空换,S,0.0000,0.0000,0.0000,0.0000,0.0000,0.0000,0.0000,0.0000,0.0000,0.0000,0,0,0,0,0,0,0,0,0,0
zc,TA209,2012-06-28 08:55:54.043,0.0000,431140,0,0.0000,0.0000,0,0,空换,S,0.0000,0.0000,0.0000,0.0000,0.0000,0.0000,0.0000,0.0000,0.0000,0.0000,0,0,0,0,0,0,0,0,0,0
zc,TA209,2012-06-28 08:55:58.543,0.0000,431140,0,0.0000,0.0000,0,0,空换,S,0.0000,0.0000,0.0000,0.0000,0.0000,0.0000,0.0000,0.0000,0.0000,0.0000,0,0,0,0,0,0,0,0,0,0
zc,TA209,2012-06-28 08:56:07.793,0.0000,431140,0,0.0000,0.0000,0,0,空换,S,0.0000,0.0000,0.0000,0.0000,0.0000,0.0000,0.0000,0.0000,0.0000,0.0000,0,0,0,0,0,0,0,0,0,0
zc,TA209,2012-06-28 08:56:08.793,0.0000,431140,0,0.0000,0.0000,0,0,空换,S,0.0000,0.0000,0.0000,0.0000,0.0000,0.0000,0.0000,0.0000,0.0000,0.0000,0,0,0,0,0,0,0,0,0,0
zc,TA209,2012-06-28 08:56:10.543,0.0000,431140,0,0.0000,0.0000,0,0,空换,S,0.0000,0.0000,0.0000,0.0000,0.0000,0.0000,0.0000,0.0000,0.0000,0.0000,0,0,0,0,0,0,0,0,0,0
zc,TA209,2012-06-28 08:59:01.980,7150.0000,430340,-800,0.0000,3098.0000,1149,1949,空平,B,7148.0000,0.0000,0.0000,0.0000,0.0000,7150.0000,0.0000,0.0000,0.0000,0.0000,5,0,0,0,0,898,0,0,0,0
zc,TA209,2012-06-28 09:00:02.433,7150.0000,430086,-254,0.0000,1198.0000,472,726,空平,B,7148.0000,0.0000,0.0000,0.0000,0.0000,7150.0000,0.0000,0.0000,0.0000,0.0000,1,0,0,0,0,726,0,0,0,0
zc,TA209,2012-06-28 09:00:03.730,7158.0000,429604,-482,0.0000,2300.0000,909,1391,空平,B,7154.0000,0.0000,0.0000,0.0000,0.0000,7158.0000,0.0000,0.0000,0.0000,0.0000,40,0,0,0,0,47,0,0,0,0
zc,TA209,2012-06-28 09:00:05.217,7158.0000,429346,-258,0.0000,1742.0000,742,1000,空平,B,7158.0000,0.0000,0.0000,0.0000,0.0000,7160.0000,0.0000,0.0000,0.0000,0.0000,5,0,0,0,0,646,0,0,0,0
zc,TA209,2012-06-28 09:00:05.683,7160.0000,429188,-158,0.0000,376.0000,109,267,空平,B,7154.0000,0.0000,0.0000,0.0000,0.0000,7160.0000,0.0000,0.0000,0.0000,0.0000,72,0,0,0,0,501,0,0,0,0
zc,TA209,2012-06-28 09:00:06.933,7160.0000,428250,-938,0.0000,2998.0000,1030,1968,空平,B,7158.0000,0.0000,0.0000,0.0000,0.0000,7160.0000,0.0000,0.0000,0.0000,0.0000,4,0,0,0,0,113,0,0,0,0
zc,TA209,2012-06-28 09:00:07.433,7158.0000,428206,-44,0.0000,286.0000,121,165,多平,S,7156.0000,0.0000,0.0000,0.0000,0.0000,7158.0000,0.0000,0.0000,0.0000,0.0000,5,0,0,0,0,36,0,0,0,0
zc,TA209,2012-06-28 09:00:08.137,7156.0000,428238,32,0.0000,322.0000,177,145,空开,S,7156.0000,0.0000,0.0000,0.0000,0.0000,7160.0000,0.0000,0.0000,0.0000,0.0000,21,0,0,0,0,40,0,0,0,0
zc,TA209,2012-06-28 09:00:08.387,7160.0000,428132,-106,0.0000,168.0000,31,137,空平,B,7160.0000,0.0000,0.0000,0.0000,0.0000,7162.0000,0.0000,0.0000,0.0000,0.0000,200,0,0,0,0,61,0,0,0,0
zc,TA209,2012-06-28 09:00:09.387,7164.0000,428088,-44,0.0000,316.0000,136,180,空平,B,7160.0000,0.0000,0.0000,0.0000,0.0000,7164.0000,0.0000,0.0000,0.0000,0.0000,156,0,0,0,0,7,0,0,0,0
zc,TA209,2012-06-28 09:00:09.903,7160.0000,428006,-82,0.0000,492.0000,205,287,多平,S,7158.0000,0.0000,0.0000,0.0000,0.0000,7160.0000,0.0000,0.0000,0.0000,0.0000,55,0,0,0,0,51,0,0,0,0
zc,TA209,2012-06-28 09:00:10.653,7166.0000,427966,-40,0.0000,152.0000,56,96,空平,B,7164.0000,0.0000,0.0000,0.0000,0.0000,7166.0000,0.0000,0.0000,0.0000,0.0000,19,0,0,0,0,23,0,0,0,0
zc,TA209,2012-06-28 09:00:10.903,7164.0000,427914,-52,0.0000,118.0000,33,85,多平,S,7162.0000,0.0000,0.0000,0.0000,0.0000,7166.0000,0.0000,0.0000,0.0000,0.0000,85,0,0,0,0,250,0,0,0,0
zc,TA209,2012-06-28 09:00:11.667,7162.0000,427908,-6,0.0000,270.0000,132,138,多平,S,7162.0000,0.0000,0.0000,0.0000,0.0000,7164.0000,0.0000,0.0000,0.0000,0.0000,13,0,0,0,0,26,0,0,0,0
zc,TA209,2012-06-28 09:00:12.403,7162.0000,427814,-94,0.0000,220.0000,63,157,多平,S,7160.0000,0.0000,0.0000,0.0000,0.0000,7162.0000,0.0000,0.0000,0.0000,0.0000,65,0,0,0,0,2,0,0,0,0
zc,TA209,2012-06-28 09:00:13.107,7160.0000,427892,78,0.0000,376.0000,227,149,空开,S,7158.0000,0.0000,0.0000,0.0000,0.0000,7160.0000,0.0000,0.0000,0.0000,0.0000,76,0,0,0,0,83,0,0,0,0
zc,TA209,2012-06-28 09:00:13.620,7158.0000,427938,46,0.0000,134.0000,90,44,空开,S,7158.0000,0.0000,0.0000,0.0000,0.0000,7160.0000,0.0000,0.0000,0.0000,0.0000,65,0,0,0,0,246,0,0,0,0
zc,TA209,2012-06-28 09:00:14.637,7158.0000,427976,38,0.0000,150.0000,94,56,空开,S,7158.0000,0.0000,0.0000,0.0000,0.0000,7160.0000,0.0000,0.0000,0.0000,0.0000,20,0,0,0,0,212,0,0,0,0
zc,TA209,2012-06-28 09:00:15.167,7158.0000,427928,-48,0.0000,204.0000,78,126,多平,S,7156.0000,0.0000,0.0000,0.0000,0.0000,7158.0000,0.0000,0.0000,0.0000,0.0000,39,0,0,0,0,46,0,0,0,0
zc,TA209,2012-06-28 09:00:16.153,7156.0000,427948,20,0.0000,178.0000,99,79,空开,S,7156.0000,0.0000,0.0000,0.0000,0.0000,7158.0000,0.0000,0.0000,0.0000,0.0000,29,0,0,0,0,127,0,0,0,0
zc,TA209,2012-06-28 09:00:16.667,7158.0000,427904,-44,0.0000,160.0000,58,102,空平,B,7156.0000,0.0000,0.0000,0.0000,0.0000,7158.0000,0.0000,0.0000,0.0000,0.0000,34,0,0,0,0,160,0,0,0,0
zc,TA209,2012-06-28 09:00:17.137,7154.0000,427914,10,0.0000,116.0000,63,53,空开,S,7154.0000,0.0000,0.0000,0.0000,0.0000,7158.0000,0.0000,0.0000,0.0000,0.0000,8,0,0,0,0,169,0,0,0,0
zc,TA209,2012-06-28 09:00:17.903,7154.0000,427924,10,0.0000,84.0000,47,37,空开,S,7154.0000,0.0000,0.0000,0.0000,0.0000,7156.0000,0.0000,0.0000,0.0000,0.0000,5,0,0,0,0,20,0,0,0,0
zc,TA209,2012-06-28 09:00:18.637,7154.0000,427936,12,0.0000,92.0000,52,40,空开,S,7154.0000,0.0000,0.0000,0.0000,0.0000,7156.0000,0.0000,0.0000,0.0000,0.0000,45,0,0,0,0,46,0,0,0,0
zc,TA209,2012-06-28 09:00:19.137,7154.0000,427876,-60,0.0000,142.0000,41,101,多平,S,7152.0000,0.0000,0.0000,0.0000,0.0000,7154.0000,0.0000,0.0000,0.0000,0.0000,4,0,0,0,0,17,0,0,0,0
zc,TA209,2012-06-28 09:00:20.417,7154.0000,427728,-148,0.0000,288.0000,70,218,多平,S,7150.0000,0.0000,0.0000,0.0000,0.0000,7152.0000,0.0000,0.0000,0.0000,0.0000,26,0,0,0,0,101,0,0,0,0
zc,TA209,2012-06-28 09:00:21.120,7150.0000,427658,-70,0.0000,508.0000,219,289,多平,S,7148.0000,0.0000,0.0000,0.0000,0.0000,7150.0000,0.0000,0.0000,0.0000,0.0000,53,0,0,0,0,28,0,0,0,0
zc,TA209,2012-06-28 09:00:21.403,7150.0000,427634,-24,0.0000,42.0000,9,33,多平,S,7148.0000,0.0000,0.0000,0.0000,0.0000,7150.0000,0.0000,0.0000,0.0000,0.0000,48,0,0,0,0,51,0,0,0,0
zc,TA209,2012-06-28 09:00:22.137,7150.0000,427634,0,0.0000,134.0000,67,67,空换,S,7148.0000,0.0000,0.0000,0.0000,0.0000,7150.0000,0.0000,0.0000,0.0000,0.0000,10,0,0,0,0,87,0,0,0,0
zc,TA209,2012-06-28 09:00:23.153,7150.0000,427664,30,0.0000,120.0000,75,45,空开,S,7150.0000,0.0000,0.0000,0.0000,0.0000,7152.0000,0.0000,0.0000,0.0000,0.0000,197,0,0,0,0,23,0,0,0,0
zc,TA209,2012-06-28 09:00:23.857,7152.0000,427592,-72,0.0000,108.0000,18,90,空平,B,7152.0000,0.0000,0.0000,0.0000,0.0000,7154.0000,0.0000,0.0000,0.0000,0.0000,201,0,0,0,0,121,0,0,0,0
zc,TA209,2012-06-28 09:00:24.370,7152.0000,427554,-38,0.0000,54.0000,8,46,空平,B,7152.0000,0.0000,0.0000,0.0000,0.0000,7154.0000,0.0000,0.0000,0.0000,0.0000,178,0,0,0,0,122,0,0,0,0
zc,TA209,2012-06-28 09:00:25.107,7148.0000,427214,-340,0.0000,1424.0000,542,882,多平,S,7146.0000,0.0000,0.0000,0.0000,0.0000,7148.0000,0.0000,0.0000,0.0000,0.0000,59,0,0,0,0,346,0,0,0,0
zc,TA209,2012-06-28 09:00:25.667,7148.0000,427182,-32,0.0000,230.0000,99,131,多平,S,7146.0000,0.0000,0.0000,0.0000,0.0000,7148.0000,0.0000,0.0000,0.0000,0.0000,40,0,0,0,0,254,0,0,0,0
zc,TA209,2012-06-28 09:00:26.637,7146.0000,427106,-76,0.0000,280.0000,102,178,多平,S,7144.0000,0.0000,0.0000,0.0000,0.0000,7146.0000,0.0000,0.0000,0.0000,0.0000,112,0,0,0,0,146,0,0,0,0
zc,TA209,2012-06-28 09:00:27.167,7146.0000,427192,86,0.0000,98.0000,92,6,空开,S,7144.0000,0.0000,0.0000,0.0000,0.0000,7146.0000,0.0000,0.0000,0.0000,0.0000,124,0,0,0,0,110,0,0,0,0
zc,TA209,2012-06-28 09:00:27.607,7144.0000,427216,24,0.0000,34.0000,29,5,空开,S,7144.0000,0.0000,0.0000,0.0000,0.0000,7146.0000,0.0000,0.0000,0.0000,0.0000,114,0,0,0,0,155,0,0,0,0
zc,TA209,2012-06-28 09:00:28.467,7146.0000,427326,110,0.0000,352.0000,231,121,多开,B,7142.0000,0.0000,0.0000,0.0000,0.0000,7144.0000,0.0000,0.0000,0.0000,0.0000,25,0,0,0,0,1,0,0,0,0
zc,TA209,2012-06-28 09:00:29.153,7142.0000,427478,152,0.0000,248.0000,200,48,空开,S,7142.0000,0.0000,0.0000,0.0000,0.0000,7144.0000,0.0000,0.0000,0.0000,0.0000,45,0,0,0,0,3,0,0,0,0
zc,TA209,2012-06-28 09:00:29.903,7146.0000,427488,10,0.0000,52.0000,31,21,多开,B,7144.0000,0.0000,0.0000,0.0000,0.0000,7146.0000,0.0000,0.0000,0.0000,0.0000,21,0,0,0,0,27,0,0,0,0
zc,TA209,2012-06-28 09:00:30.637,7144.0000,427492,4,0.0000,390.0000,197,193,空开,S,7144.0000,0.0000,0.0000,0.0000,0.0000,7148.0000,0.0000,0.0000,0.0000,0.0000,60,0,0,0,0,82,0,0,0,0
zc,TA209,2012-06-28 09:00:31.137,7142.0000,427680,188,0.0000,278.0000,233,45,空开,S,7142.0000,0.0000,0.0000,0.0000,0.0000,7144.0000,0.0000,0.0000,0.0000,0.0000,7,0,0,0,0,1,0,0,0,0
zc,TA209,2012-06-28 09:00:31.857,7146.0000,427724,44,0.0000,72.0000,58,14,多开,B,7142.0000,0.0000,0.0000,0.0000,0.0000,7144.0000,0.0000,0.0000,0.0000,0.0000,10,0,0,0,0,20,0,0,0,0
zc,TA209,2012-06-28 09:00:32.653,7148.0000,427746,22,0.0000,88.0000,55,33,多开,B,7146.0000,0.0000,0.0000,0.0000,0.0000,7148.0000,0.0000,0.0000,0.0000,0.0000,9,0,0,0,0,65,0,0,0,0
zc,TA209,2012-06-28 09:00:33.153,7148.0000,427816,70,0.0000,104.0000,87,17,多开,B,7144.0000,0.0000,0.0000,0.0000,0.0000,7148.0000,0.0000,0.0000,0.0000,0.0000,19,0,0,0,0,64,0,0,0,0
zc,TA209,2012-06-28 09:00:33.903,7144.0000,427778,-38,0.0000,544.0000,253,291,多平,S,7142.0000,0.0000,0.0000,0.0000,0.0000,7144.0000,0.0000,0.0000,0.0000,0.0000,1,0,0,0,0,745,0,0,0,0
zc,TA209,2012-06-28 09:00:34.620,7144.0000,427800,22,0.0000,42.0000,32,10,空开,S,7142.0000,0.0000,0.0000,0.0000,0.0000,7144.0000,0.0000,0.0000,0.0000,0.0000,10,0,0,0,0,736,0,0,0,0
zc,TA209,2012-06-28 09:00:35.153,7140.0000,427694,-106,0.0000,322.0000,108,214,多平,S,7138.0000,0.0000,0.0000,0.0000,0.0000,7140.0000,0.0000,0.0000,0.0000,0.0000,122,0,0,0,0,85,0,0,0,0
zc,TA209,2012-06-28 09:00:35.870,7142.0000,427736,42,0.0000,254.0000,148,106,多开,B,7138.0000,0.0000,0.0000,0.0000,0.0000,7140.0000,0.0000,0.0000,0.0000,0.0000,105,0,0,0,0,6,0,0,0,0
zc,TA209,2012-06-28 09:00:36.387,7140.0000,427740,4,0.0000,84.0000,44,40,空开,S,7140.0000,0.0000,0.0000,0.0000,0.0000,7142.0000,0.0000,0.0000,0.0000,0.0000,7,0,0,0,0,60,0,0,0,0
zc,TA209,2012-06-28 09:00:37.137,7140.0000,427736,-4,0.0000,36.0000,16,20,多平,S,7140.0000,0.0000,0.0000,0.0000,0.0000,7142.0000,0.0000,0.0000,0.0000,0.0000,508,0,0,0,0,49,0,0,0,0
zc,TA209,2012-06-28 09:00:37.607,7142.0000,427622,-114,0.0000,168.0000,27,141,空平,B,7142.0000,0.0000,0.0000,0.0000,0.0000,7144.0000,0.0000,0.0000,0.0000,0.0000,188,0,0,0,0,739,0,0,0,0
zc,TA209,2012-06-28 09:00:38.387,7142.0000,427584,-38,0.0000,50.0000,6,44,空平,B,7142.0000,0.0000,0.0000,0.0000,0.0000,7144.0000,0.0000,0.0000,0.0000,0.0000,257,0,0,0,0,742,0,0,0,0
zc,TA209,2012-06-28 09:00:38.917,7144.0000,427544,-40,0.0000,52.0000,6,46,空平,B,7142.0000,0.0000,0.0000,0.0000,0.0000,7144.0000,0.0000,0.0000,0.0000,0.0000,168,0,0,0,0,731,0,0,0,0
zc,TA209,2012-06-28 09:00:39.637,7144.0000,427516,-28,0.0000,158.0000,65,93,空平,B,7142.0000,0.0000,0.0000,0.0000,0.0000,7144.0000,0.0000,0.0000,0.0000,0.0000,157,0,0,0,0,667,0,0,0,0
zc,TA209,2012-06-28 09:00:40.153,7144.0000,427436,-80,0.0000,290.0000,105,185,空平,B,7142.0000,0.0000,0.0000,0.0000,0.0000,7144.0000,0.0000,0.0000,0.0000,0.0000,117,0,0,0,0,569,0,0,0,0
zc,TA209,2012-06-28 09:00:40.870,7142.0000,427428,-8,0.0000,40.0000,16,24,多平,S,7142.0000,0.0000,0.0000,0.0000,0.0000,7144.0000,0.0000,0.0000,0.0000,0.0000,112,0,0,0,0,560,0,0,0,0
zc,TA209,2012-06-28 09:00:41.403,7144.0000,427378,-50,0.0000,58.0000,4,54,空平,B,7142.0000,0.0000,0.0000,0.0000,0.0000,7144.0000,0.0000,0.0000,0.0000,0.0000,241,0,0,0,0,533,0,0,0,0
zc,TA209,2012-06-28 09:00:41.903,7142.0000,427368,-10,0.0000,60.0000,25,35,多平,S,7142.0000,0.0000,0.0000,0.0000,0.0000,7144.0000,0.0000,0.0000,0.0000,0.0000,240,0,0,0,0,509,0,0,0,0
zc,TA209,2012-06-28 09:00:42.637,7142.0000,427890,522,0.0000,612.0000,567,45,空开,S,7140.0000,0.0000,0.0000,0.0000,0.0000,7142.0000,0.0000,0.0000,0.0000,0.0000,690,0,0,0,0,8,0,0,0,0
zc,TA209,2012-06-28 09:00:43.417,7144.0000,427888,-2,0.0000,32.0000,15,17,空平,B,7142.0000,0.0000,0.0000,0.0000,0.0000,7144.0000,0.0000,0.0000,0.0000,0.0000,1,0,0,0,0,512,0,0,0,0
zc,TA209,2012-06-28 09:00:43.870,7142.0000,427916,28,0.0000,64.0000,46,18,空开,S,7140.0000,0.0000,0.0000,0.0000,0.0000,7142.0000,0.0000,0.0000,0.0000,0.0000,748,0,0,0,0,32,0,0,0,0
zc,TA209,2012-06-28 09:00:44.620,7144.0000,427912,-4,0.0000,630.0000,313,317,空平,B,7142.0000,0.0000,0.0000,0.0000,0.0000,7144.0000,0.0000,0.0000,0.0000,0.0000,5,0,0,0,0,237,0,0,0,0
zc,TA209,2012-06-28 09:00:45.107,7144.0000,427922,10,0.0000,28.0000,19,9,多开,B,7142.0000,0.0000,0.0000,0.0000,0.0000,7144.0000,0.0000,0.0000,0.0000,0.0000,75,0,0,0,0,234,0,0,0,0
zc,TA209,2012-06-28 09:00:45.870,7142.0000,427920,-2,0.0000,88.0000,43,45,多平,S,7142.0000,0.0000,0.0000,0.0000,0.0000,7144.0000,0.0000,0.0000,0.0000,0.0000,171,0,0,0,0,219,0,0,0,0
zc,TA209,2012-06-28 09:00:46.387,7144.0000,427920,0,0.0000,26.0000,13,13,多换,B,7142.0000,0.0000,0.0000,0.0000,0.0000,7144.0000,0.0000,0.0000,0.0000,0.0000,172,0,0,0,0,214,0,0,0,0
zc,TA209,2012-06-28 09:00:47.090,7142.0000,427944,24,0.0000,300.0000,162,138,空开,S,7142.0000,0.0000,0.0000,0.0000,0.0000,7144.0000,0.0000,0.0000,0.0000,0.0000,143,0,0,0,0,144,0,0,0,0
zc,TA209,2012-06-28 09:00:47.590,7144.0000,427994,50,0.0000,282.0000,166,116,多开,B,7142.0000,0.0000,0.0000,0.0000,0.0000,7144.0000,0.0000,0.0000,0.0000,0.0000,120,0,0,0,0,35,0,0,0,0
zc,TA209,2012-06-28 09:00:48.387,7144.0000,428008,14,0.0000,76.0000,45,31,多开,B,7144.0000,0.0000,0.0000,0.0000,0.0000,7146.0000,0.0000,0.0000,0.0000,0.0000,31,0,0,0,0,11,0,0,0,0
zc,TA209,2012-06-28 09:00:48.840,7144.0000,427998,-10,0.0000,62.0000,26,36,空平,B,7144.0000,0.0000,0.0000,0.0000,0.0000,7146.0000,0.0000,0.0000,0.0000,0.0000,160,0,0,0,0,18,0,0,0,0
zc,TA209,2012-06-28 09:00:49.607,7150.0000,427886,-112,0.0000,236.0000,62,174,空平,B,7144.0000,0.0000,0.0000,0.0000,0.0000,7150.0000,0.0000,0.0000,0.0000,0.0000,161,0,0,0,0,35,0,0,0,0
zc,TA209,2012-06-28 09:00:50.370,7144.0000,427958,72,0.0000,82.0000,77,5,空开,S,7146.0000,0.0000,0.0000,0.0000,0.0000,7150.0000,0.0000,0.0000,0.0000,0.0000,17,0,0,0,0,25,0,0,0,0
zc,TA209,2012-06-28 09:00:50.870,7150.0000,427964,6,0.0000,64.0000,35,29,多开,B,7150.0000,0.0000,0.0000,0.0000,0.0000,7152.0000,0.0000,0.0000,0.0000,0.0000,104,0,0,0,0,15,0,0,0,0
zc,TA209,2012-06-28 09:00:51.620,7146.0000,427912,-52,0.0000,630.0000,289,341,多平,S,7150.0000,0.0000,0.0000,0.0000,0.0000,7152.0000,0.0000,0.0000,0.0000,0.0000,21,0,0,0,0,5,0,0,0,0
zc,TA209,2012-06-28 09:00:52.107,7154.0000,427824,-88,0.0000,170.0000,41,129,空平,B,7152.0000,0.0000,0.0000,0.0000,0.0000,7154.0000,0.0000,0.0000,0.0000,0.0000,41,0,0,0,0,61,0,0,0,0
zc,TA209,2012-06-28 09:00:52.917,7148.0000,427764,-60,0.0000,222.0000,81,141,多平,S,7148.0000,0.0000,0.0000,0.0000,0.0000,7150.0000,0.0000,0.0000,0.0000,0.0000,4,0,0,0,0,10,0,0,0,0
zc,TA209,2012-06-28 09:00:53.370,7154.0000,427578,-186,0.0000,206.0000,10,196,空平,B,7154.0000,0.0000,0.0000,0.0000,0.0000,7156.0000,0.0000,0.0000,0.0000,0.0000,106,0,0,0,0,80,0,0,0,0
zc,TA209,2012-06-28 09:00:54.090,7154.0000,427572,-6,0.0000,194.0000,94,100,空平,B,7154.0000,0.0000,0.0000,0.0000,0.0000,7156.0000,0.0000,0.0000,0.0000,0.0000,11,0,0,0,0,83,0,0,0,0
zc,TA209,2012-06-28 09:00:55.120,7156.0000,427496,-76,0.0000,426.0000,175,251,空平,B,7152.0000,0.0000,0.0000,0.0000,0.0000,7156.0000,0.0000,0.0000,0.0000,0.0000,3,0,0,0,0,146,0,0,0,0
zc,TA209,2012-06-28 09:00:55.653,7152.0000,427508,12,0.0000,58.0000,35,23,空开,S,7150.0000,0.0000,0.0000,0.0000,0.0000,7154.0000,0.0000,0.0000,0.0000,0.0000,7,0,0,0,0,206,0,0,0,0
zc,TA209,2012-06-28 09:00:56.107,7154.0000,427534,26,0.0000,54.0000,40,14,多开,B,7150.0000,0.0000,0.0000,0.0000,0.0000,7154.0000,0.0000,0.0000,0.0000,0.0000,23,0,0,0,0,225,0,0,0,0
zc,TA209,2012-06-28 09:00:56.857,7150.0000,427542,8,0.0000,26.0000,17,9,空开,S,7150.0000,0.0000,0.0000,0.0000,0.0000,7152.0000,0.0000,0.0000,0.0000,0.0000,17,0,0,0,0,197,0,0,0,0
zc,TA209,2012-06-28 09:00:57.357,7152.0000,427618,76,0.0000,80.0000,78,2,多开,B,7150.0000,0.0000,0.0000,0.0000,0.0000,7152.0000,0.0000,0.0000,0.0000,0.0000,16,0,0,0,0,192,0,0,0,0
zc,TA209,2012-06-28 09:00:58.153,7152.0000,427724,106,0.0000,110.0000,108,2,多开,B,7150.0000,0.0000,0.0000,0.0000,0.0000,7152.0000,0.0000,0.0000,0.0000,0.0000,11,0,0,0,0,148,0,0,0,0
zc,TA209,2012-06-28 09:00:58.637,7150.0000,427748,24,0.0000,60.0000,42,18,空开,S,7148.0000,0.0000,0.0000,0.0000,0.0000,7150.0000,0.0000,0.0000,0.0000,0.0000,19,0,0,0,0,209,0,0,0,0
zc,TA209,2012-06-28 09:00:59.357,7150.0000,427736,-12,0.0000,104.0000,46,58,多平,S,7148.0000,0.0000,0.0000,0.0000,0.0000,7150.0000,0.0000,0.0000,0.0000,0.0000,24,0,0,0,0,188,0,0,0,0
zc,TA209,2012-06-28 09:01:00.387,7150.0000,427678,-58,0.0000,288.0000,115,173,多平,S,7146.0000,0.0000,0.0000,0.0000,0.0000,7150.0000,0.0000,0.0000,0.0000,0.0000,235,0,0,0,0,95,0,0,0,0
zc,TA209,2012-06-28 09:01:01.153,7150.0000,427680,2,0.0000,46.0000,24,22,空开,S,7148.0000,0.0000,0.0000,0.0000,0.0000,7150.0000,0.0000,0.0000,0.0000,0.0000,11,0,0,0,0,85,0,0,0,0
zc,TA209,2012-06-28 09:01:01.870,7150.0000,427686,6,0.0000,204.0000,105,99,空开,S,7148.0000,0.0000,0.0000,0.0000,0.0000,7150.0000,0.0000,0.0000,0.0000,0.0000,129,0,0,0,0,19,0,0,0,0
zc,TA209,2012-06-28 09:01:02.357,7148.0000,427682,-4,0.0000,82.0000,39,43,多平,S,7148.0000,0.0000,0.0000,0.0000,0.0000,7150.0000,0.0000,0.0000,0.0000,0.0000,103,0,0,0,0,41,0,0,0,0
zc,TA209,2012-06-28 09:01:03.120,7150.0000,427576,-106,0.0000,210.0000,52,158,空平,B,7150.0000,0.0000,0.0000,0.0000,0.0000,7152.0000,0.0000,0.0000,0.0000,0.0000,93,0,0,0,0,156,0,0,0,0
zc,TA209,2012-06-28 09:01:03.637,7148.0000,427804,228,0.0000,576.0000,402,174,空开,S,7146.0000,0.0000,0.0000,0.0000,0.0000,7148.0000,0.0000,0.0000,0.0000,0.0000,243,0,0,0,0,13,0,0,0,0
zc,TA209,2012-06-28 09:01:04.370,7148.0000,427814,10,0.0000,56.0000,33,23,空开,S,7148.0000,0.0000,0.0000,0.0000,0.0000,7150.0000,0.0000,0.0000,0.0000,0.0000,48,0,0,0,0,10,0,0,0,0
zc,TA209,2012-06-28 09:01:04.620,7148.0000,427794,-20,0.0000,34.0000,7,27,多平,S,7148.0000,0.0000,0.0000,0.0000,0.0000,7150.0000,0.0000,0.0000,0.0000,0.0000,147,0,0,0,0,6,0,0,0,0
zc,TA209,2012-06-28 09:01:05.403,7152.0000,427794,0,0.0000,70.0000,35,35,多换,B,7150.0000,0.0000,0.0000,0.0000,0.0000,7152.0000,0.0000,0.0000,0.0000,0.0000,30,0,0,0,0,140,0,0,0,0
zc,TA209,2012-06-28 09:01:06.120,7152.0000,427804,10,0.0000,58.0000,34,24,多开,B,7150.0000,0.0000,0.0000,0.0000,0.0000,7152.0000,0.0000,0.0000,0.0000,0.0000,84,0,0,0,0,111,0,0,0,0
zc,TA209,2012-06-28 09:01:06.637,7150.0000,427860,56,0.0000,82.0000,69,13,空开,S,7150.0000,0.0000,0.0000,0.0000,0.0000,7152.0000,0.0000,0.0000,0.0000,0.0000,67,0,0,0,0,101,0,0,0,0
zc,TA209,2012-06-28 09:01:07.340,7154.0000,428054,194,0.0000,270.0000,232,38,多开,B,7152.0000,0.0000,0.0000,0.0000,0.0000,7154.0000,0.0000,0.0000,0.0000,0.0000,17,0,0,0,0,122,0,0,0,0
zc,TA209,2012-06-28 09:01:07.840,7152.0000,428056,2,0.0000,4.0000,3,1,空开,S,7152.0000,0.0000,0.0000,0.0000,0.0000,7154.0000,0.0000,0.0000,0.0000,0.0000,17,0,0,0,0,122,0,0,0,0
zc,TA209,2012-06-28 09:01:08.607,7154.0000,428098,42,0.0000,74.0000,58,16,多开,B,7152.0000,0.0000,0.0000,0.0000,0.0000,7154.0000,0.0000,0.0000,0.0000,0.0000,18,0,0,0,0,100,0,0,0,0
zc,TA209,2012-06-28 09:01:09.137,7150.0000,428272,174,0.0000,290.0000,232,58,空开,S,7150.0000,0.0000,0.0000,0.0000,0.0000,7154.0000,0.0000,0.0000,0.0000,0.0000,101,0,0,0,0,11,0,0,0,0
zc,TA209,2012-06-28 09:01:09.887,7152.0000,428296,24,0.0000,48.0000,36,12,多开,B,7150.0000,0.0000,0.0000,0.0000,0.0000,7152.0000,0.0000,0.0000,0.0000,0.0000,90,0,0,0,0,9,0,0,0,0
zc,TA209,2012-06-28 09:01:10.073,7154.0000,428336,40,0.0000,100.0000,70,30,多开,B,7154.0000,0.0000,0.0000,0.0000,0.0000,7156.0000,0.0000,0.0000,0.0000,0.0000,53,0,0,0,0,111,0,0,0,0
zc,TA209,2012-06-28 09:01:10.857,7154.0000,428350,14,0.0000,108.0000,61,47,多开,B,7154.0000,0.0000,0.0000,0.0000,0.0000,7156.0000,0.0000,0.0000,0.0000,0.0000,33,0,0,0,0,114,0,0,0,0
zc,TA209,2012-06-28 09:01:11.357,7154.0000,428430,80,0.0000,246.0000,163,83,多开,B,7154.0000,0.0000,0.0000,0.0000,0.0000,7156.0000,0.0000,0.0000,0.0000,0.0000,58,0,0,0,0,45,0,0,0,0
zc,TA209,2012-06-28 09:01:12.073,7156.0000,428404,-26,0.0000,62.0000,18,44,空平,B,7154.0000,0.0000,0.0000,0.0000,0.0000,7156.0000,0.0000,0.0000,0.0000,0.0000,35,0,0,0,0,37,0,0,0,0
zc,TA209,2012-06-28 09:01:12.607,7156.0000,428358,-46,0.0000,104.0000,29,75,空平,B,7154.0000,0.0000,0.0000,0.0000,0.0000,7156.0000,0.0000,0.0000,0.0000,0.0000,11,0,0,0,0,12,0,0,0,0
zc,TA209,2012-06-28 09:01:13.357,7154.0000,428334,-24,0.0000,58.0000,17,41,多平,S,7152.0000,0.0000,0.0000,0.0000,0.0000,7154.0000,0.0000,0.0000,0.0000,0.0000,21,0,0,0,0,10,0,0,0,0
zc,TA209,2012-06-28 09:01:13.857,7150.0000,428230,-104,0.0000,522.0000,209,313,多平,S,7148.0000,0.0000,0.0000,0.0000,0.0000,7150.0000,0.0000,0.0000,0.0000,0.0000,244,0,0,0,0,748,0,0,0,0
zc,TA209,2012-06-28 09:01:14.357,7150.0000,428218,-12,0.0000,90.0000,39,51,多平,S,7148.0000,0.0000,0.0000,0.0000,0.0000,7150.0000,0.0000,0.0000,0.0000,0.0000,244,0,0,0,0,703,0,0,0,0
zc,TA209,2012-06-28 09:01:15.073,7150.0000,428214,-4,0.0000,30.0000,13,17,多平,S,7148.0000,0.0000,0.0000,0.0000,0.0000,7150.0000,0.0000,0.0000,0.0000,0.0000,542,0,0,0,0,688,0,0,0,0
zc,TA209,2012-06-28 09:01:15.637,7152.0000,428214,0,0.0000,1438.0000,719,719,多换,B,7150.0000,0.0000,0.0000,0.0000,0.0000,7152.0000,0.0000,0.0000,0.0000,0.0000,42,0,0,0,0,5,0,0,0,0
zc,TA209,2012-06-28 09:01:16.387,7150.0000,428214,0,0.0000,6.0000,3,3,空换,S,7150.0000,0.0000,0.0000,0.0000,0.0000,7152.0000,0.0000,0.0000,0.0000,0.0000,93,0,0,0,0,6,0,0,0,0
zc,TA209,2012-06-28 09:01:16.903,7152.0000,428216,2,0.0000,54.0000,28,26,多开,B,7152.0000,0.0000,0.0000,0.0000,0.0000,7154.0000,0.0000,0.0000,0.0000,0.0000,68,0,0,0,0,59,0,0,0,0
zc,TA209,2012-06-28 09:01:17.370,7152.0000,428180,-36,0.0000,410.0000,187,223,空平,B,7150.0000,0.0000,0.0000,0.0000,0.0000,7152.0000,0.0000,0.0000,0.0000,0.0000,11,0,0,0,0,4,0,0,0,0
zc,TA209,2012-06-28 09:01:17.887,7154.0000,428190,10,0.0000,28.0000,19,9,多开,B,7152.0000,0.0000,0.0000,0.0000,0.0000,7154.0000,0.0000,0.0000,0.0000,0.0000,20,0,0,0,0,49,0,0,0,0
zc,TA209,2012-06-28 09:01:18.870,7154.0000,428194,4,0.0000,10.0000,7,3,多开,B,7152.0000,0.0000,0.0000,0.0000,0.0000,7154.0000,0.0000,0.0000,0.0000,0.0000,21,0,0,0,0,112,0,0,0,0
zc,TA209,2012-06-28 09:01:19.387,7154.0000,428244,50,0.0000,180.0000,115,65,多开,B,7152.0000,0.0000,0.0000,0.0000,0.0000,7154.0000,0.0000,0.0000,0.0000,0.0000,43,0,0,0,0,32,0,0,0,0
zc,TA209,2012-06-28 09:01:20.107,7154.0000,428236,-8,0.0000,68.0000,30,38,空平,B,7152.0000,0.0000,0.0000,0.0000,0.0000,7154.0000,0.0000,0.0000,0.0000,0.0000,8,0,0,0,0,75,0,0,0,0
zc,TA209,2012-06-28 09:01:20.590,7152.0000,428096,-140,0.0000,370.0000,115,255,多平,S,7150.0000,0.0000,0.0000,0.0000,0.0000,7152.0000,0.0000,0.0000,0.0000,0.0000,20,0,0,0,0,197,0,0,0,0
zc,TA209,2012-06-28 09:01:21.357,7152.0000,428100,4,0.0000,6.0000,5,1,空开,S,7150.0000,0.0000,0.0000,0.0000,0.0000,7152.0000,0.0000,0.0000,0.0000,0.0000,22,0,0,0,0,211,0,0,0,0
zc,TA209,2012-06-28 09:01:21.857,7152.0000,428104,4,0.0000,12.0000,8,4,空开,S,7150.0000,0.0000,0.0000,0.0000,0.0000,7152.0000,0.0000,0.0000,0.0000,0.0000,69,0,0,0,0,222,0,0,0,0
zc,TA209,2012-06-28 09:01:22.357,7152.0000,428154,50,0.0000,60.0000,55,5,空开,S,7150.0000,0.0000,0.0000,0.0000,0.0000,7152.0000,0.0000,0.0000,0.0000,0.0000,81,0,0,0,0,207,0,0,0,0
zc,TA209,2012-06-28 09:01:23.107,7152.0000,428172,18,0.0000,20.0000,19,1,空开,S,7150.0000,0.0000,0.0000,0.0000,0.0000,7152.0000,0.0000,0.0000,0.0000,0.0000,90,0,0,0,0,205,0,0,0,0
zc,TA209,2012-06-28 09:01:23.607,7152.0000,428182,10,0.0000,10.0000,10,0,双开,S,7150.0000,0.0000,0.0000,0.0000,0.0000,7152.0000,0.0000,0.0000,0.0000,0.0000,90,0,0,0,0,199,0,0,0,0
zc,TA209,2012-06-28 09:01:24.370,7152.0000,428220,38,0.0000,40.0000,39,1,空开,S,7150.0000,0.0000,0.0000,0.0000,0.0000,7152.0000,0.0000,0.0000,0.0000,0.0000,141,0,0,0,0,180,0,0,0,0
zc,TA209,2012-06-28 09:01:24.840,7150.0000,428412,192,0.0000,198.0000,195,3,空开,S,7150.0000,0.0000,0.0000,0.0000,0.0000,7152.0000,0.0000,0.0000,0.0000,0.0000,88,0,0,0,0,167,0,0,0,0
zc,TA209,2012-06-28 09:01:25.620,7152.0000,428574,162,0.0000,162.0000,162,0,双开,B,7150.0000,0.0000,0.0000,0.0000,0.0000,7152.0000,0.0000,0.0000,0.0000,0.0000,96,0,0,0,0,87,0,0,0,0
zc,TA209,2012-06-28 09:01:26.107,7152.0000,428556,-18,0.0000,222.0000,102,120,空平,B,7150.0000,0.0000,0.0000,0.0000,0.0000,7152.0000,0.0000,0.0000,0.0000,0.0000,2,0,0,0,0,88,0,0,0,0
zc,TA209,2012-06-28 09:01:26.870,7152.0000,428572,16,0.0000,40.0000,28,12,多开,B,7150.0000,0.0000,0.0000,0.0000,0.0000,7152.0000,0.0000,0.0000,0.0000,0.0000,24,0,0,0,0,144,0,0,0,0
zc,TA209,2012-06-28 09:01:27.357,7152.0000,428576,4,0.0000,26.0000,15,11,多开,B,7150.0000,0.0000,0.0000,0.0000,0.0000,7152.0000,0.0000,0.0000,0.0000,0.0000,23,0,0,0,0,154,0,0,0,0
zc,TA209,2012-06-28 09:01:28.167,7152.0000,428500,-76,0.0000,348.0000,136,212,空平,B,7152.0000,0.0000,0.0000,0.0000,0.0000,7154.0000,0.0000,0.0000,0.0000,0.0000,531,0,0,0,0,196,0,0,0,0
zc,TA209,2012-06-28 09:01:28.573,7152.0000,428484,-16,0.0000,20.0000,2,18,空平,B,7152.0000,0.0000,0.0000,0.0000,0.0000,7154.0000,0.0000,0.0000,0.0000,0.0000,621,0,0,0,0,197,0,0,0,0
zc,TA209,2012-06-28 09:01:29.370,7154.0000,428482,-2,0.0000,2.0000,0,2,双平,B,7152.0000,0.0000,0.0000,0.0000,0.0000,7154.0000,0.0000,0.0000,0.0000,0.0000,627,0,0,0,0,196,0,0,0,0
zc,TA209,2012-06-28 09:01:29.653,7152.0000,428484,2,0.0000,26.0000,14,12,空开,S,7152.0000,0.0000,0.0000,0.0000,0.0000,7154.0000,0.0000,0.0000,0.0000,0.0000,617,0,0,0,0,202,0,0,0,0
zc,TA209,2012-06-28 09:01:30.323,7152.0000,428398,-86,0.0000,204.0000,59,145,多平,S,7152.0000,0.0000,0.0000,0.0000,0.0000,7154.0000,0.0000,0.0000,0.0000,0.0000,621,0,0,0,0,102,0,0,0,0
zc,TA209,2012-06-28 09:01:30.857,7154.0000,428392,-6,0.0000,18.0000,6,12,空平,B,7152.0000,0.0000,0.0000,0.0000,0.0000,7154.0000,0.0000,0.0000,0.0000,0.0000,619,0,0,0,0,147,0,0,0,0
zc,TA209,2012-06-28 09:01:31.653,7154.0000,428386,-6,0.0000,32.0000,13,19,空平,B,7152.0000,0.0000,0.0000,0.0000,0.0000,7154.0000,0.0000,0.0000,0.0000,0.0000,515,0,0,0,0,137,0,0,0,0
zc,TA209,2012-06-28 09:01:32.090,7152.0000,428362,-24,0.0000,26.0000,1,25,多平,S,7152.0000,0.0000,0.0000,0.0000,0.0000,7154.0000,0.0000,0.0000,0.0000,0.0000,518,0,0,0,0,127,0,0,0,0
zc,TA209,2012-06-28 09:01:32.607,7154.0000,428266,-96,0.0000,256.0000,80,176,空平,B,7154.0000,0.0000,0.0000,0.0000,0.0000,7156.0000,0.0000,0.0000,0.0000,0.0000,29,0,0,0,0,94,0,0,0,0
zc,TA209,2012-06-28 09:01:33.323,7154.0000,428270,4,0.0000,28.0000,16,12,多开,B,7154.0000,0.0000,0.0000,0.0000,0.0000,7156.0000,0.0000,0.0000,0.0000,0.0000,63,0,0,0,0,91,0,0,0,0
zc,TA209,2012-06-28 09:01:33.840,7154.0000,428272,2,0.0000,2.0000,2,0,双开,B,7154.0000,0.0000,0.0000,0.0000,0.0000,7156.0000,0.0000,0.0000,0.0000,0.0000,64,0,0,0,0,96,0,0,0,0
zc,TA209,2012-06-28 09:01:34.340,7154.0000,428264,-8,0.0000,48.0000,20,28,空平,B,7154.0000,0.0000,0.0000,0.0000,0.0000,7156.0000,0.0000,0.0000,0.0000,0.0000,61,0,0,0,0,92,0,0,0,0
zc,TA209,2012-06-28 09:01:34.857,7154.0000,428276,12,0.0000,56.0000,34,22,多开,B,7154.0000,0.0000,0.0000,0.0000,0.0000,7156.0000,0.0000,0.0000,0.0000,0.0000,47,0,0,0,0,92,0,0,0,0
zc,TA209,2012-06-28 09:01:35.590,7154.0000,428274,-2,0.0000,100.0000,49,51,空平,B,7154.0000,0.0000,0.0000,0.0000,0.0000,7156.0000,0.0000,0.0000,0.0000,0.0000,1,0,0,0,0,127,0,0,0,0
zc,TA209,2012-06-28 09:01:36.107,7154.0000,428074,-200,0.0000,210.0000,5,205,空平,B,7152.0000,0.0000,0.0000,0.0000,0.0000,7154.0000,0.0000,0.0000,0.0000,0.0000,464,0,0,0,0,1,0,0,0,0
zc,TA209,2012-06-28 09:01:36.857,7154.0000,428142,68,0.0000,240.0000,154,86,多开,B,7152.0000,0.0000,0.0000,0.0000,0.0000,7154.0000,0.0000,0.0000,0.0000,0.0000,464,0,0,0,0,33,0,0,0,0
zc,TA209,2012-06-28 09:01:37.590,7154.0000,428152,10,0.0000,10.0000,10,0,双开,B,7152.0000,0.0000,0.0000,0.0000,0.0000,7154.0000,0.0000,0.0000,0.0000,0.0000,465,0,0,0,0,34,0,0,0,0
zc,TA209,2012-06-28 09:01:38.137,7154.0000,428220,68,0.0000,82.0000,75,7,多开,B,7152.0000,0.0000,0.0000,0.0000,0.0000,7154.0000,0.0000,0.0000,0.0000,0.0000,469,0,0,0,0,96,0,0,0,0
zc,TA209,2012-06-28 09:01:38.590,7152.0000,428284,64,0.0000,72.0000,68,4,空开,S,7152.0000,0.0000,0.0000,0.0000,0.0000,7154.0000,0.0000,0.0000,0.0000,0.0000,467,0,0,0,0,62,0,0,0,0
zc,TA209,2012-06-28 09:01:39.107,7154.0000,428276,-8,0.0000,70.0000,31,39,空平,B,7152.0000,0.0000,0.0000,0.0000,0.0000,7154.0000,0.0000,0.0000,0.0000,0.0000,458,0,0,0,0,40,0,0,0,0
zc,TA209,2012-06-28 09:01:39.870,7154.0000,428220,-56,0.0000,66.0000,5,61,空平,B,7152.0000,0.0000,0.0000,0.0000,0.0000,7154.0000,0.0000,0.0000,0.0000,0.0000,432,0,0,0,0,99,0,0,0,0
zc,TA209,2012-06-28 09:01:40.340,7154.0000,428048,-172,0.0000,188.0000,8,180,空平,B,7152.0000,0.0000,0.0000,0.0000,0.0000,7154.0000,0.0000,0.0000,0.0000,0.0000,363,0,0,0,0,98,0,0,0,0
zc,TA209,2012-06-28 09:01:41.107,7154.0000,427920,-128,0.0000,140.0000,6,134,空平,B,7152.0000,0.0000,0.0000,0.0000,0.0000,7154.0000,0.0000,0.0000,0.0000,0.0000,299,0,0,0,0,100,0,0,0,0
zc,TA209,2012-06-28 09:01:41.323,7154.0000,427942,22,0.0000,46.0000,34,12,多开,B,7152.0000,0.0000,0.0000,0.0000,0.0000,7154.0000,0.0000,0.0000,0.0000,0.0000,289,0,0,0,0,139,0,0,0,0
zc,TA209,2012-06-28 09:01:42.137,7154.0000,428110,168,0.0000,346.0000,257,89,多开,B,7154.0000,0.0000,0.0000,0.0000,0.0000,7156.0000,0.0000,0.0000,0.0000,0.0000,395,0,0,0,0,48,0,0,0,0
zc,TA209,2012-06-28 09:01:42.823,7154.0000,428116,6,0.0000,10.0000,8,2,多开,B,7154.0000,0.0000,0.0000,0.0000,0.0000,7156.0000,0.0000,0.0000,0.0000,0.0000,403,0,0,0,0,53,0,0,0,0
zc,TA209,2012-06-28 09:01:43.340,7154.0000,428122,6,0.0000,120.0000,63,57,多开,B,7154.0000,0.0000,0.0000,0.0000,0.0000,7156.0000,0.0000,0.0000,0.0000,0.0000,348,0,0,0,0,57,0,0,0,0
zc,TA209,2012-06-28 09:01:44.120,7154.0000,428124,2,0.0000,4.0000,3,1,多开,B,7154.0000,0.0000,0.0000,0.0000,0.0000,7156.0000,0.0000,0.0000,0.0000,0.0000,346,0,0,0,0,59,0,0,0,0
zc,TA209,2012-06-28 09:01:44.370,7156.0000,428104,-20,0.0000,40.0000,10,30,空平,B,7154.0000,0.0000,0.0000,0.0000,0.0000,7156.0000,0.0000,0.0000,0.0000,0.0000,369,0,0,0,0,56,0,0,0,0
zc,TA209,2012-06-28 09:01:45.090,7154.0000,428200,96,0.0000,102.0000,99,3,空开,S,7154.0000,0.0000,0.0000,0.0000,0.0000,7156.0000,0.0000,0.0000,0.0000,0.0000,319,0,0,0,0,55,0,0,0,0
zc,TA209,2012-06-28 09:01:45.620,7154.0000,428202,2,0.0000,10.0000,6,4,空开,S,7154.0000,0.0000,0.0000,0.0000,0.0000,7156.0000,0.0000,0.0000,0.0000,0.0000,317,0,0,0,0,53,0,0,0,0
zc,TA209,2012-06-28 09:01:46.417,7154.0000,428206,4,0.0000,56.0000,30,26,空开,S,7154.0000,0.0000,0.0000,0.0000,0.0000,7156.0000,0.0000,0.0000,0.0000,0.0000,293,0,0,0,0,56,0,0,0,0
zc,TA209,2012-06-28 09:01:46.823,7154.0000,428212,6,0.0000,58.0000,32,26,空开,S,7154.0000,0.0000,0.0000,0.0000,0.0000,7156.0000,0.0000,0.0000,0.0000,0.0000,265,0,0,0,0,87,0,0,0,0
zc,TA209,2012-06-28 09:01:47.607,7156.0000,428196,-16,0.0000,186.0000,85,101,空平,B,7156.0000,0.0000,0.0000,0.0000,0.0000,7158.0000,0.0000,0.0000,0.0000,0.0000,38,0,0,0,0,160,0,0,0,0
zc,TA209,2012-06-28 09:01:48.107,7156.0000,428176,-20,0.0000,80.0000,30,50,空平,B,7156.0000,0.0000,0.0000,0.0000,0.0000,7158.0000,0.0000,0.0000,0.0000,0.0000,1,0,0,0,0,161,0,0,0,0
zc,TA209,2012-06-28 09:01:48.607,7158.0000,428204,28,0.0000,88.0000,58,30,多开,B,7154.0000,0.0000,0.0000,0.0000,0.0000,7158.0000,0.0000,0.0000,0.0000,0.0000,276,0,0,0,0,147,0,0,0,0
zc,TA209,2012-06-28 09:01:49.370,7156.0000,428206,2,0.0000,22.0000,12,10,空开,S,7154.0000,0.0000,0.0000,0.0000,0.0000,7156.0000,0.0000,0.0000,0.0000,0.0000,283,0,0,0,0,4,0,0,0,0
zc,TA209,2012-06-28 09:01:50.137,7156.0000,428208,2,0.0000,40.0000,21,19,空开,S,7154.0000,0.0000,0.0000,0.0000,0.0000,7156.0000,0.0000,0.0000,0.0000,0.0000,290,0,0,0,0,19,0,0,0,0
zc,TA209,2012-06-28 09:01:50.637,7156.0000,428202,-6,0.0000,66.0000,30,36,多平,S,7156.0000,0.0000,0.0000,0.0000,0.0000,7158.0000,0.0000,0.0000,0.0000,0.0000,9,0,0,0,0,147,0,0,0,0
zc,TA209,2012-06-28 09:01:51.107,7158.0000,428202,0,0.0000,100.0000,50,50,多换,B,7156.0000,0.0000,0.0000,0.0000,0.0000,7158.0000,0.0000,0.0000,0.0000,0.0000,2,0,0,0,0,128,0,0,0,0
zc,TA209,2012-06-28 09:01:51.857,7156.0000,427852,-350,0.0000,616.0000,133,483,多平,S,7152.0000,0.0000,0.0000,0.0000,0.0000,7154.0000,0.0000,0.0000,0.0000,0.0000,240,0,0,0,0,1,0,0,0,0
zc,TA209,2012-06-28 09:01:52.370,7156.0000,427972,120,0.0000,164.0000,142,22,空开,S,7152.0000,0.0000,0.0000,0.0000,0.0000,7156.0000,0.0000,0.0000,0.0000,0.0000,241,0,0,0,0,63,0,0,0,0
zc,TA209,2012-06-28 09:01:53.357,7154.0000,428002,30,0.0000,70.0000,50,20,空开,S,7152.0000,0.0000,0.0000,0.0000,0.0000,7154.0000,0.0000,0.0000,0.0000,0.0000,240,0,0,0,0,8,0,0,0,0
zc,TA209,2012-06-28 09:01:53.870,7150.0000,427696,-306,0.0000,684.0000,189,495,多平,S,7150.0000,0.0000,0.0000,0.0000,0.0000,7154.0000,0.0000,0.0000,0.0000,0.0000,373,0,0,0,0,24,0,0,0,0
zc,TA209,2012-06-28 09:01:54.607,7154.0000,427692,-4,0.0000,24.0000,10,14,空平,B,7152.0000,0.0000,0.0000,0.0000,0.0000,7154.0000,0.0000,0.0000,0.0000,0.0000,2,0,0,0,0,9,0,0,0,0
zc,TA209,2012-06-28 09:01:55.107,7150.0000,427700,8,0.0000,30.0000,19,11,空开,S,7152.0000,0.0000,0.0000,0.0000,0.0000,7154.0000,0.0000,0.0000,0.0000,0.0000,34,0,0,0,0,185,0,0,0,0
zc,TA209,2012-06-28 09:01:55.590,7152.0000,427696,-4,0.0000,12.0000,4,8,空平,B,7152.0000,0.0000,0.0000,0.0000,0.0000,7154.0000,0.0000,0.0000,0.0000,0.0000,30,0,0,0,0,229,0,0,0,0
zc,TA209,2012-06-28 09:01:56.120,7152.0000,427636,-60,0.0000,80.0000,10,70,空平,B,7150.0000,0.0000,0.0000,0.0000,0.0000,7152.0000,0.0000,0.0000,0.0000,0.0000,373,0,0,0,0,19,0,0,0,0
zc,TA209,2012-06-28 09:01:56.857,7152.0000,427656,20,0.0000,20.0000,20,0,双开,B,7150.0000,0.0000,0.0000,0.0000,0.0000,7152.0000,0.0000,0.0000,0.0000,0.0000,373,0,0,0,0,25,0,0,0,0
zc,TA209,2012-06-28 09:01:57.370,7152.0000,427674,18,0.0000,110.0000,64,46,多开,B,7150.0000,0.0000,0.0000,0.0000,0.0000,7152.0000,0.0000,0.0000,0.0000,0.0000,331,0,0,0,0,13,0,0,0,0
zc,TA209,2012-06-28 09:01:58.090,7152.0000,427680,6,0.0000,26.0000,16,10,多开,B,7152.0000,0.0000,0.0000,0.0000,0.0000,7154.0000,0.0000,0.0000,0.0000,0.0000,8,0,0,0,0,232,0,0,0,0
zc,TA209,2012-06-28 09:01:58.590,7154.0000,427696,16,0.0000,16.0000,16,0,双开,B,7152.0000,0.0000,0.0000,0.0000,0.0000,7154.0000,0.0000,0.0000,0.0000,0.0000,24,0,0,0,0,229,0,0,0,0
zc,TA209,2012-06-28 09:01:59.107,7152.0000,427698,2,0.0000,4.0000,3,1,空开,S,7152.0000,0.0000,0.0000,0.0000,0.0000,7154.0000,0.0000,0.0000,0.0000,0.0000,26,0,0,0,0,232,0,0,0,0
zc,TA209,2012-06-28 09:01:59.870,7154.0000,427706,8,0.0000,12.0000,10,2,多开,B,7152.0000,0.0000,0.0000,0.0000,0.0000,7154.0000,0.0000,0.0000,0.0000,0.0000,32,0,0,0,0,230,0,0,0,0
zc,TA209,2012-06-28 09:02:00.357,7152.0000,427732,26,0.0000,28.0000,27,1,空开,S,7152.0000,0.0000,0.0000,0.0000,0.0000,7154.0000,0.0000,0.0000,0.0000,0.0000,119,0,0,0,0,230,0,0,0,0
zc,TA209,2012-06-28 09:02:01.107,7152.0000,427724,-8,0.0000,210.0000,101,109,多平,S,7152.0000,0.0000,0.0000,0.0000,0.0000,7154.0000,0.0000,0.0000,0.0000,0.0000,55,0,0,0,0,66,0,0,0,0
zc,TA209,2012-06-28 09:02:01.590,7154.0000,427624,-100,0.0000,654.0000,277,377,空平,B,7150.0000,0.0000,0.0000,0.0000,0.0000,7154.0000,0.0000,0.0000,0.0000,0.0000,135,0,0,0,0,42,0,0,0,0
zc,TA209,2012-06-28 09:02:02.370,7152.0000,427624,0,0.0000,8.0000,4,4,空换,S,7150.0000,0.0000,0.0000,0.0000,0.0000,7152.0000,0.0000,0.0000,0.0000,0.0000,133,0,0,0,0,58,0,0,0,0
zc,TA209,2012-06-28 09:02:02.903,7152.0000,427616,-8,0.0000,56.0000,24,32,多平,S,7150.0000,0.0000,0.0000,0.0000,0.0000,7152.0000,0.0000,0.0000,0.0000,0.0000,136,0,0,0,0,35,0,0,0,0
zc,TA209,2012-06-28 09:02:03.590,7152.0000,427678,62,0.0000,124.0000,93,31,空开,S,7150.0000,0.0000,0.0000,0.0000,0.0000,7152.0000,0.0000,0.0000,0.0000,0.0000,88,0,0,0,0,24,0,0,0,0
zc,TA209,2012-06-28 09:02:04.107,7152.0000,427672,-6,0.0000,58.0000,26,32,多平,S,7152.0000,0.0000,0.0000,0.0000,0.0000,7154.0000,0.0000,0.0000,0.0000,0.0000,3,0,0,0,0,48,0,0,0,0
zc,TA209,2012-06-28 09:02:04.870,7150.0000,427672,0,0.0000,72.0000,36,36,空换,S,7150.0000,0.0000,0.0000,0.0000,0.0000,7152.0000,0.0000,0.0000,0.0000,0.0000,67,0,0,0,0,117,0,0,0,0
zc,TA209,2012-06-28 09:02:05.370,7150.0000,427694,22,0.0000,68.0000,45,23,空开,S,7150.0000,0.0000,0.0000,0.0000,0.0000,7152.0000,0.0000,0.0000,0.0000,0.0000,57,0,0,0,0,114,0,0,0,0
zc,TA209,2012-06-28 09:02:06.120,7152.0000,427722,28,0.0000,28.0000,28,0,双开,B,7150.0000,0.0000,0.0000,0.0000,0.0000,7152.0000,0.0000,0.0000,0.0000,0.0000,106,0,0,0,0,124,0,0,0,0
zc,TA209,2012-06-28 09:02:06.573,7150.0000,427720,-2,0.0000,38.0000,18,20,多平,S,7150.0000,0.0000,0.0000,0.0000,0.0000,7152.0000,0.0000,0.0000,0.0000,0.0000,139,0,0,0,0,40,0,0,0,0
zc,TA209,2012-06-28 09:02:07.090,7154.0000,427798,78,0.0000,158.0000,118,40,多开,B,7150.0000,0.0000,0.0000,0.0000,0.0000,7154.0000,0.0000,0.0000,0.0000,0.0000,137,0,0,0,0,52,0,0,0,0
zc,TA209,2012-06-28 09:02:07.620,7152.0000,427840,42,0.0000,84.0000,63,21,空开,S,7150.0000,0.0000,0.0000,0.0000,0.0000,7152.0000,0.0000,0.0000,0.0000,0.0000,112,0,0,0,0,100,0,0,0,0
zc,TA209,2012-06-28 09:02:08.370,7152.0000,427850,10,0.0000,14.0000,12,2,空开,S,7150.0000,0.0000,0.0000,0.0000,0.0000,7152.0000,0.0000,0.0000,0.0000,0.0000,110,0,0,0,0,97,0,0,0,0
zc,TA209,2012-06-28 09:02:09.090,7152.0000,427766,-84,0.0000,228.0000,72,156,多平,S,7150.0000,0.0000,0.0000,0.0000,0.0000,7152.0000,0.0000,0.0000,0.0000,0.0000,49,0,0,0,0,95,0,0,0,0
zc,TA209,2012-06-28 09:02:10.120,7152.0000,427766,0,0.0000,0.0000,0,0,空换,S,7150.0000,0.0000,0.0000,0.0000,0.0000,7152.0000,0.0000,0.0000,0.0000,0.0000,23,0,0,0,0,156,0,0,0,0
zc,TA209,2012-06-28 09:02:10.607,7150.0000,427806,40,0.0000,42.0000,41,1,空开,S,7148.0000,0.0000,0.0000,0.0000,0.0000,7150.0000,0.0000,0.0000,0.0000,0.0000,496,0,0,0,0,83,0,0,0,0
zc,TA209,2012-06-28 09:02:11.417,7150.0000,427968,162,0.0000,172.0000,167,5,空开,S,7148.0000,0.0000,0.0000,0.0000,0.0000,7150.0000,0.0000,0.0000,0.0000,0.0000,483,0,0,0,0,4,0,0,0,0
zc,TA209,2012-06-28 09:02:11.590,7150.0000,427970,2,0.0000,20.0000,11,9,空开,S,7148.0000,0.0000,0.0000,0.0000,0.0000,7150.0000,0.0000,0.0000,0.0000,0.0000,431,0,0,0,0,1,0,0,0,0
zc,TA209,2012-06-28 09:02:12.357,7148.0000,427894,-76,0.0000,124.0000,24,100,多平,S,7148.0000,0.0000,0.0000,0.0000,0.0000,7152.0000,0.0000,0.0000,0.0000,0.0000,371,0,0,0,0,206,0,0,0,0
zc,TA209,2012-06-28 09:02:12.857,7150.0000,427902,8,0.0000,18.0000,13,5,多开,B,7150.0000,0.0000,0.0000,0.0000,0.0000,7152.0000,0.0000,0.0000,0.0000,0.0000,7,0,0,0,0,163,0,0,0,0
zc,TA209,2012-06-28 09:02:13.590,7152.0000,427980,78,0.0000,78.0000,78,0,双开,B,7150.0000,0.0000,0.0000,0.0000,0.0000,7152.0000,0.0000,0.0000,0.0000,0.0000,20,0,0,0,0,88,0,0,0,0
zc,TA209,2012-06-28 09:02:14.323,7150.0000,427968,-12,0.0000,56.0000,22,34,多平,S,7150.0000,0.0000,0.0000,0.0000,0.0000,7152.0000,0.0000,0.0000,0.0000,0.0000,45,0,0,0,0,104,0,0,0,0
zc,TA209,2012-06-28 09:02:14.840,7150.0000,427968,0,0.0000,42.0000,21,21,空换,S,7150.0000,0.0000,0.0000,0.0000,0.0000,7152.0000,0.0000,0.0000,0.0000,0.0000,125,0,0,0,0,153,0,0,0,0
zc,TA209,2012-06-28 09:02:15.573,7152.0000,427922,-46,0.0000,220.0000,87,133,空平,B,7150.0000,0.0000,0.0000,0.0000,0.0000,7152.0000,0.0000,0.0000,0.0000,0.0000,126,0,0,0,0,50,0,0,0,0
zc,TA209,2012-06-28 09:02:15.823,7150.0000,427916,-6,0.0000,26.0000,10,16,多平,S,7150.0000,0.0000,0.0000,0.0000,0.0000,7152.0000,0.0000,0.0000,0.0000,0.0000,113,0,0,0,0,3,0,0,0,0
zc,TA209,2012-06-28 09:02:16.573,7152.0000,427912,-4,0.0000,10.0000,3,7,空平,B,7150.0000,0.0000,0.0000,0.0000,0.0000,7152.0000,0.0000,0.0000,0.0000,0.0000,118,0,0,0,0,8,0,0,0,0
zc,TA209,2012-06-28 09:02:17.120,7154.0000,427940,28,0.0000,74.0000,51,23,多开,B,7150.0000,0.0000,0.0000,0.0000,0.0000,7154.0000,0.0000,0.0000,0.0000,0.0000,107,0,0,0,0,55,0,0,0,0
zc,TA209,2012-06-28 09:02:17.823,7150.0000,427866,-74,0.0000,256.0000,91,165,多平,S,7150.0000,0.0000,0.0000,0.0000,0.0000,7154.0000,0.0000,0.0000,0.0000,0.0000,2,0,0,0,0,46,0,0,0,0
zc,TA209,2012-06-28 09:02:18.120,7150.0000,427866,0,0.0000,4.0000,2,2,空换,S,7148.0000,0.0000,0.0000,0.0000,0.0000,7150.0000,0.0000,0.0000,0.0000,0.0000,408,0,0,0,0,6,0,0,0,0
zc,TA209,2012-06-28 09:02:18.870,7150.0000,427882,16,0.0000,28.0000,22,6,空开,S,7148.0000,0.0000,0.0000,0.0000,0.0000,7150.0000,0.0000,0.0000,0.0000,0.0000,408,0,0,0,0,3,0,0,0,0
zc,TA209,2012-06-28 09:02:19.620,7148.0000,427974,92,0.0000,112.0000,102,10,空开,S,7148.0000,0.0000,0.0000,0.0000,0.0000,7154.0000,0.0000,0.0000,0.0000,0.0000,363,0,0,0,0,46,0,0,0,0
zc,TA209,2012-06-28 09:02:20.403,7156.0000,427524,-450,0.0000,732.0000,141,591,空平,B,7156.0000,0.0000,0.0000,0.0000,0.0000,7158.0000,0.0000,0.0000,0.0000,0.0000,146,0,0,0,0,142,0,0,0,0
zc,TA209,2012-06-28 09:02:20.840,7156.0000,427432,-92,0.0000,164.0000,36,128,空平,B,7156.0000,0.0000,0.0000,0.0000,0.0000,7158.0000,0.0000,0.0000,0.0000,0.0000,64,0,0,0,0,142,0,0,0,0
zc,TA209,2012-06-28 09:02:21.340,7156.0000,427414,-18,0.0000,128.0000,55,73,空平,B,7154.0000,0.0000,0.0000,0.0000,0.0000,7156.0000,0.0000,0.0000,0.0000,0.0000,2,0,0,0,0,91,0,0,0,0
zc,TA209,2012-06-28 09:02:22.120,7154.0000,427414,0,0.0000,2.0000,1,1,空换,S,7154.0000,0.0000,0.0000,0.0000,0.0000,7156.0000,0.0000,0.0000,0.0000,0.0000,1,0,0,0,0,188,0,0,0,0
zc,TA209,2012-06-28 09:02:22.620,7152.0000,427378,-36,0.0000,50.0000,7,43,多平,S,7152.0000,0.0000,0.0000,0.0000,0.0000,7154.0000,0.0000,0.0000,0.0000,0.0000,50,0,0,0,0,8,0,0,0,0
zc,TA209,2012-06-28 09:02:23.340,7152.0000,427376,-2,0.0000,4.0000,1,3,多平,S,7152.0000,0.0000,0.0000,0.0000,0.0000,7154.0000,0.0000,0.0000,0.0000,0.0000,51,0,0,0,0,19,0,0,0,0
zc,TA209,2012-06-28 09:02:23.607,7154.0000,427358,-18,0.0000,56.0000,19,37,空平,B,7152.0000,0.0000,0.0000,0.0000,0.0000,7154.0000,0.0000,0.0000,0.0000,0.0000,34,0,0,0,0,12,0,0,0,0
zc,TA209,2012-06-28 09:02:24.323,7154.0000,427306,-52,0.0000,64.0000,6,58,空平,B,7152.0000,0.0000,0.0000,0.0000,0.0000,7154.0000,0.0000,0.0000,0.0000,0.0000,3,0,0,0,0,20,0,0,0,0
zc,TA209,2012-06-28 09:02:24.857,7152.0000,427304,-2,0.0000,4.0000,1,3,多平,S,7152.0000,0.0000,0.0000,0.0000,0.0000,7154.0000,0.0000,0.0000,0.0000,0.0000,28,0,0,0,0,27,0,0,0,0
zc,TA209,2012-06-28 09:02:25.653,7154.0000,427304,0,0.0000,2.0000,1,1,多换,B,7152.0000,0.0000,0.0000,0.0000,0.0000,7154.0000,0.0000,0.0000,0.0000,0.0000,33,0,0,0,0,27,0,0,0,0
zc,TA209,2012-06-28 09:02:26.107,7154.0000,427304,0,0.0000,16.0000,8,8,多换,B,7152.0000,0.0000,0.0000,0.0000,0.0000,7154.0000,0.0000,0.0000,0.0000,0.0000,33,0,0,0,0,24,0,0,0,0
zc,TA209,2012-06-28 09:02:26.607,7154.0000,427268,-36,0.0000,42.0000,3,39,空平,B,7152.0000,0.0000,0.0000,0.0000,0.0000,7154.0000,0.0000,0.0000,0.0000,0.0000,14,0,0,0,0,24,0,0,0,0
zc,TA209,2012-06-28 09:02:27.323,7154.0000,427268,0,0.0000,4.0000,2,2,多换,B,7152.0000,0.0000,0.0000,0.0000,0.0000,7154.0000,0.0000,0.0000,0.0000,0.0000,13,0,0,0,0,29,0,0,0,0
zc,TA209,2012-06-28 09:02:27.840,7154.0000,427268,0,0.0000,0.0000,0,0,多换,B,7152.0000,0.0000,0.0000,0.0000,0.0000,7154.0000,0.0000,0.0000,0.0000,0.0000,16,0,0,0,0,31,0,0,0,0
zc,TA209,2012-06-28 09:02:28.293,7152.0000,427262,-6,0.0000,12.0000,3,9,多平,S,7152.0000,0.0000,0.0000,0.0000,0.0000,7154.0000,0.0000,0.0000,0.0000,0.0000,10,0,0,0,0,32,0,0,0,0
zc,TA209,2012-06-28 09:02:28.840,7152.0000,427242,-20,0.0000,42.0000,11,31,多平,S,7152.0000,0.0000,0.0000,0.0000,0.0000,7154.0000,0.0000,0.0000,0.0000,0.0000,3,0,0,0,0,43,0,0,0,0
zc,TA209,2012-06-28 09:02:29.573,7152.0000,427236,-6,0.0000,34.0000,14,20,多平,S,7152.0000,0.0000,0.0000,0.0000,0.0000,7154.0000,0.0000,0.0000,0.0000,0.0000,49,0,0,0,0,45,0,0,0,0
zc,TA209,2012-06-28 09:02:30.107,7152.0000,427236,0,0.0000,24.0000,12,12,空换,S,7152.0000,0.0000,0.0000,0.0000,0.0000,7154.0000,0.0000,0.0000,0.0000,0.0000,37,0,0,0,0,66,0,0,0,0
zc,TA209,2012-06-28 09:02:30.557,7152.0000,427256,20,0.0000,86.0000,53,33,空开,S,7152.0000,0.0000,0.0000,0.0000,0.0000,7154.0000,0.0000,0.0000,0.0000,0.0000,29,0,0,0,0,31,0,0,0,0
zc,TA209,2012-06-28 09:02:31.357,7152.0000,427256,0,0.0000,18.0000,9,9,空换,S,7152.0000,0.0000,0.0000,0.0000,0.0000,7154.0000,0.0000,0.0000,0.0000,0.0000,26,0,0,0,0,28,0,0,0,0
zc,TA209,2012-06-28 09:02:31.823,7154.0000,427246,-10,0.0000,30.0000,10,20,空平,B,7152.0000,0.0000,0.0000,0.0000,0.0000,7154.0000,0.0000,0.0000,0.0000,0.0000,17,0,0,0,0,32,0,0,0,0
zc,TA209,2012-06-28 09:02:32.340,7152.0000,427224,-22,0.0000,72.0000,25,47,多平,S,7152.0000,0.0000,0.0000,0.0000,0.0000,7156.0000,0.0000,0.0000,0.0000,0.0000,14,0,0,0,0,121,0,0,0,0
zc,TA209,2012-06-28 09:02:33.120,7152.0000,427218,-6,0.0000,10.0000,2,8,多平,S,7154.0000,0.0000,0.0000,0.0000,0.0000,7156.0000,0.0000,0.0000,0.0000,0.0000,1,0,0,0,0,122,0,0,0,0
zc,TA209,2012-06-28 09:02:33.607,7152.0000,427196,-22,0.0000,36.0000,7,29,多平,S,7152.0000,0.0000,0.0000,0.0000,0.0000,7154.0000,0.0000,0.0000,0.0000,0.0000,4,0,0,0,0,44,0,0,0,0
zc,TA209,2012-06-28 09:02:34.107,7152.0000,427188,-8,0.0000,14.0000,3,11,多平,S,7150.0000,0.0000,0.0000,0.0000,0.0000,7152.0000,0.0000,0.0000,0.0000,0.0000,247,0,0,0,0,1,0,0,0,0
zc,TA209,2012-06-28 09:02:34.870,7152.0000,427190,2,0.0000,2.0000,2,0,双开,S,7150.0000,0.0000,0.0000,0.0000,0.0000,7152.0000,0.0000,0.0000,0.0000,0.0000,249,0,0,0,0,12,0,0,0,0
zc,TA209,2012-06-28 09:02:35.340,7150.0000,427188,-2,0.0000,32.0000,15,17,多平,S,7150.0000,0.0000,0.0000,0.0000,0.0000,7152.0000,0.0000,0.0000,0.0000,0.0000,262,0,0,0,0,2,0,0,0,0
zc,TA209,2012-06-28 09:02:36.120,7150.0000,427196,8,0.0000,10.0000,9,1,空开,S,7150.0000,0.0000,0.0000,0.0000,0.0000,7152.0000,0.0000,0.0000,0.0000,0.0000,261,0,0,0,0,3,0,0,0,0
zc,TA209,2012-06-28 09:02:36.620,7152.0000,427190,-6,0.0000,10.0000,2,8,空平,B,7152.0000,0.0000,0.0000,0.0000,0.0000,7154.0000,0.0000,0.0000,0.0000,0.0000,2,0,0,0,0,26,0,0,0,0
zc,TA209,2012-06-28 09:02:37.137,7152.0000,427192,2,0.0000,16.0000,9,7,多开,B,7150.0000,0.0000,0.0000,0.0000,0.0000,7152.0000,0.0000,0.0000,0.0000,0.0000,277,0,0,0,0,298,0,0,0,0
zc,TA209,2012-06-28 09:02:37.870,7152.0000,427376,184,0.0000,418.0000,301,117,多开,B,7150.0000,0.0000,0.0000,0.0000,0.0000,7152.0000,0.0000,0.0000,0.0000,0.0000,174,0,0,0,0,193,0,0,0,0
zc,TA209,2012-06-28 09:02:38.340,7150.0000,427404,28,0.0000,64.0000,46,18,空开,S,7150.0000,0.0000,0.0000,0.0000,0.0000,7152.0000,0.0000,0.0000,0.0000,0.0000,170,0,0,0,0,168,0,0,0,0
zc,TA209,2012-06-28 09:02:38.887,7152.0000,427404,0,0.0000,8.0000,4,4,多换,B,7150.0000,0.0000,0.0000,0.0000,0.0000,7152.0000,0.0000,0.0000,0.0000,0.0000,169,0,0,0,0,181,0,0,0,0
zc,TA209,2012-06-28 09:02:39.340,7150.0000,427408,4,0.0000,18.0000,11,7,空开,S,7150.0000,0.0000,0.0000,0.0000,0.0000,7152.0000,0.0000,0.0000,0.0000,0.0000,172,0,0,0,0,172,0,0,0,0
zc,TA209,2012-06-28 09:02:40.107,7152.0000,427538,130,0.0000,130.0000,130,0,双开,B,7150.0000,0.0000,0.0000,0.0000,0.0000,7152.0000,0.0000,0.0000,0.0000,0.0000,171,0,0,0,0,104,0,0,0,0
zc,TA209,2012-06-28 09:02:40.857,7152.0000,427546,8,0.0000,8.0000,8,0,双开,B,7150.0000,0.0000,0.0000,0.0000,0.0000,7152.0000,0.0000,0.0000,0.0000,0.0000,173,0,0,0,0,102,0,0,0,0
zc,TA209,2012-06-28 09:02:41.357,7150.0000,427546,0,0.0000,2.0000,1,1,空换,S,7150.0000,0.0000,0.0000,0.0000,0.0000,7152.0000,0.0000,0.0000,0.0000,0.0000,177,0,0,0,0,102,0,0,0,0
zc,TA209,2012-06-28 09:02:41.857,7152.0000,427648,102,0.0000,132.0000,117,15,多开,B,7150.0000,0.0000,0.0000,0.0000,0.0000,7152.0000,0.0000,0.0000,0.0000,0.0000,186,0,0,0,0,77,0,0,0,0
zc,TA209,2012-06-28 09:02:42.620,7150.0000,427648,0,0.0000,42.0000,21,21,空换,S,7150.0000,0.0000,0.0000,0.0000,0.0000,7152.0000,0.0000,0.0000,0.0000,0.0000,166,0,0,0,0,79,0,0,0,0
zc,TA209,2012-06-28 09:02:43.107,7150.0000,427614,-34,0.0000,338.0000,152,186,多平,S,7148.0000,0.0000,0.0000,0.0000,0.0000,7150.0000,0.0000,0.0000,0.0000,0.0000,392,0,0,0,0,316,0,0,0,0
zc,TA209,2012-06-28 09:02:43.620,7150.0000,427614,0,0.0000,10.0000,5,5,空换,S,7148.0000,0.0000,0.0000,0.0000,0.0000,7150.0000,0.0000,0.0000,0.0000,0.0000,393,0,0,0,0,313,0,0,0,0
zc,TA209,2012-06-28 09:02:44.340,7150.0000,427604,-10,0.0000,20.0000,5,15,多平,S,7148.0000,0.0000,0.0000,0.0000,0.0000,7150.0000,0.0000,0.0000,0.0000,0.0000,395,0,0,0,0,303,0,0,0,0
zc,TA209,2012-06-28 09:02:44.823,7150.0000,427600,-4,0.0000,32.0000,14,18,多平,S,7148.0000,0.0000,0.0000,0.0000,0.0000,7150.0000,0.0000,0.0000,0.0000,0.0000,396,0,0,0,0,289,0,0,0,0
zc,TA209,2012-06-28 09:02:45.607,7150.0000,427590,-10,0.0000,12.0000,1,11,多平,S,7148.0000,0.0000,0.0000,0.0000,0.0000,7150.0000,0.0000,0.0000,0.0000,0.0000,396,0,0,0,0,285,0,0,0,0
zc,TA209,2012-06-28 09:02:45.857,7150.0000,427558,-32,0.0000,36.0000,2,34,多平,S,7148.0000,0.0000,0.0000,0.0000,0.0000,7150.0000,0.0000,0.0000,0.0000,0.0000,416,0,0,0,0,278,0,0,0,0
zc,TA209,2012-06-28 09:02:46.590,7148.0000,426832,-726,0.0000,1110.0000,192,918,多平,S,7148.0000,0.0000,0.0000,0.0000,0.0000,7152.0000,0.0000,0.0000,0.0000,0.0000,362,0,0,0,0,1,0,0,0,0
zc,TA209,2012-06-28 09:02:47.090,7150.0000,426840,8,0.0000,8.0000,8,0,双开,B,7148.0000,0.0000,0.0000,0.0000,0.0000,7150.0000,0.0000,0.0000,0.0000,0.0000,362,0,0,0,0,198,0,0,0,0
zc,TA209,2012-06-28 09:02:47.840,7150.0000,426962,122,0.0000,122.0000,122,0,双开,B,7148.0000,0.0000,0.0000,0.0000,0.0000,7150.0000,0.0000,0.0000,0.0000,0.0000,352,0,0,0,0,148,0,0,0,0
zc,TA209,2012-06-28 09:02:48.340,7150.0000,426980,18,0.0000,24.0000,21,3,多开,B,7148.0000,0.0000,0.0000,0.0000,0.0000,7150.0000,0.0000,0.0000,0.0000,0.0000,355,0,0,0,0,137,0,0,0,0
zc,TA209,2012-06-28 09:02:48.857,7150.0000,426980,0,0.0000,0.0000,0,0,多换,B,7148.0000,0.0000,0.0000,0.0000,0.0000,7150.0000,0.0000,0.0000,0.0000,0.0000,352,0,0,0,0,143,0,0,0,0
zc,TA209,2012-06-28 09:02:49.590,7148.0000,427124,144,0.0000,146.0000,145,1,空开,S,7148.0000,0.0000,0.0000,0.0000,0.0000,7150.0000,0.0000,0.0000,0.0000,0.0000,291,0,0,0,0,136,0,0,0,0
zc,TA209,2012-06-28 09:02:49.823,7148.0000,427136,12,0.0000,12.0000,12,0,双开,S,7148.0000,0.0000,0.0000,0.0000,0.0000,7150.0000,0.0000,0.0000,0.0000,0.0000,285,0,0,0,0,136,0,0,0,0
zc,TA209,2012-06-28 09:02:50.590,7148.0000,427578,442,0.0000,562.0000,502,60,空开,S,7146.0000,0.0000,0.0000,0.0000,0.0000,7148.0000,0.0000,0.0000,0.0000,0.0000,224,0,0,0,0,28,0,0,0,0
zc,TA209,2012-06-28 09:02:51.073,7148.0000,427608,30,0.0000,30.0000,30,0,双开,S,7146.0000,0.0000,0.0000,0.0000,0.0000,7148.0000,0.0000,0.0000,0.0000,0.0000,223,0,0,0,0,17,0,0,0,0
zc,TA209,2012-06-28 09:02:51.607,7150.0000,427950,342,0.0000,428.0000,385,43,多开,B,7150.0000,0.0000,0.0000,0.0000,0.0000,7152.0000,0.0000,0.0000,0.0000,0.0000,91,0,0,0,0,31,0,0,0,0
zc,TA209,2012-06-28 09:02:52.340,7150.0000,427964,14,0.0000,28.0000,21,7,多开,B,7150.0000,0.0000,0.0000,0.0000,0.0000,7152.0000,0.0000,0.0000,0.0000,0.0000,77,0,0,0,0,40,0,0,0,0
zc,TA209,2012-06-28 09:02:52.870,7150.0000,427968,4,0.0000,24.0000,14,10,多开,B,7150.0000,0.0000,0.0000,0.0000,0.0000,7152.0000,0.0000,0.0000,0.0000,0.0000,65,0,0,0,0,40,0,0,0,0
zc,TA209,2012-06-28 09:02:53.357,7150.0000,427990,22,0.0000,134.0000,78,56,多开,B,7148.0000,0.0000,0.0000,0.0000,0.0000,7150.0000,0.0000,0.0000,0.0000,0.0000,80,0,0,0,0,76,0,0,0,0
zc,TA209,2012-06-28 09:02:53.887,7148.0000,428090,100,0.0000,118.0000,109,9,空开,S,7148.0000,0.0000,0.0000,0.0000,0.0000,7150.0000,0.0000,0.0000,0.0000,0.0000,76,0,0,0,0,49,0,0,0,0
zc,TA209,2012-06-28 09:02:54.590,7150.0000,428114,24,0.0000,40.0000,32,8,多开,B,7148.0000,0.0000,0.0000,0.0000,0.0000,7150.0000,0.0000,0.0000,0.0000,0.0000,76,0,0,0,0,132,0,0,0,0
zc,TA209,2012-06-28 09:02:54.887,7150.0000,428114,0,0.0000,0.0000,0,0,多换,B,7148.0000,0.0000,0.0000,0.0000,0.0000,7150.0000,0.0000,0.0000,0.0000,0.0000,84,0,0,0,0,136,0,0,0,0
zc,TA209,2012-06-28 09:02:55.573,7148.0000,428110,-4,0.0000,82.0000,39,43,多平,S,7148.0000,0.0000,0.0000,0.0000,0.0000,7150.0000,0.0000,0.0000,0.0000,0.0000,75,0,0,0,0,112,0,0,0,0
zc,TA209,2012-06-28 09:02:56.357,7150.0000,428114,4,0.0000,52.0000,28,24,多开,B,7148.0000,0.0000,0.0000,0.0000,0.0000,7150.0000,0.0000,0.0000,0.0000,0.0000,74,0,0,0,0,92,0,0,0,0
zc,TA209,2012-06-28 09:02:56.887,7148.0000,428120,6,0.0000,6.0000,6,0,双开,S,7148.0000,0.0000,0.0000,0.0000,0.0000,7150.0000,0.0000,0.0000,0.0000,0.0000,89,0,0,0,0,94,0,0,0,0
zc,TA209,2012-06-28 09:02:57.357,7148.0000,428120,0,0.0000,4.0000,2,2,空换,S,7148.0000,0.0000,0.0000,0.0000,0.0000,7150.0000,0.0000,0.0000,0.0000,0.0000,182,0,0,0,0,106,0,0,0,0
zc,TA209,2012-06-28 09:02:57.807,7148.0000,428120,0,0.0000,16.0000,8,8,空换,S,7148.0000,0.0000,0.0000,0.0000,0.0000,7150.0000,0.0000,0.0000,0.0000,0.0000,174,0,0,0,0,100,0,0,0,0
zc,TA209,2012-06-28 09:02:58.590,7150.0000,428120,0,0.0000,2.0000,1,1,多换,B,7148.0000,0.0000,0.0000,0.0000,0.0000,7150.0000,0.0000,0.0000,0.0000,0.0000,181,0,0,0,0,120,0,0,0,0
zc,TA209,2012-06-28 09:02:59.073,7148.0000,428120,0,0.0000,8.0000,4,4,空换,S,7148.0000,0.0000,0.0000,0.0000,0.0000,7150.0000,0.0000,0.0000,0.0000,0.0000,178,0,0,0,0,150,0,0,0,0
zc,TA209,2012-06-28 09:02:59.887,7150.0000,428020,-100,0.0000,102.0000,1,101,空平,B,7148.0000,0.0000,0.0000,0.0000,0.0000,7150.0000,0.0000,0.0000,0.0000,0.0000,178,0,0,0,0,115,0,0,0,0
zc,TA209,2012-06-28 09:03:00.340,7148.0000,428022,2,0.0000,2.0000,2,0,双开,S,7148.0000,0.0000,0.0000,0.0000,0.0000,7150.0000,0.0000,0.0000,0.0000,0.0000,178,0,0,0,0,160,0,0,0,0
zc,TA209,2012-06-28 09:03:01.090,7148.0000,428028,6,0.0000,16.0000,11,5,空开,S,7148.0000,0.0000,0.0000,0.0000,0.0000,7150.0000,0.0000,0.0000,0.0000,0.0000,172,0,0,0,0,159,0,0,0,0
zc,TA209,2012-06-28 09:03:01.607,7148.0000,428030,2,0.0000,18.0000,10,8,空开,S,7148.0000,0.0000,0.0000,0.0000,0.0000,7150.0000,0.0000,0.0000,0.0000,0.0000,174,0,0,0,0,161,0,0,0,0
zc,TA209,2012-06-28 09:03:02.357,7150.0000,428046,16,0.0000,20.0000,18,2,多开,B,7148.0000,0.0000,0.0000,0.0000,0.0000,7150.0000,0.0000,0.0000,0.0000,0.0000,170,0,0,0,0,148,0,0,0,0
zc,TA209,2012-06-28 09:03:02.870,7148.0000,428042,-4,0.0000,46.0000,21,25,多平,S,7148.0000,0.0000,0.0000,0.0000,0.0000,7150.0000,0.0000,0.0000,0.0000,0.0000,154,0,0,0,0,146,0,0,0,0
zc,TA209,2012-06-28 09:03:03.370,7148.0000,427956,-86,0.0000,104.0000,9,95,多平,S,7148.0000,0.0000,0.0000,0.0000,0.0000,7150.0000,0.0000,0.0000,0.0000,0.0000,184,0,0,0,0,156,0,0,0,0
zc,TA209,2012-06-28 09:03:04.120,7148.0000,427956,0,0.0000,44.0000,22,22,空换,S,7148.0000,0.0000,0.0000,0.0000,0.0000,7150.0000,0.0000,0.0000,0.0000,0.0000,204,0,0,0,0,156,0,0,0,0
zc,TA209,2012-06-28 09:03:04.607,7148.0000,427892,-64,0.0000,96.0000,16,80,多平,S,7148.0000,0.0000,0.0000,0.0000,0.0000,7150.0000,0.0000,0.0000,0.0000,0.0000,158,0,0,0,0,155,0,0,0,0
zc,TA209,2012-06-28 09:03:05.357,7150.0000,427892,0,0.0000,2.0000,1,1,多换,B,7148.0000,0.0000,0.0000,0.0000,0.0000,7150.0000,0.0000,0.0000,0.0000,0.0000,166,0,0,0,0,169,0,0,0,0
zc,TA209,2012-06-28 09:03:05.870,7150.0000,427892,0,0.0000,28.0000,14,14,多换,B,7148.0000,0.0000,0.0000,0.0000,0.0000,7150.0000,0.0000,0.0000,0.0000,0.0000,162,0,0,0,0,156,0,0,0,0
zc,TA209,2012-06-28 09:03:06.357,7148.0000,427892,0,0.0000,10.0000,5,5,空换,S,7148.0000,0.0000,0.0000,0.0000,0.0000,7150.0000,0.0000,0.0000,0.0000,0.0000,132,0,0,0,0,156,0,0,0,0
zc,TA209,2012-06-28 09:03:06.870,7150.0000,427904,12,0.0000,72.0000,42,30,多开,B,7148.0000,0.0000,0.0000,0.0000,0.0000,7150.0000,0.0000,0.0000,0.0000,0.0000,74,0,0,0,0,154,0,0,0,0
zc,TA209,2012-06-28 09:03:07.620,7150.0000,427782,-122,0.0000,232.0000,55,177,空平,B,7148.0000,0.0000,0.0000,0.0000,0.0000,7150.0000,0.0000,0.0000,0.0000,0.0000,25,0,0,0,0,105,0,0,0,0
zc,TA209,2012-06-28 09:03:08.073,7146.0000,427786,4,0.0000,60.0000,32,28,空开,S,7146.0000,0.0000,0.0000,0.0000,0.0000,7148.0000,0.0000,0.0000,0.0000,0.0000,226,0,0,0,0,13,0,0,0,0
zc,TA209,2012-06-28 09:03:08.857,7148.0000,427792,6,0.0000,26.0000,16,10,多开,B,7146.0000,0.0000,0.0000,0.0000,0.0000,7148.0000,0.0000,0.0000,0.0000,0.0000,226,0,0,0,0,9,0,0,0,0
zc,TA209,2012-06-28 09:03:09.370,7148.0000,427782,-10,0.0000,52.0000,21,31,空平,B,7148.0000,0.0000,0.0000,0.0000,0.0000,7150.0000,0.0000,0.0000,0.0000,0.0000,13,0,0,0,0,198,0,0,0,0
zc,TA209,2012-06-28 09:03:10.107,7148.0000,427762,-20,0.0000,20.0000,0,20,双平,B,7148.0000,0.0000,0.0000,0.0000,0.0000,7150.0000,0.0000,0.0000,0.0000,0.0000,14,0,0,0,0,238,0,0,0,0
zc,TA209,2012-06-28 09:03:10.607,7148.0000,427746,-16,0.0000,82.0000,33,49,空平,B,7148.0000,0.0000,0.0000,0.0000,0.0000,7150.0000,0.0000,0.0000,0.0000,0.0000,71,0,0,0,0,216,0,0,0,0
zc,TA209,2012-06-28 09:03:11.357,7150.0000,427670,-76,0.0000,76.0000,0,76,双平,B,7148.0000,0.0000,0.0000,0.0000,0.0000,7150.0000,0.0000,0.0000,0.0000,0.0000,76,0,0,0,0,212,0,0,0,0
zc,TA209,2012-06-28 09:03:12.107,7150.0000,427650,-20,0.0000,24.0000,2,22,空平,B,7148.0000,0.0000,0.0000,0.0000,0.0000,7150.0000,0.0000,0.0000,0.0000,0.0000,65,0,0,0,0,215,0,0,0,0
zc,TA209,2012-06-28 09:03:12.620,7148.0000,427646,-4,0.0000,24.0000,10,14,多平,S,7148.0000,0.0000,0.0000,0.0000,0.0000,7150.0000,0.0000,0.0000,0.0000,0.0000,74,0,0,0,0,205,0,0,0,0
zc,TA209,2012-06-28 09:03:13.073,7148.0000,427646,0,0.0000,0.0000,0,0,空换,S,7148.0000,0.0000,0.0000,0.0000,0.0000,7150.0000,0.0000,0.0000,0.0000,0.0000,74,0,0,0,0,505,0,0,0,0
zc,TA209,2012-06-28 09:03:13.620,7148.0000,427640,-6,0.0000,34.0000,14,20,多平,S,7148.0000,0.0000,0.0000,0.0000,0.0000,7150.0000,0.0000,0.0000,0.0000,0.0000,71,0,0,0,0,491,0,0,0,0
zc,TA209,2012-06-28 09:03:14.323,7148.0000,427630,-10,0.0000,14.0000,2,12,多平,S,7148.0000,0.0000,0.0000,0.0000,0.0000,7150.0000,0.0000,0.0000,0.0000,0.0000,66,0,0,0,0,490,0,0,0,0
zc,TA209,2012-06-28 09:03:14.870,7150.0000,427822,192,0.0000,346.0000,269,77,多开,B,7148.0000,0.0000,0.0000,0.0000,0.0000,7150.0000,0.0000,0.0000,0.0000,0.0000,64,0,0,0,0,359,0,0,0,0
zc,TA209,2012-06-28 09:03:15.620,7148.0000,427820,-2,0.0000,2.0000,0,2,双平,S,7148.0000,0.0000,0.0000,0.0000,0.0000,7150.0000,0.0000,0.0000,0.0000,0.0000,69,0,0,0,0,359,0,0,0,0
zc,TA209,2012-06-28 09:03:16.090,7150.0000,427806,-14,0.0000,140.0000,63,77,空平,B,7148.0000,0.0000,0.0000,0.0000,0.0000,7150.0000,0.0000,0.0000,0.0000,0.0000,34,0,0,0,0,327,0,0,0,0
zc,TA209,2012-06-28 09:03:16.840,7150.0000,427808,2,0.0000,68.0000,35,33,多开,B,7148.0000,0.0000,0.0000,0.0000,0.0000,7150.0000,0.0000,0.0000,0.0000,0.0000,29,0,0,0,0,300,0,0,0,0
zc,TA209,2012-06-28 09:03:17.387,7148.0000,427810,2,0.0000,6.0000,4,2,空开,S,7148.0000,0.0000,0.0000,0.0000,0.0000,7150.0000,0.0000,0.0000,0.0000,0.0000,27,0,0,0,0,299,0,0,0,0
zc,TA209,2012-06-28 09:03:17.840,7148.0000,427770,-40,0.0000,186.0000,73,113,多平,S,7146.0000,0.0000,0.0000,0.0000,0.0000,7148.0000,0.0000,0.0000,0.0000,0.0000,608,0,0,0,0,8,0,0,0,0
zc,TA209,2012-06-28 09:03:18.620,7148.0000,427788,18,0.0000,112.0000,65,47,空开,S,7146.0000,0.0000,0.0000,0.0000,0.0000,7148.0000,0.0000,0.0000,0.0000,0.0000,608,0,0,0,0,10,0,0,0,0
zc,TA209,2012-06-28 09:03:19.167,7148.0000,427834,46,0.0000,166.0000,106,60,空开,S,7148.0000,0.0000,0.0000,0.0000,0.0000,7150.0000,0.0000,0.0000,0.0000,0.0000,2,0,0,0,0,179,0,0,0,0
zc,TA209,2012-06-28 09:03:19.840,7148.0000,427834,0,0.0000,32.0000,16,16,空换,S,7148.0000,0.0000,0.0000,0.0000,0.0000,7150.0000,0.0000,0.0000,0.0000,0.0000,58,0,0,0,0,178,0,0,0,0
zc,TA209,2012-06-28 09:03:20.107,7148.0000,427834,0,0.0000,2.0000,1,1,空换,S,7148.0000,0.0000,0.0000,0.0000,0.0000,7150.0000,0.0000,0.0000,0.0000,0.0000,63,0,0,0,0,178,0,0,0,0
zc,TA209,2012-06-28 09:03:20.857,7148.0000,427844,10,0.0000,18.0000,14,4,空开,S,7148.0000,0.0000,0.0000,0.0000,0.0000,7150.0000,0.0000,0.0000,0.0000,0.0000,55,0,0,0,0,181,0,0,0,0
zc,TA209,2012-06-28 09:03:21.357,7150.0000,427744,-100,0.0000,148.0000,24,124,空平,B,7148.0000,0.0000,0.0000,0.0000,0.0000,7150.0000,0.0000,0.0000,0.0000,0.0000,51,0,0,0,0,107,0,0,0,0
zc,TA209,2012-06-28 09:03:22.057,7148.0000,427744,0,0.0000,6.0000,3,3,空换,S,7148.0000,0.0000,0.0000,0.0000,0.0000,7150.0000,0.0000,0.0000,0.0000,0.0000,52,0,0,0,0,107,0,0,0,0
zc,TA209,2012-06-28 09:03:22.590,7148.0000,427752,8,0.0000,8.0000,8,0,双开,S,7148.0000,0.0000,0.0000,0.0000,0.0000,7150.0000,0.0000,0.0000,0.0000,0.0000,49,0,0,0,0,115,0,0,0,0
zc,TA209,2012-06-28 09:03:23.340,7148.0000,427754,2,0.0000,24.0000,13,11,空开,S,7148.0000,0.0000,0.0000,0.0000,0.0000,7150.0000,0.0000,0.0000,0.0000,0.0000,42,0,0,0,0,114,0,0,0,0
zc,TA209,2012-06-28 09:03:23.857,7148.0000,427688,-66,0.0000,166.0000,50,116,多平,S,7148.0000,0.0000,0.0000,0.0000,0.0000,7150.0000,0.0000,0.0000,0.0000,0.0000,9,0,0,0,0,69,0,0,0,0
zc,TA209,2012-06-28 09:03:24.357,7148.0000,427678,-10,0.0000,14.0000,2,12,多平,S,7148.0000,0.0000,0.0000,0.0000,0.0000,7150.0000,0.0000,0.0000,0.0000,0.0000,22,0,0,0,0,69,0,0,0,0
zc,TA209,2012-06-28 09:03:25.120,7148.0000,427706,28,0.0000,32.0000,30,2,空开,S,7148.0000,0.0000,0.0000,0.0000,0.0000,7150.0000,0.0000,0.0000,0.0000,0.0000,26,0,0,0,0,71,0,0,0,0
zc,TA209,2012-06-28 09:03:25.607,7148.0000,427712,6,0.0000,8.0000,7,1,空开,S,7148.0000,0.0000,0.0000,0.0000,0.0000,7150.0000,0.0000,0.0000,0.0000,0.0000,25,0,0,0,0,105,0,0,0,0
zc,TA209,2012-06-28 09:03:26.307,7150.0000,427714,2,0.0000,2.0000,2,0,双开,B,7148.0000,0.0000,0.0000,0.0000,0.0000,7150.0000,0.0000,0.0000,0.0000,0.0000,25,0,0,0,0,104,0,0,0,0
zc,TA209,2012-06-28 09:03:26.620,7150.0000,427806,92,0.0000,102.0000,97,5,多开,B,7148.0000,0.0000,0.0000,0.0000,0.0000,7150.0000,0.0000,0.0000,0.0000,0.0000,19,0,0,0,0,55,0,0,0,0
zc,TA209,2012-06-28 09:03:27.340,7148.0000,427806,0,0.0000,22.0000,11,11,空换,S,7148.0000,0.0000,0.0000,0.0000,0.0000,7150.0000,0.0000,0.0000,0.0000,0.0000,8,0,0,0,0,56,0,0,0,0
zc,TA209,2012-06-28 09:03:27.870,7150.0000,427806,0,0.0000,4.0000,2,2,多换,B,7148.0000,0.0000,0.0000,0.0000,0.0000,7150.0000,0.0000,0.0000,0.0000,0.0000,10,0,0,0,0,61,0,0,0,0
zc,TA209,2012-06-28 09:03:28.620,7150.0000,427806,0,0.0000,0.0000,0,0,多换,B,7148.0000,0.0000,0.0000,0.0000,0.0000,7150.0000,0.0000,0.0000,0.0000,0.0000,11,0,0,0,0,61,0,0,0,0
zc,TA209,2012-06-28 09:03:29.073,7148.0000,427802,-4,0.0000,4.0000,0,4,双平,S,7148.0000,0.0000,0.0000,0.0000,0.0000,7150.0000,0.0000,0.0000,0.0000,0.0000,28,0,0,0,0,70,0,0,0,0
zc,TA209,2012-06-28 09:03:29.903,7150.0000,427804,2,0.0000,4.0000,3,1,多开,B,7148.0000,0.0000,0.0000,0.0000,0.0000,7150.0000,0.0000,0.0000,0.0000,0.0000,41,0,0,0,0,69,0,0,0,0
zc,TA209,2012-06-28 09:03:30.387,7150.0000,427816,12,0.0000,16.0000,14,2,多开,B,7148.0000,0.0000,0.0000,0.0000,0.0000,7150.0000,0.0000,0.0000,0.0000,0.0000,40,0,0,0,0,64,0,0,0,0
zc,TA209,2012-06-28 09:03:31.057,7150.0000,427816,0,0.0000,0.0000,0,0,多换,B,7148.0000,0.0000,0.0000,0.0000,0.0000,7150.0000,0.0000,0.0000,0.0000,0.0000,42,0,0,0,0,66,0,0,0,0
zc,TA209,2012-06-28 09:03:31.607,7148.0000,427816,0,0.0000,2.0000,1,1,空换,S,7148.0000,0.0000,0.0000,0.0000,0.0000,7150.0000,0.0000,0.0000,0.0000,0.0000,41,0,0,0,0,114,0,0,0,0
zc,TA209,2012-06-28 09:03:32.137,7150.0000,427716,-100,0.0000,186.0000,43,143,空平,B,7146.0000,0.0000,0.0000,0.0000,0.0000,7150.0000,0.0000,0.0000,0.0000,0.0000,595,0,0,0,0,69,0,0,0,0
zc,TA209,2012-06-28 09:03:32.903,7150.0000,427712,-4,0.0000,6.0000,1,5,空平,B,7148.0000,0.0000,0.0000,0.0000,0.0000,7150.0000,0.0000,0.0000,0.0000,0.0000,6,0,0,0,0,68,0,0,0,0
zc,TA209,2012-06-28 09:03:33.340,7150.0000,427698,-14,0.0000,32.0000,9,23,空平,B,7148.0000,0.0000,0.0000,0.0000,0.0000,7150.0000,0.0000,0.0000,0.0000,0.0000,3,0,0,0,0,85,0,0,0,0
zc,TA209,2012-06-28 09:03:34.090,7150.0000,427696,-2,0.0000,4.0000,1,3,空平,B,7148.0000,0.0000,0.0000,0.0000,0.0000,7150.0000,0.0000,0.0000,0.0000,0.0000,10,0,0,0,0,83,0,0,0,0
zc,TA209,2012-06-28 09:03:34.573,7148.0000,427688,-8,0.0000,48.0000,20,28,多平,S,7148.0000,0.0000,0.0000,0.0000,0.0000,7150.0000,0.0000,0.0000,0.0000,0.0000,8,0,0,0,0,103,0,0,0,0
zc,TA209,2012-06-28 09:03:35.107,7148.0000,427688,0,0.0000,0.0000,0,0,空换,S,7148.0000,0.0000,0.0000,0.0000,0.0000,7150.0000,0.0000,0.0000,0.0000,0.0000,58,0,0,0,0,103,0,0,0,0
zc,TA209,2012-06-28 09:03:35.607,7148.0000,427658,-30,0.0000,44.0000,7,37,多平,S,7148.0000,0.0000,0.0000,0.0000,0.0000,7150.0000,0.0000,0.0000,0.0000,0.0000,54,0,0,0,0,101,0,0,0,0
zc,TA209,2012-06-28 09:03:36.387,7148.0000,427560,-98,0.0000,116.0000,9,107,多平,S,7148.0000,0.0000,0.0000,0.0000,0.0000,7150.0000,0.0000,0.0000,0.0000,0.0000,1,0,0,0,0,57,0,0,0,0
zc,TA209,2012-06-28 09:03:36.857,7150.0000,427556,-4,0.0000,14.0000,5,9,空平,B,7148.0000,0.0000,0.0000,0.0000,0.0000,7150.0000,0.0000,0.0000,0.0000,0.0000,1,0,0,0,0,50,0,0,0,0
zc,TA209,2012-06-28 09:03:37.607,7148.0000,427558,2,0.0000,14.0000,8,6,空开,S,7146.0000,0.0000,0.0000,0.0000,0.0000,7148.0000,0.0000,0.0000,0.0000,0.0000,595,0,0,0,0,2,0,0,0,0
zc,TA209,2012-06-28 09:03:38.387,7150.0000,427568,10,0.0000,62.0000,36,26,多开,B,7148.0000,0.0000,0.0000,0.0000,0.0000,7150.0000,0.0000,0.0000,0.0000,0.0000,10,0,0,0,0,19,0,0,0,0
zc,TA209,2012-06-28 09:03:38.590,7150.0000,427568,0,0.0000,6.0000,3,3,多换,B,7148.0000,0.0000,0.0000,0.0000,0.0000,7150.0000,0.0000,0.0000,0.0000,0.0000,62,0,0,0,0,17,0,0,0,0
zc,TA209,2012-06-28 09:03:39.340,7148.0000,427602,34,0.0000,38.0000,36,2,空开,S,7148.0000,0.0000,0.0000,0.0000,0.0000,7150.0000,0.0000,0.0000,0.0000,0.0000,43,0,0,0,0,12,0,0,0,0
zc,TA209,2012-06-28 09:03:40.153,7150.0000,427612,10,0.0000,22.0000,16,6,多开,B,7148.0000,0.0000,0.0000,0.0000,0.0000,7150.0000,0.0000,0.0000,0.0000,0.0000,8,0,0,0,0,12,0,0,0,0
zc,TA209,2012-06-28 09:03:40.840,7150.0000,427610,-2,0.0000,32.0000,15,17,空平,B,7150.0000,0.0000,0.0000,0.0000,0.0000,7152.0000,0.0000,0.0000,0.0000,0.0000,1,0,0,0,0,192,0,0,0,0
zc,TA209,2012-06-28 09:03:41.340,7150.0000,427610,0,0.0000,0.0000,0,0,多换,B,7150.0000,0.0000,0.0000,0.0000,0.0000,7152.0000,0.0000,0.0000,0.0000,0.0000,4,0,0,0,0,193,0,0,0,0
zc,TA209,2012-06-28 09:03:42.137,7150.0000,427616,6,0.0000,28.0000,17,11,多开,B,7146.0000,0.0000,0.0000,0.0000,0.0000,7152.0000,0.0000,0.0000,0.0000,0.0000,620,0,0,0,0,194,0,0,0,0
zc,TA209,2012-06-28 09:03:42.607,7146.0000,427616,0,0.0000,40.0000,20,20,空换,S,7146.0000,0.0000,0.0000,0.0000,0.0000,7150.0000,0.0000,0.0000,0.0000,0.0000,604,0,0,0,0,7,0,0,0,0
zc,TA209,2012-06-28 09:03:43.107,7146.0000,427620,4,0.0000,38.0000,21,17,空开,S,7146.0000,0.0000,0.0000,0.0000,0.0000,7150.0000,0.0000,0.0000,0.0000,0.0000,588,0,0,0,0,6,0,0,0,0
zc,TA209,2012-06-28 09:03:43.607,7148.0000,427670,50,0.0000,86.0000,68,18,多开,B,7148.0000,0.0000,0.0000,0.0000,0.0000,7150.0000,0.0000,0.0000,0.0000,0.0000,8,0,0,0,0,96,0,0,0,0
zc,TA209,2012-06-28 09:03:44.370,7150.0000,427672,2,0.0000,6.0000,4,2,多开,B,7148.0000,0.0000,0.0000,0.0000,0.0000,7150.0000,0.0000,0.0000,0.0000,0.0000,113,0,0,0,0,106,0,0,0,0
zc,TA209,2012-06-28 09:03:44.840,7150.0000,427680,8,0.0000,22.0000,15,7,多开,B,7148.0000,0.0000,0.0000,0.0000,0.0000,7150.0000,0.0000,0.0000,0.0000,0.0000,108,0,0,0,0,103,0,0,0,0
zc,TA209,2012-06-28 09:03:45.620,7148.0000,427678,-2,0.0000,80.0000,39,41,多平,S,7148.0000,0.0000,0.0000,0.0000,0.0000,7150.0000,0.0000,0.0000,0.0000,0.0000,135,0,0,0,0,84,0,0,0,0
zc,TA209,2012-06-28 09:03:46.857,7150.0000,427690,12,0.0000,42.0000,27,15,多开,B,7148.0000,0.0000,0.0000,0.0000,0.0000,7150.0000,0.0000,0.0000,0.0000,0.0000,119,0,0,0,0,72,0,0,0,0
zc,TA209,2012-06-28 09:03:47.340,7150.0000,427690,0,0.0000,14.0000,7,7,多换,B,7148.0000,0.0000,0.0000,0.0000,0.0000,7150.0000,0.0000,0.0000,0.0000,0.0000,120,0,0,0,0,72,0,0,0,0
zc,TA209,2012-06-28 09:03:47.840,7150.0000,427736,46,0.0000,154.0000,100,54,多开,B,7150.0000,0.0000,0.0000,0.0000,0.0000,7152.0000,0.0000,0.0000,0.0000,0.0000,3,0,0,0,0,356,0,0,0,0
zc,TA209,2012-06-28 09:03:48.620,7148.0000,427908,172,0.0000,366.0000,269,97,空开,S,7148.0000,0.0000,0.0000,0.0000,0.0000,7152.0000,0.0000,0.0000,0.0000,0.0000,136,0,0,0,0,208,0,0,0,0
zc,TA209,2012-06-28 09:03:49.120,7148.0000,427908,0,0.0000,0.0000,0,0,空换,S,7150.0000,0.0000,0.0000,0.0000,0.0000,7152.0000,0.0000,0.0000,0.0000,0.0000,2,0,0,0,0,209,0,0,0,0
zc,TA209,2012-06-28 09:03:49.840,7148.0000,427908,0,0.0000,0.0000,0,0,空换,S,7150.0000,0.0000,0.0000,0.0000,0.0000,7152.0000,0.0000,0.0000,0.0000,0.0000,1,0,0,0,0,209,0,0,0,0
zc,TA209,2012-06-28 09:03:50.370,7152.0000,427924,16,0.0000,140.0000,78,62,多开,B,7148.0000,0.0000,0.0000,0.0000,0.0000,7152.0000,0.0000,0.0000,0.0000,0.0000,88,0,0,0,0,204,0,0,0,0
zc,TA209,2012-06-28 09:03:51.107,7150.0000,427930,6,0.0000,22.0000,14,8,空开,S,7150.0000,0.0000,0.0000,0.0000,0.0000,7152.0000,0.0000,0.0000,0.0000,0.0000,1,0,0,0,0,195,0,0,0,0
zc,TA209,2012-06-28 09:03:51.573,7150.0000,427928,-2,0.0000,104.0000,51,53,多平,S,7148.0000,0.0000,0.0000,0.0000,0.0000,7150.0000,0.0000,0.0000,0.0000,0.0000,190,0,0,0,0,1,0,0,0,0
zc,TA209,2012-06-28 09:03:52.107,7152.0000,427928,0,0.0000,4.0000,2,2,多换,B,7150.0000,0.0000,0.0000,0.0000,0.0000,7152.0000,0.0000,0.0000,0.0000,0.0000,2,0,0,0,0,144,0,0,0,0
zc,TA209,2012-06-28 09:03:52.590,7150.0000,427912,-16,0.0000,22.0000,3,19,多平,S,7148.0000,0.0000,0.0000,0.0000,0.0000,7150.0000,0.0000,0.0000,0.0000,0.0000,231,0,0,0,0,337,0,0,0,0
zc,TA209,2012-06-28 09:03:53.340,7150.0000,427892,-20,0.0000,20.0000,0,20,双平,S,7148.0000,0.0000,0.0000,0.0000,0.0000,7150.0000,0.0000,0.0000,0.0000,0.0000,228,0,0,0,0,429,0,0,0,0
zc,TA209,2012-06-28 09:03:54.073,7148.0000,427888,-4,0.0000,104.0000,50,54,多平,S,7148.0000,0.0000,0.0000,0.0000,0.0000,7150.0000,0.0000,0.0000,0.0000,0.0000,188,0,0,0,0,379,0,0,0,0
zc,TA209,2012-06-28 09:03:54.340,7148.0000,427886,-2,0.0000,8.0000,3,5,多平,S,7148.0000,0.0000,0.0000,0.0000,0.0000,7150.0000,0.0000,0.0000,0.0000,0.0000,175,0,0,0,0,381,0,0,0,0
zc,TA209,2012-06-28 09:03:55.340,7150.0000,427884,-2,0.0000,64.0000,31,33,空平,B,7148.0000,0.0000,0.0000,0.0000,0.0000,7150.0000,0.0000,0.0000,0.0000,0.0000,175,0,0,0,0,350,0,0,0,0
zc,TA209,2012-06-28 09:03:55.590,7148.0000,427882,-2,0.0000,2.0000,0,2,双平,S,7148.0000,0.0000,0.0000,0.0000,0.0000,7150.0000,0.0000,0.0000,0.0000,0.0000,184,0,0,0,0,355,0,0,0,0
zc,TA209,2012-06-28 09:03:56.340,7150.0000,427878,-4,0.0000,8.0000,2,6,空平,B,7148.0000,0.0000,0.0000,0.0000,0.0000,7150.0000,0.0000,0.0000,0.0000,0.0000,185,0,0,0,0,353,0,0,0,0
zc,TA209,2012-06-28 09:03:56.870,7150.0000,427878,0,0.0000,20.0000,10,10,多换,B,7148.0000,0.0000,0.0000,0.0000,0.0000,7150.0000,0.0000,0.0000,0.0000,0.0000,194,0,0,0,0,343,0,0,0,0
zc,TA209,2012-06-28 09:03:57.357,7152.0000,427164,-714,0.0000,1204.0000,245,959,空平,B,7148.0000,0.0000,0.0000,0.0000,0.0000,7150.0000,0.0000,0.0000,0.0000,0.0000,94,0,0,0,0,10,0,0,0,0
zc,TA209,2012-06-28 09:03:58.090,7148.0000,427176,12,0.0000,14.0000,13,1,空开,S,7148.0000,0.0000,0.0000,0.0000,0.0000,7150.0000,0.0000,0.0000,0.0000,0.0000,95,0,0,0,0,8,0,0,0,0
zc,TA209,2012-06-28 09:03:58.590,7148.0000,427078,-98,0.0000,292.0000,97,195,多平,S,7146.0000,0.0000,0.0000,0.0000,0.0000,7148.0000,0.0000,0.0000,0.0000,0.0000,565,0,0,0,0,66,0,0,0,0
zc,TA209,2012-06-28 09:03:59.340,7148.0000,427078,0,0.0000,26.0000,13,13,空换,S,7146.0000,0.0000,0.0000,0.0000,0.0000,7148.0000,0.0000,0.0000,0.0000,0.0000,565,0,0,0,0,53,0,0,0,0
zc,TA209,2012-06-28 09:03:59.840,7148.0000,427064,-14,0.0000,20.0000,3,17,多平,S,7146.0000,0.0000,0.0000,0.0000,0.0000,7148.0000,0.0000,0.0000,0.0000,0.0000,566,0,0,0,0,43,0,0,0,0
zc,TA209,2012-06-28 09:04:00.573,7148.0000,426994,-70,0.0000,100.0000,15,85,多平,S,7148.0000,0.0000,0.0000,0.0000,0.0000,7150.0000,0.0000,0.0000,0.0000,0.0000,28,0,0,0,0,1021,0,0,0,0
zc,TA209,2012-06-28 09:04:01.073,7150.0000,427006,12,0.0000,100.0000,56,44,多开,B,7148.0000,0.0000,0.0000,0.0000,0.0000,7150.0000,0.0000,0.0000,0.0000,0.0000,38,0,0,0,0,972,0,0,0,0
zc,TA209,2012-06-28 09:04:01.887,7148.0000,426986,-20,0.0000,24.0000,2,22,多平,S,7148.0000,0.0000,0.0000,0.0000,0.0000,7150.0000,0.0000,0.0000,0.0000,0.0000,29,0,0,0,0,971,0,0,0,0
zc,TA209,2012-06-28 09:04:02.340,7150.0000,425986,-1000,0.0000,1002.0000,1,1001,空平,B,7148.0000,0.0000,0.0000,0.0000,0.0000,7150.0000,0.0000,0.0000,0.0000,0.0000,28,0,0,0,0,471,0,0,0,0
zc,TA209,2012-06-28 09:04:03.120,7152.0000,425014,-972,0.0000,1038.0000,33,1005,空平,B,7152.0000,0.0000,0.0000,0.0000,0.0000,7154.0000,0.0000,0.0000,0.0000,0.0000,8,0,0,0,0,120,0,0,0,0
zc,TA209,2012-06-28 09:04:03.573,7152.0000,425012,-2,0.0000,52.0000,25,27,空平,B,7150.0000,0.0000,0.0000,0.0000,0.0000,7152.0000,0.0000,0.0000,0.0000,0.0000,84,0,0,0,0,8,0,0,0,0
zc,TA209,2012-06-28 09:04:04.370,7152.0000,425014,2,0.0000,4.0000,3,1,多开,B,7150.0000,0.0000,0.0000,0.0000,0.0000,7152.0000,0.0000,0.0000,0.0000,0.0000,139,0,0,0,0,7,0,0,0,0
zc,TA209,2012-06-28 09:04:04.607,7150.0000,424926,-88,0.0000,584.0000,248,336,多平,S,7148.0000,0.0000,0.0000,0.0000,0.0000,7150.0000,0.0000,0.0000,0.0000,0.0000,13,0,0,0,0,27,0,0,0,0
zc,TA209,2012-06-28 09:04:05.357,7150.0000,424912,-14,0.0000,18.0000,2,16,多平,S,7148.0000,0.0000,0.0000,0.0000,0.0000,7150.0000,0.0000,0.0000,0.0000,0.0000,15,0,0,0,0,19,0,0,0,0
zc,TA209,2012-06-28 09:04:05.840,7150.0000,424908,-4,0.0000,4.0000,0,4,双平,S,7148.0000,0.0000,0.0000,0.0000,0.0000,7150.0000,0.0000,0.0000,0.0000,0.0000,81,0,0,0,0,18,0,0,0,0
zc,TA209,2012-06-28 09:04:06.607,7150.0000,424906,-2,0.0000,4.0000,1,3,多平,S,7148.0000,0.0000,0.0000,0.0000,0.0000,7150.0000,0.0000,0.0000,0.0000,0.0000,81,0,0,0,0,17,0,0,0,0
zc,TA209,2012-06-28 09:04:07.090,7150.0000,424906,0,0.0000,6.0000,3,3,空换,S,7148.0000,0.0000,0.0000,0.0000,0.0000,7150.0000,0.0000,0.0000,0.0000,0.0000,102,0,0,0,0,14,0,0,0,0
zc,TA209,2012-06-28 09:04:07.620,7150.0000,424880,-26,0.0000,34.0000,4,30,多平,S,7148.0000,0.0000,0.0000,0.0000,0.0000,7150.0000,0.0000,0.0000,0.0000,0.0000,105,0,0,0,0,9,0,0,0,0
zc,TA209,2012-06-28 09:04:08.323,7150.0000,424880,0,0.0000,0.0000,0,0,空换,S,7148.0000,0.0000,0.0000,0.0000,0.0000,7150.0000,0.0000,0.0000,0.0000,0.0000,109,0,0,0,0,59,0,0,0,0
zc,TA209,2012-06-28 09:04:08.857,7150.0000,424878,-2,0.0000,4.0000,1,3,多平,S,7148.0000,0.0000,0.0000,0.0000,0.0000,7150.0000,0.0000,0.0000,0.0000,0.0000,109,0,0,0,0,7,0,0,0,0
zc,TA209,2012-06-28 09:04:09.590,7148.0000,424882,4,0.0000,4.0000,4,0,双开,S,7148.0000,0.0000,0.0000,0.0000,0.0000,7150.0000,0.0000,0.0000,0.0000,0.0000,111,0,0,0,0,9,0,0,0,0
zc,TA209,2012-06-28 09:04:09.857,7150.0000,424870,-12,0.0000,18.0000,3,15,空平,B,7150.0000,0.0000,0.0000,0.0000,0.0000,7152.0000,0.0000,0.0000,0.0000,0.0000,2,0,0,0,0,3,0,0,0,0
zc,TA209,2012-06-28 09:04:10.590,7152.0000,424872,2,0.0000,10.0000,6,4,多开,B,7150.0000,0.0000,0.0000,0.0000,0.0000,7152.0000,0.0000,0.0000,0.0000,0.0000,60,0,0,0,0,50,0,0,0,0
zc,TA209,2012-06-28 09:04:11.107,7152.0000,424788,-84,0.0000,114.0000,15,99,空平,B,7150.0000,0.0000,0.0000,0.0000,0.0000,7152.0000,0.0000,0.0000,0.0000,0.0000,47,0,0,0,0,11,0,0,0,0
zc,TA209,2012-06-28 09:04:11.857,7152.0000,424788,0,0.0000,0.0000,0,0,多换,B,7150.0000,0.0000,0.0000,0.0000,0.0000,7154.0000,0.0000,0.0000,0.0000,0.0000,54,0,0,0,0,335,0,0,0,0
zc,TA209,2012-06-28 09:04:12.357,7150.0000,424820,32,0.0000,38.0000,35,3,空开,S,7152.0000,0.0000,0.0000,0.0000,0.0000,7154.0000,0.0000,0.0000,0.0000,0.0000,37,0,0,0,0,335,0,0,0,0
zc,TA209,2012-06-28 09:04:12.823,7154.0000,424848,28,0.0000,88.0000,58,30,多开,B,7152.0000,0.0000,0.0000,0.0000,0.0000,7154.0000,0.0000,0.0000,0.0000,0.0000,3,0,0,0,0,314,0,0,0,0
zc,TA209,2012-06-28 09:04:13.620,7152.0000,424846,-2,0.0000,6.0000,2,4,多平,S,7150.0000,0.0000,0.0000,0.0000,0.0000,7152.0000,0.0000,0.0000,0.0000,0.0000,83,0,0,0,0,1,0,0,0,0
zc,TA209,2012-06-28 09:04:14.107,7152.0000,424820,-26,0.0000,92.0000,33,59,多平,S,7150.0000,0.0000,0.0000,0.0000,0.0000,7152.0000,0.0000,0.0000,0.0000,0.0000,84,0,0,0,0,1,0,0,0,0
zc,TA209,2012-06-28 09:04:14.857,7152.0000,424822,2,0.0000,6.0000,4,2,空开,S,7150.0000,0.0000,0.0000,0.0000,0.0000,7152.0000,0.0000,0.0000,0.0000,0.0000,134,0,0,0,0,4,0,0,0,0
zc,TA209,2012-06-28 09:04:15.323,7150.0000,424834,12,0.0000,22.0000,17,5,空开,S,7152.0000,0.0000,0.0000,0.0000,0.0000,7154.0000,0.0000,0.0000,0.0000,0.0000,2,0,0,0,0,313,0,0,0,0
zc,TA209,2012-06-28 09:04:16.090,7152.0000,424832,-2,0.0000,78.0000,38,40,空平,B,7150.0000,0.0000,0.0000,0.0000,0.0000,7152.0000,0.0000,0.0000,0.0000,0.0000,88,0,0,0,0,18,0,0,0,0
zc,TA209,2012-06-28 09:04:16.573,7150.0000,424830,-2,0.0000,14.0000,6,8,多平,S,7150.0000,0.0000,0.0000,0.0000,0.0000,7152.0000,0.0000,0.0000,0.0000,0.0000,86,0,0,0,0,39,0,0,0,0
zc,TA209,2012-06-28 09:04:17.073,7152.0000,424836,6,0.0000,8.0000,7,1,多开,B,7150.0000,0.0000,0.0000,0.0000,0.0000,7152.0000,0.0000,0.0000,0.0000,0.0000,87,0,0,0,0,45,0,0,0,0
zc,TA209,2012-06-28 09:04:17.557,7152.0000,424862,26,0.0000,110.0000,68,42,多开,B,7152.0000,0.0000,0.0000,0.0000,0.0000,7154.0000,0.0000,0.0000,0.0000,0.0000,6,0,0,0,0,315,0,0,0,0
zc,TA209,2012-06-28 09:04:18.357,7152.0000,424874,12,0.0000,12.0000,12,0,双开,B,7150.0000,0.0000,0.0000,0.0000,0.0000,7154.0000,0.0000,0.0000,0.0000,0.0000,108,0,0,0,0,314,0,0,0,0
zc,TA209,2012-06-28 09:04:18.840,7152.0000,424878,4,0.0000,8.0000,6,2,多开,B,7150.0000,0.0000,0.0000,0.0000,0.0000,7152.0000,0.0000,0.0000,0.0000,0.0000,118,0,0,0,0,3,0,0,0,0
zc,TA209,2012-06-28 09:04:19.357,7152.0000,424882,4,0.0000,4.0000,4,0,双开,B,7150.0000,0.0000,0.0000,0.0000,0.0000,7152.0000,0.0000,0.0000,0.0000,0.0000,118,0,0,0,0,5,0,0,0,0
zc,TA209,2012-06-28 09:04:20.370,7152.0000,424888,6,0.0000,12.0000,9,3,多开,B,7152.0000,0.0000,0.0000,0.0000,0.0000,7154.0000,0.0000,0.0000,0.0000,0.0000,32,0,0,0,0,516,0,0,0,0
zc,TA209,2012-06-28 09:04:20.823,7152.0000,424890,2,0.0000,10.0000,6,4,多开,B,7152.0000,0.0000,0.0000,0.0000,0.0000,7154.0000,0.0000,0.0000,0.0000,0.0000,29,0,0,0,0,516,0,0,0,0
zc,TA209,2012-06-28 09:04:21.590,7154.0000,424896,6,0.0000,28.0000,17,11,多开,B,7152.0000,0.0000,0.0000,0.0000,0.0000,7154.0000,0.0000,0.0000,0.0000,0.0000,17,0,0,0,0,516,0,0,0,0
zc,TA209,2012-06-28 09:04:22.120,7152.0000,424908,12,0.0000,36.0000,24,12,空开,S,7152.0000,0.0000,0.0000,0.0000,0.0000,7154.0000,0.0000,0.0000,0.0000,0.0000,20,0,0,0,0,502,0,0,0,0
zc,TA209,2012-06-28 09:04:22.857,7154.0000,424944,36,0.0000,1008.0000,522,486,多开,B,7154.0000,0.0000,0.0000,0.0000,0.0000,7156.0000,0.0000,0.0000,0.0000,0.0000,231,0,0,0,0,213,0,0,0,0
zc,TA209,2012-06-28 09:04:23.323,7154.0000,424964,20,0.0000,22.0000,21,1,多开,B,7154.0000,0.0000,0.0000,0.0000,0.0000,7156.0000,0.0000,0.0000,0.0000,0.0000,227,0,0,0,0,212,0,0,0,0
zc,TA209,2012-06-28 09:04:23.857,7154.0000,425072,108,0.0000,204.0000,156,48,多开,B,7154.0000,0.0000,0.0000,0.0000,0.0000,7156.0000,0.0000,0.0000,0.0000,0.0000,225,0,0,0,0,113,0,0,0,0
zc,TA209,2012-06-28 09:04:24.370,7156.0000,425112,40,0.0000,362.0000,201,161,多开,B,7156.0000,0.0000,0.0000,0.0000,0.0000,7158.0000,0.0000,0.0000,0.0000,0.0000,57,0,0,0,0,221,0,0,0,0
zc,TA209,2012-06-28 09:04:25.120,7158.0000,425104,-8,0.0000,46.0000,19,27,空平,B,7156.0000,0.0000,0.0000,0.0000,0.0000,7158.0000,0.0000,0.0000,0.0000,0.0000,147,0,0,0,0,204,0,0,0,0
zc,TA209,2012-06-28 09:04:25.607,7158.0000,425336,232,0.0000,512.0000,372,140,多开,B,7158.0000,0.0000,0.0000,0.0000,0.0000,7160.0000,0.0000,0.0000,0.0000,0.0000,43,0,0,0,0,752,0,0,0,0
zc,TA209,2012-06-28 09:04:26.357,7158.0000,425340,4,0.0000,20.0000,12,8,多开,B,7158.0000,0.0000,0.0000,0.0000,0.0000,7160.0000,0.0000,0.0000,0.0000,0.0000,57,0,0,0,0,747,0,0,0,0
zc,TA209,2012-06-28 09:04:26.840,7160.0000,425348,8,0.0000,36.0000,22,14,多开,B,7158.0000,0.0000,0.0000,0.0000,0.0000,7160.0000,0.0000,0.0000,0.0000,0.0000,56,0,0,0,0,734,0,0,0,0
zc,TA209,2012-06-28 09:04:27.340,7160.0000,425254,-94,0.0000,126.0000,16,110,空平,B,7158.0000,0.0000,0.0000,0.0000,0.0000,7160.0000,0.0000,0.0000,0.0000,0.0000,123,0,0,0,0,718,0,0,0,0
zc,TA209,2012-06-28 09:04:28.073,7160.0000,425194,-60,0.0000,174.0000,57,117,空平,B,7158.0000,0.0000,0.0000,0.0000,0.0000,7160.0000,0.0000,0.0000,0.0000,0.0000,120,0,0,0,0,698,0,0,0,0
zc,TA209,2012-06-28 09:04:28.607,7160.0000,425234,40,0.0000,202.0000,121,81,多开,B,7158.0000,0.0000,0.0000,0.0000,0.0000,7160.0000,0.0000,0.0000,0.0000,0.0000,100,0,0,0,0,641,0,0,0,0
zc,TA209,2012-06-28 09:04:29.323,7160.0000,425232,-2,0.0000,94.0000,46,48,空平,B,7158.0000,0.0000,0.0000,0.0000,0.0000,7160.0000,0.0000,0.0000,0.0000,0.0000,101,0,0,0,0,594,0,0,0,0
zc,TA209,2012-06-28 09:04:29.840,7158.0000,425232,0,0.0000,8.0000,4,4,空换,S,7158.0000,0.0000,0.0000,0.0000,0.0000,7160.0000,0.0000,0.0000,0.0000,0.0000,108,0,0,0,0,591,0,0,0,0
zc,TA209,2012-06-28 09:04:30.340,7160.0000,425208,-24,0.0000,58.0000,17,41,空平,B,7158.0000,0.0000,0.0000,0.0000,0.0000,7160.0000,0.0000,0.0000,0.0000,0.0000,99,0,0,0,0,571,0,0,0,0
zc,TA209,2012-06-28 09:04:30.887,7158.0000,425114,-94,0.0000,118.0000,12,106,多平,S,7158.0000,0.0000,0.0000,0.0000,0.0000,7160.0000,0.0000,0.0000,0.0000,0.0000,48,0,0,0,0,564,0,0,0,0
zc,TA209,2012-06-28 09:04:31.607,7158.0000,425070,-44,0.0000,44.0000,0,44,双平,S,7158.0000,0.0000,0.0000,0.0000,0.0000,7160.0000,0.0000,0.0000,0.0000,0.0000,57,0,0,0,0,552,0,0,0,0
zc,TA209,2012-06-28 09:04:32.090,7158.0000,424974,-96,0.0000,148.0000,26,122,多平,S,7156.0000,0.0000,0.0000,0.0000,0.0000,7158.0000,0.0000,0.0000,0.0000,0.0000,36,0,0,0,0,48,0,0,0,0
zc,TA209,2012-06-28 09:04:32.573,7158.0000,424972,-2,0.0000,20.0000,9,11,多平,S,7156.0000,0.0000,0.0000,0.0000,0.0000,7158.0000,0.0000,0.0000,0.0000,0.0000,36,0,0,0,0,134,0,0,0,0
zc,TA209,2012-06-28 09:04:33.323,7158.0000,424972,0,0.0000,14.0000,7,7,空换,S,7156.0000,0.0000,0.0000,0.0000,0.0000,7158.0000,0.0000,0.0000,0.0000,0.0000,36,0,0,0,0,133,0,0,0,0
zc,TA209,2012-06-28 09:04:33.823,7158.0000,424970,-2,0.0000,56.0000,27,29,多平,S,7156.0000,0.0000,0.0000,0.0000,0.0000,7158.0000,0.0000,0.0000,0.0000,0.0000,35,0,0,0,0,118,0,0,0,0
zc,TA209,2012-06-28 09:04:34.340,7156.0000,424968,-2,0.0000,4.0000,1,3,多平,S,7156.0000,0.0000,0.0000,0.0000,0.0000,7158.0000,0.0000,0.0000,0.0000,0.0000,34,0,0,0,0,120,0,0,0,0
zc,TA209,2012-06-28 09:04:35.090,7158.0000,424988,20,0.0000,130.0000,75,55,多开,B,7156.0000,0.0000,0.0000,0.0000,0.0000,7158.0000,0.0000,0.0000,0.0000,0.0000,34,0,0,0,0,73,0,0,0,0
zc,TA209,2012-06-28 09:04:35.903,7156.0000,424992,4,0.0000,6.0000,5,1,空开,S,7156.0000,0.0000,0.0000,0.0000,0.0000,7158.0000,0.0000,0.0000,0.0000,0.0000,32,0,0,0,0,102,0,0,0,0
zc,TA209,2012-06-28 09:04:36.107,7158.0000,424992,0,0.0000,8.0000,4,4,多换,B,7156.0000,0.0000,0.0000,0.0000,0.0000,7158.0000,0.0000,0.0000,0.0000,0.0000,150,0,0,0,0,99,0,0,0,0
zc,TA209,2012-06-28 09:04:36.840,7160.0000,425384,392,0.0000,1094.0000,743,351,多开,B,7158.0000,0.0000,0.0000,0.0000,0.0000,7160.0000,0.0000,0.0000,0.0000,0.0000,10,0,0,0,0,145,0,0,0,0
zc,TA209,2012-06-28 09:04:37.370,7160.0000,425388,4,0.0000,30.0000,17,13,多开,B,7158.0000,0.0000,0.0000,0.0000,0.0000,7160.0000,0.0000,0.0000,0.0000,0.0000,29,0,0,0,0,134,0,0,0,0
zc,TA209,2012-06-28 09:04:38.357,7160.0000,425612,224,0.0000,336.0000,280,56,多开,B,7158.0000,0.0000,0.0000,0.0000,0.0000,7160.0000,0.0000,0.0000,0.0000,0.0000,94,0,0,0,0,21,0,0,0,0
zc,TA209,2012-06-28 09:04:38.590,7160.0000,425610,-2,0.0000,200.0000,99,101,空平,B,7160.0000,0.0000,0.0000,0.0000,0.0000,7162.0000,0.0000,0.0000,0.0000,0.0000,84,0,0,0,0,883,0,0,0,0
zc,TA209,2012-06-28 09:04:39.307,7160.0000,425584,-26,0.0000,308.0000,141,167,空平,B,7160.0000,0.0000,0.0000,0.0000,0.0000,7162.0000,0.0000,0.0000,0.0000,0.0000,249,0,0,0,0,846,0,0,0,0
zc,TA209,2012-06-28 09:04:39.840,7160.0000,425602,18,0.0000,114.0000,66,48,多开,B,7160.0000,0.0000,0.0000,0.0000,0.0000,7162.0000,0.0000,0.0000,0.0000,0.0000,244,0,0,0,0,815,0,0,0,0
zc,TA209,2012-06-28 09:04:40.573,7162.0000,425636,34,0.0000,52.0000,43,9,多开,B,7160.0000,0.0000,0.0000,0.0000,0.0000,7162.0000,0.0000,0.0000,0.0000,0.0000,251,0,0,0,0,793,0,0,0,0
zc,TA209,2012-06-28 09:04:41.090,7160.0000,425232,-404,0.0000,512.0000,54,458,多平,S,7158.0000,0.0000,0.0000,0.0000,0.0000,7160.0000,0.0000,0.0000,0.0000,0.0000,179,0,0,0,0,754,0,0,0,0
zc,TA209,2012-06-28 09:04:41.590,7162.0000,423824,-1408,0.0000,2180.0000,386,1794,空平,B,7158.0000,0.0000,0.0000,0.0000,0.0000,7160.0000,0.0000,0.0000,0.0000,0.0000,179,0,0,0,0,38,0,0,0,0
zc,TA209,2012-06-28 09:04:42.340,7160.0000,423798,-26,0.0000,30.0000,2,28,多平,S,7158.0000,0.0000,0.0000,0.0000,0.0000,7160.0000,0.0000,0.0000,0.0000,0.0000,178,0,0,0,0,134,0,0,0,0
zc,TA209,2012-06-28 09:04:42.857,7160.0000,423798,0,0.0000,88.0000,44,44,空换,S,7158.0000,0.0000,0.0000,0.0000,0.0000,7160.0000,0.0000,0.0000,0.0000,0.0000,176,0,0,0,0,374,0,0,0,0
zc,TA209,2012-06-28 09:04:43.323,7158.0000,423812,14,0.0000,114.0000,64,50,空开,S,7158.0000,0.0000,0.0000,0.0000,0.0000,7160.0000,0.0000,0.0000,0.0000,0.0000,125,0,0,0,0,387,0,0,0,0
zc,TA209,2012-06-28 09:04:43.807,7160.0000,423934,122,0.0000,132.0000,127,5,多开,B,7158.0000,0.0000,0.0000,0.0000,0.0000,7160.0000,0.0000,0.0000,0.0000,0.0000,124,0,0,0,0,366,0,0,0,0
zc,TA209,2012-06-28 09:04:44.590,7162.0000,423292,-642,0.0000,1016.0000,187,829,空平,B,7158.0000,0.0000,0.0000,0.0000,0.0000,7162.0000,0.0000,0.0000,0.0000,0.0000,124,0,0,0,0,366,0,0,0,0
zc,TA209,2012-06-28 09:04:45.090,7160.0000,423292,0,0.0000,4.0000,2,2,空换,S,7160.0000,0.0000,0.0000,0.0000,0.0000,7162.0000,0.0000,0.0000,0.0000,0.0000,100,0,0,0,0,366,0,0,0,0
zc,TA209,2012-06-28 09:04:45.573,7160.0000,423278,-14,0.0000,48.0000,17,31,多平,S,7160.0000,0.0000,0.0000,0.0000,0.0000,7162.0000,0.0000,0.0000,0.0000,0.0000,135,0,0,0,0,357,0,0,0,0
zc,TA209,2012-06-28 09:04:46.357,7162.0000,423278,0,0.0000,30.0000,15,15,多换,B,7160.0000,0.0000,0.0000,0.0000,0.0000,7162.0000,0.0000,0.0000,0.0000,0.0000,141,0,0,0,0,342,0,0,0,0
zc,TA209,2012-06-28 09:04:46.840,7160.0000,423286,8,0.0000,152.0000,80,72,空开,S,7160.0000,0.0000,0.0000,0.0000,0.0000,7162.0000,0.0000,0.0000,0.0000,0.0000,136,0,0,0,0,290,0,0,0,0
zc,TA209,2012-06-28 09:04:47.340,7162.0000,422706,-580,0.0000,1246.0000,333,913,空平,B,7162.0000,0.0000,0.0000,0.0000,0.0000,7164.0000,0.0000,0.0000,0.0000,0.0000,324,0,0,0,0,331,0,0,0,0
zc,TA209,2012-06-28 09:04:47.807,7164.0000,422808,102,0.0000,108.0000,105,3,多开,B,7162.0000,0.0000,0.0000,0.0000,0.0000,7164.0000,0.0000,0.0000,0.0000,0.0000,432,0,0,0,0,281,0,0,0,0
zc,TA209,2012-06-28 09:04:48.557,7164.0000,422990,182,0.0000,194.0000,188,6,多开,B,7162.0000,0.0000,0.0000,0.0000,0.0000,7164.0000,0.0000,0.0000,0.0000,0.0000,431,0,0,0,0,191,0,0,0,0
zc,TA209,2012-06-28 09:04:49.107,7164.0000,423332,342,0.0000,468.0000,405,63,多开,B,7164.0000,0.0000,0.0000,0.0000,0.0000,7166.0000,0.0000,0.0000,0.0000,0.0000,135,0,0,0,0,814,0,0,0,0
zc,TA209,2012-06-28 09:04:49.807,7166.0000,423154,-178,0.0000,1074.0000,448,626,空平,B,7164.0000,0.0000,0.0000,0.0000,0.0000,7166.0000,0.0000,0.0000,0.0000,0.0000,25,0,0,0,0,808,0,0,0,0
zc,TA209,2012-06-28 09:04:50.403,7162.0000,423108,-46,0.0000,346.0000,150,196,多平,S,7160.0000,0.0000,0.0000,0.0000,0.0000,7162.0000,0.0000,0.0000,0.0000,0.0000,125,0,0,0,0,308,0,0,0,0
zc,TA209,2012-06-28 09:04:51.090,7164.0000,422738,-370,0.0000,694.0000,162,532,空平,B,7162.0000,0.0000,0.0000,0.0000,0.0000,7164.0000,0.0000,0.0000,0.0000,0.0000,1,0,0,0,0,41,0,0,0,0
zc,TA209,2012-06-28 09:04:51.840,7162.0000,422720,-18,0.0000,84.0000,33,51,多平,S,7162.0000,0.0000,0.0000,0.0000,0.0000,7164.0000,0.0000,0.0000,0.0000,0.0000,12,0,0,0,0,441,0,0,0,0
zc,TA209,2012-06-28 09:04:52.357,7162.0000,422652,-68,0.0000,80.0000,6,74,多平,S,7160.0000,0.0000,0.0000,0.0000,0.0000,7162.0000,0.0000,0.0000,0.0000,0.0000,172,0,0,0,0,94,0,0,0,0
zc,TA209,2012-06-28 09:04:52.840,7162.0000,422636,-16,0.0000,58.0000,21,37,多平,S,7160.0000,0.0000,0.0000,0.0000,0.0000,7162.0000,0.0000,0.0000,0.0000,0.0000,171,0,0,0,0,257,0,0,0,0
zc,TA209,2012-06-28 09:04:53.340,7160.0000,422886,250,0.0000,370.0000,310,60,空开,S,7158.0000,0.0000,0.0000,0.0000,0.0000,7160.0000,0.0000,0.0000,0.0000,0.0000,239,0,0,0,0,75,0,0,0,0
zc,TA209,2012-06-28 09:04:54.073,7162.0000,422840,-46,0.0000,442.0000,198,244,空平,B,7158.0000,0.0000,0.0000,0.0000,0.0000,7162.0000,0.0000,0.0000,0.0000,0.0000,242,0,0,0,0,337,0,0,0,0
zc,TA209,2012-06-28 09:04:54.557,7160.0000,422814,-26,0.0000,268.0000,121,147,多平,S,7158.0000,0.0000,0.0000,0.0000,0.0000,7160.0000,0.0000,0.0000,0.0000,0.0000,245,0,0,0,0,36,0,0,0,0
zc,TA209,2012-06-28 09:04:55.340,7160.0000,422782,-32,0.0000,70.0000,19,51,多平,S,7158.0000,0.0000,0.0000,0.0000,0.0000,7160.0000,0.0000,0.0000,0.0000,0.0000,245,0,0,0,0,78,0,0,0,0
zc,TA209,2012-06-28 09:04:55.870,7162.0000,422224,-558,0.0000,666.0000,54,612,空平,B,7162.0000,0.0000,0.0000,0.0000,0.0000,7164.0000,0.0000,0.0000,0.0000,0.0000,198,0,0,0,0,171,0,0,0,0
zc,TA209,2012-06-28 09:04:56.590,7164.0000,422222,-2,0.0000,8.0000,3,5,空平,B,7162.0000,0.0000,0.0000,0.0000,0.0000,7164.0000,0.0000,0.0000,0.0000,0.0000,198,0,0,0,0,168,0,0,0,0
zc,TA209,2012-06-28 09:04:57.120,7162.0000,422178,-44,0.0000,50.0000,3,47,多平,S,7162.0000,0.0000,0.0000,0.0000,0.0000,7164.0000,0.0000,0.0000,0.0000,0.0000,176,0,0,0,0,166,0,0,0,0
zc,TA209,2012-06-28 09:04:57.590,7162.0000,422148,-30,0.0000,56.0000,13,43,多平,S,7162.0000,0.0000,0.0000,0.0000,0.0000,7164.0000,0.0000,0.0000,0.0000,0.0000,160,0,0,0,0,189,0,0,0,0
zc,TA209,2012-06-28 09:04:58.357,7162.0000,422058,-90,0.0000,176.0000,43,133,多平,S,7162.0000,0.0000,0.0000,0.0000,0.0000,7164.0000,0.0000,0.0000,0.0000,0.0000,135,0,0,0,0,193,0,0,0,0
zc,TA209,2012-06-28 09:04:58.870,7164.0000,422036,-22,0.0000,36.0000,7,29,空平,B,7162.0000,0.0000,0.0000,0.0000,0.0000,7164.0000,0.0000,0.0000,0.0000,0.0000,132,0,0,0,0,196,0,0,0,0
zc,TA209,2012-06-28 09:04:59.323,7162.0000,422028,-8,0.0000,38.0000,15,23,多平,S,7162.0000,0.0000,0.0000,0.0000,0.0000,7164.0000,0.0000,0.0000,0.0000,0.0000,123,0,0,0,0,194,0,0,0,0
zc,TA209,2012-06-28 09:05:00.120,7162.0000,421856,-172,0.0000,268.0000,48,220,多平,S,7160.0000,0.0000,0.0000,0.0000,0.0000,7162.0000,0.0000,0.0000,0.0000,0.0000,221,0,0,0,0,182,0,0,0,0
zc,TA209,2012-06-28 09:05:00.557,7162.0000,421942,86,0.0000,86.0000,86,0,双开,S,7160.0000,0.0000,0.0000,0.0000,0.0000,7162.0000,0.0000,0.0000,0.0000,0.0000,722,0,0,0,0,308,0,0,0,0
zc,TA209,2012-06-28 09:05:01.090,7162.0000,421988,46,0.0000,58.0000,52,6,空开,S,7160.0000,0.0000,0.0000,0.0000,0.0000,7162.0000,0.0000,0.0000,0.0000,0.0000,718,0,0,0,0,295,0,0,0,0
zc,TA209,2012-06-28 09:05:01.823,7162.0000,422014,26,0.0000,38.0000,32,6,空开,S,7160.0000,0.0000,0.0000,0.0000,0.0000,7162.0000,0.0000,0.0000,0.0000,0.0000,717,0,0,0,0,278,0,0,0,0
zc,TA209,2012-06-28 09:05:02.323,7160.0000,422144,130,0.0000,328.0000,229,99,空开,S,7160.0000,0.0000,0.0000,0.0000,0.0000,7162.0000,0.0000,0.0000,0.0000,0.0000,706,0,0,0,0,29,0,0,0,0
zc,TA209,2012-06-28 09:05:03.073,7164.0000,422140,-4,0.0000,120.0000,58,62,空平,B,7162.0000,0.0000,0.0000,0.0000,0.0000,7164.0000,0.0000,0.0000,0.0000,0.0000,18,0,0,0,0,202,0,0,0,0
zc,TA209,2012-06-28 09:05:03.557,7162.0000,422156,16,0.0000,88.0000,52,36,空开,S,7162.0000,0.0000,0.0000,0.0000,0.0000,7164.0000,0.0000,0.0000,0.0000,0.0000,48,0,0,0,0,185,0,0,0,0
zc,TA209,2012-06-28 09:05:04.090,7162.0000,422154,-2,0.0000,32.0000,15,17,多平,S,7162.0000,0.0000,0.0000,0.0000,0.0000,7164.0000,0.0000,0.0000,0.0000,0.0000,53,0,0,0,0,182,0,0,0,0
zc,TA209,2012-06-28 09:05:04.840,7162.0000,422156,2,0.0000,32.0000,17,15,空开,S,7162.0000,0.0000,0.0000,0.0000,0.0000,7164.0000,0.0000,0.0000,0.0000,0.0000,48,0,0,0,0,180,0,0,0,0
zc,TA209,2012-06-28 09:05:05.370,7162.0000,422206,50,0.0000,92.0000,71,21,空开,S,7162.0000,0.0000,0.0000,0.0000,0.0000,7164.0000,0.0000,0.0000,0.0000,0.0000,20,0,0,0,0,219,0,0,0,0
zc,TA209,2012-06-28 09:05:06.090,7160.0000,422170,-36,0.0000,192.0000,78,114,多平,S,7160.0000,0.0000,0.0000,0.0000,0.0000,7164.0000,0.0000,0.0000,0.0000,0.0000,690,0,0,0,0,185,0,0,0,0
zc,TA209,2012-06-28 09:05:06.607,7162.0000,422200,30,0.0000,36.0000,33,3,多开,B,7160.0000,0.0000,0.0000,0.0000,0.0000,7162.0000,0.0000,0.0000,0.0000,0.0000,687,0,0,0,0,26,0,0,0,0
zc,TA209,2012-06-28 09:05:07.073,7160.0000,422216,16,0.0000,18.0000,17,1,空开,S,7160.0000,0.0000,0.0000,0.0000,0.0000,7162.0000,0.0000,0.0000,0.0000,0.0000,686,0,0,0,0,20,0,0,0,0
zc,TA209,2012-06-28 09:05:07.573,7162.0000,422218,2,0.0000,68.0000,35,33,多开,B,7160.0000,0.0000,0.0000,0.0000,0.0000,7162.0000,0.0000,0.0000,0.0000,0.0000,687,0,0,0,0,2,0,0,0,0
zc,TA209,2012-06-28 09:05:08.307,7162.0000,422198,-20,0.0000,26.0000,3,23,空平,B,7160.0000,0.0000,0.0000,0.0000,0.0000,7162.0000,0.0000,0.0000,0.0000,0.0000,676,0,0,0,0,15,0,0,0,0
zc,TA209,2012-06-28 09:05:08.857,7164.0000,422226,28,0.0000,108.0000,68,40,多开,B,7162.0000,0.0000,0.0000,0.0000,0.0000,7164.0000,0.0000,0.0000,0.0000,0.0000,34,0,0,0,0,298,0,0,0,0
zc,TA209,2012-06-28 09:05:09.357,7164.0000,422252,26,0.0000,30.0000,28,2,多开,B,7162.0000,0.0000,0.0000,0.0000,0.0000,7164.0000,0.0000,0.0000,0.0000,0.0000,107,0,0,0,0,302,0,0,0,0
zc,TA209,2012-06-28 09:05:10.107,7162.0000,422234,-18,0.0000,76.0000,29,47,多平,S,7162.0000,0.0000,0.0000,0.0000,0.0000,7164.0000,0.0000,0.0000,0.0000,0.0000,73,0,0,0,0,371,0,0,0,0
zc,TA209,2012-06-28 09:05:10.557,7162.0000,422182,-52,0.0000,144.0000,46,98,多平,S,7162.0000,0.0000,0.0000,0.0000,0.0000,7164.0000,0.0000,0.0000,0.0000,0.0000,46,0,0,0,0,336,0,0,0,0
zc,TA209,2012-06-28 09:05:11.357,7164.0000,422180,-2,0.0000,30.0000,14,16,空平,B,7162.0000,0.0000,0.0000,0.0000,0.0000,7164.0000,0.0000,0.0000,0.0000,0.0000,36,0,0,0,0,332,0,0,0,0
zc,TA209,2012-06-28 09:05:11.823,7162.0000,422156,-24,0.0000,86.0000,31,55,多平,S,7160.0000,0.0000,0.0000,0.0000,0.0000,7162.0000,0.0000,0.0000,0.0000,0.0000,686,0,0,0,0,178,0,0,0,0
zc,TA209,2012-06-28 09:05:12.323,7162.0000,422156,0,0.0000,52.0000,26,26,空换,S,7160.0000,0.0000,0.0000,0.0000,0.0000,7162.0000,0.0000,0.0000,0.0000,0.0000,686,0,0,0,0,174,0,0,0,0
zc,TA209,2012-06-28 09:05:12.857,7162.0000,422152,-4,0.0000,218.0000,107,111,多平,S,7160.0000,0.0000,0.0000,0.0000,0.0000,7162.0000,0.0000,0.0000,0.0000,0.0000,682,0,0,0,0,132,0,0,0,0
zc,TA209,2012-06-28 09:05:13.557,7162.0000,422138,-14,0.0000,18.0000,2,16,多平,S,7160.0000,0.0000,0.0000,0.0000,0.0000,7162.0000,0.0000,0.0000,0.0000,0.0000,682,0,0,0,0,126,0,0,0,0
zc,TA209,2012-06-28 09:05:14.073,7162.0000,422104,-34,0.0000,54.0000,10,44,多平,S,7160.0000,0.0000,0.0000,0.0000,0.0000,7162.0000,0.0000,0.0000,0.0000,0.0000,679,0,0,0,0,362,0,0,0,0
zc,TA209,2012-06-28 09:05:14.557,7162.0000,422104,0,0.0000,2.0000,1,1,空换,S,7160.0000,0.0000,0.0000,0.0000,0.0000,7162.0000,0.0000,0.0000,0.0000,0.0000,729,0,0,0,0,360,0,0,0,0
zc,TA209,2012-06-28 09:05:15.370,7162.0000,422094,-10,0.0000,162.0000,76,86,多平,S,7160.0000,0.0000,0.0000,0.0000,0.0000,7162.0000,0.0000,0.0000,0.0000,0.0000,719,0,0,0,0,295,0,0,0,0
zc,TA209,2012-06-28 09:05:15.870,7160.0000,422106,12,0.0000,18.0000,15,3,空开,S,7160.0000,0.0000,0.0000,0.0000,0.0000,7162.0000,0.0000,0.0000,0.0000,0.0000,728,0,0,0,0,288,0,0,0,0
zc,TA209,2012-06-28 09:05:16.590,7162.0000,422106,0,0.0000,78.0000,39,39,多换,B,7160.0000,0.0000,0.0000,0.0000,0.0000,7162.0000,0.0000,0.0000,0.0000,0.0000,720,0,0,0,0,258,0,0,0,0
zc,TA209,2012-06-28 09:05:17.043,7160.0000,422112,6,0.0000,6.0000,6,0,双开,S,7160.0000,0.0000,0.0000,0.0000,0.0000,7162.0000,0.0000,0.0000,0.0000,0.0000,1718,0,0,0,0,20,0,0,0,0
zc,TA209,2012-06-28 09:05:17.823,7162.0000,422126,14,0.0000,48.0000,31,17,多开,B,7162.0000,0.0000,0.0000,0.0000,0.0000,7164.0000,0.0000,0.0000,0.0000,0.0000,16,0,0,0,0,466,0,0,0,0
zc,TA209,2012-06-28 09:05:18.057,7162.0000,422198,72,0.0000,98.0000,85,13,多开,B,7162.0000,0.0000,0.0000,0.0000,0.0000,7164.0000,0.0000,0.0000,0.0000,0.0000,68,0,0,0,0,472,0,0,0,0
zc,TA209,2012-06-28 09:05:18.887,7162.0000,422200,2,0.0000,2.0000,2,0,双开,B,7162.0000,0.0000,0.0000,0.0000,0.0000,7164.0000,0.0000,0.0000,0.0000,0.0000,118,0,0,0,0,472,0,0,0,0
zc,TA209,2012-06-28 09:05:19.323,7162.0000,422242,42,0.0000,80.0000,61,19,多开,B,7162.0000,0.0000,0.0000,0.0000,0.0000,7164.0000,0.0000,0.0000,0.0000,0.0000,222,0,0,0,0,454,0,0,0,0
zc,TA209,2012-06-28 09:05:20.090,7162.0000,422242,0,0.0000,18.0000,9,9,多换,B,7162.0000,0.0000,0.0000,0.0000,0.0000,7164.0000,0.0000,0.0000,0.0000,0.0000,234,0,0,0,0,454,0,0,0,0
zc,TA209,2012-06-28 09:05:20.607,7162.0000,422312,70,0.0000,74.0000,72,2,多开,B,7162.0000,0.0000,0.0000,0.0000,0.0000,7164.0000,0.0000,0.0000,0.0000,0.0000,199,0,0,0,0,455,0,0,0,0
zc,TA209,2012-06-28 09:05:21.090,7164.0000,422320,8,0.0000,22.0000,15,7,多开,B,7162.0000,0.0000,0.0000,0.0000,0.0000,7164.0000,0.0000,0.0000,0.0000,0.0000,199,0,0,0,0,404,0,0,0,0
zc,TA209,2012-06-28 09:05:21.840,7162.0000,422278,-42,0.0000,70.0000,14,56,多平,S,7162.0000,0.0000,0.0000,0.0000,0.0000,7164.0000,0.0000,0.0000,0.0000,0.0000,165,0,0,0,0,407,0,0,0,0
zc,TA209,2012-06-28 09:05:22.590,7162.0000,422302,24,0.0000,78.0000,51,27,空开,S,7162.0000,0.0000,0.0000,0.0000,0.0000,7164.0000,0.0000,0.0000,0.0000,0.0000,216,0,0,0,0,377,0,0,0,0
zc,TA209,2012-06-28 09:05:23.043,7164.0000,422340,38,0.0000,48.0000,43,5,多开,B,7162.0000,0.0000,0.0000,0.0000,0.0000,7164.0000,0.0000,0.0000,0.0000,0.0000,230,0,0,0,0,362,0,0,0,0
zc,TA209,2012-06-28 09:05:23.607,7164.0000,422536,196,0.0000,360.0000,278,82,多开,B,7162.0000,0.0000,0.0000,0.0000,0.0000,7164.0000,0.0000,0.0000,0.0000,0.0000,237,0,0,0,0,188,0,0,0,0
zc,TA209,2012-06-28 09:05:24.340,7162.0000,422570,34,0.0000,390.0000,212,178,空开,S,7162.0000,0.0000,0.0000,0.0000,0.0000,7164.0000,0.0000,0.0000,0.0000,0.0000,244,0,0,0,0,15,0,0,0,0
zc,TA209,2012-06-28 09:05:24.840,7164.0000,422530,-40,0.0000,46.0000,3,43,空平,B,7164.0000,0.0000,0.0000,0.0000,0.0000,7166.0000,0.0000,0.0000,0.0000,0.0000,8,0,0,0,0,1020,0,0,0,0
zc,TA209,2012-06-28 09:05:25.620,7162.0000,422526,-4,0.0000,70.0000,33,37,多平,S,7162.0000,0.0000,0.0000,0.0000,0.0000,7164.0000,0.0000,0.0000,0.0000,0.0000,241,0,0,0,0,86,0,0,0,0
zc,TA209,2012-06-28 09:05:26.090,7164.0000,422520,-6,0.0000,42.0000,18,24,空平,B,7162.0000,0.0000,0.0000,0.0000,0.0000,7164.0000,0.0000,0.0000,0.0000,0.0000,241,0,0,0,0,157,0,0,0,0
zc,TA209,2012-06-28 09:05:26.840,7166.0000,421814,-706,0.0000,752.0000,23,729,空平,B,7164.0000,0.0000,0.0000,0.0000,0.0000,7166.0000,0.0000,0.0000,0.0000,0.0000,462,0,0,0,0,989,0,0,0,0
zc,TA209,2012-06-28 09:05:27.323,7164.0000,421228,-586,0.0000,694.0000,54,640,多平,S,7164.0000,0.0000,0.0000,0.0000,0.0000,7166.0000,0.0000,0.0000,0.0000,0.0000,136,0,0,0,0,1018,0,0,0,0
zc,TA209,2012-06-28 09:05:27.840,7166.0000,421278,50,0.0000,68.0000,59,9,多开,B,7164.0000,0.0000,0.0000,0.0000,0.0000,7166.0000,0.0000,0.0000,0.0000,0.0000,219,0,0,0,0,992,0,0,0,0
zc,TA209,2012-06-28 09:05:28.543,7164.0000,421280,2,0.0000,40.0000,21,19,空开,S,7164.0000,0.0000,0.0000,0.0000,0.0000,7166.0000,0.0000,0.0000,0.0000,0.0000,239,0,0,0,0,986,0,0,0,0
zc,TA209,2012-06-28 09:05:29.073,7164.0000,421300,20,0.0000,38.0000,29,9,空开,S,7164.0000,0.0000,0.0000,0.0000,0.0000,7166.0000,0.0000,0.0000,0.0000,0.0000,236,0,0,0,0,972,0,0,0,0
zc,TA209,2012-06-28 09:05:29.823,7166.0000,421322,22,0.0000,46.0000,34,12,多开,B,7164.0000,0.0000,0.0000,0.0000,0.0000,7166.0000,0.0000,0.0000,0.0000,0.0000,244,0,0,0,0,961,0,0,0,0
