市场代码,合约代码,时间,最新,持仓,增仓,成交额,成交量,开仓,平仓,成交类型,方向,买一价,买二价,买三价,买四价,买五价,卖一价,卖二价,卖三价,卖四价,卖五价,买一量,买二量,买三量,买四量,买五量,卖一量,卖二量,卖三量,卖四量,卖五量
zc,TA210,2012-06-28 07:42:43.667,0.0000,1314,0,0.0000,0.0000,0,0,空换,S,0.0000,0.0000,0.0000,0.0000,0.0000,0.0000,0.0000,0.0000,0.0000,0.0000,0,0,0,0,0,0,0,0,0,0
zc,TA210,2012-06-28 07:46:44.683,0.0000,1314,0,0.0000,0.0000,0,0,空换,S,0.0000,0.0000,0.0000,0.0000,0.0000,0.0000,0.0000,0.0000,0.0000,0.0000,0,0,0,0,0,0,0,0,0,0
zc,TA210,2012-06-28 07:53:44.700,0.0000,1314,0,0.0000,0.0000,0,0,空换,S,0.0000,0.0000,0.0000,0.0000,0.0000,0.0000,0.0000,0.0000,0.0000,0.0000,0,0,0,0,0,0,0,0,0,0
zc,TA210,2012-06-28 07:55:44.700,0.0000,1314,0,0.0000,0.0000,0,0,空换,S,0.0000,0.0000,0.0000,0.0000,0.0000,0.0000,0.0000,0.0000,0.0000,0.0000,0,0,0,0,0,0,0,0,0,0
zc,TA210,2012-06-28 07:57:44.683,0.0000,1314,0,0.0000,0.0000,0,0,空换,S,0.0000,0.0000,0.0000,0.0000,0.0000,0.0000,0.0000,0.0000,0.0000,0.0000,0,0,0,0,0,0,0,0,0,0
zc,TA210,2012-06-28 07:59:44.683,0.0000,1314,0,0.0000,0.0000,0,0,空换,S,0.0000,0.0000,0.0000,0.0000,0.0000,0.0000,0.0000,0.0000,0.0000,0.0000,0,0,0,0,0,0,0,0,0,0
zc,TA210,2012-06-28 08:04:44.683,0.0000,1314,0,0.0000,0.0000,0,0,空换,S,0.0000,0.0000,0.0000,0.0000,0.0000,0.0000,0.0000,0.0000,0.0000,0.0000,0,0,0,0,0,0,0,0,0,0
zc,TA210,2012-06-28 08:06:46.307,0.0000,1314,0,0.0000,0.0000,0,0,空换,S,0.0000,0.0000,0.0000,0.0000,0.0000,0.0000,0.0000,0.0000,0.0000,0.0000,0,0,0,0,0,0,0,0,0,0
zc,TA210,2012-06-28 08:07:46.307,0.0000,1314,0,0.0000,0.0000,0,0,空换,S,0.0000,0.0000,0.0000,0.0000,0.0000,0.0000,0.0000,0.0000,0.0000,0.0000,0,0,0,0,0,0,0,0,0,0
zc,TA210,2012-06-28 08:26:46.323,0.0000,1314,0,0.0000,0.0000,0,0,空换,S,0.0000,0.0000,0.0000,0.0000,0.0000,0.0000,0.0000,0.0000,0.0000,0.0000,0,0,0,0,0,0,0,0,0,0
zc,TA210,2012-06-28 08:35:46.323,0.0000,1314,0,0.0000,0.0000,0,0,空换,S,0.0000,0.0000,0.0000,0.0000,0.0000,0.0000,0.0000,0.0000,0.0000,0.0000,0,0,0,0,0,0,0,0,0,0
zc,TA210,2012-06-28 08:43:46.307,0.0000,1314,0,0.0000,0.0000,0,0,空换,S,0.0000,0.0000,0.0000,0.0000,0.0000,0.0000,0.0000,0.0000,0.0000,0.0000,0,0,0,0,0,0,0,0,0,0
zc,TA210,2012-06-28 08:59:01.997,0.0000,1314,0,0.0000,0.0000,0,0,空换,S,7150.0000,0.0000,0.0000,0.0000,0.0000,7402.0000,0.0000,0.0000,0.0000,0.0000,3,0,0,0,0,1,0,0,0,0
zc,TA210,2012-06-28 08:59:46.307,0.0000,1314,0,0.0000,0.0000,0,0,空换,S,7150.0000,0.0000,0.0000,0.0000,0.0000,7402.0000,0.0000,0.0000,0.0000,0.0000,3,0,0,0,0,1,0,0,0,0
zc,TA210,2012-06-28 09:00:02.450,0.0000,1314,0,0.0000,0.0000,0,0,空换,S,7150.0000,0.0000,0.0000,0.0000,0.0000,7162.0000,0.0000,0.0000,0.0000,0.0000,3,0,0,0,0,1,0,0,0,0
zc,TA210,2012-06-28 09:00:03.730,0.0000,1314,0,0.0000,0.0000,0,0,空换,S,7150.0000,0.0000,0.0000,0.0000,0.0000,7170.0000,0.0000,0.0000,0.0000,0.0000,3,0,0,0,0,1,0,0,0,0
zc,TA210,2012-06-28 09:00:05.217,0.0000,1314,0,0.0000,0.0000,0,0,空换,S,7150.0000,0.0000,0.0000,0.0000,0.0000,7172.0000,0.0000,0.0000,0.0000,0.0000,3,0,0,0,0,1,0,0,0,0
zc,TA210,2012-06-28 09:00:06.933,0.0000,1314,0,0.0000,0.0000,0,0,空换,S,7150.0000,0.0000,0.0000,0.0000,0.0000,7172.0000,0.0000,0.0000,0.0000,0.0000,4,0,0,0,0,1,0,0,0,0
zc,TA210,2012-06-28 09:00:07.450,0.0000,1314,0,0.0000,0.0000,0,0,空换,S,7150.0000,0.0000,0.0000,0.0000,0.0000,7170.0000,0.0000,0.0000,0.0000,0.0000,3,0,0,0,0,1,0,0,0,0
zc,TA210,2012-06-28 09:00:08.137,0.0000,1314,0,0.0000,0.0000,0,0,空换,S,7150.0000,0.0000,0.0000,0.0000,0.0000,7172.0000,0.0000,0.0000,0.0000,0.0000,3,0,0,0,0,1,0,0,0,0
zc,TA210,2012-06-28 09:00:08.387,0.0000,1314,0,0.0000,0.0000,0,0,空换,S,7152.0000,0.0000,0.0000,0.0000,0.0000,7174.0000,0.0000,0.0000,0.0000,0.0000,1,0,0,0,0,1,0,0,0,0
zc,TA210,2012-06-28 09:00:09.403,0.0000,1314,0,0.0000,0.0000,0,0,空换,S,7152.0000,0.0000,0.0000,0.0000,0.0000,7176.0000,0.0000,0.0000,0.0000,0.0000,1,0,0,0,0,1,0,0,0,0
zc,TA210,2012-06-28 09:00:09.903,0.0000,1314,0,0.0000,0.0000,0,0,空换,S,7150.0000,0.0000,0.0000,0.0000,0.0000,7172.0000,0.0000,0.0000,0.0000,0.0000,4,0,0,0,0,1,0,0,0,0
zc,TA210,2012-06-28 09:00:10.653,0.0000,1314,0,0.0000,0.0000,0,0,空换,S,7156.0000,0.0000,0.0000,0.0000,0.0000,7178.0000,0.0000,0.0000,0.0000,0.0000,1,0,0,0,0,1,0,0,0,0
zc,TA210,2012-06-28 09:00:10.917,0.0000,1314,0,0.0000,0.0000,0,0,空换,S,7154.0000,0.0000,0.0000,0.0000,0.0000,7178.0000,0.0000,0.0000,0.0000,0.0000,1,0,0,0,0,1,0,0,0,0
zc,TA210,2012-06-28 09:00:11.667,0.0000,1314,0,0.0000,0.0000,0,0,空换,S,7154.0000,0.0000,0.0000,0.0000,0.0000,7176.0000,0.0000,0.0000,0.0000,0.0000,1,0,0,0,0,1,0,0,0,0
zc,TA210,2012-06-28 09:00:12.417,0.0000,1314,0,0.0000,0.0000,0,0,空换,S,7152.0000,0.0000,0.0000,0.0000,0.0000,7174.0000,0.0000,0.0000,0.0000,0.0000,1,0,0,0,0,1,0,0,0,0
zc,TA210,2012-06-28 09:00:13.120,0.0000,1314,0,0.0000,0.0000,0,0,空换,S,7150.0000,0.0000,0.0000,0.0000,0.0000,7172.0000,0.0000,0.0000,0.0000,0.0000,4,0,0,0,0,1,0,0,0,0
zc,TA210,2012-06-28 09:00:15.167,0.0000,1314,0,0.0000,0.0000,0,0,空换,S,7150.0000,0.0000,0.0000,0.0000,0.0000,7170.0000,0.0000,0.0000,0.0000,0.0000,3,0,0,0,0,1,0,0,0,0
zc,TA210,2012-06-28 09:00:16.667,7170.0000,1316,2,0.0000,2.0000,2,0,双开,B,7150.0000,0.0000,0.0000,0.0000,0.0000,7170.0000,0.0000,0.0000,0.0000,0.0000,3,0,0,0,0,1,0,0,0,0
zc,TA210,2012-06-28 09:00:17.917,7170.0000,1316,0,0.0000,0.0000,0,0,多换,B,7150.0000,0.0000,0.0000,0.0000,0.0000,7168.0000,0.0000,0.0000,0.0000,0.0000,3,0,0,0,0,1,0,0,0,0
zc,TA210,2012-06-28 09:00:19.137,7170.0000,1316,0,0.0000,0.0000,0,0,多换,B,7150.0000,0.0000,0.0000,0.0000,0.0000,7166.0000,0.0000,0.0000,0.0000,0.0000,3,0,0,0,0,1,0,0,0,0
zc,TA210,2012-06-28 09:00:20.417,7170.0000,1316,0,0.0000,0.0000,0,0,多换,B,7150.0000,0.0000,0.0000,0.0000,0.0000,7164.0000,0.0000,0.0000,0.0000,0.0000,3,0,0,0,0,1,0,0,0,0
zc,TA210,2012-06-28 09:00:21.137,7170.0000,1316,0,0.0000,0.0000,0,0,多换,B,7150.0000,0.0000,0.0000,0.0000,0.0000,7162.0000,0.0000,0.0000,0.0000,0.0000,3,0,0,0,0,1,0,0,0,0
zc,TA210,2012-06-28 09:00:23.153,7170.0000,1316,0,0.0000,0.0000,0,0,多换,B,7150.0000,0.0000,0.0000,0.0000,0.0000,7164.0000,0.0000,0.0000,0.0000,0.0000,3,0,0,0,0,1,0,0,0,0
zc,TA210,2012-06-28 09:00:23.870,7170.0000,1316,0,0.0000,0.0000,0,0,多换,B,7150.0000,0.0000,0.0000,0.0000,0.0000,7166.0000,0.0000,0.0000,0.0000,0.0000,3,0,0,0,0,1,0,0,0,0
zc,TA210,2012-06-28 09:00:25.120,7170.0000,1316,0,0.0000,0.0000,0,0,多换,B,7150.0000,0.0000,0.0000,0.0000,0.0000,7160.0000,0.0000,0.0000,0.0000,0.0000,3,0,0,0,0,1,0,0,0,0
zc,TA210,2012-06-28 09:00:26.637,7170.0000,1316,0,0.0000,0.0000,0,0,多换,B,7150.0000,0.0000,0.0000,0.0000,0.0000,7158.0000,0.0000,0.0000,0.0000,0.0000,3,0,0,0,0,1,0,0,0,0
zc,TA210,2012-06-28 09:00:28.467,7170.0000,1316,0,0.0000,0.0000,0,0,多换,B,7150.0000,0.0000,0.0000,0.0000,0.0000,7156.0000,0.0000,0.0000,0.0000,0.0000,3,0,0,0,0,1,0,0,0,0
zc,TA210,2012-06-28 09:00:29.903,7170.0000,1316,0,0.0000,0.0000,0,0,多换,B,7150.0000,0.0000,0.0000,0.0000,0.0000,7158.0000,0.0000,0.0000,0.0000,0.0000,3,0,0,0,0,1,0,0,0,0
zc,TA210,2012-06-28 09:00:30.637,7170.0000,1316,0,0.0000,0.0000,0,0,多换,B,7150.0000,0.0000,0.0000,0.0000,0.0000,7160.0000,0.0000,0.0000,0.0000,0.0000,3,0,0,0,0,1,0,0,0,0
zc,TA210,2012-06-28 09:00:31.137,7170.0000,1316,0,0.0000,0.0000,0,0,多换,B,7150.0000,0.0000,0.0000,0.0000,0.0000,7156.0000,0.0000,0.0000,0.0000,0.0000,3,0,0,0,0,1,0,0,0,0
zc,TA210,2012-06-28 09:00:32.667,7170.0000,1316,0,0.0000,0.0000,0,0,多换,B,7150.0000,0.0000,0.0000,0.0000,0.0000,7160.0000,0.0000,0.0000,0.0000,0.0000,3,0,0,0,0,1,0,0,0,0
zc,TA210,2012-06-28 09:00:33.917,7170.0000,1316,0,0.0000,0.0000,0,0,多换,B,7150.0000,0.0000,0.0000,0.0000,0.0000,7156.0000,0.0000,0.0000,0.0000,0.0000,3,0,0,0,0,1,0,0,0,0
zc,TA210,2012-06-28 09:00:35.153,7170.0000,1316,0,0.0000,0.0000,0,0,多换,B,7150.0000,0.0000,0.0000,0.0000,0.0000,7152.0000,0.0000,0.0000,0.0000,0.0000,3,0,0,0,0,1,0,0,0,0
zc,TA210,2012-06-28 09:00:36.387,7170.0000,1316,0,0.0000,0.0000,0,0,多换,B,7150.0000,0.0000,0.0000,0.0000,0.0000,7154.0000,0.0000,0.0000,0.0000,0.0000,3,0,0,0,0,1,0,0,0,0
zc,TA210,2012-06-28 09:00:37.620,7170.0000,1316,0,0.0000,0.0000,0,0,多换,B,7150.0000,0.0000,0.0000,0.0000,0.0000,7156.0000,0.0000,0.0000,0.0000,0.0000,3,0,0,0,0,1,0,0,0,0
zc,TA210,2012-06-28 09:00:42.637,7170.0000,1316,0,0.0000,0.0000,0,0,多换,B,7150.0000,0.0000,0.0000,0.0000,0.0000,7154.0000,0.0000,0.0000,0.0000,0.0000,3,0,0,0,0,1,0,0,0,0
zc,TA210,2012-06-28 09:00:43.417,7170.0000,1316,0,0.0000,0.0000,0,0,多换,B,7150.0000,0.0000,0.0000,0.0000,0.0000,7156.0000,0.0000,0.0000,0.0000,0.0000,3,0,0,0,0,1,0,0,0,0
zc,TA210,2012-06-28 09:00:43.870,7170.0000,1316,0,0.0000,0.0000,0,0,多换,B,7150.0000,0.0000,0.0000,0.0000,0.0000,7154.0000,0.0000,0.0000,0.0000,0.0000,3,0,0,0,0,1,0,0,0,0
zc,TA210,2012-06-28 09:00:44.620,7170.0000,1316,0,0.0000,0.0000,0,0,多换,B,7150.0000,0.0000,0.0000,0.0000,0.0000,7156.0000,0.0000,0.0000,0.0000,0.0000,4,0,0,0,0,1,0,0,0,0
zc,TA210,2012-06-28 09:00:45.120,7170.0000,1316,0,0.0000,0.0000,0,0,多换,B,7150.0000,0.0000,0.0000,0.0000,0.0000,7156.0000,0.0000,0.0000,0.0000,0.0000,3,0,0,0,0,1,0,0,0,0
zc,TA210,2012-06-28 09:00:45.887,7170.0000,1316,0,0.0000,0.0000,0,0,多换,B,7150.0000,0.0000,0.0000,0.0000,0.0000,7156.0000,0.0000,0.0000,0.0000,0.0000,4,0,0,0,0,1,0,0,0,0
zc,TA210,2012-06-28 09:00:46.387,7170.0000,1316,0,0.0000,0.0000,0,0,多换,B,7150.0000,0.0000,0.0000,0.0000,0.0000,7156.0000,0.0000,0.0000,0.0000,0.0000,3,0,0,0,0,1,0,0,0,0
zc,TA210,2012-06-28 09:00:48.387,7170.0000,1316,0,0.0000,0.0000,0,0,多换,B,7150.0000,0.0000,0.0000,0.0000,0.0000,7158.0000,0.0000,0.0000,0.0000,0.0000,4,0,0,0,0,1,0,0,0,0
zc,TA210,2012-06-28 09:00:49.620,7170.0000,1316,0,0.0000,0.0000,0,0,多换,B,7150.0000,0.0000,0.0000,0.0000,0.0000,7162.0000,0.0000,0.0000,0.0000,0.0000,4,0,0,0,0,1,0,0,0,0
zc,TA210,2012-06-28 09:00:50.387,7170.0000,1316,0,0.0000,0.0000,0,0,多换,B,7152.0000,0.0000,0.0000,0.0000,0.0000,7162.0000,0.0000,0.0000,0.0000,0.0000,1,0,0,0,0,1,0,0,0,0
zc,TA210,2012-06-28 09:00:50.887,7170.0000,1316,0,0.0000,0.0000,0,0,多换,B,7152.0000,0.0000,0.0000,0.0000,0.0000,7164.0000,0.0000,0.0000,0.0000,0.0000,1,0,0,0,0,1,0,0,0,0
zc,TA210,2012-06-28 09:00:51.620,7170.0000,1316,0,0.0000,0.0000,0,0,多换,B,7150.0000,0.0000,0.0000,0.0000,0.0000,7164.0000,0.0000,0.0000,0.0000,0.0000,3,0,0,0,0,1,0,0,0,0
zc,TA210,2012-06-28 09:00:52.107,7170.0000,1316,0,0.0000,0.0000,0,0,多换,B,7154.0000,0.0000,0.0000,0.0000,0.0000,7166.0000,0.0000,0.0000,0.0000,0.0000,1,0,0,0,0,1,0,0,0,0
zc,TA210,2012-06-28 09:00:52.933,7170.0000,1316,0,0.0000,0.0000,0,0,多换,B,7154.0000,0.0000,0.0000,0.0000,0.0000,7162.0000,0.0000,0.0000,0.0000,0.0000,1,0,0,0,0,1,0,0,0,0
zc,TA210,2012-06-28 09:00:53.370,7170.0000,1316,0,0.0000,0.0000,0,0,多换,B,7154.0000,0.0000,0.0000,0.0000,0.0000,7168.0000,0.0000,0.0000,0.0000,0.0000,1,0,0,0,0,1,0,0,0,0
zc,TA210,2012-06-28 09:00:55.120,7170.0000,1316,0,0.0000,0.0000,0,0,多换,B,7152.0000,0.0000,0.0000,0.0000,0.0000,7168.0000,0.0000,0.0000,0.0000,0.0000,1,0,0,0,0,1,0,0,0,0
zc,TA210,2012-06-28 09:00:55.667,7170.0000,1316,0,0.0000,0.0000,0,0,多换,B,7152.0000,0.0000,0.0000,0.0000,0.0000,7166.0000,0.0000,0.0000,0.0000,0.0000,1,0,0,0,0,1,0,0,0,0
zc,TA210,2012-06-28 09:00:56.870,7170.0000,1316,0,0.0000,0.0000,0,0,多换,B,7152.0000,0.0000,0.0000,0.0000,0.0000,7164.0000,0.0000,0.0000,0.0000,0.0000,1,0,0,0,0,1,0,0,0,0
zc,TA210,2012-06-28 09:00:58.653,7170.0000,1316,0,0.0000,0.0000,0,0,多换,B,7152.0000,0.0000,0.0000,0.0000,0.0000,7162.0000,0.0000,0.0000,0.0000,0.0000,1,0,0,0,0,1,0,0,0,0
zc,TA210,2012-06-28 09:01:00.387,7170.0000,1316,0,0.0000,0.0000,0,0,多换,B,7150.0000,0.0000,0.0000,0.0000,0.0000,7162.0000,0.0000,0.0000,0.0000,0.0000,4,0,0,0,0,1,0,0,0,0
zc,TA210,2012-06-28 09:01:03.137,7170.0000,1316,0,0.0000,0.0000,0,0,多换,B,7150.0000,0.0000,0.0000,0.0000,0.0000,7164.0000,0.0000,0.0000,0.0000,0.0000,4,0,0,0,0,1,0,0,0,0
zc,TA210,2012-06-28 09:01:03.653,7170.0000,1316,0,0.0000,0.0000,0,0,多换,B,7150.0000,0.0000,0.0000,0.0000,0.0000,7160.0000,0.0000,0.0000,0.0000,0.0000,4,0,0,0,0,1,0,0,0,0
zc,TA210,2012-06-28 09:01:04.387,7170.0000,1316,0,0.0000,0.0000,0,0,多换,B,7150.0000,0.0000,0.0000,0.0000,0.0000,7162.0000,0.0000,0.0000,0.0000,0.0000,3,0,0,0,0,1,0,0,0,0
zc,TA210,2012-06-28 09:01:04.620,7170.0000,1316,0,0.0000,0.0000,0,0,多换,B,7150.0000,0.0000,0.0000,0.0000,0.0000,7164.0000,0.0000,0.0000,0.0000,0.0000,3,0,0,0,0,1,0,0,0,0
zc,TA210,2012-06-28 09:01:05.403,7170.0000,1316,0,0.0000,0.0000,0,0,多换,B,7152.0000,0.0000,0.0000,0.0000,0.0000,7164.0000,0.0000,0.0000,0.0000,0.0000,1,0,0,0,0,1,0,0,0,0
zc,TA210,2012-06-28 09:01:07.340,7170.0000,1316,0,0.0000,0.0000,0,0,多换,B,7152.0000,0.0000,0.0000,0.0000,0.0000,7166.0000,0.0000,0.0000,0.0000,0.0000,1,0,0,0,0,1,0,0,0,0
zc,TA210,2012-06-28 09:01:09.887,7170.0000,1316,0,0.0000,0.0000,0,0,多换,B,7152.0000,0.0000,0.0000,0.0000,0.0000,7164.0000,0.0000,0.0000,0.0000,0.0000,1,0,0,0,0,1,0,0,0,0
zc,TA210,2012-06-28 09:01:10.090,7170.0000,1316,0,0.0000,0.0000,0,0,多换,B,7152.0000,0.0000,0.0000,0.0000,0.0000,7168.0000,0.0000,0.0000,0.0000,0.0000,1,0,0,0,0,1,0,0,0,0
zc,TA210,2012-06-28 09:01:12.090,7170.0000,1316,0,0.0000,0.0000,0,0,多换,B,7154.0000,0.0000,0.0000,0.0000,0.0000,7168.0000,0.0000,0.0000,0.0000,0.0000,1,0,0,0,0,1,0,0,0,0
zc,TA210,2012-06-28 09:01:13.357,7170.0000,1316,0,0.0000,0.0000,0,0,多换,B,7154.0000,0.0000,0.0000,0.0000,0.0000,7166.0000,0.0000,0.0000,0.0000,0.0000,1,0,0,0,0,1,0,0,0,0
zc,TA210,2012-06-28 09:01:13.857,7170.0000,1316,0,0.0000,0.0000,0,0,多换,B,7150.0000,0.0000,0.0000,0.0000,0.0000,7162.0000,0.0000,0.0000,0.0000,0.0000,4,0,0,0,0,1,0,0,0,0
zc,TA210,2012-06-28 09:01:15.637,7170.0000,1316,0,0.0000,0.0000,0,0,多换,B,7150.0000,0.0000,0.0000,0.0000,0.0000,7164.0000,0.0000,0.0000,0.0000,0.0000,4,0,0,0,0,1,0,0,0,0
zc,TA210,2012-06-28 09:01:16.917,7170.0000,1316,0,0.0000,0.0000,0,0,多换,B,7150.0000,0.0000,0.0000,0.0000,0.0000,7166.0000,0.0000,0.0000,0.0000,0.0000,4,0,0,0,0,1,0,0,0,0
zc,TA210,2012-06-28 09:01:17.370,7170.0000,1316,0,0.0000,0.0000,0,0,多换,B,7150.0000,0.0000,0.0000,0.0000,0.0000,7164.0000,0.0000,0.0000,0.0000,0.0000,4,0,0,0,0,1,0,0,0,0
zc,TA210,2012-06-28 09:01:17.903,7170.0000,1316,0,0.0000,0.0000,0,0,多换,B,7150.0000,0.0000,0.0000,0.0000,0.0000,7166.0000,0.0000,0.0000,0.0000,0.0000,4,0,0,0,0,1,0,0,0,0
zc,TA210,2012-06-28 09:01:18.870,7170.0000,1316,0,0.0000,0.0000,0,0,多换,B,7152.0000,0.0000,0.0000,0.0000,0.0000,7166.0000,0.0000,0.0000,0.0000,0.0000,1,0,0,0,0,1,0,0,0,0
zc,TA210,2012-06-28 09:01:19.403,7170.0000,1316,0,0.0000,0.0000,0,0,多换,B,7154.0000,0.0000,0.0000,0.0000,0.0000,7166.0000,0.0000,0.0000,0.0000,0.0000,1,0,0,0,0,1,0,0,0,0
zc,TA210,2012-06-28 09:01:20.107,7170.0000,1316,0,0.0000,0.0000,0,0,多换,B,7152.0000,0.0000,0.0000,0.0000,0.0000,7166.0000,0.0000,0.0000,0.0000,0.0000,1,0,0,0,0,1,0,0,0,0
zc,TA210,2012-06-28 09:01:20.607,7170.0000,1316,0,0.0000,0.0000,0,0,多换,B,7152.0000,0.0000,0.0000,0.0000,0.0000,7164.0000,0.0000,0.0000,0.0000,0.0000,1,0,0,0,0,1,0,0,0,0
zc,TA210,2012-06-28 09:01:28.167,7170.0000,1316,0,0.0000,0.0000,0,0,多换,B,7152.0000,0.0000,0.0000,0.0000,0.0000,7166.0000,0.0000,0.0000,0.0000,0.0000,1,0,0,0,0,1,0,0,0,0
zc,TA210,2012-06-28 09:01:32.620,7170.0000,1316,0,0.0000,0.0000,0,0,多换,B,7152.0000,0.0000,0.0000,0.0000,0.0000,7168.0000,0.0000,0.0000,0.0000,0.0000,1,0,0,0,0,1,0,0,0,0
zc,TA210,2012-06-28 09:01:35.590,7170.0000,1316,0,0.0000,0.0000,0,0,多换,B,7150.0000,0.0000,0.0000,0.0000,0.0000,7168.0000,0.0000,0.0000,0.0000,0.0000,4,0,0,0,0,1,0,0,0,0
zc,TA210,2012-06-28 09:01:36.120,7170.0000,1316,0,0.0000,0.0000,0,0,多换,B,7150.0000,0.0000,0.0000,0.0000,0.0000,7166.0000,0.0000,0.0000,0.0000,0.0000,4,0,0,0,0,1,0,0,0,0
zc,TA210,2012-06-28 09:01:36.857,7170.0000,1316,0,0.0000,0.0000,0,0,多换,B,7152.0000,0.0000,0.0000,0.0000,0.0000,7166.0000,0.0000,0.0000,0.0000,0.0000,1,0,0,0,0,1,0,0,0,0
zc,TA210,2012-06-28 09:01:38.607,7170.0000,1316,0,0.0000,0.0000,0,0,多换,B,7150.0000,0.0000,0.0000,0.0000,0.0000,7166.0000,0.0000,0.0000,0.0000,0.0000,4,0,0,0,0,1,0,0,0,0
zc,TA210,2012-06-28 09:01:42.153,7170.0000,1316,0,0.0000,0.0000,0,0,多换,B,7150.0000,0.0000,0.0000,0.0000,0.0000,7168.0000,0.0000,0.0000,0.0000,0.0000,4,0,0,0,0,1,0,0,0,0
zc,TA210,2012-06-28 09:01:45.107,7170.0000,1316,0,0.0000,0.0000,0,0,多换,B,7152.0000,0.0000,0.0000,0.0000,0.0000,7168.0000,0.0000,0.0000,0.0000,0.0000,1,0,0,0,0,1,0,0,0,0
zc,TA210,2012-06-28 09:01:47.607,7170.0000,1316,0,0.0000,0.0000,0,0,多换,B,7152.0000,0.0000,0.0000,0.0000,0.0000,7170.0000,0.0000,0.0000,0.0000,0.0000,1,0,0,0,0,1,0,0,0,0
zc,TA210,2012-06-28 09:01:49.387,7170.0000,1316,0,0.0000,0.0000,0,0,多换,B,7152.0000,0.0000,0.0000,0.0000,0.0000,7168.0000,0.0000,0.0000,0.0000,0.0000,1,0,0,0,0,1,0,0,0,0
zc,TA210,2012-06-28 09:01:50.137,7170.0000,1316,0,0.0000,0.0000,0,0,多换,B,7150.0000,0.0000,0.0000,0.0000,0.0000,7168.0000,0.0000,0.0000,0.0000,0.0000,4,0,0,0,0,1,0,0,0,0
zc,TA210,2012-06-28 09:01:50.637,7170.0000,1316,0,0.0000,0.0000,0,0,多换,B,7150.0000,0.0000,0.0000,0.0000,0.0000,7170.0000,0.0000,0.0000,0.0000,0.0000,5,0,0,0,0,1,0,0,0,0
zc,TA210,2012-06-28 09:01:51.870,7170.0000,1316,0,0.0000,0.0000,0,0,多换,B,7150.0000,0.0000,0.0000,0.0000,0.0000,7166.0000,0.0000,0.0000,0.0000,0.0000,4,0,0,0,0,1,0,0,0,0
zc,TA210,2012-06-28 09:01:52.387,7170.0000,1316,0,0.0000,0.0000,0,0,多换,B,7152.0000,0.0000,0.0000,0.0000,0.0000,7168.0000,0.0000,0.0000,0.0000,0.0000,1,0,0,0,0,1,0,0,0,0
zc,TA210,2012-06-28 09:01:53.357,7170.0000,1316,0,0.0000,0.0000,0,0,多换,B,7152.0000,0.0000,0.0000,0.0000,0.0000,7166.0000,0.0000,0.0000,0.0000,0.0000,1,0,0,0,0,1,0,0,0,0
zc,TA210,2012-06-28 09:01:53.870,7170.0000,1316,0,0.0000,0.0000,0,0,多换,B,7150.0000,0.0000,0.0000,0.0000,0.0000,7166.0000,0.0000,0.0000,0.0000,0.0000,4,0,0,0,0,1,0,0,0,0
zc,TA210,2012-06-28 09:01:56.120,7170.0000,1316,0,0.0000,0.0000,0,0,多换,B,7150.0000,0.0000,0.0000,0.0000,0.0000,7164.0000,0.0000,0.0000,0.0000,0.0000,4,0,0,0,0,1,0,0,0,0
zc,TA210,2012-06-28 09:01:58.107,7170.0000,1316,0,0.0000,0.0000,0,0,多换,B,7150.0000,0.0000,0.0000,0.0000,0.0000,7166.0000,0.0000,0.0000,0.0000,0.0000,4,0,0,0,0,1,0,0,0,0
zc,TA210,2012-06-28 09:02:02.370,7170.0000,1316,0,0.0000,0.0000,0,0,多换,B,7150.0000,0.0000,0.0000,0.0000,0.0000,7164.0000,0.0000,0.0000,0.0000,0.0000,4,0,0,0,0,1,0,0,0,0
zc,TA210,2012-06-28 09:02:04.120,7170.0000,1316,0,0.0000,0.0000,0,0,多换,B,7150.0000,0.0000,0.0000,0.0000,0.0000,7166.0000,0.0000,0.0000,0.0000,0.0000,4,0,0,0,0,1,0,0,0,0
zc,TA210,2012-06-28 09:02:04.870,7170.0000,1316,0,0.0000,0.0000,0,0,多换,B,7150.0000,0.0000,0.0000,0.0000,0.0000,7164.0000,0.0000,0.0000,0.0000,0.0000,4,0,0,0,0,1,0,0,0,0
zc,TA210,2012-06-28 09:02:07.090,7170.0000,1316,0,0.0000,0.0000,0,0,多换,B,7150.0000,0.0000,0.0000,0.0000,0.0000,7166.0000,0.0000,0.0000,0.0000,0.0000,4,0,0,0,0,1,0,0,0,0
zc,TA210,2012-06-28 09:02:07.637,7170.0000,1316,0,0.0000,0.0000,0,0,多换,B,7150.0000,0.0000,0.0000,0.0000,0.0000,7164.0000,0.0000,0.0000,0.0000,0.0000,4,0,0,0,0,1,0,0,0,0
zc,TA210,2012-06-28 09:02:10.607,7170.0000,1316,0,0.0000,0.0000,0,0,多换,B,7150.0000,0.0000,0.0000,0.0000,0.0000,7162.0000,0.0000,0.0000,0.0000,0.0000,3,0,0,0,0,1,0,0,0,0
zc,TA210,2012-06-28 09:02:12.357,7170.0000,1316,0,0.0000,0.0000,0,0,多换,B,7150.0000,0.0000,0.0000,0.0000,0.0000,7164.0000,0.0000,0.0000,0.0000,0.0000,3,0,0,0,0,1,0,0,0,0
zc,TA210,2012-06-28 09:02:17.137,7170.0000,1316,0,0.0000,0.0000,0,0,多换,B,7150.0000,0.0000,0.0000,0.0000,0.0000,7166.0000,0.0000,0.0000,0.0000,0.0000,3,0,0,0,0,1,0,0,0,0
zc,TA210,2012-06-28 09:02:18.137,7170.0000,1316,0,0.0000,0.0000,0,0,多换,B,7150.0000,0.0000,0.0000,0.0000,0.0000,7162.0000,0.0000,0.0000,0.0000,0.0000,3,0,0,0,0,1,0,0,0,0
zc,TA210,2012-06-28 09:02:19.620,7170.0000,1316,0,0.0000,0.0000,0,0,多换,B,7150.0000,0.0000,0.0000,0.0000,0.0000,7166.0000,0.0000,0.0000,0.0000,0.0000,3,0,0,0,0,1,0,0,0,0
zc,TA210,2012-06-28 09:02:20.417,7170.0000,1316,0,0.0000,0.0000,0,0,多换,B,7150.0000,0.0000,0.0000,0.0000,0.0000,7170.0000,0.0000,0.0000,0.0000,0.0000,5,0,0,0,0,1,0,0,0,0
zc,TA210,2012-06-28 09:02:21.357,7170.0000,1316,0,0.0000,0.0000,0,0,多换,B,7150.0000,0.0000,0.0000,0.0000,0.0000,7168.0000,0.0000,0.0000,0.0000,0.0000,4,0,0,0,0,1,0,0,0,0
zc,TA210,2012-06-28 09:02:22.620,7170.0000,1316,0,0.0000,0.0000,0,0,多换,B,7150.0000,0.0000,0.0000,0.0000,0.0000,7166.0000,0.0000,0.0000,0.0000,0.0000,4,0,0,0,0,1,0,0,0,0
zc,TA210,2012-06-28 09:02:26.620,7170.0000,1316,0,0.0000,0.0000,0,0,多换,B,7150.0000,0.0000,0.0000,0.0000,0.0000,7166.0000,0.0000,0.0000,0.0000,0.0000,3,0,0,0,0,1,0,0,0,0
zc,TA210,2012-06-28 09:02:28.857,7170.0000,1316,0,0.0000,0.0000,0,0,多换,B,7150.0000,0.0000,0.0000,0.0000,0.0000,7166.0000,0.0000,0.0000,0.0000,0.0000,4,0,0,0,0,1,0,0,0,0
zc,TA210,2012-06-28 09:02:32.357,7170.0000,1316,0,0.0000,0.0000,0,0,多换,B,7150.0000,0.0000,0.0000,0.0000,0.0000,7168.0000,0.0000,0.0000,0.0000,0.0000,4,0,0,0,0,1,0,0,0,0
zc,TA210,2012-06-28 09:02:33.120,7170.0000,1316,0,0.0000,0.0000,0,0,多换,B,7152.0000,0.0000,0.0000,0.0000,0.0000,7168.0000,0.0000,0.0000,0.0000,0.0000,1,0,0,0,0,1,0,0,0,0
zc,TA210,2012-06-28 09:02:33.607,7170.0000,1316,0,0.0000,0.0000,0,0,多换,B,7150.0000,0.0000,0.0000,0.0000,0.0000,7166.0000,0.0000,0.0000,0.0000,0.0000,4,0,0,0,0,1,0,0,0,0
zc,TA210,2012-06-28 09:02:34.107,7170.0000,1316,0,0.0000,0.0000,0,0,多换,B,7150.0000,0.0000,0.0000,0.0000,0.0000,7164.0000,0.0000,0.0000,0.0000,0.0000,3,0,0,0,0,1,0,0,0,0
zc,TA210,2012-06-28 09:02:36.120,7170.0000,1316,0,0.0000,0.0000,0,0,多换,B,7148.0000,0.0000,0.0000,0.0000,0.0000,7164.0000,0.0000,0.0000,0.0000,0.0000,2,0,0,0,0,1,0,0,0,0
zc,TA210,2012-06-28 09:02:36.620,7170.0000,1316,0,0.0000,0.0000,0,0,多换,B,7150.0000,0.0000,0.0000,0.0000,0.0000,7166.0000,0.0000,0.0000,0.0000,0.0000,1,0,0,0,0,1,0,0,0,0
zc,TA210,2012-06-28 09:02:37.137,7170.0000,1316,0,0.0000,0.0000,0,0,多换,B,7150.0000,0.0000,0.0000,0.0000,0.0000,7164.0000,0.0000,0.0000,0.0000,0.0000,1,0,0,0,0,1,0,0,0,0
zc,TA210,2012-06-28 09:02:37.887,7170.0000,1316,0,0.0000,0.0000,0,0,多换,B,7148.0000,0.0000,0.0000,0.0000,0.0000,7164.0000,0.0000,0.0000,0.0000,0.0000,2,0,0,0,0,1,0,0,0,0
zc,TA210,2012-06-28 09:02:38.357,7170.0000,1316,0,0.0000,0.0000,0,0,多换,B,7150.0000,0.0000,0.0000,0.0000,0.0000,7164.0000,0.0000,0.0000,0.0000,0.0000,1,0,0,0,0,1,0,0,0,0
zc,TA210,2012-06-28 09:02:38.887,7170.0000,1316,0,0.0000,0.0000,0,0,多换,B,7148.0000,0.0000,0.0000,0.0000,0.0000,7164.0000,0.0000,0.0000,0.0000,0.0000,1,0,0,0,0,1,0,0,0,0
zc,TA210,2012-06-28 09:02:41.357,7170.0000,1316,0,0.0000,0.0000,0,0,多换,B,7148.0000,0.0000,0.0000,0.0000,0.0000,7164.0000,0.0000,0.0000,0.0000,0.0000,2,0,0,0,0,1,0,0,0,0
zc,TA210,2012-06-28 09:02:43.107,7170.0000,1316,0,0.0000,0.0000,0,0,多换,B,7148.0000,0.0000,0.0000,0.0000,0.0000,7162.0000,0.0000,0.0000,0.0000,0.0000,1,0,0,0,0,1,0,0,0,0
zc,TA210,2012-06-28 09:02:44.340,7170.0000,1316,0,0.0000,0.0000,0,0,多换,B,7146.0000,0.0000,0.0000,0.0000,0.0000,7162.0000,0.0000,0.0000,0.0000,0.0000,2,0,0,0,0,1,0,0,0,0
zc,TA210,2012-06-28 09:02:46.607,7170.0000,1316,0,0.0000,0.0000,0,0,多换,B,7146.0000,0.0000,0.0000,0.0000,0.0000,7166.0000,0.0000,0.0000,0.0000,0.0000,2,0,0,0,0,1,0,0,0,0
zc,TA210,2012-06-28 09:02:47.090,7170.0000,1316,0,0.0000,0.0000,0,0,多换,B,7146.0000,0.0000,0.0000,0.0000,0.0000,7162.0000,0.0000,0.0000,0.0000,0.0000,2,0,0,0,0,1,0,0,0,0
zc,TA210,2012-06-28 09:02:48.340,7170.0000,1316,0,0.0000,0.0000,0,0,多换,B,7148.0000,0.0000,0.0000,0.0000,0.0000,7162.0000,0.0000,0.0000,0.0000,0.0000,1,0,0,0,0,1,0,0,0,0
zc,TA210,2012-06-28 09:02:48.870,7170.0000,1316,0,0.0000,0.0000,0,0,多换,B,7146.0000,0.0000,0.0000,0.0000,0.0000,7162.0000,0.0000,0.0000,0.0000,0.0000,2,0,0,0,0,1,0,0,0,0
zc,TA210,2012-06-28 09:02:50.590,7170.0000,1316,0,0.0000,0.0000,0,0,多换,B,7146.0000,0.0000,0.0000,0.0000,0.0000,7160.0000,0.0000,0.0000,0.0000,0.0000,1,0,0,0,0,1,0,0,0,0
zc,TA210,2012-06-28 09:02:51.620,7170.0000,1316,0,0.0000,0.0000,0,0,多换,B,7148.0000,0.0000,0.0000,0.0000,0.0000,7164.0000,0.0000,0.0000,0.0000,0.0000,1,0,0,0,0,1,0,0,0,0
zc,TA210,2012-06-28 09:02:53.357,7170.0000,1316,0,0.0000,0.0000,0,0,多换,B,7146.0000,0.0000,0.0000,0.0000,0.0000,7162.0000,0.0000,0.0000,0.0000,0.0000,2,0,0,0,0,1,0,0,0,0
zc,TA210,2012-06-28 09:02:55.590,7170.0000,1316,0,0.0000,0.0000,0,0,多换,B,7146.0000,0.0000,0.0000,0.0000,0.0000,7162.0000,0.0000,0.0000,0.0000,0.0000,1,0,0,0,0,1,0,0,0,0
zc,TA210,2012-06-28 09:03:08.073,7170.0000,1316,0,0.0000,0.0000,0,0,多换,B,7144.0000,0.0000,0.0000,0.0000,0.0000,7160.0000,0.0000,0.0000,0.0000,0.0000,2,0,0,0,0,1,0,0,0,0
zc,TA210,2012-06-28 09:03:09.387,7170.0000,1316,0,0.0000,0.0000,0,0,多换,B,7146.0000,0.0000,0.0000,0.0000,0.0000,7162.0000,0.0000,0.0000,0.0000,0.0000,1,0,0,0,0,1,0,0,0,0
zc,TA210,2012-06-28 09:03:13.620,7170.0000,1316,0,0.0000,0.0000,0,0,多换,B,7146.0000,0.0000,0.0000,0.0000,0.0000,7162.0000,0.0000,0.0000,0.0000,0.0000,2,0,0,0,0,1,0,0,0,0
zc,TA210,2012-06-28 09:03:14.340,7170.0000,1316,0,0.0000,0.0000,0,0,多换,B,7146.0000,0.0000,0.0000,0.0000,0.0000,7162.0000,0.0000,0.0000,0.0000,0.0000,1,0,0,0,0,1,0,0,0,0
zc,TA210,2012-06-28 09:03:17.840,7170.0000,1316,0,0.0000,0.0000,0,0,多换,B,7144.0000,0.0000,0.0000,0.0000,0.0000,7160.0000,0.0000,0.0000,0.0000,0.0000,2,0,0,0,0,1,0,0,0,0
zc,TA210,2012-06-28 09:03:19.167,7170.0000,1316,0,0.0000,0.0000,0,0,多换,B,7146.0000,0.0000,0.0000,0.0000,0.0000,7162.0000,0.0000,0.0000,0.0000,0.0000,1,0,0,0,0,1,0,0,0,0
zc,TA210,2012-06-28 09:03:30.387,7170.0000,1316,0,0.0000,0.0000,0,0,多换,B,7146.0000,0.0000,0.0000,0.0000,0.0000,7162.0000,0.0000,0.0000,0.0000,0.0000,2,0,0,0,0,1,0,0,0,0
zc,TA210,2012-06-28 09:03:32.137,7170.0000,1316,0,0.0000,0.0000,0,0,多换,B,7146.0000,0.0000,0.0000,0.0000,0.0000,7162.0000,0.0000,0.0000,0.0000,0.0000,1,0,0,0,0,1,0,0,0,0
zc,TA210,2012-06-28 09:03:32.903,7170.0000,1316,0,0.0000,0.0000,0,0,多换,B,7146.0000,0.0000,0.0000,0.0000,0.0000,7162.0000,0.0000,0.0000,0.0000,0.0000,2,0,0,0,0,1,0,0,0,0
zc,TA210,2012-06-28 09:03:37.607,7170.0000,1316,0,0.0000,0.0000,0,0,多换,B,7146.0000,0.0000,0.0000,0.0000,0.0000,7160.0000,0.0000,0.0000,0.0000,0.0000,1,0,0,0,0,1,0,0,0,0
zc,TA210,2012-06-28 09:03:38.387,7170.0000,1316,0,0.0000,0.0000,0,0,多换,B,7146.0000,0.0000,0.0000,0.0000,0.0000,7162.0000,0.0000,0.0000,0.0000,0.0000,2,0,0,0,0,1,0,0,0,0
zc,TA210,2012-06-28 09:03:40.840,7170.0000,1316,0,0.0000,0.0000,0,0,多换,B,7150.0000,0.0000,0.0000,0.0000,0.0000,7164.0000,0.0000,0.0000,0.0000,0.0000,1,0,0,0,0,1,0,0,0,0
zc,TA210,2012-06-28 09:03:42.153,7170.0000,1316,0,0.0000,0.0000,0,0,多换,B,7146.0000,0.0000,0.0000,0.0000,0.0000,7164.0000,0.0000,0.0000,0.0000,0.0000,1,0,0,0,0,1,0,0,0,0
zc,TA210,2012-06-28 09:03:42.607,7170.0000,1316,0,0.0000,0.0000,0,0,多换,B,7146.0000,0.0000,0.0000,0.0000,0.0000,7162.0000,0.0000,0.0000,0.0000,0.0000,1,0,0,0,0,1,0,0,0,0
zc,TA210,2012-06-28 09:03:43.620,7170.0000,1316,0,0.0000,0.0000,0,0,多换,B,7148.0000,0.0000,0.0000,0.0000,0.0000,7162.0000,0.0000,0.0000,0.0000,0.0000,1,0,0,0,0,1,0,0,0,0
zc,TA210,2012-06-28 09:03:44.840,7170.0000,1316,0,0.0000,0.0000,0,0,多换,B,7146.0000,0.0000,0.0000,0.0000,0.0000,7162.0000,0.0000,0.0000,0.0000,0.0000,2,0,0,0,0,1,0,0,0,0
zc,TA210,2012-06-28 09:03:47.857,7170.0000,1316,0,0.0000,0.0000,0,0,多换,B,7148.0000,0.0000,0.0000,0.0000,0.0000,7164.0000,0.0000,0.0000,0.0000,0.0000,1,0,0,0,0,1,0,0,0,0
zc,TA210,2012-06-28 09:03:48.637,7170.0000,1316,0,0.0000,0.0000,0,0,多换,B,7146.0000,0.0000,0.0000,0.0000,0.0000,7164.0000,0.0000,0.0000,0.0000,0.0000,2,0,0,0,0,1,0,0,0,0
zc,TA210,2012-06-28 09:03:49.120,7170.0000,1316,0,0.0000,0.0000,0,0,多换,B,7148.0000,0.0000,0.0000,0.0000,0.0000,7164.0000,0.0000,0.0000,0.0000,0.0000,2,0,0,0,0,1,0,0,0,0
zc,TA210,2012-06-28 09:03:49.857,7170.0000,1316,0,0.0000,0.0000,0,0,多换,B,7148.0000,0.0000,0.0000,0.0000,0.0000,7164.0000,0.0000,0.0000,0.0000,0.0000,1,0,0,0,0,1,0,0,0,0
zc,TA210,2012-06-28 09:03:50.370,7170.0000,1316,0,0.0000,0.0000,0,0,多换,B,7146.0000,0.0000,0.0000,0.0000,0.0000,7164.0000,0.0000,0.0000,0.0000,0.0000,2,0,0,0,0,1,0,0,0,0
zc,TA210,2012-06-28 09:03:51.107,7170.0000,1316,0,0.0000,0.0000,0,0,多换,B,7148.0000,0.0000,0.0000,0.0000,0.0000,7164.0000,0.0000,0.0000,0.0000,0.0000,1,0,0,0,0,1,0,0,0,0
zc,TA210,2012-06-28 09:03:51.573,7170.0000,1316,0,0.0000,0.0000,0,0,多换,B,7146.0000,0.0000,0.0000,0.0000,0.0000,7162.0000,0.0000,0.0000,0.0000,0.0000,2,0,0,0,0,1,0,0,0,0
zc,TA210,2012-06-28 09:03:52.107,7170.0000,1316,0,0.0000,0.0000,0,0,多换,B,7148.0000,0.0000,0.0000,0.0000,0.0000,7164.0000,0.0000,0.0000,0.0000,0.0000,1,0,0,0,0,1,0,0,0,0
zc,TA210,2012-06-28 09:03:52.590,7170.0000,1316,0,0.0000,0.0000,0,0,多换,B,7148.0000,0.0000,0.0000,0.0000,0.0000,7162.0000,0.0000,0.0000,0.0000,0.0000,1,0,0,0,0,1,0,0,0,0
zc,TA210,2012-06-28 09:03:53.340,7170.0000,1316,0,0.0000,0.0000,0,0,多换,B,7146.0000,0.0000,0.0000,0.0000,0.0000,7162.0000,0.0000,0.0000,0.0000,0.0000,2,0,0,0,0,1,0,0,0,0
zc,TA210,2012-06-28 09:03:54.357,7170.0000,1316,0,0.0000,0.0000,0,0,多换,B,7148.0000,0.0000,0.0000,0.0000,0.0000,7162.0000,0.0000,0.0000,0.0000,0.0000,1,0,0,0,0,1,0,0,0,0
zc,TA210,2012-06-28 09:03:55.357,7170.0000,1316,0,0.0000,0.0000,0,0,多换,B,7146.0000,0.0000,0.0000,0.0000,0.0000,7162.0000,0.0000,0.0000,0.0000,0.0000,2,0,0,0,0,1,0,0,0,0
zc,TA210,2012-06-28 09:03:58.107,7170.0000,1316,0,0.0000,0.0000,0,0,多换,B,7148.0000,0.0000,0.0000,0.0000,0.0000,7162.0000,0.0000,0.0000,0.0000,0.0000,1,0,0,0,0,1,0,0,0,0
zc,TA210,2012-06-28 09:03:58.590,7170.0000,1316,0,0.0000,0.0000,0,0,多换,B,7146.0000,0.0000,0.0000,0.0000,0.0000,7160.0000,0.0000,0.0000,0.0000,0.0000,1,0,0,0,0,1,0,0,0,0
zc,TA210,2012-06-28 09:04:00.590,7170.0000,1316,0,0.0000,0.0000,0,0,多换,B,7146.0000,0.0000,0.0000,0.0000,0.0000,7162.0000,0.0000,0.0000,0.0000,0.0000,2,0,0,0,0,1,0,0,0,0
zc,TA210,2012-06-28 09:04:03.137,7170.0000,1316,0,0.0000,0.0000,0,0,多换,B,7150.0000,0.0000,0.0000,0.0000,0.0000,7166.0000,0.0000,0.0000,0.0000,0.0000,1,0,0,0,0,1,0,0,0,0
zc,TA210,2012-06-28 09:04:03.590,7170.0000,1316,0,0.0000,0.0000,0,0,多换,B,7148.0000,0.0000,0.0000,0.0000,0.0000,7164.0000,0.0000,0.0000,0.0000,0.0000,2,0,0,0,0,1,0,0,0,0
zc,TA210,2012-06-28 09:04:04.607,7170.0000,1316,0,0.0000,0.0000,0,0,多换,B,7148.0000,0.0000,0.0000,0.0000,0.0000,7162.0000,0.0000,0.0000,0.0000,0.0000,1,0,0,0,0,1,0,0,0,0
zc,TA210,2012-06-28 09:04:09.870,7170.0000,1316,0,0.0000,0.0000,0,0,多换,B,7148.0000,0.0000,0.0000,0.0000,0.0000,7164.0000,0.0000,0.0000,0.0000,0.0000,2,0,0,0,0,1,0,0,0,0
zc,TA210,2012-06-28 09:04:11.857,7170.0000,1316,0,0.0000,0.0000,0,0,多换,B,7148.0000,0.0000,0.0000,0.0000,0.0000,7166.0000,0.0000,0.0000,0.0000,0.0000,2,0,0,0,0,1,0,0,0,0
zc,TA210,2012-06-28 09:04:12.370,7170.0000,1316,0,0.0000,0.0000,0,0,多换,B,7150.0000,0.0000,0.0000,0.0000,0.0000,7166.0000,0.0000,0.0000,0.0000,0.0000,1,0,0,0,0,1,0,0,0,0
zc,TA210,2012-06-28 09:04:13.620,7170.0000,1316,0,0.0000,0.0000,0,0,多换,B,7148.0000,0.0000,0.0000,0.0000,0.0000,7164.0000,0.0000,0.0000,0.0000,0.0000,2,0,0,0,0,1,0,0,0,0
zc,TA210,2012-06-28 09:04:14.107,7170.0000,1316,0,0.0000,0.0000,0,0,多换,B,7148.0000,0.0000,0.0000,0.0000,0.0000,7166.0000,0.0000,0.0000,0.0000,0.0000,1,0,0,0,0,1,0,0,0,0
zc,TA210,2012-06-28 09:04:14.857,7170.0000,1316,0,0.0000,0.0000,0,0,多换,B,7148.0000,0.0000,0.0000,0.0000,0.0000,7164.0000,0.0000,0.0000,0.0000,0.0000,1,0,0,0,0,1,0,0,0,0
zc,TA210,2012-06-28 09:04:15.340,7170.0000,1316,0,0.0000,0.0000,0,0,多换,B,7150.0000,0.0000,0.0000,0.0000,0.0000,7166.0000,0.0000,0.0000,0.0000,0.0000,1,0,0,0,0,1,0,0,0,0
zc,TA210,2012-06-28 09:04:16.090,7170.0000,1316,0,0.0000,0.0000,0,0,多换,B,7148.0000,0.0000,0.0000,0.0000,0.0000,7164.0000,0.0000,0.0000,0.0000,0.0000,1,0,0,0,0,1,0,0,0,0
zc,TA210,2012-06-28 09:04:17.090,7170.0000,1316,0,0.0000,0.0000,0,0,多换,B,7150.0000,0.0000,0.0000,0.0000,0.0000,7164.0000,0.0000,0.0000,0.0000,0.0000,1,0,0,0,0,1,0,0,0,0
zc,TA210,2012-06-28 09:04:17.573,7170.0000,1316,0,0.0000,0.0000,0,0,多换,B,7150.0000,0.0000,0.0000,0.0000,0.0000,7166.0000,0.0000,0.0000,0.0000,0.0000,2,0,0,0,0,1,0,0,0,0
zc,TA210,2012-06-28 09:04:18.357,7170.0000,1316,0,0.0000,0.0000,0,0,多换,B,7150.0000,0.0000,0.0000,0.0000,0.0000,7166.0000,0.0000,0.0000,0.0000,0.0000,1,0,0,0,0,1,0,0,0,0
zc,TA210,2012-06-28 09:04:18.857,7170.0000,1316,0,0.0000,0.0000,0,0,多换,B,7150.0000,0.0000,0.0000,0.0000,0.0000,7164.0000,0.0000,0.0000,0.0000,0.0000,1,0,0,0,0,1,0,0,0,0
zc,TA210,2012-06-28 09:04:20.387,7170.0000,1316,0,0.0000,0.0000,0,0,多换,B,7150.0000,0.0000,0.0000,0.0000,0.0000,7166.0000,0.0000,0.0000,0.0000,0.0000,2,0,0,0,0,1,0,0,0,0
zc,TA210,2012-06-28 09:04:22.120,7170.0000,1316,0,0.0000,0.0000,0,0,多换,B,7150.0000,0.0000,0.0000,0.0000,0.0000,7166.0000,0.0000,0.0000,0.0000,0.0000,1,0,0,0,0,1,0,0,0,0
zc,TA210,2012-06-28 09:04:22.857,7170.0000,1316,0,0.0000,0.0000,0,0,多换,B,7152.0000,0.0000,0.0000,0.0000,0.0000,7168.0000,0.0000,0.0000,0.0000,0.0000,1,0,0,0,0,1,0,0,0,0
zc,TA210,2012-06-28 09:04:24.370,7170.0000,1316,0,0.0000,0.0000,0,0,多换,B,7154.0000,0.0000,0.0000,0.0000,0.0000,7170.0000,0.0000,0.0000,0.0000,0.0000,1,0,0,0,0,1,0,0,0,0
zc,TA210,2012-06-28 09:04:25.620,7170.0000,1316,0,0.0000,0.0000,0,0,多换,B,7156.0000,0.0000,0.0000,0.0000,0.0000,7172.0000,0.0000,0.0000,0.0000,0.0000,1,0,0,0,0,2,0,0,0,0
zc,TA210,2012-06-28 09:04:32.090,7170.0000,1316,0,0.0000,0.0000,0,0,多换,B,7154.0000,0.0000,0.0000,0.0000,0.0000,7170.0000,0.0000,0.0000,0.0000,0.0000,1,0,0,0,0,1,0,0,0,0
zc,TA210,2012-06-28 09:04:36.840,7170.0000,1316,0,0.0000,0.0000,0,0,多换,B,7156.0000,0.0000,0.0000,0.0000,0.0000,7172.0000,0.0000,0.0000,0.0000,0.0000,1,0,0,0,0,2,0,0,0,0
zc,TA210,2012-06-28 09:04:38.607,7170.0000,1316,0,0.0000,0.0000,0,0,多换,B,7158.0000,0.0000,0.0000,0.0000,0.0000,7172.0000,0.0000,0.0000,0.0000,0.0000,1,0,0,0,0,1,0,0,0,0
zc,TA210,2012-06-28 09:04:41.107,7170.0000,1316,0,0.0000,0.0000,0,0,多换,B,7156.0000,0.0000,0.0000,0.0000,0.0000,7172.0000,0.0000,0.0000,0.0000,0.0000,1,0,0,0,0,2,0,0,0,0
zc,TA210,2012-06-28 09:04:44.607,7170.0000,1316,0,0.0000,0.0000,0,0,多换,B,7156.0000,0.0000,0.0000,0.0000,0.0000,7172.0000,0.0000,0.0000,0.0000,0.0000,1,0,0,0,0,1,0,0,0,0
zc,TA210,2012-06-28 09:04:45.107,7170.0000,1316,0,0.0000,0.0000,0,0,多换,B,7158.0000,0.0000,0.0000,0.0000,0.0000,7172.0000,0.0000,0.0000,0.0000,0.0000,1,0,0,0,0,1,0,0,0,0
zc,TA210,2012-06-28 09:04:47.340,7170.0000,1316,0,0.0000,0.0000,0,0,多换,B,7160.0000,0.0000,0.0000,0.0000,0.0000,7172.0000,0.0000,0.0000,0.0000,0.0000,1,0,0,0,0,1,0,0,0,0
zc,TA210,2012-06-28 09:04:49.107,7170.0000,1316,0,0.0000,0.0000,0,0,多换,B,7162.0000,0.0000,0.0000,0.0000,0.0000,7172.0000,0.0000,0.0000,0.0000,0.0000,1,0,0,0,0,1,0,0,0,0
zc,TA210,2012-06-28 09:04:50.403,7170.0000,1316,0,0.0000,0.0000,0,0,多换,B,7158.0000,0.0000,0.0000,0.0000,0.0000,7172.0000,0.0000,0.0000,0.0000,0.0000,1,0,0,0,0,1,0,0,0,0
zc,TA210,2012-06-28 09:04:51.090,7170.0000,1316,0,0.0000,0.0000,0,0,多换,B,7160.0000,0.0000,0.0000,0.0000,0.0000,7172.0000,0.0000,0.0000,0.0000,0.0000,1,0,0,0,0,1,0,0,0,0
zc,TA210,2012-06-28 09:04:52.357,7170.0000,1316,0,0.0000,0.0000,0,0,多换,B,7158.0000,0.0000,0.0000,0.0000,0.0000,7172.0000,0.0000,0.0000,0.0000,0.0000,1,0,0,0,0,1,0,0,0,0
zc,TA210,2012-06-28 09:04:53.340,7170.0000,1316,0,0.0000,0.0000,0,0,多换,B,7156.0000,0.0000,0.0000,0.0000,0.0000,7172.0000,0.0000,0.0000,0.0000,0.0000,1,0,0,0,0,2,0,0,0,0
zc,TA210,2012-06-28 09:04:54.090,7170.0000,1316,0,0.0000,0.0000,0,0,多换,B,7156.0000,0.0000,0.0000,0.0000,0.0000,7172.0000,0.0000,0.0000,0.0000,0.0000,1,0,0,0,0,1,0,0,0,0
zc,TA210,2012-06-28 09:04:54.573,7170.0000,1316,0,0.0000,0.0000,0,0,多换,B,7156.0000,0.0000,0.0000,0.0000,0.0000,7172.0000,0.0000,0.0000,0.0000,0.0000,1,0,0,0,0,2,0,0,0,0
zc,TA210,2012-06-28 09:04:55.340,7170.0000,1316,0,0.0000,0.0000,0,0,多换,B,7156.0000,0.0000,0.0000,0.0000,0.0000,7172.0000,0.0000,0.0000,0.0000,0.0000,3,0,0,0,0,2,0,0,0,0
zc,TA210,2012-06-28 09:04:55.870,7170.0000,1316,0,0.0000,0.0000,0,0,多换,B,7160.0000,0.0000,0.0000,0.0000,0.0000,7172.0000,0.0000,0.0000,0.0000,0.0000,1,0,0,0,0,1,0,0,0,0
zc,TA210,2012-06-28 09:05:00.137,7170.0000,1316,0,0.0000,0.0000,0,0,多换,B,7158.0000,0.0000,0.0000,0.0000,0.0000,7172.0000,0.0000,0.0000,0.0000,0.0000,2,0,0,0,0,1,0,0,0,0
zc,TA210,2012-06-28 09:05:00.573,7170.0000,1316,0,0.0000,0.0000,0,0,多换,B,7158.0000,0.0000,0.0000,0.0000,0.0000,7172.0000,0.0000,0.0000,0.0000,0.0000,1,0,0,0,0,1,0,0,0,0
zc,TA210,2012-06-28 09:05:03.090,7170.0000,1316,0,0.0000,0.0000,0,0,多换,B,7160.0000,0.0000,0.0000,0.0000,0.0000,7172.0000,0.0000,0.0000,0.0000,0.0000,1,0,0,0,0,1,0,0,0,0
zc,TA210,2012-06-28 09:05:06.090,7170.0000,1316,0,0.0000,0.0000,0,0,多换,B,7158.0000,0.0000,0.0000,0.0000,0.0000,7172.0000,0.0000,0.0000,0.0000,0.0000,1,0,0,0,0,1,0,0,0,0
zc,TA210,2012-06-28 09:05:08.857,7170.0000,1316,0,0.0000,0.0000,0,0,多换,B,7160.0000,0.0000,0.0000,0.0000,0.0000,7172.0000,0.0000,0.0000,0.0000,0.0000,1,0,0,0,0,1,0,0,0,0
zc,TA210,2012-06-28 09:05:11.840,7170.0000,1316,0,0.0000,0.0000,0,0,多换,B,7158.0000,0.0000,0.0000,0.0000,0.0000,7172.0000,0.0000,0.0000,0.0000,0.0000,1,0,0,0,0,1,0,0,0,0
zc,TA210,2012-06-28 09:05:17.823,7170.0000,1316,0,0.0000,0.0000,0,0,多换,B,7160.0000,0.0000,0.0000,0.0000,0.0000,7172.0000,0.0000,0.0000,0.0000,0.0000,1,0,0,0,0,1,0,0,0,0
zc,TA210,2012-06-28 09:05:24.840,7170.0000,1316,0,0.0000,0.0000,0,0,多换,B,7162.0000,0.0000,0.0000,0.0000,0.0000,7172.0000,0.0000,0.0000,0.0000,0.0000,1,0,0,0,0,1,0,0,0,0
zc,TA210,2012-06-28 09:05:25.620,7170.0000,1316,0,0.0000,0.0000,0,0,多换,B,7160.0000,0.0000,0.0000,0.0000,0.0000,7172.0000,0.0000,0.0000,0.0000,0.0000,1,0,0,0,0,1,0,0,0,0
zc,TA210,2012-06-28 09:05:26.090,7170.0000,1316,0,0.0000,0.0000,0,0,多换,B,7162.0000,0.0000,0.0000,0.0000,0.0000,7172.0000,0.0000,0.0000,0.0000,0.0000,2,0,0,0,0,1,0,0,0,0
zc,TA210,2012-06-28 09:05:26.857,7170.0000,1316,0,0.0000,0.0000,0,0,多换,B,7162.0000,0.0000,0.0000,0.0000,0.0000,7172.0000,0.0000,0.0000,0.0000,0.0000,3,0,0,0,0,1,0,0,0,0
zc,TA210,2012-06-28 09:05:31.323,7170.0000,1316,0,0.0000,0.0000,0,0,多换,B,7162.0000,0.0000,0.0000,0.0000,0.0000,7172.0000,0.0000,0.0000,0.0000,0.0000,2,0,0,0,0,1,0,0,0,0
zc,TA210,2012-06-28 09:05:32.120,7170.0000,1316,0,0.0000,0.0000,0,0,多换,B,7162.0000,0.0000,0.0000,0.0000,0.0000,7172.0000,0.0000,0.0000,0.0000,0.0000,3,0,0,0,0,1,0,0,0,0
zc,TA210,2012-06-28 09:05:33.323,7170.0000,1316,0,0.0000,0.0000,0,0,多换,B,7164.0000,0.0000,0.0000,0.0000,0.0000,7172.0000,0.0000,0.0000,0.0000,0.0000,1,0,0,0,0,1,0,0,0,0
zc,TA210,2012-06-28 09:05:37.137,7170.0000,1316,0,0.0000,0.0000,0,0,多换,B,7162.0000,0.0000,0.0000,0.0000,0.0000,7172.0000,0.0000,0.0000,0.0000,0.0000,3,0,0,0,0,1,0,0,0,0
zc,TA210,2012-06-28 09:05:42.323,7170.0000,1316,0,0.0000,0.0000,0,0,多换,B,7162.0000,0.0000,0.0000,0.0000,0.0000,7172.0000,0.0000,0.0000,0.0000,0.0000,2,0,0,0,0,1,0,0,0,0
zc,TA210,2012-06-28 09:05:42.857,7170.0000,1316,0,0.0000,0.0000,0,0,多换,B,7160.0000,0.0000,0.0000,0.0000,0.0000,7172.0000,0.0000,0.0000,0.0000,0.0000,1,0,0,0,0,1,0,0,0,0
zc,TA210,2012-06-28 09:05:44.403,7170.0000,1316,0,0.0000,0.0000,0,0,多换,B,7162.0000,0.0000,0.0000,0.0000,0.0000,7172.0000,0.0000,0.0000,0.0000,0.0000,1,0,0,0,0,1,0,0,0,0
zc,TA210,2012-06-28 09:05:48.107,7170.0000,1316,0,0.0000,0.0000,0,0,多换,B,7164.0000,0.0000,0.0000,0.0000,0.0000,7172.0000,0.0000,0.0000,0.0000,0.0000,1,0,0,0,0,1,0,0,0,0
zc,TA210,2012-06-28 09:05:49.357,7170.0000,1316,0,0.0000,0.0000,0,0,多换,B,7162.0000,0.0000,0.0000,0.0000,0.0000,7172.0000,0.0000,0.0000,0.0000,0.0000,1,0,0,0,0,1,0,0,0,0
zc,TA210,2012-06-28 09:05:53.323,7170.0000,1316,0,0.0000,0.0000,0,0,多换,B,7162.0000,0.0000,0.0000,0.0000,0.0000,7172.0000,0.0000,0.0000,0.0000,0.0000,2,0,0,0,0,1,0,0,0,0
zc,TA210,2012-06-28 09:05:58.840,7170.0000,1316,0,0.0000,0.0000,0,0,多换,B,7162.0000,0.0000,0.0000,0.0000,0.0000,7172.0000,0.0000,0.0000,0.0000,0.0000,1,0,0,0,0,1,0,0,0,0
zc,TA210,2012-06-28 09:06:01.607,7170.0000,1316,0,0.0000,0.0000,0,0,多换,B,7164.0000,0.0000,0.0000,0.0000,0.0000,7172.0000,0.0000,0.0000,0.0000,0.0000,1,0,0,0,0,1,0,0,0,0
zc,TA210,2012-06-28 09:06:03.607,7170.0000,1316,0,0.0000,0.0000,0,0,多换,B,7162.0000,0.0000,0.0000,0.0000,0.0000,7172.0000,0.0000,0.0000,0.0000,0.0000,1,0,0,0,0,1,0,0,0,0
zc,TA210,2012-06-28 09:06:04.870,7170.0000,1316,0,0.0000,0.0000,0,0,多换,B,7164.0000,0.0000,0.0000,0.0000,0.0000,7172.0000,0.0000,0.0000,0.0000,0.0000,1,0,0,0,0,1,0,0,0,0
zc,TA210,2012-06-28 09:06:05.357,7170.0000,1316,0,0.0000,0.0000,0,0,多换,B,7162.0000,0.0000,0.0000,0.0000,0.0000,7172.0000,0.0000,0.0000,0.0000,0.0000,1,0,0,0,0,1,0,0,0,0
zc,TA210,2012-06-28 09:06:09.323,7170.0000,1316,0,0.0000,0.0000,0,0,多换,B,7162.0000,0.0000,0.0000,0.0000,0.0000,7172.0000,0.0000,0.0000,0.0000,0.0000,2,0,0,0,0,1,0,0,0,0
zc,TA210,2012-06-28 09:06:11.057,7170.0000,1316,0,0.0000,0.0000,0,0,多换,B,7162.0000,0.0000,0.0000,0.0000,0.0000,7172.0000,0.0000,0.0000,0.0000,0.0000,1,0,0,0,0,1,0,0,0,0
zc,TA210,2012-06-28 09:06:11.823,7170.0000,1316,0,0.0000,0.0000,0,0,多换,B,7162.0000,0.0000,0.0000,0.0000,0.0000,7172.0000,0.0000,0.0000,0.0000,0.0000,2,0,0,0,0,1,0,0,0,0
zc,TA210,2012-06-28 09:06:13.573,7170.0000,1316,0,0.0000,0.0000,0,0,多换,B,7162.0000,0.0000,0.0000,0.0000,0.0000,7172.0000,0.0000,0.0000,0.0000,0.0000,1,0,0,0,0,1,0,0,0,0
zc,TA210,2012-06-28 09:06:17.573,7170.0000,1316,0,0.0000,0.0000,0,0,多换,B,7160.0000,0.0000,0.0000,0.0000,0.0000,7172.0000,0.0000,0.0000,0.0000,0.0000,2,0,0,0,0,1,0,0,0,0
zc,TA210,2012-06-28 09:06:20.107,7170.0000,1316,0,0.0000,0.0000,0,0,多换,B,7160.0000,0.0000,0.0000,0.0000,0.0000,7172.0000,0.0000,0.0000,0.0000,0.0000,1,0,0,0,0,1,0,0,0,0
zc,TA210,2012-06-28 09:06:23.840,7170.0000,1316,0,0.0000,0.0000,0,0,多换,B,7158.0000,0.0000,0.0000,0.0000,0.0000,7172.0000,0.0000,0.0000,0.0000,0.0000,2,0,0,0,0,1,0,0,0,0
zc,TA210,2012-06-28 09:06:24.107,7170.0000,1316,0,0.0000,0.0000,0,0,多换,B,7158.0000,0.0000,0.0000,0.0000,0.0000,7172.0000,0.0000,0.0000,0.0000,0.0000,1,0,0,0,0,1,0,0,0,0
zc,TA210,2012-06-28 09:06:24.823,7170.0000,1316,0,0.0000,0.0000,0,0,多换,B,7160.0000,0.0000,0.0000,0.0000,0.0000,7172.0000,0.0000,0.0000,0.0000,0.0000,1,0,0,0,0,1,0,0,0,0
zc,TA210,2012-06-28 09:06:28.090,7170.0000,1316,0,0.0000,0.0000,0,0,多换,B,7158.0000,0.0000,0.0000,0.0000,0.0000,7172.0000,0.0000,0.0000,0.0000,0.0000,1,0,0,0,0,1,0,0,0,0
zc,TA210,2012-06-28 09:06:36.807,7170.0000,1316,0,0.0000,0.0000,0,0,多换,B,7158.0000,0.0000,0.0000,0.0000,0.0000,7172.0000,0.0000,0.0000,0.0000,0.0000,1,0,0,0,0,3,0,0,0,0
zc,TA210,2012-06-28 09:06:51.370,7170.0000,1316,0,0.0000,0.0000,0,0,多换,B,7160.0000,0.0000,0.0000,0.0000,0.0000,7172.0000,0.0000,0.0000,0.0000,0.0000,1,0,0,0,0,3,0,0,0,0
zc,TA210,2012-06-28 09:06:52.043,7170.0000,1316,0,0.0000,0.0000,0,0,多换,B,7160.0000,0.0000,0.0000,0.0000,0.0000,7172.0000,0.0000,0.0000,0.0000,0.0000,1,0,0,0,0,1,0,0,0,0
zc,TA210,2012-06-28 09:06:53.823,7170.0000,1316,0,0.0000,0.0000,0,0,多换,B,7158.0000,0.0000,0.0000,0.0000,0.0000,7172.0000,0.0000,0.0000,0.0000,0.0000,1,0,0,0,0,1,0,0,0,0
zc,TA210,2012-06-28 09:07:08.607,7170.0000,1316,0,0.0000,0.0000,0,0,多换,B,7156.0000,0.0000,0.0000,0.0000,0.0000,7172.0000,0.0000,0.0000,0.0000,0.0000,1,0,0,0,0,2,0,0,0,0
zc,TA210,2012-06-28 09:07:10.323,7170.0000,1316,0,0.0000,0.0000,0,0,多换,B,7154.0000,0.0000,0.0000,0.0000,0.0000,7170.0000,0.0000,0.0000,0.0000,0.0000,2,0,0,0,0,1,0,0,0,0
zc,TA210,2012-06-28 09:07:13.573,7170.0000,1316,0,0.0000,0.0000,0,0,多换,B,7154.0000,0.0000,0.0000,0.0000,0.0000,7168.0000,0.0000,0.0000,0.0000,0.0000,1,0,0,0,0,1,0,0,0,0
zc,TA210,2012-06-28 09:07:16.590,7170.0000,1316,0,0.0000,0.0000,0,0,多换,B,7152.0000,0.0000,0.0000,0.0000,0.0000,7166.0000,0.0000,0.0000,0.0000,0.0000,1,0,0,0,0,1,0,0,0,0
zc,TA210,2012-06-28 09:07:17.137,7170.0000,1316,0,0.0000,0.0000,0,0,多换,B,7152.0000,0.0000,0.0000,0.0000,0.0000,7168.0000,0.0000,0.0000,0.0000,0.0000,1,0,0,0,0,1,0,0,0,0
zc,TA210,2012-06-28 09:07:18.323,7170.0000,1316,0,0.0000,0.0000,0,0,多换,B,7152.0000,0.0000,0.0000,0.0000,0.0000,7166.0000,0.0000,0.0000,0.0000,0.0000,1,0,0,0,0,1,0,0,0,0
zc,TA210,2012-06-28 09:07:20.607,7170.0000,1316,0,0.0000,0.0000,0,0,多换,B,7150.0000,0.0000,0.0000,0.0000,0.0000,7166.0000,0.0000,0.0000,0.0000,0.0000,2,0,0,0,0,1,0,0,0,0
zc,TA210,2012-06-28 09:07:21.073,7170.0000,1316,0,0.0000,0.0000,0,0,多换,B,7150.0000,0.0000,0.0000,0.0000,0.0000,7164.0000,0.0000,0.0000,0.0000,0.0000,1,0,0,0,0,1,0,0,0,0
zc,TA210,2012-06-28 09:07:23.557,7170.0000,1316,0,0.0000,0.0000,0,0,多换,B,7148.0000,0.0000,0.0000,0.0000,0.0000,7164.0000,0.0000,0.0000,0.0000,0.0000,2,0,0,0,0,1,0,0,0,0
zc,TA210,2012-06-28 09:07:27.057,7170.0000,1316,0,0.0000,0.0000,0,0,多换,B,7148.0000,0.0000,0.0000,0.0000,0.0000,7164.0000,0.0000,0.0000,0.0000,0.0000,1,0,0,0,0,1,0,0,0,0
zc,TA210,2012-06-28 09:07:28.057,7170.0000,1316,0,0.0000,0.0000,0,0,多换,B,7146.0000,0.0000,0.0000,0.0000,0.0000,7162.0000,0.0000,0.0000,0.0000,0.0000,2,0,0,0,0,1,0,0,0,0
zc,TA210,2012-06-28 09:07:28.807,7170.0000,1316,0,0.0000,0.0000,0,0,多换,B,7148.0000,0.0000,0.0000,0.0000,0.0000,7164.0000,0.0000,0.0000,0.0000,0.0000,1,0,0,0,0,1,0,0,0,0
zc,TA210,2012-06-28 09:07:32.840,7170.0000,1316,0,0.0000,0.0000,0,0,多换,B,7148.0000,0.0000,0.0000,0.0000,0.0000,7164.0000,0.0000,0.0000,0.0000,0.0000,2,0,0,0,0,1,0,0,0,0
zc,TA210,2012-06-28 09:07:33.840,7170.0000,1316,0,0.0000,0.0000,0,0,多换,B,7148.0000,0.0000,0.0000,0.0000,0.0000,7162.0000,0.0000,0.0000,0.0000,0.0000,1,0,0,0,0,1,0,0,0,0
zc,TA210,2012-06-28 09:07:34.607,7170.0000,1316,0,0.0000,0.0000,0,0,多换,B,7146.0000,0.0000,0.0000,0.0000,0.0000,7162.0000,0.0000,0.0000,0.0000,0.0000,2,0,0,0,0,1,0,0,0,0
zc,TA210,2012-06-28 09:07:37.323,7170.0000,1316,0,0.0000,0.0000,0,0,多换,B,7146.0000,0.0000,0.0000,0.0000,0.0000,7162.0000,0.0000,0.0000,0.0000,0.0000,1,0,0,0,0,1,0,0,0,0
zc,TA210,2012-06-28 09:07:37.857,7170.0000,1316,0,0.0000,0.0000,0,0,多换,B,7144.0000,0.0000,0.0000,0.0000,0.0000,7160.0000,0.0000,0.0000,0.0000,0.0000,2,0,0,0,0,1,0,0,0,0
zc,TA210,2012-06-28 09:07:39.090,7170.0000,1316,0,0.0000,0.0000,0,0,多换,B,7146.0000,0.0000,0.0000,0.0000,0.0000,7160.0000,0.0000,0.0000,0.0000,0.0000,1,0,0,0,0,1,0,0,0,0
zc,TA210,2012-06-28 09:07:39.840,7170.0000,1316,0,0.0000,0.0000,0,0,多换,B,7144.0000,0.0000,0.0000,0.0000,0.0000,7160.0000,0.0000,0.0000,0.0000,0.0000,2,0,0,0,0,1,0,0,0,0
zc,TA210,2012-06-28 09:07:42.870,7170.0000,1316,0,0.0000,0.0000,0,0,多换,B,7146.0000,0.0000,0.0000,0.0000,0.0000,7162.0000,0.0000,0.0000,0.0000,0.0000,1,0,0,0,0,1,0,0,0,0
zc,TA210,2012-06-28 09:07:44.057,7170.0000,1316,0,0.0000,0.0000,0,0,多换,B,7144.0000,0.0000,0.0000,0.0000,0.0000,7160.0000,0.0000,0.0000,0.0000,0.0000,2,0,0,0,0,1,0,0,0,0
zc,TA210,2012-06-28 09:07:45.870,7170.0000,1316,0,0.0000,0.0000,0,0,多换,B,7144.0000,0.0000,0.0000,0.0000,0.0000,7160.0000,0.0000,0.0000,0.0000,0.0000,1,0,0,0,0,1,0,0,0,0
zc,TA210,2012-06-28 09:07:47.823,7170.0000,1316,0,0.0000,0.0000,0,0,多换,B,7144.0000,0.0000,0.0000,0.0000,0.0000,7162.0000,0.0000,0.0000,0.0000,0.0000,1,0,0,0,0,1,0,0,0,0
zc,TA210,2012-06-28 09:07:48.090,7170.0000,1316,0,0.0000,0.0000,0,0,多换,B,7144.0000,0.0000,0.0000,0.0000,0.0000,7158.0000,0.0000,0.0000,0.0000,0.0000,1,0,0,0,0,1,0,0,0,0
zc,TA210,2012-06-28 09:07:48.840,7170.0000,1316,0,0.0000,0.0000,0,0,多换,B,7144.0000,0.0000,0.0000,0.0000,0.0000,7162.0000,0.0000,0.0000,0.0000,0.0000,2,0,0,0,0,1,0,0,0,0
zc,TA210,2012-06-28 09:07:50.107,7170.0000,1316,0,0.0000,0.0000,0,0,多换,B,7144.0000,0.0000,0.0000,0.0000,0.0000,7158.0000,0.0000,0.0000,0.0000,0.0000,1,0,0,0,0,1,0,0,0,0
zc,TA210,2012-06-28 09:07:50.307,7170.0000,1316,0,0.0000,0.0000,0,0,多换,B,7142.0000,0.0000,0.0000,0.0000,0.0000,7158.0000,0.0000,0.0000,0.0000,0.0000,2,0,0,0,0,1,0,0,0,0
zc,TA210,2012-06-28 09:07:51.090,7170.0000,1316,0,0.0000,0.0000,0,0,多换,B,7144.0000,0.0000,0.0000,0.0000,0.0000,7162.0000,0.0000,0.0000,0.0000,0.0000,1,0,0,0,0,1,0,0,0,0
zc,TA210,2012-06-28 09:07:51.573,7144.0000,1316,0,0.0000,2.0000,1,1,空换,S,7142.0000,0.0000,0.0000,0.0000,0.0000,7160.0000,0.0000,0.0000,0.0000,0.0000,1,0,0,0,0,1,0,0,0,0
zc,TA210,2012-06-28 09:07:53.823,7144.0000,1316,0,0.0000,0.0000,0,0,空换,S,7144.0000,0.0000,0.0000,0.0000,0.0000,7160.0000,0.0000,0.0000,0.0000,0.0000,1,0,0,0,0,1,0,0,0,0
zc,TA210,2012-06-28 09:07:59.073,7144.0000,1316,0,0.0000,0.0000,0,0,空换,S,7142.0000,0.0000,0.0000,0.0000,0.0000,7160.0000,0.0000,0.0000,0.0000,0.0000,1,0,0,0,0,1,0,0,0,0
zc,TA210,2012-06-28 09:08:01.357,7144.0000,1316,0,0.0000,0.0000,0,0,空换,S,7144.0000,0.0000,0.0000,0.0000,0.0000,7160.0000,0.0000,0.0000,0.0000,0.0000,1,0,0,0,0,1,0,0,0,0
zc,TA210,2012-06-28 09:08:04.357,7144.0000,1316,0,0.0000,0.0000,0,0,空换,S,7144.0000,0.0000,0.0000,0.0000,0.0000,7162.0000,0.0000,0.0000,0.0000,0.0000,1,0,0,0,0,1,0,0,0,0
zc,TA210,2012-06-28 09:08:12.573,7144.0000,1316,0,0.0000,0.0000,0,0,空换,S,7146.0000,0.0000,0.0000,0.0000,0.0000,7162.0000,0.0000,0.0000,0.0000,0.0000,1,0,0,0,0,1,0,0,0,0
zc,TA210,2012-06-28 09:08:14.323,7144.0000,1316,0,0.0000,0.0000,0,0,空换,S,7144.0000,0.0000,0.0000,0.0000,0.0000,7162.0000,0.0000,0.0000,0.0000,0.0000,1,0,0,0,0,1,0,0,0,0
zc,TA210,2012-06-28 09:08:16.620,7144.0000,1316,0,0.0000,0.0000,0,0,空换,S,7148.0000,0.0000,0.0000,0.0000,0.0000,7164.0000,0.0000,0.0000,0.0000,0.0000,1,0,0,0,0,1,0,0,0,0
zc,TA210,2012-06-28 09:08:19.543,7144.0000,1316,0,0.0000,0.0000,0,0,空换,S,7144.0000,0.0000,0.0000,0.0000,0.0000,7164.0000,0.0000,0.0000,0.0000,0.0000,2,0,0,0,0,1,0,0,0,0
zc,TA210,2012-06-28 09:08:21.823,7144.0000,1316,0,0.0000,0.0000,0,0,空换,S,7146.0000,0.0000,0.0000,0.0000,0.0000,7164.0000,0.0000,0.0000,0.0000,0.0000,1,0,0,0,0,1,0,0,0,0
zc,TA210,2012-06-28 09:08:24.057,7144.0000,1316,0,0.0000,0.0000,0,0,空换,S,7148.0000,0.0000,0.0000,0.0000,0.0000,7164.0000,0.0000,0.0000,0.0000,0.0000,1,0,0,0,0,1,0,0,0,0
zc,TA210,2012-06-28 09:08:25.823,7144.0000,1316,0,0.0000,0.0000,0,0,空换,S,7146.0000,0.0000,0.0000,0.0000,0.0000,7164.0000,0.0000,0.0000,0.0000,0.0000,1,0,0,0,0,1,0,0,0,0
zc,TA210,2012-06-28 09:08:27.293,7144.0000,1316,0,0.0000,0.0000,0,0,空换,S,7148.0000,0.0000,0.0000,0.0000,0.0000,7164.0000,0.0000,0.0000,0.0000,0.0000,1,0,0,0,0,1,0,0,0,0
zc,TA210,2012-06-28 09:08:28.057,7144.0000,1316,0,0.0000,0.0000,0,0,空换,S,7146.0000,0.0000,0.0000,0.0000,0.0000,7164.0000,0.0000,0.0000,0.0000,0.0000,1,0,0,0,0,1,0,0,0,0
zc,TA210,2012-06-28 09:08:37.590,7144.0000,1316,0,0.0000,0.0000,0,0,空换,S,7148.0000,0.0000,0.0000,0.0000,0.0000,7164.0000,0.0000,0.0000,0.0000,0.0000,1,0,0,0,0,1,0,0,0,0
zc,TA210,2012-06-28 09:08:41.357,7144.0000,1316,0,0.0000,0.0000,0,0,空换,S,7150.0000,0.0000,0.0000,0.0000,0.0000,7164.0000,0.0000,0.0000,0.0000,0.0000,1,0,0,0,0,1,0,0,0,0
zc,TA210,2012-06-28 09:08:42.323,7144.0000,1316,0,0.0000,0.0000,0,0,空换,S,7146.0000,0.0000,0.0000,0.0000,0.0000,7164.0000,0.0000,0.0000,0.0000,0.0000,1,0,0,0,0,1,0,0,0,0
zc,TA210,2012-06-28 09:08:43.323,7144.0000,1316,0,0.0000,0.0000,0,0,空换,S,7148.0000,0.0000,0.0000,0.0000,0.0000,7164.0000,0.0000,0.0000,0.0000,0.0000,1,0,0,0,0,1,0,0,0,0
zc,TA210,2012-06-28 09:08:44.107,7144.0000,1316,0,0.0000,0.0000,0,0,空换,S,7146.0000,0.0000,0.0000,0.0000,0.0000,7164.0000,0.0000,0.0000,0.0000,0.0000,1,0,0,0,0,1,0,0,0,0
zc,TA210,2012-06-28 09:08:45.107,7144.0000,1316,0,0.0000,0.0000,0,0,空换,S,7150.0000,0.0000,0.0000,0.0000,0.0000,7164.0000,0.0000,0.0000,0.0000,0.0000,1,0,0,0,0,1,0,0,0,0
zc,TA210,2012-06-28 09:08:59.057,7144.0000,1316,0,0.0000,0.0000,0,0,空换,S,7150.0000,0.0000,0.0000,0.0000,0.0000,7164.0000,0.0000,0.0000,0.0000,0.0000,1,0,0,0,0,3,0,0,0,0
zc,TA210,2012-06-28 09:09:00.807,7144.0000,1316,0,0.0000,0.0000,0,0,空换,S,7148.0000,0.0000,0.0000,0.0000,0.0000,7164.0000,0.0000,0.0000,0.0000,0.0000,1,0,0,0,0,3,0,0,0,0
zc,TA210,2012-06-28 09:09:06.057,7144.0000,1316,0,0.0000,0.0000,0,0,空换,S,7148.0000,0.0000,0.0000,0.0000,0.0000,7162.0000,0.0000,0.0000,0.0000,0.0000,1,0,0,0,0,1,0,0,0,0
zc,TA210,2012-06-28 09:09:13.090,7144.0000,1316,0,0.0000,0.0000,0,0,空换,S,7148.0000,0.0000,0.0000,0.0000,0.0000,7164.0000,0.0000,0.0000,0.0000,0.0000,1,0,0,0,0,3,0,0,0,0
zc,TA210,2012-06-28 09:09:15.340,7144.0000,1316,0,0.0000,0.0000,0,0,空换,S,7148.0000,0.0000,0.0000,0.0000,0.0000,7162.0000,0.0000,0.0000,0.0000,0.0000,1,0,0,0,0,1,0,0,0,0
zc,TA210,2012-06-28 09:09:18.090,7144.0000,1316,0,0.0000,0.0000,0,0,空换,S,7146.0000,0.0000,0.0000,0.0000,0.0000,7162.0000,0.0000,0.0000,0.0000,0.0000,1,0,0,0,0,1,0,0,0,0
zc,TA210,2012-06-28 09:09:33.637,7144.0000,1316,0,0.0000,0.0000,0,0,空换,S,7146.0000,0.0000,0.0000,0.0000,0.0000,7160.0000,0.0000,0.0000,0.0000,0.0000,1,0,0,0,0,1,0,0,0,0
zc,TA210,2012-06-28 09:09:34.573,7144.0000,1316,0,0.0000,0.0000,0,0,空换,S,7144.0000,0.0000,0.0000,0.0000,0.0000,7158.0000,0.0000,0.0000,0.0000,0.0000,1,0,0,0,0,1,0,0,0,0
zc,TA210,2012-06-28 09:09:42.557,7144.0000,1316,0,0.0000,0.0000,0,0,空换,S,7142.0000,0.0000,0.0000,0.0000,0.0000,7158.0000,0.0000,0.0000,0.0000,0.0000,1,0,0,0,0,1,0,0,0,0
zc,TA210,2012-06-28 09:09:43.307,7144.0000,1316,0,0.0000,0.0000,0,0,空换,S,7142.0000,0.0000,0.0000,0.0000,0.0000,7160.0000,0.0000,0.0000,0.0000,0.0000,1,0,0,0,0,1,0,0,0,0
zc,TA210,2012-06-28 09:09:43.870,7144.0000,1316,0,0.0000,0.0000,0,0,空换,S,7144.0000,0.0000,0.0000,0.0000,0.0000,7158.0000,0.0000,0.0000,0.0000,0.0000,1,0,0,0,0,1,0,0,0,0
zc,TA210,2012-06-28 09:09:46.807,7144.0000,1316,0,0.0000,0.0000,0,0,空换,S,7144.0000,0.0000,0.0000,0.0000,0.0000,7160.0000,0.0000,0.0000,0.0000,0.0000,1,0,0,0,0,1,0,0,0,0
zc,TA210,2012-06-28 09:09:49.590,7144.0000,1316,0,0.0000,0.0000,0,0,空换,S,7142.0000,0.0000,0.0000,0.0000,0.0000,7160.0000,0.0000,0.0000,0.0000,0.0000,1,0,0,0,0,1,0,0,0,0
zc,TA210,2012-06-28 09:09:50.120,7144.0000,1316,0,0.0000,0.0000,0,0,空换,S,7144.0000,0.0000,0.0000,0.0000,0.0000,7160.0000,0.0000,0.0000,0.0000,0.0000,1,0,0,0,0,1,0,0,0,0
zc,TA210,2012-06-28 09:09:53.590,7144.0000,1316,0,0.0000,0.0000,0,0,空换,S,7142.0000,0.0000,0.0000,0.0000,0.0000,7160.0000,0.0000,0.0000,0.0000,0.0000,1,0,0,0,0,1,0,0,0,0
zc,TA210,2012-06-28 09:09:58.840,7144.0000,1316,0,0.0000,0.0000,0,0,空换,S,7144.0000,0.0000,0.0000,0.0000,0.0000,7160.0000,0.0000,0.0000,0.0000,0.0000,1,0,0,0,0,1,0,0,0,0
zc,TA210,2012-06-28 09:10:01.107,7144.0000,1316,0,0.0000,0.0000,0,0,空换,S,7144.0000,0.0000,0.0000,0.0000,0.0000,7162.0000,0.0000,0.0000,0.0000,0.0000,1,0,0,0,0,1,0,0,0,0
zc,TA210,2012-06-28 09:10:04.073,7144.0000,1316,0,0.0000,0.0000,0,0,空换,S,7144.0000,0.0000,0.0000,0.0000,0.0000,7160.0000,0.0000,0.0000,0.0000,0.0000,1,0,0,0,0,1,0,0,0,0
zc,TA210,2012-06-28 09:10:05.090,7144.0000,1316,0,0.0000,0.0000,0,0,空换,S,7144.0000,0.0000,0.0000,0.0000,0.0000,7162.0000,0.0000,0.0000,0.0000,0.0000,1,0,0,0,0,1,0,0,0,0
zc,TA210,2012-06-28 09:10:09.107,7144.0000,1316,0,0.0000,0.0000,0,0,空换,S,7146.0000,0.0000,0.0000,0.0000,0.0000,7164.0000,0.0000,0.0000,0.0000,0.0000,1,0,0,0,0,1,0,0,0,0
zc,TA210,2012-06-28 09:10:15.840,7144.0000,1316,0,0.0000,0.0000,0,0,空换,S,7146.0000,0.0000,0.0000,0.0000,0.0000,7166.0000,0.0000,0.0000,0.0000,0.0000,2,0,0,0,0,1,0,0,0,0
zc,TA210,2012-06-28 09:10:28.840,7144.0000,1316,0,0.0000,0.0000,0,0,空换,S,7152.0000,0.0000,0.0000,0.0000,0.0000,7172.0000,0.0000,0.0000,0.0000,0.0000,1,0,0,0,0,2,0,0,0,0
zc,TA210,2012-06-28 09:10:30.557,7144.0000,1316,0,0.0000,0.0000,0,0,空换,S,7150.0000,0.0000,0.0000,0.0000,0.0000,7170.0000,0.0000,0.0000,0.0000,0.0000,1,0,0,0,0,1,0,0,0,0
zc,TA210,2012-06-28 09:10:32.073,7144.0000,1316,0,0.0000,0.0000,0,0,空换,S,7150.0000,0.0000,0.0000,0.0000,0.0000,7170.0000,0.0000,0.0000,0.0000,0.0000,2,0,0,0,0,1,0,0,0,0
zc,TA210,2012-06-28 09:10:33.823,7144.0000,1316,0,0.0000,0.0000,0,0,空换,S,7150.0000,0.0000,0.0000,0.0000,0.0000,7170.0000,0.0000,0.0000,0.0000,0.0000,1,0,0,0,0,1,0,0,0,0
zc,TA210,2012-06-28 09:10:34.323,7144.0000,1316,0,0.0000,0.0000,0,0,空换,S,7150.0000,0.0000,0.0000,0.0000,0.0000,7170.0000,0.0000,0.0000,0.0000,0.0000,2,0,0,0,0,1,0,0,0,0
zc,TA210,2012-06-28 09:10:35.607,7144.0000,1316,0,0.0000,0.0000,0,0,空换,S,7150.0000,0.0000,0.0000,0.0000,0.0000,7168.0000,0.0000,0.0000,0.0000,0.0000,1,0,0,0,0,1,0,0,0,0
zc,TA210,2012-06-28 09:10:38.340,7144.0000,1316,0,0.0000,0.0000,0,0,空换,S,7148.0000,0.0000,0.0000,0.0000,0.0000,7168.0000,0.0000,0.0000,0.0000,0.0000,2,0,0,0,0,1,0,0,0,0
zc,TA210,2012-06-28 09:10:53.073,7144.0000,1316,0,0.0000,0.0000,0,0,空换,S,7150.0000,0.0000,0.0000,0.0000,0.0000,7166.0000,0.0000,0.0000,0.0000,0.0000,1,0,0,0,0,1,0,0,0,0
zc,TA210,2012-06-28 09:10:54.090,7144.0000,1316,0,0.0000,0.0000,0,0,空换,S,7150.0000,0.0000,0.0000,0.0000,0.0000,7168.0000,0.0000,0.0000,0.0000,0.0000,1,0,0,0,0,1,0,0,0,0
zc,TA210,2012-06-28 09:10:54.823,7144.0000,1316,0,0.0000,0.0000,0,0,空换,S,7150.0000,0.0000,0.0000,0.0000,0.0000,7166.0000,0.0000,0.0000,0.0000,0.0000,1,0,0,0,0,1,0,0,0,0
zc,TA210,2012-06-28 09:10:56.137,7144.0000,1316,0,0.0000,0.0000,0,0,空换,S,7150.0000,0.0000,0.0000,0.0000,0.0000,7168.0000,0.0000,0.0000,0.0000,0.0000,1,0,0,0,0,1,0,0,0,0
zc,TA210,2012-06-28 09:10:58.090,7144.0000,1316,0,0.0000,0.0000,0,0,空换,S,7150.0000,0.0000,0.0000,0.0000,0.0000,7166.0000,0.0000,0.0000,0.0000,0.0000,1,0,0,0,0,1,0,0,0,0
zc,TA210,2012-06-28 09:11:01.043,7144.0000,1316,0,0.0000,0.0000,0,0,空换,S,7148.0000,0.0000,0.0000,0.0000,0.0000,7166.0000,0.0000,0.0000,0.0000,0.0000,1,0,0,0,0,1,0,0,0,0
zc,TA210,2012-06-28 09:11:01.607,7144.0000,1316,0,0.0000,0.0000,0,0,空换,S,7150.0000,0.0000,0.0000,0.0000,0.0000,7166.0000,0.0000,0.0000,0.0000,0.0000,1,0,0,0,0,1,0,0,0,0
zc,TA210,2012-06-28 09:11:08.340,7144.0000,1316,0,0.0000,0.0000,0,0,空换,S,7148.0000,0.0000,0.0000,0.0000,0.0000,7166.0000,0.0000,0.0000,0.0000,0.0000,1,0,0,0,0,1,0,0,0,0
zc,TA210,2012-06-28 09:11:19.557,7144.0000,1316,0,0.0000,0.0000,0,0,空换,S,7148.0000,0.0000,0.0000,0.0000,0.0000,7164.0000,0.0000,0.0000,0.0000,0.0000,1,0,0,0,0,1,0,0,0,0
zc,TA210,2012-06-28 09:11:24.590,7144.0000,1316,0,0.0000,0.0000,0,0,空换,S,7148.0000,0.0000,0.0000,0.0000,0.0000,7164.0000,0.0000,0.0000,0.0000,0.0000,1,0,0,0,0,2,0,0,0,0
zc,TA210,2012-06-28 09:11:26.807,7144.0000,1316,0,0.0000,0.0000,0,0,空换,S,7150.0000,0.0000,0.0000,0.0000,0.0000,7164.0000,0.0000,0.0000,0.0000,0.0000,1,0,0,0,0,2,0,0,0,0
zc,TA210,2012-06-28 09:11:28.573,7144.0000,1316,0,0.0000,0.0000,0,0,空换,S,7148.0000,0.0000,0.0000,0.0000,0.0000,7164.0000,0.0000,0.0000,0.0000,0.0000,1,0,0,0,0,3,0,0,0,0
zc,TA210,2012-06-28 09:11:31.293,7144.0000,1316,0,0.0000,0.0000,0,0,空换,S,7146.0000,0.0000,0.0000,0.0000,0.0000,7164.0000,0.0000,0.0000,0.0000,0.0000,1,0,0,0,0,3,0,0,0,0
zc,TA210,2012-06-28 09:11:34.823,7144.0000,1316,0,0.0000,0.0000,0,0,空换,S,7146.0000,0.0000,0.0000,0.0000,0.0000,7164.0000,0.0000,0.0000,0.0000,0.0000,3,0,0,0,0,3,0,0,0,0
zc,TA210,2012-06-28 09:11:45.590,7144.0000,1316,0,0.0000,0.0000,0,0,空换,S,7146.0000,0.0000,0.0000,0.0000,0.0000,7162.0000,0.0000,0.0000,0.0000,0.0000,3,0,0,0,0,1,0,0,0,0
zc,TA210,2012-06-28 09:11:50.073,7144.0000,1316,0,0.0000,0.0000,0,0,空换,S,7146.0000,0.0000,0.0000,0.0000,0.0000,7164.0000,0.0000,0.0000,0.0000,0.0000,4,0,0,0,0,2,0,0,0,0
zc,TA210,2012-06-28 09:11:50.557,7144.0000,1316,0,0.0000,0.0000,0,0,空换,S,7146.0000,0.0000,0.0000,0.0000,0.0000,7166.0000,0.0000,0.0000,0.0000,0.0000,4,0,0,0,0,1,0,0,0,0
zc,TA210,2012-06-28 09:11:55.823,7144.0000,1316,0,0.0000,0.0000,0,0,空换,S,7146.0000,0.0000,0.0000,0.0000,0.0000,7164.0000,0.0000,0.0000,0.0000,0.0000,3,0,0,0,0,1,0,0,0,0
zc,TA210,2012-06-28 09:11:56.887,7144.0000,1316,0,0.0000,0.0000,0,0,空换,S,7146.0000,0.0000,0.0000,0.0000,0.0000,7166.0000,0.0000,0.0000,0.0000,0.0000,4,0,0,0,0,1,0,0,0,0
zc,TA210,2012-06-28 09:11:57.323,7144.0000,1316,0,0.0000,0.0000,0,0,空换,S,7146.0000,0.0000,0.0000,0.0000,0.0000,7166.0000,0.0000,0.0000,0.0000,0.0000,3,0,0,0,0,1,0,0,0,0
zc,TA210,2012-06-28 09:11:58.807,7144.0000,1316,0,0.0000,0.0000,0,0,空换,S,7146.0000,0.0000,0.0000,0.0000,0.0000,7164.0000,0.0000,0.0000,0.0000,0.0000,3,0,0,0,0,1,0,0,0,0
zc,TA210,2012-06-28 09:12:07.557,7144.0000,1316,0,0.0000,0.0000,0,0,空换,S,7146.0000,0.0000,0.0000,0.0000,0.0000,7166.0000,0.0000,0.0000,0.0000,0.0000,4,0,0,0,0,1,0,0,0,0
zc,TA210,2012-06-28 09:12:16.590,7144.0000,1316,0,0.0000,0.0000,0,0,空换,S,7146.0000,0.0000,0.0000,0.0000,0.0000,7164.0000,0.0000,0.0000,0.0000,0.0000,3,0,0,0,0,1,0,0,0,0
zc,TA210,2012-06-28 09:12:17.807,7144.0000,1316,0,0.0000,0.0000,0,0,空换,S,7146.0000,0.0000,0.0000,0.0000,0.0000,7166.0000,0.0000,0.0000,0.0000,0.0000,4,0,0,0,0,1,0,0,0,0
zc,TA210,2012-06-28 09:12:21.840,7144.0000,1316,0,0.0000,0.0000,0,0,空换,S,7146.0000,0.0000,0.0000,0.0000,0.0000,7164.0000,0.0000,0.0000,0.0000,0.0000,3,0,0,0,0,1,0,0,0,0
zc,TA210,2012-06-28 09:12:22.857,7144.0000,1316,0,0.0000,0.0000,0,0,空换,S,7146.0000,0.0000,0.0000,0.0000,0.0000,7166.0000,0.0000,0.0000,0.0000,0.0000,4,0,0,0,0,1,0,0,0,0
zc,TA210,2012-06-28 09:12:27.323,7144.0000,1316,0,0.0000,0.0000,0,0,空换,S,7146.0000,0.0000,0.0000,0.0000,0.0000,7164.0000,0.0000,0.0000,0.0000,0.0000,3,0,0,0,0,1,0,0,0,0
zc,TA210,2012-06-28 09:12:28.590,7144.0000,1316,0,0.0000,0.0000,0,0,空换,S,7146.0000,0.0000,0.0000,0.0000,0.0000,7166.0000,0.0000,0.0000,0.0000,0.0000,3,0,0,0,0,1,0,0,0,0
zc,TA210,2012-06-28 09:12:29.807,7144.0000,1316,0,0.0000,0.0000,0,0,空换,S,7146.0000,0.0000,0.0000,0.0000,0.0000,7166.0000,0.0000,0.0000,0.0000,0.0000,4,0,0,0,0,1,0,0,0,0
zc,TA210,2012-06-28 09:12:30.057,7144.0000,1316,0,0.0000,0.0000,0,0,空换,S,7146.0000,0.0000,0.0000,0.0000,0.0000,7164.0000,0.0000,0.0000,0.0000,0.0000,3,0,0,0,0,1,0,0,0,0
zc,TA210,2012-06-28 09:12:30.823,7144.0000,1316,0,0.0000,0.0000,0,0,空换,S,7146.0000,0.0000,0.0000,0.0000,0.0000,7166.0000,0.0000,0.0000,0.0000,0.0000,3,0,0,0,0,1,0,0,0,0
zc,TA210,2012-06-28 09:12:31.323,7144.0000,1316,0,0.0000,0.0000,0,0,空换,S,7146.0000,0.0000,0.0000,0.0000,0.0000,7166.0000,0.0000,0.0000,0.0000,0.0000,4,0,0,0,0,1,0,0,0,0
zc,TA210,2012-06-28 09:12:31.840,7144.0000,1316,0,0.0000,0.0000,0,0,空换,S,7146.0000,0.0000,0.0000,0.0000,0.0000,7164.0000,0.0000,0.0000,0.0000,0.0000,3,0,0,0,0,1,0,0,0,0
zc,TA210,2012-06-28 09:12:35.090,7144.0000,1316,0,0.0000,0.0000,0,0,空换,S,7146.0000,0.0000,0.0000,0.0000,0.0000,7164.0000,0.0000,0.0000,0.0000,0.0000,4,0,0,0,0,2,0,0,0,0
zc,TA210,2012-06-28 09:12:37.107,7144.0000,1316,0,0.0000,0.0000,0,0,空换,S,7146.0000,0.0000,0.0000,0.0000,0.0000,7164.0000,0.0000,0.0000,0.0000,0.0000,3,0,0,0,0,3,0,0,0,0
zc,TA210,2012-06-28 09:12:45.323,7144.0000,1316,0,0.0000,0.0000,0,0,空换,S,7146.0000,0.0000,0.0000,0.0000,0.0000,7164.0000,0.0000,0.0000,0.0000,0.0000,4,0,0,0,0,2,0,0,0,0
zc,TA210,2012-06-28 09:12:56.323,7144.0000,1316,0,0.0000,0.0000,0,0,空换,S,7148.0000,0.0000,0.0000,0.0000,0.0000,7164.0000,0.0000,0.0000,0.0000,0.0000,1,0,0,0,0,2,0,0,0,0
zc,TA210,2012-06-28 09:13:25.307,7144.0000,1316,0,0.0000,0.0000,0,0,空换,S,7148.0000,0.0000,0.0000,0.0000,0.0000,7168.0000,0.0000,0.0000,0.0000,0.0000,2,0,0,0,0,1,0,0,0,0
zc,TA210,2012-06-28 09:13:26.073,7144.0000,1316,0,0.0000,0.0000,0,0,空换,S,7150.0000,0.0000,0.0000,0.0000,0.0000,7168.0000,0.0000,0.0000,0.0000,0.0000,2,0,0,0,0,1,0,0,0,0
zc,TA210,2012-06-28 09:13:36.557,7144.0000,1316,0,0.0000,0.0000,0,0,空换,S,7150.0000,0.0000,0.0000,0.0000,0.0000,7168.0000,0.0000,0.0000,0.0000,0.0000,2,0,0,0,0,3,0,0,0,0
zc,TA210,2012-06-28 09:13:41.607,7144.0000,1316,0,0.0000,0.0000,0,0,空换,S,7150.0000,0.0000,0.0000,0.0000,0.0000,7166.0000,0.0000,0.0000,0.0000,0.0000,2,0,0,0,0,1,0,0,0,0
zc,TA210,2012-06-28 09:13:43.573,7144.0000,1316,0,0.0000,0.0000,0,0,空换,S,7150.0000,0.0000,0.0000,0.0000,0.0000,7168.0000,0.0000,0.0000,0.0000,0.0000,2,0,0,0,0,3,0,0,0,0
zc,TA210,2012-06-28 09:13:47.307,7144.0000,1316,0,0.0000,0.0000,0,0,空换,S,7150.0000,0.0000,0.0000,0.0000,0.0000,7168.0000,0.0000,0.0000,0.0000,0.0000,2,0,0,0,0,3,0,0,0,0
zc,TA210,2012-06-28 09:13:48.793,7144.0000,1316,0,0.0000,0.0000,0,0,空换,S,7150.0000,0.0000,0.0000,0.0000,0.0000,7166.0000,0.0000,0.0000,0.0000,0.0000,2,0,0,0,0,1,0,0,0,0
zc,TA210,2012-06-28 09:13:51.107,7144.0000,1316,0,0.0000,0.0000,0,0,空换,S,7150.0000,0.0000,0.0000,0.0000,0.0000,7168.0000,0.0000,0.0000,0.0000,0.0000,2,0,0,0,0,3,0,0,0,0
zc,TA210,2012-06-28 09:13:52.823,7144.0000,1316,0,0.0000,0.0000,0,0,空换,S,7150.0000,0.0000,0.0000,0.0000,0.0000,7166.0000,0.0000,0.0000,0.0000,0.0000,2,0,0,0,0,1,0,0,0,0
zc,TA210,2012-06-28 09:13:53.823,7144.0000,1316,0,0.0000,0.0000,0,0,空换,S,7150.0000,0.0000,0.0000,0.0000,0.0000,7168.0000,0.0000,0.0000,0.0000,0.0000,2,0,0,0,0,3,0,0,0,0
zc,TA210,2012-06-28 09:13:56.573,7144.0000,1316,0,0.0000,0.0000,0,0,空换,S,7150.0000,0.0000,0.0000,0.0000,0.0000,7168.0000,0.0000,0.0000,0.0000,0.0000,3,0,0,0,0,2,0,0,0,0
zc,TA210,2012-06-28 09:13:59.073,7144.0000,1316,0,0.0000,0.0000,0,0,空换,S,7150.0000,0.0000,0.0000,0.0000,0.0000,7168.0000,0.0000,0.0000,0.0000,0.0000,2,0,0,0,0,3,0,0,0,0
zc,TA210,2012-06-28 09:14:03.307,7144.0000,1316,0,0.0000,0.0000,0,0,空换,S,7150.0000,0.0000,0.0000,0.0000,0.0000,7168.0000,0.0000,0.0000,0.0000,0.0000,3,0,0,0,0,3,0,0,0,0
zc,TA210,2012-06-28 09:14:04.073,7144.0000,1316,0,0.0000,0.0000,0,0,空换,S,7150.0000,0.0000,0.0000,0.0000,0.0000,7168.0000,0.0000,0.0000,0.0000,0.0000,4,0,0,0,0,2,0,0,0,0
zc,TA210,2012-06-28 09:14:21.323,7144.0000,1316,0,0.0000,0.0000,0,0,空换,S,7150.0000,0.0000,0.0000,0.0000,0.0000,7168.0000,0.0000,0.0000,0.0000,0.0000,3,0,0,0,0,2,0,0,0,0
zc,TA210,2012-06-28 09:14:23.590,7144.0000,1316,0,0.0000,0.0000,0,0,空换,S,7150.0000,0.0000,0.0000,0.0000,0.0000,7168.0000,0.0000,0.0000,0.0000,0.0000,2,0,0,0,0,3,0,0,0,0
zc,TA210,2012-06-28 09:14:24.870,7144.0000,1316,0,0.0000,0.0000,0,0,空换,S,7150.0000,0.0000,0.0000,0.0000,0.0000,7168.0000,0.0000,0.0000,0.0000,0.0000,3,0,0,0,0,2,0,0,0,0
zc,TA210,2012-06-28 09:14:32.090,7144.0000,1316,0,0.0000,0.0000,0,0,空换,S,7150.0000,0.0000,0.0000,0.0000,0.0000,7168.0000,0.0000,0.0000,0.0000,0.0000,4,0,0,0,0,2,0,0,0,0
zc,TA210,2012-06-28 09:14:32.823,7144.0000,1316,0,0.0000,0.0000,0,0,空换,S,7150.0000,0.0000,0.0000,0.0000,0.0000,7168.0000,0.0000,0.0000,0.0000,0.0000,3,0,0,0,0,2,0,0,0,0
zc,TA210,2012-06-28 09:14:54.340,7144.0000,1316,0,0.0000,0.0000,0,0,空换,S,7152.0000,0.0000,0.0000,0.0000,0.0000,7168.0000,0.0000,0.0000,0.0000,0.0000,1,0,0,0,0,2,0,0,0,0
zc,TA210,2012-06-28 09:14:55.107,7144.0000,1316,0,0.0000,0.0000,0,0,空换,S,7150.0000,0.0000,0.0000,0.0000,0.0000,7168.0000,0.0000,0.0000,0.0000,0.0000,4,0,0,0,0,2,0,0,0,0
zc,TA210,2012-06-28 09:14:55.607,7144.0000,1316,0,0.0000,0.0000,0,0,空换,S,7150.0000,0.0000,0.0000,0.0000,0.0000,7170.0000,0.0000,0.0000,0.0000,0.0000,3,0,0,0,0,1,0,0,0,0
zc,TA210,2012-06-28 09:14:56.340,7144.0000,1316,0,0.0000,0.0000,0,0,空换,S,7150.0000,0.0000,0.0000,0.0000,0.0000,7170.0000,0.0000,0.0000,0.0000,0.0000,4,0,0,0,0,1,0,0,0,0
zc,TA210,2012-06-28 09:14:57.307,7144.0000,1316,0,0.0000,0.0000,0,0,空换,S,7150.0000,0.0000,0.0000,0.0000,0.0000,7170.0000,0.0000,0.0000,0.0000,0.0000,3,0,0,0,0,1,0,0,0,0
zc,TA210,2012-06-28 09:14:58.057,7144.0000,1316,0,0.0000,0.0000,0,0,空换,S,7150.0000,0.0000,0.0000,0.0000,0.0000,7168.0000,0.0000,0.0000,0.0000,0.0000,2,0,0,0,0,1,0,0,0,0
zc,TA210,2012-06-28 09:14:59.057,7144.0000,1316,0,0.0000,0.0000,0,0,空换,S,7150.0000,0.0000,0.0000,0.0000,0.0000,7170.0000,0.0000,0.0000,0.0000,0.0000,3,0,0,0,0,1,0,0,0,0
zc,TA210,2012-06-28 09:15:02.057,7144.0000,1316,0,0.0000,0.0000,0,0,空换,S,7150.0000,0.0000,0.0000,0.0000,0.0000,7170.0000,0.0000,0.0000,0.0000,0.0000,4,0,0,0,0,1,0,0,0,0
zc,TA210,2012-06-28 09:15:03.073,7144.0000,1316,0,0.0000,0.0000,0,0,空换,S,7150.0000,0.0000,0.0000,0.0000,0.0000,7170.0000,0.0000,0.0000,0.0000,0.0000,3,0,0,0,0,1,0,0,0,0
zc,TA210,2012-06-28 09:15:03.607,7144.0000,1316,0,0.0000,0.0000,0,0,空换,S,7152.0000,0.0000,0.0000,0.0000,0.0000,7172.0000,0.0000,0.0000,0.0000,0.0000,1,0,0,0,0,2,0,0,0,0
zc,TA210,2012-06-28 09:15:08.073,7144.0000,1316,0,0.0000,0.0000,0,0,空换,S,7150.0000,0.0000,0.0000,0.0000,0.0000,7170.0000,0.0000,0.0000,0.0000,0.0000,4,0,0,0,0,1,0,0,0,0
zc,TA210,2012-06-28 09:15:10.403,7144.0000,1316,0,0.0000,0.0000,0,0,空换,S,7152.0000,0.0000,0.0000,0.0000,0.0000,7172.0000,0.0000,0.0000,0.0000,0.0000,1,0,0,0,0,2,0,0,0,0
zc,TA210,2012-06-28 09:15:18.090,7144.0000,1316,0,0.0000,0.0000,0,0,空换,S,7152.0000,0.0000,0.0000,0.0000,0.0000,7172.0000,0.0000,0.0000,0.0000,0.0000,1,0,0,0,0,4,0,0,0,0
zc,TA210,2012-06-28 09:15:28.840,7144.0000,1316,0,0.0000,0.0000,0,0,空换,S,7150.0000,0.0000,0.0000,0.0000,0.0000,7170.0000,0.0000,0.0000,0.0000,0.0000,4,0,0,0,0,1,0,0,0,0
zc,TA210,2012-06-28 09:15:33.807,7144.0000,1316,0,0.0000,0.0000,0,0,空换,S,7150.0000,0.0000,0.0000,0.0000,0.0000,7168.0000,0.0000,0.0000,0.0000,0.0000,2,0,0,0,0,1,0,0,0,0
zc,TA210,2012-06-28 09:15:34.793,7144.0000,1316,0,0.0000,0.0000,0,0,空换,S,7150.0000,0.0000,0.0000,0.0000,0.0000,7168.0000,0.0000,0.0000,0.0000,0.0000,3,0,0,0,0,1,0,0,0,0
zc,TA210,2012-06-28 09:15:36.323,7144.0000,1316,0,0.0000,0.0000,0,0,空换,S,7150.0000,0.0000,0.0000,0.0000,0.0000,7168.0000,0.0000,0.0000,0.0000,0.0000,2,0,0,0,0,1,0,0,0,0
zc,TA210,2012-06-28 09:15:40.043,7144.0000,1316,0,0.0000,0.0000,0,0,空换,S,7150.0000,0.0000,0.0000,0.0000,0.0000,7168.0000,0.0000,0.0000,0.0000,0.0000,3,0,0,0,0,1,0,0,0,0
zc,TA210,2012-06-28 09:15:43.057,7144.0000,1316,0,0.0000,0.0000,0,0,空换,S,7150.0000,0.0000,0.0000,0.0000,0.0000,7168.0000,0.0000,0.0000,0.0000,0.0000,2,0,0,0,0,1,0,0,0,0
zc,TA210,2012-06-28 09:15:45.057,7144.0000,1316,0,0.0000,0.0000,0,0,空换,S,7150.0000,0.0000,0.0000,0.0000,0.0000,7168.0000,0.0000,0.0000,0.0000,0.0000,3,0,0,0,0,1,0,0,0,0
zc,TA210,2012-06-28 09:15:48.057,7144.0000,1316,0,0.0000,0.0000,0,0,空换,S,7150.0000,0.0000,0.0000,0.0000,0.0000,7168.0000,0.0000,0.0000,0.0000,0.0000,3,0,0,0,0,3,0,0,0,0
zc,TA210,2012-06-28 09:16:02.557,7144.0000,1316,0,0.0000,0.0000,0,0,空换,S,7150.0000,0.0000,0.0000,0.0000,0.0000,7168.0000,0.0000,0.0000,0.0000,0.0000,2,0,0,0,0,3,0,0,0,0
zc,TA210,2012-06-28 09:16:08.323,7144.0000,1316,0,0.0000,0.0000,0,0,空换,S,7150.0000,0.0000,0.0000,0.0000,0.0000,7168.0000,0.0000,0.0000,0.0000,0.0000,3,0,0,0,0,3,0,0,0,0
zc,TA210,2012-06-28 09:16:11.543,7144.0000,1316,0,0.0000,0.0000,0,0,空换,S,7150.0000,0.0000,0.0000,0.0000,0.0000,7168.0000,0.0000,0.0000,0.0000,0.0000,2,0,0,0,0,3,0,0,0,0
zc,TA210,2012-06-28 09:16:16.557,7144.0000,1316,0,0.0000,0.0000,0,0,空换,S,7150.0000,0.0000,0.0000,0.0000,0.0000,7166.0000,0.0000,0.0000,0.0000,0.0000,2,0,0,0,0,1,0,0,0,0
zc,TA210,2012-06-28 09:16:17.057,7144.0000,1316,0,0.0000,0.0000,0,0,空换,S,7148.0000,0.0000,0.0000,0.0000,0.0000,7166.0000,0.0000,0.0000,0.0000,0.0000,1,0,0,0,0,1,0,0,0,0
zc,TA210,2012-06-28 09:16:18.823,7144.0000,1316,0,0.0000,0.0000,0,0,空换,S,7148.0000,0.0000,0.0000,0.0000,0.0000,7168.0000,0.0000,0.0000,0.0000,0.0000,1,0,0,0,0,3,0,0,0,0
zc,TA210,2012-06-28 09:16:20.573,7144.0000,1316,0,0.0000,0.0000,0,0,空换,S,7146.0000,0.0000,0.0000,0.0000,0.0000,7166.0000,0.0000,0.0000,0.0000,0.0000,2,0,0,0,0,1,0,0,0,0
zc,TA210,2012-06-28 09:16:20.793,7144.0000,1316,0,0.0000,0.0000,0,0,空换,S,7146.0000,0.0000,0.0000,0.0000,0.0000,7166.0000,0.0000,0.0000,0.0000,0.0000,1,0,0,0,0,1,0,0,0,0
zc,TA210,2012-06-28 09:16:22.043,7144.0000,1316,0,0.0000,0.0000,0,0,空换,S,7146.0000,0.0000,0.0000,0.0000,0.0000,7168.0000,0.0000,0.0000,0.0000,0.0000,1,0,0,0,0,3,0,0,0,0
zc,TA210,2012-06-28 09:16:24.293,7144.0000,1316,0,0.0000,0.0000,0,0,空换,S,7146.0000,0.0000,0.0000,0.0000,0.0000,7166.0000,0.0000,0.0000,0.0000,0.0000,1,0,0,0,0,1,0,0,0,0
zc,TA210,2012-06-28 09:16:28.073,7144.0000,1316,0,0.0000,0.0000,0,0,空换,S,7148.0000,0.0000,0.0000,0.0000,0.0000,7168.0000,0.0000,0.0000,0.0000,0.0000,1,0,0,0,0,3,0,0,0,0
zc,TA210,2012-06-28 09:16:32.557,7144.0000,1316,0,0.0000,0.0000,0,0,空换,S,7146.0000,0.0000,0.0000,0.0000,0.0000,7166.0000,0.0000,0.0000,0.0000,0.0000,1,0,0,0,0,1,0,0,0,0
zc,TA210,2012-06-28 09:16:37.120,7144.0000,1316,0,0.0000,0.0000,0,0,空换,S,7148.0000,0.0000,0.0000,0.0000,0.0000,7168.0000,0.0000,0.0000,0.0000,0.0000,1,0,0,0,0,3,0,0,0,0
zc,TA210,2012-06-28 09:16:59.307,7144.0000,1316,0,0.0000,0.0000,0,0,空换,S,7150.0000,0.0000,0.0000,0.0000,0.0000,7168.0000,0.0000,0.0000,0.0000,0.0000,1,0,0,0,0,2,0,0,0,0
zc,TA210,2012-06-28 09:17:04.057,7144.0000,1316,0,0.0000,0.0000,0,0,空换,S,7148.0000,0.0000,0.0000,0.0000,0.0000,7168.0000,0.0000,0.0000,0.0000,0.0000,1,0,0,0,0,2,0,0,0,0
zc,TA210,2012-06-28 09:17:04.823,7144.0000,1316,0,0.0000,0.0000,0,0,空换,S,7148.0000,0.0000,0.0000,0.0000,0.0000,7168.0000,0.0000,0.0000,0.0000,0.0000,1,0,0,0,0,3,0,0,0,0
zc,TA210,2012-06-28 09:17:05.557,7144.0000,1316,0,0.0000,0.0000,0,0,空换,S,7148.0000,0.0000,0.0000,0.0000,0.0000,7168.0000,0.0000,0.0000,0.0000,0.0000,1,0,0,0,0,2,0,0,0,0
zc,TA210,2012-06-28 09:17:06.557,7144.0000,1316,0,0.0000,0.0000,0,0,空换,S,7150.0000,0.0000,0.0000,0.0000,0.0000,7168.0000,0.0000,0.0000,0.0000,0.0000,1,0,0,0,0,2,0,0,0,0
zc,TA210,2012-06-28 09:17:07.090,7144.0000,1316,0,0.0000,0.0000,0,0,空换,S,7148.0000,0.0000,0.0000,0.0000,0.0000,7168.0000,0.0000,0.0000,0.0000,0.0000,1,0,0,0,0,2,0,0,0,0
zc,TA210,2012-06-28 09:17:08.840,7144.0000,1316,0,0.0000,0.0000,0,0,空换,S,7148.0000,0.0000,0.0000,0.0000,0.0000,7168.0000,0.0000,0.0000,0.0000,0.0000,2,0,0,0,0,2,0,0,0,0
zc,TA210,2012-06-28 09:17:11.073,7144.0000,1316,0,0.0000,0.0000,0,0,空换,S,7150.0000,0.0000,0.0000,0.0000,0.0000,7168.0000,0.0000,0.0000,0.0000,0.0000,1,0,0,0,0,2,0,0,0,0
zc,TA210,2012-06-28 09:17:11.557,7144.0000,1316,0,0.0000,0.0000,0,0,空换,S,7148.0000,0.0000,0.0000,0.0000,0.0000,7168.0000,0.0000,0.0000,0.0000,0.0000,1,0,0,0,0,2,0,0,0,0
zc,TA210,2012-06-28 09:17:12.807,7144.0000,1316,0,0.0000,0.0000,0,0,空换,S,7150.0000,0.0000,0.0000,0.0000,0.0000,7168.0000,0.0000,0.0000,0.0000,0.0000,1,0,0,0,0,2,0,0,0,0
zc,TA210,2012-06-28 09:17:21.340,7144.0000,1316,0,0.0000,0.0000,0,0,空换,S,7146.0000,0.0000,0.0000,0.0000,0.0000,7168.0000,0.0000,0.0000,0.0000,0.0000,1,0,0,0,0,3,0,0,0,0
zc,TA210,2012-06-28 09:17:21.557,7144.0000,1316,0,0.0000,0.0000,0,0,空换,S,7146.0000,0.0000,0.0000,0.0000,0.0000,7168.0000,0.0000,0.0000,0.0000,0.0000,1,0,0,0,0,2,0,0,0,0
zc,TA210,2012-06-28 09:17:22.307,7144.0000,1316,0,0.0000,0.0000,0,0,空换,S,7150.0000,0.0000,0.0000,0.0000,0.0000,7168.0000,0.0000,0.0000,0.0000,0.0000,1,0,0,0,0,2,0,0,0,0
zc,TA210,2012-06-28 09:17:22.807,7144.0000,1316,0,0.0000,0.0000,0,0,空换,S,7146.0000,0.0000,0.0000,0.0000,0.0000,7168.0000,0.0000,0.0000,0.0000,0.0000,1,0,0,0,0,2,0,0,0,0
zc,TA210,2012-06-28 09:17:24.590,7144.0000,1316,0,0.0000,0.0000,0,0,空换,S,7146.0000,0.0000,0.0000,0.0000,0.0000,7166.0000,0.0000,0.0000,0.0000,0.0000,1,0,0,0,0,1,0,0,0,0
zc,TA210,2012-06-28 09:17:28.307,7144.0000,1316,0,0.0000,0.0000,0,0,空换,S,7148.0000,0.0000,0.0000,0.0000,0.0000,7168.0000,0.0000,0.0000,0.0000,0.0000,1,0,0,0,0,3,0,0,0,0
zc,TA210,2012-06-28 09:17:30.340,7144.0000,1316,0,0.0000,0.0000,0,0,空换,S,7146.0000,0.0000,0.0000,0.0000,0.0000,7166.0000,0.0000,0.0000,0.0000,0.0000,1,0,0,0,0,1,0,0,0,0
zc,TA210,2012-06-28 09:17:31.857,7144.0000,1316,0,0.0000,0.0000,0,0,空换,S,7148.0000,0.0000,0.0000,0.0000,0.0000,7168.0000,0.0000,0.0000,0.0000,0.0000,1,0,0,0,0,3,0,0,0,0
zc,TA210,2012-06-28 09:17:32.857,7144.0000,1316,0,0.0000,0.0000,0,0,空换,S,7146.0000,0.0000,0.0000,0.0000,0.0000,7166.0000,0.0000,0.0000,0.0000,0.0000,1,0,0,0,0,1,0,0,0,0
zc,TA210,2012-06-28 09:17:34.807,7144.0000,1316,0,0.0000,0.0000,0,0,空换,S,7146.0000,0.0000,0.0000,0.0000,0.0000,7168.0000,0.0000,0.0000,0.0000,0.0000,1,0,0,0,0,3,0,0,0,0
zc,TA210,2012-06-28 09:17:35.557,7144.0000,1316,0,0.0000,0.0000,0,0,空换,S,7146.0000,0.0000,0.0000,0.0000,0.0000,7166.0000,0.0000,0.0000,0.0000,0.0000,1,0,0,0,0,1,0,0,0,0
zc,TA210,2012-06-28 09:17:35.807,7144.0000,1316,0,0.0000,0.0000,0,0,空换,S,7148.0000,0.0000,0.0000,0.0000,0.0000,7168.0000,0.0000,0.0000,0.0000,0.0000,1,0,0,0,0,3,0,0,0,0
zc,TA210,2012-06-28 09:17:36.543,7144.0000,1316,0,0.0000,0.0000,0,0,空换,S,7148.0000,0.0000,0.0000,0.0000,0.0000,7168.0000,0.0000,0.0000,0.0000,0.0000,1,0,0,0,0,23,0,0,0,0
zc,TA210,2012-06-28 09:17:43.057,7144.0000,1316,0,0.0000,0.0000,0,0,空换,S,7146.0000,0.0000,0.0000,0.0000,0.0000,7168.0000,0.0000,0.0000,0.0000,0.0000,1,0,0,0,0,23,0,0,0,0
zc,TA210,2012-06-28 09:17:44.823,7144.0000,1316,0,0.0000,0.0000,0,0,空换,S,7150.0000,0.0000,0.0000,0.0000,0.0000,7168.0000,0.0000,0.0000,0.0000,0.0000,1,0,0,0,0,22,0,0,0,0
zc,TA210,2012-06-28 09:17:45.340,7144.0000,1316,0,0.0000,0.0000,0,0,空换,S,7150.0000,0.0000,0.0000,0.0000,0.0000,7168.0000,0.0000,0.0000,0.0000,0.0000,3,0,0,0,0,22,0,0,0,0
zc,TA210,2012-06-28 09:18:06.043,7144.0000,1316,0,0.0000,0.0000,0,0,空换,S,7150.0000,0.0000,0.0000,0.0000,0.0000,7168.0000,0.0000,0.0000,0.0000,0.0000,2,0,0,0,0,23,0,0,0,0
zc,TA210,2012-06-28 09:18:12.543,7144.0000,1316,0,0.0000,0.0000,0,0,空换,S,7150.0000,0.0000,0.0000,0.0000,0.0000,7168.0000,0.0000,0.0000,0.0000,0.0000,3,0,0,0,0,22,0,0,0,0
zc,TA210,2012-06-28 09:18:21.557,7144.0000,1316,0,0.0000,0.0000,0,0,空换,S,7150.0000,0.0000,0.0000,0.0000,0.0000,7168.0000,0.0000,0.0000,0.0000,0.0000,2,0,0,0,0,23,0,0,0,0
zc,TA210,2012-06-28 09:18:23.307,7144.0000,1316,0,0.0000,0.0000,0,0,空换,S,7150.0000,0.0000,0.0000,0.0000,0.0000,7168.0000,0.0000,0.0000,0.0000,0.0000,3,0,0,0,0,22,0,0,0,0
zc,TA210,2012-06-28 09:18:37.573,7144.0000,1316,0,0.0000,0.0000,0,0,空换,S,7152.0000,0.0000,0.0000,0.0000,0.0000,7168.0000,0.0000,0.0000,0.0000,0.0000,1,0,0,0,0,22,0,0,0,0
zc,TA210,2012-06-28 09:18:38.043,7144.0000,1316,0,0.0000,0.0000,0,0,空换,S,7152.0000,0.0000,0.0000,0.0000,0.0000,7168.0000,0.0000,0.0000,0.0000,0.0000,1,0,0,0,0,20,0,0,0,0
zc,TA210,2012-06-28 09:18:41.323,7144.0000,1316,0,0.0000,0.0000,0,0,空换,S,7150.0000,0.0000,0.0000,0.0000,0.0000,7168.0000,0.0000,0.0000,0.0000,0.0000,3,0,0,0,0,20,0,0,0,0
zc,TA210,2012-06-28 09:18:52.543,7144.0000,1316,0,0.0000,0.0000,0,0,空换,S,7152.0000,0.0000,0.0000,0.0000,0.0000,7168.0000,0.0000,0.0000,0.0000,0.0000,1,0,0,0,0,20,0,0,0,0
zc,TA210,2012-06-28 09:18:53.807,7144.0000,1316,0,0.0000,0.0000,0,0,空换,S,7150.0000,0.0000,0.0000,0.0000,0.0000,7168.0000,0.0000,0.0000,0.0000,0.0000,3,0,0,0,0,20,0,0,0,0
zc,TA210,2012-06-28 09:19:08.543,7144.0000,1316,0,0.0000,0.0000,0,0,空换,S,7152.0000,0.0000,0.0000,0.0000,0.0000,7168.0000,0.0000,0.0000,0.0000,0.0000,1,0,0,0,0,20,0,0,0,0
zc,TA210,2012-06-28 09:19:18.090,7144.0000,1316,0,0.0000,0.0000,0,0,空换,S,7150.0000,0.0000,0.0000,0.0000,0.0000,7168.0000,0.0000,0.0000,0.0000,0.0000,3,0,0,0,0,20,0,0,0,0
zc,TA210,2012-06-28 09:19:29.807,7144.0000,1316,0,0.0000,0.0000,0,0,空换,S,7152.0000,0.0000,0.0000,0.0000,0.0000,7168.0000,0.0000,0.0000,0.0000,0.0000,1,0,0,0,0,20,0,0,0,0
zc,TA210,2012-06-28 09:19:45.807,7144.0000,1316,0,0.0000,0.0000,0,0,空换,S,7150.0000,0.0000,0.0000,0.0000,0.0000,7168.0000,0.0000,0.0000,0.0000,0.0000,3,0,0,0,0,20,0,0,0,0
zc,TA210,2012-06-28 09:19:50.277,7144.0000,1316,0,0.0000,0.0000,0,0,空换,S,7150.0000,0.0000,0.0000,0.0000,0.0000,7168.0000,0.0000,0.0000,0.0000,0.0000,3,0,0,0,0,22,0,0,0,0
zc,TA210,2012-06-28 09:20:05.340,7144.0000,1316,0,0.0000,0.0000,0,0,空换,S,7152.0000,0.0000,0.0000,0.0000,0.0000,7168.0000,0.0000,0.0000,0.0000,0.0000,1,0,0,0,0,22,0,0,0,0
zc,TA210,2012-06-28 09:20:05.870,7144.0000,1316,0,0.0000,0.0000,0,0,空换,S,7152.0000,0.0000,0.0000,0.0000,0.0000,7168.0000,0.0000,0.0000,0.0000,0.0000,1,0,0,0,0,20,0,0,0,0
zc,TA210,2012-06-28 09:20:12.073,7144.0000,1316,0,0.0000,0.0000,0,0,空换,S,7150.0000,0.0000,0.0000,0.0000,0.0000,7168.0000,0.0000,0.0000,0.0000,0.0000,3,0,0,0,0,20,0,0,0,0
zc,TA210,2012-06-28 09:20:16.057,7144.0000,1316,0,0.0000,0.0000,0,0,空换,S,7152.0000,0.0000,0.0000,0.0000,0.0000,7168.0000,0.0000,0.0000,0.0000,0.0000,1,0,0,0,0,20,0,0,0,0
zc,TA210,2012-06-28 09:20:46.557,7144.0000,1316,0,0.0000,0.0000,0,0,空换,S,7150.0000,0.0000,0.0000,0.0000,0.0000,7168.0000,0.0000,0.0000,0.0000,0.0000,4,0,0,0,0,20,0,0,0,0
zc,TA210,2012-06-28 09:20:51.073,7144.0000,1316,0,0.0000,0.0000,0,0,空换,S,7150.0000,0.0000,0.0000,0.0000,0.0000,7168.0000,0.0000,0.0000,0.0000,0.0000,4,0,0,0,0,22,0,0,0,0
zc,TA210,2012-06-28 09:20:55.293,7144.0000,1316,0,0.0000,0.0000,0,0,空换,S,7152.0000,0.0000,0.0000,0.0000,0.0000,7168.0000,0.0000,0.0000,0.0000,0.0000,1,0,0,0,0,22,0,0,0,0
zc,TA210,2012-06-28 09:20:56.043,7144.0000,1316,0,0.0000,0.0000,0,0,空换,S,7152.0000,0.0000,0.0000,0.0000,0.0000,7168.0000,0.0000,0.0000,0.0000,0.0000,2,0,0,0,0,22,0,0,0,0
zc,TA210,2012-06-28 09:20:57.807,7144.0000,1316,0,0.0000,0.0000,0,0,空换,S,7152.0000,0.0000,0.0000,0.0000,0.0000,7168.0000,0.0000,0.0000,0.0000,0.0000,1,0,0,0,0,22,0,0,0,0
zc,TA210,2012-06-28 09:21:20.057,7144.0000,1316,0,0.0000,0.0000,0,0,空换,S,7154.0000,0.0000,0.0000,0.0000,0.0000,7168.0000,0.0000,0.0000,0.0000,0.0000,1,0,0,0,0,22,0,0,0,0
zc,TA210,2012-06-28 09:21:21.057,7144.0000,1316,0,0.0000,0.0000,0,0,空换,S,7154.0000,0.0000,0.0000,0.0000,0.0000,7168.0000,0.0000,0.0000,0.0000,0.0000,1,0,0,0,0,20,0,0,0,0
zc,TA210,2012-06-28 09:21:21.307,7144.0000,1316,0,0.0000,0.0000,0,0,空换,S,7152.0000,0.0000,0.0000,0.0000,0.0000,7168.0000,0.0000,0.0000,0.0000,0.0000,1,0,0,0,0,20,0,0,0,0
zc,TA210,2012-06-28 09:21:22.807,7144.0000,1316,0,0.0000,0.0000,0,0,空换,S,7154.0000,0.0000,0.0000,0.0000,0.0000,7168.0000,0.0000,0.0000,0.0000,0.0000,1,0,0,0,0,20,0,0,0,0
zc,TA210,2012-06-28 09:21:25.840,7144.0000,1316,0,0.0000,0.0000,0,0,空换,S,7152.0000,0.0000,0.0000,0.0000,0.0000,7168.0000,0.0000,0.0000,0.0000,0.0000,3,0,0,0,0,20,0,0,0,0
zc,TA210,2012-06-28 09:21:40.293,7144.0000,1316,0,0.0000,0.0000,0,0,空换,S,7154.0000,0.0000,0.0000,0.0000,0.0000,7168.0000,0.0000,0.0000,0.0000,0.0000,1,0,0,0,0,20,0,0,0,0
zc,TA210,2012-06-28 09:22:06.043,7154.0000,1314,-2,0.0000,2.0000,0,2,双平,B,7154.0000,0.0000,0.0000,0.0000,0.0000,7168.0000,0.0000,0.0000,0.0000,0.0000,1,0,0,0,0,20,0,0,0,0
zc,TA210,2012-06-28 09:22:07.840,7154.0000,1314,0,0.0000,0.0000,0,0,多换,B,7156.0000,0.0000,0.0000,0.0000,0.0000,7168.0000,0.0000,0.0000,0.0000,0.0000,1,0,0,0,0,20,0,0,0,0
zc,TA210,2012-06-28 09:22:13.840,7154.0000,1314,0,0.0000,0.0000,0,0,多换,B,7154.0000,0.0000,0.0000,0.0000,0.0000,7168.0000,0.0000,0.0000,0.0000,0.0000,1,0,0,0,0,20,0,0,0,0
zc,TA210,2012-06-28 09:22:17.573,7154.0000,1314,0,0.0000,0.0000,0,0,多换,B,7156.0000,0.0000,0.0000,0.0000,0.0000,7168.0000,0.0000,0.0000,0.0000,0.0000,1,0,0,0,0,20,0,0,0,0
zc,TA210,2012-06-28 09:22:38.840,7154.0000,1314,0,0.0000,0.0000,0,0,多换,B,7158.0000,0.0000,0.0000,0.0000,0.0000,7168.0000,0.0000,0.0000,0.0000,0.0000,1,0,0,0,0,20,0,0,0,0
zc,TA210,2012-06-28 09:23:07.840,7154.0000,1314,0,0.0000,0.0000,0,0,多换,B,7156.0000,0.0000,0.0000,0.0000,0.0000,7168.0000,0.0000,0.0000,0.0000,0.0000,1,0,0,0,0,20,0,0,0,0
zc,TA210,2012-06-28 09:23:17.090,7154.0000,1314,0,0.0000,0.0000,0,0,多换,B,7158.0000,0.0000,0.0000,0.0000,0.0000,7168.0000,0.0000,0.0000,0.0000,0.0000,1,0,0,0,0,20,0,0,0,0
zc,TA210,2012-06-28 09:23:44.807,7154.0000,1314,0,0.0000,0.0000,0,0,多换,B,7156.0000,0.0000,0.0000,0.0000,0.0000,7168.0000,0.0000,0.0000,0.0000,0.0000,1,0,0,0,0,20,0,0,0,0
zc,TA210,2012-06-28 09:24:21.293,7154.0000,1314,0,0.0000,0.0000,0,0,多换,B,7158.0000,0.0000,0.0000,0.0000,0.0000,7168.0000,0.0000,0.0000,0.0000,0.0000,1,0,0,0,0,20,0,0,0,0
zc,TA210,2012-06-28 09:24:32.340,7154.0000,1314,0,0.0000,0.0000,0,0,多换,B,7160.0000,0.0000,0.0000,0.0000,0.0000,7168.0000,0.0000,0.0000,0.0000,0.0000,1,0,0,0,0,20,0,0,0,0
zc,TA210,2012-06-28 09:24:34.557,7154.0000,1314,0,0.0000,0.0000,0,0,多换,B,7162.0000,0.0000,0.0000,0.0000,0.0000,7168.0000,0.0000,0.0000,0.0000,0.0000,1,0,0,0,0,20,0,0,0,0
zc,TA210,2012-06-28 09:24:41.307,7154.0000,1314,0,0.0000,0.0000,0,0,多换,B,7160.0000,0.0000,0.0000,0.0000,0.0000,7168.0000,0.0000,0.0000,0.0000,0.0000,1,0,0,0,0,20,0,0,0,0
zc,TA210,2012-06-28 09:24:59.073,7154.0000,1314,0,0.0000,0.0000,0,0,多换,B,7162.0000,0.0000,0.0000,0.0000,0.0000,7168.0000,0.0000,0.0000,0.0000,0.0000,1,0,0,0,0,20,0,0,0,0
zc,TA210,2012-06-28 09:25:13.807,7154.0000,1314,0,0.0000,0.0000,0,0,多换,B,7164.0000,0.0000,0.0000,0.0000,0.0000,7168.0000,0.0000,0.0000,0.0000,0.0000,1,0,0,0,0,20,0,0,0,0
zc,TA210,2012-06-28 09:25:17.590,7168.0000,1312,-2,0.0000,2.0000,0,2,双平,B,7164.0000,0.0000,0.0000,0.0000,0.0000,7168.0000,0.0000,0.0000,0.0000,0.0000,1,0,0,0,0,19,0,0,0,0
zc,TA210,2012-06-28 09:25:18.073,7168.0000,1296,-16,0.0000,20.0000,2,18,空平,B,7164.0000,0.0000,0.0000,0.0000,0.0000,7168.0000,0.0000,0.0000,0.0000,0.0000,1,0,0,0,0,9,0,0,0,0
zc,TA210,2012-06-28 09:25:19.307,7168.0000,1284,-12,0.0000,12.0000,0,12,双平,B,7164.0000,0.0000,0.0000,0.0000,0.0000,7168.0000,0.0000,0.0000,0.0000,0.0000,1,0,0,0,0,3,0,0,0,0
zc,TA210,2012-06-28 09:25:20.340,7168.0000,1284,0,0.0000,0.0000,0,0,多换,B,7162.0000,0.0000,0.0000,0.0000,0.0000,7168.0000,0.0000,0.0000,0.0000,0.0000,1,0,0,0,0,3,0,0,0,0
zc,TA210,2012-06-28 09:25:24.357,7168.0000,1284,0,0.0000,0.0000,0,0,多换,B,7160.0000,0.0000,0.0000,0.0000,0.0000,7168.0000,0.0000,0.0000,0.0000,0.0000,1,0,0,0,0,3,0,0,0,0
zc,TA210,2012-06-28 09:25:25.073,7168.0000,1284,0,0.0000,0.0000,0,0,多换,B,7162.0000,0.0000,0.0000,0.0000,0.0000,7168.0000,0.0000,0.0000,0.0000,0.0000,1,0,0,0,0,3,0,0,0,0
zc,TA210,2012-06-28 09:25:27.607,7168.0000,1284,0,0.0000,0.0000,0,0,多换,B,7160.0000,0.0000,0.0000,0.0000,0.0000,7168.0000,0.0000,0.0000,0.0000,0.0000,1,0,0,0,0,3,0,0,0,0
zc,TA210,2012-06-28 09:25:29.857,7168.0000,1284,0,0.0000,0.0000,0,0,多换,B,7162.0000,0.0000,0.0000,0.0000,0.0000,7168.0000,0.0000,0.0000,0.0000,0.0000,1,0,0,0,0,3,0,0,0,0
zc,TA210,2012-06-28 09:25:32.607,7168.0000,1284,0,0.0000,0.0000,0,0,多换,B,7164.0000,0.0000,0.0000,0.0000,0.0000,7168.0000,0.0000,0.0000,0.0000,0.0000,1,0,0,0,0,3,0,0,0,0
zc,TA210,2012-06-28 09:25:33.357,7168.0000,1284,0,0.0000,0.0000,0,0,多换,B,7166.0000,0.0000,0.0000,0.0000,0.0000,7168.0000,0.0000,0.0000,0.0000,0.0000,1,0,0,0,0,3,0,0,0,0
zc,TA210,2012-06-28 09:25:33.840,7168.0000,1278,-6,0.0000,6.0000,0,6,双平,B,7166.0000,0.0000,0.0000,0.0000,0.0000,7170.0000,0.0000,0.0000,0.0000,0.0000,1,0,0,0,0,30,0,0,0,0
zc,TA210,2012-06-28 09:25:35.073,7168.0000,1278,0,0.0000,0.0000,0,0,多换,B,7164.0000,0.0000,0.0000,0.0000,0.0000,7170.0000,0.0000,0.0000,0.0000,0.0000,1,0,0,0,0,30,0,0,0,0
zc,TA210,2012-06-28 09:25:37.073,7168.0000,1278,0,0.0000,0.0000,0,0,多换,B,7168.0000,0.0000,0.0000,0.0000,0.0000,7170.0000,0.0000,0.0000,0.0000,0.0000,1,0,0,0,0,30,0,0,0,0
zc,TA210,2012-06-28 09:25:37.590,7168.0000,1278,0,0.0000,0.0000,0,0,多换,B,7166.0000,0.0000,0.0000,0.0000,0.0000,7170.0000,0.0000,0.0000,0.0000,0.0000,1,0,0,0,0,30,0,0,0,0
zc,TA210,2012-06-28 09:25:38.807,7168.0000,1278,0,0.0000,0.0000,0,0,多换,B,7164.0000,0.0000,0.0000,0.0000,0.0000,7170.0000,0.0000,0.0000,0.0000,0.0000,1,0,0,0,0,30,0,0,0,0
zc,TA210,2012-06-28 09:25:41.607,7168.0000,1278,0,0.0000,0.0000,0,0,多换,B,7166.0000,0.0000,0.0000,0.0000,0.0000,7170.0000,0.0000,0.0000,0.0000,0.0000,1,0,0,0,0,30,0,0,0,0
zc,TA210,2012-06-28 09:25:43.607,7168.0000,1278,0,0.0000,0.0000,0,0,多换,B,7164.0000,0.0000,0.0000,0.0000,0.0000,7170.0000,0.0000,0.0000,0.0000,0.0000,1,0,0,0,0,30,0,0,0,0
zc,TA210,2012-06-28 09:25:43.840,7168.0000,1278,0,0.0000,0.0000,0,0,多换,B,7162.0000,0.0000,0.0000,0.0000,0.0000,7170.0000,0.0000,0.0000,0.0000,0.0000,1,0,0,0,0,30,0,0,0,0
zc,TA210,2012-06-28 09:25:45.323,7168.0000,1278,0,0.0000,0.0000,0,0,多换,B,7164.0000,0.0000,0.0000,0.0000,0.0000,7170.0000,0.0000,0.0000,0.0000,0.0000,1,0,0,0,0,30,0,0,0,0
zc,TA210,2012-06-28 09:25:46.573,7168.0000,1278,0,0.0000,0.0000,0,0,多换,B,7164.0000,0.0000,0.0000,0.0000,0.0000,7170.0000,0.0000,0.0000,0.0000,0.0000,1,0,0,0,0,30,0,0,0,0
zc,TA210,2012-06-28 09:25:47.357,7168.0000,1278,0,0.0000,0.0000,0,0,多换,B,7162.0000,0.0000,0.0000,0.0000,0.0000,7170.0000,0.0000,0.0000,0.0000,0.0000,1,0,0,0,0,30,0,0,0,0
zc,TA210,2012-06-28 09:25:50.307,7168.0000,1278,0,0.0000,0.0000,0,0,多换,B,7166.0000,0.0000,0.0000,0.0000,0.0000,7170.0000,0.0000,0.0000,0.0000,0.0000,2,0,0,0,0,30,0,0,0,0
zc,TA210,2012-06-28 09:25:50.840,7168.0000,1278,0,0.0000,0.0000,0,0,多换,B,7168.0000,0.0000,0.0000,0.0000,0.0000,7170.0000,0.0000,0.0000,0.0000,0.0000,2,0,0,0,0,30,0,0,0,0
zc,TA210,2012-06-28 09:25:51.573,7168.0000,1278,0,0.0000,0.0000,0,0,多换,B,7166.0000,0.0000,0.0000,0.0000,0.0000,7170.0000,0.0000,0.0000,0.0000,0.0000,2,0,0,0,0,30,0,0,0,0
zc,TA210,2012-06-28 09:25:52.090,7168.0000,1278,0,0.0000,0.0000,0,0,多换,B,7168.0000,0.0000,0.0000,0.0000,0.0000,7170.0000,0.0000,0.0000,0.0000,0.0000,2,0,0,0,0,30,0,0,0,0
zc,TA210,2012-06-28 09:25:52.823,7170.0000,1278,0,0.0000,4.0000,2,2,多换,B,7164.0000,0.0000,0.0000,0.0000,0.0000,7170.0000,0.0000,0.0000,0.0000,0.0000,1,0,0,0,0,28,0,0,0,0
zc,TA210,2012-06-28 09:25:53.887,7170.0000,1278,0,0.0000,0.0000,0,0,多换,B,7166.0000,0.0000,0.0000,0.0000,0.0000,7170.0000,0.0000,0.0000,0.0000,0.0000,1,0,0,0,0,28,0,0,0,0
zc,TA210,2012-06-28 09:25:57.857,7170.0000,1278,0,0.0000,0.0000,0,0,多换,B,7168.0000,0.0000,0.0000,0.0000,0.0000,7170.0000,0.0000,0.0000,0.0000,0.0000,1,0,0,0,0,28,0,0,0,0
zc,TA210,2012-06-28 09:25:59.573,7170.0000,1274,-4,0.0000,4.0000,0,4,双平,B,7166.0000,0.0000,0.0000,0.0000,0.0000,7170.0000,0.0000,0.0000,0.0000,0.0000,1,0,0,0,0,26,0,0,0,0
zc,TA210,2012-06-28 09:26:01.307,7170.0000,1274,0,0.0000,8.0000,4,4,多换,B,7166.0000,0.0000,0.0000,0.0000,0.0000,7170.0000,0.0000,0.0000,0.0000,0.0000,1,0,0,0,0,22,0,0,0,0
zc,TA210,2012-06-28 09:26:02.590,7170.0000,1274,0,0.0000,0.0000,0,0,多换,B,7168.0000,0.0000,0.0000,0.0000,0.0000,7170.0000,0.0000,0.0000,0.0000,0.0000,1,0,0,0,0,22,0,0,0,0
zc,TA210,2012-06-28 09:26:03.840,7170.0000,1264,-10,0.0000,10.0000,0,10,双平,B,7166.0000,0.0000,0.0000,0.0000,0.0000,7170.0000,0.0000,0.0000,0.0000,0.0000,1,0,0,0,0,17,0,0,0,0
zc,TA210,2012-06-28 09:26:04.590,7170.0000,1264,0,0.0000,4.0000,2,2,多换,B,7168.0000,0.0000,0.0000,0.0000,0.0000,7170.0000,0.0000,0.0000,0.0000,0.0000,1,0,0,0,0,15,0,0,0,0
zc,TA210,2012-06-28 09:26:05.823,7170.0000,1256,-8,0.0000,8.0000,0,8,双平,B,7166.0000,0.0000,0.0000,0.0000,0.0000,7170.0000,0.0000,0.0000,0.0000,0.0000,1,0,0,0,0,11,0,0,0,0
zc,TA210,2012-06-28 09:26:06.323,7170.0000,1256,0,0.0000,0.0000,0,0,多换,B,7168.0000,0.0000,0.0000,0.0000,0.0000,7170.0000,0.0000,0.0000,0.0000,0.0000,1,0,0,0,0,11,0,0,0,0
zc,TA210,2012-06-28 09:26:07.073,7170.0000,1256,0,0.0000,22.0000,11,11,多换,B,7170.0000,0.0000,0.0000,0.0000,0.0000,7180.0000,0.0000,0.0000,0.0000,0.0000,32,0,0,0,0,30,0,0,0,0
zc,TA210,2012-06-28 09:26:07.590,7170.0000,1256,0,0.0000,0.0000,0,0,多换,B,7170.0000,0.0000,0.0000,0.0000,0.0000,7180.0000,0.0000,0.0000,0.0000,0.0000,12,0,0,0,0,30,0,0,0,0
zc,TA210,2012-06-28 09:26:08.057,7170.0000,1256,0,0.0000,0.0000,0,0,多换,B,7170.0000,0.0000,0.0000,0.0000,0.0000,7180.0000,0.0000,0.0000,0.0000,0.0000,1,0,0,0,0,30,0,0,0,0
zc,TA210,2012-06-28 09:26:08.840,7170.0000,1256,0,0.0000,0.0000,0,0,多换,B,7174.0000,0.0000,0.0000,0.0000,0.0000,7180.0000,0.0000,0.0000,0.0000,0.0000,1,0,0,0,0,30,0,0,0,0
zc,TA210,2012-06-28 09:26:09.323,7170.0000,1256,0,0.0000,0.0000,0,0,多换,B,7172.0000,0.0000,0.0000,0.0000,0.0000,7180.0000,0.0000,0.0000,0.0000,0.0000,1,0,0,0,0,30,0,0,0,0
zc,TA210,2012-06-28 09:26:10.870,7170.0000,1256,0,0.0000,0.0000,0,0,多换,B,7170.0000,0.0000,0.0000,0.0000,0.0000,7180.0000,0.0000,0.0000,0.0000,0.0000,6,0,0,0,0,30,0,0,0,0
zc,TA210,2012-06-28 09:26:11.607,7170.0000,1256,0,0.0000,0.0000,0,0,多换,B,7170.0000,0.0000,0.0000,0.0000,0.0000,7180.0000,0.0000,0.0000,0.0000,0.0000,5,0,0,0,0,30,0,0,0,0
zc,TA210,2012-06-28 09:26:12.823,7170.0000,1256,0,0.0000,0.0000,0,0,多换,B,7172.0000,0.0000,0.0000,0.0000,0.0000,7180.0000,0.0000,0.0000,0.0000,0.0000,1,0,0,0,0,30,0,0,0,0
zc,TA210,2012-06-28 09:26:14.573,7170.0000,1256,0,0.0000,0.0000,0,0,多换,B,7170.0000,0.0000,0.0000,0.0000,0.0000,7180.0000,0.0000,0.0000,0.0000,0.0000,6,0,0,0,0,30,0,0,0,0
zc,TA210,2012-06-28 09:26:16.340,7170.0000,1256,0,0.0000,0.0000,0,0,多换,B,7172.0000,0.0000,0.0000,0.0000,0.0000,7180.0000,0.0000,0.0000,0.0000,0.0000,1,0,0,0,0,30,0,0,0,0
zc,TA210,2012-06-28 09:26:17.057,7170.0000,1256,0,0.0000,0.0000,0,0,多换,B,7170.0000,0.0000,0.0000,0.0000,0.0000,7180.0000,0.0000,0.0000,0.0000,0.0000,6,0,0,0,0,30,0,0,0,0
zc,TA210,2012-06-28 09:26:19.073,7170.0000,1256,0,0.0000,0.0000,0,0,多换,B,7170.0000,0.0000,0.0000,0.0000,0.0000,7180.0000,0.0000,0.0000,0.0000,0.0000,1,0,0,0,0,30,0,0,0,0
zc,TA210,2012-06-28 09:26:22.073,7170.0000,1256,0,0.0000,0.0000,0,0,多换,B,7172.0000,0.0000,0.0000,0.0000,0.0000,7180.0000,0.0000,0.0000,0.0000,0.0000,1,0,0,0,0,30,0,0,0,0
zc,TA210,2012-06-28 09:26:24.870,7170.0000,1256,0,0.0000,0.0000,0,0,多换,B,7174.0000,0.0000,0.0000,0.0000,0.0000,7180.0000,0.0000,0.0000,0.0000,0.0000,1,0,0,0,0,30,0,0,0,0
zc,TA210,2012-06-28 09:26:25.840,7170.0000,1256,0,0.0000,0.0000,0,0,多换,B,7172.0000,0.0000,0.0000,0.0000,0.0000,7180.0000,0.0000,0.0000,0.0000,0.0000,1,0,0,0,0,30,0,0,0,0
zc,TA210,2012-06-28 09:26:26.823,7170.0000,1256,0,0.0000,0.0000,0,0,多换,B,7174.0000,0.0000,0.0000,0.0000,0.0000,7180.0000,0.0000,0.0000,0.0000,0.0000,1,0,0,0,0,30,0,0,0,0
zc,TA210,2012-06-28 09:26:28.637,7170.0000,1256,0,0.0000,0.0000,0,0,多换,B,7172.0000,0.0000,0.0000,0.0000,0.0000,7180.0000,0.0000,0.0000,0.0000,0.0000,1,0,0,0,0,30,0,0,0,0
zc,TA210,2012-06-28 09:26:30.573,7170.0000,1256,0,0.0000,0.0000,0,0,多换,B,7174.0000,0.0000,0.0000,0.0000,0.0000,7180.0000,0.0000,0.0000,0.0000,0.0000,1,0,0,0,0,30,0,0,0,0
zc,TA210,2012-06-28 09:26:31.870,7170.0000,1256,0,0.0000,0.0000,0,0,多换,B,7172.0000,0.0000,0.0000,0.0000,0.0000,7180.0000,0.0000,0.0000,0.0000,0.0000,1,0,0,0,0,30,0,0,0,0
zc,TA210,2012-06-28 09:26:36.370,7170.0000,1256,0,0.0000,0.0000,0,0,多换,B,7170.0000,0.0000,0.0000,0.0000,0.0000,7180.0000,0.0000,0.0000,0.0000,0.0000,1,0,0,0,0,30,0,0,0,0
zc,TA210,2012-06-28 09:26:37.870,7170.0000,1256,0,0.0000,0.0000,0,0,多换,B,7174.0000,0.0000,0.0000,0.0000,0.0000,7180.0000,0.0000,0.0000,0.0000,0.0000,1,0,0,0,0,30,0,0,0,0
zc,TA210,2012-06-28 09:26:38.357,7170.0000,1256,0,0.0000,0.0000,0,0,多换,B,7170.0000,0.0000,0.0000,0.0000,0.0000,7180.0000,0.0000,0.0000,0.0000,0.0000,1,0,0,0,0,30,0,0,0,0
zc,TA210,2012-06-28 09:26:40.807,7170.0000,1256,0,0.0000,0.0000,0,0,多换,B,7172.0000,0.0000,0.0000,0.0000,0.0000,7180.0000,0.0000,0.0000,0.0000,0.0000,1,0,0,0,0,30,0,0,0,0
zc,TA210,2012-06-28 09:26:46.840,7170.0000,1256,0,0.0000,0.0000,0,0,多换,B,7170.0000,0.0000,0.0000,0.0000,0.0000,7180.0000,0.0000,0.0000,0.0000,0.0000,1,0,0,0,0,30,0,0,0,0
zc,TA210,2012-06-28 09:26:48.823,7170.0000,1256,0,0.0000,0.0000,0,0,多换,B,7172.0000,0.0000,0.0000,0.0000,0.0000,7180.0000,0.0000,0.0000,0.0000,0.0000,1,0,0,0,0,30,0,0,0,0
zc,TA210,2012-06-28 09:26:56.607,7170.0000,1256,0,0.0000,0.0000,0,0,多换,B,7170.0000,0.0000,0.0000,0.0000,0.0000,7180.0000,0.0000,0.0000,0.0000,0.0000,2,0,0,0,0,30,0,0,0,0
zc,TA210,2012-06-28 09:27:04.043,7170.0000,1256,0,0.0000,0.0000,0,0,多换,B,7170.0000,0.0000,0.0000,0.0000,0.0000,7180.0000,0.0000,0.0000,0.0000,0.0000,1,0,0,0,0,30,0,0,0,0
zc,TA210,2012-06-28 09:27:04.807,7170.0000,1256,0,0.0000,0.0000,0,0,多换,B,7170.0000,0.0000,0.0000,0.0000,0.0000,7180.0000,0.0000,0.0000,0.0000,0.0000,2,0,0,0,0,30,0,0,0,0
zc,TA210,2012-06-28 09:27:05.340,7170.0000,1256,0,0.0000,0.0000,0,0,多换,B,7170.0000,0.0000,0.0000,0.0000,0.0000,7180.0000,0.0000,0.0000,0.0000,0.0000,1,0,0,0,0,30,0,0,0,0
zc,TA210,2012-06-28 09:27:09.120,7170.0000,1256,0,0.0000,0.0000,0,0,多换,B,7168.0000,0.0000,0.0000,0.0000,0.0000,7180.0000,0.0000,0.0000,0.0000,0.0000,2,0,0,0,0,30,0,0,0,0
zc,TA210,2012-06-28 09:27:12.557,7170.0000,1256,0,0.0000,0.0000,0,0,多换,B,7168.0000,0.0000,0.0000,0.0000,0.0000,7180.0000,0.0000,0.0000,0.0000,0.0000,1,0,0,0,0,30,0,0,0,0
zc,TA210,2012-06-28 09:27:13.090,7170.0000,1256,0,0.0000,0.0000,0,0,多换,B,7166.0000,0.0000,0.0000,0.0000,0.0000,7180.0000,0.0000,0.0000,0.0000,0.0000,2,0,0,0,0,30,0,0,0,0
zc,TA210,2012-06-28 09:27:17.323,7170.0000,1256,0,0.0000,0.0000,0,0,多换,B,7166.0000,0.0000,0.0000,0.0000,0.0000,7180.0000,0.0000,0.0000,0.0000,0.0000,1,0,0,0,0,30,0,0,0,0
zc,TA210,2012-06-28 09:27:20.340,7170.0000,1256,0,0.0000,0.0000,0,0,多换,B,7166.0000,0.0000,0.0000,0.0000,0.0000,7180.0000,0.0000,0.0000,0.0000,0.0000,2,0,0,0,0,30,0,0,0,0
zc,TA210,2012-06-28 09:27:22.590,7170.0000,1256,0,0.0000,0.0000,0,0,多换,B,7170.0000,0.0000,0.0000,0.0000,0.0000,7180.0000,0.0000,0.0000,0.0000,0.0000,5,0,0,0,0,30,0,0,0,0
zc,TA210,2012-06-28 09:27:38.807,7170.0000,1256,0,0.0000,0.0000,0,0,多换,B,7166.0000,0.0000,0.0000,0.0000,0.0000,7180.0000,0.0000,0.0000,0.0000,0.0000,1,0,0,0,0,30,0,0,0,0
zc,TA210,2012-06-28 09:27:55.307,7170.0000,1256,0,0.0000,0.0000,0,0,多换,B,7164.0000,0.0000,0.0000,0.0000,0.0000,7180.0000,0.0000,0.0000,0.0000,0.0000,1,0,0,0,0,30,0,0,0,0
zc,TA210,2012-06-28 09:28:01.840,7170.0000,1256,0,0.0000,0.0000,0,0,多换,B,7164.0000,0.0000,0.0000,0.0000,0.0000,7180.0000,0.0000,0.0000,0.0000,0.0000,2,0,0,0,0,30,0,0,0,0
zc,TA210,2012-06-28 09:28:03.043,7170.0000,1256,0,0.0000,0.0000,0,0,多换,B,7166.0000,0.0000,0.0000,0.0000,0.0000,7180.0000,0.0000,0.0000,0.0000,0.0000,1,0,0,0,0,30,0,0,0,0
zc,TA210,2012-06-28 09:28:07.043,7170.0000,1256,0,0.0000,0.0000,0,0,多换,B,7164.0000,0.0000,0.0000,0.0000,0.0000,7180.0000,0.0000,0.0000,0.0000,0.0000,2,0,0,0,0,30,0,0,0,0
zc,TA210,2012-06-28 09:28:24.057,7170.0000,1256,0,0.0000,0.0000,0,0,多换,B,7164.0000,0.0000,0.0000,0.0000,0.0000,7180.0000,0.0000,0.0000,0.0000,0.0000,1,0,0,0,0,30,0,0,0,0
zc,TA210,2012-06-28 09:28:25.823,7170.0000,1256,0,0.0000,0.0000,0,0,多换,B,7164.0000,0.0000,0.0000,0.0000,0.0000,7180.0000,0.0000,0.0000,0.0000,0.0000,2,0,0,0,0,30,0,0,0,0
zc,TA210,2012-06-28 09:28:26.543,7170.0000,1256,0,0.0000,0.0000,0,0,多换,B,7164.0000,0.0000,0.0000,0.0000,0.0000,7180.0000,0.0000,0.0000,0.0000,0.0000,1,0,0,0,0,31,0,0,0,0
zc,TA210,2012-06-28 09:28:28.777,7170.0000,1256,0,0.0000,0.0000,0,0,多换,B,7162.0000,0.0000,0.0000,0.0000,0.0000,7180.0000,0.0000,0.0000,0.0000,0.0000,2,0,0,0,0,31,0,0,0,0
zc,TA210,2012-06-28 09:28:30.527,7170.0000,1256,0,0.0000,0.0000,0,0,多换,B,7164.0000,0.0000,0.0000,0.0000,0.0000,7180.0000,0.0000,0.0000,0.0000,0.0000,1,0,0,0,0,30,0,0,0,0
zc,TA210,2012-06-28 09:28:31.057,7170.0000,1256,0,0.0000,0.0000,0,0,多换,B,7164.0000,0.0000,0.0000,0.0000,0.0000,7180.0000,0.0000,0.0000,0.0000,0.0000,1,0,0,0,0,31,0,0,0,0
zc,TA210,2012-06-28 09:28:46.307,7170.0000,1256,0,0.0000,0.0000,0,0,多换,B,7164.0000,0.0000,0.0000,0.0000,0.0000,7178.0000,0.0000,0.0000,0.0000,0.0000,1,0,0,0,0,1,0,0,0,0
zc,TA210,2012-06-28 09:28:46.823,7170.0000,1256,0,0.0000,0.0000,0,0,多换,B,7164.0000,0.0000,0.0000,0.0000,0.0000,7180.0000,0.0000,0.0000,0.0000,0.0000,2,0,0,0,0,31,0,0,0,0
zc,TA210,2012-06-28 09:28:50.807,7170.0000,1256,0,0.0000,0.0000,0,0,多换,B,7164.0000,0.0000,0.0000,0.0000,0.0000,7180.0000,0.0000,0.0000,0.0000,0.0000,1,0,0,0,0,31,0,0,0,0
zc,TA210,2012-06-28 09:28:57.807,7170.0000,1256,0,0.0000,0.0000,0,0,多换,B,7162.0000,0.0000,0.0000,0.0000,0.0000,7178.0000,0.0000,0.0000,0.0000,0.0000,2,0,0,0,0,1,0,0,0,0
zc,TA210,2012-06-28 09:29:03.057,7170.0000,1256,0,0.0000,0.0000,0,0,多换,B,7162.0000,0.0000,0.0000,0.0000,0.0000,7176.0000,0.0000,0.0000,0.0000,0.0000,1,0,0,0,0,1,0,0,0,0
zc,TA210,2012-06-28 09:29:09.857,7170.0000,1256,0,0.0000,0.0000,0,0,多换,B,7162.0000,0.0000,0.0000,0.0000,0.0000,7178.0000,0.0000,0.0000,0.0000,0.0000,1,0,0,0,0,1,0,0,0,0
zc,TA210,2012-06-28 09:29:10.323,7170.0000,1256,0,0.0000,0.0000,0,0,多换,B,7162.0000,0.0000,0.0000,0.0000,0.0000,7178.0000,0.0000,0.0000,0.0000,0.0000,2,0,0,0,0,1,0,0,0,0
zc,TA210,2012-06-28 09:29:11.307,7170.0000,1256,0,0.0000,0.0000,0,0,多换,B,7162.0000,0.0000,0.0000,0.0000,0.0000,7176.0000,0.0000,0.0000,0.0000,0.0000,1,0,0,0,0,1,0,0,0,0
zc,TA210,2012-06-28 09:29:26.840,7170.0000,1256,0,0.0000,0.0000,0,0,多换,B,7162.0000,0.0000,0.0000,0.0000,0.0000,7174.0000,0.0000,0.0000,0.0000,0.0000,1,0,0,0,0,1,0,0,0,0
zc,TA210,2012-06-28 09:29:28.073,7170.0000,1256,0,0.0000,0.0000,0,0,多换,B,7162.0000,0.0000,0.0000,0.0000,0.0000,7176.0000,0.0000,0.0000,0.0000,0.0000,1,0,0,0,0,1,0,0,0,0
zc,TA210,2012-06-28 09:29:38.807,7170.0000,1256,0,0.0000,0.0000,0,0,多换,B,7162.0000,0.0000,0.0000,0.0000,0.0000,7178.0000,0.0000,0.0000,0.0000,0.0000,2,0,0,0,0,1,0,0,0,0
zc,TA210,2012-06-28 09:29:52.073,7170.0000,1256,0,0.0000,0.0000,0,0,多换,B,7164.0000,0.0000,0.0000,0.0000,0.0000,7180.0000,0.0000,0.0000,0.0000,0.0000,1,0,0,0,0,31,0,0,0,0
zc,TA210,2012-06-28 09:29:53.823,7170.0000,1256,0,0.0000,0.0000,0,0,多换,B,7164.0000,0.0000,0.0000,0.0000,0.0000,7180.0000,0.0000,0.0000,0.0000,0.0000,2,0,0,0,0,31,0,0,0,0
zc,TA210,2012-06-28 09:29:57.340,7170.0000,1256,0,0.0000,0.0000,0,0,多换,B,7166.0000,0.0000,0.0000,0.0000,0.0000,7180.0000,0.0000,0.0000,0.0000,0.0000,1,0,0,0,0,30,0,0,0,0
zc,TA210,2012-06-28 09:30:02.107,7170.0000,1256,0,0.0000,0.0000,0,0,多换,B,7168.0000,0.0000,0.0000,0.0000,0.0000,7180.0000,0.0000,0.0000,0.0000,0.0000,1,0,0,0,0,30,0,0,0,0
zc,TA210,2012-06-28 09:30:05.057,7170.0000,1256,0,0.0000,0.0000,0,0,多换,B,7166.0000,0.0000,0.0000,0.0000,0.0000,7180.0000,0.0000,0.0000,0.0000,0.0000,1,0,0,0,0,30,0,0,0,0
zc,TA210,2012-06-28 09:30:08.573,7170.0000,1256,0,0.0000,0.0000,0,0,多换,B,7164.0000,0.0000,0.0000,0.0000,0.0000,7180.0000,0.0000,0.0000,0.0000,0.0000,2,0,0,0,0,31,0,0,0,0
zc,TA210,2012-06-28 09:30:09.107,7170.0000,1256,0,0.0000,0.0000,0,0,多换,B,7166.0000,0.0000,0.0000,0.0000,0.0000,7180.0000,0.0000,0.0000,0.0000,0.0000,1,0,0,0,0,30,0,0,0,0
zc,TA210,2012-06-28 09:30:17.823,7170.0000,1256,0,0.0000,0.0000,0,0,多换,B,7164.0000,0.0000,0.0000,0.0000,0.0000,7180.0000,0.0000,0.0000,0.0000,0.0000,2,0,0,0,0,31,0,0,0,0
zc,TA210,2012-06-28 09:30:19.057,7170.0000,1256,0,0.0000,0.0000,0,0,多换,B,7166.0000,0.0000,0.0000,0.0000,0.0000,7180.0000,0.0000,0.0000,0.0000,0.0000,1,0,0,0,0,30,0,0,0,0
zc,TA210,2012-06-28 09:30:19.573,7170.0000,1256,0,0.0000,0.0000,0,0,多换,B,7164.0000,0.0000,0.0000,0.0000,0.0000,7180.0000,0.0000,0.0000,0.0000,0.0000,2,0,0,0,0,31,0,0,0,0
zc,TA210,2012-06-28 09:30:22.277,7170.0000,1256,0,0.0000,0.0000,0,0,多换,B,7164.0000,0.0000,0.0000,0.0000,0.0000,7180.0000,0.0000,0.0000,0.0000,0.0000,2,0,0,0,0,30,0,0,0,0
zc,TA210,2012-06-28 09:30:23.557,7170.0000,1256,0,0.0000,0.0000,0,0,多换,B,7166.0000,0.0000,0.0000,0.0000,0.0000,7180.0000,0.0000,0.0000,0.0000,0.0000,1,0,0,0,0,30,0,0,0,0
zc,TA210,2012-06-28 09:30:26.057,7170.0000,1256,0,0.0000,0.0000,0,0,多换,B,7164.0000,0.0000,0.0000,0.0000,0.0000,7180.0000,0.0000,0.0000,0.0000,0.0000,2,0,0,0,0,31,0,0,0,0
zc,TA210,2012-06-28 09:30:27.057,7170.0000,1256,0,0.0000,0.0000,0,0,多换,B,7166.0000,0.0000,0.0000,0.0000,0.0000,7180.0000,0.0000,0.0000,0.0000,0.0000,2,0,0,0,0,30,0,0,0,0
zc,TA210,2012-06-28 09:30:33.293,7170.0000,1256,0,0.0000,0.0000,0,0,多换,B,7166.0000,0.0000,0.0000,0.0000,0.0000,7180.0000,0.0000,0.0000,0.0000,0.0000,1,0,0,0,0,30,0,0,0,0
zc,TA210,2012-06-28 09:30:34.057,7170.0000,1256,0,0.0000,0.0000,0,0,多换,B,7164.0000,0.0000,0.0000,0.0000,0.0000,7180.0000,0.0000,0.0000,0.0000,0.0000,2,0,0,0,0,30,0,0,0,0
