市场代码,合约代码,时间,最新,持仓,增仓,成交额,成交量,开仓,平仓,成交类型,方向,买一价,买二价,买三价,买四价,买五价,卖一价,卖二价,卖三价,卖四价,卖五价,买一量,买二量,买三量,买四量,买五量,卖一量,卖二量,卖三量,卖四量,卖五量
zc,TA301,2012-06-28 07:45:43.667,0.0000,184882,0,0.0000,0.0000,0,0,空换,S,0.0000,0.0000,0.0000,0.0000,0.0000,0.0000,0.0000,0.0000,0.0000,0.0000,0,0,0,0,0,0,0,0,0,0
zc,TA301,2012-06-28 07:47:44.667,0.0000,184882,0,0.0000,0.0000,0,0,空换,S,0.0000,0.0000,0.0000,0.0000,0.0000,0.0000,0.0000,0.0000,0.0000,0.0000,0,0,0,0,0,0,0,0,0,0
zc,TA301,2012-06-28 07:51:44.700,0.0000,184882,0,0.0000,0.0000,0,0,空换,S,0.0000,0.0000,0.0000,0.0000,0.0000,0.0000,0.0000,0.0000,0.0000,0.0000,0,0,0,0,0,0,0,0,0,0
zc,TA301,2012-06-28 07:52:44.683,0.0000,184882,0,0.0000,0.0000,0,0,空换,S,0.0000,0.0000,0.0000,0.0000,0.0000,0.0000,0.0000,0.0000,0.0000,0.0000,0,0,0,0,0,0,0,0,0,0
zc,TA301,2012-06-28 08:08:46.323,0.0000,184882,0,0.0000,0.0000,0,0,空换,S,0.0000,0.0000,0.0000,0.0000,0.0000,0.0000,0.0000,0.0000,0.0000,0.0000,0,0,0,0,0,0,0,0,0,0
zc,TA301,2012-06-28 08:09:46.307,0.0000,184882,0,0.0000,0.0000,0,0,空换,S,0.0000,0.0000,0.0000,0.0000,0.0000,0.0000,0.0000,0.0000,0.0000,0.0000,0,0,0,0,0,0,0,0,0,0
zc,TA301,2012-06-28 08:13:46.307,0.0000,184882,0,0.0000,0.0000,0,0,空换,S,0.0000,0.0000,0.0000,0.0000,0.0000,0.0000,0.0000,0.0000,0.0000,0.0000,0,0,0,0,0,0,0,0,0,0
zc,TA301,2012-06-28 08:14:46.307,0.0000,184882,0,0.0000,0.0000,0,0,空换,S,0.0000,0.0000,0.0000,0.0000,0.0000,0.0000,0.0000,0.0000,0.0000,0.0000,0,0,0,0,0,0,0,0,0,0
zc,TA301,2012-06-28 08:18:46.307,0.0000,184882,0,0.0000,0.0000,0,0,空换,S,0.0000,0.0000,0.0000,0.0000,0.0000,0.0000,0.0000,0.0000,0.0000,0.0000,0,0,0,0,0,0,0,0,0,0
zc,TA301,2012-06-28 08:22:46.293,0.0000,184882,0,0.0000,0.0000,0,0,空换,S,0.0000,0.0000,0.0000,0.0000,0.0000,0.0000,0.0000,0.0000,0.0000,0.0000,0,0,0,0,0,0,0,0,0,0
zc,TA301,2012-06-28 08:34:46.323,0.0000,184882,0,0.0000,0.0000,0,0,空换,S,0.0000,0.0000,0.0000,0.0000,0.0000,0.0000,0.0000,0.0000,0.0000,0.0000,0,0,0,0,0,0,0,0,0,0
zc,TA301,2012-06-28 08:39:46.307,0.0000,184882,0,0.0000,0.0000,0,0,空换,S,0.0000,0.0000,0.0000,0.0000,0.0000,0.0000,0.0000,0.0000,0.0000,0.0000,0,0,0,0,0,0,0,0,0,0
zc,TA301,2012-06-28 08:41:46.307,0.0000,184882,0,0.0000,0.0000,0,0,空换,S,0.0000,0.0000,0.0000,0.0000,0.0000,0.0000,0.0000,0.0000,0.0000,0.0000,0,0,0,0,0,0,0,0,0,0
zc,TA301,2012-06-28 08:42:46.323,0.0000,184882,0,0.0000,0.0000,0,0,空换,S,0.0000,0.0000,0.0000,0.0000,0.0000,0.0000,0.0000,0.0000,0.0000,0.0000,0,0,0,0,0,0,0,0,0,0
zc,TA301,2012-06-28 08:44:46.307,0.0000,184882,0,0.0000,0.0000,0,0,空换,S,0.0000,0.0000,0.0000,0.0000,0.0000,0.0000,0.0000,0.0000,0.0000,0.0000,0,0,0,0,0,0,0,0,0,0
zc,TA301,2012-06-28 08:45:46.307,0.0000,184882,0,0.0000,0.0000,0,0,空换,S,0.0000,0.0000,0.0000,0.0000,0.0000,0.0000,0.0000,0.0000,0.0000,0.0000,0,0,0,0,0,0,0,0,0,0
zc,TA301,2012-06-28 08:55:02.323,0.0000,184882,0,0.0000,0.0000,0,0,空换,S,0.0000,0.0000,0.0000,0.0000,0.0000,0.0000,0.0000,0.0000,0.0000,0.0000,0,0,0,0,0,0,0,0,0,0
zc,TA301,2012-06-28 08:55:02.857,0.0000,184882,0,0.0000,0.0000,0,0,空换,S,0.0000,0.0000,0.0000,0.0000,0.0000,0.0000,0.0000,0.0000,0.0000,0.0000,0,0,0,0,0,0,0,0,0,0
zc,TA301,2012-06-28 08:55:03.543,0.0000,184882,0,0.0000,0.0000,0,0,空换,S,0.0000,0.0000,0.0000,0.0000,0.0000,0.0000,0.0000,0.0000,0.0000,0.0000,0,0,0,0,0,0,0,0,0,0
zc,TA301,2012-06-28 08:55:21.793,0.0000,184882,0,0.0000,0.0000,0,0,空换,S,0.0000,0.0000,0.0000,0.0000,0.0000,0.0000,0.0000,0.0000,0.0000,0.0000,0,0,0,0,0,0,0,0,0,0
zc,TA301,2012-06-28 08:56:39.543,0.0000,184882,0,0.0000,0.0000,0,0,空换,S,0.0000,0.0000,0.0000,0.0000,0.0000,0.0000,0.0000,0.0000,0.0000,0.0000,0,0,0,0,0,0,0,0,0,0
zc,TA301,2012-06-28 08:56:52.043,0.0000,184882,0,0.0000,0.0000,0,0,空换,S,0.0000,0.0000,0.0000,0.0000,0.0000,0.0000,0.0000,0.0000,0.0000,0.0000,0,0,0,0,0,0,0,0,0,0
zc,TA301,2012-06-28 08:57:08.793,0.0000,184882,0,0.0000,0.0000,0,0,空换,S,0.0000,0.0000,0.0000,0.0000,0.0000,0.0000,0.0000,0.0000,0.0000,0.0000,0,0,0,0,0,0,0,0,0,0
zc,TA301,2012-06-28 08:57:44.543,0.0000,184882,0,0.0000,0.0000,0,0,空换,S,0.0000,0.0000,0.0000,0.0000,0.0000,0.0000,0.0000,0.0000,0.0000,0.0000,0,0,0,0,0,0,0,0,0,0
zc,TA301,2012-06-28 08:57:46.307,0.0000,184882,0,0.0000,0.0000,0,0,空换,S,0.0000,0.0000,0.0000,0.0000,0.0000,0.0000,0.0000,0.0000,0.0000,0.0000,0,0,0,0,0,0,0,0,0,0
zc,TA301,2012-06-28 08:57:53.293,0.0000,184882,0,0.0000,0.0000,0,0,空换,S,0.0000,0.0000,0.0000,0.0000,0.0000,0.0000,0.0000,0.0000,0.0000,0.0000,0,0,0,0,0,0,0,0,0,0
zc,TA301,2012-06-28 08:57:59.293,0.0000,184882,0,0.0000,0.0000,0,0,空换,S,0.0000,0.0000,0.0000,0.0000,0.0000,0.0000,0.0000,0.0000,0.0000,0.0000,0,0,0,0,0,0,0,0,0,0
zc,TA301,2012-06-28 08:58:30.043,0.0000,184882,0,0.0000,0.0000,0,0,空换,S,0.0000,0.0000,0.0000,0.0000,0.0000,0.0000,0.0000,0.0000,0.0000,0.0000,0,0,0,0,0,0,0,0,0,0
zc,TA301,2012-06-28 08:58:33.543,0.0000,184882,0,0.0000,0.0000,0,0,空换,S,0.0000,0.0000,0.0000,0.0000,0.0000,0.0000,0.0000,0.0000,0.0000,0.0000,0,0,0,0,0,0,0,0,0,0
zc,TA301,2012-06-28 08:58:48.543,0.0000,184882,0,0.0000,0.0000,0,0,空换,S,0.0000,0.0000,0.0000,0.0000,0.0000,0.0000,0.0000,0.0000,0.0000,0.0000,0,0,0,0,0,0,0,0,0,0
zc,TA301,2012-06-28 08:59:02.010,7170.0000,184746,-136,0.0000,346.0000,105,241,空平,B,7168.0000,0.0000,0.0000,0.0000,0.0000,7170.0000,0.0000,0.0000,0.0000,0.0000,1,0,0,0,0,9,0,0,0,0
zc,TA301,2012-06-28 09:00:02.467,7170.0000,184768,22,0.0000,130.0000,76,54,多开,B,7174.0000,0.0000,0.0000,0.0000,0.0000,7176.0000,0.0000,0.0000,0.0000,0.0000,1,0,0,0,0,31,0,0,0,0
zc,TA301,2012-06-28 09:00:03.760,7178.0000,184846,78,0.0000,370.0000,224,146,多开,B,7176.0000,0.0000,0.0000,0.0000,0.0000,7180.0000,0.0000,0.0000,0.0000,0.0000,42,0,0,0,0,42,0,0,0,0
zc,TA301,2012-06-28 09:00:05.247,7180.0000,184778,-68,0.0000,164.0000,48,116,空平,B,7180.0000,0.0000,0.0000,0.0000,0.0000,7184.0000,0.0000,0.0000,0.0000,0.0000,49,0,0,0,0,3,0,0,0,0
zc,TA301,2012-06-28 09:00:05.700,7182.0000,184800,22,0.0000,120.0000,71,49,多开,B,7178.0000,0.0000,0.0000,0.0000,0.0000,7184.0000,0.0000,0.0000,0.0000,0.0000,19,0,0,0,0,2,0,0,0,0
zc,TA301,2012-06-28 09:00:06.967,7188.0000,184846,46,0.0000,284.0000,165,119,多开,B,7178.0000,0.0000,0.0000,0.0000,0.0000,7188.0000,0.0000,0.0000,0.0000,0.0000,3,0,0,0,0,8,0,0,0,0
zc,TA301,2012-06-28 09:00:07.450,7184.0000,184866,20,0.0000,70.0000,45,25,空开,S,7178.0000,0.0000,0.0000,0.0000,0.0000,7186.0000,0.0000,0.0000,0.0000,0.0000,2,0,0,0,0,15,0,0,0,0
zc,TA301,2012-06-28 09:00:08.167,7186.0000,184968,102,0.0000,128.0000,115,13,多开,B,7186.0000,0.0000,0.0000,0.0000,0.0000,7188.0000,0.0000,0.0000,0.0000,0.0000,149,0,0,0,0,3,0,0,0,0
zc,TA301,2012-06-28 09:00:08.417,7186.0000,184980,12,0.0000,36.0000,24,12,多开,B,7188.0000,0.0000,0.0000,0.0000,0.0000,7190.0000,0.0000,0.0000,0.0000,0.0000,2,0,0,0,0,46,0,0,0,0
zc,TA301,2012-06-28 09:00:09.417,7188.0000,184998,18,0.0000,48.0000,33,15,多开,B,7188.0000,0.0000,0.0000,0.0000,0.0000,7190.0000,0.0000,0.0000,0.0000,0.0000,51,0,0,0,0,32,0,0,0,0
zc,TA301,2012-06-28 09:00:09.917,7190.0000,185004,6,0.0000,164.0000,85,79,多开,B,7186.0000,0.0000,0.0000,0.0000,0.0000,7190.0000,0.0000,0.0000,0.0000,0.0000,151,0,0,0,0,48,0,0,0,0
zc,TA301,2012-06-28 09:00:10.683,7188.0000,184994,-10,0.0000,48.0000,19,29,多平,S,7188.0000,0.0000,0.0000,0.0000,0.0000,7190.0000,0.0000,0.0000,0.0000,0.0000,4,0,0,0,0,24,0,0,0,0
zc,TA301,2012-06-28 09:00:10.917,7190.0000,185002,8,0.0000,44.0000,26,18,多开,B,7188.0000,0.0000,0.0000,0.0000,0.0000,7190.0000,0.0000,0.0000,0.0000,0.0000,3,0,0,0,0,5,0,0,0,0
zc,TA301,2012-06-28 09:00:11.700,7188.0000,185010,8,0.0000,26.0000,17,9,空开,S,7188.0000,0.0000,0.0000,0.0000,0.0000,7190.0000,0.0000,0.0000,0.0000,0.0000,3,0,0,0,0,17,0,0,0,0
zc,TA301,2012-06-28 09:00:12.433,7190.0000,185082,72,0.0000,78.0000,75,3,多开,B,7190.0000,0.0000,0.0000,0.0000,0.0000,7192.0000,0.0000,0.0000,0.0000,0.0000,51,0,0,0,0,4,0,0,0,0
zc,TA301,2012-06-28 09:00:13.137,7188.0000,185194,112,0.0000,120.0000,116,4,空开,S,7186.0000,0.0000,0.0000,0.0000,0.0000,7188.0000,0.0000,0.0000,0.0000,0.0000,151,0,0,0,0,2,0,0,0,0
zc,TA301,2012-06-28 09:00:13.637,7186.0000,185198,4,0.0000,18.0000,11,7,空开,S,7186.0000,0.0000,0.0000,0.0000,0.0000,7188.0000,0.0000,0.0000,0.0000,0.0000,147,0,0,0,0,8,0,0,0,0
zc,TA301,2012-06-28 09:00:14.637,7190.0000,185240,42,0.0000,56.0000,49,7,多开,B,7186.0000,0.0000,0.0000,0.0000,0.0000,7188.0000,0.0000,0.0000,0.0000,0.0000,143,0,0,0,0,2,0,0,0,0
zc,TA301,2012-06-28 09:00:15.183,7188.0000,185250,10,0.0000,24.0000,17,7,空开,S,7186.0000,0.0000,0.0000,0.0000,0.0000,7188.0000,0.0000,0.0000,0.0000,0.0000,136,0,0,0,0,31,0,0,0,0
zc,TA301,2012-06-28 09:00:16.153,7186.0000,185280,30,0.0000,54.0000,42,12,空开,S,7186.0000,0.0000,0.0000,0.0000,0.0000,7188.0000,0.0000,0.0000,0.0000,0.0000,125,0,0,0,0,25,0,0,0,0
zc,TA301,2012-06-28 09:00:16.683,7188.0000,185268,-12,0.0000,168.0000,78,90,空平,B,7188.0000,0.0000,0.0000,0.0000,0.0000,7190.0000,0.0000,0.0000,0.0000,0.0000,8,0,0,0,0,618,0,0,0,0
zc,TA301,2012-06-28 09:00:17.153,7186.0000,185322,54,0.0000,170.0000,112,58,空开,S,7186.0000,0.0000,0.0000,0.0000,0.0000,7188.0000,0.0000,0.0000,0.0000,0.0000,64,0,0,0,0,1,0,0,0,0
zc,TA301,2012-06-28 09:00:17.933,7186.0000,185366,44,0.0000,60.0000,52,8,空开,S,7186.0000,0.0000,0.0000,0.0000,0.0000,7188.0000,0.0000,0.0000,0.0000,0.0000,40,0,0,0,0,2,0,0,0,0
zc,TA301,2012-06-28 09:00:18.653,7186.0000,185430,64,0.0000,68.0000,66,2,空开,S,7186.0000,0.0000,0.0000,0.0000,0.0000,7188.0000,0.0000,0.0000,0.0000,0.0000,13,0,0,0,0,31,0,0,0,0
zc,TA301,2012-06-28 09:00:19.167,7184.0000,185452,22,0.0000,34.0000,28,6,空开,S,7184.0000,0.0000,0.0000,0.0000,0.0000,7186.0000,0.0000,0.0000,0.0000,0.0000,1,0,0,0,0,14,0,0,0,0
zc,TA301,2012-06-28 09:00:20.433,7188.0000,185486,34,0.0000,58.0000,46,12,多开,B,7182.0000,0.0000,0.0000,0.0000,0.0000,7186.0000,0.0000,0.0000,0.0000,0.0000,4,0,0,0,0,5,0,0,0,0
zc,TA301,2012-06-28 09:00:21.153,7182.0000,185488,2,0.0000,10.0000,6,4,空开,S,7180.0000,0.0000,0.0000,0.0000,0.0000,7182.0000,0.0000,0.0000,0.0000,0.0000,19,0,0,0,0,30,0,0,0,0
zc,TA301,2012-06-28 09:00:21.403,7182.0000,185488,0,0.0000,0.0000,0,0,空换,S,7180.0000,0.0000,0.0000,0.0000,0.0000,7182.0000,0.0000,0.0000,0.0000,0.0000,19,0,0,0,0,56,0,0,0,0
zc,TA301,2012-06-28 09:00:22.153,7182.0000,185494,6,0.0000,58.0000,32,26,空开,S,7176.0000,0.0000,0.0000,0.0000,0.0000,7180.0000,0.0000,0.0000,0.0000,0.0000,51,0,0,0,0,18,0,0,0,0
zc,TA301,2012-06-28 09:00:23.167,7180.0000,185480,-14,0.0000,16.0000,1,15,多平,S,7178.0000,0.0000,0.0000,0.0000,0.0000,7180.0000,0.0000,0.0000,0.0000,0.0000,4,0,0,0,0,12,0,0,0,0
zc,TA301,2012-06-28 09:00:23.887,7180.0000,185454,-26,0.0000,34.0000,4,30,多平,S,7180.0000,0.0000,0.0000,0.0000,0.0000,7182.0000,0.0000,0.0000,0.0000,0.0000,7,0,0,0,0,13,0,0,0,0
zc,TA301,2012-06-28 09:00:24.387,7182.0000,185448,-6,0.0000,16.0000,5,11,空平,B,7180.0000,0.0000,0.0000,0.0000,0.0000,7182.0000,0.0000,0.0000,0.0000,0.0000,10,0,0,0,0,5,0,0,0,0
zc,TA301,2012-06-28 09:00:25.137,7180.0000,185448,0,0.0000,82.0000,41,41,空换,S,7178.0000,0.0000,0.0000,0.0000,0.0000,7180.0000,0.0000,0.0000,0.0000,0.0000,80,0,0,0,0,43,0,0,0,0
zc,TA301,2012-06-28 09:00:25.683,7178.0000,185452,4,0.0000,108.0000,56,52,空开,S,7178.0000,0.0000,0.0000,0.0000,0.0000,7180.0000,0.0000,0.0000,0.0000,0.0000,28,0,0,0,0,115,0,0,0,0
zc,TA301,2012-06-28 09:00:26.653,7178.0000,185496,44,0.0000,116.0000,80,36,空开,S,7176.0000,0.0000,0.0000,0.0000,0.0000,7178.0000,0.0000,0.0000,0.0000,0.0000,48,0,0,0,0,2,0,0,0,0
zc,TA301,2012-06-28 09:00:27.183,7178.0000,185498,2,0.0000,4.0000,3,1,空开,S,7176.0000,0.0000,0.0000,0.0000,0.0000,7178.0000,0.0000,0.0000,0.0000,0.0000,50,0,0,0,0,23,0,0,0,0
zc,TA301,2012-06-28 09:00:27.620,7176.0000,185502,4,0.0000,4.0000,4,0,双开,S,7176.0000,0.0000,0.0000,0.0000,0.0000,7178.0000,0.0000,0.0000,0.0000,0.0000,48,0,0,0,0,24,0,0,0,0
zc,TA301,2012-06-28 09:00:28.497,7176.0000,185518,16,0.0000,98.0000,57,41,空开,S,7174.0000,0.0000,0.0000,0.0000,0.0000,7176.0000,0.0000,0.0000,0.0000,0.0000,6,0,0,0,0,1,0,0,0,0
zc,TA301,2012-06-28 09:00:29.167,7178.0000,185522,4,0.0000,4.0000,4,0,双开,B,7174.0000,0.0000,0.0000,0.0000,0.0000,7176.0000,0.0000,0.0000,0.0000,0.0000,6,0,0,0,0,7,0,0,0,0
zc,TA301,2012-06-28 09:00:29.917,7178.0000,185524,2,0.0000,36.0000,19,17,多开,B,7172.0000,0.0000,0.0000,0.0000,0.0000,7174.0000,0.0000,0.0000,0.0000,0.0000,8,0,0,0,0,3,0,0,0,0
zc,TA301,2012-06-28 09:00:30.667,7176.0000,185516,-8,0.0000,16.0000,4,12,多平,S,7172.0000,0.0000,0.0000,0.0000,0.0000,7176.0000,0.0000,0.0000,0.0000,0.0000,10,0,0,0,0,1,0,0,0,0
zc,TA301,2012-06-28 09:00:31.167,7172.0000,185514,-2,0.0000,8.0000,3,5,多平,S,7172.0000,0.0000,0.0000,0.0000,0.0000,7176.0000,0.0000,0.0000,0.0000,0.0000,4,0,0,0,0,1,0,0,0,0
zc,TA301,2012-06-28 09:00:31.887,7172.0000,185514,0,0.0000,0.0000,0,0,空换,S,7174.0000,0.0000,0.0000,0.0000,0.0000,7176.0000,0.0000,0.0000,0.0000,0.0000,6,0,0,0,0,4,0,0,0,0
zc,TA301,2012-06-28 09:00:32.683,7178.0000,185506,-8,0.0000,92.0000,42,50,空平,B,7178.0000,0.0000,0.0000,0.0000,0.0000,7180.0000,0.0000,0.0000,0.0000,0.0000,69,0,0,0,0,105,0,0,0,0
zc,TA301,2012-06-28 09:00:33.167,7178.0000,185500,-6,0.0000,138.0000,66,72,空平,B,7172.0000,0.0000,0.0000,0.0000,0.0000,7178.0000,0.0000,0.0000,0.0000,0.0000,22,0,0,0,0,17,0,0,0,0
zc,TA301,2012-06-28 09:00:33.933,7176.0000,185544,44,0.0000,48.0000,46,2,空开,S,7172.0000,0.0000,0.0000,0.0000,0.0000,7176.0000,0.0000,0.0000,0.0000,0.0000,18,0,0,0,0,40,0,0,0,0
zc,TA301,2012-06-28 09:00:34.637,7174.0000,185552,8,0.0000,12.0000,10,2,空开,S,7174.0000,0.0000,0.0000,0.0000,0.0000,7176.0000,0.0000,0.0000,0.0000,0.0000,4,0,0,0,0,37,0,0,0,0
zc,TA301,2012-06-28 09:00:35.167,7172.0000,185560,8,0.0000,50.0000,29,21,空开,S,7170.0000,0.0000,0.0000,0.0000,0.0000,7172.0000,0.0000,0.0000,0.0000,0.0000,294,0,0,0,0,11,0,0,0,0
zc,TA301,2012-06-28 09:00:35.887,7176.0000,185542,-18,0.0000,208.0000,95,113,空平,B,7170.0000,0.0000,0.0000,0.0000,0.0000,7172.0000,0.0000,0.0000,0.0000,0.0000,294,0,0,0,0,1,0,0,0,0
zc,TA301,2012-06-28 09:00:36.417,7172.0000,185544,2,0.0000,2.0000,2,0,双开,S,7172.0000,0.0000,0.0000,0.0000,0.0000,7174.0000,0.0000,0.0000,0.0000,0.0000,2,0,0,0,0,1,0,0,0,0
zc,TA301,2012-06-28 09:00:37.637,7178.0000,185546,2,0.0000,6.0000,4,2,多开,B,7176.0000,0.0000,0.0000,0.0000,0.0000,7178.0000,0.0000,0.0000,0.0000,0.0000,6,0,0,0,0,4,0,0,0,0
zc,TA301,2012-06-28 09:00:38.933,7172.0000,185518,-28,0.0000,46.0000,9,37,多平,S,7172.0000,0.0000,0.0000,0.0000,0.0000,7178.0000,0.0000,0.0000,0.0000,0.0000,52,0,0,0,0,3,0,0,0,0
zc,TA301,2012-06-28 09:00:39.637,7172.0000,185518,0,0.0000,0.0000,0,0,空换,S,7172.0000,0.0000,0.0000,0.0000,0.0000,7176.0000,0.0000,0.0000,0.0000,0.0000,52,0,0,0,0,1,0,0,0,0
zc,TA301,2012-06-28 09:00:40.167,7178.0000,185488,-30,0.0000,170.0000,70,100,空平,B,7178.0000,0.0000,0.0000,0.0000,0.0000,7180.0000,0.0000,0.0000,0.0000,0.0000,89,0,0,0,0,34,0,0,0,0
zc,TA301,2012-06-28 09:00:40.887,7178.0000,185480,-8,0.0000,14.0000,3,11,空平,B,7178.0000,0.0000,0.0000,0.0000,0.0000,7180.0000,0.0000,0.0000,0.0000,0.0000,83,0,0,0,0,42,0,0,0,0
zc,TA301,2012-06-28 09:00:41.403,7178.0000,185480,0,0.0000,4.0000,2,2,多换,B,7178.0000,0.0000,0.0000,0.0000,0.0000,7180.0000,0.0000,0.0000,0.0000,0.0000,81,0,0,0,0,44,0,0,0,0
zc,TA301,2012-06-28 09:00:41.903,7178.0000,185460,-20,0.0000,60.0000,20,40,空平,B,7178.0000,0.0000,0.0000,0.0000,0.0000,7180.0000,0.0000,0.0000,0.0000,0.0000,51,0,0,0,0,43,0,0,0,0
zc,TA301,2012-06-28 09:00:42.667,7178.0000,185464,4,0.0000,108.0000,56,52,多开,B,7176.0000,0.0000,0.0000,0.0000,0.0000,7178.0000,0.0000,0.0000,0.0000,0.0000,30,0,0,0,0,1,0,0,0,0
zc,TA301,2012-06-28 09:00:43.450,7176.0000,185464,0,0.0000,2.0000,1,1,空换,S,7176.0000,0.0000,0.0000,0.0000,0.0000,7178.0000,0.0000,0.0000,0.0000,0.0000,29,0,0,0,0,11,0,0,0,0
zc,TA301,2012-06-28 09:00:43.887,7176.0000,185470,6,0.0000,6.0000,6,0,双开,S,7176.0000,0.0000,0.0000,0.0000,0.0000,7178.0000,0.0000,0.0000,0.0000,0.0000,26,0,0,0,0,15,0,0,0,0
zc,TA301,2012-06-28 09:00:44.653,7178.0000,185446,-24,0.0000,40.0000,8,32,空平,B,7178.0000,0.0000,0.0000,0.0000,0.0000,7180.0000,0.0000,0.0000,0.0000,0.0000,2,0,0,0,0,35,0,0,0,0
zc,TA301,2012-06-28 09:00:45.137,7176.0000,185448,2,0.0000,16.0000,9,7,空开,S,7176.0000,0.0000,0.0000,0.0000,0.0000,7180.0000,0.0000,0.0000,0.0000,0.0000,42,0,0,0,0,52,0,0,0,0
zc,TA301,2012-06-28 09:00:45.903,7178.0000,185448,0,0.0000,2.0000,1,1,多换,B,7178.0000,0.0000,0.0000,0.0000,0.0000,7180.0000,0.0000,0.0000,0.0000,0.0000,1,0,0,0,0,52,0,0,0,0
zc,TA301,2012-06-28 09:00:46.293,7178.0000,185450,2,0.0000,2.0000,2,0,双开,B,7176.0000,0.0000,0.0000,0.0000,0.0000,7180.0000,0.0000,0.0000,0.0000,0.0000,42,0,0,0,0,53,0,0,0,0
zc,TA301,2012-06-28 09:00:46.417,7180.0000,185450,0,0.0000,6.0000,3,3,多换,B,7176.0000,0.0000,0.0000,0.0000,0.0000,7178.0000,0.0000,0.0000,0.0000,0.0000,42,0,0,0,0,1,0,0,0,0
zc,TA301,2012-06-28 09:00:47.120,7174.0000,185514,64,0.0000,88.0000,76,12,空开,S,7174.0000,0.0000,0.0000,0.0000,0.0000,7176.0000,0.0000,0.0000,0.0000,0.0000,27,0,0,0,0,27,0,0,0,0
zc,TA301,2012-06-28 09:00:47.620,7176.0000,185514,0,0.0000,12.0000,6,6,多换,B,7174.0000,0.0000,0.0000,0.0000,0.0000,7176.0000,0.0000,0.0000,0.0000,0.0000,21,0,0,0,0,22,0,0,0,0
zc,TA301,2012-06-28 09:00:48.403,7178.0000,185508,-6,0.0000,52.0000,23,29,空平,B,7178.0000,0.0000,0.0000,0.0000,0.0000,7180.0000,0.0000,0.0000,0.0000,0.0000,244,0,0,0,0,35,0,0,0,0
zc,TA301,2012-06-28 09:00:48.840,7178.0000,185524,16,0.0000,22.0000,19,3,多开,B,7178.0000,0.0000,0.0000,0.0000,0.0000,7180.0000,0.0000,0.0000,0.0000,0.0000,244,0,0,0,0,25,0,0,0,0
zc,TA301,2012-06-28 09:00:49.637,7178.0000,185492,-32,0.0000,36.0000,2,34,空平,B,7178.0000,0.0000,0.0000,0.0000,0.0000,7180.0000,0.0000,0.0000,0.0000,0.0000,243,0,0,0,0,11,0,0,0,0
zc,TA301,2012-06-28 09:00:50.403,7180.0000,185500,8,0.0000,34.0000,21,13,多开,B,7180.0000,0.0000,0.0000,0.0000,0.0000,7182.0000,0.0000,0.0000,0.0000,0.0000,2,0,0,0,0,15,0,0,0,0
zc,TA301,2012-06-28 09:00:50.903,7180.0000,185500,0,0.0000,6.0000,3,3,多换,B,7180.0000,0.0000,0.0000,0.0000,0.0000,7182.0000,0.0000,0.0000,0.0000,0.0000,25,0,0,0,0,13,0,0,0,0
zc,TA301,2012-06-28 09:00:51.653,7174.0000,184612,-888,0.0000,1000.0000,56,944,多平,S,7178.0000,0.0000,0.0000,0.0000,0.0000,7182.0000,0.0000,0.0000,0.0000,0.0000,2,0,0,0,0,12,0,0,0,0
zc,TA301,2012-06-28 09:00:52.137,7182.0000,184608,-4,0.0000,44.0000,20,24,空平,B,7182.0000,0.0000,0.0000,0.0000,0.0000,7184.0000,0.0000,0.0000,0.0000,0.0000,55,0,0,0,0,2,0,0,0,0
zc,TA301,2012-06-28 09:00:52.933,7182.0000,184604,-4,0.0000,12.0000,4,8,空平,B,7182.0000,0.0000,0.0000,0.0000,0.0000,7184.0000,0.0000,0.0000,0.0000,0.0000,39,0,0,0,0,6,0,0,0,0
zc,TA301,2012-06-28 09:00:53.387,7182.0000,184596,-8,0.0000,10.0000,1,9,空平,B,7182.0000,0.0000,0.0000,0.0000,0.0000,7184.0000,0.0000,0.0000,0.0000,0.0000,56,0,0,0,0,15,0,0,0,0
zc,TA301,2012-06-28 09:00:54.107,7182.0000,184584,-12,0.0000,16.0000,2,14,空平,B,7182.0000,0.0000,0.0000,0.0000,0.0000,7184.0000,0.0000,0.0000,0.0000,0.0000,104,0,0,0,0,14,0,0,0,0
zc,TA301,2012-06-28 09:00:55.153,7184.0000,184662,78,0.0000,232.0000,155,77,多开,B,7180.0000,0.0000,0.0000,0.0000,0.0000,7184.0000,0.0000,0.0000,0.0000,0.0000,16,0,0,0,0,2,0,0,0,0
zc,TA301,2012-06-28 09:00:55.667,7184.0000,184660,-2,0.0000,14.0000,6,8,空平,B,7180.0000,0.0000,0.0000,0.0000,0.0000,7184.0000,0.0000,0.0000,0.0000,0.0000,14,0,0,0,0,2,0,0,0,0
zc,TA301,2012-06-28 09:00:56.107,7184.0000,184658,-2,0.0000,6.0000,2,4,空平,B,7180.0000,0.0000,0.0000,0.0000,0.0000,7184.0000,0.0000,0.0000,0.0000,0.0000,15,0,0,0,0,1,0,0,0,0
zc,TA301,2012-06-28 09:00:56.887,7180.0000,184658,0,0.0000,4.0000,2,2,空换,S,7180.0000,0.0000,0.0000,0.0000,0.0000,7184.0000,0.0000,0.0000,0.0000,0.0000,16,0,0,0,0,2,0,0,0,0
zc,TA301,2012-06-28 09:00:57.357,7180.0000,184660,2,0.0000,2.0000,2,0,双开,S,7180.0000,0.0000,0.0000,0.0000,0.0000,7182.0000,0.0000,0.0000,0.0000,0.0000,15,0,0,0,0,5,0,0,0,0
zc,TA301,2012-06-28 09:00:58.153,7180.0000,184656,-4,0.0000,4.0000,0,4,双平,S,7180.0000,0.0000,0.0000,0.0000,0.0000,7182.0000,0.0000,0.0000,0.0000,0.0000,13,0,0,0,0,5,0,0,0,0
zc,TA301,2012-06-28 09:00:58.667,7180.0000,184656,0,0.0000,2.0000,1,1,空换,S,7180.0000,0.0000,0.0000,0.0000,0.0000,7182.0000,0.0000,0.0000,0.0000,0.0000,9,0,0,0,0,11,0,0,0,0
zc,TA301,2012-06-28 09:00:59.370,7182.0000,184650,-6,0.0000,22.0000,8,14,空平,B,7180.0000,0.0000,0.0000,0.0000,0.0000,7182.0000,0.0000,0.0000,0.0000,0.0000,4,0,0,0,0,10,0,0,0,0
zc,TA301,2012-06-28 09:01:00.403,7180.0000,184650,0,0.0000,12.0000,6,6,空换,S,7178.0000,0.0000,0.0000,0.0000,0.0000,7182.0000,0.0000,0.0000,0.0000,0.0000,2,0,0,0,0,15,0,0,0,0
zc,TA301,2012-06-28 09:01:01.153,7182.0000,184654,4,0.0000,4.0000,4,0,双开,B,7178.0000,0.0000,0.0000,0.0000,0.0000,7182.0000,0.0000,0.0000,0.0000,0.0000,5,0,0,0,0,14,0,0,0,0
zc,TA301,2012-06-28 09:01:01.870,7180.0000,184652,-2,0.0000,4.0000,1,3,多平,S,7178.0000,0.0000,0.0000,0.0000,0.0000,7180.0000,0.0000,0.0000,0.0000,0.0000,4,0,0,0,0,1,0,0,0,0
zc,TA301,2012-06-28 09:01:02.370,7178.0000,184646,-6,0.0000,8.0000,1,7,多平,S,7178.0000,0.0000,0.0000,0.0000,0.0000,7182.0000,0.0000,0.0000,0.0000,0.0000,4,0,0,0,0,16,0,0,0,0
zc,TA301,2012-06-28 09:01:03.153,7182.0000,184658,12,0.0000,22.0000,17,5,多开,B,7180.0000,0.0000,0.0000,0.0000,0.0000,7182.0000,0.0000,0.0000,0.0000,0.0000,1,0,0,0,0,6,0,0,0,0
zc,TA301,2012-06-28 09:01:03.667,7178.0000,184658,0,0.0000,4.0000,2,2,空换,S,7178.0000,0.0000,0.0000,0.0000,0.0000,7180.0000,0.0000,0.0000,0.0000,0.0000,1,0,0,0,0,3,0,0,0,0
zc,TA301,2012-06-28 09:01:04.403,7180.0000,184668,10,0.0000,24.0000,17,7,多开,B,7178.0000,0.0000,0.0000,0.0000,0.0000,7182.0000,0.0000,0.0000,0.0000,0.0000,3,0,0,0,0,8,0,0,0,0
zc,TA301,2012-06-28 09:01:04.653,7180.0000,184658,-10,0.0000,10.0000,0,10,双平,B,7178.0000,0.0000,0.0000,0.0000,0.0000,7180.0000,0.0000,0.0000,0.0000,0.0000,6,0,0,0,0,10,0,0,0,0
zc,TA301,2012-06-28 09:01:05.433,7182.0000,184636,-22,0.0000,50.0000,14,36,空平,B,7180.0000,0.0000,0.0000,0.0000,0.0000,7182.0000,0.0000,0.0000,0.0000,0.0000,16,0,0,0,0,3,0,0,0,0
zc,TA301,2012-06-28 09:01:06.120,7182.0000,184636,0,0.0000,0.0000,0,0,多换,B,7180.0000,0.0000,0.0000,0.0000,0.0000,7182.0000,0.0000,0.0000,0.0000,0.0000,37,0,0,0,0,173,0,0,0,0
zc,TA301,2012-06-28 09:01:06.653,7180.0000,184620,-16,0.0000,54.0000,19,35,多平,S,7180.0000,0.0000,0.0000,0.0000,0.0000,7182.0000,0.0000,0.0000,0.0000,0.0000,13,0,0,0,0,171,0,0,0,0
zc,TA301,2012-06-28 09:01:07.357,7182.0000,184608,-12,0.0000,14.0000,1,13,空平,B,7180.0000,0.0000,0.0000,0.0000,0.0000,7182.0000,0.0000,0.0000,0.0000,0.0000,22,0,0,0,0,166,0,0,0,0
zc,TA301,2012-06-28 09:01:07.857,7182.0000,184604,-4,0.0000,4.0000,0,4,双平,B,7180.0000,0.0000,0.0000,0.0000,0.0000,7182.0000,0.0000,0.0000,0.0000,0.0000,28,0,0,0,0,164,0,0,0,0
zc,TA301,2012-06-28 09:01:08.607,7182.0000,184566,-38,0.0000,48.0000,5,43,空平,B,7180.0000,0.0000,0.0000,0.0000,0.0000,7182.0000,0.0000,0.0000,0.0000,0.0000,17,0,0,0,0,143,0,0,0,0
zc,TA301,2012-06-28 09:01:09.153,7182.0000,184526,-40,0.0000,40.0000,0,40,双平,B,7180.0000,0.0000,0.0000,0.0000,0.0000,7182.0000,0.0000,0.0000,0.0000,0.0000,14,0,0,0,0,123,0,0,0,0
zc,TA301,2012-06-28 09:01:09.917,7182.0000,184486,-40,0.0000,54.0000,7,47,空平,B,7180.0000,0.0000,0.0000,0.0000,0.0000,7182.0000,0.0000,0.0000,0.0000,0.0000,5,0,0,0,0,128,0,0,0,0
zc,TA301,2012-06-28 09:01:10.107,7182.0000,184298,-188,0.0000,188.0000,0,188,双平,B,7180.0000,0.0000,0.0000,0.0000,0.0000,7182.0000,0.0000,0.0000,0.0000,0.0000,57,0,0,0,0,30,0,0,0,0
zc,TA301,2012-06-28 09:01:10.857,7182.0000,184282,-16,0.0000,22.0000,3,19,空平,B,7180.0000,0.0000,0.0000,0.0000,0.0000,7182.0000,0.0000,0.0000,0.0000,0.0000,64,0,0,0,0,24,0,0,0,0
zc,TA301,2012-06-28 09:01:11.370,7180.0000,184246,-36,0.0000,54.0000,9,45,多平,S,7180.0000,0.0000,0.0000,0.0000,0.0000,7184.0000,0.0000,0.0000,0.0000,0.0000,65,0,0,0,0,10,0,0,0,0
zc,TA301,2012-06-28 09:01:12.107,7182.0000,184240,-6,0.0000,20.0000,7,13,空平,B,7182.0000,0.0000,0.0000,0.0000,0.0000,7184.0000,0.0000,0.0000,0.0000,0.0000,7,0,0,0,0,1,0,0,0,0
zc,TA301,2012-06-28 09:01:12.620,7182.0000,184242,2,0.0000,4.0000,3,1,多开,B,7182.0000,0.0000,0.0000,0.0000,0.0000,7184.0000,0.0000,0.0000,0.0000,0.0000,8,0,0,0,0,1,0,0,0,0
zc,TA301,2012-06-28 09:01:13.387,7182.0000,184244,2,0.0000,16.0000,9,7,多开,B,7182.0000,0.0000,0.0000,0.0000,0.0000,7184.0000,0.0000,0.0000,0.0000,0.0000,1,0,0,0,0,10,0,0,0,0
zc,TA301,2012-06-28 09:01:13.887,7180.0000,184220,-24,0.0000,116.0000,46,70,多平,S,7178.0000,0.0000,0.0000,0.0000,0.0000,7180.0000,0.0000,0.0000,0.0000,0.0000,12,0,0,0,0,66,0,0,0,0
zc,TA301,2012-06-28 09:01:14.357,7180.0000,184220,0,0.0000,2.0000,1,1,空换,S,7178.0000,0.0000,0.0000,0.0000,0.0000,7180.0000,0.0000,0.0000,0.0000,0.0000,12,0,0,0,0,65,0,0,0,0
zc,TA301,2012-06-28 09:01:15.090,7180.0000,184224,4,0.0000,24.0000,14,10,空开,S,7178.0000,0.0000,0.0000,0.0000,0.0000,7180.0000,0.0000,0.0000,0.0000,0.0000,10,0,0,0,0,55,0,0,0,0
zc,TA301,2012-06-28 09:01:15.653,7180.0000,184226,2,0.0000,12.0000,7,5,空开,S,7178.0000,0.0000,0.0000,0.0000,0.0000,7180.0000,0.0000,0.0000,0.0000,0.0000,11,0,0,0,0,2,0,0,0,0
zc,TA301,2012-06-28 09:01:16.403,7180.0000,184226,0,0.0000,0.0000,0,0,空换,S,7178.0000,0.0000,0.0000,0.0000,0.0000,7180.0000,0.0000,0.0000,0.0000,0.0000,11,0,0,0,0,3,0,0,0,0
zc,TA301,2012-06-28 09:01:16.933,7180.0000,184224,-2,0.0000,2.0000,0,2,双平,S,7178.0000,0.0000,0.0000,0.0000,0.0000,7180.0000,0.0000,0.0000,0.0000,0.0000,15,0,0,0,0,2,0,0,0,0
zc,TA301,2012-06-28 09:01:17.403,7180.0000,184224,0,0.0000,4.0000,2,2,空换,S,7178.0000,0.0000,0.0000,0.0000,0.0000,7182.0000,0.0000,0.0000,0.0000,0.0000,18,0,0,0,0,18,0,0,0,0
zc,TA301,2012-06-28 09:01:17.917,7180.0000,184222,-2,0.0000,8.0000,3,5,多平,S,7178.0000,0.0000,0.0000,0.0000,0.0000,7182.0000,0.0000,0.0000,0.0000,0.0000,15,0,0,0,0,14,0,0,0,0
zc,TA301,2012-06-28 09:01:18.903,7180.0000,184220,-2,0.0000,2.0000,0,2,双平,S,7180.0000,0.0000,0.0000,0.0000,0.0000,7182.0000,0.0000,0.0000,0.0000,0.0000,15,0,0,0,0,17,0,0,0,0
zc,TA301,2012-06-28 09:01:19.417,7182.0000,184190,-30,0.0000,36.0000,3,33,空平,B,7182.0000,0.0000,0.0000,0.0000,0.0000,7184.0000,0.0000,0.0000,0.0000,0.0000,18,0,0,0,0,35,0,0,0,0
zc,TA301,2012-06-28 09:01:20.120,7180.0000,184144,-46,0.0000,56.0000,5,51,多平,S,7180.0000,0.0000,0.0000,0.0000,0.0000,7182.0000,0.0000,0.0000,0.0000,0.0000,4,0,0,0,0,2,0,0,0,0
zc,TA301,2012-06-28 09:01:20.620,7180.0000,184148,4,0.0000,10.0000,7,3,空开,S,7180.0000,0.0000,0.0000,0.0000,0.0000,7182.0000,0.0000,0.0000,0.0000,0.0000,19,0,0,0,0,46,0,0,0,0
zc,TA301,2012-06-28 09:01:21.370,7180.0000,184148,0,0.0000,0.0000,0,0,空换,S,7180.0000,0.0000,0.0000,0.0000,0.0000,7182.0000,0.0000,0.0000,0.0000,0.0000,20,0,0,0,0,54,0,0,0,0
zc,TA301,2012-06-28 09:01:21.870,7180.0000,184156,8,0.0000,10.0000,9,1,空开,S,7180.0000,0.0000,0.0000,0.0000,0.0000,7182.0000,0.0000,0.0000,0.0000,0.0000,15,0,0,0,0,50,0,0,0,0
zc,TA301,2012-06-28 09:01:22.370,7180.0000,184190,34,0.0000,34.0000,34,0,双开,S,7180.0000,0.0000,0.0000,0.0000,0.0000,7182.0000,0.0000,0.0000,0.0000,0.0000,106,0,0,0,0,36,0,0,0,0
zc,TA301,2012-06-28 09:01:23.107,7180.0000,184206,16,0.0000,18.0000,17,1,空开,S,7180.0000,0.0000,0.0000,0.0000,0.0000,7182.0000,0.0000,0.0000,0.0000,0.0000,110,0,0,0,0,28,0,0,0,0
zc,TA301,2012-06-28 09:01:23.607,7180.0000,184208,2,0.0000,102.0000,52,50,空开,S,7180.0000,0.0000,0.0000,0.0000,0.0000,7182.0000,0.0000,0.0000,0.0000,0.0000,62,0,0,0,0,28,0,0,0,0
zc,TA301,2012-06-28 09:01:24.370,7180.0000,184212,4,0.0000,44.0000,24,20,空开,S,7180.0000,0.0000,0.0000,0.0000,0.0000,7182.0000,0.0000,0.0000,0.0000,0.0000,55,0,0,0,0,17,0,0,0,0
zc,TA301,2012-06-28 09:01:24.840,7180.0000,184268,56,0.0000,62.0000,59,3,空开,S,7180.0000,0.0000,0.0000,0.0000,0.0000,7182.0000,0.0000,0.0000,0.0000,0.0000,31,0,0,0,0,18,0,0,0,0
zc,TA301,2012-06-28 09:01:26.107,7180.0000,184268,0,0.0000,10.0000,5,5,空换,S,7180.0000,0.0000,0.0000,0.0000,0.0000,7182.0000,0.0000,0.0000,0.0000,0.0000,27,0,0,0,0,20,0,0,0,0
zc,TA301,2012-06-28 09:01:26.870,7182.0000,184272,4,0.0000,16.0000,10,6,多开,B,7180.0000,0.0000,0.0000,0.0000,0.0000,7182.0000,0.0000,0.0000,0.0000,0.0000,27,0,0,0,0,12,0,0,0,0
zc,TA301,2012-06-28 09:01:27.370,7180.0000,184272,0,0.0000,2.0000,1,1,空换,S,7180.0000,0.0000,0.0000,0.0000,0.0000,7182.0000,0.0000,0.0000,0.0000,0.0000,26,0,0,0,0,15,0,0,0,0
zc,TA301,2012-06-28 09:01:28.183,7182.0000,184280,8,0.0000,18.0000,13,5,多开,B,7180.0000,0.0000,0.0000,0.0000,0.0000,7182.0000,0.0000,0.0000,0.0000,0.0000,24,0,0,0,0,8,0,0,0,0
zc,TA301,2012-06-28 09:01:28.573,7182.0000,184270,-10,0.0000,10.0000,0,10,双平,B,7180.0000,0.0000,0.0000,0.0000,0.0000,7182.0000,0.0000,0.0000,0.0000,0.0000,24,0,0,0,0,73,0,0,0,0
zc,TA301,2012-06-28 09:01:29.370,7180.0000,184272,2,0.0000,2.0000,2,0,双开,S,7180.0000,0.0000,0.0000,0.0000,0.0000,7182.0000,0.0000,0.0000,0.0000,0.0000,25,0,0,0,0,74,0,0,0,0
zc,TA301,2012-06-28 09:01:30.323,7182.0000,184282,10,0.0000,16.0000,13,3,多开,B,7180.0000,0.0000,0.0000,0.0000,0.0000,7182.0000,0.0000,0.0000,0.0000,0.0000,23,0,0,0,0,69,0,0,0,0
zc,TA301,2012-06-28 09:01:30.870,7180.0000,184280,-2,0.0000,2.0000,0,2,双平,S,7180.0000,0.0000,0.0000,0.0000,0.0000,7182.0000,0.0000,0.0000,0.0000,0.0000,22,0,0,0,0,69,0,0,0,0
zc,TA301,2012-06-28 09:01:31.667,7180.0000,184280,0,0.0000,0.0000,0,0,空换,S,7180.0000,0.0000,0.0000,0.0000,0.0000,7182.0000,0.0000,0.0000,0.0000,0.0000,39,0,0,0,0,70,0,0,0,0
zc,TA301,2012-06-28 09:01:32.090,7180.0000,184280,0,0.0000,0.0000,0,0,空换,S,7180.0000,0.0000,0.0000,0.0000,0.0000,7182.0000,0.0000,0.0000,0.0000,0.0000,39,0,0,0,0,72,0,0,0,0
zc,TA301,2012-06-28 09:01:32.637,7180.0000,184276,-4,0.0000,4.0000,0,4,双平,S,7180.0000,0.0000,0.0000,0.0000,0.0000,7182.0000,0.0000,0.0000,0.0000,0.0000,43,0,0,0,0,75,0,0,0,0
zc,TA301,2012-06-28 09:01:33.340,7182.0000,184276,0,0.0000,18.0000,9,9,多换,B,7180.0000,0.0000,0.0000,0.0000,0.0000,7182.0000,0.0000,0.0000,0.0000,0.0000,50,0,0,0,0,69,0,0,0,0
zc,TA301,2012-06-28 09:01:33.840,7180.0000,184276,0,0.0000,2.0000,1,1,空换,S,7180.0000,0.0000,0.0000,0.0000,0.0000,7182.0000,0.0000,0.0000,0.0000,0.0000,50,0,0,0,0,69,0,0,0,0
zc,TA301,2012-06-28 09:01:34.340,7180.0000,184274,-2,0.0000,42.0000,20,22,多平,S,7180.0000,0.0000,0.0000,0.0000,0.0000,7182.0000,0.0000,0.0000,0.0000,0.0000,45,0,0,0,0,50,0,0,0,0
zc,TA301,2012-06-28 09:01:34.870,7182.0000,184274,0,0.0000,20.0000,10,10,多换,B,7180.0000,0.0000,0.0000,0.0000,0.0000,7182.0000,0.0000,0.0000,0.0000,0.0000,46,0,0,0,0,41,0,0,0,0
zc,TA301,2012-06-28 09:01:35.620,7180.0000,184168,-106,0.0000,158.0000,26,132,多平,S,7178.0000,0.0000,0.0000,0.0000,0.0000,7180.0000,0.0000,0.0000,0.0000,0.0000,18,0,0,0,0,22,0,0,0,0
zc,TA301,2012-06-28 09:01:36.137,7180.0000,184128,-40,0.0000,40.0000,0,40,双平,S,7178.0000,0.0000,0.0000,0.0000,0.0000,7180.0000,0.0000,0.0000,0.0000,0.0000,17,0,0,0,0,2,0,0,0,0
zc,TA301,2012-06-28 09:01:36.887,7182.0000,184124,-4,0.0000,8.0000,2,6,空平,B,7180.0000,0.0000,0.0000,0.0000,0.0000,7182.0000,0.0000,0.0000,0.0000,0.0000,18,0,0,0,0,41,0,0,0,0
zc,TA301,2012-06-28 09:01:37.590,7180.0000,184136,12,0.0000,14.0000,13,1,空开,S,7180.0000,0.0000,0.0000,0.0000,0.0000,7182.0000,0.0000,0.0000,0.0000,0.0000,18,0,0,0,0,35,0,0,0,0
zc,TA301,2012-06-28 09:01:38.137,7180.0000,184126,-10,0.0000,10.0000,0,10,双平,S,7180.0000,0.0000,0.0000,0.0000,0.0000,7182.0000,0.0000,0.0000,0.0000,0.0000,14,0,0,0,0,35,0,0,0,0
zc,TA301,2012-06-28 09:01:38.620,7180.0000,184102,-24,0.0000,28.0000,2,26,多平,S,7178.0000,0.0000,0.0000,0.0000,0.0000,7180.0000,0.0000,0.0000,0.0000,0.0000,17,0,0,0,0,1,0,0,0,0
zc,TA301,2012-06-28 09:01:39.120,7180.0000,184102,0,0.0000,4.0000,2,2,空换,S,7178.0000,0.0000,0.0000,0.0000,0.0000,7180.0000,0.0000,0.0000,0.0000,0.0000,15,0,0,0,0,4,0,0,0,0
zc,TA301,2012-06-28 09:01:39.870,7180.0000,184104,2,0.0000,2.0000,2,0,双开,S,7178.0000,0.0000,0.0000,0.0000,0.0000,7180.0000,0.0000,0.0000,0.0000,0.0000,15,0,0,0,0,3,0,0,0,0
zc,TA301,2012-06-28 09:01:40.357,7180.0000,184104,0,0.0000,0.0000,0,0,空换,S,7178.0000,0.0000,0.0000,0.0000,0.0000,7180.0000,0.0000,0.0000,0.0000,0.0000,15,0,0,0,0,5,0,0,0,0
zc,TA301,2012-06-28 09:01:41.120,7180.0000,184110,6,0.0000,6.0000,6,0,双开,S,7178.0000,0.0000,0.0000,0.0000,0.0000,7180.0000,0.0000,0.0000,0.0000,0.0000,16,0,0,0,0,3,0,0,0,0
zc,TA301,2012-06-28 09:01:41.340,7178.0000,184112,2,0.0000,6.0000,4,2,空开,S,7178.0000,0.0000,0.0000,0.0000,0.0000,7180.0000,0.0000,0.0000,0.0000,0.0000,15,0,0,0,0,10,0,0,0,0
zc,TA301,2012-06-28 09:01:42.167,7180.0000,184112,0,0.0000,4.0000,2,2,多换,B,7178.0000,0.0000,0.0000,0.0000,0.0000,7180.0000,0.0000,0.0000,0.0000,0.0000,16,0,0,0,0,32,0,0,0,0
zc,TA301,2012-06-28 09:01:42.823,7180.0000,184112,0,0.0000,0.0000,0,0,多换,B,7178.0000,0.0000,0.0000,0.0000,0.0000,7180.0000,0.0000,0.0000,0.0000,0.0000,16,0,0,0,0,52,0,0,0,0
zc,TA301,2012-06-28 09:01:43.357,7180.0000,184110,-2,0.0000,12.0000,5,7,空平,B,7178.0000,0.0000,0.0000,0.0000,0.0000,7180.0000,0.0000,0.0000,0.0000,0.0000,19,0,0,0,0,26,0,0,0,0
zc,TA301,2012-06-28 09:01:44.120,7178.0000,184108,-2,0.0000,2.0000,0,2,双平,S,7178.0000,0.0000,0.0000,0.0000,0.0000,7180.0000,0.0000,0.0000,0.0000,0.0000,24,0,0,0,0,26,0,0,0,0
zc,TA301,2012-06-28 09:01:44.387,7180.0000,184074,-34,0.0000,50.0000,8,42,空平,B,7178.0000,0.0000,0.0000,0.0000,0.0000,7180.0000,0.0000,0.0000,0.0000,0.0000,23,0,0,0,0,4,0,0,0,0
zc,TA301,2012-06-28 09:01:45.120,7180.0000,184078,4,0.0000,8.0000,6,2,多开,B,7180.0000,0.0000,0.0000,0.0000,0.0000,7182.0000,0.0000,0.0000,0.0000,0.0000,11,0,0,0,0,38,0,0,0,0
zc,TA301,2012-06-28 09:01:45.620,7180.0000,184078,0,0.0000,0.0000,0,0,多换,B,7180.0000,0.0000,0.0000,0.0000,0.0000,7182.0000,0.0000,0.0000,0.0000,0.0000,31,0,0,0,0,38,0,0,0,0
zc,TA301,2012-06-28 09:01:46.417,7180.0000,184080,2,0.0000,2.0000,2,0,双开,B,7180.0000,0.0000,0.0000,0.0000,0.0000,7182.0000,0.0000,0.0000,0.0000,0.0000,40,0,0,0,0,38,0,0,0,0
zc,TA301,2012-06-28 09:01:46.823,7180.0000,184082,2,0.0000,2.0000,2,0,双开,B,7180.0000,0.0000,0.0000,0.0000,0.0000,7182.0000,0.0000,0.0000,0.0000,0.0000,50,0,0,0,0,39,0,0,0,0
zc,TA301,2012-06-28 09:01:47.620,7180.0000,184082,0,0.0000,0.0000,0,0,多换,B,7180.0000,0.0000,0.0000,0.0000,0.0000,7182.0000,0.0000,0.0000,0.0000,0.0000,51,0,0,0,0,39,0,0,0,0
zc,TA301,2012-06-28 09:01:48.120,7180.0000,184018,-64,0.0000,102.0000,19,83,空平,B,7180.0000,0.0000,0.0000,0.0000,0.0000,7182.0000,0.0000,0.0000,0.0000,0.0000,33,0,0,0,0,39,0,0,0,0
zc,TA301,2012-06-28 09:01:48.607,7180.0000,184018,0,0.0000,10.0000,5,5,多换,B,7180.0000,0.0000,0.0000,0.0000,0.0000,7182.0000,0.0000,0.0000,0.0000,0.0000,27,0,0,0,0,39,0,0,0,0
zc,TA301,2012-06-28 09:01:49.387,7180.0000,184018,0,0.0000,0.0000,0,0,多换,B,7180.0000,0.0000,0.0000,0.0000,0.0000,7182.0000,0.0000,0.0000,0.0000,0.0000,27,0,0,0,0,41,0,0,0,0
zc,TA301,2012-06-28 09:01:50.167,7180.0000,184004,-14,0.0000,64.0000,25,39,空平,B,7178.0000,0.0000,0.0000,0.0000,0.0000,7180.0000,0.0000,0.0000,0.0000,0.0000,30,0,0,0,0,21,0,0,0,0
zc,TA301,2012-06-28 09:01:50.667,7180.0000,183962,-42,0.0000,42.0000,0,42,双平,B,7180.0000,0.0000,0.0000,0.0000,0.0000,7182.0000,0.0000,0.0000,0.0000,0.0000,5,0,0,0,0,40,0,0,0,0
zc,TA301,2012-06-28 09:01:51.107,7178.0000,183962,0,0.0000,2.0000,1,1,空换,S,7180.0000,0.0000,0.0000,0.0000,0.0000,7182.0000,0.0000,0.0000,0.0000,0.0000,2,0,0,0,0,42,0,0,0,0
zc,TA301,2012-06-28 09:01:51.887,7182.0000,183962,0,0.0000,8.0000,4,4,多换,B,7178.0000,0.0000,0.0000,0.0000,0.0000,7182.0000,0.0000,0.0000,0.0000,0.0000,20,0,0,0,0,89,0,0,0,0
zc,TA301,2012-06-28 09:01:52.403,7182.0000,183962,0,0.0000,6.0000,3,3,多换,B,7180.0000,0.0000,0.0000,0.0000,0.0000,7182.0000,0.0000,0.0000,0.0000,0.0000,1,0,0,0,0,88,0,0,0,0
zc,TA301,2012-06-28 09:01:53.370,7180.0000,183962,0,0.0000,2.0000,1,1,空换,S,7180.0000,0.0000,0.0000,0.0000,0.0000,7182.0000,0.0000,0.0000,0.0000,0.0000,1,0,0,0,0,105,0,0,0,0
zc,TA301,2012-06-28 09:01:53.903,7180.0000,183962,0,0.0000,6.0000,3,3,空换,S,7178.0000,0.0000,0.0000,0.0000,0.0000,7180.0000,0.0000,0.0000,0.0000,0.0000,20,0,0,0,0,9,0,0,0,0
zc,TA301,2012-06-28 09:01:54.620,7180.0000,183962,0,0.0000,12.0000,6,6,空换,S,7178.0000,0.0000,0.0000,0.0000,0.0000,7180.0000,0.0000,0.0000,0.0000,0.0000,19,0,0,0,0,10,0,0,0,0
zc,TA301,2012-06-28 09:01:55.107,7180.0000,183960,-2,0.0000,4.0000,1,3,多平,S,7178.0000,0.0000,0.0000,0.0000,0.0000,7180.0000,0.0000,0.0000,0.0000,0.0000,18,0,0,0,0,9,0,0,0,0
zc,TA301,2012-06-28 09:01:56.137,7178.0000,183956,-4,0.0000,10.0000,3,7,多平,S,7178.0000,0.0000,0.0000,0.0000,0.0000,7180.0000,0.0000,0.0000,0.0000,0.0000,13,0,0,0,0,10,0,0,0,0
zc,TA301,2012-06-28 09:01:56.857,7180.0000,183956,0,0.0000,10.0000,5,5,多换,B,7178.0000,0.0000,0.0000,0.0000,0.0000,7180.0000,0.0000,0.0000,0.0000,0.0000,243,0,0,0,0,6,0,0,0,0
zc,TA301,2012-06-28 09:01:57.370,7180.0000,183956,0,0.0000,0.0000,0,0,多换,B,7178.0000,0.0000,0.0000,0.0000,0.0000,7180.0000,0.0000,0.0000,0.0000,0.0000,243,0,0,0,0,9,0,0,0,0
zc,TA301,2012-06-28 09:01:58.120,7180.0000,183956,0,0.0000,0.0000,0,0,多换,B,7178.0000,0.0000,0.0000,0.0000,0.0000,7180.0000,0.0000,0.0000,0.0000,0.0000,243,0,0,0,0,19,0,0,0,0
zc,TA301,2012-06-28 09:01:58.607,7178.0000,183946,-10,0.0000,12.0000,1,11,多平,S,7178.0000,0.0000,0.0000,0.0000,0.0000,7180.0000,0.0000,0.0000,0.0000,0.0000,237,0,0,0,0,20,0,0,0,0
zc,TA301,2012-06-28 09:01:59.120,7180.0000,183938,-8,0.0000,12.0000,2,10,空平,B,7178.0000,0.0000,0.0000,0.0000,0.0000,7180.0000,0.0000,0.0000,0.0000,0.0000,237,0,0,0,0,18,0,0,0,0
zc,TA301,2012-06-28 09:01:59.870,7180.0000,183938,0,0.0000,2.0000,1,1,多换,B,7178.0000,0.0000,0.0000,0.0000,0.0000,7180.0000,0.0000,0.0000,0.0000,0.0000,237,0,0,0,0,27,0,0,0,0
zc,TA301,2012-06-28 09:02:00.357,7178.0000,183938,0,0.0000,2.0000,1,1,空换,S,7178.0000,0.0000,0.0000,0.0000,0.0000,7180.0000,0.0000,0.0000,0.0000,0.0000,236,0,0,0,0,27,0,0,0,0
zc,TA301,2012-06-28 09:02:01.607,7178.0000,183940,2,0.0000,6.0000,4,2,空开,S,7178.0000,0.0000,0.0000,0.0000,0.0000,7180.0000,0.0000,0.0000,0.0000,0.0000,233,0,0,0,0,35,0,0,0,0
zc,TA301,2012-06-28 09:02:02.387,7180.0000,183944,4,0.0000,104.0000,54,50,多开,B,7178.0000,0.0000,0.0000,0.0000,0.0000,7180.0000,0.0000,0.0000,0.0000,0.0000,182,0,0,0,0,27,0,0,0,0
zc,TA301,2012-06-28 09:02:02.903,7180.0000,183954,10,0.0000,12.0000,11,1,多开,B,7178.0000,0.0000,0.0000,0.0000,0.0000,7180.0000,0.0000,0.0000,0.0000,0.0000,181,0,0,0,0,28,0,0,0,0
zc,TA301,2012-06-28 09:02:03.590,7180.0000,183954,0,0.0000,0.0000,0,0,多换,B,7178.0000,0.0000,0.0000,0.0000,0.0000,7180.0000,0.0000,0.0000,0.0000,0.0000,184,0,0,0,0,92,0,0,0,0
zc,TA301,2012-06-28 09:02:04.120,7178.0000,183960,6,0.0000,8.0000,7,1,空开,S,7178.0000,0.0000,0.0000,0.0000,0.0000,7180.0000,0.0000,0.0000,0.0000,0.0000,183,0,0,0,0,104,0,0,0,0
zc,TA301,2012-06-28 09:02:04.903,7178.0000,183958,-2,0.0000,22.0000,10,12,多平,S,7178.0000,0.0000,0.0000,0.0000,0.0000,7180.0000,0.0000,0.0000,0.0000,0.0000,172,0,0,0,0,105,0,0,0,0
zc,TA301,2012-06-28 09:02:05.370,7178.0000,183956,-2,0.0000,38.0000,18,20,多平,S,7178.0000,0.0000,0.0000,0.0000,0.0000,7180.0000,0.0000,0.0000,0.0000,0.0000,153,0,0,0,0,97,0,0,0,0
zc,TA301,2012-06-28 09:02:06.120,7180.0000,183928,-28,0.0000,48.0000,10,38,空平,B,7178.0000,0.0000,0.0000,0.0000,0.0000,7180.0000,0.0000,0.0000,0.0000,0.0000,139,0,0,0,0,137,0,0,0,0
zc,TA301,2012-06-28 09:02:06.590,7180.0000,183934,6,0.0000,24.0000,15,9,多开,B,7178.0000,0.0000,0.0000,0.0000,0.0000,7180.0000,0.0000,0.0000,0.0000,0.0000,139,0,0,0,0,122,0,0,0,0
zc,TA301,2012-06-28 09:02:07.107,7178.0000,183922,-12,0.0000,12.0000,0,12,双平,S,7178.0000,0.0000,0.0000,0.0000,0.0000,7180.0000,0.0000,0.0000,0.0000,0.0000,133,0,0,0,0,82,0,0,0,0
zc,TA301,2012-06-28 09:02:07.637,7178.0000,183890,-32,0.0000,52.0000,10,42,多平,S,7178.0000,0.0000,0.0000,0.0000,0.0000,7180.0000,0.0000,0.0000,0.0000,0.0000,107,0,0,0,0,125,0,0,0,0
zc,TA301,2012-06-28 09:02:08.387,7178.0000,183890,0,0.0000,12.0000,6,6,空换,S,7178.0000,0.0000,0.0000,0.0000,0.0000,7180.0000,0.0000,0.0000,0.0000,0.0000,101,0,0,0,0,121,0,0,0,0
zc,TA301,2012-06-28 09:02:09.090,7178.0000,183890,0,0.0000,82.0000,41,41,空换,S,7178.0000,0.0000,0.0000,0.0000,0.0000,7180.0000,0.0000,0.0000,0.0000,0.0000,61,0,0,0,0,131,0,0,0,0
zc,TA301,2012-06-28 09:02:10.120,7178.0000,183840,-50,0.0000,86.0000,18,68,多平,S,7178.0000,0.0000,0.0000,0.0000,0.0000,7180.0000,0.0000,0.0000,0.0000,0.0000,19,0,0,0,0,131,0,0,0,0
zc,TA301,2012-06-28 09:02:10.637,7178.0000,183838,-2,0.0000,38.0000,18,20,多平,S,7176.0000,0.0000,0.0000,0.0000,0.0000,7178.0000,0.0000,0.0000,0.0000,0.0000,14,0,0,0,0,31,0,0,0,0
zc,TA301,2012-06-28 09:02:11.450,7176.0000,183846,8,0.0000,30.0000,19,11,空开,S,7174.0000,0.0000,0.0000,0.0000,0.0000,7176.0000,0.0000,0.0000,0.0000,0.0000,11,0,0,0,0,2,0,0,0,0
zc,TA301,2012-06-28 09:02:11.607,7178.0000,183852,6,0.0000,8.0000,7,1,多开,B,7174.0000,0.0000,0.0000,0.0000,0.0000,7178.0000,0.0000,0.0000,0.0000,0.0000,11,0,0,0,0,3,0,0,0,0
zc,TA301,2012-06-28 09:02:12.387,7178.0000,183852,0,0.0000,0.0000,0,0,多换,B,7174.0000,0.0000,0.0000,0.0000,0.0000,7176.0000,0.0000,0.0000,0.0000,0.0000,11,0,0,0,0,2,0,0,0,0
zc,TA301,2012-06-28 09:02:12.857,7174.0000,183852,0,0.0000,2.0000,1,1,空换,S,7174.0000,0.0000,0.0000,0.0000,0.0000,7176.0000,0.0000,0.0000,0.0000,0.0000,15,0,0,0,0,19,0,0,0,0
zc,TA301,2012-06-28 09:02:13.607,7174.0000,183852,0,0.0000,14.0000,7,7,空换,S,7174.0000,0.0000,0.0000,0.0000,0.0000,7176.0000,0.0000,0.0000,0.0000,0.0000,8,0,0,0,0,19,0,0,0,0
zc,TA301,2012-06-28 09:02:14.857,7174.0000,183852,0,0.0000,0.0000,0,0,空换,S,7174.0000,0.0000,0.0000,0.0000,0.0000,7176.0000,0.0000,0.0000,0.0000,0.0000,11,0,0,0,0,19,0,0,0,0
zc,TA301,2012-06-28 09:02:15.607,7176.0000,183844,-8,0.0000,8.0000,0,8,双平,B,7176.0000,0.0000,0.0000,0.0000,0.0000,7178.0000,0.0000,0.0000,0.0000,0.0000,7,0,0,0,0,27,0,0,0,0
zc,TA301,2012-06-28 09:02:15.840,7178.0000,183832,-12,0.0000,12.0000,0,12,双平,B,7176.0000,0.0000,0.0000,0.0000,0.0000,7178.0000,0.0000,0.0000,0.0000,0.0000,2,0,0,0,0,26,0,0,0,0
zc,TA301,2012-06-28 09:02:17.153,7176.0000,183818,-14,0.0000,22.0000,4,18,多平,S,7176.0000,0.0000,0.0000,0.0000,0.0000,7178.0000,0.0000,0.0000,0.0000,0.0000,2,0,0,0,0,17,0,0,0,0
zc,TA301,2012-06-28 09:02:17.840,7178.0000,183818,0,0.0000,16.0000,8,8,多换,B,7174.0000,0.0000,0.0000,0.0000,0.0000,7178.0000,0.0000,0.0000,0.0000,0.0000,8,0,0,0,0,15,0,0,0,0
zc,TA301,2012-06-28 09:02:18.153,7178.0000,183818,0,0.0000,0.0000,0,0,多换,B,7174.0000,0.0000,0.0000,0.0000,0.0000,7176.0000,0.0000,0.0000,0.0000,0.0000,7,0,0,0,0,1,0,0,0,0
zc,TA301,2012-06-28 09:02:18.870,7178.0000,183812,-6,0.0000,44.0000,19,25,空平,B,7174.0000,0.0000,0.0000,0.0000,0.0000,7178.0000,0.0000,0.0000,0.0000,0.0000,3,0,0,0,0,4,0,0,0,0
zc,TA301,2012-06-28 09:02:19.637,7178.0000,183812,0,0.0000,0.0000,0,0,多换,B,7176.0000,0.0000,0.0000,0.0000,0.0000,7178.0000,0.0000,0.0000,0.0000,0.0000,1,0,0,0,0,1,0,0,0,0
zc,TA301,2012-06-28 09:02:20.433,7180.0000,183678,-134,0.0000,196.0000,31,165,空平,B,7180.0000,0.0000,0.0000,0.0000,0.0000,7182.0000,0.0000,0.0000,0.0000,0.0000,1,0,0,0,0,362,0,0,0,0
zc,TA301,2012-06-28 09:02:20.857,7180.0000,183676,-2,0.0000,2.0000,0,2,双平,B,7180.0000,0.0000,0.0000,0.0000,0.0000,7182.0000,0.0000,0.0000,0.0000,0.0000,1,0,0,0,0,362,0,0,0,0
zc,TA301,2012-06-28 09:02:21.370,7180.0000,183674,-2,0.0000,6.0000,2,4,空平,B,7178.0000,0.0000,0.0000,0.0000,0.0000,7182.0000,0.0000,0.0000,0.0000,0.0000,4,0,0,0,0,362,0,0,0,0
zc,TA301,2012-06-28 09:02:22.137,7180.0000,183674,0,0.0000,0.0000,0,0,多换,B,7178.0000,0.0000,0.0000,0.0000,0.0000,7180.0000,0.0000,0.0000,0.0000,0.0000,8,0,0,0,0,5,0,0,0,0
zc,TA301,2012-06-28 09:02:22.637,7180.0000,183672,-2,0.0000,4.0000,1,3,空平,B,7178.0000,0.0000,0.0000,0.0000,0.0000,7180.0000,0.0000,0.0000,0.0000,0.0000,7,0,0,0,0,21,0,0,0,0
zc,TA301,2012-06-28 09:02:23.357,7180.0000,183672,0,0.0000,0.0000,0,0,多换,B,7178.0000,0.0000,0.0000,0.0000,0.0000,7180.0000,0.0000,0.0000,0.0000,0.0000,7,0,0,0,0,35,0,0,0,0
zc,TA301,2012-06-28 09:02:24.870,7180.0000,183672,0,0.0000,4.0000,2,2,多换,B,7178.0000,0.0000,0.0000,0.0000,0.0000,7180.0000,0.0000,0.0000,0.0000,0.0000,7,0,0,0,0,33,0,0,0,0
zc,TA301,2012-06-28 09:02:25.667,7180.0000,183672,0,0.0000,6.0000,3,3,多换,B,7178.0000,0.0000,0.0000,0.0000,0.0000,7180.0000,0.0000,0.0000,0.0000,0.0000,7,0,0,0,0,30,0,0,0,0
zc,TA301,2012-06-28 09:02:26.120,7180.0000,183672,0,0.0000,2.0000,1,1,多换,B,7178.0000,0.0000,0.0000,0.0000,0.0000,7180.0000,0.0000,0.0000,0.0000,0.0000,5,0,0,0,0,31,0,0,0,0
zc,TA301,2012-06-28 09:02:26.637,7178.0000,183680,8,0.0000,12.0000,10,2,空开,S,7176.0000,0.0000,0.0000,0.0000,0.0000,7178.0000,0.0000,0.0000,0.0000,0.0000,5,0,0,0,0,44,0,0,0,0
zc,TA301,2012-06-28 09:02:27.340,7178.0000,183680,0,0.0000,2.0000,1,1,空换,S,7176.0000,0.0000,0.0000,0.0000,0.0000,7178.0000,0.0000,0.0000,0.0000,0.0000,5,0,0,0,0,43,0,0,0,0
zc,TA301,2012-06-28 09:02:27.840,7178.0000,183682,2,0.0000,6.0000,4,2,空开,S,7176.0000,0.0000,0.0000,0.0000,0.0000,7178.0000,0.0000,0.0000,0.0000,0.0000,5,0,0,0,0,41,0,0,0,0
zc,TA301,2012-06-28 09:02:28.857,7178.0000,183682,0,0.0000,8.0000,4,4,空换,S,7176.0000,0.0000,0.0000,0.0000,0.0000,7178.0000,0.0000,0.0000,0.0000,0.0000,4,0,0,0,0,38,0,0,0,0
zc,TA301,2012-06-28 09:02:29.590,7176.0000,183682,0,0.0000,2.0000,1,1,空换,S,7176.0000,0.0000,0.0000,0.0000,0.0000,7178.0000,0.0000,0.0000,0.0000,0.0000,3,0,0,0,0,38,0,0,0,0
zc,TA301,2012-06-28 09:02:30.557,7178.0000,183688,6,0.0000,6.0000,6,0,双开,B,7176.0000,0.0000,0.0000,0.0000,0.0000,7178.0000,0.0000,0.0000,0.0000,0.0000,3,0,0,0,0,35,0,0,0,0
zc,TA301,2012-06-28 09:02:31.357,7176.0000,183692,4,0.0000,8.0000,6,2,空开,S,7176.0000,0.0000,0.0000,0.0000,0.0000,7178.0000,0.0000,0.0000,0.0000,0.0000,1,0,0,0,0,33,0,0,0,0
zc,TA301,2012-06-28 09:02:31.857,7176.0000,183690,-2,0.0000,8.0000,3,5,多平,S,7174.0000,0.0000,0.0000,0.0000,0.0000,7176.0000,0.0000,0.0000,0.0000,0.0000,41,0,0,0,0,7,0,0,0,0
zc,TA301,2012-06-28 09:02:32.370,7176.0000,183676,-14,0.0000,16.0000,1,15,多平,S,7174.0000,0.0000,0.0000,0.0000,0.0000,7178.0000,0.0000,0.0000,0.0000,0.0000,40,0,0,0,0,32,0,0,0,0
zc,TA301,2012-06-28 09:02:33.137,7178.0000,183676,0,0.0000,20.0000,10,10,多换,B,7176.0000,0.0000,0.0000,0.0000,0.0000,7178.0000,0.0000,0.0000,0.0000,0.0000,1,0,0,0,0,25,0,0,0,0
zc,TA301,2012-06-28 09:02:33.620,7178.0000,183676,0,0.0000,2.0000,1,1,多换,B,7176.0000,0.0000,0.0000,0.0000,0.0000,7178.0000,0.0000,0.0000,0.0000,0.0000,5,0,0,0,0,24,0,0,0,0
zc,TA301,2012-06-28 09:02:34.120,7178.0000,183680,4,0.0000,4.0000,4,0,双开,B,7174.0000,0.0000,0.0000,0.0000,0.0000,7178.0000,0.0000,0.0000,0.0000,0.0000,93,0,0,0,0,24,0,0,0,0
zc,TA301,2012-06-28 09:02:34.887,7178.0000,183684,4,0.0000,4.0000,4,0,双开,B,7176.0000,0.0000,0.0000,0.0000,0.0000,7178.0000,0.0000,0.0000,0.0000,0.0000,1,0,0,0,0,22,0,0,0,0
zc,TA301,2012-06-28 09:02:35.357,7178.0000,183736,52,0.0000,56.0000,54,2,多开,B,7174.0000,0.0000,0.0000,0.0000,0.0000,7178.0000,0.0000,0.0000,0.0000,0.0000,95,0,0,0,0,4,0,0,0,0
zc,TA301,2012-06-28 09:02:36.137,7174.0000,183680,-56,0.0000,62.0000,3,59,多平,S,7176.0000,0.0000,0.0000,0.0000,0.0000,7178.0000,0.0000,0.0000,0.0000,0.0000,1,0,0,0,0,4,0,0,0,0
zc,TA301,2012-06-28 09:02:36.637,7178.0000,183676,-4,0.0000,4.0000,0,4,双平,B,7176.0000,0.0000,0.0000,0.0000,0.0000,7178.0000,0.0000,0.0000,0.0000,0.0000,3,0,0,0,0,1,0,0,0,0
zc,TA301,2012-06-28 09:02:37.153,7178.0000,183674,-2,0.0000,6.0000,2,4,空平,B,7178.0000,0.0000,0.0000,0.0000,0.0000,7180.0000,0.0000,0.0000,0.0000,0.0000,19,0,0,0,0,65,0,0,0,0
zc,TA301,2012-06-28 09:02:37.903,7178.0000,183674,0,0.0000,38.0000,19,19,多换,B,7176.0000,0.0000,0.0000,0.0000,0.0000,7180.0000,0.0000,0.0000,0.0000,0.0000,1,0,0,0,0,50,0,0,0,0
zc,TA301,2012-06-28 09:02:38.370,7178.0000,183674,0,0.0000,0.0000,0,0,多换,B,7178.0000,0.0000,0.0000,0.0000,0.0000,7180.0000,0.0000,0.0000,0.0000,0.0000,1,0,0,0,0,50,0,0,0,0
zc,TA301,2012-06-28 09:02:38.917,7176.0000,183678,4,0.0000,6.0000,5,1,空开,S,7174.0000,0.0000,0.0000,0.0000,0.0000,7176.0000,0.0000,0.0000,0.0000,0.0000,66,0,0,0,0,17,0,0,0,0
zc,TA301,2012-06-28 09:02:39.340,7176.0000,183692,14,0.0000,14.0000,14,0,双开,S,7174.0000,0.0000,0.0000,0.0000,0.0000,7176.0000,0.0000,0.0000,0.0000,0.0000,66,0,0,0,0,10,0,0,0,0
zc,TA301,2012-06-28 09:02:40.107,7176.0000,183702,10,0.0000,10.0000,10,0,双开,S,7174.0000,0.0000,0.0000,0.0000,0.0000,7176.0000,0.0000,0.0000,0.0000,0.0000,66,0,0,0,0,5,0,0,0,0
zc,TA301,2012-06-28 09:02:40.857,7176.0000,183708,6,0.0000,6.0000,6,0,双开,S,7174.0000,0.0000,0.0000,0.0000,0.0000,7176.0000,0.0000,0.0000,0.0000,0.0000,66,0,0,0,0,2,0,0,0,0
zc,TA301,2012-06-28 09:02:41.387,7176.0000,183710,2,0.0000,4.0000,3,1,空开,S,7176.0000,0.0000,0.0000,0.0000,0.0000,7178.0000,0.0000,0.0000,0.0000,0.0000,1,0,0,0,0,7,0,0,0,0
zc,TA301,2012-06-28 09:02:41.857,7178.0000,183712,2,0.0000,2.0000,2,0,双开,B,7176.0000,0.0000,0.0000,0.0000,0.0000,7178.0000,0.0000,0.0000,0.0000,0.0000,5,0,0,0,0,13,0,0,0,0
zc,TA301,2012-06-28 09:02:42.620,7176.0000,183710,-2,0.0000,2.0000,0,2,双平,S,7176.0000,0.0000,0.0000,0.0000,0.0000,7178.0000,0.0000,0.0000,0.0000,0.0000,4,0,0,0,0,13,0,0,0,0
zc,TA301,2012-06-28 09:02:43.137,7176.0000,183708,-2,0.0000,2.0000,0,2,双平,S,7176.0000,0.0000,0.0000,0.0000,0.0000,7178.0000,0.0000,0.0000,0.0000,0.0000,7,0,0,0,0,23,0,0,0,0
zc,TA301,2012-06-28 09:02:44.370,7176.0000,183688,-20,0.0000,28.0000,4,24,多平,S,7174.0000,0.0000,0.0000,0.0000,0.0000,7176.0000,0.0000,0.0000,0.0000,0.0000,14,0,0,0,0,7,0,0,0,0
zc,TA301,2012-06-28 09:02:44.823,7176.0000,183688,0,0.0000,0.0000,0,0,空换,S,7174.0000,0.0000,0.0000,0.0000,0.0000,7176.0000,0.0000,0.0000,0.0000,0.0000,14,0,0,0,0,8,0,0,0,0
zc,TA301,2012-06-28 09:02:45.607,7176.0000,183674,-14,0.0000,14.0000,0,14,双平,S,7174.0000,0.0000,0.0000,0.0000,0.0000,7176.0000,0.0000,0.0000,0.0000,0.0000,13,0,0,0,0,2,0,0,0,0
zc,TA301,2012-06-28 09:02:46.307,7176.0000,183674,0,0.0000,0.0000,0,0,空换,S,7174.0000,0.0000,0.0000,0.0000,0.0000,7176.0000,0.0000,0.0000,0.0000,0.0000,13,0,0,0,0,2,0,0,0,0
zc,TA301,2012-06-28 09:02:46.620,7178.0000,183648,-26,0.0000,28.0000,1,27,空平,B,7174.0000,0.0000,0.0000,0.0000,0.0000,7176.0000,0.0000,0.0000,0.0000,0.0000,13,0,0,0,0,1,0,0,0,0
zc,TA301,2012-06-28 09:02:47.840,7178.0000,183648,0,0.0000,0.0000,0,0,多换,B,7174.0000,0.0000,0.0000,0.0000,0.0000,7176.0000,0.0000,0.0000,0.0000,0.0000,13,0,0,0,0,4,0,0,0,0
zc,TA301,2012-06-28 09:02:48.357,7176.0000,183650,2,0.0000,24.0000,13,11,空开,S,7176.0000,0.0000,0.0000,0.0000,0.0000,7178.0000,0.0000,0.0000,0.0000,0.0000,4,0,0,0,0,3,0,0,0,0
zc,TA301,2012-06-28 09:02:48.887,7176.0000,183650,0,0.0000,10.0000,5,5,空换,S,7174.0000,0.0000,0.0000,0.0000,0.0000,7176.0000,0.0000,0.0000,0.0000,0.0000,15,0,0,0,0,20,0,0,0,0
zc,TA301,2012-06-28 09:02:49.590,7174.0000,183650,0,0.0000,2.0000,1,1,空换,S,7174.0000,0.0000,0.0000,0.0000,0.0000,7176.0000,0.0000,0.0000,0.0000,0.0000,14,0,0,0,0,20,0,0,0,0
zc,TA301,2012-06-28 09:02:49.823,7174.0000,183650,0,0.0000,2.0000,1,1,空换,S,7174.0000,0.0000,0.0000,0.0000,0.0000,7176.0000,0.0000,0.0000,0.0000,0.0000,14,0,0,0,0,20,0,0,0,0
zc,TA301,2012-06-28 09:02:50.607,7174.0000,183650,0,0.0000,0.0000,0,0,空换,S,7174.0000,0.0000,0.0000,0.0000,0.0000,7176.0000,0.0000,0.0000,0.0000,0.0000,12,0,0,0,0,28,0,0,0,0
zc,TA301,2012-06-28 09:02:51.090,7176.0000,183644,-6,0.0000,16.0000,5,11,空平,B,7174.0000,0.0000,0.0000,0.0000,0.0000,7176.0000,0.0000,0.0000,0.0000,0.0000,9,0,0,0,0,23,0,0,0,0
zc,TA301,2012-06-28 09:02:51.637,7174.0000,183636,-8,0.0000,10.0000,1,9,多平,S,7174.0000,0.0000,0.0000,0.0000,0.0000,7176.0000,0.0000,0.0000,0.0000,0.0000,54,0,0,0,0,17,0,0,0,0
zc,TA301,2012-06-28 09:02:52.357,7174.0000,183634,-2,0.0000,2.0000,0,2,双平,S,7174.0000,0.0000,0.0000,0.0000,0.0000,7176.0000,0.0000,0.0000,0.0000,0.0000,53,0,0,0,0,17,0,0,0,0
zc,TA301,2012-06-28 09:02:52.887,7174.0000,183632,-2,0.0000,2.0000,0,2,双平,S,7174.0000,0.0000,0.0000,0.0000,0.0000,7176.0000,0.0000,0.0000,0.0000,0.0000,52,0,0,0,0,17,0,0,0,0
zc,TA301,2012-06-28 09:02:53.387,7174.0000,183632,0,0.0000,0.0000,0,0,空换,S,7174.0000,0.0000,0.0000,0.0000,0.0000,7176.0000,0.0000,0.0000,0.0000,0.0000,18,0,0,0,0,17,0,0,0,0
zc,TA301,2012-06-28 09:02:53.903,7176.0000,183632,0,0.0000,16.0000,8,8,多换,B,7174.0000,0.0000,0.0000,0.0000,0.0000,7176.0000,0.0000,0.0000,0.0000,0.0000,18,0,0,0,0,11,0,0,0,0
zc,TA301,2012-06-28 09:02:54.607,7174.0000,183626,-6,0.0000,16.0000,5,11,多平,S,7174.0000,0.0000,0.0000,0.0000,0.0000,7176.0000,0.0000,0.0000,0.0000,0.0000,3,0,0,0,0,10,0,0,0,0
zc,TA301,2012-06-28 09:02:54.903,7174.0000,183630,4,0.0000,4.0000,4,0,双开,S,7174.0000,0.0000,0.0000,0.0000,0.0000,7176.0000,0.0000,0.0000,0.0000,0.0000,1,0,0,0,0,10,0,0,0,0
zc,TA301,2012-06-28 09:02:55.607,7174.0000,183626,-4,0.0000,6.0000,1,5,多平,S,7172.0000,0.0000,0.0000,0.0000,0.0000,7176.0000,0.0000,0.0000,0.0000,0.0000,202,0,0,0,0,27,0,0,0,0
zc,TA301,2012-06-28 09:02:56.903,7174.0000,183626,0,0.0000,0.0000,0,0,空换,S,7172.0000,0.0000,0.0000,0.0000,0.0000,7174.0000,0.0000,0.0000,0.0000,0.0000,202,0,0,0,0,1,0,0,0,0
zc,TA301,2012-06-28 09:02:57.357,7174.0000,183626,0,0.0000,0.0000,0,0,空换,S,7172.0000,0.0000,0.0000,0.0000,0.0000,7174.0000,0.0000,0.0000,0.0000,0.0000,202,0,0,0,0,11,0,0,0,0
zc,TA301,2012-06-28 09:02:58.607,7172.0000,183628,2,0.0000,4.0000,3,1,空开,S,7172.0000,0.0000,0.0000,0.0000,0.0000,7174.0000,0.0000,0.0000,0.0000,0.0000,200,0,0,0,0,11,0,0,0,0
zc,TA301,2012-06-28 09:02:59.073,7172.0000,183628,0,0.0000,0.0000,0,0,空换,S,7172.0000,0.0000,0.0000,0.0000,0.0000,7174.0000,0.0000,0.0000,0.0000,0.0000,201,0,0,0,0,11,0,0,0,0
zc,TA301,2012-06-28 09:02:59.887,7172.0000,183666,38,0.0000,42.0000,40,2,空开,S,7172.0000,0.0000,0.0000,0.0000,0.0000,7174.0000,0.0000,0.0000,0.0000,0.0000,181,0,0,0,0,10,0,0,0,0
zc,TA301,2012-06-28 09:03:00.357,7174.0000,183664,-2,0.0000,24.0000,11,13,空平,B,7172.0000,0.0000,0.0000,0.0000,0.0000,7174.0000,0.0000,0.0000,0.0000,0.0000,181,0,0,0,0,48,0,0,0,0
zc,TA301,2012-06-28 09:03:01.090,7174.0000,183664,0,0.0000,2.0000,1,1,多换,B,7172.0000,0.0000,0.0000,0.0000,0.0000,7174.0000,0.0000,0.0000,0.0000,0.0000,181,0,0,0,0,47,0,0,0,0
zc,TA301,2012-06-28 09:03:01.607,7172.0000,183670,6,0.0000,42.0000,24,18,空开,S,7172.0000,0.0000,0.0000,0.0000,0.0000,7174.0000,0.0000,0.0000,0.0000,0.0000,160,0,0,0,0,47,0,0,0,0
zc,TA301,2012-06-28 09:03:02.370,7174.0000,183638,-32,0.0000,32.0000,0,32,双平,B,7172.0000,0.0000,0.0000,0.0000,0.0000,7174.0000,0.0000,0.0000,0.0000,0.0000,184,0,0,0,0,31,0,0,0,0
zc,TA301,2012-06-28 09:03:02.870,7174.0000,183640,2,0.0000,6.0000,4,2,多开,B,7172.0000,0.0000,0.0000,0.0000,0.0000,7174.0000,0.0000,0.0000,0.0000,0.0000,182,0,0,0,0,30,0,0,0,0
zc,TA301,2012-06-28 09:03:03.370,7172.0000,183642,2,0.0000,2.0000,2,0,双开,S,7172.0000,0.0000,0.0000,0.0000,0.0000,7174.0000,0.0000,0.0000,0.0000,0.0000,181,0,0,0,0,30,0,0,0,0
zc,TA301,2012-06-28 09:03:04.120,7172.0000,183642,0,0.0000,2.0000,1,1,空换,S,7172.0000,0.0000,0.0000,0.0000,0.0000,7174.0000,0.0000,0.0000,0.0000,0.0000,180,0,0,0,0,30,0,0,0,0
zc,TA301,2012-06-28 09:03:04.620,7174.0000,183642,0,0.0000,6.0000,3,3,多换,B,7172.0000,0.0000,0.0000,0.0000,0.0000,7174.0000,0.0000,0.0000,0.0000,0.0000,180,0,0,0,0,29,0,0,0,0
zc,TA301,2012-06-28 09:03:05.357,7174.0000,183642,0,0.0000,0.0000,0,0,多换,B,7172.0000,0.0000,0.0000,0.0000,0.0000,7174.0000,0.0000,0.0000,0.0000,0.0000,180,0,0,0,0,49,0,0,0,0
zc,TA301,2012-06-28 09:03:05.887,7174.0000,183628,-14,0.0000,16.0000,1,15,空平,B,7172.0000,0.0000,0.0000,0.0000,0.0000,7174.0000,0.0000,0.0000,0.0000,0.0000,184,0,0,0,0,42,0,0,0,0
zc,TA301,2012-06-28 09:03:06.357,7172.0000,183626,-2,0.0000,62.0000,30,32,多平,S,7172.0000,0.0000,0.0000,0.0000,0.0000,7174.0000,0.0000,0.0000,0.0000,0.0000,303,0,0,0,0,41,0,0,0,0
zc,TA301,2012-06-28 09:03:06.870,7174.0000,183614,-12,0.0000,12.0000,0,12,双平,B,7172.0000,0.0000,0.0000,0.0000,0.0000,7174.0000,0.0000,0.0000,0.0000,0.0000,298,0,0,0,0,85,0,0,0,0
zc,TA301,2012-06-28 09:03:07.620,7174.0000,183510,-104,0.0000,114.0000,5,109,空平,B,7172.0000,0.0000,0.0000,0.0000,0.0000,7174.0000,0.0000,0.0000,0.0000,0.0000,262,0,0,0,0,28,0,0,0,0
zc,TA301,2012-06-28 09:03:08.090,7172.0000,183512,2,0.0000,2.0000,2,0,双开,S,7172.0000,0.0000,0.0000,0.0000,0.0000,7174.0000,0.0000,0.0000,0.0000,0.0000,261,0,0,0,0,35,0,0,0,0
zc,TA301,2012-06-28 09:03:08.870,7174.0000,183512,0,0.0000,4.0000,2,2,多换,B,7172.0000,0.0000,0.0000,0.0000,0.0000,7174.0000,0.0000,0.0000,0.0000,0.0000,260,0,0,0,0,34,0,0,0,0
zc,TA301,2012-06-28 09:03:09.403,7174.0000,183512,0,0.0000,8.0000,4,4,多换,B,7172.0000,0.0000,0.0000,0.0000,0.0000,7174.0000,0.0000,0.0000,0.0000,0.0000,260,0,0,0,0,31,0,0,0,0
zc,TA301,2012-06-28 09:03:10.107,7174.0000,183512,0,0.0000,0.0000,0,0,多换,B,7172.0000,0.0000,0.0000,0.0000,0.0000,7174.0000,0.0000,0.0000,0.0000,0.0000,262,0,0,0,0,31,0,0,0,0
zc,TA301,2012-06-28 09:03:10.607,7174.0000,183504,-8,0.0000,8.0000,0,8,双平,B,7172.0000,0.0000,0.0000,0.0000,0.0000,7174.0000,0.0000,0.0000,0.0000,0.0000,261,0,0,0,0,27,0,0,0,0
zc,TA301,2012-06-28 09:03:11.370,7174.0000,183498,-6,0.0000,8.0000,1,7,空平,B,7172.0000,0.0000,0.0000,0.0000,0.0000,7174.0000,0.0000,0.0000,0.0000,0.0000,261,0,0,0,0,23,0,0,0,0
zc,TA301,2012-06-28 09:03:12.120,7174.0000,183498,0,0.0000,4.0000,2,2,多换,B,7172.0000,0.0000,0.0000,0.0000,0.0000,7174.0000,0.0000,0.0000,0.0000,0.0000,261,0,0,0,0,25,0,0,0,0
zc,TA301,2012-06-28 09:03:12.620,7174.0000,183460,-38,0.0000,40.0000,1,39,空平,B,7172.0000,0.0000,0.0000,0.0000,0.0000,7174.0000,0.0000,0.0000,0.0000,0.0000,262,0,0,0,0,5,0,0,0,0
zc,TA301,2012-06-28 09:03:13.073,7174.0000,183454,-6,0.0000,6.0000,0,6,双平,B,7172.0000,0.0000,0.0000,0.0000,0.0000,7174.0000,0.0000,0.0000,0.0000,0.0000,263,0,0,0,0,2,0,0,0,0
zc,TA301,2012-06-28 09:03:13.637,7174.0000,183454,0,0.0000,4.0000,2,2,多换,B,7174.0000,0.0000,0.0000,0.0000,0.0000,7176.0000,0.0000,0.0000,0.0000,0.0000,3,0,0,0,0,13,0,0,0,0
zc,TA301,2012-06-28 09:03:14.357,7172.0000,183454,0,0.0000,20.0000,10,10,空换,S,7172.0000,0.0000,0.0000,0.0000,0.0000,7174.0000,0.0000,0.0000,0.0000,0.0000,256,0,0,0,0,13,0,0,0,0
zc,TA301,2012-06-28 09:03:15.620,7172.0000,183454,0,0.0000,0.0000,0,0,空换,S,7172.0000,0.0000,0.0000,0.0000,0.0000,7174.0000,0.0000,0.0000,0.0000,0.0000,267,0,0,0,0,13,0,0,0,0
zc,TA301,2012-06-28 09:03:16.840,7172.0000,183454,0,0.0000,0.0000,0,0,空换,S,7172.0000,0.0000,0.0000,0.0000,0.0000,7174.0000,0.0000,0.0000,0.0000,0.0000,117,0,0,0,0,13,0,0,0,0
zc,TA301,2012-06-28 09:03:17.387,7174.0000,183454,0,0.0000,8.0000,4,4,多换,B,7172.0000,0.0000,0.0000,0.0000,0.0000,7174.0000,0.0000,0.0000,0.0000,0.0000,117,0,0,0,0,10,0,0,0,0
zc,TA301,2012-06-28 09:03:17.857,7174.0000,183454,0,0.0000,2.0000,1,1,多换,B,7172.0000,0.0000,0.0000,0.0000,0.0000,7174.0000,0.0000,0.0000,0.0000,0.0000,117,0,0,0,0,30,0,0,0,0
zc,TA301,2012-06-28 09:03:19.840,7172.0000,183458,4,0.0000,8.0000,6,2,空开,S,7172.0000,0.0000,0.0000,0.0000,0.0000,7174.0000,0.0000,0.0000,0.0000,0.0000,116,0,0,0,0,32,0,0,0,0
zc,TA301,2012-06-28 09:03:20.120,7174.0000,183458,0,0.0000,2.0000,1,1,多换,B,7172.0000,0.0000,0.0000,0.0000,0.0000,7174.0000,0.0000,0.0000,0.0000,0.0000,116,0,0,0,0,31,0,0,0,0
zc,TA301,2012-06-28 09:03:20.857,7172.0000,183458,0,0.0000,22.0000,11,11,空换,S,7172.0000,0.0000,0.0000,0.0000,0.0000,7174.0000,0.0000,0.0000,0.0000,0.0000,105,0,0,0,0,31,0,0,0,0
zc,TA301,2012-06-28 09:03:21.357,7172.0000,183458,0,0.0000,2.0000,1,1,空换,S,7172.0000,0.0000,0.0000,0.0000,0.0000,7174.0000,0.0000,0.0000,0.0000,0.0000,104,0,0,0,0,31,0,0,0,0
zc,TA301,2012-06-28 09:03:22.073,7172.0000,183458,0,0.0000,0.0000,0,0,空换,S,7172.0000,0.0000,0.0000,0.0000,0.0000,7174.0000,0.0000,0.0000,0.0000,0.0000,104,0,0,0,0,49,0,0,0,0
zc,TA301,2012-06-28 09:03:22.607,7172.0000,183458,0,0.0000,12.0000,6,6,空换,S,7172.0000,0.0000,0.0000,0.0000,0.0000,7174.0000,0.0000,0.0000,0.0000,0.0000,100,0,0,0,0,49,0,0,0,0
zc,TA301,2012-06-28 09:03:23.340,7172.0000,183458,0,0.0000,2.0000,1,1,空换,S,7172.0000,0.0000,0.0000,0.0000,0.0000,7174.0000,0.0000,0.0000,0.0000,0.0000,99,0,0,0,0,59,0,0,0,0
zc,TA301,2012-06-28 09:03:24.370,7174.0000,183444,-14,0.0000,32.0000,9,23,空平,B,7172.0000,0.0000,0.0000,0.0000,0.0000,7174.0000,0.0000,0.0000,0.0000,0.0000,92,0,0,0,0,50,0,0,0,0
zc,TA301,2012-06-28 09:03:25.137,7172.0000,183444,0,0.0000,4.0000,2,2,空换,S,7172.0000,0.0000,0.0000,0.0000,0.0000,7174.0000,0.0000,0.0000,0.0000,0.0000,91,0,0,0,0,49,0,0,0,0
zc,TA301,2012-06-28 09:03:26.323,7172.0000,183444,0,0.0000,2.0000,1,1,空换,S,7172.0000,0.0000,0.0000,0.0000,0.0000,7174.0000,0.0000,0.0000,0.0000,0.0000,90,0,0,0,0,49,0,0,0,0
zc,TA301,2012-06-28 09:03:26.637,7174.0000,183408,-36,0.0000,48.0000,6,42,空平,B,7172.0000,0.0000,0.0000,0.0000,0.0000,7174.0000,0.0000,0.0000,0.0000,0.0000,91,0,0,0,0,25,0,0,0,0
zc,TA301,2012-06-28 09:03:27.357,7172.0000,183408,0,0.0000,2.0000,1,1,空换,S,7172.0000,0.0000,0.0000,0.0000,0.0000,7174.0000,0.0000,0.0000,0.0000,0.0000,91,0,0,0,0,25,0,0,0,0
zc,TA301,2012-06-28 09:03:27.870,7172.0000,183428,20,0.0000,24.0000,22,2,空开,S,7172.0000,0.0000,0.0000,0.0000,0.0000,7174.0000,0.0000,0.0000,0.0000,0.0000,80,0,0,0,0,24,0,0,0,0
zc,TA301,2012-06-28 09:03:28.620,7174.0000,183428,0,0.0000,2.0000,1,1,多换,B,7172.0000,0.0000,0.0000,0.0000,0.0000,7174.0000,0.0000,0.0000,0.0000,0.0000,81,0,0,0,0,23,0,0,0,0
zc,TA301,2012-06-28 09:03:29.903,7172.0000,183428,0,0.0000,6.0000,3,3,空换,S,7172.0000,0.0000,0.0000,0.0000,0.0000,7174.0000,0.0000,0.0000,0.0000,0.0000,78,0,0,0,0,23,0,0,0,0
zc,TA301,2012-06-28 09:03:30.403,7174.0000,183382,-46,0.0000,46.0000,0,46,双平,B,7174.0000,0.0000,0.0000,0.0000,0.0000,7176.0000,0.0000,0.0000,0.0000,0.0000,9,0,0,0,0,11,0,0,0,0
zc,TA301,2012-06-28 09:03:31.057,7174.0000,183372,-10,0.0000,10.0000,0,10,双平,B,7174.0000,0.0000,0.0000,0.0000,0.0000,7176.0000,0.0000,0.0000,0.0000,0.0000,4,0,0,0,0,12,0,0,0,0
zc,TA301,2012-06-28 09:03:31.620,7174.0000,183370,-2,0.0000,6.0000,2,4,空平,B,7174.0000,0.0000,0.0000,0.0000,0.0000,7176.0000,0.0000,0.0000,0.0000,0.0000,18,0,0,0,0,11,0,0,0,0
zc,TA301,2012-06-28 09:03:32.153,7174.0000,183368,-2,0.0000,2.0000,0,2,双平,B,7174.0000,0.0000,0.0000,0.0000,0.0000,7176.0000,0.0000,0.0000,0.0000,0.0000,18,0,0,0,0,11,0,0,0,0
zc,TA301,2012-06-28 09:03:32.917,7176.0000,183380,12,0.0000,40.0000,26,14,多开,B,7174.0000,0.0000,0.0000,0.0000,0.0000,7176.0000,0.0000,0.0000,0.0000,0.0000,158,0,0,0,0,1,0,0,0,0
zc,TA301,2012-06-28 09:03:33.357,7176.0000,183382,2,0.0000,2.0000,2,0,双开,B,7174.0000,0.0000,0.0000,0.0000,0.0000,7178.0000,0.0000,0.0000,0.0000,0.0000,158,0,0,0,0,10,0,0,0,0
zc,TA301,2012-06-28 09:03:35.107,7174.0000,183382,0,0.0000,22.0000,11,11,空换,S,7174.0000,0.0000,0.0000,0.0000,0.0000,7178.0000,0.0000,0.0000,0.0000,0.0000,164,0,0,0,0,10,0,0,0,0
zc,TA301,2012-06-28 09:03:35.620,7174.0000,183384,2,0.0000,6.0000,4,2,空开,S,7174.0000,0.0000,0.0000,0.0000,0.0000,7178.0000,0.0000,0.0000,0.0000,0.0000,163,0,0,0,0,9,0,0,0,0
zc,TA301,2012-06-28 09:03:36.387,7178.0000,183386,2,0.0000,2.0000,2,0,双开,B,7174.0000,0.0000,0.0000,0.0000,0.0000,7178.0000,0.0000,0.0000,0.0000,0.0000,163,0,0,0,0,8,0,0,0,0
zc,TA301,2012-06-28 09:03:37.620,7174.0000,183388,2,0.0000,2.0000,2,0,双开,S,7174.0000,0.0000,0.0000,0.0000,0.0000,7176.0000,0.0000,0.0000,0.0000,0.0000,162,0,0,0,0,1,0,0,0,0
zc,TA301,2012-06-28 09:03:38.403,7178.0000,183388,0,0.0000,42.0000,21,21,多换,B,7174.0000,0.0000,0.0000,0.0000,0.0000,7178.0000,0.0000,0.0000,0.0000,0.0000,162,0,0,0,0,26,0,0,0,0
zc,TA301,2012-06-28 09:03:38.590,7178.0000,183388,0,0.0000,0.0000,0,0,多换,B,7174.0000,0.0000,0.0000,0.0000,0.0000,7178.0000,0.0000,0.0000,0.0000,0.0000,162,0,0,0,0,24,0,0,0,0
zc,TA301,2012-06-28 09:03:39.340,7178.0000,183388,0,0.0000,0.0000,0,0,多换,B,7174.0000,0.0000,0.0000,0.0000,0.0000,7178.0000,0.0000,0.0000,0.0000,0.0000,162,0,0,0,0,19,0,0,0,0
zc,TA301,2012-06-28 09:03:40.167,7174.0000,183388,0,0.0000,2.0000,1,1,空换,S,7174.0000,0.0000,0.0000,0.0000,0.0000,7178.0000,0.0000,0.0000,0.0000,0.0000,161,0,0,0,0,19,0,0,0,0
zc,TA301,2012-06-28 09:03:40.857,7178.0000,183400,12,0.0000,20.0000,16,4,多开,B,7178.0000,0.0000,0.0000,0.0000,0.0000,7180.0000,0.0000,0.0000,0.0000,0.0000,1,0,0,0,0,88,0,0,0,0
zc,TA301,2012-06-28 09:03:41.357,7178.0000,183402,2,0.0000,4.0000,3,1,多开,B,7178.0000,0.0000,0.0000,0.0000,0.0000,7180.0000,0.0000,0.0000,0.0000,0.0000,4,0,0,0,0,88,0,0,0,0
zc,TA301,2012-06-28 09:03:42.167,7178.0000,183494,92,0.0000,100.0000,96,4,多开,B,7174.0000,0.0000,0.0000,0.0000,0.0000,7180.0000,0.0000,0.0000,0.0000,0.0000,118,0,0,0,0,97,0,0,0,0
zc,TA301,2012-06-28 09:03:42.620,7178.0000,183494,0,0.0000,0.0000,0,0,多换,B,7174.0000,0.0000,0.0000,0.0000,0.0000,7178.0000,0.0000,0.0000,0.0000,0.0000,118,0,0,0,0,7,0,0,0,0
zc,TA301,2012-06-28 09:03:43.107,7180.0000,183514,20,0.0000,20.0000,20,0,双开,B,7174.0000,0.0000,0.0000,0.0000,0.0000,7178.0000,0.0000,0.0000,0.0000,0.0000,118,0,0,0,0,6,0,0,0,0
zc,TA301,2012-06-28 09:03:43.637,7176.0000,183596,82,0.0000,84.0000,83,1,空开,S,7176.0000,0.0000,0.0000,0.0000,0.0000,7178.0000,0.0000,0.0000,0.0000,0.0000,7,0,0,0,0,24,0,0,0,0
zc,TA301,2012-06-28 09:03:44.387,7178.0000,183602,6,0.0000,6.0000,6,0,双开,B,7176.0000,0.0000,0.0000,0.0000,0.0000,7178.0000,0.0000,0.0000,0.0000,0.0000,5,0,0,0,0,21,0,0,0,0
zc,TA301,2012-06-28 09:03:44.857,7176.0000,183612,10,0.0000,10.0000,10,0,双开,S,7174.0000,0.0000,0.0000,0.0000,0.0000,7176.0000,0.0000,0.0000,0.0000,0.0000,119,0,0,0,0,1,0,0,0,0
zc,TA301,2012-06-28 09:03:45.637,7176.0000,183648,36,0.0000,40.0000,38,2,空开,S,7174.0000,0.0000,0.0000,0.0000,0.0000,7176.0000,0.0000,0.0000,0.0000,0.0000,119,0,0,0,0,47,0,0,0,0
zc,TA301,2012-06-28 09:03:46.870,7176.0000,183670,22,0.0000,30.0000,26,4,空开,S,7174.0000,0.0000,0.0000,0.0000,0.0000,7176.0000,0.0000,0.0000,0.0000,0.0000,119,0,0,0,0,32,0,0,0,0
zc,TA301,2012-06-28 09:03:47.357,7174.0000,183676,6,0.0000,6.0000,6,0,双开,S,7174.0000,0.0000,0.0000,0.0000,0.0000,7176.0000,0.0000,0.0000,0.0000,0.0000,116,0,0,0,0,32,0,0,0,0
zc,TA301,2012-06-28 09:03:47.857,7176.0000,183686,10,0.0000,56.0000,33,23,多开,B,7174.0000,0.0000,0.0000,0.0000,0.0000,7178.0000,0.0000,0.0000,0.0000,0.0000,126,0,0,0,0,11,0,0,0,0
zc,TA301,2012-06-28 09:03:48.637,7176.0000,183686,0,0.0000,4.0000,2,2,多换,B,7174.0000,0.0000,0.0000,0.0000,0.0000,7178.0000,0.0000,0.0000,0.0000,0.0000,123,0,0,0,0,9,0,0,0,0
zc,TA301,2012-06-28 09:03:49.153,7176.0000,183686,0,0.0000,0.0000,0,0,多换,B,7176.0000,0.0000,0.0000,0.0000,0.0000,7178.0000,0.0000,0.0000,0.0000,0.0000,1,0,0,0,0,10,0,0,0,0
zc,TA301,2012-06-28 09:03:49.870,7176.0000,183684,-2,0.0000,2.0000,0,2,双平,B,7174.0000,0.0000,0.0000,0.0000,0.0000,7178.0000,0.0000,0.0000,0.0000,0.0000,124,0,0,0,0,23,0,0,0,0
zc,TA301,2012-06-28 09:03:50.387,7176.0000,183684,0,0.0000,0.0000,0,0,多换,B,7174.0000,0.0000,0.0000,0.0000,0.0000,7178.0000,0.0000,0.0000,0.0000,0.0000,123,0,0,0,0,23,0,0,0,0
zc,TA301,2012-06-28 09:03:51.120,7176.0000,183684,0,0.0000,2.0000,1,1,多换,B,7174.0000,0.0000,0.0000,0.0000,0.0000,7178.0000,0.0000,0.0000,0.0000,0.0000,124,0,0,0,0,24,0,0,0,0
zc,TA301,2012-06-28 09:03:51.590,7176.0000,183684,0,0.0000,0.0000,0,0,多换,B,7174.0000,0.0000,0.0000,0.0000,0.0000,7176.0000,0.0000,0.0000,0.0000,0.0000,123,0,0,0,0,1,0,0,0,0
zc,TA301,2012-06-28 09:03:52.120,7176.0000,183684,0,0.0000,0.0000,0,0,多换,B,7176.0000,0.0000,0.0000,0.0000,0.0000,7178.0000,0.0000,0.0000,0.0000,0.0000,2,0,0,0,0,24,0,0,0,0
zc,TA301,2012-06-28 09:03:52.620,7176.0000,183688,4,0.0000,4.0000,4,0,双开,B,7176.0000,0.0000,0.0000,0.0000,0.0000,7178.0000,0.0000,0.0000,0.0000,0.0000,1,0,0,0,0,23,0,0,0,0
zc,TA301,2012-06-28 09:03:53.357,7176.0000,183686,-2,0.0000,4.0000,1,3,空平,B,7174.0000,0.0000,0.0000,0.0000,0.0000,7178.0000,0.0000,0.0000,0.0000,0.0000,125,0,0,0,0,23,0,0,0,0
zc,TA301,2012-06-28 09:03:54.073,7176.0000,183686,0,0.0000,0.0000,0,0,多换,B,7174.0000,0.0000,0.0000,0.0000,0.0000,7178.0000,0.0000,0.0000,0.0000,0.0000,125,0,0,0,0,24,0,0,0,0
zc,TA301,2012-06-28 09:03:54.370,7176.0000,183686,0,0.0000,0.0000,0,0,多换,B,7176.0000,0.0000,0.0000,0.0000,0.0000,7178.0000,0.0000,0.0000,0.0000,0.0000,1,0,0,0,0,25,0,0,0,0
zc,TA301,2012-06-28 09:03:55.370,7178.0000,183688,2,0.0000,22.0000,12,10,多开,B,7174.0000,0.0000,0.0000,0.0000,0.0000,7178.0000,0.0000,0.0000,0.0000,0.0000,125,0,0,0,0,26,0,0,0,0
zc,TA301,2012-06-28 09:03:55.607,7176.0000,183690,2,0.0000,2.0000,2,0,双开,S,7174.0000,0.0000,0.0000,0.0000,0.0000,7176.0000,0.0000,0.0000,0.0000,0.0000,126,0,0,0,0,13,0,0,0,0
zc,TA301,2012-06-28 09:03:56.340,7176.0000,183690,0,0.0000,0.0000,0,0,空换,S,7174.0000,0.0000,0.0000,0.0000,0.0000,7176.0000,0.0000,0.0000,0.0000,0.0000,130,0,0,0,0,13,0,0,0,0
zc,TA301,2012-06-28 09:03:56.887,7176.0000,183692,2,0.0000,4.0000,3,1,空开,S,7174.0000,0.0000,0.0000,0.0000,0.0000,7176.0000,0.0000,0.0000,0.0000,0.0000,130,0,0,0,0,13,0,0,0,0
zc,TA301,2012-06-28 09:03:57.370,7176.0000,183696,4,0.0000,26.0000,15,11,空开,S,7174.0000,0.0000,0.0000,0.0000,0.0000,7178.0000,0.0000,0.0000,0.0000,0.0000,130,0,0,0,0,28,0,0,0,0
zc,TA301,2012-06-28 09:03:58.120,7178.0000,183698,2,0.0000,2.0000,2,0,双开,B,7176.0000,0.0000,0.0000,0.0000,0.0000,7178.0000,0.0000,0.0000,0.0000,0.0000,1,0,0,0,0,28,0,0,0,0
zc,TA301,2012-06-28 09:03:58.607,7176.0000,183702,4,0.0000,4.0000,4,0,双开,S,7174.0000,0.0000,0.0000,0.0000,0.0000,7176.0000,0.0000,0.0000,0.0000,0.0000,134,0,0,0,0,1,0,0,0,0
zc,TA301,2012-06-28 09:03:59.357,7176.0000,183708,6,0.0000,6.0000,6,0,双开,S,7174.0000,0.0000,0.0000,0.0000,0.0000,7176.0000,0.0000,0.0000,0.0000,0.0000,117,0,0,0,0,1,0,0,0,0
zc,TA301,2012-06-28 09:03:59.857,7176.0000,183708,0,0.0000,0.0000,0,0,空换,S,7174.0000,0.0000,0.0000,0.0000,0.0000,7176.0000,0.0000,0.0000,0.0000,0.0000,117,0,0,0,0,18,0,0,0,0
zc,TA301,2012-06-28 09:04:00.590,7174.0000,183712,4,0.0000,6.0000,5,1,空开,S,7174.0000,0.0000,0.0000,0.0000,0.0000,7176.0000,0.0000,0.0000,0.0000,0.0000,115,0,0,0,0,17,0,0,0,0
zc,TA301,2012-06-28 09:04:01.090,7174.0000,183712,0,0.0000,0.0000,0,0,空换,S,7174.0000,0.0000,0.0000,0.0000,0.0000,7176.0000,0.0000,0.0000,0.0000,0.0000,115,0,0,0,0,18,0,0,0,0
zc,TA301,2012-06-28 09:04:01.887,7176.0000,183716,4,0.0000,4.0000,4,0,双开,B,7174.0000,0.0000,0.0000,0.0000,0.0000,7176.0000,0.0000,0.0000,0.0000,0.0000,118,0,0,0,0,1,0,0,0,0
zc,TA301,2012-06-28 09:04:02.340,7176.0000,183716,0,0.0000,4.0000,2,2,多换,B,7174.0000,0.0000,0.0000,0.0000,0.0000,7176.0000,0.0000,0.0000,0.0000,0.0000,118,0,0,0,0,6,0,0,0,0
zc,TA301,2012-06-28 09:04:03.153,7176.0000,183712,-4,0.0000,22.0000,9,13,空平,B,7176.0000,0.0000,0.0000,0.0000,0.0000,7178.0000,0.0000,0.0000,0.0000,0.0000,3,0,0,0,0,27,0,0,0,0
zc,TA301,2012-06-28 09:04:03.607,7178.0000,183726,14,0.0000,22.0000,18,4,多开,B,7176.0000,0.0000,0.0000,0.0000,0.0000,7178.0000,0.0000,0.0000,0.0000,0.0000,4,0,0,0,0,39,0,0,0,0
zc,TA301,2012-06-28 09:04:04.387,7178.0000,183726,0,0.0000,0.0000,0,0,多换,B,7176.0000,0.0000,0.0000,0.0000,0.0000,7178.0000,0.0000,0.0000,0.0000,0.0000,5,0,0,0,0,22,0,0,0,0
zc,TA301,2012-06-28 09:04:04.620,7178.0000,183716,-10,0.0000,10.0000,0,10,双平,B,7176.0000,0.0000,0.0000,0.0000,0.0000,7178.0000,0.0000,0.0000,0.0000,0.0000,5,0,0,0,0,18,0,0,0,0
zc,TA301,2012-06-28 09:04:05.370,7176.0000,183716,0,0.0000,2.0000,1,1,空换,S,7176.0000,0.0000,0.0000,0.0000,0.0000,7178.0000,0.0000,0.0000,0.0000,0.0000,4,0,0,0,0,21,0,0,0,0
zc,TA301,2012-06-28 09:04:05.857,7176.0000,183716,0,0.0000,2.0000,1,1,空换,S,7176.0000,0.0000,0.0000,0.0000,0.0000,7178.0000,0.0000,0.0000,0.0000,0.0000,3,0,0,0,0,22,0,0,0,0
zc,TA301,2012-06-28 09:04:06.620,7178.0000,183716,0,0.0000,2.0000,1,1,多换,B,7176.0000,0.0000,0.0000,0.0000,0.0000,7178.0000,0.0000,0.0000,0.0000,0.0000,8,0,0,0,0,21,0,0,0,0
zc,TA301,2012-06-28 09:04:07.090,7178.0000,183716,0,0.0000,0.0000,0,0,多换,B,7176.0000,0.0000,0.0000,0.0000,0.0000,7178.0000,0.0000,0.0000,0.0000,0.0000,18,0,0,0,0,21,0,0,0,0
zc,TA301,2012-06-28 09:04:07.620,7176.0000,183718,2,0.0000,6.0000,4,2,空开,S,7176.0000,0.0000,0.0000,0.0000,0.0000,7178.0000,0.0000,0.0000,0.0000,0.0000,35,0,0,0,0,19,0,0,0,0
zc,TA301,2012-06-28 09:04:08.323,7176.0000,183718,0,0.0000,0.0000,0,0,空换,S,7176.0000,0.0000,0.0000,0.0000,0.0000,7178.0000,0.0000,0.0000,0.0000,0.0000,37,0,0,0,0,19,0,0,0,0
zc,TA301,2012-06-28 09:04:08.857,7176.0000,183718,0,0.0000,0.0000,0,0,空换,S,7176.0000,0.0000,0.0000,0.0000,0.0000,7178.0000,0.0000,0.0000,0.0000,0.0000,37,0,0,0,0,20,0,0,0,0
zc,TA301,2012-06-28 09:04:09.590,7176.0000,183718,0,0.0000,4.0000,2,2,空换,S,7176.0000,0.0000,0.0000,0.0000,0.0000,7178.0000,0.0000,0.0000,0.0000,0.0000,35,0,0,0,0,20,0,0,0,0
zc,TA301,2012-06-28 09:04:09.887,7176.0000,183718,0,0.0000,0.0000,0,0,空换,S,7176.0000,0.0000,0.0000,0.0000,0.0000,7178.0000,0.0000,0.0000,0.0000,0.0000,36,0,0,0,0,19,0,0,0,0
zc,TA301,2012-06-28 09:04:10.607,7176.0000,183716,-2,0.0000,2.0000,0,2,双平,S,7176.0000,0.0000,0.0000,0.0000,0.0000,7178.0000,0.0000,0.0000,0.0000,0.0000,35,0,0,0,0,21,0,0,0,0
zc,TA301,2012-06-28 09:04:11.107,7178.0000,183714,-2,0.0000,2.0000,0,2,双平,B,7176.0000,0.0000,0.0000,0.0000,0.0000,7178.0000,0.0000,0.0000,0.0000,0.0000,35,0,0,0,0,20,0,0,0,0
zc,TA301,2012-06-28 09:04:12.370,7178.0000,183714,0,0.0000,0.0000,0,0,多换,B,7176.0000,0.0000,0.0000,0.0000,0.0000,7178.0000,0.0000,0.0000,0.0000,0.0000,37,0,0,0,0,20,0,0,0,0
zc,TA301,2012-06-28 09:04:12.823,7178.0000,183714,0,0.0000,0.0000,0,0,多换,B,7176.0000,0.0000,0.0000,0.0000,0.0000,7178.0000,0.0000,0.0000,0.0000,0.0000,38,0,0,0,0,21,0,0,0,0
zc,TA301,2012-06-28 09:04:13.637,7178.0000,183714,0,0.0000,0.0000,0,0,多换,B,7176.0000,0.0000,0.0000,0.0000,0.0000,7178.0000,0.0000,0.0000,0.0000,0.0000,18,0,0,0,0,21,0,0,0,0
zc,TA301,2012-06-28 09:04:14.120,7176.0000,183656,-58,0.0000,94.0000,18,76,多平,S,7174.0000,0.0000,0.0000,0.0000,0.0000,7176.0000,0.0000,0.0000,0.0000,0.0000,123,0,0,0,0,4,0,0,0,0
zc,TA301,2012-06-28 09:04:14.870,7176.0000,183652,-4,0.0000,6.0000,1,5,多平,S,7174.0000,0.0000,0.0000,0.0000,0.0000,7176.0000,0.0000,0.0000,0.0000,0.0000,131,0,0,0,0,1,0,0,0,0
zc,TA301,2012-06-28 09:04:15.357,7178.0000,183652,0,0.0000,10.0000,5,5,多换,B,7176.0000,0.0000,0.0000,0.0000,0.0000,7178.0000,0.0000,0.0000,0.0000,0.0000,2,0,0,0,0,16,0,0,0,0
zc,TA301,2012-06-28 09:04:16.107,7178.0000,183642,-10,0.0000,16.0000,3,13,空平,B,7174.0000,0.0000,0.0000,0.0000,0.0000,7178.0000,0.0000,0.0000,0.0000,0.0000,130,0,0,0,0,8,0,0,0,0
zc,TA301,2012-06-28 09:04:16.590,7178.0000,183644,2,0.0000,8.0000,5,3,多开,B,7174.0000,0.0000,0.0000,0.0000,0.0000,7176.0000,0.0000,0.0000,0.0000,0.0000,130,0,0,0,0,1,0,0,0,0
zc,TA301,2012-06-28 09:04:17.107,7178.0000,183640,-4,0.0000,10.0000,3,7,空平,B,7178.0000,0.0000,0.0000,0.0000,0.0000,7180.0000,0.0000,0.0000,0.0000,0.0000,15,0,0,0,0,80,0,0,0,0
zc,TA301,2012-06-28 09:04:17.573,7178.0000,183640,0,0.0000,0.0000,0,0,多换,B,7178.0000,0.0000,0.0000,0.0000,0.0000,7180.0000,0.0000,0.0000,0.0000,0.0000,15,0,0,0,0,79,0,0,0,0
zc,TA301,2012-06-28 09:04:18.357,7180.0000,183646,6,0.0000,12.0000,9,3,多开,B,7178.0000,0.0000,0.0000,0.0000,0.0000,7180.0000,0.0000,0.0000,0.0000,0.0000,15,0,0,0,0,72,0,0,0,0
zc,TA301,2012-06-28 09:04:18.870,7178.0000,183646,0,0.0000,6.0000,3,3,空换,S,7178.0000,0.0000,0.0000,0.0000,0.0000,7180.0000,0.0000,0.0000,0.0000,0.0000,12,0,0,0,0,75,0,0,0,0
zc,TA301,2012-06-28 09:04:19.370,7178.0000,183646,0,0.0000,16.0000,8,8,空换,S,7178.0000,0.0000,0.0000,0.0000,0.0000,7180.0000,0.0000,0.0000,0.0000,0.0000,4,0,0,0,0,75,0,0,0,0
zc,TA301,2012-06-28 09:04:20.403,7178.0000,183644,-2,0.0000,2.0000,0,2,双平,S,7178.0000,0.0000,0.0000,0.0000,0.0000,7180.0000,0.0000,0.0000,0.0000,0.0000,3,0,0,0,0,74,0,0,0,0
zc,TA301,2012-06-28 09:04:21.607,7178.0000,183652,8,0.0000,24.0000,16,8,空开,S,7178.0000,0.0000,0.0000,0.0000,0.0000,7180.0000,0.0000,0.0000,0.0000,0.0000,1,0,0,0,0,64,0,0,0,0
zc,TA301,2012-06-28 09:04:22.137,7178.0000,183650,-2,0.0000,4.0000,1,3,多平,S,7176.0000,0.0000,0.0000,0.0000,0.0000,7180.0000,0.0000,0.0000,0.0000,0.0000,9,0,0,0,0,64,0,0,0,0
zc,TA301,2012-06-28 09:04:22.870,7178.0000,183650,0,0.0000,2.0000,1,1,空换,S,7178.0000,0.0000,0.0000,0.0000,0.0000,7180.0000,0.0000,0.0000,0.0000,0.0000,7,0,0,0,0,64,0,0,0,0
zc,TA301,2012-06-28 09:04:23.340,7180.0000,183650,0,0.0000,6.0000,3,3,多换,B,7178.0000,0.0000,0.0000,0.0000,0.0000,7180.0000,0.0000,0.0000,0.0000,0.0000,11,0,0,0,0,62,0,0,0,0
zc,TA301,2012-06-28 09:04:24.403,7180.0000,183606,-44,0.0000,126.0000,41,85,空平,B,7180.0000,0.0000,0.0000,0.0000,0.0000,7182.0000,0.0000,0.0000,0.0000,0.0000,6,0,0,0,0,367,0,0,0,0
zc,TA301,2012-06-28 09:04:25.137,7180.0000,183586,-20,0.0000,20.0000,0,20,双平,B,7180.0000,0.0000,0.0000,0.0000,0.0000,7182.0000,0.0000,0.0000,0.0000,0.0000,1,0,0,0,0,367,0,0,0,0
zc,TA301,2012-06-28 09:04:25.620,7182.0000,183568,-18,0.0000,22.0000,2,20,空平,B,7180.0000,0.0000,0.0000,0.0000,0.0000,7182.0000,0.0000,0.0000,0.0000,0.0000,2,0,0,0,0,356,0,0,0,0
zc,TA301,2012-06-28 09:04:26.370,7182.0000,183568,0,0.0000,6.0000,3,3,多换,B,7180.0000,0.0000,0.0000,0.0000,0.0000,7182.0000,0.0000,0.0000,0.0000,0.0000,9,0,0,0,0,353,0,0,0,0
zc,TA301,2012-06-28 09:04:26.857,7182.0000,183568,0,0.0000,10.0000,5,5,多换,B,7180.0000,0.0000,0.0000,0.0000,0.0000,7182.0000,0.0000,0.0000,0.0000,0.0000,10,0,0,0,0,348,0,0,0,0
zc,TA301,2012-06-28 09:04:27.357,7182.0000,183526,-42,0.0000,42.0000,0,42,双平,B,7180.0000,0.0000,0.0000,0.0000,0.0000,7182.0000,0.0000,0.0000,0.0000,0.0000,34,0,0,0,0,329,0,0,0,0
zc,TA301,2012-06-28 09:04:28.090,7182.0000,183388,-138,0.0000,152.0000,7,145,空平,B,7180.0000,0.0000,0.0000,0.0000,0.0000,7182.0000,0.0000,0.0000,0.0000,0.0000,25,0,0,0,0,258,0,0,0,0
zc,TA301,2012-06-28 09:04:28.620,7182.0000,183346,-42,0.0000,66.0000,12,54,空平,B,7180.0000,0.0000,0.0000,0.0000,0.0000,7182.0000,0.0000,0.0000,0.0000,0.0000,11,0,0,0,0,225,0,0,0,0
zc,TA301,2012-06-28 09:04:29.340,7182.0000,183346,0,0.0000,2.0000,1,1,多换,B,7180.0000,0.0000,0.0000,0.0000,0.0000,7182.0000,0.0000,0.0000,0.0000,0.0000,13,0,0,0,0,224,0,0,0,0
zc,TA301,2012-06-28 09:04:29.857,7182.0000,183344,-2,0.0000,22.0000,10,12,空平,B,7180.0000,0.0000,0.0000,0.0000,0.0000,7182.0000,0.0000,0.0000,0.0000,0.0000,12,0,0,0,0,214,0,0,0,0
zc,TA301,2012-06-28 09:04:30.357,7182.0000,183342,-2,0.0000,6.0000,2,4,空平,B,7180.0000,0.0000,0.0000,0.0000,0.0000,7182.0000,0.0000,0.0000,0.0000,0.0000,12,0,0,0,0,211,0,0,0,0
zc,TA301,2012-06-28 09:04:30.887,7182.0000,183342,0,0.0000,28.0000,14,14,多换,B,7180.0000,0.0000,0.0000,0.0000,0.0000,7182.0000,0.0000,0.0000,0.0000,0.0000,13,0,0,0,0,199,0,0,0,0
zc,TA301,2012-06-28 09:04:31.607,7182.0000,183342,0,0.0000,20.0000,10,10,多换,B,7180.0000,0.0000,0.0000,0.0000,0.0000,7182.0000,0.0000,0.0000,0.0000,0.0000,13,0,0,0,0,189,0,0,0,0
zc,TA301,2012-06-28 09:04:32.107,7182.0000,183342,0,0.0000,2.0000,1,1,多换,B,7180.0000,0.0000,0.0000,0.0000,0.0000,7182.0000,0.0000,0.0000,0.0000,0.0000,12,0,0,0,0,188,0,0,0,0
zc,TA301,2012-06-28 09:04:32.590,7182.0000,183342,0,0.0000,0.0000,0,0,多换,B,7180.0000,0.0000,0.0000,0.0000,0.0000,7182.0000,0.0000,0.0000,0.0000,0.0000,8,0,0,0,0,188,0,0,0,0
zc,TA301,2012-06-28 09:04:33.357,7180.0000,183336,-6,0.0000,20.0000,7,13,多平,S,7178.0000,0.0000,0.0000,0.0000,0.0000,7180.0000,0.0000,0.0000,0.0000,0.0000,8,0,0,0,0,7,0,0,0,0
zc,TA301,2012-06-28 09:04:33.840,7180.0000,183332,-4,0.0000,6.0000,1,5,多平,S,7178.0000,0.0000,0.0000,0.0000,0.0000,7180.0000,0.0000,0.0000,0.0000,0.0000,14,0,0,0,0,7,0,0,0,0
zc,TA301,2012-06-28 09:04:34.340,7180.0000,183328,-4,0.0000,4.0000,0,4,双平,S,7178.0000,0.0000,0.0000,0.0000,0.0000,7180.0000,0.0000,0.0000,0.0000,0.0000,14,0,0,0,0,8,0,0,0,0
zc,TA301,2012-06-28 09:04:35.090,7180.0000,183338,10,0.0000,16.0000,13,3,空开,S,7178.0000,0.0000,0.0000,0.0000,0.0000,7180.0000,0.0000,0.0000,0.0000,0.0000,15,0,0,0,0,8,0,0,0,0
zc,TA301,2012-06-28 09:04:35.903,7180.0000,183338,0,0.0000,0.0000,0,0,空换,S,7178.0000,0.0000,0.0000,0.0000,0.0000,7180.0000,0.0000,0.0000,0.0000,0.0000,16,0,0,0,0,8,0,0,0,0
zc,TA301,2012-06-28 09:04:36.120,7182.0000,183338,0,0.0000,20.0000,10,10,多换,B,7180.0000,0.0000,0.0000,0.0000,0.0000,7182.0000,0.0000,0.0000,0.0000,0.0000,2,0,0,0,0,186,0,0,0,0
zc,TA301,2012-06-28 09:04:36.870,7182.0000,183310,-28,0.0000,32.0000,2,30,空平,B,7180.0000,0.0000,0.0000,0.0000,0.0000,7182.0000,0.0000,0.0000,0.0000,0.0000,22,0,0,0,0,171,0,0,0,0
zc,TA301,2012-06-28 09:04:37.370,7182.0000,183310,0,0.0000,2.0000,1,1,多换,B,7180.0000,0.0000,0.0000,0.0000,0.0000,7182.0000,0.0000,0.0000,0.0000,0.0000,25,0,0,0,0,170,0,0,0,0
zc,TA301,2012-06-28 09:04:38.357,7182.0000,183310,0,0.0000,4.0000,2,2,多换,B,7180.0000,0.0000,0.0000,0.0000,0.0000,7182.0000,0.0000,0.0000,0.0000,0.0000,30,0,0,0,0,179,0,0,0,0
zc,TA301,2012-06-28 09:04:38.620,7182.0000,183248,-62,0.0000,62.0000,0,62,双平,B,7180.0000,0.0000,0.0000,0.0000,0.0000,7182.0000,0.0000,0.0000,0.0000,0.0000,36,0,0,0,0,149,0,0,0,0
zc,TA301,2012-06-28 09:04:39.307,7182.0000,183108,-140,0.0000,162.0000,11,151,空平,B,7180.0000,0.0000,0.0000,0.0000,0.0000,7182.0000,0.0000,0.0000,0.0000,0.0000,25,0,0,0,0,68,0,0,0,0
zc,TA301,2012-06-28 09:04:39.840,7182.0000,183108,0,0.0000,94.0000,47,47,多换,B,7180.0000,0.0000,0.0000,0.0000,0.0000,7182.0000,0.0000,0.0000,0.0000,0.0000,35,0,0,0,0,21,0,0,0,0
zc,TA301,2012-06-28 09:04:40.590,7182.0000,183108,0,0.0000,2.0000,1,1,多换,B,7180.0000,0.0000,0.0000,0.0000,0.0000,7182.0000,0.0000,0.0000,0.0000,0.0000,35,0,0,0,0,20,0,0,0,0
zc,TA301,2012-06-28 09:04:41.120,7180.0000,183112,4,0.0000,10.0000,7,3,空开,S,7180.0000,0.0000,0.0000,0.0000,0.0000,7182.0000,0.0000,0.0000,0.0000,0.0000,34,0,0,0,0,17,0,0,0,0
zc,TA301,2012-06-28 09:04:41.590,7182.0000,183130,18,0.0000,30.0000,24,6,多开,B,7180.0000,0.0000,0.0000,0.0000,0.0000,7182.0000,0.0000,0.0000,0.0000,0.0000,34,0,0,0,0,2,0,0,0,0
zc,TA301,2012-06-28 09:04:42.340,7182.0000,183130,0,0.0000,0.0000,0,0,多换,B,7180.0000,0.0000,0.0000,0.0000,0.0000,7182.0000,0.0000,0.0000,0.0000,0.0000,34,0,0,0,0,4,0,0,0,0
zc,TA301,2012-06-28 09:04:42.870,7180.0000,183132,2,0.0000,10.0000,6,4,空开,S,7180.0000,0.0000,0.0000,0.0000,0.0000,7182.0000,0.0000,0.0000,0.0000,0.0000,32,0,0,0,0,22,0,0,0,0
zc,TA301,2012-06-28 09:04:43.340,7182.0000,183132,0,0.0000,8.0000,4,4,多换,B,7180.0000,0.0000,0.0000,0.0000,0.0000,7182.0000,0.0000,0.0000,0.0000,0.0000,32,0,0,0,0,18,0,0,0,0
zc,TA301,2012-06-28 09:04:43.823,7182.0000,183132,0,0.0000,2.0000,1,1,多换,B,7180.0000,0.0000,0.0000,0.0000,0.0000,7182.0000,0.0000,0.0000,0.0000,0.0000,34,0,0,0,0,17,0,0,0,0
zc,TA301,2012-06-28 09:04:44.607,7182.0000,183124,-8,0.0000,24.0000,8,16,空平,B,7180.0000,0.0000,0.0000,0.0000,0.0000,7182.0000,0.0000,0.0000,0.0000,0.0000,33,0,0,0,0,23,0,0,0,0
zc,TA301,2012-06-28 09:04:45.107,7180.0000,183122,-2,0.0000,6.0000,2,4,多平,S,7180.0000,0.0000,0.0000,0.0000,0.0000,7182.0000,0.0000,0.0000,0.0000,0.0000,37,0,0,0,0,21,0,0,0,0
zc,TA301,2012-06-28 09:04:45.573,7182.0000,183118,-4,0.0000,6.0000,1,5,空平,B,7180.0000,0.0000,0.0000,0.0000,0.0000,7182.0000,0.0000,0.0000,0.0000,0.0000,37,0,0,0,0,18,0,0,0,0
zc,TA301,2012-06-28 09:04:46.370,7182.0000,183116,-2,0.0000,18.0000,8,10,空平,B,7180.0000,0.0000,0.0000,0.0000,0.0000,7182.0000,0.0000,0.0000,0.0000,0.0000,44,0,0,0,0,9,0,0,0,0
zc,TA301,2012-06-28 09:04:46.857,7182.0000,183112,-4,0.0000,4.0000,0,4,双平,B,7180.0000,0.0000,0.0000,0.0000,0.0000,7182.0000,0.0000,0.0000,0.0000,0.0000,46,0,0,0,0,7,0,0,0,0
zc,TA301,2012-06-28 09:04:47.370,7182.0000,183126,14,0.0000,34.0000,24,10,多开,B,7182.0000,0.0000,0.0000,0.0000,0.0000,7184.0000,0.0000,0.0000,0.0000,0.0000,15,0,0,0,0,6,0,0,0,0
zc,TA301,2012-06-28 09:04:47.807,7182.0000,183128,2,0.0000,2.0000,2,0,双开,B,7182.0000,0.0000,0.0000,0.0000,0.0000,7184.0000,0.0000,0.0000,0.0000,0.0000,15,0,0,0,0,6,0,0,0,0
zc,TA301,2012-06-28 09:04:48.573,7182.0000,183128,0,0.0000,4.0000,2,2,多换,B,7182.0000,0.0000,0.0000,0.0000,0.0000,7184.0000,0.0000,0.0000,0.0000,0.0000,13,0,0,0,0,7,0,0,0,0
zc,TA301,2012-06-28 09:04:49.137,7186.0000,183126,-2,0.0000,18.0000,8,10,空平,B,7184.0000,0.0000,0.0000,0.0000,0.0000,7186.0000,0.0000,0.0000,0.0000,0.0000,15,0,0,0,0,41,0,0,0,0
zc,TA301,2012-06-28 09:04:49.823,7186.0000,183130,4,0.0000,4.0000,4,0,双开,B,7184.0000,0.0000,0.0000,0.0000,0.0000,7186.0000,0.0000,0.0000,0.0000,0.0000,15,0,0,0,0,39,0,0,0,0
zc,TA301,2012-06-28 09:04:50.433,7186.0000,183132,2,0.0000,2.0000,2,0,双开,B,7184.0000,0.0000,0.0000,0.0000,0.0000,7186.0000,0.0000,0.0000,0.0000,0.0000,21,0,0,0,0,40,0,0,0,0
zc,TA301,2012-06-28 09:04:51.107,7184.0000,183134,2,0.0000,6.0000,4,2,空开,S,7184.0000,0.0000,0.0000,0.0000,0.0000,7186.0000,0.0000,0.0000,0.0000,0.0000,20,0,0,0,0,37,0,0,0,0
zc,TA301,2012-06-28 09:04:51.857,7184.0000,183134,0,0.0000,12.0000,6,6,空换,S,7184.0000,0.0000,0.0000,0.0000,0.0000,7186.0000,0.0000,0.0000,0.0000,0.0000,15,0,0,0,0,36,0,0,0,0
zc,TA301,2012-06-28 09:04:52.370,7186.0000,183128,-6,0.0000,6.0000,0,6,双平,B,7184.0000,0.0000,0.0000,0.0000,0.0000,7186.0000,0.0000,0.0000,0.0000,0.0000,15,0,0,0,0,35,0,0,0,0
zc,TA301,2012-06-28 09:04:52.857,7184.0000,183140,12,0.0000,54.0000,33,21,空开,S,7184.0000,0.0000,0.0000,0.0000,0.0000,7186.0000,0.0000,0.0000,0.0000,0.0000,3,0,0,0,0,20,0,0,0,0
zc,TA301,2012-06-28 09:04:53.357,7184.0000,183148,8,0.0000,10.0000,9,1,空开,S,7182.0000,0.0000,0.0000,0.0000,0.0000,7184.0000,0.0000,0.0000,0.0000,0.0000,74,0,0,0,0,1,0,0,0,0
zc,TA301,2012-06-28 09:04:54.107,7184.0000,183232,84,0.0000,110.0000,97,13,空开,S,7182.0000,0.0000,0.0000,0.0000,0.0000,7184.0000,0.0000,0.0000,0.0000,0.0000,74,0,0,0,0,17,0,0,0,0
zc,TA301,2012-06-28 09:04:54.590,7184.0000,183228,-4,0.0000,6.0000,1,5,多平,S,7182.0000,0.0000,0.0000,0.0000,0.0000,7184.0000,0.0000,0.0000,0.0000,0.0000,74,0,0,0,0,1,0,0,0,0
zc,TA301,2012-06-28 09:04:55.340,7184.0000,183228,0,0.0000,20.0000,10,10,空换,S,7182.0000,0.0000,0.0000,0.0000,0.0000,7184.0000,0.0000,0.0000,0.0000,0.0000,76,0,0,0,0,1,0,0,0,0
zc,TA301,2012-06-28 09:04:55.887,7184.0000,183228,0,0.0000,22.0000,11,11,空换,S,7184.0000,0.0000,0.0000,0.0000,0.0000,7186.0000,0.0000,0.0000,0.0000,0.0000,1,0,0,0,0,17,0,0,0,0
zc,TA301,2012-06-28 09:04:56.607,7184.0000,183232,4,0.0000,6.0000,5,1,空开,S,7184.0000,0.0000,0.0000,0.0000,0.0000,7186.0000,0.0000,0.0000,0.0000,0.0000,98,0,0,0,0,17,0,0,0,0
zc,TA301,2012-06-28 09:04:57.120,7186.0000,183214,-18,0.0000,46.0000,14,32,空平,B,7184.0000,0.0000,0.0000,0.0000,0.0000,7186.0000,0.0000,0.0000,0.0000,0.0000,100,0,0,0,0,12,0,0,0,0
zc,TA301,2012-06-28 09:04:57.590,7186.0000,183214,0,0.0000,0.0000,0,0,多换,B,7184.0000,0.0000,0.0000,0.0000,0.0000,7186.0000,0.0000,0.0000,0.0000,0.0000,120,0,0,0,0,12,0,0,0,0
zc,TA301,2012-06-28 09:04:58.370,7186.0000,183228,14,0.0000,18.0000,16,2,多开,B,7184.0000,0.0000,0.0000,0.0000,0.0000,7186.0000,0.0000,0.0000,0.0000,0.0000,124,0,0,0,0,5,0,0,0,0
zc,TA301,2012-06-28 09:04:58.870,7186.0000,183230,2,0.0000,4.0000,3,1,多开,B,7184.0000,0.0000,0.0000,0.0000,0.0000,7186.0000,0.0000,0.0000,0.0000,0.0000,123,0,0,0,0,5,0,0,0,0
zc,TA301,2012-06-28 09:04:59.357,7186.0000,183238,8,0.0000,30.0000,19,11,多开,B,7186.0000,0.0000,0.0000,0.0000,0.0000,7188.0000,0.0000,0.0000,0.0000,0.0000,6,0,0,0,0,240,0,0,0,0
zc,TA301,2012-06-28 09:05:00.153,7186.0000,183250,12,0.0000,14.0000,13,1,多开,B,7186.0000,0.0000,0.0000,0.0000,0.0000,7188.0000,0.0000,0.0000,0.0000,0.0000,1,0,0,0,0,241,0,0,0,0
zc,TA301,2012-06-28 09:05:00.590,7184.0000,183252,2,0.0000,8.0000,5,3,空开,S,7184.0000,0.0000,0.0000,0.0000,0.0000,7186.0000,0.0000,0.0000,0.0000,0.0000,111,0,0,0,0,81,0,0,0,0
zc,TA301,2012-06-28 09:05:01.090,7186.0000,183254,2,0.0000,10.0000,6,4,多开,B,7184.0000,0.0000,0.0000,0.0000,0.0000,7186.0000,0.0000,0.0000,0.0000,0.0000,111,0,0,0,0,251,0,0,0,0
zc,TA301,2012-06-28 09:05:01.823,7186.0000,183258,4,0.0000,14.0000,9,5,多开,B,7184.0000,0.0000,0.0000,0.0000,0.0000,7186.0000,0.0000,0.0000,0.0000,0.0000,111,0,0,0,0,261,0,0,0,0
zc,TA301,2012-06-28 09:05:02.323,7186.0000,183282,24,0.0000,28.0000,26,2,多开,B,7184.0000,0.0000,0.0000,0.0000,0.0000,7186.0000,0.0000,0.0000,0.0000,0.0000,111,0,0,0,0,250,0,0,0,0
zc,TA301,2012-06-28 09:05:03.090,7186.0000,183288,6,0.0000,12.0000,9,3,多开,B,7184.0000,0.0000,0.0000,0.0000,0.0000,7186.0000,0.0000,0.0000,0.0000,0.0000,111,0,0,0,0,248,0,0,0,0
zc,TA301,2012-06-28 09:05:03.573,7186.0000,183288,0,0.0000,0.0000,0,0,多换,B,7184.0000,0.0000,0.0000,0.0000,0.0000,7186.0000,0.0000,0.0000,0.0000,0.0000,111,0,0,0,0,250,0,0,0,0
zc,TA301,2012-06-28 09:05:05.370,7186.0000,183288,0,0.0000,0.0000,0,0,多换,B,7184.0000,0.0000,0.0000,0.0000,0.0000,7186.0000,0.0000,0.0000,0.0000,0.0000,112,0,0,0,0,251,0,0,0,0
zc,TA301,2012-06-28 09:05:06.107,7186.0000,183290,2,0.0000,6.0000,4,2,多开,B,7184.0000,0.0000,0.0000,0.0000,0.0000,7186.0000,0.0000,0.0000,0.0000,0.0000,110,0,0,0,0,248,0,0,0,0
zc,TA301,2012-06-28 09:05:06.620,7186.0000,183270,-20,0.0000,22.0000,1,21,空平,B,7184.0000,0.0000,0.0000,0.0000,0.0000,7186.0000,0.0000,0.0000,0.0000,0.0000,110,0,0,0,0,237,0,0,0,0
zc,TA301,2012-06-28 09:05:07.073,7184.0000,183272,2,0.0000,8.0000,5,3,空开,S,7184.0000,0.0000,0.0000,0.0000,0.0000,7186.0000,0.0000,0.0000,0.0000,0.0000,111,0,0,0,0,186,0,0,0,0
zc,TA301,2012-06-28 09:05:07.573,7186.0000,183268,-4,0.0000,6.0000,1,5,空平,B,7184.0000,0.0000,0.0000,0.0000,0.0000,7186.0000,0.0000,0.0000,0.0000,0.0000,109,0,0,0,0,183,0,0,0,0
zc,TA301,2012-06-28 09:05:08.323,7186.0000,183256,-12,0.0000,12.0000,0,12,双平,B,7184.0000,0.0000,0.0000,0.0000,0.0000,7186.0000,0.0000,0.0000,0.0000,0.0000,109,0,0,0,0,177,0,0,0,0
zc,TA301,2012-06-28 09:05:08.870,7186.0000,183256,0,0.0000,12.0000,6,6,多换,B,7184.0000,0.0000,0.0000,0.0000,0.0000,7186.0000,0.0000,0.0000,0.0000,0.0000,111,0,0,0,0,172,0,0,0,0
zc,TA301,2012-06-28 09:05:09.370,7186.0000,183242,-14,0.0000,30.0000,8,22,空平,B,7184.0000,0.0000,0.0000,0.0000,0.0000,7186.0000,0.0000,0.0000,0.0000,0.0000,107,0,0,0,0,173,0,0,0,0
zc,TA301,2012-06-28 09:05:10.107,7184.0000,183244,2,0.0000,2.0000,2,0,双开,S,7184.0000,0.0000,0.0000,0.0000,0.0000,7186.0000,0.0000,0.0000,0.0000,0.0000,106,0,0,0,0,173,0,0,0,0
zc,TA301,2012-06-28 09:05:10.573,7186.0000,183242,-2,0.0000,14.0000,6,8,空平,B,7184.0000,0.0000,0.0000,0.0000,0.0000,7186.0000,0.0000,0.0000,0.0000,0.0000,102,0,0,0,0,171,0,0,0,0
zc,TA301,2012-06-28 09:05:11.357,7184.0000,183242,0,0.0000,20.0000,10,10,空换,S,7184.0000,0.0000,0.0000,0.0000,0.0000,7186.0000,0.0000,0.0000,0.0000,0.0000,94,0,0,0,0,169,0,0,0,0
zc,TA301,2012-06-28 09:05:11.857,7184.0000,183244,2,0.0000,2.0000,2,0,双开,S,7184.0000,0.0000,0.0000,0.0000,0.0000,7186.0000,0.0000,0.0000,0.0000,0.0000,92,0,0,0,0,169,0,0,0,0
zc,TA301,2012-06-28 09:05:12.323,7186.0000,183244,0,0.0000,2.0000,1,1,多换,B,7184.0000,0.0000,0.0000,0.0000,0.0000,7186.0000,0.0000,0.0000,0.0000,0.0000,92,0,0,0,0,168,0,0,0,0
zc,TA301,2012-06-28 09:05:12.857,7186.0000,183214,-30,0.0000,34.0000,2,32,空平,B,7184.0000,0.0000,0.0000,0.0000,0.0000,7186.0000,0.0000,0.0000,0.0000,0.0000,91,0,0,0,0,155,0,0,0,0
zc,TA301,2012-06-28 09:05:13.573,7184.0000,183214,0,0.0000,2.0000,1,1,空换,S,7184.0000,0.0000,0.0000,0.0000,0.0000,7186.0000,0.0000,0.0000,0.0000,0.0000,90,0,0,0,0,155,0,0,0,0
zc,TA301,2012-06-28 09:05:14.073,7184.0000,183214,0,0.0000,6.0000,3,3,空换,S,7184.0000,0.0000,0.0000,0.0000,0.0000,7186.0000,0.0000,0.0000,0.0000,0.0000,87,0,0,0,0,152,0,0,0,0
zc,TA301,2012-06-28 09:05:14.557,7184.0000,183254,40,0.0000,40.0000,40,0,双开,S,7184.0000,0.0000,0.0000,0.0000,0.0000,7186.0000,0.0000,0.0000,0.0000,0.0000,67,0,0,0,0,152,0,0,0,0
zc,TA301,2012-06-28 09:05:15.387,7184.0000,183254,0,0.0000,28.0000,14,14,空换,S,7184.0000,0.0000,0.0000,0.0000,0.0000,7186.0000,0.0000,0.0000,0.0000,0.0000,55,0,0,0,0,152,0,0,0,0
zc,TA301,2012-06-28 09:05:15.887,7184.0000,183254,0,0.0000,4.0000,2,2,空换,S,7184.0000,0.0000,0.0000,0.0000,0.0000,7186.0000,0.0000,0.0000,0.0000,0.0000,54,0,0,0,0,151,0,0,0,0
zc,TA301,2012-06-28 09:05:16.590,7184.0000,183264,10,0.0000,14.0000,12,2,空开,S,7184.0000,0.0000,0.0000,0.0000,0.0000,7186.0000,0.0000,0.0000,0.0000,0.0000,47,0,0,0,0,151,0,0,0,0
zc,TA301,2012-06-28 09:05:17.057,7184.0000,183264,0,0.0000,8.0000,4,4,空换,S,7184.0000,0.0000,0.0000,0.0000,0.0000,7186.0000,0.0000,0.0000,0.0000,0.0000,44,0,0,0,0,151,0,0,0,0
zc,TA301,2012-06-28 09:05:17.840,7184.0000,183264,0,0.0000,32.0000,16,16,空换,S,7184.0000,0.0000,0.0000,0.0000,0.0000,7186.0000,0.0000,0.0000,0.0000,0.0000,63,0,0,0,0,140,0,0,0,0
zc,TA301,2012-06-28 09:05:18.073,7184.0000,183368,104,0.0000,128.0000,116,12,空开,S,7182.0000,0.0000,0.0000,0.0000,0.0000,7184.0000,0.0000,0.0000,0.0000,0.0000,94,0,0,0,0,36,0,0,0,0
zc,TA301,2012-06-28 09:05:18.903,7184.0000,183376,8,0.0000,8.0000,8,0,双开,S,7182.0000,0.0000,0.0000,0.0000,0.0000,7184.0000,0.0000,0.0000,0.0000,0.0000,95,0,0,0,0,32,0,0,0,0
zc,TA301,2012-06-28 09:05:19.357,7184.0000,183394,18,0.0000,64.0000,41,23,空开,S,7184.0000,0.0000,0.0000,0.0000,0.0000,7186.0000,0.0000,0.0000,0.0000,0.0000,11,0,0,0,0,125,0,0,0,0
zc,TA301,2012-06-28 09:05:20.090,7184.0000,183392,-2,0.0000,2.0000,0,2,双平,S,7184.0000,0.0000,0.0000,0.0000,0.0000,7186.0000,0.0000,0.0000,0.0000,0.0000,22,0,0,0,0,125,0,0,0,0
zc,TA301,2012-06-28 09:05:20.607,7184.0000,183384,-8,0.0000,8.0000,0,8,双平,S,7184.0000,0.0000,0.0000,0.0000,0.0000,7186.0000,0.0000,0.0000,0.0000,0.0000,18,0,0,0,0,125,0,0,0,0
zc,TA301,2012-06-28 09:05:21.090,7184.0000,183382,-2,0.0000,2.0000,0,2,双平,S,7184.0000,0.0000,0.0000,0.0000,0.0000,7186.0000,0.0000,0.0000,0.0000,0.0000,17,0,0,0,0,125,0,0,0,0
zc,TA301,2012-06-28 09:05:21.840,7186.0000,183378,-4,0.0000,4.0000,0,4,双平,B,7184.0000,0.0000,0.0000,0.0000,0.0000,7186.0000,0.0000,0.0000,0.0000,0.0000,18,0,0,0,0,123,0,0,0,0
zc,TA301,2012-06-28 09:05:22.607,7186.0000,183378,0,0.0000,4.0000,2,2,多换,B,7184.0000,0.0000,0.0000,0.0000,0.0000,7186.0000,0.0000,0.0000,0.0000,0.0000,19,0,0,0,0,122,0,0,0,0
zc,TA301,2012-06-28 09:05:23.057,7184.0000,183376,-2,0.0000,2.0000,0,2,双平,S,7184.0000,0.0000,0.0000,0.0000,0.0000,7186.0000,0.0000,0.0000,0.0000,0.0000,18,0,0,0,0,122,0,0,0,0
zc,TA301,2012-06-28 09:05:23.620,7184.0000,183376,0,0.0000,6.0000,3,3,空换,S,7184.0000,0.0000,0.0000,0.0000,0.0000,7186.0000,0.0000,0.0000,0.0000,0.0000,44,0,0,0,0,120,0,0,0,0
zc,TA301,2012-06-28 09:05:24.357,7184.0000,183376,0,0.0000,0.0000,0,0,空换,S,7184.0000,0.0000,0.0000,0.0000,0.0000,7186.0000,0.0000,0.0000,0.0000,0.0000,44,0,0,0,0,129,0,0,0,0
zc,TA301,2012-06-28 09:05:24.857,7184.0000,183376,0,0.0000,0.0000,0,0,空换,S,7184.0000,0.0000,0.0000,0.0000,0.0000,7186.0000,0.0000,0.0000,0.0000,0.0000,54,0,0,0,0,129,0,0,0,0
zc,TA301,2012-06-28 09:05:25.637,7186.0000,183366,-10,0.0000,12.0000,1,11,空平,B,7184.0000,0.0000,0.0000,0.0000,0.0000,7186.0000,0.0000,0.0000,0.0000,0.0000,46,0,0,0,0,124,0,0,0,0
zc,TA301,2012-06-28 09:05:26.107,7186.0000,183366,0,0.0000,0.0000,0,0,多换,B,7184.0000,0.0000,0.0000,0.0000,0.0000,7186.0000,0.0000,0.0000,0.0000,0.0000,47,0,0,0,0,125,0,0,0,0
zc,TA301,2012-06-28 09:05:26.870,7184.0000,183364,-2,0.0000,18.0000,8,10,多平,S,7184.0000,0.0000,0.0000,0.0000,0.0000,7186.0000,0.0000,0.0000,0.0000,0.0000,35,0,0,0,0,125,0,0,0,0
zc,TA301,2012-06-28 09:05:27.323,7186.0000,183362,-2,0.0000,6.0000,2,4,空平,B,7184.0000,0.0000,0.0000,0.0000,0.0000,7186.0000,0.0000,0.0000,0.0000,0.0000,83,0,0,0,0,124,0,0,0,0
zc,TA301,2012-06-28 09:05:27.840,7186.0000,183362,0,0.0000,0.0000,0,0,多换,B,7184.0000,0.0000,0.0000,0.0000,0.0000,7186.0000,0.0000,0.0000,0.0000,0.0000,85,0,0,0,0,124,0,0,0,0
zc,TA301,2012-06-28 09:05:29.073,7186.0000,183362,0,0.0000,0.0000,0,0,多换,B,7184.0000,0.0000,0.0000,0.0000,0.0000,7186.0000,0.0000,0.0000,0.0000,0.0000,89,0,0,0,0,124,0,0,0,0
zc,TA301,2012-06-28 09:05:29.823,7184.0000,183362,0,0.0000,4.0000,2,2,空换,S,7184.0000,0.0000,0.0000,0.0000,0.0000,7186.0000,0.0000,0.0000,0.0000,0.0000,87,0,0,0,0,126,0,0,0,0
zc,TA301,2012-06-28 09:05:30.340,7184.0000,183362,0,0.0000,4.0000,2,2,空换,S,7184.0000,0.0000,0.0000,0.0000,0.0000,7186.0000,0.0000,0.0000,0.0000,0.0000,85,0,0,0,0,126,0,0,0,0
zc,TA301,2012-06-28 09:05:31.090,7184.0000,183360,-2,0.0000,2.0000,0,2,双平,S,7184.0000,0.0000,0.0000,0.0000,0.0000,7186.0000,0.0000,0.0000,0.0000,0.0000,84,0,0,0,0,126,0,0,0,0
zc,TA301,2012-06-28 09:05:31.340,7184.0000,183364,4,0.0000,16.0000,10,6,空开,S,7184.0000,0.0000,0.0000,0.0000,0.0000,7186.0000,0.0000,0.0000,0.0000,0.0000,36,0,0,0,0,123,0,0,0,0
zc,TA301,2012-06-28 09:05:32.137,7186.0000,183364,0,0.0000,20.0000,10,10,多换,B,7184.0000,0.0000,0.0000,0.0000,0.0000,7186.0000,0.0000,0.0000,0.0000,0.0000,37,0,0,0,0,113,0,0,0,0
zc,TA301,2012-06-28 09:05:32.887,7186.0000,183180,-184,0.0000,228.0000,22,206,空平,B,7184.0000,0.0000,0.0000,0.0000,0.0000,7188.0000,0.0000,0.0000,0.0000,0.0000,39,0,0,0,0,58,0,0,0,0
zc,TA301,2012-06-28 09:05:33.340,7184.0000,183184,4,0.0000,6.0000,5,1,空开,S,7186.0000,0.0000,0.0000,0.0000,0.0000,7188.0000,0.0000,0.0000,0.0000,0.0000,5,0,0,0,0,57,0,0,0,0
zc,TA301,2012-06-28 09:05:33.823,7184.0000,183180,-4,0.0000,4.0000,0,4,双平,S,7186.0000,0.0000,0.0000,0.0000,0.0000,7188.0000,0.0000,0.0000,0.0000,0.0000,8,0,0,0,0,57,0,0,0,0
zc,TA301,2012-06-28 09:05:34.887,7188.0000,183178,-2,0.0000,4.0000,1,3,空平,B,7186.0000,0.0000,0.0000,0.0000,0.0000,7188.0000,0.0000,0.0000,0.0000,0.0000,18,0,0,0,0,56,0,0,0,0
zc,TA301,2012-06-28 09:05:35.323,7188.0000,183170,-8,0.0000,32.0000,12,20,空平,B,7186.0000,0.0000,0.0000,0.0000,0.0000,7188.0000,0.0000,0.0000,0.0000,0.0000,19,0,0,0,0,45,0,0,0,0
zc,TA301,2012-06-28 09:05:36.090,7186.0000,183166,-4,0.0000,10.0000,3,7,多平,S,7186.0000,0.0000,0.0000,0.0000,0.0000,7188.0000,0.0000,0.0000,0.0000,0.0000,23,0,0,0,0,41,0,0,0,0
zc,TA301,2012-06-28 09:05:36.590,7188.0000,183166,0,0.0000,16.0000,8,8,多换,B,7186.0000,0.0000,0.0000,0.0000,0.0000,7188.0000,0.0000,0.0000,0.0000,0.0000,20,0,0,0,0,33,0,0,0,0
zc,TA301,2012-06-28 09:05:37.153,7188.0000,183166,0,0.0000,0.0000,0,0,多换,B,7186.0000,0.0000,0.0000,0.0000,0.0000,7188.0000,0.0000,0.0000,0.0000,0.0000,15,0,0,0,0,35,0,0,0,0
zc,TA301,2012-06-28 09:05:37.637,7188.0000,183168,2,0.0000,28.0000,15,13,多开,B,7186.0000,0.0000,0.0000,0.0000,0.0000,7188.0000,0.0000,0.0000,0.0000,0.0000,15,0,0,0,0,21,0,0,0,0
zc,TA301,2012-06-28 09:05:38.340,7188.0000,183168,0,0.0000,12.0000,6,6,多换,B,7186.0000,0.0000,0.0000,0.0000,0.0000,7188.0000,0.0000,0.0000,0.0000,0.0000,16,0,0,0,0,15,0,0,0,0
zc,TA301,2012-06-28 09:05:39.107,7188.0000,183174,6,0.0000,28.0000,17,11,多开,B,7186.0000,0.0000,0.0000,0.0000,0.0000,7188.0000,0.0000,0.0000,0.0000,0.0000,17,0,0,0,0,5,0,0,0,0
zc,TA301,2012-06-28 09:05:39.590,7188.0000,183176,2,0.0000,16.0000,9,7,多开,B,7186.0000,0.0000,0.0000,0.0000,0.0000,7190.0000,0.0000,0.0000,0.0000,0.0000,14,0,0,0,0,36,0,0,0,0
zc,TA301,2012-06-28 09:05:40.090,7188.0000,183176,0,0.0000,0.0000,0,0,多换,B,7188.0000,0.0000,0.0000,0.0000,0.0000,7190.0000,0.0000,0.0000,0.0000,0.0000,1,0,0,0,0,36,0,0,0,0
zc,TA301,2012-06-28 09:05:41.387,7190.0000,183234,58,0.0000,110.0000,84,26,多开,B,7188.0000,0.0000,0.0000,0.0000,0.0000,7190.0000,0.0000,0.0000,0.0000,0.0000,4,0,0,0,0,7,0,0,0,0
zc,TA301,2012-06-28 09:05:41.870,7190.0000,183232,-2,0.0000,20.0000,9,11,空平,B,7186.0000,0.0000,0.0000,0.0000,0.0000,7190.0000,0.0000,0.0000,0.0000,0.0000,14,0,0,0,0,4,0,0,0,0
zc,TA301,2012-06-28 09:05:42.340,7188.0000,183246,14,0.0000,26.0000,20,6,空开,S,7186.0000,0.0000,0.0000,0.0000,0.0000,7188.0000,0.0000,0.0000,0.0000,0.0000,14,0,0,0,0,5,0,0,0,0
zc,TA301,2012-06-28 09:05:42.870,7188.0000,183246,0,0.0000,28.0000,14,14,空换,S,7186.0000,0.0000,0.0000,0.0000,0.0000,7188.0000,0.0000,0.0000,0.0000,0.0000,4,0,0,0,0,4,0,0,0,0
zc,TA301,2012-06-28 09:05:43.607,7188.0000,183250,4,0.0000,6.0000,5,1,空开,S,7186.0000,0.0000,0.0000,0.0000,0.0000,7188.0000,0.0000,0.0000,0.0000,0.0000,4,0,0,0,0,7,0,0,0,0
zc,TA301,2012-06-28 09:05:44.417,7190.0000,183258,8,0.0000,20.0000,14,6,多开,B,7186.0000,0.0000,0.0000,0.0000,0.0000,7190.0000,0.0000,0.0000,0.0000,0.0000,4,0,0,0,0,8,0,0,0,0
zc,TA301,2012-06-28 09:05:45.090,7188.0000,183258,0,0.0000,2.0000,1,1,空换,S,7188.0000,0.0000,0.0000,0.0000,0.0000,7190.0000,0.0000,0.0000,0.0000,0.0000,1,0,0,0,0,8,0,0,0,0
zc,TA301,2012-06-28 09:05:45.620,7188.0000,183262,4,0.0000,6.0000,5,1,空开,S,7186.0000,0.0000,0.0000,0.0000,0.0000,7190.0000,0.0000,0.0000,0.0000,0.0000,5,0,0,0,0,5,0,0,0,0
zc,TA301,2012-06-28 09:05:46.403,7188.0000,183262,0,0.0000,6.0000,3,3,空换,S,7186.0000,0.0000,0.0000,0.0000,0.0000,7188.0000,0.0000,0.0000,0.0000,0.0000,5,0,0,0,0,8,0,0,0,0
zc,TA301,2012-06-28 09:05:46.870,7188.0000,183260,-2,0.0000,6.0000,2,4,多平,S,7186.0000,0.0000,0.0000,0.0000,0.0000,7188.0000,0.0000,0.0000,0.0000,0.0000,5,0,0,0,0,5,0,0,0,0
zc,TA301,2012-06-28 09:05:47.357,7188.0000,183260,0,0.0000,0.0000,0,0,空换,S,7186.0000,0.0000,0.0000,0.0000,0.0000,7188.0000,0.0000,0.0000,0.0000,0.0000,6,0,0,0,0,5,0,0,0,0
zc,TA301,2012-06-28 09:05:48.120,7186.0000,183262,2,0.0000,12.0000,7,5,空开,S,7186.0000,0.0000,0.0000,0.0000,0.0000,7190.0000,0.0000,0.0000,0.0000,0.0000,10,0,0,0,0,57,0,0,0,0
zc,TA301,2012-06-28 09:05:48.573,7186.0000,183262,0,0.0000,2.0000,1,1,空换,S,7188.0000,0.0000,0.0000,0.0000,0.0000,7190.0000,0.0000,0.0000,0.0000,0.0000,21,0,0,0,0,57,0,0,0,0
zc,TA301,2012-06-28 09:05:49.370,7186.0000,183262,0,0.0000,2.0000,1,1,空换,S,7188.0000,0.0000,0.0000,0.0000,0.0000,7190.0000,0.0000,0.0000,0.0000,0.0000,31,0,0,0,0,58,0,0,0,0
zc,TA301,2012-06-28 09:05:49.840,7186.0000,183262,0,0.0000,0.0000,0,0,空换,S,7188.0000,0.0000,0.0000,0.0000,0.0000,7190.0000,0.0000,0.0000,0.0000,0.0000,21,0,0,0,0,58,0,0,0,0
zc,TA301,2012-06-28 09:05:50.607,7190.0000,183270,8,0.0000,10.0000,9,1,多开,B,7188.0000,0.0000,0.0000,0.0000,0.0000,7190.0000,0.0000,0.0000,0.0000,0.0000,21,0,0,0,0,54,0,0,0,0
zc,TA301,2012-06-28 09:05:50.840,7188.0000,183270,0,0.0000,2.0000,1,1,空换,S,7188.0000,0.0000,0.0000,0.0000,0.0000,7190.0000,0.0000,0.0000,0.0000,0.0000,20,0,0,0,0,54,0,0,0,0
zc,TA301,2012-06-28 09:05:51.590,7190.0000,183270,0,0.0000,28.0000,14,14,多换,B,7188.0000,0.0000,0.0000,0.0000,0.0000,7190.0000,0.0000,0.0000,0.0000,0.0000,19,0,0,0,0,41,0,0,0,0
zc,TA301,2012-06-28 09:05:52.090,7190.0000,183270,0,0.0000,8.0000,4,4,多换,B,7188.0000,0.0000,0.0000,0.0000,0.0000,7190.0000,0.0000,0.0000,0.0000,0.0000,20,0,0,0,0,37,0,0,0,0
zc,TA301,2012-06-28 09:05:52.823,7188.0000,183276,6,0.0000,16.0000,11,5,空开,S,7188.0000,0.0000,0.0000,0.0000,0.0000,7190.0000,0.0000,0.0000,0.0000,0.0000,12,0,0,0,0,38,0,0,0,0
zc,TA301,2012-06-28 09:05:53.357,7190.0000,183280,4,0.0000,76.0000,40,36,多开,B,7190.0000,0.0000,0.0000,0.0000,0.0000,7192.0000,0.0000,0.0000,0.0000,0.0000,12,0,0,0,0,21,0,0,0,0
