市场代码,合约代码,时间,最新,持仓,增仓,成交额,成交量,开仓,平仓,成交类型,方向,买一价,买二价,买三价,买四价,买五价,卖一价,卖二价,卖三价,卖四价,卖五价,买一量,买二量,买三量,买四量,买五量,卖一量,卖二量,卖三量,卖四量,卖五量
zc,TA305,2012-06-28 08:02:44.683,0.0000,2682,0,0.0000,0.0000,0,0,空换,S,0.0000,0.0000,0.0000,0.0000,0.0000,0.0000,0.0000,0.0000,0.0000,0.0000,0,0,0,0,0,0,0,0,0,0
zc,TA305,2012-06-28 08:03:44.683,0.0000,2682,0,0.0000,0.0000,0,0,空换,S,0.0000,0.0000,0.0000,0.0000,0.0000,0.0000,0.0000,0.0000,0.0000,0.0000,0,0,0,0,0,0,0,0,0,0
zc,TA305,2012-06-28 08:10:46.307,0.0000,2682,0,0.0000,0.0000,0,0,空换,S,0.0000,0.0000,0.0000,0.0000,0.0000,0.0000,0.0000,0.0000,0.0000,0.0000,0,0,0,0,0,0,0,0,0,0
zc,TA305,2012-06-28 08:11:46.307,0.0000,2682,0,0.0000,0.0000,0,0,空换,S,0.0000,0.0000,0.0000,0.0000,0.0000,0.0000,0.0000,0.0000,0.0000,0.0000,0,0,0,0,0,0,0,0,0,0
zc,TA305,2012-06-28 08:15:46.307,0.0000,2682,0,0.0000,0.0000,0,0,空换,S,0.0000,0.0000,0.0000,0.0000,0.0000,0.0000,0.0000,0.0000,0.0000,0.0000,0,0,0,0,0,0,0,0,0,0
zc,TA305,2012-06-28 08:17:46.307,0.0000,2682,0,0.0000,0.0000,0,0,空换,S,0.0000,0.0000,0.0000,0.0000,0.0000,0.0000,0.0000,0.0000,0.0000,0.0000,0,0,0,0,0,0,0,0,0,0
zc,TA305,2012-06-28 08:19:46.307,0.0000,2682,0,0.0000,0.0000,0,0,空换,S,0.0000,0.0000,0.0000,0.0000,0.0000,0.0000,0.0000,0.0000,0.0000,0.0000,0,0,0,0,0,0,0,0,0,0
zc,TA305,2012-06-28 08:20:46.307,0.0000,2682,0,0.0000,0.0000,0,0,空换,S,0.0000,0.0000,0.0000,0.0000,0.0000,0.0000,0.0000,0.0000,0.0000,0.0000,0,0,0,0,0,0,0,0,0,0
zc,TA305,2012-06-28 08:21:46.307,0.0000,2682,0,0.0000,0.0000,0,0,空换,S,0.0000,0.0000,0.0000,0.0000,0.0000,0.0000,0.0000,0.0000,0.0000,0.0000,0,0,0,0,0,0,0,0,0,0
zc,TA305,2012-06-28 08:23:46.323,0.0000,2682,0,0.0000,0.0000,0,0,空换,S,0.0000,0.0000,0.0000,0.0000,0.0000,0.0000,0.0000,0.0000,0.0000,0.0000,0,0,0,0,0,0,0,0,0,0
zc,TA305,2012-06-28 08:24:46.323,0.0000,2682,0,0.0000,0.0000,0,0,空换,S,0.0000,0.0000,0.0000,0.0000,0.0000,0.0000,0.0000,0.0000,0.0000,0.0000,0,0,0,0,0,0,0,0,0,0
zc,TA305,2012-06-28 08:28:46.323,0.0000,2682,0,0.0000,0.0000,0,0,空换,S,0.0000,0.0000,0.0000,0.0000,0.0000,0.0000,0.0000,0.0000,0.0000,0.0000,0,0,0,0,0,0,0,0,0,0
zc,TA305,2012-06-28 08:29:46.307,0.0000,2682,0,0.0000,0.0000,0,0,空换,S,0.0000,0.0000,0.0000,0.0000,0.0000,0.0000,0.0000,0.0000,0.0000,0.0000,0,0,0,0,0,0,0,0,0,0
zc,TA305,2012-06-28 08:30:46.307,0.0000,2682,0,0.0000,0.0000,0,0,空换,S,0.0000,0.0000,0.0000,0.0000,0.0000,0.0000,0.0000,0.0000,0.0000,0.0000,0,0,0,0,0,0,0,0,0,0
zc,TA305,2012-06-28 08:31:46.307,0.0000,2682,0,0.0000,0.0000,0,0,空换,S,0.0000,0.0000,0.0000,0.0000,0.0000,0.0000,0.0000,0.0000,0.0000,0.0000,0,0,0,0,0,0,0,0,0,0
zc,TA305,2012-06-28 08:32:46.307,0.0000,2682,0,0.0000,0.0000,0,0,空换,S,0.0000,0.0000,0.0000,0.0000,0.0000,0.0000,0.0000,0.0000,0.0000,0.0000,0,0,0,0,0,0,0,0,0,0
zc,TA305,2012-06-28 08:33:46.323,0.0000,2682,0,0.0000,0.0000,0,0,空换,S,0.0000,0.0000,0.0000,0.0000,0.0000,0.0000,0.0000,0.0000,0.0000,0.0000,0,0,0,0,0,0,0,0,0,0
zc,TA305,2012-06-28 08:36:46.323,0.0000,2682,0,0.0000,0.0000,0,0,空换,S,0.0000,0.0000,0.0000,0.0000,0.0000,0.0000,0.0000,0.0000,0.0000,0.0000,0,0,0,0,0,0,0,0,0,0
zc,TA305,2012-06-28 08:38:46.323,0.0000,2682,0,0.0000,0.0000,0,0,空换,S,0.0000,0.0000,0.0000,0.0000,0.0000,0.0000,0.0000,0.0000,0.0000,0.0000,0,0,0,0,0,0,0,0,0,0
zc,TA305,2012-06-28 08:46:46.323,0.0000,2682,0,0.0000,0.0000,0,0,空换,S,0.0000,0.0000,0.0000,0.0000,0.0000,0.0000,0.0000,0.0000,0.0000,0.0000,0,0,0,0,0,0,0,0,0,0
zc,TA305,2012-06-28 08:49:46.323,0.0000,2682,0,0.0000,0.0000,0,0,空换,S,0.0000,0.0000,0.0000,0.0000,0.0000,0.0000,0.0000,0.0000,0.0000,0.0000,0,0,0,0,0,0,0,0,0,0
zc,TA305,2012-06-28 08:50:46.307,0.0000,2682,0,0.0000,0.0000,0,0,空换,S,0.0000,0.0000,0.0000,0.0000,0.0000,0.0000,0.0000,0.0000,0.0000,0.0000,0,0,0,0,0,0,0,0,0,0
zc,TA305,2012-06-28 08:52:46.307,0.0000,2682,0,0.0000,0.0000,0,0,空换,S,0.0000,0.0000,0.0000,0.0000,0.0000,0.0000,0.0000,0.0000,0.0000,0.0000,0,0,0,0,0,0,0,0,0,0
zc,TA305,2012-06-28 08:57:46.307,0.0000,2682,0,0.0000,0.0000,0,0,空换,S,0.0000,0.0000,0.0000,0.0000,0.0000,0.0000,0.0000,0.0000,0.0000,0.0000,0,0,0,0,0,0,0,0,0,0
zc,TA305,2012-06-28 08:58:46.307,0.0000,2682,0,0.0000,0.0000,0,0,空换,S,0.0000,0.0000,0.0000,0.0000,0.0000,0.0000,0.0000,0.0000,0.0000,0.0000,0,0,0,0,0,0,0,0,0,0
zc,TA305,2012-06-28 08:59:02.043,0.0000,2682,0,0.0000,0.0000,0,0,空换,S,7246.0000,0.0000,0.0000,0.0000,0.0000,7546.0000,0.0000,0.0000,0.0000,0.0000,1,0,0,0,0,1,0,0,0,0
zc,TA305,2012-06-28 09:00:02.480,7304.0000,2682,0,0.0000,2.0000,1,1,多换,B,7296.0000,0.0000,0.0000,0.0000,0.0000,7306.0000,0.0000,0.0000,0.0000,0.0000,1,0,0,0,0,1,0,0,0,0
zc,TA305,2012-06-28 09:00:03.793,7292.0000,2680,-2,0.0000,2.0000,0,2,双平,S,7308.0000,0.0000,0.0000,0.0000,0.0000,7314.0000,0.0000,0.0000,0.0000,0.0000,2,0,0,0,0,1,0,0,0,0
zc,TA305,2012-06-28 09:00:05.277,7304.0000,2680,0,0.0000,8.0000,4,4,多换,B,7306.0000,0.0000,0.0000,0.0000,0.0000,7318.0000,0.0000,0.0000,0.0000,0.0000,5,0,0,0,0,1,0,0,0,0
zc,TA305,2012-06-28 09:00:05.717,7304.0000,2680,0,0.0000,0.0000,0,0,多换,B,7304.0000,0.0000,0.0000,0.0000,0.0000,7318.0000,0.0000,0.0000,0.0000,0.0000,5,0,0,0,0,1,0,0,0,0
zc,TA305,2012-06-28 09:00:06.980,7304.0000,2680,0,0.0000,0.0000,0,0,多换,B,7304.0000,0.0000,0.0000,0.0000,0.0000,7318.0000,0.0000,0.0000,0.0000,0.0000,1,0,0,0,0,1,0,0,0,0
zc,TA305,2012-06-28 09:00:07.467,7304.0000,2680,0,0.0000,0.0000,0,0,多换,B,7304.0000,0.0000,0.0000,0.0000,0.0000,7316.0000,0.0000,0.0000,0.0000,0.0000,1,0,0,0,0,1,0,0,0,0
zc,TA305,2012-06-28 09:00:08.183,7304.0000,2680,0,0.0000,0.0000,0,0,多换,B,7312.0000,0.0000,0.0000,0.0000,0.0000,7318.0000,0.0000,0.0000,0.0000,0.0000,5,0,0,0,0,1,0,0,0,0
zc,TA305,2012-06-28 09:00:08.450,7304.0000,2680,0,0.0000,0.0000,0,0,多换,B,7314.0000,0.0000,0.0000,0.0000,0.0000,7320.0000,0.0000,0.0000,0.0000,0.0000,4,0,0,0,0,1,0,0,0,0
zc,TA305,2012-06-28 09:00:09.433,7304.0000,2680,0,0.0000,0.0000,0,0,多换,B,7316.0000,0.0000,0.0000,0.0000,0.0000,7322.0000,0.0000,0.0000,0.0000,0.0000,2,0,0,0,0,1,0,0,0,0
zc,TA305,2012-06-28 09:00:09.950,7304.0000,2680,0,0.0000,0.0000,0,0,多换,B,7316.0000,0.0000,0.0000,0.0000,0.0000,7318.0000,0.0000,0.0000,0.0000,0.0000,2,0,0,0,0,1,0,0,0,0
zc,TA305,2012-06-28 09:00:10.700,7304.0000,2680,0,0.0000,0.0000,0,0,多换,B,7314.0000,0.0000,0.0000,0.0000,0.0000,7324.0000,0.0000,0.0000,0.0000,0.0000,3,0,0,0,0,2,0,0,0,0
zc,TA305,2012-06-28 09:00:10.933,7304.0000,2680,0,0.0000,0.0000,0,0,多换,B,7316.0000,0.0000,0.0000,0.0000,0.0000,7324.0000,0.0000,0.0000,0.0000,0.0000,2,0,0,0,0,2,0,0,0,0
zc,TA305,2012-06-28 09:00:11.717,7304.0000,2680,0,0.0000,0.0000,0,0,多换,B,7316.0000,0.0000,0.0000,0.0000,0.0000,7322.0000,0.0000,0.0000,0.0000,0.0000,2,0,0,0,0,1,0,0,0,0
zc,TA305,2012-06-28 09:00:12.450,7304.0000,2680,0,0.0000,0.0000,0,0,多换,B,7316.0000,0.0000,0.0000,0.0000,0.0000,7320.0000,0.0000,0.0000,0.0000,0.0000,7,0,0,0,0,1,0,0,0,0
zc,TA305,2012-06-28 09:00:13.167,7318.0000,2680,0,0.0000,4.0000,2,2,多换,B,7312.0000,0.0000,0.0000,0.0000,0.0000,7320.0000,0.0000,0.0000,0.0000,0.0000,5,0,0,0,0,1,0,0,0,0
zc,TA305,2012-06-28 09:00:15.200,7318.0000,2680,0,0.0000,0.0000,0,0,多换,B,7312.0000,0.0000,0.0000,0.0000,0.0000,7318.0000,0.0000,0.0000,0.0000,0.0000,5,0,0,0,0,1,0,0,0,0
zc,TA305,2012-06-28 09:00:16.700,7318.0000,2680,0,0.0000,0.0000,0,0,多换,B,7314.0000,0.0000,0.0000,0.0000,0.0000,7318.0000,0.0000,0.0000,0.0000,0.0000,5,0,0,0,0,1,0,0,0,0
zc,TA305,2012-06-28 09:00:17.183,7318.0000,2680,0,0.0000,0.0000,0,0,多换,B,7312.0000,0.0000,0.0000,0.0000,0.0000,7318.0000,0.0000,0.0000,0.0000,0.0000,7,0,0,0,0,1,0,0,0,0
zc,TA305,2012-06-28 09:00:17.967,7318.0000,2680,0,0.0000,4.0000,2,2,多换,B,7318.0000,0.0000,0.0000,0.0000,0.0000,7324.0000,0.0000,0.0000,0.0000,0.0000,1,0,0,0,0,1,0,0,0,0
zc,TA305,2012-06-28 09:00:18.667,7318.0000,2680,0,0.0000,0.0000,0,0,多换,B,7318.0000,0.0000,0.0000,0.0000,0.0000,7322.0000,0.0000,0.0000,0.0000,0.0000,1,0,0,0,0,3,0,0,0,0
zc,TA305,2012-06-28 09:00:19.183,7318.0000,2680,0,0.0000,0.0000,0,0,多换,B,7318.0000,0.0000,0.0000,0.0000,0.0000,7320.0000,0.0000,0.0000,0.0000,0.0000,1,0,0,0,0,1,0,0,0,0
zc,TA305,2012-06-28 09:00:20.450,7318.0000,2680,0,0.0000,2.0000,1,1,多换,B,7308.0000,0.0000,0.0000,0.0000,0.0000,7320.0000,0.0000,0.0000,0.0000,0.0000,4,0,0,0,0,3,0,0,0,0
zc,TA305,2012-06-28 09:00:21.167,7318.0000,2680,0,0.0000,0.0000,0,0,多换,B,7306.0000,0.0000,0.0000,0.0000,0.0000,7316.0000,0.0000,0.0000,0.0000,0.0000,5,0,0,0,0,1,0,0,0,0
zc,TA305,2012-06-28 09:00:22.183,7318.0000,2680,0,0.0000,0.0000,0,0,多换,B,7302.0000,0.0000,0.0000,0.0000,0.0000,7314.0000,0.0000,0.0000,0.0000,0.0000,5,0,0,0,0,1,0,0,0,0
zc,TA305,2012-06-28 09:00:23.183,7318.0000,2680,0,0.0000,0.0000,0,0,多换,B,7302.0000,0.0000,0.0000,0.0000,0.0000,7314.0000,0.0000,0.0000,0.0000,0.0000,5,0,0,0,0,3,0,0,0,0
zc,TA305,2012-06-28 09:00:23.917,7318.0000,2680,0,0.0000,0.0000,0,0,多换,B,7306.0000,0.0000,0.0000,0.0000,0.0000,7314.0000,0.0000,0.0000,0.0000,0.0000,3,0,0,0,0,2,0,0,0,0
zc,TA305,2012-06-28 09:00:24.403,7318.0000,2680,0,0.0000,0.0000,0,0,多换,B,7306.0000,0.0000,0.0000,0.0000,0.0000,7316.0000,0.0000,0.0000,0.0000,0.0000,5,0,0,0,0,1,0,0,0,0
zc,TA305,2012-06-28 09:00:25.167,7318.0000,2680,0,0.0000,0.0000,0,0,多换,B,7304.0000,0.0000,0.0000,0.0000,0.0000,7316.0000,0.0000,0.0000,0.0000,0.0000,5,0,0,0,0,2,0,0,0,0
zc,TA305,2012-06-28 09:00:25.717,7318.0000,2680,0,0.0000,0.0000,0,0,多换,B,7304.0000,0.0000,0.0000,0.0000,0.0000,7314.0000,0.0000,0.0000,0.0000,0.0000,5,0,0,0,0,1,0,0,0,0
zc,TA305,2012-06-28 09:00:26.683,7318.0000,2680,0,0.0000,0.0000,0,0,多换,B,7302.0000,0.0000,0.0000,0.0000,0.0000,7314.0000,0.0000,0.0000,0.0000,0.0000,5,0,0,0,0,3,0,0,0,0
zc,TA305,2012-06-28 09:00:27.200,7318.0000,2680,0,0.0000,0.0000,0,0,多换,B,7302.0000,0.0000,0.0000,0.0000,0.0000,7312.0000,0.0000,0.0000,0.0000,0.0000,5,0,0,0,0,3,0,0,0,0
zc,TA305,2012-06-28 09:00:28.510,7318.0000,2680,0,0.0000,0.0000,0,0,多换,B,7300.0000,0.0000,0.0000,0.0000,0.0000,7312.0000,0.0000,0.0000,0.0000,0.0000,5,0,0,0,0,3,0,0,0,0
zc,TA305,2012-06-28 09:00:29.200,7318.0000,2680,0,0.0000,0.0000,0,0,多换,B,7300.0000,0.0000,0.0000,0.0000,0.0000,7310.0000,0.0000,0.0000,0.0000,0.0000,5,0,0,0,0,3,0,0,0,0
zc,TA305,2012-06-28 09:00:29.933,7318.0000,2680,0,0.0000,0.0000,0,0,多换,B,7298.0000,0.0000,0.0000,0.0000,0.0000,7308.0000,0.0000,0.0000,0.0000,0.0000,5,0,0,0,0,1,0,0,0,0
zc,TA305,2012-06-28 09:00:30.683,7318.0000,2680,0,0.0000,0.0000,0,0,多换,B,7298.0000,0.0000,0.0000,0.0000,0.0000,7308.0000,0.0000,0.0000,0.0000,0.0000,5,0,0,0,0,2,0,0,0,0
zc,TA305,2012-06-28 09:00:31.183,7318.0000,2680,0,0.0000,0.0000,0,0,多换,B,7298.0000,0.0000,0.0000,0.0000,0.0000,7312.0000,0.0000,0.0000,0.0000,0.0000,4,0,0,0,0,1,0,0,0,0
zc,TA305,2012-06-28 09:00:31.917,7318.0000,2680,0,0.0000,0.0000,0,0,多换,B,7300.0000,0.0000,0.0000,0.0000,0.0000,7310.0000,0.0000,0.0000,0.0000,0.0000,5,0,0,0,0,3,0,0,0,0
zc,TA305,2012-06-28 09:00:32.700,7318.0000,2680,0,0.0000,0.0000,0,0,多换,B,7304.0000,0.0000,0.0000,0.0000,0.0000,7310.0000,0.0000,0.0000,0.0000,0.0000,5,0,0,0,0,2,0,0,0,0
zc,TA305,2012-06-28 09:00:33.183,7318.0000,2680,0,0.0000,0.0000,0,0,多换,B,7298.0000,0.0000,0.0000,0.0000,0.0000,7314.0000,0.0000,0.0000,0.0000,0.0000,5,0,0,0,0,1,0,0,0,0
zc,TA305,2012-06-28 09:00:33.950,7318.0000,2680,0,0.0000,0.0000,0,0,多换,B,7298.0000,0.0000,0.0000,0.0000,0.0000,7312.0000,0.0000,0.0000,0.0000,0.0000,5,0,0,0,0,2,0,0,0,0
zc,TA305,2012-06-28 09:00:34.667,7318.0000,2680,0,0.0000,0.0000,0,0,多换,B,7300.0000,0.0000,0.0000,0.0000,0.0000,7310.0000,0.0000,0.0000,0.0000,0.0000,4,0,0,0,0,1,0,0,0,0
zc,TA305,2012-06-28 09:00:35.200,7318.0000,2680,0,0.0000,0.0000,0,0,多换,B,7296.0000,0.0000,0.0000,0.0000,0.0000,7310.0000,0.0000,0.0000,0.0000,0.0000,5,0,0,0,0,3,0,0,0,0
zc,TA305,2012-06-28 09:00:35.917,7318.0000,2680,0,0.0000,0.0000,0,0,多换,B,7296.0000,0.0000,0.0000,0.0000,0.0000,7306.0000,0.0000,0.0000,0.0000,0.0000,5,0,0,0,0,1,0,0,0,0
zc,TA305,2012-06-28 09:00:36.450,7318.0000,2680,0,0.0000,0.0000,0,0,多换,B,7298.0000,0.0000,0.0000,0.0000,0.0000,7306.0000,0.0000,0.0000,0.0000,0.0000,2,0,0,0,0,2,0,0,0,0
zc,TA305,2012-06-28 09:00:37.153,7318.0000,2680,0,0.0000,0.0000,0,0,多换,B,7298.0000,0.0000,0.0000,0.0000,0.0000,7308.0000,0.0000,0.0000,0.0000,0.0000,2,0,0,0,0,1,0,0,0,0
zc,TA305,2012-06-28 09:00:37.667,7318.0000,2680,0,0.0000,0.0000,0,0,多换,B,7302.0000,0.0000,0.0000,0.0000,0.0000,7308.0000,0.0000,0.0000,0.0000,0.0000,5,0,0,0,0,2,0,0,0,0
zc,TA305,2012-06-28 09:00:38.403,7318.0000,2680,0,0.0000,0.0000,0,0,多换,B,7302.0000,0.0000,0.0000,0.0000,0.0000,7312.0000,0.0000,0.0000,0.0000,0.0000,5,0,0,0,0,1,0,0,0,0
zc,TA305,2012-06-28 09:00:38.967,7318.0000,2680,0,0.0000,0.0000,0,0,多换,B,7298.0000,0.0000,0.0000,0.0000,0.0000,7312.0000,0.0000,0.0000,0.0000,0.0000,5,0,0,0,0,3,0,0,0,0
zc,TA305,2012-06-28 09:00:39.667,7318.0000,2680,0,0.0000,0.0000,0,0,多换,B,7298.0000,0.0000,0.0000,0.0000,0.0000,7310.0000,0.0000,0.0000,0.0000,0.0000,5,0,0,0,0,1,0,0,0,0
zc,TA305,2012-06-28 09:00:40.183,7318.0000,2680,0,0.0000,0.0000,0,0,多换,B,7304.0000,0.0000,0.0000,0.0000,0.0000,7310.0000,0.0000,0.0000,0.0000,0.0000,5,0,0,0,0,2,0,0,0,0
zc,TA305,2012-06-28 09:00:40.903,7318.0000,2680,0,0.0000,0.0000,0,0,多换,B,7304.0000,0.0000,0.0000,0.0000,0.0000,7314.0000,0.0000,0.0000,0.0000,0.0000,5,0,0,0,0,1,0,0,0,0
zc,TA305,2012-06-28 09:00:41.417,7318.0000,2680,0,0.0000,0.0000,0,0,多换,B,7304.0000,0.0000,0.0000,0.0000,0.0000,7314.0000,0.0000,0.0000,0.0000,0.0000,5,0,0,0,0,3,0,0,0,0
zc,TA305,2012-06-28 09:00:42.683,7318.0000,2680,0,0.0000,0.0000,0,0,多换,B,7302.0000,0.0000,0.0000,0.0000,0.0000,7314.0000,0.0000,0.0000,0.0000,0.0000,5,0,0,0,0,3,0,0,0,0
zc,TA305,2012-06-28 09:00:43.480,7318.0000,2680,0,0.0000,0.0000,0,0,多换,B,7302.0000,0.0000,0.0000,0.0000,0.0000,7312.0000,0.0000,0.0000,0.0000,0.0000,5,0,0,0,0,1,0,0,0,0
zc,TA305,2012-06-28 09:00:43.903,7318.0000,2680,0,0.0000,0.0000,0,0,多换,B,7302.0000,0.0000,0.0000,0.0000,0.0000,7312.0000,0.0000,0.0000,0.0000,0.0000,5,0,0,0,0,3,0,0,0,0
zc,TA305,2012-06-28 09:00:44.667,7318.0000,2680,0,0.0000,0.0000,0,0,多换,B,7304.0000,0.0000,0.0000,0.0000,0.0000,7312.0000,0.0000,0.0000,0.0000,0.0000,2,0,0,0,0,2,0,0,0,0
zc,TA305,2012-06-28 09:00:45.167,7318.0000,2680,0,0.0000,0.0000,0,0,多换,B,7302.0000,0.0000,0.0000,0.0000,0.0000,7314.0000,0.0000,0.0000,0.0000,0.0000,5,0,0,0,0,1,0,0,0,0
zc,TA305,2012-06-28 09:00:45.933,7318.0000,2680,0,0.0000,0.0000,0,0,多换,B,7304.0000,0.0000,0.0000,0.0000,0.0000,7314.0000,0.0000,0.0000,0.0000,0.0000,1,0,0,0,0,3,0,0,0,0
zc,TA305,2012-06-28 09:00:46.433,7318.0000,2680,0,0.0000,0.0000,0,0,多换,B,7302.0000,0.0000,0.0000,0.0000,0.0000,7312.0000,0.0000,0.0000,0.0000,0.0000,5,0,0,0,0,1,0,0,0,0
zc,TA305,2012-06-28 09:00:47.137,7318.0000,2680,0,0.0000,0.0000,0,0,多换,B,7300.0000,0.0000,0.0000,0.0000,0.0000,7310.0000,0.0000,0.0000,0.0000,0.0000,1,0,0,0,0,1,0,0,0,0
zc,TA305,2012-06-28 09:00:47.637,7300.0000,2678,-2,0.0000,2.0000,0,2,双平,S,7298.0000,0.0000,0.0000,0.0000,0.0000,7310.0000,0.0000,0.0000,0.0000,0.0000,4,0,0,0,0,1,0,0,0,0
zc,TA305,2012-06-28 09:00:48.433,7300.0000,2678,0,0.0000,0.0000,0,0,空换,S,7304.0000,0.0000,0.0000,0.0000,0.0000,7310.0000,0.0000,0.0000,0.0000,0.0000,4,0,0,0,0,2,0,0,0,0
zc,TA305,2012-06-28 09:00:48.857,7300.0000,2678,0,0.0000,0.0000,0,0,空换,S,7304.0000,0.0000,0.0000,0.0000,0.0000,7312.0000,0.0000,0.0000,0.0000,0.0000,4,0,0,0,0,1,0,0,0,0
zc,TA305,2012-06-28 09:00:50.417,7300.0000,2678,0,0.0000,0.0000,0,0,空换,S,7306.0000,0.0000,0.0000,0.0000,0.0000,7312.0000,0.0000,0.0000,0.0000,0.0000,2,0,0,0,0,1,0,0,0,0
zc,TA305,2012-06-28 09:00:50.903,7300.0000,2678,0,0.0000,0.0000,0,0,空换,S,7306.0000,0.0000,0.0000,0.0000,0.0000,7312.0000,0.0000,0.0000,0.0000,0.0000,4,0,0,0,0,1,0,0,0,0
zc,TA305,2012-06-28 09:00:51.667,7300.0000,2678,0,0.0000,0.0000,0,0,空换,S,7298.0000,0.0000,0.0000,0.0000,0.0000,7312.0000,0.0000,0.0000,0.0000,0.0000,4,0,0,0,0,1,0,0,0,0
zc,TA305,2012-06-28 09:00:52.153,7300.0000,2678,0,0.0000,0.0000,0,0,空换,S,7308.0000,0.0000,0.0000,0.0000,0.0000,7312.0000,0.0000,0.0000,0.0000,0.0000,4,0,0,0,0,1,0,0,0,0
zc,TA305,2012-06-28 09:00:55.167,7300.0000,2678,0,0.0000,0.0000,0,0,空换,S,7306.0000,0.0000,0.0000,0.0000,0.0000,7312.0000,0.0000,0.0000,0.0000,0.0000,4,0,0,0,0,1,0,0,0,0
zc,TA305,2012-06-28 09:01:00.417,7300.0000,2678,0,0.0000,0.0000,0,0,空换,S,7304.0000,0.0000,0.0000,0.0000,0.0000,7312.0000,0.0000,0.0000,0.0000,0.0000,2,0,0,0,0,1,0,0,0,0
zc,TA305,2012-06-28 09:01:01.903,7306.0000,2678,0,0.0000,2.0000,1,1,多换,B,7306.0000,0.0000,0.0000,0.0000,0.0000,7312.0000,0.0000,0.0000,0.0000,0.0000,1,0,0,0,0,1,0,0,0,0
zc,TA305,2012-06-28 09:01:04.417,7306.0000,2678,0,0.0000,0.0000,0,0,多换,B,7304.0000,0.0000,0.0000,0.0000,0.0000,7312.0000,0.0000,0.0000,0.0000,0.0000,1,0,0,0,0,1,0,0,0,0
zc,TA305,2012-06-28 09:01:05.450,7306.0000,2678,0,0.0000,0.0000,0,0,多换,B,7308.0000,0.0000,0.0000,0.0000,0.0000,7312.0000,0.0000,0.0000,0.0000,0.0000,1,0,0,0,0,1,0,0,0,0
zc,TA305,2012-06-28 09:01:08.607,7308.0000,2676,-2,0.0000,2.0000,0,2,双平,B,7306.0000,0.0000,0.0000,0.0000,0.0000,7312.0000,0.0000,0.0000,0.0000,0.0000,3,0,0,0,0,1,0,0,0,0
zc,TA305,2012-06-28 09:01:12.120,7308.0000,2676,0,0.0000,0.0000,0,0,多换,B,7308.0000,0.0000,0.0000,0.0000,0.0000,7312.0000,0.0000,0.0000,0.0000,0.0000,3,0,0,0,0,1,0,0,0,0
zc,TA305,2012-06-28 09:01:13.403,7308.0000,2676,0,0.0000,0.0000,0,0,多换,B,7308.0000,0.0000,0.0000,0.0000,0.0000,7312.0000,0.0000,0.0000,0.0000,0.0000,1,0,0,0,0,1,0,0,0,0
zc,TA305,2012-06-28 09:01:13.903,7308.0000,2676,0,0.0000,0.0000,0,0,多换,B,7304.0000,0.0000,0.0000,0.0000,0.0000,7312.0000,0.0000,0.0000,0.0000,0.0000,3,0,0,0,0,1,0,0,0,0
zc,TA305,2012-06-28 09:01:18.917,7308.0000,2676,0,0.0000,0.0000,0,0,多换,B,7306.0000,0.0000,0.0000,0.0000,0.0000,7312.0000,0.0000,0.0000,0.0000,0.0000,3,0,0,0,0,1,0,0,0,0
zc,TA305,2012-06-28 09:01:19.450,7308.0000,2676,0,0.0000,0.0000,0,0,多换,B,7308.0000,0.0000,0.0000,0.0000,0.0000,7312.0000,0.0000,0.0000,0.0000,0.0000,3,0,0,0,0,1,0,0,0,0
zc,TA305,2012-06-28 09:01:20.153,7308.0000,2676,0,0.0000,0.0000,0,0,多换,B,7306.0000,0.0000,0.0000,0.0000,0.0000,7312.0000,0.0000,0.0000,0.0000,0.0000,3,0,0,0,0,1,0,0,0,0
zc,TA305,2012-06-28 09:01:35.637,7308.0000,2676,0,0.0000,0.0000,0,0,多换,B,7304.0000,0.0000,0.0000,0.0000,0.0000,7312.0000,0.0000,0.0000,0.0000,0.0000,3,0,0,0,0,1,0,0,0,0
zc,TA305,2012-06-28 09:01:36.903,7308.0000,2676,0,0.0000,0.0000,0,0,多换,B,7306.0000,0.0000,0.0000,0.0000,0.0000,7312.0000,0.0000,0.0000,0.0000,0.0000,3,0,0,0,0,1,0,0,0,0
zc,TA305,2012-06-28 09:01:38.637,7308.0000,2676,0,0.0000,0.0000,0,0,多换,B,7304.0000,0.0000,0.0000,0.0000,0.0000,7312.0000,0.0000,0.0000,0.0000,0.0000,3,0,0,0,0,1,0,0,0,0
zc,TA305,2012-06-28 09:01:45.137,7308.0000,2676,0,0.0000,0.0000,0,0,多换,B,7306.0000,0.0000,0.0000,0.0000,0.0000,7312.0000,0.0000,0.0000,0.0000,0.0000,3,0,0,0,0,1,0,0,0,0
zc,TA305,2012-06-28 09:01:50.183,7308.0000,2676,0,0.0000,0.0000,0,0,多换,B,7304.0000,0.0000,0.0000,0.0000,0.0000,7312.0000,0.0000,0.0000,0.0000,0.0000,3,0,0,0,0,1,0,0,0,0
zc,TA305,2012-06-28 09:01:51.120,7308.0000,2676,0,0.0000,0.0000,0,0,多换,B,7304.0000,0.0000,0.0000,0.0000,0.0000,7312.0000,0.0000,0.0000,0.0000,0.0000,5,0,0,0,0,1,0,0,0,0
zc,TA305,2012-06-28 09:01:52.417,7308.0000,2676,0,0.0000,0.0000,0,0,多换,B,7306.0000,0.0000,0.0000,0.0000,0.0000,7312.0000,0.0000,0.0000,0.0000,0.0000,1,0,0,0,0,1,0,0,0,0
zc,TA305,2012-06-28 09:01:53.917,7308.0000,2676,0,0.0000,0.0000,0,0,多换,B,7304.0000,0.0000,0.0000,0.0000,0.0000,7312.0000,0.0000,0.0000,0.0000,0.0000,3,0,0,0,0,5,0,0,0,0
zc,TA305,2012-06-28 09:02:10.653,7308.0000,2676,0,0.0000,0.0000,0,0,多换,B,7302.0000,0.0000,0.0000,0.0000,0.0000,7312.0000,0.0000,0.0000,0.0000,0.0000,3,0,0,0,0,5,0,0,0,0
zc,TA305,2012-06-28 09:02:11.467,7308.0000,2676,0,0.0000,0.0000,0,0,多换,B,7300.0000,0.0000,0.0000,0.0000,0.0000,7308.0000,0.0000,0.0000,0.0000,0.0000,3,0,0,0,0,2,0,0,0,0
zc,TA305,2012-06-28 09:02:11.637,7308.0000,2676,0,0.0000,0.0000,0,0,多换,B,7300.0000,0.0000,0.0000,0.0000,0.0000,7310.0000,0.0000,0.0000,0.0000,0.0000,3,0,0,0,0,2,0,0,0,0
zc,TA305,2012-06-28 09:02:12.403,7308.0000,2676,0,0.0000,0.0000,0,0,多换,B,7300.0000,0.0000,0.0000,0.0000,0.0000,7308.0000,0.0000,0.0000,0.0000,0.0000,3,0,0,0,0,2,0,0,0,0
zc,TA305,2012-06-28 09:02:12.870,7308.0000,2676,0,0.0000,0.0000,0,0,多换,B,7300.0000,0.0000,0.0000,0.0000,0.0000,7308.0000,0.0000,0.0000,0.0000,0.0000,3,0,0,0,0,4,0,0,0,0
zc,TA305,2012-06-28 09:02:15.620,7308.0000,2676,0,0.0000,0.0000,0,0,多换,B,7302.0000,0.0000,0.0000,0.0000,0.0000,7310.0000,0.0000,0.0000,0.0000,0.0000,3,0,0,0,0,4,0,0,0,0
zc,TA305,2012-06-28 09:02:15.857,7308.0000,2676,0,0.0000,0.0000,0,0,多换,B,7302.0000,0.0000,0.0000,0.0000,0.0000,7310.0000,0.0000,0.0000,0.0000,0.0000,2,0,0,0,0,4,0,0,0,0
zc,TA305,2012-06-28 09:02:17.857,7308.0000,2676,0,0.0000,0.0000,0,0,多换,B,7300.0000,0.0000,0.0000,0.0000,0.0000,7310.0000,0.0000,0.0000,0.0000,0.0000,5,0,0,0,0,4,0,0,0,0
zc,TA305,2012-06-28 09:02:18.183,7308.0000,2676,0,0.0000,0.0000,0,0,多换,B,7300.0000,0.0000,0.0000,0.0000,0.0000,7308.0000,0.0000,0.0000,0.0000,0.0000,3,0,0,0,0,1,0,0,0,0
zc,TA305,2012-06-28 09:02:18.903,7308.0000,2676,0,0.0000,0.0000,0,0,多换,B,7300.0000,0.0000,0.0000,0.0000,0.0000,7310.0000,0.0000,0.0000,0.0000,0.0000,3,0,0,0,0,1,0,0,0,0
zc,TA305,2012-06-28 09:02:19.653,7308.0000,2676,0,0.0000,0.0000,0,0,多换,B,7302.0000,0.0000,0.0000,0.0000,0.0000,7310.0000,0.0000,0.0000,0.0000,0.0000,1,0,0,0,0,1,0,0,0,0
zc,TA305,2012-06-28 09:02:20.467,7308.0000,2676,0,0.0000,0.0000,0,0,多换,B,7304.0000,0.0000,0.0000,0.0000,0.0000,7312.0000,0.0000,0.0000,0.0000,0.0000,1,0,0,0,0,1,0,0,0,0
zc,TA305,2012-06-28 09:02:20.870,7308.0000,2676,0,0.0000,0.0000,0,0,多换,B,7304.0000,0.0000,0.0000,0.0000,0.0000,7312.0000,0.0000,0.0000,0.0000,0.0000,5,0,0,0,0,1,0,0,0,0
zc,TA305,2012-06-28 09:02:22.153,7308.0000,2676,0,0.0000,0.0000,0,0,多换,B,7304.0000,0.0000,0.0000,0.0000,0.0000,7312.0000,0.0000,0.0000,0.0000,0.0000,3,0,0,0,0,5,0,0,0,0
zc,TA305,2012-06-28 09:02:26.667,7308.0000,2676,0,0.0000,0.0000,0,0,多换,B,7302.0000,0.0000,0.0000,0.0000,0.0000,7310.0000,0.0000,0.0000,0.0000,0.0000,3,0,0,0,0,4,0,0,0,0
zc,TA305,2012-06-28 09:02:31.387,7308.0000,2676,0,0.0000,0.0000,0,0,多换,B,7302.0000,0.0000,0.0000,0.0000,0.0000,7310.0000,0.0000,0.0000,0.0000,0.0000,1,0,0,0,0,4,0,0,0,0
zc,TA305,2012-06-28 09:02:31.887,7308.0000,2676,0,0.0000,0.0000,0,0,多换,B,7300.0000,0.0000,0.0000,0.0000,0.0000,7308.0000,0.0000,0.0000,0.0000,0.0000,3,0,0,0,0,4,0,0,0,0
zc,TA305,2012-06-28 09:02:32.403,7308.0000,2676,0,0.0000,0.0000,0,0,多换,B,7300.0000,0.0000,0.0000,0.0000,0.0000,7310.0000,0.0000,0.0000,0.0000,0.0000,3,0,0,0,0,6,0,0,0,0
zc,TA305,2012-06-28 09:02:33.153,7308.0000,2676,0,0.0000,0.0000,0,0,多换,B,7300.0000,0.0000,0.0000,0.0000,0.0000,7310.0000,0.0000,0.0000,0.0000,0.0000,3,0,0,0,0,4,0,0,0,0
zc,TA305,2012-06-28 09:02:33.653,7308.0000,2676,0,0.0000,0.0000,0,0,多换,B,7302.0000,0.0000,0.0000,0.0000,0.0000,7310.0000,0.0000,0.0000,0.0000,0.0000,1,0,0,0,0,4,0,0,0,0
zc,TA305,2012-06-28 09:02:34.137,7308.0000,2676,0,0.0000,0.0000,0,0,多换,B,7300.0000,0.0000,0.0000,0.0000,0.0000,7310.0000,0.0000,0.0000,0.0000,0.0000,5,0,0,0,0,4,0,0,0,0
zc,TA305,2012-06-28 09:02:34.917,7308.0000,2676,0,0.0000,0.0000,0,0,多换,B,7302.0000,0.0000,0.0000,0.0000,0.0000,7310.0000,0.0000,0.0000,0.0000,0.0000,1,0,0,0,0,4,0,0,0,0
zc,TA305,2012-06-28 09:02:35.387,7308.0000,2676,0,0.0000,0.0000,0,0,多换,B,7300.0000,0.0000,0.0000,0.0000,0.0000,7310.0000,0.0000,0.0000,0.0000,0.0000,3,0,0,0,0,3,0,0,0,0
zc,TA305,2012-06-28 09:02:36.167,7308.0000,2676,0,0.0000,0.0000,0,0,多换,B,7302.0000,0.0000,0.0000,0.0000,0.0000,7310.0000,0.0000,0.0000,0.0000,0.0000,1,0,0,0,0,3,0,0,0,0
zc,TA305,2012-06-28 09:02:36.653,7308.0000,2676,0,0.0000,0.0000,0,0,多换,B,7302.0000,0.0000,0.0000,0.0000,0.0000,7310.0000,0.0000,0.0000,0.0000,0.0000,1,0,0,0,0,1,0,0,0,0
zc,TA305,2012-06-28 09:02:37.183,7308.0000,2676,0,0.0000,0.0000,0,0,多换,B,7304.0000,0.0000,0.0000,0.0000,0.0000,7312.0000,0.0000,0.0000,0.0000,0.0000,3,0,0,0,0,5,0,0,0,0
zc,TA305,2012-06-28 09:02:37.933,7308.0000,2676,0,0.0000,0.0000,0,0,多换,B,7302.0000,0.0000,0.0000,0.0000,0.0000,7312.0000,0.0000,0.0000,0.0000,0.0000,1,0,0,0,0,5,0,0,0,0
zc,TA305,2012-06-28 09:02:38.403,7308.0000,2676,0,0.0000,0.0000,0,0,多换,B,7304.0000,0.0000,0.0000,0.0000,0.0000,7312.0000,0.0000,0.0000,0.0000,0.0000,1,0,0,0,0,5,0,0,0,0
zc,TA305,2012-06-28 09:02:38.933,7308.0000,2676,0,0.0000,0.0000,0,0,多换,B,7300.0000,0.0000,0.0000,0.0000,0.0000,7308.0000,0.0000,0.0000,0.0000,0.0000,3,0,0,0,0,4,0,0,0,0
zc,TA305,2012-06-28 09:02:40.870,7308.0000,2676,0,0.0000,0.0000,0,0,多换,B,7300.0000,0.0000,0.0000,0.0000,0.0000,7308.0000,0.0000,0.0000,0.0000,0.0000,3,0,0,0,0,2,0,0,0,0
zc,TA305,2012-06-28 09:02:41.403,7308.0000,2676,0,0.0000,0.0000,0,0,多换,B,7302.0000,0.0000,0.0000,0.0000,0.0000,7310.0000,0.0000,0.0000,0.0000,0.0000,1,0,0,0,0,4,0,0,0,0
zc,TA305,2012-06-28 09:02:41.887,7308.0000,2676,0,0.0000,0.0000,0,0,多换,B,7302.0000,0.0000,0.0000,0.0000,0.0000,7310.0000,0.0000,0.0000,0.0000,0.0000,3,0,0,0,0,4,0,0,0,0
zc,TA305,2012-06-28 09:02:44.387,7308.0000,2676,0,0.0000,0.0000,0,0,多换,B,7300.0000,0.0000,0.0000,0.0000,0.0000,7308.0000,0.0000,0.0000,0.0000,0.0000,3,0,0,0,0,4,0,0,0,0
zc,TA305,2012-06-28 09:02:45.620,7308.0000,2676,0,0.0000,0.0000,0,0,多换,B,7300.0000,0.0000,0.0000,0.0000,0.0000,7308.0000,0.0000,0.0000,0.0000,0.0000,3,0,0,0,0,2,0,0,0,0
zc,TA305,2012-06-28 09:02:46.637,7308.0000,2676,0,0.0000,0.0000,0,0,多换,B,7300.0000,0.0000,0.0000,0.0000,0.0000,7308.0000,0.0000,0.0000,0.0000,0.0000,3,0,0,0,0,1,0,0,0,0
zc,TA305,2012-06-28 09:02:47.857,7308.0000,2676,0,0.0000,0.0000,0,0,多换,B,7300.0000,0.0000,0.0000,0.0000,0.0000,7308.0000,0.0000,0.0000,0.0000,0.0000,3,0,0,0,0,4,0,0,0,0
zc,TA305,2012-06-28 09:02:48.387,7308.0000,2676,0,0.0000,0.0000,0,0,多换,B,7302.0000,0.0000,0.0000,0.0000,0.0000,7310.0000,0.0000,0.0000,0.0000,0.0000,3,0,0,0,0,2,0,0,0,0
zc,TA305,2012-06-28 09:02:48.917,7308.0000,2676,0,0.0000,0.0000,0,0,多换,B,7300.0000,0.0000,0.0000,0.0000,0.0000,7308.0000,0.0000,0.0000,0.0000,0.0000,3,0,0,0,0,4,0,0,0,0
zc,TA305,2012-06-28 09:02:54.917,7308.0000,2676,0,0.0000,0.0000,0,0,多换,B,7300.0000,0.0000,0.0000,0.0000,0.0000,7308.0000,0.0000,0.0000,0.0000,0.0000,1,0,0,0,0,4,0,0,0,0
zc,TA305,2012-06-28 09:02:55.620,7308.0000,2676,0,0.0000,0.0000,0,0,多换,B,7298.0000,0.0000,0.0000,0.0000,0.0000,7308.0000,0.0000,0.0000,0.0000,0.0000,3,0,0,0,0,4,0,0,0,0
zc,TA305,2012-06-28 09:02:56.917,7308.0000,2676,0,0.0000,0.0000,0,0,多换,B,7298.0000,0.0000,0.0000,0.0000,0.0000,7306.0000,0.0000,0.0000,0.0000,0.0000,3,0,0,0,0,1,0,0,0,0
zc,TA305,2012-06-28 09:02:57.370,7308.0000,2676,0,0.0000,0.0000,0,0,多换,B,7298.0000,0.0000,0.0000,0.0000,0.0000,7306.0000,0.0000,0.0000,0.0000,0.0000,3,0,0,0,0,4,0,0,0,0
zc,TA305,2012-06-28 09:03:13.090,7308.0000,2676,0,0.0000,0.0000,0,0,多换,B,7298.0000,0.0000,0.0000,0.0000,0.0000,7306.0000,0.0000,0.0000,0.0000,0.0000,3,0,0,0,0,2,0,0,0,0
zc,TA305,2012-06-28 09:03:13.667,7308.0000,2676,0,0.0000,0.0000,0,0,多换,B,7300.0000,0.0000,0.0000,0.0000,0.0000,7308.0000,0.0000,0.0000,0.0000,0.0000,3,0,0,0,0,4,0,0,0,0
zc,TA305,2012-06-28 09:03:14.387,7308.0000,2676,0,0.0000,0.0000,0,0,多换,B,7298.0000,0.0000,0.0000,0.0000,0.0000,7306.0000,0.0000,0.0000,0.0000,0.0000,3,0,0,0,0,4,0,0,0,0
zc,TA305,2012-06-28 09:03:30.433,7308.0000,2676,0,0.0000,0.0000,0,0,多换,B,7300.0000,0.0000,0.0000,0.0000,0.0000,7308.0000,0.0000,0.0000,0.0000,0.0000,3,0,0,0,0,6,0,0,0,0
zc,TA305,2012-06-28 09:03:31.090,7308.0000,2676,0,0.0000,0.0000,0,0,多换,B,7300.0000,0.0000,0.0000,0.0000,0.0000,7308.0000,0.0000,0.0000,0.0000,0.0000,3,0,0,0,0,4,0,0,0,0
zc,TA305,2012-06-28 09:03:32.933,7308.0000,2676,0,0.0000,0.0000,0,0,多换,B,7300.0000,0.0000,0.0000,0.0000,0.0000,7308.0000,0.0000,0.0000,0.0000,0.0000,3,0,0,0,0,1,0,0,0,0
zc,TA305,2012-06-28 09:03:33.370,7308.0000,2676,0,0.0000,0.0000,0,0,多换,B,7300.0000,0.0000,0.0000,0.0000,0.0000,7310.0000,0.0000,0.0000,0.0000,0.0000,3,0,0,0,0,4,0,0,0,0
zc,TA305,2012-06-28 09:03:38.417,7308.0000,2676,0,0.0000,0.0000,0,0,多换,B,7300.0000,0.0000,0.0000,0.0000,0.0000,7310.0000,0.0000,0.0000,0.0000,0.0000,3,0,0,0,0,6,0,0,0,0
zc,TA305,2012-06-28 09:03:38.620,7308.0000,2676,0,0.0000,0.0000,0,0,多换,B,7300.0000,0.0000,0.0000,0.0000,0.0000,7310.0000,0.0000,0.0000,0.0000,0.0000,3,0,0,0,0,4,0,0,0,0
zc,TA305,2012-06-28 09:03:40.887,7308.0000,2676,0,0.0000,0.0000,0,0,多换,B,7304.0000,0.0000,0.0000,0.0000,0.0000,7312.0000,0.0000,0.0000,0.0000,0.0000,1,0,0,0,0,5,0,0,0,0
zc,TA305,2012-06-28 09:03:41.370,7308.0000,2676,0,0.0000,0.0000,0,0,多换,B,7304.0000,0.0000,0.0000,0.0000,0.0000,7312.0000,0.0000,0.0000,0.0000,0.0000,3,0,0,0,0,5,0,0,0,0
zc,TA305,2012-06-28 09:03:42.200,7308.0000,2676,0,0.0000,0.0000,0,0,多换,B,7300.0000,0.0000,0.0000,0.0000,0.0000,7312.0000,0.0000,0.0000,0.0000,0.0000,3,0,0,0,0,5,0,0,0,0
zc,TA305,2012-06-28 09:03:43.120,7308.0000,2676,0,0.0000,0.0000,0,0,多换,B,7300.0000,0.0000,0.0000,0.0000,0.0000,7312.0000,0.0000,0.0000,0.0000,0.0000,3,0,0,0,0,7,0,0,0,0
zc,TA305,2012-06-28 09:03:43.667,7308.0000,2676,0,0.0000,0.0000,0,0,多换,B,7302.0000,0.0000,0.0000,0.0000,0.0000,7312.0000,0.0000,0.0000,0.0000,0.0000,3,0,0,0,0,7,0,0,0,0
zc,TA305,2012-06-28 09:03:44.870,7308.0000,2676,0,0.0000,0.0000,0,0,多换,B,7300.0000,0.0000,0.0000,0.0000,0.0000,7308.0000,0.0000,0.0000,0.0000,0.0000,5,0,0,0,0,1,0,0,0,0
zc,TA305,2012-06-28 09:03:45.667,7308.0000,2676,0,0.0000,0.0000,0,0,多换,B,7300.0000,0.0000,0.0000,0.0000,0.0000,7310.0000,0.0000,0.0000,0.0000,0.0000,3,0,0,0,0,4,0,0,0,0
zc,TA305,2012-06-28 09:03:46.340,7308.0000,2676,0,0.0000,0.0000,0,0,多换,B,7300.0000,0.0000,0.0000,0.0000,0.0000,7310.0000,0.0000,0.0000,0.0000,0.0000,3,0,0,0,0,6,0,0,0,0
zc,TA305,2012-06-28 09:03:48.653,7308.0000,2676,0,0.0000,0.0000,0,0,多换,B,7300.0000,0.0000,0.0000,0.0000,0.0000,7310.0000,0.0000,0.0000,0.0000,0.0000,3,0,0,0,0,4,0,0,0,0
zc,TA305,2012-06-28 09:03:49.167,7308.0000,2676,0,0.0000,0.0000,0,0,多换,B,7302.0000,0.0000,0.0000,0.0000,0.0000,7310.0000,0.0000,0.0000,0.0000,0.0000,1,0,0,0,0,4,0,0,0,0
zc,TA305,2012-06-28 09:03:49.887,7308.0000,2676,0,0.0000,0.0000,0,0,多换,B,7300.0000,0.0000,0.0000,0.0000,0.0000,7310.0000,0.0000,0.0000,0.0000,0.0000,3,0,0,0,0,4,0,0,0,0
zc,TA305,2012-06-28 09:03:52.153,7308.0000,2676,0,0.0000,0.0000,0,0,多换,B,7302.0000,0.0000,0.0000,0.0000,0.0000,7310.0000,0.0000,0.0000,0.0000,0.0000,2,0,0,0,0,6,0,0,0,0
zc,TA305,2012-06-28 09:03:52.637,7308.0000,2676,0,0.0000,0.0000,0,0,多换,B,7302.0000,0.0000,0.0000,0.0000,0.0000,7310.0000,0.0000,0.0000,0.0000,0.0000,1,0,0,0,0,4,0,0,0,0
zc,TA305,2012-06-28 09:03:53.370,7308.0000,2676,0,0.0000,0.0000,0,0,多换,B,7300.0000,0.0000,0.0000,0.0000,0.0000,7310.0000,0.0000,0.0000,0.0000,0.0000,3,0,0,0,0,4,0,0,0,0
zc,TA305,2012-06-28 09:03:54.387,7308.0000,2676,0,0.0000,0.0000,0,0,多换,B,7302.0000,0.0000,0.0000,0.0000,0.0000,7310.0000,0.0000,0.0000,0.0000,0.0000,1,0,0,0,0,4,0,0,0,0
zc,TA305,2012-06-28 09:03:55.387,7308.0000,2676,0,0.0000,0.0000,0,0,多换,B,7300.0000,0.0000,0.0000,0.0000,0.0000,7310.0000,0.0000,0.0000,0.0000,0.0000,3,0,0,0,0,4,0,0,0,0
zc,TA305,2012-06-28 09:03:55.620,7308.0000,2676,0,0.0000,0.0000,0,0,多换,B,7300.0000,0.0000,0.0000,0.0000,0.0000,7308.0000,0.0000,0.0000,0.0000,0.0000,3,0,0,0,0,4,0,0,0,0
zc,TA305,2012-06-28 09:03:57.387,7308.0000,2676,0,0.0000,0.0000,0,0,多换,B,7300.0000,0.0000,0.0000,0.0000,0.0000,7310.0000,0.0000,0.0000,0.0000,0.0000,3,0,0,0,0,4,0,0,0,0
zc,TA305,2012-06-28 09:03:58.137,7308.0000,2676,0,0.0000,0.0000,0,0,多换,B,7302.0000,0.0000,0.0000,0.0000,0.0000,7310.0000,0.0000,0.0000,0.0000,0.0000,1,0,0,0,0,4,0,0,0,0
zc,TA305,2012-06-28 09:03:58.620,7308.0000,2676,0,0.0000,0.0000,0,0,多换,B,7300.0000,0.0000,0.0000,0.0000,0.0000,7310.0000,0.0000,0.0000,0.0000,0.0000,3,0,0,0,0,4,0,0,0,0
zc,TA305,2012-06-28 09:03:59.370,7308.0000,2676,0,0.0000,0.0000,0,0,多换,B,7300.0000,0.0000,0.0000,0.0000,0.0000,7310.0000,0.0000,0.0000,0.0000,0.0000,3,0,0,0,0,6,0,0,0,0
zc,TA305,2012-06-28 09:03:59.887,7308.0000,2676,0,0.0000,0.0000,0,0,多换,B,7300.0000,0.0000,0.0000,0.0000,0.0000,7308.0000,0.0000,0.0000,0.0000,0.0000,3,0,0,0,0,4,0,0,0,0
zc,TA305,2012-06-28 09:04:01.903,7308.0000,2676,0,0.0000,0.0000,0,0,多换,B,7300.0000,0.0000,0.0000,0.0000,0.0000,7308.0000,0.0000,0.0000,0.0000,0.0000,3,0,0,0,0,1,0,0,0,0
zc,TA305,2012-06-28 09:04:02.357,7308.0000,2676,0,0.0000,0.0000,0,0,多换,B,7300.0000,0.0000,0.0000,0.0000,0.0000,7308.0000,0.0000,0.0000,0.0000,0.0000,3,0,0,0,0,4,0,0,0,0
zc,TA305,2012-06-28 09:04:03.167,7308.0000,2676,0,0.0000,0.0000,0,0,多换,B,7300.0000,0.0000,0.0000,0.0000,0.0000,7310.0000,0.0000,0.0000,0.0000,0.0000,3,0,0,0,0,6,0,0,0,0
zc,TA305,2012-06-28 09:04:03.620,7308.0000,2676,0,0.0000,0.0000,0,0,多换,B,7302.0000,0.0000,0.0000,0.0000,0.0000,7310.0000,0.0000,0.0000,0.0000,0.0000,3,0,0,0,0,4,0,0,0,0
zc,TA305,2012-06-28 09:04:14.153,7308.0000,2676,0,0.0000,0.0000,0,0,多换,B,7300.0000,0.0000,0.0000,0.0000,0.0000,7308.0000,0.0000,0.0000,0.0000,0.0000,5,0,0,0,0,4,0,0,0,0
zc,TA305,2012-06-28 09:04:14.887,7308.0000,2676,0,0.0000,0.0000,0,0,多换,B,7300.0000,0.0000,0.0000,0.0000,0.0000,7308.0000,0.0000,0.0000,0.0000,0.0000,3,0,0,0,0,1,0,0,0,0
zc,TA305,2012-06-28 09:04:15.370,7308.0000,2676,0,0.0000,0.0000,0,0,多换,B,7300.0000,0.0000,0.0000,0.0000,0.0000,7310.0000,0.0000,0.0000,0.0000,0.0000,3,0,0,0,0,4,0,0,0,0
zc,TA305,2012-06-28 09:04:16.120,7308.0000,2676,0,0.0000,0.0000,0,0,多换,B,7300.0000,0.0000,0.0000,0.0000,0.0000,7310.0000,0.0000,0.0000,0.0000,0.0000,5,0,0,0,0,4,0,0,0,0
zc,TA305,2012-06-28 09:04:16.607,7308.0000,2676,0,0.0000,0.0000,0,0,多换,B,7300.0000,0.0000,0.0000,0.0000,0.0000,7308.0000,0.0000,0.0000,0.0000,0.0000,3,0,0,0,0,1,0,0,0,0
zc,TA305,2012-06-28 09:04:17.137,7308.0000,2676,0,0.0000,0.0000,0,0,多换,B,7304.0000,0.0000,0.0000,0.0000,0.0000,7310.0000,0.0000,0.0000,0.0000,0.0000,3,0,0,0,0,2,0,0,0,0
zc,TA305,2012-06-28 09:04:17.590,7308.0000,2676,0,0.0000,0.0000,0,0,多换,B,7304.0000,0.0000,0.0000,0.0000,0.0000,7312.0000,0.0000,0.0000,0.0000,0.0000,3,0,0,0,0,5,0,0,0,0
zc,TA305,2012-06-28 09:04:21.637,7308.0000,2676,0,0.0000,0.0000,0,0,多换,B,7304.0000,0.0000,0.0000,0.0000,0.0000,7312.0000,0.0000,0.0000,0.0000,0.0000,1,0,0,0,0,5,0,0,0,0
zc,TA305,2012-06-28 09:04:22.167,7308.0000,2676,0,0.0000,0.0000,0,0,多换,B,7302.0000,0.0000,0.0000,0.0000,0.0000,7312.0000,0.0000,0.0000,0.0000,0.0000,1,0,0,0,0,5,0,0,0,0
zc,TA305,2012-06-28 09:04:23.370,7308.0000,2676,0,0.0000,0.0000,0,0,多换,B,7304.0000,0.0000,0.0000,0.0000,0.0000,7312.0000,0.0000,0.0000,0.0000,0.0000,3,0,0,0,0,5,0,0,0,0
zc,TA305,2012-06-28 09:04:24.417,7308.0000,2676,0,0.0000,0.0000,0,0,多换,B,7304.0000,0.0000,0.0000,0.0000,0.0000,7312.0000,0.0000,0.0000,0.0000,0.0000,3,0,0,0,0,1,0,0,0,0
zc,TA305,2012-06-28 09:04:25.637,7308.0000,2676,0,0.0000,0.0000,0,0,多换,B,7306.0000,0.0000,0.0000,0.0000,0.0000,7312.0000,0.0000,0.0000,0.0000,0.0000,1,0,0,0,0,1,0,0,0,0
zc,TA305,2012-06-28 09:04:26.387,7308.0000,2676,0,0.0000,0.0000,0,0,多换,B,7308.0000,0.0000,0.0000,0.0000,0.0000,7312.0000,0.0000,0.0000,0.0000,0.0000,1,0,0,0,0,1,0,0,0,0
zc,TA305,2012-06-28 09:04:33.370,7308.0000,2676,0,0.0000,0.0000,0,0,多换,B,7306.0000,0.0000,0.0000,0.0000,0.0000,7312.0000,0.0000,0.0000,0.0000,0.0000,1,0,0,0,0,5,0,0,0,0
zc,TA305,2012-06-28 09:04:36.153,7308.0000,2676,0,0.0000,0.0000,0,0,多换,B,7308.0000,0.0000,0.0000,0.0000,0.0000,7312.0000,0.0000,0.0000,0.0000,0.0000,1,0,0,0,0,1,0,0,0,0
zc,TA305,2012-06-28 09:04:46.293,7308.0000,2676,0,0.0000,0.0000,0,0,多换,B,7308.0000,0.0000,0.0000,0.0000,0.0000,7312.0000,0.0000,0.0000,0.0000,0.0000,1,0,0,0,0,1,0,0,0,0
zc,TA305,2012-06-28 09:04:47.403,7308.0000,2676,0,0.0000,0.0000,0,0,多换,B,7310.0000,0.0000,0.0000,0.0000,0.0000,7312.0000,0.0000,0.0000,0.0000,0.0000,1,0,0,0,0,1,0,0,0,0
zc,TA305,2012-06-28 09:04:49.153,7312.0000,2676,0,0.0000,2.0000,1,1,多换,B,7310.0000,0.0000,0.0000,0.0000,0.0000,7318.0000,0.0000,0.0000,0.0000,0.0000,3,0,0,0,0,5,0,0,0,0
zc,TA305,2012-06-28 09:04:53.387,7312.0000,2676,0,0.0000,0.0000,0,0,多换,B,7308.0000,0.0000,0.0000,0.0000,0.0000,7318.0000,0.0000,0.0000,0.0000,0.0000,3,0,0,0,0,5,0,0,0,0
zc,TA305,2012-06-28 09:04:54.137,7312.0000,2676,0,0.0000,0.0000,0,0,多换,B,7308.0000,0.0000,0.0000,0.0000,0.0000,7316.0000,0.0000,0.0000,0.0000,0.0000,3,0,0,0,0,4,0,0,0,0
zc,TA305,2012-06-28 09:04:54.607,7312.0000,2676,0,0.0000,0.0000,0,0,多换,B,7308.0000,0.0000,0.0000,0.0000,0.0000,7318.0000,0.0000,0.0000,0.0000,0.0000,3,0,0,0,0,7,0,0,0,0
zc,TA305,2012-06-28 09:04:55.917,7312.0000,2676,0,0.0000,0.0000,0,0,多换,B,7310.0000,0.0000,0.0000,0.0000,0.0000,7318.0000,0.0000,0.0000,0.0000,0.0000,1,0,0,0,0,7,0,0,0,0
zc,TA305,2012-06-28 09:04:56.637,7312.0000,2676,0,0.0000,0.0000,0,0,多换,B,7310.0000,0.0000,0.0000,0.0000,0.0000,7318.0000,0.0000,0.0000,0.0000,0.0000,3,0,0,0,0,5,0,0,0,0
zc,TA305,2012-06-28 09:04:59.370,7312.0000,2676,0,0.0000,0.0000,0,0,多换,B,7312.0000,0.0000,0.0000,0.0000,0.0000,7318.0000,0.0000,0.0000,0.0000,0.0000,3,0,0,0,0,1,0,0,0,0
zc,TA305,2012-06-28 09:05:00.183,7312.0000,2676,0,0.0000,0.0000,0,0,多换,B,7312.0000,0.0000,0.0000,0.0000,0.0000,7318.0000,0.0000,0.0000,0.0000,0.0000,1,0,0,0,0,1,0,0,0,0
zc,TA305,2012-06-28 09:05:00.607,7312.0000,2676,0,0.0000,0.0000,0,0,多换,B,7310.0000,0.0000,0.0000,0.0000,0.0000,7318.0000,0.0000,0.0000,0.0000,0.0000,5,0,0,0,0,5,0,0,0,0
zc,TA305,2012-06-28 09:05:01.107,7312.0000,2676,0,0.0000,0.0000,0,0,多换,B,7310.0000,0.0000,0.0000,0.0000,0.0000,7318.0000,0.0000,0.0000,0.0000,0.0000,3,0,0,0,0,5,0,0,0,0
zc,TA305,2012-06-28 09:05:18.107,7312.0000,2676,0,0.0000,0.0000,0,0,多换,B,7308.0000,0.0000,0.0000,0.0000,0.0000,7316.0000,0.0000,0.0000,0.0000,0.0000,3,0,0,0,0,4,0,0,0,0
zc,TA305,2012-06-28 09:05:19.387,7312.0000,2676,0,0.0000,0.0000,0,0,多换,B,7310.0000,0.0000,0.0000,0.0000,0.0000,7318.0000,0.0000,0.0000,0.0000,0.0000,3,0,0,0,0,5,0,0,0,0
zc,TA305,2012-06-28 09:05:32.903,7312.0000,2676,0,0.0000,0.0000,0,0,多换,B,7310.0000,0.0000,0.0000,0.0000,0.0000,7318.0000,0.0000,0.0000,0.0000,0.0000,3,0,0,0,0,1,0,0,0,0
zc,TA305,2012-06-28 09:05:33.357,7312.0000,2676,0,0.0000,0.0000,0,0,多换,B,7312.0000,0.0000,0.0000,0.0000,0.0000,7318.0000,0.0000,0.0000,0.0000,0.0000,1,0,0,0,0,1,0,0,0,0
zc,TA305,2012-06-28 09:05:33.840,7312.0000,2676,0,0.0000,0.0000,0,0,多换,B,7312.0000,0.0000,0.0000,0.0000,0.0000,7318.0000,0.0000,0.0000,0.0000,0.0000,3,0,0,0,0,1,0,0,0,0
zc,TA305,2012-06-28 09:05:40.120,7312.0000,2676,0,0.0000,0.0000,0,0,多换,B,7314.0000,0.0000,0.0000,0.0000,0.0000,7318.0000,0.0000,0.0000,0.0000,0.0000,1,0,0,0,0,1,0,0,0,0
zc,TA305,2012-06-28 09:05:41.403,7312.0000,2676,0,0.0000,0.0000,0,0,多换,B,7314.0000,0.0000,0.0000,0.0000,0.0000,7318.0000,0.0000,0.0000,0.0000,0.0000,3,0,0,0,0,1,0,0,0,0
zc,TA305,2012-06-28 09:05:41.887,7312.0000,2676,0,0.0000,0.0000,0,0,多换,B,7312.0000,0.0000,0.0000,0.0000,0.0000,7318.0000,0.0000,0.0000,0.0000,0.0000,5,0,0,0,0,1,0,0,0,0
zc,TA305,2012-06-28 09:05:42.370,7312.0000,2676,0,0.0000,0.0000,0,0,多换,B,7312.0000,0.0000,0.0000,0.0000,0.0000,7318.0000,0.0000,0.0000,0.0000,0.0000,3,0,0,0,0,1,0,0,0,0
zc,TA305,2012-06-28 09:05:45.120,7312.0000,2676,0,0.0000,0.0000,0,0,多换,B,7314.0000,0.0000,0.0000,0.0000,0.0000,7318.0000,0.0000,0.0000,0.0000,0.0000,1,0,0,0,0,1,0,0,0,0
zc,TA305,2012-06-28 09:05:45.653,7312.0000,2676,0,0.0000,0.0000,0,0,多换,B,7312.0000,0.0000,0.0000,0.0000,0.0000,7318.0000,0.0000,0.0000,0.0000,0.0000,5,0,0,0,0,1,0,0,0,0
zc,TA305,2012-06-28 09:05:46.293,7312.0000,2676,0,0.0000,0.0000,0,0,多换,B,7312.0000,0.0000,0.0000,0.0000,0.0000,7318.0000,0.0000,0.0000,0.0000,0.0000,3,0,0,0,0,1,0,0,0,0
zc,TA305,2012-06-28 09:05:46.433,7312.0000,2676,0,0.0000,0.0000,0,0,多换,B,7312.0000,0.0000,0.0000,0.0000,0.0000,7318.0000,0.0000,0.0000,0.0000,0.0000,3,0,0,0,0,1,0,0,0,0
zc,TA305,2012-06-28 09:05:48.607,7312.0000,2676,0,0.0000,0.0000,0,0,多换,B,7314.0000,0.0000,0.0000,0.0000,0.0000,7318.0000,0.0000,0.0000,0.0000,0.0000,3,0,0,0,0,1,0,0,0,0
zc,TA305,2012-06-28 09:05:53.387,7312.0000,2676,0,0.0000,0.0000,0,0,多换,B,7316.0000,0.0000,0.0000,0.0000,0.0000,7318.0000,0.0000,0.0000,0.0000,0.0000,3,0,0,0,0,1,0,0,0,0
zc,TA305,2012-06-28 09:05:54.903,7318.0000,2676,0,0.0000,2.0000,1,1,多换,B,7316.0000,0.0000,0.0000,0.0000,0.0000,7324.0000,0.0000,0.0000,0.0000,0.0000,2,0,0,0,0,4,0,0,0,0
zc,TA305,2012-06-28 09:05:58.340,7318.0000,2676,0,0.0000,0.0000,0,0,多换,B,7316.0000,0.0000,0.0000,0.0000,0.0000,7324.0000,0.0000,0.0000,0.0000,0.0000,1,0,0,0,0,4,0,0,0,0
zc,TA305,2012-06-28 09:05:58.887,7318.0000,2676,0,0.0000,0.0000,0,0,多换,B,7314.0000,0.0000,0.0000,0.0000,0.0000,7324.0000,0.0000,0.0000,0.0000,0.0000,2,0,0,0,0,4,0,0,0,0
zc,TA305,2012-06-28 09:05:59.340,7318.0000,2676,0,0.0000,0.0000,0,0,多换,B,7314.0000,0.0000,0.0000,0.0000,0.0000,7322.0000,0.0000,0.0000,0.0000,0.0000,2,0,0,0,0,4,0,0,0,0
zc,TA305,2012-06-28 09:06:03.637,7318.0000,2676,0,0.0000,0.0000,0,0,多换,B,7314.0000,0.0000,0.0000,0.0000,0.0000,7322.0000,0.0000,0.0000,0.0000,0.0000,2,0,0,0,0,3,0,0,0,0
zc,TA305,2012-06-28 09:06:04.153,7318.0000,2676,0,0.0000,0.0000,0,0,多换,B,7314.0000,0.0000,0.0000,0.0000,0.0000,7324.0000,0.0000,0.0000,0.0000,0.0000,2,0,0,0,0,4,0,0,0,0
zc,TA305,2012-06-28 09:06:04.917,7318.0000,2676,0,0.0000,0.0000,0,0,多换,B,7314.0000,0.0000,0.0000,0.0000,0.0000,7322.0000,0.0000,0.0000,0.0000,0.0000,2,0,0,0,0,1,0,0,0,0
zc,TA305,2012-06-28 09:06:06.137,7318.0000,2676,0,0.0000,0.0000,0,0,多换,B,7314.0000,0.0000,0.0000,0.0000,0.0000,7322.0000,0.0000,0.0000,0.0000,0.0000,2,0,0,0,0,4,0,0,0,0
zc,TA305,2012-06-28 09:06:09.370,7318.0000,2676,0,0.0000,0.0000,0,0,多换,B,7316.0000,0.0000,0.0000,0.0000,0.0000,7324.0000,0.0000,0.0000,0.0000,0.0000,2,0,0,0,0,4,0,0,0,0
zc,TA305,2012-06-28 09:06:11.107,7318.0000,2676,0,0.0000,0.0000,0,0,多换,B,7314.0000,0.0000,0.0000,0.0000,0.0000,7322.0000,0.0000,0.0000,0.0000,0.0000,4,0,0,0,0,1,0,0,0,0
zc,TA305,2012-06-28 09:06:11.857,7318.0000,2676,0,0.0000,0.0000,0,0,多换,B,7316.0000,0.0000,0.0000,0.0000,0.0000,7324.0000,0.0000,0.0000,0.0000,0.0000,2,0,0,0,0,4,0,0,0,0
zc,TA305,2012-06-28 09:06:13.620,7318.0000,2676,0,0.0000,0.0000,0,0,多换,B,7314.0000,0.0000,0.0000,0.0000,0.0000,7322.0000,0.0000,0.0000,0.0000,0.0000,4,0,0,0,0,4,0,0,0,0
zc,TA305,2012-06-28 09:06:14.573,7318.0000,2676,0,0.0000,0.0000,0,0,多换,B,7314.0000,0.0000,0.0000,0.0000,0.0000,7322.0000,0.0000,0.0000,0.0000,0.0000,2,0,0,0,0,4,0,0,0,0
zc,TA305,2012-06-28 09:06:20.153,7318.0000,2676,0,0.0000,0.0000,0,0,多换,B,7312.0000,0.0000,0.0000,0.0000,0.0000,7320.0000,0.0000,0.0000,0.0000,0.0000,2,0,0,0,0,4,0,0,0,0
zc,TA305,2012-06-28 09:06:20.857,7318.0000,2676,0,0.0000,0.0000,0,0,多换,B,7312.0000,0.0000,0.0000,0.0000,0.0000,7320.0000,0.0000,0.0000,0.0000,0.0000,2,0,0,0,0,2,0,0,0,0
zc,TA305,2012-06-28 09:06:21.090,7318.0000,2676,0,0.0000,0.0000,0,0,多换,B,7312.0000,0.0000,0.0000,0.0000,0.0000,7320.0000,0.0000,0.0000,0.0000,0.0000,2,0,0,0,0,4,0,0,0,0
zc,TA305,2012-06-28 09:06:24.153,7318.0000,2676,0,0.0000,0.0000,0,0,多换,B,7310.0000,0.0000,0.0000,0.0000,0.0000,7318.0000,0.0000,0.0000,0.0000,0.0000,2,0,0,0,0,3,0,0,0,0
zc,TA305,2012-06-28 09:06:24.857,7318.0000,2676,0,0.0000,0.0000,0,0,多换,B,7310.0000,0.0000,0.0000,0.0000,0.0000,7318.0000,0.0000,0.0000,0.0000,0.0000,2,0,0,0,0,4,0,0,0,0
zc,TA305,2012-06-28 09:06:25.340,7318.0000,2676,0,0.0000,0.0000,0,0,多换,B,7310.0000,0.0000,0.0000,0.0000,0.0000,7318.0000,0.0000,0.0000,0.0000,0.0000,2,0,0,0,0,3,0,0,0,0
zc,TA305,2012-06-28 09:06:25.870,7318.0000,2676,0,0.0000,0.0000,0,0,多换,B,7310.0000,0.0000,0.0000,0.0000,0.0000,7318.0000,0.0000,0.0000,0.0000,0.0000,2,0,0,0,0,4,0,0,0,0
zc,TA305,2012-06-28 09:06:26.387,7318.0000,2676,0,0.0000,0.0000,0,0,多换,B,7310.0000,0.0000,0.0000,0.0000,0.0000,7318.0000,0.0000,0.0000,0.0000,0.0000,2,0,0,0,0,2,0,0,0,0
zc,TA305,2012-06-28 09:06:27.607,7318.0000,2676,0,0.0000,0.0000,0,0,多换,B,7310.0000,0.0000,0.0000,0.0000,0.0000,7318.0000,0.0000,0.0000,0.0000,0.0000,2,0,0,0,0,1,0,0,0,0
zc,TA305,2012-06-28 09:06:29.357,7318.0000,2676,0,0.0000,0.0000,0,0,多换,B,7310.0000,0.0000,0.0000,0.0000,0.0000,7318.0000,0.0000,0.0000,0.0000,0.0000,2,0,0,0,0,2,0,0,0,0
zc,TA305,2012-06-28 09:06:30.357,7318.0000,2676,0,0.0000,0.0000,0,0,多换,B,7310.0000,0.0000,0.0000,0.0000,0.0000,7318.0000,0.0000,0.0000,0.0000,0.0000,2,0,0,0,0,4,0,0,0,0
zc,TA305,2012-06-28 09:07:03.620,7318.0000,2676,0,0.0000,0.0000,0,0,多换,B,7308.0000,0.0000,0.0000,0.0000,0.0000,7316.0000,0.0000,0.0000,0.0000,0.0000,2,0,0,0,0,1,0,0,0,0
zc,TA305,2012-06-28 09:07:04.073,7318.0000,2676,0,0.0000,0.0000,0,0,多换,B,7308.0000,0.0000,0.0000,0.0000,0.0000,7316.0000,0.0000,0.0000,0.0000,0.0000,2,0,0,0,0,2,0,0,0,0
zc,TA305,2012-06-28 09:07:04.590,7318.0000,2676,0,0.0000,0.0000,0,0,多换,B,7308.0000,0.0000,0.0000,0.0000,0.0000,7316.0000,0.0000,0.0000,0.0000,0.0000,2,0,0,0,0,4,0,0,0,0
zc,TA305,2012-06-28 09:07:15.357,7318.0000,2676,0,0.0000,0.0000,0,0,多换,B,7308.0000,0.0000,0.0000,0.0000,0.0000,7316.0000,0.0000,0.0000,0.0000,0.0000,1,0,0,0,0,4,0,0,0,0
zc,TA305,2012-06-28 09:07:16.107,7318.0000,2676,0,0.0000,0.0000,0,0,多换,B,7308.0000,0.0000,0.0000,0.0000,0.0000,7316.0000,0.0000,0.0000,0.0000,0.0000,2,0,0,0,0,4,0,0,0,0
zc,TA305,2012-06-28 09:07:16.637,7318.0000,2676,0,0.0000,0.0000,0,0,多换,B,7306.0000,0.0000,0.0000,0.0000,0.0000,7314.0000,0.0000,0.0000,0.0000,0.0000,2,0,0,0,0,4,0,0,0,0
zc,TA305,2012-06-28 09:07:18.357,7318.0000,2676,0,0.0000,0.0000,0,0,多换,B,7306.0000,0.0000,0.0000,0.0000,0.0000,7314.0000,0.0000,0.0000,0.0000,0.0000,2,0,0,0,0,2,0,0,0,0
zc,TA305,2012-06-28 09:07:18.870,7318.0000,2676,0,0.0000,0.0000,0,0,多换,B,7306.0000,0.0000,0.0000,0.0000,0.0000,7314.0000,0.0000,0.0000,0.0000,0.0000,2,0,0,0,0,4,0,0,0,0
zc,TA305,2012-06-28 09:07:20.667,7318.0000,2676,0,0.0000,0.0000,0,0,多换,B,7304.0000,0.0000,0.0000,0.0000,0.0000,7312.0000,0.0000,0.0000,0.0000,0.0000,2,0,0,0,0,4,0,0,0,0
zc,TA305,2012-06-28 09:07:23.607,7318.0000,2676,0,0.0000,0.0000,0,0,多换,B,7302.0000,0.0000,0.0000,0.0000,0.0000,7312.0000,0.0000,0.0000,0.0000,0.0000,2,0,0,0,0,4,0,0,0,0
zc,TA305,2012-06-28 09:07:27.107,7318.0000,2676,0,0.0000,0.0000,0,0,多换,B,7300.0000,0.0000,0.0000,0.0000,0.0000,7308.0000,0.0000,0.0000,0.0000,0.0000,2,0,0,0,0,3,0,0,0,0
zc,TA305,2012-06-28 09:07:28.840,7318.0000,2676,0,0.0000,0.0000,0,0,多换,B,7300.0000,0.0000,0.0000,0.0000,0.0000,7308.0000,0.0000,0.0000,0.0000,0.0000,2,0,0,0,0,4,0,0,0,0
zc,TA305,2012-06-28 09:07:29.340,7318.0000,2676,0,0.0000,0.0000,0,0,多换,B,7300.0000,0.0000,0.0000,0.0000,0.0000,7308.0000,0.0000,0.0000,0.0000,0.0000,2,0,0,0,0,1,0,0,0,0
zc,TA305,2012-06-28 09:07:30.090,7318.0000,2676,0,0.0000,0.0000,0,0,多换,B,7300.0000,0.0000,0.0000,0.0000,0.0000,7308.0000,0.0000,0.0000,0.0000,0.0000,2,0,0,0,0,2,0,0,0,0
zc,TA305,2012-06-28 09:07:31.090,7318.0000,2676,0,0.0000,0.0000,0,0,多换,B,7300.0000,0.0000,0.0000,0.0000,0.0000,7310.0000,0.0000,0.0000,0.0000,0.0000,2,0,0,0,0,2,0,0,0,0
zc,TA305,2012-06-28 09:07:31.840,7318.0000,2676,0,0.0000,0.0000,0,0,多换,B,7300.0000,0.0000,0.0000,0.0000,0.0000,7312.0000,0.0000,0.0000,0.0000,0.0000,2,0,0,0,0,4,0,0,0,0
zc,TA305,2012-06-28 09:07:32.887,7318.0000,2676,0,0.0000,0.0000,0,0,多换,B,7302.0000,0.0000,0.0000,0.0000,0.0000,7312.0000,0.0000,0.0000,0.0000,0.0000,2,0,0,0,0,4,0,0,0,0
zc,TA305,2012-06-28 09:07:33.870,7318.0000,2676,0,0.0000,0.0000,0,0,多换,B,7302.0000,0.0000,0.0000,0.0000,0.0000,7312.0000,0.0000,0.0000,0.0000,0.0000,1,0,0,0,0,4,0,0,0,0
zc,TA305,2012-06-28 09:07:34.637,7318.0000,2676,0,0.0000,0.0000,0,0,多换,B,7300.0000,0.0000,0.0000,0.0000,0.0000,7310.0000,0.0000,0.0000,0.0000,0.0000,4,0,0,0,0,4,0,0,0,0
zc,TA305,2012-06-28 09:07:35.120,7318.0000,2676,0,0.0000,0.0000,0,0,多换,B,7300.0000,0.0000,0.0000,0.0000,0.0000,7308.0000,0.0000,0.0000,0.0000,0.0000,2,0,0,0,0,4,0,0,0,0
zc,TA305,2012-06-28 09:07:37.357,7318.0000,2676,0,0.0000,0.0000,0,0,多换,B,7298.0000,0.0000,0.0000,0.0000,0.0000,7306.0000,0.0000,0.0000,0.0000,0.0000,2,0,0,0,0,2,0,0,0,0
zc,TA305,2012-06-28 09:07:38.620,7318.0000,2676,0,0.0000,0.0000,0,0,多换,B,7298.0000,0.0000,0.0000,0.0000,0.0000,7306.0000,0.0000,0.0000,0.0000,0.0000,2,0,0,0,0,1,0,0,0,0
zc,TA305,2012-06-28 09:07:39.153,7318.0000,2676,0,0.0000,0.0000,0,0,多换,B,7300.0000,0.0000,0.0000,0.0000,0.0000,7308.0000,0.0000,0.0000,0.0000,0.0000,1,0,0,0,0,6,0,0,0,0
zc,TA305,2012-06-28 09:07:39.887,7318.0000,2676,0,0.0000,0.0000,0,0,多换,B,7298.0000,0.0000,0.0000,0.0000,0.0000,7308.0000,0.0000,0.0000,0.0000,0.0000,2,0,0,0,0,4,0,0,0,0
zc,TA305,2012-06-28 09:07:40.370,7318.0000,2676,0,0.0000,0.0000,0,0,多换,B,7298.0000,0.0000,0.0000,0.0000,0.0000,7306.0000,0.0000,0.0000,0.0000,0.0000,2,0,0,0,0,4,0,0,0,0
zc,TA305,2012-06-28 09:07:49.323,7318.0000,2676,0,0.0000,0.0000,0,0,多换,B,7298.0000,0.0000,0.0000,0.0000,0.0000,7306.0000,0.0000,0.0000,0.0000,0.0000,2,0,0,0,0,1,0,0,0,0
zc,TA305,2012-06-28 09:07:50.357,7318.0000,2676,0,0.0000,0.0000,0,0,多换,B,7296.0000,0.0000,0.0000,0.0000,0.0000,7304.0000,0.0000,0.0000,0.0000,0.0000,2,0,0,0,0,4,0,0,0,0
zc,TA305,2012-06-28 09:07:52.073,7318.0000,2676,0,0.0000,0.0000,0,0,多换,B,7296.0000,0.0000,0.0000,0.0000,0.0000,7304.0000,0.0000,0.0000,0.0000,0.0000,2,0,0,0,0,3,0,0,0,0
zc,TA305,2012-06-28 09:07:53.323,7318.0000,2676,0,0.0000,0.0000,0,0,多换,B,7296.0000,0.0000,0.0000,0.0000,0.0000,7304.0000,0.0000,0.0000,0.0000,0.0000,2,0,0,0,0,4,0,0,0,0
zc,TA305,2012-06-28 09:07:53.870,7318.0000,2676,0,0.0000,0.0000,0,0,多换,B,7298.0000,0.0000,0.0000,0.0000,0.0000,7306.0000,0.0000,0.0000,0.0000,0.0000,1,0,0,0,0,4,0,0,0,0
zc,TA305,2012-06-28 09:07:55.137,7318.0000,2676,0,0.0000,0.0000,0,0,多换,B,7298.0000,0.0000,0.0000,0.0000,0.0000,7306.0000,0.0000,0.0000,0.0000,0.0000,2,0,0,0,0,4,0,0,0,0
zc,TA305,2012-06-28 09:07:59.107,7318.0000,2676,0,0.0000,0.0000,0,0,多换,B,7296.0000,0.0000,0.0000,0.0000,0.0000,7306.0000,0.0000,0.0000,0.0000,0.0000,4,0,0,0,0,4,0,0,0,0
zc,TA305,2012-06-28 09:07:59.607,7318.0000,2676,0,0.0000,0.0000,0,0,多换,B,7296.0000,0.0000,0.0000,0.0000,0.0000,7304.0000,0.0000,0.0000,0.0000,0.0000,2,0,0,0,0,4,0,0,0,0
zc,TA305,2012-06-28 09:08:01.403,7318.0000,2676,0,0.0000,0.0000,0,0,多换,B,7298.0000,0.0000,0.0000,0.0000,0.0000,7306.0000,0.0000,0.0000,0.0000,0.0000,2,0,0,0,0,6,0,0,0,0
zc,TA305,2012-06-28 09:08:02.107,7318.0000,2676,0,0.0000,0.0000,0,0,多换,B,7298.0000,0.0000,0.0000,0.0000,0.0000,7306.0000,0.0000,0.0000,0.0000,0.0000,2,0,0,0,0,4,0,0,0,0
zc,TA305,2012-06-28 09:08:04.387,7318.0000,2676,0,0.0000,0.0000,0,0,多换,B,7300.0000,0.0000,0.0000,0.0000,0.0000,7306.0000,0.0000,0.0000,0.0000,0.0000,1,0,0,0,0,4,0,0,0,0
zc,TA305,2012-06-28 09:08:07.857,7318.0000,2676,0,0.0000,0.0000,0,0,多换,B,7300.0000,0.0000,0.0000,0.0000,0.0000,7306.0000,0.0000,0.0000,0.0000,0.0000,1,0,0,0,0,3,0,0,0,0
zc,TA305,2012-06-28 09:08:08.357,7318.0000,2676,0,0.0000,0.0000,0,0,多换,B,7300.0000,0.0000,0.0000,0.0000,0.0000,7306.0000,0.0000,0.0000,0.0000,0.0000,1,0,0,0,0,2,0,0,0,0
zc,TA305,2012-06-28 09:08:08.840,7318.0000,2676,0,0.0000,0.0000,0,0,多换,B,7300.0000,0.0000,0.0000,0.0000,0.0000,7308.0000,0.0000,0.0000,0.0000,0.0000,1,0,0,0,0,4,0,0,0,0
zc,TA305,2012-06-28 09:08:12.620,7318.0000,2676,0,0.0000,0.0000,0,0,多换,B,7302.0000,0.0000,0.0000,0.0000,0.0000,7308.0000,0.0000,0.0000,0.0000,0.0000,1,0,0,0,0,4,0,0,0,0
zc,TA305,2012-06-28 09:08:14.370,7318.0000,2676,0,0.0000,0.0000,0,0,多换,B,7300.0000,0.0000,0.0000,0.0000,0.0000,7308.0000,0.0000,0.0000,0.0000,0.0000,1,0,0,0,0,4,0,0,0,0
zc,TA305,2012-06-28 09:08:16.653,7318.0000,2676,0,0.0000,0.0000,0,0,多换,B,7304.0000,0.0000,0.0000,0.0000,0.0000,7310.0000,0.0000,0.0000,0.0000,0.0000,1,0,0,0,0,4,0,0,0,0
zc,TA305,2012-06-28 09:08:19.607,7318.0000,2676,0,0.0000,0.0000,0,0,多换,B,7300.0000,0.0000,0.0000,0.0000,0.0000,7310.0000,0.0000,0.0000,0.0000,0.0000,1,0,0,0,0,4,0,0,0,0
zc,TA305,2012-06-28 09:08:21.870,7318.0000,2676,0,0.0000,0.0000,0,0,多换,B,7302.0000,0.0000,0.0000,0.0000,0.0000,7310.0000,0.0000,0.0000,0.0000,0.0000,1,0,0,0,0,4,0,0,0,0
zc,TA305,2012-06-28 09:08:24.107,7318.0000,2676,0,0.0000,0.0000,0,0,多换,B,7304.0000,0.0000,0.0000,0.0000,0.0000,7310.0000,0.0000,0.0000,0.0000,0.0000,1,0,0,0,0,4,0,0,0,0
zc,TA305,2012-06-28 09:08:25.857,7318.0000,2676,0,0.0000,0.0000,0,0,多换,B,7302.0000,0.0000,0.0000,0.0000,0.0000,7310.0000,0.0000,0.0000,0.0000,0.0000,1,0,0,0,0,4,0,0,0,0
zc,TA305,2012-06-28 09:08:27.340,7318.0000,2676,0,0.0000,0.0000,0,0,多换,B,7304.0000,0.0000,0.0000,0.0000,0.0000,7310.0000,0.0000,0.0000,0.0000,0.0000,1,0,0,0,0,4,0,0,0,0
zc,TA305,2012-06-28 09:08:28.120,7318.0000,2676,0,0.0000,0.0000,0,0,多换,B,7302.0000,0.0000,0.0000,0.0000,0.0000,7308.0000,0.0000,0.0000,0.0000,0.0000,1,0,0,0,0,4,0,0,0,0
zc,TA305,2012-06-28 09:08:35.090,7318.0000,2676,0,0.0000,0.0000,0,0,多换,B,7302.0000,0.0000,0.0000,0.0000,0.0000,7308.0000,0.0000,0.0000,0.0000,0.0000,1,0,0,0,0,2,0,0,0,0
zc,TA305,2012-06-28 09:08:36.590,7318.0000,2676,0,0.0000,0.0000,0,0,多换,B,7302.0000,0.0000,0.0000,0.0000,0.0000,7308.0000,0.0000,0.0000,0.0000,0.0000,1,0,0,0,0,4,0,0,0,0
zc,TA305,2012-06-28 09:08:37.637,7318.0000,2676,0,0.0000,0.0000,0,0,多换,B,7304.0000,0.0000,0.0000,0.0000,0.0000,7310.0000,0.0000,0.0000,0.0000,0.0000,1,0,0,0,0,6,0,0,0,0
zc,TA305,2012-06-28 09:08:38.340,7318.0000,2676,0,0.0000,0.0000,0,0,多换,B,7304.0000,0.0000,0.0000,0.0000,0.0000,7310.0000,0.0000,0.0000,0.0000,0.0000,1,0,0,0,0,4,0,0,0,0
zc,TA305,2012-06-28 09:08:41.417,7318.0000,2676,0,0.0000,0.0000,0,0,多换,B,7306.0000,0.0000,0.0000,0.0000,0.0000,7312.0000,0.0000,0.0000,0.0000,0.0000,1,0,0,0,0,4,0,0,0,0
zc,TA305,2012-06-28 09:08:42.370,7318.0000,2676,0,0.0000,0.0000,0,0,多换,B,7302.0000,0.0000,0.0000,0.0000,0.0000,7312.0000,0.0000,0.0000,0.0000,0.0000,1,0,0,0,0,4,0,0,0,0
zc,TA305,2012-06-28 09:08:43.370,7318.0000,2676,0,0.0000,0.0000,0,0,多换,B,7304.0000,0.0000,0.0000,0.0000,0.0000,7312.0000,0.0000,0.0000,0.0000,0.0000,1,0,0,0,0,4,0,0,0,0
zc,TA305,2012-06-28 09:08:44.153,7318.0000,2676,0,0.0000,0.0000,0,0,多换,B,7302.0000,0.0000,0.0000,0.0000,0.0000,7310.0000,0.0000,0.0000,0.0000,0.0000,1,0,0,0,0,2,0,0,0,0
zc,TA305,2012-06-28 09:08:45.153,7318.0000,2676,0,0.0000,0.0000,0,0,多换,B,7306.0000,0.0000,0.0000,0.0000,0.0000,7312.0000,0.0000,0.0000,0.0000,0.0000,1,0,0,0,0,4,0,0,0,0
zc,TA305,2012-06-28 09:08:52.340,7306.0000,2674,-2,0.0000,2.0000,0,2,双平,S,7306.0000,0.0000,0.0000,0.0000,0.0000,7312.0000,0.0000,0.0000,0.0000,0.0000,1,0,0,0,0,4,0,0,0,0
zc,TA305,2012-06-28 09:09:00.857,7306.0000,2674,0,0.0000,0.0000,0,0,空换,S,7304.0000,0.0000,0.0000,0.0000,0.0000,7312.0000,0.0000,0.0000,0.0000,0.0000,1,0,0,0,0,4,0,0,0,0
zc,TA305,2012-06-28 09:09:02.137,7306.0000,2674,0,0.0000,0.0000,0,0,空换,S,7304.0000,0.0000,0.0000,0.0000,0.0000,7310.0000,0.0000,0.0000,0.0000,0.0000,1,0,0,0,0,4,0,0,0,0
zc,TA305,2012-06-28 09:09:17.107,7310.0000,2684,10,0.0000,10.0000,10,0,双开,B,7304.0000,0.0000,0.0000,0.0000,0.0000,7310.0000,0.0000,0.0000,0.0000,0.0000,1,0,0,0,0,1,0,0,0,0
zc,TA305,2012-06-28 09:09:18.137,7310.0000,2684,0,0.0000,0.0000,0,0,多换,B,7302.0000,0.0000,0.0000,0.0000,0.0000,7308.0000,0.0000,0.0000,0.0000,0.0000,1,0,0,0,0,1,0,0,0,0
zc,TA305,2012-06-28 09:09:29.590,7310.0000,2684,0,0.0000,0.0000,0,0,多换,B,7304.0000,0.0000,0.0000,0.0000,0.0000,7308.0000,0.0000,0.0000,0.0000,0.0000,5,0,0,0,0,1,0,0,0,0
zc,TA305,2012-06-28 09:09:34.620,7304.0000,2682,-2,0.0000,4.0000,1,3,多平,S,7304.0000,0.0000,0.0000,0.0000,0.0000,7306.0000,0.0000,0.0000,0.0000,0.0000,3,0,0,0,0,1,0,0,0,0
zc,TA305,2012-06-28 09:09:40.840,7304.0000,2682,0,0.0000,2.0000,1,1,空换,S,7304.0000,0.0000,0.0000,0.0000,0.0000,7308.0000,0.0000,0.0000,0.0000,0.0000,2,0,0,0,0,2,0,0,0,0
zc,TA305,2012-06-28 09:09:41.607,7304.0000,2682,0,0.0000,0.0000,0,0,空换,S,7304.0000,0.0000,0.0000,0.0000,0.0000,7308.0000,0.0000,0.0000,0.0000,0.0000,2,0,0,0,0,4,0,0,0,0
zc,TA305,2012-06-28 09:09:50.167,7308.0000,2692,10,0.0000,10.0000,10,0,双开,B,7304.0000,0.0000,0.0000,0.0000,0.0000,7308.0000,0.0000,0.0000,0.0000,0.0000,2,0,0,0,0,3,0,0,0,0
zc,TA305,2012-06-28 09:09:53.637,7308.0000,2692,0,0.0000,0.0000,0,0,多换,B,7304.0000,0.0000,0.0000,0.0000,0.0000,7306.0000,0.0000,0.0000,0.0000,0.0000,2,0,0,0,0,1,0,0,0,0
zc,TA305,2012-06-28 09:09:54.090,7308.0000,2692,0,0.0000,0.0000,0,0,多换,B,7304.0000,0.0000,0.0000,0.0000,0.0000,7306.0000,0.0000,0.0000,0.0000,0.0000,2,0,0,0,0,3,0,0,0,0
zc,TA305,2012-06-28 09:09:55.090,7304.0000,2692,0,0.0000,4.0000,2,2,空换,S,7298.0000,0.0000,0.0000,0.0000,0.0000,7306.0000,0.0000,0.0000,0.0000,0.0000,1,0,0,0,0,3,0,0,0,0
zc,TA305,2012-06-28 09:09:58.887,7304.0000,2692,0,0.0000,0.0000,0,0,空换,S,7300.0000,0.0000,0.0000,0.0000,0.0000,7306.0000,0.0000,0.0000,0.0000,0.0000,1,0,0,0,0,2,0,0,0,0
zc,TA305,2012-06-28 09:09:59.120,7304.0000,2692,0,0.0000,0.0000,0,0,空换,S,7300.0000,0.0000,0.0000,0.0000,0.0000,7308.0000,0.0000,0.0000,0.0000,0.0000,1,0,0,0,0,1,0,0,0,0
zc,TA305,2012-06-28 09:09:59.870,7304.0000,2692,0,0.0000,0.0000,0,0,空换,S,7300.0000,0.0000,0.0000,0.0000,0.0000,7308.0000,0.0000,0.0000,0.0000,0.0000,1,0,0,0,0,3,0,0,0,0
zc,TA305,2012-06-28 09:10:08.357,7304.0000,2692,0,0.0000,0.0000,0,0,空换,S,7300.0000,0.0000,0.0000,0.0000,0.0000,7308.0000,0.0000,0.0000,0.0000,0.0000,1,0,0,0,0,2,0,0,0,0
zc,TA305,2012-06-28 09:10:09.153,7304.0000,2692,0,0.0000,0.0000,0,0,空换,S,7302.0000,0.0000,0.0000,0.0000,0.0000,7310.0000,0.0000,0.0000,0.0000,0.0000,1,0,0,0,0,1,0,0,0,0
zc,TA305,2012-06-28 09:10:09.840,7304.0000,2692,0,0.0000,0.0000,0,0,空换,S,7302.0000,0.0000,0.0000,0.0000,0.0000,7310.0000,0.0000,0.0000,0.0000,0.0000,1,0,0,0,0,3,0,0,0,0
zc,TA305,2012-06-28 09:10:24.840,7304.0000,2692,0,0.0000,0.0000,0,0,空换,S,7302.0000,0.0000,0.0000,0.0000,0.0000,7310.0000,0.0000,0.0000,0.0000,0.0000,1,0,0,0,0,2,0,0,0,0
zc,TA305,2012-06-28 09:10:25.357,7304.0000,2692,0,0.0000,0.0000,0,0,空换,S,7302.0000,0.0000,0.0000,0.0000,0.0000,7312.0000,0.0000,0.0000,0.0000,0.0000,1,0,0,0,0,1,0,0,0,0
zc,TA305,2012-06-28 09:10:26.590,7304.0000,2692,0,0.0000,0.0000,0,0,空换,S,7302.0000,0.0000,0.0000,0.0000,0.0000,7312.0000,0.0000,0.0000,0.0000,0.0000,1,0,0,0,0,3,0,0,0,0
zc,TA305,2012-06-28 09:10:28.870,7304.0000,2692,0,0.0000,0.0000,0,0,空换,S,7306.0000,0.0000,0.0000,0.0000,0.0000,7312.0000,0.0000,0.0000,0.0000,0.0000,1,0,0,0,0,2,0,0,0,0
zc,TA305,2012-06-28 09:10:29.340,7304.0000,2692,0,0.0000,0.0000,0,0,空换,S,7306.0000,0.0000,0.0000,0.0000,0.0000,7314.0000,0.0000,0.0000,0.0000,0.0000,2,0,0,0,0,1,0,0,0,0
zc,TA305,2012-06-28 09:10:29.840,7304.0000,2692,0,0.0000,0.0000,0,0,空换,S,7306.0000,0.0000,0.0000,0.0000,0.0000,7314.0000,0.0000,0.0000,0.0000,0.0000,2,0,0,0,0,3,0,0,0,0
zc,TA305,2012-06-28 09:10:30.573,7304.0000,2692,0,0.0000,0.0000,0,0,空换,S,7306.0000,0.0000,0.0000,0.0000,0.0000,7314.0000,0.0000,0.0000,0.0000,0.0000,1,0,0,0,0,3,0,0,0,0
zc,TA305,2012-06-28 09:10:38.370,7304.0000,2692,0,0.0000,0.0000,0,0,空换,S,7304.0000,0.0000,0.0000,0.0000,0.0000,7312.0000,0.0000,0.0000,0.0000,0.0000,1,0,0,0,0,1,0,0,0,0
zc,TA305,2012-06-28 09:10:39.590,7304.0000,2692,0,0.0000,0.0000,0,0,空换,S,7304.0000,0.0000,0.0000,0.0000,0.0000,7312.0000,0.0000,0.0000,0.0000,0.0000,1,0,0,0,0,3,0,0,0,0
zc,TA305,2012-06-28 09:10:46.307,7304.0000,2692,0,0.0000,0.0000,0,0,空换,S,7304.0000,0.0000,0.0000,0.0000,0.0000,7312.0000,0.0000,0.0000,0.0000,0.0000,1,0,0,0,0,3,0,0,0,0
zc,TA305,2012-06-28 09:10:53.120,7304.0000,2692,0,0.0000,0.0000,0,0,空换,S,7306.0000,0.0000,0.0000,0.0000,0.0000,7312.0000,0.0000,0.0000,0.0000,0.0000,1,0,0,0,0,2,0,0,0,0
zc,TA305,2012-06-28 09:10:53.573,7304.0000,2692,0,0.0000,0.0000,0,0,空换,S,7306.0000,0.0000,0.0000,0.0000,0.0000,7314.0000,0.0000,0.0000,0.0000,0.0000,1,0,0,0,0,1,0,0,0,0
zc,TA305,2012-06-28 09:10:54.107,7304.0000,2692,0,0.0000,0.0000,0,0,空换,S,7306.0000,0.0000,0.0000,0.0000,0.0000,7314.0000,0.0000,0.0000,0.0000,0.0000,1,0,0,0,0,3,0,0,0,0
zc,TA305,2012-06-28 09:11:01.090,7304.0000,2692,0,0.0000,0.0000,0,0,空换,S,7304.0000,0.0000,0.0000,0.0000,0.0000,7312.0000,0.0000,0.0000,0.0000,0.0000,1,0,0,0,0,1,0,0,0,0
zc,TA305,2012-06-28 09:11:01.653,7304.0000,2692,0,0.0000,0.0000,0,0,空换,S,7306.0000,0.0000,0.0000,0.0000,0.0000,7312.0000,0.0000,0.0000,0.0000,0.0000,1,0,0,0,0,2,0,0,0,0
zc,TA305,2012-06-28 09:11:02.090,7304.0000,2692,0,0.0000,0.0000,0,0,空换,S,7306.0000,0.0000,0.0000,0.0000,0.0000,7314.0000,0.0000,0.0000,0.0000,0.0000,1,0,0,0,0,1,0,0,0,0
zc,TA305,2012-06-28 09:11:02.840,7304.0000,2692,0,0.0000,0.0000,0,0,空换,S,7306.0000,0.0000,0.0000,0.0000,0.0000,7314.0000,0.0000,0.0000,0.0000,0.0000,1,0,0,0,0,3,0,0,0,0
zc,TA305,2012-06-28 09:11:08.387,7304.0000,2692,0,0.0000,0.0000,0,0,空换,S,7304.0000,0.0000,0.0000,0.0000,0.0000,7312.0000,0.0000,0.0000,0.0000,0.0000,1,0,0,0,0,1,0,0,0,0
zc,TA305,2012-06-28 09:11:08.840,7304.0000,2692,0,0.0000,0.0000,0,0,空换,S,7304.0000,0.0000,0.0000,0.0000,0.0000,7312.0000,0.0000,0.0000,0.0000,0.0000,1,0,0,0,0,3,0,0,0,0
zc,TA305,2012-06-28 09:11:16.573,7304.0000,2692,0,0.0000,0.0000,0,0,空换,S,7304.0000,0.0000,0.0000,0.0000,0.0000,7312.0000,0.0000,0.0000,0.0000,0.0000,1,0,0,0,0,2,0,0,0,0
zc,TA305,2012-06-28 09:11:17.340,7304.0000,2692,0,0.0000,0.0000,0,0,空换,S,7304.0000,0.0000,0.0000,0.0000,0.0000,7314.0000,0.0000,0.0000,0.0000,0.0000,1,0,0,0,0,1,0,0,0,0
zc,TA305,2012-06-28 09:11:17.823,7304.0000,2692,0,0.0000,0.0000,0,0,空换,S,7304.0000,0.0000,0.0000,0.0000,0.0000,7314.0000,0.0000,0.0000,0.0000,0.0000,1,0,0,0,0,3,0,0,0,0
zc,TA305,2012-06-28 09:11:19.073,7304.0000,2692,0,0.0000,0.0000,0,0,空换,S,7304.0000,0.0000,0.0000,0.0000,0.0000,7312.0000,0.0000,0.0000,0.0000,0.0000,1,0,0,0,0,1,0,0,0,0
zc,TA305,2012-06-28 09:11:19.607,7304.0000,2692,0,0.0000,0.0000,0,0,空换,S,7304.0000,0.0000,0.0000,0.0000,0.0000,7312.0000,0.0000,0.0000,0.0000,0.0000,1,0,0,0,0,2,0,0,0,0
zc,TA305,2012-06-28 09:11:20.370,7304.0000,2692,0,0.0000,0.0000,0,0,空换,S,7304.0000,0.0000,0.0000,0.0000,0.0000,7312.0000,0.0000,0.0000,0.0000,0.0000,1,0,0,0,0,3,0,0,0,0
zc,TA305,2012-06-28 09:11:26.857,7304.0000,2692,0,0.0000,0.0000,0,0,空换,S,7306.0000,0.0000,0.0000,0.0000,0.0000,7312.0000,0.0000,0.0000,0.0000,0.0000,1,0,0,0,0,2,0,0,0,0
zc,TA305,2012-06-28 09:11:27.557,7304.0000,2692,0,0.0000,0.0000,0,0,空换,S,7306.0000,0.0000,0.0000,0.0000,0.0000,7314.0000,0.0000,0.0000,0.0000,0.0000,1,0,0,0,0,1,0,0,0,0
zc,TA305,2012-06-28 09:11:28.073,7304.0000,2692,0,0.0000,0.0000,0,0,空换,S,7306.0000,0.0000,0.0000,0.0000,0.0000,7314.0000,0.0000,0.0000,0.0000,0.0000,1,0,0,0,0,3,0,0,0,0
zc,TA305,2012-06-28 09:11:28.620,7304.0000,2692,0,0.0000,0.0000,0,0,空换,S,7304.0000,0.0000,0.0000,0.0000,0.0000,7314.0000,0.0000,0.0000,0.0000,0.0000,1,0,0,0,0,3,0,0,0,0
zc,TA305,2012-06-28 09:11:29.323,7304.0000,2692,0,0.0000,0.0000,0,0,空换,S,7304.0000,0.0000,0.0000,0.0000,0.0000,7312.0000,0.0000,0.0000,0.0000,0.0000,1,0,0,0,0,3,0,0,0,0
zc,TA305,2012-06-28 09:11:31.340,7304.0000,2692,0,0.0000,0.0000,0,0,空换,S,7302.0000,0.0000,0.0000,0.0000,0.0000,7312.0000,0.0000,0.0000,0.0000,0.0000,1,0,0,0,0,3,0,0,0,0
zc,TA305,2012-06-28 09:11:32.090,7304.0000,2692,0,0.0000,0.0000,0,0,空换,S,7302.0000,0.0000,0.0000,0.0000,0.0000,7310.0000,0.0000,0.0000,0.0000,0.0000,1,0,0,0,0,1,0,0,0,0
zc,TA305,2012-06-28 09:11:32.590,7304.0000,2692,0,0.0000,0.0000,0,0,空换,S,7302.0000,0.0000,0.0000,0.0000,0.0000,7310.0000,0.0000,0.0000,0.0000,0.0000,1,0,0,0,0,3,0,0,0,0
zc,TA305,2012-06-28 09:11:34.870,7304.0000,2692,0,0.0000,0.0000,0,0,空换,S,7302.0000,0.0000,0.0000,0.0000,0.0000,7310.0000,0.0000,0.0000,0.0000,0.0000,1,0,0,0,0,2,0,0,0,0
zc,TA305,2012-06-28 09:11:35.340,7304.0000,2692,0,0.0000,0.0000,0,0,空换,S,7302.0000,0.0000,0.0000,0.0000,0.0000,7310.0000,0.0000,0.0000,0.0000,0.0000,1,0,0,0,0,1,0,0,0,0
zc,TA305,2012-06-28 09:11:36.107,7304.0000,2692,0,0.0000,0.0000,0,0,空换,S,7302.0000,0.0000,0.0000,0.0000,0.0000,7310.0000,0.0000,0.0000,0.0000,0.0000,1,0,0,0,0,3,0,0,0,0
zc,TA305,2012-06-28 09:11:51.807,7304.0000,2692,0,0.0000,0.0000,0,0,空换,S,7302.0000,0.0000,0.0000,0.0000,0.0000,7304.0000,0.0000,0.0000,0.0000,0.0000,1,0,0,0,0,2,0,0,0,0
zc,TA305,2012-06-28 09:12:46.870,7304.0000,2692,0,0.0000,4.0000,2,2,空换,S,7302.0000,0.0000,0.0000,0.0000,0.0000,7310.0000,0.0000,0.0000,0.0000,0.0000,3,0,0,0,0,3,0,0,0,0
zc,TA305,2012-06-28 09:12:48.073,7304.0000,2692,0,0.0000,0.0000,0,0,空换,S,7304.0000,0.0000,0.0000,0.0000,0.0000,7310.0000,0.0000,0.0000,0.0000,0.0000,2,0,0,0,0,3,0,0,0,0
zc,TA305,2012-06-28 09:12:55.357,7304.0000,2692,0,0.0000,0.0000,0,0,空换,S,7304.0000,0.0000,0.0000,0.0000,0.0000,7310.0000,0.0000,0.0000,0.0000,0.0000,2,0,0,0,0,2,0,0,0,0
zc,TA305,2012-06-28 09:12:55.840,7304.0000,2692,0,0.0000,0.0000,0,0,空换,S,7304.0000,0.0000,0.0000,0.0000,0.0000,7312.0000,0.0000,0.0000,0.0000,0.0000,2,0,0,0,0,1,0,0,0,0
zc,TA305,2012-06-28 09:12:56.357,7304.0000,2692,0,0.0000,0.0000,0,0,空换,S,7304.0000,0.0000,0.0000,0.0000,0.0000,7312.0000,0.0000,0.0000,0.0000,0.0000,4,0,0,0,0,3,0,0,0,0
zc,TA305,2012-06-28 09:12:57.073,7304.0000,2692,0,0.0000,0.0000,0,0,空换,S,7304.0000,0.0000,0.0000,0.0000,0.0000,7312.0000,0.0000,0.0000,0.0000,0.0000,5,0,0,0,0,3,0,0,0,0
zc,TA305,2012-06-28 09:13:02.573,7304.0000,2692,0,0.0000,0.0000,0,0,空换,S,7304.0000,0.0000,0.0000,0.0000,0.0000,7312.0000,0.0000,0.0000,0.0000,0.0000,3,0,0,0,0,3,0,0,0,0
zc,TA305,2012-06-28 09:13:56.590,7304.0000,2692,0,0.0000,0.0000,0,0,空换,S,7304.0000,0.0000,0.0000,0.0000,0.0000,7312.0000,0.0000,0.0000,0.0000,0.0000,4,0,0,0,0,3,0,0,0,0
zc,TA305,2012-06-28 09:13:59.090,7304.0000,2692,0,0.0000,0.0000,0,0,空换,S,7304.0000,0.0000,0.0000,0.0000,0.0000,7312.0000,0.0000,0.0000,0.0000,0.0000,3,0,0,0,0,3,0,0,0,0
zc,TA305,2012-06-28 09:14:03.357,7304.0000,2692,0,0.0000,0.0000,0,0,空换,S,7306.0000,0.0000,0.0000,0.0000,0.0000,7312.0000,0.0000,0.0000,0.0000,0.0000,3,0,0,0,0,2,0,0,0,0
zc,TA305,2012-06-28 09:14:04.090,7304.0000,2692,0,0.0000,0.0000,0,0,空换,S,7306.0000,0.0000,0.0000,0.0000,0.0000,7314.0000,0.0000,0.0000,0.0000,0.0000,3,0,0,0,0,1,0,0,0,0
zc,TA305,2012-06-28 09:14:04.557,7304.0000,2692,0,0.0000,0.0000,0,0,空换,S,7306.0000,0.0000,0.0000,0.0000,0.0000,7314.0000,0.0000,0.0000,0.0000,0.0000,3,0,0,0,0,3,0,0,0,0
zc,TA305,2012-06-28 09:14:13.323,7304.0000,2692,0,0.0000,0.0000,0,0,空换,S,7306.0000,0.0000,0.0000,0.0000,0.0000,7308.0000,0.0000,0.0000,0.0000,0.0000,3,0,0,0,0,1,0,0,0,0
zc,TA305,2012-06-28 09:14:18.357,7308.0000,2692,0,0.0000,2.0000,1,1,多换,B,7306.0000,0.0000,0.0000,0.0000,0.0000,7314.0000,0.0000,0.0000,0.0000,0.0000,3,0,0,0,0,3,0,0,0,0
zc,TA305,2012-06-28 09:14:21.387,7308.0000,2692,0,0.0000,0.0000,0,0,多换,B,7304.0000,0.0000,0.0000,0.0000,0.0000,7312.0000,0.0000,0.0000,0.0000,0.0000,4,0,0,0,0,1,0,0,0,0
zc,TA305,2012-06-28 09:14:22.387,7308.0000,2692,0,0.0000,0.0000,0,0,多换,B,7304.0000,0.0000,0.0000,0.0000,0.0000,7312.0000,0.0000,0.0000,0.0000,0.0000,4,0,0,0,0,3,0,0,0,0
zc,TA305,2012-06-28 09:14:23.620,7308.0000,2692,0,0.0000,0.0000,0,0,多换,B,7304.0000,0.0000,0.0000,0.0000,0.0000,7312.0000,0.0000,0.0000,0.0000,0.0000,3,0,0,0,0,3,0,0,0,0
zc,TA305,2012-06-28 09:14:24.903,7308.0000,2692,0,0.0000,0.0000,0,0,多换,B,7304.0000,0.0000,0.0000,0.0000,0.0000,7312.0000,0.0000,0.0000,0.0000,0.0000,4,0,0,0,0,2,0,0,0,0
zc,TA305,2012-06-28 09:14:25.340,7308.0000,2692,0,0.0000,0.0000,0,0,多换,B,7304.0000,0.0000,0.0000,0.0000,0.0000,7314.0000,0.0000,0.0000,0.0000,0.0000,4,0,0,0,0,1,0,0,0,0
zc,TA305,2012-06-28 09:14:25.857,7308.0000,2692,0,0.0000,0.0000,0,0,多换,B,7304.0000,0.0000,0.0000,0.0000,0.0000,7314.0000,0.0000,0.0000,0.0000,0.0000,4,0,0,0,0,3,0,0,0,0
zc,TA305,2012-06-28 09:14:29.887,7308.0000,2692,0,0.0000,0.0000,0,0,多换,B,7304.0000,0.0000,0.0000,0.0000,0.0000,7312.0000,0.0000,0.0000,0.0000,0.0000,4,0,0,0,0,1,0,0,0,0
zc,TA305,2012-06-28 09:14:30.607,7308.0000,2692,0,0.0000,0.0000,0,0,多换,B,7304.0000,0.0000,0.0000,0.0000,0.0000,7314.0000,0.0000,0.0000,0.0000,0.0000,4,0,0,0,0,1,0,0,0,0
zc,TA305,2012-06-28 09:14:30.840,7308.0000,2692,0,0.0000,0.0000,0,0,多换,B,7304.0000,0.0000,0.0000,0.0000,0.0000,7312.0000,0.0000,0.0000,0.0000,0.0000,4,0,0,0,0,2,0,0,0,0
zc,TA305,2012-06-28 09:14:31.607,7308.0000,2692,0,0.0000,0.0000,0,0,多换,B,7304.0000,0.0000,0.0000,0.0000,0.0000,7312.0000,0.0000,0.0000,0.0000,0.0000,4,0,0,0,0,1,0,0,0,0
zc,TA305,2012-06-28 09:14:32.137,7308.0000,2692,0,0.0000,0.0000,0,0,多换,B,7306.0000,0.0000,0.0000,0.0000,0.0000,7312.0000,0.0000,0.0000,0.0000,0.0000,1,0,0,0,0,2,0,0,0,0
zc,TA305,2012-06-28 09:14:32.857,7308.0000,2692,0,0.0000,0.0000,0,0,多换,B,7304.0000,0.0000,0.0000,0.0000,0.0000,7314.0000,0.0000,0.0000,0.0000,0.0000,4,0,0,0,0,1,0,0,0,0
zc,TA305,2012-06-28 09:14:33.340,7308.0000,2692,0,0.0000,0.0000,0,0,多换,B,7304.0000,0.0000,0.0000,0.0000,0.0000,7314.0000,0.0000,0.0000,0.0000,0.0000,4,0,0,0,0,3,0,0,0,0
zc,TA305,2012-06-28 09:14:41.607,7308.0000,2692,0,0.0000,0.0000,0,0,多换,B,7304.0000,0.0000,0.0000,0.0000,0.0000,7312.0000,0.0000,0.0000,0.0000,0.0000,4,0,0,0,0,1,0,0,0,0
zc,TA305,2012-06-28 09:14:42.590,7308.0000,2692,0,0.0000,0.0000,0,0,多换,B,7304.0000,0.0000,0.0000,0.0000,0.0000,7312.0000,0.0000,0.0000,0.0000,0.0000,4,0,0,0,0,3,0,0,0,0
zc,TA305,2012-06-28 09:14:46.277,7308.0000,2692,0,0.0000,0.0000,0,0,多换,B,7304.0000,0.0000,0.0000,0.0000,0.0000,7312.0000,0.0000,0.0000,0.0000,0.0000,4,0,0,0,0,3,0,0,0,0
zc,TA305,2012-06-28 09:14:50.620,7308.0000,2692,0,0.0000,0.0000,0,0,多换,B,7304.0000,0.0000,0.0000,0.0000,0.0000,7312.0000,0.0000,0.0000,0.0000,0.0000,4,0,0,0,0,2,0,0,0,0
zc,TA305,2012-06-28 09:14:51.073,7308.0000,2692,0,0.0000,0.0000,0,0,多换,B,7304.0000,0.0000,0.0000,0.0000,0.0000,7314.0000,0.0000,0.0000,0.0000,0.0000,4,0,0,0,0,1,0,0,0,0
zc,TA305,2012-06-28 09:14:51.590,7308.0000,2692,0,0.0000,0.0000,0,0,多换,B,7304.0000,0.0000,0.0000,0.0000,0.0000,7314.0000,0.0000,0.0000,0.0000,0.0000,4,0,0,0,0,3,0,0,0,0
zc,TA305,2012-06-28 09:14:54.357,7308.0000,2692,0,0.0000,0.0000,0,0,多换,B,7306.0000,0.0000,0.0000,0.0000,0.0000,7314.0000,0.0000,0.0000,0.0000,0.0000,1,0,0,0,0,3,0,0,0,0
zc,TA305,2012-06-28 09:14:55.167,7308.0000,2692,0,0.0000,0.0000,0,0,多换,B,7306.0000,0.0000,0.0000,0.0000,0.0000,7314.0000,0.0000,0.0000,0.0000,0.0000,2,0,0,0,0,3,0,0,0,0
zc,TA305,2012-06-28 09:14:55.653,7308.0000,2692,0,0.0000,0.0000,0,0,多换,B,7304.0000,0.0000,0.0000,0.0000,0.0000,7314.0000,0.0000,0.0000,0.0000,0.0000,4,0,0,0,0,3,0,0,0,0
zc,TA305,2012-06-28 09:14:56.387,7308.0000,2692,0,0.0000,0.0000,0,0,多换,B,7306.0000,0.0000,0.0000,0.0000,0.0000,7314.0000,0.0000,0.0000,0.0000,0.0000,1,0,0,0,0,3,0,0,0,0
zc,TA305,2012-06-28 09:14:57.340,7308.0000,2692,0,0.0000,0.0000,0,0,多换,B,7304.0000,0.0000,0.0000,0.0000,0.0000,7314.0000,0.0000,0.0000,0.0000,0.0000,4,0,0,0,0,3,0,0,0,0
zc,TA305,2012-06-28 09:14:58.107,7308.0000,2692,0,0.0000,0.0000,0,0,多换,B,7304.0000,0.0000,0.0000,0.0000,0.0000,7312.0000,0.0000,0.0000,0.0000,0.0000,3,0,0,0,0,1,0,0,0,0
zc,TA305,2012-06-28 09:14:59.090,7308.0000,2692,0,0.0000,0.0000,0,0,多换,B,7304.0000,0.0000,0.0000,0.0000,0.0000,7312.0000,0.0000,0.0000,0.0000,0.0000,4,0,0,0,0,3,0,0,0,0
zc,TA305,2012-06-28 09:15:02.107,7308.0000,2692,0,0.0000,0.0000,0,0,多换,B,7306.0000,0.0000,0.0000,0.0000,0.0000,7312.0000,0.0000,0.0000,0.0000,0.0000,2,0,0,0,0,2,0,0,0,0
zc,TA305,2012-06-28 09:15:02.340,7308.0000,2692,0,0.0000,0.0000,0,0,多换,B,7306.0000,0.0000,0.0000,0.0000,0.0000,7314.0000,0.0000,0.0000,0.0000,0.0000,3,0,0,0,0,1,0,0,0,0
zc,TA305,2012-06-28 09:15:03.090,7308.0000,2692,0,0.0000,0.0000,0,0,多换,B,7306.0000,0.0000,0.0000,0.0000,0.0000,7314.0000,0.0000,0.0000,0.0000,0.0000,3,0,0,0,0,3,0,0,0,0
zc,TA305,2012-06-28 09:15:03.637,7308.0000,2692,0,0.0000,0.0000,0,0,多换,B,7306.0000,0.0000,0.0000,0.0000,0.0000,7314.0000,0.0000,0.0000,0.0000,0.0000,4,0,0,0,0,3,0,0,0,0
zc,TA305,2012-06-28 09:15:08.090,7308.0000,2692,0,0.0000,0.0000,0,0,多换,B,7306.0000,0.0000,0.0000,0.0000,0.0000,7314.0000,0.0000,0.0000,0.0000,0.0000,3,0,0,0,0,3,0,0,0,0
zc,TA305,2012-06-28 09:15:10.433,7308.0000,2692,0,0.0000,0.0000,0,0,多换,B,7306.0000,0.0000,0.0000,0.0000,0.0000,7314.0000,0.0000,0.0000,0.0000,0.0000,4,0,0,0,0,3,0,0,0,0
zc,TA305,2012-06-28 09:15:28.857,7308.0000,2692,0,0.0000,0.0000,0,0,多换,B,7306.0000,0.0000,0.0000,0.0000,0.0000,7314.0000,0.0000,0.0000,0.0000,0.0000,3,0,0,0,0,3,0,0,0,0
zc,TA305,2012-06-28 09:15:33.870,7308.0000,2692,0,0.0000,0.0000,0,0,多换,B,7304.0000,0.0000,0.0000,0.0000,0.0000,7312.0000,0.0000,0.0000,0.0000,0.0000,3,0,0,0,0,1,0,0,0,0
zc,TA305,2012-06-28 09:15:34.340,7308.0000,2692,0,0.0000,0.0000,0,0,多换,B,7304.0000,0.0000,0.0000,0.0000,0.0000,7314.0000,0.0000,0.0000,0.0000,0.0000,3,0,0,0,0,1,0,0,0,0
zc,TA305,2012-06-28 09:15:34.840,7308.0000,2692,0,0.0000,0.0000,0,0,多换,B,7306.0000,0.0000,0.0000,0.0000,0.0000,7314.0000,0.0000,0.0000,0.0000,0.0000,1,0,0,0,0,1,0,0,0,0
zc,TA305,2012-06-28 09:15:35.557,7308.0000,2692,0,0.0000,0.0000,0,0,多换,B,7306.0000,0.0000,0.0000,0.0000,0.0000,7314.0000,0.0000,0.0000,0.0000,0.0000,1,0,0,0,0,3,0,0,0,0
zc,TA305,2012-06-28 09:15:36.370,7308.0000,2692,0,0.0000,0.0000,0,0,多换,B,7304.0000,0.0000,0.0000,0.0000,0.0000,7312.0000,0.0000,0.0000,0.0000,0.0000,3,0,0,0,0,1,0,0,0,0
zc,TA305,2012-06-28 09:15:37.340,7308.0000,2692,0,0.0000,0.0000,0,0,多换,B,7304.0000,0.0000,0.0000,0.0000,0.0000,7312.0000,0.0000,0.0000,0.0000,0.0000,3,0,0,0,0,2,0,0,0,0
zc,TA305,2012-06-28 09:15:37.590,7308.0000,2692,0,0.0000,0.0000,0,0,多换,B,7304.0000,0.0000,0.0000,0.0000,0.0000,7312.0000,0.0000,0.0000,0.0000,0.0000,3,0,0,0,0,1,0,0,0,0
zc,TA305,2012-06-28 09:15:38.370,7308.0000,2692,0,0.0000,0.0000,0,0,多换,B,7304.0000,0.0000,0.0000,0.0000,0.0000,7312.0000,0.0000,0.0000,0.0000,0.0000,3,0,0,0,0,3,0,0,0,0
zc,TA305,2012-06-28 09:15:40.090,7308.0000,2692,0,0.0000,0.0000,0,0,多换,B,7306.0000,0.0000,0.0000,0.0000,0.0000,7312.0000,0.0000,0.0000,0.0000,0.0000,1,0,0,0,0,2,0,0,0,0
zc,TA305,2012-06-28 09:15:40.340,7308.0000,2692,0,0.0000,0.0000,0,0,多换,B,7306.0000,0.0000,0.0000,0.0000,0.0000,7314.0000,0.0000,0.0000,0.0000,0.0000,1,0,0,0,0,1,0,0,0,0
zc,TA305,2012-06-28 09:15:41.107,7308.0000,2692,0,0.0000,0.0000,0,0,多换,B,7306.0000,0.0000,0.0000,0.0000,0.0000,7314.0000,0.0000,0.0000,0.0000,0.0000,1,0,0,0,0,3,0,0,0,0
zc,TA305,2012-06-28 09:15:41.573,7308.0000,2692,0,0.0000,0.0000,0,0,多换,B,7306.0000,0.0000,0.0000,0.0000,0.0000,7314.0000,0.0000,0.0000,0.0000,0.0000,2,0,0,0,0,3,0,0,0,0
zc,TA305,2012-06-28 09:15:42.090,7308.0000,2692,0,0.0000,0.0000,0,0,多换,B,7306.0000,0.0000,0.0000,0.0000,0.0000,7314.0000,0.0000,0.0000,0.0000,0.0000,3,0,0,0,0,3,0,0,0,0
zc,TA305,2012-06-28 09:15:43.107,7308.0000,2692,0,0.0000,0.0000,0,0,多换,B,7304.0000,0.0000,0.0000,0.0000,0.0000,7312.0000,0.0000,0.0000,0.0000,0.0000,3,0,0,0,0,1,0,0,0,0
zc,TA305,2012-06-28 09:15:44.090,7308.0000,2692,0,0.0000,0.0000,0,0,多换,B,7304.0000,0.0000,0.0000,0.0000,0.0000,7312.0000,0.0000,0.0000,0.0000,0.0000,3,0,0,0,0,3,0,0,0,0
zc,TA305,2012-06-28 09:15:45.107,7308.0000,2692,0,0.0000,0.0000,0,0,多换,B,7306.0000,0.0000,0.0000,0.0000,0.0000,7312.0000,0.0000,0.0000,0.0000,0.0000,3,0,0,0,0,2,0,0,0,0
zc,TA305,2012-06-28 09:15:45.307,7308.0000,2692,0,0.0000,0.0000,0,0,多换,B,7306.0000,0.0000,0.0000,0.0000,0.0000,7314.0000,0.0000,0.0000,0.0000,0.0000,3,0,0,0,0,1,0,0,0,0
zc,TA305,2012-06-28 09:16:02.590,7308.0000,2692,0,0.0000,0.0000,0,0,多换,B,7304.0000,0.0000,0.0000,0.0000,0.0000,7314.0000,0.0000,0.0000,0.0000,0.0000,3,0,0,0,0,3,0,0,0,0
zc,TA305,2012-06-28 09:16:04.307,7308.0000,2692,0,0.0000,0.0000,0,0,多换,B,7304.0000,0.0000,0.0000,0.0000,0.0000,7312.0000,0.0000,0.0000,0.0000,0.0000,3,0,0,0,0,2,0,0,0,0
zc,TA305,2012-06-28 09:16:06.090,7308.0000,2692,0,0.0000,0.0000,0,0,多换,B,7304.0000,0.0000,0.0000,0.0000,0.0000,7314.0000,0.0000,0.0000,0.0000,0.0000,3,0,0,0,0,1,0,0,0,0
zc,TA305,2012-06-28 09:16:06.543,7308.0000,2692,0,0.0000,0.0000,0,0,多换,B,7304.0000,0.0000,0.0000,0.0000,0.0000,7314.0000,0.0000,0.0000,0.0000,0.0000,3,0,0,0,0,3,0,0,0,0
zc,TA305,2012-06-28 09:16:08.387,7308.0000,2692,0,0.0000,0.0000,0,0,多换,B,7306.0000,0.0000,0.0000,0.0000,0.0000,7314.0000,0.0000,0.0000,0.0000,0.0000,2,0,0,0,0,3,0,0,0,0
zc,TA305,2012-06-28 09:16:09.840,7308.0000,2692,0,0.0000,0.0000,0,0,多换,B,7306.0000,0.0000,0.0000,0.0000,0.0000,7314.0000,0.0000,0.0000,0.0000,0.0000,1,0,0,0,0,3,0,0,0,0
zc,TA305,2012-06-28 09:16:11.590,7308.0000,2692,0,0.0000,0.0000,0,0,多换,B,7304.0000,0.0000,0.0000,0.0000,0.0000,7312.0000,0.0000,0.0000,0.0000,0.0000,3,0,0,0,0,1,0,0,0,0
zc,TA305,2012-06-28 09:16:12.557,7308.0000,2692,0,0.0000,0.0000,0,0,多换,B,7304.0000,0.0000,0.0000,0.0000,0.0000,7312.0000,0.0000,0.0000,0.0000,0.0000,3,0,0,0,0,3,0,0,0,0
zc,TA305,2012-06-28 09:16:18.870,7308.0000,2692,0,0.0000,0.0000,0,0,多换,B,7302.0000,0.0000,0.0000,0.0000,0.0000,7312.0000,0.0000,0.0000,0.0000,0.0000,1,0,0,0,0,3,0,0,0,0
zc,TA305,2012-06-28 09:16:19.607,7308.0000,2692,0,0.0000,0.0000,0,0,多换,B,7302.0000,0.0000,0.0000,0.0000,0.0000,7312.0000,0.0000,0.0000,0.0000,0.0000,3,0,0,0,0,3,0,0,0,0
zc,TA305,2012-06-28 09:16:20.607,7308.0000,2692,0,0.0000,0.0000,0,0,多换,B,7302.0000,0.0000,0.0000,0.0000,0.0000,7312.0000,0.0000,0.0000,0.0000,0.0000,2,0,0,0,0,3,0,0,0,0
zc,TA305,2012-06-28 09:16:20.840,7308.0000,2692,0,0.0000,0.0000,0,0,多换,B,7300.0000,0.0000,0.0000,0.0000,0.0000,7308.0000,0.0000,0.0000,0.0000,0.0000,1,0,0,0,0,1,0,0,0,0
zc,TA305,2012-06-28 09:16:21.573,7308.0000,2692,0,0.0000,0.0000,0,0,多换,B,7300.0000,0.0000,0.0000,0.0000,0.0000,7308.0000,0.0000,0.0000,0.0000,0.0000,3,0,0,0,0,1,0,0,0,0
zc,TA305,2012-06-28 09:16:22.073,7308.0000,2692,0,0.0000,0.0000,0,0,多换,B,7300.0000,0.0000,0.0000,0.0000,0.0000,7308.0000,0.0000,0.0000,0.0000,0.0000,3,0,0,0,0,3,0,0,0,0
zc,TA305,2012-06-28 09:16:22.557,7308.0000,2692,0,0.0000,0.0000,0,0,多换,B,7300.0000,0.0000,0.0000,0.0000,0.0000,7308.0000,0.0000,0.0000,0.0000,0.0000,3,0,0,0,0,2,0,0,0,0
zc,TA305,2012-06-28 09:16:23.357,7308.0000,2692,0,0.0000,0.0000,0,0,多换,B,7300.0000,0.0000,0.0000,0.0000,0.0000,7308.0000,0.0000,0.0000,0.0000,0.0000,3,0,0,0,0,1,0,0,0,0
zc,TA305,2012-06-28 09:16:23.557,7308.0000,2692,0,0.0000,0.0000,0,0,多换,B,7300.0000,0.0000,0.0000,0.0000,0.0000,7308.0000,0.0000,0.0000,0.0000,0.0000,3,0,0,0,0,3,0,0,0,0
zc,TA305,2012-06-28 09:16:26.307,7308.0000,2692,0,0.0000,0.0000,0,0,多换,B,7300.0000,0.0000,0.0000,0.0000,0.0000,7308.0000,0.0000,0.0000,0.0000,0.0000,2,0,0,0,0,3,0,0,0,0
zc,TA305,2012-06-28 09:16:27.590,7308.0000,2692,0,0.0000,0.0000,0,0,多换,B,7300.0000,0.0000,0.0000,0.0000,0.0000,7306.0000,0.0000,0.0000,0.0000,0.0000,1,0,0,0,0,1,0,0,0,0
zc,TA305,2012-06-28 09:16:28.107,7308.0000,2692,0,0.0000,0.0000,0,0,多换,B,7302.0000,0.0000,0.0000,0.0000,0.0000,7308.0000,0.0000,0.0000,0.0000,0.0000,1,0,0,0,0,1,0,0,0,0
zc,TA305,2012-06-28 09:16:29.387,7308.0000,2692,0,0.0000,0.0000,0,0,多换,B,7302.0000,0.0000,0.0000,0.0000,0.0000,7308.0000,0.0000,0.0000,0.0000,0.0000,1,0,0,0,0,3,0,0,0,0
zc,TA305,2012-06-28 09:16:32.573,7308.0000,2692,0,0.0000,0.0000,0,0,多换,B,7300.0000,0.0000,0.0000,0.0000,0.0000,7308.0000,0.0000,0.0000,0.0000,0.0000,4,0,0,0,0,3,0,0,0,0
zc,TA305,2012-06-28 09:16:33.073,7308.0000,2692,0,0.0000,0.0000,0,0,多换,B,7300.0000,0.0000,0.0000,0.0000,0.0000,7308.0000,0.0000,0.0000,0.0000,0.0000,1,0,0,0,0,3,0,0,0,0
zc,TA305,2012-06-28 09:16:37.137,7308.0000,2692,0,0.0000,0.0000,0,0,多换,B,7302.0000,0.0000,0.0000,0.0000,0.0000,7308.0000,0.0000,0.0000,0.0000,0.0000,1,0,0,0,0,3,0,0,0,0
zc,TA305,2012-06-28 09:16:41.090,7308.0000,2692,0,0.0000,0.0000,0,0,多换,B,7302.0000,0.0000,0.0000,0.0000,0.0000,7308.0000,0.0000,0.0000,0.0000,0.0000,1,0,0,0,0,2,0,0,0,0
zc,TA305,2012-06-28 09:16:41.840,7308.0000,2692,0,0.0000,0.0000,0,0,多换,B,7302.0000,0.0000,0.0000,0.0000,0.0000,7310.0000,0.0000,0.0000,0.0000,0.0000,1,0,0,0,0,1,0,0,0,0
zc,TA305,2012-06-28 09:16:42.340,7308.0000,2692,0,0.0000,0.0000,0,0,多换,B,7302.0000,0.0000,0.0000,0.0000,0.0000,7310.0000,0.0000,0.0000,0.0000,0.0000,2,0,0,0,0,3,0,0,0,0
zc,TA305,2012-06-28 09:16:43.357,7308.0000,2692,0,0.0000,0.0000,0,0,多换,B,7302.0000,0.0000,0.0000,0.0000,0.0000,7308.0000,0.0000,0.0000,0.0000,0.0000,1,0,0,0,0,1,0,0,0,0
zc,TA305,2012-06-28 09:16:44.073,7308.0000,2692,0,0.0000,0.0000,0,0,多换,B,7302.0000,0.0000,0.0000,0.0000,0.0000,7308.0000,0.0000,0.0000,0.0000,0.0000,1,0,0,0,0,2,0,0,0,0
zc,TA305,2012-06-28 09:16:44.543,7308.0000,2692,0,0.0000,0.0000,0,0,多换,B,7302.0000,0.0000,0.0000,0.0000,0.0000,7310.0000,0.0000,0.0000,0.0000,0.0000,1,0,0,0,0,1,0,0,0,0
zc,TA305,2012-06-28 09:16:45.073,7308.0000,2692,0,0.0000,0.0000,0,0,多换,B,7302.0000,0.0000,0.0000,0.0000,0.0000,7308.0000,0.0000,0.0000,0.0000,0.0000,1,0,0,0,0,1,0,0,0,0
zc,TA305,2012-06-28 09:16:46.823,7308.0000,2692,0,0.0000,0.0000,0,0,多换,B,7302.0000,0.0000,0.0000,0.0000,0.0000,7308.0000,0.0000,0.0000,0.0000,0.0000,4,0,0,0,0,2,0,0,0,0
zc,TA305,2012-06-28 09:16:47.307,7308.0000,2692,0,0.0000,0.0000,0,0,多换,B,7302.0000,0.0000,0.0000,0.0000,0.0000,7310.0000,0.0000,0.0000,0.0000,0.0000,4,0,0,0,0,1,0,0,0,0
zc,TA305,2012-06-28 09:16:47.807,7308.0000,2692,0,0.0000,0.0000,0,0,多换,B,7302.0000,0.0000,0.0000,0.0000,0.0000,7310.0000,0.0000,0.0000,0.0000,0.0000,4,0,0,0,0,3,0,0,0,0
zc,TA305,2012-06-28 09:16:53.823,7308.0000,2692,0,0.0000,0.0000,0,0,多换,B,7302.0000,0.0000,0.0000,0.0000,0.0000,7310.0000,0.0000,0.0000,0.0000,0.0000,2,0,0,0,0,3,0,0,0,0
zc,TA305,2012-06-28 09:16:54.370,7308.0000,2692,0,0.0000,0.0000,0,0,多换,B,7302.0000,0.0000,0.0000,0.0000,0.0000,7310.0000,0.0000,0.0000,0.0000,0.0000,1,0,0,0,0,3,0,0,0,0
zc,TA305,2012-06-28 09:16:55.090,7308.0000,2692,0,0.0000,0.0000,0,0,多换,B,7302.0000,0.0000,0.0000,0.0000,0.0000,7310.0000,0.0000,0.0000,0.0000,0.0000,4,0,0,0,0,3,0,0,0,0
zc,TA305,2012-06-28 09:16:59.340,7308.0000,2692,0,0.0000,0.0000,0,0,多换,B,7304.0000,0.0000,0.0000,0.0000,0.0000,7310.0000,0.0000,0.0000,0.0000,0.0000,1,0,0,0,0,3,0,0,0,0
zc,TA305,2012-06-28 09:17:04.107,7308.0000,2692,0,0.0000,0.0000,0,0,多换,B,7302.0000,0.0000,0.0000,0.0000,0.0000,7308.0000,0.0000,0.0000,0.0000,0.0000,1,0,0,0,0,1,0,0,0,0
zc,TA305,2012-06-28 09:17:04.870,7308.0000,2692,0,0.0000,0.0000,0,0,多换,B,7302.0000,0.0000,0.0000,0.0000,0.0000,7310.0000,0.0000,0.0000,0.0000,0.0000,1,0,0,0,0,1,0,0,0,0
zc,TA305,2012-06-28 09:17:05.573,7308.0000,2692,0,0.0000,0.0000,0,0,多换,B,7302.0000,0.0000,0.0000,0.0000,0.0000,7308.0000,0.0000,0.0000,0.0000,0.0000,1,0,0,0,0,2,0,0,0,0
zc,TA305,2012-06-28 09:17:06.057,7308.0000,2692,0,0.0000,0.0000,0,0,多换,B,7302.0000,0.0000,0.0000,0.0000,0.0000,7310.0000,0.0000,0.0000,0.0000,0.0000,1,0,0,0,0,1,0,0,0,0
zc,TA305,2012-06-28 09:17:06.607,7308.0000,2692,0,0.0000,0.0000,0,0,多换,B,7304.0000,0.0000,0.0000,0.0000,0.0000,7310.0000,0.0000,0.0000,0.0000,0.0000,1,0,0,0,0,3,0,0,0,0
zc,TA305,2012-06-28 09:17:07.107,7308.0000,2692,0,0.0000,0.0000,0,0,多换,B,7302.0000,0.0000,0.0000,0.0000,0.0000,7310.0000,0.0000,0.0000,0.0000,0.0000,2,0,0,0,0,3,0,0,0,0
zc,TA305,2012-06-28 09:17:07.590,7308.0000,2692,0,0.0000,0.0000,0,0,多换,B,7302.0000,0.0000,0.0000,0.0000,0.0000,7310.0000,0.0000,0.0000,0.0000,0.0000,1,0,0,0,0,3,0,0,0,0
zc,TA305,2012-06-28 09:17:08.887,7308.0000,2692,0,0.0000,0.0000,0,0,多换,B,7304.0000,0.0000,0.0000,0.0000,0.0000,7310.0000,0.0000,0.0000,0.0000,0.0000,3,0,0,0,0,2,0,0,0,0
zc,TA305,2012-06-28 09:17:09.307,7308.0000,2692,0,0.0000,0.0000,0,0,多换,B,7304.0000,0.0000,0.0000,0.0000,0.0000,7312.0000,0.0000,0.0000,0.0000,0.0000,3,0,0,0,0,1,0,0,0,0
zc,TA305,2012-06-28 09:17:09.857,7308.0000,2692,0,0.0000,0.0000,0,0,多换,B,7304.0000,0.0000,0.0000,0.0000,0.0000,7312.0000,0.0000,0.0000,0.0000,0.0000,3,0,0,0,0,3,0,0,0,0
zc,TA305,2012-06-28 09:17:11.090,7308.0000,2692,0,0.0000,0.0000,0,0,多换,B,7304.0000,0.0000,0.0000,0.0000,0.0000,7312.0000,0.0000,0.0000,0.0000,0.0000,4,0,0,0,0,3,0,0,0,0
zc,TA305,2012-06-28 09:17:11.607,7308.0000,2692,0,0.0000,0.0000,0,0,多换,B,7302.0000,0.0000,0.0000,0.0000,0.0000,7312.0000,0.0000,0.0000,0.0000,0.0000,1,0,0,0,0,3,0,0,0,0
zc,TA305,2012-06-28 09:17:12.823,7308.0000,2692,0,0.0000,0.0000,0,0,多换,B,7304.0000,0.0000,0.0000,0.0000,0.0000,7312.0000,0.0000,0.0000,0.0000,0.0000,1,0,0,0,0,3,0,0,0,0
zc,TA305,2012-06-28 09:17:13.840,7308.0000,2692,0,0.0000,0.0000,0,0,多换,B,7304.0000,0.0000,0.0000,0.0000,0.0000,7312.0000,0.0000,0.0000,0.0000,0.0000,1,0,0,0,0,1,0,0,0,0
zc,TA305,2012-06-28 09:17:14.807,7308.0000,2692,0,0.0000,0.0000,0,0,多换,B,7304.0000,0.0000,0.0000,0.0000,0.0000,7312.0000,0.0000,0.0000,0.0000,0.0000,1,0,0,0,0,3,0,0,0,0
zc,TA305,2012-06-28 09:17:16.090,7308.0000,2692,0,0.0000,0.0000,0,0,多换,B,7304.0000,0.0000,0.0000,0.0000,0.0000,7310.0000,0.0000,0.0000,0.0000,0.0000,1,0,0,0,0,1,0,0,0,0
zc,TA305,2012-06-28 09:17:17.357,7308.0000,2692,0,0.0000,0.0000,0,0,多换,B,7304.0000,0.0000,0.0000,0.0000,0.0000,7310.0000,0.0000,0.0000,0.0000,0.0000,1,0,0,0,0,3,0,0,0,0
zc,TA305,2012-06-28 09:17:21.387,7308.0000,2692,0,0.0000,0.0000,0,0,多换,B,7300.0000,0.0000,0.0000,0.0000,0.0000,7310.0000,0.0000,0.0000,0.0000,0.0000,1,0,0,0,0,3,0,0,0,0
zc,TA305,2012-06-28 09:17:22.357,7308.0000,2692,0,0.0000,0.0000,0,0,多换,B,7304.0000,0.0000,0.0000,0.0000,0.0000,7310.0000,0.0000,0.0000,0.0000,0.0000,1,0,0,0,0,3,0,0,0,0
zc,TA305,2012-06-28 09:17:22.840,7308.0000,2692,0,0.0000,0.0000,0,0,多换,B,7300.0000,0.0000,0.0000,0.0000,0.0000,7308.0000,0.0000,0.0000,0.0000,0.0000,1,0,0,0,0,1,0,0,0,0
zc,TA305,2012-06-28 09:17:23.857,7308.0000,2692,0,0.0000,0.0000,0,0,多换,B,7300.0000,0.0000,0.0000,0.0000,0.0000,7304.0000,0.0000,0.0000,0.0000,0.0000,1,0,0,0,0,1,0,0,0,0
zc,TA305,2012-06-28 09:17:24.637,7308.0000,2692,0,0.0000,0.0000,0,0,多换,B,7300.0000,0.0000,0.0000,0.0000,0.0000,7304.0000,0.0000,0.0000,0.0000,0.0000,1,0,0,0,0,2,0,0,0,0
zc,TA305,2012-06-28 09:17:25.107,7308.0000,2692,0,0.0000,0.0000,0,0,多换,B,7300.0000,0.0000,0.0000,0.0000,0.0000,7308.0000,0.0000,0.0000,0.0000,0.0000,1,0,0,0,0,1,0,0,0,0
zc,TA305,2012-06-28 09:17:25.607,7308.0000,2692,0,0.0000,0.0000,0,0,多换,B,7300.0000,0.0000,0.0000,0.0000,0.0000,7304.0000,0.0000,0.0000,0.0000,0.0000,1,0,0,0,0,1,0,0,0,0
zc,TA305,2012-06-28 09:17:26.557,7308.0000,2692,0,0.0000,0.0000,0,0,多换,B,7300.0000,0.0000,0.0000,0.0000,0.0000,7304.0000,0.0000,0.0000,0.0000,0.0000,1,0,0,0,0,3,0,0,0,0
zc,TA305,2012-06-28 09:17:27.823,7308.0000,2692,0,0.0000,0.0000,0,0,多换,B,7300.0000,0.0000,0.0000,0.0000,0.0000,7304.0000,0.0000,0.0000,0.0000,0.0000,1,0,0,0,0,2,0,0,0,0
zc,TA305,2012-06-28 09:17:28.340,7308.0000,2692,0,0.0000,0.0000,0,0,多换,B,7302.0000,0.0000,0.0000,0.0000,0.0000,7308.0000,0.0000,0.0000,0.0000,0.0000,1,0,0,0,0,1,0,0,0,0
zc,TA305,2012-06-28 09:17:29.043,7308.0000,2692,0,0.0000,0.0000,0,0,多换,B,7302.0000,0.0000,0.0000,0.0000,0.0000,7308.0000,0.0000,0.0000,0.0000,0.0000,1,0,0,0,0,3,0,0,0,0
zc,TA305,2012-06-28 09:17:30.387,7308.0000,2692,0,0.0000,0.0000,0,0,多换,B,7300.0000,0.0000,0.0000,0.0000,0.0000,7306.0000,0.0000,0.0000,0.0000,0.0000,1,0,0,0,0,1,0,0,0,0
zc,TA305,2012-06-28 09:17:31.903,7308.0000,2692,0,0.0000,0.0000,0,0,多换,B,7302.0000,0.0000,0.0000,0.0000,0.0000,7306.0000,0.0000,0.0000,0.0000,0.0000,1,0,0,0,0,2,0,0,0,0
zc,TA305,2012-06-28 09:17:32.057,7308.0000,2692,0,0.0000,0.0000,0,0,多换,B,7300.0000,0.0000,0.0000,0.0000,0.0000,7308.0000,0.0000,0.0000,0.0000,0.0000,1,0,0,0,0,1,0,0,0,0
zc,TA305,2012-06-28 09:17:32.917,7308.0000,2692,0,0.0000,0.0000,0,0,多换,B,7298.0000,0.0000,0.0000,0.0000,0.0000,7306.0000,0.0000,0.0000,0.0000,0.0000,4,0,0,0,0,1,0,0,0,0
zc,TA305,2012-06-28 09:17:33.073,7308.0000,2692,0,0.0000,0.0000,0,0,多换,B,7298.0000,0.0000,0.0000,0.0000,0.0000,7308.0000,0.0000,0.0000,0.0000,0.0000,4,0,0,0,0,1,0,0,0,0
zc,TA305,2012-06-28 09:17:33.823,7308.0000,2692,0,0.0000,0.0000,0,0,多换,B,7298.0000,0.0000,0.0000,0.0000,0.0000,7306.0000,0.0000,0.0000,0.0000,0.0000,4,0,0,0,0,2,0,0,0,0
zc,TA305,2012-06-28 09:17:34.340,7308.0000,2692,0,0.0000,0.0000,0,0,多换,B,7298.0000,0.0000,0.0000,0.0000,0.0000,7308.0000,0.0000,0.0000,0.0000,0.0000,4,0,0,0,0,1,0,0,0,0
zc,TA305,2012-06-28 09:17:34.840,7308.0000,2692,0,0.0000,0.0000,0,0,多换,B,7298.0000,0.0000,0.0000,0.0000,0.0000,7308.0000,0.0000,0.0000,0.0000,0.0000,4,0,0,0,0,3,0,0,0,0
zc,TA305,2012-06-28 09:17:35.607,7308.0000,2692,0,0.0000,0.0000,0,0,多换,B,7298.0000,0.0000,0.0000,0.0000,0.0000,7306.0000,0.0000,0.0000,0.0000,0.0000,4,0,0,0,0,1,0,0,0,0
zc,TA305,2012-06-28 09:17:35.857,7308.0000,2692,0,0.0000,0.0000,0,0,多换,B,7300.0000,0.0000,0.0000,0.0000,0.0000,7306.0000,0.0000,0.0000,0.0000,0.0000,1,0,0,0,0,2,0,0,0,0
zc,TA305,2012-06-28 09:17:36.557,7308.0000,2692,0,0.0000,0.0000,0,0,多换,B,7300.0000,0.0000,0.0000,0.0000,0.0000,7308.0000,0.0000,0.0000,0.0000,0.0000,1,0,0,0,0,1,0,0,0,0
zc,TA305,2012-06-28 09:17:37.057,7308.0000,2692,0,0.0000,0.0000,0,0,多换,B,7300.0000,0.0000,0.0000,0.0000,0.0000,7308.0000,0.0000,0.0000,0.0000,0.0000,1,0,0,0,0,3,0,0,0,0
zc,TA305,2012-06-28 09:17:41.840,7308.0000,2692,0,0.0000,0.0000,0,0,多换,B,7300.0000,0.0000,0.0000,0.0000,0.0000,7306.0000,0.0000,0.0000,0.0000,0.0000,1,0,0,0,0,1,0,0,0,0
zc,TA305,2012-06-28 09:17:42.323,7308.0000,2692,0,0.0000,0.0000,0,0,多换,B,7300.0000,0.0000,0.0000,0.0000,0.0000,7306.0000,0.0000,0.0000,0.0000,0.0000,1,0,0,0,0,3,0,0,0,0
zc,TA305,2012-06-28 09:17:43.107,7308.0000,2692,0,0.0000,0.0000,0,0,多换,B,7298.0000,0.0000,0.0000,0.0000,0.0000,7304.0000,0.0000,0.0000,0.0000,0.0000,1,0,0,0,0,1,0,0,0,0
zc,TA305,2012-06-28 09:17:43.607,7308.0000,2692,0,0.0000,0.0000,0,0,多换,B,7298.0000,0.0000,0.0000,0.0000,0.0000,7304.0000,0.0000,0.0000,0.0000,0.0000,1,0,0,0,0,3,0,0,0,0
zc,TA305,2012-06-28 09:17:44.857,7308.0000,2692,0,0.0000,0.0000,0,0,多换,B,7302.0000,0.0000,0.0000,0.0000,0.0000,7304.0000,0.0000,0.0000,0.0000,0.0000,1,0,0,0,0,2,0,0,0,0
zc,TA305,2012-06-28 09:17:45.370,7308.0000,2692,0,0.0000,0.0000,0,0,多换,B,7302.0000,0.0000,0.0000,0.0000,0.0000,7308.0000,0.0000,0.0000,0.0000,0.0000,1,0,0,0,0,1,0,0,0,0
zc,TA305,2012-06-28 09:17:46.323,7308.0000,2692,0,0.0000,0.0000,0,0,多换,B,7302.0000,0.0000,0.0000,0.0000,0.0000,7308.0000,0.0000,0.0000,0.0000,0.0000,1,0,0,0,0,3,0,0,0,0
zc,TA305,2012-06-28 09:17:48.857,7308.0000,2692,0,0.0000,0.0000,0,0,多换,B,7302.0000,0.0000,0.0000,0.0000,0.0000,7306.0000,0.0000,0.0000,0.0000,0.0000,1,0,0,0,0,1,0,0,0,0
zc,TA305,2012-06-28 09:17:49.073,7308.0000,2692,0,0.0000,0.0000,0,0,多换,B,7302.0000,0.0000,0.0000,0.0000,0.0000,7306.0000,0.0000,0.0000,0.0000,0.0000,1,0,0,0,0,2,0,0,0,0
zc,TA305,2012-06-28 09:17:49.823,7308.0000,2692,0,0.0000,0.0000,0,0,多换,B,7302.0000,0.0000,0.0000,0.0000,0.0000,7308.0000,0.0000,0.0000,0.0000,0.0000,1,0,0,0,0,1,0,0,0,0
zc,TA305,2012-06-28 09:17:50.043,7308.0000,2692,0,0.0000,0.0000,0,0,多换,B,7302.0000,0.0000,0.0000,0.0000,0.0000,7308.0000,0.0000,0.0000,0.0000,0.0000,1,0,0,0,0,3,0,0,0,0
zc,TA305,2012-06-28 09:17:54.090,7308.0000,2692,0,0.0000,0.0000,0,0,多换,B,7302.0000,0.0000,0.0000,0.0000,0.0000,7306.0000,0.0000,0.0000,0.0000,0.0000,1,0,0,0,0,1,0,0,0,0
zc,TA305,2012-06-28 09:17:55.323,7308.0000,2692,0,0.0000,0.0000,0,0,多换,B,7302.0000,0.0000,0.0000,0.0000,0.0000,7306.0000,0.0000,0.0000,0.0000,0.0000,1,0,0,0,0,3,0,0,0,0
zc,TA305,2012-06-28 09:17:57.357,7308.0000,2692,0,0.0000,0.0000,0,0,多换,B,7302.0000,0.0000,0.0000,0.0000,0.0000,7306.0000,0.0000,0.0000,0.0000,0.0000,1,0,0,0,0,2,0,0,0,0
zc,TA305,2012-06-28 09:17:58.090,7308.0000,2692,0,0.0000,0.0000,0,0,多换,B,7302.0000,0.0000,0.0000,0.0000,0.0000,7308.0000,0.0000,0.0000,0.0000,0.0000,1,0,0,0,0,1,0,0,0,0
zc,TA305,2012-06-28 09:17:58.293,7308.0000,2692,0,0.0000,0.0000,0,0,多换,B,7302.0000,0.0000,0.0000,0.0000,0.0000,7308.0000,0.0000,0.0000,0.0000,0.0000,1,0,0,0,0,3,0,0,0,0
zc,TA305,2012-06-28 09:18:06.073,7308.0000,2692,0,0.0000,0.0000,0,0,多换,B,7300.0000,0.0000,0.0000,0.0000,0.0000,7308.0000,0.0000,0.0000,0.0000,0.0000,1,0,0,0,0,3,0,0,0,0
zc,TA305,2012-06-28 09:18:07.807,7308.0000,2692,0,0.0000,0.0000,0,0,多换,B,7300.0000,0.0000,0.0000,0.0000,0.0000,7306.0000,0.0000,0.0000,0.0000,0.0000,1,0,0,0,0,1,0,0,0,0
zc,TA305,2012-06-28 09:18:08.807,7308.0000,2692,0,0.0000,0.0000,0,0,多换,B,7300.0000,0.0000,0.0000,0.0000,0.0000,7306.0000,0.0000,0.0000,0.0000,0.0000,1,0,0,0,0,3,0,0,0,0
zc,TA305,2012-06-28 09:18:09.607,7308.0000,2692,0,0.0000,0.0000,0,0,多换,B,7300.0000,0.0000,0.0000,0.0000,0.0000,7306.0000,0.0000,0.0000,0.0000,0.0000,1,0,0,0,0,2,0,0,0,0
zc,TA305,2012-06-28 09:18:09.840,7308.0000,2692,0,0.0000,0.0000,0,0,多换,B,7300.0000,0.0000,0.0000,0.0000,0.0000,7308.0000,0.0000,0.0000,0.0000,0.0000,3,0,0,0,0,1,0,0,0,0
zc,TA305,2012-06-28 09:18:10.557,7308.0000,2692,0,0.0000,0.0000,0,0,多换,B,7300.0000,0.0000,0.0000,0.0000,0.0000,7308.0000,0.0000,0.0000,0.0000,0.0000,3,0,0,0,0,3,0,0,0,0
zc,TA305,2012-06-28 09:18:12.340,7308.0000,2692,0,0.0000,0.0000,0,0,多换,B,7300.0000,0.0000,0.0000,0.0000,0.0000,7308.0000,0.0000,0.0000,0.0000,0.0000,1,0,0,0,0,3,0,0,0,0
zc,TA305,2012-06-28 09:18:12.573,7308.0000,2692,0,0.0000,0.0000,0,0,多换,B,7302.0000,0.0000,0.0000,0.0000,0.0000,7306.0000,0.0000,0.0000,0.0000,0.0000,1,0,0,0,0,1,0,0,0,0
zc,TA305,2012-06-28 09:18:13.340,7308.0000,2692,0,0.0000,0.0000,0,0,多换,B,7302.0000,0.0000,0.0000,0.0000,0.0000,7306.0000,0.0000,0.0000,0.0000,0.0000,1,0,0,0,0,3,0,0,0,0
zc,TA305,2012-06-28 09:18:13.840,7308.0000,2692,0,0.0000,0.0000,0,0,多换,B,7302.0000,0.0000,0.0000,0.0000,0.0000,7306.0000,0.0000,0.0000,0.0000,0.0000,1,0,0,0,0,2,0,0,0,0
zc,TA305,2012-06-28 09:18:14.307,7308.0000,2692,0,0.0000,0.0000,0,0,多换,B,7302.0000,0.0000,0.0000,0.0000,0.0000,7308.0000,0.0000,0.0000,0.0000,0.0000,1,0,0,0,0,1,0,0,0,0
zc,TA305,2012-06-28 09:18:15.043,7308.0000,2692,0,0.0000,0.0000,0,0,多换,B,7302.0000,0.0000,0.0000,0.0000,0.0000,7308.0000,0.0000,0.0000,0.0000,0.0000,1,0,0,0,0,3,0,0,0,0
zc,TA305,2012-06-28 09:18:15.607,7308.0000,2692,0,0.0000,0.0000,0,0,多换,B,7302.0000,0.0000,0.0000,0.0000,0.0000,7306.0000,0.0000,0.0000,0.0000,0.0000,1,0,0,0,0,1,0,0,0,0
zc,TA305,2012-06-28 09:18:16.590,7308.0000,2692,0,0.0000,0.0000,0,0,多换,B,7302.0000,0.0000,0.0000,0.0000,0.0000,7306.0000,0.0000,0.0000,0.0000,0.0000,1,0,0,0,0,3,0,0,0,0
zc,TA305,2012-06-28 09:18:21.107,7308.0000,2692,0,0.0000,0.0000,0,0,多换,B,7302.0000,0.0000,0.0000,0.0000,0.0000,7306.0000,0.0000,0.0000,0.0000,0.0000,1,0,0,0,0,2,0,0,0,0
zc,TA305,2012-06-28 09:18:21.573,7308.0000,2692,0,0.0000,0.0000,0,0,多换,B,7300.0000,0.0000,0.0000,0.0000,0.0000,7308.0000,0.0000,0.0000,0.0000,0.0000,4,0,0,0,0,1,0,0,0,0
zc,TA305,2012-06-28 09:18:22.293,7308.0000,2692,0,0.0000,0.0000,0,0,多换,B,7300.0000,0.0000,0.0000,0.0000,0.0000,7308.0000,0.0000,0.0000,0.0000,0.0000,4,0,0,0,0,3,0,0,0,0
zc,TA305,2012-06-28 09:18:23.340,7308.0000,2692,0,0.0000,0.0000,0,0,多换,B,7302.0000,0.0000,0.0000,0.0000,0.0000,7308.0000,0.0000,0.0000,0.0000,0.0000,1,0,0,0,0,3,0,0,0,0
zc,TA305,2012-06-28 09:18:37.590,7308.0000,2692,0,0.0000,0.0000,0,0,多换,B,7304.0000,0.0000,0.0000,0.0000,0.0000,7308.0000,0.0000,0.0000,0.0000,0.0000,1,0,0,0,0,3,0,0,0,0
zc,TA305,2012-06-28 09:18:41.357,7308.0000,2692,0,0.0000,0.0000,0,0,多换,B,7302.0000,0.0000,0.0000,0.0000,0.0000,7308.0000,0.0000,0.0000,0.0000,0.0000,1,0,0,0,0,3,0,0,0,0
zc,TA305,2012-06-28 09:18:46.293,7308.0000,2692,0,0.0000,0.0000,0,0,多换,B,7302.0000,0.0000,0.0000,0.0000,0.0000,7308.0000,0.0000,0.0000,0.0000,0.0000,1,0,0,0,0,3,0,0,0,0
zc,TA305,2012-06-28 09:18:52.557,7308.0000,2692,0,0.0000,0.0000,0,0,多换,B,7304.0000,0.0000,0.0000,0.0000,0.0000,7308.0000,0.0000,0.0000,0.0000,0.0000,1,0,0,0,0,3,0,0,0,0
zc,TA305,2012-06-28 09:18:53.823,7308.0000,2692,0,0.0000,0.0000,0,0,多换,B,7302.0000,0.0000,0.0000,0.0000,0.0000,7308.0000,0.0000,0.0000,0.0000,0.0000,1,0,0,0,0,3,0,0,0,0
zc,TA305,2012-06-28 09:18:58.870,7308.0000,2692,0,0.0000,0.0000,0,0,多换,B,7302.0000,0.0000,0.0000,0.0000,0.0000,7308.0000,0.0000,0.0000,0.0000,0.0000,4,0,0,0,0,2,0,0,0,0
zc,TA305,2012-06-28 09:18:59.307,7308.0000,2692,0,0.0000,0.0000,0,0,多换,B,7302.0000,0.0000,0.0000,0.0000,0.0000,7310.0000,0.0000,0.0000,0.0000,0.0000,4,0,0,0,0,1,0,0,0,0
zc,TA305,2012-06-28 09:18:59.807,7308.0000,2692,0,0.0000,0.0000,0,0,多换,B,7302.0000,0.0000,0.0000,0.0000,0.0000,7310.0000,0.0000,0.0000,0.0000,0.0000,4,0,0,0,0,3,0,0,0,0
zc,TA305,2012-06-28 09:19:08.573,7308.0000,2692,0,0.0000,0.0000,0,0,多换,B,7304.0000,0.0000,0.0000,0.0000,0.0000,7310.0000,0.0000,0.0000,0.0000,0.0000,1,0,0,0,0,3,0,0,0,0
zc,TA305,2012-06-28 09:19:18.107,7308.0000,2692,0,0.0000,0.0000,0,0,多换,B,7302.0000,0.0000,0.0000,0.0000,0.0000,7310.0000,0.0000,0.0000,0.0000,0.0000,4,0,0,0,0,3,0,0,0,0
zc,TA305,2012-06-28 09:19:19.573,7308.0000,2692,0,0.0000,0.0000,0,0,多换,B,7304.0000,0.0000,0.0000,0.0000,0.0000,7310.0000,0.0000,0.0000,0.0000,0.0000,3,0,0,0,0,2,0,0,0,0
zc,TA305,2012-06-28 09:19:20.307,7308.0000,2692,0,0.0000,0.0000,0,0,多换,B,7304.0000,0.0000,0.0000,0.0000,0.0000,7312.0000,0.0000,0.0000,0.0000,0.0000,3,0,0,0,0,1,0,0,0,0
zc,TA305,2012-06-28 09:19:20.573,7308.0000,2692,0,0.0000,0.0000,0,0,多换,B,7302.0000,0.0000,0.0000,0.0000,0.0000,7310.0000,0.0000,0.0000,0.0000,0.0000,4,0,0,0,0,1,0,0,0,0
zc,TA305,2012-06-28 09:19:21.793,7308.0000,2692,0,0.0000,0.0000,0,0,多换,B,7302.0000,0.0000,0.0000,0.0000,0.0000,7310.0000,0.0000,0.0000,0.0000,0.0000,4,0,0,0,0,3,0,0,0,0
zc,TA305,2012-06-28 09:19:24.107,7308.0000,2692,0,0.0000,0.0000,0,0,多换,B,7304.0000,0.0000,0.0000,0.0000,0.0000,7310.0000,0.0000,0.0000,0.0000,0.0000,3,0,0,0,0,2,0,0,0,0
zc,TA305,2012-06-28 09:19:24.557,7308.0000,2692,0,0.0000,0.0000,0,0,多换,B,7304.0000,0.0000,0.0000,0.0000,0.0000,7312.0000,0.0000,0.0000,0.0000,0.0000,3,0,0,0,0,1,0,0,0,0
zc,TA305,2012-06-28 09:19:25.057,7308.0000,2692,0,0.0000,0.0000,0,0,多换,B,7304.0000,0.0000,0.0000,0.0000,0.0000,7312.0000,0.0000,0.0000,0.0000,0.0000,3,0,0,0,0,3,0,0,0,0
zc,TA305,2012-06-28 09:19:29.823,7308.0000,2692,0,0.0000,0.0000,0,0,多换,B,7304.0000,0.0000,0.0000,0.0000,0.0000,7312.0000,0.0000,0.0000,0.0000,0.0000,4,0,0,0,0,3,0,0,0,0
zc,TA305,2012-06-28 09:19:45.840,7308.0000,2692,0,0.0000,0.0000,0,0,多换,B,7304.0000,0.0000,0.0000,0.0000,0.0000,7312.0000,0.0000,0.0000,0.0000,0.0000,3,0,0,0,0,3,0,0,0,0
zc,TA305,2012-06-28 09:20:05.370,7308.0000,2692,0,0.0000,0.0000,0,0,多换,B,7304.0000,0.0000,0.0000,0.0000,0.0000,7312.0000,0.0000,0.0000,0.0000,0.0000,4,0,0,0,0,3,0,0,0,0
zc,TA305,2012-06-28 09:20:12.090,7308.0000,2692,0,0.0000,0.0000,0,0,多换,B,7304.0000,0.0000,0.0000,0.0000,0.0000,7312.0000,0.0000,0.0000,0.0000,0.0000,3,0,0,0,0,3,0,0,0,0
zc,TA305,2012-06-28 09:20:16.073,7308.0000,2692,0,0.0000,0.0000,0,0,多换,B,7304.0000,0.0000,0.0000,0.0000,0.0000,7312.0000,0.0000,0.0000,0.0000,0.0000,4,0,0,0,0,3,0,0,0,0
zc,TA305,2012-06-28 09:20:25.090,7308.0000,2692,0,0.0000,0.0000,0,0,多换,B,7306.0000,0.0000,0.0000,0.0000,0.0000,7312.0000,0.0000,0.0000,0.0000,0.0000,3,0,0,0,0,2,0,0,0,0
zc,TA305,2012-06-28 09:20:25.557,7308.0000,2692,0,0.0000,0.0000,0,0,多换,B,7306.0000,0.0000,0.0000,0.0000,0.0000,7314.0000,0.0000,0.0000,0.0000,0.0000,3,0,0,0,0,1,0,0,0,0
zc,TA305,2012-06-28 09:20:26.073,7308.0000,2692,0,0.0000,0.0000,0,0,多换,B,7306.0000,0.0000,0.0000,0.0000,0.0000,7314.0000,0.0000,0.0000,0.0000,0.0000,3,0,0,0,0,3,0,0,0,0
zc,TA305,2012-06-28 09:20:46.277,7308.0000,2692,0,0.0000,0.0000,0,0,多换,B,7306.0000,0.0000,0.0000,0.0000,0.0000,7314.0000,0.0000,0.0000,0.0000,0.0000,3,0,0,0,0,3,0,0,0,0
zc,TA305,2012-06-28 09:20:55.323,7308.0000,2692,0,0.0000,0.0000,0,0,多换,B,7308.0000,0.0000,0.0000,0.0000,0.0000,7314.0000,0.0000,0.0000,0.0000,0.0000,3,0,0,0,0,2,0,0,0,0
zc,TA305,2012-06-28 09:20:56.057,7308.0000,2692,0,0.0000,0.0000,0,0,多换,B,7308.0000,0.0000,0.0000,0.0000,0.0000,7316.0000,0.0000,0.0000,0.0000,0.0000,3,0,0,0,0,1,0,0,0,0
zc,TA305,2012-06-28 09:20:56.557,7308.0000,2692,0,0.0000,0.0000,0,0,多换,B,7308.0000,0.0000,0.0000,0.0000,0.0000,7316.0000,0.0000,0.0000,0.0000,0.0000,3,0,0,0,0,3,0,0,0,0
zc,TA305,2012-06-28 09:20:57.857,7308.0000,2692,0,0.0000,0.0000,0,0,多换,B,7306.0000,0.0000,0.0000,0.0000,0.0000,7314.0000,0.0000,0.0000,0.0000,0.0000,3,0,0,0,0,1,0,0,0,0
zc,TA305,2012-06-28 09:20:58.840,7308.0000,2692,0,0.0000,0.0000,0,0,多换,B,7306.0000,0.0000,0.0000,0.0000,0.0000,7314.0000,0.0000,0.0000,0.0000,0.0000,3,0,0,0,0,3,0,0,0,0
zc,TA305,2012-06-28 09:21:20.073,7308.0000,2692,0,0.0000,0.0000,0,0,多换,B,7306.0000,0.0000,0.0000,0.0000,0.0000,7314.0000,0.0000,0.0000,0.0000,0.0000,4,0,0,0,0,3,0,0,0,0
zc,TA305,2012-06-28 09:21:21.323,7308.0000,2692,0,0.0000,0.0000,0,0,多换,B,7306.0000,0.0000,0.0000,0.0000,0.0000,7314.0000,0.0000,0.0000,0.0000,0.0000,3,0,0,0,0,3,0,0,0,0
zc,TA305,2012-06-28 09:21:22.823,7308.0000,2692,0,0.0000,0.0000,0,0,多换,B,7306.0000,0.0000,0.0000,0.0000,0.0000,7314.0000,0.0000,0.0000,0.0000,0.0000,4,0,0,0,0,3,0,0,0,0
zc,TA305,2012-06-28 09:21:25.857,7308.0000,2692,0,0.0000,0.0000,0,0,多换,B,7306.0000,0.0000,0.0000,0.0000,0.0000,7314.0000,0.0000,0.0000,0.0000,0.0000,3,0,0,0,0,3,0,0,0,0
zc,TA305,2012-06-28 09:21:40.307,7308.0000,2692,0,0.0000,0.0000,0,0,多换,B,7306.0000,0.0000,0.0000,0.0000,0.0000,7314.0000,0.0000,0.0000,0.0000,0.0000,4,0,0,0,0,3,0,0,0,0
zc,TA305,2012-06-28 09:21:42.043,7308.0000,2692,0,0.0000,0.0000,0,0,多换,B,7306.0000,0.0000,0.0000,0.0000,0.0000,7314.0000,0.0000,0.0000,0.0000,0.0000,4,0,0,0,0,2,0,0,0,0
zc,TA305,2012-06-28 09:21:42.573,7308.0000,2692,0,0.0000,0.0000,0,0,多换,B,7306.0000,0.0000,0.0000,0.0000,0.0000,7316.0000,0.0000,0.0000,0.0000,0.0000,4,0,0,0,0,1,0,0,0,0
zc,TA305,2012-06-28 09:21:43.073,7308.0000,2692,0,0.0000,0.0000,0,0,多换,B,7308.0000,0.0000,0.0000,0.0000,0.0000,7316.0000,0.0000,0.0000,0.0000,0.0000,3,0,0,0,0,3,0,0,0,0
zc,TA305,2012-06-28 09:21:46.277,7308.0000,2692,0,0.0000,0.0000,0,0,多换,B,7308.0000,0.0000,0.0000,0.0000,0.0000,7316.0000,0.0000,0.0000,0.0000,0.0000,3,0,0,0,0,3,0,0,0,0
zc,TA305,2012-06-28 09:21:49.370,7308.0000,2692,0,0.0000,0.0000,0,0,多换,B,7306.0000,0.0000,0.0000,0.0000,0.0000,7314.0000,0.0000,0.0000,0.0000,0.0000,4,0,0,0,0,1,0,0,0,0
zc,TA305,2012-06-28 09:21:50.323,7308.0000,2692,0,0.0000,0.0000,0,0,多换,B,7306.0000,0.0000,0.0000,0.0000,0.0000,7314.0000,0.0000,0.0000,0.0000,0.0000,4,0,0,0,0,3,0,0,0,0
zc,TA305,2012-06-28 09:21:51.573,7308.0000,2692,0,0.0000,0.0000,0,0,多换,B,7308.0000,0.0000,0.0000,0.0000,0.0000,7314.0000,0.0000,0.0000,0.0000,0.0000,3,0,0,0,0,2,0,0,0,0
zc,TA305,2012-06-28 09:21:52.043,7308.0000,2692,0,0.0000,0.0000,0,0,多换,B,7308.0000,0.0000,0.0000,0.0000,0.0000,7316.0000,0.0000,0.0000,0.0000,0.0000,3,0,0,0,0,1,0,0,0,0
zc,TA305,2012-06-28 09:21:52.793,7308.0000,2692,0,0.0000,0.0000,0,0,多换,B,7308.0000,0.0000,0.0000,0.0000,0.0000,7316.0000,0.0000,0.0000,0.0000,0.0000,3,0,0,0,0,3,0,0,0,0
zc,TA305,2012-06-28 09:22:00.870,7308.0000,2692,0,0.0000,0.0000,0,0,多换,B,7308.0000,0.0000,0.0000,0.0000,0.0000,7316.0000,0.0000,0.0000,0.0000,0.0000,2,0,0,0,0,3,0,0,0,0
zc,TA305,2012-06-28 09:22:01.607,7308.0000,2692,0,0.0000,0.0000,0,0,多换,B,7306.0000,0.0000,0.0000,0.0000,0.0000,7314.0000,0.0000,0.0000,0.0000,0.0000,4,0,0,0,0,1,0,0,0,0
