市场代码,合约代码,时间,最新,持仓,增仓,成交额,成交量,开仓,平仓,成交类型,方向,买一价,买二价,买三价,买四价,买五价,卖一价,卖二价,卖三价,卖四价,卖五价,买一量,买二量,买三量,买四量,买五量,卖一量,卖二量,卖三量,卖四量,卖五量
zc,WS209,2012-06-28 07:46:44.700,0.0000,197612,0,0.0000,0.0000,0,0,空换,S,0.0000,0.0000,0.0000,0.0000,0.0000,0.0000,0.0000,0.0000,0.0000,0.0000,0,0,0,0,0,0,0,0,0,0
zc,WS209,2012-06-28 07:53:44.717,0.0000,197612,0,0.0000,0.0000,0,0,空换,S,0.0000,0.0000,0.0000,0.0000,0.0000,0.0000,0.0000,0.0000,0.0000,0.0000,0,0,0,0,0,0,0,0,0,0
zc,WS209,2012-06-28 07:54:44.700,0.0000,197612,0,0.0000,0.0000,0,0,空换,S,0.0000,0.0000,0.0000,0.0000,0.0000,0.0000,0.0000,0.0000,0.0000,0.0000,0,0,0,0,0,0,0,0,0,0
zc,WS209,2012-06-28 07:55:44.700,0.0000,197612,0,0.0000,0.0000,0,0,空换,S,0.0000,0.0000,0.0000,0.0000,0.0000,0.0000,0.0000,0.0000,0.0000,0.0000,0,0,0,0,0,0,0,0,0,0
zc,WS209,2012-06-28 07:57:44.700,0.0000,197612,0,0.0000,0.0000,0,0,空换,S,0.0000,0.0000,0.0000,0.0000,0.0000,0.0000,0.0000,0.0000,0.0000,0.0000,0,0,0,0,0,0,0,0,0,0
zc,WS209,2012-06-28 08:04:44.700,0.0000,197612,0,0.0000,0.0000,0,0,空换,S,0.0000,0.0000,0.0000,0.0000,0.0000,0.0000,0.0000,0.0000,0.0000,0.0000,0,0,0,0,0,0,0,0,0,0
zc,WS209,2012-06-28 08:06:46.323,0.0000,197612,0,0.0000,0.0000,0,0,空换,S,0.0000,0.0000,0.0000,0.0000,0.0000,0.0000,0.0000,0.0000,0.0000,0.0000,0,0,0,0,0,0,0,0,0,0
zc,WS209,2012-06-28 08:07:46.323,0.0000,197612,0,0.0000,0.0000,0,0,空换,S,0.0000,0.0000,0.0000,0.0000,0.0000,0.0000,0.0000,0.0000,0.0000,0.0000,0,0,0,0,0,0,0,0,0,0
zc,WS209,2012-06-28 08:12:46.307,0.0000,197612,0,0.0000,0.0000,0,0,空换,S,0.0000,0.0000,0.0000,0.0000,0.0000,0.0000,0.0000,0.0000,0.0000,0.0000,0,0,0,0,0,0,0,0,0,0
zc,WS209,2012-06-28 08:26:46.323,0.0000,197612,0,0.0000,0.0000,0,0,空换,S,0.0000,0.0000,0.0000,0.0000,0.0000,0.0000,0.0000,0.0000,0.0000,0.0000,0,0,0,0,0,0,0,0,0,0
zc,WS209,2012-06-28 08:35:46.340,0.0000,197612,0,0.0000,0.0000,0,0,空换,S,0.0000,0.0000,0.0000,0.0000,0.0000,0.0000,0.0000,0.0000,0.0000,0.0000,0,0,0,0,0,0,0,0,0,0
zc,WS209,2012-06-28 08:55:02.340,0.0000,197612,0,0.0000,0.0000,0,0,空换,S,0.0000,0.0000,0.0000,0.0000,0.0000,0.0000,0.0000,0.0000,0.0000,0.0000,0,0,0,0,0,0,0,0,0,0
zc,WS209,2012-06-28 08:55:46.323,0.0000,197612,0,0.0000,0.0000,0,0,空换,S,0.0000,0.0000,0.0000,0.0000,0.0000,0.0000,0.0000,0.0000,0.0000,0.0000,0,0,0,0,0,0,0,0,0,0
zc,WS209,2012-06-28 08:56:09.807,0.0000,197612,0,0.0000,0.0000,0,0,空换,S,0.0000,0.0000,0.0000,0.0000,0.0000,0.0000,0.0000,0.0000,0.0000,0.0000,0,0,0,0,0,0,0,0,0,0
zc,WS209,2012-06-28 08:56:48.293,0.0000,197612,0,0.0000,0.0000,0,0,空换,S,0.0000,0.0000,0.0000,0.0000,0.0000,0.0000,0.0000,0.0000,0.0000,0.0000,0,0,0,0,0,0,0,0,0,0
zc,WS209,2012-06-28 08:56:55.293,0.0000,197612,0,0.0000,0.0000,0,0,空换,S,0.0000,0.0000,0.0000,0.0000,0.0000,0.0000,0.0000,0.0000,0.0000,0.0000,0,0,0,0,0,0,0,0,0,0
zc,WS209,2012-06-28 08:57:04.043,0.0000,197612,0,0.0000,0.0000,0,0,空换,S,0.0000,0.0000,0.0000,0.0000,0.0000,0.0000,0.0000,0.0000,0.0000,0.0000,0,0,0,0,0,0,0,0,0,0
zc,WS209,2012-06-28 08:58:01.543,0.0000,197612,0,0.0000,0.0000,0,0,空换,S,0.0000,0.0000,0.0000,0.0000,0.0000,0.0000,0.0000,0.0000,0.0000,0.0000,0,0,0,0,0,0,0,0,0,0
zc,WS209,2012-06-28 08:58:56.043,0.0000,197612,0,0.0000,0.0000,0,0,空换,S,0.0000,0.0000,0.0000,0.0000,0.0000,0.0000,0.0000,0.0000,0.0000,0.0000,0,0,0,0,0,0,0,0,0,0
zc,WS209,2012-06-28 08:59:00.573,0.0000,197612,0,0.0000,0.0000,0,0,空换,S,0.0000,0.0000,0.0000,0.0000,0.0000,0.0000,0.0000,0.0000,0.0000,0.0000,0,0,0,0,0,0,0,0,0,0
zc,WS209,2012-06-28 08:59:46.307,2402.0000,197620,8,0.0000,28.0000,18,10,多开,B,2402.0000,0.0000,0.0000,0.0000,0.0000,2403.0000,0.0000,0.0000,0.0000,0.0000,2,0,0,0,0,6,0,0,0,0
zc,WS209,2012-06-28 09:00:02.497,2402.0000,197622,2,0.0000,12.0000,7,5,多开,B,2401.0000,0.0000,0.0000,0.0000,0.0000,2402.0000,0.0000,0.0000,0.0000,0.0000,3,0,0,0,0,1,0,0,0,0
zc,WS209,2012-06-28 09:00:03.793,2401.0000,197652,30,0.0000,56.0000,43,13,空开,S,2400.0000,0.0000,0.0000,0.0000,0.0000,2401.0000,0.0000,0.0000,0.0000,0.0000,3,0,0,0,0,4,0,0,0,0
zc,WS209,2012-06-28 09:00:05.293,2401.0000,197654,2,0.0000,2.0000,2,0,双开,S,2400.0000,0.0000,0.0000,0.0000,0.0000,2401.0000,0.0000,0.0000,0.0000,0.0000,3,0,0,0,0,4,0,0,0,0
zc,WS209,2012-06-28 09:00:06.997,2400.0000,197652,-2,0.0000,2.0000,0,2,双平,S,2400.0000,0.0000,0.0000,0.0000,0.0000,2401.0000,0.0000,0.0000,0.0000,0.0000,5,0,0,0,0,4,0,0,0,0
zc,WS209,2012-06-28 09:00:07.467,2400.0000,197658,6,0.0000,12.0000,9,3,空开,S,2400.0000,0.0000,0.0000,0.0000,0.0000,2402.0000,0.0000,0.0000,0.0000,0.0000,3,0,0,0,0,72,0,0,0,0
zc,WS209,2012-06-28 09:00:08.200,2400.0000,197656,-2,0.0000,4.0000,1,3,多平,S,2400.0000,0.0000,0.0000,0.0000,0.0000,2402.0000,0.0000,0.0000,0.0000,0.0000,1,0,0,0,0,122,0,0,0,0
zc,WS209,2012-06-28 09:00:08.467,2402.0000,197656,0,0.0000,2.0000,1,1,多换,B,2400.0000,0.0000,0.0000,0.0000,0.0000,2402.0000,0.0000,0.0000,0.0000,0.0000,1,0,0,0,0,119,0,0,0,0
zc,WS209,2012-06-28 09:00:09.450,2402.0000,197656,0,0.0000,0.0000,0,0,多换,B,2400.0000,0.0000,0.0000,0.0000,0.0000,2401.0000,0.0000,0.0000,0.0000,0.0000,1,0,0,0,0,4,0,0,0,0
zc,WS209,2012-06-28 09:00:10.717,2400.0000,197658,2,0.0000,2.0000,2,0,双开,S,2399.0000,0.0000,0.0000,0.0000,0.0000,2401.0000,0.0000,0.0000,0.0000,0.0000,12,0,0,0,0,14,0,0,0,0
zc,WS209,2012-06-28 09:00:10.950,2400.0000,197658,0,0.0000,0.0000,0,0,空换,S,2400.0000,0.0000,0.0000,0.0000,0.0000,2401.0000,0.0000,0.0000,0.0000,0.0000,1,0,0,0,0,15,0,0,0,0
zc,WS209,2012-06-28 09:00:11.717,2401.0000,197656,-2,0.0000,4.0000,1,3,空平,B,2400.0000,0.0000,0.0000,0.0000,0.0000,2401.0000,0.0000,0.0000,0.0000,0.0000,1,0,0,0,0,13,0,0,0,0
zc,WS209,2012-06-28 09:00:12.467,2400.0000,197646,-10,0.0000,22.0000,6,16,多平,S,2399.0000,0.0000,0.0000,0.0000,0.0000,2400.0000,0.0000,0.0000,0.0000,0.0000,12,0,0,0,0,1,0,0,0,0
zc,WS209,2012-06-28 09:00:13.183,2400.0000,197650,4,0.0000,4.0000,4,0,双开,S,2400.0000,0.0000,0.0000,0.0000,0.0000,2401.0000,0.0000,0.0000,0.0000,0.0000,3,0,0,0,0,13,0,0,0,0
zc,WS209,2012-06-28 09:00:13.653,2399.0000,197648,-2,0.0000,32.0000,15,17,多平,S,2399.0000,0.0000,0.0000,0.0000,0.0000,2400.0000,0.0000,0.0000,0.0000,0.0000,11,0,0,0,0,10,0,0,0,0
zc,WS209,2012-06-28 09:00:14.653,2400.0000,197628,-20,0.0000,60.0000,20,40,空平,B,2399.0000,0.0000,0.0000,0.0000,0.0000,2401.0000,0.0000,0.0000,0.0000,0.0000,2,0,0,0,0,12,0,0,0,0
zc,WS209,2012-06-28 09:00:15.200,2400.0000,197628,0,0.0000,0.0000,0,0,多换,B,2399.0000,0.0000,0.0000,0.0000,0.0000,2401.0000,0.0000,0.0000,0.0000,0.0000,2,0,0,0,0,18,0,0,0,0
zc,WS209,2012-06-28 09:00:16.167,2400.0000,197628,0,0.0000,0.0000,0,0,多换,B,2399.0000,0.0000,0.0000,0.0000,0.0000,2400.0000,0.0000,0.0000,0.0000,0.0000,2,0,0,0,0,1,0,0,0,0
zc,WS209,2012-06-28 09:00:16.717,2400.0000,197630,2,0.0000,2.0000,2,0,双开,B,2400.0000,0.0000,0.0000,0.0000,0.0000,2401.0000,0.0000,0.0000,0.0000,0.0000,3,0,0,0,0,13,0,0,0,0
zc,WS209,2012-06-28 09:00:17.200,2400.0000,197630,0,0.0000,2.0000,1,1,多换,B,2400.0000,0.0000,0.0000,0.0000,0.0000,2401.0000,0.0000,0.0000,0.0000,0.0000,2,0,0,0,0,13,0,0,0,0
zc,WS209,2012-06-28 09:00:17.980,2400.0000,197638,8,0.0000,16.0000,12,4,多开,B,2399.0000,0.0000,0.0000,0.0000,0.0000,2400.0000,0.0000,0.0000,0.0000,0.0000,14,0,0,0,0,6,0,0,0,0
zc,WS209,2012-06-28 09:00:18.683,2400.0000,197638,0,0.0000,12.0000,6,6,多换,B,2399.0000,0.0000,0.0000,0.0000,0.0000,2401.0000,0.0000,0.0000,0.0000,0.0000,13,0,0,0,0,14,0,0,0,0
zc,WS209,2012-06-28 09:00:19.200,2400.0000,197638,0,0.0000,0.0000,0,0,多换,B,2399.0000,0.0000,0.0000,0.0000,0.0000,2401.0000,0.0000,0.0000,0.0000,0.0000,12,0,0,0,0,14,0,0,0,0
zc,WS209,2012-06-28 09:00:20.467,2400.0000,197638,0,0.0000,0.0000,0,0,多换,B,2399.0000,0.0000,0.0000,0.0000,0.0000,2400.0000,0.0000,0.0000,0.0000,0.0000,14,0,0,0,0,25,0,0,0,0
zc,WS209,2012-06-28 09:00:21.183,2399.0000,197632,-6,0.0000,6.0000,0,6,双平,S,2399.0000,0.0000,0.0000,0.0000,0.0000,2400.0000,0.0000,0.0000,0.0000,0.0000,7,0,0,0,0,25,0,0,0,0
zc,WS209,2012-06-28 09:00:21.433,2399.0000,197632,0,0.0000,0.0000,0,0,空换,S,2399.0000,0.0000,0.0000,0.0000,0.0000,2400.0000,0.0000,0.0000,0.0000,0.0000,12,0,0,0,0,25,0,0,0,0
zc,WS209,2012-06-28 09:00:22.183,2400.0000,197632,0,0.0000,2.0000,1,1,多换,B,2399.0000,0.0000,0.0000,0.0000,0.0000,2400.0000,0.0000,0.0000,0.0000,0.0000,3,0,0,0,0,24,0,0,0,0
zc,WS209,2012-06-28 09:00:23.200,2400.0000,197632,0,0.0000,2.0000,1,1,多换,B,2399.0000,0.0000,0.0000,0.0000,0.0000,2400.0000,0.0000,0.0000,0.0000,0.0000,4,0,0,0,0,24,0,0,0,0
zc,WS209,2012-06-28 09:00:24.417,2399.0000,197632,0,0.0000,4.0000,2,2,空换,S,2399.0000,0.0000,0.0000,0.0000,0.0000,2400.0000,0.0000,0.0000,0.0000,0.0000,3,0,0,0,0,23,0,0,0,0
zc,WS209,2012-06-28 09:00:25.183,2399.0000,197634,2,0.0000,2.0000,2,0,双开,S,2399.0000,0.0000,0.0000,0.0000,0.0000,2400.0000,0.0000,0.0000,0.0000,0.0000,2,0,0,0,0,23,0,0,0,0
zc,WS209,2012-06-28 09:00:25.747,2399.0000,197634,0,0.0000,0.0000,0,0,空换,S,2399.0000,0.0000,0.0000,0.0000,0.0000,2400.0000,0.0000,0.0000,0.0000,0.0000,3,0,0,0,0,24,0,0,0,0
zc,WS209,2012-06-28 09:00:26.700,2399.0000,197634,0,0.0000,2.0000,1,1,空换,S,2399.0000,0.0000,0.0000,0.0000,0.0000,2400.0000,0.0000,0.0000,0.0000,0.0000,2,0,0,0,0,24,0,0,0,0
zc,WS209,2012-06-28 09:00:27.217,2399.0000,197638,4,0.0000,4.0000,4,0,双开,S,2398.0000,0.0000,0.0000,0.0000,0.0000,2399.0000,0.0000,0.0000,0.0000,0.0000,34,0,0,0,0,8,0,0,0,0
zc,WS209,2012-06-28 09:00:28.527,2399.0000,197638,0,0.0000,0.0000,0,0,空换,S,2398.0000,0.0000,0.0000,0.0000,0.0000,2399.0000,0.0000,0.0000,0.0000,0.0000,35,0,0,0,0,8,0,0,0,0
zc,WS209,2012-06-28 09:00:29.950,2399.0000,197638,0,0.0000,0.0000,0,0,空换,S,2398.0000,0.0000,0.0000,0.0000,0.0000,2399.0000,0.0000,0.0000,0.0000,0.0000,35,0,0,0,0,9,0,0,0,0
zc,WS209,2012-06-28 09:00:31.200,2399.0000,197648,10,0.0000,10.0000,10,0,双开,S,2398.0000,0.0000,0.0000,0.0000,0.0000,2399.0000,0.0000,0.0000,0.0000,0.0000,35,0,0,0,0,4,0,0,0,0
zc,WS209,2012-06-28 09:00:31.933,2399.0000,197654,6,0.0000,6.0000,6,0,双开,S,2398.0000,0.0000,0.0000,0.0000,0.0000,2399.0000,0.0000,0.0000,0.0000,0.0000,35,0,0,0,0,1,0,0,0,0
zc,WS209,2012-06-28 09:00:32.700,2399.0000,197654,0,0.0000,0.0000,0,0,空换,S,2398.0000,0.0000,0.0000,0.0000,0.0000,2399.0000,0.0000,0.0000,0.0000,0.0000,2,0,0,0,0,1,0,0,0,0
zc,WS209,2012-06-28 09:00:33.200,2399.0000,197654,0,0.0000,0.0000,0,0,空换,S,2398.0000,0.0000,0.0000,0.0000,0.0000,2399.0000,0.0000,0.0000,0.0000,0.0000,1,0,0,0,0,1,0,0,0,0
zc,WS209,2012-06-28 09:00:34.683,2398.0000,197652,-2,0.0000,4.0000,1,3,多平,S,2397.0000,0.0000,0.0000,0.0000,0.0000,2399.0000,0.0000,0.0000,0.0000,0.0000,1,0,0,0,0,2,0,0,0,0
zc,WS209,2012-06-28 09:00:35.217,2398.0000,197652,0,0.0000,0.0000,0,0,空换,S,2397.0000,0.0000,0.0000,0.0000,0.0000,2399.0000,0.0000,0.0000,0.0000,0.0000,2,0,0,0,0,2,0,0,0,0
zc,WS209,2012-06-28 09:00:36.467,2398.0000,197652,0,0.0000,0.0000,0,0,空换,S,2397.0000,0.0000,0.0000,0.0000,0.0000,2399.0000,0.0000,0.0000,0.0000,0.0000,2,0,0,0,0,9,0,0,0,0
zc,WS209,2012-06-28 09:00:37.167,2398.0000,197652,0,0.0000,0.0000,0,0,空换,S,2397.0000,0.0000,0.0000,0.0000,0.0000,2399.0000,0.0000,0.0000,0.0000,0.0000,2,0,0,0,0,3,0,0,0,0
zc,WS209,2012-06-28 09:00:37.667,2398.0000,197652,0,0.0000,0.0000,0,0,空换,S,2397.0000,0.0000,0.0000,0.0000,0.0000,2399.0000,0.0000,0.0000,0.0000,0.0000,2,0,0,0,0,2,0,0,0,0
zc,WS209,2012-06-28 09:00:38.417,2399.0000,197652,0,0.0000,2.0000,1,1,多换,B,2397.0000,0.0000,0.0000,0.0000,0.0000,2399.0000,0.0000,0.0000,0.0000,0.0000,5,0,0,0,0,3,0,0,0,0
zc,WS209,2012-06-28 09:00:38.980,2399.0000,197646,-6,0.0000,38.0000,16,22,空平,B,2397.0000,0.0000,0.0000,0.0000,0.0000,2399.0000,0.0000,0.0000,0.0000,0.0000,1,0,0,0,0,2,0,0,0,0
zc,WS209,2012-06-28 09:00:39.667,2399.0000,197646,0,0.0000,0.0000,0,0,多换,B,2397.0000,0.0000,0.0000,0.0000,0.0000,2399.0000,0.0000,0.0000,0.0000,0.0000,1,0,0,0,0,3,0,0,0,0
zc,WS209,2012-06-28 09:00:40.200,2399.0000,197646,0,0.0000,0.0000,0,0,多换,B,2396.0000,0.0000,0.0000,0.0000,0.0000,2399.0000,0.0000,0.0000,0.0000,0.0000,36,0,0,0,0,3,0,0,0,0
zc,WS209,2012-06-28 09:00:40.917,2399.0000,197646,0,0.0000,0.0000,0,0,多换,B,2396.0000,0.0000,0.0000,0.0000,0.0000,2398.0000,0.0000,0.0000,0.0000,0.0000,7,0,0,0,0,118,0,0,0,0
zc,WS209,2012-06-28 09:00:41.433,2398.0000,197646,0,0.0000,2.0000,1,1,空换,S,2396.0000,0.0000,0.0000,0.0000,0.0000,2398.0000,0.0000,0.0000,0.0000,0.0000,7,0,0,0,0,117,0,0,0,0
zc,WS209,2012-06-28 09:00:41.917,2398.0000,197646,0,0.0000,0.0000,0,0,空换,S,2396.0000,0.0000,0.0000,0.0000,0.0000,2398.0000,0.0000,0.0000,0.0000,0.0000,8,0,0,0,0,117,0,0,0,0
zc,WS209,2012-06-28 09:00:44.667,2398.0000,197666,20,0.0000,20.0000,20,0,双开,S,2397.0000,0.0000,0.0000,0.0000,0.0000,2398.0000,0.0000,0.0000,0.0000,0.0000,1,0,0,0,0,107,0,0,0,0
zc,WS209,2012-06-28 09:00:45.183,2398.0000,197668,2,0.0000,2.0000,2,0,双开,S,2397.0000,0.0000,0.0000,0.0000,0.0000,2398.0000,0.0000,0.0000,0.0000,0.0000,2,0,0,0,0,106,0,0,0,0
zc,WS209,2012-06-28 09:00:45.950,2398.0000,197680,12,0.0000,12.0000,12,0,双开,S,2397.0000,0.0000,0.0000,0.0000,0.0000,2398.0000,0.0000,0.0000,0.0000,0.0000,1,0,0,0,0,102,0,0,0,0
zc,WS209,2012-06-28 09:00:46.450,2397.0000,197684,4,0.0000,4.0000,4,0,双开,S,2396.0000,0.0000,0.0000,0.0000,0.0000,2398.0000,0.0000,0.0000,0.0000,0.0000,10,0,0,0,0,102,0,0,0,0
zc,WS209,2012-06-28 09:00:47.153,2397.0000,197684,0,0.0000,0.0000,0,0,空换,S,2396.0000,0.0000,0.0000,0.0000,0.0000,2397.0000,0.0000,0.0000,0.0000,0.0000,11,0,0,0,0,3,0,0,0,0
zc,WS209,2012-06-28 09:00:47.653,2397.0000,197684,0,0.0000,16.0000,8,8,空换,S,2396.0000,0.0000,0.0000,0.0000,0.0000,2397.0000,0.0000,0.0000,0.0000,0.0000,4,0,0,0,0,1,0,0,0,0
zc,WS209,2012-06-28 09:00:48.467,2396.0000,197682,-2,0.0000,8.0000,3,5,多平,S,2395.0000,0.0000,0.0000,0.0000,0.0000,2396.0000,0.0000,0.0000,0.0000,0.0000,2,0,0,0,0,7,0,0,0,0
zc,WS209,2012-06-28 09:00:48.870,2396.0000,197682,0,0.0000,2.0000,1,1,空换,S,2395.0000,0.0000,0.0000,0.0000,0.0000,2396.0000,0.0000,0.0000,0.0000,0.0000,3,0,0,0,0,8,0,0,0,0
zc,WS209,2012-06-28 09:00:49.653,2395.0000,197686,4,0.0000,6.0000,5,1,空开,S,2395.0000,0.0000,0.0000,0.0000,0.0000,2396.0000,0.0000,0.0000,0.0000,0.0000,1,0,0,0,0,9,0,0,0,0
zc,WS209,2012-06-28 09:00:50.433,2396.0000,197698,12,0.0000,22.0000,17,5,多开,B,2394.0000,0.0000,0.0000,0.0000,0.0000,2397.0000,0.0000,0.0000,0.0000,0.0000,31,0,0,0,0,103,0,0,0,0
zc,WS209,2012-06-28 09:00:50.917,2396.0000,197698,0,0.0000,0.0000,0,0,多换,B,2394.0000,0.0000,0.0000,0.0000,0.0000,2395.0000,0.0000,0.0000,0.0000,0.0000,33,0,0,0,0,3,0,0,0,0
zc,WS209,2012-06-28 09:00:51.667,2394.0000,197660,-38,0.0000,40.0000,1,39,多平,S,2394.0000,0.0000,0.0000,0.0000,0.0000,2395.0000,0.0000,0.0000,0.0000,0.0000,13,0,0,0,0,4,0,0,0,0
zc,WS209,2012-06-28 09:00:52.167,2394.0000,197658,-2,0.0000,2.0000,0,2,双平,S,2394.0000,0.0000,0.0000,0.0000,0.0000,2395.0000,0.0000,0.0000,0.0000,0.0000,12,0,0,0,0,4,0,0,0,0
zc,WS209,2012-06-28 09:00:52.950,2396.0000,197666,8,0.0000,10.0000,9,1,多开,B,2394.0000,0.0000,0.0000,0.0000,0.0000,2396.0000,0.0000,0.0000,0.0000,0.0000,12,0,0,0,0,10,0,0,0,0
zc,WS209,2012-06-28 09:00:53.387,2394.0000,197666,0,0.0000,6.0000,3,3,空换,S,2394.0000,0.0000,0.0000,0.0000,0.0000,2396.0000,0.0000,0.0000,0.0000,0.0000,10,0,0,0,0,10,0,0,0,0
zc,WS209,2012-06-28 09:00:54.120,2394.0000,197668,2,0.0000,22.0000,12,10,空开,S,2394.0000,0.0000,0.0000,0.0000,0.0000,2397.0000,0.0000,0.0000,0.0000,0.0000,9,0,0,0,0,135,0,0,0,0
zc,WS209,2012-06-28 09:00:55.183,2394.0000,197668,0,0.0000,0.0000,0,0,空换,S,2394.0000,0.0000,0.0000,0.0000,0.0000,2397.0000,0.0000,0.0000,0.0000,0.0000,9,0,0,0,0,134,0,0,0,0
zc,WS209,2012-06-28 09:00:55.683,2394.0000,197668,0,0.0000,0.0000,0,0,空换,S,2395.0000,0.0000,0.0000,0.0000,0.0000,2396.0000,0.0000,0.0000,0.0000,0.0000,50,0,0,0,0,11,0,0,0,0
zc,WS209,2012-06-28 09:00:56.120,2394.0000,197668,0,0.0000,0.0000,0,0,空换,S,2395.0000,0.0000,0.0000,0.0000,0.0000,2396.0000,0.0000,0.0000,0.0000,0.0000,50,0,0,0,0,42,0,0,0,0
zc,WS209,2012-06-28 09:00:56.887,2394.0000,197668,0,0.0000,0.0000,0,0,空换,S,2395.0000,0.0000,0.0000,0.0000,0.0000,2396.0000,0.0000,0.0000,0.0000,0.0000,50,0,0,0,0,51,0,0,0,0
zc,WS209,2012-06-28 09:00:57.387,2396.0000,197668,0,0.0000,2.0000,1,1,多换,B,2395.0000,0.0000,0.0000,0.0000,0.0000,2396.0000,0.0000,0.0000,0.0000,0.0000,51,0,0,0,0,50,0,0,0,0
zc,WS209,2012-06-28 09:00:58.683,2396.0000,197668,0,0.0000,0.0000,0,0,多换,B,2395.0000,0.0000,0.0000,0.0000,0.0000,2396.0000,0.0000,0.0000,0.0000,0.0000,52,0,0,0,0,50,0,0,0,0
zc,WS209,2012-06-28 09:00:59.387,2395.0000,197670,2,0.0000,2.0000,2,0,双开,S,2395.0000,0.0000,0.0000,0.0000,0.0000,2396.0000,0.0000,0.0000,0.0000,0.0000,52,0,0,0,0,50,0,0,0,0
zc,WS209,2012-06-28 09:01:00.433,2395.0000,197676,6,0.0000,34.0000,20,14,空开,S,2395.0000,0.0000,0.0000,0.0000,0.0000,2396.0000,0.0000,0.0000,0.0000,0.0000,37,0,0,0,0,8,0,0,0,0
zc,WS209,2012-06-28 09:01:01.167,2396.0000,197692,16,0.0000,18.0000,17,1,多开,B,2396.0000,0.0000,0.0000,0.0000,0.0000,2397.0000,0.0000,0.0000,0.0000,0.0000,1,0,0,0,0,54,0,0,0,0
zc,WS209,2012-06-28 09:01:01.903,2395.0000,197712,20,0.0000,22.0000,21,1,空开,S,2395.0000,0.0000,0.0000,0.0000,0.0000,2397.0000,0.0000,0.0000,0.0000,0.0000,34,0,0,0,0,54,0,0,0,0
zc,WS209,2012-06-28 09:01:02.387,2396.0000,197716,4,0.0000,4.0000,4,0,双开,B,2396.0000,0.0000,0.0000,0.0000,0.0000,2397.0000,0.0000,0.0000,0.0000,0.0000,3,0,0,0,0,54,0,0,0,0
zc,WS209,2012-06-28 09:01:03.153,2396.0000,197720,4,0.0000,4.0000,4,0,双开,B,2396.0000,0.0000,0.0000,0.0000,0.0000,2397.0000,0.0000,0.0000,0.0000,0.0000,31,0,0,0,0,54,0,0,0,0
zc,WS209,2012-06-28 09:01:03.700,2396.0000,197720,0,0.0000,0.0000,0,0,多换,B,2396.0000,0.0000,0.0000,0.0000,0.0000,2397.0000,0.0000,0.0000,0.0000,0.0000,32,0,0,0,0,54,0,0,0,0
zc,WS209,2012-06-28 09:01:04.433,2397.0000,197718,-2,0.0000,12.0000,5,7,空平,B,2396.0000,0.0000,0.0000,0.0000,0.0000,2397.0000,0.0000,0.0000,0.0000,0.0000,32,0,0,0,0,48,0,0,0,0
zc,WS209,2012-06-28 09:01:04.667,2396.0000,197724,6,0.0000,6.0000,6,0,双开,S,2396.0000,0.0000,0.0000,0.0000,0.0000,2397.0000,0.0000,0.0000,0.0000,0.0000,30,0,0,0,0,48,0,0,0,0
zc,WS209,2012-06-28 09:01:05.450,2397.0000,197724,0,0.0000,2.0000,1,1,多换,B,2396.0000,0.0000,0.0000,0.0000,0.0000,2397.0000,0.0000,0.0000,0.0000,0.0000,30,0,0,0,0,47,0,0,0,0
zc,WS209,2012-06-28 09:01:06.137,2397.0000,197726,2,0.0000,2.0000,2,0,双开,B,2396.0000,0.0000,0.0000,0.0000,0.0000,2397.0000,0.0000,0.0000,0.0000,0.0000,30,0,0,0,0,98,0,0,0,0
zc,WS209,2012-06-28 09:01:07.357,2396.0000,197730,4,0.0000,4.0000,4,0,双开,S,2396.0000,0.0000,0.0000,0.0000,0.0000,2397.0000,0.0000,0.0000,0.0000,0.0000,30,0,0,0,0,105,0,0,0,0
zc,WS209,2012-06-28 09:01:07.857,2396.0000,197730,0,0.0000,8.0000,4,4,空换,S,2396.0000,0.0000,0.0000,0.0000,0.0000,2397.0000,0.0000,0.0000,0.0000,0.0000,26,0,0,0,0,98,0,0,0,0
zc,WS209,2012-06-28 09:01:08.620,2396.0000,197730,0,0.0000,0.0000,0,0,空换,S,2396.0000,0.0000,0.0000,0.0000,0.0000,2397.0000,0.0000,0.0000,0.0000,0.0000,26,0,0,0,0,86,0,0,0,0
zc,WS209,2012-06-28 09:01:09.153,2396.0000,197730,0,0.0000,0.0000,0,0,空换,S,2396.0000,0.0000,0.0000,0.0000,0.0000,2397.0000,0.0000,0.0000,0.0000,0.0000,27,0,0,0,0,90,0,0,0,0
zc,WS209,2012-06-28 09:01:09.917,2396.0000,197730,0,0.0000,0.0000,0,0,空换,S,2396.0000,0.0000,0.0000,0.0000,0.0000,2397.0000,0.0000,0.0000,0.0000,0.0000,28,0,0,0,0,47,0,0,0,0
zc,WS209,2012-06-28 09:01:10.120,2397.0000,197732,2,0.0000,2.0000,2,0,双开,B,2396.0000,0.0000,0.0000,0.0000,0.0000,2397.0000,0.0000,0.0000,0.0000,0.0000,28,0,0,0,0,46,0,0,0,0
zc,WS209,2012-06-28 09:01:10.870,2397.0000,197732,0,0.0000,0.0000,0,0,多换,B,2396.0000,0.0000,0.0000,0.0000,0.0000,2397.0000,0.0000,0.0000,0.0000,0.0000,29,0,0,0,0,67,0,0,0,0
zc,WS209,2012-06-28 09:01:12.120,2397.0000,197734,2,0.0000,2.0000,2,0,双开,B,2396.0000,0.0000,0.0000,0.0000,0.0000,2397.0000,0.0000,0.0000,0.0000,0.0000,29,0,0,0,0,66,0,0,0,0
zc,WS209,2012-06-28 09:01:12.637,2397.0000,197734,0,0.0000,0.0000,0,0,多换,B,2396.0000,0.0000,0.0000,0.0000,0.0000,2397.0000,0.0000,0.0000,0.0000,0.0000,30,0,0,0,0,66,0,0,0,0
zc,WS209,2012-06-28 09:01:13.417,2397.0000,197734,0,0.0000,0.0000,0,0,多换,B,2396.0000,0.0000,0.0000,0.0000,0.0000,2397.0000,0.0000,0.0000,0.0000,0.0000,30,0,0,0,0,72,0,0,0,0
zc,WS209,2012-06-28 09:01:15.090,2397.0000,197734,0,0.0000,0.0000,0,0,多换,B,2396.0000,0.0000,0.0000,0.0000,0.0000,2397.0000,0.0000,0.0000,0.0000,0.0000,32,0,0,0,0,72,0,0,0,0
zc,WS209,2012-06-28 09:01:15.667,2397.0000,197734,0,0.0000,0.0000,0,0,多换,B,2396.0000,0.0000,0.0000,0.0000,0.0000,2397.0000,0.0000,0.0000,0.0000,0.0000,33,0,0,0,0,71,0,0,0,0
zc,WS209,2012-06-28 09:01:16.933,2397.0000,197734,0,0.0000,0.0000,0,0,多换,B,2396.0000,0.0000,0.0000,0.0000,0.0000,2397.0000,0.0000,0.0000,0.0000,0.0000,34,0,0,0,0,71,0,0,0,0
zc,WS209,2012-06-28 09:01:18.933,2397.0000,197734,0,0.0000,0.0000,0,0,多换,B,2396.0000,0.0000,0.0000,0.0000,0.0000,2397.0000,0.0000,0.0000,0.0000,0.0000,34,0,0,0,0,70,0,0,0,0
zc,WS209,2012-06-28 09:01:19.450,2397.0000,197738,4,0.0000,4.0000,4,0,双开,B,2396.0000,0.0000,0.0000,0.0000,0.0000,2397.0000,0.0000,0.0000,0.0000,0.0000,35,0,0,0,0,68,0,0,0,0
zc,WS209,2012-06-28 09:01:20.153,2397.0000,197740,2,0.0000,2.0000,2,0,双开,B,2396.0000,0.0000,0.0000,0.0000,0.0000,2397.0000,0.0000,0.0000,0.0000,0.0000,35,0,0,0,0,67,0,0,0,0
zc,WS209,2012-06-28 09:01:21.370,2397.0000,197740,0,0.0000,2.0000,1,1,多换,B,2396.0000,0.0000,0.0000,0.0000,0.0000,2397.0000,0.0000,0.0000,0.0000,0.0000,35,0,0,0,0,66,0,0,0,0
zc,WS209,2012-06-28 09:01:21.887,2397.0000,197740,0,0.0000,0.0000,0,0,多换,B,2396.0000,0.0000,0.0000,0.0000,0.0000,2397.0000,0.0000,0.0000,0.0000,0.0000,35,0,0,0,0,70,0,0,0,0
zc,WS209,2012-06-28 09:01:22.370,2397.0000,197744,4,0.0000,4.0000,4,0,双开,B,2396.0000,0.0000,0.0000,0.0000,0.0000,2397.0000,0.0000,0.0000,0.0000,0.0000,34,0,0,0,0,68,0,0,0,0
zc,WS209,2012-06-28 09:01:23.107,2397.0000,197744,0,0.0000,0.0000,0,0,多换,B,2396.0000,0.0000,0.0000,0.0000,0.0000,2397.0000,0.0000,0.0000,0.0000,0.0000,36,0,0,0,0,68,0,0,0,0
zc,WS209,2012-06-28 09:01:24.857,2397.0000,197746,2,0.0000,2.0000,2,0,双开,B,2396.0000,0.0000,0.0000,0.0000,0.0000,2397.0000,0.0000,0.0000,0.0000,0.0000,36,0,0,0,0,67,0,0,0,0
zc,WS209,2012-06-28 09:01:25.620,2396.0000,197786,40,0.0000,40.0000,40,0,双开,S,2396.0000,0.0000,0.0000,0.0000,0.0000,2397.0000,0.0000,0.0000,0.0000,0.0000,16,0,0,0,0,67,0,0,0,0
zc,WS209,2012-06-28 09:01:27.370,2396.0000,197776,-10,0.0000,34.0000,12,22,多平,S,2395.0000,0.0000,0.0000,0.0000,0.0000,2396.0000,0.0000,0.0000,0.0000,0.0000,38,0,0,0,0,43,0,0,0,0
zc,WS209,2012-06-28 09:01:28.183,2396.0000,197768,-8,0.0000,10.0000,1,9,多平,S,2395.0000,0.0000,0.0000,0.0000,0.0000,2396.0000,0.0000,0.0000,0.0000,0.0000,34,0,0,0,0,38,0,0,0,0
zc,WS209,2012-06-28 09:01:28.590,2396.0000,197764,-4,0.0000,52.0000,24,28,多平,S,2395.0000,0.0000,0.0000,0.0000,0.0000,2396.0000,0.0000,0.0000,0.0000,0.0000,67,0,0,0,0,13,0,0,0,0
zc,WS209,2012-06-28 09:01:29.387,2396.0000,197764,0,0.0000,2.0000,1,1,空换,S,2395.0000,0.0000,0.0000,0.0000,0.0000,2396.0000,0.0000,0.0000,0.0000,0.0000,66,0,0,0,0,12,0,0,0,0
zc,WS209,2012-06-28 09:01:29.667,2395.0000,197764,0,0.0000,6.0000,3,3,空换,S,2395.0000,0.0000,0.0000,0.0000,0.0000,2396.0000,0.0000,0.0000,0.0000,0.0000,63,0,0,0,0,30,0,0,0,0
zc,WS209,2012-06-28 09:01:30.340,2396.0000,197764,0,0.0000,6.0000,3,3,多换,B,2395.0000,0.0000,0.0000,0.0000,0.0000,2396.0000,0.0000,0.0000,0.0000,0.0000,61,0,0,0,0,27,0,0,0,0
zc,WS209,2012-06-28 09:01:30.870,2396.0000,197764,0,0.0000,4.0000,2,2,多换,B,2395.0000,0.0000,0.0000,0.0000,0.0000,2396.0000,0.0000,0.0000,0.0000,0.0000,60,0,0,0,0,26,0,0,0,0
zc,WS209,2012-06-28 09:01:32.090,2396.0000,197764,0,0.0000,12.0000,6,6,多换,B,2395.0000,0.0000,0.0000,0.0000,0.0000,2396.0000,0.0000,0.0000,0.0000,0.0000,57,0,0,0,0,20,0,0,0,0
zc,WS209,2012-06-28 09:01:32.637,2396.0000,197764,0,0.0000,4.0000,2,2,多换,B,2395.0000,0.0000,0.0000,0.0000,0.0000,2396.0000,0.0000,0.0000,0.0000,0.0000,57,0,0,0,0,18,0,0,0,0
zc,WS209,2012-06-28 09:01:33.340,2396.0000,197764,0,0.0000,2.0000,1,1,多换,B,2395.0000,0.0000,0.0000,0.0000,0.0000,2396.0000,0.0000,0.0000,0.0000,0.0000,56,0,0,0,0,39,0,0,0,0
zc,WS209,2012-06-28 09:01:33.840,2396.0000,197764,0,0.0000,8.0000,4,4,多换,B,2395.0000,0.0000,0.0000,0.0000,0.0000,2396.0000,0.0000,0.0000,0.0000,0.0000,52,0,0,0,0,35,0,0,0,0
zc,WS209,2012-06-28 09:01:34.357,2396.0000,197764,0,0.0000,0.0000,0,0,多换,B,2395.0000,0.0000,0.0000,0.0000,0.0000,2396.0000,0.0000,0.0000,0.0000,0.0000,52,0,0,0,0,36,0,0,0,0
zc,WS209,2012-06-28 09:01:34.870,2395.0000,197764,0,0.0000,6.0000,3,3,空换,S,2395.0000,0.0000,0.0000,0.0000,0.0000,2396.0000,0.0000,0.0000,0.0000,0.0000,49,0,0,0,0,36,0,0,0,0
zc,WS209,2012-06-28 09:01:35.637,2396.0000,197764,0,0.0000,2.0000,1,1,多换,B,2395.0000,0.0000,0.0000,0.0000,0.0000,2396.0000,0.0000,0.0000,0.0000,0.0000,49,0,0,0,0,36,0,0,0,0
zc,WS209,2012-06-28 09:01:36.137,2396.0000,197764,0,0.0000,0.0000,0,0,多换,B,2395.0000,0.0000,0.0000,0.0000,0.0000,2396.0000,0.0000,0.0000,0.0000,0.0000,47,0,0,0,0,36,0,0,0,0
zc,WS209,2012-06-28 09:01:36.903,2395.0000,197766,2,0.0000,2.0000,2,0,双开,S,2395.0000,0.0000,0.0000,0.0000,0.0000,2396.0000,0.0000,0.0000,0.0000,0.0000,27,0,0,0,0,47,0,0,0,0
zc,WS209,2012-06-28 09:01:38.153,2396.0000,197766,0,0.0000,2.0000,1,1,多换,B,2395.0000,0.0000,0.0000,0.0000,0.0000,2396.0000,0.0000,0.0000,0.0000,0.0000,27,0,0,0,0,46,0,0,0,0
zc,WS209,2012-06-28 09:01:39.887,2395.0000,197768,2,0.0000,2.0000,2,0,双开,S,2395.0000,0.0000,0.0000,0.0000,0.0000,2396.0000,0.0000,0.0000,0.0000,0.0000,26,0,0,0,0,46,0,0,0,0
zc,WS209,2012-06-28 09:01:41.120,2395.0000,197768,0,0.0000,0.0000,0,0,空换,S,2395.0000,0.0000,0.0000,0.0000,0.0000,2396.0000,0.0000,0.0000,0.0000,0.0000,27,0,0,0,0,46,0,0,0,0
zc,WS209,2012-06-28 09:01:41.340,2395.0000,197768,0,0.0000,18.0000,9,9,空换,S,2395.0000,0.0000,0.0000,0.0000,0.0000,2396.0000,0.0000,0.0000,0.0000,0.0000,17,0,0,0,0,48,0,0,0,0
zc,WS209,2012-06-28 09:01:42.823,2395.0000,197784,16,0.0000,18.0000,17,1,空开,S,2395.0000,0.0000,0.0000,0.0000,0.0000,2396.0000,0.0000,0.0000,0.0000,0.0000,8,0,0,0,0,48,0,0,0,0
zc,WS209,2012-06-28 09:01:43.357,2395.0000,197788,4,0.0000,4.0000,4,0,双开,S,2395.0000,0.0000,0.0000,0.0000,0.0000,2396.0000,0.0000,0.0000,0.0000,0.0000,7,0,0,0,0,48,0,0,0,0
zc,WS209,2012-06-28 09:01:44.137,2395.0000,197786,-2,0.0000,2.0000,0,2,双平,S,2395.0000,0.0000,0.0000,0.0000,0.0000,2396.0000,0.0000,0.0000,0.0000,0.0000,6,0,0,0,0,48,0,0,0,0
zc,WS209,2012-06-28 09:01:45.153,2395.0000,197796,10,0.0000,12.0000,11,1,空开,S,2394.0000,0.0000,0.0000,0.0000,0.0000,2395.0000,0.0000,0.0000,0.0000,0.0000,29,0,0,0,0,4,0,0,0,0
zc,WS209,2012-06-28 09:01:45.637,2395.0000,197800,4,0.0000,4.0000,4,0,双开,S,2394.0000,0.0000,0.0000,0.0000,0.0000,2395.0000,0.0000,0.0000,0.0000,0.0000,9,0,0,0,0,12,0,0,0,0
zc,WS209,2012-06-28 09:01:46.323,2395.0000,197800,0,0.0000,0.0000,0,0,空换,S,2394.0000,0.0000,0.0000,0.0000,0.0000,2395.0000,0.0000,0.0000,0.0000,0.0000,9,0,0,0,0,12,0,0,0,0
zc,WS209,2012-06-28 09:01:46.823,2396.0000,197926,126,0.0000,262.0000,194,68,多开,B,2396.0000,0.0000,0.0000,0.0000,0.0000,2397.0000,0.0000,0.0000,0.0000,0.0000,169,0,0,0,0,120,0,0,0,0
zc,WS209,2012-06-28 09:01:47.637,2396.0000,197934,8,0.0000,10.0000,9,1,多开,B,2396.0000,0.0000,0.0000,0.0000,0.0000,2397.0000,0.0000,0.0000,0.0000,0.0000,164,0,0,0,0,117,0,0,0,0
zc,WS209,2012-06-28 09:01:48.620,2396.0000,197952,18,0.0000,18.0000,18,0,双开,B,2396.0000,0.0000,0.0000,0.0000,0.0000,2397.0000,0.0000,0.0000,0.0000,0.0000,155,0,0,0,0,108,0,0,0,0
zc,WS209,2012-06-28 09:01:49.403,2396.0000,198004,52,0.0000,52.0000,52,0,双开,B,2396.0000,0.0000,0.0000,0.0000,0.0000,2397.0000,0.0000,0.0000,0.0000,0.0000,133,0,0,0,0,82,0,0,0,0
zc,WS209,2012-06-28 09:01:50.183,2396.0000,198032,28,0.0000,28.0000,28,0,双开,B,2396.0000,0.0000,0.0000,0.0000,0.0000,2397.0000,0.0000,0.0000,0.0000,0.0000,131,0,0,0,0,68,0,0,0,0
zc,WS209,2012-06-28 09:01:50.683,2397.0000,198040,8,0.0000,8.0000,8,0,双开,B,2396.0000,0.0000,0.0000,0.0000,0.0000,2397.0000,0.0000,0.0000,0.0000,0.0000,128,0,0,0,0,64,0,0,0,0
zc,WS209,2012-06-28 09:01:51.137,2396.0000,198072,32,0.0000,32.0000,32,0,双开,S,2396.0000,0.0000,0.0000,0.0000,0.0000,2397.0000,0.0000,0.0000,0.0000,0.0000,112,0,0,0,0,162,0,0,0,0
zc,WS209,2012-06-28 09:01:51.887,2396.0000,198092,20,0.0000,20.0000,20,0,双开,S,2396.0000,0.0000,0.0000,0.0000,0.0000,2397.0000,0.0000,0.0000,0.0000,0.0000,103,0,0,0,0,190,0,0,0,0
zc,WS209,2012-06-28 09:01:52.433,2396.0000,198094,2,0.0000,2.0000,2,0,双开,S,2396.0000,0.0000,0.0000,0.0000,0.0000,2397.0000,0.0000,0.0000,0.0000,0.0000,102,0,0,0,0,189,0,0,0,0
zc,WS209,2012-06-28 09:01:53.387,2396.0000,198096,2,0.0000,2.0000,2,0,双开,S,2396.0000,0.0000,0.0000,0.0000,0.0000,2397.0000,0.0000,0.0000,0.0000,0.0000,101,0,0,0,0,188,0,0,0,0
zc,WS209,2012-06-28 09:01:53.917,2396.0000,198098,2,0.0000,4.0000,3,1,空开,S,2396.0000,0.0000,0.0000,0.0000,0.0000,2397.0000,0.0000,0.0000,0.0000,0.0000,110,0,0,0,0,187,0,0,0,0
zc,WS209,2012-06-28 09:01:54.620,2396.0000,198102,4,0.0000,4.0000,4,0,双开,S,2396.0000,0.0000,0.0000,0.0000,0.0000,2397.0000,0.0000,0.0000,0.0000,0.0000,108,0,0,0,0,186,0,0,0,0
zc,WS209,2012-06-28 09:01:55.120,2396.0000,198102,0,0.0000,0.0000,0,0,空换,S,2396.0000,0.0000,0.0000,0.0000,0.0000,2397.0000,0.0000,0.0000,0.0000,0.0000,109,0,0,0,0,206,0,0,0,0
zc,WS209,2012-06-28 09:01:55.590,2396.0000,198104,2,0.0000,2.0000,2,0,双开,S,2396.0000,0.0000,0.0000,0.0000,0.0000,2397.0000,0.0000,0.0000,0.0000,0.0000,108,0,0,0,0,205,0,0,0,0
zc,WS209,2012-06-28 09:01:56.153,2397.0000,198114,10,0.0000,10.0000,10,0,双开,B,2396.0000,0.0000,0.0000,0.0000,0.0000,2397.0000,0.0000,0.0000,0.0000,0.0000,104,0,0,0,0,200,0,0,0,0
zc,WS209,2012-06-28 09:01:56.870,2396.0000,198130,16,0.0000,16.0000,16,0,双开,S,2396.0000,0.0000,0.0000,0.0000,0.0000,2397.0000,0.0000,0.0000,0.0000,0.0000,96,0,0,0,0,192,0,0,0,0
zc,WS209,2012-06-28 09:01:57.387,2396.0000,198132,2,0.0000,2.0000,2,0,双开,S,2396.0000,0.0000,0.0000,0.0000,0.0000,2397.0000,0.0000,0.0000,0.0000,0.0000,96,0,0,0,0,191,0,0,0,0
zc,WS209,2012-06-28 09:01:58.120,2397.0000,198134,2,0.0000,2.0000,2,0,双开,B,2396.0000,0.0000,0.0000,0.0000,0.0000,2397.0000,0.0000,0.0000,0.0000,0.0000,96,0,0,0,0,190,0,0,0,0
zc,WS209,2012-06-28 09:01:58.607,2396.0000,198144,10,0.0000,10.0000,10,0,双开,S,2396.0000,0.0000,0.0000,0.0000,0.0000,2397.0000,0.0000,0.0000,0.0000,0.0000,91,0,0,0,0,191,0,0,0,0
zc,WS209,2012-06-28 09:01:59.120,2396.0000,198146,2,0.0000,16.0000,9,7,空开,S,2396.0000,0.0000,0.0000,0.0000,0.0000,2397.0000,0.0000,0.0000,0.0000,0.0000,83,0,0,0,0,191,0,0,0,0
zc,WS209,2012-06-28 09:01:59.887,2396.0000,198170,24,0.0000,24.0000,24,0,双开,S,2396.0000,0.0000,0.0000,0.0000,0.0000,2397.0000,0.0000,0.0000,0.0000,0.0000,73,0,0,0,0,179,0,0,0,0
zc,WS209,2012-06-28 09:02:00.357,2396.0000,198192,22,0.0000,22.0000,22,0,双开,S,2396.0000,0.0000,0.0000,0.0000,0.0000,2397.0000,0.0000,0.0000,0.0000,0.0000,62,0,0,0,0,168,0,0,0,0
zc,WS209,2012-06-28 09:02:01.120,2396.0000,198192,0,0.0000,20.0000,10,10,空换,S,2396.0000,0.0000,0.0000,0.0000,0.0000,2397.0000,0.0000,0.0000,0.0000,0.0000,52,0,0,0,0,168,0,0,0,0
zc,WS209,2012-06-28 09:02:01.607,2396.0000,198198,6,0.0000,6.0000,6,0,双开,S,2396.0000,0.0000,0.0000,0.0000,0.0000,2397.0000,0.0000,0.0000,0.0000,0.0000,52,0,0,0,0,165,0,0,0,0
zc,WS209,2012-06-28 09:02:02.387,2396.0000,198198,0,0.0000,2.0000,1,1,空换,S,2396.0000,0.0000,0.0000,0.0000,0.0000,2397.0000,0.0000,0.0000,0.0000,0.0000,51,0,0,0,0,165,0,0,0,0
zc,WS209,2012-06-28 09:02:02.917,2396.0000,198228,30,0.0000,30.0000,30,0,双开,S,2396.0000,0.0000,0.0000,0.0000,0.0000,2397.0000,0.0000,0.0000,0.0000,0.0000,38,0,0,0,0,151,0,0,0,0
zc,WS209,2012-06-28 09:02:03.607,2396.0000,198228,0,0.0000,0.0000,0,0,空换,S,2396.0000,0.0000,0.0000,0.0000,0.0000,2397.0000,0.0000,0.0000,0.0000,0.0000,39,0,0,0,0,151,0,0,0,0
zc,WS209,2012-06-28 09:02:04.137,2396.0000,198236,8,0.0000,8.0000,8,0,双开,S,2396.0000,0.0000,0.0000,0.0000,0.0000,2397.0000,0.0000,0.0000,0.0000,0.0000,36,0,0,0,0,147,0,0,0,0
zc,WS209,2012-06-28 09:02:04.903,2396.0000,198238,2,0.0000,2.0000,2,0,双开,S,2396.0000,0.0000,0.0000,0.0000,0.0000,2397.0000,0.0000,0.0000,0.0000,0.0000,35,0,0,0,0,147,0,0,0,0
zc,WS209,2012-06-28 09:02:06.137,2396.0000,198262,24,0.0000,24.0000,24,0,双开,S,2396.0000,0.0000,0.0000,0.0000,0.0000,2397.0000,0.0000,0.0000,0.0000,0.0000,24,0,0,0,0,140,0,0,0,0
zc,WS209,2012-06-28 09:02:06.590,2396.0000,198268,6,0.0000,6.0000,6,0,双开,S,2396.0000,0.0000,0.0000,0.0000,0.0000,2397.0000,0.0000,0.0000,0.0000,0.0000,21,0,0,0,0,137,0,0,0,0
zc,WS209,2012-06-28 09:02:07.107,2396.0000,198274,6,0.0000,6.0000,6,0,双开,S,2396.0000,0.0000,0.0000,0.0000,0.0000,2397.0000,0.0000,0.0000,0.0000,0.0000,19,0,0,0,0,134,0,0,0,0
zc,WS209,2012-06-28 09:02:07.653,2396.0000,198276,2,0.0000,2.0000,2,0,双开,S,2396.0000,0.0000,0.0000,0.0000,0.0000,2397.0000,0.0000,0.0000,0.0000,0.0000,18,0,0,0,0,133,0,0,0,0
zc,WS209,2012-06-28 09:02:08.387,2396.0000,198286,10,0.0000,12.0000,11,1,空开,S,2396.0000,0.0000,0.0000,0.0000,0.0000,2397.0000,0.0000,0.0000,0.0000,0.0000,14,0,0,0,0,133,0,0,0,0
zc,WS209,2012-06-28 09:02:09.090,2396.0000,198278,-8,0.0000,28.0000,10,18,多平,S,2395.0000,0.0000,0.0000,0.0000,0.0000,2396.0000,0.0000,0.0000,0.0000,0.0000,11,0,0,0,0,4,0,0,0,0
zc,WS209,2012-06-28 09:02:10.137,2396.0000,198278,0,0.0000,0.0000,0,0,空换,S,2395.0000,0.0000,0.0000,0.0000,0.0000,2396.0000,0.0000,0.0000,0.0000,0.0000,12,0,0,0,0,4,0,0,0,0
zc,WS209,2012-06-28 09:02:11.480,2396.0000,198278,0,0.0000,4.0000,2,2,空换,S,2395.0000,0.0000,0.0000,0.0000,0.0000,2396.0000,0.0000,0.0000,0.0000,0.0000,12,0,0,0,0,2,0,0,0,0
zc,WS209,2012-06-28 09:02:13.620,2396.0000,198278,0,0.0000,0.0000,0,0,空换,S,2395.0000,0.0000,0.0000,0.0000,0.0000,2396.0000,0.0000,0.0000,0.0000,0.0000,13,0,0,0,0,2,0,0,0,0
zc,WS209,2012-06-28 09:02:14.340,2396.0000,198278,0,0.0000,0.0000,0,0,空换,S,2395.0000,0.0000,0.0000,0.0000,0.0000,2396.0000,0.0000,0.0000,0.0000,0.0000,15,0,0,0,0,2,0,0,0,0
zc,WS209,2012-06-28 09:02:15.870,2396.0000,198278,0,0.0000,0.0000,0,0,空换,S,2395.0000,0.0000,0.0000,0.0000,0.0000,2396.0000,0.0000,0.0000,0.0000,0.0000,15,0,0,0,0,6,0,0,0,0
zc,WS209,2012-06-28 09:02:18.183,2396.0000,198278,0,0.0000,2.0000,1,1,空换,S,2395.0000,0.0000,0.0000,0.0000,0.0000,2396.0000,0.0000,0.0000,0.0000,0.0000,15,0,0,0,0,5,0,0,0,0
zc,WS209,2012-06-28 09:02:20.467,2396.0000,198278,0,0.0000,0.0000,0,0,空换,S,2395.0000,0.0000,0.0000,0.0000,0.0000,2396.0000,0.0000,0.0000,0.0000,0.0000,16,0,0,0,0,5,0,0,0,0
zc,WS209,2012-06-28 09:02:20.887,2396.0000,198278,0,0.0000,0.0000,0,0,空换,S,2395.0000,0.0000,0.0000,0.0000,0.0000,2396.0000,0.0000,0.0000,0.0000,0.0000,16,0,0,0,0,6,0,0,0,0
zc,WS209,2012-06-28 09:02:23.357,2396.0000,198278,0,0.0000,0.0000,0,0,空换,S,2395.0000,0.0000,0.0000,0.0000,0.0000,2396.0000,0.0000,0.0000,0.0000,0.0000,18,0,0,0,0,6,0,0,0,0
zc,WS209,2012-06-28 09:02:26.137,2396.0000,198278,0,0.0000,0.0000,0,0,空换,S,2395.0000,0.0000,0.0000,0.0000,0.0000,2396.0000,0.0000,0.0000,0.0000,0.0000,18,0,0,0,0,7,0,0,0,0
zc,WS209,2012-06-28 09:02:27.340,2396.0000,198280,2,0.0000,2.0000,2,0,双开,S,2395.0000,0.0000,0.0000,0.0000,0.0000,2396.0000,0.0000,0.0000,0.0000,0.0000,18,0,0,0,0,6,0,0,0,0
zc,WS209,2012-06-28 09:02:27.857,2396.0000,198280,0,0.0000,0.0000,0,0,空换,S,2395.0000,0.0000,0.0000,0.0000,0.0000,2396.0000,0.0000,0.0000,0.0000,0.0000,20,0,0,0,0,6,0,0,0,0
zc,WS209,2012-06-28 09:02:28.307,2396.0000,198280,0,0.0000,2.0000,1,1,空换,S,2395.0000,0.0000,0.0000,0.0000,0.0000,2396.0000,0.0000,0.0000,0.0000,0.0000,20,0,0,0,0,5,0,0,0,0
zc,WS209,2012-06-28 09:02:28.857,2396.0000,198280,0,0.0000,2.0000,1,1,空换,S,2395.0000,0.0000,0.0000,0.0000,0.0000,2396.0000,0.0000,0.0000,0.0000,0.0000,20,0,0,0,0,4,0,0,0,0
zc,WS209,2012-06-28 09:02:30.120,2396.0000,198280,0,0.0000,2.0000,1,1,空换,S,2395.0000,0.0000,0.0000,0.0000,0.0000,2396.0000,0.0000,0.0000,0.0000,0.0000,20,0,0,0,0,8,0,0,0,0
zc,WS209,2012-06-28 09:02:30.573,2396.0000,198280,0,0.0000,2.0000,1,1,空换,S,2395.0000,0.0000,0.0000,0.0000,0.0000,2396.0000,0.0000,0.0000,0.0000,0.0000,20,0,0,0,0,7,0,0,0,0
zc,WS209,2012-06-28 09:02:31.387,2396.0000,198282,2,0.0000,2.0000,2,0,双开,S,2395.0000,0.0000,0.0000,0.0000,0.0000,2396.0000,0.0000,0.0000,0.0000,0.0000,21,0,0,0,0,6,0,0,0,0
zc,WS209,2012-06-28 09:02:32.417,2396.0000,198286,4,0.0000,4.0000,4,0,双开,S,2395.0000,0.0000,0.0000,0.0000,0.0000,2396.0000,0.0000,0.0000,0.0000,0.0000,43,0,0,0,0,4,0,0,0,0
zc,WS209,2012-06-28 09:02:33.167,2396.0000,198286,0,0.0000,0.0000,0,0,空换,S,2395.0000,0.0000,0.0000,0.0000,0.0000,2396.0000,0.0000,0.0000,0.0000,0.0000,43,0,0,0,0,5,0,0,0,0
zc,WS209,2012-06-28 09:02:34.917,2396.0000,198290,4,0.0000,4.0000,4,0,双开,S,2395.0000,0.0000,0.0000,0.0000,0.0000,2396.0000,0.0000,0.0000,0.0000,0.0000,42,0,0,0,0,3,0,0,0,0
zc,WS209,2012-06-28 09:02:36.167,2396.0000,198292,2,0.0000,2.0000,2,0,双开,S,2395.0000,0.0000,0.0000,0.0000,0.0000,2396.0000,0.0000,0.0000,0.0000,0.0000,42,0,0,0,0,2,0,0,0,0
zc,WS209,2012-06-28 09:02:37.183,2396.0000,198294,2,0.0000,2.0000,2,0,双开,S,2395.0000,0.0000,0.0000,0.0000,0.0000,2396.0000,0.0000,0.0000,0.0000,0.0000,42,0,0,0,0,1,0,0,0,0
zc,WS209,2012-06-28 09:02:37.950,2396.0000,198294,0,0.0000,2.0000,1,1,空换,S,2396.0000,0.0000,0.0000,0.0000,0.0000,2397.0000,0.0000,0.0000,0.0000,0.0000,3,0,0,0,0,75,0,0,0,0
zc,WS209,2012-06-28 09:02:38.403,2396.0000,198294,0,0.0000,0.0000,0,0,空换,S,2396.0000,0.0000,0.0000,0.0000,0.0000,2397.0000,0.0000,0.0000,0.0000,0.0000,13,0,0,0,0,133,0,0,0,0
zc,WS209,2012-06-28 09:02:39.357,2397.0000,198296,2,0.0000,2.0000,2,0,双开,B,2396.0000,0.0000,0.0000,0.0000,0.0000,2397.0000,0.0000,0.0000,0.0000,0.0000,13,0,0,0,0,132,0,0,0,0
zc,WS209,2012-06-28 09:02:40.870,2396.0000,198298,2,0.0000,2.0000,2,0,双开,S,2396.0000,0.0000,0.0000,0.0000,0.0000,2397.0000,0.0000,0.0000,0.0000,0.0000,12,0,0,0,0,131,0,0,0,0
zc,WS209,2012-06-28 09:02:41.417,2396.0000,198298,0,0.0000,0.0000,0,0,空换,S,2396.0000,0.0000,0.0000,0.0000,0.0000,2397.0000,0.0000,0.0000,0.0000,0.0000,17,0,0,0,0,131,0,0,0,0
zc,WS209,2012-06-28 09:02:42.653,2396.0000,198298,0,0.0000,0.0000,0,0,空换,S,2396.0000,0.0000,0.0000,0.0000,0.0000,2397.0000,0.0000,0.0000,0.0000,0.0000,17,0,0,0,0,126,0,0,0,0
zc,WS209,2012-06-28 09:02:43.153,2396.0000,198298,0,0.0000,0.0000,0,0,空换,S,2396.0000,0.0000,0.0000,0.0000,0.0000,2397.0000,0.0000,0.0000,0.0000,0.0000,18,0,0,0,0,126,0,0,0,0
zc,WS209,2012-06-28 09:02:43.620,2396.0000,198302,4,0.0000,4.0000,4,0,双开,S,2396.0000,0.0000,0.0000,0.0000,0.0000,2397.0000,0.0000,0.0000,0.0000,0.0000,16,0,0,0,0,124,0,0,0,0
zc,WS209,2012-06-28 09:02:44.403,2396.0000,198312,10,0.0000,10.0000,10,0,双开,S,2396.0000,0.0000,0.0000,0.0000,0.0000,2397.0000,0.0000,0.0000,0.0000,0.0000,11,0,0,0,0,119,0,0,0,0
zc,WS209,2012-06-28 09:02:45.637,2396.0000,198312,0,0.0000,0.0000,0,0,空换,S,2396.0000,0.0000,0.0000,0.0000,0.0000,2397.0000,0.0000,0.0000,0.0000,0.0000,12,0,0,0,0,119,0,0,0,0
zc,WS209,2012-06-28 09:02:45.857,2396.0000,198332,20,0.0000,24.0000,22,2,空开,S,2395.0000,0.0000,0.0000,0.0000,0.0000,2397.0000,0.0000,0.0000,0.0000,0.0000,45,0,0,0,0,107,0,0,0,0
zc,WS209,2012-06-28 09:02:47.870,2397.0000,198336,4,0.0000,4.0000,4,0,双开,B,2395.0000,0.0000,0.0000,0.0000,0.0000,2397.0000,0.0000,0.0000,0.0000,0.0000,45,0,0,0,0,105,0,0,0,0
zc,WS209,2012-06-28 09:02:48.387,2397.0000,198336,0,0.0000,0.0000,0,0,多换,B,2395.0000,0.0000,0.0000,0.0000,0.0000,2396.0000,0.0000,0.0000,0.0000,0.0000,45,0,0,0,0,1,0,0,0,0
zc,WS209,2012-06-28 09:02:48.933,2397.0000,198336,0,0.0000,0.0000,0,0,多换,B,2395.0000,0.0000,0.0000,0.0000,0.0000,2396.0000,0.0000,0.0000,0.0000,0.0000,45,0,0,0,0,2,0,0,0,0
zc,WS209,2012-06-28 09:02:49.607,2397.0000,198336,0,0.0000,0.0000,0,0,多换,B,2395.0000,0.0000,0.0000,0.0000,0.0000,2396.0000,0.0000,0.0000,0.0000,0.0000,45,0,0,0,0,3,0,0,0,0
zc,WS209,2012-06-28 09:02:50.620,2397.0000,198336,0,0.0000,0.0000,0,0,多换,B,2395.0000,0.0000,0.0000,0.0000,0.0000,2396.0000,0.0000,0.0000,0.0000,0.0000,45,0,0,0,0,4,0,0,0,0
zc,WS209,2012-06-28 09:02:51.637,2396.0000,198338,2,0.0000,2.0000,2,0,双开,S,2395.0000,0.0000,0.0000,0.0000,0.0000,2396.0000,0.0000,0.0000,0.0000,0.0000,45,0,0,0,0,3,0,0,0,0
zc,WS209,2012-06-28 09:02:52.887,2396.0000,198340,2,0.0000,2.0000,2,0,双开,S,2395.0000,0.0000,0.0000,0.0000,0.0000,2396.0000,0.0000,0.0000,0.0000,0.0000,45,0,0,0,0,2,0,0,0,0
zc,WS209,2012-06-28 09:02:54.620,2396.0000,198340,0,0.0000,2.0000,1,1,空换,S,2395.0000,0.0000,0.0000,0.0000,0.0000,2396.0000,0.0000,0.0000,0.0000,0.0000,45,0,0,0,0,1,0,0,0,0
zc,WS209,2012-06-28 09:02:55.620,2396.0000,198340,0,0.0000,0.0000,0,0,空换,S,2395.0000,0.0000,0.0000,0.0000,0.0000,2396.0000,0.0000,0.0000,0.0000,0.0000,45,0,0,0,0,2,0,0,0,0
zc,WS209,2012-06-28 09:02:56.933,2396.0000,198340,0,0.0000,2.0000,1,1,空换,S,2395.0000,0.0000,0.0000,0.0000,0.0000,2396.0000,0.0000,0.0000,0.0000,0.0000,45,0,0,0,0,2,0,0,0,0
zc,WS209,2012-06-28 09:02:57.387,2396.0000,198340,0,0.0000,0.0000,0,0,空换,S,2395.0000,0.0000,0.0000,0.0000,0.0000,2396.0000,0.0000,0.0000,0.0000,0.0000,45,0,0,0,0,38,0,0,0,0
zc,WS209,2012-06-28 09:02:57.823,2396.0000,198342,2,0.0000,2.0000,2,0,双开,S,2395.0000,0.0000,0.0000,0.0000,0.0000,2396.0000,0.0000,0.0000,0.0000,0.0000,45,0,0,0,0,37,0,0,0,0
zc,WS209,2012-06-28 09:02:59.073,2396.0000,198342,0,0.0000,0.0000,0,0,空换,S,2395.0000,0.0000,0.0000,0.0000,0.0000,2396.0000,0.0000,0.0000,0.0000,0.0000,46,0,0,0,0,40,0,0,0,0
zc,WS209,2012-06-28 09:02:59.903,2396.0000,198346,4,0.0000,4.0000,4,0,双开,S,2395.0000,0.0000,0.0000,0.0000,0.0000,2396.0000,0.0000,0.0000,0.0000,0.0000,48,0,0,0,0,39,0,0,0,0
zc,WS209,2012-06-28 09:03:00.357,2396.0000,198346,0,0.0000,0.0000,0,0,空换,S,2395.0000,0.0000,0.0000,0.0000,0.0000,2396.0000,0.0000,0.0000,0.0000,0.0000,49,0,0,0,0,38,0,0,0,0
zc,WS209,2012-06-28 09:03:01.607,2396.0000,198346,0,0.0000,0.0000,0,0,空换,S,2395.0000,0.0000,0.0000,0.0000,0.0000,2396.0000,0.0000,0.0000,0.0000,0.0000,49,0,0,0,0,37,0,0,0,0
zc,WS209,2012-06-28 09:03:02.370,2396.0000,198346,0,0.0000,0.0000,0,0,空换,S,2395.0000,0.0000,0.0000,0.0000,0.0000,2396.0000,0.0000,0.0000,0.0000,0.0000,49,0,0,0,0,36,0,0,0,0
zc,WS209,2012-06-28 09:03:02.887,2396.0000,198346,0,0.0000,0.0000,0,0,空换,S,2395.0000,0.0000,0.0000,0.0000,0.0000,2396.0000,0.0000,0.0000,0.0000,0.0000,47,0,0,0,0,36,0,0,0,0
zc,WS209,2012-06-28 09:03:04.620,2396.0000,198346,0,0.0000,0.0000,0,0,空换,S,2395.0000,0.0000,0.0000,0.0000,0.0000,2396.0000,0.0000,0.0000,0.0000,0.0000,48,0,0,0,0,38,0,0,0,0
zc,WS209,2012-06-28 09:03:06.870,2396.0000,198346,0,0.0000,0.0000,0,0,空换,S,2395.0000,0.0000,0.0000,0.0000,0.0000,2396.0000,0.0000,0.0000,0.0000,0.0000,48,0,0,0,0,37,0,0,0,0
zc,WS209,2012-06-28 09:03:09.403,2395.0000,198436,90,0.0000,96.0000,93,3,空开,S,2394.0000,0.0000,0.0000,0.0000,0.0000,2395.0000,0.0000,0.0000,0.0000,0.0000,20,0,0,0,0,52,0,0,0,0
zc,WS209,2012-06-28 09:03:11.370,2395.0000,198436,0,0.0000,0.0000,0,0,空换,S,2394.0000,0.0000,0.0000,0.0000,0.0000,2395.0000,0.0000,0.0000,0.0000,0.0000,20,0,0,0,0,53,0,0,0,0
zc,WS209,2012-06-28 09:03:13.667,2395.0000,198436,0,0.0000,8.0000,4,4,空换,S,2394.0000,0.0000,0.0000,0.0000,0.0000,2395.0000,0.0000,0.0000,0.0000,0.0000,20,0,0,0,0,49,0,0,0,0
zc,WS209,2012-06-28 09:03:14.887,2395.0000,198436,0,0.0000,0.0000,0,0,空换,S,2394.0000,0.0000,0.0000,0.0000,0.0000,2395.0000,0.0000,0.0000,0.0000,0.0000,20,0,0,0,0,48,0,0,0,0
zc,WS209,2012-06-28 09:03:15.637,2394.0000,198458,22,0.0000,34.0000,28,6,空开,S,2393.0000,0.0000,0.0000,0.0000,0.0000,2394.0000,0.0000,0.0000,0.0000,0.0000,22,0,0,0,0,83,0,0,0,0
zc,WS209,2012-06-28 09:03:16.840,2394.0000,198458,0,0.0000,0.0000,0,0,空换,S,2393.0000,0.0000,0.0000,0.0000,0.0000,2394.0000,0.0000,0.0000,0.0000,0.0000,22,0,0,0,0,84,0,0,0,0
zc,WS209,2012-06-28 09:03:17.403,2394.0000,198458,0,0.0000,0.0000,0,0,空换,S,2393.0000,0.0000,0.0000,0.0000,0.0000,2394.0000,0.0000,0.0000,0.0000,0.0000,22,0,0,0,0,297,0,0,0,0
zc,WS209,2012-06-28 09:03:17.857,2393.0000,198458,0,0.0000,2.0000,1,1,空换,S,2393.0000,0.0000,0.0000,0.0000,0.0000,2394.0000,0.0000,0.0000,0.0000,0.0000,21,0,0,0,0,301,0,0,0,0
zc,WS209,2012-06-28 09:03:18.637,2393.0000,198458,0,0.0000,8.0000,4,4,空换,S,2393.0000,0.0000,0.0000,0.0000,0.0000,2394.0000,0.0000,0.0000,0.0000,0.0000,17,0,0,0,0,302,0,0,0,0
zc,WS209,2012-06-28 09:03:19.200,2394.0000,198460,2,0.0000,2.0000,2,0,双开,B,2393.0000,0.0000,0.0000,0.0000,0.0000,2394.0000,0.0000,0.0000,0.0000,0.0000,17,0,0,0,0,301,0,0,0,0
zc,WS209,2012-06-28 09:03:19.840,2392.0000,198484,24,0.0000,24.0000,24,0,双开,S,2392.0000,0.0000,0.0000,0.0000,0.0000,2394.0000,0.0000,0.0000,0.0000,0.0000,14,0,0,0,0,310,0,0,0,0
zc,WS209,2012-06-28 09:03:20.120,2393.0000,198484,0,0.0000,2.0000,1,1,多换,B,2392.0000,0.0000,0.0000,0.0000,0.0000,2393.0000,0.0000,0.0000,0.0000,0.0000,14,0,0,0,0,4,0,0,0,0
zc,WS209,2012-06-28 09:03:20.857,2392.0000,198484,0,0.0000,2.0000,1,1,空换,S,2392.0000,0.0000,0.0000,0.0000,0.0000,2393.0000,0.0000,0.0000,0.0000,0.0000,13,0,0,0,0,4,0,0,0,0
zc,WS209,2012-06-28 09:03:21.370,2392.0000,198486,2,0.0000,54.0000,28,26,空开,S,2392.0000,0.0000,0.0000,0.0000,0.0000,2393.0000,0.0000,0.0000,0.0000,0.0000,47,0,0,0,0,3,0,0,0,0
zc,WS209,2012-06-28 09:03:22.607,2392.0000,198500,14,0.0000,14.0000,14,0,双开,S,2392.0000,0.0000,0.0000,0.0000,0.0000,2393.0000,0.0000,0.0000,0.0000,0.0000,40,0,0,0,0,2,0,0,0,0
zc,WS209,2012-06-28 09:03:23.357,2393.0000,198502,2,0.0000,2.0000,2,0,双开,B,2392.0000,0.0000,0.0000,0.0000,0.0000,2393.0000,0.0000,0.0000,0.0000,0.0000,39,0,0,0,0,1,0,0,0,0
zc,WS209,2012-06-28 09:03:23.870,2392.0000,198504,2,0.0000,4.0000,3,1,空开,S,2392.0000,0.0000,0.0000,0.0000,0.0000,2393.0000,0.0000,0.0000,0.0000,0.0000,37,0,0,0,0,1,0,0,0,0
zc,WS209,2012-06-28 09:03:24.370,2392.0000,198508,4,0.0000,4.0000,4,0,双开,S,2392.0000,0.0000,0.0000,0.0000,0.0000,2393.0000,0.0000,0.0000,0.0000,0.0000,35,0,0,0,0,1,0,0,0,0
zc,WS209,2012-06-28 09:03:25.137,2393.0000,198508,0,0.0000,2.0000,1,1,多换,B,2392.0000,0.0000,0.0000,0.0000,0.0000,2394.0000,0.0000,0.0000,0.0000,0.0000,34,0,0,0,0,138,0,0,0,0
zc,WS209,2012-06-28 09:03:25.620,2392.0000,198508,0,0.0000,2.0000,1,1,空换,S,2392.0000,0.0000,0.0000,0.0000,0.0000,2393.0000,0.0000,0.0000,0.0000,0.0000,7,0,0,0,0,11,0,0,0,0
zc,WS209,2012-06-28 09:03:26.323,2392.0000,198506,-2,0.0000,16.0000,7,9,多平,S,2391.0000,0.0000,0.0000,0.0000,0.0000,2392.0000,0.0000,0.0000,0.0000,0.0000,31,0,0,0,0,3,0,0,0,0
zc,WS209,2012-06-28 09:03:26.637,2392.0000,198508,2,0.0000,8.0000,5,3,空开,S,2392.0000,0.0000,0.0000,0.0000,0.0000,2393.0000,0.0000,0.0000,0.0000,0.0000,2,0,0,0,0,48,0,0,0,0
zc,WS209,2012-06-28 09:03:27.357,2392.0000,198510,2,0.0000,2.0000,2,0,双开,S,2392.0000,0.0000,0.0000,0.0000,0.0000,2393.0000,0.0000,0.0000,0.0000,0.0000,1,0,0,0,0,48,0,0,0,0
zc,WS209,2012-06-28 09:03:27.887,2392.0000,198508,-2,0.0000,8.0000,3,5,多平,S,2391.0000,0.0000,0.0000,0.0000,0.0000,2393.0000,0.0000,0.0000,0.0000,0.0000,22,0,0,0,0,47,0,0,0,0
zc,WS209,2012-06-28 09:03:28.620,2392.0000,198510,2,0.0000,2.0000,2,0,双开,S,2391.0000,0.0000,0.0000,0.0000,0.0000,2392.0000,0.0000,0.0000,0.0000,0.0000,6,0,0,0,0,24,0,0,0,0
zc,WS209,2012-06-28 09:03:29.090,2391.0000,198510,0,0.0000,4.0000,2,2,空换,S,2391.0000,0.0000,0.0000,0.0000,0.0000,2392.0000,0.0000,0.0000,0.0000,0.0000,10,0,0,0,0,48,0,0,0,0
zc,WS209,2012-06-28 09:03:29.903,2391.0000,198508,-2,0.0000,2.0000,0,2,双平,S,2391.0000,0.0000,0.0000,0.0000,0.0000,2392.0000,0.0000,0.0000,0.0000,0.0000,9,0,0,0,0,49,0,0,0,0
zc,WS209,2012-06-28 09:03:30.450,2391.0000,198508,0,0.0000,6.0000,3,3,空换,S,2391.0000,0.0000,0.0000,0.0000,0.0000,2392.0000,0.0000,0.0000,0.0000,0.0000,6,0,0,0,0,49,0,0,0,0
zc,WS209,2012-06-28 09:03:31.107,2391.0000,198496,-12,0.0000,12.0000,0,12,双平,S,2390.0000,0.0000,0.0000,0.0000,0.0000,2391.0000,0.0000,0.0000,0.0000,0.0000,40,0,0,0,0,9,0,0,0,0
zc,WS209,2012-06-28 09:03:31.637,2390.0000,198496,0,0.0000,2.0000,1,1,空换,S,2390.0000,0.0000,0.0000,0.0000,0.0000,2391.0000,0.0000,0.0000,0.0000,0.0000,39,0,0,0,0,23,0,0,0,0
zc,WS209,2012-06-28 09:03:32.153,2390.0000,198496,0,0.0000,0.0000,0,0,空换,S,2390.0000,0.0000,0.0000,0.0000,0.0000,2391.0000,0.0000,0.0000,0.0000,0.0000,40,0,0,0,0,23,0,0,0,0
zc,WS209,2012-06-28 09:03:32.933,2390.0000,198530,34,0.0000,44.0000,39,5,空开,S,2390.0000,0.0000,0.0000,0.0000,0.0000,2391.0000,0.0000,0.0000,0.0000,0.0000,4,0,0,0,0,52,0,0,0,0
zc,WS209,2012-06-28 09:03:33.387,2390.0000,198530,0,0.0000,2.0000,1,1,空换,S,2390.0000,0.0000,0.0000,0.0000,0.0000,2391.0000,0.0000,0.0000,0.0000,0.0000,3,0,0,0,0,67,0,0,0,0
zc,WS209,2012-06-28 09:03:34.090,2389.0000,198538,8,0.0000,8.0000,8,0,双开,S,2389.0000,0.0000,0.0000,0.0000,0.0000,2390.0000,0.0000,0.0000,0.0000,0.0000,20,0,0,0,0,16,0,0,0,0
zc,WS209,2012-06-28 09:03:34.590,2389.0000,198538,0,0.0000,0.0000,0,0,空换,S,2389.0000,0.0000,0.0000,0.0000,0.0000,2390.0000,0.0000,0.0000,0.0000,0.0000,2,0,0,0,0,20,0,0,0,0
zc,WS209,2012-06-28 09:03:35.120,2389.0000,198540,2,0.0000,38.0000,20,18,空开,S,2388.0000,0.0000,0.0000,0.0000,0.0000,2390.0000,0.0000,0.0000,0.0000,0.0000,63,0,0,0,0,22,0,0,0,0
zc,WS209,2012-06-28 09:03:35.620,2389.0000,198542,2,0.0000,2.0000,2,0,双开,S,2388.0000,0.0000,0.0000,0.0000,0.0000,2390.0000,0.0000,0.0000,0.0000,0.0000,59,0,0,0,0,35,0,0,0,0
zc,WS209,2012-06-28 09:03:36.403,2390.0000,198544,2,0.0000,2.0000,2,0,双开,B,2388.0000,0.0000,0.0000,0.0000,0.0000,2389.0000,0.0000,0.0000,0.0000,0.0000,61,0,0,0,0,2,0,0,0,0
zc,WS209,2012-06-28 09:03:36.870,2388.0000,198548,4,0.0000,20.0000,12,8,空开,S,2388.0000,0.0000,0.0000,0.0000,0.0000,2390.0000,0.0000,0.0000,0.0000,0.0000,51,0,0,0,0,44,0,0,0,0
zc,WS209,2012-06-28 09:03:37.637,2388.0000,198532,-16,0.0000,46.0000,15,31,多平,S,2388.0000,0.0000,0.0000,0.0000,0.0000,2390.0000,0.0000,0.0000,0.0000,0.0000,37,0,0,0,0,30,0,0,0,0
zc,WS209,2012-06-28 09:03:38.433,2388.0000,198532,0,0.0000,6.0000,3,3,空换,S,2389.0000,0.0000,0.0000,0.0000,0.0000,2390.0000,0.0000,0.0000,0.0000,0.0000,1,0,0,0,0,32,0,0,0,0
zc,WS209,2012-06-28 09:03:38.620,2388.0000,198536,4,0.0000,10.0000,7,3,空开,S,2388.0000,0.0000,0.0000,0.0000,0.0000,2390.0000,0.0000,0.0000,0.0000,0.0000,31,0,0,0,0,42,0,0,0,0
zc,WS209,2012-06-28 09:03:39.357,2389.0000,198540,4,0.0000,4.0000,4,0,双开,B,2388.0000,0.0000,0.0000,0.0000,0.0000,2390.0000,0.0000,0.0000,0.0000,0.0000,31,0,0,0,0,42,0,0,0,0
zc,WS209,2012-06-28 09:03:40.167,2389.0000,198540,0,0.0000,0.0000,0,0,多换,B,2388.0000,0.0000,0.0000,0.0000,0.0000,2390.0000,0.0000,0.0000,0.0000,0.0000,8,0,0,0,0,32,0,0,0,0
zc,WS209,2012-06-28 09:03:40.887,2389.0000,198540,0,0.0000,0.0000,0,0,多换,B,2388.0000,0.0000,0.0000,0.0000,0.0000,2389.0000,0.0000,0.0000,0.0000,0.0000,4,0,0,0,0,13,0,0,0,0
zc,WS209,2012-06-28 09:03:41.370,2389.0000,198540,0,0.0000,0.0000,0,0,多换,B,2388.0000,0.0000,0.0000,0.0000,0.0000,2389.0000,0.0000,0.0000,0.0000,0.0000,4,0,0,0,0,24,0,0,0,0
zc,WS209,2012-06-28 09:03:42.217,2388.0000,198540,0,0.0000,2.0000,1,1,空换,S,2388.0000,0.0000,0.0000,0.0000,0.0000,2389.0000,0.0000,0.0000,0.0000,0.0000,4,0,0,0,0,44,0,0,0,0
zc,WS209,2012-06-28 09:03:42.637,2388.0000,198542,2,0.0000,2.0000,2,0,双开,S,2388.0000,0.0000,0.0000,0.0000,0.0000,2389.0000,0.0000,0.0000,0.0000,0.0000,32,0,0,0,0,20,0,0,0,0
zc,WS209,2012-06-28 09:03:43.120,2388.0000,198542,0,0.0000,0.0000,0,0,空换,S,2388.0000,0.0000,0.0000,0.0000,0.0000,2389.0000,0.0000,0.0000,0.0000,0.0000,33,0,0,0,0,20,0,0,0,0
zc,WS209,2012-06-28 09:03:43.667,2388.0000,198546,4,0.0000,6.0000,5,1,空开,S,2388.0000,0.0000,0.0000,0.0000,0.0000,2389.0000,0.0000,0.0000,0.0000,0.0000,28,0,0,0,0,39,0,0,0,0
zc,WS209,2012-06-28 09:03:44.403,2389.0000,198568,22,0.0000,30.0000,26,4,多开,B,2388.0000,0.0000,0.0000,0.0000,0.0000,2389.0000,0.0000,0.0000,0.0000,0.0000,4,0,0,0,0,26,0,0,0,0
zc,WS209,2012-06-28 09:03:44.887,2389.0000,198568,0,0.0000,0.0000,0,0,多换,B,2388.0000,0.0000,0.0000,0.0000,0.0000,2389.0000,0.0000,0.0000,0.0000,0.0000,19,0,0,0,0,26,0,0,0,0
zc,WS209,2012-06-28 09:03:45.667,2388.0000,198578,10,0.0000,62.0000,36,26,空开,S,2388.0000,0.0000,0.0000,0.0000,0.0000,2389.0000,0.0000,0.0000,0.0000,0.0000,7,0,0,0,0,29,0,0,0,0
zc,WS209,2012-06-28 09:03:46.870,2389.0000,198580,2,0.0000,16.0000,9,7,多开,B,2388.0000,0.0000,0.0000,0.0000,0.0000,2389.0000,0.0000,0.0000,0.0000,0.0000,1,0,0,0,0,43,0,0,0,0
zc,WS209,2012-06-28 09:03:47.370,2389.0000,198582,2,0.0000,4.0000,3,1,多开,B,2387.0000,0.0000,0.0000,0.0000,0.0000,2389.0000,0.0000,0.0000,0.0000,0.0000,147,0,0,0,0,13,0,0,0,0
zc,WS209,2012-06-28 09:03:47.870,2389.0000,198582,0,0.0000,0.0000,0,0,多换,B,2388.0000,0.0000,0.0000,0.0000,0.0000,2389.0000,0.0000,0.0000,0.0000,0.0000,1,0,0,0,0,48,0,0,0,0
zc,WS209,2012-06-28 09:03:48.667,2388.0000,198584,2,0.0000,2.0000,2,0,双开,S,2387.0000,0.0000,0.0000,0.0000,0.0000,2389.0000,0.0000,0.0000,0.0000,0.0000,61,0,0,0,0,48,0,0,0,0
zc,WS209,2012-06-28 09:03:49.183,2388.0000,198584,0,0.0000,0.0000,0,0,空换,S,2388.0000,0.0000,0.0000,0.0000,0.0000,2389.0000,0.0000,0.0000,0.0000,0.0000,1,0,0,0,0,49,0,0,0,0
zc,WS209,2012-06-28 09:03:51.120,2388.0000,198586,2,0.0000,4.0000,3,1,空开,S,2388.0000,0.0000,0.0000,0.0000,0.0000,2389.0000,0.0000,0.0000,0.0000,0.0000,2,0,0,0,0,49,0,0,0,0
zc,WS209,2012-06-28 09:03:51.607,2389.0000,198586,0,0.0000,4.0000,2,2,多换,B,2388.0000,0.0000,0.0000,0.0000,0.0000,2389.0000,0.0000,0.0000,0.0000,0.0000,14,0,0,0,0,47,0,0,0,0
zc,WS209,2012-06-28 09:03:52.167,2388.0000,198590,4,0.0000,24.0000,14,10,空开,S,2388.0000,0.0000,0.0000,0.0000,0.0000,2389.0000,0.0000,0.0000,0.0000,0.0000,20,0,0,0,0,35,0,0,0,0
zc,WS209,2012-06-28 09:03:52.653,2388.0000,198614,24,0.0000,30.0000,27,3,空开,S,2388.0000,0.0000,0.0000,0.0000,0.0000,2389.0000,0.0000,0.0000,0.0000,0.0000,6,0,0,0,0,22,0,0,0,0
zc,WS209,2012-06-28 09:03:53.387,2388.0000,198624,10,0.0000,12.0000,11,1,空开,S,2387.0000,0.0000,0.0000,0.0000,0.0000,2389.0000,0.0000,0.0000,0.0000,0.0000,180,0,0,0,0,17,0,0,0,0
zc,WS209,2012-06-28 09:03:54.090,2388.0000,198628,4,0.0000,4.0000,4,0,双开,S,2387.0000,0.0000,0.0000,0.0000,0.0000,2388.0000,0.0000,0.0000,0.0000,0.0000,172,0,0,0,0,7,0,0,0,0
zc,WS209,2012-06-28 09:03:54.403,2388.0000,198628,0,0.0000,0.0000,0,0,空换,S,2387.0000,0.0000,0.0000,0.0000,0.0000,2388.0000,0.0000,0.0000,0.0000,0.0000,170,0,0,0,0,8,0,0,0,0
zc,WS209,2012-06-28 09:03:55.637,2387.0000,198642,14,0.0000,30.0000,22,8,空开,S,2387.0000,0.0000,0.0000,0.0000,0.0000,2389.0000,0.0000,0.0000,0.0000,0.0000,143,0,0,0,0,17,0,0,0,0
zc,WS209,2012-06-28 09:03:56.357,2388.0000,198642,0,0.0000,2.0000,1,1,多换,B,2388.0000,0.0000,0.0000,0.0000,0.0000,2389.0000,0.0000,0.0000,0.0000,0.0000,1,0,0,0,0,16,0,0,0,0
zc,WS209,2012-06-28 09:03:56.903,2388.0000,198642,0,0.0000,0.0000,0,0,多换,B,2388.0000,0.0000,0.0000,0.0000,0.0000,2389.0000,0.0000,0.0000,0.0000,0.0000,10,0,0,0,0,16,0,0,0,0
zc,WS209,2012-06-28 09:03:57.403,2388.0000,198642,0,0.0000,0.0000,0,0,多换,B,2388.0000,0.0000,0.0000,0.0000,0.0000,2389.0000,0.0000,0.0000,0.0000,0.0000,13,0,0,0,0,16,0,0,0,0
zc,WS209,2012-06-28 09:03:58.637,2388.0000,198642,0,0.0000,0.0000,0,0,多换,B,2388.0000,0.0000,0.0000,0.0000,0.0000,2389.0000,0.0000,0.0000,0.0000,0.0000,16,0,0,0,0,16,0,0,0,0
zc,WS209,2012-06-28 09:03:59.387,2388.0000,198670,28,0.0000,32.0000,30,2,多开,B,2387.0000,0.0000,0.0000,0.0000,0.0000,2389.0000,0.0000,0.0000,0.0000,0.0000,133,0,0,0,0,30,0,0,0,0
zc,WS209,2012-06-28 09:03:59.887,2388.0000,198696,26,0.0000,30.0000,28,2,多开,B,2387.0000,0.0000,0.0000,0.0000,0.0000,2388.0000,0.0000,0.0000,0.0000,0.0000,85,0,0,0,0,3,0,0,0,0
zc,WS209,2012-06-28 09:04:00.607,2387.0000,198700,4,0.0000,4.0000,4,0,双开,S,2387.0000,0.0000,0.0000,0.0000,0.0000,2388.0000,0.0000,0.0000,0.0000,0.0000,64,0,0,0,0,3,0,0,0,0
zc,WS209,2012-06-28 09:04:01.090,2388.0000,198700,0,0.0000,6.0000,3,3,多换,B,2387.0000,0.0000,0.0000,0.0000,0.0000,2388.0000,0.0000,0.0000,0.0000,0.0000,63,0,0,0,0,3,0,0,0,0
zc,WS209,2012-06-28 09:04:01.917,2388.0000,198700,0,0.0000,0.0000,0,0,多换,B,2387.0000,0.0000,0.0000,0.0000,0.0000,2388.0000,0.0000,0.0000,0.0000,0.0000,40,0,0,0,0,3,0,0,0,0
zc,WS209,2012-06-28 09:04:02.357,2388.0000,198702,2,0.0000,2.0000,2,0,双开,B,2387.0000,0.0000,0.0000,0.0000,0.0000,2388.0000,0.0000,0.0000,0.0000,0.0000,18,0,0,0,0,16,0,0,0,0
zc,WS209,2012-06-28 09:04:03.637,2387.0000,198702,0,0.0000,6.0000,3,3,空换,S,2387.0000,0.0000,0.0000,0.0000,0.0000,2388.0000,0.0000,0.0000,0.0000,0.0000,16,0,0,0,0,16,0,0,0,0
zc,WS209,2012-06-28 09:04:04.417,2387.0000,198696,-6,0.0000,8.0000,1,7,多平,S,2387.0000,0.0000,0.0000,0.0000,0.0000,2388.0000,0.0000,0.0000,0.0000,0.0000,13,0,0,0,0,15,0,0,0,0
zc,WS209,2012-06-28 09:04:04.620,2387.0000,198696,0,0.0000,0.0000,0,0,空换,S,2387.0000,0.0000,0.0000,0.0000,0.0000,2388.0000,0.0000,0.0000,0.0000,0.0000,13,0,0,0,0,16,0,0,0,0
zc,WS209,2012-06-28 09:04:05.387,2388.0000,198698,2,0.0000,2.0000,2,0,双开,B,2387.0000,0.0000,0.0000,0.0000,0.0000,2388.0000,0.0000,0.0000,0.0000,0.0000,14,0,0,0,0,15,0,0,0,0
zc,WS209,2012-06-28 09:04:06.637,2387.0000,198708,10,0.0000,20.0000,15,5,空开,S,2387.0000,0.0000,0.0000,0.0000,0.0000,2388.0000,0.0000,0.0000,0.0000,0.0000,5,0,0,0,0,10,0,0,0,0
zc,WS209,2012-06-28 09:04:07.107,2387.0000,198714,6,0.0000,10.0000,8,2,空开,S,2386.0000,0.0000,0.0000,0.0000,0.0000,2388.0000,0.0000,0.0000,0.0000,0.0000,152,0,0,0,0,35,0,0,0,0
zc,WS209,2012-06-28 09:04:07.620,2387.0000,198714,0,0.0000,2.0000,1,1,空换,S,2386.0000,0.0000,0.0000,0.0000,0.0000,2387.0000,0.0000,0.0000,0.0000,0.0000,146,0,0,0,0,1,0,0,0,0
zc,WS209,2012-06-28 09:04:08.340,2387.0000,198714,0,0.0000,0.0000,0,0,空换,S,2386.0000,0.0000,0.0000,0.0000,0.0000,2387.0000,0.0000,0.0000,0.0000,0.0000,133,0,0,0,0,10,0,0,0,0
zc,WS209,2012-06-28 09:04:08.870,2386.0000,198716,2,0.0000,6.0000,4,2,空开,S,2386.0000,0.0000,0.0000,0.0000,0.0000,2387.0000,0.0000,0.0000,0.0000,0.0000,128,0,0,0,0,9,0,0,0,0
zc,WS209,2012-06-28 09:04:09.607,2387.0000,198714,-2,0.0000,22.0000,10,12,空平,B,2387.0000,0.0000,0.0000,0.0000,0.0000,2388.0000,0.0000,0.0000,0.0000,0.0000,20,0,0,0,0,50,0,0,0,0
zc,WS209,2012-06-28 09:04:09.887,2387.0000,198714,0,0.0000,0.0000,0,0,多换,B,2387.0000,0.0000,0.0000,0.0000,0.0000,2388.0000,0.0000,0.0000,0.0000,0.0000,22,0,0,0,0,53,0,0,0,0
zc,WS209,2012-06-28 09:04:10.607,2388.0000,198714,0,0.0000,2.0000,1,1,多换,B,2387.0000,0.0000,0.0000,0.0000,0.0000,2388.0000,0.0000,0.0000,0.0000,0.0000,26,0,0,0,0,25,0,0,0,0
zc,WS209,2012-06-28 09:04:11.107,2388.0000,198714,0,0.0000,0.0000,0,0,多换,B,2387.0000,0.0000,0.0000,0.0000,0.0000,2388.0000,0.0000,0.0000,0.0000,0.0000,191,0,0,0,0,25,0,0,0,0
zc,WS209,2012-06-28 09:04:11.870,2387.0000,198736,22,0.0000,26.0000,24,2,空开,S,2387.0000,0.0000,0.0000,0.0000,0.0000,2388.0000,0.0000,0.0000,0.0000,0.0000,180,0,0,0,0,24,0,0,0,0
zc,WS209,2012-06-28 09:04:12.387,2387.0000,198736,0,0.0000,2.0000,1,1,空换,S,2387.0000,0.0000,0.0000,0.0000,0.0000,2388.0000,0.0000,0.0000,0.0000,0.0000,179,0,0,0,0,24,0,0,0,0
zc,WS209,2012-06-28 09:04:12.840,2388.0000,198746,10,0.0000,24.0000,17,7,多开,B,2387.0000,0.0000,0.0000,0.0000,0.0000,2388.0000,0.0000,0.0000,0.0000,0.0000,167,0,0,0,0,12,0,0,0,0
zc,WS209,2012-06-28 09:04:13.637,2388.0000,198746,0,0.0000,0.0000,0,0,多换,B,2387.0000,0.0000,0.0000,0.0000,0.0000,2388.0000,0.0000,0.0000,0.0000,0.0000,167,0,0,0,0,13,0,0,0,0
zc,WS209,2012-06-28 09:04:14.153,2388.0000,198762,16,0.0000,26.0000,21,5,多开,B,2388.0000,0.0000,0.0000,0.0000,0.0000,2389.0000,0.0000,0.0000,0.0000,0.0000,1,0,0,0,0,31,0,0,0,0
zc,WS209,2012-06-28 09:04:14.887,2389.0000,198760,-2,0.0000,4.0000,1,3,空平,B,2387.0000,0.0000,0.0000,0.0000,0.0000,2389.0000,0.0000,0.0000,0.0000,0.0000,156,0,0,0,0,30,0,0,0,0
zc,WS209,2012-06-28 09:04:15.370,2387.0000,198760,0,0.0000,6.0000,3,3,空换,S,2387.0000,0.0000,0.0000,0.0000,0.0000,2388.0000,0.0000,0.0000,0.0000,0.0000,157,0,0,0,0,98,0,0,0,0
zc,WS209,2012-06-28 09:04:16.137,2388.0000,198760,0,0.0000,4.0000,2,2,多换,B,2387.0000,0.0000,0.0000,0.0000,0.0000,2388.0000,0.0000,0.0000,0.0000,0.0000,167,0,0,0,0,96,0,0,0,0
zc,WS209,2012-06-28 09:04:16.620,2388.0000,198760,0,0.0000,2.0000,1,1,多换,B,2387.0000,0.0000,0.0000,0.0000,0.0000,2388.0000,0.0000,0.0000,0.0000,0.0000,112,0,0,0,0,102,0,0,0,0
zc,WS209,2012-06-28 09:04:17.153,2388.0000,198758,-2,0.0000,6.0000,2,4,空平,B,2387.0000,0.0000,0.0000,0.0000,0.0000,2388.0000,0.0000,0.0000,0.0000,0.0000,84,0,0,0,0,99,0,0,0,0
zc,WS209,2012-06-28 09:04:17.607,2388.0000,198758,0,0.0000,14.0000,7,7,多换,B,2387.0000,0.0000,0.0000,0.0000,0.0000,2388.0000,0.0000,0.0000,0.0000,0.0000,85,0,0,0,0,97,0,0,0,0
zc,WS209,2012-06-28 09:04:18.370,2388.0000,198758,0,0.0000,22.0000,11,11,多换,B,2387.0000,0.0000,0.0000,0.0000,0.0000,2388.0000,0.0000,0.0000,0.0000,0.0000,69,0,0,0,0,88,0,0,0,0
zc,WS209,2012-06-28 09:04:18.870,2387.0000,198758,0,0.0000,6.0000,3,3,空换,S,2387.0000,0.0000,0.0000,0.0000,0.0000,2388.0000,0.0000,0.0000,0.0000,0.0000,54,0,0,0,0,87,0,0,0,0
zc,WS209,2012-06-28 09:04:19.387,2387.0000,198762,4,0.0000,6.0000,5,1,空开,S,2387.0000,0.0000,0.0000,0.0000,0.0000,2388.0000,0.0000,0.0000,0.0000,0.0000,55,0,0,0,0,87,0,0,0,0
zc,WS209,2012-06-28 09:04:20.417,2387.0000,198724,-38,0.0000,80.0000,21,59,多平,S,2387.0000,0.0000,0.0000,0.0000,0.0000,2388.0000,0.0000,0.0000,0.0000,0.0000,3,0,0,0,0,96,0,0,0,0
zc,WS209,2012-06-28 09:04:20.823,2387.0000,198724,0,0.0000,2.0000,1,1,空换,S,2387.0000,0.0000,0.0000,0.0000,0.0000,2388.0000,0.0000,0.0000,0.0000,0.0000,28,0,0,0,0,98,0,0,0,0
zc,WS209,2012-06-28 09:04:21.637,2388.0000,198778,54,0.0000,58.0000,56,2,多开,B,2387.0000,0.0000,0.0000,0.0000,0.0000,2389.0000,0.0000,0.0000,0.0000,0.0000,72,0,0,0,0,21,0,0,0,0
zc,WS209,2012-06-28 09:04:22.183,2387.0000,198778,0,0.0000,140.0000,70,70,空换,S,2387.0000,0.0000,0.0000,0.0000,0.0000,2388.0000,0.0000,0.0000,0.0000,0.0000,2,0,0,0,0,4,0,0,0,0
zc,WS209,2012-06-28 09:04:22.887,2387.0000,198778,0,0.0000,2.0000,1,1,空换,S,2387.0000,0.0000,0.0000,0.0000,0.0000,2388.0000,0.0000,0.0000,0.0000,0.0000,1,0,0,0,0,1,0,0,0,0
zc,WS209,2012-06-28 09:04:23.370,2387.0000,198778,0,0.0000,4.0000,2,2,空换,S,2387.0000,0.0000,0.0000,0.0000,0.0000,2389.0000,0.0000,0.0000,0.0000,0.0000,38,0,0,0,0,20,0,0,0,0
zc,WS209,2012-06-28 09:04:23.857,2387.0000,198778,0,0.0000,0.0000,0,0,空换,S,2388.0000,0.0000,0.0000,0.0000,0.0000,2389.0000,0.0000,0.0000,0.0000,0.0000,5,0,0,0,0,20,0,0,0,0
zc,WS209,2012-06-28 09:04:24.417,2387.0000,198778,0,0.0000,0.0000,0,0,空换,S,2388.0000,0.0000,0.0000,0.0000,0.0000,2389.0000,0.0000,0.0000,0.0000,0.0000,5,0,0,0,0,17,0,0,0,0
zc,WS209,2012-06-28 09:04:25.153,2388.0000,198776,-2,0.0000,12.0000,5,7,空平,B,2386.0000,0.0000,0.0000,0.0000,0.0000,2388.0000,0.0000,0.0000,0.0000,0.0000,95,0,0,0,0,10,0,0,0,0
zc,WS209,2012-06-28 09:04:26.403,2388.0000,198776,0,0.0000,0.0000,0,0,多换,B,2386.0000,0.0000,0.0000,0.0000,0.0000,2388.0000,0.0000,0.0000,0.0000,0.0000,95,0,0,0,0,9,0,0,0,0
zc,WS209,2012-06-28 09:04:26.857,2388.0000,198776,0,0.0000,20.0000,10,10,多换,B,2388.0000,0.0000,0.0000,0.0000,0.0000,2389.0000,0.0000,0.0000,0.0000,0.0000,20,0,0,0,0,35,0,0,0,0
zc,WS209,2012-06-28 09:04:27.357,2388.0000,198816,40,0.0000,40.0000,40,0,双开,B,2386.0000,0.0000,0.0000,0.0000,0.0000,2388.0000,0.0000,0.0000,0.0000,0.0000,95,0,0,0,0,12,0,0,0,0
zc,WS209,2012-06-28 09:04:28.107,2388.0000,198816,0,0.0000,0.0000,0,0,多换,B,2387.0000,0.0000,0.0000,0.0000,0.0000,2388.0000,0.0000,0.0000,0.0000,0.0000,31,0,0,0,0,2,0,0,0,0
zc,WS209,2012-06-28 09:04:28.620,2388.0000,198816,0,0.0000,0.0000,0,0,多换,B,2387.0000,0.0000,0.0000,0.0000,0.0000,2388.0000,0.0000,0.0000,0.0000,0.0000,45,0,0,0,0,4,0,0,0,0
zc,WS209,2012-06-28 09:04:29.340,2388.0000,198816,0,0.0000,0.0000,0,0,多换,B,2387.0000,0.0000,0.0000,0.0000,0.0000,2388.0000,0.0000,0.0000,0.0000,0.0000,50,0,0,0,0,4,0,0,0,0
zc,WS209,2012-06-28 09:04:29.857,2388.0000,198816,0,0.0000,0.0000,0,0,多换,B,2387.0000,0.0000,0.0000,0.0000,0.0000,2388.0000,0.0000,0.0000,0.0000,0.0000,58,0,0,0,0,4,0,0,0,0
zc,WS209,2012-06-28 09:04:30.357,2388.0000,198816,0,0.0000,0.0000,0,0,多换,B,2387.0000,0.0000,0.0000,0.0000,0.0000,2388.0000,0.0000,0.0000,0.0000,0.0000,9,0,0,0,0,15,0,0,0,0
zc,WS209,2012-06-28 09:04:30.903,2388.0000,198818,2,0.0000,2.0000,2,0,双开,B,2387.0000,0.0000,0.0000,0.0000,0.0000,2388.0000,0.0000,0.0000,0.0000,0.0000,9,0,0,0,0,11,0,0,0,0
zc,WS209,2012-06-28 09:04:31.620,2388.0000,198818,0,0.0000,0.0000,0,0,多换,B,2387.0000,0.0000,0.0000,0.0000,0.0000,2388.0000,0.0000,0.0000,0.0000,0.0000,10,0,0,0,0,87,0,0,0,0
zc,WS209,2012-06-28 09:04:32.120,2388.0000,198818,0,0.0000,2.0000,1,1,多换,B,2387.0000,0.0000,0.0000,0.0000,0.0000,2388.0000,0.0000,0.0000,0.0000,0.0000,10,0,0,0,0,86,0,0,0,0
zc,WS209,2012-06-28 09:04:32.590,2388.0000,198818,0,0.0000,0.0000,0,0,多换,B,2387.0000,0.0000,0.0000,0.0000,0.0000,2388.0000,0.0000,0.0000,0.0000,0.0000,11,0,0,0,0,86,0,0,0,0
zc,WS209,2012-06-28 09:04:33.370,2387.0000,198818,0,0.0000,52.0000,26,26,空换,S,2387.0000,0.0000,0.0000,0.0000,0.0000,2388.0000,0.0000,0.0000,0.0000,0.0000,10,0,0,0,0,62,0,0,0,0
zc,WS209,2012-06-28 09:04:34.357,2387.0000,198818,0,0.0000,0.0000,0,0,空换,S,2387.0000,0.0000,0.0000,0.0000,0.0000,2388.0000,0.0000,0.0000,0.0000,0.0000,11,0,0,0,0,62,0,0,0,0
zc,WS209,2012-06-28 09:04:35.107,2387.0000,198822,4,0.0000,4.0000,4,0,双开,S,2387.0000,0.0000,0.0000,0.0000,0.0000,2388.0000,0.0000,0.0000,0.0000,0.0000,10,0,0,0,0,61,0,0,0,0
zc,WS209,2012-06-28 09:04:36.153,2387.0000,198822,0,0.0000,0.0000,0,0,空换,S,2387.0000,0.0000,0.0000,0.0000,0.0000,2388.0000,0.0000,0.0000,0.0000,0.0000,10,0,0,0,0,94,0,0,0,0
zc,WS209,2012-06-28 09:04:36.887,2387.0000,198832,10,0.0000,10.0000,10,0,双开,S,2387.0000,0.0000,0.0000,0.0000,0.0000,2388.0000,0.0000,0.0000,0.0000,0.0000,5,0,0,0,0,94,0,0,0,0
zc,WS209,2012-06-28 09:04:37.387,2387.0000,198834,2,0.0000,2.0000,2,0,双开,S,2387.0000,0.0000,0.0000,0.0000,0.0000,2388.0000,0.0000,0.0000,0.0000,0.0000,4,0,0,0,0,95,0,0,0,0
zc,WS209,2012-06-28 09:04:38.357,2387.0000,198834,0,0.0000,0.0000,0,0,空换,S,2387.0000,0.0000,0.0000,0.0000,0.0000,2388.0000,0.0000,0.0000,0.0000,0.0000,86,0,0,0,0,39,0,0,0,0
zc,WS209,2012-06-28 09:04:38.620,2387.0000,198834,0,0.0000,0.0000,0,0,空换,S,2387.0000,0.0000,0.0000,0.0000,0.0000,2388.0000,0.0000,0.0000,0.0000,0.0000,87,0,0,0,0,39,0,0,0,0
zc,WS209,2012-06-28 09:04:39.857,2387.0000,198894,60,0.0000,60.0000,60,0,双开,S,2387.0000,0.0000,0.0000,0.0000,0.0000,2388.0000,0.0000,0.0000,0.0000,0.0000,61,0,0,0,0,39,0,0,0,0
zc,WS209,2012-06-28 09:04:40.590,2387.0000,198894,0,0.0000,0.0000,0,0,空换,S,2387.0000,0.0000,0.0000,0.0000,0.0000,2388.0000,0.0000,0.0000,0.0000,0.0000,62,0,0,0,0,39,0,0,0,0
zc,WS209,2012-06-28 09:04:41.120,2387.0000,198894,0,0.0000,0.0000,0,0,空换,S,2387.0000,0.0000,0.0000,0.0000,0.0000,2388.0000,0.0000,0.0000,0.0000,0.0000,64,0,0,0,0,39,0,0,0,0
zc,WS209,2012-06-28 09:04:41.607,2388.0000,198904,10,0.0000,42.0000,26,16,多开,B,2387.0000,0.0000,0.0000,0.0000,0.0000,2388.0000,0.0000,0.0000,0.0000,0.0000,64,0,0,0,0,18,0,0,0,0
zc,WS209,2012-06-28 09:04:42.370,2388.0000,198904,0,0.0000,0.0000,0,0,多换,B,2387.0000,0.0000,0.0000,0.0000,0.0000,2388.0000,0.0000,0.0000,0.0000,0.0000,64,0,0,0,0,17,0,0,0,0
zc,WS209,2012-06-28 09:04:42.887,2388.0000,198904,0,0.0000,2.0000,1,1,多换,B,2387.0000,0.0000,0.0000,0.0000,0.0000,2388.0000,0.0000,0.0000,0.0000,0.0000,64,0,0,0,0,16,0,0,0,0
zc,WS209,2012-06-28 09:04:43.340,2388.0000,198904,0,0.0000,0.0000,0,0,多换,B,2387.0000,0.0000,0.0000,0.0000,0.0000,2388.0000,0.0000,0.0000,0.0000,0.0000,65,0,0,0,0,16,0,0,0,0
zc,WS209,2012-06-28 09:04:43.823,2388.0000,198904,0,0.0000,32.0000,16,16,多换,B,2388.0000,0.0000,0.0000,0.0000,0.0000,2389.0000,0.0000,0.0000,0.0000,0.0000,6,0,0,0,0,105,0,0,0,0
zc,WS209,2012-06-28 09:04:45.590,2388.0000,198916,12,0.0000,12.0000,12,0,双开,B,2387.0000,0.0000,0.0000,0.0000,0.0000,2388.0000,0.0000,0.0000,0.0000,0.0000,65,0,0,0,0,3,0,0,0,0
zc,WS209,2012-06-28 09:04:46.387,2388.0000,198918,2,0.0000,2.0000,2,0,双开,B,2387.0000,0.0000,0.0000,0.0000,0.0000,2388.0000,0.0000,0.0000,0.0000,0.0000,64,0,0,0,0,2,0,0,0,0
zc,WS209,2012-06-28 09:04:46.857,2388.0000,198918,0,0.0000,2.0000,1,1,多换,B,2387.0000,0.0000,0.0000,0.0000,0.0000,2388.0000,0.0000,0.0000,0.0000,0.0000,63,0,0,0,0,1,0,0,0,0
zc,WS209,2012-06-28 09:04:47.403,2388.0000,198920,2,0.0000,2.0000,2,0,双开,B,2387.0000,0.0000,0.0000,0.0000,0.0000,2389.0000,0.0000,0.0000,0.0000,0.0000,63,0,0,0,0,99,0,0,0,0
zc,WS209,2012-06-28 09:04:48.573,2388.0000,198920,0,0.0000,0.0000,0,0,多换,B,2388.0000,0.0000,0.0000,0.0000,0.0000,2389.0000,0.0000,0.0000,0.0000,0.0000,1,0,0,0,0,99,0,0,0,0
zc,WS209,2012-06-28 09:04:49.823,2388.0000,198920,0,0.0000,0.0000,0,0,多换,B,2388.0000,0.0000,0.0000,0.0000,0.0000,2389.0000,0.0000,0.0000,0.0000,0.0000,5,0,0,0,0,99,0,0,0,0
zc,WS209,2012-06-28 09:04:50.433,2388.0000,198920,0,0.0000,2.0000,1,1,多换,B,2388.0000,0.0000,0.0000,0.0000,0.0000,2389.0000,0.0000,0.0000,0.0000,0.0000,5,0,0,0,0,99,0,0,0,0
zc,WS209,2012-06-28 09:04:51.120,2388.0000,198920,0,0.0000,0.0000,0,0,多换,B,2388.0000,0.0000,0.0000,0.0000,0.0000,2389.0000,0.0000,0.0000,0.0000,0.0000,9,0,0,0,0,99,0,0,0,0
zc,WS209,2012-06-28 09:04:51.857,2388.0000,198920,0,0.0000,0.0000,0,0,多换,B,2388.0000,0.0000,0.0000,0.0000,0.0000,2389.0000,0.0000,0.0000,0.0000,0.0000,12,0,0,0,0,99,0,0,0,0
zc,WS209,2012-06-28 09:04:52.370,2388.0000,198924,4,0.0000,18.0000,11,7,多开,B,2388.0000,0.0000,0.0000,0.0000,0.0000,2389.0000,0.0000,0.0000,0.0000,0.0000,3,0,0,0,0,90,0,0,0,0
zc,WS209,2012-06-28 09:04:52.870,2388.0000,198930,6,0.0000,6.0000,6,0,双开,B,2387.0000,0.0000,0.0000,0.0000,0.0000,2388.0000,0.0000,0.0000,0.0000,0.0000,67,0,0,0,0,1,0,0,0,0
zc,WS209,2012-06-28 09:04:53.387,2388.0000,198930,0,0.0000,0.0000,0,0,多换,B,2387.0000,0.0000,0.0000,0.0000,0.0000,2388.0000,0.0000,0.0000,0.0000,0.0000,67,0,0,0,0,2,0,0,0,0
zc,WS209,2012-06-28 09:04:54.620,2388.0000,198932,2,0.0000,4.0000,3,1,多开,B,2387.0000,0.0000,0.0000,0.0000,0.0000,2389.0000,0.0000,0.0000,0.0000,0.0000,38,0,0,0,0,88,0,0,0,0
zc,WS209,2012-06-28 09:04:55.357,2388.0000,198934,2,0.0000,2.0000,2,0,双开,B,2387.0000,0.0000,0.0000,0.0000,0.0000,2388.0000,0.0000,0.0000,0.0000,0.0000,16,0,0,0,0,28,0,0,0,0
zc,WS209,2012-06-28 09:04:55.917,2388.0000,198934,0,0.0000,0.0000,0,0,多换,B,2387.0000,0.0000,0.0000,0.0000,0.0000,2388.0000,0.0000,0.0000,0.0000,0.0000,16,0,0,0,0,42,0,0,0,0
zc,WS209,2012-06-28 09:04:56.637,2388.0000,198938,4,0.0000,4.0000,4,0,双开,B,2387.0000,0.0000,0.0000,0.0000,0.0000,2388.0000,0.0000,0.0000,0.0000,0.0000,17,0,0,0,0,36,0,0,0,0
zc,WS209,2012-06-28 09:04:57.137,2388.0000,198938,0,0.0000,0.0000,0,0,多换,B,2387.0000,0.0000,0.0000,0.0000,0.0000,2388.0000,0.0000,0.0000,0.0000,0.0000,17,0,0,0,0,45,0,0,0,0
zc,WS209,2012-06-28 09:04:57.607,2388.0000,198938,0,0.0000,0.0000,0,0,多换,B,2387.0000,0.0000,0.0000,0.0000,0.0000,2388.0000,0.0000,0.0000,0.0000,0.0000,17,0,0,0,0,53,0,0,0,0
zc,WS209,2012-06-28 09:04:58.370,2388.0000,198938,0,0.0000,0.0000,0,0,多换,B,2387.0000,0.0000,0.0000,0.0000,0.0000,2388.0000,0.0000,0.0000,0.0000,0.0000,19,0,0,0,0,52,0,0,0,0
zc,WS209,2012-06-28 09:04:58.870,2388.0000,198938,0,0.0000,0.0000,0,0,多换,B,2387.0000,0.0000,0.0000,0.0000,0.0000,2388.0000,0.0000,0.0000,0.0000,0.0000,19,0,0,0,0,35,0,0,0,0
zc,WS209,2012-06-28 09:04:59.387,2387.0000,198998,60,0.0000,68.0000,64,4,空开,S,2387.0000,0.0000,0.0000,0.0000,0.0000,2388.0000,0.0000,0.0000,0.0000,0.0000,18,0,0,0,0,5,0,0,0,0
zc,WS209,2012-06-28 09:05:00.183,2388.0000,198998,0,0.0000,4.0000,2,2,多换,B,2387.0000,0.0000,0.0000,0.0000,0.0000,2388.0000,0.0000,0.0000,0.0000,0.0000,68,0,0,0,0,3,0,0,0,0
zc,WS209,2012-06-28 09:05:00.620,2388.0000,199000,2,0.0000,2.0000,2,0,双开,B,2387.0000,0.0000,0.0000,0.0000,0.0000,2388.0000,0.0000,0.0000,0.0000,0.0000,70,0,0,0,0,2,0,0,0,0
zc,WS209,2012-06-28 09:05:01.107,2388.0000,199000,0,0.0000,0.0000,0,0,多换,B,2387.0000,0.0000,0.0000,0.0000,0.0000,2388.0000,0.0000,0.0000,0.0000,0.0000,70,0,0,0,0,7,0,0,0,0
zc,WS209,2012-06-28 09:05:02.323,2388.0000,199000,0,0.0000,0.0000,0,0,多换,B,2387.0000,0.0000,0.0000,0.0000,0.0000,2388.0000,0.0000,0.0000,0.0000,0.0000,70,0,0,0,0,8,0,0,0,0
zc,WS209,2012-06-28 09:05:03.107,2388.0000,199002,2,0.0000,2.0000,2,0,双开,B,2387.0000,0.0000,0.0000,0.0000,0.0000,2388.0000,0.0000,0.0000,0.0000,0.0000,70,0,0,0,0,7,0,0,0,0
zc,WS209,2012-06-28 09:05:04.090,2388.0000,199002,0,0.0000,0.0000,0,0,多换,B,2387.0000,0.0000,0.0000,0.0000,0.0000,2388.0000,0.0000,0.0000,0.0000,0.0000,21,0,0,0,0,30,0,0,0,0
zc,WS209,2012-06-28 09:05:04.840,2388.0000,199004,2,0.0000,2.0000,2,0,双开,B,2387.0000,0.0000,0.0000,0.0000,0.0000,2388.0000,0.0000,0.0000,0.0000,0.0000,31,0,0,0,0,39,0,0,0,0
zc,WS209,2012-06-28 09:05:05.387,2388.0000,199012,8,0.0000,8.0000,8,0,双开,B,2387.0000,0.0000,0.0000,0.0000,0.0000,2388.0000,0.0000,0.0000,0.0000,0.0000,32,0,0,0,0,35,0,0,0,0
zc,WS209,2012-06-28 09:05:07.090,2388.0000,199012,0,0.0000,0.0000,0,0,多换,B,2387.0000,0.0000,0.0000,0.0000,0.0000,2388.0000,0.0000,0.0000,0.0000,0.0000,65,0,0,0,0,35,0,0,0,0
zc,WS209,2012-06-28 09:05:07.590,2387.0000,199012,0,0.0000,2.0000,1,1,空换,S,2387.0000,0.0000,0.0000,0.0000,0.0000,2388.0000,0.0000,0.0000,0.0000,0.0000,65,0,0,0,0,35,0,0,0,0
zc,WS209,2012-06-28 09:05:08.323,2388.0000,199016,4,0.0000,4.0000,4,0,双开,B,2387.0000,0.0000,0.0000,0.0000,0.0000,2388.0000,0.0000,0.0000,0.0000,0.0000,65,0,0,0,0,33,0,0,0,0
zc,WS209,2012-06-28 09:05:11.857,2387.0000,199046,30,0.0000,32.0000,31,1,空开,S,2387.0000,0.0000,0.0000,0.0000,0.0000,2388.0000,0.0000,0.0000,0.0000,0.0000,49,0,0,0,0,17,0,0,0,0
zc,WS209,2012-06-28 09:05:12.340,2387.0000,199046,0,0.0000,0.0000,0,0,空换,S,2387.0000,0.0000,0.0000,0.0000,0.0000,2388.0000,0.0000,0.0000,0.0000,0.0000,51,0,0,0,0,116,0,0,0,0
zc,WS209,2012-06-28 09:05:12.870,2387.0000,199046,0,0.0000,0.0000,0,0,空换,S,2387.0000,0.0000,0.0000,0.0000,0.0000,2388.0000,0.0000,0.0000,0.0000,0.0000,51,0,0,0,0,118,0,0,0,0
zc,WS209,2012-06-28 09:05:13.573,2387.0000,199046,0,0.0000,0.0000,0,0,空换,S,2387.0000,0.0000,0.0000,0.0000,0.0000,2388.0000,0.0000,0.0000,0.0000,0.0000,51,0,0,0,0,218,0,0,0,0
zc,WS209,2012-06-28 09:05:14.090,2387.0000,199046,0,0.0000,18.0000,9,9,空换,S,2387.0000,0.0000,0.0000,0.0000,0.0000,2388.0000,0.0000,0.0000,0.0000,0.0000,42,0,0,0,0,218,0,0,0,0
zc,WS209,2012-06-28 09:05:15.387,2387.0000,199068,22,0.0000,22.0000,22,0,双开,S,2387.0000,0.0000,0.0000,0.0000,0.0000,2388.0000,0.0000,0.0000,0.0000,0.0000,31,0,0,0,0,218,0,0,0,0
zc,WS209,2012-06-28 09:05:16.607,2387.0000,199140,72,0.0000,74.0000,73,1,空开,S,2387.0000,0.0000,0.0000,0.0000,0.0000,2388.0000,0.0000,0.0000,0.0000,0.0000,24,0,0,0,0,183,0,0,0,0
zc,WS209,2012-06-28 09:05:17.057,2387.0000,199140,0,0.0000,48.0000,24,24,空换,S,2386.0000,0.0000,0.0000,0.0000,0.0000,2387.0000,0.0000,0.0000,0.0000,0.0000,36,0,0,0,0,16,0,0,0,0
zc,WS209,2012-06-28 09:05:17.857,2387.0000,199132,-8,0.0000,52.0000,22,30,多平,S,2386.0000,0.0000,0.0000,0.0000,0.0000,2387.0000,0.0000,0.0000,0.0000,0.0000,23,0,0,0,0,12,0,0,0,0
zc,WS209,2012-06-28 09:05:18.107,2387.0000,199132,0,0.0000,0.0000,0,0,空换,S,2386.0000,0.0000,0.0000,0.0000,0.0000,2387.0000,0.0000,0.0000,0.0000,0.0000,23,0,0,0,0,69,0,0,0,0
zc,WS209,2012-06-28 09:05:18.903,2387.0000,199136,4,0.0000,4.0000,4,0,双开,S,2386.0000,0.0000,0.0000,0.0000,0.0000,2387.0000,0.0000,0.0000,0.0000,0.0000,23,0,0,0,0,68,0,0,0,0
zc,WS209,2012-06-28 09:05:20.107,2386.0000,199136,0,0.0000,20.0000,10,10,空换,S,2386.0000,0.0000,0.0000,0.0000,0.0000,2387.0000,0.0000,0.0000,0.0000,0.0000,13,0,0,0,0,68,0,0,0,0
zc,WS209,2012-06-28 09:05:21.107,2387.0000,199136,0,0.0000,2.0000,1,1,多换,B,2386.0000,0.0000,0.0000,0.0000,0.0000,2387.0000,0.0000,0.0000,0.0000,0.0000,13,0,0,0,0,63,0,0,0,0
zc,WS209,2012-06-28 09:05:21.857,2387.0000,199136,0,0.0000,26.0000,13,13,多换,B,2386.0000,0.0000,0.0000,0.0000,0.0000,2387.0000,0.0000,0.0000,0.0000,0.0000,1,0,0,0,0,62,0,0,0,0
zc,WS209,2012-06-28 09:05:22.607,2386.0000,199136,0,0.0000,6.0000,3,3,空换,S,2385.0000,0.0000,0.0000,0.0000,0.0000,2387.0000,0.0000,0.0000,0.0000,0.0000,74,0,0,0,0,272,0,0,0,0
zc,WS209,2012-06-28 09:05:23.057,2386.0000,199136,0,0.0000,0.0000,0,0,空换,S,2385.0000,0.0000,0.0000,0.0000,0.0000,2387.0000,0.0000,0.0000,0.0000,0.0000,75,0,0,0,0,272,0,0,0,0
zc,WS209,2012-06-28 09:05:23.620,2386.0000,199136,0,0.0000,0.0000,0,0,空换,S,2385.0000,0.0000,0.0000,0.0000,0.0000,2387.0000,0.0000,0.0000,0.0000,0.0000,75,0,0,0,0,271,0,0,0,0
zc,WS209,2012-06-28 09:05:24.357,2385.0000,199134,-2,0.0000,4.0000,1,3,多平,S,2385.0000,0.0000,0.0000,0.0000,0.0000,2387.0000,0.0000,0.0000,0.0000,0.0000,73,0,0,0,0,266,0,0,0,0
zc,WS209,2012-06-28 09:05:24.870,2385.0000,199134,0,0.0000,0.0000,0,0,空换,S,2385.0000,0.0000,0.0000,0.0000,0.0000,2386.0000,0.0000,0.0000,0.0000,0.0000,73,0,0,0,0,1,0,0,0,0
zc,WS209,2012-06-28 09:05:25.653,2385.0000,199136,2,0.0000,2.0000,2,0,双开,S,2385.0000,0.0000,0.0000,0.0000,0.0000,2386.0000,0.0000,0.0000,0.0000,0.0000,39,0,0,0,0,43,0,0,0,0
zc,WS209,2012-06-28 09:05:26.107,2386.0000,199136,0,0.0000,2.0000,1,1,多换,B,2385.0000,0.0000,0.0000,0.0000,0.0000,2386.0000,0.0000,0.0000,0.0000,0.0000,39,0,0,0,0,37,0,0,0,0
zc,WS209,2012-06-28 09:05:26.870,2385.0000,199134,-2,0.0000,4.0000,1,3,多平,S,2385.0000,0.0000,0.0000,0.0000,0.0000,2386.0000,0.0000,0.0000,0.0000,0.0000,87,0,0,0,0,37,0,0,0,0
zc,WS209,2012-06-28 09:05:27.323,2385.0000,199134,0,0.0000,0.0000,0,0,空换,S,2385.0000,0.0000,0.0000,0.0000,0.0000,2386.0000,0.0000,0.0000,0.0000,0.0000,87,0,0,0,0,39,0,0,0,0
zc,WS209,2012-06-28 09:05:27.857,2385.0000,199134,0,0.0000,0.0000,0,0,空换,S,2385.0000,0.0000,0.0000,0.0000,0.0000,2386.0000,0.0000,0.0000,0.0000,0.0000,87,0,0,0,0,43,0,0,0,0
zc,WS209,2012-06-28 09:05:28.557,2385.0000,199130,-4,0.0000,40.0000,18,22,多平,S,2385.0000,0.0000,0.0000,0.0000,0.0000,2386.0000,0.0000,0.0000,0.0000,0.0000,67,0,0,0,0,44,0,0,0,0
zc,WS209,2012-06-28 09:05:29.090,2386.0000,199252,122,0.0000,122.0000,122,0,双开,B,2385.0000,0.0000,0.0000,0.0000,0.0000,2386.0000,0.0000,0.0000,0.0000,0.0000,13,0,0,0,0,32,0,0,0,0
zc,WS209,2012-06-28 09:05:29.840,2385.0000,199240,-12,0.0000,28.0000,8,20,多平,S,2384.0000,0.0000,0.0000,0.0000,0.0000,2385.0000,0.0000,0.0000,0.0000,0.0000,2,0,0,0,0,74,0,0,0,0
zc,WS209,2012-06-28 09:05:30.340,2385.0000,199240,0,0.0000,2.0000,1,1,空换,S,2384.0000,0.0000,0.0000,0.0000,0.0000,2385.0000,0.0000,0.0000,0.0000,0.0000,3,0,0,0,0,73,0,0,0,0
zc,WS209,2012-06-28 09:05:31.107,2385.0000,199240,0,0.0000,0.0000,0,0,空换,S,2384.0000,0.0000,0.0000,0.0000,0.0000,2385.0000,0.0000,0.0000,0.0000,0.0000,3,0,0,0,0,76,0,0,0,0
zc,WS209,2012-06-28 09:05:31.357,2385.0000,199240,0,0.0000,2.0000,1,1,空换,S,2384.0000,0.0000,0.0000,0.0000,0.0000,2385.0000,0.0000,0.0000,0.0000,0.0000,3,0,0,0,0,75,0,0,0,0
zc,WS209,2012-06-28 09:05:32.153,2385.0000,199240,0,0.0000,0.0000,0,0,空换,S,2384.0000,0.0000,0.0000,0.0000,0.0000,2385.0000,0.0000,0.0000,0.0000,0.0000,3,0,0,0,0,109,0,0,0,0
zc,WS209,2012-06-28 09:05:32.917,2384.0000,199246,6,0.0000,24.0000,15,9,空开,S,2383.0000,0.0000,0.0000,0.0000,0.0000,2384.0000,0.0000,0.0000,0.0000,0.0000,22,0,0,0,0,88,0,0,0,0
zc,WS209,2012-06-28 09:05:33.357,2384.0000,199246,0,0.0000,0.0000,0,0,空换,S,2383.0000,0.0000,0.0000,0.0000,0.0000,2384.0000,0.0000,0.0000,0.0000,0.0000,22,0,0,0,0,89,0,0,0,0
zc,WS209,2012-06-28 09:05:33.857,2383.0000,199250,4,0.0000,14.0000,9,5,空开,S,2383.0000,0.0000,0.0000,0.0000,0.0000,2384.0000,0.0000,0.0000,0.0000,0.0000,21,0,0,0,0,85,0,0,0,0
zc,WS209,2012-06-28 09:05:34.903,2383.0000,199262,12,0.0000,42.0000,27,15,空开,S,2382.0000,0.0000,0.0000,0.0000,0.0000,2383.0000,0.0000,0.0000,0.0000,0.0000,76,0,0,0,0,57,0,0,0,0
zc,WS209,2012-06-28 09:05:35.323,2382.0000,199260,-2,0.0000,2.0000,0,2,双平,S,2382.0000,0.0000,0.0000,0.0000,0.0000,2383.0000,0.0000,0.0000,0.0000,0.0000,138,0,0,0,0,70,0,0,0,0
zc,WS209,2012-06-28 09:05:36.107,2382.0000,199260,0,0.0000,0.0000,0,0,空换,S,2382.0000,0.0000,0.0000,0.0000,0.0000,2383.0000,0.0000,0.0000,0.0000,0.0000,139,0,0,0,0,71,0,0,0,0
zc,WS209,2012-06-28 09:05:36.590,2383.0000,199264,4,0.0000,6.0000,5,1,多开,B,2382.0000,0.0000,0.0000,0.0000,0.0000,2383.0000,0.0000,0.0000,0.0000,0.0000,138,0,0,0,0,69,0,0,0,0
zc,WS209,2012-06-28 09:05:37.153,2382.0000,199262,-2,0.0000,6.0000,2,4,多平,S,2382.0000,0.0000,0.0000,0.0000,0.0000,2383.0000,0.0000,0.0000,0.0000,0.0000,135,0,0,0,0,69,0,0,0,0
zc,WS209,2012-06-28 09:05:37.637,2382.0000,199368,106,0.0000,116.0000,111,5,空开,S,2382.0000,0.0000,0.0000,0.0000,0.0000,2383.0000,0.0000,0.0000,0.0000,0.0000,77,0,0,0,0,11,0,0,0,0
zc,WS209,2012-06-28 09:05:38.340,2382.0000,199368,0,0.0000,154.0000,77,77,空换,S,2381.0000,0.0000,0.0000,0.0000,0.0000,2382.0000,0.0000,0.0000,0.0000,0.0000,52,0,0,0,0,133,0,0,0,0
zc,WS209,2012-06-28 09:05:39.120,2382.0000,199358,-10,0.0000,12.0000,1,11,多平,S,2381.0000,0.0000,0.0000,0.0000,0.0000,2382.0000,0.0000,0.0000,0.0000,0.0000,51,0,0,0,0,128,0,0,0,0
zc,WS209,2012-06-28 09:05:39.607,2381.0000,199354,-4,0.0000,104.0000,50,54,多平,S,2381.0000,0.0000,0.0000,0.0000,0.0000,2382.0000,0.0000,0.0000,0.0000,0.0000,51,0,0,0,0,180,0,0,0,0
zc,WS209,2012-06-28 09:05:40.120,2381.0000,199352,-2,0.0000,2.0000,0,2,双平,S,2381.0000,0.0000,0.0000,0.0000,0.0000,2382.0000,0.0000,0.0000,0.0000,0.0000,50,0,0,0,0,183,0,0,0,0
zc,WS209,2012-06-28 09:05:40.573,2381.0000,199344,-8,0.0000,10.0000,1,9,多平,S,2381.0000,0.0000,0.0000,0.0000,0.0000,2382.0000,0.0000,0.0000,0.0000,0.0000,44,0,0,0,0,215,0,0,0,0
zc,WS209,2012-06-28 09:05:41.417,2381.0000,199346,2,0.0000,88.0000,45,43,空开,S,2380.0000,0.0000,0.0000,0.0000,0.0000,2382.0000,0.0000,0.0000,0.0000,0.0000,28,0,0,0,0,215,0,0,0,0
zc,WS209,2012-06-28 09:05:41.903,2381.0000,199346,0,0.0000,2.0000,1,1,空换,S,2380.0000,0.0000,0.0000,0.0000,0.0000,2381.0000,0.0000,0.0000,0.0000,0.0000,28,0,0,0,0,3,0,0,0,0
zc,WS209,2012-06-28 09:05:42.387,2381.0000,199346,0,0.0000,2.0000,1,1,空换,S,2380.0000,0.0000,0.0000,0.0000,0.0000,2381.0000,0.0000,0.0000,0.0000,0.0000,29,0,0,0,0,15,0,0,0,0
zc,WS209,2012-06-28 09:05:42.903,2381.0000,199332,-14,0.0000,30.0000,8,22,多平,S,2380.0000,0.0000,0.0000,0.0000,0.0000,2381.0000,0.0000,0.0000,0.0000,0.0000,52,0,0,0,0,23,0,0,0,0
zc,WS209,2012-06-28 09:05:43.607,2380.0000,199360,28,0.0000,38.0000,33,5,空开,S,2379.0000,0.0000,0.0000,0.0000,0.0000,2380.0000,0.0000,0.0000,0.0000,0.0000,22,0,0,0,0,79,0,0,0,0
zc,WS209,2012-06-28 09:05:44.433,2380.0000,199362,2,0.0000,4.0000,3,1,空开,S,2379.0000,0.0000,0.0000,0.0000,0.0000,2380.0000,0.0000,0.0000,0.0000,0.0000,22,0,0,0,0,78,0,0,0,0
zc,WS209,2012-06-28 09:05:45.120,2379.0000,199362,0,0.0000,6.0000,3,3,空换,S,2379.0000,0.0000,0.0000,0.0000,0.0000,2380.0000,0.0000,0.0000,0.0000,0.0000,20,0,0,0,0,80,0,0,0,0
zc,WS209,2012-06-28 09:05:45.653,2379.0000,199358,-4,0.0000,6.0000,1,5,多平,S,2379.0000,0.0000,0.0000,0.0000,0.0000,2380.0000,0.0000,0.0000,0.0000,0.0000,17,0,0,0,0,80,0,0,0,0
zc,WS209,2012-06-28 09:05:46.450,2379.0000,199328,-30,0.0000,40.0000,5,35,多平,S,2378.0000,0.0000,0.0000,0.0000,0.0000,2379.0000,0.0000,0.0000,0.0000,0.0000,55,0,0,0,0,77,0,0,0,0
zc,WS209,2012-06-28 09:05:46.870,2379.0000,199328,0,0.0000,0.0000,0,0,空换,S,2378.0000,0.0000,0.0000,0.0000,0.0000,2379.0000,0.0000,0.0000,0.0000,0.0000,55,0,0,0,0,92,0,0,0,0
zc,WS209,2012-06-28 09:05:47.370,2378.0000,199446,118,0.0000,202.0000,160,42,空开,S,2378.0000,0.0000,0.0000,0.0000,0.0000,2379.0000,0.0000,0.0000,0.0000,0.0000,8,0,0,0,0,93,0,0,0,0
zc,WS209,2012-06-28 09:05:48.153,2378.0000,199446,0,0.0000,0.0000,0,0,空换,S,2378.0000,0.0000,0.0000,0.0000,0.0000,2379.0000,0.0000,0.0000,0.0000,0.0000,12,0,0,0,0,96,0,0,0,0
zc,WS209,2012-06-28 09:05:48.607,2379.0000,199448,2,0.0000,26.0000,14,12,多开,B,2378.0000,0.0000,0.0000,0.0000,0.0000,2379.0000,0.0000,0.0000,0.0000,0.0000,31,0,0,0,0,94,0,0,0,0
zc,WS209,2012-06-28 09:05:49.387,2378.0000,199446,-2,0.0000,28.0000,13,15,多平,S,2378.0000,0.0000,0.0000,0.0000,0.0000,2379.0000,0.0000,0.0000,0.0000,0.0000,26,0,0,0,0,85,0,0,0,0
zc,WS209,2012-06-28 09:05:49.857,2380.0000,199456,10,0.0000,174.0000,92,82,多开,B,2379.0000,0.0000,0.0000,0.0000,0.0000,2380.0000,0.0000,0.0000,0.0000,0.0000,10,0,0,0,0,5,0,0,0,0
zc,WS209,2012-06-28 09:05:50.607,2380.0000,199444,-12,0.0000,22.0000,5,17,空平,B,2380.0000,0.0000,0.0000,0.0000,0.0000,2381.0000,0.0000,0.0000,0.0000,0.0000,9,0,0,0,0,53,0,0,0,0
zc,WS209,2012-06-28 09:05:50.857,2380.0000,199442,-2,0.0000,16.0000,7,9,空平,B,2380.0000,0.0000,0.0000,0.0000,0.0000,2381.0000,0.0000,0.0000,0.0000,0.0000,3,0,0,0,0,50,0,0,0,0
zc,WS209,2012-06-28 09:05:51.590,2380.0000,199440,-2,0.0000,8.0000,3,5,空平,B,2379.0000,0.0000,0.0000,0.0000,0.0000,2380.0000,0.0000,0.0000,0.0000,0.0000,10,0,0,0,0,38,0,0,0,0
zc,WS209,2012-06-28 09:05:52.090,2380.0000,199440,0,0.0000,6.0000,3,3,多换,B,2379.0000,0.0000,0.0000,0.0000,0.0000,2380.0000,0.0000,0.0000,0.0000,0.0000,10,0,0,0,0,52,0,0,0,0
zc,WS209,2012-06-28 09:05:52.840,2379.0000,199414,-26,0.0000,34.0000,4,30,多平,S,2379.0000,0.0000,0.0000,0.0000,0.0000,2380.0000,0.0000,0.0000,0.0000,0.0000,115,0,0,0,0,42,0,0,0,0
zc,WS209,2012-06-28 09:05:53.387,2379.0000,199332,-82,0.0000,90.0000,4,86,多平,S,2379.0000,0.0000,0.0000,0.0000,0.0000,2381.0000,0.0000,0.0000,0.0000,0.0000,73,0,0,0,0,31,0,0,0,0
zc,WS209,2012-06-28 09:05:54.090,2380.0000,199330,-2,0.0000,36.0000,17,19,空平,B,2380.0000,0.0000,0.0000,0.0000,0.0000,2381.0000,0.0000,0.0000,0.0000,0.0000,36,0,0,0,0,22,0,0,0,0
zc,WS209,2012-06-28 09:05:54.917,2380.0000,199330,0,0.0000,20.0000,10,10,多换,B,2380.0000,0.0000,0.0000,0.0000,0.0000,2381.0000,0.0000,0.0000,0.0000,0.0000,45,0,0,0,0,22,0,0,0,0
zc,WS209,2012-06-28 09:05:55.323,2381.0000,199330,0,0.0000,4.0000,2,2,多换,B,2380.0000,0.0000,0.0000,0.0000,0.0000,2381.0000,0.0000,0.0000,0.0000,0.0000,64,0,0,0,0,20,0,0,0,0
zc,WS209,2012-06-28 09:05:56.357,2380.0000,199328,-2,0.0000,6.0000,2,4,多平,S,2380.0000,0.0000,0.0000,0.0000,0.0000,2381.0000,0.0000,0.0000,0.0000,0.0000,63,0,0,0,0,19,0,0,0,0
zc,WS209,2012-06-28 09:05:57.090,2381.0000,199326,-2,0.0000,6.0000,2,4,空平,B,2380.0000,0.0000,0.0000,0.0000,0.0000,2381.0000,0.0000,0.0000,0.0000,0.0000,62,0,0,0,0,17,0,0,0,0
zc,WS209,2012-06-28 09:05:57.590,2381.0000,199320,-6,0.0000,20.0000,7,13,空平,B,2380.0000,0.0000,0.0000,0.0000,0.0000,2381.0000,0.0000,0.0000,0.0000,0.0000,56,0,0,0,0,7,0,0,0,0
zc,WS209,2012-06-28 09:05:58.340,2381.0000,199318,-2,0.0000,10.0000,4,6,空平,B,2380.0000,0.0000,0.0000,0.0000,0.0000,2381.0000,0.0000,0.0000,0.0000,0.0000,53,0,0,0,0,2,0,0,0,0
zc,WS209,2012-06-28 09:05:58.887,2381.0000,199314,-4,0.0000,20.0000,8,12,空平,B,2381.0000,0.0000,0.0000,0.0000,0.0000,2382.0000,0.0000,0.0000,0.0000,0.0000,32,0,0,0,0,294,0,0,0,0
zc,WS209,2012-06-28 09:05:59.340,2381.0000,199314,0,0.0000,0.0000,0,0,多换,B,2381.0000,0.0000,0.0000,0.0000,0.0000,2382.0000,0.0000,0.0000,0.0000,0.0000,60,0,0,0,0,219,0,0,0,0
zc,WS209,2012-06-28 09:06:00.090,2381.0000,199292,-22,0.0000,24.0000,1,23,空平,B,2381.0000,0.0000,0.0000,0.0000,0.0000,2382.0000,0.0000,0.0000,0.0000,0.0000,19,0,0,0,0,219,0,0,0,0
zc,WS209,2012-06-28 09:06:00.590,2382.0000,199288,-4,0.0000,4.0000,0,4,双平,B,2381.0000,0.0000,0.0000,0.0000,0.0000,2382.0000,0.0000,0.0000,0.0000,0.0000,17,0,0,0,0,227,0,0,0,0
zc,WS209,2012-06-28 09:06:01.323,2382.0000,199284,-4,0.0000,6.0000,1,5,空平,B,2381.0000,0.0000,0.0000,0.0000,0.0000,2382.0000,0.0000,0.0000,0.0000,0.0000,17,0,0,0,0,224,0,0,0,0
zc,WS209,2012-06-28 09:06:01.620,2382.0000,199250,-34,0.0000,34.0000,0,34,双平,B,2381.0000,0.0000,0.0000,0.0000,0.0000,2382.0000,0.0000,0.0000,0.0000,0.0000,78,0,0,0,0,207,0,0,0,0
zc,WS209,2012-06-28 09:06:02.323,2382.0000,199236,-14,0.0000,14.0000,0,14,双平,B,2381.0000,0.0000,0.0000,0.0000,0.0000,2382.0000,0.0000,0.0000,0.0000,0.0000,71,0,0,0,0,200,0,0,0,0
zc,WS209,2012-06-28 09:06:02.857,2382.0000,199198,-38,0.0000,38.0000,0,38,双平,B,2381.0000,0.0000,0.0000,0.0000,0.0000,2382.0000,0.0000,0.0000,0.0000,0.0000,53,0,0,0,0,189,0,0,0,0
zc,WS209,2012-06-28 09:06:03.653,2382.0000,199194,-4,0.0000,4.0000,0,4,双平,B,2381.0000,0.0000,0.0000,0.0000,0.0000,2382.0000,0.0000,0.0000,0.0000,0.0000,51,0,0,0,0,187,0,0,0,0
zc,WS209,2012-06-28 09:06:04.153,2381.0000,199192,-2,0.0000,2.0000,0,2,双平,S,2381.0000,0.0000,0.0000,0.0000,0.0000,2382.0000,0.0000,0.0000,0.0000,0.0000,50,0,0,0,0,193,0,0,0,0
zc,WS209,2012-06-28 09:06:04.933,2382.0000,199368,176,0.0000,410.0000,293,117,多开,B,2381.0000,0.0000,0.0000,0.0000,0.0000,2382.0000,0.0000,0.0000,0.0000,0.0000,9,0,0,0,0,187,0,0,0,0
zc,WS209,2012-06-28 09:06:05.387,2382.0000,199364,-4,0.0000,6.0000,1,5,空平,B,2381.0000,0.0000,0.0000,0.0000,0.0000,2382.0000,0.0000,0.0000,0.0000,0.0000,9,0,0,0,0,262,0,0,0,0
zc,WS209,2012-06-28 09:06:06.653,2382.0000,199364,0,0.0000,0.0000,0,0,多换,B,2381.0000,0.0000,0.0000,0.0000,0.0000,2382.0000,0.0000,0.0000,0.0000,0.0000,59,0,0,0,0,262,0,0,0,0
zc,WS209,2012-06-28 09:06:07.120,2381.0000,199362,-2,0.0000,2.0000,0,2,双平,S,2381.0000,0.0000,0.0000,0.0000,0.0000,2382.0000,0.0000,0.0000,0.0000,0.0000,59,0,0,0,0,262,0,0,0,0
zc,WS209,2012-06-28 09:06:07.823,2381.0000,199478,116,0.0000,118.0000,117,1,空开,S,2380.0000,0.0000,0.0000,0.0000,0.0000,2382.0000,0.0000,0.0000,0.0000,0.0000,31,0,0,0,0,205,0,0,0,0
zc,WS209,2012-06-28 09:06:08.307,2381.0000,199478,0,0.0000,0.0000,0,0,空换,S,2381.0000,0.0000,0.0000,0.0000,0.0000,2382.0000,0.0000,0.0000,0.0000,0.0000,3,0,0,0,0,186,0,0,0,0
zc,WS209,2012-06-28 09:06:09.120,2382.0000,199476,-2,0.0000,2.0000,0,2,双平,B,2381.0000,0.0000,0.0000,0.0000,0.0000,2382.0000,0.0000,0.0000,0.0000,0.0000,32,0,0,0,0,185,0,0,0,0
zc,WS209,2012-06-28 09:06:10.090,2382.0000,199440,-36,0.0000,36.0000,0,36,双平,B,2381.0000,0.0000,0.0000,0.0000,0.0000,2382.0000,0.0000,0.0000,0.0000,0.0000,26,0,0,0,0,167,0,0,0,0
zc,WS209,2012-06-28 09:06:10.653,2382.0000,199440,0,0.0000,2.0000,1,1,多换,B,2381.0000,0.0000,0.0000,0.0000,0.0000,2382.0000,0.0000,0.0000,0.0000,0.0000,37,0,0,0,0,166,0,0,0,0
zc,WS209,2012-06-28 09:06:11.107,2382.0000,199440,0,0.0000,0.0000,0,0,多换,B,2381.0000,0.0000,0.0000,0.0000,0.0000,2382.0000,0.0000,0.0000,0.0000,0.0000,39,0,0,0,0,166,0,0,0,0
zc,WS209,2012-06-28 09:06:11.870,2382.0000,199440,0,0.0000,0.0000,0,0,多换,B,2381.0000,0.0000,0.0000,0.0000,0.0000,2382.0000,0.0000,0.0000,0.0000,0.0000,80,0,0,0,0,166,0,0,0,0
zc,WS209,2012-06-28 09:06:12.387,2381.0000,199440,0,0.0000,24.0000,12,12,空换,S,2381.0000,0.0000,0.0000,0.0000,0.0000,2382.0000,0.0000,0.0000,0.0000,0.0000,70,0,0,0,0,165,0,0,0,0
zc,WS209,2012-06-28 09:06:13.107,2381.0000,199440,0,0.0000,0.0000,0,0,空换,S,2381.0000,0.0000,0.0000,0.0000,0.0000,2382.0000,0.0000,0.0000,0.0000,0.0000,90,0,0,0,0,165,0,0,0,0
zc,WS209,2012-06-28 09:06:13.637,2382.0000,199440,0,0.0000,2.0000,1,1,多换,B,2381.0000,0.0000,0.0000,0.0000,0.0000,2382.0000,0.0000,0.0000,0.0000,0.0000,92,0,0,0,0,164,0,0,0,0
zc,WS209,2012-06-28 09:06:14.137,2381.0000,199438,-2,0.0000,2.0000,0,2,双平,S,2381.0000,0.0000,0.0000,0.0000,0.0000,2382.0000,0.0000,0.0000,0.0000,0.0000,91,0,0,0,0,167,0,0,0,0
zc,WS209,2012-06-28 09:06:14.590,2381.0000,199438,0,0.0000,0.0000,0,0,空换,S,2381.0000,0.0000,0.0000,0.0000,0.0000,2382.0000,0.0000,0.0000,0.0000,0.0000,91,0,0,0,0,168,0,0,0,0
zc,WS209,2012-06-28 09:06:15.357,2381.0000,199438,0,0.0000,0.0000,0,0,空换,S,2381.0000,0.0000,0.0000,0.0000,0.0000,2382.0000,0.0000,0.0000,0.0000,0.0000,91,0,0,0,0,167,0,0,0,0
zc,WS209,2012-06-28 09:06:15.840,2382.0000,199418,-20,0.0000,32.0000,6,26,空平,B,2381.0000,0.0000,0.0000,0.0000,0.0000,2382.0000,0.0000,0.0000,0.0000,0.0000,82,0,0,0,0,156,0,0,0,0
zc,WS209,2012-06-28 09:06:16.590,2382.0000,199418,0,0.0000,8.0000,4,4,多换,B,2381.0000,0.0000,0.0000,0.0000,0.0000,2382.0000,0.0000,0.0000,0.0000,0.0000,78,0,0,0,0,152,0,0,0,0
zc,WS209,2012-06-28 09:06:17.057,2382.0000,199418,0,0.0000,10.0000,5,5,多换,B,2381.0000,0.0000,0.0000,0.0000,0.0000,2382.0000,0.0000,0.0000,0.0000,0.0000,73,0,0,0,0,151,0,0,0,0
zc,WS209,2012-06-28 09:06:18.857,2382.0000,199418,0,0.0000,0.0000,0,0,多换,B,2381.0000,0.0000,0.0000,0.0000,0.0000,2382.0000,0.0000,0.0000,0.0000,0.0000,93,0,0,0,0,151,0,0,0,0
zc,WS209,2012-06-28 09:06:19.573,2381.0000,199414,-4,0.0000,4.0000,0,4,双平,S,2381.0000,0.0000,0.0000,0.0000,0.0000,2382.0000,0.0000,0.0000,0.0000,0.0000,96,0,0,0,0,151,0,0,0,0
zc,WS209,2012-06-28 09:06:20.153,2382.0000,199414,0,0.0000,44.0000,22,22,多换,B,2381.0000,0.0000,0.0000,0.0000,0.0000,2382.0000,0.0000,0.0000,0.0000,0.0000,98,0,0,0,0,129,0,0,0,0
zc,WS209,2012-06-28 09:06:20.870,2382.0000,199536,122,0.0000,132.0000,127,5,多开,B,2381.0000,0.0000,0.0000,0.0000,0.0000,2382.0000,0.0000,0.0000,0.0000,0.0000,63,0,0,0,0,63,0,0,0,0
zc,WS209,2012-06-28 09:06:21.090,2382.0000,199586,50,0.0000,134.0000,92,42,多开,B,2381.0000,0.0000,0.0000,0.0000,0.0000,2382.0000,0.0000,0.0000,0.0000,0.0000,66,0,0,0,0,1,0,0,0,0
zc,WS209,2012-06-28 09:06:21.823,2382.0000,199586,0,0.0000,2.0000,1,1,多换,B,2382.0000,0.0000,0.0000,0.0000,0.0000,2383.0000,0.0000,0.0000,0.0000,0.0000,9,0,0,0,0,13,0,0,0,0
zc,WS209,2012-06-28 09:06:22.387,2382.0000,199586,0,0.0000,0.0000,0,0,多换,B,2382.0000,0.0000,0.0000,0.0000,0.0000,2383.0000,0.0000,0.0000,0.0000,0.0000,28,0,0,0,0,15,0,0,0,0
zc,WS209,2012-06-28 09:06:23.073,2383.0000,199576,-10,0.0000,16.0000,3,13,空平,B,2382.0000,0.0000,0.0000,0.0000,0.0000,2383.0000,0.0000,0.0000,0.0000,0.0000,29,0,0,0,0,37,0,0,0,0
zc,WS209,2012-06-28 09:06:23.870,2383.0000,199578,2,0.0000,52.0000,27,25,多开,B,2382.0000,0.0000,0.0000,0.0000,0.0000,2383.0000,0.0000,0.0000,0.0000,0.0000,29,0,0,0,0,11,0,0,0,0
zc,WS209,2012-06-28 09:06:24.153,2383.0000,199570,-8,0.0000,10.0000,1,9,空平,B,2382.0000,0.0000,0.0000,0.0000,0.0000,2383.0000,0.0000,0.0000,0.0000,0.0000,25,0,0,0,0,6,0,0,0,0
zc,WS209,2012-06-28 09:06:24.857,2383.0000,199558,-12,0.0000,12.0000,0,12,双平,B,2382.0000,0.0000,0.0000,0.0000,0.0000,2384.0000,0.0000,0.0000,0.0000,0.0000,20,0,0,0,0,61,0,0,0,0
zc,WS209,2012-06-28 09:06:25.340,2382.0000,199558,0,0.0000,2.0000,1,1,空换,S,2382.0000,0.0000,0.0000,0.0000,0.0000,2384.0000,0.0000,0.0000,0.0000,0.0000,50,0,0,0,0,61,0,0,0,0
zc,WS209,2012-06-28 09:06:25.887,2382.0000,199558,0,0.0000,0.0000,0,0,空换,S,2383.0000,0.0000,0.0000,0.0000,0.0000,2384.0000,0.0000,0.0000,0.0000,0.0000,6,0,0,0,0,59,0,0,0,0
zc,WS209,2012-06-28 09:06:27.090,2382.0000,199558,0,0.0000,0.0000,0,0,空换,S,2383.0000,0.0000,0.0000,0.0000,0.0000,2384.0000,0.0000,0.0000,0.0000,0.0000,6,0,0,0,0,60,0,0,0,0
zc,WS209,2012-06-28 09:06:27.607,2384.0000,199558,0,0.0000,8.0000,4,4,多换,B,2383.0000,0.0000,0.0000,0.0000,0.0000,2384.0000,0.0000,0.0000,0.0000,0.0000,6,0,0,0,0,56,0,0,0,0
zc,WS209,2012-06-28 09:06:28.107,2384.0000,199558,0,0.0000,0.0000,0,0,多换,B,2383.0000,0.0000,0.0000,0.0000,0.0000,2384.0000,0.0000,0.0000,0.0000,0.0000,7,0,0,0,0,56,0,0,0,0
zc,WS209,2012-06-28 09:06:28.857,2384.0000,199558,0,0.0000,0.0000,0,0,多换,B,2383.0000,0.0000,0.0000,0.0000,0.0000,2384.0000,0.0000,0.0000,0.0000,0.0000,8,0,0,0,0,56,0,0,0,0
zc,WS209,2012-06-28 09:06:30.090,2384.0000,199558,0,0.0000,0.0000,0,0,多换,B,2383.0000,0.0000,0.0000,0.0000,0.0000,2384.0000,0.0000,0.0000,0.0000,0.0000,13,0,0,0,0,58,0,0,0,0
zc,WS209,2012-06-28 09:06:30.357,2383.0000,199568,10,0.0000,10.0000,10,0,双开,S,2383.0000,0.0000,0.0000,0.0000,0.0000,2384.0000,0.0000,0.0000,0.0000,0.0000,8,0,0,0,0,59,0,0,0,0
zc,WS209,2012-06-28 09:06:31.557,2383.0000,199568,0,0.0000,0.0000,0,0,空换,S,2383.0000,0.0000,0.0000,0.0000,0.0000,2384.0000,0.0000,0.0000,0.0000,0.0000,8,0,0,0,0,78,0,0,0,0
zc,WS209,2012-06-28 09:06:32.857,2383.0000,199582,14,0.0000,16.0000,15,1,空开,S,2382.0000,0.0000,0.0000,0.0000,0.0000,2383.0000,0.0000,0.0000,0.0000,0.0000,33,0,0,0,0,1,0,0,0,0
zc,WS209,2012-06-28 09:06:33.323,2383.0000,199584,2,0.0000,2.0000,2,0,双开,S,2383.0000,0.0000,0.0000,0.0000,0.0000,2384.0000,0.0000,0.0000,0.0000,0.0000,5,0,0,0,0,78,0,0,0,0
zc,WS209,2012-06-28 09:06:34.357,2384.0000,199584,0,0.0000,2.0000,1,1,多换,B,2383.0000,0.0000,0.0000,0.0000,0.0000,2384.0000,0.0000,0.0000,0.0000,0.0000,6,0,0,0,0,78,0,0,0,0
zc,WS209,2012-06-28 09:06:35.323,2382.0000,199580,-4,0.0000,80.0000,38,42,多平,S,2381.0000,0.0000,0.0000,0.0000,0.0000,2382.0000,0.0000,0.0000,0.0000,0.0000,70,0,0,0,0,21,0,0,0,0
zc,WS209,2012-06-28 09:06:35.823,2382.0000,199580,0,0.0000,2.0000,1,1,空换,S,2381.0000,0.0000,0.0000,0.0000,0.0000,2382.0000,0.0000,0.0000,0.0000,0.0000,69,0,0,0,0,20,0,0,0,0
zc,WS209,2012-06-28 09:06:36.323,2382.0000,199580,0,0.0000,0.0000,0,0,空换,S,2381.0000,0.0000,0.0000,0.0000,0.0000,2383.0000,0.0000,0.0000,0.0000,0.0000,49,0,0,0,0,4,0,0,0,0
zc,WS209,2012-06-28 09:06:36.823,2382.0000,199580,0,0.0000,0.0000,0,0,空换,S,2382.0000,0.0000,0.0000,0.0000,0.0000,2383.0000,0.0000,0.0000,0.0000,0.0000,2,0,0,0,0,4,0,0,0,0
zc,WS209,2012-06-28 09:06:37.557,2383.0000,199578,-2,0.0000,2.0000,0,2,双平,B,2382.0000,0.0000,0.0000,0.0000,0.0000,2383.0000,0.0000,0.0000,0.0000,0.0000,2,0,0,0,0,3,0,0,0,0
zc,WS209,2012-06-28 09:06:38.073,2383.0000,199578,0,0.0000,0.0000,0,0,多换,B,2382.0000,0.0000,0.0000,0.0000,0.0000,2383.0000,0.0000,0.0000,0.0000,0.0000,12,0,0,0,0,3,0,0,0,0
zc,WS209,2012-06-28 09:06:39.293,2383.0000,199578,0,0.0000,0.0000,0,0,多换,B,2382.0000,0.0000,0.0000,0.0000,0.0000,2383.0000,0.0000,0.0000,0.0000,0.0000,22,0,0,0,0,3,0,0,0,0
zc,WS209,2012-06-28 09:06:39.840,2383.0000,199576,-2,0.0000,2.0000,0,2,双平,B,2382.0000,0.0000,0.0000,0.0000,0.0000,2383.0000,0.0000,0.0000,0.0000,0.0000,22,0,0,0,0,2,0,0,0,0
zc,WS209,2012-06-28 09:06:40.590,2383.0000,199572,-4,0.0000,4.0000,0,4,双平,B,2382.0000,0.0000,0.0000,0.0000,0.0000,2384.0000,0.0000,0.0000,0.0000,0.0000,20,0,0,0,0,59,0,0,0,0
zc,WS209,2012-06-28 09:06:40.807,2382.0000,199570,-2,0.0000,2.0000,0,2,双平,S,2383.0000,0.0000,0.0000,0.0000,0.0000,2384.0000,0.0000,0.0000,0.0000,0.0000,2,0,0,0,0,59,0,0,0,0
zc,WS209,2012-06-28 09:06:42.073,2383.0000,199570,0,0.0000,14.0000,7,7,多换,B,2382.0000,0.0000,0.0000,0.0000,0.0000,2383.0000,0.0000,0.0000,0.0000,0.0000,19,0,0,0,0,33,0,0,0,0
zc,WS209,2012-06-28 09:06:43.357,2383.0000,199570,0,0.0000,0.0000,0,0,多换,B,2382.0000,0.0000,0.0000,0.0000,0.0000,2383.0000,0.0000,0.0000,0.0000,0.0000,20,0,0,0,0,33,0,0,0,0
zc,WS209,2012-06-28 09:06:43.840,2383.0000,199562,-8,0.0000,8.0000,0,8,双平,B,2382.0000,0.0000,0.0000,0.0000,0.0000,2383.0000,0.0000,0.0000,0.0000,0.0000,17,0,0,0,0,29,0,0,0,0
zc,WS209,2012-06-28 09:06:44.307,2383.0000,199560,-2,0.0000,2.0000,0,2,双平,B,2382.0000,0.0000,0.0000,0.0000,0.0000,2383.0000,0.0000,0.0000,0.0000,0.0000,16,0,0,0,0,28,0,0,0,0
zc,WS209,2012-06-28 09:06:45.120,2383.0000,199558,-2,0.0000,4.0000,1,3,空平,B,2382.0000,0.0000,0.0000,0.0000,0.0000,2383.0000,0.0000,0.0000,0.0000,0.0000,84,0,0,0,0,26,0,0,0,0
zc,WS209,2012-06-28 09:06:45.557,2382.0000,199558,0,0.0000,34.0000,17,17,空换,S,2382.0000,0.0000,0.0000,0.0000,0.0000,2383.0000,0.0000,0.0000,0.0000,0.0000,67,0,0,0,0,19,0,0,0,0
zc,WS209,2012-06-28 09:06:46.840,2383.0000,199482,-76,0.0000,78.0000,1,77,空平,B,2383.0000,0.0000,0.0000,0.0000,0.0000,2384.0000,0.0000,0.0000,0.0000,0.0000,2,0,0,0,0,61,0,0,0,0
zc,WS209,2012-06-28 09:06:47.323,2384.0000,199482,0,0.0000,6.0000,3,3,多换,B,2383.0000,0.0000,0.0000,0.0000,0.0000,2384.0000,0.0000,0.0000,0.0000,0.0000,2,0,0,0,0,58,0,0,0,0
zc,WS209,2012-06-28 09:06:47.823,2384.0000,199482,0,0.0000,0.0000,0,0,多换,B,2383.0000,0.0000,0.0000,0.0000,0.0000,2384.0000,0.0000,0.0000,0.0000,0.0000,3,0,0,0,0,58,0,0,0,0
zc,WS209,2012-06-28 09:06:48.573,2384.0000,199482,0,0.0000,0.0000,0,0,多换,B,2383.0000,0.0000,0.0000,0.0000,0.0000,2384.0000,0.0000,0.0000,0.0000,0.0000,34,0,0,0,0,58,0,0,0,0
zc,WS209,2012-06-28 09:06:49.573,2384.0000,199482,0,0.0000,0.0000,0,0,多换,B,2383.0000,0.0000,0.0000,0.0000,0.0000,2384.0000,0.0000,0.0000,0.0000,0.0000,34,0,0,0,0,57,0,0,0,0
zc,WS209,2012-06-28 09:06:50.137,2385.0000,199550,68,0.0000,322.0000,195,127,多开,B,2383.0000,0.0000,0.0000,0.0000,0.0000,2386.0000,0.0000,0.0000,0.0000,0.0000,122,0,0,0,0,105,0,0,0,0
zc,WS209,2012-06-28 09:06:50.857,2383.0000,199548,-2,0.0000,22.0000,10,12,多平,S,2384.0000,0.0000,0.0000,0.0000,0.0000,2386.0000,0.0000,0.0000,0.0000,0.0000,1,0,0,0,0,105,0,0,0,0
zc,WS209,2012-06-28 09:06:51.387,2383.0000,199548,0,0.0000,0.0000,0,0,空换,S,2383.0000,0.0000,0.0000,0.0000,0.0000,2386.0000,0.0000,0.0000,0.0000,0.0000,107,0,0,0,0,126,0,0,0,0
zc,WS209,2012-06-28 09:06:52.057,2383.0000,199548,0,0.0000,0.0000,0,0,空换,S,2384.0000,0.0000,0.0000,0.0000,0.0000,2386.0000,0.0000,0.0000,0.0000,0.0000,2,0,0,0,0,126,0,0,0,0
zc,WS209,2012-06-28 09:06:53.340,2386.0000,199558,10,0.0000,14.0000,12,2,多开,B,2384.0000,0.0000,0.0000,0.0000,0.0000,2386.0000,0.0000,0.0000,0.0000,0.0000,2,0,0,0,0,119,0,0,0,0
zc,WS209,2012-06-28 09:06:53.840,2386.0000,199560,2,0.0000,2.0000,2,0,双开,B,2384.0000,0.0000,0.0000,0.0000,0.0000,2386.0000,0.0000,0.0000,0.0000,0.0000,2,0,0,0,0,118,0,0,0,0
zc,WS209,2012-06-28 09:06:54.340,2386.0000,199560,0,0.0000,0.0000,0,0,多换,B,2384.0000,0.0000,0.0000,0.0000,0.0000,2385.0000,0.0000,0.0000,0.0000,0.0000,2,0,0,0,0,1,0,0,0,0
zc,WS209,2012-06-28 09:06:55.090,2386.0000,199558,-2,0.0000,18.0000,8,10,空平,B,2384.0000,0.0000,0.0000,0.0000,0.0000,2385.0000,0.0000,0.0000,0.0000,0.0000,2,0,0,0,0,20,0,0,0,0
zc,WS209,2012-06-28 09:06:55.607,2386.0000,199558,0,0.0000,0.0000,0,0,多换,B,2384.0000,0.0000,0.0000,0.0000,0.0000,2385.0000,0.0000,0.0000,0.0000,0.0000,2,0,0,0,0,21,0,0,0,0
zc,WS209,2012-06-28 09:06:56.323,2386.0000,199558,0,0.0000,0.0000,0,0,多换,B,2384.0000,0.0000,0.0000,0.0000,0.0000,2385.0000,0.0000,0.0000,0.0000,0.0000,2,0,0,0,0,40,0,0,0,0
zc,WS209,2012-06-28 09:06:56.573,2384.0000,199560,2,0.0000,2.0000,2,0,双开,S,2384.0000,0.0000,0.0000,0.0000,0.0000,2385.0000,0.0000,0.0000,0.0000,0.0000,1,0,0,0,0,41,0,0,0,0
zc,WS209,2012-06-28 09:06:57.323,2385.0000,199560,0,0.0000,42.0000,21,21,多换,B,2384.0000,0.0000,0.0000,0.0000,0.0000,2386.0000,0.0000,0.0000,0.0000,0.0000,2,0,0,0,0,110,0,0,0,0
zc,WS209,2012-06-28 09:06:57.823,2385.0000,199560,0,0.0000,0.0000,0,0,多换,B,2384.0000,0.0000,0.0000,0.0000,0.0000,2386.0000,0.0000,0.0000,0.0000,0.0000,17,0,0,0,0,111,0,0,0,0
zc,WS209,2012-06-28 09:06:58.340,2384.0000,199560,0,0.0000,2.0000,1,1,空换,S,2384.0000,0.0000,0.0000,0.0000,0.0000,2386.0000,0.0000,0.0000,0.0000,0.0000,13,0,0,0,0,111,0,0,0,0
zc,WS209,2012-06-28 09:06:59.107,2384.0000,199560,0,0.0000,0.0000,0,0,空换,S,2384.0000,0.0000,0.0000,0.0000,0.0000,2386.0000,0.0000,0.0000,0.0000,0.0000,15,0,0,0,0,111,0,0,0,0
zc,WS209,2012-06-28 09:07:00.340,2384.0000,199560,0,0.0000,0.0000,0,0,空换,S,2384.0000,0.0000,0.0000,0.0000,0.0000,2386.0000,0.0000,0.0000,0.0000,0.0000,45,0,0,0,0,111,0,0,0,0
