市场代码,合约代码,时间,最新,持仓,增仓,成交额,成交量,开仓,平仓,成交类型,方向,买一价,买二价,买三价,买四价,买五价,卖一价,卖二价,卖三价,卖四价,卖五价,买一量,买二量,买三量,买四量,买五量,卖一量,卖二量,卖三量,卖四量,卖五量
zc,WS305,2012-06-28 07:47:44.683,0.0000,58488,0,0.0000,0.0000,0,0,空换,S,0.0000,0.0000,0.0000,0.0000,0.0000,0.0000,0.0000,0.0000,0.0000,0.0000,0,0,0,0,0,0,0,0,0,0
zc,WS305,2012-06-28 07:49:44.700,0.0000,58488,0,0.0000,0.0000,0,0,空换,S,0.0000,0.0000,0.0000,0.0000,0.0000,0.0000,0.0000,0.0000,0.0000,0.0000,0,0,0,0,0,0,0,0,0,0
zc,WS305,2012-06-28 07:52:44.700,0.0000,58488,0,0.0000,0.0000,0,0,空换,S,0.0000,0.0000,0.0000,0.0000,0.0000,0.0000,0.0000,0.0000,0.0000,0.0000,0,0,0,0,0,0,0,0,0,0
zc,WS305,2012-06-28 07:56:44.700,0.0000,58488,0,0.0000,0.0000,0,0,空换,S,0.0000,0.0000,0.0000,0.0000,0.0000,0.0000,0.0000,0.0000,0.0000,0.0000,0,0,0,0,0,0,0,0,0,0
zc,WS305,2012-06-28 08:00:44.700,0.0000,58488,0,0.0000,0.0000,0,0,空换,S,0.0000,0.0000,0.0000,0.0000,0.0000,0.0000,0.0000,0.0000,0.0000,0.0000,0,0,0,0,0,0,0,0,0,0
zc,WS305,2012-06-28 08:01:44.700,0.0000,58488,0,0.0000,0.0000,0,0,空换,S,0.0000,0.0000,0.0000,0.0000,0.0000,0.0000,0.0000,0.0000,0.0000,0.0000,0,0,0,0,0,0,0,0,0,0
zc,WS305,2012-06-28 08:08:46.340,0.0000,58488,0,0.0000,0.0000,0,0,空换,S,0.0000,0.0000,0.0000,0.0000,0.0000,0.0000,0.0000,0.0000,0.0000,0.0000,0,0,0,0,0,0,0,0,0,0
zc,WS305,2012-06-28 08:22:46.307,0.0000,58488,0,0.0000,0.0000,0,0,空换,S,0.0000,0.0000,0.0000,0.0000,0.0000,0.0000,0.0000,0.0000,0.0000,0.0000,0,0,0,0,0,0,0,0,0,0
zc,WS305,2012-06-28 08:27:46.323,0.0000,58488,0,0.0000,0.0000,0,0,空换,S,0.0000,0.0000,0.0000,0.0000,0.0000,0.0000,0.0000,0.0000,0.0000,0.0000,0,0,0,0,0,0,0,0,0,0
zc,WS305,2012-06-28 08:37:46.323,0.0000,58488,0,0.0000,0.0000,0,0,空换,S,0.0000,0.0000,0.0000,0.0000,0.0000,0.0000,0.0000,0.0000,0.0000,0.0000,0,0,0,0,0,0,0,0,0,0
zc,WS305,2012-06-28 08:40:46.340,0.0000,58488,0,0.0000,0.0000,0,0,空换,S,0.0000,0.0000,0.0000,0.0000,0.0000,0.0000,0.0000,0.0000,0.0000,0.0000,0,0,0,0,0,0,0,0,0,0
zc,WS305,2012-06-28 08:41:46.323,0.0000,58488,0,0.0000,0.0000,0,0,空换,S,0.0000,0.0000,0.0000,0.0000,0.0000,0.0000,0.0000,0.0000,0.0000,0.0000,0,0,0,0,0,0,0,0,0,0
zc,WS305,2012-06-28 08:42:46.323,0.0000,58488,0,0.0000,0.0000,0,0,空换,S,0.0000,0.0000,0.0000,0.0000,0.0000,0.0000,0.0000,0.0000,0.0000,0.0000,0,0,0,0,0,0,0,0,0,0
zc,WS305,2012-06-28 08:53:46.323,0.0000,58488,0,0.0000,0.0000,0,0,空换,S,0.0000,0.0000,0.0000,0.0000,0.0000,0.0000,0.0000,0.0000,0.0000,0.0000,0,0,0,0,0,0,0,0,0,0
zc,WS305,2012-06-28 08:55:05.057,0.0000,58488,0,0.0000,0.0000,0,0,空换,S,0.0000,0.0000,0.0000,0.0000,0.0000,0.0000,0.0000,0.0000,0.0000,0.0000,0,0,0,0,0,0,0,0,0,0
zc,WS305,2012-06-28 08:56:24.293,0.0000,58488,0,0.0000,0.0000,0,0,空换,S,0.0000,0.0000,0.0000,0.0000,0.0000,0.0000,0.0000,0.0000,0.0000,0.0000,0,0,0,0,0,0,0,0,0,0
zc,WS305,2012-06-28 08:56:36.293,0.0000,58488,0,0.0000,0.0000,0,0,空换,S,0.0000,0.0000,0.0000,0.0000,0.0000,0.0000,0.0000,0.0000,0.0000,0.0000,0,0,0,0,0,0,0,0,0,0
zc,WS305,2012-06-28 08:57:54.293,0.0000,58488,0,0.0000,0.0000,0,0,空换,S,0.0000,0.0000,0.0000,0.0000,0.0000,0.0000,0.0000,0.0000,0.0000,0.0000,0,0,0,0,0,0,0,0,0,0
zc,WS305,2012-06-28 09:00:02.510,2592.0000,58490,2,0.0000,16.0000,9,7,多开,B,2591.0000,0.0000,0.0000,0.0000,0.0000,2592.0000,0.0000,0.0000,0.0000,0.0000,1,0,0,0,0,1,0,0,0,0
zc,WS305,2012-06-28 09:00:03.807,2589.0000,58500,10,0.0000,10.0000,10,0,双开,S,2588.0000,0.0000,0.0000,0.0000,0.0000,2589.0000,0.0000,0.0000,0.0000,0.0000,2,0,0,0,0,2,0,0,0,0
zc,WS305,2012-06-28 09:00:07.497,2589.0000,58500,0,0.0000,0.0000,0,0,空换,S,2588.0000,0.0000,0.0000,0.0000,0.0000,2590.0000,0.0000,0.0000,0.0000,0.0000,2,0,0,0,0,2,0,0,0,0
zc,WS305,2012-06-28 09:00:08.217,2588.0000,58502,2,0.0000,2.0000,2,0,双开,S,2588.0000,0.0000,0.0000,0.0000,0.0000,2590.0000,0.0000,0.0000,0.0000,0.0000,3,0,0,0,0,2,0,0,0,0
zc,WS305,2012-06-28 09:00:12.480,2588.0000,58502,0,0.0000,0.0000,0,0,空换,S,2588.0000,0.0000,0.0000,0.0000,0.0000,2590.0000,0.0000,0.0000,0.0000,0.0000,3,0,0,0,0,3,0,0,0,0
zc,WS305,2012-06-28 09:00:13.200,2588.0000,58502,0,0.0000,0.0000,0,0,空换,S,2588.0000,0.0000,0.0000,0.0000,0.0000,2590.0000,0.0000,0.0000,0.0000,0.0000,4,0,0,0,0,2,0,0,0,0
zc,WS305,2012-06-28 09:00:13.683,2588.0000,58502,0,0.0000,0.0000,0,0,空换,S,2588.0000,0.0000,0.0000,0.0000,0.0000,2590.0000,0.0000,0.0000,0.0000,0.0000,4,0,0,0,0,6,0,0,0,0
zc,WS305,2012-06-28 09:00:14.667,2588.0000,58502,0,0.0000,0.0000,0,0,空换,S,2588.0000,0.0000,0.0000,0.0000,0.0000,2590.0000,0.0000,0.0000,0.0000,0.0000,2,0,0,0,0,2,0,0,0,0
zc,WS305,2012-06-28 09:00:15.230,2588.0000,58502,0,0.0000,0.0000,0,0,空换,S,2588.0000,0.0000,0.0000,0.0000,0.0000,2589.0000,0.0000,0.0000,0.0000,0.0000,2,0,0,0,0,2,0,0,0,0
zc,WS305,2012-06-28 09:00:16.730,2590.0000,58502,0,0.0000,2.0000,1,1,多换,B,2588.0000,0.0000,0.0000,0.0000,0.0000,2590.0000,0.0000,0.0000,0.0000,0.0000,3,0,0,0,0,1,0,0,0,0
zc,WS305,2012-06-28 09:00:17.217,2590.0000,58502,0,0.0000,0.0000,0,0,多换,B,2588.0000,0.0000,0.0000,0.0000,0.0000,2590.0000,0.0000,0.0000,0.0000,0.0000,2,0,0,0,0,1,0,0,0,0
zc,WS305,2012-06-28 09:00:17.997,2590.0000,58502,0,0.0000,0.0000,0,0,多换,B,2588.0000,0.0000,0.0000,0.0000,0.0000,2590.0000,0.0000,0.0000,0.0000,0.0000,3,0,0,0,0,5,0,0,0,0
zc,WS305,2012-06-28 09:00:18.700,2590.0000,58502,0,0.0000,0.0000,0,0,多换,B,2588.0000,0.0000,0.0000,0.0000,0.0000,2590.0000,0.0000,0.0000,0.0000,0.0000,3,0,0,0,0,1,0,0,0,0
zc,WS305,2012-06-28 09:00:19.217,2590.0000,58502,0,0.0000,0.0000,0,0,多换,B,2589.0000,0.0000,0.0000,0.0000,0.0000,2590.0000,0.0000,0.0000,0.0000,0.0000,1,0,0,0,0,1,0,0,0,0
zc,WS305,2012-06-28 09:00:20.497,2590.0000,58506,4,0.0000,18.0000,11,7,多开,B,2588.0000,0.0000,0.0000,0.0000,0.0000,2590.0000,0.0000,0.0000,0.0000,0.0000,2,0,0,0,0,20,0,0,0,0
zc,WS305,2012-06-28 09:00:21.450,2589.0000,58508,2,0.0000,2.0000,2,0,双开,S,2588.0000,0.0000,0.0000,0.0000,0.0000,2590.0000,0.0000,0.0000,0.0000,0.0000,3,0,0,0,0,20,0,0,0,0
zc,WS305,2012-06-28 09:00:22.217,2589.0000,58510,2,0.0000,2.0000,2,0,双开,S,2588.0000,0.0000,0.0000,0.0000,0.0000,2589.0000,0.0000,0.0000,0.0000,0.0000,1,0,0,0,0,14,0,0,0,0
zc,WS305,2012-06-28 09:00:24.433,2589.0000,58510,0,0.0000,0.0000,0,0,空换,S,2588.0000,0.0000,0.0000,0.0000,0.0000,2589.0000,0.0000,0.0000,0.0000,0.0000,1,0,0,0,0,16,0,0,0,0
zc,WS305,2012-06-28 09:00:26.717,2588.0000,58512,2,0.0000,2.0000,2,0,双开,S,2587.0000,0.0000,0.0000,0.0000,0.0000,2589.0000,0.0000,0.0000,0.0000,0.0000,4,0,0,0,0,15,0,0,0,0
zc,WS305,2012-06-28 09:00:27.247,2588.0000,58512,0,0.0000,0.0000,0,0,空换,S,2587.0000,0.0000,0.0000,0.0000,0.0000,2589.0000,0.0000,0.0000,0.0000,0.0000,4,0,0,0,0,19,0,0,0,0
zc,WS305,2012-06-28 09:00:29.230,2588.0000,58512,0,0.0000,0.0000,0,0,空换,S,2587.0000,0.0000,0.0000,0.0000,0.0000,2589.0000,0.0000,0.0000,0.0000,0.0000,4,0,0,0,0,18,0,0,0,0
zc,WS305,2012-06-28 09:00:29.967,2587.0000,58512,0,0.0000,2.0000,1,1,空换,S,2587.0000,0.0000,0.0000,0.0000,0.0000,2589.0000,0.0000,0.0000,0.0000,0.0000,3,0,0,0,0,18,0,0,0,0
zc,WS305,2012-06-28 09:00:31.217,2589.0000,58522,10,0.0000,10.0000,10,0,双开,B,2587.0000,0.0000,0.0000,0.0000,0.0000,2589.0000,0.0000,0.0000,0.0000,0.0000,3,0,0,0,0,13,0,0,0,0
zc,WS305,2012-06-28 09:00:32.730,2589.0000,58522,0,0.0000,0.0000,0,0,多换,B,2587.0000,0.0000,0.0000,0.0000,0.0000,2588.0000,0.0000,0.0000,0.0000,0.0000,1,0,0,0,0,12,0,0,0,0
zc,WS305,2012-06-28 09:00:33.217,2587.0000,58524,2,0.0000,2.0000,2,0,双开,S,2587.0000,0.0000,0.0000,0.0000,0.0000,2588.0000,0.0000,0.0000,0.0000,0.0000,1,0,0,0,0,11,0,0,0,0
zc,WS305,2012-06-28 09:00:34.717,2587.0000,58526,2,0.0000,2.0000,2,0,双开,S,2586.0000,0.0000,0.0000,0.0000,0.0000,2588.0000,0.0000,0.0000,0.0000,0.0000,1,0,0,0,0,10,0,0,0,0
zc,WS305,2012-06-28 09:00:36.480,2587.0000,58526,0,0.0000,0.0000,0,0,空换,S,2586.0000,0.0000,0.0000,0.0000,0.0000,2587.0000,0.0000,0.0000,0.0000,0.0000,1,0,0,0,0,7,0,0,0,0
zc,WS305,2012-06-28 09:00:37.183,2587.0000,58526,0,0.0000,0.0000,0,0,空换,S,2586.0000,0.0000,0.0000,0.0000,0.0000,2587.0000,0.0000,0.0000,0.0000,0.0000,1,0,0,0,0,1,0,0,0,0
zc,WS305,2012-06-28 09:00:38.433,2587.0000,58526,0,0.0000,0.0000,0,0,空换,S,2586.0000,0.0000,0.0000,0.0000,0.0000,2587.0000,0.0000,0.0000,0.0000,0.0000,6,0,0,0,0,1,0,0,0,0
zc,WS305,2012-06-28 09:00:38.997,2587.0000,58526,0,0.0000,0.0000,0,0,空换,S,2586.0000,0.0000,0.0000,0.0000,0.0000,2587.0000,0.0000,0.0000,0.0000,0.0000,4,0,0,0,0,1,0,0,0,0
zc,WS305,2012-06-28 09:00:39.683,2586.0000,58534,8,0.0000,8.0000,8,0,双开,S,2585.0000,0.0000,0.0000,0.0000,0.0000,2587.0000,0.0000,0.0000,0.0000,0.0000,4,0,0,0,0,1,0,0,0,0
zc,WS305,2012-06-28 09:00:40.950,2586.0000,58534,0,0.0000,0.0000,0,0,空换,S,2585.0000,0.0000,0.0000,0.0000,0.0000,2586.0000,0.0000,0.0000,0.0000,0.0000,2,0,0,0,0,6,0,0,0,0
zc,WS305,2012-06-28 09:00:44.683,2586.0000,58542,8,0.0000,8.0000,8,0,双开,S,2585.0000,0.0000,0.0000,0.0000,0.0000,2586.0000,0.0000,0.0000,0.0000,0.0000,2,0,0,0,0,2,0,0,0,0
zc,WS305,2012-06-28 09:00:45.967,2585.0000,58542,0,0.0000,2.0000,1,1,空换,S,2585.0000,0.0000,0.0000,0.0000,0.0000,2586.0000,0.0000,0.0000,0.0000,0.0000,2,0,0,0,0,3,0,0,0,0
zc,WS305,2012-06-28 09:00:46.467,2585.0000,58542,0,0.0000,0.0000,0,0,空换,S,2585.0000,0.0000,0.0000,0.0000,0.0000,2586.0000,0.0000,0.0000,0.0000,0.0000,1,0,0,0,0,3,0,0,0,0
zc,WS305,2012-06-28 09:00:47.667,2584.0000,58540,-2,0.0000,8.0000,3,5,多平,S,2584.0000,0.0000,0.0000,0.0000,0.0000,2586.0000,0.0000,0.0000,0.0000,0.0000,6,0,0,0,0,3,0,0,0,0
zc,WS305,2012-06-28 09:00:48.480,2584.0000,58540,0,0.0000,0.0000,0,0,空换,S,2583.0000,0.0000,0.0000,0.0000,0.0000,2585.0000,0.0000,0.0000,0.0000,0.0000,6,0,0,0,0,2,0,0,0,0
zc,WS305,2012-06-28 09:00:48.887,2584.0000,58540,0,0.0000,0.0000,0,0,空换,S,2583.0000,0.0000,0.0000,0.0000,0.0000,2585.0000,0.0000,0.0000,0.0000,0.0000,7,0,0,0,0,2,0,0,0,0
zc,WS305,2012-06-28 09:00:49.667,2584.0000,58540,0,0.0000,0.0000,0,0,空换,S,2583.0000,0.0000,0.0000,0.0000,0.0000,2585.0000,0.0000,0.0000,0.0000,0.0000,5,0,0,0,0,2,0,0,0,0
zc,WS305,2012-06-28 09:00:50.450,2584.0000,58540,0,0.0000,0.0000,0,0,空换,S,2583.0000,0.0000,0.0000,0.0000,0.0000,2585.0000,0.0000,0.0000,0.0000,0.0000,4,0,0,0,0,2,0,0,0,0
zc,WS305,2012-06-28 09:00:55.717,2584.0000,58540,0,0.0000,0.0000,0,0,空换,S,2583.0000,0.0000,0.0000,0.0000,0.0000,2585.0000,0.0000,0.0000,0.0000,0.0000,9,0,0,0,0,2,0,0,0,0
zc,WS305,2012-06-28 09:00:56.153,2584.0000,58540,0,0.0000,0.0000,0,0,空换,S,2583.0000,0.0000,0.0000,0.0000,0.0000,2584.0000,0.0000,0.0000,0.0000,0.0000,7,0,0,0,0,2,0,0,0,0
zc,WS305,2012-06-28 09:00:56.917,2584.0000,58540,0,0.0000,0.0000,0,0,空换,S,2583.0000,0.0000,0.0000,0.0000,0.0000,2585.0000,0.0000,0.0000,0.0000,0.0000,9,0,0,0,0,2,0,0,0,0
zc,WS305,2012-06-28 09:01:00.450,2585.0000,58540,0,0.0000,2.0000,1,1,多换,B,2583.0000,0.0000,0.0000,0.0000,0.0000,2585.0000,0.0000,0.0000,0.0000,0.0000,9,0,0,0,0,1,0,0,0,0
zc,WS305,2012-06-28 09:01:01.183,2585.0000,58540,0,0.0000,0.0000,0,0,多换,B,2584.0000,0.0000,0.0000,0.0000,0.0000,2586.0000,0.0000,0.0000,0.0000,0.0000,3,0,0,0,0,2,0,0,0,0
zc,WS305,2012-06-28 09:01:01.917,2585.0000,58540,0,0.0000,0.0000,0,0,多换,B,2584.0000,0.0000,0.0000,0.0000,0.0000,2586.0000,0.0000,0.0000,0.0000,0.0000,2,0,0,0,0,2,0,0,0,0
zc,WS305,2012-06-28 09:01:02.403,2585.0000,58540,0,0.0000,0.0000,0,0,多换,B,2584.0000,0.0000,0.0000,0.0000,0.0000,2586.0000,0.0000,0.0000,0.0000,0.0000,5,0,0,0,0,2,0,0,0,0
zc,WS305,2012-06-28 09:01:03.167,2585.0000,58540,0,0.0000,0.0000,0,0,多换,B,2584.0000,0.0000,0.0000,0.0000,0.0000,2586.0000,0.0000,0.0000,0.0000,0.0000,7,0,0,0,0,2,0,0,0,0
zc,WS305,2012-06-28 09:01:06.167,2585.0000,58540,0,0.0000,0.0000,0,0,多换,B,2584.0000,0.0000,0.0000,0.0000,0.0000,2585.0000,0.0000,0.0000,0.0000,0.0000,5,0,0,0,0,1,0,0,0,0
zc,WS305,2012-06-28 09:01:06.683,2585.0000,58540,0,0.0000,0.0000,0,0,多换,B,2584.0000,0.0000,0.0000,0.0000,0.0000,2585.0000,0.0000,0.0000,0.0000,0.0000,5,0,0,0,0,3,0,0,0,0
zc,WS305,2012-06-28 09:01:07.870,2584.0000,58540,0,0.0000,2.0000,1,1,空换,S,2584.0000,0.0000,0.0000,0.0000,0.0000,2585.0000,0.0000,0.0000,0.0000,0.0000,4,0,0,0,0,3,0,0,0,0
zc,WS305,2012-06-28 09:01:09.950,2584.0000,58540,0,0.0000,0.0000,0,0,空换,S,2584.0000,0.0000,0.0000,0.0000,0.0000,2585.0000,0.0000,0.0000,0.0000,0.0000,6,0,0,0,0,2,0,0,0,0
zc,WS305,2012-06-28 09:01:13.433,2584.0000,58540,0,0.0000,0.0000,0,0,空换,S,2584.0000,0.0000,0.0000,0.0000,0.0000,2585.0000,0.0000,0.0000,0.0000,0.0000,11,0,0,0,0,2,0,0,0,0
zc,WS305,2012-06-28 09:01:14.387,2584.0000,58540,0,0.0000,0.0000,0,0,空换,S,2584.0000,0.0000,0.0000,0.0000,0.0000,2585.0000,0.0000,0.0000,0.0000,0.0000,15,0,0,0,0,2,0,0,0,0
zc,WS305,2012-06-28 09:01:15.683,2585.0000,58540,0,0.0000,2.0000,1,1,多换,B,2584.0000,0.0000,0.0000,0.0000,0.0000,2585.0000,0.0000,0.0000,0.0000,0.0000,15,0,0,0,0,1,0,0,0,0
zc,WS305,2012-06-28 09:01:18.950,2585.0000,58538,-2,0.0000,2.0000,0,2,双平,B,2584.0000,0.0000,0.0000,0.0000,0.0000,2586.0000,0.0000,0.0000,0.0000,0.0000,14,0,0,0,0,2,0,0,0,0
zc,WS305,2012-06-28 09:01:21.903,2585.0000,58538,0,0.0000,2.0000,1,1,多换,B,2584.0000,0.0000,0.0000,0.0000,0.0000,2585.0000,0.0000,0.0000,0.0000,0.0000,14,0,0,0,0,2,0,0,0,0
zc,WS305,2012-06-28 09:01:23.637,2585.0000,58534,-4,0.0000,4.0000,0,4,双平,B,2585.0000,0.0000,0.0000,0.0000,0.0000,2586.0000,0.0000,0.0000,0.0000,0.0000,2,0,0,0,0,2,0,0,0,0
zc,WS305,2012-06-28 09:01:24.387,2585.0000,58534,0,0.0000,0.0000,0,0,多换,B,2585.0000,0.0000,0.0000,0.0000,0.0000,2586.0000,0.0000,0.0000,0.0000,0.0000,10,0,0,0,0,2,0,0,0,0
zc,WS305,2012-06-28 09:01:24.870,2586.0000,58536,2,0.0000,2.0000,2,0,双开,B,2585.0000,0.0000,0.0000,0.0000,0.0000,2586.0000,0.0000,0.0000,0.0000,0.0000,10,0,0,0,0,3,0,0,0,0
zc,WS305,2012-06-28 09:01:26.887,2585.0000,58538,2,0.0000,6.0000,4,2,空开,S,2585.0000,0.0000,0.0000,0.0000,0.0000,2586.0000,0.0000,0.0000,0.0000,0.0000,7,0,0,0,0,2,0,0,0,0
zc,WS305,2012-06-28 09:01:28.200,2585.0000,58540,2,0.0000,2.0000,2,0,双开,S,2585.0000,0.0000,0.0000,0.0000,0.0000,2586.0000,0.0000,0.0000,0.0000,0.0000,7,0,0,0,0,3,0,0,0,0
zc,WS305,2012-06-28 09:01:29.403,2585.0000,58548,8,0.0000,8.0000,8,0,双开,S,2585.0000,0.0000,0.0000,0.0000,0.0000,2586.0000,0.0000,0.0000,0.0000,0.0000,3,0,0,0,0,3,0,0,0,0
zc,WS305,2012-06-28 09:01:29.683,2585.0000,58552,4,0.0000,6.0000,5,1,空开,S,2584.0000,0.0000,0.0000,0.0000,0.0000,2586.0000,0.0000,0.0000,0.0000,0.0000,10,0,0,0,0,50,0,0,0,0
zc,WS305,2012-06-28 09:01:30.903,2585.0000,58552,0,0.0000,0.0000,0,0,空换,S,2585.0000,0.0000,0.0000,0.0000,0.0000,2586.0000,0.0000,0.0000,0.0000,0.0000,6,0,0,0,0,50,0,0,0,0
zc,WS305,2012-06-28 09:01:31.683,2585.0000,58564,12,0.0000,12.0000,12,0,双开,S,2584.0000,0.0000,0.0000,0.0000,0.0000,2586.0000,0.0000,0.0000,0.0000,0.0000,10,0,0,0,0,44,0,0,0,0
zc,WS305,2012-06-28 09:01:34.370,2586.0000,58584,20,0.0000,20.0000,20,0,双开,B,2584.0000,0.0000,0.0000,0.0000,0.0000,2586.0000,0.0000,0.0000,0.0000,0.0000,10,0,0,0,0,34,0,0,0,0
zc,WS305,2012-06-28 09:01:36.933,2586.0000,58584,0,0.0000,0.0000,0,0,多换,B,2584.0000,0.0000,0.0000,0.0000,0.0000,2585.0000,0.0000,0.0000,0.0000,0.0000,9,0,0,0,0,33,0,0,0,0
zc,WS305,2012-06-28 09:01:39.903,2584.0000,58586,2,0.0000,2.0000,2,0,双开,S,2584.0000,0.0000,0.0000,0.0000,0.0000,2585.0000,0.0000,0.0000,0.0000,0.0000,8,0,0,0,0,33,0,0,0,0
zc,WS305,2012-06-28 09:01:43.370,2584.0000,58586,0,0.0000,0.0000,0,0,空换,S,2584.0000,0.0000,0.0000,0.0000,0.0000,2585.0000,0.0000,0.0000,0.0000,0.0000,9,0,0,0,0,33,0,0,0,0
zc,WS305,2012-06-28 09:01:45.667,2584.0000,58606,20,0.0000,20.0000,20,0,双开,S,2583.0000,0.0000,0.0000,0.0000,0.0000,2584.0000,0.0000,0.0000,0.0000,0.0000,3,0,0,0,0,23,0,0,0,0
zc,WS305,2012-06-28 09:01:46.857,2584.0000,58606,0,0.0000,0.0000,0,0,空换,S,2584.0000,0.0000,0.0000,0.0000,0.0000,2585.0000,0.0000,0.0000,0.0000,0.0000,4,0,0,0,0,23,0,0,0,0
zc,WS305,2012-06-28 09:01:50.217,2585.0000,58652,46,0.0000,50.0000,48,2,多开,B,2585.0000,0.0000,0.0000,0.0000,0.0000,2586.0000,0.0000,0.0000,0.0000,0.0000,68,0,0,0,0,4,0,0,0,0
zc,WS305,2012-06-28 09:01:54.637,2585.0000,58652,0,0.0000,0.0000,0,0,多换,B,2585.0000,0.0000,0.0000,0.0000,0.0000,2586.0000,0.0000,0.0000,0.0000,0.0000,68,0,0,0,0,3,0,0,0,0
zc,WS305,2012-06-28 09:01:58.620,2585.0000,58652,0,0.0000,0.0000,0,0,多换,B,2585.0000,0.0000,0.0000,0.0000,0.0000,2586.0000,0.0000,0.0000,0.0000,0.0000,68,0,0,0,0,4,0,0,0,0
zc,WS305,2012-06-28 09:02:06.137,2585.0000,58652,0,0.0000,0.0000,0,0,多换,B,2585.0000,0.0000,0.0000,0.0000,0.0000,2586.0000,0.0000,0.0000,0.0000,0.0000,68,0,0,0,0,5,0,0,0,0
zc,WS305,2012-06-28 09:02:09.120,2585.0000,58656,4,0.0000,44.0000,24,20,多开,B,2585.0000,0.0000,0.0000,0.0000,0.0000,2586.0000,0.0000,0.0000,0.0000,0.0000,66,0,0,0,0,5,0,0,0,0
zc,WS305,2012-06-28 09:02:10.153,2585.0000,58658,2,0.0000,2.0000,2,0,双开,B,2585.0000,0.0000,0.0000,0.0000,0.0000,2586.0000,0.0000,0.0000,0.0000,0.0000,65,0,0,0,0,4,0,0,0,0
zc,WS305,2012-06-28 09:02:11.497,2585.0000,58660,2,0.0000,2.0000,2,0,双开,B,2585.0000,0.0000,0.0000,0.0000,0.0000,2586.0000,0.0000,0.0000,0.0000,0.0000,64,0,0,0,0,13,0,0,0,0
zc,WS305,2012-06-28 09:02:11.637,2585.0000,58662,2,0.0000,2.0000,2,0,双开,B,2585.0000,0.0000,0.0000,0.0000,0.0000,2586.0000,0.0000,0.0000,0.0000,0.0000,63,0,0,0,0,12,0,0,0,0
zc,WS305,2012-06-28 09:02:12.417,2585.0000,58666,4,0.0000,4.0000,4,0,双开,B,2585.0000,0.0000,0.0000,0.0000,0.0000,2586.0000,0.0000,0.0000,0.0000,0.0000,61,0,0,0,0,10,0,0,0,0
zc,WS305,2012-06-28 09:02:14.340,2585.0000,58684,18,0.0000,18.0000,18,0,双开,B,2585.0000,0.0000,0.0000,0.0000,0.0000,2586.0000,0.0000,0.0000,0.0000,0.0000,52,0,0,0,0,6,0,0,0,0
zc,WS305,2012-06-28 09:02:14.870,2585.0000,58768,84,0.0000,84.0000,84,0,双开,B,2585.0000,0.0000,0.0000,0.0000,0.0000,2586.0000,0.0000,0.0000,0.0000,0.0000,11,0,0,0,0,3,0,0,0,0
zc,WS305,2012-06-28 09:02:16.573,2585.0000,58770,2,0.0000,2.0000,2,0,双开,B,2585.0000,0.0000,0.0000,0.0000,0.0000,2586.0000,0.0000,0.0000,0.0000,0.0000,10,0,0,0,0,3,0,0,0,0
zc,WS305,2012-06-28 09:02:17.870,2585.0000,58770,0,0.0000,0.0000,0,0,多换,B,2585.0000,0.0000,0.0000,0.0000,0.0000,2586.0000,0.0000,0.0000,0.0000,0.0000,15,0,0,0,0,3,0,0,0,0
zc,WS305,2012-06-28 09:02:20.480,2585.0000,58770,0,0.0000,0.0000,0,0,多换,B,2585.0000,0.0000,0.0000,0.0000,0.0000,2586.0000,0.0000,0.0000,0.0000,0.0000,15,0,0,0,0,2,0,0,0,0
zc,WS305,2012-06-28 09:02:22.167,2585.0000,58770,0,0.0000,0.0000,0,0,多换,B,2585.0000,0.0000,0.0000,0.0000,0.0000,2586.0000,0.0000,0.0000,0.0000,0.0000,16,0,0,0,0,2,0,0,0,0
zc,WS305,2012-06-28 09:02:27.857,2585.0000,58770,0,0.0000,2.0000,1,1,多换,B,2585.0000,0.0000,0.0000,0.0000,0.0000,2586.0000,0.0000,0.0000,0.0000,0.0000,15,0,0,0,0,2,0,0,0,0
zc,WS305,2012-06-28 09:02:30.590,2585.0000,58770,0,0.0000,0.0000,0,0,多换,B,2585.0000,0.0000,0.0000,0.0000,0.0000,2586.0000,0.0000,0.0000,0.0000,0.0000,15,0,0,0,0,12,0,0,0,0
zc,WS305,2012-06-28 09:02:31.403,2585.0000,58770,0,0.0000,0.0000,0,0,多换,B,2585.0000,0.0000,0.0000,0.0000,0.0000,2586.0000,0.0000,0.0000,0.0000,0.0000,16,0,0,0,0,12,0,0,0,0
zc,WS305,2012-06-28 09:02:32.433,2585.0000,58770,0,0.0000,0.0000,0,0,多换,B,2585.0000,0.0000,0.0000,0.0000,0.0000,2586.0000,0.0000,0.0000,0.0000,0.0000,16,0,0,0,0,2,0,0,0,0
zc,WS305,2012-06-28 09:02:33.667,2586.0000,58768,-2,0.0000,2.0000,0,2,双平,B,2585.0000,0.0000,0.0000,0.0000,0.0000,2586.0000,0.0000,0.0000,0.0000,0.0000,16,0,0,0,0,1,0,0,0,0
zc,WS305,2012-06-28 09:02:34.153,2586.0000,58768,0,0.0000,0.0000,0,0,多换,B,2585.0000,0.0000,0.0000,0.0000,0.0000,2586.0000,0.0000,0.0000,0.0000,0.0000,15,0,0,0,0,1,0,0,0,0
zc,WS305,2012-06-28 09:02:36.667,2586.0000,58770,2,0.0000,2.0000,2,0,双开,B,2585.0000,0.0000,0.0000,0.0000,0.0000,2587.0000,0.0000,0.0000,0.0000,0.0000,15,0,0,0,0,13,0,0,0,0
zc,WS305,2012-06-28 09:02:37.200,2586.0000,58770,0,0.0000,0.0000,0,0,多换,B,2585.0000,0.0000,0.0000,0.0000,0.0000,2587.0000,0.0000,0.0000,0.0000,0.0000,15,0,0,0,0,12,0,0,0,0
zc,WS305,2012-06-28 09:02:37.967,2586.0000,58770,0,0.0000,0.0000,0,0,多换,B,2585.0000,0.0000,0.0000,0.0000,0.0000,2587.0000,0.0000,0.0000,0.0000,0.0000,15,0,0,0,0,11,0,0,0,0
zc,WS305,2012-06-28 09:02:38.433,2586.0000,58770,0,0.0000,0.0000,0,0,多换,B,2585.0000,0.0000,0.0000,0.0000,0.0000,2586.0000,0.0000,0.0000,0.0000,0.0000,15,0,0,0,0,10,0,0,0,0
zc,WS305,2012-06-28 09:02:45.870,2586.0000,58770,0,0.0000,0.0000,0,0,多换,B,2585.0000,0.0000,0.0000,0.0000,0.0000,2586.0000,0.0000,0.0000,0.0000,0.0000,20,0,0,0,0,10,0,0,0,0
zc,WS305,2012-06-28 09:02:47.887,2585.0000,58790,20,0.0000,20.0000,20,0,双开,S,2585.0000,0.0000,0.0000,0.0000,0.0000,2586.0000,0.0000,0.0000,0.0000,0.0000,10,0,0,0,0,1,0,0,0,0
zc,WS305,2012-06-28 09:02:48.417,2586.0000,58790,0,0.0000,20.0000,10,10,多换,B,2585.0000,0.0000,0.0000,0.0000,0.0000,2587.0000,0.0000,0.0000,0.0000,0.0000,10,0,0,0,0,5,0,0,0,0
zc,WS305,2012-06-28 09:02:48.950,2586.0000,58790,0,0.0000,0.0000,0,0,多换,B,2585.0000,0.0000,0.0000,0.0000,0.0000,2587.0000,0.0000,0.0000,0.0000,0.0000,10,0,0,0,0,6,0,0,0,0
zc,WS305,2012-06-28 09:02:49.620,2586.0000,58790,0,0.0000,0.0000,0,0,多换,B,2585.0000,0.0000,0.0000,0.0000,0.0000,2587.0000,0.0000,0.0000,0.0000,0.0000,10,0,0,0,0,7,0,0,0,0
zc,WS305,2012-06-28 09:02:50.620,2586.0000,58790,0,0.0000,0.0000,0,0,多换,B,2585.0000,0.0000,0.0000,0.0000,0.0000,2587.0000,0.0000,0.0000,0.0000,0.0000,10,0,0,0,0,8,0,0,0,0
zc,WS305,2012-06-28 09:02:51.107,2586.0000,58790,0,0.0000,0.0000,0,0,多换,B,2585.0000,0.0000,0.0000,0.0000,0.0000,2587.0000,0.0000,0.0000,0.0000,0.0000,14,0,0,0,0,8,0,0,0,0
zc,WS305,2012-06-28 09:02:51.653,2586.0000,58790,0,0.0000,0.0000,0,0,多换,B,2585.0000,0.0000,0.0000,0.0000,0.0000,2587.0000,0.0000,0.0000,0.0000,0.0000,14,0,0,0,0,7,0,0,0,0
zc,WS305,2012-06-28 09:02:52.903,2586.0000,58790,0,0.0000,0.0000,0,0,多换,B,2585.0000,0.0000,0.0000,0.0000,0.0000,2587.0000,0.0000,0.0000,0.0000,0.0000,14,0,0,0,0,6,0,0,0,0
zc,WS305,2012-06-28 09:02:54.637,2586.0000,58790,0,0.0000,0.0000,0,0,多换,B,2585.0000,0.0000,0.0000,0.0000,0.0000,2587.0000,0.0000,0.0000,0.0000,0.0000,14,0,0,0,0,5,0,0,0,0
zc,WS305,2012-06-28 09:02:55.637,2587.0000,58790,0,0.0000,6.0000,3,3,多换,B,2585.0000,0.0000,0.0000,0.0000,0.0000,2587.0000,0.0000,0.0000,0.0000,0.0000,14,0,0,0,0,84,0,0,0,0
zc,WS305,2012-06-28 09:02:57.403,2587.0000,58790,0,0.0000,0.0000,0,0,多换,B,2585.0000,0.0000,0.0000,0.0000,0.0000,2586.0000,0.0000,0.0000,0.0000,0.0000,14,0,0,0,0,79,0,0,0,0
zc,WS305,2012-06-28 09:03:02.903,2585.0000,58796,6,0.0000,6.0000,6,0,双开,S,2585.0000,0.0000,0.0000,0.0000,0.0000,2586.0000,0.0000,0.0000,0.0000,0.0000,11,0,0,0,0,79,0,0,0,0
zc,WS305,2012-06-28 09:03:03.387,2585.0000,58798,2,0.0000,2.0000,2,0,双开,S,2585.0000,0.0000,0.0000,0.0000,0.0000,2586.0000,0.0000,0.0000,0.0000,0.0000,10,0,0,0,0,79,0,0,0,0
zc,WS305,2012-06-28 09:03:04.637,2585.0000,58802,4,0.0000,4.0000,4,0,双开,S,2585.0000,0.0000,0.0000,0.0000,0.0000,2586.0000,0.0000,0.0000,0.0000,0.0000,8,0,0,0,0,79,0,0,0,0
zc,WS305,2012-06-28 09:03:10.620,2585.0000,58802,0,0.0000,2.0000,1,1,空换,S,2585.0000,0.0000,0.0000,0.0000,0.0000,2586.0000,0.0000,0.0000,0.0000,0.0000,7,0,0,0,0,79,0,0,0,0
zc,WS305,2012-06-28 09:03:11.387,2585.0000,58802,0,0.0000,0.0000,0,0,空换,S,2585.0000,0.0000,0.0000,0.0000,0.0000,2586.0000,0.0000,0.0000,0.0000,0.0000,7,0,0,0,0,80,0,0,0,0
zc,WS305,2012-06-28 09:03:12.653,2587.0000,58802,0,0.0000,2.0000,1,1,多换,B,2585.0000,0.0000,0.0000,0.0000,0.0000,2586.0000,0.0000,0.0000,0.0000,0.0000,7,0,0,0,0,80,0,0,0,0
zc,WS305,2012-06-28 09:03:14.403,2587.0000,58802,0,0.0000,0.0000,0,0,多换,B,2585.0000,0.0000,0.0000,0.0000,0.0000,2586.0000,0.0000,0.0000,0.0000,0.0000,7,0,0,0,0,82,0,0,0,0
zc,WS305,2012-06-28 09:03:14.917,2587.0000,58802,0,0.0000,0.0000,0,0,多换,B,2585.0000,0.0000,0.0000,0.0000,0.0000,2586.0000,0.0000,0.0000,0.0000,0.0000,7,0,0,0,0,81,0,0,0,0
zc,WS305,2012-06-28 09:03:15.653,2585.0000,58816,14,0.0000,14.0000,14,0,双开,S,2583.0000,0.0000,0.0000,0.0000,0.0000,2585.0000,0.0000,0.0000,0.0000,0.0000,13,0,0,0,0,3,0,0,0,0
zc,WS305,2012-06-28 09:03:17.417,2585.0000,58816,0,0.0000,0.0000,0,0,空换,S,2583.0000,0.0000,0.0000,0.0000,0.0000,2585.0000,0.0000,0.0000,0.0000,0.0000,13,0,0,0,0,19,0,0,0,0
zc,WS305,2012-06-28 09:03:17.870,2585.0000,58816,0,0.0000,0.0000,0,0,空换,S,2583.0000,0.0000,0.0000,0.0000,0.0000,2585.0000,0.0000,0.0000,0.0000,0.0000,13,0,0,0,0,20,0,0,0,0
zc,WS305,2012-06-28 09:03:19.870,2583.0000,58822,6,0.0000,6.0000,6,0,双开,S,2582.0000,0.0000,0.0000,0.0000,0.0000,2585.0000,0.0000,0.0000,0.0000,0.0000,13,0,0,0,0,26,0,0,0,0
zc,WS305,2012-06-28 09:03:20.153,2583.0000,58822,0,0.0000,0.0000,0,0,空换,S,2582.0000,0.0000,0.0000,0.0000,0.0000,2585.0000,0.0000,0.0000,0.0000,0.0000,13,0,0,0,0,35,0,0,0,0
zc,WS305,2012-06-28 09:03:20.870,2583.0000,58822,0,0.0000,0.0000,0,0,空换,S,2582.0000,0.0000,0.0000,0.0000,0.0000,2585.0000,0.0000,0.0000,0.0000,0.0000,13,0,0,0,0,84,0,0,0,0
zc,WS305,2012-06-28 09:03:21.370,2582.0000,58822,0,0.0000,2.0000,1,1,空换,S,2582.0000,0.0000,0.0000,0.0000,0.0000,2585.0000,0.0000,0.0000,0.0000,0.0000,12,0,0,0,0,83,0,0,0,0
zc,WS305,2012-06-28 09:03:22.090,2582.0000,58824,2,0.0000,2.0000,2,0,双开,S,2582.0000,0.0000,0.0000,0.0000,0.0000,2584.0000,0.0000,0.0000,0.0000,0.0000,11,0,0,0,0,16,0,0,0,0
zc,WS305,2012-06-28 09:03:23.887,2582.0000,58824,0,0.0000,0.0000,0,0,空换,S,2583.0000,0.0000,0.0000,0.0000,0.0000,2584.0000,0.0000,0.0000,0.0000,0.0000,1,0,0,0,0,16,0,0,0,0
zc,WS305,2012-06-28 09:03:25.637,2582.0000,58824,0,0.0000,0.0000,0,0,空换,S,2583.0000,0.0000,0.0000,0.0000,0.0000,2584.0000,0.0000,0.0000,0.0000,0.0000,1,0,0,0,0,27,0,0,0,0
zc,WS305,2012-06-28 09:03:26.340,2582.0000,58824,0,0.0000,0.0000,0,0,空换,S,2583.0000,0.0000,0.0000,0.0000,0.0000,2584.0000,0.0000,0.0000,0.0000,0.0000,1,0,0,0,0,31,0,0,0,0
zc,WS305,2012-06-28 09:03:26.667,2582.0000,58824,0,0.0000,0.0000,0,0,空换,S,2583.0000,0.0000,0.0000,0.0000,0.0000,2584.0000,0.0000,0.0000,0.0000,0.0000,1,0,0,0,0,95,0,0,0,0
zc,WS305,2012-06-28 09:03:27.370,2583.0000,58824,0,0.0000,2.0000,1,1,多换,B,2582.0000,0.0000,0.0000,0.0000,0.0000,2584.0000,0.0000,0.0000,0.0000,0.0000,1,0,0,0,0,94,0,0,0,0
zc,WS305,2012-06-28 09:03:27.903,2583.0000,58824,0,0.0000,0.0000,0,0,多换,B,2582.0000,0.0000,0.0000,0.0000,0.0000,2583.0000,0.0000,0.0000,0.0000,0.0000,1,0,0,0,0,1,0,0,0,0
zc,WS305,2012-06-28 09:03:28.653,2581.0000,58824,0,0.0000,10.0000,5,5,空换,S,2581.0000,0.0000,0.0000,0.0000,0.0000,2583.0000,0.0000,0.0000,0.0000,0.0000,21,0,0,0,0,23,0,0,0,0
zc,WS305,2012-06-28 09:03:29.090,2581.0000,58824,0,0.0000,0.0000,0,0,空换,S,2581.0000,0.0000,0.0000,0.0000,0.0000,2583.0000,0.0000,0.0000,0.0000,0.0000,21,0,0,0,0,62,0,0,0,0
zc,WS305,2012-06-28 09:03:29.917,2581.0000,58824,0,0.0000,0.0000,0,0,空换,S,2581.0000,0.0000,0.0000,0.0000,0.0000,2583.0000,0.0000,0.0000,0.0000,0.0000,21,0,0,0,0,64,0,0,0,0
zc,WS305,2012-06-28 09:03:30.467,2581.0000,58824,0,0.0000,0.0000,0,0,空换,S,2581.0000,0.0000,0.0000,0.0000,0.0000,2583.0000,0.0000,0.0000,0.0000,0.0000,21,0,0,0,0,68,0,0,0,0
zc,WS305,2012-06-28 09:03:31.120,2581.0000,58824,0,0.0000,0.0000,0,0,空换,S,2581.0000,0.0000,0.0000,0.0000,0.0000,2582.0000,0.0000,0.0000,0.0000,0.0000,21,0,0,0,0,16,0,0,0,0
zc,WS305,2012-06-28 09:03:32.967,2581.0000,58824,0,0.0000,10.0000,5,5,空换,S,2581.0000,0.0000,0.0000,0.0000,0.0000,2582.0000,0.0000,0.0000,0.0000,0.0000,16,0,0,0,0,45,0,0,0,0
zc,WS305,2012-06-28 09:03:33.387,2581.0000,58834,10,0.0000,10.0000,10,0,双开,S,2581.0000,0.0000,0.0000,0.0000,0.0000,2582.0000,0.0000,0.0000,0.0000,0.0000,11,0,0,0,0,60,0,0,0,0
zc,WS305,2012-06-28 09:03:34.120,2581.0000,58840,6,0.0000,6.0000,6,0,双开,S,2581.0000,0.0000,0.0000,0.0000,0.0000,2582.0000,0.0000,0.0000,0.0000,0.0000,8,0,0,0,0,77,0,0,0,0
zc,WS305,2012-06-28 09:03:34.607,2581.0000,58856,16,0.0000,16.0000,16,0,双开,S,2580.0000,0.0000,0.0000,0.0000,0.0000,2581.0000,0.0000,0.0000,0.0000,0.0000,10,0,0,0,0,3,0,0,0,0
zc,WS305,2012-06-28 09:03:35.137,2581.0000,58856,0,0.0000,0.0000,0,0,空换,S,2580.0000,0.0000,0.0000,0.0000,0.0000,2581.0000,0.0000,0.0000,0.0000,0.0000,10,0,0,0,0,22,0,0,0,0
zc,WS305,2012-06-28 09:03:35.637,2580.0000,58876,20,0.0000,20.0000,20,0,双开,S,2579.0000,0.0000,0.0000,0.0000,0.0000,2581.0000,0.0000,0.0000,0.0000,0.0000,15,0,0,0,0,35,0,0,0,0
zc,WS305,2012-06-28 09:03:36.417,2580.0000,58876,0,0.0000,0.0000,0,0,空换,S,2579.0000,0.0000,0.0000,0.0000,0.0000,2581.0000,0.0000,0.0000,0.0000,0.0000,15,0,0,0,0,62,0,0,0,0
zc,WS305,2012-06-28 09:03:36.887,2579.0000,58876,0,0.0000,2.0000,1,1,空换,S,2579.0000,0.0000,0.0000,0.0000,0.0000,2581.0000,0.0000,0.0000,0.0000,0.0000,14,0,0,0,0,42,0,0,0,0
zc,WS305,2012-06-28 09:03:37.653,2579.0000,58876,0,0.0000,0.0000,0,0,空换,S,2579.0000,0.0000,0.0000,0.0000,0.0000,2581.0000,0.0000,0.0000,0.0000,0.0000,14,0,0,0,0,28,0,0,0,0
zc,WS305,2012-06-28 09:03:38.450,2579.0000,58876,0,0.0000,0.0000,0,0,空换,S,2579.0000,0.0000,0.0000,0.0000,0.0000,2581.0000,0.0000,0.0000,0.0000,0.0000,14,0,0,0,0,30,0,0,0,0
zc,WS305,2012-06-28 09:03:38.637,2579.0000,58876,0,0.0000,0.0000,0,0,空换,S,2579.0000,0.0000,0.0000,0.0000,0.0000,2581.0000,0.0000,0.0000,0.0000,0.0000,14,0,0,0,0,40,0,0,0,0
zc,WS305,2012-06-28 09:03:40.183,2579.0000,58876,0,0.0000,0.0000,0,0,空换,S,2579.0000,0.0000,0.0000,0.0000,0.0000,2581.0000,0.0000,0.0000,0.0000,0.0000,14,0,0,0,0,28,0,0,0,0
zc,WS305,2012-06-28 09:03:40.917,2579.0000,58878,2,0.0000,2.0000,2,0,双开,S,2579.0000,0.0000,0.0000,0.0000,0.0000,2580.0000,0.0000,0.0000,0.0000,0.0000,13,0,0,0,0,13,0,0,0,0
zc,WS305,2012-06-28 09:03:41.403,2579.0000,58878,0,0.0000,0.0000,0,0,空换,S,2579.0000,0.0000,0.0000,0.0000,0.0000,2580.0000,0.0000,0.0000,0.0000,0.0000,13,0,0,0,0,24,0,0,0,0
zc,WS305,2012-06-28 09:03:42.230,2579.0000,58880,2,0.0000,26.0000,14,12,空开,S,2578.0000,0.0000,0.0000,0.0000,0.0000,2580.0000,0.0000,0.0000,0.0000,0.0000,10,0,0,0,0,51,0,0,0,0
zc,WS305,2012-06-28 09:03:42.653,2580.0000,58880,0,0.0000,2.0000,1,1,多换,B,2578.0000,0.0000,0.0000,0.0000,0.0000,2581.0000,0.0000,0.0000,0.0000,0.0000,20,0,0,0,0,46,0,0,0,0
zc,WS305,2012-06-28 09:03:43.153,2580.0000,58880,0,0.0000,0.0000,0,0,多换,B,2578.0000,0.0000,0.0000,0.0000,0.0000,2579.0000,0.0000,0.0000,0.0000,0.0000,20,0,0,0,0,15,0,0,0,0
zc,WS305,2012-06-28 09:03:44.417,2578.0000,58882,2,0.0000,2.0000,2,0,双开,S,2578.0000,0.0000,0.0000,0.0000,0.0000,2579.0000,0.0000,0.0000,0.0000,0.0000,9,0,0,0,0,15,0,0,0,0
zc,WS305,2012-06-28 09:03:44.903,2578.0000,58882,0,0.0000,0.0000,0,0,空换,S,2578.0000,0.0000,0.0000,0.0000,0.0000,2579.0000,0.0000,0.0000,0.0000,0.0000,19,0,0,0,0,15,0,0,0,0
zc,WS305,2012-06-28 09:03:45.683,2579.0000,58884,2,0.0000,2.0000,2,0,双开,B,2578.0000,0.0000,0.0000,0.0000,0.0000,2579.0000,0.0000,0.0000,0.0000,0.0000,14,0,0,0,0,14,0,0,0,0
zc,WS305,2012-06-28 09:03:46.887,2579.0000,58884,0,0.0000,0.0000,0,0,多换,B,2578.0000,0.0000,0.0000,0.0000,0.0000,2579.0000,0.0000,0.0000,0.0000,0.0000,10,0,0,0,0,15,0,0,0,0
zc,WS305,2012-06-28 09:03:47.387,2579.0000,58884,0,0.0000,0.0000,0,0,多换,B,2578.0000,0.0000,0.0000,0.0000,0.0000,2579.0000,0.0000,0.0000,0.0000,0.0000,9,0,0,0,0,15,0,0,0,0
zc,WS305,2012-06-28 09:03:47.887,2579.0000,58884,0,0.0000,0.0000,0,0,多换,B,2578.0000,0.0000,0.0000,0.0000,0.0000,2579.0000,0.0000,0.0000,0.0000,0.0000,10,0,0,0,0,15,0,0,0,0
zc,WS305,2012-06-28 09:03:48.683,2579.0000,58884,0,0.0000,0.0000,0,0,多换,B,2578.0000,0.0000,0.0000,0.0000,0.0000,2579.0000,0.0000,0.0000,0.0000,0.0000,9,0,0,0,0,15,0,0,0,0
zc,WS305,2012-06-28 09:03:49.200,2579.0000,58884,0,0.0000,0.0000,0,0,多换,B,2578.0000,0.0000,0.0000,0.0000,0.0000,2579.0000,0.0000,0.0000,0.0000,0.0000,10,0,0,0,0,12,0,0,0,0
zc,WS305,2012-06-28 09:03:49.903,2578.0000,58890,6,0.0000,6.0000,6,0,双开,S,2578.0000,0.0000,0.0000,0.0000,0.0000,2579.0000,0.0000,0.0000,0.0000,0.0000,7,0,0,0,0,12,0,0,0,0
zc,WS305,2012-06-28 09:03:51.137,2578.0000,58890,0,0.0000,0.0000,0,0,空换,S,2578.0000,0.0000,0.0000,0.0000,0.0000,2579.0000,0.0000,0.0000,0.0000,0.0000,8,0,0,0,0,12,0,0,0,0
zc,WS305,2012-06-28 09:03:53.403,2578.0000,58890,0,0.0000,0.0000,0,0,空换,S,2578.0000,0.0000,0.0000,0.0000,0.0000,2579.0000,0.0000,0.0000,0.0000,0.0000,6,0,0,0,0,12,0,0,0,0
zc,WS305,2012-06-28 09:03:55.403,2579.0000,58890,0,0.0000,20.0000,10,10,多换,B,2578.0000,0.0000,0.0000,0.0000,0.0000,2579.0000,0.0000,0.0000,0.0000,0.0000,6,0,0,0,0,2,0,0,0,0
zc,WS305,2012-06-28 09:03:56.370,2579.0000,58890,0,0.0000,2.0000,1,1,多换,B,2578.0000,0.0000,0.0000,0.0000,0.0000,2579.0000,0.0000,0.0000,0.0000,0.0000,7,0,0,0,0,1,0,0,0,0
zc,WS305,2012-06-28 09:03:56.903,2579.0000,58890,0,0.0000,0.0000,0,0,多换,B,2578.0000,0.0000,0.0000,0.0000,0.0000,2579.0000,0.0000,0.0000,0.0000,0.0000,8,0,0,0,0,2,0,0,0,0
zc,WS305,2012-06-28 09:03:58.153,2579.0000,58890,0,0.0000,0.0000,0,0,多换,B,2578.0000,0.0000,0.0000,0.0000,0.0000,2579.0000,0.0000,0.0000,0.0000,0.0000,9,0,0,0,0,2,0,0,0,0
zc,WS305,2012-06-28 09:03:58.653,2579.0000,58890,0,0.0000,2.0000,1,1,多换,B,2578.0000,0.0000,0.0000,0.0000,0.0000,2579.0000,0.0000,0.0000,0.0000,0.0000,9,0,0,0,0,6,0,0,0,0
zc,WS305,2012-06-28 09:03:59.403,2579.0000,58890,0,0.0000,0.0000,0,0,多换,B,2578.0000,0.0000,0.0000,0.0000,0.0000,2579.0000,0.0000,0.0000,0.0000,0.0000,7,0,0,0,0,6,0,0,0,0
zc,WS305,2012-06-28 09:04:02.387,2579.0000,58890,0,0.0000,0.0000,0,0,多换,B,2578.0000,0.0000,0.0000,0.0000,0.0000,2579.0000,0.0000,0.0000,0.0000,0.0000,7,0,0,0,0,51,0,0,0,0
zc,WS305,2012-06-28 09:04:03.183,2579.0000,58890,0,0.0000,0.0000,0,0,多换,B,2578.0000,0.0000,0.0000,0.0000,0.0000,2579.0000,0.0000,0.0000,0.0000,0.0000,11,0,0,0,0,57,0,0,0,0
zc,WS305,2012-06-28 09:04:05.387,2579.0000,58890,0,0.0000,0.0000,0,0,多换,B,2578.0000,0.0000,0.0000,0.0000,0.0000,2579.0000,0.0000,0.0000,0.0000,0.0000,10,0,0,0,0,57,0,0,0,0
zc,WS305,2012-06-28 09:04:05.870,2578.0000,58908,18,0.0000,20.0000,19,1,空开,S,2577.0000,0.0000,0.0000,0.0000,0.0000,2579.0000,0.0000,0.0000,0.0000,0.0000,9,0,0,0,0,49,0,0,0,0
zc,WS305,2012-06-28 09:04:06.653,2578.0000,58914,6,0.0000,6.0000,6,0,双开,S,2577.0000,0.0000,0.0000,0.0000,0.0000,2579.0000,0.0000,0.0000,0.0000,0.0000,9,0,0,0,0,46,0,0,0,0
zc,WS305,2012-06-28 09:04:07.120,2577.0000,58914,0,0.0000,10.0000,5,5,空换,S,2577.0000,0.0000,0.0000,0.0000,0.0000,2579.0000,0.0000,0.0000,0.0000,0.0000,2,0,0,0,0,46,0,0,0,0
zc,WS305,2012-06-28 09:04:07.653,2577.0000,58914,0,0.0000,0.0000,0,0,空换,S,2577.0000,0.0000,0.0000,0.0000,0.0000,2578.0000,0.0000,0.0000,0.0000,0.0000,2,0,0,0,0,1,0,0,0,0
zc,WS305,2012-06-28 09:04:09.620,2577.0000,58914,0,0.0000,0.0000,0,0,空换,S,2577.0000,0.0000,0.0000,0.0000,0.0000,2578.0000,0.0000,0.0000,0.0000,0.0000,4,0,0,0,0,1,0,0,0,0
zc,WS305,2012-06-28 09:04:10.637,2577.0000,58914,0,0.0000,0.0000,0,0,空换,S,2577.0000,0.0000,0.0000,0.0000,0.0000,2578.0000,0.0000,0.0000,0.0000,0.0000,7,0,0,0,0,1,0,0,0,0
zc,WS305,2012-06-28 09:04:11.120,2577.0000,58914,0,0.0000,0.0000,0,0,空换,S,2577.0000,0.0000,0.0000,0.0000,0.0000,2578.0000,0.0000,0.0000,0.0000,0.0000,14,0,0,0,0,1,0,0,0,0
zc,WS305,2012-06-28 09:04:11.903,2578.0000,58914,0,0.0000,2.0000,1,1,多换,B,2577.0000,0.0000,0.0000,0.0000,0.0000,2579.0000,0.0000,0.0000,0.0000,0.0000,13,0,0,0,0,7,0,0,0,0
zc,WS305,2012-06-28 09:04:14.183,2578.0000,58914,0,0.0000,0.0000,0,0,多换,B,2578.0000,0.0000,0.0000,0.0000,0.0000,2579.0000,0.0000,0.0000,0.0000,0.0000,21,0,0,0,0,8,0,0,0,0
zc,WS305,2012-06-28 09:04:14.903,2578.0000,58914,0,0.0000,0.0000,0,0,多换,B,2578.0000,0.0000,0.0000,0.0000,0.0000,2579.0000,0.0000,0.0000,0.0000,0.0000,20,0,0,0,0,8,0,0,0,0
zc,WS305,2012-06-28 09:04:15.387,2578.0000,58914,0,0.0000,2.0000,1,1,多换,B,2578.0000,0.0000,0.0000,0.0000,0.0000,2579.0000,0.0000,0.0000,0.0000,0.0000,19,0,0,0,0,8,0,0,0,0
zc,WS305,2012-06-28 09:04:20.450,2578.0000,58952,38,0.0000,38.0000,38,0,双开,B,2577.0000,0.0000,0.0000,0.0000,0.0000,2579.0000,0.0000,0.0000,0.0000,0.0000,14,0,0,0,0,12,0,0,0,0
zc,WS305,2012-06-28 09:04:20.857,2578.0000,58952,0,0.0000,0.0000,0,0,多换,B,2577.0000,0.0000,0.0000,0.0000,0.0000,2579.0000,0.0000,0.0000,0.0000,0.0000,24,0,0,0,0,8,0,0,0,0
zc,WS305,2012-06-28 09:04:22.200,2578.0000,58952,0,0.0000,0.0000,0,0,多换,B,2577.0000,0.0000,0.0000,0.0000,0.0000,2579.0000,0.0000,0.0000,0.0000,0.0000,14,0,0,0,0,12,0,0,0,0
zc,WS305,2012-06-28 09:04:22.903,2578.0000,58952,0,0.0000,0.0000,0,0,多换,B,2577.0000,0.0000,0.0000,0.0000,0.0000,2579.0000,0.0000,0.0000,0.0000,0.0000,14,0,0,0,0,9,0,0,0,0
zc,WS305,2012-06-28 09:04:23.403,2578.0000,58952,0,0.0000,0.0000,0,0,多换,B,2577.0000,0.0000,0.0000,0.0000,0.0000,2579.0000,0.0000,0.0000,0.0000,0.0000,23,0,0,0,0,8,0,0,0,0
zc,WS305,2012-06-28 09:04:23.870,2578.0000,58952,0,0.0000,0.0000,0,0,多换,B,2578.0000,0.0000,0.0000,0.0000,0.0000,2579.0000,0.0000,0.0000,0.0000,0.0000,1,0,0,0,0,8,0,0,0,0
zc,WS305,2012-06-28 09:04:25.183,2578.0000,58952,0,0.0000,0.0000,0,0,多换,B,2577.0000,0.0000,0.0000,0.0000,0.0000,2579.0000,0.0000,0.0000,0.0000,0.0000,14,0,0,0,0,20,0,0,0,0
zc,WS305,2012-06-28 09:04:25.667,2578.0000,58952,0,0.0000,0.0000,0,0,多换,B,2577.0000,0.0000,0.0000,0.0000,0.0000,2579.0000,0.0000,0.0000,0.0000,0.0000,14,0,0,0,0,24,0,0,0,0
zc,WS305,2012-06-28 09:04:26.417,2578.0000,58952,0,0.0000,0.0000,0,0,多换,B,2577.0000,0.0000,0.0000,0.0000,0.0000,2579.0000,0.0000,0.0000,0.0000,0.0000,14,0,0,0,0,17,0,0,0,0
zc,WS305,2012-06-28 09:04:26.887,2578.0000,58952,0,0.0000,0.0000,0,0,多换,B,2578.0000,0.0000,0.0000,0.0000,0.0000,2579.0000,0.0000,0.0000,0.0000,0.0000,2,0,0,0,0,28,0,0,0,0
zc,WS305,2012-06-28 09:04:27.387,2578.0000,58954,2,0.0000,2.0000,2,0,双开,B,2577.0000,0.0000,0.0000,0.0000,0.0000,2579.0000,0.0000,0.0000,0.0000,0.0000,14,0,0,0,0,20,0,0,0,0
zc,WS305,2012-06-28 09:04:28.120,2578.0000,58954,0,0.0000,0.0000,0,0,多换,B,2577.0000,0.0000,0.0000,0.0000,0.0000,2579.0000,0.0000,0.0000,0.0000,0.0000,24,0,0,0,0,8,0,0,0,0
zc,WS305,2012-06-28 09:04:28.637,2578.0000,58954,0,0.0000,0.0000,0,0,多换,B,2577.0000,0.0000,0.0000,0.0000,0.0000,2579.0000,0.0000,0.0000,0.0000,0.0000,25,0,0,0,0,8,0,0,0,0
zc,WS305,2012-06-28 09:04:30.387,2578.0000,58954,0,0.0000,0.0000,0,0,多换,B,2577.0000,0.0000,0.0000,0.0000,0.0000,2579.0000,0.0000,0.0000,0.0000,0.0000,15,0,0,0,0,18,0,0,0,0
zc,WS305,2012-06-28 09:04:30.917,2578.0000,58954,0,0.0000,0.0000,0,0,多换,B,2577.0000,0.0000,0.0000,0.0000,0.0000,2578.0000,0.0000,0.0000,0.0000,0.0000,15,0,0,0,0,1,0,0,0,0
zc,WS305,2012-06-28 09:04:32.137,2578.0000,58952,-2,0.0000,2.0000,0,2,双平,B,2577.0000,0.0000,0.0000,0.0000,0.0000,2579.0000,0.0000,0.0000,0.0000,0.0000,14,0,0,0,0,27,0,0,0,0
zc,WS305,2012-06-28 09:04:38.387,2578.0000,58952,0,0.0000,0.0000,0,0,多换,B,2577.0000,0.0000,0.0000,0.0000,0.0000,2579.0000,0.0000,0.0000,0.0000,0.0000,24,0,0,0,0,8,0,0,0,0
zc,WS305,2012-06-28 09:04:38.637,2579.0000,58952,0,0.0000,2.0000,1,1,多换,B,2577.0000,0.0000,0.0000,0.0000,0.0000,2579.0000,0.0000,0.0000,0.0000,0.0000,24,0,0,0,0,7,0,0,0,0
zc,WS305,2012-06-28 09:04:39.870,2579.0000,58952,0,0.0000,0.0000,0,0,多换,B,2577.0000,0.0000,0.0000,0.0000,0.0000,2579.0000,0.0000,0.0000,0.0000,0.0000,25,0,0,0,0,7,0,0,0,0
zc,WS305,2012-06-28 09:04:42.887,2579.0000,58952,0,0.0000,0.0000,0,0,多换,B,2577.0000,0.0000,0.0000,0.0000,0.0000,2579.0000,0.0000,0.0000,0.0000,0.0000,26,0,0,0,0,7,0,0,0,0
zc,WS305,2012-06-28 09:04:43.857,2579.0000,58952,0,0.0000,0.0000,0,0,多换,B,2577.0000,0.0000,0.0000,0.0000,0.0000,2579.0000,0.0000,0.0000,0.0000,0.0000,30,0,0,0,0,7,0,0,0,0
zc,WS305,2012-06-28 09:04:45.607,2579.0000,58952,0,0.0000,0.0000,0,0,多换,B,2578.0000,0.0000,0.0000,0.0000,0.0000,2579.0000,0.0000,0.0000,0.0000,0.0000,5,0,0,0,0,7,0,0,0,0
zc,WS305,2012-06-28 09:04:47.840,2579.0000,58952,0,0.0000,0.0000,0,0,多换,B,2578.0000,0.0000,0.0000,0.0000,0.0000,2579.0000,0.0000,0.0000,0.0000,0.0000,6,0,0,0,0,7,0,0,0,0
zc,WS305,2012-06-28 09:04:51.120,2579.0000,58952,0,0.0000,0.0000,0,0,多换,B,2578.0000,0.0000,0.0000,0.0000,0.0000,2579.0000,0.0000,0.0000,0.0000,0.0000,6,0,0,0,0,8,0,0,0,0
zc,WS305,2012-06-28 09:04:55.370,2579.0000,58952,0,0.0000,0.0000,0,0,多换,B,2578.0000,0.0000,0.0000,0.0000,0.0000,2579.0000,0.0000,0.0000,0.0000,0.0000,6,0,0,0,0,27,0,0,0,0
zc,WS305,2012-06-28 09:04:56.653,2579.0000,58952,0,0.0000,0.0000,0,0,多换,B,2578.0000,0.0000,0.0000,0.0000,0.0000,2579.0000,0.0000,0.0000,0.0000,0.0000,6,0,0,0,0,23,0,0,0,0
zc,WS305,2012-06-28 09:04:57.153,2579.0000,58952,0,0.0000,0.0000,0,0,多换,B,2578.0000,0.0000,0.0000,0.0000,0.0000,2579.0000,0.0000,0.0000,0.0000,0.0000,7,0,0,0,0,27,0,0,0,0
zc,WS305,2012-06-28 09:04:57.607,2578.0000,58956,4,0.0000,4.0000,4,0,双开,S,2578.0000,0.0000,0.0000,0.0000,0.0000,2579.0000,0.0000,0.0000,0.0000,0.0000,5,0,0,0,0,26,0,0,0,0
zc,WS305,2012-06-28 09:04:58.387,2578.0000,58958,2,0.0000,2.0000,2,0,双开,S,2578.0000,0.0000,0.0000,0.0000,0.0000,2579.0000,0.0000,0.0000,0.0000,0.0000,4,0,0,0,0,25,0,0,0,0
zc,WS305,2012-06-28 09:04:58.903,2578.0000,58958,0,0.0000,0.0000,0,0,空换,S,2578.0000,0.0000,0.0000,0.0000,0.0000,2579.0000,0.0000,0.0000,0.0000,0.0000,4,0,0,0,0,21,0,0,0,0
zc,WS305,2012-06-28 09:04:59.403,2578.0000,58962,4,0.0000,8.0000,6,2,空开,S,2577.0000,0.0000,0.0000,0.0000,0.0000,2579.0000,0.0000,0.0000,0.0000,0.0000,14,0,0,0,0,8,0,0,0,0
zc,WS305,2012-06-28 09:05:00.200,2578.0000,58962,0,0.0000,0.0000,0,0,空换,S,2577.0000,0.0000,0.0000,0.0000,0.0000,2579.0000,0.0000,0.0000,0.0000,0.0000,24,0,0,0,0,8,0,0,0,0
zc,WS305,2012-06-28 09:05:04.120,2578.0000,58962,0,0.0000,0.0000,0,0,空换,S,2577.0000,0.0000,0.0000,0.0000,0.0000,2579.0000,0.0000,0.0000,0.0000,0.0000,14,0,0,0,0,21,0,0,0,0
zc,WS305,2012-06-28 09:05:07.107,2577.0000,58966,4,0.0000,4.0000,4,0,双开,S,2577.0000,0.0000,0.0000,0.0000,0.0000,2579.0000,0.0000,0.0000,0.0000,0.0000,12,0,0,0,0,21,0,0,0,0
zc,WS305,2012-06-28 09:05:07.607,2577.0000,58970,4,0.0000,4.0000,4,0,双开,S,2577.0000,0.0000,0.0000,0.0000,0.0000,2579.0000,0.0000,0.0000,0.0000,0.0000,10,0,0,0,0,21,0,0,0,0
zc,WS305,2012-06-28 09:05:10.573,2577.0000,58966,-4,0.0000,6.0000,1,5,多平,S,2577.0000,0.0000,0.0000,0.0000,0.0000,2579.0000,0.0000,0.0000,0.0000,0.0000,7,0,0,0,0,21,0,0,0,0
zc,WS305,2012-06-28 09:05:11.870,2578.0000,58968,2,0.0000,2.0000,2,0,双开,B,2577.0000,0.0000,0.0000,0.0000,0.0000,2579.0000,0.0000,0.0000,0.0000,0.0000,7,0,0,0,0,20,0,0,0,0
zc,WS305,2012-06-28 09:05:17.073,2577.0000,58968,0,0.0000,4.0000,2,2,空换,S,2577.0000,0.0000,0.0000,0.0000,0.0000,2579.0000,0.0000,0.0000,0.0000,0.0000,5,0,0,0,0,23,0,0,0,0
zc,WS305,2012-06-28 09:05:17.887,2577.0000,58968,0,0.0000,0.0000,0,0,空换,S,2577.0000,0.0000,0.0000,0.0000,0.0000,2578.0000,0.0000,0.0000,0.0000,0.0000,5,0,0,0,0,12,0,0,0,0
zc,WS305,2012-06-28 09:05:19.403,2577.0000,58968,0,0.0000,2.0000,1,1,空换,S,2577.0000,0.0000,0.0000,0.0000,0.0000,2578.0000,0.0000,0.0000,0.0000,0.0000,4,0,0,0,0,12,0,0,0,0
zc,WS305,2012-06-28 09:05:20.620,2577.0000,58974,6,0.0000,6.0000,6,0,双开,S,2577.0000,0.0000,0.0000,0.0000,0.0000,2578.0000,0.0000,0.0000,0.0000,0.0000,1,0,0,0,0,9,0,0,0,0
zc,WS305,2012-06-28 09:05:21.120,2577.0000,58976,2,0.0000,2.0000,2,0,双开,S,2576.0000,0.0000,0.0000,0.0000,0.0000,2578.0000,0.0000,0.0000,0.0000,0.0000,25,0,0,0,0,8,0,0,0,0
zc,WS305,2012-06-28 09:05:21.870,2578.0000,58976,0,0.0000,4.0000,2,2,多换,B,2576.0000,0.0000,0.0000,0.0000,0.0000,2578.0000,0.0000,0.0000,0.0000,0.0000,25,0,0,0,0,6,0,0,0,0
zc,WS305,2012-06-28 09:05:22.620,2576.0000,58978,2,0.0000,2.0000,2,0,双开,S,2576.0000,0.0000,0.0000,0.0000,0.0000,2578.0000,0.0000,0.0000,0.0000,0.0000,24,0,0,0,0,6,0,0,0,0
zc,WS305,2012-06-28 09:05:24.370,2576.0000,58978,0,0.0000,2.0000,1,1,空换,S,2576.0000,0.0000,0.0000,0.0000,0.0000,2578.0000,0.0000,0.0000,0.0000,0.0000,23,0,0,0,0,6,0,0,0,0
zc,WS305,2012-06-28 09:05:24.887,2576.0000,58978,0,0.0000,0.0000,0,0,空换,S,2576.0000,0.0000,0.0000,0.0000,0.0000,2578.0000,0.0000,0.0000,0.0000,0.0000,23,0,0,0,0,7,0,0,0,0
zc,WS305,2012-06-28 09:05:25.667,2576.0000,58978,0,0.0000,4.0000,2,2,空换,S,2576.0000,0.0000,0.0000,0.0000,0.0000,2577.0000,0.0000,0.0000,0.0000,0.0000,21,0,0,0,0,6,0,0,0,0
zc,WS305,2012-06-28 09:05:26.120,2577.0000,58980,2,0.0000,8.0000,5,3,多开,B,2576.0000,0.0000,0.0000,0.0000,0.0000,2577.0000,0.0000,0.0000,0.0000,0.0000,18,0,0,0,0,5,0,0,0,0
zc,WS305,2012-06-28 09:05:27.357,2576.0000,58996,16,0.0000,26.0000,21,5,空开,S,2576.0000,0.0000,0.0000,0.0000,0.0000,2577.0000,0.0000,0.0000,0.0000,0.0000,5,0,0,0,0,30,0,0,0,0
zc,WS305,2012-06-28 09:05:27.870,2576.0000,58996,0,0.0000,10.0000,5,5,空换,S,2575.0000,0.0000,0.0000,0.0000,0.0000,2577.0000,0.0000,0.0000,0.0000,0.0000,27,0,0,0,0,25,0,0,0,0
zc,WS305,2012-06-28 09:05:29.120,2576.0000,58996,0,0.0000,2.0000,1,1,空换,S,2575.0000,0.0000,0.0000,0.0000,0.0000,2576.0000,0.0000,0.0000,0.0000,0.0000,32,0,0,0,0,24,0,0,0,0
zc,WS305,2012-06-28 09:05:31.357,2575.0000,58990,-6,0.0000,58.0000,26,32,多平,S,2575.0000,0.0000,0.0000,0.0000,0.0000,2576.0000,0.0000,0.0000,0.0000,0.0000,3,0,0,0,0,7,0,0,0,0
zc,WS305,2012-06-28 09:05:32.183,2575.0000,58992,2,0.0000,8.0000,5,3,空开,S,2574.0000,0.0000,0.0000,0.0000,0.0000,2575.0000,0.0000,0.0000,0.0000,0.0000,15,0,0,0,0,3,0,0,0,0
zc,WS305,2012-06-28 09:05:32.917,2574.0000,59002,10,0.0000,10.0000,10,0,双开,S,2574.0000,0.0000,0.0000,0.0000,0.0000,2575.0000,0.0000,0.0000,0.0000,0.0000,13,0,0,0,0,9,0,0,0,0
zc,WS305,2012-06-28 09:05:33.387,2574.0000,59018,16,0.0000,16.0000,16,0,双开,S,2574.0000,0.0000,0.0000,0.0000,0.0000,2575.0000,0.0000,0.0000,0.0000,0.0000,6,0,0,0,0,6,0,0,0,0
zc,WS305,2012-06-28 09:05:33.870,2574.0000,59030,12,0.0000,12.0000,12,0,双开,S,2573.0000,0.0000,0.0000,0.0000,0.0000,2575.0000,0.0000,0.0000,0.0000,0.0000,27,0,0,0,0,40,0,0,0,0
zc,WS305,2012-06-28 09:05:34.917,2573.0000,59038,8,0.0000,12.0000,10,2,空开,S,2573.0000,0.0000,0.0000,0.0000,0.0000,2574.0000,0.0000,0.0000,0.0000,0.0000,21,0,0,0,0,34,0,0,0,0
zc,WS305,2012-06-28 09:05:36.607,2574.0000,59048,10,0.0000,44.0000,27,17,多开,B,2571.0000,0.0000,0.0000,0.0000,0.0000,2574.0000,0.0000,0.0000,0.0000,0.0000,17,0,0,0,0,12,0,0,0,0
zc,WS305,2012-06-28 09:05:37.653,2571.0000,59038,-10,0.0000,10.0000,0,10,双平,S,2571.0000,0.0000,0.0000,0.0000,0.0000,2574.0000,0.0000,0.0000,0.0000,0.0000,12,0,0,0,0,12,0,0,0,0
zc,WS305,2012-06-28 09:05:38.357,2571.0000,59038,0,0.0000,0.0000,0,0,空换,S,2572.0000,0.0000,0.0000,0.0000,0.0000,2574.0000,0.0000,0.0000,0.0000,0.0000,2,0,0,0,0,15,0,0,0,0
zc,WS305,2012-06-28 09:05:39.153,2571.0000,59038,0,0.0000,0.0000,0,0,空换,S,2572.0000,0.0000,0.0000,0.0000,0.0000,2573.0000,0.0000,0.0000,0.0000,0.0000,2,0,0,0,0,14,0,0,0,0
zc,WS305,2012-06-28 09:05:40.590,2572.0000,59040,2,0.0000,4.0000,3,1,多开,B,2571.0000,0.0000,0.0000,0.0000,0.0000,2573.0000,0.0000,0.0000,0.0000,0.0000,2,0,0,0,0,13,0,0,0,0
zc,WS305,2012-06-28 09:05:41.433,2571.0000,59042,2,0.0000,8.0000,5,3,空开,S,2570.0000,0.0000,0.0000,0.0000,0.0000,2573.0000,0.0000,0.0000,0.0000,0.0000,1,0,0,0,0,9,0,0,0,0
zc,WS305,2012-06-28 09:05:41.933,2571.0000,59042,0,0.0000,0.0000,0,0,空换,S,2570.0000,0.0000,0.0000,0.0000,0.0000,2572.0000,0.0000,0.0000,0.0000,0.0000,2,0,0,0,0,6,0,0,0,0
zc,WS305,2012-06-28 09:05:42.417,2571.0000,59042,0,0.0000,0.0000,0,0,空换,S,2570.0000,0.0000,0.0000,0.0000,0.0000,2572.0000,0.0000,0.0000,0.0000,0.0000,2,0,0,0,0,3,0,0,0,0
zc,WS305,2012-06-28 09:05:42.933,2572.0000,59052,10,0.0000,10.0000,10,0,双开,B,2570.0000,0.0000,0.0000,0.0000,0.0000,2573.0000,0.0000,0.0000,0.0000,0.0000,7,0,0,0,0,7,0,0,0,0
zc,WS305,2012-06-28 09:05:43.637,2572.0000,59052,0,0.0000,0.0000,0,0,多换,B,2570.0000,0.0000,0.0000,0.0000,0.0000,2571.0000,0.0000,0.0000,0.0000,0.0000,2,0,0,0,0,1,0,0,0,0
zc,WS305,2012-06-28 09:05:45.137,2571.0000,59060,8,0.0000,8.0000,8,0,双开,S,2568.0000,0.0000,0.0000,0.0000,0.0000,2571.0000,0.0000,0.0000,0.0000,0.0000,14,0,0,0,0,7,0,0,0,0
zc,WS305,2012-06-28 09:05:46.480,2571.0000,59080,20,0.0000,22.0000,21,1,空开,S,2568.0000,0.0000,0.0000,0.0000,0.0000,2571.0000,0.0000,0.0000,0.0000,0.0000,9,0,0,0,0,11,0,0,0,0
zc,WS305,2012-06-28 09:05:47.387,2571.0000,59082,2,0.0000,10.0000,6,4,空开,S,2568.0000,0.0000,0.0000,0.0000,0.0000,2571.0000,0.0000,0.0000,0.0000,0.0000,9,0,0,0,0,6,0,0,0,0
zc,WS305,2012-06-28 09:05:48.167,2571.0000,59082,0,0.0000,0.0000,0,0,空换,S,2568.0000,0.0000,0.0000,0.0000,0.0000,2570.0000,0.0000,0.0000,0.0000,0.0000,9,0,0,0,0,2,0,0,0,0
zc,WS305,2012-06-28 09:05:48.620,2570.0000,59084,2,0.0000,2.0000,2,0,双开,S,2568.0000,0.0000,0.0000,0.0000,0.0000,2570.0000,0.0000,0.0000,0.0000,0.0000,9,0,0,0,0,1,0,0,0,0
zc,WS305,2012-06-28 09:05:49.403,2570.0000,59088,4,0.0000,4.0000,4,0,双开,S,2568.0000,0.0000,0.0000,0.0000,0.0000,2571.0000,0.0000,0.0000,0.0000,0.0000,9,0,0,0,0,5,0,0,0,0
zc,WS305,2012-06-28 09:05:49.870,2568.0000,59088,0,0.0000,2.0000,1,1,空换,S,2569.0000,0.0000,0.0000,0.0000,0.0000,2572.0000,0.0000,0.0000,0.0000,0.0000,5,0,0,0,0,5,0,0,0,0
zc,WS305,2012-06-28 09:05:50.637,2568.0000,59088,0,0.0000,0.0000,0,0,空换,S,2569.0000,0.0000,0.0000,0.0000,0.0000,2572.0000,0.0000,0.0000,0.0000,0.0000,10,0,0,0,0,4,0,0,0,0
zc,WS305,2012-06-28 09:05:50.870,2568.0000,59082,-6,0.0000,6.0000,0,6,双平,S,2569.0000,0.0000,0.0000,0.0000,0.0000,2570.0000,0.0000,0.0000,0.0000,0.0000,5,0,0,0,0,2,0,0,0,0
zc,WS305,2012-06-28 09:05:51.607,2570.0000,59084,2,0.0000,2.0000,2,0,双开,B,2569.0000,0.0000,0.0000,0.0000,0.0000,2570.0000,0.0000,0.0000,0.0000,0.0000,2,0,0,0,0,1,0,0,0,0
zc,WS305,2012-06-28 09:05:52.870,2570.0000,59086,2,0.0000,2.0000,2,0,双开,B,2570.0000,0.0000,0.0000,0.0000,0.0000,2572.0000,0.0000,0.0000,0.0000,0.0000,1,0,0,0,0,6,0,0,0,0
zc,WS305,2012-06-28 09:05:53.403,2570.0000,59086,0,0.0000,0.0000,0,0,多换,B,2570.0000,0.0000,0.0000,0.0000,0.0000,2572.0000,0.0000,0.0000,0.0000,0.0000,1,0,0,0,0,5,0,0,0,0
zc,WS305,2012-06-28 09:05:54.120,2570.0000,59086,0,0.0000,0.0000,0,0,多换,B,2570.0000,0.0000,0.0000,0.0000,0.0000,2572.0000,0.0000,0.0000,0.0000,0.0000,3,0,0,0,0,1,0,0,0,0
zc,WS305,2012-06-28 09:05:54.950,2570.0000,59086,0,0.0000,0.0000,0,0,多换,B,2570.0000,0.0000,0.0000,0.0000,0.0000,2571.0000,0.0000,0.0000,0.0000,0.0000,3,0,0,0,0,1,0,0,0,0
zc,WS305,2012-06-28 09:05:56.107,2570.0000,59086,0,0.0000,0.0000,0,0,多换,B,2570.0000,0.0000,0.0000,0.0000,0.0000,2571.0000,0.0000,0.0000,0.0000,0.0000,3,0,0,0,0,2,0,0,0,0
zc,WS305,2012-06-28 09:05:58.917,2571.0000,59084,-2,0.0000,4.0000,1,3,空平,B,2570.0000,0.0000,0.0000,0.0000,0.0000,2572.0000,0.0000,0.0000,0.0000,0.0000,7,0,0,0,0,1,0,0,0,0
zc,WS305,2012-06-28 09:05:59.370,2570.0000,59076,-8,0.0000,10.0000,1,9,多平,S,2571.0000,0.0000,0.0000,0.0000,0.0000,2572.0000,0.0000,0.0000,0.0000,0.0000,28,0,0,0,0,1,0,0,0,0
zc,WS305,2012-06-28 09:06:00.107,2570.0000,59076,0,0.0000,2.0000,1,1,空换,S,2571.0000,0.0000,0.0000,0.0000,0.0000,2572.0000,0.0000,0.0000,0.0000,0.0000,27,0,0,0,0,1,0,0,0,0
zc,WS305,2012-06-28 09:06:02.340,2570.0000,59076,0,0.0000,2.0000,1,1,空换,S,2571.0000,0.0000,0.0000,0.0000,0.0000,2572.0000,0.0000,0.0000,0.0000,0.0000,26,0,0,0,0,1,0,0,0,0
zc,WS305,2012-06-28 09:06:02.857,2570.0000,59076,0,0.0000,0.0000,0,0,空换,S,2571.0000,0.0000,0.0000,0.0000,0.0000,2572.0000,0.0000,0.0000,0.0000,0.0000,26,0,0,0,0,2,0,0,0,0
zc,WS305,2012-06-28 09:06:03.683,2572.0000,59078,2,0.0000,4.0000,3,1,多开,B,2572.0000,0.0000,0.0000,0.0000,0.0000,2573.0000,0.0000,0.0000,0.0000,0.0000,6,0,0,0,0,1,0,0,0,0
zc,WS305,2012-06-28 09:06:05.403,2572.0000,59078,0,0.0000,0.0000,0,0,多换,B,2572.0000,0.0000,0.0000,0.0000,0.0000,2573.0000,0.0000,0.0000,0.0000,0.0000,6,0,0,0,0,5,0,0,0,0
zc,WS305,2012-06-28 09:06:07.137,2573.0000,59078,0,0.0000,2.0000,1,1,多换,B,2572.0000,0.0000,0.0000,0.0000,0.0000,2573.0000,0.0000,0.0000,0.0000,0.0000,12,0,0,0,0,4,0,0,0,0
zc,WS305,2012-06-28 09:06:07.857,2572.0000,59102,24,0.0000,24.0000,24,0,双开,S,2570.0000,0.0000,0.0000,0.0000,0.0000,2573.0000,0.0000,0.0000,0.0000,0.0000,34,0,0,0,0,2,0,0,0,0
zc,WS305,2012-06-28 09:06:08.323,2572.0000,59102,0,0.0000,0.0000,0,0,空换,S,2571.0000,0.0000,0.0000,0.0000,0.0000,2573.0000,0.0000,0.0000,0.0000,0.0000,6,0,0,0,0,1,0,0,0,0
zc,WS305,2012-06-28 09:06:09.137,2572.0000,59102,0,0.0000,0.0000,0,0,空换,S,2571.0000,0.0000,0.0000,0.0000,0.0000,2573.0000,0.0000,0.0000,0.0000,0.0000,28,0,0,0,0,1,0,0,0,0
zc,WS305,2012-06-28 09:06:10.107,2572.0000,59102,0,0.0000,0.0000,0,0,空换,S,2571.0000,0.0000,0.0000,0.0000,0.0000,2573.0000,0.0000,0.0000,0.0000,0.0000,26,0,0,0,0,1,0,0,0,0
zc,WS305,2012-06-28 09:06:10.667,2572.0000,59102,0,0.0000,0.0000,0,0,空换,S,2571.0000,0.0000,0.0000,0.0000,0.0000,2573.0000,0.0000,0.0000,0.0000,0.0000,29,0,0,0,0,1,0,0,0,0
zc,WS305,2012-06-28 09:06:11.137,2572.0000,59102,0,0.0000,0.0000,0,0,空换,S,2571.0000,0.0000,0.0000,0.0000,0.0000,2573.0000,0.0000,0.0000,0.0000,0.0000,30,0,0,0,0,1,0,0,0,0
zc,WS305,2012-06-28 09:06:12.387,2573.0000,59104,2,0.0000,4.0000,3,1,多开,B,2571.0000,0.0000,0.0000,0.0000,0.0000,2574.0000,0.0000,0.0000,0.0000,0.0000,30,0,0,0,0,8,0,0,0,0
zc,WS305,2012-06-28 09:06:14.153,2573.0000,59104,0,0.0000,0.0000,0,0,多换,B,2571.0000,0.0000,0.0000,0.0000,0.0000,2572.0000,0.0000,0.0000,0.0000,0.0000,30,0,0,0,0,1,0,0,0,0
zc,WS305,2012-06-28 09:06:15.357,2572.0000,59104,0,0.0000,2.0000,1,1,空换,S,2571.0000,0.0000,0.0000,0.0000,0.0000,2574.0000,0.0000,0.0000,0.0000,0.0000,29,0,0,0,0,8,0,0,0,0
zc,WS305,2012-06-28 09:06:16.620,2572.0000,59104,0,0.0000,0.0000,0,0,空换,S,2572.0000,0.0000,0.0000,0.0000,0.0000,2574.0000,0.0000,0.0000,0.0000,0.0000,1,0,0,0,0,8,0,0,0,0
zc,WS305,2012-06-28 09:06:17.607,2572.0000,59104,0,0.0000,0.0000,0,0,空换,S,2572.0000,0.0000,0.0000,0.0000,0.0000,2574.0000,0.0000,0.0000,0.0000,0.0000,1,0,0,0,0,7,0,0,0,0
zc,WS305,2012-06-28 09:06:18.887,2572.0000,59104,0,0.0000,0.0000,0,0,空换,S,2572.0000,0.0000,0.0000,0.0000,0.0000,2574.0000,0.0000,0.0000,0.0000,0.0000,26,0,0,0,0,7,0,0,0,0
zc,WS305,2012-06-28 09:06:20.183,2572.0000,59104,0,0.0000,0.0000,0,0,空换,S,2572.0000,0.0000,0.0000,0.0000,0.0000,2574.0000,0.0000,0.0000,0.0000,0.0000,28,0,0,0,0,7,0,0,0,0
zc,WS305,2012-06-28 09:06:20.887,2572.0000,59104,0,0.0000,0.0000,0,0,空换,S,2572.0000,0.0000,0.0000,0.0000,0.0000,2574.0000,0.0000,0.0000,0.0000,0.0000,36,0,0,0,0,7,0,0,0,0
zc,WS305,2012-06-28 09:06:21.107,2574.0000,59104,0,0.0000,4.0000,2,2,多换,B,2572.0000,0.0000,0.0000,0.0000,0.0000,2574.0000,0.0000,0.0000,0.0000,0.0000,36,0,0,0,0,7,0,0,0,0
zc,WS305,2012-06-28 09:06:21.857,2574.0000,59104,0,0.0000,0.0000,0,0,多换,B,2572.0000,0.0000,0.0000,0.0000,0.0000,2574.0000,0.0000,0.0000,0.0000,0.0000,39,0,0,0,0,6,0,0,0,0
zc,WS305,2012-06-28 09:06:22.403,2574.0000,59104,0,0.0000,0.0000,0,0,多换,B,2573.0000,0.0000,0.0000,0.0000,0.0000,2574.0000,0.0000,0.0000,0.0000,0.0000,25,0,0,0,0,6,0,0,0,0
zc,WS305,2012-06-28 09:06:23.090,2573.0000,59100,-4,0.0000,4.0000,0,4,双平,S,2573.0000,0.0000,0.0000,0.0000,0.0000,2574.0000,0.0000,0.0000,0.0000,0.0000,23,0,0,0,0,6,0,0,0,0
zc,WS305,2012-06-28 09:06:24.887,2574.0000,59100,0,0.0000,2.0000,1,1,多换,B,2573.0000,0.0000,0.0000,0.0000,0.0000,2574.0000,0.0000,0.0000,0.0000,0.0000,22,0,0,0,0,5,0,0,0,0
zc,WS305,2012-06-28 09:06:25.357,2574.0000,59100,0,0.0000,0.0000,0,0,多换,B,2573.0000,0.0000,0.0000,0.0000,0.0000,2574.0000,0.0000,0.0000,0.0000,0.0000,22,0,0,0,0,6,0,0,0,0
zc,WS305,2012-06-28 09:06:25.903,2574.0000,59102,2,0.0000,12.0000,7,5,多开,B,2574.0000,0.0000,0.0000,0.0000,0.0000,2575.0000,0.0000,0.0000,0.0000,0.0000,44,0,0,0,0,2,0,0,0,0
zc,WS305,2012-06-28 09:06:30.107,2575.0000,59102,0,0.0000,2.0000,1,1,多换,B,2574.0000,0.0000,0.0000,0.0000,0.0000,2575.0000,0.0000,0.0000,0.0000,0.0000,44,0,0,0,0,1,0,0,0,0
zc,WS305,2012-06-28 09:06:31.573,2575.0000,59102,0,0.0000,0.0000,0,0,多换,B,2574.0000,0.0000,0.0000,0.0000,0.0000,2575.0000,0.0000,0.0000,0.0000,0.0000,44,0,0,0,0,7,0,0,0,0
zc,WS305,2012-06-28 09:06:32.870,2575.0000,59102,0,0.0000,0.0000,0,0,多换,B,2574.0000,0.0000,0.0000,0.0000,0.0000,2575.0000,0.0000,0.0000,0.0000,0.0000,44,0,0,0,0,8,0,0,0,0
zc,WS305,2012-06-28 09:06:33.357,2575.0000,59102,0,0.0000,0.0000,0,0,多换,B,2574.0000,0.0000,0.0000,0.0000,0.0000,2575.0000,0.0000,0.0000,0.0000,0.0000,44,0,0,0,0,7,0,0,0,0
zc,WS305,2012-06-28 09:06:35.357,2574.0000,59106,4,0.0000,4.0000,4,0,双开,S,2574.0000,0.0000,0.0000,0.0000,0.0000,2575.0000,0.0000,0.0000,0.0000,0.0000,42,0,0,0,0,21,0,0,0,0
zc,WS305,2012-06-28 09:06:35.840,2575.0000,59106,0,0.0000,2.0000,1,1,多换,B,2574.0000,0.0000,0.0000,0.0000,0.0000,2575.0000,0.0000,0.0000,0.0000,0.0000,42,0,0,0,0,20,0,0,0,0
zc,WS305,2012-06-28 09:06:36.340,2575.0000,59106,0,0.0000,0.0000,0,0,多换,B,2574.0000,0.0000,0.0000,0.0000,0.0000,2575.0000,0.0000,0.0000,0.0000,0.0000,42,0,0,0,0,16,0,0,0,0
zc,WS305,2012-06-28 09:06:36.840,2574.0000,59110,4,0.0000,4.0000,4,0,双开,S,2574.0000,0.0000,0.0000,0.0000,0.0000,2575.0000,0.0000,0.0000,0.0000,0.0000,40,0,0,0,0,14,0,0,0,0
zc,WS305,2012-06-28 09:06:37.573,2575.0000,59132,22,0.0000,22.0000,22,0,双开,B,2574.0000,0.0000,0.0000,0.0000,0.0000,2575.0000,0.0000,0.0000,0.0000,0.0000,40,0,0,0,0,11,0,0,0,0
zc,WS305,2012-06-28 09:06:38.090,2574.0000,59138,6,0.0000,6.0000,6,0,双开,S,2574.0000,0.0000,0.0000,0.0000,0.0000,2575.0000,0.0000,0.0000,0.0000,0.0000,39,0,0,0,0,8,0,0,0,0
zc,WS305,2012-06-28 09:06:39.307,2574.0000,59138,0,0.0000,0.0000,0,0,空换,S,2574.0000,0.0000,0.0000,0.0000,0.0000,2575.0000,0.0000,0.0000,0.0000,0.0000,39,0,0,0,0,6,0,0,0,0
zc,WS305,2012-06-28 09:06:45.137,2575.0000,59148,10,0.0000,10.0000,10,0,双开,B,2574.0000,0.0000,0.0000,0.0000,0.0000,2575.0000,0.0000,0.0000,0.0000,0.0000,39,0,0,0,0,1,0,0,0,0
zc,WS305,2012-06-28 09:06:48.590,2575.0000,59148,0,0.0000,0.0000,0,0,多换,B,2574.0000,0.0000,0.0000,0.0000,0.0000,2575.0000,0.0000,0.0000,0.0000,0.0000,62,0,0,0,0,1,0,0,0,0
zc,WS305,2012-06-28 09:06:49.590,2575.0000,59150,2,0.0000,2.0000,2,0,双开,B,2574.0000,0.0000,0.0000,0.0000,0.0000,2576.0000,0.0000,0.0000,0.0000,0.0000,62,0,0,0,0,3,0,0,0,0
zc,WS305,2012-06-28 09:06:50.153,2576.0000,59146,-4,0.0000,6.0000,1,5,空平,B,2574.0000,0.0000,0.0000,0.0000,0.0000,2577.0000,0.0000,0.0000,0.0000,0.0000,59,0,0,0,0,1,0,0,0,0
zc,WS305,2012-06-28 09:06:50.870,2576.0000,59146,0,0.0000,0.0000,0,0,多换,B,2575.0000,0.0000,0.0000,0.0000,0.0000,2577.0000,0.0000,0.0000,0.0000,0.0000,1,0,0,0,0,1,0,0,0,0
zc,WS305,2012-06-28 09:06:51.417,2576.0000,59146,0,0.0000,0.0000,0,0,多换,B,2574.0000,0.0000,0.0000,0.0000,0.0000,2577.0000,0.0000,0.0000,0.0000,0.0000,58,0,0,0,0,3,0,0,0,0
zc,WS305,2012-06-28 09:06:52.073,2576.0000,59146,0,0.0000,0.0000,0,0,多换,B,2575.0000,0.0000,0.0000,0.0000,0.0000,2577.0000,0.0000,0.0000,0.0000,0.0000,1,0,0,0,0,3,0,0,0,0
zc,WS305,2012-06-28 09:06:57.357,2576.0000,59146,0,0.0000,0.0000,0,0,多换,B,2575.0000,0.0000,0.0000,0.0000,0.0000,2577.0000,0.0000,0.0000,0.0000,0.0000,2,0,0,0,0,1,0,0,0,0
zc,WS305,2012-06-28 09:06:57.840,2576.0000,59146,0,0.0000,0.0000,0,0,多换,B,2575.0000,0.0000,0.0000,0.0000,0.0000,2577.0000,0.0000,0.0000,0.0000,0.0000,17,0,0,0,0,1,0,0,0,0
zc,WS305,2012-06-28 09:06:58.357,2576.0000,59146,0,0.0000,0.0000,0,0,多换,B,2575.0000,0.0000,0.0000,0.0000,0.0000,2577.0000,0.0000,0.0000,0.0000,0.0000,13,0,0,0,0,1,0,0,0,0
zc,WS305,2012-06-28 09:06:59.120,2576.0000,59146,0,0.0000,0.0000,0,0,多换,B,2575.0000,0.0000,0.0000,0.0000,0.0000,2577.0000,0.0000,0.0000,0.0000,0.0000,15,0,0,0,0,1,0,0,0,0
zc,WS305,2012-06-28 09:07:00.357,2576.0000,59146,0,0.0000,0.0000,0,0,多换,B,2575.0000,0.0000,0.0000,0.0000,0.0000,2577.0000,0.0000,0.0000,0.0000,0.0000,20,0,0,0,0,1,0,0,0,0
zc,WS305,2012-06-28 09:07:03.637,2576.0000,59146,0,0.0000,0.0000,0,0,多换,B,2576.0000,0.0000,0.0000,0.0000,0.0000,2577.0000,0.0000,0.0000,0.0000,0.0000,1,0,0,0,0,1,0,0,0,0
zc,WS305,2012-06-28 09:07:07.107,2576.0000,59146,0,0.0000,2.0000,1,1,多换,B,2575.0000,0.0000,0.0000,0.0000,0.0000,2577.0000,0.0000,0.0000,0.0000,0.0000,22,0,0,0,0,1,0,0,0,0
zc,WS305,2012-06-28 09:07:09.387,2575.0000,59146,0,0.0000,8.0000,4,4,空换,S,2576.0000,0.0000,0.0000,0.0000,0.0000,2577.0000,0.0000,0.0000,0.0000,0.0000,15,0,0,0,0,1,0,0,0,0
zc,WS305,2012-06-28 09:07:09.637,2576.0000,59144,-2,0.0000,2.0000,0,2,双平,B,2576.0000,0.0000,0.0000,0.0000,0.0000,2577.0000,0.0000,0.0000,0.0000,0.0000,14,0,0,0,0,1,0,0,0,0
zc,WS305,2012-06-28 09:07:11.153,2576.0000,59144,0,0.0000,0.0000,0,0,多换,B,2576.0000,0.0000,0.0000,0.0000,0.0000,2577.0000,0.0000,0.0000,0.0000,0.0000,24,0,0,0,0,1,0,0,0,0
zc,WS305,2012-06-28 09:07:12.137,2576.0000,59144,0,0.0000,0.0000,0,0,多换,B,2576.0000,0.0000,0.0000,0.0000,0.0000,2577.0000,0.0000,0.0000,0.0000,0.0000,10,0,0,0,0,1,0,0,0,0
zc,WS305,2012-06-28 09:07:13.340,2576.0000,59144,0,0.0000,0.0000,0,0,多换,B,2576.0000,0.0000,0.0000,0.0000,0.0000,2577.0000,0.0000,0.0000,0.0000,0.0000,24,0,0,0,0,1,0,0,0,0
zc,WS305,2012-06-28 09:07:13.620,2578.0000,59142,-2,0.0000,4.0000,1,3,空平,B,2576.0000,0.0000,0.0000,0.0000,0.0000,2579.0000,0.0000,0.0000,0.0000,0.0000,22,0,0,0,0,11,0,0,0,0
zc,WS305,2012-06-28 09:07:14.903,2578.0000,59142,0,0.0000,0.0000,0,0,多换,B,2576.0000,0.0000,0.0000,0.0000,0.0000,2579.0000,0.0000,0.0000,0.0000,0.0000,22,0,0,0,0,13,0,0,0,0
zc,WS305,2012-06-28 09:07:16.137,2578.0000,59142,0,0.0000,0.0000,0,0,多换,B,2576.0000,0.0000,0.0000,0.0000,0.0000,2579.0000,0.0000,0.0000,0.0000,0.0000,22,0,0,0,0,12,0,0,0,0
zc,WS305,2012-06-28 09:07:16.667,2578.0000,59142,0,0.0000,0.0000,0,0,多换,B,2576.0000,0.0000,0.0000,0.0000,0.0000,2579.0000,0.0000,0.0000,0.0000,0.0000,22,0,0,0,0,13,0,0,0,0
zc,WS305,2012-06-28 09:07:19.340,2578.0000,59142,0,0.0000,0.0000,0,0,多换,B,2576.0000,0.0000,0.0000,0.0000,0.0000,2579.0000,0.0000,0.0000,0.0000,0.0000,22,0,0,0,0,14,0,0,0,0
zc,WS305,2012-06-28 09:07:22.387,2578.0000,59142,0,0.0000,0.0000,0,0,多换,B,2576.0000,0.0000,0.0000,0.0000,0.0000,2578.0000,0.0000,0.0000,0.0000,0.0000,22,0,0,0,0,5,0,0,0,0
zc,WS305,2012-06-28 09:07:22.857,2576.0000,59140,-2,0.0000,2.0000,0,2,双平,S,2576.0000,0.0000,0.0000,0.0000,0.0000,2578.0000,0.0000,0.0000,0.0000,0.0000,21,0,0,0,0,5,0,0,0,0
zc,WS305,2012-06-28 09:07:23.637,2576.0000,59140,0,0.0000,0.0000,0,0,空换,S,2576.0000,0.0000,0.0000,0.0000,0.0000,2578.0000,0.0000,0.0000,0.0000,0.0000,10,0,0,0,0,6,0,0,0,0
zc,WS305,2012-06-28 09:07:24.107,2576.0000,59140,0,0.0000,0.0000,0,0,空换,S,2577.0000,0.0000,0.0000,0.0000,0.0000,2578.0000,0.0000,0.0000,0.0000,0.0000,5,0,0,0,0,5,0,0,0,0
zc,WS305,2012-06-28 09:07:24.857,2576.0000,59140,0,0.0000,0.0000,0,0,空换,S,2576.0000,0.0000,0.0000,0.0000,0.0000,2578.0000,0.0000,0.0000,0.0000,0.0000,11,0,0,0,0,5,0,0,0,0
zc,WS305,2012-06-28 09:07:25.370,2576.0000,59140,0,0.0000,0.0000,0,0,空换,S,2576.0000,0.0000,0.0000,0.0000,0.0000,2578.0000,0.0000,0.0000,0.0000,0.0000,10,0,0,0,0,5,0,0,0,0
zc,WS305,2012-06-28 09:07:26.107,2576.0000,59140,0,0.0000,0.0000,0,0,空换,S,2576.0000,0.0000,0.0000,0.0000,0.0000,2578.0000,0.0000,0.0000,0.0000,0.0000,10,0,0,0,0,7,0,0,0,0
zc,WS305,2012-06-28 09:07:26.637,2576.0000,59140,0,0.0000,0.0000,0,0,空换,S,2576.0000,0.0000,0.0000,0.0000,0.0000,2578.0000,0.0000,0.0000,0.0000,0.0000,13,0,0,0,0,5,0,0,0,0
zc,WS305,2012-06-28 09:07:27.120,2576.0000,59140,0,0.0000,0.0000,0,0,空换,S,2576.0000,0.0000,0.0000,0.0000,0.0000,2578.0000,0.0000,0.0000,0.0000,0.0000,24,0,0,0,0,5,0,0,0,0
zc,WS305,2012-06-28 09:07:28.857,2576.0000,59140,0,0.0000,0.0000,0,0,空换,S,2576.0000,0.0000,0.0000,0.0000,0.0000,2578.0000,0.0000,0.0000,0.0000,0.0000,21,0,0,0,0,5,0,0,0,0
zc,WS305,2012-06-28 09:07:29.370,2576.0000,59140,0,0.0000,0.0000,0,0,空换,S,2576.0000,0.0000,0.0000,0.0000,0.0000,2578.0000,0.0000,0.0000,0.0000,0.0000,21,0,0,0,0,6,0,0,0,0
zc,WS305,2012-06-28 09:07:30.620,2576.0000,59140,0,0.0000,0.0000,0,0,空换,S,2577.0000,0.0000,0.0000,0.0000,0.0000,2578.0000,0.0000,0.0000,0.0000,0.0000,4,0,0,0,0,6,0,0,0,0
zc,WS305,2012-06-28 09:07:31.870,2576.0000,59140,0,0.0000,0.0000,0,0,空换,S,2577.0000,0.0000,0.0000,0.0000,0.0000,2578.0000,0.0000,0.0000,0.0000,0.0000,4,0,0,0,0,8,0,0,0,0
zc,WS305,2012-06-28 09:07:39.167,2576.0000,59140,0,0.0000,0.0000,0,0,空换,S,2577.0000,0.0000,0.0000,0.0000,0.0000,2578.0000,0.0000,0.0000,0.0000,0.0000,24,0,0,0,0,8,0,0,0,0
zc,WS305,2012-06-28 09:07:42.933,2577.0000,59188,48,0.0000,48.0000,48,0,双开,B,2576.0000,0.0000,0.0000,0.0000,0.0000,2578.0000,0.0000,0.0000,0.0000,0.0000,13,0,0,0,0,41,0,0,0,0
zc,WS305,2012-06-28 09:07:45.917,2577.0000,59188,0,0.0000,0.0000,0,0,多换,B,2576.0000,0.0000,0.0000,0.0000,0.0000,2578.0000,0.0000,0.0000,0.0000,0.0000,13,0,0,0,0,42,0,0,0,0
zc,WS305,2012-06-28 09:07:46.323,2577.0000,59188,0,0.0000,0.0000,0,0,多换,B,2576.0000,0.0000,0.0000,0.0000,0.0000,2578.0000,0.0000,0.0000,0.0000,0.0000,13,0,0,0,0,42,0,0,0,0
zc,WS305,2012-06-28 09:07:46.417,2577.0000,59188,0,0.0000,0.0000,0,0,多换,B,2576.0000,0.0000,0.0000,0.0000,0.0000,2577.0000,0.0000,0.0000,0.0000,0.0000,13,0,0,0,0,35,0,0,0,0
zc,WS305,2012-06-28 09:07:47.057,2576.0000,59194,6,0.0000,6.0000,6,0,双开,S,2576.0000,0.0000,0.0000,0.0000,0.0000,2577.0000,0.0000,0.0000,0.0000,0.0000,10,0,0,0,0,32,0,0,0,0
zc,WS305,2012-06-28 09:07:47.870,2576.0000,59194,0,0.0000,0.0000,0,0,空换,S,2576.0000,0.0000,0.0000,0.0000,0.0000,2577.0000,0.0000,0.0000,0.0000,0.0000,10,0,0,0,0,33,0,0,0,0
zc,WS305,2012-06-28 09:07:51.607,2576.0000,59194,0,0.0000,0.0000,0,0,空换,S,2576.0000,0.0000,0.0000,0.0000,0.0000,2577.0000,0.0000,0.0000,0.0000,0.0000,10,0,0,0,0,34,0,0,0,0
zc,WS305,2012-06-28 09:07:52.107,2576.0000,59196,2,0.0000,2.0000,2,0,双开,S,2576.0000,0.0000,0.0000,0.0000,0.0000,2577.0000,0.0000,0.0000,0.0000,0.0000,9,0,0,0,0,33,0,0,0,0
zc,WS305,2012-06-28 09:07:52.840,2576.0000,59200,4,0.0000,4.0000,4,0,双开,S,2576.0000,0.0000,0.0000,0.0000,0.0000,2577.0000,0.0000,0.0000,0.0000,0.0000,7,0,0,0,0,31,0,0,0,0
zc,WS305,2012-06-28 09:07:53.340,2576.0000,59202,2,0.0000,12.0000,7,5,空开,S,2576.0000,0.0000,0.0000,0.0000,0.0000,2577.0000,0.0000,0.0000,0.0000,0.0000,1,0,0,0,0,30,0,0,0,0
zc,WS305,2012-06-28 09:07:54.323,2577.0000,59204,2,0.0000,2.0000,2,0,双开,B,2576.0000,0.0000,0.0000,0.0000,0.0000,2577.0000,0.0000,0.0000,0.0000,0.0000,1,0,0,0,0,29,0,0,0,0
zc,WS305,2012-06-28 09:07:55.153,2576.0000,59204,0,0.0000,2.0000,1,1,空换,S,2575.0000,0.0000,0.0000,0.0000,0.0000,2576.0000,0.0000,0.0000,0.0000,0.0000,33,0,0,0,0,2,0,0,0,0
zc,WS305,2012-06-28 09:07:56.370,2576.0000,59204,0,0.0000,4.0000,2,2,空换,S,2576.0000,0.0000,0.0000,0.0000,0.0000,2577.0000,0.0000,0.0000,0.0000,0.0000,3,0,0,0,0,29,0,0,0,0
zc,WS305,2012-06-28 09:07:56.840,2576.0000,59206,2,0.0000,2.0000,2,0,双开,S,2576.0000,0.0000,0.0000,0.0000,0.0000,2577.0000,0.0000,0.0000,0.0000,0.0000,2,0,0,0,0,28,0,0,0,0
zc,WS305,2012-06-28 09:07:57.417,2576.0000,59210,4,0.0000,4.0000,4,0,双开,S,2575.0000,0.0000,0.0000,0.0000,0.0000,2577.0000,0.0000,0.0000,0.0000,0.0000,33,0,0,0,0,26,0,0,0,0
zc,WS305,2012-06-28 09:08:00.357,2576.0000,59210,0,0.0000,0.0000,0,0,空换,S,2575.0000,0.0000,0.0000,0.0000,0.0000,2577.0000,0.0000,0.0000,0.0000,0.0000,30,0,0,0,0,26,0,0,0,0
zc,WS305,2012-06-28 09:08:01.433,2576.0000,59210,0,0.0000,0.0000,0,0,空换,S,2576.0000,0.0000,0.0000,0.0000,0.0000,2577.0000,0.0000,0.0000,0.0000,0.0000,3,0,0,0,0,26,0,0,0,0
zc,WS305,2012-06-28 09:08:02.137,2576.0000,59216,6,0.0000,6.0000,6,0,双开,S,2575.0000,0.0000,0.0000,0.0000,0.0000,2577.0000,0.0000,0.0000,0.0000,0.0000,30,0,0,0,0,23,0,0,0,0
zc,WS305,2012-06-28 09:08:06.607,2575.0000,59218,2,0.0000,2.0000,2,0,双开,S,2575.0000,0.0000,0.0000,0.0000,0.0000,2576.0000,0.0000,0.0000,0.0000,0.0000,29,0,0,0,0,20,0,0,0,0
zc,WS305,2012-06-28 09:08:07.387,2575.0000,59224,6,0.0000,6.0000,6,0,双开,S,2575.0000,0.0000,0.0000,0.0000,0.0000,2576.0000,0.0000,0.0000,0.0000,0.0000,27,0,0,0,0,17,0,0,0,0
zc,WS305,2012-06-28 09:08:07.870,2575.0000,59226,2,0.0000,2.0000,2,0,双开,S,2575.0000,0.0000,0.0000,0.0000,0.0000,2576.0000,0.0000,0.0000,0.0000,0.0000,26,0,0,0,0,16,0,0,0,0
zc,WS305,2012-06-28 09:08:08.370,2575.0000,59228,2,0.0000,4.0000,3,1,空开,S,2575.0000,0.0000,0.0000,0.0000,0.0000,2576.0000,0.0000,0.0000,0.0000,0.0000,25,0,0,0,0,14,0,0,0,0
zc,WS305,2012-06-28 09:08:08.857,2575.0000,59230,2,0.0000,2.0000,2,0,双开,S,2575.0000,0.0000,0.0000,0.0000,0.0000,2576.0000,0.0000,0.0000,0.0000,0.0000,24,0,0,0,0,13,0,0,0,0
zc,WS305,2012-06-28 09:08:09.340,2575.0000,59232,2,0.0000,2.0000,2,0,双开,S,2575.0000,0.0000,0.0000,0.0000,0.0000,2576.0000,0.0000,0.0000,0.0000,0.0000,23,0,0,0,0,12,0,0,0,0
zc,WS305,2012-06-28 09:08:10.073,2575.0000,59234,2,0.0000,2.0000,2,0,双开,S,2575.0000,0.0000,0.0000,0.0000,0.0000,2576.0000,0.0000,0.0000,0.0000,0.0000,22,0,0,0,0,11,0,0,0,0
zc,WS305,2012-06-28 09:08:10.573,2575.0000,59234,0,0.0000,0.0000,0,0,空换,S,2575.0000,0.0000,0.0000,0.0000,0.0000,2576.0000,0.0000,0.0000,0.0000,0.0000,22,0,0,0,0,12,0,0,0,0
zc,WS305,2012-06-28 09:08:11.590,2575.0000,59236,2,0.0000,2.0000,2,0,双开,S,2575.0000,0.0000,0.0000,0.0000,0.0000,2576.0000,0.0000,0.0000,0.0000,0.0000,21,0,0,0,0,11,0,0,0,0
zc,WS305,2012-06-28 09:08:12.637,2575.0000,59238,2,0.0000,2.0000,2,0,双开,S,2575.0000,0.0000,0.0000,0.0000,0.0000,2576.0000,0.0000,0.0000,0.0000,0.0000,20,0,0,0,0,10,0,0,0,0
zc,WS305,2012-06-28 09:08:14.090,2575.0000,59240,2,0.0000,2.0000,2,0,双开,S,2575.0000,0.0000,0.0000,0.0000,0.0000,2576.0000,0.0000,0.0000,0.0000,0.0000,19,0,0,0,0,9,0,0,0,0
zc,WS305,2012-06-28 09:08:15.073,2575.0000,59262,22,0.0000,22.0000,22,0,双开,S,2575.0000,0.0000,0.0000,0.0000,0.0000,2576.0000,0.0000,0.0000,0.0000,0.0000,8,0,0,0,0,3,0,0,0,0
zc,WS305,2012-06-28 09:08:15.590,2575.0000,59262,0,0.0000,0.0000,0,0,空换,S,2575.0000,0.0000,0.0000,0.0000,0.0000,2576.0000,0.0000,0.0000,0.0000,0.0000,11,0,0,0,0,1,0,0,0,0
zc,WS305,2012-06-28 09:08:17.340,2575.0000,59262,0,0.0000,0.0000,0,0,空换,S,2575.0000,0.0000,0.0000,0.0000,0.0000,2576.0000,0.0000,0.0000,0.0000,0.0000,8,0,0,0,0,1,0,0,0,0
zc,WS305,2012-06-28 09:08:17.823,2575.0000,59264,2,0.0000,2.0000,2,0,双开,S,2575.0000,0.0000,0.0000,0.0000,0.0000,2576.0000,0.0000,0.0000,0.0000,0.0000,12,0,0,0,0,1,0,0,0,0
zc,WS305,2012-06-28 09:08:19.620,2575.0000,59264,0,0.0000,0.0000,0,0,空换,S,2575.0000,0.0000,0.0000,0.0000,0.0000,2577.0000,0.0000,0.0000,0.0000,0.0000,12,0,0,0,0,9,0,0,0,0
zc,WS305,2012-06-28 09:08:23.323,2575.0000,59266,2,0.0000,2.0000,2,0,双开,S,2575.0000,0.0000,0.0000,0.0000,0.0000,2577.0000,0.0000,0.0000,0.0000,0.0000,11,0,0,0,0,9,0,0,0,0
zc,WS305,2012-06-28 09:08:25.887,2575.0000,59266,0,0.0000,0.0000,0,0,空换,S,2575.0000,0.0000,0.0000,0.0000,0.0000,2576.0000,0.0000,0.0000,0.0000,0.0000,11,0,0,0,0,7,0,0,0,0
zc,WS305,2012-06-28 09:08:27.357,2575.0000,59266,0,0.0000,0.0000,0,0,空换,S,2575.0000,0.0000,0.0000,0.0000,0.0000,2576.0000,0.0000,0.0000,0.0000,0.0000,31,0,0,0,0,7,0,0,0,0
zc,WS305,2012-06-28 09:08:33.620,2575.0000,59266,0,0.0000,2.0000,1,1,空换,S,2575.0000,0.0000,0.0000,0.0000,0.0000,2576.0000,0.0000,0.0000,0.0000,0.0000,30,0,0,0,0,7,0,0,0,0
zc,WS305,2012-06-28 09:08:46.307,2575.0000,59266,0,0.0000,0.0000,0,0,空换,S,2575.0000,0.0000,0.0000,0.0000,0.0000,2576.0000,0.0000,0.0000,0.0000,0.0000,30,0,0,0,0,7,0,0,0,0
zc,WS305,2012-06-28 09:08:55.137,2575.0000,59266,0,0.0000,0.0000,0,0,空换,S,2575.0000,0.0000,0.0000,0.0000,0.0000,2576.0000,0.0000,0.0000,0.0000,0.0000,30,0,0,0,0,8,0,0,0,0
zc,WS305,2012-06-28 09:09:01.340,2575.0000,59266,0,0.0000,0.0000,0,0,空换,S,2575.0000,0.0000,0.0000,0.0000,0.0000,2576.0000,0.0000,0.0000,0.0000,0.0000,41,0,0,0,0,8,0,0,0,0
zc,WS305,2012-06-28 09:09:08.887,2575.0000,59266,0,0.0000,0.0000,0,0,空换,S,2575.0000,0.0000,0.0000,0.0000,0.0000,2576.0000,0.0000,0.0000,0.0000,0.0000,30,0,0,0,0,8,0,0,0,0
zc,WS305,2012-06-28 09:09:13.607,2575.0000,59266,0,0.0000,0.0000,0,0,空换,S,2575.0000,0.0000,0.0000,0.0000,0.0000,2576.0000,0.0000,0.0000,0.0000,0.0000,41,0,0,0,0,8,0,0,0,0
zc,WS305,2012-06-28 09:09:14.620,2575.0000,59266,0,0.0000,0.0000,0,0,空换,S,2575.0000,0.0000,0.0000,0.0000,0.0000,2576.0000,0.0000,0.0000,0.0000,0.0000,30,0,0,0,0,8,0,0,0,0
zc,WS305,2012-06-28 09:09:18.620,2576.0000,59264,-2,0.0000,2.0000,0,2,双平,B,2575.0000,0.0000,0.0000,0.0000,0.0000,2576.0000,0.0000,0.0000,0.0000,0.0000,30,0,0,0,0,7,0,0,0,0
zc,WS305,2012-06-28 09:09:19.387,2576.0000,59264,0,0.0000,0.0000,0,0,多换,B,2575.0000,0.0000,0.0000,0.0000,0.0000,2576.0000,0.0000,0.0000,0.0000,0.0000,41,0,0,0,0,7,0,0,0,0
zc,WS305,2012-06-28 09:09:21.590,2576.0000,59264,0,0.0000,0.0000,0,0,多换,B,2575.0000,0.0000,0.0000,0.0000,0.0000,2576.0000,0.0000,0.0000,0.0000,0.0000,41,0,0,0,0,8,0,0,0,0
zc,WS305,2012-06-28 09:09:23.857,2576.0000,59264,0,0.0000,0.0000,0,0,多换,B,2575.0000,0.0000,0.0000,0.0000,0.0000,2576.0000,0.0000,0.0000,0.0000,0.0000,42,0,0,0,0,8,0,0,0,0
zc,WS305,2012-06-28 09:09:25.590,2576.0000,59258,-6,0.0000,6.0000,0,6,双平,B,2575.0000,0.0000,0.0000,0.0000,0.0000,2576.0000,0.0000,0.0000,0.0000,0.0000,42,0,0,0,0,5,0,0,0,0
zc,WS305,2012-06-28 09:09:26.090,2576.0000,59256,-2,0.0000,2.0000,0,2,双平,B,2575.0000,0.0000,0.0000,0.0000,0.0000,2576.0000,0.0000,0.0000,0.0000,0.0000,45,0,0,0,0,4,0,0,0,0
zc,WS305,2012-06-28 09:09:28.823,2576.0000,59258,2,0.0000,8.0000,5,3,多开,B,2576.0000,0.0000,0.0000,0.0000,0.0000,2577.0000,0.0000,0.0000,0.0000,0.0000,6,0,0,0,0,7,0,0,0,0
zc,WS305,2012-06-28 09:09:30.090,2576.0000,59258,0,0.0000,2.0000,1,1,多换,B,2576.0000,0.0000,0.0000,0.0000,0.0000,2577.0000,0.0000,0.0000,0.0000,0.0000,5,0,0,0,0,7,0,0,0,0
zc,WS305,2012-06-28 09:09:34.620,2576.0000,59258,0,0.0000,0.0000,0,0,多换,B,2576.0000,0.0000,0.0000,0.0000,0.0000,2577.0000,0.0000,0.0000,0.0000,0.0000,6,0,0,0,0,7,0,0,0,0
zc,WS305,2012-06-28 09:09:35.607,2577.0000,59258,0,0.0000,2.0000,1,1,多换,B,2576.0000,0.0000,0.0000,0.0000,0.0000,2577.0000,0.0000,0.0000,0.0000,0.0000,6,0,0,0,0,6,0,0,0,0
zc,WS305,2012-06-28 09:09:36.840,2576.0000,59276,18,0.0000,20.0000,19,1,空开,S,2576.0000,0.0000,0.0000,0.0000,0.0000,2577.0000,0.0000,0.0000,0.0000,0.0000,1,0,0,0,0,6,0,0,0,0
zc,WS305,2012-06-28 09:09:40.857,2576.0000,59276,0,0.0000,0.0000,0,0,空换,S,2576.0000,0.0000,0.0000,0.0000,0.0000,2577.0000,0.0000,0.0000,0.0000,0.0000,1,0,0,0,0,7,0,0,0,0
zc,WS305,2012-06-28 09:09:44.620,2576.0000,59276,0,0.0000,0.0000,0,0,空换,S,2576.0000,0.0000,0.0000,0.0000,0.0000,2577.0000,0.0000,0.0000,0.0000,0.0000,6,0,0,0,0,7,0,0,0,0
zc,WS305,2012-06-28 09:09:46.293,2576.0000,59276,0,0.0000,0.0000,0,0,空换,S,2576.0000,0.0000,0.0000,0.0000,0.0000,2577.0000,0.0000,0.0000,0.0000,0.0000,6,0,0,0,0,7,0,0,0,0
zc,WS305,2012-06-28 09:09:46.857,2577.0000,59272,-4,0.0000,14.0000,5,9,空平,B,2577.0000,0.0000,0.0000,0.0000,0.0000,2578.0000,0.0000,0.0000,0.0000,0.0000,3,0,0,0,0,13,0,0,0,0
zc,WS305,2012-06-28 09:09:48.607,2577.0000,59270,-2,0.0000,2.0000,0,2,双平,B,2577.0000,0.0000,0.0000,0.0000,0.0000,2578.0000,0.0000,0.0000,0.0000,0.0000,2,0,0,0,0,13,0,0,0,0
zc,WS305,2012-06-28 09:09:51.107,2577.0000,59270,0,0.0000,2.0000,1,1,多换,B,2577.0000,0.0000,0.0000,0.0000,0.0000,2578.0000,0.0000,0.0000,0.0000,0.0000,1,0,0,0,0,13,0,0,0,0
zc,WS305,2012-06-28 09:09:54.120,2577.0000,59270,0,0.0000,2.0000,1,1,多换,B,2576.0000,0.0000,0.0000,0.0000,0.0000,2578.0000,0.0000,0.0000,0.0000,0.0000,7,0,0,0,0,13,0,0,0,0
zc,WS305,2012-06-28 09:09:57.607,2577.0000,59270,0,0.0000,0.0000,0,0,多换,B,2576.0000,0.0000,0.0000,0.0000,0.0000,2578.0000,0.0000,0.0000,0.0000,0.0000,37,0,0,0,0,13,0,0,0,0
zc,WS305,2012-06-28 09:10:07.323,2577.0000,59270,0,0.0000,0.0000,0,0,多换,B,2577.0000,0.0000,0.0000,0.0000,0.0000,2578.0000,0.0000,0.0000,0.0000,0.0000,20,0,0,0,0,13,0,0,0,0
zc,WS305,2012-06-28 09:10:08.073,2577.0000,59272,2,0.0000,2.0000,2,0,双开,B,2577.0000,0.0000,0.0000,0.0000,0.0000,2578.0000,0.0000,0.0000,0.0000,0.0000,19,0,0,0,0,12,0,0,0,0
zc,WS305,2012-06-28 09:10:08.370,2577.0000,59284,12,0.0000,12.0000,12,0,双开,B,2577.0000,0.0000,0.0000,0.0000,0.0000,2578.0000,0.0000,0.0000,0.0000,0.0000,13,0,0,0,0,16,0,0,0,0
zc,WS305,2012-06-28 09:10:09.167,2577.0000,59286,2,0.0000,2.0000,2,0,双开,B,2577.0000,0.0000,0.0000,0.0000,0.0000,2578.0000,0.0000,0.0000,0.0000,0.0000,12,0,0,0,0,15,0,0,0,0
zc,WS305,2012-06-28 09:10:09.857,2577.0000,59288,2,0.0000,2.0000,2,0,双开,B,2577.0000,0.0000,0.0000,0.0000,0.0000,2578.0000,0.0000,0.0000,0.0000,0.0000,11,0,0,0,0,14,0,0,0,0
zc,WS305,2012-06-28 09:10:10.370,2578.0000,59300,12,0.0000,12.0000,12,0,双开,B,2577.0000,0.0000,0.0000,0.0000,0.0000,2578.0000,0.0000,0.0000,0.0000,0.0000,26,0,0,0,0,16,0,0,0,0
zc,WS305,2012-06-28 09:10:10.870,2577.0000,59310,10,0.0000,10.0000,10,0,双开,S,2577.0000,0.0000,0.0000,0.0000,0.0000,2578.0000,0.0000,0.0000,0.0000,0.0000,21,0,0,0,0,21,0,0,0,0
zc,WS305,2012-06-28 09:10:11.607,2577.0000,59312,2,0.0000,42.0000,22,20,空开,S,2576.0000,0.0000,0.0000,0.0000,0.0000,2578.0000,0.0000,0.0000,0.0000,0.0000,37,0,0,0,0,20,0,0,0,0
zc,WS305,2012-06-28 09:10:19.840,2577.0000,59312,0,0.0000,0.0000,0,0,空换,S,2576.0000,0.0000,0.0000,0.0000,0.0000,2577.0000,0.0000,0.0000,0.0000,0.0000,37,0,0,0,0,1,0,0,0,0
zc,WS305,2012-06-28 09:10:26.607,2576.0000,59314,2,0.0000,2.0000,2,0,双开,S,2576.0000,0.0000,0.0000,0.0000,0.0000,2577.0000,0.0000,0.0000,0.0000,0.0000,36,0,0,0,0,1,0,0,0,0
zc,WS305,2012-06-28 09:10:27.823,2576.0000,59314,0,0.0000,0.0000,0,0,空换,S,2576.0000,0.0000,0.0000,0.0000,0.0000,2577.0000,0.0000,0.0000,0.0000,0.0000,35,0,0,0,0,1,0,0,0,0
zc,WS305,2012-06-28 09:10:30.590,2577.0000,59314,0,0.0000,2.0000,1,1,多换,B,2577.0000,0.0000,0.0000,0.0000,0.0000,2578.0000,0.0000,0.0000,0.0000,0.0000,19,0,0,0,0,30,0,0,0,0
zc,WS305,2012-06-28 09:10:32.840,2577.0000,59314,0,0.0000,0.0000,0,0,多换,B,2577.0000,0.0000,0.0000,0.0000,0.0000,2578.0000,0.0000,0.0000,0.0000,0.0000,19,0,0,0,0,33,0,0,0,0
zc,WS305,2012-06-28 09:10:33.107,2577.0000,59314,0,0.0000,0.0000,0,0,多换,B,2577.0000,0.0000,0.0000,0.0000,0.0000,2578.0000,0.0000,0.0000,0.0000,0.0000,19,0,0,0,0,34,0,0,0,0
zc,WS305,2012-06-28 09:10:36.073,2577.0000,59314,0,0.0000,0.0000,0,0,多换,B,2577.0000,0.0000,0.0000,0.0000,0.0000,2578.0000,0.0000,0.0000,0.0000,0.0000,19,0,0,0,0,30,0,0,0,0
zc,WS305,2012-06-28 09:10:38.857,2577.0000,59314,0,0.0000,16.0000,8,8,多换,B,2577.0000,0.0000,0.0000,0.0000,0.0000,2578.0000,0.0000,0.0000,0.0000,0.0000,11,0,0,0,0,30,0,0,0,0
zc,WS305,2012-06-28 09:10:42.357,2577.0000,59326,12,0.0000,12.0000,12,0,双开,B,2577.0000,0.0000,0.0000,0.0000,0.0000,2578.0000,0.0000,0.0000,0.0000,0.0000,5,0,0,0,0,24,0,0,0,0
zc,WS305,2012-06-28 09:10:42.857,2577.0000,59330,4,0.0000,4.0000,4,0,双开,B,2577.0000,0.0000,0.0000,0.0000,0.0000,2578.0000,0.0000,0.0000,0.0000,0.0000,3,0,0,0,0,22,0,0,0,0
zc,WS305,2012-06-28 09:10:43.857,2577.0000,59336,6,0.0000,6.0000,6,0,双开,B,2576.0000,0.0000,0.0000,0.0000,0.0000,2578.0000,0.0000,0.0000,0.0000,0.0000,35,0,0,0,0,29,0,0,0,0
zc,WS305,2012-06-28 09:10:46.370,2578.0000,59340,4,0.0000,4.0000,4,0,双开,B,2576.0000,0.0000,0.0000,0.0000,0.0000,2578.0000,0.0000,0.0000,0.0000,0.0000,35,0,0,0,0,27,0,0,0,0
zc,WS305,2012-06-28 09:10:47.857,2578.0000,59340,0,0.0000,0.0000,0,0,多换,B,2577.0000,0.0000,0.0000,0.0000,0.0000,2578.0000,0.0000,0.0000,0.0000,0.0000,10,0,0,0,0,27,0,0,0,0
zc,WS305,2012-06-28 09:10:51.857,2577.0000,59342,2,0.0000,2.0000,2,0,双开,S,2577.0000,0.0000,0.0000,0.0000,0.0000,2578.0000,0.0000,0.0000,0.0000,0.0000,9,0,0,0,0,26,0,0,0,0
zc,WS305,2012-06-28 09:10:52.573,2577.0000,59356,14,0.0000,14.0000,14,0,双开,S,2577.0000,0.0000,0.0000,0.0000,0.0000,2578.0000,0.0000,0.0000,0.0000,0.0000,18,0,0,0,0,24,0,0,0,0
zc,WS305,2012-06-28 09:10:53.607,2578.0000,59362,6,0.0000,6.0000,6,0,双开,B,2577.0000,0.0000,0.0000,0.0000,0.0000,2578.0000,0.0000,0.0000,0.0000,0.0000,16,0,0,0,0,31,0,0,0,0
zc,WS305,2012-06-28 09:10:54.870,2577.0000,59394,32,0.0000,32.0000,32,0,双开,S,2576.0000,0.0000,0.0000,0.0000,0.0000,2577.0000,0.0000,0.0000,0.0000,0.0000,35,0,0,0,0,4,0,0,0,0
zc,WS305,2012-06-28 09:10:55.387,2577.0000,59394,0,0.0000,0.0000,0,0,空换,S,2576.0000,0.0000,0.0000,0.0000,0.0000,2578.0000,0.0000,0.0000,0.0000,0.0000,35,0,0,0,0,25,0,0,0,0
zc,WS305,2012-06-28 09:10:56.637,2577.0000,59394,0,0.0000,0.0000,0,0,空换,S,2576.0000,0.0000,0.0000,0.0000,0.0000,2577.0000,0.0000,0.0000,0.0000,0.0000,35,0,0,0,0,1,0,0,0,0
zc,WS305,2012-06-28 09:10:59.307,2577.0000,59394,0,0.0000,2.0000,1,1,空换,S,2576.0000,0.0000,0.0000,0.0000,0.0000,2578.0000,0.0000,0.0000,0.0000,0.0000,35,0,0,0,0,25,0,0,0,0
zc,WS305,2012-06-28 09:11:04.823,2578.0000,59400,6,0.0000,6.0000,6,0,双开,B,2576.0000,0.0000,0.0000,0.0000,0.0000,2578.0000,0.0000,0.0000,0.0000,0.0000,35,0,0,0,0,22,0,0,0,0
zc,WS305,2012-06-28 09:11:07.590,2578.0000,59402,2,0.0000,2.0000,2,0,双开,B,2576.0000,0.0000,0.0000,0.0000,0.0000,2578.0000,0.0000,0.0000,0.0000,0.0000,35,0,0,0,0,22,0,0,0,0
zc,WS305,2012-06-28 09:11:08.403,2578.0000,59402,0,0.0000,0.0000,0,0,多换,B,2576.0000,0.0000,0.0000,0.0000,0.0000,2578.0000,0.0000,0.0000,0.0000,0.0000,35,0,0,0,0,26,0,0,0,0
zc,WS305,2012-06-28 09:11:08.870,2578.0000,59402,0,0.0000,0.0000,0,0,多换,B,2576.0000,0.0000,0.0000,0.0000,0.0000,2577.0000,0.0000,0.0000,0.0000,0.0000,35,0,0,0,0,3,0,0,0,0
zc,WS305,2012-06-28 09:11:09.590,2578.0000,59404,2,0.0000,2.0000,2,0,双开,B,2576.0000,0.0000,0.0000,0.0000,0.0000,2577.0000,0.0000,0.0000,0.0000,0.0000,35,0,0,0,0,2,0,0,0,0
zc,WS305,2012-06-28 09:11:11.090,2577.0000,59408,4,0.0000,4.0000,4,0,双开,S,2577.0000,0.0000,0.0000,0.0000,0.0000,2578.0000,0.0000,0.0000,0.0000,0.0000,13,0,0,0,0,26,0,0,0,0
zc,WS305,2012-06-28 09:11:12.870,2577.0000,59408,0,0.0000,0.0000,0,0,空换,S,2577.0000,0.0000,0.0000,0.0000,0.0000,2578.0000,0.0000,0.0000,0.0000,0.0000,13,0,0,0,0,27,0,0,0,0
zc,WS305,2012-06-28 09:11:17.857,2577.0000,59408,0,0.0000,2.0000,1,1,空换,S,2577.0000,0.0000,0.0000,0.0000,0.0000,2578.0000,0.0000,0.0000,0.0000,0.0000,12,0,0,0,0,27,0,0,0,0
zc,WS305,2012-06-28 09:11:21.840,2577.0000,59432,24,0.0000,24.0000,24,0,双开,S,2576.0000,0.0000,0.0000,0.0000,0.0000,2577.0000,0.0000,0.0000,0.0000,0.0000,36,0,0,0,0,19,0,0,0,0
zc,WS305,2012-06-28 09:11:23.090,2577.0000,59434,2,0.0000,2.0000,2,0,双开,S,2576.0000,0.0000,0.0000,0.0000,0.0000,2577.0000,0.0000,0.0000,0.0000,0.0000,36,0,0,0,0,18,0,0,0,0
zc,WS305,2012-06-28 09:11:24.620,2577.0000,59444,10,0.0000,10.0000,10,0,双开,S,2576.0000,0.0000,0.0000,0.0000,0.0000,2577.0000,0.0000,0.0000,0.0000,0.0000,36,0,0,0,0,13,0,0,0,0
zc,WS305,2012-06-28 09:11:25.340,2576.0000,59450,6,0.0000,6.0000,6,0,双开,S,2576.0000,0.0000,0.0000,0.0000,0.0000,2577.0000,0.0000,0.0000,0.0000,0.0000,33,0,0,0,0,10,0,0,0,0
zc,WS305,2012-06-28 09:11:25.840,2576.0000,59454,4,0.0000,10.0000,7,3,空开,S,2576.0000,0.0000,0.0000,0.0000,0.0000,2577.0000,0.0000,0.0000,0.0000,0.0000,28,0,0,0,0,5,0,0,0,0
zc,WS305,2012-06-28 09:11:26.357,2577.0000,59464,10,0.0000,14.0000,12,2,多开,B,2576.0000,0.0000,0.0000,0.0000,0.0000,2577.0000,0.0000,0.0000,0.0000,0.0000,26,0,0,0,0,1,0,0,0,0
zc,WS305,2012-06-28 09:11:26.870,2577.0000,59464,0,0.0000,0.0000,0,0,多换,B,2576.0000,0.0000,0.0000,0.0000,0.0000,2577.0000,0.0000,0.0000,0.0000,0.0000,26,0,0,0,0,3,0,0,0,0
zc,WS305,2012-06-28 09:11:27.590,2576.0000,59464,0,0.0000,2.0000,1,1,空换,S,2576.0000,0.0000,0.0000,0.0000,0.0000,2577.0000,0.0000,0.0000,0.0000,0.0000,25,0,0,0,0,7,0,0,0,0
zc,WS305,2012-06-28 09:11:30.323,2576.0000,59464,0,0.0000,10.0000,5,5,空换,S,2576.0000,0.0000,0.0000,0.0000,0.0000,2577.0000,0.0000,0.0000,0.0000,0.0000,20,0,0,0,0,12,0,0,0,0
zc,WS305,2012-06-28 09:11:33.073,2577.0000,59466,2,0.0000,2.0000,2,0,双开,B,2576.0000,0.0000,0.0000,0.0000,0.0000,2577.0000,0.0000,0.0000,0.0000,0.0000,20,0,0,0,0,11,0,0,0,0
zc,WS305,2012-06-28 09:11:38.823,2577.0000,59468,2,0.0000,2.0000,2,0,双开,B,2576.0000,0.0000,0.0000,0.0000,0.0000,2577.0000,0.0000,0.0000,0.0000,0.0000,20,0,0,0,0,10,0,0,0,0
zc,WS305,2012-06-28 09:11:40.340,2577.0000,59468,0,0.0000,0.0000,0,0,多换,B,2576.0000,0.0000,0.0000,0.0000,0.0000,2577.0000,0.0000,0.0000,0.0000,0.0000,20,0,0,0,0,11,0,0,0,0
zc,WS305,2012-06-28 09:11:43.840,2576.0000,59468,0,0.0000,16.0000,8,8,空换,S,2576.0000,0.0000,0.0000,0.0000,0.0000,2577.0000,0.0000,0.0000,0.0000,0.0000,12,0,0,0,0,38,0,0,0,0
zc,WS305,2012-06-28 09:11:44.323,2577.0000,59488,20,0.0000,20.0000,20,0,双开,B,2576.0000,0.0000,0.0000,0.0000,0.0000,2577.0000,0.0000,0.0000,0.0000,0.0000,12,0,0,0,0,87,0,0,0,0
zc,WS305,2012-06-28 09:11:45.107,2576.0000,59488,0,0.0000,2.0000,1,1,空换,S,2576.0000,0.0000,0.0000,0.0000,0.0000,2577.0000,0.0000,0.0000,0.0000,0.0000,11,0,0,0,0,89,0,0,0,0
zc,WS305,2012-06-28 09:11:45.607,2576.0000,59488,0,0.0000,0.0000,0,0,空换,S,2576.0000,0.0000,0.0000,0.0000,0.0000,2577.0000,0.0000,0.0000,0.0000,0.0000,11,0,0,0,0,70,0,0,0,0
zc,WS305,2012-06-28 09:11:46.307,2576.0000,59488,0,0.0000,0.0000,0,0,空换,S,2576.0000,0.0000,0.0000,0.0000,0.0000,2577.0000,0.0000,0.0000,0.0000,0.0000,11,0,0,0,0,84,0,0,0,0
zc,WS305,2012-06-28 09:11:46.557,2576.0000,59488,0,0.0000,2.0000,1,1,空换,S,2576.0000,0.0000,0.0000,0.0000,0.0000,2577.0000,0.0000,0.0000,0.0000,0.0000,10,0,0,0,0,85,0,0,0,0
zc,WS305,2012-06-28 09:11:47.307,2576.0000,59488,0,0.0000,2.0000,1,1,空换,S,2576.0000,0.0000,0.0000,0.0000,0.0000,2577.0000,0.0000,0.0000,0.0000,0.0000,9,0,0,0,0,85,0,0,0,0
zc,WS305,2012-06-28 09:11:48.340,2576.0000,59488,0,0.0000,2.0000,1,1,空换,S,2576.0000,0.0000,0.0000,0.0000,0.0000,2577.0000,0.0000,0.0000,0.0000,0.0000,8,0,0,0,0,86,0,0,0,0
zc,WS305,2012-06-28 09:11:49.090,2576.0000,59490,2,0.0000,16.0000,9,7,空开,S,2575.0000,0.0000,0.0000,0.0000,0.0000,2576.0000,0.0000,0.0000,0.0000,0.0000,26,0,0,0,0,2,0,0,0,0
zc,WS305,2012-06-28 09:11:51.073,2576.0000,59494,4,0.0000,4.0000,4,0,双开,S,2575.0000,0.0000,0.0000,0.0000,0.0000,2577.0000,0.0000,0.0000,0.0000,0.0000,26,0,0,0,0,48,0,0,0,0
zc,WS305,2012-06-28 09:11:52.323,2576.0000,59494,0,0.0000,0.0000,0,0,空换,S,2575.0000,0.0000,0.0000,0.0000,0.0000,2577.0000,0.0000,0.0000,0.0000,0.0000,26,0,0,0,0,22,0,0,0,0
zc,WS305,2012-06-28 09:11:52.840,2576.0000,59494,0,0.0000,0.0000,0,0,空换,S,2575.0000,0.0000,0.0000,0.0000,0.0000,2577.0000,0.0000,0.0000,0.0000,0.0000,26,0,0,0,0,23,0,0,0,0
zc,WS305,2012-06-28 09:11:53.323,2576.0000,59494,0,0.0000,0.0000,0,0,空换,S,2575.0000,0.0000,0.0000,0.0000,0.0000,2577.0000,0.0000,0.0000,0.0000,0.0000,30,0,0,0,0,9,0,0,0,0
zc,WS305,2012-06-28 09:11:54.073,2576.0000,59494,0,0.0000,0.0000,0,0,空换,S,2575.0000,0.0000,0.0000,0.0000,0.0000,2577.0000,0.0000,0.0000,0.0000,0.0000,30,0,0,0,0,6,0,0,0,0
zc,WS305,2012-06-28 09:11:55.090,2576.0000,59494,0,0.0000,0.0000,0,0,空换,S,2576.0000,0.0000,0.0000,0.0000,0.0000,2577.0000,0.0000,0.0000,0.0000,0.0000,3,0,0,0,0,6,0,0,0,0
zc,WS305,2012-06-28 09:11:56.917,2576.0000,59494,0,0.0000,0.0000,0,0,空换,S,2576.0000,0.0000,0.0000,0.0000,0.0000,2577.0000,0.0000,0.0000,0.0000,0.0000,3,0,0,0,0,2,0,0,0,0
zc,WS305,2012-06-28 09:11:57.807,2576.0000,59494,0,0.0000,6.0000,3,3,空换,S,2575.0000,0.0000,0.0000,0.0000,0.0000,2576.0000,0.0000,0.0000,0.0000,0.0000,30,0,0,0,0,2,0,0,0,0
zc,WS305,2012-06-28 09:12:05.557,2576.0000,59494,0,0.0000,4.0000,2,2,空换,S,2576.0000,0.0000,0.0000,0.0000,0.0000,2577.0000,0.0000,0.0000,0.0000,0.0000,2,0,0,0,0,3,0,0,0,0
zc,WS305,2012-06-28 09:12:12.840,2576.0000,59494,0,0.0000,0.0000,0,0,空换,S,2576.0000,0.0000,0.0000,0.0000,0.0000,2577.0000,0.0000,0.0000,0.0000,0.0000,2,0,0,0,0,6,0,0,0,0
zc,WS305,2012-06-28 09:12:13.887,2576.0000,59494,0,0.0000,0.0000,0,0,空换,S,2576.0000,0.0000,0.0000,0.0000,0.0000,2577.0000,0.0000,0.0000,0.0000,0.0000,7,0,0,0,0,6,0,0,0,0
zc,WS305,2012-06-28 09:12:14.323,2577.0000,59500,6,0.0000,10.0000,8,2,多开,B,2576.0000,0.0000,0.0000,0.0000,0.0000,2577.0000,0.0000,0.0000,0.0000,0.0000,7,0,0,0,0,1,0,0,0,0
zc,WS305,2012-06-28 09:12:17.090,2577.0000,59500,0,0.0000,0.0000,0,0,多换,B,2576.0000,0.0000,0.0000,0.0000,0.0000,2577.0000,0.0000,0.0000,0.0000,0.0000,8,0,0,0,0,1,0,0,0,0
zc,WS305,2012-06-28 09:12:18.307,2577.0000,59500,0,0.0000,0.0000,0,0,多换,B,2576.0000,0.0000,0.0000,0.0000,0.0000,2577.0000,0.0000,0.0000,0.0000,0.0000,8,0,0,0,0,11,0,0,0,0
zc,WS305,2012-06-28 09:12:21.870,2577.0000,59502,2,0.0000,2.0000,2,0,双开,B,2576.0000,0.0000,0.0000,0.0000,0.0000,2577.0000,0.0000,0.0000,0.0000,0.0000,8,0,0,0,0,14,0,0,0,0
zc,WS305,2012-06-28 09:12:26.357,2576.0000,59502,0,0.0000,2.0000,1,1,空换,S,2576.0000,0.0000,0.0000,0.0000,0.0000,2577.0000,0.0000,0.0000,0.0000,0.0000,7,0,0,0,0,14,0,0,0,0
zc,WS305,2012-06-28 09:12:31.357,2576.0000,59502,0,0.0000,0.0000,0,0,空换,S,2576.0000,0.0000,0.0000,0.0000,0.0000,2577.0000,0.0000,0.0000,0.0000,0.0000,7,0,0,0,0,52,0,0,0,0
zc,WS305,2012-06-28 09:12:31.870,2576.0000,59502,0,0.0000,0.0000,0,0,空换,S,2576.0000,0.0000,0.0000,0.0000,0.0000,2577.0000,0.0000,0.0000,0.0000,0.0000,7,0,0,0,0,50,0,0,0,0
zc,WS305,2012-06-28 09:12:32.620,2576.0000,59502,0,0.0000,0.0000,0,0,空换,S,2576.0000,0.0000,0.0000,0.0000,0.0000,2577.0000,0.0000,0.0000,0.0000,0.0000,7,0,0,0,0,14,0,0,0,0
zc,WS305,2012-06-28 09:12:33.107,2576.0000,59502,0,0.0000,0.0000,0,0,空换,S,2576.0000,0.0000,0.0000,0.0000,0.0000,2577.0000,0.0000,0.0000,0.0000,0.0000,7,0,0,0,0,25,0,0,0,0
zc,WS305,2012-06-28 09:12:33.573,2576.0000,59502,0,0.0000,0.0000,0,0,空换,S,2576.0000,0.0000,0.0000,0.0000,0.0000,2577.0000,0.0000,0.0000,0.0000,0.0000,7,0,0,0,0,20,0,0,0,0
zc,WS305,2012-06-28 09:12:34.607,2576.0000,59502,0,0.0000,0.0000,0,0,空换,S,2576.0000,0.0000,0.0000,0.0000,0.0000,2577.0000,0.0000,0.0000,0.0000,0.0000,7,0,0,0,0,24,0,0,0,0
zc,WS305,2012-06-28 09:12:35.120,2576.0000,59502,0,0.0000,0.0000,0,0,空换,S,2576.0000,0.0000,0.0000,0.0000,0.0000,2577.0000,0.0000,0.0000,0.0000,0.0000,7,0,0,0,0,23,0,0,0,0
zc,WS305,2012-06-28 09:12:35.857,2576.0000,59512,10,0.0000,12.0000,11,1,空开,S,2576.0000,0.0000,0.0000,0.0000,0.0000,2577.0000,0.0000,0.0000,0.0000,0.0000,1,0,0,0,0,23,0,0,0,0
zc,WS305,2012-06-28 09:12:36.357,2576.0000,59512,0,0.0000,0.0000,0,0,空换,S,2576.0000,0.0000,0.0000,0.0000,0.0000,2577.0000,0.0000,0.0000,0.0000,0.0000,1,0,0,0,0,18,0,0,0,0
zc,WS305,2012-06-28 09:12:37.153,2576.0000,59512,0,0.0000,0.0000,0,0,空换,S,2576.0000,0.0000,0.0000,0.0000,0.0000,2577.0000,0.0000,0.0000,0.0000,0.0000,1,0,0,0,0,14,0,0,0,0
zc,WS305,2012-06-28 09:12:39.090,2576.0000,59512,0,0.0000,0.0000,0,0,空换,S,2576.0000,0.0000,0.0000,0.0000,0.0000,2577.0000,0.0000,0.0000,0.0000,0.0000,1,0,0,0,0,13,0,0,0,0
zc,WS305,2012-06-28 09:12:39.840,2576.0000,59512,0,0.0000,0.0000,0,0,空换,S,2576.0000,0.0000,0.0000,0.0000,0.0000,2577.0000,0.0000,0.0000,0.0000,0.0000,1,0,0,0,0,14,0,0,0,0
zc,WS305,2012-06-28 09:12:40.357,2576.0000,59512,0,0.0000,0.0000,0,0,空换,S,2576.0000,0.0000,0.0000,0.0000,0.0000,2577.0000,0.0000,0.0000,0.0000,0.0000,1,0,0,0,0,15,0,0,0,0
zc,WS305,2012-06-28 09:12:40.840,2576.0000,59512,0,0.0000,0.0000,0,0,空换,S,2576.0000,0.0000,0.0000,0.0000,0.0000,2577.0000,0.0000,0.0000,0.0000,0.0000,1,0,0,0,0,95,0,0,0,0
zc,WS305,2012-06-28 09:12:41.840,2576.0000,59514,2,0.0000,2.0000,2,0,双开,S,2575.0000,0.0000,0.0000,0.0000,0.0000,2577.0000,0.0000,0.0000,0.0000,0.0000,46,0,0,0,0,95,0,0,0,0
zc,WS305,2012-06-28 09:12:42.590,2576.0000,59514,0,0.0000,0.0000,0,0,空换,S,2575.0000,0.0000,0.0000,0.0000,0.0000,2577.0000,0.0000,0.0000,0.0000,0.0000,46,0,0,0,0,96,0,0,0,0
zc,WS305,2012-06-28 09:12:47.573,2576.0000,59514,0,0.0000,0.0000,0,0,空换,S,2575.0000,0.0000,0.0000,0.0000,0.0000,2576.0000,0.0000,0.0000,0.0000,0.0000,46,0,0,0,0,1,0,0,0,0
zc,WS305,2012-06-28 09:12:51.323,2576.0000,59514,0,0.0000,0.0000,0,0,空换,S,2575.0000,0.0000,0.0000,0.0000,0.0000,2576.0000,0.0000,0.0000,0.0000,0.0000,46,0,0,0,0,6,0,0,0,0
zc,WS305,2012-06-28 09:12:55.870,2576.0000,59512,-2,0.0000,2.0000,0,2,双平,S,2575.0000,0.0000,0.0000,0.0000,0.0000,2576.0000,0.0000,0.0000,0.0000,0.0000,46,0,0,0,0,5,0,0,0,0
zc,WS305,2012-06-28 09:12:57.323,2576.0000,59512,0,0.0000,0.0000,0,0,空换,S,2575.0000,0.0000,0.0000,0.0000,0.0000,2577.0000,0.0000,0.0000,0.0000,0.0000,50,0,0,0,0,23,0,0,0,0
zc,WS305,2012-06-28 09:13:01.573,2575.0000,59512,0,0.0000,2.0000,1,1,空换,S,2575.0000,0.0000,0.0000,0.0000,0.0000,2577.0000,0.0000,0.0000,0.0000,0.0000,49,0,0,0,0,23,0,0,0,0
zc,WS305,2012-06-28 09:13:03.073,2575.0000,59512,0,0.0000,0.0000,0,0,空换,S,2575.0000,0.0000,0.0000,0.0000,0.0000,2577.0000,0.0000,0.0000,0.0000,0.0000,49,0,0,0,0,22,0,0,0,0
zc,WS305,2012-06-28 09:13:04.323,2575.0000,59512,0,0.0000,0.0000,0,0,空换,S,2575.0000,0.0000,0.0000,0.0000,0.0000,2577.0000,0.0000,0.0000,0.0000,0.0000,49,0,0,0,0,21,0,0,0,0
zc,WS305,2012-06-28 09:13:06.073,2577.0000,59510,-2,0.0000,6.0000,2,4,空平,B,2575.0000,0.0000,0.0000,0.0000,0.0000,2576.0000,0.0000,0.0000,0.0000,0.0000,49,0,0,0,0,6,0,0,0,0
zc,WS305,2012-06-28 09:13:09.870,2577.0000,59510,0,0.0000,0.0000,0,0,多换,B,2575.0000,0.0000,0.0000,0.0000,0.0000,2576.0000,0.0000,0.0000,0.0000,0.0000,29,0,0,0,0,6,0,0,0,0
zc,WS305,2012-06-28 09:13:14.323,2576.0000,59510,0,0.0000,12.0000,6,6,空换,S,2576.0000,0.0000,0.0000,0.0000,0.0000,2577.0000,0.0000,0.0000,0.0000,0.0000,14,0,0,0,0,20,0,0,0,0
zc,WS305,2012-06-28 09:13:15.887,2576.0000,59538,28,0.0000,28.0000,28,0,双开,S,2575.0000,0.0000,0.0000,0.0000,0.0000,2576.0000,0.0000,0.0000,0.0000,0.0000,29,0,0,0,0,6,0,0,0,0
zc,WS305,2012-06-28 09:13:16.557,2576.0000,59548,10,0.0000,10.0000,10,0,双开,S,2575.0000,0.0000,0.0000,0.0000,0.0000,2576.0000,0.0000,0.0000,0.0000,0.0000,29,0,0,0,0,1,0,0,0,0
zc,WS305,2012-06-28 09:13:21.323,2576.0000,59550,2,0.0000,2.0000,2,0,双开,S,2575.0000,0.0000,0.0000,0.0000,0.0000,2577.0000,0.0000,0.0000,0.0000,0.0000,29,0,0,0,0,20,0,0,0,0
zc,WS305,2012-06-28 09:13:22.557,2577.0000,59550,0,0.0000,2.0000,1,1,多换,B,2575.0000,0.0000,0.0000,0.0000,0.0000,2577.0000,0.0000,0.0000,0.0000,0.0000,29,0,0,0,0,19,0,0,0,0
zc,WS305,2012-06-28 09:13:23.607,2577.0000,59550,0,0.0000,0.0000,0,0,多换,B,2575.0000,0.0000,0.0000,0.0000,0.0000,2577.0000,0.0000,0.0000,0.0000,0.0000,29,0,0,0,0,15,0,0,0,0
zc,WS305,2012-06-28 09:13:26.293,2577.0000,59550,0,0.0000,0.0000,0,0,多换,B,2576.0000,0.0000,0.0000,0.0000,0.0000,2577.0000,0.0000,0.0000,0.0000,0.0000,1,0,0,0,0,15,0,0,0,0
zc,WS305,2012-06-28 09:13:28.090,2577.0000,59612,62,0.0000,78.0000,70,8,多开,B,2576.0000,0.0000,0.0000,0.0000,0.0000,2577.0000,0.0000,0.0000,0.0000,0.0000,1,0,0,0,0,89,0,0,0,0
zc,WS305,2012-06-28 09:13:29.807,2577.0000,59612,0,0.0000,0.0000,0,0,多换,B,2576.0000,0.0000,0.0000,0.0000,0.0000,2578.0000,0.0000,0.0000,0.0000,0.0000,1,0,0,0,0,104,0,0,0,0
zc,WS305,2012-06-28 09:13:30.357,2577.0000,59612,0,0.0000,0.0000,0,0,多换,B,2576.0000,0.0000,0.0000,0.0000,0.0000,2578.0000,0.0000,0.0000,0.0000,0.0000,4,0,0,0,0,104,0,0,0,0
zc,WS305,2012-06-28 09:13:36.857,2575.0000,59608,-4,0.0000,20.0000,8,12,多平,S,2575.0000,0.0000,0.0000,0.0000,0.0000,2578.0000,0.0000,0.0000,0.0000,0.0000,23,0,0,0,0,104,0,0,0,0
zc,WS305,2012-06-28 09:13:37.573,2575.0000,59608,0,0.0000,0.0000,0,0,空换,S,2575.0000,0.0000,0.0000,0.0000,0.0000,2578.0000,0.0000,0.0000,0.0000,0.0000,25,0,0,0,0,99,0,0,0,0
zc,WS305,2012-06-28 09:13:38.557,2575.0000,59608,0,0.0000,0.0000,0,0,空换,S,2575.0000,0.0000,0.0000,0.0000,0.0000,2578.0000,0.0000,0.0000,0.0000,0.0000,23,0,0,0,0,99,0,0,0,0
zc,WS305,2012-06-28 09:13:41.637,2575.0000,59608,0,0.0000,0.0000,0,0,空换,S,2575.0000,0.0000,0.0000,0.0000,0.0000,2577.0000,0.0000,0.0000,0.0000,0.0000,23,0,0,0,0,70,0,0,0,0
zc,WS305,2012-06-28 09:13:42.090,2575.0000,59608,0,0.0000,0.0000,0,0,空换,S,2575.0000,0.0000,0.0000,0.0000,0.0000,2577.0000,0.0000,0.0000,0.0000,0.0000,25,0,0,0,0,70,0,0,0,0
zc,WS305,2012-06-28 09:13:42.590,2575.0000,59608,0,0.0000,0.0000,0,0,空换,S,2576.0000,0.0000,0.0000,0.0000,0.0000,2578.0000,0.0000,0.0000,0.0000,0.0000,1,0,0,0,0,91,0,0,0,0
zc,WS305,2012-06-28 09:13:43.340,2575.0000,59608,0,0.0000,0.0000,0,0,空换,S,2576.0000,0.0000,0.0000,0.0000,0.0000,2578.0000,0.0000,0.0000,0.0000,0.0000,3,0,0,0,0,91,0,0,0,0
zc,WS305,2012-06-28 09:13:43.607,2575.0000,59608,0,0.0000,0.0000,0,0,空换,S,2576.0000,0.0000,0.0000,0.0000,0.0000,2577.0000,0.0000,0.0000,0.0000,0.0000,3,0,0,0,0,1,0,0,0,0
zc,WS305,2012-06-28 09:13:48.340,2575.0000,59608,0,0.0000,0.0000,0,0,空换,S,2576.0000,0.0000,0.0000,0.0000,0.0000,2577.0000,0.0000,0.0000,0.0000,0.0000,10,0,0,0,0,1,0,0,0,0
zc,WS305,2012-06-28 09:13:50.590,2575.0000,59608,0,0.0000,0.0000,0,0,空换,S,2576.0000,0.0000,0.0000,0.0000,0.0000,2577.0000,0.0000,0.0000,0.0000,0.0000,9,0,0,0,0,1,0,0,0,0
zc,WS305,2012-06-28 09:13:51.137,2575.0000,59608,0,0.0000,0.0000,0,0,空换,S,2576.0000,0.0000,0.0000,0.0000,0.0000,2577.0000,0.0000,0.0000,0.0000,0.0000,10,0,0,0,0,1,0,0,0,0
zc,WS305,2012-06-28 09:14:06.857,2575.0000,59608,0,0.0000,0.0000,0,0,空换,S,2576.0000,0.0000,0.0000,0.0000,0.0000,2577.0000,0.0000,0.0000,0.0000,0.0000,8,0,0,0,0,1,0,0,0,0
zc,WS305,2012-06-28 09:14:08.090,2577.0000,59608,0,0.0000,2.0000,1,1,多换,B,2577.0000,0.0000,0.0000,0.0000,0.0000,2578.0000,0.0000,0.0000,0.0000,0.0000,1,0,0,0,0,91,0,0,0,0
zc,WS305,2012-06-28 09:14:13.340,2577.0000,59608,0,0.0000,0.0000,0,0,多换,B,2576.0000,0.0000,0.0000,0.0000,0.0000,2578.0000,0.0000,0.0000,0.0000,0.0000,8,0,0,0,0,91,0,0,0,0
zc,WS305,2012-06-28 09:14:14.340,2578.0000,59608,0,0.0000,2.0000,1,1,多换,B,2576.0000,0.0000,0.0000,0.0000,0.0000,2578.0000,0.0000,0.0000,0.0000,0.0000,8,0,0,0,0,90,0,0,0,0
zc,WS305,2012-06-28 09:14:17.620,2578.0000,59608,0,0.0000,0.0000,0,0,多换,B,2576.0000,0.0000,0.0000,0.0000,0.0000,2578.0000,0.0000,0.0000,0.0000,0.0000,9,0,0,0,0,90,0,0,0,0
zc,WS305,2012-06-28 09:14:24.153,2578.0000,59608,0,0.0000,0.0000,0,0,多换,B,2576.0000,0.0000,0.0000,0.0000,0.0000,2578.0000,0.0000,0.0000,0.0000,0.0000,19,0,0,0,0,90,0,0,0,0
zc,WS305,2012-06-28 09:14:24.950,2578.0000,59608,0,0.0000,2.0000,1,1,多换,B,2576.0000,0.0000,0.0000,0.0000,0.0000,2578.0000,0.0000,0.0000,0.0000,0.0000,19,0,0,0,0,19,0,0,0,0
zc,WS305,2012-06-28 09:14:27.107,2578.0000,59608,0,0.0000,0.0000,0,0,多换,B,2576.0000,0.0000,0.0000,0.0000,0.0000,2578.0000,0.0000,0.0000,0.0000,0.0000,19,0,0,0,0,89,0,0,0,0
zc,WS305,2012-06-28 09:14:32.887,2578.0000,59608,0,0.0000,0.0000,0,0,多换,B,2577.0000,0.0000,0.0000,0.0000,0.0000,2578.0000,0.0000,0.0000,0.0000,0.0000,1,0,0,0,0,89,0,0,0,0
zc,WS305,2012-06-28 09:14:37.840,2578.0000,59608,0,0.0000,0.0000,0,0,多换,B,2577.0000,0.0000,0.0000,0.0000,0.0000,2578.0000,0.0000,0.0000,0.0000,0.0000,2,0,0,0,0,89,0,0,0,0
zc,WS305,2012-06-28 09:14:38.323,2578.0000,59608,0,0.0000,0.0000,0,0,多换,B,2577.0000,0.0000,0.0000,0.0000,0.0000,2578.0000,0.0000,0.0000,0.0000,0.0000,2,0,0,0,0,99,0,0,0,0
zc,WS305,2012-06-28 09:14:52.340,2577.0000,59610,2,0.0000,2.0000,2,0,双开,S,2577.0000,0.0000,0.0000,0.0000,0.0000,2578.0000,0.0000,0.0000,0.0000,0.0000,1,0,0,0,0,99,0,0,0,0
zc,WS305,2012-06-28 09:14:54.090,2577.0000,59610,0,0.0000,2.0000,1,1,空换,S,2576.0000,0.0000,0.0000,0.0000,0.0000,2577.0000,0.0000,0.0000,0.0000,0.0000,19,0,0,0,0,1,0,0,0,0
zc,WS305,2012-06-28 09:14:56.403,2577.0000,59612,2,0.0000,2.0000,2,0,双开,S,2576.0000,0.0000,0.0000,0.0000,0.0000,2578.0000,0.0000,0.0000,0.0000,0.0000,19,0,0,0,0,99,0,0,0,0
zc,WS305,2012-06-28 09:14:56.840,2577.0000,59612,0,0.0000,0.0000,0,0,空换,S,2577.0000,0.0000,0.0000,0.0000,0.0000,2578.0000,0.0000,0.0000,0.0000,0.0000,1,0,0,0,0,99,0,0,0,0
zc,WS305,2012-06-28 09:15:05.357,2577.0000,59612,0,0.0000,2.0000,1,1,空换,S,2576.0000,0.0000,0.0000,0.0000,0.0000,2578.0000,0.0000,0.0000,0.0000,0.0000,19,0,0,0,0,99,0,0,0,0
zc,WS305,2012-06-28 09:15:06.073,2578.0000,59610,-2,0.0000,2.0000,0,2,双平,B,2576.0000,0.0000,0.0000,0.0000,0.0000,2578.0000,0.0000,0.0000,0.0000,0.0000,19,0,0,0,0,98,0,0,0,0
zc,WS305,2012-06-28 09:15:11.090,2576.0000,59610,0,0.0000,2.0000,1,1,空换,S,2576.0000,0.0000,0.0000,0.0000,0.0000,2578.0000,0.0000,0.0000,0.0000,0.0000,18,0,0,0,0,98,0,0,0,0
zc,WS305,2012-06-28 09:15:14.323,2576.0000,59610,0,0.0000,0.0000,0,0,空换,S,2576.0000,0.0000,0.0000,0.0000,0.0000,2577.0000,0.0000,0.0000,0.0000,0.0000,16,0,0,0,0,9,0,0,0,0
zc,WS305,2012-06-28 09:15:14.857,2576.0000,59610,0,0.0000,0.0000,0,0,空换,S,2576.0000,0.0000,0.0000,0.0000,0.0000,2577.0000,0.0000,0.0000,0.0000,0.0000,16,0,0,0,0,11,0,0,0,0
zc,WS305,2012-06-28 09:15:15.323,2576.0000,59610,0,0.0000,0.0000,0,0,空换,S,2576.0000,0.0000,0.0000,0.0000,0.0000,2577.0000,0.0000,0.0000,0.0000,0.0000,16,0,0,0,0,64,0,0,0,0
zc,WS305,2012-06-28 09:15:16.090,2576.0000,59610,0,0.0000,0.0000,0,0,空换,S,2576.0000,0.0000,0.0000,0.0000,0.0000,2577.0000,0.0000,0.0000,0.0000,0.0000,16,0,0,0,0,66,0,0,0,0
zc,WS305,2012-06-28 09:15:16.590,2576.0000,59610,0,0.0000,0.0000,0,0,空换,S,2576.0000,0.0000,0.0000,0.0000,0.0000,2577.0000,0.0000,0.0000,0.0000,0.0000,16,0,0,0,0,67,0,0,0,0
zc,WS305,2012-06-28 09:15:17.857,2576.0000,59610,0,0.0000,0.0000,0,0,空换,S,2576.0000,0.0000,0.0000,0.0000,0.0000,2577.0000,0.0000,0.0000,0.0000,0.0000,16,0,0,0,0,73,0,0,0,0
zc,WS305,2012-06-28 09:15:18.107,2576.0000,59610,0,0.0000,0.0000,0,0,空换,S,2576.0000,0.0000,0.0000,0.0000,0.0000,2577.0000,0.0000,0.0000,0.0000,0.0000,16,0,0,0,0,75,0,0,0,0
zc,WS305,2012-06-28 09:15:19.120,2576.0000,59610,0,0.0000,0.0000,0,0,空换,S,2576.0000,0.0000,0.0000,0.0000,0.0000,2577.0000,0.0000,0.0000,0.0000,0.0000,16,0,0,0,0,81,0,0,0,0
zc,WS305,2012-06-28 09:15:21.073,2576.0000,59610,0,0.0000,0.0000,0,0,空换,S,2576.0000,0.0000,0.0000,0.0000,0.0000,2577.0000,0.0000,0.0000,0.0000,0.0000,16,0,0,0,0,82,0,0,0,0
zc,WS305,2012-06-28 09:15:21.557,2576.0000,59610,0,0.0000,0.0000,0,0,空换,S,2576.0000,0.0000,0.0000,0.0000,0.0000,2577.0000,0.0000,0.0000,0.0000,0.0000,16,0,0,0,0,83,0,0,0,0
zc,WS305,2012-06-28 09:15:22.090,2576.0000,59610,0,0.0000,0.0000,0,0,空换,S,2576.0000,0.0000,0.0000,0.0000,0.0000,2577.0000,0.0000,0.0000,0.0000,0.0000,16,0,0,0,0,87,0,0,0,0
zc,WS305,2012-06-28 09:15:24.840,2576.0000,59610,0,0.0000,0.0000,0,0,空换,S,2576.0000,0.0000,0.0000,0.0000,0.0000,2577.0000,0.0000,0.0000,0.0000,0.0000,16,0,0,0,0,60,0,0,0,0
zc,WS305,2012-06-28 09:15:25.573,2576.0000,59610,0,0.0000,0.0000,0,0,空换,S,2576.0000,0.0000,0.0000,0.0000,0.0000,2577.0000,0.0000,0.0000,0.0000,0.0000,16,0,0,0,0,61,0,0,0,0
zc,WS305,2012-06-28 09:15:27.107,2576.0000,59610,0,0.0000,0.0000,0,0,空换,S,2576.0000,0.0000,0.0000,0.0000,0.0000,2577.0000,0.0000,0.0000,0.0000,0.0000,16,0,0,0,0,62,0,0,0,0
zc,WS305,2012-06-28 09:15:28.307,2576.0000,59610,0,0.0000,0.0000,0,0,空换,S,2576.0000,0.0000,0.0000,0.0000,0.0000,2577.0000,0.0000,0.0000,0.0000,0.0000,16,0,0,0,0,57,0,0,0,0
zc,WS305,2012-06-28 09:15:28.870,2576.0000,59610,0,0.0000,0.0000,0,0,空换,S,2576.0000,0.0000,0.0000,0.0000,0.0000,2577.0000,0.0000,0.0000,0.0000,0.0000,16,0,0,0,0,59,0,0,0,0
zc,WS305,2012-06-28 09:15:29.323,2576.0000,59610,0,0.0000,0.0000,0,0,空换,S,2576.0000,0.0000,0.0000,0.0000,0.0000,2577.0000,0.0000,0.0000,0.0000,0.0000,16,0,0,0,0,60,0,0,0,0
zc,WS305,2012-06-28 09:15:29.840,2576.0000,59610,0,0.0000,0.0000,0,0,空换,S,2576.0000,0.0000,0.0000,0.0000,0.0000,2577.0000,0.0000,0.0000,0.0000,0.0000,16,0,0,0,0,61,0,0,0,0
zc,WS305,2012-06-28 09:15:30.573,2576.0000,59610,0,0.0000,0.0000,0,0,空换,S,2576.0000,0.0000,0.0000,0.0000,0.0000,2577.0000,0.0000,0.0000,0.0000,0.0000,16,0,0,0,0,79,0,0,0,0
zc,WS305,2012-06-28 09:15:32.387,2576.0000,59610,0,0.0000,0.0000,0,0,空换,S,2576.0000,0.0000,0.0000,0.0000,0.0000,2577.0000,0.0000,0.0000,0.0000,0.0000,16,0,0,0,0,19,0,0,0,0
zc,WS305,2012-06-28 09:15:33.370,2576.0000,59610,0,0.0000,0.0000,0,0,空换,S,2576.0000,0.0000,0.0000,0.0000,0.0000,2577.0000,0.0000,0.0000,0.0000,0.0000,16,0,0,0,0,21,0,0,0,0
