市场代码,合约代码,时间,最新,持仓,增仓,成交额,成交量,开仓,平仓,成交类型,方向,买一价,买二价,买三价,买四价,买五价,卖一价,卖二价,卖三价,卖四价,卖五价,买一量,买二量,买三量,买四量,买五量,卖一量,卖二量,卖三量,卖四量,卖五量
zc,WS301,2012-06-28 07:48:44.700,0.0000,439482,0,0.0000,0.0000,0,0,空换,S,0.0000,0.0000,0.0000,0.0000,0.0000,0.0000,0.0000,0.0000,0.0000,0.0000,0,0,0,0,0,0,0,0,0,0
zc,WS301,2012-06-28 07:58:44.700,0.0000,439482,0,0.0000,0.0000,0,0,空换,S,0.0000,0.0000,0.0000,0.0000,0.0000,0.0000,0.0000,0.0000,0.0000,0.0000,0,0,0,0,0,0,0,0,0,0
zc,WS301,2012-06-28 08:02:44.683,0.0000,439482,0,0.0000,0.0000,0,0,空换,S,0.0000,0.0000,0.0000,0.0000,0.0000,0.0000,0.0000,0.0000,0.0000,0.0000,0,0,0,0,0,0,0,0,0,0
zc,WS301,2012-06-28 08:03:44.700,0.0000,439482,0,0.0000,0.0000,0,0,空换,S,0.0000,0.0000,0.0000,0.0000,0.0000,0.0000,0.0000,0.0000,0.0000,0.0000,0,0,0,0,0,0,0,0,0,0
zc,WS301,2012-06-28 08:20:46.307,0.0000,439482,0,0.0000,0.0000,0,0,空换,S,0.0000,0.0000,0.0000,0.0000,0.0000,0.0000,0.0000,0.0000,0.0000,0.0000,0,0,0,0,0,0,0,0,0,0
zc,WS301,2012-06-28 08:21:46.307,0.0000,439482,0,0.0000,0.0000,0,0,空换,S,0.0000,0.0000,0.0000,0.0000,0.0000,0.0000,0.0000,0.0000,0.0000,0.0000,0,0,0,0,0,0,0,0,0,0
zc,WS301,2012-06-28 08:23:46.323,0.0000,439482,0,0.0000,0.0000,0,0,空换,S,0.0000,0.0000,0.0000,0.0000,0.0000,0.0000,0.0000,0.0000,0.0000,0.0000,0,0,0,0,0,0,0,0,0,0
zc,WS301,2012-06-28 08:24:46.323,0.0000,439482,0,0.0000,0.0000,0,0,空换,S,0.0000,0.0000,0.0000,0.0000,0.0000,0.0000,0.0000,0.0000,0.0000,0.0000,0,0,0,0,0,0,0,0,0,0
zc,WS301,2012-06-28 08:28:46.323,0.0000,439482,0,0.0000,0.0000,0,0,空换,S,0.0000,0.0000,0.0000,0.0000,0.0000,0.0000,0.0000,0.0000,0.0000,0.0000,0,0,0,0,0,0,0,0,0,0
zc,WS301,2012-06-28 08:29:46.323,0.0000,439482,0,0.0000,0.0000,0,0,空换,S,0.0000,0.0000,0.0000,0.0000,0.0000,0.0000,0.0000,0.0000,0.0000,0.0000,0,0,0,0,0,0,0,0,0,0
zc,WS301,2012-06-28 08:30:46.323,0.0000,439482,0,0.0000,0.0000,0,0,空换,S,0.0000,0.0000,0.0000,0.0000,0.0000,0.0000,0.0000,0.0000,0.0000,0.0000,0,0,0,0,0,0,0,0,0,0
zc,WS301,2012-06-28 08:31:46.323,0.0000,439482,0,0.0000,0.0000,0,0,空换,S,0.0000,0.0000,0.0000,0.0000,0.0000,0.0000,0.0000,0.0000,0.0000,0.0000,0,0,0,0,0,0,0,0,0,0
zc,WS301,2012-06-28 08:32:46.323,0.0000,439482,0,0.0000,0.0000,0,0,空换,S,0.0000,0.0000,0.0000,0.0000,0.0000,0.0000,0.0000,0.0000,0.0000,0.0000,0,0,0,0,0,0,0,0,0,0
zc,WS301,2012-06-28 08:33:46.323,0.0000,439482,0,0.0000,0.0000,0,0,空换,S,0.0000,0.0000,0.0000,0.0000,0.0000,0.0000,0.0000,0.0000,0.0000,0.0000,0,0,0,0,0,0,0,0,0,0
zc,WS301,2012-06-28 08:36:46.323,0.0000,439482,0,0.0000,0.0000,0,0,空换,S,0.0000,0.0000,0.0000,0.0000,0.0000,0.0000,0.0000,0.0000,0.0000,0.0000,0,0,0,0,0,0,0,0,0,0
zc,WS301,2012-06-28 08:38:46.323,0.0000,439482,0,0.0000,0.0000,0,0,空换,S,0.0000,0.0000,0.0000,0.0000,0.0000,0.0000,0.0000,0.0000,0.0000,0.0000,0,0,0,0,0,0,0,0,0,0
zc,WS301,2012-06-28 08:43:46.323,0.0000,439482,0,0.0000,0.0000,0,0,空换,S,0.0000,0.0000,0.0000,0.0000,0.0000,0.0000,0.0000,0.0000,0.0000,0.0000,0,0,0,0,0,0,0,0,0,0
zc,WS301,2012-06-28 08:46:46.323,0.0000,439482,0,0.0000,0.0000,0,0,空换,S,0.0000,0.0000,0.0000,0.0000,0.0000,0.0000,0.0000,0.0000,0.0000,0.0000,0,0,0,0,0,0,0,0,0,0
zc,WS301,2012-06-28 08:50:46.307,0.0000,439482,0,0.0000,0.0000,0,0,空换,S,0.0000,0.0000,0.0000,0.0000,0.0000,0.0000,0.0000,0.0000,0.0000,0.0000,0,0,0,0,0,0,0,0,0,0
zc,WS301,2012-06-28 08:52:46.307,0.0000,439482,0,0.0000,0.0000,0,0,空换,S,0.0000,0.0000,0.0000,0.0000,0.0000,0.0000,0.0000,0.0000,0.0000,0.0000,0,0,0,0,0,0,0,0,0,0
zc,WS301,2012-06-28 08:55:02.340,0.0000,439482,0,0.0000,0.0000,0,0,空换,S,0.0000,0.0000,0.0000,0.0000,0.0000,0.0000,0.0000,0.0000,0.0000,0.0000,0,0,0,0,0,0,0,0,0,0
zc,WS301,2012-06-28 08:55:05.807,0.0000,439482,0,0.0000,0.0000,0,0,空换,S,0.0000,0.0000,0.0000,0.0000,0.0000,0.0000,0.0000,0.0000,0.0000,0.0000,0,0,0,0,0,0,0,0,0,0
zc,WS301,2012-06-28 08:55:10.807,0.0000,439482,0,0.0000,0.0000,0,0,空换,S,0.0000,0.0000,0.0000,0.0000,0.0000,0.0000,0.0000,0.0000,0.0000,0.0000,0,0,0,0,0,0,0,0,0,0
zc,WS301,2012-06-28 08:55:14.043,0.0000,439482,0,0.0000,0.0000,0,0,空换,S,0.0000,0.0000,0.0000,0.0000,0.0000,0.0000,0.0000,0.0000,0.0000,0.0000,0,0,0,0,0,0,0,0,0,0
zc,WS301,2012-06-28 08:55:20.543,0.0000,439482,0,0.0000,0.0000,0,0,空换,S,0.0000,0.0000,0.0000,0.0000,0.0000,0.0000,0.0000,0.0000,0.0000,0.0000,0,0,0,0,0,0,0,0,0,0
zc,WS301,2012-06-28 08:55:28.543,0.0000,439482,0,0.0000,0.0000,0,0,空换,S,0.0000,0.0000,0.0000,0.0000,0.0000,0.0000,0.0000,0.0000,0.0000,0.0000,0,0,0,0,0,0,0,0,0,0
zc,WS301,2012-06-28 08:55:31.293,0.0000,439482,0,0.0000,0.0000,0,0,空换,S,0.0000,0.0000,0.0000,0.0000,0.0000,0.0000,0.0000,0.0000,0.0000,0.0000,0,0,0,0,0,0,0,0,0,0
zc,WS301,2012-06-28 08:56:23.807,0.0000,439482,0,0.0000,0.0000,0,0,空换,S,0.0000,0.0000,0.0000,0.0000,0.0000,0.0000,0.0000,0.0000,0.0000,0.0000,0,0,0,0,0,0,0,0,0,0
zc,WS301,2012-06-28 08:57:18.043,0.0000,439482,0,0.0000,0.0000,0,0,空换,S,0.0000,0.0000,0.0000,0.0000,0.0000,0.0000,0.0000,0.0000,0.0000,0.0000,0,0,0,0,0,0,0,0,0,0
zc,WS301,2012-06-28 08:57:46.307,0.0000,439482,0,0.0000,0.0000,0,0,空换,S,0.0000,0.0000,0.0000,0.0000,0.0000,0.0000,0.0000,0.0000,0.0000,0.0000,0,0,0,0,0,0,0,0,0,0
zc,WS301,2012-06-28 08:57:47.807,0.0000,439482,0,0.0000,0.0000,0,0,空换,S,0.0000,0.0000,0.0000,0.0000,0.0000,0.0000,0.0000,0.0000,0.0000,0.0000,0,0,0,0,0,0,0,0,0,0
zc,WS301,2012-06-28 08:58:12.793,0.0000,439482,0,0.0000,0.0000,0,0,空换,S,0.0000,0.0000,0.0000,0.0000,0.0000,0.0000,0.0000,0.0000,0.0000,0.0000,0,0,0,0,0,0,0,0,0,0
zc,WS301,2012-06-28 08:58:18.793,0.0000,439482,0,0.0000,0.0000,0,0,空换,S,0.0000,0.0000,0.0000,0.0000,0.0000,0.0000,0.0000,0.0000,0.0000,0.0000,0,0,0,0,0,0,0,0,0,0
zc,WS301,2012-06-28 08:58:40.043,0.0000,439482,0,0.0000,0.0000,0,0,空换,S,0.0000,0.0000,0.0000,0.0000,0.0000,0.0000,0.0000,0.0000,0.0000,0.0000,0,0,0,0,0,0,0,0,0,0
zc,WS301,2012-06-28 08:58:46.307,0.0000,439482,0,0.0000,0.0000,0,0,空换,S,0.0000,0.0000,0.0000,0.0000,0.0000,0.0000,0.0000,0.0000,0.0000,0.0000,0,0,0,0,0,0,0,0,0,0
zc,WS301,2012-06-28 09:00:02.510,2502.0000,440250,768,0.0000,1200.0000,984,216,多开,B,2502.0000,0.0000,0.0000,0.0000,0.0000,2504.0000,0.0000,0.0000,0.0000,0.0000,195,0,0,0,0,28,0,0,0,0
zc,WS301,2012-06-28 09:00:05.293,2501.0000,440968,718,0.0000,788.0000,753,35,空开,S,2500.0000,0.0000,0.0000,0.0000,0.0000,2501.0000,0.0000,0.0000,0.0000,0.0000,52,0,0,0,0,39,0,0,0,0
zc,WS301,2012-06-28 09:00:05.747,2501.0000,440984,16,0.0000,20.0000,18,2,空开,S,2500.0000,0.0000,0.0000,0.0000,0.0000,2501.0000,0.0000,0.0000,0.0000,0.0000,51,0,0,0,0,30,0,0,0,0
zc,WS301,2012-06-28 09:00:07.010,2501.0000,441016,32,0.0000,64.0000,48,16,空开,S,2500.0000,0.0000,0.0000,0.0000,0.0000,2501.0000,0.0000,0.0000,0.0000,0.0000,47,0,0,0,0,4,0,0,0,0
zc,WS301,2012-06-28 09:00:07.480,2500.0000,441026,10,0.0000,52.0000,31,21,空开,S,2500.0000,0.0000,0.0000,0.0000,0.0000,2502.0000,0.0000,0.0000,0.0000,0.0000,39,0,0,0,0,69,0,0,0,0
zc,WS301,2012-06-28 09:00:08.200,2501.0000,441026,0,0.0000,6.0000,3,3,多换,B,2501.0000,0.0000,0.0000,0.0000,0.0000,2502.0000,0.0000,0.0000,0.0000,0.0000,3,0,0,0,0,121,0,0,0,0
zc,WS301,2012-06-28 09:00:08.467,2502.0000,441026,0,0.0000,8.0000,4,4,多换,B,2501.0000,0.0000,0.0000,0.0000,0.0000,2502.0000,0.0000,0.0000,0.0000,0.0000,50,0,0,0,0,116,0,0,0,0
zc,WS301,2012-06-28 09:00:09.467,2501.0000,441004,-22,0.0000,22.0000,0,22,双平,S,2501.0000,0.0000,0.0000,0.0000,0.0000,2502.0000,0.0000,0.0000,0.0000,0.0000,45,0,0,0,0,117,0,0,0,0
zc,WS301,2012-06-28 09:00:09.950,2501.0000,440970,-34,0.0000,36.0000,1,35,多平,S,2501.0000,0.0000,0.0000,0.0000,0.0000,2502.0000,0.0000,0.0000,0.0000,0.0000,28,0,0,0,0,118,0,0,0,0
zc,WS301,2012-06-28 09:00:10.730,2501.0000,440962,-8,0.0000,18.0000,5,13,多平,S,2501.0000,0.0000,0.0000,0.0000,0.0000,2502.0000,0.0000,0.0000,0.0000,0.0000,24,0,0,0,0,114,0,0,0,0
zc,WS301,2012-06-28 09:00:10.967,2501.0000,440962,0,0.0000,2.0000,1,1,空换,S,2501.0000,0.0000,0.0000,0.0000,0.0000,2502.0000,0.0000,0.0000,0.0000,0.0000,45,0,0,0,0,114,0,0,0,0
zc,WS301,2012-06-28 09:00:11.730,2501.0000,440946,-16,0.0000,42.0000,13,29,多平,S,2501.0000,0.0000,0.0000,0.0000,0.0000,2502.0000,0.0000,0.0000,0.0000,0.0000,44,0,0,0,0,94,0,0,0,0
zc,WS301,2012-06-28 09:00:12.480,2502.0000,440946,0,0.0000,6.0000,3,3,多换,B,2501.0000,0.0000,0.0000,0.0000,0.0000,2502.0000,0.0000,0.0000,0.0000,0.0000,43,0,0,0,0,94,0,0,0,0
zc,WS301,2012-06-28 09:00:13.200,2502.0000,440944,-2,0.0000,4.0000,1,3,空平,B,2501.0000,0.0000,0.0000,0.0000,0.0000,2502.0000,0.0000,0.0000,0.0000,0.0000,43,0,0,0,0,92,0,0,0,0
zc,WS301,2012-06-28 09:00:13.667,2501.0000,440946,2,0.0000,30.0000,16,14,空开,S,2501.0000,0.0000,0.0000,0.0000,0.0000,2502.0000,0.0000,0.0000,0.0000,0.0000,28,0,0,0,0,101,0,0,0,0
zc,WS301,2012-06-28 09:00:14.667,2502.0000,440940,-6,0.0000,96.0000,45,51,空平,B,2500.0000,0.0000,0.0000,0.0000,0.0000,2502.0000,0.0000,0.0000,0.0000,0.0000,288,0,0,0,0,71,0,0,0,0
zc,WS301,2012-06-28 09:00:15.217,2500.0000,440940,0,0.0000,4.0000,2,2,空换,S,2500.0000,0.0000,0.0000,0.0000,0.0000,2501.0000,0.0000,0.0000,0.0000,0.0000,286,0,0,0,0,6,0,0,0,0
zc,WS301,2012-06-28 09:00:16.183,2500.0000,440940,0,0.0000,6.0000,3,3,空换,S,2500.0000,0.0000,0.0000,0.0000,0.0000,2501.0000,0.0000,0.0000,0.0000,0.0000,285,0,0,0,0,8,0,0,0,0
zc,WS301,2012-06-28 09:00:16.717,2502.0000,440940,0,0.0000,24.0000,12,12,多换,B,2501.0000,0.0000,0.0000,0.0000,0.0000,2502.0000,0.0000,0.0000,0.0000,0.0000,1,0,0,0,0,89,0,0,0,0
zc,WS301,2012-06-28 09:00:17.200,2500.0000,440940,0,0.0000,4.0000,2,2,空换,S,2500.0000,0.0000,0.0000,0.0000,0.0000,2502.0000,0.0000,0.0000,0.0000,0.0000,295,0,0,0,0,89,0,0,0,0
zc,WS301,2012-06-28 09:00:17.997,2501.0000,440932,-8,0.0000,24.0000,8,16,空平,B,2501.0000,0.0000,0.0000,0.0000,0.0000,2502.0000,0.0000,0.0000,0.0000,0.0000,12,0,0,0,0,92,0,0,0,0
zc,WS301,2012-06-28 09:00:18.700,2502.0000,440950,18,0.0000,42.0000,30,12,多开,B,2501.0000,0.0000,0.0000,0.0000,0.0000,2502.0000,0.0000,0.0000,0.0000,0.0000,11,0,0,0,0,74,0,0,0,0
zc,WS301,2012-06-28 09:00:19.200,2501.0000,440950,0,0.0000,4.0000,2,2,空换,S,2501.0000,0.0000,0.0000,0.0000,0.0000,2502.0000,0.0000,0.0000,0.0000,0.0000,10,0,0,0,0,74,0,0,0,0
zc,WS301,2012-06-28 09:00:20.480,2501.0000,440964,14,0.0000,20.0000,17,3,空开,S,2501.0000,0.0000,0.0000,0.0000,0.0000,2502.0000,0.0000,0.0000,0.0000,0.0000,11,0,0,0,0,92,0,0,0,0
zc,WS301,2012-06-28 09:00:21.183,2502.0000,440972,8,0.0000,30.0000,19,11,多开,B,2501.0000,0.0000,0.0000,0.0000,0.0000,2502.0000,0.0000,0.0000,0.0000,0.0000,4,0,0,0,0,85,0,0,0,0
zc,WS301,2012-06-28 09:00:21.433,2501.0000,440970,-2,0.0000,4.0000,1,3,多平,S,2501.0000,0.0000,0.0000,0.0000,0.0000,2502.0000,0.0000,0.0000,0.0000,0.0000,9,0,0,0,0,85,0,0,0,0
zc,WS301,2012-06-28 09:00:22.200,2501.0000,440954,-16,0.0000,20.0000,2,18,多平,S,2500.0000,0.0000,0.0000,0.0000,0.0000,2501.0000,0.0000,0.0000,0.0000,0.0000,307,0,0,0,0,94,0,0,0,0
zc,WS301,2012-06-28 09:00:23.200,2501.0000,440952,-2,0.0000,24.0000,11,13,多平,S,2500.0000,0.0000,0.0000,0.0000,0.0000,2501.0000,0.0000,0.0000,0.0000,0.0000,307,0,0,0,0,151,0,0,0,0
zc,WS301,2012-06-28 09:00:23.933,2501.0000,440948,-4,0.0000,72.0000,34,38,多平,S,2500.0000,0.0000,0.0000,0.0000,0.0000,2501.0000,0.0000,0.0000,0.0000,0.0000,307,0,0,0,0,117,0,0,0,0
zc,WS301,2012-06-28 09:00:24.433,2500.0000,440948,0,0.0000,92.0000,46,46,空换,S,2500.0000,0.0000,0.0000,0.0000,0.0000,2501.0000,0.0000,0.0000,0.0000,0.0000,306,0,0,0,0,73,0,0,0,0
zc,WS301,2012-06-28 09:00:25.183,2500.0000,440948,0,0.0000,4.0000,2,2,空换,S,2500.0000,0.0000,0.0000,0.0000,0.0000,2501.0000,0.0000,0.0000,0.0000,0.0000,305,0,0,0,0,72,0,0,0,0
zc,WS301,2012-06-28 09:00:25.747,2501.0000,440956,8,0.0000,14.0000,11,3,多开,B,2500.0000,0.0000,0.0000,0.0000,0.0000,2501.0000,0.0000,0.0000,0.0000,0.0000,301,0,0,0,0,69,0,0,0,0
zc,WS301,2012-06-28 09:00:26.717,2501.0000,440892,-64,0.0000,102.0000,19,83,空平,B,2500.0000,0.0000,0.0000,0.0000,0.0000,2501.0000,0.0000,0.0000,0.0000,0.0000,271,0,0,0,0,68,0,0,0,0
zc,WS301,2012-06-28 09:00:27.230,2501.0000,440902,10,0.0000,22.0000,16,6,多开,B,2500.0000,0.0000,0.0000,0.0000,0.0000,2501.0000,0.0000,0.0000,0.0000,0.0000,280,0,0,0,0,67,0,0,0,0
zc,WS301,2012-06-28 09:00:27.620,2501.0000,440908,6,0.0000,18.0000,12,6,多开,B,2500.0000,0.0000,0.0000,0.0000,0.0000,2501.0000,0.0000,0.0000,0.0000,0.0000,274,0,0,0,0,64,0,0,0,0
zc,WS301,2012-06-28 09:00:28.527,2501.0000,440916,8,0.0000,8.0000,8,0,双开,B,2500.0000,0.0000,0.0000,0.0000,0.0000,2501.0000,0.0000,0.0000,0.0000,0.0000,274,0,0,0,0,60,0,0,0,0
zc,WS301,2012-06-28 09:00:29.217,2501.0000,440916,0,0.0000,2.0000,1,1,多换,B,2500.0000,0.0000,0.0000,0.0000,0.0000,2501.0000,0.0000,0.0000,0.0000,0.0000,276,0,0,0,0,59,0,0,0,0
zc,WS301,2012-06-28 09:00:29.950,2500.0000,440916,0,0.0000,16.0000,8,8,空换,S,2500.0000,0.0000,0.0000,0.0000,0.0000,2501.0000,0.0000,0.0000,0.0000,0.0000,269,0,0,0,0,64,0,0,0,0
zc,WS301,2012-06-28 09:00:30.700,2501.0000,440920,4,0.0000,6.0000,5,1,多开,B,2500.0000,0.0000,0.0000,0.0000,0.0000,2501.0000,0.0000,0.0000,0.0000,0.0000,269,0,0,0,0,65,0,0,0,0
zc,WS301,2012-06-28 09:00:31.200,2500.0000,440932,12,0.0000,424.0000,218,206,空开,S,2500.0000,0.0000,0.0000,0.0000,0.0000,2501.0000,0.0000,0.0000,0.0000,0.0000,59,0,0,0,0,69,0,0,0,0
zc,WS301,2012-06-28 09:00:31.933,2500.0000,440954,22,0.0000,28.0000,25,3,空开,S,2500.0000,0.0000,0.0000,0.0000,0.0000,2501.0000,0.0000,0.0000,0.0000,0.0000,45,0,0,0,0,70,0,0,0,0
zc,WS301,2012-06-28 09:00:32.717,2500.0000,441026,72,0.0000,94.0000,83,11,空开,S,2499.0000,0.0000,0.0000,0.0000,0.0000,2500.0000,0.0000,0.0000,0.0000,0.0000,2,0,0,0,0,118,0,0,0,0
zc,WS301,2012-06-28 09:00:33.217,2499.0000,441028,2,0.0000,8.0000,5,3,空开,S,2499.0000,0.0000,0.0000,0.0000,0.0000,2500.0000,0.0000,0.0000,0.0000,0.0000,1,0,0,0,0,116,0,0,0,0
zc,WS301,2012-06-28 09:00:33.967,2500.0000,441108,80,0.0000,80.0000,80,0,双开,B,2499.0000,0.0000,0.0000,0.0000,0.0000,2500.0000,0.0000,0.0000,0.0000,0.0000,1,0,0,0,0,76,0,0,0,0
zc,WS301,2012-06-28 09:00:34.700,2498.0000,441112,4,0.0000,6.0000,5,1,空开,S,2498.0000,0.0000,0.0000,0.0000,0.0000,2500.0000,0.0000,0.0000,0.0000,0.0000,212,0,0,0,0,83,0,0,0,0
zc,WS301,2012-06-28 09:00:35.217,2498.0000,441112,0,0.0000,0.0000,0,0,空换,S,2498.0000,0.0000,0.0000,0.0000,0.0000,2500.0000,0.0000,0.0000,0.0000,0.0000,214,0,0,0,0,83,0,0,0,0
zc,WS301,2012-06-28 09:00:35.933,2498.0000,441088,-24,0.0000,50.0000,13,37,多平,S,2498.0000,0.0000,0.0000,0.0000,0.0000,2500.0000,0.0000,0.0000,0.0000,0.0000,192,0,0,0,0,84,0,0,0,0
zc,WS301,2012-06-28 09:00:36.467,2498.0000,441110,22,0.0000,22.0000,22,0,双开,S,2498.0000,0.0000,0.0000,0.0000,0.0000,2499.0000,0.0000,0.0000,0.0000,0.0000,181,0,0,0,0,7,0,0,0,0
zc,WS301,2012-06-28 09:00:37.167,2499.0000,441112,2,0.0000,14.0000,8,6,多开,B,2498.0000,0.0000,0.0000,0.0000,0.0000,2499.0000,0.0000,0.0000,0.0000,0.0000,180,0,0,0,0,1,0,0,0,0
zc,WS301,2012-06-28 09:00:37.683,2498.0000,441112,0,0.0000,12.0000,6,6,空换,S,2498.0000,0.0000,0.0000,0.0000,0.0000,2500.0000,0.0000,0.0000,0.0000,0.0000,177,0,0,0,0,91,0,0,0,0
zc,WS301,2012-06-28 09:00:38.433,2499.0000,441120,8,0.0000,40.0000,24,16,多开,B,2499.0000,0.0000,0.0000,0.0000,0.0000,2500.0000,0.0000,0.0000,0.0000,0.0000,3,0,0,0,0,90,0,0,0,0
zc,WS301,2012-06-28 09:00:38.980,2499.0000,441120,0,0.0000,6.0000,3,3,多换,B,2498.0000,0.0000,0.0000,0.0000,0.0000,2500.0000,0.0000,0.0000,0.0000,0.0000,163,0,0,0,0,87,0,0,0,0
zc,WS301,2012-06-28 09:00:39.667,2498.0000,441114,-6,0.0000,60.0000,27,33,多平,S,2498.0000,0.0000,0.0000,0.0000,0.0000,2500.0000,0.0000,0.0000,0.0000,0.0000,144,0,0,0,0,86,0,0,0,0
zc,WS301,2012-06-28 09:00:40.217,2500.0000,441116,2,0.0000,2.0000,2,0,双开,B,2498.0000,0.0000,0.0000,0.0000,0.0000,2500.0000,0.0000,0.0000,0.0000,0.0000,146,0,0,0,0,88,0,0,0,0
zc,WS301,2012-06-28 09:00:40.933,2498.0000,441076,-40,0.0000,294.0000,127,167,多平,S,2497.0000,0.0000,0.0000,0.0000,0.0000,2498.0000,0.0000,0.0000,0.0000,0.0000,334,0,0,0,0,156,0,0,0,0
zc,WS301,2012-06-28 09:00:41.450,2498.0000,441076,0,0.0000,2.0000,1,1,空换,S,2497.0000,0.0000,0.0000,0.0000,0.0000,2498.0000,0.0000,0.0000,0.0000,0.0000,336,0,0,0,0,156,0,0,0,0
zc,WS301,2012-06-28 09:00:41.917,2498.0000,441076,0,0.0000,2.0000,1,1,空换,S,2497.0000,0.0000,0.0000,0.0000,0.0000,2498.0000,0.0000,0.0000,0.0000,0.0000,336,0,0,0,0,155,0,0,0,0
zc,WS301,2012-06-28 09:00:42.683,2497.0000,441076,0,0.0000,44.0000,22,22,空换,S,2497.0000,0.0000,0.0000,0.0000,0.0000,2498.0000,0.0000,0.0000,0.0000,0.0000,325,0,0,0,0,144,0,0,0,0
zc,WS301,2012-06-28 09:00:43.497,2498.0000,441076,0,0.0000,14.0000,7,7,多换,B,2497.0000,0.0000,0.0000,0.0000,0.0000,2498.0000,0.0000,0.0000,0.0000,0.0000,327,0,0,0,0,139,0,0,0,0
zc,WS301,2012-06-28 09:00:43.933,2497.0000,441076,0,0.0000,10.0000,5,5,空换,S,2497.0000,0.0000,0.0000,0.0000,0.0000,2498.0000,0.0000,0.0000,0.0000,0.0000,326,0,0,0,0,135,0,0,0,0
zc,WS301,2012-06-28 09:00:44.683,2497.0000,441072,-4,0.0000,38.0000,17,21,多平,S,2497.0000,0.0000,0.0000,0.0000,0.0000,2498.0000,0.0000,0.0000,0.0000,0.0000,323,0,0,0,0,166,0,0,0,0
zc,WS301,2012-06-28 09:00:45.183,2497.0000,441086,14,0.0000,26.0000,20,6,空开,S,2497.0000,0.0000,0.0000,0.0000,0.0000,2498.0000,0.0000,0.0000,0.0000,0.0000,320,0,0,0,0,164,0,0,0,0
zc,WS301,2012-06-28 09:00:45.950,2498.0000,441080,-6,0.0000,44.0000,19,25,空平,B,2497.0000,0.0000,0.0000,0.0000,0.0000,2498.0000,0.0000,0.0000,0.0000,0.0000,305,0,0,0,0,355,0,0,0,0
zc,WS301,2012-06-28 09:00:46.467,2497.0000,441088,8,0.0000,12.0000,10,2,空开,S,2497.0000,0.0000,0.0000,0.0000,0.0000,2498.0000,0.0000,0.0000,0.0000,0.0000,298,0,0,0,0,359,0,0,0,0
zc,WS301,2012-06-28 09:00:47.167,2498.0000,441092,4,0.0000,24.0000,14,10,多开,B,2497.0000,0.0000,0.0000,0.0000,0.0000,2498.0000,0.0000,0.0000,0.0000,0.0000,287,0,0,0,0,365,0,0,0,0
zc,WS301,2012-06-28 09:00:47.653,2498.0000,440990,-102,0.0000,102.0000,0,102,双平,B,2497.0000,0.0000,0.0000,0.0000,0.0000,2498.0000,0.0000,0.0000,0.0000,0.0000,284,0,0,0,0,314,0,0,0,0
zc,WS301,2012-06-28 09:00:48.467,2497.0000,441184,194,0.0000,568.0000,381,187,空开,S,2496.0000,0.0000,0.0000,0.0000,0.0000,2497.0000,0.0000,0.0000,0.0000,0.0000,315,0,0,0,0,381,0,0,0,0
zc,WS301,2012-06-28 09:00:48.887,2497.0000,441184,0,0.0000,2.0000,1,1,空换,S,2496.0000,0.0000,0.0000,0.0000,0.0000,2497.0000,0.0000,0.0000,0.0000,0.0000,320,0,0,0,0,384,0,0,0,0
zc,WS301,2012-06-28 09:00:49.653,2496.0000,441124,-60,0.0000,64.0000,2,62,多平,S,2496.0000,0.0000,0.0000,0.0000,0.0000,2497.0000,0.0000,0.0000,0.0000,0.0000,292,0,0,0,0,389,0,0,0,0
zc,WS301,2012-06-28 09:00:50.450,2496.0000,441118,-6,0.0000,10.0000,2,8,多平,S,2496.0000,0.0000,0.0000,0.0000,0.0000,2497.0000,0.0000,0.0000,0.0000,0.0000,291,0,0,0,0,393,0,0,0,0
zc,WS301,2012-06-28 09:00:50.933,2496.0000,441118,0,0.0000,32.0000,16,16,空换,S,2496.0000,0.0000,0.0000,0.0000,0.0000,2497.0000,0.0000,0.0000,0.0000,0.0000,275,0,0,0,0,404,0,0,0,0
zc,WS301,2012-06-28 09:00:51.683,2496.0000,441098,-20,0.0000,314.0000,147,167,多平,S,2496.0000,0.0000,0.0000,0.0000,0.0000,2497.0000,0.0000,0.0000,0.0000,0.0000,119,0,0,0,0,409,0,0,0,0
zc,WS301,2012-06-28 09:00:52.167,2496.0000,441154,56,0.0000,90.0000,73,17,空开,S,2496.0000,0.0000,0.0000,0.0000,0.0000,2497.0000,0.0000,0.0000,0.0000,0.0000,77,0,0,0,0,407,0,0,0,0
zc,WS301,2012-06-28 09:00:52.967,2496.0000,441180,26,0.0000,28.0000,27,1,空开,S,2496.0000,0.0000,0.0000,0.0000,0.0000,2497.0000,0.0000,0.0000,0.0000,0.0000,114,0,0,0,0,408,0,0,0,0
zc,WS301,2012-06-28 09:00:53.403,2496.0000,441178,-2,0.0000,38.0000,18,20,多平,S,2496.0000,0.0000,0.0000,0.0000,0.0000,2497.0000,0.0000,0.0000,0.0000,0.0000,107,0,0,0,0,402,0,0,0,0
zc,WS301,2012-06-28 09:00:54.137,2496.0000,441194,16,0.0000,26.0000,21,5,空开,S,2496.0000,0.0000,0.0000,0.0000,0.0000,2497.0000,0.0000,0.0000,0.0000,0.0000,96,0,0,0,0,422,0,0,0,0
zc,WS301,2012-06-28 09:00:55.183,2496.0000,441230,36,0.0000,46.0000,41,5,空开,S,2496.0000,0.0000,0.0000,0.0000,0.0000,2497.0000,0.0000,0.0000,0.0000,0.0000,79,0,0,0,0,422,0,0,0,0
zc,WS301,2012-06-28 09:00:55.700,2496.0000,441234,4,0.0000,22.0000,13,9,空开,S,2496.0000,0.0000,0.0000,0.0000,0.0000,2497.0000,0.0000,0.0000,0.0000,0.0000,69,0,0,0,0,420,0,0,0,0
zc,WS301,2012-06-28 09:00:56.137,2496.0000,441372,138,0.0000,140.0000,139,1,空开,S,2495.0000,0.0000,0.0000,0.0000,0.0000,2496.0000,0.0000,0.0000,0.0000,0.0000,422,0,0,0,0,11,0,0,0,0
zc,WS301,2012-06-28 09:00:56.903,2496.0000,441374,2,0.0000,26.0000,14,12,空开,S,2496.0000,0.0000,0.0000,0.0000,0.0000,2497.0000,0.0000,0.0000,0.0000,0.0000,325,0,0,0,0,419,0,0,0,0
zc,WS301,2012-06-28 09:00:57.387,2496.0000,441336,-38,0.0000,38.0000,0,38,双平,S,2496.0000,0.0000,0.0000,0.0000,0.0000,2497.0000,0.0000,0.0000,0.0000,0.0000,438,0,0,0,0,402,0,0,0,0
zc,WS301,2012-06-28 09:00:58.153,2496.0000,441326,-10,0.0000,72.0000,31,41,多平,S,2496.0000,0.0000,0.0000,0.0000,0.0000,2497.0000,0.0000,0.0000,0.0000,0.0000,403,0,0,0,0,401,0,0,0,0
zc,WS301,2012-06-28 09:00:58.683,2497.0000,441180,-146,0.0000,146.0000,0,146,双平,B,2496.0000,0.0000,0.0000,0.0000,0.0000,2497.0000,0.0000,0.0000,0.0000,0.0000,404,0,0,0,0,333,0,0,0,0
zc,WS301,2012-06-28 09:00:59.387,2496.0000,440984,-196,0.0000,200.0000,2,198,多平,S,2496.0000,0.0000,0.0000,0.0000,0.0000,2497.0000,0.0000,0.0000,0.0000,0.0000,398,0,0,0,0,287,0,0,0,0
zc,WS301,2012-06-28 09:01:00.433,2497.0000,440500,-484,0.0000,532.0000,24,508,空平,B,2496.0000,0.0000,0.0000,0.0000,0.0000,2497.0000,0.0000,0.0000,0.0000,0.0000,318,0,0,0,0,73,0,0,0,0
zc,WS301,2012-06-28 09:01:01.183,2497.0000,440610,110,0.0000,154.0000,132,22,多开,B,2497.0000,0.0000,0.0000,0.0000,0.0000,2498.0000,0.0000,0.0000,0.0000,0.0000,48,0,0,0,0,252,0,0,0,0
zc,WS301,2012-06-28 09:01:01.917,2498.0000,440610,0,0.0000,6.0000,3,3,多换,B,2497.0000,0.0000,0.0000,0.0000,0.0000,2498.0000,0.0000,0.0000,0.0000,0.0000,48,0,0,0,0,267,0,0,0,0
zc,WS301,2012-06-28 09:01:02.403,2497.0000,440614,4,0.0000,4.0000,4,0,双开,S,2497.0000,0.0000,0.0000,0.0000,0.0000,2498.0000,0.0000,0.0000,0.0000,0.0000,50,0,0,0,0,267,0,0,0,0
zc,WS301,2012-06-28 09:01:03.167,2498.0000,440614,0,0.0000,4.0000,2,2,多换,B,2497.0000,0.0000,0.0000,0.0000,0.0000,2498.0000,0.0000,0.0000,0.0000,0.0000,55,0,0,0,0,266,0,0,0,0
zc,WS301,2012-06-28 09:01:03.700,2498.0000,440614,0,0.0000,4.0000,2,2,多换,B,2497.0000,0.0000,0.0000,0.0000,0.0000,2498.0000,0.0000,0.0000,0.0000,0.0000,56,0,0,0,0,264,0,0,0,0
zc,WS301,2012-06-28 09:01:04.433,2497.0000,440634,20,0.0000,24.0000,22,2,空开,S,2497.0000,0.0000,0.0000,0.0000,0.0000,2498.0000,0.0000,0.0000,0.0000,0.0000,45,0,0,0,0,263,0,0,0,0
zc,WS301,2012-06-28 09:01:04.683,2497.0000,440634,0,0.0000,0.0000,0,0,空换,S,2497.0000,0.0000,0.0000,0.0000,0.0000,2498.0000,0.0000,0.0000,0.0000,0.0000,51,0,0,0,0,262,0,0,0,0
zc,WS301,2012-06-28 09:01:05.467,2497.0000,440638,4,0.0000,30.0000,17,13,空开,S,2497.0000,0.0000,0.0000,0.0000,0.0000,2498.0000,0.0000,0.0000,0.0000,0.0000,49,0,0,0,0,249,0,0,0,0
zc,WS301,2012-06-28 09:01:06.153,2497.0000,440716,78,0.0000,98.0000,88,10,空开,S,2496.0000,0.0000,0.0000,0.0000,0.0000,2497.0000,0.0000,0.0000,0.0000,0.0000,382,0,0,0,0,52,0,0,0,0
zc,WS301,2012-06-28 09:01:06.667,2497.0000,440720,4,0.0000,4.0000,4,0,双开,S,2496.0000,0.0000,0.0000,0.0000,0.0000,2497.0000,0.0000,0.0000,0.0000,0.0000,383,0,0,0,0,50,0,0,0,0
zc,WS301,2012-06-28 09:01:07.370,2497.0000,440728,8,0.0000,8.0000,8,0,双开,S,2496.0000,0.0000,0.0000,0.0000,0.0000,2497.0000,0.0000,0.0000,0.0000,0.0000,385,0,0,0,0,58,0,0,0,0
zc,WS301,2012-06-28 09:01:07.870,2497.0000,440742,14,0.0000,14.0000,14,0,双开,S,2496.0000,0.0000,0.0000,0.0000,0.0000,2497.0000,0.0000,0.0000,0.0000,0.0000,382,0,0,0,0,51,0,0,0,0
zc,WS301,2012-06-28 09:01:08.620,2497.0000,440752,10,0.0000,48.0000,29,19,空开,S,2496.0000,0.0000,0.0000,0.0000,0.0000,2497.0000,0.0000,0.0000,0.0000,0.0000,371,0,0,0,0,39,0,0,0,0
zc,WS301,2012-06-28 09:01:09.167,2497.0000,440754,2,0.0000,2.0000,2,0,双开,S,2496.0000,0.0000,0.0000,0.0000,0.0000,2497.0000,0.0000,0.0000,0.0000,0.0000,373,0,0,0,0,43,0,0,0,0
zc,WS301,2012-06-28 09:01:09.933,2497.0000,440744,-10,0.0000,86.0000,38,48,多平,S,2497.0000,0.0000,0.0000,0.0000,0.0000,2498.0000,0.0000,0.0000,0.0000,0.0000,43,0,0,0,0,254,0,0,0,0
zc,WS301,2012-06-28 09:01:10.120,2497.0000,440716,-28,0.0000,28.0000,0,28,双平,S,2497.0000,0.0000,0.0000,0.0000,0.0000,2498.0000,0.0000,0.0000,0.0000,0.0000,31,0,0,0,0,254,0,0,0,0
zc,WS301,2012-06-28 09:01:10.870,2498.0000,440712,-4,0.0000,10.0000,3,7,空平,B,2497.0000,0.0000,0.0000,0.0000,0.0000,2498.0000,0.0000,0.0000,0.0000,0.0000,40,0,0,0,0,252,0,0,0,0
zc,WS301,2012-06-28 09:01:11.387,2498.0000,440712,0,0.0000,0.0000,0,0,多换,B,2497.0000,0.0000,0.0000,0.0000,0.0000,2498.0000,0.0000,0.0000,0.0000,0.0000,45,0,0,0,0,257,0,0,0,0
zc,WS301,2012-06-28 09:01:12.137,2498.0000,440712,0,0.0000,2.0000,1,1,多换,B,2497.0000,0.0000,0.0000,0.0000,0.0000,2498.0000,0.0000,0.0000,0.0000,0.0000,45,0,0,0,0,256,0,0,0,0
zc,WS301,2012-06-28 09:01:12.637,2498.0000,440712,0,0.0000,0.0000,0,0,多换,B,2497.0000,0.0000,0.0000,0.0000,0.0000,2498.0000,0.0000,0.0000,0.0000,0.0000,45,0,0,0,0,260,0,0,0,0
zc,WS301,2012-06-28 09:01:13.417,2498.0000,440712,0,0.0000,0.0000,0,0,多换,B,2497.0000,0.0000,0.0000,0.0000,0.0000,2498.0000,0.0000,0.0000,0.0000,0.0000,48,0,0,0,0,260,0,0,0,0
zc,WS301,2012-06-28 09:01:13.917,2498.0000,440712,0,0.0000,0.0000,0,0,多换,B,2497.0000,0.0000,0.0000,0.0000,0.0000,2498.0000,0.0000,0.0000,0.0000,0.0000,68,0,0,0,0,260,0,0,0,0
zc,WS301,2012-06-28 09:01:14.370,2497.0000,440688,-24,0.0000,36.0000,6,30,多平,S,2497.0000,0.0000,0.0000,0.0000,0.0000,2498.0000,0.0000,0.0000,0.0000,0.0000,58,0,0,0,0,325,0,0,0,0
zc,WS301,2012-06-28 09:01:15.107,2497.0000,440694,6,0.0000,24.0000,15,9,空开,S,2497.0000,0.0000,0.0000,0.0000,0.0000,2498.0000,0.0000,0.0000,0.0000,0.0000,56,0,0,0,0,325,0,0,0,0
zc,WS301,2012-06-28 09:01:15.683,2497.0000,440694,0,0.0000,8.0000,4,4,空换,S,2497.0000,0.0000,0.0000,0.0000,0.0000,2498.0000,0.0000,0.0000,0.0000,0.0000,55,0,0,0,0,251,0,0,0,0
zc,WS301,2012-06-28 09:01:16.403,2498.0000,440688,-6,0.0000,6.0000,0,6,双平,B,2497.0000,0.0000,0.0000,0.0000,0.0000,2498.0000,0.0000,0.0000,0.0000,0.0000,56,0,0,0,0,248,0,0,0,0
zc,WS301,2012-06-28 09:01:16.950,2498.0000,440688,0,0.0000,0.0000,0,0,多换,B,2497.0000,0.0000,0.0000,0.0000,0.0000,2498.0000,0.0000,0.0000,0.0000,0.0000,57,0,0,0,0,248,0,0,0,0
zc,WS301,2012-06-28 09:01:17.417,2498.0000,440692,4,0.0000,12.0000,8,4,多开,B,2497.0000,0.0000,0.0000,0.0000,0.0000,2498.0000,0.0000,0.0000,0.0000,0.0000,66,0,0,0,0,248,0,0,0,0
zc,WS301,2012-06-28 09:01:17.917,2497.0000,440686,-6,0.0000,6.0000,0,6,双平,S,2497.0000,0.0000,0.0000,0.0000,0.0000,2498.0000,0.0000,0.0000,0.0000,0.0000,65,0,0,0,0,254,0,0,0,0
zc,WS301,2012-06-28 09:01:18.950,2498.0000,440686,0,0.0000,200.0000,100,100,多换,B,2497.0000,0.0000,0.0000,0.0000,0.0000,2498.0000,0.0000,0.0000,0.0000,0.0000,132,0,0,0,0,154,0,0,0,0
zc,WS301,2012-06-28 09:01:19.450,2497.0000,440686,0,0.0000,4.0000,2,2,空换,S,2497.0000,0.0000,0.0000,0.0000,0.0000,2498.0000,0.0000,0.0000,0.0000,0.0000,143,0,0,0,0,153,0,0,0,0
zc,WS301,2012-06-28 09:01:20.167,2497.0000,440684,-2,0.0000,68.0000,33,35,多平,S,2497.0000,0.0000,0.0000,0.0000,0.0000,2498.0000,0.0000,0.0000,0.0000,0.0000,153,0,0,0,0,122,0,0,0,0
zc,WS301,2012-06-28 09:01:20.620,2497.0000,440620,-64,0.0000,68.0000,2,66,多平,S,2497.0000,0.0000,0.0000,0.0000,0.0000,2498.0000,0.0000,0.0000,0.0000,0.0000,151,0,0,0,0,92,0,0,0,0
zc,WS301,2012-06-28 09:01:21.387,2498.0000,440620,0,0.0000,2.0000,1,1,多换,B,2497.0000,0.0000,0.0000,0.0000,0.0000,2498.0000,0.0000,0.0000,0.0000,0.0000,152,0,0,0,0,91,0,0,0,0
zc,WS301,2012-06-28 09:01:21.887,2498.0000,440604,-16,0.0000,40.0000,12,28,空平,B,2497.0000,0.0000,0.0000,0.0000,0.0000,2498.0000,0.0000,0.0000,0.0000,0.0000,145,0,0,0,0,81,0,0,0,0
zc,WS301,2012-06-28 09:01:22.387,2498.0000,440604,0,0.0000,2.0000,1,1,多换,B,2497.0000,0.0000,0.0000,0.0000,0.0000,2498.0000,0.0000,0.0000,0.0000,0.0000,145,0,0,0,0,80,0,0,0,0
zc,WS301,2012-06-28 09:01:23.120,2498.0000,440604,0,0.0000,8.0000,4,4,多换,B,2497.0000,0.0000,0.0000,0.0000,0.0000,2498.0000,0.0000,0.0000,0.0000,0.0000,151,0,0,0,0,79,0,0,0,0
zc,WS301,2012-06-28 09:01:23.620,2498.0000,440602,-2,0.0000,16.0000,7,9,空平,B,2497.0000,0.0000,0.0000,0.0000,0.0000,2498.0000,0.0000,0.0000,0.0000,0.0000,154,0,0,0,0,70,0,0,0,0
zc,WS301,2012-06-28 09:01:24.387,2498.0000,440602,0,0.0000,4.0000,2,2,多换,B,2497.0000,0.0000,0.0000,0.0000,0.0000,2498.0000,0.0000,0.0000,0.0000,0.0000,159,0,0,0,0,69,0,0,0,0
zc,WS301,2012-06-28 09:01:24.857,2497.0000,440598,-4,0.0000,18.0000,7,11,多平,S,2497.0000,0.0000,0.0000,0.0000,0.0000,2498.0000,0.0000,0.0000,0.0000,0.0000,156,0,0,0,0,61,0,0,0,0
zc,WS301,2012-06-28 09:01:25.637,2498.0000,440598,0,0.0000,20.0000,10,10,多换,B,2497.0000,0.0000,0.0000,0.0000,0.0000,2498.0000,0.0000,0.0000,0.0000,0.0000,166,0,0,0,0,51,0,0,0,0
zc,WS301,2012-06-28 09:01:26.120,2498.0000,440598,0,0.0000,16.0000,8,8,多换,B,2497.0000,0.0000,0.0000,0.0000,0.0000,2498.0000,0.0000,0.0000,0.0000,0.0000,167,0,0,0,0,45,0,0,0,0
zc,WS301,2012-06-28 09:01:26.887,2498.0000,440602,4,0.0000,36.0000,20,16,多开,B,2497.0000,0.0000,0.0000,0.0000,0.0000,2498.0000,0.0000,0.0000,0.0000,0.0000,153,0,0,0,0,43,0,0,0,0
zc,WS301,2012-06-28 09:01:27.387,2498.0000,440602,0,0.0000,4.0000,2,2,多换,B,2497.0000,0.0000,0.0000,0.0000,0.0000,2498.0000,0.0000,0.0000,0.0000,0.0000,154,0,0,0,0,51,0,0,0,0
zc,WS301,2012-06-28 09:01:28.200,2498.0000,440598,-4,0.0000,10.0000,3,7,空平,B,2497.0000,0.0000,0.0000,0.0000,0.0000,2498.0000,0.0000,0.0000,0.0000,0.0000,155,0,0,0,0,52,0,0,0,0
zc,WS301,2012-06-28 09:01:28.590,2498.0000,440634,36,0.0000,52.0000,44,8,多开,B,2497.0000,0.0000,0.0000,0.0000,0.0000,2498.0000,0.0000,0.0000,0.0000,0.0000,156,0,0,0,0,64,0,0,0,0
zc,WS301,2012-06-28 09:01:29.387,2498.0000,440636,2,0.0000,10.0000,6,4,多开,B,2497.0000,0.0000,0.0000,0.0000,0.0000,2498.0000,0.0000,0.0000,0.0000,0.0000,157,0,0,0,0,63,0,0,0,0
zc,WS301,2012-06-28 09:01:29.667,2498.0000,440640,4,0.0000,12.0000,8,4,多开,B,2497.0000,0.0000,0.0000,0.0000,0.0000,2498.0000,0.0000,0.0000,0.0000,0.0000,175,0,0,0,0,101,0,0,0,0
zc,WS301,2012-06-28 09:01:30.340,2497.0000,440660,20,0.0000,54.0000,37,17,空开,S,2497.0000,0.0000,0.0000,0.0000,0.0000,2498.0000,0.0000,0.0000,0.0000,0.0000,150,0,0,0,0,98,0,0,0,0
zc,WS301,2012-06-28 09:01:30.887,2498.0000,440662,2,0.0000,2.0000,2,0,双开,B,2497.0000,0.0000,0.0000,0.0000,0.0000,2498.0000,0.0000,0.0000,0.0000,0.0000,157,0,0,0,0,105,0,0,0,0
zc,WS301,2012-06-28 09:01:31.667,2497.0000,440662,0,0.0000,104.0000,52,52,空换,S,2497.0000,0.0000,0.0000,0.0000,0.0000,2498.0000,0.0000,0.0000,0.0000,0.0000,105,0,0,0,0,104,0,0,0,0
zc,WS301,2012-06-28 09:01:32.107,2498.0000,440668,6,0.0000,6.0000,6,0,双开,B,2497.0000,0.0000,0.0000,0.0000,0.0000,2498.0000,0.0000,0.0000,0.0000,0.0000,105,0,0,0,0,98,0,0,0,0
zc,WS301,2012-06-28 09:01:32.653,2498.0000,440668,0,0.0000,0.0000,0,0,多换,B,2497.0000,0.0000,0.0000,0.0000,0.0000,2498.0000,0.0000,0.0000,0.0000,0.0000,106,0,0,0,0,96,0,0,0,0
zc,WS301,2012-06-28 09:01:33.340,2498.0000,440676,8,0.0000,8.0000,8,0,双开,B,2497.0000,0.0000,0.0000,0.0000,0.0000,2498.0000,0.0000,0.0000,0.0000,0.0000,103,0,0,0,0,104,0,0,0,0
zc,WS301,2012-06-28 09:01:33.857,2498.0000,440682,6,0.0000,8.0000,7,1,多开,B,2497.0000,0.0000,0.0000,0.0000,0.0000,2498.0000,0.0000,0.0000,0.0000,0.0000,103,0,0,0,0,100,0,0,0,0
zc,WS301,2012-06-28 09:01:34.357,2497.0000,440690,8,0.0000,36.0000,22,14,空开,S,2497.0000,0.0000,0.0000,0.0000,0.0000,2498.0000,0.0000,0.0000,0.0000,0.0000,97,0,0,0,0,90,0,0,0,0
zc,WS301,2012-06-28 09:01:34.870,2497.0000,440690,0,0.0000,2.0000,1,1,空换,S,2497.0000,0.0000,0.0000,0.0000,0.0000,2498.0000,0.0000,0.0000,0.0000,0.0000,98,0,0,0,0,103,0,0,0,0
zc,WS301,2012-06-28 09:01:35.653,2497.0000,440690,0,0.0000,110.0000,55,55,空换,S,2497.0000,0.0000,0.0000,0.0000,0.0000,2498.0000,0.0000,0.0000,0.0000,0.0000,44,0,0,0,0,133,0,0,0,0
zc,WS301,2012-06-28 09:01:36.153,2498.0000,440664,-26,0.0000,62.0000,18,44,空平,B,2497.0000,0.0000,0.0000,0.0000,0.0000,2498.0000,0.0000,0.0000,0.0000,0.0000,19,0,0,0,0,135,0,0,0,0
zc,WS301,2012-06-28 09:01:36.917,2497.0000,440668,4,0.0000,38.0000,21,17,空开,S,2496.0000,0.0000,0.0000,0.0000,0.0000,2497.0000,0.0000,0.0000,0.0000,0.0000,372,0,0,0,0,62,0,0,0,0
zc,WS301,2012-06-28 09:01:37.607,2497.0000,440666,-2,0.0000,42.0000,20,22,多平,S,2496.0000,0.0000,0.0000,0.0000,0.0000,2497.0000,0.0000,0.0000,0.0000,0.0000,372,0,0,0,0,41,0,0,0,0
zc,WS301,2012-06-28 09:01:38.153,2496.0000,440626,-40,0.0000,40.0000,0,40,双平,S,2496.0000,0.0000,0.0000,0.0000,0.0000,2497.0000,0.0000,0.0000,0.0000,0.0000,352,0,0,0,0,41,0,0,0,0
zc,WS301,2012-06-28 09:01:38.637,2497.0000,440626,0,0.0000,8.0000,4,4,多换,B,2496.0000,0.0000,0.0000,0.0000,0.0000,2497.0000,0.0000,0.0000,0.0000,0.0000,349,0,0,0,0,40,0,0,0,0
zc,WS301,2012-06-28 09:01:39.120,2497.0000,440626,0,0.0000,4.0000,2,2,多换,B,2496.0000,0.0000,0.0000,0.0000,0.0000,2497.0000,0.0000,0.0000,0.0000,0.0000,349,0,0,0,0,38,0,0,0,0
zc,WS301,2012-06-28 09:01:39.887,2496.0000,440624,-2,0.0000,6.0000,2,4,多平,S,2496.0000,0.0000,0.0000,0.0000,0.0000,2497.0000,0.0000,0.0000,0.0000,0.0000,346,0,0,0,0,86,0,0,0,0
zc,WS301,2012-06-28 09:01:40.357,2496.0000,440624,0,0.0000,0.0000,0,0,空换,S,2496.0000,0.0000,0.0000,0.0000,0.0000,2497.0000,0.0000,0.0000,0.0000,0.0000,346,0,0,0,0,87,0,0,0,0
zc,WS301,2012-06-28 09:01:41.137,2496.0000,440624,0,0.0000,0.0000,0,0,空换,S,2496.0000,0.0000,0.0000,0.0000,0.0000,2497.0000,0.0000,0.0000,0.0000,0.0000,347,0,0,0,0,98,0,0,0,0
zc,WS301,2012-06-28 09:01:41.340,2496.0000,440624,0,0.0000,0.0000,0,0,空换,S,2496.0000,0.0000,0.0000,0.0000,0.0000,2497.0000,0.0000,0.0000,0.0000,0.0000,346,0,0,0,0,111,0,0,0,0
zc,WS301,2012-06-28 09:01:42.840,2497.0000,440624,0,0.0000,12.0000,6,6,多换,B,2496.0000,0.0000,0.0000,0.0000,0.0000,2497.0000,0.0000,0.0000,0.0000,0.0000,344,0,0,0,0,105,0,0,0,0
zc,WS301,2012-06-28 09:01:43.370,2497.0000,440614,-10,0.0000,14.0000,2,12,空平,B,2496.0000,0.0000,0.0000,0.0000,0.0000,2497.0000,0.0000,0.0000,0.0000,0.0000,344,0,0,0,0,98,0,0,0,0
zc,WS301,2012-06-28 09:01:44.137,2497.0000,440614,0,0.0000,20.0000,10,10,多换,B,2496.0000,0.0000,0.0000,0.0000,0.0000,2497.0000,0.0000,0.0000,0.0000,0.0000,343,0,0,0,0,88,0,0,0,0
zc,WS301,2012-06-28 09:01:44.387,2496.0000,440614,0,0.0000,174.0000,87,87,空换,S,2496.0000,0.0000,0.0000,0.0000,0.0000,2497.0000,0.0000,0.0000,0.0000,0.0000,258,0,0,0,0,86,0,0,0,0
zc,WS301,2012-06-28 09:01:45.167,2496.0000,440580,-34,0.0000,198.0000,82,116,多平,S,2496.0000,0.0000,0.0000,0.0000,0.0000,2497.0000,0.0000,0.0000,0.0000,0.0000,154,0,0,0,0,90,0,0,0,0
zc,WS301,2012-06-28 09:01:45.653,2496.0000,440362,-218,0.0000,318.0000,50,268,多平,S,2495.0000,0.0000,0.0000,0.0000,0.0000,2496.0000,0.0000,0.0000,0.0000,0.0000,439,0,0,0,0,98,0,0,0,0
zc,WS301,2012-06-28 09:01:46.433,2496.0000,440356,-6,0.0000,60.0000,27,33,多平,S,2495.0000,0.0000,0.0000,0.0000,0.0000,2496.0000,0.0000,0.0000,0.0000,0.0000,420,0,0,0,0,87,0,0,0,0
zc,WS301,2012-06-28 09:01:46.840,2496.0000,440298,-58,0.0000,178.0000,60,118,多平,S,2496.0000,0.0000,0.0000,0.0000,0.0000,2497.0000,0.0000,0.0000,0.0000,0.0000,54,0,0,0,0,90,0,0,0,0
zc,WS301,2012-06-28 09:01:47.637,2496.0000,440302,4,0.0000,6.0000,5,1,空开,S,2496.0000,0.0000,0.0000,0.0000,0.0000,2497.0000,0.0000,0.0000,0.0000,0.0000,51,0,0,0,0,118,0,0,0,0
zc,WS301,2012-06-28 09:01:48.620,2496.0000,440318,16,0.0000,18.0000,17,1,空开,S,2496.0000,0.0000,0.0000,0.0000,0.0000,2497.0000,0.0000,0.0000,0.0000,0.0000,42,0,0,0,0,121,0,0,0,0
zc,WS301,2012-06-28 09:01:49.417,2496.0000,440370,52,0.0000,52.0000,52,0,双开,S,2496.0000,0.0000,0.0000,0.0000,0.0000,2497.0000,0.0000,0.0000,0.0000,0.0000,16,0,0,0,0,129,0,0,0,0
zc,WS301,2012-06-28 09:01:50.200,2496.0000,440376,6,0.0000,54.0000,30,24,空开,S,2496.0000,0.0000,0.0000,0.0000,0.0000,2497.0000,0.0000,0.0000,0.0000,0.0000,16,0,0,0,0,106,0,0,0,0
zc,WS301,2012-06-28 09:01:50.700,2496.0000,440380,4,0.0000,6.0000,5,1,空开,S,2496.0000,0.0000,0.0000,0.0000,0.0000,2497.0000,0.0000,0.0000,0.0000,0.0000,13,0,0,0,0,125,0,0,0,0
zc,WS301,2012-06-28 09:01:51.137,2497.0000,440394,14,0.0000,42.0000,28,14,多开,B,2496.0000,0.0000,0.0000,0.0000,0.0000,2497.0000,0.0000,0.0000,0.0000,0.0000,114,0,0,0,0,109,0,0,0,0
zc,WS301,2012-06-28 09:01:51.887,2496.0000,440408,14,0.0000,16.0000,15,1,空开,S,2496.0000,0.0000,0.0000,0.0000,0.0000,2497.0000,0.0000,0.0000,0.0000,0.0000,106,0,0,0,0,137,0,0,0,0
zc,WS301,2012-06-28 09:01:52.433,2496.0000,440408,0,0.0000,2.0000,1,1,空换,S,2496.0000,0.0000,0.0000,0.0000,0.0000,2497.0000,0.0000,0.0000,0.0000,0.0000,115,0,0,0,0,137,0,0,0,0
zc,WS301,2012-06-28 09:01:53.387,2496.0000,440408,0,0.0000,2.0000,1,1,空换,S,2496.0000,0.0000,0.0000,0.0000,0.0000,2497.0000,0.0000,0.0000,0.0000,0.0000,154,0,0,0,0,139,0,0,0,0
zc,WS301,2012-06-28 09:01:53.933,2496.0000,440408,0,0.0000,2.0000,1,1,空换,S,2496.0000,0.0000,0.0000,0.0000,0.0000,2497.0000,0.0000,0.0000,0.0000,0.0000,163,0,0,0,0,140,0,0,0,0
zc,WS301,2012-06-28 09:01:54.637,2496.0000,440408,0,0.0000,2.0000,1,1,空换,S,2496.0000,0.0000,0.0000,0.0000,0.0000,2497.0000,0.0000,0.0000,0.0000,0.0000,161,0,0,0,0,140,0,0,0,0
zc,WS301,2012-06-28 09:01:55.120,2496.0000,440408,0,0.0000,0.0000,0,0,空换,S,2496.0000,0.0000,0.0000,0.0000,0.0000,2497.0000,0.0000,0.0000,0.0000,0.0000,168,0,0,0,0,140,0,0,0,0
zc,WS301,2012-06-28 09:01:55.590,2497.0000,440416,8,0.0000,12.0000,10,2,多开,B,2496.0000,0.0000,0.0000,0.0000,0.0000,2497.0000,0.0000,0.0000,0.0000,0.0000,167,0,0,0,0,141,0,0,0,0
zc,WS301,2012-06-28 09:01:56.153,2497.0000,440424,8,0.0000,10.0000,9,1,多开,B,2496.0000,0.0000,0.0000,0.0000,0.0000,2497.0000,0.0000,0.0000,0.0000,0.0000,163,0,0,0,0,140,0,0,0,0
zc,WS301,2012-06-28 09:01:56.870,2496.0000,440426,2,0.0000,18.0000,10,8,空开,S,2496.0000,0.0000,0.0000,0.0000,0.0000,2497.0000,0.0000,0.0000,0.0000,0.0000,155,0,0,0,0,140,0,0,0,0
zc,WS301,2012-06-28 09:01:57.387,2496.0000,440428,2,0.0000,4.0000,3,1,空开,S,2496.0000,0.0000,0.0000,0.0000,0.0000,2497.0000,0.0000,0.0000,0.0000,0.0000,155,0,0,0,0,139,0,0,0,0
zc,WS301,2012-06-28 09:01:58.137,2497.0000,440432,4,0.0000,4.0000,4,0,双开,B,2496.0000,0.0000,0.0000,0.0000,0.0000,2497.0000,0.0000,0.0000,0.0000,0.0000,167,0,0,0,0,138,0,0,0,0
zc,WS301,2012-06-28 09:01:58.620,2497.0000,440434,2,0.0000,2.0000,2,0,双开,B,2496.0000,0.0000,0.0000,0.0000,0.0000,2497.0000,0.0000,0.0000,0.0000,0.0000,162,0,0,0,0,141,0,0,0,0
zc,WS301,2012-06-28 09:01:59.137,2496.0000,440436,2,0.0000,6.0000,4,2,空开,S,2496.0000,0.0000,0.0000,0.0000,0.0000,2497.0000,0.0000,0.0000,0.0000,0.0000,154,0,0,0,0,139,0,0,0,0
zc,WS301,2012-06-28 09:01:59.887,2496.0000,440456,20,0.0000,24.0000,22,2,空开,S,2496.0000,0.0000,0.0000,0.0000,0.0000,2497.0000,0.0000,0.0000,0.0000,0.0000,155,0,0,0,0,139,0,0,0,0
zc,WS301,2012-06-28 09:02:00.370,2496.0000,440462,6,0.0000,26.0000,16,10,空开,S,2496.0000,0.0000,0.0000,0.0000,0.0000,2497.0000,0.0000,0.0000,0.0000,0.0000,145,0,0,0,0,137,0,0,0,0
zc,WS301,2012-06-28 09:02:01.120,2497.0000,440472,10,0.0000,10.0000,10,0,双开,B,2496.0000,0.0000,0.0000,0.0000,0.0000,2497.0000,0.0000,0.0000,0.0000,0.0000,140,0,0,0,0,132,0,0,0,0
zc,WS301,2012-06-28 09:02:01.620,2496.0000,440472,0,0.0000,6.0000,3,3,空换,S,2496.0000,0.0000,0.0000,0.0000,0.0000,2497.0000,0.0000,0.0000,0.0000,0.0000,140,0,0,0,0,132,0,0,0,0
zc,WS301,2012-06-28 09:02:02.403,2496.0000,440472,0,0.0000,0.0000,0,0,空换,S,2496.0000,0.0000,0.0000,0.0000,0.0000,2497.0000,0.0000,0.0000,0.0000,0.0000,139,0,0,0,0,132,0,0,0,0
zc,WS301,2012-06-28 09:02:02.917,2496.0000,440472,0,0.0000,28.0000,14,14,空换,S,2496.0000,0.0000,0.0000,0.0000,0.0000,2497.0000,0.0000,0.0000,0.0000,0.0000,126,0,0,0,0,136,0,0,0,0
zc,WS301,2012-06-28 09:02:03.607,2496.0000,440472,0,0.0000,0.0000,0,0,空换,S,2496.0000,0.0000,0.0000,0.0000,0.0000,2497.0000,0.0000,0.0000,0.0000,0.0000,127,0,0,0,0,136,0,0,0,0
zc,WS301,2012-06-28 09:02:04.137,2496.0000,440478,6,0.0000,8.0000,7,1,空开,S,2496.0000,0.0000,0.0000,0.0000,0.0000,2497.0000,0.0000,0.0000,0.0000,0.0000,124,0,0,0,0,141,0,0,0,0
zc,WS301,2012-06-28 09:02:05.387,2497.0000,440480,2,0.0000,2.0000,2,0,双开,B,2496.0000,0.0000,0.0000,0.0000,0.0000,2497.0000,0.0000,0.0000,0.0000,0.0000,127,0,0,0,0,140,0,0,0,0
zc,WS301,2012-06-28 09:02:06.137,2496.0000,440486,6,0.0000,14.0000,10,4,空开,S,2496.0000,0.0000,0.0000,0.0000,0.0000,2497.0000,0.0000,0.0000,0.0000,0.0000,117,0,0,0,0,144,0,0,0,0
zc,WS301,2012-06-28 09:02:06.590,2496.0000,440486,0,0.0000,6.0000,3,3,空换,S,2496.0000,0.0000,0.0000,0.0000,0.0000,2497.0000,0.0000,0.0000,0.0000,0.0000,164,0,0,0,0,144,0,0,0,0
zc,WS301,2012-06-28 09:02:07.120,2497.0000,440512,26,0.0000,28.0000,27,1,多开,B,2496.0000,0.0000,0.0000,0.0000,0.0000,2497.0000,0.0000,0.0000,0.0000,0.0000,173,0,0,0,0,133,0,0,0,0
zc,WS301,2012-06-28 09:02:07.653,2496.0000,440512,0,0.0000,4.0000,2,2,空换,S,2496.0000,0.0000,0.0000,0.0000,0.0000,2497.0000,0.0000,0.0000,0.0000,0.0000,172,0,0,0,0,132,0,0,0,0
zc,WS301,2012-06-28 09:02:08.387,2496.0000,440512,0,0.0000,0.0000,0,0,空换,S,2496.0000,0.0000,0.0000,0.0000,0.0000,2497.0000,0.0000,0.0000,0.0000,0.0000,168,0,0,0,0,133,0,0,0,0
zc,WS301,2012-06-28 09:02:09.107,2496.0000,440546,34,0.0000,44.0000,39,5,空开,S,2496.0000,0.0000,0.0000,0.0000,0.0000,2497.0000,0.0000,0.0000,0.0000,0.0000,157,0,0,0,0,113,0,0,0,0
zc,WS301,2012-06-28 09:02:10.153,2497.0000,440548,2,0.0000,40.0000,21,19,多开,B,2496.0000,0.0000,0.0000,0.0000,0.0000,2497.0000,0.0000,0.0000,0.0000,0.0000,158,0,0,0,0,100,0,0,0,0
zc,WS301,2012-06-28 09:02:10.653,2497.0000,440570,22,0.0000,66.0000,44,22,多开,B,2496.0000,0.0000,0.0000,0.0000,0.0000,2497.0000,0.0000,0.0000,0.0000,0.0000,158,0,0,0,0,67,0,0,0,0
zc,WS301,2012-06-28 09:02:11.480,2496.0000,440570,0,0.0000,2.0000,1,1,空换,S,2496.0000,0.0000,0.0000,0.0000,0.0000,2497.0000,0.0000,0.0000,0.0000,0.0000,167,0,0,0,0,69,0,0,0,0
zc,WS301,2012-06-28 09:02:11.637,2496.0000,440572,2,0.0000,14.0000,8,6,空开,S,2496.0000,0.0000,0.0000,0.0000,0.0000,2497.0000,0.0000,0.0000,0.0000,0.0000,167,0,0,0,0,73,0,0,0,0
zc,WS301,2012-06-28 09:02:12.417,2497.0000,440572,0,0.0000,10.0000,5,5,多换,B,2496.0000,0.0000,0.0000,0.0000,0.0000,2497.0000,0.0000,0.0000,0.0000,0.0000,168,0,0,0,0,70,0,0,0,0
zc,WS301,2012-06-28 09:02:12.870,2497.0000,440570,-2,0.0000,22.0000,10,12,空平,B,2496.0000,0.0000,0.0000,0.0000,0.0000,2497.0000,0.0000,0.0000,0.0000,0.0000,168,0,0,0,0,76,0,0,0,0
zc,WS301,2012-06-28 09:02:13.620,2497.0000,440570,0,0.0000,2.0000,1,1,多换,B,2496.0000,0.0000,0.0000,0.0000,0.0000,2497.0000,0.0000,0.0000,0.0000,0.0000,170,0,0,0,0,75,0,0,0,0
zc,WS301,2012-06-28 09:02:14.340,2496.0000,440586,16,0.0000,20.0000,18,2,空开,S,2496.0000,0.0000,0.0000,0.0000,0.0000,2497.0000,0.0000,0.0000,0.0000,0.0000,166,0,0,0,0,74,0,0,0,0
zc,WS301,2012-06-28 09:02:14.870,2497.0000,440624,38,0.0000,282.0000,160,122,多开,B,2496.0000,0.0000,0.0000,0.0000,0.0000,2497.0000,0.0000,0.0000,0.0000,0.0000,112,0,0,0,0,33,0,0,0,0
zc,WS301,2012-06-28 09:02:15.620,2497.0000,440624,0,0.0000,0.0000,0,0,多换,B,2496.0000,0.0000,0.0000,0.0000,0.0000,2497.0000,0.0000,0.0000,0.0000,0.0000,116,0,0,0,0,34,0,0,0,0
zc,WS301,2012-06-28 09:02:16.573,2497.0000,440624,0,0.0000,0.0000,0,0,多换,B,2496.0000,0.0000,0.0000,0.0000,0.0000,2497.0000,0.0000,0.0000,0.0000,0.0000,122,0,0,0,0,52,0,0,0,0
zc,WS301,2012-06-28 09:02:17.153,2497.0000,440624,0,0.0000,2.0000,1,1,多换,B,2496.0000,0.0000,0.0000,0.0000,0.0000,2497.0000,0.0000,0.0000,0.0000,0.0000,126,0,0,0,0,51,0,0,0,0
zc,WS301,2012-06-28 09:02:17.857,2496.0000,440624,0,0.0000,6.0000,3,3,空换,S,2496.0000,0.0000,0.0000,0.0000,0.0000,2497.0000,0.0000,0.0000,0.0000,0.0000,125,0,0,0,0,49,0,0,0,0
zc,WS301,2012-06-28 09:02:18.183,2497.0000,440620,-4,0.0000,6.0000,1,5,空平,B,2496.0000,0.0000,0.0000,0.0000,0.0000,2497.0000,0.0000,0.0000,0.0000,0.0000,120,0,0,0,0,50,0,0,0,0
zc,WS301,2012-06-28 09:02:18.903,2497.0000,440620,0,0.0000,6.0000,3,3,多换,B,2496.0000,0.0000,0.0000,0.0000,0.0000,2497.0000,0.0000,0.0000,0.0000,0.0000,120,0,0,0,0,48,0,0,0,0
zc,WS301,2012-06-28 09:02:19.667,2497.0000,440620,0,0.0000,6.0000,3,3,多换,B,2496.0000,0.0000,0.0000,0.0000,0.0000,2497.0000,0.0000,0.0000,0.0000,0.0000,120,0,0,0,0,45,0,0,0,0
zc,WS301,2012-06-28 09:02:20.480,2497.0000,440618,-2,0.0000,10.0000,4,6,空平,B,2496.0000,0.0000,0.0000,0.0000,0.0000,2497.0000,0.0000,0.0000,0.0000,0.0000,122,0,0,0,0,40,0,0,0,0
zc,WS301,2012-06-28 09:02:21.370,2497.0000,440618,0,0.0000,4.0000,2,2,多换,B,2496.0000,0.0000,0.0000,0.0000,0.0000,2497.0000,0.0000,0.0000,0.0000,0.0000,132,0,0,0,0,39,0,0,0,0
zc,WS301,2012-06-28 09:02:22.167,2497.0000,440608,-10,0.0000,12.0000,1,11,空平,B,2496.0000,0.0000,0.0000,0.0000,0.0000,2497.0000,0.0000,0.0000,0.0000,0.0000,185,0,0,0,0,33,0,0,0,0
zc,WS301,2012-06-28 09:02:22.637,2497.0000,440606,-2,0.0000,2.0000,0,2,双平,B,2496.0000,0.0000,0.0000,0.0000,0.0000,2497.0000,0.0000,0.0000,0.0000,0.0000,185,0,0,0,0,35,0,0,0,0
zc,WS301,2012-06-28 09:02:24.340,2497.0000,440606,0,0.0000,2.0000,1,1,多换,B,2496.0000,0.0000,0.0000,0.0000,0.0000,2497.0000,0.0000,0.0000,0.0000,0.0000,185,0,0,0,0,35,0,0,0,0
zc,WS301,2012-06-28 09:02:24.870,2496.0000,440610,4,0.0000,30.0000,17,13,空开,S,2496.0000,0.0000,0.0000,0.0000,0.0000,2497.0000,0.0000,0.0000,0.0000,0.0000,182,0,0,0,0,23,0,0,0,0
zc,WS301,2012-06-28 09:02:25.667,2497.0000,440614,4,0.0000,4.0000,4,0,双开,B,2496.0000,0.0000,0.0000,0.0000,0.0000,2497.0000,0.0000,0.0000,0.0000,0.0000,182,0,0,0,0,21,0,0,0,0
zc,WS301,2012-06-28 09:02:26.137,2497.0000,440614,0,0.0000,2.0000,1,1,多换,B,2496.0000,0.0000,0.0000,0.0000,0.0000,2497.0000,0.0000,0.0000,0.0000,0.0000,182,0,0,0,0,20,0,0,0,0
zc,WS301,2012-06-28 09:02:26.667,2497.0000,440616,2,0.0000,2.0000,2,0,双开,B,2496.0000,0.0000,0.0000,0.0000,0.0000,2497.0000,0.0000,0.0000,0.0000,0.0000,182,0,0,0,0,19,0,0,0,0
zc,WS301,2012-06-28 09:02:27.357,2497.0000,440616,0,0.0000,0.0000,0,0,多换,B,2496.0000,0.0000,0.0000,0.0000,0.0000,2497.0000,0.0000,0.0000,0.0000,0.0000,183,0,0,0,0,21,0,0,0,0
zc,WS301,2012-06-28 09:02:27.857,2497.0000,440616,0,0.0000,0.0000,0,0,多换,B,2496.0000,0.0000,0.0000,0.0000,0.0000,2497.0000,0.0000,0.0000,0.0000,0.0000,183,0,0,0,0,26,0,0,0,0
zc,WS301,2012-06-28 09:02:28.307,2497.0000,440616,0,0.0000,0.0000,0,0,多换,B,2496.0000,0.0000,0.0000,0.0000,0.0000,2497.0000,0.0000,0.0000,0.0000,0.0000,183,0,0,0,0,31,0,0,0,0
zc,WS301,2012-06-28 09:02:29.607,2496.0000,440610,-6,0.0000,6.0000,0,6,双平,S,2496.0000,0.0000,0.0000,0.0000,0.0000,2497.0000,0.0000,0.0000,0.0000,0.0000,180,0,0,0,0,31,0,0,0,0
zc,WS301,2012-06-28 09:02:30.120,2496.0000,440610,0,0.0000,0.0000,0,0,空换,S,2496.0000,0.0000,0.0000,0.0000,0.0000,2497.0000,0.0000,0.0000,0.0000,0.0000,180,0,0,0,0,32,0,0,0,0
zc,WS301,2012-06-28 09:02:30.573,2497.0000,440620,10,0.0000,16.0000,13,3,多开,B,2496.0000,0.0000,0.0000,0.0000,0.0000,2497.0000,0.0000,0.0000,0.0000,0.0000,190,0,0,0,0,26,0,0,0,0
zc,WS301,2012-06-28 09:02:31.387,2497.0000,440622,2,0.0000,2.0000,2,0,双开,B,2496.0000,0.0000,0.0000,0.0000,0.0000,2497.0000,0.0000,0.0000,0.0000,0.0000,195,0,0,0,0,25,0,0,0,0
zc,WS301,2012-06-28 09:02:31.887,2497.0000,440632,10,0.0000,14.0000,12,2,多开,B,2496.0000,0.0000,0.0000,0.0000,0.0000,2497.0000,0.0000,0.0000,0.0000,0.0000,195,0,0,0,0,24,0,0,0,0
zc,WS301,2012-06-28 09:02:32.433,2497.0000,440678,46,0.0000,52.0000,49,3,多开,B,2497.0000,0.0000,0.0000,0.0000,0.0000,2498.0000,0.0000,0.0000,0.0000,0.0000,30,0,0,0,0,410,0,0,0,0
zc,WS301,2012-06-28 09:02:33.167,2497.0000,440682,4,0.0000,6.0000,5,1,多开,B,2497.0000,0.0000,0.0000,0.0000,0.0000,2498.0000,0.0000,0.0000,0.0000,0.0000,57,0,0,0,0,411,0,0,0,0
zc,WS301,2012-06-28 09:02:33.653,2497.0000,440682,0,0.0000,0.0000,0,0,多换,B,2497.0000,0.0000,0.0000,0.0000,0.0000,2498.0000,0.0000,0.0000,0.0000,0.0000,58,0,0,0,0,411,0,0,0,0
zc,WS301,2012-06-28 09:02:34.137,2497.0000,440688,6,0.0000,6.0000,6,0,双开,B,2497.0000,0.0000,0.0000,0.0000,0.0000,2498.0000,0.0000,0.0000,0.0000,0.0000,56,0,0,0,0,411,0,0,0,0
zc,WS301,2012-06-28 09:02:34.917,2498.0000,440690,2,0.0000,2.0000,2,0,双开,B,2497.0000,0.0000,0.0000,0.0000,0.0000,2498.0000,0.0000,0.0000,0.0000,0.0000,56,0,0,0,0,410,0,0,0,0
zc,WS301,2012-06-28 09:02:35.387,2497.0000,440698,8,0.0000,8.0000,8,0,双开,S,2497.0000,0.0000,0.0000,0.0000,0.0000,2498.0000,0.0000,0.0000,0.0000,0.0000,52,0,0,0,0,404,0,0,0,0
zc,WS301,2012-06-28 09:02:36.183,2497.0000,440698,0,0.0000,0.0000,0,0,空换,S,2497.0000,0.0000,0.0000,0.0000,0.0000,2498.0000,0.0000,0.0000,0.0000,0.0000,56,0,0,0,0,403,0,0,0,0
zc,WS301,2012-06-28 09:02:36.667,2497.0000,440698,0,0.0000,4.0000,2,2,空换,S,2497.0000,0.0000,0.0000,0.0000,0.0000,2498.0000,0.0000,0.0000,0.0000,0.0000,64,0,0,0,0,403,0,0,0,0
zc,WS301,2012-06-28 09:02:37.200,2497.0000,440708,10,0.0000,10.0000,10,0,双开,S,2497.0000,0.0000,0.0000,0.0000,0.0000,2498.0000,0.0000,0.0000,0.0000,0.0000,99,0,0,0,0,402,0,0,0,0
zc,WS301,2012-06-28 09:02:37.967,2497.0000,440710,2,0.0000,2.0000,2,0,双开,S,2497.0000,0.0000,0.0000,0.0000,0.0000,2498.0000,0.0000,0.0000,0.0000,0.0000,99,0,0,0,0,401,0,0,0,0
zc,WS301,2012-06-28 09:02:38.417,2497.0000,440848,138,0.0000,200.0000,169,31,空开,S,2496.0000,0.0000,0.0000,0.0000,0.0000,2497.0000,0.0000,0.0000,0.0000,0.0000,206,0,0,0,0,201,0,0,0,0
zc,WS301,2012-06-28 09:02:38.950,2497.0000,440854,6,0.0000,6.0000,6,0,双开,S,2496.0000,0.0000,0.0000,0.0000,0.0000,2497.0000,0.0000,0.0000,0.0000,0.0000,206,0,0,0,0,199,0,0,0,0
zc,WS301,2012-06-28 09:02:39.357,2497.0000,440858,4,0.0000,44.0000,24,20,空开,S,2496.0000,0.0000,0.0000,0.0000,0.0000,2497.0000,0.0000,0.0000,0.0000,0.0000,206,0,0,0,0,177,0,0,0,0
zc,WS301,2012-06-28 09:02:40.120,2497.0000,440860,2,0.0000,2.0000,2,0,双开,S,2496.0000,0.0000,0.0000,0.0000,0.0000,2497.0000,0.0000,0.0000,0.0000,0.0000,206,0,0,0,0,178,0,0,0,0
zc,WS301,2012-06-28 09:02:40.887,2497.0000,440872,12,0.0000,14.0000,13,1,空开,S,2496.0000,0.0000,0.0000,0.0000,0.0000,2497.0000,0.0000,0.0000,0.0000,0.0000,205,0,0,0,0,172,0,0,0,0
zc,WS301,2012-06-28 09:02:41.417,2497.0000,440872,0,0.0000,0.0000,0,0,空换,S,2496.0000,0.0000,0.0000,0.0000,0.0000,2497.0000,0.0000,0.0000,0.0000,0.0000,212,0,0,0,0,187,0,0,0,0
zc,WS301,2012-06-28 09:02:41.887,2497.0000,440874,2,0.0000,2.0000,2,0,双开,S,2496.0000,0.0000,0.0000,0.0000,0.0000,2497.0000,0.0000,0.0000,0.0000,0.0000,212,0,0,0,0,186,0,0,0,0
zc,WS301,2012-06-28 09:02:42.653,2497.0000,440874,0,0.0000,4.0000,2,2,空换,S,2496.0000,0.0000,0.0000,0.0000,0.0000,2497.0000,0.0000,0.0000,0.0000,0.0000,212,0,0,0,0,184,0,0,0,0
zc,WS301,2012-06-28 09:02:43.167,2497.0000,440874,0,0.0000,0.0000,0,0,空换,S,2496.0000,0.0000,0.0000,0.0000,0.0000,2497.0000,0.0000,0.0000,0.0000,0.0000,213,0,0,0,0,184,0,0,0,0
zc,WS301,2012-06-28 09:02:43.637,2497.0000,440914,40,0.0000,48.0000,44,4,空开,S,2496.0000,0.0000,0.0000,0.0000,0.0000,2497.0000,0.0000,0.0000,0.0000,0.0000,211,0,0,0,0,161,0,0,0,0
zc,WS301,2012-06-28 09:02:44.403,2497.0000,440916,2,0.0000,12.0000,7,5,空开,S,2496.0000,0.0000,0.0000,0.0000,0.0000,2497.0000,0.0000,0.0000,0.0000,0.0000,206,0,0,0,0,160,0,0,0,0
zc,WS301,2012-06-28 09:02:44.857,2497.0000,440918,2,0.0000,2.0000,2,0,双开,S,2496.0000,0.0000,0.0000,0.0000,0.0000,2497.0000,0.0000,0.0000,0.0000,0.0000,207,0,0,0,0,159,0,0,0,0
zc,WS301,2012-06-28 09:02:45.637,2497.0000,440918,0,0.0000,12.0000,6,6,空换,S,2496.0000,0.0000,0.0000,0.0000,0.0000,2497.0000,0.0000,0.0000,0.0000,0.0000,208,0,0,0,0,153,0,0,0,0
zc,WS301,2012-06-28 09:02:45.870,2496.0000,440968,50,0.0000,52.0000,51,1,空开,S,2496.0000,0.0000,0.0000,0.0000,0.0000,2497.0000,0.0000,0.0000,0.0000,0.0000,188,0,0,0,0,204,0,0,0,0
zc,WS301,2012-06-28 09:02:46.637,2497.0000,440980,12,0.0000,12.0000,12,0,双开,B,2496.0000,0.0000,0.0000,0.0000,0.0000,2497.0000,0.0000,0.0000,0.0000,0.0000,203,0,0,0,0,199,0,0,0,0
zc,WS301,2012-06-28 09:02:47.107,2496.0000,440994,14,0.0000,62.0000,38,24,空开,S,2496.0000,0.0000,0.0000,0.0000,0.0000,2497.0000,0.0000,0.0000,0.0000,0.0000,173,0,0,0,0,199,0,0,0,0
zc,WS301,2012-06-28 09:02:47.870,2496.0000,440828,-166,0.0000,284.0000,59,225,多平,S,2496.0000,0.0000,0.0000,0.0000,0.0000,2497.0000,0.0000,0.0000,0.0000,0.0000,34,0,0,0,0,197,0,0,0,0
zc,WS301,2012-06-28 09:02:48.403,2497.0000,440848,20,0.0000,20.0000,20,0,双开,B,2496.0000,0.0000,0.0000,0.0000,0.0000,2497.0000,0.0000,0.0000,0.0000,0.0000,38,0,0,0,0,189,0,0,0,0
zc,WS301,2012-06-28 09:02:48.933,2496.0000,440848,0,0.0000,6.0000,3,3,空换,S,2496.0000,0.0000,0.0000,0.0000,0.0000,2497.0000,0.0000,0.0000,0.0000,0.0000,38,0,0,0,0,189,0,0,0,0
zc,WS301,2012-06-28 09:02:49.607,2496.0000,440870,22,0.0000,36.0000,29,7,空开,S,2496.0000,0.0000,0.0000,0.0000,0.0000,2497.0000,0.0000,0.0000,0.0000,0.0000,21,0,0,0,0,190,0,0,0,0
zc,WS301,2012-06-28 09:02:49.840,2496.0000,440870,0,0.0000,12.0000,6,6,空换,S,2496.0000,0.0000,0.0000,0.0000,0.0000,2497.0000,0.0000,0.0000,0.0000,0.0000,15,0,0,0,0,191,0,0,0,0
zc,WS301,2012-06-28 09:02:50.620,2496.0000,440870,0,0.0000,0.0000,0,0,空换,S,2496.0000,0.0000,0.0000,0.0000,0.0000,2497.0000,0.0000,0.0000,0.0000,0.0000,18,0,0,0,0,194,0,0,0,0
zc,WS301,2012-06-28 09:02:51.090,2496.0000,440870,0,0.0000,6.0000,3,3,空换,S,2496.0000,0.0000,0.0000,0.0000,0.0000,2497.0000,0.0000,0.0000,0.0000,0.0000,45,0,0,0,0,195,0,0,0,0
zc,WS301,2012-06-28 09:02:51.637,2496.0000,440870,0,0.0000,0.0000,0,0,空换,S,2496.0000,0.0000,0.0000,0.0000,0.0000,2497.0000,0.0000,0.0000,0.0000,0.0000,46,0,0,0,0,195,0,0,0,0
zc,WS301,2012-06-28 09:02:52.357,2497.0000,440872,2,0.0000,16.0000,9,7,多开,B,2496.0000,0.0000,0.0000,0.0000,0.0000,2497.0000,0.0000,0.0000,0.0000,0.0000,43,0,0,0,0,191,0,0,0,0
zc,WS301,2012-06-28 09:02:52.903,2497.0000,440876,4,0.0000,4.0000,4,0,双开,B,2496.0000,0.0000,0.0000,0.0000,0.0000,2497.0000,0.0000,0.0000,0.0000,0.0000,43,0,0,0,0,189,0,0,0,0
zc,WS301,2012-06-28 09:02:53.387,2496.0000,440878,2,0.0000,4.0000,3,1,空开,S,2496.0000,0.0000,0.0000,0.0000,0.0000,2497.0000,0.0000,0.0000,0.0000,0.0000,46,0,0,0,0,189,0,0,0,0
zc,WS301,2012-06-28 09:02:53.917,2496.0000,440880,2,0.0000,2.0000,2,0,双开,S,2496.0000,0.0000,0.0000,0.0000,0.0000,2497.0000,0.0000,0.0000,0.0000,0.0000,56,0,0,0,0,189,0,0,0,0
zc,WS301,2012-06-28 09:02:54.620,2496.0000,440884,4,0.0000,16.0000,10,6,空开,S,2496.0000,0.0000,0.0000,0.0000,0.0000,2497.0000,0.0000,0.0000,0.0000,0.0000,51,0,0,0,0,187,0,0,0,0
zc,WS301,2012-06-28 09:02:54.933,2496.0000,440880,-4,0.0000,6.0000,1,5,多平,S,2496.0000,0.0000,0.0000,0.0000,0.0000,2497.0000,0.0000,0.0000,0.0000,0.0000,49,0,0,0,0,191,0,0,0,0
zc,WS301,2012-06-28 09:02:55.637,2497.0000,440886,6,0.0000,6.0000,6,0,双开,B,2496.0000,0.0000,0.0000,0.0000,0.0000,2497.0000,0.0000,0.0000,0.0000,0.0000,49,0,0,0,0,189,0,0,0,0
zc,WS301,2012-06-28 09:02:56.357,2497.0000,440884,-2,0.0000,48.0000,23,25,空平,B,2496.0000,0.0000,0.0000,0.0000,0.0000,2497.0000,0.0000,0.0000,0.0000,0.0000,37,0,0,0,0,180,0,0,0,0
zc,WS301,2012-06-28 09:02:56.933,2497.0000,440888,4,0.0000,14.0000,9,5,多开,B,2496.0000,0.0000,0.0000,0.0000,0.0000,2497.0000,0.0000,0.0000,0.0000,0.0000,32,0,0,0,0,178,0,0,0,0
zc,WS301,2012-06-28 09:02:57.387,2496.0000,440916,28,0.0000,64.0000,46,18,空开,S,2495.0000,0.0000,0.0000,0.0000,0.0000,2496.0000,0.0000,0.0000,0.0000,0.0000,442,0,0,0,0,168,0,0,0,0
zc,WS301,2012-06-28 09:02:57.823,2496.0000,440918,2,0.0000,2.0000,2,0,双开,S,2495.0000,0.0000,0.0000,0.0000,0.0000,2496.0000,0.0000,0.0000,0.0000,0.0000,441,0,0,0,0,170,0,0,0,0
zc,WS301,2012-06-28 09:02:58.607,2496.0000,440938,20,0.0000,24.0000,22,2,空开,S,2495.0000,0.0000,0.0000,0.0000,0.0000,2496.0000,0.0000,0.0000,0.0000,0.0000,441,0,0,0,0,179,0,0,0,0
zc,WS301,2012-06-28 09:02:59.090,2496.0000,440938,0,0.0000,0.0000,0,0,空换,S,2495.0000,0.0000,0.0000,0.0000,0.0000,2496.0000,0.0000,0.0000,0.0000,0.0000,442,0,0,0,0,179,0,0,0,0
zc,WS301,2012-06-28 09:02:59.903,2496.0000,440946,8,0.0000,8.0000,8,0,双开,S,2495.0000,0.0000,0.0000,0.0000,0.0000,2496.0000,0.0000,0.0000,0.0000,0.0000,435,0,0,0,0,175,0,0,0,0
zc,WS301,2012-06-28 09:03:00.370,2496.0000,440948,2,0.0000,8.0000,5,3,空开,S,2495.0000,0.0000,0.0000,0.0000,0.0000,2496.0000,0.0000,0.0000,0.0000,0.0000,434,0,0,0,0,172,0,0,0,0
zc,WS301,2012-06-28 09:03:01.107,2496.0000,440968,20,0.0000,20.0000,20,0,双开,S,2495.0000,0.0000,0.0000,0.0000,0.0000,2496.0000,0.0000,0.0000,0.0000,0.0000,434,0,0,0,0,162,0,0,0,0
zc,WS301,2012-06-28 09:03:01.620,2495.0000,440970,2,0.0000,4.0000,3,1,空开,S,2495.0000,0.0000,0.0000,0.0000,0.0000,2496.0000,0.0000,0.0000,0.0000,0.0000,433,0,0,0,0,167,0,0,0,0
zc,WS301,2012-06-28 09:03:02.387,2496.0000,440974,4,0.0000,4.0000,4,0,双开,B,2495.0000,0.0000,0.0000,0.0000,0.0000,2496.0000,0.0000,0.0000,0.0000,0.0000,433,0,0,0,0,166,0,0,0,0
zc,WS301,2012-06-28 09:03:02.887,2496.0000,440982,8,0.0000,36.0000,22,14,多开,B,2495.0000,0.0000,0.0000,0.0000,0.0000,2496.0000,0.0000,0.0000,0.0000,0.0000,416,0,0,0,0,162,0,0,0,0
zc,WS301,2012-06-28 09:03:03.387,2496.0000,440998,16,0.0000,16.0000,16,0,双开,B,2495.0000,0.0000,0.0000,0.0000,0.0000,2496.0000,0.0000,0.0000,0.0000,0.0000,409,0,0,0,0,170,0,0,0,0
zc,WS301,2012-06-28 09:03:04.137,2495.0000,441002,4,0.0000,4.0000,4,0,双开,S,2495.0000,0.0000,0.0000,0.0000,0.0000,2496.0000,0.0000,0.0000,0.0000,0.0000,407,0,0,0,0,172,0,0,0,0
zc,WS301,2012-06-28 09:03:04.637,2496.0000,441006,4,0.0000,4.0000,4,0,双开,B,2495.0000,0.0000,0.0000,0.0000,0.0000,2496.0000,0.0000,0.0000,0.0000,0.0000,405,0,0,0,0,171,0,0,0,0
zc,WS301,2012-06-28 09:03:05.370,2495.0000,441008,2,0.0000,2.0000,2,0,双开,S,2495.0000,0.0000,0.0000,0.0000,0.0000,2496.0000,0.0000,0.0000,0.0000,0.0000,404,0,0,0,0,173,0,0,0,0
zc,WS301,2012-06-28 09:03:06.370,2495.0000,441010,2,0.0000,2.0000,2,0,双开,S,2495.0000,0.0000,0.0000,0.0000,0.0000,2496.0000,0.0000,0.0000,0.0000,0.0000,503,0,0,0,0,175,0,0,0,0
zc,WS301,2012-06-28 09:03:06.887,2495.0000,441012,2,0.0000,22.0000,12,10,空开,S,2495.0000,0.0000,0.0000,0.0000,0.0000,2496.0000,0.0000,0.0000,0.0000,0.0000,493,0,0,0,0,180,0,0,0,0
zc,WS301,2012-06-28 09:03:07.620,2495.0000,441016,4,0.0000,8.0000,6,2,空开,S,2495.0000,0.0000,0.0000,0.0000,0.0000,2496.0000,0.0000,0.0000,0.0000,0.0000,490,0,0,0,0,179,0,0,0,0
zc,WS301,2012-06-28 09:03:08.107,2495.0000,441084,68,0.0000,72.0000,70,2,空开,S,2495.0000,0.0000,0.0000,0.0000,0.0000,2496.0000,0.0000,0.0000,0.0000,0.0000,454,0,0,0,0,179,0,0,0,0
zc,WS301,2012-06-28 09:03:08.870,2495.0000,441086,2,0.0000,2.0000,2,0,双开,S,2495.0000,0.0000,0.0000,0.0000,0.0000,2496.0000,0.0000,0.0000,0.0000,0.0000,454,0,0,0,0,180,0,0,0,0
zc,WS301,2012-06-28 09:03:09.417,2495.0000,441198,112,0.0000,118.0000,115,3,空开,S,2495.0000,0.0000,0.0000,0.0000,0.0000,2496.0000,0.0000,0.0000,0.0000,0.0000,427,0,0,0,0,134,0,0,0,0
zc,WS301,2012-06-28 09:03:10.120,2495.0000,441198,0,0.0000,0.0000,0,0,空换,S,2495.0000,0.0000,0.0000,0.0000,0.0000,2496.0000,0.0000,0.0000,0.0000,0.0000,428,0,0,0,0,134,0,0,0,0
zc,WS301,2012-06-28 09:03:10.620,2496.0000,441204,6,0.0000,6.0000,6,0,双开,B,2495.0000,0.0000,0.0000,0.0000,0.0000,2496.0000,0.0000,0.0000,0.0000,0.0000,425,0,0,0,0,132,0,0,0,0
zc,WS301,2012-06-28 09:03:11.387,2495.0000,441206,2,0.0000,6.0000,4,2,空开,S,2495.0000,0.0000,0.0000,0.0000,0.0000,2496.0000,0.0000,0.0000,0.0000,0.0000,424,0,0,0,0,184,0,0,0,0
zc,WS301,2012-06-28 09:03:12.137,2495.0000,441208,2,0.0000,4.0000,3,1,空开,S,2495.0000,0.0000,0.0000,0.0000,0.0000,2496.0000,0.0000,0.0000,0.0000,0.0000,422,0,0,0,0,191,0,0,0,0
zc,WS301,2012-06-28 09:03:12.637,2496.0000,441244,36,0.0000,38.0000,37,1,多开,B,2495.0000,0.0000,0.0000,0.0000,0.0000,2496.0000,0.0000,0.0000,0.0000,0.0000,422,0,0,0,0,172,0,0,0,0
zc,WS301,2012-06-28 09:03:13.107,2496.0000,441252,8,0.0000,14.0000,11,3,多开,B,2495.0000,0.0000,0.0000,0.0000,0.0000,2496.0000,0.0000,0.0000,0.0000,0.0000,416,0,0,0,0,172,0,0,0,0
zc,WS301,2012-06-28 09:03:13.683,2496.0000,441260,8,0.0000,14.0000,11,3,多开,B,2495.0000,0.0000,0.0000,0.0000,0.0000,2496.0000,0.0000,0.0000,0.0000,0.0000,423,0,0,0,0,167,0,0,0,0
zc,WS301,2012-06-28 09:03:14.387,2495.0000,441264,4,0.0000,12.0000,8,4,空开,S,2495.0000,0.0000,0.0000,0.0000,0.0000,2496.0000,0.0000,0.0000,0.0000,0.0000,422,0,0,0,0,164,0,0,0,0
zc,WS301,2012-06-28 09:03:14.903,2495.0000,441288,24,0.0000,24.0000,24,0,双开,S,2495.0000,0.0000,0.0000,0.0000,0.0000,2496.0000,0.0000,0.0000,0.0000,0.0000,420,0,0,0,0,160,0,0,0,0
zc,WS301,2012-06-28 09:03:15.637,2495.0000,441288,0,0.0000,10.0000,5,5,空换,S,2495.0000,0.0000,0.0000,0.0000,0.0000,2496.0000,0.0000,0.0000,0.0000,0.0000,394,0,0,0,0,181,0,0,0,0
zc,WS301,2012-06-28 09:03:16.107,2495.0000,441290,2,0.0000,2.0000,2,0,双开,S,2495.0000,0.0000,0.0000,0.0000,0.0000,2496.0000,0.0000,0.0000,0.0000,0.0000,393,0,0,0,0,183,0,0,0,0
zc,WS301,2012-06-28 09:03:16.857,2495.0000,441646,356,0.0000,394.0000,375,19,空开,S,2495.0000,0.0000,0.0000,0.0000,0.0000,2496.0000,0.0000,0.0000,0.0000,0.0000,196,0,0,0,0,187,0,0,0,0
zc,WS301,2012-06-28 09:03:17.403,2495.0000,441652,6,0.0000,20.0000,13,7,空开,S,2495.0000,0.0000,0.0000,0.0000,0.0000,2496.0000,0.0000,0.0000,0.0000,0.0000,186,0,0,0,0,189,0,0,0,0
zc,WS301,2012-06-28 09:03:17.870,2495.0000,441704,52,0.0000,126.0000,89,37,空开,S,2495.0000,0.0000,0.0000,0.0000,0.0000,2496.0000,0.0000,0.0000,0.0000,0.0000,124,0,0,0,0,188,0,0,0,0
zc,WS301,2012-06-28 09:03:18.653,2495.0000,441722,18,0.0000,22.0000,20,2,空开,S,2495.0000,0.0000,0.0000,0.0000,0.0000,2496.0000,0.0000,0.0000,0.0000,0.0000,116,0,0,0,0,188,0,0,0,0
zc,WS301,2012-06-28 09:03:19.200,2495.0000,441744,22,0.0000,44.0000,33,11,空开,S,2495.0000,0.0000,0.0000,0.0000,0.0000,2496.0000,0.0000,0.0000,0.0000,0.0000,95,0,0,0,0,187,0,0,0,0
zc,WS301,2012-06-28 09:03:19.857,2494.0000,441978,234,0.0000,304.0000,269,35,空开,S,2494.0000,0.0000,0.0000,0.0000,0.0000,2495.0000,0.0000,0.0000,0.0000,0.0000,260,0,0,0,0,9,0,0,0,0
zc,WS301,2012-06-28 09:03:20.137,2494.0000,441984,6,0.0000,20.0000,13,7,空开,S,2494.0000,0.0000,0.0000,0.0000,0.0000,2495.0000,0.0000,0.0000,0.0000,0.0000,252,0,0,0,0,34,0,0,0,0
zc,WS301,2012-06-28 09:03:20.870,2494.0000,442086,102,0.0000,120.0000,111,9,空开,S,2494.0000,0.0000,0.0000,0.0000,0.0000,2495.0000,0.0000,0.0000,0.0000,0.0000,192,0,0,0,0,121,0,0,0,0
zc,WS301,2012-06-28 09:03:21.370,2494.0000,442122,36,0.0000,76.0000,56,20,空开,S,2494.0000,0.0000,0.0000,0.0000,0.0000,2495.0000,0.0000,0.0000,0.0000,0.0000,154,0,0,0,0,146,0,0,0,0
zc,WS301,2012-06-28 09:03:22.073,2494.0000,442088,-34,0.0000,34.0000,0,34,双平,S,2494.0000,0.0000,0.0000,0.0000,0.0000,2495.0000,0.0000,0.0000,0.0000,0.0000,137,0,0,0,0,163,0,0,0,0
zc,WS301,2012-06-28 09:03:22.620,2494.0000,442092,4,0.0000,56.0000,30,26,空开,S,2494.0000,0.0000,0.0000,0.0000,0.0000,2495.0000,0.0000,0.0000,0.0000,0.0000,110,0,0,0,0,163,0,0,0,0
zc,WS301,2012-06-28 09:03:23.357,2494.0000,442090,-2,0.0000,8.0000,3,5,多平,S,2494.0000,0.0000,0.0000,0.0000,0.0000,2495.0000,0.0000,0.0000,0.0000,0.0000,107,0,0,0,0,162,0,0,0,0
zc,WS301,2012-06-28 09:03:23.870,2494.0000,442154,64,0.0000,114.0000,89,25,空开,S,2494.0000,0.0000,0.0000,0.0000,0.0000,2495.0000,0.0000,0.0000,0.0000,0.0000,99,0,0,0,0,114,0,0,0,0
zc,WS301,2012-06-28 09:03:24.370,2494.0000,442268,114,0.0000,118.0000,116,2,空开,S,2494.0000,0.0000,0.0000,0.0000,0.0000,2495.0000,0.0000,0.0000,0.0000,0.0000,49,0,0,0,0,109,0,0,0,0
zc,WS301,2012-06-28 09:03:25.153,2494.0000,442272,4,0.0000,4.0000,4,0,双开,S,2494.0000,0.0000,0.0000,0.0000,0.0000,2495.0000,0.0000,0.0000,0.0000,0.0000,49,0,0,0,0,87,0,0,0,0
zc,WS301,2012-06-28 09:03:25.620,2493.0000,442276,4,0.0000,100.0000,52,48,空开,S,2493.0000,0.0000,0.0000,0.0000,0.0000,2494.0000,0.0000,0.0000,0.0000,0.0000,37,0,0,0,0,11,0,0,0,0
zc,WS301,2012-06-28 09:03:26.340,2493.0000,442276,0,0.0000,12.0000,6,6,空换,S,2493.0000,0.0000,0.0000,0.0000,0.0000,2494.0000,0.0000,0.0000,0.0000,0.0000,29,0,0,0,0,15,0,0,0,0
zc,WS301,2012-06-28 09:03:26.653,2493.0000,442304,28,0.0000,46.0000,37,9,空开,S,2493.0000,0.0000,0.0000,0.0000,0.0000,2494.0000,0.0000,0.0000,0.0000,0.0000,18,0,0,0,0,106,0,0,0,0
zc,WS301,2012-06-28 09:03:27.370,2493.0000,442296,-8,0.0000,28.0000,10,18,多平,S,2493.0000,0.0000,0.0000,0.0000,0.0000,2494.0000,0.0000,0.0000,0.0000,0.0000,50,0,0,0,0,101,0,0,0,0
zc,WS301,2012-06-28 09:03:27.887,2493.0000,442314,18,0.0000,70.0000,44,26,空开,S,2493.0000,0.0000,0.0000,0.0000,0.0000,2494.0000,0.0000,0.0000,0.0000,0.0000,17,0,0,0,0,113,0,0,0,0
zc,WS301,2012-06-28 09:03:28.637,2493.0000,442298,-16,0.0000,38.0000,11,27,多平,S,2492.0000,0.0000,0.0000,0.0000,0.0000,2493.0000,0.0000,0.0000,0.0000,0.0000,295,0,0,0,0,22,0,0,0,0
zc,WS301,2012-06-28 09:03:29.090,2493.0000,442286,-12,0.0000,20.0000,4,16,多平,S,2492.0000,0.0000,0.0000,0.0000,0.0000,2493.0000,0.0000,0.0000,0.0000,0.0000,301,0,0,0,0,61,0,0,0,0
zc,WS301,2012-06-28 09:03:29.917,2493.0000,442284,-2,0.0000,10.0000,4,6,多平,S,2492.0000,0.0000,0.0000,0.0000,0.0000,2493.0000,0.0000,0.0000,0.0000,0.0000,347,0,0,0,0,63,0,0,0,0
zc,WS301,2012-06-28 09:03:30.467,2492.0000,442284,0,0.0000,2.0000,1,1,空换,S,2492.0000,0.0000,0.0000,0.0000,0.0000,2493.0000,0.0000,0.0000,0.0000,0.0000,343,0,0,0,0,67,0,0,0,0
zc,WS301,2012-06-28 09:03:31.107,2492.0000,442586,302,0.0000,304.0000,303,1,空开,S,2492.0000,0.0000,0.0000,0.0000,0.0000,2493.0000,0.0000,0.0000,0.0000,0.0000,185,0,0,0,0,78,0,0,0,0
zc,WS301,2012-06-28 09:03:31.653,2492.0000,442488,-98,0.0000,144.0000,23,121,多平,S,2492.0000,0.0000,0.0000,0.0000,0.0000,2493.0000,0.0000,0.0000,0.0000,0.0000,113,0,0,0,0,132,0,0,0,0
zc,WS301,2012-06-28 09:03:32.153,2492.0000,442478,-10,0.0000,14.0000,2,12,多平,S,2492.0000,0.0000,0.0000,0.0000,0.0000,2493.0000,0.0000,0.0000,0.0000,0.0000,106,0,0,0,0,141,0,0,0,0
zc,WS301,2012-06-28 09:03:32.950,2492.0000,442482,4,0.0000,226.0000,115,111,空开,S,2491.0000,0.0000,0.0000,0.0000,0.0000,2492.0000,0.0000,0.0000,0.0000,0.0000,94,0,0,0,0,28,0,0,0,0
zc,WS301,2012-06-28 09:03:33.387,2492.0000,442484,2,0.0000,4.0000,3,1,空开,S,2491.0000,0.0000,0.0000,0.0000,0.0000,2492.0000,0.0000,0.0000,0.0000,0.0000,93,0,0,0,0,43,0,0,0,0
zc,WS301,2012-06-28 09:03:34.107,2491.0000,442492,8,0.0000,78.0000,43,35,空开,S,2491.0000,0.0000,0.0000,0.0000,0.0000,2492.0000,0.0000,0.0000,0.0000,0.0000,49,0,0,0,0,72,0,0,0,0
zc,WS301,2012-06-28 09:03:34.590,2491.0000,442478,-14,0.0000,102.0000,44,58,多平,S,2490.0000,0.0000,0.0000,0.0000,0.0000,2491.0000,0.0000,0.0000,0.0000,0.0000,248,0,0,0,0,3,0,0,0,0
zc,WS301,2012-06-28 09:03:35.120,2490.0000,442466,-12,0.0000,110.0000,49,61,多平,S,2490.0000,0.0000,0.0000,0.0000,0.0000,2491.0000,0.0000,0.0000,0.0000,0.0000,242,0,0,0,0,22,0,0,0,0
zc,WS301,2012-06-28 09:03:35.637,2490.0000,442430,-36,0.0000,76.0000,20,56,多平,S,2490.0000,0.0000,0.0000,0.0000,0.0000,2491.0000,0.0000,0.0000,0.0000,0.0000,212,0,0,0,0,35,0,0,0,0
zc,WS301,2012-06-28 09:03:36.403,2491.0000,442448,18,0.0000,22.0000,20,2,多开,B,2490.0000,0.0000,0.0000,0.0000,0.0000,2491.0000,0.0000,0.0000,0.0000,0.0000,207,0,0,0,0,85,0,0,0,0
zc,WS301,2012-06-28 09:03:36.887,2490.0000,442456,8,0.0000,126.0000,67,59,空开,S,2490.0000,0.0000,0.0000,0.0000,0.0000,2491.0000,0.0000,0.0000,0.0000,0.0000,261,0,0,0,0,42,0,0,0,0
zc,WS301,2012-06-28 09:03:37.637,2490.0000,442596,140,0.0000,196.0000,168,28,空开,S,2490.0000,0.0000,0.0000,0.0000,0.0000,2491.0000,0.0000,0.0000,0.0000,0.0000,179,0,0,0,0,28,0,0,0,0
zc,WS301,2012-06-28 09:03:38.450,2491.0000,442594,-2,0.0000,32.0000,15,17,空平,B,2490.0000,0.0000,0.0000,0.0000,0.0000,2491.0000,0.0000,0.0000,0.0000,0.0000,184,0,0,0,0,30,0,0,0,0
zc,WS301,2012-06-28 09:03:38.637,2490.0000,442560,-34,0.0000,70.0000,18,52,多平,S,2490.0000,0.0000,0.0000,0.0000,0.0000,2491.0000,0.0000,0.0000,0.0000,0.0000,153,0,0,0,0,40,0,0,0,0
zc,WS301,2012-06-28 09:03:39.357,2490.0000,442498,-62,0.0000,246.0000,92,154,多平,S,2490.0000,0.0000,0.0000,0.0000,0.0000,2491.0000,0.0000,0.0000,0.0000,0.0000,42,0,0,0,0,40,0,0,0,0
zc,WS301,2012-06-28 09:03:40.183,2490.0000,442520,22,0.0000,100.0000,61,39,空开,S,2490.0000,0.0000,0.0000,0.0000,0.0000,2491.0000,0.0000,0.0000,0.0000,0.0000,4,0,0,0,0,28,0,0,0,0
zc,WS301,2012-06-28 09:03:40.903,2490.0000,442518,-2,0.0000,58.0000,28,30,多平,S,2489.0000,0.0000,0.0000,0.0000,0.0000,2490.0000,0.0000,0.0000,0.0000,0.0000,209,0,0,0,0,13,0,0,0,0
zc,WS301,2012-06-28 09:03:41.387,2490.0000,442518,0,0.0000,0.0000,0,0,空换,S,2489.0000,0.0000,0.0000,0.0000,0.0000,2490.0000,0.0000,0.0000,0.0000,0.0000,211,0,0,0,0,24,0,0,0,0
zc,WS301,2012-06-28 09:03:42.217,2489.0000,442510,-8,0.0000,102.0000,47,55,多平,S,2489.0000,0.0000,0.0000,0.0000,0.0000,2490.0000,0.0000,0.0000,0.0000,0.0000,162,0,0,0,0,84,0,0,0,0
zc,WS301,2012-06-28 09:03:42.637,2490.0000,442340,-170,0.0000,216.0000,23,193,空平,B,2490.0000,0.0000,0.0000,0.0000,0.0000,2491.0000,0.0000,0.0000,0.0000,0.0000,47,0,0,0,0,63,0,0,0,0
zc,WS301,2012-06-28 09:03:43.137,2490.0000,442288,-52,0.0000,62.0000,5,57,空平,B,2490.0000,0.0000,0.0000,0.0000,0.0000,2491.0000,0.0000,0.0000,0.0000,0.0000,28,0,0,0,0,73,0,0,0,0
zc,WS301,2012-06-28 09:03:43.683,2490.0000,442284,-4,0.0000,18.0000,7,11,空平,B,2490.0000,0.0000,0.0000,0.0000,0.0000,2491.0000,0.0000,0.0000,0.0000,0.0000,22,0,0,0,0,77,0,0,0,0
zc,WS301,2012-06-28 09:03:44.417,2491.0000,442328,44,0.0000,154.0000,99,55,多开,B,2489.0000,0.0000,0.0000,0.0000,0.0000,2491.0000,0.0000,0.0000,0.0000,0.0000,132,0,0,0,0,60,0,0,0,0
zc,WS301,2012-06-28 09:03:44.887,2490.0000,442378,50,0.0000,52.0000,51,1,空开,S,2490.0000,0.0000,0.0000,0.0000,0.0000,2491.0000,0.0000,0.0000,0.0000,0.0000,13,0,0,0,0,62,0,0,0,0
zc,WS301,2012-06-28 09:03:45.683,2489.0000,442406,28,0.0000,58.0000,43,15,空开,S,2490.0000,0.0000,0.0000,0.0000,0.0000,2491.0000,0.0000,0.0000,0.0000,0.0000,5,0,0,0,0,124,0,0,0,0
zc,WS301,2012-06-28 09:03:46.887,2490.0000,442422,16,0.0000,52.0000,34,18,多开,B,2489.0000,0.0000,0.0000,0.0000,0.0000,2490.0000,0.0000,0.0000,0.0000,0.0000,134,0,0,0,0,15,0,0,0,0
zc,WS301,2012-06-28 09:03:47.370,2490.0000,442418,-4,0.0000,68.0000,32,36,空平,B,2489.0000,0.0000,0.0000,0.0000,0.0000,2490.0000,0.0000,0.0000,0.0000,0.0000,131,0,0,0,0,8,0,0,0,0
zc,WS301,2012-06-28 09:03:47.870,2490.0000,442702,284,0.0000,296.0000,290,6,多开,B,2489.0000,0.0000,0.0000,0.0000,0.0000,2490.0000,0.0000,0.0000,0.0000,0.0000,97,0,0,0,0,80,0,0,0,0
zc,WS301,2012-06-28 09:03:48.667,2490.0000,442836,134,0.0000,140.0000,137,3,多开,B,2489.0000,0.0000,0.0000,0.0000,0.0000,2490.0000,0.0000,0.0000,0.0000,0.0000,45,0,0,0,0,62,0,0,0,0
zc,WS301,2012-06-28 09:03:49.200,2489.0000,442842,6,0.0000,10.0000,8,2,空开,S,2489.0000,0.0000,0.0000,0.0000,0.0000,2490.0000,0.0000,0.0000,0.0000,0.0000,155,0,0,0,0,85,0,0,0,0
zc,WS301,2012-06-28 09:03:49.903,2490.0000,442888,46,0.0000,46.0000,46,0,双开,B,2489.0000,0.0000,0.0000,0.0000,0.0000,2490.0000,0.0000,0.0000,0.0000,0.0000,148,0,0,0,0,69,0,0,0,0
zc,WS301,2012-06-28 09:03:50.387,2489.0000,442918,30,0.0000,68.0000,49,19,空开,S,2489.0000,0.0000,0.0000,0.0000,0.0000,2490.0000,0.0000,0.0000,0.0000,0.0000,148,0,0,0,0,45,0,0,0,0
zc,WS301,2012-06-28 09:03:51.137,2490.0000,442928,10,0.0000,18.0000,14,4,多开,B,2489.0000,0.0000,0.0000,0.0000,0.0000,2490.0000,0.0000,0.0000,0.0000,0.0000,154,0,0,0,0,64,0,0,0,0
zc,WS301,2012-06-28 09:03:51.607,2490.0000,442902,-26,0.0000,72.0000,23,49,空平,B,2489.0000,0.0000,0.0000,0.0000,0.0000,2490.0000,0.0000,0.0000,0.0000,0.0000,165,0,0,0,0,93,0,0,0,0
zc,WS301,2012-06-28 09:03:52.167,2490.0000,442904,2,0.0000,26.0000,14,12,多开,B,2489.0000,0.0000,0.0000,0.0000,0.0000,2490.0000,0.0000,0.0000,0.0000,0.0000,171,0,0,0,0,192,0,0,0,0
zc,WS301,2012-06-28 09:03:52.667,2490.0000,442904,0,0.0000,36.0000,18,18,多换,B,2489.0000,0.0000,0.0000,0.0000,0.0000,2490.0000,0.0000,0.0000,0.0000,0.0000,174,0,0,0,0,190,0,0,0,0
zc,WS301,2012-06-28 09:03:53.403,2490.0000,442910,6,0.0000,92.0000,49,43,多开,B,2489.0000,0.0000,0.0000,0.0000,0.0000,2490.0000,0.0000,0.0000,0.0000,0.0000,162,0,0,0,0,155,0,0,0,0
zc,WS301,2012-06-28 09:03:54.107,2489.0000,442944,34,0.0000,62.0000,48,14,空开,S,2489.0000,0.0000,0.0000,0.0000,0.0000,2490.0000,0.0000,0.0000,0.0000,0.0000,154,0,0,0,0,140,0,0,0,0
zc,WS301,2012-06-28 09:03:54.403,2490.0000,442950,6,0.0000,26.0000,16,10,多开,B,2489.0000,0.0000,0.0000,0.0000,0.0000,2490.0000,0.0000,0.0000,0.0000,0.0000,152,0,0,0,0,133,0,0,0,0
zc,WS301,2012-06-28 09:03:55.403,2490.0000,442962,12,0.0000,14.0000,13,1,多开,B,2489.0000,0.0000,0.0000,0.0000,0.0000,2490.0000,0.0000,0.0000,0.0000,0.0000,152,0,0,0,0,137,0,0,0,0
zc,WS301,2012-06-28 09:03:55.653,2490.0000,443088,126,0.0000,168.0000,147,21,多开,B,2489.0000,0.0000,0.0000,0.0000,0.0000,2490.0000,0.0000,0.0000,0.0000,0.0000,125,0,0,0,0,80,0,0,0,0
zc,WS301,2012-06-28 09:03:56.357,2489.0000,443116,28,0.0000,66.0000,47,19,空开,S,2489.0000,0.0000,0.0000,0.0000,0.0000,2490.0000,0.0000,0.0000,0.0000,0.0000,98,0,0,0,0,76,0,0,0,0
zc,WS301,2012-06-28 09:03:56.903,2489.0000,443130,14,0.0000,18.0000,16,2,空开,S,2489.0000,0.0000,0.0000,0.0000,0.0000,2490.0000,0.0000,0.0000,0.0000,0.0000,107,0,0,0,0,72,0,0,0,0
zc,WS301,2012-06-28 09:03:57.403,2490.0000,443170,40,0.0000,56.0000,48,8,多开,B,2489.0000,0.0000,0.0000,0.0000,0.0000,2490.0000,0.0000,0.0000,0.0000,0.0000,90,0,0,0,0,113,0,0,0,0
zc,WS301,2012-06-28 09:03:58.137,2489.0000,443172,2,0.0000,20.0000,11,9,空开,S,2489.0000,0.0000,0.0000,0.0000,0.0000,2490.0000,0.0000,0.0000,0.0000,0.0000,99,0,0,0,0,116,0,0,0,0
zc,WS301,2012-06-28 09:03:58.637,2490.0000,443220,48,0.0000,60.0000,54,6,多开,B,2489.0000,0.0000,0.0000,0.0000,0.0000,2490.0000,0.0000,0.0000,0.0000,0.0000,91,0,0,0,0,99,0,0,0,0
zc,WS301,2012-06-28 09:03:59.387,2489.0000,443320,100,0.0000,116.0000,108,8,空开,S,2489.0000,0.0000,0.0000,0.0000,0.0000,2490.0000,0.0000,0.0000,0.0000,0.0000,119,0,0,0,0,101,0,0,0,0
zc,WS301,2012-06-28 09:03:59.903,2489.0000,443368,48,0.0000,132.0000,90,42,空开,S,2489.0000,0.0000,0.0000,0.0000,0.0000,2490.0000,0.0000,0.0000,0.0000,0.0000,70,0,0,0,0,90,0,0,0,0
zc,WS301,2012-06-28 09:04:00.607,2489.0000,443384,16,0.0000,58.0000,37,21,空开,S,2489.0000,0.0000,0.0000,0.0000,0.0000,2490.0000,0.0000,0.0000,0.0000,0.0000,49,0,0,0,0,138,0,0,0,0
zc,WS301,2012-06-28 09:04:01.090,2490.0000,443420,36,0.0000,102.0000,69,33,多开,B,2489.0000,0.0000,0.0000,0.0000,0.0000,2490.0000,0.0000,0.0000,0.0000,0.0000,48,0,0,0,0,199,0,0,0,0
zc,WS301,2012-06-28 09:04:01.917,2489.0000,443422,2,0.0000,72.0000,37,35,空开,S,2489.0000,0.0000,0.0000,0.0000,0.0000,2490.0000,0.0000,0.0000,0.0000,0.0000,22,0,0,0,0,200,0,0,0,0
zc,WS301,2012-06-28 09:04:02.370,2489.0000,443420,-2,0.0000,54.0000,26,28,多平,S,2488.0000,0.0000,0.0000,0.0000,0.0000,2489.0000,0.0000,0.0000,0.0000,0.0000,174,0,0,0,0,45,0,0,0,0
zc,WS301,2012-06-28 09:04:03.183,2488.0000,443404,-16,0.0000,34.0000,9,25,多平,S,2488.0000,0.0000,0.0000,0.0000,0.0000,2489.0000,0.0000,0.0000,0.0000,0.0000,210,0,0,0,0,138,0,0,0,0
zc,WS301,2012-06-28 09:04:03.637,2489.0000,443422,18,0.0000,28.0000,23,5,多开,B,2488.0000,0.0000,0.0000,0.0000,0.0000,2489.0000,0.0000,0.0000,0.0000,0.0000,210,0,0,0,0,136,0,0,0,0
zc,WS301,2012-06-28 09:04:04.417,2488.0000,443432,10,0.0000,32.0000,21,11,空开,S,2488.0000,0.0000,0.0000,0.0000,0.0000,2489.0000,0.0000,0.0000,0.0000,0.0000,208,0,0,0,0,130,0,0,0,0
zc,WS301,2012-06-28 09:04:04.637,2489.0000,443498,66,0.0000,134.0000,100,34,多开,B,2488.0000,0.0000,0.0000,0.0000,0.0000,2489.0000,0.0000,0.0000,0.0000,0.0000,202,0,0,0,0,86,0,0,0,0
zc,WS301,2012-06-28 09:04:05.387,2488.0000,443500,2,0.0000,6.0000,4,2,空开,S,2488.0000,0.0000,0.0000,0.0000,0.0000,2489.0000,0.0000,0.0000,0.0000,0.0000,198,0,0,0,0,84,0,0,0,0
zc,WS301,2012-06-28 09:04:05.870,2488.0000,443532,32,0.0000,56.0000,44,12,空开,S,2488.0000,0.0000,0.0000,0.0000,0.0000,2489.0000,0.0000,0.0000,0.0000,0.0000,169,0,0,0,0,88,0,0,0,0
zc,WS301,2012-06-28 09:04:06.637,2488.0000,443564,32,0.0000,40.0000,36,4,空开,S,2488.0000,0.0000,0.0000,0.0000,0.0000,2489.0000,0.0000,0.0000,0.0000,0.0000,163,0,0,0,0,82,0,0,0,0
zc,WS301,2012-06-28 09:04:07.107,2488.0000,443588,24,0.0000,76.0000,50,26,空开,S,2488.0000,0.0000,0.0000,0.0000,0.0000,2489.0000,0.0000,0.0000,0.0000,0.0000,143,0,0,0,0,103,0,0,0,0
zc,WS301,2012-06-28 09:04:07.637,2488.0000,443608,20,0.0000,22.0000,21,1,空开,S,2488.0000,0.0000,0.0000,0.0000,0.0000,2489.0000,0.0000,0.0000,0.0000,0.0000,137,0,0,0,0,110,0,0,0,0
zc,WS301,2012-06-28 09:04:08.340,2489.0000,443632,24,0.0000,56.0000,40,16,多开,B,2488.0000,0.0000,0.0000,0.0000,0.0000,2489.0000,0.0000,0.0000,0.0000,0.0000,123,0,0,0,0,108,0,0,0,0
zc,WS301,2012-06-28 09:04:08.870,2488.0000,443658,26,0.0000,30.0000,28,2,空开,S,2488.0000,0.0000,0.0000,0.0000,0.0000,2489.0000,0.0000,0.0000,0.0000,0.0000,119,0,0,0,0,96,0,0,0,0
zc,WS301,2012-06-28 09:04:09.620,2489.0000,443672,14,0.0000,18.0000,16,2,多开,B,2488.0000,0.0000,0.0000,0.0000,0.0000,2489.0000,0.0000,0.0000,0.0000,0.0000,136,0,0,0,0,81,0,0,0,0
zc,WS301,2012-06-28 09:04:09.887,2489.0000,443682,10,0.0000,22.0000,16,6,多开,B,2488.0000,0.0000,0.0000,0.0000,0.0000,2489.0000,0.0000,0.0000,0.0000,0.0000,154,0,0,0,0,88,0,0,0,0
zc,WS301,2012-06-28 09:04:10.620,2489.0000,443656,-26,0.0000,238.0000,106,132,空平,B,2489.0000,0.0000,0.0000,0.0000,0.0000,2490.0000,0.0000,0.0000,0.0000,0.0000,3,0,0,0,0,511,0,0,0,0
zc,WS301,2012-06-28 09:04:11.120,2489.0000,443652,-4,0.0000,6.0000,1,5,空平,B,2489.0000,0.0000,0.0000,0.0000,0.0000,2490.0000,0.0000,0.0000,0.0000,0.0000,196,0,0,0,0,512,0,0,0,0
zc,WS301,2012-06-28 09:04:11.887,2489.0000,443658,6,0.0000,6.0000,6,0,双开,B,2489.0000,0.0000,0.0000,0.0000,0.0000,2490.0000,0.0000,0.0000,0.0000,0.0000,237,0,0,0,0,511,0,0,0,0
zc,WS301,2012-06-28 09:04:12.387,2490.0000,443658,0,0.0000,14.0000,7,7,多换,B,2489.0000,0.0000,0.0000,0.0000,0.0000,2490.0000,0.0000,0.0000,0.0000,0.0000,241,0,0,0,0,510,0,0,0,0
zc,WS301,2012-06-28 09:04:12.840,2489.0000,443682,24,0.0000,68.0000,46,22,空开,S,2489.0000,0.0000,0.0000,0.0000,0.0000,2490.0000,0.0000,0.0000,0.0000,0.0000,241,0,0,0,0,481,0,0,0,0
zc,WS301,2012-06-28 09:04:13.653,2489.0000,443660,-22,0.0000,40.0000,9,31,多平,S,2489.0000,0.0000,0.0000,0.0000,0.0000,2490.0000,0.0000,0.0000,0.0000,0.0000,237,0,0,0,0,482,0,0,0,0
zc,WS301,2012-06-28 09:04:14.167,2489.0000,443654,-6,0.0000,64.0000,29,35,多平,S,2489.0000,0.0000,0.0000,0.0000,0.0000,2490.0000,0.0000,0.0000,0.0000,0.0000,225,0,0,0,0,467,0,0,0,0
zc,WS301,2012-06-28 09:04:14.903,2489.0000,443662,8,0.0000,34.0000,21,13,空开,S,2489.0000,0.0000,0.0000,0.0000,0.0000,2490.0000,0.0000,0.0000,0.0000,0.0000,221,0,0,0,0,461,0,0,0,0
zc,WS301,2012-06-28 09:04:15.387,2489.0000,443648,-14,0.0000,22.0000,4,18,多平,S,2489.0000,0.0000,0.0000,0.0000,0.0000,2490.0000,0.0000,0.0000,0.0000,0.0000,210,0,0,0,0,558,0,0,0,0
zc,WS301,2012-06-28 09:04:16.137,2490.0000,443650,2,0.0000,8.0000,5,3,多开,B,2489.0000,0.0000,0.0000,0.0000,0.0000,2490.0000,0.0000,0.0000,0.0000,0.0000,209,0,0,0,0,554,0,0,0,0
zc,WS301,2012-06-28 09:04:16.620,2490.0000,443654,4,0.0000,44.0000,24,20,多开,B,2489.0000,0.0000,0.0000,0.0000,0.0000,2490.0000,0.0000,0.0000,0.0000,0.0000,85,0,0,0,0,538,0,0,0,0
zc,WS301,2012-06-28 09:04:17.153,2489.0000,443672,18,0.0000,88.0000,53,35,空开,S,2489.0000,0.0000,0.0000,0.0000,0.0000,2490.0000,0.0000,0.0000,0.0000,0.0000,57,0,0,0,0,543,0,0,0,0
zc,WS301,2012-06-28 09:04:17.607,2490.0000,443698,26,0.0000,26.0000,26,0,双开,B,2489.0000,0.0000,0.0000,0.0000,0.0000,2490.0000,0.0000,0.0000,0.0000,0.0000,59,0,0,0,0,536,0,0,0,0
zc,WS301,2012-06-28 09:04:18.370,2489.0000,443718,20,0.0000,36.0000,28,8,空开,S,2489.0000,0.0000,0.0000,0.0000,0.0000,2490.0000,0.0000,0.0000,0.0000,0.0000,43,0,0,0,0,527,0,0,0,0
zc,WS301,2012-06-28 09:04:18.870,2489.0000,443744,26,0.0000,46.0000,36,10,空开,S,2489.0000,0.0000,0.0000,0.0000,0.0000,2490.0000,0.0000,0.0000,0.0000,0.0000,30,0,0,0,0,533,0,0,0,0
zc,WS301,2012-06-28 09:04:19.403,2489.0000,443746,2,0.0000,34.0000,18,16,空开,S,2489.0000,0.0000,0.0000,0.0000,0.0000,2490.0000,0.0000,0.0000,0.0000,0.0000,16,0,0,0,0,538,0,0,0,0
zc,WS301,2012-06-28 09:04:20.433,2489.0000,443890,144,0.0000,232.0000,188,44,空开,S,2488.0000,0.0000,0.0000,0.0000,0.0000,2489.0000,0.0000,0.0000,0.0000,0.0000,106,0,0,0,0,4,0,0,0,0
zc,WS301,2012-06-28 09:04:20.840,2489.0000,443898,8,0.0000,8.0000,8,0,双开,S,2489.0000,0.0000,0.0000,0.0000,0.0000,2490.0000,0.0000,0.0000,0.0000,0.0000,26,0,0,0,0,549,0,0,0,0
zc,WS301,2012-06-28 09:04:21.653,2490.0000,443860,-38,0.0000,114.0000,38,76,空平,B,2489.0000,0.0000,0.0000,0.0000,0.0000,2490.0000,0.0000,0.0000,0.0000,0.0000,20,0,0,0,0,430,0,0,0,0
zc,WS301,2012-06-28 09:04:22.200,2489.0000,443900,40,0.0000,40.0000,40,0,双开,S,2488.0000,0.0000,0.0000,0.0000,0.0000,2489.0000,0.0000,0.0000,0.0000,0.0000,113,0,0,0,0,4,0,0,0,0
zc,WS301,2012-06-28 09:04:22.887,2490.0000,443908,8,0.0000,30.0000,19,11,多开,B,2488.0000,0.0000,0.0000,0.0000,0.0000,2489.0000,0.0000,0.0000,0.0000,0.0000,110,0,0,0,0,1,0,0,0,0
zc,WS301,2012-06-28 09:04:23.387,2489.0000,443906,-2,0.0000,28.0000,13,15,多平,S,2489.0000,0.0000,0.0000,0.0000,0.0000,2490.0000,0.0000,0.0000,0.0000,0.0000,38,0,0,0,0,491,0,0,0,0
zc,WS301,2012-06-28 09:04:23.870,2490.0000,443896,-10,0.0000,12.0000,1,11,空平,B,2489.0000,0.0000,0.0000,0.0000,0.0000,2490.0000,0.0000,0.0000,0.0000,0.0000,39,0,0,0,0,460,0,0,0,0
zc,WS301,2012-06-28 09:04:24.433,2490.0000,443896,0,0.0000,0.0000,0,0,多换,B,2489.0000,0.0000,0.0000,0.0000,0.0000,2490.0000,0.0000,0.0000,0.0000,0.0000,44,0,0,0,0,460,0,0,0,0
zc,WS301,2012-06-28 09:04:25.167,2489.0000,443922,26,0.0000,90.0000,58,32,空开,S,2488.0000,0.0000,0.0000,0.0000,0.0000,2489.0000,0.0000,0.0000,0.0000,0.0000,121,0,0,0,0,12,0,0,0,0
zc,WS301,2012-06-28 09:04:25.653,2489.0000,443922,0,0.0000,8.0000,4,4,空换,S,2488.0000,0.0000,0.0000,0.0000,0.0000,2489.0000,0.0000,0.0000,0.0000,0.0000,118,0,0,0,0,16,0,0,0,0
zc,WS301,2012-06-28 09:04:26.417,2489.0000,443952,30,0.0000,38.0000,34,4,空开,S,2488.0000,0.0000,0.0000,0.0000,0.0000,2489.0000,0.0000,0.0000,0.0000,0.0000,122,0,0,0,0,9,0,0,0,0
zc,WS301,2012-06-28 09:04:26.870,2489.0000,443932,-20,0.0000,22.0000,1,21,多平,S,2488.0000,0.0000,0.0000,0.0000,0.0000,2489.0000,0.0000,0.0000,0.0000,0.0000,148,0,0,0,0,32,0,0,0,0
zc,WS301,2012-06-28 09:04:27.370,2489.0000,443954,22,0.0000,60.0000,41,19,空开,S,2488.0000,0.0000,0.0000,0.0000,0.0000,2489.0000,0.0000,0.0000,0.0000,0.0000,119,0,0,0,0,12,0,0,0,0
zc,WS301,2012-06-28 09:04:28.120,2489.0000,443978,24,0.0000,24.0000,24,0,双开,S,2489.0000,0.0000,0.0000,0.0000,0.0000,2490.0000,0.0000,0.0000,0.0000,0.0000,31,0,0,0,0,475,0,0,0,0
zc,WS301,2012-06-28 09:04:28.620,2490.0000,443978,0,0.0000,22.0000,11,11,多换,B,2489.0000,0.0000,0.0000,0.0000,0.0000,2490.0000,0.0000,0.0000,0.0000,0.0000,44,0,0,0,0,569,0,0,0,0
zc,WS301,2012-06-28 09:04:29.357,2489.0000,443962,-16,0.0000,44.0000,14,30,多平,S,2489.0000,0.0000,0.0000,0.0000,0.0000,2490.0000,0.0000,0.0000,0.0000,0.0000,48,0,0,0,0,561,0,0,0,0
zc,WS301,2012-06-28 09:04:29.870,2490.0000,443972,10,0.0000,16.0000,13,3,多开,B,2489.0000,0.0000,0.0000,0.0000,0.0000,2490.0000,0.0000,0.0000,0.0000,0.0000,49,0,0,0,0,560,0,0,0,0
zc,WS301,2012-06-28 09:04:30.370,2489.0000,444022,50,0.0000,98.0000,74,24,空开,S,2488.0000,0.0000,0.0000,0.0000,0.0000,2489.0000,0.0000,0.0000,0.0000,0.0000,131,0,0,0,0,10,0,0,0,0
zc,WS301,2012-06-28 09:04:30.917,2489.0000,444020,-2,0.0000,14.0000,6,8,多平,S,2488.0000,0.0000,0.0000,0.0000,0.0000,2489.0000,0.0000,0.0000,0.0000,0.0000,137,0,0,0,0,5,0,0,0,0
zc,WS301,2012-06-28 09:04:31.620,2489.0000,444024,4,0.0000,16.0000,10,6,空开,S,2488.0000,0.0000,0.0000,0.0000,0.0000,2489.0000,0.0000,0.0000,0.0000,0.0000,137,0,0,0,0,97,0,0,0,0
zc,WS301,2012-06-28 09:04:32.120,2489.0000,444032,8,0.0000,8.0000,8,0,双开,S,2488.0000,0.0000,0.0000,0.0000,0.0000,2489.0000,0.0000,0.0000,0.0000,0.0000,160,0,0,0,0,93,0,0,0,0
zc,WS301,2012-06-28 09:04:32.607,2489.0000,444042,10,0.0000,12.0000,11,1,空开,S,2488.0000,0.0000,0.0000,0.0000,0.0000,2489.0000,0.0000,0.0000,0.0000,0.0000,167,0,0,0,0,121,0,0,0,0
zc,WS301,2012-06-28 09:04:33.387,2488.0000,444102,60,0.0000,68.0000,64,4,空开,S,2488.0000,0.0000,0.0000,0.0000,0.0000,2489.0000,0.0000,0.0000,0.0000,0.0000,161,0,0,0,0,91,0,0,0,0
zc,WS301,2012-06-28 09:04:33.857,2488.0000,444102,0,0.0000,0.0000,0,0,空换,S,2488.0000,0.0000,0.0000,0.0000,0.0000,2489.0000,0.0000,0.0000,0.0000,0.0000,161,0,0,0,0,92,0,0,0,0
zc,WS301,2012-06-28 09:04:34.357,2489.0000,444114,12,0.0000,14.0000,13,1,多开,B,2488.0000,0.0000,0.0000,0.0000,0.0000,2489.0000,0.0000,0.0000,0.0000,0.0000,165,0,0,0,0,90,0,0,0,0
zc,WS301,2012-06-28 09:04:35.107,2489.0000,444174,60,0.0000,62.0000,61,1,多开,B,2488.0000,0.0000,0.0000,0.0000,0.0000,2489.0000,0.0000,0.0000,0.0000,0.0000,148,0,0,0,0,80,0,0,0,0
zc,WS301,2012-06-28 09:04:35.917,2489.0000,444180,6,0.0000,6.0000,6,0,双开,B,2488.0000,0.0000,0.0000,0.0000,0.0000,2489.0000,0.0000,0.0000,0.0000,0.0000,153,0,0,0,0,88,0,0,0,0
zc,WS301,2012-06-28 09:04:36.167,2489.0000,444204,24,0.0000,28.0000,26,2,多开,B,2488.0000,0.0000,0.0000,0.0000,0.0000,2489.0000,0.0000,0.0000,0.0000,0.0000,152,0,0,0,0,91,0,0,0,0
zc,WS301,2012-06-28 09:04:36.903,2488.0000,444206,2,0.0000,12.0000,7,5,空开,S,2488.0000,0.0000,0.0000,0.0000,0.0000,2489.0000,0.0000,0.0000,0.0000,0.0000,144,0,0,0,0,91,0,0,0,0
zc,WS301,2012-06-28 09:04:37.387,2489.0000,444208,2,0.0000,4.0000,3,1,多开,B,2488.0000,0.0000,0.0000,0.0000,0.0000,2489.0000,0.0000,0.0000,0.0000,0.0000,144,0,0,0,0,89,0,0,0,0
zc,WS301,2012-06-28 09:04:38.370,2489.0000,444254,46,0.0000,202.0000,124,78,多开,B,2489.0000,0.0000,0.0000,0.0000,0.0000,2490.0000,0.0000,0.0000,0.0000,0.0000,304,0,0,0,0,593,0,0,0,0
zc,WS301,2012-06-28 09:04:38.620,2489.0000,444272,18,0.0000,18.0000,18,0,双开,B,2489.0000,0.0000,0.0000,0.0000,0.0000,2490.0000,0.0000,0.0000,0.0000,0.0000,297,0,0,0,0,593,0,0,0,0
zc,WS301,2012-06-28 09:04:39.323,2489.0000,444272,0,0.0000,24.0000,12,12,多换,B,2489.0000,0.0000,0.0000,0.0000,0.0000,2490.0000,0.0000,0.0000,0.0000,0.0000,287,0,0,0,0,593,0,0,0,0
zc,WS301,2012-06-28 09:04:39.857,2489.0000,444360,88,0.0000,138.0000,113,25,多开,B,2489.0000,0.0000,0.0000,0.0000,0.0000,2490.0000,0.0000,0.0000,0.0000,0.0000,219,0,0,0,0,704,0,0,0,0
zc,WS301,2012-06-28 09:04:40.607,2489.0000,444360,0,0.0000,0.0000,0,0,多换,B,2489.0000,0.0000,0.0000,0.0000,0.0000,2490.0000,0.0000,0.0000,0.0000,0.0000,225,0,0,0,0,704,0,0,0,0
zc,WS301,2012-06-28 09:04:41.120,2489.0000,444362,2,0.0000,2.0000,2,0,双开,B,2489.0000,0.0000,0.0000,0.0000,0.0000,2490.0000,0.0000,0.0000,0.0000,0.0000,225,0,0,0,0,704,0,0,0,0
zc,WS301,2012-06-28 09:04:41.607,2489.0000,444538,176,0.0000,186.0000,181,5,多开,B,2489.0000,0.0000,0.0000,0.0000,0.0000,2490.0000,0.0000,0.0000,0.0000,0.0000,134,0,0,0,0,683,0,0,0,0
zc,WS301,2012-06-28 09:04:42.370,2490.0000,444538,0,0.0000,2.0000,1,1,多换,B,2489.0000,0.0000,0.0000,0.0000,0.0000,2490.0000,0.0000,0.0000,0.0000,0.0000,137,0,0,0,0,681,0,0,0,0
zc,WS301,2012-06-28 09:04:42.887,2490.0000,444538,0,0.0000,6.0000,3,3,多换,B,2489.0000,0.0000,0.0000,0.0000,0.0000,2490.0000,0.0000,0.0000,0.0000,0.0000,138,0,0,0,0,677,0,0,0,0
zc,WS301,2012-06-28 09:04:43.357,2490.0000,444556,18,0.0000,20.0000,19,1,多开,B,2489.0000,0.0000,0.0000,0.0000,0.0000,2490.0000,0.0000,0.0000,0.0000,0.0000,131,0,0,0,0,676,0,0,0,0
zc,WS301,2012-06-28 09:04:43.840,2489.0000,444554,-2,0.0000,28.0000,13,15,多平,S,2489.0000,0.0000,0.0000,0.0000,0.0000,2490.0000,0.0000,0.0000,0.0000,0.0000,137,0,0,0,0,649,0,0,0,0
zc,WS301,2012-06-28 09:04:44.620,2490.0000,444576,22,0.0000,24.0000,23,1,多开,B,2489.0000,0.0000,0.0000,0.0000,0.0000,2490.0000,0.0000,0.0000,0.0000,0.0000,227,0,0,0,0,647,0,0,0,0
zc,WS301,2012-06-28 09:04:45.120,2489.0000,444582,6,0.0000,8.0000,7,1,空开,S,2489.0000,0.0000,0.0000,0.0000,0.0000,2490.0000,0.0000,0.0000,0.0000,0.0000,226,0,0,0,0,646,0,0,0,0
zc,WS301,2012-06-28 09:04:45.607,2489.0000,444716,134,0.0000,274.0000,204,70,空开,S,2489.0000,0.0000,0.0000,0.0000,0.0000,2490.0000,0.0000,0.0000,0.0000,0.0000,124,0,0,0,0,649,0,0,0,0
zc,WS301,2012-06-28 09:04:46.307,2490.0000,444716,0,0.0000,24.0000,12,12,多换,B,2489.0000,0.0000,0.0000,0.0000,0.0000,2490.0000,0.0000,0.0000,0.0000,0.0000,123,0,0,0,0,638,0,0,0,0
zc,WS301,2012-06-28 09:04:46.387,2490.0000,444716,0,0.0000,0.0000,0,0,多换,B,2489.0000,0.0000,0.0000,0.0000,0.0000,2490.0000,0.0000,0.0000,0.0000,0.0000,123,0,0,0,0,638,0,0,0,0
zc,WS301,2012-06-28 09:04:46.870,2490.0000,444714,-2,0.0000,2.0000,0,2,双平,B,2489.0000,0.0000,0.0000,0.0000,0.0000,2490.0000,0.0000,0.0000,0.0000,0.0000,126,0,0,0,0,636,0,0,0,0
zc,WS301,2012-06-28 09:04:47.417,2490.0000,444714,0,0.0000,42.0000,21,21,多换,B,2489.0000,0.0000,0.0000,0.0000,0.0000,2490.0000,0.0000,0.0000,0.0000,0.0000,128,0,0,0,0,614,0,0,0,0
zc,WS301,2012-06-28 09:04:47.840,2490.0000,444792,78,0.0000,84.0000,81,3,多开,B,2489.0000,0.0000,0.0000,0.0000,0.0000,2490.0000,0.0000,0.0000,0.0000,0.0000,106,0,0,0,0,593,0,0,0,0
zc,WS301,2012-06-28 09:04:48.590,2490.0000,444792,0,0.0000,2.0000,1,1,多换,B,2489.0000,0.0000,0.0000,0.0000,0.0000,2490.0000,0.0000,0.0000,0.0000,0.0000,114,0,0,0,0,598,0,0,0,0
zc,WS301,2012-06-28 09:04:49.167,2490.0000,444792,0,0.0000,12.0000,6,6,多换,B,2489.0000,0.0000,0.0000,0.0000,0.0000,2490.0000,0.0000,0.0000,0.0000,0.0000,114,0,0,0,0,592,0,0,0,0
zc,WS301,2012-06-28 09:04:49.840,2489.0000,444796,4,0.0000,4.0000,4,0,双开,S,2489.0000,0.0000,0.0000,0.0000,0.0000,2490.0000,0.0000,0.0000,0.0000,0.0000,116,0,0,0,0,596,0,0,0,0
zc,WS301,2012-06-28 09:04:50.450,2489.0000,444796,0,0.0000,0.0000,0,0,空换,S,2489.0000,0.0000,0.0000,0.0000,0.0000,2490.0000,0.0000,0.0000,0.0000,0.0000,152,0,0,0,0,596,0,0,0,0
zc,WS301,2012-06-28 09:04:51.120,2489.0000,444800,4,0.0000,4.0000,4,0,双开,S,2489.0000,0.0000,0.0000,0.0000,0.0000,2490.0000,0.0000,0.0000,0.0000,0.0000,156,0,0,0,0,595,0,0,0,0
zc,WS301,2012-06-28 09:04:51.857,2489.0000,444818,18,0.0000,22.0000,20,2,空开,S,2489.0000,0.0000,0.0000,0.0000,0.0000,2490.0000,0.0000,0.0000,0.0000,0.0000,156,0,0,0,0,614,0,0,0,0
zc,WS301,2012-06-28 09:04:52.387,2489.0000,444836,18,0.0000,18.0000,18,0,双开,S,2489.0000,0.0000,0.0000,0.0000,0.0000,2490.0000,0.0000,0.0000,0.0000,0.0000,68,0,0,0,0,616,0,0,0,0
zc,WS301,2012-06-28 09:04:52.887,2489.0000,444836,0,0.0000,6.0000,3,3,空换,S,2489.0000,0.0000,0.0000,0.0000,0.0000,2490.0000,0.0000,0.0000,0.0000,0.0000,63,0,0,0,0,617,0,0,0,0
zc,WS301,2012-06-28 09:04:53.403,2490.0000,444836,0,0.0000,4.0000,2,2,多换,B,2489.0000,0.0000,0.0000,0.0000,0.0000,2490.0000,0.0000,0.0000,0.0000,0.0000,63,0,0,0,0,622,0,0,0,0
zc,WS301,2012-06-28 09:04:54.137,2489.0000,444870,34,0.0000,38.0000,36,2,空开,S,2489.0000,0.0000,0.0000,0.0000,0.0000,2490.0000,0.0000,0.0000,0.0000,0.0000,53,0,0,0,0,623,0,0,0,0
zc,WS301,2012-06-28 09:04:54.637,2489.0000,444876,6,0.0000,68.0000,37,31,空开,S,2489.0000,0.0000,0.0000,0.0000,0.0000,2490.0000,0.0000,0.0000,0.0000,0.0000,23,0,0,0,0,618,0,0,0,0
zc,WS301,2012-06-28 09:04:55.357,2489.0000,444876,0,0.0000,50.0000,25,25,空换,S,2488.0000,0.0000,0.0000,0.0000,0.0000,2489.0000,0.0000,0.0000,0.0000,0.0000,194,0,0,0,0,27,0,0,0,0
zc,WS301,2012-06-28 09:04:55.933,2489.0000,444876,0,0.0000,14.0000,7,7,空换,S,2488.0000,0.0000,0.0000,0.0000,0.0000,2489.0000,0.0000,0.0000,0.0000,0.0000,194,0,0,0,0,21,0,0,0,0
zc,WS301,2012-06-28 09:04:56.653,2489.0000,444874,-2,0.0000,12.0000,5,7,多平,S,2488.0000,0.0000,0.0000,0.0000,0.0000,2489.0000,0.0000,0.0000,0.0000,0.0000,195,0,0,0,0,15,0,0,0,0
zc,WS301,2012-06-28 09:04:57.153,2489.0000,444872,-2,0.0000,4.0000,1,3,多平,S,2488.0000,0.0000,0.0000,0.0000,0.0000,2489.0000,0.0000,0.0000,0.0000,0.0000,197,0,0,0,0,24,0,0,0,0
zc,WS301,2012-06-28 09:04:57.607,2489.0000,444874,2,0.0000,6.0000,4,2,空开,S,2488.0000,0.0000,0.0000,0.0000,0.0000,2489.0000,0.0000,0.0000,0.0000,0.0000,195,0,0,0,0,32,0,0,0,0
zc,WS301,2012-06-28 09:04:58.370,2489.0000,444872,-2,0.0000,16.0000,7,9,多平,S,2488.0000,0.0000,0.0000,0.0000,0.0000,2489.0000,0.0000,0.0000,0.0000,0.0000,196,0,0,0,0,31,0,0,0,0
zc,WS301,2012-06-28 09:04:58.887,2489.0000,444896,24,0.0000,36.0000,30,6,空开,S,2488.0000,0.0000,0.0000,0.0000,0.0000,2489.0000,0.0000,0.0000,0.0000,0.0000,202,0,0,0,0,13,0,0,0,0
zc,WS301,2012-06-28 09:04:59.387,2489.0000,444934,38,0.0000,42.0000,40,2,空开,S,2488.0000,0.0000,0.0000,0.0000,0.0000,2490.0000,0.0000,0.0000,0.0000,0.0000,197,0,0,0,0,637,0,0,0,0
zc,WS301,2012-06-28 09:05:00.200,2489.0000,444942,8,0.0000,8.0000,8,0,双开,S,2489.0000,0.0000,0.0000,0.0000,0.0000,2490.0000,0.0000,0.0000,0.0000,0.0000,126,0,0,0,0,635,0,0,0,0
zc,WS301,2012-06-28 09:05:00.620,2489.0000,444942,0,0.0000,0.0000,0,0,空换,S,2489.0000,0.0000,0.0000,0.0000,0.0000,2490.0000,0.0000,0.0000,0.0000,0.0000,127,0,0,0,0,635,0,0,0,0
zc,WS301,2012-06-28 09:05:01.120,2490.0000,444946,4,0.0000,26.0000,15,11,多开,B,2489.0000,0.0000,0.0000,0.0000,0.0000,2490.0000,0.0000,0.0000,0.0000,0.0000,160,0,0,0,0,645,0,0,0,0
zc,WS301,2012-06-28 09:05:01.840,2490.0000,444946,0,0.0000,0.0000,0,0,多换,B,2489.0000,0.0000,0.0000,0.0000,0.0000,2490.0000,0.0000,0.0000,0.0000,0.0000,162,0,0,0,0,646,0,0,0,0
zc,WS301,2012-06-28 09:05:02.340,2490.0000,444976,30,0.0000,30.0000,30,0,双开,B,2489.0000,0.0000,0.0000,0.0000,0.0000,2490.0000,0.0000,0.0000,0.0000,0.0000,152,0,0,0,0,642,0,0,0,0
zc,WS301,2012-06-28 09:05:03.107,2490.0000,444978,2,0.0000,10.0000,6,4,多开,B,2489.0000,0.0000,0.0000,0.0000,0.0000,2490.0000,0.0000,0.0000,0.0000,0.0000,104,0,0,0,0,644,0,0,0,0
zc,WS301,2012-06-28 09:05:03.573,2489.0000,445078,100,0.0000,102.0000,101,1,空开,S,2489.0000,0.0000,0.0000,0.0000,0.0000,2490.0000,0.0000,0.0000,0.0000,0.0000,63,0,0,0,0,644,0,0,0,0
zc,WS301,2012-06-28 09:05:04.107,2489.0000,445210,132,0.0000,134.0000,133,1,空开,S,2488.0000,0.0000,0.0000,0.0000,0.0000,2489.0000,0.0000,0.0000,0.0000,0.0000,213,0,0,0,0,33,0,0,0,0
zc,WS301,2012-06-28 09:05:04.857,2489.0000,445222,12,0.0000,12.0000,12,0,双开,S,2488.0000,0.0000,0.0000,0.0000,0.0000,2489.0000,0.0000,0.0000,0.0000,0.0000,214,0,0,0,0,31,0,0,0,0
zc,WS301,2012-06-28 09:05:05.387,2489.0000,445256,34,0.0000,48.0000,41,7,空开,S,2488.0000,0.0000,0.0000,0.0000,0.0000,2489.0000,0.0000,0.0000,0.0000,0.0000,200,0,0,0,0,29,0,0,0,0
zc,WS301,2012-06-28 09:05:06.107,2488.0000,445260,4,0.0000,6.0000,5,1,空开,S,2488.0000,0.0000,0.0000,0.0000,0.0000,2489.0000,0.0000,0.0000,0.0000,0.0000,199,0,0,0,0,41,0,0,0,0
zc,WS301,2012-06-28 09:05:06.620,2489.0000,445276,16,0.0000,18.0000,17,1,多开,B,2488.0000,0.0000,0.0000,0.0000,0.0000,2489.0000,0.0000,0.0000,0.0000,0.0000,200,0,0,0,0,62,0,0,0,0
zc,WS301,2012-06-28 09:05:07.090,2489.0000,445290,14,0.0000,14.0000,14,0,双开,B,2488.0000,0.0000,0.0000,0.0000,0.0000,2489.0000,0.0000,0.0000,0.0000,0.0000,200,0,0,0,0,75,0,0,0,0
zc,WS301,2012-06-28 09:05:07.590,2489.0000,445292,2,0.0000,24.0000,13,11,多开,B,2488.0000,0.0000,0.0000,0.0000,0.0000,2489.0000,0.0000,0.0000,0.0000,0.0000,204,0,0,0,0,63,0,0,0,0
zc,WS301,2012-06-28 09:05:08.323,2488.0000,445278,-14,0.0000,32.0000,9,23,多平,S,2488.0000,0.0000,0.0000,0.0000,0.0000,2489.0000,0.0000,0.0000,0.0000,0.0000,190,0,0,0,0,69,0,0,0,0
zc,WS301,2012-06-28 09:05:08.887,2489.0000,445280,2,0.0000,2.0000,2,0,双开,B,2488.0000,0.0000,0.0000,0.0000,0.0000,2489.0000,0.0000,0.0000,0.0000,0.0000,190,0,0,0,0,69,0,0,0,0
zc,WS301,2012-06-28 09:05:09.370,2489.0000,445286,6,0.0000,8.0000,7,1,多开,B,2488.0000,0.0000,0.0000,0.0000,0.0000,2489.0000,0.0000,0.0000,0.0000,0.0000,191,0,0,0,0,99,0,0,0,0
zc,WS301,2012-06-28 09:05:10.107,2488.0000,445292,6,0.0000,10.0000,8,2,空开,S,2488.0000,0.0000,0.0000,0.0000,0.0000,2489.0000,0.0000,0.0000,0.0000,0.0000,190,0,0,0,0,124,0,0,0,0
zc,WS301,2012-06-28 09:05:10.573,2489.0000,445292,0,0.0000,12.0000,6,6,多换,B,2488.0000,0.0000,0.0000,0.0000,0.0000,2489.0000,0.0000,0.0000,0.0000,0.0000,193,0,0,0,0,194,0,0,0,0
zc,WS301,2012-06-28 09:05:11.370,2488.0000,445282,-10,0.0000,22.0000,6,16,多平,S,2488.0000,0.0000,0.0000,0.0000,0.0000,2489.0000,0.0000,0.0000,0.0000,0.0000,190,0,0,0,0,193,0,0,0,0
zc,WS301,2012-06-28 09:05:11.870,2488.0000,445268,-14,0.0000,276.0000,131,145,多平,S,2488.0000,0.0000,0.0000,0.0000,0.0000,2489.0000,0.0000,0.0000,0.0000,0.0000,55,0,0,0,0,191,0,0,0,0
zc,WS301,2012-06-28 09:05:12.357,2489.0000,445270,2,0.0000,12.0000,7,5,多开,B,2488.0000,0.0000,0.0000,0.0000,0.0000,2489.0000,0.0000,0.0000,0.0000,0.0000,53,0,0,0,0,197,0,0,0,0
zc,WS301,2012-06-28 09:05:12.870,2489.0000,445278,8,0.0000,20.0000,14,6,多开,B,2488.0000,0.0000,0.0000,0.0000,0.0000,2489.0000,0.0000,0.0000,0.0000,0.0000,54,0,0,0,0,204,0,0,0,0
zc,WS301,2012-06-28 09:05:13.573,2489.0000,445298,20,0.0000,64.0000,42,22,多开,B,2488.0000,0.0000,0.0000,0.0000,0.0000,2489.0000,0.0000,0.0000,0.0000,0.0000,79,0,0,0,0,198,0,0,0,0
zc,WS301,2012-06-28 09:05:14.090,2488.0000,445300,2,0.0000,4.0000,3,1,空开,S,2488.0000,0.0000,0.0000,0.0000,0.0000,2489.0000,0.0000,0.0000,0.0000,0.0000,68,0,0,0,0,198,0,0,0,0
zc,WS301,2012-06-28 09:05:14.573,2488.0000,445308,8,0.0000,10.0000,9,1,空开,S,2488.0000,0.0000,0.0000,0.0000,0.0000,2489.0000,0.0000,0.0000,0.0000,0.0000,68,0,0,0,0,200,0,0,0,0
zc,WS301,2012-06-28 09:05:15.403,2488.0000,445290,-18,0.0000,30.0000,6,24,多平,S,2488.0000,0.0000,0.0000,0.0000,0.0000,2489.0000,0.0000,0.0000,0.0000,0.0000,42,0,0,0,0,226,0,0,0,0
zc,WS301,2012-06-28 09:05:15.887,2489.0000,445290,0,0.0000,2.0000,1,1,多换,B,2488.0000,0.0000,0.0000,0.0000,0.0000,2489.0000,0.0000,0.0000,0.0000,0.0000,43,0,0,0,0,325,0,0,0,0
zc,WS301,2012-06-28 09:05:16.607,2488.0000,445288,-2,0.0000,86.0000,42,44,多平,S,2488.0000,0.0000,0.0000,0.0000,0.0000,2489.0000,0.0000,0.0000,0.0000,0.0000,29,0,0,0,0,324,0,0,0,0
zc,WS301,2012-06-28 09:05:17.073,2488.0000,445294,6,0.0000,10.0000,8,2,空开,S,2488.0000,0.0000,0.0000,0.0000,0.0000,2489.0000,0.0000,0.0000,0.0000,0.0000,3,0,0,0,0,344,0,0,0,0
zc,WS301,2012-06-28 09:05:17.870,2489.0000,445756,462,0.0000,608.0000,535,73,多开,B,2487.0000,0.0000,0.0000,0.0000,0.0000,2488.0000,0.0000,0.0000,0.0000,0.0000,190,0,0,0,0,12,0,0,0,0
zc,WS301,2012-06-28 09:05:18.120,2488.0000,445760,4,0.0000,4.0000,4,0,双开,S,2487.0000,0.0000,0.0000,0.0000,0.0000,2488.0000,0.0000,0.0000,0.0000,0.0000,190,0,0,0,0,110,0,0,0,0
zc,WS301,2012-06-28 09:05:18.917,2488.0000,445766,6,0.0000,6.0000,6,0,双开,S,2487.0000,0.0000,0.0000,0.0000,0.0000,2488.0000,0.0000,0.0000,0.0000,0.0000,190,0,0,0,0,117,0,0,0,0
zc,WS301,2012-06-28 09:05:19.387,2488.0000,445770,4,0.0000,4.0000,4,0,双开,S,2487.0000,0.0000,0.0000,0.0000,0.0000,2488.0000,0.0000,0.0000,0.0000,0.0000,190,0,0,0,0,117,0,0,0,0
zc,WS301,2012-06-28 09:05:20.107,2488.0000,445776,6,0.0000,12.0000,9,3,空开,S,2487.0000,0.0000,0.0000,0.0000,0.0000,2488.0000,0.0000,0.0000,0.0000,0.0000,177,0,0,0,0,114,0,0,0,0
zc,WS301,2012-06-28 09:05:20.607,2487.0000,445782,6,0.0000,12.0000,9,3,空开,S,2487.0000,0.0000,0.0000,0.0000,0.0000,2488.0000,0.0000,0.0000,0.0000,0.0000,172,0,0,0,0,114,0,0,0,0
zc,WS301,2012-06-28 09:05:21.107,2487.0000,445784,2,0.0000,6.0000,4,2,空开,S,2487.0000,0.0000,0.0000,0.0000,0.0000,2488.0000,0.0000,0.0000,0.0000,0.0000,171,0,0,0,0,123,0,0,0,0
zc,WS301,2012-06-28 09:05:21.857,2488.0000,445782,-2,0.0000,50.0000,24,26,空平,B,2487.0000,0.0000,0.0000,0.0000,0.0000,2488.0000,0.0000,0.0000,0.0000,0.0000,139,0,0,0,0,120,0,0,0,0
zc,WS301,2012-06-28 09:05:22.607,2487.0000,445772,-10,0.0000,68.0000,29,39,多平,S,2487.0000,0.0000,0.0000,0.0000,0.0000,2488.0000,0.0000,0.0000,0.0000,0.0000,112,0,0,0,0,132,0,0,0,0
zc,WS301,2012-06-28 09:05:23.073,2487.0000,445772,0,0.0000,0.0000,0,0,空换,S,2487.0000,0.0000,0.0000,0.0000,0.0000,2488.0000,0.0000,0.0000,0.0000,0.0000,112,0,0,0,0,136,0,0,0,0
zc,WS301,2012-06-28 09:05:23.637,2487.0000,445772,0,0.0000,20.0000,10,10,空换,S,2487.0000,0.0000,0.0000,0.0000,0.0000,2488.0000,0.0000,0.0000,0.0000,0.0000,103,0,0,0,0,60,0,0,0,0
zc,WS301,2012-06-28 09:05:24.357,2487.0000,445820,48,0.0000,52.0000,50,2,空开,S,2487.0000,0.0000,0.0000,0.0000,0.0000,2488.0000,0.0000,0.0000,0.0000,0.0000,82,0,0,0,0,55,0,0,0,0
zc,WS301,2012-06-28 09:05:24.887,2487.0000,445846,26,0.0000,48.0000,37,11,空开,S,2487.0000,0.0000,0.0000,0.0000,0.0000,2488.0000,0.0000,0.0000,0.0000,0.0000,61,0,0,0,0,56,0,0,0,0
zc,WS301,2012-06-28 09:05:25.667,2487.0000,445964,118,0.0000,124.0000,121,3,空开,S,2486.0000,0.0000,0.0000,0.0000,0.0000,2487.0000,0.0000,0.0000,0.0000,0.0000,206,0,0,0,0,42,0,0,0,0
zc,WS301,2012-06-28 09:05:26.120,2487.0000,445976,12,0.0000,14.0000,13,1,空开,S,2486.0000,0.0000,0.0000,0.0000,0.0000,2487.0000,0.0000,0.0000,0.0000,0.0000,208,0,0,0,0,36,0,0,0,0
zc,WS301,2012-06-28 09:05:26.870,2486.0000,446000,24,0.0000,26.0000,25,1,空开,S,2486.0000,0.0000,0.0000,0.0000,0.0000,2487.0000,0.0000,0.0000,0.0000,0.0000,230,0,0,0,0,36,0,0,0,0
zc,WS301,2012-06-28 09:05:27.340,2486.0000,446016,16,0.0000,32.0000,24,8,空开,S,2486.0000,0.0000,0.0000,0.0000,0.0000,2487.0000,0.0000,0.0000,0.0000,0.0000,228,0,0,0,0,38,0,0,0,0
zc,WS301,2012-06-28 09:05:27.857,2487.0000,446092,76,0.0000,88.0000,82,6,多开,B,2486.0000,0.0000,0.0000,0.0000,0.0000,2487.0000,0.0000,0.0000,0.0000,0.0000,217,0,0,0,0,42,0,0,0,0
zc,WS301,2012-06-28 09:05:28.557,2486.0000,446098,6,0.0000,8.0000,7,1,空开,S,2486.0000,0.0000,0.0000,0.0000,0.0000,2487.0000,0.0000,0.0000,0.0000,0.0000,216,0,0,0,0,43,0,0,0,0
zc,WS301,2012-06-28 09:05:29.107,2486.0000,446358,260,0.0000,472.0000,366,106,空开,S,2485.0000,0.0000,0.0000,0.0000,0.0000,2486.0000,0.0000,0.0000,0.0000,0.0000,312,0,0,0,0,576,0,0,0,0
zc,WS301,2012-06-28 09:05:29.840,2486.0000,446350,-8,0.0000,38.0000,15,23,多平,S,2485.0000,0.0000,0.0000,0.0000,0.0000,2486.0000,0.0000,0.0000,0.0000,0.0000,290,0,0,0,0,572,0,0,0,0
zc,WS301,2012-06-28 09:05:30.357,2485.0000,446336,-14,0.0000,36.0000,11,25,多平,S,2485.0000,0.0000,0.0000,0.0000,0.0000,2486.0000,0.0000,0.0000,0.0000,0.0000,278,0,0,0,0,599,0,0,0,0
zc,WS301,2012-06-28 09:05:31.107,2485.0000,446310,-26,0.0000,52.0000,13,39,多平,S,2485.0000,0.0000,0.0000,0.0000,0.0000,2486.0000,0.0000,0.0000,0.0000,0.0000,257,0,0,0,0,655,0,0,0,0
zc,WS301,2012-06-28 09:05:31.357,2485.0000,446294,-16,0.0000,68.0000,26,42,多平,S,2485.0000,0.0000,0.0000,0.0000,0.0000,2486.0000,0.0000,0.0000,0.0000,0.0000,233,0,0,0,0,712,0,0,0,0
zc,WS301,2012-06-28 09:05:32.167,2485.0000,446712,418,0.0000,472.0000,445,27,空开,S,2484.0000,0.0000,0.0000,0.0000,0.0000,2485.0000,0.0000,0.0000,0.0000,0.0000,19,0,0,0,0,201,0,0,0,0
zc,WS301,2012-06-28 09:05:32.917,2485.0000,446666,-46,0.0000,94.0000,24,70,多平,S,2484.0000,0.0000,0.0000,0.0000,0.0000,2485.0000,0.0000,0.0000,0.0000,0.0000,41,0,0,0,0,346,0,0,0,0
zc,WS301,2012-06-28 09:05:33.370,2484.0000,446668,2,0.0000,18.0000,10,8,空开,S,2484.0000,0.0000,0.0000,0.0000,0.0000,2485.0000,0.0000,0.0000,0.0000,0.0000,40,0,0,0,0,371,0,0,0,0
zc,WS301,2012-06-28 09:05:33.857,2485.0000,446692,24,0.0000,56.0000,40,16,多开,B,2484.0000,0.0000,0.0000,0.0000,0.0000,2485.0000,0.0000,0.0000,0.0000,0.0000,23,0,0,0,0,415,0,0,0,0
