市场代码,合约代码,时间,最新,持仓,增仓,成交额,成交量,开仓,平仓,成交类型,方向,买一价,买二价,买三价,买四价,买五价,卖一价,卖二价,卖三价,卖四价,卖五价,买一量,买二量,买三量,买四量,买五量,卖一量,卖二量,卖三量,卖四量,卖五量
zc,SR311,2012-06-05 08:59:04.133,0.0000,8,0,0.0000,0.0000,0,0,空换,S,5855.0000,0.0000,0.0000,0.0000,0.0000,6020.0000,0.0000,0.0000,0.0000,0.0000,1,0,0,0,0,1,0,0,0,0
zc,SR311,2012-06-05 09:00:03.883,0.0000,8,0,0.0000,0.0000,0,0,空换,S,5858.0000,0.0000,0.0000,0.0000,0.0000,6020.0000,0.0000,0.0000,0.0000,0.0000,2,0,0,0,0,1,0,0,0,0
zc,SR311,2012-06-05 09:00:40.337,0.0000,8,0,0.0000,0.0000,0,0,空换,S,5899.0000,0.0000,0.0000,0.0000,0.0000,6020.0000,0.0000,0.0000,0.0000,0.0000,1,0,0,0,0,1,0,0,0,0
zc,SR311,2012-06-05 09:00:42.320,0.0000,8,0,0.0000,0.0000,0,0,空换,S,5858.0000,0.0000,0.0000,0.0000,0.0000,6020.0000,0.0000,0.0000,0.0000,0.0000,2,0,0,0,0,1,0,0,0,0
zc,SR311,2012-06-05 09:00:48.023,0.0000,8,0,0.0000,0.0000,0,0,空换,S,5863.0000,0.0000,0.0000,0.0000,0.0000,6020.0000,0.0000,0.0000,0.0000,0.0000,2,0,0,0,0,1,0,0,0,0
zc,SR311,2012-06-05 09:00:55.507,0.0000,8,0,0.0000,0.0000,0,0,空换,S,5932.0000,0.0000,0.0000,0.0000,0.0000,6020.0000,0.0000,0.0000,0.0000,0.0000,1,0,0,0,0,1,0,0,0,0
zc,SR311,2012-06-05 09:02:45.803,0.0000,8,0,0.0000,0.0000,0,0,空换,S,5932.0000,0.0000,0.0000,0.0000,0.0000,5999.0000,0.0000,0.0000,0.0000,0.0000,1,0,0,0,0,1,0,0,0,0
zc,SR311,2012-06-05 09:04:21.303,0.0000,8,0,0.0000,0.0000,0,0,空换,S,5995.0000,0.0000,0.0000,0.0000,0.0000,5999.0000,0.0000,0.0000,0.0000,0.0000,1,0,0,0,0,1,0,0,0,0
zc,SR311,2012-06-05 09:04:38.523,0.0000,8,0,0.0000,0.0000,0,0,空换,S,5988.0000,0.0000,0.0000,0.0000,0.0000,5999.0000,0.0000,0.0000,0.0000,0.0000,1,0,0,0,0,1,0,0,0,0
zc,SR311,2012-06-05 09:04:46.037,0.0000,8,0,0.0000,0.0000,0,0,空换,S,5990.0000,0.0000,0.0000,0.0000,0.0000,5999.0000,0.0000,0.0000,0.0000,0.0000,1,0,0,0,0,1,0,0,0,0
zc,SR311,2012-06-05 09:05:29.553,0.0000,8,0,0.0000,0.0000,0,0,空换,S,5988.0000,0.0000,0.0000,0.0000,0.0000,5999.0000,0.0000,0.0000,0.0000,0.0000,1,0,0,0,0,1,0,0,0,0
zc,SR311,2012-06-05 09:05:33.023,0.0000,8,0,0.0000,0.0000,0,0,空换,S,5982.0000,0.0000,0.0000,0.0000,0.0000,5999.0000,0.0000,0.0000,0.0000,0.0000,1,0,0,0,0,1,0,0,0,0
zc,SR311,2012-06-05 09:05:39.287,0.0000,8,0,0.0000,0.0000,0,0,空换,S,5983.0000,0.0000,0.0000,0.0000,0.0000,5999.0000,0.0000,0.0000,0.0000,0.0000,1,0,0,0,0,1,0,0,0,0
zc,SR311,2012-06-05 09:07:35.507,0.0000,8,0,0.0000,0.0000,0,0,空换,S,5982.0000,0.0000,0.0000,0.0000,0.0000,5999.0000,0.0000,0.0000,0.0000,0.0000,1,0,0,0,0,1,0,0,0,0
zc,SR311,2012-06-05 09:07:49.990,0.0000,8,0,0.0000,0.0000,0,0,空换,S,5980.0000,0.0000,0.0000,0.0000,0.0000,5999.0000,0.0000,0.0000,0.0000,0.0000,1,0,0,0,0,1,0,0,0,0
zc,SR311,2012-06-05 09:09:51.757,0.0000,8,0,0.0000,0.0000,0,0,空换,S,5985.0000,0.0000,0.0000,0.0000,0.0000,5999.0000,0.0000,0.0000,0.0000,0.0000,1,0,0,0,0,1,0,0,0,0
zc,SR311,2012-06-05 09:10:22.023,0.0000,8,0,0.0000,0.0000,0,0,空换,S,5985.0000,0.0000,0.0000,0.0000,0.0000,6020.0000,0.0000,0.0000,0.0000,0.0000,1,0,0,0,0,1,0,0,0,0
zc,SR311,2012-06-05 09:10:25.037,5985.0000,10,2,0.0000,2.0000,2,0,双开,B,5932.0000,0.0000,0.0000,0.0000,0.0000,6020.0000,0.0000,0.0000,0.0000,0.0000,1,0,0,0,0,1,0,0,0,0
zc,SR311,2012-06-05 09:10:36.210,5985.0000,10,0,0.0000,0.0000,0,0,多换,B,5932.0000,0.0000,0.0000,0.0000,0.0000,6019.0000,0.0000,0.0000,0.0000,0.0000,1,0,0,0,0,1,0,0,0,0
zc,SR311,2012-06-05 09:11:34.977,5985.0000,10,0,0.0000,0.0000,0,0,多换,B,5932.0000,0.0000,0.0000,0.0000,0.0000,6015.0000,0.0000,0.0000,0.0000,0.0000,1,0,0,0,0,1,0,0,0,0
zc,SR311,2012-06-05 09:11:46.023,5985.0000,10,0,0.0000,0.0000,0,0,多换,B,5932.0000,0.0000,0.0000,0.0000,0.0000,6014.0000,0.0000,0.0000,0.0000,0.0000,1,0,0,0,0,1,0,0,0,0
zc,SR311,2012-06-05 09:12:03.740,5985.0000,10,0,0.0000,0.0000,0,0,多换,B,5932.0000,0.0000,0.0000,0.0000,0.0000,5990.0000,0.0000,0.0000,0.0000,0.0000,1,0,0,0,0,1,0,0,0,0
zc,SR311,2012-06-05 09:14:03.460,5985.0000,10,0,0.0000,0.0000,0,0,多换,B,5932.0000,0.0000,0.0000,0.0000,0.0000,6015.0000,0.0000,0.0000,0.0000,0.0000,1,0,0,0,0,1,0,0,0,0
zc,SR311,2012-06-05 09:14:15.507,5985.0000,10,0,0.0000,0.0000,0,0,多换,B,5950.0000,0.0000,0.0000,0.0000,0.0000,6015.0000,0.0000,0.0000,0.0000,0.0000,1,0,0,0,0,1,0,0,0,0
zc,SR311,2012-06-05 09:14:27.977,5985.0000,10,0,0.0000,0.0000,0,0,多换,B,5951.0000,0.0000,0.0000,0.0000,0.0000,6015.0000,0.0000,0.0000,0.0000,0.0000,1,0,0,0,0,1,0,0,0,0
zc,SR311,2012-06-05 09:14:37.490,5985.0000,10,0,0.0000,0.0000,0,0,多换,B,5951.0000,0.0000,0.0000,0.0000,0.0000,6014.0000,0.0000,0.0000,0.0000,0.0000,1,0,0,0,0,1,0,0,0,0
zc,SR311,2012-06-05 09:15:32.490,5985.0000,10,0,0.0000,0.0000,0,0,多换,B,5951.0000,0.0000,0.0000,0.0000,0.0000,6013.0000,0.0000,0.0000,0.0000,0.0000,1,0,0,0,0,1,0,0,0,0
zc,SR311,2012-06-05 09:15:43.757,5985.0000,10,0,0.0000,0.0000,0,0,多换,B,5952.0000,0.0000,0.0000,0.0000,0.0000,6013.0000,0.0000,0.0000,0.0000,0.0000,1,0,0,0,0,1,0,0,0,0
zc,SR311,2012-06-05 09:16:36.023,5985.0000,10,0,0.0000,0.0000,0,0,多换,B,5953.0000,0.0000,0.0000,0.0000,0.0000,6013.0000,0.0000,0.0000,0.0000,0.0000,1,0,0,0,0,1,0,0,0,0
zc,SR311,2012-06-05 09:16:45.257,5985.0000,10,0,0.0000,0.0000,0,0,多换,B,5954.0000,0.0000,0.0000,0.0000,0.0000,6013.0000,0.0000,0.0000,0.0000,0.0000,1,0,0,0,0,1,0,0,0,0
zc,SR311,2012-06-05 09:17:54.727,5985.0000,10,0,0.0000,0.0000,0,0,多换,B,5966.0000,0.0000,0.0000,0.0000,0.0000,6013.0000,0.0000,0.0000,0.0000,0.0000,1,0,0,0,0,1,0,0,0,0
zc,SR311,2012-06-05 09:19:19.773,5985.0000,10,0,0.0000,0.0000,0,0,多换,B,5966.0000,0.0000,0.0000,0.0000,0.0000,6000.0000,0.0000,0.0000,0.0000,0.0000,1,0,0,0,0,1,0,0,0,0
zc,SR311,2012-06-05 09:22:42.990,5985.0000,10,0,0.0000,0.0000,0,0,多换,B,5966.0000,0.0000,0.0000,0.0000,0.0000,6013.0000,0.0000,0.0000,0.0000,0.0000,1,0,0,0,0,1,0,0,0,0
zc,SR311,2012-06-05 09:30:22.960,5985.0000,10,0,0.0000,0.0000,0,0,多换,B,5970.0000,0.0000,0.0000,0.0000,0.0000,6013.0000,0.0000,0.0000,0.0000,0.0000,2,0,0,0,0,1,0,0,0,0
zc,SR311,2012-06-05 09:30:51.227,5985.0000,10,0,0.0000,0.0000,0,0,多换,B,5971.0000,0.0000,0.0000,0.0000,0.0000,6013.0000,0.0000,0.0000,0.0000,0.0000,1,0,0,0,0,1,0,0,0,0
zc,SR311,2012-06-05 09:34:08.977,5985.0000,10,0,0.0000,0.0000,0,0,多换,B,5999.0000,0.0000,0.0000,0.0000,0.0000,6013.0000,0.0000,0.0000,0.0000,0.0000,2,0,0,0,0,1,0,0,0,0
zc,SR311,2012-06-05 09:34:14.773,5985.0000,10,0,0.0000,0.0000,0,0,多换,B,5971.0000,0.0000,0.0000,0.0000,0.0000,6013.0000,0.0000,0.0000,0.0000,0.0000,1,0,0,0,0,1,0,0,0,0
zc,SR311,2012-06-05 09:56:34.693,5985.0000,10,0,0.0000,0.0000,0,0,多换,B,5954.0000,0.0000,0.0000,0.0000,0.0000,6013.0000,0.0000,0.0000,0.0000,0.0000,1,0,0,0,0,1,0,0,0,0
zc,SR311,2012-06-05 09:56:39.193,5985.0000,10,0,0.0000,0.0000,0,0,多换,B,5954.0000,0.0000,0.0000,0.0000,0.0000,6013.0000,0.0000,0.0000,0.0000,0.0000,1,0,0,0,0,2,0,0,0,0
zc,SR311,2012-06-05 09:56:43.897,5985.0000,10,0,0.0000,0.0000,0,0,多换,B,5956.0000,0.0000,0.0000,0.0000,0.0000,6013.0000,0.0000,0.0000,0.0000,0.0000,1,0,0,0,0,2,0,0,0,0
zc,SR311,2012-06-05 09:57:23.193,5985.0000,10,0,0.0000,0.0000,0,0,多换,B,5956.0000,0.0000,0.0000,0.0000,0.0000,6013.0000,0.0000,0.0000,0.0000,0.0000,1,0,0,0,0,1,0,0,0,0
zc,SR311,2012-06-05 09:58:23.913,5985.0000,10,0,0.0000,0.0000,0,0,多换,B,5956.0000,0.0000,0.0000,0.0000,0.0000,6013.0000,0.0000,0.0000,0.0000,0.0000,1,0,0,0,0,2,0,0,0,0
zc,SR311,2012-06-05 09:58:38.163,5985.0000,10,0,0.0000,0.0000,0,0,多换,B,5956.0000,0.0000,0.0000,0.0000,0.0000,6013.0000,0.0000,0.0000,0.0000,0.0000,1,0,0,0,0,1,0,0,0,0
zc,SR311,2012-06-05 10:05:25.647,5985.0000,10,0,0.0000,0.0000,0,0,多换,B,5956.0000,0.0000,0.0000,0.0000,0.0000,6013.0000,0.0000,0.0000,0.0000,0.0000,1,0,0,0,0,1,0,0,0,0
zc,SR311,2012-06-05 10:30:59.430,5985.0000,10,0,0.0000,0.0000,0,0,多换,B,5957.0000,0.0000,0.0000,0.0000,0.0000,6013.0000,0.0000,0.0000,0.0000,0.0000,1,0,0,0,0,1,0,0,0,0
zc,SR311,2012-06-05 10:31:11.897,5985.0000,10,0,0.0000,0.0000,0,0,多换,B,5957.0000,0.0000,0.0000,0.0000,0.0000,6015.0000,0.0000,0.0000,0.0000,0.0000,1,0,0,0,0,1,0,0,0,0
zc,SR311,2012-06-05 10:31:22.413,5985.0000,10,0,0.0000,0.0000,0,0,多换,B,5966.0000,0.0000,0.0000,0.0000,0.0000,6015.0000,0.0000,0.0000,0.0000,0.0000,1,0,0,0,0,1,0,0,0,0
zc,SR311,2012-06-05 10:32:25.617,5985.0000,10,0,0.0000,0.0000,0,0,多换,B,5966.0000,0.0000,0.0000,0.0000,0.0000,6015.0000,0.0000,0.0000,0.0000,0.0000,1,0,0,0,0,1,0,0,0,0
zc,SR311,2012-06-05 10:32:35.163,5985.0000,10,0,0.0000,0.0000,0,0,多换,B,5966.0000,0.0000,0.0000,0.0000,0.0000,6014.0000,0.0000,0.0000,0.0000,0.0000,1,0,0,0,0,1,0,0,0,0
zc,SR311,2012-06-05 10:46:02.367,5985.0000,10,0,0.0000,0.0000,0,0,多换,B,5966.0000,0.0000,0.0000,0.0000,0.0000,6010.0000,0.0000,0.0000,0.0000,0.0000,1,0,0,0,0,1,0,0,0,0
zc,SR311,2012-06-05 10:52:25.617,5985.0000,10,0,0.0000,0.0000,0,0,多换,B,5966.0000,0.0000,0.0000,0.0000,0.0000,6010.0000,0.0000,0.0000,0.0000,0.0000,1,0,0,0,0,1,0,0,0,0
zc,SR311,2012-06-05 10:55:31.383,5985.0000,10,0,0.0000,0.0000,0,0,多换,B,5966.0000,0.0000,0.0000,0.0000,0.0000,6010.0000,0.0000,0.0000,0.0000,0.0000,2,0,0,0,0,1,0,0,0,0
zc,SR311,2012-06-05 10:55:33.413,5985.0000,10,0,0.0000,0.0000,0,0,多换,B,5966.0000,0.0000,0.0000,0.0000,0.0000,6010.0000,0.0000,0.0000,0.0000,0.0000,1,0,0,0,0,1,0,0,0,0
zc,SR311,2012-06-05 10:58:10.663,5985.0000,10,0,0.0000,0.0000,0,0,多换,B,5969.0000,0.0000,0.0000,0.0000,0.0000,6010.0000,0.0000,0.0000,0.0000,0.0000,1,0,0,0,0,1,0,0,0,0
zc,SR311,2012-06-05 10:58:11.867,5985.0000,10,0,0.0000,0.0000,0,0,多换,B,5966.0000,0.0000,0.0000,0.0000,0.0000,6010.0000,0.0000,0.0000,0.0000,0.0000,1,0,0,0,0,1,0,0,0,0
zc,SR311,2012-06-05 10:58:25.850,5985.0000,10,0,0.0000,0.0000,0,0,多换,B,5966.0000,0.0000,0.0000,0.0000,0.0000,6010.0000,0.0000,0.0000,0.0000,0.0000,2,0,0,0,0,1,0,0,0,0
zc,SR311,2012-06-05 10:58:28.413,5985.0000,10,0,0.0000,0.0000,0,0,多换,B,5971.0000,0.0000,0.0000,0.0000,0.0000,6010.0000,0.0000,0.0000,0.0000,0.0000,1,0,0,0,0,1,0,0,0,0
zc,SR311,2012-06-05 10:58:29.397,5985.0000,10,0,0.0000,0.0000,0,0,多换,B,5966.0000,0.0000,0.0000,0.0000,0.0000,6010.0000,0.0000,0.0000,0.0000,0.0000,2,0,0,0,0,1,0,0,0,0
zc,SR311,2012-06-05 10:58:58.397,5985.0000,10,0,0.0000,0.0000,0,0,多换,B,5971.0000,0.0000,0.0000,0.0000,0.0000,6010.0000,0.0000,0.0000,0.0000,0.0000,1,0,0,0,0,1,0,0,0,0
zc,SR311,2012-06-05 10:59:11.383,5985.0000,10,0,0.0000,0.0000,0,0,多换,B,5972.0000,0.0000,0.0000,0.0000,0.0000,6010.0000,0.0000,0.0000,0.0000,0.0000,1,0,0,0,0,1,0,0,0,0
zc,SR311,2012-06-05 10:59:12.383,5985.0000,10,0,0.0000,0.0000,0,0,多换,B,5971.0000,0.0000,0.0000,0.0000,0.0000,6010.0000,0.0000,0.0000,0.0000,0.0000,1,0,0,0,0,1,0,0,0,0
zc,SR311,2012-06-05 10:59:32.133,5985.0000,10,0,0.0000,0.0000,0,0,多换,B,5966.0000,0.0000,0.0000,0.0000,0.0000,6010.0000,0.0000,0.0000,0.0000,0.0000,1,0,0,0,0,1,0,0,0,0
zc,SR311,2012-06-05 10:59:32.663,5985.0000,10,0,0.0000,0.0000,0,0,多换,B,5976.0000,0.0000,0.0000,0.0000,0.0000,6010.0000,0.0000,0.0000,0.0000,0.0000,1,0,0,0,0,1,0,0,0,0
zc,SR311,2012-06-05 11:05:25.587,5985.0000,10,0,0.0000,0.0000,0,0,多换,B,5976.0000,0.0000,0.0000,0.0000,0.0000,6010.0000,0.0000,0.0000,0.0000,0.0000,1,0,0,0,0,1,0,0,0,0
zc,SR311,2012-06-05 11:27:25.553,5985.0000,10,0,0.0000,0.0000,0,0,多换,B,5976.0000,0.0000,0.0000,0.0000,0.0000,6010.0000,0.0000,0.0000,0.0000,0.0000,1,0,0,0,0,1,0,0,0,0
zc,SR311,2012-06-05 11:29:10.553,5985.0000,10,0,0.0000,0.0000,0,0,多换,B,5960.0000,0.0000,0.0000,0.0000,0.0000,6010.0000,0.0000,0.0000,0.0000,0.0000,1,0,0,0,0,1,0,0,0,0
zc,SR311,2012-06-05 11:29:16.350,5985.0000,10,0,0.0000,0.0000,0,0,多换,B,5959.0000,0.0000,0.0000,0.0000,0.0000,6010.0000,0.0000,0.0000,0.0000,0.0000,1,0,0,0,0,1,0,0,0,0
zc,SR311,2012-06-05 13:01:25.460,5985.0000,10,0,0.0000,0.0000,0,0,多换,B,5959.0000,0.0000,0.0000,0.0000,0.0000,6010.0000,0.0000,0.0000,0.0000,0.0000,1,0,0,0,0,1,0,0,0,0
zc,SR311,2012-06-05 13:16:25.430,5985.0000,10,0,0.0000,0.0000,0,0,多换,B,5959.0000,0.0000,0.0000,0.0000,0.0000,6010.0000,0.0000,0.0000,0.0000,0.0000,1,0,0,0,0,1,0,0,0,0
zc,SR311,2012-06-05 13:30:03.053,5985.0000,10,0,0.0000,0.0000,0,0,多换,B,5965.0000,0.0000,0.0000,0.0000,0.0000,6010.0000,0.0000,0.0000,0.0000,0.0000,1,0,0,0,0,1,0,0,0,0
zc,SR311,2012-06-05 13:30:03.850,5985.0000,10,0,0.0000,0.0000,0,0,多换,B,5967.0000,0.0000,0.0000,0.0000,0.0000,6010.0000,0.0000,0.0000,0.0000,0.0000,1,0,0,0,0,1,0,0,0,0
zc,SR311,2012-06-05 13:30:08.037,5985.0000,10,0,0.0000,0.0000,0,0,多换,B,5959.0000,0.0000,0.0000,0.0000,0.0000,6010.0000,0.0000,0.0000,0.0000,0.0000,1,0,0,0,0,1,0,0,0,0
zc,SR311,2012-06-05 13:30:18.693,5985.0000,10,0,0.0000,0.0000,0,0,多换,B,5968.0000,0.0000,0.0000,0.0000,0.0000,6010.0000,0.0000,0.0000,0.0000,0.0000,1,0,0,0,0,1,0,0,0,0
zc,SR311,2012-06-05 13:32:34.960,5985.0000,10,0,0.0000,0.0000,0,0,多换,B,5968.0000,0.0000,0.0000,0.0000,0.0000,6010.0000,0.0000,0.0000,0.0000,0.0000,2,0,0,0,0,1,0,0,0,0
zc,SR311,2012-06-05 13:34:16.977,5985.0000,10,0,0.0000,0.0000,0,0,多换,B,5974.0000,0.0000,0.0000,0.0000,0.0000,6010.0000,0.0000,0.0000,0.0000,0.0000,1,0,0,0,0,1,0,0,0,0
zc,SR311,2012-06-05 13:34:18.773,5985.0000,10,0,0.0000,0.0000,0,0,多换,B,5968.0000,0.0000,0.0000,0.0000,0.0000,6010.0000,0.0000,0.0000,0.0000,0.0000,2,0,0,0,0,1,0,0,0,0
zc,SR311,2012-06-05 13:34:34.023,5985.0000,10,0,0.0000,0.0000,0,0,多换,B,5976.0000,0.0000,0.0000,0.0000,0.0000,6010.0000,0.0000,0.0000,0.0000,0.0000,1,0,0,0,0,1,0,0,0,0
zc,SR311,2012-06-05 13:34:35.273,5985.0000,10,0,0.0000,0.0000,0,0,多换,B,5968.0000,0.0000,0.0000,0.0000,0.0000,6010.0000,0.0000,0.0000,0.0000,0.0000,2,0,0,0,0,1,0,0,0,0
zc,SR311,2012-06-05 13:35:18.710,5985.0000,10,0,0.0000,0.0000,0,0,多换,B,5968.0000,0.0000,0.0000,0.0000,0.0000,6010.0000,0.0000,0.0000,0.0000,0.0000,1,0,0,0,0,1,0,0,0,0
zc,SR311,2012-06-05 13:35:40.680,5985.0000,10,0,0.0000,0.0000,0,0,多换,B,5969.0000,0.0000,0.0000,0.0000,0.0000,6010.0000,0.0000,0.0000,0.0000,0.0000,1,0,0,0,0,1,0,0,0,0
zc,SR311,2012-06-05 13:35:57.180,5985.0000,10,0,0.0000,0.0000,0,0,多换,B,5973.0000,0.0000,0.0000,0.0000,0.0000,6010.0000,0.0000,0.0000,0.0000,0.0000,1,0,0,0,0,1,0,0,0,0
zc,SR311,2012-06-05 13:36:01.287,5985.0000,10,0,0.0000,0.0000,0,0,多换,B,5977.0000,0.0000,0.0000,0.0000,0.0000,6010.0000,0.0000,0.0000,0.0000,0.0000,1,0,0,0,0,1,0,0,0,0
zc,SR311,2012-06-05 13:36:05.210,5985.0000,10,0,0.0000,0.0000,0,0,多换,B,5973.0000,0.0000,0.0000,0.0000,0.0000,6010.0000,0.0000,0.0000,0.0000,0.0000,1,0,0,0,0,1,0,0,0,0
zc,SR311,2012-06-05 13:36:14.490,5985.0000,10,0,0.0000,0.0000,0,0,多换,B,5973.0000,0.0000,0.0000,0.0000,0.0000,6010.0000,0.0000,0.0000,0.0000,0.0000,2,0,0,0,0,1,0,0,0,0
zc,SR311,2012-06-05 13:37:12.430,5985.0000,10,0,0.0000,0.0000,0,0,多换,B,5974.0000,0.0000,0.0000,0.0000,0.0000,6010.0000,0.0000,0.0000,0.0000,0.0000,1,0,0,0,0,1,0,0,0,0
zc,SR311,2012-06-05 13:37:19.680,5985.0000,10,0,0.0000,0.0000,0,0,多换,B,5973.0000,0.0000,0.0000,0.0000,0.0000,6010.0000,0.0000,0.0000,0.0000,0.0000,1,0,0,0,0,1,0,0,0,0
zc,SR311,2012-06-05 13:37:24.193,5985.0000,10,0,0.0000,0.0000,0,0,多换,B,5981.0000,0.0000,0.0000,0.0000,0.0000,6010.0000,0.0000,0.0000,0.0000,0.0000,1,0,0,0,0,1,0,0,0,0
zc,SR311,2012-06-05 13:40:36.990,5985.0000,10,0,0.0000,0.0000,0,0,多换,B,5982.0000,0.0000,0.0000,0.0000,0.0000,6010.0000,0.0000,0.0000,0.0000,0.0000,1,0,0,0,0,1,0,0,0,0
zc,SR311,2012-06-05 13:40:38.240,5985.0000,10,0,0.0000,0.0000,0,0,多换,B,5981.0000,0.0000,0.0000,0.0000,0.0000,6010.0000,0.0000,0.0000,0.0000,0.0000,1,0,0,0,0,1,0,0,0,0
zc,SR311,2012-06-05 13:40:39.257,5985.0000,10,0,0.0000,0.0000,0,0,多换,B,5984.0000,0.0000,0.0000,0.0000,0.0000,6010.0000,0.0000,0.0000,0.0000,0.0000,1,0,0,0,0,1,0,0,0,0
zc,SR311,2012-06-05 13:40:40.460,5985.0000,10,0,0.0000,0.0000,0,0,多换,B,5981.0000,0.0000,0.0000,0.0000,0.0000,6010.0000,0.0000,0.0000,0.0000,0.0000,1,0,0,0,0,1,0,0,0,0
zc,SR311,2012-06-05 13:47:20.193,5985.0000,10,0,0.0000,0.0000,0,0,多换,B,5977.0000,0.0000,0.0000,0.0000,0.0000,6010.0000,0.0000,0.0000,0.0000,0.0000,1,0,0,0,0,1,0,0,0,0
zc,SR311,2012-06-05 13:47:21.960,5985.0000,10,0,0.0000,0.0000,0,0,多换,B,5984.0000,0.0000,0.0000,0.0000,0.0000,6010.0000,0.0000,0.0000,0.0000,0.0000,1,0,0,0,0,1,0,0,0,0
zc,SR311,2012-06-05 13:47:24.507,6010.0000,8,-2,0.0000,2.0000,0,2,双平,B,5984.0000,0.0000,0.0000,0.0000,0.0000,6014.0000,0.0000,0.0000,0.0000,0.0000,1,0,0,0,0,1,0,0,0,0
zc,SR311,2012-06-05 13:48:15.757,6010.0000,8,0,0.0000,0.0000,0,0,多换,B,5985.0000,0.0000,0.0000,0.0000,0.0000,6014.0000,0.0000,0.0000,0.0000,0.0000,1,0,0,0,0,1,0,0,0,0
zc,SR311,2012-06-05 13:49:50.727,6014.0000,8,0,0.0000,2.0000,1,1,多换,B,5985.0000,0.0000,0.0000,0.0000,0.0000,6015.0000,0.0000,0.0000,0.0000,0.0000,1,0,0,0,0,1,0,0,0,0
zc,SR311,2012-06-05 13:51:13.443,6014.0000,8,0,0.0000,0.0000,0,0,多换,B,5986.0000,0.0000,0.0000,0.0000,0.0000,6015.0000,0.0000,0.0000,0.0000,0.0000,1,0,0,0,0,1,0,0,0,0
zc,SR311,2012-06-05 13:51:28.460,6014.0000,8,0,0.0000,0.0000,0,0,多换,B,5987.0000,0.0000,0.0000,0.0000,0.0000,6015.0000,0.0000,0.0000,0.0000,0.0000,1,0,0,0,0,1,0,0,0,0
zc,SR311,2012-06-05 13:52:17.227,6014.0000,8,0,0.0000,0.0000,0,0,多换,B,5986.0000,0.0000,0.0000,0.0000,0.0000,6015.0000,0.0000,0.0000,0.0000,0.0000,1,0,0,0,0,1,0,0,0,0
zc,SR311,2012-06-05 13:53:05.710,6014.0000,8,0,0.0000,0.0000,0,0,多换,B,5985.0000,0.0000,0.0000,0.0000,0.0000,6015.0000,0.0000,0.0000,0.0000,0.0000,1,0,0,0,0,1,0,0,0,0
zc,SR311,2012-06-05 13:53:40.193,6014.0000,8,0,0.0000,0.0000,0,0,多换,B,5986.0000,0.0000,0.0000,0.0000,0.0000,6015.0000,0.0000,0.0000,0.0000,0.0000,1,0,0,0,0,1,0,0,0,0
zc,SR311,2012-06-05 13:54:01.430,6014.0000,8,0,0.0000,0.0000,0,0,多换,B,5987.0000,0.0000,0.0000,0.0000,0.0000,6015.0000,0.0000,0.0000,0.0000,0.0000,1,0,0,0,0,1,0,0,0,0
zc,SR311,2012-06-05 13:54:12.990,6014.0000,8,0,0.0000,0.0000,0,0,多换,B,5986.0000,0.0000,0.0000,0.0000,0.0000,6015.0000,0.0000,0.0000,0.0000,0.0000,1,0,0,0,0,1,0,0,0,0
zc,SR311,2012-06-05 13:54:44.477,6014.0000,8,0,0.0000,0.0000,0,0,多换,B,5985.0000,0.0000,0.0000,0.0000,0.0000,6015.0000,0.0000,0.0000,0.0000,0.0000,1,0,0,0,0,1,0,0,0,0
zc,SR311,2012-06-05 13:54:51.693,6014.0000,8,0,0.0000,0.0000,0,0,多换,B,5984.0000,0.0000,0.0000,0.0000,0.0000,6015.0000,0.0000,0.0000,0.0000,0.0000,1,0,0,0,0,1,0,0,0,0
zc,SR311,2012-06-05 13:55:10.977,6014.0000,8,0,0.0000,0.0000,0,0,多换,B,5962.0000,0.0000,0.0000,0.0000,0.0000,6015.0000,0.0000,0.0000,0.0000,0.0000,1,0,0,0,0,1,0,0,0,0
zc,SR311,2012-06-05 13:55:14.413,6014.0000,8,0,0.0000,0.0000,0,0,多换,B,5979.0000,0.0000,0.0000,0.0000,0.0000,6015.0000,0.0000,0.0000,0.0000,0.0000,1,0,0,0,0,1,0,0,0,0
zc,SR311,2012-06-05 13:55:21.193,6014.0000,8,0,0.0000,0.0000,0,0,多换,B,5962.0000,0.0000,0.0000,0.0000,0.0000,6015.0000,0.0000,0.0000,0.0000,0.0000,1,0,0,0,0,1,0,0,0,0
zc,SR311,2012-06-05 13:55:28.943,6014.0000,8,0,0.0000,0.0000,0,0,多换,B,5978.0000,0.0000,0.0000,0.0000,0.0000,6015.0000,0.0000,0.0000,0.0000,0.0000,1,0,0,0,0,1,0,0,0,0
zc,SR311,2012-06-05 13:55:43.693,6014.0000,8,0,0.0000,0.0000,0,0,多换,B,5962.0000,0.0000,0.0000,0.0000,0.0000,6015.0000,0.0000,0.0000,0.0000,0.0000,1,0,0,0,0,1,0,0,0,0
zc,SR311,2012-06-05 13:56:21.443,6014.0000,8,0,0.0000,0.0000,0,0,多换,B,5975.0000,0.0000,0.0000,0.0000,0.0000,6015.0000,0.0000,0.0000,0.0000,0.0000,1,0,0,0,0,1,0,0,0,0
zc,SR311,2012-06-05 13:56:22.680,6014.0000,8,0,0.0000,0.0000,0,0,多换,B,5962.0000,0.0000,0.0000,0.0000,0.0000,6015.0000,0.0000,0.0000,0.0000,0.0000,1,0,0,0,0,1,0,0,0,0
zc,SR311,2012-06-05 13:56:32.210,6014.0000,8,0,0.0000,0.0000,0,0,多换,B,5975.0000,0.0000,0.0000,0.0000,0.0000,6015.0000,0.0000,0.0000,0.0000,0.0000,1,0,0,0,0,1,0,0,0,0
zc,SR311,2012-06-05 13:59:21.663,6014.0000,8,0,0.0000,0.0000,0,0,多换,B,5980.0000,0.0000,0.0000,0.0000,0.0000,6015.0000,0.0000,0.0000,0.0000,0.0000,1,0,0,0,0,1,0,0,0,0
zc,SR311,2012-06-05 14:05:31.443,6014.0000,8,0,0.0000,0.0000,0,0,多换,B,5975.0000,0.0000,0.0000,0.0000,0.0000,6015.0000,0.0000,0.0000,0.0000,0.0000,2,0,0,0,0,1,0,0,0,0
zc,SR311,2012-06-05 14:07:49.633,6014.0000,8,0,0.0000,0.0000,0,0,多换,B,5975.0000,0.0000,0.0000,0.0000,0.0000,6014.0000,0.0000,0.0000,0.0000,0.0000,2,0,0,0,0,1,0,0,0,0
zc,SR311,2012-06-05 14:08:08.710,6014.0000,8,0,0.0000,0.0000,0,0,多换,B,5975.0000,0.0000,0.0000,0.0000,0.0000,6015.0000,0.0000,0.0000,0.0000,0.0000,2,0,0,0,0,1,0,0,0,0
zc,SR311,2012-06-05 14:10:42.663,6014.0000,8,0,0.0000,0.0000,0,0,多换,B,5980.0000,0.0000,0.0000,0.0000,0.0000,6015.0000,0.0000,0.0000,0.0000,0.0000,1,0,0,0,0,1,0,0,0,0
zc,SR311,2012-06-05 14:11:19.193,6014.0000,8,0,0.0000,0.0000,0,0,多换,B,5975.0000,0.0000,0.0000,0.0000,0.0000,6015.0000,0.0000,0.0000,0.0000,0.0000,2,0,0,0,0,1,0,0,0,0
zc,SR311,2012-06-05 14:19:32.680,6014.0000,8,0,0.0000,0.0000,0,0,多换,B,5978.0000,0.0000,0.0000,0.0000,0.0000,6015.0000,0.0000,0.0000,0.0000,0.0000,1,0,0,0,0,1,0,0,0,0
zc,SR311,2012-06-05 14:25:35.163,6014.0000,8,0,0.0000,0.0000,0,0,多换,B,5975.0000,0.0000,0.0000,0.0000,0.0000,6015.0000,0.0000,0.0000,0.0000,0.0000,2,0,0,0,0,1,0,0,0,0
zc,SR311,2012-06-05 14:28:09.897,6014.0000,8,0,0.0000,0.0000,0,0,多换,B,5978.0000,0.0000,0.0000,0.0000,0.0000,6015.0000,0.0000,0.0000,0.0000,0.0000,1,0,0,0,0,1,0,0,0,0
zc,SR311,2012-06-05 14:28:55.897,6014.0000,8,0,0.0000,0.0000,0,0,多换,B,5975.0000,0.0000,0.0000,0.0000,0.0000,6015.0000,0.0000,0.0000,0.0000,0.0000,2,0,0,0,0,1,0,0,0,0
zc,SR311,2012-06-05 14:30:31.367,6014.0000,8,0,0.0000,0.0000,0,0,多换,B,5978.0000,0.0000,0.0000,0.0000,0.0000,6015.0000,0.0000,0.0000,0.0000,0.0000,1,0,0,0,0,1,0,0,0,0
zc,SR311,2012-06-05 14:33:31.133,6014.0000,8,0,0.0000,0.0000,0,0,多换,B,5975.0000,0.0000,0.0000,0.0000,0.0000,6015.0000,0.0000,0.0000,0.0000,0.0000,2,0,0,0,0,1,0,0,0,0
zc,SR311,2012-06-05 14:33:45.163,6014.0000,8,0,0.0000,0.0000,0,0,多换,B,5975.0000,0.0000,0.0000,0.0000,0.0000,6015.0000,0.0000,0.0000,0.0000,0.0000,1,0,0,0,0,1,0,0,0,0
zc,SR311,2012-06-05 14:35:25.350,6014.0000,8,0,0.0000,0.0000,0,0,多换,B,5975.0000,0.0000,0.0000,0.0000,0.0000,6015.0000,0.0000,0.0000,0.0000,0.0000,1,0,0,0,0,1,0,0,0,0
zc,SR311,2012-06-05 14:35:53.133,6014.0000,8,0,0.0000,0.0000,0,0,多换,B,5975.0000,0.0000,0.0000,0.0000,0.0000,6014.0000,0.0000,0.0000,0.0000,0.0000,1,0,0,0,0,1,0,0,0,0
zc,SR311,2012-06-05 14:36:40.350,6014.0000,8,0,0.0000,0.0000,0,0,多换,B,5975.0000,0.0000,0.0000,0.0000,0.0000,6015.0000,0.0000,0.0000,0.0000,0.0000,1,0,0,0,0,1,0,0,0,0
zc,SR311,2012-06-05 14:38:23.133,6014.0000,8,0,0.0000,0.0000,0,0,多换,B,5976.0000,0.0000,0.0000,0.0000,0.0000,6015.0000,0.0000,0.0000,0.0000,0.0000,1,0,0,0,0,1,0,0,0,0
zc,SR311,2012-06-05 14:43:01.210,6014.0000,8,0,0.0000,0.0000,0,0,多换,B,5975.0000,0.0000,0.0000,0.0000,0.0000,6015.0000,0.0000,0.0000,0.0000,0.0000,1,0,0,0,0,1,0,0,0,0
zc,SR311,2012-06-05 14:44:14.663,6014.0000,8,0,0.0000,0.0000,0,0,多换,B,5975.0000,0.0000,0.0000,0.0000,0.0000,6015.0000,0.0000,0.0000,0.0000,0.0000,2,0,0,0,0,1,0,0,0,0
zc,SR311,2012-06-05 14:44:23.647,6014.0000,8,0,0.0000,0.0000,0,0,多换,B,5975.0000,0.0000,0.0000,0.0000,0.0000,6015.0000,0.0000,0.0000,0.0000,0.0000,1,0,0,0,0,1,0,0,0,0
zc,SR311,2012-06-05 14:47:55.117,6014.0000,8,0,0.0000,0.0000,0,0,多换,B,5975.0000,0.0000,0.0000,0.0000,0.0000,6015.0000,0.0000,0.0000,0.0000,0.0000,2,0,0,0,0,1,0,0,0,0
zc,SR311,2012-06-05 14:48:05.883,6014.0000,8,0,0.0000,0.0000,0,0,多换,B,5975.0000,0.0000,0.0000,0.0000,0.0000,6015.0000,0.0000,0.0000,0.0000,0.0000,1,0,0,0,0,1,0,0,0,0
zc,SR311,2012-06-05 14:48:11.100,6014.0000,8,0,0.0000,0.0000,0,0,多换,B,5979.0000,0.0000,0.0000,0.0000,0.0000,6015.0000,0.0000,0.0000,0.0000,0.0000,1,0,0,0,0,1,0,0,0,0
zc,SR311,2012-06-05 14:50:25.367,6014.0000,8,0,0.0000,0.0000,0,0,多换,B,5979.0000,0.0000,0.0000,0.0000,0.0000,6015.0000,0.0000,0.0000,0.0000,0.0000,1,0,0,0,0,1,0,0,0,0
zc,SR311,2012-06-05 14:51:20.397,6014.0000,8,0,0.0000,0.0000,0,0,多换,B,5984.0000,0.0000,0.0000,0.0000,0.0000,6015.0000,0.0000,0.0000,0.0000,0.0000,1,0,0,0,0,1,0,0,0,0
zc,SR311,2012-06-05 14:51:21.633,6014.0000,8,0,0.0000,0.0000,0,0,多换,B,5979.0000,0.0000,0.0000,0.0000,0.0000,6015.0000,0.0000,0.0000,0.0000,0.0000,1,0,0,0,0,1,0,0,0,0
zc,SR311,2012-06-05 14:51:56.383,6014.0000,8,0,0.0000,0.0000,0,0,多换,B,5984.0000,0.0000,0.0000,0.0000,0.0000,6015.0000,0.0000,0.0000,0.0000,0.0000,1,0,0,0,0,1,0,0,0,0
zc,SR311,2012-06-05 14:52:39.600,6014.0000,8,0,0.0000,0.0000,0,0,多换,B,5979.0000,0.0000,0.0000,0.0000,0.0000,6015.0000,0.0000,0.0000,0.0000,0.0000,1,0,0,0,0,1,0,0,0,0
zc,SR311,2012-06-05 14:58:52.617,6014.0000,8,0,0.0000,0.0000,0,0,多换,B,5975.0000,0.0000,0.0000,0.0000,0.0000,6015.0000,0.0000,0.0000,0.0000,0.0000,1,0,0,0,0,1,0,0,0,0
zc,SR311,2012-06-05 14:59:11.680,6014.0000,8,0,0.0000,0.0000,0,0,多换,B,5987.0000,0.0000,0.0000,0.0000,0.0000,6015.0000,0.0000,0.0000,0.0000,0.0000,1,0,0,0,0,1,0,0,0,0
