市场代码,合约代码,时间,最新,持仓,增仓,成交额,成交量,开仓,平仓,成交类型,方向,买一价,买二价,买三价,买四价,买五价,卖一价,卖二价,卖三价,卖四价,卖五价,买一量,买二量,买三量,买四量,买五量,卖一量,卖二量,卖三量,卖四量,卖五量
zc,TA304,2012-06-05 07:58:24.180,0.0000,4,0,0.0000,0.0000,0,0,多换,B,0.0000,0.0000,0.0000,0.0000,0.0000,0.0000,0.0000,0.0000,0.0000,0.0000,0,0,0,0,0,0,0,0,0,0
zc,TA304,2012-06-05 08:08:24.163,0.0000,4,0,0.0000,0.0000,0,0,多换,B,0.0000,0.0000,0.0000,0.0000,0.0000,0.0000,0.0000,0.0000,0.0000,0.0000,0,0,0,0,0,0,0,0,0,0
zc,TA304,2012-06-05 08:43:25.740,0.0000,4,0,0.0000,0.0000,0,0,多换,B,0.0000,0.0000,0.0000,0.0000,0.0000,0.0000,0.0000,0.0000,0.0000,0.0000,0,0,0,0,0,0,0,0,0,0
zc,TA304,2012-06-05 08:51:25.727,0.0000,4,0,0.0000,0.0000,0,0,多换,B,0.0000,0.0000,0.0000,0.0000,0.0000,0.0000,0.0000,0.0000,0.0000,0.0000,0,0,0,0,0,0,0,0,0,0
zc,TA304,2012-06-05 08:52:25.727,0.0000,4,0,0.0000,0.0000,0,0,多换,B,0.0000,0.0000,0.0000,0.0000,0.0000,0.0000,0.0000,0.0000,0.0000,0.0000,0,0,0,0,0,0,0,0,0,0
zc,TA304,2012-06-05 08:54:25.727,0.0000,4,0,0.0000,0.0000,0,0,多换,B,0.0000,0.0000,0.0000,0.0000,0.0000,0.0000,0.0000,0.0000,0.0000,0.0000,0,0,0,0,0,0,0,0,0,0
zc,TA304,2012-06-05 08:55:25.727,0.0000,4,0,0.0000,0.0000,0,0,多换,B,0.0000,0.0000,0.0000,0.0000,0.0000,0.0000,0.0000,0.0000,0.0000,0.0000,0,0,0,0,0,0,0,0,0,0
zc,TA304,2012-06-05 08:56:25.727,0.0000,4,0,0.0000,0.0000,0,0,多换,B,0.0000,0.0000,0.0000,0.0000,0.0000,0.0000,0.0000,0.0000,0.0000,0.0000,0,0,0,0,0,0,0,0,0,0
zc,TA304,2012-06-05 09:00:02.680,0.0000,4,0,0.0000,0.0000,0,0,多换,B,7054.0000,0.0000,0.0000,0.0000,0.0000,7762.0000,0.0000,0.0000,0.0000,0.0000,8,0,0,0,0,5,0,0,0,0
zc,TA304,2012-06-05 09:00:03.960,0.0000,4,0,0.0000,0.0000,0,0,多换,B,7212.0000,0.0000,0.0000,0.0000,0.0000,7550.0000,0.0000,0.0000,0.0000,0.0000,1,0,0,0,0,1,0,0,0,0
zc,TA304,2012-06-05 09:00:10.663,0.0000,4,0,0.0000,0.0000,0,0,多换,B,7212.0000,0.0000,0.0000,0.0000,0.0000,7540.0000,0.0000,0.0000,0.0000,0.0000,1,0,0,0,0,6,0,0,0,0
zc,TA304,2012-06-05 09:00:12.163,0.0000,4,0,0.0000,0.0000,0,0,多换,B,7212.0000,0.0000,0.0000,0.0000,0.0000,7436.0000,0.0000,0.0000,0.0000,0.0000,1,0,0,0,0,1,0,0,0,0
zc,TA304,2012-06-05 09:00:17.883,0.0000,4,0,0.0000,0.0000,0,0,多换,B,7212.0000,0.0000,0.0000,0.0000,0.0000,7540.0000,0.0000,0.0000,0.0000,0.0000,1,0,0,0,0,6,0,0,0,0
zc,TA304,2012-06-05 09:00:18.350,0.0000,4,0,0.0000,0.0000,0,0,多换,B,7212.0000,0.0000,0.0000,0.0000,0.0000,7590.0000,0.0000,0.0000,0.0000,0.0000,1,0,0,0,0,6,0,0,0,0
zc,TA304,2012-06-05 09:00:20.383,0.0000,4,0,0.0000,0.0000,0,0,多换,B,7212.0000,0.0000,0.0000,0.0000,0.0000,7590.0000,0.0000,0.0000,0.0000,0.0000,1,0,0,0,0,11,0,0,0,0
zc,TA304,2012-06-05 09:00:21.913,0.0000,4,0,0.0000,0.0000,0,0,多换,B,7212.0000,0.0000,0.0000,0.0000,0.0000,7580.0000,0.0000,0.0000,0.0000,0.0000,1,0,0,0,0,6,0,0,0,0
zc,TA304,2012-06-05 09:00:25.383,0.0000,4,0,0.0000,0.0000,0,0,多换,B,7212.0000,0.0000,0.0000,0.0000,0.0000,7580.0000,0.0000,0.0000,0.0000,0.0000,1,0,0,0,0,11,0,0,0,0
zc,TA304,2012-06-05 09:00:25.913,0.0000,4,0,0.0000,0.0000,0,0,多换,B,7220.0000,0.0000,0.0000,0.0000,0.0000,7580.0000,0.0000,0.0000,0.0000,0.0000,1,0,0,0,0,11,0,0,0,0
zc,TA304,2012-06-05 09:00:27.037,0.0000,4,0,0.0000,0.0000,0,0,多换,B,7220.0000,0.0000,0.0000,0.0000,0.0000,7580.0000,0.0000,0.0000,0.0000,0.0000,1,0,0,0,0,16,0,0,0,0
zc,TA304,2012-06-05 09:00:43.647,0.0000,4,0,0.0000,0.0000,0,0,多换,B,7224.0000,0.0000,0.0000,0.0000,0.0000,7580.0000,0.0000,0.0000,0.0000,0.0000,1,0,0,0,0,16,0,0,0,0
zc,TA304,2012-06-05 09:00:46.350,0.0000,4,0,0.0000,0.0000,0,0,多换,B,7220.0000,0.0000,0.0000,0.0000,0.0000,7580.0000,0.0000,0.0000,0.0000,0.0000,1,0,0,0,0,16,0,0,0,0
zc,TA304,2012-06-05 09:00:53.537,0.0000,4,0,0.0000,0.0000,0,0,多换,B,7222.0000,0.0000,0.0000,0.0000,0.0000,7580.0000,0.0000,0.0000,0.0000,0.0000,1,0,0,0,0,16,0,0,0,0
zc,TA304,2012-06-05 09:00:58.867,0.0000,4,0,0.0000,0.0000,0,0,多换,B,7220.0000,0.0000,0.0000,0.0000,0.0000,7580.0000,0.0000,0.0000,0.0000,0.0000,1,0,0,0,0,16,0,0,0,0
zc,TA304,2012-06-05 09:01:04.537,0.0000,4,0,0.0000,0.0000,0,0,多换,B,7222.0000,0.0000,0.0000,0.0000,0.0000,7580.0000,0.0000,0.0000,0.0000,0.0000,1,0,0,0,0,16,0,0,0,0
zc,TA304,2012-06-05 09:01:05.837,0.0000,4,0,0.0000,0.0000,0,0,多换,B,7224.0000,0.0000,0.0000,0.0000,0.0000,7580.0000,0.0000,0.0000,0.0000,0.0000,1,0,0,0,0,16,0,0,0,0
zc,TA304,2012-06-05 09:01:06.320,0.0000,4,0,0.0000,0.0000,0,0,多换,B,7224.0000,0.0000,0.0000,0.0000,0.0000,7480.0000,0.0000,0.0000,0.0000,0.0000,1,0,0,0,0,1,0,0,0,0
zc,TA304,2012-06-05 09:01:08.337,0.0000,4,0,0.0000,0.0000,0,0,多换,B,7224.0000,0.0000,0.0000,0.0000,0.0000,7480.0000,0.0000,0.0000,0.0000,0.0000,1,0,0,0,0,6,0,0,0,0
zc,TA304,2012-06-05 09:01:09.037,0.0000,4,0,0.0000,0.0000,0,0,多换,B,7224.0000,0.0000,0.0000,0.0000,0.0000,7470.0000,0.0000,0.0000,0.0000,0.0000,1,0,0,0,0,6,0,0,0,0
zc,TA304,2012-06-05 09:01:14.570,0.0000,4,0,0.0000,0.0000,0,0,多换,B,7224.0000,0.0000,0.0000,0.0000,0.0000,7470.0000,0.0000,0.0000,0.0000,0.0000,1,0,0,0,0,11,0,0,0,0
zc,TA304,2012-06-05 09:01:15.773,0.0000,4,0,0.0000,0.0000,0,0,多换,B,7226.0000,0.0000,0.0000,0.0000,0.0000,7470.0000,0.0000,0.0000,0.0000,0.0000,1,0,0,0,0,16,0,0,0,0
zc,TA304,2012-06-05 09:01:22.117,0.0000,4,0,0.0000,0.0000,0,0,多换,B,7222.0000,0.0000,0.0000,0.0000,0.0000,7470.0000,0.0000,0.0000,0.0000,0.0000,1,0,0,0,0,16,0,0,0,0
zc,TA304,2012-06-05 09:01:29.087,0.0000,4,0,0.0000,0.0000,0,0,多换,B,7224.0000,0.0000,0.0000,0.0000,0.0000,7470.0000,0.0000,0.0000,0.0000,0.0000,1,0,0,0,0,16,0,0,0,0
zc,TA304,2012-06-05 09:01:29.820,0.0000,4,0,0.0000,0.0000,0,0,多换,B,7222.0000,0.0000,0.0000,0.0000,0.0000,7470.0000,0.0000,0.0000,0.0000,0.0000,1,0,0,0,0,16,0,0,0,0
zc,TA304,2012-06-05 09:01:32.837,0.0000,4,0,0.0000,0.0000,0,0,多换,B,7224.0000,0.0000,0.0000,0.0000,0.0000,7470.0000,0.0000,0.0000,0.0000,0.0000,1,0,0,0,0,16,0,0,0,0
zc,TA304,2012-06-05 09:01:52.303,0.0000,4,0,0.0000,0.0000,0,0,多换,B,7222.0000,0.0000,0.0000,0.0000,0.0000,7470.0000,0.0000,0.0000,0.0000,0.0000,1,0,0,0,0,16,0,0,0,0
zc,TA304,2012-06-05 09:02:10.087,0.0000,4,0,0.0000,0.0000,0,0,多换,B,7226.0000,0.0000,0.0000,0.0000,0.0000,7470.0000,0.0000,0.0000,0.0000,0.0000,1,0,0,0,0,16,0,0,0,0
zc,TA304,2012-06-05 09:02:17.037,0.0000,4,0,0.0000,0.0000,0,0,多换,B,7222.0000,0.0000,0.0000,0.0000,0.0000,7470.0000,0.0000,0.0000,0.0000,0.0000,1,0,0,0,0,16,0,0,0,0
zc,TA304,2012-06-05 09:02:18.600,0.0000,4,0,0.0000,0.0000,0,0,多换,B,7220.0000,0.0000,0.0000,0.0000,0.0000,7470.0000,0.0000,0.0000,0.0000,0.0000,1,0,0,0,0,16,0,0,0,0
zc,TA304,2012-06-05 09:02:20.850,0.0000,4,0,0.0000,0.0000,0,0,多换,B,7212.0000,0.0000,0.0000,0.0000,0.0000,7470.0000,0.0000,0.0000,0.0000,0.0000,1,0,0,0,0,16,0,0,0,0
zc,TA304,2012-06-05 09:02:42.617,0.0000,4,0,0.0000,0.0000,0,0,多换,B,7212.0000,0.0000,0.0000,0.0000,0.0000,7470.0000,0.0000,0.0000,0.0000,0.0000,1,0,0,0,0,17,0,0,0,0
zc,TA304,2012-06-05 09:02:50.070,0.0000,4,0,0.0000,0.0000,0,0,多换,B,7214.0000,0.0000,0.0000,0.0000,0.0000,7470.0000,0.0000,0.0000,0.0000,0.0000,1,0,0,0,0,17,0,0,0,0
zc,TA304,2012-06-05 09:02:52.100,0.0000,4,0,0.0000,0.0000,0,0,多换,B,7212.0000,0.0000,0.0000,0.0000,0.0000,7470.0000,0.0000,0.0000,0.0000,0.0000,1,0,0,0,0,17,0,0,0,0
zc,TA304,2012-06-05 09:02:57.087,0.0000,4,0,0.0000,0.0000,0,0,多换,B,7214.0000,0.0000,0.0000,0.0000,0.0000,7470.0000,0.0000,0.0000,0.0000,0.0000,1,0,0,0,0,17,0,0,0,0
zc,TA304,2012-06-05 09:03:13.867,0.0000,4,0,0.0000,0.0000,0,0,多换,B,7220.0000,0.0000,0.0000,0.0000,0.0000,7470.0000,0.0000,0.0000,0.0000,0.0000,1,0,0,0,0,16,0,0,0,0
zc,TA304,2012-06-05 09:03:18.100,0.0000,4,0,0.0000,0.0000,0,0,多换,B,7214.0000,0.0000,0.0000,0.0000,0.0000,7470.0000,0.0000,0.0000,0.0000,0.0000,1,0,0,0,0,16,0,0,0,0
zc,TA304,2012-06-05 09:03:26.413,0.0000,4,0,0.0000,0.0000,0,0,多换,B,7230.0000,0.0000,0.0000,0.0000,0.0000,7434.0000,0.0000,0.0000,0.0000,0.0000,1,0,0,0,0,2,0,0,0,0
zc,TA304,2012-06-05 09:03:26.867,0.0000,4,0,0.0000,0.0000,0,0,多换,B,7230.0000,0.0000,0.0000,0.0000,0.0000,7434.0000,0.0000,0.0000,0.0000,0.0000,1,0,0,0,0,7,0,0,0,0
zc,TA304,2012-06-05 09:03:27.587,0.0000,4,0,0.0000,0.0000,0,0,多换,B,7230.0000,0.0000,0.0000,0.0000,0.0000,7424.0000,0.0000,0.0000,0.0000,0.0000,1,0,0,0,0,6,0,0,0,0
zc,TA304,2012-06-05 09:03:32.867,0.0000,4,0,0.0000,0.0000,0,0,多换,B,7212.0000,0.0000,0.0000,0.0000,0.0000,7424.0000,0.0000,0.0000,0.0000,0.0000,1,0,0,0,0,6,0,0,0,0
zc,TA304,2012-06-05 09:03:34.100,0.0000,4,0,0.0000,0.0000,0,0,多换,B,7212.0000,0.0000,0.0000,0.0000,0.0000,7424.0000,0.0000,0.0000,0.0000,0.0000,1,0,0,0,0,11,0,0,0,0
zc,TA304,2012-06-05 09:04:55.023,0.0000,4,0,0.0000,0.0000,0,0,多换,B,7238.0000,0.0000,0.0000,0.0000,0.0000,7424.0000,0.0000,0.0000,0.0000,0.0000,1,0,0,0,0,11,0,0,0,0
zc,TA304,2012-06-05 09:04:58.037,0.0000,4,0,0.0000,0.0000,0,0,多换,B,7212.0000,0.0000,0.0000,0.0000,0.0000,7424.0000,0.0000,0.0000,0.0000,0.0000,1,0,0,0,0,11,0,0,0,0
zc,TA304,2012-06-05 09:05:47.007,0.0000,4,0,0.0000,0.0000,0,0,多换,B,7232.0000,0.0000,0.0000,0.0000,0.0000,7424.0000,0.0000,0.0000,0.0000,0.0000,1,0,0,0,0,11,0,0,0,0
zc,TA304,2012-06-05 09:05:47.587,0.0000,4,0,0.0000,0.0000,0,0,多换,B,7212.0000,0.0000,0.0000,0.0000,0.0000,7424.0000,0.0000,0.0000,0.0000,0.0000,1,0,0,0,0,11,0,0,0,0
zc,TA304,2012-06-05 09:06:11.023,0.0000,4,0,0.0000,0.0000,0,0,多换,B,7220.0000,0.0000,0.0000,0.0000,0.0000,7424.0000,0.0000,0.0000,0.0000,0.0000,1,0,0,0,0,11,0,0,0,0
zc,TA304,2012-06-05 09:06:54.490,0.0000,4,0,0.0000,0.0000,0,0,多换,B,7230.0000,0.0000,0.0000,0.0000,0.0000,7424.0000,0.0000,0.0000,0.0000,0.0000,1,0,0,0,0,11,0,0,0,0
zc,TA304,2012-06-05 09:07:12.587,0.0000,4,0,0.0000,0.0000,0,0,多换,B,7232.0000,0.0000,0.0000,0.0000,0.0000,7424.0000,0.0000,0.0000,0.0000,0.0000,1,0,0,0,0,11,0,0,0,0
zc,TA304,2012-06-05 09:07:41.257,0.0000,4,0,0.0000,0.0000,0,0,多换,B,7232.0000,0.0000,0.0000,0.0000,0.0000,7418.0000,0.0000,0.0000,0.0000,0.0000,1,0,0,0,0,2,0,0,0,0
zc,TA304,2012-06-05 09:07:43.507,0.0000,4,0,0.0000,0.0000,0,0,多换,B,7232.0000,0.0000,0.0000,0.0000,0.0000,7408.0000,0.0000,0.0000,0.0000,0.0000,1,0,0,0,0,6,0,0,0,0
zc,TA304,2012-06-05 09:07:50.023,0.0000,4,0,0.0000,0.0000,0,0,多换,B,7230.0000,0.0000,0.0000,0.0000,0.0000,7408.0000,0.0000,0.0000,0.0000,0.0000,1,0,0,0,0,11,0,0,0,0
zc,TA304,2012-06-05 09:08:15.490,0.0000,4,0,0.0000,0.0000,0,0,多换,B,7232.0000,0.0000,0.0000,0.0000,0.0000,7408.0000,0.0000,0.0000,0.0000,0.0000,1,0,0,0,0,11,0,0,0,0
zc,TA304,2012-06-05 09:08:38.960,0.0000,4,0,0.0000,0.0000,0,0,多换,B,7230.0000,0.0000,0.0000,0.0000,0.0000,7408.0000,0.0000,0.0000,0.0000,0.0000,1,0,0,0,0,11,0,0,0,0
zc,TA304,2012-06-05 09:08:51.787,0.0000,4,0,0.0000,0.0000,0,0,多换,B,7240.0000,0.0000,0.0000,0.0000,0.0000,7408.0000,0.0000,0.0000,0.0000,0.0000,1,0,0,0,0,11,0,0,0,0
zc,TA304,2012-06-05 09:08:54.787,0.0000,4,0,0.0000,0.0000,0,0,多换,B,7230.0000,0.0000,0.0000,0.0000,0.0000,7408.0000,0.0000,0.0000,0.0000,0.0000,1,0,0,0,0,11,0,0,0,0
zc,TA304,2012-06-05 09:09:29.240,0.0000,4,0,0.0000,0.0000,0,0,多换,B,7236.0000,0.0000,0.0000,0.0000,0.0000,7408.0000,0.0000,0.0000,0.0000,0.0000,1,0,0,0,0,11,0,0,0,0
zc,TA304,2012-06-05 09:10:43.850,0.0000,4,0,0.0000,0.0000,0,0,多换,B,7230.0000,0.0000,0.0000,0.0000,0.0000,7408.0000,0.0000,0.0000,0.0000,0.0000,1,0,0,0,0,11,0,0,0,0
zc,TA304,2012-06-05 09:11:23.787,0.0000,4,0,0.0000,0.0000,0,0,多换,B,7220.0000,0.0000,0.0000,0.0000,0.0000,7408.0000,0.0000,0.0000,0.0000,0.0000,1,0,0,0,0,11,0,0,0,0
zc,TA304,2012-06-05 09:11:53.287,0.0000,4,0,0.0000,0.0000,0,0,多换,B,7202.0000,0.0000,0.0000,0.0000,0.0000,7408.0000,0.0000,0.0000,0.0000,0.0000,1,0,0,0,0,11,0,0,0,0
zc,TA304,2012-06-05 09:12:54.990,0.0000,4,0,0.0000,0.0000,0,0,多换,B,7220.0000,0.0000,0.0000,0.0000,0.0000,7408.0000,0.0000,0.0000,0.0000,0.0000,1,0,0,0,0,11,0,0,0,0
zc,TA304,2012-06-05 09:13:11.320,0.0000,4,0,0.0000,0.0000,0,0,多换,B,7202.0000,0.0000,0.0000,0.0000,0.0000,7408.0000,0.0000,0.0000,0.0000,0.0000,1,0,0,0,0,11,0,0,0,0
zc,TA304,2012-06-05 09:13:30.350,0.0000,4,0,0.0000,0.0000,0,0,多换,B,7202.0000,0.0000,0.0000,0.0000,0.0000,7408.0000,0.0000,0.0000,0.0000,0.0000,1,0,0,0,0,13,0,0,0,0
zc,TA304,2012-06-05 09:14:00.740,0.0000,4,0,0.0000,0.0000,0,0,多换,B,7216.0000,0.0000,0.0000,0.0000,0.0000,7408.0000,0.0000,0.0000,0.0000,0.0000,1,0,0,0,0,13,0,0,0,0
zc,TA304,2012-06-05 09:14:08.023,0.0000,4,0,0.0000,0.0000,0,0,多换,B,7220.0000,0.0000,0.0000,0.0000,0.0000,7408.0000,0.0000,0.0000,0.0000,0.0000,1,0,0,0,0,13,0,0,0,0
zc,TA304,2012-06-05 09:14:21.287,0.0000,4,0,0.0000,0.0000,0,0,多换,B,7216.0000,0.0000,0.0000,0.0000,0.0000,7408.0000,0.0000,0.0000,0.0000,0.0000,1,0,0,0,0,13,0,0,0,0
zc,TA304,2012-06-05 09:15:02.787,0.0000,4,0,0.0000,0.0000,0,0,多换,B,7202.0000,0.0000,0.0000,0.0000,0.0000,7408.0000,0.0000,0.0000,0.0000,0.0000,1,0,0,0,0,13,0,0,0,0
zc,TA304,2012-06-05 09:15:05.507,0.0000,4,0,0.0000,0.0000,0,0,多换,B,7206.0000,0.0000,0.0000,0.0000,0.0000,7408.0000,0.0000,0.0000,0.0000,0.0000,1,0,0,0,0,13,0,0,0,0
zc,TA304,2012-06-05 09:15:17.740,0.0000,4,0,0.0000,0.0000,0,0,多换,B,7208.0000,0.0000,0.0000,0.0000,0.0000,7408.0000,0.0000,0.0000,0.0000,0.0000,1,0,0,0,0,13,0,0,0,0
zc,TA304,2012-06-05 09:15:21.727,0.0000,4,0,0.0000,0.0000,0,0,多换,B,7210.0000,0.0000,0.0000,0.0000,0.0000,7408.0000,0.0000,0.0000,0.0000,0.0000,1,0,0,0,0,13,0,0,0,0
zc,TA304,2012-06-05 09:15:23.523,0.0000,4,0,0.0000,0.0000,0,0,多换,B,7206.0000,0.0000,0.0000,0.0000,0.0000,7408.0000,0.0000,0.0000,0.0000,0.0000,1,0,0,0,0,13,0,0,0,0
zc,TA304,2012-06-05 09:15:24.773,0.0000,4,0,0.0000,0.0000,0,0,多换,B,7202.0000,0.0000,0.0000,0.0000,0.0000,7408.0000,0.0000,0.0000,0.0000,0.0000,1,0,0,0,0,13,0,0,0,0
zc,TA304,2012-06-05 09:15:25.257,0.0000,4,0,0.0000,0.0000,0,0,多换,B,7208.0000,0.0000,0.0000,0.0000,0.0000,7408.0000,0.0000,0.0000,0.0000,0.0000,1,0,0,0,0,13,0,0,0,0
zc,TA304,2012-06-05 09:15:26.023,0.0000,4,0,0.0000,0.0000,0,0,多换,B,7202.0000,0.0000,0.0000,0.0000,0.0000,7408.0000,0.0000,0.0000,0.0000,0.0000,1,0,0,0,0,13,0,0,0,0
zc,TA304,2012-06-05 09:15:26.537,0.0000,4,0,0.0000,0.0000,0,0,多换,B,7210.0000,0.0000,0.0000,0.0000,0.0000,7408.0000,0.0000,0.0000,0.0000,0.0000,1,0,0,0,0,13,0,0,0,0
zc,TA304,2012-06-05 09:15:27.037,0.0000,4,0,0.0000,0.0000,0,0,多换,B,7202.0000,0.0000,0.0000,0.0000,0.0000,7408.0000,0.0000,0.0000,0.0000,0.0000,1,0,0,0,0,13,0,0,0,0
zc,TA304,2012-06-05 09:15:50.787,0.0000,4,0,0.0000,0.0000,0,0,多换,B,7200.0000,0.0000,0.0000,0.0000,0.0000,7408.0000,0.0000,0.0000,0.0000,0.0000,1,0,0,0,0,13,0,0,0,0
zc,TA304,2012-06-05 09:15:57.023,0.0000,4,0,0.0000,0.0000,0,0,多换,B,7152.0000,0.0000,0.0000,0.0000,0.0000,7408.0000,0.0000,0.0000,0.0000,0.0000,1,0,0,0,0,13,0,0,0,0
zc,TA304,2012-06-05 09:15:58.240,0.0000,4,0,0.0000,0.0000,0,0,多换,B,7154.0000,0.0000,0.0000,0.0000,0.0000,7408.0000,0.0000,0.0000,0.0000,0.0000,6,0,0,0,0,13,0,0,0,0
zc,TA304,2012-06-05 09:16:09.477,0.0000,4,0,0.0000,0.0000,0,0,多换,B,7154.0000,0.0000,0.0000,0.0000,0.0000,7408.0000,0.0000,0.0000,0.0000,0.0000,6,0,0,0,0,14,0,0,0,0
zc,TA304,2012-06-05 09:16:14.787,0.0000,4,0,0.0000,0.0000,0,0,多换,B,7154.0000,0.0000,0.0000,0.0000,0.0000,7408.0000,0.0000,0.0000,0.0000,0.0000,6,0,0,0,0,13,0,0,0,0
zc,TA304,2012-06-05 09:16:15.507,0.0000,4,0,0.0000,0.0000,0,0,多换,B,7154.0000,0.0000,0.0000,0.0000,0.0000,7384.0000,0.0000,0.0000,0.0000,0.0000,6,0,0,0,0,2,0,0,0,0
zc,TA304,2012-06-05 09:16:17.490,0.0000,4,0,0.0000,0.0000,0,0,多换,B,7154.0000,0.0000,0.0000,0.0000,0.0000,7384.0000,0.0000,0.0000,0.0000,0.0000,6,0,0,0,0,7,0,0,0,0
zc,TA304,2012-06-05 09:16:18.273,0.0000,4,0,0.0000,0.0000,0,0,多换,B,7154.0000,0.0000,0.0000,0.0000,0.0000,7374.0000,0.0000,0.0000,0.0000,0.0000,6,0,0,0,0,6,0,0,0,0
zc,TA304,2012-06-05 09:18:21.990,0.0000,4,0,0.0000,0.0000,0,0,多换,B,7160.0000,0.0000,0.0000,0.0000,0.0000,7374.0000,0.0000,0.0000,0.0000,0.0000,1,0,0,0,0,11,0,0,0,0
zc,TA304,2012-06-05 09:18:29.273,0.0000,4,0,0.0000,0.0000,0,0,多换,B,7162.0000,0.0000,0.0000,0.0000,0.0000,7374.0000,0.0000,0.0000,0.0000,0.0000,6,0,0,0,0,11,0,0,0,0
zc,TA304,2012-06-05 09:18:45.757,0.0000,4,0,0.0000,0.0000,0,0,多换,B,7160.0000,0.0000,0.0000,0.0000,0.0000,7374.0000,0.0000,0.0000,0.0000,0.0000,1,0,0,0,0,11,0,0,0,0
zc,TA304,2012-06-05 09:19:30.287,0.0000,4,0,0.0000,0.0000,0,0,多换,B,7206.0000,0.0000,0.0000,0.0000,0.0000,7374.0000,0.0000,0.0000,0.0000,0.0000,1,0,0,0,0,11,0,0,0,0
zc,TA304,2012-06-05 09:19:48.990,0.0000,4,0,0.0000,0.0000,0,0,多换,B,7160.0000,0.0000,0.0000,0.0000,0.0000,7374.0000,0.0000,0.0000,0.0000,0.0000,1,0,0,0,0,11,0,0,0,0
zc,TA304,2012-06-05 09:19:50.257,0.0000,4,0,0.0000,0.0000,0,0,多换,B,7162.0000,0.0000,0.0000,0.0000,0.0000,7374.0000,0.0000,0.0000,0.0000,0.0000,6,0,0,0,0,11,0,0,0,0
zc,TA304,2012-06-05 09:20:00.537,0.0000,4,0,0.0000,0.0000,0,0,多换,B,7210.0000,0.0000,0.0000,0.0000,0.0000,7374.0000,0.0000,0.0000,0.0000,0.0000,1,0,0,0,0,11,0,0,0,0
zc,TA304,2012-06-05 09:20:04.820,0.0000,4,0,0.0000,0.0000,0,0,多换,B,7160.0000,0.0000,0.0000,0.0000,0.0000,7374.0000,0.0000,0.0000,0.0000,0.0000,1,0,0,0,0,11,0,0,0,0
zc,TA304,2012-06-05 09:20:05.257,0.0000,4,0,0.0000,0.0000,0,0,多换,B,7162.0000,0.0000,0.0000,0.0000,0.0000,7374.0000,0.0000,0.0000,0.0000,0.0000,6,0,0,0,0,11,0,0,0,0
zc,TA304,2012-06-05 09:20:19.477,0.0000,4,0,0.0000,0.0000,0,0,多换,B,7208.0000,0.0000,0.0000,0.0000,0.0000,7374.0000,0.0000,0.0000,0.0000,0.0000,1,0,0,0,0,11,0,0,0,0
zc,TA304,2012-06-05 09:20:23.990,0.0000,4,0,0.0000,0.0000,0,0,多换,B,7160.0000,0.0000,0.0000,0.0000,0.0000,7374.0000,0.0000,0.0000,0.0000,0.0000,1,0,0,0,0,11,0,0,0,0
zc,TA304,2012-06-05 09:20:38.507,0.0000,4,0,0.0000,0.0000,0,0,多换,B,7202.0000,0.0000,0.0000,0.0000,0.0000,7374.0000,0.0000,0.0000,0.0000,0.0000,1,0,0,0,0,11,0,0,0,0
zc,TA304,2012-06-05 09:20:56.240,0.0000,4,0,0.0000,0.0000,0,0,多换,B,7160.0000,0.0000,0.0000,0.0000,0.0000,7374.0000,0.0000,0.0000,0.0000,0.0000,1,0,0,0,0,11,0,0,0,0
zc,TA304,2012-06-05 09:21:29.507,0.0000,4,0,0.0000,0.0000,0,0,多换,B,7162.0000,0.0000,0.0000,0.0000,0.0000,7374.0000,0.0000,0.0000,0.0000,0.0000,6,0,0,0,0,11,0,0,0,0
zc,TA304,2012-06-05 09:22:29.773,0.0000,4,0,0.0000,0.0000,0,0,多换,B,7162.0000,0.0000,0.0000,0.0000,0.0000,7372.0000,0.0000,0.0000,0.0000,0.0000,6,0,0,0,0,1,0,0,0,0
zc,TA304,2012-06-05 09:22:31.490,0.0000,4,0,0.0000,0.0000,0,0,多换,B,7162.0000,0.0000,0.0000,0.0000,0.0000,7362.0000,0.0000,0.0000,0.0000,0.0000,6,0,0,0,0,6,0,0,0,0
zc,TA304,2012-06-05 09:22:32.227,0.0000,4,0,0.0000,0.0000,0,0,多换,B,7202.0000,0.0000,0.0000,0.0000,0.0000,7362.0000,0.0000,0.0000,0.0000,0.0000,1,0,0,0,0,6,0,0,0,0
zc,TA304,2012-06-05 09:22:38.773,0.0000,4,0,0.0000,0.0000,0,0,多换,B,7202.0000,0.0000,0.0000,0.0000,0.0000,7362.0000,0.0000,0.0000,0.0000,0.0000,1,0,0,0,0,11,0,0,0,0
zc,TA304,2012-06-05 09:22:41.757,0.0000,4,0,0.0000,0.0000,0,0,多换,B,7160.0000,0.0000,0.0000,0.0000,0.0000,7362.0000,0.0000,0.0000,0.0000,0.0000,1,0,0,0,0,11,0,0,0,0
zc,TA304,2012-06-05 09:22:43.007,0.0000,4,0,0.0000,0.0000,0,0,多换,B,7162.0000,0.0000,0.0000,0.0000,0.0000,7362.0000,0.0000,0.0000,0.0000,0.0000,6,0,0,0,0,11,0,0,0,0
zc,TA304,2012-06-05 09:23:29.227,0.0000,4,0,0.0000,0.0000,0,0,多换,B,7200.0000,0.0000,0.0000,0.0000,0.0000,7362.0000,0.0000,0.0000,0.0000,0.0000,1,0,0,0,0,11,0,0,0,0
zc,TA304,2012-06-05 09:23:36.710,0.0000,4,0,0.0000,0.0000,0,0,多换,B,7204.0000,0.0000,0.0000,0.0000,0.0000,7362.0000,0.0000,0.0000,0.0000,0.0000,1,0,0,0,0,11,0,0,0,0
zc,TA304,2012-06-05 09:23:52.960,0.0000,4,0,0.0000,0.0000,0,0,多换,B,7200.0000,0.0000,0.0000,0.0000,0.0000,7362.0000,0.0000,0.0000,0.0000,0.0000,1,0,0,0,0,11,0,0,0,0
zc,TA304,2012-06-05 09:24:02.537,0.0000,4,0,0.0000,0.0000,0,0,多换,B,7160.0000,0.0000,0.0000,0.0000,0.0000,7362.0000,0.0000,0.0000,0.0000,0.0000,1,0,0,0,0,11,0,0,0,0
zc,TA304,2012-06-05 09:24:18.257,0.0000,4,0,0.0000,0.0000,0,0,多换,B,7194.0000,0.0000,0.0000,0.0000,0.0000,7362.0000,0.0000,0.0000,0.0000,0.0000,1,0,0,0,0,11,0,0,0,0
zc,TA304,2012-06-05 09:24:19.227,0.0000,4,0,0.0000,0.0000,0,0,多换,B,7160.0000,0.0000,0.0000,0.0000,0.0000,7362.0000,0.0000,0.0000,0.0000,0.0000,1,0,0,0,0,11,0,0,0,0
zc,TA304,2012-06-05 09:24:20.977,0.0000,4,0,0.0000,0.0000,0,0,多换,B,7190.0000,0.0000,0.0000,0.0000,0.0000,7362.0000,0.0000,0.0000,0.0000,0.0000,1,0,0,0,0,11,0,0,0,0
zc,TA304,2012-06-05 09:25:28.523,0.0000,4,0,0.0000,0.0000,0,0,多换,B,7160.0000,0.0000,0.0000,0.0000,0.0000,7362.0000,0.0000,0.0000,0.0000,0.0000,1,0,0,0,0,11,0,0,0,0
zc,TA304,2012-06-05 09:25:36.990,0.0000,4,0,0.0000,0.0000,0,0,多换,B,7174.0000,0.0000,0.0000,0.0000,0.0000,7362.0000,0.0000,0.0000,0.0000,0.0000,1,0,0,0,0,11,0,0,0,0
zc,TA304,2012-06-05 09:26:08.740,0.0000,4,0,0.0000,0.0000,0,0,多换,B,7180.0000,0.0000,0.0000,0.0000,0.0000,7362.0000,0.0000,0.0000,0.0000,0.0000,1,0,0,0,0,11,0,0,0,0
zc,TA304,2012-06-05 09:26:32.757,0.0000,4,0,0.0000,0.0000,0,0,多换,B,7176.0000,0.0000,0.0000,0.0000,0.0000,7362.0000,0.0000,0.0000,0.0000,0.0000,1,0,0,0,0,11,0,0,0,0
zc,TA304,2012-06-05 09:27:54.210,0.0000,4,0,0.0000,0.0000,0,0,多换,B,7178.0000,0.0000,0.0000,0.0000,0.0000,7362.0000,0.0000,0.0000,0.0000,0.0000,1,0,0,0,0,11,0,0,0,0
zc,TA304,2012-06-05 09:28:15.727,0.0000,4,0,0.0000,0.0000,0,0,多换,B,7178.0000,0.0000,0.0000,0.0000,0.0000,7350.0000,0.0000,0.0000,0.0000,0.0000,1,0,0,0,0,5,0,0,0,0
zc,TA304,2012-06-05 09:28:16.710,0.0000,4,0,0.0000,0.0000,0,0,多换,B,7176.0000,0.0000,0.0000,0.0000,0.0000,7350.0000,0.0000,0.0000,0.0000,0.0000,1,0,0,0,0,5,0,0,0,0
zc,TA304,2012-06-05 09:28:17.710,0.0000,4,0,0.0000,0.0000,0,0,多换,B,7176.0000,0.0000,0.0000,0.0000,0.0000,7340.0000,0.0000,0.0000,0.0000,0.0000,1,0,0,0,0,6,0,0,0,0
zc,TA304,2012-06-05 09:28:25.240,0.0000,4,0,0.0000,0.0000,0,0,多换,B,7176.0000,0.0000,0.0000,0.0000,0.0000,7340.0000,0.0000,0.0000,0.0000,0.0000,1,0,0,0,0,11,0,0,0,0
zc,TA304,2012-06-05 09:29:27.553,0.0000,4,0,0.0000,0.0000,0,0,多换,B,7172.0000,0.0000,0.0000,0.0000,0.0000,7340.0000,0.0000,0.0000,0.0000,0.0000,1,0,0,0,0,11,0,0,0,0
zc,TA304,2012-06-05 09:30:02.240,0.0000,4,0,0.0000,0.0000,0,0,多换,B,7152.0000,0.0000,0.0000,0.0000,0.0000,7340.0000,0.0000,0.0000,0.0000,0.0000,1,0,0,0,0,11,0,0,0,0
zc,TA304,2012-06-05 09:30:35.257,0.0000,4,0,0.0000,0.0000,0,0,多换,B,7110.0000,0.0000,0.0000,0.0000,0.0000,7340.0000,0.0000,0.0000,0.0000,0.0000,1,0,0,0,0,11,0,0,0,0
zc,TA304,2012-06-05 09:30:46.803,0.0000,4,0,0.0000,0.0000,0,0,多换,B,7110.0000,0.0000,0.0000,0.0000,0.0000,7268.0000,0.0000,0.0000,0.0000,0.0000,1,0,0,0,0,1,0,0,0,0
zc,TA304,2012-06-05 09:30:47.507,0.0000,4,0,0.0000,0.0000,0,0,多换,B,7110.0000,0.0000,0.0000,0.0000,0.0000,7250.0000,0.0000,0.0000,0.0000,0.0000,1,0,0,0,0,5,0,0,0,0
zc,TA304,2012-06-05 09:30:58.757,0.0000,4,0,0.0000,0.0000,0,0,多换,B,7152.0000,0.0000,0.0000,0.0000,0.0000,7250.0000,0.0000,0.0000,0.0000,0.0000,1,0,0,0,0,5,0,0,0,0
zc,TA304,2012-06-05 09:31:14.990,0.0000,4,0,0.0000,0.0000,0,0,多换,B,7110.0000,0.0000,0.0000,0.0000,0.0000,7250.0000,0.0000,0.0000,0.0000,0.0000,1,0,0,0,0,5,0,0,0,0
zc,TA304,2012-06-05 09:31:25.693,0.0000,4,0,0.0000,0.0000,0,0,多换,B,7110.0000,0.0000,0.0000,0.0000,0.0000,7250.0000,0.0000,0.0000,0.0000,0.0000,1,0,0,0,0,5,0,0,0,0
zc,TA304,2012-06-05 09:31:29.257,0.0000,4,0,0.0000,0.0000,0,0,多换,B,7150.0000,0.0000,0.0000,0.0000,0.0000,7250.0000,0.0000,0.0000,0.0000,0.0000,1,0,0,0,0,5,0,0,0,0
zc,TA304,2012-06-05 09:32:06.710,0.0000,4,0,0.0000,0.0000,0,0,多换,B,7150.0000,0.0000,0.0000,0.0000,0.0000,7288.0000,0.0000,0.0000,0.0000,0.0000,1,0,0,0,0,1,0,0,0,0
zc,TA304,2012-06-05 09:32:25.693,0.0000,4,0,0.0000,0.0000,0,0,多换,B,7150.0000,0.0000,0.0000,0.0000,0.0000,7288.0000,0.0000,0.0000,0.0000,0.0000,1,0,0,0,0,1,0,0,0,0
zc,TA304,2012-06-05 09:32:29.773,0.0000,4,0,0.0000,0.0000,0,0,多换,B,7150.0000,0.0000,0.0000,0.0000,0.0000,7376.0000,0.0000,0.0000,0.0000,0.0000,1,0,0,0,0,1,0,0,0,0
zc,TA304,2012-06-05 09:32:30.537,0.0000,4,0,0.0000,0.0000,0,0,多换,B,7150.0000,0.0000,0.0000,0.0000,0.0000,7294.0000,0.0000,0.0000,0.0000,0.0000,1,0,0,0,0,1,0,0,0,0
zc,TA304,2012-06-05 09:32:39.117,0.0000,4,0,0.0000,0.0000,0,0,多换,B,7150.0000,0.0000,0.0000,0.0000,0.0000,7390.0000,0.0000,0.0000,0.0000,0.0000,1,0,0,0,0,5,0,0,0,0
zc,TA304,2012-06-05 09:32:40.587,0.0000,4,0,0.0000,0.0000,0,0,多换,B,7150.0000,0.0000,0.0000,0.0000,0.0000,7306.0000,0.0000,0.0000,0.0000,0.0000,1,0,0,0,0,1,0,0,0,0
zc,TA304,2012-06-05 09:32:52.037,0.0000,4,0,0.0000,0.0000,0,0,多换,B,7176.0000,0.0000,0.0000,0.0000,0.0000,7306.0000,0.0000,0.0000,0.0000,0.0000,1,0,0,0,0,1,0,0,0,0
zc,TA304,2012-06-05 09:33:49.773,0.0000,4,0,0.0000,0.0000,0,0,多换,B,7194.0000,0.0000,0.0000,0.0000,0.0000,7306.0000,0.0000,0.0000,0.0000,0.0000,1,0,0,0,0,1,0,0,0,0
zc,TA304,2012-06-05 09:34:27.240,0.0000,4,0,0.0000,0.0000,0,0,多换,B,7190.0000,0.0000,0.0000,0.0000,0.0000,7306.0000,0.0000,0.0000,0.0000,0.0000,1,0,0,0,0,1,0,0,0,0
zc,TA304,2012-06-05 09:34:34.990,0.0000,4,0,0.0000,0.0000,0,0,多换,B,7176.0000,0.0000,0.0000,0.0000,0.0000,7306.0000,0.0000,0.0000,0.0000,0.0000,1,0,0,0,0,1,0,0,0,0
zc,TA304,2012-06-05 09:34:54.477,0.0000,4,0,0.0000,0.0000,0,0,多换,B,7184.0000,0.0000,0.0000,0.0000,0.0000,7320.0000,0.0000,0.0000,0.0000,0.0000,1,0,0,0,0,1,0,0,0,0
zc,TA304,2012-06-05 09:34:55.460,0.0000,4,0,0.0000,0.0000,0,0,多换,B,7184.0000,0.0000,0.0000,0.0000,0.0000,7318.0000,0.0000,0.0000,0.0000,0.0000,1,0,0,0,0,6,0,0,0,0
zc,TA304,2012-06-05 09:35:02.007,0.0000,4,0,0.0000,0.0000,0,0,多换,B,7184.0000,0.0000,0.0000,0.0000,0.0000,7300.0000,0.0000,0.0000,0.0000,0.0000,1,0,0,0,0,1,0,0,0,0
zc,TA304,2012-06-05 09:35:53.273,0.0000,4,0,0.0000,0.0000,0,0,多换,B,7184.0000,0.0000,0.0000,0.0000,0.0000,7312.0000,0.0000,0.0000,0.0000,0.0000,1,0,0,0,0,1,0,0,0,0
zc,TA304,2012-06-05 09:35:54.490,0.0000,4,0,0.0000,0.0000,0,0,多换,B,7184.0000,0.0000,0.0000,0.0000,0.0000,7310.0000,0.0000,0.0000,0.0000,0.0000,1,0,0,0,0,6,0,0,0,0
zc,TA304,2012-06-05 09:35:57.490,0.0000,4,0,0.0000,0.0000,0,0,多换,B,7184.0000,0.0000,0.0000,0.0000,0.0000,7306.0000,0.0000,0.0000,0.0000,0.0000,1,0,0,0,0,1,0,0,0,0
zc,TA304,2012-06-05 09:36:10.037,0.0000,4,0,0.0000,0.0000,0,0,多换,B,7186.0000,0.0000,0.0000,0.0000,0.0000,7306.0000,0.0000,0.0000,0.0000,0.0000,1,0,0,0,0,1,0,0,0,0
zc,TA304,2012-06-05 09:36:39.257,0.0000,4,0,0.0000,0.0000,0,0,多换,B,7190.0000,0.0000,0.0000,0.0000,0.0000,7306.0000,0.0000,0.0000,0.0000,0.0000,1,0,0,0,0,1,0,0,0,0
zc,TA304,2012-06-05 09:37:00.193,0.0000,4,0,0.0000,0.0000,0,0,多换,B,7194.0000,0.0000,0.0000,0.0000,0.0000,7306.0000,0.0000,0.0000,0.0000,0.0000,1,0,0,0,0,1,0,0,0,0
zc,TA304,2012-06-05 09:37:03.757,0.0000,4,0,0.0000,0.0000,0,0,多换,B,7190.0000,0.0000,0.0000,0.0000,0.0000,7306.0000,0.0000,0.0000,0.0000,0.0000,1,0,0,0,0,1,0,0,0,0
zc,TA304,2012-06-05 09:37:03.960,0.0000,4,0,0.0000,0.0000,0,0,多换,B,7190.0000,0.0000,0.0000,0.0000,0.0000,7320.0000,0.0000,0.0000,0.0000,0.0000,1,0,0,0,0,1,0,0,0,0
zc,TA304,2012-06-05 09:37:05.460,0.0000,4,0,0.0000,0.0000,0,0,多换,B,7190.0000,0.0000,0.0000,0.0000,0.0000,7318.0000,0.0000,0.0000,0.0000,0.0000,1,0,0,0,0,6,0,0,0,0
zc,TA304,2012-06-05 09:37:06.977,0.0000,4,0,0.0000,0.0000,0,0,多换,B,7190.0000,0.0000,0.0000,0.0000,0.0000,7302.0000,0.0000,0.0000,0.0000,0.0000,1,0,0,0,0,1,0,0,0,0
zc,TA304,2012-06-05 09:37:09.257,0.0000,4,0,0.0000,0.0000,0,0,多换,B,7186.0000,0.0000,0.0000,0.0000,0.0000,7302.0000,0.0000,0.0000,0.0000,0.0000,1,0,0,0,0,1,0,0,0,0
zc,TA304,2012-06-05 09:37:51.257,0.0000,4,0,0.0000,0.0000,0,0,多换,B,7186.0000,0.0000,0.0000,0.0000,0.0000,7312.0000,0.0000,0.0000,0.0000,0.0000,1,0,0,0,0,1,0,0,0,0
zc,TA304,2012-06-05 09:37:51.773,0.0000,4,0,0.0000,0.0000,0,0,多换,B,7186.0000,0.0000,0.0000,0.0000,0.0000,7298.0000,0.0000,0.0000,0.0000,0.0000,1,0,0,0,0,1,0,0,0,0
zc,TA304,2012-06-05 09:37:53.007,0.0000,4,0,0.0000,0.0000,0,0,多换,B,7176.0000,0.0000,0.0000,0.0000,0.0000,7298.0000,0.0000,0.0000,0.0000,0.0000,1,0,0,0,0,1,0,0,0,0
zc,TA304,2012-06-05 09:39:07.210,0.0000,4,0,0.0000,0.0000,0,0,多换,B,7176.0000,0.0000,0.0000,0.0000,0.0000,7312.0000,0.0000,0.0000,0.0000,0.0000,1,0,0,0,0,1,0,0,0,0
zc,TA304,2012-06-05 09:39:08.227,0.0000,4,0,0.0000,0.0000,0,0,多换,B,7176.0000,0.0000,0.0000,0.0000,0.0000,7310.0000,0.0000,0.0000,0.0000,0.0000,1,0,0,0,0,6,0,0,0,0
zc,TA304,2012-06-05 09:39:26.443,0.0000,4,0,0.0000,0.0000,0,0,多换,B,7176.0000,0.0000,0.0000,0.0000,0.0000,7294.0000,0.0000,0.0000,0.0000,0.0000,1,0,0,0,0,1,0,0,0,0
zc,TA304,2012-06-05 09:39:49.180,0.0000,4,0,0.0000,0.0000,0,0,多换,B,7176.0000,0.0000,0.0000,0.0000,0.0000,7312.0000,0.0000,0.0000,0.0000,0.0000,1,0,0,0,0,1,0,0,0,0
zc,TA304,2012-06-05 09:39:49.727,0.0000,4,0,0.0000,0.0000,0,0,多换,B,7176.0000,0.0000,0.0000,0.0000,0.0000,7306.0000,0.0000,0.0000,0.0000,0.0000,1,0,0,0,0,6,0,0,0,0
zc,TA304,2012-06-05 09:39:50.977,0.0000,4,0,0.0000,0.0000,0,0,多换,B,7176.0000,0.0000,0.0000,0.0000,0.0000,7294.0000,0.0000,0.0000,0.0000,0.0000,1,0,0,0,0,1,0,0,0,0
zc,TA304,2012-06-05 09:39:55.710,0.0000,4,0,0.0000,0.0000,0,0,多换,B,7172.0000,0.0000,0.0000,0.0000,0.0000,7306.0000,0.0000,0.0000,0.0000,0.0000,1,0,0,0,0,6,0,0,0,0
zc,TA304,2012-06-05 09:39:56.710,0.0000,4,0,0.0000,0.0000,0,0,多换,B,7172.0000,0.0000,0.0000,0.0000,0.0000,7312.0000,0.0000,0.0000,0.0000,0.0000,1,0,0,0,0,1,0,0,0,0
zc,TA304,2012-06-05 09:39:57.227,0.0000,4,0,0.0000,0.0000,0,0,多换,B,7172.0000,0.0000,0.0000,0.0000,0.0000,7288.0000,0.0000,0.0000,0.0000,0.0000,1,0,0,0,0,1,0,0,0,0
zc,TA304,2012-06-05 09:40:55.507,0.0000,4,0,0.0000,0.0000,0,0,多换,B,7150.0000,0.0000,0.0000,0.0000,0.0000,7288.0000,0.0000,0.0000,0.0000,0.0000,1,0,0,0,0,1,0,0,0,0
zc,TA304,2012-06-05 09:41:15.943,0.0000,4,0,0.0000,0.0000,0,0,多换,B,7164.0000,0.0000,0.0000,0.0000,0.0000,7288.0000,0.0000,0.0000,0.0000,0.0000,1,0,0,0,0,1,0,0,0,0
zc,TA304,2012-06-05 09:42:58.210,0.0000,4,0,0.0000,0.0000,0,0,多换,B,7170.0000,0.0000,0.0000,0.0000,0.0000,7288.0000,0.0000,0.0000,0.0000,0.0000,1,0,0,0,0,1,0,0,0,0
zc,TA304,2012-06-05 09:43:18.990,0.0000,4,0,0.0000,0.0000,0,0,多换,B,7164.0000,0.0000,0.0000,0.0000,0.0000,7288.0000,0.0000,0.0000,0.0000,0.0000,1,0,0,0,0,1,0,0,0,0
zc,TA304,2012-06-05 09:43:19.490,0.0000,4,0,0.0000,0.0000,0,0,多换,B,7164.0000,0.0000,0.0000,0.0000,0.0000,7312.0000,0.0000,0.0000,0.0000,0.0000,1,0,0,0,0,1,0,0,0,0
zc,TA304,2012-06-05 09:43:20.727,0.0000,4,0,0.0000,0.0000,0,0,多换,B,7164.0000,0.0000,0.0000,0.0000,0.0000,7284.0000,0.0000,0.0000,0.0000,0.0000,1,0,0,0,0,1,0,0,0,0
zc,TA304,2012-06-05 09:43:36.460,0.0000,4,0,0.0000,0.0000,0,0,多换,B,7150.0000,0.0000,0.0000,0.0000,0.0000,7284.0000,0.0000,0.0000,0.0000,0.0000,1,0,0,0,0,1,0,0,0,0
zc,TA304,2012-06-05 09:48:20.227,0.0000,4,0,0.0000,0.0000,0,0,多换,B,7150.0000,0.0000,0.0000,0.0000,0.0000,7284.0000,0.0000,0.0000,0.0000,0.0000,1,0,0,0,0,2,0,0,0,0
zc,TA304,2012-06-05 09:48:22.930,0.0000,4,0,0.0000,0.0000,0,0,多换,B,7150.0000,0.0000,0.0000,0.0000,0.0000,7284.0000,0.0000,0.0000,0.0000,0.0000,1,0,0,0,0,1,0,0,0,0
zc,TA304,2012-06-05 09:48:40.193,0.0000,4,0,0.0000,0.0000,0,0,多换,B,7164.0000,0.0000,0.0000,0.0000,0.0000,7284.0000,0.0000,0.0000,0.0000,0.0000,1,0,0,0,0,1,0,0,0,0
zc,TA304,2012-06-05 09:49:17.163,0.0000,4,0,0.0000,0.0000,0,0,多换,B,7168.0000,0.0000,0.0000,0.0000,0.0000,7284.0000,0.0000,0.0000,0.0000,0.0000,1,0,0,0,0,1,0,0,0,0
zc,TA304,2012-06-05 09:49:19.913,0.0000,4,0,0.0000,0.0000,0,0,多换,B,7164.0000,0.0000,0.0000,0.0000,0.0000,7284.0000,0.0000,0.0000,0.0000,0.0000,1,0,0,0,0,1,0,0,0,0
zc,TA304,2012-06-05 09:49:22.727,0.0000,4,0,0.0000,0.0000,0,0,多换,B,7170.0000,0.0000,0.0000,0.0000,0.0000,7284.0000,0.0000,0.0000,0.0000,0.0000,1,0,0,0,0,1,0,0,0,0
zc,TA304,2012-06-05 09:49:33.430,0.0000,4,0,0.0000,0.0000,0,0,多换,B,7164.0000,0.0000,0.0000,0.0000,0.0000,7284.0000,0.0000,0.0000,0.0000,0.0000,1,0,0,0,0,1,0,0,0,0
zc,TA304,2012-06-05 09:50:40.943,0.0000,4,0,0.0000,0.0000,0,0,多换,B,7170.0000,0.0000,0.0000,0.0000,0.0000,7284.0000,0.0000,0.0000,0.0000,0.0000,1,0,0,0,0,1,0,0,0,0
zc,TA304,2012-06-05 09:52:29.210,0.0000,4,0,0.0000,0.0000,0,0,多换,B,7170.0000,0.0000,0.0000,0.0000,0.0000,7288.0000,0.0000,0.0000,0.0000,0.0000,1,0,0,0,0,1,0,0,0,0
zc,TA304,2012-06-05 09:52:39.007,0.0000,4,0,0.0000,0.0000,0,0,多换,B,7170.0000,0.0000,0.0000,0.0000,0.0000,7292.0000,0.0000,0.0000,0.0000,0.0000,1,0,0,0,0,1,0,0,0,0
zc,TA304,2012-06-05 09:53:33.930,0.0000,4,0,0.0000,0.0000,0,0,多换,B,7170.0000,0.0000,0.0000,0.0000,0.0000,7292.0000,0.0000,0.0000,0.0000,0.0000,1,0,0,0,0,2,0,0,0,0
zc,TA304,2012-06-05 09:54:40.663,0.0000,4,0,0.0000,0.0000,0,0,多换,B,7170.0000,0.0000,0.0000,0.0000,0.0000,7288.0000,0.0000,0.0000,0.0000,0.0000,1,0,0,0,0,1,0,0,0,0
zc,TA304,2012-06-05 09:55:17.943,0.0000,4,0,0.0000,0.0000,0,0,多换,B,7164.0000,0.0000,0.0000,0.0000,0.0000,7288.0000,0.0000,0.0000,0.0000,0.0000,1,0,0,0,0,1,0,0,0,0
zc,TA304,2012-06-05 09:55:56.977,0.0000,4,0,0.0000,0.0000,0,0,多换,B,7164.0000,0.0000,0.0000,0.0000,0.0000,7288.0000,0.0000,0.0000,0.0000,0.0000,1,0,0,0,0,2,0,0,0,0
zc,TA304,2012-06-05 09:56:04.227,0.0000,4,0,0.0000,0.0000,0,0,多换,B,7166.0000,0.0000,0.0000,0.0000,0.0000,7288.0000,0.0000,0.0000,0.0000,0.0000,1,0,0,0,0,2,0,0,0,0
zc,TA304,2012-06-05 09:56:06.477,0.0000,4,0,0.0000,0.0000,0,0,多换,B,7166.0000,0.0000,0.0000,0.0000,0.0000,7288.0000,0.0000,0.0000,0.0000,0.0000,1,0,0,0,0,1,0,0,0,0
zc,TA304,2012-06-05 09:56:07.727,0.0000,4,0,0.0000,0.0000,0,0,多换,B,7166.0000,0.0000,0.0000,0.0000,0.0000,7284.0000,0.0000,0.0000,0.0000,0.0000,1,0,0,0,0,1,0,0,0,0
zc,TA304,2012-06-05 09:56:09.943,0.0000,4,0,0.0000,0.0000,0,0,多换,B,7164.0000,0.0000,0.0000,0.0000,0.0000,7284.0000,0.0000,0.0000,0.0000,0.0000,1,0,0,0,0,1,0,0,0,0
zc,TA304,2012-06-05 09:56:25.257,0.0000,4,0,0.0000,0.0000,0,0,多换,B,7164.0000,0.0000,0.0000,0.0000,0.0000,7288.0000,0.0000,0.0000,0.0000,0.0000,1,0,0,0,0,1,0,0,0,0
zc,TA304,2012-06-05 09:56:25.740,0.0000,4,0,0.0000,0.0000,0,0,多换,B,7164.0000,0.0000,0.0000,0.0000,0.0000,7280.0000,0.0000,0.0000,0.0000,0.0000,1,0,0,0,0,1,0,0,0,0
zc,TA304,2012-06-05 09:56:58.460,0.0000,4,0,0.0000,0.0000,0,0,多换,B,7150.0000,0.0000,0.0000,0.0000,0.0000,7280.0000,0.0000,0.0000,0.0000,0.0000,1,0,0,0,0,1,0,0,0,0
zc,TA304,2012-06-05 09:57:27.210,0.0000,4,0,0.0000,0.0000,0,0,多换,B,7150.0000,0.0000,0.0000,0.0000,0.0000,7288.0000,0.0000,0.0000,0.0000,0.0000,1,0,0,0,0,2,0,0,0,0
zc,TA304,2012-06-05 09:59:51.787,0.0000,4,0,0.0000,0.0000,0,0,多换,B,7150.0000,0.0000,0.0000,0.0000,0.0000,7288.0000,0.0000,0.0000,0.0000,0.0000,1,0,0,0,0,1,0,0,0,0
zc,TA304,2012-06-05 09:59:59.210,0.0000,4,0,0.0000,0.0000,0,0,多换,B,7150.0000,0.0000,0.0000,0.0000,0.0000,7294.0000,0.0000,0.0000,0.0000,0.0000,1,0,0,0,0,1,0,0,0,0
zc,TA304,2012-06-05 10:00:04.193,0.0000,4,0,0.0000,0.0000,0,0,多换,B,7176.0000,0.0000,0.0000,0.0000,0.0000,7294.0000,0.0000,0.0000,0.0000,0.0000,1,0,0,0,0,1,0,0,0,0
zc,TA304,2012-06-05 10:00:28.477,0.0000,4,0,0.0000,0.0000,0,0,多换,B,7150.0000,0.0000,0.0000,0.0000,0.0000,7294.0000,0.0000,0.0000,0.0000,0.0000,1,0,0,0,0,1,0,0,0,0
zc,TA304,2012-06-05 10:00:28.710,0.0000,4,0,0.0000,0.0000,0,0,多换,B,7150.0000,0.0000,0.0000,0.0000,0.0000,7304.0000,0.0000,0.0000,0.0000,0.0000,1,0,0,0,0,1,0,0,0,0
zc,TA304,2012-06-05 10:00:30.430,0.0000,4,0,0.0000,0.0000,0,0,多换,B,7150.0000,0.0000,0.0000,0.0000,0.0000,7290.0000,0.0000,0.0000,0.0000,0.0000,1,0,0,0,0,1,0,0,0,0
zc,TA304,2012-06-05 10:02:50.443,0.0000,4,0,0.0000,0.0000,0,0,多换,B,7150.0000,0.0000,0.0000,0.0000,0.0000,7302.0000,0.0000,0.0000,0.0000,0.0000,1,0,0,0,0,1,0,0,0,0
zc,TA304,2012-06-05 10:02:50.913,0.0000,4,0,0.0000,0.0000,0,0,多换,B,7150.0000,0.0000,0.0000,0.0000,0.0000,7298.0000,0.0000,0.0000,0.0000,0.0000,1,0,0,0,0,1,0,0,0,0
zc,TA304,2012-06-05 10:03:00.960,0.0000,4,0,0.0000,0.0000,0,0,多换,B,7150.0000,0.0000,0.0000,0.0000,0.0000,7302.0000,0.0000,0.0000,0.0000,0.0000,1,0,0,0,0,1,0,0,0,0
zc,TA304,2012-06-05 10:03:02.710,0.0000,4,0,0.0000,0.0000,0,0,多换,B,7150.0000,0.0000,0.0000,0.0000,0.0000,7290.0000,0.0000,0.0000,0.0000,0.0000,1,0,0,0,0,1,0,0,0,0
zc,TA304,2012-06-05 10:03:03.163,0.0000,4,0,0.0000,0.0000,0,0,多换,B,7150.0000,0.0000,0.0000,0.0000,0.0000,7302.0000,0.0000,0.0000,0.0000,0.0000,1,0,0,0,0,1,0,0,0,0
zc,TA304,2012-06-05 10:03:13.943,0.0000,4,0,0.0000,0.0000,0,0,多换,B,7150.0000,0.0000,0.0000,0.0000,0.0000,7298.0000,0.0000,0.0000,0.0000,0.0000,1,0,0,0,0,1,0,0,0,0
zc,TA304,2012-06-05 10:03:25.740,0.0000,4,0,0.0000,0.0000,0,0,多换,B,7150.0000,0.0000,0.0000,0.0000,0.0000,7302.0000,0.0000,0.0000,0.0000,0.0000,1,0,0,0,0,1,0,0,0,0
zc,TA304,2012-06-05 10:03:26.193,0.0000,4,0,0.0000,0.0000,0,0,多换,B,7150.0000,0.0000,0.0000,0.0000,0.0000,7302.0000,0.0000,0.0000,0.0000,0.0000,1,0,0,0,0,2,0,0,0,0
zc,TA304,2012-06-05 10:03:33.693,0.0000,4,0,0.0000,0.0000,0,0,多换,B,7164.0000,0.0000,0.0000,0.0000,0.0000,7302.0000,0.0000,0.0000,0.0000,0.0000,1,0,0,0,0,2,0,0,0,0
zc,TA304,2012-06-05 10:04:38.490,0.0000,4,0,0.0000,0.0000,0,0,多换,B,7188.0000,0.0000,0.0000,0.0000,0.0000,7302.0000,0.0000,0.0000,0.0000,0.0000,1,0,0,0,0,2,0,0,0,0
zc,TA304,2012-06-05 10:05:09.990,0.0000,4,0,0.0000,0.0000,0,0,多换,B,7164.0000,0.0000,0.0000,0.0000,0.0000,7302.0000,0.0000,0.0000,0.0000,0.0000,1,0,0,0,0,2,0,0,0,0
zc,TA304,2012-06-05 10:06:25.647,0.0000,4,0,0.0000,0.0000,0,0,多换,B,7164.0000,0.0000,0.0000,0.0000,0.0000,7302.0000,0.0000,0.0000,0.0000,0.0000,1,0,0,0,0,2,0,0,0,0
zc,TA304,2012-06-05 10:12:07.680,0.0000,4,0,0.0000,0.0000,0,0,多换,B,7164.0000,0.0000,0.0000,0.0000,0.0000,7302.0000,0.0000,0.0000,0.0000,0.0000,1,0,0,0,0,1,0,0,0,0
zc,TA304,2012-06-05 10:12:10.943,0.0000,4,0,0.0000,0.0000,0,0,多换,B,7164.0000,0.0000,0.0000,0.0000,0.0000,7296.0000,0.0000,0.0000,0.0000,0.0000,1,0,0,0,0,1,0,0,0,0
zc,TA304,2012-06-05 10:13:59.680,0.0000,4,0,0.0000,0.0000,0,0,多换,B,7164.0000,0.0000,0.0000,0.0000,0.0000,7302.0000,0.0000,0.0000,0.0000,0.0000,1,0,0,0,0,1,0,0,0,0
zc,TA304,2012-06-05 10:13:59.960,0.0000,4,0,0.0000,0.0000,0,0,多换,B,7164.0000,0.0000,0.0000,0.0000,0.0000,7302.0000,0.0000,0.0000,0.0000,0.0000,1,0,0,0,0,2,0,0,0,0
zc,TA304,2012-06-05 10:14:34.460,0.0000,4,0,0.0000,0.0000,0,0,多换,B,7174.0000,0.0000,0.0000,0.0000,0.0000,7302.0000,0.0000,0.0000,0.0000,0.0000,1,0,0,0,0,2,0,0,0,0
zc,TA304,2012-06-05 10:14:50.943,0.0000,4,0,0.0000,0.0000,0,0,多换,B,7174.0000,0.0000,0.0000,0.0000,0.0000,7302.0000,0.0000,0.0000,0.0000,0.0000,1,0,0,0,0,1,0,0,0,0
zc,TA304,2012-06-05 10:30:09.180,0.0000,4,0,0.0000,0.0000,0,0,多换,B,7164.0000,0.0000,0.0000,0.0000,0.0000,7302.0000,0.0000,0.0000,0.0000,0.0000,1,0,0,0,0,1,0,0,0,0
zc,TA304,2012-06-05 10:30:56.443,0.0000,4,0,0.0000,0.0000,0,0,多换,B,7178.0000,0.0000,0.0000,0.0000,0.0000,7302.0000,0.0000,0.0000,0.0000,0.0000,1,0,0,0,0,1,0,0,0,0
zc,TA304,2012-06-05 10:31:41.397,0.0000,4,0,0.0000,0.0000,0,0,多换,B,7180.0000,0.0000,0.0000,0.0000,0.0000,7302.0000,0.0000,0.0000,0.0000,0.0000,2,0,0,0,0,1,0,0,0,0
zc,TA304,2012-06-05 10:34:41.617,0.0000,4,0,0.0000,0.0000,0,0,多换,B,7180.0000,0.0000,0.0000,0.0000,0.0000,7294.0000,0.0000,0.0000,0.0000,0.0000,2,0,0,0,0,1,0,0,0,0
zc,TA304,2012-06-05 10:36:47.397,0.0000,4,0,0.0000,0.0000,0,0,多换,B,7180.0000,0.0000,0.0000,0.0000,0.0000,7302.0000,0.0000,0.0000,0.0000,0.0000,2,0,0,0,0,1,0,0,0,0
zc,TA304,2012-06-05 10:37:44.163,0.0000,4,0,0.0000,0.0000,0,0,多换,B,7180.0000,0.0000,0.0000,0.0000,0.0000,7310.0000,0.0000,0.0000,0.0000,0.0000,2,0,0,0,0,1,0,0,0,0
zc,TA304,2012-06-05 10:37:47.397,0.0000,4,0,0.0000,0.0000,0,0,多换,B,7194.0000,0.0000,0.0000,0.0000,0.0000,7310.0000,0.0000,0.0000,0.0000,0.0000,1,0,0,0,0,1,0,0,0,0
zc,TA304,2012-06-05 10:37:58.930,0.0000,4,0,0.0000,0.0000,0,0,多换,B,7180.0000,0.0000,0.0000,0.0000,0.0000,7310.0000,0.0000,0.0000,0.0000,0.0000,2,0,0,0,0,1,0,0,0,0
zc,TA304,2012-06-05 10:38:01.443,0.0000,4,0,0.0000,0.0000,0,0,多换,B,7180.0000,0.0000,0.0000,0.0000,0.0000,7316.0000,0.0000,0.0000,0.0000,0.0000,2,0,0,0,0,1,0,0,0,0
zc,TA304,2012-06-05 10:38:17.193,0.0000,4,0,0.0000,0.0000,0,0,多换,B,7180.0000,0.0000,0.0000,0.0000,0.0000,7338.0000,0.0000,0.0000,0.0000,0.0000,2,0,0,0,0,1,0,0,0,0
zc,TA304,2012-06-05 10:39:10.913,0.0000,4,0,0.0000,0.0000,0,0,多换,B,7204.0000,0.0000,0.0000,0.0000,0.0000,7338.0000,0.0000,0.0000,0.0000,0.0000,1,0,0,0,0,1,0,0,0,0
zc,TA304,2012-06-05 10:40:29.663,0.0000,4,0,0.0000,0.0000,0,0,多换,B,7166.0000,0.0000,0.0000,0.0000,0.0000,7338.0000,0.0000,0.0000,0.0000,0.0000,1,0,0,0,0,1,0,0,0,0
zc,TA304,2012-06-05 10:40:30.680,0.0000,4,0,0.0000,0.0000,0,0,多换,B,7172.0000,0.0000,0.0000,0.0000,0.0000,7338.0000,0.0000,0.0000,0.0000,0.0000,6,0,0,0,0,1,0,0,0,0
zc,TA304,2012-06-05 10:40:37.913,0.0000,4,0,0.0000,0.0000,0,0,多换,B,7212.0000,0.0000,0.0000,0.0000,0.0000,7338.0000,0.0000,0.0000,0.0000,0.0000,2,0,0,0,0,1,0,0,0,0
zc,TA304,2012-06-05 10:40:49.413,0.0000,4,0,0.0000,0.0000,0,0,多换,B,7212.0000,0.0000,0.0000,0.0000,0.0000,7336.0000,0.0000,0.0000,0.0000,0.0000,2,0,0,0,0,1,0,0,0,0
zc,TA304,2012-06-05 10:41:23.147,0.0000,4,0,0.0000,0.0000,0,0,多换,B,7212.0000,0.0000,0.0000,0.0000,0.0000,7338.0000,0.0000,0.0000,0.0000,0.0000,2,0,0,0,0,1,0,0,0,0
zc,TA304,2012-06-05 10:41:23.397,0.0000,4,0,0.0000,0.0000,0,0,多换,B,7212.0000,0.0000,0.0000,0.0000,0.0000,7334.0000,0.0000,0.0000,0.0000,0.0000,2,0,0,0,0,1,0,0,0,0
zc,TA304,2012-06-05 10:45:01.147,0.0000,4,0,0.0000,0.0000,0,0,多换,B,7212.0000,0.0000,0.0000,0.0000,0.0000,7338.0000,0.0000,0.0000,0.0000,0.0000,2,0,0,0,0,1,0,0,0,0
zc,TA304,2012-06-05 10:45:01.867,0.0000,4,0,0.0000,0.0000,0,0,多换,B,7212.0000,0.0000,0.0000,0.0000,0.0000,7334.0000,0.0000,0.0000,0.0000,0.0000,2,0,0,0,0,1,0,0,0,0
zc,TA304,2012-06-05 10:45:06.397,0.0000,4,0,0.0000,0.0000,0,0,多换,B,7212.0000,0.0000,0.0000,0.0000,0.0000,7338.0000,0.0000,0.0000,0.0000,0.0000,2,0,0,0,0,1,0,0,0,0
zc,TA304,2012-06-05 10:45:19.117,0.0000,4,0,0.0000,0.0000,0,0,多换,B,7230.0000,0.0000,0.0000,0.0000,0.0000,7358.0000,0.0000,0.0000,0.0000,0.0000,2,0,0,0,0,1,0,0,0,0
zc,TA304,2012-06-05 10:45:24.897,0.0000,4,0,0.0000,0.0000,0,0,多换,B,7212.0000,0.0000,0.0000,0.0000,0.0000,7358.0000,0.0000,0.0000,0.0000,0.0000,2,0,0,0,0,1,0,0,0,0
zc,TA304,2012-06-05 10:45:29.647,0.0000,4,0,0.0000,0.0000,0,0,多换,B,7212.0000,0.0000,0.0000,0.0000,0.0000,7344.0000,0.0000,0.0000,0.0000,0.0000,2,0,0,0,0,1,0,0,0,0
zc,TA304,2012-06-05 10:45:42.883,0.0000,4,0,0.0000,0.0000,0,0,多换,B,7166.0000,0.0000,0.0000,0.0000,0.0000,7344.0000,0.0000,0.0000,0.0000,0.0000,1,0,0,0,0,1,0,0,0,0
zc,TA304,2012-06-05 10:45:43.163,0.0000,4,0,0.0000,0.0000,0,0,多换,B,7172.0000,0.0000,0.0000,0.0000,0.0000,7344.0000,0.0000,0.0000,0.0000,0.0000,6,0,0,0,0,1,0,0,0,0
zc,TA304,2012-06-05 10:45:43.913,0.0000,4,0,0.0000,0.0000,0,0,多换,B,7172.0000,0.0000,0.0000,0.0000,0.0000,7358.0000,0.0000,0.0000,0.0000,0.0000,6,0,0,0,0,1,0,0,0,0
zc,TA304,2012-06-05 10:45:58.180,0.0000,4,0,0.0000,0.0000,0,0,多换,B,7172.0000,0.0000,0.0000,0.0000,0.0000,7350.0000,0.0000,0.0000,0.0000,0.0000,6,0,0,0,0,1,0,0,0,0
zc,TA304,2012-06-05 10:47:34.367,0.0000,4,0,0.0000,0.0000,0,0,多换,B,7172.0000,0.0000,0.0000,0.0000,0.0000,7358.0000,0.0000,0.0000,0.0000,0.0000,6,0,0,0,0,1,0,0,0,0
zc,TA304,2012-06-05 10:48:19.147,0.0000,4,0,0.0000,0.0000,0,0,多换,B,7172.0000,0.0000,0.0000,0.0000,0.0000,7344.0000,0.0000,0.0000,0.0000,0.0000,6,0,0,0,0,1,0,0,0,0
zc,TA304,2012-06-05 10:48:49.397,0.0000,4,0,0.0000,0.0000,0,0,多换,B,7172.0000,0.0000,0.0000,0.0000,0.0000,7346.0000,0.0000,0.0000,0.0000,0.0000,6,0,0,0,0,1,0,0,0,0
zc,TA304,2012-06-05 10:50:07.443,0.0000,4,0,0.0000,0.0000,0,0,多换,B,7172.0000,0.0000,0.0000,0.0000,0.0000,7358.0000,0.0000,0.0000,0.0000,0.0000,6,0,0,0,0,1,0,0,0,0
zc,TA304,2012-06-05 10:52:16.413,0.0000,4,0,0.0000,0.0000,0,0,多换,B,7236.0000,0.0000,0.0000,0.0000,0.0000,7358.0000,0.0000,0.0000,0.0000,0.0000,1,0,0,0,0,1,0,0,0,0
zc,TA304,2012-06-05 10:53:31.693,0.0000,4,0,0.0000,0.0000,0,0,多换,B,7236.0000,0.0000,0.0000,0.0000,0.0000,7356.0000,0.0000,0.0000,0.0000,0.0000,1,0,0,0,0,1,0,0,0,0
zc,TA304,2012-06-05 10:54:04.883,0.0000,4,0,0.0000,0.0000,0,0,多换,B,7166.0000,0.0000,0.0000,0.0000,0.0000,7356.0000,0.0000,0.0000,0.0000,0.0000,1,0,0,0,0,1,0,0,0,0
zc,TA304,2012-06-05 10:54:05.633,0.0000,4,0,0.0000,0.0000,0,0,多换,B,7176.0000,0.0000,0.0000,0.0000,0.0000,7356.0000,0.0000,0.0000,0.0000,0.0000,6,0,0,0,0,1,0,0,0,0
zc,TA304,2012-06-05 10:54:27.397,0.0000,4,0,0.0000,0.0000,0,0,多换,B,7176.0000,0.0000,0.0000,0.0000,0.0000,7358.0000,0.0000,0.0000,0.0000,0.0000,6,0,0,0,0,1,0,0,0,0
zc,TA304,2012-06-05 10:55:14.680,0.0000,4,0,0.0000,0.0000,0,0,多换,B,7250.0000,0.0000,0.0000,0.0000,0.0000,7396.0000,0.0000,0.0000,0.0000,0.0000,2,0,0,0,0,1,0,0,0,0
zc,TA304,2012-06-05 10:55:16.443,0.0000,4,0,0.0000,0.0000,0,0,多换,B,7250.0000,0.0000,0.0000,0.0000,0.0000,7394.0000,0.0000,0.0000,0.0000,0.0000,2,0,0,0,0,6,0,0,0,0
zc,TA304,2012-06-05 10:55:54.633,0.0000,4,0,0.0000,0.0000,0,0,多换,B,7250.0000,0.0000,0.0000,0.0000,0.0000,7394.0000,0.0000,0.0000,0.0000,0.0000,1,0,0,0,0,6,0,0,0,0
zc,TA304,2012-06-05 10:55:55.430,0.0000,4,0,0.0000,0.0000,0,0,多换,B,7166.0000,0.0000,0.0000,0.0000,0.0000,7394.0000,0.0000,0.0000,0.0000,0.0000,1,0,0,0,0,6,0,0,0,0
zc,TA304,2012-06-05 10:55:56.100,0.0000,4,0,0.0000,0.0000,0,0,多换,B,7176.0000,0.0000,0.0000,0.0000,0.0000,7394.0000,0.0000,0.0000,0.0000,0.0000,6,0,0,0,0,6,0,0,0,0
zc,TA304,2012-06-05 10:56:11.147,0.0000,4,0,0.0000,0.0000,0,0,多换,B,7176.0000,0.0000,0.0000,0.0000,0.0000,7378.0000,0.0000,0.0000,0.0000,0.0000,6,0,0,0,0,1,0,0,0,0
zc,TA304,2012-06-05 10:57:25.587,0.0000,4,0,0.0000,0.0000,0,0,多换,B,7176.0000,0.0000,0.0000,0.0000,0.0000,7378.0000,0.0000,0.0000,0.0000,0.0000,6,0,0,0,0,1,0,0,0,0
zc,TA304,2012-06-05 10:59:13.680,0.0000,4,0,0.0000,0.0000,0,0,多换,B,7176.0000,0.0000,0.0000,0.0000,0.0000,7378.0000,0.0000,0.0000,0.0000,0.0000,11,0,0,0,0,1,0,0,0,0
zc,TA304,2012-06-05 11:08:59.600,0.0000,4,0,0.0000,0.0000,0,0,多换,B,7176.0000,0.0000,0.0000,0.0000,0.0000,7378.0000,0.0000,0.0000,0.0000,0.0000,6,0,0,0,0,1,0,0,0,0
zc,TA304,2012-06-05 11:12:25.587,0.0000,4,0,0.0000,0.0000,0,0,多换,B,7176.0000,0.0000,0.0000,0.0000,0.0000,7378.0000,0.0000,0.0000,0.0000,0.0000,6,0,0,0,0,1,0,0,0,0
zc,TA304,2012-06-05 11:14:10.350,0.0000,4,0,0.0000,0.0000,0,0,多换,B,7256.0000,0.0000,0.0000,0.0000,0.0000,7378.0000,0.0000,0.0000,0.0000,0.0000,1,0,0,0,0,1,0,0,0,0
zc,TA304,2012-06-05 11:14:13.117,0.0000,4,0,0.0000,0.0000,0,0,多换,B,7168.0000,0.0000,0.0000,0.0000,0.0000,7378.0000,0.0000,0.0000,0.0000,0.0000,1,0,0,0,0,1,0,0,0,0
zc,TA304,2012-06-05 11:14:14.397,0.0000,4,0,0.0000,0.0000,0,0,多换,B,7178.0000,0.0000,0.0000,0.0000,0.0000,7378.0000,0.0000,0.0000,0.0000,0.0000,6,0,0,0,0,1,0,0,0,0
zc,TA304,2012-06-05 11:15:06.600,0.0000,4,0,0.0000,0.0000,0,0,多换,B,7186.0000,0.0000,0.0000,0.0000,0.0000,7378.0000,0.0000,0.0000,0.0000,0.0000,1,0,0,0,0,1,0,0,0,0
zc,TA304,2012-06-05 11:15:08.600,0.0000,4,0,0.0000,0.0000,0,0,多换,B,7192.0000,0.0000,0.0000,0.0000,0.0000,7378.0000,0.0000,0.0000,0.0000,0.0000,6,0,0,0,0,1,0,0,0,0
zc,TA304,2012-06-05 11:15:25.587,0.0000,4,0,0.0000,0.0000,0,0,多换,B,7192.0000,0.0000,0.0000,0.0000,0.0000,7378.0000,0.0000,0.0000,0.0000,0.0000,6,0,0,0,0,1,0,0,0,0
zc,TA304,2012-06-05 11:17:42.883,0.0000,4,0,0.0000,0.0000,0,0,多换,B,7250.0000,0.0000,0.0000,0.0000,0.0000,7378.0000,0.0000,0.0000,0.0000,0.0000,1,0,0,0,0,1,0,0,0,0
zc,TA304,2012-06-05 11:17:51.587,0.0000,4,0,0.0000,0.0000,0,0,多换,B,7186.0000,0.0000,0.0000,0.0000,0.0000,7378.0000,0.0000,0.0000,0.0000,0.0000,1,0,0,0,0,1,0,0,0,0
zc,TA304,2012-06-05 11:17:52.553,0.0000,4,0,0.0000,0.0000,0,0,多换,B,7192.0000,0.0000,0.0000,0.0000,0.0000,7378.0000,0.0000,0.0000,0.0000,0.0000,6,0,0,0,0,1,0,0,0,0
zc,TA304,2012-06-05 11:20:00.883,0.0000,4,0,0.0000,0.0000,0,0,多换,B,7192.0000,0.0000,0.0000,0.0000,0.0000,7376.0000,0.0000,0.0000,0.0000,0.0000,6,0,0,0,0,6,0,0,0,0
zc,TA304,2012-06-05 11:20:18.100,0.0000,4,0,0.0000,0.0000,0,0,多换,B,7192.0000,0.0000,0.0000,0.0000,0.0000,7372.0000,0.0000,0.0000,0.0000,0.0000,6,0,0,0,0,1,0,0,0,0
zc,TA304,2012-06-05 11:20:57.587,0.0000,4,0,0.0000,0.0000,0,0,多换,B,7192.0000,0.0000,0.0000,0.0000,0.0000,7378.0000,0.0000,0.0000,0.0000,0.0000,6,0,0,0,0,1,0,0,0,0
zc,TA304,2012-06-05 11:20:59.117,0.0000,4,0,0.0000,0.0000,0,0,多换,B,7192.0000,0.0000,0.0000,0.0000,0.0000,7376.0000,0.0000,0.0000,0.0000,0.0000,6,0,0,0,0,6,0,0,0,0
zc,TA304,2012-06-05 11:21:25.570,0.0000,4,0,0.0000,0.0000,0,0,多换,B,7192.0000,0.0000,0.0000,0.0000,0.0000,7376.0000,0.0000,0.0000,0.0000,0.0000,6,0,0,0,0,6,0,0,0,0
zc,TA304,2012-06-05 11:21:26.337,0.0000,4,0,0.0000,0.0000,0,0,多换,B,7192.0000,0.0000,0.0000,0.0000,0.0000,7376.0000,0.0000,0.0000,0.0000,0.0000,6,0,0,0,0,7,0,0,0,0
zc,TA304,2012-06-05 11:21:55.383,0.0000,4,0,0.0000,0.0000,0,0,多换,B,7192.0000,0.0000,0.0000,0.0000,0.0000,7376.0000,0.0000,0.0000,0.0000,0.0000,6,0,0,0,0,6,0,0,0,0
zc,TA304,2012-06-05 11:22:07.100,0.0000,4,0,0.0000,0.0000,0,0,多换,B,7192.0000,0.0000,0.0000,0.0000,0.0000,7372.0000,0.0000,0.0000,0.0000,0.0000,6,0,0,0,0,1,0,0,0,0
zc,TA304,2012-06-05 11:22:19.617,0.0000,4,0,0.0000,0.0000,0,0,多换,B,7192.0000,0.0000,0.0000,0.0000,0.0000,7378.0000,0.0000,0.0000,0.0000,0.0000,6,0,0,0,0,1,0,0,0,0
zc,TA304,2012-06-05 11:22:20.837,0.0000,4,0,0.0000,0.0000,0,0,多换,B,7192.0000,0.0000,0.0000,0.0000,0.0000,7376.0000,0.0000,0.0000,0.0000,0.0000,6,0,0,0,0,6,0,0,0,0
zc,TA304,2012-06-05 11:22:25.587,0.0000,4,0,0.0000,0.0000,0,0,多换,B,7192.0000,0.0000,0.0000,0.0000,0.0000,7376.0000,0.0000,0.0000,0.0000,0.0000,6,0,0,0,0,6,0,0,0,0
zc,TA304,2012-06-05 11:22:27.617,0.0000,4,0,0.0000,0.0000,0,0,多换,B,7192.0000,0.0000,0.0000,0.0000,0.0000,7374.0000,0.0000,0.0000,0.0000,0.0000,6,0,0,0,0,1,0,0,0,0
zc,TA304,2012-06-05 11:23:28.600,0.0000,4,0,0.0000,0.0000,0,0,多换,B,7192.0000,0.0000,0.0000,0.0000,0.0000,7362.0000,0.0000,0.0000,0.0000,0.0000,6,0,0,0,0,1,0,0,0,0
zc,TA304,2012-06-05 11:26:38.367,0.0000,4,0,0.0000,0.0000,0,0,多换,B,7192.0000,0.0000,0.0000,0.0000,0.0000,7374.0000,0.0000,0.0000,0.0000,0.0000,6,0,0,0,0,1,0,0,0,0
zc,TA304,2012-06-05 11:26:51.633,0.0000,4,0,0.0000,0.0000,0,0,多换,B,7192.0000,0.0000,0.0000,0.0000,0.0000,7378.0000,0.0000,0.0000,0.0000,0.0000,6,0,0,0,0,1,0,0,0,0
zc,TA304,2012-06-05 11:26:53.147,0.0000,4,0,0.0000,0.0000,0,0,多换,B,7192.0000,0.0000,0.0000,0.0000,0.0000,7376.0000,0.0000,0.0000,0.0000,0.0000,6,0,0,0,0,6,0,0,0,0
zc,TA304,2012-06-05 11:29:32.147,0.0000,4,0,0.0000,0.0000,0,0,多换,B,7186.0000,0.0000,0.0000,0.0000,0.0000,7376.0000,0.0000,0.0000,0.0000,0.0000,1,0,0,0,0,6,0,0,0,0
zc,TA304,2012-06-05 11:29:38.867,0.0000,4,0,0.0000,0.0000,0,0,多换,B,7186.0000,0.0000,0.0000,0.0000,0.0000,7378.0000,0.0000,0.0000,0.0000,0.0000,1,0,0,0,0,1,0,0,0,0
zc,TA304,2012-06-05 11:36:25.553,0.0000,4,0,0.0000,0.0000,0,0,多换,B,7186.0000,0.0000,0.0000,0.0000,0.0000,7378.0000,0.0000,0.0000,0.0000,0.0000,1,0,0,0,0,1,0,0,0,0
zc,TA304,2012-06-05 11:53:25.523,0.0000,4,0,0.0000,0.0000,0,0,多换,B,7186.0000,0.0000,0.0000,0.0000,0.0000,7378.0000,0.0000,0.0000,0.0000,0.0000,1,0,0,0,0,1,0,0,0,0
zc,TA304,2012-06-05 11:54:25.537,0.0000,4,0,0.0000,0.0000,0,0,多换,B,7186.0000,0.0000,0.0000,0.0000,0.0000,7378.0000,0.0000,0.0000,0.0000,0.0000,1,0,0,0,0,1,0,0,0,0
zc,TA304,2012-06-05 12:35:25.477,0.0000,4,0,0.0000,0.0000,0,0,多换,B,7186.0000,0.0000,0.0000,0.0000,0.0000,7378.0000,0.0000,0.0000,0.0000,0.0000,1,0,0,0,0,1,0,0,0,0
zc,TA304,2012-06-05 12:56:25.460,0.0000,4,0,0.0000,0.0000,0,0,多换,B,7186.0000,0.0000,0.0000,0.0000,0.0000,7378.0000,0.0000,0.0000,0.0000,0.0000,1,0,0,0,0,1,0,0,0,0
zc,TA304,2012-06-05 13:01:25.477,0.0000,4,0,0.0000,0.0000,0,0,多换,B,7186.0000,0.0000,0.0000,0.0000,0.0000,7378.0000,0.0000,0.0000,0.0000,0.0000,1,0,0,0,0,1,0,0,0,0
zc,TA304,2012-06-05 13:09:25.460,0.0000,4,0,0.0000,0.0000,0,0,多换,B,7186.0000,0.0000,0.0000,0.0000,0.0000,7378.0000,0.0000,0.0000,0.0000,0.0000,1,0,0,0,0,1,0,0,0,0
zc,TA304,2012-06-05 13:16:25.443,0.0000,4,0,0.0000,0.0000,0,0,多换,B,7186.0000,0.0000,0.0000,0.0000,0.0000,7378.0000,0.0000,0.0000,0.0000,0.0000,1,0,0,0,0,1,0,0,0,0
zc,TA304,2012-06-05 13:23:25.443,0.0000,4,0,0.0000,0.0000,0,0,多换,B,7186.0000,0.0000,0.0000,0.0000,0.0000,7378.0000,0.0000,0.0000,0.0000,0.0000,1,0,0,0,0,1,0,0,0,0
zc,TA304,2012-06-05 13:30:02.147,0.0000,4,0,0.0000,0.0000,0,0,多换,B,7192.0000,0.0000,0.0000,0.0000,0.0000,7378.0000,0.0000,0.0000,0.0000,0.0000,6,0,0,0,0,1,0,0,0,0
zc,TA304,2012-06-05 13:30:02.633,0.0000,4,0,0.0000,0.0000,0,0,多换,B,7248.0000,0.0000,0.0000,0.0000,0.0000,7376.0000,0.0000,0.0000,0.0000,0.0000,1,0,0,0,0,6,0,0,0,0
zc,TA304,2012-06-05 13:30:09.320,0.0000,4,0,0.0000,0.0000,0,0,多换,B,7248.0000,0.0000,0.0000,0.0000,0.0000,7378.0000,0.0000,0.0000,0.0000,0.0000,1,0,0,0,0,1,0,0,0,0
zc,TA304,2012-06-05 13:31:10.007,0.0000,4,0,0.0000,0.0000,0,0,多换,B,7254.0000,0.0000,0.0000,0.0000,0.0000,7378.0000,0.0000,0.0000,0.0000,0.0000,1,0,0,0,0,1,0,0,0,0
zc,TA304,2012-06-05 13:32:25.460,0.0000,4,0,0.0000,0.0000,0,0,多换,B,7254.0000,0.0000,0.0000,0.0000,0.0000,7378.0000,0.0000,0.0000,0.0000,0.0000,1,0,0,0,0,1,0,0,0,0
zc,TA304,2012-06-05 13:32:55.460,0.0000,4,0,0.0000,0.0000,0,0,多换,B,7256.0000,0.0000,0.0000,0.0000,0.0000,7378.0000,0.0000,0.0000,0.0000,0.0000,1,0,0,0,0,1,0,0,0,0
zc,TA304,2012-06-05 13:36:42.477,0.0000,4,0,0.0000,0.0000,0,0,多换,B,7258.0000,0.0000,0.0000,0.0000,0.0000,7378.0000,0.0000,0.0000,0.0000,0.0000,1,0,0,0,0,1,0,0,0,0
zc,TA304,2012-06-05 13:37:35.193,0.0000,4,0,0.0000,0.0000,0,0,多换,B,7260.0000,0.0000,0.0000,0.0000,0.0000,7378.0000,0.0000,0.0000,0.0000,0.0000,2,0,0,0,0,1,0,0,0,0
zc,TA304,2012-06-05 13:38:46.227,0.0000,4,0,0.0000,0.0000,0,0,多换,B,7262.0000,0.0000,0.0000,0.0000,0.0000,7378.0000,0.0000,0.0000,0.0000,0.0000,1,0,0,0,0,1,0,0,0,0
zc,TA304,2012-06-05 13:38:51.990,0.0000,4,0,0.0000,0.0000,0,0,多换,B,7260.0000,0.0000,0.0000,0.0000,0.0000,7378.0000,0.0000,0.0000,0.0000,0.0000,2,0,0,0,0,1,0,0,0,0
zc,TA304,2012-06-05 13:39:49.460,0.0000,4,0,0.0000,0.0000,0,0,多换,B,7262.0000,0.0000,0.0000,0.0000,0.0000,7378.0000,0.0000,0.0000,0.0000,0.0000,1,0,0,0,0,1,0,0,0,0
zc,TA304,2012-06-05 13:39:58.273,0.0000,4,0,0.0000,0.0000,0,0,多换,B,7266.0000,0.0000,0.0000,0.0000,0.0000,7378.0000,0.0000,0.0000,0.0000,0.0000,1,0,0,0,0,1,0,0,0,0
zc,TA304,2012-06-05 13:39:59.507,0.0000,4,0,0.0000,0.0000,0,0,多换,B,7262.0000,0.0000,0.0000,0.0000,0.0000,7378.0000,0.0000,0.0000,0.0000,0.0000,1,0,0,0,0,1,0,0,0,0
zc,TA304,2012-06-05 13:40:25.443,0.0000,4,0,0.0000,0.0000,0,0,多换,B,7262.0000,0.0000,0.0000,0.0000,0.0000,7378.0000,0.0000,0.0000,0.0000,0.0000,1,0,0,0,0,1,0,0,0,0
zc,TA304,2012-06-05 13:40:41.990,0.0000,4,0,0.0000,0.0000,0,0,多换,B,7266.0000,0.0000,0.0000,0.0000,0.0000,7378.0000,0.0000,0.0000,0.0000,0.0000,2,0,0,0,0,1,0,0,0,0
zc,TA304,2012-06-05 13:41:33.273,0.0000,4,0,0.0000,0.0000,0,0,多换,B,7272.0000,0.0000,0.0000,0.0000,0.0000,7378.0000,0.0000,0.0000,0.0000,0.0000,2,0,0,0,0,1,0,0,0,0
zc,TA304,2012-06-05 13:41:36.273,0.0000,4,0,0.0000,0.0000,0,0,多换,B,7266.0000,0.0000,0.0000,0.0000,0.0000,7378.0000,0.0000,0.0000,0.0000,0.0000,2,0,0,0,0,1,0,0,0,0
zc,TA304,2012-06-05 13:49:33.193,0.0000,4,0,0.0000,0.0000,0,0,多换,B,7274.0000,0.0000,0.0000,0.0000,0.0000,7400.0000,0.0000,0.0000,0.0000,0.0000,1,0,0,0,0,1,0,0,0,0
zc,TA304,2012-06-05 13:50:04.680,0.0000,4,0,0.0000,0.0000,0,0,多换,B,7274.0000,0.0000,0.0000,0.0000,0.0000,7406.0000,0.0000,0.0000,0.0000,0.0000,1,0,0,0,0,1,0,0,0,0
zc,TA304,2012-06-05 13:50:05.680,0.0000,4,0,0.0000,0.0000,0,0,多换,B,7274.0000,0.0000,0.0000,0.0000,0.0000,7404.0000,0.0000,0.0000,0.0000,0.0000,1,0,0,0,0,6,0,0,0,0
zc,TA304,2012-06-05 13:50:17.430,0.0000,4,0,0.0000,0.0000,0,0,多换,B,7266.0000,0.0000,0.0000,0.0000,0.0000,7404.0000,0.0000,0.0000,0.0000,0.0000,2,0,0,0,0,6,0,0,0,0
zc,TA304,2012-06-05 13:50:19.740,0.0000,4,0,0.0000,0.0000,0,0,多换,B,7266.0000,0.0000,0.0000,0.0000,0.0000,7396.0000,0.0000,0.0000,0.0000,0.0000,2,0,0,0,0,1,0,0,0,0
zc,TA304,2012-06-05 13:50:32.490,0.0000,4,0,0.0000,0.0000,0,0,多换,B,7268.0000,0.0000,0.0000,0.0000,0.0000,7396.0000,0.0000,0.0000,0.0000,0.0000,1,0,0,0,0,1,0,0,0,0
zc,TA304,2012-06-05 13:50:38.273,0.0000,4,0,0.0000,0.0000,0,0,多换,B,7268.0000,0.0000,0.0000,0.0000,0.0000,7406.0000,0.0000,0.0000,0.0000,0.0000,1,0,0,0,0,1,0,0,0,0
zc,TA304,2012-06-05 13:50:38.727,0.0000,4,0,0.0000,0.0000,0,0,多换,B,7268.0000,0.0000,0.0000,0.0000,0.0000,7392.0000,0.0000,0.0000,0.0000,0.0000,1,0,0,0,0,1,0,0,0,0
zc,TA304,2012-06-05 13:51:07.227,0.0000,4,0,0.0000,0.0000,0,0,多换,B,7268.0000,0.0000,0.0000,0.0000,0.0000,7406.0000,0.0000,0.0000,0.0000,0.0000,1,0,0,0,0,1,0,0,0,0
zc,TA304,2012-06-05 13:51:08.477,0.0000,4,0,0.0000,0.0000,0,0,多换,B,7268.0000,0.0000,0.0000,0.0000,0.0000,7404.0000,0.0000,0.0000,0.0000,0.0000,1,0,0,0,0,6,0,0,0,0
zc,TA304,2012-06-05 13:51:09.430,0.0000,4,0,0.0000,0.0000,0,0,多换,B,7268.0000,0.0000,0.0000,0.0000,0.0000,7388.0000,0.0000,0.0000,0.0000,0.0000,1,0,0,0,0,1,0,0,0,0
zc,TA304,2012-06-05 13:51:25.693,0.0000,4,0,0.0000,0.0000,0,0,多换,B,7194.0000,0.0000,0.0000,0.0000,0.0000,7388.0000,0.0000,0.0000,0.0000,0.0000,1,0,0,0,0,1,0,0,0,0
zc,TA304,2012-06-05 13:51:26.943,0.0000,4,0,0.0000,0.0000,0,0,多换,B,7200.0000,0.0000,0.0000,0.0000,0.0000,7388.0000,0.0000,0.0000,0.0000,0.0000,6,0,0,0,0,1,0,0,0,0
zc,TA304,2012-06-05 13:52:36.443,0.0000,4,0,0.0000,0.0000,0,0,多换,B,7266.0000,0.0000,0.0000,0.0000,0.0000,7388.0000,0.0000,0.0000,0.0000,0.0000,1,0,0,0,0,1,0,0,0,0
zc,TA304,2012-06-05 13:52:52.727,0.0000,4,0,0.0000,0.0000,0,0,多换,B,7180.0000,0.0000,0.0000,0.0000,0.0000,7388.0000,0.0000,0.0000,0.0000,0.0000,1,0,0,0,0,1,0,0,0,0
zc,TA304,2012-06-05 13:52:54.007,0.0000,4,0,0.0000,0.0000,0,0,多换,B,7186.0000,0.0000,0.0000,0.0000,0.0000,7406.0000,0.0000,0.0000,0.0000,0.0000,6,0,0,0,0,1,0,0,0,0
zc,TA304,2012-06-05 13:52:55.193,0.0000,4,0,0.0000,0.0000,0,0,多换,B,7186.0000,0.0000,0.0000,0.0000,0.0000,7400.0000,0.0000,0.0000,0.0000,0.0000,6,0,0,0,0,6,0,0,0,0
zc,TA304,2012-06-05 13:52:57.477,0.0000,4,0,0.0000,0.0000,0,0,多换,B,7186.0000,0.0000,0.0000,0.0000,0.0000,7384.0000,0.0000,0.0000,0.0000,0.0000,6,0,0,0,0,1,0,0,0,0
zc,TA304,2012-06-05 13:53:15.037,0.0000,4,0,0.0000,0.0000,0,0,多换,B,7186.0000,0.0000,0.0000,0.0000,0.0000,7406.0000,0.0000,0.0000,0.0000,0.0000,6,0,0,0,0,1,0,0,0,0
zc,TA304,2012-06-05 13:53:16.490,0.0000,4,0,0.0000,0.0000,0,0,多换,B,7186.0000,0.0000,0.0000,0.0000,0.0000,7400.0000,0.0000,0.0000,0.0000,0.0000,6,0,0,0,0,6,0,0,0,0
zc,TA304,2012-06-05 13:53:17.693,0.0000,4,0,0.0000,0.0000,0,0,多换,B,7186.0000,0.0000,0.0000,0.0000,0.0000,7382.0000,0.0000,0.0000,0.0000,0.0000,6,0,0,0,0,1,0,0,0,0
zc,TA304,2012-06-05 13:54:05.663,0.0000,4,0,0.0000,0.0000,0,0,多换,B,7258.0000,0.0000,0.0000,0.0000,0.0000,7382.0000,0.0000,0.0000,0.0000,0.0000,1,0,0,0,0,1,0,0,0,0
zc,TA304,2012-06-05 13:54:55.943,0.0000,4,0,0.0000,0.0000,0,0,多换,B,7260.0000,0.0000,0.0000,0.0000,0.0000,7382.0000,0.0000,0.0000,0.0000,0.0000,1,0,0,0,0,1,0,0,0,0
zc,TA304,2012-06-05 13:56:09.913,0.0000,4,0,0.0000,0.0000,0,0,多换,B,7260.0000,0.0000,0.0000,0.0000,0.0000,7406.0000,0.0000,0.0000,0.0000,0.0000,1,0,0,0,0,1,0,0,0,0
zc,TA304,2012-06-05 13:56:10.460,0.0000,4,0,0.0000,0.0000,0,0,多换,B,7260.0000,0.0000,0.0000,0.0000,0.0000,7400.0000,0.0000,0.0000,0.0000,0.0000,1,0,0,0,0,6,0,0,0,0
zc,TA304,2012-06-05 13:56:11.693,0.0000,4,0,0.0000,0.0000,0,0,多换,B,7260.0000,0.0000,0.0000,0.0000,0.0000,7382.0000,0.0000,0.0000,0.0000,0.0000,1,0,0,0,0,1,0,0,0,0
zc,TA304,2012-06-05 13:56:36.193,0.0000,4,0,0.0000,0.0000,0,0,多换,B,7260.0000,0.0000,0.0000,0.0000,0.0000,7406.0000,0.0000,0.0000,0.0000,0.0000,1,0,0,0,0,1,0,0,0,0
zc,TA304,2012-06-05 13:56:37.210,0.0000,4,0,0.0000,0.0000,0,0,多换,B,7260.0000,0.0000,0.0000,0.0000,0.0000,7382.0000,0.0000,0.0000,0.0000,0.0000,1,0,0,0,0,1,0,0,0,0
zc,TA304,2012-06-05 13:56:43.477,0.0000,4,0,0.0000,0.0000,0,0,多换,B,7260.0000,0.0000,0.0000,0.0000,0.0000,7406.0000,0.0000,0.0000,0.0000,0.0000,1,0,0,0,0,1,0,0,0,0
zc,TA304,2012-06-05 13:56:43.710,0.0000,4,0,0.0000,0.0000,0,0,多换,B,7260.0000,0.0000,0.0000,0.0000,0.0000,7378.0000,0.0000,0.0000,0.0000,0.0000,1,0,0,0,0,1,0,0,0,0
zc,TA304,2012-06-05 13:58:24.693,0.0000,4,0,0.0000,0.0000,0,0,多换,B,7260.0000,0.0000,0.0000,0.0000,0.0000,7406.0000,0.0000,0.0000,0.0000,0.0000,1,0,0,0,0,1,0,0,0,0
zc,TA304,2012-06-05 13:58:25.460,0.0000,4,0,0.0000,0.0000,0,0,多换,B,7260.0000,0.0000,0.0000,0.0000,0.0000,7394.0000,0.0000,0.0000,0.0000,0.0000,1,0,0,0,0,1,0,0,0,0
zc,TA304,2012-06-05 13:59:21.680,0.0000,4,0,0.0000,0.0000,0,0,多换,B,7260.0000,0.0000,0.0000,0.0000,0.0000,7406.0000,0.0000,0.0000,0.0000,0.0000,1,0,0,0,0,1,0,0,0,0
zc,TA304,2012-06-05 13:59:23.680,0.0000,4,0,0.0000,0.0000,0,0,多换,B,7260.0000,0.0000,0.0000,0.0000,0.0000,7390.0000,0.0000,0.0000,0.0000,0.0000,1,0,0,0,0,1,0,0,0,0
zc,TA304,2012-06-05 14:01:54.913,0.0000,4,0,0.0000,0.0000,0,0,多换,B,7260.0000,0.0000,0.0000,0.0000,0.0000,7406.0000,0.0000,0.0000,0.0000,0.0000,1,0,0,0,0,1,0,0,0,0
zc,TA304,2012-06-05 14:01:55.663,0.0000,4,0,0.0000,0.0000,0,0,多换,B,7260.0000,0.0000,0.0000,0.0000,0.0000,7400.0000,0.0000,0.0000,0.0000,0.0000,1,0,0,0,0,6,0,0,0,0
zc,TA304,2012-06-05 14:02:04.023,0.0000,4,0,0.0000,0.0000,0,0,多换,B,7260.0000,0.0000,0.0000,0.0000,0.0000,7386.0000,0.0000,0.0000,0.0000,0.0000,1,0,0,0,0,1,0,0,0,0
zc,TA304,2012-06-05 14:02:46.430,0.0000,4,0,0.0000,0.0000,0,0,多换,B,7260.0000,0.0000,0.0000,0.0000,0.0000,7406.0000,0.0000,0.0000,0.0000,0.0000,1,0,0,0,0,1,0,0,0,0
zc,TA304,2012-06-05 14:02:48.210,0.0000,4,0,0.0000,0.0000,0,0,多换,B,7260.0000,0.0000,0.0000,0.0000,0.0000,7400.0000,0.0000,0.0000,0.0000,0.0000,1,0,0,0,0,6,0,0,0,0
zc,TA304,2012-06-05 14:02:51.460,0.0000,4,0,0.0000,0.0000,0,0,多换,B,7260.0000,0.0000,0.0000,0.0000,0.0000,7382.0000,0.0000,0.0000,0.0000,0.0000,1,0,0,0,0,1,0,0,0,0
zc,TA304,2012-06-05 14:04:58.413,0.0000,4,0,0.0000,0.0000,0,0,多换,B,7260.0000,0.0000,0.0000,0.0000,0.0000,7380.0000,0.0000,0.0000,0.0000,0.0000,1,0,0,0,0,1,0,0,0,0
zc,TA304,2012-06-05 14:04:59.710,0.0000,4,0,0.0000,0.0000,0,0,多换,B,7260.0000,0.0000,0.0000,0.0000,0.0000,7378.0000,0.0000,0.0000,0.0000,0.0000,1,0,0,0,0,1,0,0,0,0
zc,TA304,2012-06-05 14:10:28.430,0.0000,4,0,0.0000,0.0000,0,0,多换,B,7260.0000,0.0000,0.0000,0.0000,0.0000,7376.0000,0.0000,0.0000,0.0000,0.0000,1,0,0,0,0,1,0,0,0,0
zc,TA304,2012-06-05 14:11:25.413,0.0000,4,0,0.0000,0.0000,0,0,多换,B,7260.0000,0.0000,0.0000,0.0000,0.0000,7376.0000,0.0000,0.0000,0.0000,0.0000,1,0,0,0,0,1,0,0,0,0
zc,TA304,2012-06-05 14:12:26.180,0.0000,4,0,0.0000,0.0000,0,0,多换,B,7266.0000,0.0000,0.0000,0.0000,0.0000,7376.0000,0.0000,0.0000,0.0000,0.0000,1,0,0,0,0,1,0,0,0,0
zc,TA304,2012-06-05 14:12:35.163,0.0000,4,0,0.0000,0.0000,0,0,多换,B,7260.0000,0.0000,0.0000,0.0000,0.0000,7376.0000,0.0000,0.0000,0.0000,0.0000,1,0,0,0,0,1,0,0,0,0
zc,TA304,2012-06-05 14:13:42.913,0.0000,4,0,0.0000,0.0000,0,0,多换,B,7260.0000,0.0000,0.0000,0.0000,0.0000,7378.0000,0.0000,0.0000,0.0000,0.0000,1,0,0,0,0,1,0,0,0,0
zc,TA304,2012-06-05 14:13:47.460,0.0000,4,0,0.0000,0.0000,0,0,多换,B,7260.0000,0.0000,0.0000,0.0000,0.0000,7372.0000,0.0000,0.0000,0.0000,0.0000,1,0,0,0,0,1,0,0,0,0
zc,TA304,2012-06-05 14:18:25.383,0.0000,4,0,0.0000,0.0000,0,0,多换,B,7260.0000,0.0000,0.0000,0.0000,0.0000,7372.0000,0.0000,0.0000,0.0000,0.0000,1,0,0,0,0,1,0,0,0,0
zc,TA304,2012-06-05 14:18:37.663,0.0000,4,0,0.0000,0.0000,0,0,多换,B,7170.0000,0.0000,0.0000,0.0000,0.0000,7372.0000,0.0000,0.0000,0.0000,0.0000,1,0,0,0,0,1,0,0,0,0
zc,TA304,2012-06-05 14:18:38.397,0.0000,4,0,0.0000,0.0000,0,0,多换,B,7180.0000,0.0000,0.0000,0.0000,0.0000,7372.0000,0.0000,0.0000,0.0000,0.0000,6,0,0,0,0,1,0,0,0,0
zc,TA304,2012-06-05 14:19:15.413,0.0000,4,0,0.0000,0.0000,0,0,多换,B,7180.0000,0.0000,0.0000,0.0000,0.0000,7372.0000,0.0000,0.0000,0.0000,0.0000,6,0,0,0,0,2,0,0,0,0
zc,TA304,2012-06-05 14:19:39.180,0.0000,4,0,0.0000,0.0000,0,0,多换,B,7180.0000,0.0000,0.0000,0.0000,0.0000,7372.0000,0.0000,0.0000,0.0000,0.0000,6,0,0,0,0,1,0,0,0,0
zc,TA304,2012-06-05 14:19:40.460,0.0000,4,0,0.0000,0.0000,0,0,多换,B,7180.0000,0.0000,0.0000,0.0000,0.0000,7368.0000,0.0000,0.0000,0.0000,0.0000,6,0,0,0,0,1,0,0,0,0
zc,TA304,2012-06-05 14:19:58.163,0.0000,4,0,0.0000,0.0000,0,0,多换,B,7180.0000,0.0000,0.0000,0.0000,0.0000,7372.0000,0.0000,0.0000,0.0000,0.0000,6,0,0,0,0,1,0,0,0,0
zc,TA304,2012-06-05 14:20:00.193,0.0000,4,0,0.0000,0.0000,0,0,多换,B,7180.0000,0.0000,0.0000,0.0000,0.0000,7366.0000,0.0000,0.0000,0.0000,0.0000,6,0,0,0,0,1,0,0,0,0
zc,TA304,2012-06-05 14:20:45.633,0.0000,4,0,0.0000,0.0000,0,0,多换,B,7180.0000,0.0000,0.0000,0.0000,0.0000,7364.0000,0.0000,0.0000,0.0000,0.0000,6,0,0,0,0,1,0,0,0,0
zc,TA304,2012-06-05 14:20:53.960,0.0000,4,0,0.0000,0.0000,0,0,多换,B,7180.0000,0.0000,0.0000,0.0000,0.0000,7368.0000,0.0000,0.0000,0.0000,0.0000,6,0,0,0,0,1,0,0,0,0
zc,TA304,2012-06-05 14:20:55.680,0.0000,4,0,0.0000,0.0000,0,0,多换,B,7180.0000,0.0000,0.0000,0.0000,0.0000,7366.0000,0.0000,0.0000,0.0000,0.0000,6,0,0,0,0,1,0,0,0,0
zc,TA304,2012-06-05 14:20:59.460,0.0000,4,0,0.0000,0.0000,0,0,多换,B,7180.0000,0.0000,0.0000,0.0000,0.0000,7364.0000,0.0000,0.0000,0.0000,0.0000,6,0,0,0,0,1,0,0,0,0
zc,TA304,2012-06-05 14:21:08.193,0.0000,4,0,0.0000,0.0000,0,0,多换,B,7180.0000,0.0000,0.0000,0.0000,0.0000,7362.0000,0.0000,0.0000,0.0000,0.0000,6,0,0,0,0,1,0,0,0,0
zc,TA304,2012-06-05 14:21:25.367,0.0000,4,0,0.0000,0.0000,0,0,多换,B,7180.0000,0.0000,0.0000,0.0000,0.0000,7362.0000,0.0000,0.0000,0.0000,0.0000,6,0,0,0,0,1,0,0,0,0
zc,TA304,2012-06-05 14:21:31.443,0.0000,4,0,0.0000,0.0000,0,0,多换,B,7180.0000,0.0000,0.0000,0.0000,0.0000,7360.0000,0.0000,0.0000,0.0000,0.0000,6,0,0,0,0,1,0,0,0,0
zc,TA304,2012-06-05 14:22:21.147,0.0000,4,0,0.0000,0.0000,0,0,多换,B,7240.0000,0.0000,0.0000,0.0000,0.0000,7360.0000,0.0000,0.0000,0.0000,0.0000,1,0,0,0,0,1,0,0,0,0
zc,TA304,2012-06-05 14:22:56.383,0.0000,4,0,0.0000,0.0000,0,0,多换,B,7244.0000,0.0000,0.0000,0.0000,0.0000,7360.0000,0.0000,0.0000,0.0000,0.0000,1,0,0,0,0,1,0,0,0,0
zc,TA304,2012-06-05 14:23:48.383,0.0000,4,0,0.0000,0.0000,0,0,多换,B,7244.0000,0.0000,0.0000,0.0000,0.0000,7358.0000,0.0000,0.0000,0.0000,0.0000,1,0,0,0,0,1,0,0,0,0
zc,TA304,2012-06-05 14:23:53.430,0.0000,4,0,0.0000,0.0000,0,0,多换,B,7244.0000,0.0000,0.0000,0.0000,0.0000,7356.0000,0.0000,0.0000,0.0000,0.0000,1,0,0,0,0,1,0,0,0,0
zc,TA304,2012-06-05 14:24:42.193,0.0000,4,0,0.0000,0.0000,0,0,多换,B,7240.0000,0.0000,0.0000,0.0000,0.0000,7356.0000,0.0000,0.0000,0.0000,0.0000,1,0,0,0,0,1,0,0,0,0
zc,TA304,2012-06-05 14:25:00.663,0.0000,4,0,0.0000,0.0000,0,0,多换,B,7162.0000,0.0000,0.0000,0.0000,0.0000,7356.0000,0.0000,0.0000,0.0000,0.0000,1,0,0,0,0,1,0,0,0,0
zc,TA304,2012-06-05 14:25:00.867,0.0000,4,0,0.0000,0.0000,0,0,多换,B,7168.0000,0.0000,0.0000,0.0000,0.0000,7356.0000,0.0000,0.0000,0.0000,0.0000,6,0,0,0,0,1,0,0,0,0
zc,TA304,2012-06-05 14:25:32.397,0.0000,4,0,0.0000,0.0000,0,0,多换,B,7168.0000,0.0000,0.0000,0.0000,0.0000,7352.0000,0.0000,0.0000,0.0000,0.0000,6,0,0,0,0,1,0,0,0,0
zc,TA304,2012-06-05 14:25:43.633,0.0000,4,0,0.0000,0.0000,0,0,多换,B,7238.0000,0.0000,0.0000,0.0000,0.0000,7352.0000,0.0000,0.0000,0.0000,0.0000,1,0,0,0,0,1,0,0,0,0
zc,TA304,2012-06-05 14:26:10.180,0.0000,4,0,0.0000,0.0000,0,0,多换,B,7240.0000,0.0000,0.0000,0.0000,0.0000,7352.0000,0.0000,0.0000,0.0000,0.0000,1,0,0,0,0,1,0,0,0,0
zc,TA304,2012-06-05 14:27:25.367,0.0000,4,0,0.0000,0.0000,0,0,多换,B,7044.0000,0.0000,0.0000,0.0000,0.0000,7352.0000,0.0000,0.0000,0.0000,0.0000,1,0,0,0,0,1,0,0,0,0
zc,TA304,2012-06-05 14:27:25.647,0.0000,4,0,0.0000,0.0000,0,0,多换,B,7148.0000,0.0000,0.0000,0.0000,0.0000,7352.0000,0.0000,0.0000,0.0000,0.0000,1,0,0,0,0,1,0,0,0,0
zc,TA304,2012-06-05 14:27:26.647,0.0000,4,0,0.0000,0.0000,0,0,多换,B,7158.0000,0.0000,0.0000,0.0000,0.0000,7352.0000,0.0000,0.0000,0.0000,0.0000,6,0,0,0,0,1,0,0,0,0
zc,TA304,2012-06-05 14:27:42.413,0.0000,4,0,0.0000,0.0000,0,0,多换,B,7158.0000,0.0000,0.0000,0.0000,0.0000,7346.0000,0.0000,0.0000,0.0000,0.0000,6,0,0,0,0,1,0,0,0,0
zc,TA304,2012-06-05 14:27:50.930,0.0000,4,0,0.0000,0.0000,0,0,多换,B,7158.0000,0.0000,0.0000,0.0000,0.0000,7352.0000,0.0000,0.0000,0.0000,0.0000,6,0,0,0,0,1,0,0,0,0
zc,TA304,2012-06-05 14:28:03.600,0.0000,4,0,0.0000,0.0000,0,0,多换,B,7236.0000,0.0000,0.0000,0.0000,0.0000,7352.0000,0.0000,0.0000,0.0000,0.0000,1,0,0,0,0,1,0,0,0,0
zc,TA304,2012-06-05 14:28:10.930,0.0000,4,0,0.0000,0.0000,0,0,多换,B,7152.0000,0.0000,0.0000,0.0000,0.0000,7352.0000,0.0000,0.0000,0.0000,0.0000,1,0,0,0,0,1,0,0,0,0
zc,TA304,2012-06-05 14:28:12.647,0.0000,4,0,0.0000,0.0000,0,0,多换,B,7162.0000,0.0000,0.0000,0.0000,0.0000,7352.0000,0.0000,0.0000,0.0000,0.0000,6,0,0,0,0,1,0,0,0,0
zc,TA304,2012-06-05 14:28:44.397,0.0000,4,0,0.0000,0.0000,0,0,多换,B,7234.0000,0.0000,0.0000,0.0000,0.0000,7352.0000,0.0000,0.0000,0.0000,0.0000,1,0,0,0,0,1,0,0,0,0
zc,TA304,2012-06-05 14:29:00.897,0.0000,4,0,0.0000,0.0000,0,0,多换,B,7152.0000,0.0000,0.0000,0.0000,0.0000,7352.0000,0.0000,0.0000,0.0000,0.0000,1,0,0,0,0,1,0,0,0,0
zc,TA304,2012-06-05 14:29:03.633,0.0000,4,0,0.0000,0.0000,0,0,多换,B,7162.0000,0.0000,0.0000,0.0000,0.0000,7352.0000,0.0000,0.0000,0.0000,0.0000,6,0,0,0,0,1,0,0,0,0
zc,TA304,2012-06-05 14:31:47.133,0.0000,4,0,0.0000,0.0000,0,0,多换,B,7244.0000,0.0000,0.0000,0.0000,0.0000,7352.0000,0.0000,0.0000,0.0000,0.0000,2,0,0,0,0,1,0,0,0,0
zc,TA304,2012-06-05 14:32:17.350,0.0000,4,0,0.0000,0.0000,0,0,多换,B,7250.0000,0.0000,0.0000,0.0000,0.0000,7352.0000,0.0000,0.0000,0.0000,0.0000,2,0,0,0,0,1,0,0,0,0
zc,TA304,2012-06-05 14:33:18.897,0.0000,4,0,0.0000,0.0000,0,0,多换,B,7250.0000,0.0000,0.0000,0.0000,0.0000,7352.0000,0.0000,0.0000,0.0000,0.0000,1,0,0,0,0,1,0,0,0,0
zc,TA304,2012-06-05 14:33:21.133,0.0000,4,0,0.0000,0.0000,0,0,多换,B,7158.0000,0.0000,0.0000,0.0000,0.0000,7352.0000,0.0000,0.0000,0.0000,0.0000,1,0,0,0,0,1,0,0,0,0
zc,TA304,2012-06-05 14:33:22.193,0.0000,4,0,0.0000,0.0000,0,0,多换,B,7164.0000,0.0000,0.0000,0.0000,0.0000,7352.0000,0.0000,0.0000,0.0000,0.0000,6,0,0,0,0,1,0,0,0,0
zc,TA304,2012-06-05 14:33:26.180,0.0000,4,0,0.0000,0.0000,0,0,多换,B,7164.0000,0.0000,0.0000,0.0000,0.0000,7348.0000,0.0000,0.0000,0.0000,0.0000,6,0,0,0,0,1,0,0,0,0
zc,TA304,2012-06-05 14:33:49.633,0.0000,4,0,0.0000,0.0000,0,0,多换,B,7234.0000,0.0000,0.0000,0.0000,0.0000,7348.0000,0.0000,0.0000,0.0000,0.0000,2,0,0,0,0,1,0,0,0,0
zc,TA304,2012-06-05 14:33:58.647,0.0000,4,0,0.0000,0.0000,0,0,多换,B,7146.0000,0.0000,0.0000,0.0000,0.0000,7348.0000,0.0000,0.0000,0.0000,0.0000,1,0,0,0,0,1,0,0,0,0
zc,TA304,2012-06-05 14:33:59.147,0.0000,4,0,0.0000,0.0000,0,0,多换,B,7156.0000,0.0000,0.0000,0.0000,0.0000,7348.0000,0.0000,0.0000,0.0000,0.0000,6,0,0,0,0,1,0,0,0,0
zc,TA304,2012-06-05 14:34:26.430,0.0000,4,0,0.0000,0.0000,0,0,多换,B,7156.0000,0.0000,0.0000,0.0000,0.0000,7348.0000,0.0000,0.0000,0.0000,0.0000,6,0,0,0,0,2,0,0,0,0
zc,TA304,2012-06-05 14:34:35.180,0.0000,4,0,0.0000,0.0000,0,0,多换,B,7156.0000,0.0000,0.0000,0.0000,0.0000,7334.0000,0.0000,0.0000,0.0000,0.0000,6,0,0,0,0,1,0,0,0,0
zc,TA304,2012-06-05 14:34:38.430,0.0000,4,0,0.0000,0.0000,0,0,多换,B,7156.0000,0.0000,0.0000,0.0000,0.0000,7324.0000,0.0000,0.0000,0.0000,0.0000,6,0,0,0,0,1,0,0,0,0
zc,TA304,2012-06-05 14:34:39.460,0.0000,4,0,0.0000,0.0000,0,0,多换,B,7226.0000,0.0000,0.0000,0.0000,0.0000,7334.0000,0.0000,0.0000,0.0000,0.0000,2,0,0,0,0,1,0,0,0,0
zc,TA304,2012-06-05 14:34:40.693,0.0000,4,0,0.0000,0.0000,0,0,多换,B,7156.0000,0.0000,0.0000,0.0000,0.0000,7334.0000,0.0000,0.0000,0.0000,0.0000,6,0,0,0,0,1,0,0,0,0
zc,TA304,2012-06-05 14:34:40.930,0.0000,4,0,0.0000,0.0000,0,0,多换,B,7146.0000,0.0000,0.0000,0.0000,0.0000,7334.0000,0.0000,0.0000,0.0000,0.0000,1,0,0,0,0,1,0,0,0,0
zc,TA304,2012-06-05 14:34:41.680,0.0000,4,0,0.0000,0.0000,0,0,多换,B,7152.0000,0.0000,0.0000,0.0000,0.0000,7334.0000,0.0000,0.0000,0.0000,0.0000,6,0,0,0,0,1,0,0,0,0
zc,TA304,2012-06-05 14:34:57.367,0.0000,4,0,0.0000,0.0000,0,0,多换,B,7152.0000,0.0000,0.0000,0.0000,0.0000,7330.0000,0.0000,0.0000,0.0000,0.0000,6,0,0,0,0,1,0,0,0,0
zc,TA304,2012-06-05 14:35:01.383,0.0000,4,0,0.0000,0.0000,0,0,多换,B,7152.0000,0.0000,0.0000,0.0000,0.0000,7362.0000,0.0000,0.0000,0.0000,0.0000,6,0,0,0,0,1,0,0,0,0
zc,TA304,2012-06-05 14:35:09.930,0.0000,4,0,0.0000,0.0000,0,0,多换,B,7152.0000,0.0000,0.0000,0.0000,0.0000,7342.0000,0.0000,0.0000,0.0000,0.0000,6,0,0,0,0,1,0,0,0,0
zc,TA304,2012-06-05 14:36:06.913,0.0000,4,0,0.0000,0.0000,0,0,多换,B,7152.0000,0.0000,0.0000,0.0000,0.0000,7332.0000,0.0000,0.0000,0.0000,0.0000,6,0,0,0,0,1,0,0,0,0
zc,TA304,2012-06-05 14:36:25.383,0.0000,4,0,0.0000,0.0000,0,0,多换,B,7152.0000,0.0000,0.0000,0.0000,0.0000,7332.0000,0.0000,0.0000,0.0000,0.0000,6,0,0,0,0,1,0,0,0,0
zc,TA304,2012-06-05 14:36:49.740,0.0000,4,0,0.0000,0.0000,0,0,多换,B,7152.0000,0.0000,0.0000,0.0000,0.0000,7320.0000,0.0000,0.0000,0.0000,0.0000,6,0,0,0,0,1,0,0,0,0
zc,TA304,2012-06-05 14:37:00.367,0.0000,4,0,0.0000,0.0000,0,0,多换,B,7218.0000,0.0000,0.0000,0.0000,0.0000,7320.0000,0.0000,0.0000,0.0000,0.0000,2,0,0,0,0,1,0,0,0,0
zc,TA304,2012-06-05 14:37:01.617,0.0000,4,0,0.0000,0.0000,0,0,多换,B,7134.0000,0.0000,0.0000,0.0000,0.0000,7320.0000,0.0000,0.0000,0.0000,0.0000,1,0,0,0,0,1,0,0,0,0
zc,TA304,2012-06-05 14:37:03.147,0.0000,4,0,0.0000,0.0000,0,0,多换,B,7144.0000,0.0000,0.0000,0.0000,0.0000,7320.0000,0.0000,0.0000,0.0000,0.0000,6,0,0,0,0,1,0,0,0,0
zc,TA304,2012-06-05 14:37:03.913,0.0000,4,0,0.0000,0.0000,0,0,多换,B,7144.0000,0.0000,0.0000,0.0000,0.0000,7326.0000,0.0000,0.0000,0.0000,0.0000,6,0,0,0,0,1,0,0,0,0
zc,TA304,2012-06-05 14:37:14.647,0.0000,4,0,0.0000,0.0000,0,0,多换,B,7144.0000,0.0000,0.0000,0.0000,0.0000,7334.0000,0.0000,0.0000,0.0000,0.0000,6,0,0,0,0,1,0,0,0,0
zc,TA304,2012-06-05 14:37:19.913,0.0000,4,0,0.0000,0.0000,0,0,多换,B,7144.0000,0.0000,0.0000,0.0000,0.0000,7324.0000,0.0000,0.0000,0.0000,0.0000,6,0,0,0,0,1,0,0,0,0
zc,TA304,2012-06-05 14:37:30.147,0.0000,4,0,0.0000,0.0000,0,0,多换,B,7144.0000,0.0000,0.0000,0.0000,0.0000,7324.0000,0.0000,0.0000,0.0000,0.0000,6,0,0,0,0,1,0,0,0,0
zc,TA304,2012-06-05 14:37:35.397,0.0000,4,0,0.0000,0.0000,0,0,多换,B,7212.0000,0.0000,0.0000,0.0000,0.0000,7324.0000,0.0000,0.0000,0.0000,0.0000,1,0,0,0,0,1,0,0,0,0
zc,TA304,2012-06-05 14:37:47.617,0.0000,4,0,0.0000,0.0000,0,0,多换,B,7212.0000,0.0000,0.0000,0.0000,0.0000,7334.0000,0.0000,0.0000,0.0000,0.0000,1,0,0,0,0,1,0,0,0,0
zc,TA304,2012-06-05 14:37:52.397,0.0000,4,0,0.0000,0.0000,0,0,多换,B,7212.0000,0.0000,0.0000,0.0000,0.0000,7322.0000,0.0000,0.0000,0.0000,0.0000,1,0,0,0,0,1,0,0,0,0
zc,TA304,2012-06-05 14:38:23.147,0.0000,4,0,0.0000,0.0000,0,0,多换,B,7212.0000,0.0000,0.0000,0.0000,0.0000,7322.0000,0.0000,0.0000,0.0000,0.0000,2,0,0,0,0,1,0,0,0,0
zc,TA304,2012-06-05 14:39:00.680,0.0000,4,0,0.0000,0.0000,0,0,多换,B,7212.0000,0.0000,0.0000,0.0000,0.0000,7334.0000,0.0000,0.0000,0.0000,0.0000,2,0,0,0,0,1,0,0,0,0
zc,TA304,2012-06-05 14:39:05.647,0.0000,4,0,0.0000,0.0000,0,0,多换,B,7212.0000,0.0000,0.0000,0.0000,0.0000,7330.0000,0.0000,0.0000,0.0000,0.0000,2,0,0,0,0,1,0,0,0,0
zc,TA304,2012-06-05 14:39:25.383,0.0000,4,0,0.0000,0.0000,0,0,多换,B,7214.0000,0.0000,0.0000,0.0000,0.0000,7330.0000,0.0000,0.0000,0.0000,0.0000,1,0,0,0,0,1,0,0,0,0
zc,TA304,2012-06-05 14:39:38.633,0.0000,4,0,0.0000,0.0000,0,0,多换,B,7212.0000,0.0000,0.0000,0.0000,0.0000,7330.0000,0.0000,0.0000,0.0000,0.0000,2,0,0,0,0,1,0,0,0,0
zc,TA304,2012-06-05 14:39:39.180,0.0000,4,0,0.0000,0.0000,0,0,多换,B,7216.0000,0.0000,0.0000,0.0000,0.0000,7330.0000,0.0000,0.0000,0.0000,0.0000,1,0,0,0,0,1,0,0,0,0
zc,TA304,2012-06-05 14:42:53.227,0.0000,4,0,0.0000,0.0000,0,0,多换,B,7216.0000,0.0000,0.0000,0.0000,0.0000,7338.0000,0.0000,0.0000,0.0000,0.0000,1,0,0,0,0,1,0,0,0,0
zc,TA304,2012-06-05 14:42:58.133,0.0000,4,0,0.0000,0.0000,0,0,多换,B,7216.0000,0.0000,0.0000,0.0000,0.0000,7326.0000,0.0000,0.0000,0.0000,0.0000,1,0,0,0,0,1,0,0,0,0
zc,TA304,2012-06-05 14:42:59.647,0.0000,4,0,0.0000,0.0000,0,0,多换,B,7216.0000,0.0000,0.0000,0.0000,0.0000,7338.0000,0.0000,0.0000,0.0000,0.0000,1,0,0,0,0,1,0,0,0,0
zc,TA304,2012-06-05 14:43:04.930,0.0000,4,0,0.0000,0.0000,0,0,多换,B,7216.0000,0.0000,0.0000,0.0000,0.0000,7322.0000,0.0000,0.0000,0.0000,0.0000,1,0,0,0,0,1,0,0,0,0
zc,TA304,2012-06-05 14:43:11.397,0.0000,4,0,0.0000,0.0000,0,0,多换,B,7216.0000,0.0000,0.0000,0.0000,0.0000,7320.0000,0.0000,0.0000,0.0000,0.0000,1,0,0,0,0,1,0,0,0,0
zc,TA304,2012-06-05 14:43:16.867,0.0000,4,0,0.0000,0.0000,0,0,多换,B,7216.0000,0.0000,0.0000,0.0000,0.0000,7318.0000,0.0000,0.0000,0.0000,0.0000,1,0,0,0,0,1,0,0,0,0
zc,TA304,2012-06-05 14:43:28.430,0.0000,4,0,0.0000,0.0000,0,0,多换,B,7130.0000,0.0000,0.0000,0.0000,0.0000,7312.0000,0.0000,0.0000,0.0000,0.0000,1,0,0,0,0,1,0,0,0,0
zc,TA304,2012-06-05 14:43:29.680,0.0000,4,0,0.0000,0.0000,0,0,多换,B,7140.0000,0.0000,0.0000,0.0000,0.0000,7320.0000,0.0000,0.0000,0.0000,0.0000,6,0,0,0,0,1,0,0,0,0
zc,TA304,2012-06-05 14:44:06.633,0.0000,4,0,0.0000,0.0000,0,0,多换,B,7140.0000,0.0000,0.0000,0.0000,0.0000,7318.0000,0.0000,0.0000,0.0000,0.0000,6,0,0,0,0,1,0,0,0,0
zc,TA304,2012-06-05 14:44:11.633,0.0000,4,0,0.0000,0.0000,0,0,多换,B,7140.0000,0.0000,0.0000,0.0000,0.0000,7320.0000,0.0000,0.0000,0.0000,0.0000,6,0,0,0,0,1,0,0,0,0
zc,TA304,2012-06-05 14:44:25.350,0.0000,4,0,0.0000,0.0000,0,0,多换,B,7140.0000,0.0000,0.0000,0.0000,0.0000,7320.0000,0.0000,0.0000,0.0000,0.0000,6,0,0,0,0,1,0,0,0,0
zc,TA304,2012-06-05 14:44:34.443,0.0000,4,0,0.0000,0.0000,0,0,多换,B,7140.0000,0.0000,0.0000,0.0000,0.0000,7338.0000,0.0000,0.0000,0.0000,0.0000,6,0,0,0,0,1,0,0,0,0
zc,TA304,2012-06-05 14:45:25.383,0.0000,4,0,0.0000,0.0000,0,0,多换,B,7140.0000,0.0000,0.0000,0.0000,0.0000,7338.0000,0.0000,0.0000,0.0000,0.0000,6,0,0,0,0,1,0,0,0,0
zc,TA304,2012-06-05 14:45:51.413,0.0000,4,0,0.0000,0.0000,0,0,多换,B,7140.0000,0.0000,0.0000,0.0000,0.0000,7310.0000,0.0000,0.0000,0.0000,0.0000,6,0,0,0,0,1,0,0,0,0
zc,TA304,2012-06-05 14:45:52.413,0.0000,4,0,0.0000,0.0000,0,0,多换,B,7140.0000,0.0000,0.0000,0.0000,0.0000,7338.0000,0.0000,0.0000,0.0000,0.0000,6,0,0,0,0,1,0,0,0,0
zc,TA304,2012-06-05 14:47:16.693,0.0000,4,0,0.0000,0.0000,0,0,多换,B,7140.0000,0.0000,0.0000,0.0000,0.0000,7306.0000,0.0000,0.0000,0.0000,0.0000,6,0,0,0,0,1,0,0,0,0
zc,TA304,2012-06-05 14:47:34.680,0.0000,4,0,0.0000,0.0000,0,0,多换,B,7202.0000,0.0000,0.0000,0.0000,0.0000,7306.0000,0.0000,0.0000,0.0000,0.0000,2,0,0,0,0,1,0,0,0,0
zc,TA304,2012-06-05 14:47:59.897,0.0000,4,0,0.0000,0.0000,0,0,多换,B,7206.0000,0.0000,0.0000,0.0000,0.0000,7306.0000,0.0000,0.0000,0.0000,0.0000,1,0,0,0,0,1,0,0,0,0
zc,TA304,2012-06-05 14:48:03.147,0.0000,4,0,0.0000,0.0000,0,0,多换,B,7202.0000,0.0000,0.0000,0.0000,0.0000,7304.0000,0.0000,0.0000,0.0000,0.0000,2,0,0,0,0,1,0,0,0,0
zc,TA304,2012-06-05 14:48:04.193,0.0000,4,0,0.0000,0.0000,0,0,多换,B,7202.0000,0.0000,0.0000,0.0000,0.0000,7306.0000,0.0000,0.0000,0.0000,0.0000,2,0,0,0,0,1,0,0,0,0
zc,TA304,2012-06-05 14:48:12.867,0.0000,4,0,0.0000,0.0000,0,0,多换,B,7206.0000,0.0000,0.0000,0.0000,0.0000,7306.0000,0.0000,0.0000,0.0000,0.0000,1,0,0,0,0,1,0,0,0,0
zc,TA304,2012-06-05 14:48:13.133,0.0000,4,0,0.0000,0.0000,0,0,多换,B,7206.0000,0.0000,0.0000,0.0000,0.0000,7610.0000,0.0000,0.0000,0.0000,0.0000,1,0,0,0,0,1,0,0,0,0
zc,TA304,2012-06-05 14:48:13.883,0.0000,4,0,0.0000,0.0000,0,0,多换,B,7206.0000,0.0000,0.0000,0.0000,0.0000,7604.0000,0.0000,0.0000,0.0000,0.0000,1,0,0,0,0,4,0,0,0,0
zc,TA304,2012-06-05 14:48:14.633,0.0000,4,0,0.0000,0.0000,0,0,多换,B,7206.0000,0.0000,0.0000,0.0000,0.0000,7594.0000,0.0000,0.0000,0.0000,0.0000,1,0,0,0,0,6,0,0,0,0
zc,TA304,2012-06-05 14:48:15.617,0.0000,4,0,0.0000,0.0000,0,0,多换,B,7206.0000,0.0000,0.0000,0.0000,0.0000,7588.0000,0.0000,0.0000,0.0000,0.0000,1,0,0,0,0,4,0,0,0,0
zc,TA304,2012-06-05 14:48:18.930,0.0000,4,0,0.0000,0.0000,0,0,多换,B,7202.0000,0.0000,0.0000,0.0000,0.0000,7588.0000,0.0000,0.0000,0.0000,0.0000,2,0,0,0,0,4,0,0,0,0
zc,TA304,2012-06-05 14:48:21.443,0.0000,4,0,0.0000,0.0000,0,0,多换,B,7202.0000,0.0000,0.0000,0.0000,0.0000,7588.0000,0.0000,0.0000,0.0000,0.0000,2,0,0,0,0,9,0,0,0,0
zc,TA304,2012-06-05 14:48:21.883,0.0000,4,0,0.0000,0.0000,0,0,多换,B,7202.0000,0.0000,0.0000,0.0000,0.0000,7578.0000,0.0000,0.0000,0.0000,0.0000,2,0,0,0,0,6,0,0,0,0
zc,TA304,2012-06-05 14:48:22.490,0.0000,4,0,0.0000,0.0000,0,0,多换,B,7202.0000,0.0000,0.0000,0.0000,0.0000,7572.0000,0.0000,0.0000,0.0000,0.0000,2,0,0,0,0,4,0,0,0,0
zc,TA304,2012-06-05 14:48:27.600,0.0000,4,0,0.0000,0.0000,0,0,多换,B,7202.0000,0.0000,0.0000,0.0000,0.0000,7572.0000,0.0000,0.0000,0.0000,0.0000,2,0,0,0,0,9,0,0,0,0
zc,TA304,2012-06-05 14:48:28.897,0.0000,4,0,0.0000,0.0000,0,0,多换,B,7202.0000,0.0000,0.0000,0.0000,0.0000,7562.0000,0.0000,0.0000,0.0000,0.0000,2,0,0,0,0,6,0,0,0,0
zc,TA304,2012-06-05 14:48:29.693,0.0000,4,0,0.0000,0.0000,0,0,多换,B,7202.0000,0.0000,0.0000,0.0000,0.0000,7556.0000,0.0000,0.0000,0.0000,0.0000,2,0,0,0,0,4,0,0,0,0
zc,TA304,2012-06-05 14:48:34.163,0.0000,4,0,0.0000,0.0000,0,0,多换,B,7202.0000,0.0000,0.0000,0.0000,0.0000,7556.0000,0.0000,0.0000,0.0000,0.0000,2,0,0,0,0,9,0,0,0,0
zc,TA304,2012-06-05 14:48:34.883,0.0000,4,0,0.0000,0.0000,0,0,多换,B,7202.0000,0.0000,0.0000,0.0000,0.0000,7304.0000,0.0000,0.0000,0.0000,0.0000,2,0,0,0,0,1,0,0,0,0
zc,TA304,2012-06-05 14:48:39.367,0.0000,4,0,0.0000,0.0000,0,0,多换,B,7118.0000,0.0000,0.0000,0.0000,0.0000,7300.0000,0.0000,0.0000,0.0000,0.0000,1,0,0,0,0,1,0,0,0,0
zc,TA304,2012-06-05 14:48:40.647,0.0000,4,0,0.0000,0.0000,0,0,多换,B,7124.0000,0.0000,0.0000,0.0000,0.0000,7300.0000,0.0000,0.0000,0.0000,0.0000,6,0,0,0,0,1,0,0,0,0
zc,TA304,2012-06-05 14:49:25.350,0.0000,4,0,0.0000,0.0000,0,0,多换,B,7124.0000,0.0000,0.0000,0.0000,0.0000,7300.0000,0.0000,0.0000,0.0000,0.0000,6,0,0,0,0,1,0,0,0,0
zc,TA304,2012-06-05 14:49:31.913,0.0000,4,0,0.0000,0.0000,0,0,多换,B,7124.0000,0.0000,0.0000,0.0000,0.0000,7610.0000,0.0000,0.0000,0.0000,0.0000,6,0,0,0,0,1,0,0,0,0
zc,TA304,2012-06-05 14:49:32.663,0.0000,4,0,0.0000,0.0000,0,0,多换,B,7124.0000,0.0000,0.0000,0.0000,0.0000,7604.0000,0.0000,0.0000,0.0000,0.0000,6,0,0,0,0,4,0,0,0,0
zc,TA304,2012-06-05 14:49:33.617,0.0000,4,0,0.0000,0.0000,0,0,多换,B,7124.0000,0.0000,0.0000,0.0000,0.0000,7600.0000,0.0000,0.0000,0.0000,0.0000,6,0,0,0,0,6,0,0,0,0
zc,TA304,2012-06-05 14:49:34.867,0.0000,4,0,0.0000,0.0000,0,0,多换,B,7124.0000,0.0000,0.0000,0.0000,0.0000,7594.0000,0.0000,0.0000,0.0000,0.0000,6,0,0,0,0,4,0,0,0,0
zc,TA304,2012-06-05 14:49:39.647,0.0000,4,0,0.0000,0.0000,0,0,多换,B,7124.0000,0.0000,0.0000,0.0000,0.0000,7594.0000,0.0000,0.0000,0.0000,0.0000,6,0,0,0,0,9,0,0,0,0
zc,TA304,2012-06-05 14:49:40.600,0.0000,4,0,0.0000,0.0000,0,0,多换,B,7124.0000,0.0000,0.0000,0.0000,0.0000,7594.0000,0.0000,0.0000,0.0000,0.0000,6,0,0,0,0,14,0,0,0,0
zc,TA304,2012-06-05 14:49:41.617,0.0000,4,0,0.0000,0.0000,0,0,多换,B,7124.0000,0.0000,0.0000,0.0000,0.0000,7584.0000,0.0000,0.0000,0.0000,0.0000,6,0,0,0,0,6,0,0,0,0
zc,TA304,2012-06-05 14:49:42.913,0.0000,4,0,0.0000,0.0000,0,0,多换,B,7124.0000,0.0000,0.0000,0.0000,0.0000,7578.0000,0.0000,0.0000,0.0000,0.0000,6,0,0,0,0,4,0,0,0,0
zc,TA304,2012-06-05 14:49:46.117,0.0000,4,0,0.0000,0.0000,0,0,多换,B,7124.0000,0.0000,0.0000,0.0000,0.0000,7578.0000,0.0000,0.0000,0.0000,0.0000,6,0,0,0,0,9,0,0,0,0
zc,TA304,2012-06-05 14:49:47.350,0.0000,4,0,0.0000,0.0000,0,0,多换,B,7206.0000,0.0000,0.0000,0.0000,0.0000,7578.0000,0.0000,0.0000,0.0000,0.0000,1,0,0,0,0,14,0,0,0,0
zc,TA304,2012-06-05 14:49:49.117,0.0000,4,0,0.0000,0.0000,0,0,多换,B,7122.0000,0.0000,0.0000,0.0000,0.0000,7568.0000,0.0000,0.0000,0.0000,0.0000,1,0,0,0,0,6,0,0,0,0
zc,TA304,2012-06-05 14:49:49.367,0.0000,4,0,0.0000,0.0000,0,0,多换,B,7128.0000,0.0000,0.0000,0.0000,0.0000,7568.0000,0.0000,0.0000,0.0000,0.0000,6,0,0,0,0,6,0,0,0,0
zc,TA304,2012-06-05 14:49:50.117,0.0000,4,0,0.0000,0.0000,0,0,多换,B,7128.0000,0.0000,0.0000,0.0000,0.0000,7562.0000,0.0000,0.0000,0.0000,0.0000,6,0,0,0,0,4,0,0,0,0
zc,TA304,2012-06-05 14:49:53.367,0.0000,4,0,0.0000,0.0000,0,0,多换,B,7128.0000,0.0000,0.0000,0.0000,0.0000,7562.0000,0.0000,0.0000,0.0000,0.0000,6,0,0,0,0,9,0,0,0,0
zc,TA304,2012-06-05 14:49:54.350,0.0000,4,0,0.0000,0.0000,0,0,多换,B,7128.0000,0.0000,0.0000,0.0000,0.0000,7390.0000,0.0000,0.0000,0.0000,0.0000,6,0,0,0,0,1,0,0,0,0
zc,TA304,2012-06-05 14:49:56.117,0.0000,4,0,0.0000,0.0000,0,0,多换,B,7204.0000,0.0000,0.0000,0.0000,0.0000,7390.0000,0.0000,0.0000,0.0000,0.0000,1,0,0,0,0,1,0,0,0,0
zc,TA304,2012-06-05 14:50:45.633,0.0000,4,0,0.0000,0.0000,0,0,多换,B,7204.0000,0.0000,0.0000,0.0000,0.0000,7350.0000,0.0000,0.0000,0.0000,0.0000,1,0,0,0,0,2,0,0,0,0
zc,TA304,2012-06-05 14:51:06.897,0.0000,4,0,0.0000,0.0000,0,0,多换,B,7204.0000,0.0000,0.0000,0.0000,0.0000,7390.0000,0.0000,0.0000,0.0000,0.0000,1,0,0,0,0,1,0,0,0,0
zc,TA304,2012-06-05 14:51:22.133,0.0000,4,0,0.0000,0.0000,0,0,多换,B,7204.0000,0.0000,0.0000,0.0000,0.0000,7390.0000,0.0000,0.0000,0.0000,0.0000,2,0,0,0,0,1,0,0,0,0
zc,TA304,2012-06-05 14:51:24.647,0.0000,4,0,0.0000,0.0000,0,0,多换,B,7204.0000,0.0000,0.0000,0.0000,0.0000,7390.0000,0.0000,0.0000,0.0000,0.0000,1,0,0,0,0,1,0,0,0,0
zc,TA304,2012-06-05 14:51:57.897,0.0000,4,0,0.0000,0.0000,0,0,多换,B,7204.0000,0.0000,0.0000,0.0000,0.0000,7318.0000,0.0000,0.0000,0.0000,0.0000,1,0,0,0,0,1,0,0,0,0
zc,TA304,2012-06-05 14:52:00.133,0.0000,4,0,0.0000,0.0000,0,0,多换,B,7204.0000,0.0000,0.0000,0.0000,0.0000,7390.0000,0.0000,0.0000,0.0000,0.0000,1,0,0,0,0,1,0,0,0,0
zc,TA304,2012-06-05 14:52:01.647,0.0000,4,0,0.0000,0.0000,0,0,多换,B,7204.0000,0.0000,0.0000,0.0000,0.0000,7358.0000,0.0000,0.0000,0.0000,0.0000,1,0,0,0,0,2,0,0,0,0
zc,TA304,2012-06-05 14:52:22.413,0.0000,4,0,0.0000,0.0000,0,0,多换,B,7204.0000,0.0000,0.0000,0.0000,0.0000,7320.0000,0.0000,0.0000,0.0000,0.0000,1,0,0,0,0,1,0,0,0,0
zc,TA304,2012-06-05 14:52:41.397,0.0000,4,0,0.0000,0.0000,0,0,多换,B,7212.0000,0.0000,0.0000,0.0000,0.0000,7320.0000,0.0000,0.0000,0.0000,0.0000,1,0,0,0,0,1,0,0,0,0
zc,TA304,2012-06-05 14:53:01.883,0.0000,4,0,0.0000,0.0000,0,0,多换,B,7212.0000,0.0000,0.0000,0.0000,0.0000,7352.0000,0.0000,0.0000,0.0000,0.0000,1,0,0,0,0,2,0,0,0,0
zc,TA304,2012-06-05 14:53:24.413,0.0000,4,0,0.0000,0.0000,0,0,多换,B,7212.0000,0.0000,0.0000,0.0000,0.0000,7390.0000,0.0000,0.0000,0.0000,0.0000,1,0,0,0,0,1,0,0,0,0
zc,TA304,2012-06-05 14:53:31.397,0.0000,4,0,0.0000,0.0000,0,0,多换,B,7204.0000,0.0000,0.0000,0.0000,0.0000,7310.0000,0.0000,0.0000,0.0000,0.0000,1,0,0,0,0,1,0,0,0,0
zc,TA304,2012-06-05 14:53:32.350,0.0000,4,0,0.0000,0.0000,0,0,多换,B,7204.0000,0.0000,0.0000,0.0000,0.0000,7390.0000,0.0000,0.0000,0.0000,0.0000,1,0,0,0,0,1,0,0,0,0
zc,TA304,2012-06-05 14:53:33.350,0.0000,4,0,0.0000,0.0000,0,0,多换,B,7204.0000,0.0000,0.0000,0.0000,0.0000,7352.0000,0.0000,0.0000,0.0000,0.0000,1,0,0,0,0,2,0,0,0,0
zc,TA304,2012-06-05 14:53:35.180,0.0000,4,0,0.0000,0.0000,0,0,多换,B,7212.0000,0.0000,0.0000,0.0000,0.0000,7352.0000,0.0000,0.0000,0.0000,0.0000,1,0,0,0,0,2,0,0,0,0
zc,TA304,2012-06-05 14:53:36.350,0.0000,4,0,0.0000,0.0000,0,0,多换,B,7204.0000,0.0000,0.0000,0.0000,0.0000,7352.0000,0.0000,0.0000,0.0000,0.0000,1,0,0,0,0,2,0,0,0,0
zc,TA304,2012-06-05 14:54:04.930,0.0000,4,0,0.0000,0.0000,0,0,多换,B,7204.0000,0.0000,0.0000,0.0000,0.0000,7390.0000,0.0000,0.0000,0.0000,0.0000,1,0,0,0,0,1,0,0,0,0
zc,TA304,2012-06-05 14:54:28.617,0.0000,4,0,0.0000,0.0000,0,0,多换,B,7204.0000,0.0000,0.0000,0.0000,0.0000,7354.0000,0.0000,0.0000,0.0000,0.0000,1,0,0,0,0,2,0,0,0,0
zc,TA304,2012-06-05 14:54:38.850,0.0000,4,0,0.0000,0.0000,0,0,多换,B,7206.0000,0.0000,0.0000,0.0000,0.0000,7354.0000,0.0000,0.0000,0.0000,0.0000,2,0,0,0,0,2,0,0,0,0
zc,TA304,2012-06-05 14:55:02.883,0.0000,4,0,0.0000,0.0000,0,0,多换,B,7206.0000,0.0000,0.0000,0.0000,0.0000,7316.0000,0.0000,0.0000,0.0000,0.0000,2,0,0,0,0,1,0,0,0,0
zc,TA304,2012-06-05 14:55:05.883,0.0000,4,0,0.0000,0.0000,0,0,多换,B,7206.0000,0.0000,0.0000,0.0000,0.0000,7354.0000,0.0000,0.0000,0.0000,0.0000,2,0,0,0,0,2,0,0,0,0
zc,TA304,2012-06-05 14:55:35.867,0.0000,4,0,0.0000,0.0000,0,0,多换,B,7210.0000,0.0000,0.0000,0.0000,0.0000,7354.0000,0.0000,0.0000,0.0000,0.0000,1,0,0,0,0,2,0,0,0,0
zc,TA304,2012-06-05 14:57:09.867,0.0000,4,0,0.0000,0.0000,0,0,多换,B,7212.0000,0.0000,0.0000,0.0000,0.0000,7354.0000,0.0000,0.0000,0.0000,0.0000,1,0,0,0,0,2,0,0,0,0
zc,TA304,2012-06-05 14:57:10.663,0.0000,4,0,0.0000,0.0000,0,0,多换,B,7210.0000,0.0000,0.0000,0.0000,0.0000,7310.0000,0.0000,0.0000,0.0000,0.0000,1,0,0,0,0,1,0,0,0,0
zc,TA304,2012-06-05 14:57:11.147,0.0000,4,0,0.0000,0.0000,0,0,多换,B,7204.0000,0.0000,0.0000,0.0000,0.0000,7308.0000,0.0000,0.0000,0.0000,0.0000,1,0,0,0,0,1,0,0,0,0
zc,TA304,2012-06-05 14:57:32.133,0.0000,4,0,0.0000,0.0000,0,0,多换,B,7126.0000,0.0000,0.0000,0.0000,0.0000,7308.0000,0.0000,0.0000,0.0000,0.0000,1,0,0,0,0,1,0,0,0,0
zc,TA304,2012-06-05 14:57:33.383,0.0000,4,0,0.0000,0.0000,0,0,多换,B,7132.0000,0.0000,0.0000,0.0000,0.0000,7308.0000,0.0000,0.0000,0.0000,0.0000,6,0,0,0,0,1,0,0,0,0
zc,TA304,2012-06-05 14:57:40.633,0.0000,4,0,0.0000,0.0000,0,0,多换,B,7132.0000,0.0000,0.0000,0.0000,0.0000,7354.0000,0.0000,0.0000,0.0000,0.0000,6,0,0,0,0,2,0,0,0,0
zc,TA304,2012-06-05 14:57:41.397,0.0000,4,0,0.0000,0.0000,0,0,多换,B,7132.0000,0.0000,0.0000,0.0000,0.0000,7610.0000,0.0000,0.0000,0.0000,0.0000,6,0,0,0,0,1,0,0,0,0
zc,TA304,2012-06-05 14:57:41.930,0.0000,4,0,0.0000,0.0000,0,0,多换,B,7132.0000,0.0000,0.0000,0.0000,0.0000,7604.0000,0.0000,0.0000,0.0000,0.0000,6,0,0,0,0,3,0,0,0,0
zc,TA304,2012-06-05 14:57:42.883,0.0000,4,0,0.0000,0.0000,0,0,多换,B,7132.0000,0.0000,0.0000,0.0000,0.0000,7600.0000,0.0000,0.0000,0.0000,0.0000,6,0,0,0,0,6,0,0,0,0
zc,TA304,2012-06-05 14:57:44.133,0.0000,4,0,0.0000,0.0000,0,0,多换,B,7132.0000,0.0000,0.0000,0.0000,0.0000,7594.0000,0.0000,0.0000,0.0000,0.0000,6,0,0,0,0,3,0,0,0,0
zc,TA304,2012-06-05 14:57:49.367,0.0000,4,0,0.0000,0.0000,0,0,多换,B,7132.0000,0.0000,0.0000,0.0000,0.0000,7594.0000,0.0000,0.0000,0.0000,0.0000,6,0,0,0,0,8,0,0,0,0
zc,TA304,2012-06-05 14:57:50.100,0.0000,4,0,0.0000,0.0000,0,0,多换,B,7132.0000,0.0000,0.0000,0.0000,0.0000,7594.0000,0.0000,0.0000,0.0000,0.0000,6,0,0,0,0,13,0,0,0,0
zc,TA304,2012-06-05 14:57:50.600,0.0000,4,0,0.0000,0.0000,0,0,多换,B,7132.0000,0.0000,0.0000,0.0000,0.0000,7584.0000,0.0000,0.0000,0.0000,0.0000,6,0,0,0,0,6,0,0,0,0
zc,TA304,2012-06-05 14:57:51.913,0.0000,4,0,0.0000,0.0000,0,0,多换,B,7132.0000,0.0000,0.0000,0.0000,0.0000,7578.0000,0.0000,0.0000,0.0000,0.0000,6,0,0,0,0,3,0,0,0,0
zc,TA304,2012-06-05 14:57:57.133,0.0000,4,0,0.0000,0.0000,0,0,多换,B,7132.0000,0.0000,0.0000,0.0000,0.0000,7578.0000,0.0000,0.0000,0.0000,0.0000,6,0,0,0,0,8,0,0,0,0
zc,TA304,2012-06-05 14:57:57.633,0.0000,4,0,0.0000,0.0000,0,0,多换,B,7132.0000,0.0000,0.0000,0.0000,0.0000,7568.0000,0.0000,0.0000,0.0000,0.0000,6,0,0,0,0,6,0,0,0,0
zc,TA304,2012-06-05 14:57:58.117,0.0000,4,0,0.0000,0.0000,0,0,多换,B,7132.0000,0.0000,0.0000,0.0000,0.0000,7564.0000,0.0000,0.0000,0.0000,0.0000,6,0,0,0,0,3,0,0,0,0
zc,TA304,2012-06-05 14:57:59.413,0.0000,4,0,0.0000,0.0000,0,0,多换,B,7210.0000,0.0000,0.0000,0.0000,0.0000,7564.0000,0.0000,0.0000,0.0000,0.0000,1,0,0,0,0,3,0,0,0,0
zc,TA304,2012-06-05 14:58:02.883,0.0000,4,0,0.0000,0.0000,0,0,多换,B,7210.0000,0.0000,0.0000,0.0000,0.0000,7564.0000,0.0000,0.0000,0.0000,0.0000,1,0,0,0,0,13,0,0,0,0
zc,TA304,2012-06-05 14:58:03.367,0.0000,4,0,0.0000,0.0000,0,0,多换,B,7210.0000,0.0000,0.0000,0.0000,0.0000,7554.0000,0.0000,0.0000,0.0000,0.0000,1,0,0,0,0,6,0,0,0,0
zc,TA304,2012-06-05 14:58:09.663,0.0000,4,0,0.0000,0.0000,0,0,多换,B,7210.0000,0.0000,0.0000,0.0000,0.0000,7554.0000,0.0000,0.0000,0.0000,0.0000,1,0,0,0,0,11,0,0,0,0
zc,TA304,2012-06-05 14:58:10.913,0.0000,4,0,0.0000,0.0000,0,0,多换,B,7210.0000,0.0000,0.0000,0.0000,0.0000,7554.0000,0.0000,0.0000,0.0000,0.0000,1,0,0,0,0,16,0,0,0,0
zc,TA304,2012-06-05 14:58:52.647,0.0000,4,0,0.0000,0.0000,0,0,多换,B,7210.0000,0.0000,0.0000,0.0000,0.0000,7316.0000,0.0000,0.0000,0.0000,0.0000,1,0,0,0,0,1,0,0,0,0
zc,TA304,2012-06-05 14:59:06.180,0.0000,4,0,0.0000,0.0000,0,0,多换,B,7210.0000,0.0000,0.0000,0.0000,0.0000,7594.0000,0.0000,0.0000,0.0000,0.0000,1,0,0,0,0,1,0,0,0,0
zc,TA304,2012-06-05 14:59:07.397,0.0000,4,0,0.0000,0.0000,0,0,多换,B,7210.0000,0.0000,0.0000,0.0000,0.0000,7594.0000,0.0000,0.0000,0.0000,0.0000,1,0,0,0,0,6,0,0,0,0
zc,TA304,2012-06-05 14:59:08.147,0.0000,4,0,0.0000,0.0000,0,0,多换,B,7210.0000,0.0000,0.0000,0.0000,0.0000,7584.0000,0.0000,0.0000,0.0000,0.0000,1,0,0,0,0,6,0,0,0,0
zc,TA304,2012-06-05 14:59:14.680,0.0000,4,0,0.0000,0.0000,0,0,多换,B,7210.0000,0.0000,0.0000,0.0000,0.0000,7584.0000,0.0000,0.0000,0.0000,0.0000,1,0,0,0,0,16,0,0,0,0
zc,TA304,2012-06-05 14:59:22.680,0.0000,4,0,0.0000,0.0000,0,0,多换,B,7210.0000,0.0000,0.0000,0.0000,0.0000,7584.0000,0.0000,0.0000,0.0000,0.0000,1,0,0,0,0,11,0,0,0,0
zc,TA304,2012-06-05 14:59:23.460,0.0000,4,0,0.0000,0.0000,0,0,多换,B,7210.0000,0.0000,0.0000,0.0000,0.0000,7594.0000,0.0000,0.0000,0.0000,0.0000,1,0,0,0,0,1,0,0,0,0
zc,TA304,2012-06-05 15:03:25.337,0.0000,4,0,0.0000,0.0000,0,0,多换,B,7210.0000,0.0000,0.0000,0.0000,0.0000,7594.0000,0.0000,0.0000,0.0000,0.0000,1,0,0,0,0,1,0,0,0,0
zc,TA304,2012-06-05 15:30:25.303,0.0000,4,0,0.0000,0.0000,0,0,多换,B,7210.0000,0.0000,0.0000,0.0000,0.0000,7594.0000,0.0000,0.0000,0.0000,0.0000,1,0,0,0,0,1,0,0,0,0
zc,TA304,2012-06-05 15:50:25.227,0.0000,4,0,0.0000,0.0000,0,0,多换,B,7210.0000,0.0000,0.0000,0.0000,0.0000,7594.0000,0.0000,0.0000,0.0000,0.0000,1,0,0,0,0,1,0,0,0,0
