市场代码,合约代码,时间,最新,持仓,增仓,成交额,成交量,开仓,平仓,成交类型,方向,买一价,买二价,买三价,买四价,买五价,卖一价,卖二价,卖三价,卖四价,卖五价,买一量,买二量,买三量,买四量,买五量,卖一量,卖二量,卖三量,卖四量,卖五量
zc,TA301,2012-06-05 07:55:25.430,0.0000,86572,0,0.0000,0.0000,0,0,空换,S,0.0000,0.0000,0.0000,0.0000,0.0000,0.0000,0.0000,0.0000,0.0000,0.0000,0,0,0,0,0,0,0,0,0,0
zc,TA301,2012-06-05 07:59:24.163,0.0000,86572,0,0.0000,0.0000,0,0,空换,S,0.0000,0.0000,0.0000,0.0000,0.0000,0.0000,0.0000,0.0000,0.0000,0.0000,0,0,0,0,0,0,0,0,0,0
zc,TA301,2012-06-05 08:01:24.163,0.0000,86572,0,0.0000,0.0000,0,0,空换,S,0.0000,0.0000,0.0000,0.0000,0.0000,0.0000,0.0000,0.0000,0.0000,0.0000,0,0,0,0,0,0,0,0,0,0
zc,TA301,2012-06-05 08:03:24.163,0.0000,86572,0,0.0000,0.0000,0,0,空换,S,0.0000,0.0000,0.0000,0.0000,0.0000,0.0000,0.0000,0.0000,0.0000,0.0000,0,0,0,0,0,0,0,0,0,0
zc,TA301,2012-06-05 08:05:24.163,0.0000,86572,0,0.0000,0.0000,0,0,空换,S,0.0000,0.0000,0.0000,0.0000,0.0000,0.0000,0.0000,0.0000,0.0000,0.0000,0,0,0,0,0,0,0,0,0,0
zc,TA301,2012-06-05 08:09:24.163,0.0000,86572,0,0.0000,0.0000,0,0,空换,S,0.0000,0.0000,0.0000,0.0000,0.0000,0.0000,0.0000,0.0000,0.0000,0.0000,0,0,0,0,0,0,0,0,0,0
zc,TA301,2012-06-05 08:12:24.163,0.0000,86572,0,0.0000,0.0000,0,0,空换,S,0.0000,0.0000,0.0000,0.0000,0.0000,0.0000,0.0000,0.0000,0.0000,0.0000,0,0,0,0,0,0,0,0,0,0
zc,TA301,2012-06-05 08:21:25.757,0.0000,86572,0,0.0000,0.0000,0,0,空换,S,0.0000,0.0000,0.0000,0.0000,0.0000,0.0000,0.0000,0.0000,0.0000,0.0000,0,0,0,0,0,0,0,0,0,0
zc,TA301,2012-06-05 08:22:25.757,0.0000,86572,0,0.0000,0.0000,0,0,空换,S,0.0000,0.0000,0.0000,0.0000,0.0000,0.0000,0.0000,0.0000,0.0000,0.0000,0,0,0,0,0,0,0,0,0,0
zc,TA301,2012-06-05 08:24:25.757,0.0000,86572,0,0.0000,0.0000,0,0,空换,S,0.0000,0.0000,0.0000,0.0000,0.0000,0.0000,0.0000,0.0000,0.0000,0.0000,0,0,0,0,0,0,0,0,0,0
zc,TA301,2012-06-05 08:26:25.757,0.0000,86572,0,0.0000,0.0000,0,0,空换,S,0.0000,0.0000,0.0000,0.0000,0.0000,0.0000,0.0000,0.0000,0.0000,0.0000,0,0,0,0,0,0,0,0,0,0
zc,TA301,2012-06-05 08:27:25.740,0.0000,86572,0,0.0000,0.0000,0,0,空换,S,0.0000,0.0000,0.0000,0.0000,0.0000,0.0000,0.0000,0.0000,0.0000,0.0000,0,0,0,0,0,0,0,0,0,0
zc,TA301,2012-06-05 08:39:25.740,0.0000,86572,0,0.0000,0.0000,0,0,空换,S,0.0000,0.0000,0.0000,0.0000,0.0000,0.0000,0.0000,0.0000,0.0000,0.0000,0,0,0,0,0,0,0,0,0,0
zc,TA301,2012-06-05 08:40:25.740,0.0000,86572,0,0.0000,0.0000,0,0,空换,S,0.0000,0.0000,0.0000,0.0000,0.0000,0.0000,0.0000,0.0000,0.0000,0.0000,0,0,0,0,0,0,0,0,0,0
zc,TA301,2012-06-05 08:41:25.740,0.0000,86572,0,0.0000,0.0000,0,0,空换,S,0.0000,0.0000,0.0000,0.0000,0.0000,0.0000,0.0000,0.0000,0.0000,0.0000,0,0,0,0,0,0,0,0,0,0
zc,TA301,2012-06-05 08:47:25.740,0.0000,86572,0,0.0000,0.0000,0,0,空换,S,0.0000,0.0000,0.0000,0.0000,0.0000,0.0000,0.0000,0.0000,0.0000,0.0000,0,0,0,0,0,0,0,0,0,0
zc,TA301,2012-06-05 08:55:01.977,0.0000,86572,0,0.0000,0.0000,0,0,空换,S,0.0000,0.0000,0.0000,0.0000,0.0000,0.0000,0.0000,0.0000,0.0000,0.0000,0,0,0,0,0,0,0,0,0,0
zc,TA301,2012-06-05 08:55:03.227,0.0000,86572,0,0.0000,0.0000,0,0,空换,S,0.0000,0.0000,0.0000,0.0000,0.0000,0.0000,0.0000,0.0000,0.0000,0.0000,0,0,0,0,0,0,0,0,0,0
zc,TA301,2012-06-05 08:55:03.977,0.0000,86572,0,0.0000,0.0000,0,0,空换,S,0.0000,0.0000,0.0000,0.0000,0.0000,0.0000,0.0000,0.0000,0.0000,0.0000,0,0,0,0,0,0,0,0,0,0
zc,TA301,2012-06-05 08:55:04.227,0.0000,86572,0,0.0000,0.0000,0,0,空换,S,0.0000,0.0000,0.0000,0.0000,0.0000,0.0000,0.0000,0.0000,0.0000,0.0000,0,0,0,0,0,0,0,0,0,0
zc,TA301,2012-06-05 08:55:04.960,0.0000,86572,0,0.0000,0.0000,0,0,空换,S,0.0000,0.0000,0.0000,0.0000,0.0000,0.0000,0.0000,0.0000,0.0000,0.0000,0,0,0,0,0,0,0,0,0,0
zc,TA301,2012-06-05 08:55:05.477,0.0000,86572,0,0.0000,0.0000,0,0,空换,S,0.0000,0.0000,0.0000,0.0000,0.0000,0.0000,0.0000,0.0000,0.0000,0.0000,0,0,0,0,0,0,0,0,0,0
zc,TA301,2012-06-05 08:55:06.210,0.0000,86572,0,0.0000,0.0000,0,0,空换,S,0.0000,0.0000,0.0000,0.0000,0.0000,0.0000,0.0000,0.0000,0.0000,0.0000,0,0,0,0,0,0,0,0,0,0
zc,TA301,2012-06-05 08:55:06.710,0.0000,86572,0,0.0000,0.0000,0,0,空换,S,0.0000,0.0000,0.0000,0.0000,0.0000,0.0000,0.0000,0.0000,0.0000,0.0000,0,0,0,0,0,0,0,0,0,0
zc,TA301,2012-06-05 08:55:07.210,0.0000,86572,0,0.0000,0.0000,0,0,空换,S,0.0000,0.0000,0.0000,0.0000,0.0000,0.0000,0.0000,0.0000,0.0000,0.0000,0,0,0,0,0,0,0,0,0,0
zc,TA301,2012-06-05 08:55:11.960,0.0000,86572,0,0.0000,0.0000,0,0,空换,S,0.0000,0.0000,0.0000,0.0000,0.0000,0.0000,0.0000,0.0000,0.0000,0.0000,0,0,0,0,0,0,0,0,0,0
zc,TA301,2012-06-05 08:55:14.710,0.0000,86572,0,0.0000,0.0000,0,0,空换,S,0.0000,0.0000,0.0000,0.0000,0.0000,0.0000,0.0000,0.0000,0.0000,0.0000,0,0,0,0,0,0,0,0,0,0
zc,TA301,2012-06-05 08:55:29.460,0.0000,86572,0,0.0000,0.0000,0,0,空换,S,0.0000,0.0000,0.0000,0.0000,0.0000,0.0000,0.0000,0.0000,0.0000,0.0000,0,0,0,0,0,0,0,0,0,0
zc,TA301,2012-06-05 08:55:31.227,0.0000,86572,0,0.0000,0.0000,0,0,空换,S,0.0000,0.0000,0.0000,0.0000,0.0000,0.0000,0.0000,0.0000,0.0000,0.0000,0,0,0,0,0,0,0,0,0,0
zc,TA301,2012-06-05 08:55:33.960,0.0000,86572,0,0.0000,0.0000,0,0,空换,S,0.0000,0.0000,0.0000,0.0000,0.0000,0.0000,0.0000,0.0000,0.0000,0.0000,0,0,0,0,0,0,0,0,0,0
zc,TA301,2012-06-05 08:55:35.460,0.0000,86572,0,0.0000,0.0000,0,0,空换,S,0.0000,0.0000,0.0000,0.0000,0.0000,0.0000,0.0000,0.0000,0.0000,0.0000,0,0,0,0,0,0,0,0,0,0
zc,TA301,2012-06-05 08:55:35.960,0.0000,86572,0,0.0000,0.0000,0,0,空换,S,0.0000,0.0000,0.0000,0.0000,0.0000,0.0000,0.0000,0.0000,0.0000,0.0000,0,0,0,0,0,0,0,0,0,0
zc,TA301,2012-06-05 08:55:48.710,0.0000,86572,0,0.0000,0.0000,0,0,空换,S,0.0000,0.0000,0.0000,0.0000,0.0000,0.0000,0.0000,0.0000,0.0000,0.0000,0,0,0,0,0,0,0,0,0,0
zc,TA301,2012-06-05 08:55:50.710,0.0000,86572,0,0.0000,0.0000,0,0,空换,S,0.0000,0.0000,0.0000,0.0000,0.0000,0.0000,0.0000,0.0000,0.0000,0.0000,0,0,0,0,0,0,0,0,0,0
zc,TA301,2012-06-05 08:55:52.460,0.0000,86572,0,0.0000,0.0000,0,0,空换,S,0.0000,0.0000,0.0000,0.0000,0.0000,0.0000,0.0000,0.0000,0.0000,0.0000,0,0,0,0,0,0,0,0,0,0
zc,TA301,2012-06-05 08:56:06.710,0.0000,86572,0,0.0000,0.0000,0,0,空换,S,0.0000,0.0000,0.0000,0.0000,0.0000,0.0000,0.0000,0.0000,0.0000,0.0000,0,0,0,0,0,0,0,0,0,0
zc,TA301,2012-06-05 08:56:07.710,0.0000,86572,0,0.0000,0.0000,0,0,空换,S,0.0000,0.0000,0.0000,0.0000,0.0000,0.0000,0.0000,0.0000,0.0000,0.0000,0,0,0,0,0,0,0,0,0,0
zc,TA301,2012-06-05 08:56:22.710,0.0000,86572,0,0.0000,0.0000,0,0,空换,S,0.0000,0.0000,0.0000,0.0000,0.0000,0.0000,0.0000,0.0000,0.0000,0.0000,0,0,0,0,0,0,0,0,0,0
zc,TA301,2012-06-05 08:56:24.960,0.0000,86572,0,0.0000,0.0000,0,0,空换,S,0.0000,0.0000,0.0000,0.0000,0.0000,0.0000,0.0000,0.0000,0.0000,0.0000,0,0,0,0,0,0,0,0,0,0
zc,TA301,2012-06-05 08:56:27.960,0.0000,86572,0,0.0000,0.0000,0,0,空换,S,0.0000,0.0000,0.0000,0.0000,0.0000,0.0000,0.0000,0.0000,0.0000,0.0000,0,0,0,0,0,0,0,0,0,0
zc,TA301,2012-06-05 08:56:41.710,0.0000,86572,0,0.0000,0.0000,0,0,空换,S,0.0000,0.0000,0.0000,0.0000,0.0000,0.0000,0.0000,0.0000,0.0000,0.0000,0,0,0,0,0,0,0,0,0,0
zc,TA301,2012-06-05 08:57:20.710,0.0000,86572,0,0.0000,0.0000,0,0,空换,S,0.0000,0.0000,0.0000,0.0000,0.0000,0.0000,0.0000,0.0000,0.0000,0.0000,0,0,0,0,0,0,0,0,0,0
zc,TA301,2012-06-05 08:57:24.460,0.0000,86572,0,0.0000,0.0000,0,0,空换,S,0.0000,0.0000,0.0000,0.0000,0.0000,0.0000,0.0000,0.0000,0.0000,0.0000,0,0,0,0,0,0,0,0,0,0
zc,TA301,2012-06-05 08:57:27.960,0.0000,86572,0,0.0000,0.0000,0,0,空换,S,0.0000,0.0000,0.0000,0.0000,0.0000,0.0000,0.0000,0.0000,0.0000,0.0000,0,0,0,0,0,0,0,0,0,0
zc,TA301,2012-06-05 08:57:29.460,0.0000,86572,0,0.0000,0.0000,0,0,空换,S,0.0000,0.0000,0.0000,0.0000,0.0000,0.0000,0.0000,0.0000,0.0000,0.0000,0,0,0,0,0,0,0,0,0,0
zc,TA301,2012-06-05 08:57:33.460,0.0000,86572,0,0.0000,0.0000,0,0,空换,S,0.0000,0.0000,0.0000,0.0000,0.0000,0.0000,0.0000,0.0000,0.0000,0.0000,0,0,0,0,0,0,0,0,0,0
zc,TA301,2012-06-05 08:57:49.210,0.0000,86572,0,0.0000,0.0000,0,0,空换,S,0.0000,0.0000,0.0000,0.0000,0.0000,0.0000,0.0000,0.0000,0.0000,0.0000,0,0,0,0,0,0,0,0,0,0
zc,TA301,2012-06-05 08:57:57.710,0.0000,86572,0,0.0000,0.0000,0,0,空换,S,0.0000,0.0000,0.0000,0.0000,0.0000,0.0000,0.0000,0.0000,0.0000,0.0000,0,0,0,0,0,0,0,0,0,0
zc,TA301,2012-06-05 08:57:58.460,0.0000,86572,0,0.0000,0.0000,0,0,空换,S,0.0000,0.0000,0.0000,0.0000,0.0000,0.0000,0.0000,0.0000,0.0000,0.0000,0,0,0,0,0,0,0,0,0,0
zc,TA301,2012-06-05 08:58:09.227,0.0000,86572,0,0.0000,0.0000,0,0,空换,S,0.0000,0.0000,0.0000,0.0000,0.0000,0.0000,0.0000,0.0000,0.0000,0.0000,0,0,0,0,0,0,0,0,0,0
zc,TA301,2012-06-05 08:58:15.710,0.0000,86572,0,0.0000,0.0000,0,0,空换,S,0.0000,0.0000,0.0000,0.0000,0.0000,0.0000,0.0000,0.0000,0.0000,0.0000,0,0,0,0,0,0,0,0,0,0
zc,TA301,2012-06-05 08:58:16.210,0.0000,86572,0,0.0000,0.0000,0,0,空换,S,0.0000,0.0000,0.0000,0.0000,0.0000,0.0000,0.0000,0.0000,0.0000,0.0000,0,0,0,0,0,0,0,0,0,0
zc,TA301,2012-06-05 08:58:17.960,0.0000,86572,0,0.0000,0.0000,0,0,空换,S,0.0000,0.0000,0.0000,0.0000,0.0000,0.0000,0.0000,0.0000,0.0000,0.0000,0,0,0,0,0,0,0,0,0,0
zc,TA301,2012-06-05 08:58:55.460,0.0000,86572,0,0.0000,0.0000,0,0,空换,S,0.0000,0.0000,0.0000,0.0000,0.0000,0.0000,0.0000,0.0000,0.0000,0.0000,0,0,0,0,0,0,0,0,0,0
zc,TA301,2012-06-05 08:59:00.977,0.0000,86572,0,0.0000,0.0000,0,0,空换,S,0.0000,0.0000,0.0000,0.0000,0.0000,0.0000,0.0000,0.0000,0.0000,0.0000,0,0,0,0,0,0,0,0,0,0
zc,TA301,2012-06-05 08:59:04.193,7224.0000,86684,112,0.0000,708.0000,410,298,多开,B,7222.0000,0.0000,0.0000,0.0000,0.0000,7224.0000,0.0000,0.0000,0.0000,0.0000,5,0,0,0,0,55,0,0,0,0
zc,TA301,2012-06-05 08:59:25.710,7224.0000,86684,0,0.0000,0.0000,0,0,多换,B,7222.0000,0.0000,0.0000,0.0000,0.0000,7224.0000,0.0000,0.0000,0.0000,0.0000,5,0,0,0,0,55,0,0,0,0
zc,TA301,2012-06-05 09:00:01.820,7224.0000,86800,116,0.0000,116.0000,116,0,双开,B,7220.0000,0.0000,0.0000,0.0000,0.0000,7224.0000,0.0000,0.0000,0.0000,0.0000,20,0,0,0,0,48,0,0,0,0
zc,TA301,2012-06-05 09:00:02.663,7204.0000,87140,340,0.0000,400.0000,370,30,空开,S,7202.0000,0.0000,0.0000,0.0000,0.0000,7204.0000,0.0000,0.0000,0.0000,0.0000,2,0,0,0,0,36,0,0,0,0
zc,TA301,2012-06-05 09:00:03.930,7222.0000,87478,338,0.0000,488.0000,413,75,多开,B,7212.0000,0.0000,0.0000,0.0000,0.0000,7226.0000,0.0000,0.0000,0.0000,0.0000,1,0,0,0,0,78,0,0,0,0
zc,TA301,2012-06-05 09:00:05.430,7228.0000,87480,2,0.0000,64.0000,33,31,多开,B,7228.0000,0.0000,0.0000,0.0000,0.0000,7230.0000,0.0000,0.0000,0.0000,0.0000,9,0,0,0,0,18,0,0,0,0
zc,TA301,2012-06-05 09:00:06.147,7224.0000,87494,14,0.0000,42.0000,28,14,空开,S,7224.0000,0.0000,0.0000,0.0000,0.0000,7230.0000,0.0000,0.0000,0.0000,0.0000,43,0,0,0,0,223,0,0,0,0
zc,TA301,2012-06-05 09:00:06.897,7230.0000,87520,26,0.0000,40.0000,33,7,多开,B,7228.0000,0.0000,0.0000,0.0000,0.0000,7230.0000,0.0000,0.0000,0.0000,0.0000,1,0,0,0,0,2,0,0,0,0
zc,TA301,2012-06-05 09:00:07.367,7234.0000,87536,16,0.0000,30.0000,23,7,多开,B,7230.0000,0.0000,0.0000,0.0000,0.0000,7234.0000,0.0000,0.0000,0.0000,0.0000,13,0,0,0,0,16,0,0,0,0
zc,TA301,2012-06-05 09:00:08.070,7234.0000,87562,26,0.0000,40.0000,33,7,多开,B,7230.0000,0.0000,0.0000,0.0000,0.0000,7234.0000,0.0000,0.0000,0.0000,0.0000,16,0,0,0,0,11,0,0,0,0
zc,TA301,2012-06-05 09:00:08.600,7234.0000,87562,0,0.0000,0.0000,0,0,多换,B,7230.0000,0.0000,0.0000,0.0000,0.0000,7232.0000,0.0000,0.0000,0.0000,0.0000,17,0,0,0,0,209,0,0,0,0
zc,TA301,2012-06-05 09:00:09.383,7234.0000,87590,28,0.0000,52.0000,40,12,多开,B,7230.0000,0.0000,0.0000,0.0000,0.0000,7234.0000,0.0000,0.0000,0.0000,0.0000,12,0,0,0,0,10,0,0,0,0
zc,TA301,2012-06-05 09:00:09.913,7234.0000,87614,24,0.0000,30.0000,27,3,多开,B,7230.0000,0.0000,0.0000,0.0000,0.0000,7234.0000,0.0000,0.0000,0.0000,0.0000,2,0,0,0,0,180,0,0,0,0
zc,TA301,2012-06-05 09:00:10.663,7234.0000,87622,8,0.0000,8.0000,8,0,双开,B,7232.0000,0.0000,0.0000,0.0000,0.0000,7236.0000,0.0000,0.0000,0.0000,0.0000,10,0,0,0,0,1,0,0,0,0
zc,TA301,2012-06-05 09:00:11.383,7234.0000,87628,6,0.0000,10.0000,8,2,多开,B,7232.0000,0.0000,0.0000,0.0000,0.0000,7234.0000,0.0000,0.0000,0.0000,0.0000,3,0,0,0,0,85,0,0,0,0
zc,TA301,2012-06-05 09:00:12.147,7236.0000,87634,6,0.0000,22.0000,14,8,多开,B,7234.0000,0.0000,0.0000,0.0000,0.0000,7236.0000,0.0000,0.0000,0.0000,0.0000,2,0,0,0,0,161,0,0,0,0
zc,TA301,2012-06-05 09:00:12.600,7234.0000,87652,18,0.0000,38.0000,28,10,空开,S,7230.0000,0.0000,0.0000,0.0000,0.0000,7232.0000,0.0000,0.0000,0.0000,0.0000,2,0,0,0,0,93,0,0,0,0
zc,TA301,2012-06-05 09:00:13.383,7236.0000,87688,36,0.0000,36.0000,36,0,双开,B,7230.0000,0.0000,0.0000,0.0000,0.0000,7236.0000,0.0000,0.0000,0.0000,0.0000,2,0,0,0,0,1,0,0,0,0
zc,TA301,2012-06-05 09:00:13.867,7232.0000,87690,2,0.0000,32.0000,17,15,空开,S,7230.0000,0.0000,0.0000,0.0000,0.0000,7240.0000,0.0000,0.0000,0.0000,0.0000,2,0,0,0,0,40,0,0,0,0
zc,TA301,2012-06-05 09:00:14.397,7234.0000,87760,70,0.0000,76.0000,73,3,多开,B,7234.0000,0.0000,0.0000,0.0000,0.0000,7240.0000,0.0000,0.0000,0.0000,0.0000,1,0,0,0,0,5,0,0,0,0
zc,TA301,2012-06-05 09:00:15.117,7240.0000,87916,156,0.0000,192.0000,174,18,多开,B,7236.0000,0.0000,0.0000,0.0000,0.0000,7244.0000,0.0000,0.0000,0.0000,0.0000,3,0,0,0,0,1,0,0,0,0
zc,TA301,2012-06-05 09:00:15.850,7244.0000,87916,0,0.0000,2.0000,1,1,多换,B,7244.0000,0.0000,0.0000,0.0000,0.0000,7246.0000,0.0000,0.0000,0.0000,0.0000,3,0,0,0,0,600,0,0,0,0
zc,TA301,2012-06-05 09:00:16.617,7246.0000,87882,-34,0.0000,360.0000,163,197,空平,B,7244.0000,0.0000,0.0000,0.0000,0.0000,7246.0000,0.0000,0.0000,0.0000,0.0000,2,0,0,0,0,449,0,0,0,0
zc,TA301,2012-06-05 09:00:17.070,7240.0000,87880,-2,0.0000,62.0000,30,32,多平,S,7240.0000,0.0000,0.0000,0.0000,0.0000,7246.0000,0.0000,0.0000,0.0000,0.0000,3,0,0,0,0,426,0,0,0,0
zc,TA301,2012-06-05 09:00:17.867,7244.0000,87880,0,0.0000,216.0000,108,108,多换,B,7242.0000,0.0000,0.0000,0.0000,0.0000,7246.0000,0.0000,0.0000,0.0000,0.0000,3,0,0,0,0,318,0,0,0,0
zc,TA301,2012-06-05 09:00:18.350,7246.0000,87926,46,0.0000,60.0000,53,7,多开,B,7242.0000,0.0000,0.0000,0.0000,0.0000,7246.0000,0.0000,0.0000,0.0000,0.0000,3,0,0,0,0,286,0,0,0,0
zc,TA301,2012-06-05 09:00:19.117,7246.0000,87932,6,0.0000,10.0000,8,2,多开,B,7244.0000,0.0000,0.0000,0.0000,0.0000,7246.0000,0.0000,0.0000,0.0000,0.0000,1,0,0,0,0,284,0,0,0,0
zc,TA301,2012-06-05 09:00:20.383,7240.0000,87998,66,0.0000,120.0000,93,27,空开,S,7240.0000,0.0000,0.0000,0.0000,0.0000,7246.0000,0.0000,0.0000,0.0000,0.0000,15,0,0,0,0,249,0,0,0,0
zc,TA301,2012-06-05 09:00:21.133,7244.0000,88020,22,0.0000,28.0000,25,3,多开,B,7240.0000,0.0000,0.0000,0.0000,0.0000,7244.0000,0.0000,0.0000,0.0000,0.0000,10,0,0,0,0,3,0,0,0,0
zc,TA301,2012-06-05 09:00:21.883,7244.0000,88032,12,0.0000,28.0000,20,8,多开,B,7240.0000,0.0000,0.0000,0.0000,0.0000,7246.0000,0.0000,0.0000,0.0000,0.0000,6,0,0,0,0,239,0,0,0,0
zc,TA301,2012-06-05 09:00:22.617,7246.0000,88040,8,0.0000,94.0000,51,43,多开,B,7240.0000,0.0000,0.0000,0.0000,0.0000,7246.0000,0.0000,0.0000,0.0000,0.0000,6,0,0,0,0,282,0,0,0,0
zc,TA301,2012-06-05 09:00:23.053,7246.0000,88046,6,0.0000,8.0000,7,1,多开,B,7240.0000,0.0000,0.0000,0.0000,0.0000,7246.0000,0.0000,0.0000,0.0000,0.0000,8,0,0,0,0,279,0,0,0,0
zc,TA301,2012-06-05 09:00:23.867,7246.0000,88066,20,0.0000,60.0000,40,20,多开,B,7242.0000,0.0000,0.0000,0.0000,0.0000,7244.0000,0.0000,0.0000,0.0000,0.0000,1,0,0,0,0,1,0,0,0,0
zc,TA301,2012-06-05 09:00:24.633,7244.0000,88066,0,0.0000,4.0000,2,2,空换,S,7242.0000,0.0000,0.0000,0.0000,0.0000,7244.0000,0.0000,0.0000,0.0000,0.0000,1,0,0,0,0,14,0,0,0,0
zc,TA301,2012-06-05 09:00:25.367,7244.0000,88078,12,0.0000,24.0000,18,6,空开,S,7240.0000,0.0000,0.0000,0.0000,0.0000,7244.0000,0.0000,0.0000,0.0000,0.0000,109,0,0,0,0,131,0,0,0,0
zc,TA301,2012-06-05 09:00:25.727,7240.0000,88224,146,0.0000,158.0000,152,6,空开,S,7240.0000,0.0000,0.0000,0.0000,0.0000,7242.0000,0.0000,0.0000,0.0000,0.0000,35,0,0,0,0,51,0,0,0,0
zc,TA301,2012-06-05 09:00:25.897,7234.0000,88296,72,0.0000,74.0000,73,1,空开,S,7232.0000,0.0000,0.0000,0.0000,0.0000,7236.0000,0.0000,0.0000,0.0000,0.0000,1,0,0,0,0,15,0,0,0,0
zc,TA301,2012-06-05 09:00:26.850,7236.0000,88300,4,0.0000,30.0000,17,13,多开,B,7230.0000,0.0000,0.0000,0.0000,0.0000,7236.0000,0.0000,0.0000,0.0000,0.0000,5,0,0,0,0,12,0,0,0,0
zc,TA301,2012-06-05 09:00:27.850,7236.0000,88300,0,0.0000,4.0000,2,2,多换,B,7230.0000,0.0000,0.0000,0.0000,0.0000,7236.0000,0.0000,0.0000,0.0000,0.0000,9,0,0,0,0,3,0,0,0,0
zc,TA301,2012-06-05 09:00:28.587,7236.0000,88314,14,0.0000,30.0000,22,8,多开,B,7228.0000,0.0000,0.0000,0.0000,0.0000,7238.0000,0.0000,0.0000,0.0000,0.0000,2,0,0,0,0,10,0,0,0,0
zc,TA301,2012-06-05 09:00:29.133,7236.0000,88314,0,0.0000,8.0000,4,4,多换,B,7236.0000,0.0000,0.0000,0.0000,0.0000,7240.0000,0.0000,0.0000,0.0000,0.0000,9,0,0,0,0,30,0,0,0,0
zc,TA301,2012-06-05 09:00:29.820,7236.0000,88316,2,0.0000,2.0000,2,0,双开,B,7236.0000,0.0000,0.0000,0.0000,0.0000,7238.0000,0.0000,0.0000,0.0000,0.0000,9,0,0,0,0,10,0,0,0,0
zc,TA301,2012-06-05 09:00:30.350,7236.0000,88330,14,0.0000,34.0000,24,10,多开,B,7234.0000,0.0000,0.0000,0.0000,0.0000,7236.0000,0.0000,0.0000,0.0000,0.0000,1,0,0,0,0,8,0,0,0,0
zc,TA301,2012-06-05 09:00:30.820,7228.0000,88302,-28,0.0000,46.0000,9,37,多平,S,7228.0000,0.0000,0.0000,0.0000,0.0000,7236.0000,0.0000,0.0000,0.0000,0.0000,2,0,0,0,0,7,0,0,0,0
zc,TA301,2012-06-05 09:00:31.837,7230.0000,88298,-4,0.0000,10.0000,3,7,空平,B,7228.0000,0.0000,0.0000,0.0000,0.0000,7230.0000,0.0000,0.0000,0.0000,0.0000,2,0,0,0,0,3,0,0,0,0
zc,TA301,2012-06-05 09:00:32.367,7234.0000,88296,-2,0.0000,12.0000,5,7,空平,B,7230.0000,0.0000,0.0000,0.0000,0.0000,7238.0000,0.0000,0.0000,0.0000,0.0000,4,0,0,0,0,7,0,0,0,0
zc,TA301,2012-06-05 09:00:33.147,7236.0000,88308,12,0.0000,12.0000,12,0,双开,B,7230.0000,0.0000,0.0000,0.0000,0.0000,7236.0000,0.0000,0.0000,0.0000,0.0000,2,0,0,0,0,1,0,0,0,0
zc,TA301,2012-06-05 09:00:33.570,7238.0000,88414,106,0.0000,106.0000,106,0,双开,B,7230.0000,0.0000,0.0000,0.0000,0.0000,7238.0000,0.0000,0.0000,0.0000,0.0000,3,0,0,0,0,252,0,0,0,0
zc,TA301,2012-06-05 09:00:34.320,7236.0000,88426,12,0.0000,14.0000,13,1,空开,S,7230.0000,0.0000,0.0000,0.0000,0.0000,7236.0000,0.0000,0.0000,0.0000,0.0000,3,0,0,0,0,6,0,0,0,0
zc,TA301,2012-06-05 09:00:34.837,7236.0000,88438,12,0.0000,14.0000,13,1,空开,S,7236.0000,0.0000,0.0000,0.0000,0.0000,7238.0000,0.0000,0.0000,0.0000,0.0000,6,0,0,0,0,252,0,0,0,0
zc,TA301,2012-06-05 09:00:35.617,7236.0000,88450,12,0.0000,12.0000,12,0,双开,S,7230.0000,0.0000,0.0000,0.0000,0.0000,7236.0000,0.0000,0.0000,0.0000,0.0000,4,0,0,0,0,55,0,0,0,0
zc,TA301,2012-06-05 09:00:36.100,7236.0000,88452,2,0.0000,6.0000,4,2,空开,S,7230.0000,0.0000,0.0000,0.0000,0.0000,7236.0000,0.0000,0.0000,0.0000,0.0000,4,0,0,0,0,75,0,0,0,0
zc,TA301,2012-06-05 09:00:37.087,7230.0000,88448,-4,0.0000,18.0000,7,11,多平,S,7228.0000,0.0000,0.0000,0.0000,0.0000,7234.0000,0.0000,0.0000,0.0000,0.0000,4,0,0,0,0,3,0,0,0,0
zc,TA301,2012-06-05 09:00:37.633,7234.0000,88448,0,0.0000,2.0000,1,1,多换,B,7230.0000,0.0000,0.0000,0.0000,0.0000,7234.0000,0.0000,0.0000,0.0000,0.0000,3,0,0,0,0,160,0,0,0,0
zc,TA301,2012-06-05 09:00:38.367,7230.0000,88454,6,0.0000,26.0000,16,10,空开,S,7230.0000,0.0000,0.0000,0.0000,0.0000,7232.0000,0.0000,0.0000,0.0000,0.0000,10,0,0,0,0,100,0,0,0,0
zc,TA301,2012-06-05 09:00:38.837,7230.0000,88456,2,0.0000,22.0000,12,10,空开,S,7232.0000,0.0000,0.0000,0.0000,0.0000,7234.0000,0.0000,0.0000,0.0000,0.0000,2,0,0,0,0,16,0,0,0,0
zc,TA301,2012-06-05 09:00:39.850,7230.0000,88470,14,0.0000,16.0000,15,1,空开,S,7226.0000,0.0000,0.0000,0.0000,0.0000,7232.0000,0.0000,0.0000,0.0000,0.0000,2,0,0,0,0,104,0,0,0,0
zc,TA301,2012-06-05 09:00:40.367,7230.0000,88470,0,0.0000,0.0000,0,0,空换,S,7230.0000,0.0000,0.0000,0.0000,0.0000,7232.0000,0.0000,0.0000,0.0000,0.0000,1,0,0,0,0,67,0,0,0,0
zc,TA301,2012-06-05 09:00:40.850,7230.0000,88470,0,0.0000,2.0000,1,1,空换,S,7228.0000,0.0000,0.0000,0.0000,0.0000,7230.0000,0.0000,0.0000,0.0000,0.0000,1,0,0,0,0,20,0,0,0,0
zc,TA301,2012-06-05 09:00:41.633,7230.0000,88470,0,0.0000,14.0000,7,7,空换,S,7228.0000,0.0000,0.0000,0.0000,0.0000,7230.0000,0.0000,0.0000,0.0000,0.0000,1,0,0,0,0,13,0,0,0,0
zc,TA301,2012-06-05 09:00:42.850,7230.0000,88468,-2,0.0000,28.0000,13,15,多平,S,7230.0000,0.0000,0.0000,0.0000,0.0000,7234.0000,0.0000,0.0000,0.0000,0.0000,1,0,0,0,0,6,0,0,0,0
zc,TA301,2012-06-05 09:00:43.633,7228.0000,88468,0,0.0000,4.0000,2,2,空换,S,7226.0000,0.0000,0.0000,0.0000,0.0000,7230.0000,0.0000,0.0000,0.0000,0.0000,2,0,0,0,0,1,0,0,0,0
zc,TA301,2012-06-05 09:00:44.087,7228.0000,88468,0,0.0000,0.0000,0,0,空换,S,7228.0000,0.0000,0.0000,0.0000,0.0000,7234.0000,0.0000,0.0000,0.0000,0.0000,4,0,0,0,0,6,0,0,0,0
zc,TA301,2012-06-05 09:00:44.837,7228.0000,88468,0,0.0000,0.0000,0,0,空换,S,7230.0000,0.0000,0.0000,0.0000,0.0000,7234.0000,0.0000,0.0000,0.0000,0.0000,4,0,0,0,0,4,0,0,0,0
zc,TA301,2012-06-05 09:00:45.350,7234.0000,88556,88,0.0000,106.0000,97,9,多开,B,7230.0000,0.0000,0.0000,0.0000,0.0000,7234.0000,0.0000,0.0000,0.0000,0.0000,1,0,0,0,0,56,0,0,0,0
zc,TA301,2012-06-05 09:00:46.337,7224.0000,88372,-184,0.0000,226.0000,21,205,多平,S,7222.0000,0.0000,0.0000,0.0000,0.0000,7224.0000,0.0000,0.0000,0.0000,0.0000,2,0,0,0,0,887,0,0,0,0
zc,TA301,2012-06-05 09:00:46.837,7224.0000,88316,-56,0.0000,66.0000,5,61,多平,S,7222.0000,0.0000,0.0000,0.0000,0.0000,7224.0000,0.0000,0.0000,0.0000,0.0000,2,0,0,0,0,854,0,0,0,0
zc,TA301,2012-06-05 09:00:47.553,7224.0000,88274,-42,0.0000,60.0000,9,51,多平,S,7222.0000,0.0000,0.0000,0.0000,0.0000,7224.0000,0.0000,0.0000,0.0000,0.0000,5,0,0,0,0,824,0,0,0,0
zc,TA301,2012-06-05 09:00:48.037,7222.0000,88262,-12,0.0000,18.0000,3,15,多平,S,7222.0000,0.0000,0.0000,0.0000,0.0000,7224.0000,0.0000,0.0000,0.0000,0.0000,6,0,0,0,0,819,0,0,0,0
zc,TA301,2012-06-05 09:00:48.787,7224.0000,88262,0,0.0000,16.0000,8,8,多换,B,7222.0000,0.0000,0.0000,0.0000,0.0000,7224.0000,0.0000,0.0000,0.0000,0.0000,6,0,0,0,0,811,0,0,0,0
zc,TA301,2012-06-05 09:00:49.570,7224.0000,87930,-332,0.0000,336.0000,2,334,空平,B,7222.0000,0.0000,0.0000,0.0000,0.0000,7224.0000,0.0000,0.0000,0.0000,0.0000,5,0,0,0,0,652,0,0,0,0
zc,TA301,2012-06-05 09:00:50.587,7224.0000,87924,-6,0.0000,6.0000,0,6,双平,B,7222.0000,0.0000,0.0000,0.0000,0.0000,7224.0000,0.0000,0.0000,0.0000,0.0000,6,0,0,0,0,649,0,0,0,0
zc,TA301,2012-06-05 09:00:51.133,7220.0000,87930,6,0.0000,16.0000,11,5,空开,S,7220.0000,0.0000,0.0000,0.0000,0.0000,7224.0000,0.0000,0.0000,0.0000,0.0000,5,0,0,0,0,647,0,0,0,0
zc,TA301,2012-06-05 09:00:51.820,7224.0000,87926,-4,0.0000,8.0000,2,6,空平,B,7220.0000,0.0000,0.0000,0.0000,0.0000,7224.0000,0.0000,0.0000,0.0000,0.0000,10,0,0,0,0,645,0,0,0,0
zc,TA301,2012-06-05 09:00:52.053,7224.0000,87924,-2,0.0000,6.0000,2,4,空平,B,7220.0000,0.0000,0.0000,0.0000,0.0000,7224.0000,0.0000,0.0000,0.0000,0.0000,7,0,0,0,0,643,0,0,0,0
zc,TA301,2012-06-05 09:00:53.070,7224.0000,87608,-316,0.0000,332.0000,8,324,空平,B,7218.0000,0.0000,0.0000,0.0000,0.0000,7224.0000,0.0000,0.0000,0.0000,0.0000,8,0,0,0,0,497,0,0,0,0
zc,TA301,2012-06-05 09:00:53.537,7224.0000,87568,-40,0.0000,42.0000,1,41,空平,B,7222.0000,0.0000,0.0000,0.0000,0.0000,7224.0000,0.0000,0.0000,0.0000,0.0000,2,0,0,0,0,479,0,0,0,0
zc,TA301,2012-06-05 09:00:54.007,7224.0000,87534,-34,0.0000,132.0000,49,83,空平,B,7222.0000,0.0000,0.0000,0.0000,0.0000,7224.0000,0.0000,0.0000,0.0000,0.0000,38,0,0,0,0,418,0,0,0,0
zc,TA301,2012-06-05 09:00:54.837,7222.0000,87368,-166,0.0000,168.0000,1,167,多平,S,7216.0000,0.0000,0.0000,0.0000,0.0000,7222.0000,0.0000,0.0000,0.0000,0.0000,8,0,0,0,0,13,0,0,0,0
zc,TA301,2012-06-05 09:00:55.537,7222.0000,87364,-4,0.0000,14.0000,5,9,多平,S,7220.0000,0.0000,0.0000,0.0000,0.0000,7222.0000,0.0000,0.0000,0.0000,0.0000,4,0,0,0,0,12,0,0,0,0
zc,TA301,2012-06-05 09:00:56.037,7222.0000,87364,0,0.0000,6.0000,3,3,空换,S,7220.0000,0.0000,0.0000,0.0000,0.0000,7222.0000,0.0000,0.0000,0.0000,0.0000,4,0,0,0,0,9,0,0,0,0
zc,TA301,2012-06-05 09:00:56.837,7220.0000,87360,-4,0.0000,8.0000,2,6,多平,S,7220.0000,0.0000,0.0000,0.0000,0.0000,7222.0000,0.0000,0.0000,0.0000,0.0000,3,0,0,0,0,6,0,0,0,0
zc,TA301,2012-06-05 09:00:57.383,7222.0000,87358,-2,0.0000,14.0000,6,8,空平,B,7218.0000,0.0000,0.0000,0.0000,0.0000,7222.0000,0.0000,0.0000,0.0000,0.0000,2,0,0,0,0,2,0,0,0,0
zc,TA301,2012-06-05 09:00:58.337,7222.0000,87368,10,0.0000,12.0000,11,1,多开,B,7216.0000,0.0000,0.0000,0.0000,0.0000,7220.0000,0.0000,0.0000,0.0000,0.0000,3,0,0,0,0,2,0,0,0,0
zc,TA301,2012-06-05 09:00:58.837,7222.0000,87374,6,0.0000,10.0000,8,2,多开,B,7220.0000,0.0000,0.0000,0.0000,0.0000,7222.0000,0.0000,0.0000,0.0000,0.0000,2,0,0,0,0,17,0,0,0,0
zc,TA301,2012-06-05 09:00:59.600,7222.0000,87360,-14,0.0000,34.0000,10,24,空平,B,7222.0000,0.0000,0.0000,0.0000,0.0000,7224.0000,0.0000,0.0000,0.0000,0.0000,54,0,0,0,0,367,0,0,0,0
zc,TA301,2012-06-05 09:01:00.070,7222.0000,87272,-88,0.0000,104.0000,8,96,空平,B,7222.0000,0.0000,0.0000,0.0000,0.0000,7224.0000,0.0000,0.0000,0.0000,0.0000,51,0,0,0,0,317,0,0,0,0
zc,TA301,2012-06-05 09:01:00.803,7224.0000,87152,-120,0.0000,194.0000,37,157,空平,B,7222.0000,0.0000,0.0000,0.0000,0.0000,7224.0000,0.0000,0.0000,0.0000,0.0000,52,0,0,0,0,228,0,0,0,0
zc,TA301,2012-06-05 09:01:01.320,7222.0000,87130,-22,0.0000,28.0000,3,25,多平,S,7222.0000,0.0000,0.0000,0.0000,0.0000,7224.0000,0.0000,0.0000,0.0000,0.0000,48,0,0,0,0,218,0,0,0,0
zc,TA301,2012-06-05 09:01:02.087,7224.0000,87086,-44,0.0000,74.0000,15,59,空平,B,7222.0000,0.0000,0.0000,0.0000,0.0000,7224.0000,0.0000,0.0000,0.0000,0.0000,50,0,0,0,0,181,0,0,0,0
zc,TA301,2012-06-05 09:01:02.820,7224.0000,87082,-4,0.0000,32.0000,14,18,空平,B,7222.0000,0.0000,0.0000,0.0000,0.0000,7224.0000,0.0000,0.0000,0.0000,0.0000,49,0,0,0,0,165,0,0,0,0
zc,TA301,2012-06-05 09:01:03.587,7224.0000,87080,-2,0.0000,4.0000,1,3,空平,B,7222.0000,0.0000,0.0000,0.0000,0.0000,7224.0000,0.0000,0.0000,0.0000,0.0000,49,0,0,0,0,163,0,0,0,0
zc,TA301,2012-06-05 09:01:03.820,7224.0000,87078,-2,0.0000,4.0000,1,3,空平,B,7222.0000,0.0000,0.0000,0.0000,0.0000,7224.0000,0.0000,0.0000,0.0000,0.0000,48,0,0,0,0,162,0,0,0,0
zc,TA301,2012-06-05 09:01:04.537,7222.0000,87034,-44,0.0000,44.0000,0,44,双平,S,7222.0000,0.0000,0.0000,0.0000,0.0000,7224.0000,0.0000,0.0000,0.0000,0.0000,26,0,0,0,0,162,0,0,0,0
zc,TA301,2012-06-05 09:01:05.100,7224.0000,87034,0,0.0000,2.0000,1,1,多换,B,7222.0000,0.0000,0.0000,0.0000,0.0000,7224.0000,0.0000,0.0000,0.0000,0.0000,30,0,0,0,0,161,0,0,0,0
zc,TA301,2012-06-05 09:01:05.837,7224.0000,87022,-12,0.0000,16.0000,2,14,空平,B,7222.0000,0.0000,0.0000,0.0000,0.0000,7224.0000,0.0000,0.0000,0.0000,0.0000,25,0,0,0,0,159,0,0,0,0
zc,TA301,2012-06-05 09:01:06.320,7224.0000,87022,0,0.0000,4.0000,2,2,多换,B,7222.0000,0.0000,0.0000,0.0000,0.0000,7224.0000,0.0000,0.0000,0.0000,0.0000,68,0,0,0,0,163,0,0,0,0
zc,TA301,2012-06-05 09:01:07.053,7224.0000,87022,0,0.0000,4.0000,2,2,多换,B,7222.0000,0.0000,0.0000,0.0000,0.0000,7224.0000,0.0000,0.0000,0.0000,0.0000,68,0,0,0,0,157,0,0,0,0
zc,TA301,2012-06-05 09:01:07.787,7224.0000,87018,-4,0.0000,6.0000,1,5,空平,B,7222.0000,0.0000,0.0000,0.0000,0.0000,7224.0000,0.0000,0.0000,0.0000,0.0000,72,0,0,0,0,155,0,0,0,0
zc,TA301,2012-06-05 09:01:08.320,7224.0000,87016,-2,0.0000,14.0000,6,8,空平,B,7222.0000,0.0000,0.0000,0.0000,0.0000,7224.0000,0.0000,0.0000,0.0000,0.0000,72,0,0,0,0,148,0,0,0,0
zc,TA301,2012-06-05 09:01:09.023,7222.0000,87014,-2,0.0000,104.0000,51,53,多平,S,7222.0000,0.0000,0.0000,0.0000,0.0000,7224.0000,0.0000,0.0000,0.0000,0.0000,71,0,0,0,0,97,0,0,0,0
zc,TA301,2012-06-05 09:01:09.570,7222.0000,87014,0,0.0000,0.0000,0,0,空换,S,7222.0000,0.0000,0.0000,0.0000,0.0000,7224.0000,0.0000,0.0000,0.0000,0.0000,71,0,0,0,0,106,0,0,0,0
zc,TA301,2012-06-05 09:01:10.303,7222.0000,87014,0,0.0000,0.0000,0,0,空换,S,7222.0000,0.0000,0.0000,0.0000,0.0000,7224.0000,0.0000,0.0000,0.0000,0.0000,72,0,0,0,0,106,0,0,0,0
zc,TA301,2012-06-05 09:01:10.787,7224.0000,87014,0,0.0000,18.0000,9,9,多换,B,7222.0000,0.0000,0.0000,0.0000,0.0000,7224.0000,0.0000,0.0000,0.0000,0.0000,73,0,0,0,0,97,0,0,0,0
zc,TA301,2012-06-05 09:01:11.587,7222.0000,87014,0,0.0000,4.0000,2,2,空换,S,7222.0000,0.0000,0.0000,0.0000,0.0000,7224.0000,0.0000,0.0000,0.0000,0.0000,74,0,0,0,0,101,0,0,0,0
zc,TA301,2012-06-05 09:01:12.087,7224.0000,86998,-16,0.0000,64.0000,24,40,空平,B,7222.0000,0.0000,0.0000,0.0000,0.0000,7224.0000,0.0000,0.0000,0.0000,0.0000,45,0,0,0,0,95,0,0,0,0
zc,TA301,2012-06-05 09:01:12.787,7224.0000,86936,-62,0.0000,92.0000,15,77,空平,B,7222.0000,0.0000,0.0000,0.0000,0.0000,7224.0000,0.0000,0.0000,0.0000,0.0000,53,0,0,0,0,51,0,0,0,0
zc,TA301,2012-06-05 09:01:13.320,7224.0000,86964,28,0.0000,86.0000,57,29,多开,B,7222.0000,0.0000,0.0000,0.0000,0.0000,7224.0000,0.0000,0.0000,0.0000,0.0000,52,0,0,0,0,9,0,0,0,0
zc,TA301,2012-06-05 09:01:14.100,7222.0000,86992,28,0.0000,48.0000,38,10,空开,S,7222.0000,0.0000,0.0000,0.0000,0.0000,7224.0000,0.0000,0.0000,0.0000,0.0000,30,0,0,0,0,13,0,0,0,0
zc,TA301,2012-06-05 09:01:14.570,7224.0000,86996,4,0.0000,4.0000,4,0,双开,B,7222.0000,0.0000,0.0000,0.0000,0.0000,7224.0000,0.0000,0.0000,0.0000,0.0000,30,0,0,0,0,11,0,0,0,0
zc,TA301,2012-06-05 09:01:15.257,7224.0000,87012,16,0.0000,18.0000,17,1,多开,B,7222.0000,0.0000,0.0000,0.0000,0.0000,7224.0000,0.0000,0.0000,0.0000,0.0000,29,0,0,0,0,17,0,0,0,0
zc,TA301,2012-06-05 09:01:15.773,7222.0000,87018,6,0.0000,48.0000,27,21,空开,S,7222.0000,0.0000,0.0000,0.0000,0.0000,7224.0000,0.0000,0.0000,0.0000,0.0000,8,0,0,0,0,61,0,0,0,0
zc,TA301,2012-06-05 09:01:16.523,7222.0000,87026,8,0.0000,8.0000,8,0,双开,S,7222.0000,0.0000,0.0000,0.0000,0.0000,7224.0000,0.0000,0.0000,0.0000,0.0000,4,0,0,0,0,57,0,0,0,0
zc,TA301,2012-06-05 09:01:17.070,7222.0000,87036,10,0.0000,10.0000,10,0,双开,S,7220.0000,0.0000,0.0000,0.0000,0.0000,7222.0000,0.0000,0.0000,0.0000,0.0000,37,0,0,0,0,2,0,0,0,0
zc,TA301,2012-06-05 09:01:17.757,7222.0000,87040,4,0.0000,22.0000,13,9,空开,S,7220.0000,0.0000,0.0000,0.0000,0.0000,7222.0000,0.0000,0.0000,0.0000,0.0000,28,0,0,0,0,55,0,0,0,0
zc,TA301,2012-06-05 09:01:18.240,7222.0000,87052,12,0.0000,50.0000,31,19,空开,S,7220.0000,0.0000,0.0000,0.0000,0.0000,7222.0000,0.0000,0.0000,0.0000,0.0000,25,0,0,0,0,33,0,0,0,0
zc,TA301,2012-06-05 09:01:19.087,7220.0000,87052,0,0.0000,58.0000,29,29,空换,S,7218.0000,0.0000,0.0000,0.0000,0.0000,7220.0000,0.0000,0.0000,0.0000,0.0000,4,0,0,0,0,25,0,0,0,0
zc,TA301,2012-06-05 09:01:19.570,7220.0000,87058,6,0.0000,10.0000,8,2,空开,S,7218.0000,0.0000,0.0000,0.0000,0.0000,7220.0000,0.0000,0.0000,0.0000,0.0000,4,0,0,0,0,23,0,0,0,0
zc,TA301,2012-06-05 09:01:20.303,7220.0000,87064,6,0.0000,12.0000,9,3,空开,S,7216.0000,0.0000,0.0000,0.0000,0.0000,7220.0000,0.0000,0.0000,0.0000,0.0000,3,0,0,0,0,21,0,0,0,0
zc,TA301,2012-06-05 09:01:20.850,7220.0000,87064,0,0.0000,2.0000,1,1,空换,S,7216.0000,0.0000,0.0000,0.0000,0.0000,7218.0000,0.0000,0.0000,0.0000,0.0000,5,0,0,0,0,1,0,0,0,0
zc,TA301,2012-06-05 09:01:21.617,7220.0000,87070,6,0.0000,8.0000,7,1,空开,S,7216.0000,0.0000,0.0000,0.0000,0.0000,7218.0000,0.0000,0.0000,0.0000,0.0000,3,0,0,0,0,3,0,0,0,0
zc,TA301,2012-06-05 09:01:22.087,7216.0000,87080,10,0.0000,14.0000,12,2,空开,S,7216.0000,0.0000,0.0000,0.0000,0.0000,7220.0000,0.0000,0.0000,0.0000,0.0000,1,0,0,0,0,18,0,0,0,0
zc,TA301,2012-06-05 09:01:22.803,7216.0000,87080,0,0.0000,2.0000,1,1,空换,S,7214.0000,0.0000,0.0000,0.0000,0.0000,7220.0000,0.0000,0.0000,0.0000,0.0000,2,0,0,0,0,17,0,0,0,0
zc,TA301,2012-06-05 09:01:23.617,7220.0000,87090,10,0.0000,10.0000,10,0,双开,B,7212.0000,0.0000,0.0000,0.0000,0.0000,7218.0000,0.0000,0.0000,0.0000,0.0000,6,0,0,0,0,2,0,0,0,0
zc,TA301,2012-06-05 09:01:24.070,7216.0000,87106,16,0.0000,24.0000,20,4,空开,S,7214.0000,0.0000,0.0000,0.0000,0.0000,7216.0000,0.0000,0.0000,0.0000,0.0000,2,0,0,0,0,17,0,0,0,0
zc,TA301,2012-06-05 09:01:24.820,7216.0000,87098,-8,0.0000,10.0000,1,9,多平,S,7214.0000,0.0000,0.0000,0.0000,0.0000,7216.0000,0.0000,0.0000,0.0000,0.0000,1,0,0,0,0,12,0,0,0,0
zc,TA301,2012-06-05 09:01:25.320,7216.0000,87098,0,0.0000,2.0000,1,1,空换,S,7218.0000,0.0000,0.0000,0.0000,0.0000,7220.0000,0.0000,0.0000,0.0000,0.0000,4,0,0,0,0,17,0,0,0,0
zc,TA301,2012-06-05 09:01:26.070,7216.0000,87098,0,0.0000,2.0000,1,1,空换,S,7218.0000,0.0000,0.0000,0.0000,0.0000,7220.0000,0.0000,0.0000,0.0000,0.0000,3,0,0,0,0,18,0,0,0,0
zc,TA301,2012-06-05 09:01:26.587,7218.0000,87098,0,0.0000,2.0000,1,1,多换,B,7218.0000,0.0000,0.0000,0.0000,0.0000,7220.0000,0.0000,0.0000,0.0000,0.0000,3,0,0,0,0,3,0,0,0,0
zc,TA301,2012-06-05 09:01:27.850,7216.0000,87092,-6,0.0000,10.0000,2,8,多平,S,7216.0000,0.0000,0.0000,0.0000,0.0000,7218.0000,0.0000,0.0000,0.0000,0.0000,3,0,0,0,0,1,0,0,0,0
zc,TA301,2012-06-05 09:01:28.600,7220.0000,87086,-6,0.0000,10.0000,2,8,空平,B,7216.0000,0.0000,0.0000,0.0000,0.0000,7220.0000,0.0000,0.0000,0.0000,0.0000,52,0,0,0,0,1,0,0,0,0
zc,TA301,2012-06-05 09:01:29.070,7216.0000,86954,-132,0.0000,160.0000,14,146,多平,S,7216.0000,0.0000,0.0000,0.0000,0.0000,7218.0000,0.0000,0.0000,0.0000,0.0000,1,0,0,0,0,1,0,0,0,0
zc,TA301,2012-06-05 09:01:29.803,7216.0000,86958,4,0.0000,6.0000,5,1,空开,S,7212.0000,0.0000,0.0000,0.0000,0.0000,7218.0000,0.0000,0.0000,0.0000,0.0000,8,0,0,0,0,3,0,0,0,0
zc,TA301,2012-06-05 09:01:30.287,7218.0000,86962,4,0.0000,6.0000,5,1,多开,B,7212.0000,0.0000,0.0000,0.0000,0.0000,7218.0000,0.0000,0.0000,0.0000,0.0000,8,0,0,0,0,22,0,0,0,0
zc,TA301,2012-06-05 09:01:31.053,7218.0000,86966,4,0.0000,4.0000,4,0,双开,B,7216.0000,0.0000,0.0000,0.0000,0.0000,7218.0000,0.0000,0.0000,0.0000,0.0000,1,0,0,0,0,26,0,0,0,0
zc,TA301,2012-06-05 09:01:31.507,7218.0000,86972,6,0.0000,6.0000,6,0,双开,B,7212.0000,0.0000,0.0000,0.0000,0.0000,7218.0000,0.0000,0.0000,0.0000,0.0000,8,0,0,0,0,23,0,0,0,0
zc,TA301,2012-06-05 09:01:32.820,7216.0000,86972,0,0.0000,4.0000,2,2,空换,S,7216.0000,0.0000,0.0000,0.0000,0.0000,7218.0000,0.0000,0.0000,0.0000,0.0000,2,0,0,0,0,28,0,0,0,0
zc,TA301,2012-06-05 09:01:33.320,7218.0000,86976,4,0.0000,4.0000,4,0,双开,B,7216.0000,0.0000,0.0000,0.0000,0.0000,7218.0000,0.0000,0.0000,0.0000,0.0000,2,0,0,0,0,7,0,0,0,0
zc,TA301,2012-06-05 09:01:34.037,7216.0000,86972,-4,0.0000,4.0000,0,4,双平,S,7214.0000,0.0000,0.0000,0.0000,0.0000,7216.0000,0.0000,0.0000,0.0000,0.0000,2,0,0,0,0,14,0,0,0,0
zc,TA301,2012-06-05 09:01:34.537,7216.0000,86972,0,0.0000,4.0000,2,2,空换,S,7214.0000,0.0000,0.0000,0.0000,0.0000,7216.0000,0.0000,0.0000,0.0000,0.0000,3,0,0,0,0,15,0,0,0,0
zc,TA301,2012-06-05 09:01:35.320,7214.0000,86974,2,0.0000,2.0000,2,0,双开,S,7214.0000,0.0000,0.0000,0.0000,0.0000,7216.0000,0.0000,0.0000,0.0000,0.0000,4,0,0,0,0,12,0,0,0,0
zc,TA301,2012-06-05 09:01:35.787,7216.0000,86968,-6,0.0000,10.0000,2,8,空平,B,7214.0000,0.0000,0.0000,0.0000,0.0000,7216.0000,0.0000,0.0000,0.0000,0.0000,3,0,0,0,0,9,0,0,0,0
zc,TA301,2012-06-05 09:01:36.537,7216.0000,86968,0,0.0000,0.0000,0,0,多换,B,7214.0000,0.0000,0.0000,0.0000,0.0000,7216.0000,0.0000,0.0000,0.0000,0.0000,3,0,0,0,0,10,0,0,0,0
zc,TA301,2012-06-05 09:01:37.023,7216.0000,86968,0,0.0000,0.0000,0,0,多换,B,7214.0000,0.0000,0.0000,0.0000,0.0000,7216.0000,0.0000,0.0000,0.0000,0.0000,3,0,0,0,0,13,0,0,0,0
zc,TA301,2012-06-05 09:01:37.773,7216.0000,86970,2,0.0000,4.0000,3,1,多开,B,7214.0000,0.0000,0.0000,0.0000,0.0000,7216.0000,0.0000,0.0000,0.0000,0.0000,7,0,0,0,0,9,0,0,0,0
zc,TA301,2012-06-05 09:01:38.320,7218.0000,86972,2,0.0000,20.0000,11,9,多开,B,7216.0000,0.0000,0.0000,0.0000,0.0000,7218.0000,0.0000,0.0000,0.0000,0.0000,19,0,0,0,0,5,0,0,0,0
zc,TA301,2012-06-05 09:01:39.070,7218.0000,86980,8,0.0000,18.0000,13,5,多开,B,7216.0000,0.0000,0.0000,0.0000,0.0000,7218.0000,0.0000,0.0000,0.0000,0.0000,17,0,0,0,0,3,0,0,0,0
zc,TA301,2012-06-05 09:01:39.553,7218.0000,86962,-18,0.0000,64.0000,23,41,空平,B,7214.0000,0.0000,0.0000,0.0000,0.0000,7218.0000,0.0000,0.0000,0.0000,0.0000,1,0,0,0,0,1,0,0,0,0
zc,TA301,2012-06-05 09:01:40.037,7218.0000,86970,8,0.0000,8.0000,8,0,双开,B,7216.0000,0.0000,0.0000,0.0000,0.0000,7218.0000,0.0000,0.0000,0.0000,0.0000,50,0,0,0,0,1,0,0,0,0
zc,TA301,2012-06-05 09:01:40.553,7218.0000,86970,0,0.0000,0.0000,0,0,多换,B,7216.0000,0.0000,0.0000,0.0000,0.0000,7218.0000,0.0000,0.0000,0.0000,0.0000,51,0,0,0,0,1,0,0,0,0
zc,TA301,2012-06-05 09:01:41.820,7218.0000,86982,12,0.0000,12.0000,12,0,双开,B,7216.0000,0.0000,0.0000,0.0000,0.0000,7220.0000,0.0000,0.0000,0.0000,0.0000,52,0,0,0,0,5,0,0,0,0
zc,TA301,2012-06-05 09:01:42.553,7218.0000,86982,0,0.0000,0.0000,0,0,多换,B,7216.0000,0.0000,0.0000,0.0000,0.0000,7218.0000,0.0000,0.0000,0.0000,0.0000,54,0,0,0,0,4,0,0,0,0
zc,TA301,2012-06-05 09:01:43.070,7216.0000,86988,6,0.0000,6.0000,6,0,双开,S,7216.0000,0.0000,0.0000,0.0000,0.0000,7218.0000,0.0000,0.0000,0.0000,0.0000,52,0,0,0,0,3,0,0,0,0
zc,TA301,2012-06-05 09:01:43.850,7216.0000,87018,30,0.0000,30.0000,30,0,双开,S,7216.0000,0.0000,0.0000,0.0000,0.0000,7218.0000,0.0000,0.0000,0.0000,0.0000,37,0,0,0,0,19,0,0,0,0
zc,TA301,2012-06-05 09:01:44.303,7216.0000,87042,24,0.0000,32.0000,28,4,空开,S,7216.0000,0.0000,0.0000,0.0000,0.0000,7218.0000,0.0000,0.0000,0.0000,0.0000,22,0,0,0,0,22,0,0,0,0
zc,TA301,2012-06-05 09:01:45.350,7216.0000,87100,58,0.0000,68.0000,63,5,空开,S,7214.0000,0.0000,0.0000,0.0000,0.0000,7216.0000,0.0000,0.0000,0.0000,0.0000,3,0,0,0,0,20,0,0,0,0
zc,TA301,2012-06-05 09:01:45.837,7216.0000,87100,0,0.0000,4.0000,2,2,空换,S,7214.0000,0.0000,0.0000,0.0000,0.0000,7216.0000,0.0000,0.0000,0.0000,0.0000,5,0,0,0,0,20,0,0,0,0
zc,TA301,2012-06-05 09:01:46.537,7214.0000,87100,0,0.0000,10.0000,5,5,空换,S,7214.0000,0.0000,0.0000,0.0000,0.0000,7216.0000,0.0000,0.0000,0.0000,0.0000,4,0,0,0,0,2,0,0,0,0
zc,TA301,2012-06-05 09:01:47.087,7216.0000,87092,-8,0.0000,24.0000,8,16,空平,B,7216.0000,0.0000,0.0000,0.0000,0.0000,7218.0000,0.0000,0.0000,0.0000,0.0000,6,0,0,0,0,93,0,0,0,0
zc,TA301,2012-06-05 09:01:47.803,7212.0000,87084,-8,0.0000,32.0000,12,20,多平,S,7212.0000,0.0000,0.0000,0.0000,0.0000,7218.0000,0.0000,0.0000,0.0000,0.0000,24,0,0,0,0,92,0,0,0,0
zc,TA301,2012-06-05 09:01:48.367,7212.0000,87084,0,0.0000,6.0000,3,3,空换,S,7214.0000,0.0000,0.0000,0.0000,0.0000,7218.0000,0.0000,0.0000,0.0000,0.0000,20,0,0,0,0,20,0,0,0,0
zc,TA301,2012-06-05 09:01:49.850,7218.0000,87074,-10,0.0000,20.0000,5,15,空平,B,7214.0000,0.0000,0.0000,0.0000,0.0000,7216.0000,0.0000,0.0000,0.0000,0.0000,2,0,0,0,0,3,0,0,0,0
zc,TA301,2012-06-05 09:01:50.537,7218.0000,87074,0,0.0000,0.0000,0,0,多换,B,7214.0000,0.0000,0.0000,0.0000,0.0000,7218.0000,0.0000,0.0000,0.0000,0.0000,8,0,0,0,0,18,0,0,0,0
zc,TA301,2012-06-05 09:01:51.053,7218.0000,87064,-10,0.0000,12.0000,1,11,空平,B,7214.0000,0.0000,0.0000,0.0000,0.0000,7218.0000,0.0000,0.0000,0.0000,0.0000,16,0,0,0,0,17,0,0,0,0
zc,TA301,2012-06-05 09:01:51.803,7218.0000,87064,0,0.0000,0.0000,0,0,多换,B,7214.0000,0.0000,0.0000,0.0000,0.0000,7218.0000,0.0000,0.0000,0.0000,0.0000,16,0,0,0,0,22,0,0,0,0
zc,TA301,2012-06-05 09:01:52.303,7214.0000,87064,0,0.0000,6.0000,3,3,空换,S,7214.0000,0.0000,0.0000,0.0000,0.0000,7216.0000,0.0000,0.0000,0.0000,0.0000,7,0,0,0,0,2,0,0,0,0
zc,TA301,2012-06-05 09:01:52.837,7218.0000,87064,0,0.0000,10.0000,5,5,多换,B,7214.0000,0.0000,0.0000,0.0000,0.0000,7218.0000,0.0000,0.0000,0.0000,0.0000,15,0,0,0,0,2,0,0,0,0
zc,TA301,2012-06-05 09:01:53.523,7218.0000,87064,0,0.0000,0.0000,0,0,多换,B,7214.0000,0.0000,0.0000,0.0000,0.0000,7218.0000,0.0000,0.0000,0.0000,0.0000,11,0,0,0,0,2,0,0,0,0
zc,TA301,2012-06-05 09:01:54.087,7214.0000,87068,4,0.0000,4.0000,4,0,双开,S,7214.0000,0.0000,0.0000,0.0000,0.0000,7218.0000,0.0000,0.0000,0.0000,0.0000,2,0,0,0,0,9,0,0,0,0
zc,TA301,2012-06-05 09:01:54.820,7214.0000,87068,0,0.0000,0.0000,0,0,空换,S,7214.0000,0.0000,0.0000,0.0000,0.0000,7220.0000,0.0000,0.0000,0.0000,0.0000,9,0,0,0,0,73,0,0,0,0
zc,TA301,2012-06-05 09:01:55.070,7214.0000,87068,0,0.0000,0.0000,0,0,空换,S,7216.0000,0.0000,0.0000,0.0000,0.0000,7220.0000,0.0000,0.0000,0.0000,0.0000,1,0,0,0,0,73,0,0,0,0
zc,TA301,2012-06-05 09:01:55.803,7214.0000,87064,-4,0.0000,4.0000,0,4,双平,S,7214.0000,0.0000,0.0000,0.0000,0.0000,7220.0000,0.0000,0.0000,0.0000,0.0000,13,0,0,0,0,73,0,0,0,0
zc,TA301,2012-06-05 09:01:56.303,7218.0000,87098,34,0.0000,36.0000,35,1,多开,B,7214.0000,0.0000,0.0000,0.0000,0.0000,7218.0000,0.0000,0.0000,0.0000,0.0000,7,0,0,0,0,55,0,0,0,0
zc,TA301,2012-06-05 09:01:57.087,7220.0000,87100,2,0.0000,4.0000,3,1,多开,B,7216.0000,0.0000,0.0000,0.0000,0.0000,7220.0000,0.0000,0.0000,0.0000,0.0000,3,0,0,0,0,54,0,0,0,0
zc,TA301,2012-06-05 09:01:57.587,7216.0000,87106,6,0.0000,6.0000,6,0,双开,S,7214.0000,0.0000,0.0000,0.0000,0.0000,7216.0000,0.0000,0.0000,0.0000,0.0000,7,0,0,0,0,51,0,0,0,0
zc,TA301,2012-06-05 09:01:58.023,7216.0000,87110,4,0.0000,8.0000,6,2,空开,S,7214.0000,0.0000,0.0000,0.0000,0.0000,7216.0000,0.0000,0.0000,0.0000,0.0000,7,0,0,0,0,47,0,0,0,0
zc,TA301,2012-06-05 09:01:58.820,7214.0000,87136,26,0.0000,26.0000,26,0,双开,S,7212.0000,0.0000,0.0000,0.0000,0.0000,7214.0000,0.0000,0.0000,0.0000,0.0000,23,0,0,0,0,29,0,0,0,0
zc,TA301,2012-06-05 09:01:59.303,7214.0000,87146,10,0.0000,10.0000,10,0,双开,S,7212.0000,0.0000,0.0000,0.0000,0.0000,7214.0000,0.0000,0.0000,0.0000,0.0000,23,0,0,0,0,29,0,0,0,0
zc,TA301,2012-06-05 09:02:00.367,7212.0000,87148,2,0.0000,28.0000,15,13,空开,S,7212.0000,0.0000,0.0000,0.0000,0.0000,7214.0000,0.0000,0.0000,0.0000,0.0000,11,0,0,0,0,2,0,0,0,0
zc,TA301,2012-06-05 09:02:01.350,7212.0000,87148,0,0.0000,0.0000,0,0,空换,S,7212.0000,0.0000,0.0000,0.0000,0.0000,7214.0000,0.0000,0.0000,0.0000,0.0000,11,0,0,0,0,8,0,0,0,0
zc,TA301,2012-06-05 09:02:01.820,7212.0000,87148,0,0.0000,8.0000,4,4,空换,S,7212.0000,0.0000,0.0000,0.0000,0.0000,7214.0000,0.0000,0.0000,0.0000,0.0000,8,0,0,0,0,29,0,0,0,0
zc,TA301,2012-06-05 09:02:02.553,7214.0000,87166,18,0.0000,20.0000,19,1,多开,B,7210.0000,0.0000,0.0000,0.0000,0.0000,7214.0000,0.0000,0.0000,0.0000,0.0000,22,0,0,0,0,19,0,0,0,0
zc,TA301,2012-06-05 09:02:03.053,7214.0000,87270,104,0.0000,106.0000,105,1,多开,B,7210.0000,0.0000,0.0000,0.0000,0.0000,7212.0000,0.0000,0.0000,0.0000,0.0000,22,0,0,0,0,1,0,0,0,0
zc,TA301,2012-06-05 09:02:03.850,7210.0000,87270,0,0.0000,10.0000,5,5,空换,S,7210.0000,0.0000,0.0000,0.0000,0.0000,7216.0000,0.0000,0.0000,0.0000,0.0000,19,0,0,0,0,10,0,0,0,0
zc,TA301,2012-06-05 09:02:04.350,7210.0000,87270,0,0.0000,0.0000,0,0,空换,S,7210.0000,0.0000,0.0000,0.0000,0.0000,7216.0000,0.0000,0.0000,0.0000,0.0000,18,0,0,0,0,10,0,0,0,0
zc,TA301,2012-06-05 09:02:05.087,7210.0000,87268,-2,0.0000,2.0000,0,2,双平,S,7212.0000,0.0000,0.0000,0.0000,0.0000,7218.0000,0.0000,0.0000,0.0000,0.0000,4,0,0,0,0,11,0,0,0,0
zc,TA301,2012-06-05 09:02:06.087,7214.0000,87264,-4,0.0000,16.0000,6,10,空平,B,7214.0000,0.0000,0.0000,0.0000,0.0000,7218.0000,0.0000,0.0000,0.0000,0.0000,2,0,0,0,0,3,0,0,0,0
zc,TA301,2012-06-05 09:02:06.803,7214.0000,87264,0,0.0000,6.0000,3,3,多换,B,7214.0000,0.0000,0.0000,0.0000,0.0000,7218.0000,0.0000,0.0000,0.0000,0.0000,10,0,0,0,0,3,0,0,0,0
zc,TA301,2012-06-05 09:02:07.570,7214.0000,87264,0,0.0000,0.0000,0,0,多换,B,7214.0000,0.0000,0.0000,0.0000,0.0000,7216.0000,0.0000,0.0000,0.0000,0.0000,1,0,0,0,0,10,0,0,0,0
zc,TA301,2012-06-05 09:02:08.087,7212.0000,87250,-14,0.0000,20.0000,3,17,多平,S,7212.0000,0.0000,0.0000,0.0000,0.0000,7216.0000,0.0000,0.0000,0.0000,0.0000,11,0,0,0,0,1,0,0,0,0
zc,TA301,2012-06-05 09:02:08.850,7216.0000,87252,2,0.0000,4.0000,3,1,多开,B,7216.0000,0.0000,0.0000,0.0000,0.0000,7218.0000,0.0000,0.0000,0.0000,0.0000,4,0,0,0,0,10,0,0,0,0
zc,TA301,2012-06-05 09:02:09.350,7212.0000,87272,20,0.0000,20.0000,20,0,双开,S,7212.0000,0.0000,0.0000,0.0000,0.0000,7216.0000,0.0000,0.0000,0.0000,0.0000,20,0,0,0,0,19,0,0,0,0
zc,TA301,2012-06-05 09:02:10.070,7216.0000,87272,0,0.0000,4.0000,2,2,多换,B,7214.0000,0.0000,0.0000,0.0000,0.0000,7216.0000,0.0000,0.0000,0.0000,0.0000,8,0,0,0,0,17,0,0,0,0
zc,TA301,2012-06-05 09:02:10.553,7216.0000,87272,0,0.0000,0.0000,0,0,多换,B,7214.0000,0.0000,0.0000,0.0000,0.0000,7216.0000,0.0000,0.0000,0.0000,0.0000,18,0,0,0,0,17,0,0,0,0
zc,TA301,2012-06-05 09:02:11.087,7216.0000,87272,0,0.0000,2.0000,1,1,多换,B,7214.0000,0.0000,0.0000,0.0000,0.0000,7216.0000,0.0000,0.0000,0.0000,0.0000,8,0,0,0,0,2,0,0,0,0
zc,TA301,2012-06-05 09:02:11.787,7214.0000,87272,0,0.0000,2.0000,1,1,空换,S,7214.0000,0.0000,0.0000,0.0000,0.0000,7216.0000,0.0000,0.0000,0.0000,0.0000,7,0,0,0,0,1,0,0,0,0
zc,TA301,2012-06-05 09:02:12.287,7216.0000,87274,2,0.0000,4.0000,3,1,多开,B,7214.0000,0.0000,0.0000,0.0000,0.0000,7216.0000,0.0000,0.0000,0.0000,0.0000,6,0,0,0,0,1,0,0,0,0
zc,TA301,2012-06-05 09:02:13.037,7216.0000,87274,0,0.0000,22.0000,11,11,多换,B,7214.0000,0.0000,0.0000,0.0000,0.0000,7216.0000,0.0000,0.0000,0.0000,0.0000,5,0,0,0,0,2,0,0,0,0
zc,TA301,2012-06-05 09:02:13.337,7214.0000,87274,0,0.0000,4.0000,2,2,空换,S,7214.0000,0.0000,0.0000,0.0000,0.0000,7216.0000,0.0000,0.0000,0.0000,0.0000,3,0,0,0,0,7,0,0,0,0
zc,TA301,2012-06-05 09:02:14.553,7212.0000,87302,28,0.0000,46.0000,37,9,空开,S,7212.0000,0.0000,0.0000,0.0000,0.0000,7214.0000,0.0000,0.0000,0.0000,0.0000,16,0,0,0,0,5,0,0,0,0
zc,TA301,2012-06-05 09:02:15.007,7214.0000,87328,26,0.0000,26.0000,26,0,双开,B,7212.0000,0.0000,0.0000,0.0000,0.0000,7214.0000,0.0000,0.0000,0.0000,0.0000,21,0,0,0,0,13,0,0,0,0
zc,TA301,2012-06-05 09:02:15.803,7212.0000,87368,40,0.0000,40.0000,40,0,双开,S,7212.0000,0.0000,0.0000,0.0000,0.0000,7214.0000,0.0000,0.0000,0.0000,0.0000,1,0,0,0,0,46,0,0,0,0
zc,TA301,2012-06-05 09:02:16.273,7214.0000,87370,2,0.0000,2.0000,2,0,双开,B,7212.0000,0.0000,0.0000,0.0000,0.0000,7214.0000,0.0000,0.0000,0.0000,0.0000,1,0,0,0,0,47,0,0,0,0
zc,TA301,2012-06-05 09:02:17.023,7212.0000,87370,0,0.0000,32.0000,16,16,空换,S,7210.0000,0.0000,0.0000,0.0000,0.0000,7214.0000,0.0000,0.0000,0.0000,0.0000,35,0,0,0,0,45,0,0,0,0
zc,TA301,2012-06-05 09:02:17.570,7210.0000,87370,0,0.0000,4.0000,2,2,空换,S,7210.0000,0.0000,0.0000,0.0000,0.0000,7212.0000,0.0000,0.0000,0.0000,0.0000,33,0,0,0,0,43,0,0,0,0
zc,TA301,2012-06-05 09:02:18.337,7210.0000,87418,48,0.0000,62.0000,55,7,空开,S,7210.0000,0.0000,0.0000,0.0000,0.0000,7212.0000,0.0000,0.0000,0.0000,0.0000,2,0,0,0,0,12,0,0,0,0
zc,TA301,2012-06-05 09:02:18.600,7208.0000,87424,6,0.0000,6.0000,6,0,双开,S,7208.0000,0.0000,0.0000,0.0000,0.0000,7210.0000,0.0000,0.0000,0.0000,0.0000,1,0,0,0,0,10,0,0,0,0
zc,TA301,2012-06-05 09:02:19.350,7206.0000,87440,16,0.0000,16.0000,16,0,双开,S,7204.0000,0.0000,0.0000,0.0000,0.0000,7206.0000,0.0000,0.0000,0.0000,0.0000,26,0,0,0,0,1,0,0,0,0
zc,TA301,2012-06-05 09:02:20.100,7206.0000,87442,2,0.0000,2.0000,2,0,双开,S,7204.0000,0.0000,0.0000,0.0000,0.0000,7208.0000,0.0000,0.0000,0.0000,0.0000,25,0,0,0,0,1,0,0,0,0
zc,TA301,2012-06-05 09:02:20.850,7204.0000,87456,14,0.0000,24.0000,19,5,空开,S,7204.0000,0.0000,0.0000,0.0000,0.0000,7208.0000,0.0000,0.0000,0.0000,0.0000,13,0,0,0,0,4,0,0,0,0
zc,TA301,2012-06-05 09:02:21.367,7206.0000,87468,12,0.0000,16.0000,14,2,多开,B,7204.0000,0.0000,0.0000,0.0000,0.0000,7206.0000,0.0000,0.0000,0.0000,0.0000,7,0,0,0,0,1,0,0,0,0
zc,TA301,2012-06-05 09:02:22.087,7206.0000,87468,0,0.0000,0.0000,0,0,多换,B,7204.0000,0.0000,0.0000,0.0000,0.0000,7208.0000,0.0000,0.0000,0.0000,0.0000,7,0,0,0,0,5,0,0,0,0
zc,TA301,2012-06-05 09:02:22.820,7204.0000,87462,-6,0.0000,22.0000,8,14,多平,S,7206.0000,0.0000,0.0000,0.0000,0.0000,7208.0000,0.0000,0.0000,0.0000,0.0000,1,0,0,0,0,2,0,0,0,0
zc,TA301,2012-06-05 09:02:23.837,7202.0000,87460,-2,0.0000,8.0000,3,5,多平,S,7204.0000,0.0000,0.0000,0.0000,0.0000,7208.0000,0.0000,0.0000,0.0000,0.0000,1,0,0,0,0,3,0,0,0,0
zc,TA301,2012-06-05 09:02:24.883,7206.0000,87454,-6,0.0000,40.0000,17,23,空平,B,7206.0000,0.0000,0.0000,0.0000,0.0000,7208.0000,0.0000,0.0000,0.0000,0.0000,8,0,0,0,0,1,0,0,0,0
zc,TA301,2012-06-05 09:02:25.710,7208.0000,87454,0,0.0000,2.0000,1,1,多换,B,7204.0000,0.0000,0.0000,0.0000,0.0000,7206.0000,0.0000,0.0000,0.0000,0.0000,1,0,0,0,0,2,0,0,0,0
zc,TA301,2012-06-05 09:02:26.087,7208.0000,87454,0,0.0000,8.0000,4,4,多换,B,7202.0000,0.0000,0.0000,0.0000,0.0000,7208.0000,0.0000,0.0000,0.0000,0.0000,13,0,0,0,0,9,0,0,0,0
zc,TA301,2012-06-05 09:02:26.570,7208.0000,87460,6,0.0000,26.0000,16,10,多开,B,7208.0000,0.0000,0.0000,0.0000,0.0000,7210.0000,0.0000,0.0000,0.0000,0.0000,90,0,0,0,0,1,0,0,0,0
zc,TA301,2012-06-05 09:02:27.287,7206.0000,87478,18,0.0000,220.0000,119,101,空开,S,7202.0000,0.0000,0.0000,0.0000,0.0000,7204.0000,0.0000,0.0000,0.0000,0.0000,5,0,0,0,0,9,0,0,0,0
zc,TA301,2012-06-05 09:02:27.787,7204.0000,87488,10,0.0000,10.0000,10,0,双开,S,7202.0000,0.0000,0.0000,0.0000,0.0000,7204.0000,0.0000,0.0000,0.0000,0.0000,5,0,0,0,0,5,0,0,0,0
zc,TA301,2012-06-05 09:02:28.600,7202.0000,87498,10,0.0000,10.0000,10,0,双开,S,7200.0000,0.0000,0.0000,0.0000,0.0000,7202.0000,0.0000,0.0000,0.0000,0.0000,46,0,0,0,0,9,0,0,0,0
zc,TA301,2012-06-05 09:02:29.053,7204.0000,87510,12,0.0000,14.0000,13,1,多开,B,7200.0000,0.0000,0.0000,0.0000,0.0000,7202.0000,0.0000,0.0000,0.0000,0.0000,45,0,0,0,0,4,0,0,0,0
zc,TA301,2012-06-05 09:02:30.287,7200.0000,87528,18,0.0000,24.0000,21,3,空开,S,7200.0000,0.0000,0.0000,0.0000,0.0000,7202.0000,0.0000,0.0000,0.0000,0.0000,35,0,0,0,0,4,0,0,0,0
zc,TA301,2012-06-05 09:02:31.053,7200.0000,87560,32,0.0000,46.0000,39,7,空开,S,7200.0000,0.0000,0.0000,0.0000,0.0000,7202.0000,0.0000,0.0000,0.0000,0.0000,13,0,0,0,0,2,0,0,0,0
zc,TA301,2012-06-05 09:02:31.600,7200.0000,87586,26,0.0000,26.0000,26,0,双开,S,7198.0000,0.0000,0.0000,0.0000,0.0000,7200.0000,0.0000,0.0000,0.0000,0.0000,3,0,0,0,0,38,0,0,0,0
zc,TA301,2012-06-05 09:02:32.100,7200.0000,87606,20,0.0000,20.0000,20,0,双开,S,7196.0000,0.0000,0.0000,0.0000,0.0000,7200.0000,0.0000,0.0000,0.0000,0.0000,2,0,0,0,0,59,0,0,0,0
zc,TA301,2012-06-05 09:02:33.100,7200.0000,87608,2,0.0000,12.0000,7,5,空开,S,7196.0000,0.0000,0.0000,0.0000,0.0000,7200.0000,0.0000,0.0000,0.0000,0.0000,9,0,0,0,0,22,0,0,0,0
zc,TA301,2012-06-05 09:02:33.600,7200.0000,87606,-2,0.0000,8.0000,3,5,多平,S,7196.0000,0.0000,0.0000,0.0000,0.0000,7200.0000,0.0000,0.0000,0.0000,0.0000,9,0,0,0,0,21,0,0,0,0
zc,TA301,2012-06-05 09:02:34.287,7200.0000,87606,0,0.0000,22.0000,11,11,空换,S,7196.0000,0.0000,0.0000,0.0000,0.0000,7200.0000,0.0000,0.0000,0.0000,0.0000,9,0,0,0,0,11,0,0,0,0
zc,TA301,2012-06-05 09:02:34.803,7196.0000,87610,4,0.0000,6.0000,5,1,空开,S,7196.0000,0.0000,0.0000,0.0000,0.0000,7200.0000,0.0000,0.0000,0.0000,0.0000,5,0,0,0,0,19,0,0,0,0
zc,TA301,2012-06-05 09:02:35.553,7196.0000,87610,0,0.0000,2.0000,1,1,空换,S,7196.0000,0.0000,0.0000,0.0000,0.0000,7200.0000,0.0000,0.0000,0.0000,0.0000,4,0,0,0,0,9,0,0,0,0
zc,TA301,2012-06-05 09:02:39.647,7200.0000,87514,-96,0.0000,166.0000,35,131,空平,B,7198.0000,0.0000,0.0000,0.0000,0.0000,7200.0000,0.0000,0.0000,0.0000,0.0000,5,0,0,0,0,3,0,0,0,0
zc,TA301,2012-06-05 09:02:40.867,7200.0000,87502,-12,0.0000,42.0000,15,27,空平,B,7200.0000,0.0000,0.0000,0.0000,0.0000,7202.0000,0.0000,0.0000,0.0000,0.0000,20,0,0,0,0,3,0,0,0,0
zc,TA301,2012-06-05 09:02:41.587,7200.0000,87514,12,0.0000,24.0000,18,6,多开,B,7200.0000,0.0000,0.0000,0.0000,0.0000,7204.0000,0.0000,0.0000,0.0000,0.0000,31,0,0,0,0,1,0,0,0,0
zc,TA301,2012-06-05 09:02:42.303,7202.0000,87522,8,0.0000,8.0000,8,0,双开,B,7200.0000,0.0000,0.0000,0.0000,0.0000,7204.0000,0.0000,0.0000,0.0000,0.0000,35,0,0,0,0,1,0,0,0,0
zc,TA301,2012-06-05 09:02:42.600,7204.0000,87524,2,0.0000,8.0000,5,3,多开,B,7204.0000,0.0000,0.0000,0.0000,0.0000,7206.0000,0.0000,0.0000,0.0000,0.0000,1,0,0,0,0,14,0,0,0,0
zc,TA301,2012-06-05 09:02:43.617,7200.0000,87532,8,0.0000,10.0000,9,1,空开,S,7200.0000,0.0000,0.0000,0.0000,0.0000,7204.0000,0.0000,0.0000,0.0000,0.0000,38,0,0,0,0,11,0,0,0,0
zc,TA301,2012-06-05 09:02:44.053,7200.0000,87532,0,0.0000,0.0000,0,0,空换,S,7200.0000,0.0000,0.0000,0.0000,0.0000,7202.0000,0.0000,0.0000,0.0000,0.0000,38,0,0,0,0,11,0,0,0,0
zc,TA301,2012-06-05 09:02:44.867,7202.0000,87540,8,0.0000,12.0000,10,2,多开,B,7200.0000,0.0000,0.0000,0.0000,0.0000,7202.0000,0.0000,0.0000,0.0000,0.0000,38,0,0,0,0,4,0,0,0,0
zc,TA301,2012-06-05 09:02:45.070,7202.0000,87550,10,0.0000,10.0000,10,0,双开,B,7200.0000,0.0000,0.0000,0.0000,0.0000,7204.0000,0.0000,0.0000,0.0000,0.0000,38,0,0,0,0,21,0,0,0,0
zc,TA301,2012-06-05 09:02:45.820,7204.0000,87550,0,0.0000,4.0000,2,2,多换,B,7200.0000,0.0000,0.0000,0.0000,0.0000,7204.0000,0.0000,0.0000,0.0000,0.0000,38,0,0,0,0,19,0,0,0,0
zc,TA301,2012-06-05 09:02:46.367,7202.0000,87552,2,0.0000,2.0000,2,0,双开,S,7200.0000,0.0000,0.0000,0.0000,0.0000,7204.0000,0.0000,0.0000,0.0000,0.0000,39,0,0,0,0,1,0,0,0,0
zc,TA301,2012-06-05 09:02:47.100,7204.0000,87550,-2,0.0000,2.0000,0,2,双平,B,7204.0000,0.0000,0.0000,0.0000,0.0000,7206.0000,0.0000,0.0000,0.0000,0.0000,9,0,0,0,0,18,0,0,0,0
zc,TA301,2012-06-05 09:02:47.587,7204.0000,87550,0,0.0000,0.0000,0,0,多换,B,7204.0000,0.0000,0.0000,0.0000,0.0000,7208.0000,0.0000,0.0000,0.0000,0.0000,9,0,0,0,0,18,0,0,0,0
zc,TA301,2012-06-05 09:02:48.337,7204.0000,87550,0,0.0000,4.0000,2,2,多换,B,7204.0000,0.0000,0.0000,0.0000,0.0000,7208.0000,0.0000,0.0000,0.0000,0.0000,9,0,0,0,0,59,0,0,0,0
zc,TA301,2012-06-05 09:02:48.773,7204.0000,87566,16,0.0000,20.0000,18,2,多开,B,7204.0000,0.0000,0.0000,0.0000,0.0000,7208.0000,0.0000,0.0000,0.0000,0.0000,8,0,0,0,0,51,0,0,0,0
zc,TA301,2012-06-05 09:02:50.070,7206.0000,87568,2,0.0000,2.0000,2,0,双开,B,7204.0000,0.0000,0.0000,0.0000,0.0000,7208.0000,0.0000,0.0000,0.0000,0.0000,9,0,0,0,0,50,0,0,0,0
zc,TA301,2012-06-05 09:02:50.787,7204.0000,87562,-6,0.0000,6.0000,0,6,双平,S,7204.0000,0.0000,0.0000,0.0000,0.0000,7208.0000,0.0000,0.0000,0.0000,0.0000,6,0,0,0,0,50,0,0,0,0
zc,TA301,2012-06-05 09:02:51.337,7208.0000,87558,-4,0.0000,6.0000,1,5,空平,B,7204.0000,0.0000,0.0000,0.0000,0.0000,7208.0000,0.0000,0.0000,0.0000,0.0000,4,0,0,0,0,49,0,0,0,0
zc,TA301,2012-06-05 09:02:52.100,7204.0000,87574,16,0.0000,22.0000,19,3,空开,S,7204.0000,0.0000,0.0000,0.0000,0.0000,7208.0000,0.0000,0.0000,0.0000,0.0000,4,0,0,0,0,32,0,0,0,0
zc,TA301,2012-06-05 09:02:52.803,7204.0000,87574,0,0.0000,2.0000,1,1,空换,S,7206.0000,0.0000,0.0000,0.0000,0.0000,7208.0000,0.0000,0.0000,0.0000,0.0000,1,0,0,0,0,32,0,0,0,0
zc,TA301,2012-06-05 09:02:53.320,7208.0000,87584,10,0.0000,10.0000,10,0,双开,B,7206.0000,0.0000,0.0000,0.0000,0.0000,7208.0000,0.0000,0.0000,0.0000,0.0000,1,0,0,0,0,27,0,0,0,0
zc,TA301,2012-06-05 09:02:54.037,7208.0000,87582,-2,0.0000,34.0000,16,18,空平,B,7206.0000,0.0000,0.0000,0.0000,0.0000,7208.0000,0.0000,0.0000,0.0000,0.0000,6,0,0,0,0,11,0,0,0,0
zc,TA301,2012-06-05 09:02:54.587,7210.0000,87562,-20,0.0000,44.0000,12,32,空平,B,7208.0000,0.0000,0.0000,0.0000,0.0000,7214.0000,0.0000,0.0000,0.0000,0.0000,4,0,0,0,0,8,0,0,0,0
zc,TA301,2012-06-05 09:02:55.337,7210.0000,87562,0,0.0000,0.0000,0,0,多换,B,7208.0000,0.0000,0.0000,0.0000,0.0000,7214.0000,0.0000,0.0000,0.0000,0.0000,10,0,0,0,0,1,0,0,0,0
zc,TA301,2012-06-05 09:02:55.820,7210.0000,87562,0,0.0000,0.0000,0,0,多换,B,7208.0000,0.0000,0.0000,0.0000,0.0000,7210.0000,0.0000,0.0000,0.0000,0.0000,11,0,0,0,0,20,0,0,0,0
zc,TA301,2012-06-05 09:02:56.553,7210.0000,87554,-8,0.0000,8.0000,0,8,双平,B,7208.0000,0.0000,0.0000,0.0000,0.0000,7210.0000,0.0000,0.0000,0.0000,0.0000,7,0,0,0,0,16,0,0,0,0
zc,TA301,2012-06-05 09:02:57.070,7210.0000,87522,-32,0.0000,32.0000,0,32,双平,B,7208.0000,0.0000,0.0000,0.0000,0.0000,7214.0000,0.0000,0.0000,0.0000,0.0000,6,0,0,0,0,1,0,0,0,0
zc,TA301,2012-06-05 09:02:57.820,7210.0000,87522,0,0.0000,0.0000,0,0,多换,B,7210.0000,0.0000,0.0000,0.0000,0.0000,7214.0000,0.0000,0.0000,0.0000,0.0000,2,0,0,0,0,1,0,0,0,0
zc,TA301,2012-06-05 09:02:58.337,7214.0000,87522,0,0.0000,8.0000,4,4,多换,B,7214.0000,0.0000,0.0000,0.0000,0.0000,7216.0000,0.0000,0.0000,0.0000,0.0000,16,0,0,0,0,5,0,0,0,0
zc,TA301,2012-06-05 09:02:58.820,7214.0000,87552,30,0.0000,50.0000,40,10,多开,B,7212.0000,0.0000,0.0000,0.0000,0.0000,7218.0000,0.0000,0.0000,0.0000,0.0000,6,0,0,0,0,5,0,0,0,0
zc,TA301,2012-06-05 09:02:59.287,7214.0000,87552,0,0.0000,0.0000,0,0,多换,B,7212.0000,0.0000,0.0000,0.0000,0.0000,7218.0000,0.0000,0.0000,0.0000,0.0000,7,0,0,0,0,5,0,0,0,0
zc,TA301,2012-06-05 09:03:00.320,7214.0000,87552,0,0.0000,0.0000,0,0,多换,B,7212.0000,0.0000,0.0000,0.0000,0.0000,7218.0000,0.0000,0.0000,0.0000,0.0000,18,0,0,0,0,5,0,0,0,0
zc,TA301,2012-06-05 09:03:00.587,7212.0000,87522,-30,0.0000,30.0000,0,30,双平,S,7212.0000,0.0000,0.0000,0.0000,0.0000,7216.0000,0.0000,0.0000,0.0000,0.0000,5,0,0,0,0,1,0,0,0,0
zc,TA301,2012-06-05 09:03:01.507,7214.0000,87522,0,0.0000,2.0000,1,1,多换,B,7212.0000,0.0000,0.0000,0.0000,0.0000,7216.0000,0.0000,0.0000,0.0000,0.0000,4,0,0,0,0,1,0,0,0,0
zc,TA301,2012-06-05 09:03:02.087,7214.0000,87522,0,0.0000,0.0000,0,0,多换,B,7212.0000,0.0000,0.0000,0.0000,0.0000,7216.0000,0.0000,0.0000,0.0000,0.0000,1,0,0,0,0,4,0,0,0,0
zc,TA301,2012-06-05 09:03:02.787,7216.0000,87524,2,0.0000,2.0000,2,0,双开,B,7212.0000,0.0000,0.0000,0.0000,0.0000,7216.0000,0.0000,0.0000,0.0000,0.0000,1,0,0,0,0,4,0,0,0,0
zc,TA301,2012-06-05 09:03:03.320,7212.0000,87524,0,0.0000,2.0000,1,1,空换,S,7210.0000,0.0000,0.0000,0.0000,0.0000,7214.0000,0.0000,0.0000,0.0000,0.0000,32,0,0,0,0,1,0,0,0,0
zc,TA301,2012-06-05 09:03:04.087,7212.0000,87524,0,0.0000,0.0000,0,0,空换,S,7212.0000,0.0000,0.0000,0.0000,0.0000,7216.0000,0.0000,0.0000,0.0000,0.0000,60,0,0,0,0,3,0,0,0,0
zc,TA301,2012-06-05 09:03:04.523,7216.0000,87524,0,0.0000,8.0000,4,4,多换,B,7212.0000,0.0000,0.0000,0.0000,0.0000,7216.0000,0.0000,0.0000,0.0000,0.0000,60,0,0,0,0,9,0,0,0,0
zc,TA301,2012-06-05 09:03:05.600,7216.0000,87524,0,0.0000,0.0000,0,0,多换,B,7214.0000,0.0000,0.0000,0.0000,0.0000,7216.0000,0.0000,0.0000,0.0000,0.0000,1,0,0,0,0,2,0,0,0,0
zc,TA301,2012-06-05 09:03:06.037,7214.0000,87526,2,0.0000,6.0000,4,2,空开,S,7212.0000,0.0000,0.0000,0.0000,0.0000,7216.0000,0.0000,0.0000,0.0000,0.0000,69,0,0,0,0,2,0,0,0,0
zc,TA301,2012-06-05 09:03:06.553,7216.0000,87526,0,0.0000,2.0000,1,1,多换,B,7214.0000,0.0000,0.0000,0.0000,0.0000,7216.0000,0.0000,0.0000,0.0000,0.0000,1,0,0,0,0,1,0,0,0,0
zc,TA301,2012-06-05 09:03:07.070,7220.0000,87514,-12,0.0000,40.0000,14,26,空平,B,7216.0000,0.0000,0.0000,0.0000,0.0000,7220.0000,0.0000,0.0000,0.0000,0.0000,20,0,0,0,0,6,0,0,0,0
zc,TA301,2012-06-05 09:03:07.820,7220.0000,87532,18,0.0000,64.0000,41,23,多开,B,7216.0000,0.0000,0.0000,0.0000,0.0000,7222.0000,0.0000,0.0000,0.0000,0.0000,9,0,0,0,0,39,0,0,0,0
zc,TA301,2012-06-05 09:03:08.303,7220.0000,87514,-18,0.0000,38.0000,10,28,空平,B,7220.0000,0.0000,0.0000,0.0000,0.0000,7222.0000,0.0000,0.0000,0.0000,0.0000,8,0,0,0,0,31,0,0,0,0
zc,TA301,2012-06-05 09:03:09.053,7220.0000,87514,0,0.0000,0.0000,0,0,多换,B,7220.0000,0.0000,0.0000,0.0000,0.0000,7222.0000,0.0000,0.0000,0.0000,0.0000,9,0,0,0,0,32,0,0,0,0
zc,TA301,2012-06-05 09:03:09.850,7218.0000,87492,-22,0.0000,24.0000,1,23,多平,S,7218.0000,0.0000,0.0000,0.0000,0.0000,7222.0000,0.0000,0.0000,0.0000,0.0000,1,0,0,0,0,31,0,0,0,0
zc,TA301,2012-06-05 09:03:10.587,7222.0000,87488,-4,0.0000,20.0000,8,12,空平,B,7220.0000,0.0000,0.0000,0.0000,0.0000,7222.0000,0.0000,0.0000,0.0000,0.0000,1,0,0,0,0,21,0,0,0,0
zc,TA301,2012-06-05 09:03:11.287,7222.0000,87480,-8,0.0000,16.0000,4,12,空平,B,7220.0000,0.0000,0.0000,0.0000,0.0000,7222.0000,0.0000,0.0000,0.0000,0.0000,2,0,0,0,0,17,0,0,0,0
zc,TA301,2012-06-05 09:03:12.087,7222.0000,87478,-2,0.0000,14.0000,6,8,空平,B,7220.0000,0.0000,0.0000,0.0000,0.0000,7222.0000,0.0000,0.0000,0.0000,0.0000,7,0,0,0,0,11,0,0,0,0
zc,TA301,2012-06-05 09:03:12.523,7220.0000,87478,0,0.0000,2.0000,1,1,空换,S,7220.0000,0.0000,0.0000,0.0000,0.0000,7222.0000,0.0000,0.0000,0.0000,0.0000,16,0,0,0,0,11,0,0,0,0
zc,TA301,2012-06-05 09:03:13.303,7222.0000,87464,-14,0.0000,14.0000,0,14,双平,B,7220.0000,0.0000,0.0000,0.0000,0.0000,7222.0000,0.0000,0.0000,0.0000,0.0000,22,0,0,0,0,7,0,0,0,0
zc,TA301,2012-06-05 09:03:13.837,7222.0000,87446,-18,0.0000,24.0000,3,21,空平,B,7222.0000,0.0000,0.0000,0.0000,0.0000,7224.0000,0.0000,0.0000,0.0000,0.0000,8,0,0,0,0,8,0,0,0,0
zc,TA301,2012-06-05 09:03:14.570,7224.0000,87446,0,0.0000,4.0000,2,2,多换,B,7222.0000,0.0000,0.0000,0.0000,0.0000,7224.0000,0.0000,0.0000,0.0000,0.0000,11,0,0,0,0,6,0,0,0,0
zc,TA301,2012-06-05 09:03:15.100,7224.0000,87446,0,0.0000,2.0000,1,1,多换,B,7222.0000,0.0000,0.0000,0.0000,0.0000,7224.0000,0.0000,0.0000,0.0000,0.0000,7,0,0,0,0,5,0,0,0,0
zc,TA301,2012-06-05 09:03:15.837,7222.0000,87460,14,0.0000,14.0000,14,0,双开,S,7220.0000,0.0000,0.0000,0.0000,0.0000,7222.0000,0.0000,0.0000,0.0000,0.0000,13,0,0,0,0,4,0,0,0,0
zc,TA301,2012-06-05 09:03:16.367,7222.0000,87462,2,0.0000,2.0000,2,0,双开,S,7220.0000,0.0000,0.0000,0.0000,0.0000,7222.0000,0.0000,0.0000,0.0000,0.0000,13,0,0,0,0,17,0,0,0,0
zc,TA301,2012-06-05 09:03:16.837,7222.0000,87436,-26,0.0000,54.0000,14,40,多平,S,7220.0000,0.0000,0.0000,0.0000,0.0000,7222.0000,0.0000,0.0000,0.0000,0.0000,4,0,0,0,0,13,0,0,0,0
zc,TA301,2012-06-05 09:03:17.553,7222.0000,87436,0,0.0000,0.0000,0,0,空换,S,7220.0000,0.0000,0.0000,0.0000,0.0000,7224.0000,0.0000,0.0000,0.0000,0.0000,5,0,0,0,0,5,0,0,0,0
zc,TA301,2012-06-05 09:03:18.087,7222.0000,87440,4,0.0000,14.0000,9,5,空开,S,7222.0000,0.0000,0.0000,0.0000,0.0000,7228.0000,0.0000,0.0000,0.0000,0.0000,7,0,0,0,0,2,0,0,0,0
zc,TA301,2012-06-05 09:03:18.820,7222.0000,87440,0,0.0000,0.0000,0,0,空换,S,7220.0000,0.0000,0.0000,0.0000,0.0000,7226.0000,0.0000,0.0000,0.0000,0.0000,18,0,0,0,0,9,0,0,0,0
zc,TA301,2012-06-05 09:03:19.337,7230.0000,87406,-34,0.0000,44.0000,5,39,空平,B,7230.0000,0.0000,0.0000,0.0000,0.0000,7232.0000,0.0000,0.0000,0.0000,0.0000,39,0,0,0,0,3,0,0,0,0
zc,TA301,2012-06-05 09:03:20.087,7230.0000,87400,-6,0.0000,46.0000,20,26,空平,B,7230.0000,0.0000,0.0000,0.0000,0.0000,7232.0000,0.0000,0.0000,0.0000,0.0000,16,0,0,0,0,13,0,0,0,0
zc,TA301,2012-06-05 09:03:20.553,7232.0000,87398,-2,0.0000,4.0000,1,3,空平,B,7230.0000,0.0000,0.0000,0.0000,0.0000,7232.0000,0.0000,0.0000,0.0000,0.0000,15,0,0,0,0,13,0,0,0,0
zc,TA301,2012-06-05 09:03:21.320,7230.0000,87378,-20,0.0000,20.0000,0,20,双平,S,7230.0000,0.0000,0.0000,0.0000,0.0000,7232.0000,0.0000,0.0000,0.0000,0.0000,5,0,0,0,0,3,0,0,0,0
zc,TA301,2012-06-05 09:03:21.820,7228.0000,87358,-20,0.0000,20.0000,0,20,双平,S,7226.0000,0.0000,0.0000,0.0000,0.0000,7232.0000,0.0000,0.0000,0.0000,0.0000,8,0,0,0,0,4,0,0,0,0
zc,TA301,2012-06-05 09:03:22.587,7230.0000,87356,-2,0.0000,2.0000,0,2,双平,B,7228.0000,0.0000,0.0000,0.0000,0.0000,7230.0000,0.0000,0.0000,0.0000,0.0000,6,0,0,0,0,1,0,0,0,0
zc,TA301,2012-06-05 09:03:23.070,7232.0000,87338,-18,0.0000,18.0000,0,18,双平,B,7232.0000,0.0000,0.0000,0.0000,0.0000,7234.0000,0.0000,0.0000,0.0000,0.0000,8,0,0,0,0,60,0,0,0,0
zc,TA301,2012-06-05 09:03:23.803,7234.0000,87336,-2,0.0000,6.0000,2,4,空平,B,7232.0000,0.0000,0.0000,0.0000,0.0000,7234.0000,0.0000,0.0000,0.0000,0.0000,6,0,0,0,0,59,0,0,0,0
zc,TA301,2012-06-05 09:03:24.367,7234.0000,87328,-8,0.0000,52.0000,22,30,空平,B,7232.0000,0.0000,0.0000,0.0000,0.0000,7234.0000,0.0000,0.0000,0.0000,0.0000,2,0,0,0,0,36,0,0,0,0
zc,TA301,2012-06-05 09:03:25.100,7234.0000,87316,-12,0.0000,84.0000,36,48,空平,B,7232.0000,0.0000,0.0000,0.0000,0.0000,7234.0000,0.0000,0.0000,0.0000,0.0000,11,0,0,0,0,1,0,0,0,0
zc,TA301,2012-06-05 09:03:25.727,7234.0000,87316,0,0.0000,2.0000,1,1,多换,B,7234.0000,0.0000,0.0000,0.0000,0.0000,7240.0000,0.0000,0.0000,0.0000,0.0000,2,0,0,0,0,4,0,0,0,0
zc,TA301,2012-06-05 09:03:26.383,7234.0000,87316,0,0.0000,0.0000,0,0,多换,B,7234.0000,0.0000,0.0000,0.0000,0.0000,7236.0000,0.0000,0.0000,0.0000,0.0000,4,0,0,0,0,4,0,0,0,0
zc,TA301,2012-06-05 09:03:26.850,7234.0000,87316,0,0.0000,2.0000,1,1,多换,B,7234.0000,0.0000,0.0000,0.0000,0.0000,7238.0000,0.0000,0.0000,0.0000,0.0000,3,0,0,0,0,1,0,0,0,0
zc,TA301,2012-06-05 09:03:27.570,7238.0000,87320,4,0.0000,6.0000,5,1,多开,B,7236.0000,0.0000,0.0000,0.0000,0.0000,7238.0000,0.0000,0.0000,0.0000,0.0000,3,0,0,0,0,1,0,0,0,0
zc,TA301,2012-06-05 09:03:28.070,7234.0000,87322,2,0.0000,8.0000,5,3,空开,S,7236.0000,0.0000,0.0000,0.0000,0.0000,7240.0000,0.0000,0.0000,0.0000,0.0000,1,0,0,0,0,4,0,0,0,0
zc,TA301,2012-06-05 09:03:28.773,7234.0000,87322,0,0.0000,0.0000,0,0,空换,S,7236.0000,0.0000,0.0000,0.0000,0.0000,7240.0000,0.0000,0.0000,0.0000,0.0000,1,0,0,0,0,10,0,0,0,0
zc,TA301,2012-06-05 09:03:29.320,7234.0000,87322,0,0.0000,0.0000,0,0,空换,S,7238.0000,0.0000,0.0000,0.0000,0.0000,7240.0000,0.0000,0.0000,0.0000,0.0000,1,0,0,0,0,10,0,0,0,0
zc,TA301,2012-06-05 09:03:29.850,7240.0000,87318,-4,0.0000,90.0000,43,47,空平,B,7240.0000,0.0000,0.0000,0.0000,0.0000,7242.0000,0.0000,0.0000,0.0000,0.0000,157,0,0,0,0,14,0,0,0,0
zc,TA301,2012-06-05 09:03:30.553,7240.0000,87292,-26,0.0000,66.0000,20,46,空平,B,7240.0000,0.0000,0.0000,0.0000,0.0000,7242.0000,0.0000,0.0000,0.0000,0.0000,125,0,0,0,0,14,0,0,0,0
zc,TA301,2012-06-05 09:03:31.087,7240.0000,87290,-2,0.0000,256.0000,127,129,空平,B,7238.0000,0.0000,0.0000,0.0000,0.0000,7240.0000,0.0000,0.0000,0.0000,0.0000,100,0,0,0,0,8,0,0,0,0
zc,TA301,2012-06-05 09:03:31.587,7240.0000,87296,6,0.0000,8.0000,7,1,多开,B,7238.0000,0.0000,0.0000,0.0000,0.0000,7242.0000,0.0000,0.0000,0.0000,0.0000,100,0,0,0,0,7,0,0,0,0
zc,TA301,2012-06-05 09:03:32.087,7242.0000,87276,-20,0.0000,30.0000,5,25,空平,B,7240.0000,0.0000,0.0000,0.0000,0.0000,7242.0000,0.0000,0.0000,0.0000,0.0000,2,0,0,0,0,6,0,0,0,0
zc,TA301,2012-06-05 09:03:32.850,7242.0000,87278,2,0.0000,2.0000,2,0,双开,B,7240.0000,0.0000,0.0000,0.0000,0.0000,7242.0000,0.0000,0.0000,0.0000,0.0000,3,0,0,0,0,6,0,0,0,0
zc,TA301,2012-06-05 09:03:33.337,7242.0000,87276,-2,0.0000,6.0000,2,4,空平,B,7240.0000,0.0000,0.0000,0.0000,0.0000,7242.0000,0.0000,0.0000,0.0000,0.0000,2,0,0,0,0,5,0,0,0,0
zc,TA301,2012-06-05 09:03:34.087,7240.0000,87276,0,0.0000,4.0000,2,2,空换,S,7238.0000,0.0000,0.0000,0.0000,0.0000,7240.0000,0.0000,0.0000,0.0000,0.0000,90,0,0,0,0,6,0,0,0,0
zc,TA301,2012-06-05 09:03:34.820,7240.0000,87268,-8,0.0000,14.0000,3,11,多平,S,7238.0000,0.0000,0.0000,0.0000,0.0000,7242.0000,0.0000,0.0000,0.0000,0.0000,99,0,0,0,0,6,0,0,0,0
zc,TA301,2012-06-05 09:03:35.553,7242.0000,87268,0,0.0000,10.0000,5,5,多换,B,7240.0000,0.0000,0.0000,0.0000,0.0000,7242.0000,0.0000,0.0000,0.0000,0.0000,28,0,0,0,0,2,0,0,0,0
zc,TA301,2012-06-05 09:03:36.383,7242.0000,87258,-10,0.0000,14.0000,2,12,空平,B,7240.0000,0.0000,0.0000,0.0000,0.0000,7244.0000,0.0000,0.0000,0.0000,0.0000,23,0,0,0,0,4,0,0,0,0
zc,TA301,2012-06-05 09:03:37.100,7242.0000,87254,-4,0.0000,4.0000,0,4,双平,B,7242.0000,0.0000,0.0000,0.0000,0.0000,7244.0000,0.0000,0.0000,0.0000,0.0000,2,0,0,0,0,3,0,0,0,0
zc,TA301,2012-06-05 09:03:37.600,7240.0000,87248,-6,0.0000,10.0000,2,8,多平,S,7240.0000,0.0000,0.0000,0.0000,0.0000,7242.0000,0.0000,0.0000,0.0000,0.0000,15,0,0,0,0,1,0,0,0,0
zc,TA301,2012-06-05 09:03:38.337,7240.0000,87240,-8,0.0000,202.0000,97,105,多平,S,7240.0000,0.0000,0.0000,0.0000,0.0000,7246.0000,0.0000,0.0000,0.0000,0.0000,14,0,0,0,0,370,0,0,0,0
zc,TA301,2012-06-05 09:03:38.837,7240.0000,87226,-14,0.0000,22.0000,4,18,多平,S,7240.0000,0.0000,0.0000,0.0000,0.0000,7242.0000,0.0000,0.0000,0.0000,0.0000,8,0,0,0,0,6,0,0,0,0
zc,TA301,2012-06-05 09:03:39.553,7242.0000,87224,-2,0.0000,6.0000,2,4,空平,B,7240.0000,0.0000,0.0000,0.0000,0.0000,7242.0000,0.0000,0.0000,0.0000,0.0000,13,0,0,0,0,3,0,0,0,0
zc,TA301,2012-06-05 09:03:40.100,7240.0000,87208,-16,0.0000,46.0000,15,31,多平,S,7240.0000,0.0000,0.0000,0.0000,0.0000,7244.0000,0.0000,0.0000,0.0000,0.0000,1,0,0,0,0,4,0,0,0,0
zc,TA301,2012-06-05 09:03:40.803,7240.0000,87230,22,0.0000,24.0000,23,1,空开,S,7238.0000,0.0000,0.0000,0.0000,0.0000,7244.0000,0.0000,0.0000,0.0000,0.0000,96,0,0,0,0,1,0,0,0,0
zc,TA301,2012-06-05 09:03:41.320,7240.0000,87228,-2,0.0000,2.0000,0,2,双平,S,7240.0000,0.0000,0.0000,0.0000,0.0000,7242.0000,0.0000,0.0000,0.0000,0.0000,4,0,0,0,0,1,0,0,0,0
zc,TA301,2012-06-05 09:03:42.070,7242.0000,87222,-6,0.0000,10.0000,2,8,空平,B,7242.0000,0.0000,0.0000,0.0000,0.0000,7244.0000,0.0000,0.0000,0.0000,0.0000,16,0,0,0,0,146,0,0,0,0
zc,TA301,2012-06-05 09:03:42.537,7242.0000,87220,-2,0.0000,14.0000,6,8,空平,B,7242.0000,0.0000,0.0000,0.0000,0.0000,7244.0000,0.0000,0.0000,0.0000,0.0000,9,0,0,0,0,76,0,0,0,0
zc,TA301,2012-06-05 09:03:43.337,7238.0000,87226,6,0.0000,26.0000,16,10,空开,S,7238.0000,0.0000,0.0000,0.0000,0.0000,7242.0000,0.0000,0.0000,0.0000,0.0000,88,0,0,0,0,207,0,0,0,0
zc,TA301,2012-06-05 09:03:44.100,7242.0000,87226,0,0.0000,310.0000,155,155,多换,B,7238.0000,0.0000,0.0000,0.0000,0.0000,7242.0000,0.0000,0.0000,0.0000,0.0000,88,0,0,0,0,54,0,0,0,0
zc,TA301,2012-06-05 09:03:44.523,7238.0000,87226,0,0.0000,38.0000,19,19,空换,S,7238.0000,0.0000,0.0000,0.0000,0.0000,7242.0000,0.0000,0.0000,0.0000,0.0000,70,0,0,0,0,23,0,0,0,0
zc,TA301,2012-06-05 09:03:45.087,7242.0000,87224,-2,0.0000,6.0000,2,4,空平,B,7238.0000,0.0000,0.0000,0.0000,0.0000,7242.0000,0.0000,0.0000,0.0000,0.0000,68,0,0,0,0,3,0,0,0,0
zc,TA301,2012-06-05 09:03:45.803,7242.0000,87236,12,0.0000,18.0000,15,3,多开,B,7238.0000,0.0000,0.0000,0.0000,0.0000,7240.0000,0.0000,0.0000,0.0000,0.0000,68,0,0,0,0,3,0,0,0,0
zc,TA301,2012-06-05 09:03:46.537,7238.0000,87230,-6,0.0000,6.0000,0,6,双平,S,7238.0000,0.0000,0.0000,0.0000,0.0000,7242.0000,0.0000,0.0000,0.0000,0.0000,68,0,0,0,0,20,0,0,0,0
zc,TA301,2012-06-05 09:03:47.087,7238.0000,87230,0,0.0000,4.0000,2,2,空换,S,7238.0000,0.0000,0.0000,0.0000,0.0000,7240.0000,0.0000,0.0000,0.0000,0.0000,67,0,0,0,0,10,0,0,0,0
zc,TA301,2012-06-05 09:03:47.837,7242.0000,87224,-6,0.0000,200.0000,97,103,空平,B,7238.0000,0.0000,0.0000,0.0000,0.0000,7242.0000,0.0000,0.0000,0.0000,0.0000,71,0,0,0,0,53,0,0,0,0
zc,TA301,2012-06-05 09:03:48.257,7240.0000,87206,-18,0.0000,20.0000,1,19,多平,S,7238.0000,0.0000,0.0000,0.0000,0.0000,7242.0000,0.0000,0.0000,0.0000,0.0000,62,0,0,0,0,53,0,0,0,0
zc,TA301,2012-06-05 09:03:49.037,7240.0000,87196,-10,0.0000,16.0000,3,13,多平,S,7238.0000,0.0000,0.0000,0.0000,0.0000,7240.0000,0.0000,0.0000,0.0000,0.0000,57,0,0,0,0,7,0,0,0,0
zc,TA301,2012-06-05 09:03:49.803,7238.0000,87170,-26,0.0000,38.0000,6,32,多平,S,7238.0000,0.0000,0.0000,0.0000,0.0000,7240.0000,0.0000,0.0000,0.0000,0.0000,38,0,0,0,0,8,0,0,0,0
zc,TA301,2012-06-05 09:03:50.350,7240.0000,87162,-8,0.0000,14.0000,3,11,空平,B,7238.0000,0.0000,0.0000,0.0000,0.0000,7240.0000,0.0000,0.0000,0.0000,0.0000,40,0,0,0,0,4,0,0,0,0
zc,TA301,2012-06-05 09:03:51.053,7240.0000,87154,-8,0.0000,10.0000,1,9,空平,B,7240.0000,0.0000,0.0000,0.0000,0.0000,7242.0000,0.0000,0.0000,0.0000,0.0000,20,0,0,0,0,5,0,0,0,0
zc,TA301,2012-06-05 09:03:51.820,7246.0000,87094,-60,0.0000,202.0000,71,131,空平,B,7240.0000,0.0000,0.0000,0.0000,0.0000,7246.0000,0.0000,0.0000,0.0000,0.0000,19,0,0,0,0,171,0,0,0,0
zc,TA301,2012-06-05 09:03:52.287,7242.0000,87084,-10,0.0000,10.0000,0,10,双平,S,7240.0000,0.0000,0.0000,0.0000,0.0000,7242.0000,0.0000,0.0000,0.0000,0.0000,18,0,0,0,0,1,0,0,0,0
zc,TA301,2012-06-05 09:03:53.053,7242.0000,87084,0,0.0000,0.0000,0,0,空换,S,7240.0000,0.0000,0.0000,0.0000,0.0000,7242.0000,0.0000,0.0000,0.0000,0.0000,19,0,0,0,0,1,0,0,0,0
zc,TA301,2012-06-05 09:03:53.570,7240.0000,87084,0,0.0000,4.0000,2,2,空换,S,7240.0000,0.0000,0.0000,0.0000,0.0000,7242.0000,0.0000,0.0000,0.0000,0.0000,24,0,0,0,0,1,0,0,0,0
zc,TA301,2012-06-05 09:03:54.320,7240.0000,87084,0,0.0000,2.0000,1,1,空换,S,7240.0000,0.0000,0.0000,0.0000,0.0000,7242.0000,0.0000,0.0000,0.0000,0.0000,16,0,0,0,0,1,0,0,0,0
zc,TA301,2012-06-05 09:03:54.850,7242.0000,87084,0,0.0000,2.0000,1,1,多换,B,7242.0000,0.0000,0.0000,0.0000,0.0000,7246.0000,0.0000,0.0000,0.0000,0.0000,4,0,0,0,0,174,0,0,0,0
zc,TA301,2012-06-05 09:03:55.587,7242.0000,87086,2,0.0000,204.0000,103,101,多开,B,7242.0000,0.0000,0.0000,0.0000,0.0000,7246.0000,0.0000,0.0000,0.0000,0.0000,2,0,0,0,0,73,0,0,0,0
zc,TA301,2012-06-05 09:03:56.070,7242.0000,87086,0,0.0000,4.0000,2,2,多换,B,7240.0000,0.0000,0.0000,0.0000,0.0000,7244.0000,0.0000,0.0000,0.0000,0.0000,26,0,0,0,0,1,0,0,0,0
zc,TA301,2012-06-05 09:03:56.820,7242.0000,87086,0,0.0000,0.0000,0,0,多换,B,7244.0000,0.0000,0.0000,0.0000,0.0000,7246.0000,0.0000,0.0000,0.0000,0.0000,2,0,0,0,0,74,0,0,0,0
zc,TA301,2012-06-05 09:03:57.320,7242.0000,87086,0,0.0000,0.0000,0,0,多换,B,7244.0000,0.0000,0.0000,0.0000,0.0000,7246.0000,0.0000,0.0000,0.0000,0.0000,2,0,0,0,0,71,0,0,0,0
zc,TA301,2012-06-05 09:03:58.070,7246.0000,87090,4,0.0000,8.0000,6,2,多开,B,7242.0000,0.0000,0.0000,0.0000,0.0000,7246.0000,0.0000,0.0000,0.0000,0.0000,10,0,0,0,0,55,0,0,0,0
zc,TA301,2012-06-05 09:03:58.523,7242.0000,87092,2,0.0000,4.0000,3,1,空开,S,7242.0000,0.0000,0.0000,0.0000,0.0000,7246.0000,0.0000,0.0000,0.0000,0.0000,8,0,0,0,0,55,0,0,0,0
zc,TA301,2012-06-05 09:03:59.303,7242.0000,87092,0,0.0000,6.0000,3,3,空换,S,7242.0000,0.0000,0.0000,0.0000,0.0000,7246.0000,0.0000,0.0000,0.0000,0.0000,6,0,0,0,0,54,0,0,0,0
zc,TA301,2012-06-05 09:04:00.633,7246.0000,87090,-2,0.0000,122.0000,60,62,空平,B,7246.0000,0.0000,0.0000,0.0000,0.0000,7250.0000,0.0000,0.0000,0.0000,0.0000,6,0,0,0,0,9,0,0,0,0
zc,TA301,2012-06-05 09:04:01.600,7246.0000,87088,-2,0.0000,8.0000,3,5,空平,B,7248.0000,0.0000,0.0000,0.0000,0.0000,7250.0000,0.0000,0.0000,0.0000,0.0000,5,0,0,0,0,8,0,0,0,0
zc,TA301,2012-06-05 09:04:02.350,7252.0000,87070,-18,0.0000,32.0000,7,25,空平,B,7250.0000,0.0000,0.0000,0.0000,0.0000,7252.0000,0.0000,0.0000,0.0000,0.0000,9,0,0,0,0,44,0,0,0,0
zc,TA301,2012-06-05 09:04:02.820,7252.0000,87040,-30,0.0000,30.0000,0,30,双平,B,7250.0000,0.0000,0.0000,0.0000,0.0000,7252.0000,0.0000,0.0000,0.0000,0.0000,17,0,0,0,0,29,0,0,0,0
zc,TA301,2012-06-05 09:04:03.553,7252.0000,87024,-16,0.0000,16.0000,0,16,双平,B,7250.0000,0.0000,0.0000,0.0000,0.0000,7252.0000,0.0000,0.0000,0.0000,0.0000,18,0,0,0,0,22,0,0,0,0
zc,TA301,2012-06-05 09:04:04.037,7252.0000,86990,-34,0.0000,44.0000,5,39,空平,B,7252.0000,0.0000,0.0000,0.0000,0.0000,7254.0000,0.0000,0.0000,0.0000,0.0000,26,0,0,0,0,1,0,0,0,0
zc,TA301,2012-06-05 09:04:04.850,7254.0000,86986,-4,0.0000,4.0000,0,4,双平,B,7254.0000,0.0000,0.0000,0.0000,0.0000,7256.0000,0.0000,0.0000,0.0000,0.0000,198,0,0,0,0,7,0,0,0,0
zc,TA301,2012-06-05 09:04:05.570,7254.0000,86972,-14,0.0000,28.0000,7,21,空平,B,7254.0000,0.0000,0.0000,0.0000,0.0000,7256.0000,0.0000,0.0000,0.0000,0.0000,198,0,0,0,0,16,0,0,0,0
zc,TA301,2012-06-05 09:04:06.053,7254.0000,86972,0,0.0000,8.0000,4,4,多换,B,7254.0000,0.0000,0.0000,0.0000,0.0000,7256.0000,0.0000,0.0000,0.0000,0.0000,188,0,0,0,0,13,0,0,0,0
zc,TA301,2012-06-05 09:04:07.070,7256.0000,86984,12,0.0000,190.0000,101,89,多开,B,7254.0000,0.0000,0.0000,0.0000,0.0000,7256.0000,0.0000,0.0000,0.0000,0.0000,116,0,0,0,0,196,0,0,0,0
zc,TA301,2012-06-05 09:04:07.617,7254.0000,86992,8,0.0000,438.0000,223,215,空开,S,7254.0000,0.0000,0.0000,0.0000,0.0000,7258.0000,0.0000,0.0000,0.0000,0.0000,108,0,0,0,0,281,0,0,0,0
zc,TA301,2012-06-05 09:04:08.383,7256.0000,86994,2,0.0000,144.0000,73,71,多开,B,7254.0000,0.0000,0.0000,0.0000,0.0000,7256.0000,0.0000,0.0000,0.0000,0.0000,33,0,0,0,0,153,0,0,0,0
zc,TA301,2012-06-05 09:04:08.787,7252.0000,87018,24,0.0000,82.0000,53,29,空开,S,7252.0000,0.0000,0.0000,0.0000,0.0000,7256.0000,0.0000,0.0000,0.0000,0.0000,7,0,0,0,0,178,0,0,0,0
zc,TA301,2012-06-05 09:04:09.553,7256.0000,87036,18,0.0000,22.0000,20,2,多开,B,7252.0000,0.0000,0.0000,0.0000,0.0000,7256.0000,0.0000,0.0000,0.0000,0.0000,10,0,0,0,0,180,0,0,0,0
zc,TA301,2012-06-05 09:04:10.850,7250.0000,87080,44,0.0000,52.0000,48,4,空开,S,7252.0000,0.0000,0.0000,0.0000,0.0000,7254.0000,0.0000,0.0000,0.0000,0.0000,1,0,0,0,0,61,0,0,0,0
zc,TA301,2012-06-05 09:04:11.350,7256.0000,87098,18,0.0000,30.0000,24,6,多开,B,7248.0000,0.0000,0.0000,0.0000,0.0000,7256.0000,0.0000,0.0000,0.0000,0.0000,1,0,0,0,0,95,0,0,0,0
zc,TA301,2012-06-05 09:04:12.070,7248.0000,87098,0,0.0000,2.0000,1,1,空换,S,7246.0000,0.0000,0.0000,0.0000,0.0000,7252.0000,0.0000,0.0000,0.0000,0.0000,1,0,0,0,0,1,0,0,0,0
zc,TA301,2012-06-05 09:04:12.820,7248.0000,87096,-2,0.0000,2.0000,0,2,双平,S,7250.0000,0.0000,0.0000,0.0000,0.0000,7252.0000,0.0000,0.0000,0.0000,0.0000,3,0,0,0,0,1,0,0,0,0
zc,TA301,2012-06-05 09:04:13.350,7254.0000,87114,18,0.0000,20.0000,19,1,多开,B,7246.0000,0.0000,0.0000,0.0000,0.0000,7252.0000,0.0000,0.0000,0.0000,0.0000,1,0,0,0,0,3,0,0,0,0
zc,TA301,2012-06-05 09:04:14.070,7254.0000,87114,0,0.0000,6.0000,3,3,多换,B,7246.0000,0.0000,0.0000,0.0000,0.0000,7252.0000,0.0000,0.0000,0.0000,0.0000,1,0,0,0,0,115,0,0,0,0
zc,TA301,2012-06-05 09:04:14.600,7254.0000,87114,0,0.0000,0.0000,0,0,多换,B,7246.0000,0.0000,0.0000,0.0000,0.0000,7250.0000,0.0000,0.0000,0.0000,0.0000,1,0,0,0,0,5,0,0,0,0
zc,TA301,2012-06-05 09:04:16.303,7250.0000,87136,22,0.0000,22.0000,22,0,双开,S,7240.0000,0.0000,0.0000,0.0000,0.0000,7250.0000,0.0000,0.0000,0.0000,0.0000,28,0,0,0,0,57,0,0,0,0
zc,TA301,2012-06-05 09:04:16.773,7250.0000,87146,10,0.0000,10.0000,10,0,双开,S,7240.0000,0.0000,0.0000,0.0000,0.0000,7250.0000,0.0000,0.0000,0.0000,0.0000,28,0,0,0,0,105,0,0,0,0
zc,TA301,2012-06-05 09:04:17.587,7250.0000,87186,40,0.0000,40.0000,40,0,双开,S,7240.0000,0.0000,0.0000,0.0000,0.0000,7248.0000,0.0000,0.0000,0.0000,0.0000,28,0,0,0,0,50,0,0,0,0
zc,TA301,2012-06-05 09:04:18.100,7250.0000,87186,0,0.0000,4.0000,2,2,空换,S,7240.0000,0.0000,0.0000,0.0000,0.0000,7244.0000,0.0000,0.0000,0.0000,0.0000,28,0,0,0,0,82,0,0,0,0
zc,TA301,2012-06-05 09:04:18.803,7244.0000,87188,2,0.0000,4.0000,3,1,空开,S,7240.0000,0.0000,0.0000,0.0000,0.0000,7246.0000,0.0000,0.0000,0.0000,0.0000,27,0,0,0,0,10,0,0,0,0
zc,TA301,2012-06-05 09:04:19.303,7242.0000,87188,0,0.0000,4.0000,2,2,空换,S,7242.0000,0.0000,0.0000,0.0000,0.0000,7246.0000,0.0000,0.0000,0.0000,0.0000,2,0,0,0,0,4,0,0,0,0
zc,TA301,2012-06-05 09:04:20.087,7246.0000,87190,2,0.0000,2.0000,2,0,双开,B,7242.0000,0.0000,0.0000,0.0000,0.0000,7246.0000,0.0000,0.0000,0.0000,0.0000,2,0,0,0,0,3,0,0,0,0
zc,TA301,2012-06-05 09:04:21.350,7246.0000,87190,0,0.0000,0.0000,0,0,多换,B,7244.0000,0.0000,0.0000,0.0000,0.0000,7246.0000,0.0000,0.0000,0.0000,0.0000,5,0,0,0,0,3,0,0,0,0
zc,TA301,2012-06-05 09:04:22.117,7244.0000,87198,8,0.0000,10.0000,9,1,空开,S,7242.0000,0.0000,0.0000,0.0000,0.0000,7246.0000,0.0000,0.0000,0.0000,0.0000,6,0,0,0,0,17,0,0,0,0
zc,TA301,2012-06-05 09:04:22.273,7246.0000,87200,2,0.0000,2.0000,2,0,双开,B,7242.0000,0.0000,0.0000,0.0000,0.0000,7246.0000,0.0000,0.0000,0.0000,0.0000,6,0,0,0,0,17,0,0,0,0
zc,TA301,2012-06-05 09:04:23.053,7246.0000,87200,0,0.0000,0.0000,0,0,多换,B,7242.0000,0.0000,0.0000,0.0000,0.0000,7246.0000,0.0000,0.0000,0.0000,0.0000,6,0,0,0,0,9,0,0,0,0
zc,TA301,2012-06-05 09:04:23.537,7246.0000,87200,0,0.0000,0.0000,0,0,多换,B,7242.0000,0.0000,0.0000,0.0000,0.0000,7246.0000,0.0000,0.0000,0.0000,0.0000,6,0,0,0,0,2,0,0,0,0
zc,TA301,2012-06-05 09:04:24.303,7242.0000,87200,0,0.0000,2.0000,1,1,空换,S,7242.0000,0.0000,0.0000,0.0000,0.0000,7246.0000,0.0000,0.0000,0.0000,0.0000,5,0,0,0,0,7,0,0,0,0
zc,TA301,2012-06-05 09:04:24.787,7242.0000,87200,0,0.0000,0.0000,0,0,空换,S,7242.0000,0.0000,0.0000,0.0000,0.0000,7244.0000,0.0000,0.0000,0.0000,0.0000,5,0,0,0,0,4,0,0,0,0
zc,TA301,2012-06-05 09:04:26.100,7242.0000,87206,6,0.0000,8.0000,7,1,空开,S,7242.0000,0.0000,0.0000,0.0000,0.0000,7246.0000,0.0000,0.0000,0.0000,0.0000,5,0,0,0,0,9,0,0,0,0
zc,TA301,2012-06-05 09:04:26.553,7242.0000,87206,0,0.0000,0.0000,0,0,空换,S,7242.0000,0.0000,0.0000,0.0000,0.0000,7244.0000,0.0000,0.0000,0.0000,0.0000,5,0,0,0,0,5,0,0,0,0
zc,TA301,2012-06-05 09:04:27.070,7244.0000,87204,-2,0.0000,2.0000,0,2,双平,B,7242.0000,0.0000,0.0000,0.0000,0.0000,7246.0000,0.0000,0.0000,0.0000,0.0000,7,0,0,0,0,5,0,0,0,0
zc,TA301,2012-06-05 09:04:27.803,7242.0000,87212,8,0.0000,8.0000,8,0,双开,S,7240.0000,0.0000,0.0000,0.0000,0.0000,7246.0000,0.0000,0.0000,0.0000,0.0000,31,0,0,0,0,10,0,0,0,0
zc,TA301,2012-06-05 09:04:28.553,7242.0000,87210,-2,0.0000,2.0000,0,2,双平,S,7240.0000,0.0000,0.0000,0.0000,0.0000,7242.0000,0.0000,0.0000,0.0000,0.0000,31,0,0,0,0,1,0,0,0,0
zc,TA301,2012-06-05 09:04:29.037,7242.0000,87210,0,0.0000,2.0000,1,1,空换,S,7242.0000,0.0000,0.0000,0.0000,0.0000,7246.0000,0.0000,0.0000,0.0000,0.0000,2,0,0,0,0,10,0,0,0,0
zc,TA301,2012-06-05 09:04:29.523,7246.0000,87212,2,0.0000,2.0000,2,0,双开,B,7242.0000,0.0000,0.0000,0.0000,0.0000,7246.0000,0.0000,0.0000,0.0000,0.0000,4,0,0,0,0,9,0,0,0,0
zc,TA301,2012-06-05 09:04:30.070,7246.0000,87228,16,0.0000,18.0000,17,1,多开,B,7242.0000,0.0000,0.0000,0.0000,0.0000,7244.0000,0.0000,0.0000,0.0000,0.0000,2,0,0,0,0,1,0,0,0,0
zc,TA301,2012-06-05 09:04:30.803,7244.0000,87228,0,0.0000,2.0000,1,1,空换,S,7244.0000,0.0000,0.0000,0.0000,0.0000,7246.0000,0.0000,0.0000,0.0000,0.0000,2,0,0,0,0,4,0,0,0,0
zc,TA301,2012-06-05 09:04:31.303,7244.0000,87230,2,0.0000,2.0000,2,0,双开,S,7244.0000,0.0000,0.0000,0.0000,0.0000,7246.0000,0.0000,0.0000,0.0000,0.0000,1,0,0,0,0,4,0,0,0,0
zc,TA301,2012-06-05 09:04:31.803,7246.0000,87234,4,0.0000,8.0000,6,2,多开,B,7246.0000,0.0000,0.0000,0.0000,0.0000,7248.0000,0.0000,0.0000,0.0000,0.0000,16,0,0,0,0,9,0,0,0,0
zc,TA301,2012-06-05 09:04:32.320,7244.0000,87234,0,0.0000,34.0000,17,17,空换,S,7242.0000,0.0000,0.0000,0.0000,0.0000,7244.0000,0.0000,0.0000,0.0000,0.0000,3,0,0,0,0,983,0,0,0,0
zc,TA301,2012-06-05 09:04:33.053,7242.0000,87238,4,0.0000,4.0000,4,0,双开,S,7242.0000,0.0000,0.0000,0.0000,0.0000,7244.0000,0.0000,0.0000,0.0000,0.0000,1,0,0,0,0,983,0,0,0,0
zc,TA301,2012-06-05 09:04:33.803,7242.0000,87238,0,0.0000,0.0000,0,0,空换,S,7240.0000,0.0000,0.0000,0.0000,0.0000,7244.0000,0.0000,0.0000,0.0000,0.0000,31,0,0,0,0,986,0,0,0,0
zc,TA301,2012-06-05 09:04:35.023,7244.0000,87238,0,0.0000,22.0000,11,11,多换,B,7240.0000,0.0000,0.0000,0.0000,0.0000,7244.0000,0.0000,0.0000,0.0000,0.0000,31,0,0,0,0,975,0,0,0,0
zc,TA301,2012-06-05 09:04:35.570,7244.0000,87238,0,0.0000,0.0000,0,0,多换,B,7240.0000,0.0000,0.0000,0.0000,0.0000,7242.0000,0.0000,0.0000,0.0000,0.0000,32,0,0,0,0,12,0,0,0,0
zc,TA301,2012-06-05 09:04:36.303,7240.0000,87286,48,0.0000,54.0000,51,3,空开,S,7240.0000,0.0000,0.0000,0.0000,0.0000,7244.0000,0.0000,0.0000,0.0000,0.0000,24,0,0,0,0,972,0,0,0,0
zc,TA301,2012-06-05 09:04:36.787,7240.0000,87286,0,0.0000,2.0000,1,1,空换,S,7240.0000,0.0000,0.0000,0.0000,0.0000,7244.0000,0.0000,0.0000,0.0000,0.0000,24,0,0,0,0,972,0,0,0,0
zc,TA301,2012-06-05 09:04:37.287,7240.0000,87332,46,0.0000,46.0000,46,0,双开,S,7238.0000,0.0000,0.0000,0.0000,0.0000,7240.0000,0.0000,0.0000,0.0000,0.0000,45,0,0,0,0,54,0,0,0,0
zc,TA301,2012-06-05 09:04:37.803,7240.0000,87332,0,0.0000,0.0000,0,0,空换,S,7238.0000,0.0000,0.0000,0.0000,0.0000,7240.0000,0.0000,0.0000,0.0000,0.0000,45,0,0,0,0,55,0,0,0,0
zc,TA301,2012-06-05 09:04:38.570,7240.0000,87290,-42,0.0000,46.0000,2,44,多平,S,7238.0000,0.0000,0.0000,0.0000,0.0000,7244.0000,0.0000,0.0000,0.0000,0.0000,23,0,0,0,0,1023,0,0,0,0
zc,TA301,2012-06-05 09:04:39.053,7240.0000,87290,0,0.0000,0.0000,0,0,空换,S,7238.0000,0.0000,0.0000,0.0000,0.0000,7244.0000,0.0000,0.0000,0.0000,0.0000,23,0,0,0,0,1027,0,0,0,0
zc,TA301,2012-06-05 09:04:39.850,7242.0000,87278,-12,0.0000,60.0000,24,36,空平,B,7242.0000,0.0000,0.0000,0.0000,0.0000,7244.0000,0.0000,0.0000,0.0000,0.0000,31,0,0,0,0,1028,0,0,0,0
zc,TA301,2012-06-05 09:04:40.287,7242.0000,87304,26,0.0000,26.0000,26,0,双开,B,7242.0000,0.0000,0.0000,0.0000,0.0000,7244.0000,0.0000,0.0000,0.0000,0.0000,18,0,0,0,0,1028,0,0,0,0
zc,TA301,2012-06-05 09:04:40.787,7242.0000,87340,36,0.0000,36.0000,36,0,双开,B,7240.0000,0.0000,0.0000,0.0000,0.0000,7242.0000,0.0000,0.0000,0.0000,0.0000,1,0,0,0,0,34,0,0,0,0
zc,TA301,2012-06-05 09:04:41.553,7240.0000,87342,2,0.0000,2.0000,2,0,双开,S,7238.0000,0.0000,0.0000,0.0000,0.0000,7240.0000,0.0000,0.0000,0.0000,0.0000,17,0,0,0,0,7,0,0,0,0
zc,TA301,2012-06-05 09:04:42.587,7238.0000,87356,14,0.0000,20.0000,17,3,空开,S,7238.0000,0.0000,0.0000,0.0000,0.0000,7242.0000,0.0000,0.0000,0.0000,0.0000,10,0,0,0,0,46,0,0,0,0
zc,TA301,2012-06-05 09:04:43.087,7238.0000,87356,0,0.0000,0.0000,0,0,空换,S,7238.0000,0.0000,0.0000,0.0000,0.0000,7240.0000,0.0000,0.0000,0.0000,0.0000,18,0,0,0,0,39,0,0,0,0
zc,TA301,2012-06-05 09:04:43.803,7240.0000,87364,8,0.0000,10.0000,9,1,多开,B,7238.0000,0.0000,0.0000,0.0000,0.0000,7240.0000,0.0000,0.0000,0.0000,0.0000,17,0,0,0,0,28,0,0,0,0
zc,TA301,2012-06-05 09:04:44.273,7240.0000,87364,0,0.0000,4.0000,2,2,多换,B,7238.0000,0.0000,0.0000,0.0000,0.0000,7240.0000,0.0000,0.0000,0.0000,0.0000,18,0,0,0,0,4,0,0,0,0
zc,TA301,2012-06-05 09:04:44.757,7240.0000,87566,202,0.0000,214.0000,208,6,多开,B,7238.0000,0.0000,0.0000,0.0000,0.0000,7240.0000,0.0000,0.0000,0.0000,0.0000,13,0,0,0,0,1,0,0,0,0
zc,TA301,2012-06-05 09:04:45.507,7238.0000,87572,6,0.0000,6.0000,6,0,双开,S,7238.0000,0.0000,0.0000,0.0000,0.0000,7240.0000,0.0000,0.0000,0.0000,0.0000,10,0,0,0,0,1,0,0,0,0
zc,TA301,2012-06-05 09:04:46.070,7238.0000,87572,0,0.0000,0.0000,0,0,空换,S,7238.0000,0.0000,0.0000,0.0000,0.0000,7240.0000,0.0000,0.0000,0.0000,0.0000,11,0,0,0,0,78,0,0,0,0
zc,TA301,2012-06-05 09:04:47.303,7238.0000,87592,20,0.0000,22.0000,21,1,空开,S,7236.0000,0.0000,0.0000,0.0000,0.0000,7240.0000,0.0000,0.0000,0.0000,0.0000,10,0,0,0,0,67,0,0,0,0
zc,TA301,2012-06-05 09:04:48.053,7238.0000,87592,0,0.0000,0.0000,0,0,空换,S,7236.0000,0.0000,0.0000,0.0000,0.0000,7238.0000,0.0000,0.0000,0.0000,0.0000,10,0,0,0,0,4,0,0,0,0
zc,TA301,2012-06-05 09:04:48.350,7236.0000,87592,0,0.0000,2.0000,1,1,空换,S,7236.0000,0.0000,0.0000,0.0000,0.0000,7238.0000,0.0000,0.0000,0.0000,0.0000,9,0,0,0,0,16,0,0,0,0
zc,TA301,2012-06-05 09:04:49.087,7236.0000,87606,14,0.0000,18.0000,16,2,空开,S,7232.0000,0.0000,0.0000,0.0000,0.0000,7238.0000,0.0000,0.0000,0.0000,0.0000,6,0,0,0,0,32,0,0,0,0
zc,TA301,2012-06-05 09:04:49.837,7236.0000,87606,0,0.0000,0.0000,0,0,空换,S,7232.0000,0.0000,0.0000,0.0000,0.0000,7236.0000,0.0000,0.0000,0.0000,0.0000,6,0,0,0,0,3,0,0,0,0
zc,TA301,2012-06-05 09:04:52.037,7236.0000,87606,0,0.0000,0.0000,0,0,空换,S,7232.0000,0.0000,0.0000,0.0000,0.0000,7238.0000,0.0000,0.0000,0.0000,0.0000,6,0,0,0,0,64,0,0,0,0
zc,TA301,2012-06-05 09:04:52.803,7236.0000,87606,0,0.0000,0.0000,0,0,空换,S,7232.0000,0.0000,0.0000,0.0000,0.0000,7238.0000,0.0000,0.0000,0.0000,0.0000,6,0,0,0,0,55,0,0,0,0
zc,TA301,2012-06-05 09:04:53.240,7236.0000,87606,0,0.0000,0.0000,0,0,空换,S,7232.0000,0.0000,0.0000,0.0000,0.0000,7238.0000,0.0000,0.0000,0.0000,0.0000,2,0,0,0,0,64,0,0,0,0
zc,TA301,2012-06-05 09:04:54.037,7236.0000,87606,0,0.0000,0.0000,0,0,空换,S,7232.0000,0.0000,0.0000,0.0000,0.0000,7238.0000,0.0000,0.0000,0.0000,0.0000,6,0,0,0,0,22,0,0,0,0
zc,TA301,2012-06-05 09:04:54.773,7234.0000,87608,2,0.0000,4.0000,3,1,空开,S,7234.0000,0.0000,0.0000,0.0000,0.0000,7238.0000,0.0000,0.0000,0.0000,0.0000,4,0,0,0,0,5,0,0,0,0
zc,TA301,2012-06-05 09:04:55.773,7234.0000,87608,0,0.0000,0.0000,0,0,空换,S,7234.0000,0.0000,0.0000,0.0000,0.0000,7238.0000,0.0000,0.0000,0.0000,0.0000,4,0,0,0,0,15,0,0,0,0
zc,TA301,2012-06-05 09:04:56.257,7238.0000,87608,0,0.0000,2.0000,1,1,多换,B,7234.0000,0.0000,0.0000,0.0000,0.0000,7238.0000,0.0000,0.0000,0.0000,0.0000,4,0,0,0,0,14,0,0,0,0
zc,TA301,2012-06-05 09:04:57.273,7234.0000,87608,0,0.0000,6.0000,3,3,空换,S,7234.0000,0.0000,0.0000,0.0000,0.0000,7238.0000,0.0000,0.0000,0.0000,0.0000,1,0,0,0,0,15,0,0,0,0
zc,TA301,2012-06-05 09:04:58.037,7234.0000,87604,-4,0.0000,4.0000,0,4,双平,S,7234.0000,0.0000,0.0000,0.0000,0.0000,7238.0000,0.0000,0.0000,0.0000,0.0000,2,0,0,0,0,15,0,0,0,0
zc,TA301,2012-06-05 09:04:58.587,7234.0000,87604,0,0.0000,0.0000,0,0,空换,S,7232.0000,0.0000,0.0000,0.0000,0.0000,7236.0000,0.0000,0.0000,0.0000,0.0000,4,0,0,0,0,3,0,0,0,0
zc,TA301,2012-06-05 09:04:59.320,7234.0000,87604,0,0.0000,0.0000,0,0,空换,S,7232.0000,0.0000,0.0000,0.0000,0.0000,7236.0000,0.0000,0.0000,0.0000,0.0000,4,0,0,0,0,10,0,0,0,0
zc,TA301,2012-06-05 09:05:00.023,7236.0000,87604,0,0.0000,2.0000,1,1,多换,B,7232.0000,0.0000,0.0000,0.0000,0.0000,7236.0000,0.0000,0.0000,0.0000,0.0000,4,0,0,0,0,9,0,0,0,0
zc,TA301,2012-06-05 09:05:00.303,7232.0000,87610,6,0.0000,12.0000,9,3,空开,S,7232.0000,0.0000,0.0000,0.0000,0.0000,7236.0000,0.0000,0.0000,0.0000,0.0000,2,0,0,0,0,9,0,0,0,0
zc,TA301,2012-06-05 09:05:01.053,7232.0000,87610,0,0.0000,0.0000,0,0,空换,S,7234.0000,0.0000,0.0000,0.0000,0.0000,7238.0000,0.0000,0.0000,0.0000,0.0000,1,0,0,0,0,11,0,0,0,0
zc,TA301,2012-06-05 09:05:01.537,7232.0000,87610,0,0.0000,0.0000,0,0,空换,S,7236.0000,0.0000,0.0000,0.0000,0.0000,7238.0000,0.0000,0.0000,0.0000,0.0000,1,0,0,0,0,5,0,0,0,0
zc,TA301,2012-06-05 09:05:02.037,7238.0000,87618,8,0.0000,12.0000,10,2,多开,B,7234.0000,0.0000,0.0000,0.0000,0.0000,7240.0000,0.0000,0.0000,0.0000,0.0000,1,0,0,0,0,21,0,0,0,0
zc,TA301,2012-06-05 09:05:02.507,7238.0000,87620,2,0.0000,2.0000,2,0,双开,B,7238.0000,0.0000,0.0000,0.0000,0.0000,7240.0000,0.0000,0.0000,0.0000,0.0000,1,0,0,0,0,20,0,0,0,0
zc,TA301,2012-06-05 09:05:03.303,7238.0000,87622,2,0.0000,2.0000,2,0,双开,B,7234.0000,0.0000,0.0000,0.0000,0.0000,7240.0000,0.0000,0.0000,0.0000,0.0000,2,0,0,0,0,19,0,0,0,0
zc,TA301,2012-06-05 09:05:03.757,7238.0000,87622,0,0.0000,0.0000,0,0,多换,B,7234.0000,0.0000,0.0000,0.0000,0.0000,7240.0000,0.0000,0.0000,0.0000,0.0000,3,0,0,0,0,19,0,0,0,0
zc,TA301,2012-06-05 09:05:05.053,7236.0000,87620,-2,0.0000,2.0000,0,2,双平,S,7236.0000,0.0000,0.0000,0.0000,0.0000,7238.0000,0.0000,0.0000,0.0000,0.0000,1,0,0,0,0,3,0,0,0,0
zc,TA301,2012-06-05 09:05:05.553,7238.0000,87614,-6,0.0000,6.0000,0,6,双平,B,7236.0000,0.0000,0.0000,0.0000,0.0000,7240.0000,0.0000,0.0000,0.0000,0.0000,2,0,0,0,0,12,0,0,0,0
zc,TA301,2012-06-05 09:05:06.507,7238.0000,87614,0,0.0000,0.0000,0,0,多换,B,7236.0000,0.0000,0.0000,0.0000,0.0000,7240.0000,0.0000,0.0000,0.0000,0.0000,2,0,0,0,0,9,0,0,0,0
zc,TA301,2012-06-05 09:05:07.320,7240.0000,87614,0,0.0000,4.0000,2,2,多换,B,7236.0000,0.0000,0.0000,0.0000,0.0000,7240.0000,0.0000,0.0000,0.0000,0.0000,2,0,0,0,0,7,0,0,0,0
zc,TA301,2012-06-05 09:05:08.587,7240.0000,87616,2,0.0000,4.0000,3,1,多开,B,7234.0000,0.0000,0.0000,0.0000,0.0000,7240.0000,0.0000,0.0000,0.0000,0.0000,6,0,0,0,0,13,0,0,0,0
zc,TA301,2012-06-05 09:05:09.070,7240.0000,87618,2,0.0000,8.0000,5,3,多开,B,7234.0000,0.0000,0.0000,0.0000,0.0000,7240.0000,0.0000,0.0000,0.0000,0.0000,5,0,0,0,0,10,0,0,0,0
zc,TA301,2012-06-05 09:05:09.587,7240.0000,87618,0,0.0000,0.0000,0,0,多换,B,7234.0000,0.0000,0.0000,0.0000,0.0000,7238.0000,0.0000,0.0000,0.0000,0.0000,6,0,0,0,0,6,0,0,0,0
zc,TA301,2012-06-05 09:05:10.287,7240.0000,87618,0,0.0000,0.0000,0,0,多换,B,7234.0000,0.0000,0.0000,0.0000,0.0000,7238.0000,0.0000,0.0000,0.0000,0.0000,4,0,0,0,0,6,0,0,0,0
zc,TA301,2012-06-05 09:05:10.820,7240.0000,87618,0,0.0000,0.0000,0,0,多换,B,7236.0000,0.0000,0.0000,0.0000,0.0000,7238.0000,0.0000,0.0000,0.0000,0.0000,1,0,0,0,0,6,0,0,0,0
zc,TA301,2012-06-05 09:05:11.553,7236.0000,87618,0,0.0000,2.0000,1,1,空换,S,7234.0000,0.0000,0.0000,0.0000,0.0000,7236.0000,0.0000,0.0000,0.0000,0.0000,2,0,0,0,0,5,0,0,0,0
zc,TA301,2012-06-05 09:05:12.023,7236.0000,87620,2,0.0000,2.0000,2,0,双开,S,7234.0000,0.0000,0.0000,0.0000,0.0000,7236.0000,0.0000,0.0000,0.0000,0.0000,2,0,0,0,0,4,0,0,0,0
zc,TA301,2012-06-05 09:05:13.023,7234.0000,87620,0,0.0000,2.0000,1,1,空换,S,7234.0000,0.0000,0.0000,0.0000,0.0000,7236.0000,0.0000,0.0000,0.0000,0.0000,1,0,0,0,0,4,0,0,0,0
zc,TA301,2012-06-05 09:05:13.773,7234.0000,87624,4,0.0000,10.0000,7,3,空开,S,7232.0000,0.0000,0.0000,0.0000,0.0000,7234.0000,0.0000,0.0000,0.0000,0.0000,4,0,0,0,0,2,0,0,0,0
zc,TA301,2012-06-05 09:05:14.523,7234.0000,87624,0,0.0000,2.0000,1,1,空换,S,7232.0000,0.0000,0.0000,0.0000,0.0000,7234.0000,0.0000,0.0000,0.0000,0.0000,2,0,0,0,0,1,0,0,0,0
zc,TA301,2012-06-05 09:05:14.787,7232.0000,87626,2,0.0000,4.0000,3,1,空开,S,7230.0000,0.0000,0.0000,0.0000,0.0000,7234.0000,0.0000,0.0000,0.0000,0.0000,26,0,0,0,0,6,0,0,0,0
zc,TA301,2012-06-05 09:05:15.537,7234.0000,87630,4,0.0000,8.0000,6,2,多开,B,7230.0000,0.0000,0.0000,0.0000,0.0000,7234.0000,0.0000,0.0000,0.0000,0.0000,25,0,0,0,0,3,0,0,0,0
zc,TA301,2012-06-05 09:05:16.053,7232.0000,87640,10,0.0000,10.0000,10,0,双开,S,7232.0000,0.0000,0.0000,0.0000,0.0000,7234.0000,0.0000,0.0000,0.0000,0.0000,20,0,0,0,0,1,0,0,0,0
zc,TA301,2012-06-05 09:05:16.803,7232.0000,87650,10,0.0000,14.0000,12,2,空开,S,7232.0000,0.0000,0.0000,0.0000,0.0000,7236.0000,0.0000,0.0000,0.0000,0.0000,13,0,0,0,0,59,0,0,0,0
zc,TA301,2012-06-05 09:05:17.773,7232.0000,87650,0,0.0000,0.0000,0,0,空换,S,7232.0000,0.0000,0.0000,0.0000,0.0000,7236.0000,0.0000,0.0000,0.0000,0.0000,13,0,0,0,0,22,0,0,0,0
zc,TA301,2012-06-05 09:05:18.320,7232.0000,87650,0,0.0000,20.0000,10,10,空换,S,7232.0000,0.0000,0.0000,0.0000,0.0000,7236.0000,0.0000,0.0000,0.0000,0.0000,7,0,0,0,0,1,0,0,0,0
zc,TA301,2012-06-05 09:05:19.023,7232.0000,87650,0,0.0000,0.0000,0,0,空换,S,7232.0000,0.0000,0.0000,0.0000,0.0000,7236.0000,0.0000,0.0000,0.0000,0.0000,17,0,0,0,0,1,0,0,0,0
zc,TA301,2012-06-05 09:05:20.037,7230.0000,87650,0,0.0000,40.0000,20,20,空换,S,7230.0000,0.0000,0.0000,0.0000,0.0000,7236.0000,0.0000,0.0000,0.0000,0.0000,23,0,0,0,0,1,0,0,0,0
zc,TA301,2012-06-05 09:05:20.837,7230.0000,87650,0,0.0000,0.0000,0,0,空换,S,7232.0000,0.0000,0.0000,0.0000,0.0000,7234.0000,0.0000,0.0000,0.0000,0.0000,12,0,0,0,0,2,0,0,0,0
zc,TA301,2012-06-05 09:05:21.337,7234.0000,87650,0,0.0000,4.0000,2,2,多换,B,7232.0000,0.0000,0.0000,0.0000,0.0000,7236.0000,0.0000,0.0000,0.0000,0.0000,12,0,0,0,0,61,0,0,0,0
zc,TA301,2012-06-05 09:05:22.537,7234.0000,87650,0,0.0000,0.0000,0,0,多换,B,7230.0000,0.0000,0.0000,0.0000,0.0000,7234.0000,0.0000,0.0000,0.0000,0.0000,21,0,0,0,0,1,0,0,0,0
zc,TA301,2012-06-05 09:05:23.553,7234.0000,87650,0,0.0000,0.0000,0,0,多换,B,7230.0000,0.0000,0.0000,0.0000,0.0000,7234.0000,0.0000,0.0000,0.0000,0.0000,23,0,0,0,0,1,0,0,0,0
zc,TA301,2012-06-05 09:05:24.240,7234.0000,87650,0,0.0000,0.0000,0,0,多换,B,7230.0000,0.0000,0.0000,0.0000,0.0000,7234.0000,0.0000,0.0000,0.0000,0.0000,24,0,0,0,0,1,0,0,0,0
zc,TA301,2012-06-05 09:05:24.803,7230.0000,87650,0,0.0000,2.0000,1,1,空换,S,7232.0000,0.0000,0.0000,0.0000,0.0000,7234.0000,0.0000,0.0000,0.0000,0.0000,12,0,0,0,0,1,0,0,0,0
zc,TA301,2012-06-05 09:05:25.303,7234.0000,87648,-2,0.0000,4.0000,1,3,空平,B,7232.0000,0.0000,0.0000,0.0000,0.0000,7236.0000,0.0000,0.0000,0.0000,0.0000,23,0,0,0,0,4,0,0,0,0
zc,TA301,2012-06-05 09:05:26.070,7234.0000,87648,0,0.0000,0.0000,0,0,多换,B,7232.0000,0.0000,0.0000,0.0000,0.0000,7236.0000,0.0000,0.0000,0.0000,0.0000,25,0,0,0,0,4,0,0,0,0
zc,TA301,2012-06-05 09:05:27.023,7234.0000,87648,0,0.0000,0.0000,0,0,多换,B,7234.0000,0.0000,0.0000,0.0000,0.0000,7236.0000,0.0000,0.0000,0.0000,0.0000,12,0,0,0,0,4,0,0,0,0
zc,TA301,2012-06-05 09:05:29.600,7234.0000,87648,0,0.0000,0.0000,0,0,多换,B,7234.0000,0.0000,0.0000,0.0000,0.0000,7236.0000,0.0000,0.0000,0.0000,0.0000,12,0,0,0,0,9,0,0,0,0
zc,TA301,2012-06-05 09:05:30.037,7234.0000,87648,0,0.0000,24.0000,12,12,多换,B,7232.0000,0.0000,0.0000,0.0000,0.0000,7234.0000,0.0000,0.0000,0.0000,0.0000,23,0,0,0,0,8,0,0,0,0
zc,TA301,2012-06-05 09:05:31.287,7234.0000,87648,0,0.0000,12.0000,6,6,多换,B,7232.0000,0.0000,0.0000,0.0000,0.0000,7234.0000,0.0000,0.0000,0.0000,0.0000,33,0,0,0,0,2,0,0,0,0
zc,TA301,2012-06-05 09:05:33.053,7234.0000,87648,0,0.0000,4.0000,2,2,多换,B,7234.0000,0.0000,0.0000,0.0000,0.0000,7236.0000,0.0000,0.0000,0.0000,0.0000,1,0,0,0,0,12,0,0,0,0
zc,TA301,2012-06-05 09:05:34.023,7234.0000,87652,4,0.0000,4.0000,4,0,双开,B,7232.0000,0.0000,0.0000,0.0000,0.0000,7236.0000,0.0000,0.0000,0.0000,0.0000,22,0,0,0,0,20,0,0,0,0
zc,TA301,2012-06-05 09:05:35.087,7232.0000,87650,-2,0.0000,2.0000,0,2,双平,S,7232.0000,0.0000,0.0000,0.0000,0.0000,7234.0000,0.0000,0.0000,0.0000,0.0000,21,0,0,0,0,3,0,0,0,0
zc,TA301,2012-06-05 09:05:36.303,7232.0000,87650,0,0.0000,0.0000,0,0,空换,S,7232.0000,0.0000,0.0000,0.0000,0.0000,7234.0000,0.0000,0.0000,0.0000,0.0000,25,0,0,0,0,3,0,0,0,0
zc,TA301,2012-06-05 09:05:37.287,7232.0000,87650,0,0.0000,20.0000,10,10,空换,S,7232.0000,0.0000,0.0000,0.0000,0.0000,7234.0000,0.0000,0.0000,0.0000,0.0000,13,0,0,0,0,33,0,0,0,0
zc,TA301,2012-06-05 09:05:38.007,7232.0000,87652,2,0.0000,2.0000,2,0,双开,S,7232.0000,0.0000,0.0000,0.0000,0.0000,7234.0000,0.0000,0.0000,0.0000,0.0000,12,0,0,0,0,31,0,0,0,0
zc,TA301,2012-06-05 09:05:38.587,7232.0000,87652,0,0.0000,0.0000,0,0,空换,S,7232.0000,0.0000,0.0000,0.0000,0.0000,7234.0000,0.0000,0.0000,0.0000,0.0000,12,0,0,0,0,4,0,0,0,0
zc,TA301,2012-06-05 09:05:39.803,7232.0000,87672,20,0.0000,22.0000,21,1,空开,S,7232.0000,0.0000,0.0000,0.0000,0.0000,7234.0000,0.0000,0.0000,0.0000,0.0000,2,0,0,0,0,5,0,0,0,0
zc,TA301,2012-06-05 09:05:41.023,7232.0000,87672,0,0.0000,2.0000,1,1,空换,S,7232.0000,0.0000,0.0000,0.0000,0.0000,7234.0000,0.0000,0.0000,0.0000,0.0000,31,0,0,0,0,5,0,0,0,0
zc,TA301,2012-06-05 09:05:41.820,7234.0000,87678,6,0.0000,16.0000,11,5,多开,B,7234.0000,0.0000,0.0000,0.0000,0.0000,7236.0000,0.0000,0.0000,0.0000,0.0000,2,0,0,0,0,9,0,0,0,0
zc,TA301,2012-06-05 09:05:42.337,7234.0000,87678,0,0.0000,4.0000,2,2,多换,B,7232.0000,0.0000,0.0000,0.0000,0.0000,7234.0000,0.0000,0.0000,0.0000,0.0000,36,0,0,0,0,98,0,0,0,0
zc,TA301,2012-06-05 09:05:43.070,7234.0000,87678,0,0.0000,0.0000,0,0,多换,B,7232.0000,0.0000,0.0000,0.0000,0.0000,7234.0000,0.0000,0.0000,0.0000,0.0000,34,0,0,0,0,98,0,0,0,0
zc,TA301,2012-06-05 09:05:43.273,7232.0000,87678,0,0.0000,2.0000,1,1,空换,S,7232.0000,0.0000,0.0000,0.0000,0.0000,7234.0000,0.0000,0.0000,0.0000,0.0000,33,0,0,0,0,98,0,0,0,0
zc,TA301,2012-06-05 09:05:43.990,7232.0000,87678,0,0.0000,8.0000,4,4,空换,S,7232.0000,0.0000,0.0000,0.0000,0.0000,7234.0000,0.0000,0.0000,0.0000,0.0000,32,0,0,0,0,95,0,0,0,0
zc,TA301,2012-06-05 09:05:44.523,7234.0000,87676,-2,0.0000,10.0000,4,6,空平,B,7232.0000,0.0000,0.0000,0.0000,0.0000,7234.0000,0.0000,0.0000,0.0000,0.0000,32,0,0,0,0,90,0,0,0,0
zc,TA301,2012-06-05 09:05:45.320,7232.0000,87678,2,0.0000,2.0000,2,0,双开,S,7232.0000,0.0000,0.0000,0.0000,0.0000,7234.0000,0.0000,0.0000,0.0000,0.0000,31,0,0,0,0,90,0,0,0,0
zc,TA301,2012-06-05 09:05:45.803,7234.0000,87678,0,0.0000,10.0000,5,5,多换,B,7232.0000,0.0000,0.0000,0.0000,0.0000,7234.0000,0.0000,0.0000,0.0000,0.0000,29,0,0,0,0,89,0,0,0,0
zc,TA301,2012-06-05 09:05:46.287,7232.0000,87704,26,0.0000,26.0000,26,0,双开,S,7232.0000,0.0000,0.0000,0.0000,0.0000,7234.0000,0.0000,0.0000,0.0000,0.0000,16,0,0,0,0,144,0,0,0,0
zc,TA301,2012-06-05 09:05:47.570,7232.0000,87736,32,0.0000,34.0000,33,1,空开,S,7230.0000,0.0000,0.0000,0.0000,0.0000,7232.0000,0.0000,0.0000,0.0000,0.0000,24,0,0,0,0,5,0,0,0,0
zc,TA301,2012-06-05 09:05:48.337,7230.0000,87736,0,0.0000,14.0000,7,7,空换,S,7230.0000,0.0000,0.0000,0.0000,0.0000,7232.0000,0.0000,0.0000,0.0000,0.0000,17,0,0,0,0,17,0,0,0,0
zc,TA301,2012-06-05 09:05:48.820,7230.0000,87736,0,0.0000,2.0000,1,1,空换,S,7230.0000,0.0000,0.0000,0.0000,0.0000,7232.0000,0.0000,0.0000,0.0000,0.0000,16,0,0,0,0,2,0,0,0,0
zc,TA301,2012-06-05 09:05:49.553,7230.0000,87758,22,0.0000,34.0000,28,6,空开,S,7226.0000,0.0000,0.0000,0.0000,0.0000,7232.0000,0.0000,0.0000,0.0000,0.0000,11,0,0,0,0,1,0,0,0,0
zc,TA301,2012-06-05 09:05:49.803,7230.0000,87758,0,0.0000,0.0000,0,0,空换,S,7226.0000,0.0000,0.0000,0.0000,0.0000,7230.0000,0.0000,0.0000,0.0000,0.0000,11,0,0,0,0,2,0,0,0,0
zc,TA301,2012-06-05 09:05:50.477,7230.0000,87758,0,0.0000,0.0000,0,0,空换,S,7226.0000,0.0000,0.0000,0.0000,0.0000,7230.0000,0.0000,0.0000,0.0000,0.0000,12,0,0,0,0,3,0,0,0,0
zc,TA301,2012-06-05 09:05:51.303,7230.0000,87758,0,0.0000,0.0000,0,0,空换,S,7226.0000,0.0000,0.0000,0.0000,0.0000,7230.0000,0.0000,0.0000,0.0000,0.0000,12,0,0,0,0,29,0,0,0,0
zc,TA301,2012-06-05 09:05:51.820,7230.0000,87764,6,0.0000,6.0000,6,0,双开,S,7226.0000,0.0000,0.0000,0.0000,0.0000,7230.0000,0.0000,0.0000,0.0000,0.0000,12,0,0,0,0,4,0,0,0,0
zc,TA301,2012-06-05 09:05:52.537,7226.0000,87770,6,0.0000,20.0000,13,7,空开,S,7226.0000,0.0000,0.0000,0.0000,0.0000,7230.0000,0.0000,0.0000,0.0000,0.0000,2,0,0,0,0,4,0,0,0,0
zc,TA301,2012-06-05 09:05:53.570,7226.0000,87768,-2,0.0000,8.0000,3,5,多平,S,7224.0000,0.0000,0.0000,0.0000,0.0000,7230.0000,0.0000,0.0000,0.0000,0.0000,3,0,0,0,0,2,0,0,0,0
zc,TA301,2012-06-05 09:05:54.053,7224.0000,87766,-2,0.0000,2.0000,0,2,双平,S,7226.0000,0.0000,0.0000,0.0000,0.0000,7230.0000,0.0000,0.0000,0.0000,0.0000,1,0,0,0,0,1,0,0,0,0
zc,TA301,2012-06-05 09:05:54.537,7230.0000,87712,-54,0.0000,78.0000,12,66,空平,B,7230.0000,0.0000,0.0000,0.0000,0.0000,7232.0000,0.0000,0.0000,0.0000,0.0000,25,0,0,0,0,1,0,0,0,0
zc,TA301,2012-06-05 09:05:55.037,7230.0000,87698,-14,0.0000,18.0000,2,16,空平,B,7230.0000,0.0000,0.0000,0.0000,0.0000,7232.0000,0.0000,0.0000,0.0000,0.0000,16,0,0,0,0,3,0,0,0,0
zc,TA301,2012-06-05 09:05:55.787,7230.0000,87688,-10,0.0000,10.0000,0,10,双平,B,7230.0000,0.0000,0.0000,0.0000,0.0000,7232.0000,0.0000,0.0000,0.0000,0.0000,11,0,0,0,0,1,0,0,0,0
zc,TA301,2012-06-05 09:05:56.523,7230.0000,87688,0,0.0000,0.0000,0,0,多换,B,7230.0000,0.0000,0.0000,0.0000,0.0000,7232.0000,0.0000,0.0000,0.0000,0.0000,12,0,0,0,0,3,0,0,0,0
zc,TA301,2012-06-05 09:05:56.787,7230.0000,87688,0,0.0000,20.0000,10,10,多换,B,7230.0000,0.0000,0.0000,0.0000,0.0000,7232.0000,0.0000,0.0000,0.0000,0.0000,2,0,0,0,0,3,0,0,0,0
zc,TA301,2012-06-05 09:05:57.537,7230.0000,87686,-2,0.0000,2.0000,0,2,双平,B,7230.0000,0.0000,0.0000,0.0000,0.0000,7232.0000,0.0000,0.0000,0.0000,0.0000,1,0,0,0,0,3,0,0,0,0
zc,TA301,2012-06-05 09:05:58.023,7230.0000,87688,2,0.0000,2.0000,2,0,双开,B,7228.0000,0.0000,0.0000,0.0000,0.0000,7232.0000,0.0000,0.0000,0.0000,0.0000,1,0,0,0,0,3,0,0,0,0
zc,TA301,2012-06-05 09:05:58.773,7230.0000,87688,0,0.0000,0.0000,0,0,多换,B,7228.0000,0.0000,0.0000,0.0000,0.0000,7230.0000,0.0000,0.0000,0.0000,0.0000,2,0,0,0,0,1,0,0,0,0
zc,TA301,2012-06-05 09:05:59.023,7232.0000,87708,20,0.0000,22.0000,21,1,多开,B,7228.0000,0.0000,0.0000,0.0000,0.0000,7230.0000,0.0000,0.0000,0.0000,0.0000,2,0,0,0,0,7,0,0,0,0
zc,TA301,2012-06-05 09:05:59.773,7232.0000,87708,0,0.0000,0.0000,0,0,多换,B,7228.0000,0.0000,0.0000,0.0000,0.0000,7230.0000,0.0000,0.0000,0.0000,0.0000,2,0,0,0,0,13,0,0,0,0
zc,TA301,2012-06-05 09:06:00.320,7232.0000,87708,0,0.0000,0.0000,0,0,多换,B,7228.0000,0.0000,0.0000,0.0000,0.0000,7230.0000,0.0000,0.0000,0.0000,0.0000,1,0,0,0,0,13,0,0,0,0
zc,TA301,2012-06-05 09:06:01.087,7232.0000,87712,4,0.0000,4.0000,4,0,双开,B,7228.0000,0.0000,0.0000,0.0000,0.0000,7230.0000,0.0000,0.0000,0.0000,0.0000,1,0,0,0,0,13,0,0,0,0
zc,TA301,2012-06-05 09:06:01.587,7230.0000,87714,2,0.0000,2.0000,2,0,双开,S,7228.0000,0.0000,0.0000,0.0000,0.0000,7230.0000,0.0000,0.0000,0.0000,0.0000,1,0,0,0,0,12,0,0,0,0
zc,TA301,2012-06-05 09:06:02.273,7224.0000,87718,4,0.0000,22.0000,13,9,空开,S,7224.0000,0.0000,0.0000,0.0000,0.0000,7230.0000,0.0000,0.0000,0.0000,0.0000,11,0,0,0,0,11,0,0,0,0
zc,TA301,2012-06-05 09:06:02.787,7224.0000,87716,-2,0.0000,2.0000,0,2,双平,S,7224.0000,0.0000,0.0000,0.0000,0.0000,7230.0000,0.0000,0.0000,0.0000,0.0000,10,0,0,0,0,11,0,0,0,0
