市场代码,合约代码,时间,最新,持仓,增仓,成交额,成交量,开仓,平仓,成交类型,方向,买一价,买二价,买三价,买四价,买五价,卖一价,卖二价,卖三价,卖四价,卖五价,买一量,买二量,买三量,买四量,买五量,卖一量,卖二量,卖三量,卖四量,卖五量
zc,TA209,2012-06-05 08:19:25.757,0.0000,597980,0,0.0000,0.0000,0,0,空换,S,0.0000,0.0000,0.0000,0.0000,0.0000,0.0000,0.0000,0.0000,0.0000,0.0000,0,0,0,0,0,0,0,0,0,0
zc,TA209,2012-06-05 08:23:25.757,0.0000,597980,0,0.0000,0.0000,0,0,空换,S,0.0000,0.0000,0.0000,0.0000,0.0000,0.0000,0.0000,0.0000,0.0000,0.0000,0,0,0,0,0,0,0,0,0,0
zc,TA209,2012-06-05 08:25:25.757,0.0000,597980,0,0.0000,0.0000,0,0,空换,S,0.0000,0.0000,0.0000,0.0000,0.0000,0.0000,0.0000,0.0000,0.0000,0.0000,0,0,0,0,0,0,0,0,0,0
zc,TA209,2012-06-05 08:42:25.727,0.0000,597980,0,0.0000,0.0000,0,0,空换,S,0.0000,0.0000,0.0000,0.0000,0.0000,0.0000,0.0000,0.0000,0.0000,0.0000,0,0,0,0,0,0,0,0,0,0
zc,TA209,2012-06-05 08:44:25.727,0.0000,597980,0,0.0000,0.0000,0,0,空换,S,0.0000,0.0000,0.0000,0.0000,0.0000,0.0000,0.0000,0.0000,0.0000,0.0000,0,0,0,0,0,0,0,0,0,0
zc,TA209,2012-06-05 08:49:25.727,0.0000,597980,0,0.0000,0.0000,0,0,空换,S,0.0000,0.0000,0.0000,0.0000,0.0000,0.0000,0.0000,0.0000,0.0000,0.0000,0,0,0,0,0,0,0,0,0,0
zc,TA209,2012-06-05 08:54:25.710,0.0000,597980,0,0.0000,0.0000,0,0,空换,S,0.0000,0.0000,0.0000,0.0000,0.0000,0.0000,0.0000,0.0000,0.0000,0.0000,0,0,0,0,0,0,0,0,0,0
zc,TA209,2012-06-05 08:55:01.977,0.0000,597980,0,0.0000,0.0000,0,0,空换,S,0.0000,0.0000,0.0000,0.0000,0.0000,0.0000,0.0000,0.0000,0.0000,0.0000,0,0,0,0,0,0,0,0,0,0
zc,TA209,2012-06-05 08:55:02.727,0.0000,597980,0,0.0000,0.0000,0,0,空换,S,0.0000,0.0000,0.0000,0.0000,0.0000,0.0000,0.0000,0.0000,0.0000,0.0000,0,0,0,0,0,0,0,0,0,0
zc,TA209,2012-06-05 08:55:03.960,0.0000,597980,0,0.0000,0.0000,0,0,空换,S,0.0000,0.0000,0.0000,0.0000,0.0000,0.0000,0.0000,0.0000,0.0000,0.0000,0,0,0,0,0,0,0,0,0,0
zc,TA209,2012-06-05 08:55:04.210,0.0000,597980,0,0.0000,0.0000,0,0,空换,S,0.0000,0.0000,0.0000,0.0000,0.0000,0.0000,0.0000,0.0000,0.0000,0.0000,0,0,0,0,0,0,0,0,0,0
zc,TA209,2012-06-05 08:55:17.227,0.0000,597980,0,0.0000,0.0000,0,0,空换,S,0.0000,0.0000,0.0000,0.0000,0.0000,0.0000,0.0000,0.0000,0.0000,0.0000,0,0,0,0,0,0,0,0,0,0
zc,TA209,2012-06-05 08:55:21.460,0.0000,597980,0,0.0000,0.0000,0,0,空换,S,0.0000,0.0000,0.0000,0.0000,0.0000,0.0000,0.0000,0.0000,0.0000,0.0000,0,0,0,0,0,0,0,0,0,0
zc,TA209,2012-06-05 08:55:21.960,0.0000,597980,0,0.0000,0.0000,0,0,空换,S,0.0000,0.0000,0.0000,0.0000,0.0000,0.0000,0.0000,0.0000,0.0000,0.0000,0,0,0,0,0,0,0,0,0,0
zc,TA209,2012-06-05 08:55:24.710,0.0000,597980,0,0.0000,0.0000,0,0,空换,S,0.0000,0.0000,0.0000,0.0000,0.0000,0.0000,0.0000,0.0000,0.0000,0.0000,0,0,0,0,0,0,0,0,0,0
zc,TA209,2012-06-05 08:55:25.210,0.0000,597980,0,0.0000,0.0000,0,0,空换,S,0.0000,0.0000,0.0000,0.0000,0.0000,0.0000,0.0000,0.0000,0.0000,0.0000,0,0,0,0,0,0,0,0,0,0
zc,TA209,2012-06-05 08:55:25.740,0.0000,597980,0,0.0000,0.0000,0,0,空换,S,0.0000,0.0000,0.0000,0.0000,0.0000,0.0000,0.0000,0.0000,0.0000,0.0000,0,0,0,0,0,0,0,0,0,0
zc,TA209,2012-06-05 08:55:26.460,0.0000,597980,0,0.0000,0.0000,0,0,空换,S,0.0000,0.0000,0.0000,0.0000,0.0000,0.0000,0.0000,0.0000,0.0000,0.0000,0,0,0,0,0,0,0,0,0,0
zc,TA209,2012-06-05 08:55:26.710,0.0000,597980,0,0.0000,0.0000,0,0,空换,S,0.0000,0.0000,0.0000,0.0000,0.0000,0.0000,0.0000,0.0000,0.0000,0.0000,0,0,0,0,0,0,0,0,0,0
zc,TA209,2012-06-05 08:55:28.960,0.0000,597980,0,0.0000,0.0000,0,0,空换,S,0.0000,0.0000,0.0000,0.0000,0.0000,0.0000,0.0000,0.0000,0.0000,0.0000,0,0,0,0,0,0,0,0,0,0
zc,TA209,2012-06-05 08:55:31.460,0.0000,597980,0,0.0000,0.0000,0,0,空换,S,0.0000,0.0000,0.0000,0.0000,0.0000,0.0000,0.0000,0.0000,0.0000,0.0000,0,0,0,0,0,0,0,0,0,0
zc,TA209,2012-06-05 08:55:32.227,0.0000,597980,0,0.0000,0.0000,0,0,空换,S,0.0000,0.0000,0.0000,0.0000,0.0000,0.0000,0.0000,0.0000,0.0000,0.0000,0,0,0,0,0,0,0,0,0,0
zc,TA209,2012-06-05 08:55:33.210,0.0000,597980,0,0.0000,0.0000,0,0,空换,S,0.0000,0.0000,0.0000,0.0000,0.0000,0.0000,0.0000,0.0000,0.0000,0.0000,0,0,0,0,0,0,0,0,0,0
zc,TA209,2012-06-05 08:55:34.210,0.0000,597980,0,0.0000,0.0000,0,0,空换,S,0.0000,0.0000,0.0000,0.0000,0.0000,0.0000,0.0000,0.0000,0.0000,0.0000,0,0,0,0,0,0,0,0,0,0
zc,TA209,2012-06-05 08:55:35.460,0.0000,597980,0,0.0000,0.0000,0,0,空换,S,0.0000,0.0000,0.0000,0.0000,0.0000,0.0000,0.0000,0.0000,0.0000,0.0000,0,0,0,0,0,0,0,0,0,0
zc,TA209,2012-06-05 08:55:37.210,0.0000,597980,0,0.0000,0.0000,0,0,空换,S,0.0000,0.0000,0.0000,0.0000,0.0000,0.0000,0.0000,0.0000,0.0000,0.0000,0,0,0,0,0,0,0,0,0,0
zc,TA209,2012-06-05 08:55:37.710,0.0000,597980,0,0.0000,0.0000,0,0,空换,S,0.0000,0.0000,0.0000,0.0000,0.0000,0.0000,0.0000,0.0000,0.0000,0.0000,0,0,0,0,0,0,0,0,0,0
zc,TA209,2012-06-05 08:55:39.460,0.0000,597980,0,0.0000,0.0000,0,0,空换,S,0.0000,0.0000,0.0000,0.0000,0.0000,0.0000,0.0000,0.0000,0.0000,0.0000,0,0,0,0,0,0,0,0,0,0
zc,TA209,2012-06-05 08:55:46.960,0.0000,597980,0,0.0000,0.0000,0,0,空换,S,0.0000,0.0000,0.0000,0.0000,0.0000,0.0000,0.0000,0.0000,0.0000,0.0000,0,0,0,0,0,0,0,0,0,0
zc,TA209,2012-06-05 08:55:51.227,0.0000,597980,0,0.0000,0.0000,0,0,空换,S,0.0000,0.0000,0.0000,0.0000,0.0000,0.0000,0.0000,0.0000,0.0000,0.0000,0,0,0,0,0,0,0,0,0,0
zc,TA209,2012-06-05 08:55:52.460,0.0000,597980,0,0.0000,0.0000,0,0,空换,S,0.0000,0.0000,0.0000,0.0000,0.0000,0.0000,0.0000,0.0000,0.0000,0.0000,0,0,0,0,0,0,0,0,0,0
zc,TA209,2012-06-05 08:55:56.460,0.0000,597980,0,0.0000,0.0000,0,0,空换,S,0.0000,0.0000,0.0000,0.0000,0.0000,0.0000,0.0000,0.0000,0.0000,0.0000,0,0,0,0,0,0,0,0,0,0
zc,TA209,2012-06-05 08:55:57.460,0.0000,597980,0,0.0000,0.0000,0,0,空换,S,0.0000,0.0000,0.0000,0.0000,0.0000,0.0000,0.0000,0.0000,0.0000,0.0000,0,0,0,0,0,0,0,0,0,0
zc,TA209,2012-06-05 08:55:58.460,0.0000,597980,0,0.0000,0.0000,0,0,空换,S,0.0000,0.0000,0.0000,0.0000,0.0000,0.0000,0.0000,0.0000,0.0000,0.0000,0,0,0,0,0,0,0,0,0,0
zc,TA209,2012-06-05 08:56:31.477,0.0000,597980,0,0.0000,0.0000,0,0,空换,S,0.0000,0.0000,0.0000,0.0000,0.0000,0.0000,0.0000,0.0000,0.0000,0.0000,0,0,0,0,0,0,0,0,0,0
zc,TA209,2012-06-05 08:56:48.210,0.0000,597980,0,0.0000,0.0000,0,0,空换,S,0.0000,0.0000,0.0000,0.0000,0.0000,0.0000,0.0000,0.0000,0.0000,0.0000,0,0,0,0,0,0,0,0,0,0
zc,TA209,2012-06-05 08:57:05.710,0.0000,597980,0,0.0000,0.0000,0,0,空换,S,0.0000,0.0000,0.0000,0.0000,0.0000,0.0000,0.0000,0.0000,0.0000,0.0000,0,0,0,0,0,0,0,0,0,0
zc,TA209,2012-06-05 08:57:25.710,0.0000,597980,0,0.0000,0.0000,0,0,空换,S,0.0000,0.0000,0.0000,0.0000,0.0000,0.0000,0.0000,0.0000,0.0000,0.0000,0,0,0,0,0,0,0,0,0,0
zc,TA209,2012-06-05 08:58:34.960,0.0000,597980,0,0.0000,0.0000,0,0,空换,S,0.0000,0.0000,0.0000,0.0000,0.0000,0.0000,0.0000,0.0000,0.0000,0.0000,0,0,0,0,0,0,0,0,0,0
zc,TA209,2012-06-05 08:58:51.210,0.0000,597980,0,0.0000,0.0000,0,0,空换,S,0.0000,0.0000,0.0000,0.0000,0.0000,0.0000,0.0000,0.0000,0.0000,0.0000,0,0,0,0,0,0,0,0,0,0
zc,TA209,2012-06-05 08:58:52.710,0.0000,597980,0,0.0000,0.0000,0,0,空换,S,0.0000,0.0000,0.0000,0.0000,0.0000,0.0000,0.0000,0.0000,0.0000,0.0000,0,0,0,0,0,0,0,0,0,0
zc,TA209,2012-06-05 08:58:54.460,0.0000,597980,0,0.0000,0.0000,0,0,空换,S,0.0000,0.0000,0.0000,0.0000,0.0000,0.0000,0.0000,0.0000,0.0000,0.0000,0,0,0,0,0,0,0,0,0,0
zc,TA209,2012-06-05 08:58:54.960,0.0000,597980,0,0.0000,0.0000,0,0,空换,S,0.0000,0.0000,0.0000,0.0000,0.0000,0.0000,0.0000,0.0000,0.0000,0.0000,0,0,0,0,0,0,0,0,0,0
zc,TA209,2012-06-05 08:58:55.943,0.0000,597980,0,0.0000,0.0000,0,0,空换,S,0.0000,0.0000,0.0000,0.0000,0.0000,0.0000,0.0000,0.0000,0.0000,0.0000,0,0,0,0,0,0,0,0,0,0
zc,TA209,2012-06-05 08:59:04.163,7206.0000,587796,-10184,0.0000,22810.0000,6313,16497,空平,B,7204.0000,0.0000,0.0000,0.0000,0.0000,7206.0000,0.0000,0.0000,0.0000,0.0000,196,0,0,0,0,382,0,0,0,0
zc,TA209,2012-06-05 09:00:01.787,7206.0000,587730,-66,0.0000,782.0000,358,424,空平,B,7204.0000,0.0000,0.0000,0.0000,0.0000,7208.0000,0.0000,0.0000,0.0000,0.0000,200,0,0,0,0,801,0,0,0,0
zc,TA209,2012-06-05 09:00:02.633,7208.0000,587986,256,0.0000,3000.0000,1628,1372,多开,B,7206.0000,0.0000,0.0000,0.0000,0.0000,7208.0000,0.0000,0.0000,0.0000,0.0000,28,0,0,0,0,392,0,0,0,0
zc,TA209,2012-06-05 09:00:03.913,7230.0000,587442,-544,0.0000,7476.0000,3466,4010,空平,B,7214.0000,0.0000,0.0000,0.0000,0.0000,7230.0000,0.0000,0.0000,0.0000,0.0000,1,0,0,0,0,75,0,0,0,0
zc,TA209,2012-06-05 09:00:05.397,7234.0000,587574,132,0.0000,2356.0000,1244,1112,多开,B,7234.0000,0.0000,0.0000,0.0000,0.0000,7236.0000,0.0000,0.0000,0.0000,0.0000,15,0,0,0,0,462,0,0,0,0
zc,TA209,2012-06-05 09:00:06.117,7230.0000,587110,-464,0.0000,1820.0000,678,1142,多平,S,7230.0000,0.0000,0.0000,0.0000,0.0000,7234.0000,0.0000,0.0000,0.0000,0.0000,146,0,0,0,0,277,0,0,0,0
zc,TA209,2012-06-05 09:00:06.867,7236.0000,587858,748,0.0000,1920.0000,1334,586,多开,B,7234.0000,0.0000,0.0000,0.0000,0.0000,7236.0000,0.0000,0.0000,0.0000,0.0000,98,0,0,0,0,2,0,0,0,0
zc,TA209,2012-06-05 09:00:07.337,7236.0000,587714,-144,0.0000,582.0000,219,363,空平,B,7236.0000,0.0000,0.0000,0.0000,0.0000,7240.0000,0.0000,0.0000,0.0000,0.0000,92,0,0,0,0,539,0,0,0,0
zc,TA209,2012-06-05 09:00:08.070,7240.0000,587676,-38,0.0000,732.0000,347,385,空平,B,7236.0000,0.0000,0.0000,0.0000,0.0000,7240.0000,0.0000,0.0000,0.0000,0.0000,44,0,0,0,0,432,0,0,0,0
zc,TA209,2012-06-05 09:00:08.587,7236.0000,587780,104,0.0000,768.0000,436,332,空开,S,7234.0000,0.0000,0.0000,0.0000,0.0000,7236.0000,0.0000,0.0000,0.0000,0.0000,894,0,0,0,0,326,0,0,0,0
zc,TA209,2012-06-05 09:00:09.350,7238.0000,588026,246,0.0000,1216.0000,731,485,多开,B,7238.0000,0.0000,0.0000,0.0000,0.0000,7240.0000,0.0000,0.0000,0.0000,0.0000,127,0,0,0,0,164,0,0,0,0
zc,TA209,2012-06-05 09:00:09.883,7238.0000,588640,614,0.0000,1140.0000,877,263,多开,B,7236.0000,0.0000,0.0000,0.0000,0.0000,7238.0000,0.0000,0.0000,0.0000,0.0000,671,0,0,0,0,320,0,0,0,0
zc,TA209,2012-06-05 09:00:10.633,7240.0000,588866,226,0.0000,1836.0000,1031,805,多开,B,7240.0000,0.0000,0.0000,0.0000,0.0000,7242.0000,0.0000,0.0000,0.0000,0.0000,263,0,0,0,0,4,0,0,0,0
zc,TA209,2012-06-05 09:00:11.350,7238.0000,589342,476,0.0000,2094.0000,1285,809,空开,S,7236.0000,0.0000,0.0000,0.0000,0.0000,7238.0000,0.0000,0.0000,0.0000,0.0000,64,0,0,0,0,85,0,0,0,0
zc,TA209,2012-06-05 09:00:12.117,7240.0000,589276,-66,0.0000,824.0000,379,445,空平,B,7238.0000,0.0000,0.0000,0.0000,0.0000,7240.0000,0.0000,0.0000,0.0000,0.0000,2,0,0,0,0,858,0,0,0,0
zc,TA209,2012-06-05 09:00:12.570,7236.0000,589142,-134,0.0000,418.0000,142,276,多平,S,7234.0000,0.0000,0.0000,0.0000,0.0000,7236.0000,0.0000,0.0000,0.0000,0.0000,544,0,0,0,0,93,0,0,0,0
zc,TA209,2012-06-05 09:00:13.367,7236.0000,586326,-2816,0.0000,4212.0000,698,3514,多平,S,7236.0000,0.0000,0.0000,0.0000,0.0000,7240.0000,0.0000,0.0000,0.0000,0.0000,22,0,0,0,0,1,0,0,0,0
zc,TA209,2012-06-05 09:00:13.850,7244.0000,586232,-94,0.0000,1288.0000,597,691,空平,B,7234.0000,0.0000,0.0000,0.0000,0.0000,7244.0000,0.0000,0.0000,0.0000,0.0000,367,0,0,0,0,37,0,0,0,0
zc,TA209,2012-06-05 09:00:14.367,7238.0000,585092,-1140,0.0000,2252.0000,556,1696,多平,S,7238.0000,0.0000,0.0000,0.0000,0.0000,7244.0000,0.0000,0.0000,0.0000,0.0000,17,0,0,0,0,2,0,0,0,0
zc,TA209,2012-06-05 09:00:15.087,7250.0000,583948,-1144,0.0000,2532.0000,694,1838,空平,B,7244.0000,0.0000,0.0000,0.0000,0.0000,7250.0000,0.0000,0.0000,0.0000,0.0000,3,0,0,0,0,194,0,0,0,0
zc,TA209,2012-06-05 09:00:15.837,7252.0000,584194,246,0.0000,600.0000,423,177,多开,B,7252.0000,0.0000,0.0000,0.0000,0.0000,7254.0000,0.0000,0.0000,0.0000,0.0000,210,0,0,0,0,4,0,0,0,0
zc,TA209,2012-06-05 09:00:16.587,7258.0000,584168,-26,0.0000,1124.0000,549,575,空平,B,7256.0000,0.0000,0.0000,0.0000,0.0000,7258.0000,0.0000,0.0000,0.0000,0.0000,2,0,0,0,0,188,0,0,0,0
zc,TA209,2012-06-05 09:00:17.037,7252.0000,584314,146,0.0000,334.0000,240,94,空开,S,7250.0000,0.0000,0.0000,0.0000,0.0000,7252.0000,0.0000,0.0000,0.0000,0.0000,160,0,0,0,0,21,0,0,0,0
zc,TA209,2012-06-05 09:00:17.837,7250.0000,584482,168,0.0000,860.0000,514,346,空开,S,7248.0000,0.0000,0.0000,0.0000,0.0000,7252.0000,0.0000,0.0000,0.0000,0.0000,22,0,0,0,0,44,0,0,0,0
zc,TA209,2012-06-05 09:00:18.320,7252.0000,584588,106,0.0000,202.0000,154,48,多开,B,7252.0000,0.0000,0.0000,0.0000,0.0000,7254.0000,0.0000,0.0000,0.0000,0.0000,371,0,0,0,0,1,0,0,0,0
zc,TA209,2012-06-05 09:00:19.087,7256.0000,584598,10,0.0000,674.0000,342,332,多开,B,7252.0000,0.0000,0.0000,0.0000,0.0000,7256.0000,0.0000,0.0000,0.0000,0.0000,228,0,0,0,0,48,0,0,0,0
zc,TA209,2012-06-05 09:00:20.350,7250.0000,584992,394,0.0000,1054.0000,724,330,空开,S,7250.0000,0.0000,0.0000,0.0000,0.0000,7252.0000,0.0000,0.0000,0.0000,0.0000,48,0,0,0,0,6,0,0,0,0
zc,TA209,2012-06-05 09:00:21.100,7250.0000,585300,308,0.0000,692.0000,500,192,空开,S,7246.0000,0.0000,0.0000,0.0000,0.0000,7248.0000,0.0000,0.0000,0.0000,0.0000,23,0,0,0,0,9,0,0,0,0
zc,TA209,2012-06-05 09:00:21.867,7248.0000,585238,-62,0.0000,1014.0000,476,538,多平,S,7248.0000,0.0000,0.0000,0.0000,0.0000,7250.0000,0.0000,0.0000,0.0000,0.0000,26,0,0,0,0,552,0,0,0,0
zc,TA209,2012-06-05 09:00:22.587,7248.0000,585240,2,0.0000,266.0000,134,132,空开,S,7246.0000,0.0000,0.0000,0.0000,0.0000,7248.0000,0.0000,0.0000,0.0000,0.0000,105,0,0,0,0,50,0,0,0,0
zc,TA209,2012-06-05 09:00:23.037,7246.0000,585178,-62,0.0000,110.0000,24,86,多平,S,7246.0000,0.0000,0.0000,0.0000,0.0000,7248.0000,0.0000,0.0000,0.0000,0.0000,94,0,0,0,0,49,0,0,0,0
zc,TA209,2012-06-05 09:00:23.837,7246.0000,585290,112,0.0000,626.0000,369,257,空开,S,7244.0000,0.0000,0.0000,0.0000,0.0000,7246.0000,0.0000,0.0000,0.0000,0.0000,203,0,0,0,0,1,0,0,0,0
zc,TA209,2012-06-05 09:00:24.633,7246.0000,585072,-218,0.0000,458.0000,120,338,多平,S,7244.0000,0.0000,0.0000,0.0000,0.0000,7246.0000,0.0000,0.0000,0.0000,0.0000,148,0,0,0,0,14,0,0,0,0
zc,TA209,2012-06-05 09:00:25.337,7244.0000,585192,120,0.0000,428.0000,274,154,空开,S,7244.0000,0.0000,0.0000,0.0000,0.0000,7246.0000,0.0000,0.0000,0.0000,0.0000,66,0,0,0,0,149,0,0,0,0
zc,TA209,2012-06-05 09:00:25.867,7238.0000,585538,346,0.0000,730.0000,538,192,空开,S,7236.0000,0.0000,0.0000,0.0000,0.0000,7238.0000,0.0000,0.0000,0.0000,0.0000,444,0,0,0,0,404,0,0,0,0
zc,TA209,2012-06-05 09:00:26.820,7236.0000,585596,58,0.0000,1040.0000,549,491,空开,S,7236.0000,0.0000,0.0000,0.0000,0.0000,7238.0000,0.0000,0.0000,0.0000,0.0000,241,0,0,0,0,93,0,0,0,0
zc,TA209,2012-06-05 09:00:27.037,7238.0000,585592,-4,0.0000,168.0000,82,86,空平,B,7236.0000,0.0000,0.0000,0.0000,0.0000,7238.0000,0.0000,0.0000,0.0000,0.0000,246,0,0,0,0,67,0,0,0,0
zc,TA209,2012-06-05 09:00:27.820,7238.0000,585576,-16,0.0000,438.0000,211,227,空平,B,7238.0000,0.0000,0.0000,0.0000,0.0000,7242.0000,0.0000,0.0000,0.0000,0.0000,261,0,0,0,0,510,0,0,0,0
zc,TA209,2012-06-05 09:00:28.570,7240.0000,585540,-36,0.0000,80.0000,22,58,空平,B,7238.0000,0.0000,0.0000,0.0000,0.0000,7240.0000,0.0000,0.0000,0.0000,0.0000,338,0,0,0,0,19,0,0,0,0
zc,TA209,2012-06-05 09:00:29.100,7240.0000,585452,-88,0.0000,520.0000,216,304,空平,B,7240.0000,0.0000,0.0000,0.0000,0.0000,7242.0000,0.0000,0.0000,0.0000,0.0000,41,0,0,0,0,476,0,0,0,0
zc,TA209,2012-06-05 09:00:29.803,7238.0000,585470,18,0.0000,754.0000,386,368,空开,S,7238.0000,0.0000,0.0000,0.0000,0.0000,7240.0000,0.0000,0.0000,0.0000,0.0000,367,0,0,0,0,240,0,0,0,0
zc,TA209,2012-06-05 09:00:30.320,7240.0000,585536,66,0.0000,94.0000,80,14,多开,B,7238.0000,0.0000,0.0000,0.0000,0.0000,7240.0000,0.0000,0.0000,0.0000,0.0000,391,0,0,0,0,229,0,0,0,0
zc,TA209,2012-06-05 09:00:30.803,7238.0000,585530,-6,0.0000,398.0000,196,202,多平,S,7238.0000,0.0000,0.0000,0.0000,0.0000,7240.0000,0.0000,0.0000,0.0000,0.0000,322,0,0,0,0,125,0,0,0,0
zc,TA209,2012-06-05 09:00:31.820,7240.0000,585516,-14,0.0000,308.0000,147,161,空平,B,7238.0000,0.0000,0.0000,0.0000,0.0000,7240.0000,0.0000,0.0000,0.0000,0.0000,261,0,0,0,0,15,0,0,0,0
zc,TA209,2012-06-05 09:00:32.337,7240.0000,585526,10,0.0000,260.0000,135,125,多开,B,7240.0000,0.0000,0.0000,0.0000,0.0000,7242.0000,0.0000,0.0000,0.0000,0.0000,198,0,0,0,0,479,0,0,0,0
zc,TA209,2012-06-05 09:00:33.117,7240.0000,585492,-34,0.0000,504.0000,235,269,空平,B,7238.0000,0.0000,0.0000,0.0000,0.0000,7240.0000,0.0000,0.0000,0.0000,0.0000,236,0,0,0,0,123,0,0,0,0
zc,TA209,2012-06-05 09:00:33.553,7240.0000,585334,-158,0.0000,592.0000,217,375,空平,B,7238.0000,0.0000,0.0000,0.0000,0.0000,7240.0000,0.0000,0.0000,0.0000,0.0000,157,0,0,0,0,421,0,0,0,0
zc,TA209,2012-06-05 09:00:34.303,7238.0000,585362,28,0.0000,372.0000,200,172,空开,S,7238.0000,0.0000,0.0000,0.0000,0.0000,7240.0000,0.0000,0.0000,0.0000,0.0000,166,0,0,0,0,332,0,0,0,0
zc,TA209,2012-06-05 09:00:34.803,7240.0000,585432,70,0.0000,330.0000,200,130,多开,B,7238.0000,0.0000,0.0000,0.0000,0.0000,7240.0000,0.0000,0.0000,0.0000,0.0000,61,0,0,0,0,323,0,0,0,0
zc,TA209,2012-06-05 09:00:35.587,7238.0000,585440,8,0.0000,358.0000,183,175,空开,S,7236.0000,0.0000,0.0000,0.0000,0.0000,7238.0000,0.0000,0.0000,0.0000,0.0000,142,0,0,0,0,55,0,0,0,0
zc,TA209,2012-06-05 09:00:36.100,7238.0000,585480,40,0.0000,214.0000,127,87,空开,S,7236.0000,0.0000,0.0000,0.0000,0.0000,7238.0000,0.0000,0.0000,0.0000,0.0000,110,0,0,0,0,75,0,0,0,0
zc,TA209,2012-06-05 09:00:37.053,7238.0000,585362,-118,0.0000,248.0000,65,183,多平,S,7236.0000,0.0000,0.0000,0.0000,0.0000,7238.0000,0.0000,0.0000,0.0000,0.0000,100,0,0,0,0,162,0,0,0,0
zc,TA209,2012-06-05 09:00:37.600,7234.0000,585440,78,0.0000,546.0000,312,234,空开,S,7234.0000,0.0000,0.0000,0.0000,0.0000,7236.0000,0.0000,0.0000,0.0000,0.0000,12,0,0,0,0,157,0,0,0,0
zc,TA209,2012-06-05 09:00:38.350,7232.0000,585468,28,0.0000,64.0000,46,18,空开,S,7232.0000,0.0000,0.0000,0.0000,0.0000,7234.0000,0.0000,0.0000,0.0000,0.0000,42,0,0,0,0,100,0,0,0,0
zc,TA209,2012-06-05 09:00:38.803,7236.0000,585934,466,0.0000,1352.0000,909,443,多开,B,7234.0000,0.0000,0.0000,0.0000,0.0000,7236.0000,0.0000,0.0000,0.0000,0.0000,3,0,0,0,0,13,0,0,0,0
zc,TA209,2012-06-05 09:00:39.820,7234.0000,586080,146,0.0000,178.0000,162,16,空开,S,7232.0000,0.0000,0.0000,0.0000,0.0000,7234.0000,0.0000,0.0000,0.0000,0.0000,75,0,0,0,0,104,0,0,0,0
zc,TA209,2012-06-05 09:00:40.337,7232.0000,586152,72,0.0000,122.0000,97,25,空开,S,7232.0000,0.0000,0.0000,0.0000,0.0000,7234.0000,0.0000,0.0000,0.0000,0.0000,292,0,0,0,0,67,0,0,0,0
zc,TA209,2012-06-05 09:00:40.820,7234.0000,586184,32,0.0000,458.0000,245,213,多开,B,7232.0000,0.0000,0.0000,0.0000,0.0000,7234.0000,0.0000,0.0000,0.0000,0.0000,138,0,0,0,0,52,0,0,0,0
zc,TA209,2012-06-05 09:00:41.600,7234.0000,587008,824,0.0000,1148.0000,986,162,多开,B,7234.0000,0.0000,0.0000,0.0000,0.0000,7236.0000,0.0000,0.0000,0.0000,0.0000,90,0,0,0,0,86,0,0,0,0
zc,TA209,2012-06-05 09:00:42.320,7236.0000,587024,16,0.0000,90.0000,53,37,多开,B,7234.0000,0.0000,0.0000,0.0000,0.0000,7236.0000,0.0000,0.0000,0.0000,0.0000,460,0,0,0,0,72,0,0,0,0
zc,TA209,2012-06-05 09:00:42.820,7238.0000,587794,770,0.0000,1732.0000,1251,481,多开,B,7238.0000,0.0000,0.0000,0.0000,0.0000,7240.0000,0.0000,0.0000,0.0000,0.0000,75,0,0,0,0,321,0,0,0,0
zc,TA209,2012-06-05 09:00:43.600,7236.0000,588058,264,0.0000,302.0000,283,19,空开,S,7232.0000,0.0000,0.0000,0.0000,0.0000,7234.0000,0.0000,0.0000,0.0000,0.0000,9,0,0,0,0,3,0,0,0,0
zc,TA209,2012-06-05 09:00:44.070,7238.0000,588064,6,0.0000,112.0000,59,53,多开,B,7238.0000,0.0000,0.0000,0.0000,0.0000,7240.0000,0.0000,0.0000,0.0000,0.0000,220,0,0,0,0,245,0,0,0,0
zc,TA209,2012-06-05 09:00:44.803,7240.0000,588354,290,0.0000,706.0000,498,208,多开,B,7240.0000,0.0000,0.0000,0.0000,0.0000,7242.0000,0.0000,0.0000,0.0000,0.0000,81,0,0,0,0,450,0,0,0,0
zc,TA209,2012-06-05 09:00:45.350,7238.0000,588442,88,0.0000,846.0000,467,379,空开,S,7238.0000,0.0000,0.0000,0.0000,0.0000,7242.0000,0.0000,0.0000,0.0000,0.0000,46,0,0,0,0,447,0,0,0,0
zc,TA209,2012-06-05 09:00:46.303,7236.0000,588500,58,0.0000,1240.0000,649,591,空开,S,7230.0000,0.0000,0.0000,0.0000,0.0000,7236.0000,0.0000,0.0000,0.0000,0.0000,4,0,0,0,0,17,0,0,0,0
zc,TA209,2012-06-05 09:00:46.820,7236.0000,588488,-12,0.0000,78.0000,33,45,多平,S,7230.0000,0.0000,0.0000,0.0000,0.0000,7234.0000,0.0000,0.0000,0.0000,0.0000,5,0,0,0,0,4,0,0,0,0
zc,TA209,2012-06-05 09:00:47.523,7236.0000,588346,-142,0.0000,246.0000,52,194,多平,S,7236.0000,0.0000,0.0000,0.0000,0.0000,7238.0000,0.0000,0.0000,0.0000,0.0000,138,0,0,0,0,172,0,0,0,0
zc,TA209,2012-06-05 09:00:48.037,7238.0000,588290,-56,0.0000,248.0000,96,152,空平,B,7236.0000,0.0000,0.0000,0.0000,0.0000,7238.0000,0.0000,0.0000,0.0000,0.0000,67,0,0,0,0,173,0,0,0,0
zc,TA209,2012-06-05 09:00:48.773,7234.0000,588242,-48,0.0000,280.0000,116,164,多平,S,7234.0000,0.0000,0.0000,0.0000,0.0000,7236.0000,0.0000,0.0000,0.0000,0.0000,19,0,0,0,0,203,0,0,0,0
zc,TA209,2012-06-05 09:00:49.553,7236.0000,588872,630,0.0000,2068.0000,1349,719,多开,B,7234.0000,0.0000,0.0000,0.0000,0.0000,7236.0000,0.0000,0.0000,0.0000,0.0000,91,0,0,0,0,10,0,0,0,0
zc,TA209,2012-06-05 09:00:50.570,7242.0000,588662,-210,0.0000,450.0000,120,330,空平,B,7240.0000,0.0000,0.0000,0.0000,0.0000,7242.0000,0.0000,0.0000,0.0000,0.0000,112,0,0,0,0,337,0,0,0,0
zc,TA209,2012-06-05 09:00:51.100,7236.0000,588840,178,0.0000,312.0000,245,67,空开,S,7236.0000,0.0000,0.0000,0.0000,0.0000,7238.0000,0.0000,0.0000,0.0000,0.0000,95,0,0,0,0,3,0,0,0,0
zc,TA209,2012-06-05 09:00:51.803,7236.0000,588794,-46,0.0000,200.0000,77,123,多平,S,7238.0000,0.0000,0.0000,0.0000,0.0000,7242.0000,0.0000,0.0000,0.0000,0.0000,5,0,0,0,0,275,0,0,0,0
zc,TA209,2012-06-05 09:00:52.053,7236.0000,588842,48,0.0000,270.0000,159,111,空开,S,7236.0000,0.0000,0.0000,0.0000,0.0000,7238.0000,0.0000,0.0000,0.0000,0.0000,148,0,0,0,0,13,0,0,0,0
zc,TA209,2012-06-05 09:00:53.037,7242.0000,588952,110,0.0000,1126.0000,618,508,多开,B,7236.0000,0.0000,0.0000,0.0000,0.0000,7242.0000,0.0000,0.0000,0.0000,0.0000,29,0,0,0,0,8,0,0,0,0
zc,TA209,2012-06-05 09:00:53.523,7242.0000,588948,-4,0.0000,140.0000,68,72,空平,B,7242.0000,0.0000,0.0000,0.0000,0.0000,7244.0000,0.0000,0.0000,0.0000,0.0000,336,0,0,0,0,99,0,0,0,0
zc,TA209,2012-06-05 09:00:54.007,7244.0000,588956,8,0.0000,52.0000,30,22,多开,B,7242.0000,0.0000,0.0000,0.0000,0.0000,7244.0000,0.0000,0.0000,0.0000,0.0000,344,0,0,0,0,136,0,0,0,0
zc,TA209,2012-06-05 09:00:54.803,7238.0000,589300,344,0.0000,2142.0000,1243,899,空开,S,7238.0000,0.0000,0.0000,0.0000,0.0000,7240.0000,0.0000,0.0000,0.0000,0.0000,127,0,0,0,0,50,0,0,0,0
zc,TA209,2012-06-05 09:00:55.523,7240.0000,589296,-4,0.0000,268.0000,132,136,空平,B,7238.0000,0.0000,0.0000,0.0000,0.0000,7240.0000,0.0000,0.0000,0.0000,0.0000,29,0,0,0,0,47,0,0,0,0
zc,TA209,2012-06-05 09:00:56.037,7240.0000,589246,-50,0.0000,112.0000,31,81,空平,B,7238.0000,0.0000,0.0000,0.0000,0.0000,7240.0000,0.0000,0.0000,0.0000,0.0000,32,0,0,0,0,52,0,0,0,0
zc,TA209,2012-06-05 09:00:56.820,7240.0000,589154,-92,0.0000,412.0000,160,252,空平,B,7238.0000,0.0000,0.0000,0.0000,0.0000,7240.0000,0.0000,0.0000,0.0000,0.0000,24,0,0,0,0,393,0,0,0,0
zc,TA209,2012-06-05 09:00:57.367,7240.0000,589120,-34,0.0000,80.0000,23,57,空平,B,7238.0000,0.0000,0.0000,0.0000,0.0000,7240.0000,0.0000,0.0000,0.0000,0.0000,21,0,0,0,0,412,0,0,0,0
zc,TA209,2012-06-05 09:00:58.320,7238.0000,589096,-24,0.0000,156.0000,66,90,多平,S,7236.0000,0.0000,0.0000,0.0000,0.0000,7238.0000,0.0000,0.0000,0.0000,0.0000,53,0,0,0,0,422,0,0,0,0
zc,TA209,2012-06-05 09:00:58.803,7240.0000,587764,-1332,0.0000,1704.0000,186,1518,空平,B,7240.0000,0.0000,0.0000,0.0000,0.0000,7242.0000,0.0000,0.0000,0.0000,0.0000,432,0,0,0,0,233,0,0,0,0
zc,TA209,2012-06-05 09:00:59.570,7242.0000,588102,338,0.0000,1026.0000,682,344,多开,B,7242.0000,0.0000,0.0000,0.0000,0.0000,7244.0000,0.0000,0.0000,0.0000,0.0000,353,0,0,0,0,119,0,0,0,0
zc,TA209,2012-06-05 09:01:00.053,7240.0000,587192,-910,0.0000,1420.0000,255,1165,多平,S,7240.0000,0.0000,0.0000,0.0000,0.0000,7244.0000,0.0000,0.0000,0.0000,0.0000,114,0,0,0,0,20,0,0,0,0
zc,TA209,2012-06-05 09:01:00.787,7246.0000,586900,-292,0.0000,572.0000,140,432,空平,B,7246.0000,0.0000,0.0000,0.0000,0.0000,7248.0000,0.0000,0.0000,0.0000,0.0000,46,0,0,0,0,118,0,0,0,0
zc,TA209,2012-06-05 09:01:01.303,7246.0000,586722,-178,0.0000,502.0000,162,340,空平,B,7242.0000,0.0000,0.0000,0.0000,0.0000,7246.0000,0.0000,0.0000,0.0000,0.0000,400,0,0,0,0,54,0,0,0,0
zc,TA209,2012-06-05 09:01:02.070,7246.0000,586526,-196,0.0000,414.0000,109,305,空平,B,7246.0000,0.0000,0.0000,0.0000,0.0000,7248.0000,0.0000,0.0000,0.0000,0.0000,212,0,0,0,0,53,0,0,0,0
zc,TA209,2012-06-05 09:01:02.803,7248.0000,586314,-212,0.0000,290.0000,39,251,空平,B,7248.0000,0.0000,0.0000,0.0000,0.0000,7250.0000,0.0000,0.0000,0.0000,0.0000,26,0,0,0,0,583,0,0,0,0
zc,TA209,2012-06-05 09:01:03.570,7248.0000,586302,-12,0.0000,148.0000,68,80,空平,B,7246.0000,0.0000,0.0000,0.0000,0.0000,7248.0000,0.0000,0.0000,0.0000,0.0000,126,0,0,0,0,144,0,0,0,0
zc,TA209,2012-06-05 09:01:03.820,7248.0000,586298,-4,0.0000,20.0000,8,12,空平,B,7246.0000,0.0000,0.0000,0.0000,0.0000,7248.0000,0.0000,0.0000,0.0000,0.0000,111,0,0,0,0,145,0,0,0,0
zc,TA209,2012-06-05 09:01:04.523,7246.0000,586286,-12,0.0000,110.0000,49,61,多平,S,7246.0000,0.0000,0.0000,0.0000,0.0000,7248.0000,0.0000,0.0000,0.0000,0.0000,72,0,0,0,0,241,0,0,0,0
zc,TA209,2012-06-05 09:01:05.087,7248.0000,585928,-358,0.0000,948.0000,295,653,空平,B,7244.0000,0.0000,0.0000,0.0000,0.0000,7246.0000,0.0000,0.0000,0.0000,0.0000,38,0,0,0,0,5,0,0,0,0
zc,TA209,2012-06-05 09:01:05.820,7246.0000,585982,54,0.0000,146.0000,100,46,空开,S,7244.0000,0.0000,0.0000,0.0000,0.0000,7246.0000,0.0000,0.0000,0.0000,0.0000,10,0,0,0,0,112,0,0,0,0
zc,TA209,2012-06-05 09:01:06.303,7244.0000,585984,2,0.0000,70.0000,36,34,空开,S,7242.0000,0.0000,0.0000,0.0000,0.0000,7244.0000,0.0000,0.0000,0.0000,0.0000,521,0,0,0,0,4,0,0,0,0
zc,TA209,2012-06-05 09:01:07.037,7248.0000,585992,8,0.0000,262.0000,135,127,多开,B,7246.0000,0.0000,0.0000,0.0000,0.0000,7248.0000,0.0000,0.0000,0.0000,0.0000,244,0,0,0,0,127,0,0,0,0
zc,TA209,2012-06-05 09:01:07.773,7246.0000,586150,158,0.0000,292.0000,225,67,空开,S,7246.0000,0.0000,0.0000,0.0000,0.0000,7248.0000,0.0000,0.0000,0.0000,0.0000,142,0,0,0,0,149,0,0,0,0
zc,TA209,2012-06-05 09:01:08.303,7246.0000,585898,-252,0.0000,642.0000,195,447,多平,S,7244.0000,0.0000,0.0000,0.0000,0.0000,7246.0000,0.0000,0.0000,0.0000,0.0000,10,0,0,0,0,883,0,0,0,0
zc,TA209,2012-06-05 09:01:09.023,7244.0000,585902,4,0.0000,28.0000,16,12,空开,S,7244.0000,0.0000,0.0000,0.0000,0.0000,7246.0000,0.0000,0.0000,0.0000,0.0000,4,0,0,0,0,1267,0,0,0,0
zc,TA209,2012-06-05 09:01:09.553,7242.0000,586026,124,0.0000,174.0000,149,25,空开,S,7242.0000,0.0000,0.0000,0.0000,0.0000,7244.0000,0.0000,0.0000,0.0000,0.0000,424,0,0,0,0,125,0,0,0,0
zc,TA209,2012-06-05 09:01:10.303,7242.0000,586460,434,0.0000,542.0000,488,54,空开,S,7242.0000,0.0000,0.0000,0.0000,0.0000,7244.0000,0.0000,0.0000,0.0000,0.0000,167,0,0,0,0,236,0,0,0,0
zc,TA209,2012-06-05 09:01:10.773,7242.0000,586496,36,0.0000,264.0000,150,114,空开,S,7242.0000,0.0000,0.0000,0.0000,0.0000,7244.0000,0.0000,0.0000,0.0000,0.0000,55,0,0,0,0,457,0,0,0,0
zc,TA209,2012-06-05 09:01:11.570,7242.0000,586566,70,0.0000,130.0000,100,30,空开,S,7240.0000,0.0000,0.0000,0.0000,0.0000,7242.0000,0.0000,0.0000,0.0000,0.0000,78,0,0,0,0,148,0,0,0,0
zc,TA209,2012-06-05 09:01:12.070,7242.0000,587390,824,0.0000,1530.0000,1177,353,空开,S,7238.0000,0.0000,0.0000,0.0000,0.0000,7240.0000,0.0000,0.0000,0.0000,0.0000,146,0,0,0,0,1,0,0,0,0
zc,TA209,2012-06-05 09:01:12.787,7242.0000,587408,18,0.0000,136.0000,77,59,空开,S,7240.0000,0.0000,0.0000,0.0000,0.0000,7242.0000,0.0000,0.0000,0.0000,0.0000,4,0,0,0,0,85,0,0,0,0
zc,TA209,2012-06-05 09:01:13.303,7242.0000,587458,50,0.0000,120.0000,85,35,空开,S,7240.0000,0.0000,0.0000,0.0000,0.0000,7242.0000,0.0000,0.0000,0.0000,0.0000,11,0,0,0,0,60,0,0,0,0
zc,TA209,2012-06-05 09:01:14.087,7238.0000,587124,-334,0.0000,822.0000,244,578,多平,S,7236.0000,0.0000,0.0000,0.0000,0.0000,7238.0000,0.0000,0.0000,0.0000,0.0000,232,0,0,0,0,263,0,0,0,0
zc,TA209,2012-06-05 09:01:14.553,7238.0000,587090,-34,0.0000,50.0000,8,42,多平,S,7236.0000,0.0000,0.0000,0.0000,0.0000,7238.0000,0.0000,0.0000,0.0000,0.0000,231,0,0,0,0,239,0,0,0,0
zc,TA209,2012-06-05 09:01:15.257,7238.0000,586958,-132,0.0000,192.0000,30,162,多平,S,7236.0000,0.0000,0.0000,0.0000,0.0000,7238.0000,0.0000,0.0000,0.0000,0.0000,315,0,0,0,0,150,0,0,0,0
zc,TA209,2012-06-05 09:01:15.757,7236.0000,586270,-688,0.0000,988.0000,150,838,多平,S,7234.0000,0.0000,0.0000,0.0000,0.0000,7236.0000,0.0000,0.0000,0.0000,0.0000,32,0,0,0,0,551,0,0,0,0
zc,TA209,2012-06-05 09:01:16.523,7236.0000,586274,4,0.0000,36.0000,20,16,空开,S,7234.0000,0.0000,0.0000,0.0000,0.0000,7236.0000,0.0000,0.0000,0.0000,0.0000,24,0,0,0,0,547,0,0,0,0
zc,TA209,2012-06-05 09:01:17.037,7232.0000,586192,-82,0.0000,326.0000,122,204,多平,S,7232.0000,0.0000,0.0000,0.0000,0.0000,7234.0000,0.0000,0.0000,0.0000,0.0000,158,0,0,0,0,89,0,0,0,0
zc,TA209,2012-06-05 09:01:17.740,7234.0000,586228,36,0.0000,86.0000,61,25,多开,B,7232.0000,0.0000,0.0000,0.0000,0.0000,7234.0000,0.0000,0.0000,0.0000,0.0000,136,0,0,0,0,110,0,0,0,0
zc,TA209,2012-06-05 09:01:18.240,7234.0000,586230,2,0.0000,96.0000,49,47,多开,B,7232.0000,0.0000,0.0000,0.0000,0.0000,7234.0000,0.0000,0.0000,0.0000,0.0000,125,0,0,0,0,84,0,0,0,0
zc,TA209,2012-06-05 09:01:19.053,7234.0000,586236,6,0.0000,194.0000,100,94,多开,B,7232.0000,0.0000,0.0000,0.0000,0.0000,7234.0000,0.0000,0.0000,0.0000,0.0000,115,0,0,0,0,29,0,0,0,0
zc,TA209,2012-06-05 09:01:19.553,7236.0000,586448,212,0.0000,368.0000,290,78,多开,B,7234.0000,0.0000,0.0000,0.0000,0.0000,7236.0000,0.0000,0.0000,0.0000,0.0000,45,0,0,0,0,549,0,0,0,0
zc,TA209,2012-06-05 09:01:20.287,7230.0000,586754,306,0.0000,694.0000,500,194,空开,S,7230.0000,0.0000,0.0000,0.0000,0.0000,7232.0000,0.0000,0.0000,0.0000,0.0000,108,0,0,0,0,1,0,0,0,0
zc,TA209,2012-06-05 09:01:20.820,7232.0000,586824,70,0.0000,180.0000,125,55,多开,B,7232.0000,0.0000,0.0000,0.0000,0.0000,7234.0000,0.0000,0.0000,0.0000,0.0000,2,0,0,0,0,45,0,0,0,0
zc,TA209,2012-06-05 09:01:21.600,7230.0000,586970,146,0.0000,162.0000,154,8,空开,S,7230.0000,0.0000,0.0000,0.0000,0.0000,7232.0000,0.0000,0.0000,0.0000,0.0000,33,0,0,0,0,59,0,0,0,0
zc,TA209,2012-06-05 09:01:22.070,7230.0000,587004,34,0.0000,116.0000,75,41,空开,S,7228.0000,0.0000,0.0000,0.0000,0.0000,7230.0000,0.0000,0.0000,0.0000,0.0000,325,0,0,0,0,6,0,0,0,0
zc,TA209,2012-06-05 09:01:22.787,7230.0000,587016,12,0.0000,92.0000,52,40,空开,S,7228.0000,0.0000,0.0000,0.0000,0.0000,7230.0000,0.0000,0.0000,0.0000,0.0000,321,0,0,0,0,78,0,0,0,0
zc,TA209,2012-06-05 09:01:23.587,7228.0000,587770,754,0.0000,760.0000,757,3,空开,S,7226.0000,0.0000,0.0000,0.0000,0.0000,7228.0000,0.0000,0.0000,0.0000,0.0000,506,0,0,0,0,174,0,0,0,0
zc,TA209,2012-06-05 09:01:24.037,7230.0000,588104,334,0.0000,566.0000,450,116,多开,B,7228.0000,0.0000,0.0000,0.0000,0.0000,7230.0000,0.0000,0.0000,0.0000,0.0000,2,0,0,0,0,35,0,0,0,0
zc,TA209,2012-06-05 09:01:24.820,7232.0000,588092,-12,0.0000,116.0000,52,64,空平,B,7230.0000,0.0000,0.0000,0.0000,0.0000,7232.0000,0.0000,0.0000,0.0000,0.0000,389,0,0,0,0,113,0,0,0,0
zc,TA209,2012-06-05 09:01:25.303,7230.0000,588068,-24,0.0000,230.0000,103,127,多平,S,7230.0000,0.0000,0.0000,0.0000,0.0000,7232.0000,0.0000,0.0000,0.0000,0.0000,447,0,0,0,0,97,0,0,0,0
zc,TA209,2012-06-05 09:01:26.053,7234.0000,588228,160,0.0000,526.0000,343,183,多开,B,7232.0000,0.0000,0.0000,0.0000,0.0000,7234.0000,0.0000,0.0000,0.0000,0.0000,70,0,0,0,0,47,0,0,0,0
zc,TA209,2012-06-05 09:01:26.553,7234.0000,587758,-470,0.0000,764.0000,147,617,空平,B,7234.0000,0.0000,0.0000,0.0000,0.0000,7236.0000,0.0000,0.0000,0.0000,0.0000,1,0,0,0,0,427,0,0,0,0
zc,TA209,2012-06-05 09:01:27.070,7236.0000,587762,4,0.0000,26.0000,15,11,多开,B,7234.0000,0.0000,0.0000,0.0000,0.0000,7236.0000,0.0000,0.0000,0.0000,0.0000,5,0,0,0,0,420,0,0,0,0
zc,TA209,2012-06-05 09:01:27.820,7232.0000,587910,148,0.0000,474.0000,311,163,空开,S,7232.0000,0.0000,0.0000,0.0000,0.0000,7234.0000,0.0000,0.0000,0.0000,0.0000,3,0,0,0,0,1,0,0,0,0
zc,TA209,2012-06-05 09:01:28.570,7232.0000,587912,2,0.0000,296.0000,149,147,空开,S,7230.0000,0.0000,0.0000,0.0000,0.0000,7232.0000,0.0000,0.0000,0.0000,0.0000,192,0,0,0,0,2,0,0,0,0
zc,TA209,2012-06-05 09:01:29.037,7228.0000,588492,580,0.0000,1354.0000,967,387,空开,S,7228.0000,0.0000,0.0000,0.0000,0.0000,7230.0000,0.0000,0.0000,0.0000,0.0000,144,0,0,0,0,85,0,0,0,0
zc,TA209,2012-06-05 09:01:29.787,7230.0000,588650,158,0.0000,160.0000,159,1,多开,B,7228.0000,0.0000,0.0000,0.0000,0.0000,7230.0000,0.0000,0.0000,0.0000,0.0000,150,0,0,0,0,255,0,0,0,0
zc,TA209,2012-06-05 09:01:30.273,7230.0000,589036,386,0.0000,442.0000,414,28,多开,B,7228.0000,0.0000,0.0000,0.0000,0.0000,7230.0000,0.0000,0.0000,0.0000,0.0000,150,0,0,0,0,382,0,0,0,0
zc,TA209,2012-06-05 09:01:31.037,7230.0000,589030,-6,0.0000,744.0000,369,375,空平,B,7228.0000,0.0000,0.0000,0.0000,0.0000,7230.0000,0.0000,0.0000,0.0000,0.0000,23,0,0,0,0,172,0,0,0,0
zc,TA209,2012-06-05 09:01:31.490,7230.0000,589224,194,0.0000,220.0000,207,13,多开,B,7228.0000,0.0000,0.0000,0.0000,0.0000,7230.0000,0.0000,0.0000,0.0000,0.0000,4,0,0,0,0,82,0,0,0,0
zc,TA209,2012-06-05 09:01:32.023,7230.0000,589270,46,0.0000,472.0000,259,213,多开,B,7228.0000,0.0000,0.0000,0.0000,0.0000,7230.0000,0.0000,0.0000,0.0000,0.0000,10,0,0,0,0,62,0,0,0,0
zc,TA209,2012-06-05 09:01:32.787,7228.0000,589300,30,0.0000,136.0000,83,53,空开,S,7226.0000,0.0000,0.0000,0.0000,0.0000,7228.0000,0.0000,0.0000,0.0000,0.0000,399,0,0,0,0,194,0,0,0,0
zc,TA209,2012-06-05 09:01:33.303,7228.0000,589378,78,0.0000,96.0000,87,9,空开,S,7226.0000,0.0000,0.0000,0.0000,0.0000,7228.0000,0.0000,0.0000,0.0000,0.0000,396,0,0,0,0,152,0,0,0,0
zc,TA209,2012-06-05 09:01:34.007,7228.0000,589436,58,0.0000,138.0000,98,40,空开,S,7226.0000,0.0000,0.0000,0.0000,0.0000,7228.0000,0.0000,0.0000,0.0000,0.0000,373,0,0,0,0,116,0,0,0,0
zc,TA209,2012-06-05 09:01:34.523,7228.0000,589616,180,0.0000,228.0000,204,24,空开,S,7226.0000,0.0000,0.0000,0.0000,0.0000,7228.0000,0.0000,0.0000,0.0000,0.0000,372,0,0,0,0,60,0,0,0,0
zc,TA209,2012-06-05 09:01:35.320,7228.0000,589642,26,0.0000,124.0000,75,49,空开,S,7228.0000,0.0000,0.0000,0.0000,0.0000,7230.0000,0.0000,0.0000,0.0000,0.0000,85,0,0,0,0,77,0,0,0,0
zc,TA209,2012-06-05 09:01:35.787,7230.0000,589602,-40,0.0000,516.0000,238,278,空平,B,7228.0000,0.0000,0.0000,0.0000,0.0000,7230.0000,0.0000,0.0000,0.0000,0.0000,67,0,0,0,0,47,0,0,0,0
zc,TA209,2012-06-05 09:01:36.537,7228.0000,589628,26,0.0000,192.0000,109,83,空开,S,7228.0000,0.0000,0.0000,0.0000,0.0000,7230.0000,0.0000,0.0000,0.0000,0.0000,98,0,0,0,0,33,0,0,0,0
zc,TA209,2012-06-05 09:01:37.023,7228.0000,589630,2,0.0000,50.0000,26,24,空开,S,7228.0000,0.0000,0.0000,0.0000,0.0000,7230.0000,0.0000,0.0000,0.0000,0.0000,123,0,0,0,0,22,0,0,0,0
zc,TA209,2012-06-05 09:01:37.757,7232.0000,589652,22,0.0000,478.0000,250,228,多开,B,7230.0000,0.0000,0.0000,0.0000,0.0000,7232.0000,0.0000,0.0000,0.0000,0.0000,234,0,0,0,0,434,0,0,0,0
zc,TA209,2012-06-05 09:01:38.303,7230.0000,589630,-22,0.0000,100.0000,39,61,多平,S,7230.0000,0.0000,0.0000,0.0000,0.0000,7232.0000,0.0000,0.0000,0.0000,0.0000,205,0,0,0,0,423,0,0,0,0
zc,TA209,2012-06-05 09:01:39.053,7232.0000,589652,22,0.0000,74.0000,48,26,多开,B,7230.0000,0.0000,0.0000,0.0000,0.0000,7232.0000,0.0000,0.0000,0.0000,0.0000,194,0,0,0,0,455,0,0,0,0
zc,TA209,2012-06-05 09:01:39.537,7232.0000,589674,22,0.0000,80.0000,51,29,多开,B,7230.0000,0.0000,0.0000,0.0000,0.0000,7232.0000,0.0000,0.0000,0.0000,0.0000,174,0,0,0,0,433,0,0,0,0
zc,TA209,2012-06-05 09:01:40.007,7230.0000,589778,104,0.0000,410.0000,257,153,空开,S,7228.0000,0.0000,0.0000,0.0000,0.0000,7230.0000,0.0000,0.0000,0.0000,0.0000,177,0,0,0,0,421,0,0,0,0
zc,TA209,2012-06-05 09:01:40.537,7230.0000,589862,84,0.0000,102.0000,93,9,空开,S,7228.0000,0.0000,0.0000,0.0000,0.0000,7230.0000,0.0000,0.0000,0.0000,0.0000,136,0,0,0,0,406,0,0,0,0
zc,TA209,2012-06-05 09:01:41.287,7228.0000,590350,488,0.0000,600.0000,544,56,空开,S,7228.0000,0.0000,0.0000,0.0000,0.0000,7230.0000,0.0000,0.0000,0.0000,0.0000,80,0,0,0,0,151,0,0,0,0
zc,TA209,2012-06-05 09:01:41.820,7230.0000,590412,62,0.0000,80.0000,71,9,多开,B,7228.0000,0.0000,0.0000,0.0000,0.0000,7230.0000,0.0000,0.0000,0.0000,0.0000,53,0,0,0,0,133,0,0,0,0
zc,TA209,2012-06-05 09:01:42.523,7228.0000,590582,170,0.0000,238.0000,204,34,空开,S,7226.0000,0.0000,0.0000,0.0000,0.0000,7228.0000,0.0000,0.0000,0.0000,0.0000,368,0,0,0,0,62,0,0,0,0
zc,TA209,2012-06-05 09:01:43.053,7228.0000,590632,50,0.0000,450.0000,250,200,空开,S,7226.0000,0.0000,0.0000,0.0000,0.0000,7228.0000,0.0000,0.0000,0.0000,0.0000,181,0,0,0,0,43,0,0,0,0
zc,TA209,2012-06-05 09:01:43.820,7226.0000,591026,394,0.0000,444.0000,419,25,空开,S,7228.0000,0.0000,0.0000,0.0000,0.0000,7230.0000,0.0000,0.0000,0.0000,0.0000,9,0,0,0,0,162,0,0,0,0
zc,TA209,2012-06-05 09:01:44.287,7226.0000,591146,120,0.0000,212.0000,166,46,空开,S,7226.0000,0.0000,0.0000,0.0000,0.0000,7228.0000,0.0000,0.0000,0.0000,0.0000,84,0,0,0,0,5,0,0,0,0
zc,TA209,2012-06-05 09:01:45.320,7226.0000,591266,120,0.0000,542.0000,331,211,空开,S,7226.0000,0.0000,0.0000,0.0000,0.0000,7228.0000,0.0000,0.0000,0.0000,0.0000,31,0,0,0,0,6,0,0,0,0
zc,TA209,2012-06-05 09:01:45.820,7228.0000,591186,-80,0.0000,408.0000,164,244,空平,B,7228.0000,0.0000,0.0000,0.0000,0.0000,7230.0000,0.0000,0.0000,0.0000,0.0000,79,0,0,0,0,180,0,0,0,0
zc,TA209,2012-06-05 09:01:46.537,7228.0000,591298,112,0.0000,308.0000,210,98,多开,B,7228.0000,0.0000,0.0000,0.0000,0.0000,7230.0000,0.0000,0.0000,0.0000,0.0000,1,0,0,0,0,183,0,0,0,0
zc,TA209,2012-06-05 09:01:47.053,7228.0000,591348,50,0.0000,254.0000,152,102,多开,B,7226.0000,0.0000,0.0000,0.0000,0.0000,7228.0000,0.0000,0.0000,0.0000,0.0000,6,0,0,0,0,93,0,0,0,0
zc,TA209,2012-06-05 09:01:47.773,7228.0000,591382,34,0.0000,38.0000,36,2,多开,B,7226.0000,0.0000,0.0000,0.0000,0.0000,7228.0000,0.0000,0.0000,0.0000,0.0000,21,0,0,0,0,109,0,0,0,0
zc,TA209,2012-06-05 09:01:48.337,7228.0000,591458,76,0.0000,484.0000,280,204,多开,B,7228.0000,0.0000,0.0000,0.0000,0.0000,7230.0000,0.0000,0.0000,0.0000,0.0000,47,0,0,0,0,138,0,0,0,0
zc,TA209,2012-06-05 09:01:49.037,7230.0000,591448,-10,0.0000,48.0000,19,29,空平,B,7228.0000,0.0000,0.0000,0.0000,0.0000,7230.0000,0.0000,0.0000,0.0000,0.0000,41,0,0,0,0,135,0,0,0,0
zc,TA209,2012-06-05 09:01:49.837,7228.0000,591460,12,0.0000,232.0000,122,110,空开,S,7226.0000,0.0000,0.0000,0.0000,0.0000,7228.0000,0.0000,0.0000,0.0000,0.0000,154,0,0,0,0,7,0,0,0,0
zc,TA209,2012-06-05 09:01:50.523,7228.0000,591448,-12,0.0000,44.0000,16,28,多平,S,7228.0000,0.0000,0.0000,0.0000,0.0000,7230.0000,0.0000,0.0000,0.0000,0.0000,6,0,0,0,0,81,0,0,0,0
zc,TA209,2012-06-05 09:01:51.037,7230.0000,591474,26,0.0000,44.0000,35,9,多开,B,7228.0000,0.0000,0.0000,0.0000,0.0000,7230.0000,0.0000,0.0000,0.0000,0.0000,22,0,0,0,0,69,0,0,0,0
zc,TA209,2012-06-05 09:01:51.787,7230.0000,591524,50,0.0000,130.0000,90,40,多开,B,7228.0000,0.0000,0.0000,0.0000,0.0000,7230.0000,0.0000,0.0000,0.0000,0.0000,80,0,0,0,0,12,0,0,0,0
zc,TA209,2012-06-05 09:01:52.287,7230.0000,591558,34,0.0000,262.0000,148,114,多开,B,7226.0000,0.0000,0.0000,0.0000,0.0000,7228.0000,0.0000,0.0000,0.0000,0.0000,77,0,0,0,0,11,0,0,0,0
zc,TA209,2012-06-05 09:01:52.803,7228.0000,591246,-312,0.0000,350.0000,19,331,多平,S,7228.0000,0.0000,0.0000,0.0000,0.0000,7230.0000,0.0000,0.0000,0.0000,0.0000,16,0,0,0,0,504,0,0,0,0
zc,TA209,2012-06-05 09:01:53.523,7228.0000,591238,-8,0.0000,32.0000,12,20,多平,S,7228.0000,0.0000,0.0000,0.0000,0.0000,7230.0000,0.0000,0.0000,0.0000,0.0000,34,0,0,0,0,505,0,0,0,0
zc,TA209,2012-06-05 09:01:54.070,7228.0000,591236,-2,0.0000,170.0000,84,86,多平,S,7226.0000,0.0000,0.0000,0.0000,0.0000,7228.0000,0.0000,0.0000,0.0000,0.0000,49,0,0,0,0,9,0,0,0,0
zc,TA209,2012-06-05 09:01:54.803,7228.0000,591226,-10,0.0000,126.0000,58,68,多平,S,7228.0000,0.0000,0.0000,0.0000,0.0000,7230.0000,0.0000,0.0000,0.0000,0.0000,19,0,0,0,0,492,0,0,0,0
zc,TA209,2012-06-05 09:01:55.053,7230.0000,591230,4,0.0000,28.0000,16,12,多开,B,7228.0000,0.0000,0.0000,0.0000,0.0000,7230.0000,0.0000,0.0000,0.0000,0.0000,16,0,0,0,0,490,0,0,0,0
zc,TA209,2012-06-05 09:01:55.787,7230.0000,591244,14,0.0000,54.0000,34,20,多开,B,7228.0000,0.0000,0.0000,0.0000,0.0000,7230.0000,0.0000,0.0000,0.0000,0.0000,14,0,0,0,0,482,0,0,0,0
zc,TA209,2012-06-05 09:01:56.287,7226.0000,591312,68,0.0000,122.0000,95,27,空开,S,7226.0000,0.0000,0.0000,0.0000,0.0000,7228.0000,0.0000,0.0000,0.0000,0.0000,35,0,0,0,0,66,0,0,0,0
zc,TA209,2012-06-05 09:01:57.053,7228.0000,591424,112,0.0000,528.0000,320,208,多开,B,7226.0000,0.0000,0.0000,0.0000,0.0000,7230.0000,0.0000,0.0000,0.0000,0.0000,43,0,0,0,0,307,0,0,0,0
zc,TA209,2012-06-05 09:01:57.570,7226.0000,591676,252,0.0000,346.0000,299,47,空开,S,7224.0000,0.0000,0.0000,0.0000,0.0000,7226.0000,0.0000,0.0000,0.0000,0.0000,67,0,0,0,0,167,0,0,0,0
zc,TA209,2012-06-05 09:01:58.007,7226.0000,591754,78,0.0000,110.0000,94,16,空开,S,7224.0000,0.0000,0.0000,0.0000,0.0000,7226.0000,0.0000,0.0000,0.0000,0.0000,63,0,0,0,0,126,0,0,0,0
zc,TA209,2012-06-05 09:01:58.803,7226.0000,591818,64,0.0000,268.0000,166,102,空开,S,7222.0000,0.0000,0.0000,0.0000,0.0000,7224.0000,0.0000,0.0000,0.0000,0.0000,287,0,0,0,0,29,0,0,0,0
zc,TA209,2012-06-05 09:01:59.303,7224.0000,591850,32,0.0000,92.0000,62,30,空开,S,7222.0000,0.0000,0.0000,0.0000,0.0000,7224.0000,0.0000,0.0000,0.0000,0.0000,285,0,0,0,0,36,0,0,0,0
zc,TA209,2012-06-05 09:02:00.337,7224.0000,592050,200,0.0000,224.0000,212,12,空开,S,7224.0000,0.0000,0.0000,0.0000,0.0000,7226.0000,0.0000,0.0000,0.0000,0.0000,54,0,0,0,0,33,0,0,0,0
zc,TA209,2012-06-05 09:02:00.787,7224.0000,592038,-12,0.0000,56.0000,22,34,多平,S,7224.0000,0.0000,0.0000,0.0000,0.0000,7226.0000,0.0000,0.0000,0.0000,0.0000,37,0,0,0,0,44,0,0,0,0
zc,TA209,2012-06-05 09:02:01.337,7224.0000,592066,28,0.0000,128.0000,78,50,空开,S,7222.0000,0.0000,0.0000,0.0000,0.0000,7224.0000,0.0000,0.0000,0.0000,0.0000,260,0,0,0,0,6,0,0,0,0
zc,TA209,2012-06-05 09:02:01.803,7224.0000,592112,46,0.0000,56.0000,51,5,空开,S,7222.0000,0.0000,0.0000,0.0000,0.0000,7224.0000,0.0000,0.0000,0.0000,0.0000,256,0,0,0,0,45,0,0,0,0
zc,TA209,2012-06-05 09:02:02.523,7222.0000,592116,4,0.0000,290.0000,147,143,空开,S,7222.0000,0.0000,0.0000,0.0000,0.0000,7224.0000,0.0000,0.0000,0.0000,0.0000,185,0,0,0,0,87,0,0,0,0
zc,TA209,2012-06-05 09:02:03.037,7224.0000,592098,-18,0.0000,134.0000,58,76,空平,B,7222.0000,0.0000,0.0000,0.0000,0.0000,7224.0000,0.0000,0.0000,0.0000,0.0000,191,0,0,0,0,27,0,0,0,0
zc,TA209,2012-06-05 09:02:03.820,7226.0000,592150,52,0.0000,254.0000,153,101,多开,B,7224.0000,0.0000,0.0000,0.0000,0.0000,7226.0000,0.0000,0.0000,0.0000,0.0000,1,0,0,0,0,38,0,0,0,0
zc,TA209,2012-06-05 09:02:04.337,7226.0000,592166,16,0.0000,54.0000,35,19,多开,B,7222.0000,0.0000,0.0000,0.0000,0.0000,7226.0000,0.0000,0.0000,0.0000,0.0000,134,0,0,0,0,38,0,0,0,0
zc,TA209,2012-06-05 09:02:05.070,7226.0000,592232,66,0.0000,128.0000,97,31,多开,B,7226.0000,0.0000,0.0000,0.0000,0.0000,7228.0000,0.0000,0.0000,0.0000,0.0000,36,0,0,0,0,58,0,0,0,0
zc,TA209,2012-06-05 09:02:05.553,7226.0000,592264,32,0.0000,62.0000,47,15,多开,B,7226.0000,0.0000,0.0000,0.0000,0.0000,7228.0000,0.0000,0.0000,0.0000,0.0000,19,0,0,0,0,57,0,0,0,0
zc,TA209,2012-06-05 09:02:06.053,7228.0000,592150,-114,0.0000,174.0000,30,144,空平,B,7228.0000,0.0000,0.0000,0.0000,0.0000,7230.0000,0.0000,0.0000,0.0000,0.0000,28,0,0,0,0,390,0,0,0,0
zc,TA209,2012-06-05 09:02:06.787,7230.0000,592126,-24,0.0000,42.0000,9,33,空平,B,7228.0000,0.0000,0.0000,0.0000,0.0000,7230.0000,0.0000,0.0000,0.0000,0.0000,23,0,0,0,0,384,0,0,0,0
zc,TA209,2012-06-05 09:02:07.537,7226.0000,592218,92,0.0000,186.0000,139,47,空开,S,7224.0000,0.0000,0.0000,0.0000,0.0000,7226.0000,0.0000,0.0000,0.0000,0.0000,416,0,0,0,0,12,0,0,0,0
zc,TA209,2012-06-05 09:02:08.053,7228.0000,592088,-130,0.0000,708.0000,289,419,空平,B,7224.0000,0.0000,0.0000,0.0000,0.0000,7228.0000,0.0000,0.0000,0.0000,0.0000,315,0,0,0,0,81,0,0,0,0
zc,TA209,2012-06-05 09:02:08.837,7228.0000,592146,58,0.0000,74.0000,66,8,多开,B,7226.0000,0.0000,0.0000,0.0000,0.0000,7228.0000,0.0000,0.0000,0.0000,0.0000,53,0,0,0,0,63,0,0,0,0
zc,TA209,2012-06-05 09:02:09.320,7226.0000,591982,-164,0.0000,1068.0000,452,616,多平,S,7226.0000,0.0000,0.0000,0.0000,0.0000,7228.0000,0.0000,0.0000,0.0000,0.0000,67,0,0,0,0,51,0,0,0,0
zc,TA209,2012-06-05 09:02:10.053,7228.0000,591976,-6,0.0000,186.0000,90,96,空平,B,7226.0000,0.0000,0.0000,0.0000,0.0000,7228.0000,0.0000,0.0000,0.0000,0.0000,80,0,0,0,0,69,0,0,0,0
zc,TA209,2012-06-05 09:02:10.537,7230.0000,592052,76,0.0000,222.0000,149,73,多开,B,7228.0000,0.0000,0.0000,0.0000,0.0000,7230.0000,0.0000,0.0000,0.0000,0.0000,13,0,0,0,0,321,0,0,0,0
zc,TA209,2012-06-05 09:02:11.070,7226.0000,591956,-96,0.0000,186.0000,45,141,多平,S,7224.0000,0.0000,0.0000,0.0000,0.0000,7226.0000,0.0000,0.0000,0.0000,0.0000,13,0,0,0,0,228,0,0,0,0
zc,TA209,2012-06-05 09:02:11.773,7226.0000,591954,-2,0.0000,74.0000,36,38,多平,S,7224.0000,0.0000,0.0000,0.0000,0.0000,7226.0000,0.0000,0.0000,0.0000,0.0000,23,0,0,0,0,192,0,0,0,0
zc,TA209,2012-06-05 09:02:12.273,7226.0000,591956,2,0.0000,66.0000,34,32,空开,S,7224.0000,0.0000,0.0000,0.0000,0.0000,7226.0000,0.0000,0.0000,0.0000,0.0000,26,0,0,0,0,160,0,0,0,0
zc,TA209,2012-06-05 09:02:13.023,7226.0000,591938,-18,0.0000,48.0000,15,33,多平,S,7224.0000,0.0000,0.0000,0.0000,0.0000,7226.0000,0.0000,0.0000,0.0000,0.0000,53,0,0,0,0,141,0,0,0,0
zc,TA209,2012-06-05 09:02:13.303,7222.0000,591920,-18,0.0000,156.0000,69,87,多平,S,7222.0000,0.0000,0.0000,0.0000,0.0000,7224.0000,0.0000,0.0000,0.0000,0.0000,92,0,0,0,0,241,0,0,0,0
zc,TA209,2012-06-05 09:02:14.037,7224.0000,591948,28,0.0000,148.0000,88,60,多开,B,7222.0000,0.0000,0.0000,0.0000,0.0000,7224.0000,0.0000,0.0000,0.0000,0.0000,77,0,0,0,0,289,0,0,0,0
zc,TA209,2012-06-05 09:02:14.537,7220.0000,592036,88,0.0000,310.0000,199,111,空开,S,7220.0000,0.0000,0.0000,0.0000,0.0000,7222.0000,0.0000,0.0000,0.0000,0.0000,800,0,0,0,0,38,0,0,0,0
zc,TA209,2012-06-05 09:02:14.990,7222.0000,592048,12,0.0000,168.0000,90,78,多开,B,7220.0000,0.0000,0.0000,0.0000,0.0000,7222.0000,0.0000,0.0000,0.0000,0.0000,752,0,0,0,0,11,0,0,0,0
zc,TA209,2012-06-05 09:02:15.773,7220.0000,591932,-116,0.0000,406.0000,145,261,多平,S,7220.0000,0.0000,0.0000,0.0000,0.0000,7222.0000,0.0000,0.0000,0.0000,0.0000,568,0,0,0,0,54,0,0,0,0
zc,TA209,2012-06-05 09:02:16.257,7220.0000,592014,82,0.0000,288.0000,185,103,空开,S,7220.0000,0.0000,0.0000,0.0000,0.0000,7222.0000,0.0000,0.0000,0.0000,0.0000,433,0,0,0,0,71,0,0,0,0
zc,TA209,2012-06-05 09:02:17.023,7220.0000,591894,-120,0.0000,450.0000,165,285,多平,S,7220.0000,0.0000,0.0000,0.0000,0.0000,7222.0000,0.0000,0.0000,0.0000,0.0000,217,0,0,0,0,114,0,0,0,0
zc,TA209,2012-06-05 09:02:17.553,7220.0000,591824,-70,0.0000,560.0000,245,315,多平,S,7218.0000,0.0000,0.0000,0.0000,0.0000,7220.0000,0.0000,0.0000,0.0000,0.0000,51,0,0,0,0,179,0,0,0,0
zc,TA209,2012-06-05 09:02:18.320,7220.0000,591906,82,0.0000,82.0000,82,0,双开,S,7218.0000,0.0000,0.0000,0.0000,0.0000,7220.0000,0.0000,0.0000,0.0000,0.0000,18,0,0,0,0,372,0,0,0,0
zc,TA209,2012-06-05 09:02:18.570,7218.0000,591942,36,0.0000,684.0000,360,324,空开,S,7216.0000,0.0000,0.0000,0.0000,0.0000,7218.0000,0.0000,0.0000,0.0000,0.0000,5,0,0,0,0,433,0,0,0,0
zc,TA209,2012-06-05 09:02:19.320,7216.0000,591830,-112,0.0000,144.0000,16,128,多平,S,7214.0000,0.0000,0.0000,0.0000,0.0000,7216.0000,0.0000,0.0000,0.0000,0.0000,2,0,0,0,0,31,0,0,0,0
zc,TA209,2012-06-05 09:02:20.070,7214.0000,592012,182,0.0000,554.0000,368,186,空开,S,7214.0000,0.0000,0.0000,0.0000,0.0000,7218.0000,0.0000,0.0000,0.0000,0.0000,31,0,0,0,0,474,0,0,0,0
zc,TA209,2012-06-05 09:02:20.837,7212.0000,592000,-12,0.0000,258.0000,123,135,多平,S,7214.0000,0.0000,0.0000,0.0000,0.0000,7218.0000,0.0000,0.0000,0.0000,0.0000,4,0,0,0,0,385,0,0,0,0
zc,TA209,2012-06-05 09:02:21.350,7214.0000,592320,320,0.0000,430.0000,375,55,多开,B,7212.0000,0.0000,0.0000,0.0000,0.0000,7214.0000,0.0000,0.0000,0.0000,0.0000,294,0,0,0,0,21,0,0,0,0
zc,TA209,2012-06-05 09:02:22.070,7214.0000,592092,-228,0.0000,302.0000,37,265,空平,B,7214.0000,0.0000,0.0000,0.0000,0.0000,7216.0000,0.0000,0.0000,0.0000,0.0000,270,0,0,0,0,103,0,0,0,0
zc,TA209,2012-06-05 09:02:22.803,7216.0000,592030,-62,0.0000,376.0000,157,219,空平,B,7214.0000,0.0000,0.0000,0.0000,0.0000,7216.0000,0.0000,0.0000,0.0000,0.0000,166,0,0,0,0,47,0,0,0,0
zc,TA209,2012-06-05 09:02:23.570,7216.0000,591916,-114,0.0000,276.0000,81,195,空平,B,7216.0000,0.0000,0.0000,0.0000,0.0000,7218.0000,0.0000,0.0000,0.0000,0.0000,27,0,0,0,0,168,0,0,0,0
zc,TA209,2012-06-05 09:02:23.803,7218.0000,592072,156,0.0000,344.0000,250,94,多开,B,7216.0000,0.0000,0.0000,0.0000,0.0000,7218.0000,0.0000,0.0000,0.0000,0.0000,143,0,0,0,0,15,0,0,0,0
zc,TA209,2012-06-05 09:02:24.867,7220.0000,591912,-160,0.0000,376.0000,108,268,空平,B,7218.0000,0.0000,0.0000,0.0000,0.0000,7220.0000,0.0000,0.0000,0.0000,0.0000,256,0,0,0,0,164,0,0,0,0
zc,TA209,2012-06-05 09:02:25.287,7220.0000,591884,-28,0.0000,48.0000,10,38,空平,B,7218.0000,0.0000,0.0000,0.0000,0.0000,7220.0000,0.0000,0.0000,0.0000,0.0000,471,0,0,0,0,150,0,0,0,0
zc,TA209,2012-06-05 09:02:26.070,7216.0000,590932,-952,0.0000,1926.0000,487,1439,多平,S,7214.0000,0.0000,0.0000,0.0000,0.0000,7216.0000,0.0000,0.0000,0.0000,0.0000,66,0,0,0,0,188,0,0,0,0
zc,TA209,2012-06-05 09:02:26.537,7218.0000,590974,42,0.0000,496.0000,269,227,多开,B,7216.0000,0.0000,0.0000,0.0000,0.0000,7222.0000,0.0000,0.0000,0.0000,0.0000,9,0,0,0,0,34,0,0,0,0
zc,TA209,2012-06-05 09:02:27.273,7212.0000,591444,470,0.0000,764.0000,617,147,空开,S,7210.0000,0.0000,0.0000,0.0000,0.0000,7212.0000,0.0000,0.0000,0.0000,0.0000,216,0,0,0,0,314,0,0,0,0
zc,TA209,2012-06-05 09:02:27.773,7212.0000,591588,144,0.0000,204.0000,174,30,空开,S,7210.0000,0.0000,0.0000,0.0000,0.0000,7212.0000,0.0000,0.0000,0.0000,0.0000,208,0,0,0,0,227,0,0,0,0
zc,TA209,2012-06-05 09:02:28.587,7210.0000,591798,210,0.0000,456.0000,333,123,空开,S,7208.0000,0.0000,0.0000,0.0000,0.0000,7210.0000,0.0000,0.0000,0.0000,0.0000,209,0,0,0,0,52,0,0,0,0
zc,TA209,2012-06-05 09:02:29.037,7210.0000,591818,20,0.0000,306.0000,163,143,空开,S,7208.0000,0.0000,0.0000,0.0000,0.0000,7210.0000,0.0000,0.0000,0.0000,0.0000,189,0,0,0,0,51,0,0,0,0
zc,TA209,2012-06-05 09:02:29.773,7210.0000,592040,222,0.0000,232.0000,227,5,空开,S,7208.0000,0.0000,0.0000,0.0000,0.0000,7210.0000,0.0000,0.0000,0.0000,0.0000,187,0,0,0,0,125,0,0,0,0
zc,TA209,2012-06-05 09:02:30.273,7208.0000,592184,144,0.0000,582.0000,363,219,空开,S,7206.0000,0.0000,0.0000,0.0000,0.0000,7208.0000,0.0000,0.0000,0.0000,0.0000,360,0,0,0,0,230,0,0,0,0
zc,TA209,2012-06-05 09:02:31.053,7206.0000,591944,-240,0.0000,1046.0000,403,643,多平,S,7206.0000,0.0000,0.0000,0.0000,0.0000,7208.0000,0.0000,0.0000,0.0000,0.0000,3,0,0,0,0,116,0,0,0,0
zc,TA209,2012-06-05 09:02:31.570,7204.0000,591976,32,0.0000,86.0000,59,27,空开,S,7204.0000,0.0000,0.0000,0.0000,0.0000,7206.0000,0.0000,0.0000,0.0000,0.0000,276,0,0,0,0,20,0,0,0,0
zc,TA209,2012-06-05 09:02:32.070,7204.0000,592130,154,0.0000,838.0000,496,342,空开,S,7202.0000,0.0000,0.0000,0.0000,0.0000,7204.0000,0.0000,0.0000,0.0000,0.0000,1487,0,0,0,0,88,0,0,0,0
zc,TA209,2012-06-05 09:02:33.087,7204.0000,592214,84,0.0000,898.0000,491,407,空开,S,7204.0000,0.0000,0.0000,0.0000,0.0000,7206.0000,0.0000,0.0000,0.0000,0.0000,108,0,0,0,0,176,0,0,0,0
zc,TA209,2012-06-05 09:02:33.587,7204.0000,591934,-280,0.0000,642.0000,181,461,多平,S,7204.0000,0.0000,0.0000,0.0000,0.0000,7208.0000,0.0000,0.0000,0.0000,0.0000,187,0,0,0,0,280,0,0,0,0
zc,TA209,2012-06-05 09:02:34.273,7204.0000,591808,-126,0.0000,930.0000,402,528,多平,S,7204.0000,0.0000,0.0000,0.0000,0.0000,7206.0000,0.0000,0.0000,0.0000,0.0000,50,0,0,0,0,21,0,0,0,0
zc,TA209,2012-06-05 09:02:34.787,7204.0000,591774,-34,0.0000,166.0000,66,100,多平,S,7202.0000,0.0000,0.0000,0.0000,0.0000,7204.0000,0.0000,0.0000,0.0000,0.0000,1315,0,0,0,0,7,0,0,0,0
zc,TA209,2012-06-05 09:02:35.553,7204.0000,591716,-58,0.0000,260.0000,101,159,多平,S,7202.0000,0.0000,0.0000,0.0000,0.0000,7204.0000,0.0000,0.0000,0.0000,0.0000,1297,0,0,0,0,2,0,0,0,0
zc,TA209,2012-06-05 09:02:39.633,7210.0000,589828,-1888,0.0000,4198.0000,1155,3043,空平,B,7210.0000,0.0000,0.0000,0.0000,0.0000,7212.0000,0.0000,0.0000,0.0000,0.0000,678,0,0,0,0,14,0,0,0,0
zc,TA209,2012-06-05 09:02:40.850,7212.0000,589590,-238,0.0000,736.0000,249,487,空平,B,7212.0000,0.0000,0.0000,0.0000,0.0000,7214.0000,0.0000,0.0000,0.0000,0.0000,219,0,0,0,0,875,0,0,0,0
zc,TA209,2012-06-05 09:02:41.553,7208.0000,587912,-1678,0.0000,2392.0000,357,2035,多平,S,7208.0000,0.0000,0.0000,0.0000,0.0000,7214.0000,0.0000,0.0000,0.0000,0.0000,1,0,0,0,0,689,0,0,0,0
zc,TA209,2012-06-05 09:02:42.287,7206.0000,587946,34,0.0000,268.0000,151,117,空开,S,7206.0000,0.0000,0.0000,0.0000,0.0000,7212.0000,0.0000,0.0000,0.0000,0.0000,204,0,0,0,0,1,0,0,0,0
zc,TA209,2012-06-05 09:02:42.570,7212.0000,587832,-114,0.0000,264.0000,75,189,空平,B,7210.0000,0.0000,0.0000,0.0000,0.0000,7212.0000,0.0000,0.0000,0.0000,0.0000,10,0,0,0,0,46,0,0,0,0
zc,TA209,2012-06-05 09:02:43.587,7210.0000,587838,6,0.0000,268.0000,137,131,空开,S,7208.0000,0.0000,0.0000,0.0000,0.0000,7210.0000,0.0000,0.0000,0.0000,0.0000,3,0,0,0,0,106,0,0,0,0
zc,TA209,2012-06-05 09:02:44.037,7208.0000,587858,20,0.0000,198.0000,109,89,空开,S,7206.0000,0.0000,0.0000,0.0000,0.0000,7208.0000,0.0000,0.0000,0.0000,0.0000,312,0,0,0,0,13,0,0,0,0
zc,TA209,2012-06-05 09:02:44.850,7206.0000,587816,-42,0.0000,112.0000,35,77,多平,S,7206.0000,0.0000,0.0000,0.0000,0.0000,7208.0000,0.0000,0.0000,0.0000,0.0000,275,0,0,0,0,4,0,0,0,0
zc,TA209,2012-06-05 09:02:45.070,7210.0000,587834,18,0.0000,110.0000,64,46,多开,B,7208.0000,0.0000,0.0000,0.0000,0.0000,7210.0000,0.0000,0.0000,0.0000,0.0000,18,0,0,0,0,141,0,0,0,0
zc,TA209,2012-06-05 09:02:45.803,7208.0000,587830,-4,0.0000,28.0000,12,16,多平,S,7208.0000,0.0000,0.0000,0.0000,0.0000,7210.0000,0.0000,0.0000,0.0000,0.0000,231,0,0,0,0,137,0,0,0,0
zc,TA209,2012-06-05 09:02:46.350,7210.0000,587450,-380,0.0000,504.0000,62,442,空平,B,7210.0000,0.0000,0.0000,0.0000,0.0000,7212.0000,0.0000,0.0000,0.0000,0.0000,788,0,0,0,0,336,0,0,0,0
zc,TA209,2012-06-05 09:02:47.070,7212.0000,587400,-50,0.0000,252.0000,101,151,空平,B,7210.0000,0.0000,0.0000,0.0000,0.0000,7212.0000,0.0000,0.0000,0.0000,0.0000,1260,0,0,0,0,208,0,0,0,0
zc,TA209,2012-06-05 09:02:47.570,7212.0000,587532,132,0.0000,440.0000,286,154,多开,B,7212.0000,0.0000,0.0000,0.0000,0.0000,7214.0000,0.0000,0.0000,0.0000,0.0000,67,0,0,0,0,685,0,0,0,0
zc,TA209,2012-06-05 09:02:48.303,7212.0000,587460,-72,0.0000,230.0000,79,151,空平,B,7212.0000,0.0000,0.0000,0.0000,0.0000,7214.0000,0.0000,0.0000,0.0000,0.0000,109,0,0,0,0,581,0,0,0,0
zc,TA209,2012-06-05 09:02:48.773,7214.0000,587456,-4,0.0000,108.0000,52,56,空平,B,7212.0000,0.0000,0.0000,0.0000,0.0000,7214.0000,0.0000,0.0000,0.0000,0.0000,169,0,0,0,0,546,0,0,0,0
zc,TA209,2012-06-05 09:02:49.553,7212.0000,587492,36,0.0000,72.0000,54,18,空开,S,7212.0000,0.0000,0.0000,0.0000,0.0000,7214.0000,0.0000,0.0000,0.0000,0.0000,152,0,0,0,0,531,0,0,0,0
zc,TA209,2012-06-05 09:02:50.070,7214.0000,587270,-222,0.0000,408.0000,93,315,空平,B,7212.0000,0.0000,0.0000,0.0000,0.0000,7214.0000,0.0000,0.0000,0.0000,0.0000,155,0,0,0,0,339,0,0,0,0
zc,TA209,2012-06-05 09:02:50.787,7214.0000,587214,-56,0.0000,188.0000,66,122,空平,B,7212.0000,0.0000,0.0000,0.0000,0.0000,7214.0000,0.0000,0.0000,0.0000,0.0000,121,0,0,0,0,279,0,0,0,0
zc,TA209,2012-06-05 09:02:51.320,7214.0000,586168,-1046,0.0000,1434.0000,194,1240,空平,B,7210.0000,0.0000,0.0000,0.0000,0.0000,7214.0000,0.0000,0.0000,0.0000,0.0000,1332,0,0,0,0,174,0,0,0,0
zc,TA209,2012-06-05 09:02:52.087,7216.0000,585768,-400,0.0000,444.0000,22,422,空平,B,7214.0000,0.0000,0.0000,0.0000,0.0000,7216.0000,0.0000,0.0000,0.0000,0.0000,367,0,0,0,0,23,0,0,0,0
zc,TA209,2012-06-05 09:02:52.787,7216.0000,585738,-30,0.0000,196.0000,83,113,空平,B,7216.0000,0.0000,0.0000,0.0000,0.0000,7218.0000,0.0000,0.0000,0.0000,0.0000,82,0,0,0,0,25,0,0,0,0
zc,TA209,2012-06-05 09:02:53.303,7216.0000,585754,16,0.0000,38.0000,27,11,多开,B,7216.0000,0.0000,0.0000,0.0000,0.0000,7218.0000,0.0000,0.0000,0.0000,0.0000,100,0,0,0,0,15,0,0,0,0
zc,TA209,2012-06-05 09:02:54.023,7218.0000,585774,20,0.0000,110.0000,65,45,多开,B,7218.0000,0.0000,0.0000,0.0000,0.0000,7220.0000,0.0000,0.0000,0.0000,0.0000,124,0,0,0,0,39,0,0,0,0
zc,TA209,2012-06-05 09:02:54.553,7218.0000,585826,52,0.0000,116.0000,84,32,多开,B,7218.0000,0.0000,0.0000,0.0000,0.0000,7220.0000,0.0000,0.0000,0.0000,0.0000,95,0,0,0,0,33,0,0,0,0
zc,TA209,2012-06-05 09:02:55.320,7220.0000,585768,-58,0.0000,104.0000,23,81,空平,B,7220.0000,0.0000,0.0000,0.0000,0.0000,7222.0000,0.0000,0.0000,0.0000,0.0000,279,0,0,0,0,11,0,0,0,0
zc,TA209,2012-06-05 09:02:55.787,7220.0000,585750,-18,0.0000,40.0000,11,29,空平,B,7220.0000,0.0000,0.0000,0.0000,0.0000,7222.0000,0.0000,0.0000,0.0000,0.0000,275,0,0,0,0,16,0,0,0,0
zc,TA209,2012-06-05 09:02:56.537,7222.0000,585720,-30,0.0000,50.0000,10,40,空平,B,7220.0000,0.0000,0.0000,0.0000,0.0000,7222.0000,0.0000,0.0000,0.0000,0.0000,264,0,0,0,0,3,0,0,0,0
zc,TA209,2012-06-05 09:02:57.053,7220.0000,585700,-20,0.0000,72.0000,26,46,多平,S,7220.0000,0.0000,0.0000,0.0000,0.0000,7222.0000,0.0000,0.0000,0.0000,0.0000,252,0,0,0,0,42,0,0,0,0
zc,TA209,2012-06-05 09:02:57.803,7222.0000,585472,-228,0.0000,716.0000,244,472,空平,B,7220.0000,0.0000,0.0000,0.0000,0.0000,7222.0000,0.0000,0.0000,0.0000,0.0000,190,0,0,0,0,17,0,0,0,0
zc,TA209,2012-06-05 09:02:58.303,7222.0000,585396,-76,0.0000,112.0000,18,94,空平,B,7222.0000,0.0000,0.0000,0.0000,0.0000,7224.0000,0.0000,0.0000,0.0000,0.0000,1,0,0,0,0,147,0,0,0,0
zc,TA209,2012-06-05 09:02:58.787,7224.0000,584508,-888,0.0000,1204.0000,158,1046,空平,B,7222.0000,0.0000,0.0000,0.0000,0.0000,7224.0000,0.0000,0.0000,0.0000,0.0000,2,0,0,0,0,28,0,0,0,0
zc,TA209,2012-06-05 09:02:59.287,7224.0000,584510,2,0.0000,84.0000,43,41,多开,B,7222.0000,0.0000,0.0000,0.0000,0.0000,7224.0000,0.0000,0.0000,0.0000,0.0000,5,0,0,0,0,42,0,0,0,0
zc,TA209,2012-06-05 09:03:00.303,7224.0000,584536,26,0.0000,106.0000,66,40,多开,B,7220.0000,0.0000,0.0000,0.0000,0.0000,7224.0000,0.0000,0.0000,0.0000,0.0000,35,0,0,0,0,79,0,0,0,0
zc,TA209,2012-06-05 09:03:00.553,7222.0000,584476,-60,0.0000,94.0000,17,77,多平,S,7222.0000,0.0000,0.0000,0.0000,0.0000,7224.0000,0.0000,0.0000,0.0000,0.0000,42,0,0,0,0,78,0,0,0,0
zc,TA209,2012-06-05 09:03:01.507,7222.0000,584490,14,0.0000,106.0000,60,46,空开,S,7222.0000,0.0000,0.0000,0.0000,0.0000,7224.0000,0.0000,0.0000,0.0000,0.0000,34,0,0,0,0,61,0,0,0,0
zc,TA209,2012-06-05 09:03:02.070,7222.0000,584490,0,0.0000,130.0000,65,65,空换,S,7220.0000,0.0000,0.0000,0.0000,0.0000,7222.0000,0.0000,0.0000,0.0000,0.0000,83,0,0,0,0,22,0,0,0,0
zc,TA209,2012-06-05 09:03:02.787,7222.0000,584508,18,0.0000,48.0000,33,15,空开,S,7220.0000,0.0000,0.0000,0.0000,0.0000,7222.0000,0.0000,0.0000,0.0000,0.0000,80,0,0,0,0,107,0,0,0,0
zc,TA209,2012-06-05 09:03:03.303,7218.0000,584590,82,0.0000,250.0000,166,84,空开,S,7218.0000,0.0000,0.0000,0.0000,0.0000,7220.0000,0.0000,0.0000,0.0000,0.0000,320,0,0,0,0,54,0,0,0,0
zc,TA209,2012-06-05 09:03:04.053,7220.0000,584820,230,0.0000,292.0000,261,31,多开,B,7220.0000,0.0000,0.0000,0.0000,0.0000,7222.0000,0.0000,0.0000,0.0000,0.0000,382,0,0,0,0,102,0,0,0,0
zc,TA209,2012-06-05 09:03:04.523,7220.0000,584940,120,0.0000,150.0000,135,15,多开,B,7220.0000,0.0000,0.0000,0.0000,0.0000,7222.0000,0.0000,0.0000,0.0000,0.0000,428,0,0,0,0,95,0,0,0,0
zc,TA209,2012-06-05 09:03:05.587,7222.0000,584772,-168,0.0000,224.0000,28,196,空平,B,7222.0000,0.0000,0.0000,0.0000,0.0000,7224.0000,0.0000,0.0000,0.0000,0.0000,87,0,0,0,0,50,0,0,0,0
zc,TA209,2012-06-05 09:03:06.007,7222.0000,584744,-28,0.0000,68.0000,20,48,空平,B,7222.0000,0.0000,0.0000,0.0000,0.0000,7224.0000,0.0000,0.0000,0.0000,0.0000,73,0,0,0,0,34,0,0,0,0
zc,TA209,2012-06-05 09:03:06.537,7222.0000,584712,-32,0.0000,116.0000,42,74,空平,B,7222.0000,0.0000,0.0000,0.0000,0.0000,7226.0000,0.0000,0.0000,0.0000,0.0000,55,0,0,0,0,128,0,0,0,0
zc,TA209,2012-06-05 09:03:07.037,7222.0000,584668,-44,0.0000,200.0000,78,122,空平,B,7222.0000,0.0000,0.0000,0.0000,0.0000,7226.0000,0.0000,0.0000,0.0000,0.0000,81,0,0,0,0,143,0,0,0,0
zc,TA209,2012-06-05 09:03:07.803,7224.0000,584734,66,0.0000,84.0000,75,9,多开,B,7222.0000,0.0000,0.0000,0.0000,0.0000,7226.0000,0.0000,0.0000,0.0000,0.0000,142,0,0,0,0,127,0,0,0,0
zc,TA209,2012-06-05 09:03:08.287,7226.0000,584648,-86,0.0000,472.0000,193,279,空平,B,7226.0000,0.0000,0.0000,0.0000,0.0000,7228.0000,0.0000,0.0000,0.0000,0.0000,174,0,0,0,0,3,0,0,0,0
zc,TA209,2012-06-05 09:03:09.053,7226.0000,584638,-10,0.0000,16.0000,3,13,空平,B,7226.0000,0.0000,0.0000,0.0000,0.0000,7228.0000,0.0000,0.0000,0.0000,0.0000,210,0,0,0,0,5,0,0,0,0
zc,TA209,2012-06-05 09:03:09.820,7228.0000,584692,54,0.0000,88.0000,71,17,多开,B,7228.0000,0.0000,0.0000,0.0000,0.0000,7230.0000,0.0000,0.0000,0.0000,0.0000,145,0,0,0,0,137,0,0,0,0
zc,TA209,2012-06-05 09:03:10.570,7230.0000,584724,32,0.0000,300.0000,166,134,多开,B,7230.0000,0.0000,0.0000,0.0000,0.0000,7232.0000,0.0000,0.0000,0.0000,0.0000,105,0,0,0,0,309,0,0,0,0
zc,TA209,2012-06-05 09:03:11.287,7230.0000,584558,-166,0.0000,276.0000,55,221,空平,B,7230.0000,0.0000,0.0000,0.0000,0.0000,7232.0000,0.0000,0.0000,0.0000,0.0000,19,0,0,0,0,301,0,0,0,0
zc,TA209,2012-06-05 09:03:12.070,7232.0000,584584,26,0.0000,262.0000,144,118,多开,B,7230.0000,0.0000,0.0000,0.0000,0.0000,7232.0000,0.0000,0.0000,0.0000,0.0000,45,0,0,0,0,250,0,0,0,0
zc,TA209,2012-06-05 09:03:12.523,7232.0000,584554,-30,0.0000,102.0000,36,66,空平,B,7230.0000,0.0000,0.0000,0.0000,0.0000,7232.0000,0.0000,0.0000,0.0000,0.0000,21,0,0,0,0,241,0,0,0,0
zc,TA209,2012-06-05 09:03:13.287,7232.0000,584578,24,0.0000,246.0000,135,111,多开,B,7230.0000,0.0000,0.0000,0.0000,0.0000,7232.0000,0.0000,0.0000,0.0000,0.0000,7,0,0,0,0,127,0,0,0,0
zc,TA209,2012-06-05 09:03:13.820,7232.0000,584476,-102,0.0000,678.0000,288,390,空平,B,7232.0000,0.0000,0.0000,0.0000,0.0000,7234.0000,0.0000,0.0000,0.0000,0.0000,2,0,0,0,0,62,0,0,0,0
zc,TA209,2012-06-05 09:03:14.553,7232.0000,584452,-24,0.0000,82.0000,29,53,空平,B,7232.0000,0.0000,0.0000,0.0000,0.0000,7234.0000,0.0000,0.0000,0.0000,0.0000,4,0,0,0,0,57,0,0,0,0
zc,TA209,2012-06-05 09:03:15.087,7230.0000,584370,-82,0.0000,112.0000,15,97,多平,S,7228.0000,0.0000,0.0000,0.0000,0.0000,7230.0000,0.0000,0.0000,0.0000,0.0000,139,0,0,0,0,604,0,0,0,0
zc,TA209,2012-06-05 09:03:15.803,7226.0000,584260,-110,0.0000,1562.0000,726,836,多平,S,7224.0000,0.0000,0.0000,0.0000,0.0000,7226.0000,0.0000,0.0000,0.0000,0.0000,155,0,0,0,0,18,0,0,0,0
zc,TA209,2012-06-05 09:03:16.337,7226.0000,584228,-32,0.0000,142.0000,55,87,多平,S,7226.0000,0.0000,0.0000,0.0000,0.0000,7228.0000,0.0000,0.0000,0.0000,0.0000,108,0,0,0,0,306,0,0,0,0
zc,TA209,2012-06-05 09:03:16.820,7230.0000,583712,-516,0.0000,1200.0000,342,858,空平,B,7230.0000,0.0000,0.0000,0.0000,0.0000,7232.0000,0.0000,0.0000,0.0000,0.0000,540,0,0,0,0,39,0,0,0,0
zc,TA209,2012-06-05 09:03:17.523,7230.0000,583702,-10,0.0000,16.0000,3,13,空平,B,7230.0000,0.0000,0.0000,0.0000,0.0000,7232.0000,0.0000,0.0000,0.0000,0.0000,552,0,0,0,0,40,0,0,0,0
zc,TA209,2012-06-05 09:03:18.053,7238.0000,583642,-60,0.0000,716.0000,328,388,空平,B,7232.0000,0.0000,0.0000,0.0000,0.0000,7238.0000,0.0000,0.0000,0.0000,0.0000,216,0,0,0,0,106,0,0,0,0
zc,TA209,2012-06-05 09:03:18.803,7230.0000,583750,108,0.0000,696.0000,402,294,空开,S,7230.0000,0.0000,0.0000,0.0000,0.0000,7236.0000,0.0000,0.0000,0.0000,0.0000,749,0,0,0,0,7,0,0,0,0
zc,TA209,2012-06-05 09:03:19.303,7234.0000,583710,-40,0.0000,118.0000,39,79,空平,B,7234.0000,0.0000,0.0000,0.0000,0.0000,7238.0000,0.0000,0.0000,0.0000,0.0000,8,0,0,0,0,89,0,0,0,0
zc,TA209,2012-06-05 09:03:20.087,7236.0000,583820,110,0.0000,226.0000,168,58,多开,B,7236.0000,0.0000,0.0000,0.0000,0.0000,7238.0000,0.0000,0.0000,0.0000,0.0000,49,0,0,0,0,75,0,0,0,0
zc,TA209,2012-06-05 09:03:20.553,7236.0000,583824,4,0.0000,44.0000,24,20,多开,B,7236.0000,0.0000,0.0000,0.0000,0.0000,7238.0000,0.0000,0.0000,0.0000,0.0000,201,0,0,0,0,222,0,0,0,0
zc,TA209,2012-06-05 09:03:21.320,7236.0000,583792,-32,0.0000,320.0000,144,176,空平,B,7236.0000,0.0000,0.0000,0.0000,0.0000,7238.0000,0.0000,0.0000,0.0000,0.0000,90,0,0,0,0,177,0,0,0,0
zc,TA209,2012-06-05 09:03:21.787,7236.0000,583680,-112,0.0000,124.0000,6,118,空平,B,7236.0000,0.0000,0.0000,0.0000,0.0000,7238.0000,0.0000,0.0000,0.0000,0.0000,102,0,0,0,0,24,0,0,0,0
zc,TA209,2012-06-05 09:03:22.553,7238.0000,583624,-56,0.0000,104.0000,24,80,空平,B,7238.0000,0.0000,0.0000,0.0000,0.0000,7240.0000,0.0000,0.0000,0.0000,0.0000,251,0,0,0,0,351,0,0,0,0
zc,TA209,2012-06-05 09:03:23.037,7238.0000,583526,-98,0.0000,116.0000,9,107,空平,B,7238.0000,0.0000,0.0000,0.0000,0.0000,7240.0000,0.0000,0.0000,0.0000,0.0000,327,0,0,0,0,342,0,0,0,0
zc,TA209,2012-06-05 09:03:23.787,7240.0000,583606,80,0.0000,226.0000,153,73,多开,B,7238.0000,0.0000,0.0000,0.0000,0.0000,7240.0000,0.0000,0.0000,0.0000,0.0000,315,0,0,0,0,239,0,0,0,0
zc,TA209,2012-06-05 09:03:24.350,7244.0000,583716,110,0.0000,844.0000,477,367,多开,B,7240.0000,0.0000,0.0000,0.0000,0.0000,7244.0000,0.0000,0.0000,0.0000,0.0000,164,0,0,0,0,3,0,0,0,0
zc,TA209,2012-06-05 09:03:25.070,7244.0000,583362,-354,0.0000,358.0000,2,356,空平,B,7244.0000,0.0000,0.0000,0.0000,0.0000,7246.0000,0.0000,0.0000,0.0000,0.0000,234,0,0,0,0,916,0,0,0,0
zc,TA209,2012-06-05 09:03:26.367,7242.0000,582844,-518,0.0000,1206.0000,344,862,多平,S,7242.0000,0.0000,0.0000,0.0000,0.0000,7244.0000,0.0000,0.0000,0.0000,0.0000,55,0,0,0,0,34,0,0,0,0
zc,TA209,2012-06-05 09:03:26.820,7244.0000,582732,-112,0.0000,198.0000,43,155,空平,B,7242.0000,0.0000,0.0000,0.0000,0.0000,7244.0000,0.0000,0.0000,0.0000,0.0000,102,0,0,0,0,58,0,0,0,0
zc,TA209,2012-06-05 09:03:27.553,7242.0000,582776,44,0.0000,296.0000,170,126,空开,S,7242.0000,0.0000,0.0000,0.0000,0.0000,7244.0000,0.0000,0.0000,0.0000,0.0000,81,0,0,0,0,38,0,0,0,0
zc,TA209,2012-06-05 09:03:28.070,7244.0000,582684,-92,0.0000,178.0000,43,135,空平,B,7244.0000,0.0000,0.0000,0.0000,0.0000,7246.0000,0.0000,0.0000,0.0000,0.0000,73,0,0,0,0,541,0,0,0,0
zc,TA209,2012-06-05 09:03:28.757,7244.0000,582664,-20,0.0000,38.0000,9,29,空平,B,7244.0000,0.0000,0.0000,0.0000,0.0000,7246.0000,0.0000,0.0000,0.0000,0.0000,95,0,0,0,0,539,0,0,0,0
zc,TA209,2012-06-05 09:03:29.303,7246.0000,582670,6,0.0000,352.0000,179,173,多开,B,7244.0000,0.0000,0.0000,0.0000,0.0000,7246.0000,0.0000,0.0000,0.0000,0.0000,63,0,0,0,0,458,0,0,0,0
zc,TA209,2012-06-05 09:03:29.837,7244.0000,582566,-104,0.0000,304.0000,100,204,多平,S,7244.0000,0.0000,0.0000,0.0000,0.0000,7246.0000,0.0000,0.0000,0.0000,0.0000,45,0,0,0,0,345,0,0,0,0
zc,TA209,2012-06-05 09:03:30.553,7244.0000,582364,-202,0.0000,260.0000,29,231,多平,S,7244.0000,0.0000,0.0000,0.0000,0.0000,7246.0000,0.0000,0.0000,0.0000,0.0000,49,0,0,0,0,236,0,0,0,0
zc,TA209,2012-06-05 09:03:31.070,7244.0000,582074,-290,0.0000,676.0000,193,483,多平,S,7242.0000,0.0000,0.0000,0.0000,0.0000,7244.0000,0.0000,0.0000,0.0000,0.0000,40,0,0,0,0,99,0,0,0,0
zc,TA209,2012-06-05 09:03:31.570,7248.0000,581446,-628,0.0000,694.0000,33,661,空平,B,7246.0000,0.0000,0.0000,0.0000,0.0000,7248.0000,0.0000,0.0000,0.0000,0.0000,166,0,0,0,0,156,0,0,0,0
zc,TA209,2012-06-05 09:03:32.070,7248.0000,581390,-56,0.0000,68.0000,6,62,空平,B,7246.0000,0.0000,0.0000,0.0000,0.0000,7248.0000,0.0000,0.0000,0.0000,0.0000,162,0,0,0,0,158,0,0,0,0
zc,TA209,2012-06-05 09:03:32.837,7248.0000,581532,142,0.0000,486.0000,314,172,多开,B,7248.0000,0.0000,0.0000,0.0000,0.0000,7250.0000,0.0000,0.0000,0.0000,0.0000,130,0,0,0,0,516,0,0,0,0
zc,TA209,2012-06-05 09:03:33.337,7250.0000,581578,46,0.0000,82.0000,64,18,多开,B,7248.0000,0.0000,0.0000,0.0000,0.0000,7250.0000,0.0000,0.0000,0.0000,0.0000,331,0,0,0,0,487,0,0,0,0
zc,TA209,2012-06-05 09:03:34.053,7250.0000,580908,-670,0.0000,1358.0000,344,1014,空平,B,7248.0000,0.0000,0.0000,0.0000,0.0000,7250.0000,0.0000,0.0000,0.0000,0.0000,35,0,0,0,0,379,0,0,0,0
zc,TA209,2012-06-05 09:03:34.787,7248.0000,581000,92,0.0000,482.0000,287,195,空开,S,7248.0000,0.0000,0.0000,0.0000,0.0000,7250.0000,0.0000,0.0000,0.0000,0.0000,167,0,0,0,0,155,0,0,0,0
zc,TA209,2012-06-05 09:03:35.537,7250.0000,580964,-36,0.0000,362.0000,163,199,空平,B,7248.0000,0.0000,0.0000,0.0000,0.0000,7250.0000,0.0000,0.0000,0.0000,0.0000,96,0,0,0,0,48,0,0,0,0
zc,TA209,2012-06-05 09:03:36.367,7248.0000,580884,-80,0.0000,274.0000,97,177,多平,S,7248.0000,0.0000,0.0000,0.0000,0.0000,7250.0000,0.0000,0.0000,0.0000,0.0000,11,0,0,0,0,4,0,0,0,0
zc,TA209,2012-06-05 09:03:37.087,7252.0000,580970,86,0.0000,218.0000,152,66,多开,B,7250.0000,0.0000,0.0000,0.0000,0.0000,7252.0000,0.0000,0.0000,0.0000,0.0000,99,0,0,0,0,52,0,0,0,0
zc,TA209,2012-06-05 09:03:37.587,7248.0000,580814,-156,0.0000,344.0000,94,250,多平,S,7246.0000,0.0000,0.0000,0.0000,0.0000,7248.0000,0.0000,0.0000,0.0000,0.0000,244,0,0,0,0,130,0,0,0,0
zc,TA209,2012-06-05 09:03:38.303,7246.0000,580748,-66,0.0000,284.0000,109,175,多平,S,7246.0000,0.0000,0.0000,0.0000,0.0000,7248.0000,0.0000,0.0000,0.0000,0.0000,250,0,0,0,0,173,0,0,0,0
zc,TA209,2012-06-05 09:03:38.820,7250.0000,580948,200,0.0000,588.0000,394,194,多开,B,7248.0000,0.0000,0.0000,0.0000,0.0000,7250.0000,0.0000,0.0000,0.0000,0.0000,2,0,0,0,0,30,0,0,0,0
zc,TA209,2012-06-05 09:03:39.537,7250.0000,580898,-50,0.0000,112.0000,31,81,空平,B,7248.0000,0.0000,0.0000,0.0000,0.0000,7250.0000,0.0000,0.0000,0.0000,0.0000,14,0,0,0,0,564,0,0,0,0
zc,TA209,2012-06-05 09:03:40.070,7246.0000,581044,146,0.0000,292.0000,219,73,空开,S,7246.0000,0.0000,0.0000,0.0000,0.0000,7248.0000,0.0000,0.0000,0.0000,0.0000,212,0,0,0,0,89,0,0,0,0
zc,TA209,2012-06-05 09:03:40.773,7248.0000,580854,-190,0.0000,448.0000,129,319,空平,B,7246.0000,0.0000,0.0000,0.0000,0.0000,7248.0000,0.0000,0.0000,0.0000,0.0000,104,0,0,0,0,221,0,0,0,0
zc,TA209,2012-06-05 09:03:41.287,7246.0000,580908,54,0.0000,382.0000,218,164,空开,S,7244.0000,0.0000,0.0000,0.0000,0.0000,7246.0000,0.0000,0.0000,0.0000,0.0000,94,0,0,0,0,91,0,0,0,0
zc,TA209,2012-06-05 09:03:42.037,7246.0000,580872,-36,0.0000,198.0000,81,117,多平,S,7244.0000,0.0000,0.0000,0.0000,0.0000,7246.0000,0.0000,0.0000,0.0000,0.0000,27,0,0,0,0,145,0,0,0,0
zc,TA209,2012-06-05 09:03:42.537,7246.0000,580704,-168,0.0000,258.0000,45,213,多平,S,7244.0000,0.0000,0.0000,0.0000,0.0000,7246.0000,0.0000,0.0000,0.0000,0.0000,15,0,0,0,0,70,0,0,0,0
zc,TA209,2012-06-05 09:03:43.303,7244.0000,580692,-12,0.0000,226.0000,107,119,多平,S,7242.0000,0.0000,0.0000,0.0000,0.0000,7244.0000,0.0000,0.0000,0.0000,0.0000,10,0,0,0,0,322,0,0,0,0
zc,TA209,2012-06-05 09:03:44.087,7244.0000,581460,768,0.0000,1256.0000,1012,244,空开,S,7240.0000,0.0000,0.0000,0.0000,0.0000,7244.0000,0.0000,0.0000,0.0000,0.0000,245,0,0,0,0,43,0,0,0,0
zc,TA209,2012-06-05 09:03:44.523,7240.0000,581530,70,0.0000,116.0000,93,23,空开,S,7240.0000,0.0000,0.0000,0.0000,0.0000,7244.0000,0.0000,0.0000,0.0000,0.0000,226,0,0,0,0,10,0,0,0,0
zc,TA209,2012-06-05 09:03:45.070,7246.0000,581512,-18,0.0000,92.0000,37,55,空平,B,7244.0000,0.0000,0.0000,0.0000,0.0000,7246.0000,0.0000,0.0000,0.0000,0.0000,6,0,0,0,0,75,0,0,0,0
zc,TA209,2012-06-05 09:03:45.787,7244.0000,581530,18,0.0000,42.0000,30,12,空开,S,7242.0000,0.0000,0.0000,0.0000,0.0000,7244.0000,0.0000,0.0000,0.0000,0.0000,26,0,0,0,0,524,0,0,0,0
zc,TA209,2012-06-05 09:03:46.523,7242.0000,581580,50,0.0000,124.0000,87,37,空开,S,7242.0000,0.0000,0.0000,0.0000,0.0000,7244.0000,0.0000,0.0000,0.0000,0.0000,19,0,0,0,0,495,0,0,0,0
zc,TA209,2012-06-05 09:03:47.053,7242.0000,581502,-78,0.0000,96.0000,9,87,多平,S,7240.0000,0.0000,0.0000,0.0000,0.0000,7242.0000,0.0000,0.0000,0.0000,0.0000,213,0,0,0,0,9,0,0,0,0
zc,TA209,2012-06-05 09:03:47.820,7244.0000,581760,258,0.0000,334.0000,296,38,多开,B,7242.0000,0.0000,0.0000,0.0000,0.0000,7244.0000,0.0000,0.0000,0.0000,0.0000,1,0,0,0,0,351,0,0,0,0
zc,TA209,2012-06-05 09:03:48.257,7244.0000,581766,6,0.0000,62.0000,34,28,多开,B,7242.0000,0.0000,0.0000,0.0000,0.0000,7244.0000,0.0000,0.0000,0.0000,0.0000,26,0,0,0,0,335,0,0,0,0
zc,TA209,2012-06-05 09:03:49.007,7244.0000,581774,8,0.0000,36.0000,22,14,多开,B,7242.0000,0.0000,0.0000,0.0000,0.0000,7244.0000,0.0000,0.0000,0.0000,0.0000,39,0,0,0,0,283,0,0,0,0
zc,TA209,2012-06-05 09:03:49.787,7244.0000,581836,62,0.0000,484.0000,273,211,多开,B,7242.0000,0.0000,0.0000,0.0000,0.0000,7244.0000,0.0000,0.0000,0.0000,0.0000,99,0,0,0,0,115,0,0,0,0
zc,TA209,2012-06-05 09:03:50.337,7246.0000,581922,86,0.0000,562.0000,324,238,多开,B,7244.0000,0.0000,0.0000,0.0000,0.0000,7246.0000,0.0000,0.0000,0.0000,0.0000,227,0,0,0,0,18,0,0,0,0
zc,TA209,2012-06-05 09:03:51.023,7248.0000,581852,-70,0.0000,382.0000,156,226,空平,B,7246.0000,0.0000,0.0000,0.0000,0.0000,7248.0000,0.0000,0.0000,0.0000,0.0000,4,0,0,0,0,53,0,0,0,0
zc,TA209,2012-06-05 09:03:51.803,7246.0000,581860,8,0.0000,170.0000,89,81,空开,S,7246.0000,0.0000,0.0000,0.0000,0.0000,7248.0000,0.0000,0.0000,0.0000,0.0000,99,0,0,0,0,46,0,0,0,0
zc,TA209,2012-06-05 09:03:52.273,7248.0000,581870,10,0.0000,98.0000,54,44,多开,B,7246.0000,0.0000,0.0000,0.0000,0.0000,7248.0000,0.0000,0.0000,0.0000,0.0000,90,0,0,0,0,21,0,0,0,0
zc,TA209,2012-06-05 09:03:53.023,7248.0000,581924,54,0.0000,126.0000,90,36,多开,B,7246.0000,0.0000,0.0000,0.0000,0.0000,7248.0000,0.0000,0.0000,0.0000,0.0000,65,0,0,0,0,54,0,0,0,0
zc,TA209,2012-06-05 09:03:53.553,7248.0000,581902,-22,0.0000,122.0000,50,72,空平,B,7248.0000,0.0000,0.0000,0.0000,0.0000,7250.0000,0.0000,0.0000,0.0000,0.0000,62,0,0,0,0,668,0,0,0,0
zc,TA209,2012-06-05 09:03:54.320,7246.0000,581900,-2,0.0000,468.0000,233,235,多平,S,7246.0000,0.0000,0.0000,0.0000,0.0000,7248.0000,0.0000,0.0000,0.0000,0.0000,62,0,0,0,0,1,0,0,0,0
zc,TA209,2012-06-05 09:03:54.820,7248.0000,582064,164,0.0000,262.0000,213,49,多开,B,7246.0000,0.0000,0.0000,0.0000,0.0000,7248.0000,0.0000,0.0000,0.0000,0.0000,57,0,0,0,0,87,0,0,0,0
zc,TA209,2012-06-05 09:03:55.570,7244.0000,582208,144,0.0000,230.0000,187,43,空开,S,7244.0000,0.0000,0.0000,0.0000,0.0000,7248.0000,0.0000,0.0000,0.0000,0.0000,457,0,0,0,0,101,0,0,0,0
zc,TA209,2012-06-05 09:03:56.037,7244.0000,582196,-12,0.0000,54.0000,21,33,多平,S,7244.0000,0.0000,0.0000,0.0000,0.0000,7246.0000,0.0000,0.0000,0.0000,0.0000,450,0,0,0,0,1,0,0,0,0
zc,TA209,2012-06-05 09:03:56.803,7248.0000,582166,-30,0.0000,212.0000,91,121,空平,B,7246.0000,0.0000,0.0000,0.0000,0.0000,7248.0000,0.0000,0.0000,0.0000,0.0000,16,0,0,0,0,55,0,0,0,0
zc,TA209,2012-06-05 09:03:57.320,7248.0000,582180,14,0.0000,112.0000,63,49,多开,B,7246.0000,0.0000,0.0000,0.0000,0.0000,7248.0000,0.0000,0.0000,0.0000,0.0000,100,0,0,0,0,14,0,0,0,0
zc,TA209,2012-06-05 09:03:58.037,7248.0000,582094,-86,0.0000,154.0000,34,120,空平,B,7248.0000,0.0000,0.0000,0.0000,0.0000,7250.0000,0.0000,0.0000,0.0000,0.0000,143,0,0,0,0,547,0,0,0,0
zc,TA209,2012-06-05 09:03:58.523,7248.0000,582176,82,0.0000,108.0000,95,13,多开,B,7248.0000,0.0000,0.0000,0.0000,0.0000,7250.0000,0.0000,0.0000,0.0000,0.0000,136,0,0,0,0,518,0,0,0,0
zc,TA209,2012-06-05 09:03:59.287,7250.0000,582718,542,0.0000,644.0000,593,51,多开,B,7248.0000,0.0000,0.0000,0.0000,0.0000,7250.0000,0.0000,0.0000,0.0000,0.0000,129,0,0,0,0,217,0,0,0,0
zc,TA209,2012-06-05 09:04:00.600,7254.0000,583218,500,0.0000,1936.0000,1218,718,多开,B,7254.0000,0.0000,0.0000,0.0000,0.0000,7256.0000,0.0000,0.0000,0.0000,0.0000,32,0,0,0,0,76,0,0,0,0
zc,TA209,2012-06-05 09:04:00.787,7256.0000,583186,-32,0.0000,52.0000,10,42,空平,B,7254.0000,0.0000,0.0000,0.0000,0.0000,7256.0000,0.0000,0.0000,0.0000,0.0000,22,0,0,0,0,70,0,0,0,0
zc,TA209,2012-06-05 09:04:01.570,7256.0000,582986,-200,0.0000,408.0000,104,304,空平,B,7256.0000,0.0000,0.0000,0.0000,0.0000,7258.0000,0.0000,0.0000,0.0000,0.0000,29,0,0,0,0,124,0,0,0,0
zc,TA209,2012-06-05 09:04:02.320,7256.0000,582978,-8,0.0000,128.0000,60,68,空平,B,7256.0000,0.0000,0.0000,0.0000,0.0000,7258.0000,0.0000,0.0000,0.0000,0.0000,79,0,0,0,0,84,0,0,0,0
zc,TA209,2012-06-05 09:04:02.803,7260.0000,582966,-12,0.0000,270.0000,129,141,空平,B,7258.0000,0.0000,0.0000,0.0000,0.0000,7260.0000,0.0000,0.0000,0.0000,0.0000,44,0,0,0,0,147,0,0,0,0
zc,TA209,2012-06-05 09:04:03.553,7258.0000,582792,-174,0.0000,282.0000,54,228,多平,S,7258.0000,0.0000,0.0000,0.0000,0.0000,7260.0000,0.0000,0.0000,0.0000,0.0000,37,0,0,0,0,26,0,0,0,0
zc,TA209,2012-06-05 09:04:04.007,7262.0000,582756,-36,0.0000,216.0000,90,126,空平,B,7260.0000,0.0000,0.0000,0.0000,0.0000,7262.0000,0.0000,0.0000,0.0000,0.0000,49,0,0,0,0,350,0,0,0,0
zc,TA209,2012-06-05 09:04:04.820,7258.0000,582550,-206,0.0000,498.0000,146,352,多平,S,7258.0000,0.0000,0.0000,0.0000,0.0000,7260.0000,0.0000,0.0000,0.0000,0.0000,6,0,0,0,0,35,0,0,0,0
zc,TA209,2012-06-05 09:04:05.570,7258.0000,582258,-292,0.0000,414.0000,61,353,多平,S,7256.0000,0.0000,0.0000,0.0000,0.0000,7258.0000,0.0000,0.0000,0.0000,0.0000,138,0,0,0,0,177,0,0,0,0
zc,TA209,2012-06-05 09:04:06.037,7258.0000,582250,-8,0.0000,308.0000,150,158,多平,S,7256.0000,0.0000,0.0000,0.0000,0.0000,7258.0000,0.0000,0.0000,0.0000,0.0000,131,0,0,0,0,121,0,0,0,0
zc,TA209,2012-06-05 09:04:07.070,7256.0000,582568,318,0.0000,614.0000,466,148,空开,S,7254.0000,0.0000,0.0000,0.0000,0.0000,7256.0000,0.0000,0.0000,0.0000,0.0000,170,0,0,0,0,219,0,0,0,0
zc,TA209,2012-06-05 09:04:07.587,7256.0000,582674,106,0.0000,622.0000,364,258,空开,S,7254.0000,0.0000,0.0000,0.0000,0.0000,7258.0000,0.0000,0.0000,0.0000,0.0000,158,0,0,0,0,382,0,0,0,0
zc,TA209,2012-06-05 09:04:08.367,7256.0000,582686,12,0.0000,250.0000,131,119,空开,S,7254.0000,0.0000,0.0000,0.0000,0.0000,7256.0000,0.0000,0.0000,0.0000,0.0000,83,0,0,0,0,134,0,0,0,0
zc,TA209,2012-06-05 09:04:08.757,7254.0000,582664,-22,0.0000,164.0000,71,93,多平,S,7254.0000,0.0000,0.0000,0.0000,0.0000,7256.0000,0.0000,0.0000,0.0000,0.0000,25,0,0,0,0,159,0,0,0,0
zc,TA209,2012-06-05 09:04:09.537,7254.0000,582632,-32,0.0000,266.0000,117,149,多平,S,7254.0000,0.0000,0.0000,0.0000,0.0000,7256.0000,0.0000,0.0000,0.0000,0.0000,30,0,0,0,0,181,0,0,0,0
zc,TA209,2012-06-05 09:04:10.037,7256.0000,582674,42,0.0000,138.0000,90,48,多开,B,7254.0000,0.0000,0.0000,0.0000,0.0000,7256.0000,0.0000,0.0000,0.0000,0.0000,15,0,0,0,0,165,0,0,0,0
zc,TA209,2012-06-05 09:04:10.820,7254.0000,582520,-154,0.0000,342.0000,94,248,多平,S,7252.0000,0.0000,0.0000,0.0000,0.0000,7254.0000,0.0000,0.0000,0.0000,0.0000,2,0,0,0,0,56,0,0,0,0
zc,TA209,2012-06-05 09:04:11.320,7256.0000,582406,-114,0.0000,374.0000,130,244,空平,B,7250.0000,0.0000,0.0000,0.0000,0.0000,7256.0000,0.0000,0.0000,0.0000,0.0000,631,0,0,0,0,75,0,0,0,0
zc,TA209,2012-06-05 09:04:12.053,7256.0000,582064,-342,0.0000,410.0000,34,376,空平,B,7250.0000,0.0000,0.0000,0.0000,0.0000,7256.0000,0.0000,0.0000,0.0000,0.0000,632,0,0,0,0,24,0,0,0,0
zc,TA209,2012-06-05 09:04:12.803,7256.0000,582126,62,0.0000,604.0000,333,271,多开,B,7256.0000,0.0000,0.0000,0.0000,0.0000,7258.0000,0.0000,0.0000,0.0000,0.0000,56,0,0,0,0,181,0,0,0,0
zc,TA209,2012-06-05 09:04:13.320,7252.0000,582378,252,0.0000,282.0000,267,15,空开,S,7250.0000,0.0000,0.0000,0.0000,0.0000,7252.0000,0.0000,0.0000,0.0000,0.0000,428,0,0,0,0,3,0,0,0,0
zc,TA209,2012-06-05 09:04:14.053,7254.0000,582314,-64,0.0000,242.0000,89,153,空平,B,7250.0000,0.0000,0.0000,0.0000,0.0000,7252.0000,0.0000,0.0000,0.0000,0.0000,381,0,0,0,0,200,0,0,0,0
zc,TA209,2012-06-05 09:04:14.570,7252.0000,582324,10,0.0000,110.0000,60,50,空开,S,7250.0000,0.0000,0.0000,0.0000,0.0000,7252.0000,0.0000,0.0000,0.0000,0.0000,335,0,0,0,0,152,0,0,0,0
zc,TA209,2012-06-05 09:04:15.053,7252.0000,582320,-4,0.0000,152.0000,74,78,多平,S,7250.0000,0.0000,0.0000,0.0000,0.0000,7252.0000,0.0000,0.0000,0.0000,0.0000,285,0,0,0,0,319,0,0,0,0
zc,TA209,2012-06-05 09:04:15.570,7252.0000,582312,-8,0.0000,370.0000,181,189,多平,S,7250.0000,0.0000,0.0000,0.0000,0.0000,7252.0000,0.0000,0.0000,0.0000,0.0000,134,0,0,0,0,285,0,0,0,0
zc,TA209,2012-06-05 09:04:16.287,7250.0000,582106,-206,0.0000,1058.0000,426,632,多平,S,7242.0000,0.0000,0.0000,0.0000,0.0000,7250.0000,0.0000,0.0000,0.0000,0.0000,195,0,0,0,0,57,0,0,0,0
zc,TA209,2012-06-05 09:04:16.773,7250.0000,582144,38,0.0000,82.0000,60,22,空开,S,7242.0000,0.0000,0.0000,0.0000,0.0000,7250.0000,0.0000,0.0000,0.0000,0.0000,264,0,0,0,0,143,0,0,0,0
zc,TA209,2012-06-05 09:04:17.553,7248.0000,582188,44,0.0000,124.0000,84,40,空开,S,7244.0000,0.0000,0.0000,0.0000,0.0000,7248.0000,0.0000,0.0000,0.0000,0.0000,121,0,0,0,0,50,0,0,0,0
zc,TA209,2012-06-05 09:04:18.087,7244.0000,582190,2,0.0000,264.0000,133,131,空开,S,7242.0000,0.0000,0.0000,0.0000,0.0000,7244.0000,0.0000,0.0000,0.0000,0.0000,260,0,0,0,0,82,0,0,0,0
zc,TA209,2012-06-05 09:04:18.787,7244.0000,582436,246,0.0000,268.0000,257,11,空开,S,7242.0000,0.0000,0.0000,0.0000,0.0000,7246.0000,0.0000,0.0000,0.0000,0.0000,353,0,0,0,0,5,0,0,0,0
zc,TA209,2012-06-05 09:04:19.273,7248.0000,582418,-18,0.0000,24.0000,3,21,空平,B,7246.0000,0.0000,0.0000,0.0000,0.0000,7248.0000,0.0000,0.0000,0.0000,0.0000,75,0,0,0,0,20,0,0,0,0
zc,TA209,2012-06-05 09:04:20.087,7246.0000,582400,-18,0.0000,28.0000,5,23,多平,S,7246.0000,0.0000,0.0000,0.0000,0.0000,7248.0000,0.0000,0.0000,0.0000,0.0000,62,0,0,0,0,49,0,0,0,0
zc,TA209,2012-06-05 09:04:20.523,7246.0000,582388,-12,0.0000,126.0000,57,69,多平,S,7246.0000,0.0000,0.0000,0.0000,0.0000,7248.0000,0.0000,0.0000,0.0000,0.0000,3,0,0,0,0,47,0,0,0,0
zc,TA209,2012-06-05 09:04:21.337,7246.0000,582386,-2,0.0000,26.0000,12,14,多平,S,7246.0000,0.0000,0.0000,0.0000,0.0000,7248.0000,0.0000,0.0000,0.0000,0.0000,6,0,0,0,0,36,0,0,0,0
zc,TA209,2012-06-05 09:04:22.087,7246.0000,582380,-6,0.0000,142.0000,68,74,多平,S,7244.0000,0.0000,0.0000,0.0000,0.0000,7246.0000,0.0000,0.0000,0.0000,0.0000,135,0,0,0,0,14,0,0,0,0
zc,TA209,2012-06-05 09:04:22.273,7246.0000,582380,0,0.0000,18.0000,9,9,空换,S,7244.0000,0.0000,0.0000,0.0000,0.0000,7246.0000,0.0000,0.0000,0.0000,0.0000,137,0,0,0,0,15,0,0,0,0
zc,TA209,2012-06-05 09:04:23.053,7246.0000,582348,-32,0.0000,36.0000,2,34,多平,S,7244.0000,0.0000,0.0000,0.0000,0.0000,7246.0000,0.0000,0.0000,0.0000,0.0000,238,0,0,0,0,7,0,0,0,0
zc,TA209,2012-06-05 09:04:23.523,7248.0000,582340,-8,0.0000,158.0000,75,83,空平,B,7246.0000,0.0000,0.0000,0.0000,0.0000,7248.0000,0.0000,0.0000,0.0000,0.0000,1,0,0,0,0,60,0,0,0,0
zc,TA209,2012-06-05 09:04:24.303,7246.0000,582344,4,0.0000,20.0000,12,8,空开,S,7246.0000,0.0000,0.0000,0.0000,0.0000,7248.0000,0.0000,0.0000,0.0000,0.0000,2,0,0,0,0,76,0,0,0,0
zc,TA209,2012-06-05 09:04:24.773,7244.0000,582410,66,0.0000,234.0000,150,84,空开,S,7244.0000,0.0000,0.0000,0.0000,0.0000,7246.0000,0.0000,0.0000,0.0000,0.0000,114,0,0,0,0,25,0,0,0,0
zc,TA209,2012-06-05 09:04:26.087,7244.0000,582352,-58,0.0000,174.0000,58,116,多平,S,7244.0000,0.0000,0.0000,0.0000,0.0000,7248.0000,0.0000,0.0000,0.0000,0.0000,68,0,0,0,0,92,0,0,0,0
zc,TA209,2012-06-05 09:04:26.537,7244.0000,582346,-6,0.0000,18.0000,6,12,多平,S,7244.0000,0.0000,0.0000,0.0000,0.0000,7246.0000,0.0000,0.0000,0.0000,0.0000,95,0,0,0,0,21,0,0,0,0
zc,TA209,2012-06-05 09:04:27.037,7250.0000,582196,-150,0.0000,232.0000,41,191,空平,B,7248.0000,0.0000,0.0000,0.0000,0.0000,7250.0000,0.0000,0.0000,0.0000,0.0000,85,0,0,0,0,347,0,0,0,0
zc,TA209,2012-06-05 09:04:27.773,7244.0000,582486,290,0.0000,826.0000,558,268,空开,S,7244.0000,0.0000,0.0000,0.0000,0.0000,7248.0000,0.0000,0.0000,0.0000,0.0000,16,0,0,0,0,154,0,0,0,0
zc,TA209,2012-06-05 09:04:28.523,7248.0000,582482,-4,0.0000,8.0000,2,6,空平,B,7244.0000,0.0000,0.0000,0.0000,0.0000,7248.0000,0.0000,0.0000,0.0000,0.0000,18,0,0,0,0,222,0,0,0,0
zc,TA209,2012-06-05 09:04:29.023,7248.0000,582482,0,0.0000,10.0000,5,5,多换,B,7246.0000,0.0000,0.0000,0.0000,0.0000,7248.0000,0.0000,0.0000,0.0000,0.0000,119,0,0,0,0,225,0,0,0,0
zc,TA209,2012-06-05 09:04:29.507,7248.0000,582498,16,0.0000,22.0000,19,3,多开,B,7246.0000,0.0000,0.0000,0.0000,0.0000,7248.0000,0.0000,0.0000,0.0000,0.0000,101,0,0,0,0,168,0,0,0,0
zc,TA209,2012-06-05 09:04:30.037,7248.0000,582340,-158,0.0000,356.0000,99,257,空平,B,7248.0000,0.0000,0.0000,0.0000,0.0000,7250.0000,0.0000,0.0000,0.0000,0.0000,28,0,0,0,0,338,0,0,0,0
zc,TA209,2012-06-05 09:04:30.773,7248.0000,582326,-14,0.0000,66.0000,26,40,空平,B,7248.0000,0.0000,0.0000,0.0000,0.0000,7250.0000,0.0000,0.0000,0.0000,0.0000,121,0,0,0,0,337,0,0,0,0
zc,TA209,2012-06-05 09:04:31.287,7248.0000,582324,-2,0.0000,30.0000,14,16,空平,B,7248.0000,0.0000,0.0000,0.0000,0.0000,7250.0000,0.0000,0.0000,0.0000,0.0000,150,0,0,0,0,329,0,0,0,0
zc,TA209,2012-06-05 09:04:31.787,7248.0000,582320,-4,0.0000,28.0000,12,16,空平,B,7248.0000,0.0000,0.0000,0.0000,0.0000,7250.0000,0.0000,0.0000,0.0000,0.0000,146,0,0,0,0,326,0,0,0,0
zc,TA209,2012-06-05 09:04:32.287,7248.0000,582306,-14,0.0000,50.0000,18,32,空平,B,7248.0000,0.0000,0.0000,0.0000,0.0000,7250.0000,0.0000,0.0000,0.0000,0.0000,336,0,0,0,0,331,0,0,0,0
zc,TA209,2012-06-05 09:04:33.023,7250.0000,582494,188,0.0000,1016.0000,602,414,多开,B,7248.0000,0.0000,0.0000,0.0000,0.0000,7250.0000,0.0000,0.0000,0.0000,0.0000,10,0,0,0,0,353,0,0,0,0
zc,TA209,2012-06-05 09:04:33.787,7246.0000,582484,-10,0.0000,60.0000,25,35,多平,S,7244.0000,0.0000,0.0000,0.0000,0.0000,7246.0000,0.0000,0.0000,0.0000,0.0000,34,0,0,0,0,181,0,0,0,0
zc,TA209,2012-06-05 09:04:34.273,7246.0000,582484,0,0.0000,8.0000,4,4,空换,S,7244.0000,0.0000,0.0000,0.0000,0.0000,7246.0000,0.0000,0.0000,0.0000,0.0000,40,0,0,0,0,177,0,0,0,0
zc,TA209,2012-06-05 09:04:35.023,7244.0000,582452,-32,0.0000,130.0000,49,81,多平,S,7244.0000,0.0000,0.0000,0.0000,0.0000,7246.0000,0.0000,0.0000,0.0000,0.0000,3,0,0,0,0,155,0,0,0,0
zc,TA209,2012-06-05 09:04:35.537,7246.0000,582002,-450,0.0000,782.0000,166,616,空平,B,7246.0000,0.0000,0.0000,0.0000,0.0000,7248.0000,0.0000,0.0000,0.0000,0.0000,14,0,0,0,0,169,0,0,0,0
zc,TA209,2012-06-05 09:04:36.287,7240.0000,582250,248,0.0000,638.0000,443,195,空开,S,7240.0000,0.0000,0.0000,0.0000,0.0000,7248.0000,0.0000,0.0000,0.0000,0.0000,152,0,0,0,0,169,0,0,0,0
zc,TA209,2012-06-05 09:04:36.787,7248.0000,582248,-2,0.0000,42.0000,20,22,空平,B,7246.0000,0.0000,0.0000,0.0000,0.0000,7248.0000,0.0000,0.0000,0.0000,0.0000,17,0,0,0,0,152,0,0,0,0
zc,TA209,2012-06-05 09:04:37.257,7240.0000,582520,272,0.0000,344.0000,308,36,空开,S,7238.0000,0.0000,0.0000,0.0000,0.0000,7240.0000,0.0000,0.0000,0.0000,0.0000,600,0,0,0,0,149,0,0,0,0
zc,TA209,2012-06-05 09:04:37.787,7240.0000,582704,184,0.0000,186.0000,185,1,空开,S,7238.0000,0.0000,0.0000,0.0000,0.0000,7240.0000,0.0000,0.0000,0.0000,0.0000,600,0,0,0,0,58,0,0,0,0
zc,TA209,2012-06-05 09:04:38.553,7240.0000,582682,-22,0.0000,142.0000,60,82,多平,S,7240.0000,0.0000,0.0000,0.0000,0.0000,7244.0000,0.0000,0.0000,0.0000,0.0000,186,0,0,0,0,50,0,0,0,0
zc,TA209,2012-06-05 09:04:39.037,7244.0000,582692,10,0.0000,78.0000,44,34,多开,B,7240.0000,0.0000,0.0000,0.0000,0.0000,7244.0000,0.0000,0.0000,0.0000,0.0000,312,0,0,0,0,98,0,0,0,0
zc,TA209,2012-06-05 09:04:39.820,7244.0000,582698,6,0.0000,18.0000,12,6,多开,B,7242.0000,0.0000,0.0000,0.0000,0.0000,7244.0000,0.0000,0.0000,0.0000,0.0000,33,0,0,0,0,89,0,0,0,0
zc,TA209,2012-06-05 09:04:40.287,7244.0000,582710,12,0.0000,18.0000,15,3,多开,B,7242.0000,0.0000,0.0000,0.0000,0.0000,7244.0000,0.0000,0.0000,0.0000,0.0000,20,0,0,0,0,83,0,0,0,0
zc,TA209,2012-06-05 09:04:40.757,7242.0000,582738,28,0.0000,50.0000,39,11,空开,S,7240.0000,0.0000,0.0000,0.0000,0.0000,7242.0000,0.0000,0.0000,0.0000,0.0000,338,0,0,0,0,294,0,0,0,0
zc,TA209,2012-06-05 09:04:41.523,7242.0000,582754,16,0.0000,50.0000,33,17,空开,S,7240.0000,0.0000,0.0000,0.0000,0.0000,7242.0000,0.0000,0.0000,0.0000,0.0000,282,0,0,0,0,291,0,0,0,0
zc,TA209,2012-06-05 09:04:41.820,7242.0000,582636,-118,0.0000,162.0000,22,140,多平,S,7240.0000,0.0000,0.0000,0.0000,0.0000,7242.0000,0.0000,0.0000,0.0000,0.0000,170,0,0,0,0,275,0,0,0,0
zc,TA209,2012-06-05 09:04:42.570,7242.0000,582760,124,0.0000,348.0000,236,112,空开,S,7240.0000,0.0000,0.0000,0.0000,0.0000,7242.0000,0.0000,0.0000,0.0000,0.0000,11,0,0,0,0,269,0,0,0,0
zc,TA209,2012-06-05 09:04:43.070,7240.0000,582768,8,0.0000,34.0000,21,13,空开,S,7238.0000,0.0000,0.0000,0.0000,0.0000,7240.0000,0.0000,0.0000,0.0000,0.0000,578,0,0,0,0,61,0,0,0,0
zc,TA209,2012-06-05 09:04:43.787,7240.0000,582840,72,0.0000,294.0000,183,111,空开,S,7238.0000,0.0000,0.0000,0.0000,0.0000,7240.0000,0.0000,0.0000,0.0000,0.0000,577,0,0,0,0,23,0,0,0,0
zc,TA209,2012-06-05 09:04:44.257,7240.0000,582894,54,0.0000,64.0000,59,5,空开,S,7240.0000,0.0000,0.0000,0.0000,0.0000,7242.0000,0.0000,0.0000,0.0000,0.0000,25,0,0,0,0,290,0,0,0,0
zc,TA209,2012-06-05 09:04:44.740,7240.0000,583118,224,0.0000,236.0000,230,6,空开,S,7240.0000,0.0000,0.0000,0.0000,0.0000,7242.0000,0.0000,0.0000,0.0000,0.0000,26,0,0,0,0,287,0,0,0,0
zc,TA209,2012-06-05 09:04:45.507,7240.0000,583060,-58,0.0000,170.0000,56,114,多平,S,7240.0000,0.0000,0.0000,0.0000,0.0000,7242.0000,0.0000,0.0000,0.0000,0.0000,36,0,0,0,0,238,0,0,0,0
zc,TA209,2012-06-05 09:04:46.053,7240.0000,583068,8,0.0000,80.0000,44,36,空开,S,7238.0000,0.0000,0.0000,0.0000,0.0000,7240.0000,0.0000,0.0000,0.0000,0.0000,571,0,0,0,0,394,0,0,0,0
zc,TA209,2012-06-05 09:04:46.787,7240.0000,583162,94,0.0000,94.0000,94,0,双开,S,7238.0000,0.0000,0.0000,0.0000,0.0000,7240.0000,0.0000,0.0000,0.0000,0.0000,572,0,0,0,0,361,0,0,0,0
zc,TA209,2012-06-05 09:04:47.287,7238.0000,583220,58,0.0000,664.0000,361,303,空开,S,7238.0000,0.0000,0.0000,0.0000,0.0000,7240.0000,0.0000,0.0000,0.0000,0.0000,253,0,0,0,0,351,0,0,0,0
zc,TA209,2012-06-05 09:04:48.037,7238.0000,583200,-20,0.0000,224.0000,102,122,多平,S,7238.0000,0.0000,0.0000,0.0000,0.0000,7240.0000,0.0000,0.0000,0.0000,0.0000,159,0,0,0,0,341,0,0,0,0
zc,TA209,2012-06-05 09:04:48.337,7238.0000,582986,-214,0.0000,534.0000,160,374,多平,S,7236.0000,0.0000,0.0000,0.0000,0.0000,7238.0000,0.0000,0.0000,0.0000,0.0000,63,0,0,0,0,12,0,0,0,0
zc,TA209,2012-06-05 09:04:49.070,7236.0000,582996,10,0.0000,120.0000,65,55,空开,S,7236.0000,0.0000,0.0000,0.0000,0.0000,7238.0000,0.0000,0.0000,0.0000,0.0000,7,0,0,0,0,27,0,0,0,0
zc,TA209,2012-06-05 09:04:49.820,7236.0000,583014,18,0.0000,26.0000,22,4,空开,S,7236.0000,0.0000,0.0000,0.0000,0.0000,7238.0000,0.0000,0.0000,0.0000,0.0000,44,0,0,0,0,89,0,0,0,0
zc,TA209,2012-06-05 09:04:50.507,7238.0000,583014,0,0.0000,4.0000,2,2,多换,B,7236.0000,0.0000,0.0000,0.0000,0.0000,7238.0000,0.0000,0.0000,0.0000,0.0000,44,0,0,0,0,90,0,0,0,0
zc,TA209,2012-06-05 09:04:51.007,7236.0000,583168,154,0.0000,204.0000,179,25,空开,S,7236.0000,0.0000,0.0000,0.0000,0.0000,7238.0000,0.0000,0.0000,0.0000,0.0000,43,0,0,0,0,40,0,0,0,0
zc,TA209,2012-06-05 09:04:51.757,7238.0000,583162,-6,0.0000,18.0000,6,12,空平,B,7236.0000,0.0000,0.0000,0.0000,0.0000,7238.0000,0.0000,0.0000,0.0000,0.0000,37,0,0,0,0,57,0,0,0,0
zc,TA209,2012-06-05 09:04:52.023,7238.0000,583144,-18,0.0000,22.0000,2,20,空平,B,7236.0000,0.0000,0.0000,0.0000,0.0000,7238.0000,0.0000,0.0000,0.0000,0.0000,39,0,0,0,0,59,0,0,0,0
zc,TA209,2012-06-05 09:04:52.787,7238.0000,583072,-72,0.0000,136.0000,32,104,空平,B,7236.0000,0.0000,0.0000,0.0000,0.0000,7238.0000,0.0000,0.0000,0.0000,0.0000,73,0,0,0,0,50,0,0,0,0
zc,TA209,2012-06-05 09:04:53.240,7236.0000,583060,-12,0.0000,170.0000,79,91,多平,S,7236.0000,0.0000,0.0000,0.0000,0.0000,7238.0000,0.0000,0.0000,0.0000,0.0000,1,0,0,0,0,79,0,0,0,0
zc,TA209,2012-06-05 09:04:54.023,7236.0000,582966,-94,0.0000,164.0000,35,129,多平,S,7236.0000,0.0000,0.0000,0.0000,0.0000,7238.0000,0.0000,0.0000,0.0000,0.0000,63,0,0,0,0,17,0,0,0,0
zc,TA209,2012-06-05 09:04:54.757,7240.0000,582990,24,0.0000,72.0000,48,24,多开,B,7238.0000,0.0000,0.0000,0.0000,0.0000,7240.0000,0.0000,0.0000,0.0000,0.0000,32,0,0,0,0,345,0,0,0,0
zc,TA209,2012-06-05 09:04:55.007,7238.0000,583192,202,0.0000,214.0000,208,6,空开,S,7238.0000,0.0000,0.0000,0.0000,0.0000,7240.0000,0.0000,0.0000,0.0000,0.0000,113,0,0,0,0,247,0,0,0,0
zc,TA209,2012-06-05 09:04:55.757,7240.0000,583192,0,0.0000,24.0000,12,12,多换,B,7238.0000,0.0000,0.0000,0.0000,0.0000,7240.0000,0.0000,0.0000,0.0000,0.0000,115,0,0,0,0,240,0,0,0,0
zc,TA209,2012-06-05 09:04:56.240,7238.0000,583212,20,0.0000,32.0000,26,6,空开,S,7238.0000,0.0000,0.0000,0.0000,0.0000,7240.0000,0.0000,0.0000,0.0000,0.0000,100,0,0,0,0,246,0,0,0,0
zc,TA209,2012-06-05 09:04:57.023,7240.0000,583234,22,0.0000,32.0000,27,5,多开,B,7238.0000,0.0000,0.0000,0.0000,0.0000,7240.0000,0.0000,0.0000,0.0000,0.0000,117,0,0,0,0,232,0,0,0,0
zc,TA209,2012-06-05 09:04:57.257,7240.0000,583236,2,0.0000,18.0000,10,8,多开,B,7238.0000,0.0000,0.0000,0.0000,0.0000,7240.0000,0.0000,0.0000,0.0000,0.0000,95,0,0,0,0,229,0,0,0,0
zc,TA209,2012-06-05 09:04:58.023,7238.0000,583240,4,0.0000,14.0000,9,5,空开,S,7238.0000,0.0000,0.0000,0.0000,0.0000,7240.0000,0.0000,0.0000,0.0000,0.0000,92,0,0,0,0,225,0,0,0,0
zc,TA209,2012-06-05 09:04:58.570,7240.0000,583308,68,0.0000,508.0000,288,220,多开,B,7236.0000,0.0000,0.0000,0.0000,0.0000,7238.0000,0.0000,0.0000,0.0000,0.0000,98,0,0,0,0,3,0,0,0,0
zc,TA209,2012-06-05 09:04:59.303,7238.0000,583474,166,0.0000,246.0000,206,40,空开,S,7236.0000,0.0000,0.0000,0.0000,0.0000,7238.0000,0.0000,0.0000,0.0000,0.0000,98,0,0,0,0,77,0,0,0,0
zc,TA209,2012-06-05 09:05:00.023,7238.0000,583494,20,0.0000,88.0000,54,34,空开,S,7236.0000,0.0000,0.0000,0.0000,0.0000,7238.0000,0.0000,0.0000,0.0000,0.0000,128,0,0,0,0,64,0,0,0,0
zc,TA209,2012-06-05 09:05:00.287,7238.0000,583558,64,0.0000,170.0000,117,53,空开,S,7236.0000,0.0000,0.0000,0.0000,0.0000,7238.0000,0.0000,0.0000,0.0000,0.0000,102,0,0,0,0,16,0,0,0,0
zc,TA209,2012-06-05 09:05:01.037,7240.0000,583530,-28,0.0000,70.0000,21,49,空平,B,7238.0000,0.0000,0.0000,0.0000,0.0000,7240.0000,0.0000,0.0000,0.0000,0.0000,97,0,0,0,0,6,0,0,0,0
zc,TA209,2012-06-05 09:05:01.507,7240.0000,583538,8,0.0000,22.0000,15,7,多开,B,7240.0000,0.0000,0.0000,0.0000,0.0000,7242.0000,0.0000,0.0000,0.0000,0.0000,1,0,0,0,0,259,0,0,0,0
zc,TA209,2012-06-05 09:05:02.007,7238.0000,583458,-80,0.0000,306.0000,113,193,多平,S,7238.0000,0.0000,0.0000,0.0000,0.0000,7242.0000,0.0000,0.0000,0.0000,0.0000,191,0,0,0,0,154,0,0,0,0
zc,TA209,2012-06-05 09:05:02.477,7240.0000,583466,8,0.0000,16.0000,12,4,多开,B,7240.0000,0.0000,0.0000,0.0000,0.0000,7242.0000,0.0000,0.0000,0.0000,0.0000,1,0,0,0,0,153,0,0,0,0
zc,TA209,2012-06-05 09:05:03.287,7242.0000,583482,16,0.0000,22.0000,19,3,多开,B,7240.0000,0.0000,0.0000,0.0000,0.0000,7242.0000,0.0000,0.0000,0.0000,0.0000,64,0,0,0,0,144,0,0,0,0
zc,TA209,2012-06-05 09:05:03.757,7242.0000,583558,76,0.0000,76.0000,76,0,双开,B,7240.0000,0.0000,0.0000,0.0000,0.0000,7242.0000,0.0000,0.0000,0.0000,0.0000,55,0,0,0,0,116,0,0,0,0
zc,TA209,2012-06-05 09:05:04.273,7240.0000,583500,-58,0.0000,228.0000,85,143,多平,S,7240.0000,0.0000,0.0000,0.0000,0.0000,7242.0000,0.0000,0.0000,0.0000,0.0000,81,0,0,0,0,8,0,0,0,0
zc,TA209,2012-06-05 09:05:05.023,7242.0000,583480,-20,0.0000,20.0000,0,20,双平,B,7242.0000,0.0000,0.0000,0.0000,0.0000,7244.0000,0.0000,0.0000,0.0000,0.0000,86,0,0,0,0,252,0,0,0,0
zc,TA209,2012-06-05 09:05:05.537,7242.0000,583674,194,0.0000,288.0000,241,47,多开,B,7242.0000,0.0000,0.0000,0.0000,0.0000,7244.0000,0.0000,0.0000,0.0000,0.0000,129,0,0,0,0,154,0,0,0,0
zc,TA209,2012-06-05 09:05:06.320,7242.0000,583648,-26,0.0000,30.0000,2,28,空平,B,7242.0000,0.0000,0.0000,0.0000,0.0000,7244.0000,0.0000,0.0000,0.0000,0.0000,124,0,0,0,0,153,0,0,0,0
zc,TA209,2012-06-05 09:05:06.490,7244.0000,583662,14,0.0000,18.0000,16,2,多开,B,7242.0000,0.0000,0.0000,0.0000,0.0000,7244.0000,0.0000,0.0000,0.0000,0.0000,123,0,0,0,0,245,0,0,0,0
zc,TA209,2012-06-05 09:05:07.320,7244.0000,583678,16,0.0000,18.0000,17,1,多开,B,7242.0000,0.0000,0.0000,0.0000,0.0000,7244.0000,0.0000,0.0000,0.0000,0.0000,123,0,0,0,0,237,0,0,0,0
zc,TA209,2012-06-05 09:05:07.773,7244.0000,583678,0,0.0000,12.0000,6,6,多换,B,7242.0000,0.0000,0.0000,0.0000,0.0000,7244.0000,0.0000,0.0000,0.0000,0.0000,127,0,0,0,0,233,0,0,0,0
zc,TA209,2012-06-05 09:05:08.570,7242.0000,583920,242,0.0000,308.0000,275,33,空开,S,7240.0000,0.0000,0.0000,0.0000,0.0000,7242.0000,0.0000,0.0000,0.0000,0.0000,78,0,0,0,0,196,0,0,0,0
zc,TA209,2012-06-05 09:05:09.070,7242.0000,584154,234,0.0000,292.0000,263,29,空开,S,7240.0000,0.0000,0.0000,0.0000,0.0000,7242.0000,0.0000,0.0000,0.0000,0.0000,1,0,0,0,0,85,0,0,0,0
zc,TA209,2012-06-05 09:05:09.570,7240.0000,584188,34,0.0000,110.0000,72,38,空开,S,7238.0000,0.0000,0.0000,0.0000,0.0000,7240.0000,0.0000,0.0000,0.0000,0.0000,216,0,0,0,0,485,0,0,0,0
zc,TA209,2012-06-05 09:05:10.273,7238.0000,584344,156,0.0000,212.0000,184,28,空开,S,7238.0000,0.0000,0.0000,0.0000,0.0000,7240.0000,0.0000,0.0000,0.0000,0.0000,136,0,0,0,0,462,0,0,0,0
zc,TA209,2012-06-05 09:05:10.803,7240.0000,584346,2,0.0000,162.0000,82,80,多开,B,7238.0000,0.0000,0.0000,0.0000,0.0000,7240.0000,0.0000,0.0000,0.0000,0.0000,60,0,0,0,0,459,0,0,0,0
zc,TA209,2012-06-05 09:05:11.523,7236.0000,584468,122,0.0000,328.0000,225,103,空开,S,7236.0000,0.0000,0.0000,0.0000,0.0000,7238.0000,0.0000,0.0000,0.0000,0.0000,72,0,0,0,0,11,0,0,0,0
zc,TA209,2012-06-05 09:05:12.023,7238.0000,584496,28,0.0000,28.0000,28,0,双开,B,7236.0000,0.0000,0.0000,0.0000,0.0000,7238.0000,0.0000,0.0000,0.0000,0.0000,80,0,0,0,0,141,0,0,0,0
zc,TA209,2012-06-05 09:05:12.757,7236.0000,584490,-6,0.0000,22.0000,8,14,多平,S,7236.0000,0.0000,0.0000,0.0000,0.0000,7238.0000,0.0000,0.0000,0.0000,0.0000,77,0,0,0,0,136,0,0,0,0
zc,TA209,2012-06-05 09:05:13.023,7236.0000,584478,-12,0.0000,60.0000,24,36,多平,S,7236.0000,0.0000,0.0000,0.0000,0.0000,7238.0000,0.0000,0.0000,0.0000,0.0000,67,0,0,0,0,132,0,0,0,0
zc,TA209,2012-06-05 09:05:13.740,7238.0000,584510,32,0.0000,38.0000,35,3,多开,B,7236.0000,0.0000,0.0000,0.0000,0.0000,7238.0000,0.0000,0.0000,0.0000,0.0000,60,0,0,0,0,127,0,0,0,0
zc,TA209,2012-06-05 09:05:14.523,7236.0000,584484,-26,0.0000,124.0000,49,75,多平,S,7234.0000,0.0000,0.0000,0.0000,0.0000,7238.0000,0.0000,0.0000,0.0000,0.0000,29,0,0,0,0,464,0,0,0,0
zc,TA209,2012-06-05 09:05:14.757,7234.0000,584478,-6,0.0000,24.0000,9,15,多平,S,7234.0000,0.0000,0.0000,0.0000,0.0000,7236.0000,0.0000,0.0000,0.0000,0.0000,22,0,0,0,0,96,0,0,0,0
zc,TA209,2012-06-05 09:05:15.523,7234.0000,584480,2,0.0000,34.0000,18,16,空开,S,7234.0000,0.0000,0.0000,0.0000,0.0000,7236.0000,0.0000,0.0000,0.0000,0.0000,19,0,0,0,0,96,0,0,0,0
zc,TA209,2012-06-05 09:05:16.037,7234.0000,584492,12,0.0000,48.0000,30,18,空开,S,7234.0000,0.0000,0.0000,0.0000,0.0000,7236.0000,0.0000,0.0000,0.0000,0.0000,17,0,0,0,0,155,0,0,0,0
zc,TA209,2012-06-05 09:05:16.803,7236.0000,584496,4,0.0000,44.0000,24,20,多开,B,7234.0000,0.0000,0.0000,0.0000,0.0000,7236.0000,0.0000,0.0000,0.0000,0.0000,14,0,0,0,0,151,0,0,0,0
zc,TA209,2012-06-05 09:05:17.257,7234.0000,584490,-6,0.0000,10.0000,2,8,多平,S,7234.0000,0.0000,0.0000,0.0000,0.0000,7236.0000,0.0000,0.0000,0.0000,0.0000,197,0,0,0,0,149,0,0,0,0
zc,TA209,2012-06-05 09:05:17.773,7236.0000,584370,-120,0.0000,140.0000,10,130,空平,B,7234.0000,0.0000,0.0000,0.0000,0.0000,7236.0000,0.0000,0.0000,0.0000,0.0000,187,0,0,0,0,21,0,0,0,0
zc,TA209,2012-06-05 09:05:18.303,7236.0000,584432,62,0.0000,214.0000,138,76,多开,B,7236.0000,0.0000,0.0000,0.0000,0.0000,7238.0000,0.0000,0.0000,0.0000,0.0000,189,0,0,0,0,317,0,0,0,0
zc,TA209,2012-06-05 09:05:19.007,7238.0000,584476,44,0.0000,58.0000,51,7,多开,B,7236.0000,0.0000,0.0000,0.0000,0.0000,7238.0000,0.0000,0.0000,0.0000,0.0000,241,0,0,0,0,298,0,0,0,0
zc,TA209,2012-06-05 09:05:19.490,7236.0000,584420,-56,0.0000,452.0000,198,254,多平,S,7236.0000,0.0000,0.0000,0.0000,0.0000,7238.0000,0.0000,0.0000,0.0000,0.0000,64,0,0,0,0,297,0,0,0,0
zc,TA209,2012-06-05 09:05:20.023,7236.0000,584408,-12,0.0000,30.0000,9,21,多平,S,7236.0000,0.0000,0.0000,0.0000,0.0000,7238.0000,0.0000,0.0000,0.0000,0.0000,51,0,0,0,0,296,0,0,0,0
zc,TA209,2012-06-05 09:05:20.803,7238.0000,584406,-2,0.0000,12.0000,5,7,空平,B,7236.0000,0.0000,0.0000,0.0000,0.0000,7238.0000,0.0000,0.0000,0.0000,0.0000,79,0,0,0,0,254,0,0,0,0
zc,TA209,2012-06-05 09:05:21.303,7236.0000,584374,-32,0.0000,140.0000,54,86,多平,S,7234.0000,0.0000,0.0000,0.0000,0.0000,7236.0000,0.0000,0.0000,0.0000,0.0000,168,0,0,0,0,160,0,0,0,0
zc,TA209,2012-06-05 09:05:22.007,7234.0000,584362,-12,0.0000,48.0000,18,30,多平,S,7234.0000,0.0000,0.0000,0.0000,0.0000,7236.0000,0.0000,0.0000,0.0000,0.0000,169,0,0,0,0,138,0,0,0,0
zc,TA209,2012-06-05 09:05:22.507,7236.0000,584358,-4,0.0000,16.0000,6,10,空平,B,7234.0000,0.0000,0.0000,0.0000,0.0000,7236.0000,0.0000,0.0000,0.0000,0.0000,177,0,0,0,0,130,0,0,0,0
zc,TA209,2012-06-05 09:05:23.070,7236.0000,584520,162,0.0000,1066.0000,614,452,多开,B,7230.0000,0.0000,0.0000,0.0000,0.0000,7236.0000,0.0000,0.0000,0.0000,0.0000,744,0,0,0,0,122,0,0,0,0
zc,TA209,2012-06-05 09:05:23.553,7236.0000,584522,2,0.0000,250.0000,126,124,多开,B,7236.0000,0.0000,0.0000,0.0000,0.0000,7238.0000,0.0000,0.0000,0.0000,0.0000,483,0,0,0,0,246,0,0,0,0
zc,TA209,2012-06-05 09:05:24.240,7236.0000,584522,0,0.0000,36.0000,18,18,多换,B,7236.0000,0.0000,0.0000,0.0000,0.0000,7238.0000,0.0000,0.0000,0.0000,0.0000,473,0,0,0,0,238,0,0,0,0
zc,TA209,2012-06-05 09:05:24.787,7236.0000,584552,30,0.0000,100.0000,65,35,多开,B,7236.0000,0.0000,0.0000,0.0000,0.0000,7238.0000,0.0000,0.0000,0.0000,0.0000,510,0,0,0,0,217,0,0,0,0
zc,TA209,2012-06-05 09:05:25.287,7236.0000,584558,6,0.0000,76.0000,41,35,多开,B,7236.0000,0.0000,0.0000,0.0000,0.0000,7238.0000,0.0000,0.0000,0.0000,0.0000,474,0,0,0,0,6,0,0,0,0
zc,TA209,2012-06-05 09:05:26.053,7238.0000,584596,38,0.0000,54.0000,46,8,多开,B,7238.0000,0.0000,0.0000,0.0000,0.0000,7240.0000,0.0000,0.0000,0.0000,0.0000,10,0,0,0,0,294,0,0,0,0
zc,TA209,2012-06-05 09:05:26.507,7238.0000,584588,-8,0.0000,12.0000,2,10,空平,B,7238.0000,0.0000,0.0000,0.0000,0.0000,7240.0000,0.0000,0.0000,0.0000,0.0000,25,0,0,0,0,293,0,0,0,0
zc,TA209,2012-06-05 09:05:27.007,7240.0000,584616,28,0.0000,38.0000,33,5,多开,B,7238.0000,0.0000,0.0000,0.0000,0.0000,7240.0000,0.0000,0.0000,0.0000,0.0000,49,0,0,0,0,292,0,0,0,0
zc,TA209,2012-06-05 09:05:27.523,7238.0000,584616,0,0.0000,20.0000,10,10,空换,S,7238.0000,0.0000,0.0000,0.0000,0.0000,7240.0000,0.0000,0.0000,0.0000,0.0000,45,0,0,0,0,292,0,0,0,0
zc,TA209,2012-06-05 09:05:28.273,7236.0000,584578,-38,0.0000,126.0000,44,82,多平,S,7236.0000,0.0000,0.0000,0.0000,0.0000,7238.0000,0.0000,0.0000,0.0000,0.0000,477,0,0,0,0,6,0,0,0,0
zc,TA209,2012-06-05 09:05:28.773,7238.0000,584966,388,0.0000,412.0000,400,12,多开,B,7238.0000,0.0000,0.0000,0.0000,0.0000,7240.0000,0.0000,0.0000,0.0000,0.0000,145,0,0,0,0,291,0,0,0,0
zc,TA209,2012-06-05 09:05:29.587,7236.0000,585084,118,0.0000,416.0000,267,149,空开,S,7236.0000,0.0000,0.0000,0.0000,0.0000,7238.0000,0.0000,0.0000,0.0000,0.0000,386,0,0,0,0,116,0,0,0,0
