市场代码,合约代码,时间,最新,持仓,增仓,成交额,成交量,开仓,平仓,成交类型,方向,买一价,买二价,买三价,买四价,买五价,卖一价,卖二价,卖三价,卖四价,卖五价,买一量,买二量,买三量,买四量,买五量,卖一量,卖二量,卖三量,卖四量,卖五量
zc,WS209,2012-06-05 08:02:24.180,0.0000,260952,0,0.0000,0.0000,0,0,空换,S,0.0000,0.0000,0.0000,0.0000,0.0000,0.0000,0.0000,0.0000,0.0000,0.0000,0,0,0,0,0,0,0,0,0,0
zc,WS209,2012-06-05 08:04:24.163,0.0000,260952,0,0.0000,0.0000,0,0,空换,S,0.0000,0.0000,0.0000,0.0000,0.0000,0.0000,0.0000,0.0000,0.0000,0.0000,0,0,0,0,0,0,0,0,0,0
zc,WS209,2012-06-05 08:05:24.163,0.0000,260952,0,0.0000,0.0000,0,0,空换,S,0.0000,0.0000,0.0000,0.0000,0.0000,0.0000,0.0000,0.0000,0.0000,0.0000,0,0,0,0,0,0,0,0,0,0
zc,WS209,2012-06-05 08:09:24.163,0.0000,260952,0,0.0000,0.0000,0,0,空换,S,0.0000,0.0000,0.0000,0.0000,0.0000,0.0000,0.0000,0.0000,0.0000,0.0000,0,0,0,0,0,0,0,0,0,0
zc,WS209,2012-06-05 08:12:24.163,0.0000,260952,0,0.0000,0.0000,0,0,空换,S,0.0000,0.0000,0.0000,0.0000,0.0000,0.0000,0.0000,0.0000,0.0000,0.0000,0,0,0,0,0,0,0,0,0,0
zc,WS209,2012-06-05 08:15:24.163,0.0000,260952,0,0.0000,0.0000,0,0,空换,S,0.0000,0.0000,0.0000,0.0000,0.0000,0.0000,0.0000,0.0000,0.0000,0.0000,0,0,0,0,0,0,0,0,0,0
zc,WS209,2012-06-05 08:17:25.773,0.0000,260952,0,0.0000,0.0000,0,0,空换,S,0.0000,0.0000,0.0000,0.0000,0.0000,0.0000,0.0000,0.0000,0.0000,0.0000,0,0,0,0,0,0,0,0,0,0
zc,WS209,2012-06-05 08:19:25.773,0.0000,260952,0,0.0000,0.0000,0,0,空换,S,0.0000,0.0000,0.0000,0.0000,0.0000,0.0000,0.0000,0.0000,0.0000,0.0000,0,0,0,0,0,0,0,0,0,0
zc,WS209,2012-06-05 08:20:25.773,0.0000,260952,0,0.0000,0.0000,0,0,空换,S,0.0000,0.0000,0.0000,0.0000,0.0000,0.0000,0.0000,0.0000,0.0000,0.0000,0,0,0,0,0,0,0,0,0,0
zc,WS209,2012-06-05 08:21:25.757,0.0000,260952,0,0.0000,0.0000,0,0,空换,S,0.0000,0.0000,0.0000,0.0000,0.0000,0.0000,0.0000,0.0000,0.0000,0.0000,0,0,0,0,0,0,0,0,0,0
zc,WS209,2012-06-05 08:22:25.773,0.0000,260952,0,0.0000,0.0000,0,0,空换,S,0.0000,0.0000,0.0000,0.0000,0.0000,0.0000,0.0000,0.0000,0.0000,0.0000,0,0,0,0,0,0,0,0,0,0
zc,WS209,2012-06-05 08:23:25.757,0.0000,260952,0,0.0000,0.0000,0,0,空换,S,0.0000,0.0000,0.0000,0.0000,0.0000,0.0000,0.0000,0.0000,0.0000,0.0000,0,0,0,0,0,0,0,0,0,0
zc,WS209,2012-06-05 08:24:25.757,0.0000,260952,0,0.0000,0.0000,0,0,空换,S,0.0000,0.0000,0.0000,0.0000,0.0000,0.0000,0.0000,0.0000,0.0000,0.0000,0,0,0,0,0,0,0,0,0,0
zc,WS209,2012-06-05 08:29:25.757,0.0000,260952,0,0.0000,0.0000,0,0,空换,S,0.0000,0.0000,0.0000,0.0000,0.0000,0.0000,0.0000,0.0000,0.0000,0.0000,0,0,0,0,0,0,0,0,0,0
zc,WS209,2012-06-05 08:30:25.757,0.0000,260952,0,0.0000,0.0000,0,0,空换,S,0.0000,0.0000,0.0000,0.0000,0.0000,0.0000,0.0000,0.0000,0.0000,0.0000,0,0,0,0,0,0,0,0,0,0
zc,WS209,2012-06-05 08:39:25.740,0.0000,260952,0,0.0000,0.0000,0,0,空换,S,0.0000,0.0000,0.0000,0.0000,0.0000,0.0000,0.0000,0.0000,0.0000,0.0000,0,0,0,0,0,0,0,0,0,0
zc,WS209,2012-06-05 08:40:25.740,0.0000,260952,0,0.0000,0.0000,0,0,空换,S,0.0000,0.0000,0.0000,0.0000,0.0000,0.0000,0.0000,0.0000,0.0000,0.0000,0,0,0,0,0,0,0,0,0,0
zc,WS209,2012-06-05 08:44:25.740,0.0000,260952,0,0.0000,0.0000,0,0,空换,S,0.0000,0.0000,0.0000,0.0000,0.0000,0.0000,0.0000,0.0000,0.0000,0.0000,0,0,0,0,0,0,0,0,0,0
zc,WS209,2012-06-05 08:49:25.740,0.0000,260952,0,0.0000,0.0000,0,0,空换,S,0.0000,0.0000,0.0000,0.0000,0.0000,0.0000,0.0000,0.0000,0.0000,0.0000,0,0,0,0,0,0,0,0,0,0
zc,WS209,2012-06-05 08:53:25.727,0.0000,260952,0,0.0000,0.0000,0,0,空换,S,0.0000,0.0000,0.0000,0.0000,0.0000,0.0000,0.0000,0.0000,0.0000,0.0000,0,0,0,0,0,0,0,0,0,0
zc,WS209,2012-06-05 08:55:02.740,0.0000,260952,0,0.0000,0.0000,0,0,空换,S,0.0000,0.0000,0.0000,0.0000,0.0000,0.0000,0.0000,0.0000,0.0000,0.0000,0,0,0,0,0,0,0,0,0,0
zc,WS209,2012-06-05 08:55:09.210,0.0000,260952,0,0.0000,0.0000,0,0,空换,S,0.0000,0.0000,0.0000,0.0000,0.0000,0.0000,0.0000,0.0000,0.0000,0.0000,0,0,0,0,0,0,0,0,0,0
zc,WS209,2012-06-05 08:55:36.710,0.0000,260952,0,0.0000,0.0000,0,0,空换,S,0.0000,0.0000,0.0000,0.0000,0.0000,0.0000,0.0000,0.0000,0.0000,0.0000,0,0,0,0,0,0,0,0,0,0
zc,WS209,2012-06-05 08:56:58.960,0.0000,260952,0,0.0000,0.0000,0,0,空换,S,0.0000,0.0000,0.0000,0.0000,0.0000,0.0000,0.0000,0.0000,0.0000,0.0000,0,0,0,0,0,0,0,0,0,0
zc,WS209,2012-06-05 08:57:25.210,0.0000,260952,0,0.0000,0.0000,0,0,空换,S,0.0000,0.0000,0.0000,0.0000,0.0000,0.0000,0.0000,0.0000,0.0000,0.0000,0,0,0,0,0,0,0,0,0,0
zc,WS209,2012-06-05 08:57:45.460,0.0000,260952,0,0.0000,0.0000,0,0,空换,S,0.0000,0.0000,0.0000,0.0000,0.0000,0.0000,0.0000,0.0000,0.0000,0.0000,0,0,0,0,0,0,0,0,0,0
zc,WS209,2012-06-05 08:57:57.210,0.0000,260952,0,0.0000,0.0000,0,0,空换,S,0.0000,0.0000,0.0000,0.0000,0.0000,0.0000,0.0000,0.0000,0.0000,0.0000,0,0,0,0,0,0,0,0,0,0
zc,WS209,2012-06-05 08:58:23.960,0.0000,260952,0,0.0000,0.0000,0,0,空换,S,0.0000,0.0000,0.0000,0.0000,0.0000,0.0000,0.0000,0.0000,0.0000,0.0000,0,0,0,0,0,0,0,0,0,0
zc,WS209,2012-06-05 08:58:33.710,0.0000,260952,0,0.0000,0.0000,0,0,空换,S,0.0000,0.0000,0.0000,0.0000,0.0000,0.0000,0.0000,0.0000,0.0000,0.0000,0,0,0,0,0,0,0,0,0,0
zc,WS209,2012-06-05 08:58:36.460,0.0000,260952,0,0.0000,0.0000,0,0,空换,S,0.0000,0.0000,0.0000,0.0000,0.0000,0.0000,0.0000,0.0000,0.0000,0.0000,0,0,0,0,0,0,0,0,0,0
zc,WS209,2012-06-05 08:58:36.960,0.0000,260952,0,0.0000,0.0000,0,0,空换,S,0.0000,0.0000,0.0000,0.0000,0.0000,0.0000,0.0000,0.0000,0.0000,0.0000,0,0,0,0,0,0,0,0,0,0
zc,WS209,2012-06-05 08:58:54.460,0.0000,260952,0,0.0000,0.0000,0,0,空换,S,0.0000,0.0000,0.0000,0.0000,0.0000,0.0000,0.0000,0.0000,0.0000,0.0000,0,0,0,0,0,0,0,0,0,0
zc,WS209,2012-06-05 08:59:04.210,2375.0000,260966,14,0.0000,218.0000,116,102,多开,B,2374.0000,0.0000,0.0000,0.0000,0.0000,2375.0000,0.0000,0.0000,0.0000,0.0000,7,0,0,0,0,30,0,0,0,0
zc,WS209,2012-06-05 09:00:02.710,2373.0000,260928,-38,0.0000,56.0000,9,47,多平,S,2373.0000,0.0000,0.0000,0.0000,0.0000,2374.0000,0.0000,0.0000,0.0000,0.0000,5,0,0,0,0,27,0,0,0,0
zc,WS209,2012-06-05 09:00:03.977,2373.0000,260964,36,0.0000,72.0000,54,18,空开,S,2373.0000,0.0000,0.0000,0.0000,0.0000,2374.0000,0.0000,0.0000,0.0000,0.0000,5,0,0,0,0,38,0,0,0,0
zc,WS209,2012-06-05 09:00:05.460,2374.0000,260968,4,0.0000,102.0000,53,49,多开,B,2374.0000,0.0000,0.0000,0.0000,0.0000,2375.0000,0.0000,0.0000,0.0000,0.0000,16,0,0,0,0,74,0,0,0,0
zc,WS209,2012-06-05 09:00:06.163,2373.0000,261010,42,0.0000,58.0000,50,8,空开,S,2373.0000,0.0000,0.0000,0.0000,0.0000,2375.0000,0.0000,0.0000,0.0000,0.0000,6,0,0,0,0,93,0,0,0,0
zc,WS209,2012-06-05 09:00:06.930,2374.0000,261012,2,0.0000,4.0000,3,1,多开,B,2374.0000,0.0000,0.0000,0.0000,0.0000,2375.0000,0.0000,0.0000,0.0000,0.0000,2,0,0,0,0,71,0,0,0,0
zc,WS209,2012-06-05 09:00:07.397,2375.0000,261024,12,0.0000,148.0000,80,68,多开,B,2375.0000,0.0000,0.0000,0.0000,0.0000,2376.0000,0.0000,0.0000,0.0000,0.0000,12,0,0,0,0,2,0,0,0,0
zc,WS209,2012-06-05 09:00:08.087,2376.0000,261026,2,0.0000,10.0000,6,4,多开,B,2374.0000,0.0000,0.0000,0.0000,0.0000,2375.0000,0.0000,0.0000,0.0000,0.0000,7,0,0,0,0,2,0,0,0,0
zc,WS209,2012-06-05 09:00:08.617,2375.0000,261028,2,0.0000,6.0000,4,2,空开,S,2374.0000,0.0000,0.0000,0.0000,0.0000,2375.0000,0.0000,0.0000,0.0000,0.0000,5,0,0,0,0,1,0,0,0,0
zc,WS209,2012-06-05 09:00:09.397,2377.0000,261032,4,0.0000,10.0000,7,3,多开,B,2376.0000,0.0000,0.0000,0.0000,0.0000,2377.0000,0.0000,0.0000,0.0000,0.0000,2,0,0,0,0,7,0,0,0,0
zc,WS209,2012-06-05 09:00:09.943,2377.0000,261038,6,0.0000,22.0000,14,8,多开,B,2374.0000,0.0000,0.0000,0.0000,0.0000,2377.0000,0.0000,0.0000,0.0000,0.0000,28,0,0,0,0,2,0,0,0,0
zc,WS209,2012-06-05 09:00:10.680,2378.0000,261040,2,0.0000,138.0000,70,68,多开,B,2377.0000,0.0000,0.0000,0.0000,0.0000,2378.0000,0.0000,0.0000,0.0000,0.0000,6,0,0,0,0,1,0,0,0,0
zc,WS209,2012-06-05 09:00:11.413,2379.0000,261040,0,0.0000,4.0000,2,2,多换,B,2377.0000,0.0000,0.0000,0.0000,0.0000,2379.0000,0.0000,0.0000,0.0000,0.0000,10,0,0,0,0,7,0,0,0,0
zc,WS209,2012-06-05 09:00:12.193,2379.0000,261038,-2,0.0000,14.0000,6,8,空平,B,2378.0000,0.0000,0.0000,0.0000,0.0000,2379.0000,0.0000,0.0000,0.0000,0.0000,17,0,0,0,0,6,0,0,0,0
zc,WS209,2012-06-05 09:00:12.617,2378.0000,261038,0,0.0000,14.0000,7,7,空换,S,2378.0000,0.0000,0.0000,0.0000,0.0000,2379.0000,0.0000,0.0000,0.0000,0.0000,3,0,0,0,0,2,0,0,0,0
zc,WS209,2012-06-05 09:00:13.397,2380.0000,261038,0,0.0000,10.0000,5,5,多换,B,2378.0000,0.0000,0.0000,0.0000,0.0000,2379.0000,0.0000,0.0000,0.0000,0.0000,26,0,0,0,0,3,0,0,0,0
zc,WS209,2012-06-05 09:00:13.897,2378.0000,261040,2,0.0000,10.0000,6,4,空开,S,2379.0000,0.0000,0.0000,0.0000,0.0000,2380.0000,0.0000,0.0000,0.0000,0.0000,1,0,0,0,0,51,0,0,0,0
zc,WS209,2012-06-05 09:00:14.413,2379.0000,261040,0,0.0000,10.0000,5,5,多换,B,2379.0000,0.0000,0.0000,0.0000,0.0000,2380.0000,0.0000,0.0000,0.0000,0.0000,2,0,0,0,0,50,0,0,0,0
zc,WS209,2012-06-05 09:00:15.133,2380.0000,261040,0,0.0000,20.0000,10,10,多换,B,2379.0000,0.0000,0.0000,0.0000,0.0000,2380.0000,0.0000,0.0000,0.0000,0.0000,14,0,0,0,0,41,0,0,0,0
zc,WS209,2012-06-05 09:00:15.883,2380.0000,261036,-4,0.0000,4.0000,0,4,双平,B,2379.0000,0.0000,0.0000,0.0000,0.0000,2380.0000,0.0000,0.0000,0.0000,0.0000,12,0,0,0,0,40,0,0,0,0
zc,WS209,2012-06-05 09:00:16.633,2379.0000,261034,-2,0.0000,8.0000,3,5,多平,S,2379.0000,0.0000,0.0000,0.0000,0.0000,2380.0000,0.0000,0.0000,0.0000,0.0000,16,0,0,0,0,39,0,0,0,0
zc,WS209,2012-06-05 09:00:17.087,2380.0000,261020,-14,0.0000,24.0000,5,19,空平,B,2379.0000,0.0000,0.0000,0.0000,0.0000,2380.0000,0.0000,0.0000,0.0000,0.0000,12,0,0,0,0,27,0,0,0,0
zc,WS209,2012-06-05 09:00:17.897,2380.0000,261018,-2,0.0000,8.0000,3,5,空平,B,2379.0000,0.0000,0.0000,0.0000,0.0000,2380.0000,0.0000,0.0000,0.0000,0.0000,10,0,0,0,0,25,0,0,0,0
zc,WS209,2012-06-05 09:00:18.367,2380.0000,261018,0,0.0000,18.0000,9,9,多换,B,2379.0000,0.0000,0.0000,0.0000,0.0000,2380.0000,0.0000,0.0000,0.0000,0.0000,3,0,0,0,0,92,0,0,0,0
zc,WS209,2012-06-05 09:00:19.147,2379.0000,261014,-4,0.0000,8.0000,2,6,多平,S,2378.0000,0.0000,0.0000,0.0000,0.0000,2380.0000,0.0000,0.0000,0.0000,0.0000,38,0,0,0,0,93,0,0,0,0
zc,WS209,2012-06-05 09:00:20.413,2380.0000,261018,4,0.0000,94.0000,49,45,多开,B,2379.0000,0.0000,0.0000,0.0000,0.0000,2380.0000,0.0000,0.0000,0.0000,0.0000,22,0,0,0,0,55,0,0,0,0
zc,WS209,2012-06-05 09:00:21.163,2379.0000,261018,0,0.0000,26.0000,13,13,空换,S,2379.0000,0.0000,0.0000,0.0000,0.0000,2380.0000,0.0000,0.0000,0.0000,0.0000,42,0,0,0,0,47,0,0,0,0
zc,WS209,2012-06-05 09:00:21.930,2380.0000,261004,-14,0.0000,38.0000,12,26,空平,B,2379.0000,0.0000,0.0000,0.0000,0.0000,2380.0000,0.0000,0.0000,0.0000,0.0000,31,0,0,0,0,39,0,0,0,0
zc,WS209,2012-06-05 09:00:22.617,2380.0000,261012,8,0.0000,150.0000,79,71,多开,B,2380.0000,0.0000,0.0000,0.0000,0.0000,2381.0000,0.0000,0.0000,0.0000,0.0000,13,0,0,0,0,16,0,0,0,0
zc,WS209,2012-06-05 09:00:23.053,2380.0000,261014,2,0.0000,8.0000,5,3,多开,B,2380.0000,0.0000,0.0000,0.0000,0.0000,2381.0000,0.0000,0.0000,0.0000,0.0000,10,0,0,0,0,15,0,0,0,0
zc,WS209,2012-06-05 09:00:23.883,2380.0000,261014,0,0.0000,8.0000,4,4,多换,B,2380.0000,0.0000,0.0000,0.0000,0.0000,2381.0000,0.0000,0.0000,0.0000,0.0000,56,0,0,0,0,15,0,0,0,0
zc,WS209,2012-06-05 09:00:24.647,2381.0000,261012,-2,0.0000,44.0000,21,23,空平,B,2380.0000,0.0000,0.0000,0.0000,0.0000,2381.0000,0.0000,0.0000,0.0000,0.0000,74,0,0,0,0,1,0,0,0,0
zc,WS209,2012-06-05 09:00:25.397,2381.0000,261016,4,0.0000,14.0000,9,5,多开,B,2381.0000,0.0000,0.0000,0.0000,0.0000,2382.0000,0.0000,0.0000,0.0000,0.0000,2,0,0,0,0,29,0,0,0,0
zc,WS209,2012-06-05 09:00:25.727,2380.0000,261016,0,0.0000,20.0000,10,10,空换,S,2380.0000,0.0000,0.0000,0.0000,0.0000,2381.0000,0.0000,0.0000,0.0000,0.0000,51,0,0,0,0,1,0,0,0,0
zc,WS209,2012-06-05 09:00:25.930,2380.0000,261018,2,0.0000,16.0000,9,7,空开,S,2380.0000,0.0000,0.0000,0.0000,0.0000,2381.0000,0.0000,0.0000,0.0000,0.0000,43,0,0,0,0,2,0,0,0,0
zc,WS209,2012-06-05 09:00:26.883,2380.0000,261026,8,0.0000,8.0000,8,0,双开,S,2380.0000,0.0000,0.0000,0.0000,0.0000,2381.0000,0.0000,0.0000,0.0000,0.0000,41,0,0,0,0,2,0,0,0,0
zc,WS209,2012-06-05 09:00:27.053,2380.0000,261026,0,0.0000,2.0000,1,1,空换,S,2380.0000,0.0000,0.0000,0.0000,0.0000,2381.0000,0.0000,0.0000,0.0000,0.0000,40,0,0,0,0,2,0,0,0,0
zc,WS209,2012-06-05 09:00:27.883,2382.0000,261036,10,0.0000,68.0000,39,29,多开,B,2380.0000,0.0000,0.0000,0.0000,0.0000,2382.0000,0.0000,0.0000,0.0000,0.0000,38,0,0,0,0,9,0,0,0,0
zc,WS209,2012-06-05 09:00:28.617,2380.0000,261038,2,0.0000,6.0000,4,2,空开,S,2381.0000,0.0000,0.0000,0.0000,0.0000,2382.0000,0.0000,0.0000,0.0000,0.0000,15,0,0,0,0,3,0,0,0,0
zc,WS209,2012-06-05 09:00:29.147,2380.0000,261038,0,0.0000,2.0000,1,1,空换,S,2381.0000,0.0000,0.0000,0.0000,0.0000,2382.0000,0.0000,0.0000,0.0000,0.0000,15,0,0,0,0,3,0,0,0,0
zc,WS209,2012-06-05 09:00:29.820,2381.0000,261036,-2,0.0000,30.0000,14,16,空平,B,2381.0000,0.0000,0.0000,0.0000,0.0000,2383.0000,0.0000,0.0000,0.0000,0.0000,7,0,0,0,0,29,0,0,0,0
zc,WS209,2012-06-05 09:00:30.383,2381.0000,261036,0,0.0000,4.0000,2,2,多换,B,2381.0000,0.0000,0.0000,0.0000,0.0000,2382.0000,0.0000,0.0000,0.0000,0.0000,6,0,0,0,0,10,0,0,0,0
zc,WS209,2012-06-05 09:00:30.850,2381.0000,261034,-2,0.0000,8.0000,3,5,空平,B,2381.0000,0.0000,0.0000,0.0000,0.0000,2382.0000,0.0000,0.0000,0.0000,0.0000,3,0,0,0,0,16,0,0,0,0
zc,WS209,2012-06-05 09:00:31.867,2381.0000,261032,-2,0.0000,12.0000,5,7,空平,B,2380.0000,0.0000,0.0000,0.0000,0.0000,2381.0000,0.0000,0.0000,0.0000,0.0000,38,0,0,0,0,1,0,0,0,0
zc,WS209,2012-06-05 09:00:32.397,2382.0000,261008,-24,0.0000,52.0000,14,38,空平,B,2380.0000,0.0000,0.0000,0.0000,0.0000,2383.0000,0.0000,0.0000,0.0000,0.0000,40,0,0,0,0,35,0,0,0,0
zc,WS209,2012-06-05 09:00:33.147,2380.0000,261010,2,0.0000,32.0000,17,15,空开,S,2380.0000,0.0000,0.0000,0.0000,0.0000,2381.0000,0.0000,0.0000,0.0000,0.0000,24,0,0,0,0,1,0,0,0,0
zc,WS209,2012-06-05 09:00:33.570,2380.0000,261010,0,0.0000,2.0000,1,1,空换,S,2380.0000,0.0000,0.0000,0.0000,0.0000,2381.0000,0.0000,0.0000,0.0000,0.0000,23,0,0,0,0,3,0,0,0,0
zc,WS209,2012-06-05 09:00:34.337,2380.0000,261010,0,0.0000,2.0000,1,1,空换,S,2380.0000,0.0000,0.0000,0.0000,0.0000,2381.0000,0.0000,0.0000,0.0000,0.0000,22,0,0,0,0,6,0,0,0,0
zc,WS209,2012-06-05 09:00:34.867,2381.0000,261008,-2,0.0000,4.0000,1,3,空平,B,2380.0000,0.0000,0.0000,0.0000,0.0000,2381.0000,0.0000,0.0000,0.0000,0.0000,23,0,0,0,0,4,0,0,0,0
zc,WS209,2012-06-05 09:00:36.117,2380.0000,261006,-2,0.0000,50.0000,24,26,多平,S,2379.0000,0.0000,0.0000,0.0000,0.0000,2380.0000,0.0000,0.0000,0.0000,0.0000,2,0,0,0,0,15,0,0,0,0
zc,WS209,2012-06-05 09:00:37.133,2381.0000,260946,-60,0.0000,84.0000,12,72,空平,B,2381.0000,0.0000,0.0000,0.0000,0.0000,2382.0000,0.0000,0.0000,0.0000,0.0000,83,0,0,0,0,35,0,0,0,0
zc,WS209,2012-06-05 09:00:37.647,2381.0000,260934,-12,0.0000,12.0000,0,12,双平,B,2381.0000,0.0000,0.0000,0.0000,0.0000,2382.0000,0.0000,0.0000,0.0000,0.0000,77,0,0,0,0,45,0,0,0,0
zc,WS209,2012-06-05 09:00:38.367,2381.0000,260900,-34,0.0000,34.0000,0,34,双平,B,2381.0000,0.0000,0.0000,0.0000,0.0000,2382.0000,0.0000,0.0000,0.0000,0.0000,60,0,0,0,0,42,0,0,0,0
zc,WS209,2012-06-05 09:00:38.867,2379.0000,260898,-2,0.0000,124.0000,61,63,多平,S,2379.0000,0.0000,0.0000,0.0000,0.0000,2381.0000,0.0000,0.0000,0.0000,0.0000,2,0,0,0,0,11,0,0,0,0
zc,WS209,2012-06-05 09:00:39.867,2379.0000,260898,0,0.0000,0.0000,0,0,空换,S,2379.0000,0.0000,0.0000,0.0000,0.0000,2381.0000,0.0000,0.0000,0.0000,0.0000,2,0,0,0,0,16,0,0,0,0
zc,WS209,2012-06-05 09:00:40.383,2379.0000,260898,0,0.0000,0.0000,0,0,空换,S,2379.0000,0.0000,0.0000,0.0000,0.0000,2381.0000,0.0000,0.0000,0.0000,0.0000,22,0,0,0,0,19,0,0,0,0
zc,WS209,2012-06-05 09:00:40.883,2381.0000,260896,-2,0.0000,24.0000,11,13,空平,B,2379.0000,0.0000,0.0000,0.0000,0.0000,2381.0000,0.0000,0.0000,0.0000,0.0000,22,0,0,0,0,7,0,0,0,0
zc,WS209,2012-06-05 09:00:41.633,2379.0000,260894,-2,0.0000,4.0000,1,3,多平,S,2379.0000,0.0000,0.0000,0.0000,0.0000,2381.0000,0.0000,0.0000,0.0000,0.0000,20,0,0,0,0,6,0,0,0,0
zc,WS209,2012-06-05 09:00:42.337,2379.0000,260894,0,0.0000,0.0000,0,0,空换,S,2379.0000,0.0000,0.0000,0.0000,0.0000,2380.0000,0.0000,0.0000,0.0000,0.0000,20,0,0,0,0,1,0,0,0,0
zc,WS209,2012-06-05 09:00:42.883,2379.0000,260894,0,0.0000,0.0000,0,0,空换,S,2379.0000,0.0000,0.0000,0.0000,0.0000,2380.0000,0.0000,0.0000,0.0000,0.0000,21,0,0,0,0,2,0,0,0,0
zc,WS209,2012-06-05 09:00:44.850,2379.0000,260894,0,0.0000,4.0000,2,2,空换,S,2379.0000,0.0000,0.0000,0.0000,0.0000,2380.0000,0.0000,0.0000,0.0000,0.0000,19,0,0,0,0,3,0,0,0,0
zc,WS209,2012-06-05 09:00:45.367,2380.0000,260896,2,0.0000,2.0000,2,0,双开,B,2379.0000,0.0000,0.0000,0.0000,0.0000,2380.0000,0.0000,0.0000,0.0000,0.0000,20,0,0,0,0,2,0,0,0,0
zc,WS209,2012-06-05 09:00:46.383,2379.0000,260894,-2,0.0000,6.0000,2,4,多平,S,2380.0000,0.0000,0.0000,0.0000,0.0000,2381.0000,0.0000,0.0000,0.0000,0.0000,260,0,0,0,0,60,0,0,0,0
zc,WS209,2012-06-05 09:00:46.850,2380.0000,260884,-10,0.0000,12.0000,1,11,空平,B,2380.0000,0.0000,0.0000,0.0000,0.0000,2381.0000,0.0000,0.0000,0.0000,0.0000,254,0,0,0,0,60,0,0,0,0
zc,WS209,2012-06-05 09:00:48.053,2380.0000,260876,-8,0.0000,8.0000,0,8,双平,B,2380.0000,0.0000,0.0000,0.0000,0.0000,2381.0000,0.0000,0.0000,0.0000,0.0000,250,0,0,0,0,60,0,0,0,0
zc,WS209,2012-06-05 09:00:48.787,2380.0000,260870,-6,0.0000,6.0000,0,6,双平,B,2380.0000,0.0000,0.0000,0.0000,0.0000,2381.0000,0.0000,0.0000,0.0000,0.0000,247,0,0,0,0,72,0,0,0,0
zc,WS209,2012-06-05 09:00:49.570,2381.0000,260872,2,0.0000,102.0000,52,50,多开,B,2380.0000,0.0000,0.0000,0.0000,0.0000,2381.0000,0.0000,0.0000,0.0000,0.0000,247,0,0,0,0,35,0,0,0,0
zc,WS209,2012-06-05 09:00:50.600,2380.0000,260870,-2,0.0000,2.0000,0,2,双平,S,2380.0000,0.0000,0.0000,0.0000,0.0000,2381.0000,0.0000,0.0000,0.0000,0.0000,246,0,0,0,0,48,0,0,0,0
zc,WS209,2012-06-05 09:00:51.133,2380.0000,260868,-2,0.0000,2.0000,0,2,双平,S,2380.0000,0.0000,0.0000,0.0000,0.0000,2381.0000,0.0000,0.0000,0.0000,0.0000,245,0,0,0,0,50,0,0,0,0
zc,WS209,2012-06-05 09:00:51.837,2380.0000,260866,-2,0.0000,2.0000,0,2,双平,S,2380.0000,0.0000,0.0000,0.0000,0.0000,2381.0000,0.0000,0.0000,0.0000,0.0000,244,0,0,0,0,52,0,0,0,0
zc,WS209,2012-06-05 09:00:52.070,2380.0000,260866,0,0.0000,0.0000,0,0,空换,S,2380.0000,0.0000,0.0000,0.0000,0.0000,2381.0000,0.0000,0.0000,0.0000,0.0000,244,0,0,0,0,53,0,0,0,0
zc,WS209,2012-06-05 09:00:53.087,2380.0000,260866,0,0.0000,8.0000,4,4,空换,S,2380.0000,0.0000,0.0000,0.0000,0.0000,2381.0000,0.0000,0.0000,0.0000,0.0000,243,0,0,0,0,50,0,0,0,0
zc,WS209,2012-06-05 09:00:53.553,2380.0000,260864,-2,0.0000,8.0000,3,5,多平,S,2380.0000,0.0000,0.0000,0.0000,0.0000,2381.0000,0.0000,0.0000,0.0000,0.0000,240,0,0,0,0,53,0,0,0,0
zc,WS209,2012-06-05 09:00:54.023,2380.0000,260864,0,0.0000,0.0000,0,0,空换,S,2380.0000,0.0000,0.0000,0.0000,0.0000,2381.0000,0.0000,0.0000,0.0000,0.0000,242,0,0,0,0,90,0,0,0,0
zc,WS209,2012-06-05 09:00:54.867,2380.0000,260864,0,0.0000,2.0000,1,1,空换,S,2380.0000,0.0000,0.0000,0.0000,0.0000,2381.0000,0.0000,0.0000,0.0000,0.0000,241,0,0,0,0,111,0,0,0,0
zc,WS209,2012-06-05 09:00:56.053,2380.0000,260386,-478,0.0000,482.0000,2,480,多平,S,2379.0000,0.0000,0.0000,0.0000,0.0000,2380.0000,0.0000,0.0000,0.0000,0.0000,38,0,0,0,0,42,0,0,0,0
zc,WS209,2012-06-05 09:00:56.837,2380.0000,260386,0,0.0000,0.0000,0,0,空换,S,2379.0000,0.0000,0.0000,0.0000,0.0000,2380.0000,0.0000,0.0000,0.0000,0.0000,18,0,0,0,0,53,0,0,0,0
zc,WS209,2012-06-05 09:00:57.397,2380.0000,260384,-2,0.0000,22.0000,10,12,多平,S,2379.0000,0.0000,0.0000,0.0000,0.0000,2380.0000,0.0000,0.0000,0.0000,0.0000,10,0,0,0,0,42,0,0,0,0
zc,WS209,2012-06-05 09:00:58.383,2379.0000,260384,0,0.0000,60.0000,30,30,空换,S,2378.0000,0.0000,0.0000,0.0000,0.0000,2379.0000,0.0000,0.0000,0.0000,0.0000,4,0,0,0,0,2,0,0,0,0
zc,WS209,2012-06-05 09:00:58.867,2379.0000,260384,0,0.0000,0.0000,0,0,空换,S,2378.0000,0.0000,0.0000,0.0000,0.0000,2379.0000,0.0000,0.0000,0.0000,0.0000,4,0,0,0,0,14,0,0,0,0
zc,WS209,2012-06-05 09:00:59.633,2376.0000,260380,-4,0.0000,16.0000,6,10,多平,S,2376.0000,0.0000,0.0000,0.0000,0.0000,2378.0000,0.0000,0.0000,0.0000,0.0000,2,0,0,0,0,43,0,0,0,0
zc,WS209,2012-06-05 09:01:00.070,2378.0000,260374,-6,0.0000,18.0000,6,12,空平,B,2376.0000,0.0000,0.0000,0.0000,0.0000,2378.0000,0.0000,0.0000,0.0000,0.0000,3,0,0,0,0,41,0,0,0,0
zc,WS209,2012-06-05 09:01:00.820,2376.0000,260374,0,0.0000,2.0000,1,1,空换,S,2376.0000,0.0000,0.0000,0.0000,0.0000,2378.0000,0.0000,0.0000,0.0000,0.0000,3,0,0,0,0,41,0,0,0,0
zc,WS209,2012-06-05 09:01:01.320,2378.0000,260374,0,0.0000,2.0000,1,1,多换,B,2377.0000,0.0000,0.0000,0.0000,0.0000,2378.0000,0.0000,0.0000,0.0000,0.0000,20,0,0,0,0,52,0,0,0,0
zc,WS209,2012-06-05 09:01:02.087,2377.0000,260396,22,0.0000,32.0000,27,5,空开,S,2377.0000,0.0000,0.0000,0.0000,0.0000,2378.0000,0.0000,0.0000,0.0000,0.0000,5,0,0,0,0,50,0,0,0,0
zc,WS209,2012-06-05 09:01:02.820,2377.0000,260396,0,0.0000,0.0000,0,0,空换,S,2376.0000,0.0000,0.0000,0.0000,0.0000,2378.0000,0.0000,0.0000,0.0000,0.0000,2,0,0,0,0,51,0,0,0,0
zc,WS209,2012-06-05 09:01:03.587,2378.0000,260396,0,0.0000,6.0000,3,3,多换,B,2376.0000,0.0000,0.0000,0.0000,0.0000,2378.0000,0.0000,0.0000,0.0000,0.0000,2,0,0,0,0,47,0,0,0,0
zc,WS209,2012-06-05 09:01:03.837,2378.0000,260396,0,0.0000,2.0000,1,1,多换,B,2376.0000,0.0000,0.0000,0.0000,0.0000,2378.0000,0.0000,0.0000,0.0000,0.0000,2,0,0,0,0,46,0,0,0,0
zc,WS209,2012-06-05 09:01:04.553,2378.0000,260396,0,0.0000,0.0000,0,0,多换,B,2377.0000,0.0000,0.0000,0.0000,0.0000,2378.0000,0.0000,0.0000,0.0000,0.0000,1,0,0,0,0,46,0,0,0,0
zc,WS209,2012-06-05 09:01:05.117,2376.0000,260398,2,0.0000,2.0000,2,0,双开,S,2377.0000,0.0000,0.0000,0.0000,0.0000,2378.0000,0.0000,0.0000,0.0000,0.0000,15,0,0,0,0,46,0,0,0,0
zc,WS209,2012-06-05 09:01:05.850,2378.0000,260390,-8,0.0000,14.0000,3,11,空平,B,2377.0000,0.0000,0.0000,0.0000,0.0000,2378.0000,0.0000,0.0000,0.0000,0.0000,13,0,0,0,0,43,0,0,0,0
zc,WS209,2012-06-05 09:01:06.337,2378.0000,260386,-4,0.0000,4.0000,0,4,双平,B,2377.0000,0.0000,0.0000,0.0000,0.0000,2378.0000,0.0000,0.0000,0.0000,0.0000,13,0,0,0,0,42,0,0,0,0
zc,WS209,2012-06-05 09:01:07.070,2378.0000,260386,0,0.0000,8.0000,4,4,多换,B,2377.0000,0.0000,0.0000,0.0000,0.0000,2378.0000,0.0000,0.0000,0.0000,0.0000,15,0,0,0,0,40,0,0,0,0
zc,WS209,2012-06-05 09:01:08.337,2378.0000,260386,0,0.0000,20.0000,10,10,多换,B,2377.0000,0.0000,0.0000,0.0000,0.0000,2378.0000,0.0000,0.0000,0.0000,0.0000,19,0,0,0,0,30,0,0,0,0
zc,WS209,2012-06-05 09:01:09.037,2377.0000,260384,-2,0.0000,4.0000,1,3,多平,S,2377.0000,0.0000,0.0000,0.0000,0.0000,2378.0000,0.0000,0.0000,0.0000,0.0000,22,0,0,0,0,33,0,0,0,0
zc,WS209,2012-06-05 09:01:09.587,2378.0000,260322,-62,0.0000,66.0000,2,64,空平,B,2378.0000,0.0000,0.0000,0.0000,0.0000,2379.0000,0.0000,0.0000,0.0000,0.0000,13,0,0,0,0,4,0,0,0,0
zc,WS209,2012-06-05 09:01:10.320,2378.0000,260312,-10,0.0000,10.0000,0,10,双平,B,2378.0000,0.0000,0.0000,0.0000,0.0000,2379.0000,0.0000,0.0000,0.0000,0.0000,8,0,0,0,0,30,0,0,0,0
zc,WS209,2012-06-05 09:01:11.600,2378.0000,260306,-6,0.0000,6.0000,0,6,双平,B,2378.0000,0.0000,0.0000,0.0000,0.0000,2379.0000,0.0000,0.0000,0.0000,0.0000,5,0,0,0,0,30,0,0,0,0
zc,WS209,2012-06-05 09:01:12.803,2379.0000,260308,2,0.0000,2.0000,2,0,双开,B,2378.0000,0.0000,0.0000,0.0000,0.0000,2379.0000,0.0000,0.0000,0.0000,0.0000,5,0,0,0,0,30,0,0,0,0
zc,WS209,2012-06-05 09:01:13.320,2378.0000,260306,-2,0.0000,4.0000,1,3,多平,S,2378.0000,0.0000,0.0000,0.0000,0.0000,2379.0000,0.0000,0.0000,0.0000,0.0000,6,0,0,0,0,30,0,0,0,0
zc,WS209,2012-06-05 09:01:14.100,2378.0000,260306,0,0.0000,0.0000,0,0,空换,S,2378.0000,0.0000,0.0000,0.0000,0.0000,2379.0000,0.0000,0.0000,0.0000,0.0000,6,0,0,0,0,41,0,0,0,0
zc,WS209,2012-06-05 09:01:14.587,2379.0000,260306,0,0.0000,4.0000,2,2,多换,B,2378.0000,0.0000,0.0000,0.0000,0.0000,2379.0000,0.0000,0.0000,0.0000,0.0000,18,0,0,0,0,38,0,0,0,0
zc,WS209,2012-06-05 09:01:15.273,2378.0000,260274,-32,0.0000,38.0000,3,35,多平,S,2377.0000,0.0000,0.0000,0.0000,0.0000,2378.0000,0.0000,0.0000,0.0000,0.0000,18,0,0,0,0,1,0,0,0,0
zc,WS209,2012-06-05 09:01:16.537,2378.0000,260274,0,0.0000,4.0000,2,2,空换,S,2378.0000,0.0000,0.0000,0.0000,0.0000,2379.0000,0.0000,0.0000,0.0000,0.0000,3,0,0,0,0,54,0,0,0,0
zc,WS209,2012-06-05 09:01:17.100,2378.0000,260272,-2,0.0000,4.0000,1,3,多平,S,2378.0000,0.0000,0.0000,0.0000,0.0000,2379.0000,0.0000,0.0000,0.0000,0.0000,7,0,0,0,0,55,0,0,0,0
zc,WS209,2012-06-05 09:01:17.757,2378.0000,260272,0,0.0000,0.0000,0,0,空换,S,2378.0000,0.0000,0.0000,0.0000,0.0000,2379.0000,0.0000,0.0000,0.0000,0.0000,7,0,0,0,0,57,0,0,0,0
zc,WS209,2012-06-05 09:01:18.257,2378.0000,260272,0,0.0000,6.0000,3,3,空换,S,2378.0000,0.0000,0.0000,0.0000,0.0000,2379.0000,0.0000,0.0000,0.0000,0.0000,135,0,0,0,0,61,0,0,0,0
zc,WS209,2012-06-05 09:01:19.117,2378.0000,260272,0,0.0000,10.0000,5,5,空换,S,2378.0000,0.0000,0.0000,0.0000,0.0000,2379.0000,0.0000,0.0000,0.0000,0.0000,131,0,0,0,0,60,0,0,0,0
zc,WS209,2012-06-05 09:01:19.587,2378.0000,260274,2,0.0000,44.0000,23,21,空开,S,2378.0000,0.0000,0.0000,0.0000,0.0000,2379.0000,0.0000,0.0000,0.0000,0.0000,110,0,0,0,0,61,0,0,0,0
zc,WS209,2012-06-05 09:01:20.320,2379.0000,260274,0,0.0000,6.0000,3,3,多换,B,2378.0000,0.0000,0.0000,0.0000,0.0000,2379.0000,0.0000,0.0000,0.0000,0.0000,110,0,0,0,0,58,0,0,0,0
zc,WS209,2012-06-05 09:01:20.883,2378.0000,260270,-4,0.0000,4.0000,0,4,双平,S,2378.0000,0.0000,0.0000,0.0000,0.0000,2379.0000,0.0000,0.0000,0.0000,0.0000,108,0,0,0,0,57,0,0,0,0
zc,WS209,2012-06-05 09:01:21.633,2378.0000,260266,-4,0.0000,4.0000,0,4,双平,S,2378.0000,0.0000,0.0000,0.0000,0.0000,2379.0000,0.0000,0.0000,0.0000,0.0000,106,0,0,0,0,58,0,0,0,0
zc,WS209,2012-06-05 09:01:22.133,2378.0000,260266,0,0.0000,0.0000,0,0,空换,S,2378.0000,0.0000,0.0000,0.0000,0.0000,2379.0000,0.0000,0.0000,0.0000,0.0000,109,0,0,0,0,58,0,0,0,0
zc,WS209,2012-06-05 09:01:22.820,2378.0000,260264,-2,0.0000,24.0000,11,13,多平,S,2378.0000,0.0000,0.0000,0.0000,0.0000,2379.0000,0.0000,0.0000,0.0000,0.0000,107,0,0,0,0,70,0,0,0,0
zc,WS209,2012-06-05 09:01:24.100,2379.0000,260256,-8,0.0000,8.0000,0,8,双平,B,2378.0000,0.0000,0.0000,0.0000,0.0000,2379.0000,0.0000,0.0000,0.0000,0.0000,104,0,0,0,0,66,0,0,0,0
zc,WS209,2012-06-05 09:01:24.837,2378.0000,260254,-2,0.0000,2.0000,0,2,双平,S,2378.0000,0.0000,0.0000,0.0000,0.0000,2379.0000,0.0000,0.0000,0.0000,0.0000,103,0,0,0,0,67,0,0,0,0
zc,WS209,2012-06-05 09:01:25.350,2378.0000,260238,-16,0.0000,16.0000,0,16,双平,S,2378.0000,0.0000,0.0000,0.0000,0.0000,2379.0000,0.0000,0.0000,0.0000,0.0000,95,0,0,0,0,59,0,0,0,0
zc,WS209,2012-06-05 09:01:26.070,2379.0000,260236,-2,0.0000,16.0000,7,9,空平,B,2378.0000,0.0000,0.0000,0.0000,0.0000,2379.0000,0.0000,0.0000,0.0000,0.0000,94,0,0,0,0,52,0,0,0,0
zc,WS209,2012-06-05 09:01:27.087,2378.0000,260230,-6,0.0000,6.0000,0,6,双平,S,2378.0000,0.0000,0.0000,0.0000,0.0000,2379.0000,0.0000,0.0000,0.0000,0.0000,92,0,0,0,0,51,0,0,0,0
zc,WS209,2012-06-05 09:01:27.883,2378.0000,260230,0,0.0000,0.0000,0,0,空换,S,2378.0000,0.0000,0.0000,0.0000,0.0000,2379.0000,0.0000,0.0000,0.0000,0.0000,89,0,0,0,0,52,0,0,0,0
zc,WS209,2012-06-05 09:01:28.633,2378.0000,260230,0,0.0000,0.0000,0,0,空换,S,2378.0000,0.0000,0.0000,0.0000,0.0000,2379.0000,0.0000,0.0000,0.0000,0.0000,90,0,0,0,0,53,0,0,0,0
zc,WS209,2012-06-05 09:01:29.100,2378.0000,260224,-6,0.0000,6.0000,0,6,双平,S,2378.0000,0.0000,0.0000,0.0000,0.0000,2379.0000,0.0000,0.0000,0.0000,0.0000,87,0,0,0,0,56,0,0,0,0
zc,WS209,2012-06-05 09:01:29.837,2378.0000,260224,0,0.0000,0.0000,0,0,空换,S,2378.0000,0.0000,0.0000,0.0000,0.0000,2379.0000,0.0000,0.0000,0.0000,0.0000,88,0,0,0,0,57,0,0,0,0
zc,WS209,2012-06-05 09:01:30.303,2379.0000,260224,0,0.0000,20.0000,10,10,多换,B,2378.0000,0.0000,0.0000,0.0000,0.0000,2379.0000,0.0000,0.0000,0.0000,0.0000,233,0,0,0,0,48,0,0,0,0
zc,WS209,2012-06-05 09:01:31.070,2378.0000,260220,-4,0.0000,6.0000,1,5,多平,S,2378.0000,0.0000,0.0000,0.0000,0.0000,2379.0000,0.0000,0.0000,0.0000,0.0000,232,0,0,0,0,50,0,0,0,0
zc,WS209,2012-06-05 09:01:31.523,2378.0000,260218,-2,0.0000,4.0000,1,3,多平,S,2378.0000,0.0000,0.0000,0.0000,0.0000,2379.0000,0.0000,0.0000,0.0000,0.0000,231,0,0,0,0,49,0,0,0,0
zc,WS209,2012-06-05 09:01:32.023,2378.0000,260218,0,0.0000,0.0000,0,0,空换,S,2378.0000,0.0000,0.0000,0.0000,0.0000,2379.0000,0.0000,0.0000,0.0000,0.0000,232,0,0,0,0,50,0,0,0,0
zc,WS209,2012-06-05 09:01:32.850,2378.0000,260218,0,0.0000,0.0000,0,0,空换,S,2378.0000,0.0000,0.0000,0.0000,0.0000,2379.0000,0.0000,0.0000,0.0000,0.0000,233,0,0,0,0,38,0,0,0,0
zc,WS209,2012-06-05 09:01:33.320,2379.0000,260216,-2,0.0000,2.0000,0,2,双平,B,2378.0000,0.0000,0.0000,0.0000,0.0000,2379.0000,0.0000,0.0000,0.0000,0.0000,233,0,0,0,0,37,0,0,0,0
zc,WS209,2012-06-05 09:01:34.070,2379.0000,260216,0,0.0000,0.0000,0,0,多换,B,2378.0000,0.0000,0.0000,0.0000,0.0000,2379.0000,0.0000,0.0000,0.0000,0.0000,233,0,0,0,0,39,0,0,0,0
zc,WS209,2012-06-05 09:01:34.537,2379.0000,260212,-4,0.0000,4.0000,0,4,双平,B,2378.0000,0.0000,0.0000,0.0000,0.0000,2379.0000,0.0000,0.0000,0.0000,0.0000,233,0,0,0,0,36,0,0,0,0
zc,WS209,2012-06-05 09:01:35.337,2379.0000,260212,0,0.0000,4.0000,2,2,多换,B,2378.0000,0.0000,0.0000,0.0000,0.0000,2379.0000,0.0000,0.0000,0.0000,0.0000,243,0,0,0,0,34,0,0,0,0
zc,WS209,2012-06-05 09:01:35.820,2379.0000,260236,24,0.0000,72.0000,48,24,多开,B,2379.0000,0.0000,0.0000,0.0000,0.0000,2380.0000,0.0000,0.0000,0.0000,0.0000,69,0,0,0,0,127,0,0,0,0
zc,WS209,2012-06-05 09:01:36.553,2379.0000,260254,18,0.0000,18.0000,18,0,双开,B,2379.0000,0.0000,0.0000,0.0000,0.0000,2380.0000,0.0000,0.0000,0.0000,0.0000,60,0,0,0,0,127,0,0,0,0
zc,WS209,2012-06-05 09:01:37.037,2379.0000,260278,24,0.0000,26.0000,25,1,多开,B,2379.0000,0.0000,0.0000,0.0000,0.0000,2380.0000,0.0000,0.0000,0.0000,0.0000,47,0,0,0,0,127,0,0,0,0
zc,WS209,2012-06-05 09:01:37.787,2379.0000,260276,-2,0.0000,8.0000,3,5,空平,B,2379.0000,0.0000,0.0000,0.0000,0.0000,2380.0000,0.0000,0.0000,0.0000,0.0000,44,0,0,0,0,126,0,0,0,0
zc,WS209,2012-06-05 09:01:39.100,2379.0000,260276,0,0.0000,0.0000,0,0,多换,B,2379.0000,0.0000,0.0000,0.0000,0.0000,2380.0000,0.0000,0.0000,0.0000,0.0000,45,0,0,0,0,123,0,0,0,0
zc,WS209,2012-06-05 09:01:39.553,2380.0000,260278,2,0.0000,6.0000,4,2,多开,B,2379.0000,0.0000,0.0000,0.0000,0.0000,2380.0000,0.0000,0.0000,0.0000,0.0000,46,0,0,0,0,121,0,0,0,0
zc,WS209,2012-06-05 09:01:40.053,2379.0000,260358,80,0.0000,80.0000,80,0,双开,S,2379.0000,0.0000,0.0000,0.0000,0.0000,2380.0000,0.0000,0.0000,0.0000,0.0000,7,0,0,0,0,121,0,0,0,0
zc,WS209,2012-06-05 09:01:40.553,2379.0000,260358,0,0.0000,0.0000,0,0,空换,S,2379.0000,0.0000,0.0000,0.0000,0.0000,2380.0000,0.0000,0.0000,0.0000,0.0000,9,0,0,0,0,136,0,0,0,0
zc,WS209,2012-06-05 09:01:41.303,2379.0000,260360,2,0.0000,2.0000,2,0,双开,S,2379.0000,0.0000,0.0000,0.0000,0.0000,2380.0000,0.0000,0.0000,0.0000,0.0000,72,0,0,0,0,140,0,0,0,0
zc,WS209,2012-06-05 09:01:41.837,2379.0000,260360,0,0.0000,0.0000,0,0,空换,S,2379.0000,0.0000,0.0000,0.0000,0.0000,2380.0000,0.0000,0.0000,0.0000,0.0000,72,0,0,0,0,139,0,0,0,0
zc,WS209,2012-06-05 09:01:42.553,2379.0000,260360,0,0.0000,0.0000,0,0,空换,S,2379.0000,0.0000,0.0000,0.0000,0.0000,2380.0000,0.0000,0.0000,0.0000,0.0000,73,0,0,0,0,139,0,0,0,0
zc,WS209,2012-06-05 09:01:43.070,2380.0000,260360,0,0.0000,4.0000,2,2,多换,B,2379.0000,0.0000,0.0000,0.0000,0.0000,2380.0000,0.0000,0.0000,0.0000,0.0000,72,0,0,0,0,139,0,0,0,0
zc,WS209,2012-06-05 09:01:43.883,2380.0000,260360,0,0.0000,2.0000,1,1,多换,B,2379.0000,0.0000,0.0000,0.0000,0.0000,2380.0000,0.0000,0.0000,0.0000,0.0000,74,0,0,0,0,155,0,0,0,0
zc,WS209,2012-06-05 09:01:44.320,2379.0000,260380,20,0.0000,26.0000,23,3,空开,S,2379.0000,0.0000,0.0000,0.0000,0.0000,2380.0000,0.0000,0.0000,0.0000,0.0000,64,0,0,0,0,155,0,0,0,0
zc,WS209,2012-06-05 09:01:45.367,2379.0000,260380,0,0.0000,2.0000,1,1,空换,S,2379.0000,0.0000,0.0000,0.0000,0.0000,2380.0000,0.0000,0.0000,0.0000,0.0000,63,0,0,0,0,156,0,0,0,0
zc,WS209,2012-06-05 09:01:45.837,2379.0000,260376,-4,0.0000,4.0000,0,4,双平,S,2379.0000,0.0000,0.0000,0.0000,0.0000,2380.0000,0.0000,0.0000,0.0000,0.0000,61,0,0,0,0,156,0,0,0,0
zc,WS209,2012-06-05 09:01:46.553,2380.0000,260360,-16,0.0000,18.0000,1,17,空平,B,2379.0000,0.0000,0.0000,0.0000,0.0000,2380.0000,0.0000,0.0000,0.0000,0.0000,61,0,0,0,0,147,0,0,0,0
zc,WS209,2012-06-05 09:01:47.117,2380.0000,260360,0,0.0000,0.0000,0,0,多换,B,2379.0000,0.0000,0.0000,0.0000,0.0000,2380.0000,0.0000,0.0000,0.0000,0.0000,61,0,0,0,0,159,0,0,0,0
zc,WS209,2012-06-05 09:01:47.820,2379.0000,260360,0,0.0000,2.0000,1,1,空换,S,2379.0000,0.0000,0.0000,0.0000,0.0000,2380.0000,0.0000,0.0000,0.0000,0.0000,60,0,0,0,0,159,0,0,0,0
zc,WS209,2012-06-05 09:01:48.383,2379.0000,260360,0,0.0000,0.0000,0,0,空换,S,2379.0000,0.0000,0.0000,0.0000,0.0000,2380.0000,0.0000,0.0000,0.0000,0.0000,61,0,0,0,0,161,0,0,0,0
zc,WS209,2012-06-05 09:01:49.867,2379.0000,260358,-2,0.0000,4.0000,1,3,多平,S,2379.0000,0.0000,0.0000,0.0000,0.0000,2380.0000,0.0000,0.0000,0.0000,0.0000,60,0,0,0,0,162,0,0,0,0
zc,WS209,2012-06-05 09:01:50.553,2379.0000,260356,-2,0.0000,2.0000,0,2,双平,S,2379.0000,0.0000,0.0000,0.0000,0.0000,2380.0000,0.0000,0.0000,0.0000,0.0000,59,0,0,0,0,162,0,0,0,0
zc,WS209,2012-06-05 09:01:51.053,2380.0000,260358,2,0.0000,2.0000,2,0,双开,B,2379.0000,0.0000,0.0000,0.0000,0.0000,2380.0000,0.0000,0.0000,0.0000,0.0000,59,0,0,0,0,161,0,0,0,0
zc,WS209,2012-06-05 09:01:51.803,2380.0000,260342,-16,0.0000,20.0000,2,18,空平,B,2379.0000,0.0000,0.0000,0.0000,0.0000,2380.0000,0.0000,0.0000,0.0000,0.0000,50,0,0,0,0,160,0,0,0,0
zc,WS209,2012-06-05 09:01:52.320,2379.0000,260336,-6,0.0000,16.0000,5,11,多平,S,2379.0000,0.0000,0.0000,0.0000,0.0000,2380.0000,0.0000,0.0000,0.0000,0.0000,49,0,0,0,0,154,0,0,0,0
zc,WS209,2012-06-05 09:01:52.850,2380.0000,260336,0,0.0000,2.0000,1,1,多换,B,2379.0000,0.0000,0.0000,0.0000,0.0000,2380.0000,0.0000,0.0000,0.0000,0.0000,50,0,0,0,0,155,0,0,0,0
zc,WS209,2012-06-05 09:01:54.820,2379.0000,260336,0,0.0000,14.0000,7,7,空换,S,2379.0000,0.0000,0.0000,0.0000,0.0000,2380.0000,0.0000,0.0000,0.0000,0.0000,45,0,0,0,0,142,0,0,0,0
zc,WS209,2012-06-05 09:01:55.087,2380.0000,260342,6,0.0000,74.0000,40,34,多开,B,2379.0000,0.0000,0.0000,0.0000,0.0000,2380.0000,0.0000,0.0000,0.0000,0.0000,44,0,0,0,0,117,0,0,0,0
zc,WS209,2012-06-05 09:01:55.820,2379.0000,260336,-6,0.0000,6.0000,0,6,双平,S,2379.0000,0.0000,0.0000,0.0000,0.0000,2380.0000,0.0000,0.0000,0.0000,0.0000,42,0,0,0,0,116,0,0,0,0
zc,WS209,2012-06-05 09:01:56.320,2380.0000,260338,2,0.0000,6.0000,4,2,多开,B,2379.0000,0.0000,0.0000,0.0000,0.0000,2380.0000,0.0000,0.0000,0.0000,0.0000,43,0,0,0,0,117,0,0,0,0
zc,WS209,2012-06-05 09:01:57.117,2380.0000,260338,0,0.0000,2.0000,1,1,多换,B,2379.0000,0.0000,0.0000,0.0000,0.0000,2380.0000,0.0000,0.0000,0.0000,0.0000,43,0,0,0,0,117,0,0,0,0
zc,WS209,2012-06-05 09:01:57.617,2380.0000,260344,6,0.0000,24.0000,15,9,多开,B,2379.0000,0.0000,0.0000,0.0000,0.0000,2380.0000,0.0000,0.0000,0.0000,0.0000,41,0,0,0,0,105,0,0,0,0
zc,WS209,2012-06-05 09:01:59.320,2379.0000,260344,0,0.0000,10.0000,5,5,空换,S,2379.0000,0.0000,0.0000,0.0000,0.0000,2380.0000,0.0000,0.0000,0.0000,0.0000,36,0,0,0,0,105,0,0,0,0
zc,WS209,2012-06-05 09:02:00.383,2379.0000,260344,0,0.0000,0.0000,0,0,空换,S,2379.0000,0.0000,0.0000,0.0000,0.0000,2380.0000,0.0000,0.0000,0.0000,0.0000,36,0,0,0,0,110,0,0,0,0
zc,WS209,2012-06-05 09:02:00.803,2379.0000,260344,0,0.0000,0.0000,0,0,空换,S,2379.0000,0.0000,0.0000,0.0000,0.0000,2380.0000,0.0000,0.0000,0.0000,0.0000,36,0,0,0,0,111,0,0,0,0
zc,WS209,2012-06-05 09:02:01.350,2380.0000,260354,10,0.0000,14.0000,12,2,多开,B,2379.0000,0.0000,0.0000,0.0000,0.0000,2380.0000,0.0000,0.0000,0.0000,0.0000,43,0,0,0,0,110,0,0,0,0
zc,WS209,2012-06-05 09:02:01.837,2380.0000,260354,0,0.0000,0.0000,0,0,多换,B,2379.0000,0.0000,0.0000,0.0000,0.0000,2380.0000,0.0000,0.0000,0.0000,0.0000,43,0,0,0,0,108,0,0,0,0
zc,WS209,2012-06-05 09:02:02.587,2379.0000,260348,-6,0.0000,8.0000,1,7,多平,S,2379.0000,0.0000,0.0000,0.0000,0.0000,2380.0000,0.0000,0.0000,0.0000,0.0000,40,0,0,0,0,116,0,0,0,0
zc,WS209,2012-06-05 09:02:03.087,2379.0000,260388,40,0.0000,452.0000,246,206,空开,S,2379.0000,0.0000,0.0000,0.0000,0.0000,2381.0000,0.0000,0.0000,0.0000,0.0000,15,0,0,0,0,93,0,0,0,0
zc,WS209,2012-06-05 09:02:03.867,2379.0000,260370,-18,0.0000,46.0000,14,32,多平,S,2379.0000,0.0000,0.0000,0.0000,0.0000,2381.0000,0.0000,0.0000,0.0000,0.0000,12,0,0,0,0,93,0,0,0,0
zc,WS209,2012-06-05 09:02:04.350,2379.0000,260370,0,0.0000,0.0000,0,0,空换,S,2379.0000,0.0000,0.0000,0.0000,0.0000,2381.0000,0.0000,0.0000,0.0000,0.0000,12,0,0,0,0,94,0,0,0,0
zc,WS209,2012-06-05 09:02:05.100,2380.0000,260366,-4,0.0000,6.0000,1,5,空平,B,2379.0000,0.0000,0.0000,0.0000,0.0000,2380.0000,0.0000,0.0000,0.0000,0.0000,9,0,0,0,0,5,0,0,0,0
zc,WS209,2012-06-05 09:02:05.570,2380.0000,260366,0,0.0000,10.0000,5,5,多换,B,2380.0000,0.0000,0.0000,0.0000,0.0000,2381.0000,0.0000,0.0000,0.0000,0.0000,2,0,0,0,0,94,0,0,0,0
zc,WS209,2012-06-05 09:02:06.820,2380.0000,260404,38,0.0000,40.0000,39,1,多开,B,2380.0000,0.0000,0.0000,0.0000,0.0000,2381.0000,0.0000,0.0000,0.0000,0.0000,32,0,0,0,0,94,0,0,0,0
zc,WS209,2012-06-05 09:02:07.600,2381.0000,260396,-8,0.0000,10.0000,1,9,空平,B,2380.0000,0.0000,0.0000,0.0000,0.0000,2381.0000,0.0000,0.0000,0.0000,0.0000,32,0,0,0,0,89,0,0,0,0
zc,WS209,2012-06-05 09:02:08.100,2380.0000,260396,0,0.0000,6.0000,3,3,空换,S,2380.0000,0.0000,0.0000,0.0000,0.0000,2381.0000,0.0000,0.0000,0.0000,0.0000,29,0,0,0,0,89,0,0,0,0
zc,WS209,2012-06-05 09:02:08.883,2380.0000,260400,4,0.0000,6.0000,5,1,空开,S,2380.0000,0.0000,0.0000,0.0000,0.0000,2381.0000,0.0000,0.0000,0.0000,0.0000,28,0,0,0,0,90,0,0,0,0
zc,WS209,2012-06-05 09:02:09.383,2381.0000,260404,4,0.0000,4.0000,4,0,双开,B,2380.0000,0.0000,0.0000,0.0000,0.0000,2381.0000,0.0000,0.0000,0.0000,0.0000,39,0,0,0,0,88,0,0,0,0
zc,WS209,2012-06-05 09:02:10.100,2380.0000,260414,10,0.0000,10.0000,10,0,双开,S,2380.0000,0.0000,0.0000,0.0000,0.0000,2381.0000,0.0000,0.0000,0.0000,0.0000,35,0,0,0,0,88,0,0,0,0
zc,WS209,2012-06-05 09:02:10.570,2380.0000,260414,0,0.0000,0.0000,0,0,空换,S,2380.0000,0.0000,0.0000,0.0000,0.0000,2381.0000,0.0000,0.0000,0.0000,0.0000,35,0,0,0,0,90,0,0,0,0
zc,WS209,2012-06-05 09:02:11.117,2380.0000,260416,2,0.0000,2.0000,2,0,双开,S,2380.0000,0.0000,0.0000,0.0000,0.0000,2381.0000,0.0000,0.0000,0.0000,0.0000,34,0,0,0,0,91,0,0,0,0
zc,WS209,2012-06-05 09:02:11.787,2381.0000,260416,0,0.0000,44.0000,22,22,多换,B,2380.0000,0.0000,0.0000,0.0000,0.0000,2381.0000,0.0000,0.0000,0.0000,0.0000,14,0,0,0,0,90,0,0,0,0
zc,WS209,2012-06-05 09:02:13.037,2380.0000,260416,0,0.0000,2.0000,1,1,空换,S,2380.0000,0.0000,0.0000,0.0000,0.0000,2381.0000,0.0000,0.0000,0.0000,0.0000,13,0,0,0,0,95,0,0,0,0
zc,WS209,2012-06-05 09:02:13.367,2380.0000,260420,4,0.0000,6.0000,5,1,空开,S,2380.0000,0.0000,0.0000,0.0000,0.0000,2381.0000,0.0000,0.0000,0.0000,0.0000,10,0,0,0,0,96,0,0,0,0
zc,WS209,2012-06-05 09:02:14.037,2380.0000,260420,0,0.0000,0.0000,0,0,空换,S,2380.0000,0.0000,0.0000,0.0000,0.0000,2381.0000,0.0000,0.0000,0.0000,0.0000,10,0,0,0,0,99,0,0,0,0
zc,WS209,2012-06-05 09:02:14.570,2380.0000,260422,2,0.0000,2.0000,2,0,双开,S,2380.0000,0.0000,0.0000,0.0000,0.0000,2381.0000,0.0000,0.0000,0.0000,0.0000,9,0,0,0,0,101,0,0,0,0
zc,WS209,2012-06-05 09:02:15.820,2380.0000,260422,0,0.0000,0.0000,0,0,空换,S,2380.0000,0.0000,0.0000,0.0000,0.0000,2381.0000,0.0000,0.0000,0.0000,0.0000,19,0,0,0,0,101,0,0,0,0
zc,WS209,2012-06-05 09:02:16.273,2380.0000,260422,0,0.0000,0.0000,0,0,空换,S,2380.0000,0.0000,0.0000,0.0000,0.0000,2381.0000,0.0000,0.0000,0.0000,0.0000,21,0,0,0,0,101,0,0,0,0
zc,WS209,2012-06-05 09:02:17.037,2381.0000,260420,-2,0.0000,2.0000,0,2,双平,B,2380.0000,0.0000,0.0000,0.0000,0.0000,2381.0000,0.0000,0.0000,0.0000,0.0000,21,0,0,0,0,120,0,0,0,0
zc,WS209,2012-06-05 09:02:17.587,2380.0000,260456,36,0.0000,36.0000,36,0,双开,S,2380.0000,0.0000,0.0000,0.0000,0.0000,2381.0000,0.0000,0.0000,0.0000,0.0000,3,0,0,0,0,120,0,0,0,0
zc,WS209,2012-06-05 09:02:18.617,2380.0000,260456,0,0.0000,2.0000,1,1,空换,S,2380.0000,0.0000,0.0000,0.0000,0.0000,2381.0000,0.0000,0.0000,0.0000,0.0000,2,0,0,0,0,120,0,0,0,0
zc,WS209,2012-06-05 09:02:19.383,2380.0000,260458,2,0.0000,2.0000,2,0,双开,S,2380.0000,0.0000,0.0000,0.0000,0.0000,2381.0000,0.0000,0.0000,0.0000,0.0000,1,0,0,0,0,121,0,0,0,0
zc,WS209,2012-06-05 09:02:20.133,2380.0000,260458,0,0.0000,20.0000,10,10,空换,S,2380.0000,0.0000,0.0000,0.0000,0.0000,2381.0000,0.0000,0.0000,0.0000,0.0000,74,0,0,0,0,120,0,0,0,0
zc,WS209,2012-06-05 09:02:20.867,2380.0000,260460,2,0.0000,2.0000,2,0,双开,S,2380.0000,0.0000,0.0000,0.0000,0.0000,2381.0000,0.0000,0.0000,0.0000,0.0000,78,0,0,0,0,120,0,0,0,0
zc,WS209,2012-06-05 09:02:21.383,2380.0000,260462,2,0.0000,2.0000,2,0,双开,S,2380.0000,0.0000,0.0000,0.0000,0.0000,2381.0000,0.0000,0.0000,0.0000,0.0000,77,0,0,0,0,120,0,0,0,0
zc,WS209,2012-06-05 09:02:22.087,2380.0000,260472,10,0.0000,12.0000,11,1,空开,S,2380.0000,0.0000,0.0000,0.0000,0.0000,2381.0000,0.0000,0.0000,0.0000,0.0000,71,0,0,0,0,120,0,0,0,0
zc,WS209,2012-06-05 09:02:22.850,2380.0000,260474,2,0.0000,8.0000,5,3,空开,S,2380.0000,0.0000,0.0000,0.0000,0.0000,2381.0000,0.0000,0.0000,0.0000,0.0000,67,0,0,0,0,117,0,0,0,0
zc,WS209,2012-06-05 09:02:23.600,2380.0000,260474,0,0.0000,20.0000,10,10,空换,S,2380.0000,0.0000,0.0000,0.0000,0.0000,2381.0000,0.0000,0.0000,0.0000,0.0000,63,0,0,0,0,119,0,0,0,0
zc,WS209,2012-06-05 09:02:23.850,2381.0000,260448,-26,0.0000,50.0000,12,38,空平,B,2380.0000,0.0000,0.0000,0.0000,0.0000,2381.0000,0.0000,0.0000,0.0000,0.0000,63,0,0,0,0,92,0,0,0,0
zc,WS209,2012-06-05 09:02:24.897,2381.0000,260438,-10,0.0000,10.0000,0,10,双平,B,2380.0000,0.0000,0.0000,0.0000,0.0000,2381.0000,0.0000,0.0000,0.0000,0.0000,65,0,0,0,0,88,0,0,0,0
zc,WS209,2012-06-05 09:02:25.320,2381.0000,260438,0,0.0000,6.0000,3,3,多换,B,2380.0000,0.0000,0.0000,0.0000,0.0000,2381.0000,0.0000,0.0000,0.0000,0.0000,64,0,0,0,0,87,0,0,0,0
zc,WS209,2012-06-05 09:02:26.117,2381.0000,260426,-12,0.0000,82.0000,35,47,空平,B,2380.0000,0.0000,0.0000,0.0000,0.0000,2381.0000,0.0000,0.0000,0.0000,0.0000,64,0,0,0,0,46,0,0,0,0
zc,WS209,2012-06-05 09:02:26.587,2381.0000,260440,14,0.0000,18.0000,16,2,多开,B,2380.0000,0.0000,0.0000,0.0000,0.0000,2381.0000,0.0000,0.0000,0.0000,0.0000,75,0,0,0,0,38,0,0,0,0
zc,WS209,2012-06-05 09:02:27.320,2380.0000,260464,24,0.0000,50.0000,37,13,空开,S,2380.0000,0.0000,0.0000,0.0000,0.0000,2381.0000,0.0000,0.0000,0.0000,0.0000,60,0,0,0,0,16,0,0,0,0
zc,WS209,2012-06-05 09:02:27.820,2381.0000,260460,-4,0.0000,26.0000,11,15,空平,B,2380.0000,0.0000,0.0000,0.0000,0.0000,2381.0000,0.0000,0.0000,0.0000,0.0000,78,0,0,0,0,33,0,0,0,0
zc,WS209,2012-06-05 09:02:28.633,2381.0000,260462,2,0.0000,6.0000,4,2,多开,B,2380.0000,0.0000,0.0000,0.0000,0.0000,2381.0000,0.0000,0.0000,0.0000,0.0000,77,0,0,0,0,32,0,0,0,0
zc,WS209,2012-06-05 09:02:29.087,2381.0000,260462,0,0.0000,0.0000,0,0,多换,B,2380.0000,0.0000,0.0000,0.0000,0.0000,2381.0000,0.0000,0.0000,0.0000,0.0000,71,0,0,0,0,32,0,0,0,0
zc,WS209,2012-06-05 09:02:29.773,2380.0000,260462,0,0.0000,10.0000,5,5,空换,S,2380.0000,0.0000,0.0000,0.0000,0.0000,2381.0000,0.0000,0.0000,0.0000,0.0000,67,0,0,0,0,36,0,0,0,0
zc,WS209,2012-06-05 09:02:30.303,2381.0000,260522,60,0.0000,72.0000,66,6,多开,B,2380.0000,0.0000,0.0000,0.0000,0.0000,2382.0000,0.0000,0.0000,0.0000,0.0000,59,0,0,0,0,155,0,0,0,0
zc,WS209,2012-06-05 09:02:31.070,2381.0000,260522,0,0.0000,0.0000,0,0,多换,B,2381.0000,0.0000,0.0000,0.0000,0.0000,2382.0000,0.0000,0.0000,0.0000,0.0000,1,0,0,0,0,156,0,0,0,0
zc,WS209,2012-06-05 09:02:32.117,2381.0000,260522,0,0.0000,2.0000,1,1,多换,B,2381.0000,0.0000,0.0000,0.0000,0.0000,2382.0000,0.0000,0.0000,0.0000,0.0000,22,0,0,0,0,156,0,0,0,0
zc,WS209,2012-06-05 09:02:33.117,2381.0000,260524,2,0.0000,8.0000,5,3,多开,B,2381.0000,0.0000,0.0000,0.0000,0.0000,2382.0000,0.0000,0.0000,0.0000,0.0000,23,0,0,0,0,156,0,0,0,0
zc,WS209,2012-06-05 09:02:33.617,2381.0000,260524,0,0.0000,0.0000,0,0,多换,B,2381.0000,0.0000,0.0000,0.0000,0.0000,2382.0000,0.0000,0.0000,0.0000,0.0000,26,0,0,0,0,155,0,0,0,0
zc,WS209,2012-06-05 09:02:34.303,2382.0000,260524,0,0.0000,4.0000,2,2,多换,B,2381.0000,0.0000,0.0000,0.0000,0.0000,2382.0000,0.0000,0.0000,0.0000,0.0000,25,0,0,0,0,154,0,0,0,0
zc,WS209,2012-06-05 09:02:34.820,2381.0000,260528,4,0.0000,4.0000,4,0,双开,S,2381.0000,0.0000,0.0000,0.0000,0.0000,2382.0000,0.0000,0.0000,0.0000,0.0000,24,0,0,0,0,155,0,0,0,0
zc,WS209,2012-06-05 09:02:35.570,2381.0000,260528,0,0.0000,2.0000,1,1,空换,S,2381.0000,0.0000,0.0000,0.0000,0.0000,2382.0000,0.0000,0.0000,0.0000,0.0000,23,0,0,0,0,155,0,0,0,0
zc,WS209,2012-06-05 09:02:39.663,2381.0000,260362,-166,0.0000,218.0000,26,192,多平,S,2380.0000,0.0000,0.0000,0.0000,0.0000,2381.0000,0.0000,0.0000,0.0000,0.0000,55,0,0,0,0,116,0,0,0,0
zc,WS209,2012-06-05 09:02:40.897,2381.0000,260358,-4,0.0000,4.0000,0,4,双平,S,2380.0000,0.0000,0.0000,0.0000,0.0000,2381.0000,0.0000,0.0000,0.0000,0.0000,56,0,0,0,0,123,0,0,0,0
zc,WS209,2012-06-05 09:02:41.617,2381.0000,260358,0,0.0000,0.0000,0,0,空换,S,2380.0000,0.0000,0.0000,0.0000,0.0000,2381.0000,0.0000,0.0000,0.0000,0.0000,56,0,0,0,0,133,0,0,0,0
zc,WS209,2012-06-05 09:02:42.633,2380.0000,260358,0,0.0000,4.0000,2,2,空换,S,2380.0000,0.0000,0.0000,0.0000,0.0000,2381.0000,0.0000,0.0000,0.0000,0.0000,56,0,0,0,0,133,0,0,0,0
zc,WS209,2012-06-05 09:02:43.633,2380.0000,260338,-20,0.0000,302.0000,141,161,多平,S,2378.0000,0.0000,0.0000,0.0000,0.0000,2381.0000,0.0000,0.0000,0.0000,0.0000,151,0,0,0,0,133,0,0,0,0
zc,WS209,2012-06-05 09:02:44.070,2381.0000,260338,0,0.0000,2.0000,1,1,多换,B,2379.0000,0.0000,0.0000,0.0000,0.0000,2380.0000,0.0000,0.0000,0.0000,0.0000,1,0,0,0,0,20,0,0,0,0
zc,WS209,2012-06-05 09:02:44.897,2379.0000,260338,0,0.0000,4.0000,2,2,空换,S,2378.0000,0.0000,0.0000,0.0000,0.0000,2380.0000,0.0000,0.0000,0.0000,0.0000,152,0,0,0,0,20,0,0,0,0
zc,WS209,2012-06-05 09:02:48.350,2379.0000,260338,0,0.0000,0.0000,0,0,空换,S,2378.0000,0.0000,0.0000,0.0000,0.0000,2380.0000,0.0000,0.0000,0.0000,0.0000,149,0,0,0,0,20,0,0,0,0
zc,WS209,2012-06-05 09:02:49.570,2379.0000,260338,0,0.0000,0.0000,0,0,空换,S,2379.0000,0.0000,0.0000,0.0000,0.0000,2380.0000,0.0000,0.0000,0.0000,0.0000,1,0,0,0,0,32,0,0,0,0
zc,WS209,2012-06-05 09:02:52.133,2379.0000,260340,2,0.0000,6.0000,4,2,空开,S,2378.0000,0.0000,0.0000,0.0000,0.0000,2379.0000,0.0000,0.0000,0.0000,0.0000,149,0,0,0,0,4,0,0,0,0
zc,WS209,2012-06-05 09:02:52.803,2379.0000,260340,0,0.0000,6.0000,3,3,空换,S,2378.0000,0.0000,0.0000,0.0000,0.0000,2379.0000,0.0000,0.0000,0.0000,0.0000,149,0,0,0,0,1,0,0,0,0
zc,WS209,2012-06-05 09:02:53.320,2379.0000,260342,2,0.0000,2.0000,2,0,双开,S,2378.0000,0.0000,0.0000,0.0000,0.0000,2380.0000,0.0000,0.0000,0.0000,0.0000,149,0,0,0,0,30,0,0,0,0
zc,WS209,2012-06-05 09:02:54.037,2379.0000,260342,0,0.0000,0.0000,0,0,空换,S,2378.0000,0.0000,0.0000,0.0000,0.0000,2380.0000,0.0000,0.0000,0.0000,0.0000,159,0,0,0,0,32,0,0,0,0
zc,WS209,2012-06-05 09:02:55.350,2378.0000,260340,-2,0.0000,2.0000,0,2,双平,S,2378.0000,0.0000,0.0000,0.0000,0.0000,2380.0000,0.0000,0.0000,0.0000,0.0000,158,0,0,0,0,32,0,0,0,0
zc,WS209,2012-06-05 09:02:55.837,2379.0000,260342,2,0.0000,4.0000,3,1,多开,B,2379.0000,0.0000,0.0000,0.0000,0.0000,2380.0000,0.0000,0.0000,0.0000,0.0000,2,0,0,0,0,31,0,0,0,0
zc,WS209,2012-06-05 09:02:57.837,2379.0000,260342,0,0.0000,4.0000,2,2,多换,B,2378.0000,0.0000,0.0000,0.0000,0.0000,2380.0000,0.0000,0.0000,0.0000,0.0000,161,0,0,0,0,31,0,0,0,0
zc,WS209,2012-06-05 09:02:58.383,2379.0000,260342,0,0.0000,0.0000,0,0,多换,B,2379.0000,0.0000,0.0000,0.0000,0.0000,2380.0000,0.0000,0.0000,0.0000,0.0000,2,0,0,0,0,34,0,0,0,0
zc,WS209,2012-06-05 09:02:59.303,2379.0000,260342,0,0.0000,2.0000,1,1,多换,B,2379.0000,0.0000,0.0000,0.0000,0.0000,2380.0000,0.0000,0.0000,0.0000,0.0000,3,0,0,0,0,34,0,0,0,0
zc,WS209,2012-06-05 09:03:00.337,2380.0000,260374,32,0.0000,34.0000,33,1,多开,B,2379.0000,0.0000,0.0000,0.0000,0.0000,2380.0000,0.0000,0.0000,0.0000,0.0000,11,0,0,0,0,31,0,0,0,0
zc,WS209,2012-06-05 09:03:00.617,2379.0000,260386,12,0.0000,32.0000,22,10,空开,S,2378.0000,0.0000,0.0000,0.0000,0.0000,2379.0000,0.0000,0.0000,0.0000,0.0000,160,0,0,0,0,36,0,0,0,0
zc,WS209,2012-06-05 09:03:01.523,2379.0000,260406,20,0.0000,20.0000,20,0,双开,S,2378.0000,0.0000,0.0000,0.0000,0.0000,2379.0000,0.0000,0.0000,0.0000,0.0000,158,0,0,0,0,26,0,0,0,0
zc,WS209,2012-06-05 09:03:02.100,2379.0000,260410,4,0.0000,4.0000,4,0,双开,S,2378.0000,0.0000,0.0000,0.0000,0.0000,2379.0000,0.0000,0.0000,0.0000,0.0000,189,0,0,0,0,24,0,0,0,0
zc,WS209,2012-06-05 09:03:02.803,2379.0000,260418,8,0.0000,22.0000,15,7,空开,S,2378.0000,0.0000,0.0000,0.0000,0.0000,2379.0000,0.0000,0.0000,0.0000,0.0000,186,0,0,0,0,16,0,0,0,0
zc,WS209,2012-06-05 09:03:04.100,2379.0000,260418,0,0.0000,2.0000,1,1,空换,S,2378.0000,0.0000,0.0000,0.0000,0.0000,2379.0000,0.0000,0.0000,0.0000,0.0000,189,0,0,0,0,15,0,0,0,0
zc,WS209,2012-06-05 09:03:04.537,2379.0000,260448,30,0.0000,30.0000,30,0,双开,S,2378.0000,0.0000,0.0000,0.0000,0.0000,2380.0000,0.0000,0.0000,0.0000,0.0000,180,0,0,0,0,35,0,0,0,0
zc,WS209,2012-06-05 09:03:05.617,2379.0000,260448,0,0.0000,0.0000,0,0,空换,S,2378.0000,0.0000,0.0000,0.0000,0.0000,2380.0000,0.0000,0.0000,0.0000,0.0000,182,0,0,0,0,36,0,0,0,0
zc,WS209,2012-06-05 09:03:06.053,2379.0000,260448,0,0.0000,0.0000,0,0,空换,S,2378.0000,0.0000,0.0000,0.0000,0.0000,2380.0000,0.0000,0.0000,0.0000,0.0000,183,0,0,0,0,36,0,0,0,0
zc,WS209,2012-06-05 09:03:06.570,2380.0000,260450,2,0.0000,2.0000,2,0,双开,B,2378.0000,0.0000,0.0000,0.0000,0.0000,2380.0000,0.0000,0.0000,0.0000,0.0000,184,0,0,0,0,35,0,0,0,0
zc,WS209,2012-06-05 09:03:07.087,2380.0000,260452,2,0.0000,2.0000,2,0,双开,B,2378.0000,0.0000,0.0000,0.0000,0.0000,2380.0000,0.0000,0.0000,0.0000,0.0000,185,0,0,0,0,34,0,0,0,0
zc,WS209,2012-06-05 09:03:07.820,2380.0000,260458,6,0.0000,6.0000,6,0,双开,B,2378.0000,0.0000,0.0000,0.0000,0.0000,2380.0000,0.0000,0.0000,0.0000,0.0000,188,0,0,0,0,31,0,0,0,0
zc,WS209,2012-06-05 09:03:08.337,2380.0000,260458,0,0.0000,0.0000,0,0,多换,B,2378.0000,0.0000,0.0000,0.0000,0.0000,2380.0000,0.0000,0.0000,0.0000,0.0000,189,0,0,0,0,30,0,0,0,0
zc,WS209,2012-06-05 09:03:09.087,2380.0000,260458,0,0.0000,0.0000,0,0,多换,B,2379.0000,0.0000,0.0000,0.0000,0.0000,2380.0000,0.0000,0.0000,0.0000,0.0000,1,0,0,0,0,30,0,0,0,0
zc,WS209,2012-06-05 09:03:10.600,2380.0000,260458,0,0.0000,2.0000,1,1,多换,B,2379.0000,0.0000,0.0000,0.0000,0.0000,2380.0000,0.0000,0.0000,0.0000,0.0000,1,0,0,0,0,29,0,0,0,0
zc,WS209,2012-06-05 09:03:11.303,2379.0000,260460,2,0.0000,2.0000,2,0,双开,S,2379.0000,0.0000,0.0000,0.0000,0.0000,2380.0000,0.0000,0.0000,0.0000,0.0000,1,0,0,0,0,29,0,0,0,0
zc,WS209,2012-06-05 09:03:12.537,2379.0000,260460,0,0.0000,0.0000,0,0,空换,S,2379.0000,0.0000,0.0000,0.0000,0.0000,2380.0000,0.0000,0.0000,0.0000,0.0000,1,0,0,0,0,30,0,0,0,0
zc,WS209,2012-06-05 09:03:13.320,2379.0000,260460,0,0.0000,2.0000,1,1,空换,S,2378.0000,0.0000,0.0000,0.0000,0.0000,2379.0000,0.0000,0.0000,0.0000,0.0000,188,0,0,0,0,1,0,0,0,0
zc,WS209,2012-06-05 09:03:13.867,2379.0000,260462,2,0.0000,16.0000,9,7,空开,S,2378.0000,0.0000,0.0000,0.0000,0.0000,2380.0000,0.0000,0.0000,0.0000,0.0000,180,0,0,0,0,30,0,0,0,0
zc,WS209,2012-06-05 09:03:16.383,2379.0000,260462,0,0.0000,0.0000,0,0,空换,S,2378.0000,0.0000,0.0000,0.0000,0.0000,2380.0000,0.0000,0.0000,0.0000,0.0000,182,0,0,0,0,30,0,0,0,0
zc,WS209,2012-06-05 09:03:16.850,2379.0000,260462,0,0.0000,2.0000,1,1,空换,S,2379.0000,0.0000,0.0000,0.0000,0.0000,2380.0000,0.0000,0.0000,0.0000,0.0000,8,0,0,0,0,39,0,0,0,0
zc,WS209,2012-06-05 09:03:17.587,2379.0000,260462,0,0.0000,0.0000,0,0,空换,S,2379.0000,0.0000,0.0000,0.0000,0.0000,2380.0000,0.0000,0.0000,0.0000,0.0000,8,0,0,0,0,40,0,0,0,0
zc,WS209,2012-06-05 09:03:18.133,2379.0000,260462,0,0.0000,2.0000,1,1,空换,S,2379.0000,0.0000,0.0000,0.0000,0.0000,2380.0000,0.0000,0.0000,0.0000,0.0000,8,0,0,0,0,40,0,0,0,0
zc,WS209,2012-06-05 09:03:18.837,2380.0000,260514,52,0.0000,62.0000,57,5,多开,B,2379.0000,0.0000,0.0000,0.0000,0.0000,2380.0000,0.0000,0.0000,0.0000,0.0000,7,0,0,0,0,11,0,0,0,0
zc,WS209,2012-06-05 09:03:19.367,2380.0000,260526,12,0.0000,12.0000,12,0,双开,B,2379.0000,0.0000,0.0000,0.0000,0.0000,2380.0000,0.0000,0.0000,0.0000,0.0000,7,0,0,0,0,5,0,0,0,0
zc,WS209,2012-06-05 09:03:21.337,2380.0000,260532,6,0.0000,10.0000,8,2,多开,B,2379.0000,0.0000,0.0000,0.0000,0.0000,2381.0000,0.0000,0.0000,0.0000,0.0000,8,0,0,0,0,161,0,0,0,0
zc,WS209,2012-06-05 09:03:21.837,2379.0000,260534,2,0.0000,2.0000,2,0,双开,S,2379.0000,0.0000,0.0000,0.0000,0.0000,2381.0000,0.0000,0.0000,0.0000,0.0000,7,0,0,0,0,152,0,0,0,0
zc,WS209,2012-06-05 09:03:22.617,2379.0000,260554,20,0.0000,20.0000,20,0,双开,S,2379.0000,0.0000,0.0000,0.0000,0.0000,2380.0000,0.0000,0.0000,0.0000,0.0000,12,0,0,0,0,1,0,0,0,0
zc,WS209,2012-06-05 09:03:23.100,2379.0000,260554,0,0.0000,4.0000,2,2,空换,S,2379.0000,0.0000,0.0000,0.0000,0.0000,2381.0000,0.0000,0.0000,0.0000,0.0000,10,0,0,0,0,152,0,0,0,0
zc,WS209,2012-06-05 09:03:23.803,2381.0000,260554,0,0.0000,4.0000,2,2,多换,B,2379.0000,0.0000,0.0000,0.0000,0.0000,2381.0000,0.0000,0.0000,0.0000,0.0000,10,0,0,0,0,150,0,0,0,0
zc,WS209,2012-06-05 09:03:24.367,2381.0000,260550,-4,0.0000,4.0000,0,4,双平,B,2379.0000,0.0000,0.0000,0.0000,0.0000,2381.0000,0.0000,0.0000,0.0000,0.0000,10,0,0,0,0,148,0,0,0,0
zc,WS209,2012-06-05 09:03:25.133,2379.0000,260550,0,0.0000,70.0000,35,35,空换,S,2379.0000,0.0000,0.0000,0.0000,0.0000,2380.0000,0.0000,0.0000,0.0000,0.0000,8,0,0,0,0,1,0,0,0,0
zc,WS209,2012-06-05 09:03:25.740,2380.0000,260552,2,0.0000,6.0000,4,2,多开,B,2379.0000,0.0000,0.0000,0.0000,0.0000,2381.0000,0.0000,0.0000,0.0000,0.0000,7,0,0,0,0,115,0,0,0,0
zc,WS209,2012-06-05 09:03:26.430,2379.0000,260552,0,0.0000,2.0000,1,1,空换,S,2379.0000,0.0000,0.0000,0.0000,0.0000,2381.0000,0.0000,0.0000,0.0000,0.0000,6,0,0,0,0,115,0,0,0,0
zc,WS209,2012-06-05 09:03:27.600,2380.0000,260552,0,0.0000,2.0000,1,1,多换,B,2379.0000,0.0000,0.0000,0.0000,0.0000,2381.0000,0.0000,0.0000,0.0000,0.0000,5,0,0,0,0,115,0,0,0,0
zc,WS209,2012-06-05 09:03:28.087,2380.0000,260552,0,0.0000,0.0000,0,0,多换,B,2379.0000,0.0000,0.0000,0.0000,0.0000,2381.0000,0.0000,0.0000,0.0000,0.0000,8,0,0,0,0,115,0,0,0,0
zc,WS209,2012-06-05 09:03:28.773,2380.0000,260552,0,0.0000,0.0000,0,0,多换,B,2379.0000,0.0000,0.0000,0.0000,0.0000,2380.0000,0.0000,0.0000,0.0000,0.0000,8,0,0,0,0,1,0,0,0,0
zc,WS209,2012-06-05 09:03:29.350,2381.0000,260552,0,0.0000,20.0000,10,10,多换,B,2379.0000,0.0000,0.0000,0.0000,0.0000,2381.0000,0.0000,0.0000,0.0000,0.0000,8,0,0,0,0,315,0,0,0,0
zc,WS209,2012-06-05 09:03:29.883,2381.0000,260552,0,0.0000,0.0000,0,0,多换,B,2379.0000,0.0000,0.0000,0.0000,0.0000,2381.0000,0.0000,0.0000,0.0000,0.0000,8,0,0,0,0,316,0,0,0,0
zc,WS209,2012-06-05 09:03:30.570,2381.0000,260552,0,0.0000,2.0000,1,1,多换,B,2379.0000,0.0000,0.0000,0.0000,0.0000,2381.0000,0.0000,0.0000,0.0000,0.0000,8,0,0,0,0,315,0,0,0,0
zc,WS209,2012-06-05 09:03:31.600,2380.0000,260554,2,0.0000,2.0000,2,0,双开,S,2379.0000,0.0000,0.0000,0.0000,0.0000,2381.0000,0.0000,0.0000,0.0000,0.0000,8,0,0,0,0,315,0,0,0,0
zc,WS209,2012-06-05 09:03:32.100,2379.0000,260556,2,0.0000,2.0000,2,0,双开,S,2379.0000,0.0000,0.0000,0.0000,0.0000,2381.0000,0.0000,0.0000,0.0000,0.0000,7,0,0,0,0,317,0,0,0,0
zc,WS209,2012-06-05 09:03:32.867,2379.0000,260556,0,0.0000,2.0000,1,1,空换,S,2379.0000,0.0000,0.0000,0.0000,0.0000,2380.0000,0.0000,0.0000,0.0000,0.0000,6,0,0,0,0,4,0,0,0,0
zc,WS209,2012-06-05 09:03:34.133,2380.0000,260562,6,0.0000,8.0000,7,1,多开,B,2380.0000,0.0000,0.0000,0.0000,0.0000,2381.0000,0.0000,0.0000,0.0000,0.0000,1,0,0,0,0,314,0,0,0,0
zc,WS209,2012-06-05 09:03:34.850,2380.0000,260542,-20,0.0000,114.0000,47,67,空平,B,2379.0000,0.0000,0.0000,0.0000,0.0000,2381.0000,0.0000,0.0000,0.0000,0.0000,15,0,0,0,0,314,0,0,0,0
zc,WS209,2012-06-05 09:03:35.587,2380.0000,260542,0,0.0000,38.0000,19,19,多换,B,2380.0000,0.0000,0.0000,0.0000,0.0000,2381.0000,0.0000,0.0000,0.0000,0.0000,95,0,0,0,0,313,0,0,0,0
zc,WS209,2012-06-05 09:03:36.413,2381.0000,260542,0,0.0000,8.0000,4,4,多换,B,2380.0000,0.0000,0.0000,0.0000,0.0000,2381.0000,0.0000,0.0000,0.0000,0.0000,100,0,0,0,0,310,0,0,0,0
zc,WS209,2012-06-05 09:03:37.117,2381.0000,260542,0,0.0000,0.0000,0,0,多换,B,2380.0000,0.0000,0.0000,0.0000,0.0000,2381.0000,0.0000,0.0000,0.0000,0.0000,101,0,0,0,0,310,0,0,0,0
zc,WS209,2012-06-05 09:03:38.367,2380.0000,260546,4,0.0000,4.0000,4,0,双开,S,2380.0000,0.0000,0.0000,0.0000,0.0000,2381.0000,0.0000,0.0000,0.0000,0.0000,99,0,0,0,0,310,0,0,0,0
zc,WS209,2012-06-05 09:03:38.867,2380.0000,260554,8,0.0000,16.0000,12,4,空开,S,2380.0000,0.0000,0.0000,0.0000,0.0000,2381.0000,0.0000,0.0000,0.0000,0.0000,49,0,0,0,0,310,0,0,0,0
zc,WS209,2012-06-05 09:03:39.553,2380.0000,260554,0,0.0000,0.0000,0,0,空换,S,2380.0000,0.0000,0.0000,0.0000,0.0000,2381.0000,0.0000,0.0000,0.0000,0.0000,7,0,0,0,0,311,0,0,0,0
zc,WS209,2012-06-05 09:03:40.820,2381.0000,260554,0,0.0000,2.0000,1,1,多换,B,2380.0000,0.0000,0.0000,0.0000,0.0000,2381.0000,0.0000,0.0000,0.0000,0.0000,7,0,0,0,0,310,0,0,0,0
zc,WS209,2012-06-05 09:03:41.350,2381.0000,260554,0,0.0000,0.0000,0,0,多换,B,2380.0000,0.0000,0.0000,0.0000,0.0000,2381.0000,0.0000,0.0000,0.0000,0.0000,7,0,0,0,0,318,0,0,0,0
zc,WS209,2012-06-05 09:03:42.087,2380.0000,260560,6,0.0000,12.0000,9,3,空开,S,2380.0000,0.0000,0.0000,0.0000,0.0000,2381.0000,0.0000,0.0000,0.0000,0.0000,1,0,0,0,0,318,0,0,0,0
zc,WS209,2012-06-05 09:03:42.553,2380.0000,260562,2,0.0000,2.0000,2,0,双开,S,2379.0000,0.0000,0.0000,0.0000,0.0000,2380.0000,0.0000,0.0000,0.0000,0.0000,117,0,0,0,0,19,0,0,0,0
zc,WS209,2012-06-05 09:03:43.367,2381.0000,260052,-510,0.0000,678.0000,84,594,空平,B,2381.0000,0.0000,0.0000,0.0000,0.0000,2382.0000,0.0000,0.0000,0.0000,0.0000,181,0,0,0,0,173,0,0,0,0
zc,WS209,2012-06-05 09:03:44.100,2381.0000,260052,0,0.0000,0.0000,0,0,多换,B,2381.0000,0.0000,0.0000,0.0000,0.0000,2382.0000,0.0000,0.0000,0.0000,0.0000,182,0,0,0,0,173,0,0,0,0
zc,WS209,2012-06-05 09:03:44.537,2381.0000,260052,0,0.0000,0.0000,0,0,多换,B,2381.0000,0.0000,0.0000,0.0000,0.0000,2382.0000,0.0000,0.0000,0.0000,0.0000,182,0,0,0,0,171,0,0,0,0
zc,WS209,2012-06-05 09:03:45.087,2381.0000,260052,0,0.0000,2.0000,1,1,多换,B,2381.0000,0.0000,0.0000,0.0000,0.0000,2382.0000,0.0000,0.0000,0.0000,0.0000,183,0,0,0,0,171,0,0,0,0
zc,WS209,2012-06-05 09:03:45.837,2381.0000,260098,46,0.0000,102.0000,74,28,多开,B,2381.0000,0.0000,0.0000,0.0000,0.0000,2382.0000,0.0000,0.0000,0.0000,0.0000,182,0,0,0,0,121,0,0,0,0
zc,WS209,2012-06-05 09:03:46.553,2381.0000,260098,0,0.0000,2.0000,1,1,多换,B,2381.0000,0.0000,0.0000,0.0000,0.0000,2382.0000,0.0000,0.0000,0.0000,0.0000,181,0,0,0,0,121,0,0,0,0
zc,WS209,2012-06-05 09:03:47.117,2382.0000,260098,0,0.0000,6.0000,3,3,多换,B,2381.0000,0.0000,0.0000,0.0000,0.0000,2382.0000,0.0000,0.0000,0.0000,0.0000,181,0,0,0,0,118,0,0,0,0
zc,WS209,2012-06-05 09:03:47.867,2381.0000,260096,-2,0.0000,2.0000,0,2,双平,S,2381.0000,0.0000,0.0000,0.0000,0.0000,2382.0000,0.0000,0.0000,0.0000,0.0000,180,0,0,0,0,118,0,0,0,0
zc,WS209,2012-06-05 09:03:48.273,2382.0000,260096,0,0.0000,2.0000,1,1,多换,B,2381.0000,0.0000,0.0000,0.0000,0.0000,2382.0000,0.0000,0.0000,0.0000,0.0000,180,0,0,0,0,116,0,0,0,0
zc,WS209,2012-06-05 09:03:49.053,2382.0000,260088,-8,0.0000,8.0000,0,8,双平,B,2381.0000,0.0000,0.0000,0.0000,0.0000,2382.0000,0.0000,0.0000,0.0000,0.0000,179,0,0,0,0,112,0,0,0,0
zc,WS209,2012-06-05 09:03:49.803,2382.0000,260086,-2,0.0000,4.0000,1,3,空平,B,2381.0000,0.0000,0.0000,0.0000,0.0000,2382.0000,0.0000,0.0000,0.0000,0.0000,178,0,0,0,0,113,0,0,0,0
zc,WS209,2012-06-05 09:03:50.350,2382.0000,260086,0,0.0000,0.0000,0,0,多换,B,2381.0000,0.0000,0.0000,0.0000,0.0000,2382.0000,0.0000,0.0000,0.0000,0.0000,244,0,0,0,0,114,0,0,0,0
zc,WS209,2012-06-05 09:03:51.087,2382.0000,260086,0,0.0000,0.0000,0,0,多换,B,2381.0000,0.0000,0.0000,0.0000,0.0000,2382.0000,0.0000,0.0000,0.0000,0.0000,245,0,0,0,0,114,0,0,0,0
zc,WS209,2012-06-05 09:03:52.303,2382.0000,260086,0,0.0000,40.0000,20,20,多换,B,2381.0000,0.0000,0.0000,0.0000,0.0000,2382.0000,0.0000,0.0000,0.0000,0.0000,245,0,0,0,0,94,0,0,0,0
zc,WS209,2012-06-05 09:03:53.053,2382.0000,260086,0,0.0000,0.0000,0,0,多换,B,2381.0000,0.0000,0.0000,0.0000,0.0000,2382.0000,0.0000,0.0000,0.0000,0.0000,245,0,0,0,0,114,0,0,0,0
zc,WS209,2012-06-05 09:03:53.587,2382.0000,259924,-162,0.0000,230.0000,34,196,空平,B,2382.0000,0.0000,0.0000,0.0000,0.0000,2383.0000,0.0000,0.0000,0.0000,0.0000,30,0,0,0,0,106,0,0,0,0
zc,WS209,2012-06-05 09:03:54.337,2382.0000,259924,0,0.0000,0.0000,0,0,多换,B,2382.0000,0.0000,0.0000,0.0000,0.0000,2383.0000,0.0000,0.0000,0.0000,0.0000,30,0,0,0,0,109,0,0,0,0
zc,WS209,2012-06-05 09:03:54.883,2383.0000,259912,-12,0.0000,16.0000,2,14,空平,B,2382.0000,0.0000,0.0000,0.0000,0.0000,2383.0000,0.0000,0.0000,0.0000,0.0000,33,0,0,0,0,102,0,0,0,0
zc,WS209,2012-06-05 09:03:56.100,2383.0000,259912,0,0.0000,4.0000,2,2,多换,B,2382.0000,0.0000,0.0000,0.0000,0.0000,2383.0000,0.0000,0.0000,0.0000,0.0000,33,0,0,0,0,100,0,0,0,0
zc,WS209,2012-06-05 09:03:56.850,2383.0000,259844,-68,0.0000,68.0000,0,68,双平,B,2382.0000,0.0000,0.0000,0.0000,0.0000,2383.0000,0.0000,0.0000,0.0000,0.0000,35,0,0,0,0,67,0,0,0,0
zc,WS209,2012-06-05 09:03:57.337,2383.0000,259844,0,0.0000,4.0000,2,2,多换,B,2382.0000,0.0000,0.0000,0.0000,0.0000,2383.0000,0.0000,0.0000,0.0000,0.0000,35,0,0,0,0,67,0,0,0,0
zc,WS209,2012-06-05 09:03:58.087,2383.0000,259844,0,0.0000,0.0000,0,0,多换,B,2382.0000,0.0000,0.0000,0.0000,0.0000,2383.0000,0.0000,0.0000,0.0000,0.0000,42,0,0,0,0,67,0,0,0,0
zc,WS209,2012-06-05 09:03:58.537,2383.0000,259842,-2,0.0000,2.0000,0,2,双平,B,2382.0000,0.0000,0.0000,0.0000,0.0000,2383.0000,0.0000,0.0000,0.0000,0.0000,72,0,0,0,0,66,0,0,0,0
zc,WS209,2012-06-05 09:03:59.303,2383.0000,259842,0,0.0000,2.0000,1,1,多换,B,2382.0000,0.0000,0.0000,0.0000,0.0000,2383.0000,0.0000,0.0000,0.0000,0.0000,72,0,0,0,0,65,0,0,0,0
zc,WS209,2012-06-05 09:04:00.663,2383.0000,259844,2,0.0000,12.0000,7,5,多开,B,2382.0000,0.0000,0.0000,0.0000,0.0000,2383.0000,0.0000,0.0000,0.0000,0.0000,80,0,0,0,0,61,0,0,0,0
zc,WS209,2012-06-05 09:04:00.787,2382.0000,259828,-16,0.0000,24.0000,4,20,多平,S,2382.0000,0.0000,0.0000,0.0000,0.0000,2383.0000,0.0000,0.0000,0.0000,0.0000,72,0,0,0,0,57,0,0,0,0
zc,WS209,2012-06-05 09:04:01.617,2382.0000,259828,0,0.0000,0.0000,0,0,空换,S,2382.0000,0.0000,0.0000,0.0000,0.0000,2383.0000,0.0000,0.0000,0.0000,0.0000,72,0,0,0,0,67,0,0,0,0
zc,WS209,2012-06-05 09:04:02.383,2383.0000,259828,0,0.0000,14.0000,7,7,多换,B,2382.0000,0.0000,0.0000,0.0000,0.0000,2383.0000,0.0000,0.0000,0.0000,0.0000,72,0,0,0,0,60,0,0,0,0
zc,WS209,2012-06-05 09:04:02.837,2383.0000,259828,0,0.0000,2.0000,1,1,多换,B,2382.0000,0.0000,0.0000,0.0000,0.0000,2383.0000,0.0000,0.0000,0.0000,0.0000,72,0,0,0,0,59,0,0,0,0
zc,WS209,2012-06-05 09:04:03.570,2383.0000,259828,0,0.0000,2.0000,1,1,多换,B,2382.0000,0.0000,0.0000,0.0000,0.0000,2383.0000,0.0000,0.0000,0.0000,0.0000,72,0,0,0,0,69,0,0,0,0
zc,WS209,2012-06-05 09:04:04.070,2383.0000,259828,0,0.0000,0.0000,0,0,多换,B,2382.0000,0.0000,0.0000,0.0000,0.0000,2383.0000,0.0000,0.0000,0.0000,0.0000,70,0,0,0,0,69,0,0,0,0
zc,WS209,2012-06-05 09:04:04.883,2382.0000,259828,0,0.0000,8.0000,4,4,空换,S,2382.0000,0.0000,0.0000,0.0000,0.0000,2383.0000,0.0000,0.0000,0.0000,0.0000,67,0,0,0,0,68,0,0,0,0
zc,WS209,2012-06-05 09:04:05.600,2383.0000,259726,-102,0.0000,162.0000,30,132,空平,B,2383.0000,0.0000,0.0000,0.0000,0.0000,2384.0000,0.0000,0.0000,0.0000,0.0000,44,0,0,0,0,106,0,0,0,0
zc,WS209,2012-06-05 09:04:06.053,2383.0000,259718,-8,0.0000,8.0000,0,8,双平,B,2383.0000,0.0000,0.0000,0.0000,0.0000,2384.0000,0.0000,0.0000,0.0000,0.0000,40,0,0,0,0,107,0,0,0,0
zc,WS209,2012-06-05 09:04:07.100,2383.0000,259638,-80,0.0000,80.0000,0,80,双平,B,2382.0000,0.0000,0.0000,0.0000,0.0000,2384.0000,0.0000,0.0000,0.0000,0.0000,67,0,0,0,0,115,0,0,0,0
zc,WS209,2012-06-05 09:04:07.633,2383.0000,259638,0,0.0000,12.0000,6,6,多换,B,2382.0000,0.0000,0.0000,0.0000,0.0000,2384.0000,0.0000,0.0000,0.0000,0.0000,67,0,0,0,0,109,0,0,0,0
zc,WS209,2012-06-05 09:04:08.413,2382.0000,259638,0,0.0000,2.0000,1,1,空换,S,2382.0000,0.0000,0.0000,0.0000,0.0000,2383.0000,0.0000,0.0000,0.0000,0.0000,66,0,0,0,0,3,0,0,0,0
zc,WS209,2012-06-05 09:04:08.803,2383.0000,259636,-2,0.0000,2.0000,0,2,双平,B,2382.0000,0.0000,0.0000,0.0000,0.0000,2383.0000,0.0000,0.0000,0.0000,0.0000,68,0,0,0,0,2,0,0,0,0
zc,WS209,2012-06-05 09:04:10.037,2383.0000,259636,0,0.0000,2.0000,1,1,多换,B,2382.0000,0.0000,0.0000,0.0000,0.0000,2383.0000,0.0000,0.0000,0.0000,0.0000,68,0,0,0,0,7,0,0,0,0
zc,WS209,2012-06-05 09:04:10.883,2383.0000,259636,0,0.0000,2.0000,1,1,多换,B,2382.0000,0.0000,0.0000,0.0000,0.0000,2383.0000,0.0000,0.0000,0.0000,0.0000,68,0,0,0,0,6,0,0,0,0
zc,WS209,2012-06-05 09:04:11.383,2383.0000,259636,0,0.0000,0.0000,0,0,多换,B,2382.0000,0.0000,0.0000,0.0000,0.0000,2383.0000,0.0000,0.0000,0.0000,0.0000,33,0,0,0,0,6,0,0,0,0
zc,WS209,2012-06-05 09:04:12.100,2383.0000,259628,-8,0.0000,12.0000,2,10,空平,B,2382.0000,0.0000,0.0000,0.0000,0.0000,2383.0000,0.0000,0.0000,0.0000,0.0000,33,0,0,0,0,1,0,0,0,0
zc,WS209,2012-06-05 09:04:12.837,2382.0000,259608,-20,0.0000,20.0000,0,20,双平,S,2382.0000,0.0000,0.0000,0.0000,0.0000,2383.0000,0.0000,0.0000,0.0000,0.0000,24,0,0,0,0,2,0,0,0,0
zc,WS209,2012-06-05 09:04:13.383,2382.0000,259608,0,0.0000,0.0000,0,0,空换,S,2382.0000,0.0000,0.0000,0.0000,0.0000,2383.0000,0.0000,0.0000,0.0000,0.0000,24,0,0,0,0,3,0,0,0,0
zc,WS209,2012-06-05 09:04:14.087,2383.0000,259600,-8,0.0000,12.0000,2,10,空平,B,2383.0000,0.0000,0.0000,0.0000,0.0000,2384.0000,0.0000,0.0000,0.0000,0.0000,16,0,0,0,0,118,0,0,0,0
zc,WS209,2012-06-05 09:04:14.617,2383.0000,259568,-32,0.0000,32.0000,0,32,双平,B,2383.0000,0.0000,0.0000,0.0000,0.0000,2384.0000,0.0000,0.0000,0.0000,0.0000,3,0,0,0,0,113,0,0,0,0
zc,WS209,2012-06-05 09:04:15.070,2383.0000,259566,-2,0.0000,4.0000,1,3,空平,B,2383.0000,0.0000,0.0000,0.0000,0.0000,2384.0000,0.0000,0.0000,0.0000,0.0000,1,0,0,0,0,113,0,0,0,0
zc,WS209,2012-06-05 09:04:15.587,2383.0000,259566,0,0.0000,2.0000,1,1,多换,B,2383.0000,0.0000,0.0000,0.0000,0.0000,2384.0000,0.0000,0.0000,0.0000,0.0000,30,0,0,0,0,112,0,0,0,0
zc,WS209,2012-06-05 09:04:16.320,2383.0000,259566,0,0.0000,2.0000,1,1,多换,B,2383.0000,0.0000,0.0000,0.0000,0.0000,2384.0000,0.0000,0.0000,0.0000,0.0000,29,0,0,0,0,112,0,0,0,0
zc,WS209,2012-06-05 09:04:16.787,2383.0000,259586,20,0.0000,22.0000,21,1,多开,B,2383.0000,0.0000,0.0000,0.0000,0.0000,2384.0000,0.0000,0.0000,0.0000,0.0000,19,0,0,0,0,112,0,0,0,0
zc,WS209,2012-06-05 09:04:17.587,2384.0000,259578,-8,0.0000,8.0000,0,8,双平,B,2383.0000,0.0000,0.0000,0.0000,0.0000,2384.0000,0.0000,0.0000,0.0000,0.0000,19,0,0,0,0,108,0,0,0,0
zc,WS209,2012-06-05 09:04:18.117,2383.0000,259572,-6,0.0000,46.0000,20,26,多平,S,2382.0000,0.0000,0.0000,0.0000,0.0000,2383.0000,0.0000,0.0000,0.0000,0.0000,20,0,0,0,0,5,0,0,0,0
zc,WS209,2012-06-05 09:04:18.837,2383.0000,259564,-8,0.0000,8.0000,0,8,双平,S,2382.0000,0.0000,0.0000,0.0000,0.0000,2383.0000,0.0000,0.0000,0.0000,0.0000,20,0,0,0,0,4,0,0,0,0
zc,WS209,2012-06-05 09:04:19.320,2383.0000,259564,0,0.0000,0.0000,0,0,空换,S,2382.0000,0.0000,0.0000,0.0000,0.0000,2383.0000,0.0000,0.0000,0.0000,0.0000,20,0,0,0,0,5,0,0,0,0
zc,WS209,2012-06-05 09:04:20.087,2383.0000,259564,0,0.0000,0.0000,0,0,空换,S,2382.0000,0.0000,0.0000,0.0000,0.0000,2383.0000,0.0000,0.0000,0.0000,0.0000,23,0,0,0,0,5,0,0,0,0
zc,WS209,2012-06-05 09:04:20.523,2383.0000,259564,0,0.0000,0.0000,0,0,空换,S,2382.0000,0.0000,0.0000,0.0000,0.0000,2383.0000,0.0000,0.0000,0.0000,0.0000,101,0,0,0,0,5,0,0,0,0
zc,WS209,2012-06-05 09:04:21.383,2383.0000,259564,0,0.0000,6.0000,3,3,空换,S,2382.0000,0.0000,0.0000,0.0000,0.0000,2383.0000,0.0000,0.0000,0.0000,0.0000,99,0,0,0,0,24,0,0,0,0
zc,WS209,2012-06-05 09:04:23.070,2383.0000,259564,0,0.0000,0.0000,0,0,空换,S,2382.0000,0.0000,0.0000,0.0000,0.0000,2383.0000,0.0000,0.0000,0.0000,0.0000,98,0,0,0,0,24,0,0,0,0
zc,WS209,2012-06-05 09:04:23.553,2383.0000,259566,2,0.0000,6.0000,4,2,空开,S,2382.0000,0.0000,0.0000,0.0000,0.0000,2383.0000,0.0000,0.0000,0.0000,0.0000,63,0,0,0,0,23,0,0,0,0
zc,WS209,2012-06-05 09:04:24.303,2383.0000,259566,0,0.0000,0.0000,0,0,空换,S,2382.0000,0.0000,0.0000,0.0000,0.0000,2383.0000,0.0000,0.0000,0.0000,0.0000,68,0,0,0,0,23,0,0,0,0
zc,WS209,2012-06-05 09:04:24.803,2383.0000,259566,0,0.0000,0.0000,0,0,空换,S,2382.0000,0.0000,0.0000,0.0000,0.0000,2383.0000,0.0000,0.0000,0.0000,0.0000,16,0,0,0,0,35,0,0,0,0
zc,WS209,2012-06-05 09:04:27.100,2383.0000,259538,-28,0.0000,32.0000,2,30,多平,S,2382.0000,0.0000,0.0000,0.0000,0.0000,2383.0000,0.0000,0.0000,0.0000,0.0000,16,0,0,0,0,19,0,0,0,0
zc,WS209,2012-06-05 09:04:27.820,2383.0000,259538,0,0.0000,0.0000,0,0,空换,S,2382.0000,0.0000,0.0000,0.0000,0.0000,2383.0000,0.0000,0.0000,0.0000,0.0000,16,0,0,0,0,21,0,0,0,0
zc,WS209,2012-06-05 09:04:28.587,2383.0000,259508,-30,0.0000,30.0000,0,30,双平,S,2382.0000,0.0000,0.0000,0.0000,0.0000,2383.0000,0.0000,0.0000,0.0000,0.0000,17,0,0,0,0,13,0,0,0,0
zc,WS209,2012-06-05 09:04:29.523,2383.0000,259508,0,0.0000,2.0000,1,1,空换,S,2382.0000,0.0000,0.0000,0.0000,0.0000,2383.0000,0.0000,0.0000,0.0000,0.0000,17,0,0,0,0,13,0,0,0,0
zc,WS209,2012-06-05 09:04:30.100,2382.0000,259508,0,0.0000,2.0000,1,1,空换,S,2382.0000,0.0000,0.0000,0.0000,0.0000,2383.0000,0.0000,0.0000,0.0000,0.0000,16,0,0,0,0,15,0,0,0,0
zc,WS209,2012-06-05 09:04:30.837,2382.0000,259508,0,0.0000,0.0000,0,0,空换,S,2382.0000,0.0000,0.0000,0.0000,0.0000,2383.0000,0.0000,0.0000,0.0000,0.0000,16,0,0,0,0,16,0,0,0,0
zc,WS209,2012-06-05 09:04:31.303,2382.0000,259508,0,0.0000,0.0000,0,0,空换,S,2382.0000,0.0000,0.0000,0.0000,0.0000,2383.0000,0.0000,0.0000,0.0000,0.0000,16,0,0,0,0,21,0,0,0,0
zc,WS209,2012-06-05 09:04:32.350,2382.0000,259506,-2,0.0000,2.0000,0,2,双平,S,2382.0000,0.0000,0.0000,0.0000,0.0000,2383.0000,0.0000,0.0000,0.0000,0.0000,15,0,0,0,0,31,0,0,0,0
zc,WS209,2012-06-05 09:04:33.070,2383.0000,259488,-18,0.0000,30.0000,6,24,空平,B,2382.0000,0.0000,0.0000,0.0000,0.0000,2383.0000,0.0000,0.0000,0.0000,0.0000,15,0,0,0,0,16,0,0,0,0
zc,WS209,2012-06-05 09:04:35.600,2383.0000,259488,0,0.0000,0.0000,0,0,多换,B,2382.0000,0.0000,0.0000,0.0000,0.0000,2383.0000,0.0000,0.0000,0.0000,0.0000,18,0,0,0,0,17,0,0,0,0
zc,WS209,2012-06-05 09:04:36.337,2383.0000,259488,0,0.0000,0.0000,0,0,多换,B,2382.0000,0.0000,0.0000,0.0000,0.0000,2383.0000,0.0000,0.0000,0.0000,0.0000,18,0,0,0,0,19,0,0,0,0
zc,WS209,2012-06-05 09:04:36.803,2383.0000,259488,0,0.0000,0.0000,0,0,多换,B,2382.0000,0.0000,0.0000,0.0000,0.0000,2383.0000,0.0000,0.0000,0.0000,0.0000,18,0,0,0,0,20,0,0,0,0
zc,WS209,2012-06-05 09:04:39.867,2383.0000,259488,0,0.0000,0.0000,0,0,多换,B,2382.0000,0.0000,0.0000,0.0000,0.0000,2383.0000,0.0000,0.0000,0.0000,0.0000,18,0,0,0,0,21,0,0,0,0
zc,WS209,2012-06-05 09:04:40.303,2382.0000,259488,0,0.0000,4.0000,2,2,空换,S,2382.0000,0.0000,0.0000,0.0000,0.0000,2383.0000,0.0000,0.0000,0.0000,0.0000,16,0,0,0,0,21,0,0,0,0
zc,WS209,2012-06-05 09:04:40.820,2382.0000,259488,0,0.0000,0.0000,0,0,空换,S,2382.0000,0.0000,0.0000,0.0000,0.0000,2383.0000,0.0000,0.0000,0.0000,0.0000,16,0,0,0,0,36,0,0,0,0
zc,WS209,2012-06-05 09:04:41.820,2382.0000,259488,0,0.0000,0.0000,0,0,空换,S,2382.0000,0.0000,0.0000,0.0000,0.0000,2383.0000,0.0000,0.0000,0.0000,0.0000,16,0,0,0,0,37,0,0,0,0
zc,WS209,2012-06-05 09:04:42.600,2382.0000,259488,0,0.0000,0.0000,0,0,空换,S,2382.0000,0.0000,0.0000,0.0000,0.0000,2383.0000,0.0000,0.0000,0.0000,0.0000,16,0,0,0,0,43,0,0,0,0
zc,WS209,2012-06-05 09:04:43.117,2382.0000,259488,0,0.0000,0.0000,0,0,空换,S,2382.0000,0.0000,0.0000,0.0000,0.0000,2383.0000,0.0000,0.0000,0.0000,0.0000,15,0,0,0,0,47,0,0,0,0
zc,WS209,2012-06-05 09:04:43.803,2382.0000,259472,-16,0.0000,22.0000,3,19,多平,S,2382.0000,0.0000,0.0000,0.0000,0.0000,2383.0000,0.0000,0.0000,0.0000,0.0000,5,0,0,0,0,70,0,0,0,0
zc,WS209,2012-06-05 09:04:44.303,2383.0000,259568,96,0.0000,186.0000,141,45,多开,B,2383.0000,0.0000,0.0000,0.0000,0.0000,2384.0000,0.0000,0.0000,0.0000,0.0000,152,0,0,0,0,134,0,0,0,0
zc,WS209,2012-06-05 09:04:44.757,2383.0000,259570,2,0.0000,6.0000,4,2,多开,B,2383.0000,0.0000,0.0000,0.0000,0.0000,2384.0000,0.0000,0.0000,0.0000,0.0000,379,0,0,0,0,145,0,0,0,0
zc,WS209,2012-06-05 09:04:45.523,2384.0000,259548,-22,0.0000,30.0000,4,26,空平,B,2383.0000,0.0000,0.0000,0.0000,0.0000,2384.0000,0.0000,0.0000,0.0000,0.0000,376,0,0,0,0,131,0,0,0,0
zc,WS209,2012-06-05 09:04:46.087,2383.0000,259558,10,0.0000,82.0000,46,36,空开,S,2383.0000,0.0000,0.0000,0.0000,0.0000,2384.0000,0.0000,0.0000,0.0000,0.0000,335,0,0,0,0,147,0,0,0,0
zc,WS209,2012-06-05 09:04:46.787,2383.0000,259560,2,0.0000,74.0000,38,36,空开,S,2383.0000,0.0000,0.0000,0.0000,0.0000,2384.0000,0.0000,0.0000,0.0000,0.0000,298,0,0,0,0,123,0,0,0,0
zc,WS209,2012-06-05 09:04:47.337,2383.0000,259600,40,0.0000,40.0000,40,0,双开,S,2383.0000,0.0000,0.0000,0.0000,0.0000,2384.0000,0.0000,0.0000,0.0000,0.0000,278,0,0,0,0,123,0,0,0,0
zc,WS209,2012-06-05 09:04:48.443,2383.0000,259584,-16,0.0000,28.0000,6,22,多平,S,2383.0000,0.0000,0.0000,0.0000,0.0000,2384.0000,0.0000,0.0000,0.0000,0.0000,274,0,0,0,0,120,0,0,0,0
zc,WS209,2012-06-05 09:04:49.100,2383.0000,259584,0,0.0000,12.0000,6,6,空换,S,2383.0000,0.0000,0.0000,0.0000,0.0000,2384.0000,0.0000,0.0000,0.0000,0.0000,268,0,0,0,0,116,0,0,0,0
zc,WS209,2012-06-05 09:04:49.850,2383.0000,259584,0,0.0000,46.0000,23,23,空换,S,2383.0000,0.0000,0.0000,0.0000,0.0000,2384.0000,0.0000,0.0000,0.0000,0.0000,246,0,0,0,0,126,0,0,0,0
zc,WS209,2012-06-05 09:04:50.523,2383.0000,259584,0,0.0000,2.0000,1,1,空换,S,2383.0000,0.0000,0.0000,0.0000,0.0000,2384.0000,0.0000,0.0000,0.0000,0.0000,245,0,0,0,0,125,0,0,0,0
zc,WS209,2012-06-05 09:04:51.007,2383.0000,259584,0,0.0000,46.0000,23,23,空换,S,2383.0000,0.0000,0.0000,0.0000,0.0000,2384.0000,0.0000,0.0000,0.0000,0.0000,222,0,0,0,0,118,0,0,0,0
zc,WS209,2012-06-05 09:04:51.757,2383.0000,259584,0,0.0000,0.0000,0,0,空换,S,2383.0000,0.0000,0.0000,0.0000,0.0000,2384.0000,0.0000,0.0000,0.0000,0.0000,222,0,0,0,0,126,0,0,0,0
zc,WS209,2012-06-05 09:04:52.053,2383.0000,259594,10,0.0000,60.0000,35,25,空开,S,2383.0000,0.0000,0.0000,0.0000,0.0000,2384.0000,0.0000,0.0000,0.0000,0.0000,193,0,0,0,0,133,0,0,0,0
zc,WS209,2012-06-05 09:04:52.803,2383.0000,259598,4,0.0000,4.0000,4,0,双开,S,2383.0000,0.0000,0.0000,0.0000,0.0000,2384.0000,0.0000,0.0000,0.0000,0.0000,191,0,0,0,0,133,0,0,0,0
zc,WS209,2012-06-05 09:04:53.257,2383.0000,259598,0,0.0000,10.0000,5,5,空换,S,2383.0000,0.0000,0.0000,0.0000,0.0000,2384.0000,0.0000,0.0000,0.0000,0.0000,186,0,0,0,0,135,0,0,0,0
zc,WS209,2012-06-05 09:04:54.037,2383.0000,259602,4,0.0000,36.0000,20,16,空开,S,2383.0000,0.0000,0.0000,0.0000,0.0000,2384.0000,0.0000,0.0000,0.0000,0.0000,179,0,0,0,0,118,0,0,0,0
zc,WS209,2012-06-05 09:04:54.773,2383.0000,259602,0,0.0000,0.0000,0,0,空换,S,2383.0000,0.0000,0.0000,0.0000,0.0000,2384.0000,0.0000,0.0000,0.0000,0.0000,179,0,0,0,0,119,0,0,0,0
zc,WS209,2012-06-05 09:04:55.037,2383.0000,259602,0,0.0000,0.0000,0,0,空换,S,2383.0000,0.0000,0.0000,0.0000,0.0000,2384.0000,0.0000,0.0000,0.0000,0.0000,179,0,0,0,0,120,0,0,0,0
zc,WS209,2012-06-05 09:04:55.787,2383.0000,259570,-32,0.0000,126.0000,47,79,多平,S,2383.0000,0.0000,0.0000,0.0000,0.0000,2384.0000,0.0000,0.0000,0.0000,0.0000,133,0,0,0,0,103,0,0,0,0
zc,WS209,2012-06-05 09:04:56.257,2384.0000,259570,0,0.0000,8.0000,4,4,多换,B,2383.0000,0.0000,0.0000,0.0000,0.0000,2384.0000,0.0000,0.0000,0.0000,0.0000,134,0,0,0,0,99,0,0,0,0
zc,WS209,2012-06-05 09:04:57.037,2384.0000,259570,0,0.0000,0.0000,0,0,多换,B,2383.0000,0.0000,0.0000,0.0000,0.0000,2384.0000,0.0000,0.0000,0.0000,0.0000,134,0,0,0,0,109,0,0,0,0
zc,WS209,2012-06-05 09:04:57.273,2383.0000,259570,0,0.0000,2.0000,1,1,空换,S,2383.0000,0.0000,0.0000,0.0000,0.0000,2384.0000,0.0000,0.0000,0.0000,0.0000,133,0,0,0,0,129,0,0,0,0
zc,WS209,2012-06-05 09:04:58.053,2383.0000,259570,0,0.0000,2.0000,1,1,空换,S,2383.0000,0.0000,0.0000,0.0000,0.0000,2384.0000,0.0000,0.0000,0.0000,0.0000,132,0,0,0,0,129,0,0,0,0
zc,WS209,2012-06-05 09:04:58.587,2383.0000,259570,0,0.0000,2.0000,1,1,空换,S,2383.0000,0.0000,0.0000,0.0000,0.0000,2384.0000,0.0000,0.0000,0.0000,0.0000,133,0,0,0,0,129,0,0,0,0
zc,WS209,2012-06-05 09:04:59.320,2383.0000,259570,0,0.0000,0.0000,0,0,空换,S,2383.0000,0.0000,0.0000,0.0000,0.0000,2384.0000,0.0000,0.0000,0.0000,0.0000,133,0,0,0,0,128,0,0,0,0
zc,WS209,2012-06-05 09:05:00.037,2383.0000,259570,0,0.0000,0.0000,0,0,空换,S,2383.0000,0.0000,0.0000,0.0000,0.0000,2384.0000,0.0000,0.0000,0.0000,0.0000,133,0,0,0,0,182,0,0,0,0
zc,WS209,2012-06-05 09:05:00.303,2384.0000,259824,254,0.0000,264.0000,259,5,多开,B,2383.0000,0.0000,0.0000,0.0000,0.0000,2384.0000,0.0000,0.0000,0.0000,0.0000,3,0,0,0,0,180,0,0,0,0
zc,WS209,2012-06-05 09:05:01.553,2384.0000,259824,0,0.0000,0.0000,0,0,多换,B,2383.0000,0.0000,0.0000,0.0000,0.0000,2384.0000,0.0000,0.0000,0.0000,0.0000,3,0,0,0,0,181,0,0,0,0
zc,WS209,2012-06-05 09:05:02.053,2383.0000,259824,0,0.0000,2.0000,1,1,空换,S,2383.0000,0.0000,0.0000,0.0000,0.0000,2384.0000,0.0000,0.0000,0.0000,0.0000,2,0,0,0,0,181,0,0,0,0
zc,WS209,2012-06-05 09:05:02.523,2384.0000,259824,0,0.0000,4.0000,2,2,多换,B,2383.0000,0.0000,0.0000,0.0000,0.0000,2384.0000,0.0000,0.0000,0.0000,0.0000,3,0,0,0,0,179,0,0,0,0
zc,WS209,2012-06-05 09:05:03.320,2383.0000,259822,-2,0.0000,8.0000,3,5,多平,S,2382.0000,0.0000,0.0000,0.0000,0.0000,2383.0000,0.0000,0.0000,0.0000,0.0000,4,0,0,0,0,6,0,0,0,0
zc,WS209,2012-06-05 09:05:03.787,2384.0000,259822,0,0.0000,20.0000,10,10,多换,B,2383.0000,0.0000,0.0000,0.0000,0.0000,2384.0000,0.0000,0.0000,0.0000,0.0000,1,0,0,0,0,177,0,0,0,0
zc,WS209,2012-06-05 09:05:04.303,2384.0000,259820,-2,0.0000,2.0000,0,2,双平,B,2383.0000,0.0000,0.0000,0.0000,0.0000,2384.0000,0.0000,0.0000,0.0000,0.0000,12,0,0,0,0,176,0,0,0,0
zc,WS209,2012-06-05 09:05:05.087,2384.0000,259820,0,0.0000,0.0000,0,0,多换,B,2383.0000,0.0000,0.0000,0.0000,0.0000,2384.0000,0.0000,0.0000,0.0000,0.0000,12,0,0,0,0,182,0,0,0,0
zc,WS209,2012-06-05 09:05:05.587,2383.0000,259820,0,0.0000,4.0000,2,2,空换,S,2383.0000,0.0000,0.0000,0.0000,0.0000,2384.0000,0.0000,0.0000,0.0000,0.0000,10,0,0,0,0,182,0,0,0,0
zc,WS209,2012-06-05 09:05:06.337,2383.0000,259820,0,0.0000,2.0000,1,1,空换,S,2383.0000,0.0000,0.0000,0.0000,0.0000,2384.0000,0.0000,0.0000,0.0000,0.0000,9,0,0,0,0,182,0,0,0,0
zc,WS209,2012-06-05 09:05:06.523,2383.0000,259820,0,0.0000,18.0000,9,9,空换,S,2382.0000,0.0000,0.0000,0.0000,0.0000,2383.0000,0.0000,0.0000,0.0000,0.0000,4,0,0,0,0,31,0,0,0,0
zc,WS209,2012-06-05 09:05:07.773,2383.0000,259820,0,0.0000,0.0000,0,0,空换,S,2382.0000,0.0000,0.0000,0.0000,0.0000,2383.0000,0.0000,0.0000,0.0000,0.0000,4,0,0,0,0,32,0,0,0,0
zc,WS209,2012-06-05 09:05:08.600,2383.0000,259758,-62,0.0000,62.0000,0,62,双平,S,2382.0000,0.0000,0.0000,0.0000,0.0000,2383.0000,0.0000,0.0000,0.0000,0.0000,4,0,0,0,0,8,0,0,0,0
zc,WS209,2012-06-05 09:05:09.087,2383.0000,259754,-4,0.0000,6.0000,1,5,多平,S,2382.0000,0.0000,0.0000,0.0000,0.0000,2383.0000,0.0000,0.0000,0.0000,0.0000,4,0,0,0,0,15,0,0,0,0
zc,WS209,2012-06-05 09:05:09.600,2382.0000,259754,0,0.0000,6.0000,3,3,空换,S,2382.0000,0.0000,0.0000,0.0000,0.0000,2383.0000,0.0000,0.0000,0.0000,0.0000,1,0,0,0,0,15,0,0,0,0
zc,WS209,2012-06-05 09:05:10.303,2382.0000,259756,2,0.0000,2.0000,2,0,双开,S,2381.0000,0.0000,0.0000,0.0000,0.0000,2383.0000,0.0000,0.0000,0.0000,0.0000,183,0,0,0,0,16,0,0,0,0
zc,WS209,2012-06-05 09:05:10.837,2382.0000,259756,0,0.0000,0.0000,0,0,空换,S,2382.0000,0.0000,0.0000,0.0000,0.0000,2383.0000,0.0000,0.0000,0.0000,0.0000,1,0,0,0,0,16,0,0,0,0
zc,WS209,2012-06-05 09:05:11.587,2382.0000,259756,0,0.0000,0.0000,0,0,空换,S,2382.0000,0.0000,0.0000,0.0000,0.0000,2383.0000,0.0000,0.0000,0.0000,0.0000,3,0,0,0,0,16,0,0,0,0
zc,WS209,2012-06-05 09:05:12.037,2382.0000,259756,0,0.0000,0.0000,0,0,空换,S,2382.0000,0.0000,0.0000,0.0000,0.0000,2383.0000,0.0000,0.0000,0.0000,0.0000,3,0,0,0,0,17,0,0,0,0
zc,WS209,2012-06-05 09:05:13.803,2382.0000,259756,0,0.0000,0.0000,0,0,空换,S,2382.0000,0.0000,0.0000,0.0000,0.0000,2383.0000,0.0000,0.0000,0.0000,0.0000,4,0,0,0,0,37,0,0,0,0
zc,WS209,2012-06-05 09:05:14.537,2381.0000,259762,6,0.0000,10.0000,8,2,空开,S,2382.0000,0.0000,0.0000,0.0000,0.0000,2383.0000,0.0000,0.0000,0.0000,0.0000,1,0,0,0,0,38,0,0,0,0
zc,WS209,2012-06-05 09:05:15.553,2381.0000,259762,0,0.0000,0.0000,0,0,空换,S,2382.0000,0.0000,0.0000,0.0000,0.0000,2383.0000,0.0000,0.0000,0.0000,0.0000,1,0,0,0,0,45,0,0,0,0
zc,WS209,2012-06-05 09:05:16.087,2382.0000,259762,0,0.0000,4.0000,2,2,多换,B,2381.0000,0.0000,0.0000,0.0000,0.0000,2383.0000,0.0000,0.0000,0.0000,0.0000,182,0,0,0,0,45,0,0,0,0
zc,WS209,2012-06-05 09:05:16.820,2382.0000,259762,0,0.0000,0.0000,0,0,多换,B,2381.0000,0.0000,0.0000,0.0000,0.0000,2383.0000,0.0000,0.0000,0.0000,0.0000,182,0,0,0,0,49,0,0,0,0
zc,WS209,2012-06-05 09:05:17.787,2381.0000,259760,-2,0.0000,2.0000,0,2,双平,S,2381.0000,0.0000,0.0000,0.0000,0.0000,2382.0000,0.0000,0.0000,0.0000,0.0000,181,0,0,0,0,4,0,0,0,0
zc,WS209,2012-06-05 09:05:19.023,2382.0000,259750,-10,0.0000,10.0000,0,10,双平,B,2382.0000,0.0000,0.0000,0.0000,0.0000,2383.0000,0.0000,0.0000,0.0000,0.0000,36,0,0,0,0,50,0,0,0,0
zc,WS209,2012-06-05 09:05:19.507,2382.0000,259750,0,0.0000,0.0000,0,0,多换,B,2382.0000,0.0000,0.0000,0.0000,0.0000,2383.0000,0.0000,0.0000,0.0000,0.0000,36,0,0,0,0,53,0,0,0,0
zc,WS209,2012-06-05 09:05:20.053,2382.0000,259750,0,0.0000,0.0000,0,0,多换,B,2382.0000,0.0000,0.0000,0.0000,0.0000,2383.0000,0.0000,0.0000,0.0000,0.0000,40,0,0,0,0,56,0,0,0,0
zc,WS209,2012-06-05 09:05:20.867,2382.0000,259750,0,0.0000,0.0000,0,0,多换,B,2382.0000,0.0000,0.0000,0.0000,0.0000,2383.0000,0.0000,0.0000,0.0000,0.0000,40,0,0,0,0,57,0,0,0,0
zc,WS209,2012-06-05 09:05:22.023,2382.0000,259750,0,0.0000,2.0000,1,1,多换,B,2382.0000,0.0000,0.0000,0.0000,0.0000,2383.0000,0.0000,0.0000,0.0000,0.0000,39,0,0,0,0,55,0,0,0,0
zc,WS209,2012-06-05 09:05:22.553,2382.0000,259750,0,0.0000,4.0000,2,2,多换,B,2382.0000,0.0000,0.0000,0.0000,0.0000,2383.0000,0.0000,0.0000,0.0000,0.0000,37,0,0,0,0,56,0,0,0,0
zc,WS209,2012-06-05 09:05:23.070,2382.0000,259750,0,0.0000,0.0000,0,0,多换,B,2382.0000,0.0000,0.0000,0.0000,0.0000,2383.0000,0.0000,0.0000,0.0000,0.0000,37,0,0,0,0,57,0,0,0,0
zc,WS209,2012-06-05 09:05:23.570,2382.0000,259750,0,0.0000,0.0000,0,0,多换,B,2382.0000,0.0000,0.0000,0.0000,0.0000,2383.0000,0.0000,0.0000,0.0000,0.0000,37,0,0,0,0,56,0,0,0,0
zc,WS209,2012-06-05 09:05:24.240,2382.0000,259750,0,0.0000,0.0000,0,0,多换,B,2382.0000,0.0000,0.0000,0.0000,0.0000,2383.0000,0.0000,0.0000,0.0000,0.0000,37,0,0,0,0,57,0,0,0,0
zc,WS209,2012-06-05 09:05:24.820,2382.0000,259748,-2,0.0000,2.0000,0,2,双平,B,2382.0000,0.0000,0.0000,0.0000,0.0000,2383.0000,0.0000,0.0000,0.0000,0.0000,36,0,0,0,0,58,0,0,0,0
zc,WS209,2012-06-05 09:05:25.337,2382.0000,259744,-4,0.0000,6.0000,1,5,空平,B,2382.0000,0.0000,0.0000,0.0000,0.0000,2383.0000,0.0000,0.0000,0.0000,0.0000,33,0,0,0,0,58,0,0,0,0
zc,WS209,2012-06-05 09:05:26.070,2382.0000,259744,0,0.0000,0.0000,0,0,多换,B,2382.0000,0.0000,0.0000,0.0000,0.0000,2383.0000,0.0000,0.0000,0.0000,0.0000,35,0,0,0,0,58,0,0,0,0
zc,WS209,2012-06-05 09:05:27.537,2382.0000,259744,0,0.0000,2.0000,1,1,多换,B,2382.0000,0.0000,0.0000,0.0000,0.0000,2383.0000,0.0000,0.0000,0.0000,0.0000,34,0,0,0,0,58,0,0,0,0
zc,WS209,2012-06-05 09:05:28.287,2383.0000,259744,0,0.0000,4.0000,2,2,多换,B,2382.0000,0.0000,0.0000,0.0000,0.0000,2383.0000,0.0000,0.0000,0.0000,0.0000,34,0,0,0,0,56,0,0,0,0
zc,WS209,2012-06-05 09:05:28.787,2383.0000,259744,0,0.0000,0.0000,0,0,多换,B,2382.0000,0.0000,0.0000,0.0000,0.0000,2383.0000,0.0000,0.0000,0.0000,0.0000,34,0,0,0,0,57,0,0,0,0
zc,WS209,2012-06-05 09:05:29.617,2382.0000,259742,-2,0.0000,2.0000,0,2,双平,S,2382.0000,0.0000,0.0000,0.0000,0.0000,2383.0000,0.0000,0.0000,0.0000,0.0000,33,0,0,0,0,57,0,0,0,0
zc,WS209,2012-06-05 09:05:30.070,2382.0000,259738,-4,0.0000,4.0000,0,4,双平,S,2382.0000,0.0000,0.0000,0.0000,0.0000,2383.0000,0.0000,0.0000,0.0000,0.0000,31,0,0,0,0,57,0,0,0,0
zc,WS209,2012-06-05 09:05:30.523,2382.0000,259738,0,0.0000,0.0000,0,0,空换,S,2382.0000,0.0000,0.0000,0.0000,0.0000,2383.0000,0.0000,0.0000,0.0000,0.0000,32,0,0,0,0,57,0,0,0,0
zc,WS209,2012-06-05 09:05:31.787,2382.0000,259738,0,0.0000,0.0000,0,0,空换,S,2382.0000,0.0000,0.0000,0.0000,0.0000,2383.0000,0.0000,0.0000,0.0000,0.0000,32,0,0,0,0,65,0,0,0,0
zc,WS209,2012-06-05 09:05:32.553,2382.0000,259738,0,0.0000,2.0000,1,1,空换,S,2382.0000,0.0000,0.0000,0.0000,0.0000,2383.0000,0.0000,0.0000,0.0000,0.0000,31,0,0,0,0,65,0,0,0,0
zc,WS209,2012-06-05 09:05:33.087,2382.0000,259730,-8,0.0000,8.0000,0,8,双平,S,2382.0000,0.0000,0.0000,0.0000,0.0000,2383.0000,0.0000,0.0000,0.0000,0.0000,27,0,0,0,0,65,0,0,0,0
zc,WS209,2012-06-05 09:05:33.803,2382.0000,259730,0,0.0000,2.0000,1,1,空换,S,2382.0000,0.0000,0.0000,0.0000,0.0000,2383.0000,0.0000,0.0000,0.0000,0.0000,26,0,0,0,0,65,0,0,0,0
zc,WS209,2012-06-05 09:05:34.037,2382.0000,259730,0,0.0000,0.0000,0,0,空换,S,2382.0000,0.0000,0.0000,0.0000,0.0000,2383.0000,0.0000,0.0000,0.0000,0.0000,27,0,0,0,0,65,0,0,0,0
zc,WS209,2012-06-05 09:05:35.117,2382.0000,259728,-2,0.0000,4.0000,1,3,多平,S,2382.0000,0.0000,0.0000,0.0000,0.0000,2383.0000,0.0000,0.0000,0.0000,0.0000,21,0,0,0,0,66,0,0,0,0
zc,WS209,2012-06-05 09:05:35.523,2382.0000,259724,-4,0.0000,4.0000,0,4,双平,S,2382.0000,0.0000,0.0000,0.0000,0.0000,2383.0000,0.0000,0.0000,0.0000,0.0000,19,0,0,0,0,67,0,0,0,0
zc,WS209,2012-06-05 09:05:36.320,2382.0000,259724,0,0.0000,0.0000,0,0,空换,S,2382.0000,0.0000,0.0000,0.0000,0.0000,2383.0000,0.0000,0.0000,0.0000,0.0000,20,0,0,0,0,67,0,0,0,0
zc,WS209,2012-06-05 09:05:36.773,2382.0000,259700,-24,0.0000,24.0000,0,24,双平,S,2382.0000,0.0000,0.0000,0.0000,0.0000,2383.0000,0.0000,0.0000,0.0000,0.0000,8,0,0,0,0,67,0,0,0,0
zc,WS209,2012-06-05 09:05:37.320,2382.0000,259694,-6,0.0000,16.0000,5,11,多平,S,2381.0000,0.0000,0.0000,0.0000,0.0000,2382.0000,0.0000,0.0000,0.0000,0.0000,188,0,0,0,0,16,0,0,0,0
zc,WS209,2012-06-05 09:05:38.007,2382.0000,259694,0,0.0000,4.0000,2,2,空换,S,2381.0000,0.0000,0.0000,0.0000,0.0000,2382.0000,0.0000,0.0000,0.0000,0.0000,188,0,0,0,0,15,0,0,0,0
zc,WS209,2012-06-05 09:05:38.600,2382.0000,259694,0,0.0000,0.0000,0,0,空换,S,2381.0000,0.0000,0.0000,0.0000,0.0000,2382.0000,0.0000,0.0000,0.0000,0.0000,190,0,0,0,0,15,0,0,0,0
zc,WS209,2012-06-05 09:05:39.303,2382.0000,259694,0,0.0000,0.0000,0,0,空换,S,2381.0000,0.0000,0.0000,0.0000,0.0000,2382.0000,0.0000,0.0000,0.0000,0.0000,190,0,0,0,0,17,0,0,0,0
zc,WS209,2012-06-05 09:05:39.820,2382.0000,259694,0,0.0000,0.0000,0,0,空换,S,2381.0000,0.0000,0.0000,0.0000,0.0000,2382.0000,0.0000,0.0000,0.0000,0.0000,190,0,0,0,0,21,0,0,0,0
zc,WS209,2012-06-05 09:05:40.490,2381.0000,259694,0,0.0000,2.0000,1,1,空换,S,2381.0000,0.0000,0.0000,0.0000,0.0000,2382.0000,0.0000,0.0000,0.0000,0.0000,189,0,0,0,0,35,0,0,0,0
zc,WS209,2012-06-05 09:05:41.850,2381.0000,259692,-2,0.0000,2.0000,0,2,双平,S,2381.0000,0.0000,0.0000,0.0000,0.0000,2382.0000,0.0000,0.0000,0.0000,0.0000,188,0,0,0,0,35,0,0,0,0
zc,WS209,2012-06-05 09:05:42.367,2382.0000,259692,0,0.0000,2.0000,1,1,多换,B,2381.0000,0.0000,0.0000,0.0000,0.0000,2382.0000,0.0000,0.0000,0.0000,0.0000,198,0,0,0,0,34,0,0,0,0
zc,WS209,2012-06-05 09:05:44.007,2382.0000,259692,0,0.0000,0.0000,0,0,多换,B,2381.0000,0.0000,0.0000,0.0000,0.0000,2382.0000,0.0000,0.0000,0.0000,0.0000,198,0,0,0,0,35,0,0,0,0
zc,WS209,2012-06-05 09:05:45.803,2382.0000,259692,0,0.0000,0.0000,0,0,多换,B,2381.0000,0.0000,0.0000,0.0000,0.0000,2382.0000,0.0000,0.0000,0.0000,0.0000,198,0,0,0,0,36,0,0,0,0
zc,WS209,2012-06-05 09:05:46.303,2382.0000,259692,0,0.0000,0.0000,0,0,多换,B,2381.0000,0.0000,0.0000,0.0000,0.0000,2382.0000,0.0000,0.0000,0.0000,0.0000,198,0,0,0,0,46,0,0,0,0
zc,WS209,2012-06-05 09:05:47.600,2381.0000,259686,-6,0.0000,6.0000,0,6,双平,S,2381.0000,0.0000,0.0000,0.0000,0.0000,2382.0000,0.0000,0.0000,0.0000,0.0000,195,0,0,0,0,46,0,0,0,0
zc,WS209,2012-06-05 09:05:48.367,2381.0000,259684,-2,0.0000,2.0000,0,2,双平,S,2381.0000,0.0000,0.0000,0.0000,0.0000,2382.0000,0.0000,0.0000,0.0000,0.0000,194,0,0,0,0,46,0,0,0,0
zc,WS209,2012-06-05 09:05:48.837,2382.0000,259674,-10,0.0000,10.0000,0,10,双平,B,2381.0000,0.0000,0.0000,0.0000,0.0000,2382.0000,0.0000,0.0000,0.0000,0.0000,194,0,0,0,0,42,0,0,0,0
zc,WS209,2012-06-05 09:05:49.570,2382.0000,259674,0,0.0000,0.0000,0,0,多换,B,2381.0000,0.0000,0.0000,0.0000,0.0000,2382.0000,0.0000,0.0000,0.0000,0.0000,194,0,0,0,0,45,0,0,0,0
zc,WS209,2012-06-05 09:05:51.320,2381.0000,259672,-2,0.0000,2.0000,0,2,双平,S,2381.0000,0.0000,0.0000,0.0000,0.0000,2382.0000,0.0000,0.0000,0.0000,0.0000,193,0,0,0,0,46,0,0,0,0
zc,WS209,2012-06-05 09:05:52.537,2381.0000,259672,0,0.0000,2.0000,1,1,空换,S,2381.0000,0.0000,0.0000,0.0000,0.0000,2382.0000,0.0000,0.0000,0.0000,0.0000,192,0,0,0,0,46,0,0,0,0
zc,WS209,2012-06-05 09:05:54.070,2381.0000,259672,0,0.0000,0.0000,0,0,空换,S,2381.0000,0.0000,0.0000,0.0000,0.0000,2382.0000,0.0000,0.0000,0.0000,0.0000,197,0,0,0,0,47,0,0,0,0
zc,WS209,2012-06-05 09:05:54.570,2381.0000,259672,0,0.0000,0.0000,0,0,空换,S,2381.0000,0.0000,0.0000,0.0000,0.0000,2382.0000,0.0000,0.0000,0.0000,0.0000,197,0,0,0,0,50,0,0,0,0
zc,WS209,2012-06-05 09:05:55.037,2381.0000,259672,0,0.0000,0.0000,0,0,空换,S,2381.0000,0.0000,0.0000,0.0000,0.0000,2382.0000,0.0000,0.0000,0.0000,0.0000,197,0,0,0,0,53,0,0,0,0
zc,WS209,2012-06-05 09:05:55.787,2382.0000,259668,-4,0.0000,4.0000,0,4,双平,B,2381.0000,0.0000,0.0000,0.0000,0.0000,2382.0000,0.0000,0.0000,0.0000,0.0000,197,0,0,0,0,52,0,0,0,0
zc,WS209,2012-06-05 09:05:57.553,2381.0000,259656,-12,0.0000,12.0000,0,12,双平,S,2381.0000,0.0000,0.0000,0.0000,0.0000,2382.0000,0.0000,0.0000,0.0000,0.0000,191,0,0,0,0,49,0,0,0,0
zc,WS209,2012-06-05 09:05:58.803,2381.0000,259656,0,0.0000,0.0000,0,0,空换,S,2381.0000,0.0000,0.0000,0.0000,0.0000,2382.0000,0.0000,0.0000,0.0000,0.0000,191,0,0,0,0,69,0,0,0,0
zc,WS209,2012-06-05 09:06:00.337,2381.0000,259656,0,0.0000,0.0000,0,0,空换,S,2381.0000,0.0000,0.0000,0.0000,0.0000,2382.0000,0.0000,0.0000,0.0000,0.0000,191,0,0,0,0,50,0,0,0,0
zc,WS209,2012-06-05 09:06:01.100,2381.0000,259656,0,0.0000,10.0000,5,5,空换,S,2381.0000,0.0000,0.0000,0.0000,0.0000,2382.0000,0.0000,0.0000,0.0000,0.0000,186,0,0,0,0,150,0,0,0,0
zc,WS209,2012-06-05 09:06:02.303,2381.0000,259656,0,0.0000,6.0000,3,3,空换,S,2381.0000,0.0000,0.0000,0.0000,0.0000,2382.0000,0.0000,0.0000,0.0000,0.0000,183,0,0,0,0,150,0,0,0,0
zc,WS209,2012-06-05 09:06:02.787,2381.0000,259654,-2,0.0000,2.0000,0,2,双平,S,2381.0000,0.0000,0.0000,0.0000,0.0000,2382.0000,0.0000,0.0000,0.0000,0.0000,182,0,0,0,0,150,0,0,0,0
zc,WS209,2012-06-05 09:06:03.287,2381.0000,259648,-6,0.0000,6.0000,0,6,双平,S,2381.0000,0.0000,0.0000,0.0000,0.0000,2382.0000,0.0000,0.0000,0.0000,0.0000,179,0,0,0,0,151,0,0,0,0
zc,WS209,2012-06-05 09:06:04.070,2382.0000,259646,-2,0.0000,2.0000,0,2,双平,B,2381.0000,0.0000,0.0000,0.0000,0.0000,2382.0000,0.0000,0.0000,0.0000,0.0000,179,0,0,0,0,150,0,0,0,0
zc,WS209,2012-06-05 09:06:05.303,2381.0000,259646,0,0.0000,2.0000,1,1,空换,S,2381.0000,0.0000,0.0000,0.0000,0.0000,2382.0000,0.0000,0.0000,0.0000,0.0000,178,0,0,0,0,152,0,0,0,0
zc,WS209,2012-06-05 09:06:07.537,2381.0000,259644,-2,0.0000,22.0000,10,12,多平,S,2381.0000,0.0000,0.0000,0.0000,0.0000,2382.0000,0.0000,0.0000,0.0000,0.0000,177,0,0,0,0,142,0,0,0,0
zc,WS209,2012-06-05 09:06:08.820,2381.0000,259644,0,0.0000,0.0000,0,0,空换,S,2381.0000,0.0000,0.0000,0.0000,0.0000,2382.0000,0.0000,0.0000,0.0000,0.0000,177,0,0,0,0,143,0,0,0,0
zc,WS209,2012-06-05 09:06:09.537,2381.0000,259644,0,0.0000,0.0000,0,0,空换,S,2381.0000,0.0000,0.0000,0.0000,0.0000,2382.0000,0.0000,0.0000,0.0000,0.0000,176,0,0,0,0,143,0,0,0,0
zc,WS209,2012-06-05 09:06:09.773,2381.0000,259644,0,0.0000,0.0000,0,0,空换,S,2381.0000,0.0000,0.0000,0.0000,0.0000,2382.0000,0.0000,0.0000,0.0000,0.0000,224,0,0,0,0,147,0,0,0,0
zc,WS209,2012-06-05 09:06:10.523,2382.0000,259644,0,0.0000,6.0000,3,3,多换,B,2381.0000,0.0000,0.0000,0.0000,0.0000,2382.0000,0.0000,0.0000,0.0000,0.0000,224,0,0,0,0,144,0,0,0,0
zc,WS209,2012-06-05 09:06:11.023,2382.0000,259624,-20,0.0000,28.0000,4,24,空平,B,2381.0000,0.0000,0.0000,0.0000,0.0000,2382.0000,0.0000,0.0000,0.0000,0.0000,214,0,0,0,0,141,0,0,0,0
zc,WS209,2012-06-05 09:06:11.740,2382.0000,259624,0,0.0000,0.0000,0,0,多换,B,2381.0000,0.0000,0.0000,0.0000,0.0000,2382.0000,0.0000,0.0000,0.0000,0.0000,214,0,0,0,0,142,0,0,0,0
zc,WS209,2012-06-05 09:06:12.007,2381.0000,259622,-2,0.0000,4.0000,1,3,多平,S,2381.0000,0.0000,0.0000,0.0000,0.0000,2382.0000,0.0000,0.0000,0.0000,0.0000,212,0,0,0,0,142,0,0,0,0
zc,WS209,2012-06-05 09:06:13.523,2381.0000,259622,0,0.0000,0.0000,0,0,空换,S,2381.0000,0.0000,0.0000,0.0000,0.0000,2382.0000,0.0000,0.0000,0.0000,0.0000,212,0,0,0,0,145,0,0,0,0
zc,WS209,2012-06-05 09:06:13.820,2382.0000,259574,-48,0.0000,50.0000,1,49,空平,B,2381.0000,0.0000,0.0000,0.0000,0.0000,2382.0000,0.0000,0.0000,0.0000,0.0000,212,0,0,0,0,120,0,0,0,0
zc,WS209,2012-06-05 09:06:14.803,2382.0000,259574,0,0.0000,0.0000,0,0,多换,B,2381.0000,0.0000,0.0000,0.0000,0.0000,2382.0000,0.0000,0.0000,0.0000,0.0000,212,0,0,0,0,121,0,0,0,0
zc,WS209,2012-06-05 09:06:15.273,2382.0000,259574,0,0.0000,0.0000,0,0,多换,B,2381.0000,0.0000,0.0000,0.0000,0.0000,2382.0000,0.0000,0.0000,0.0000,0.0000,292,0,0,0,0,121,0,0,0,0
zc,WS209,2012-06-05 09:06:16.490,2382.0000,259574,0,0.0000,0.0000,0,0,多换,B,2381.0000,0.0000,0.0000,0.0000,0.0000,2382.0000,0.0000,0.0000,0.0000,0.0000,287,0,0,0,0,121,0,0,0,0
zc,WS209,2012-06-05 09:06:18.273,2382.0000,259574,0,0.0000,0.0000,0,0,多换,B,2381.0000,0.0000,0.0000,0.0000,0.0000,2382.0000,0.0000,0.0000,0.0000,0.0000,287,0,0,0,0,122,0,0,0,0
zc,WS209,2012-06-05 09:06:18.757,2382.0000,259574,0,0.0000,0.0000,0,0,多换,B,2381.0000,0.0000,0.0000,0.0000,0.0000,2382.0000,0.0000,0.0000,0.0000,0.0000,288,0,0,0,0,122,0,0,0,0
zc,WS209,2012-06-05 09:06:20.070,2381.0000,259566,-8,0.0000,8.0000,0,8,双平,S,2381.0000,0.0000,0.0000,0.0000,0.0000,2382.0000,0.0000,0.0000,0.0000,0.0000,284,0,0,0,0,122,0,0,0,0
zc,WS209,2012-06-05 09:06:21.553,2382.0000,259562,-4,0.0000,100.0000,48,52,空平,B,2381.0000,0.0000,0.0000,0.0000,0.0000,2382.0000,0.0000,0.0000,0.0000,0.0000,284,0,0,0,0,72,0,0,0,0
zc,WS209,2012-06-05 09:06:22.820,2382.0000,259534,-28,0.0000,144.0000,58,86,空平,B,2382.0000,0.0000,0.0000,0.0000,0.0000,2383.0000,0.0000,0.0000,0.0000,0.0000,18,0,0,0,0,110,0,0,0,0
zc,WS209,2012-06-05 09:06:23.553,2382.0000,259534,0,0.0000,0.0000,0,0,多换,B,2382.0000,0.0000,0.0000,0.0000,0.0000,2383.0000,0.0000,0.0000,0.0000,0.0000,18,0,0,0,0,104,0,0,0,0
zc,WS209,2012-06-05 09:06:25.727,2382.0000,259534,0,0.0000,0.0000,0,0,多换,B,2382.0000,0.0000,0.0000,0.0000,0.0000,2383.0000,0.0000,0.0000,0.0000,0.0000,18,0,0,0,0,104,0,0,0,0
zc,WS209,2012-06-05 09:06:27.023,2382.0000,259534,0,0.0000,0.0000,0,0,多换,B,2382.0000,0.0000,0.0000,0.0000,0.0000,2383.0000,0.0000,0.0000,0.0000,0.0000,19,0,0,0,0,104,0,0,0,0
zc,WS209,2012-06-05 09:06:28.773,2382.0000,259534,0,0.0000,2.0000,1,1,多换,B,2382.0000,0.0000,0.0000,0.0000,0.0000,2383.0000,0.0000,0.0000,0.0000,0.0000,18,0,0,0,0,103,0,0,0,0
zc,WS209,2012-06-05 09:06:29.240,2382.0000,259528,-6,0.0000,6.0000,0,6,双平,B,2382.0000,0.0000,0.0000,0.0000,0.0000,2383.0000,0.0000,0.0000,0.0000,0.0000,15,0,0,0,0,103,0,0,0,0
zc,WS209,2012-06-05 09:06:29.787,2382.0000,259498,-30,0.0000,30.0000,0,30,双平,B,2381.0000,0.0000,0.0000,0.0000,0.0000,2383.0000,0.0000,0.0000,0.0000,0.0000,156,0,0,0,0,88,0,0,0,0
zc,WS209,2012-06-05 09:06:31.490,2382.0000,259498,0,0.0000,0.0000,0,0,多换,B,2381.0000,0.0000,0.0000,0.0000,0.0000,2383.0000,0.0000,0.0000,0.0000,0.0000,156,0,0,0,0,96,0,0,0,0
zc,WS209,2012-06-05 09:06:32.007,2382.0000,259498,0,0.0000,0.0000,0,0,多换,B,2381.0000,0.0000,0.0000,0.0000,0.0000,2382.0000,0.0000,0.0000,0.0000,0.0000,156,0,0,0,0,27,0,0,0,0
zc,WS209,2012-06-05 09:06:32.740,2382.0000,259498,0,0.0000,0.0000,0,0,多换,B,2381.0000,0.0000,0.0000,0.0000,0.0000,2382.0000,0.0000,0.0000,0.0000,0.0000,190,0,0,0,0,27,0,0,0,0
zc,WS209,2012-06-05 09:06:33.820,2381.0000,259496,-2,0.0000,2.0000,0,2,双平,S,2381.0000,0.0000,0.0000,0.0000,0.0000,2382.0000,0.0000,0.0000,0.0000,0.0000,184,0,0,0,0,27,0,0,0,0
zc,WS209,2012-06-05 09:06:34.507,2382.0000,259550,54,0.0000,56.0000,55,1,多开,B,2382.0000,0.0000,0.0000,0.0000,0.0000,2383.0000,0.0000,0.0000,0.0000,0.0000,49,0,0,0,0,92,0,0,0,0
zc,WS209,2012-06-05 09:06:35.007,2383.0000,259550,0,0.0000,2.0000,1,1,多换,B,2382.0000,0.0000,0.0000,0.0000,0.0000,2383.0000,0.0000,0.0000,0.0000,0.0000,49,0,0,0,0,91,0,0,0,0
zc,WS209,2012-06-05 09:06:37.273,2383.0000,259550,0,0.0000,2.0000,1,1,多换,B,2382.0000,0.0000,0.0000,0.0000,0.0000,2383.0000,0.0000,0.0000,0.0000,0.0000,49,0,0,0,0,92,0,0,0,0
zc,WS209,2012-06-05 09:06:37.977,2383.0000,259550,0,0.0000,0.0000,0,0,多换,B,2382.0000,0.0000,0.0000,0.0000,0.0000,2383.0000,0.0000,0.0000,0.0000,0.0000,49,0,0,0,0,91,0,0,0,0
zc,WS209,2012-06-05 09:06:38.990,2383.0000,259550,0,0.0000,0.0000,0,0,多换,B,2382.0000,0.0000,0.0000,0.0000,0.0000,2383.0000,0.0000,0.0000,0.0000,0.0000,51,0,0,0,0,92,0,0,0,0
zc,WS209,2012-06-05 09:06:39.803,2383.0000,259550,0,0.0000,2.0000,1,1,多换,B,2382.0000,0.0000,0.0000,0.0000,0.0000,2383.0000,0.0000,0.0000,0.0000,0.0000,51,0,0,0,0,93,0,0,0,0
zc,WS209,2012-06-05 09:06:40.303,2382.0000,259550,0,0.0000,2.0000,1,1,空换,S,2382.0000,0.0000,0.0000,0.0000,0.0000,2383.0000,0.0000,0.0000,0.0000,0.0000,55,0,0,0,0,93,0,0,0,0
zc,WS209,2012-06-05 09:06:41.037,2382.0000,259550,0,0.0000,0.0000,0,0,空换,S,2382.0000,0.0000,0.0000,0.0000,0.0000,2383.0000,0.0000,0.0000,0.0000,0.0000,55,0,0,0,0,99,0,0,0,0
zc,WS209,2012-06-05 09:06:41.507,2382.0000,259550,0,0.0000,2.0000,1,1,空换,S,2382.0000,0.0000,0.0000,0.0000,0.0000,2383.0000,0.0000,0.0000,0.0000,0.0000,54,0,0,0,0,99,0,0,0,0
zc,WS209,2012-06-05 09:06:42.507,2382.0000,259550,0,0.0000,0.0000,0,0,空换,S,2382.0000,0.0000,0.0000,0.0000,0.0000,2383.0000,0.0000,0.0000,0.0000,0.0000,56,0,0,0,0,106,0,0,0,0
zc,WS209,2012-06-05 09:06:43.240,2382.0000,259550,0,0.0000,0.0000,0,0,空换,S,2382.0000,0.0000,0.0000,0.0000,0.0000,2383.0000,0.0000,0.0000,0.0000,0.0000,104,0,0,0,0,107,0,0,0,0
zc,WS209,2012-06-05 09:06:45.477,2382.0000,259550,0,0.0000,0.0000,0,0,空换,S,2382.0000,0.0000,0.0000,0.0000,0.0000,2383.0000,0.0000,0.0000,0.0000,0.0000,107,0,0,0,0,107,0,0,0,0
zc,WS209,2012-06-05 09:06:47.727,2382.0000,259550,0,0.0000,0.0000,0,0,空换,S,2382.0000,0.0000,0.0000,0.0000,0.0000,2383.0000,0.0000,0.0000,0.0000,0.0000,108,0,0,0,0,107,0,0,0,0
zc,WS209,2012-06-05 09:06:48.240,2382.0000,259550,0,0.0000,0.0000,0,0,空换,S,2382.0000,0.0000,0.0000,0.0000,0.0000,2383.0000,0.0000,0.0000,0.0000,0.0000,111,0,0,0,0,107,0,0,0,0
zc,WS209,2012-06-05 09:06:48.757,2382.0000,259550,0,0.0000,0.0000,0,0,空换,S,2382.0000,0.0000,0.0000,0.0000,0.0000,2383.0000,0.0000,0.0000,0.0000,0.0000,111,0,0,0,0,123,0,0,0,0
zc,WS209,2012-06-05 09:06:50.273,2382.0000,259550,0,0.0000,2.0000,1,1,空换,S,2382.0000,0.0000,0.0000,0.0000,0.0000,2383.0000,0.0000,0.0000,0.0000,0.0000,110,0,0,0,0,123,0,0,0,0
zc,WS209,2012-06-05 09:06:50.523,2382.0000,259550,0,0.0000,8.0000,4,4,空换,S,2382.0000,0.0000,0.0000,0.0000,0.0000,2383.0000,0.0000,0.0000,0.0000,0.0000,108,0,0,0,0,122,0,0,0,0
zc,WS209,2012-06-05 09:06:51.273,2382.0000,259562,12,0.0000,12.0000,12,0,双开,S,2382.0000,0.0000,0.0000,0.0000,0.0000,2383.0000,0.0000,0.0000,0.0000,0.0000,102,0,0,0,0,122,0,0,0,0
zc,WS209,2012-06-05 09:06:51.740,2383.0000,259562,0,0.0000,2.0000,1,1,多换,B,2382.0000,0.0000,0.0000,0.0000,0.0000,2383.0000,0.0000,0.0000,0.0000,0.0000,102,0,0,0,0,121,0,0,0,0
zc,WS209,2012-06-05 09:06:52.257,2382.0000,259562,0,0.0000,2.0000,1,1,空换,S,2382.0000,0.0000,0.0000,0.0000,0.0000,2383.0000,0.0000,0.0000,0.0000,0.0000,101,0,0,0,0,121,0,0,0,0
zc,WS209,2012-06-05 09:06:52.757,2382.0000,259562,0,0.0000,0.0000,0,0,空换,S,2382.0000,0.0000,0.0000,0.0000,0.0000,2383.0000,0.0000,0.0000,0.0000,0.0000,102,0,0,0,0,116,0,0,0,0
zc,WS209,2012-06-05 09:06:54.070,2382.0000,259562,0,0.0000,0.0000,0,0,空换,S,2382.0000,0.0000,0.0000,0.0000,0.0000,2383.0000,0.0000,0.0000,0.0000,0.0000,103,0,0,0,0,119,0,0,0,0
zc,WS209,2012-06-05 09:06:54.507,2383.0000,259560,-2,0.0000,2.0000,0,2,双平,B,2382.0000,0.0000,0.0000,0.0000,0.0000,2383.0000,0.0000,0.0000,0.0000,0.0000,103,0,0,0,0,118,0,0,0,0
zc,WS209,2012-06-05 09:06:55.773,2383.0000,259560,0,0.0000,0.0000,0,0,多换,B,2382.0000,0.0000,0.0000,0.0000,0.0000,2383.0000,0.0000,0.0000,0.0000,0.0000,103,0,0,0,0,119,0,0,0,0
zc,WS209,2012-06-05 09:06:56.507,2382.0000,259564,4,0.0000,4.0000,4,0,双开,S,2382.0000,0.0000,0.0000,0.0000,0.0000,2383.0000,0.0000,0.0000,0.0000,0.0000,101,0,0,0,0,119,0,0,0,0
zc,WS209,2012-06-05 09:06:57.537,2383.0000,259564,0,0.0000,4.0000,2,2,多换,B,2382.0000,0.0000,0.0000,0.0000,0.0000,2383.0000,0.0000,0.0000,0.0000,0.0000,101,0,0,0,0,117,0,0,0,0
zc,WS209,2012-06-05 09:06:58.507,2383.0000,259564,0,0.0000,0.0000,0,0,多换,B,2382.0000,0.0000,0.0000,0.0000,0.0000,2383.0000,0.0000,0.0000,0.0000,0.0000,101,0,0,0,0,116,0,0,0,0
zc,WS209,2012-06-05 09:07:00.037,2383.0000,259564,0,0.0000,0.0000,0,0,多换,B,2382.0000,0.0000,0.0000,0.0000,0.0000,2383.0000,0.0000,0.0000,0.0000,0.0000,102,0,0,0,0,116,0,0,0,0
zc,WS209,2012-06-05 09:07:00.523,2383.0000,259564,0,0.0000,0.0000,0,0,多换,B,2382.0000,0.0000,0.0000,0.0000,0.0000,2383.0000,0.0000,0.0000,0.0000,0.0000,102,0,0,0,0,115,0,0,0,0
zc,WS209,2012-06-05 09:07:00.990,2382.0000,259568,4,0.0000,4.0000,4,0,双开,S,2382.0000,0.0000,0.0000,0.0000,0.0000,2383.0000,0.0000,0.0000,0.0000,0.0000,100,0,0,0,0,115,0,0,0,0
zc,WS209,2012-06-05 09:07:01.803,2382.0000,259752,184,0.0000,200.0000,192,8,空开,S,2381.0000,0.0000,0.0000,0.0000,0.0000,2383.0000,0.0000,0.0000,0.0000,0.0000,256,0,0,0,0,115,0,0,0,0
zc,WS209,2012-06-05 09:07:03.367,2381.0000,259750,-2,0.0000,2.0000,0,2,双平,S,2381.0000,0.0000,0.0000,0.0000,0.0000,2383.0000,0.0000,0.0000,0.0000,0.0000,256,0,0,0,0,116,0,0,0,0
zc,WS209,2012-06-05 09:07:03.990,2383.0000,259750,0,0.0000,4.0000,2,2,多换,B,2382.0000,0.0000,0.0000,0.0000,0.0000,2383.0000,0.0000,0.0000,0.0000,0.0000,1,0,0,0,0,114,0,0,0,0
zc,WS209,2012-06-05 09:07:04.507,2383.0000,259756,6,0.0000,8.0000,7,1,多开,B,2381.0000,0.0000,0.0000,0.0000,0.0000,2383.0000,0.0000,0.0000,0.0000,0.0000,255,0,0,0,0,112,0,0,0,0
zc,WS209,2012-06-05 09:07:07.273,2383.0000,259756,0,0.0000,0.0000,0,0,多换,B,2381.0000,0.0000,0.0000,0.0000,0.0000,2383.0000,0.0000,0.0000,0.0000,0.0000,255,0,0,0,0,114,0,0,0,0
