市场代码,合约代码,时间,最新,持仓,增仓,成交额,成交量,开仓,平仓,成交类型,方向,买一价,买二价,买三价,买四价,买五价,卖一价,卖二价,卖三价,卖四价,卖五价,买一量,买二量,买三量,买四量,买五量,卖一量,卖二量,卖三量,卖四量,卖五量
zc,WS211,2012-06-05 08:07:24.163,0.0000,252,0,0.0000,0.0000,0,0,空换,S,0.0000,0.0000,0.0000,0.0000,0.0000,0.0000,0.0000,0.0000,0.0000,0.0000,0,0,0,0,0,0,0,0,0,0
zc,WS211,2012-06-05 08:10:24.163,0.0000,252,0,0.0000,0.0000,0,0,空换,S,0.0000,0.0000,0.0000,0.0000,0.0000,0.0000,0.0000,0.0000,0.0000,0.0000,0,0,0,0,0,0,0,0,0,0
zc,WS211,2012-06-05 08:25:25.757,0.0000,252,0,0.0000,0.0000,0,0,空换,S,0.0000,0.0000,0.0000,0.0000,0.0000,0.0000,0.0000,0.0000,0.0000,0.0000,0,0,0,0,0,0,0,0,0,0
zc,WS211,2012-06-05 08:36:25.757,0.0000,252,0,0.0000,0.0000,0,0,空换,S,0.0000,0.0000,0.0000,0.0000,0.0000,0.0000,0.0000,0.0000,0.0000,0.0000,0,0,0,0,0,0,0,0,0,0
zc,WS211,2012-06-05 08:42:25.740,0.0000,252,0,0.0000,0.0000,0,0,空换,S,0.0000,0.0000,0.0000,0.0000,0.0000,0.0000,0.0000,0.0000,0.0000,0.0000,0,0,0,0,0,0,0,0,0,0
zc,WS211,2012-06-05 08:47:25.740,0.0000,252,0,0.0000,0.0000,0,0,空换,S,0.0000,0.0000,0.0000,0.0000,0.0000,0.0000,0.0000,0.0000,0.0000,0.0000,0,0,0,0,0,0,0,0,0,0
zc,WS211,2012-06-05 08:57:25.727,0.0000,252,0,0.0000,0.0000,0,0,空换,S,0.0000,0.0000,0.0000,0.0000,0.0000,0.0000,0.0000,0.0000,0.0000,0.0000,0,0,0,0,0,0,0,0,0,0
zc,WS211,2012-06-05 09:00:02.710,0.0000,252,0,0.0000,0.0000,0,0,空换,S,2373.0000,0.0000,0.0000,0.0000,0.0000,2433.0000,0.0000,0.0000,0.0000,0.0000,1,0,0,0,0,15,0,0,0,0
zc,WS211,2012-06-05 09:00:05.477,0.0000,252,0,0.0000,0.0000,0,0,空换,S,2374.0000,0.0000,0.0000,0.0000,0.0000,2434.0000,0.0000,0.0000,0.0000,0.0000,1,0,0,0,0,15,0,0,0,0
zc,WS211,2012-06-05 09:00:06.180,0.0000,252,0,0.0000,0.0000,0,0,空换,S,2373.0000,0.0000,0.0000,0.0000,0.0000,2434.0000,0.0000,0.0000,0.0000,0.0000,1,0,0,0,0,15,0,0,0,0
zc,WS211,2012-06-05 09:00:06.943,0.0000,252,0,0.0000,0.0000,0,0,空换,S,2373.0000,0.0000,0.0000,0.0000,0.0000,2435.0000,0.0000,0.0000,0.0000,0.0000,1,0,0,0,0,15,0,0,0,0
zc,WS211,2012-06-05 09:00:07.413,0.0000,252,0,0.0000,0.0000,0,0,空换,S,2373.0000,0.0000,0.0000,0.0000,0.0000,2436.0000,0.0000,0.0000,0.0000,0.0000,1,0,0,0,0,9,0,0,0,0
zc,WS211,2012-06-05 09:00:08.087,0.0000,252,0,0.0000,0.0000,0,0,空换,S,2373.0000,0.0000,0.0000,0.0000,0.0000,2437.0000,0.0000,0.0000,0.0000,0.0000,1,0,0,0,0,15,0,0,0,0
zc,WS211,2012-06-05 09:00:09.397,0.0000,252,0,0.0000,0.0000,0,0,空换,S,2375.0000,0.0000,0.0000,0.0000,0.0000,2437.0000,0.0000,0.0000,0.0000,0.0000,1,0,0,0,0,15,0,0,0,0
zc,WS211,2012-06-05 09:00:09.960,0.0000,252,0,0.0000,0.0000,0,0,空换,S,2374.0000,0.0000,0.0000,0.0000,0.0000,2437.0000,0.0000,0.0000,0.0000,0.0000,1,0,0,0,0,15,0,0,0,0
zc,WS211,2012-06-05 09:00:10.680,0.0000,252,0,0.0000,0.0000,0,0,空换,S,2377.0000,0.0000,0.0000,0.0000,0.0000,2440.0000,0.0000,0.0000,0.0000,0.0000,1,0,0,0,0,15,0,0,0,0
zc,WS211,2012-06-05 09:00:12.193,0.0000,252,0,0.0000,0.0000,0,0,空换,S,2378.0000,0.0000,0.0000,0.0000,0.0000,2441.0000,0.0000,0.0000,0.0000,0.0000,1,0,0,0,0,15,0,0,0,0
zc,WS211,2012-06-05 09:00:12.617,0.0000,252,0,0.0000,0.0000,0,0,空换,S,2378.0000,0.0000,0.0000,0.0000,0.0000,2440.0000,0.0000,0.0000,0.0000,0.0000,1,0,0,0,0,15,0,0,0,0
zc,WS211,2012-06-05 09:00:13.413,0.0000,252,0,0.0000,0.0000,0,0,空换,S,2379.0000,0.0000,0.0000,0.0000,0.0000,2440.0000,0.0000,0.0000,0.0000,0.0000,2,0,0,0,0,15,0,0,0,0
zc,WS211,2012-06-05 09:00:13.897,0.0000,252,0,0.0000,0.0000,0,0,空换,S,2379.0000,0.0000,0.0000,0.0000,0.0000,2441.0000,0.0000,0.0000,0.0000,0.0000,3,0,0,0,0,15,0,0,0,0
zc,WS211,2012-06-05 09:00:14.430,0.0000,252,0,0.0000,0.0000,0,0,空换,S,2379.0000,0.0000,0.0000,0.0000,0.0000,2440.0000,0.0000,0.0000,0.0000,0.0000,3,0,0,0,0,3,0,0,0,0
zc,WS211,2012-06-05 09:00:15.147,0.0000,252,0,0.0000,0.0000,0,0,空换,S,2379.0000,0.0000,0.0000,0.0000,0.0000,2442.0000,0.0000,0.0000,0.0000,0.0000,3,0,0,0,0,15,0,0,0,0
zc,WS211,2012-06-05 09:00:15.883,0.0000,252,0,0.0000,0.0000,0,0,空换,S,2379.0000,0.0000,0.0000,0.0000,0.0000,2441.0000,0.0000,0.0000,0.0000,0.0000,3,0,0,0,0,15,0,0,0,0
zc,WS211,2012-06-05 09:00:19.147,0.0000,252,0,0.0000,0.0000,0,0,空换,S,2379.0000,0.0000,0.0000,0.0000,0.0000,2442.0000,0.0000,0.0000,0.0000,0.0000,2,0,0,0,0,15,0,0,0,0
zc,WS211,2012-06-05 09:00:20.413,0.0000,252,0,0.0000,0.0000,0,0,空换,S,2379.0000,0.0000,0.0000,0.0000,0.0000,2442.0000,0.0000,0.0000,0.0000,0.0000,3,0,0,0,0,15,0,0,0,0
zc,WS211,2012-06-05 09:00:22.633,0.0000,252,0,0.0000,0.0000,0,0,空换,S,2379.0000,0.0000,0.0000,0.0000,0.0000,2443.0000,0.0000,0.0000,0.0000,0.0000,3,0,0,0,0,15,0,0,0,0
zc,WS211,2012-06-05 09:00:23.070,0.0000,252,0,0.0000,0.0000,0,0,空换,S,2380.0000,0.0000,0.0000,0.0000,0.0000,2443.0000,0.0000,0.0000,0.0000,0.0000,2,0,0,0,0,15,0,0,0,0
zc,WS211,2012-06-05 09:00:23.897,0.0000,252,0,0.0000,0.0000,0,0,空换,S,2380.0000,0.0000,0.0000,0.0000,0.0000,2443.0000,0.0000,0.0000,0.0000,0.0000,3,0,0,0,0,15,0,0,0,0
zc,WS211,2012-06-05 09:00:24.647,0.0000,252,0,0.0000,0.0000,0,0,空换,S,2421.0000,0.0000,0.0000,0.0000,0.0000,2443.0000,0.0000,0.0000,0.0000,0.0000,4,0,0,0,0,9,0,0,0,0
zc,WS211,2012-06-05 09:00:25.413,0.0000,252,0,0.0000,0.0000,0,0,空换,S,2421.0000,0.0000,0.0000,0.0000,0.0000,2444.0000,0.0000,0.0000,0.0000,0.0000,4,0,0,0,0,15,0,0,0,0
zc,WS211,2012-06-05 09:00:25.930,0.0000,252,0,0.0000,0.0000,0,0,空换,S,2421.0000,0.0000,0.0000,0.0000,0.0000,2442.0000,0.0000,0.0000,0.0000,0.0000,4,0,0,0,0,15,0,0,0,0
zc,WS211,2012-06-05 09:00:27.070,0.0000,252,0,0.0000,0.0000,0,0,空换,S,2421.0000,0.0000,0.0000,0.0000,0.0000,2441.0000,0.0000,0.0000,0.0000,0.0000,4,0,0,0,0,15,0,0,0,0
zc,WS211,2012-06-05 09:00:27.897,0.0000,252,0,0.0000,0.0000,0,0,空换,S,2421.0000,0.0000,0.0000,0.0000,0.0000,2441.0000,0.0000,0.0000,0.0000,0.0000,4,0,0,0,0,13,0,0,0,0
zc,WS211,2012-06-05 09:00:28.633,0.0000,252,0,0.0000,0.0000,0,0,空换,S,2422.0000,0.0000,0.0000,0.0000,0.0000,2442.0000,0.0000,0.0000,0.0000,0.0000,4,0,0,0,0,15,0,0,0,0
zc,WS211,2012-06-05 09:00:30.850,0.0000,252,0,0.0000,0.0000,0,0,空换,S,2435.0000,0.0000,0.0000,0.0000,0.0000,2441.0000,0.0000,0.0000,0.0000,0.0000,1,0,0,0,0,15,0,0,0,0
zc,WS211,2012-06-05 09:00:33.163,0.0000,252,0,0.0000,0.0000,0,0,空换,S,2435.0000,0.0000,0.0000,0.0000,0.0000,2440.0000,0.0000,0.0000,0.0000,0.0000,1,0,0,0,0,15,0,0,0,0
zc,WS211,2012-06-05 09:00:37.663,2422.0000,250,-2,0.0000,4.0000,1,3,空平,B,2422.0000,0.0000,0.0000,0.0000,0.0000,2440.0000,0.0000,0.0000,0.0000,0.0000,3,0,0,0,0,15,0,0,0,0
zc,WS211,2012-06-05 09:00:38.383,2422.0000,250,0,0.0000,0.0000,0,0,多换,B,2422.0000,0.0000,0.0000,0.0000,0.0000,2440.0000,0.0000,0.0000,0.0000,0.0000,3,0,0,0,0,1,0,0,0,0
zc,WS211,2012-06-05 09:00:38.867,2422.0000,250,0,0.0000,0.0000,0,0,多换,B,2420.0000,0.0000,0.0000,0.0000,0.0000,2441.0000,0.0000,0.0000,0.0000,0.0000,1,0,0,0,0,15,0,0,0,0
zc,WS211,2012-06-05 09:00:40.397,2422.0000,250,0,0.0000,0.0000,0,0,多换,B,2420.0000,0.0000,0.0000,0.0000,0.0000,2441.0000,0.0000,0.0000,0.0000,0.0000,3,0,0,0,0,15,0,0,0,0
zc,WS211,2012-06-05 09:00:41.647,2422.0000,250,0,0.0000,0.0000,0,0,多换,B,2420.0000,0.0000,0.0000,0.0000,0.0000,2440.0000,0.0000,0.0000,0.0000,0.0000,3,0,0,0,0,15,0,0,0,0
zc,WS211,2012-06-05 09:00:42.337,2422.0000,250,0,0.0000,0.0000,0,0,多换,B,2420.0000,0.0000,0.0000,0.0000,0.0000,2440.0000,0.0000,0.0000,0.0000,0.0000,3,0,0,0,0,4,0,0,0,0
zc,WS211,2012-06-05 09:00:42.883,2422.0000,250,0,0.0000,0.0000,0,0,多换,B,2420.0000,0.0000,0.0000,0.0000,0.0000,2440.0000,0.0000,0.0000,0.0000,0.0000,3,0,0,0,0,13,0,0,0,0
zc,WS211,2012-06-05 09:00:43.663,2422.0000,250,0,0.0000,0.0000,0,0,多换,B,2420.0000,0.0000,0.0000,0.0000,0.0000,2440.0000,0.0000,0.0000,0.0000,0.0000,3,0,0,0,0,15,0,0,0,0
zc,WS211,2012-06-05 09:00:44.867,2422.0000,250,0,0.0000,0.0000,0,0,多换,B,2420.0000,0.0000,0.0000,0.0000,0.0000,2441.0000,0.0000,0.0000,0.0000,0.0000,3,0,0,0,0,15,0,0,0,0
zc,WS211,2012-06-05 09:00:46.383,2422.0000,250,0,0.0000,0.0000,0,0,多换,B,2421.0000,0.0000,0.0000,0.0000,0.0000,2441.0000,0.0000,0.0000,0.0000,0.0000,3,0,0,0,0,15,0,0,0,0
zc,WS211,2012-06-05 09:00:49.587,2422.0000,250,0,0.0000,0.0000,0,0,多换,B,2421.0000,0.0000,0.0000,0.0000,0.0000,2440.0000,0.0000,0.0000,0.0000,0.0000,3,0,0,0,0,15,0,0,0,0
zc,WS211,2012-06-05 09:00:56.053,2422.0000,250,0,0.0000,0.0000,0,0,多换,B,2420.0000,0.0000,0.0000,0.0000,0.0000,2440.0000,0.0000,0.0000,0.0000,0.0000,3,0,0,0,0,15,0,0,0,0
zc,WS211,2012-06-05 09:00:56.850,2422.0000,250,0,0.0000,0.0000,0,0,多换,B,2420.0000,0.0000,0.0000,0.0000,0.0000,2439.0000,0.0000,0.0000,0.0000,0.0000,3,0,0,0,0,15,0,0,0,0
zc,WS211,2012-06-05 09:00:58.383,2422.0000,250,0,0.0000,0.0000,0,0,多换,B,2419.0000,0.0000,0.0000,0.0000,0.0000,2438.0000,0.0000,0.0000,0.0000,0.0000,3,0,0,0,0,15,0,0,0,0
zc,WS211,2012-06-05 09:00:59.633,2422.0000,250,0,0.0000,0.0000,0,0,多换,B,2433.0000,0.0000,0.0000,0.0000,0.0000,2438.0000,0.0000,0.0000,0.0000,0.0000,1,0,0,0,0,15,0,0,0,0
zc,WS211,2012-06-05 09:01:02.837,2422.0000,250,0,0.0000,0.0000,0,0,多换,B,2433.0000,0.0000,0.0000,0.0000,0.0000,2437.0000,0.0000,0.0000,0.0000,0.0000,1,0,0,0,0,1,0,0,0,0
zc,WS211,2012-06-05 09:01:03.587,2422.0000,250,0,0.0000,0.0000,0,0,多换,B,2433.0000,0.0000,0.0000,0.0000,0.0000,2438.0000,0.0000,0.0000,0.0000,0.0000,1,0,0,0,0,15,0,0,0,0
zc,WS211,2012-06-05 09:01:05.850,2422.0000,250,0,0.0000,0.0000,0,0,多换,B,2433.0000,0.0000,0.0000,0.0000,0.0000,2437.0000,0.0000,0.0000,0.0000,0.0000,1,0,0,0,0,15,0,0,0,0
zc,WS211,2012-06-05 09:01:08.337,2422.0000,250,0,0.0000,0.0000,0,0,多换,B,2433.0000,0.0000,0.0000,0.0000,0.0000,2437.0000,0.0000,0.0000,0.0000,0.0000,1,0,0,0,0,13,0,0,0,0
zc,WS211,2012-06-05 09:01:09.053,2422.0000,250,0,0.0000,0.0000,0,0,多换,B,2433.0000,0.0000,0.0000,0.0000,0.0000,2438.0000,0.0000,0.0000,0.0000,0.0000,1,0,0,0,0,11,0,0,0,0
zc,WS211,2012-06-05 09:01:10.787,2422.0000,250,0,0.0000,0.0000,0,0,多换,B,2433.0000,0.0000,0.0000,0.0000,0.0000,2438.0000,0.0000,0.0000,0.0000,0.0000,1,0,0,0,0,3,0,0,0,0
zc,WS211,2012-06-05 09:01:12.087,2422.0000,250,0,0.0000,0.0000,0,0,多换,B,2433.0000,0.0000,0.0000,0.0000,0.0000,2438.0000,0.0000,0.0000,0.0000,0.0000,1,0,0,0,0,4,0,0,0,0
zc,WS211,2012-06-05 09:01:12.803,2422.0000,250,0,0.0000,0.0000,0,0,多换,B,2433.0000,0.0000,0.0000,0.0000,0.0000,2438.0000,0.0000,0.0000,0.0000,0.0000,1,0,0,0,0,1,0,0,0,0
zc,WS211,2012-06-05 09:01:14.100,2422.0000,250,0,0.0000,0.0000,0,0,多换,B,2433.0000,0.0000,0.0000,0.0000,0.0000,2438.0000,0.0000,0.0000,0.0000,0.0000,1,0,0,0,0,2,0,0,0,0
zc,WS211,2012-06-05 09:01:14.587,2422.0000,250,0,0.0000,0.0000,0,0,多换,B,2433.0000,0.0000,0.0000,0.0000,0.0000,2439.0000,0.0000,0.0000,0.0000,0.0000,1,0,0,0,0,15,0,0,0,0
zc,WS211,2012-06-05 09:01:15.287,2422.0000,250,0,0.0000,0.0000,0,0,多换,B,2433.0000,0.0000,0.0000,0.0000,0.0000,2437.0000,0.0000,0.0000,0.0000,0.0000,1,0,0,0,0,1,0,0,0,0
zc,WS211,2012-06-05 09:01:16.553,2422.0000,250,0,0.0000,0.0000,0,0,多换,B,2433.0000,0.0000,0.0000,0.0000,0.0000,2439.0000,0.0000,0.0000,0.0000,0.0000,1,0,0,0,0,15,0,0,0,0
zc,WS211,2012-06-05 09:01:17.773,2422.0000,250,0,0.0000,0.0000,0,0,多换,B,2433.0000,0.0000,0.0000,0.0000,0.0000,2438.0000,0.0000,0.0000,0.0000,0.0000,1,0,0,0,0,2,0,0,0,0
zc,WS211,2012-06-05 09:01:18.257,2422.0000,250,0,0.0000,0.0000,0,0,多换,B,2433.0000,0.0000,0.0000,0.0000,0.0000,2438.0000,0.0000,0.0000,0.0000,0.0000,1,0,0,0,0,7,0,0,0,0
zc,WS211,2012-06-05 09:01:19.117,2422.0000,250,0,0.0000,0.0000,0,0,多换,B,2433.0000,0.0000,0.0000,0.0000,0.0000,2438.0000,0.0000,0.0000,0.0000,0.0000,1,0,0,0,0,15,0,0,0,0
zc,WS211,2012-06-05 09:01:23.617,2422.0000,250,0,0.0000,0.0000,0,0,多换,B,2433.0000,0.0000,0.0000,0.0000,0.0000,2438.0000,0.0000,0.0000,0.0000,0.0000,1,0,0,0,0,16,0,0,0,0
zc,WS211,2012-06-05 09:01:25.757,2422.0000,250,0,0.0000,0.0000,0,0,多换,B,2433.0000,0.0000,0.0000,0.0000,0.0000,2438.0000,0.0000,0.0000,0.0000,0.0000,1,0,0,0,0,16,0,0,0,0
zc,WS211,2012-06-05 09:01:29.837,2422.0000,250,0,0.0000,0.0000,0,0,多换,B,2433.0000,0.0000,0.0000,0.0000,0.0000,2437.0000,0.0000,0.0000,0.0000,0.0000,1,0,0,0,0,1,0,0,0,0
zc,WS211,2012-06-05 09:01:39.100,2422.0000,250,0,0.0000,0.0000,0,0,多换,B,2433.0000,0.0000,0.0000,0.0000,0.0000,2438.0000,0.0000,0.0000,0.0000,0.0000,1,0,0,0,0,1,0,0,0,0
zc,WS211,2012-06-05 09:01:43.883,2422.0000,250,0,0.0000,0.0000,0,0,多换,B,2433.0000,0.0000,0.0000,0.0000,0.0000,2439.0000,0.0000,0.0000,0.0000,0.0000,1,0,0,0,0,2,0,0,0,0
zc,WS211,2012-06-05 09:01:49.867,2422.0000,250,0,0.0000,0.0000,0,0,多换,B,2433.0000,0.0000,0.0000,0.0000,0.0000,2439.0000,0.0000,0.0000,0.0000,0.0000,1,0,0,0,0,1,0,0,0,0
zc,WS211,2012-06-05 09:02:00.397,2422.0000,250,0,0.0000,0.0000,0,0,多换,B,2433.0000,0.0000,0.0000,0.0000,0.0000,2439.0000,0.0000,0.0000,0.0000,0.0000,1,0,0,0,0,2,0,0,0,0
zc,WS211,2012-06-05 09:02:01.367,2422.0000,250,0,0.0000,0.0000,0,0,多换,B,2433.0000,0.0000,0.0000,0.0000,0.0000,2439.0000,0.0000,0.0000,0.0000,0.0000,1,0,0,0,0,1,0,0,0,0
zc,WS211,2012-06-05 09:02:03.100,2422.0000,250,0,0.0000,0.0000,0,0,多换,B,2433.0000,0.0000,0.0000,0.0000,0.0000,2440.0000,0.0000,0.0000,0.0000,0.0000,1,0,0,0,0,1,0,0,0,0
zc,WS211,2012-06-05 09:02:05.100,2422.0000,250,0,0.0000,0.0000,0,0,多换,B,2433.0000,0.0000,0.0000,0.0000,0.0000,2439.0000,0.0000,0.0000,0.0000,0.0000,1,0,0,0,0,1,0,0,0,0
zc,WS211,2012-06-05 09:02:05.570,2422.0000,250,0,0.0000,0.0000,0,0,多换,B,2433.0000,0.0000,0.0000,0.0000,0.0000,2440.0000,0.0000,0.0000,0.0000,0.0000,1,0,0,0,0,1,0,0,0,0
zc,WS211,2012-06-05 09:02:30.303,2422.0000,250,0,0.0000,0.0000,0,0,多换,B,2433.0000,0.0000,0.0000,0.0000,0.0000,2441.0000,0.0000,0.0000,0.0000,0.0000,1,0,0,0,0,1,0,0,0,0
zc,WS211,2012-06-05 09:02:39.663,2422.0000,250,0,0.0000,0.0000,0,0,多换,B,2433.0000,0.0000,0.0000,0.0000,0.0000,2440.0000,0.0000,0.0000,0.0000,0.0000,1,0,0,0,0,1,0,0,0,0
zc,WS211,2012-06-05 09:02:44.070,2422.0000,250,0,0.0000,0.0000,0,0,多换,B,2433.0000,0.0000,0.0000,0.0000,0.0000,2439.0000,0.0000,0.0000,0.0000,0.0000,1,0,0,0,0,1,0,0,0,0
zc,WS211,2012-06-05 09:02:52.133,2422.0000,250,0,0.0000,0.0000,0,0,多换,B,2433.0000,0.0000,0.0000,0.0000,0.0000,2438.0000,0.0000,0.0000,0.0000,0.0000,1,0,0,0,0,1,0,0,0,0
zc,WS211,2012-06-05 09:02:53.337,2422.0000,250,0,0.0000,0.0000,0,0,多换,B,2433.0000,0.0000,0.0000,0.0000,0.0000,2439.0000,0.0000,0.0000,0.0000,0.0000,1,0,0,0,0,1,0,0,0,0
zc,WS211,2012-06-05 09:03:00.617,2422.0000,250,0,0.0000,0.0000,0,0,多换,B,2433.0000,0.0000,0.0000,0.0000,0.0000,2438.0000,0.0000,0.0000,0.0000,0.0000,1,0,0,0,0,1,0,0,0,0
zc,WS211,2012-06-05 09:03:04.537,2422.0000,250,0,0.0000,0.0000,0,0,多换,B,2433.0000,0.0000,0.0000,0.0000,0.0000,2439.0000,0.0000,0.0000,0.0000,0.0000,1,0,0,0,0,1,0,0,0,0
zc,WS211,2012-06-05 09:03:13.320,2422.0000,250,0,0.0000,0.0000,0,0,多换,B,2433.0000,0.0000,0.0000,0.0000,0.0000,2438.0000,0.0000,0.0000,0.0000,0.0000,1,0,0,0,0,1,0,0,0,0
zc,WS211,2012-06-05 09:03:13.883,2422.0000,250,0,0.0000,0.0000,0,0,多换,B,2433.0000,0.0000,0.0000,0.0000,0.0000,2439.0000,0.0000,0.0000,0.0000,0.0000,1,0,0,0,0,1,0,0,0,0
zc,WS211,2012-06-05 09:03:21.337,2422.0000,250,0,0.0000,0.0000,0,0,多换,B,2433.0000,0.0000,0.0000,0.0000,0.0000,2440.0000,0.0000,0.0000,0.0000,0.0000,1,0,0,0,0,1,0,0,0,0
zc,WS211,2012-06-05 09:03:22.633,2422.0000,250,0,0.0000,0.0000,0,0,多换,B,2433.0000,0.0000,0.0000,0.0000,0.0000,2439.0000,0.0000,0.0000,0.0000,0.0000,1,0,0,0,0,1,0,0,0,0
zc,WS211,2012-06-05 09:03:23.100,2422.0000,250,0,0.0000,0.0000,0,0,多换,B,2433.0000,0.0000,0.0000,0.0000,0.0000,2440.0000,0.0000,0.0000,0.0000,0.0000,1,0,0,0,0,1,0,0,0,0
zc,WS211,2012-06-05 09:03:25.147,2422.0000,250,0,0.0000,0.0000,0,0,多换,B,2433.0000,0.0000,0.0000,0.0000,0.0000,2439.0000,0.0000,0.0000,0.0000,0.0000,1,0,0,0,0,1,0,0,0,0
zc,WS211,2012-06-05 09:03:28.787,2422.0000,250,0,0.0000,0.0000,0,0,多换,B,2433.0000,0.0000,0.0000,0.0000,0.0000,2439.0000,0.0000,0.0000,0.0000,0.0000,1,0,0,0,0,1,0,0,0,0
zc,WS211,2012-06-05 09:03:29.350,2422.0000,250,0,0.0000,0.0000,0,0,多换,B,2433.0000,0.0000,0.0000,0.0000,0.0000,2440.0000,0.0000,0.0000,0.0000,0.0000,1,0,0,0,0,1,0,0,0,0
zc,WS211,2012-06-05 09:03:32.883,2422.0000,250,0,0.0000,0.0000,0,0,多换,B,2433.0000,0.0000,0.0000,0.0000,0.0000,2439.0000,0.0000,0.0000,0.0000,0.0000,1,0,0,0,0,1,0,0,0,0
zc,WS211,2012-06-05 09:03:34.133,2422.0000,250,0,0.0000,0.0000,0,0,多换,B,2433.0000,0.0000,0.0000,0.0000,0.0000,2440.0000,0.0000,0.0000,0.0000,0.0000,1,0,0,0,0,1,0,0,0,0
zc,WS211,2012-06-05 09:03:42.570,2422.0000,250,0,0.0000,0.0000,0,0,多换,B,2433.0000,0.0000,0.0000,0.0000,0.0000,2439.0000,0.0000,0.0000,0.0000,0.0000,1,0,0,0,0,1,0,0,0,0
zc,WS211,2012-06-05 09:03:43.367,2439.0000,252,2,0.0000,2.0000,2,0,双开,B,2433.0000,0.0000,0.0000,0.0000,0.0000,2442.0000,0.0000,0.0000,0.0000,0.0000,1,0,0,0,0,1,0,0,0,0
zc,WS211,2012-06-05 09:03:44.537,2439.0000,252,0,0.0000,0.0000,0,0,多换,B,2433.0000,0.0000,0.0000,0.0000,0.0000,2443.0000,0.0000,0.0000,0.0000,0.0000,1,0,0,0,0,1,0,0,0,0
zc,WS211,2012-06-05 09:03:50.367,2439.0000,252,0,0.0000,0.0000,0,0,多换,B,2433.0000,0.0000,0.0000,0.0000,0.0000,2444.0000,0.0000,0.0000,0.0000,0.0000,1,0,0,0,0,1,0,0,0,0
zc,WS211,2012-06-05 09:04:08.430,2439.0000,252,0,0.0000,0.0000,0,0,多换,B,2433.0000,0.0000,0.0000,0.0000,0.0000,2444.0000,0.0000,0.0000,0.0000,0.0000,2,0,0,0,0,1,0,0,0,0
zc,WS211,2012-06-05 09:04:14.087,2439.0000,252,0,0.0000,0.0000,0,0,多换,B,2434.0000,0.0000,0.0000,0.0000,0.0000,2444.0000,0.0000,0.0000,0.0000,0.0000,1,0,0,0,0,1,0,0,0,0
zc,WS211,2012-06-05 09:04:18.133,2439.0000,252,0,0.0000,0.0000,0,0,多换,B,2433.0000,0.0000,0.0000,0.0000,0.0000,2444.0000,0.0000,0.0000,0.0000,0.0000,2,0,0,0,0,1,0,0,0,0
zc,WS211,2012-06-05 09:04:24.803,2439.0000,252,0,0.0000,0.0000,0,0,多换,B,2433.0000,0.0000,0.0000,0.0000,0.0000,2443.0000,0.0000,0.0000,0.0000,0.0000,2,0,0,0,0,1,0,0,0,0
zc,WS211,2012-06-05 09:04:25.740,2439.0000,252,0,0.0000,0.0000,0,0,多换,B,2433.0000,0.0000,0.0000,0.0000,0.0000,2443.0000,0.0000,0.0000,0.0000,0.0000,2,0,0,0,0,1,0,0,0,0
zc,WS211,2012-06-05 09:04:43.117,2439.0000,252,0,0.0000,0.0000,0,0,多换,B,2433.0000,0.0000,0.0000,0.0000,0.0000,2442.0000,0.0000,0.0000,0.0000,0.0000,2,0,0,0,0,1,0,0,0,0
zc,WS211,2012-06-05 09:04:44.303,2439.0000,252,0,0.0000,0.0000,0,0,多换,B,2434.0000,0.0000,0.0000,0.0000,0.0000,2443.0000,0.0000,0.0000,0.0000,0.0000,1,0,0,0,0,1,0,0,0,0
zc,WS211,2012-06-05 09:04:57.273,2439.0000,252,0,0.0000,0.0000,0,0,多换,B,2434.0000,0.0000,0.0000,0.0000,0.0000,2442.0000,0.0000,0.0000,0.0000,0.0000,1,0,0,0,0,1,0,0,0,0
zc,WS211,2012-06-05 09:05:03.337,2439.0000,252,0,0.0000,0.0000,0,0,多换,B,2433.0000,0.0000,0.0000,0.0000,0.0000,2442.0000,0.0000,0.0000,0.0000,0.0000,2,0,0,0,0,1,0,0,0,0
zc,WS211,2012-06-05 09:05:03.787,2439.0000,252,0,0.0000,0.0000,0,0,多换,B,2434.0000,0.0000,0.0000,0.0000,0.0000,2442.0000,0.0000,0.0000,0.0000,0.0000,1,0,0,0,0,1,0,0,0,0
zc,WS211,2012-06-05 09:05:06.523,2439.0000,252,0,0.0000,0.0000,0,0,多换,B,2433.0000,0.0000,0.0000,0.0000,0.0000,2442.0000,0.0000,0.0000,0.0000,0.0000,2,0,0,0,0,1,0,0,0,0
zc,WS211,2012-06-05 09:05:09.693,2423.0000,254,2,0.0000,10.0000,6,4,空开,S,2423.0000,0.0000,0.0000,0.0000,0.0000,2442.0000,0.0000,0.0000,0.0000,0.0000,1,0,0,0,0,1,0,0,0,0
zc,WS211,2012-06-05 09:05:10.320,2423.0000,254,0,0.0000,0.0000,0,0,空换,S,2422.0000,0.0000,0.0000,0.0000,0.0000,2442.0000,0.0000,0.0000,0.0000,0.0000,1,0,0,0,0,1,0,0,0,0
zc,WS211,2012-06-05 09:05:10.850,2423.0000,254,0,0.0000,0.0000,0,0,空换,S,2423.0000,0.0000,0.0000,0.0000,0.0000,2442.0000,0.0000,0.0000,0.0000,0.0000,1,0,0,0,0,1,0,0,0,0
zc,WS211,2012-06-05 09:05:12.053,2423.0000,254,0,0.0000,0.0000,0,0,空换,S,2423.0000,0.0000,0.0000,0.0000,0.0000,2433.0000,0.0000,0.0000,0.0000,0.0000,1,0,0,0,0,1,0,0,0,0
zc,WS211,2012-06-05 09:05:12.773,2433.0000,252,-2,0.0000,2.0000,0,2,双平,B,2423.0000,0.0000,0.0000,0.0000,0.0000,2442.0000,0.0000,0.0000,0.0000,0.0000,1,0,0,0,0,1,0,0,0,0
zc,WS211,2012-06-05 09:05:16.087,2433.0000,252,0,0.0000,0.0000,0,0,多换,B,2422.0000,0.0000,0.0000,0.0000,0.0000,2442.0000,0.0000,0.0000,0.0000,0.0000,1,0,0,0,0,1,0,0,0,0
zc,WS211,2012-06-05 09:05:19.037,2433.0000,252,0,0.0000,0.0000,0,0,多换,B,2423.0000,0.0000,0.0000,0.0000,0.0000,2442.0000,0.0000,0.0000,0.0000,0.0000,1,0,0,0,0,1,0,0,0,0
zc,WS211,2012-06-05 09:05:25.740,2433.0000,252,0,0.0000,0.0000,0,0,多换,B,2423.0000,0.0000,0.0000,0.0000,0.0000,2442.0000,0.0000,0.0000,0.0000,0.0000,1,0,0,0,0,1,0,0,0,0
zc,WS211,2012-06-05 09:05:32.553,2433.0000,252,0,0.0000,0.0000,0,0,多换,B,2423.0000,0.0000,0.0000,0.0000,0.0000,2442.0000,0.0000,0.0000,0.0000,0.0000,2,0,0,0,0,1,0,0,0,0
zc,WS211,2012-06-05 09:05:37.320,2433.0000,252,0,0.0000,0.0000,0,0,多换,B,2423.0000,0.0000,0.0000,0.0000,0.0000,2442.0000,0.0000,0.0000,0.0000,0.0000,1,0,0,0,0,1,0,0,0,0
zc,WS211,2012-06-05 09:05:40.490,2433.0000,252,0,0.0000,0.0000,0,0,多换,B,2422.0000,0.0000,0.0000,0.0000,0.0000,2442.0000,0.0000,0.0000,0.0000,0.0000,2,0,0,0,0,1,0,0,0,0
zc,WS211,2012-06-05 09:05:41.037,2433.0000,252,0,0.0000,0.0000,0,0,多换,B,2422.0000,0.0000,0.0000,0.0000,0.0000,2441.0000,0.0000,0.0000,0.0000,0.0000,2,0,0,0,0,1,0,0,0,0
zc,WS211,2012-06-05 09:05:58.803,2433.0000,252,0,0.0000,0.0000,0,0,多换,B,2422.0000,0.0000,0.0000,0.0000,0.0000,2440.0000,0.0000,0.0000,0.0000,0.0000,1,0,0,0,0,1,0,0,0,0
zc,WS211,2012-06-05 09:06:00.337,2433.0000,252,0,0.0000,0.0000,0,0,多换,B,2422.0000,0.0000,0.0000,0.0000,0.0000,2441.0000,0.0000,0.0000,0.0000,0.0000,2,0,0,0,0,1,0,0,0,0
zc,WS211,2012-06-05 09:06:22.820,2433.0000,252,0,0.0000,0.0000,0,0,多换,B,2423.0000,0.0000,0.0000,0.0000,0.0000,2441.0000,0.0000,0.0000,0.0000,0.0000,1,0,0,0,0,1,0,0,0,0
zc,WS211,2012-06-05 09:06:29.787,2433.0000,252,0,0.0000,0.0000,0,0,多换,B,2422.0000,0.0000,0.0000,0.0000,0.0000,2441.0000,0.0000,0.0000,0.0000,0.0000,2,0,0,0,0,1,0,0,0,0
zc,WS211,2012-06-05 09:06:32.757,2433.0000,252,0,0.0000,0.0000,0,0,多换,B,2423.0000,0.0000,0.0000,0.0000,0.0000,2442.0000,0.0000,0.0000,0.0000,0.0000,1,0,0,0,0,1,0,0,0,0
zc,WS211,2012-06-05 09:06:34.507,2433.0000,252,0,0.0000,0.0000,0,0,多换,B,2423.0000,0.0000,0.0000,0.0000,0.0000,2442.0000,0.0000,0.0000,0.0000,0.0000,2,0,0,0,0,1,0,0,0,0
zc,WS211,2012-06-05 09:07:01.820,2433.0000,252,0,0.0000,0.0000,0,0,多换,B,2423.0000,0.0000,0.0000,0.0000,0.0000,2442.0000,0.0000,0.0000,0.0000,0.0000,1,0,0,0,0,1,0,0,0,0
zc,WS211,2012-06-05 09:07:04.007,2433.0000,252,0,0.0000,0.0000,0,0,多换,B,2423.0000,0.0000,0.0000,0.0000,0.0000,2442.0000,0.0000,0.0000,0.0000,0.0000,2,0,0,0,0,1,0,0,0,0
zc,WS211,2012-06-05 09:07:04.523,2433.0000,252,0,0.0000,0.0000,0,0,多换,B,2423.0000,0.0000,0.0000,0.0000,0.0000,2442.0000,0.0000,0.0000,0.0000,0.0000,1,0,0,0,0,1,0,0,0,0
zc,WS211,2012-06-05 09:07:07.787,2433.0000,252,0,0.0000,0.0000,0,0,多换,B,2423.0000,0.0000,0.0000,0.0000,0.0000,2442.0000,0.0000,0.0000,0.0000,0.0000,2,0,0,0,0,1,0,0,0,0
zc,WS211,2012-06-05 09:07:12.053,2433.0000,252,0,0.0000,0.0000,0,0,多换,B,2423.0000,0.0000,0.0000,0.0000,0.0000,2442.0000,0.0000,0.0000,0.0000,0.0000,1,0,0,0,0,1,0,0,0,0
zc,WS211,2012-06-05 09:07:22.850,2433.0000,252,0,0.0000,0.0000,0,0,多换,B,2423.0000,0.0000,0.0000,0.0000,0.0000,2441.0000,0.0000,0.0000,0.0000,0.0000,1,0,0,0,0,1,0,0,0,0
zc,WS211,2012-06-05 09:07:47.837,2433.0000,252,0,0.0000,0.0000,0,0,多换,B,2422.0000,0.0000,0.0000,0.0000,0.0000,2441.0000,0.0000,0.0000,0.0000,0.0000,2,0,0,0,0,2,0,0,0,0
zc,WS211,2012-06-05 09:08:22.287,2433.0000,252,0,0.0000,0.0000,0,0,多换,B,2423.0000,0.0000,0.0000,0.0000,0.0000,2442.0000,0.0000,0.0000,0.0000,0.0000,1,0,0,0,0,1,0,0,0,0
zc,WS211,2012-06-05 09:08:23.117,2433.0000,252,0,0.0000,0.0000,0,0,多换,B,2423.0000,0.0000,0.0000,0.0000,0.0000,2440.0000,0.0000,0.0000,0.0000,0.0000,1,0,0,0,0,1,0,0,0,0
zc,WS211,2012-06-05 09:08:25.727,2433.0000,252,0,0.0000,0.0000,0,0,多换,B,2423.0000,0.0000,0.0000,0.0000,0.0000,2440.0000,0.0000,0.0000,0.0000,0.0000,1,0,0,0,0,1,0,0,0,0
zc,WS211,2012-06-05 09:08:29.287,2433.0000,252,0,0.0000,0.0000,0,0,多换,B,2424.0000,0.0000,0.0000,0.0000,0.0000,2440.0000,0.0000,0.0000,0.0000,0.0000,1,0,0,0,0,1,0,0,0,0
zc,WS211,2012-06-05 09:08:36.287,2433.0000,252,0,0.0000,0.0000,0,0,多换,B,2423.0000,0.0000,0.0000,0.0000,0.0000,2440.0000,0.0000,0.0000,0.0000,0.0000,1,0,0,0,0,1,0,0,0,0
zc,WS211,2012-06-05 09:08:38.570,2433.0000,252,0,0.0000,0.0000,0,0,多换,B,2424.0000,0.0000,0.0000,0.0000,0.0000,2440.0000,0.0000,0.0000,0.0000,0.0000,1,0,0,0,0,1,0,0,0,0
zc,WS211,2012-06-05 09:08:41.570,2433.0000,252,0,0.0000,0.0000,0,0,多换,B,2423.0000,0.0000,0.0000,0.0000,0.0000,2440.0000,0.0000,0.0000,0.0000,0.0000,1,0,0,0,0,1,0,0,0,0
zc,WS211,2012-06-05 09:08:49.553,2433.0000,252,0,0.0000,0.0000,0,0,多换,B,2424.0000,0.0000,0.0000,0.0000,0.0000,2440.0000,0.0000,0.0000,0.0000,0.0000,1,0,0,0,0,1,0,0,0,0
zc,WS211,2012-06-05 09:08:52.257,2433.0000,252,0,0.0000,0.0000,0,0,多换,B,2423.0000,0.0000,0.0000,0.0000,0.0000,2440.0000,0.0000,0.0000,0.0000,0.0000,1,0,0,0,0,1,0,0,0,0
zc,WS211,2012-06-05 09:08:52.820,2433.0000,252,0,0.0000,0.0000,0,0,多换,B,2424.0000,0.0000,0.0000,0.0000,0.0000,2440.0000,0.0000,0.0000,0.0000,0.0000,1,0,0,0,0,1,0,0,0,0
zc,WS211,2012-06-05 09:09:03.350,2433.0000,252,0,0.0000,0.0000,0,0,多换,B,2425.0000,0.0000,0.0000,0.0000,0.0000,2440.0000,0.0000,0.0000,0.0000,0.0000,1,0,0,0,0,1,0,0,0,0
zc,WS211,2012-06-05 09:09:05.320,2433.0000,252,0,0.0000,0.0000,0,0,多换,B,2424.0000,0.0000,0.0000,0.0000,0.0000,2440.0000,0.0000,0.0000,0.0000,0.0000,1,0,0,0,0,1,0,0,0,0
zc,WS211,2012-06-05 09:09:19.773,2433.0000,252,0,0.0000,0.0000,0,0,多换,B,2439.0000,0.0000,0.0000,0.0000,0.0000,2440.0000,0.0000,0.0000,0.0000,0.0000,1,0,0,0,0,1,0,0,0,0
zc,WS211,2012-06-05 09:09:46.553,2439.0000,254,2,0.0000,2.0000,2,0,双开,B,2427.0000,0.0000,0.0000,0.0000,0.0000,2440.0000,0.0000,0.0000,0.0000,0.0000,1,0,0,0,0,1,0,0,0,0
zc,WS211,2012-06-05 09:09:53.053,2439.0000,254,0,0.0000,0.0000,0,0,多换,B,2428.0000,0.0000,0.0000,0.0000,0.0000,2440.0000,0.0000,0.0000,0.0000,0.0000,1,0,0,0,0,1,0,0,0,0
zc,WS211,2012-06-05 09:10:03.070,2439.0000,254,0,0.0000,0.0000,0,0,多换,B,2433.0000,0.0000,0.0000,0.0000,0.0000,2440.0000,0.0000,0.0000,0.0000,0.0000,1,0,0,0,0,1,0,0,0,0
zc,WS211,2012-06-05 09:10:25.710,2439.0000,254,0,0.0000,0.0000,0,0,多换,B,2433.0000,0.0000,0.0000,0.0000,0.0000,2440.0000,0.0000,0.0000,0.0000,0.0000,1,0,0,0,0,1,0,0,0,0
zc,WS211,2012-06-05 09:11:00.537,2439.0000,254,0,0.0000,0.0000,0,0,多换,B,2433.0000,0.0000,0.0000,0.0000,0.0000,2443.0000,0.0000,0.0000,0.0000,0.0000,1,0,0,0,0,1,0,0,0,0
zc,WS211,2012-06-05 09:11:36.087,2443.0000,256,2,0.0000,2.0000,2,0,双开,B,2433.0000,0.0000,0.0000,0.0000,0.0000,2445.0000,0.0000,0.0000,0.0000,0.0000,1,0,0,0,0,1,0,0,0,0
zc,WS211,2012-06-05 09:11:48.303,2443.0000,256,0,0.0000,0.0000,0,0,多换,B,2433.0000,0.0000,0.0000,0.0000,0.0000,2445.0000,0.0000,0.0000,0.0000,0.0000,1,0,0,0,0,2,0,0,0,0
zc,WS211,2012-06-05 09:11:53.303,2443.0000,256,0,0.0000,0.0000,0,0,多换,B,2434.0000,0.0000,0.0000,0.0000,0.0000,2445.0000,0.0000,0.0000,0.0000,0.0000,1,0,0,0,0,2,0,0,0,0
zc,WS211,2012-06-05 09:11:54.803,2443.0000,256,0,0.0000,0.0000,0,0,多换,B,2434.0000,0.0000,0.0000,0.0000,0.0000,2445.0000,0.0000,0.0000,0.0000,0.0000,1,0,0,0,0,1,0,0,0,0
zc,WS211,2012-06-05 09:12:06.553,2443.0000,256,0,0.0000,0.0000,0,0,多换,B,2434.0000,0.0000,0.0000,0.0000,0.0000,2445.0000,0.0000,0.0000,0.0000,0.0000,1,0,0,0,0,2,0,0,0,0
zc,WS211,2012-06-05 09:12:13.037,2443.0000,256,0,0.0000,0.0000,0,0,多换,B,2434.0000,0.0000,0.0000,0.0000,0.0000,2445.0000,0.0000,0.0000,0.0000,0.0000,1,0,0,0,0,1,0,0,0,0
zc,WS211,2012-06-05 09:12:22.287,2443.0000,256,0,0.0000,0.0000,0,0,多换,B,2434.0000,0.0000,0.0000,0.0000,0.0000,2446.0000,0.0000,0.0000,0.0000,0.0000,1,0,0,0,0,2,0,0,0,0
zc,WS211,2012-06-05 09:12:23.303,2443.0000,256,0,0.0000,0.0000,0,0,多换,B,2434.0000,0.0000,0.0000,0.0000,0.0000,2445.0000,0.0000,0.0000,0.0000,0.0000,1,0,0,0,0,1,0,0,0,0
zc,WS211,2012-06-05 09:12:25.820,2443.0000,256,0,0.0000,0.0000,0,0,多换,B,2434.0000,0.0000,0.0000,0.0000,0.0000,2446.0000,0.0000,0.0000,0.0000,0.0000,1,0,0,0,0,2,0,0,0,0
zc,WS211,2012-06-05 09:12:29.227,2443.0000,256,0,0.0000,0.0000,0,0,多换,B,2434.0000,0.0000,0.0000,0.0000,0.0000,2445.0000,0.0000,0.0000,0.0000,0.0000,1,0,0,0,0,1,0,0,0,0
zc,WS211,2012-06-05 09:12:43.537,2443.0000,256,0,0.0000,0.0000,0,0,多换,B,2434.0000,0.0000,0.0000,0.0000,0.0000,2445.0000,0.0000,0.0000,0.0000,0.0000,1,0,0,0,0,2,0,0,0,0
zc,WS211,2012-06-05 09:13:13.007,2443.0000,256,0,0.0000,0.0000,0,0,多换,B,2434.0000,0.0000,0.0000,0.0000,0.0000,2444.0000,0.0000,0.0000,0.0000,0.0000,1,0,0,0,0,1,0,0,0,0
zc,WS211,2012-06-05 09:15:06.773,2443.0000,256,0,0.0000,0.0000,0,0,多换,B,2434.0000,0.0000,0.0000,0.0000,0.0000,2445.0000,0.0000,0.0000,0.0000,0.0000,1,0,0,0,0,2,0,0,0,0
zc,WS211,2012-06-05 09:15:15.990,2445.0000,250,-6,0.0000,10.0000,2,8,空平,B,2434.0000,0.0000,0.0000,0.0000,0.0000,2446.0000,0.0000,0.0000,0.0000,0.0000,1,0,0,0,0,12,0,0,0,0
zc,WS211,2012-06-05 09:15:16.820,2445.0000,250,0,0.0000,0.0000,0,0,多换,B,2434.0000,0.0000,0.0000,0.0000,0.0000,2445.0000,0.0000,0.0000,0.0000,0.0000,1,0,0,0,0,13,0,0,0,0
zc,WS211,2012-06-05 09:15:17.757,2445.0000,250,0,0.0000,0.0000,0,0,多换,B,2434.0000,0.0000,0.0000,0.0000,0.0000,2446.0000,0.0000,0.0000,0.0000,0.0000,1,0,0,0,0,12,0,0,0,0
zc,WS211,2012-06-05 09:15:53.023,2445.0000,250,0,0.0000,0.0000,0,0,多换,B,2434.0000,0.0000,0.0000,0.0000,0.0000,2446.0000,0.0000,0.0000,0.0000,0.0000,2,0,0,0,0,12,0,0,0,0
zc,WS211,2012-06-05 09:15:57.490,2445.0000,250,0,0.0000,0.0000,0,0,多换,B,2434.0000,0.0000,0.0000,0.0000,0.0000,2445.0000,0.0000,0.0000,0.0000,0.0000,2,0,0,0,0,12,0,0,0,0
zc,WS211,2012-06-05 09:16:50.053,2445.0000,250,0,0.0000,0.0000,0,0,多换,B,2434.0000,0.0000,0.0000,0.0000,0.0000,2446.0000,0.0000,0.0000,0.0000,0.0000,2,0,0,0,0,12,0,0,0,0
zc,WS211,2012-06-05 09:17:42.773,2445.0000,250,0,0.0000,0.0000,0,0,多换,B,2434.0000,0.0000,0.0000,0.0000,0.0000,2445.0000,0.0000,0.0000,0.0000,0.0000,2,0,0,0,0,1,0,0,0,0
zc,WS211,2012-06-05 09:18:16.757,2445.0000,250,0,0.0000,0.0000,0,0,多换,B,2434.0000,0.0000,0.0000,0.0000,0.0000,2446.0000,0.0000,0.0000,0.0000,0.0000,2,0,0,0,0,1,0,0,0,0
zc,WS211,2012-06-05 09:18:22.990,2445.0000,250,0,0.0000,0.0000,0,0,多换,B,2434.0000,0.0000,0.0000,0.0000,0.0000,2445.0000,0.0000,0.0000,0.0000,0.0000,2,0,0,0,0,10,0,0,0,0
zc,WS211,2012-06-05 09:18:29.757,2445.0000,250,0,0.0000,0.0000,0,0,多换,B,2435.0000,0.0000,0.0000,0.0000,0.0000,2445.0000,0.0000,0.0000,0.0000,0.0000,1,0,0,0,0,10,0,0,0,0
zc,WS211,2012-06-05 09:18:34.990,2445.0000,250,0,0.0000,0.0000,0,0,多换,B,2435.0000,0.0000,0.0000,0.0000,0.0000,2446.0000,0.0000,0.0000,0.0000,0.0000,1,0,0,0,0,10,0,0,0,0
zc,WS211,2012-06-05 09:18:35.523,2445.0000,250,0,0.0000,0.0000,0,0,多换,B,2436.0000,0.0000,0.0000,0.0000,0.0000,2445.0000,0.0000,0.0000,0.0000,0.0000,1,0,0,0,0,10,0,0,0,0
zc,WS211,2012-06-05 09:18:36.257,2445.0000,250,0,0.0000,0.0000,0,0,多换,B,2435.0000,0.0000,0.0000,0.0000,0.0000,2445.0000,0.0000,0.0000,0.0000,0.0000,1,0,0,0,0,10,0,0,0,0
zc,WS211,2012-06-05 09:18:36.757,2445.0000,250,0,0.0000,0.0000,0,0,多换,B,2434.0000,0.0000,0.0000,0.0000,0.0000,2445.0000,0.0000,0.0000,0.0000,0.0000,2,0,0,0,0,10,0,0,0,0
zc,WS211,2012-06-05 09:18:49.740,2445.0000,250,0,0.0000,0.0000,0,0,多换,B,2435.0000,0.0000,0.0000,0.0000,0.0000,2445.0000,0.0000,0.0000,0.0000,0.0000,1,0,0,0,0,10,0,0,0,0
zc,WS211,2012-06-05 09:18:52.757,2445.0000,250,0,0.0000,0.0000,0,0,多换,B,2436.0000,0.0000,0.0000,0.0000,0.0000,2445.0000,0.0000,0.0000,0.0000,0.0000,1,0,0,0,0,10,0,0,0,0
zc,WS211,2012-06-05 09:19:02.537,2445.0000,250,0,0.0000,0.0000,0,0,多换,B,2435.0000,0.0000,0.0000,0.0000,0.0000,2445.0000,0.0000,0.0000,0.0000,0.0000,1,0,0,0,0,10,0,0,0,0
zc,WS211,2012-06-05 09:19:55.227,2445.0000,250,0,0.0000,0.0000,0,0,多换,B,2435.0000,0.0000,0.0000,0.0000,0.0000,2446.0000,0.0000,0.0000,0.0000,0.0000,1,0,0,0,0,10,0,0,0,0
zc,WS211,2012-06-05 09:20:04.837,2445.0000,250,0,0.0000,0.0000,0,0,多换,B,2436.0000,0.0000,0.0000,0.0000,0.0000,2446.0000,0.0000,0.0000,0.0000,0.0000,1,0,0,0,0,10,0,0,0,0
zc,WS211,2012-06-05 09:20:15.507,2445.0000,250,0,0.0000,0.0000,0,0,多换,B,2436.0000,0.0000,0.0000,0.0000,0.0000,2447.0000,0.0000,0.0000,0.0000,0.0000,1,0,0,0,0,10,0,0,0,0
zc,WS211,2012-06-05 09:20:20.773,2445.0000,250,0,0.0000,0.0000,0,0,多换,B,2437.0000,0.0000,0.0000,0.0000,0.0000,2447.0000,0.0000,0.0000,0.0000,0.0000,1,0,0,0,0,10,0,0,0,0
zc,WS211,2012-06-05 09:20:26.507,2445.0000,250,0,0.0000,0.0000,0,0,多换,B,2437.0000,0.0000,0.0000,0.0000,0.0000,2448.0000,0.0000,0.0000,0.0000,0.0000,1,0,0,0,0,10,0,0,0,0
zc,WS211,2012-06-05 09:20:27.740,2445.0000,250,0,0.0000,0.0000,0,0,多换,B,2437.0000,0.0000,0.0000,0.0000,0.0000,2447.0000,0.0000,0.0000,0.0000,0.0000,1,0,0,0,0,10,0,0,0,0
zc,WS211,2012-06-05 09:20:32.023,2445.0000,250,0,0.0000,0.0000,0,0,多换,B,2436.0000,0.0000,0.0000,0.0000,0.0000,2447.0000,0.0000,0.0000,0.0000,0.0000,1,0,0,0,0,10,0,0,0,0
zc,WS211,2012-06-05 09:20:34.477,2445.0000,250,0,0.0000,0.0000,0,0,多换,B,2437.0000,0.0000,0.0000,0.0000,0.0000,2447.0000,0.0000,0.0000,0.0000,0.0000,1,0,0,0,0,10,0,0,0,0
zc,WS211,2012-06-05 09:20:37.227,2445.0000,250,0,0.0000,0.0000,0,0,多换,B,2437.0000,0.0000,0.0000,0.0000,0.0000,2447.0000,0.0000,0.0000,0.0000,0.0000,1,0,0,0,0,8,0,0,0,0
zc,WS211,2012-06-05 09:20:37.740,2445.0000,250,0,0.0000,0.0000,0,0,多换,B,2437.0000,0.0000,0.0000,0.0000,0.0000,2447.0000,0.0000,0.0000,0.0000,0.0000,1,0,0,0,0,9,0,0,0,0
zc,WS211,2012-06-05 09:20:38.537,2445.0000,250,0,0.0000,0.0000,0,0,多换,B,2437.0000,0.0000,0.0000,0.0000,0.0000,2448.0000,0.0000,0.0000,0.0000,0.0000,1,0,0,0,0,10,0,0,0,0
zc,WS211,2012-06-05 09:20:39.773,2445.0000,250,0,0.0000,0.0000,0,0,多换,B,2438.0000,0.0000,0.0000,0.0000,0.0000,2448.0000,0.0000,0.0000,0.0000,0.0000,1,0,0,0,0,10,0,0,0,0
zc,WS211,2012-06-05 09:20:41.740,2445.0000,250,0,0.0000,0.0000,0,0,多换,B,2438.0000,0.0000,0.0000,0.0000,0.0000,2447.0000,0.0000,0.0000,0.0000,0.0000,1,0,0,0,0,10,0,0,0,0
zc,WS211,2012-06-05 09:20:42.977,2445.0000,250,0,0.0000,0.0000,0,0,多换,B,2437.0000,0.0000,0.0000,0.0000,0.0000,2447.0000,0.0000,0.0000,0.0000,0.0000,1,0,0,0,0,10,0,0,0,0
zc,WS211,2012-06-05 09:20:43.960,2445.0000,250,0,0.0000,0.0000,0,0,多换,B,2438.0000,0.0000,0.0000,0.0000,0.0000,2447.0000,0.0000,0.0000,0.0000,0.0000,1,0,0,0,0,10,0,0,0,0
zc,WS211,2012-06-05 09:20:46.240,2445.0000,250,0,0.0000,0.0000,0,0,多换,B,2437.0000,0.0000,0.0000,0.0000,0.0000,2447.0000,0.0000,0.0000,0.0000,0.0000,1,0,0,0,0,10,0,0,0,0
zc,WS211,2012-06-05 09:20:50.990,2445.0000,250,0,0.0000,0.0000,0,0,多换,B,2438.0000,0.0000,0.0000,0.0000,0.0000,2447.0000,0.0000,0.0000,0.0000,0.0000,1,0,0,0,0,10,0,0,0,0
zc,WS211,2012-06-05 09:20:52.023,2445.0000,250,0,0.0000,0.0000,0,0,多换,B,2437.0000,0.0000,0.0000,0.0000,0.0000,2447.0000,0.0000,0.0000,0.0000,0.0000,1,0,0,0,0,10,0,0,0,0
zc,WS211,2012-06-05 09:20:57.490,2445.0000,250,0,0.0000,0.0000,0,0,多换,B,2437.0000,0.0000,0.0000,0.0000,0.0000,2448.0000,0.0000,0.0000,0.0000,0.0000,1,0,0,0,0,10,0,0,0,0
zc,WS211,2012-06-05 09:21:00.053,2445.0000,250,0,0.0000,0.0000,0,0,多换,B,2438.0000,0.0000,0.0000,0.0000,0.0000,2448.0000,0.0000,0.0000,0.0000,0.0000,1,0,0,0,0,10,0,0,0,0
zc,WS211,2012-06-05 09:21:01.757,2445.0000,250,0,0.0000,0.0000,0,0,多换,B,2437.0000,0.0000,0.0000,0.0000,0.0000,2448.0000,0.0000,0.0000,0.0000,0.0000,1,0,0,0,0,10,0,0,0,0
zc,WS211,2012-06-05 09:21:02.990,2445.0000,250,0,0.0000,0.0000,0,0,多换,B,2438.0000,0.0000,0.0000,0.0000,0.0000,2448.0000,0.0000,0.0000,0.0000,0.0000,1,0,0,0,0,10,0,0,0,0
zc,WS211,2012-06-05 09:21:10.240,2445.0000,250,0,0.0000,0.0000,0,0,多换,B,2438.0000,0.0000,0.0000,0.0000,0.0000,2449.0000,0.0000,0.0000,0.0000,0.0000,1,0,0,0,0,10,0,0,0,0
zc,WS211,2012-06-05 09:21:18.227,2445.0000,250,0,0.0000,0.0000,0,0,多换,B,2439.0000,0.0000,0.0000,0.0000,0.0000,2449.0000,0.0000,0.0000,0.0000,0.0000,1,0,0,0,0,10,0,0,0,0
zc,WS211,2012-06-05 09:21:24.210,2445.0000,250,0,0.0000,0.0000,0,0,多换,B,2438.0000,0.0000,0.0000,0.0000,0.0000,2448.0000,0.0000,0.0000,0.0000,0.0000,1,0,0,0,0,10,0,0,0,0
zc,WS211,2012-06-05 09:21:42.523,2445.0000,250,0,0.0000,0.0000,0,0,多换,B,2440.0000,0.0000,0.0000,0.0000,0.0000,2448.0000,0.0000,0.0000,0.0000,0.0000,1,0,0,0,0,4,0,0,0,0
zc,WS211,2012-06-05 09:21:43.007,2445.0000,250,0,0.0000,0.0000,0,0,多换,B,2440.0000,0.0000,0.0000,0.0000,0.0000,2449.0000,0.0000,0.0000,0.0000,0.0000,1,0,0,0,0,10,0,0,0,0
zc,WS211,2012-06-05 09:21:46.757,2445.0000,250,0,0.0000,0.0000,0,0,多换,B,2440.0000,0.0000,0.0000,0.0000,0.0000,2448.0000,0.0000,0.0000,0.0000,0.0000,1,0,0,0,0,10,0,0,0,0
zc,WS211,2012-06-05 09:22:03.023,2445.0000,250,0,0.0000,0.0000,0,0,多换,B,2440.0000,0.0000,0.0000,0.0000,0.0000,2447.0000,0.0000,0.0000,0.0000,0.0000,1,0,0,0,0,1,0,0,0,0
zc,WS211,2012-06-05 09:22:20.710,2445.0000,250,0,0.0000,0.0000,0,0,多换,B,2440.0000,0.0000,0.0000,0.0000,0.0000,2447.0000,0.0000,0.0000,0.0000,0.0000,1,0,0,0,0,11,0,0,0,0
zc,WS211,2012-06-05 09:23:30.490,2445.0000,250,0,0.0000,0.0000,0,0,多换,B,2440.0000,0.0000,0.0000,0.0000,0.0000,2446.0000,0.0000,0.0000,0.0000,0.0000,1,0,0,0,0,2,0,0,0,0
zc,WS211,2012-06-05 09:23:31.477,2445.0000,250,0,0.0000,0.0000,0,0,多换,B,2440.0000,0.0000,0.0000,0.0000,0.0000,2446.0000,0.0000,0.0000,0.0000,0.0000,1,0,0,0,0,10,0,0,0,0
zc,WS211,2012-06-05 09:24:25.710,2445.0000,250,0,0.0000,0.0000,0,0,多换,B,2440.0000,0.0000,0.0000,0.0000,0.0000,2446.0000,0.0000,0.0000,0.0000,0.0000,1,0,0,0,0,10,0,0,0,0
zc,WS211,2012-06-05 09:25:12.227,2445.0000,250,0,0.0000,0.0000,0,0,多换,B,2440.0000,0.0000,0.0000,0.0000,0.0000,2445.0000,0.0000,0.0000,0.0000,0.0000,1,0,0,0,0,1,0,0,0,0
zc,WS211,2012-06-05 09:25:58.727,2445.0000,250,0,0.0000,0.0000,0,0,多换,B,2440.0000,0.0000,0.0000,0.0000,0.0000,2445.0000,0.0000,0.0000,0.0000,0.0000,1,0,0,0,0,11,0,0,0,0
zc,WS211,2012-06-05 09:25:59.990,2445.0000,250,0,0.0000,0.0000,0,0,多换,B,2440.0000,0.0000,0.0000,0.0000,0.0000,2445.0000,0.0000,0.0000,0.0000,0.0000,1,0,0,0,0,1,0,0,0,0
zc,WS211,2012-06-05 09:26:02.460,2445.0000,250,0,0.0000,0.0000,0,0,多换,B,2436.0000,0.0000,0.0000,0.0000,0.0000,2445.0000,0.0000,0.0000,0.0000,0.0000,1,0,0,0,0,1,0,0,0,0
zc,WS211,2012-06-05 09:26:12.727,2445.0000,250,0,0.0000,0.0000,0,0,多换,B,2438.0000,0.0000,0.0000,0.0000,0.0000,2445.0000,0.0000,0.0000,0.0000,0.0000,1,0,0,0,0,1,0,0,0,0
zc,WS211,2012-06-05 09:26:41.460,2445.0000,250,0,0.0000,0.0000,0,0,多换,B,2438.0000,0.0000,0.0000,0.0000,0.0000,2445.0000,0.0000,0.0000,0.0000,0.0000,1,0,0,0,0,11,0,0,0,0
zc,WS211,2012-06-05 09:27:41.490,2445.0000,250,0,0.0000,0.0000,0,0,多换,B,2438.0000,0.0000,0.0000,0.0000,0.0000,2444.0000,0.0000,0.0000,0.0000,0.0000,1,0,0,0,0,10,0,0,0,0
zc,WS211,2012-06-05 09:28:47.977,2445.0000,250,0,0.0000,0.0000,0,0,多换,B,2438.0000,0.0000,0.0000,0.0000,0.0000,2445.0000,0.0000,0.0000,0.0000,0.0000,1,0,0,0,0,11,0,0,0,0
zc,WS211,2012-06-05 09:29:48.693,2445.0000,250,0,0.0000,0.0000,0,0,多换,B,2438.0000,0.0000,0.0000,0.0000,0.0000,2444.0000,0.0000,0.0000,0.0000,0.0000,1,0,0,0,0,10,0,0,0,0
zc,WS211,2012-06-05 09:29:49.477,2445.0000,250,0,0.0000,0.0000,0,0,多换,B,2438.0000,0.0000,0.0000,0.0000,0.0000,2444.0000,0.0000,0.0000,0.0000,0.0000,1,0,0,0,0,6,0,0,0,0
zc,WS211,2012-06-05 09:29:50.007,2445.0000,250,0,0.0000,0.0000,0,0,多换,B,2438.0000,0.0000,0.0000,0.0000,0.0000,2444.0000,0.0000,0.0000,0.0000,0.0000,1,0,0,0,0,5,0,0,0,0
zc,WS211,2012-06-05 09:29:50.477,2445.0000,250,0,0.0000,0.0000,0,0,多换,B,2438.0000,0.0000,0.0000,0.0000,0.0000,2445.0000,0.0000,0.0000,0.0000,0.0000,1,0,0,0,0,11,0,0,0,0
zc,WS211,2012-06-05 09:30:29.727,2445.0000,250,0,0.0000,0.0000,0,0,多换,B,2438.0000,0.0000,0.0000,0.0000,0.0000,2444.0000,0.0000,0.0000,0.0000,0.0000,1,0,0,0,0,1,0,0,0,0
zc,WS211,2012-06-05 09:31:22.803,2445.0000,250,0,0.0000,0.0000,0,0,多换,B,2438.0000,0.0000,0.0000,0.0000,0.0000,2444.0000,0.0000,0.0000,0.0000,0.0000,1,0,0,0,0,2,0,0,0,0
zc,WS211,2012-06-05 09:31:23.977,2445.0000,250,0,0.0000,0.0000,0,0,多换,B,2438.0000,0.0000,0.0000,0.0000,0.0000,2444.0000,0.0000,0.0000,0.0000,0.0000,1,0,0,0,0,4,0,0,0,0
zc,WS211,2012-06-05 09:31:24.507,2445.0000,250,0,0.0000,0.0000,0,0,多换,B,2438.0000,0.0000,0.0000,0.0000,0.0000,2444.0000,0.0000,0.0000,0.0000,0.0000,1,0,0,0,0,11,0,0,0,0
zc,WS211,2012-06-05 09:31:41.070,2445.0000,250,0,0.0000,0.0000,0,0,多换,B,2438.0000,0.0000,0.0000,0.0000,0.0000,2444.0000,0.0000,0.0000,0.0000,0.0000,1,0,0,0,0,1,0,0,0,0
zc,WS211,2012-06-05 09:34:03.273,2445.0000,250,0,0.0000,0.0000,0,0,多换,B,2438.0000,0.0000,0.0000,0.0000,0.0000,2444.0000,0.0000,0.0000,0.0000,0.0000,2,0,0,0,0,1,0,0,0,0
zc,WS211,2012-06-05 09:34:25.693,2445.0000,250,0,0.0000,0.0000,0,0,多换,B,2438.0000,0.0000,0.0000,0.0000,0.0000,2444.0000,0.0000,0.0000,0.0000,0.0000,2,0,0,0,0,1,0,0,0,0
zc,WS211,2012-06-05 09:34:51.240,2445.0000,250,0,0.0000,0.0000,0,0,多换,B,2438.0000,0.0000,0.0000,0.0000,0.0000,2448.0000,0.0000,0.0000,0.0000,0.0000,2,0,0,0,0,10,0,0,0,0
zc,WS211,2012-06-05 09:35:16.477,2445.0000,250,0,0.0000,0.0000,0,0,多换,B,2438.0000,0.0000,0.0000,0.0000,0.0000,2447.0000,0.0000,0.0000,0.0000,0.0000,2,0,0,0,0,10,0,0,0,0
zc,WS211,2012-06-05 09:35:24.193,2445.0000,250,0,0.0000,0.0000,0,0,多换,B,2438.0000,0.0000,0.0000,0.0000,0.0000,2447.0000,0.0000,0.0000,0.0000,0.0000,1,0,0,0,0,10,0,0,0,0
zc,WS211,2012-06-05 09:35:24.693,2445.0000,250,0,0.0000,0.0000,0,0,多换,B,2438.0000,0.0000,0.0000,0.0000,0.0000,2447.0000,0.0000,0.0000,0.0000,0.0000,2,0,0,0,0,10,0,0,0,0
zc,WS211,2012-06-05 09:35:33.210,2445.0000,250,0,0.0000,0.0000,0,0,多换,B,2438.0000,0.0000,0.0000,0.0000,0.0000,2447.0000,0.0000,0.0000,0.0000,0.0000,1,0,0,0,0,10,0,0,0,0
zc,WS211,2012-06-05 09:35:34.443,2445.0000,250,0,0.0000,0.0000,0,0,多换,B,2438.0000,0.0000,0.0000,0.0000,0.0000,2446.0000,0.0000,0.0000,0.0000,0.0000,1,0,0,0,0,10,0,0,0,0
zc,WS211,2012-06-05 09:35:41.553,2445.0000,250,0,0.0000,0.0000,0,0,多换,B,2438.0000,0.0000,0.0000,0.0000,0.0000,2446.0000,0.0000,0.0000,0.0000,0.0000,1,0,0,0,0,6,0,0,0,0
zc,WS211,2012-06-05 09:35:42.443,2445.0000,250,0,0.0000,0.0000,0,0,多换,B,2438.0000,0.0000,0.0000,0.0000,0.0000,2446.0000,0.0000,0.0000,0.0000,0.0000,1,0,0,0,0,5,0,0,0,0
zc,WS211,2012-06-05 09:35:42.990,2445.0000,250,0,0.0000,0.0000,0,0,多换,B,2438.0000,0.0000,0.0000,0.0000,0.0000,2446.0000,0.0000,0.0000,0.0000,0.0000,1,0,0,0,0,3,0,0,0,0
zc,WS211,2012-06-05 09:35:43.727,2445.0000,250,0,0.0000,0.0000,0,0,多换,B,2438.0000,0.0000,0.0000,0.0000,0.0000,2447.0000,0.0000,0.0000,0.0000,0.0000,1,0,0,0,0,10,0,0,0,0
zc,WS211,2012-06-05 09:35:58.240,2445.0000,250,0,0.0000,0.0000,0,0,多换,B,2438.0000,0.0000,0.0000,0.0000,0.0000,2446.0000,0.0000,0.0000,0.0000,0.0000,1,0,0,0,0,9,0,0,0,0
zc,WS211,2012-06-05 09:35:58.507,2445.0000,250,0,0.0000,0.0000,0,0,多换,B,2438.0000,0.0000,0.0000,0.0000,0.0000,2446.0000,0.0000,0.0000,0.0000,0.0000,1,0,0,0,0,10,0,0,0,0
zc,WS211,2012-06-05 09:35:59.287,2445.0000,250,0,0.0000,0.0000,0,0,多换,B,2438.0000,0.0000,0.0000,0.0000,0.0000,2446.0000,0.0000,0.0000,0.0000,0.0000,1,0,0,0,0,9,0,0,0,0
zc,WS211,2012-06-05 09:35:59.757,2445.0000,250,0,0.0000,0.0000,0,0,多换,B,2438.0000,0.0000,0.0000,0.0000,0.0000,2446.0000,0.0000,0.0000,0.0000,0.0000,1,0,0,0,0,10,0,0,0,0
zc,WS211,2012-06-05 09:36:15.490,2445.0000,250,0,0.0000,0.0000,0,0,多换,B,2438.0000,0.0000,0.0000,0.0000,0.0000,2447.0000,0.0000,0.0000,0.0000,0.0000,1,0,0,0,0,10,0,0,0,0
zc,WS211,2012-06-05 09:36:25.680,2445.0000,250,0,0.0000,0.0000,0,0,多换,B,2438.0000,0.0000,0.0000,0.0000,0.0000,2447.0000,0.0000,0.0000,0.0000,0.0000,1,0,0,0,0,10,0,0,0,0
zc,WS211,2012-06-05 09:37:01.960,2445.0000,250,0,0.0000,0.0000,0,0,多换,B,2438.0000,0.0000,0.0000,0.0000,0.0000,2447.0000,0.0000,0.0000,0.0000,0.0000,2,0,0,0,0,10,0,0,0,0
zc,WS211,2012-06-05 09:37:12.537,2445.0000,250,0,0.0000,0.0000,0,0,多换,B,2438.0000,0.0000,0.0000,0.0000,0.0000,2446.0000,0.0000,0.0000,0.0000,0.0000,1,0,0,0,0,10,0,0,0,0
zc,WS211,2012-06-05 09:37:41.990,2445.0000,250,0,0.0000,0.0000,0,0,多换,B,2438.0000,0.0000,0.0000,0.0000,0.0000,2445.0000,0.0000,0.0000,0.0000,0.0000,1,0,0,0,0,10,0,0,0,0
zc,WS211,2012-06-05 09:38:26.507,2445.0000,250,0,0.0000,0.0000,0,0,多换,B,2438.0000,0.0000,0.0000,0.0000,0.0000,2444.0000,0.0000,0.0000,0.0000,0.0000,1,0,0,0,0,10,0,0,0,0
zc,WS211,2012-06-05 09:39:17.960,2445.0000,250,0,0.0000,0.0000,0,0,多换,B,2438.0000,0.0000,0.0000,0.0000,0.0000,2444.0000,0.0000,0.0000,0.0000,0.0000,1,0,0,0,0,7,0,0,0,0
zc,WS211,2012-06-05 09:39:18.227,2445.0000,250,0,0.0000,0.0000,0,0,多换,B,2438.0000,0.0000,0.0000,0.0000,0.0000,2445.0000,0.0000,0.0000,0.0000,0.0000,1,0,0,0,0,10,0,0,0,0
zc,WS211,2012-06-05 09:40:03.943,2445.0000,250,0,0.0000,0.0000,0,0,多换,B,2435.0000,0.0000,0.0000,0.0000,0.0000,2445.0000,0.0000,0.0000,0.0000,0.0000,1,0,0,0,0,10,0,0,0,0
zc,WS211,2012-06-05 09:40:12.460,2445.0000,250,0,0.0000,0.0000,0,0,多换,B,2436.0000,0.0000,0.0000,0.0000,0.0000,2445.0000,0.0000,0.0000,0.0000,0.0000,1,0,0,0,0,10,0,0,0,0
zc,WS211,2012-06-05 09:40:20.943,2445.0000,250,0,0.0000,0.0000,0,0,多换,B,2436.0000,0.0000,0.0000,0.0000,0.0000,2446.0000,0.0000,0.0000,0.0000,0.0000,1,0,0,0,0,10,0,0,0,0
zc,WS211,2012-06-05 09:40:25.757,2445.0000,250,0,0.0000,0.0000,0,0,多换,B,2436.0000,0.0000,0.0000,0.0000,0.0000,2446.0000,0.0000,0.0000,0.0000,0.0000,2,0,0,0,0,10,0,0,0,0
zc,WS211,2012-06-05 09:40:43.960,2445.0000,250,0,0.0000,0.0000,0,0,多换,B,2436.0000,0.0000,0.0000,0.0000,0.0000,2445.0000,0.0000,0.0000,0.0000,0.0000,2,0,0,0,0,1,0,0,0,0
zc,WS211,2012-06-05 09:40:52.053,2445.0000,250,0,0.0000,0.0000,0,0,多换,B,2436.0000,0.0000,0.0000,0.0000,0.0000,2445.0000,0.0000,0.0000,0.0000,0.0000,2,0,0,0,0,11,0,0,0,0
zc,WS211,2012-06-05 09:41:01.960,2445.0000,250,0,0.0000,0.0000,0,0,多换,B,2436.0000,0.0000,0.0000,0.0000,0.0000,2445.0000,0.0000,0.0000,0.0000,0.0000,2,0,0,0,0,1,0,0,0,0
zc,WS211,2012-06-05 09:41:23.977,2445.0000,250,0,0.0000,0.0000,0,0,多换,B,2436.0000,0.0000,0.0000,0.0000,0.0000,2445.0000,0.0000,0.0000,0.0000,0.0000,2,0,0,0,0,11,0,0,0,0
zc,WS211,2012-06-05 09:41:27.680,2445.0000,250,0,0.0000,0.0000,0,0,多换,B,2436.0000,0.0000,0.0000,0.0000,0.0000,2445.0000,0.0000,0.0000,0.0000,0.0000,2,0,0,0,0,1,0,0,0,0
zc,WS211,2012-06-05 09:41:30.227,2445.0000,250,0,0.0000,0.0000,0,0,多换,B,2436.0000,0.0000,0.0000,0.0000,0.0000,2445.0000,0.0000,0.0000,0.0000,0.0000,2,0,0,0,0,5,0,0,0,0
zc,WS211,2012-06-05 09:41:32.960,2445.0000,250,0,0.0000,0.0000,0,0,多换,B,2436.0000,0.0000,0.0000,0.0000,0.0000,2445.0000,0.0000,0.0000,0.0000,0.0000,2,0,0,0,0,2,0,0,0,0
zc,WS211,2012-06-05 09:41:33.990,2445.0000,250,0,0.0000,0.0000,0,0,多换,B,2436.0000,0.0000,0.0000,0.0000,0.0000,2445.0000,0.0000,0.0000,0.0000,0.0000,2,0,0,0,0,1,0,0,0,0
zc,WS211,2012-06-05 09:41:49.210,2445.0000,250,0,0.0000,0.0000,0,0,多换,B,2436.0000,0.0000,0.0000,0.0000,0.0000,2445.0000,0.0000,0.0000,0.0000,0.0000,2,0,0,0,0,4,0,0,0,0
zc,WS211,2012-06-05 09:41:49.943,2445.0000,250,0,0.0000,0.0000,0,0,多换,B,2436.0000,0.0000,0.0000,0.0000,0.0000,2445.0000,0.0000,0.0000,0.0000,0.0000,2,0,0,0,0,2,0,0,0,0
zc,WS211,2012-06-05 09:41:50.210,2445.0000,250,0,0.0000,0.0000,0,0,多换,B,2436.0000,0.0000,0.0000,0.0000,0.0000,2445.0000,0.0000,0.0000,0.0000,0.0000,2,0,0,0,0,1,0,0,0,0
zc,WS211,2012-06-05 09:41:54.180,2445.0000,250,0,0.0000,0.0000,0,0,多换,B,2436.0000,0.0000,0.0000,0.0000,0.0000,2445.0000,0.0000,0.0000,0.0000,0.0000,2,0,0,0,0,3,0,0,0,0
zc,WS211,2012-06-05 09:41:54.710,2445.0000,250,0,0.0000,0.0000,0,0,多换,B,2436.0000,0.0000,0.0000,0.0000,0.0000,2445.0000,0.0000,0.0000,0.0000,0.0000,2,0,0,0,0,2,0,0,0,0
zc,WS211,2012-06-05 09:41:55.990,2445.0000,250,0,0.0000,0.0000,0,0,多换,B,2436.0000,0.0000,0.0000,0.0000,0.0000,2444.0000,0.0000,0.0000,0.0000,0.0000,2,0,0,0,0,11,0,0,0,0
zc,WS211,2012-06-05 09:42:14.193,2445.0000,250,0,0.0000,0.0000,0,0,多换,B,2436.0000,0.0000,0.0000,0.0000,0.0000,2443.0000,0.0000,0.0000,0.0000,0.0000,2,0,0,0,0,1,0,0,0,0
zc,WS211,2012-06-05 09:42:25.693,2445.0000,250,0,0.0000,0.0000,0,0,多换,B,2436.0000,0.0000,0.0000,0.0000,0.0000,2443.0000,0.0000,0.0000,0.0000,0.0000,2,0,0,0,0,1,0,0,0,0
zc,WS211,2012-06-05 09:42:26.443,2445.0000,250,0,0.0000,0.0000,0,0,多换,B,2436.0000,0.0000,0.0000,0.0000,0.0000,2442.0000,0.0000,0.0000,0.0000,0.0000,2,0,0,0,0,5,0,0,0,0
zc,WS211,2012-06-05 09:43:07.740,2445.0000,250,0,0.0000,0.0000,0,0,多换,B,2437.0000,0.0000,0.0000,0.0000,0.0000,2442.0000,0.0000,0.0000,0.0000,0.0000,1,0,0,0,0,5,0,0,0,0
zc,WS211,2012-06-05 09:43:51.193,2445.0000,250,0,0.0000,0.0000,0,0,多换,B,2438.0000,0.0000,0.0000,0.0000,0.0000,2442.0000,0.0000,0.0000,0.0000,0.0000,1,0,0,0,0,5,0,0,0,0
zc,WS211,2012-06-05 09:44:30.180,2445.0000,250,0,0.0000,0.0000,0,0,多换,B,2438.0000,0.0000,0.0000,0.0000,0.0000,2441.0000,0.0000,0.0000,0.0000,0.0000,1,0,0,0,0,1,0,0,0,0
zc,WS211,2012-06-05 09:44:31.680,2445.0000,250,0,0.0000,0.0000,0,0,多换,B,2438.0000,0.0000,0.0000,0.0000,0.0000,2441.0000,0.0000,0.0000,0.0000,0.0000,2,0,0,0,0,1,0,0,0,0
zc,WS211,2012-06-05 09:44:44.990,2445.0000,250,0,0.0000,0.0000,0,0,多换,B,2438.0000,0.0000,0.0000,0.0000,0.0000,2441.0000,0.0000,0.0000,0.0000,0.0000,1,0,0,0,0,1,0,0,0,0
zc,WS211,2012-06-05 09:44:52.710,2445.0000,250,0,0.0000,0.0000,0,0,多换,B,2438.0000,0.0000,0.0000,0.0000,0.0000,2441.0000,0.0000,0.0000,0.0000,0.0000,2,0,0,0,0,1,0,0,0,0
zc,WS211,2012-06-05 09:44:53.443,2445.0000,250,0,0.0000,0.0000,0,0,多换,B,2439.0000,0.0000,0.0000,0.0000,0.0000,2441.0000,0.0000,0.0000,0.0000,0.0000,1,0,0,0,0,1,0,0,0,0
zc,WS211,2012-06-05 09:44:53.930,2445.0000,250,0,0.0000,0.0000,0,0,多换,B,2438.0000,0.0000,0.0000,0.0000,0.0000,2441.0000,0.0000,0.0000,0.0000,0.0000,3,0,0,0,0,1,0,0,0,0
zc,WS211,2012-06-05 09:44:55.430,2445.0000,250,0,0.0000,0.0000,0,0,多换,B,2439.0000,0.0000,0.0000,0.0000,0.0000,2441.0000,0.0000,0.0000,0.0000,0.0000,1,0,0,0,0,1,0,0,0,0
zc,WS211,2012-06-05 09:44:58.210,2445.0000,250,0,0.0000,0.0000,0,0,多换,B,2438.0000,0.0000,0.0000,0.0000,0.0000,2441.0000,0.0000,0.0000,0.0000,0.0000,3,0,0,0,0,1,0,0,0,0
zc,WS211,2012-06-05 09:44:58.943,2445.0000,250,0,0.0000,0.0000,0,0,多换,B,2438.0000,0.0000,0.0000,0.0000,0.0000,2443.0000,0.0000,0.0000,0.0000,0.0000,3,0,0,0,0,1,0,0,0,0
zc,WS211,2012-06-05 09:45:03.680,2445.0000,250,0,0.0000,0.0000,0,0,多换,B,2439.0000,0.0000,0.0000,0.0000,0.0000,2443.0000,0.0000,0.0000,0.0000,0.0000,1,0,0,0,0,1,0,0,0,0
zc,WS211,2012-06-05 09:45:04.443,2445.0000,250,0,0.0000,0.0000,0,0,多换,B,2438.0000,0.0000,0.0000,0.0000,0.0000,2443.0000,0.0000,0.0000,0.0000,0.0000,3,0,0,0,0,1,0,0,0,0
zc,WS211,2012-06-05 09:45:04.977,2445.0000,250,0,0.0000,0.0000,0,0,多换,B,2439.0000,0.0000,0.0000,0.0000,0.0000,2443.0000,0.0000,0.0000,0.0000,0.0000,1,0,0,0,0,1,0,0,0,0
zc,WS211,2012-06-05 09:45:05.413,2445.0000,250,0,0.0000,0.0000,0,0,多换,B,2439.0000,0.0000,0.0000,0.0000,0.0000,2443.0000,0.0000,0.0000,0.0000,0.0000,2,0,0,0,0,1,0,0,0,0
zc,WS211,2012-06-05 09:45:08.693,2445.0000,250,0,0.0000,0.0000,0,0,多换,B,2439.0000,0.0000,0.0000,0.0000,0.0000,2443.0000,0.0000,0.0000,0.0000,0.0000,1,0,0,0,0,1,0,0,0,0
zc,WS211,2012-06-05 09:45:09.430,2445.0000,250,0,0.0000,0.0000,0,0,多换,B,2438.0000,0.0000,0.0000,0.0000,0.0000,2443.0000,0.0000,0.0000,0.0000,0.0000,3,0,0,0,0,1,0,0,0,0
zc,WS211,2012-06-05 09:45:10.430,2445.0000,250,0,0.0000,0.0000,0,0,多换,B,2439.0000,0.0000,0.0000,0.0000,0.0000,2443.0000,0.0000,0.0000,0.0000,0.0000,1,0,0,0,0,1,0,0,0,0
zc,WS211,2012-06-05 09:45:10.943,2445.0000,250,0,0.0000,0.0000,0,0,多换,B,2439.0000,0.0000,0.0000,0.0000,0.0000,2443.0000,0.0000,0.0000,0.0000,0.0000,2,0,0,0,0,1,0,0,0,0
zc,WS211,2012-06-05 09:45:25.693,2445.0000,250,0,0.0000,0.0000,0,0,多换,B,2439.0000,0.0000,0.0000,0.0000,0.0000,2443.0000,0.0000,0.0000,0.0000,0.0000,2,0,0,0,0,1,0,0,0,0
zc,WS211,2012-06-05 09:45:37.710,2445.0000,250,0,0.0000,0.0000,0,0,多换,B,2439.0000,0.0000,0.0000,0.0000,0.0000,2443.0000,0.0000,0.0000,0.0000,0.0000,1,0,0,0,0,1,0,0,0,0
zc,WS211,2012-06-05 09:45:43.740,2445.0000,250,0,0.0000,0.0000,0,0,多换,B,2438.0000,0.0000,0.0000,0.0000,0.0000,2443.0000,0.0000,0.0000,0.0000,0.0000,3,0,0,0,0,1,0,0,0,0
zc,WS211,2012-06-05 09:45:50.460,2445.0000,250,0,0.0000,0.0000,0,0,多换,B,2438.0000,0.0000,0.0000,0.0000,0.0000,2443.0000,0.0000,0.0000,0.0000,0.0000,2,0,0,0,0,1,0,0,0,0
zc,WS211,2012-06-05 09:46:00.960,2445.0000,250,0,0.0000,0.0000,0,0,多换,B,2438.0000,0.0000,0.0000,0.0000,0.0000,2443.0000,0.0000,0.0000,0.0000,0.0000,3,0,0,0,0,1,0,0,0,0
zc,WS211,2012-06-05 09:46:07.977,2445.0000,250,0,0.0000,0.0000,0,0,多换,B,2438.0000,0.0000,0.0000,0.0000,0.0000,2443.0000,0.0000,0.0000,0.0000,0.0000,2,0,0,0,0,1,0,0,0,0
zc,WS211,2012-06-05 09:46:08.430,2445.0000,250,0,0.0000,0.0000,0,0,多换,B,2439.0000,0.0000,0.0000,0.0000,0.0000,2443.0000,0.0000,0.0000,0.0000,0.0000,1,0,0,0,0,1,0,0,0,0
zc,WS211,2012-06-05 09:46:16.680,2445.0000,250,0,0.0000,0.0000,0,0,多换,B,2440.0000,0.0000,0.0000,0.0000,0.0000,2443.0000,0.0000,0.0000,0.0000,0.0000,1,0,0,0,0,1,0,0,0,0
zc,WS211,2012-06-05 09:46:28.413,2445.0000,250,0,0.0000,0.0000,0,0,多换,B,2441.0000,0.0000,0.0000,0.0000,0.0000,2443.0000,0.0000,0.0000,0.0000,0.0000,1,0,0,0,0,1,0,0,0,0
zc,WS211,2012-06-05 09:46:30.943,2445.0000,250,0,0.0000,0.0000,0,0,多换,B,2441.0000,0.0000,0.0000,0.0000,0.0000,2450.0000,0.0000,0.0000,0.0000,0.0000,1,0,0,0,0,10,0,0,0,0
zc,WS211,2012-06-05 09:46:32.443,2445.0000,250,0,0.0000,0.0000,0,0,多换,B,2441.0000,0.0000,0.0000,0.0000,0.0000,2449.0000,0.0000,0.0000,0.0000,0.0000,1,0,0,0,0,1,0,0,0,0
zc,WS211,2012-06-05 09:46:33.913,2445.0000,250,0,0.0000,0.0000,0,0,多换,B,2440.0000,0.0000,0.0000,0.0000,0.0000,2449.0000,0.0000,0.0000,0.0000,0.0000,1,0,0,0,0,11,0,0,0,0
zc,WS211,2012-06-05 09:46:34.710,2445.0000,250,0,0.0000,0.0000,0,0,多换,B,2440.0000,0.0000,0.0000,0.0000,0.0000,2449.0000,0.0000,0.0000,0.0000,0.0000,1,0,0,0,0,2,0,0,0,0
zc,WS211,2012-06-05 09:46:35.227,2445.0000,250,0,0.0000,0.0000,0,0,多换,B,2441.0000,0.0000,0.0000,0.0000,0.0000,2449.0000,0.0000,0.0000,0.0000,0.0000,1,0,0,0,0,1,0,0,0,0
zc,WS211,2012-06-05 09:46:36.193,2445.0000,250,0,0.0000,0.0000,0,0,多换,B,2440.0000,0.0000,0.0000,0.0000,0.0000,2449.0000,0.0000,0.0000,0.0000,0.0000,1,0,0,0,0,5,0,0,0,0
zc,WS211,2012-06-05 09:46:36.977,2445.0000,250,0,0.0000,0.0000,0,0,多换,B,2440.0000,0.0000,0.0000,0.0000,0.0000,2449.0000,0.0000,0.0000,0.0000,0.0000,1,0,0,0,0,3,0,0,0,0
zc,WS211,2012-06-05 09:46:37.727,2445.0000,250,0,0.0000,0.0000,0,0,多换,B,2440.0000,0.0000,0.0000,0.0000,0.0000,2449.0000,0.0000,0.0000,0.0000,0.0000,1,0,0,0,0,2,0,0,0,0
zc,WS211,2012-06-05 09:46:38.180,2445.0000,250,0,0.0000,0.0000,0,0,多换,B,2441.0000,0.0000,0.0000,0.0000,0.0000,2449.0000,0.0000,0.0000,0.0000,0.0000,1,0,0,0,0,1,0,0,0,0
zc,WS211,2012-06-05 09:46:39.240,2445.0000,250,0,0.0000,0.0000,0,0,多换,B,2440.0000,0.0000,0.0000,0.0000,0.0000,2449.0000,0.0000,0.0000,0.0000,0.0000,1,0,0,0,0,11,0,0,0,0
zc,WS211,2012-06-05 09:46:42.727,2445.0000,250,0,0.0000,0.0000,0,0,多换,B,2441.0000,0.0000,0.0000,0.0000,0.0000,2449.0000,0.0000,0.0000,0.0000,0.0000,1,0,0,0,0,1,0,0,0,0
zc,WS211,2012-06-05 09:46:58.960,2445.0000,250,0,0.0000,0.0000,0,0,多换,B,2442.0000,0.0000,0.0000,0.0000,0.0000,2449.0000,0.0000,0.0000,0.0000,0.0000,1,0,0,0,0,1,0,0,0,0
zc,WS211,2012-06-05 09:47:06.210,2445.0000,250,0,0.0000,0.0000,0,0,多换,B,2441.0000,0.0000,0.0000,0.0000,0.0000,2449.0000,0.0000,0.0000,0.0000,0.0000,1,0,0,0,0,1,0,0,0,0
zc,WS211,2012-06-05 09:47:06.727,2445.0000,250,0,0.0000,0.0000,0,0,多换,B,2442.0000,0.0000,0.0000,0.0000,0.0000,2449.0000,0.0000,0.0000,0.0000,0.0000,1,0,0,0,0,1,0,0,0,0
zc,WS211,2012-06-05 09:47:07.710,2445.0000,250,0,0.0000,0.0000,0,0,多换,B,2441.0000,0.0000,0.0000,0.0000,0.0000,2449.0000,0.0000,0.0000,0.0000,0.0000,1,0,0,0,0,1,0,0,0,0
zc,WS211,2012-06-05 09:47:10.443,2445.0000,250,0,0.0000,0.0000,0,0,多换,B,2442.0000,0.0000,0.0000,0.0000,0.0000,2449.0000,0.0000,0.0000,0.0000,0.0000,1,0,0,0,0,1,0,0,0,0
zc,WS211,2012-06-05 09:47:11.710,2445.0000,250,0,0.0000,0.0000,0,0,多换,B,2441.0000,0.0000,0.0000,0.0000,0.0000,2449.0000,0.0000,0.0000,0.0000,0.0000,1,0,0,0,0,1,0,0,0,0
zc,WS211,2012-06-05 09:47:12.210,2445.0000,250,0,0.0000,0.0000,0,0,多换,B,2442.0000,0.0000,0.0000,0.0000,0.0000,2449.0000,0.0000,0.0000,0.0000,0.0000,1,0,0,0,0,1,0,0,0,0
zc,WS211,2012-06-05 09:47:19.960,2445.0000,250,0,0.0000,0.0000,0,0,多换,B,2442.0000,0.0000,0.0000,0.0000,0.0000,2449.0000,0.0000,0.0000,0.0000,0.0000,2,0,0,0,0,1,0,0,0,0
zc,WS211,2012-06-05 09:47:28.477,2445.0000,250,0,0.0000,0.0000,0,0,多换,B,2442.0000,0.0000,0.0000,0.0000,0.0000,2449.0000,0.0000,0.0000,0.0000,0.0000,1,0,0,0,0,1,0,0,0,0
zc,WS211,2012-06-05 09:47:28.727,2445.0000,250,0,0.0000,0.0000,0,0,多换,B,2442.0000,0.0000,0.0000,0.0000,0.0000,2449.0000,0.0000,0.0000,0.0000,0.0000,2,0,0,0,0,1,0,0,0,0
zc,WS211,2012-06-05 09:47:37.257,2445.0000,250,0,0.0000,0.0000,0,0,多换,B,2443.0000,0.0000,0.0000,0.0000,0.0000,2449.0000,0.0000,0.0000,0.0000,0.0000,1,0,0,0,0,1,0,0,0,0
zc,WS211,2012-06-05 09:48:01.693,2445.0000,250,0,0.0000,0.0000,0,0,多换,B,2442.0000,0.0000,0.0000,0.0000,0.0000,2449.0000,0.0000,0.0000,0.0000,0.0000,2,0,0,0,0,1,0,0,0,0
zc,WS211,2012-06-05 09:48:10.930,2445.0000,250,0,0.0000,0.0000,0,0,多换,B,2443.0000,0.0000,0.0000,0.0000,0.0000,2449.0000,0.0000,0.0000,0.0000,0.0000,1,0,0,0,0,1,0,0,0,0
zc,WS211,2012-06-05 09:48:15.977,2445.0000,250,0,0.0000,0.0000,0,0,多换,B,2444.0000,0.0000,0.0000,0.0000,0.0000,2449.0000,0.0000,0.0000,0.0000,0.0000,1,0,0,0,0,1,0,0,0,0
zc,WS211,2012-06-05 09:48:25.680,2445.0000,250,0,0.0000,0.0000,0,0,多换,B,2444.0000,0.0000,0.0000,0.0000,0.0000,2449.0000,0.0000,0.0000,0.0000,0.0000,1,0,0,0,0,1,0,0,0,0
zc,WS211,2012-06-05 09:48:30.430,2445.0000,250,0,0.0000,0.0000,0,0,多换,B,2445.0000,0.0000,0.0000,0.0000,0.0000,2449.0000,0.0000,0.0000,0.0000,0.0000,1,0,0,0,0,1,0,0,0,0
zc,WS211,2012-06-05 09:48:42.477,2445.0000,250,0,0.0000,0.0000,0,0,多换,B,2444.0000,0.0000,0.0000,0.0000,0.0000,2449.0000,0.0000,0.0000,0.0000,0.0000,1,0,0,0,0,1,0,0,0,0
zc,WS211,2012-06-05 09:48:48.943,2445.0000,250,0,0.0000,0.0000,0,0,多换,B,2444.0000,0.0000,0.0000,0.0000,0.0000,2449.0000,0.0000,0.0000,0.0000,0.0000,2,0,0,0,0,1,0,0,0,0
zc,WS211,2012-06-05 09:48:50.210,2445.0000,250,0,0.0000,0.0000,0,0,多换,B,2445.0000,0.0000,0.0000,0.0000,0.0000,2449.0000,0.0000,0.0000,0.0000,0.0000,1,0,0,0,0,1,0,0,0,0
zc,WS211,2012-06-05 09:48:56.930,2445.0000,250,0,0.0000,0.0000,0,0,多换,B,2444.0000,0.0000,0.0000,0.0000,0.0000,2449.0000,0.0000,0.0000,0.0000,0.0000,1,0,0,0,0,1,0,0,0,0
zc,WS211,2012-06-05 09:48:57.460,2445.0000,250,0,0.0000,0.0000,0,0,多换,B,2444.0000,0.0000,0.0000,0.0000,0.0000,2449.0000,0.0000,0.0000,0.0000,0.0000,2,0,0,0,0,1,0,0,0,0
zc,WS211,2012-06-05 09:49:00.477,2445.0000,250,0,0.0000,0.0000,0,0,多换,B,2444.0000,0.0000,0.0000,0.0000,0.0000,2449.0000,0.0000,0.0000,0.0000,0.0000,1,0,0,0,0,1,0,0,0,0
zc,WS211,2012-06-05 09:49:01.727,2445.0000,250,0,0.0000,0.0000,0,0,多换,B,2444.0000,0.0000,0.0000,0.0000,0.0000,2449.0000,0.0000,0.0000,0.0000,0.0000,2,0,0,0,0,1,0,0,0,0
zc,WS211,2012-06-05 09:49:06.727,2445.0000,250,0,0.0000,0.0000,0,0,多换,B,2444.0000,0.0000,0.0000,0.0000,0.0000,2449.0000,0.0000,0.0000,0.0000,0.0000,1,0,0,0,0,1,0,0,0,0
zc,WS211,2012-06-05 09:49:09.943,2445.0000,250,0,0.0000,0.0000,0,0,多换,B,2443.0000,0.0000,0.0000,0.0000,0.0000,2449.0000,0.0000,0.0000,0.0000,0.0000,2,0,0,0,0,1,0,0,0,0
zc,WS211,2012-06-05 09:49:10.757,2445.0000,250,0,0.0000,0.0000,0,0,多换,B,2443.0000,0.0000,0.0000,0.0000,0.0000,2449.0000,0.0000,0.0000,0.0000,0.0000,1,0,0,0,0,1,0,0,0,0
zc,WS211,2012-06-05 09:49:17.680,2445.0000,250,0,0.0000,0.0000,0,0,多换,B,2443.0000,0.0000,0.0000,0.0000,0.0000,2449.0000,0.0000,0.0000,0.0000,0.0000,2,0,0,0,0,1,0,0,0,0
zc,WS211,2012-06-05 09:49:22.193,2445.0000,250,0,0.0000,0.0000,0,0,多换,B,2443.0000,0.0000,0.0000,0.0000,0.0000,2449.0000,0.0000,0.0000,0.0000,0.0000,1,0,0,0,0,1,0,0,0,0
zc,WS211,2012-06-05 09:49:25.663,2445.0000,250,0,0.0000,0.0000,0,0,多换,B,2443.0000,0.0000,0.0000,0.0000,0.0000,2449.0000,0.0000,0.0000,0.0000,0.0000,1,0,0,0,0,1,0,0,0,0
zc,WS211,2012-06-05 09:49:28.693,2445.0000,250,0,0.0000,0.0000,0,0,多换,B,2444.0000,0.0000,0.0000,0.0000,0.0000,2449.0000,0.0000,0.0000,0.0000,0.0000,1,0,0,0,0,1,0,0,0,0
zc,WS211,2012-06-05 09:49:34.180,2445.0000,250,0,0.0000,0.0000,0,0,多换,B,2443.0000,0.0000,0.0000,0.0000,0.0000,2449.0000,0.0000,0.0000,0.0000,0.0000,1,0,0,0,0,1,0,0,0,0
zc,WS211,2012-06-05 09:49:44.693,2445.0000,250,0,0.0000,0.0000,0,0,多换,B,2442.0000,0.0000,0.0000,0.0000,0.0000,2449.0000,0.0000,0.0000,0.0000,0.0000,2,0,0,0,0,1,0,0,0,0
zc,WS211,2012-06-05 09:50:04.710,2445.0000,250,0,0.0000,0.0000,0,0,多换,B,2443.0000,0.0000,0.0000,0.0000,0.0000,2449.0000,0.0000,0.0000,0.0000,0.0000,1,0,0,0,0,1,0,0,0,0
zc,WS211,2012-06-05 09:50:12.227,2441.0000,244,-6,0.0000,6.0000,0,6,双平,S,2434.0000,0.0000,0.0000,0.0000,0.0000,2449.0000,0.0000,0.0000,0.0000,0.0000,1,0,0,0,0,1,0,0,0,0
zc,WS211,2012-06-05 09:50:27.227,2441.0000,244,0,0.0000,0.0000,0,0,空换,S,2434.0000,0.0000,0.0000,0.0000,0.0000,2449.0000,0.0000,0.0000,0.0000,0.0000,2,0,0,0,0,1,0,0,0,0
zc,WS211,2012-06-05 09:50:42.680,2441.0000,244,0,0.0000,0.0000,0,0,空换,S,2434.0000,0.0000,0.0000,0.0000,0.0000,2449.0000,0.0000,0.0000,0.0000,0.0000,1,0,0,0,0,1,0,0,0,0
zc,WS211,2012-06-05 09:50:43.663,2441.0000,244,0,0.0000,0.0000,0,0,空换,S,2434.0000,0.0000,0.0000,0.0000,0.0000,2449.0000,0.0000,0.0000,0.0000,0.0000,2,0,0,0,0,1,0,0,0,0
zc,WS211,2012-06-05 09:50:45.430,2441.0000,244,0,0.0000,0.0000,0,0,空换,S,2435.0000,0.0000,0.0000,0.0000,0.0000,2449.0000,0.0000,0.0000,0.0000,0.0000,1,0,0,0,0,1,0,0,0,0
zc,WS211,2012-06-05 09:50:46.960,2441.0000,244,0,0.0000,0.0000,0,0,空换,S,2434.0000,0.0000,0.0000,0.0000,0.0000,2449.0000,0.0000,0.0000,0.0000,0.0000,2,0,0,0,0,1,0,0,0,0
zc,WS211,2012-06-05 09:50:48.180,2441.0000,244,0,0.0000,0.0000,0,0,空换,S,2435.0000,0.0000,0.0000,0.0000,0.0000,2449.0000,0.0000,0.0000,0.0000,0.0000,1,0,0,0,0,1,0,0,0,0
zc,WS211,2012-06-05 09:50:52.460,2441.0000,244,0,0.0000,0.0000,0,0,空换,S,2435.0000,0.0000,0.0000,0.0000,0.0000,2449.0000,0.0000,0.0000,0.0000,0.0000,2,0,0,0,0,1,0,0,0,0
zc,WS211,2012-06-05 09:51:00.180,2441.0000,244,0,0.0000,0.0000,0,0,空换,S,2435.0000,0.0000,0.0000,0.0000,0.0000,2449.0000,0.0000,0.0000,0.0000,0.0000,1,0,0,0,0,1,0,0,0,0
zc,WS211,2012-06-05 09:51:10.227,2441.0000,244,0,0.0000,0.0000,0,0,空换,S,2435.0000,0.0000,0.0000,0.0000,0.0000,2449.0000,0.0000,0.0000,0.0000,0.0000,2,0,0,0,0,1,0,0,0,0
zc,WS211,2012-06-05 09:51:12.193,2441.0000,244,0,0.0000,0.0000,0,0,空换,S,2435.0000,0.0000,0.0000,0.0000,0.0000,2448.0000,0.0000,0.0000,0.0000,0.0000,2,0,0,0,0,1,0,0,0,0
zc,WS211,2012-06-05 09:51:32.210,2441.0000,244,0,0.0000,0.0000,0,0,空换,S,2436.0000,0.0000,0.0000,0.0000,0.0000,2448.0000,0.0000,0.0000,0.0000,0.0000,1,0,0,0,0,1,0,0,0,0
zc,WS211,2012-06-05 09:51:35.913,2441.0000,244,0,0.0000,0.0000,0,0,空换,S,2436.0000,0.0000,0.0000,0.0000,0.0000,2448.0000,0.0000,0.0000,0.0000,0.0000,2,0,0,0,0,1,0,0,0,0
zc,WS211,2012-06-05 09:51:38.680,2441.0000,244,0,0.0000,0.0000,0,0,空换,S,2436.0000,0.0000,0.0000,0.0000,0.0000,2448.0000,0.0000,0.0000,0.0000,0.0000,1,0,0,0,0,1,0,0,0,0
zc,WS211,2012-06-05 09:51:40.430,2441.0000,244,0,0.0000,0.0000,0,0,空换,S,2435.0000,0.0000,0.0000,0.0000,0.0000,2448.0000,0.0000,0.0000,0.0000,0.0000,2,0,0,0,0,1,0,0,0,0
zc,WS211,2012-06-05 09:51:40.930,2441.0000,244,0,0.0000,0.0000,0,0,空换,S,2436.0000,0.0000,0.0000,0.0000,0.0000,2448.0000,0.0000,0.0000,0.0000,0.0000,1,0,0,0,0,1,0,0,0,0
zc,WS211,2012-06-05 09:51:41.710,2441.0000,244,0,0.0000,0.0000,0,0,空换,S,2436.0000,0.0000,0.0000,0.0000,0.0000,2448.0000,0.0000,0.0000,0.0000,0.0000,2,0,0,0,0,1,0,0,0,0
zc,WS211,2012-06-05 09:51:49.960,2441.0000,244,0,0.0000,0.0000,0,0,空换,S,2436.0000,0.0000,0.0000,0.0000,0.0000,2448.0000,0.0000,0.0000,0.0000,0.0000,1,0,0,0,0,1,0,0,0,0
zc,WS211,2012-06-05 09:51:51.227,2441.0000,244,0,0.0000,0.0000,0,0,空换,S,2435.0000,0.0000,0.0000,0.0000,0.0000,2448.0000,0.0000,0.0000,0.0000,0.0000,1,0,0,0,0,1,0,0,0,0
zc,WS211,2012-06-05 09:51:51.430,2441.0000,244,0,0.0000,0.0000,0,0,空换,S,2436.0000,0.0000,0.0000,0.0000,0.0000,2448.0000,0.0000,0.0000,0.0000,0.0000,1,0,0,0,0,1,0,0,0,0
zc,WS211,2012-06-05 09:51:52.193,2441.0000,244,0,0.0000,0.0000,0,0,空换,S,2435.0000,0.0000,0.0000,0.0000,0.0000,2448.0000,0.0000,0.0000,0.0000,0.0000,2,0,0,0,0,1,0,0,0,0
zc,WS211,2012-06-05 09:51:54.930,2441.0000,244,0,0.0000,0.0000,0,0,空换,S,2435.0000,0.0000,0.0000,0.0000,0.0000,2448.0000,0.0000,0.0000,0.0000,0.0000,1,0,0,0,0,1,0,0,0,0
zc,WS211,2012-06-05 09:51:59.180,2441.0000,244,0,0.0000,0.0000,0,0,空换,S,2435.0000,0.0000,0.0000,0.0000,0.0000,2448.0000,0.0000,0.0000,0.0000,0.0000,2,0,0,0,0,1,0,0,0,0
zc,WS211,2012-06-05 09:52:03.680,2441.0000,244,0,0.0000,0.0000,0,0,空换,S,2435.0000,0.0000,0.0000,0.0000,0.0000,2448.0000,0.0000,0.0000,0.0000,0.0000,2,0,0,0,0,2,0,0,0,0
zc,WS211,2012-06-05 09:52:12.443,2441.0000,244,0,0.0000,0.0000,0,0,空换,S,2435.0000,0.0000,0.0000,0.0000,0.0000,2448.0000,0.0000,0.0000,0.0000,0.0000,1,0,0,0,0,2,0,0,0,0
zc,WS211,2012-06-05 09:52:15.913,2441.0000,244,0,0.0000,0.0000,0,0,空换,S,2441.0000,0.0000,0.0000,0.0000,0.0000,2448.0000,0.0000,0.0000,0.0000,0.0000,1,0,0,0,0,2,0,0,0,0
zc,WS211,2012-06-05 09:53:12.930,2441.0000,244,0,0.0000,0.0000,0,0,空换,S,2435.0000,0.0000,0.0000,0.0000,0.0000,2448.0000,0.0000,0.0000,0.0000,0.0000,2,0,0,0,0,2,0,0,0,0
zc,WS211,2012-06-05 09:53:21.943,2441.0000,244,0,0.0000,0.0000,0,0,空换,S,2435.0000,0.0000,0.0000,0.0000,0.0000,2448.0000,0.0000,0.0000,0.0000,0.0000,1,0,0,0,0,2,0,0,0,0
zc,WS211,2012-06-05 09:53:25.773,2441.0000,244,0,0.0000,0.0000,0,0,空换,S,2435.0000,0.0000,0.0000,0.0000,0.0000,2448.0000,0.0000,0.0000,0.0000,0.0000,2,0,0,0,0,2,0,0,0,0
zc,WS211,2012-06-05 09:53:30.943,2441.0000,244,0,0.0000,0.0000,0,0,空换,S,2435.0000,0.0000,0.0000,0.0000,0.0000,2448.0000,0.0000,0.0000,0.0000,0.0000,1,0,0,0,0,2,0,0,0,0
zc,WS211,2012-06-05 09:53:38.930,2441.0000,244,0,0.0000,0.0000,0,0,空换,S,2434.0000,0.0000,0.0000,0.0000,0.0000,2448.0000,0.0000,0.0000,0.0000,0.0000,2,0,0,0,0,2,0,0,0,0
zc,WS211,2012-06-05 09:53:39.460,2441.0000,244,0,0.0000,0.0000,0,0,空换,S,2436.0000,0.0000,0.0000,0.0000,0.0000,2448.0000,0.0000,0.0000,0.0000,0.0000,1,0,0,0,0,2,0,0,0,0
zc,WS211,2012-06-05 09:55:33.477,2441.0000,244,0,0.0000,0.0000,0,0,空换,S,2436.0000,0.0000,0.0000,0.0000,0.0000,2448.0000,0.0000,0.0000,0.0000,0.0000,2,0,0,0,0,2,0,0,0,0
zc,WS211,2012-06-05 09:55:52.977,2441.0000,244,0,0.0000,0.0000,0,0,空换,S,2436.0000,0.0000,0.0000,0.0000,0.0000,2448.0000,0.0000,0.0000,0.0000,0.0000,1,0,0,0,0,2,0,0,0,0
zc,WS211,2012-06-05 09:57:27.490,2441.0000,244,0,0.0000,0.0000,0,0,空换,S,2436.0000,0.0000,0.0000,0.0000,0.0000,2448.0000,0.0000,0.0000,0.0000,0.0000,2,0,0,0,0,2,0,0,0,0
zc,WS211,2012-06-05 09:57:56.663,2441.0000,244,0,0.0000,0.0000,0,0,空换,S,2436.0000,0.0000,0.0000,0.0000,0.0000,2448.0000,0.0000,0.0000,0.0000,0.0000,1,0,0,0,0,2,0,0,0,0
zc,WS211,2012-06-05 09:58:01.443,2441.0000,244,0,0.0000,0.0000,0,0,空换,S,2436.0000,0.0000,0.0000,0.0000,0.0000,2448.0000,0.0000,0.0000,0.0000,0.0000,1,0,0,0,0,1,0,0,0,0
zc,WS211,2012-06-05 09:58:01.913,2441.0000,244,0,0.0000,0.0000,0,0,空换,S,2436.0000,0.0000,0.0000,0.0000,0.0000,2447.0000,0.0000,0.0000,0.0000,0.0000,1,0,0,0,0,1,0,0,0,0
zc,WS211,2012-06-05 09:59:19.413,2441.0000,244,0,0.0000,0.0000,0,0,空换,S,2436.0000,0.0000,0.0000,0.0000,0.0000,2447.0000,0.0000,0.0000,0.0000,0.0000,2,0,0,0,0,1,0,0,0,0
zc,WS211,2012-06-05 09:59:31.930,2441.0000,244,0,0.0000,0.0000,0,0,空换,S,2436.0000,0.0000,0.0000,0.0000,0.0000,2447.0000,0.0000,0.0000,0.0000,0.0000,3,0,0,0,0,1,0,0,0,0
zc,WS211,2012-06-05 09:59:32.193,2441.0000,244,0,0.0000,0.0000,0,0,空换,S,2436.0000,0.0000,0.0000,0.0000,0.0000,2447.0000,0.0000,0.0000,0.0000,0.0000,2,0,0,0,0,1,0,0,0,0
zc,WS211,2012-06-05 09:59:36.943,2441.0000,244,0,0.0000,0.0000,0,0,空换,S,2436.0000,0.0000,0.0000,0.0000,0.0000,2447.0000,0.0000,0.0000,0.0000,0.0000,3,0,0,0,0,1,0,0,0,0
zc,WS211,2012-06-05 09:59:51.803,2441.0000,244,0,0.0000,0.0000,0,0,空换,S,2436.0000,0.0000,0.0000,0.0000,0.0000,2447.0000,0.0000,0.0000,0.0000,0.0000,2,0,0,0,0,1,0,0,0,0
zc,WS211,2012-06-05 10:00:00.977,2441.0000,244,0,0.0000,0.0000,0,0,空换,S,2436.0000,0.0000,0.0000,0.0000,0.0000,2447.0000,0.0000,0.0000,0.0000,0.0000,3,0,0,0,0,1,0,0,0,0
zc,WS211,2012-06-05 10:00:03.227,2441.0000,244,0,0.0000,0.0000,0,0,空换,S,2437.0000,0.0000,0.0000,0.0000,0.0000,2447.0000,0.0000,0.0000,0.0000,0.0000,1,0,0,0,0,1,0,0,0,0
zc,WS211,2012-06-05 10:00:17.943,2441.0000,244,0,0.0000,0.0000,0,0,空换,S,2436.0000,0.0000,0.0000,0.0000,0.0000,2447.0000,0.0000,0.0000,0.0000,0.0000,3,0,0,0,0,1,0,0,0,0
zc,WS211,2012-06-05 10:00:25.757,2441.0000,244,0,0.0000,0.0000,0,0,空换,S,2437.0000,0.0000,0.0000,0.0000,0.0000,2447.0000,0.0000,0.0000,0.0000,0.0000,1,0,0,0,0,1,0,0,0,0
zc,WS211,2012-06-05 10:00:30.443,2441.0000,244,0,0.0000,0.0000,0,0,空换,S,2436.0000,0.0000,0.0000,0.0000,0.0000,2447.0000,0.0000,0.0000,0.0000,0.0000,3,0,0,0,0,1,0,0,0,0
zc,WS211,2012-06-05 10:00:31.430,2441.0000,244,0,0.0000,0.0000,0,0,空换,S,2437.0000,0.0000,0.0000,0.0000,0.0000,2447.0000,0.0000,0.0000,0.0000,0.0000,1,0,0,0,0,1,0,0,0,0
zc,WS211,2012-06-05 10:00:32.710,2441.0000,244,0,0.0000,0.0000,0,0,空换,S,2436.0000,0.0000,0.0000,0.0000,0.0000,2447.0000,0.0000,0.0000,0.0000,0.0000,3,0,0,0,0,1,0,0,0,0
zc,WS211,2012-06-05 10:00:35.477,2441.0000,244,0,0.0000,0.0000,0,0,空换,S,2437.0000,0.0000,0.0000,0.0000,0.0000,2447.0000,0.0000,0.0000,0.0000,0.0000,1,0,0,0,0,1,0,0,0,0
zc,WS211,2012-06-05 10:00:36.430,2441.0000,244,0,0.0000,0.0000,0,0,空换,S,2436.0000,0.0000,0.0000,0.0000,0.0000,2447.0000,0.0000,0.0000,0.0000,0.0000,3,0,0,0,0,1,0,0,0,0
zc,WS211,2012-06-05 10:00:42.460,2441.0000,244,0,0.0000,0.0000,0,0,空换,S,2437.0000,0.0000,0.0000,0.0000,0.0000,2447.0000,0.0000,0.0000,0.0000,0.0000,1,0,0,0,0,1,0,0,0,0
zc,WS211,2012-06-05 10:00:44.180,2441.0000,244,0,0.0000,0.0000,0,0,空换,S,2437.0000,0.0000,0.0000,0.0000,0.0000,2452.0000,0.0000,0.0000,0.0000,0.0000,1,0,0,0,0,1,0,0,0,0
zc,WS211,2012-06-05 10:00:52.477,2441.0000,244,0,0.0000,0.0000,0,0,空换,S,2436.0000,0.0000,0.0000,0.0000,0.0000,2452.0000,0.0000,0.0000,0.0000,0.0000,3,0,0,0,0,1,0,0,0,0
zc,WS211,2012-06-05 10:00:54.693,2441.0000,244,0,0.0000,0.0000,0,0,空换,S,2437.0000,0.0000,0.0000,0.0000,0.0000,2452.0000,0.0000,0.0000,0.0000,0.0000,1,0,0,0,0,1,0,0,0,0
zc,WS211,2012-06-05 10:01:13.240,2441.0000,244,0,0.0000,0.0000,0,0,空换,S,2437.0000,0.0000,0.0000,0.0000,0.0000,2452.0000,0.0000,0.0000,0.0000,0.0000,2,0,0,0,0,1,0,0,0,0
zc,WS211,2012-06-05 10:01:16.710,2441.0000,244,0,0.0000,0.0000,0,0,空换,S,2439.0000,0.0000,0.0000,0.0000,0.0000,2452.0000,0.0000,0.0000,0.0000,0.0000,1,0,0,0,0,1,0,0,0,0
zc,WS211,2012-06-05 10:01:27.443,2441.0000,244,0,0.0000,0.0000,0,0,空换,S,2438.0000,0.0000,0.0000,0.0000,0.0000,2452.0000,0.0000,0.0000,0.0000,0.0000,1,0,0,0,0,1,0,0,0,0
zc,WS211,2012-06-05 10:01:28.710,2441.0000,244,0,0.0000,0.0000,0,0,空换,S,2437.0000,0.0000,0.0000,0.0000,0.0000,2451.0000,0.0000,0.0000,0.0000,0.0000,1,0,0,0,0,1,0,0,0,0
zc,WS211,2012-06-05 10:01:37.727,2441.0000,244,0,0.0000,0.0000,0,0,空换,S,2438.0000,0.0000,0.0000,0.0000,0.0000,2451.0000,0.0000,0.0000,0.0000,0.0000,1,0,0,0,0,1,0,0,0,0
zc,WS211,2012-06-05 10:02:01.960,2441.0000,244,0,0.0000,0.0000,0,0,空换,S,2439.0000,0.0000,0.0000,0.0000,0.0000,2451.0000,0.0000,0.0000,0.0000,0.0000,1,0,0,0,0,1,0,0,0,0
zc,WS211,2012-06-05 10:02:30.710,2441.0000,244,0,0.0000,0.0000,0,0,空换,S,2440.0000,0.0000,0.0000,0.0000,0.0000,2451.0000,0.0000,0.0000,0.0000,0.0000,1,0,0,0,0,1,0,0,0,0
zc,WS211,2012-06-05 10:02:32.443,2441.0000,244,0,0.0000,0.0000,0,0,空换,S,2439.0000,0.0000,0.0000,0.0000,0.0000,2451.0000,0.0000,0.0000,0.0000,0.0000,1,0,0,0,0,1,0,0,0,0
zc,WS211,2012-06-05 10:02:45.913,2441.0000,244,0,0.0000,0.0000,0,0,空换,S,2445.0000,0.0000,0.0000,0.0000,0.0000,2451.0000,0.0000,0.0000,0.0000,0.0000,1,0,0,0,0,1,0,0,0,0
zc,WS211,2012-06-05 10:03:27.193,2441.0000,244,0,0.0000,0.0000,0,0,空换,S,2445.0000,0.0000,0.0000,0.0000,0.0000,2452.0000,0.0000,0.0000,0.0000,0.0000,1,0,0,0,0,1,0,0,0,0
zc,WS211,2012-06-05 10:04:49.273,2441.0000,244,0,0.0000,0.0000,0,0,空换,S,2445.0000,0.0000,0.0000,0.0000,0.0000,2451.0000,0.0000,0.0000,0.0000,0.0000,1,0,0,0,0,1,0,0,0,0
zc,WS211,2012-06-05 10:05:47.960,2441.0000,244,0,0.0000,0.0000,0,0,空换,S,2445.0000,0.0000,0.0000,0.0000,0.0000,2451.0000,0.0000,0.0000,0.0000,0.0000,2,0,0,0,0,1,0,0,0,0
zc,WS211,2012-06-05 10:05:54.943,2441.0000,244,0,0.0000,0.0000,0,0,空换,S,2445.0000,0.0000,0.0000,0.0000,0.0000,2451.0000,0.0000,0.0000,0.0000,0.0000,3,0,0,0,0,1,0,0,0,0
zc,WS211,2012-06-05 10:05:56.930,2441.0000,244,0,0.0000,0.0000,0,0,空换,S,2445.0000,0.0000,0.0000,0.0000,0.0000,2451.0000,0.0000,0.0000,0.0000,0.0000,2,0,0,0,0,1,0,0,0,0
zc,WS211,2012-06-05 10:05:59.943,2441.0000,244,0,0.0000,0.0000,0,0,空换,S,2445.0000,0.0000,0.0000,0.0000,0.0000,2451.0000,0.0000,0.0000,0.0000,0.0000,1,0,0,0,0,1,0,0,0,0
zc,WS211,2012-06-05 10:06:03.180,2451.0000,244,0,0.0000,2.0000,1,1,多换,B,2445.0000,0.0000,0.0000,0.0000,0.0000,2452.0000,0.0000,0.0000,0.0000,0.0000,1,0,0,0,0,1,0,0,0,0
zc,WS211,2012-06-05 10:06:12.443,2451.0000,244,0,0.0000,0.0000,0,0,多换,B,2446.0000,0.0000,0.0000,0.0000,0.0000,2452.0000,0.0000,0.0000,0.0000,0.0000,1,0,0,0,0,1,0,0,0,0
zc,WS211,2012-06-05 10:08:13.163,2452.0000,244,0,0.0000,2.0000,1,1,多换,B,2446.0000,0.0000,0.0000,0.0000,0.0000,2461.0000,0.0000,0.0000,0.0000,0.0000,1,0,0,0,0,10,0,0,0,0
zc,WS211,2012-06-05 10:08:13.710,2452.0000,244,0,0.0000,0.0000,0,0,多换,B,2446.0000,0.0000,0.0000,0.0000,0.0000,2462.0000,0.0000,0.0000,0.0000,0.0000,1,0,0,0,0,10,0,0,0,0
zc,WS211,2012-06-05 10:08:19.210,2452.0000,244,0,0.0000,0.0000,0,0,多换,B,2446.0000,0.0000,0.0000,0.0000,0.0000,2462.0000,0.0000,0.0000,0.0000,0.0000,2,0,0,0,0,10,0,0,0,0
zc,WS211,2012-06-05 10:08:21.430,2452.0000,244,0,0.0000,0.0000,0,0,多换,B,2446.0000,0.0000,0.0000,0.0000,0.0000,2462.0000,0.0000,0.0000,0.0000,0.0000,1,0,0,0,0,10,0,0,0,0
zc,WS211,2012-06-05 10:08:22.193,2452.0000,244,0,0.0000,0.0000,0,0,多换,B,2447.0000,0.0000,0.0000,0.0000,0.0000,2462.0000,0.0000,0.0000,0.0000,0.0000,1,0,0,0,0,10,0,0,0,0
zc,WS211,2012-06-05 10:08:22.727,2452.0000,244,0,0.0000,0.0000,0,0,多换,B,2447.0000,0.0000,0.0000,0.0000,0.0000,2463.0000,0.0000,0.0000,0.0000,0.0000,1,0,0,0,0,10,0,0,0,0
zc,WS211,2012-06-05 10:08:23.680,2452.0000,244,0,0.0000,0.0000,0,0,多换,B,2447.0000,0.0000,0.0000,0.0000,0.0000,2462.0000,0.0000,0.0000,0.0000,0.0000,1,0,0,0,0,3,0,0,0,0
zc,WS211,2012-06-05 10:08:24.960,2452.0000,244,0,0.0000,0.0000,0,0,多换,B,2447.0000,0.0000,0.0000,0.0000,0.0000,2463.0000,0.0000,0.0000,0.0000,0.0000,1,0,0,0,0,10,0,0,0,0
zc,WS211,2012-06-05 10:08:32.210,2452.0000,244,0,0.0000,0.0000,0,0,多换,B,2447.0000,0.0000,0.0000,0.0000,0.0000,2463.0000,0.0000,0.0000,0.0000,0.0000,2,0,0,0,0,10,0,0,0,0
zc,WS211,2012-06-05 10:08:32.943,2452.0000,244,0,0.0000,0.0000,0,0,多换,B,2447.0000,0.0000,0.0000,0.0000,0.0000,2463.0000,0.0000,0.0000,0.0000,0.0000,1,0,0,0,0,10,0,0,0,0
zc,WS211,2012-06-05 10:08:33.960,2452.0000,244,0,0.0000,0.0000,0,0,多换,B,2447.0000,0.0000,0.0000,0.0000,0.0000,2463.0000,0.0000,0.0000,0.0000,0.0000,2,0,0,0,0,10,0,0,0,0
zc,WS211,2012-06-05 10:08:34.430,2452.0000,244,0,0.0000,0.0000,0,0,多换,B,2447.0000,0.0000,0.0000,0.0000,0.0000,2463.0000,0.0000,0.0000,0.0000,0.0000,1,0,0,0,0,10,0,0,0,0
zc,WS211,2012-06-05 10:08:35.163,2452.0000,244,0,0.0000,0.0000,0,0,多换,B,2447.0000,0.0000,0.0000,0.0000,0.0000,2463.0000,0.0000,0.0000,0.0000,0.0000,2,0,0,0,0,10,0,0,0,0
zc,WS211,2012-06-05 10:08:35.693,2452.0000,244,0,0.0000,0.0000,0,0,多换,B,2447.0000,0.0000,0.0000,0.0000,0.0000,2462.0000,0.0000,0.0000,0.0000,0.0000,1,0,0,0,0,10,0,0,0,0
zc,WS211,2012-06-05 10:08:38.693,2452.0000,244,0,0.0000,0.0000,0,0,多换,B,2447.0000,0.0000,0.0000,0.0000,0.0000,2463.0000,0.0000,0.0000,0.0000,0.0000,2,0,0,0,0,10,0,0,0,0
zc,WS211,2012-06-05 10:08:39.693,2452.0000,244,0,0.0000,0.0000,0,0,多换,B,2447.0000,0.0000,0.0000,0.0000,0.0000,2463.0000,0.0000,0.0000,0.0000,0.0000,1,0,0,0,0,10,0,0,0,0
zc,WS211,2012-06-05 10:08:41.943,2452.0000,244,0,0.0000,0.0000,0,0,多换,B,2447.0000,0.0000,0.0000,0.0000,0.0000,2462.0000,0.0000,0.0000,0.0000,0.0000,1,0,0,0,0,4,0,0,0,0
zc,WS211,2012-06-05 10:08:42.663,2452.0000,244,0,0.0000,0.0000,0,0,多换,B,2447.0000,0.0000,0.0000,0.0000,0.0000,2463.0000,0.0000,0.0000,0.0000,0.0000,1,0,0,0,0,10,0,0,0,0
zc,WS211,2012-06-05 10:08:43.693,2452.0000,244,0,0.0000,0.0000,0,0,多换,B,2447.0000,0.0000,0.0000,0.0000,0.0000,2463.0000,0.0000,0.0000,0.0000,0.0000,2,0,0,0,0,10,0,0,0,0
zc,WS211,2012-06-05 10:08:45.680,2452.0000,244,0,0.0000,0.0000,0,0,多换,B,2447.0000,0.0000,0.0000,0.0000,0.0000,2464.0000,0.0000,0.0000,0.0000,0.0000,3,0,0,0,0,10,0,0,0,0
zc,WS211,2012-06-05 10:08:47.740,2452.0000,244,0,0.0000,0.0000,0,0,多换,B,2447.0000,0.0000,0.0000,0.0000,0.0000,2463.0000,0.0000,0.0000,0.0000,0.0000,2,0,0,0,0,10,0,0,0,0
zc,WS211,2012-06-05 10:08:51.710,2452.0000,244,0,0.0000,0.0000,0,0,多换,B,2447.0000,0.0000,0.0000,0.0000,0.0000,2463.0000,0.0000,0.0000,0.0000,0.0000,2,0,0,0,0,5,0,0,0,0
zc,WS211,2012-06-05 10:08:52.443,2452.0000,244,0,0.0000,0.0000,0,0,多换,B,2447.0000,0.0000,0.0000,0.0000,0.0000,2463.0000,0.0000,0.0000,0.0000,0.0000,2,0,0,0,0,10,0,0,0,0
zc,WS211,2012-06-05 10:08:53.913,2452.0000,244,0,0.0000,0.0000,0,0,多换,B,2447.0000,0.0000,0.0000,0.0000,0.0000,2464.0000,0.0000,0.0000,0.0000,0.0000,3,0,0,0,0,10,0,0,0,0
zc,WS211,2012-06-05 10:08:55.680,2452.0000,244,0,0.0000,0.0000,0,0,多换,B,2447.0000,0.0000,0.0000,0.0000,0.0000,2463.0000,0.0000,0.0000,0.0000,0.0000,2,0,0,0,0,10,0,0,0,0
zc,WS211,2012-06-05 10:08:56.413,2452.0000,244,0,0.0000,0.0000,0,0,多换,B,2447.0000,0.0000,0.0000,0.0000,0.0000,2464.0000,0.0000,0.0000,0.0000,0.0000,3,0,0,0,0,10,0,0,0,0
zc,WS211,2012-06-05 10:08:58.663,2452.0000,244,0,0.0000,0.0000,0,0,多换,B,2447.0000,0.0000,0.0000,0.0000,0.0000,2463.0000,0.0000,0.0000,0.0000,0.0000,2,0,0,0,0,10,0,0,0,0
zc,WS211,2012-06-05 10:09:00.430,2452.0000,244,0,0.0000,0.0000,0,0,多换,B,2447.0000,0.0000,0.0000,0.0000,0.0000,2464.0000,0.0000,0.0000,0.0000,0.0000,3,0,0,0,0,10,0,0,0,0
zc,WS211,2012-06-05 10:09:01.397,2452.0000,244,0,0.0000,0.0000,0,0,多换,B,2450.0000,0.0000,0.0000,0.0000,0.0000,2464.0000,0.0000,0.0000,0.0000,0.0000,1,0,0,0,0,10,0,0,0,0
zc,WS211,2012-06-05 10:09:03.680,2452.0000,244,0,0.0000,0.0000,0,0,多换,B,2450.0000,0.0000,0.0000,0.0000,0.0000,2465.0000,0.0000,0.0000,0.0000,0.0000,1,0,0,0,0,10,0,0,0,0
zc,WS211,2012-06-05 10:09:04.693,2452.0000,244,0,0.0000,0.0000,0,0,多换,B,2450.0000,0.0000,0.0000,0.0000,0.0000,2464.0000,0.0000,0.0000,0.0000,0.0000,1,0,0,0,0,10,0,0,0,0
zc,WS211,2012-06-05 10:09:05.443,2452.0000,244,0,0.0000,0.0000,0,0,多换,B,2450.0000,0.0000,0.0000,0.0000,0.0000,2465.0000,0.0000,0.0000,0.0000,0.0000,1,0,0,0,0,10,0,0,0,0
zc,WS211,2012-06-05 10:09:06.443,2452.0000,244,0,0.0000,0.0000,0,0,多换,B,2450.0000,0.0000,0.0000,0.0000,0.0000,2464.0000,0.0000,0.0000,0.0000,0.0000,1,0,0,0,0,2,0,0,0,0
zc,WS211,2012-06-05 10:09:06.943,2452.0000,244,0,0.0000,0.0000,0,0,多换,B,2450.0000,0.0000,0.0000,0.0000,0.0000,2464.0000,0.0000,0.0000,0.0000,0.0000,1,0,0,0,0,10,0,0,0,0
zc,WS211,2012-06-05 10:09:09.960,2464.0000,244,0,0.0000,2.0000,1,1,多换,B,2450.0000,0.0000,0.0000,0.0000,0.0000,2464.0000,0.0000,0.0000,0.0000,0.0000,1,0,0,0,0,9,0,0,0,0
zc,WS211,2012-06-05 10:09:13.430,2464.0000,244,0,0.0000,0.0000,0,0,多换,B,2450.0000,0.0000,0.0000,0.0000,0.0000,2463.0000,0.0000,0.0000,0.0000,0.0000,1,0,0,0,0,9,0,0,0,0
zc,WS211,2012-06-05 10:09:13.913,2464.0000,244,0,0.0000,0.0000,0,0,多换,B,2450.0000,0.0000,0.0000,0.0000,0.0000,2464.0000,0.0000,0.0000,0.0000,0.0000,1,0,0,0,0,9,0,0,0,0
zc,WS211,2012-06-05 10:09:24.193,2464.0000,244,0,0.0000,0.0000,0,0,多换,B,2450.0000,0.0000,0.0000,0.0000,0.0000,2464.0000,0.0000,0.0000,0.0000,0.0000,1,0,0,0,0,1,0,0,0,0
zc,WS211,2012-06-05 10:09:24.930,2464.0000,244,0,0.0000,0.0000,0,0,多换,B,2450.0000,0.0000,0.0000,0.0000,0.0000,2465.0000,0.0000,0.0000,0.0000,0.0000,1,0,0,0,0,9,0,0,0,0
zc,WS211,2012-06-05 10:09:25.977,2464.0000,244,0,0.0000,0.0000,0,0,多换,B,2450.0000,0.0000,0.0000,0.0000,0.0000,2464.0000,0.0000,0.0000,0.0000,0.0000,1,0,0,0,0,6,0,0,0,0
zc,WS211,2012-06-05 10:09:26.693,2464.0000,244,0,0.0000,0.0000,0,0,多换,B,2450.0000,0.0000,0.0000,0.0000,0.0000,2464.0000,0.0000,0.0000,0.0000,0.0000,1,0,0,0,0,9,0,0,0,0
zc,WS211,2012-06-05 10:09:35.693,2464.0000,244,0,0.0000,0.0000,0,0,多换,B,2452.0000,0.0000,0.0000,0.0000,0.0000,2464.0000,0.0000,0.0000,0.0000,0.0000,1,0,0,0,0,9,0,0,0,0
zc,WS211,2012-06-05 10:09:40.913,2464.0000,244,0,0.0000,0.0000,0,0,多换,B,2452.0000,0.0000,0.0000,0.0000,0.0000,2463.0000,0.0000,0.0000,0.0000,0.0000,1,0,0,0,0,9,0,0,0,0
zc,WS211,2012-06-05 10:09:54.193,2464.0000,244,0,0.0000,0.0000,0,0,多换,B,2452.0000,0.0000,0.0000,0.0000,0.0000,2462.0000,0.0000,0.0000,0.0000,0.0000,1,0,0,0,0,9,0,0,0,0
zc,WS211,2012-06-05 10:10:01.163,2464.0000,244,0,0.0000,0.0000,0,0,多换,B,2452.0000,0.0000,0.0000,0.0000,0.0000,2462.0000,0.0000,0.0000,0.0000,0.0000,1,0,0,0,0,2,0,0,0,0
zc,WS211,2012-06-05 10:10:01.693,2464.0000,244,0,0.0000,0.0000,0,0,多换,B,2452.0000,0.0000,0.0000,0.0000,0.0000,2462.0000,0.0000,0.0000,0.0000,0.0000,1,0,0,0,0,7,0,0,0,0
zc,WS211,2012-06-05 10:10:03.477,2464.0000,244,0,0.0000,0.0000,0,0,多换,B,2452.0000,0.0000,0.0000,0.0000,0.0000,2462.0000,0.0000,0.0000,0.0000,0.0000,1,0,0,0,0,9,0,0,0,0
zc,WS211,2012-06-05 10:10:04.663,2464.0000,244,0,0.0000,0.0000,0,0,多换,B,2452.0000,0.0000,0.0000,0.0000,0.0000,2463.0000,0.0000,0.0000,0.0000,0.0000,1,0,0,0,0,9,0,0,0,0
zc,WS211,2012-06-05 10:10:05.913,2464.0000,244,0,0.0000,0.0000,0,0,多换,B,2452.0000,0.0000,0.0000,0.0000,0.0000,2462.0000,0.0000,0.0000,0.0000,0.0000,1,0,0,0,0,5,0,0,0,0
zc,WS211,2012-06-05 10:10:06.680,2464.0000,244,0,0.0000,0.0000,0,0,多换,B,2452.0000,0.0000,0.0000,0.0000,0.0000,2462.0000,0.0000,0.0000,0.0000,0.0000,1,0,0,0,0,3,0,0,0,0
zc,WS211,2012-06-05 10:10:07.163,2464.0000,244,0,0.0000,0.0000,0,0,多换,B,2452.0000,0.0000,0.0000,0.0000,0.0000,2463.0000,0.0000,0.0000,0.0000,0.0000,1,0,0,0,0,9,0,0,0,0
zc,WS211,2012-06-05 10:10:12.960,2464.0000,244,0,0.0000,0.0000,0,0,多换,B,2452.0000,0.0000,0.0000,0.0000,0.0000,2464.0000,0.0000,0.0000,0.0000,0.0000,1,0,0,0,0,9,0,0,0,0
zc,WS211,2012-06-05 10:10:13.930,2464.0000,244,0,0.0000,0.0000,0,0,多换,B,2452.0000,0.0000,0.0000,0.0000,0.0000,2463.0000,0.0000,0.0000,0.0000,0.0000,1,0,0,0,0,8,0,0,0,0
zc,WS211,2012-06-05 10:10:14.663,2464.0000,244,0,0.0000,0.0000,0,0,多换,B,2452.0000,0.0000,0.0000,0.0000,0.0000,2464.0000,0.0000,0.0000,0.0000,0.0000,1,0,0,0,0,9,0,0,0,0
zc,WS211,2012-06-05 10:10:19.180,2464.0000,244,0,0.0000,0.0000,0,0,多换,B,2452.0000,0.0000,0.0000,0.0000,0.0000,2463.0000,0.0000,0.0000,0.0000,0.0000,1,0,0,0,0,3,0,0,0,0
zc,WS211,2012-06-05 10:10:19.680,2464.0000,244,0,0.0000,0.0000,0,0,多换,B,2452.0000,0.0000,0.0000,0.0000,0.0000,2464.0000,0.0000,0.0000,0.0000,0.0000,1,0,0,0,0,9,0,0,0,0
zc,WS211,2012-06-05 10:10:23.227,2464.0000,244,0,0.0000,0.0000,0,0,多换,B,2452.0000,0.0000,0.0000,0.0000,0.0000,2465.0000,0.0000,0.0000,0.0000,0.0000,1,0,0,0,0,9,0,0,0,0
zc,WS211,2012-06-05 10:10:24.680,2464.0000,244,0,0.0000,0.0000,0,0,多换,B,2452.0000,0.0000,0.0000,0.0000,0.0000,2464.0000,0.0000,0.0000,0.0000,0.0000,1,0,0,0,0,9,0,0,0,0
zc,WS211,2012-06-05 10:10:25.663,2464.0000,244,0,0.0000,0.0000,0,0,多换,B,2452.0000,0.0000,0.0000,0.0000,0.0000,2464.0000,0.0000,0.0000,0.0000,0.0000,1,0,0,0,0,9,0,0,0,0
zc,WS211,2012-06-05 10:10:25.943,2464.0000,244,0,0.0000,0.0000,0,0,多换,B,2452.0000,0.0000,0.0000,0.0000,0.0000,2464.0000,0.0000,0.0000,0.0000,0.0000,1,0,0,0,0,7,0,0,0,0
zc,WS211,2012-06-05 10:10:26.680,2464.0000,244,0,0.0000,0.0000,0,0,多换,B,2452.0000,0.0000,0.0000,0.0000,0.0000,2465.0000,0.0000,0.0000,0.0000,0.0000,1,0,0,0,0,9,0,0,0,0
zc,WS211,2012-06-05 10:10:27.710,2464.0000,244,0,0.0000,0.0000,0,0,多换,B,2452.0000,0.0000,0.0000,0.0000,0.0000,2464.0000,0.0000,0.0000,0.0000,0.0000,1,0,0,0,0,5,0,0,0,0
zc,WS211,2012-06-05 10:10:28.163,2464.0000,244,0,0.0000,0.0000,0,0,多换,B,2452.0000,0.0000,0.0000,0.0000,0.0000,2464.0000,0.0000,0.0000,0.0000,0.0000,1,0,0,0,0,9,0,0,0,0
zc,WS211,2012-06-05 10:10:31.180,2464.0000,244,0,0.0000,0.0000,0,0,多换,B,2452.0000,0.0000,0.0000,0.0000,0.0000,2464.0000,0.0000,0.0000,0.0000,0.0000,1,0,0,0,0,6,0,0,0,0
zc,WS211,2012-06-05 10:10:31.943,2464.0000,244,0,0.0000,0.0000,0,0,多换,B,2452.0000,0.0000,0.0000,0.0000,0.0000,2464.0000,0.0000,0.0000,0.0000,0.0000,1,0,0,0,0,4,0,0,0,0
zc,WS211,2012-06-05 10:10:32.960,2464.0000,244,0,0.0000,0.0000,0,0,多换,B,2452.0000,0.0000,0.0000,0.0000,0.0000,2464.0000,0.0000,0.0000,0.0000,0.0000,1,0,0,0,0,1,0,0,0,0
zc,WS211,2012-06-05 10:10:33.413,2464.0000,244,0,0.0000,0.0000,0,0,多换,B,2452.0000,0.0000,0.0000,0.0000,0.0000,2464.0000,0.0000,0.0000,0.0000,0.0000,1,0,0,0,0,9,0,0,0,0
zc,WS211,2012-06-05 10:10:34.163,2464.0000,244,0,0.0000,0.0000,0,0,多换,B,2452.0000,0.0000,0.0000,0.0000,0.0000,2464.0000,0.0000,0.0000,0.0000,0.0000,1,0,0,0,0,2,0,0,0,0
zc,WS211,2012-06-05 10:10:34.943,2464.0000,244,0,0.0000,0.0000,0,0,多换,B,2452.0000,0.0000,0.0000,0.0000,0.0000,2464.0000,0.0000,0.0000,0.0000,0.0000,1,0,0,0,0,1,0,0,0,0
zc,WS211,2012-06-05 10:10:35.943,2464.0000,244,0,0.0000,0.0000,0,0,多换,B,2452.0000,0.0000,0.0000,0.0000,0.0000,2465.0000,0.0000,0.0000,0.0000,0.0000,1,0,0,0,0,9,0,0,0,0
zc,WS211,2012-06-05 10:10:38.727,2464.0000,244,0,0.0000,0.0000,0,0,多换,B,2452.0000,0.0000,0.0000,0.0000,0.0000,2464.0000,0.0000,0.0000,0.0000,0.0000,1,0,0,0,0,2,0,0,0,0
zc,WS211,2012-06-05 10:10:39.193,2464.0000,244,0,0.0000,0.0000,0,0,多换,B,2452.0000,0.0000,0.0000,0.0000,0.0000,2464.0000,0.0000,0.0000,0.0000,0.0000,1,0,0,0,0,9,0,0,0,0
zc,WS211,2012-06-05 10:10:39.943,2464.0000,244,0,0.0000,0.0000,0,0,多换,B,2452.0000,0.0000,0.0000,0.0000,0.0000,2465.0000,0.0000,0.0000,0.0000,0.0000,1,0,0,0,0,9,0,0,0,0
zc,WS211,2012-06-05 10:10:46.680,2464.0000,244,0,0.0000,0.0000,0,0,多换,B,2452.0000,0.0000,0.0000,0.0000,0.0000,2466.0000,0.0000,0.0000,0.0000,0.0000,1,0,0,0,0,9,0,0,0,0
zc,WS211,2012-06-05 10:10:58.663,2464.0000,244,0,0.0000,0.0000,0,0,多换,B,2452.0000,0.0000,0.0000,0.0000,0.0000,2467.0000,0.0000,0.0000,0.0000,0.0000,1,0,0,0,0,9,0,0,0,0
zc,WS211,2012-06-05 10:11:09.977,2464.0000,244,0,0.0000,0.0000,0,0,多换,B,2452.0000,0.0000,0.0000,0.0000,0.0000,2466.0000,0.0000,0.0000,0.0000,0.0000,1,0,0,0,0,9,0,0,0,0
zc,WS211,2012-06-05 10:11:22.180,2464.0000,244,0,0.0000,0.0000,0,0,多换,B,2452.0000,0.0000,0.0000,0.0000,0.0000,2465.0000,0.0000,0.0000,0.0000,0.0000,1,0,0,0,0,9,0,0,0,0
zc,WS211,2012-06-05 10:11:32.180,2464.0000,244,0,0.0000,0.0000,0,0,多换,B,2452.0000,0.0000,0.0000,0.0000,0.0000,2464.0000,0.0000,0.0000,0.0000,0.0000,1,0,0,0,0,9,0,0,0,0
zc,WS211,2012-06-05 10:11:38.913,2464.0000,244,0,0.0000,0.0000,0,0,多换,B,2452.0000,0.0000,0.0000,0.0000,0.0000,2465.0000,0.0000,0.0000,0.0000,0.0000,1,0,0,0,0,9,0,0,0,0
zc,WS211,2012-06-05 10:11:39.430,2464.0000,244,0,0.0000,0.0000,0,0,多换,B,2452.0000,0.0000,0.0000,0.0000,0.0000,2464.0000,0.0000,0.0000,0.0000,0.0000,1,0,0,0,0,9,0,0,0,0
zc,WS211,2012-06-05 10:11:40.210,2464.0000,244,0,0.0000,0.0000,0,0,多换,B,2452.0000,0.0000,0.0000,0.0000,0.0000,2465.0000,0.0000,0.0000,0.0000,0.0000,1,0,0,0,0,9,0,0,0,0
zc,WS211,2012-06-05 10:11:46.930,2464.0000,244,0,0.0000,0.0000,0,0,多换,B,2452.0000,0.0000,0.0000,0.0000,0.0000,2466.0000,0.0000,0.0000,0.0000,0.0000,1,0,0,0,0,9,0,0,0,0
zc,WS211,2012-06-05 10:11:47.430,2464.0000,244,0,0.0000,0.0000,0,0,多换,B,2452.0000,0.0000,0.0000,0.0000,0.0000,2465.0000,0.0000,0.0000,0.0000,0.0000,1,0,0,0,0,1,0,0,0,0
zc,WS211,2012-06-05 10:11:48.210,2464.0000,244,0,0.0000,0.0000,0,0,多换,B,2452.0000,0.0000,0.0000,0.0000,0.0000,2465.0000,0.0000,0.0000,0.0000,0.0000,1,0,0,0,0,9,0,0,0,0
zc,WS211,2012-06-05 10:11:56.210,2464.0000,244,0,0.0000,0.0000,0,0,多换,B,2452.0000,0.0000,0.0000,0.0000,0.0000,2465.0000,0.0000,0.0000,0.0000,0.0000,1,0,0,0,0,10,0,0,0,0
zc,WS211,2012-06-05 10:11:56.443,2464.0000,244,0,0.0000,0.0000,0,0,多换,B,2452.0000,0.0000,0.0000,0.0000,0.0000,2464.0000,0.0000,0.0000,0.0000,0.0000,1,0,0,0,0,1,0,0,0,0
zc,WS211,2012-06-05 10:11:57.727,2464.0000,244,0,0.0000,0.0000,0,0,多换,B,2452.0000,0.0000,0.0000,0.0000,0.0000,2463.0000,0.0000,0.0000,0.0000,0.0000,1,0,0,0,0,1,0,0,0,0
zc,WS211,2012-06-05 10:12:04.773,2464.0000,244,0,0.0000,0.0000,0,0,多换,B,2452.0000,0.0000,0.0000,0.0000,0.0000,2464.0000,0.0000,0.0000,0.0000,0.0000,1,0,0,0,0,1,0,0,0,0
zc,WS211,2012-06-05 10:12:14.397,2464.0000,244,0,0.0000,0.0000,0,0,多换,B,2452.0000,0.0000,0.0000,0.0000,0.0000,2465.0000,0.0000,0.0000,0.0000,0.0000,1,0,0,0,0,10,0,0,0,0
zc,WS211,2012-06-05 10:12:14.897,2464.0000,244,0,0.0000,0.0000,0,0,多换,B,2452.0000,0.0000,0.0000,0.0000,0.0000,2465.0000,0.0000,0.0000,0.0000,0.0000,1,0,0,0,0,1,0,0,0,0
zc,WS211,2012-06-05 10:12:17.180,2464.0000,244,0,0.0000,0.0000,0,0,多换,B,2452.0000,0.0000,0.0000,0.0000,0.0000,2466.0000,0.0000,0.0000,0.0000,0.0000,1,0,0,0,0,1,0,0,0,0
zc,WS211,2012-06-05 10:12:20.740,2464.0000,244,0,0.0000,0.0000,0,0,多换,B,2452.0000,0.0000,0.0000,0.0000,0.0000,2466.0000,0.0000,0.0000,0.0000,0.0000,1,0,0,0,0,7,0,0,0,0
zc,WS211,2012-06-05 10:12:21.193,2464.0000,244,0,0.0000,0.0000,0,0,多换,B,2452.0000,0.0000,0.0000,0.0000,0.0000,2465.0000,0.0000,0.0000,0.0000,0.0000,1,0,0,0,0,1,0,0,0,0
zc,WS211,2012-06-05 10:12:31.663,2464.0000,244,0,0.0000,0.0000,0,0,多换,B,2452.0000,0.0000,0.0000,0.0000,0.0000,2466.0000,0.0000,0.0000,0.0000,0.0000,1,0,0,0,0,10,0,0,0,0
zc,WS211,2012-06-05 10:12:42.897,2464.0000,244,0,0.0000,0.0000,0,0,多换,B,2452.0000,0.0000,0.0000,0.0000,0.0000,2465.0000,0.0000,0.0000,0.0000,0.0000,1,0,0,0,0,1,0,0,0,0
zc,WS211,2012-06-05 10:12:47.913,2464.0000,244,0,0.0000,0.0000,0,0,多换,B,2452.0000,0.0000,0.0000,0.0000,0.0000,2466.0000,0.0000,0.0000,0.0000,0.0000,1,0,0,0,0,10,0,0,0,0
zc,WS211,2012-06-05 10:12:52.443,2464.0000,244,0,0.0000,0.0000,0,0,多换,B,2452.0000,0.0000,0.0000,0.0000,0.0000,2465.0000,0.0000,0.0000,0.0000,0.0000,1,0,0,0,0,1,0,0,0,0
zc,WS211,2012-06-05 10:12:58.413,2464.0000,244,0,0.0000,0.0000,0,0,多换,B,2452.0000,0.0000,0.0000,0.0000,0.0000,2466.0000,0.0000,0.0000,0.0000,0.0000,1,0,0,0,0,10,0,0,0,0
zc,WS211,2012-06-05 10:13:00.710,2464.0000,244,0,0.0000,0.0000,0,0,多换,B,2452.0000,0.0000,0.0000,0.0000,0.0000,2466.0000,0.0000,0.0000,0.0000,0.0000,1,0,0,0,0,8,0,0,0,0
zc,WS211,2012-06-05 10:13:01.913,2464.0000,244,0,0.0000,0.0000,0,0,多换,B,2452.0000,0.0000,0.0000,0.0000,0.0000,2465.0000,0.0000,0.0000,0.0000,0.0000,1,0,0,0,0,1,0,0,0,0
zc,WS211,2012-06-05 10:13:04.193,2464.0000,244,0,0.0000,0.0000,0,0,多换,B,2452.0000,0.0000,0.0000,0.0000,0.0000,2466.0000,0.0000,0.0000,0.0000,0.0000,1,0,0,0,0,10,0,0,0,0
zc,WS211,2012-06-05 10:13:06.913,2464.0000,244,0,0.0000,0.0000,0,0,多换,B,2452.0000,0.0000,0.0000,0.0000,0.0000,2466.0000,0.0000,0.0000,0.0000,0.0000,1,0,0,0,0,1,0,0,0,0
zc,WS211,2012-06-05 10:13:13.710,2464.0000,244,0,0.0000,0.0000,0,0,多换,B,2452.0000,0.0000,0.0000,0.0000,0.0000,2466.0000,0.0000,0.0000,0.0000,0.0000,1,0,0,0,0,10,0,0,0,0
zc,WS211,2012-06-05 10:13:14.210,2464.0000,244,0,0.0000,0.0000,0,0,多换,B,2452.0000,0.0000,0.0000,0.0000,0.0000,2466.0000,0.0000,0.0000,0.0000,0.0000,1,0,0,0,0,1,0,0,0,0
zc,WS211,2012-06-05 10:13:15.477,2464.0000,244,0,0.0000,0.0000,0,0,多换,B,2452.0000,0.0000,0.0000,0.0000,0.0000,2466.0000,0.0000,0.0000,0.0000,0.0000,1,0,0,0,0,2,0,0,0,0
zc,WS211,2012-06-05 10:13:16.163,2464.0000,244,0,0.0000,0.0000,0,0,多换,B,2452.0000,0.0000,0.0000,0.0000,0.0000,2466.0000,0.0000,0.0000,0.0000,0.0000,1,0,0,0,0,8,0,0,0,0
zc,WS211,2012-06-05 10:13:16.430,2464.0000,244,0,0.0000,0.0000,0,0,多换,B,2452.0000,0.0000,0.0000,0.0000,0.0000,2466.0000,0.0000,0.0000,0.0000,0.0000,1,0,0,0,0,1,0,0,0,0
zc,WS211,2012-06-05 10:13:20.430,2464.0000,244,0,0.0000,0.0000,0,0,多换,B,2452.0000,0.0000,0.0000,0.0000,0.0000,2467.0000,0.0000,0.0000,0.0000,0.0000,1,0,0,0,0,10,0,0,0,0
zc,WS211,2012-06-05 10:13:23.163,2464.0000,244,0,0.0000,0.0000,0,0,多换,B,2452.0000,0.0000,0.0000,0.0000,0.0000,2466.0000,0.0000,0.0000,0.0000,0.0000,1,0,0,0,0,9,0,0,0,0
zc,WS211,2012-06-05 10:13:23.913,2464.0000,244,0,0.0000,0.0000,0,0,多换,B,2452.0000,0.0000,0.0000,0.0000,0.0000,2466.0000,0.0000,0.0000,0.0000,0.0000,1,0,0,0,0,1,0,0,0,0
zc,WS211,2012-06-05 10:13:25.913,2464.0000,244,0,0.0000,0.0000,0,0,多换,B,2452.0000,0.0000,0.0000,0.0000,0.0000,2467.0000,0.0000,0.0000,0.0000,0.0000,1,0,0,0,0,10,0,0,0,0
zc,WS211,2012-06-05 10:13:27.180,2464.0000,244,0,0.0000,0.0000,0,0,多换,B,2452.0000,0.0000,0.0000,0.0000,0.0000,2467.0000,0.0000,0.0000,0.0000,0.0000,1,0,0,0,0,1,0,0,0,0
zc,WS211,2012-06-05 10:13:28.930,2464.0000,244,0,0.0000,0.0000,0,0,多换,B,2452.0000,0.0000,0.0000,0.0000,0.0000,2468.0000,0.0000,0.0000,0.0000,0.0000,2,0,0,0,0,10,0,0,0,0
zc,WS211,2012-06-05 10:13:31.210,2464.0000,244,0,0.0000,0.0000,0,0,多换,B,2454.0000,0.0000,0.0000,0.0000,0.0000,2468.0000,0.0000,0.0000,0.0000,0.0000,1,0,0,0,0,10,0,0,0,0
zc,WS211,2012-06-05 10:13:36.430,2464.0000,244,0,0.0000,0.0000,0,0,多换,B,2454.0000,0.0000,0.0000,0.0000,0.0000,2468.0000,0.0000,0.0000,0.0000,0.0000,1,0,0,0,0,1,0,0,0,0
zc,WS211,2012-06-05 10:13:36.897,2464.0000,244,0,0.0000,0.0000,0,0,多换,B,2454.0000,0.0000,0.0000,0.0000,0.0000,2469.0000,0.0000,0.0000,0.0000,0.0000,1,0,0,0,0,10,0,0,0,0
zc,WS211,2012-06-05 10:13:45.227,2464.0000,244,0,0.0000,0.0000,0,0,多换,B,2454.0000,0.0000,0.0000,0.0000,0.0000,2468.0000,0.0000,0.0000,0.0000,0.0000,1,0,0,0,0,9,0,0,0,0
zc,WS211,2012-06-05 10:13:49.163,2464.0000,244,0,0.0000,0.0000,0,0,多换,B,2454.0000,0.0000,0.0000,0.0000,0.0000,2467.0000,0.0000,0.0000,0.0000,0.0000,1,0,0,0,0,9,0,0,0,0
zc,WS211,2012-06-05 10:13:50.413,2464.0000,244,0,0.0000,0.0000,0,0,多换,B,2454.0000,0.0000,0.0000,0.0000,0.0000,2468.0000,0.0000,0.0000,0.0000,0.0000,1,0,0,0,0,9,0,0,0,0
zc,WS211,2012-06-05 10:13:54.397,2464.0000,244,0,0.0000,0.0000,0,0,多换,B,2453.0000,0.0000,0.0000,0.0000,0.0000,2468.0000,0.0000,0.0000,0.0000,0.0000,1,0,0,0,0,9,0,0,0,0
zc,WS211,2012-06-05 10:13:57.663,2464.0000,244,0,0.0000,0.0000,0,0,多换,B,2452.0000,0.0000,0.0000,0.0000,0.0000,2467.0000,0.0000,0.0000,0.0000,0.0000,2,0,0,0,0,9,0,0,0,0
zc,WS211,2012-06-05 10:13:58.943,2464.0000,244,0,0.0000,0.0000,0,0,多换,B,2452.0000,0.0000,0.0000,0.0000,0.0000,2468.0000,0.0000,0.0000,0.0000,0.0000,2,0,0,0,0,10,0,0,0,0
zc,WS211,2012-06-05 10:14:02.180,2464.0000,244,0,0.0000,0.0000,0,0,多换,B,2452.0000,0.0000,0.0000,0.0000,0.0000,2468.0000,0.0000,0.0000,0.0000,0.0000,2,0,0,0,0,9,0,0,0,0
zc,WS211,2012-06-05 10:14:03.443,2464.0000,244,0,0.0000,0.0000,0,0,多换,B,2453.0000,0.0000,0.0000,0.0000,0.0000,2468.0000,0.0000,0.0000,0.0000,0.0000,1,0,0,0,0,9,0,0,0,0
zc,WS211,2012-06-05 10:14:03.930,2464.0000,244,0,0.0000,0.0000,0,0,多换,B,2452.0000,0.0000,0.0000,0.0000,0.0000,2468.0000,0.0000,0.0000,0.0000,0.0000,2,0,0,0,0,9,0,0,0,0
zc,WS211,2012-06-05 10:14:04.680,2464.0000,244,0,0.0000,0.0000,0,0,多换,B,2452.0000,0.0000,0.0000,0.0000,0.0000,2468.0000,0.0000,0.0000,0.0000,0.0000,2,0,0,0,0,10,0,0,0,0
zc,WS211,2012-06-05 10:14:05.193,2464.0000,244,0,0.0000,0.0000,0,0,多换,B,2453.0000,0.0000,0.0000,0.0000,0.0000,2468.0000,0.0000,0.0000,0.0000,0.0000,1,0,0,0,0,9,0,0,0,0
zc,WS211,2012-06-05 10:14:06.180,2464.0000,244,0,0.0000,0.0000,0,0,多换,B,2453.0000,0.0000,0.0000,0.0000,0.0000,2468.0000,0.0000,0.0000,0.0000,0.0000,1,0,0,0,0,3,0,0,0,0
zc,WS211,2012-06-05 10:14:06.930,2464.0000,244,0,0.0000,0.0000,0,0,多换,B,2453.0000,0.0000,0.0000,0.0000,0.0000,2469.0000,0.0000,0.0000,0.0000,0.0000,1,0,0,0,0,10,0,0,0,0
zc,WS211,2012-06-05 10:14:14.680,2464.0000,244,0,0.0000,0.0000,0,0,多换,B,2454.0000,0.0000,0.0000,0.0000,0.0000,2470.0000,0.0000,0.0000,0.0000,0.0000,1,0,0,0,0,10,0,0,0,0
zc,WS211,2012-06-05 10:14:23.180,2464.0000,244,0,0.0000,0.0000,0,0,多换,B,2454.0000,0.0000,0.0000,0.0000,0.0000,2470.0000,0.0000,0.0000,0.0000,0.0000,2,0,0,0,0,10,0,0,0,0
zc,WS211,2012-06-05 10:14:23.680,2464.0000,244,0,0.0000,0.0000,0,0,多换,B,2455.0000,0.0000,0.0000,0.0000,0.0000,2470.0000,0.0000,0.0000,0.0000,0.0000,1,0,0,0,0,9,0,0,0,0
zc,WS211,2012-06-05 10:14:25.647,2464.0000,244,0,0.0000,0.0000,0,0,多换,B,2455.0000,0.0000,0.0000,0.0000,0.0000,2470.0000,0.0000,0.0000,0.0000,0.0000,1,0,0,0,0,9,0,0,0,0
zc,WS211,2012-06-05 10:14:25.913,2464.0000,244,0,0.0000,0.0000,0,0,多换,B,2455.0000,0.0000,0.0000,0.0000,0.0000,2471.0000,0.0000,0.0000,0.0000,0.0000,2,0,0,0,0,10,0,0,0,0
zc,WS211,2012-06-05 10:14:28.413,2464.0000,244,0,0.0000,0.0000,0,0,多换,B,2456.0000,0.0000,0.0000,0.0000,0.0000,2471.0000,0.0000,0.0000,0.0000,0.0000,1,0,0,0,0,1,0,0,0,0
zc,WS211,2012-06-05 10:14:30.693,2464.0000,244,0,0.0000,0.0000,0,0,多换,B,2456.0000,0.0000,0.0000,0.0000,0.0000,2472.0000,0.0000,0.0000,0.0000,0.0000,2,0,0,0,0,10,0,0,0,0
zc,WS211,2012-06-05 10:14:31.663,2464.0000,244,0,0.0000,0.0000,0,0,多换,B,2457.0000,0.0000,0.0000,0.0000,0.0000,2472.0000,0.0000,0.0000,0.0000,0.0000,1,0,0,0,0,1,0,0,0,0
zc,WS211,2012-06-05 10:14:35.180,2464.0000,244,0,0.0000,0.0000,0,0,多换,B,2457.0000,0.0000,0.0000,0.0000,0.0000,2473.0000,0.0000,0.0000,0.0000,0.0000,2,0,0,0,0,10,0,0,0,0
zc,WS211,2012-06-05 10:14:43.680,2464.0000,244,0,0.0000,0.0000,0,0,多换,B,2457.0000,0.0000,0.0000,0.0000,0.0000,2472.0000,0.0000,0.0000,0.0000,0.0000,1,0,0,0,0,9,0,0,0,0
zc,WS211,2012-06-05 10:14:46.680,2464.0000,244,0,0.0000,0.0000,0,0,多换,B,2456.0000,0.0000,0.0000,0.0000,0.0000,2472.0000,0.0000,0.0000,0.0000,0.0000,2,0,0,0,0,9,0,0,0,0
zc,WS211,2012-06-05 10:14:47.007,2464.0000,244,0,0.0000,0.0000,0,0,多换,B,2456.0000,0.0000,0.0000,0.0000,0.0000,2472.0000,0.0000,0.0000,0.0000,0.0000,2,0,0,0,0,10,0,0,0,0
zc,WS211,2012-06-05 10:14:49.413,2464.0000,244,0,0.0000,0.0000,0,0,多换,B,2457.0000,0.0000,0.0000,0.0000,0.0000,2472.0000,0.0000,0.0000,0.0000,0.0000,1,0,0,0,0,9,0,0,0,0
zc,WS211,2012-06-05 10:15:01.430,2464.0000,244,0,0.0000,0.0000,0,0,多换,B,2457.0000,0.0000,0.0000,0.0000,0.0000,2473.0000,0.0000,0.0000,0.0000,0.0000,2,0,0,0,0,10,0,0,0,0
zc,WS211,2012-06-05 10:30:02.023,2464.0000,244,0,0.0000,0.0000,0,0,多换,B,2457.0000,0.0000,0.0000,0.0000,0.0000,2473.0000,0.0000,0.0000,0.0000,0.0000,1,0,0,0,0,10,0,0,0,0
zc,WS211,2012-06-05 10:30:03.087,2464.0000,244,0,0.0000,0.0000,0,0,多换,B,2457.0000,0.0000,0.0000,0.0000,0.0000,2472.0000,0.0000,0.0000,0.0000,0.0000,1,0,0,0,0,9,0,0,0,0
zc,WS211,2012-06-05 10:30:04.477,2464.0000,244,0,0.0000,0.0000,0,0,多换,B,2456.0000,0.0000,0.0000,0.0000,0.0000,2472.0000,0.0000,0.0000,0.0000,0.0000,2,0,0,0,0,10,0,0,0,0
zc,WS211,2012-06-05 10:30:05.663,2464.0000,244,0,0.0000,0.0000,0,0,多换,B,2456.0000,0.0000,0.0000,0.0000,0.0000,2471.0000,0.0000,0.0000,0.0000,0.0000,1,0,0,0,0,9,0,0,0,0
zc,WS211,2012-06-05 10:30:07.430,2464.0000,244,0,0.0000,0.0000,0,0,多换,B,2455.0000,0.0000,0.0000,0.0000,0.0000,2471.0000,0.0000,0.0000,0.0000,0.0000,2,0,0,0,0,10,0,0,0,0
zc,WS211,2012-06-05 10:30:07.913,2464.0000,244,0,0.0000,0.0000,0,0,多换,B,2456.0000,0.0000,0.0000,0.0000,0.0000,2471.0000,0.0000,0.0000,0.0000,0.0000,1,0,0,0,0,1,0,0,0,0
zc,WS211,2012-06-05 10:30:09.210,2464.0000,244,0,0.0000,0.0000,0,0,多换,B,2456.0000,0.0000,0.0000,0.0000,0.0000,2472.0000,0.0000,0.0000,0.0000,0.0000,1,0,0,0,0,10,0,0,0,0
zc,WS211,2012-06-05 10:30:10.193,2464.0000,244,0,0.0000,0.0000,0,0,多换,B,2457.0000,0.0000,0.0000,0.0000,0.0000,2472.0000,0.0000,0.0000,0.0000,0.0000,1,0,0,0,0,1,0,0,0,0
zc,WS211,2012-06-05 10:30:12.960,2464.0000,244,0,0.0000,0.0000,0,0,多换,B,2457.0000,0.0000,0.0000,0.0000,0.0000,2473.0000,0.0000,0.0000,0.0000,0.0000,1,0,0,0,0,10,0,0,0,0
zc,WS211,2012-06-05 10:30:14.477,2464.0000,244,0,0.0000,0.0000,0,0,多换,B,2457.0000,0.0000,0.0000,0.0000,0.0000,2472.0000,0.0000,0.0000,0.0000,0.0000,1,0,0,0,0,1,0,0,0,0
zc,WS211,2012-06-05 10:30:14.943,2464.0000,244,0,0.0000,0.0000,0,0,多换,B,2458.0000,0.0000,0.0000,0.0000,0.0000,2473.0000,0.0000,0.0000,0.0000,0.0000,1,0,0,0,0,1,0,0,0,0
zc,WS211,2012-06-05 10:30:16.133,2464.0000,244,0,0.0000,0.0000,0,0,多换,B,2459.0000,0.0000,0.0000,0.0000,0.0000,2474.0000,0.0000,0.0000,0.0000,0.0000,1,0,0,0,0,1,0,0,0,0
zc,WS211,2012-06-05 10:30:17.227,2464.0000,244,0,0.0000,0.0000,0,0,多换,B,2459.0000,0.0000,0.0000,0.0000,0.0000,2475.0000,0.0000,0.0000,0.0000,0.0000,1,0,0,0,0,10,0,0,0,0
zc,WS211,2012-06-05 10:30:18.930,2464.0000,244,0,0.0000,0.0000,0,0,多换,B,2460.0000,0.0000,0.0000,0.0000,0.0000,2475.0000,0.0000,0.0000,0.0000,0.0000,1,0,0,0,0,1,0,0,0,0
zc,WS211,2012-06-05 10:30:20.943,2464.0000,244,0,0.0000,0.0000,0,0,多换,B,2460.0000,0.0000,0.0000,0.0000,0.0000,2476.0000,0.0000,0.0000,0.0000,0.0000,2,0,0,0,0,10,0,0,0,0
zc,WS211,2012-06-05 10:30:21.977,2464.0000,244,0,0.0000,0.0000,0,0,多换,B,2461.0000,0.0000,0.0000,0.0000,0.0000,2476.0000,0.0000,0.0000,0.0000,0.0000,1,0,0,0,0,1,0,0,0,0
zc,WS211,2012-06-05 10:30:23.930,2464.0000,244,0,0.0000,0.0000,0,0,多换,B,2462.0000,0.0000,0.0000,0.0000,0.0000,2477.0000,0.0000,0.0000,0.0000,0.0000,1,0,0,0,0,1,0,0,0,0
zc,WS211,2012-06-05 10:30:25.633,2464.0000,244,0,0.0000,0.0000,0,0,多换,B,2462.0000,0.0000,0.0000,0.0000,0.0000,2478.0000,0.0000,0.0000,0.0000,0.0000,1,0,0,0,0,10,0,0,0,0
zc,WS211,2012-06-05 10:30:26.430,2464.0000,244,0,0.0000,0.0000,0,0,多换,B,2463.0000,0.0000,0.0000,0.0000,0.0000,2478.0000,0.0000,0.0000,0.0000,0.0000,1,0,0,0,0,1,0,0,0,0
zc,WS211,2012-06-05 10:30:27.477,2464.0000,244,0,0.0000,0.0000,0,0,多换,B,2463.0000,0.0000,0.0000,0.0000,0.0000,2479.0000,0.0000,0.0000,0.0000,0.0000,1,0,0,0,0,10,0,0,0,0
zc,WS211,2012-06-05 10:30:29.710,2464.0000,244,0,0.0000,0.0000,0,0,多换,B,2463.0000,0.0000,0.0000,0.0000,0.0000,2479.0000,0.0000,0.0000,0.0000,0.0000,2,0,0,0,0,10,0,0,0,0
zc,WS211,2012-06-05 10:30:30.397,2464.0000,244,0,0.0000,0.0000,0,0,多换,B,2463.0000,0.0000,0.0000,0.0000,0.0000,2478.0000,0.0000,0.0000,0.0000,0.0000,1,0,0,0,0,1,0,0,0,0
zc,WS211,2012-06-05 10:30:30.943,2464.0000,244,0,0.0000,0.0000,0,0,多换,B,2462.0000,0.0000,0.0000,0.0000,0.0000,2478.0000,0.0000,0.0000,0.0000,0.0000,2,0,0,0,0,10,0,0,0,0
zc,WS211,2012-06-05 10:30:33.977,2464.0000,244,0,0.0000,0.0000,0,0,多换,B,2462.0000,0.0000,0.0000,0.0000,0.0000,2477.0000,0.0000,0.0000,0.0000,0.0000,1,0,0,0,0,1,0,0,0,0
zc,WS211,2012-06-05 10:30:34.977,2464.0000,244,0,0.0000,0.0000,0,0,多换,B,2462.0000,0.0000,0.0000,0.0000,0.0000,2478.0000,0.0000,0.0000,0.0000,0.0000,2,0,0,0,0,10,0,0,0,0
zc,WS211,2012-06-05 10:30:37.163,2464.0000,244,0,0.0000,0.0000,0,0,多换,B,2462.0000,0.0000,0.0000,0.0000,0.0000,2477.0000,0.0000,0.0000,0.0000,0.0000,1,0,0,0,0,1,0,0,0,0
zc,WS211,2012-06-05 10:30:40.930,2464.0000,244,0,0.0000,0.0000,0,0,多换,B,2462.0000,0.0000,0.0000,0.0000,0.0000,2478.0000,0.0000,0.0000,0.0000,0.0000,2,0,0,0,0,10,0,0,0,0
zc,WS211,2012-06-05 10:30:41.443,2464.0000,244,0,0.0000,0.0000,0,0,多换,B,2462.0000,0.0000,0.0000,0.0000,0.0000,2478.0000,0.0000,0.0000,0.0000,0.0000,2,0,0,0,0,1,0,0,0,0
zc,WS211,2012-06-05 10:30:41.897,2464.0000,244,0,0.0000,0.0000,0,0,多换,B,2463.0000,0.0000,0.0000,0.0000,0.0000,2478.0000,0.0000,0.0000,0.0000,0.0000,1,0,0,0,0,1,0,0,0,0
