市场代码,合约代码,时间,最新,持仓,增仓,成交额,成交量,开仓,平仓,成交类型,方向,买一价,买二价,买三价,买四价,买五价,卖一价,卖二价,卖三价,卖四价,卖五价,买一量,买二量,买三量,买四量,买五量,卖一量,卖二量,卖三量,卖四量,卖五量
zc,WS301,2012-06-05 07:57:24.180,0.0000,243976,0,0.0000,0.0000,0,0,空换,S,0.0000,0.0000,0.0000,0.0000,0.0000,0.0000,0.0000,0.0000,0.0000,0.0000,0,0,0,0,0,0,0,0,0,0
zc,WS301,2012-06-05 08:08:24.163,0.0000,243976,0,0.0000,0.0000,0,0,空换,S,0.0000,0.0000,0.0000,0.0000,0.0000,0.0000,0.0000,0.0000,0.0000,0.0000,0,0,0,0,0,0,0,0,0,0
zc,WS301,2012-06-05 08:43:25.740,0.0000,243976,0,0.0000,0.0000,0,0,空换,S,0.0000,0.0000,0.0000,0.0000,0.0000,0.0000,0.0000,0.0000,0.0000,0.0000,0,0,0,0,0,0,0,0,0,0
zc,WS301,2012-06-05 08:51:25.727,0.0000,243976,0,0.0000,0.0000,0,0,空换,S,0.0000,0.0000,0.0000,0.0000,0.0000,0.0000,0.0000,0.0000,0.0000,0.0000,0,0,0,0,0,0,0,0,0,0
zc,WS301,2012-06-05 08:52:25.727,0.0000,243976,0,0.0000,0.0000,0,0,空换,S,0.0000,0.0000,0.0000,0.0000,0.0000,0.0000,0.0000,0.0000,0.0000,0.0000,0,0,0,0,0,0,0,0,0,0
zc,WS301,2012-06-05 08:54:25.727,0.0000,243976,0,0.0000,0.0000,0,0,空换,S,0.0000,0.0000,0.0000,0.0000,0.0000,0.0000,0.0000,0.0000,0.0000,0.0000,0,0,0,0,0,0,0,0,0,0
zc,WS301,2012-06-05 08:55:02.740,0.0000,243976,0,0.0000,0.0000,0,0,空换,S,0.0000,0.0000,0.0000,0.0000,0.0000,0.0000,0.0000,0.0000,0.0000,0.0000,0,0,0,0,0,0,0,0,0,0
zc,WS301,2012-06-05 08:55:25.727,0.0000,243976,0,0.0000,0.0000,0,0,空换,S,0.0000,0.0000,0.0000,0.0000,0.0000,0.0000,0.0000,0.0000,0.0000,0.0000,0,0,0,0,0,0,0,0,0,0
zc,WS301,2012-06-05 08:56:43.210,0.0000,243976,0,0.0000,0.0000,0,0,空换,S,0.0000,0.0000,0.0000,0.0000,0.0000,0.0000,0.0000,0.0000,0.0000,0.0000,0,0,0,0,0,0,0,0,0,0
zc,WS301,2012-06-05 08:56:48.710,0.0000,243976,0,0.0000,0.0000,0,0,空换,S,0.0000,0.0000,0.0000,0.0000,0.0000,0.0000,0.0000,0.0000,0.0000,0.0000,0,0,0,0,0,0,0,0,0,0
zc,WS301,2012-06-05 08:57:07.710,0.0000,243976,0,0.0000,0.0000,0,0,空换,S,0.0000,0.0000,0.0000,0.0000,0.0000,0.0000,0.0000,0.0000,0.0000,0.0000,0,0,0,0,0,0,0,0,0,0
zc,WS301,2012-06-05 08:57:38.960,0.0000,243976,0,0.0000,0.0000,0,0,空换,S,0.0000,0.0000,0.0000,0.0000,0.0000,0.0000,0.0000,0.0000,0.0000,0.0000,0,0,0,0,0,0,0,0,0,0
zc,WS301,2012-06-05 08:57:39.210,0.0000,243976,0,0.0000,0.0000,0,0,空换,S,0.0000,0.0000,0.0000,0.0000,0.0000,0.0000,0.0000,0.0000,0.0000,0.0000,0,0,0,0,0,0,0,0,0,0
zc,WS301,2012-06-05 08:58:01.460,0.0000,243976,0,0.0000,0.0000,0,0,空换,S,0.0000,0.0000,0.0000,0.0000,0.0000,0.0000,0.0000,0.0000,0.0000,0.0000,0,0,0,0,0,0,0,0,0,0
zc,WS301,2012-06-05 08:58:26.210,0.0000,243976,0,0.0000,0.0000,0,0,空换,S,0.0000,0.0000,0.0000,0.0000,0.0000,0.0000,0.0000,0.0000,0.0000,0.0000,0,0,0,0,0,0,0,0,0,0
zc,WS301,2012-06-05 09:00:02.727,2473.0000,246452,2476,0.0000,2850.0000,2663,187,多开,B,2472.0000,0.0000,0.0000,0.0000,0.0000,2473.0000,0.0000,0.0000,0.0000,0.0000,8,0,0,0,0,37,0,0,0,0
zc,WS301,2012-06-05 09:00:05.477,2474.0000,246590,138,0.0000,278.0000,208,70,多开,B,2473.0000,0.0000,0.0000,0.0000,0.0000,2474.0000,0.0000,0.0000,0.0000,0.0000,1,0,0,0,0,60,0,0,0,0
zc,WS301,2012-06-05 09:00:06.180,2474.0000,246566,-24,0.0000,82.0000,29,53,空平,B,2473.0000,0.0000,0.0000,0.0000,0.0000,2474.0000,0.0000,0.0000,0.0000,0.0000,7,0,0,0,0,30,0,0,0,0
zc,WS301,2012-06-05 09:00:06.943,2474.0000,246574,8,0.0000,76.0000,42,34,多开,B,2474.0000,0.0000,0.0000,0.0000,0.0000,2475.0000,0.0000,0.0000,0.0000,0.0000,80,0,0,0,0,44,0,0,0,0
zc,WS301,2012-06-05 09:00:07.413,2475.0000,246722,148,0.0000,240.0000,194,46,多开,B,2475.0000,0.0000,0.0000,0.0000,0.0000,2476.0000,0.0000,0.0000,0.0000,0.0000,33,0,0,0,0,11,0,0,0,0
zc,WS301,2012-06-05 09:00:08.100,2477.0000,246720,-2,0.0000,92.0000,45,47,空平,B,2474.0000,0.0000,0.0000,0.0000,0.0000,2475.0000,0.0000,0.0000,0.0000,0.0000,61,0,0,0,0,2,0,0,0,0
zc,WS301,2012-06-05 09:00:08.617,2475.0000,246726,6,0.0000,10.0000,8,2,空开,S,2474.0000,0.0000,0.0000,0.0000,0.0000,2475.0000,0.0000,0.0000,0.0000,0.0000,62,0,0,0,0,1,0,0,0,0
zc,WS301,2012-06-05 09:00:09.413,2477.0000,246732,6,0.0000,88.0000,47,41,多开,B,2476.0000,0.0000,0.0000,0.0000,0.0000,2477.0000,0.0000,0.0000,0.0000,0.0000,2,0,0,0,0,77,0,0,0,0
zc,WS301,2012-06-05 09:00:09.960,2475.0000,246740,8,0.0000,94.0000,51,43,空开,S,2475.0000,0.0000,0.0000,0.0000,0.0000,2477.0000,0.0000,0.0000,0.0000,0.0000,36,0,0,0,0,73,0,0,0,0
zc,WS301,2012-06-05 09:00:10.693,2479.0000,246908,168,0.0000,372.0000,270,102,多开,B,2479.0000,0.0000,0.0000,0.0000,0.0000,2480.0000,0.0000,0.0000,0.0000,0.0000,321,0,0,0,0,28,0,0,0,0
zc,WS301,2012-06-05 09:00:11.430,2479.0000,246884,-24,0.0000,84.0000,30,54,空平,B,2479.0000,0.0000,0.0000,0.0000,0.0000,2480.0000,0.0000,0.0000,0.0000,0.0000,350,0,0,0,0,15,0,0,0,0
zc,WS301,2012-06-05 09:00:12.193,2479.0000,246854,-30,0.0000,166.0000,68,98,空平,B,2480.0000,0.0000,0.0000,0.0000,0.0000,2481.0000,0.0000,0.0000,0.0000,0.0000,14,0,0,0,0,112,0,0,0,0
zc,WS301,2012-06-05 09:00:12.633,2480.0000,246832,-22,0.0000,34.0000,6,28,空平,B,2479.0000,0.0000,0.0000,0.0000,0.0000,2480.0000,0.0000,0.0000,0.0000,0.0000,308,0,0,0,0,104,0,0,0,0
zc,WS301,2012-06-05 09:00:13.413,2480.0000,246830,-2,0.0000,166.0000,82,84,空平,B,2479.0000,0.0000,0.0000,0.0000,0.0000,2480.0000,0.0000,0.0000,0.0000,0.0000,257,0,0,0,0,26,0,0,0,0
zc,WS301,2012-06-05 09:00:13.913,2481.0000,246858,28,0.0000,200.0000,114,86,多开,B,2479.0000,0.0000,0.0000,0.0000,0.0000,2481.0000,0.0000,0.0000,0.0000,0.0000,247,0,0,0,0,45,0,0,0,0
zc,WS301,2012-06-05 09:00:14.430,2481.0000,246846,-12,0.0000,18.0000,3,15,空平,B,2479.0000,0.0000,0.0000,0.0000,0.0000,2480.0000,0.0000,0.0000,0.0000,0.0000,251,0,0,0,0,3,0,0,0,0
zc,WS301,2012-06-05 09:00:15.147,2481.0000,246834,-12,0.0000,106.0000,47,59,空平,B,2481.0000,0.0000,0.0000,0.0000,0.0000,2482.0000,0.0000,0.0000,0.0000,0.0000,11,0,0,0,0,248,0,0,0,0
zc,WS301,2012-06-05 09:00:15.897,2479.0000,246872,38,0.0000,68.0000,53,15,空开,S,2479.0000,0.0000,0.0000,0.0000,0.0000,2481.0000,0.0000,0.0000,0.0000,0.0000,234,0,0,0,0,30,0,0,0,0
zc,WS301,2012-06-05 09:00:16.633,2481.0000,246848,-24,0.0000,36.0000,6,30,空平,B,2480.0000,0.0000,0.0000,0.0000,0.0000,2481.0000,0.0000,0.0000,0.0000,0.0000,31,0,0,0,0,51,0,0,0,0
zc,WS301,2012-06-05 09:00:17.087,2481.0000,246856,8,0.0000,64.0000,36,28,多开,B,2480.0000,0.0000,0.0000,0.0000,0.0000,2481.0000,0.0000,0.0000,0.0000,0.0000,32,0,0,0,0,72,0,0,0,0
zc,WS301,2012-06-05 09:00:17.913,2480.0000,246862,6,0.0000,42.0000,24,18,空开,S,2480.0000,0.0000,0.0000,0.0000,0.0000,2481.0000,0.0000,0.0000,0.0000,0.0000,24,0,0,0,0,120,0,0,0,0
zc,WS301,2012-06-05 09:00:18.367,2481.0000,246864,2,0.0000,12.0000,7,5,多开,B,2480.0000,0.0000,0.0000,0.0000,0.0000,2481.0000,0.0000,0.0000,0.0000,0.0000,23,0,0,0,0,123,0,0,0,0
zc,WS301,2012-06-05 09:00:19.163,2482.0000,247084,220,0.0000,386.0000,303,83,多开,B,2480.0000,0.0000,0.0000,0.0000,0.0000,2482.0000,0.0000,0.0000,0.0000,0.0000,11,0,0,0,0,208,0,0,0,0
zc,WS301,2012-06-05 09:00:20.430,2481.0000,247070,-14,0.0000,60.0000,23,37,多平,S,2481.0000,0.0000,0.0000,0.0000,0.0000,2482.0000,0.0000,0.0000,0.0000,0.0000,20,0,0,0,0,199,0,0,0,0
zc,WS301,2012-06-05 09:00:21.163,2481.0000,247086,16,0.0000,122.0000,69,53,空开,S,2481.0000,0.0000,0.0000,0.0000,0.0000,2482.0000,0.0000,0.0000,0.0000,0.0000,98,0,0,0,0,190,0,0,0,0
zc,WS301,2012-06-05 09:00:21.930,2482.0000,247058,-28,0.0000,120.0000,46,74,空平,B,2481.0000,0.0000,0.0000,0.0000,0.0000,2482.0000,0.0000,0.0000,0.0000,0.0000,69,0,0,0,0,155,0,0,0,0
zc,WS301,2012-06-05 09:00:22.633,2482.0000,247210,152,0.0000,424.0000,288,136,多开,B,2482.0000,0.0000,0.0000,0.0000,0.0000,2483.0000,0.0000,0.0000,0.0000,0.0000,59,0,0,0,0,38,0,0,0,0
zc,WS301,2012-06-05 09:00:23.070,2482.0000,247216,6,0.0000,26.0000,16,10,多开,B,2482.0000,0.0000,0.0000,0.0000,0.0000,2483.0000,0.0000,0.0000,0.0000,0.0000,47,0,0,0,0,35,0,0,0,0
zc,WS301,2012-06-05 09:00:23.897,2482.0000,247224,8,0.0000,22.0000,15,7,多开,B,2482.0000,0.0000,0.0000,0.0000,0.0000,2483.0000,0.0000,0.0000,0.0000,0.0000,45,0,0,0,0,28,0,0,0,0
zc,WS301,2012-06-05 09:00:24.663,2481.0000,247204,-20,0.0000,178.0000,79,99,多平,S,2482.0000,0.0000,0.0000,0.0000,0.0000,2483.0000,0.0000,0.0000,0.0000,0.0000,100,0,0,0,0,10,0,0,0,0
zc,WS301,2012-06-05 09:00:25.413,2483.0000,247212,8,0.0000,184.0000,96,88,多开,B,2483.0000,0.0000,0.0000,0.0000,0.0000,2484.0000,0.0000,0.0000,0.0000,0.0000,2,0,0,0,0,135,0,0,0,0
zc,WS301,2012-06-05 09:00:25.943,2481.0000,247232,20,0.0000,80.0000,50,30,空开,S,2481.0000,0.0000,0.0000,0.0000,0.0000,2482.0000,0.0000,0.0000,0.0000,0.0000,17,0,0,0,0,25,0,0,0,0
zc,WS301,2012-06-05 09:00:26.883,2482.0000,247232,0,0.0000,8.0000,4,4,多换,B,2481.0000,0.0000,0.0000,0.0000,0.0000,2482.0000,0.0000,0.0000,0.0000,0.0000,17,0,0,0,0,22,0,0,0,0
zc,WS301,2012-06-05 09:00:27.070,2480.0000,247228,-4,0.0000,38.0000,17,21,多平,S,2480.0000,0.0000,0.0000,0.0000,0.0000,2481.0000,0.0000,0.0000,0.0000,0.0000,65,0,0,0,0,23,0,0,0,0
zc,WS301,2012-06-05 09:00:27.897,2481.0000,247228,0,0.0000,20.0000,10,10,多换,B,2480.0000,0.0000,0.0000,0.0000,0.0000,2481.0000,0.0000,0.0000,0.0000,0.0000,70,0,0,0,0,13,0,0,0,0
zc,WS301,2012-06-05 09:00:28.633,2481.0000,247162,-66,0.0000,66.0000,0,66,双平,B,2481.0000,0.0000,0.0000,0.0000,0.0000,2482.0000,0.0000,0.0000,0.0000,0.0000,18,0,0,0,0,89,0,0,0,0
zc,WS301,2012-06-05 09:00:29.163,2481.0000,247132,-30,0.0000,30.0000,0,30,双平,B,2481.0000,0.0000,0.0000,0.0000,0.0000,2482.0000,0.0000,0.0000,0.0000,0.0000,25,0,0,0,0,89,0,0,0,0
zc,WS301,2012-06-05 09:00:29.837,2481.0000,247130,-2,0.0000,32.0000,15,17,空平,B,2481.0000,0.0000,0.0000,0.0000,0.0000,2482.0000,0.0000,0.0000,0.0000,0.0000,11,0,0,0,0,89,0,0,0,0
zc,WS301,2012-06-05 09:00:30.383,2480.0000,247128,-2,0.0000,36.0000,17,19,多平,S,2480.0000,0.0000,0.0000,0.0000,0.0000,2482.0000,0.0000,0.0000,0.0000,0.0000,67,0,0,0,0,89,0,0,0,0
zc,WS301,2012-06-05 09:00:30.850,2481.0000,247198,70,0.0000,134.0000,102,32,多开,B,2480.0000,0.0000,0.0000,0.0000,0.0000,2481.0000,0.0000,0.0000,0.0000,0.0000,62,0,0,0,0,121,0,0,0,0
zc,WS301,2012-06-05 09:00:31.867,2480.0000,247182,-16,0.0000,32.0000,8,24,多平,S,2480.0000,0.0000,0.0000,0.0000,0.0000,2481.0000,0.0000,0.0000,0.0000,0.0000,52,0,0,0,0,120,0,0,0,0
zc,WS301,2012-06-05 09:00:32.397,2481.0000,247192,10,0.0000,18.0000,14,4,多开,B,2480.0000,0.0000,0.0000,0.0000,0.0000,2481.0000,0.0000,0.0000,0.0000,0.0000,52,0,0,0,0,121,0,0,0,0
zc,WS301,2012-06-05 09:00:33.163,2480.0000,247288,96,0.0000,136.0000,116,20,空开,S,2479.0000,0.0000,0.0000,0.0000,0.0000,2480.0000,0.0000,0.0000,0.0000,0.0000,249,0,0,0,0,59,0,0,0,0
zc,WS301,2012-06-05 09:00:33.587,2480.0000,247304,16,0.0000,16.0000,16,0,双开,S,2479.0000,0.0000,0.0000,0.0000,0.0000,2480.0000,0.0000,0.0000,0.0000,0.0000,252,0,0,0,0,53,0,0,0,0
zc,WS301,2012-06-05 09:00:34.350,2480.0000,247312,8,0.0000,8.0000,8,0,双开,S,2479.0000,0.0000,0.0000,0.0000,0.0000,2480.0000,0.0000,0.0000,0.0000,0.0000,256,0,0,0,0,52,0,0,0,0
zc,WS301,2012-06-05 09:00:34.867,2480.0000,247324,12,0.0000,12.0000,12,0,双开,S,2479.0000,0.0000,0.0000,0.0000,0.0000,2480.0000,0.0000,0.0000,0.0000,0.0000,250,0,0,0,0,46,0,0,0,0
zc,WS301,2012-06-05 09:00:35.633,2479.0000,247364,40,0.0000,56.0000,48,8,空开,S,2479.0000,0.0000,0.0000,0.0000,0.0000,2480.0000,0.0000,0.0000,0.0000,0.0000,242,0,0,0,0,27,0,0,0,0
zc,WS301,2012-06-05 09:00:36.133,2480.0000,247368,4,0.0000,6.0000,5,1,多开,B,2479.0000,0.0000,0.0000,0.0000,0.0000,2480.0000,0.0000,0.0000,0.0000,0.0000,240,0,0,0,0,25,0,0,0,0
zc,WS301,2012-06-05 09:00:37.133,2480.0000,247372,4,0.0000,6.0000,5,1,多开,B,2479.0000,0.0000,0.0000,0.0000,0.0000,2480.0000,0.0000,0.0000,0.0000,0.0000,241,0,0,0,0,32,0,0,0,0
zc,WS301,2012-06-05 09:00:37.663,2479.0000,247372,0,0.0000,50.0000,25,25,空换,S,2479.0000,0.0000,0.0000,0.0000,0.0000,2480.0000,0.0000,0.0000,0.0000,0.0000,245,0,0,0,0,17,0,0,0,0
zc,WS301,2012-06-05 09:00:38.383,2480.0000,247338,-34,0.0000,46.0000,6,40,空平,B,2479.0000,0.0000,0.0000,0.0000,0.0000,2480.0000,0.0000,0.0000,0.0000,0.0000,246,0,0,0,0,1,0,0,0,0
zc,WS301,2012-06-05 09:00:38.867,2479.0000,247344,6,0.0000,12.0000,9,3,空开,S,2480.0000,0.0000,0.0000,0.0000,0.0000,2481.0000,0.0000,0.0000,0.0000,0.0000,59,0,0,0,0,74,0,0,0,0
zc,WS301,2012-06-05 09:00:39.867,2481.0000,247342,-2,0.0000,30.0000,14,16,空平,B,2480.0000,0.0000,0.0000,0.0000,0.0000,2481.0000,0.0000,0.0000,0.0000,0.0000,51,0,0,0,0,70,0,0,0,0
zc,WS301,2012-06-05 09:00:40.397,2480.0000,247342,0,0.0000,4.0000,2,2,空换,S,2480.0000,0.0000,0.0000,0.0000,0.0000,2481.0000,0.0000,0.0000,0.0000,0.0000,73,0,0,0,0,69,0,0,0,0
zc,WS301,2012-06-05 09:00:40.883,2480.0000,247342,0,0.0000,0.0000,0,0,空换,S,2480.0000,0.0000,0.0000,0.0000,0.0000,2481.0000,0.0000,0.0000,0.0000,0.0000,75,0,0,0,0,69,0,0,0,0
zc,WS301,2012-06-05 09:00:41.647,2480.0000,247202,-140,0.0000,190.0000,25,165,多平,S,2479.0000,0.0000,0.0000,0.0000,0.0000,2480.0000,0.0000,0.0000,0.0000,0.0000,221,0,0,0,0,18,0,0,0,0
zc,WS301,2012-06-05 09:00:42.337,2480.0000,247190,-12,0.0000,30.0000,9,21,多平,S,2479.0000,0.0000,0.0000,0.0000,0.0000,2480.0000,0.0000,0.0000,0.0000,0.0000,221,0,0,0,0,4,0,0,0,0
zc,WS301,2012-06-05 09:00:42.897,2480.0000,247190,0,0.0000,0.0000,0,0,空换,S,2479.0000,0.0000,0.0000,0.0000,0.0000,2480.0000,0.0000,0.0000,0.0000,0.0000,221,0,0,0,0,13,0,0,0,0
zc,WS301,2012-06-05 09:00:43.663,2480.0000,247198,8,0.0000,10.0000,9,1,空开,S,2479.0000,0.0000,0.0000,0.0000,0.0000,2480.0000,0.0000,0.0000,0.0000,0.0000,228,0,0,0,0,38,0,0,0,0
zc,WS301,2012-06-05 09:00:44.100,2480.0000,247196,-2,0.0000,14.0000,6,8,多平,S,2479.0000,0.0000,0.0000,0.0000,0.0000,2480.0000,0.0000,0.0000,0.0000,0.0000,227,0,0,0,0,33,0,0,0,0
zc,WS301,2012-06-05 09:00:44.867,2479.0000,247124,-72,0.0000,88.0000,8,80,多平,S,2479.0000,0.0000,0.0000,0.0000,0.0000,2481.0000,0.0000,0.0000,0.0000,0.0000,226,0,0,0,0,83,0,0,0,0
zc,WS301,2012-06-05 09:00:45.367,2480.0000,247186,62,0.0000,78.0000,70,8,多开,B,2480.0000,0.0000,0.0000,0.0000,0.0000,2481.0000,0.0000,0.0000,0.0000,0.0000,42,0,0,0,0,56,0,0,0,0
zc,WS301,2012-06-05 09:00:46.397,2480.0000,247186,0,0.0000,6.0000,3,3,多换,B,2480.0000,0.0000,0.0000,0.0000,0.0000,2481.0000,0.0000,0.0000,0.0000,0.0000,104,0,0,0,0,58,0,0,0,0
zc,WS301,2012-06-05 09:00:46.850,2480.0000,247186,0,0.0000,126.0000,63,63,多换,B,2480.0000,0.0000,0.0000,0.0000,0.0000,2481.0000,0.0000,0.0000,0.0000,0.0000,41,0,0,0,0,59,0,0,0,0
zc,WS301,2012-06-05 09:00:47.553,2480.0000,247186,0,0.0000,72.0000,36,36,多换,B,2480.0000,0.0000,0.0000,0.0000,0.0000,2481.0000,0.0000,0.0000,0.0000,0.0000,66,0,0,0,0,61,0,0,0,0
zc,WS301,2012-06-05 09:00:48.070,2481.0000,247188,2,0.0000,2.0000,2,0,双开,B,2480.0000,0.0000,0.0000,0.0000,0.0000,2481.0000,0.0000,0.0000,0.0000,0.0000,73,0,0,0,0,61,0,0,0,0
zc,WS301,2012-06-05 09:00:48.803,2480.0000,247208,20,0.0000,126.0000,73,53,空开,S,2480.0000,0.0000,0.0000,0.0000,0.0000,2481.0000,0.0000,0.0000,0.0000,0.0000,31,0,0,0,0,56,0,0,0,0
zc,WS301,2012-06-05 09:00:49.587,2480.0000,247198,-10,0.0000,70.0000,30,40,多平,S,2479.0000,0.0000,0.0000,0.0000,0.0000,2480.0000,0.0000,0.0000,0.0000,0.0000,238,0,0,0,0,155,0,0,0,0
zc,WS301,2012-06-05 09:00:50.600,2480.0000,247194,-4,0.0000,8.0000,2,6,多平,S,2479.0000,0.0000,0.0000,0.0000,0.0000,2480.0000,0.0000,0.0000,0.0000,0.0000,238,0,0,0,0,154,0,0,0,0
zc,WS301,2012-06-05 09:00:51.147,2480.0000,247194,0,0.0000,28.0000,14,14,空换,S,2479.0000,0.0000,0.0000,0.0000,0.0000,2480.0000,0.0000,0.0000,0.0000,0.0000,235,0,0,0,0,144,0,0,0,0
zc,WS301,2012-06-05 09:00:51.837,2479.0000,247194,0,0.0000,22.0000,11,11,空换,S,2479.0000,0.0000,0.0000,0.0000,0.0000,2480.0000,0.0000,0.0000,0.0000,0.0000,235,0,0,0,0,134,0,0,0,0
zc,WS301,2012-06-05 09:00:52.070,2480.0000,247194,0,0.0000,22.0000,11,11,多换,B,2479.0000,0.0000,0.0000,0.0000,0.0000,2480.0000,0.0000,0.0000,0.0000,0.0000,235,0,0,0,0,123,0,0,0,0
zc,WS301,2012-06-05 09:00:53.100,2479.0000,247194,0,0.0000,12.0000,6,6,空换,S,2479.0000,0.0000,0.0000,0.0000,0.0000,2480.0000,0.0000,0.0000,0.0000,0.0000,230,0,0,0,0,152,0,0,0,0
zc,WS301,2012-06-05 09:00:53.570,2479.0000,247194,0,0.0000,30.0000,15,15,空换,S,2479.0000,0.0000,0.0000,0.0000,0.0000,2480.0000,0.0000,0.0000,0.0000,0.0000,225,0,0,0,0,145,0,0,0,0
zc,WS301,2012-06-05 09:00:54.023,2480.0000,247194,0,0.0000,14.0000,7,7,多换,B,2479.0000,0.0000,0.0000,0.0000,0.0000,2480.0000,0.0000,0.0000,0.0000,0.0000,224,0,0,0,0,140,0,0,0,0
zc,WS301,2012-06-05 09:00:54.867,2480.0000,247192,-2,0.0000,2.0000,0,2,双平,B,2479.0000,0.0000,0.0000,0.0000,0.0000,2480.0000,0.0000,0.0000,0.0000,0.0000,230,0,0,0,0,144,0,0,0,0
zc,WS301,2012-06-05 09:00:55.553,2479.0000,247192,0,0.0000,4.0000,2,2,空换,S,2479.0000,0.0000,0.0000,0.0000,0.0000,2480.0000,0.0000,0.0000,0.0000,0.0000,229,0,0,0,0,143,0,0,0,0
zc,WS301,2012-06-05 09:00:56.070,2479.0000,247192,0,0.0000,8.0000,4,4,空换,S,2479.0000,0.0000,0.0000,0.0000,0.0000,2480.0000,0.0000,0.0000,0.0000,0.0000,217,0,0,0,0,213,0,0,0,0
zc,WS301,2012-06-05 09:00:56.850,2479.0000,247478,286,0.0000,430.0000,358,72,空开,S,2478.0000,0.0000,0.0000,0.0000,0.0000,2479.0000,0.0000,0.0000,0.0000,0.0000,17,0,0,0,0,141,0,0,0,0
zc,WS301,2012-06-05 09:00:57.397,2479.0000,247474,-4,0.0000,34.0000,15,19,多平,S,2478.0000,0.0000,0.0000,0.0000,0.0000,2479.0000,0.0000,0.0000,0.0000,0.0000,4,0,0,0,0,140,0,0,0,0
zc,WS301,2012-06-05 09:00:58.397,2478.0000,247594,120,0.0000,648.0000,384,264,空开,S,2477.0000,0.0000,0.0000,0.0000,0.0000,2478.0000,0.0000,0.0000,0.0000,0.0000,23,0,0,0,0,38,0,0,0,0
zc,WS301,2012-06-05 09:00:58.883,2478.0000,247588,-6,0.0000,16.0000,5,11,多平,S,2477.0000,0.0000,0.0000,0.0000,0.0000,2478.0000,0.0000,0.0000,0.0000,0.0000,23,0,0,0,0,30,0,0,0,0
zc,WS301,2012-06-05 09:00:59.633,2478.0000,247584,-4,0.0000,14.0000,5,9,多平,S,2477.0000,0.0000,0.0000,0.0000,0.0000,2478.0000,0.0000,0.0000,0.0000,0.0000,28,0,0,0,0,75,0,0,0,0
zc,WS301,2012-06-05 09:01:00.087,2478.0000,247596,12,0.0000,14.0000,13,1,空开,S,2477.0000,0.0000,0.0000,0.0000,0.0000,2478.0000,0.0000,0.0000,0.0000,0.0000,22,0,0,0,0,75,0,0,0,0
zc,WS301,2012-06-05 09:01:00.820,2477.0000,247598,2,0.0000,6.0000,4,2,空开,S,2477.0000,0.0000,0.0000,0.0000,0.0000,2478.0000,0.0000,0.0000,0.0000,0.0000,32,0,0,0,0,73,0,0,0,0
zc,WS301,2012-06-05 09:01:01.337,2477.0000,247606,8,0.0000,14.0000,11,3,空开,S,2477.0000,0.0000,0.0000,0.0000,0.0000,2478.0000,0.0000,0.0000,0.0000,0.0000,33,0,0,0,0,91,0,0,0,0
zc,WS301,2012-06-05 09:01:02.100,2477.0000,247622,16,0.0000,48.0000,32,16,空开,S,2477.0000,0.0000,0.0000,0.0000,0.0000,2478.0000,0.0000,0.0000,0.0000,0.0000,10,0,0,0,0,77,0,0,0,0
zc,WS301,2012-06-05 09:01:02.837,2475.0000,247616,-6,0.0000,58.0000,26,32,多平,S,2475.0000,0.0000,0.0000,0.0000,0.0000,2477.0000,0.0000,0.0000,0.0000,0.0000,94,0,0,0,0,1,0,0,0,0
zc,WS301,2012-06-05 09:01:03.600,2478.0000,247632,16,0.0000,24.0000,20,4,多开,B,2475.0000,0.0000,0.0000,0.0000,0.0000,2478.0000,0.0000,0.0000,0.0000,0.0000,94,0,0,0,0,68,0,0,0,0
zc,WS301,2012-06-05 09:01:03.837,2477.0000,247634,2,0.0000,10.0000,6,4,空开,S,2475.0000,0.0000,0.0000,0.0000,0.0000,2478.0000,0.0000,0.0000,0.0000,0.0000,100,0,0,0,0,69,0,0,0,0
zc,WS301,2012-06-05 09:01:04.570,2478.0000,247636,2,0.0000,4.0000,3,1,多开,B,2477.0000,0.0000,0.0000,0.0000,0.0000,2478.0000,0.0000,0.0000,0.0000,0.0000,1,0,0,0,0,68,0,0,0,0
zc,WS301,2012-06-05 09:01:05.133,2476.0000,247636,0,0.0000,12.0000,6,6,空换,S,2476.0000,0.0000,0.0000,0.0000,0.0000,2478.0000,0.0000,0.0000,0.0000,0.0000,91,0,0,0,0,64,0,0,0,0
zc,WS301,2012-06-05 09:01:05.867,2477.0000,247636,0,0.0000,4.0000,2,2,多换,B,2476.0000,0.0000,0.0000,0.0000,0.0000,2477.0000,0.0000,0.0000,0.0000,0.0000,102,0,0,0,0,118,0,0,0,0
zc,WS301,2012-06-05 09:01:06.350,2477.0000,247636,0,0.0000,6.0000,3,3,多换,B,2476.0000,0.0000,0.0000,0.0000,0.0000,2477.0000,0.0000,0.0000,0.0000,0.0000,95,0,0,0,0,117,0,0,0,0
zc,WS301,2012-06-05 09:01:07.070,2477.0000,247636,0,0.0000,10.0000,5,5,多换,B,2476.0000,0.0000,0.0000,0.0000,0.0000,2477.0000,0.0000,0.0000,0.0000,0.0000,92,0,0,0,0,115,0,0,0,0
zc,WS301,2012-06-05 09:01:07.787,2477.0000,247634,-2,0.0000,6.0000,2,4,空平,B,2476.0000,0.0000,0.0000,0.0000,0.0000,2477.0000,0.0000,0.0000,0.0000,0.0000,85,0,0,0,0,118,0,0,0,0
zc,WS301,2012-06-05 09:01:08.350,2477.0000,247438,-196,0.0000,216.0000,10,206,空平,B,2476.0000,0.0000,0.0000,0.0000,0.0000,2477.0000,0.0000,0.0000,0.0000,0.0000,101,0,0,0,0,13,0,0,0,0
zc,WS301,2012-06-05 09:01:09.053,2477.0000,247440,2,0.0000,30.0000,16,14,多开,B,2477.0000,0.0000,0.0000,0.0000,0.0000,2478.0000,0.0000,0.0000,0.0000,0.0000,83,0,0,0,0,16,0,0,0,0
zc,WS301,2012-06-05 09:01:09.600,2477.0000,247442,2,0.0000,2.0000,2,0,双开,B,2477.0000,0.0000,0.0000,0.0000,0.0000,2478.0000,0.0000,0.0000,0.0000,0.0000,83,0,0,0,0,11,0,0,0,0
zc,WS301,2012-06-05 09:01:10.320,2477.0000,247442,0,0.0000,8.0000,4,4,多换,B,2477.0000,0.0000,0.0000,0.0000,0.0000,2478.0000,0.0000,0.0000,0.0000,0.0000,79,0,0,0,0,11,0,0,0,0
zc,WS301,2012-06-05 09:01:10.787,2478.0000,247432,-10,0.0000,22.0000,6,16,空平,B,2477.0000,0.0000,0.0000,0.0000,0.0000,2478.0000,0.0000,0.0000,0.0000,0.0000,76,0,0,0,0,3,0,0,0,0
zc,WS301,2012-06-05 09:01:11.600,2477.0000,247432,0,0.0000,4.0000,2,2,空换,S,2477.0000,0.0000,0.0000,0.0000,0.0000,2478.0000,0.0000,0.0000,0.0000,0.0000,75,0,0,0,0,3,0,0,0,0
zc,WS301,2012-06-05 09:01:12.100,2477.0000,247432,0,0.0000,0.0000,0,0,空换,S,2477.0000,0.0000,0.0000,0.0000,0.0000,2478.0000,0.0000,0.0000,0.0000,0.0000,75,0,0,0,0,4,0,0,0,0
zc,WS301,2012-06-05 09:01:12.820,2477.0000,247430,-2,0.0000,108.0000,53,55,多平,S,2477.0000,0.0000,0.0000,0.0000,0.0000,2478.0000,0.0000,0.0000,0.0000,0.0000,24,0,0,0,0,1,0,0,0,0
zc,WS301,2012-06-05 09:01:13.337,2477.0000,247436,6,0.0000,12.0000,9,3,空开,S,2477.0000,0.0000,0.0000,0.0000,0.0000,2478.0000,0.0000,0.0000,0.0000,0.0000,122,0,0,0,0,1,0,0,0,0
zc,WS301,2012-06-05 09:01:14.117,2477.0000,247438,2,0.0000,4.0000,3,1,空开,S,2477.0000,0.0000,0.0000,0.0000,0.0000,2478.0000,0.0000,0.0000,0.0000,0.0000,121,0,0,0,0,2,0,0,0,0
zc,WS301,2012-06-05 09:01:14.600,2477.0000,247404,-34,0.0000,42.0000,4,38,多平,S,2477.0000,0.0000,0.0000,0.0000,0.0000,2479.0000,0.0000,0.0000,0.0000,0.0000,120,0,0,0,0,34,0,0,0,0
zc,WS301,2012-06-05 09:01:15.287,2477.0000,247166,-238,0.0000,280.0000,21,259,多平,S,2476.0000,0.0000,0.0000,0.0000,0.0000,2477.0000,0.0000,0.0000,0.0000,0.0000,136,0,0,0,0,1,0,0,0,0
zc,WS301,2012-06-05 09:01:15.787,2477.0000,247166,0,0.0000,0.0000,0,0,空换,S,2476.0000,0.0000,0.0000,0.0000,0.0000,2477.0000,0.0000,0.0000,0.0000,0.0000,141,0,0,0,0,1,0,0,0,0
zc,WS301,2012-06-05 09:01:16.553,2478.0000,247166,0,0.0000,4.0000,2,2,多换,B,2478.0000,0.0000,0.0000,0.0000,0.0000,2479.0000,0.0000,0.0000,0.0000,0.0000,3,0,0,0,0,33,0,0,0,0
zc,WS301,2012-06-05 09:01:17.100,2478.0000,247166,0,0.0000,8.0000,4,4,多换,B,2477.0000,0.0000,0.0000,0.0000,0.0000,2479.0000,0.0000,0.0000,0.0000,0.0000,157,0,0,0,0,33,0,0,0,0
zc,WS301,2012-06-05 09:01:17.773,2478.0000,247166,0,0.0000,0.0000,0,0,多换,B,2477.0000,0.0000,0.0000,0.0000,0.0000,2478.0000,0.0000,0.0000,0.0000,0.0000,157,0,0,0,0,2,0,0,0,0
zc,WS301,2012-06-05 09:01:18.257,2477.0000,247164,-2,0.0000,2.0000,0,2,双平,S,2477.0000,0.0000,0.0000,0.0000,0.0000,2478.0000,0.0000,0.0000,0.0000,0.0000,156,0,0,0,0,7,0,0,0,0
zc,WS301,2012-06-05 09:01:19.133,2478.0000,247162,-2,0.0000,2.0000,0,2,双平,B,2477.0000,0.0000,0.0000,0.0000,0.0000,2478.0000,0.0000,0.0000,0.0000,0.0000,155,0,0,0,0,16,0,0,0,0
zc,WS301,2012-06-05 09:01:19.600,2478.0000,247162,0,0.0000,2.0000,1,1,多换,B,2477.0000,0.0000,0.0000,0.0000,0.0000,2478.0000,0.0000,0.0000,0.0000,0.0000,155,0,0,0,0,65,0,0,0,0
zc,WS301,2012-06-05 09:01:20.337,2478.0000,247156,-6,0.0000,6.0000,0,6,双平,B,2477.0000,0.0000,0.0000,0.0000,0.0000,2478.0000,0.0000,0.0000,0.0000,0.0000,153,0,0,0,0,62,0,0,0,0
zc,WS301,2012-06-05 09:01:20.883,2477.0000,247158,2,0.0000,14.0000,8,6,空开,S,2477.0000,0.0000,0.0000,0.0000,0.0000,2478.0000,0.0000,0.0000,0.0000,0.0000,152,0,0,0,0,57,0,0,0,0
zc,WS301,2012-06-05 09:01:21.633,2477.0000,247154,-4,0.0000,4.0000,0,4,双平,S,2477.0000,0.0000,0.0000,0.0000,0.0000,2478.0000,0.0000,0.0000,0.0000,0.0000,153,0,0,0,0,58,0,0,0,0
zc,WS301,2012-06-05 09:01:22.133,2477.0000,247154,0,0.0000,0.0000,0,0,空换,S,2477.0000,0.0000,0.0000,0.0000,0.0000,2478.0000,0.0000,0.0000,0.0000,0.0000,155,0,0,0,0,58,0,0,0,0
zc,WS301,2012-06-05 09:01:22.820,2477.0000,247154,0,0.0000,22.0000,11,11,空换,S,2477.0000,0.0000,0.0000,0.0000,0.0000,2478.0000,0.0000,0.0000,0.0000,0.0000,167,0,0,0,0,60,0,0,0,0
zc,WS301,2012-06-05 09:01:23.633,2478.0000,247162,8,0.0000,8.0000,8,0,双开,B,2477.0000,0.0000,0.0000,0.0000,0.0000,2478.0000,0.0000,0.0000,0.0000,0.0000,167,0,0,0,0,57,0,0,0,0
zc,WS301,2012-06-05 09:01:24.117,2478.0000,247158,-4,0.0000,8.0000,2,6,空平,B,2477.0000,0.0000,0.0000,0.0000,0.0000,2478.0000,0.0000,0.0000,0.0000,0.0000,163,0,0,0,0,57,0,0,0,0
zc,WS301,2012-06-05 09:01:24.837,2477.0000,247162,4,0.0000,8.0000,6,2,空开,S,2477.0000,0.0000,0.0000,0.0000,0.0000,2478.0000,0.0000,0.0000,0.0000,0.0000,257,0,0,0,0,56,0,0,0,0
zc,WS301,2012-06-05 09:01:25.350,2477.0000,247108,-54,0.0000,58.0000,2,56,多平,S,2477.0000,0.0000,0.0000,0.0000,0.0000,2478.0000,0.0000,0.0000,0.0000,0.0000,230,0,0,0,0,157,0,0,0,0
zc,WS301,2012-06-05 09:01:26.087,2477.0000,247104,-4,0.0000,4.0000,0,4,双平,S,2477.0000,0.0000,0.0000,0.0000,0.0000,2478.0000,0.0000,0.0000,0.0000,0.0000,228,0,0,0,0,157,0,0,0,0
zc,WS301,2012-06-05 09:01:26.587,2478.0000,247104,0,0.0000,2.0000,1,1,多换,B,2477.0000,0.0000,0.0000,0.0000,0.0000,2478.0000,0.0000,0.0000,0.0000,0.0000,228,0,0,0,0,156,0,0,0,0
zc,WS301,2012-06-05 09:01:27.087,2478.0000,247104,0,0.0000,2.0000,1,1,多换,B,2477.0000,0.0000,0.0000,0.0000,0.0000,2478.0000,0.0000,0.0000,0.0000,0.0000,258,0,0,0,0,156,0,0,0,0
zc,WS301,2012-06-05 09:01:28.633,2478.0000,247104,0,0.0000,4.0000,2,2,多换,B,2477.0000,0.0000,0.0000,0.0000,0.0000,2478.0000,0.0000,0.0000,0.0000,0.0000,258,0,0,0,0,155,0,0,0,0
zc,WS301,2012-06-05 09:01:29.100,2477.0000,247104,0,0.0000,2.0000,1,1,空换,S,2477.0000,0.0000,0.0000,0.0000,0.0000,2478.0000,0.0000,0.0000,0.0000,0.0000,257,0,0,0,0,155,0,0,0,0
zc,WS301,2012-06-05 09:01:29.850,2478.0000,247104,0,0.0000,6.0000,3,3,多换,B,2477.0000,0.0000,0.0000,0.0000,0.0000,2478.0000,0.0000,0.0000,0.0000,0.0000,261,0,0,0,0,152,0,0,0,0
zc,WS301,2012-06-05 09:01:30.303,2477.0000,247102,-2,0.0000,4.0000,1,3,多平,S,2477.0000,0.0000,0.0000,0.0000,0.0000,2478.0000,0.0000,0.0000,0.0000,0.0000,261,0,0,0,0,151,0,0,0,0
zc,WS301,2012-06-05 09:01:31.087,2478.0000,247102,0,0.0000,2.0000,1,1,多换,B,2477.0000,0.0000,0.0000,0.0000,0.0000,2478.0000,0.0000,0.0000,0.0000,0.0000,261,0,0,0,0,150,0,0,0,0
zc,WS301,2012-06-05 09:01:31.523,2478.0000,247102,0,0.0000,22.0000,11,11,多换,B,2477.0000,0.0000,0.0000,0.0000,0.0000,2478.0000,0.0000,0.0000,0.0000,0.0000,261,0,0,0,0,139,0,0,0,0
zc,WS301,2012-06-05 09:01:32.037,2478.0000,247100,-2,0.0000,26.0000,12,14,空平,B,2477.0000,0.0000,0.0000,0.0000,0.0000,2478.0000,0.0000,0.0000,0.0000,0.0000,266,0,0,0,0,127,0,0,0,0
zc,WS301,2012-06-05 09:01:32.867,2478.0000,247100,0,0.0000,0.0000,0,0,多换,B,2477.0000,0.0000,0.0000,0.0000,0.0000,2478.0000,0.0000,0.0000,0.0000,0.0000,266,0,0,0,0,128,0,0,0,0
zc,WS301,2012-06-05 09:01:33.337,2478.0000,247100,0,0.0000,0.0000,0,0,多换,B,2477.0000,0.0000,0.0000,0.0000,0.0000,2478.0000,0.0000,0.0000,0.0000,0.0000,266,0,0,0,0,129,0,0,0,0
zc,WS301,2012-06-05 09:01:34.070,2478.0000,247098,-2,0.0000,2.0000,0,2,双平,B,2477.0000,0.0000,0.0000,0.0000,0.0000,2478.0000,0.0000,0.0000,0.0000,0.0000,266,0,0,0,0,128,0,0,0,0
zc,WS301,2012-06-05 09:01:34.553,2477.0000,247092,-6,0.0000,16.0000,5,11,多平,S,2477.0000,0.0000,0.0000,0.0000,0.0000,2478.0000,0.0000,0.0000,0.0000,0.0000,263,0,0,0,0,123,0,0,0,0
zc,WS301,2012-06-05 09:01:35.350,2478.0000,247070,-22,0.0000,24.0000,1,23,空平,B,2477.0000,0.0000,0.0000,0.0000,0.0000,2478.0000,0.0000,0.0000,0.0000,0.0000,262,0,0,0,0,123,0,0,0,0
zc,WS301,2012-06-05 09:01:35.820,2477.0000,247068,-2,0.0000,2.0000,0,2,双平,S,2477.0000,0.0000,0.0000,0.0000,0.0000,2478.0000,0.0000,0.0000,0.0000,0.0000,278,0,0,0,0,123,0,0,0,0
zc,WS301,2012-06-05 09:01:36.553,2478.0000,247078,10,0.0000,20.0000,15,5,多开,B,2477.0000,0.0000,0.0000,0.0000,0.0000,2478.0000,0.0000,0.0000,0.0000,0.0000,278,0,0,0,0,113,0,0,0,0
zc,WS301,2012-06-05 09:01:37.037,2478.0000,247078,0,0.0000,0.0000,0,0,多换,B,2477.0000,0.0000,0.0000,0.0000,0.0000,2478.0000,0.0000,0.0000,0.0000,0.0000,288,0,0,0,0,113,0,0,0,0
zc,WS301,2012-06-05 09:01:37.803,2478.0000,246880,-198,0.0000,220.0000,11,209,空平,B,2477.0000,0.0000,0.0000,0.0000,0.0000,2478.0000,0.0000,0.0000,0.0000,0.0000,288,0,0,0,0,8,0,0,0,0
zc,WS301,2012-06-05 09:01:38.350,2478.0000,246874,-6,0.0000,6.0000,0,6,双平,B,2477.0000,0.0000,0.0000,0.0000,0.0000,2478.0000,0.0000,0.0000,0.0000,0.0000,287,0,0,0,0,6,0,0,0,0
zc,WS301,2012-06-05 09:01:39.100,2478.0000,246862,-12,0.0000,14.0000,1,13,空平,B,2478.0000,0.0000,0.0000,0.0000,0.0000,2479.0000,0.0000,0.0000,0.0000,0.0000,118,0,0,0,0,136,0,0,0,0
zc,WS301,2012-06-05 09:01:39.570,2478.0000,246862,0,0.0000,2.0000,1,1,多换,B,2478.0000,0.0000,0.0000,0.0000,0.0000,2479.0000,0.0000,0.0000,0.0000,0.0000,122,0,0,0,0,135,0,0,0,0
zc,WS301,2012-06-05 09:01:40.053,2478.0000,246862,0,0.0000,0.0000,0,0,多换,B,2478.0000,0.0000,0.0000,0.0000,0.0000,2479.0000,0.0000,0.0000,0.0000,0.0000,184,0,0,0,0,135,0,0,0,0
zc,WS301,2012-06-05 09:01:40.570,2479.0000,246824,-38,0.0000,42.0000,2,40,空平,B,2478.0000,0.0000,0.0000,0.0000,0.0000,2479.0000,0.0000,0.0000,0.0000,0.0000,165,0,0,0,0,135,0,0,0,0
zc,WS301,2012-06-05 09:01:41.303,2479.0000,246818,-6,0.0000,8.0000,1,7,空平,B,2478.0000,0.0000,0.0000,0.0000,0.0000,2479.0000,0.0000,0.0000,0.0000,0.0000,165,0,0,0,0,131,0,0,0,0
zc,WS301,2012-06-05 09:01:41.837,2479.0000,246822,4,0.0000,100.0000,52,48,多开,B,2478.0000,0.0000,0.0000,0.0000,0.0000,2479.0000,0.0000,0.0000,0.0000,0.0000,109,0,0,0,0,81,0,0,0,0
zc,WS301,2012-06-05 09:01:42.553,2478.0000,246802,-20,0.0000,20.0000,0,20,双平,S,2478.0000,0.0000,0.0000,0.0000,0.0000,2479.0000,0.0000,0.0000,0.0000,0.0000,99,0,0,0,0,81,0,0,0,0
zc,WS301,2012-06-05 09:01:43.087,2478.0000,246802,0,0.0000,2.0000,1,1,空换,S,2478.0000,0.0000,0.0000,0.0000,0.0000,2479.0000,0.0000,0.0000,0.0000,0.0000,113,0,0,0,0,81,0,0,0,0
zc,WS301,2012-06-05 09:01:43.897,2479.0000,246814,12,0.0000,162.0000,87,75,多开,B,2479.0000,0.0000,0.0000,0.0000,0.0000,2480.0000,0.0000,0.0000,0.0000,0.0000,74,0,0,0,0,261,0,0,0,0
zc,WS301,2012-06-05 09:01:44.337,2479.0000,246854,40,0.0000,42.0000,41,1,多开,B,2479.0000,0.0000,0.0000,0.0000,0.0000,2480.0000,0.0000,0.0000,0.0000,0.0000,107,0,0,0,0,266,0,0,0,0
zc,WS301,2012-06-05 09:01:45.383,2479.0000,246888,34,0.0000,34.0000,34,0,双开,B,2479.0000,0.0000,0.0000,0.0000,0.0000,2480.0000,0.0000,0.0000,0.0000,0.0000,91,0,0,0,0,267,0,0,0,0
zc,WS301,2012-06-05 09:01:45.850,2479.0000,246892,4,0.0000,4.0000,4,0,双开,B,2479.0000,0.0000,0.0000,0.0000,0.0000,2480.0000,0.0000,0.0000,0.0000,0.0000,90,0,0,0,0,268,0,0,0,0
zc,WS301,2012-06-05 09:01:46.553,2480.0000,246908,16,0.0000,206.0000,111,95,多开,B,2479.0000,0.0000,0.0000,0.0000,0.0000,2480.0000,0.0000,0.0000,0.0000,0.0000,90,0,0,0,0,171,0,0,0,0
zc,WS301,2012-06-05 09:01:47.117,2479.0000,246908,0,0.0000,14.0000,7,7,空换,S,2479.0000,0.0000,0.0000,0.0000,0.0000,2480.0000,0.0000,0.0000,0.0000,0.0000,138,0,0,0,0,168,0,0,0,0
zc,WS301,2012-06-05 09:01:47.837,2480.0000,246908,0,0.0000,18.0000,9,9,多换,B,2479.0000,0.0000,0.0000,0.0000,0.0000,2480.0000,0.0000,0.0000,0.0000,0.0000,137,0,0,0,0,160,0,0,0,0
zc,WS301,2012-06-05 09:01:48.383,2480.0000,246908,0,0.0000,58.0000,29,29,多换,B,2479.0000,0.0000,0.0000,0.0000,0.0000,2480.0000,0.0000,0.0000,0.0000,0.0000,137,0,0,0,0,131,0,0,0,0
zc,WS301,2012-06-05 09:01:49.037,2480.0000,246908,0,0.0000,8.0000,4,4,多换,B,2479.0000,0.0000,0.0000,0.0000,0.0000,2480.0000,0.0000,0.0000,0.0000,0.0000,137,0,0,0,0,127,0,0,0,0
zc,WS301,2012-06-05 09:01:49.883,2480.0000,246710,-198,0.0000,260.0000,31,229,空平,B,2480.0000,0.0000,0.0000,0.0000,0.0000,2481.0000,0.0000,0.0000,0.0000,0.0000,16,0,0,0,0,72,0,0,0,0
zc,WS301,2012-06-05 09:01:51.070,2480.0000,246712,2,0.0000,2.0000,2,0,双开,B,2480.0000,0.0000,0.0000,0.0000,0.0000,2481.0000,0.0000,0.0000,0.0000,0.0000,62,0,0,0,0,71,0,0,0,0
zc,WS301,2012-06-05 09:01:51.820,2481.0000,246712,0,0.0000,2.0000,1,1,多换,B,2480.0000,0.0000,0.0000,0.0000,0.0000,2481.0000,0.0000,0.0000,0.0000,0.0000,73,0,0,0,0,71,0,0,0,0
zc,WS301,2012-06-05 09:01:52.320,2480.0000,246714,2,0.0000,2.0000,2,0,双开,S,2480.0000,0.0000,0.0000,0.0000,0.0000,2481.0000,0.0000,0.0000,0.0000,0.0000,73,0,0,0,0,70,0,0,0,0
zc,WS301,2012-06-05 09:01:52.850,2481.0000,246722,8,0.0000,8.0000,8,0,双开,B,2480.0000,0.0000,0.0000,0.0000,0.0000,2481.0000,0.0000,0.0000,0.0000,0.0000,73,0,0,0,0,67,0,0,0,0
zc,WS301,2012-06-05 09:01:53.537,2481.0000,246726,4,0.0000,4.0000,4,0,双开,B,2480.0000,0.0000,0.0000,0.0000,0.0000,2481.0000,0.0000,0.0000,0.0000,0.0000,73,0,0,0,0,65,0,0,0,0
zc,WS301,2012-06-05 09:01:54.100,2480.0000,246726,0,0.0000,2.0000,1,1,空换,S,2480.0000,0.0000,0.0000,0.0000,0.0000,2481.0000,0.0000,0.0000,0.0000,0.0000,73,0,0,0,0,65,0,0,0,0
zc,WS301,2012-06-05 09:01:54.837,2481.0000,246718,-8,0.0000,26.0000,9,17,空平,B,2480.0000,0.0000,0.0000,0.0000,0.0000,2481.0000,0.0000,0.0000,0.0000,0.0000,73,0,0,0,0,56,0,0,0,0
zc,WS301,2012-06-05 09:01:55.100,2480.0000,246796,78,0.0000,184.0000,131,53,空开,S,2480.0000,0.0000,0.0000,0.0000,0.0000,2481.0000,0.0000,0.0000,0.0000,0.0000,72,0,0,0,0,1,0,0,0,0
zc,WS301,2012-06-05 09:01:55.820,2480.0000,246796,0,0.0000,14.0000,7,7,空换,S,2480.0000,0.0000,0.0000,0.0000,0.0000,2481.0000,0.0000,0.0000,0.0000,0.0000,66,0,0,0,0,1,0,0,0,0
zc,WS301,2012-06-05 09:01:56.320,2481.0000,246796,0,0.0000,6.0000,3,3,多换,B,2480.0000,0.0000,0.0000,0.0000,0.0000,2481.0000,0.0000,0.0000,0.0000,0.0000,65,0,0,0,0,2,0,0,0,0
zc,WS301,2012-06-05 09:01:57.117,2481.0000,246796,0,0.0000,0.0000,0,0,多换,B,2480.0000,0.0000,0.0000,0.0000,0.0000,2481.0000,0.0000,0.0000,0.0000,0.0000,66,0,0,0,0,13,0,0,0,0
zc,WS301,2012-06-05 09:01:57.617,2481.0000,246800,4,0.0000,6.0000,5,1,多开,B,2480.0000,0.0000,0.0000,0.0000,0.0000,2481.0000,0.0000,0.0000,0.0000,0.0000,66,0,0,0,0,112,0,0,0,0
zc,WS301,2012-06-05 09:01:58.053,2481.0000,246796,-4,0.0000,4.0000,0,4,双平,B,2480.0000,0.0000,0.0000,0.0000,0.0000,2481.0000,0.0000,0.0000,0.0000,0.0000,65,0,0,0,0,115,0,0,0,0
zc,WS301,2012-06-05 09:01:58.850,2481.0000,246796,0,0.0000,10.0000,5,5,多换,B,2480.0000,0.0000,0.0000,0.0000,0.0000,2481.0000,0.0000,0.0000,0.0000,0.0000,23,0,0,0,0,172,0,0,0,0
zc,WS301,2012-06-05 09:01:59.320,2480.0000,246786,-10,0.0000,16.0000,3,13,多平,S,2480.0000,0.0000,0.0000,0.0000,0.0000,2481.0000,0.0000,0.0000,0.0000,0.0000,15,0,0,0,0,181,0,0,0,0
zc,WS301,2012-06-05 09:02:00.397,2480.0000,246762,-24,0.0000,30.0000,3,27,多平,S,2479.0000,0.0000,0.0000,0.0000,0.0000,2480.0000,0.0000,0.0000,0.0000,0.0000,194,0,0,0,0,36,0,0,0,0
zc,WS301,2012-06-05 09:02:00.803,2479.0000,246762,0,0.0000,32.0000,16,16,空换,S,2479.0000,0.0000,0.0000,0.0000,0.0000,2480.0000,0.0000,0.0000,0.0000,0.0000,179,0,0,0,0,35,0,0,0,0
zc,WS301,2012-06-05 09:02:01.367,2481.0000,247000,238,0.0000,556.0000,397,159,多开,B,2481.0000,0.0000,0.0000,0.0000,0.0000,2482.0000,0.0000,0.0000,0.0000,0.0000,223,0,0,0,0,228,0,0,0,0
zc,WS301,2012-06-05 09:02:01.850,2481.0000,247002,2,0.0000,2.0000,2,0,双开,B,2481.0000,0.0000,0.0000,0.0000,0.0000,2482.0000,0.0000,0.0000,0.0000,0.0000,222,0,0,0,0,240,0,0,0,0
zc,WS301,2012-06-05 09:02:02.600,2481.0000,247002,0,0.0000,0.0000,0,0,多换,B,2481.0000,0.0000,0.0000,0.0000,0.0000,2482.0000,0.0000,0.0000,0.0000,0.0000,222,0,0,0,0,246,0,0,0,0
zc,WS301,2012-06-05 09:02:03.100,2481.0000,247002,0,0.0000,6.0000,3,3,多换,B,2481.0000,0.0000,0.0000,0.0000,0.0000,2482.0000,0.0000,0.0000,0.0000,0.0000,220,0,0,0,0,241,0,0,0,0
zc,WS301,2012-06-05 09:02:03.883,2481.0000,247026,24,0.0000,60.0000,42,18,多开,B,2481.0000,0.0000,0.0000,0.0000,0.0000,2482.0000,0.0000,0.0000,0.0000,0.0000,198,0,0,0,0,236,0,0,0,0
zc,WS301,2012-06-05 09:02:04.367,2481.0000,247026,0,0.0000,6.0000,3,3,多换,B,2481.0000,0.0000,0.0000,0.0000,0.0000,2482.0000,0.0000,0.0000,0.0000,0.0000,195,0,0,0,0,246,0,0,0,0
zc,WS301,2012-06-05 09:02:05.117,2482.0000,247080,54,0.0000,104.0000,79,25,多开,B,2481.0000,0.0000,0.0000,0.0000,0.0000,2482.0000,0.0000,0.0000,0.0000,0.0000,165,0,0,0,0,243,0,0,0,0
zc,WS301,2012-06-05 09:02:05.587,2482.0000,247082,2,0.0000,2.0000,2,0,双开,B,2481.0000,0.0000,0.0000,0.0000,0.0000,2482.0000,0.0000,0.0000,0.0000,0.0000,165,0,0,0,0,269,0,0,0,0
zc,WS301,2012-06-05 09:02:06.100,2481.0000,247062,-20,0.0000,22.0000,1,21,多平,S,2481.0000,0.0000,0.0000,0.0000,0.0000,2482.0000,0.0000,0.0000,0.0000,0.0000,166,0,0,0,0,248,0,0,0,0
zc,WS301,2012-06-05 09:02:06.820,2481.0000,247062,0,0.0000,22.0000,11,11,空换,S,2481.0000,0.0000,0.0000,0.0000,0.0000,2482.0000,0.0000,0.0000,0.0000,0.0000,156,0,0,0,0,251,0,0,0,0
zc,WS301,2012-06-05 09:02:07.600,2481.0000,247062,0,0.0000,0.0000,0,0,空换,S,2481.0000,0.0000,0.0000,0.0000,0.0000,2482.0000,0.0000,0.0000,0.0000,0.0000,156,0,0,0,0,252,0,0,0,0
zc,WS301,2012-06-05 09:02:08.100,2482.0000,247064,2,0.0000,18.0000,10,8,多开,B,2481.0000,0.0000,0.0000,0.0000,0.0000,2482.0000,0.0000,0.0000,0.0000,0.0000,155,0,0,0,0,245,0,0,0,0
zc,WS301,2012-06-05 09:02:08.883,2481.0000,247062,-2,0.0000,12.0000,5,7,多平,S,2481.0000,0.0000,0.0000,0.0000,0.0000,2482.0000,0.0000,0.0000,0.0000,0.0000,151,0,0,0,0,245,0,0,0,0
zc,WS301,2012-06-05 09:02:09.383,2481.0000,247064,2,0.0000,2.0000,2,0,双开,S,2481.0000,0.0000,0.0000,0.0000,0.0000,2482.0000,0.0000,0.0000,0.0000,0.0000,153,0,0,0,0,245,0,0,0,0
zc,WS301,2012-06-05 09:02:10.117,2481.0000,247070,6,0.0000,6.0000,6,0,双开,S,2481.0000,0.0000,0.0000,0.0000,0.0000,2482.0000,0.0000,0.0000,0.0000,0.0000,150,0,0,0,0,245,0,0,0,0
zc,WS301,2012-06-05 09:02:10.570,2481.0000,247068,-2,0.0000,6.0000,2,4,多平,S,2481.0000,0.0000,0.0000,0.0000,0.0000,2482.0000,0.0000,0.0000,0.0000,0.0000,152,0,0,0,0,245,0,0,0,0
zc,WS301,2012-06-05 09:02:11.133,2481.0000,247068,0,0.0000,24.0000,12,12,空换,S,2481.0000,0.0000,0.0000,0.0000,0.0000,2482.0000,0.0000,0.0000,0.0000,0.0000,140,0,0,0,0,249,0,0,0,0
zc,WS301,2012-06-05 09:02:11.787,2482.0000,247068,0,0.0000,14.0000,7,7,多换,B,2481.0000,0.0000,0.0000,0.0000,0.0000,2482.0000,0.0000,0.0000,0.0000,0.0000,135,0,0,0,0,247,0,0,0,0
zc,WS301,2012-06-05 09:02:12.287,2482.0000,247068,0,0.0000,56.0000,28,28,多换,B,2481.0000,0.0000,0.0000,0.0000,0.0000,2482.0000,0.0000,0.0000,0.0000,0.0000,134,0,0,0,0,220,0,0,0,0
zc,WS301,2012-06-05 09:02:13.037,2481.0000,247068,0,0.0000,10.0000,5,5,空换,S,2481.0000,0.0000,0.0000,0.0000,0.0000,2482.0000,0.0000,0.0000,0.0000,0.0000,130,0,0,0,0,210,0,0,0,0
zc,WS301,2012-06-05 09:02:13.367,2482.0000,247070,2,0.0000,84.0000,43,41,多开,B,2481.0000,0.0000,0.0000,0.0000,0.0000,2482.0000,0.0000,0.0000,0.0000,0.0000,129,0,0,0,0,177,0,0,0,0
zc,WS301,2012-06-05 09:02:14.053,2482.0000,247064,-6,0.0000,16.0000,5,11,空平,B,2481.0000,0.0000,0.0000,0.0000,0.0000,2482.0000,0.0000,0.0000,0.0000,0.0000,124,0,0,0,0,180,0,0,0,0
zc,WS301,2012-06-05 09:02:14.587,2482.0000,247026,-38,0.0000,58.0000,10,48,空平,B,2481.0000,0.0000,0.0000,0.0000,0.0000,2482.0000,0.0000,0.0000,0.0000,0.0000,115,0,0,0,0,167,0,0,0,0
zc,WS301,2012-06-05 09:02:15.037,2482.0000,247026,0,0.0000,20.0000,10,10,多换,B,2481.0000,0.0000,0.0000,0.0000,0.0000,2482.0000,0.0000,0.0000,0.0000,0.0000,109,0,0,0,0,163,0,0,0,0
zc,WS301,2012-06-05 09:02:15.820,2481.0000,247068,42,0.0000,60.0000,51,9,空开,S,2481.0000,0.0000,0.0000,0.0000,0.0000,2482.0000,0.0000,0.0000,0.0000,0.0000,89,0,0,0,0,157,0,0,0,0
zc,WS301,2012-06-05 09:02:16.273,2482.0000,247062,-6,0.0000,12.0000,3,9,空平,B,2481.0000,0.0000,0.0000,0.0000,0.0000,2482.0000,0.0000,0.0000,0.0000,0.0000,94,0,0,0,0,151,0,0,0,0
zc,WS301,2012-06-05 09:02:17.053,2481.0000,247064,2,0.0000,6.0000,4,2,空开,S,2481.0000,0.0000,0.0000,0.0000,0.0000,2482.0000,0.0000,0.0000,0.0000,0.0000,103,0,0,0,0,140,0,0,0,0
zc,WS301,2012-06-05 09:02:17.587,2481.0000,247072,8,0.0000,8.0000,8,0,双开,S,2481.0000,0.0000,0.0000,0.0000,0.0000,2482.0000,0.0000,0.0000,0.0000,0.0000,149,0,0,0,0,140,0,0,0,0
zc,WS301,2012-06-05 09:02:18.350,2481.0000,247072,0,0.0000,92.0000,46,46,空换,S,2481.0000,0.0000,0.0000,0.0000,0.0000,2482.0000,0.0000,0.0000,0.0000,0.0000,103,0,0,0,0,141,0,0,0,0
zc,WS301,2012-06-05 09:02:18.633,2482.0000,247076,4,0.0000,66.0000,35,31,多开,B,2481.0000,0.0000,0.0000,0.0000,0.0000,2482.0000,0.0000,0.0000,0.0000,0.0000,84,0,0,0,0,134,0,0,0,0
zc,WS301,2012-06-05 09:02:20.133,2481.0000,247074,-2,0.0000,6.0000,2,4,多平,S,2481.0000,0.0000,0.0000,0.0000,0.0000,2482.0000,0.0000,0.0000,0.0000,0.0000,130,0,0,0,0,156,0,0,0,0
zc,WS301,2012-06-05 09:02:20.883,2482.0000,246980,-94,0.0000,110.0000,8,102,空平,B,2481.0000,0.0000,0.0000,0.0000,0.0000,2482.0000,0.0000,0.0000,0.0000,0.0000,129,0,0,0,0,108,0,0,0,0
zc,WS301,2012-06-05 09:02:21.383,2481.0000,246980,0,0.0000,2.0000,1,1,空换,S,2481.0000,0.0000,0.0000,0.0000,0.0000,2482.0000,0.0000,0.0000,0.0000,0.0000,125,0,0,0,0,108,0,0,0,0
zc,WS301,2012-06-05 09:02:22.100,2482.0000,246984,4,0.0000,34.0000,19,15,多开,B,2481.0000,0.0000,0.0000,0.0000,0.0000,2482.0000,0.0000,0.0000,0.0000,0.0000,128,0,0,0,0,79,0,0,0,0
zc,WS301,2012-06-05 09:02:22.850,2482.0000,246922,-62,0.0000,150.0000,44,106,空平,B,2481.0000,0.0000,0.0000,0.0000,0.0000,2482.0000,0.0000,0.0000,0.0000,0.0000,132,0,0,0,0,12,0,0,0,0
zc,WS301,2012-06-05 09:02:23.600,2482.0000,246934,12,0.0000,48.0000,30,18,多开,B,2482.0000,0.0000,0.0000,0.0000,0.0000,2483.0000,0.0000,0.0000,0.0000,0.0000,40,0,0,0,0,127,0,0,0,0
zc,WS301,2012-06-05 09:02:23.850,2482.0000,246884,-50,0.0000,52.0000,1,51,空平,B,2482.0000,0.0000,0.0000,0.0000,0.0000,2483.0000,0.0000,0.0000,0.0000,0.0000,70,0,0,0,0,127,0,0,0,0
zc,WS301,2012-06-05 09:02:24.897,2483.0000,246884,0,0.0000,46.0000,23,23,多换,B,2482.0000,0.0000,0.0000,0.0000,0.0000,2483.0000,0.0000,0.0000,0.0000,0.0000,52,0,0,0,0,120,0,0,0,0
zc,WS301,2012-06-05 09:02:25.320,2482.0000,246884,0,0.0000,6.0000,3,3,空换,S,2482.0000,0.0000,0.0000,0.0000,0.0000,2483.0000,0.0000,0.0000,0.0000,0.0000,50,0,0,0,0,120,0,0,0,0
zc,WS301,2012-06-05 09:02:26.117,2482.0000,246954,70,0.0000,162.0000,116,46,空开,S,2482.0000,0.0000,0.0000,0.0000,0.0000,2483.0000,0.0000,0.0000,0.0000,0.0000,9,0,0,0,0,120,0,0,0,0
zc,WS301,2012-06-05 09:02:26.600,2483.0000,246974,20,0.0000,20.0000,20,0,双开,B,2482.0000,0.0000,0.0000,0.0000,0.0000,2483.0000,0.0000,0.0000,0.0000,0.0000,13,0,0,0,0,140,0,0,0,0
zc,WS301,2012-06-05 09:02:27.337,2483.0000,247032,58,0.0000,66.0000,62,4,多开,B,2482.0000,0.0000,0.0000,0.0000,0.0000,2483.0000,0.0000,0.0000,0.0000,0.0000,12,0,0,0,0,110,0,0,0,0
zc,WS301,2012-06-05 09:02:27.837,2483.0000,247138,106,0.0000,132.0000,119,13,多开,B,2482.0000,0.0000,0.0000,0.0000,0.0000,2483.0000,0.0000,0.0000,0.0000,0.0000,17,0,0,0,0,109,0,0,0,0
zc,WS301,2012-06-05 09:02:28.633,2483.0000,247138,0,0.0000,0.0000,0,0,多换,B,2482.0000,0.0000,0.0000,0.0000,0.0000,2483.0000,0.0000,0.0000,0.0000,0.0000,17,0,0,0,0,108,0,0,0,0
zc,WS301,2012-06-05 09:02:29.087,2483.0000,247138,0,0.0000,28.0000,14,14,多换,B,2482.0000,0.0000,0.0000,0.0000,0.0000,2483.0000,0.0000,0.0000,0.0000,0.0000,11,0,0,0,0,102,0,0,0,0
zc,WS301,2012-06-05 09:02:29.787,2483.0000,247136,-2,0.0000,6.0000,2,4,空平,B,2482.0000,0.0000,0.0000,0.0000,0.0000,2483.0000,0.0000,0.0000,0.0000,0.0000,12,0,0,0,0,95,0,0,0,0
zc,WS301,2012-06-05 09:02:30.320,2483.0000,247196,60,0.0000,82.0000,71,11,多开,B,2482.0000,0.0000,0.0000,0.0000,0.0000,2483.0000,0.0000,0.0000,0.0000,0.0000,7,0,0,0,0,62,0,0,0,0
zc,WS301,2012-06-05 09:02:31.087,2482.0000,247196,0,0.0000,14.0000,7,7,空换,S,2482.0000,0.0000,0.0000,0.0000,0.0000,2483.0000,0.0000,0.0000,0.0000,0.0000,41,0,0,0,0,62,0,0,0,0
zc,WS301,2012-06-05 09:02:31.633,2483.0000,247196,0,0.0000,2.0000,1,1,多换,B,2482.0000,0.0000,0.0000,0.0000,0.0000,2483.0000,0.0000,0.0000,0.0000,0.0000,41,0,0,0,0,61,0,0,0,0
zc,WS301,2012-06-05 09:02:32.117,2483.0000,247196,0,0.0000,0.0000,0,0,多换,B,2482.0000,0.0000,0.0000,0.0000,0.0000,2483.0000,0.0000,0.0000,0.0000,0.0000,46,0,0,0,0,72,0,0,0,0
zc,WS301,2012-06-05 09:02:33.117,2483.0000,247186,-10,0.0000,40.0000,15,25,空平,B,2482.0000,0.0000,0.0000,0.0000,0.0000,2483.0000,0.0000,0.0000,0.0000,0.0000,33,0,0,0,0,66,0,0,0,0
zc,WS301,2012-06-05 09:02:33.617,2483.0000,247188,2,0.0000,22.0000,12,10,多开,B,2482.0000,0.0000,0.0000,0.0000,0.0000,2483.0000,0.0000,0.0000,0.0000,0.0000,33,0,0,0,0,76,0,0,0,0
zc,WS301,2012-06-05 09:02:34.303,2483.0000,247256,68,0.0000,100.0000,84,16,多开,B,2482.0000,0.0000,0.0000,0.0000,0.0000,2483.0000,0.0000,0.0000,0.0000,0.0000,13,0,0,0,0,51,0,0,0,0
zc,WS301,2012-06-05 09:02:34.820,2482.0000,247258,2,0.0000,2.0000,2,0,双开,S,2482.0000,0.0000,0.0000,0.0000,0.0000,2483.0000,0.0000,0.0000,0.0000,0.0000,18,0,0,0,0,167,0,0,0,0
zc,WS301,2012-06-05 09:02:35.587,2482.0000,247262,4,0.0000,6.0000,5,1,空开,S,2482.0000,0.0000,0.0000,0.0000,0.0000,2483.0000,0.0000,0.0000,0.0000,0.0000,23,0,0,0,0,168,0,0,0,0
zc,WS301,2012-06-05 09:02:39.680,2482.0000,247330,68,0.0000,130.0000,99,31,空开,S,2481.0000,0.0000,0.0000,0.0000,0.0000,2482.0000,0.0000,0.0000,0.0000,0.0000,230,0,0,0,0,45,0,0,0,0
zc,WS301,2012-06-05 09:02:40.897,2482.0000,247334,4,0.0000,6.0000,5,1,空开,S,2481.0000,0.0000,0.0000,0.0000,0.0000,2482.0000,0.0000,0.0000,0.0000,0.0000,228,0,0,0,0,50,0,0,0,0
zc,WS301,2012-06-05 09:02:41.633,2482.0000,247370,36,0.0000,68.0000,52,16,空开,S,2481.0000,0.0000,0.0000,0.0000,0.0000,2482.0000,0.0000,0.0000,0.0000,0.0000,228,0,0,0,0,17,0,0,0,0
zc,WS301,2012-06-05 09:02:42.303,2482.0000,247378,8,0.0000,34.0000,21,13,空开,S,2481.0000,0.0000,0.0000,0.0000,0.0000,2482.0000,0.0000,0.0000,0.0000,0.0000,226,0,0,0,0,2,0,0,0,0
zc,WS301,2012-06-05 09:02:42.633,2482.0000,247384,6,0.0000,6.0000,6,0,双开,S,2482.0000,0.0000,0.0000,0.0000,0.0000,2483.0000,0.0000,0.0000,0.0000,0.0000,7,0,0,0,0,196,0,0,0,0
zc,WS301,2012-06-05 09:02:43.633,2483.0000,247574,190,0.0000,214.0000,202,12,多开,B,2481.0000,0.0000,0.0000,0.0000,0.0000,2483.0000,0.0000,0.0000,0.0000,0.0000,224,0,0,0,0,188,0,0,0,0
zc,WS301,2012-06-05 09:02:44.087,2482.0000,247574,0,0.0000,6.0000,3,3,空换,S,2481.0000,0.0000,0.0000,0.0000,0.0000,2482.0000,0.0000,0.0000,0.0000,0.0000,224,0,0,0,0,29,0,0,0,0
zc,WS301,2012-06-05 09:02:44.897,2481.0000,247570,-4,0.0000,14.0000,5,9,多平,S,2481.0000,0.0000,0.0000,0.0000,0.0000,2482.0000,0.0000,0.0000,0.0000,0.0000,226,0,0,0,0,25,0,0,0,0
zc,WS301,2012-06-05 09:02:45.087,2481.0000,247570,0,0.0000,0.0000,0,0,空换,S,2481.0000,0.0000,0.0000,0.0000,0.0000,2482.0000,0.0000,0.0000,0.0000,0.0000,226,0,0,0,0,76,0,0,0,0
zc,WS301,2012-06-05 09:02:45.820,2481.0000,247614,44,0.0000,108.0000,76,32,空开,S,2481.0000,0.0000,0.0000,0.0000,0.0000,2482.0000,0.0000,0.0000,0.0000,0.0000,206,0,0,0,0,94,0,0,0,0
zc,WS301,2012-06-05 09:02:46.367,2482.0000,247614,0,0.0000,18.0000,9,9,多换,B,2481.0000,0.0000,0.0000,0.0000,0.0000,2482.0000,0.0000,0.0000,0.0000,0.0000,206,0,0,0,0,96,0,0,0,0
zc,WS301,2012-06-05 09:02:47.133,2481.0000,247616,2,0.0000,4.0000,3,1,空开,S,2481.0000,0.0000,0.0000,0.0000,0.0000,2482.0000,0.0000,0.0000,0.0000,0.0000,204,0,0,0,0,179,0,0,0,0
zc,WS301,2012-06-05 09:02:47.587,2481.0000,247828,212,0.0000,366.0000,289,77,空开,S,2481.0000,0.0000,0.0000,0.0000,0.0000,2482.0000,0.0000,0.0000,0.0000,0.0000,51,0,0,0,0,150,0,0,0,0
zc,WS301,2012-06-05 09:02:48.350,2481.0000,247912,84,0.0000,106.0000,95,11,空开,S,2480.0000,0.0000,0.0000,0.0000,0.0000,2481.0000,0.0000,0.0000,0.0000,0.0000,239,0,0,0,0,88,0,0,0,0
zc,WS301,2012-06-05 09:02:48.787,2481.0000,247930,18,0.0000,20.0000,19,1,空开,S,2480.0000,0.0000,0.0000,0.0000,0.0000,2481.0000,0.0000,0.0000,0.0000,0.0000,231,0,0,0,0,154,0,0,0,0
zc,WS301,2012-06-05 09:02:49.570,2481.0000,248030,100,0.0000,100.0000,100,0,双开,S,2480.0000,0.0000,0.0000,0.0000,0.0000,2481.0000,0.0000,0.0000,0.0000,0.0000,232,0,0,0,0,104,0,0,0,0
zc,WS301,2012-06-05 09:02:50.087,2480.0000,248030,0,0.0000,2.0000,1,1,空换,S,2480.0000,0.0000,0.0000,0.0000,0.0000,2481.0000,0.0000,0.0000,0.0000,0.0000,231,0,0,0,0,104,0,0,0,0
zc,WS301,2012-06-05 09:02:50.803,2480.0000,248030,0,0.0000,0.0000,0,0,空换,S,2480.0000,0.0000,0.0000,0.0000,0.0000,2481.0000,0.0000,0.0000,0.0000,0.0000,231,0,0,0,0,46,0,0,0,0
zc,WS301,2012-06-05 09:02:51.337,2480.0000,248028,-2,0.0000,2.0000,0,2,双平,S,2480.0000,0.0000,0.0000,0.0000,0.0000,2481.0000,0.0000,0.0000,0.0000,0.0000,230,0,0,0,0,50,0,0,0,0
zc,WS301,2012-06-05 09:02:52.147,2480.0000,248034,6,0.0000,8.0000,7,1,空开,S,2480.0000,0.0000,0.0000,0.0000,0.0000,2481.0000,0.0000,0.0000,0.0000,0.0000,230,0,0,0,0,48,0,0,0,0
zc,WS301,2012-06-05 09:02:52.820,2481.0000,248040,6,0.0000,14.0000,10,4,多开,B,2480.0000,0.0000,0.0000,0.0000,0.0000,2481.0000,0.0000,0.0000,0.0000,0.0000,228,0,0,0,0,93,0,0,0,0
zc,WS301,2012-06-05 09:02:53.337,2481.0000,248040,0,0.0000,0.0000,0,0,多换,B,2480.0000,0.0000,0.0000,0.0000,0.0000,2481.0000,0.0000,0.0000,0.0000,0.0000,228,0,0,0,0,95,0,0,0,0
zc,WS301,2012-06-05 09:02:54.053,2480.0000,248040,0,0.0000,10.0000,5,5,空换,S,2480.0000,0.0000,0.0000,0.0000,0.0000,2481.0000,0.0000,0.0000,0.0000,0.0000,223,0,0,0,0,85,0,0,0,0
zc,WS301,2012-06-05 09:02:54.600,2481.0000,248096,56,0.0000,80.0000,68,12,多开,B,2480.0000,0.0000,0.0000,0.0000,0.0000,2481.0000,0.0000,0.0000,0.0000,0.0000,255,0,0,0,0,42,0,0,0,0
zc,WS301,2012-06-05 09:02:55.350,2480.0000,248096,0,0.0000,22.0000,11,11,空换,S,2480.0000,0.0000,0.0000,0.0000,0.0000,2481.0000,0.0000,0.0000,0.0000,0.0000,245,0,0,0,0,41,0,0,0,0
zc,WS301,2012-06-05 09:02:55.850,2481.0000,248098,2,0.0000,78.0000,40,38,多开,B,2480.0000,0.0000,0.0000,0.0000,0.0000,2481.0000,0.0000,0.0000,0.0000,0.0000,251,0,0,0,0,3,0,0,0,0
zc,WS301,2012-06-05 09:02:56.553,2481.0000,248100,2,0.0000,2.0000,2,0,双开,B,2480.0000,0.0000,0.0000,0.0000,0.0000,2481.0000,0.0000,0.0000,0.0000,0.0000,251,0,0,0,0,3,0,0,0,0
zc,WS301,2012-06-05 09:02:57.100,2481.0000,248100,0,0.0000,8.0000,4,4,多换,B,2480.0000,0.0000,0.0000,0.0000,0.0000,2481.0000,0.0000,0.0000,0.0000,0.0000,250,0,0,0,0,10,0,0,0,0
zc,WS301,2012-06-05 09:02:57.850,2481.0000,248106,6,0.0000,30.0000,18,12,多开,B,2481.0000,0.0000,0.0000,0.0000,0.0000,2482.0000,0.0000,0.0000,0.0000,0.0000,72,0,0,0,0,182,0,0,0,0
zc,WS301,2012-06-05 09:02:58.383,2481.0000,248106,0,0.0000,0.0000,0,0,多换,B,2481.0000,0.0000,0.0000,0.0000,0.0000,2482.0000,0.0000,0.0000,0.0000,0.0000,205,0,0,0,0,183,0,0,0,0
zc,WS301,2012-06-05 09:02:58.850,2481.0000,248112,6,0.0000,6.0000,6,0,双开,B,2481.0000,0.0000,0.0000,0.0000,0.0000,2482.0000,0.0000,0.0000,0.0000,0.0000,202,0,0,0,0,233,0,0,0,0
zc,WS301,2012-06-05 09:02:59.303,2482.0000,248114,2,0.0000,4.0000,3,1,多开,B,2481.0000,0.0000,0.0000,0.0000,0.0000,2482.0000,0.0000,0.0000,0.0000,0.0000,201,0,0,0,0,233,0,0,0,0
zc,WS301,2012-06-05 09:03:00.337,2481.0000,248116,2,0.0000,2.0000,2,0,双开,S,2481.0000,0.0000,0.0000,0.0000,0.0000,2482.0000,0.0000,0.0000,0.0000,0.0000,199,0,0,0,0,235,0,0,0,0
zc,WS301,2012-06-05 09:03:00.633,2482.0000,248118,2,0.0000,4.0000,3,1,多开,B,2481.0000,0.0000,0.0000,0.0000,0.0000,2482.0000,0.0000,0.0000,0.0000,0.0000,309,0,0,0,0,237,0,0,0,0
zc,WS301,2012-06-05 09:03:01.523,2482.0000,248120,2,0.0000,48.0000,25,23,多开,B,2481.0000,0.0000,0.0000,0.0000,0.0000,2482.0000,0.0000,0.0000,0.0000,0.0000,287,0,0,0,0,188,0,0,0,0
zc,WS301,2012-06-05 09:03:02.117,2482.0000,248124,4,0.0000,106.0000,55,51,多开,B,2481.0000,0.0000,0.0000,0.0000,0.0000,2482.0000,0.0000,0.0000,0.0000,0.0000,250,0,0,0,0,220,0,0,0,0
zc,WS301,2012-06-05 09:03:02.803,2481.0000,248130,6,0.0000,6.0000,6,0,双开,S,2481.0000,0.0000,0.0000,0.0000,0.0000,2482.0000,0.0000,0.0000,0.0000,0.0000,247,0,0,0,0,213,0,0,0,0
zc,WS301,2012-06-05 09:03:04.100,2481.0000,248132,2,0.0000,2.0000,2,0,双开,S,2481.0000,0.0000,0.0000,0.0000,0.0000,2482.0000,0.0000,0.0000,0.0000,0.0000,246,0,0,0,0,319,0,0,0,0
zc,WS301,2012-06-05 09:03:04.553,2482.0000,248156,24,0.0000,24.0000,24,0,双开,B,2481.0000,0.0000,0.0000,0.0000,0.0000,2482.0000,0.0000,0.0000,0.0000,0.0000,246,0,0,0,0,304,0,0,0,0
zc,WS301,2012-06-05 09:03:05.617,2482.0000,248156,0,0.0000,0.0000,0,0,多换,B,2481.0000,0.0000,0.0000,0.0000,0.0000,2482.0000,0.0000,0.0000,0.0000,0.0000,246,0,0,0,0,298,0,0,0,0
zc,WS301,2012-06-05 09:03:06.070,2481.0000,248158,2,0.0000,2.0000,2,0,双开,S,2481.0000,0.0000,0.0000,0.0000,0.0000,2482.0000,0.0000,0.0000,0.0000,0.0000,245,0,0,0,0,299,0,0,0,0
zc,WS301,2012-06-05 09:03:06.570,2481.0000,248198,40,0.0000,40.0000,40,0,双开,S,2481.0000,0.0000,0.0000,0.0000,0.0000,2482.0000,0.0000,0.0000,0.0000,0.0000,225,0,0,0,0,299,0,0,0,0
zc,WS301,2012-06-05 09:03:07.100,2481.0000,248208,10,0.0000,12.0000,11,1,空开,S,2481.0000,0.0000,0.0000,0.0000,0.0000,2482.0000,0.0000,0.0000,0.0000,0.0000,219,0,0,0,0,300,0,0,0,0
zc,WS301,2012-06-05 09:03:07.837,2481.0000,248216,8,0.0000,8.0000,8,0,双开,S,2481.0000,0.0000,0.0000,0.0000,0.0000,2482.0000,0.0000,0.0000,0.0000,0.0000,215,0,0,0,0,303,0,0,0,0
zc,WS301,2012-06-05 09:03:08.337,2482.0000,248234,18,0.0000,20.0000,19,1,多开,B,2481.0000,0.0000,0.0000,0.0000,0.0000,2482.0000,0.0000,0.0000,0.0000,0.0000,233,0,0,0,0,310,0,0,0,0
zc,WS301,2012-06-05 09:03:09.087,2482.0000,248238,4,0.0000,6.0000,5,1,多开,B,2481.0000,0.0000,0.0000,0.0000,0.0000,2482.0000,0.0000,0.0000,0.0000,0.0000,231,0,0,0,0,313,0,0,0,0
zc,WS301,2012-06-05 09:03:09.867,2481.0000,248238,0,0.0000,34.0000,17,17,空换,S,2481.0000,0.0000,0.0000,0.0000,0.0000,2482.0000,0.0000,0.0000,0.0000,0.0000,309,0,0,0,0,314,0,0,0,0
zc,WS301,2012-06-05 09:03:10.600,2481.0000,248238,0,0.0000,20.0000,10,10,空换,S,2481.0000,0.0000,0.0000,0.0000,0.0000,2482.0000,0.0000,0.0000,0.0000,0.0000,299,0,0,0,0,327,0,0,0,0
zc,WS301,2012-06-05 09:03:11.303,2481.0000,248240,2,0.0000,4.0000,3,1,空开,S,2481.0000,0.0000,0.0000,0.0000,0.0000,2482.0000,0.0000,0.0000,0.0000,0.0000,297,0,0,0,0,327,0,0,0,0
zc,WS301,2012-06-05 09:03:12.117,2482.0000,248244,4,0.0000,6.0000,5,1,多开,B,2481.0000,0.0000,0.0000,0.0000,0.0000,2482.0000,0.0000,0.0000,0.0000,0.0000,408,0,0,0,0,324,0,0,0,0
zc,WS301,2012-06-05 09:03:12.537,2481.0000,248244,0,0.0000,2.0000,1,1,空换,S,2481.0000,0.0000,0.0000,0.0000,0.0000,2482.0000,0.0000,0.0000,0.0000,0.0000,408,0,0,0,0,325,0,0,0,0
zc,WS301,2012-06-05 09:03:13.337,2481.0000,248250,6,0.0000,46.0000,26,20,空开,S,2481.0000,0.0000,0.0000,0.0000,0.0000,2482.0000,0.0000,0.0000,0.0000,0.0000,385,0,0,0,0,305,0,0,0,0
zc,WS301,2012-06-05 09:03:13.883,2482.0000,248292,42,0.0000,122.0000,82,40,多开,B,2481.0000,0.0000,0.0000,0.0000,0.0000,2482.0000,0.0000,0.0000,0.0000,0.0000,484,0,0,0,0,260,0,0,0,0
zc,WS301,2012-06-05 09:03:14.570,2482.0000,248292,0,0.0000,0.0000,0,0,多换,B,2481.0000,0.0000,0.0000,0.0000,0.0000,2482.0000,0.0000,0.0000,0.0000,0.0000,492,0,0,0,0,268,0,0,0,0
zc,WS301,2012-06-05 09:03:15.100,2481.0000,248292,0,0.0000,20.0000,10,10,空换,S,2481.0000,0.0000,0.0000,0.0000,0.0000,2482.0000,0.0000,0.0000,0.0000,0.0000,482,0,0,0,0,268,0,0,0,0
zc,WS301,2012-06-05 09:03:15.837,2482.0000,248292,0,0.0000,112.0000,56,56,多换,B,2481.0000,0.0000,0.0000,0.0000,0.0000,2482.0000,0.0000,0.0000,0.0000,0.0000,479,0,0,0,0,218,0,0,0,0
zc,WS301,2012-06-05 09:03:16.383,2482.0000,248204,-88,0.0000,374.0000,143,231,空平,B,2481.0000,0.0000,0.0000,0.0000,0.0000,2482.0000,0.0000,0.0000,0.0000,0.0000,479,0,0,0,0,32,0,0,0,0
zc,WS301,2012-06-05 09:03:16.867,2482.0000,248226,22,0.0000,66.0000,44,22,多开,B,2482.0000,0.0000,0.0000,0.0000,0.0000,2483.0000,0.0000,0.0000,0.0000,0.0000,185,0,0,0,0,349,0,0,0,0
zc,WS301,2012-06-05 09:03:17.587,2482.0000,248238,12,0.0000,12.0000,12,0,双开,B,2482.0000,0.0000,0.0000,0.0000,0.0000,2483.0000,0.0000,0.0000,0.0000,0.0000,188,0,0,0,0,362,0,0,0,0
zc,WS301,2012-06-05 09:03:18.133,2482.0000,248244,6,0.0000,6.0000,6,0,双开,B,2482.0000,0.0000,0.0000,0.0000,0.0000,2483.0000,0.0000,0.0000,0.0000,0.0000,186,0,0,0,0,361,0,0,0,0
zc,WS301,2012-06-05 09:03:18.850,2483.0000,248278,34,0.0000,100.0000,67,33,多开,B,2482.0000,0.0000,0.0000,0.0000,0.0000,2483.0000,0.0000,0.0000,0.0000,0.0000,167,0,0,0,0,356,0,0,0,0
zc,WS301,2012-06-05 09:03:19.367,2483.0000,248278,0,0.0000,0.0000,0,0,多换,B,2482.0000,0.0000,0.0000,0.0000,0.0000,2483.0000,0.0000,0.0000,0.0000,0.0000,59,0,0,0,0,355,0,0,0,0
zc,WS301,2012-06-05 09:03:20.100,2482.0000,248280,2,0.0000,8.0000,5,3,空开,S,2482.0000,0.0000,0.0000,0.0000,0.0000,2483.0000,0.0000,0.0000,0.0000,0.0000,56,0,0,0,0,357,0,0,0,0
zc,WS301,2012-06-05 09:03:20.570,2482.0000,248262,-18,0.0000,82.0000,32,50,多平,S,2482.0000,0.0000,0.0000,0.0000,0.0000,2483.0000,0.0000,0.0000,0.0000,0.0000,127,0,0,0,0,357,0,0,0,0
zc,WS301,2012-06-05 09:03:21.337,2483.0000,248266,4,0.0000,16.0000,10,6,多开,B,2482.0000,0.0000,0.0000,0.0000,0.0000,2483.0000,0.0000,0.0000,0.0000,0.0000,127,0,0,0,0,346,0,0,0,0
zc,WS301,2012-06-05 09:03:21.850,2482.0000,248268,2,0.0000,2.0000,2,0,双开,S,2482.0000,0.0000,0.0000,0.0000,0.0000,2483.0000,0.0000,0.0000,0.0000,0.0000,126,0,0,0,0,339,0,0,0,0
zc,WS301,2012-06-05 09:03:22.633,2482.0000,248288,20,0.0000,22.0000,21,1,空开,S,2482.0000,0.0000,0.0000,0.0000,0.0000,2483.0000,0.0000,0.0000,0.0000,0.0000,119,0,0,0,0,332,0,0,0,0
zc,WS301,2012-06-05 09:03:23.117,2482.0000,248292,4,0.0000,4.0000,4,0,双开,S,2482.0000,0.0000,0.0000,0.0000,0.0000,2483.0000,0.0000,0.0000,0.0000,0.0000,118,0,0,0,0,331,0,0,0,0
zc,WS301,2012-06-05 09:03:23.820,2482.0000,248292,0,0.0000,0.0000,0,0,空换,S,2482.0000,0.0000,0.0000,0.0000,0.0000,2483.0000,0.0000,0.0000,0.0000,0.0000,118,0,0,0,0,332,0,0,0,0
zc,WS301,2012-06-05 09:03:24.443,2482.0000,248302,10,0.0000,14.0000,12,2,空开,S,2482.0000,0.0000,0.0000,0.0000,0.0000,2483.0000,0.0000,0.0000,0.0000,0.0000,132,0,0,0,0,332,0,0,0,0
zc,WS301,2012-06-05 09:03:25.147,2482.0000,248304,2,0.0000,6.0000,4,2,空开,S,2482.0000,0.0000,0.0000,0.0000,0.0000,2483.0000,0.0000,0.0000,0.0000,0.0000,131,0,0,0,0,333,0,0,0,0
zc,WS301,2012-06-05 09:03:26.430,2482.0000,248308,4,0.0000,16.0000,10,6,空开,S,2482.0000,0.0000,0.0000,0.0000,0.0000,2483.0000,0.0000,0.0000,0.0000,0.0000,129,0,0,0,0,347,0,0,0,0
zc,WS301,2012-06-05 09:03:26.960,2482.0000,248308,0,0.0000,8.0000,4,4,空换,S,2482.0000,0.0000,0.0000,0.0000,0.0000,2483.0000,0.0000,0.0000,0.0000,0.0000,125,0,0,0,0,347,0,0,0,0
zc,WS301,2012-06-05 09:03:27.600,2482.0000,248290,-18,0.0000,64.0000,23,41,多平,S,2482.0000,0.0000,0.0000,0.0000,0.0000,2483.0000,0.0000,0.0000,0.0000,0.0000,104,0,0,0,0,337,0,0,0,0
zc,WS301,2012-06-05 09:03:28.087,2482.0000,248292,2,0.0000,2.0000,2,0,双开,S,2482.0000,0.0000,0.0000,0.0000,0.0000,2483.0000,0.0000,0.0000,0.0000,0.0000,105,0,0,0,0,347,0,0,0,0
zc,WS301,2012-06-05 09:03:28.787,2482.0000,248292,0,0.0000,4.0000,2,2,空换,S,2482.0000,0.0000,0.0000,0.0000,0.0000,2483.0000,0.0000,0.0000,0.0000,0.0000,214,0,0,0,0,338,0,0,0,0
zc,WS301,2012-06-05 09:03:29.367,2482.0000,248292,0,0.0000,0.0000,0,0,空换,S,2482.0000,0.0000,0.0000,0.0000,0.0000,2483.0000,0.0000,0.0000,0.0000,0.0000,215,0,0,0,0,347,0,0,0,0
zc,WS301,2012-06-05 09:03:29.883,2483.0000,248292,0,0.0000,10.0000,5,5,多换,B,2482.0000,0.0000,0.0000,0.0000,0.0000,2483.0000,0.0000,0.0000,0.0000,0.0000,236,0,0,0,0,342,0,0,0,0
zc,WS301,2012-06-05 09:03:30.570,2482.0000,248302,10,0.0000,14.0000,12,2,空开,S,2482.0000,0.0000,0.0000,0.0000,0.0000,2483.0000,0.0000,0.0000,0.0000,0.0000,232,0,0,0,0,342,0,0,0,0
zc,WS301,2012-06-05 09:03:31.100,2483.0000,248304,2,0.0000,4.0000,3,1,多开,B,2482.0000,0.0000,0.0000,0.0000,0.0000,2483.0000,0.0000,0.0000,0.0000,0.0000,233,0,0,0,0,341,0,0,0,0
zc,WS301,2012-06-05 09:03:31.617,2482.0000,248306,2,0.0000,50.0000,26,24,空开,S,2482.0000,0.0000,0.0000,0.0000,0.0000,2483.0000,0.0000,0.0000,0.0000,0.0000,232,0,0,0,0,321,0,0,0,0
zc,WS301,2012-06-05 09:03:32.117,2482.0000,248310,4,0.0000,4.0000,4,0,双开,S,2482.0000,0.0000,0.0000,0.0000,0.0000,2483.0000,0.0000,0.0000,0.0000,0.0000,235,0,0,0,0,321,0,0,0,0
zc,WS301,2012-06-05 09:03:32.883,2482.0000,248312,2,0.0000,2.0000,2,0,双开,S,2482.0000,0.0000,0.0000,0.0000,0.0000,2483.0000,0.0000,0.0000,0.0000,0.0000,234,0,0,0,0,325,0,0,0,0
zc,WS301,2012-06-05 09:03:33.350,2482.0000,248318,6,0.0000,26.0000,16,10,空开,S,2482.0000,0.0000,0.0000,0.0000,0.0000,2483.0000,0.0000,0.0000,0.0000,0.0000,342,0,0,0,0,325,0,0,0,0
zc,WS301,2012-06-05 09:03:34.133,2483.0000,248318,0,0.0000,94.0000,47,47,多换,B,2482.0000,0.0000,0.0000,0.0000,0.0000,2483.0000,0.0000,0.0000,0.0000,0.0000,343,0,0,0,0,262,0,0,0,0
zc,WS301,2012-06-05 09:03:34.867,2483.0000,248206,-112,0.0000,574.0000,231,343,空平,B,2482.0000,0.0000,0.0000,0.0000,0.0000,2483.0000,0.0000,0.0000,0.0000,0.0000,349,0,0,0,0,28,0,0,0,0
zc,WS301,2012-06-05 09:03:35.587,2483.0000,248278,72,0.0000,94.0000,83,11,多开,B,2483.0000,0.0000,0.0000,0.0000,0.0000,2484.0000,0.0000,0.0000,0.0000,0.0000,377,0,0,0,0,557,0,0,0,0
zc,WS301,2012-06-05 09:03:36.430,2483.0000,248284,6,0.0000,26.0000,16,10,多开,B,2483.0000,0.0000,0.0000,0.0000,0.0000,2484.0000,0.0000,0.0000,0.0000,0.0000,396,0,0,0,0,555,0,0,0,0
zc,WS301,2012-06-05 09:03:37.117,2483.0000,248284,0,0.0000,0.0000,0,0,多换,B,2483.0000,0.0000,0.0000,0.0000,0.0000,2484.0000,0.0000,0.0000,0.0000,0.0000,203,0,0,0,0,555,0,0,0,0
zc,WS301,2012-06-05 09:03:37.600,2483.0000,248284,0,0.0000,0.0000,0,0,多换,B,2483.0000,0.0000,0.0000,0.0000,0.0000,2484.0000,0.0000,0.0000,0.0000,0.0000,227,0,0,0,0,555,0,0,0,0
zc,WS301,2012-06-05 09:03:38.367,2483.0000,248318,34,0.0000,34.0000,34,0,双开,B,2483.0000,0.0000,0.0000,0.0000,0.0000,2484.0000,0.0000,0.0000,0.0000,0.0000,122,0,0,0,0,553,0,0,0,0
zc,WS301,2012-06-05 09:03:38.883,2483.0000,248332,14,0.0000,18.0000,16,2,多开,B,2483.0000,0.0000,0.0000,0.0000,0.0000,2484.0000,0.0000,0.0000,0.0000,0.0000,42,0,0,0,0,544,0,0,0,0
zc,WS301,2012-06-05 09:03:39.570,2483.0000,248416,84,0.0000,84.0000,84,0,双开,B,2482.0000,0.0000,0.0000,0.0000,0.0000,2483.0000,0.0000,0.0000,0.0000,0.0000,372,0,0,0,0,260,0,0,0,0
zc,WS301,2012-06-05 09:03:40.117,2483.0000,248418,2,0.0000,8.0000,5,3,多开,B,2482.0000,0.0000,0.0000,0.0000,0.0000,2483.0000,0.0000,0.0000,0.0000,0.0000,372,0,0,0,0,264,0,0,0,0
zc,WS301,2012-06-05 09:03:40.820,2483.0000,248440,22,0.0000,28.0000,25,3,多开,B,2482.0000,0.0000,0.0000,0.0000,0.0000,2483.0000,0.0000,0.0000,0.0000,0.0000,472,0,0,0,0,251,0,0,0,0
zc,WS301,2012-06-05 09:03:41.350,2483.0000,248440,0,0.0000,4.0000,2,2,多换,B,2482.0000,0.0000,0.0000,0.0000,0.0000,2483.0000,0.0000,0.0000,0.0000,0.0000,472,0,0,0,0,249,0,0,0,0
zc,WS301,2012-06-05 09:03:42.100,2483.0000,248444,4,0.0000,4.0000,4,0,双开,B,2482.0000,0.0000,0.0000,0.0000,0.0000,2483.0000,0.0000,0.0000,0.0000,0.0000,472,0,0,0,0,247,0,0,0,0
zc,WS301,2012-06-05 09:03:42.570,2483.0000,248564,120,0.0000,126.0000,123,3,多开,B,2482.0000,0.0000,0.0000,0.0000,0.0000,2483.0000,0.0000,0.0000,0.0000,0.0000,471,0,0,0,0,203,0,0,0,0
zc,WS301,2012-06-05 09:03:43.383,2483.0000,248654,90,0.0000,334.0000,212,122,多开,B,2482.0000,0.0000,0.0000,0.0000,0.0000,2483.0000,0.0000,0.0000,0.0000,0.0000,472,0,0,0,0,55,0,0,0,0
zc,WS301,2012-06-05 09:03:44.100,2483.0000,248626,-28,0.0000,70.0000,21,49,空平,B,2482.0000,0.0000,0.0000,0.0000,0.0000,2483.0000,0.0000,0.0000,0.0000,0.0000,457,0,0,0,0,20,0,0,0,0
zc,WS301,2012-06-05 09:03:44.553,2483.0000,248662,36,0.0000,42.0000,39,3,多开,B,2483.0000,0.0000,0.0000,0.0000,0.0000,2484.0000,0.0000,0.0000,0.0000,0.0000,132,0,0,0,0,512,0,0,0,0
zc,WS301,2012-06-05 09:03:45.100,2483.0000,248662,0,0.0000,4.0000,2,2,多换,B,2483.0000,0.0000,0.0000,0.0000,0.0000,2484.0000,0.0000,0.0000,0.0000,0.0000,140,0,0,0,0,512,0,0,0,0
zc,WS301,2012-06-05 09:03:45.837,2483.0000,248664,2,0.0000,4.0000,3,1,多开,B,2483.0000,0.0000,0.0000,0.0000,0.0000,2484.0000,0.0000,0.0000,0.0000,0.0000,142,0,0,0,0,511,0,0,0,0
zc,WS301,2012-06-05 09:03:46.553,2484.0000,248670,6,0.0000,8.0000,7,1,多开,B,2483.0000,0.0000,0.0000,0.0000,0.0000,2484.0000,0.0000,0.0000,0.0000,0.0000,139,0,0,0,0,510,0,0,0,0
zc,WS301,2012-06-05 09:03:47.117,2484.0000,248670,0,0.0000,0.0000,0,0,多换,B,2483.0000,0.0000,0.0000,0.0000,0.0000,2484.0000,0.0000,0.0000,0.0000,0.0000,144,0,0,0,0,510,0,0,0,0
zc,WS301,2012-06-05 09:03:47.867,2483.0000,248680,10,0.0000,10.0000,10,0,双开,S,2483.0000,0.0000,0.0000,0.0000,0.0000,2484.0000,0.0000,0.0000,0.0000,0.0000,149,0,0,0,0,520,0,0,0,0
zc,WS301,2012-06-05 09:03:48.273,2484.0000,248684,4,0.0000,6.0000,5,1,多开,B,2483.0000,0.0000,0.0000,0.0000,0.0000,2484.0000,0.0000,0.0000,0.0000,0.0000,155,0,0,0,0,518,0,0,0,0
zc,WS301,2012-06-05 09:03:49.070,2483.0000,248672,-12,0.0000,14.0000,1,13,多平,S,2483.0000,0.0000,0.0000,0.0000,0.0000,2484.0000,0.0000,0.0000,0.0000,0.0000,154,0,0,0,0,517,0,0,0,0
zc,WS301,2012-06-05 09:03:49.803,2484.0000,247794,-878,0.0000,1162.0000,142,1020,空平,B,2483.0000,0.0000,0.0000,0.0000,0.0000,2484.0000,0.0000,0.0000,0.0000,0.0000,77,0,0,0,0,61,0,0,0,0
zc,WS301,2012-06-05 09:03:50.367,2484.0000,247694,-100,0.0000,162.0000,31,131,空平,B,2484.0000,0.0000,0.0000,0.0000,0.0000,2485.0000,0.0000,0.0000,0.0000,0.0000,83,0,0,0,0,494,0,0,0,0
zc,WS301,2012-06-05 09:03:51.100,2484.0000,247694,0,0.0000,2.0000,1,1,多换,B,2484.0000,0.0000,0.0000,0.0000,0.0000,2485.0000,0.0000,0.0000,0.0000,0.0000,83,0,0,0,0,494,0,0,0,0
zc,WS301,2012-06-05 09:03:51.850,2484.0000,247694,0,0.0000,0.0000,0,0,多换,B,2484.0000,0.0000,0.0000,0.0000,0.0000,2485.0000,0.0000,0.0000,0.0000,0.0000,114,0,0,0,0,484,0,0,0,0
zc,WS301,2012-06-05 09:03:52.320,2484.0000,247694,0,0.0000,2.0000,1,1,多换,B,2484.0000,0.0000,0.0000,0.0000,0.0000,2485.0000,0.0000,0.0000,0.0000,0.0000,113,0,0,0,0,484,0,0,0,0
zc,WS301,2012-06-05 09:03:53.053,2485.0000,247700,6,0.0000,10.0000,8,2,多开,B,2484.0000,0.0000,0.0000,0.0000,0.0000,2485.0000,0.0000,0.0000,0.0000,0.0000,112,0,0,0,0,475,0,0,0,0
zc,WS301,2012-06-05 09:03:53.600,2485.0000,247726,26,0.0000,30.0000,28,2,多开,B,2484.0000,0.0000,0.0000,0.0000,0.0000,2485.0000,0.0000,0.0000,0.0000,0.0000,114,0,0,0,0,400,0,0,0,0
zc,WS301,2012-06-05 09:03:54.350,2485.0000,247742,16,0.0000,18.0000,17,1,多开,B,2484.0000,0.0000,0.0000,0.0000,0.0000,2485.0000,0.0000,0.0000,0.0000,0.0000,92,0,0,0,0,392,0,0,0,0
zc,WS301,2012-06-05 09:03:54.883,2485.0000,247742,0,0.0000,6.0000,3,3,多换,B,2484.0000,0.0000,0.0000,0.0000,0.0000,2485.0000,0.0000,0.0000,0.0000,0.0000,91,0,0,0,0,390,0,0,0,0
zc,WS301,2012-06-05 09:03:55.600,2485.0000,247750,8,0.0000,8.0000,8,0,双开,B,2484.0000,0.0000,0.0000,0.0000,0.0000,2485.0000,0.0000,0.0000,0.0000,0.0000,93,0,0,0,0,386,0,0,0,0
zc,WS301,2012-06-05 09:03:56.100,2485.0000,247752,2,0.0000,2.0000,2,0,双开,B,2484.0000,0.0000,0.0000,0.0000,0.0000,2485.0000,0.0000,0.0000,0.0000,0.0000,93,0,0,0,0,386,0,0,0,0
zc,WS301,2012-06-05 09:03:56.850,2485.0000,247780,28,0.0000,30.0000,29,1,多开,B,2484.0000,0.0000,0.0000,0.0000,0.0000,2485.0000,0.0000,0.0000,0.0000,0.0000,92,0,0,0,0,372,0,0,0,0
zc,WS301,2012-06-05 09:03:57.337,2484.0000,247778,-2,0.0000,10.0000,4,6,多平,S,2484.0000,0.0000,0.0000,0.0000,0.0000,2485.0000,0.0000,0.0000,0.0000,0.0000,96,0,0,0,0,367,0,0,0,0
zc,WS301,2012-06-05 09:03:58.100,2485.0000,247778,0,0.0000,2.0000,1,1,多换,B,2484.0000,0.0000,0.0000,0.0000,0.0000,2485.0000,0.0000,0.0000,0.0000,0.0000,96,0,0,0,0,362,0,0,0,0
zc,WS301,2012-06-05 09:03:58.537,2485.0000,247776,-2,0.0000,16.0000,7,9,空平,B,2484.0000,0.0000,0.0000,0.0000,0.0000,2485.0000,0.0000,0.0000,0.0000,0.0000,104,0,0,0,0,357,0,0,0,0
zc,WS301,2012-06-05 09:03:59.320,2484.0000,247772,-4,0.0000,12.0000,4,8,多平,S,2484.0000,0.0000,0.0000,0.0000,0.0000,2485.0000,0.0000,0.0000,0.0000,0.0000,104,0,0,0,0,354,0,0,0,0
zc,WS301,2012-06-05 09:04:00.663,2485.0000,247488,-284,0.0000,470.0000,93,377,空平,B,2484.0000,0.0000,0.0000,0.0000,0.0000,2485.0000,0.0000,0.0000,0.0000,0.0000,87,0,0,0,0,141,0,0,0,0
zc,WS301,2012-06-05 09:04:00.803,2485.0000,247488,0,0.0000,4.0000,2,2,多换,B,2484.0000,0.0000,0.0000,0.0000,0.0000,2485.0000,0.0000,0.0000,0.0000,0.0000,86,0,0,0,0,141,0,0,0,0
zc,WS301,2012-06-05 09:04:01.617,2485.0000,247510,22,0.0000,22.0000,22,0,双开,B,2484.0000,0.0000,0.0000,0.0000,0.0000,2485.0000,0.0000,0.0000,0.0000,0.0000,86,0,0,0,0,130,0,0,0,0
zc,WS301,2012-06-05 09:04:02.383,2485.0000,247504,-6,0.0000,14.0000,4,10,空平,B,2484.0000,0.0000,0.0000,0.0000,0.0000,2485.0000,0.0000,0.0000,0.0000,0.0000,197,0,0,0,0,125,0,0,0,0
zc,WS301,2012-06-05 09:04:02.850,2485.0000,247418,-86,0.0000,112.0000,13,99,空平,B,2484.0000,0.0000,0.0000,0.0000,0.0000,2485.0000,0.0000,0.0000,0.0000,0.0000,153,0,0,0,0,120,0,0,0,0
zc,WS301,2012-06-05 09:04:03.570,2485.0000,247408,-10,0.0000,10.0000,0,10,双平,B,2484.0000,0.0000,0.0000,0.0000,0.0000,2485.0000,0.0000,0.0000,0.0000,0.0000,154,0,0,0,0,118,0,0,0,0
zc,WS301,2012-06-05 09:04:04.070,2485.0000,247402,-6,0.0000,10.0000,2,8,空平,B,2484.0000,0.0000,0.0000,0.0000,0.0000,2485.0000,0.0000,0.0000,0.0000,0.0000,158,0,0,0,0,118,0,0,0,0
zc,WS301,2012-06-05 09:04:04.883,2484.0000,247400,-2,0.0000,18.0000,8,10,多平,S,2484.0000,0.0000,0.0000,0.0000,0.0000,2485.0000,0.0000,0.0000,0.0000,0.0000,154,0,0,0,0,114,0,0,0,0
zc,WS301,2012-06-05 09:04:05.600,2485.0000,247378,-22,0.0000,26.0000,2,24,空平,B,2484.0000,0.0000,0.0000,0.0000,0.0000,2485.0000,0.0000,0.0000,0.0000,0.0000,205,0,0,0,0,103,0,0,0,0
zc,WS301,2012-06-05 09:04:06.070,2485.0000,247358,-20,0.0000,26.0000,3,23,空平,B,2484.0000,0.0000,0.0000,0.0000,0.0000,2485.0000,0.0000,0.0000,0.0000,0.0000,207,0,0,0,0,91,0,0,0,0
zc,WS301,2012-06-05 09:04:07.100,2484.0000,247274,-84,0.0000,190.0000,53,137,多平,S,2484.0000,0.0000,0.0000,0.0000,0.0000,2485.0000,0.0000,0.0000,0.0000,0.0000,193,0,0,0,0,49,0,0,0,0
zc,WS301,2012-06-05 09:04:07.647,2485.0000,247310,36,0.0000,94.0000,65,29,多开,B,2484.0000,0.0000,0.0000,0.0000,0.0000,2485.0000,0.0000,0.0000,0.0000,0.0000,220,0,0,0,0,65,0,0,0,0
zc,WS301,2012-06-05 09:04:08.430,2485.0000,247310,0,0.0000,24.0000,12,12,多换,B,2484.0000,0.0000,0.0000,0.0000,0.0000,2485.0000,0.0000,0.0000,0.0000,0.0000,321,0,0,0,0,138,0,0,0,0
zc,WS301,2012-06-05 09:04:08.820,2485.0000,247316,6,0.0000,108.0000,57,51,多开,B,2484.0000,0.0000,0.0000,0.0000,0.0000,2485.0000,0.0000,0.0000,0.0000,0.0000,319,0,0,0,0,144,0,0,0,0
zc,WS301,2012-06-05 09:04:09.553,2485.0000,247316,0,0.0000,20.0000,10,10,多换,B,2484.0000,0.0000,0.0000,0.0000,0.0000,2485.0000,0.0000,0.0000,0.0000,0.0000,319,0,0,0,0,137,0,0,0,0
zc,WS301,2012-06-05 09:04:10.053,2485.0000,247316,0,0.0000,6.0000,3,3,多换,B,2484.0000,0.0000,0.0000,0.0000,0.0000,2485.0000,0.0000,0.0000,0.0000,0.0000,318,0,0,0,0,136,0,0,0,0
zc,WS301,2012-06-05 09:04:10.883,2484.0000,247316,0,0.0000,44.0000,22,22,空换,S,2484.0000,0.0000,0.0000,0.0000,0.0000,2485.0000,0.0000,0.0000,0.0000,0.0000,317,0,0,0,0,134,0,0,0,0
zc,WS301,2012-06-05 09:04:11.383,2485.0000,247310,-6,0.0000,336.0000,165,171,空平,B,2484.0000,0.0000,0.0000,0.0000,0.0000,2485.0000,0.0000,0.0000,0.0000,0.0000,165,0,0,0,0,122,0,0,0,0
zc,WS301,2012-06-05 09:04:12.100,2485.0000,247310,0,0.0000,10.0000,5,5,多换,B,2484.0000,0.0000,0.0000,0.0000,0.0000,2485.0000,0.0000,0.0000,0.0000,0.0000,169,0,0,0,0,120,0,0,0,0
zc,WS301,2012-06-05 09:04:12.837,2485.0000,247310,0,0.0000,2.0000,1,1,多换,B,2484.0000,0.0000,0.0000,0.0000,0.0000,2485.0000,0.0000,0.0000,0.0000,0.0000,169,0,0,0,0,134,0,0,0,0
zc,WS301,2012-06-05 09:04:13.397,2485.0000,247310,0,0.0000,4.0000,2,2,多换,B,2484.0000,0.0000,0.0000,0.0000,0.0000,2485.0000,0.0000,0.0000,0.0000,0.0000,169,0,0,0,0,236,0,0,0,0
zc,WS301,2012-06-05 09:04:14.100,2484.0000,247320,10,0.0000,14.0000,12,2,空开,S,2484.0000,0.0000,0.0000,0.0000,0.0000,2485.0000,0.0000,0.0000,0.0000,0.0000,183,0,0,0,0,241,0,0,0,0
zc,WS301,2012-06-05 09:04:14.617,2484.0000,247294,-26,0.0000,84.0000,29,55,多平,S,2484.0000,0.0000,0.0000,0.0000,0.0000,2485.0000,0.0000,0.0000,0.0000,0.0000,155,0,0,0,0,237,0,0,0,0
zc,WS301,2012-06-05 09:04:15.070,2485.0000,247290,-4,0.0000,6.0000,1,5,空平,B,2484.0000,0.0000,0.0000,0.0000,0.0000,2485.0000,0.0000,0.0000,0.0000,0.0000,167,0,0,0,0,244,0,0,0,0
zc,WS301,2012-06-05 09:04:15.587,2484.0000,247288,-2,0.0000,100.0000,49,51,多平,S,2484.0000,0.0000,0.0000,0.0000,0.0000,2485.0000,0.0000,0.0000,0.0000,0.0000,129,0,0,0,0,251,0,0,0,0
zc,WS301,2012-06-05 09:04:16.337,2485.0000,247290,2,0.0000,160.0000,81,79,多开,B,2484.0000,0.0000,0.0000,0.0000,0.0000,2485.0000,0.0000,0.0000,0.0000,0.0000,70,0,0,0,0,174,0,0,0,0
zc,WS301,2012-06-05 09:04:16.787,2485.0000,247300,10,0.0000,58.0000,34,24,多开,B,2484.0000,0.0000,0.0000,0.0000,0.0000,2485.0000,0.0000,0.0000,0.0000,0.0000,70,0,0,0,0,146,0,0,0,0
zc,WS301,2012-06-05 09:04:17.600,2484.0000,247306,6,0.0000,40.0000,23,17,空开,S,2484.0000,0.0000,0.0000,0.0000,0.0000,2485.0000,0.0000,0.0000,0.0000,0.0000,53,0,0,0,0,145,0,0,0,0
zc,WS301,2012-06-05 09:04:18.133,2484.0000,247268,-38,0.0000,88.0000,25,63,多平,S,2484.0000,0.0000,0.0000,0.0000,0.0000,2485.0000,0.0000,0.0000,0.0000,0.0000,24,0,0,0,0,172,0,0,0,0
zc,WS301,2012-06-05 09:04:18.837,2485.0000,247288,20,0.0000,28.0000,24,4,多开,B,2484.0000,0.0000,0.0000,0.0000,0.0000,2485.0000,0.0000,0.0000,0.0000,0.0000,16,0,0,0,0,169,0,0,0,0
zc,WS301,2012-06-05 09:04:19.337,2484.0000,247288,0,0.0000,2.0000,1,1,空换,S,2484.0000,0.0000,0.0000,0.0000,0.0000,2485.0000,0.0000,0.0000,0.0000,0.0000,15,0,0,0,0,170,0,0,0,0
zc,WS301,2012-06-05 09:04:20.100,2484.0000,247284,-4,0.0000,20.0000,8,12,多平,S,2484.0000,0.0000,0.0000,0.0000,0.0000,2485.0000,0.0000,0.0000,0.0000,0.0000,6,0,0,0,0,173,0,0,0,0
zc,WS301,2012-06-05 09:04:20.537,2485.0000,247282,-2,0.0000,6.0000,2,4,空平,B,2484.0000,0.0000,0.0000,0.0000,0.0000,2485.0000,0.0000,0.0000,0.0000,0.0000,115,0,0,0,0,181,0,0,0,0
zc,WS301,2012-06-05 09:04:21.383,2484.0000,247282,0,0.0000,2.0000,1,1,空换,S,2484.0000,0.0000,0.0000,0.0000,0.0000,2485.0000,0.0000,0.0000,0.0000,0.0000,115,0,0,0,0,203,0,0,0,0
zc,WS301,2012-06-05 09:04:22.133,2484.0000,247282,0,0.0000,0.0000,0,0,空换,S,2484.0000,0.0000,0.0000,0.0000,0.0000,2485.0000,0.0000,0.0000,0.0000,0.0000,115,0,0,0,0,214,0,0,0,0
zc,WS301,2012-06-05 09:04:22.287,2484.0000,247280,-2,0.0000,2.0000,0,2,双平,S,2484.0000,0.0000,0.0000,0.0000,0.0000,2485.0000,0.0000,0.0000,0.0000,0.0000,124,0,0,0,0,215,0,0,0,0
zc,WS301,2012-06-05 09:04:23.087,2485.0000,247282,2,0.0000,2.0000,2,0,双开,B,2484.0000,0.0000,0.0000,0.0000,0.0000,2485.0000,0.0000,0.0000,0.0000,0.0000,124,0,0,0,0,220,0,0,0,0
zc,WS301,2012-06-05 09:04:23.570,2484.0000,247284,2,0.0000,154.0000,78,76,空开,S,2484.0000,0.0000,0.0000,0.0000,0.0000,2485.0000,0.0000,0.0000,0.0000,0.0000,47,0,0,0,0,219,0,0,0,0
zc,WS301,2012-06-05 09:04:24.320,2485.0000,247288,4,0.0000,4.0000,4,0,双开,B,2484.0000,0.0000,0.0000,0.0000,0.0000,2485.0000,0.0000,0.0000,0.0000,0.0000,52,0,0,0,0,218,0,0,0,0
zc,WS301,2012-06-05 09:04:24.820,2484.0000,247274,-14,0.0000,154.0000,70,84,多平,S,2483.0000,0.0000,0.0000,0.0000,0.0000,2484.0000,0.0000,0.0000,0.0000,0.0000,242,0,0,0,0,140,0,0,0,0
zc,WS301,2012-06-05 09:04:26.117,2484.0000,247272,-2,0.0000,8.0000,3,5,多平,S,2483.0000,0.0000,0.0000,0.0000,0.0000,2484.0000,0.0000,0.0000,0.0000,0.0000,241,0,0,0,0,146,0,0,0,0
zc,WS301,2012-06-05 09:04:26.587,2484.0000,247222,-50,0.0000,50.0000,0,50,双平,S,2483.0000,0.0000,0.0000,0.0000,0.0000,2484.0000,0.0000,0.0000,0.0000,0.0000,241,0,0,0,0,142,0,0,0,0
zc,WS301,2012-06-05 09:04:27.117,2484.0000,247202,-20,0.0000,32.0000,6,26,多平,S,2483.0000,0.0000,0.0000,0.0000,0.0000,2484.0000,0.0000,0.0000,0.0000,0.0000,227,0,0,0,0,131,0,0,0,0
zc,WS301,2012-06-05 09:04:27.837,2483.0000,247204,2,0.0000,2.0000,2,0,双开,S,2483.0000,0.0000,0.0000,0.0000,0.0000,2484.0000,0.0000,0.0000,0.0000,0.0000,337,0,0,0,0,169,0,0,0,0
zc,WS301,2012-06-05 09:04:28.600,2483.0000,247204,0,0.0000,2.0000,1,1,空换,S,2483.0000,0.0000,0.0000,0.0000,0.0000,2484.0000,0.0000,0.0000,0.0000,0.0000,346,0,0,0,0,171,0,0,0,0
zc,WS301,2012-06-05 09:04:29.070,2483.0000,247222,18,0.0000,104.0000,61,43,空开,S,2483.0000,0.0000,0.0000,0.0000,0.0000,2484.0000,0.0000,0.0000,0.0000,0.0000,294,0,0,0,0,189,0,0,0,0
zc,WS301,2012-06-05 09:04:29.537,2484.0000,247222,0,0.0000,10.0000,5,5,多换,B,2483.0000,0.0000,0.0000,0.0000,0.0000,2484.0000,0.0000,0.0000,0.0000,0.0000,294,0,0,0,0,195,0,0,0,0
zc,WS301,2012-06-05 09:04:30.100,2484.0000,247222,0,0.0000,2.0000,1,1,多换,B,2483.0000,0.0000,0.0000,0.0000,0.0000,2484.0000,0.0000,0.0000,0.0000,0.0000,294,0,0,0,0,195,0,0,0,0
zc,WS301,2012-06-05 09:04:30.837,2483.0000,247222,0,0.0000,4.0000,2,2,空换,S,2483.0000,0.0000,0.0000,0.0000,0.0000,2484.0000,0.0000,0.0000,0.0000,0.0000,292,0,0,0,0,195,0,0,0,0
zc,WS301,2012-06-05 09:04:31.837,2483.0000,247224,2,0.0000,4.0000,3,1,空开,S,2483.0000,0.0000,0.0000,0.0000,0.0000,2484.0000,0.0000,0.0000,0.0000,0.0000,290,0,0,0,0,201,0,0,0,0
zc,WS301,2012-06-05 09:04:32.350,2483.0000,247226,2,0.0000,4.0000,3,1,空开,S,2483.0000,0.0000,0.0000,0.0000,0.0000,2484.0000,0.0000,0.0000,0.0000,0.0000,288,0,0,0,0,203,0,0,0,0
zc,WS301,2012-06-05 09:04:33.087,2483.0000,247228,2,0.0000,2.0000,2,0,双开,S,2483.0000,0.0000,0.0000,0.0000,0.0000,2484.0000,0.0000,0.0000,0.0000,0.0000,287,0,0,0,0,204,0,0,0,0
zc,WS301,2012-06-05 09:04:33.820,2483.0000,247226,-2,0.0000,42.0000,20,22,多平,S,2483.0000,0.0000,0.0000,0.0000,0.0000,2484.0000,0.0000,0.0000,0.0000,0.0000,267,0,0,0,0,203,0,0,0,0
zc,WS301,2012-06-05 09:04:34.287,2483.0000,247228,2,0.0000,4.0000,3,1,空开,S,2483.0000,0.0000,0.0000,0.0000,0.0000,2484.0000,0.0000,0.0000,0.0000,0.0000,265,0,0,0,0,199,0,0,0,0
zc,WS301,2012-06-05 09:04:35.037,2484.0000,247226,-2,0.0000,6.0000,2,4,空平,B,2483.0000,0.0000,0.0000,0.0000,0.0000,2484.0000,0.0000,0.0000,0.0000,0.0000,264,0,0,0,0,205,0,0,0,0
zc,WS301,2012-06-05 09:04:35.693,2483.0000,247226,0,0.0000,12.0000,6,6,空换,S,2483.0000,0.0000,0.0000,0.0000,0.0000,2484.0000,0.0000,0.0000,0.0000,0.0000,262,0,0,0,0,202,0,0,0,0
zc,WS301,2012-06-05 09:04:36.337,2484.0000,247226,0,0.0000,8.0000,4,4,多换,B,2483.0000,0.0000,0.0000,0.0000,0.0000,2484.0000,0.0000,0.0000,0.0000,0.0000,262,0,0,0,0,199,0,0,0,0
zc,WS301,2012-06-05 09:04:36.803,2483.0000,247226,0,0.0000,2.0000,1,1,空换,S,2483.0000,0.0000,0.0000,0.0000,0.0000,2484.0000,0.0000,0.0000,0.0000,0.0000,265,0,0,0,0,201,0,0,0,0
zc,WS301,2012-06-05 09:04:37.320,2483.0000,247226,0,0.0000,28.0000,14,14,空换,S,2483.0000,0.0000,0.0000,0.0000,0.0000,2484.0000,0.0000,0.0000,0.0000,0.0000,260,0,0,0,0,192,0,0,0,0
zc,WS301,2012-06-05 09:04:37.837,2483.0000,247230,4,0.0000,4.0000,4,0,双开,S,2483.0000,0.0000,0.0000,0.0000,0.0000,2484.0000,0.0000,0.0000,0.0000,0.0000,258,0,0,0,0,193,0,0,0,0
zc,WS301,2012-06-05 09:04:38.600,2483.0000,247244,14,0.0000,54.0000,34,20,空开,S,2483.0000,0.0000,0.0000,0.0000,0.0000,2484.0000,0.0000,0.0000,0.0000,0.0000,231,0,0,0,0,198,0,0,0,0
zc,WS301,2012-06-05 09:04:39.053,2483.0000,247250,6,0.0000,6.0000,6,0,双开,S,2483.0000,0.0000,0.0000,0.0000,0.0000,2484.0000,0.0000,0.0000,0.0000,0.0000,228,0,0,0,0,197,0,0,0,0
zc,WS301,2012-06-05 09:04:39.867,2483.0000,247250,0,0.0000,2.0000,1,1,空换,S,2483.0000,0.0000,0.0000,0.0000,0.0000,2484.0000,0.0000,0.0000,0.0000,0.0000,227,0,0,0,0,197,0,0,0,0
zc,WS301,2012-06-05 09:04:40.303,2483.0000,247250,0,0.0000,2.0000,1,1,空换,S,2483.0000,0.0000,0.0000,0.0000,0.0000,2484.0000,0.0000,0.0000,0.0000,0.0000,226,0,0,0,0,207,0,0,0,0
zc,WS301,2012-06-05 09:04:40.820,2483.0000,247250,0,0.0000,0.0000,0,0,空换,S,2483.0000,0.0000,0.0000,0.0000,0.0000,2484.0000,0.0000,0.0000,0.0000,0.0000,226,0,0,0,0,210,0,0,0,0
zc,WS301,2012-06-05 09:04:41.570,2483.0000,247252,2,0.0000,42.0000,22,20,空开,S,2483.0000,0.0000,0.0000,0.0000,0.0000,2484.0000,0.0000,0.0000,0.0000,0.0000,205,0,0,0,0,231,0,0,0,0
zc,WS301,2012-06-05 09:04:42.617,2483.0000,247642,390,0.0000,400.0000,395,5,空开,S,2483.0000,0.0000,0.0000,0.0000,0.0000,2484.0000,0.0000,0.0000,0.0000,0.0000,5,0,0,0,0,231,0,0,0,0
zc,WS301,2012-06-05 09:04:43.133,2483.0000,247642,0,0.0000,12.0000,6,6,空换,S,2482.0000,0.0000,0.0000,0.0000,0.0000,2483.0000,0.0000,0.0000,0.0000,0.0000,242,0,0,0,0,4,0,0,0,0
zc,WS301,2012-06-05 09:04:43.820,2483.0000,247636,-6,0.0000,14.0000,4,10,多平,S,2482.0000,0.0000,0.0000,0.0000,0.0000,2483.0000,0.0000,0.0000,0.0000,0.0000,233,0,0,0,0,41,0,0,0,0
zc,WS301,2012-06-05 09:04:44.320,2483.0000,247606,-30,0.0000,90.0000,30,60,多平,S,2483.0000,0.0000,0.0000,0.0000,0.0000,2484.0000,0.0000,0.0000,0.0000,0.0000,1,0,0,0,0,224,0,0,0,0
zc,WS301,2012-06-05 09:04:44.773,2483.0000,247604,-2,0.0000,4.0000,1,3,多平,S,2483.0000,0.0000,0.0000,0.0000,0.0000,2484.0000,0.0000,0.0000,0.0000,0.0000,16,0,0,0,0,225,0,0,0,0
zc,WS301,2012-06-05 09:04:45.523,2483.0000,247602,-2,0.0000,4.0000,1,3,多平,S,2483.0000,0.0000,0.0000,0.0000,0.0000,2484.0000,0.0000,0.0000,0.0000,0.0000,19,0,0,0,0,226,0,0,0,0
zc,WS301,2012-06-05 09:04:46.087,2483.0000,247536,-66,0.0000,76.0000,5,71,多平,S,2483.0000,0.0000,0.0000,0.0000,0.0000,2484.0000,0.0000,0.0000,0.0000,0.0000,36,0,0,0,0,226,0,0,0,0
zc,WS301,2012-06-05 09:04:46.803,2483.0000,247490,-46,0.0000,72.0000,13,59,多平,S,2483.0000,0.0000,0.0000,0.0000,0.0000,2484.0000,0.0000,0.0000,0.0000,0.0000,13,0,0,0,0,229,0,0,0,0
zc,WS301,2012-06-05 09:04:47.337,2483.0000,247490,0,0.0000,0.0000,0,0,空换,S,2483.0000,0.0000,0.0000,0.0000,0.0000,2484.0000,0.0000,0.0000,0.0000,0.0000,23,0,0,0,0,229,0,0,0,0
zc,WS301,2012-06-05 09:04:48.460,2483.0000,247486,-4,0.0000,4.0000,0,4,双平,S,2483.0000,0.0000,0.0000,0.0000,0.0000,2484.0000,0.0000,0.0000,0.0000,0.0000,30,0,0,0,0,231,0,0,0,0
zc,WS301,2012-06-05 09:04:49.117,2483.0000,247476,-10,0.0000,24.0000,7,17,多平,S,2483.0000,0.0000,0.0000,0.0000,0.0000,2484.0000,0.0000,0.0000,0.0000,0.0000,24,0,0,0,0,231,0,0,0,0
zc,WS301,2012-06-05 09:04:49.867,2483.0000,247436,-40,0.0000,46.0000,3,43,多平,S,2483.0000,0.0000,0.0000,0.0000,0.0000,2484.0000,0.0000,0.0000,0.0000,0.0000,54,0,0,0,0,232,0,0,0,0
zc,WS301,2012-06-05 09:04:50.523,2483.0000,247436,0,0.0000,2.0000,1,1,空换,S,2483.0000,0.0000,0.0000,0.0000,0.0000,2484.0000,0.0000,0.0000,0.0000,0.0000,53,0,0,0,0,233,0,0,0,0
zc,WS301,2012-06-05 09:04:51.023,2483.0000,247394,-42,0.0000,44.0000,1,43,多平,S,2483.0000,0.0000,0.0000,0.0000,0.0000,2484.0000,0.0000,0.0000,0.0000,0.0000,47,0,0,0,0,233,0,0,0,0
zc,WS301,2012-06-05 09:04:52.053,2483.0000,247282,-112,0.0000,146.0000,17,129,多平,S,2483.0000,0.0000,0.0000,0.0000,0.0000,2484.0000,0.0000,0.0000,0.0000,0.0000,11,0,0,0,0,233,0,0,0,0
zc,WS301,2012-06-05 09:04:53.257,2484.0000,247276,-6,0.0000,16.0000,5,11,空平,B,2483.0000,0.0000,0.0000,0.0000,0.0000,2484.0000,0.0000,0.0000,0.0000,0.0000,8,0,0,0,0,228,0,0,0,0
zc,WS301,2012-06-05 09:04:54.053,2483.0000,247296,20,0.0000,36.0000,28,8,空开,S,2483.0000,0.0000,0.0000,0.0000,0.0000,2484.0000,0.0000,0.0000,0.0000,0.0000,8,0,0,0,0,229,0,0,0,0
zc,WS301,2012-06-05 09:04:55.053,2484.0000,247296,0,0.0000,2.0000,1,1,多换,B,2483.0000,0.0000,0.0000,0.0000,0.0000,2484.0000,0.0000,0.0000,0.0000,0.0000,24,0,0,0,0,234,0,0,0,0
zc,WS301,2012-06-05 09:04:55.787,2484.0000,247308,12,0.0000,24.0000,18,6,多开,B,2483.0000,0.0000,0.0000,0.0000,0.0000,2484.0000,0.0000,0.0000,0.0000,0.0000,17,0,0,0,0,229,0,0,0,0
zc,WS301,2012-06-05 09:04:56.273,2483.0000,247308,0,0.0000,22.0000,11,11,空换,S,2483.0000,0.0000,0.0000,0.0000,0.0000,2484.0000,0.0000,0.0000,0.0000,0.0000,6,0,0,0,0,230,0,0,0,0
zc,WS301,2012-06-05 09:04:57.053,2484.0000,247302,-6,0.0000,6.0000,0,6,双平,B,2483.0000,0.0000,0.0000,0.0000,0.0000,2484.0000,0.0000,0.0000,0.0000,0.0000,5,0,0,0,0,228,0,0,0,0
zc,WS301,2012-06-05 09:04:57.287,2483.0000,247306,4,0.0000,12.0000,8,4,空开,S,2482.0000,0.0000,0.0000,0.0000,0.0000,2483.0000,0.0000,0.0000,0.0000,0.0000,276,0,0,0,0,28,0,0,0,0
zc,WS301,2012-06-05 09:04:58.070,2483.0000,247306,0,0.0000,2.0000,1,1,空换,S,2482.0000,0.0000,0.0000,0.0000,0.0000,2483.0000,0.0000,0.0000,0.0000,0.0000,285,0,0,0,0,63,0,0,0,0
zc,WS301,2012-06-05 09:04:58.600,2483.0000,247320,14,0.0000,18.0000,16,2,空开,S,2482.0000,0.0000,0.0000,0.0000,0.0000,2483.0000,0.0000,0.0000,0.0000,0.0000,284,0,0,0,0,135,0,0,0,0
zc,WS301,2012-06-05 09:04:59.337,2483.0000,247332,12,0.0000,12.0000,12,0,双开,S,2482.0000,0.0000,0.0000,0.0000,0.0000,2483.0000,0.0000,0.0000,0.0000,0.0000,284,0,0,0,0,129,0,0,0,0
zc,WS301,2012-06-05 09:05:00.037,2483.0000,247334,2,0.0000,2.0000,2,0,双开,S,2482.0000,0.0000,0.0000,0.0000,0.0000,2483.0000,0.0000,0.0000,0.0000,0.0000,284,0,0,0,0,129,0,0,0,0
zc,WS301,2012-06-05 09:05:00.320,2483.0000,247340,6,0.0000,6.0000,6,0,双开,S,2482.0000,0.0000,0.0000,0.0000,0.0000,2483.0000,0.0000,0.0000,0.0000,0.0000,267,0,0,0,0,177,0,0,0,0
zc,WS301,2012-06-05 09:05:01.070,2483.0000,247530,190,0.0000,190.0000,190,0,双开,S,2482.0000,0.0000,0.0000,0.0000,0.0000,2483.0000,0.0000,0.0000,0.0000,0.0000,277,0,0,0,0,97,0,0,0,0
zc,WS301,2012-06-05 09:05:01.553,2483.0000,247530,0,0.0000,0.0000,0,0,空换,S,2482.0000,0.0000,0.0000,0.0000,0.0000,2483.0000,0.0000,0.0000,0.0000,0.0000,277,0,0,0,0,99,0,0,0,0
zc,WS301,2012-06-05 09:05:02.053,2483.0000,247530,0,0.0000,0.0000,0,0,空换,S,2482.0000,0.0000,0.0000,0.0000,0.0000,2483.0000,0.0000,0.0000,0.0000,0.0000,276,0,0,0,0,99,0,0,0,0
zc,WS301,2012-06-05 09:05:02.537,2483.0000,247530,0,0.0000,10.0000,5,5,空换,S,2482.0000,0.0000,0.0000,0.0000,0.0000,2483.0000,0.0000,0.0000,0.0000,0.0000,277,0,0,0,0,104,0,0,0,0
zc,WS301,2012-06-05 09:05:03.337,2483.0000,247530,0,0.0000,2.0000,1,1,空换,S,2482.0000,0.0000,0.0000,0.0000,0.0000,2483.0000,0.0000,0.0000,0.0000,0.0000,274,0,0,0,0,103,0,0,0,0
zc,WS301,2012-06-05 09:05:03.803,2483.0000,247530,0,0.0000,0.0000,0,0,空换,S,2482.0000,0.0000,0.0000,0.0000,0.0000,2483.0000,0.0000,0.0000,0.0000,0.0000,275,0,0,0,0,103,0,0,0,0
zc,WS301,2012-06-05 09:05:04.303,2483.0000,247530,0,0.0000,10.0000,5,5,空换,S,2482.0000,0.0000,0.0000,0.0000,0.0000,2483.0000,0.0000,0.0000,0.0000,0.0000,278,0,0,0,0,107,0,0,0,0
zc,WS301,2012-06-05 09:05:05.087,2483.0000,247530,0,0.0000,2.0000,1,1,空换,S,2482.0000,0.0000,0.0000,0.0000,0.0000,2483.0000,0.0000,0.0000,0.0000,0.0000,280,0,0,0,0,112,0,0,0,0
zc,WS301,2012-06-05 09:05:05.587,2483.0000,247530,0,0.0000,0.0000,0,0,空换,S,2482.0000,0.0000,0.0000,0.0000,0.0000,2483.0000,0.0000,0.0000,0.0000,0.0000,284,0,0,0,0,112,0,0,0,0
zc,WS301,2012-06-05 09:05:06.337,2483.0000,247596,66,0.0000,104.0000,85,19,空开,S,2482.0000,0.0000,0.0000,0.0000,0.0000,2483.0000,0.0000,0.0000,0.0000,0.0000,284,0,0,0,0,60,0,0,0,0
zc,WS301,2012-06-05 09:05:06.537,2483.0000,247604,8,0.0000,8.0000,8,0,双开,S,2482.0000,0.0000,0.0000,0.0000,0.0000,2483.0000,0.0000,0.0000,0.0000,0.0000,275,0,0,0,0,59,0,0,0,0
zc,WS301,2012-06-05 09:05:07.337,2482.0000,247602,-2,0.0000,2.0000,0,2,双平,S,2482.0000,0.0000,0.0000,0.0000,0.0000,2483.0000,0.0000,0.0000,0.0000,0.0000,263,0,0,0,0,79,0,0,0,0
zc,WS301,2012-06-05 09:05:07.787,2483.0000,247606,4,0.0000,4.0000,4,0,双开,B,2482.0000,0.0000,0.0000,0.0000,0.0000,2483.0000,0.0000,0.0000,0.0000,0.0000,264,0,0,0,0,77,0,0,0,0
zc,WS301,2012-06-05 09:05:08.600,2483.0000,247608,2,0.0000,6.0000,4,2,多开,B,2482.0000,0.0000,0.0000,0.0000,0.0000,2483.0000,0.0000,0.0000,0.0000,0.0000,263,0,0,0,0,80,0,0,0,0
zc,WS301,2012-06-05 09:05:09.087,2483.0000,247610,2,0.0000,2.0000,2,0,双开,B,2482.0000,0.0000,0.0000,0.0000,0.0000,2483.0000,0.0000,0.0000,0.0000,0.0000,264,0,0,0,0,79,0,0,0,0
zc,WS301,2012-06-05 09:05:09.710,2482.0000,247610,0,0.0000,6.0000,3,3,空换,S,2482.0000,0.0000,0.0000,0.0000,0.0000,2483.0000,0.0000,0.0000,0.0000,0.0000,263,0,0,0,0,77,0,0,0,0
zc,WS301,2012-06-05 09:05:10.320,2483.0000,247618,8,0.0000,8.0000,8,0,双开,B,2482.0000,0.0000,0.0000,0.0000,0.0000,2483.0000,0.0000,0.0000,0.0000,0.0000,263,0,0,0,0,76,0,0,0,0
zc,WS301,2012-06-05 09:05:10.850,2483.0000,247620,2,0.0000,4.0000,3,1,多开,B,2482.0000,0.0000,0.0000,0.0000,0.0000,2483.0000,0.0000,0.0000,0.0000,0.0000,263,0,0,0,0,74,0,0,0,0
zc,WS301,2012-06-05 09:05:11.587,2483.0000,247642,22,0.0000,40.0000,31,9,多开,B,2482.0000,0.0000,0.0000,0.0000,0.0000,2483.0000,0.0000,0.0000,0.0000,0.0000,263,0,0,0,0,54,0,0,0,0
zc,WS301,2012-06-05 09:05:12.053,2483.0000,247544,-98,0.0000,102.0000,2,100,空平,B,2482.0000,0.0000,0.0000,0.0000,0.0000,2483.0000,0.0000,0.0000,0.0000,0.0000,250,0,0,0,0,53,0,0,0,0
zc,WS301,2012-06-05 09:05:12.773,2483.0000,247544,0,0.0000,4.0000,2,2,多换,B,2482.0000,0.0000,0.0000,0.0000,0.0000,2483.0000,0.0000,0.0000,0.0000,0.0000,251,0,0,0,0,56,0,0,0,0
zc,WS301,2012-06-05 09:05:13.820,2483.0000,247536,-8,0.0000,10.0000,1,9,空平,B,2482.0000,0.0000,0.0000,0.0000,0.0000,2483.0000,0.0000,0.0000,0.0000,0.0000,252,0,0,0,0,51,0,0,0,0
zc,WS301,2012-06-05 09:05:14.803,2483.0000,247536,0,0.0000,2.0000,1,1,多换,B,2482.0000,0.0000,0.0000,0.0000,0.0000,2483.0000,0.0000,0.0000,0.0000,0.0000,252,0,0,0,0,50,0,0,0,0
zc,WS301,2012-06-05 09:05:15.570,2483.0000,247536,0,0.0000,0.0000,0,0,多换,B,2482.0000,0.0000,0.0000,0.0000,0.0000,2483.0000,0.0000,0.0000,0.0000,0.0000,252,0,0,0,0,53,0,0,0,0
zc,WS301,2012-06-05 09:05:16.087,2483.0000,247536,0,0.0000,0.0000,0,0,多换,B,2482.0000,0.0000,0.0000,0.0000,0.0000,2483.0000,0.0000,0.0000,0.0000,0.0000,252,0,0,0,0,73,0,0,0,0
zc,WS301,2012-06-05 09:05:16.820,2482.0000,247528,-8,0.0000,8.0000,0,8,双平,S,2482.0000,0.0000,0.0000,0.0000,0.0000,2483.0000,0.0000,0.0000,0.0000,0.0000,248,0,0,0,0,73,0,0,0,0
zc,WS301,2012-06-05 09:05:17.257,2483.0000,247528,0,0.0000,4.0000,2,2,多换,B,2482.0000,0.0000,0.0000,0.0000,0.0000,2483.0000,0.0000,0.0000,0.0000,0.0000,247,0,0,0,0,108,0,0,0,0
zc,WS301,2012-06-05 09:05:17.787,2483.0000,247528,0,0.0000,0.0000,0,0,多换,B,2482.0000,0.0000,0.0000,0.0000,0.0000,2483.0000,0.0000,0.0000,0.0000,0.0000,247,0,0,0,0,109,0,0,0,0
zc,WS301,2012-06-05 09:05:18.337,2483.0000,247528,0,0.0000,0.0000,0,0,多换,B,2482.0000,0.0000,0.0000,0.0000,0.0000,2483.0000,0.0000,0.0000,0.0000,0.0000,247,0,0,0,0,113,0,0,0,0
zc,WS301,2012-06-05 09:05:19.037,2483.0000,247528,0,0.0000,0.0000,0,0,多换,B,2482.0000,0.0000,0.0000,0.0000,0.0000,2483.0000,0.0000,0.0000,0.0000,0.0000,247,0,0,0,0,114,0,0,0,0
zc,WS301,2012-06-05 09:05:19.507,2483.0000,247528,0,0.0000,0.0000,0,0,多换,B,2482.0000,0.0000,0.0000,0.0000,0.0000,2483.0000,0.0000,0.0000,0.0000,0.0000,247,0,0,0,0,115,0,0,0,0
zc,WS301,2012-06-05 09:05:20.867,2483.0000,247526,-2,0.0000,2.0000,0,2,双平,B,2482.0000,0.0000,0.0000,0.0000,0.0000,2483.0000,0.0000,0.0000,0.0000,0.0000,248,0,0,0,0,114,0,0,0,0
zc,WS301,2012-06-05 09:05:21.367,2483.0000,247526,0,0.0000,0.0000,0,0,多换,B,2482.0000,0.0000,0.0000,0.0000,0.0000,2483.0000,0.0000,0.0000,0.0000,0.0000,259,0,0,0,0,122,0,0,0,0
zc,WS301,2012-06-05 09:05:22.023,2482.0000,247526,0,0.0000,6.0000,3,3,空换,S,2482.0000,0.0000,0.0000,0.0000,0.0000,2483.0000,0.0000,0.0000,0.0000,0.0000,256,0,0,0,0,136,0,0,0,0
zc,WS301,2012-06-05 09:05:23.087,2482.0000,247444,-82,0.0000,206.0000,62,144,多平,S,2482.0000,0.0000,0.0000,0.0000,0.0000,2483.0000,0.0000,0.0000,0.0000,0.0000,154,0,0,0,0,137,0,0,0,0
zc,WS301,2012-06-05 09:05:23.587,2482.0000,247444,0,0.0000,0.0000,0,0,空换,S,2482.0000,0.0000,0.0000,0.0000,0.0000,2483.0000,0.0000,0.0000,0.0000,0.0000,155,0,0,0,0,137,0,0,0,0
zc,WS301,2012-06-05 09:05:24.257,2482.0000,247424,-20,0.0000,20.0000,0,20,双平,S,2482.0000,0.0000,0.0000,0.0000,0.0000,2483.0000,0.0000,0.0000,0.0000,0.0000,144,0,0,0,0,137,0,0,0,0
zc,WS301,2012-06-05 09:05:24.837,2483.0000,247424,0,0.0000,2.0000,1,1,多换,B,2482.0000,0.0000,0.0000,0.0000,0.0000,2483.0000,0.0000,0.0000,0.0000,0.0000,143,0,0,0,0,146,0,0,0,0
zc,WS301,2012-06-05 09:05:25.337,2483.0000,247424,0,0.0000,0.0000,0,0,多换,B,2482.0000,0.0000,0.0000,0.0000,0.0000,2483.0000,0.0000,0.0000,0.0000,0.0000,143,0,0,0,0,148,0,0,0,0
zc,WS301,2012-06-05 09:05:26.087,2483.0000,247424,0,0.0000,0.0000,0,0,多换,B,2482.0000,0.0000,0.0000,0.0000,0.0000,2483.0000,0.0000,0.0000,0.0000,0.0000,143,0,0,0,0,149,0,0,0,0
zc,WS301,2012-06-05 09:05:26.507,2482.0000,247424,0,0.0000,2.0000,1,1,空换,S,2482.0000,0.0000,0.0000,0.0000,0.0000,2483.0000,0.0000,0.0000,0.0000,0.0000,142,0,0,0,0,151,0,0,0,0
zc,WS301,2012-06-05 09:05:27.053,2482.0000,247362,-62,0.0000,64.0000,1,63,多平,S,2482.0000,0.0000,0.0000,0.0000,0.0000,2483.0000,0.0000,0.0000,0.0000,0.0000,113,0,0,0,0,153,0,0,0,0
zc,WS301,2012-06-05 09:05:27.537,2483.0000,247362,0,0.0000,2.0000,1,1,多换,B,2482.0000,0.0000,0.0000,0.0000,0.0000,2483.0000,0.0000,0.0000,0.0000,0.0000,113,0,0,0,0,153,0,0,0,0
zc,WS301,2012-06-05 09:05:28.303,2482.0000,247358,-4,0.0000,4.0000,0,4,双平,S,2482.0000,0.0000,0.0000,0.0000,0.0000,2483.0000,0.0000,0.0000,0.0000,0.0000,114,0,0,0,0,153,0,0,0,0
zc,WS301,2012-06-05 09:05:28.787,2482.0000,247222,-136,0.0000,180.0000,22,158,多平,S,2482.0000,0.0000,0.0000,0.0000,0.0000,2483.0000,0.0000,0.0000,0.0000,0.0000,24,0,0,0,0,160,0,0,0,0
zc,WS301,2012-06-05 09:05:29.617,2482.0000,247228,6,0.0000,10.0000,8,2,空开,S,2482.0000,0.0000,0.0000,0.0000,0.0000,2483.0000,0.0000,0.0000,0.0000,0.0000,20,0,0,0,0,163,0,0,0,0
zc,WS301,2012-06-05 09:05:30.070,2482.0000,247230,2,0.0000,2.0000,2,0,双开,S,2482.0000,0.0000,0.0000,0.0000,0.0000,2483.0000,0.0000,0.0000,0.0000,0.0000,37,0,0,0,0,164,0,0,0,0
zc,WS301,2012-06-05 09:05:30.537,2482.0000,247236,6,0.0000,30.0000,18,12,空开,S,2482.0000,0.0000,0.0000,0.0000,0.0000,2483.0000,0.0000,0.0000,0.0000,0.0000,22,0,0,0,0,164,0,0,0,0
zc,WS301,2012-06-05 09:05:31.287,2483.0000,247240,4,0.0000,20.0000,12,8,多开,B,2482.0000,0.0000,0.0000,0.0000,0.0000,2483.0000,0.0000,0.0000,0.0000,0.0000,22,0,0,0,0,154,0,0,0,0
zc,WS301,2012-06-05 09:05:31.787,2482.0000,247242,2,0.0000,2.0000,2,0,双开,S,2482.0000,0.0000,0.0000,0.0000,0.0000,2483.0000,0.0000,0.0000,0.0000,0.0000,29,0,0,0,0,154,0,0,0,0
zc,WS301,2012-06-05 09:05:32.570,2482.0000,247242,0,0.0000,0.0000,0,0,空换,S,2482.0000,0.0000,0.0000,0.0000,0.0000,2483.0000,0.0000,0.0000,0.0000,0.0000,32,0,0,0,0,155,0,0,0,0
zc,WS301,2012-06-05 09:05:33.087,2482.0000,247248,6,0.0000,20.0000,13,7,空开,S,2482.0000,0.0000,0.0000,0.0000,0.0000,2483.0000,0.0000,0.0000,0.0000,0.0000,22,0,0,0,0,156,0,0,0,0
zc,WS301,2012-06-05 09:05:33.803,2482.0000,247248,0,0.0000,2.0000,1,1,空换,S,2482.0000,0.0000,0.0000,0.0000,0.0000,2483.0000,0.0000,0.0000,0.0000,0.0000,21,0,0,0,0,156,0,0,0,0
zc,WS301,2012-06-05 09:05:34.053,2483.0000,247248,0,0.0000,6.0000,3,3,多换,B,2482.0000,0.0000,0.0000,0.0000,0.0000,2483.0000,0.0000,0.0000,0.0000,0.0000,20,0,0,0,0,154,0,0,0,0
zc,WS301,2012-06-05 09:05:35.117,2482.0000,247246,-2,0.0000,2.0000,0,2,双平,S,2482.0000,0.0000,0.0000,0.0000,0.0000,2483.0000,0.0000,0.0000,0.0000,0.0000,19,0,0,0,0,160,0,0,0,0
zc,WS301,2012-06-05 09:05:35.537,2483.0000,247246,0,0.0000,4.0000,2,2,多换,B,2482.0000,0.0000,0.0000,0.0000,0.0000,2483.0000,0.0000,0.0000,0.0000,0.0000,24,0,0,0,0,159,0,0,0,0
zc,WS301,2012-06-05 09:05:36.787,2482.0000,247244,-2,0.0000,4.0000,1,3,多平,S,2482.0000,0.0000,0.0000,0.0000,0.0000,2483.0000,0.0000,0.0000,0.0000,0.0000,23,0,0,0,0,159,0,0,0,0
zc,WS301,2012-06-05 09:05:37.337,2482.0000,247244,0,0.0000,0.0000,0,0,空换,S,2482.0000,0.0000,0.0000,0.0000,0.0000,2483.0000,0.0000,0.0000,0.0000,0.0000,24,0,0,0,0,179,0,0,0,0
zc,WS301,2012-06-05 09:05:38.023,2482.0000,247244,0,0.0000,0.0000,0,0,空换,S,2482.0000,0.0000,0.0000,0.0000,0.0000,2483.0000,0.0000,0.0000,0.0000,0.0000,25,0,0,0,0,179,0,0,0,0
zc,WS301,2012-06-05 09:05:38.617,2482.0000,247228,-16,0.0000,20.0000,2,18,多平,S,2482.0000,0.0000,0.0000,0.0000,0.0000,2483.0000,0.0000,0.0000,0.0000,0.0000,15,0,0,0,0,181,0,0,0,0
zc,WS301,2012-06-05 09:05:39.320,2482.0000,247228,0,0.0000,10.0000,5,5,空换,S,2482.0000,0.0000,0.0000,0.0000,0.0000,2483.0000,0.0000,0.0000,0.0000,0.0000,11,0,0,0,0,144,0,0,0,0
zc,WS301,2012-06-05 09:05:39.820,2482.0000,247228,0,0.0000,6.0000,3,3,空换,S,2482.0000,0.0000,0.0000,0.0000,0.0000,2483.0000,0.0000,0.0000,0.0000,0.0000,8,0,0,0,0,146,0,0,0,0
zc,WS301,2012-06-05 09:05:40.507,2482.0000,247244,16,0.0000,20.0000,18,2,空开,S,2481.0000,0.0000,0.0000,0.0000,0.0000,2483.0000,0.0000,0.0000,0.0000,0.0000,188,0,0,0,0,156,0,0,0,0
zc,WS301,2012-06-05 09:05:41.037,2482.0000,247244,0,0.0000,0.0000,0,0,空换,S,2481.0000,0.0000,0.0000,0.0000,0.0000,2482.0000,0.0000,0.0000,0.0000,0.0000,188,0,0,0,0,1,0,0,0,0
zc,WS301,2012-06-05 09:05:41.867,2482.0000,247244,0,0.0000,0.0000,0,0,空换,S,2481.0000,0.0000,0.0000,0.0000,0.0000,2482.0000,0.0000,0.0000,0.0000,0.0000,188,0,0,0,0,22,0,0,0,0
zc,WS301,2012-06-05 09:05:42.367,2482.0000,247244,0,0.0000,0.0000,0,0,空换,S,2481.0000,0.0000,0.0000,0.0000,0.0000,2482.0000,0.0000,0.0000,0.0000,0.0000,190,0,0,0,0,22,0,0,0,0
zc,WS301,2012-06-05 09:05:43.273,2482.0000,247244,0,0.0000,0.0000,0,0,空换,S,2481.0000,0.0000,0.0000,0.0000,0.0000,2482.0000,0.0000,0.0000,0.0000,0.0000,190,0,0,0,0,23,0,0,0,0
zc,WS301,2012-06-05 09:05:44.523,2481.0000,247204,-40,0.0000,40.0000,0,40,双平,S,2481.0000,0.0000,0.0000,0.0000,0.0000,2482.0000,0.0000,0.0000,0.0000,0.0000,172,0,0,0,0,25,0,0,0,0
zc,WS301,2012-06-05 09:05:45.320,2481.0000,247204,0,0.0000,0.0000,0,0,空换,S,2481.0000,0.0000,0.0000,0.0000,0.0000,2482.0000,0.0000,0.0000,0.0000,0.0000,172,0,0,0,0,27,0,0,0,0
zc,WS301,2012-06-05 09:05:45.820,2482.0000,247204,0,0.0000,4.0000,2,2,多换,B,2481.0000,0.0000,0.0000,0.0000,0.0000,2482.0000,0.0000,0.0000,0.0000,0.0000,171,0,0,0,0,26,0,0,0,0
zc,WS301,2012-06-05 09:05:46.320,2482.0000,247204,0,0.0000,2.0000,1,1,多换,B,2481.0000,0.0000,0.0000,0.0000,0.0000,2482.0000,0.0000,0.0000,0.0000,0.0000,171,0,0,0,0,25,0,0,0,0
zc,WS301,2012-06-05 09:05:47.023,2482.0000,247206,2,0.0000,2.0000,2,0,双开,B,2481.0000,0.0000,0.0000,0.0000,0.0000,2482.0000,0.0000,0.0000,0.0000,0.0000,171,0,0,0,0,27,0,0,0,0
zc,WS301,2012-06-05 09:05:47.600,2482.0000,247210,4,0.0000,4.0000,4,0,双开,B,2481.0000,0.0000,0.0000,0.0000,0.0000,2482.0000,0.0000,0.0000,0.0000,0.0000,171,0,0,0,0,25,0,0,0,0
zc,WS301,2012-06-05 09:05:48.367,2481.0000,247210,0,0.0000,2.0000,1,1,空换,S,2481.0000,0.0000,0.0000,0.0000,0.0000,2482.0000,0.0000,0.0000,0.0000,0.0000,171,0,0,0,0,25,0,0,0,0
zc,WS301,2012-06-05 09:05:48.837,2482.0000,247210,0,0.0000,2.0000,1,1,多换,B,2481.0000,0.0000,0.0000,0.0000,0.0000,2482.0000,0.0000,0.0000,0.0000,0.0000,171,0,0,0,0,124,0,0,0,0
zc,WS301,2012-06-05 09:05:49.570,2481.0000,247208,-2,0.0000,2.0000,0,2,双平,S,2481.0000,0.0000,0.0000,0.0000,0.0000,2482.0000,0.0000,0.0000,0.0000,0.0000,180,0,0,0,0,124,0,0,0,0
zc,WS301,2012-06-05 09:05:49.820,2481.0000,247208,0,0.0000,0.0000,0,0,空换,S,2481.0000,0.0000,0.0000,0.0000,0.0000,2482.0000,0.0000,0.0000,0.0000,0.0000,180,0,0,0,0,160,0,0,0,0
zc,WS301,2012-06-05 09:05:50.490,2482.0000,247258,50,0.0000,60.0000,55,5,多开,B,2481.0000,0.0000,0.0000,0.0000,0.0000,2482.0000,0.0000,0.0000,0.0000,0.0000,191,0,0,0,0,160,0,0,0,0
zc,WS301,2012-06-05 09:05:51.337,2482.0000,247258,0,0.0000,0.0000,0,0,多换,B,2481.0000,0.0000,0.0000,0.0000,0.0000,2482.0000,0.0000,0.0000,0.0000,0.0000,191,0,0,0,0,163,0,0,0,0
zc,WS301,2012-06-05 09:05:51.837,2482.0000,247258,0,0.0000,0.0000,0,0,多换,B,2481.0000,0.0000,0.0000,0.0000,0.0000,2482.0000,0.0000,0.0000,0.0000,0.0000,190,0,0,0,0,166,0,0,0,0
zc,WS301,2012-06-05 09:05:52.787,2482.0000,247258,0,0.0000,0.0000,0,0,多换,B,2481.0000,0.0000,0.0000,0.0000,0.0000,2482.0000,0.0000,0.0000,0.0000,0.0000,205,0,0,0,0,207,0,0,0,0
zc,WS301,2012-06-05 09:05:54.070,2481.0000,247258,0,0.0000,2.0000,1,1,空换,S,2481.0000,0.0000,0.0000,0.0000,0.0000,2482.0000,0.0000,0.0000,0.0000,0.0000,209,0,0,0,0,207,0,0,0,0
zc,WS301,2012-06-05 09:05:54.570,2481.0000,247258,0,0.0000,0.0000,0,0,空换,S,2481.0000,0.0000,0.0000,0.0000,0.0000,2482.0000,0.0000,0.0000,0.0000,0.0000,210,0,0,0,0,218,0,0,0,0
zc,WS301,2012-06-05 09:05:55.053,2481.0000,247258,0,0.0000,22.0000,11,11,空换,S,2481.0000,0.0000,0.0000,0.0000,0.0000,2482.0000,0.0000,0.0000,0.0000,0.0000,199,0,0,0,0,218,0,0,0,0
zc,WS301,2012-06-05 09:05:55.803,2482.0000,247264,6,0.0000,6.0000,6,0,双开,B,2481.0000,0.0000,0.0000,0.0000,0.0000,2482.0000,0.0000,0.0000,0.0000,0.0000,199,0,0,0,0,215,0,0,0,0
zc,WS301,2012-06-05 09:05:56.537,2481.0000,247262,-2,0.0000,4.0000,1,3,多平,S,2481.0000,0.0000,0.0000,0.0000,0.0000,2482.0000,0.0000,0.0000,0.0000,0.0000,197,0,0,0,0,180,0,0,0,0
zc,WS301,2012-06-05 09:05:56.803,2482.0000,247272,10,0.0000,10.0000,10,0,双开,B,2481.0000,0.0000,0.0000,0.0000,0.0000,2482.0000,0.0000,0.0000,0.0000,0.0000,197,0,0,0,0,177,0,0,0,0
zc,WS301,2012-06-05 09:05:57.553,2481.0000,247076,-196,0.0000,210.0000,7,203,多平,S,2481.0000,0.0000,0.0000,0.0000,0.0000,2482.0000,0.0000,0.0000,0.0000,0.0000,92,0,0,0,0,177,0,0,0,0
zc,WS301,2012-06-05 09:05:58.037,2481.0000,247076,0,0.0000,0.0000,0,0,空换,S,2481.0000,0.0000,0.0000,0.0000,0.0000,2482.0000,0.0000,0.0000,0.0000,0.0000,101,0,0,0,0,179,0,0,0,0
zc,WS301,2012-06-05 09:05:58.803,2481.0000,247162,86,0.0000,206.0000,146,60,空开,S,2480.0000,0.0000,0.0000,0.0000,0.0000,2481.0000,0.0000,0.0000,0.0000,0.0000,408,0,0,0,0,72,0,0,0,0
zc,WS301,2012-06-05 09:05:59.037,2481.0000,247170,8,0.0000,8.0000,8,0,双开,S,2480.0000,0.0000,0.0000,0.0000,0.0000,2481.0000,0.0000,0.0000,0.0000,0.0000,418,0,0,0,0,77,0,0,0,0
zc,WS301,2012-06-05 09:05:59.787,2480.0000,247150,-20,0.0000,22.0000,1,21,多平,S,2480.0000,0.0000,0.0000,0.0000,0.0000,2481.0000,0.0000,0.0000,0.0000,0.0000,410,0,0,0,0,77,0,0,0,0
zc,WS301,2012-06-05 09:06:00.337,2482.0000,247092,-58,0.0000,226.0000,84,142,空平,B,2481.0000,0.0000,0.0000,0.0000,0.0000,2482.0000,0.0000,0.0000,0.0000,0.0000,123,0,0,0,0,158,0,0,0,0
zc,WS301,2012-06-05 09:06:01.117,2481.0000,247092,0,0.0000,80.0000,40,40,空换,S,2481.0000,0.0000,0.0000,0.0000,0.0000,2482.0000,0.0000,0.0000,0.0000,0.0000,92,0,0,0,0,170,0,0,0,0
zc,WS301,2012-06-05 09:06:01.600,2481.0000,247092,0,0.0000,0.0000,0,0,空换,S,2481.0000,0.0000,0.0000,0.0000,0.0000,2482.0000,0.0000,0.0000,0.0000,0.0000,142,0,0,0,0,170,0,0,0,0
zc,WS301,2012-06-05 09:06:02.803,2481.0000,247080,-12,0.0000,12.0000,0,12,双平,S,2481.0000,0.0000,0.0000,0.0000,0.0000,2482.0000,0.0000,0.0000,0.0000,0.0000,186,0,0,0,0,167,0,0,0,0
zc,WS301,2012-06-05 09:06:03.287,2481.0000,247080,0,0.0000,8.0000,4,4,空换,S,2481.0000,0.0000,0.0000,0.0000,0.0000,2482.0000,0.0000,0.0000,0.0000,0.0000,241,0,0,0,0,177,0,0,0,0
zc,WS301,2012-06-05 09:06:04.523,2481.0000,247084,4,0.0000,6.0000,5,1,空开,S,2481.0000,0.0000,0.0000,0.0000,0.0000,2482.0000,0.0000,0.0000,0.0000,0.0000,240,0,0,0,0,176,0,0,0,0
zc,WS301,2012-06-05 09:06:06.553,2481.0000,247084,0,0.0000,0.0000,0,0,空换,S,2481.0000,0.0000,0.0000,0.0000,0.0000,2482.0000,0.0000,0.0000,0.0000,0.0000,242,0,0,0,0,174,0,0,0,0
zc,WS301,2012-06-05 09:06:06.820,2482.0000,247084,0,0.0000,2.0000,1,1,多换,B,2481.0000,0.0000,0.0000,0.0000,0.0000,2482.0000,0.0000,0.0000,0.0000,0.0000,242,0,0,0,0,173,0,0,0,0
zc,WS301,2012-06-05 09:06:07.553,2482.0000,247084,0,0.0000,0.0000,0,0,多换,B,2481.0000,0.0000,0.0000,0.0000,0.0000,2482.0000,0.0000,0.0000,0.0000,0.0000,242,0,0,0,0,179,0,0,0,0
