市场代码,合约代码,时间,最新,持仓,增仓,成交额,成交量,开仓,平仓,成交类型,方向,买一价,买二价,买三价,买四价,买五价,卖一价,卖二价,卖三价,卖四价,卖五价,买一量,买二量,买三量,买四量,买五量,卖一量,卖二量,卖三量,卖四量,卖五量
zc,WT211,2012-06-05 07:57:24.180,0.0000,12,0,0.0000,0.0000,0,0,空换,S,0.0000,0.0000,0.0000,0.0000,0.0000,0.0000,0.0000,0.0000,0.0000,0.0000,0,0,0,0,0,0,0,0,0,0
zc,WT211,2012-06-05 07:58:24.180,0.0000,12,0,0.0000,0.0000,0,0,空换,S,0.0000,0.0000,0.0000,0.0000,0.0000,0.0000,0.0000,0.0000,0.0000,0.0000,0,0,0,0,0,0,0,0,0,0
zc,WT211,2012-06-05 08:08:24.180,0.0000,12,0,0.0000,0.0000,0,0,空换,S,0.0000,0.0000,0.0000,0.0000,0.0000,0.0000,0.0000,0.0000,0.0000,0.0000,0,0,0,0,0,0,0,0,0,0
zc,WT211,2012-06-05 08:25:25.773,0.0000,12,0,0.0000,0.0000,0,0,空换,S,0.0000,0.0000,0.0000,0.0000,0.0000,0.0000,0.0000,0.0000,0.0000,0.0000,0,0,0,0,0,0,0,0,0,0
zc,WT211,2012-06-05 08:43:25.757,0.0000,12,0,0.0000,0.0000,0,0,空换,S,0.0000,0.0000,0.0000,0.0000,0.0000,0.0000,0.0000,0.0000,0.0000,0.0000,0,0,0,0,0,0,0,0,0,0
zc,WT211,2012-06-05 08:47:25.757,0.0000,12,0,0.0000,0.0000,0,0,空换,S,0.0000,0.0000,0.0000,0.0000,0.0000,0.0000,0.0000,0.0000,0.0000,0.0000,0,0,0,0,0,0,0,0,0,0
zc,WT211,2012-06-05 08:54:25.740,0.0000,12,0,0.0000,0.0000,0,0,空换,S,0.0000,0.0000,0.0000,0.0000,0.0000,0.0000,0.0000,0.0000,0.0000,0.0000,0,0,0,0,0,0,0,0,0,0
zc,WT211,2012-06-05 08:55:25.740,0.0000,12,0,0.0000,0.0000,0,0,空换,S,0.0000,0.0000,0.0000,0.0000,0.0000,0.0000,0.0000,0.0000,0.0000,0.0000,0,0,0,0,0,0,0,0,0,0
zc,WT211,2012-06-05 08:57:25.740,0.0000,12,0,0.0000,0.0000,0,0,空换,S,0.0000,0.0000,0.0000,0.0000,0.0000,0.0000,0.0000,0.0000,0.0000,0.0000,0,0,0,0,0,0,0,0,0,0
zc,WT211,2012-06-05 09:00:03.990,0.0000,12,0,0.0000,0.0000,0,0,空换,S,2120.0000,0.0000,0.0000,0.0000,0.0000,2138.0000,0.0000,0.0000,0.0000,0.0000,1,0,0,0,0,1,0,0,0,0
zc,WT211,2012-06-05 09:00:06.977,0.0000,12,0,0.0000,0.0000,0,0,空换,S,2121.0000,0.0000,0.0000,0.0000,0.0000,2138.0000,0.0000,0.0000,0.0000,0.0000,1,0,0,0,0,1,0,0,0,0
zc,WT211,2012-06-05 09:00:08.117,0.0000,12,0,0.0000,0.0000,0,0,空换,S,2122.0000,0.0000,0.0000,0.0000,0.0000,2138.0000,0.0000,0.0000,0.0000,0.0000,1,0,0,0,0,1,0,0,0,0
zc,WT211,2012-06-05 09:00:18.383,0.0000,12,0,0.0000,0.0000,0,0,空换,S,2123.0000,0.0000,0.0000,0.0000,0.0000,2138.0000,0.0000,0.0000,0.0000,0.0000,1,0,0,0,0,1,0,0,0,0
zc,WT211,2012-06-05 09:00:37.680,0.0000,12,0,0.0000,0.0000,0,0,空换,S,2123.0000,0.0000,0.0000,0.0000,0.0000,2200.0000,0.0000,0.0000,0.0000,0.0000,1,0,0,0,0,1,0,0,0,0
zc,WT211,2012-06-05 09:00:46.850,0.0000,12,0,0.0000,0.0000,0,0,空换,S,2123.0000,0.0000,0.0000,0.0000,0.0000,2151.0000,0.0000,0.0000,0.0000,0.0000,1,0,0,0,0,1,0,0,0,0
zc,WT211,2012-06-05 09:00:47.570,0.0000,12,0,0.0000,0.0000,0,0,空换,S,2124.0000,0.0000,0.0000,0.0000,0.0000,2151.0000,0.0000,0.0000,0.0000,0.0000,1,0,0,0,0,1,0,0,0,0
zc,WT211,2012-06-05 09:00:53.570,0.0000,12,0,0.0000,0.0000,0,0,空换,S,2124.0000,0.0000,0.0000,0.0000,0.0000,2145.0000,0.0000,0.0000,0.0000,0.0000,1,0,0,0,0,1,0,0,0,0
zc,WT211,2012-06-05 09:01:11.633,0.0000,12,0,0.0000,0.0000,0,0,空换,S,2125.0000,0.0000,0.0000,0.0000,0.0000,2145.0000,0.0000,0.0000,0.0000,0.0000,1,0,0,0,0,1,0,0,0,0
zc,WT211,2012-06-05 09:01:20.897,0.0000,12,0,0.0000,0.0000,0,0,空换,S,2127.0000,0.0000,0.0000,0.0000,0.0000,2145.0000,0.0000,0.0000,0.0000,0.0000,1,0,0,0,0,1,0,0,0,0
zc,WT211,2012-06-05 09:01:22.837,0.0000,12,0,0.0000,0.0000,0,0,空换,S,2127.0000,0.0000,0.0000,0.0000,0.0000,2145.0000,0.0000,0.0000,0.0000,0.0000,1,0,0,0,0,2,0,0,0,0
zc,WT211,2012-06-05 09:01:25.757,0.0000,12,0,0.0000,0.0000,0,0,空换,S,2127.0000,0.0000,0.0000,0.0000,0.0000,2145.0000,0.0000,0.0000,0.0000,0.0000,1,0,0,0,0,2,0,0,0,0
zc,WT211,2012-06-05 09:01:35.367,0.0000,12,0,0.0000,0.0000,0,0,空换,S,2125.0000,0.0000,0.0000,0.0000,0.0000,2145.0000,0.0000,0.0000,0.0000,0.0000,1,0,0,0,0,2,0,0,0,0
zc,WT211,2012-06-05 09:01:47.147,0.0000,12,0,0.0000,0.0000,0,0,空换,S,2127.0000,0.0000,0.0000,0.0000,0.0000,2145.0000,0.0000,0.0000,0.0000,0.0000,1,0,0,0,0,2,0,0,0,0
zc,WT211,2012-06-05 09:02:49.587,0.0000,12,0,0.0000,0.0000,0,0,空换,S,2127.0000,0.0000,0.0000,0.0000,0.0000,2145.0000,0.0000,0.0000,0.0000,0.0000,1,0,0,0,0,1,0,0,0,0
zc,WT211,2012-06-05 09:03:29.383,0.0000,12,0,0.0000,0.0000,0,0,空换,S,2129.0000,0.0000,0.0000,0.0000,0.0000,2145.0000,0.0000,0.0000,0.0000,0.0000,1,0,0,0,0,1,0,0,0,0
zc,WT211,2012-06-05 09:03:56.117,0.0000,12,0,0.0000,0.0000,0,0,空换,S,2130.0000,0.0000,0.0000,0.0000,0.0000,2145.0000,0.0000,0.0000,0.0000,0.0000,1,0,0,0,0,1,0,0,0,0
zc,WT211,2012-06-05 09:04:24.337,0.0000,12,0,0.0000,0.0000,0,0,空换,S,2131.0000,0.0000,0.0000,0.0000,0.0000,2145.0000,0.0000,0.0000,0.0000,0.0000,1,0,0,0,0,1,0,0,0,0
zc,WT211,2012-06-05 09:04:25.757,0.0000,12,0,0.0000,0.0000,0,0,空换,S,2131.0000,0.0000,0.0000,0.0000,0.0000,2145.0000,0.0000,0.0000,0.0000,0.0000,1,0,0,0,0,1,0,0,0,0
zc,WT211,2012-06-05 09:05:14.820,0.0000,12,0,0.0000,0.0000,0,0,空换,S,2133.0000,0.0000,0.0000,0.0000,0.0000,2145.0000,0.0000,0.0000,0.0000,0.0000,1,0,0,0,0,1,0,0,0,0
zc,WT211,2012-06-05 09:05:25.740,0.0000,12,0,0.0000,0.0000,0,0,空换,S,2133.0000,0.0000,0.0000,0.0000,0.0000,2145.0000,0.0000,0.0000,0.0000,0.0000,1,0,0,0,0,1,0,0,0,0
zc,WT211,2012-06-05 09:05:27.070,0.0000,12,0,0.0000,0.0000,0,0,空换,S,2131.0000,0.0000,0.0000,0.0000,0.0000,2145.0000,0.0000,0.0000,0.0000,0.0000,1,0,0,0,0,1,0,0,0,0
zc,WT211,2012-06-05 09:06:25.740,0.0000,12,0,0.0000,0.0000,0,0,空换,S,2131.0000,0.0000,0.0000,0.0000,0.0000,2145.0000,0.0000,0.0000,0.0000,0.0000,1,0,0,0,0,1,0,0,0,0
zc,WT211,2012-06-05 09:06:30.553,0.0000,12,0,0.0000,0.0000,0,0,空换,S,2132.0000,0.0000,0.0000,0.0000,0.0000,2145.0000,0.0000,0.0000,0.0000,0.0000,1,0,0,0,0,1,0,0,0,0
zc,WT211,2012-06-05 09:07:03.397,0.0000,12,0,0.0000,0.0000,0,0,空换,S,2131.0000,0.0000,0.0000,0.0000,0.0000,2145.0000,0.0000,0.0000,0.0000,0.0000,1,0,0,0,0,1,0,0,0,0
zc,WT211,2012-06-05 09:07:13.787,0.0000,12,0,0.0000,0.0000,0,0,空换,S,2132.0000,0.0000,0.0000,0.0000,0.0000,2145.0000,0.0000,0.0000,0.0000,0.0000,1,0,0,0,0,1,0,0,0,0
zc,WT211,2012-06-05 09:07:44.837,0.0000,12,0,0.0000,0.0000,0,0,空换,S,2133.0000,0.0000,0.0000,0.0000,0.0000,2145.0000,0.0000,0.0000,0.0000,0.0000,1,0,0,0,0,1,0,0,0,0
zc,WT211,2012-06-05 09:07:57.053,0.0000,12,0,0.0000,0.0000,0,0,空换,S,2132.0000,0.0000,0.0000,0.0000,0.0000,2145.0000,0.0000,0.0000,0.0000,0.0000,1,0,0,0,0,1,0,0,0,0
zc,WT211,2012-06-05 09:07:57.273,0.0000,12,0,0.0000,0.0000,0,0,空换,S,2132.0000,0.0000,0.0000,0.0000,0.0000,2154.0000,0.0000,0.0000,0.0000,0.0000,1,0,0,0,0,1,0,0,0,0
zc,WT211,2012-06-05 09:08:03.773,0.0000,12,0,0.0000,0.0000,0,0,空换,S,2132.0000,0.0000,0.0000,0.0000,0.0000,2139.0000,0.0000,0.0000,0.0000,0.0000,1,0,0,0,0,1,0,0,0,0
zc,WT211,2012-06-05 09:08:25.337,0.0000,12,0,0.0000,0.0000,0,0,空换,S,2132.0000,0.0000,0.0000,0.0000,0.0000,2136.0000,0.0000,0.0000,0.0000,0.0000,1,0,0,0,0,1,0,0,0,0
zc,WT211,2012-06-05 09:08:25.727,0.0000,12,0,0.0000,0.0000,0,0,空换,S,2132.0000,0.0000,0.0000,0.0000,0.0000,2136.0000,0.0000,0.0000,0.0000,0.0000,1,0,0,0,0,1,0,0,0,0
zc,WT211,2012-06-05 09:09:26.303,0.0000,12,0,0.0000,0.0000,0,0,空换,S,2131.0000,0.0000,0.0000,0.0000,0.0000,2136.0000,0.0000,0.0000,0.0000,0.0000,1,0,0,0,0,1,0,0,0,0
zc,WT211,2012-06-05 09:09:48.523,0.0000,12,0,0.0000,0.0000,0,0,空换,S,2134.0000,0.0000,0.0000,0.0000,0.0000,2136.0000,0.0000,0.0000,0.0000,0.0000,1,0,0,0,0,1,0,0,0,0
zc,WT211,2012-06-05 09:09:49.523,0.0000,12,0,0.0000,0.0000,0,0,空换,S,2134.0000,0.0000,0.0000,0.0000,0.0000,2155.0000,0.0000,0.0000,0.0000,0.0000,1,0,0,0,0,1,0,0,0,0
zc,WT211,2012-06-05 09:09:54.990,0.0000,12,0,0.0000,0.0000,0,0,空换,S,2134.0000,0.0000,0.0000,0.0000,0.0000,2139.0000,0.0000,0.0000,0.0000,0.0000,1,0,0,0,0,1,0,0,0,0
zc,WT211,2012-06-05 09:10:25.710,0.0000,12,0,0.0000,0.0000,0,0,空换,S,2134.0000,0.0000,0.0000,0.0000,0.0000,2139.0000,0.0000,0.0000,0.0000,0.0000,1,0,0,0,0,1,0,0,0,0
zc,WT211,2012-06-05 09:10:45.023,0.0000,12,0,0.0000,0.0000,0,0,空换,S,2134.0000,0.0000,0.0000,0.0000,0.0000,2136.0000,0.0000,0.0000,0.0000,0.0000,1,0,0,0,0,1,0,0,0,0
zc,WT211,2012-06-05 09:11:04.287,2134.0000,12,0,0.0000,2.0000,1,1,多换,B,2131.0000,0.0000,0.0000,0.0000,0.0000,2136.0000,0.0000,0.0000,0.0000,0.0000,1,0,0,0,0,1,0,0,0,0
zc,WT211,2012-06-05 09:11:07.773,2134.0000,12,0,0.0000,0.0000,0,0,多换,B,2131.0000,0.0000,0.0000,0.0000,0.0000,2153.0000,0.0000,0.0000,0.0000,0.0000,1,0,0,0,0,1,0,0,0,0
zc,WT211,2012-06-05 09:11:15.757,2134.0000,12,0,0.0000,0.0000,0,0,多换,B,2131.0000,0.0000,0.0000,0.0000,0.0000,2145.0000,0.0000,0.0000,0.0000,0.0000,1,0,0,0,0,1,0,0,0,0
zc,WT211,2012-06-05 09:11:27.337,2134.0000,12,0,0.0000,0.0000,0,0,多换,B,2130.0000,0.0000,0.0000,0.0000,0.0000,2145.0000,0.0000,0.0000,0.0000,0.0000,1,0,0,0,0,1,0,0,0,0
zc,WT211,2012-06-05 09:12:30.553,2134.0000,12,0,0.0000,0.0000,0,0,多换,B,2131.0000,0.0000,0.0000,0.0000,0.0000,2145.0000,0.0000,0.0000,0.0000,0.0000,1,0,0,0,0,1,0,0,0,0
zc,WT211,2012-06-05 09:12:55.273,2134.0000,12,0,0.0000,0.0000,0,0,多换,B,2130.0000,0.0000,0.0000,0.0000,0.0000,2145.0000,0.0000,0.0000,0.0000,0.0000,1,0,0,0,0,1,0,0,0,0
zc,WT211,2012-06-05 09:13:13.537,2134.0000,12,0,0.0000,0.0000,0,0,多换,B,2131.0000,0.0000,0.0000,0.0000,0.0000,2145.0000,0.0000,0.0000,0.0000,0.0000,1,0,0,0,0,1,0,0,0,0
zc,WT211,2012-06-05 09:17:47.240,2134.0000,12,0,0.0000,0.0000,0,0,多换,B,2133.0000,0.0000,0.0000,0.0000,0.0000,2145.0000,0.0000,0.0000,0.0000,0.0000,1,0,0,0,0,1,0,0,0,0
zc,WT211,2012-06-05 09:18:10.537,2134.0000,12,0,0.0000,0.0000,0,0,多换,B,2131.0000,0.0000,0.0000,0.0000,0.0000,2145.0000,0.0000,0.0000,0.0000,0.0000,1,0,0,0,0,1,0,0,0,0
zc,WT211,2012-06-05 09:19:20.553,2134.0000,12,0,0.0000,0.0000,0,0,多换,B,2132.0000,0.0000,0.0000,0.0000,0.0000,2145.0000,0.0000,0.0000,0.0000,0.0000,1,0,0,0,0,1,0,0,0,0
zc,WT211,2012-06-05 09:19:53.787,2134.0000,12,0,0.0000,0.0000,0,0,多换,B,2132.0000,0.0000,0.0000,0.0000,0.0000,2147.0000,0.0000,0.0000,0.0000,0.0000,1,0,0,0,0,1,0,0,0,0
zc,WT211,2012-06-05 09:20:02.273,2134.0000,12,0,0.0000,0.0000,0,0,多换,B,2131.0000,0.0000,0.0000,0.0000,0.0000,2147.0000,0.0000,0.0000,0.0000,0.0000,1,0,0,0,0,1,0,0,0,0
zc,WT211,2012-06-05 09:20:12.240,2134.0000,12,0,0.0000,0.0000,0,0,多换,B,2131.0000,0.0000,0.0000,0.0000,0.0000,2145.0000,0.0000,0.0000,0.0000,0.0000,1,0,0,0,0,1,0,0,0,0
zc,WT211,2012-06-05 09:20:46.273,2134.0000,12,0,0.0000,0.0000,0,0,多换,B,2133.0000,0.0000,0.0000,0.0000,0.0000,2145.0000,0.0000,0.0000,0.0000,0.0000,1,0,0,0,0,1,0,0,0,0
zc,WT211,2012-06-05 09:21:28.757,2134.0000,12,0,0.0000,0.0000,0,0,多换,B,2132.0000,0.0000,0.0000,0.0000,0.0000,2145.0000,0.0000,0.0000,0.0000,0.0000,1,0,0,0,0,1,0,0,0,0
zc,WT211,2012-06-05 09:21:40.287,2134.0000,12,0,0.0000,0.0000,0,0,多换,B,2133.0000,0.0000,0.0000,0.0000,0.0000,2145.0000,0.0000,0.0000,0.0000,0.0000,1,0,0,0,0,1,0,0,0,0
zc,WT211,2012-06-05 09:22:38.803,2134.0000,12,0,0.0000,0.0000,0,0,多换,B,2134.0000,0.0000,0.0000,0.0000,0.0000,2145.0000,0.0000,0.0000,0.0000,0.0000,1,0,0,0,0,1,0,0,0,0
zc,WT211,2012-06-05 09:23:25.727,2134.0000,12,0,0.0000,0.0000,0,0,多换,B,2134.0000,0.0000,0.0000,0.0000,0.0000,2145.0000,0.0000,0.0000,0.0000,0.0000,1,0,0,0,0,1,0,0,0,0
zc,WT211,2012-06-05 09:23:29.240,2134.0000,12,0,0.0000,0.0000,0,0,多换,B,2133.0000,0.0000,0.0000,0.0000,0.0000,2145.0000,0.0000,0.0000,0.0000,0.0000,1,0,0,0,0,1,0,0,0,0
zc,WT211,2012-06-05 09:23:38.727,2134.0000,12,0,0.0000,0.0000,0,0,多换,B,2136.0000,0.0000,0.0000,0.0000,0.0000,2145.0000,0.0000,0.0000,0.0000,0.0000,1,0,0,0,0,1,0,0,0,0
zc,WT211,2012-06-05 09:23:45.990,2134.0000,12,0,0.0000,0.0000,0,0,多换,B,2137.0000,0.0000,0.0000,0.0000,0.0000,2145.0000,0.0000,0.0000,0.0000,0.0000,1,0,0,0,0,1,0,0,0,0
zc,WT211,2012-06-05 09:24:07.570,2134.0000,12,0,0.0000,0.0000,0,0,多换,B,2136.0000,0.0000,0.0000,0.0000,0.0000,2145.0000,0.0000,0.0000,0.0000,0.0000,1,0,0,0,0,1,0,0,0,0
zc,WT211,2012-06-05 09:24:19.257,2134.0000,12,0,0.0000,0.0000,0,0,多换,B,2137.0000,0.0000,0.0000,0.0000,0.0000,2145.0000,0.0000,0.0000,0.0000,0.0000,1,0,0,0,0,1,0,0,0,0
zc,WT211,2012-06-05 09:24:25.710,2134.0000,12,0,0.0000,0.0000,0,0,多换,B,2137.0000,0.0000,0.0000,0.0000,0.0000,2145.0000,0.0000,0.0000,0.0000,0.0000,1,0,0,0,0,1,0,0,0,0
zc,WT211,2012-06-05 09:25:27.273,2134.0000,12,0,0.0000,0.0000,0,0,多换,B,2139.0000,0.0000,0.0000,0.0000,0.0000,2145.0000,0.0000,0.0000,0.0000,0.0000,1,0,0,0,0,1,0,0,0,0
zc,WT211,2012-06-05 09:25:43.727,2134.0000,12,0,0.0000,0.0000,0,0,多换,B,2139.0000,0.0000,0.0000,0.0000,0.0000,2153.0000,0.0000,0.0000,0.0000,0.0000,1,0,0,0,0,1,0,0,0,0
zc,WT211,2012-06-05 09:25:52.710,2139.0000,12,0,0.0000,2.0000,1,1,多换,B,2134.0000,0.0000,0.0000,0.0000,0.0000,2153.0000,0.0000,0.0000,0.0000,0.0000,1,0,0,0,0,1,0,0,0,0
zc,WT211,2012-06-05 09:26:18.477,2139.0000,12,0,0.0000,0.0000,0,0,多换,B,2132.0000,0.0000,0.0000,0.0000,0.0000,2153.0000,0.0000,0.0000,0.0000,0.0000,1,0,0,0,0,1,0,0,0,0
zc,WT211,2012-06-05 09:26:33.257,2139.0000,12,0,0.0000,0.0000,0,0,多换,B,2134.0000,0.0000,0.0000,0.0000,0.0000,2153.0000,0.0000,0.0000,0.0000,0.0000,1,0,0,0,0,1,0,0,0,0
zc,WT211,2012-06-05 09:26:34.990,2139.0000,12,0,0.0000,0.0000,0,0,多换,B,2132.0000,0.0000,0.0000,0.0000,0.0000,2152.0000,0.0000,0.0000,0.0000,0.0000,1,0,0,0,0,1,0,0,0,0
zc,WT211,2012-06-05 09:27:19.257,2139.0000,12,0,0.0000,0.0000,0,0,多换,B,2132.0000,0.0000,0.0000,0.0000,0.0000,2153.0000,0.0000,0.0000,0.0000,0.0000,1,0,0,0,0,1,0,0,0,0
zc,WT211,2012-06-05 09:27:26.490,2139.0000,12,0,0.0000,0.0000,0,0,多换,B,2132.0000,0.0000,0.0000,0.0000,0.0000,2152.0000,0.0000,0.0000,0.0000,0.0000,1,0,0,0,0,1,0,0,0,0
zc,WT211,2012-06-05 09:28:00.023,2139.0000,12,0,0.0000,0.0000,0,0,多换,B,2132.0000,0.0000,0.0000,0.0000,0.0000,2151.0000,0.0000,0.0000,0.0000,0.0000,1,0,0,0,0,1,0,0,0,0
zc,WT211,2012-06-05 09:28:05.740,2139.0000,12,0,0.0000,0.0000,0,0,多换,B,2134.0000,0.0000,0.0000,0.0000,0.0000,2152.0000,0.0000,0.0000,0.0000,0.0000,1,0,0,0,0,2,0,0,0,0
zc,WT211,2012-06-05 09:28:22.990,2139.0000,12,0,0.0000,0.0000,0,0,多换,B,2139.0000,0.0000,0.0000,0.0000,0.0000,2152.0000,0.0000,0.0000,0.0000,0.0000,1,0,0,0,0,2,0,0,0,0
zc,WT211,2012-06-05 09:28:32.273,2139.0000,12,0,0.0000,0.0000,0,0,多换,B,2139.0000,0.0000,0.0000,0.0000,0.0000,2152.0000,0.0000,0.0000,0.0000,0.0000,1,0,0,0,0,1,0,0,0,0
zc,WT211,2012-06-05 09:28:34.773,2139.0000,12,0,0.0000,0.0000,0,0,多换,B,2139.0000,0.0000,0.0000,0.0000,0.0000,2151.0000,0.0000,0.0000,0.0000,0.0000,1,0,0,0,0,1,0,0,0,0
zc,WT211,2012-06-05 09:28:53.757,2139.0000,12,0,0.0000,0.0000,0,0,多换,B,2141.0000,0.0000,0.0000,0.0000,0.0000,2151.0000,0.0000,0.0000,0.0000,0.0000,1,0,0,0,0,1,0,0,0,0
zc,WT211,2012-06-05 09:28:59.257,2139.0000,12,0,0.0000,0.0000,0,0,多换,B,2139.0000,0.0000,0.0000,0.0000,0.0000,2151.0000,0.0000,0.0000,0.0000,0.0000,1,0,0,0,0,1,0,0,0,0
zc,WT211,2012-06-05 09:29:03.240,2139.0000,12,0,0.0000,0.0000,0,0,多换,B,2140.0000,0.0000,0.0000,0.0000,0.0000,2151.0000,0.0000,0.0000,0.0000,0.0000,1,0,0,0,0,1,0,0,0,0
zc,WT211,2012-06-05 09:30:04.757,2139.0000,12,0,0.0000,0.0000,0,0,多换,B,2141.0000,0.0000,0.0000,0.0000,0.0000,2151.0000,0.0000,0.0000,0.0000,0.0000,1,0,0,0,0,1,0,0,0,0
zc,WT211,2012-06-05 09:30:17.240,2139.0000,12,0,0.0000,0.0000,0,0,多换,B,2142.0000,0.0000,0.0000,0.0000,0.0000,2151.0000,0.0000,0.0000,0.0000,0.0000,1,0,0,0,0,1,0,0,0,0
zc,WT211,2012-06-05 09:31:22.837,2139.0000,12,0,0.0000,0.0000,0,0,多换,B,2141.0000,0.0000,0.0000,0.0000,0.0000,2151.0000,0.0000,0.0000,0.0000,0.0000,1,0,0,0,0,1,0,0,0,0
zc,WT211,2012-06-05 09:31:25.710,2139.0000,12,0,0.0000,0.0000,0,0,多换,B,2141.0000,0.0000,0.0000,0.0000,0.0000,2151.0000,0.0000,0.0000,0.0000,0.0000,1,0,0,0,0,1,0,0,0,0
zc,WT211,2012-06-05 09:31:59.587,2139.0000,12,0,0.0000,0.0000,0,0,多换,B,2142.0000,0.0000,0.0000,0.0000,0.0000,2151.0000,0.0000,0.0000,0.0000,0.0000,1,0,0,0,0,1,0,0,0,0
zc,WT211,2012-06-05 09:32:08.007,2139.0000,12,0,0.0000,0.0000,0,0,多换,B,2141.0000,0.0000,0.0000,0.0000,0.0000,2151.0000,0.0000,0.0000,0.0000,0.0000,1,0,0,0,0,1,0,0,0,0
zc,WT211,2012-06-05 09:33:33.100,2139.0000,12,0,0.0000,0.0000,0,0,多换,B,2143.0000,0.0000,0.0000,0.0000,0.0000,2151.0000,0.0000,0.0000,0.0000,0.0000,1,0,0,0,0,1,0,0,0,0
zc,WT211,2012-06-05 09:33:53.773,2139.0000,12,0,0.0000,0.0000,0,0,多换,B,2144.0000,0.0000,0.0000,0.0000,0.0000,2151.0000,0.0000,0.0000,0.0000,0.0000,1,0,0,0,0,1,0,0,0,0
zc,WT211,2012-06-05 09:34:18.553,2139.0000,12,0,0.0000,0.0000,0,0,多换,B,2145.0000,0.0000,0.0000,0.0000,0.0000,2151.0000,0.0000,0.0000,0.0000,0.0000,1,0,0,0,0,1,0,0,0,0
zc,WT211,2012-06-05 09:34:25.693,2139.0000,12,0,0.0000,0.0000,0,0,多换,B,2145.0000,0.0000,0.0000,0.0000,0.0000,2151.0000,0.0000,0.0000,0.0000,0.0000,1,0,0,0,0,1,0,0,0,0
zc,WT211,2012-06-05 09:34:50.007,2139.0000,12,0,0.0000,0.0000,0,0,多换,B,2144.0000,0.0000,0.0000,0.0000,0.0000,2151.0000,0.0000,0.0000,0.0000,0.0000,1,0,0,0,0,1,0,0,0,0
zc,WT211,2012-06-05 09:34:51.273,2139.0000,12,0,0.0000,0.0000,0,0,多换,B,2144.0000,0.0000,0.0000,0.0000,0.0000,2157.0000,0.0000,0.0000,0.0000,0.0000,1,0,0,0,0,2,0,0,0,0
zc,WT211,2012-06-05 09:34:53.287,2139.0000,12,0,0.0000,0.0000,0,0,多换,B,2144.0000,0.0000,0.0000,0.0000,0.0000,2157.0000,0.0000,0.0000,0.0000,0.0000,1,0,0,0,0,1,0,0,0,0
zc,WT211,2012-06-05 09:34:57.990,2139.0000,12,0,0.0000,0.0000,0,0,多换,B,2144.0000,0.0000,0.0000,0.0000,0.0000,2158.0000,0.0000,0.0000,0.0000,0.0000,1,0,0,0,0,2,0,0,0,0
zc,WT211,2012-06-05 09:34:58.523,2139.0000,12,0,0.0000,0.0000,0,0,多换,B,2145.0000,0.0000,0.0000,0.0000,0.0000,2158.0000,0.0000,0.0000,0.0000,0.0000,1,0,0,0,0,2,0,0,0,0
zc,WT211,2012-06-05 09:35:00.507,2139.0000,12,0,0.0000,0.0000,0,0,多换,B,2144.0000,0.0000,0.0000,0.0000,0.0000,2158.0000,0.0000,0.0000,0.0000,0.0000,1,0,0,0,0,2,0,0,0,0
zc,WT211,2012-06-05 09:35:44.757,2139.0000,12,0,0.0000,0.0000,0,0,多换,B,2144.0000,0.0000,0.0000,0.0000,0.0000,2157.0000,0.0000,0.0000,0.0000,0.0000,1,0,0,0,0,2,0,0,0,0
zc,WT211,2012-06-05 09:36:01.507,2139.0000,12,0,0.0000,0.0000,0,0,多换,B,2144.0000,0.0000,0.0000,0.0000,0.0000,2156.0000,0.0000,0.0000,0.0000,0.0000,1,0,0,0,0,1,0,0,0,0
zc,WT211,2012-06-05 09:36:35.773,2139.0000,12,0,0.0000,0.0000,0,0,多换,B,2143.0000,0.0000,0.0000,0.0000,0.0000,2156.0000,0.0000,0.0000,0.0000,0.0000,1,0,0,0,0,2,0,0,0,0
zc,WT211,2012-06-05 09:36:36.727,2139.0000,12,0,0.0000,0.0000,0,0,多换,B,2144.0000,0.0000,0.0000,0.0000,0.0000,2156.0000,0.0000,0.0000,0.0000,0.0000,1,0,0,0,0,1,0,0,0,0
zc,WT211,2012-06-05 09:36:38.490,2139.0000,12,0,0.0000,0.0000,0,0,多换,B,2143.0000,0.0000,0.0000,0.0000,0.0000,2156.0000,0.0000,0.0000,0.0000,0.0000,1,0,0,0,0,1,0,0,0,0
zc,WT211,2012-06-05 09:36:39.990,2139.0000,12,0,0.0000,0.0000,0,0,多换,B,2144.0000,0.0000,0.0000,0.0000,0.0000,2156.0000,0.0000,0.0000,0.0000,0.0000,1,0,0,0,0,1,0,0,0,0
zc,WT211,2012-06-05 09:37:25.977,2139.0000,12,0,0.0000,0.0000,0,0,多换,B,2143.0000,0.0000,0.0000,0.0000,0.0000,2156.0000,0.0000,0.0000,0.0000,0.0000,1,0,0,0,0,1,0,0,0,0
zc,WT211,2012-06-05 09:37:27.257,2139.0000,12,0,0.0000,0.0000,0,0,多换,B,2144.0000,0.0000,0.0000,0.0000,0.0000,2156.0000,0.0000,0.0000,0.0000,0.0000,1,0,0,0,0,1,0,0,0,0
zc,WT211,2012-06-05 09:37:37.523,2139.0000,12,0,0.0000,0.0000,0,0,多换,B,2143.0000,0.0000,0.0000,0.0000,0.0000,2156.0000,0.0000,0.0000,0.0000,0.0000,1,0,0,0,0,1,0,0,0,0
zc,WT211,2012-06-05 09:37:40.507,2139.0000,12,0,0.0000,0.0000,0,0,多换,B,2143.0000,0.0000,0.0000,0.0000,0.0000,2156.0000,0.0000,0.0000,0.0000,0.0000,1,0,0,0,0,2,0,0,0,0
zc,WT211,2012-06-05 09:38:14.490,2139.0000,12,0,0.0000,0.0000,0,0,多换,B,2143.0000,0.0000,0.0000,0.0000,0.0000,2156.0000,0.0000,0.0000,0.0000,0.0000,1,0,0,0,0,3,0,0,0,0
zc,WT211,2012-06-05 09:38:39.287,2139.0000,12,0,0.0000,0.0000,0,0,多换,B,2141.0000,0.0000,0.0000,0.0000,0.0000,2156.0000,0.0000,0.0000,0.0000,0.0000,1,0,0,0,0,3,0,0,0,0
zc,WT211,2012-06-05 09:38:41.240,2139.0000,12,0,0.0000,0.0000,0,0,多换,B,2142.0000,0.0000,0.0000,0.0000,0.0000,2156.0000,0.0000,0.0000,0.0000,0.0000,1,0,0,0,0,3,0,0,0,0
zc,WT211,2012-06-05 09:38:42.460,2139.0000,12,0,0.0000,0.0000,0,0,多换,B,2142.0000,0.0000,0.0000,0.0000,0.0000,2155.0000,0.0000,0.0000,0.0000,0.0000,1,0,0,0,0,2,0,0,0,0
zc,WT211,2012-06-05 09:39:06.757,2139.0000,12,0,0.0000,0.0000,0,0,多换,B,2142.0000,0.0000,0.0000,0.0000,0.0000,2156.0000,0.0000,0.0000,0.0000,0.0000,1,0,0,0,0,3,0,0,0,0
zc,WT211,2012-06-05 09:39:41.460,2139.0000,12,0,0.0000,0.0000,0,0,多换,B,2142.0000,0.0000,0.0000,0.0000,0.0000,2156.0000,0.0000,0.0000,0.0000,0.0000,1,0,0,0,0,2,0,0,0,0
zc,WT211,2012-06-05 09:40:17.210,2139.0000,12,0,0.0000,0.0000,0,0,多换,B,2142.0000,0.0000,0.0000,0.0000,0.0000,2155.0000,0.0000,0.0000,0.0000,0.0000,1,0,0,0,0,1,0,0,0,0
zc,WT211,2012-06-05 09:40:18.490,2139.0000,12,0,0.0000,0.0000,0,0,多换,B,2143.0000,0.0000,0.0000,0.0000,0.0000,2156.0000,0.0000,0.0000,0.0000,0.0000,1,0,0,0,0,2,0,0,0,0
zc,WT211,2012-06-05 09:40:19.240,2139.0000,12,0,0.0000,0.0000,0,0,多换,B,2141.0000,0.0000,0.0000,0.0000,0.0000,2154.0000,0.0000,0.0000,0.0000,0.0000,1,0,0,0,0,2,0,0,0,0
zc,WT211,2012-06-05 09:40:20.227,2139.0000,12,0,0.0000,0.0000,0,0,多换,B,2141.0000,0.0000,0.0000,0.0000,0.0000,2154.0000,0.0000,0.0000,0.0000,0.0000,1,0,0,0,0,1,0,0,0,0
zc,WT211,2012-06-05 09:40:21.257,2139.0000,12,0,0.0000,0.0000,0,0,多换,B,2142.0000,0.0000,0.0000,0.0000,0.0000,2156.0000,0.0000,0.0000,0.0000,0.0000,1,0,0,0,0,2,0,0,0,0
zc,WT211,2012-06-05 09:41:21.193,2139.0000,12,0,0.0000,0.0000,0,0,多换,B,2142.0000,0.0000,0.0000,0.0000,0.0000,2155.0000,0.0000,0.0000,0.0000,0.0000,1,0,0,0,0,1,0,0,0,0
zc,WT211,2012-06-05 09:41:46.960,2139.0000,12,0,0.0000,0.0000,0,0,多换,B,2143.0000,0.0000,0.0000,0.0000,0.0000,2155.0000,0.0000,0.0000,0.0000,0.0000,1,0,0,0,0,1,0,0,0,0
zc,WT211,2012-06-05 09:42:25.693,2139.0000,12,0,0.0000,0.0000,0,0,多换,B,2143.0000,0.0000,0.0000,0.0000,0.0000,2155.0000,0.0000,0.0000,0.0000,0.0000,1,0,0,0,0,1,0,0,0,0
zc,WT211,2012-06-05 09:43:16.240,2139.0000,12,0,0.0000,0.0000,0,0,多换,B,2144.0000,0.0000,0.0000,0.0000,0.0000,2155.0000,0.0000,0.0000,0.0000,0.0000,1,0,0,0,0,1,0,0,0,0
zc,WT211,2012-06-05 09:43:51.210,2139.0000,12,0,0.0000,0.0000,0,0,多换,B,2145.0000,0.0000,0.0000,0.0000,0.0000,2155.0000,0.0000,0.0000,0.0000,0.0000,1,0,0,0,0,1,0,0,0,0
zc,WT211,2012-06-05 09:43:54.710,2139.0000,12,0,0.0000,0.0000,0,0,多换,B,2144.0000,0.0000,0.0000,0.0000,0.0000,2155.0000,0.0000,0.0000,0.0000,0.0000,1,0,0,0,0,1,0,0,0,0
zc,WT211,2012-06-05 09:44:26.240,2139.0000,12,0,0.0000,0.0000,0,0,多换,B,2145.0000,0.0000,0.0000,0.0000,0.0000,2155.0000,0.0000,0.0000,0.0000,0.0000,1,0,0,0,0,1,0,0,0,0
zc,WT211,2012-06-05 09:44:36.273,2139.0000,12,0,0.0000,0.0000,0,0,多换,B,2144.0000,0.0000,0.0000,0.0000,0.0000,2155.0000,0.0000,0.0000,0.0000,0.0000,1,0,0,0,0,1,0,0,0,0
zc,WT211,2012-06-05 09:44:52.460,2139.0000,12,0,0.0000,0.0000,0,0,多换,B,2145.0000,0.0000,0.0000,0.0000,0.0000,2155.0000,0.0000,0.0000,0.0000,0.0000,1,0,0,0,0,1,0,0,0,0
zc,WT211,2012-06-05 09:45:01.727,2139.0000,12,0,0.0000,0.0000,0,0,多换,B,2144.0000,0.0000,0.0000,0.0000,0.0000,2155.0000,0.0000,0.0000,0.0000,0.0000,1,0,0,0,0,1,0,0,0,0
zc,WT211,2012-06-05 09:45:54.490,2139.0000,12,0,0.0000,0.0000,0,0,多换,B,2145.0000,0.0000,0.0000,0.0000,0.0000,2155.0000,0.0000,0.0000,0.0000,0.0000,1,0,0,0,0,1,0,0,0,0
zc,WT211,2012-06-05 09:45:54.943,2139.0000,12,0,0.0000,0.0000,0,0,多换,B,2146.0000,0.0000,0.0000,0.0000,0.0000,2155.0000,0.0000,0.0000,0.0000,0.0000,1,0,0,0,0,1,0,0,0,0
zc,WT211,2012-06-05 09:46:25.693,2139.0000,12,0,0.0000,0.0000,0,0,多换,B,2146.0000,0.0000,0.0000,0.0000,0.0000,2155.0000,0.0000,0.0000,0.0000,0.0000,1,0,0,0,0,1,0,0,0,0
zc,WT211,2012-06-05 09:46:31.977,2139.0000,12,0,0.0000,0.0000,0,0,多换,B,2145.0000,0.0000,0.0000,0.0000,0.0000,2155.0000,0.0000,0.0000,0.0000,0.0000,1,0,0,0,0,1,0,0,0,0
zc,WT211,2012-06-05 09:46:33.023,2139.0000,12,0,0.0000,0.0000,0,0,多换,B,2146.0000,0.0000,0.0000,0.0000,0.0000,2155.0000,0.0000,0.0000,0.0000,0.0000,1,0,0,0,0,1,0,0,0,0
zc,WT211,2012-06-05 09:46:38.210,2139.0000,12,0,0.0000,0.0000,0,0,多换,B,2146.0000,0.0000,0.0000,0.0000,0.0000,2159.0000,0.0000,0.0000,0.0000,0.0000,1,0,0,0,0,2,0,0,0,0
zc,WT211,2012-06-05 09:46:39.977,2139.0000,12,0,0.0000,0.0000,0,0,多换,B,2146.0000,0.0000,0.0000,0.0000,0.0000,2158.0000,0.0000,0.0000,0.0000,0.0000,1,0,0,0,0,1,0,0,0,0
zc,WT211,2012-06-05 09:46:42.977,2139.0000,12,0,0.0000,0.0000,0,0,多换,B,2145.0000,0.0000,0.0000,0.0000,0.0000,2158.0000,0.0000,0.0000,0.0000,0.0000,1,0,0,0,0,1,0,0,0,0
zc,WT211,2012-06-05 09:46:46.960,2139.0000,12,0,0.0000,0.0000,0,0,多换,B,2146.0000,0.0000,0.0000,0.0000,0.0000,2158.0000,0.0000,0.0000,0.0000,0.0000,1,0,0,0,0,1,0,0,0,0
zc,WT211,2012-06-05 09:47:24.507,2139.0000,12,0,0.0000,0.0000,0,0,多换,B,2145.0000,0.0000,0.0000,0.0000,0.0000,2158.0000,0.0000,0.0000,0.0000,0.0000,1,0,0,0,0,1,0,0,0,0
zc,WT211,2012-06-05 09:47:28.757,2139.0000,12,0,0.0000,0.0000,0,0,多换,B,2146.0000,0.0000,0.0000,0.0000,0.0000,2158.0000,0.0000,0.0000,0.0000,0.0000,1,0,0,0,0,1,0,0,0,0
zc,WT211,2012-06-05 09:48:07.693,2139.0000,12,0,0.0000,0.0000,0,0,多换,B,2145.0000,0.0000,0.0000,0.0000,0.0000,2158.0000,0.0000,0.0000,0.0000,0.0000,1,0,0,0,0,1,0,0,0,0
zc,WT211,2012-06-05 09:48:09.490,2139.0000,12,0,0.0000,0.0000,0,0,多换,B,2145.0000,0.0000,0.0000,0.0000,0.0000,2158.0000,0.0000,0.0000,0.0000,0.0000,1,0,0,0,0,2,0,0,0,0
zc,WT211,2012-06-05 09:48:18.960,2139.0000,12,0,0.0000,0.0000,0,0,多换,B,2145.0000,0.0000,0.0000,0.0000,0.0000,2158.0000,0.0000,0.0000,0.0000,0.0000,1,0,0,0,0,3,0,0,0,0
zc,WT211,2012-06-05 09:48:22.477,2139.0000,12,0,0.0000,0.0000,0,0,多换,B,2146.0000,0.0000,0.0000,0.0000,0.0000,2158.0000,0.0000,0.0000,0.0000,0.0000,1,0,0,0,0,1,0,0,0,0
zc,WT211,2012-06-05 09:49:25.990,2139.0000,12,0,0.0000,0.0000,0,0,多换,B,2146.0000,0.0000,0.0000,0.0000,0.0000,2158.0000,0.0000,0.0000,0.0000,0.0000,1,0,0,0,0,1,0,0,0,0
zc,WT211,2012-06-05 09:49:38.990,2139.0000,12,0,0.0000,0.0000,0,0,多换,B,2147.0000,0.0000,0.0000,0.0000,0.0000,2158.0000,0.0000,0.0000,0.0000,0.0000,1,0,0,0,0,1,0,0,0,0
zc,WT211,2012-06-05 09:49:50.710,2139.0000,12,0,0.0000,0.0000,0,0,多换,B,2149.0000,0.0000,0.0000,0.0000,0.0000,2158.0000,0.0000,0.0000,0.0000,0.0000,1,0,0,0,0,1,0,0,0,0
zc,WT211,2012-06-05 09:50:01.227,2139.0000,12,0,0.0000,0.0000,0,0,多换,B,2147.0000,0.0000,0.0000,0.0000,0.0000,2158.0000,0.0000,0.0000,0.0000,0.0000,1,0,0,0,0,1,0,0,0,0
zc,WT211,2012-06-05 09:50:02.710,2139.0000,12,0,0.0000,0.0000,0,0,多换,B,2149.0000,0.0000,0.0000,0.0000,0.0000,2158.0000,0.0000,0.0000,0.0000,0.0000,1,0,0,0,0,1,0,0,0,0
zc,WT211,2012-06-05 09:50:03.990,2139.0000,12,0,0.0000,0.0000,0,0,多换,B,2147.0000,0.0000,0.0000,0.0000,0.0000,2158.0000,0.0000,0.0000,0.0000,0.0000,1,0,0,0,0,1,0,0,0,0
zc,WT211,2012-06-05 09:50:04.740,2139.0000,12,0,0.0000,0.0000,0,0,多换,B,2148.0000,0.0000,0.0000,0.0000,0.0000,2158.0000,0.0000,0.0000,0.0000,0.0000,1,0,0,0,0,1,0,0,0,0
zc,WT211,2012-06-05 09:50:41.477,2139.0000,12,0,0.0000,0.0000,0,0,多换,B,2147.0000,0.0000,0.0000,0.0000,0.0000,2158.0000,0.0000,0.0000,0.0000,0.0000,1,0,0,0,0,1,0,0,0,0
zc,WT211,2012-06-05 09:50:42.710,2139.0000,12,0,0.0000,0.0000,0,0,多换,B,2149.0000,0.0000,0.0000,0.0000,0.0000,2158.0000,0.0000,0.0000,0.0000,0.0000,1,0,0,0,0,1,0,0,0,0
zc,WT211,2012-06-05 09:51:06.477,2139.0000,12,0,0.0000,0.0000,0,0,多换,B,2151.0000,0.0000,0.0000,0.0000,0.0000,2158.0000,0.0000,0.0000,0.0000,0.0000,1,0,0,0,0,1,0,0,0,0
zc,WT211,2012-06-05 09:51:24.960,2139.0000,12,0,0.0000,0.0000,0,0,多换,B,2148.0000,0.0000,0.0000,0.0000,0.0000,2158.0000,0.0000,0.0000,0.0000,0.0000,1,0,0,0,0,1,0,0,0,0
zc,WT211,2012-06-05 09:51:34.943,2139.0000,12,0,0.0000,0.0000,0,0,多换,B,2151.0000,0.0000,0.0000,0.0000,0.0000,2158.0000,0.0000,0.0000,0.0000,0.0000,1,0,0,0,0,1,0,0,0,0
zc,WT211,2012-06-05 09:51:41.727,2139.0000,12,0,0.0000,0.0000,0,0,多换,B,2151.0000,0.0000,0.0000,0.0000,0.0000,2166.0000,0.0000,0.0000,0.0000,0.0000,1,0,0,0,0,2,0,0,0,0
zc,WT211,2012-06-05 09:51:43.680,2139.0000,12,0,0.0000,0.0000,0,0,多换,B,2151.0000,0.0000,0.0000,0.0000,0.0000,2165.0000,0.0000,0.0000,0.0000,0.0000,1,0,0,0,0,1,0,0,0,0
zc,WT211,2012-06-05 09:51:55.443,2139.0000,12,0,0.0000,0.0000,0,0,多换,B,2151.0000,0.0000,0.0000,0.0000,0.0000,2165.0000,0.0000,0.0000,0.0000,0.0000,1,0,0,0,0,3,0,0,0,0
zc,WT211,2012-06-05 09:52:55.727,2139.0000,12,0,0.0000,0.0000,0,0,多换,B,2151.0000,0.0000,0.0000,0.0000,0.0000,2164.0000,0.0000,0.0000,0.0000,0.0000,1,0,0,0,0,1,0,0,0,0
zc,WT211,2012-06-05 09:53:14.693,2139.0000,12,0,0.0000,0.0000,0,0,多换,B,2151.0000,0.0000,0.0000,0.0000,0.0000,2164.0000,0.0000,0.0000,0.0000,0.0000,1,0,0,0,0,2,0,0,0,0
zc,WT211,2012-06-05 09:53:23.210,2139.0000,12,0,0.0000,0.0000,0,0,多换,B,2150.0000,0.0000,0.0000,0.0000,0.0000,2164.0000,0.0000,0.0000,0.0000,0.0000,1,0,0,0,0,2,0,0,0,0
zc,WT211,2012-06-05 09:53:34.443,2139.0000,12,0,0.0000,0.0000,0,0,多换,B,2150.0000,0.0000,0.0000,0.0000,0.0000,2164.0000,0.0000,0.0000,0.0000,0.0000,1,0,0,0,0,1,0,0,0,0
zc,WT211,2012-06-05 09:53:39.477,2139.0000,12,0,0.0000,0.0000,0,0,多换,B,2150.0000,0.0000,0.0000,0.0000,0.0000,2163.0000,0.0000,0.0000,0.0000,0.0000,1,0,0,0,0,1,0,0,0,0
zc,WT211,2012-06-05 09:54:07.710,2139.0000,12,0,0.0000,0.0000,0,0,多换,B,2150.0000,0.0000,0.0000,0.0000,0.0000,2165.0000,0.0000,0.0000,0.0000,0.0000,1,0,0,0,0,3,0,0,0,0
zc,WT211,2012-06-05 09:54:09.913,2139.0000,12,0,0.0000,0.0000,0,0,多换,B,2150.0000,0.0000,0.0000,0.0000,0.0000,2164.0000,0.0000,0.0000,0.0000,0.0000,1,0,0,0,0,1,0,0,0,0
zc,WT211,2012-06-05 09:54:13.227,2139.0000,12,0,0.0000,0.0000,0,0,多换,B,2148.0000,0.0000,0.0000,0.0000,0.0000,2162.0000,0.0000,0.0000,0.0000,0.0000,1,0,0,0,0,2,0,0,0,0
zc,WT211,2012-06-05 09:54:13.943,2139.0000,12,0,0.0000,0.0000,0,0,多换,B,2148.0000,0.0000,0.0000,0.0000,0.0000,2164.0000,0.0000,0.0000,0.0000,0.0000,1,0,0,0,0,1,0,0,0,0
zc,WT211,2012-06-05 09:54:16.710,2139.0000,12,0,0.0000,0.0000,0,0,多换,B,2149.0000,0.0000,0.0000,0.0000,0.0000,2164.0000,0.0000,0.0000,0.0000,0.0000,1,0,0,0,0,1,0,0,0,0
zc,WT211,2012-06-05 09:54:25.960,2139.0000,12,0,0.0000,0.0000,0,0,多换,B,2150.0000,0.0000,0.0000,0.0000,0.0000,2164.0000,0.0000,0.0000,0.0000,0.0000,1,0,0,0,0,1,0,0,0,0
zc,WT211,2012-06-05 09:54:34.693,2139.0000,12,0,0.0000,0.0000,0,0,多换,B,2150.0000,0.0000,0.0000,0.0000,0.0000,2164.0000,0.0000,0.0000,0.0000,0.0000,1,0,0,0,0,3,0,0,0,0
zc,WT211,2012-06-05 09:54:37.443,2139.0000,12,0,0.0000,0.0000,0,0,多换,B,2150.0000,0.0000,0.0000,0.0000,0.0000,2163.0000,0.0000,0.0000,0.0000,0.0000,1,0,0,0,0,2,0,0,0,0
zc,WT211,2012-06-05 09:55:22.007,2139.0000,12,0,0.0000,0.0000,0,0,多换,B,2149.0000,0.0000,0.0000,0.0000,0.0000,2163.0000,0.0000,0.0000,0.0000,0.0000,1,0,0,0,0,2,0,0,0,0
zc,WT211,2012-06-05 09:55:25.227,2139.0000,12,0,0.0000,0.0000,0,0,多换,B,2149.0000,0.0000,0.0000,0.0000,0.0000,2162.0000,0.0000,0.0000,0.0000,0.0000,1,0,0,0,0,1,0,0,0,0
zc,WT211,2012-06-05 09:55:25.977,2139.0000,12,0,0.0000,0.0000,0,0,多换,B,2150.0000,0.0000,0.0000,0.0000,0.0000,2163.0000,0.0000,0.0000,0.0000,0.0000,1,0,0,0,0,2,0,0,0,0
zc,WT211,2012-06-05 09:55:38.460,2139.0000,12,0,0.0000,0.0000,0,0,多换,B,2149.0000,0.0000,0.0000,0.0000,0.0000,2162.0000,0.0000,0.0000,0.0000,0.0000,1,0,0,0,0,2,0,0,0,0
zc,WT211,2012-06-05 09:55:40.477,2139.0000,12,0,0.0000,0.0000,0,0,多换,B,2149.0000,0.0000,0.0000,0.0000,0.0000,2163.0000,0.0000,0.0000,0.0000,0.0000,1,0,0,0,0,2,0,0,0,0
zc,WT211,2012-06-05 09:55:49.443,2139.0000,12,0,0.0000,0.0000,0,0,多换,B,2149.0000,0.0000,0.0000,0.0000,0.0000,2162.0000,0.0000,0.0000,0.0000,0.0000,1,0,0,0,0,1,0,0,0,0
zc,WT211,2012-06-05 09:55:53.523,2139.0000,12,0,0.0000,0.0000,0,0,多换,B,2148.0000,0.0000,0.0000,0.0000,0.0000,2162.0000,0.0000,0.0000,0.0000,0.0000,1,0,0,0,0,1,0,0,0,0
zc,WT211,2012-06-05 09:55:59.460,2139.0000,12,0,0.0000,0.0000,0,0,多换,B,2148.0000,0.0000,0.0000,0.0000,0.0000,2162.0000,0.0000,0.0000,0.0000,0.0000,1,0,0,0,0,2,0,0,0,0
zc,WT211,2012-06-05 09:56:06.490,2139.0000,12,0,0.0000,0.0000,0,0,多换,B,2148.0000,0.0000,0.0000,0.0000,0.0000,2162.0000,0.0000,0.0000,0.0000,0.0000,1,0,0,0,0,3,0,0,0,0
zc,WT211,2012-06-05 09:56:08.227,2139.0000,12,0,0.0000,0.0000,0,0,多换,B,2148.0000,0.0000,0.0000,0.0000,0.0000,2162.0000,0.0000,0.0000,0.0000,0.0000,1,0,0,0,0,2,0,0,0,0
zc,WT211,2012-06-05 09:56:11.773,2139.0000,12,0,0.0000,0.0000,0,0,多换,B,2148.0000,0.0000,0.0000,0.0000,0.0000,2162.0000,0.0000,0.0000,0.0000,0.0000,1,0,0,0,0,1,0,0,0,0
zc,WT211,2012-06-05 09:56:22.430,2139.0000,12,0,0.0000,0.0000,0,0,多换,B,2148.0000,0.0000,0.0000,0.0000,0.0000,2162.0000,0.0000,0.0000,0.0000,0.0000,1,0,0,0,0,2,0,0,0,0
zc,WT211,2012-06-05 09:56:27.007,2139.0000,12,0,0.0000,0.0000,0,0,多换,B,2147.0000,0.0000,0.0000,0.0000,0.0000,2162.0000,0.0000,0.0000,0.0000,0.0000,1,0,0,0,0,2,0,0,0,0
zc,WT211,2012-06-05 09:56:28.507,2139.0000,12,0,0.0000,0.0000,0,0,多换,B,2148.0000,0.0000,0.0000,0.0000,0.0000,2162.0000,0.0000,0.0000,0.0000,0.0000,1,0,0,0,0,2,0,0,0,0
zc,WT211,2012-06-05 09:56:31.460,2139.0000,12,0,0.0000,0.0000,0,0,多换,B,2147.0000,0.0000,0.0000,0.0000,0.0000,2162.0000,0.0000,0.0000,0.0000,0.0000,1,0,0,0,0,2,0,0,0,0
zc,WT211,2012-06-05 09:56:42.227,2139.0000,12,0,0.0000,0.0000,0,0,多换,B,2148.0000,0.0000,0.0000,0.0000,0.0000,2162.0000,0.0000,0.0000,0.0000,0.0000,1,0,0,0,0,2,0,0,0,0
zc,WT211,2012-06-05 09:57:15.490,2139.0000,12,0,0.0000,0.0000,0,0,多换,B,2148.0000,0.0000,0.0000,0.0000,0.0000,2162.0000,0.0000,0.0000,0.0000,0.0000,1,0,0,0,0,3,0,0,0,0
zc,WT211,2012-06-05 09:57:53.680,2139.0000,12,0,0.0000,0.0000,0,0,多换,B,2147.0000,0.0000,0.0000,0.0000,0.0000,2162.0000,0.0000,0.0000,0.0000,0.0000,1,0,0,0,0,3,0,0,0,0
zc,WT211,2012-06-05 09:57:58.960,2139.0000,12,0,0.0000,0.0000,0,0,多换,B,2147.0000,0.0000,0.0000,0.0000,0.0000,2162.0000,0.0000,0.0000,0.0000,0.0000,1,0,0,0,0,2,0,0,0,0
zc,WT211,2012-06-05 09:57:59.710,2139.0000,12,0,0.0000,0.0000,0,0,多换,B,2147.0000,0.0000,0.0000,0.0000,0.0000,2161.0000,0.0000,0.0000,0.0000,0.0000,1,0,0,0,0,1,0,0,0,0
zc,WT211,2012-06-05 09:58:12.693,2139.0000,12,0,0.0000,0.0000,0,0,多换,B,2147.0000,0.0000,0.0000,0.0000,0.0000,2160.0000,0.0000,0.0000,0.0000,0.0000,1,0,0,0,0,1,0,0,0,0
zc,WT211,2012-06-05 09:58:14.490,2139.0000,12,0,0.0000,0.0000,0,0,多换,B,2148.0000,0.0000,0.0000,0.0000,0.0000,2161.0000,0.0000,0.0000,0.0000,0.0000,1,0,0,0,0,1,0,0,0,0
zc,WT211,2012-06-05 09:58:14.960,2139.0000,12,0,0.0000,0.0000,0,0,多换,B,2147.0000,0.0000,0.0000,0.0000,0.0000,2161.0000,0.0000,0.0000,0.0000,0.0000,1,0,0,0,0,1,0,0,0,0
zc,WT211,2012-06-05 09:58:22.490,2139.0000,12,0,0.0000,0.0000,0,0,多换,B,2146.0000,0.0000,0.0000,0.0000,0.0000,2161.0000,0.0000,0.0000,0.0000,0.0000,1,0,0,0,0,1,0,0,0,0
zc,WT211,2012-06-05 09:58:23.943,2139.0000,12,0,0.0000,0.0000,0,0,多换,B,2148.0000,0.0000,0.0000,0.0000,0.0000,2161.0000,0.0000,0.0000,0.0000,0.0000,1,0,0,0,0,1,0,0,0,0
zc,WT211,2012-06-05 09:58:27.990,2139.0000,12,0,0.0000,0.0000,0,0,多换,B,2148.0000,0.0000,0.0000,0.0000,0.0000,2161.0000,0.0000,0.0000,0.0000,0.0000,1,0,0,0,0,2,0,0,0,0
zc,WT211,2012-06-05 09:58:28.443,2139.0000,12,0,0.0000,0.0000,0,0,多换,B,2149.0000,0.0000,0.0000,0.0000,0.0000,2161.0000,0.0000,0.0000,0.0000,0.0000,1,0,0,0,0,1,0,0,0,0
zc,WT211,2012-06-05 09:58:36.977,2139.0000,12,0,0.0000,0.0000,0,0,多换,B,2148.0000,0.0000,0.0000,0.0000,0.0000,2161.0000,0.0000,0.0000,0.0000,0.0000,1,0,0,0,0,1,0,0,0,0
zc,WT211,2012-06-05 09:58:44.490,2139.0000,12,0,0.0000,0.0000,0,0,多换,B,2147.0000,0.0000,0.0000,0.0000,0.0000,2161.0000,0.0000,0.0000,0.0000,0.0000,1,0,0,0,0,1,0,0,0,0
zc,WT211,2012-06-05 09:58:48.413,2139.0000,12,0,0.0000,0.0000,0,0,多换,B,2147.0000,0.0000,0.0000,0.0000,0.0000,2161.0000,0.0000,0.0000,0.0000,0.0000,1,0,0,0,0,3,0,0,0,0
zc,WT211,2012-06-05 09:59:29.460,2139.0000,12,0,0.0000,0.0000,0,0,多换,B,2146.0000,0.0000,0.0000,0.0000,0.0000,2161.0000,0.0000,0.0000,0.0000,0.0000,1,0,0,0,0,3,0,0,0,0
zc,WT211,2012-06-05 09:59:43.693,2139.0000,12,0,0.0000,0.0000,0,0,多换,B,2147.0000,0.0000,0.0000,0.0000,0.0000,2161.0000,0.0000,0.0000,0.0000,0.0000,1,0,0,0,0,3,0,0,0,0
zc,WT211,2012-06-05 09:59:46.490,2139.0000,12,0,0.0000,0.0000,0,0,多换,B,2147.0000,0.0000,0.0000,0.0000,0.0000,2160.0000,0.0000,0.0000,0.0000,0.0000,1,0,0,0,0,1,0,0,0,0
zc,WT211,2012-06-05 09:59:49.977,2139.0000,12,0,0.0000,0.0000,0,0,多换,B,2146.0000,0.0000,0.0000,0.0000,0.0000,2160.0000,0.0000,0.0000,0.0000,0.0000,1,0,0,0,0,1,0,0,0,0
zc,WT211,2012-06-05 10:00:01.990,2139.0000,12,0,0.0000,0.0000,0,0,多换,B,2147.0000,0.0000,0.0000,0.0000,0.0000,2160.0000,0.0000,0.0000,0.0000,0.0000,1,0,0,0,0,1,0,0,0,0
zc,WT211,2012-06-05 10:00:08.960,2139.0000,12,0,0.0000,0.0000,0,0,多换,B,2146.0000,0.0000,0.0000,0.0000,0.0000,2160.0000,0.0000,0.0000,0.0000,0.0000,1,0,0,0,0,1,0,0,0,0
zc,WT211,2012-06-05 10:00:10.273,2139.0000,12,0,0.0000,0.0000,0,0,多换,B,2147.0000,0.0000,0.0000,0.0000,0.0000,2161.0000,0.0000,0.0000,0.0000,0.0000,1,0,0,0,0,3,0,0,0,0
zc,WT211,2012-06-05 10:00:33.180,2139.0000,12,0,0.0000,0.0000,0,0,多换,B,2147.0000,0.0000,0.0000,0.0000,0.0000,2160.0000,0.0000,0.0000,0.0000,0.0000,1,0,0,0,0,1,0,0,0,0
zc,WT211,2012-06-05 10:00:44.180,2139.0000,12,0,0.0000,0.0000,0,0,多换,B,2147.0000,0.0000,0.0000,0.0000,0.0000,2161.0000,0.0000,0.0000,0.0000,0.0000,1,0,0,0,0,2,0,0,0,0
zc,WT211,2012-06-05 10:01:20.693,2139.0000,12,0,0.0000,0.0000,0,0,多换,B,2147.0000,0.0000,0.0000,0.0000,0.0000,2160.0000,0.0000,0.0000,0.0000,0.0000,1,0,0,0,0,1,0,0,0,0
zc,WT211,2012-06-05 10:01:34.710,2139.0000,12,0,0.0000,0.0000,0,0,多换,B,2147.0000,0.0000,0.0000,0.0000,0.0000,2160.0000,0.0000,0.0000,0.0000,0.0000,1,0,0,0,0,2,0,0,0,0
zc,WT211,2012-06-05 10:01:35.430,2139.0000,12,0,0.0000,0.0000,0,0,多换,B,2147.0000,0.0000,0.0000,0.0000,0.0000,2160.0000,0.0000,0.0000,0.0000,0.0000,1,0,0,0,0,1,0,0,0,0
zc,WT211,2012-06-05 10:01:42.227,2139.0000,12,0,0.0000,0.0000,0,0,多换,B,2148.0000,0.0000,0.0000,0.0000,0.0000,2160.0000,0.0000,0.0000,0.0000,0.0000,1,0,0,0,0,1,0,0,0,0
zc,WT211,2012-06-05 10:03:25.773,2139.0000,12,0,0.0000,0.0000,0,0,多换,B,2149.0000,0.0000,0.0000,0.0000,0.0000,2160.0000,0.0000,0.0000,0.0000,0.0000,1,0,0,0,0,1,0,0,0,0
zc,WT211,2012-06-05 10:03:27.210,2139.0000,12,0,0.0000,0.0000,0,0,多换,B,2149.0000,0.0000,0.0000,0.0000,0.0000,2162.0000,0.0000,0.0000,0.0000,0.0000,1,0,0,0,0,2,0,0,0,0
zc,WT211,2012-06-05 10:03:35.227,2139.0000,12,0,0.0000,0.0000,0,0,多换,B,2148.0000,0.0000,0.0000,0.0000,0.0000,2162.0000,0.0000,0.0000,0.0000,0.0000,1,0,0,0,0,2,0,0,0,0
zc,WT211,2012-06-05 10:03:55.960,2139.0000,12,0,0.0000,0.0000,0,0,多换,B,2148.0000,0.0000,0.0000,0.0000,0.0000,2161.0000,0.0000,0.0000,0.0000,0.0000,1,0,0,0,0,1,0,0,0,0
zc,WT211,2012-06-05 10:03:59.443,2139.0000,12,0,0.0000,0.0000,0,0,多换,B,2148.0000,0.0000,0.0000,0.0000,0.0000,2162.0000,0.0000,0.0000,0.0000,0.0000,1,0,0,0,0,2,0,0,0,0
zc,WT211,2012-06-05 10:04:14.740,2139.0000,12,0,0.0000,0.0000,0,0,多换,B,2150.0000,0.0000,0.0000,0.0000,0.0000,2163.0000,0.0000,0.0000,0.0000,0.0000,1,0,0,0,0,2,0,0,0,0
zc,WT211,2012-06-05 10:04:46.960,2139.0000,12,0,0.0000,0.0000,0,0,多换,B,2150.0000,0.0000,0.0000,0.0000,0.0000,2162.0000,0.0000,0.0000,0.0000,0.0000,1,0,0,0,0,1,0,0,0,0
zc,WT211,2012-06-05 10:05:08.193,2139.0000,12,0,0.0000,0.0000,0,0,多换,B,2151.0000,0.0000,0.0000,0.0000,0.0000,2162.0000,0.0000,0.0000,0.0000,0.0000,1,0,0,0,0,1,0,0,0,0
zc,WT211,2012-06-05 10:05:22.507,2139.0000,12,0,0.0000,0.0000,0,0,多换,B,2155.0000,0.0000,0.0000,0.0000,0.0000,2162.0000,0.0000,0.0000,0.0000,0.0000,1,0,0,0,0,1,0,0,0,0
zc,WT211,2012-06-05 10:06:05.193,2139.0000,12,0,0.0000,0.0000,0,0,多换,B,2155.0000,0.0000,0.0000,0.0000,0.0000,2169.0000,0.0000,0.0000,0.0000,0.0000,1,0,0,0,0,1,0,0,0,0
zc,WT211,2012-06-05 10:06:08.990,2139.0000,12,0,0.0000,0.0000,0,0,多换,B,2155.0000,0.0000,0.0000,0.0000,0.0000,2169.0000,0.0000,0.0000,0.0000,0.0000,1,0,0,0,0,2,0,0,0,0
zc,WT211,2012-06-05 10:06:22.693,2139.0000,12,0,0.0000,0.0000,0,0,多换,B,2152.0000,0.0000,0.0000,0.0000,0.0000,2167.0000,0.0000,0.0000,0.0000,0.0000,1,0,0,0,0,2,0,0,0,0
zc,WT211,2012-06-05 10:06:25.663,2139.0000,12,0,0.0000,0.0000,0,0,多换,B,2152.0000,0.0000,0.0000,0.0000,0.0000,2167.0000,0.0000,0.0000,0.0000,0.0000,1,0,0,0,0,2,0,0,0,0
zc,WT211,2012-06-05 10:06:57.193,2139.0000,12,0,0.0000,0.0000,0,0,多换,B,2153.0000,0.0000,0.0000,0.0000,0.0000,2167.0000,0.0000,0.0000,0.0000,0.0000,1,0,0,0,0,2,0,0,0,0
zc,WT211,2012-06-05 10:07:21.727,2139.0000,12,0,0.0000,0.0000,0,0,多换,B,2152.0000,0.0000,0.0000,0.0000,0.0000,2167.0000,0.0000,0.0000,0.0000,0.0000,1,0,0,0,0,2,0,0,0,0
zc,WT211,2012-06-05 10:07:28.693,2139.0000,12,0,0.0000,0.0000,0,0,多换,B,2154.0000,0.0000,0.0000,0.0000,0.0000,2167.0000,0.0000,0.0000,0.0000,0.0000,1,0,0,0,0,2,0,0,0,0
zc,WT211,2012-06-05 10:07:33.693,2139.0000,12,0,0.0000,0.0000,0,0,多换,B,2154.0000,0.0000,0.0000,0.0000,0.0000,2169.0000,0.0000,0.0000,0.0000,0.0000,1,0,0,0,0,2,0,0,0,0
zc,WT211,2012-06-05 10:07:42.507,2139.0000,12,0,0.0000,0.0000,0,0,多换,B,2153.0000,0.0000,0.0000,0.0000,0.0000,2169.0000,0.0000,0.0000,0.0000,0.0000,1,0,0,0,0,2,0,0,0,0
zc,WT211,2012-06-05 10:07:51.930,2139.0000,12,0,0.0000,0.0000,0,0,多换,B,2153.0000,0.0000,0.0000,0.0000,0.0000,2168.0000,0.0000,0.0000,0.0000,0.0000,1,0,0,0,0,1,0,0,0,0
zc,WT211,2012-06-05 10:07:52.977,2139.0000,12,0,0.0000,0.0000,0,0,多换,B,2155.0000,0.0000,0.0000,0.0000,0.0000,2168.0000,0.0000,0.0000,0.0000,0.0000,1,0,0,0,0,1,0,0,0,0
zc,WT211,2012-06-05 10:08:05.430,2139.0000,12,0,0.0000,0.0000,0,0,多换,B,2155.0000,0.0000,0.0000,0.0000,0.0000,2168.0000,0.0000,0.0000,0.0000,0.0000,1,0,0,0,0,2,0,0,0,0
zc,WT211,2012-06-05 10:08:46.693,2139.0000,12,0,0.0000,0.0000,0,0,多换,B,2155.0000,0.0000,0.0000,0.0000,0.0000,2168.0000,0.0000,0.0000,0.0000,0.0000,1,0,0,0,0,1,0,0,0,0
zc,WT211,2012-06-05 10:08:51.210,2139.0000,12,0,0.0000,0.0000,0,0,多换,B,2155.0000,0.0000,0.0000,0.0000,0.0000,2168.0000,0.0000,0.0000,0.0000,0.0000,1,0,0,0,0,2,0,0,0,0
zc,WT211,2012-06-05 10:08:51.740,2139.0000,12,0,0.0000,0.0000,0,0,多换,B,2155.0000,0.0000,0.0000,0.0000,0.0000,2168.0000,0.0000,0.0000,0.0000,0.0000,1,0,0,0,0,1,0,0,0,0
zc,WT211,2012-06-05 10:09:04.180,2139.0000,12,0,0.0000,0.0000,0,0,多换,B,2155.0000,0.0000,0.0000,0.0000,0.0000,2169.0000,0.0000,0.0000,0.0000,0.0000,1,0,0,0,0,2,0,0,0,0
zc,WT211,2012-06-05 10:10:25.680,2139.0000,12,0,0.0000,0.0000,0,0,多换,B,2155.0000,0.0000,0.0000,0.0000,0.0000,2169.0000,0.0000,0.0000,0.0000,0.0000,1,0,0,0,0,2,0,0,0,0
zc,WT211,2012-06-05 10:11:24.960,2139.0000,12,0,0.0000,0.0000,0,0,多换,B,2155.0000,0.0000,0.0000,0.0000,0.0000,2168.0000,0.0000,0.0000,0.0000,0.0000,1,0,0,0,0,1,0,0,0,0
zc,WT211,2012-06-05 10:11:46.210,2139.0000,12,0,0.0000,0.0000,0,0,多换,B,2156.0000,0.0000,0.0000,0.0000,0.0000,2169.0000,0.0000,0.0000,0.0000,0.0000,1,0,0,0,0,2,0,0,0,0
zc,WT211,2012-06-05 10:11:48.227,2139.0000,12,0,0.0000,0.0000,0,0,多换,B,2155.0000,0.0000,0.0000,0.0000,0.0000,2169.0000,0.0000,0.0000,0.0000,0.0000,1,0,0,0,0,2,0,0,0,0
zc,WT211,2012-06-05 10:11:59.710,2139.0000,12,0,0.0000,0.0000,0,0,多换,B,2155.0000,0.0000,0.0000,0.0000,0.0000,2168.0000,0.0000,0.0000,0.0000,0.0000,1,0,0,0,0,1,0,0,0,0
zc,WT211,2012-06-05 10:12:07.023,2139.0000,12,0,0.0000,0.0000,0,0,多换,B,2155.0000,0.0000,0.0000,0.0000,0.0000,2168.0000,0.0000,0.0000,0.0000,0.0000,1,0,0,0,0,2,0,0,0,0
zc,WT211,2012-06-05 10:12:09.913,2139.0000,12,0,0.0000,0.0000,0,0,多换,B,2155.0000,0.0000,0.0000,0.0000,0.0000,2168.0000,0.0000,0.0000,0.0000,0.0000,1,0,0,0,0,1,0,0,0,0
zc,WT211,2012-06-05 10:12:10.460,2139.0000,12,0,0.0000,0.0000,0,0,多换,B,2155.0000,0.0000,0.0000,0.0000,0.0000,2168.0000,0.0000,0.0000,0.0000,0.0000,1,0,0,0,0,2,0,0,0,0
zc,WT211,2012-06-05 10:12:17.943,2139.0000,12,0,0.0000,0.0000,0,0,多换,B,2155.0000,0.0000,0.0000,0.0000,0.0000,2169.0000,0.0000,0.0000,0.0000,0.0000,1,0,0,0,0,2,0,0,0,0
zc,WT211,2012-06-05 10:12:46.930,2139.0000,12,0,0.0000,0.0000,0,0,多换,B,2155.0000,0.0000,0.0000,0.0000,0.0000,2168.0000,0.0000,0.0000,0.0000,0.0000,1,0,0,0,0,1,0,0,0,0
zc,WT211,2012-06-05 10:13:01.943,2139.0000,12,0,0.0000,0.0000,0,0,多换,B,2156.0000,0.0000,0.0000,0.0000,0.0000,2169.0000,0.0000,0.0000,0.0000,0.0000,1,0,0,0,0,2,0,0,0,0
zc,WT211,2012-06-05 10:13:08.227,2139.0000,12,0,0.0000,0.0000,0,0,多换,B,2155.0000,0.0000,0.0000,0.0000,0.0000,2169.0000,0.0000,0.0000,0.0000,0.0000,1,0,0,0,0,2,0,0,0,0
zc,WT211,2012-06-05 10:13:10.943,2139.0000,12,0,0.0000,0.0000,0,0,多换,B,2155.0000,0.0000,0.0000,0.0000,0.0000,2169.0000,0.0000,0.0000,0.0000,0.0000,1,0,0,0,0,1,0,0,0,0
zc,WT211,2012-06-05 10:13:11.943,2139.0000,12,0,0.0000,0.0000,0,0,多换,B,2157.0000,0.0000,0.0000,0.0000,0.0000,2171.0000,0.0000,0.0000,0.0000,0.0000,1,0,0,0,0,1,0,0,0,0
zc,WT211,2012-06-05 10:13:15.507,2139.0000,12,0,0.0000,0.0000,0,0,多换,B,2155.0000,0.0000,0.0000,0.0000,0.0000,2171.0000,0.0000,0.0000,0.0000,0.0000,1,0,0,0,0,1,0,0,0,0
zc,WT211,2012-06-05 10:13:19.943,2139.0000,12,0,0.0000,0.0000,0,0,多换,B,2156.0000,0.0000,0.0000,0.0000,0.0000,2171.0000,0.0000,0.0000,0.0000,0.0000,1,0,0,0,0,2,0,0,0,0
zc,WT211,2012-06-05 10:13:25.757,2139.0000,12,0,0.0000,0.0000,0,0,多换,B,2156.0000,0.0000,0.0000,0.0000,0.0000,2170.0000,0.0000,0.0000,0.0000,0.0000,1,0,0,0,0,1,0,0,0,0
zc,WT211,2012-06-05 10:13:33.443,2139.0000,12,0,0.0000,0.0000,0,0,多换,B,2156.0000,0.0000,0.0000,0.0000,0.0000,2171.0000,0.0000,0.0000,0.0000,0.0000,1,0,0,0,0,1,0,0,0,0
zc,WT211,2012-06-05 10:13:41.930,2139.0000,12,0,0.0000,0.0000,0,0,多换,B,2156.0000,0.0000,0.0000,0.0000,0.0000,2172.0000,0.0000,0.0000,0.0000,0.0000,1,0,0,0,0,1,0,0,0,0
zc,WT211,2012-06-05 10:13:52.913,2139.0000,12,0,0.0000,0.0000,0,0,多换,B,2156.0000,0.0000,0.0000,0.0000,0.0000,2172.0000,0.0000,0.0000,0.0000,0.0000,1,0,0,0,0,2,0,0,0,0
zc,WT211,2012-06-05 10:13:55.693,2139.0000,12,0,0.0000,0.0000,0,0,多换,B,2157.0000,0.0000,0.0000,0.0000,0.0000,2172.0000,0.0000,0.0000,0.0000,0.0000,1,0,0,0,0,2,0,0,0,0
zc,WT211,2012-06-05 10:14:10.180,2139.0000,12,0,0.0000,0.0000,0,0,多换,B,2157.0000,0.0000,0.0000,0.0000,0.0000,2171.0000,0.0000,0.0000,0.0000,0.0000,1,0,0,0,0,1,0,0,0,0
zc,WT211,2012-06-05 10:14:14.710,2139.0000,12,0,0.0000,0.0000,0,0,多换,B,2157.0000,0.0000,0.0000,0.0000,0.0000,2172.0000,0.0000,0.0000,0.0000,0.0000,1,0,0,0,0,2,0,0,0,0
zc,WT211,2012-06-05 10:14:25.647,2139.0000,12,0,0.0000,0.0000,0,0,多换,B,2157.0000,0.0000,0.0000,0.0000,0.0000,2172.0000,0.0000,0.0000,0.0000,0.0000,1,0,0,0,0,2,0,0,0,0
zc,WT211,2012-06-05 10:14:27.227,2139.0000,12,0,0.0000,0.0000,0,0,多换,B,2157.0000,0.0000,0.0000,0.0000,0.0000,2172.0000,0.0000,0.0000,0.0000,0.0000,1,0,0,0,0,1,0,0,0,0
zc,WT211,2012-06-05 10:14:28.693,2139.0000,12,0,0.0000,0.0000,0,0,多换,B,2157.0000,0.0000,0.0000,0.0000,0.0000,2175.0000,0.0000,0.0000,0.0000,0.0000,1,0,0,0,0,2,0,0,0,0
zc,WT211,2012-06-05 10:14:33.460,2139.0000,12,0,0.0000,0.0000,0,0,多换,B,2157.0000,0.0000,0.0000,0.0000,0.0000,2174.0000,0.0000,0.0000,0.0000,0.0000,1,0,0,0,0,1,0,0,0,0
zc,WT211,2012-06-05 10:14:33.930,2139.0000,12,0,0.0000,0.0000,0,0,多换,B,2156.0000,0.0000,0.0000,0.0000,0.0000,2174.0000,0.0000,0.0000,0.0000,0.0000,1,0,0,0,0,1,0,0,0,0
zc,WT211,2012-06-05 10:14:35.210,2139.0000,12,0,0.0000,0.0000,0,0,多换,B,2157.0000,0.0000,0.0000,0.0000,0.0000,2174.0000,0.0000,0.0000,0.0000,0.0000,1,0,0,0,0,1,0,0,0,0
zc,WT211,2012-06-05 10:14:38.430,2139.0000,12,0,0.0000,0.0000,0,0,多换,B,2157.0000,0.0000,0.0000,0.0000,0.0000,2175.0000,0.0000,0.0000,0.0000,0.0000,1,0,0,0,0,2,0,0,0,0
zc,WT211,2012-06-05 10:14:41.930,2139.0000,12,0,0.0000,0.0000,0,0,多换,B,2158.0000,0.0000,0.0000,0.0000,0.0000,2175.0000,0.0000,0.0000,0.0000,0.0000,1,0,0,0,0,2,0,0,0,0
zc,WT211,2012-06-05 10:14:42.943,2139.0000,12,0,0.0000,0.0000,0,0,多换,B,2158.0000,0.0000,0.0000,0.0000,0.0000,2174.0000,0.0000,0.0000,0.0000,0.0000,1,0,0,0,0,1,0,0,0,0
zc,WT211,2012-06-05 10:14:47.037,2139.0000,12,0,0.0000,0.0000,0,0,多换,B,2158.0000,0.0000,0.0000,0.0000,0.0000,2175.0000,0.0000,0.0000,0.0000,0.0000,1,0,0,0,0,2,0,0,0,0
zc,WT211,2012-06-05 10:14:53.990,2139.0000,12,0,0.0000,0.0000,0,0,多换,B,2157.0000,0.0000,0.0000,0.0000,0.0000,2175.0000,0.0000,0.0000,0.0000,0.0000,1,0,0,0,0,2,0,0,0,0
zc,WT211,2012-06-05 10:14:58.680,2139.0000,12,0,0.0000,0.0000,0,0,多换,B,2158.0000,0.0000,0.0000,0.0000,0.0000,2175.0000,0.0000,0.0000,0.0000,0.0000,1,0,0,0,0,2,0,0,0,0
zc,WT211,2012-06-05 10:14:59.710,2139.0000,12,0,0.0000,0.0000,0,0,多换,B,2158.0000,0.0000,0.0000,0.0000,0.0000,2174.0000,0.0000,0.0000,0.0000,0.0000,1,0,0,0,0,1,0,0,0,0
zc,WT211,2012-06-05 10:15:00.930,2139.0000,12,0,0.0000,0.0000,0,0,多换,B,2158.0000,0.0000,0.0000,0.0000,0.0000,2174.0000,0.0000,0.0000,0.0000,0.0000,1,0,0,0,0,2,0,0,0,0
zc,WT211,2012-06-05 10:30:03.117,2139.0000,12,0,0.0000,0.0000,0,0,多换,B,2158.0000,0.0000,0.0000,0.0000,0.0000,2174.0000,0.0000,0.0000,0.0000,0.0000,1,0,0,0,0,1,0,0,0,0
zc,WT211,2012-06-05 10:30:03.943,2139.0000,12,0,0.0000,0.0000,0,0,多换,B,2158.0000,0.0000,0.0000,0.0000,0.0000,2171.0000,0.0000,0.0000,0.0000,0.0000,1,0,0,0,0,1,0,0,0,0
zc,WT211,2012-06-05 10:30:04.490,2139.0000,12,0,0.0000,0.0000,0,0,多换,B,2158.0000,0.0000,0.0000,0.0000,0.0000,2174.0000,0.0000,0.0000,0.0000,0.0000,1,0,0,0,0,1,0,0,0,0
zc,WT211,2012-06-05 10:30:07.943,2139.0000,12,0,0.0000,0.0000,0,0,多换,B,2158.0000,0.0000,0.0000,0.0000,0.0000,2172.0000,0.0000,0.0000,0.0000,0.0000,1,0,0,0,0,1,0,0,0,0
zc,WT211,2012-06-05 10:30:25.633,2139.0000,12,0,0.0000,0.0000,0,0,多换,B,2158.0000,0.0000,0.0000,0.0000,0.0000,2172.0000,0.0000,0.0000,0.0000,0.0000,1,0,0,0,0,1,0,0,0,0
zc,WT211,2012-06-05 10:30:29.477,2139.0000,12,0,0.0000,0.0000,0,0,多换,B,2160.0000,0.0000,0.0000,0.0000,0.0000,2174.0000,0.0000,0.0000,0.0000,0.0000,1,0,0,0,0,1,0,0,0,0
zc,WT211,2012-06-05 10:30:29.740,2139.0000,12,0,0.0000,0.0000,0,0,多换,B,2162.0000,0.0000,0.0000,0.0000,0.0000,2175.0000,0.0000,0.0000,0.0000,0.0000,1,0,0,0,0,2,0,0,0,0
zc,WT211,2012-06-05 10:30:31.680,2139.0000,12,0,0.0000,0.0000,0,0,多换,B,2160.0000,0.0000,0.0000,0.0000,0.0000,2175.0000,0.0000,0.0000,0.0000,0.0000,1,0,0,0,0,2,0,0,0,0
zc,WT211,2012-06-05 10:30:34.477,2139.0000,12,0,0.0000,0.0000,0,0,多换,B,2162.0000,0.0000,0.0000,0.0000,0.0000,2175.0000,0.0000,0.0000,0.0000,0.0000,1,0,0,0,0,2,0,0,0,0
zc,WT211,2012-06-05 10:30:41.943,2139.0000,12,0,0.0000,0.0000,0,0,多换,B,2160.0000,0.0000,0.0000,0.0000,0.0000,2175.0000,0.0000,0.0000,0.0000,0.0000,1,0,0,0,0,2,0,0,0,0
zc,WT211,2012-06-05 10:30:42.477,2139.0000,12,0,0.0000,0.0000,0,0,多换,B,2160.0000,0.0000,0.0000,0.0000,0.0000,2174.0000,0.0000,0.0000,0.0000,0.0000,1,0,0,0,0,1,0,0,0,0
zc,WT211,2012-06-05 10:30:43.273,2139.0000,12,0,0.0000,0.0000,0,0,多换,B,2162.0000,0.0000,0.0000,0.0000,0.0000,2175.0000,0.0000,0.0000,0.0000,0.0000,1,0,0,0,0,2,0,0,0,0
zc,WT211,2012-06-05 10:31:00.257,2139.0000,12,0,0.0000,0.0000,0,0,多换,B,2163.0000,0.0000,0.0000,0.0000,0.0000,2177.0000,0.0000,0.0000,0.0000,0.0000,1,0,0,0,0,2,0,0,0,0
zc,WT211,2012-06-05 10:31:32.180,2139.0000,12,0,0.0000,0.0000,0,0,多换,B,2160.0000,0.0000,0.0000,0.0000,0.0000,2177.0000,0.0000,0.0000,0.0000,0.0000,1,0,0,0,0,2,0,0,0,0
zc,WT211,2012-06-05 10:31:33.227,2139.0000,12,0,0.0000,0.0000,0,0,多换,B,2161.0000,0.0000,0.0000,0.0000,0.0000,2177.0000,0.0000,0.0000,0.0000,0.0000,1,0,0,0,0,2,0,0,0,0
zc,WT211,2012-06-05 10:31:36.257,2139.0000,12,0,0.0000,0.0000,0,0,多换,B,2160.0000,0.0000,0.0000,0.0000,0.0000,2177.0000,0.0000,0.0000,0.0000,0.0000,1,0,0,0,0,2,0,0,0,0
zc,WT211,2012-06-05 10:31:36.443,2139.0000,12,0,0.0000,0.0000,0,0,多换,B,2158.0000,0.0000,0.0000,0.0000,0.0000,2177.0000,0.0000,0.0000,0.0000,0.0000,1,0,0,0,0,2,0,0,0,0
zc,WT211,2012-06-05 10:31:37.180,2139.0000,12,0,0.0000,0.0000,0,0,多换,B,2161.0000,0.0000,0.0000,0.0000,0.0000,2177.0000,0.0000,0.0000,0.0000,0.0000,1,0,0,0,0,2,0,0,0,0
zc,WT211,2012-06-05 10:31:38.443,2139.0000,12,0,0.0000,0.0000,0,0,多换,B,2158.0000,0.0000,0.0000,0.0000,0.0000,2177.0000,0.0000,0.0000,0.0000,0.0000,1,0,0,0,0,2,0,0,0,0
zc,WT211,2012-06-05 10:31:38.960,2139.0000,12,0,0.0000,0.0000,0,0,多换,B,2161.0000,0.0000,0.0000,0.0000,0.0000,2177.0000,0.0000,0.0000,0.0000,0.0000,1,0,0,0,0,2,0,0,0,0
zc,WT211,2012-06-05 10:31:39.960,2139.0000,12,0,0.0000,0.0000,0,0,多换,B,2161.0000,0.0000,0.0000,0.0000,0.0000,2176.0000,0.0000,0.0000,0.0000,0.0000,1,0,0,0,0,1,0,0,0,0
zc,WT211,2012-06-05 10:31:51.710,2139.0000,12,0,0.0000,0.0000,0,0,多换,B,2163.0000,0.0000,0.0000,0.0000,0.0000,2176.0000,0.0000,0.0000,0.0000,0.0000,1,0,0,0,0,1,0,0,0,0
zc,WT211,2012-06-05 10:31:56.180,2139.0000,12,0,0.0000,0.0000,0,0,多换,B,2163.0000,0.0000,0.0000,0.0000,0.0000,2177.0000,0.0000,0.0000,0.0000,0.0000,1,0,0,0,0,2,0,0,0,0
zc,WT211,2012-06-05 10:33:25.633,2139.0000,12,0,0.0000,0.0000,0,0,多换,B,2163.0000,0.0000,0.0000,0.0000,0.0000,2177.0000,0.0000,0.0000,0.0000,0.0000,1,0,0,0,0,2,0,0,0,0
zc,WT211,2012-06-05 10:33:33.147,2139.0000,12,0,0.0000,0.0000,0,0,多换,B,2163.0000,0.0000,0.0000,0.0000,0.0000,2176.0000,0.0000,0.0000,0.0000,0.0000,1,0,0,0,0,1,0,0,0,0
zc,WT211,2012-06-05 10:33:48.943,2139.0000,12,0,0.0000,0.0000,0,0,多换,B,2165.0000,0.0000,0.0000,0.0000,0.0000,2176.0000,0.0000,0.0000,0.0000,0.0000,1,0,0,0,0,1,0,0,0,0
zc,WT211,2012-06-05 10:34:08.943,2139.0000,12,0,0.0000,0.0000,0,0,多换,B,2166.0000,0.0000,0.0000,0.0000,0.0000,2176.0000,0.0000,0.0000,0.0000,0.0000,1,0,0,0,0,1,0,0,0,0
zc,WT211,2012-06-05 10:34:14.990,2139.0000,12,0,0.0000,0.0000,0,0,多换,B,2166.0000,0.0000,0.0000,0.0000,0.0000,2181.0000,0.0000,0.0000,0.0000,0.0000,1,0,0,0,0,1,0,0,0,0
zc,WT211,2012-06-05 10:34:16.430,2139.0000,12,0,0.0000,0.0000,0,0,多换,B,2166.0000,0.0000,0.0000,0.0000,0.0000,2181.0000,0.0000,0.0000,0.0000,0.0000,1,0,0,0,0,2,0,0,0,0
zc,WT211,2012-06-05 10:34:20.147,2139.0000,12,0,0.0000,0.0000,0,0,多换,B,2166.0000,0.0000,0.0000,0.0000,0.0000,2181.0000,0.0000,0.0000,0.0000,0.0000,1,0,0,0,0,1,0,0,0,0
zc,WT211,2012-06-05 10:34:26.430,2139.0000,12,0,0.0000,0.0000,0,0,多换,B,2169.0000,0.0000,0.0000,0.0000,0.0000,2184.0000,0.0000,0.0000,0.0000,0.0000,1,0,0,0,0,1,0,0,0,0
zc,WT211,2012-06-05 10:34:31.460,2139.0000,12,0,0.0000,0.0000,0,0,多换,B,2169.0000,0.0000,0.0000,0.0000,0.0000,2185.0000,0.0000,0.0000,0.0000,0.0000,1,0,0,0,0,2,0,0,0,0
zc,WT211,2012-06-05 10:34:33.193,2139.0000,12,0,0.0000,0.0000,0,0,多换,B,2166.0000,0.0000,0.0000,0.0000,0.0000,2185.0000,0.0000,0.0000,0.0000,0.0000,1,0,0,0,0,2,0,0,0,0
zc,WT211,2012-06-05 10:34:34.897,2139.0000,12,0,0.0000,0.0000,0,0,多换,B,2166.0000,0.0000,0.0000,0.0000,0.0000,2185.0000,0.0000,0.0000,0.0000,0.0000,1,0,0,0,0,1,0,0,0,0
zc,WT211,2012-06-05 10:34:42.180,2139.0000,12,0,0.0000,0.0000,0,0,多换,B,2166.0000,0.0000,0.0000,0.0000,0.0000,2185.0000,0.0000,0.0000,0.0000,0.0000,1,0,0,0,0,2,0,0,0,0
zc,WT211,2012-06-05 10:34:44.413,2139.0000,12,0,0.0000,0.0000,0,0,多换,B,2167.0000,0.0000,0.0000,0.0000,0.0000,2185.0000,0.0000,0.0000,0.0000,0.0000,1,0,0,0,0,2,0,0,0,0
zc,WT211,2012-06-05 10:34:51.930,2139.0000,12,0,0.0000,0.0000,0,0,多换,B,2167.0000,0.0000,0.0000,0.0000,0.0000,2184.0000,0.0000,0.0000,0.0000,0.0000,1,0,0,0,0,1,0,0,0,0
zc,WT211,2012-06-05 10:34:52.413,2139.0000,12,0,0.0000,0.0000,0,0,多换,B,2167.0000,0.0000,0.0000,0.0000,0.0000,2185.0000,0.0000,0.0000,0.0000,0.0000,1,0,0,0,0,2,0,0,0,0
zc,WT211,2012-06-05 10:34:53.397,2139.0000,12,0,0.0000,0.0000,0,0,多换,B,2168.0000,0.0000,0.0000,0.0000,0.0000,2185.0000,0.0000,0.0000,0.0000,0.0000,1,0,0,0,0,2,0,0,0,0
zc,WT211,2012-06-05 10:34:56.913,2139.0000,12,0,0.0000,0.0000,0,0,多换,B,2168.0000,0.0000,0.0000,0.0000,0.0000,2184.0000,0.0000,0.0000,0.0000,0.0000,1,0,0,0,0,1,0,0,0,0
zc,WT211,2012-06-05 10:35:01.413,2139.0000,12,0,0.0000,0.0000,0,0,多换,B,2168.0000,0.0000,0.0000,0.0000,0.0000,2183.0000,0.0000,0.0000,0.0000,0.0000,1,0,0,0,0,2,0,0,0,0
zc,WT211,2012-06-05 10:35:02.147,2139.0000,12,0,0.0000,0.0000,0,0,多换,B,2167.0000,0.0000,0.0000,0.0000,0.0000,2183.0000,0.0000,0.0000,0.0000,0.0000,1,0,0,0,0,2,0,0,0,0
zc,WT211,2012-06-05 10:35:03.663,2139.0000,12,0,0.0000,0.0000,0,0,多换,B,2169.0000,0.0000,0.0000,0.0000,0.0000,2183.0000,0.0000,0.0000,0.0000,0.0000,1,0,0,0,0,2,0,0,0,0
zc,WT211,2012-06-05 10:35:11.647,2139.0000,12,0,0.0000,0.0000,0,0,多换,B,2168.0000,0.0000,0.0000,0.0000,0.0000,2183.0000,0.0000,0.0000,0.0000,0.0000,1,0,0,0,0,2,0,0,0,0
zc,WT211,2012-06-05 10:35:47.430,2139.0000,12,0,0.0000,0.0000,0,0,多换,B,2168.0000,0.0000,0.0000,0.0000,0.0000,2181.0000,0.0000,0.0000,0.0000,0.0000,1,0,0,0,0,1,0,0,0,0
zc,WT211,2012-06-05 10:35:49.680,2139.0000,12,0,0.0000,0.0000,0,0,多换,B,2168.0000,0.0000,0.0000,0.0000,0.0000,2181.0000,0.0000,0.0000,0.0000,0.0000,1,0,0,0,0,2,0,0,0,0
zc,WT211,2012-06-05 10:35:57.647,2139.0000,12,0,0.0000,0.0000,0,0,多换,B,2169.0000,0.0000,0.0000,0.0000,0.0000,2183.0000,0.0000,0.0000,0.0000,0.0000,1,0,0,0,0,2,0,0,0,0
zc,WT211,2012-06-05 10:36:21.397,2139.0000,12,0,0.0000,0.0000,0,0,多换,B,2168.0000,0.0000,0.0000,0.0000,0.0000,2181.0000,0.0000,0.0000,0.0000,0.0000,1,0,0,0,0,2,0,0,0,0
zc,WT211,2012-06-05 10:36:27.133,2139.0000,12,0,0.0000,0.0000,0,0,多换,B,2168.0000,0.0000,0.0000,0.0000,0.0000,2183.0000,0.0000,0.0000,0.0000,0.0000,1,0,0,0,0,2,0,0,0,0
zc,WT211,2012-06-05 10:36:51.443,2139.0000,12,0,0.0000,0.0000,0,0,多换,B,2167.0000,0.0000,0.0000,0.0000,0.0000,2180.0000,0.0000,0.0000,0.0000,0.0000,1,0,0,0,0,1,0,0,0,0
zc,WT211,2012-06-05 10:36:57.443,2139.0000,12,0,0.0000,0.0000,0,0,多换,B,2167.0000,0.0000,0.0000,0.0000,0.0000,2180.0000,0.0000,0.0000,0.0000,0.0000,1,0,0,0,0,2,0,0,0,0
zc,WT211,2012-06-05 10:36:58.693,2139.0000,12,0,0.0000,0.0000,0,0,多换,B,2165.0000,0.0000,0.0000,0.0000,0.0000,2180.0000,0.0000,0.0000,0.0000,0.0000,1,0,0,0,0,2,0,0,0,0
zc,WT211,2012-06-05 10:37:00.930,2139.0000,12,0,0.0000,0.0000,0,0,多换,B,2166.0000,0.0000,0.0000,0.0000,0.0000,2180.0000,0.0000,0.0000,0.0000,0.0000,1,0,0,0,0,2,0,0,0,0
zc,WT211,2012-06-05 10:37:05.397,2139.0000,12,0,0.0000,0.0000,0,0,多换,B,2165.0000,0.0000,0.0000,0.0000,0.0000,2178.0000,0.0000,0.0000,0.0000,0.0000,1,0,0,0,0,1,0,0,0,0
zc,WT211,2012-06-05 10:37:06.647,2139.0000,12,0,0.0000,0.0000,0,0,多换,B,2164.0000,0.0000,0.0000,0.0000,0.0000,2177.0000,0.0000,0.0000,0.0000,0.0000,1,0,0,0,0,2,0,0,0,0
zc,WT211,2012-06-05 10:37:07.633,2139.0000,12,0,0.0000,0.0000,0,0,多换,B,2164.0000,0.0000,0.0000,0.0000,0.0000,2178.0000,0.0000,0.0000,0.0000,0.0000,1,0,0,0,0,1,0,0,0,0
zc,WT211,2012-06-05 10:37:11.397,2139.0000,12,0,0.0000,0.0000,0,0,多换,B,2165.0000,0.0000,0.0000,0.0000,0.0000,2178.0000,0.0000,0.0000,0.0000,0.0000,1,0,0,0,0,1,0,0,0,0
zc,WT211,2012-06-05 10:37:13.663,2139.0000,12,0,0.0000,0.0000,0,0,多换,B,2165.0000,0.0000,0.0000,0.0000,0.0000,2178.0000,0.0000,0.0000,0.0000,0.0000,1,0,0,0,0,2,0,0,0,0
zc,WT211,2012-06-05 10:37:18.397,2139.0000,12,0,0.0000,0.0000,0,0,多换,B,2164.0000,0.0000,0.0000,0.0000,0.0000,2178.0000,0.0000,0.0000,0.0000,0.0000,1,0,0,0,0,2,0,0,0,0
zc,WT211,2012-06-05 10:37:34.413,2139.0000,12,0,0.0000,0.0000,0,0,多换,B,2165.0000,0.0000,0.0000,0.0000,0.0000,2178.0000,0.0000,0.0000,0.0000,0.0000,1,0,0,0,0,2,0,0,0,0
zc,WT211,2012-06-05 10:37:36.663,2139.0000,12,0,0.0000,0.0000,0,0,多换,B,2165.0000,0.0000,0.0000,0.0000,0.0000,2180.0000,0.0000,0.0000,0.0000,0.0000,1,0,0,0,0,2,0,0,0,0
zc,WT211,2012-06-05 10:38:08.210,2139.0000,12,0,0.0000,0.0000,0,0,多换,B,2165.0000,0.0000,0.0000,0.0000,0.0000,2183.0000,0.0000,0.0000,0.0000,0.0000,1,0,0,0,0,2,0,0,0,0
zc,WT211,2012-06-05 10:38:10.990,2139.0000,12,0,0.0000,0.0000,0,0,多换,B,2166.0000,0.0000,0.0000,0.0000,0.0000,2183.0000,0.0000,0.0000,0.0000,0.0000,1,0,0,0,0,2,0,0,0,0
zc,WT211,2012-06-05 10:38:15.507,2139.0000,12,0,0.0000,0.0000,0,0,多换,B,2171.0000,0.0000,0.0000,0.0000,0.0000,2184.0000,0.0000,0.0000,0.0000,0.0000,1,0,0,0,0,1,0,0,0,0
zc,WT211,2012-06-05 10:38:24.023,2139.0000,12,0,0.0000,0.0000,0,0,多换,B,2171.0000,0.0000,0.0000,0.0000,0.0000,2185.0000,0.0000,0.0000,0.0000,0.0000,1,0,0,0,0,2,0,0,0,0
zc,WT211,2012-06-05 10:38:38.240,2139.0000,12,0,0.0000,0.0000,0,0,多换,B,2167.0000,0.0000,0.0000,0.0000,0.0000,2185.0000,0.0000,0.0000,0.0000,0.0000,1,0,0,0,0,2,0,0,0,0
zc,WT211,2012-06-05 10:38:45.710,2139.0000,12,0,0.0000,0.0000,0,0,多换,B,2167.0000,0.0000,0.0000,0.0000,0.0000,2183.0000,0.0000,0.0000,0.0000,0.0000,1,0,0,0,0,2,0,0,0,0
zc,WT211,2012-06-05 10:38:46.477,2139.0000,12,0,0.0000,0.0000,0,0,多换,B,2168.0000,0.0000,0.0000,0.0000,0.0000,2183.0000,0.0000,0.0000,0.0000,0.0000,1,0,0,0,0,2,0,0,0,0
zc,WT211,2012-06-05 10:38:55.240,2139.0000,12,0,0.0000,0.0000,0,0,多换,B,2167.0000,0.0000,0.0000,0.0000,0.0000,2183.0000,0.0000,0.0000,0.0000,0.0000,1,0,0,0,0,2,0,0,0,0
zc,WT211,2012-06-05 10:39:11.693,2139.0000,12,0,0.0000,0.0000,0,0,多换,B,2167.0000,0.0000,0.0000,0.0000,0.0000,2182.0000,0.0000,0.0000,0.0000,0.0000,1,0,0,0,0,1,0,0,0,0
zc,WT211,2012-06-05 10:39:27.180,2139.0000,12,0,0.0000,0.0000,0,0,多换,B,2166.0000,0.0000,0.0000,0.0000,0.0000,2182.0000,0.0000,0.0000,0.0000,0.0000,1,0,0,0,0,1,0,0,0,0
zc,WT211,2012-06-05 10:39:34.930,2139.0000,12,0,0.0000,0.0000,0,0,多换,B,2167.0000,0.0000,0.0000,0.0000,0.0000,2182.0000,0.0000,0.0000,0.0000,0.0000,1,0,0,0,0,1,0,0,0,0
zc,WT211,2012-06-05 10:40:06.930,2139.0000,12,0,0.0000,0.0000,0,0,多换,B,2167.0000,0.0000,0.0000,0.0000,0.0000,2181.0000,0.0000,0.0000,0.0000,0.0000,1,0,0,0,0,1,0,0,0,0
zc,WT211,2012-06-05 10:40:24.443,2139.0000,12,0,0.0000,0.0000,0,0,多换,B,2167.0000,0.0000,0.0000,0.0000,0.0000,2180.0000,0.0000,0.0000,0.0000,0.0000,1,0,0,0,0,1,0,0,0,0
zc,WT211,2012-06-05 10:40:25.617,2139.0000,12,0,0.0000,0.0000,0,0,多换,B,2167.0000,0.0000,0.0000,0.0000,0.0000,2180.0000,0.0000,0.0000,0.0000,0.0000,1,0,0,0,0,1,0,0,0,0
zc,WT211,2012-06-05 10:40:47.180,2139.0000,12,0,0.0000,0.0000,0,0,多换,B,2166.0000,0.0000,0.0000,0.0000,0.0000,2180.0000,0.0000,0.0000,0.0000,0.0000,1,0,0,0,0,1,0,0,0,0
zc,WT211,2012-06-05 10:40:56.943,2139.0000,12,0,0.0000,0.0000,0,0,多换,B,2167.0000,0.0000,0.0000,0.0000,0.0000,2180.0000,0.0000,0.0000,0.0000,0.0000,1,0,0,0,0,1,0,0,0,0
zc,WT211,2012-06-05 10:41:04.460,2139.0000,12,0,0.0000,0.0000,0,0,多换,B,2166.0000,0.0000,0.0000,0.0000,0.0000,2180.0000,0.0000,0.0000,0.0000,0.0000,1,0,0,0,0,1,0,0,0,0
zc,WT211,2012-06-05 10:41:11.943,2139.0000,12,0,0.0000,0.0000,0,0,多换,B,2166.0000,0.0000,0.0000,0.0000,0.0000,2180.0000,0.0000,0.0000,0.0000,0.0000,1,0,0,0,0,2,0,0,0,0
zc,WT211,2012-06-05 10:41:17.180,2180.0000,12,0,0.0000,2.0000,1,1,多换,B,2166.0000,0.0000,0.0000,0.0000,0.0000,2180.0000,0.0000,0.0000,0.0000,0.0000,1,0,0,0,0,1,0,0,0,0
zc,WT211,2012-06-05 10:41:41.647,2180.0000,12,0,0.0000,0.0000,0,0,多换,B,2167.0000,0.0000,0.0000,0.0000,0.0000,2180.0000,0.0000,0.0000,0.0000,0.0000,1,0,0,0,0,1,0,0,0,0
zc,WT211,2012-06-05 10:42:05.943,2180.0000,12,0,0.0000,0.0000,0,0,多换,B,2166.0000,0.0000,0.0000,0.0000,0.0000,2180.0000,0.0000,0.0000,0.0000,0.0000,1,0,0,0,0,1,0,0,0,0
zc,WT211,2012-06-05 10:42:06.960,2180.0000,12,0,0.0000,0.0000,0,0,多换,B,2163.0000,0.0000,0.0000,0.0000,0.0000,2177.0000,0.0000,0.0000,0.0000,0.0000,1,0,0,0,0,1,0,0,0,0
zc,WT211,2012-06-05 10:42:14.647,2180.0000,12,0,0.0000,0.0000,0,0,多换,B,2163.0000,0.0000,0.0000,0.0000,0.0000,2180.0000,0.0000,0.0000,0.0000,0.0000,1,0,0,0,0,1,0,0,0,0
zc,WT211,2012-06-05 10:42:18.193,2180.0000,12,0,0.0000,0.0000,0,0,多换,B,2164.0000,0.0000,0.0000,0.0000,0.0000,2180.0000,0.0000,0.0000,0.0000,0.0000,1,0,0,0,0,1,0,0,0,0
zc,WT211,2012-06-05 10:42:52.430,2180.0000,12,0,0.0000,0.0000,0,0,多换,B,2163.0000,0.0000,0.0000,0.0000,0.0000,2180.0000,0.0000,0.0000,0.0000,0.0000,1,0,0,0,0,1,0,0,0,0
zc,WT211,2012-06-05 10:43:01.193,2180.0000,12,0,0.0000,0.0000,0,0,多换,B,2163.0000,0.0000,0.0000,0.0000,0.0000,2177.0000,0.0000,0.0000,0.0000,0.0000,1,0,0,0,0,1,0,0,0,0
zc,WT211,2012-06-05 10:43:09.163,2180.0000,12,0,0.0000,0.0000,0,0,多换,B,2163.0000,0.0000,0.0000,0.0000,0.0000,2180.0000,0.0000,0.0000,0.0000,0.0000,1,0,0,0,0,1,0,0,0,0
zc,WT211,2012-06-05 10:43:19.193,2180.0000,12,0,0.0000,0.0000,0,0,多换,B,2164.0000,0.0000,0.0000,0.0000,0.0000,2180.0000,0.0000,0.0000,0.0000,0.0000,1,0,0,0,0,1,0,0,0,0
zc,WT211,2012-06-05 10:43:19.647,2180.0000,12,0,0.0000,0.0000,0,0,多换,B,2164.0000,0.0000,0.0000,0.0000,0.0000,2179.0000,0.0000,0.0000,0.0000,0.0000,1,0,0,0,0,1,0,0,0,0
zc,WT211,2012-06-05 10:44:25.633,2180.0000,12,0,0.0000,0.0000,0,0,多换,B,2164.0000,0.0000,0.0000,0.0000,0.0000,2179.0000,0.0000,0.0000,0.0000,0.0000,1,0,0,0,0,1,0,0,0,0
zc,WT211,2012-06-05 10:44:39.663,2180.0000,12,0,0.0000,0.0000,0,0,多换,B,2164.0000,0.0000,0.0000,0.0000,0.0000,2177.0000,0.0000,0.0000,0.0000,0.0000,1,0,0,0,0,1,0,0,0,0
zc,WT211,2012-06-05 10:44:51.163,2180.0000,12,0,0.0000,0.0000,0,0,多换,B,2164.0000,0.0000,0.0000,0.0000,0.0000,2179.0000,0.0000,0.0000,0.0000,0.0000,1,0,0,0,0,1,0,0,0,0
zc,WT211,2012-06-05 10:44:59.663,2180.0000,12,0,0.0000,0.0000,0,0,多换,B,2163.0000,0.0000,0.0000,0.0000,0.0000,2179.0000,0.0000,0.0000,0.0000,0.0000,1,0,0,0,0,1,0,0,0,0
zc,WT211,2012-06-05 10:45:02.397,2163.0000,12,0,0.0000,2.0000,1,1,空换,S,2163.0000,0.0000,0.0000,0.0000,0.0000,2179.0000,0.0000,0.0000,0.0000,0.0000,1,0,0,0,0,1,0,0,0,0
zc,WT211,2012-06-05 10:45:03.647,2163.0000,12,0,0.0000,0.0000,0,0,空换,S,2164.0000,0.0000,0.0000,0.0000,0.0000,2179.0000,0.0000,0.0000,0.0000,0.0000,1,0,0,0,0,1,0,0,0,0
zc,WT211,2012-06-05 10:45:42.147,2163.0000,12,0,0.0000,0.0000,0,0,空换,S,2165.0000,0.0000,0.0000,0.0000,0.0000,2179.0000,0.0000,0.0000,0.0000,0.0000,1,0,0,0,0,1,0,0,0,0
zc,WT211,2012-06-05 10:46:25.727,2163.0000,12,0,0.0000,0.0000,0,0,空换,S,2164.0000,0.0000,0.0000,0.0000,0.0000,2179.0000,0.0000,0.0000,0.0000,0.0000,1,0,0,0,0,1,0,0,0,0
zc,WT211,2012-06-05 10:46:30.460,2163.0000,12,0,0.0000,0.0000,0,0,空换,S,2163.0000,0.0000,0.0000,0.0000,0.0000,2176.0000,0.0000,0.0000,0.0000,0.0000,1,0,0,0,0,1,0,0,0,0
zc,WT211,2012-06-05 10:46:32.663,2163.0000,12,0,0.0000,0.0000,0,0,空换,S,2164.0000,0.0000,0.0000,0.0000,0.0000,2179.0000,0.0000,0.0000,0.0000,0.0000,1,0,0,0,0,1,0,0,0,0
zc,WT211,2012-06-05 10:46:57.943,2163.0000,12,0,0.0000,0.0000,0,0,空换,S,2163.0000,0.0000,0.0000,0.0000,0.0000,2179.0000,0.0000,0.0000,0.0000,0.0000,1,0,0,0,0,1,0,0,0,0
zc,WT211,2012-06-05 10:47:08.443,2163.0000,12,0,0.0000,0.0000,0,0,空换,S,2162.0000,0.0000,0.0000,0.0000,0.0000,2179.0000,0.0000,0.0000,0.0000,0.0000,1,0,0,0,0,1,0,0,0,0
zc,WT211,2012-06-05 10:47:31.710,2163.0000,12,0,0.0000,0.0000,0,0,空换,S,2163.0000,0.0000,0.0000,0.0000,0.0000,2179.0000,0.0000,0.0000,0.0000,0.0000,1,0,0,0,0,1,0,0,0,0
zc,WT211,2012-06-05 10:47:41.210,2163.0000,12,0,0.0000,0.0000,0,0,空换,S,2163.0000,0.0000,0.0000,0.0000,0.0000,2178.0000,0.0000,0.0000,0.0000,0.0000,1,0,0,0,0,1,0,0,0,0
zc,WT211,2012-06-05 10:47:43.913,2163.0000,12,0,0.0000,0.0000,0,0,空换,S,2162.0000,0.0000,0.0000,0.0000,0.0000,2175.0000,0.0000,0.0000,0.0000,0.0000,1,0,0,0,0,1,0,0,0,0
zc,WT211,2012-06-05 10:47:46.913,2163.0000,12,0,0.0000,0.0000,0,0,空换,S,2163.0000,0.0000,0.0000,0.0000,0.0000,2178.0000,0.0000,0.0000,0.0000,0.0000,1,0,0,0,0,1,0,0,0,0
zc,WT211,2012-06-05 10:48:56.133,2163.0000,12,0,0.0000,0.0000,0,0,空换,S,2162.0000,0.0000,0.0000,0.0000,0.0000,2175.0000,0.0000,0.0000,0.0000,0.0000,1,0,0,0,0,1,0,0,0,0
zc,WT211,2012-06-05 10:49:04.430,2163.0000,12,0,0.0000,0.0000,0,0,空换,S,2162.0000,0.0000,0.0000,0.0000,0.0000,2178.0000,0.0000,0.0000,0.0000,0.0000,1,0,0,0,0,1,0,0,0,0
zc,WT211,2012-06-05 10:49:52.680,2163.0000,12,0,0.0000,0.0000,0,0,空换,S,2163.0000,0.0000,0.0000,0.0000,0.0000,2178.0000,0.0000,0.0000,0.0000,0.0000,1,0,0,0,0,1,0,0,0,0
zc,WT211,2012-06-05 10:50:13.163,2163.0000,12,0,0.0000,0.0000,0,0,空换,S,2163.0000,0.0000,0.0000,0.0000,0.0000,2177.0000,0.0000,0.0000,0.0000,0.0000,1,0,0,0,0,1,0,0,0,0
zc,WT211,2012-06-05 10:51:20.930,2163.0000,12,0,0.0000,0.0000,0,0,空换,S,2163.0000,0.0000,0.0000,0.0000,0.0000,2178.0000,0.0000,0.0000,0.0000,0.0000,1,0,0,0,0,1,0,0,0,0
zc,WT211,2012-06-05 10:51:32.383,2163.0000,12,0,0.0000,0.0000,0,0,空换,S,2164.0000,0.0000,0.0000,0.0000,0.0000,2178.0000,0.0000,0.0000,0.0000,0.0000,1,0,0,0,0,1,0,0,0,0
zc,WT211,2012-06-05 10:52:16.460,2163.0000,12,0,0.0000,0.0000,0,0,空换,S,2163.0000,0.0000,0.0000,0.0000,0.0000,2178.0000,0.0000,0.0000,0.0000,0.0000,1,0,0,0,0,1,0,0,0,0
zc,WT211,2012-06-05 10:54:25.617,2163.0000,12,0,0.0000,0.0000,0,0,空换,S,2163.0000,0.0000,0.0000,0.0000,0.0000,2178.0000,0.0000,0.0000,0.0000,0.0000,1,0,0,0,0,1,0,0,0,0
zc,WT211,2012-06-05 10:54:50.647,2163.0000,12,0,0.0000,0.0000,0,0,空换,S,2163.0000,0.0000,0.0000,0.0000,0.0000,2180.0000,0.0000,0.0000,0.0000,0.0000,1,0,0,0,0,1,0,0,0,0
zc,WT211,2012-06-05 10:55:02.147,2163.0000,12,0,0.0000,0.0000,0,0,空换,S,2164.0000,0.0000,0.0000,0.0000,0.0000,2180.0000,0.0000,0.0000,0.0000,0.0000,1,0,0,0,0,1,0,0,0,0
zc,WT211,2012-06-05 10:55:17.710,2163.0000,12,0,0.0000,0.0000,0,0,空换,S,2163.0000,0.0000,0.0000,0.0000,0.0000,2180.0000,0.0000,0.0000,0.0000,0.0000,1,0,0,0,0,1,0,0,0,0
zc,WT211,2012-06-05 10:55:27.413,2163.0000,12,0,0.0000,0.0000,0,0,空换,S,2163.0000,0.0000,0.0000,0.0000,0.0000,2179.0000,0.0000,0.0000,0.0000,0.0000,1,0,0,0,0,1,0,0,0,0
zc,WT211,2012-06-05 10:55:34.383,2163.0000,12,0,0.0000,0.0000,0,0,空换,S,2164.0000,0.0000,0.0000,0.0000,0.0000,2179.0000,0.0000,0.0000,0.0000,0.0000,1,0,0,0,0,1,0,0,0,0
zc,WT211,2012-06-05 10:56:48.163,2163.0000,12,0,0.0000,0.0000,0,0,空换,S,2164.0000,0.0000,0.0000,0.0000,0.0000,2180.0000,0.0000,0.0000,0.0000,0.0000,1,0,0,0,0,1,0,0,0,0
zc,WT211,2012-06-05 10:57:09.930,2163.0000,12,0,0.0000,0.0000,0,0,空换,S,2164.0000,0.0000,0.0000,0.0000,0.0000,2179.0000,0.0000,0.0000,0.0000,0.0000,1,0,0,0,0,1,0,0,0,0
zc,WT211,2012-06-05 10:58:45.193,2163.0000,12,0,0.0000,0.0000,0,0,空换,S,2164.0000,0.0000,0.0000,0.0000,0.0000,2178.0000,0.0000,0.0000,0.0000,0.0000,1,0,0,0,0,1,0,0,0,0
zc,WT211,2012-06-05 10:58:59.977,2163.0000,12,0,0.0000,0.0000,0,0,空换,S,2164.0000,0.0000,0.0000,0.0000,0.0000,2179.0000,0.0000,0.0000,0.0000,0.0000,1,0,0,0,0,1,0,0,0,0
zc,WT211,2012-06-05 10:59:00.443,2163.0000,12,0,0.0000,0.0000,0,0,空换,S,2163.0000,0.0000,0.0000,0.0000,0.0000,2176.0000,0.0000,0.0000,0.0000,0.0000,1,0,0,0,0,1,0,0,0,0
zc,WT211,2012-06-05 10:59:12.430,2163.0000,12,0,0.0000,0.0000,0,0,空换,S,2163.0000,0.0000,0.0000,0.0000,0.0000,2179.0000,0.0000,0.0000,0.0000,0.0000,1,0,0,0,0,1,0,0,0,0
zc,WT211,2012-06-05 10:59:19.180,2163.0000,12,0,0.0000,0.0000,0,0,空换,S,2164.0000,0.0000,0.0000,0.0000,0.0000,2179.0000,0.0000,0.0000,0.0000,0.0000,1,0,0,0,0,1,0,0,0,0
zc,WT211,2012-06-05 11:00:12.930,2163.0000,12,0,0.0000,0.0000,0,0,空换,S,2164.0000,0.0000,0.0000,0.0000,0.0000,2178.0000,0.0000,0.0000,0.0000,0.0000,1,0,0,0,0,1,0,0,0,0
zc,WT211,2012-06-05 11:01:38.413,2163.0000,12,0,0.0000,0.0000,0,0,空换,S,2164.0000,0.0000,0.0000,0.0000,0.0000,2177.0000,0.0000,0.0000,0.0000,0.0000,1,0,0,0,0,1,0,0,0,0
zc,WT211,2012-06-05 11:02:25.617,2163.0000,12,0,0.0000,0.0000,0,0,空换,S,2164.0000,0.0000,0.0000,0.0000,0.0000,2177.0000,0.0000,0.0000,0.0000,0.0000,1,0,0,0,0,1,0,0,0,0
zc,WT211,2012-06-05 11:03:10.227,2163.0000,12,0,0.0000,0.0000,0,0,空换,S,2164.0000,0.0000,0.0000,0.0000,0.0000,2178.0000,0.0000,0.0000,0.0000,0.0000,1,0,0,0,0,1,0,0,0,0
zc,WT211,2012-06-05 11:03:16.413,2163.0000,12,0,0.0000,0.0000,0,0,空换,S,2164.0000,0.0000,0.0000,0.0000,0.0000,2177.0000,0.0000,0.0000,0.0000,0.0000,1,0,0,0,0,1,0,0,0,0
zc,WT211,2012-06-05 11:04:43.663,2163.0000,12,0,0.0000,0.0000,0,0,空换,S,2164.0000,0.0000,0.0000,0.0000,0.0000,2178.0000,0.0000,0.0000,0.0000,0.0000,1,0,0,0,0,1,0,0,0,0
zc,WT211,2012-06-05 11:04:54.163,2163.0000,12,0,0.0000,0.0000,0,0,空换,S,2164.0000,0.0000,0.0000,0.0000,0.0000,2177.0000,0.0000,0.0000,0.0000,0.0000,1,0,0,0,0,1,0,0,0,0
zc,WT211,2012-06-05 11:06:31.647,2163.0000,12,0,0.0000,0.0000,0,0,空换,S,2164.0000,0.0000,0.0000,0.0000,0.0000,2178.0000,0.0000,0.0000,0.0000,0.0000,1,0,0,0,0,1,0,0,0,0
zc,WT211,2012-06-05 11:06:40.647,2163.0000,12,0,0.0000,0.0000,0,0,空换,S,2164.0000,0.0000,0.0000,0.0000,0.0000,2179.0000,0.0000,0.0000,0.0000,0.0000,1,0,0,0,0,1,0,0,0,0
zc,WT211,2012-06-05 11:07:04.867,2163.0000,12,0,0.0000,0.0000,0,0,空换,S,2164.0000,0.0000,0.0000,0.0000,0.0000,2177.0000,0.0000,0.0000,0.0000,0.0000,1,0,0,0,0,1,0,0,0,0
zc,WT211,2012-06-05 11:08:26.633,2163.0000,12,0,0.0000,0.0000,0,0,空换,S,2164.0000,0.0000,0.0000,0.0000,0.0000,2179.0000,0.0000,0.0000,0.0000,0.0000,1,0,0,0,0,1,0,0,0,0
zc,WT211,2012-06-05 11:08:55.617,2163.0000,12,0,0.0000,0.0000,0,0,空换,S,2164.0000,0.0000,0.0000,0.0000,0.0000,2178.0000,0.0000,0.0000,0.0000,0.0000,1,0,0,0,0,1,0,0,0,0
zc,WT211,2012-06-05 11:10:31.867,2163.0000,12,0,0.0000,0.0000,0,0,空换,S,2164.0000,0.0000,0.0000,0.0000,0.0000,2177.0000,0.0000,0.0000,0.0000,0.0000,1,0,0,0,0,1,0,0,0,0
zc,WT211,2012-06-05 11:11:10.663,2163.0000,12,0,0.0000,0.0000,0,0,空换,S,2163.0000,0.0000,0.0000,0.0000,0.0000,2176.0000,0.0000,0.0000,0.0000,0.0000,1,0,0,0,0,1,0,0,0,0
zc,WT211,2012-06-05 11:11:44.383,2163.0000,12,0,0.0000,0.0000,0,0,空换,S,2163.0000,0.0000,0.0000,0.0000,0.0000,2177.0000,0.0000,0.0000,0.0000,0.0000,1,0,0,0,0,1,0,0,0,0
zc,WT211,2012-06-05 11:11:55.413,2163.0000,12,0,0.0000,0.0000,0,0,空换,S,2164.0000,0.0000,0.0000,0.0000,0.0000,2177.0000,0.0000,0.0000,0.0000,0.0000,1,0,0,0,0,1,0,0,0,0
zc,WT211,2012-06-05 11:12:04.897,2163.0000,12,0,0.0000,0.0000,0,0,空换,S,2167.0000,0.0000,0.0000,0.0000,0.0000,2180.0000,0.0000,0.0000,0.0000,0.0000,1,0,0,0,0,1,0,0,0,0
zc,WT211,2012-06-05 11:12:51.133,2163.0000,12,0,0.0000,0.0000,0,0,空换,S,2164.0000,0.0000,0.0000,0.0000,0.0000,2180.0000,0.0000,0.0000,0.0000,0.0000,1,0,0,0,0,1,0,0,0,0
zc,WT211,2012-06-05 11:12:52.883,2163.0000,12,0,0.0000,0.0000,0,0,空换,S,2164.0000,0.0000,0.0000,0.0000,0.0000,2182.0000,0.0000,0.0000,0.0000,0.0000,1,0,0,0,0,1,0,0,0,0
zc,WT211,2012-06-05 11:13:02.133,2163.0000,12,0,0.0000,0.0000,0,0,空换,S,2170.0000,0.0000,0.0000,0.0000,0.0000,2185.0000,0.0000,0.0000,0.0000,0.0000,1,0,0,0,0,1,0,0,0,0
zc,WT211,2012-06-05 11:13:15.897,2163.0000,12,0,0.0000,0.0000,0,0,空换,S,2170.0000,0.0000,0.0000,0.0000,0.0000,2183.0000,0.0000,0.0000,0.0000,0.0000,1,0,0,0,0,1,0,0,0,0
zc,WT211,2012-06-05 11:13:45.633,2163.0000,12,0,0.0000,0.0000,0,0,空换,S,2171.0000,0.0000,0.0000,0.0000,0.0000,2185.0000,0.0000,0.0000,0.0000,0.0000,1,0,0,0,0,1,0,0,0,0
zc,WT211,2012-06-05 11:13:58.367,2163.0000,12,0,0.0000,0.0000,0,0,空换,S,2171.0000,0.0000,0.0000,0.0000,0.0000,2184.0000,0.0000,0.0000,0.0000,0.0000,1,0,0,0,0,1,0,0,0,0
zc,WT211,2012-06-05 11:14:00.633,2163.0000,12,0,0.0000,0.0000,0,0,空换,S,2171.0000,0.0000,0.0000,0.0000,0.0000,2185.0000,0.0000,0.0000,0.0000,0.0000,1,0,0,0,0,1,0,0,0,0
zc,WT211,2012-06-05 11:14:05.383,2163.0000,12,0,0.0000,0.0000,0,0,空换,S,2168.0000,0.0000,0.0000,0.0000,0.0000,2182.0000,0.0000,0.0000,0.0000,0.0000,1,0,0,0,0,1,0,0,0,0
zc,WT211,2012-06-05 11:14:44.633,2163.0000,12,0,0.0000,0.0000,0,0,空换,S,2165.0000,0.0000,0.0000,0.0000,0.0000,2182.0000,0.0000,0.0000,0.0000,0.0000,1,0,0,0,0,1,0,0,0,0
zc,WT211,2012-06-05 11:14:50.133,2163.0000,12,0,0.0000,0.0000,0,0,空换,S,2166.0000,0.0000,0.0000,0.0000,0.0000,2182.0000,0.0000,0.0000,0.0000,0.0000,1,0,0,0,0,1,0,0,0,0
zc,WT211,2012-06-05 11:14:59.133,2163.0000,12,0,0.0000,0.0000,0,0,空换,S,2167.0000,0.0000,0.0000,0.0000,0.0000,2182.0000,0.0000,0.0000,0.0000,0.0000,1,0,0,0,0,1,0,0,0,0
zc,WT211,2012-06-05 11:15:19.383,2163.0000,12,0,0.0000,0.0000,0,0,空换,S,2168.0000,0.0000,0.0000,0.0000,0.0000,2182.0000,0.0000,0.0000,0.0000,0.0000,1,0,0,0,0,1,0,0,0,0
zc,WT211,2012-06-05 11:15:58.147,2163.0000,12,0,0.0000,0.0000,0,0,空换,S,2167.0000,0.0000,0.0000,0.0000,0.0000,2182.0000,0.0000,0.0000,0.0000,0.0000,1,0,0,0,0,1,0,0,0,0
zc,WT211,2012-06-05 11:16:21.867,2163.0000,12,0,0.0000,0.0000,0,0,空换,S,2167.0000,0.0000,0.0000,0.0000,0.0000,2181.0000,0.0000,0.0000,0.0000,0.0000,1,0,0,0,0,1,0,0,0,0
zc,WT211,2012-06-05 11:16:32.350,2163.0000,12,0,0.0000,0.0000,0,0,空换,S,2167.0000,0.0000,0.0000,0.0000,0.0000,2180.0000,0.0000,0.0000,0.0000,0.0000,1,0,0,0,0,1,0,0,0,0
zc,WT211,2012-06-05 11:16:37.383,2163.0000,12,0,0.0000,0.0000,0,0,空换,S,2167.0000,0.0000,0.0000,0.0000,0.0000,2181.0000,0.0000,0.0000,0.0000,0.0000,1,0,0,0,0,1,0,0,0,0
zc,WT211,2012-06-05 11:16:40.617,2163.0000,12,0,0.0000,0.0000,0,0,空换,S,2168.0000,0.0000,0.0000,0.0000,0.0000,2181.0000,0.0000,0.0000,0.0000,0.0000,1,0,0,0,0,1,0,0,0,0
zc,WT211,2012-06-05 11:17:06.397,2163.0000,12,0,0.0000,0.0000,0,0,空换,S,2169.0000,0.0000,0.0000,0.0000,0.0000,2182.0000,0.0000,0.0000,0.0000,0.0000,1,0,0,0,0,1,0,0,0,0
zc,WT211,2012-06-05 11:17:25.600,2163.0000,12,0,0.0000,0.0000,0,0,空换,S,2169.0000,0.0000,0.0000,0.0000,0.0000,2182.0000,0.0000,0.0000,0.0000,0.0000,1,0,0,0,0,1,0,0,0,0
zc,WT211,2012-06-05 11:17:44.617,2163.0000,12,0,0.0000,0.0000,0,0,空换,S,2168.0000,0.0000,0.0000,0.0000,0.0000,2182.0000,0.0000,0.0000,0.0000,0.0000,1,0,0,0,0,1,0,0,0,0
zc,WT211,2012-06-05 11:17:45.147,2163.0000,12,0,0.0000,0.0000,0,0,空换,S,2168.0000,0.0000,0.0000,0.0000,0.0000,2181.0000,0.0000,0.0000,0.0000,0.0000,1,0,0,0,0,1,0,0,0,0
zc,WT211,2012-06-05 11:17:49.850,2163.0000,12,0,0.0000,0.0000,0,0,空换,S,2168.0000,0.0000,0.0000,0.0000,0.0000,2182.0000,0.0000,0.0000,0.0000,0.0000,1,0,0,0,0,1,0,0,0,0
zc,WT211,2012-06-05 11:18:00.350,2163.0000,12,0,0.0000,0.0000,0,0,空换,S,2169.0000,0.0000,0.0000,0.0000,0.0000,2182.0000,0.0000,0.0000,0.0000,0.0000,1,0,0,0,0,1,0,0,0,0
zc,WT211,2012-06-05 11:18:46.100,2163.0000,12,0,0.0000,0.0000,0,0,空换,S,2168.0000,0.0000,0.0000,0.0000,0.0000,2182.0000,0.0000,0.0000,0.0000,0.0000,1,0,0,0,0,1,0,0,0,0
zc,WT211,2012-06-05 11:19:08.633,2163.0000,12,0,0.0000,0.0000,0,0,空换,S,2169.0000,0.0000,0.0000,0.0000,0.0000,2182.0000,0.0000,0.0000,0.0000,0.0000,1,0,0,0,0,1,0,0,0,0
zc,WT211,2012-06-05 11:20:10.663,2163.0000,12,0,0.0000,0.0000,0,0,空换,S,2168.0000,0.0000,0.0000,0.0000,0.0000,2182.0000,0.0000,0.0000,0.0000,0.0000,1,0,0,0,0,1,0,0,0,0
zc,WT211,2012-06-05 11:20:23.897,2163.0000,12,0,0.0000,0.0000,0,0,空换,S,2168.0000,0.0000,0.0000,0.0000,0.0000,2181.0000,0.0000,0.0000,0.0000,0.0000,1,0,0,0,0,1,0,0,0,0
zc,WT211,2012-06-05 11:20:24.617,2163.0000,12,0,0.0000,0.0000,0,0,空换,S,2168.0000,0.0000,0.0000,0.0000,0.0000,2182.0000,0.0000,0.0000,0.0000,0.0000,1,0,0,0,0,1,0,0,0,0
zc,WT211,2012-06-05 11:20:25.587,2163.0000,12,0,0.0000,0.0000,0,0,空换,S,2168.0000,0.0000,0.0000,0.0000,0.0000,2182.0000,0.0000,0.0000,0.0000,0.0000,1,0,0,0,0,1,0,0,0,0
zc,WT211,2012-06-05 11:20:43.383,2163.0000,12,0,0.0000,0.0000,0,0,空换,S,2171.0000,0.0000,0.0000,0.0000,0.0000,2185.0000,0.0000,0.0000,0.0000,0.0000,1,0,0,0,0,1,0,0,0,0
zc,WT211,2012-06-05 11:21:09.680,2163.0000,12,0,0.0000,0.0000,0,0,空换,S,2171.0000,0.0000,0.0000,0.0000,0.0000,2184.0000,0.0000,0.0000,0.0000,0.0000,1,0,0,0,0,1,0,0,0,0
zc,WT211,2012-06-05 11:22:04.350,2163.0000,12,0,0.0000,0.0000,0,0,空换,S,2171.0000,0.0000,0.0000,0.0000,0.0000,2185.0000,0.0000,0.0000,0.0000,0.0000,1,0,0,0,0,1,0,0,0,0
zc,WT211,2012-06-05 11:22:05.350,2163.0000,12,0,0.0000,0.0000,0,0,空换,S,2172.0000,0.0000,0.0000,0.0000,0.0000,2185.0000,0.0000,0.0000,0.0000,0.0000,1,0,0,0,0,1,0,0,0,0
zc,WT211,2012-06-05 11:22:17.383,2163.0000,12,0,0.0000,0.0000,0,0,空换,S,2171.0000,0.0000,0.0000,0.0000,0.0000,2185.0000,0.0000,0.0000,0.0000,0.0000,1,0,0,0,0,1,0,0,0,0
zc,WT211,2012-06-05 11:22:19.663,2163.0000,12,0,0.0000,0.0000,0,0,空换,S,2172.0000,0.0000,0.0000,0.0000,0.0000,2185.0000,0.0000,0.0000,0.0000,0.0000,1,0,0,0,0,1,0,0,0,0
zc,WT211,2012-06-05 11:22:20.883,2163.0000,12,0,0.0000,0.0000,0,0,空换,S,2173.0000,0.0000,0.0000,0.0000,0.0000,2186.0000,0.0000,0.0000,0.0000,0.0000,1,0,0,0,0,1,0,0,0,0
zc,WT211,2012-06-05 11:22:29.367,2163.0000,12,0,0.0000,0.0000,0,0,空换,S,2172.0000,0.0000,0.0000,0.0000,0.0000,2185.0000,0.0000,0.0000,0.0000,0.0000,1,0,0,0,0,1,0,0,0,0
zc,WT211,2012-06-05 11:22:33.617,2163.0000,12,0,0.0000,0.0000,0,0,空换,S,2173.0000,0.0000,0.0000,0.0000,0.0000,2186.0000,0.0000,0.0000,0.0000,0.0000,1,0,0,0,0,1,0,0,0,0
zc,WT211,2012-06-05 11:23:17.133,2163.0000,12,0,0.0000,0.0000,0,0,空换,S,2173.0000,0.0000,0.0000,0.0000,0.0000,2187.0000,0.0000,0.0000,0.0000,0.0000,1,0,0,0,0,1,0,0,0,0
zc,WT211,2012-06-05 11:23:22.397,2163.0000,12,0,0.0000,0.0000,0,0,空换,S,2173.0000,0.0000,0.0000,0.0000,0.0000,2186.0000,0.0000,0.0000,0.0000,0.0000,1,0,0,0,0,1,0,0,0,0
zc,WT211,2012-06-05 11:23:27.210,2163.0000,12,0,0.0000,0.0000,0,0,空换,S,2174.0000,0.0000,0.0000,0.0000,0.0000,2187.0000,0.0000,0.0000,0.0000,0.0000,1,0,0,0,0,1,0,0,0,0
zc,WT211,2012-06-05 11:23:51.147,2163.0000,12,0,0.0000,0.0000,0,0,空换,S,2173.0000,0.0000,0.0000,0.0000,0.0000,2187.0000,0.0000,0.0000,0.0000,0.0000,1,0,0,0,0,1,0,0,0,0
zc,WT211,2012-06-05 11:23:54.647,2163.0000,12,0,0.0000,0.0000,0,0,空换,S,2174.0000,0.0000,0.0000,0.0000,0.0000,2187.0000,0.0000,0.0000,0.0000,0.0000,1,0,0,0,0,1,0,0,0,0
zc,WT211,2012-06-05 11:24:28.430,2163.0000,12,0,0.0000,0.0000,0,0,空换,S,2175.0000,0.0000,0.0000,0.0000,0.0000,2191.0000,0.0000,0.0000,0.0000,0.0000,1,0,0,0,0,1,0,0,0,0
zc,WT211,2012-06-05 11:24:36.430,2163.0000,12,0,0.0000,0.0000,0,0,空换,S,2175.0000,0.0000,0.0000,0.0000,0.0000,2190.0000,0.0000,0.0000,0.0000,0.0000,1,0,0,0,0,1,0,0,0,0
zc,WT211,2012-06-05 11:24:50.193,2163.0000,12,0,0.0000,0.0000,0,0,空换,S,2175.0000,0.0000,0.0000,0.0000,0.0000,2189.0000,0.0000,0.0000,0.0000,0.0000,1,0,0,0,0,1,0,0,0,0
zc,WT211,2012-06-05 11:25:11.383,2163.0000,12,0,0.0000,0.0000,0,0,空换,S,2175.0000,0.0000,0.0000,0.0000,0.0000,2190.0000,0.0000,0.0000,0.0000,0.0000,1,0,0,0,0,1,0,0,0,0
zc,WT211,2012-06-05 11:25:21.430,2163.0000,12,0,0.0000,0.0000,0,0,空换,S,2175.0000,0.0000,0.0000,0.0000,0.0000,2189.0000,0.0000,0.0000,0.0000,0.0000,1,0,0,0,0,1,0,0,0,0
zc,WT211,2012-06-05 11:25:22.913,2163.0000,12,0,0.0000,0.0000,0,0,空换,S,2177.0000,0.0000,0.0000,0.0000,0.0000,2190.0000,0.0000,0.0000,0.0000,0.0000,1,0,0,0,0,1,0,0,0,0
zc,WT211,2012-06-05 11:25:25.587,2163.0000,12,0,0.0000,0.0000,0,0,空换,S,2177.0000,0.0000,0.0000,0.0000,0.0000,2190.0000,0.0000,0.0000,0.0000,0.0000,1,0,0,0,0,1,0,0,0,0
zc,WT211,2012-06-05 11:25:28.913,2163.0000,12,0,0.0000,0.0000,0,0,空换,S,2175.0000,0.0000,0.0000,0.0000,0.0000,2190.0000,0.0000,0.0000,0.0000,0.0000,1,0,0,0,0,1,0,0,0,0
zc,WT211,2012-06-05 11:25:45.147,2163.0000,12,0,0.0000,0.0000,0,0,空换,S,2176.0000,0.0000,0.0000,0.0000,0.0000,2190.0000,0.0000,0.0000,0.0000,0.0000,1,0,0,0,0,1,0,0,0,0
zc,WT211,2012-06-05 11:25:51.663,2163.0000,12,0,0.0000,0.0000,0,0,空换,S,2175.0000,0.0000,0.0000,0.0000,0.0000,2189.0000,0.0000,0.0000,0.0000,0.0000,1,0,0,0,0,1,0,0,0,0
zc,WT211,2012-06-05 11:25:54.397,2163.0000,12,0,0.0000,0.0000,0,0,空换,S,2175.0000,0.0000,0.0000,0.0000,0.0000,2188.0000,0.0000,0.0000,0.0000,0.0000,1,0,0,0,0,1,0,0,0,0
zc,WT211,2012-06-05 11:25:57.397,2163.0000,12,0,0.0000,0.0000,0,0,空换,S,2167.0000,0.0000,0.0000,0.0000,0.0000,2188.0000,0.0000,0.0000,0.0000,0.0000,1,0,0,0,0,1,0,0,0,0
zc,WT211,2012-06-05 11:25:59.647,2163.0000,12,0,0.0000,0.0000,0,0,空换,S,2167.0000,0.0000,0.0000,0.0000,0.0000,2187.0000,0.0000,0.0000,0.0000,0.0000,1,0,0,0,0,1,0,0,0,0
zc,WT211,2012-06-05 11:26:00.367,2163.0000,12,0,0.0000,0.0000,0,0,空换,S,2170.0000,0.0000,0.0000,0.0000,0.0000,2187.0000,0.0000,0.0000,0.0000,0.0000,1,0,0,0,0,1,0,0,0,0
zc,WT211,2012-06-05 11:26:04.117,2163.0000,12,0,0.0000,0.0000,0,0,空换,S,2171.0000,0.0000,0.0000,0.0000,0.0000,2188.0000,0.0000,0.0000,0.0000,0.0000,1,0,0,0,0,1,0,0,0,0
zc,WT211,2012-06-05 11:26:09.913,2163.0000,12,0,0.0000,0.0000,0,0,空换,S,2172.0000,0.0000,0.0000,0.0000,0.0000,2188.0000,0.0000,0.0000,0.0000,0.0000,1,0,0,0,0,1,0,0,0,0
zc,WT211,2012-06-05 11:26:10.430,2163.0000,12,0,0.0000,0.0000,0,0,空换,S,2172.0000,0.0000,0.0000,0.0000,0.0000,2187.0000,0.0000,0.0000,0.0000,0.0000,1,0,0,0,0,1,0,0,0,0
zc,WT211,2012-06-05 11:26:19.633,2163.0000,12,0,0.0000,0.0000,0,0,空换,S,2172.0000,0.0000,0.0000,0.0000,0.0000,2186.0000,0.0000,0.0000,0.0000,0.0000,1,0,0,0,0,1,0,0,0,0
zc,WT211,2012-06-05 11:26:44.337,2163.0000,12,0,0.0000,0.0000,0,0,空换,S,2172.0000,0.0000,0.0000,0.0000,0.0000,2187.0000,0.0000,0.0000,0.0000,0.0000,1,0,0,0,0,1,0,0,0,0
zc,WT211,2012-06-05 11:26:47.867,2163.0000,12,0,0.0000,0.0000,0,0,空换,S,2171.0000,0.0000,0.0000,0.0000,0.0000,2187.0000,0.0000,0.0000,0.0000,0.0000,1,0,0,0,0,1,0,0,0,0
zc,WT211,2012-06-05 11:26:56.133,2163.0000,12,0,0.0000,0.0000,0,0,空换,S,2170.0000,0.0000,0.0000,0.0000,0.0000,2186.0000,0.0000,0.0000,0.0000,0.0000,1,0,0,0,0,1,0,0,0,0
zc,WT211,2012-06-05 11:26:59.850,2163.0000,12,0,0.0000,0.0000,0,0,空换,S,2167.0000,0.0000,0.0000,0.0000,0.0000,2186.0000,0.0000,0.0000,0.0000,0.0000,1,0,0,0,0,1,0,0,0,0
zc,WT211,2012-06-05 11:27:00.087,2163.0000,12,0,0.0000,0.0000,0,0,空换,S,2171.0000,0.0000,0.0000,0.0000,0.0000,2186.0000,0.0000,0.0000,0.0000,0.0000,1,0,0,0,0,1,0,0,0,0
zc,WT211,2012-06-05 11:27:00.850,2163.0000,12,0,0.0000,0.0000,0,0,空换,S,2174.0000,0.0000,0.0000,0.0000,0.0000,2187.0000,0.0000,0.0000,0.0000,0.0000,1,0,0,0,0,1,0,0,0,0
zc,WT211,2012-06-05 11:27:06.867,2163.0000,12,0,0.0000,0.0000,0,0,空换,S,2171.0000,0.0000,0.0000,0.0000,0.0000,2187.0000,0.0000,0.0000,0.0000,0.0000,1,0,0,0,0,1,0,0,0,0
zc,WT211,2012-06-05 11:27:07.913,2163.0000,12,0,0.0000,0.0000,0,0,空换,S,2167.0000,0.0000,0.0000,0.0000,0.0000,2187.0000,0.0000,0.0000,0.0000,0.0000,1,0,0,0,0,1,0,0,0,0
zc,WT211,2012-06-05 11:27:14.897,2163.0000,12,0,0.0000,0.0000,0,0,空换,S,2167.0000,0.0000,0.0000,0.0000,0.0000,2186.0000,0.0000,0.0000,0.0000,0.0000,1,0,0,0,0,1,0,0,0,0
zc,WT211,2012-06-05 11:27:22.100,2163.0000,12,0,0.0000,0.0000,0,0,空换,S,2168.0000,0.0000,0.0000,0.0000,0.0000,2186.0000,0.0000,0.0000,0.0000,0.0000,1,0,0,0,0,1,0,0,0,0
zc,WT211,2012-06-05 11:27:32.633,2163.0000,12,0,0.0000,0.0000,0,0,空换,S,2169.0000,0.0000,0.0000,0.0000,0.0000,2186.0000,0.0000,0.0000,0.0000,0.0000,1,0,0,0,0,1,0,0,0,0
zc,WT211,2012-06-05 11:27:47.397,2163.0000,12,0,0.0000,0.0000,0,0,空换,S,2170.0000,0.0000,0.0000,0.0000,0.0000,2186.0000,0.0000,0.0000,0.0000,0.0000,1,0,0,0,0,1,0,0,0,0
zc,WT211,2012-06-05 11:28:02.100,2163.0000,12,0,0.0000,0.0000,0,0,空换,S,2170.0000,0.0000,0.0000,0.0000,0.0000,2187.0000,0.0000,0.0000,0.0000,0.0000,1,0,0,0,0,1,0,0,0,0
zc,WT211,2012-06-05 11:28:05.367,2163.0000,12,0,0.0000,0.0000,0,0,空换,S,2171.0000,0.0000,0.0000,0.0000,0.0000,2187.0000,0.0000,0.0000,0.0000,0.0000,1,0,0,0,0,1,0,0,0,0
zc,WT211,2012-06-05 11:28:06.600,2163.0000,12,0,0.0000,0.0000,0,0,空换,S,2175.0000,0.0000,0.0000,0.0000,0.0000,2188.0000,0.0000,0.0000,0.0000,0.0000,1,0,0,0,0,1,0,0,0,0
zc,WT211,2012-06-05 11:28:11.867,2163.0000,12,0,0.0000,0.0000,0,0,空换,S,2171.0000,0.0000,0.0000,0.0000,0.0000,2188.0000,0.0000,0.0000,0.0000,0.0000,1,0,0,0,0,1,0,0,0,0
zc,WT211,2012-06-05 11:28:14.133,2163.0000,12,0,0.0000,0.0000,0,0,空换,S,2175.0000,0.0000,0.0000,0.0000,0.0000,2188.0000,0.0000,0.0000,0.0000,0.0000,1,0,0,0,0,1,0,0,0,0
zc,WT211,2012-06-05 11:28:39.617,2163.0000,12,0,0.0000,0.0000,0,0,空换,S,2171.0000,0.0000,0.0000,0.0000,0.0000,2188.0000,0.0000,0.0000,0.0000,0.0000,1,0,0,0,0,1,0,0,0,0
zc,WT211,2012-06-05 11:28:44.867,2163.0000,12,0,0.0000,0.0000,0,0,空换,S,2172.0000,0.0000,0.0000,0.0000,0.0000,2188.0000,0.0000,0.0000,0.0000,0.0000,1,0,0,0,0,1,0,0,0,0
zc,WT211,2012-06-05 11:28:47.350,2163.0000,12,0,0.0000,0.0000,0,0,空换,S,2174.0000,0.0000,0.0000,0.0000,0.0000,2188.0000,0.0000,0.0000,0.0000,0.0000,1,0,0,0,0,1,0,0,0,0
zc,WT211,2012-06-05 11:28:54.867,2163.0000,12,0,0.0000,0.0000,0,0,空换,S,2178.0000,0.0000,0.0000,0.0000,0.0000,2191.0000,0.0000,0.0000,0.0000,0.0000,1,0,0,0,0,1,0,0,0,0
zc,WT211,2012-06-05 11:28:55.443,2163.0000,12,0,0.0000,0.0000,0,0,空换,S,2174.0000,0.0000,0.0000,0.0000,0.0000,2191.0000,0.0000,0.0000,0.0000,0.0000,1,0,0,0,0,1,0,0,0,0
zc,WT211,2012-06-05 11:29:00.867,2163.0000,12,0,0.0000,0.0000,0,0,空换,S,2174.0000,0.0000,0.0000,0.0000,0.0000,2192.0000,0.0000,0.0000,0.0000,0.0000,1,0,0,0,0,1,0,0,0,0
zc,WT211,2012-06-05 11:29:01.600,2163.0000,12,0,0.0000,0.0000,0,0,空换,S,2174.0000,0.0000,0.0000,0.0000,0.0000,2190.0000,0.0000,0.0000,0.0000,0.0000,1,0,0,0,0,1,0,0,0,0
zc,WT211,2012-06-05 11:29:07.647,2163.0000,12,0,0.0000,0.0000,0,0,空换,S,2180.0000,0.0000,0.0000,0.0000,0.0000,2194.0000,0.0000,0.0000,0.0000,0.0000,1,0,0,0,0,1,0,0,0,0
zc,WT211,2012-06-05 11:29:12.350,2163.0000,12,0,0.0000,0.0000,0,0,空换,S,2174.0000,0.0000,0.0000,0.0000,0.0000,2194.0000,0.0000,0.0000,0.0000,0.0000,1,0,0,0,0,1,0,0,0,0
zc,WT211,2012-06-05 11:29:14.633,2163.0000,12,0,0.0000,0.0000,0,0,空换,S,2175.0000,0.0000,0.0000,0.0000,0.0000,2192.0000,0.0000,0.0000,0.0000,0.0000,1,0,0,0,0,1,0,0,0,0
zc,WT211,2012-06-05 11:29:15.163,2163.0000,12,0,0.0000,0.0000,0,0,空换,S,2174.0000,0.0000,0.0000,0.0000,0.0000,2192.0000,0.0000,0.0000,0.0000,0.0000,1,0,0,0,0,1,0,0,0,0
zc,WT211,2012-06-05 11:29:15.850,2163.0000,12,0,0.0000,0.0000,0,0,空换,S,2182.0000,0.0000,0.0000,0.0000,0.0000,2196.0000,0.0000,0.0000,0.0000,0.0000,1,0,0,0,0,1,0,0,0,0
zc,WT211,2012-06-05 11:29:21.633,2163.0000,12,0,0.0000,0.0000,0,0,空换,S,2174.0000,0.0000,0.0000,0.0000,0.0000,2194.0000,0.0000,0.0000,0.0000,0.0000,1,0,0,0,0,1,0,0,0,0
zc,WT211,2012-06-05 11:29:27.647,2163.0000,12,0,0.0000,0.0000,0,0,空换,S,2173.0000,0.0000,0.0000,0.0000,0.0000,2186.0000,0.0000,0.0000,0.0000,0.0000,1,0,0,0,0,1,0,0,0,0
zc,WT211,2012-06-05 11:29:28.117,2163.0000,12,0,0.0000,0.0000,0,0,空换,S,2174.0000,0.0000,0.0000,0.0000,0.0000,2196.0000,0.0000,0.0000,0.0000,0.0000,1,0,0,0,0,1,0,0,0,0
zc,WT211,2012-06-05 11:29:31.133,2163.0000,12,0,0.0000,0.0000,0,0,空换,S,2184.0000,0.0000,0.0000,0.0000,0.0000,2197.0000,0.0000,0.0000,0.0000,0.0000,1,0,0,0,0,1,0,0,0,0
zc,WT211,2012-06-05 11:29:37.383,2163.0000,12,0,0.0000,0.0000,0,0,空换,S,2174.0000,0.0000,0.0000,0.0000,0.0000,2196.0000,0.0000,0.0000,0.0000,0.0000,1,0,0,0,0,1,0,0,0,0
zc,WT211,2012-06-05 11:29:37.867,2163.0000,12,0,0.0000,0.0000,0,0,空换,S,2174.0000,0.0000,0.0000,0.0000,0.0000,2194.0000,0.0000,0.0000,0.0000,0.0000,1,0,0,0,0,1,0,0,0,0
zc,WT211,2012-06-05 11:29:38.383,2163.0000,12,0,0.0000,0.0000,0,0,空换,S,2175.0000,0.0000,0.0000,0.0000,0.0000,2194.0000,0.0000,0.0000,0.0000,0.0000,1,0,0,0,0,1,0,0,0,0
zc,WT211,2012-06-05 11:29:45.147,2163.0000,12,0,0.0000,0.0000,0,0,空换,S,2176.0000,0.0000,0.0000,0.0000,0.0000,2194.0000,0.0000,0.0000,0.0000,0.0000,1,0,0,0,0,1,0,0,0,0
zc,WT211,2012-06-05 11:29:53.883,2163.0000,12,0,0.0000,0.0000,0,0,空换,S,2184.0000,0.0000,0.0000,0.0000,0.0000,2197.0000,0.0000,0.0000,0.0000,0.0000,1,0,0,0,0,1,0,0,0,0
zc,WT211,2012-06-05 11:29:55.663,2163.0000,12,0,0.0000,0.0000,0,0,空换,S,2176.0000,0.0000,0.0000,0.0000,0.0000,2197.0000,0.0000,0.0000,0.0000,0.0000,1,0,0,0,0,1,0,0,0,0
zc,WT211,2012-06-05 11:29:59.163,2163.0000,12,0,0.0000,0.0000,0,0,空换,S,2177.0000,0.0000,0.0000,0.0000,0.0000,2197.0000,0.0000,0.0000,0.0000,0.0000,1,0,0,0,0,1,0,0,0,0
zc,WT211,2012-06-05 11:34:25.553,2163.0000,12,0,0.0000,0.0000,0,0,空换,S,2177.0000,0.0000,0.0000,0.0000,0.0000,2197.0000,0.0000,0.0000,0.0000,0.0000,1,0,0,0,0,1,0,0,0,0
zc,WT211,2012-06-05 11:36:25.553,2163.0000,12,0,0.0000,0.0000,0,0,空换,S,2177.0000,0.0000,0.0000,0.0000,0.0000,2197.0000,0.0000,0.0000,0.0000,0.0000,1,0,0,0,0,1,0,0,0,0
zc,WT211,2012-06-05 12:15:25.523,2163.0000,12,0,0.0000,0.0000,0,0,空换,S,2177.0000,0.0000,0.0000,0.0000,0.0000,2197.0000,0.0000,0.0000,0.0000,0.0000,1,0,0,0,0,1,0,0,0,0
zc,WT211,2012-06-05 12:35:25.490,2163.0000,12,0,0.0000,0.0000,0,0,空换,S,2177.0000,0.0000,0.0000,0.0000,0.0000,2197.0000,0.0000,0.0000,0.0000,0.0000,1,0,0,0,0,1,0,0,0,0
zc,WT211,2012-06-05 12:50:25.490,2163.0000,12,0,0.0000,0.0000,0,0,空换,S,2177.0000,0.0000,0.0000,0.0000,0.0000,2197.0000,0.0000,0.0000,0.0000,0.0000,1,0,0,0,0,1,0,0,0,0
zc,WT211,2012-06-05 12:51:25.490,2163.0000,12,0,0.0000,0.0000,0,0,空换,S,2177.0000,0.0000,0.0000,0.0000,0.0000,2197.0000,0.0000,0.0000,0.0000,0.0000,1,0,0,0,0,1,0,0,0,0
zc,WT211,2012-06-05 12:56:25.477,2163.0000,12,0,0.0000,0.0000,0,0,空换,S,2177.0000,0.0000,0.0000,0.0000,0.0000,2197.0000,0.0000,0.0000,0.0000,0.0000,1,0,0,0,0,1,0,0,0,0
zc,WT211,2012-06-05 13:05:25.477,2163.0000,12,0,0.0000,0.0000,0,0,空换,S,2177.0000,0.0000,0.0000,0.0000,0.0000,2197.0000,0.0000,0.0000,0.0000,0.0000,1,0,0,0,0,1,0,0,0,0
zc,WT211,2012-06-05 13:19:25.460,2163.0000,12,0,0.0000,0.0000,0,0,空换,S,2177.0000,0.0000,0.0000,0.0000,0.0000,2197.0000,0.0000,0.0000,0.0000,0.0000,1,0,0,0,0,1,0,0,0,0
zc,WT211,2012-06-05 13:23:25.443,2163.0000,12,0,0.0000,0.0000,0,0,空换,S,2177.0000,0.0000,0.0000,0.0000,0.0000,2197.0000,0.0000,0.0000,0.0000,0.0000,1,0,0,0,0,1,0,0,0,0
zc,WT211,2012-06-05 13:30:02.193,2163.0000,12,0,0.0000,0.0000,0,0,空换,S,2176.0000,0.0000,0.0000,0.0000,0.0000,2197.0000,0.0000,0.0000,0.0000,0.0000,1,0,0,0,0,1,0,0,0,0
zc,WT211,2012-06-05 13:30:03.163,2163.0000,12,0,0.0000,0.0000,0,0,空换,S,2177.0000,0.0000,0.0000,0.0000,0.0000,2197.0000,0.0000,0.0000,0.0000,0.0000,1,0,0,0,0,1,0,0,0,0
zc,WT211,2012-06-05 13:30:10.070,2163.0000,12,0,0.0000,0.0000,0,0,空换,S,2178.0000,0.0000,0.0000,0.0000,0.0000,2196.0000,0.0000,0.0000,0.0000,0.0000,1,0,0,0,0,1,0,0,0,0
zc,WT211,2012-06-05 13:30:19.523,2163.0000,12,0,0.0000,0.0000,0,0,空换,S,2179.0000,0.0000,0.0000,0.0000,0.0000,2196.0000,0.0000,0.0000,0.0000,0.0000,1,0,0,0,0,1,0,0,0,0
zc,WT211,2012-06-05 13:30:27.587,2163.0000,12,0,0.0000,0.0000,0,0,空换,S,2180.0000,0.0000,0.0000,0.0000,0.0000,2196.0000,0.0000,0.0000,0.0000,0.0000,1,0,0,0,0,1,0,0,0,0
zc,WT211,2012-06-05 13:30:38.070,2163.0000,12,0,0.0000,0.0000,0,0,空换,S,2179.0000,0.0000,0.0000,0.0000,0.0000,2196.0000,0.0000,0.0000,0.0000,0.0000,1,0,0,0,0,1,0,0,0,0
zc,WT211,2012-06-05 13:30:40.787,2163.0000,12,0,0.0000,0.0000,0,0,空换,S,2179.0000,0.0000,0.0000,0.0000,0.0000,2192.0000,0.0000,0.0000,0.0000,0.0000,1,0,0,0,0,1,0,0,0,0
zc,WT211,2012-06-05 13:30:41.523,2163.0000,12,0,0.0000,0.0000,0,0,空换,S,2180.0000,0.0000,0.0000,0.0000,0.0000,2196.0000,0.0000,0.0000,0.0000,0.0000,1,0,0,0,0,1,0,0,0,0
zc,WT211,2012-06-05 13:31:13.053,2163.0000,12,0,0.0000,0.0000,0,0,空换,S,2180.0000,0.0000,0.0000,0.0000,0.0000,2195.0000,0.0000,0.0000,0.0000,0.0000,1,0,0,0,0,1,0,0,0,0
zc,WT211,2012-06-05 13:31:17.507,2163.0000,12,0,0.0000,0.0000,0,0,空换,S,2180.0000,0.0000,0.0000,0.0000,0.0000,2196.0000,0.0000,0.0000,0.0000,0.0000,1,0,0,0,0,1,0,0,0,0
zc,WT211,2012-06-05 13:31:21.287,2163.0000,12,0,0.0000,0.0000,0,0,空换,S,2181.0000,0.0000,0.0000,0.0000,0.0000,2196.0000,0.0000,0.0000,0.0000,0.0000,1,0,0,0,0,1,0,0,0,0
zc,WT211,2012-06-05 13:31:26.727,2163.0000,12,0,0.0000,0.0000,0,0,空换,S,2181.0000,0.0000,0.0000,0.0000,0.0000,2197.0000,0.0000,0.0000,0.0000,0.0000,1,0,0,0,0,1,0,0,0,0
zc,WT211,2012-06-05 13:31:29.087,2163.0000,12,0,0.0000,0.0000,0,0,空换,S,2184.0000,0.0000,0.0000,0.0000,0.0000,2197.0000,0.0000,0.0000,0.0000,0.0000,1,0,0,0,0,1,0,0,0,0
zc,WT211,2012-06-05 13:32:24.990,2163.0000,12,0,0.0000,0.0000,0,0,空换,S,2181.0000,0.0000,0.0000,0.0000,0.0000,2197.0000,0.0000,0.0000,0.0000,0.0000,1,0,0,0,0,1,0,0,0,0
zc,WT211,2012-06-05 13:32:27.787,2163.0000,12,0,0.0000,0.0000,0,0,空换,S,2181.0000,0.0000,0.0000,0.0000,0.0000,2196.0000,0.0000,0.0000,0.0000,0.0000,1,0,0,0,0,1,0,0,0,0
zc,WT211,2012-06-05 13:33:19.757,2163.0000,12,0,0.0000,0.0000,0,0,空换,S,2182.0000,0.0000,0.0000,0.0000,0.0000,2196.0000,0.0000,0.0000,0.0000,0.0000,1,0,0,0,0,1,0,0,0,0
zc,WT211,2012-06-05 13:33:32.977,2163.0000,12,0,0.0000,0.0000,0,0,空换,S,2182.0000,0.0000,0.0000,0.0000,0.0000,2196.0000,0.0000,0.0000,0.0000,0.0000,1,0,0,0,0,1,0,0,0,0
zc,WT211,2012-06-05 13:33:36.507,2163.0000,12,0,0.0000,0.0000,0,0,空换,S,2181.0000,0.0000,0.0000,0.0000,0.0000,2196.0000,0.0000,0.0000,0.0000,0.0000,1,0,0,0,0,1,0,0,0,0
zc,WT211,2012-06-05 13:33:41.740,2163.0000,12,0,0.0000,0.0000,0,0,空换,S,2182.0000,0.0000,0.0000,0.0000,0.0000,2196.0000,0.0000,0.0000,0.0000,0.0000,1,0,0,0,0,1,0,0,0,0
zc,WT211,2012-06-05 13:33:47.507,2163.0000,12,0,0.0000,0.0000,0,0,空换,S,2180.0000,0.0000,0.0000,0.0000,0.0000,2193.0000,0.0000,0.0000,0.0000,0.0000,1,0,0,0,0,1,0,0,0,0
zc,WT211,2012-06-05 13:33:50.460,2163.0000,12,0,0.0000,0.0000,0,0,空换,S,2180.0000,0.0000,0.0000,0.0000,0.0000,2194.0000,0.0000,0.0000,0.0000,0.0000,1,0,0,0,0,1,0,0,0,0
zc,WT211,2012-06-05 13:33:56.757,2163.0000,12,0,0.0000,0.0000,0,0,空换,S,2181.0000,0.0000,0.0000,0.0000,0.0000,2194.0000,0.0000,0.0000,0.0000,0.0000,1,0,0,0,0,1,0,0,0,0
zc,WT211,2012-06-05 13:34:10.210,2163.0000,12,0,0.0000,0.0000,0,0,空换,S,2182.0000,0.0000,0.0000,0.0000,0.0000,2196.0000,0.0000,0.0000,0.0000,0.0000,1,0,0,0,0,1,0,0,0,0
zc,WT211,2012-06-05 13:34:19.990,2163.0000,12,0,0.0000,0.0000,0,0,空换,S,2182.0000,0.0000,0.0000,0.0000,0.0000,2195.0000,0.0000,0.0000,0.0000,0.0000,1,0,0,0,0,1,0,0,0,0
zc,WT211,2012-06-05 13:34:30.990,2163.0000,12,0,0.0000,0.0000,0,0,空换,S,2182.0000,0.0000,0.0000,0.0000,0.0000,2196.0000,0.0000,0.0000,0.0000,0.0000,1,0,0,0,0,1,0,0,0,0
zc,WT211,2012-06-05 13:34:31.523,2163.0000,12,0,0.0000,0.0000,0,0,空换,S,2181.0000,0.0000,0.0000,0.0000,0.0000,2194.0000,0.0000,0.0000,0.0000,0.0000,1,0,0,0,0,1,0,0,0,0
zc,WT211,2012-06-05 13:34:41.240,2163.0000,12,0,0.0000,0.0000,0,0,空换,S,2182.0000,0.0000,0.0000,0.0000,0.0000,2196.0000,0.0000,0.0000,0.0000,0.0000,1,0,0,0,0,1,0,0,0,0
zc,WT211,2012-06-05 13:34:53.740,2163.0000,12,0,0.0000,0.0000,0,0,空换,S,2182.0000,0.0000,0.0000,0.0000,0.0000,2195.0000,0.0000,0.0000,0.0000,0.0000,1,0,0,0,0,1,0,0,0,0
zc,WT211,2012-06-05 13:34:55.257,2163.0000,12,0,0.0000,0.0000,0,0,空换,S,2182.0000,0.0000,0.0000,0.0000,0.0000,2196.0000,0.0000,0.0000,0.0000,0.0000,1,0,0,0,0,1,0,0,0,0
zc,WT211,2012-06-05 13:35:19.990,2163.0000,12,0,0.0000,0.0000,0,0,空换,S,2181.0000,0.0000,0.0000,0.0000,0.0000,2196.0000,0.0000,0.0000,0.0000,0.0000,1,0,0,0,0,1,0,0,0,0
zc,WT211,2012-06-05 13:35:25.443,2163.0000,12,0,0.0000,0.0000,0,0,空换,S,2181.0000,0.0000,0.0000,0.0000,0.0000,2196.0000,0.0000,0.0000,0.0000,0.0000,1,0,0,0,0,1,0,0,0,0
zc,WT211,2012-06-05 13:35:36.787,2163.0000,12,0,0.0000,0.0000,0,0,空换,S,2180.0000,0.0000,0.0000,0.0000,0.0000,2196.0000,0.0000,0.0000,0.0000,0.0000,1,0,0,0,0,1,0,0,0,0
zc,WT211,2012-06-05 13:35:54.257,2163.0000,12,0,0.0000,0.0000,0,0,空换,S,2181.0000,0.0000,0.0000,0.0000,0.0000,2196.0000,0.0000,0.0000,0.0000,0.0000,1,0,0,0,0,1,0,0,0,0
zc,WT211,2012-06-05 13:36:09.303,2163.0000,12,0,0.0000,0.0000,0,0,空换,S,2181.0000,0.0000,0.0000,0.0000,0.0000,2195.0000,0.0000,0.0000,0.0000,0.0000,1,0,0,0,0,1,0,0,0,0
zc,WT211,2012-06-05 13:36:22.460,2163.0000,12,0,0.0000,0.0000,0,0,空换,S,2183.0000,0.0000,0.0000,0.0000,0.0000,2196.0000,0.0000,0.0000,0.0000,0.0000,1,0,0,0,0,1,0,0,0,0
zc,WT211,2012-06-05 13:36:29.740,2163.0000,12,0,0.0000,0.0000,0,0,空换,S,2181.0000,0.0000,0.0000,0.0000,0.0000,2195.0000,0.0000,0.0000,0.0000,0.0000,1,0,0,0,0,1,0,0,0,0
zc,WT211,2012-06-05 13:37:15.710,2163.0000,12,0,0.0000,0.0000,0,0,空换,S,2180.0000,0.0000,0.0000,0.0000,0.0000,2195.0000,0.0000,0.0000,0.0000,0.0000,1,0,0,0,0,1,0,0,0,0
zc,WT211,2012-06-05 13:37:54.240,2163.0000,12,0,0.0000,0.0000,0,0,空换,S,2181.0000,0.0000,0.0000,0.0000,0.0000,2195.0000,0.0000,0.0000,0.0000,0.0000,1,0,0,0,0,1,0,0,0,0
zc,WT211,2012-06-05 13:37:58.460,2163.0000,12,0,0.0000,0.0000,0,0,空换,S,2175.0000,0.0000,0.0000,0.0000,0.0000,2195.0000,0.0000,0.0000,0.0000,0.0000,1,0,0,0,0,1,0,0,0,0
zc,WT211,2012-06-05 13:38:04.990,2163.0000,12,0,0.0000,0.0000,0,0,空换,S,2176.0000,0.0000,0.0000,0.0000,0.0000,2195.0000,0.0000,0.0000,0.0000,0.0000,1,0,0,0,0,1,0,0,0,0
zc,WT211,2012-06-05 13:38:06.710,2163.0000,12,0,0.0000,0.0000,0,0,空换,S,2182.0000,0.0000,0.0000,0.0000,0.0000,2195.0000,0.0000,0.0000,0.0000,0.0000,1,0,0,0,0,1,0,0,0,0
zc,WT211,2012-06-05 13:38:12.490,2163.0000,12,0,0.0000,0.0000,0,0,空换,S,2177.0000,0.0000,0.0000,0.0000,0.0000,2191.0000,0.0000,0.0000,0.0000,0.0000,1,0,0,0,0,1,0,0,0,0
zc,WT211,2012-06-05 13:38:33.273,2163.0000,12,0,0.0000,0.0000,0,0,空换,S,2177.0000,0.0000,0.0000,0.0000,0.0000,2191.0000,0.0000,0.0000,0.0000,0.0000,1,0,0,0,0,1,0,0,0,0
zc,WT211,2012-06-05 13:38:38.477,2163.0000,12,0,0.0000,0.0000,0,0,空换,S,2177.0000,0.0000,0.0000,0.0000,0.0000,2194.0000,0.0000,0.0000,0.0000,0.0000,1,0,0,0,0,1,0,0,0,0
zc,WT211,2012-06-05 13:38:44.757,2163.0000,12,0,0.0000,0.0000,0,0,空换,S,2176.0000,0.0000,0.0000,0.0000,0.0000,2194.0000,0.0000,0.0000,0.0000,0.0000,1,0,0,0,0,1,0,0,0,0
zc,WT211,2012-06-05 13:38:49.757,2163.0000,12,0,0.0000,0.0000,0,0,空换,S,2182.0000,0.0000,0.0000,0.0000,0.0000,2195.0000,0.0000,0.0000,0.0000,0.0000,1,0,0,0,0,1,0,0,0,0
zc,WT211,2012-06-05 13:39:06.773,2163.0000,12,0,0.0000,0.0000,0,0,空换,S,2182.0000,0.0000,0.0000,0.0000,0.0000,2196.0000,0.0000,0.0000,0.0000,0.0000,1,0,0,0,0,1,0,0,0,0
zc,WT211,2012-06-05 13:39:10.977,2163.0000,12,0,0.0000,0.0000,0,0,空换,S,2183.0000,0.0000,0.0000,0.0000,0.0000,2196.0000,0.0000,0.0000,0.0000,0.0000,1,0,0,0,0,1,0,0,0,0
zc,WT211,2012-06-05 13:39:14.240,2163.0000,12,0,0.0000,0.0000,0,0,空换,S,2182.0000,0.0000,0.0000,0.0000,0.0000,2196.0000,0.0000,0.0000,0.0000,0.0000,1,0,0,0,0,1,0,0,0,0
zc,WT211,2012-06-05 13:39:17.740,2163.0000,12,0,0.0000,0.0000,0,0,空换,S,2182.0000,0.0000,0.0000,0.0000,0.0000,2197.0000,0.0000,0.0000,0.0000,0.0000,1,0,0,0,0,1,0,0,0,0
zc,WT211,2012-06-05 13:39:19.787,2163.0000,12,0,0.0000,0.0000,0,0,空换,S,2182.0000,0.0000,0.0000,0.0000,0.0000,2196.0000,0.0000,0.0000,0.0000,0.0000,1,0,0,0,0,1,0,0,0,0
zc,WT211,2012-06-05 13:39:21.460,2163.0000,12,0,0.0000,0.0000,0,0,空换,S,2182.0000,0.0000,0.0000,0.0000,0.0000,2197.0000,0.0000,0.0000,0.0000,0.0000,1,0,0,0,0,1,0,0,0,0
zc,WT211,2012-06-05 13:39:23.523,2163.0000,12,0,0.0000,0.0000,0,0,空换,S,2183.0000,0.0000,0.0000,0.0000,0.0000,2197.0000,0.0000,0.0000,0.0000,0.0000,1,0,0,0,0,1,0,0,0,0
zc,WT211,2012-06-05 13:39:26.773,2163.0000,12,0,0.0000,0.0000,0,0,空换,S,2182.0000,0.0000,0.0000,0.0000,0.0000,2197.0000,0.0000,0.0000,0.0000,0.0000,1,0,0,0,0,1,0,0,0,0
zc,WT211,2012-06-05 13:40:28.490,2163.0000,12,0,0.0000,0.0000,0,0,空换,S,2185.0000,0.0000,0.0000,0.0000,0.0000,2199.0000,0.0000,0.0000,0.0000,0.0000,1,0,0,0,0,1,0,0,0,0
zc,WT211,2012-06-05 13:41:43.273,2163.0000,12,0,0.0000,0.0000,0,0,空换,S,2182.0000,0.0000,0.0000,0.0000,0.0000,2199.0000,0.0000,0.0000,0.0000,0.0000,1,0,0,0,0,1,0,0,0,0
zc,WT211,2012-06-05 13:41:44.773,2163.0000,12,0,0.0000,0.0000,0,0,空换,S,2184.0000,0.0000,0.0000,0.0000,0.0000,2199.0000,0.0000,0.0000,0.0000,0.0000,1,0,0,0,0,1,0,0,0,0
zc,WT211,2012-06-05 13:41:53.257,2163.0000,12,0,0.0000,0.0000,0,0,空换,S,2184.0000,0.0000,0.0000,0.0000,0.0000,2198.0000,0.0000,0.0000,0.0000,0.0000,1,0,0,0,0,1,0,0,0,0
zc,WT211,2012-06-05 13:42:03.787,2163.0000,12,0,0.0000,0.0000,0,0,空换,S,2182.0000,0.0000,0.0000,0.0000,0.0000,2198.0000,0.0000,0.0000,0.0000,0.0000,1,0,0,0,0,1,0,0,0,0
zc,WT211,2012-06-05 13:42:04.990,2163.0000,12,0,0.0000,0.0000,0,0,空换,S,2183.0000,0.0000,0.0000,0.0000,0.0000,2198.0000,0.0000,0.0000,0.0000,0.0000,1,0,0,0,0,1,0,0,0,0
zc,WT211,2012-06-05 13:42:06.740,2163.0000,12,0,0.0000,0.0000,0,0,空换,S,2186.0000,0.0000,0.0000,0.0000,0.0000,2199.0000,0.0000,0.0000,0.0000,0.0000,1,0,0,0,0,1,0,0,0,0
zc,WT211,2012-06-05 13:42:25.430,2163.0000,12,0,0.0000,0.0000,0,0,空换,S,2186.0000,0.0000,0.0000,0.0000,0.0000,2199.0000,0.0000,0.0000,0.0000,0.0000,1,0,0,0,0,1,0,0,0,0
zc,WT211,2012-06-05 13:42:27.990,2163.0000,12,0,0.0000,0.0000,0,0,空换,S,2185.0000,0.0000,0.0000,0.0000,0.0000,2199.0000,0.0000,0.0000,0.0000,0.0000,1,0,0,0,0,1,0,0,0,0
