市场代码,合约代码,时间,最新,持仓,增仓,成交额,成交量,开仓,平仓,成交类型,方向,买一价,买二价,买三价,买四价,买五价,卖一价,卖二价,卖三价,卖四价,卖五价,买一量,买二量,买三量,买四量,买五量,卖一量,卖二量,卖三量,卖四量,卖五量
zc,TA209,2012-06-25 07:49:04.647,0.0000,431654,0,0.0000,0.0000,0,0,空换,S,0.0000,0.0000,0.0000,0.0000,0.0000,0.0000,0.0000,0.0000,0.0000,0.0000,0,0,0,0,0,0,0,0,0,0
zc,TA209,2012-06-25 07:54:47.630,0.0000,431654,0,0.0000,0.0000,0,0,空换,S,0.0000,0.0000,0.0000,0.0000,0.0000,0.0000,0.0000,0.0000,0.0000,0.0000,0,0,0,0,0,0,0,0,0,0
zc,TA209,2012-06-25 08:05:47.617,0.0000,431654,0,0.0000,0.0000,0,0,空换,S,0.0000,0.0000,0.0000,0.0000,0.0000,0.0000,0.0000,0.0000,0.0000,0.0000,0,0,0,0,0,0,0,0,0,0
zc,TA209,2012-06-25 08:09:47.617,0.0000,431654,0,0.0000,0.0000,0,0,空换,S,0.0000,0.0000,0.0000,0.0000,0.0000,0.0000,0.0000,0.0000,0.0000,0.0000,0,0,0,0,0,0,0,0,0,0
zc,TA209,2012-06-25 08:17:49.287,0.0000,431654,0,0.0000,0.0000,0,0,空换,S,0.0000,0.0000,0.0000,0.0000,0.0000,0.0000,0.0000,0.0000,0.0000,0.0000,0,0,0,0,0,0,0,0,0,0
zc,TA209,2012-06-25 08:18:49.287,0.0000,431654,0,0.0000,0.0000,0,0,空换,S,0.0000,0.0000,0.0000,0.0000,0.0000,0.0000,0.0000,0.0000,0.0000,0.0000,0,0,0,0,0,0,0,0,0,0
zc,TA209,2012-06-25 08:21:49.270,0.0000,431654,0,0.0000,0.0000,0,0,空换,S,0.0000,0.0000,0.0000,0.0000,0.0000,0.0000,0.0000,0.0000,0.0000,0.0000,0,0,0,0,0,0,0,0,0,0
zc,TA209,2012-06-25 08:31:49.303,0.0000,431654,0,0.0000,0.0000,0,0,空换,S,0.0000,0.0000,0.0000,0.0000,0.0000,0.0000,0.0000,0.0000,0.0000,0.0000,0,0,0,0,0,0,0,0,0,0
zc,TA209,2012-06-25 08:32:49.303,0.0000,431654,0,0.0000,0.0000,0,0,空换,S,0.0000,0.0000,0.0000,0.0000,0.0000,0.0000,0.0000,0.0000,0.0000,0.0000,0,0,0,0,0,0,0,0,0,0
zc,TA209,2012-06-25 08:40:49.037,0.0000,431654,0,0.0000,0.0000,0,0,空换,S,0.0000,0.0000,0.0000,0.0000,0.0000,0.0000,0.0000,0.0000,0.0000,0.0000,0,0,0,0,0,0,0,0,0,0
zc,TA209,2012-06-25 08:54:49.037,0.0000,431654,0,0.0000,0.0000,0,0,空换,S,0.0000,0.0000,0.0000,0.0000,0.0000,0.0000,0.0000,0.0000,0.0000,0.0000,0,0,0,0,0,0,0,0,0,0
zc,TA209,2012-06-25 08:55:00.803,0.0000,431654,0,0.0000,0.0000,0,0,空换,S,0.0000,0.0000,0.0000,0.0000,0.0000,0.0000,0.0000,0.0000,0.0000,0.0000,0,0,0,0,0,0,0,0,0,0
zc,TA209,2012-06-25 08:55:01.317,0.0000,431654,0,0.0000,0.0000,0,0,空换,S,0.0000,0.0000,0.0000,0.0000,0.0000,0.0000,0.0000,0.0000,0.0000,0.0000,0,0,0,0,0,0,0,0,0,0
zc,TA209,2012-06-25 08:55:01.817,0.0000,431654,0,0.0000,0.0000,0,0,空换,S,0.0000,0.0000,0.0000,0.0000,0.0000,0.0000,0.0000,0.0000,0.0000,0.0000,0,0,0,0,0,0,0,0,0,0
zc,TA209,2012-06-25 08:55:02.567,0.0000,431654,0,0.0000,0.0000,0,0,空换,S,0.0000,0.0000,0.0000,0.0000,0.0000,0.0000,0.0000,0.0000,0.0000,0.0000,0,0,0,0,0,0,0,0,0,0
zc,TA209,2012-06-25 08:55:05.303,0.0000,431654,0,0.0000,0.0000,0,0,空换,S,0.0000,0.0000,0.0000,0.0000,0.0000,0.0000,0.0000,0.0000,0.0000,0.0000,0,0,0,0,0,0,0,0,0,0
zc,TA209,2012-06-25 08:55:07.553,0.0000,431654,0,0.0000,0.0000,0,0,空换,S,0.0000,0.0000,0.0000,0.0000,0.0000,0.0000,0.0000,0.0000,0.0000,0.0000,0,0,0,0,0,0,0,0,0,0
zc,TA209,2012-06-25 08:55:09.303,0.0000,431654,0,0.0000,0.0000,0,0,空换,S,0.0000,0.0000,0.0000,0.0000,0.0000,0.0000,0.0000,0.0000,0.0000,0.0000,0,0,0,0,0,0,0,0,0,0
zc,TA209,2012-06-25 08:55:11.303,0.0000,431654,0,0.0000,0.0000,0,0,空换,S,0.0000,0.0000,0.0000,0.0000,0.0000,0.0000,0.0000,0.0000,0.0000,0.0000,0,0,0,0,0,0,0,0,0,0
zc,TA209,2012-06-25 08:55:13.537,0.0000,431654,0,0.0000,0.0000,0,0,空换,S,0.0000,0.0000,0.0000,0.0000,0.0000,0.0000,0.0000,0.0000,0.0000,0.0000,0,0,0,0,0,0,0,0,0,0
zc,TA209,2012-06-25 08:55:21.537,0.0000,431654,0,0.0000,0.0000,0,0,空换,S,0.0000,0.0000,0.0000,0.0000,0.0000,0.0000,0.0000,0.0000,0.0000,0.0000,0,0,0,0,0,0,0,0,0,0
zc,TA209,2012-06-25 08:55:27.537,0.0000,431654,0,0.0000,0.0000,0,0,空换,S,0.0000,0.0000,0.0000,0.0000,0.0000,0.0000,0.0000,0.0000,0.0000,0.0000,0,0,0,0,0,0,0,0,0,0
zc,TA209,2012-06-25 08:55:39.553,0.0000,431654,0,0.0000,0.0000,0,0,空换,S,0.0000,0.0000,0.0000,0.0000,0.0000,0.0000,0.0000,0.0000,0.0000,0.0000,0,0,0,0,0,0,0,0,0,0
zc,TA209,2012-06-25 08:55:53.553,0.0000,431654,0,0.0000,0.0000,0,0,空换,S,0.0000,0.0000,0.0000,0.0000,0.0000,0.0000,0.0000,0.0000,0.0000,0.0000,0,0,0,0,0,0,0,0,0,0
zc,TA209,2012-06-25 08:56:02.803,0.0000,431654,0,0.0000,0.0000,0,0,空换,S,0.0000,0.0000,0.0000,0.0000,0.0000,0.0000,0.0000,0.0000,0.0000,0.0000,0,0,0,0,0,0,0,0,0,0
zc,TA209,2012-06-25 08:56:03.537,0.0000,431654,0,0.0000,0.0000,0,0,空换,S,0.0000,0.0000,0.0000,0.0000,0.0000,0.0000,0.0000,0.0000,0.0000,0.0000,0,0,0,0,0,0,0,0,0,0
zc,TA209,2012-06-25 08:56:03.803,0.0000,431654,0,0.0000,0.0000,0,0,空换,S,0.0000,0.0000,0.0000,0.0000,0.0000,0.0000,0.0000,0.0000,0.0000,0.0000,0,0,0,0,0,0,0,0,0,0
zc,TA209,2012-06-25 08:56:08.287,0.0000,431654,0,0.0000,0.0000,0,0,空换,S,0.0000,0.0000,0.0000,0.0000,0.0000,0.0000,0.0000,0.0000,0.0000,0.0000,0,0,0,0,0,0,0,0,0,0
zc,TA209,2012-06-25 08:56:10.037,0.0000,431654,0,0.0000,0.0000,0,0,空换,S,0.0000,0.0000,0.0000,0.0000,0.0000,0.0000,0.0000,0.0000,0.0000,0.0000,0,0,0,0,0,0,0,0,0,0
zc,TA209,2012-06-25 08:56:10.537,0.0000,431654,0,0.0000,0.0000,0,0,空换,S,0.0000,0.0000,0.0000,0.0000,0.0000,0.0000,0.0000,0.0000,0.0000,0.0000,0,0,0,0,0,0,0,0,0,0
zc,TA209,2012-06-25 08:56:13.287,0.0000,431654,0,0.0000,0.0000,0,0,空换,S,0.0000,0.0000,0.0000,0.0000,0.0000,0.0000,0.0000,0.0000,0.0000,0.0000,0,0,0,0,0,0,0,0,0,0
zc,TA209,2012-06-25 08:56:18.537,0.0000,431654,0,0.0000,0.0000,0,0,空换,S,0.0000,0.0000,0.0000,0.0000,0.0000,0.0000,0.0000,0.0000,0.0000,0.0000,0,0,0,0,0,0,0,0,0,0
zc,TA209,2012-06-25 08:56:29.537,0.0000,431654,0,0.0000,0.0000,0,0,空换,S,0.0000,0.0000,0.0000,0.0000,0.0000,0.0000,0.0000,0.0000,0.0000,0.0000,0,0,0,0,0,0,0,0,0,0
zc,TA209,2012-06-25 08:56:29.787,0.0000,431654,0,0.0000,0.0000,0,0,空换,S,0.0000,0.0000,0.0000,0.0000,0.0000,0.0000,0.0000,0.0000,0.0000,0.0000,0,0,0,0,0,0,0,0,0,0
zc,TA209,2012-06-25 08:56:30.537,0.0000,431654,0,0.0000,0.0000,0,0,空换,S,0.0000,0.0000,0.0000,0.0000,0.0000,0.0000,0.0000,0.0000,0.0000,0.0000,0,0,0,0,0,0,0,0,0,0
zc,TA209,2012-06-25 08:56:31.537,0.0000,431654,0,0.0000,0.0000,0,0,空换,S,0.0000,0.0000,0.0000,0.0000,0.0000,0.0000,0.0000,0.0000,0.0000,0.0000,0,0,0,0,0,0,0,0,0,0
zc,TA209,2012-06-25 08:56:33.287,0.0000,431654,0,0.0000,0.0000,0,0,空换,S,0.0000,0.0000,0.0000,0.0000,0.0000,0.0000,0.0000,0.0000,0.0000,0.0000,0,0,0,0,0,0,0,0,0,0
zc,TA209,2012-06-25 08:56:49.067,0.0000,431654,0,0.0000,0.0000,0,0,空换,S,0.0000,0.0000,0.0000,0.0000,0.0000,0.0000,0.0000,0.0000,0.0000,0.0000,0,0,0,0,0,0,0,0,0,0
zc,TA209,2012-06-25 08:56:51.053,0.0000,431654,0,0.0000,0.0000,0,0,空换,S,0.0000,0.0000,0.0000,0.0000,0.0000,0.0000,0.0000,0.0000,0.0000,0.0000,0,0,0,0,0,0,0,0,0,0
zc,TA209,2012-06-25 08:56:56.037,0.0000,431654,0,0.0000,0.0000,0,0,空换,S,0.0000,0.0000,0.0000,0.0000,0.0000,0.0000,0.0000,0.0000,0.0000,0.0000,0,0,0,0,0,0,0,0,0,0
zc,TA209,2012-06-25 08:57:03.787,0.0000,431654,0,0.0000,0.0000,0,0,空换,S,0.0000,0.0000,0.0000,0.0000,0.0000,0.0000,0.0000,0.0000,0.0000,0.0000,0,0,0,0,0,0,0,0,0,0
zc,TA209,2012-06-25 08:57:18.037,0.0000,431654,0,0.0000,0.0000,0,0,空换,S,0.0000,0.0000,0.0000,0.0000,0.0000,0.0000,0.0000,0.0000,0.0000,0.0000,0,0,0,0,0,0,0,0,0,0
zc,TA209,2012-06-25 08:57:19.037,0.0000,431654,0,0.0000,0.0000,0,0,空换,S,0.0000,0.0000,0.0000,0.0000,0.0000,0.0000,0.0000,0.0000,0.0000,0.0000,0,0,0,0,0,0,0,0,0,0
zc,TA209,2012-06-25 08:57:24.053,0.0000,431654,0,0.0000,0.0000,0,0,空换,S,0.0000,0.0000,0.0000,0.0000,0.0000,0.0000,0.0000,0.0000,0.0000,0.0000,0,0,0,0,0,0,0,0,0,0
zc,TA209,2012-06-25 08:57:42.287,0.0000,431654,0,0.0000,0.0000,0,0,空换,S,0.0000,0.0000,0.0000,0.0000,0.0000,0.0000,0.0000,0.0000,0.0000,0.0000,0,0,0,0,0,0,0,0,0,0
zc,TA209,2012-06-25 08:57:49.287,0.0000,431654,0,0.0000,0.0000,0,0,空换,S,0.0000,0.0000,0.0000,0.0000,0.0000,0.0000,0.0000,0.0000,0.0000,0.0000,0,0,0,0,0,0,0,0,0,0
zc,TA209,2012-06-25 08:57:57.037,0.0000,431654,0,0.0000,0.0000,0,0,空换,S,0.0000,0.0000,0.0000,0.0000,0.0000,0.0000,0.0000,0.0000,0.0000,0.0000,0,0,0,0,0,0,0,0,0,0
zc,TA209,2012-06-25 08:57:59.803,0.0000,431654,0,0.0000,0.0000,0,0,空换,S,0.0000,0.0000,0.0000,0.0000,0.0000,0.0000,0.0000,0.0000,0.0000,0.0000,0,0,0,0,0,0,0,0,0,0
zc,TA209,2012-06-25 08:58:02.037,0.0000,431654,0,0.0000,0.0000,0,0,空换,S,0.0000,0.0000,0.0000,0.0000,0.0000,0.0000,0.0000,0.0000,0.0000,0.0000,0,0,0,0,0,0,0,0,0,0
zc,TA209,2012-06-25 08:58:04.303,0.0000,431654,0,0.0000,0.0000,0,0,空换,S,0.0000,0.0000,0.0000,0.0000,0.0000,0.0000,0.0000,0.0000,0.0000,0.0000,0,0,0,0,0,0,0,0,0,0
zc,TA209,2012-06-25 08:58:05.287,0.0000,431654,0,0.0000,0.0000,0,0,空换,S,0.0000,0.0000,0.0000,0.0000,0.0000,0.0000,0.0000,0.0000,0.0000,0.0000,0,0,0,0,0,0,0,0,0,0
zc,TA209,2012-06-25 08:58:08.037,0.0000,431654,0,0.0000,0.0000,0,0,空换,S,0.0000,0.0000,0.0000,0.0000,0.0000,0.0000,0.0000,0.0000,0.0000,0.0000,0,0,0,0,0,0,0,0,0,0
zc,TA209,2012-06-25 08:58:11.287,0.0000,431654,0,0.0000,0.0000,0,0,空换,S,0.0000,0.0000,0.0000,0.0000,0.0000,0.0000,0.0000,0.0000,0.0000,0.0000,0,0,0,0,0,0,0,0,0,0
zc,TA209,2012-06-25 08:58:33.053,0.0000,431654,0,0.0000,0.0000,0,0,空换,S,0.0000,0.0000,0.0000,0.0000,0.0000,0.0000,0.0000,0.0000,0.0000,0.0000,0,0,0,0,0,0,0,0,0,0
zc,TA209,2012-06-25 08:58:43.553,0.0000,431654,0,0.0000,0.0000,0,0,空换,S,0.0000,0.0000,0.0000,0.0000,0.0000,0.0000,0.0000,0.0000,0.0000,0.0000,0,0,0,0,0,0,0,0,0,0
zc,TA209,2012-06-25 08:58:51.553,0.0000,431654,0,0.0000,0.0000,0,0,空换,S,0.0000,0.0000,0.0000,0.0000,0.0000,0.0000,0.0000,0.0000,0.0000,0.0000,0,0,0,0,0,0,0,0,0,0
zc,TA209,2012-06-25 08:58:54.053,0.0000,431654,0,0.0000,0.0000,0,0,空换,S,0.0000,0.0000,0.0000,0.0000,0.0000,0.0000,0.0000,0.0000,0.0000,0.0000,0,0,0,0,0,0,0,0,0,0
zc,TA209,2012-06-25 08:59:02.223,7032.0000,432132,478,0.0000,3976.0000,2227,1749,多开,B,7030.0000,0.0000,0.0000,0.0000,0.0000,7032.0000,0.0000,0.0000,0.0000,0.0000,38,0,0,0,0,169,0,0,0,0
zc,TA209,2012-06-25 09:00:01.443,7022.0000,432822,690,0.0000,1516.0000,1103,413,空开,S,7022.0000,0.0000,0.0000,0.0000,0.0000,7030.0000,0.0000,0.0000,0.0000,0.0000,16,0,0,0,0,69,0,0,0,0
zc,TA209,2012-06-25 09:00:02.740,7016.0000,433998,1176,0.0000,3512.0000,2344,1168,空开,S,7016.0000,0.0000,0.0000,0.0000,0.0000,7020.0000,0.0000,0.0000,0.0000,0.0000,1,0,0,0,0,1,0,0,0,0
zc,TA209,2012-06-25 09:00:04.740,7012.0000,434076,78,0.0000,1252.0000,665,587,空开,S,7010.0000,0.0000,0.0000,0.0000,0.0000,7012.0000,0.0000,0.0000,0.0000,0.0000,177,0,0,0,0,454,0,0,0,0
zc,TA209,2012-06-25 09:00:05.460,7028.0000,433190,-886,0.0000,2224.0000,669,1555,空平,B,7028.0000,0.0000,0.0000,0.0000,0.0000,7030.0000,0.0000,0.0000,0.0000,0.0000,34,0,0,0,0,476,0,0,0,0
zc,TA209,2012-06-25 09:00:06.460,7028.0000,433078,-112,0.0000,254.0000,71,183,空平,B,7028.0000,0.0000,0.0000,0.0000,0.0000,7030.0000,0.0000,0.0000,0.0000,0.0000,5,0,0,0,0,451,0,0,0,0
zc,TA209,2012-06-25 09:00:06.973,7020.0000,433252,174,0.0000,1184.0000,679,505,空开,S,7022.0000,0.0000,0.0000,0.0000,0.0000,7028.0000,0.0000,0.0000,0.0000,0.0000,1,0,0,0,0,29,0,0,0,0
zc,TA209,2012-06-25 09:00:07.710,7030.0000,433224,-28,0.0000,198.0000,85,113,空平,B,7026.0000,0.0000,0.0000,0.0000,0.0000,7030.0000,0.0000,0.0000,0.0000,0.0000,3,0,0,0,0,416,0,0,0,0
zc,TA209,2012-06-25 09:00:08.177,7028.0000,433852,628,0.0000,724.0000,676,48,空开,S,7028.0000,0.0000,0.0000,0.0000,0.0000,7030.0000,0.0000,0.0000,0.0000,0.0000,14,0,0,0,0,132,0,0,0,0
zc,TA209,2012-06-25 09:00:08.927,7026.0000,433848,-4,0.0000,134.0000,65,69,多平,S,7026.0000,0.0000,0.0000,0.0000,0.0000,7030.0000,0.0000,0.0000,0.0000,0.0000,73,0,0,0,0,153,0,0,0,0
zc,TA209,2012-06-25 09:00:09.427,7028.0000,433902,54,0.0000,106.0000,80,26,多开,B,7026.0000,0.0000,0.0000,0.0000,0.0000,7028.0000,0.0000,0.0000,0.0000,0.0000,118,0,0,0,0,169,0,0,0,0
zc,TA209,2012-06-25 09:00:10.427,7028.0000,433934,32,0.0000,236.0000,134,102,多开,B,7026.0000,0.0000,0.0000,0.0000,0.0000,7028.0000,0.0000,0.0000,0.0000,0.0000,103,0,0,0,0,80,0,0,0,0
zc,TA209,2012-06-25 09:00:10.927,7028.0000,434014,80,0.0000,318.0000,199,119,多开,B,7028.0000,0.0000,0.0000,0.0000,0.0000,7030.0000,0.0000,0.0000,0.0000,0.0000,1,0,0,0,0,137,0,0,0,0
zc,TA209,2012-06-25 09:00:11.913,7028.0000,434038,24,0.0000,172.0000,98,74,多开,B,7028.0000,0.0000,0.0000,0.0000,0.0000,7030.0000,0.0000,0.0000,0.0000,0.0000,77,0,0,0,0,95,0,0,0,0
zc,TA209,2012-06-25 09:00:12.413,7026.0000,434428,390,0.0000,728.0000,559,169,空开,S,7026.0000,0.0000,0.0000,0.0000,0.0000,7030.0000,0.0000,0.0000,0.0000,0.0000,29,0,0,0,0,82,0,0,0,0
zc,TA209,2012-06-25 09:00:12.897,7032.0000,434470,42,0.0000,578.0000,310,268,多开,B,7030.0000,0.0000,0.0000,0.0000,0.0000,7032.0000,0.0000,0.0000,0.0000,0.0000,830,0,0,0,0,688,0,0,0,0
zc,TA209,2012-06-25 09:00:13.677,7030.0000,434442,-28,0.0000,176.0000,74,102,多平,S,7030.0000,0.0000,0.0000,0.0000,0.0000,7032.0000,0.0000,0.0000,0.0000,0.0000,774,0,0,0,0,663,0,0,0,0
zc,TA209,2012-06-25 09:00:14.427,7030.0000,434624,182,0.0000,414.0000,298,116,空开,S,7030.0000,0.0000,0.0000,0.0000,0.0000,7032.0000,0.0000,0.0000,0.0000,0.0000,752,0,0,0,0,533,0,0,0,0
zc,TA209,2012-06-25 09:00:15.177,7032.0000,434670,46,0.0000,538.0000,292,246,多开,B,7030.0000,0.0000,0.0000,0.0000,0.0000,7032.0000,0.0000,0.0000,0.0000,0.0000,669,0,0,0,0,466,0,0,0,0
zc,TA209,2012-06-25 09:00:15.693,7032.0000,434740,70,0.0000,116.0000,93,23,多开,B,7030.0000,0.0000,0.0000,0.0000,0.0000,7032.0000,0.0000,0.0000,0.0000,0.0000,682,0,0,0,0,411,0,0,0,0
zc,TA209,2012-06-25 09:00:16.427,7032.0000,435096,356,0.0000,434.0000,395,39,多开,B,7030.0000,0.0000,0.0000,0.0000,0.0000,7032.0000,0.0000,0.0000,0.0000,0.0000,740,0,0,0,0,198,0,0,0,0
zc,TA209,2012-06-25 09:00:17.460,7034.0000,435300,204,0.0000,422.0000,313,109,多开,B,7032.0000,0.0000,0.0000,0.0000,0.0000,7034.0000,0.0000,0.0000,0.0000,0.0000,462,0,0,0,0,206,0,0,0,0
zc,TA209,2012-06-25 09:00:18.177,7034.0000,435192,-108,0.0000,182.0000,37,145,空平,B,7032.0000,0.0000,0.0000,0.0000,0.0000,7034.0000,0.0000,0.0000,0.0000,0.0000,530,0,0,0,0,148,0,0,0,0
zc,TA209,2012-06-25 09:00:18.693,7036.0000,435158,-34,0.0000,366.0000,166,200,空平,B,7032.0000,0.0000,0.0000,0.0000,0.0000,7036.0000,0.0000,0.0000,0.0000,0.0000,528,0,0,0,0,189,0,0,0,0
zc,TA209,2012-06-25 09:00:19.460,7036.0000,435242,84,0.0000,216.0000,150,66,多开,B,7034.0000,0.0000,0.0000,0.0000,0.0000,7036.0000,0.0000,0.0000,0.0000,0.0000,93,0,0,0,0,83,0,0,0,0
zc,TA209,2012-06-25 09:00:19.943,7038.0000,435284,42,0.0000,200.0000,121,79,多开,B,7036.0000,0.0000,0.0000,0.0000,0.0000,7038.0000,0.0000,0.0000,0.0000,0.0000,26,0,0,0,0,899,0,0,0,0
zc,TA209,2012-06-25 09:00:20.693,7038.0000,435428,144,0.0000,202.0000,173,29,多开,B,7036.0000,0.0000,0.0000,0.0000,0.0000,7038.0000,0.0000,0.0000,0.0000,0.0000,92,0,0,0,0,844,0,0,0,0
zc,TA209,2012-06-25 09:00:21.163,7036.0000,435416,-12,0.0000,278.0000,133,145,多平,S,7036.0000,0.0000,0.0000,0.0000,0.0000,7038.0000,0.0000,0.0000,0.0000,0.0000,353,0,0,0,0,804,0,0,0,0
zc,TA209,2012-06-25 09:00:22.210,7038.0000,435350,-66,0.0000,522.0000,228,294,空平,B,7036.0000,0.0000,0.0000,0.0000,0.0000,7038.0000,0.0000,0.0000,0.0000,0.0000,326,0,0,0,0,605,0,0,0,0
zc,TA209,2012-06-25 09:00:22.710,7036.0000,435348,-2,0.0000,162.0000,80,82,多平,S,7036.0000,0.0000,0.0000,0.0000,0.0000,7038.0000,0.0000,0.0000,0.0000,0.0000,307,0,0,0,0,543,0,0,0,0
zc,TA209,2012-06-25 09:00:23.460,7038.0000,435010,-338,0.0000,846.0000,254,592,空平,B,7034.0000,0.0000,0.0000,0.0000,0.0000,7036.0000,0.0000,0.0000,0.0000,0.0000,402,0,0,0,0,25,0,0,0,0
zc,TA209,2012-06-25 09:00:24.210,7036.0000,435030,20,0.0000,246.0000,133,113,空开,S,7034.0000,0.0000,0.0000,0.0000,0.0000,7036.0000,0.0000,0.0000,0.0000,0.0000,498,0,0,0,0,84,0,0,0,0
zc,TA209,2012-06-25 09:00:24.927,7038.0000,435076,46,0.0000,420.0000,233,187,多开,B,7036.0000,0.0000,0.0000,0.0000,0.0000,7038.0000,0.0000,0.0000,0.0000,0.0000,64,0,0,0,0,223,0,0,0,0
zc,TA209,2012-06-25 09:00:25.427,7038.0000,435146,70,0.0000,122.0000,96,26,多开,B,7036.0000,0.0000,0.0000,0.0000,0.0000,7038.0000,0.0000,0.0000,0.0000,0.0000,93,0,0,0,0,190,0,0,0,0
zc,TA209,2012-06-25 09:00:26.210,7038.0000,435310,164,0.0000,332.0000,248,84,多开,B,7038.0000,0.0000,0.0000,0.0000,0.0000,7040.0000,0.0000,0.0000,0.0000,0.0000,3,0,0,0,0,655,0,0,0,0
zc,TA209,2012-06-25 09:00:26.677,7038.0000,435218,-92,0.0000,152.0000,30,122,空平,B,7036.0000,0.0000,0.0000,0.0000,0.0000,7038.0000,0.0000,0.0000,0.0000,0.0000,165,0,0,0,0,31,0,0,0,0
zc,TA209,2012-06-25 09:00:27.663,7038.0000,435238,20,0.0000,262.0000,141,121,多开,B,7036.0000,0.0000,0.0000,0.0000,0.0000,7038.0000,0.0000,0.0000,0.0000,0.0000,90,0,0,0,0,14,0,0,0,0
zc,TA209,2012-06-25 09:00:27.927,7038.0000,435198,-40,0.0000,112.0000,36,76,空平,B,7036.0000,0.0000,0.0000,0.0000,0.0000,7038.0000,0.0000,0.0000,0.0000,0.0000,223,0,0,0,0,131,0,0,0,0
zc,TA209,2012-06-25 09:00:28.677,7038.0000,434918,-280,0.0000,548.0000,134,414,空平,B,7038.0000,0.0000,0.0000,0.0000,0.0000,7040.0000,0.0000,0.0000,0.0000,0.0000,15,0,0,0,0,713,0,0,0,0
zc,TA209,2012-06-25 09:00:29.427,7040.0000,434976,58,0.0000,352.0000,205,147,多开,B,7038.0000,0.0000,0.0000,0.0000,0.0000,7040.0000,0.0000,0.0000,0.0000,0.0000,31,0,0,0,0,707,0,0,0,0
zc,TA209,2012-06-25 09:00:30.130,7038.0000,434982,6,0.0000,10.0000,8,2,空开,S,7038.0000,0.0000,0.0000,0.0000,0.0000,7040.0000,0.0000,0.0000,0.0000,0.0000,65,0,0,0,0,707,0,0,0,0
zc,TA209,2012-06-25 09:00:30.630,7040.0000,434984,2,0.0000,116.0000,59,57,多开,B,7038.0000,0.0000,0.0000,0.0000,0.0000,7040.0000,0.0000,0.0000,0.0000,0.0000,235,0,0,0,0,707,0,0,0,0
zc,TA209,2012-06-25 09:00:31.413,7040.0000,434994,10,0.0000,206.0000,108,98,多开,B,7038.0000,0.0000,0.0000,0.0000,0.0000,7040.0000,0.0000,0.0000,0.0000,0.0000,155,0,0,0,0,689,0,0,0,0
zc,TA209,2012-06-25 09:00:31.927,7040.0000,435060,66,0.0000,314.0000,190,124,多开,B,7038.0000,0.0000,0.0000,0.0000,0.0000,7040.0000,0.0000,0.0000,0.0000,0.0000,157,0,0,0,0,541,0,0,0,0
zc,TA209,2012-06-25 09:00:32.647,7040.0000,435086,26,0.0000,182.0000,104,78,多开,B,7038.0000,0.0000,0.0000,0.0000,0.0000,7040.0000,0.0000,0.0000,0.0000,0.0000,185,0,0,0,0,455,0,0,0,0
zc,TA209,2012-06-25 09:00:32.943,7038.0000,435124,38,0.0000,548.0000,293,255,空开,S,7036.0000,0.0000,0.0000,0.0000,0.0000,7038.0000,0.0000,0.0000,0.0000,0.0000,162,0,0,0,0,37,0,0,0,0
zc,TA209,2012-06-25 09:00:33.663,7040.0000,435750,626,0.0000,660.0000,643,17,多开,B,7038.0000,0.0000,0.0000,0.0000,0.0000,7040.0000,0.0000,0.0000,0.0000,0.0000,507,0,0,0,0,155,0,0,0,0
zc,TA209,2012-06-25 09:00:34.193,7040.0000,436022,272,0.0000,360.0000,316,44,多开,B,7040.0000,0.0000,0.0000,0.0000,0.0000,7042.0000,0.0000,0.0000,0.0000,0.0000,20,0,0,0,0,50,0,0,0,0
zc,TA209,2012-06-25 09:00:34.913,7040.0000,436032,10,0.0000,44.0000,27,17,多开,B,7040.0000,0.0000,0.0000,0.0000,0.0000,7042.0000,0.0000,0.0000,0.0000,0.0000,74,0,0,0,0,52,0,0,0,0
zc,TA209,2012-06-25 09:00:35.617,7040.0000,436058,26,0.0000,190.0000,108,82,多开,B,7040.0000,0.0000,0.0000,0.0000,0.0000,7042.0000,0.0000,0.0000,0.0000,0.0000,221,0,0,0,0,28,0,0,0,0
zc,TA209,2012-06-25 09:00:36.460,7042.0000,436002,-56,0.0000,118.0000,31,87,空平,B,7042.0000,0.0000,0.0000,0.0000,0.0000,7044.0000,0.0000,0.0000,0.0000,0.0000,89,0,0,0,0,40,0,0,0,0
zc,TA209,2012-06-25 09:00:36.897,7042.0000,436122,120,0.0000,332.0000,226,106,多开,B,7042.0000,0.0000,0.0000,0.0000,0.0000,7044.0000,0.0000,0.0000,0.0000,0.0000,15,0,0,0,0,83,0,0,0,0
zc,TA209,2012-06-25 09:00:37.630,7044.0000,436126,4,0.0000,24.0000,14,10,多开,B,7042.0000,0.0000,0.0000,0.0000,0.0000,7044.0000,0.0000,0.0000,0.0000,0.0000,37,0,0,0,0,192,0,0,0,0
zc,TA209,2012-06-25 09:00:38.177,7044.0000,436098,-28,0.0000,214.0000,93,121,空平,B,7042.0000,0.0000,0.0000,0.0000,0.0000,7044.0000,0.0000,0.0000,0.0000,0.0000,53,0,0,0,0,167,0,0,0,0
zc,TA209,2012-06-25 09:00:38.913,7042.0000,435956,-142,0.0000,198.0000,28,170,多平,S,7042.0000,0.0000,0.0000,0.0000,0.0000,7044.0000,0.0000,0.0000,0.0000,0.0000,35,0,0,0,0,85,0,0,0,0
zc,TA209,2012-06-25 09:00:39.630,7044.0000,435950,-6,0.0000,182.0000,88,94,空平,B,7044.0000,0.0000,0.0000,0.0000,0.0000,7046.0000,0.0000,0.0000,0.0000,0.0000,127,0,0,0,0,12,0,0,0,0
zc,TA209,2012-06-25 09:00:40.380,7046.0000,435966,16,0.0000,54.0000,35,19,多开,B,7044.0000,0.0000,0.0000,0.0000,0.0000,7046.0000,0.0000,0.0000,0.0000,0.0000,205,0,0,0,0,13,0,0,0,0
zc,TA209,2012-06-25 09:00:40.913,7046.0000,435954,-12,0.0000,172.0000,80,92,空平,B,7046.0000,0.0000,0.0000,0.0000,0.0000,7048.0000,0.0000,0.0000,0.0000,0.0000,36,0,0,0,0,39,0,0,0,0
zc,TA209,2012-06-25 09:00:41.367,7048.0000,436052,98,0.0000,134.0000,116,18,多开,B,7046.0000,0.0000,0.0000,0.0000,0.0000,7048.0000,0.0000,0.0000,0.0000,0.0000,293,0,0,0,0,37,0,0,0,0
zc,TA209,2012-06-25 09:00:42.413,7050.0000,436180,128,0.0000,294.0000,211,83,多开,B,7048.0000,0.0000,0.0000,0.0000,0.0000,7050.0000,0.0000,0.0000,0.0000,0.0000,9,0,0,0,0,1099,0,0,0,0
zc,TA209,2012-06-25 09:00:43.130,7050.0000,436238,58,0.0000,192.0000,125,67,多开,B,7048.0000,0.0000,0.0000,0.0000,0.0000,7050.0000,0.0000,0.0000,0.0000,0.0000,36,0,0,0,0,1004,0,0,0,0
zc,TA209,2012-06-25 09:00:43.663,7046.0000,436286,48,0.0000,236.0000,142,94,空开,S,7046.0000,0.0000,0.0000,0.0000,0.0000,7048.0000,0.0000,0.0000,0.0000,0.0000,305,0,0,0,0,123,0,0,0,0
zc,TA209,2012-06-25 09:00:44.427,7046.0000,436288,2,0.0000,296.0000,149,147,空开,S,7046.0000,0.0000,0.0000,0.0000,0.0000,7048.0000,0.0000,0.0000,0.0000,0.0000,306,0,0,0,0,225,0,0,0,0
zc,TA209,2012-06-25 09:00:44.850,7046.0000,436258,-30,0.0000,158.0000,64,94,多平,S,7046.0000,0.0000,0.0000,0.0000,0.0000,7048.0000,0.0000,0.0000,0.0000,0.0000,268,0,0,0,0,389,0,0,0,0
zc,TA209,2012-06-25 09:00:45.630,7046.0000,436186,-72,0.0000,572.0000,250,322,多平,S,7046.0000,0.0000,0.0000,0.0000,0.0000,7048.0000,0.0000,0.0000,0.0000,0.0000,143,0,0,0,0,218,0,0,0,0
zc,TA209,2012-06-25 09:00:46.130,7046.0000,436218,32,0.0000,202.0000,117,85,空开,S,7046.0000,0.0000,0.0000,0.0000,0.0000,7048.0000,0.0000,0.0000,0.0000,0.0000,136,0,0,0,0,166,0,0,0,0
zc,TA209,2012-06-25 09:00:46.867,7046.0000,436482,264,0.0000,558.0000,411,147,空开,S,7046.0000,0.0000,0.0000,0.0000,0.0000,7048.0000,0.0000,0.0000,0.0000,0.0000,67,0,0,0,0,101,0,0,0,0
zc,TA209,2012-06-25 09:00:47.380,7046.0000,436520,38,0.0000,130.0000,84,46,空开,S,7046.0000,0.0000,0.0000,0.0000,0.0000,7048.0000,0.0000,0.0000,0.0000,0.0000,46,0,0,0,0,75,0,0,0,0
zc,TA209,2012-06-25 09:00:48.130,7046.0000,436648,128,0.0000,148.0000,138,10,空开,S,7046.0000,0.0000,0.0000,0.0000,0.0000,7048.0000,0.0000,0.0000,0.0000,0.0000,27,0,0,0,0,26,0,0,0,0
zc,TA209,2012-06-25 09:00:48.617,7048.0000,436690,42,0.0000,68.0000,55,13,多开,B,7048.0000,0.0000,0.0000,0.0000,0.0000,7050.0000,0.0000,0.0000,0.0000,0.0000,36,0,0,0,0,989,0,0,0,0
zc,TA209,2012-06-25 09:00:49.443,7048.0000,436708,18,0.0000,92.0000,55,37,多开,B,7046.0000,0.0000,0.0000,0.0000,0.0000,7048.0000,0.0000,0.0000,0.0000,0.0000,36,0,0,0,0,73,0,0,0,0
zc,TA209,2012-06-25 09:00:49.897,7046.0000,436744,36,0.0000,474.0000,255,219,空开,S,7044.0000,0.0000,0.0000,0.0000,0.0000,7046.0000,0.0000,0.0000,0.0000,0.0000,242,0,0,0,0,332,0,0,0,0
zc,TA209,2012-06-25 09:00:50.600,7046.0000,436810,66,0.0000,80.0000,73,7,空开,S,7044.0000,0.0000,0.0000,0.0000,0.0000,7046.0000,0.0000,0.0000,0.0000,0.0000,240,0,0,0,0,293,0,0,0,0
zc,TA209,2012-06-25 09:00:51.397,7046.0000,436834,24,0.0000,42.0000,33,9,空开,S,7044.0000,0.0000,0.0000,0.0000,0.0000,7046.0000,0.0000,0.0000,0.0000,0.0000,228,0,0,0,0,242,0,0,0,0
zc,TA209,2012-06-25 09:00:51.880,7044.0000,437026,192,0.0000,302.0000,247,55,空开,S,7044.0000,0.0000,0.0000,0.0000,0.0000,7046.0000,0.0000,0.0000,0.0000,0.0000,177,0,0,0,0,144,0,0,0,0
zc,TA209,2012-06-25 09:00:52.647,7044.0000,437318,292,0.0000,392.0000,342,50,空开,S,7044.0000,0.0000,0.0000,0.0000,0.0000,7048.0000,0.0000,0.0000,0.0000,0.0000,199,0,0,0,0,132,0,0,0,0
zc,TA209,2012-06-25 09:00:53.397,7046.0000,437310,-8,0.0000,62.0000,27,35,空平,B,7046.0000,0.0000,0.0000,0.0000,0.0000,7048.0000,0.0000,0.0000,0.0000,0.0000,107,0,0,0,0,147,0,0,0,0
zc,TA209,2012-06-25 09:00:53.927,7046.0000,437242,-68,0.0000,92.0000,12,80,空平,B,7046.0000,0.0000,0.0000,0.0000,0.0000,7048.0000,0.0000,0.0000,0.0000,0.0000,74,0,0,0,0,151,0,0,0,0
zc,TA209,2012-06-25 09:00:54.617,7048.0000,437312,70,0.0000,364.0000,217,147,多开,B,7044.0000,0.0000,0.0000,0.0000,0.0000,7048.0000,0.0000,0.0000,0.0000,0.0000,299,0,0,0,0,127,0,0,0,0
zc,TA209,2012-06-25 09:00:55.163,7048.0000,437364,52,0.0000,138.0000,95,43,多开,B,7044.0000,0.0000,0.0000,0.0000,0.0000,7048.0000,0.0000,0.0000,0.0000,0.0000,134,0,0,0,0,172,0,0,0,0
zc,TA209,2012-06-25 09:00:55.647,7048.0000,437364,0,0.0000,10.0000,5,5,多换,B,7044.0000,0.0000,0.0000,0.0000,0.0000,7046.0000,0.0000,0.0000,0.0000,0.0000,133,0,0,0,0,56,0,0,0,0
zc,TA209,2012-06-25 09:00:56.663,7046.0000,437460,96,0.0000,150.0000,123,27,空开,S,7046.0000,0.0000,0.0000,0.0000,0.0000,7048.0000,0.0000,0.0000,0.0000,0.0000,7,0,0,0,0,181,0,0,0,0
zc,TA209,2012-06-25 09:00:57.397,7046.0000,437426,-34,0.0000,224.0000,95,129,多平,S,7046.0000,0.0000,0.0000,0.0000,0.0000,7048.0000,0.0000,0.0000,0.0000,0.0000,83,0,0,0,0,123,0,0,0,0
zc,TA209,2012-06-25 09:00:57.880,7048.0000,437422,-4,0.0000,110.0000,53,57,空平,B,7046.0000,0.0000,0.0000,0.0000,0.0000,7048.0000,0.0000,0.0000,0.0000,0.0000,206,0,0,0,0,80,0,0,0,0
zc,TA209,2012-06-25 09:00:58.647,7046.0000,437386,-36,0.0000,46.0000,5,41,多平,S,7046.0000,0.0000,0.0000,0.0000,0.0000,7048.0000,0.0000,0.0000,0.0000,0.0000,451,0,0,0,0,63,0,0,0,0
zc,TA209,2012-06-25 09:00:59.163,7048.0000,437374,-12,0.0000,32.0000,10,22,空平,B,7046.0000,0.0000,0.0000,0.0000,0.0000,7048.0000,0.0000,0.0000,0.0000,0.0000,448,0,0,0,0,53,0,0,0,0
zc,TA209,2012-06-25 09:00:59.880,7046.0000,437422,48,0.0000,120.0000,84,36,空开,S,7046.0000,0.0000,0.0000,0.0000,0.0000,7048.0000,0.0000,0.0000,0.0000,0.0000,514,0,0,0,0,63,0,0,0,0
zc,TA209,2012-06-25 09:01:00.413,7048.0000,437522,100,0.0000,160.0000,130,30,多开,B,7048.0000,0.0000,0.0000,0.0000,0.0000,7050.0000,0.0000,0.0000,0.0000,0.0000,202,0,0,0,0,1090,0,0,0,0
zc,TA209,2012-06-25 09:01:01.100,7048.0000,437532,10,0.0000,602.0000,306,296,多开,B,7048.0000,0.0000,0.0000,0.0000,0.0000,7050.0000,0.0000,0.0000,0.0000,0.0000,51,0,0,0,0,1090,0,0,0,0
zc,TA209,2012-06-25 09:01:01.897,7050.0000,437498,-34,0.0000,60.0000,13,47,空平,B,7048.0000,0.0000,0.0000,0.0000,0.0000,7050.0000,0.0000,0.0000,0.0000,0.0000,101,0,0,0,0,1677,0,0,0,0
zc,TA209,2012-06-25 09:01:02.367,7046.0000,437304,-194,0.0000,234.0000,20,214,多平,S,7046.0000,0.0000,0.0000,0.0000,0.0000,7048.0000,0.0000,0.0000,0.0000,0.0000,439,0,0,0,0,20,0,0,0,0
zc,TA209,2012-06-25 09:01:03.130,7046.0000,437704,400,0.0000,1016.0000,708,308,空开,S,7044.0000,0.0000,0.0000,0.0000,0.0000,7046.0000,0.0000,0.0000,0.0000,0.0000,149,0,0,0,0,49,0,0,0,0
zc,TA209,2012-06-25 09:01:03.647,7044.0000,437614,-90,0.0000,140.0000,25,115,多平,S,7044.0000,0.0000,0.0000,0.0000,0.0000,7046.0000,0.0000,0.0000,0.0000,0.0000,90,0,0,0,0,37,0,0,0,0
zc,TA209,2012-06-25 09:01:04.367,7046.0000,437610,-4,0.0000,72.0000,34,38,空平,B,7044.0000,0.0000,0.0000,0.0000,0.0000,7046.0000,0.0000,0.0000,0.0000,0.0000,91,0,0,0,0,62,0,0,0,0
zc,TA209,2012-06-25 09:01:04.880,7046.0000,437606,-4,0.0000,48.0000,22,26,空平,B,7044.0000,0.0000,0.0000,0.0000,0.0000,7046.0000,0.0000,0.0000,0.0000,0.0000,76,0,0,0,0,54,0,0,0,0
zc,TA209,2012-06-25 09:01:05.647,7044.0000,437616,10,0.0000,142.0000,76,66,空开,S,7046.0000,0.0000,0.0000,0.0000,0.0000,7048.0000,0.0000,0.0000,0.0000,0.0000,1,0,0,0,0,543,0,0,0,0
zc,TA209,2012-06-25 09:01:06.147,7046.0000,437678,62,0.0000,96.0000,79,17,多开,B,7044.0000,0.0000,0.0000,0.0000,0.0000,7046.0000,0.0000,0.0000,0.0000,0.0000,44,0,0,0,0,67,0,0,0,0
zc,TA209,2012-06-25 09:01:06.630,7044.0000,437690,12,0.0000,32.0000,22,10,空开,S,7044.0000,0.0000,0.0000,0.0000,0.0000,7046.0000,0.0000,0.0000,0.0000,0.0000,40,0,0,0,0,127,0,0,0,0
zc,TA209,2012-06-25 09:01:07.397,7044.0000,437732,42,0.0000,126.0000,84,42,空开,S,7044.0000,0.0000,0.0000,0.0000,0.0000,7046.0000,0.0000,0.0000,0.0000,0.0000,24,0,0,0,0,88,0,0,0,0
zc,TA209,2012-06-25 09:01:08.147,7046.0000,437762,30,0.0000,186.0000,108,78,多开,B,7046.0000,0.0000,0.0000,0.0000,0.0000,7048.0000,0.0000,0.0000,0.0000,0.0000,191,0,0,0,0,576,0,0,0,0
zc,TA209,2012-06-25 09:01:08.647,7046.0000,437842,80,0.0000,84.0000,82,2,多开,B,7046.0000,0.0000,0.0000,0.0000,0.0000,7048.0000,0.0000,0.0000,0.0000,0.0000,183,0,0,0,0,575,0,0,0,0
zc,TA209,2012-06-25 09:01:09.367,7046.0000,437854,12,0.0000,18.0000,15,3,多开,B,7046.0000,0.0000,0.0000,0.0000,0.0000,7048.0000,0.0000,0.0000,0.0000,0.0000,183,0,0,0,0,572,0,0,0,0
zc,TA209,2012-06-25 09:01:09.880,7048.0000,437872,18,0.0000,38.0000,28,10,多开,B,7046.0000,0.0000,0.0000,0.0000,0.0000,7048.0000,0.0000,0.0000,0.0000,0.0000,186,0,0,0,0,566,0,0,0,0
zc,TA209,2012-06-25 09:01:10.630,7046.0000,438154,282,0.0000,286.0000,284,2,空开,S,7046.0000,0.0000,0.0000,0.0000,0.0000,7048.0000,0.0000,0.0000,0.0000,0.0000,126,0,0,0,0,560,0,0,0,0
zc,TA209,2012-06-25 09:01:10.850,7048.0000,438176,22,0.0000,240.0000,131,109,多开,B,7046.0000,0.0000,0.0000,0.0000,0.0000,7048.0000,0.0000,0.0000,0.0000,0.0000,97,0,0,0,0,469,0,0,0,0
zc,TA209,2012-06-25 09:01:11.647,7046.0000,438152,-24,0.0000,60.0000,18,42,多平,S,7046.0000,0.0000,0.0000,0.0000,0.0000,7048.0000,0.0000,0.0000,0.0000,0.0000,72,0,0,0,0,468,0,0,0,0
zc,TA209,2012-06-25 09:01:12.397,7048.0000,438150,-2,0.0000,14.0000,6,8,空平,B,7046.0000,0.0000,0.0000,0.0000,0.0000,7048.0000,0.0000,0.0000,0.0000,0.0000,74,0,0,0,0,499,0,0,0,0
zc,TA209,2012-06-25 09:01:12.880,7046.0000,438148,-2,0.0000,24.0000,11,13,多平,S,7046.0000,0.0000,0.0000,0.0000,0.0000,7048.0000,0.0000,0.0000,0.0000,0.0000,79,0,0,0,0,495,0,0,0,0
zc,TA209,2012-06-25 09:01:13.397,7048.0000,437914,-234,0.0000,1176.0000,471,705,空平,B,7048.0000,0.0000,0.0000,0.0000,0.0000,7050.0000,0.0000,0.0000,0.0000,0.0000,446,0,0,0,0,1758,0,0,0,0
zc,TA209,2012-06-25 09:01:13.850,7048.0000,437910,-4,0.0000,72.0000,34,38,空平,B,7048.0000,0.0000,0.0000,0.0000,0.0000,7050.0000,0.0000,0.0000,0.0000,0.0000,411,0,0,0,0,1762,0,0,0,0
zc,TA209,2012-06-25 09:01:14.630,7048.0000,437880,-30,0.0000,34.0000,2,32,空平,B,7048.0000,0.0000,0.0000,0.0000,0.0000,7050.0000,0.0000,0.0000,0.0000,0.0000,397,0,0,0,0,1760,0,0,0,0
zc,TA209,2012-06-25 09:01:15.130,7048.0000,437872,-8,0.0000,14.0000,3,11,空平,B,7048.0000,0.0000,0.0000,0.0000,0.0000,7050.0000,0.0000,0.0000,0.0000,0.0000,396,0,0,0,0,1757,0,0,0,0
zc,TA209,2012-06-25 09:01:15.867,7048.0000,437896,24,0.0000,60.0000,42,18,多开,B,7048.0000,0.0000,0.0000,0.0000,0.0000,7050.0000,0.0000,0.0000,0.0000,0.0000,392,0,0,0,0,1727,0,0,0,0
zc,TA209,2012-06-25 09:01:16.413,7048.0000,438040,144,0.0000,178.0000,161,17,多开,B,7048.0000,0.0000,0.0000,0.0000,0.0000,7050.0000,0.0000,0.0000,0.0000,0.0000,400,0,0,0,0,1657,0,0,0,0
zc,TA209,2012-06-25 09:01:16.897,7048.0000,437978,-62,0.0000,124.0000,31,93,空平,B,7048.0000,0.0000,0.0000,0.0000,0.0000,7050.0000,0.0000,0.0000,0.0000,0.0000,349,0,0,0,0,1653,0,0,0,0
zc,TA209,2012-06-25 09:01:17.677,7048.0000,437862,-116,0.0000,146.0000,15,131,空平,B,7048.0000,0.0000,0.0000,0.0000,0.0000,7050.0000,0.0000,0.0000,0.0000,0.0000,280,0,0,0,0,1649,0,0,0,0
zc,TA209,2012-06-25 09:01:18.163,7048.0000,437862,0,0.0000,16.0000,8,8,多换,B,7048.0000,0.0000,0.0000,0.0000,0.0000,7050.0000,0.0000,0.0000,0.0000,0.0000,273,0,0,0,0,1648,0,0,0,0
zc,TA209,2012-06-25 09:01:18.913,7050.0000,437866,4,0.0000,56.0000,30,26,多开,B,7048.0000,0.0000,0.0000,0.0000,0.0000,7050.0000,0.0000,0.0000,0.0000,0.0000,248,0,0,0,0,1642,0,0,0,0
zc,TA209,2012-06-25 09:01:19.380,7048.0000,437906,40,0.0000,56.0000,48,8,空开,S,7048.0000,0.0000,0.0000,0.0000,0.0000,7050.0000,0.0000,0.0000,0.0000,0.0000,242,0,0,0,0,1640,0,0,0,0
zc,TA209,2012-06-25 09:01:20.163,7050.0000,437914,8,0.0000,64.0000,36,28,多开,B,7048.0000,0.0000,0.0000,0.0000,0.0000,7050.0000,0.0000,0.0000,0.0000,0.0000,238,0,0,0,0,1613,0,0,0,0
zc,TA209,2012-06-25 09:01:20.630,7048.0000,438256,342,0.0000,536.0000,439,97,空开,S,7048.0000,0.0000,0.0000,0.0000,0.0000,7050.0000,0.0000,0.0000,0.0000,0.0000,236,0,0,0,0,1358,0,0,0,0
zc,TA209,2012-06-25 09:01:21.163,7048.0000,438194,-62,0.0000,198.0000,68,130,多平,S,7048.0000,0.0000,0.0000,0.0000,0.0000,7050.0000,0.0000,0.0000,0.0000,0.0000,230,0,0,0,0,1295,0,0,0,0
zc,TA209,2012-06-25 09:01:21.677,7048.0000,438182,-12,0.0000,40.0000,14,26,多平,S,7048.0000,0.0000,0.0000,0.0000,0.0000,7050.0000,0.0000,0.0000,0.0000,0.0000,282,0,0,0,0,1298,0,0,0,0
zc,TA209,2012-06-25 09:01:22.663,7050.0000,437822,-360,0.0000,1434.0000,537,897,空平,B,7048.0000,0.0000,0.0000,0.0000,0.0000,7050.0000,0.0000,0.0000,0.0000,0.0000,340,0,0,0,0,683,0,0,0,0
zc,TA209,2012-06-25 09:01:23.163,7050.0000,437878,56,0.0000,1326.0000,691,635,多开,B,7048.0000,0.0000,0.0000,0.0000,0.0000,7050.0000,0.0000,0.0000,0.0000,0.0000,183,0,0,0,0,37,0,0,0,0
zc,TA209,2012-06-25 09:01:23.927,7052.0000,437952,74,0.0000,166.0000,120,46,多开,B,7050.0000,0.0000,0.0000,0.0000,0.0000,7052.0000,0.0000,0.0000,0.0000,0.0000,506,0,0,0,0,19,0,0,0,0
zc,TA209,2012-06-25 09:01:24.397,7052.0000,437732,-220,0.0000,430.0000,105,325,空平,B,7050.0000,0.0000,0.0000,0.0000,0.0000,7052.0000,0.0000,0.0000,0.0000,0.0000,634,0,0,0,0,9,0,0,0,0
zc,TA209,2012-06-25 09:01:25.163,7052.0000,437820,88,0.0000,500.0000,294,206,多开,B,7050.0000,0.0000,0.0000,0.0000,0.0000,7052.0000,0.0000,0.0000,0.0000,0.0000,508,0,0,0,0,33,0,0,0,0
zc,TA209,2012-06-25 09:01:25.647,7052.0000,437914,94,0.0000,102.0000,98,4,多开,B,7050.0000,0.0000,0.0000,0.0000,0.0000,7054.0000,0.0000,0.0000,0.0000,0.0000,486,0,0,0,0,19,0,0,0,0
zc,TA209,2012-06-25 09:01:26.413,7054.0000,437918,4,0.0000,14.0000,9,5,多开,B,7052.0000,0.0000,0.0000,0.0000,0.0000,7054.0000,0.0000,0.0000,0.0000,0.0000,10,0,0,0,0,24,0,0,0,0
zc,TA209,2012-06-25 09:01:26.913,7054.0000,437918,0,0.0000,18.0000,9,9,多换,B,7052.0000,0.0000,0.0000,0.0000,0.0000,7054.0000,0.0000,0.0000,0.0000,0.0000,468,0,0,0,0,20,0,0,0,0
zc,TA209,2012-06-25 09:01:27.397,7058.0000,437710,-208,0.0000,790.0000,291,499,空平,B,7058.0000,0.0000,0.0000,0.0000,0.0000,7060.0000,0.0000,0.0000,0.0000,0.0000,153,0,0,0,0,37,0,0,0,0
zc,TA209,2012-06-25 09:01:28.147,7060.0000,437704,-6,0.0000,74.0000,34,40,空平,B,7058.0000,0.0000,0.0000,0.0000,0.0000,7060.0000,0.0000,0.0000,0.0000,0.0000,131,0,0,0,0,80,0,0,0,0
zc,TA209,2012-06-25 09:01:28.880,7062.0000,437460,-244,0.0000,516.0000,136,380,空平,B,7060.0000,0.0000,0.0000,0.0000,0.0000,7062.0000,0.0000,0.0000,0.0000,0.0000,2,0,0,0,0,11,0,0,0,0
zc,TA209,2012-06-25 09:01:29.397,7060.0000,438262,802,0.0000,2062.0000,1432,630,空开,S,7052.0000,0.0000,0.0000,0.0000,0.0000,7060.0000,0.0000,0.0000,0.0000,0.0000,22,0,0,0,0,39,0,0,0,0
zc,TA209,2012-06-25 09:01:30.427,7052.0000,438156,-106,0.0000,250.0000,72,178,多平,S,7052.0000,0.0000,0.0000,0.0000,0.0000,7062.0000,0.0000,0.0000,0.0000,0.0000,3,0,0,0,0,6,0,0,0,0
zc,TA209,2012-06-25 09:01:30.663,7060.0000,438132,-24,0.0000,102.0000,39,63,空平,B,7050.0000,0.0000,0.0000,0.0000,0.0000,7062.0000,0.0000,0.0000,0.0000,0.0000,326,0,0,0,0,78,0,0,0,0
zc,TA209,2012-06-25 09:01:31.397,7062.0000,438074,-58,0.0000,312.0000,127,185,空平,B,7060.0000,0.0000,0.0000,0.0000,0.0000,7062.0000,0.0000,0.0000,0.0000,0.0000,2,0,0,0,0,6,0,0,0,0
zc,TA209,2012-06-25 09:01:32.130,7060.0000,438084,10,0.0000,370.0000,190,180,空开,S,7052.0000,0.0000,0.0000,0.0000,0.0000,7058.0000,0.0000,0.0000,0.0000,0.0000,8,0,0,0,0,2,0,0,0,0
zc,TA209,2012-06-25 09:01:32.880,7060.0000,438004,-80,0.0000,278.0000,99,179,多平,S,7052.0000,0.0000,0.0000,0.0000,0.0000,7060.0000,0.0000,0.0000,0.0000,0.0000,30,0,0,0,0,66,0,0,0,0
zc,TA209,2012-06-25 09:01:33.367,7058.0000,438048,44,0.0000,62.0000,53,9,空开,S,7052.0000,0.0000,0.0000,0.0000,0.0000,7058.0000,0.0000,0.0000,0.0000,0.0000,43,0,0,0,0,38,0,0,0,0
zc,TA209,2012-06-25 09:01:33.880,7058.0000,438056,8,0.0000,16.0000,12,4,空开,S,7052.0000,0.0000,0.0000,0.0000,0.0000,7056.0000,0.0000,0.0000,0.0000,0.0000,44,0,0,0,0,7,0,0,0,0
zc,TA209,2012-06-25 09:01:34.617,7058.0000,438078,22,0.0000,50.0000,36,14,空开,S,7052.0000,0.0000,0.0000,0.0000,0.0000,7058.0000,0.0000,0.0000,0.0000,0.0000,50,0,0,0,0,188,0,0,0,0
zc,TA209,2012-06-25 09:01:35.130,7058.0000,438066,-12,0.0000,86.0000,37,49,多平,S,7052.0000,0.0000,0.0000,0.0000,0.0000,7056.0000,0.0000,0.0000,0.0000,0.0000,38,0,0,0,0,10,0,0,0,0
zc,TA209,2012-06-25 09:01:35.927,7056.0000,438362,296,0.0000,378.0000,337,41,空开,S,7054.0000,0.0000,0.0000,0.0000,0.0000,7056.0000,0.0000,0.0000,0.0000,0.0000,1,0,0,0,0,30,0,0,0,0
zc,TA209,2012-06-25 09:01:36.397,7054.0000,438364,2,0.0000,16.0000,9,7,空开,S,7052.0000,0.0000,0.0000,0.0000,0.0000,7054.0000,0.0000,0.0000,0.0000,0.0000,80,0,0,0,0,33,0,0,0,0
zc,TA209,2012-06-25 09:01:37.163,7056.0000,438340,-24,0.0000,266.0000,121,145,空平,B,7056.0000,0.0000,0.0000,0.0000,0.0000,7058.0000,0.0000,0.0000,0.0000,0.0000,15,0,0,0,0,91,0,0,0,0
zc,TA209,2012-06-25 09:01:37.850,7056.0000,438356,16,0.0000,26.0000,21,5,多开,B,7056.0000,0.0000,0.0000,0.0000,0.0000,7058.0000,0.0000,0.0000,0.0000,0.0000,20,0,0,0,0,82,0,0,0,0
zc,TA209,2012-06-25 09:01:38.663,7056.0000,438374,18,0.0000,94.0000,56,38,多开,B,7054.0000,0.0000,0.0000,0.0000,0.0000,7056.0000,0.0000,0.0000,0.0000,0.0000,164,0,0,0,0,33,0,0,0,0
zc,TA209,2012-06-25 09:01:39.427,7056.0000,438202,-172,0.0000,236.0000,32,204,空平,B,7054.0000,0.0000,0.0000,0.0000,0.0000,7056.0000,0.0000,0.0000,0.0000,0.0000,69,0,0,0,0,17,0,0,0,0
zc,TA209,2012-06-25 09:01:39.897,7056.0000,438228,26,0.0000,34.0000,30,4,多开,B,7054.0000,0.0000,0.0000,0.0000,0.0000,7056.0000,0.0000,0.0000,0.0000,0.0000,75,0,0,0,0,7,0,0,0,0
zc,TA209,2012-06-25 09:01:40.380,7056.0000,438292,64,0.0000,84.0000,74,10,多开,B,7054.0000,0.0000,0.0000,0.0000,0.0000,7056.0000,0.0000,0.0000,0.0000,0.0000,76,0,0,0,0,5,0,0,0,0
zc,TA209,2012-06-25 09:01:41.130,7058.0000,438274,-18,0.0000,350.0000,166,184,空平,B,7058.0000,0.0000,0.0000,0.0000,0.0000,7060.0000,0.0000,0.0000,0.0000,0.0000,44,0,0,0,0,272,0,0,0,0
zc,TA209,2012-06-25 09:01:41.897,7058.0000,438250,-24,0.0000,28.0000,2,26,空平,B,7058.0000,0.0000,0.0000,0.0000,0.0000,7060.0000,0.0000,0.0000,0.0000,0.0000,29,0,0,0,0,234,0,0,0,0
zc,TA209,2012-06-25 09:01:42.427,7058.0000,438238,-12,0.0000,64.0000,26,38,空平,B,7056.0000,0.0000,0.0000,0.0000,0.0000,7060.0000,0.0000,0.0000,0.0000,0.0000,45,0,0,0,0,234,0,0,0,0
zc,TA209,2012-06-25 09:01:43.367,7058.0000,438042,-196,0.0000,336.0000,70,266,空平,B,7056.0000,0.0000,0.0000,0.0000,0.0000,7058.0000,0.0000,0.0000,0.0000,0.0000,35,0,0,0,0,13,0,0,0,0
zc,TA209,2012-06-25 09:01:43.913,7058.0000,437664,-378,0.0000,610.0000,116,494,空平,B,7058.0000,0.0000,0.0000,0.0000,0.0000,7060.0000,0.0000,0.0000,0.0000,0.0000,97,0,0,0,0,1,0,0,0,0
zc,TA209,2012-06-25 09:01:44.693,7058.0000,437638,-26,0.0000,48.0000,11,37,空平,B,7058.0000,0.0000,0.0000,0.0000,0.0000,7060.0000,0.0000,0.0000,0.0000,0.0000,147,0,0,0,0,1,0,0,0,0
zc,TA209,2012-06-25 09:01:45.117,7062.0000,437632,-6,0.0000,38.0000,16,22,空平,B,7058.0000,0.0000,0.0000,0.0000,0.0000,7062.0000,0.0000,0.0000,0.0000,0.0000,167,0,0,0,0,79,0,0,0,0
zc,TA209,2012-06-25 09:01:45.913,7060.0000,437676,44,0.0000,70.0000,57,13,空开,S,7060.0000,0.0000,0.0000,0.0000,0.0000,7062.0000,0.0000,0.0000,0.0000,0.0000,54,0,0,0,0,66,0,0,0,0
zc,TA209,2012-06-25 09:01:46.380,7058.0000,437730,54,0.0000,482.0000,268,214,空开,S,7056.0000,0.0000,0.0000,0.0000,0.0000,7058.0000,0.0000,0.0000,0.0000,0.0000,50,0,0,0,0,263,0,0,0,0
zc,TA209,2012-06-25 09:01:46.897,7058.0000,437752,22,0.0000,26.0000,24,2,空开,S,7056.0000,0.0000,0.0000,0.0000,0.0000,7058.0000,0.0000,0.0000,0.0000,0.0000,42,0,0,0,0,258,0,0,0,0
zc,TA209,2012-06-25 09:01:47.647,7056.0000,437672,-80,0.0000,118.0000,19,99,多平,S,7054.0000,0.0000,0.0000,0.0000,0.0000,7056.0000,0.0000,0.0000,0.0000,0.0000,85,0,0,0,0,35,0,0,0,0
zc,TA209,2012-06-25 09:01:48.413,7056.0000,437540,-132,0.0000,946.0000,407,539,多平,S,7058.0000,0.0000,0.0000,0.0000,0.0000,7060.0000,0.0000,0.0000,0.0000,0.0000,5,0,0,0,0,132,0,0,0,0
zc,TA209,2012-06-25 09:01:49.380,7060.0000,437490,-50,0.0000,854.0000,402,452,空平,B,7052.0000,0.0000,0.0000,0.0000,0.0000,7054.0000,0.0000,0.0000,0.0000,0.0000,79,0,0,0,0,1,0,0,0,0
zc,TA209,2012-06-25 09:01:50.413,7060.0000,437486,-4,0.0000,32.0000,14,18,空平,B,7054.0000,0.0000,0.0000,0.0000,0.0000,7060.0000,0.0000,0.0000,0.0000,0.0000,96,0,0,0,0,8,0,0,0,0
zc,TA209,2012-06-25 09:01:50.663,7060.0000,437466,-20,0.0000,62.0000,21,41,空平,B,7056.0000,0.0000,0.0000,0.0000,0.0000,7062.0000,0.0000,0.0000,0.0000,0.0000,75,0,0,0,0,121,0,0,0,0
zc,TA209,2012-06-25 09:01:51.380,7060.0000,437462,-4,0.0000,22.0000,9,13,空平,B,7056.0000,0.0000,0.0000,0.0000,0.0000,7060.0000,0.0000,0.0000,0.0000,0.0000,85,0,0,0,0,48,0,0,0,0
zc,TA209,2012-06-25 09:01:51.913,7060.0000,437446,-16,0.0000,70.0000,27,43,空平,B,7058.0000,0.0000,0.0000,0.0000,0.0000,7060.0000,0.0000,0.0000,0.0000,0.0000,5,0,0,0,0,62,0,0,0,0
zc,TA209,2012-06-25 09:01:52.897,7060.0000,437406,-40,0.0000,212.0000,86,126,空平,B,7058.0000,0.0000,0.0000,0.0000,0.0000,7060.0000,0.0000,0.0000,0.0000,0.0000,6,0,0,0,0,98,0,0,0,0
zc,TA209,2012-06-25 09:01:56.460,7056.0000,437412,6,0.0000,440.0000,223,217,空开,S,7054.0000,0.0000,0.0000,0.0000,0.0000,7056.0000,0.0000,0.0000,0.0000,0.0000,146,0,0,0,0,22,0,0,0,0
zc,TA209,2012-06-25 09:01:56.850,7056.0000,437414,2,0.0000,104.0000,53,51,空开,S,7054.0000,0.0000,0.0000,0.0000,0.0000,7056.0000,0.0000,0.0000,0.0000,0.0000,97,0,0,0,0,46,0,0,0,0
zc,TA209,2012-06-25 09:01:57.617,7056.0000,437416,2,0.0000,48.0000,25,23,空开,S,7054.0000,0.0000,0.0000,0.0000,0.0000,7056.0000,0.0000,0.0000,0.0000,0.0000,89,0,0,0,0,30,0,0,0,0
zc,TA209,2012-06-25 09:01:58.100,7056.0000,437420,4,0.0000,14.0000,9,5,空开,S,7054.0000,0.0000,0.0000,0.0000,0.0000,7056.0000,0.0000,0.0000,0.0000,0.0000,88,0,0,0,0,32,0,0,0,0
zc,TA209,2012-06-25 09:01:58.880,7054.0000,437438,18,0.0000,24.0000,21,3,空开,S,7054.0000,0.0000,0.0000,0.0000,0.0000,7056.0000,0.0000,0.0000,0.0000,0.0000,85,0,0,0,0,55,0,0,0,0
zc,TA209,2012-06-25 09:01:59.367,7054.0000,437434,-4,0.0000,118.0000,57,61,多平,S,7054.0000,0.0000,0.0000,0.0000,0.0000,7056.0000,0.0000,0.0000,0.0000,0.0000,38,0,0,0,0,40,0,0,0,0
zc,TA209,2012-06-25 09:01:59.913,7056.0000,437438,4,0.0000,80.0000,42,38,多开,B,7056.0000,0.0000,0.0000,0.0000,0.0000,7058.0000,0.0000,0.0000,0.0000,0.0000,23,0,0,0,0,62,0,0,0,0
zc,TA209,2012-06-25 09:02:00.630,7056.0000,437438,0,0.0000,6.0000,3,3,多换,B,7056.0000,0.0000,0.0000,0.0000,0.0000,7058.0000,0.0000,0.0000,0.0000,0.0000,126,0,0,0,0,66,0,0,0,0
zc,TA209,2012-06-25 09:02:01.130,7058.0000,437430,-8,0.0000,18.0000,5,13,空平,B,7056.0000,0.0000,0.0000,0.0000,0.0000,7058.0000,0.0000,0.0000,0.0000,0.0000,197,0,0,0,0,78,0,0,0,0
zc,TA209,2012-06-25 09:02:01.913,7058.0000,437450,20,0.0000,24.0000,22,2,多开,B,7056.0000,0.0000,0.0000,0.0000,0.0000,7058.0000,0.0000,0.0000,0.0000,0.0000,209,0,0,0,0,66,0,0,0,0
zc,TA209,2012-06-25 09:02:02.380,7058.0000,437472,22,0.0000,48.0000,35,13,多开,B,7056.0000,0.0000,0.0000,0.0000,0.0000,7058.0000,0.0000,0.0000,0.0000,0.0000,318,0,0,0,0,65,0,0,0,0
zc,TA209,2012-06-25 09:02:03.117,7056.0000,437468,-4,0.0000,32.0000,14,18,多平,S,7056.0000,0.0000,0.0000,0.0000,0.0000,7058.0000,0.0000,0.0000,0.0000,0.0000,331,0,0,0,0,59,0,0,0,0
zc,TA209,2012-06-25 09:02:03.600,7058.0000,437462,-6,0.0000,52.0000,23,29,空平,B,7056.0000,0.0000,0.0000,0.0000,0.0000,7058.0000,0.0000,0.0000,0.0000,0.0000,350,0,0,0,0,35,0,0,0,0
zc,TA209,2012-06-25 09:02:04.367,7058.0000,437438,-24,0.0000,128.0000,52,76,空平,B,7058.0000,0.0000,0.0000,0.0000,0.0000,7060.0000,0.0000,0.0000,0.0000,0.0000,112,0,0,0,0,93,0,0,0,0
zc,TA209,2012-06-25 09:02:04.867,7060.0000,437436,-2,0.0000,64.0000,31,33,空平,B,7058.0000,0.0000,0.0000,0.0000,0.0000,7060.0000,0.0000,0.0000,0.0000,0.0000,119,0,0,0,0,115,0,0,0,0
zc,TA209,2012-06-25 09:02:05.367,7058.0000,437434,-2,0.0000,204.0000,101,103,多平,S,7058.0000,0.0000,0.0000,0.0000,0.0000,7060.0000,0.0000,0.0000,0.0000,0.0000,18,0,0,0,0,116,0,0,0,0
zc,TA209,2012-06-25 09:02:06.163,7058.0000,437434,0,0.0000,0.0000,0,0,空换,S,7058.0000,0.0000,0.0000,0.0000,0.0000,7060.0000,0.0000,0.0000,0.0000,0.0000,38,0,0,0,0,116,0,0,0,0
zc,TA209,2012-06-25 09:02:06.600,7058.0000,437432,-2,0.0000,28.0000,13,15,多平,S,7058.0000,0.0000,0.0000,0.0000,0.0000,7060.0000,0.0000,0.0000,0.0000,0.0000,84,0,0,0,0,115,0,0,0,0
zc,TA209,2012-06-25 09:02:07.367,7058.0000,437358,-74,0.0000,192.0000,59,133,多平,S,7058.0000,0.0000,0.0000,0.0000,0.0000,7060.0000,0.0000,0.0000,0.0000,0.0000,39,0,0,0,0,68,0,0,0,0
zc,TA209,2012-06-25 09:02:07.880,7058.0000,437364,6,0.0000,90.0000,48,42,空开,S,7056.0000,0.0000,0.0000,0.0000,0.0000,7058.0000,0.0000,0.0000,0.0000,0.0000,367,0,0,0,0,49,0,0,0,0
zc,TA209,2012-06-25 09:02:08.617,7058.0000,437370,6,0.0000,418.0000,212,206,空开,S,7056.0000,0.0000,0.0000,0.0000,0.0000,7058.0000,0.0000,0.0000,0.0000,0.0000,167,0,0,0,0,42,0,0,0,0
zc,TA209,2012-06-25 09:02:09.117,7056.0000,437308,-62,0.0000,104.0000,21,83,多平,S,7056.0000,0.0000,0.0000,0.0000,0.0000,7058.0000,0.0000,0.0000,0.0000,0.0000,126,0,0,0,0,74,0,0,0,0
zc,TA209,2012-06-25 09:02:09.850,7056.0000,437294,-14,0.0000,170.0000,78,92,多平,S,7056.0000,0.0000,0.0000,0.0000,0.0000,7058.0000,0.0000,0.0000,0.0000,0.0000,132,0,0,0,0,50,0,0,0,0
zc,TA209,2012-06-25 09:02:10.367,7058.0000,437276,-18,0.0000,110.0000,46,64,空平,B,7058.0000,0.0000,0.0000,0.0000,0.0000,7060.0000,0.0000,0.0000,0.0000,0.0000,80,0,0,0,0,161,0,0,0,0
zc,TA209,2012-06-25 09:02:11.163,7058.0000,437284,8,0.0000,356.0000,182,174,多开,B,7058.0000,0.0000,0.0000,0.0000,0.0000,7060.0000,0.0000,0.0000,0.0000,0.0000,261,0,0,0,0,166,0,0,0,0
zc,TA209,2012-06-25 09:02:11.630,7058.0000,437280,-4,0.0000,50.0000,23,27,空平,B,7058.0000,0.0000,0.0000,0.0000,0.0000,7060.0000,0.0000,0.0000,0.0000,0.0000,242,0,0,0,0,173,0,0,0,0
zc,TA209,2012-06-25 09:02:12.117,7058.0000,437286,6,0.0000,14.0000,10,4,多开,B,7058.0000,0.0000,0.0000,0.0000,0.0000,7060.0000,0.0000,0.0000,0.0000,0.0000,243,0,0,0,0,171,0,0,0,0
zc,TA209,2012-06-25 09:02:12.630,7060.0000,437288,2,0.0000,6.0000,4,2,多开,B,7058.0000,0.0000,0.0000,0.0000,0.0000,7060.0000,0.0000,0.0000,0.0000,0.0000,243,0,0,0,0,169,0,0,0,0
zc,TA209,2012-06-25 09:02:13.397,7060.0000,437280,-8,0.0000,10.0000,1,9,空平,B,7058.0000,0.0000,0.0000,0.0000,0.0000,7060.0000,0.0000,0.0000,0.0000,0.0000,244,0,0,0,0,265,0,0,0,0
zc,TA209,2012-06-25 09:02:13.867,7058.0000,437282,2,0.0000,126.0000,64,62,空开,S,7058.0000,0.0000,0.0000,0.0000,0.0000,7060.0000,0.0000,0.0000,0.0000,0.0000,265,0,0,0,0,207,0,0,0,0
zc,TA209,2012-06-25 09:02:14.630,7060.0000,437098,-184,0.0000,312.0000,64,248,空平,B,7058.0000,0.0000,0.0000,0.0000,0.0000,7060.0000,0.0000,0.0000,0.0000,0.0000,276,0,0,0,0,53,0,0,0,0
zc,TA209,2012-06-25 09:02:15.380,7060.0000,437060,-38,0.0000,42.0000,2,40,空平,B,7058.0000,0.0000,0.0000,0.0000,0.0000,7060.0000,0.0000,0.0000,0.0000,0.0000,280,0,0,0,0,33,0,0,0,0
zc,TA209,2012-06-25 09:02:15.867,7060.0000,436986,-74,0.0000,90.0000,8,82,空平,B,7060.0000,0.0000,0.0000,0.0000,0.0000,7062.0000,0.0000,0.0000,0.0000,0.0000,29,0,0,0,0,147,0,0,0,0
zc,TA209,2012-06-25 09:02:16.630,7060.0000,436982,-4,0.0000,4.0000,0,4,双平,B,7060.0000,0.0000,0.0000,0.0000,0.0000,7062.0000,0.0000,0.0000,0.0000,0.0000,157,0,0,0,0,146,0,0,0,0
zc,TA209,2012-06-25 09:02:17.117,7060.0000,436956,-26,0.0000,26.0000,0,26,双平,B,7060.0000,0.0000,0.0000,0.0000,0.0000,7062.0000,0.0000,0.0000,0.0000,0.0000,177,0,0,0,0,147,0,0,0,0
zc,TA209,2012-06-25 09:02:17.880,7062.0000,436954,-2,0.0000,386.0000,192,194,空平,B,7060.0000,0.0000,0.0000,0.0000,0.0000,7062.0000,0.0000,0.0000,0.0000,0.0000,47,0,0,0,0,87,0,0,0,0
zc,TA209,2012-06-25 09:02:18.367,7060.0000,436956,2,0.0000,16.0000,9,7,空开,S,7060.0000,0.0000,0.0000,0.0000,0.0000,7062.0000,0.0000,0.0000,0.0000,0.0000,65,0,0,0,0,86,0,0,0,0
zc,TA209,2012-06-25 09:02:19.147,7060.0000,436964,8,0.0000,16.0000,12,4,空开,S,7060.0000,0.0000,0.0000,0.0000,0.0000,7062.0000,0.0000,0.0000,0.0000,0.0000,69,0,0,0,0,80,0,0,0,0
zc,TA209,2012-06-25 09:02:19.617,7060.0000,436958,-6,0.0000,12.0000,3,9,多平,S,7060.0000,0.0000,0.0000,0.0000,0.0000,7062.0000,0.0000,0.0000,0.0000,0.0000,77,0,0,0,0,78,0,0,0,0
zc,TA209,2012-06-25 09:02:20.367,7060.0000,436962,4,0.0000,46.0000,25,21,空开,S,7060.0000,0.0000,0.0000,0.0000,0.0000,7062.0000,0.0000,0.0000,0.0000,0.0000,66,0,0,0,0,78,0,0,0,0
zc,TA209,2012-06-25 09:02:20.897,7060.0000,436854,-108,0.0000,148.0000,20,128,多平,S,7060.0000,0.0000,0.0000,0.0000,0.0000,7062.0000,0.0000,0.0000,0.0000,0.0000,27,0,0,0,0,45,0,0,0,0
zc,TA209,2012-06-25 09:02:21.647,7060.0000,436856,2,0.0000,38.0000,20,18,空开,S,7060.0000,0.0000,0.0000,0.0000,0.0000,7062.0000,0.0000,0.0000,0.0000,0.0000,28,0,0,0,0,29,0,0,0,0
zc,TA209,2012-06-25 09:02:22.397,7060.0000,436860,4,0.0000,90.0000,47,43,空开,S,7060.0000,0.0000,0.0000,0.0000,0.0000,7062.0000,0.0000,0.0000,0.0000,0.0000,2,0,0,0,0,18,0,0,0,0
zc,TA209,2012-06-25 09:02:23.177,7060.0000,436892,32,0.0000,196.0000,114,82,空开,S,7058.0000,0.0000,0.0000,0.0000,0.0000,7060.0000,0.0000,0.0000,0.0000,0.0000,780,0,0,0,0,127,0,0,0,0
zc,TA209,2012-06-25 09:02:23.630,7060.0000,436898,6,0.0000,6.0000,6,0,双开,S,7058.0000,0.0000,0.0000,0.0000,0.0000,7060.0000,0.0000,0.0000,0.0000,0.0000,900,0,0,0,0,125,0,0,0,0
zc,TA209,2012-06-25 09:02:24.380,7058.0000,436912,14,0.0000,14.0000,14,0,双开,S,7058.0000,0.0000,0.0000,0.0000,0.0000,7060.0000,0.0000,0.0000,0.0000,0.0000,775,0,0,0,0,194,0,0,0,0
zc,TA209,2012-06-25 09:02:24.867,7058.0000,437034,122,0.0000,164.0000,143,21,空开,S,7058.0000,0.0000,0.0000,0.0000,0.0000,7060.0000,0.0000,0.0000,0.0000,0.0000,780,0,0,0,0,113,0,0,0,0
zc,TA209,2012-06-25 09:02:25.380,7060.0000,437034,0,0.0000,28.0000,14,14,多换,B,7058.0000,0.0000,0.0000,0.0000,0.0000,7060.0000,0.0000,0.0000,0.0000,0.0000,777,0,0,0,0,103,0,0,0,0
zc,TA209,2012-06-25 09:02:25.913,7060.0000,437036,2,0.0000,28.0000,15,13,多开,B,7058.0000,0.0000,0.0000,0.0000,0.0000,7060.0000,0.0000,0.0000,0.0000,0.0000,776,0,0,0,0,90,0,0,0,0
zc,TA209,2012-06-25 09:02:26.647,7060.0000,437070,34,0.0000,142.0000,88,54,多开,B,7058.0000,0.0000,0.0000,0.0000,0.0000,7060.0000,0.0000,0.0000,0.0000,0.0000,775,0,0,0,0,30,0,0,0,0
zc,TA209,2012-06-25 09:02:27.147,7058.0000,437112,42,0.0000,50.0000,46,4,空开,S,7058.0000,0.0000,0.0000,0.0000,0.0000,7060.0000,0.0000,0.0000,0.0000,0.0000,760,0,0,0,0,26,0,0,0,0
zc,TA209,2012-06-25 09:02:27.897,7062.0000,437316,204,0.0000,368.0000,286,82,多开,B,7060.0000,0.0000,0.0000,0.0000,0.0000,7062.0000,0.0000,0.0000,0.0000,0.0000,23,0,0,0,0,66,0,0,0,0
zc,TA209,2012-06-25 09:02:28.397,7060.0000,437400,84,0.0000,92.0000,88,4,空开,S,7060.0000,0.0000,0.0000,0.0000,0.0000,7062.0000,0.0000,0.0000,0.0000,0.0000,54,0,0,0,0,25,0,0,0,0
zc,TA209,2012-06-25 09:02:29.147,7060.0000,437418,18,0.0000,38.0000,28,10,空开,S,7060.0000,0.0000,0.0000,0.0000,0.0000,7062.0000,0.0000,0.0000,0.0000,0.0000,78,0,0,0,0,17,0,0,0,0
zc,TA209,2012-06-25 09:02:29.647,7060.0000,437436,18,0.0000,36.0000,27,9,空开,S,7060.0000,0.0000,0.0000,0.0000,0.0000,7062.0000,0.0000,0.0000,0.0000,0.0000,144,0,0,0,0,9,0,0,0,0
zc,TA209,2012-06-25 09:02:30.380,7060.0000,437430,-6,0.0000,120.0000,57,63,多平,S,7060.0000,0.0000,0.0000,0.0000,0.0000,7062.0000,0.0000,0.0000,0.0000,0.0000,99,0,0,0,0,13,0,0,0,0
zc,TA209,2012-06-25 09:02:31.147,7062.0000,437448,18,0.0000,34.0000,26,8,多开,B,7062.0000,0.0000,0.0000,0.0000,0.0000,7064.0000,0.0000,0.0000,0.0000,0.0000,18,0,0,0,0,157,0,0,0,0
zc,TA209,2012-06-25 09:02:31.630,7058.0000,437528,80,0.0000,494.0000,287,207,空开,S,7058.0000,0.0000,0.0000,0.0000,0.0000,7060.0000,0.0000,0.0000,0.0000,0.0000,670,0,0,0,0,80,0,0,0,0
zc,TA209,2012-06-25 09:02:32.413,7062.0000,437594,66,0.0000,218.0000,142,76,多开,B,7060.0000,0.0000,0.0000,0.0000,0.0000,7062.0000,0.0000,0.0000,0.0000,0.0000,2,0,0,0,0,273,0,0,0,0
zc,TA209,2012-06-25 09:02:32.630,7062.0000,437598,4,0.0000,4.0000,4,0,双开,B,7060.0000,0.0000,0.0000,0.0000,0.0000,7062.0000,0.0000,0.0000,0.0000,0.0000,5,0,0,0,0,271,0,0,0,0
zc,TA209,2012-06-25 09:02:33.367,7060.0000,437598,0,0.0000,20.0000,10,10,空换,S,7060.0000,0.0000,0.0000,0.0000,0.0000,7062.0000,0.0000,0.0000,0.0000,0.0000,20,0,0,0,0,271,0,0,0,0
zc,TA209,2012-06-25 09:02:33.850,7062.0000,437602,4,0.0000,4.0000,4,0,双开,B,7060.0000,0.0000,0.0000,0.0000,0.0000,7062.0000,0.0000,0.0000,0.0000,0.0000,21,0,0,0,0,383,0,0,0,0
zc,TA209,2012-06-25 09:02:34.663,7062.0000,437606,4,0.0000,4.0000,4,0,双开,B,7060.0000,0.0000,0.0000,0.0000,0.0000,7062.0000,0.0000,0.0000,0.0000,0.0000,127,0,0,0,0,383,0,0,0,0
zc,TA209,2012-06-25 09:02:35.100,7062.0000,437628,22,0.0000,24.0000,23,1,多开,B,7060.0000,0.0000,0.0000,0.0000,0.0000,7062.0000,0.0000,0.0000,0.0000,0.0000,128,0,0,0,0,374,0,0,0,0
zc,TA209,2012-06-25 09:02:35.927,7062.0000,437660,32,0.0000,128.0000,80,48,多开,B,7060.0000,0.0000,0.0000,0.0000,0.0000,7062.0000,0.0000,0.0000,0.0000,0.0000,92,0,0,0,0,353,0,0,0,0
zc,TA209,2012-06-25 09:02:36.427,7060.0000,437634,-26,0.0000,94.0000,34,60,多平,S,7060.0000,0.0000,0.0000,0.0000,0.0000,7062.0000,0.0000,0.0000,0.0000,0.0000,134,0,0,0,0,316,0,0,0,0
zc,TA209,2012-06-25 09:02:37.147,7060.0000,437634,0,0.0000,22.0000,11,11,空换,S,7060.0000,0.0000,0.0000,0.0000,0.0000,7062.0000,0.0000,0.0000,0.0000,0.0000,151,0,0,0,0,311,0,0,0,0
zc,TA209,2012-06-25 09:02:37.693,7060.0000,437636,2,0.0000,54.0000,28,26,空开,S,7060.0000,0.0000,0.0000,0.0000,0.0000,7062.0000,0.0000,0.0000,0.0000,0.0000,140,0,0,0,0,314,0,0,0,0
zc,TA209,2012-06-25 09:02:38.630,7062.0000,437480,-156,0.0000,548.0000,196,352,空平,B,7060.0000,0.0000,0.0000,0.0000,0.0000,7062.0000,0.0000,0.0000,0.0000,0.0000,120,0,0,0,0,41,0,0,0,0
zc,TA209,2012-06-25 09:02:39.147,7062.0000,437480,0,0.0000,36.0000,18,18,多换,B,7060.0000,0.0000,0.0000,0.0000,0.0000,7062.0000,0.0000,0.0000,0.0000,0.0000,115,0,0,0,0,29,0,0,0,0
zc,TA209,2012-06-25 09:02:39.913,7064.0000,437500,20,0.0000,80.0000,50,30,多开,B,7062.0000,0.0000,0.0000,0.0000,0.0000,7064.0000,0.0000,0.0000,0.0000,0.0000,37,0,0,0,0,137,0,0,0,0
zc,TA209,2012-06-25 09:02:40.380,7064.0000,437540,40,0.0000,188.0000,114,74,多开,B,7062.0000,0.0000,0.0000,0.0000,0.0000,7064.0000,0.0000,0.0000,0.0000,0.0000,37,0,0,0,0,44,0,0,0,0
zc,TA209,2012-06-25 09:02:41.163,7062.0000,437590,50,0.0000,146.0000,98,48,空开,S,7060.0000,0.0000,0.0000,0.0000,0.0000,7062.0000,0.0000,0.0000,0.0000,0.0000,112,0,0,0,0,246,0,0,0,0
zc,TA209,2012-06-25 09:02:41.617,7062.0000,437598,8,0.0000,22.0000,15,7,空开,S,7060.0000,0.0000,0.0000,0.0000,0.0000,7062.0000,0.0000,0.0000,0.0000,0.0000,112,0,0,0,0,235,0,0,0,0
zc,TA209,2012-06-25 09:02:42.413,7062.0000,437600,2,0.0000,30.0000,16,14,空开,S,7060.0000,0.0000,0.0000,0.0000,0.0000,7062.0000,0.0000,0.0000,0.0000,0.0000,113,0,0,0,0,222,0,0,0,0
zc,TA209,2012-06-25 09:02:42.927,7062.0000,437616,16,0.0000,22.0000,19,3,空开,S,7060.0000,0.0000,0.0000,0.0000,0.0000,7062.0000,0.0000,0.0000,0.0000,0.0000,116,0,0,0,0,211,0,0,0,0
zc,TA209,2012-06-25 09:02:43.663,7062.0000,437632,16,0.0000,26.0000,21,5,空开,S,7060.0000,0.0000,0.0000,0.0000,0.0000,7062.0000,0.0000,0.0000,0.0000,0.0000,127,0,0,0,0,198,0,0,0,0
zc,TA209,2012-06-25 09:02:44.147,7062.0000,437650,18,0.0000,84.0000,51,33,空开,S,7060.0000,0.0000,0.0000,0.0000,0.0000,7062.0000,0.0000,0.0000,0.0000,0.0000,337,0,0,0,0,213,0,0,0,0
zc,TA209,2012-06-25 09:02:44.897,7062.0000,437656,6,0.0000,96.0000,51,45,空开,S,7060.0000,0.0000,0.0000,0.0000,0.0000,7062.0000,0.0000,0.0000,0.0000,0.0000,335,0,0,0,0,165,0,0,0,0
zc,TA209,2012-06-25 09:02:45.427,7062.0000,437604,-52,0.0000,310.0000,129,181,多平,S,7060.0000,0.0000,0.0000,0.0000,0.0000,7062.0000,0.0000,0.0000,0.0000,0.0000,335,0,0,0,0,13,0,0,0,0
zc,TA209,2012-06-25 09:02:45.913,7060.0000,437622,18,0.0000,86.0000,52,34,空开,S,7062.0000,0.0000,0.0000,0.0000,0.0000,7064.0000,0.0000,0.0000,0.0000,0.0000,4,0,0,0,0,66,0,0,0,0
zc,TA209,2012-06-25 09:02:46.617,7062.0000,437614,-8,0.0000,8.0000,0,8,双平,B,7062.0000,0.0000,0.0000,0.0000,0.0000,7064.0000,0.0000,0.0000,0.0000,0.0000,121,0,0,0,0,63,0,0,0,0
zc,TA209,2012-06-25 09:02:47.130,7064.0000,437610,-4,0.0000,8.0000,2,6,空平,B,7062.0000,0.0000,0.0000,0.0000,0.0000,7064.0000,0.0000,0.0000,0.0000,0.0000,124,0,0,0,0,63,0,0,0,0
zc,TA209,2012-06-25 09:02:47.927,7064.0000,437706,96,0.0000,220.0000,158,62,多开,B,7062.0000,0.0000,0.0000,0.0000,0.0000,7064.0000,0.0000,0.0000,0.0000,0.0000,217,0,0,0,0,24,0,0,0,0
zc,TA209,2012-06-25 09:02:48.427,7064.0000,437728,22,0.0000,134.0000,78,56,多开,B,7062.0000,0.0000,0.0000,0.0000,0.0000,7064.0000,0.0000,0.0000,0.0000,0.0000,205,0,0,0,0,112,0,0,0,0
zc,TA209,2012-06-25 09:02:49.177,7064.0000,437636,-92,0.0000,136.0000,22,114,空平,B,7062.0000,0.0000,0.0000,0.0000,0.0000,7064.0000,0.0000,0.0000,0.0000,0.0000,206,0,0,0,0,54,0,0,0,0
zc,TA209,2012-06-25 09:02:49.630,7066.0000,437688,52,0.0000,146.0000,99,47,多开,B,7064.0000,0.0000,0.0000,0.0000,0.0000,7066.0000,0.0000,0.0000,0.0000,0.0000,5,0,0,0,0,126,0,0,0,0
zc,TA209,2012-06-25 09:02:50.397,7064.0000,437698,10,0.0000,44.0000,27,17,空开,S,7064.0000,0.0000,0.0000,0.0000,0.0000,7066.0000,0.0000,0.0000,0.0000,0.0000,98,0,0,0,0,108,0,0,0,0
zc,TA209,2012-06-25 09:02:50.880,7064.0000,437862,164,0.0000,414.0000,289,125,空开,S,7062.0000,0.0000,0.0000,0.0000,0.0000,7064.0000,0.0000,0.0000,0.0000,0.0000,184,0,0,0,0,20,0,0,0,0
zc,TA209,2012-06-25 09:02:51.630,7064.0000,437870,8,0.0000,50.0000,29,21,空开,S,7062.0000,0.0000,0.0000,0.0000,0.0000,7064.0000,0.0000,0.0000,0.0000,0.0000,185,0,0,0,0,1,0,0,0,0
zc,TA209,2012-06-25 09:02:52.177,7066.0000,437884,14,0.0000,22.0000,18,4,多开,B,7064.0000,0.0000,0.0000,0.0000,0.0000,7066.0000,0.0000,0.0000,0.0000,0.0000,1,0,0,0,0,127,0,0,0,0
zc,TA209,2012-06-25 09:02:52.897,7066.0000,438294,410,0.0000,550.0000,480,70,多开,B,7066.0000,0.0000,0.0000,0.0000,0.0000,7068.0000,0.0000,0.0000,0.0000,0.0000,52,0,0,0,0,41,0,0,0,0
zc,TA209,2012-06-25 09:02:53.630,7066.0000,438400,106,0.0000,130.0000,118,12,多开,B,7066.0000,0.0000,0.0000,0.0000,0.0000,7068.0000,0.0000,0.0000,0.0000,0.0000,64,0,0,0,0,15,0,0,0,0
zc,TA209,2012-06-25 09:02:54.413,7064.0000,438530,130,0.0000,214.0000,172,42,空开,S,7062.0000,0.0000,0.0000,0.0000,0.0000,7064.0000,0.0000,0.0000,0.0000,0.0000,147,0,0,0,0,200,0,0,0,0
zc,TA209,2012-06-25 09:02:54.630,7064.0000,438846,316,0.0000,326.0000,321,5,空开,S,7062.0000,0.0000,0.0000,0.0000,0.0000,7064.0000,0.0000,0.0000,0.0000,0.0000,136,0,0,0,0,50,0,0,0,0
zc,TA209,2012-06-25 09:02:55.663,7070.0000,438710,-136,0.0000,416.0000,140,276,空平,B,7068.0000,0.0000,0.0000,0.0000,0.0000,7070.0000,0.0000,0.0000,0.0000,0.0000,120,0,0,0,0,243,0,0,0,0
zc,TA209,2012-06-25 09:02:56.147,7068.0000,438646,-64,0.0000,70.0000,3,67,多平,S,7068.0000,0.0000,0.0000,0.0000,0.0000,7070.0000,0.0000,0.0000,0.0000,0.0000,116,0,0,0,0,255,0,0,0,0
zc,TA209,2012-06-25 09:02:56.617,7068.0000,438658,12,0.0000,402.0000,207,195,空开,S,7068.0000,0.0000,0.0000,0.0000,0.0000,7070.0000,0.0000,0.0000,0.0000,0.0000,205,0,0,0,0,158,0,0,0,0
zc,TA209,2012-06-25 09:02:57.367,7070.0000,438656,-2,0.0000,104.0000,51,53,空平,B,7068.0000,0.0000,0.0000,0.0000,0.0000,7070.0000,0.0000,0.0000,0.0000,0.0000,192,0,0,0,0,119,0,0,0,0
zc,TA209,2012-06-25 09:02:57.880,7070.0000,438474,-182,0.0000,240.0000,29,211,空平,B,7068.0000,0.0000,0.0000,0.0000,0.0000,7070.0000,0.0000,0.0000,0.0000,0.0000,86,0,0,0,0,105,0,0,0,0
zc,TA209,2012-06-25 09:02:58.663,7070.0000,438458,-16,0.0000,118.0000,51,67,空平,B,7068.0000,0.0000,0.0000,0.0000,0.0000,7070.0000,0.0000,0.0000,0.0000,0.0000,76,0,0,0,0,253,0,0,0,0
zc,TA209,2012-06-25 09:02:59.163,7070.0000,438424,-34,0.0000,76.0000,21,55,空平,B,7068.0000,0.0000,0.0000,0.0000,0.0000,7070.0000,0.0000,0.0000,0.0000,0.0000,40,0,0,0,0,501,0,0,0,0
zc,TA209,2012-06-25 09:02:59.850,7070.0000,438236,-188,0.0000,508.0000,160,348,空平,B,7066.0000,0.0000,0.0000,0.0000,0.0000,7070.0000,0.0000,0.0000,0.0000,0.0000,6,0,0,0,0,188,0,0,0,0
zc,TA209,2012-06-25 09:03:00.397,7070.0000,438258,22,0.0000,90.0000,56,34,多开,B,7068.0000,0.0000,0.0000,0.0000,0.0000,7070.0000,0.0000,0.0000,0.0000,0.0000,8,0,0,0,0,215,0,0,0,0
zc,TA209,2012-06-25 09:03:01.147,7070.0000,438248,-10,0.0000,430.0000,210,220,空平,B,7066.0000,0.0000,0.0000,0.0000,0.0000,7070.0000,0.0000,0.0000,0.0000,0.0000,20,0,0,0,0,16,0,0,0,0
zc,TA209,2012-06-25 09:03:01.677,7070.0000,438234,-14,0.0000,82.0000,34,48,空平,B,7068.0000,0.0000,0.0000,0.0000,0.0000,7070.0000,0.0000,0.0000,0.0000,0.0000,210,0,0,0,0,46,0,0,0,0
zc,TA209,2012-06-25 09:03:02.397,7070.0000,438246,12,0.0000,108.0000,60,48,多开,B,7070.0000,0.0000,0.0000,0.0000,0.0000,7072.0000,0.0000,0.0000,0.0000,0.0000,6,0,0,0,0,18,0,0,0,0
zc,TA209,2012-06-25 09:03:03.163,7070.0000,438248,2,0.0000,6.0000,4,2,多开,B,7070.0000,0.0000,0.0000,0.0000,0.0000,7072.0000,0.0000,0.0000,0.0000,0.0000,5,0,0,0,0,20,0,0,0,0
zc,TA209,2012-06-25 09:03:03.897,7070.0000,438244,-4,0.0000,66.0000,31,35,空平,B,7070.0000,0.0000,0.0000,0.0000,0.0000,7072.0000,0.0000,0.0000,0.0000,0.0000,24,0,0,0,0,16,0,0,0,0
zc,TA209,2012-06-25 09:03:04.380,7072.0000,438206,-38,0.0000,192.0000,77,115,空平,B,7070.0000,0.0000,0.0000,0.0000,0.0000,7072.0000,0.0000,0.0000,0.0000,0.0000,1,0,0,0,0,61,0,0,0,0
zc,TA209,2012-06-25 09:03:05.163,7070.0000,438220,14,0.0000,30.0000,22,8,空开,S,7068.0000,0.0000,0.0000,0.0000,0.0000,7070.0000,0.0000,0.0000,0.0000,0.0000,180,0,0,0,0,184,0,0,0,0
zc,TA209,2012-06-25 09:03:05.630,7070.0000,438236,16,0.0000,34.0000,25,9,空开,S,7068.0000,0.0000,0.0000,0.0000,0.0000,7070.0000,0.0000,0.0000,0.0000,0.0000,189,0,0,0,0,176,0,0,0,0
zc,TA209,2012-06-25 09:03:06.117,7068.0000,438228,-8,0.0000,254.0000,123,131,多平,S,7068.0000,0.0000,0.0000,0.0000,0.0000,7070.0000,0.0000,0.0000,0.0000,0.0000,77,0,0,0,0,268,0,0,0,0
zc,TA209,2012-06-25 09:03:06.913,7068.0000,438302,74,0.0000,230.0000,152,78,空开,S,7066.0000,0.0000,0.0000,0.0000,0.0000,7068.0000,0.0000,0.0000,0.0000,0.0000,36,0,0,0,0,31,0,0,0,0
zc,TA209,2012-06-25 09:03:07.443,7068.0000,438314,12,0.0000,26.0000,19,7,空开,S,7066.0000,0.0000,0.0000,0.0000,0.0000,7068.0000,0.0000,0.0000,0.0000,0.0000,35,0,0,0,0,27,0,0,0,0
zc,TA209,2012-06-25 09:03:07.867,7068.0000,438328,14,0.0000,40.0000,27,13,空开,S,7066.0000,0.0000,0.0000,0.0000,0.0000,7068.0000,0.0000,0.0000,0.0000,0.0000,35,0,0,0,0,81,0,0,0,0
zc,TA209,2012-06-25 09:03:08.617,7066.0000,438370,42,0.0000,80.0000,61,19,空开,S,7066.0000,0.0000,0.0000,0.0000,0.0000,7068.0000,0.0000,0.0000,0.0000,0.0000,43,0,0,0,0,49,0,0,0,0
zc,TA209,2012-06-25 09:03:09.163,7066.0000,438342,-28,0.0000,292.0000,132,160,多平,S,7064.0000,0.0000,0.0000,0.0000,0.0000,7066.0000,0.0000,0.0000,0.0000,0.0000,380,0,0,0,0,22,0,0,0,0
zc,TA209,2012-06-25 09:03:09.663,7066.0000,438348,6,0.0000,60.0000,33,27,空开,S,7064.0000,0.0000,0.0000,0.0000,0.0000,7066.0000,0.0000,0.0000,0.0000,0.0000,385,0,0,0,0,4,0,0,0,0
zc,TA209,2012-06-25 09:03:10.397,7064.0000,438342,-6,0.0000,28.0000,11,17,多平,S,7064.0000,0.0000,0.0000,0.0000,0.0000,7066.0000,0.0000,0.0000,0.0000,0.0000,381,0,0,0,0,1,0,0,0,0
zc,TA209,2012-06-25 09:03:10.880,7064.0000,438358,16,0.0000,44.0000,30,14,空开,S,7064.0000,0.0000,0.0000,0.0000,0.0000,7070.0000,0.0000,0.0000,0.0000,0.0000,376,0,0,0,0,441,0,0,0,0
zc,TA209,2012-06-25 09:03:11.647,7064.0000,438358,0,0.0000,2.0000,1,1,空换,S,7064.0000,0.0000,0.0000,0.0000,0.0000,7068.0000,0.0000,0.0000,0.0000,0.0000,375,0,0,0,0,4,0,0,0,0
zc,TA209,2012-06-25 09:03:12.367,7068.0000,438342,-16,0.0000,90.0000,37,53,空平,B,7066.0000,0.0000,0.0000,0.0000,0.0000,7068.0000,0.0000,0.0000,0.0000,0.0000,9,0,0,0,0,122,0,0,0,0
zc,TA209,2012-06-25 09:03:12.897,7068.0000,438340,-2,0.0000,6.0000,2,4,空平,B,7066.0000,0.0000,0.0000,0.0000,0.0000,7068.0000,0.0000,0.0000,0.0000,0.0000,39,0,0,0,0,142,0,0,0,0
zc,TA209,2012-06-25 09:03:13.600,7066.0000,438350,10,0.0000,68.0000,39,29,空开,S,7066.0000,0.0000,0.0000,0.0000,0.0000,7068.0000,0.0000,0.0000,0.0000,0.0000,62,0,0,0,0,152,0,0,0,0
zc,TA209,2012-06-25 09:03:14.117,7068.0000,438346,-4,0.0000,14.0000,5,9,空平,B,7066.0000,0.0000,0.0000,0.0000,0.0000,7068.0000,0.0000,0.0000,0.0000,0.0000,89,0,0,0,0,152,0,0,0,0
zc,TA209,2012-06-25 09:03:14.617,7068.0000,438470,124,0.0000,390.0000,257,133,多开,B,7066.0000,0.0000,0.0000,0.0000,0.0000,7068.0000,0.0000,0.0000,0.0000,0.0000,46,0,0,0,0,30,0,0,0,0
zc,TA209,2012-06-25 09:03:15.367,7066.0000,438468,-2,0.0000,10.0000,4,6,多平,S,7066.0000,0.0000,0.0000,0.0000,0.0000,7068.0000,0.0000,0.0000,0.0000,0.0000,47,0,0,0,0,222,0,0,0,0
zc,TA209,2012-06-25 09:03:15.943,7066.0000,438404,-64,0.0000,110.0000,23,87,多平,S,7064.0000,0.0000,0.0000,0.0000,0.0000,7066.0000,0.0000,0.0000,0.0000,0.0000,387,0,0,0,0,114,0,0,0,0
zc,TA209,2012-06-25 09:03:16.617,7066.0000,438416,12,0.0000,20.0000,16,4,空开,S,7064.0000,0.0000,0.0000,0.0000,0.0000,7066.0000,0.0000,0.0000,0.0000,0.0000,400,0,0,0,0,219,0,0,0,0
zc,TA209,2012-06-25 09:03:17.130,7066.0000,438410,-6,0.0000,22.0000,8,14,多平,S,7064.0000,0.0000,0.0000,0.0000,0.0000,7066.0000,0.0000,0.0000,0.0000,0.0000,400,0,0,0,0,209,0,0,0,0
zc,TA209,2012-06-25 09:03:17.867,7066.0000,438396,-14,0.0000,54.0000,20,34,多平,S,7064.0000,0.0000,0.0000,0.0000,0.0000,7066.0000,0.0000,0.0000,0.0000,0.0000,360,0,0,0,0,283,0,0,0,0
zc,TA209,2012-06-25 09:03:18.380,7066.0000,438388,-8,0.0000,12.0000,2,10,多平,S,7064.0000,0.0000,0.0000,0.0000,0.0000,7066.0000,0.0000,0.0000,0.0000,0.0000,361,0,0,0,0,279,0,0,0,0
zc,TA209,2012-06-25 09:03:19.100,7066.0000,438252,-136,0.0000,136.0000,0,136,双平,S,7064.0000,0.0000,0.0000,0.0000,0.0000,7066.0000,0.0000,0.0000,0.0000,0.0000,361,0,0,0,0,216,0,0,0,0
zc,TA209,2012-06-25 09:03:19.630,7064.0000,438250,-2,0.0000,4.0000,1,3,多平,S,7064.0000,0.0000,0.0000,0.0000,0.0000,7066.0000,0.0000,0.0000,0.0000,0.0000,368,0,0,0,0,216,0,0,0,0
zc,TA209,2012-06-25 09:03:20.117,7066.0000,438144,-106,0.0000,132.0000,13,119,空平,B,7064.0000,0.0000,0.0000,0.0000,0.0000,7066.0000,0.0000,0.0000,0.0000,0.0000,351,0,0,0,0,206,0,0,0,0
zc,TA209,2012-06-25 09:03:20.880,7066.0000,438172,28,0.0000,78.0000,53,25,多开,B,7064.0000,0.0000,0.0000,0.0000,0.0000,7066.0000,0.0000,0.0000,0.0000,0.0000,334,0,0,0,0,185,0,0,0,0
zc,TA209,2012-06-25 09:03:21.397,7066.0000,438126,-46,0.0000,382.0000,168,214,空平,B,7066.0000,0.0000,0.0000,0.0000,0.0000,7068.0000,0.0000,0.0000,0.0000,0.0000,11,0,0,0,0,135,0,0,0,0
zc,TA209,2012-06-25 09:03:22.117,7064.0000,438126,0,0.0000,248.0000,124,124,空换,S,7064.0000,0.0000,0.0000,0.0000,0.0000,7068.0000,0.0000,0.0000,0.0000,0.0000,314,0,0,0,0,113,0,0,0,0
zc,TA209,2012-06-25 09:03:22.927,7064.0000,438124,-2,0.0000,16.0000,7,9,多平,S,7066.0000,0.0000,0.0000,0.0000,0.0000,7068.0000,0.0000,0.0000,0.0000,0.0000,2,0,0,0,0,116,0,0,0,0
zc,TA209,2012-06-25 09:03:23.380,7064.0000,438158,34,0.0000,44.0000,39,5,空开,S,7064.0000,0.0000,0.0000,0.0000,0.0000,7068.0000,0.0000,0.0000,0.0000,0.0000,305,0,0,0,0,103,0,0,0,0
zc,TA209,2012-06-25 09:03:24.147,7068.0000,438042,-116,0.0000,140.0000,12,128,空平,B,7066.0000,0.0000,0.0000,0.0000,0.0000,7068.0000,0.0000,0.0000,0.0000,0.0000,8,0,0,0,0,146,0,0,0,0
zc,TA209,2012-06-25 09:03:24.617,7066.0000,438042,0,0.0000,8.0000,4,4,空换,S,7066.0000,0.0000,0.0000,0.0000,0.0000,7068.0000,0.0000,0.0000,0.0000,0.0000,48,0,0,0,0,144,0,0,0,0
zc,TA209,2012-06-25 09:03:25.117,7068.0000,438044,2,0.0000,8.0000,5,3,多开,B,7066.0000,0.0000,0.0000,0.0000,0.0000,7068.0000,0.0000,0.0000,0.0000,0.0000,57,0,0,0,0,237,0,0,0,0
zc,TA209,2012-06-25 09:03:25.850,7066.0000,438066,22,0.0000,40.0000,31,9,空开,S,7066.0000,0.0000,0.0000,0.0000,0.0000,7068.0000,0.0000,0.0000,0.0000,0.0000,45,0,0,0,0,229,0,0,0,0
zc,TA209,2012-06-25 09:03:26.380,7066.0000,438100,34,0.0000,74.0000,54,20,空开,S,7066.0000,0.0000,0.0000,0.0000,0.0000,7068.0000,0.0000,0.0000,0.0000,0.0000,38,0,0,0,0,229,0,0,0,0
zc,TA209,2012-06-25 09:03:27.413,7066.0000,438070,-30,0.0000,196.0000,83,113,多平,S,7066.0000,0.0000,0.0000,0.0000,0.0000,7068.0000,0.0000,0.0000,0.0000,0.0000,36,0,0,0,0,154,0,0,0,0
zc,TA209,2012-06-25 09:03:28.163,7066.0000,438022,-48,0.0000,682.0000,317,365,多平,S,7066.0000,0.0000,0.0000,0.0000,0.0000,7070.0000,0.0000,0.0000,0.0000,0.0000,41,0,0,0,0,470,0,0,0,0
zc,TA209,2012-06-25 09:03:28.617,7066.0000,437970,-52,0.0000,192.0000,70,122,多平,S,7064.0000,0.0000,0.0000,0.0000,0.0000,7066.0000,0.0000,0.0000,0.0000,0.0000,282,0,0,0,0,967,0,0,0,0
zc,TA209,2012-06-25 09:03:29.397,7066.0000,437458,-512,0.0000,514.0000,1,513,多平,S,7064.0000,0.0000,0.0000,0.0000,0.0000,7066.0000,0.0000,0.0000,0.0000,0.0000,276,0,0,0,0,711,0,0,0,0
zc,TA209,2012-06-25 09:03:30.100,7064.0000,437454,-4,0.0000,6.0000,1,5,多平,S,7064.0000,0.0000,0.0000,0.0000,0.0000,7066.0000,0.0000,0.0000,0.0000,0.0000,286,0,0,0,0,811,0,0,0,0
zc,TA209,2012-06-25 09:03:30.367,7066.0000,437376,-78,0.0000,80.0000,1,79,空平,B,7064.0000,0.0000,0.0000,0.0000,0.0000,7066.0000,0.0000,0.0000,0.0000,0.0000,272,0,0,0,0,773,0,0,0,0
zc,TA209,2012-06-25 09:03:31.147,7064.0000,437366,-10,0.0000,12.0000,1,11,多平,S,7064.0000,0.0000,0.0000,0.0000,0.0000,7066.0000,0.0000,0.0000,0.0000,0.0000,279,0,0,0,0,770,0,0,0,0
zc,TA209,2012-06-25 09:03:31.630,7064.0000,437356,-10,0.0000,10.0000,0,10,双平,S,7064.0000,0.0000,0.0000,0.0000,0.0000,7066.0000,0.0000,0.0000,0.0000,0.0000,280,0,0,0,0,767,0,0,0,0
zc,TA209,2012-06-25 09:03:32.397,7066.0000,437314,-42,0.0000,88.0000,23,65,空平,B,7064.0000,0.0000,0.0000,0.0000,0.0000,7066.0000,0.0000,0.0000,0.0000,0.0000,261,0,0,0,0,750,0,0,0,0
zc,TA209,2012-06-25 09:03:32.833,7066.0000,437312,-2,0.0000,50.0000,24,26,空平,B,7064.0000,0.0000,0.0000,0.0000,0.0000,7066.0000,0.0000,0.0000,0.0000,0.0000,244,0,0,0,0,748,0,0,0,0
zc,TA209,2012-06-25 09:03:33.647,7066.0000,437296,-16,0.0000,20.0000,2,18,空平,B,7064.0000,0.0000,0.0000,0.0000,0.0000,7066.0000,0.0000,0.0000,0.0000,0.0000,251,0,0,0,0,739,0,0,0,0
zc,TA209,2012-06-25 09:03:34.130,7066.0000,437278,-18,0.0000,92.0000,37,55,空平,B,7064.0000,0.0000,0.0000,0.0000,0.0000,7066.0000,0.0000,0.0000,0.0000,0.0000,218,0,0,0,0,717,0,0,0,0
zc,TA209,2012-06-25 09:03:34.880,7064.0000,437264,-14,0.0000,16.0000,1,15,多平,S,7064.0000,0.0000,0.0000,0.0000,0.0000,7066.0000,0.0000,0.0000,0.0000,0.0000,216,0,0,0,0,711,0,0,0,0
zc,TA209,2012-06-25 09:03:35.367,7064.0000,437162,-102,0.0000,118.0000,8,110,多平,S,7064.0000,0.0000,0.0000,0.0000,0.0000,7066.0000,0.0000,0.0000,0.0000,0.0000,217,0,0,0,0,708,0,0,0,0
zc,TA209,2012-06-25 09:03:36.130,7066.0000,437136,-26,0.0000,32.0000,3,29,空平,B,7064.0000,0.0000,0.0000,0.0000,0.0000,7066.0000,0.0000,0.0000,0.0000,0.0000,208,0,0,0,0,705,0,0,0,0
zc,TA209,2012-06-25 09:03:36.630,7066.0000,437036,-100,0.0000,108.0000,4,104,空平,B,7064.0000,0.0000,0.0000,0.0000,0.0000,7066.0000,0.0000,0.0000,0.0000,0.0000,206,0,0,0,0,661,0,0,0,0
zc,TA209,2012-06-25 09:03:37.350,7064.0000,436990,-46,0.0000,48.0000,1,47,多平,S,7064.0000,0.0000,0.0000,0.0000,0.0000,7066.0000,0.0000,0.0000,0.0000,0.0000,192,0,0,0,0,644,0,0,0,0
zc,TA209,2012-06-25 09:03:37.867,7064.0000,436998,8,0.0000,118.0000,63,55,空开,S,7064.0000,0.0000,0.0000,0.0000,0.0000,7066.0000,0.0000,0.0000,0.0000,0.0000,181,0,0,0,0,643,0,0,0,0
zc,TA209,2012-06-25 09:03:38.600,7064.0000,436698,-300,0.0000,320.0000,10,310,多平,S,7064.0000,0.0000,0.0000,0.0000,0.0000,7066.0000,0.0000,0.0000,0.0000,0.0000,186,0,0,0,0,484,0,0,0,0
zc,TA209,2012-06-25 09:03:39.083,7066.0000,436684,-14,0.0000,116.0000,51,65,空平,B,7064.0000,0.0000,0.0000,0.0000,0.0000,7066.0000,0.0000,0.0000,0.0000,0.0000,176,0,0,0,0,436,0,0,0,0
zc,TA209,2012-06-25 09:03:39.600,7064.0000,436698,14,0.0000,32.0000,23,9,空开,S,7064.0000,0.0000,0.0000,0.0000,0.0000,7066.0000,0.0000,0.0000,0.0000,0.0000,162,0,0,0,0,584,0,0,0,0
zc,TA209,2012-06-25 09:03:40.333,7066.0000,436854,156,0.0000,226.0000,191,35,多开,B,7064.0000,0.0000,0.0000,0.0000,0.0000,7066.0000,0.0000,0.0000,0.0000,0.0000,58,0,0,0,0,601,0,0,0,0
zc,TA209,2012-06-25 09:03:40.833,7064.0000,436846,-8,0.0000,110.0000,51,59,多平,S,7064.0000,0.0000,0.0000,0.0000,0.0000,7066.0000,0.0000,0.0000,0.0000,0.0000,3,0,0,0,0,605,0,0,0,0
zc,TA209,2012-06-25 09:03:41.647,7064.0000,436850,4,0.0000,40.0000,22,18,空开,S,7064.0000,0.0000,0.0000,0.0000,0.0000,7066.0000,0.0000,0.0000,0.0000,0.0000,213,0,0,0,0,606,0,0,0,0
zc,TA209,2012-06-25 09:03:42.130,7066.0000,436918,68,0.0000,154.0000,111,43,多开,B,7064.0000,0.0000,0.0000,0.0000,0.0000,7066.0000,0.0000,0.0000,0.0000,0.0000,289,0,0,0,0,606,0,0,0,0
zc,TA209,2012-06-25 09:03:42.850,7064.0000,436920,2,0.0000,8.0000,5,3,空开,S,7064.0000,0.0000,0.0000,0.0000,0.0000,7066.0000,0.0000,0.0000,0.0000,0.0000,285,0,0,0,0,609,0,0,0,0
zc,TA209,2012-06-25 09:03:43.100,7064.0000,437178,258,0.0000,424.0000,341,83,空开,S,7064.0000,0.0000,0.0000,0.0000,0.0000,7066.0000,0.0000,0.0000,0.0000,0.0000,73,0,0,0,0,609,0,0,0,0
zc,TA209,2012-06-25 09:03:43.880,7064.0000,437178,0,0.0000,0.0000,0,0,空换,S,7064.0000,0.0000,0.0000,0.0000,0.0000,7066.0000,0.0000,0.0000,0.0000,0.0000,75,0,0,0,0,632,0,0,0,0
zc,TA209,2012-06-25 09:03:44.617,7064.0000,437172,-6,0.0000,6.0000,0,6,双平,S,7064.0000,0.0000,0.0000,0.0000,0.0000,7066.0000,0.0000,0.0000,0.0000,0.0000,73,0,0,0,0,733,0,0,0,0
zc,TA209,2012-06-25 09:03:45.130,7064.0000,437164,-8,0.0000,30.0000,11,19,多平,S,7064.0000,0.0000,0.0000,0.0000,0.0000,7066.0000,0.0000,0.0000,0.0000,0.0000,59,0,0,0,0,772,0,0,0,0
zc,TA209,2012-06-25 09:03:45.867,7064.0000,437164,0,0.0000,2.0000,1,1,空换,S,7064.0000,0.0000,0.0000,0.0000,0.0000,7066.0000,0.0000,0.0000,0.0000,0.0000,58,0,0,0,0,773,0,0,0,0
zc,TA209,2012-06-25 09:03:46.117,7064.0000,437106,-58,0.0000,68.0000,5,63,多平,S,7064.0000,0.0000,0.0000,0.0000,0.0000,7066.0000,0.0000,0.0000,0.0000,0.0000,30,0,0,0,0,772,0,0,0,0
zc,TA209,2012-06-25 09:03:46.850,7066.0000,437074,-32,0.0000,38.0000,3,35,空平,B,7064.0000,0.0000,0.0000,0.0000,0.0000,7066.0000,0.0000,0.0000,0.0000,0.0000,42,0,0,0,0,766,0,0,0,0
zc,TA209,2012-06-25 09:03:47.367,7066.0000,437066,-8,0.0000,52.0000,22,30,空平,B,7064.0000,0.0000,0.0000,0.0000,0.0000,7066.0000,0.0000,0.0000,0.0000,0.0000,21,0,0,0,0,761,0,0,0,0
zc,TA209,2012-06-25 09:03:48.117,7064.0000,437020,-46,0.0000,206.0000,80,126,多平,S,7064.0000,0.0000,0.0000,0.0000,0.0000,7066.0000,0.0000,0.0000,0.0000,0.0000,63,0,0,0,0,764,0,0,0,0
zc,TA209,2012-06-25 09:03:48.630,7064.0000,437018,-2,0.0000,18.0000,8,10,多平,S,7064.0000,0.0000,0.0000,0.0000,0.0000,7066.0000,0.0000,0.0000,0.0000,0.0000,74,0,0,0,0,760,0,0,0,0
zc,TA209,2012-06-25 09:03:49.380,7066.0000,437062,44,0.0000,244.0000,144,100,多开,B,7064.0000,0.0000,0.0000,0.0000,0.0000,7066.0000,0.0000,0.0000,0.0000,0.0000,41,0,0,0,0,753,0,0,0,0
zc,TA209,2012-06-25 09:03:49.867,7066.0000,437062,0,0.0000,30.0000,15,15,多换,B,7064.0000,0.0000,0.0000,0.0000,0.0000,7066.0000,0.0000,0.0000,0.0000,0.0000,41,0,0,0,0,740,0,0,0,0
zc,TA209,2012-06-25 09:03:50.367,7064.0000,437142,80,0.0000,88.0000,84,4,空开,S,7064.0000,0.0000,0.0000,0.0000,0.0000,7066.0000,0.0000,0.0000,0.0000,0.0000,3,0,0,0,0,741,0,0,0,0
zc,TA209,2012-06-25 09:03:51.130,7066.0000,437142,0,0.0000,122.0000,61,61,多换,B,7064.0000,0.0000,0.0000,0.0000,0.0000,7066.0000,0.0000,0.0000,0.0000,0.0000,36,0,0,0,0,689,0,0,0,0
zc,TA209,2012-06-25 09:03:51.617,7064.0000,437170,28,0.0000,56.0000,42,14,空开,S,7062.0000,0.0000,0.0000,0.0000,0.0000,7064.0000,0.0000,0.0000,0.0000,0.0000,51,0,0,0,0,25,0,0,0,0
zc,TA209,2012-06-25 09:03:52.413,7062.0000,437138,-32,0.0000,104.0000,36,68,多平,S,7062.0000,0.0000,0.0000,0.0000,0.0000,7066.0000,0.0000,0.0000,0.0000,0.0000,44,0,0,0,0,671,0,0,0,0
zc,TA209,2012-06-25 09:03:52.880,7064.0000,437140,2,0.0000,18.0000,10,8,多开,B,7064.0000,0.0000,0.0000,0.0000,0.0000,7066.0000,0.0000,0.0000,0.0000,0.0000,8,0,0,0,0,746,0,0,0,0
zc,TA209,2012-06-25 09:03:53.583,7064.0000,436654,-486,0.0000,502.0000,8,494,空平,B,7064.0000,0.0000,0.0000,0.0000,0.0000,7066.0000,0.0000,0.0000,0.0000,0.0000,15,0,0,0,0,501,0,0,0,0
zc,TA209,2012-06-25 09:03:54.130,7064.0000,436656,2,0.0000,14.0000,8,6,多开,B,7064.0000,0.0000,0.0000,0.0000,0.0000,7066.0000,0.0000,0.0000,0.0000,0.0000,12,0,0,0,0,497,0,0,0,0
zc,TA209,2012-06-25 09:03:54.617,7064.0000,436674,18,0.0000,22.0000,20,2,多开,B,7064.0000,0.0000,0.0000,0.0000,0.0000,7066.0000,0.0000,0.0000,0.0000,0.0000,1,0,0,0,0,561,0,0,0,0
zc,TA209,2012-06-25 09:03:55.130,7064.0000,436680,6,0.0000,26.0000,16,10,多开,B,7062.0000,0.0000,0.0000,0.0000,0.0000,7066.0000,0.0000,0.0000,0.0000,0.0000,44,0,0,0,0,563,0,0,0,0
zc,TA209,2012-06-25 09:03:55.833,7064.0000,436692,12,0.0000,14.0000,13,1,多开,B,7064.0000,0.0000,0.0000,0.0000,0.0000,7066.0000,0.0000,0.0000,0.0000,0.0000,4,0,0,0,0,563,0,0,0,0
zc,TA209,2012-06-25 09:03:56.380,7064.0000,436688,-4,0.0000,24.0000,10,14,空平,B,7062.0000,0.0000,0.0000,0.0000,0.0000,7064.0000,0.0000,0.0000,0.0000,0.0000,49,0,0,0,0,34,0,0,0,0
zc,TA209,2012-06-25 09:03:57.130,7066.0000,436274,-414,0.0000,1004.0000,295,709,空平,B,7062.0000,0.0000,0.0000,0.0000,0.0000,7064.0000,0.0000,0.0000,0.0000,0.0000,43,0,0,0,0,22,0,0,0,0
zc,TA209,2012-06-25 09:03:57.600,7062.0000,436268,-6,0.0000,6.0000,0,6,双平,S,7062.0000,0.0000,0.0000,0.0000,0.0000,7064.0000,0.0000,0.0000,0.0000,0.0000,46,0,0,0,0,71,0,0,0,0
zc,TA209,2012-06-25 09:03:58.117,7064.0000,436268,0,0.0000,4.0000,2,2,多换,B,7062.0000,0.0000,0.0000,0.0000,0.0000,7064.0000,0.0000,0.0000,0.0000,0.0000,46,0,0,0,0,73,0,0,0,0
zc,TA209,2012-06-25 09:03:58.833,7064.0000,436272,4,0.0000,6.0000,5,1,多开,B,7062.0000,0.0000,0.0000,0.0000,0.0000,7064.0000,0.0000,0.0000,0.0000,0.0000,46,0,0,0,0,79,0,0,0,0
zc,TA209,2012-06-25 09:03:59.333,7064.0000,436214,-58,0.0000,98.0000,20,78,空平,B,7062.0000,0.0000,0.0000,0.0000,0.0000,7064.0000,0.0000,0.0000,0.0000,0.0000,44,0,0,0,0,45,0,0,0,0
zc,TA209,2012-06-25 09:03:59.867,7062.0000,436214,0,0.0000,4.0000,2,2,空换,S,7062.0000,0.0000,0.0000,0.0000,0.0000,7064.0000,0.0000,0.0000,0.0000,0.0000,45,0,0,0,0,48,0,0,0,0
zc,TA209,2012-06-25 09:04:00.350,7062.0000,436206,-8,0.0000,44.0000,18,26,多平,S,7062.0000,0.0000,0.0000,0.0000,0.0000,7064.0000,0.0000,0.0000,0.0000,0.0000,38,0,0,0,0,29,0,0,0,0
zc,TA209,2012-06-25 09:04:01.380,7062.0000,436202,-4,0.0000,20.0000,8,12,多平,S,7062.0000,0.0000,0.0000,0.0000,0.0000,7064.0000,0.0000,0.0000,0.0000,0.0000,50,0,0,0,0,52,0,0,0,0
zc,TA209,2012-06-25 09:04:01.630,7066.0000,436024,-178,0.0000,328.0000,75,253,空平,B,7066.0000,0.0000,0.0000,0.0000,0.0000,7068.0000,0.0000,0.0000,0.0000,0.0000,39,0,0,0,0,64,0,0,0,0
zc,TA209,2012-06-25 09:04:02.630,7066.0000,435954,-70,0.0000,84.0000,7,77,空平,B,7064.0000,0.0000,0.0000,0.0000,0.0000,7066.0000,0.0000,0.0000,0.0000,0.0000,26,0,0,0,0,79,0,0,0,0
zc,TA209,2012-06-25 09:04:03.117,7066.0000,435826,-128,0.0000,170.0000,21,149,空平,B,7066.0000,0.0000,0.0000,0.0000,0.0000,7068.0000,0.0000,0.0000,0.0000,0.0000,538,0,0,0,0,66,0,0,0,0
zc,TA209,2012-06-25 09:04:03.617,7068.0000,435746,-80,0.0000,138.0000,29,109,空平,B,7068.0000,0.0000,0.0000,0.0000,0.0000,7070.0000,0.0000,0.0000,0.0000,0.0000,53,0,0,0,0,203,0,0,0,0
zc,TA209,2012-06-25 09:04:04.147,7068.0000,435710,-36,0.0000,36.0000,0,36,双平,B,7068.0000,0.0000,0.0000,0.0000,0.0000,7070.0000,0.0000,0.0000,0.0000,0.0000,47,0,0,0,0,202,0,0,0,0
zc,TA209,2012-06-25 09:04:04.927,7070.0000,435512,-198,0.0000,246.0000,24,222,空平,B,7068.0000,0.0000,0.0000,0.0000,0.0000,7070.0000,0.0000,0.0000,0.0000,0.0000,1,0,0,0,0,193,0,0,0,0
zc,TA209,2012-06-25 09:04:05.617,7068.0000,435520,8,0.0000,20.0000,14,6,空开,S,7066.0000,0.0000,0.0000,0.0000,0.0000,7068.0000,0.0000,0.0000,0.0000,0.0000,478,0,0,0,0,2,0,0,0,0
zc,TA209,2012-06-25 09:04:06.130,7068.0000,435424,-96,0.0000,202.0000,53,149,多平,S,7068.0000,0.0000,0.0000,0.0000,0.0000,7070.0000,0.0000,0.0000,0.0000,0.0000,13,0,0,0,0,132,0,0,0,0
zc,TA209,2012-06-25 09:04:06.927,7068.0000,435418,-6,0.0000,34.0000,14,20,多平,S,7066.0000,0.0000,0.0000,0.0000,0.0000,7068.0000,0.0000,0.0000,0.0000,0.0000,435,0,0,0,0,11,0,0,0,0
zc,TA209,2012-06-25 09:04:07.380,7066.0000,435412,-6,0.0000,10.0000,2,8,多平,S,7066.0000,0.0000,0.0000,0.0000,0.0000,7068.0000,0.0000,0.0000,0.0000,0.0000,534,0,0,0,0,210,0,0,0,0
zc,TA209,2012-06-25 09:04:08.130,7068.0000,435526,114,0.0000,116.0000,115,1,多开,B,7066.0000,0.0000,0.0000,0.0000,0.0000,7068.0000,0.0000,0.0000,0.0000,0.0000,537,0,0,0,0,203,0,0,0,0
zc,TA209,2012-06-25 09:04:08.600,7068.0000,435592,66,0.0000,104.0000,85,19,多开,B,7066.0000,0.0000,0.0000,0.0000,0.0000,7068.0000,0.0000,0.0000,0.0000,0.0000,541,0,0,0,0,161,0,0,0,0
zc,TA209,2012-06-25 09:04:09.380,7066.0000,435600,8,0.0000,28.0000,18,10,空开,S,7066.0000,0.0000,0.0000,0.0000,0.0000,7068.0000,0.0000,0.0000,0.0000,0.0000,538,0,0,0,0,150,0,0,0,0
zc,TA209,2012-06-25 09:04:09.867,7068.0000,435604,4,0.0000,24.0000,14,10,多开,B,7066.0000,0.0000,0.0000,0.0000,0.0000,7068.0000,0.0000,0.0000,0.0000,0.0000,539,0,0,0,0,138,0,0,0,0
zc,TA209,2012-06-25 09:04:10.333,7068.0000,435604,0,0.0000,20.0000,10,10,多换,B,7066.0000,0.0000,0.0000,0.0000,0.0000,7068.0000,0.0000,0.0000,0.0000,0.0000,536,0,0,0,0,131,0,0,0,0
zc,TA209,2012-06-25 09:04:10.833,7068.0000,435844,240,0.0000,244.0000,242,2,多开,B,7066.0000,0.0000,0.0000,0.0000,0.0000,7068.0000,0.0000,0.0000,0.0000,0.0000,534,0,0,0,0,37,0,0,0,0
zc,TA209,2012-06-25 09:04:11.617,7068.0000,435840,-4,0.0000,76.0000,36,40,空平,B,7068.0000,0.0000,0.0000,0.0000,0.0000,7070.0000,0.0000,0.0000,0.0000,0.0000,3,0,0,0,0,741,0,0,0,0
zc,TA209,2012-06-25 09:04:12.083,7068.0000,435842,2,0.0000,8.0000,5,3,多开,B,7068.0000,0.0000,0.0000,0.0000,0.0000,7070.0000,0.0000,0.0000,0.0000,0.0000,17,0,0,0,0,740,0,0,0,0
zc,TA209,2012-06-25 09:04:12.880,7066.0000,436158,316,0.0000,990.0000,653,337,空开,S,7064.0000,0.0000,0.0000,0.0000,0.0000,7066.0000,0.0000,0.0000,0.0000,0.0000,64,0,0,0,0,536,0,0,0,0
zc,TA209,2012-06-25 09:04:13.367,7066.0000,436162,4,0.0000,412.0000,208,204,空开,S,7064.0000,0.0000,0.0000,0.0000,0.0000,7066.0000,0.0000,0.0000,0.0000,0.0000,62,0,0,0,0,343,0,0,0,0
zc,TA209,2012-06-25 09:04:14.117,7066.0000,436206,44,0.0000,146.0000,95,51,空开,S,7064.0000,0.0000,0.0000,0.0000,0.0000,7066.0000,0.0000,0.0000,0.0000,0.0000,52,0,0,0,0,270,0,0,0,0
zc,TA209,2012-06-25 09:04:14.663,7064.0000,436142,-64,0.0000,224.0000,80,144,多平,S,7062.0000,0.0000,0.0000,0.0000,0.0000,7064.0000,0.0000,0.0000,0.0000,0.0000,69,0,0,0,0,17,0,0,0,0
zc,TA209,2012-06-25 09:04:15.380,7066.0000,436366,224,0.0000,252.0000,238,14,多开,B,7064.0000,0.0000,0.0000,0.0000,0.0000,7066.0000,0.0000,0.0000,0.0000,0.0000,2,0,0,0,0,138,0,0,0,0
zc,TA209,2012-06-25 09:04:16.130,7066.0000,436378,12,0.0000,56.0000,34,22,多开,B,7064.0000,0.0000,0.0000,0.0000,0.0000,7066.0000,0.0000,0.0000,0.0000,0.0000,5,0,0,0,0,125,0,0,0,0
zc,TA209,2012-06-25 09:04:16.647,7066.0000,436594,216,0.0000,270.0000,243,27,多开,B,7066.0000,0.0000,0.0000,0.0000,0.0000,7068.0000,0.0000,0.0000,0.0000,0.0000,367,0,0,0,0,270,0,0,0,0
zc,TA209,2012-06-25 09:04:17.350,7066.0000,436598,4,0.0000,16.0000,10,6,多开,B,7066.0000,0.0000,0.0000,0.0000,0.0000,7068.0000,0.0000,0.0000,0.0000,0.0000,365,0,0,0,0,270,0,0,0,0
zc,TA209,2012-06-25 09:04:17.867,7068.0000,436596,-2,0.0000,44.0000,21,23,空平,B,7066.0000,0.0000,0.0000,0.0000,0.0000,7068.0000,0.0000,0.0000,0.0000,0.0000,347,0,0,0,0,139,0,0,0,0
zc,TA209,2012-06-25 09:04:18.367,7066.0000,436596,0,0.0000,402.0000,201,201,空换,S,7066.0000,0.0000,0.0000,0.0000,0.0000,7068.0000,0.0000,0.0000,0.0000,0.0000,152,0,0,0,0,110,0,0,0,0
zc,TA209,2012-06-25 09:04:18.850,7068.0000,436566,-30,0.0000,38.0000,4,34,空平,B,7066.0000,0.0000,0.0000,0.0000,0.0000,7068.0000,0.0000,0.0000,0.0000,0.0000,153,0,0,0,0,91,0,0,0,0
zc,TA209,2012-06-25 09:04:19.663,7068.0000,436670,104,0.0000,238.0000,171,67,多开,B,7066.0000,0.0000,0.0000,0.0000,0.0000,7068.0000,0.0000,0.0000,0.0000,0.0000,174,0,0,0,0,52,0,0,0,0
zc,TA209,2012-06-25 09:04:20.130,7068.0000,436668,-2,0.0000,12.0000,5,7,空平,B,7066.0000,0.0000,0.0000,0.0000,0.0000,7068.0000,0.0000,0.0000,0.0000,0.0000,175,0,0,0,0,146,0,0,0,0
zc,TA209,2012-06-25 09:04:20.880,7068.0000,436664,-4,0.0000,16.0000,6,10,空平,B,7066.0000,0.0000,0.0000,0.0000,0.0000,7068.0000,0.0000,0.0000,0.0000,0.0000,175,0,0,0,0,141,0,0,0,0
zc,TA209,2012-06-25 09:04:21.397,7070.0000,436572,-92,0.0000,678.0000,293,385,空平,B,7066.0000,0.0000,0.0000,0.0000,0.0000,7070.0000,0.0000,0.0000,0.0000,0.0000,177,0,0,0,0,561,0,0,0,0
zc,TA209,2012-06-25 09:04:22.413,7066.0000,436572,0,0.0000,8.0000,4,4,空换,S,7066.0000,0.0000,0.0000,0.0000,0.0000,7068.0000,0.0000,0.0000,0.0000,0.0000,175,0,0,0,0,40,0,0,0,0
zc,TA209,2012-06-25 09:04:22.880,7068.0000,436560,-12,0.0000,16.0000,2,14,空平,B,7066.0000,0.0000,0.0000,0.0000,0.0000,7068.0000,0.0000,0.0000,0.0000,0.0000,180,0,0,0,0,45,0,0,0,0
zc,TA209,2012-06-25 09:04:23.630,7068.0000,436778,218,0.0000,772.0000,495,277,多开,B,7068.0000,0.0000,0.0000,0.0000,0.0000,7070.0000,0.0000,0.0000,0.0000,0.0000,4,0,0,0,0,426,0,0,0,0
zc,TA209,2012-06-25 09:04:24.147,7068.0000,436774,-4,0.0000,4.0000,0,4,双平,B,7068.0000,0.0000,0.0000,0.0000,0.0000,7070.0000,0.0000,0.0000,0.0000,0.0000,4,0,0,0,0,427,0,0,0,0
zc,TA209,2012-06-25 09:04:24.867,7070.0000,436792,18,0.0000,36.0000,27,9,多开,B,7068.0000,0.0000,0.0000,0.0000,0.0000,7070.0000,0.0000,0.0000,0.0000,0.0000,5,0,0,0,0,423,0,0,0,0
zc,TA209,2012-06-25 09:04:25.397,7068.0000,437098,306,0.0000,316.0000,311,5,空开,S,7066.0000,0.0000,0.0000,0.0000,0.0000,7068.0000,0.0000,0.0000,0.0000,0.0000,66,0,0,0,0,6,0,0,0,0
zc,TA209,2012-06-25 09:04:26.163,7068.0000,437100,2,0.0000,430.0000,216,214,空开,S,7068.0000,0.0000,0.0000,0.0000,0.0000,7070.0000,0.0000,0.0000,0.0000,0.0000,101,0,0,0,0,74,0,0,0,0
zc,TA209,2012-06-25 09:04:26.617,7070.0000,437102,2,0.0000,4.0000,3,1,多开,B,7068.0000,0.0000,0.0000,0.0000,0.0000,7070.0000,0.0000,0.0000,0.0000,0.0000,106,0,0,0,0,73,0,0,0,0
zc,TA209,2012-06-25 09:04:27.630,7070.0000,437042,-60,0.0000,156.0000,48,108,空平,B,7070.0000,0.0000,0.0000,0.0000,0.0000,7072.0000,0.0000,0.0000,0.0000,0.0000,120,0,0,0,0,76,0,0,0,0
zc,TA209,2012-06-25 09:04:27.880,7072.0000,437030,-12,0.0000,90.0000,39,51,空平,B,7070.0000,0.0000,0.0000,0.0000,0.0000,7072.0000,0.0000,0.0000,0.0000,0.0000,382,0,0,0,0,31,0,0,0,0
zc,TA209,2012-06-25 09:04:28.617,7070.0000,437030,0,0.0000,16.0000,8,8,空换,S,7070.0000,0.0000,0.0000,0.0000,0.0000,7072.0000,0.0000,0.0000,0.0000,0.0000,379,0,0,0,0,23,0,0,0,0
zc,TA209,2012-06-25 09:04:29.147,7074.0000,437038,8,0.0000,56.0000,32,24,多开,B,7072.0000,0.0000,0.0000,0.0000,0.0000,7074.0000,0.0000,0.0000,0.0000,0.0000,41,0,0,0,0,168,0,0,0,0
zc,TA209,2012-06-25 09:04:29.617,7074.0000,437018,-20,0.0000,56.0000,18,38,空平,B,7072.0000,0.0000,0.0000,0.0000,0.0000,7074.0000,0.0000,0.0000,0.0000,0.0000,78,0,0,0,0,148,0,0,0,0
zc,TA209,2012-06-25 09:04:30.427,7074.0000,437000,-18,0.0000,20.0000,1,19,空平,B,7072.0000,0.0000,0.0000,0.0000,0.0000,7074.0000,0.0000,0.0000,0.0000,0.0000,89,0,0,0,0,138,0,0,0,0
zc,TA209,2012-06-25 09:04:30.867,7074.0000,436862,-138,0.0000,178.0000,20,158,空平,B,7072.0000,0.0000,0.0000,0.0000,0.0000,7074.0000,0.0000,0.0000,0.0000,0.0000,66,0,0,0,0,106,0,0,0,0
zc,TA209,2012-06-25 09:04:31.617,7074.0000,436744,-118,0.0000,214.0000,48,166,空平,B,7072.0000,0.0000,0.0000,0.0000,0.0000,7074.0000,0.0000,0.0000,0.0000,0.0000,62,0,0,0,0,3,0,0,0,0
zc,TA209,2012-06-25 09:04:32.083,7072.0000,436748,4,0.0000,10.0000,7,3,空开,S,7072.0000,0.0000,0.0000,0.0000,0.0000,7074.0000,0.0000,0.0000,0.0000,0.0000,61,0,0,0,0,3,0,0,0,0
zc,TA209,2012-06-25 09:04:32.913,7072.0000,436748,0,0.0000,20.0000,10,10,空换,S,7072.0000,0.0000,0.0000,0.0000,0.0000,7074.0000,0.0000,0.0000,0.0000,0.0000,56,0,0,0,0,1,0,0,0,0
zc,TA209,2012-06-25 09:04:33.367,7072.0000,436756,8,0.0000,26.0000,17,9,空开,S,7074.0000,0.0000,0.0000,0.0000,0.0000,7076.0000,0.0000,0.0000,0.0000,0.0000,132,0,0,0,0,18,0,0,0,0
zc,TA209,2012-06-25 09:04:34.100,7074.0000,436766,10,0.0000,24.0000,17,7,多开,B,7074.0000,0.0000,0.0000,0.0000,0.0000,7076.0000,0.0000,0.0000,0.0000,0.0000,219,0,0,0,0,16,0,0,0,0
zc,TA209,2012-06-25 09:04:34.630,7076.0000,436830,64,0.0000,84.0000,74,10,多开,B,7076.0000,0.0000,0.0000,0.0000,0.0000,7078.0000,0.0000,0.0000,0.0000,0.0000,130,0,0,0,0,42,0,0,0,0
zc,TA209,2012-06-25 09:04:35.380,7078.0000,436834,4,0.0000,6.0000,5,1,多开,B,7076.0000,0.0000,0.0000,0.0000,0.0000,7078.0000,0.0000,0.0000,0.0000,0.0000,132,0,0,0,0,44,0,0,0,0
zc,TA209,2012-06-25 09:04:35.600,7078.0000,436834,0,0.0000,20.0000,10,10,多换,B,7076.0000,0.0000,0.0000,0.0000,0.0000,7078.0000,0.0000,0.0000,0.0000,0.0000,131,0,0,0,0,36,0,0,0,0
zc,TA209,2012-06-25 09:04:36.350,7078.0000,436862,28,0.0000,42.0000,35,7,多开,B,7076.0000,0.0000,0.0000,0.0000,0.0000,7078.0000,0.0000,0.0000,0.0000,0.0000,589,0,0,0,0,28,0,0,0,0
zc,TA209,2012-06-25 09:04:36.913,7076.0000,436872,10,0.0000,268.0000,139,129,空开,S,7076.0000,0.0000,0.0000,0.0000,0.0000,7080.0000,0.0000,0.0000,0.0000,0.0000,489,0,0,0,0,115,0,0,0,0
zc,TA209,2012-06-25 09:04:37.897,7082.0000,436764,-108,0.0000,260.0000,76,184,空平,B,7080.0000,0.0000,0.0000,0.0000,0.0000,7082.0000,0.0000,0.0000,0.0000,0.0000,80,0,0,0,0,18,0,0,0,0
zc,TA209,2012-06-25 09:04:38.367,7084.0000,436788,24,0.0000,322.0000,173,149,多开,B,7082.0000,0.0000,0.0000,0.0000,0.0000,7084.0000,0.0000,0.0000,0.0000,0.0000,24,0,0,0,0,35,0,0,0,0
zc,TA209,2012-06-25 09:04:39.100,7084.0000,436800,12,0.0000,30.0000,21,9,多开,B,7082.0000,0.0000,0.0000,0.0000,0.0000,7084.0000,0.0000,0.0000,0.0000,0.0000,179,0,0,0,0,23,0,0,0,0
zc,TA209,2012-06-25 09:04:39.630,7084.0000,436776,-24,0.0000,166.0000,71,95,空平,B,7082.0000,0.0000,0.0000,0.0000,0.0000,7084.0000,0.0000,0.0000,0.0000,0.0000,133,0,0,0,0,50,0,0,0,0
zc,TA209,2012-06-25 09:04:40.083,7084.0000,436720,-56,0.0000,214.0000,79,135,空平,B,7084.0000,0.0000,0.0000,0.0000,0.0000,7086.0000,0.0000,0.0000,0.0000,0.0000,99,0,0,0,0,8,0,0,0,0
zc,TA209,2012-06-25 09:04:40.897,7086.0000,436736,16,0.0000,94.0000,55,39,多开,B,7086.0000,0.0000,0.0000,0.0000,0.0000,7088.0000,0.0000,0.0000,0.0000,0.0000,22,0,0,0,0,33,0,0,0,0
zc,TA209,2012-06-25 09:04:41.367,7086.0000,436732,-4,0.0000,12.0000,4,8,空平,B,7086.0000,0.0000,0.0000,0.0000,0.0000,7088.0000,0.0000,0.0000,0.0000,0.0000,20,0,0,0,0,19,0,0,0,0
zc,TA209,2012-06-25 09:04:42.147,7094.0000,436682,-50,0.0000,146.0000,48,98,空平,B,7088.0000,0.0000,0.0000,0.0000,0.0000,7094.0000,0.0000,0.0000,0.0000,0.0000,7,0,0,0,0,127,0,0,0,0
zc,TA209,2012-06-25 09:04:42.867,7090.0000,436656,-26,0.0000,220.0000,97,123,多平,S,7090.0000,0.0000,0.0000,0.0000,0.0000,7094.0000,0.0000,0.0000,0.0000,0.0000,50,0,0,0,0,33,0,0,0,0
zc,TA209,2012-06-25 09:04:43.647,7094.0000,436624,-32,0.0000,300.0000,134,166,空平,B,7094.0000,0.0000,0.0000,0.0000,0.0000,7096.0000,0.0000,0.0000,0.0000,0.0000,25,0,0,0,0,7,0,0,0,0
zc,TA209,2012-06-25 09:04:44.117,7094.0000,436608,-16,0.0000,58.0000,21,37,空平,B,7094.0000,0.0000,0.0000,0.0000,0.0000,7096.0000,0.0000,0.0000,0.0000,0.0000,17,0,0,0,0,40,0,0,0,0
zc,TA209,2012-06-25 09:04:44.850,7096.0000,436598,-10,0.0000,78.0000,34,44,空平,B,7094.0000,0.0000,0.0000,0.0000,0.0000,7096.0000,0.0000,0.0000,0.0000,0.0000,27,0,0,0,0,8,0,0,0,0
zc,TA209,2012-06-25 09:04:45.380,7098.0000,436570,-28,0.0000,94.0000,33,61,空平,B,7096.0000,0.0000,0.0000,0.0000,0.0000,7098.0000,0.0000,0.0000,0.0000,0.0000,2,0,0,0,0,95,0,0,0,0
zc,TA209,2012-06-25 09:04:46.083,7096.0000,436484,-86,0.0000,100.0000,7,93,多平,S,7096.0000,0.0000,0.0000,0.0000,0.0000,7098.0000,0.0000,0.0000,0.0000,0.0000,1,0,0,0,0,94,0,0,0,0
zc,TA209,2012-06-25 09:04:46.617,7098.0000,436474,-10,0.0000,78.0000,34,44,空平,B,7096.0000,0.0000,0.0000,0.0000,0.0000,7098.0000,0.0000,0.0000,0.0000,0.0000,16,0,0,0,0,68,0,0,0,0
zc,TA209,2012-06-25 09:04:47.100,7098.0000,436338,-136,0.0000,204.0000,34,170,空平,B,7094.0000,0.0000,0.0000,0.0000,0.0000,7098.0000,0.0000,0.0000,0.0000,0.0000,105,0,0,0,0,134,0,0,0,0
zc,TA209,2012-06-25 09:04:47.630,7096.0000,436332,-6,0.0000,306.0000,150,156,多平,S,7096.0000,0.0000,0.0000,0.0000,0.0000,7098.0000,0.0000,0.0000,0.0000,0.0000,39,0,0,0,0,80,0,0,0,0
zc,TA209,2012-06-25 09:04:48.367,7098.0000,436374,42,0.0000,134.0000,88,46,多开,B,7096.0000,0.0000,0.0000,0.0000,0.0000,7098.0000,0.0000,0.0000,0.0000,0.0000,5,0,0,0,0,63,0,0,0,0
zc,TA209,2012-06-25 09:04:49.647,7098.0000,436174,-200,0.0000,612.0000,206,406,空平,B,7098.0000,0.0000,0.0000,0.0000,0.0000,7100.0000,0.0000,0.0000,0.0000,0.0000,368,0,0,0,0,245,0,0,0,0
zc,TA209,2012-06-25 09:04:50.117,7098.0000,436250,76,0.0000,358.0000,217,141,多开,B,7098.0000,0.0000,0.0000,0.0000,0.0000,7100.0000,0.0000,0.0000,0.0000,0.0000,367,0,0,0,0,117,0,0,0,0
zc,TA209,2012-06-25 09:04:50.880,7098.0000,435640,-610,0.0000,864.0000,127,737,空平,B,7098.0000,0.0000,0.0000,0.0000,0.0000,7102.0000,0.0000,0.0000,0.0000,0.0000,114,0,0,0,0,24,0,0,0,0
zc,TA209,2012-06-25 09:04:51.380,7102.0000,435650,10,0.0000,78.0000,44,34,多开,B,7100.0000,0.0000,0.0000,0.0000,0.0000,7102.0000,0.0000,0.0000,0.0000,0.0000,5,0,0,0,0,15,0,0,0,0
zc,TA209,2012-06-25 09:04:52.117,7104.0000,435674,24,0.0000,78.0000,51,27,多开,B,7100.0000,0.0000,0.0000,0.0000,0.0000,7104.0000,0.0000,0.0000,0.0000,0.0000,48,0,0,0,0,103,0,0,0,0
zc,TA209,2012-06-25 09:04:52.583,7100.0000,435816,142,0.0000,410.0000,276,134,空开,S,7100.0000,0.0000,0.0000,0.0000,0.0000,7104.0000,0.0000,0.0000,0.0000,0.0000,14,0,0,0,0,3,0,0,0,0
zc,TA209,2012-06-25 09:04:53.117,7104.0000,435764,-52,0.0000,78.0000,13,65,空平,B,7100.0000,0.0000,0.0000,0.0000,0.0000,7104.0000,0.0000,0.0000,0.0000,0.0000,19,0,0,0,0,22,0,0,0,0
zc,TA209,2012-06-25 09:04:53.897,7100.0000,435774,10,0.0000,68.0000,39,29,空开,S,7098.0000,0.0000,0.0000,0.0000,0.0000,7100.0000,0.0000,0.0000,0.0000,0.0000,357,0,0,0,0,16,0,0,0,0
zc,TA209,2012-06-25 09:04:54.350,7110.0000,435672,-102,0.0000,294.0000,96,198,空平,B,7110.0000,0.0000,0.0000,0.0000,0.0000,7114.0000,0.0000,0.0000,0.0000,0.0000,139,0,0,0,0,113,0,0,0,0
zc,TA209,2012-06-25 09:04:55.130,7110.0000,435426,-246,0.0000,324.0000,39,285,空平,B,7110.0000,0.0000,0.0000,0.0000,0.0000,7112.0000,0.0000,0.0000,0.0000,0.0000,83,0,0,0,0,8,0,0,0,0
zc,TA209,2012-06-25 09:04:55.630,7116.0000,435498,72,0.0000,460.0000,266,194,多开,B,7112.0000,0.0000,0.0000,0.0000,0.0000,7114.0000,0.0000,0.0000,0.0000,0.0000,85,0,0,0,0,37,0,0,0,0
zc,TA209,2012-06-25 09:04:56.367,7112.0000,435498,0,0.0000,194.0000,97,97,空换,S,7112.0000,0.0000,0.0000,0.0000,0.0000,7114.0000,0.0000,0.0000,0.0000,0.0000,16,0,0,0,0,21,0,0,0,0
zc,TA209,2012-06-25 09:04:56.880,7112.0000,435472,-26,0.0000,102.0000,38,64,多平,S,7112.0000,0.0000,0.0000,0.0000,0.0000,7114.0000,0.0000,0.0000,0.0000,0.0000,109,0,0,0,0,2,0,0,0,0
zc,TA209,2012-06-25 09:04:57.647,7116.0000,435430,-42,0.0000,116.0000,37,79,空平,B,7114.0000,0.0000,0.0000,0.0000,0.0000,7116.0000,0.0000,0.0000,0.0000,0.0000,1,0,0,0,0,7,0,0,0,0
zc,TA209,2012-06-25 09:04:57.897,7112.0000,435336,-94,0.0000,200.0000,53,147,多平,S,7116.0000,0.0000,0.0000,0.0000,0.0000,7120.0000,0.0000,0.0000,0.0000,0.0000,6,0,0,0,0,402,0,0,0,0
zc,TA209,2012-06-25 09:04:58.617,7120.0000,435362,26,0.0000,220.0000,123,97,多开,B,7114.0000,0.0000,0.0000,0.0000,0.0000,7120.0000,0.0000,0.0000,0.0000,0.0000,13,0,0,0,0,305,0,0,0,0
zc,TA209,2012-06-25 09:04:59.397,7116.0000,435424,62,0.0000,134.0000,98,36,空开,S,7116.0000,0.0000,0.0000,0.0000,0.0000,7118.0000,0.0000,0.0000,0.0000,0.0000,254,0,0,0,0,48,0,0,0,0
zc,TA209,2012-06-25 09:04:59.880,7118.0000,435440,16,0.0000,214.0000,115,99,多开,B,7116.0000,0.0000,0.0000,0.0000,0.0000,7118.0000,0.0000,0.0000,0.0000,0.0000,211,0,0,0,0,192,0,0,0,0
zc,TA209,2012-06-25 09:05:00.567,7118.0000,435470,30,0.0000,200.0000,115,85,多开,B,7116.0000,0.0000,0.0000,0.0000,0.0000,7118.0000,0.0000,0.0000,0.0000,0.0000,210,0,0,0,0,264,0,0,0,0
zc,TA209,2012-06-25 09:05:01.147,7118.0000,435458,-12,0.0000,460.0000,224,236,空平,B,7116.0000,0.0000,0.0000,0.0000,0.0000,7118.0000,0.0000,0.0000,0.0000,0.0000,149,0,0,0,0,203,0,0,0,0
zc,TA209,2012-06-25 09:05:01.897,7118.0000,435566,108,0.0000,342.0000,225,117,多开,B,7116.0000,0.0000,0.0000,0.0000,0.0000,7118.0000,0.0000,0.0000,0.0000,0.0000,115,0,0,0,0,94,0,0,0,0
zc,TA209,2012-06-25 09:05:02.630,7116.0000,435646,80,0.0000,654.0000,367,287,空开,S,7114.0000,0.0000,0.0000,0.0000,0.0000,7116.0000,0.0000,0.0000,0.0000,0.0000,74,0,0,0,0,105,0,0,0,0
zc,TA209,2012-06-25 09:05:03.130,7116.0000,435776,130,0.0000,246.0000,188,58,空开,S,7114.0000,0.0000,0.0000,0.0000,0.0000,7116.0000,0.0000,0.0000,0.0000,0.0000,48,0,0,0,0,280,0,0,0,0
zc,TA209,2012-06-25 09:05:03.913,7116.0000,435892,116,0.0000,352.0000,234,118,空开,S,7112.0000,0.0000,0.0000,0.0000,0.0000,7116.0000,0.0000,0.0000,0.0000,0.0000,90,0,0,0,0,254,0,0,0,0
zc,TA209,2012-06-25 09:05:04.647,7116.0000,435430,-462,0.0000,716.0000,127,589,多平,S,7116.0000,0.0000,0.0000,0.0000,0.0000,7118.0000,0.0000,0.0000,0.0000,0.0000,204,0,0,0,0,114,0,0,0,0
zc,TA209,2012-06-25 09:05:05.117,7116.0000,435120,-310,0.0000,598.0000,144,454,多平,S,7116.0000,0.0000,0.0000,0.0000,0.0000,7118.0000,0.0000,0.0000,0.0000,0.0000,4,0,0,0,0,28,0,0,0,0
zc,TA209,2012-06-25 09:05:05.880,7114.0000,435048,-72,0.0000,134.0000,31,103,多平,S,7112.0000,0.0000,0.0000,0.0000,0.0000,7114.0000,0.0000,0.0000,0.0000,0.0000,39,0,0,0,0,83,0,0,0,0
zc,TA209,2012-06-25 09:05:06.367,7116.0000,434908,-140,0.0000,228.0000,44,184,空平,B,7114.0000,0.0000,0.0000,0.0000,0.0000,7116.0000,0.0000,0.0000,0.0000,0.0000,84,0,0,0,0,391,0,0,0,0
zc,TA209,2012-06-25 09:05:07.100,7116.0000,434808,-100,0.0000,166.0000,33,133,空平,B,7114.0000,0.0000,0.0000,0.0000,0.0000,7116.0000,0.0000,0.0000,0.0000,0.0000,73,0,0,0,0,403,0,0,0,0
zc,TA209,2012-06-25 09:05:07.677,7110.0000,434604,-204,0.0000,326.0000,61,265,多平,S,7108.0000,0.0000,0.0000,0.0000,0.0000,7110.0000,0.0000,0.0000,0.0000,0.0000,3,0,0,0,0,392,0,0,0,0
zc,TA209,2012-06-25 09:05:08.397,7108.0000,434494,-110,0.0000,142.0000,16,126,多平,S,7108.0000,0.0000,0.0000,0.0000,0.0000,7110.0000,0.0000,0.0000,0.0000,0.0000,2,0,0,0,0,324,0,0,0,0
zc,TA209,2012-06-25 09:05:08.880,7108.0000,434482,-12,0.0000,42.0000,15,27,多平,S,7106.0000,0.0000,0.0000,0.0000,0.0000,7108.0000,0.0000,0.0000,0.0000,0.0000,5,0,0,0,0,47,0,0,0,0
zc,TA209,2012-06-25 09:05:09.630,7108.0000,434478,-4,0.0000,52.0000,24,28,多平,S,7106.0000,0.0000,0.0000,0.0000,0.0000,7108.0000,0.0000,0.0000,0.0000,0.0000,11,0,0,0,0,50,0,0,0,0
zc,TA209,2012-06-25 09:05:10.117,7108.0000,434472,-6,0.0000,108.0000,51,57,多平,S,7106.0000,0.0000,0.0000,0.0000,0.0000,7108.0000,0.0000,0.0000,0.0000,0.0000,206,0,0,0,0,47,0,0,0,0
zc,TA209,2012-06-25 09:05:10.880,7106.0000,434518,46,0.0000,226.0000,136,90,空开,S,7108.0000,0.0000,0.0000,0.0000,0.0000,7110.0000,0.0000,0.0000,0.0000,0.0000,27,0,0,0,0,325,0,0,0,0
zc,TA209,2012-06-25 09:05:11.380,7106.0000,434166,-352,0.0000,442.0000,45,397,多平,S,7104.0000,0.0000,0.0000,0.0000,0.0000,7106.0000,0.0000,0.0000,0.0000,0.0000,152,0,0,0,0,53,0,0,0,0
zc,TA209,2012-06-25 09:05:12.100,7106.0000,434132,-34,0.0000,40.0000,3,37,多平,S,7104.0000,0.0000,0.0000,0.0000,0.0000,7106.0000,0.0000,0.0000,0.0000,0.0000,152,0,0,0,0,141,0,0,0,0
zc,TA209,2012-06-25 09:05:12.647,7104.0000,434076,-56,0.0000,358.0000,151,207,多平,S,7102.0000,0.0000,0.0000,0.0000,0.0000,7104.0000,0.0000,0.0000,0.0000,0.0000,8,0,0,0,0,60,0,0,0,0
zc,TA209,2012-06-25 09:05:13.130,7104.0000,434076,0,0.0000,2.0000,1,1,空换,S,7102.0000,0.0000,0.0000,0.0000,0.0000,7104.0000,0.0000,0.0000,0.0000,0.0000,58,0,0,0,0,61,0,0,0,0
zc,TA209,2012-06-25 09:05:13.880,7102.0000,433904,-172,0.0000,544.0000,186,358,多平,S,7102.0000,0.0000,0.0000,0.0000,0.0000,7106.0000,0.0000,0.0000,0.0000,0.0000,61,0,0,0,0,31,0,0,0,0
zc,TA209,2012-06-25 09:05:14.397,7104.0000,433900,-4,0.0000,14.0000,5,9,空平,B,7102.0000,0.0000,0.0000,0.0000,0.0000,7104.0000,0.0000,0.0000,0.0000,0.0000,68,0,0,0,0,13,0,0,0,0
zc,TA209,2012-06-25 09:05:15.117,7102.0000,433864,-36,0.0000,52.0000,8,44,多平,S,7102.0000,0.0000,0.0000,0.0000,0.0000,7104.0000,0.0000,0.0000,0.0000,0.0000,65,0,0,0,0,8,0,0,0,0
zc,TA209,2012-06-25 09:05:15.630,7104.0000,433844,-20,0.0000,236.0000,108,128,空平,B,7104.0000,0.0000,0.0000,0.0000,0.0000,7106.0000,0.0000,0.0000,0.0000,0.0000,62,0,0,0,0,36,0,0,0,0
zc,TA209,2012-06-25 09:05:16.333,7104.0000,433828,-16,0.0000,76.0000,30,46,空平,B,7104.0000,0.0000,0.0000,0.0000,0.0000,7106.0000,0.0000,0.0000,0.0000,0.0000,47,0,0,0,0,33,0,0,0,0
zc,TA209,2012-06-25 09:05:16.897,7104.0000,433792,-36,0.0000,90.0000,27,63,空平,B,7104.0000,0.0000,0.0000,0.0000,0.0000,7106.0000,0.0000,0.0000,0.0000,0.0000,7,0,0,0,0,33,0,0,0,0
zc,TA209,2012-06-25 09:05:17.630,7104.0000,433798,6,0.0000,30.0000,18,12,多开,B,7102.0000,0.0000,0.0000,0.0000,0.0000,7104.0000,0.0000,0.0000,0.0000,0.0000,60,0,0,0,0,1,0,0,0,0
zc,TA209,2012-06-25 09:05:17.867,7104.0000,433796,-2,0.0000,12.0000,5,7,空平,B,7102.0000,0.0000,0.0000,0.0000,0.0000,7104.0000,0.0000,0.0000,0.0000,0.0000,61,0,0,0,0,13,0,0,0,0
zc,TA209,2012-06-25 09:05:18.617,7104.0000,433802,6,0.0000,10.0000,8,2,多开,B,7102.0000,0.0000,0.0000,0.0000,0.0000,7104.0000,0.0000,0.0000,0.0000,0.0000,60,0,0,0,0,25,0,0,0,0
zc,TA209,2012-06-25 09:05:19.100,7102.0000,433806,4,0.0000,54.0000,29,25,空开,S,7102.0000,0.0000,0.0000,0.0000,0.0000,7104.0000,0.0000,0.0000,0.0000,0.0000,59,0,0,0,0,55,0,0,0,0
zc,TA209,2012-06-25 09:05:19.880,7102.0000,433828,22,0.0000,136.0000,79,57,空开,S,7102.0000,0.0000,0.0000,0.0000,0.0000,7104.0000,0.0000,0.0000,0.0000,0.0000,1,0,0,0,0,63,0,0,0,0
zc,TA209,2012-06-25 09:05:20.367,7100.0000,433830,2,0.0000,30.0000,16,14,空开,S,7102.0000,0.0000,0.0000,0.0000,0.0000,7104.0000,0.0000,0.0000,0.0000,0.0000,11,0,0,0,0,69,0,0,0,0
zc,TA209,2012-06-25 09:05:21.130,7104.0000,433894,64,0.0000,114.0000,89,25,多开,B,7100.0000,0.0000,0.0000,0.0000,0.0000,7102.0000,0.0000,0.0000,0.0000,0.0000,19,0,0,0,0,3,0,0,0,0
zc,TA209,2012-06-25 09:05:21.583,7102.0000,433890,-4,0.0000,30.0000,13,17,多平,S,7100.0000,0.0000,0.0000,0.0000,0.0000,7102.0000,0.0000,0.0000,0.0000,0.0000,19,0,0,0,0,10,0,0,0,0
zc,TA209,2012-06-25 09:05:22.413,7098.0000,433968,78,0.0000,140.0000,109,31,空开,S,7098.0000,0.0000,0.0000,0.0000,0.0000,7100.0000,0.0000,0.0000,0.0000,0.0000,24,0,0,0,0,35,0,0,0,0
zc,TA209,2012-06-25 09:05:22.897,7098.0000,433914,-54,0.0000,168.0000,57,111,多平,S,7100.0000,0.0000,0.0000,0.0000,0.0000,7104.0000,0.0000,0.0000,0.0000,0.0000,1,0,0,0,0,212,0,0,0,0
zc,TA209,2012-06-25 09:05:23.617,7100.0000,433904,-10,0.0000,20.0000,5,15,空平,B,7102.0000,0.0000,0.0000,0.0000,0.0000,7104.0000,0.0000,0.0000,0.0000,0.0000,66,0,0,0,0,212,0,0,0,0
zc,TA209,2012-06-25 09:05:24.317,7104.0000,433898,-6,0.0000,12.0000,3,9,空平,B,7102.0000,0.0000,0.0000,0.0000,0.0000,7104.0000,0.0000,0.0000,0.0000,0.0000,61,0,0,0,0,713,0,0,0,0
