市场代码,合约代码,时间,最新,持仓,增仓,成交额,成交量,开仓,平仓,成交类型,方向,买一价,买二价,买三价,买四价,买五价,卖一价,卖二价,卖三价,卖四价,卖五价,买一量,买二量,买三量,买四量,买五量,卖一量,卖二量,卖三量,卖四量,卖五量
zc,TA305,2012-06-25 08:59:02.270,0.0000,1676,0,0.0000,0.0000,0,0,空换,S,7222.0000,0.0000,0.0000,0.0000,0.0000,7520.0000,0.0000,0.0000,0.0000,0.0000,1,0,0,0,0,1,0,0,0,0
zc,TA305,2012-06-25 09:00:01.490,7200.0000,1682,6,0.0000,6.0000,6,0,双开,B,7162.0000,0.0000,0.0000,0.0000,0.0000,7206.0000,0.0000,0.0000,0.0000,0.0000,14,0,0,0,0,2,0,0,0,0
zc,TA305,2012-06-25 09:00:02.803,7200.0000,1682,0,0.0000,0.0000,0,0,多换,B,7168.0000,0.0000,0.0000,0.0000,0.0000,7190.0000,0.0000,0.0000,0.0000,0.0000,5,0,0,0,0,1,0,0,0,0
zc,TA305,2012-06-25 09:00:04.803,7200.0000,1682,0,0.0000,0.0000,0,0,多换,B,7150.0000,0.0000,0.0000,0.0000,0.0000,7170.0000,0.0000,0.0000,0.0000,0.0000,5,0,0,0,0,1,0,0,0,0
zc,TA305,2012-06-25 09:00:05.520,7200.0000,1682,0,0.0000,0.0000,0,0,多换,B,7172.0000,0.0000,0.0000,0.0000,0.0000,7188.0000,0.0000,0.0000,0.0000,0.0000,1,0,0,0,0,2,0,0,0,0
zc,TA305,2012-06-25 09:00:06.507,7200.0000,1682,0,0.0000,0.0000,0,0,多换,B,7174.0000,0.0000,0.0000,0.0000,0.0000,7188.0000,0.0000,0.0000,0.0000,0.0000,3,0,0,0,0,1,0,0,0,0
zc,TA305,2012-06-25 09:00:07.020,7200.0000,1682,0,0.0000,0.0000,0,0,多换,B,7162.0000,0.0000,0.0000,0.0000,0.0000,7184.0000,0.0000,0.0000,0.0000,0.0000,1,0,0,0,0,1,0,0,0,0
zc,TA305,2012-06-25 09:00:07.770,7200.0000,1682,0,0.0000,0.0000,0,0,多换,B,7176.0000,0.0000,0.0000,0.0000,0.0000,7188.0000,0.0000,0.0000,0.0000,0.0000,2,0,0,0,0,1,0,0,0,0
zc,TA305,2012-06-25 09:00:08.240,7200.0000,1682,0,0.0000,0.0000,0,0,多换,B,7174.0000,0.0000,0.0000,0.0000,0.0000,7188.0000,0.0000,0.0000,0.0000,0.0000,5,0,0,0,0,1,0,0,0,0
zc,TA305,2012-06-25 09:00:08.990,7200.0000,1682,0,0.0000,0.0000,0,0,多换,B,7176.0000,0.0000,0.0000,0.0000,0.0000,7184.0000,0.0000,0.0000,0.0000,0.0000,2,0,0,0,0,1,0,0,0,0
zc,TA305,2012-06-25 09:00:09.460,7200.0000,1682,0,0.0000,0.0000,0,0,多换,B,7168.0000,0.0000,0.0000,0.0000,0.0000,7184.0000,0.0000,0.0000,0.0000,0.0000,5,0,0,0,0,1,0,0,0,0
zc,TA305,2012-06-25 09:00:10.473,7200.0000,1682,0,0.0000,0.0000,0,0,多换,B,7172.0000,0.0000,0.0000,0.0000,0.0000,7184.0000,0.0000,0.0000,0.0000,0.0000,2,0,0,0,0,1,0,0,0,0
zc,TA305,2012-06-25 09:00:10.960,7200.0000,1682,0,0.0000,0.0000,0,0,多换,B,7174.0000,0.0000,0.0000,0.0000,0.0000,7184.0000,0.0000,0.0000,0.0000,0.0000,2,0,0,0,0,1,0,0,0,0
zc,TA305,2012-06-25 09:00:11.943,7200.0000,1682,0,0.0000,0.0000,0,0,多换,B,7174.0000,0.0000,0.0000,0.0000,0.0000,7188.0000,0.0000,0.0000,0.0000,0.0000,7,0,0,0,0,1,0,0,0,0
zc,TA305,2012-06-25 09:00:12.460,7200.0000,1682,0,0.0000,0.0000,0,0,多换,B,7176.0000,0.0000,0.0000,0.0000,0.0000,7188.0000,0.0000,0.0000,0.0000,0.0000,7,0,0,0,0,1,0,0,0,0
zc,TA305,2012-06-25 09:00:12.927,7200.0000,1682,0,0.0000,0.0000,0,0,多换,B,7178.0000,0.0000,0.0000,0.0000,0.0000,7190.0000,0.0000,0.0000,0.0000,0.0000,2,0,0,0,0,2,0,0,0,0
zc,TA305,2012-06-25 09:00:13.693,7200.0000,1682,0,0.0000,0.0000,0,0,多换,B,7180.0000,0.0000,0.0000,0.0000,0.0000,7190.0000,0.0000,0.0000,0.0000,0.0000,2,0,0,0,0,2,0,0,0,0
zc,TA305,2012-06-25 09:00:15.740,7200.0000,1682,0,0.0000,0.0000,0,0,多换,B,7180.0000,0.0000,0.0000,0.0000,0.0000,7190.0000,0.0000,0.0000,0.0000,0.0000,3,0,0,0,0,1,0,0,0,0
zc,TA305,2012-06-25 09:00:16.473,7200.0000,1682,0,0.0000,0.0000,0,0,多换,B,7182.0000,0.0000,0.0000,0.0000,0.0000,7190.0000,0.0000,0.0000,0.0000,0.0000,2,0,0,0,0,2,0,0,0,0
zc,TA305,2012-06-25 09:00:17.507,7200.0000,1682,0,0.0000,0.0000,0,0,多换,B,7180.0000,0.0000,0.0000,0.0000,0.0000,7192.0000,0.0000,0.0000,0.0000,0.0000,5,0,0,0,0,2,0,0,0,0
zc,TA305,2012-06-25 09:00:18.240,7200.0000,1682,0,0.0000,0.0000,0,0,多换,B,7182.0000,0.0000,0.0000,0.0000,0.0000,7192.0000,0.0000,0.0000,0.0000,0.0000,7,0,0,0,0,1,0,0,0,0
zc,TA305,2012-06-25 09:00:18.757,7200.0000,1682,0,0.0000,0.0000,0,0,多换,B,7182.0000,0.0000,0.0000,0.0000,0.0000,7194.0000,0.0000,0.0000,0.0000,0.0000,5,0,0,0,0,2,0,0,0,0
zc,TA305,2012-06-25 09:00:19.507,7200.0000,1682,0,0.0000,0.0000,0,0,多换,B,7184.0000,0.0000,0.0000,0.0000,0.0000,7194.0000,0.0000,0.0000,0.0000,0.0000,7,0,0,0,0,1,0,0,0,0
zc,TA305,2012-06-25 09:00:19.973,7200.0000,1682,0,0.0000,0.0000,0,0,多换,B,7186.0000,0.0000,0.0000,0.0000,0.0000,7196.0000,0.0000,0.0000,0.0000,0.0000,2,0,0,0,0,2,0,0,0,0
zc,TA305,2012-06-25 09:00:23.507,7200.0000,1682,0,0.0000,0.0000,0,0,多换,B,7186.0000,0.0000,0.0000,0.0000,0.0000,7194.0000,0.0000,0.0000,0.0000,0.0000,2,0,0,0,0,1,0,0,0,0
zc,TA305,2012-06-25 09:00:24.257,7200.0000,1682,0,0.0000,0.0000,0,0,多换,B,7186.0000,0.0000,0.0000,0.0000,0.0000,7194.0000,0.0000,0.0000,0.0000,0.0000,2,0,0,0,0,2,0,0,0,0
zc,TA305,2012-06-25 09:00:24.973,7200.0000,1682,0,0.0000,0.0000,0,0,多换,B,7186.0000,0.0000,0.0000,0.0000,0.0000,7196.0000,0.0000,0.0000,0.0000,0.0000,5,0,0,0,0,1,0,0,0,0
zc,TA305,2012-06-25 09:00:25.473,7200.0000,1682,0,0.0000,0.0000,0,0,多换,B,7188.0000,0.0000,0.0000,0.0000,0.0000,7196.0000,0.0000,0.0000,0.0000,0.0000,2,0,0,0,0,1,0,0,0,0
zc,TA305,2012-06-25 09:00:26.270,7200.0000,1682,0,0.0000,0.0000,0,0,多换,B,7188.0000,0.0000,0.0000,0.0000,0.0000,7198.0000,0.0000,0.0000,0.0000,0.0000,2,0,0,0,0,2,0,0,0,0
zc,TA305,2012-06-25 09:00:26.740,7200.0000,1682,0,0.0000,0.0000,0,0,多换,B,7188.0000,0.0000,0.0000,0.0000,0.0000,7196.0000,0.0000,0.0000,0.0000,0.0000,2,0,0,0,0,1,0,0,0,0
zc,TA305,2012-06-25 09:00:27.723,7200.0000,1682,0,0.0000,0.0000,0,0,多换,B,7188.0000,0.0000,0.0000,0.0000,0.0000,7196.0000,0.0000,0.0000,0.0000,0.0000,5,0,0,0,0,1,0,0,0,0
zc,TA305,2012-06-25 09:00:28.710,7200.0000,1682,0,0.0000,0.0000,0,0,多换,B,7190.0000,0.0000,0.0000,0.0000,0.0000,7198.0000,0.0000,0.0000,0.0000,0.0000,2,0,0,0,0,1,0,0,0,0
zc,TA305,2012-06-25 09:00:30.177,7200.0000,1682,0,0.0000,0.0000,0,0,多换,B,7190.0000,0.0000,0.0000,0.0000,0.0000,7198.0000,0.0000,0.0000,0.0000,0.0000,2,0,0,0,0,2,0,0,0,0
zc,TA305,2012-06-25 09:00:30.693,7200.0000,1682,0,0.0000,0.0000,0,0,多换,B,7186.0000,0.0000,0.0000,0.0000,0.0000,7198.0000,0.0000,0.0000,0.0000,0.0000,5,0,0,0,0,1,0,0,0,0
zc,TA305,2012-06-25 09:00:31.473,7200.0000,1682,0,0.0000,0.0000,0,0,多换,B,7188.0000,0.0000,0.0000,0.0000,0.0000,7198.0000,0.0000,0.0000,0.0000,0.0000,2,0,0,0,0,2,0,0,0,0
zc,TA305,2012-06-25 09:00:31.973,7200.0000,1682,0,0.0000,0.0000,0,0,多换,B,7188.0000,0.0000,0.0000,0.0000,0.0000,7198.0000,0.0000,0.0000,0.0000,0.0000,7,0,0,0,0,1,0,0,0,0
zc,TA305,2012-06-25 09:00:32.693,7200.0000,1682,0,0.0000,0.0000,0,0,多换,B,7188.0000,0.0000,0.0000,0.0000,0.0000,7198.0000,0.0000,0.0000,0.0000,0.0000,5,0,0,0,0,1,0,0,0,0
zc,TA305,2012-06-25 09:00:32.973,7200.0000,1682,0,0.0000,0.0000,0,0,多换,B,7190.0000,0.0000,0.0000,0.0000,0.0000,7196.0000,0.0000,0.0000,0.0000,0.0000,2,0,0,0,0,1,0,0,0,0
zc,TA305,2012-06-25 09:00:33.710,7200.0000,1682,0,0.0000,0.0000,0,0,多换,B,7190.0000,0.0000,0.0000,0.0000,0.0000,7198.0000,0.0000,0.0000,0.0000,0.0000,2,0,0,0,0,1,0,0,0,0
zc,TA305,2012-06-25 09:00:34.240,7200.0000,1682,0,0.0000,0.0000,0,0,多换,B,7190.0000,0.0000,0.0000,0.0000,0.0000,7200.0000,0.0000,0.0000,0.0000,0.0000,2,0,0,0,0,2,0,0,0,0
zc,TA305,2012-06-25 09:00:36.520,7200.0000,1682,0,0.0000,0.0000,0,0,多换,B,7190.0000,0.0000,0.0000,0.0000,0.0000,7202.0000,0.0000,0.0000,0.0000,0.0000,7,0,0,0,0,2,0,0,0,0
zc,TA305,2012-06-25 09:00:36.960,7200.0000,1682,0,0.0000,0.0000,0,0,多换,B,7190.0000,0.0000,0.0000,0.0000,0.0000,7202.0000,0.0000,0.0000,0.0000,0.0000,5,0,0,0,0,1,0,0,0,0
zc,TA305,2012-06-25 09:00:37.693,7200.0000,1682,0,0.0000,0.0000,0,0,多换,B,7192.0000,0.0000,0.0000,0.0000,0.0000,7202.0000,0.0000,0.0000,0.0000,0.0000,7,0,0,0,0,1,0,0,0,0
zc,TA305,2012-06-25 09:00:38.223,7200.0000,1682,0,0.0000,0.0000,0,0,多换,B,7194.0000,0.0000,0.0000,0.0000,0.0000,7202.0000,0.0000,0.0000,0.0000,0.0000,2,0,0,0,0,1,0,0,0,0
zc,TA305,2012-06-25 09:00:39.677,7200.0000,1682,0,0.0000,0.0000,0,0,多换,B,7194.0000,0.0000,0.0000,0.0000,0.0000,7204.0000,0.0000,0.0000,0.0000,0.0000,7,0,0,0,0,1,0,0,0,0
zc,TA305,2012-06-25 09:00:40.427,7200.0000,1682,0,0.0000,0.0000,0,0,多换,B,7194.0000,0.0000,0.0000,0.0000,0.0000,7204.0000,0.0000,0.0000,0.0000,0.0000,5,0,0,0,0,1,0,0,0,0
zc,TA305,2012-06-25 09:00:40.973,7200.0000,1682,0,0.0000,0.0000,0,0,多换,B,7196.0000,0.0000,0.0000,0.0000,0.0000,7204.0000,0.0000,0.0000,0.0000,0.0000,2,0,0,0,0,1,0,0,0,0
zc,TA305,2012-06-25 09:00:41.397,7200.0000,1682,0,0.0000,0.0000,0,0,多换,B,7192.0000,0.0000,0.0000,0.0000,0.0000,7204.0000,0.0000,0.0000,0.0000,0.0000,5,0,0,0,0,1,0,0,0,0
zc,TA305,2012-06-25 09:00:42.473,7200.0000,1682,0,0.0000,0.0000,0,0,多换,B,7196.0000,0.0000,0.0000,0.0000,0.0000,7208.0000,0.0000,0.0000,0.0000,0.0000,5,0,0,0,0,2,0,0,0,0
zc,TA305,2012-06-25 09:00:43.163,7200.0000,1682,0,0.0000,0.0000,0,0,多换,B,7198.0000,0.0000,0.0000,0.0000,0.0000,7208.0000,0.0000,0.0000,0.0000,0.0000,2,0,0,0,0,2,0,0,0,0
zc,TA305,2012-06-25 09:00:43.710,7200.0000,1682,0,0.0000,0.0000,0,0,多换,B,7198.0000,0.0000,0.0000,0.0000,0.0000,7206.0000,0.0000,0.0000,0.0000,0.0000,2,0,0,0,0,1,0,0,0,0
zc,TA305,2012-06-25 09:00:45.663,7200.0000,1682,0,0.0000,0.0000,0,0,多换,B,7200.0000,0.0000,0.0000,0.0000,0.0000,7206.0000,0.0000,0.0000,0.0000,0.0000,1,0,0,0,0,1,0,0,0,0
zc,TA305,2012-06-25 09:00:48.647,7200.0000,1682,0,0.0000,0.0000,0,0,多换,B,7200.0000,0.0000,0.0000,0.0000,0.0000,7208.0000,0.0000,0.0000,0.0000,0.0000,1,0,0,0,0,2,0,0,0,0
zc,TA305,2012-06-25 09:00:49.473,7200.0000,1682,0,0.0000,0.0000,0,0,多换,B,7200.0000,0.0000,0.0000,0.0000,0.0000,7206.0000,0.0000,0.0000,0.0000,0.0000,1,0,0,0,0,1,0,0,0,0
zc,TA305,2012-06-25 09:00:49.927,7200.0000,1682,0,0.0000,0.0000,0,0,多换,B,7200.0000,0.0000,0.0000,0.0000,0.0000,7204.0000,0.0000,0.0000,0.0000,0.0000,1,0,0,0,0,1,0,0,0,0
zc,TA305,2012-06-25 09:00:52.710,7200.0000,1682,0,0.0000,0.0000,0,0,多换,B,7200.0000,0.0000,0.0000,0.0000,0.0000,7206.0000,0.0000,0.0000,0.0000,0.0000,1,0,0,0,0,2,0,0,0,0
zc,TA305,2012-06-25 09:00:53.973,7200.0000,1682,0,0.0000,0.0000,0,0,多换,B,7200.0000,0.0000,0.0000,0.0000,0.0000,7204.0000,0.0000,0.0000,0.0000,0.0000,1,0,0,0,0,1,0,0,0,0
zc,TA305,2012-06-25 09:00:55.693,7200.0000,1682,0,0.0000,0.0000,0,0,多换,B,7200.0000,0.0000,0.0000,0.0000,0.0000,7202.0000,0.0000,0.0000,0.0000,0.0000,1,0,0,0,0,1,0,0,0,0
zc,TA305,2012-06-25 09:00:56.723,7200.0000,1682,0,0.0000,0.0000,0,0,多换,B,7200.0000,0.0000,0.0000,0.0000,0.0000,7204.0000,0.0000,0.0000,0.0000,0.0000,1,0,0,0,0,1,0,0,0,0
zc,TA305,2012-06-25 09:00:57.927,7200.0000,1682,0,0.0000,0.0000,0,0,多换,B,7200.0000,0.0000,0.0000,0.0000,0.0000,7206.0000,0.0000,0.0000,0.0000,0.0000,1,0,0,0,0,2,0,0,0,0
zc,TA305,2012-06-25 09:01:00.443,7200.0000,1682,0,0.0000,0.0000,0,0,多换,B,7200.0000,0.0000,0.0000,0.0000,0.0000,7206.0000,0.0000,0.0000,0.0000,0.0000,1,0,0,0,0,1,0,0,0,0
zc,TA305,2012-06-25 09:01:02.397,7200.0000,1682,0,0.0000,0.0000,0,0,多换,B,7200.0000,0.0000,0.0000,0.0000,0.0000,7206.0000,0.0000,0.0000,0.0000,0.0000,1,0,0,0,0,2,0,0,0,0
zc,TA305,2012-06-25 09:01:03.163,7200.0000,1682,0,0.0000,0.0000,0,0,多换,B,7200.0000,0.0000,0.0000,0.0000,0.0000,7204.0000,0.0000,0.0000,0.0000,0.0000,1,0,0,0,0,1,0,0,0,0
zc,TA305,2012-06-25 09:01:05.677,7200.0000,1682,0,0.0000,0.0000,0,0,多换,B,7200.0000,0.0000,0.0000,0.0000,0.0000,7206.0000,0.0000,0.0000,0.0000,0.0000,1,0,0,0,0,2,0,0,0,0
zc,TA305,2012-06-25 09:01:06.193,7200.0000,1682,0,0.0000,0.0000,0,0,多换,B,7200.0000,0.0000,0.0000,0.0000,0.0000,7204.0000,0.0000,0.0000,0.0000,0.0000,1,0,0,0,0,1,0,0,0,0
zc,TA305,2012-06-25 09:01:06.663,7200.0000,1682,0,0.0000,0.0000,0,0,多换,B,7200.0000,0.0000,0.0000,0.0000,0.0000,7204.0000,0.0000,0.0000,0.0000,0.0000,1,0,0,0,0,2,0,0,0,0
zc,TA305,2012-06-25 09:01:08.177,7200.0000,1682,0,0.0000,0.0000,0,0,多换,B,7200.0000,0.0000,0.0000,0.0000,0.0000,7204.0000,0.0000,0.0000,0.0000,0.0000,1,0,0,0,0,1,0,0,0,0
zc,TA305,2012-06-25 09:01:11.677,7200.0000,1682,0,0.0000,0.0000,0,0,多换,B,7200.0000,0.0000,0.0000,0.0000,0.0000,7202.0000,0.0000,0.0000,0.0000,0.0000,1,0,0,0,0,1,0,0,0,0
zc,TA305,2012-06-25 09:01:13.443,7200.0000,1682,0,0.0000,0.0000,0,0,多换,B,7200.0000,0.0000,0.0000,0.0000,0.0000,7204.0000,0.0000,0.0000,0.0000,0.0000,1,0,0,0,0,1,0,0,0,0
zc,TA305,2012-06-25 09:01:16.927,7200.0000,1682,0,0.0000,0.0000,0,0,多换,B,7200.0000,0.0000,0.0000,0.0000,0.0000,7202.0000,0.0000,0.0000,0.0000,0.0000,1,0,0,0,0,1,0,0,0,0
zc,TA305,2012-06-25 09:01:18.927,7200.0000,1684,2,0.0000,2.0000,2,0,双开,B,7190.0000,0.0000,0.0000,0.0000,0.0000,7202.0000,0.0000,0.0000,0.0000,0.0000,5,0,0,0,0,1,0,0,0,0
zc,TA305,2012-06-25 09:01:19.413,7200.0000,1684,0,0.0000,0.0000,0,0,多换,B,7192.0000,0.0000,0.0000,0.0000,0.0000,7202.0000,0.0000,0.0000,0.0000,0.0000,2,0,0,0,0,1,0,0,0,0
zc,TA305,2012-06-25 09:01:26.943,7200.0000,1684,0,0.0000,0.0000,0,0,多换,B,7192.0000,0.0000,0.0000,0.0000,0.0000,7204.0000,0.0000,0.0000,0.0000,0.0000,2,0,0,0,0,3,0,0,0,0
zc,TA305,2012-06-25 09:01:27.443,7200.0000,1684,0,0.0000,0.0000,0,0,多换,B,7192.0000,0.0000,0.0000,0.0000,0.0000,7200.0000,0.0000,0.0000,0.0000,0.0000,2,0,0,0,0,1,0,0,0,0
zc,TA305,2012-06-25 09:01:28.147,7200.0000,1684,0,0.0000,0.0000,0,0,多换,B,7192.0000,0.0000,0.0000,0.0000,0.0000,7200.0000,0.0000,0.0000,0.0000,0.0000,1,0,0,0,0,1,0,0,0,0
zc,TA305,2012-06-25 09:01:28.913,7200.0000,1684,0,0.0000,0.0000,0,0,多换,B,7194.0000,0.0000,0.0000,0.0000,0.0000,7200.0000,0.0000,0.0000,0.0000,0.0000,1,0,0,0,0,1,0,0,0,0
zc,TA305,2012-06-25 09:01:33.913,7200.0000,1684,0,0.0000,0.0000,0,0,多换,B,7194.0000,0.0000,0.0000,0.0000,0.0000,7198.0000,0.0000,0.0000,0.0000,0.0000,1,0,0,0,0,1,0,0,0,0
zc,TA305,2012-06-25 09:01:35.973,7200.0000,1684,0,0.0000,0.0000,0,0,多换,B,7194.0000,0.0000,0.0000,0.0000,0.0000,7196.0000,0.0000,0.0000,0.0000,0.0000,1,0,0,0,0,1,0,0,0,0
zc,TA305,2012-06-25 09:01:36.427,7194.0000,1684,0,0.0000,2.0000,1,1,空换,S,7192.0000,0.0000,0.0000,0.0000,0.0000,7196.0000,0.0000,0.0000,0.0000,0.0000,1,0,0,0,0,1,0,0,0,0
zc,TA305,2012-06-25 09:01:37.223,7194.0000,1684,0,0.0000,0.0000,0,0,空换,S,7192.0000,0.0000,0.0000,0.0000,0.0000,7198.0000,0.0000,0.0000,0.0000,0.0000,1,0,0,0,0,1,0,0,0,0
zc,TA305,2012-06-25 09:01:38.710,7194.0000,1684,0,0.0000,0.0000,0,0,空换,S,7192.0000,0.0000,0.0000,0.0000,0.0000,7196.0000,0.0000,0.0000,0.0000,0.0000,1,0,0,0,0,1,0,0,0,0
zc,TA305,2012-06-25 09:01:43.413,7194.0000,1684,0,0.0000,0.0000,0,0,空换,S,7192.0000,0.0000,0.0000,0.0000,0.0000,7194.0000,0.0000,0.0000,0.0000,0.0000,1,0,0,0,0,1,0,0,0,0
zc,TA305,2012-06-25 09:01:43.960,7194.0000,1684,0,0.0000,0.0000,0,0,空换,S,7192.0000,0.0000,0.0000,0.0000,0.0000,7196.0000,0.0000,0.0000,0.0000,0.0000,1,0,0,0,0,1,0,0,0,0
zc,TA305,2012-06-25 09:01:44.723,7194.0000,1684,0,0.0000,0.0000,0,0,空换,S,7192.0000,0.0000,0.0000,0.0000,0.0000,7194.0000,0.0000,0.0000,0.0000,0.0000,1,0,0,0,0,1,0,0,0,0
zc,TA305,2012-06-25 09:01:45.163,7194.0000,1684,0,0.0000,0.0000,0,0,空换,S,7192.0000,0.0000,0.0000,0.0000,0.0000,7196.0000,0.0000,0.0000,0.0000,0.0000,1,0,0,0,0,1,0,0,0,0
zc,TA305,2012-06-25 09:01:45.927,7194.0000,1684,0,0.0000,0.0000,0,0,空换,S,7192.0000,0.0000,0.0000,0.0000,0.0000,7196.0000,0.0000,0.0000,0.0000,0.0000,3,0,0,0,0,1,0,0,0,0
zc,TA305,2012-06-25 09:01:46.427,7194.0000,1684,0,0.0000,0.0000,0,0,空换,S,7192.0000,0.0000,0.0000,0.0000,0.0000,7196.0000,0.0000,0.0000,0.0000,0.0000,1,0,0,0,0,1,0,0,0,0
zc,TA305,2012-06-25 09:01:49.443,7192.0000,1686,2,0.0000,2.0000,2,0,双开,S,7184.0000,0.0000,0.0000,0.0000,0.0000,7190.0000,0.0000,0.0000,0.0000,0.0000,2,0,0,0,0,1,0,0,0,0
zc,TA305,2012-06-25 09:01:50.427,7192.0000,1686,0,0.0000,0.0000,0,0,空换,S,7186.0000,0.0000,0.0000,0.0000,0.0000,7190.0000,0.0000,0.0000,0.0000,0.0000,2,0,0,0,0,1,0,0,0,0
zc,TA305,2012-06-25 09:01:50.693,7192.0000,1686,0,0.0000,4.0000,2,2,空换,S,7180.0000,0.0000,0.0000,0.0000,0.0000,7190.0000,0.0000,0.0000,0.0000,0.0000,1,0,0,0,0,1,0,0,0,0
zc,TA305,2012-06-25 09:01:51.413,7192.0000,1686,0,0.0000,0.0000,0,0,空换,S,7180.0000,0.0000,0.0000,0.0000,0.0000,7190.0000,0.0000,0.0000,0.0000,0.0000,3,0,0,0,0,1,0,0,0,0
zc,TA305,2012-06-25 09:02:04.913,7192.0000,1686,0,0.0000,0.0000,0,0,空换,S,7182.0000,0.0000,0.0000,0.0000,0.0000,7192.0000,0.0000,0.0000,0.0000,0.0000,1,0,0,0,0,1,0,0,0,0
zc,TA305,2012-06-25 09:02:05.397,7192.0000,1686,0,0.0000,0.0000,0,0,空换,S,7182.0000,0.0000,0.0000,0.0000,0.0000,7192.0000,0.0000,0.0000,0.0000,0.0000,3,0,0,0,0,1,0,0,0,0
zc,TA305,2012-06-25 09:02:07.413,7192.0000,1686,0,0.0000,0.0000,0,0,空换,S,7182.0000,0.0000,0.0000,0.0000,0.0000,7196.0000,0.0000,0.0000,0.0000,0.0000,3,0,0,0,0,1,0,0,0,0
zc,TA305,2012-06-25 09:02:07.943,7192.0000,1686,0,0.0000,0.0000,0,0,空换,S,7184.0000,0.0000,0.0000,0.0000,0.0000,7196.0000,0.0000,0.0000,0.0000,0.0000,1,0,0,0,0,1,0,0,0,0
zc,TA305,2012-06-25 09:02:09.130,7192.0000,1686,0,0.0000,0.0000,0,0,空换,S,7184.0000,0.0000,0.0000,0.0000,0.0000,7196.0000,0.0000,0.0000,0.0000,0.0000,3,0,0,0,0,1,0,0,0,0
zc,TA305,2012-06-25 09:02:12.677,7192.0000,1686,0,0.0000,0.0000,0,0,空换,S,7184.0000,0.0000,0.0000,0.0000,0.0000,7198.0000,0.0000,0.0000,0.0000,0.0000,3,0,0,0,0,1,0,0,0,0
zc,TA305,2012-06-25 09:02:13.427,7192.0000,1686,0,0.0000,0.0000,0,0,空换,S,7184.0000,0.0000,0.0000,0.0000,0.0000,7196.0000,0.0000,0.0000,0.0000,0.0000,3,0,0,0,0,1,0,0,0,0
zc,TA305,2012-06-25 09:02:13.913,7192.0000,1686,0,0.0000,0.0000,0,0,空换,S,7184.0000,0.0000,0.0000,0.0000,0.0000,7198.0000,0.0000,0.0000,0.0000,0.0000,3,0,0,0,0,1,0,0,0,0
zc,TA305,2012-06-25 09:02:14.677,7192.0000,1686,0,0.0000,0.0000,0,0,空换,S,7188.0000,0.0000,0.0000,0.0000,0.0000,7198.0000,0.0000,0.0000,0.0000,0.0000,1,0,0,0,0,1,0,0,0,0
zc,TA305,2012-06-25 09:02:15.427,7192.0000,1686,0,0.0000,0.0000,0,0,空换,S,7186.0000,0.0000,0.0000,0.0000,0.0000,7196.0000,0.0000,0.0000,0.0000,0.0000,1,0,0,0,0,1,0,0,0,0
zc,TA305,2012-06-25 09:02:16.663,7192.0000,1686,0,0.0000,0.0000,0,0,空换,S,7186.0000,0.0000,0.0000,0.0000,0.0000,7196.0000,0.0000,0.0000,0.0000,0.0000,3,0,0,0,0,1,0,0,0,0
zc,TA305,2012-06-25 09:02:19.677,7192.0000,1686,0,0.0000,0.0000,0,0,空换,S,7188.0000,0.0000,0.0000,0.0000,0.0000,7198.0000,0.0000,0.0000,0.0000,0.0000,1,0,0,0,0,1,0,0,0,0
zc,TA305,2012-06-25 09:02:20.913,7192.0000,1686,0,0.0000,0.0000,0,0,空换,S,7188.0000,0.0000,0.0000,0.0000,0.0000,7198.0000,0.0000,0.0000,0.0000,0.0000,3,0,0,0,0,1,0,0,0,0
zc,TA305,2012-06-25 09:02:31.177,7188.0000,1684,-2,0.0000,2.0000,0,2,双平,S,7188.0000,0.0000,0.0000,0.0000,0.0000,7198.0000,0.0000,0.0000,0.0000,0.0000,3,0,0,0,0,1,0,0,0,0
zc,TA305,2012-06-25 09:02:42.427,7188.0000,1684,0,0.0000,0.0000,0,0,空换,S,7190.0000,0.0000,0.0000,0.0000,0.0000,7198.0000,0.0000,0.0000,0.0000,0.0000,1,0,0,0,0,1,0,0,0,0
zc,TA305,2012-06-25 09:02:45.443,7198.0000,1686,2,0.0000,2.0000,2,0,双开,B,7190.0000,0.0000,0.0000,0.0000,0.0000,7198.0000,0.0000,0.0000,0.0000,0.0000,1,0,0,0,0,1,0,0,0,0
zc,TA305,2012-06-25 09:02:49.193,7198.0000,1688,2,0.0000,2.0000,2,0,双开,B,7190.0000,0.0000,0.0000,0.0000,0.0000,7198.0000,0.0000,0.0000,0.0000,0.0000,1,0,0,0,0,2,0,0,0,0
zc,TA305,2012-06-25 09:02:52.913,7198.0000,1696,8,0.0000,8.0000,8,0,双开,B,7198.0000,0.0000,0.0000,0.0000,0.0000,7200.0000,0.0000,0.0000,0.0000,0.0000,5,0,0,0,0,1,0,0,0,0
zc,TA305,2012-06-25 09:02:53.647,7198.0000,1696,0,0.0000,0.0000,0,0,多换,B,7198.0000,0.0000,0.0000,0.0000,0.0000,7200.0000,0.0000,0.0000,0.0000,0.0000,5,0,0,0,0,3,0,0,0,0
zc,TA305,2012-06-25 09:02:54.443,7198.0000,1696,0,0.0000,0.0000,0,0,多换,B,7190.0000,0.0000,0.0000,0.0000,0.0000,7200.0000,0.0000,0.0000,0.0000,0.0000,1,0,0,0,0,3,0,0,0,0
zc,TA305,2012-06-25 09:02:56.177,7200.0000,1720,24,0.0000,26.0000,25,1,多开,B,7200.0000,0.0000,0.0000,0.0000,0.0000,7202.0000,0.0000,0.0000,0.0000,0.0000,1,0,0,0,0,1,0,0,0,0
zc,TA305,2012-06-25 09:02:56.663,7200.0000,1720,0,0.0000,0.0000,0,0,多换,B,7200.0000,0.0000,0.0000,0.0000,0.0000,7204.0000,0.0000,0.0000,0.0000,0.0000,1,0,0,0,0,1,0,0,0,0
zc,TA305,2012-06-25 09:02:57.380,7200.0000,1720,0,0.0000,0.0000,0,0,多换,B,7192.0000,0.0000,0.0000,0.0000,0.0000,7204.0000,0.0000,0.0000,0.0000,0.0000,1,0,0,0,0,1,0,0,0,0
zc,TA305,2012-06-25 09:02:57.913,7200.0000,1720,0,0.0000,0.0000,0,0,多换,B,7194.0000,0.0000,0.0000,0.0000,0.0000,7204.0000,0.0000,0.0000,0.0000,0.0000,2,0,0,0,0,1,0,0,0,0
zc,TA305,2012-06-25 09:03:11.663,7200.0000,1720,0,0.0000,0.0000,0,0,多换,B,7200.0000,0.0000,0.0000,0.0000,0.0000,7204.0000,0.0000,0.0000,0.0000,0.0000,1,0,0,0,0,1,0,0,0,0
zc,TA305,2012-06-25 09:03:18.427,7202.0000,1722,2,0.0000,2.0000,2,0,双开,B,7200.0000,0.0000,0.0000,0.0000,0.0000,7202.0000,0.0000,0.0000,0.0000,0.0000,1,0,0,0,0,2,0,0,0,0
zc,TA305,2012-06-25 09:03:22.163,7202.0000,1722,0,0.0000,0.0000,0,0,多换,B,7200.0000,0.0000,0.0000,0.0000,0.0000,7204.0000,0.0000,0.0000,0.0000,0.0000,1,0,0,0,0,2,0,0,0,0
zc,TA305,2012-06-25 09:03:24.193,7202.0000,1722,0,0.0000,0.0000,0,0,多换,B,7192.0000,0.0000,0.0000,0.0000,0.0000,7202.0000,0.0000,0.0000,0.0000,0.0000,1,0,0,0,0,2,0,0,0,0
zc,TA305,2012-06-25 09:03:24.630,7202.0000,1722,0,0.0000,0.0000,0,0,多换,B,7192.0000,0.0000,0.0000,0.0000,0.0000,7202.0000,0.0000,0.0000,0.0000,0.0000,3,0,0,0,0,2,0,0,0,0
zc,TA305,2012-06-25 09:03:27.460,7202.0000,1722,0,0.0000,0.0000,0,0,多换,B,7194.0000,0.0000,0.0000,0.0000,0.0000,7204.0000,0.0000,0.0000,0.0000,0.0000,1,0,0,0,0,4,0,0,0,0
zc,TA305,2012-06-25 09:03:28.177,7202.0000,1722,0,0.0000,0.0000,0,0,多换,B,7194.0000,0.0000,0.0000,0.0000,0.0000,7204.0000,0.0000,0.0000,0.0000,0.0000,1,0,0,0,0,2,0,0,0,0
zc,TA305,2012-06-25 09:03:28.647,7202.0000,1722,0,0.0000,0.0000,0,0,多换,B,7194.0000,0.0000,0.0000,0.0000,0.0000,7204.0000,0.0000,0.0000,0.0000,0.0000,3,0,0,0,0,2,0,0,0,0
zc,TA305,2012-06-25 09:03:30.413,7202.0000,1722,0,0.0000,0.0000,0,0,多换,B,7194.0000,0.0000,0.0000,0.0000,0.0000,7204.0000,0.0000,0.0000,0.0000,0.0000,2,0,0,0,0,2,0,0,0,0
zc,TA305,2012-06-25 09:03:31.193,7202.0000,1722,0,0.0000,0.0000,0,0,多换,B,7194.0000,0.0000,0.0000,0.0000,0.0000,7204.0000,0.0000,0.0000,0.0000,0.0000,1,0,0,0,0,2,0,0,0,0
zc,TA305,2012-06-25 09:03:31.663,7202.0000,1722,0,0.0000,0.0000,0,0,多换,B,7194.0000,0.0000,0.0000,0.0000,0.0000,7204.0000,0.0000,0.0000,0.0000,0.0000,3,0,0,0,0,2,0,0,0,0
zc,TA305,2012-06-25 09:03:37.380,7202.0000,1722,0,0.0000,0.0000,0,0,多换,B,7196.0000,0.0000,0.0000,0.0000,0.0000,7204.0000,0.0000,0.0000,0.0000,0.0000,1,0,0,0,0,2,0,0,0,0
zc,TA305,2012-06-25 09:03:46.897,7202.0000,1722,0,0.0000,0.0000,0,0,多换,B,7196.0000,0.0000,0.0000,0.0000,0.0000,7206.0000,0.0000,0.0000,0.0000,0.0000,2,0,0,0,0,2,0,0,0,0
zc,TA305,2012-06-25 09:03:47.380,7202.0000,1722,0,0.0000,0.0000,0,0,多换,B,7196.0000,0.0000,0.0000,0.0000,0.0000,7206.0000,0.0000,0.0000,0.0000,0.0000,4,0,0,0,0,2,0,0,0,0
zc,TA305,2012-06-25 09:03:51.163,7202.0000,1722,0,0.0000,0.0000,0,0,多换,B,7196.0000,0.0000,0.0000,0.0000,0.0000,7206.0000,0.0000,0.0000,0.0000,0.0000,4,0,0,0,0,18,0,0,0,0
zc,TA305,2012-06-25 09:03:57.177,7202.0000,1722,0,0.0000,0.0000,0,0,多换,B,7196.0000,0.0000,0.0000,0.0000,0.0000,7204.0000,0.0000,0.0000,0.0000,0.0000,2,0,0,0,0,2,0,0,0,0
zc,TA305,2012-06-25 09:03:57.647,7202.0000,1722,0,0.0000,0.0000,0,0,多换,B,7196.0000,0.0000,0.0000,0.0000,0.0000,7206.0000,0.0000,0.0000,0.0000,0.0000,1,0,0,0,0,2,0,0,0,0
zc,TA305,2012-06-25 09:03:58.147,7202.0000,1722,0,0.0000,0.0000,0,0,多换,B,7196.0000,0.0000,0.0000,0.0000,0.0000,7206.0000,0.0000,0.0000,0.0000,0.0000,2,0,0,0,0,2,0,0,0,0
zc,TA305,2012-06-25 09:03:58.880,7202.0000,1722,0,0.0000,0.0000,0,0,多换,B,7196.0000,0.0000,0.0000,0.0000,0.0000,7206.0000,0.0000,0.0000,0.0000,0.0000,1,0,0,0,0,2,0,0,0,0
zc,TA305,2012-06-25 09:03:59.397,7202.0000,1722,0,0.0000,0.0000,0,0,多换,B,7196.0000,0.0000,0.0000,0.0000,0.0000,7206.0000,0.0000,0.0000,0.0000,0.0000,2,0,0,0,0,2,0,0,0,0
zc,TA305,2012-06-25 09:03:59.927,7202.0000,1722,0,0.0000,0.0000,0,0,多换,B,7196.0000,0.0000,0.0000,0.0000,0.0000,7206.0000,0.0000,0.0000,0.0000,0.0000,1,0,0,0,0,2,0,0,0,0
zc,TA305,2012-06-25 09:04:00.367,7202.0000,1722,0,0.0000,0.0000,0,0,多换,B,7196.0000,0.0000,0.0000,0.0000,0.0000,7206.0000,0.0000,0.0000,0.0000,0.0000,3,0,0,0,0,2,0,0,0,0
zc,TA305,2012-06-25 09:04:03.147,7202.0000,1722,0,0.0000,0.0000,0,0,多换,B,7196.0000,0.0000,0.0000,0.0000,0.0000,7204.0000,0.0000,0.0000,0.0000,0.0000,3,0,0,0,0,16,0,0,0,0
zc,TA305,2012-06-25 09:04:06.973,7202.0000,1722,0,0.0000,0.0000,0,0,多换,B,7196.0000,0.0000,0.0000,0.0000,0.0000,7204.0000,0.0000,0.0000,0.0000,0.0000,2,0,0,0,0,18,0,0,0,0
zc,TA305,2012-06-25 09:04:07.413,7202.0000,1722,0,0.0000,0.0000,0,0,多换,B,7194.0000,0.0000,0.0000,0.0000,0.0000,7204.0000,0.0000,0.0000,0.0000,0.0000,1,0,0,0,0,18,0,0,0,0
zc,TA305,2012-06-25 09:04:08.177,7202.0000,1722,0,0.0000,0.0000,0,0,多换,B,7194.0000,0.0000,0.0000,0.0000,0.0000,7204.0000,0.0000,0.0000,0.0000,0.0000,3,0,0,0,0,16,0,0,0,0
zc,TA305,2012-06-25 09:04:09.413,7202.0000,1722,0,0.0000,0.0000,0,0,多换,B,7196.0000,0.0000,0.0000,0.0000,0.0000,7204.0000,0.0000,0.0000,0.0000,0.0000,1,0,0,0,0,16,0,0,0,0
zc,TA305,2012-06-25 09:04:10.380,7202.0000,1722,0,0.0000,0.0000,0,0,多换,B,7196.0000,0.0000,0.0000,0.0000,0.0000,7204.0000,0.0000,0.0000,0.0000,0.0000,3,0,0,0,0,16,0,0,0,0
zc,TA305,2012-06-25 09:04:11.663,7202.0000,1722,0,0.0000,0.0000,0,0,多换,B,7198.0000,0.0000,0.0000,0.0000,0.0000,7204.0000,0.0000,0.0000,0.0000,0.0000,1,0,0,0,0,16,0,0,0,0
zc,TA305,2012-06-25 09:04:12.117,7202.0000,1722,0,0.0000,0.0000,0,0,多换,B,7198.0000,0.0000,0.0000,0.0000,0.0000,7204.0000,0.0000,0.0000,0.0000,0.0000,3,0,0,0,0,16,0,0,0,0
zc,TA305,2012-06-25 09:04:12.927,7202.0000,1722,0,0.0000,0.0000,0,0,多换,B,7198.0000,0.0000,0.0000,0.0000,0.0000,7204.0000,0.0000,0.0000,0.0000,0.0000,2,0,0,0,0,16,0,0,0,0
zc,TA305,2012-06-25 09:04:13.380,7202.0000,1722,0,0.0000,0.0000,0,0,多换,B,7196.0000,0.0000,0.0000,0.0000,0.0000,7204.0000,0.0000,0.0000,0.0000,0.0000,1,0,0,0,0,16,0,0,0,0
zc,TA305,2012-06-25 09:04:14.147,7202.0000,1722,0,0.0000,0.0000,0,0,多换,B,7196.0000,0.0000,0.0000,0.0000,0.0000,7204.0000,0.0000,0.0000,0.0000,0.0000,3,0,0,0,0,16,0,0,0,0
zc,TA305,2012-06-25 09:04:14.710,7202.0000,1722,0,0.0000,0.0000,0,0,多换,B,7196.0000,0.0000,0.0000,0.0000,0.0000,7204.0000,0.0000,0.0000,0.0000,0.0000,2,0,0,0,0,16,0,0,0,0
zc,TA305,2012-06-25 09:04:15.427,7202.0000,1722,0,0.0000,0.0000,0,0,多换,B,7198.0000,0.0000,0.0000,0.0000,0.0000,7204.0000,0.0000,0.0000,0.0000,0.0000,1,0,0,0,0,16,0,0,0,0
zc,TA305,2012-06-25 09:04:16.193,7202.0000,1722,0,0.0000,0.0000,0,0,多换,B,7198.0000,0.0000,0.0000,0.0000,0.0000,7204.0000,0.0000,0.0000,0.0000,0.0000,3,0,0,0,0,16,0,0,0,0
zc,TA305,2012-06-25 09:04:17.897,7202.0000,1722,0,0.0000,0.0000,0,0,多换,B,7200.0000,0.0000,0.0000,0.0000,0.0000,7204.0000,0.0000,0.0000,0.0000,0.0000,1,0,0,0,0,16,0,0,0,0
zc,TA305,2012-06-25 09:04:18.880,7202.0000,1722,0,0.0000,0.0000,0,0,多换,B,7200.0000,0.0000,0.0000,0.0000,0.0000,7204.0000,0.0000,0.0000,0.0000,0.0000,3,0,0,0,0,16,0,0,0,0
zc,TA305,2012-06-25 09:04:26.663,7202.0000,1722,0,0.0000,0.0000,0,0,多换,B,7202.0000,0.0000,0.0000,0.0000,0.0000,7204.0000,0.0000,0.0000,0.0000,0.0000,1,0,0,0,0,16,0,0,0,0
zc,TA305,2012-06-25 09:04:27.677,7202.0000,1722,0,0.0000,0.0000,0,0,多换,B,7202.0000,0.0000,0.0000,0.0000,0.0000,7204.0000,0.0000,0.0000,0.0000,0.0000,3,0,0,0,0,16,0,0,0,0
zc,TA305,2012-06-25 09:04:28.677,7204.0000,1720,-2,0.0000,2.0000,0,2,双平,B,7202.0000,0.0000,0.0000,0.0000,0.0000,7204.0000,0.0000,0.0000,0.0000,0.0000,3,0,0,0,0,15,0,0,0,0
zc,TA305,2012-06-25 09:04:29.193,7204.0000,1716,-4,0.0000,4.0000,0,4,双平,B,7202.0000,0.0000,0.0000,0.0000,0.0000,7204.0000,0.0000,0.0000,0.0000,0.0000,1,0,0,0,0,13,0,0,0,0
zc,TA305,2012-06-25 09:04:30.913,7204.0000,1712,-4,0.0000,4.0000,0,4,双平,B,7202.0000,0.0000,0.0000,0.0000,0.0000,7204.0000,0.0000,0.0000,0.0000,0.0000,1,0,0,0,0,11,0,0,0,0
zc,TA305,2012-06-25 09:04:31.630,7204.0000,1710,-2,0.0000,2.0000,0,2,双平,B,7202.0000,0.0000,0.0000,0.0000,0.0000,7204.0000,0.0000,0.0000,0.0000,0.0000,3,0,0,0,0,10,0,0,0,0
zc,TA305,2012-06-25 09:04:32.147,7204.0000,1708,-2,0.0000,2.0000,0,2,双平,B,7202.0000,0.0000,0.0000,0.0000,0.0000,7204.0000,0.0000,0.0000,0.0000,0.0000,7,0,0,0,0,9,0,0,0,0
zc,TA305,2012-06-25 09:04:32.943,7204.0000,1704,-4,0.0000,4.0000,0,4,双平,B,7202.0000,0.0000,0.0000,0.0000,0.0000,7204.0000,0.0000,0.0000,0.0000,0.0000,5,0,0,0,0,7,0,0,0,0
zc,TA305,2012-06-25 09:04:33.413,7204.0000,1690,-14,0.0000,14.0000,0,14,双平,B,7202.0000,0.0000,0.0000,0.0000,0.0000,7214.0000,0.0000,0.0000,0.0000,0.0000,5,0,0,0,0,1,0,0,0,0
zc,TA305,2012-06-25 09:04:34.100,7204.0000,1690,0,0.0000,0.0000,0,0,多换,B,7204.0000,0.0000,0.0000,0.0000,0.0000,7212.0000,0.0000,0.0000,0.0000,0.0000,1,0,0,0,0,2,0,0,0,0
zc,TA305,2012-06-25 09:04:34.677,7204.0000,1690,0,0.0000,0.0000,0,0,多换,B,7204.0000,0.0000,0.0000,0.0000,0.0000,7212.0000,0.0000,0.0000,0.0000,0.0000,6,0,0,0,0,2,0,0,0,0
zc,TA305,2012-06-25 09:04:35.413,7204.0000,1690,0,0.0000,0.0000,0,0,多换,B,7204.0000,0.0000,0.0000,0.0000,0.0000,7216.0000,0.0000,0.0000,0.0000,0.0000,6,0,0,0,0,1,0,0,0,0
zc,TA305,2012-06-25 09:04:35.630,7204.0000,1690,0,0.0000,0.0000,0,0,多换,B,7204.0000,0.0000,0.0000,0.0000,0.0000,7216.0000,0.0000,0.0000,0.0000,0.0000,6,0,0,0,0,3,0,0,0,0
zc,TA305,2012-06-25 09:04:36.397,7204.0000,1690,0,0.0000,0.0000,0,0,多换,B,7206.0000,0.0000,0.0000,0.0000,0.0000,7216.0000,0.0000,0.0000,0.0000,0.0000,1,0,0,0,0,3,0,0,0,0
zc,TA305,2012-06-25 09:04:36.960,7204.0000,1690,0,0.0000,0.0000,0,0,多换,B,7204.0000,0.0000,0.0000,0.0000,0.0000,7216.0000,0.0000,0.0000,0.0000,0.0000,6,0,0,0,0,3,0,0,0,0
zc,TA305,2012-06-25 09:04:37.960,7204.0000,1690,0,0.0000,0.0000,0,0,多换,B,7208.0000,0.0000,0.0000,0.0000,0.0000,7216.0000,0.0000,0.0000,0.0000,0.0000,5,0,0,0,0,2,0,0,0,0
zc,TA305,2012-06-25 09:04:38.413,7204.0000,1690,0,0.0000,0.0000,0,0,多换,B,7208.0000,0.0000,0.0000,0.0000,0.0000,7218.0000,0.0000,0.0000,0.0000,0.0000,5,0,0,0,0,1,0,0,0,0
zc,TA305,2012-06-25 09:04:39.117,7204.0000,1690,0,0.0000,0.0000,0,0,多换,B,7208.0000,0.0000,0.0000,0.0000,0.0000,7218.0000,0.0000,0.0000,0.0000,0.0000,5,0,0,0,0,3,0,0,0,0
zc,TA305,2012-06-25 09:04:40.943,7204.0000,1690,0,0.0000,0.0000,0,0,多换,B,7208.0000,0.0000,0.0000,0.0000,0.0000,7218.0000,0.0000,0.0000,0.0000,0.0000,5,0,0,0,0,2,0,0,0,0
zc,TA305,2012-06-25 09:04:41.413,7204.0000,1690,0,0.0000,0.0000,0,0,多换,B,7210.0000,0.0000,0.0000,0.0000,0.0000,7222.0000,0.0000,0.0000,0.0000,0.0000,5,0,0,0,0,1,0,0,0,0
zc,TA305,2012-06-25 09:04:42.193,7204.0000,1690,0,0.0000,0.0000,0,0,多换,B,7212.0000,0.0000,0.0000,0.0000,0.0000,7222.0000,0.0000,0.0000,0.0000,0.0000,3,0,0,0,0,2,0,0,0,0
zc,TA305,2012-06-25 09:04:42.927,7204.0000,1690,0,0.0000,0.0000,0,0,多换,B,7214.0000,0.0000,0.0000,0.0000,0.0000,7226.0000,0.0000,0.0000,0.0000,0.0000,5,0,0,0,0,1,0,0,0,0
zc,TA305,2012-06-25 09:04:43.693,7204.0000,1690,0,0.0000,0.0000,0,0,多换,B,7214.0000,0.0000,0.0000,0.0000,0.0000,7226.0000,0.0000,0.0000,0.0000,0.0000,5,0,0,0,0,2,0,0,0,0
zc,TA305,2012-06-25 09:04:44.147,7204.0000,1690,0,0.0000,0.0000,0,0,多换,B,7218.0000,0.0000,0.0000,0.0000,0.0000,7228.0000,0.0000,0.0000,0.0000,0.0000,2,0,0,0,0,1,0,0,0,0
zc,TA305,2012-06-25 09:04:44.880,7204.0000,1690,0,0.0000,0.0000,0,0,多换,B,7218.0000,0.0000,0.0000,0.0000,0.0000,7228.0000,0.0000,0.0000,0.0000,0.0000,2,0,0,0,0,3,0,0,0,0
zc,TA305,2012-06-25 09:04:45.427,7204.0000,1690,0,0.0000,0.0000,0,0,多换,B,7222.0000,0.0000,0.0000,0.0000,0.0000,7228.0000,0.0000,0.0000,0.0000,0.0000,5,0,0,0,0,2,0,0,0,0
zc,TA305,2012-06-25 09:04:46.130,7204.0000,1690,0,0.0000,0.0000,0,0,多换,B,7222.0000,0.0000,0.0000,0.0000,0.0000,7232.0000,0.0000,0.0000,0.0000,0.0000,9,0,0,0,0,1,0,0,0,0
zc,TA305,2012-06-25 09:04:46.677,7204.0000,1690,0,0.0000,0.0000,0,0,多换,B,7224.0000,0.0000,0.0000,0.0000,0.0000,7232.0000,0.0000,0.0000,0.0000,0.0000,1,0,0,0,0,2,0,0,0,0
zc,TA305,2012-06-25 09:04:47.163,7204.0000,1690,0,0.0000,0.0000,0,0,多换,B,7220.0000,0.0000,0.0000,0.0000,0.0000,7232.0000,0.0000,0.0000,0.0000,0.0000,5,0,0,0,0,1,0,0,0,0
zc,TA305,2012-06-25 09:04:47.663,7204.0000,1690,0,0.0000,0.0000,0,0,多换,B,7220.0000,0.0000,0.0000,0.0000,0.0000,7232.0000,0.0000,0.0000,0.0000,0.0000,5,0,0,0,0,2,0,0,0,0
zc,TA305,2012-06-25 09:04:48.427,7204.0000,1690,0,0.0000,0.0000,0,0,多换,B,7224.0000,0.0000,0.0000,0.0000,0.0000,7236.0000,0.0000,0.0000,0.0000,0.0000,5,0,0,0,0,1,0,0,0,0
zc,TA305,2012-06-25 09:04:49.693,7204.0000,1690,0,0.0000,0.0000,0,0,多换,B,7224.0000,0.0000,0.0000,0.0000,0.0000,7234.0000,0.0000,0.0000,0.0000,0.0000,3,0,0,0,0,2,0,0,0,0
zc,TA305,2012-06-25 09:04:50.177,7204.0000,1690,0,0.0000,0.0000,0,0,多换,B,7224.0000,0.0000,0.0000,0.0000,0.0000,7238.0000,0.0000,0.0000,0.0000,0.0000,1,0,0,0,0,1,0,0,0,0
zc,TA305,2012-06-25 09:04:50.943,7204.0000,1690,0,0.0000,0.0000,0,0,多换,B,7220.0000,0.0000,0.0000,0.0000,0.0000,7236.0000,0.0000,0.0000,0.0000,0.0000,5,0,0,0,0,2,0,0,0,0
zc,TA305,2012-06-25 09:04:51.427,7204.0000,1690,0,0.0000,0.0000,0,0,多换,B,7224.0000,0.0000,0.0000,0.0000,0.0000,7238.0000,0.0000,0.0000,0.0000,0.0000,5,0,0,0,0,1,0,0,0,0
zc,TA305,2012-06-25 09:04:52.177,7204.0000,1690,0,0.0000,0.0000,0,0,多换,B,7226.0000,0.0000,0.0000,0.0000,0.0000,7238.0000,0.0000,0.0000,0.0000,0.0000,5,0,0,0,0,1,0,0,0,0
zc,TA305,2012-06-25 09:04:52.600,7204.0000,1690,0,0.0000,0.0000,0,0,多换,B,7226.0000,0.0000,0.0000,0.0000,0.0000,7238.0000,0.0000,0.0000,0.0000,0.0000,5,0,0,0,0,3,0,0,0,0
zc,TA305,2012-06-25 09:04:53.163,7204.0000,1690,0,0.0000,0.0000,0,0,多换,B,7228.0000,0.0000,0.0000,0.0000,0.0000,7238.0000,0.0000,0.0000,0.0000,0.0000,5,0,0,0,0,2,0,0,0,0
zc,TA305,2012-06-25 09:04:53.927,7204.0000,1690,0,0.0000,0.0000,0,0,多换,B,7228.0000,0.0000,0.0000,0.0000,0.0000,7240.0000,0.0000,0.0000,0.0000,0.0000,4,0,0,0,0,1,0,0,0,0
zc,TA305,2012-06-25 09:04:54.397,7204.0000,1690,0,0.0000,0.0000,0,0,多换,B,7232.0000,0.0000,0.0000,0.0000,0.0000,7238.0000,0.0000,0.0000,0.0000,0.0000,2,0,0,0,0,2,0,0,0,0
zc,TA305,2012-06-25 09:04:55.177,7204.0000,1690,0,0.0000,0.0000,0,0,多换,B,7234.0000,0.0000,0.0000,0.0000,0.0000,7246.0000,0.0000,0.0000,0.0000,0.0000,5,0,0,0,0,1,0,0,0,0
zc,TA305,2012-06-25 09:04:55.677,7204.0000,1690,0,0.0000,0.0000,0,0,多换,B,7234.0000,0.0000,0.0000,0.0000,0.0000,7246.0000,0.0000,0.0000,0.0000,0.0000,5,0,0,0,0,2,0,0,0,0
zc,TA305,2012-06-25 09:04:56.413,7204.0000,1690,0,0.0000,0.0000,0,0,多换,B,7232.0000,0.0000,0.0000,0.0000,0.0000,7248.0000,0.0000,0.0000,0.0000,0.0000,5,0,0,0,0,1,0,0,0,0
zc,TA305,2012-06-25 09:04:56.927,7204.0000,1690,0,0.0000,0.0000,0,0,多换,B,7236.0000,0.0000,0.0000,0.0000,0.0000,7248.0000,0.0000,0.0000,0.0000,0.0000,5,0,0,0,0,3,0,0,0,0
zc,TA305,2012-06-25 09:04:57.710,7204.0000,1690,0,0.0000,0.0000,0,0,多换,B,7236.0000,0.0000,0.0000,0.0000,0.0000,7248.0000,0.0000,0.0000,0.0000,0.0000,5,0,0,0,0,2,0,0,0,0
zc,TA305,2012-06-25 09:04:57.960,7204.0000,1690,0,0.0000,0.0000,0,0,多换,B,7240.0000,0.0000,0.0000,0.0000,0.0000,7256.0000,0.0000,0.0000,0.0000,0.0000,10,0,0,0,0,1,0,0,0,0
zc,TA305,2012-06-25 09:04:58.663,7204.0000,1690,0,0.0000,0.0000,0,0,多换,B,7242.0000,0.0000,0.0000,0.0000,0.0000,7256.0000,0.0000,0.0000,0.0000,0.0000,1,0,0,0,0,1,0,0,0,0
zc,TA305,2012-06-25 09:04:59.460,7204.0000,1690,0,0.0000,0.0000,0,0,多换,B,7240.0000,0.0000,0.0000,0.0000,0.0000,7256.0000,0.0000,0.0000,0.0000,0.0000,5,0,0,0,0,3,0,0,0,0
zc,TA305,2012-06-25 09:04:59.897,7204.0000,1690,0,0.0000,0.0000,0,0,多换,B,7240.0000,0.0000,0.0000,0.0000,0.0000,7256.0000,0.0000,0.0000,0.0000,0.0000,5,0,0,0,0,1,0,0,0,0
zc,TA305,2012-06-25 09:05:00.600,7204.0000,1690,0,0.0000,0.0000,0,0,多换,B,7240.0000,0.0000,0.0000,0.0000,0.0000,7254.0000,0.0000,0.0000,0.0000,0.0000,5,0,0,0,0,2,0,0,0,0
zc,TA305,2012-06-25 09:05:01.177,7204.0000,1690,0,0.0000,0.0000,0,0,多换,B,7240.0000,0.0000,0.0000,0.0000,0.0000,7254.0000,0.0000,0.0000,0.0000,0.0000,5,0,0,0,0,3,0,0,0,0
zc,TA305,2012-06-25 09:05:02.677,7204.0000,1690,0,0.0000,0.0000,0,0,多换,B,7240.0000,0.0000,0.0000,0.0000,0.0000,7254.0000,0.0000,0.0000,0.0000,0.0000,5,0,0,0,0,2,0,0,0,0
zc,TA305,2012-06-25 09:05:03.193,7204.0000,1690,0,0.0000,0.0000,0,0,多换,B,7240.0000,0.0000,0.0000,0.0000,0.0000,7254.0000,0.0000,0.0000,0.0000,0.0000,5,0,0,0,0,3,0,0,0,0
zc,TA305,2012-06-25 09:05:03.973,7204.0000,1690,0,0.0000,0.0000,0,0,多换,B,7242.0000,0.0000,0.0000,0.0000,0.0000,7254.0000,0.0000,0.0000,0.0000,0.0000,1,0,0,0,0,3,0,0,0,0
zc,TA305,2012-06-25 09:05:04.710,7204.0000,1690,0,0.0000,0.0000,0,0,多换,B,7240.0000,0.0000,0.0000,0.0000,0.0000,7254.0000,0.0000,0.0000,0.0000,0.0000,7,0,0,0,0,3,0,0,0,0
zc,TA305,2012-06-25 09:05:05.163,7204.0000,1690,0,0.0000,0.0000,0,0,多换,B,7240.0000,0.0000,0.0000,0.0000,0.0000,7252.0000,0.0000,0.0000,0.0000,0.0000,7,0,0,0,0,1,0,0,0,0
zc,TA305,2012-06-25 09:05:05.913,7204.0000,1690,0,0.0000,0.0000,0,0,多换,B,7240.0000,0.0000,0.0000,0.0000,0.0000,7252.0000,0.0000,0.0000,0.0000,0.0000,6,0,0,0,0,3,0,0,0,0
zc,TA305,2012-06-25 09:05:06.413,7204.0000,1690,0,0.0000,0.0000,0,0,多换,B,7240.0000,0.0000,0.0000,0.0000,0.0000,7250.0000,0.0000,0.0000,0.0000,0.0000,4,0,0,0,0,1,0,0,0,0
zc,TA305,2012-06-25 09:05:07.163,7204.0000,1690,0,0.0000,0.0000,0,0,多换,B,7238.0000,0.0000,0.0000,0.0000,0.0000,7252.0000,0.0000,0.0000,0.0000,0.0000,5,0,0,0,0,3,0,0,0,0
zc,TA305,2012-06-25 09:05:07.740,7204.0000,1690,0,0.0000,0.0000,0,0,多换,B,7236.0000,0.0000,0.0000,0.0000,0.0000,7246.0000,0.0000,0.0000,0.0000,0.0000,5,0,0,0,0,1,0,0,0,0
zc,TA305,2012-06-25 09:05:08.443,7204.0000,1690,0,0.0000,0.0000,0,0,多换,B,7236.0000,0.0000,0.0000,0.0000,0.0000,7248.0000,0.0000,0.0000,0.0000,0.0000,5,0,0,0,0,1,0,0,0,0
zc,TA305,2012-06-25 09:05:08.927,7204.0000,1690,0,0.0000,0.0000,0,0,多换,B,7236.0000,0.0000,0.0000,0.0000,0.0000,7246.0000,0.0000,0.0000,0.0000,0.0000,5,0,0,0,0,1,0,0,0,0
zc,TA305,2012-06-25 09:05:09.693,7204.0000,1690,0,0.0000,0.0000,0,0,多换,B,7232.0000,0.0000,0.0000,0.0000,0.0000,7244.0000,0.0000,0.0000,0.0000,0.0000,1,0,0,0,0,1,0,0,0,0
zc,TA305,2012-06-25 09:05:10.943,7204.0000,1690,0,0.0000,0.0000,0,0,多换,B,7230.0000,0.0000,0.0000,0.0000,0.0000,7244.0000,0.0000,0.0000,0.0000,0.0000,5,0,0,0,0,3,0,0,0,0
zc,TA305,2012-06-25 09:05:11.413,7204.0000,1690,0,0.0000,0.0000,0,0,多换,B,7232.0000,0.0000,0.0000,0.0000,0.0000,7244.0000,0.0000,0.0000,0.0000,0.0000,2,0,0,0,0,3,0,0,0,0
zc,TA305,2012-06-25 09:05:12.163,7204.0000,1690,0,0.0000,0.0000,0,0,多换,B,7230.0000,0.0000,0.0000,0.0000,0.0000,7240.0000,0.0000,0.0000,0.0000,0.0000,5,0,0,0,0,1,0,0,0,0
zc,TA305,2012-06-25 09:05:13.177,7204.0000,1690,0,0.0000,0.0000,0,0,多换,B,7230.0000,0.0000,0.0000,0.0000,0.0000,7240.0000,0.0000,0.0000,0.0000,0.0000,5,0,0,0,0,3,0,0,0,0
zc,TA305,2012-06-25 09:05:13.927,7204.0000,1690,0,0.0000,0.0000,0,0,多换,B,7230.0000,0.0000,0.0000,0.0000,0.0000,7240.0000,0.0000,0.0000,0.0000,0.0000,4,0,0,0,0,3,0,0,0,0
zc,TA305,2012-06-25 09:05:14.460,7204.0000,1690,0,0.0000,0.0000,0,0,多换,B,7228.0000,0.0000,0.0000,0.0000,0.0000,7240.0000,0.0000,0.0000,0.0000,0.0000,5,0,0,0,0,2,0,0,0,0
zc,TA305,2012-06-25 09:05:15.163,7204.0000,1690,0,0.0000,0.0000,0,0,多换,B,7228.0000,0.0000,0.0000,0.0000,0.0000,7240.0000,0.0000,0.0000,0.0000,0.0000,5,0,0,0,0,1,0,0,0,0
zc,TA305,2012-06-25 09:05:15.677,7204.0000,1690,0,0.0000,0.0000,0,0,多换,B,7230.0000,0.0000,0.0000,0.0000,0.0000,7240.0000,0.0000,0.0000,0.0000,0.0000,2,0,0,0,0,3,0,0,0,0
zc,TA305,2012-06-25 09:05:16.380,7204.0000,1690,0,0.0000,0.0000,0,0,多换,B,7228.0000,0.0000,0.0000,0.0000,0.0000,7240.0000,0.0000,0.0000,0.0000,0.0000,5,0,0,0,0,3,0,0,0,0
zc,TA305,2012-06-25 09:05:16.943,7204.0000,1690,0,0.0000,0.0000,0,0,多换,B,7230.0000,0.0000,0.0000,0.0000,0.0000,7240.0000,0.0000,0.0000,0.0000,0.0000,5,0,0,0,0,3,0,0,0,0
zc,TA305,2012-06-25 09:05:17.663,7204.0000,1690,0,0.0000,0.0000,0,0,多换,B,7230.0000,0.0000,0.0000,0.0000,0.0000,7240.0000,0.0000,0.0000,0.0000,0.0000,2,0,0,0,0,3,0,0,0,0
zc,TA305,2012-06-25 09:05:18.677,7204.0000,1690,0,0.0000,0.0000,0,0,多换,B,7228.0000,0.0000,0.0000,0.0000,0.0000,7238.0000,0.0000,0.0000,0.0000,0.0000,5,0,0,0,0,1,0,0,0,0
zc,TA305,2012-06-25 09:05:19.163,7204.0000,1690,0,0.0000,0.0000,0,0,多换,B,7228.0000,0.0000,0.0000,0.0000,0.0000,7238.0000,0.0000,0.0000,0.0000,0.0000,5,0,0,0,0,2,0,0,0,0
zc,TA305,2012-06-25 09:05:19.927,7204.0000,1690,0,0.0000,0.0000,0,0,多换,B,7228.0000,0.0000,0.0000,0.0000,0.0000,7238.0000,0.0000,0.0000,0.0000,0.0000,5,0,0,0,0,1,0,0,0,0
zc,TA305,2012-06-25 09:05:20.413,7204.0000,1690,0,0.0000,0.0000,0,0,多换,B,7228.0000,0.0000,0.0000,0.0000,0.0000,7238.0000,0.0000,0.0000,0.0000,0.0000,5,0,0,0,0,3,0,0,0,0
zc,TA305,2012-06-25 09:05:21.177,7204.0000,1690,0,0.0000,0.0000,0,0,多换,B,7230.0000,0.0000,0.0000,0.0000,0.0000,7238.0000,0.0000,0.0000,0.0000,0.0000,5,0,0,0,0,2,0,0,0,0
zc,TA305,2012-06-25 09:05:21.617,7204.0000,1690,0,0.0000,0.0000,0,0,多换,B,7230.0000,0.0000,0.0000,0.0000,0.0000,7240.0000,0.0000,0.0000,0.0000,0.0000,3,0,0,0,0,1,0,0,0,0
zc,TA305,2012-06-25 09:05:22.460,7204.0000,1690,0,0.0000,0.0000,0,0,多换,B,7226.0000,0.0000,0.0000,0.0000,0.0000,7236.0000,0.0000,0.0000,0.0000,0.0000,5,0,0,0,0,1,0,0,0,0
zc,TA305,2012-06-25 09:05:22.960,7204.0000,1690,0,0.0000,0.0000,0,0,多换,B,7228.0000,0.0000,0.0000,0.0000,0.0000,7236.0000,0.0000,0.0000,0.0000,0.0000,2,0,0,0,0,2,0,0,0,0
zc,TA305,2012-06-25 09:05:23.677,7204.0000,1690,0,0.0000,0.0000,0,0,多换,B,7230.0000,0.0000,0.0000,0.0000,0.0000,7240.0000,0.0000,0.0000,0.0000,0.0000,5,0,0,0,0,1,0,0,0,0
zc,TA305,2012-06-25 09:05:24.380,7204.0000,1690,0,0.0000,0.0000,0,0,多换,B,7226.0000,0.0000,0.0000,0.0000,0.0000,7238.0000,0.0000,0.0000,0.0000,0.0000,5,0,0,0,0,1,0,0,0,0
zc,TA305,2012-06-25 09:05:24.927,7204.0000,1690,0,0.0000,0.0000,0,0,多换,B,7230.0000,0.0000,0.0000,0.0000,0.0000,7240.0000,0.0000,0.0000,0.0000,0.0000,1,0,0,0,0,1,0,0,0,0
zc,TA305,2012-06-25 09:05:25.647,7204.0000,1690,0,0.0000,0.0000,0,0,多换,B,7226.0000,0.0000,0.0000,0.0000,0.0000,7236.0000,0.0000,0.0000,0.0000,0.0000,5,0,0,0,0,1,0,0,0,0
zc,TA305,2012-06-25 09:05:26.130,7204.0000,1690,0,0.0000,0.0000,0,0,多换,B,7226.0000,0.0000,0.0000,0.0000,0.0000,7236.0000,0.0000,0.0000,0.0000,0.0000,5,0,0,0,0,2,0,0,0,0
zc,TA305,2012-06-25 09:05:26.663,7204.0000,1690,0,0.0000,0.0000,0,0,多换,B,7226.0000,0.0000,0.0000,0.0000,0.0000,7238.0000,0.0000,0.0000,0.0000,0.0000,1,0,0,0,0,1,0,0,0,0
zc,TA305,2012-06-25 09:05:27.460,7204.0000,1690,0,0.0000,0.0000,0,0,多换,B,7226.0000,0.0000,0.0000,0.0000,0.0000,7236.0000,0.0000,0.0000,0.0000,0.0000,1,0,0,0,0,1,0,0,0,0
zc,TA305,2012-06-25 09:05:28.163,7204.0000,1690,0,0.0000,0.0000,0,0,多换,B,7224.0000,0.0000,0.0000,0.0000,0.0000,7234.0000,0.0000,0.0000,0.0000,0.0000,5,0,0,0,0,1,0,0,0,0
zc,TA305,2012-06-25 09:05:28.427,7204.0000,1690,0,0.0000,0.0000,0,0,多换,B,7224.0000,0.0000,0.0000,0.0000,0.0000,7238.0000,0.0000,0.0000,0.0000,0.0000,5,0,0,0,0,1,0,0,0,0
zc,TA305,2012-06-25 09:05:29.177,7204.0000,1690,0,0.0000,0.0000,0,0,多换,B,7224.0000,0.0000,0.0000,0.0000,0.0000,7234.0000,0.0000,0.0000,0.0000,0.0000,5,0,0,0,0,1,0,0,0,0
zc,TA305,2012-06-25 09:05:29.663,7204.0000,1690,0,0.0000,0.0000,0,0,多换,B,7226.0000,0.0000,0.0000,0.0000,0.0000,7234.0000,0.0000,0.0000,0.0000,0.0000,1,0,0,0,0,2,0,0,0,0
zc,TA305,2012-06-25 09:05:30.443,7204.0000,1690,0,0.0000,0.0000,0,0,多换,B,7224.0000,0.0000,0.0000,0.0000,0.0000,7238.0000,0.0000,0.0000,0.0000,0.0000,5,0,0,0,0,1,0,0,0,0
zc,TA305,2012-06-25 09:05:30.913,7204.0000,1690,0,0.0000,0.0000,0,0,多换,B,7224.0000,0.0000,0.0000,0.0000,0.0000,7234.0000,0.0000,0.0000,0.0000,0.0000,5,0,0,0,0,1,0,0,0,0
zc,TA305,2012-06-25 09:05:31.663,7204.0000,1690,0,0.0000,0.0000,0,0,多换,B,7224.0000,0.0000,0.0000,0.0000,0.0000,7234.0000,0.0000,0.0000,0.0000,0.0000,5,0,0,0,0,3,0,0,0,0
zc,TA305,2012-06-25 09:05:32.177,7204.0000,1690,0,0.0000,0.0000,0,0,多换,B,7226.0000,0.0000,0.0000,0.0000,0.0000,7234.0000,0.0000,0.0000,0.0000,0.0000,5,0,0,0,0,2,0,0,0,0
zc,TA305,2012-06-25 09:05:32.647,7204.0000,1690,0,0.0000,0.0000,0,0,多换,B,7226.0000,0.0000,0.0000,0.0000,0.0000,7236.0000,0.0000,0.0000,0.0000,0.0000,5,0,0,0,0,1,0,0,0,0
zc,TA305,2012-06-25 09:05:33.427,7204.0000,1690,0,0.0000,0.0000,0,0,多换,B,7226.0000,0.0000,0.0000,0.0000,0.0000,7236.0000,0.0000,0.0000,0.0000,0.0000,5,0,0,0,0,3,0,0,0,0
zc,TA305,2012-06-25 09:05:35.163,7204.0000,1690,0,0.0000,0.0000,0,0,多换,B,7226.0000,0.0000,0.0000,0.0000,0.0000,7236.0000,0.0000,0.0000,0.0000,0.0000,5,0,0,0,0,2,0,0,0,0
zc,TA305,2012-06-25 09:05:35.913,7204.0000,1690,0,0.0000,0.0000,0,0,多换,B,7228.0000,0.0000,0.0000,0.0000,0.0000,7238.0000,0.0000,0.0000,0.0000,0.0000,1,0,0,0,0,1,0,0,0,0
zc,TA305,2012-06-25 09:05:36.380,7204.0000,1690,0,0.0000,0.0000,0,0,多换,B,7226.0000,0.0000,0.0000,0.0000,0.0000,7238.0000,0.0000,0.0000,0.0000,0.0000,4,0,0,0,0,3,0,0,0,0
zc,TA305,2012-06-25 09:05:37.163,7204.0000,1690,0,0.0000,0.0000,0,0,多换,B,7226.0000,0.0000,0.0000,0.0000,0.0000,7238.0000,0.0000,0.0000,0.0000,0.0000,5,0,0,0,0,3,0,0,0,0
zc,TA305,2012-06-25 09:05:37.693,7204.0000,1690,0,0.0000,0.0000,0,0,多换,B,7224.0000,0.0000,0.0000,0.0000,0.0000,7238.0000,0.0000,0.0000,0.0000,0.0000,5,0,0,0,0,3,0,0,0,0
zc,TA305,2012-06-25 09:05:38.397,7204.0000,1690,0,0.0000,0.0000,0,0,多换,B,7224.0000,0.0000,0.0000,0.0000,0.0000,7234.0000,0.0000,0.0000,0.0000,0.0000,5,0,0,0,0,3,0,0,0,0
zc,TA305,2012-06-25 09:05:40.693,7204.0000,1690,0,0.0000,0.0000,0,0,多换,B,7226.0000,0.0000,0.0000,0.0000,0.0000,7234.0000,0.0000,0.0000,0.0000,0.0000,1,0,0,0,0,2,0,0,0,0
zc,TA305,2012-06-25 09:05:41.413,7204.0000,1690,0,0.0000,0.0000,0,0,多换,B,7224.0000,0.0000,0.0000,0.0000,0.0000,7236.0000,0.0000,0.0000,0.0000,0.0000,5,0,0,0,0,1,0,0,0,0
zc,TA305,2012-06-25 09:05:41.913,7204.0000,1690,0,0.0000,0.0000,0,0,多换,B,7222.0000,0.0000,0.0000,0.0000,0.0000,7232.0000,0.0000,0.0000,0.0000,0.0000,2,0,0,0,0,1,0,0,0,0
zc,TA305,2012-06-25 09:05:42.693,7204.0000,1690,0,0.0000,0.0000,0,0,多换,B,7222.0000,0.0000,0.0000,0.0000,0.0000,7232.0000,0.0000,0.0000,0.0000,0.0000,3,0,0,0,0,3,0,0,0,0
zc,TA305,2012-06-25 09:05:43.210,7204.0000,1690,0,0.0000,0.0000,0,0,多换,B,7226.0000,0.0000,0.0000,0.0000,0.0000,7232.0000,0.0000,0.0000,0.0000,0.0000,2,0,0,0,0,2,0,0,0,0
zc,TA305,2012-06-25 09:05:43.897,7204.0000,1690,0,0.0000,0.0000,0,0,多换,B,7226.0000,0.0000,0.0000,0.0000,0.0000,7236.0000,0.0000,0.0000,0.0000,0.0000,1,0,0,0,0,1,0,0,0,0
zc,TA305,2012-06-25 09:05:44.193,7204.0000,1690,0,0.0000,0.0000,0,0,多换,B,7226.0000,0.0000,0.0000,0.0000,0.0000,7236.0000,0.0000,0.0000,0.0000,0.0000,1,0,0,0,0,3,0,0,0,0
zc,TA305,2012-06-25 09:05:45.367,7204.0000,1690,0,0.0000,0.0000,0,0,多换,B,7224.0000,0.0000,0.0000,0.0000,0.0000,7234.0000,0.0000,0.0000,0.0000,0.0000,3,0,0,0,0,1,0,0,0,0
zc,TA305,2012-06-25 09:05:46.193,7204.0000,1690,0,0.0000,0.0000,0,0,多换,B,7224.0000,0.0000,0.0000,0.0000,0.0000,7234.0000,0.0000,0.0000,0.0000,0.0000,5,0,0,0,0,3,0,0,0,0
zc,TA305,2012-06-25 09:05:46.723,7204.0000,1690,0,0.0000,0.0000,0,0,多换,B,7226.0000,0.0000,0.0000,0.0000,0.0000,7234.0000,0.0000,0.0000,0.0000,0.0000,1,0,0,0,0,2,0,0,0,0
zc,TA305,2012-06-25 09:05:47.397,7204.0000,1690,0,0.0000,0.0000,0,0,多换,B,7228.0000,0.0000,0.0000,0.0000,0.0000,7238.0000,0.0000,0.0000,0.0000,0.0000,2,0,0,0,0,1,0,0,0,0
zc,TA305,2012-06-25 09:05:47.833,7204.0000,1690,0,0.0000,0.0000,0,0,多换,B,7228.0000,0.0000,0.0000,0.0000,0.0000,7238.0000,0.0000,0.0000,0.0000,0.0000,2,0,0,0,0,3,0,0,0,0
zc,TA305,2012-06-25 09:05:48.693,7204.0000,1690,0,0.0000,0.0000,0,0,多换,B,7226.0000,0.0000,0.0000,0.0000,0.0000,7236.0000,0.0000,0.0000,0.0000,0.0000,5,0,0,0,0,1,0,0,0,0
zc,TA305,2012-06-25 09:05:49.193,7204.0000,1690,0,0.0000,0.0000,0,0,多换,B,7224.0000,0.0000,0.0000,0.0000,0.0000,7236.0000,0.0000,0.0000,0.0000,0.0000,5,0,0,0,0,2,0,0,0,0
zc,TA305,2012-06-25 09:05:49.927,7204.0000,1690,0,0.0000,0.0000,0,0,多换,B,7224.0000,0.0000,0.0000,0.0000,0.0000,7234.0000,0.0000,0.0000,0.0000,0.0000,5,0,0,0,0,3,0,0,0,0
zc,TA305,2012-06-25 09:05:51.710,7204.0000,1690,0,0.0000,0.0000,0,0,多换,B,7224.0000,0.0000,0.0000,0.0000,0.0000,7234.0000,0.0000,0.0000,0.0000,0.0000,5,0,0,0,0,2,0,0,0,0
zc,TA305,2012-06-25 09:05:52.163,7204.0000,1690,0,0.0000,0.0000,0,0,多换,B,7224.0000,0.0000,0.0000,0.0000,0.0000,7234.0000,0.0000,0.0000,0.0000,0.0000,3,0,0,0,0,3,0,0,0,0
zc,TA305,2012-06-25 09:05:52.880,7204.0000,1690,0,0.0000,0.0000,0,0,多换,B,7224.0000,0.0000,0.0000,0.0000,0.0000,7234.0000,0.0000,0.0000,0.0000,0.0000,4,0,0,0,0,3,0,0,0,0
zc,TA305,2012-06-25 09:05:54.427,7204.0000,1690,0,0.0000,0.0000,0,0,多换,B,7224.0000,0.0000,0.0000,0.0000,0.0000,7234.0000,0.0000,0.0000,0.0000,0.0000,1,0,0,0,0,3,0,0,0,0
zc,TA305,2012-06-25 09:05:55.163,7204.0000,1690,0,0.0000,0.0000,0,0,多换,B,7226.0000,0.0000,0.0000,0.0000,0.0000,7234.0000,0.0000,0.0000,0.0000,0.0000,1,0,0,0,0,2,0,0,0,0
zc,TA305,2012-06-25 09:05:55.880,7204.0000,1690,0,0.0000,0.0000,0,0,多换,B,7226.0000,0.0000,0.0000,0.0000,0.0000,7236.0000,0.0000,0.0000,0.0000,0.0000,5,0,0,0,0,1,0,0,0,0
zc,TA305,2012-06-25 09:05:56.117,7204.0000,1690,0,0.0000,0.0000,0,0,多换,B,7226.0000,0.0000,0.0000,0.0000,0.0000,7236.0000,0.0000,0.0000,0.0000,0.0000,5,0,0,0,0,3,0,0,0,0
zc,TA305,2012-06-25 09:05:56.897,7204.0000,1690,0,0.0000,0.0000,0,0,多换,B,7224.0000,0.0000,0.0000,0.0000,0.0000,7236.0000,0.0000,0.0000,0.0000,0.0000,2,0,0,0,0,3,0,0,0,0
zc,TA305,2012-06-25 09:05:57.413,7204.0000,1690,0,0.0000,0.0000,0,0,多换,B,7222.0000,0.0000,0.0000,0.0000,0.0000,7232.0000,0.0000,0.0000,0.0000,0.0000,5,0,0,0,0,1,0,0,0,0
zc,TA305,2012-06-25 09:05:58.147,7204.0000,1690,0,0.0000,0.0000,0,0,多换,B,7224.0000,0.0000,0.0000,0.0000,0.0000,7234.0000,0.0000,0.0000,0.0000,0.0000,3,0,0,0,0,1,0,0,0,0
zc,TA305,2012-06-25 09:05:58.663,7204.0000,1690,0,0.0000,0.0000,0,0,多换,B,7224.0000,0.0000,0.0000,0.0000,0.0000,7234.0000,0.0000,0.0000,0.0000,0.0000,4,0,0,0,0,2,0,0,0,0
zc,TA305,2012-06-25 09:05:59.413,7204.0000,1690,0,0.0000,0.0000,0,0,多换,B,7228.0000,0.0000,0.0000,0.0000,0.0000,7238.0000,0.0000,0.0000,0.0000,0.0000,4,0,0,0,0,1,0,0,0,0
zc,TA305,2012-06-25 09:05:59.913,7204.0000,1690,0,0.0000,0.0000,0,0,多换,B,7228.0000,0.0000,0.0000,0.0000,0.0000,7238.0000,0.0000,0.0000,0.0000,0.0000,4,0,0,0,0,3,0,0,0,0
zc,TA305,2012-06-25 09:06:00.630,7204.0000,1690,0,0.0000,0.0000,0,0,多换,B,7228.0000,0.0000,0.0000,0.0000,0.0000,7238.0000,0.0000,0.0000,0.0000,0.0000,1,0,0,0,0,2,0,0,0,0
zc,TA305,2012-06-25 09:06:01.147,7204.0000,1690,0,0.0000,0.0000,0,0,多换,B,7232.0000,0.0000,0.0000,0.0000,0.0000,7242.0000,0.0000,0.0000,0.0000,0.0000,3,0,0,0,0,1,0,0,0,0
zc,TA305,2012-06-25 09:06:01.647,7204.0000,1690,0,0.0000,0.0000,0,0,多换,B,7232.0000,0.0000,0.0000,0.0000,0.0000,7242.0000,0.0000,0.0000,0.0000,0.0000,2,0,0,0,0,1,0,0,0,0
zc,TA305,2012-06-25 09:06:02.413,7204.0000,1690,0,0.0000,0.0000,0,0,多换,B,7232.0000,0.0000,0.0000,0.0000,0.0000,7242.0000,0.0000,0.0000,0.0000,0.0000,3,0,0,0,0,3,0,0,0,0
zc,TA305,2012-06-25 09:06:02.927,7204.0000,1690,0,0.0000,0.0000,0,0,多换,B,7230.0000,0.0000,0.0000,0.0000,0.0000,7240.0000,0.0000,0.0000,0.0000,0.0000,3,0,0,0,0,1,0,0,0,0
zc,TA305,2012-06-25 09:06:03.630,7204.0000,1690,0,0.0000,0.0000,0,0,多换,B,7230.0000,0.0000,0.0000,0.0000,0.0000,7240.0000,0.0000,0.0000,0.0000,0.0000,3,0,0,0,0,2,0,0,0,0
zc,TA305,2012-06-25 09:06:04.163,7204.0000,1690,0,0.0000,0.0000,0,0,多换,B,7234.0000,0.0000,0.0000,0.0000,0.0000,7244.0000,0.0000,0.0000,0.0000,0.0000,5,0,0,0,0,1,0,0,0,0
zc,TA305,2012-06-25 09:06:04.913,7204.0000,1690,0,0.0000,0.0000,0,0,多换,B,7234.0000,0.0000,0.0000,0.0000,0.0000,7244.0000,0.0000,0.0000,0.0000,0.0000,5,0,0,0,0,3,0,0,0,0
zc,TA305,2012-06-25 09:06:06.427,7204.0000,1690,0,0.0000,0.0000,0,0,多换,B,7226.0000,0.0000,0.0000,0.0000,0.0000,7244.0000,0.0000,0.0000,0.0000,0.0000,5,0,0,0,0,3,0,0,0,0
zc,TA305,2012-06-25 09:06:07.193,7204.0000,1690,0,0.0000,0.0000,0,0,多换,B,7226.0000,0.0000,0.0000,0.0000,0.0000,7242.0000,0.0000,0.0000,0.0000,0.0000,5,0,0,0,0,1,0,0,0,0
zc,TA305,2012-06-25 09:06:07.927,7204.0000,1690,0,0.0000,0.0000,0,0,多换,B,7226.0000,0.0000,0.0000,0.0000,0.0000,7236.0000,0.0000,0.0000,0.0000,0.0000,5,0,0,0,0,2,0,0,0,0
zc,TA305,2012-06-25 09:06:08.677,7204.0000,1690,0,0.0000,0.0000,0,0,多换,B,7228.0000,0.0000,0.0000,0.0000,0.0000,7236.0000,0.0000,0.0000,0.0000,0.0000,5,0,0,0,0,2,0,0,0,0
zc,TA305,2012-06-25 09:06:08.943,7204.0000,1690,0,0.0000,0.0000,0,0,多换,B,7232.0000,0.0000,0.0000,0.0000,0.0000,7242.0000,0.0000,0.0000,0.0000,0.0000,5,0,0,0,0,1,0,0,0,0
zc,TA305,2012-06-25 09:06:09.647,7204.0000,1690,0,0.0000,0.0000,0,0,多换,B,7232.0000,0.0000,0.0000,0.0000,0.0000,7242.0000,0.0000,0.0000,0.0000,0.0000,5,0,0,0,0,3,0,0,0,0
zc,TA305,2012-06-25 09:06:10.193,7204.0000,1690,0,0.0000,0.0000,0,0,多换,B,7232.0000,0.0000,0.0000,0.0000,0.0000,7242.0000,0.0000,0.0000,0.0000,0.0000,4,0,0,0,0,3,0,0,0,0
zc,TA305,2012-06-25 09:06:10.973,7204.0000,1690,0,0.0000,0.0000,0,0,多换,B,7226.0000,0.0000,0.0000,0.0000,0.0000,7240.0000,0.0000,0.0000,0.0000,0.0000,5,0,0,0,0,1,0,0,0,0
zc,TA305,2012-06-25 09:06:11.427,7204.0000,1690,0,0.0000,0.0000,0,0,多换,B,7226.0000,0.0000,0.0000,0.0000,0.0000,7238.0000,0.0000,0.0000,0.0000,0.0000,5,0,0,0,0,1,0,0,0,0
zc,TA305,2012-06-25 09:06:12.663,7204.0000,1690,0,0.0000,0.0000,0,0,多换,B,7228.0000,0.0000,0.0000,0.0000,0.0000,7236.0000,0.0000,0.0000,0.0000,0.0000,2,0,0,0,0,2,0,0,0,0
zc,TA305,2012-06-25 09:06:13.147,7204.0000,1690,0,0.0000,0.0000,0,0,多换,B,7226.0000,0.0000,0.0000,0.0000,0.0000,7238.0000,0.0000,0.0000,0.0000,0.0000,5,0,0,0,0,1,0,0,0,0
zc,TA305,2012-06-25 09:06:13.927,7204.0000,1690,0,0.0000,0.0000,0,0,多换,B,7226.0000,0.0000,0.0000,0.0000,0.0000,7238.0000,0.0000,0.0000,0.0000,0.0000,5,0,0,0,0,2,0,0,0,0
zc,TA305,2012-06-25 09:06:14.413,7204.0000,1690,0,0.0000,0.0000,0,0,多换,B,7226.0000,0.0000,0.0000,0.0000,0.0000,7240.0000,0.0000,0.0000,0.0000,0.0000,5,0,0,0,0,1,0,0,0,0
zc,TA305,2012-06-25 09:06:15.177,7204.0000,1690,0,0.0000,0.0000,0,0,多换,B,7226.0000,0.0000,0.0000,0.0000,0.0000,7240.0000,0.0000,0.0000,0.0000,0.0000,5,0,0,0,0,3,0,0,0,0
zc,TA305,2012-06-25 09:06:15.723,7204.0000,1690,0,0.0000,0.0000,0,0,多换,B,7228.0000,0.0000,0.0000,0.0000,0.0000,7240.0000,0.0000,0.0000,0.0000,0.0000,1,0,0,0,0,3,0,0,0,0
zc,TA305,2012-06-25 09:06:16.147,7204.0000,1690,0,0.0000,0.0000,0,0,多换,B,7228.0000,0.0000,0.0000,0.0000,0.0000,7240.0000,0.0000,0.0000,0.0000,0.0000,2,0,0,0,0,2,0,0,0,0
zc,TA305,2012-06-25 09:06:16.897,7204.0000,1690,0,0.0000,0.0000,0,0,多换,B,7232.0000,0.0000,0.0000,0.0000,0.0000,7242.0000,0.0000,0.0000,0.0000,0.0000,1,0,0,0,0,1,0,0,0,0
zc,TA305,2012-06-25 09:06:17.413,7204.0000,1690,0,0.0000,0.0000,0,0,多换,B,7230.0000,0.0000,0.0000,0.0000,0.0000,7242.0000,0.0000,0.0000,0.0000,0.0000,5,0,0,0,0,3,0,0,0,0
zc,TA305,2012-06-25 09:06:18.380,7204.0000,1690,0,0.0000,0.0000,0,0,多换,B,7226.0000,0.0000,0.0000,0.0000,0.0000,7242.0000,0.0000,0.0000,0.0000,0.0000,5,0,0,0,0,3,0,0,0,0
zc,TA305,2012-06-25 09:06:19.647,7204.0000,1690,0,0.0000,0.0000,0,0,多换,B,7226.0000,0.0000,0.0000,0.0000,0.0000,7240.0000,0.0000,0.0000,0.0000,0.0000,5,0,0,0,0,1,0,0,0,0
zc,TA305,2012-06-25 09:06:20.413,7204.0000,1690,0,0.0000,0.0000,0,0,多换,B,7226.0000,0.0000,0.0000,0.0000,0.0000,7240.0000,0.0000,0.0000,0.0000,0.0000,5,0,0,0,0,3,0,0,0,0
zc,TA305,2012-06-25 09:06:20.630,7204.0000,1690,0,0.0000,0.0000,0,0,多换,B,7226.0000,0.0000,0.0000,0.0000,0.0000,7240.0000,0.0000,0.0000,0.0000,0.0000,5,0,0,0,0,1,0,0,0,0
zc,TA305,2012-06-25 09:06:21.443,7204.0000,1690,0,0.0000,0.0000,0,0,多换,B,7228.0000,0.0000,0.0000,0.0000,0.0000,7238.0000,0.0000,0.0000,0.0000,0.0000,1,0,0,0,0,1,0,0,0,0
zc,TA305,2012-06-25 09:06:22.193,7204.0000,1690,0,0.0000,0.0000,0,0,多换,B,7226.0000,0.0000,0.0000,0.0000,0.0000,7238.0000,0.0000,0.0000,0.0000,0.0000,5,0,0,0,0,2,0,0,0,0
zc,TA305,2012-06-25 09:06:22.647,7204.0000,1690,0,0.0000,0.0000,0,0,多换,B,7230.0000,0.0000,0.0000,0.0000,0.0000,7240.0000,0.0000,0.0000,0.0000,0.0000,2,0,0,0,0,1,0,0,0,0
zc,TA305,2012-06-25 09:06:23.397,7204.0000,1690,0,0.0000,0.0000,0,0,多换,B,7228.0000,0.0000,0.0000,0.0000,0.0000,7240.0000,0.0000,0.0000,0.0000,0.0000,2,0,0,0,0,1,0,0,0,0
zc,TA305,2012-06-25 09:06:23.943,7204.0000,1690,0,0.0000,0.0000,0,0,多换,B,7228.0000,0.0000,0.0000,0.0000,0.0000,7240.0000,0.0000,0.0000,0.0000,0.0000,5,0,0,0,0,3,0,0,0,0
zc,TA305,2012-06-25 09:06:24.677,7204.0000,1690,0,0.0000,0.0000,0,0,多换,B,7228.0000,0.0000,0.0000,0.0000,0.0000,7240.0000,0.0000,0.0000,0.0000,0.0000,5,0,0,0,0,1,0,0,0,0
zc,TA305,2012-06-25 09:06:25.210,7204.0000,1690,0,0.0000,0.0000,0,0,多换,B,7230.0000,0.0000,0.0000,0.0000,0.0000,7240.0000,0.0000,0.0000,0.0000,0.0000,1,0,0,0,0,1,0,0,0,0
zc,TA305,2012-06-25 09:06:25.927,7204.0000,1690,0,0.0000,0.0000,0,0,多换,B,7228.0000,0.0000,0.0000,0.0000,0.0000,7240.0000,0.0000,0.0000,0.0000,0.0000,5,0,0,0,0,3,0,0,0,0
zc,TA305,2012-06-25 09:06:27.193,7204.0000,1690,0,0.0000,0.0000,0,0,多换,B,7228.0000,0.0000,0.0000,0.0000,0.0000,7238.0000,0.0000,0.0000,0.0000,0.0000,1,0,0,0,0,1,0,0,0,0
zc,TA305,2012-06-25 09:06:27.397,7204.0000,1690,0,0.0000,0.0000,0,0,多换,B,7226.0000,0.0000,0.0000,0.0000,0.0000,7240.0000,0.0000,0.0000,0.0000,0.0000,5,0,0,0,0,1,0,0,0,0
zc,TA305,2012-06-25 09:06:28.210,7204.0000,1690,0,0.0000,0.0000,0,0,多换,B,7230.0000,0.0000,0.0000,0.0000,0.0000,7240.0000,0.0000,0.0000,0.0000,0.0000,3,0,0,0,0,1,0,0,0,0
zc,TA305,2012-06-25 09:06:28.663,7204.0000,1690,0,0.0000,0.0000,0,0,多换,B,7230.0000,0.0000,0.0000,0.0000,0.0000,7240.0000,0.0000,0.0000,0.0000,0.0000,4,0,0,0,0,3,0,0,0,0
zc,TA305,2012-06-25 09:06:29.397,7204.0000,1690,0,0.0000,0.0000,0,0,多换,B,7230.0000,0.0000,0.0000,0.0000,0.0000,7240.0000,0.0000,0.0000,0.0000,0.0000,3,0,0,0,0,3,0,0,0,0
zc,TA305,2012-06-25 09:06:31.163,7204.0000,1690,0,0.0000,0.0000,0,0,多换,B,7228.0000,0.0000,0.0000,0.0000,0.0000,7238.0000,0.0000,0.0000,0.0000,0.0000,3,0,0,0,0,1,0,0,0,0
zc,TA305,2012-06-25 09:06:31.693,7204.0000,1690,0,0.0000,0.0000,0,0,多换,B,7228.0000,0.0000,0.0000,0.0000,0.0000,7238.0000,0.0000,0.0000,0.0000,0.0000,2,0,0,0,0,3,0,0,0,0
zc,TA305,2012-06-25 09:06:32.413,7204.0000,1690,0,0.0000,0.0000,0,0,多换,B,7226.0000,0.0000,0.0000,0.0000,0.0000,7236.0000,0.0000,0.0000,0.0000,0.0000,5,0,0,0,0,1,0,0,0,0
zc,TA305,2012-06-25 09:06:32.943,7204.0000,1690,0,0.0000,0.0000,0,0,多换,B,7226.0000,0.0000,0.0000,0.0000,0.0000,7236.0000,0.0000,0.0000,0.0000,0.0000,5,0,0,0,0,2,0,0,0,0
zc,TA305,2012-06-25 09:06:33.647,7204.0000,1690,0,0.0000,0.0000,0,0,多换,B,7228.0000,0.0000,0.0000,0.0000,0.0000,7238.0000,0.0000,0.0000,0.0000,0.0000,2,0,0,0,0,1,0,0,0,0
zc,TA305,2012-06-25 09:06:34.147,7204.0000,1690,0,0.0000,0.0000,0,0,多换,B,7228.0000,0.0000,0.0000,0.0000,0.0000,7238.0000,0.0000,0.0000,0.0000,0.0000,4,0,0,0,0,3,0,0,0,0
zc,TA305,2012-06-25 09:06:34.617,7204.0000,1690,0,0.0000,0.0000,0,0,多换,B,7228.0000,0.0000,0.0000,0.0000,0.0000,7238.0000,0.0000,0.0000,0.0000,0.0000,2,0,0,0,0,3,0,0,0,0
zc,TA305,2012-06-25 09:06:35.130,7204.0000,1690,0,0.0000,0.0000,0,0,多换,B,7228.0000,0.0000,0.0000,0.0000,0.0000,7238.0000,0.0000,0.0000,0.0000,0.0000,4,0,0,0,0,3,0,0,0,0
zc,TA305,2012-06-25 09:06:35.867,7204.0000,1690,0,0.0000,0.0000,0,0,多换,B,7228.0000,0.0000,0.0000,0.0000,0.0000,7238.0000,0.0000,0.0000,0.0000,0.0000,5,0,0,0,0,3,0,0,0,0
zc,TA305,2012-06-25 09:06:37.117,7204.0000,1690,0,0.0000,0.0000,0,0,多换,B,7228.0000,0.0000,0.0000,0.0000,0.0000,7238.0000,0.0000,0.0000,0.0000,0.0000,4,0,0,0,0,3,0,0,0,0
zc,TA305,2012-06-25 09:06:38.147,7204.0000,1690,0,0.0000,0.0000,0,0,多换,B,7228.0000,0.0000,0.0000,0.0000,0.0000,7238.0000,0.0000,0.0000,0.0000,0.0000,3,0,0,0,0,3,0,0,0,0
zc,TA305,2012-06-25 09:06:38.943,7204.0000,1690,0,0.0000,0.0000,0,0,多换,B,7226.0000,0.0000,0.0000,0.0000,0.0000,7238.0000,0.0000,0.0000,0.0000,0.0000,5,0,0,0,0,2,0,0,0,0
zc,TA305,2012-06-25 09:06:39.443,7204.0000,1690,0,0.0000,0.0000,0,0,多换,B,7226.0000,0.0000,0.0000,0.0000,0.0000,7242.0000,0.0000,0.0000,0.0000,0.0000,5,0,0,0,0,1,0,0,0,0
zc,TA305,2012-06-25 09:06:39.850,7204.0000,1690,0,0.0000,0.0000,0,0,多换,B,7226.0000,0.0000,0.0000,0.0000,0.0000,7242.0000,0.0000,0.0000,0.0000,0.0000,5,0,0,0,0,3,0,0,0,0
zc,TA305,2012-06-25 09:06:40.427,7204.0000,1690,0,0.0000,0.0000,0,0,多换,B,7230.0000,0.0000,0.0000,0.0000,0.0000,7242.0000,0.0000,0.0000,0.0000,0.0000,2,0,0,0,0,3,0,0,0,0
zc,TA305,2012-06-25 09:06:41.177,7204.0000,1690,0,0.0000,0.0000,0,0,多换,B,7232.0000,0.0000,0.0000,0.0000,0.0000,7242.0000,0.0000,0.0000,0.0000,0.0000,3,0,0,0,0,3,0,0,0,0
zc,TA305,2012-06-25 09:06:43.677,7204.0000,1690,0,0.0000,0.0000,0,0,多换,B,7230.0000,0.0000,0.0000,0.0000,0.0000,7242.0000,0.0000,0.0000,0.0000,0.0000,7,0,0,0,0,3,0,0,0,0
zc,TA305,2012-06-25 09:06:44.397,7204.0000,1690,0,0.0000,0.0000,0,0,多换,B,7230.0000,0.0000,0.0000,0.0000,0.0000,7242.0000,0.0000,0.0000,0.0000,0.0000,5,0,0,0,0,3,0,0,0,0
zc,TA305,2012-06-25 09:06:44.693,7204.0000,1690,0,0.0000,0.0000,0,0,多换,B,7230.0000,0.0000,0.0000,0.0000,0.0000,7240.0000,0.0000,0.0000,0.0000,0.0000,5,0,0,0,0,1,0,0,0,0
zc,TA305,2012-06-25 09:06:45.413,7204.0000,1690,0,0.0000,0.0000,0,0,多换,B,7230.0000,0.0000,0.0000,0.0000,0.0000,7242.0000,0.0000,0.0000,0.0000,0.0000,5,0,0,0,0,1,0,0,0,0
zc,TA305,2012-06-25 09:06:46.617,7204.0000,1690,0,0.0000,0.0000,0,0,多换,B,7230.0000,0.0000,0.0000,0.0000,0.0000,7242.0000,0.0000,0.0000,0.0000,0.0000,5,0,0,0,0,3,0,0,0,0
zc,TA305,2012-06-25 09:06:47.710,7204.0000,1690,0,0.0000,0.0000,0,0,多换,B,7230.0000,0.0000,0.0000,0.0000,0.0000,7240.0000,0.0000,0.0000,0.0000,0.0000,5,0,0,0,0,1,0,0,0,0
zc,TA305,2012-06-25 09:06:52.147,7204.0000,1690,0,0.0000,0.0000,0,0,多换,B,7232.0000,0.0000,0.0000,0.0000,0.0000,7240.0000,0.0000,0.0000,0.0000,0.0000,5,0,0,0,0,2,0,0,0,0
zc,TA305,2012-06-25 09:06:52.880,7204.0000,1690,0,0.0000,0.0000,0,0,多换,B,7228.0000,0.0000,0.0000,0.0000,0.0000,7242.0000,0.0000,0.0000,0.0000,0.0000,5,0,0,0,0,1,0,0,0,0
zc,TA305,2012-06-25 09:06:53.677,7204.0000,1690,0,0.0000,0.0000,0,0,多换,B,7228.0000,0.0000,0.0000,0.0000,0.0000,7242.0000,0.0000,0.0000,0.0000,0.0000,5,0,0,0,0,3,0,0,0,0
zc,TA305,2012-06-25 09:06:53.867,7204.0000,1690,0,0.0000,0.0000,0,0,多换,B,7228.0000,0.0000,0.0000,0.0000,0.0000,7240.0000,0.0000,0.0000,0.0000,0.0000,5,0,0,0,0,1,0,0,0,0
zc,TA305,2012-06-25 09:06:54.630,7204.0000,1690,0,0.0000,0.0000,0,0,多换,B,7228.0000,0.0000,0.0000,0.0000,0.0000,7238.0000,0.0000,0.0000,0.0000,0.0000,5,0,0,0,0,1,0,0,0,0
zc,TA305,2012-06-25 09:06:55.147,7204.0000,1690,0,0.0000,0.0000,0,0,多换,B,7228.0000,0.0000,0.0000,0.0000,0.0000,7238.0000,0.0000,0.0000,0.0000,0.0000,5,0,0,0,0,3,0,0,0,0
zc,TA305,2012-06-25 09:06:56.163,7204.0000,1690,0,0.0000,0.0000,0,0,多换,B,7228.0000,0.0000,0.0000,0.0000,0.0000,7238.0000,0.0000,0.0000,0.0000,0.0000,5,0,0,0,0,2,0,0,0,0
zc,TA305,2012-06-25 09:06:56.913,7204.0000,1690,0,0.0000,0.0000,0,0,多换,B,7230.0000,0.0000,0.0000,0.0000,0.0000,7240.0000,0.0000,0.0000,0.0000,0.0000,1,0,0,0,0,8,0,0,0,0
zc,TA305,2012-06-25 09:06:57.380,7204.0000,1690,0,0.0000,0.0000,0,0,多换,B,7232.0000,0.0000,0.0000,0.0000,0.0000,7240.0000,0.0000,0.0000,0.0000,0.0000,5,0,0,0,0,8,0,0,0,0
zc,TA305,2012-06-25 09:07:01.413,7204.0000,1690,0,0.0000,0.0000,0,0,多换,B,7234.0000,0.0000,0.0000,0.0000,0.0000,7240.0000,0.0000,0.0000,0.0000,0.0000,2,0,0,0,0,8,0,0,0,0
zc,TA305,2012-06-25 09:07:02.177,7204.0000,1690,0,0.0000,0.0000,0,0,多换,B,7232.0000,0.0000,0.0000,0.0000,0.0000,7240.0000,0.0000,0.0000,0.0000,0.0000,5,0,0,0,0,8,0,0,0,0
zc,TA305,2012-06-25 09:07:09.927,7204.0000,1690,0,0.0000,0.0000,0,0,多换,B,7234.0000,0.0000,0.0000,0.0000,0.0000,7240.0000,0.0000,0.0000,0.0000,0.0000,1,0,0,0,0,8,0,0,0,0
zc,TA305,2012-06-25 09:07:10.663,7204.0000,1690,0,0.0000,0.0000,0,0,多换,B,7232.0000,0.0000,0.0000,0.0000,0.0000,7240.0000,0.0000,0.0000,0.0000,0.0000,5,0,0,0,0,8,0,0,0,0
zc,TA305,2012-06-25 09:07:12.943,7204.0000,1690,0,0.0000,0.0000,0,0,多换,B,7230.0000,0.0000,0.0000,0.0000,0.0000,7240.0000,0.0000,0.0000,0.0000,0.0000,5,0,0,0,0,9,0,0,0,0
zc,TA305,2012-06-25 09:07:13.413,7204.0000,1690,0,0.0000,0.0000,0,0,多换,B,7230.0000,0.0000,0.0000,0.0000,0.0000,7240.0000,0.0000,0.0000,0.0000,0.0000,5,0,0,0,0,11,0,0,0,0
zc,TA305,2012-06-25 09:07:15.177,7204.0000,1690,0,0.0000,0.0000,0,0,多换,B,7228.0000,0.0000,0.0000,0.0000,0.0000,7238.0000,0.0000,0.0000,0.0000,0.0000,5,0,0,0,0,1,0,0,0,0
zc,TA305,2012-06-25 09:07:15.897,7204.0000,1690,0,0.0000,0.0000,0,0,多换,B,7228.0000,0.0000,0.0000,0.0000,0.0000,7238.0000,0.0000,0.0000,0.0000,0.0000,5,0,0,0,0,3,0,0,0,0
zc,TA305,2012-06-25 09:07:16.397,7204.0000,1690,0,0.0000,0.0000,0,0,多换,B,7230.0000,0.0000,0.0000,0.0000,0.0000,7238.0000,0.0000,0.0000,0.0000,0.0000,1,0,0,0,0,2,0,0,0,0
zc,TA305,2012-06-25 09:07:16.880,7204.0000,1690,0,0.0000,0.0000,0,0,多换,B,7230.0000,0.0000,0.0000,0.0000,0.0000,7240.0000,0.0000,0.0000,0.0000,0.0000,1,0,0,0,0,9,0,0,0,0
zc,TA305,2012-06-25 09:07:17.413,7204.0000,1690,0,0.0000,0.0000,0,0,多换,B,7230.0000,0.0000,0.0000,0.0000,0.0000,7240.0000,0.0000,0.0000,0.0000,0.0000,1,0,0,0,0,11,0,0,0,0
zc,TA305,2012-06-25 09:07:18.163,7204.0000,1690,0,0.0000,0.0000,0,0,多换,B,7230.0000,0.0000,0.0000,0.0000,0.0000,7240.0000,0.0000,0.0000,0.0000,0.0000,5,0,0,0,0,10,0,0,0,0
zc,TA305,2012-06-25 09:07:18.600,7204.0000,1690,0,0.0000,0.0000,0,0,多换,B,7230.0000,0.0000,0.0000,0.0000,0.0000,7240.0000,0.0000,0.0000,0.0000,0.0000,4,0,0,0,0,8,0,0,0,0
zc,TA305,2012-06-25 09:07:19.130,7204.0000,1690,0,0.0000,0.0000,0,0,多换,B,7230.0000,0.0000,0.0000,0.0000,0.0000,7240.0000,0.0000,0.0000,0.0000,0.0000,4,0,0,0,0,9,0,0,0,0
zc,TA305,2012-06-25 09:07:19.880,7204.0000,1690,0,0.0000,0.0000,0,0,多换,B,7232.0000,0.0000,0.0000,0.0000,0.0000,7240.0000,0.0000,0.0000,0.0000,0.0000,3,0,0,0,0,10,0,0,0,0
zc,TA305,2012-06-25 09:07:20.380,7204.0000,1690,0,0.0000,0.0000,0,0,多换,B,7230.0000,0.0000,0.0000,0.0000,0.0000,7240.0000,0.0000,0.0000,0.0000,0.0000,5,0,0,0,0,9,0,0,0,0
zc,TA305,2012-06-25 09:07:21.177,7204.0000,1690,0,0.0000,0.0000,0,0,多换,B,7232.0000,0.0000,0.0000,0.0000,0.0000,7240.0000,0.0000,0.0000,0.0000,0.0000,1,0,0,0,0,10,0,0,0,0
zc,TA305,2012-06-25 09:07:21.583,7204.0000,1690,0,0.0000,0.0000,0,0,多换,B,7232.0000,0.0000,0.0000,0.0000,0.0000,7240.0000,0.0000,0.0000,0.0000,0.0000,1,0,0,0,0,8,0,0,0,0
zc,TA305,2012-06-25 09:07:22.397,7204.0000,1690,0,0.0000,0.0000,0,0,多换,B,7230.0000,0.0000,0.0000,0.0000,0.0000,7240.0000,0.0000,0.0000,0.0000,0.0000,5,0,0,0,0,9,0,0,0,0
zc,TA305,2012-06-25 09:07:22.677,7204.0000,1690,0,0.0000,0.0000,0,0,多换,B,7228.0000,0.0000,0.0000,0.0000,0.0000,7238.0000,0.0000,0.0000,0.0000,0.0000,5,0,0,0,0,1,0,0,0,0
zc,TA305,2012-06-25 09:07:23.897,7204.0000,1690,0,0.0000,0.0000,0,0,多换,B,7228.0000,0.0000,0.0000,0.0000,0.0000,7238.0000,0.0000,0.0000,0.0000,0.0000,5,0,0,0,0,3,0,0,0,0
zc,TA305,2012-06-25 09:07:26.397,7204.0000,1690,0,0.0000,0.0000,0,0,多换,B,7226.0000,0.0000,0.0000,0.0000,0.0000,7236.0000,0.0000,0.0000,0.0000,0.0000,5,0,0,0,0,1,0,0,0,0
zc,TA305,2012-06-25 09:07:27.647,7204.0000,1690,0,0.0000,0.0000,0,0,多换,B,7226.0000,0.0000,0.0000,0.0000,0.0000,7236.0000,0.0000,0.0000,0.0000,0.0000,5,0,0,0,0,3,0,0,0,0
zc,TA305,2012-06-25 09:07:29.880,7204.0000,1690,0,0.0000,0.0000,0,0,多换,B,7224.0000,0.0000,0.0000,0.0000,0.0000,7234.0000,0.0000,0.0000,0.0000,0.0000,5,0,0,0,0,1,0,0,0,0
zc,TA305,2012-06-25 09:07:31.130,7204.0000,1690,0,0.0000,0.0000,0,0,多换,B,7224.0000,0.0000,0.0000,0.0000,0.0000,7234.0000,0.0000,0.0000,0.0000,0.0000,5,0,0,0,0,3,0,0,0,0
zc,TA305,2012-06-25 09:07:32.413,7204.0000,1690,0,0.0000,0.0000,0,0,多换,B,7224.0000,0.0000,0.0000,0.0000,0.0000,7234.0000,0.0000,0.0000,0.0000,0.0000,4,0,0,0,0,3,0,0,0,0
zc,TA305,2012-06-25 09:07:32.880,7204.0000,1690,0,0.0000,0.0000,0,0,多换,B,7224.0000,0.0000,0.0000,0.0000,0.0000,7234.0000,0.0000,0.0000,0.0000,0.0000,3,0,0,0,0,3,0,0,0,0
zc,TA305,2012-06-25 09:07:33.397,7204.0000,1690,0,0.0000,0.0000,0,0,多换,B,7224.0000,0.0000,0.0000,0.0000,0.0000,7234.0000,0.0000,0.0000,0.0000,0.0000,2,0,0,0,0,3,0,0,0,0
zc,TA305,2012-06-25 09:07:34.177,7204.0000,1690,0,0.0000,0.0000,0,0,多换,B,7222.0000,0.0000,0.0000,0.0000,0.0000,7232.0000,0.0000,0.0000,0.0000,0.0000,5,0,0,0,0,1,0,0,0,0
zc,TA305,2012-06-25 09:07:34.630,7204.0000,1690,0,0.0000,0.0000,0,0,多换,B,7222.0000,0.0000,0.0000,0.0000,0.0000,7232.0000,0.0000,0.0000,0.0000,0.0000,5,0,0,0,0,3,0,0,0,0
zc,TA305,2012-06-25 09:07:38.647,7204.0000,1690,0,0.0000,0.0000,0,0,多换,B,7220.0000,0.0000,0.0000,0.0000,0.0000,7230.0000,0.0000,0.0000,0.0000,0.0000,5,0,0,0,0,1,0,0,0,0
zc,TA305,2012-06-25 09:07:39.427,7204.0000,1690,0,0.0000,0.0000,0,0,多换,B,7220.0000,0.0000,0.0000,0.0000,0.0000,7230.0000,0.0000,0.0000,0.0000,0.0000,5,0,0,0,0,3,0,0,0,0
zc,TA305,2012-06-25 09:07:45.630,7204.0000,1690,0,0.0000,0.0000,0,0,多换,B,7222.0000,0.0000,0.0000,0.0000,0.0000,7230.0000,0.0000,0.0000,0.0000,0.0000,5,0,0,0,0,2,0,0,0,0
zc,TA305,2012-06-25 09:07:46.130,7204.0000,1690,0,0.0000,0.0000,0,0,多换,B,7222.0000,0.0000,0.0000,0.0000,0.0000,7232.0000,0.0000,0.0000,0.0000,0.0000,5,0,0,0,0,1,0,0,0,0
zc,TA305,2012-06-25 09:07:46.927,7204.0000,1690,0,0.0000,0.0000,0,0,多换,B,7220.0000,0.0000,0.0000,0.0000,0.0000,7232.0000,0.0000,0.0000,0.0000,0.0000,5,0,0,0,0,3,0,0,0,0
zc,TA305,2012-06-25 09:07:47.413,7204.0000,1690,0,0.0000,0.0000,0,0,多换,B,7222.0000,0.0000,0.0000,0.0000,0.0000,7232.0000,0.0000,0.0000,0.0000,0.0000,1,0,0,0,0,3,0,0,0,0
zc,TA305,2012-06-25 09:07:47.850,7204.0000,1690,0,0.0000,0.0000,0,0,多换,B,7222.0000,0.0000,0.0000,0.0000,0.0000,7232.0000,0.0000,0.0000,0.0000,0.0000,5,0,0,0,0,3,0,0,0,0
zc,TA305,2012-06-25 09:07:53.850,7204.0000,1690,0,0.0000,0.0000,0,0,多换,B,7222.0000,0.0000,0.0000,0.0000,0.0000,7232.0000,0.0000,0.0000,0.0000,0.0000,4,0,0,0,0,3,0,0,0,0
zc,TA305,2012-06-25 09:07:54.147,7204.0000,1690,0,0.0000,0.0000,0,0,多换,B,7220.0000,0.0000,0.0000,0.0000,0.0000,7232.0000,0.0000,0.0000,0.0000,0.0000,5,0,0,0,0,3,0,0,0,0
zc,TA305,2012-06-25 09:07:54.880,7204.0000,1690,0,0.0000,0.0000,0,0,多换,B,7220.0000,0.0000,0.0000,0.0000,0.0000,7230.0000,0.0000,0.0000,0.0000,0.0000,5,0,0,0,0,1,0,0,0,0
zc,TA305,2012-06-25 09:07:55.350,7204.0000,1690,0,0.0000,0.0000,0,0,多换,B,7220.0000,0.0000,0.0000,0.0000,0.0000,7230.0000,0.0000,0.0000,0.0000,0.0000,5,0,0,0,0,3,0,0,0,0
zc,TA305,2012-06-25 09:07:58.413,7204.0000,1690,0,0.0000,0.0000,0,0,多换,B,7222.0000,0.0000,0.0000,0.0000,0.0000,7230.0000,0.0000,0.0000,0.0000,0.0000,3,0,0,0,0,2,0,0,0,0
zc,TA305,2012-06-25 09:07:58.850,7204.0000,1690,0,0.0000,0.0000,0,0,多换,B,7222.0000,0.0000,0.0000,0.0000,0.0000,7232.0000,0.0000,0.0000,0.0000,0.0000,5,0,0,0,0,1,0,0,0,0
zc,TA305,2012-06-25 09:07:59.397,7204.0000,1690,0,0.0000,0.0000,0,0,多换,B,7222.0000,0.0000,0.0000,0.0000,0.0000,7232.0000,0.0000,0.0000,0.0000,0.0000,5,0,0,0,0,3,0,0,0,0
zc,TA305,2012-06-25 09:08:00.663,7204.0000,1690,0,0.0000,0.0000,0,0,多换,B,7220.0000,0.0000,0.0000,0.0000,0.0000,7232.0000,0.0000,0.0000,0.0000,0.0000,5,0,0,0,0,3,0,0,0,0
zc,TA305,2012-06-25 09:08:01.193,7204.0000,1690,0,0.0000,0.0000,0,0,多换,B,7220.0000,0.0000,0.0000,0.0000,0.0000,7230.0000,0.0000,0.0000,0.0000,0.0000,5,0,0,0,0,1,0,0,0,0
zc,TA305,2012-06-25 09:08:02.380,7204.0000,1690,0,0.0000,0.0000,0,0,多换,B,7220.0000,0.0000,0.0000,0.0000,0.0000,7230.0000,0.0000,0.0000,0.0000,0.0000,5,0,0,0,0,3,0,0,0,0
zc,TA305,2012-06-25 09:08:07.443,7204.0000,1690,0,0.0000,0.0000,0,0,多换,B,7222.0000,0.0000,0.0000,0.0000,0.0000,7230.0000,0.0000,0.0000,0.0000,0.0000,5,0,0,0,0,2,0,0,0,0
zc,TA305,2012-06-25 09:08:08.083,7204.0000,1690,0,0.0000,0.0000,0,0,多换,B,7222.0000,0.0000,0.0000,0.0000,0.0000,7232.0000,0.0000,0.0000,0.0000,0.0000,5,0,0,0,0,1,0,0,0,0
zc,TA305,2012-06-25 09:08:08.600,7204.0000,1690,0,0.0000,0.0000,0,0,多换,B,7222.0000,0.0000,0.0000,0.0000,0.0000,7232.0000,0.0000,0.0000,0.0000,0.0000,5,0,0,0,0,3,0,0,0,0
zc,TA305,2012-06-25 09:08:13.913,7204.0000,1690,0,0.0000,0.0000,0,0,多换,B,7224.0000,0.0000,0.0000,0.0000,0.0000,7232.0000,0.0000,0.0000,0.0000,0.0000,5,0,0,0,0,2,0,0,0,0
zc,TA305,2012-06-25 09:08:14.367,7204.0000,1690,0,0.0000,0.0000,0,0,多换,B,7224.0000,0.0000,0.0000,0.0000,0.0000,7234.0000,0.0000,0.0000,0.0000,0.0000,5,0,0,0,0,1,0,0,0,0
zc,TA305,2012-06-25 09:08:14.897,7204.0000,1690,0,0.0000,0.0000,0,0,多换,B,7224.0000,0.0000,0.0000,0.0000,0.0000,7234.0000,0.0000,0.0000,0.0000,0.0000,5,0,0,0,0,3,0,0,0,0
zc,TA305,2012-06-25 09:08:26.130,7204.0000,1690,0,0.0000,0.0000,0,0,多换,B,7224.0000,0.0000,0.0000,0.0000,0.0000,7234.0000,0.0000,0.0000,0.0000,0.0000,3,0,0,0,0,3,0,0,0,0
zc,TA305,2012-06-25 09:08:27.413,7204.0000,1690,0,0.0000,0.0000,0,0,多换,B,7222.0000,0.0000,0.0000,0.0000,0.0000,7234.0000,0.0000,0.0000,0.0000,0.0000,5,0,0,0,0,3,0,0,0,0
zc,TA305,2012-06-25 09:08:27.880,7204.0000,1690,0,0.0000,0.0000,0,0,多换,B,7224.0000,0.0000,0.0000,0.0000,0.0000,7234.0000,0.0000,0.0000,0.0000,0.0000,5,0,0,0,0,3,0,0,0,0
zc,TA305,2012-06-25 09:08:32.630,7204.0000,1690,0,0.0000,0.0000,0,0,多换,B,7222.0000,0.0000,0.0000,0.0000,0.0000,7232.0000,0.0000,0.0000,0.0000,0.0000,7,0,0,0,0,1,0,0,0,0
zc,TA305,2012-06-25 09:08:33.413,7204.0000,1690,0,0.0000,0.0000,0,0,多换,B,7222.0000,0.0000,0.0000,0.0000,0.0000,7232.0000,0.0000,0.0000,0.0000,0.0000,5,0,0,0,0,1,0,0,0,0
zc,TA305,2012-06-25 09:08:33.663,7204.0000,1690,0,0.0000,0.0000,0,0,多换,B,7222.0000,0.0000,0.0000,0.0000,0.0000,7232.0000,0.0000,0.0000,0.0000,0.0000,5,0,0,0,0,3,0,0,0,0
zc,TA305,2012-06-25 09:08:38.117,7204.0000,1690,0,0.0000,0.0000,0,0,多换,B,7222.0000,0.0000,0.0000,0.0000,0.0000,7232.0000,0.0000,0.0000,0.0000,0.0000,5,0,0,0,0,2,0,0,0,0
zc,TA305,2012-06-25 09:08:38.897,7204.0000,1690,0,0.0000,0.0000,0,0,多换,B,7224.0000,0.0000,0.0000,0.0000,0.0000,7234.0000,0.0000,0.0000,0.0000,0.0000,3,0,0,0,0,1,0,0,0,0
zc,TA305,2012-06-25 09:08:39.913,7204.0000,1690,0,0.0000,0.0000,0,0,多换,B,7224.0000,0.0000,0.0000,0.0000,0.0000,7234.0000,0.0000,0.0000,0.0000,0.0000,2,0,0,0,0,3,0,0,0,0
zc,TA305,2012-06-25 09:08:41.117,7204.0000,1690,0,0.0000,0.0000,0,0,多换,B,7222.0000,0.0000,0.0000,0.0000,0.0000,7234.0000,0.0000,0.0000,0.0000,0.0000,7,0,0,0,0,3,0,0,0,0
zc,TA305,2012-06-25 09:08:41.630,7204.0000,1690,0,0.0000,0.0000,0,0,多换,B,7222.0000,0.0000,0.0000,0.0000,0.0000,7234.0000,0.0000,0.0000,0.0000,0.0000,5,0,0,0,0,3,0,0,0,0
zc,TA305,2012-06-25 09:08:42.083,7204.0000,1690,0,0.0000,0.0000,0,0,多换,B,7222.0000,0.0000,0.0000,0.0000,0.0000,7234.0000,0.0000,0.0000,0.0000,0.0000,7,0,0,0,0,3,0,0,0,0
zc,TA305,2012-06-25 09:08:45.130,7204.0000,1690,0,0.0000,0.0000,0,0,多换,B,7224.0000,0.0000,0.0000,0.0000,0.0000,7234.0000,0.0000,0.0000,0.0000,0.0000,5,0,0,0,0,3,0,0,0,0
zc,TA305,2012-06-25 09:09:05.460,7204.0000,1690,0,0.0000,0.0000,0,0,多换,B,7224.0000,0.0000,0.0000,0.0000,0.0000,7234.0000,0.0000,0.0000,0.0000,0.0000,5,0,0,0,0,2,0,0,0,0
zc,TA305,2012-06-25 09:09:08.147,7204.0000,1690,0,0.0000,0.0000,0,0,多换,B,7224.0000,0.0000,0.0000,0.0000,0.0000,7234.0000,0.0000,0.0000,0.0000,0.0000,5,0,0,0,0,3,0,0,0,0
zc,TA305,2012-06-25 09:09:10.130,7204.0000,1690,0,0.0000,0.0000,0,0,多换,B,7222.0000,0.0000,0.0000,0.0000,0.0000,7232.0000,0.0000,0.0000,0.0000,0.0000,7,0,0,0,0,1,0,0,0,0
zc,TA305,2012-06-25 09:09:10.367,7204.0000,1690,0,0.0000,0.0000,0,0,多换,B,7222.0000,0.0000,0.0000,0.0000,0.0000,7234.0000,0.0000,0.0000,0.0000,0.0000,5,0,0,0,0,1,0,0,0,0
zc,TA305,2012-06-25 09:09:11.147,7204.0000,1690,0,0.0000,0.0000,0,0,多换,B,7222.0000,0.0000,0.0000,0.0000,0.0000,7232.0000,0.0000,0.0000,0.0000,0.0000,5,0,0,0,0,1,0,0,0,0
zc,TA305,2012-06-25 09:09:11.663,7204.0000,1690,0,0.0000,0.0000,0,0,多换,B,7222.0000,0.0000,0.0000,0.0000,0.0000,7232.0000,0.0000,0.0000,0.0000,0.0000,5,0,0,0,0,3,0,0,0,0
zc,TA305,2012-06-25 09:09:12.413,7204.0000,1690,0,0.0000,0.0000,0,0,多换,B,7224.0000,0.0000,0.0000,0.0000,0.0000,7232.0000,0.0000,0.0000,0.0000,0.0000,2,0,0,0,0,2,0,0,0,0
zc,TA305,2012-06-25 09:09:12.617,7204.0000,1690,0,0.0000,0.0000,0,0,多换,B,7224.0000,0.0000,0.0000,0.0000,0.0000,7234.0000,0.0000,0.0000,0.0000,0.0000,3,0,0,0,0,1,0,0,0,0
zc,TA305,2012-06-25 09:09:13.380,7204.0000,1690,0,0.0000,0.0000,0,0,多换,B,7224.0000,0.0000,0.0000,0.0000,0.0000,7234.0000,0.0000,0.0000,0.0000,0.0000,4,0,0,0,0,3,0,0,0,0
zc,TA305,2012-06-25 09:09:15.163,7204.0000,1690,0,0.0000,0.0000,0,0,多换,B,7222.0000,0.0000,0.0000,0.0000,0.0000,7232.0000,0.0000,0.0000,0.0000,0.0000,5,0,0,0,0,1,0,0,0,0
zc,TA305,2012-06-25 09:09:16.367,7204.0000,1690,0,0.0000,0.0000,0,0,多换,B,7222.0000,0.0000,0.0000,0.0000,0.0000,7232.0000,0.0000,0.0000,0.0000,0.0000,5,0,0,0,0,3,0,0,0,0
zc,TA305,2012-06-25 09:09:17.617,7204.0000,1690,0,0.0000,0.0000,0,0,多换,B,7222.0000,0.0000,0.0000,0.0000,0.0000,7232.0000,0.0000,0.0000,0.0000,0.0000,5,0,0,0,0,2,0,0,0,0
zc,TA305,2012-06-25 09:09:18.117,7204.0000,1690,0,0.0000,0.0000,0,0,多换,B,7224.0000,0.0000,0.0000,0.0000,0.0000,7234.0000,0.0000,0.0000,0.0000,0.0000,2,0,0,0,0,1,0,0,0,0
zc,TA305,2012-06-25 09:09:18.630,7204.0000,1690,0,0.0000,0.0000,0,0,多换,B,7224.0000,0.0000,0.0000,0.0000,0.0000,7234.0000,0.0000,0.0000,0.0000,0.0000,1,0,0,0,0,1,0,0,0,0
zc,TA305,2012-06-25 09:09:19.380,7204.0000,1690,0,0.0000,0.0000,0,0,多换,B,7224.0000,0.0000,0.0000,0.0000,0.0000,7234.0000,0.0000,0.0000,0.0000,0.0000,2,0,0,0,0,3,0,0,0,0
zc,TA305,2012-06-25 09:09:19.913,7204.0000,1690,0,0.0000,0.0000,0,0,多换,B,7222.0000,0.0000,0.0000,0.0000,0.0000,7232.0000,0.0000,0.0000,0.0000,0.0000,7,0,0,0,0,1,0,0,0,0
zc,TA305,2012-06-25 09:09:20.600,7204.0000,1690,0,0.0000,0.0000,0,0,多换,B,7222.0000,0.0000,0.0000,0.0000,0.0000,7232.0000,0.0000,0.0000,0.0000,0.0000,5,0,0,0,0,1,0,0,0,0
zc,TA305,2012-06-25 09:09:20.943,7204.0000,1690,0,0.0000,0.0000,0,0,多换,B,7222.0000,0.0000,0.0000,0.0000,0.0000,7232.0000,0.0000,0.0000,0.0000,0.0000,5,0,0,0,0,3,0,0,0,0
zc,TA305,2012-06-25 09:09:22.880,7204.0000,1690,0,0.0000,0.0000,0,0,多换,B,7222.0000,0.0000,0.0000,0.0000,0.0000,7232.0000,0.0000,0.0000,0.0000,0.0000,5,0,0,0,0,2,0,0,0,0
zc,TA305,2012-06-25 09:09:23.397,7204.0000,1690,0,0.0000,0.0000,0,0,多换,B,7224.0000,0.0000,0.0000,0.0000,0.0000,7234.0000,0.0000,0.0000,0.0000,0.0000,5,0,0,0,0,1,0,0,0,0
zc,TA305,2012-06-25 09:09:24.147,7204.0000,1690,0,0.0000,0.0000,0,0,多换,B,7224.0000,0.0000,0.0000,0.0000,0.0000,7234.0000,0.0000,0.0000,0.0000,0.0000,5,0,0,0,0,3,0,0,0,0
zc,TA305,2012-06-25 09:09:25.163,7204.0000,1690,0,0.0000,0.0000,0,0,多换,B,7224.0000,0.0000,0.0000,0.0000,0.0000,7230.0000,0.0000,0.0000,0.0000,0.0000,5,0,0,0,0,8,0,0,0,0
zc,TA305,2012-06-25 09:09:25.943,7204.0000,1690,0,0.0000,0.0000,0,0,多换,B,7226.0000,0.0000,0.0000,0.0000,0.0000,7230.0000,0.0000,0.0000,0.0000,0.0000,1,0,0,0,0,8,0,0,0,0
zc,TA305,2012-06-25 09:09:27.163,7204.0000,1690,0,0.0000,0.0000,0,0,多换,B,7224.0000,0.0000,0.0000,0.0000,0.0000,7230.0000,0.0000,0.0000,0.0000,0.0000,5,0,0,0,0,8,0,0,0,0
zc,TA305,2012-06-25 09:09:28.647,7204.0000,1690,0,0.0000,0.0000,0,0,多换,B,7228.0000,0.0000,0.0000,0.0000,0.0000,7230.0000,0.0000,0.0000,0.0000,0.0000,5,0,0,0,0,8,0,0,0,0
zc,TA305,2012-06-25 09:09:32.630,7204.0000,1690,0,0.0000,0.0000,0,0,多换,B,7224.0000,0.0000,0.0000,0.0000,0.0000,7230.0000,0.0000,0.0000,0.0000,0.0000,5,0,0,0,0,8,0,0,0,0
zc,TA305,2012-06-25 09:09:33.927,7204.0000,1690,0,0.0000,0.0000,0,0,多换,B,7228.0000,0.0000,0.0000,0.0000,0.0000,7230.0000,0.0000,0.0000,0.0000,0.0000,1,0,0,0,0,8,0,0,0,0
zc,TA305,2012-06-25 09:09:35.647,7204.0000,1690,0,0.0000,0.0000,0,0,多换,B,7226.0000,0.0000,0.0000,0.0000,0.0000,7230.0000,0.0000,0.0000,0.0000,0.0000,5,0,0,0,0,8,0,0,0,0
zc,TA305,2012-06-25 09:09:49.083,7204.0000,1690,0,0.0000,0.0000,0,0,多换,B,7228.0000,0.0000,0.0000,0.0000,0.0000,7230.0000,0.0000,0.0000,0.0000,0.0000,5,0,0,0,0,8,0,0,0,0
zc,TA305,2012-06-25 09:09:55.130,7230.0000,1678,-12,0.0000,12.0000,0,12,双平,B,7226.0000,0.0000,0.0000,0.0000,0.0000,7230.0000,0.0000,0.0000,0.0000,0.0000,4,0,0,0,0,2,0,0,0,0
zc,TA305,2012-06-25 09:09:55.617,7230.0000,1678,0,0.0000,0.0000,0,0,多换,B,7226.0000,0.0000,0.0000,0.0000,0.0000,7230.0000,0.0000,0.0000,0.0000,0.0000,6,0,0,0,0,2,0,0,0,0
zc,TA305,2012-06-25 09:09:56.880,7230.0000,1676,-2,0.0000,2.0000,0,2,双平,B,7226.0000,0.0000,0.0000,0.0000,0.0000,7230.0000,0.0000,0.0000,0.0000,0.0000,6,0,0,0,0,1,0,0,0,0
zc,TA305,2012-06-25 09:10:04.210,7230.0000,1676,0,0.0000,0.0000,0,0,多换,B,7228.0000,0.0000,0.0000,0.0000,0.0000,7230.0000,0.0000,0.0000,0.0000,0.0000,4,0,0,0,0,1,0,0,0,0
zc,TA305,2012-06-25 09:10:05.350,7230.0000,1676,0,0.0000,0.0000,0,0,多换,B,7228.0000,0.0000,0.0000,0.0000,0.0000,7230.0000,0.0000,0.0000,0.0000,0.0000,6,0,0,0,0,1,0,0,0,0
zc,TA305,2012-06-25 09:10:06.663,7230.0000,1674,-2,0.0000,2.0000,0,2,双平,B,7230.0000,0.0000,0.0000,0.0000,0.0000,7242.0000,0.0000,0.0000,0.0000,0.0000,3,0,0,0,0,1,0,0,0,0
zc,TA305,2012-06-25 09:10:07.867,7230.0000,1674,0,0.0000,0.0000,0,0,多换,B,7230.0000,0.0000,0.0000,0.0000,0.0000,7242.0000,0.0000,0.0000,0.0000,0.0000,5,0,0,0,0,3,0,0,0,0
zc,TA305,2012-06-25 09:10:13.897,7230.0000,1674,0,0.0000,0.0000,0,0,多换,B,7230.0000,0.0000,0.0000,0.0000,0.0000,7240.0000,0.0000,0.0000,0.0000,0.0000,2,0,0,0,0,1,0,0,0,0
zc,TA305,2012-06-25 09:10:14.380,7230.0000,1674,0,0.0000,0.0000,0,0,多换,B,7228.0000,0.0000,0.0000,0.0000,0.0000,7242.0000,0.0000,0.0000,0.0000,0.0000,3,0,0,0,0,1,0,0,0,0
zc,TA305,2012-06-25 09:10:14.913,7230.0000,1674,0,0.0000,0.0000,0,0,多换,B,7228.0000,0.0000,0.0000,0.0000,0.0000,7240.0000,0.0000,0.0000,0.0000,0.0000,3,0,0,0,0,1,0,0,0,0
zc,TA305,2012-06-25 09:10:15.630,7230.0000,1674,0,0.0000,0.0000,0,0,多换,B,7228.0000,0.0000,0.0000,0.0000,0.0000,7240.0000,0.0000,0.0000,0.0000,0.0000,5,0,0,0,0,1,0,0,0,0
zc,TA305,2012-06-25 09:10:16.850,7230.0000,1674,0,0.0000,0.0000,0,0,多换,B,7228.0000,0.0000,0.0000,0.0000,0.0000,7240.0000,0.0000,0.0000,0.0000,0.0000,5,0,0,0,0,3,0,0,0,0
zc,TA305,2012-06-25 09:10:17.100,7230.0000,1674,0,0.0000,0.0000,0,0,多换,B,7228.0000,0.0000,0.0000,0.0000,0.0000,7240.0000,0.0000,0.0000,0.0000,0.0000,5,0,0,0,0,4,0,0,0,0
zc,TA305,2012-06-25 09:10:24.147,7230.0000,1674,0,0.0000,0.0000,0,0,多换,B,7228.0000,0.0000,0.0000,0.0000,0.0000,7240.0000,0.0000,0.0000,0.0000,0.0000,2,0,0,0,0,4,0,0,0,0
zc,TA305,2012-06-25 09:10:24.833,7230.0000,1674,0,0.0000,0.0000,0,0,多换,B,7226.0000,0.0000,0.0000,0.0000,0.0000,7240.0000,0.0000,0.0000,0.0000,0.0000,3,0,0,0,0,4,0,0,0,0
zc,TA305,2012-06-25 09:10:25.397,7230.0000,1674,0,0.0000,0.0000,0,0,多换,B,7226.0000,0.0000,0.0000,0.0000,0.0000,7240.0000,0.0000,0.0000,0.0000,0.0000,5,0,0,0,0,4,0,0,0,0
zc,TA305,2012-06-25 09:10:26.117,7230.0000,1674,0,0.0000,0.0000,0,0,多换,B,7226.0000,0.0000,0.0000,0.0000,0.0000,7238.0000,0.0000,0.0000,0.0000,0.0000,5,0,0,0,0,2,0,0,0,0
zc,TA305,2012-06-25 09:10:28.380,7230.0000,1674,0,0.0000,0.0000,0,0,多换,B,7226.0000,0.0000,0.0000,0.0000,0.0000,7238.0000,0.0000,0.0000,0.0000,0.0000,5,0,0,0,0,3,0,0,0,0
zc,TA305,2012-06-25 09:10:43.083,7230.0000,1674,0,0.0000,0.0000,0,0,多换,B,7230.0000,0.0000,0.0000,0.0000,0.0000,7238.0000,0.0000,0.0000,0.0000,0.0000,1,0,0,0,0,3,0,0,0,0
zc,TA305,2012-06-25 09:10:59.130,7230.0000,1674,0,0.0000,0.0000,0,0,多换,B,7230.0000,0.0000,0.0000,0.0000,0.0000,7236.0000,0.0000,0.0000,0.0000,0.0000,1,0,0,0,0,1,0,0,0,0
zc,TA305,2012-06-25 09:11:00.083,7230.0000,1674,0,0.0000,0.0000,0,0,多换,B,7230.0000,0.0000,0.0000,0.0000,0.0000,7236.0000,0.0000,0.0000,0.0000,0.0000,1,0,0,0,0,3,0,0,0,0
zc,TA305,2012-06-25 09:11:02.913,7230.0000,1674,0,0.0000,0.0000,0,0,多换,B,7230.0000,0.0000,0.0000,0.0000,0.0000,7236.0000,0.0000,0.0000,0.0000,0.0000,1,0,0,0,0,2,0,0,0,0
zc,TA305,2012-06-25 09:11:03.663,7230.0000,1674,0,0.0000,0.0000,0,0,多换,B,7230.0000,0.0000,0.0000,0.0000,0.0000,7236.0000,0.0000,0.0000,0.0000,0.0000,1,0,0,0,0,1,0,0,0,0
zc,TA305,2012-06-25 09:11:04.130,7230.0000,1674,0,0.0000,0.0000,0,0,多换,B,7230.0000,0.0000,0.0000,0.0000,0.0000,7236.0000,0.0000,0.0000,0.0000,0.0000,1,0,0,0,0,3,0,0,0,0
zc,TA305,2012-06-25 09:11:04.630,7230.0000,1674,0,0.0000,0.0000,0,0,多换,B,7230.0000,0.0000,0.0000,0.0000,0.0000,7236.0000,0.0000,0.0000,0.0000,0.0000,1,0,0,0,0,2,0,0,0,0
zc,TA305,2012-06-25 09:11:05.350,7230.0000,1674,0,0.0000,0.0000,0,0,多换,B,7230.0000,0.0000,0.0000,0.0000,0.0000,7238.0000,0.0000,0.0000,0.0000,0.0000,1,0,0,0,0,1,0,0,0,0
zc,TA305,2012-06-25 09:11:05.913,7230.0000,1674,0,0.0000,0.0000,0,0,多换,B,7230.0000,0.0000,0.0000,0.0000,0.0000,7238.0000,0.0000,0.0000,0.0000,0.0000,1,0,0,0,0,3,0,0,0,0
zc,TA305,2012-06-25 09:11:09.350,7230.0000,1674,0,0.0000,0.0000,0,0,多换,B,7230.0000,0.0000,0.0000,0.0000,0.0000,7238.0000,0.0000,0.0000,0.0000,0.0000,1,0,0,0,0,1,0,0,0,0
zc,TA305,2012-06-25 09:11:09.567,7230.0000,1674,0,0.0000,0.0000,0,0,多换,B,7230.0000,0.0000,0.0000,0.0000,0.0000,7236.0000,0.0000,0.0000,0.0000,0.0000,1,0,0,0,0,2,0,0,0,0
zc,TA305,2012-06-25 09:11:10.397,7230.0000,1674,0,0.0000,0.0000,0,0,多换,B,7230.0000,0.0000,0.0000,0.0000,0.0000,7236.0000,0.0000,0.0000,0.0000,0.0000,1,0,0,0,0,3,0,0,0,0
zc,TA305,2012-06-25 09:11:28.117,7230.0000,1674,0,0.0000,0.0000,0,0,多换,B,7230.0000,0.0000,0.0000,0.0000,0.0000,7234.0000,0.0000,0.0000,0.0000,0.0000,1,0,0,0,0,1,0,0,0,0
zc,TA305,2012-06-25 09:11:28.630,7230.0000,1674,0,0.0000,0.0000,0,0,多换,B,7230.0000,0.0000,0.0000,0.0000,0.0000,7232.0000,0.0000,0.0000,0.0000,0.0000,1,0,0,0,0,1,0,0,0,0
zc,TA305,2012-06-25 09:11:29.130,7230.0000,1674,0,0.0000,0.0000,0,0,多换,B,7230.0000,0.0000,0.0000,0.0000,0.0000,7234.0000,0.0000,0.0000,0.0000,0.0000,1,0,0,0,0,1,0,0,0,0
zc,TA305,2012-06-25 09:11:29.833,7230.0000,1674,0,0.0000,0.0000,0,0,多换,B,7230.0000,0.0000,0.0000,0.0000,0.0000,7234.0000,0.0000,0.0000,0.0000,0.0000,1,0,0,0,0,3,0,0,0,0
zc,TA305,2012-06-25 09:11:36.177,7230.0000,1674,0,0.0000,0.0000,0,0,多换,B,7230.0000,0.0000,0.0000,0.0000,0.0000,7232.0000,0.0000,0.0000,0.0000,0.0000,1,0,0,0,0,1,0,0,0,0
zc,TA305,2012-06-25 09:11:37.333,7230.0000,1674,0,0.0000,0.0000,0,0,多换,B,7230.0000,0.0000,0.0000,0.0000,0.0000,7232.0000,0.0000,0.0000,0.0000,0.0000,1,0,0,0,0,3,0,0,0,0
zc,TA305,2012-06-25 09:11:40.850,7230.0000,1676,2,0.0000,2.0000,2,0,双开,B,7220.0000,0.0000,0.0000,0.0000,0.0000,7232.0000,0.0000,0.0000,0.0000,0.0000,3,0,0,0,0,3,0,0,0,0
zc,TA305,2012-06-25 09:11:41.333,7230.0000,1676,0,0.0000,0.0000,0,0,多换,B,7220.0000,0.0000,0.0000,0.0000,0.0000,7232.0000,0.0000,0.0000,0.0000,0.0000,5,0,0,0,0,3,0,0,0,0
zc,TA305,2012-06-25 09:11:42.600,7230.0000,1676,0,0.0000,0.0000,0,0,多换,B,7222.0000,0.0000,0.0000,0.0000,0.0000,7232.0000,0.0000,0.0000,0.0000,0.0000,1,0,0,0,0,3,0,0,0,0
zc,TA305,2012-06-25 09:11:43.617,7230.0000,1676,0,0.0000,0.0000,0,0,多换,B,7220.0000,0.0000,0.0000,0.0000,0.0000,7232.0000,0.0000,0.0000,0.0000,0.0000,3,0,0,0,0,3,0,0,0,0
zc,TA305,2012-06-25 09:11:44.367,7230.0000,1676,0,0.0000,0.0000,0,0,多换,B,7220.0000,0.0000,0.0000,0.0000,0.0000,7230.0000,0.0000,0.0000,0.0000,0.0000,1,0,0,0,0,1,0,0,0,0
zc,TA305,2012-06-25 09:11:44.833,7230.0000,1676,0,0.0000,0.0000,0,0,多换,B,7220.0000,0.0000,0.0000,0.0000,0.0000,7230.0000,0.0000,0.0000,0.0000,0.0000,1,0,0,0,0,3,0,0,0,0
zc,TA305,2012-06-25 09:11:45.367,7230.0000,1676,0,0.0000,0.0000,0,0,多换,B,7220.0000,0.0000,0.0000,0.0000,0.0000,7230.0000,0.0000,0.0000,0.0000,0.0000,1,0,0,0,0,2,0,0,0,0
zc,TA305,2012-06-25 09:11:46.117,7230.0000,1676,0,0.0000,0.0000,0,0,多换,B,7220.0000,0.0000,0.0000,0.0000,0.0000,7232.0000,0.0000,0.0000,0.0000,0.0000,1,0,0,0,0,1,0,0,0,0
zc,TA305,2012-06-25 09:11:46.583,7230.0000,1676,0,0.0000,0.0000,0,0,多换,B,7220.0000,0.0000,0.0000,0.0000,0.0000,7232.0000,0.0000,0.0000,0.0000,0.0000,1,0,0,0,0,3,0,0,0,0
zc,TA305,2012-06-25 09:11:50.617,7230.0000,1676,0,0.0000,0.0000,0,0,多换,B,7222.0000,0.0000,0.0000,0.0000,0.0000,7232.0000,0.0000,0.0000,0.0000,0.0000,1,0,0,0,0,3,0,0,0,0
zc,TA305,2012-06-25 09:11:51.600,7230.0000,1676,0,0.0000,0.0000,0,0,多换,B,7220.0000,0.0000,0.0000,0.0000,0.0000,7232.0000,0.0000,0.0000,0.0000,0.0000,3,0,0,0,0,3,0,0,0,0
zc,TA305,2012-06-25 09:11:52.350,7230.0000,1676,0,0.0000,0.0000,0,0,多换,B,7220.0000,0.0000,0.0000,0.0000,0.0000,7232.0000,0.0000,0.0000,0.0000,0.0000,1,0,0,0,0,3,0,0,0,0
zc,TA305,2012-06-25 09:11:56.413,7230.0000,1676,0,0.0000,0.0000,0,0,多换,B,7220.0000,0.0000,0.0000,0.0000,0.0000,7230.0000,0.0000,0.0000,0.0000,0.0000,1,0,0,0,0,3,0,0,0,0
zc,TA305,2012-06-25 09:11:57.367,7230.0000,1676,0,0.0000,0.0000,0,0,多换,B,7218.0000,0.0000,0.0000,0.0000,0.0000,7228.0000,0.0000,0.0000,0.0000,0.0000,1,0,0,0,0,1,0,0,0,0
zc,TA305,2012-06-25 09:11:58.083,7230.0000,1676,0,0.0000,0.0000,0,0,多换,B,7218.0000,0.0000,0.0000,0.0000,0.0000,7228.0000,0.0000,0.0000,0.0000,0.0000,1,0,0,0,0,3,0,0,0,0
zc,TA305,2012-06-25 09:11:58.630,7230.0000,1676,0,0.0000,0.0000,0,0,多换,B,7220.0000,0.0000,0.0000,0.0000,0.0000,7228.0000,0.0000,0.0000,0.0000,0.0000,1,0,0,0,0,2,0,0,0,0
zc,TA305,2012-06-25 09:11:59.130,7230.0000,1676,0,0.0000,0.0000,0,0,多换,B,7218.0000,0.0000,0.0000,0.0000,0.0000,7228.0000,0.0000,0.0000,0.0000,0.0000,1,0,0,0,0,1,0,0,0,0
zc,TA305,2012-06-25 09:11:59.617,7230.0000,1676,0,0.0000,0.0000,0,0,多换,B,7218.0000,0.0000,0.0000,0.0000,0.0000,7228.0000,0.0000,0.0000,0.0000,0.0000,1,0,0,0,0,3,0,0,0,0
zc,TA305,2012-06-25 09:12:00.367,7230.0000,1676,0,0.0000,0.0000,0,0,多换,B,7220.0000,0.0000,0.0000,0.0000,0.0000,7228.0000,0.0000,0.0000,0.0000,0.0000,1,0,0,0,0,2,0,0,0,0
zc,TA305,2012-06-25 09:12:00.913,7230.0000,1676,0,0.0000,0.0000,0,0,多换,B,7220.0000,0.0000,0.0000,0.0000,0.0000,7230.0000,0.0000,0.0000,0.0000,0.0000,1,0,0,0,0,1,0,0,0,0
zc,TA305,2012-06-25 09:12:01.350,7230.0000,1676,0,0.0000,0.0000,0,0,多换,B,7218.0000,0.0000,0.0000,0.0000,0.0000,7228.0000,0.0000,0.0000,0.0000,0.0000,1,0,0,0,0,1,0,0,0,0
zc,TA305,2012-06-25 09:12:02.647,7230.0000,1676,0,0.0000,0.0000,0,0,多换,B,7218.0000,0.0000,0.0000,0.0000,0.0000,7228.0000,0.0000,0.0000,0.0000,0.0000,1,0,0,0,0,3,0,0,0,0
zc,TA305,2012-06-25 09:12:03.867,7230.0000,1676,0,0.0000,0.0000,0,0,多换,B,7220.0000,0.0000,0.0000,0.0000,0.0000,7228.0000,0.0000,0.0000,0.0000,0.0000,1,0,0,0,0,2,0,0,0,0
zc,TA305,2012-06-25 09:12:04.333,7230.0000,1676,0,0.0000,0.0000,0,0,多换,B,7220.0000,0.0000,0.0000,0.0000,0.0000,7230.0000,0.0000,0.0000,0.0000,0.0000,1,0,0,0,0,1,0,0,0,0
zc,TA305,2012-06-25 09:12:04.880,7230.0000,1676,0,0.0000,0.0000,0,0,多换,B,7222.0000,0.0000,0.0000,0.0000,0.0000,7230.0000,0.0000,0.0000,0.0000,0.0000,1,0,0,0,0,2,0,0,0,0
zc,TA305,2012-06-25 09:12:05.567,7230.0000,1676,0,0.0000,0.0000,0,0,多换,B,7222.0000,0.0000,0.0000,0.0000,0.0000,7232.0000,0.0000,0.0000,0.0000,0.0000,1,0,0,0,0,1,0,0,0,0
zc,TA305,2012-06-25 09:12:06.117,7230.0000,1676,0,0.0000,0.0000,0,0,多换,B,7220.0000,0.0000,0.0000,0.0000,0.0000,7232.0000,0.0000,0.0000,0.0000,0.0000,1,0,0,0,0,3,0,0,0,0
zc,TA305,2012-06-25 09:12:07.367,7230.0000,1676,0,0.0000,0.0000,0,0,多换,B,7222.0000,0.0000,0.0000,0.0000,0.0000,7232.0000,0.0000,0.0000,0.0000,0.0000,1,0,0,0,0,3,0,0,0,0
zc,TA305,2012-06-25 09:12:08.880,7230.0000,1676,0,0.0000,0.0000,0,0,多换,B,7220.0000,0.0000,0.0000,0.0000,0.0000,7232.0000,0.0000,0.0000,0.0000,0.0000,3,0,0,0,0,3,0,0,0,0
zc,TA305,2012-06-25 09:12:09.380,7230.0000,1676,0,0.0000,0.0000,0,0,多换,B,7220.0000,0.0000,0.0000,0.0000,0.0000,7232.0000,0.0000,0.0000,0.0000,0.0000,1,0,0,0,0,3,0,0,0,0
zc,TA305,2012-06-25 09:12:09.897,7230.0000,1676,0,0.0000,0.0000,0,0,多换,B,7220.0000,0.0000,0.0000,0.0000,0.0000,7230.0000,0.0000,0.0000,0.0000,0.0000,1,0,0,0,0,1,0,0,0,0
zc,TA305,2012-06-25 09:12:10.617,7230.0000,1676,0,0.0000,0.0000,0,0,多换,B,7220.0000,0.0000,0.0000,0.0000,0.0000,7230.0000,0.0000,0.0000,0.0000,0.0000,1,0,0,0,0,2,0,0,0,0
zc,TA305,2012-06-25 09:12:11.367,7230.0000,1676,0,0.0000,0.0000,0,0,多换,B,7220.0000,0.0000,0.0000,0.0000,0.0000,7232.0000,0.0000,0.0000,0.0000,0.0000,1,0,0,0,0,1,0,0,0,0
zc,TA305,2012-06-25 09:12:11.600,7230.0000,1676,0,0.0000,0.0000,0,0,多换,B,7222.0000,0.0000,0.0000,0.0000,0.0000,7232.0000,0.0000,0.0000,0.0000,0.0000,1,0,0,0,0,3,0,0,0,0
zc,TA305,2012-06-25 09:12:12.880,7230.0000,1676,0,0.0000,0.0000,0,0,多换,B,7220.0000,0.0000,0.0000,0.0000,0.0000,7230.0000,0.0000,0.0000,0.0000,0.0000,3,0,0,0,0,1,0,0,0,0
zc,TA305,2012-06-25 09:12:13.630,7230.0000,1676,0,0.0000,0.0000,0,0,多换,B,7220.0000,0.0000,0.0000,0.0000,0.0000,7230.0000,0.0000,0.0000,0.0000,0.0000,1,0,0,0,0,1,0,0,0,0
zc,TA305,2012-06-25 09:12:14.130,7230.0000,1676,0,0.0000,0.0000,0,0,多换,B,7220.0000,0.0000,0.0000,0.0000,0.0000,7230.0000,0.0000,0.0000,0.0000,0.0000,1,0,0,0,0,3,0,0,0,0
zc,TA305,2012-06-25 09:12:17.880,7230.0000,1676,0,0.0000,0.0000,0,0,多换,B,7222.0000,0.0000,0.0000,0.0000,0.0000,7230.0000,0.0000,0.0000,0.0000,0.0000,1,0,0,0,0,2,0,0,0,0
zc,TA305,2012-06-25 09:12:18.367,7230.0000,1676,0,0.0000,0.0000,0,0,多换,B,7222.0000,0.0000,0.0000,0.0000,0.0000,7232.0000,0.0000,0.0000,0.0000,0.0000,1,0,0,0,0,1,0,0,0,0
zc,TA305,2012-06-25 09:12:19.100,7230.0000,1676,0,0.0000,0.0000,0,0,多换,B,7222.0000,0.0000,0.0000,0.0000,0.0000,7232.0000,0.0000,0.0000,0.0000,0.0000,1,0,0,0,0,3,0,0,0,0
zc,TA305,2012-06-25 09:12:20.100,7230.0000,1676,0,0.0000,0.0000,0,0,多换,B,7220.0000,0.0000,0.0000,0.0000,0.0000,7230.0000,0.0000,0.0000,0.0000,0.0000,1,0,0,0,0,1,0,0,0,0
zc,TA305,2012-06-25 09:12:20.617,7230.0000,1676,0,0.0000,0.0000,0,0,多换,B,7220.0000,0.0000,0.0000,0.0000,0.0000,7230.0000,0.0000,0.0000,0.0000,0.0000,1,0,0,0,0,3,0,0,0,0
zc,TA305,2012-06-25 09:12:25.380,7230.0000,1676,0,0.0000,0.0000,0,0,多换,B,7222.0000,0.0000,0.0000,0.0000,0.0000,7230.0000,0.0000,0.0000,0.0000,0.0000,1,0,0,0,0,2,0,0,0,0
zc,TA305,2012-06-25 09:12:25.630,7230.0000,1676,0,0.0000,0.0000,0,0,多换,B,7222.0000,0.0000,0.0000,0.0000,0.0000,7232.0000,0.0000,0.0000,0.0000,0.0000,1,0,0,0,0,1,0,0,0,0
zc,TA305,2012-06-25 09:12:26.380,7230.0000,1676,0,0.0000,0.0000,0,0,多换,B,7222.0000,0.0000,0.0000,0.0000,0.0000,7232.0000,0.0000,0.0000,0.0000,0.0000,1,0,0,0,0,3,0,0,0,0
zc,TA305,2012-06-25 09:12:27.630,7230.0000,1676,0,0.0000,0.0000,0,0,多换,B,7224.0000,0.0000,0.0000,0.0000,0.0000,7232.0000,0.0000,0.0000,0.0000,0.0000,1,0,0,0,0,2,0,0,0,0
zc,TA305,2012-06-25 09:12:28.333,7230.0000,1676,0,0.0000,0.0000,0,0,多换,B,7224.0000,0.0000,0.0000,0.0000,0.0000,7234.0000,0.0000,0.0000,0.0000,0.0000,1,0,0,0,0,1,0,0,0,0
zc,TA305,2012-06-25 09:12:28.617,7230.0000,1676,0,0.0000,0.0000,0,0,多换,B,7224.0000,0.0000,0.0000,0.0000,0.0000,7234.0000,0.0000,0.0000,0.0000,0.0000,1,0,0,0,0,3,0,0,0,0
zc,TA305,2012-06-25 09:12:29.913,7230.0000,1676,0,0.0000,0.0000,0,0,多换,B,7222.0000,0.0000,0.0000,0.0000,0.0000,7232.0000,0.0000,0.0000,0.0000,0.0000,1,0,0,0,0,1,0,0,0,0
zc,TA305,2012-06-25 09:12:30.630,7230.0000,1676,0,0.0000,0.0000,0,0,多换,B,7222.0000,0.0000,0.0000,0.0000,0.0000,7232.0000,0.0000,0.0000,0.0000,0.0000,1,0,0,0,0,3,0,0,0,0
zc,TA305,2012-06-25 09:12:30.880,7230.0000,1676,0,0.0000,0.0000,0,0,多换,B,7224.0000,0.0000,0.0000,0.0000,0.0000,7232.0000,0.0000,0.0000,0.0000,0.0000,1,0,0,0,0,2,0,0,0,0
zc,TA305,2012-06-25 09:12:31.677,7230.0000,1676,0,0.0000,0.0000,0,0,多换,B,7222.0000,0.0000,0.0000,0.0000,0.0000,7234.0000,0.0000,0.0000,0.0000,0.0000,1,0,0,0,0,1,0,0,0,0
zc,TA305,2012-06-25 09:12:32.397,7230.0000,1676,0,0.0000,0.0000,0,0,多换,B,7224.0000,0.0000,0.0000,0.0000,0.0000,7234.0000,0.0000,0.0000,0.0000,0.0000,1,0,0,0,0,3,0,0,0,0
zc,TA305,2012-06-25 09:12:35.880,7230.0000,1676,0,0.0000,0.0000,0,0,多换,B,7222.0000,0.0000,0.0000,0.0000,0.0000,7232.0000,0.0000,0.0000,0.0000,0.0000,3,0,0,0,0,1,0,0,0,0
zc,TA305,2012-06-25 09:12:36.163,7230.0000,1676,0,0.0000,0.0000,0,0,多换,B,7222.0000,0.0000,0.0000,0.0000,0.0000,7234.0000,0.0000,0.0000,0.0000,0.0000,1,0,0,0,0,1,0,0,0,0
zc,TA305,2012-06-25 09:12:36.913,7230.0000,1676,0,0.0000,0.0000,0,0,多换,B,7224.0000,0.0000,0.0000,0.0000,0.0000,7234.0000,0.0000,0.0000,0.0000,0.0000,1,0,0,0,0,3,0,0,0,0
zc,TA305,2012-06-25 09:12:49.413,7234.0000,1678,2,0.0000,2.0000,2,0,双开,B,7226.0000,0.0000,0.0000,0.0000,0.0000,7236.0000,0.0000,0.0000,0.0000,0.0000,1,0,0,0,0,1,0,0,0,0
zc,TA305,2012-06-25 09:12:50.210,7234.0000,1678,0,0.0000,0.0000,0,0,多换,B,7224.0000,0.0000,0.0000,0.0000,0.0000,7236.0000,0.0000,0.0000,0.0000,0.0000,1,0,0,0,0,1,0,0,0,0
zc,TA305,2012-06-25 09:12:50.677,7234.0000,1678,0,0.0000,0.0000,0,0,多换,B,7224.0000,0.0000,0.0000,0.0000,0.0000,7236.0000,0.0000,0.0000,0.0000,0.0000,1,0,0,0,0,2,0,0,0,0
zc,TA305,2012-06-25 09:12:55.913,7234.0000,1678,0,0.0000,0.0000,0,0,多换,B,7228.0000,0.0000,0.0000,0.0000,0.0000,7236.0000,0.0000,0.0000,0.0000,0.0000,1,0,0,0,0,1,0,0,0,0
zc,TA305,2012-06-25 09:12:56.380,7234.0000,1678,0,0.0000,0.0000,0,0,多换,B,7228.0000,0.0000,0.0000,0.0000,0.0000,7238.0000,0.0000,0.0000,0.0000,0.0000,1,0,0,0,0,1,0,0,0,0
zc,TA305,2012-06-25 09:12:57.177,7234.0000,1678,0,0.0000,0.0000,0,0,多换,B,7226.0000,0.0000,0.0000,0.0000,0.0000,7238.0000,0.0000,0.0000,0.0000,0.0000,1,0,0,0,0,2,0,0,0,0
zc,TA305,2012-06-25 09:12:57.663,7234.0000,1678,0,0.0000,0.0000,0,0,多换,B,7224.0000,0.0000,0.0000,0.0000,0.0000,7234.0000,0.0000,0.0000,0.0000,0.0000,1,0,0,0,0,1,0,0,0,0
zc,TA305,2012-06-25 09:12:58.380,7234.0000,1678,0,0.0000,0.0000,0,0,多换,B,7224.0000,0.0000,0.0000,0.0000,0.0000,7238.0000,0.0000,0.0000,0.0000,0.0000,1,0,0,0,0,1,0,0,0,0
zc,TA305,2012-06-25 09:12:58.897,7234.0000,1678,0,0.0000,0.0000,0,0,多换,B,7226.0000,0.0000,0.0000,0.0000,0.0000,7238.0000,0.0000,0.0000,0.0000,0.0000,1,0,0,0,0,2,0,0,0,0
zc,TA305,2012-06-25 09:12:59.880,7234.0000,1678,0,0.0000,0.0000,0,0,多换,B,7226.0000,0.0000,0.0000,0.0000,0.0000,7236.0000,0.0000,0.0000,0.0000,0.0000,1,0,0,0,0,2,0,0,0,0
zc,TA305,2012-06-25 09:13:01.163,7234.0000,1678,0,0.0000,0.0000,0,0,多换,B,7224.0000,0.0000,0.0000,0.0000,0.0000,7234.0000,0.0000,0.0000,0.0000,0.0000,1,0,0,0,0,1,0,0,0,0
zc,TA305,2012-06-25 09:13:02.380,7234.0000,1678,0,0.0000,0.0000,0,0,多换,B,7226.0000,0.0000,0.0000,0.0000,0.0000,7234.0000,0.0000,0.0000,0.0000,0.0000,1,0,0,0,0,1,0,0,0,0
zc,TA305,2012-06-25 09:13:02.867,7234.0000,1678,0,0.0000,0.0000,0,0,多换,B,7226.0000,0.0000,0.0000,0.0000,0.0000,7236.0000,0.0000,0.0000,0.0000,0.0000,1,0,0,0,0,1,0,0,0,0
zc,TA305,2012-06-25 09:13:03.617,7234.0000,1678,0,0.0000,0.0000,0,0,多换,B,7226.0000,0.0000,0.0000,0.0000,0.0000,7236.0000,0.0000,0.0000,0.0000,0.0000,1,0,0,0,0,2,0,0,0,0
zc,TA305,2012-06-25 09:13:05.147,7234.0000,1678,0,0.0000,0.0000,0,0,多换,B,7224.0000,0.0000,0.0000,0.0000,0.0000,7236.0000,0.0000,0.0000,0.0000,0.0000,1,0,0,0,0,2,0,0,0,0
zc,TA305,2012-06-25 09:13:07.630,7234.0000,1678,0,0.0000,0.0000,0,0,多换,B,7224.0000,0.0000,0.0000,0.0000,0.0000,7234.0000,0.0000,0.0000,0.0000,0.0000,1,0,0,0,0,1,0,0,0,0
zc,TA305,2012-06-25 09:13:08.117,7234.0000,1678,0,0.0000,0.0000,0,0,多换,B,7224.0000,0.0000,0.0000,0.0000,0.0000,7234.0000,0.0000,0.0000,0.0000,0.0000,1,0,0,0,0,2,0,0,0,0
zc,TA305,2012-06-25 09:13:09.163,7234.0000,1678,0,0.0000,0.0000,0,0,多换,B,7226.0000,0.0000,0.0000,0.0000,0.0000,7234.0000,0.0000,0.0000,0.0000,0.0000,1,0,0,0,0,1,0,0,0,0
zc,TA305,2012-06-25 09:13:09.850,7234.0000,1678,0,0.0000,0.0000,0,0,多换,B,7226.0000,0.0000,0.0000,0.0000,0.0000,7236.0000,0.0000,0.0000,0.0000,0.0000,1,0,0,0,0,1,0,0,0,0
zc,TA305,2012-06-25 09:13:10.367,7234.0000,1678,0,0.0000,0.0000,0,0,多换,B,7226.0000,0.0000,0.0000,0.0000,0.0000,7236.0000,0.0000,0.0000,0.0000,0.0000,1,0,0,0,0,2,0,0,0,0
zc,TA305,2012-06-25 09:13:16.193,7234.0000,1678,0,0.0000,0.0000,0,0,多换,B,7224.0000,0.0000,0.0000,0.0000,0.0000,7234.0000,0.0000,0.0000,0.0000,0.0000,1,0,0,0,0,1,0,0,0,0
zc,TA305,2012-06-25 09:13:16.880,7234.0000,1678,0,0.0000,0.0000,0,0,多换,B,7226.0000,0.0000,0.0000,0.0000,0.0000,7236.0000,0.0000,0.0000,0.0000,0.0000,1,0,0,0,0,1,0,0,0,0
zc,TA305,2012-06-25 09:13:17.833,7234.0000,1678,0,0.0000,0.0000,0,0,多换,B,7226.0000,0.0000,0.0000,0.0000,0.0000,7236.0000,0.0000,0.0000,0.0000,0.0000,1,0,0,0,0,2,0,0,0,0
zc,TA305,2012-06-25 09:13:21.147,7234.0000,1678,0,0.0000,0.0000,0,0,多换,B,7224.0000,0.0000,0.0000,0.0000,0.0000,7236.0000,0.0000,0.0000,0.0000,0.0000,1,0,0,0,0,2,0,0,0,0
zc,TA305,2012-06-25 09:13:22.397,7234.0000,1678,0,0.0000,0.0000,0,0,多换,B,7224.0000,0.0000,0.0000,0.0000,0.0000,7234.0000,0.0000,0.0000,0.0000,0.0000,1,0,0,0,0,1,0,0,0,0
zc,TA305,2012-06-25 09:13:23.647,7234.0000,1678,0,0.0000,0.0000,0,0,多换,B,7226.0000,0.0000,0.0000,0.0000,0.0000,7236.0000,0.0000,0.0000,0.0000,0.0000,1,0,0,0,0,1,0,0,0,0
zc,TA305,2012-06-25 09:13:24.083,7234.0000,1678,0,0.0000,0.0000,0,0,多换,B,7226.0000,0.0000,0.0000,0.0000,0.0000,7236.0000,0.0000,0.0000,0.0000,0.0000,1,0,0,0,0,2,0,0,0,0
zc,TA305,2012-06-25 09:13:24.880,7234.0000,1678,0,0.0000,0.0000,0,0,多换,B,7224.0000,0.0000,0.0000,0.0000,0.0000,7234.0000,0.0000,0.0000,0.0000,0.0000,1,0,0,0,0,1,0,0,0,0
zc,TA305,2012-06-25 09:13:25.413,7234.0000,1678,0,0.0000,0.0000,0,0,多换,B,7224.0000,0.0000,0.0000,0.0000,0.0000,7234.0000,0.0000,0.0000,0.0000,0.0000,1,0,0,0,0,2,0,0,0,0
zc,TA305,2012-06-25 09:13:28.427,7234.0000,1678,0,0.0000,0.0000,0,0,多换,B,7226.0000,0.0000,0.0000,0.0000,0.0000,7234.0000,0.0000,0.0000,0.0000,0.0000,1,0,0,0,0,1,0,0,0,0
zc,TA305,2012-06-25 09:13:28.600,7234.0000,1678,0,0.0000,0.0000,0,0,多换,B,7224.0000,0.0000,0.0000,0.0000,0.0000,7236.0000,0.0000,0.0000,0.0000,0.0000,1,0,0,0,0,1,0,0,0,0
zc,TA305,2012-06-25 09:13:29.367,7234.0000,1678,0,0.0000,0.0000,0,0,多换,B,7226.0000,0.0000,0.0000,0.0000,0.0000,7236.0000,0.0000,0.0000,0.0000,0.0000,1,0,0,0,0,2,0,0,0,0
zc,TA305,2012-06-25 09:13:30.177,7234.0000,1678,0,0.0000,0.0000,0,0,多换,B,7224.0000,0.0000,0.0000,0.0000,0.0000,7236.0000,0.0000,0.0000,0.0000,0.0000,1,0,0,0,0,2,0,0,0,0
zc,TA305,2012-06-25 09:13:31.397,7234.0000,1678,0,0.0000,0.0000,0,0,多换,B,7224.0000,0.0000,0.0000,0.0000,0.0000,7236.0000,0.0000,0.0000,0.0000,0.0000,1,0,0,0,0,1,0,0,0,0
zc,TA305,2012-06-25 09:13:31.630,7234.0000,1678,0,0.0000,0.0000,0,0,多换,B,7224.0000,0.0000,0.0000,0.0000,0.0000,7234.0000,0.0000,0.0000,0.0000,0.0000,1,0,0,0,0,2,0,0,0,0
zc,TA305,2012-06-25 09:13:32.913,7234.0000,1678,0,0.0000,0.0000,0,0,多换,B,7222.0000,0.0000,0.0000,0.0000,0.0000,7234.0000,0.0000,0.0000,0.0000,0.0000,1,0,0,0,0,2,0,0,0,0
zc,TA305,2012-06-25 09:13:35.647,7234.0000,1678,0,0.0000,0.0000,0,0,多换,B,7226.0000,0.0000,0.0000,0.0000,0.0000,7234.0000,0.0000,0.0000,0.0000,0.0000,1,0,0,0,0,1,0,0,0,0
zc,TA305,2012-06-25 09:13:36.397,7234.0000,1678,0,0.0000,0.0000,0,0,多换,B,7222.0000,0.0000,0.0000,0.0000,0.0000,7236.0000,0.0000,0.0000,0.0000,0.0000,1,0,0,0,0,1,0,0,0,0
zc,TA305,2012-06-25 09:13:36.850,7234.0000,1678,0,0.0000,0.0000,0,0,多换,B,7222.0000,0.0000,0.0000,0.0000,0.0000,7234.0000,0.0000,0.0000,0.0000,0.0000,1,0,0,0,0,1,0,0,0,0
zc,TA305,2012-06-25 09:13:37.380,7234.0000,1678,0,0.0000,0.0000,0,0,多换,B,7222.0000,0.0000,0.0000,0.0000,0.0000,7234.0000,0.0000,0.0000,0.0000,0.0000,1,0,0,0,0,2,0,0,0,0
zc,TA305,2012-06-25 09:13:39.117,7234.0000,1678,0,0.0000,0.0000,0,0,多换,B,7224.0000,0.0000,0.0000,0.0000,0.0000,7234.0000,0.0000,0.0000,0.0000,0.0000,1,0,0,0,0,2,0,0,0,0
zc,TA305,2012-06-25 09:13:42.663,7234.0000,1678,0,0.0000,0.0000,0,0,多换,B,7222.0000,0.0000,0.0000,0.0000,0.0000,7234.0000,0.0000,0.0000,0.0000,0.0000,1,0,0,0,0,2,0,0,0,0
zc,TA305,2012-06-25 09:13:43.147,7234.0000,1678,0,0.0000,0.0000,0,0,多换,B,7224.0000,0.0000,0.0000,0.0000,0.0000,7234.0000,0.0000,0.0000,0.0000,0.0000,1,0,0,0,0,2,0,0,0,0
