市场代码,合约代码,时间,最新,持仓,增仓,成交额,成交量,开仓,平仓,成交类型,方向,买一价,买二价,买三价,买四价,买五价,卖一价,卖二价,卖三价,卖四价,卖五价,买一量,买二量,买三量,买四量,买五量,卖一量,卖二量,卖三量,卖四量,卖五量
zc,WS301,2012-06-25 07:56:47.647,0.0000,448334,0,0.0000,0.0000,0,0,空换,S,0.0000,0.0000,0.0000,0.0000,0.0000,0.0000,0.0000,0.0000,0.0000,0.0000,0,0,0,0,0,0,0,0,0,0
zc,WS301,2012-06-25 07:58:47.647,0.0000,448334,0,0.0000,0.0000,0,0,空换,S,0.0000,0.0000,0.0000,0.0000,0.0000,0.0000,0.0000,0.0000,0.0000,0.0000,0,0,0,0,0,0,0,0,0,0
zc,WS301,2012-06-25 08:29:49.303,0.0000,448334,0,0.0000,0.0000,0,0,空换,S,0.0000,0.0000,0.0000,0.0000,0.0000,0.0000,0.0000,0.0000,0.0000,0.0000,0,0,0,0,0,0,0,0,0,0
zc,WS301,2012-06-25 08:40:49.053,0.0000,448334,0,0.0000,0.0000,0,0,空换,S,0.0000,0.0000,0.0000,0.0000,0.0000,0.0000,0.0000,0.0000,0.0000,0.0000,0,0,0,0,0,0,0,0,0,0
zc,WS301,2012-06-25 08:41:49.303,0.0000,448334,0,0.0000,0.0000,0,0,空换,S,0.0000,0.0000,0.0000,0.0000,0.0000,0.0000,0.0000,0.0000,0.0000,0.0000,0,0,0,0,0,0,0,0,0,0
zc,WS301,2012-06-25 08:43:49.303,0.0000,448334,0,0.0000,0.0000,0,0,空换,S,0.0000,0.0000,0.0000,0.0000,0.0000,0.0000,0.0000,0.0000,0.0000,0.0000,0,0,0,0,0,0,0,0,0,0
zc,WS301,2012-06-25 08:44:49.303,0.0000,448334,0,0.0000,0.0000,0,0,空换,S,0.0000,0.0000,0.0000,0.0000,0.0000,0.0000,0.0000,0.0000,0.0000,0.0000,0,0,0,0,0,0,0,0,0,0
zc,WS301,2012-06-25 08:45:49.303,0.0000,448334,0,0.0000,0.0000,0,0,空换,S,0.0000,0.0000,0.0000,0.0000,0.0000,0.0000,0.0000,0.0000,0.0000,0.0000,0,0,0,0,0,0,0,0,0,0
zc,WS301,2012-06-25 08:46:49.303,0.0000,448334,0,0.0000,0.0000,0,0,空换,S,0.0000,0.0000,0.0000,0.0000,0.0000,0.0000,0.0000,0.0000,0.0000,0.0000,0,0,0,0,0,0,0,0,0,0
zc,WS301,2012-06-25 08:53:49.303,0.0000,448334,0,0.0000,0.0000,0,0,空换,S,0.0000,0.0000,0.0000,0.0000,0.0000,0.0000,0.0000,0.0000,0.0000,0.0000,0,0,0,0,0,0,0,0,0,0
zc,WS301,2012-06-25 08:55:00.817,0.0000,448334,0,0.0000,0.0000,0,0,空换,S,0.0000,0.0000,0.0000,0.0000,0.0000,0.0000,0.0000,0.0000,0.0000,0.0000,0,0,0,0,0,0,0,0,0,0
zc,WS301,2012-06-25 08:55:03.303,0.0000,448334,0,0.0000,0.0000,0,0,空换,S,0.0000,0.0000,0.0000,0.0000,0.0000,0.0000,0.0000,0.0000,0.0000,0.0000,0,0,0,0,0,0,0,0,0,0
zc,WS301,2012-06-25 08:55:05.803,0.0000,448334,0,0.0000,0.0000,0,0,空换,S,0.0000,0.0000,0.0000,0.0000,0.0000,0.0000,0.0000,0.0000,0.0000,0.0000,0,0,0,0,0,0,0,0,0,0
zc,WS301,2012-06-25 08:56:49.053,0.0000,448334,0,0.0000,0.0000,0,0,空换,S,0.0000,0.0000,0.0000,0.0000,0.0000,0.0000,0.0000,0.0000,0.0000,0.0000,0,0,0,0,0,0,0,0,0,0
zc,WS301,2012-06-25 09:00:01.507,2556.0000,449966,1632,0.0000,3486.0000,2559,927,多开,B,2556.0000,0.0000,0.0000,0.0000,0.0000,2557.0000,0.0000,0.0000,0.0000,0.0000,302,0,0,0,0,195,0,0,0,0
zc,WS301,2012-06-25 09:00:02.833,2555.0000,450386,420,0.0000,1508.0000,964,544,空开,S,2554.0000,0.0000,0.0000,0.0000,0.0000,2555.0000,0.0000,0.0000,0.0000,0.0000,11,0,0,0,0,39,0,0,0,0
zc,WS301,2012-06-25 09:00:04.817,2555.0000,450340,-46,0.0000,244.0000,99,145,多平,S,2554.0000,0.0000,0.0000,0.0000,0.0000,2555.0000,0.0000,0.0000,0.0000,0.0000,50,0,0,0,0,93,0,0,0,0
zc,WS301,2012-06-25 09:00:05.537,2554.0000,450314,-26,0.0000,38.0000,6,32,多平,S,2554.0000,0.0000,0.0000,0.0000,0.0000,2555.0000,0.0000,0.0000,0.0000,0.0000,36,0,0,0,0,99,0,0,0,0
zc,WS301,2012-06-25 09:00:06.520,2554.0000,450258,-56,0.0000,188.0000,66,122,多平,S,2553.0000,0.0000,0.0000,0.0000,0.0000,2554.0000,0.0000,0.0000,0.0000,0.0000,29,0,0,0,0,2,0,0,0,0
zc,WS301,2012-06-25 09:00:07.037,2553.0000,450260,2,0.0000,10.0000,6,4,空开,S,2553.0000,0.0000,0.0000,0.0000,0.0000,2554.0000,0.0000,0.0000,0.0000,0.0000,27,0,0,0,0,47,0,0,0,0
zc,WS301,2012-06-25 09:00:07.803,2554.0000,450250,-10,0.0000,228.0000,109,119,空平,B,2550.0000,0.0000,0.0000,0.0000,0.0000,2554.0000,0.0000,0.0000,0.0000,0.0000,174,0,0,0,0,65,0,0,0,0
zc,WS301,2012-06-25 09:00:08.257,2551.0000,450246,-4,0.0000,184.0000,90,94,多平,S,2550.0000,0.0000,0.0000,0.0000,0.0000,2553.0000,0.0000,0.0000,0.0000,0.0000,154,0,0,0,0,33,0,0,0,0
zc,WS301,2012-06-25 09:00:09.007,2550.0000,450246,0,0.0000,24.0000,12,12,空换,S,2550.0000,0.0000,0.0000,0.0000,0.0000,2553.0000,0.0000,0.0000,0.0000,0.0000,144,0,0,0,0,343,0,0,0,0
zc,WS301,2012-06-25 09:00:09.473,2550.0000,450258,12,0.0000,232.0000,122,110,空开,S,2550.0000,0.0000,0.0000,0.0000,0.0000,2553.0000,0.0000,0.0000,0.0000,0.0000,31,0,0,0,0,419,0,0,0,0
zc,WS301,2012-06-25 09:00:10.507,2550.0000,450290,32,0.0000,68.0000,50,18,空开,S,2549.0000,0.0000,0.0000,0.0000,0.0000,2550.0000,0.0000,0.0000,0.0000,0.0000,7,0,0,0,0,204,0,0,0,0
zc,WS301,2012-06-25 09:00:10.973,2550.0000,450292,2,0.0000,18.0000,10,8,空开,S,2548.0000,0.0000,0.0000,0.0000,0.0000,2550.0000,0.0000,0.0000,0.0000,0.0000,32,0,0,0,0,721,0,0,0,0
zc,WS301,2012-06-25 09:00:11.960,2548.0000,450302,10,0.0000,14.0000,12,2,空开,S,2548.0000,0.0000,0.0000,0.0000,0.0000,2549.0000,0.0000,0.0000,0.0000,0.0000,29,0,0,0,0,5,0,0,0,0
zc,WS301,2012-06-25 09:00:12.490,2549.0000,450310,8,0.0000,14.0000,11,3,多开,B,2548.0000,0.0000,0.0000,0.0000,0.0000,2549.0000,0.0000,0.0000,0.0000,0.0000,29,0,0,0,0,18,0,0,0,0
zc,WS301,2012-06-25 09:00:12.943,2548.0000,450310,0,0.0000,58.0000,29,29,空换,S,2547.0000,0.0000,0.0000,0.0000,0.0000,2548.0000,0.0000,0.0000,0.0000,0.0000,1,0,0,0,0,77,0,0,0,0
zc,WS301,2012-06-25 09:00:13.710,2548.0000,450310,0,0.0000,10.0000,5,5,空换,S,2547.0000,0.0000,0.0000,0.0000,0.0000,2548.0000,0.0000,0.0000,0.0000,0.0000,1,0,0,0,0,89,0,0,0,0
zc,WS301,2012-06-25 09:00:14.490,2548.0000,450210,-100,0.0000,112.0000,6,106,多平,S,2546.0000,0.0000,0.0000,0.0000,0.0000,2547.0000,0.0000,0.0000,0.0000,0.0000,43,0,0,0,0,41,0,0,0,0
zc,WS301,2012-06-25 09:00:15.223,2548.0000,450206,-4,0.0000,14.0000,5,9,多平,S,2546.0000,0.0000,0.0000,0.0000,0.0000,2547.0000,0.0000,0.0000,0.0000,0.0000,41,0,0,0,0,43,0,0,0,0
zc,WS301,2012-06-25 09:00:15.757,2547.0000,450176,-30,0.0000,42.0000,6,36,多平,S,2546.0000,0.0000,0.0000,0.0000,0.0000,2547.0000,0.0000,0.0000,0.0000,0.0000,35,0,0,0,0,28,0,0,0,0
zc,WS301,2012-06-25 09:00:16.490,2546.0000,450162,-14,0.0000,62.0000,24,38,多平,S,2546.0000,0.0000,0.0000,0.0000,0.0000,2547.0000,0.0000,0.0000,0.0000,0.0000,16,0,0,0,0,6,0,0,0,0
zc,WS301,2012-06-25 09:00:17.520,2548.0000,450126,-36,0.0000,62.0000,13,49,空平,B,2546.0000,0.0000,0.0000,0.0000,0.0000,2548.0000,0.0000,0.0000,0.0000,0.0000,1,0,0,0,0,264,0,0,0,0
zc,WS301,2012-06-25 09:00:18.257,2546.0000,450124,-2,0.0000,16.0000,7,9,多平,S,2545.0000,0.0000,0.0000,0.0000,0.0000,2546.0000,0.0000,0.0000,0.0000,0.0000,127,0,0,0,0,37,0,0,0,0
zc,WS301,2012-06-25 09:00:18.770,2546.0000,450100,-24,0.0000,28.0000,2,26,多平,S,2545.0000,0.0000,0.0000,0.0000,0.0000,2546.0000,0.0000,0.0000,0.0000,0.0000,120,0,0,0,0,106,0,0,0,0
zc,WS301,2012-06-25 09:00:19.520,2546.0000,450092,-8,0.0000,118.0000,55,63,多平,S,2545.0000,0.0000,0.0000,0.0000,0.0000,2546.0000,0.0000,0.0000,0.0000,0.0000,121,0,0,0,0,51,0,0,0,0
zc,WS301,2012-06-25 09:00:19.990,2547.0000,449966,-126,0.0000,128.0000,1,127,空平,B,2546.0000,0.0000,0.0000,0.0000,0.0000,2547.0000,0.0000,0.0000,0.0000,0.0000,8,0,0,0,0,20,0,0,0,0
zc,WS301,2012-06-25 09:00:20.740,2547.0000,449950,-16,0.0000,50.0000,17,33,空平,B,2546.0000,0.0000,0.0000,0.0000,0.0000,2547.0000,0.0000,0.0000,0.0000,0.0000,35,0,0,0,0,21,0,0,0,0
zc,WS301,2012-06-25 09:00:21.223,2546.0000,449954,4,0.0000,18.0000,11,7,空开,S,2546.0000,0.0000,0.0000,0.0000,0.0000,2547.0000,0.0000,0.0000,0.0000,0.0000,41,0,0,0,0,18,0,0,0,0
zc,WS301,2012-06-25 09:00:22.257,2546.0000,449952,-2,0.0000,50.0000,24,26,多平,S,2546.0000,0.0000,0.0000,0.0000,0.0000,2547.0000,0.0000,0.0000,0.0000,0.0000,20,0,0,0,0,18,0,0,0,0
zc,WS301,2012-06-25 09:00:22.740,2546.0000,449934,-18,0.0000,116.0000,49,67,多平,S,2547.0000,0.0000,0.0000,0.0000,0.0000,2548.0000,0.0000,0.0000,0.0000,0.0000,1,0,0,0,0,176,0,0,0,0
zc,WS301,2012-06-25 09:00:23.520,2547.0000,449934,0,0.0000,74.0000,37,37,多换,B,2545.0000,0.0000,0.0000,0.0000,0.0000,2546.0000,0.0000,0.0000,0.0000,0.0000,182,0,0,0,0,49,0,0,0,0
zc,WS301,2012-06-25 09:00:24.287,2546.0000,449928,-6,0.0000,68.0000,31,37,多平,S,2545.0000,0.0000,0.0000,0.0000,0.0000,2546.0000,0.0000,0.0000,0.0000,0.0000,200,0,0,0,0,98,0,0,0,0
zc,WS301,2012-06-25 09:00:24.990,2546.0000,449918,-10,0.0000,100.0000,45,55,多平,S,2545.0000,0.0000,0.0000,0.0000,0.0000,2546.0000,0.0000,0.0000,0.0000,0.0000,186,0,0,0,0,85,0,0,0,0
zc,WS301,2012-06-25 09:00:25.473,2546.0000,449916,-2,0.0000,24.0000,11,13,多平,S,2545.0000,0.0000,0.0000,0.0000,0.0000,2546.0000,0.0000,0.0000,0.0000,0.0000,169,0,0,0,0,155,0,0,0,0
zc,WS301,2012-06-25 09:00:26.287,2545.0000,449916,0,0.0000,10.0000,5,5,空换,S,2545.0000,0.0000,0.0000,0.0000,0.0000,2546.0000,0.0000,0.0000,0.0000,0.0000,167,0,0,0,0,154,0,0,0,0
zc,WS301,2012-06-25 09:00:26.757,2546.0000,449914,-2,0.0000,128.0000,63,65,空平,B,2545.0000,0.0000,0.0000,0.0000,0.0000,2546.0000,0.0000,0.0000,0.0000,0.0000,156,0,0,0,0,120,0,0,0,0
zc,WS301,2012-06-25 09:00:27.740,2545.0000,449904,-10,0.0000,70.0000,30,40,多平,S,2545.0000,0.0000,0.0000,0.0000,0.0000,2546.0000,0.0000,0.0000,0.0000,0.0000,130,0,0,0,0,112,0,0,0,0
zc,WS301,2012-06-25 09:00:27.990,2545.0000,449904,0,0.0000,48.0000,24,24,空换,S,2545.0000,0.0000,0.0000,0.0000,0.0000,2546.0000,0.0000,0.0000,0.0000,0.0000,129,0,0,0,0,110,0,0,0,0
zc,WS301,2012-06-25 09:00:28.723,2546.0000,449904,0,0.0000,242.0000,121,121,多换,B,2546.0000,0.0000,0.0000,0.0000,0.0000,2547.0000,0.0000,0.0000,0.0000,0.0000,115,0,0,0,0,9,0,0,0,0
zc,WS301,2012-06-25 09:00:29.473,2546.0000,449904,0,0.0000,24.0000,12,12,多换,B,2546.0000,0.0000,0.0000,0.0000,0.0000,2547.0000,0.0000,0.0000,0.0000,0.0000,116,0,0,0,0,11,0,0,0,0
zc,WS301,2012-06-25 09:00:30.193,2546.0000,449904,0,0.0000,32.0000,16,16,多换,B,2546.0000,0.0000,0.0000,0.0000,0.0000,2547.0000,0.0000,0.0000,0.0000,0.0000,116,0,0,0,0,8,0,0,0,0
zc,WS301,2012-06-25 09:00:30.710,2546.0000,449904,0,0.0000,4.0000,2,2,多换,B,2546.0000,0.0000,0.0000,0.0000,0.0000,2547.0000,0.0000,0.0000,0.0000,0.0000,233,0,0,0,0,7,0,0,0,0
zc,WS301,2012-06-25 09:00:31.490,2547.0000,449904,0,0.0000,26.0000,13,13,多换,B,2547.0000,0.0000,0.0000,0.0000,0.0000,2548.0000,0.0000,0.0000,0.0000,0.0000,109,0,0,0,0,140,0,0,0,0
zc,WS301,2012-06-25 09:00:31.973,2547.0000,449906,2,0.0000,162.0000,82,80,多开,B,2547.0000,0.0000,0.0000,0.0000,0.0000,2548.0000,0.0000,0.0000,0.0000,0.0000,36,0,0,0,0,138,0,0,0,0
zc,WS301,2012-06-25 09:00:32.710,2547.0000,449906,0,0.0000,102.0000,51,51,多换,B,2546.0000,0.0000,0.0000,0.0000,0.0000,2547.0000,0.0000,0.0000,0.0000,0.0000,269,0,0,0,0,54,0,0,0,0
zc,WS301,2012-06-25 09:00:32.990,2548.0000,449868,-38,0.0000,118.0000,40,78,空平,B,2547.0000,0.0000,0.0000,0.0000,0.0000,2548.0000,0.0000,0.0000,0.0000,0.0000,4,0,0,0,0,131,0,0,0,0
zc,WS301,2012-06-25 09:00:33.740,2548.0000,449864,-4,0.0000,18.0000,7,11,空平,B,2547.0000,0.0000,0.0000,0.0000,0.0000,2548.0000,0.0000,0.0000,0.0000,0.0000,51,0,0,0,0,126,0,0,0,0
zc,WS301,2012-06-25 09:00:34.257,2547.0000,449856,-8,0.0000,34.0000,13,21,多平,S,2547.0000,0.0000,0.0000,0.0000,0.0000,2548.0000,0.0000,0.0000,0.0000,0.0000,73,0,0,0,0,27,0,0,0,0
zc,WS301,2012-06-25 09:00:34.943,2547.0000,449718,-138,0.0000,204.0000,33,171,多平,S,2547.0000,0.0000,0.0000,0.0000,0.0000,2548.0000,0.0000,0.0000,0.0000,0.0000,80,0,0,0,0,25,0,0,0,0
zc,WS301,2012-06-25 09:00:35.647,2548.0000,449722,4,0.0000,4.0000,4,0,双开,B,2547.0000,0.0000,0.0000,0.0000,0.0000,2548.0000,0.0000,0.0000,0.0000,0.0000,84,0,0,0,0,51,0,0,0,0
zc,WS301,2012-06-25 09:00:36.520,2548.0000,449728,6,0.0000,38.0000,22,16,多开,B,2547.0000,0.0000,0.0000,0.0000,0.0000,2548.0000,0.0000,0.0000,0.0000,0.0000,153,0,0,0,0,38,0,0,0,0
zc,WS301,2012-06-25 09:00:36.973,2547.0000,449732,4,0.0000,340.0000,172,168,空开,S,2546.0000,0.0000,0.0000,0.0000,0.0000,2547.0000,0.0000,0.0000,0.0000,0.0000,283,0,0,0,0,48,0,0,0,0
zc,WS301,2012-06-25 09:00:37.710,2547.0000,449732,0,0.0000,32.0000,16,16,空换,S,2546.0000,0.0000,0.0000,0.0000,0.0000,2547.0000,0.0000,0.0000,0.0000,0.0000,280,0,0,0,0,35,0,0,0,0
zc,WS301,2012-06-25 09:00:38.257,2547.0000,449734,2,0.0000,82.0000,42,40,空开,S,2547.0000,0.0000,0.0000,0.0000,0.0000,2548.0000,0.0000,0.0000,0.0000,0.0000,4,0,0,0,0,81,0,0,0,0
zc,WS301,2012-06-25 09:00:38.973,2547.0000,449734,0,0.0000,0.0000,0,0,空换,S,2547.0000,0.0000,0.0000,0.0000,0.0000,2548.0000,0.0000,0.0000,0.0000,0.0000,19,0,0,0,0,82,0,0,0,0
zc,WS301,2012-06-25 09:00:39.693,2547.0000,449734,0,0.0000,42.0000,21,21,空换,S,2547.0000,0.0000,0.0000,0.0000,0.0000,2548.0000,0.0000,0.0000,0.0000,0.0000,129,0,0,0,0,82,0,0,0,0
zc,WS301,2012-06-25 09:00:40.443,2547.0000,449734,0,0.0000,54.0000,27,27,空换,S,2547.0000,0.0000,0.0000,0.0000,0.0000,2548.0000,0.0000,0.0000,0.0000,0.0000,117,0,0,0,0,82,0,0,0,0
zc,WS301,2012-06-25 09:00:40.973,2548.0000,449750,16,0.0000,30.0000,23,7,多开,B,2547.0000,0.0000,0.0000,0.0000,0.0000,2548.0000,0.0000,0.0000,0.0000,0.0000,215,0,0,0,0,73,0,0,0,0
zc,WS301,2012-06-25 09:00:41.397,2547.0000,449756,6,0.0000,8.0000,7,1,空开,S,2547.0000,0.0000,0.0000,0.0000,0.0000,2548.0000,0.0000,0.0000,0.0000,0.0000,244,0,0,0,0,70,0,0,0,0
zc,WS301,2012-06-25 09:00:42.490,2548.0000,449830,74,0.0000,202.0000,138,64,多开,B,2547.0000,0.0000,0.0000,0.0000,0.0000,2548.0000,0.0000,0.0000,0.0000,0.0000,205,0,0,0,0,13,0,0,0,0
zc,WS301,2012-06-25 09:00:43.163,2547.0000,449830,0,0.0000,34.0000,17,17,空换,S,2547.0000,0.0000,0.0000,0.0000,0.0000,2548.0000,0.0000,0.0000,0.0000,0.0000,185,0,0,0,0,10,0,0,0,0
zc,WS301,2012-06-25 09:00:43.723,2548.0000,449830,0,0.0000,10.0000,5,5,多换,B,2547.0000,0.0000,0.0000,0.0000,0.0000,2548.0000,0.0000,0.0000,0.0000,0.0000,164,0,0,0,0,7,0,0,0,0
zc,WS301,2012-06-25 09:00:44.473,2548.0000,449830,0,0.0000,22.0000,11,11,多换,B,2548.0000,0.0000,0.0000,0.0000,0.0000,2549.0000,0.0000,0.0000,0.0000,0.0000,114,0,0,0,0,106,0,0,0,0
zc,WS301,2012-06-25 09:00:44.880,2548.0000,449830,0,0.0000,2.0000,1,1,多换,B,2548.0000,0.0000,0.0000,0.0000,0.0000,2549.0000,0.0000,0.0000,0.0000,0.0000,147,0,0,0,0,111,0,0,0,0
zc,WS301,2012-06-25 09:00:45.677,2548.0000,449822,-8,0.0000,32.0000,12,20,空平,B,2548.0000,0.0000,0.0000,0.0000,0.0000,2549.0000,0.0000,0.0000,0.0000,0.0000,139,0,0,0,0,111,0,0,0,0
zc,WS301,2012-06-25 09:00:46.163,2548.0000,449794,-28,0.0000,242.0000,107,135,空平,B,2548.0000,0.0000,0.0000,0.0000,0.0000,2549.0000,0.0000,0.0000,0.0000,0.0000,127,0,0,0,0,9,0,0,0,0
zc,WS301,2012-06-25 09:00:46.913,2549.0000,449790,-4,0.0000,8.0000,2,6,空平,B,2548.0000,0.0000,0.0000,0.0000,0.0000,2549.0000,0.0000,0.0000,0.0000,0.0000,126,0,0,0,0,8,0,0,0,0
zc,WS301,2012-06-25 09:00:47.427,2549.0000,449780,-10,0.0000,26.0000,8,18,空平,B,2548.0000,0.0000,0.0000,0.0000,0.0000,2549.0000,0.0000,0.0000,0.0000,0.0000,117,0,0,0,0,63,0,0,0,0
zc,WS301,2012-06-25 09:00:48.163,2548.0000,449778,-2,0.0000,12.0000,5,7,多平,S,2548.0000,0.0000,0.0000,0.0000,0.0000,2549.0000,0.0000,0.0000,0.0000,0.0000,169,0,0,0,0,60,0,0,0,0
zc,WS301,2012-06-25 09:00:48.663,2548.0000,449776,-2,0.0000,4.0000,1,3,多平,S,2548.0000,0.0000,0.0000,0.0000,0.0000,2549.0000,0.0000,0.0000,0.0000,0.0000,201,0,0,0,0,59,0,0,0,0
zc,WS301,2012-06-25 09:00:49.507,2549.0000,449530,-246,0.0000,438.0000,96,342,空平,B,2548.0000,0.0000,0.0000,0.0000,0.0000,2549.0000,0.0000,0.0000,0.0000,0.0000,6,0,0,0,0,112,0,0,0,0
zc,WS301,2012-06-25 09:00:49.943,2548.0000,449522,-8,0.0000,22.0000,7,15,多平,S,2547.0000,0.0000,0.0000,0.0000,0.0000,2548.0000,0.0000,0.0000,0.0000,0.0000,241,0,0,0,0,40,0,0,0,0
zc,WS301,2012-06-25 09:00:50.663,2548.0000,449520,-2,0.0000,14.0000,6,8,多平,S,2547.0000,0.0000,0.0000,0.0000,0.0000,2548.0000,0.0000,0.0000,0.0000,0.0000,241,0,0,0,0,33,0,0,0,0
zc,WS301,2012-06-25 09:00:51.427,2548.0000,449520,0,0.0000,178.0000,89,89,空换,S,2547.0000,0.0000,0.0000,0.0000,0.0000,2548.0000,0.0000,0.0000,0.0000,0.0000,243,0,0,0,0,44,0,0,0,0
zc,WS301,2012-06-25 09:00:51.897,2548.0000,449518,-2,0.0000,6.0000,2,4,多平,S,2547.0000,0.0000,0.0000,0.0000,0.0000,2548.0000,0.0000,0.0000,0.0000,0.0000,243,0,0,0,0,42,0,0,0,0
zc,WS301,2012-06-25 09:00:52.723,2548.0000,449508,-10,0.0000,28.0000,9,19,多平,S,2547.0000,0.0000,0.0000,0.0000,0.0000,2548.0000,0.0000,0.0000,0.0000,0.0000,223,0,0,0,0,31,0,0,0,0
zc,WS301,2012-06-25 09:00:53.427,2548.0000,449498,-10,0.0000,448.0000,219,229,多平,S,2547.0000,0.0000,0.0000,0.0000,0.0000,2548.0000,0.0000,0.0000,0.0000,0.0000,21,0,0,0,0,14,0,0,0,0
zc,WS301,2012-06-25 09:00:53.990,2548.0000,449500,2,0.0000,52.0000,27,25,空开,S,2548.0000,0.0000,0.0000,0.0000,0.0000,2549.0000,0.0000,0.0000,0.0000,0.0000,2,0,0,0,0,114,0,0,0,0
zc,WS301,2012-06-25 09:00:54.663,2547.0000,449496,-4,0.0000,92.0000,44,48,多平,S,2546.0000,0.0000,0.0000,0.0000,0.0000,2549.0000,0.0000,0.0000,0.0000,0.0000,213,0,0,0,0,110,0,0,0,0
zc,WS301,2012-06-25 09:00:55.210,2549.0000,449486,-10,0.0000,14.0000,2,12,空平,B,2548.0000,0.0000,0.0000,0.0000,0.0000,2549.0000,0.0000,0.0000,0.0000,0.0000,7,0,0,0,0,103,0,0,0,0
zc,WS301,2012-06-25 09:00:55.710,2548.0000,449484,-2,0.0000,2.0000,0,2,双平,S,2548.0000,0.0000,0.0000,0.0000,0.0000,2549.0000,0.0000,0.0000,0.0000,0.0000,9,0,0,0,0,103,0,0,0,0
zc,WS301,2012-06-25 09:00:56.740,2548.0000,449460,-24,0.0000,54.0000,15,39,多平,S,2548.0000,0.0000,0.0000,0.0000,0.0000,2549.0000,0.0000,0.0000,0.0000,0.0000,7,0,0,0,0,80,0,0,0,0
zc,WS301,2012-06-25 09:00:57.443,2548.0000,449420,-40,0.0000,58.0000,9,49,多平,S,2547.0000,0.0000,0.0000,0.0000,0.0000,2548.0000,0.0000,0.0000,0.0000,0.0000,11,0,0,0,0,66,0,0,0,0
zc,WS301,2012-06-25 09:00:57.943,2548.0000,449420,0,0.0000,28.0000,14,14,空换,S,2547.0000,0.0000,0.0000,0.0000,0.0000,2548.0000,0.0000,0.0000,0.0000,0.0000,18,0,0,0,0,53,0,0,0,0
zc,WS301,2012-06-25 09:00:58.677,2547.0000,449402,-18,0.0000,66.0000,24,42,多平,S,2546.0000,0.0000,0.0000,0.0000,0.0000,2547.0000,0.0000,0.0000,0.0000,0.0000,205,0,0,0,0,27,0,0,0,0
zc,WS301,2012-06-25 09:00:59.177,2548.0000,449354,-48,0.0000,56.0000,4,52,空平,B,2547.0000,0.0000,0.0000,0.0000,0.0000,2548.0000,0.0000,0.0000,0.0000,0.0000,45,0,0,0,0,47,0,0,0,0
zc,WS301,2012-06-25 09:00:59.897,2548.0000,449354,0,0.0000,0.0000,0,0,多换,B,2547.0000,0.0000,0.0000,0.0000,0.0000,2548.0000,0.0000,0.0000,0.0000,0.0000,72,0,0,0,0,48,0,0,0,0
zc,WS301,2012-06-25 09:01:00.473,2548.0000,449252,-102,0.0000,114.0000,6,108,空平,B,2548.0000,0.0000,0.0000,0.0000,0.0000,2549.0000,0.0000,0.0000,0.0000,0.0000,52,0,0,0,0,48,0,0,0,0
zc,WS301,2012-06-25 09:01:01.117,2548.0000,449248,-4,0.0000,4.0000,0,4,双平,B,2548.0000,0.0000,0.0000,0.0000,0.0000,2549.0000,0.0000,0.0000,0.0000,0.0000,54,0,0,0,0,48,0,0,0,0
zc,WS301,2012-06-25 09:01:01.913,2549.0000,449252,4,0.0000,26.0000,15,11,多开,B,2548.0000,0.0000,0.0000,0.0000,0.0000,2549.0000,0.0000,0.0000,0.0000,0.0000,253,0,0,0,0,37,0,0,0,0
zc,WS301,2012-06-25 09:01:02.413,2548.0000,449248,-4,0.0000,4.0000,0,4,双平,S,2548.0000,0.0000,0.0000,0.0000,0.0000,2549.0000,0.0000,0.0000,0.0000,0.0000,251,0,0,0,0,37,0,0,0,0
zc,WS301,2012-06-25 09:01:03.177,2548.0000,449238,-10,0.0000,16.0000,3,13,多平,S,2548.0000,0.0000,0.0000,0.0000,0.0000,2549.0000,0.0000,0.0000,0.0000,0.0000,243,0,0,0,0,56,0,0,0,0
zc,WS301,2012-06-25 09:01:03.677,2549.0000,449220,-18,0.0000,26.0000,4,22,空平,B,2548.0000,0.0000,0.0000,0.0000,0.0000,2549.0000,0.0000,0.0000,0.0000,0.0000,235,0,0,0,0,56,0,0,0,0
zc,WS301,2012-06-25 09:01:04.397,2548.0000,449216,-4,0.0000,6.0000,1,5,多平,S,2548.0000,0.0000,0.0000,0.0000,0.0000,2549.0000,0.0000,0.0000,0.0000,0.0000,234,0,0,0,0,57,0,0,0,0
zc,WS301,2012-06-25 09:01:04.897,2549.0000,449230,14,0.0000,14.0000,14,0,双开,B,2548.0000,0.0000,0.0000,0.0000,0.0000,2549.0000,0.0000,0.0000,0.0000,0.0000,239,0,0,0,0,70,0,0,0,0
zc,WS301,2012-06-25 09:01:05.710,2549.0000,449324,94,0.0000,142.0000,118,24,多开,B,2548.0000,0.0000,0.0000,0.0000,0.0000,2549.0000,0.0000,0.0000,0.0000,0.0000,239,0,0,0,0,39,0,0,0,0
zc,WS301,2012-06-25 09:01:06.210,2549.0000,449372,48,0.0000,90.0000,69,21,多开,B,2549.0000,0.0000,0.0000,0.0000,0.0000,2550.0000,0.0000,0.0000,0.0000,0.0000,15,0,0,0,0,44,0,0,0,0
zc,WS301,2012-06-25 09:01:06.677,2549.0000,449372,0,0.0000,2.0000,1,1,多换,B,2549.0000,0.0000,0.0000,0.0000,0.0000,2550.0000,0.0000,0.0000,0.0000,0.0000,25,0,0,0,0,54,0,0,0,0
zc,WS301,2012-06-25 09:01:07.413,2550.0000,449374,2,0.0000,30.0000,16,14,多开,B,2549.0000,0.0000,0.0000,0.0000,0.0000,2550.0000,0.0000,0.0000,0.0000,0.0000,147,0,0,0,0,43,0,0,0,0
zc,WS301,2012-06-25 09:01:08.193,2550.0000,449390,16,0.0000,174.0000,95,79,多开,B,2550.0000,0.0000,0.0000,0.0000,0.0000,2551.0000,0.0000,0.0000,0.0000,0.0000,68,0,0,0,0,1,0,0,0,0
zc,WS301,2012-06-25 09:01:08.663,2550.0000,449390,0,0.0000,18.0000,9,9,多换,B,2550.0000,0.0000,0.0000,0.0000,0.0000,2551.0000,0.0000,0.0000,0.0000,0.0000,61,0,0,0,0,5,0,0,0,0
zc,WS301,2012-06-25 09:01:09.397,2551.0000,449390,0,0.0000,18.0000,9,9,多换,B,2550.0000,0.0000,0.0000,0.0000,0.0000,2551.0000,0.0000,0.0000,0.0000,0.0000,55,0,0,0,0,6,0,0,0,0
zc,WS301,2012-06-25 09:01:09.897,2551.0000,449392,2,0.0000,10.0000,6,4,多开,B,2550.0000,0.0000,0.0000,0.0000,0.0000,2551.0000,0.0000,0.0000,0.0000,0.0000,56,0,0,0,0,23,0,0,0,0
zc,WS301,2012-06-25 09:01:10.663,2551.0000,449392,0,0.0000,116.0000,58,58,多换,B,2550.0000,0.0000,0.0000,0.0000,0.0000,2551.0000,0.0000,0.0000,0.0000,0.0000,1,0,0,0,0,26,0,0,0,0
zc,WS301,2012-06-25 09:01:10.880,2549.0000,449394,2,0.0000,44.0000,23,21,空开,S,2549.0000,0.0000,0.0000,0.0000,0.0000,2551.0000,0.0000,0.0000,0.0000,0.0000,56,0,0,0,0,14,0,0,0,0
zc,WS301,2012-06-25 09:01:11.710,2551.0000,449396,2,0.0000,28.0000,15,13,多开,B,2551.0000,0.0000,0.0000,0.0000,0.0000,2552.0000,0.0000,0.0000,0.0000,0.0000,10,0,0,0,0,21,0,0,0,0
zc,WS301,2012-06-25 09:01:12.427,2551.0000,449414,18,0.0000,26.0000,22,4,多开,B,2550.0000,0.0000,0.0000,0.0000,0.0000,2551.0000,0.0000,0.0000,0.0000,0.0000,10,0,0,0,0,1,0,0,0,0
zc,WS301,2012-06-25 09:01:12.913,2550.0000,449424,10,0.0000,106.0000,58,48,空开,S,2551.0000,0.0000,0.0000,0.0000,0.0000,2552.0000,0.0000,0.0000,0.0000,0.0000,5,0,0,0,0,3,0,0,0,0
zc,WS301,2012-06-25 09:01:13.473,2550.0000,449424,0,0.0000,60.0000,30,30,空换,S,2550.0000,0.0000,0.0000,0.0000,0.0000,2552.0000,0.0000,0.0000,0.0000,0.0000,19,0,0,0,0,5,0,0,0,0
zc,WS301,2012-06-25 09:01:13.913,2552.0000,449432,8,0.0000,20.0000,14,6,多开,B,2552.0000,0.0000,0.0000,0.0000,0.0000,2553.0000,0.0000,0.0000,0.0000,0.0000,492,0,0,0,0,136,0,0,0,0
zc,WS301,2012-06-25 09:01:14.663,2552.0000,449434,2,0.0000,2.0000,2,0,双开,B,2552.0000,0.0000,0.0000,0.0000,0.0000,2553.0000,0.0000,0.0000,0.0000,0.0000,593,0,0,0,0,141,0,0,0,0
zc,WS301,2012-06-25 09:01:15.147,2552.0000,449436,2,0.0000,444.0000,223,221,多开,B,2552.0000,0.0000,0.0000,0.0000,0.0000,2553.0000,0.0000,0.0000,0.0000,0.0000,472,0,0,0,0,44,0,0,0,0
zc,WS301,2012-06-25 09:01:15.897,2554.0000,449444,8,0.0000,102.0000,55,47,多开,B,2553.0000,0.0000,0.0000,0.0000,0.0000,2554.0000,0.0000,0.0000,0.0000,0.0000,49,0,0,0,0,18,0,0,0,0
zc,WS301,2012-06-25 09:01:16.443,2554.0000,449456,12,0.0000,22.0000,17,5,多开,B,2553.0000,0.0000,0.0000,0.0000,0.0000,2554.0000,0.0000,0.0000,0.0000,0.0000,247,0,0,0,0,30,0,0,0,0
zc,WS301,2012-06-25 09:01:16.943,2554.0000,449480,24,0.0000,40.0000,32,8,多开,B,2553.0000,0.0000,0.0000,0.0000,0.0000,2554.0000,0.0000,0.0000,0.0000,0.0000,262,0,0,0,0,19,0,0,0,0
zc,WS301,2012-06-25 09:01:17.723,2554.0000,449488,8,0.0000,10.0000,9,1,多开,B,2553.0000,0.0000,0.0000,0.0000,0.0000,2554.0000,0.0000,0.0000,0.0000,0.0000,261,0,0,0,0,16,0,0,0,0
zc,WS301,2012-06-25 09:01:18.193,2554.0000,449488,0,0.0000,32.0000,16,16,多换,B,2554.0000,0.0000,0.0000,0.0000,0.0000,2555.0000,0.0000,0.0000,0.0000,0.0000,45,0,0,0,0,250,0,0,0,0
zc,WS301,2012-06-25 09:01:18.943,2554.0000,449488,0,0.0000,4.0000,2,2,多换,B,2554.0000,0.0000,0.0000,0.0000,0.0000,2555.0000,0.0000,0.0000,0.0000,0.0000,94,0,0,0,0,406,0,0,0,0
zc,WS301,2012-06-25 09:01:19.427,2554.0000,449524,36,0.0000,70.0000,53,17,多开,B,2554.0000,0.0000,0.0000,0.0000,0.0000,2555.0000,0.0000,0.0000,0.0000,0.0000,67,0,0,0,0,439,0,0,0,0
zc,WS301,2012-06-25 09:01:20.177,2555.0000,449524,0,0.0000,32.0000,16,16,多换,B,2554.0000,0.0000,0.0000,0.0000,0.0000,2555.0000,0.0000,0.0000,0.0000,0.0000,66,0,0,0,0,269,0,0,0,0
zc,WS301,2012-06-25 09:01:20.663,2554.0000,449518,-6,0.0000,38.0000,16,22,多平,S,2554.0000,0.0000,0.0000,0.0000,0.0000,2555.0000,0.0000,0.0000,0.0000,0.0000,53,0,0,0,0,256,0,0,0,0
zc,WS301,2012-06-25 09:01:21.193,2555.0000,449490,-28,0.0000,60.0000,16,44,空平,B,2554.0000,0.0000,0.0000,0.0000,0.0000,2555.0000,0.0000,0.0000,0.0000,0.0000,29,0,0,0,0,255,0,0,0,0
zc,WS301,2012-06-25 09:01:21.693,2555.0000,449484,-6,0.0000,32.0000,13,19,空平,B,2554.0000,0.0000,0.0000,0.0000,0.0000,2555.0000,0.0000,0.0000,0.0000,0.0000,33,0,0,0,0,245,0,0,0,0
zc,WS301,2012-06-25 09:01:22.693,2553.0000,449430,-54,0.0000,110.0000,28,82,多平,S,2553.0000,0.0000,0.0000,0.0000,0.0000,2554.0000,0.0000,0.0000,0.0000,0.0000,30,0,0,0,0,109,0,0,0,0
zc,WS301,2012-06-25 09:01:23.193,2553.0000,449426,-4,0.0000,72.0000,34,38,多平,S,2552.0000,0.0000,0.0000,0.0000,0.0000,2553.0000,0.0000,0.0000,0.0000,0.0000,473,0,0,0,0,70,0,0,0,0
zc,WS301,2012-06-25 09:01:23.960,2553.0000,449426,0,0.0000,24.0000,12,12,空换,S,2552.0000,0.0000,0.0000,0.0000,0.0000,2553.0000,0.0000,0.0000,0.0000,0.0000,472,0,0,0,0,58,0,0,0,0
zc,WS301,2012-06-25 09:01:24.443,2553.0000,449426,0,0.0000,6.0000,3,3,空换,S,2552.0000,0.0000,0.0000,0.0000,0.0000,2553.0000,0.0000,0.0000,0.0000,0.0000,472,0,0,0,0,55,0,0,0,0
zc,WS301,2012-06-25 09:01:25.210,2553.0000,449412,-14,0.0000,26.0000,6,20,多平,S,2552.0000,0.0000,0.0000,0.0000,0.0000,2553.0000,0.0000,0.0000,0.0000,0.0000,470,0,0,0,0,45,0,0,0,0
zc,WS301,2012-06-25 09:01:25.693,2553.0000,449412,0,0.0000,2.0000,1,1,空换,S,2552.0000,0.0000,0.0000,0.0000,0.0000,2553.0000,0.0000,0.0000,0.0000,0.0000,470,0,0,0,0,64,0,0,0,0
zc,WS301,2012-06-25 09:01:26.427,2553.0000,449418,6,0.0000,96.0000,51,45,空开,S,2552.0000,0.0000,0.0000,0.0000,0.0000,2553.0000,0.0000,0.0000,0.0000,0.0000,470,0,0,0,0,14,0,0,0,0
zc,WS301,2012-06-25 09:01:26.960,2553.0000,449442,24,0.0000,26.0000,25,1,空开,S,2552.0000,0.0000,0.0000,0.0000,0.0000,2553.0000,0.0000,0.0000,0.0000,0.0000,470,0,0,0,0,1,0,0,0,0
zc,WS301,2012-06-25 09:01:27.460,2553.0000,449442,0,0.0000,16.0000,8,8,空换,S,2553.0000,0.0000,0.0000,0.0000,0.0000,2554.0000,0.0000,0.0000,0.0000,0.0000,6,0,0,0,0,116,0,0,0,0
zc,WS301,2012-06-25 09:01:28.177,2553.0000,449442,0,0.0000,10.0000,5,5,空换,S,2553.0000,0.0000,0.0000,0.0000,0.0000,2554.0000,0.0000,0.0000,0.0000,0.0000,3,0,0,0,0,117,0,0,0,0
zc,WS301,2012-06-25 09:01:28.927,2554.0000,449282,-160,0.0000,250.0000,45,205,空平,B,2553.0000,0.0000,0.0000,0.0000,0.0000,2554.0000,0.0000,0.0000,0.0000,0.0000,111,0,0,0,0,24,0,0,0,0
zc,WS301,2012-06-25 09:01:29.413,2554.0000,449282,0,0.0000,34.0000,17,17,多换,B,2553.0000,0.0000,0.0000,0.0000,0.0000,2554.0000,0.0000,0.0000,0.0000,0.0000,101,0,0,0,0,39,0,0,0,0
zc,WS301,2012-06-25 09:01:30.443,2554.0000,449278,-4,0.0000,208.0000,102,106,空平,B,2553.0000,0.0000,0.0000,0.0000,0.0000,2554.0000,0.0000,0.0000,0.0000,0.0000,204,0,0,0,0,46,0,0,0,0
zc,WS301,2012-06-25 09:01:30.710,2553.0000,449286,8,0.0000,26.0000,17,9,空开,S,2553.0000,0.0000,0.0000,0.0000,0.0000,2554.0000,0.0000,0.0000,0.0000,0.0000,196,0,0,0,0,124,0,0,0,0
zc,WS301,2012-06-25 09:01:31.427,2553.0000,449288,2,0.0000,16.0000,9,7,空开,S,2553.0000,0.0000,0.0000,0.0000,0.0000,2554.0000,0.0000,0.0000,0.0000,0.0000,190,0,0,0,0,123,0,0,0,0
zc,WS301,2012-06-25 09:01:32.177,2554.0000,449320,32,0.0000,212.0000,122,90,多开,B,2553.0000,0.0000,0.0000,0.0000,0.0000,2554.0000,0.0000,0.0000,0.0000,0.0000,216,0,0,0,0,21,0,0,0,0
zc,WS301,2012-06-25 09:01:32.913,2553.0000,449324,4,0.0000,20.0000,12,8,空开,S,2553.0000,0.0000,0.0000,0.0000,0.0000,2554.0000,0.0000,0.0000,0.0000,0.0000,223,0,0,0,0,17,0,0,0,0
zc,WS301,2012-06-25 09:01:33.397,2553.0000,449324,0,0.0000,6.0000,3,3,空换,S,2553.0000,0.0000,0.0000,0.0000,0.0000,2554.0000,0.0000,0.0000,0.0000,0.0000,253,0,0,0,0,15,0,0,0,0
zc,WS301,2012-06-25 09:01:33.943,2554.0000,449326,2,0.0000,64.0000,33,31,多开,B,2554.0000,0.0000,0.0000,0.0000,0.0000,2555.0000,0.0000,0.0000,0.0000,0.0000,32,0,0,0,0,352,0,0,0,0
zc,WS301,2012-06-25 09:01:34.647,2554.0000,449328,2,0.0000,2.0000,2,0,双开,B,2554.0000,0.0000,0.0000,0.0000,0.0000,2555.0000,0.0000,0.0000,0.0000,0.0000,40,0,0,0,0,359,0,0,0,0
zc,WS301,2012-06-25 09:01:35.163,2554.0000,449356,28,0.0000,38.0000,33,5,多开,B,2554.0000,0.0000,0.0000,0.0000,0.0000,2555.0000,0.0000,0.0000,0.0000,0.0000,29,0,0,0,0,357,0,0,0,0
zc,WS301,2012-06-25 09:01:35.990,2554.0000,449360,4,0.0000,30.0000,17,13,多开,B,2554.0000,0.0000,0.0000,0.0000,0.0000,2555.0000,0.0000,0.0000,0.0000,0.0000,25,0,0,0,0,355,0,0,0,0
zc,WS301,2012-06-25 09:01:36.460,2554.0000,449408,48,0.0000,50.0000,49,1,多开,B,2553.0000,0.0000,0.0000,0.0000,0.0000,2554.0000,0.0000,0.0000,0.0000,0.0000,245,0,0,0,0,7,0,0,0,0
zc,WS301,2012-06-25 09:01:37.240,2553.0000,449420,12,0.0000,34.0000,23,11,空开,S,2553.0000,0.0000,0.0000,0.0000,0.0000,2554.0000,0.0000,0.0000,0.0000,0.0000,234,0,0,0,0,107,0,0,0,0
zc,WS301,2012-06-25 09:01:37.913,2554.0000,449426,6,0.0000,232.0000,119,113,多开,B,2553.0000,0.0000,0.0000,0.0000,0.0000,2554.0000,0.0000,0.0000,0.0000,0.0000,134,0,0,0,0,165,0,0,0,0
zc,WS301,2012-06-25 09:01:38.723,2554.0000,449426,0,0.0000,30.0000,15,15,多换,B,2553.0000,0.0000,0.0000,0.0000,0.0000,2554.0000,0.0000,0.0000,0.0000,0.0000,134,0,0,0,0,261,0,0,0,0
zc,WS301,2012-06-25 09:01:39.443,2554.0000,449422,-4,0.0000,142.0000,69,73,空平,B,2553.0000,0.0000,0.0000,0.0000,0.0000,2554.0000,0.0000,0.0000,0.0000,0.0000,89,0,0,0,0,241,0,0,0,0
zc,WS301,2012-06-25 09:01:39.927,2553.0000,449422,0,0.0000,30.0000,15,15,空换,S,2553.0000,0.0000,0.0000,0.0000,0.0000,2554.0000,0.0000,0.0000,0.0000,0.0000,79,0,0,0,0,239,0,0,0,0
zc,WS301,2012-06-25 09:01:40.413,2553.0000,449424,2,0.0000,38.0000,20,18,空开,S,2553.0000,0.0000,0.0000,0.0000,0.0000,2554.0000,0.0000,0.0000,0.0000,0.0000,66,0,0,0,0,248,0,0,0,0
zc,WS301,2012-06-25 09:01:41.163,2554.0000,449414,-10,0.0000,30.0000,10,20,空平,B,2553.0000,0.0000,0.0000,0.0000,0.0000,2554.0000,0.0000,0.0000,0.0000,0.0000,65,0,0,0,0,237,0,0,0,0
zc,WS301,2012-06-25 09:01:41.913,2553.0000,449414,0,0.0000,32.0000,16,16,空换,S,2553.0000,0.0000,0.0000,0.0000,0.0000,2554.0000,0.0000,0.0000,0.0000,0.0000,54,0,0,0,0,235,0,0,0,0
zc,WS301,2012-06-25 09:01:42.460,2553.0000,449414,0,0.0000,14.0000,7,7,空换,S,2553.0000,0.0000,0.0000,0.0000,0.0000,2554.0000,0.0000,0.0000,0.0000,0.0000,50,0,0,0,0,248,0,0,0,0
zc,WS301,2012-06-25 09:01:43.443,2554.0000,449414,0,0.0000,8.0000,4,4,多换,B,2553.0000,0.0000,0.0000,0.0000,0.0000,2554.0000,0.0000,0.0000,0.0000,0.0000,51,0,0,0,0,245,0,0,0,0
zc,WS301,2012-06-25 09:01:43.973,2553.0000,449404,-10,0.0000,190.0000,90,100,多平,S,2552.0000,0.0000,0.0000,0.0000,0.0000,2553.0000,0.0000,0.0000,0.0000,0.0000,135,0,0,0,0,294,0,0,0,0
zc,WS301,2012-06-25 09:01:44.740,2553.0000,449398,-6,0.0000,16.0000,5,11,多平,S,2552.0000,0.0000,0.0000,0.0000,0.0000,2553.0000,0.0000,0.0000,0.0000,0.0000,135,0,0,0,0,289,0,0,0,0
zc,WS301,2012-06-25 09:01:45.177,2552.0000,449670,272,0.0000,280.0000,276,4,空开,S,2551.0000,0.0000,0.0000,0.0000,0.0000,2552.0000,0.0000,0.0000,0.0000,0.0000,6,0,0,0,0,15,0,0,0,0
zc,WS301,2012-06-25 09:01:45.960,2552.0000,449676,6,0.0000,6.0000,6,0,双开,S,2551.0000,0.0000,0.0000,0.0000,0.0000,2552.0000,0.0000,0.0000,0.0000,0.0000,6,0,0,0,0,12,0,0,0,0
zc,WS301,2012-06-25 09:01:46.443,2552.0000,449650,-26,0.0000,60.0000,17,43,多平,S,2551.0000,0.0000,0.0000,0.0000,0.0000,2552.0000,0.0000,0.0000,0.0000,0.0000,5,0,0,0,0,79,0,0,0,0
zc,WS301,2012-06-25 09:01:46.927,2552.0000,449634,-16,0.0000,104.0000,44,60,多平,S,2550.0000,0.0000,0.0000,0.0000,0.0000,2552.0000,0.0000,0.0000,0.0000,0.0000,121,0,0,0,0,258,0,0,0,0
zc,WS301,2012-06-25 09:01:47.663,2552.0000,449634,0,0.0000,8.0000,4,4,空换,S,2550.0000,0.0000,0.0000,0.0000,0.0000,2552.0000,0.0000,0.0000,0.0000,0.0000,127,0,0,0,0,254,0,0,0,0
zc,WS301,2012-06-25 09:01:48.443,2552.0000,449634,0,0.0000,0.0000,0,0,空换,S,2550.0000,0.0000,0.0000,0.0000,0.0000,2552.0000,0.0000,0.0000,0.0000,0.0000,129,0,0,0,0,184,0,0,0,0
zc,WS301,2012-06-25 09:01:49.083,2552.0000,449634,0,0.0000,4.0000,2,2,空换,S,2550.0000,0.0000,0.0000,0.0000,0.0000,2551.0000,0.0000,0.0000,0.0000,0.0000,129,0,0,0,0,90,0,0,0,0
zc,WS301,2012-06-25 09:01:49.473,2550.0000,449634,0,0.0000,4.0000,2,2,空换,S,2550.0000,0.0000,0.0000,0.0000,0.0000,2551.0000,0.0000,0.0000,0.0000,0.0000,128,0,0,0,0,89,0,0,0,0
zc,WS301,2012-06-25 09:01:50.443,2550.0000,449634,0,0.0000,4.0000,2,2,空换,S,2550.0000,0.0000,0.0000,0.0000,0.0000,2551.0000,0.0000,0.0000,0.0000,0.0000,127,0,0,0,0,90,0,0,0,0
zc,WS301,2012-06-25 09:01:50.710,2550.0000,449634,0,0.0000,278.0000,139,139,空换,S,2549.0000,0.0000,0.0000,0.0000,0.0000,2550.0000,0.0000,0.0000,0.0000,0.0000,50,0,0,0,0,69,0,0,0,0
zc,WS301,2012-06-25 09:01:51.427,2550.0000,449630,-4,0.0000,10.0000,3,7,多平,S,2549.0000,0.0000,0.0000,0.0000,0.0000,2550.0000,0.0000,0.0000,0.0000,0.0000,54,0,0,0,0,64,0,0,0,0
zc,WS301,2012-06-25 09:01:51.943,2550.0000,449630,0,0.0000,22.0000,11,11,空换,S,2549.0000,0.0000,0.0000,0.0000,0.0000,2550.0000,0.0000,0.0000,0.0000,0.0000,55,0,0,0,0,53,0,0,0,0
zc,WS301,2012-06-25 09:01:52.927,2550.0000,449630,0,0.0000,8.0000,4,4,空换,S,2549.0000,0.0000,0.0000,0.0000,0.0000,2550.0000,0.0000,0.0000,0.0000,0.0000,61,0,0,0,0,53,0,0,0,0
zc,WS301,2012-06-25 09:01:56.473,2550.0000,449638,8,0.0000,160.0000,84,76,空开,S,2549.0000,0.0000,0.0000,0.0000,0.0000,2550.0000,0.0000,0.0000,0.0000,0.0000,62,0,0,0,0,72,0,0,0,0
zc,WS301,2012-06-25 09:01:56.880,2550.0000,449638,0,0.0000,10.0000,5,5,空换,S,2549.0000,0.0000,0.0000,0.0000,0.0000,2550.0000,0.0000,0.0000,0.0000,0.0000,73,0,0,0,0,70,0,0,0,0
zc,WS301,2012-06-25 09:01:57.630,2549.0000,449638,0,0.0000,10.0000,5,5,空换,S,2549.0000,0.0000,0.0000,0.0000,0.0000,2550.0000,0.0000,0.0000,0.0000,0.0000,155,0,0,0,0,67,0,0,0,0
zc,WS301,2012-06-25 09:01:58.117,2550.0000,449528,-110,0.0000,148.0000,19,129,空平,B,2550.0000,0.0000,0.0000,0.0000,0.0000,2551.0000,0.0000,0.0000,0.0000,0.0000,94,0,0,0,0,181,0,0,0,0
zc,WS301,2012-06-25 09:01:58.897,2550.0000,449340,-188,0.0000,200.0000,6,194,空平,B,2550.0000,0.0000,0.0000,0.0000,0.0000,2551.0000,0.0000,0.0000,0.0000,0.0000,40,0,0,0,0,185,0,0,0,0
zc,WS301,2012-06-25 09:01:59.397,2550.0000,449342,2,0.0000,2.0000,2,0,双开,B,2550.0000,0.0000,0.0000,0.0000,0.0000,2551.0000,0.0000,0.0000,0.0000,0.0000,54,0,0,0,0,185,0,0,0,0
zc,WS301,2012-06-25 09:01:59.927,2550.0000,449342,0,0.0000,4.0000,2,2,多换,B,2550.0000,0.0000,0.0000,0.0000,0.0000,2551.0000,0.0000,0.0000,0.0000,0.0000,54,0,0,0,0,187,0,0,0,0
zc,WS301,2012-06-25 09:02:00.647,2551.0000,449342,0,0.0000,30.0000,15,15,多换,B,2550.0000,0.0000,0.0000,0.0000,0.0000,2551.0000,0.0000,0.0000,0.0000,0.0000,55,0,0,0,0,173,0,0,0,0
zc,WS301,2012-06-25 09:02:01.130,2550.0000,449344,2,0.0000,8.0000,5,3,空开,S,2550.0000,0.0000,0.0000,0.0000,0.0000,2551.0000,0.0000,0.0000,0.0000,0.0000,55,0,0,0,0,171,0,0,0,0
zc,WS301,2012-06-25 09:02:01.927,2550.0000,449334,-10,0.0000,32.0000,11,21,多平,S,2550.0000,0.0000,0.0000,0.0000,0.0000,2551.0000,0.0000,0.0000,0.0000,0.0000,45,0,0,0,0,165,0,0,0,0
zc,WS301,2012-06-25 09:02:02.397,2550.0000,449334,0,0.0000,6.0000,3,3,空换,S,2550.0000,0.0000,0.0000,0.0000,0.0000,2551.0000,0.0000,0.0000,0.0000,0.0000,43,0,0,0,0,165,0,0,0,0
zc,WS301,2012-06-25 09:02:03.147,2550.0000,449420,86,0.0000,88.0000,87,1,空开,S,2549.0000,0.0000,0.0000,0.0000,0.0000,2550.0000,0.0000,0.0000,0.0000,0.0000,191,0,0,0,0,76,0,0,0,0
zc,WS301,2012-06-25 09:02:03.617,2550.0000,449420,0,0.0000,0.0000,0,0,空换,S,2549.0000,0.0000,0.0000,0.0000,0.0000,2550.0000,0.0000,0.0000,0.0000,0.0000,197,0,0,0,0,91,0,0,0,0
zc,WS301,2012-06-25 09:02:04.397,2550.0000,449422,2,0.0000,2.0000,2,0,双开,S,2549.0000,0.0000,0.0000,0.0000,0.0000,2550.0000,0.0000,0.0000,0.0000,0.0000,197,0,0,0,0,99,0,0,0,0
zc,WS301,2012-06-25 09:02:04.943,2550.0000,449424,2,0.0000,2.0000,2,0,双开,S,2549.0000,0.0000,0.0000,0.0000,0.0000,2550.0000,0.0000,0.0000,0.0000,0.0000,200,0,0,0,0,128,0,0,0,0
zc,WS301,2012-06-25 09:02:05.397,2550.0000,449428,4,0.0000,4.0000,4,0,双开,S,2549.0000,0.0000,0.0000,0.0000,0.0000,2550.0000,0.0000,0.0000,0.0000,0.0000,196,0,0,0,0,139,0,0,0,0
zc,WS301,2012-06-25 09:02:06.193,2549.0000,449428,0,0.0000,4.0000,2,2,空换,S,2549.0000,0.0000,0.0000,0.0000,0.0000,2550.0000,0.0000,0.0000,0.0000,0.0000,197,0,0,0,0,188,0,0,0,0
zc,WS301,2012-06-25 09:02:06.617,2550.0000,449498,70,0.0000,70.0000,70,0,双开,B,2549.0000,0.0000,0.0000,0.0000,0.0000,2550.0000,0.0000,0.0000,0.0000,0.0000,198,0,0,0,0,153,0,0,0,0
zc,WS301,2012-06-25 09:02:07.427,2550.0000,449502,4,0.0000,4.0000,4,0,双开,B,2549.0000,0.0000,0.0000,0.0000,0.0000,2550.0000,0.0000,0.0000,0.0000,0.0000,202,0,0,0,0,151,0,0,0,0
zc,WS301,2012-06-25 09:02:08.663,2549.0000,449546,44,0.0000,44.0000,44,0,双开,S,2549.0000,0.0000,0.0000,0.0000,0.0000,2550.0000,0.0000,0.0000,0.0000,0.0000,202,0,0,0,0,132,0,0,0,0
zc,WS301,2012-06-25 09:02:09.147,2550.0000,449558,12,0.0000,16.0000,14,2,多开,B,2549.0000,0.0000,0.0000,0.0000,0.0000,2550.0000,0.0000,0.0000,0.0000,0.0000,201,0,0,0,0,126,0,0,0,0
zc,WS301,2012-06-25 09:02:09.880,2549.0000,449560,2,0.0000,16.0000,9,7,空开,S,2549.0000,0.0000,0.0000,0.0000,0.0000,2550.0000,0.0000,0.0000,0.0000,0.0000,196,0,0,0,0,137,0,0,0,0
zc,WS301,2012-06-25 09:02:10.380,2550.0000,449564,4,0.0000,4.0000,4,0,双开,B,2549.0000,0.0000,0.0000,0.0000,0.0000,2550.0000,0.0000,0.0000,0.0000,0.0000,197,0,0,0,0,636,0,0,0,0
zc,WS301,2012-06-25 09:02:11.177,2549.0000,449566,2,0.0000,86.0000,44,42,空开,S,2549.0000,0.0000,0.0000,0.0000,0.0000,2550.0000,0.0000,0.0000,0.0000,0.0000,156,0,0,0,0,640,0,0,0,0
zc,WS301,2012-06-25 09:02:11.647,2549.0000,449328,-238,0.0000,354.0000,58,296,多平,S,2549.0000,0.0000,0.0000,0.0000,0.0000,2550.0000,0.0000,0.0000,0.0000,0.0000,96,0,0,0,0,525,0,0,0,0
zc,WS301,2012-06-25 09:02:12.147,2549.0000,449328,0,0.0000,8.0000,4,4,空换,S,2549.0000,0.0000,0.0000,0.0000,0.0000,2550.0000,0.0000,0.0000,0.0000,0.0000,125,0,0,0,0,524,0,0,0,0
zc,WS301,2012-06-25 09:02:12.710,2549.0000,449522,194,0.0000,254.0000,224,30,空开,S,2548.0000,0.0000,0.0000,0.0000,0.0000,2549.0000,0.0000,0.0000,0.0000,0.0000,273,0,0,0,0,58,0,0,0,0
zc,WS301,2012-06-25 09:02:13.443,2548.0000,449520,-2,0.0000,124.0000,61,63,多平,S,2548.0000,0.0000,0.0000,0.0000,0.0000,2549.0000,0.0000,0.0000,0.0000,0.0000,238,0,0,0,0,56,0,0,0,0
zc,WS301,2012-06-25 09:02:13.927,2549.0000,449558,38,0.0000,38.0000,38,0,双开,B,2548.0000,0.0000,0.0000,0.0000,0.0000,2549.0000,0.0000,0.0000,0.0000,0.0000,238,0,0,0,0,52,0,0,0,0
zc,WS301,2012-06-25 09:02:14.693,2548.0000,449558,0,0.0000,2.0000,1,1,空换,S,2548.0000,0.0000,0.0000,0.0000,0.0000,2549.0000,0.0000,0.0000,0.0000,0.0000,256,0,0,0,0,148,0,0,0,0
zc,WS301,2012-06-25 09:02:15.427,2548.0000,449558,0,0.0000,2.0000,1,1,空换,S,2548.0000,0.0000,0.0000,0.0000,0.0000,2549.0000,0.0000,0.0000,0.0000,0.0000,255,0,0,0,0,172,0,0,0,0
zc,WS301,2012-06-25 09:02:15.897,2548.0000,449558,0,0.0000,12.0000,6,6,空换,S,2548.0000,0.0000,0.0000,0.0000,0.0000,2549.0000,0.0000,0.0000,0.0000,0.0000,249,0,0,0,0,177,0,0,0,0
zc,WS301,2012-06-25 09:02:16.677,2548.0000,449560,2,0.0000,58.0000,30,28,空开,S,2548.0000,0.0000,0.0000,0.0000,0.0000,2549.0000,0.0000,0.0000,0.0000,0.0000,222,0,0,0,0,176,0,0,0,0
zc,WS301,2012-06-25 09:02:17.130,2548.0000,449560,0,0.0000,2.0000,1,1,空换,S,2548.0000,0.0000,0.0000,0.0000,0.0000,2549.0000,0.0000,0.0000,0.0000,0.0000,225,0,0,0,0,229,0,0,0,0
zc,WS301,2012-06-25 09:02:17.897,2548.0000,449616,56,0.0000,442.0000,249,193,空开,S,2548.0000,0.0000,0.0000,0.0000,0.0000,2549.0000,0.0000,0.0000,0.0000,0.0000,210,0,0,0,0,17,0,0,0,0
zc,WS301,2012-06-25 09:02:18.380,2548.0000,449616,0,0.0000,0.0000,0,0,空换,S,2548.0000,0.0000,0.0000,0.0000,0.0000,2549.0000,0.0000,0.0000,0.0000,0.0000,209,0,0,0,0,23,0,0,0,0
zc,WS301,2012-06-25 09:02:19.163,2548.0000,449624,8,0.0000,34.0000,21,13,空开,S,2548.0000,0.0000,0.0000,0.0000,0.0000,2549.0000,0.0000,0.0000,0.0000,0.0000,199,0,0,0,0,22,0,0,0,0
zc,WS301,2012-06-25 09:02:19.693,2549.0000,449626,2,0.0000,14.0000,8,6,多开,B,2548.0000,0.0000,0.0000,0.0000,0.0000,2549.0000,0.0000,0.0000,0.0000,0.0000,196,0,0,0,0,21,0,0,0,0
zc,WS301,2012-06-25 09:02:20.397,2549.0000,449652,26,0.0000,54.0000,40,14,多开,B,2549.0000,0.0000,0.0000,0.0000,0.0000,2550.0000,0.0000,0.0000,0.0000,0.0000,41,0,0,0,0,587,0,0,0,0
zc,WS301,2012-06-25 09:02:20.927,2550.0000,449654,2,0.0000,4.0000,3,1,多开,B,2549.0000,0.0000,0.0000,0.0000,0.0000,2550.0000,0.0000,0.0000,0.0000,0.0000,40,0,0,0,0,586,0,0,0,0
zc,WS301,2012-06-25 09:02:21.663,2549.0000,449654,0,0.0000,4.0000,2,2,空换,S,2549.0000,0.0000,0.0000,0.0000,0.0000,2550.0000,0.0000,0.0000,0.0000,0.0000,38,0,0,0,0,592,0,0,0,0
zc,WS301,2012-06-25 09:02:22.413,2549.0000,449656,2,0.0000,6.0000,4,2,空开,S,2549.0000,0.0000,0.0000,0.0000,0.0000,2550.0000,0.0000,0.0000,0.0000,0.0000,41,0,0,0,0,592,0,0,0,0
zc,WS301,2012-06-25 09:02:23.210,2549.0000,449676,20,0.0000,24.0000,22,2,空开,S,2549.0000,0.0000,0.0000,0.0000,0.0000,2550.0000,0.0000,0.0000,0.0000,0.0000,29,0,0,0,0,594,0,0,0,0
zc,WS301,2012-06-25 09:02:23.663,2549.0000,449676,0,0.0000,0.0000,0,0,空换,S,2549.0000,0.0000,0.0000,0.0000,0.0000,2550.0000,0.0000,0.0000,0.0000,0.0000,29,0,0,0,0,595,0,0,0,0
zc,WS301,2012-06-25 09:02:24.413,2549.0000,449676,0,0.0000,0.0000,0,0,空换,S,2549.0000,0.0000,0.0000,0.0000,0.0000,2550.0000,0.0000,0.0000,0.0000,0.0000,29,0,0,0,0,592,0,0,0,0
zc,WS301,2012-06-25 09:02:24.880,2549.0000,449676,0,0.0000,2.0000,1,1,空换,S,2549.0000,0.0000,0.0000,0.0000,0.0000,2550.0000,0.0000,0.0000,0.0000,0.0000,27,0,0,0,0,593,0,0,0,0
zc,WS301,2012-06-25 09:02:25.397,2549.0000,449676,0,0.0000,54.0000,27,27,空换,S,2548.0000,0.0000,0.0000,0.0000,0.0000,2549.0000,0.0000,0.0000,0.0000,0.0000,227,0,0,0,0,252,0,0,0,0
zc,WS301,2012-06-25 09:02:25.927,2549.0000,449676,0,0.0000,10.0000,5,5,空换,S,2548.0000,0.0000,0.0000,0.0000,0.0000,2549.0000,0.0000,0.0000,0.0000,0.0000,226,0,0,0,0,248,0,0,0,0
zc,WS301,2012-06-25 09:02:26.677,2549.0000,449676,0,0.0000,22.0000,11,11,空换,S,2548.0000,0.0000,0.0000,0.0000,0.0000,2549.0000,0.0000,0.0000,0.0000,0.0000,231,0,0,0,0,239,0,0,0,0
zc,WS301,2012-06-25 09:02:27.163,2549.0000,449676,0,0.0000,0.0000,0,0,空换,S,2548.0000,0.0000,0.0000,0.0000,0.0000,2549.0000,0.0000,0.0000,0.0000,0.0000,231,0,0,0,0,242,0,0,0,0
zc,WS301,2012-06-25 09:02:27.913,2548.0000,449678,2,0.0000,2.0000,2,0,双开,S,2548.0000,0.0000,0.0000,0.0000,0.0000,2549.0000,0.0000,0.0000,0.0000,0.0000,228,0,0,0,0,242,0,0,0,0
zc,WS301,2012-06-25 09:02:28.413,2548.0000,449678,0,0.0000,2.0000,1,1,空换,S,2548.0000,0.0000,0.0000,0.0000,0.0000,2549.0000,0.0000,0.0000,0.0000,0.0000,227,0,0,0,0,248,0,0,0,0
zc,WS301,2012-06-25 09:02:29.163,2549.0000,449670,-8,0.0000,12.0000,2,10,空平,B,2548.0000,0.0000,0.0000,0.0000,0.0000,2549.0000,0.0000,0.0000,0.0000,0.0000,227,0,0,0,0,242,0,0,0,0
zc,WS301,2012-06-25 09:02:29.663,2549.0000,449670,0,0.0000,22.0000,11,11,多换,B,2548.0000,0.0000,0.0000,0.0000,0.0000,2549.0000,0.0000,0.0000,0.0000,0.0000,222,0,0,0,0,234,0,0,0,0
zc,WS301,2012-06-25 09:02:30.413,2549.0000,449670,0,0.0000,2.0000,1,1,多换,B,2548.0000,0.0000,0.0000,0.0000,0.0000,2549.0000,0.0000,0.0000,0.0000,0.0000,222,0,0,0,0,233,0,0,0,0
zc,WS301,2012-06-25 09:02:31.177,2548.0000,449670,0,0.0000,4.0000,2,2,空换,S,2548.0000,0.0000,0.0000,0.0000,0.0000,2549.0000,0.0000,0.0000,0.0000,0.0000,221,0,0,0,0,239,0,0,0,0
zc,WS301,2012-06-25 09:02:31.663,2549.0000,449670,0,0.0000,34.0000,17,17,多换,B,2548.0000,0.0000,0.0000,0.0000,0.0000,2549.0000,0.0000,0.0000,0.0000,0.0000,233,0,0,0,0,229,0,0,0,0
zc,WS301,2012-06-25 09:02:32.427,2548.0000,449670,0,0.0000,44.0000,22,22,空换,S,2548.0000,0.0000,0.0000,0.0000,0.0000,2549.0000,0.0000,0.0000,0.0000,0.0000,233,0,0,0,0,208,0,0,0,0
zc,WS301,2012-06-25 09:02:32.663,2548.0000,449670,0,0.0000,12.0000,6,6,空换,S,2548.0000,0.0000,0.0000,0.0000,0.0000,2549.0000,0.0000,0.0000,0.0000,0.0000,218,0,0,0,0,211,0,0,0,0
zc,WS301,2012-06-25 09:02:33.380,2548.0000,449670,0,0.0000,100.0000,50,50,空换,S,2548.0000,0.0000,0.0000,0.0000,0.0000,2549.0000,0.0000,0.0000,0.0000,0.0000,170,0,0,0,0,213,0,0,0,0
zc,WS301,2012-06-25 09:02:33.867,2549.0000,449670,0,0.0000,20.0000,10,10,多换,B,2548.0000,0.0000,0.0000,0.0000,0.0000,2549.0000,0.0000,0.0000,0.0000,0.0000,170,0,0,0,0,203,0,0,0,0
zc,WS301,2012-06-25 09:02:34.677,2549.0000,449670,0,0.0000,120.0000,60,60,多换,B,2548.0000,0.0000,0.0000,0.0000,0.0000,2549.0000,0.0000,0.0000,0.0000,0.0000,140,0,0,0,0,173,0,0,0,0
zc,WS301,2012-06-25 09:02:35.100,2548.0000,449670,0,0.0000,4.0000,2,2,空换,S,2548.0000,0.0000,0.0000,0.0000,0.0000,2549.0000,0.0000,0.0000,0.0000,0.0000,138,0,0,0,0,173,0,0,0,0
zc,WS301,2012-06-25 09:02:35.943,2548.0000,449670,0,0.0000,72.0000,36,36,空换,S,2548.0000,0.0000,0.0000,0.0000,0.0000,2549.0000,0.0000,0.0000,0.0000,0.0000,125,0,0,0,0,150,0,0,0,0
zc,WS301,2012-06-25 09:02:36.443,2548.0000,449670,0,0.0000,4.0000,2,2,空换,S,2548.0000,0.0000,0.0000,0.0000,0.0000,2549.0000,0.0000,0.0000,0.0000,0.0000,153,0,0,0,0,150,0,0,0,0
zc,WS301,2012-06-25 09:02:37.177,2548.0000,449662,-8,0.0000,90.0000,41,49,多平,S,2548.0000,0.0000,0.0000,0.0000,0.0000,2549.0000,0.0000,0.0000,0.0000,0.0000,112,0,0,0,0,150,0,0,0,0
zc,WS301,2012-06-25 09:02:37.723,2548.0000,449694,32,0.0000,82.0000,57,25,空开,S,2548.0000,0.0000,0.0000,0.0000,0.0000,2549.0000,0.0000,0.0000,0.0000,0.0000,84,0,0,0,0,140,0,0,0,0
zc,WS301,2012-06-25 09:02:38.647,2548.0000,449734,40,0.0000,46.0000,43,3,空开,S,2548.0000,0.0000,0.0000,0.0000,0.0000,2549.0000,0.0000,0.0000,0.0000,0.0000,62,0,0,0,0,141,0,0,0,0
zc,WS301,2012-06-25 09:02:39.147,2549.0000,449750,16,0.0000,20.0000,18,2,多开,B,2548.0000,0.0000,0.0000,0.0000,0.0000,2549.0000,0.0000,0.0000,0.0000,0.0000,56,0,0,0,0,139,0,0,0,0
zc,WS301,2012-06-25 09:02:39.927,2549.0000,449756,6,0.0000,20.0000,13,7,多开,B,2548.0000,0.0000,0.0000,0.0000,0.0000,2549.0000,0.0000,0.0000,0.0000,0.0000,47,0,0,0,0,137,0,0,0,0
zc,WS301,2012-06-25 09:02:40.413,2548.0000,449756,0,0.0000,6.0000,3,3,空换,S,2548.0000,0.0000,0.0000,0.0000,0.0000,2549.0000,0.0000,0.0000,0.0000,0.0000,50,0,0,0,0,139,0,0,0,0
zc,WS301,2012-06-25 09:02:41.193,2548.0000,449796,40,0.0000,44.0000,42,2,空开,S,2548.0000,0.0000,0.0000,0.0000,0.0000,2549.0000,0.0000,0.0000,0.0000,0.0000,29,0,0,0,0,139,0,0,0,0
zc,WS301,2012-06-25 09:02:41.630,2549.0000,449796,0,0.0000,10.0000,5,5,多换,B,2548.0000,0.0000,0.0000,0.0000,0.0000,2549.0000,0.0000,0.0000,0.0000,0.0000,31,0,0,0,0,138,0,0,0,0
zc,WS301,2012-06-25 09:02:42.443,2548.0000,449784,-12,0.0000,108.0000,48,60,多平,S,2547.0000,0.0000,0.0000,0.0000,0.0000,2548.0000,0.0000,0.0000,0.0000,0.0000,173,0,0,0,0,257,0,0,0,0
zc,WS301,2012-06-25 09:02:42.960,2548.0000,449784,0,0.0000,0.0000,0,0,空换,S,2547.0000,0.0000,0.0000,0.0000,0.0000,2548.0000,0.0000,0.0000,0.0000,0.0000,175,0,0,0,0,259,0,0,0,0
zc,WS301,2012-06-25 09:02:43.677,2548.0000,449776,-8,0.0000,12.0000,2,10,多平,S,2547.0000,0.0000,0.0000,0.0000,0.0000,2548.0000,0.0000,0.0000,0.0000,0.0000,177,0,0,0,0,255,0,0,0,0
zc,WS301,2012-06-25 09:02:44.163,2547.0000,449774,-2,0.0000,6.0000,2,4,多平,S,2547.0000,0.0000,0.0000,0.0000,0.0000,2548.0000,0.0000,0.0000,0.0000,0.0000,177,0,0,0,0,253,0,0,0,0
zc,WS301,2012-06-25 09:02:44.927,2548.0000,449774,0,0.0000,2.0000,1,1,多换,B,2547.0000,0.0000,0.0000,0.0000,0.0000,2548.0000,0.0000,0.0000,0.0000,0.0000,178,0,0,0,0,252,0,0,0,0
zc,WS301,2012-06-25 09:02:45.460,2548.0000,449774,0,0.0000,4.0000,2,2,多换,B,2547.0000,0.0000,0.0000,0.0000,0.0000,2548.0000,0.0000,0.0000,0.0000,0.0000,178,0,0,0,0,250,0,0,0,0
zc,WS301,2012-06-25 09:02:45.927,2547.0000,449774,0,0.0000,4.0000,2,2,空换,S,2547.0000,0.0000,0.0000,0.0000,0.0000,2548.0000,0.0000,0.0000,0.0000,0.0000,199,0,0,0,0,249,0,0,0,0
zc,WS301,2012-06-25 09:02:46.630,2547.0000,449766,-8,0.0000,12.0000,2,10,多平,S,2547.0000,0.0000,0.0000,0.0000,0.0000,2548.0000,0.0000,0.0000,0.0000,0.0000,195,0,0,0,0,247,0,0,0,0
zc,WS301,2012-06-25 09:02:47.147,2547.0000,449766,0,0.0000,0.0000,0,0,空换,S,2547.0000,0.0000,0.0000,0.0000,0.0000,2548.0000,0.0000,0.0000,0.0000,0.0000,193,0,0,0,0,269,0,0,0,0
zc,WS301,2012-06-25 09:02:47.943,2547.0000,449736,-30,0.0000,42.0000,6,36,多平,S,2547.0000,0.0000,0.0000,0.0000,0.0000,2548.0000,0.0000,0.0000,0.0000,0.0000,179,0,0,0,0,269,0,0,0,0
zc,WS301,2012-06-25 09:02:48.443,2548.0000,449734,-2,0.0000,8.0000,3,5,空平,B,2547.0000,0.0000,0.0000,0.0000,0.0000,2548.0000,0.0000,0.0000,0.0000,0.0000,183,0,0,0,0,267,0,0,0,0
zc,WS301,2012-06-25 09:02:49.193,2548.0000,449734,0,0.0000,38.0000,19,19,多换,B,2547.0000,0.0000,0.0000,0.0000,0.0000,2548.0000,0.0000,0.0000,0.0000,0.0000,184,0,0,0,0,247,0,0,0,0
zc,WS301,2012-06-25 09:02:49.663,2548.0000,449734,0,0.0000,4.0000,2,2,多换,B,2547.0000,0.0000,0.0000,0.0000,0.0000,2548.0000,0.0000,0.0000,0.0000,0.0000,183,0,0,0,0,247,0,0,0,0
zc,WS301,2012-06-25 09:02:50.427,2548.0000,449734,0,0.0000,2.0000,1,1,多换,B,2547.0000,0.0000,0.0000,0.0000,0.0000,2548.0000,0.0000,0.0000,0.0000,0.0000,181,0,0,0,0,258,0,0,0,0
zc,WS301,2012-06-25 09:02:50.897,2547.0000,449734,0,0.0000,66.0000,33,33,空换,S,2547.0000,0.0000,0.0000,0.0000,0.0000,2548.0000,0.0000,0.0000,0.0000,0.0000,160,0,0,0,0,261,0,0,0,0
zc,WS301,2012-06-25 09:02:51.647,2548.0000,449706,-28,0.0000,126.0000,49,77,空平,B,2547.0000,0.0000,0.0000,0.0000,0.0000,2548.0000,0.0000,0.0000,0.0000,0.0000,110,0,0,0,0,248,0,0,0,0
zc,WS301,2012-06-25 09:02:52.210,2548.0000,449706,0,0.0000,8.0000,4,4,多换,B,2547.0000,0.0000,0.0000,0.0000,0.0000,2548.0000,0.0000,0.0000,0.0000,0.0000,110,0,0,0,0,244,0,0,0,0
zc,WS301,2012-06-25 09:02:52.927,2547.0000,449706,0,0.0000,8.0000,4,4,空换,S,2547.0000,0.0000,0.0000,0.0000,0.0000,2548.0000,0.0000,0.0000,0.0000,0.0000,105,0,0,0,0,345,0,0,0,0
zc,WS301,2012-06-25 09:02:53.663,2548.0000,449706,0,0.0000,2.0000,1,1,多换,B,2547.0000,0.0000,0.0000,0.0000,0.0000,2548.0000,0.0000,0.0000,0.0000,0.0000,105,0,0,0,0,344,0,0,0,0
zc,WS301,2012-06-25 09:02:54.460,2547.0000,449788,82,0.0000,106.0000,94,12,空开,S,2547.0000,0.0000,0.0000,0.0000,0.0000,2548.0000,0.0000,0.0000,0.0000,0.0000,53,0,0,0,0,344,0,0,0,0
zc,WS301,2012-06-25 09:02:54.647,2548.0000,449782,-6,0.0000,6.0000,0,6,双平,B,2547.0000,0.0000,0.0000,0.0000,0.0000,2548.0000,0.0000,0.0000,0.0000,0.0000,53,0,0,0,0,341,0,0,0,0
zc,WS301,2012-06-25 09:02:55.693,2547.0000,449796,14,0.0000,106.0000,60,46,空开,S,2546.0000,0.0000,0.0000,0.0000,0.0000,2547.0000,0.0000,0.0000,0.0000,0.0000,174,0,0,0,0,63,0,0,0,0
zc,WS301,2012-06-25 09:02:56.193,2547.0000,449796,0,0.0000,0.0000,0,0,空换,S,2546.0000,0.0000,0.0000,0.0000,0.0000,2547.0000,0.0000,0.0000,0.0000,0.0000,176,0,0,0,0,74,0,0,0,0
zc,WS301,2012-06-25 09:02:56.677,2547.0000,449802,6,0.0000,6.0000,6,0,双开,S,2546.0000,0.0000,0.0000,0.0000,0.0000,2547.0000,0.0000,0.0000,0.0000,0.0000,177,0,0,0,0,74,0,0,0,0
zc,WS301,2012-06-25 09:02:57.397,2547.0000,449824,22,0.0000,22.0000,22,0,双开,S,2546.0000,0.0000,0.0000,0.0000,0.0000,2547.0000,0.0000,0.0000,0.0000,0.0000,178,0,0,0,0,93,0,0,0,0
zc,WS301,2012-06-25 09:02:57.913,2547.0000,449824,0,0.0000,0.0000,0,0,空换,S,2546.0000,0.0000,0.0000,0.0000,0.0000,2547.0000,0.0000,0.0000,0.0000,0.0000,178,0,0,0,0,123,0,0,0,0
zc,WS301,2012-06-25 09:02:58.677,2546.0000,449828,4,0.0000,54.0000,29,25,空开,S,2546.0000,0.0000,0.0000,0.0000,0.0000,2547.0000,0.0000,0.0000,0.0000,0.0000,153,0,0,0,0,122,0,0,0,0
zc,WS301,2012-06-25 09:02:59.177,2546.0000,449830,2,0.0000,2.0000,2,0,双开,S,2546.0000,0.0000,0.0000,0.0000,0.0000,2547.0000,0.0000,0.0000,0.0000,0.0000,157,0,0,0,0,138,0,0,0,0
zc,WS301,2012-06-25 09:02:59.880,2547.0000,449842,12,0.0000,12.0000,12,0,双开,B,2546.0000,0.0000,0.0000,0.0000,0.0000,2547.0000,0.0000,0.0000,0.0000,0.0000,157,0,0,0,0,137,0,0,0,0
zc,WS301,2012-06-25 09:03:00.413,2546.0000,449842,0,0.0000,12.0000,6,6,空换,S,2546.0000,0.0000,0.0000,0.0000,0.0000,2547.0000,0.0000,0.0000,0.0000,0.0000,151,0,0,0,0,141,0,0,0,0
zc,WS301,2012-06-25 09:03:01.177,2547.0000,449862,20,0.0000,20.0000,20,0,双开,B,2546.0000,0.0000,0.0000,0.0000,0.0000,2547.0000,0.0000,0.0000,0.0000,0.0000,149,0,0,0,0,131,0,0,0,0
zc,WS301,2012-06-25 09:03:01.710,2546.0000,449866,4,0.0000,10.0000,7,3,空开,S,2546.0000,0.0000,0.0000,0.0000,0.0000,2547.0000,0.0000,0.0000,0.0000,0.0000,146,0,0,0,0,131,0,0,0,0
zc,WS301,2012-06-25 09:03:02.427,2546.0000,449866,0,0.0000,0.0000,0,0,空换,S,2546.0000,0.0000,0.0000,0.0000,0.0000,2547.0000,0.0000,0.0000,0.0000,0.0000,146,0,0,0,0,126,0,0,0,0
zc,WS301,2012-06-25 09:03:03.177,2546.0000,449866,0,0.0000,28.0000,14,14,空换,S,2546.0000,0.0000,0.0000,0.0000,0.0000,2547.0000,0.0000,0.0000,0.0000,0.0000,134,0,0,0,0,126,0,0,0,0
zc,WS301,2012-06-25 09:03:03.913,2547.0000,449868,2,0.0000,10.0000,6,4,多开,B,2546.0000,0.0000,0.0000,0.0000,0.0000,2547.0000,0.0000,0.0000,0.0000,0.0000,133,0,0,0,0,122,0,0,0,0
zc,WS301,2012-06-25 09:03:04.413,2546.0000,449870,2,0.0000,14.0000,8,6,空开,S,2546.0000,0.0000,0.0000,0.0000,0.0000,2547.0000,0.0000,0.0000,0.0000,0.0000,131,0,0,0,0,120,0,0,0,0
zc,WS301,2012-06-25 09:03:05.193,2547.0000,449894,24,0.0000,46.0000,35,11,多开,B,2546.0000,0.0000,0.0000,0.0000,0.0000,2547.0000,0.0000,0.0000,0.0000,0.0000,127,0,0,0,0,107,0,0,0,0
zc,WS301,2012-06-25 09:03:05.647,2547.0000,449916,22,0.0000,22.0000,22,0,双开,B,2546.0000,0.0000,0.0000,0.0000,0.0000,2547.0000,0.0000,0.0000,0.0000,0.0000,121,0,0,0,0,106,0,0,0,0
zc,WS301,2012-06-25 09:03:06.147,2546.0000,449916,0,0.0000,16.0000,8,8,空换,S,2546.0000,0.0000,0.0000,0.0000,0.0000,2547.0000,0.0000,0.0000,0.0000,0.0000,120,0,0,0,0,106,0,0,0,0
zc,WS301,2012-06-25 09:03:06.927,2546.0000,449918,2,0.0000,40.0000,21,19,空开,S,2546.0000,0.0000,0.0000,0.0000,0.0000,2547.0000,0.0000,0.0000,0.0000,0.0000,102,0,0,0,0,106,0,0,0,0
zc,WS301,2012-06-25 09:03:07.460,2547.0000,449918,0,0.0000,8.0000,4,4,多换,B,2546.0000,0.0000,0.0000,0.0000,0.0000,2547.0000,0.0000,0.0000,0.0000,0.0000,101,0,0,0,0,104,0,0,0,0
zc,WS301,2012-06-25 09:03:07.880,2547.0000,449926,8,0.0000,12.0000,10,2,多开,B,2546.0000,0.0000,0.0000,0.0000,0.0000,2547.0000,0.0000,0.0000,0.0000,0.0000,150,0,0,0,0,99,0,0,0,0
zc,WS301,2012-06-25 09:03:08.647,2546.0000,449926,0,0.0000,4.0000,2,2,空换,S,2546.0000,0.0000,0.0000,0.0000,0.0000,2547.0000,0.0000,0.0000,0.0000,0.0000,144,0,0,0,0,108,0,0,0,0
zc,WS301,2012-06-25 09:03:09.210,2547.0000,449760,-166,0.0000,220.0000,27,193,空平,B,2547.0000,0.0000,0.0000,0.0000,0.0000,2548.0000,0.0000,0.0000,0.0000,0.0000,42,0,0,0,0,204,0,0,0,0
zc,WS301,2012-06-25 09:03:09.677,2547.0000,449760,0,0.0000,0.0000,0,0,多换,B,2547.0000,0.0000,0.0000,0.0000,0.0000,2548.0000,0.0000,0.0000,0.0000,0.0000,44,0,0,0,0,204,0,0,0,0
zc,WS301,2012-06-25 09:03:10.413,2547.0000,449756,-4,0.0000,4.0000,0,4,双平,B,2547.0000,0.0000,0.0000,0.0000,0.0000,2548.0000,0.0000,0.0000,0.0000,0.0000,96,0,0,0,0,204,0,0,0,0
zc,WS301,2012-06-25 09:03:10.897,2547.0000,449716,-40,0.0000,42.0000,1,41,空平,B,2547.0000,0.0000,0.0000,0.0000,0.0000,2548.0000,0.0000,0.0000,0.0000,0.0000,83,0,0,0,0,203,0,0,0,0
zc,WS301,2012-06-25 09:03:11.677,2548.0000,449710,-6,0.0000,6.0000,0,6,双平,B,2547.0000,0.0000,0.0000,0.0000,0.0000,2548.0000,0.0000,0.0000,0.0000,0.0000,38,0,0,0,0,206,0,0,0,0
zc,WS301,2012-06-25 09:03:12.397,2547.0000,449696,-14,0.0000,20.0000,3,17,多平,S,2547.0000,0.0000,0.0000,0.0000,0.0000,2548.0000,0.0000,0.0000,0.0000,0.0000,48,0,0,0,0,206,0,0,0,0
zc,WS301,2012-06-25 09:03:12.913,2548.0000,449704,8,0.0000,16.0000,12,4,多开,B,2547.0000,0.0000,0.0000,0.0000,0.0000,2548.0000,0.0000,0.0000,0.0000,0.0000,51,0,0,0,0,199,0,0,0,0
zc,WS301,2012-06-25 09:03:14.130,2548.0000,449704,0,0.0000,2.0000,1,1,多换,B,2547.0000,0.0000,0.0000,0.0000,0.0000,2548.0000,0.0000,0.0000,0.0000,0.0000,70,0,0,0,0,198,0,0,0,0
zc,WS301,2012-06-25 09:03:14.647,2547.0000,449670,-34,0.0000,170.0000,68,102,多平,S,2546.0000,0.0000,0.0000,0.0000,0.0000,2547.0000,0.0000,0.0000,0.0000,0.0000,220,0,0,0,0,15,0,0,0,0
zc,WS301,2012-06-25 09:03:15.380,2546.0000,449294,-376,0.0000,438.0000,31,407,多平,S,2546.0000,0.0000,0.0000,0.0000,0.0000,2548.0000,0.0000,0.0000,0.0000,0.0000,293,0,0,0,0,193,0,0,0,0
zc,WS301,2012-06-25 09:03:15.973,2547.0000,449296,2,0.0000,16.0000,9,7,多开,B,2546.0000,0.0000,0.0000,0.0000,0.0000,2547.0000,0.0000,0.0000,0.0000,0.0000,294,0,0,0,0,14,0,0,0,0
zc,WS301,2012-06-25 09:03:16.630,2547.0000,449294,-2,0.0000,6.0000,2,4,空平,B,2546.0000,0.0000,0.0000,0.0000,0.0000,2547.0000,0.0000,0.0000,0.0000,0.0000,299,0,0,0,0,12,0,0,0,0
zc,WS301,2012-06-25 09:03:17.163,2547.0000,449270,-24,0.0000,24.0000,0,24,双平,B,2547.0000,0.0000,0.0000,0.0000,0.0000,2548.0000,0.0000,0.0000,0.0000,0.0000,141,0,0,0,0,195,0,0,0,0
zc,WS301,2012-06-25 09:03:17.913,2548.0000,449264,-6,0.0000,10.0000,2,8,空平,B,2547.0000,0.0000,0.0000,0.0000,0.0000,2548.0000,0.0000,0.0000,0.0000,0.0000,207,0,0,0,0,194,0,0,0,0
zc,WS301,2012-06-25 09:03:18.443,2548.0000,449266,2,0.0000,10.0000,6,4,多开,B,2547.0000,0.0000,0.0000,0.0000,0.0000,2548.0000,0.0000,0.0000,0.0000,0.0000,205,0,0,0,0,221,0,0,0,0
zc,WS301,2012-06-25 09:03:19.130,2547.0000,449040,-226,0.0000,228.0000,1,227,多平,S,2547.0000,0.0000,0.0000,0.0000,0.0000,2548.0000,0.0000,0.0000,0.0000,0.0000,97,0,0,0,0,221,0,0,0,0
zc,WS301,2012-06-25 09:03:19.647,2547.0000,449042,2,0.0000,8.0000,5,3,空开,S,2547.0000,0.0000,0.0000,0.0000,0.0000,2548.0000,0.0000,0.0000,0.0000,0.0000,99,0,0,0,0,219,0,0,0,0
zc,WS301,2012-06-25 09:03:20.130,2548.0000,449044,2,0.0000,2.0000,2,0,双开,B,2547.0000,0.0000,0.0000,0.0000,0.0000,2548.0000,0.0000,0.0000,0.0000,0.0000,101,0,0,0,0,218,0,0,0,0
zc,WS301,2012-06-25 09:03:20.927,2548.0000,449042,-2,0.0000,20.0000,9,11,空平,B,2547.0000,0.0000,0.0000,0.0000,0.0000,2548.0000,0.0000,0.0000,0.0000,0.0000,98,0,0,0,0,214,0,0,0,0
zc,WS301,2012-06-25 09:03:21.427,2548.0000,449016,-26,0.0000,220.0000,97,123,空平,B,2546.0000,0.0000,0.0000,0.0000,0.0000,2548.0000,0.0000,0.0000,0.0000,0.0000,231,0,0,0,0,204,0,0,0,0
zc,WS301,2012-06-25 09:03:22.193,2548.0000,449022,6,0.0000,74.0000,40,34,多开,B,2546.0000,0.0000,0.0000,0.0000,0.0000,2548.0000,0.0000,0.0000,0.0000,0.0000,212,0,0,0,0,197,0,0,0,0
zc,WS301,2012-06-25 09:03:22.973,2546.0000,449048,26,0.0000,52.0000,39,13,空开,S,2546.0000,0.0000,0.0000,0.0000,0.0000,2548.0000,0.0000,0.0000,0.0000,0.0000,204,0,0,0,0,183,0,0,0,0
zc,WS301,2012-06-25 09:03:23.413,2548.0000,449060,12,0.0000,12.0000,12,0,双开,B,2546.0000,0.0000,0.0000,0.0000,0.0000,2548.0000,0.0000,0.0000,0.0000,0.0000,204,0,0,0,0,177,0,0,0,0
zc,WS301,2012-06-25 09:03:24.210,2548.0000,449078,18,0.0000,24.0000,21,3,多开,B,2547.0000,0.0000,0.0000,0.0000,0.0000,2548.0000,0.0000,0.0000,0.0000,0.0000,5,0,0,0,0,170,0,0,0,0
zc,WS301,2012-06-25 09:03:24.647,2548.0000,449082,4,0.0000,4.0000,4,0,双开,B,2547.0000,0.0000,0.0000,0.0000,0.0000,2548.0000,0.0000,0.0000,0.0000,0.0000,5,0,0,0,0,168,0,0,0,0
zc,WS301,2012-06-25 09:03:25.147,2547.0000,449082,0,0.0000,4.0000,2,2,空换,S,2547.0000,0.0000,0.0000,0.0000,0.0000,2548.0000,0.0000,0.0000,0.0000,0.0000,6,0,0,0,0,168,0,0,0,0
zc,WS301,2012-06-25 09:03:25.880,2547.0000,449088,6,0.0000,10.0000,8,2,空开,S,2547.0000,0.0000,0.0000,0.0000,0.0000,2548.0000,0.0000,0.0000,0.0000,0.0000,1,0,0,0,0,168,0,0,0,0
zc,WS301,2012-06-25 09:03:26.413,2546.0000,449086,-2,0.0000,40.0000,19,21,多平,S,2546.0000,0.0000,0.0000,0.0000,0.0000,2548.0000,0.0000,0.0000,0.0000,0.0000,208,0,0,0,0,168,0,0,0,0
zc,WS301,2012-06-25 09:03:27.490,2546.0000,449066,-20,0.0000,72.0000,26,46,多平,S,2547.0000,0.0000,0.0000,0.0000,0.0000,2548.0000,0.0000,0.0000,0.0000,0.0000,3,0,0,0,0,171,0,0,0,0
zc,WS301,2012-06-25 09:03:28.193,2548.0000,449072,6,0.0000,6.0000,6,0,双开,B,2547.0000,0.0000,0.0000,0.0000,0.0000,2548.0000,0.0000,0.0000,0.0000,0.0000,5,0,0,0,0,668,0,0,0,0
zc,WS301,2012-06-25 09:03:28.663,2547.0000,449084,12,0.0000,18.0000,15,3,空开,S,2546.0000,0.0000,0.0000,0.0000,0.0000,2547.0000,0.0000,0.0000,0.0000,0.0000,180,0,0,0,0,211,0,0,0,0
zc,WS301,2012-06-25 09:03:29.427,2547.0000,449140,56,0.0000,56.0000,56,0,双开,S,2546.0000,0.0000,0.0000,0.0000,0.0000,2547.0000,0.0000,0.0000,0.0000,0.0000,181,0,0,0,0,212,0,0,0,0
zc,WS301,2012-06-25 09:03:30.130,2546.0000,449122,-18,0.0000,22.0000,2,20,多平,S,2546.0000,0.0000,0.0000,0.0000,0.0000,2547.0000,0.0000,0.0000,0.0000,0.0000,171,0,0,0,0,212,0,0,0,0
zc,WS301,2012-06-25 09:03:30.427,2546.0000,449122,0,0.0000,0.0000,0,0,空换,S,2546.0000,0.0000,0.0000,0.0000,0.0000,2547.0000,0.0000,0.0000,0.0000,0.0000,170,0,0,0,0,219,0,0,0,0
zc,WS301,2012-06-25 09:03:31.210,2547.0000,449158,36,0.0000,44.0000,40,4,多开,B,2546.0000,0.0000,0.0000,0.0000,0.0000,2547.0000,0.0000,0.0000,0.0000,0.0000,194,0,0,0,0,199,0,0,0,0
zc,WS301,2012-06-25 09:03:31.677,2547.0000,449158,0,0.0000,2.0000,1,1,多换,B,2546.0000,0.0000,0.0000,0.0000,0.0000,2547.0000,0.0000,0.0000,0.0000,0.0000,196,0,0,0,0,198,0,0,0,0
zc,WS301,2012-06-25 09:03:32.443,2547.0000,449182,24,0.0000,24.0000,24,0,双开,B,2546.0000,0.0000,0.0000,0.0000,0.0000,2547.0000,0.0000,0.0000,0.0000,0.0000,172,0,0,0,0,186,0,0,0,0
zc,WS301,2012-06-25 09:03:32.867,2546.0000,449178,-4,0.0000,4.0000,0,4,双平,S,2546.0000,0.0000,0.0000,0.0000,0.0000,2547.0000,0.0000,0.0000,0.0000,0.0000,170,0,0,0,0,186,0,0,0,0
zc,WS301,2012-06-25 09:03:33.677,2547.0000,449198,20,0.0000,24.0000,22,2,多开,B,2546.0000,0.0000,0.0000,0.0000,0.0000,2547.0000,0.0000,0.0000,0.0000,0.0000,169,0,0,0,0,175,0,0,0,0
zc,WS301,2012-06-25 09:03:34.163,2546.0000,449146,-52,0.0000,80.0000,14,66,多平,S,2546.0000,0.0000,0.0000,0.0000,0.0000,2547.0000,0.0000,0.0000,0.0000,0.0000,144,0,0,0,0,175,0,0,0,0
zc,WS301,2012-06-25 09:03:34.927,2546.0000,449146,0,0.0000,0.0000,0,0,空换,S,2546.0000,0.0000,0.0000,0.0000,0.0000,2547.0000,0.0000,0.0000,0.0000,0.0000,165,0,0,0,0,196,0,0,0,0
zc,WS301,2012-06-25 09:03:35.397,2547.0000,449150,4,0.0000,4.0000,4,0,双开,B,2546.0000,0.0000,0.0000,0.0000,0.0000,2547.0000,0.0000,0.0000,0.0000,0.0000,165,0,0,0,0,194,0,0,0,0
zc,WS301,2012-06-25 09:03:36.147,2546.0000,449142,-8,0.0000,70.0000,31,39,多平,S,2546.0000,0.0000,0.0000,0.0000,0.0000,2547.0000,0.0000,0.0000,0.0000,0.0000,140,0,0,0,0,189,0,0,0,0
zc,WS301,2012-06-25 09:03:36.663,2546.0000,449142,0,0.0000,0.0000,0,0,空换,S,2546.0000,0.0000,0.0000,0.0000,0.0000,2547.0000,0.0000,0.0000,0.0000,0.0000,139,0,0,0,0,189,0,0,0,0
zc,WS301,2012-06-25 09:03:37.380,2546.0000,449278,136,0.0000,248.0000,192,56,空开,S,2546.0000,0.0000,0.0000,0.0000,0.0000,2547.0000,0.0000,0.0000,0.0000,0.0000,26,0,0,0,0,178,0,0,0,0
zc,WS301,2012-06-25 09:03:37.880,2546.0000,449280,2,0.0000,78.0000,40,38,空开,S,2545.0000,0.0000,0.0000,0.0000,0.0000,2546.0000,0.0000,0.0000,0.0000,0.0000,273,0,0,0,0,43,0,0,0,0
zc,WS301,2012-06-25 09:03:38.630,2546.0000,449280,0,0.0000,14.0000,7,7,空换,S,2545.0000,0.0000,0.0000,0.0000,0.0000,2546.0000,0.0000,0.0000,0.0000,0.0000,271,0,0,0,0,36,0,0,0,0
zc,WS301,2012-06-25 09:03:39.100,2545.0000,449278,-2,0.0000,6.0000,2,4,多平,S,2545.0000,0.0000,0.0000,0.0000,0.0000,2546.0000,0.0000,0.0000,0.0000,0.0000,274,0,0,0,0,234,0,0,0,0
zc,WS301,2012-06-25 09:03:39.617,2546.0000,449278,0,0.0000,2.0000,1,1,多换,B,2545.0000,0.0000,0.0000,0.0000,0.0000,2546.0000,0.0000,0.0000,0.0000,0.0000,282,0,0,0,0,237,0,0,0,0
zc,WS301,2012-06-25 09:03:40.350,2546.0000,449278,0,0.0000,0.0000,0,0,多换,B,2545.0000,0.0000,0.0000,0.0000,0.0000,2546.0000,0.0000,0.0000,0.0000,0.0000,275,0,0,0,0,238,0,0,0,0
zc,WS301,2012-06-25 09:03:40.867,2546.0000,449616,338,0.0000,444.0000,391,53,多开,B,2545.0000,0.0000,0.0000,0.0000,0.0000,2546.0000,0.0000,0.0000,0.0000,0.0000,255,0,0,0,0,38,0,0,0,0
zc,WS301,2012-06-25 09:03:41.663,2546.0000,449616,0,0.0000,0.0000,0,0,多换,B,2545.0000,0.0000,0.0000,0.0000,0.0000,2546.0000,0.0000,0.0000,0.0000,0.0000,298,0,0,0,0,41,0,0,0,0
zc,WS301,2012-06-25 09:03:42.147,2545.0000,449634,18,0.0000,86.0000,52,34,空开,S,2545.0000,0.0000,0.0000,0.0000,0.0000,2546.0000,0.0000,0.0000,0.0000,0.0000,296,0,0,0,0,1,0,0,0,0
zc,WS301,2012-06-25 09:03:42.880,2546.0000,449638,4,0.0000,16.0000,10,6,多开,B,2546.0000,0.0000,0.0000,0.0000,0.0000,2547.0000,0.0000,0.0000,0.0000,0.0000,38,0,0,0,0,187,0,0,0,0
zc,WS301,2012-06-25 09:03:43.117,2546.0000,449638,0,0.0000,16.0000,8,8,多换,B,2546.0000,0.0000,0.0000,0.0000,0.0000,2547.0000,0.0000,0.0000,0.0000,0.0000,31,0,0,0,0,188,0,0,0,0
zc,WS301,2012-06-25 09:03:43.913,2546.0000,449464,-174,0.0000,282.0000,54,228,空平,B,2545.0000,0.0000,0.0000,0.0000,0.0000,2546.0000,0.0000,0.0000,0.0000,0.0000,184,0,0,0,0,11,0,0,0,0
zc,WS301,2012-06-25 09:03:44.630,2546.0000,449464,0,0.0000,4.0000,2,2,多换,B,2545.0000,0.0000,0.0000,0.0000,0.0000,2546.0000,0.0000,0.0000,0.0000,0.0000,185,0,0,0,0,9,0,0,0,0
zc,WS301,2012-06-25 09:03:45.163,2546.0000,449464,0,0.0000,0.0000,0,0,多换,B,2545.0000,0.0000,0.0000,0.0000,0.0000,2546.0000,0.0000,0.0000,0.0000,0.0000,186,0,0,0,0,37,0,0,0,0
zc,WS301,2012-06-25 09:03:45.897,2546.0000,449448,-16,0.0000,212.0000,98,114,空平,B,2545.0000,0.0000,0.0000,0.0000,0.0000,2546.0000,0.0000,0.0000,0.0000,0.0000,136,0,0,0,0,51,0,0,0,0
zc,WS301,2012-06-25 09:03:46.130,2545.0000,449462,14,0.0000,14.0000,14,0,双开,S,2545.0000,0.0000,0.0000,0.0000,0.0000,2546.0000,0.0000,0.0000,0.0000,0.0000,134,0,0,0,0,46,0,0,0,0
zc,WS301,2012-06-25 09:03:46.913,2546.0000,449436,-26,0.0000,116.0000,45,71,空平,B,2545.0000,0.0000,0.0000,0.0000,0.0000,2546.0000,0.0000,0.0000,0.0000,0.0000,88,0,0,0,0,35,0,0,0,0
zc,WS301,2012-06-25 09:03:47.380,2546.0000,449436,0,0.0000,56.0000,28,28,多换,B,2545.0000,0.0000,0.0000,0.0000,0.0000,2546.0000,0.0000,0.0000,0.0000,0.0000,173,0,0,0,0,8,0,0,0,0
zc,WS301,2012-06-25 09:03:48.130,2545.0000,449436,0,0.0000,2.0000,1,1,空换,S,2545.0000,0.0000,0.0000,0.0000,0.0000,2546.0000,0.0000,0.0000,0.0000,0.0000,172,0,0,0,0,29,0,0,0,0
zc,WS301,2012-06-25 09:03:48.663,2545.0000,449426,-10,0.0000,10.0000,0,10,双平,S,2545.0000,0.0000,0.0000,0.0000,0.0000,2546.0000,0.0000,0.0000,0.0000,0.0000,169,0,0,0,0,51,0,0,0,0
zc,WS301,2012-06-25 09:03:49.397,2546.0000,449404,-22,0.0000,104.0000,41,63,空平,B,2546.0000,0.0000,0.0000,0.0000,0.0000,2547.0000,0.0000,0.0000,0.0000,0.0000,69,0,0,0,0,180,0,0,0,0
zc,WS301,2012-06-25 09:03:49.880,2546.0000,449316,-88,0.0000,92.0000,2,90,空平,B,2546.0000,0.0000,0.0000,0.0000,0.0000,2547.0000,0.0000,0.0000,0.0000,0.0000,23,0,0,0,0,179,0,0,0,0
zc,WS301,2012-06-25 09:03:50.380,2546.0000,449270,-46,0.0000,56.0000,5,51,空平,B,2546.0000,0.0000,0.0000,0.0000,0.0000,2547.0000,0.0000,0.0000,0.0000,0.0000,97,0,0,0,0,178,0,0,0,0
zc,WS301,2012-06-25 09:03:51.163,2546.0000,449270,0,0.0000,0.0000,0,0,多换,B,2546.0000,0.0000,0.0000,0.0000,0.0000,2547.0000,0.0000,0.0000,0.0000,0.0000,143,0,0,0,0,178,0,0,0,0
zc,WS301,2012-06-25 09:03:51.630,2546.0000,449274,4,0.0000,6.0000,5,1,多开,B,2546.0000,0.0000,0.0000,0.0000,0.0000,2547.0000,0.0000,0.0000,0.0000,0.0000,142,0,0,0,0,196,0,0,0,0
zc,WS301,2012-06-25 09:03:52.443,2547.0000,449278,4,0.0000,54.0000,29,25,多开,B,2546.0000,0.0000,0.0000,0.0000,0.0000,2547.0000,0.0000,0.0000,0.0000,0.0000,124,0,0,0,0,197,0,0,0,0
zc,WS301,2012-06-25 09:03:52.897,2547.0000,449282,4,0.0000,6.0000,5,1,多开,B,2546.0000,0.0000,0.0000,0.0000,0.0000,2547.0000,0.0000,0.0000,0.0000,0.0000,134,0,0,0,0,195,0,0,0,0
zc,WS301,2012-06-25 09:03:54.147,2546.0000,449282,0,0.0000,30.0000,15,15,空换,S,2546.0000,0.0000,0.0000,0.0000,0.0000,2547.0000,0.0000,0.0000,0.0000,0.0000,120,0,0,0,0,175,0,0,0,0
zc,WS301,2012-06-25 09:03:54.617,2546.0000,449292,10,0.0000,12.0000,11,1,空开,S,2546.0000,0.0000,0.0000,0.0000,0.0000,2547.0000,0.0000,0.0000,0.0000,0.0000,123,0,0,0,0,173,0,0,0,0
zc,WS301,2012-06-25 09:03:55.867,2547.0000,449298,6,0.0000,6.0000,6,0,双开,B,2546.0000,0.0000,0.0000,0.0000,0.0000,2547.0000,0.0000,0.0000,0.0000,0.0000,123,0,0,0,0,170,0,0,0,0
zc,WS301,2012-06-25 09:03:56.427,2547.0000,449298,0,0.0000,0.0000,0,0,多换,B,2546.0000,0.0000,0.0000,0.0000,0.0000,2547.0000,0.0000,0.0000,0.0000,0.0000,124,0,0,0,0,215,0,0,0,0
zc,WS301,2012-06-25 09:03:57.193,2546.0000,449338,40,0.0000,40.0000,40,0,双开,S,2546.0000,0.0000,0.0000,0.0000,0.0000,2547.0000,0.0000,0.0000,0.0000,0.0000,103,0,0,0,0,215,0,0,0,0
zc,WS301,2012-06-25 09:03:57.663,2546.0000,449338,0,0.0000,0.0000,0,0,空换,S,2546.0000,0.0000,0.0000,0.0000,0.0000,2547.0000,0.0000,0.0000,0.0000,0.0000,106,0,0,0,0,226,0,0,0,0
zc,WS301,2012-06-25 09:03:58.163,2547.0000,449360,22,0.0000,22.0000,22,0,双开,B,2546.0000,0.0000,0.0000,0.0000,0.0000,2547.0000,0.0000,0.0000,0.0000,0.0000,106,0,0,0,0,215,0,0,0,0
zc,WS301,2012-06-25 09:03:58.897,2546.0000,449360,0,0.0000,10.0000,5,5,空换,S,2546.0000,0.0000,0.0000,0.0000,0.0000,2547.0000,0.0000,0.0000,0.0000,0.0000,106,0,0,0,0,216,0,0,0,0
zc,WS301,2012-06-25 09:03:59.397,2546.0000,449360,0,0.0000,2.0000,1,1,空换,S,2546.0000,0.0000,0.0000,0.0000,0.0000,2547.0000,0.0000,0.0000,0.0000,0.0000,208,0,0,0,0,221,0,0,0,0
zc,WS301,2012-06-25 09:03:59.943,2546.0000,449368,8,0.0000,10.0000,9,1,空开,S,2546.0000,0.0000,0.0000,0.0000,0.0000,2547.0000,0.0000,0.0000,0.0000,0.0000,218,0,0,0,0,221,0,0,0,0
zc,WS301,2012-06-25 09:04:00.380,2546.0000,449368,0,0.0000,0.0000,0,0,空换,S,2546.0000,0.0000,0.0000,0.0000,0.0000,2547.0000,0.0000,0.0000,0.0000,0.0000,224,0,0,0,0,217,0,0,0,0
zc,WS301,2012-06-25 09:04:01.413,2547.0000,449372,4,0.0000,4.0000,4,0,双开,B,2546.0000,0.0000,0.0000,0.0000,0.0000,2547.0000,0.0000,0.0000,0.0000,0.0000,227,0,0,0,0,217,0,0,0,0
zc,WS301,2012-06-25 09:04:01.663,2547.0000,449518,146,0.0000,444.0000,295,149,多开,B,2547.0000,0.0000,0.0000,0.0000,0.0000,2548.0000,0.0000,0.0000,0.0000,0.0000,81,0,0,0,0,697,0,0,0,0
zc,WS301,2012-06-25 09:04:02.647,2547.0000,449518,0,0.0000,0.0000,0,0,多换,B,2547.0000,0.0000,0.0000,0.0000,0.0000,2548.0000,0.0000,0.0000,0.0000,0.0000,204,0,0,0,0,697,0,0,0,0
zc,WS301,2012-06-25 09:04:03.147,2548.0000,449528,10,0.0000,10.0000,10,0,双开,B,2547.0000,0.0000,0.0000,0.0000,0.0000,2548.0000,0.0000,0.0000,0.0000,0.0000,204,0,0,0,0,692,0,0,0,0
zc,WS301,2012-06-25 09:04:03.630,2548.0000,449528,0,0.0000,0.0000,0,0,多换,B,2547.0000,0.0000,0.0000,0.0000,0.0000,2548.0000,0.0000,0.0000,0.0000,0.0000,214,0,0,0,0,692,0,0,0,0
zc,WS301,2012-06-25 09:04:04.163,2548.0000,449530,2,0.0000,6.0000,4,2,多开,B,2547.0000,0.0000,0.0000,0.0000,0.0000,2548.0000,0.0000,0.0000,0.0000,0.0000,103,0,0,0,0,691,0,0,0,0
zc,WS301,2012-06-25 09:04:04.943,2548.0000,449540,10,0.0000,10.0000,10,0,双开,B,2547.0000,0.0000,0.0000,0.0000,0.0000,2548.0000,0.0000,0.0000,0.0000,0.0000,103,0,0,0,0,684,0,0,0,0
zc,WS301,2012-06-25 09:04:05.630,2547.0000,449540,0,0.0000,2.0000,1,1,空换,S,2547.0000,0.0000,0.0000,0.0000,0.0000,2548.0000,0.0000,0.0000,0.0000,0.0000,108,0,0,0,0,684,0,0,0,0
zc,WS301,2012-06-25 09:04:06.163,2547.0000,449562,22,0.0000,22.0000,22,0,双开,S,2547.0000,0.0000,0.0000,0.0000,0.0000,2548.0000,0.0000,0.0000,0.0000,0.0000,97,0,0,0,0,673,0,0,0,0
zc,WS301,2012-06-25 09:04:06.990,2547.0000,449570,8,0.0000,22.0000,15,7,空开,S,2547.0000,0.0000,0.0000,0.0000,0.0000,2548.0000,0.0000,0.0000,0.0000,0.0000,80,0,0,0,0,670,0,0,0,0
zc,WS301,2012-06-25 09:04:07.427,2548.0000,449592,22,0.0000,26.0000,24,2,多开,B,2547.0000,0.0000,0.0000,0.0000,0.0000,2548.0000,0.0000,0.0000,0.0000,0.0000,73,0,0,0,0,667,0,0,0,0
zc,WS301,2012-06-25 09:04:08.193,2547.0000,449594,2,0.0000,12.0000,7,5,空开,S,2547.0000,0.0000,0.0000,0.0000,0.0000,2548.0000,0.0000,0.0000,0.0000,0.0000,69,0,0,0,0,663,0,0,0,0
zc,WS301,2012-06-25 09:04:08.617,2548.0000,449658,64,0.0000,206.0000,135,71,多开,B,2547.0000,0.0000,0.0000,0.0000,0.0000,2548.0000,0.0000,0.0000,0.0000,0.0000,68,0,0,0,0,594,0,0,0,0
zc,WS301,2012-06-25 09:04:09.443,2548.0000,449658,0,0.0000,2.0000,1,1,多换,B,2547.0000,0.0000,0.0000,0.0000,0.0000,2548.0000,0.0000,0.0000,0.0000,0.0000,79,0,0,0,0,593,0,0,0,0
zc,WS301,2012-06-25 09:04:09.897,2547.0000,449666,8,0.0000,94.0000,51,43,空开,S,2547.0000,0.0000,0.0000,0.0000,0.0000,2548.0000,0.0000,0.0000,0.0000,0.0000,47,0,0,0,0,588,0,0,0,0
zc,WS301,2012-06-25 09:04:10.380,2548.0000,449668,2,0.0000,6.0000,4,2,多开,B,2547.0000,0.0000,0.0000,0.0000,0.0000,2548.0000,0.0000,0.0000,0.0000,0.0000,51,0,0,0,0,585,0,0,0,0
zc,WS301,2012-06-25 09:04:10.880,2548.0000,449670,2,0.0000,2.0000,2,0,双开,B,2547.0000,0.0000,0.0000,0.0000,0.0000,2548.0000,0.0000,0.0000,0.0000,0.0000,50,0,0,0,0,584,0,0,0,0
zc,WS301,2012-06-25 09:04:11.677,2547.0000,449674,4,0.0000,8.0000,6,2,空开,S,2547.0000,0.0000,0.0000,0.0000,0.0000,2548.0000,0.0000,0.0000,0.0000,0.0000,57,0,0,0,0,582,0,0,0,0
zc,WS301,2012-06-25 09:04:12.130,2547.0000,449676,2,0.0000,26.0000,14,12,空开,S,2547.0000,0.0000,0.0000,0.0000,0.0000,2548.0000,0.0000,0.0000,0.0000,0.0000,58,0,0,0,0,571,0,0,0,0
zc,WS301,2012-06-25 09:04:12.943,2548.0000,449756,80,0.0000,122.0000,101,21,多开,B,2547.0000,0.0000,0.0000,0.0000,0.0000,2548.0000,0.0000,0.0000,0.0000,0.0000,9,0,0,0,0,560,0,0,0,0
zc,WS301,2012-06-25 09:04:13.397,2547.0000,449756,0,0.0000,6.0000,3,3,空换,S,2547.0000,0.0000,0.0000,0.0000,0.0000,2548.0000,0.0000,0.0000,0.0000,0.0000,10,0,0,0,0,559,0,0,0,0
zc,WS301,2012-06-25 09:04:14.147,2547.0000,449754,-2,0.0000,4.0000,1,3,多平,S,2547.0000,0.0000,0.0000,0.0000,0.0000,2548.0000,0.0000,0.0000,0.0000,0.0000,9,0,0,0,0,557,0,0,0,0
zc,WS301,2012-06-25 09:04:14.723,2547.0000,449754,0,0.0000,30.0000,15,15,空换,S,2546.0000,0.0000,0.0000,0.0000,0.0000,2547.0000,0.0000,0.0000,0.0000,0.0000,269,0,0,0,0,2,0,0,0,0
zc,WS301,2012-06-25 09:04:15.443,2547.0000,449748,-6,0.0000,6.0000,0,6,双平,S,2547.0000,0.0000,0.0000,0.0000,0.0000,2548.0000,0.0000,0.0000,0.0000,0.0000,107,0,0,0,0,552,0,0,0,0
zc,WS301,2012-06-25 09:04:16.193,2547.0000,449742,-6,0.0000,8.0000,1,7,多平,S,2547.0000,0.0000,0.0000,0.0000,0.0000,2548.0000,0.0000,0.0000,0.0000,0.0000,105,0,0,0,0,551,0,0,0,0
zc,WS301,2012-06-25 09:04:16.677,2548.0000,449742,0,0.0000,2.0000,1,1,多换,B,2547.0000,0.0000,0.0000,0.0000,0.0000,2548.0000,0.0000,0.0000,0.0000,0.0000,145,0,0,0,0,551,0,0,0,0
zc,WS301,2012-06-25 09:04:17.380,2548.0000,449742,0,0.0000,2.0000,1,1,多换,B,2547.0000,0.0000,0.0000,0.0000,0.0000,2548.0000,0.0000,0.0000,0.0000,0.0000,145,0,0,0,0,551,0,0,0,0
zc,WS301,2012-06-25 09:04:17.913,2547.0000,449728,-14,0.0000,24.0000,5,19,多平,S,2547.0000,0.0000,0.0000,0.0000,0.0000,2548.0000,0.0000,0.0000,0.0000,0.0000,138,0,0,0,0,546,0,0,0,0
zc,WS301,2012-06-25 09:04:18.380,2547.0000,449728,0,0.0000,0.0000,0,0,空换,S,2547.0000,0.0000,0.0000,0.0000,0.0000,2548.0000,0.0000,0.0000,0.0000,0.0000,143,0,0,0,0,547,0,0,0,0
zc,WS301,2012-06-25 09:04:18.880,2547.0000,449720,-8,0.0000,8.0000,0,8,双平,S,2547.0000,0.0000,0.0000,0.0000,0.0000,2548.0000,0.0000,0.0000,0.0000,0.0000,140,0,0,0,0,548,0,0,0,0
zc,WS301,2012-06-25 09:04:19.677,2547.0000,449720,0,0.0000,0.0000,0,0,空换,S,2547.0000,0.0000,0.0000,0.0000,0.0000,2548.0000,0.0000,0.0000,0.0000,0.0000,147,0,0,0,0,548,0,0,0,0
zc,WS301,2012-06-25 09:04:20.147,2548.0000,449720,0,0.0000,24.0000,12,12,多换,B,2547.0000,0.0000,0.0000,0.0000,0.0000,2548.0000,0.0000,0.0000,0.0000,0.0000,153,0,0,0,0,536,0,0,0,0
zc,WS301,2012-06-25 09:04:20.880,2547.0000,449710,-10,0.0000,10.0000,0,10,双平,S,2547.0000,0.0000,0.0000,0.0000,0.0000,2548.0000,0.0000,0.0000,0.0000,0.0000,146,0,0,0,0,536,0,0,0,0
zc,WS301,2012-06-25 09:04:21.427,2548.0000,449710,0,0.0000,16.0000,8,8,多换,B,2547.0000,0.0000,0.0000,0.0000,0.0000,2548.0000,0.0000,0.0000,0.0000,0.0000,147,0,0,0,0,528,0,0,0,0
zc,WS301,2012-06-25 09:04:22.427,2548.0000,449900,190,0.0000,200.0000,195,5,多开,B,2547.0000,0.0000,0.0000,0.0000,0.0000,2548.0000,0.0000,0.0000,0.0000,0.0000,158,0,0,0,0,428,0,0,0,0
zc,WS301,2012-06-25 09:04:22.897,2548.0000,449904,4,0.0000,4.0000,4,0,双开,B,2547.0000,0.0000,0.0000,0.0000,0.0000,2548.0000,0.0000,0.0000,0.0000,0.0000,162,0,0,0,0,426,0,0,0,0
zc,WS301,2012-06-25 09:04:23.663,2548.0000,449904,0,0.0000,0.0000,0,0,多换,B,2547.0000,0.0000,0.0000,0.0000,0.0000,2548.0000,0.0000,0.0000,0.0000,0.0000,166,0,0,0,0,426,0,0,0,0
zc,WS301,2012-06-25 09:04:24.163,2548.0000,449924,20,0.0000,20.0000,20,0,双开,B,2547.0000,0.0000,0.0000,0.0000,0.0000,2548.0000,0.0000,0.0000,0.0000,0.0000,230,0,0,0,0,416,0,0,0,0
zc,WS301,2012-06-25 09:04:24.897,2548.0000,449994,70,0.0000,70.0000,70,0,双开,B,2547.0000,0.0000,0.0000,0.0000,0.0000,2548.0000,0.0000,0.0000,0.0000,0.0000,230,0,0,0,0,381,0,0,0,0
zc,WS301,2012-06-25 09:04:25.460,2548.0000,450024,30,0.0000,762.0000,396,366,多开,B,2548.0000,0.0000,0.0000,0.0000,0.0000,2549.0000,0.0000,0.0000,0.0000,0.0000,97,0,0,0,0,45,0,0,0,0
zc,WS301,2012-06-25 09:04:26.223,2549.0000,449966,-58,0.0000,58.0000,0,58,双平,B,2548.0000,0.0000,0.0000,0.0000,0.0000,2549.0000,0.0000,0.0000,0.0000,0.0000,367,0,0,0,0,23,0,0,0,0
zc,WS301,2012-06-25 09:04:26.677,2549.0000,449966,0,0.0000,2.0000,1,1,多换,B,2548.0000,0.0000,0.0000,0.0000,0.0000,2549.0000,0.0000,0.0000,0.0000,0.0000,392,0,0,0,0,24,0,0,0,0
zc,WS301,2012-06-25 09:04:27.710,2549.0000,449832,-134,0.0000,296.0000,81,215,空平,B,2549.0000,0.0000,0.0000,0.0000,0.0000,2550.0000,0.0000,0.0000,0.0000,0.0000,11,0,0,0,0,962,0,0,0,0
zc,WS301,2012-06-25 09:04:27.913,2549.0000,449832,0,0.0000,4.0000,2,2,多换,B,2549.0000,0.0000,0.0000,0.0000,0.0000,2550.0000,0.0000,0.0000,0.0000,0.0000,9,0,0,0,0,966,0,0,0,0
zc,WS301,2012-06-25 09:04:28.693,2549.0000,449836,4,0.0000,18.0000,11,7,多开,B,2548.0000,0.0000,0.0000,0.0000,0.0000,2549.0000,0.0000,0.0000,0.0000,0.0000,127,0,0,0,0,29,0,0,0,0
zc,WS301,2012-06-25 09:04:29.210,2549.0000,449834,-2,0.0000,4.0000,1,3,空平,B,2548.0000,0.0000,0.0000,0.0000,0.0000,2549.0000,0.0000,0.0000,0.0000,0.0000,35,0,0,0,0,31,0,0,0,0
zc,WS301,2012-06-25 09:04:29.647,2550.0000,449836,2,0.0000,72.0000,37,35,多开,B,2549.0000,0.0000,0.0000,0.0000,0.0000,2550.0000,0.0000,0.0000,0.0000,0.0000,19,0,0,0,0,977,0,0,0,0
zc,WS301,2012-06-25 09:04:30.443,2549.0000,449836,0,0.0000,2.0000,1,1,空换,S,2549.0000,0.0000,0.0000,0.0000,0.0000,2550.0000,0.0000,0.0000,0.0000,0.0000,19,0,0,0,0,994,0,0,0,0
zc,WS301,2012-06-25 09:04:30.927,2549.0000,449838,2,0.0000,6.0000,4,2,空开,S,2549.0000,0.0000,0.0000,0.0000,0.0000,2550.0000,0.0000,0.0000,0.0000,0.0000,18,0,0,0,0,992,0,0,0,0
zc,WS301,2012-06-25 09:04:31.647,2549.0000,449858,20,0.0000,20.0000,20,0,双开,S,2549.0000,0.0000,0.0000,0.0000,0.0000,2550.0000,0.0000,0.0000,0.0000,0.0000,17,0,0,0,0,976,0,0,0,0
zc,WS301,2012-06-25 09:04:32.163,2549.0000,449844,-14,0.0000,34.0000,10,24,多平,S,2548.0000,0.0000,0.0000,0.0000,0.0000,2549.0000,0.0000,0.0000,0.0000,0.0000,51,0,0,0,0,31,0,0,0,0
zc,WS301,2012-06-25 09:04:32.960,2549.0000,449764,-80,0.0000,82.0000,1,81,多平,S,2548.0000,0.0000,0.0000,0.0000,0.0000,2549.0000,0.0000,0.0000,0.0000,0.0000,53,0,0,0,0,20,0,0,0,0
zc,WS301,2012-06-25 09:04:33.427,2549.0000,449764,0,0.0000,2.0000,1,1,空换,S,2548.0000,0.0000,0.0000,0.0000,0.0000,2549.0000,0.0000,0.0000,0.0000,0.0000,63,0,0,0,0,19,0,0,0,0
zc,WS301,2012-06-25 09:04:34.130,2550.0000,449756,-8,0.0000,84.0000,38,46,空平,B,2549.0000,0.0000,0.0000,0.0000,0.0000,2550.0000,0.0000,0.0000,0.0000,0.0000,2,0,0,0,0,934,0,0,0,0
zc,WS301,2012-06-25 09:04:34.693,2549.0000,449736,-20,0.0000,60.0000,20,40,多平,S,2548.0000,0.0000,0.0000,0.0000,0.0000,2549.0000,0.0000,0.0000,0.0000,0.0000,94,0,0,0,0,176,0,0,0,0
zc,WS301,2012-06-25 09:04:35.413,2549.0000,449736,0,0.0000,4.0000,2,2,空换,S,2548.0000,0.0000,0.0000,0.0000,0.0000,2549.0000,0.0000,0.0000,0.0000,0.0000,94,0,0,0,0,183,0,0,0,0
zc,WS301,2012-06-25 09:04:35.647,2549.0000,449736,0,0.0000,2.0000,1,1,空换,S,2548.0000,0.0000,0.0000,0.0000,0.0000,2549.0000,0.0000,0.0000,0.0000,0.0000,94,0,0,0,0,183,0,0,0,0
zc,WS301,2012-06-25 09:04:36.413,2549.0000,449736,0,0.0000,2.0000,1,1,空换,S,2548.0000,0.0000,0.0000,0.0000,0.0000,2549.0000,0.0000,0.0000,0.0000,0.0000,95,0,0,0,0,188,0,0,0,0
zc,WS301,2012-06-25 09:04:36.973,2549.0000,449736,0,0.0000,10.0000,5,5,空换,S,2548.0000,0.0000,0.0000,0.0000,0.0000,2549.0000,0.0000,0.0000,0.0000,0.0000,66,0,0,0,0,183,0,0,0,0
zc,WS301,2012-06-25 09:04:37.960,2549.0000,449736,0,0.0000,186.0000,93,93,空换,S,2548.0000,0.0000,0.0000,0.0000,0.0000,2549.0000,0.0000,0.0000,0.0000,0.0000,66,0,0,0,0,90,0,0,0,0
zc,WS301,2012-06-25 09:04:38.427,2549.0000,449736,0,0.0000,62.0000,31,31,空换,S,2548.0000,0.0000,0.0000,0.0000,0.0000,2549.0000,0.0000,0.0000,0.0000,0.0000,67,0,0,0,0,60,0,0,0,0
zc,WS301,2012-06-25 09:04:39.147,2549.0000,449740,4,0.0000,122.0000,63,59,空开,S,2549.0000,0.0000,0.0000,0.0000,0.0000,2550.0000,0.0000,0.0000,0.0000,0.0000,151,0,0,0,0,937,0,0,0,0
zc,WS301,2012-06-25 09:04:39.647,2549.0000,449740,0,0.0000,22.0000,11,11,空换,S,2549.0000,0.0000,0.0000,0.0000,0.0000,2550.0000,0.0000,0.0000,0.0000,0.0000,141,0,0,0,0,937,0,0,0,0
zc,WS301,2012-06-25 09:04:40.117,2549.0000,449740,0,0.0000,0.0000,0,0,空换,S,2549.0000,0.0000,0.0000,0.0000,0.0000,2550.0000,0.0000,0.0000,0.0000,0.0000,149,0,0,0,0,937,0,0,0,0
zc,WS301,2012-06-25 09:04:40.960,2549.0000,449748,8,0.0000,10.0000,9,1,空开,S,2549.0000,0.0000,0.0000,0.0000,0.0000,2550.0000,0.0000,0.0000,0.0000,0.0000,146,0,0,0,0,936,0,0,0,0
zc,WS301,2012-06-25 09:04:41.427,2549.0000,449748,0,0.0000,2.0000,1,1,空换,S,2549.0000,0.0000,0.0000,0.0000,0.0000,2550.0000,0.0000,0.0000,0.0000,0.0000,146,0,0,0,0,937,0,0,0,0
zc,WS301,2012-06-25 09:04:42.210,2549.0000,449750,2,0.0000,6.0000,4,2,空开,S,2549.0000,0.0000,0.0000,0.0000,0.0000,2550.0000,0.0000,0.0000,0.0000,0.0000,143,0,0,0,0,937,0,0,0,0
zc,WS301,2012-06-25 09:04:42.927,2550.0000,449752,2,0.0000,2.0000,2,0,双开,B,2549.0000,0.0000,0.0000,0.0000,0.0000,2550.0000,0.0000,0.0000,0.0000,0.0000,142,0,0,0,0,916,0,0,0,0
zc,WS301,2012-06-25 09:04:43.710,2550.0000,449752,0,0.0000,0.0000,0,0,多换,B,2549.0000,0.0000,0.0000,0.0000,0.0000,2550.0000,0.0000,0.0000,0.0000,0.0000,144,0,0,0,0,916,0,0,0,0
zc,WS301,2012-06-25 09:04:44.163,2550.0000,449752,0,0.0000,0.0000,0,0,多换,B,2549.0000,0.0000,0.0000,0.0000,0.0000,2550.0000,0.0000,0.0000,0.0000,0.0000,152,0,0,0,0,916,0,0,0,0
zc,WS301,2012-06-25 09:04:44.880,2550.0000,449754,2,0.0000,4.0000,3,1,多开,B,2549.0000,0.0000,0.0000,0.0000,0.0000,2550.0000,0.0000,0.0000,0.0000,0.0000,151,0,0,0,0,916,0,0,0,0
zc,WS301,2012-06-25 09:04:45.443,2550.0000,449754,0,0.0000,0.0000,0,0,多换,B,2549.0000,0.0000,0.0000,0.0000,0.0000,2550.0000,0.0000,0.0000,0.0000,0.0000,151,0,0,0,0,914,0,0,0,0
zc,WS301,2012-06-25 09:04:46.147,2550.0000,449802,48,0.0000,48.0000,48,0,双开,B,2549.0000,0.0000,0.0000,0.0000,0.0000,2550.0000,0.0000,0.0000,0.0000,0.0000,151,0,0,0,0,890,0,0,0,0
zc,WS301,2012-06-25 09:04:46.677,2549.0000,449836,34,0.0000,104.0000,69,35,空开,S,2549.0000,0.0000,0.0000,0.0000,0.0000,2550.0000,0.0000,0.0000,0.0000,0.0000,100,0,0,0,0,897,0,0,0,0
zc,WS301,2012-06-25 09:04:47.163,2549.0000,449836,0,0.0000,2.0000,1,1,空换,S,2549.0000,0.0000,0.0000,0.0000,0.0000,2550.0000,0.0000,0.0000,0.0000,0.0000,99,0,0,0,0,896,0,0,0,0
zc,WS301,2012-06-25 09:04:47.677,2550.0000,449856,20,0.0000,20.0000,20,0,双开,B,2549.0000,0.0000,0.0000,0.0000,0.0000,2550.0000,0.0000,0.0000,0.0000,0.0000,108,0,0,0,0,885,0,0,0,0
zc,WS301,2012-06-25 09:04:48.443,2550.0000,449860,4,0.0000,4.0000,4,0,双开,B,2549.0000,0.0000,0.0000,0.0000,0.0000,2550.0000,0.0000,0.0000,0.0000,0.0000,108,0,0,0,0,884,0,0,0,0
zc,WS301,2012-06-25 09:04:49.693,2549.0000,449864,4,0.0000,16.0000,10,6,空开,S,2549.0000,0.0000,0.0000,0.0000,0.0000,2550.0000,0.0000,0.0000,0.0000,0.0000,103,0,0,0,0,885,0,0,0,0
zc,WS301,2012-06-25 09:04:50.177,2550.0000,449866,2,0.0000,2.0000,2,0,双开,B,2549.0000,0.0000,0.0000,0.0000,0.0000,2550.0000,0.0000,0.0000,0.0000,0.0000,104,0,0,0,0,884,0,0,0,0
zc,WS301,2012-06-25 09:04:50.960,2549.0000,449872,6,0.0000,30.0000,18,12,空开,S,2549.0000,0.0000,0.0000,0.0000,0.0000,2550.0000,0.0000,0.0000,0.0000,0.0000,92,0,0,0,0,882,0,0,0,0
zc,WS301,2012-06-25 09:04:51.443,2549.0000,449872,0,0.0000,0.0000,0,0,空换,S,2549.0000,0.0000,0.0000,0.0000,0.0000,2550.0000,0.0000,0.0000,0.0000,0.0000,95,0,0,0,0,882,0,0,0,0
zc,WS301,2012-06-25 09:04:52.177,2550.0000,449886,14,0.0000,14.0000,14,0,双开,B,2549.0000,0.0000,0.0000,0.0000,0.0000,2550.0000,0.0000,0.0000,0.0000,0.0000,96,0,0,0,0,875,0,0,0,0
zc,WS301,2012-06-25 09:04:52.617,2550.0000,449890,4,0.0000,4.0000,4,0,双开,B,2549.0000,0.0000,0.0000,0.0000,0.0000,2550.0000,0.0000,0.0000,0.0000,0.0000,96,0,0,0,0,873,0,0,0,0
zc,WS301,2012-06-25 09:04:53.177,2550.0000,449890,0,0.0000,0.0000,0,0,多换,B,2549.0000,0.0000,0.0000,0.0000,0.0000,2550.0000,0.0000,0.0000,0.0000,0.0000,96,0,0,0,0,874,0,0,0,0
zc,WS301,2012-06-25 09:04:53.943,2549.0000,449902,12,0.0000,64.0000,38,26,空开,S,2549.0000,0.0000,0.0000,0.0000,0.0000,2550.0000,0.0000,0.0000,0.0000,0.0000,66,0,0,0,0,874,0,0,0,0
zc,WS301,2012-06-25 09:04:54.427,2549.0000,449904,2,0.0000,26.0000,14,12,空开,S,2549.0000,0.0000,0.0000,0.0000,0.0000,2550.0000,0.0000,0.0000,0.0000,0.0000,55,0,0,0,0,876,0,0,0,0
zc,WS301,2012-06-25 09:04:55.193,2550.0000,449904,0,0.0000,24.0000,12,12,多换,B,2549.0000,0.0000,0.0000,0.0000,0.0000,2550.0000,0.0000,0.0000,0.0000,0.0000,55,0,0,0,0,863,0,0,0,0
zc,WS301,2012-06-25 09:04:55.693,2549.0000,449904,0,0.0000,10.0000,5,5,空换,S,2549.0000,0.0000,0.0000,0.0000,0.0000,2550.0000,0.0000,0.0000,0.0000,0.0000,49,0,0,0,0,868,0,0,0,0
zc,WS301,2012-06-25 09:04:56.427,2549.0000,449904,0,0.0000,6.0000,3,3,空换,S,2549.0000,0.0000,0.0000,0.0000,0.0000,2550.0000,0.0000,0.0000,0.0000,0.0000,46,0,0,0,0,880,0,0,0,0
zc,WS301,2012-06-25 09:04:56.943,2549.0000,449908,4,0.0000,10.0000,7,3,空开,S,2549.0000,0.0000,0.0000,0.0000,0.0000,2550.0000,0.0000,0.0000,0.0000,0.0000,43,0,0,0,0,878,0,0,0,0
zc,WS301,2012-06-25 09:04:57.710,2549.0000,449908,0,0.0000,10.0000,5,5,空换,S,2549.0000,0.0000,0.0000,0.0000,0.0000,2550.0000,0.0000,0.0000,0.0000,0.0000,38,0,0,0,0,878,0,0,0,0
zc,WS301,2012-06-25 09:04:57.960,2549.0000,449908,0,0.0000,0.0000,0,0,空换,S,2549.0000,0.0000,0.0000,0.0000,0.0000,2550.0000,0.0000,0.0000,0.0000,0.0000,149,0,0,0,0,877,0,0,0,0
zc,WS301,2012-06-25 09:04:58.677,2549.0000,449908,0,0.0000,6.0000,3,3,空换,S,2549.0000,0.0000,0.0000,0.0000,0.0000,2550.0000,0.0000,0.0000,0.0000,0.0000,150,0,0,0,0,877,0,0,0,0
zc,WS301,2012-06-25 09:04:59.473,2550.0000,449932,24,0.0000,24.0000,24,0,双开,B,2549.0000,0.0000,0.0000,0.0000,0.0000,2550.0000,0.0000,0.0000,0.0000,0.0000,153,0,0,0,0,866,0,0,0,0
zc,WS301,2012-06-25 09:04:59.913,2550.0000,449934,2,0.0000,2.0000,2,0,双开,B,2549.0000,0.0000,0.0000,0.0000,0.0000,2550.0000,0.0000,0.0000,0.0000,0.0000,155,0,0,0,0,865,0,0,0,0
zc,WS301,2012-06-25 09:05:00.600,2550.0000,449940,6,0.0000,6.0000,6,0,双开,B,2549.0000,0.0000,0.0000,0.0000,0.0000,2550.0000,0.0000,0.0000,0.0000,0.0000,158,0,0,0,0,870,0,0,0,0
zc,WS301,2012-06-25 09:05:01.193,2550.0000,450150,210,0.0000,210.0000,210,0,双开,B,2549.0000,0.0000,0.0000,0.0000,0.0000,2550.0000,0.0000,0.0000,0.0000,0.0000,230,0,0,0,0,765,0,0,0,0
zc,WS301,2012-06-25 09:05:01.913,2550.0000,450184,34,0.0000,34.0000,34,0,双开,B,2549.0000,0.0000,0.0000,0.0000,0.0000,2550.0000,0.0000,0.0000,0.0000,0.0000,230,0,0,0,0,746,0,0,0,0
zc,WS301,2012-06-25 09:05:02.693,2550.0000,450188,4,0.0000,24.0000,14,10,多开,B,2549.0000,0.0000,0.0000,0.0000,0.0000,2550.0000,0.0000,0.0000,0.0000,0.0000,230,0,0,0,0,735,0,0,0,0
zc,WS301,2012-06-25 09:05:03.210,2550.0000,450568,380,0.0000,578.0000,479,99,多开,B,2549.0000,0.0000,0.0000,0.0000,0.0000,2550.0000,0.0000,0.0000,0.0000,0.0000,231,0,0,0,0,448,0,0,0,0
zc,WS301,2012-06-25 09:05:03.990,2550.0000,450608,40,0.0000,422.0000,231,191,多开,B,2549.0000,0.0000,0.0000,0.0000,0.0000,2550.0000,0.0000,0.0000,0.0000,0.0000,231,0,0,0,0,238,0,0,0,0
zc,WS301,2012-06-25 09:05:04.723,2550.0000,450610,2,0.0000,552.0000,277,275,多开,B,2550.0000,0.0000,0.0000,0.0000,0.0000,2551.0000,0.0000,0.0000,0.0000,0.0000,41,0,0,0,0,44,0,0,0,0
zc,WS301,2012-06-25 09:05:05.177,2550.0000,450610,0,0.0000,42.0000,21,21,多换,B,2550.0000,0.0000,0.0000,0.0000,0.0000,2551.0000,0.0000,0.0000,0.0000,0.0000,183,0,0,0,0,34,0,0,0,0
zc,WS301,2012-06-25 09:05:05.927,2550.0000,450612,2,0.0000,4.0000,3,1,多开,B,2550.0000,0.0000,0.0000,0.0000,0.0000,2551.0000,0.0000,0.0000,0.0000,0.0000,215,0,0,0,0,43,0,0,0,0
zc,WS301,2012-06-25 09:05:06.427,2551.0000,450630,18,0.0000,88.0000,53,35,多开,B,2550.0000,0.0000,0.0000,0.0000,0.0000,2551.0000,0.0000,0.0000,0.0000,0.0000,64,0,0,0,0,4,0,0,0,0
zc,WS301,2012-06-25 09:05:07.177,2550.0000,450632,2,0.0000,12.0000,7,5,空开,S,2550.0000,0.0000,0.0000,0.0000,0.0000,2551.0000,0.0000,0.0000,0.0000,0.0000,66,0,0,0,0,2,0,0,0,0
zc,WS301,2012-06-25 09:05:07.740,2550.0000,450632,0,0.0000,0.0000,0,0,空换,S,2550.0000,0.0000,0.0000,0.0000,0.0000,2551.0000,0.0000,0.0000,0.0000,0.0000,66,0,0,0,0,112,0,0,0,0
zc,WS301,2012-06-25 09:05:08.460,2550.0000,450636,4,0.0000,40.0000,22,18,空开,S,2550.0000,0.0000,0.0000,0.0000,0.0000,2551.0000,0.0000,0.0000,0.0000,0.0000,56,0,0,0,0,117,0,0,0,0
zc,WS301,2012-06-25 09:05:08.943,2550.0000,450654,18,0.0000,18.0000,18,0,双开,S,2550.0000,0.0000,0.0000,0.0000,0.0000,2551.0000,0.0000,0.0000,0.0000,0.0000,47,0,0,0,0,127,0,0,0,0
zc,WS301,2012-06-25 09:05:09.693,2551.0000,450654,0,0.0000,70.0000,35,35,多换,B,2550.0000,0.0000,0.0000,0.0000,0.0000,2551.0000,0.0000,0.0000,0.0000,0.0000,32,0,0,0,0,202,0,0,0,0
zc,WS301,2012-06-25 09:05:10.147,2551.0000,450654,0,0.0000,4.0000,2,2,多换,B,2550.0000,0.0000,0.0000,0.0000,0.0000,2551.0000,0.0000,0.0000,0.0000,0.0000,35,0,0,0,0,199,0,0,0,0
zc,WS301,2012-06-25 09:05:10.960,2550.0000,450654,0,0.0000,88.0000,44,44,空换,S,2549.0000,0.0000,0.0000,0.0000,0.0000,2550.0000,0.0000,0.0000,0.0000,0.0000,112,0,0,0,0,56,0,0,0,0
zc,WS301,2012-06-25 09:05:11.427,2550.0000,450652,-2,0.0000,4.0000,1,3,多平,S,2549.0000,0.0000,0.0000,0.0000,0.0000,2550.0000,0.0000,0.0000,0.0000,0.0000,112,0,0,0,0,56,0,0,0,0
zc,WS301,2012-06-25 09:05:12.163,2550.0000,450650,-2,0.0000,6.0000,2,4,多平,S,2549.0000,0.0000,0.0000,0.0000,0.0000,2550.0000,0.0000,0.0000,0.0000,0.0000,112,0,0,0,0,53,0,0,0,0
zc,WS301,2012-06-25 09:05:12.693,2550.0000,450650,0,0.0000,4.0000,2,2,空换,S,2549.0000,0.0000,0.0000,0.0000,0.0000,2550.0000,0.0000,0.0000,0.0000,0.0000,114,0,0,0,0,51,0,0,0,0
zc,WS301,2012-06-25 09:05:13.177,2550.0000,450648,-2,0.0000,2.0000,0,2,双平,S,2549.0000,0.0000,0.0000,0.0000,0.0000,2550.0000,0.0000,0.0000,0.0000,0.0000,114,0,0,0,0,55,0,0,0,0
zc,WS301,2012-06-25 09:05:13.927,2550.0000,450648,0,0.0000,24.0000,12,12,空换,S,2549.0000,0.0000,0.0000,0.0000,0.0000,2550.0000,0.0000,0.0000,0.0000,0.0000,129,0,0,0,0,43,0,0,0,0
zc,WS301,2012-06-25 09:05:14.460,2549.0000,450648,0,0.0000,36.0000,18,18,空换,S,2549.0000,0.0000,0.0000,0.0000,0.0000,2550.0000,0.0000,0.0000,0.0000,0.0000,122,0,0,0,0,32,0,0,0,0
zc,WS301,2012-06-25 09:05:15.193,2550.0000,450648,0,0.0000,4.0000,2,2,多换,B,2549.0000,0.0000,0.0000,0.0000,0.0000,2550.0000,0.0000,0.0000,0.0000,0.0000,123,0,0,0,0,32,0,0,0,0
zc,WS301,2012-06-25 09:05:15.693,2550.0000,450648,0,0.0000,2.0000,1,1,多换,B,2549.0000,0.0000,0.0000,0.0000,0.0000,2550.0000,0.0000,0.0000,0.0000,0.0000,123,0,0,0,0,34,0,0,0,0
zc,WS301,2012-06-25 09:05:16.397,2550.0000,450648,0,0.0000,2.0000,1,1,多换,B,2549.0000,0.0000,0.0000,0.0000,0.0000,2550.0000,0.0000,0.0000,0.0000,0.0000,123,0,0,0,0,34,0,0,0,0
zc,WS301,2012-06-25 09:05:16.960,2550.0000,450648,0,0.0000,16.0000,8,8,多换,B,2549.0000,0.0000,0.0000,0.0000,0.0000,2550.0000,0.0000,0.0000,0.0000,0.0000,122,0,0,0,0,27,0,0,0,0
zc,WS301,2012-06-25 09:05:17.677,2550.0000,450646,-2,0.0000,8.0000,3,5,空平,B,2549.0000,0.0000,0.0000,0.0000,0.0000,2550.0000,0.0000,0.0000,0.0000,0.0000,121,0,0,0,0,25,0,0,0,0
zc,WS301,2012-06-25 09:05:17.897,2549.0000,450646,0,0.0000,2.0000,1,1,空换,S,2549.0000,0.0000,0.0000,0.0000,0.0000,2550.0000,0.0000,0.0000,0.0000,0.0000,125,0,0,0,0,26,0,0,0,0
zc,WS301,2012-06-25 09:05:18.677,2550.0000,450646,0,0.0000,16.0000,8,8,多换,B,2549.0000,0.0000,0.0000,0.0000,0.0000,2550.0000,0.0000,0.0000,0.0000,0.0000,125,0,0,0,0,19,0,0,0,0
zc,WS301,2012-06-25 09:05:19.163,2550.0000,450646,0,0.0000,74.0000,37,37,多换,B,2549.0000,0.0000,0.0000,0.0000,0.0000,2550.0000,0.0000,0.0000,0.0000,0.0000,105,0,0,0,0,7,0,0,0,0
zc,WS301,2012-06-25 09:05:19.943,2550.0000,450648,2,0.0000,20.0000,11,9,多开,B,2550.0000,0.0000,0.0000,0.0000,0.0000,2551.0000,0.0000,0.0000,0.0000,0.0000,7,0,0,0,0,218,0,0,0,0
zc,WS301,2012-06-25 09:05:20.427,2550.0000,450648,0,0.0000,2.0000,1,1,多换,B,2550.0000,0.0000,0.0000,0.0000,0.0000,2551.0000,0.0000,0.0000,0.0000,0.0000,10,0,0,0,0,220,0,0,0,0
zc,WS301,2012-06-25 09:05:21.193,2551.0000,450648,0,0.0000,2.0000,1,1,多换,B,2550.0000,0.0000,0.0000,0.0000,0.0000,2551.0000,0.0000,0.0000,0.0000,0.0000,12,0,0,0,0,219,0,0,0,0
zc,WS301,2012-06-25 09:05:21.617,2550.0000,450650,2,0.0000,4.0000,3,1,空开,S,2550.0000,0.0000,0.0000,0.0000,0.0000,2551.0000,0.0000,0.0000,0.0000,0.0000,10,0,0,0,0,218,0,0,0,0
zc,WS301,2012-06-25 09:05:22.473,2550.0000,450652,2,0.0000,12.0000,7,5,空开,S,2550.0000,0.0000,0.0000,0.0000,0.0000,2551.0000,0.0000,0.0000,0.0000,0.0000,9,0,0,0,0,123,0,0,0,0
zc,WS301,2012-06-25 09:05:22.990,2551.0000,450670,18,0.0000,20.0000,19,1,多开,B,2549.0000,0.0000,0.0000,0.0000,0.0000,2550.0000,0.0000,0.0000,0.0000,0.0000,107,0,0,0,0,1,0,0,0,0
zc,WS301,2012-06-25 09:05:23.693,2550.0000,450670,0,0.0000,2.0000,1,1,空换,S,2550.0000,0.0000,0.0000,0.0000,0.0000,2551.0000,0.0000,0.0000,0.0000,0.0000,199,0,0,0,0,139,0,0,0,0
zc,WS301,2012-06-25 09:05:24.397,2550.0000,450670,0,0.0000,100.0000,50,50,空换,S,2550.0000,0.0000,0.0000,0.0000,0.0000,2551.0000,0.0000,0.0000,0.0000,0.0000,240,0,0,0,0,139,0,0,0,0
zc,WS301,2012-06-25 09:05:24.943,2550.0000,450770,100,0.0000,100.0000,100,0,双开,S,2550.0000,0.0000,0.0000,0.0000,0.0000,2551.0000,0.0000,0.0000,0.0000,0.0000,192,0,0,0,0,139,0,0,0,0
zc,WS301,2012-06-25 09:05:25.663,2551.0000,450770,0,0.0000,68.0000,34,34,多换,B,2550.0000,0.0000,0.0000,0.0000,0.0000,2551.0000,0.0000,0.0000,0.0000,0.0000,212,0,0,0,0,105,0,0,0,0
zc,WS301,2012-06-25 09:05:26.130,2550.0000,450778,8,0.0000,10.0000,9,1,空开,S,2550.0000,0.0000,0.0000,0.0000,0.0000,2551.0000,0.0000,0.0000,0.0000,0.0000,210,0,0,0,0,104,0,0,0,0
zc,WS301,2012-06-25 09:05:26.663,2551.0000,450778,0,0.0000,56.0000,28,28,多换,B,2550.0000,0.0000,0.0000,0.0000,0.0000,2551.0000,0.0000,0.0000,0.0000,0.0000,211,0,0,0,0,100,0,0,0,0
zc,WS301,2012-06-25 09:05:27.460,2551.0000,450778,0,0.0000,0.0000,0,0,多换,B,2550.0000,0.0000,0.0000,0.0000,0.0000,2551.0000,0.0000,0.0000,0.0000,0.0000,214,0,0,0,0,100,0,0,0,0
zc,WS301,2012-06-25 09:05:28.177,2550.0000,450778,0,0.0000,40.0000,20,20,空换,S,2550.0000,0.0000,0.0000,0.0000,0.0000,2551.0000,0.0000,0.0000,0.0000,0.0000,196,0,0,0,0,106,0,0,0,0
zc,WS301,2012-06-25 09:05:28.443,2551.0000,450780,2,0.0000,6.0000,4,2,多开,B,2550.0000,0.0000,0.0000,0.0000,0.0000,2551.0000,0.0000,0.0000,0.0000,0.0000,195,0,0,0,0,103,0,0,0,0
zc,WS301,2012-06-25 09:05:29.193,2551.0000,450870,90,0.0000,130.0000,110,20,多开,B,2550.0000,0.0000,0.0000,0.0000,0.0000,2551.0000,0.0000,0.0000,0.0000,0.0000,195,0,0,0,0,50,0,0,0,0
zc,WS301,2012-06-25 09:05:29.677,2551.0000,450870,0,0.0000,2.0000,1,1,多换,B,2550.0000,0.0000,0.0000,0.0000,0.0000,2551.0000,0.0000,0.0000,0.0000,0.0000,195,0,0,0,0,50,0,0,0,0
zc,WS301,2012-06-25 09:05:30.460,2551.0000,450870,0,0.0000,4.0000,2,2,多换,B,2550.0000,0.0000,0.0000,0.0000,0.0000,2551.0000,0.0000,0.0000,0.0000,0.0000,199,0,0,0,0,48,0,0,0,0
zc,WS301,2012-06-25 09:05:30.927,2551.0000,450870,0,0.0000,32.0000,16,16,多换,B,2550.0000,0.0000,0.0000,0.0000,0.0000,2551.0000,0.0000,0.0000,0.0000,0.0000,237,0,0,0,0,43,0,0,0,0
zc,WS301,2012-06-25 09:05:31.677,2551.0000,450916,46,0.0000,152.0000,99,53,多开,B,2551.0000,0.0000,0.0000,0.0000,0.0000,2552.0000,0.0000,0.0000,0.0000,0.0000,29,0,0,0,0,70,0,0,0,0
zc,WS301,2012-06-25 09:05:32.193,2550.0000,450916,0,0.0000,64.0000,32,32,空换,S,2550.0000,0.0000,0.0000,0.0000,0.0000,2551.0000,0.0000,0.0000,0.0000,0.0000,236,0,0,0,0,21,0,0,0,0
zc,WS301,2012-06-25 09:05:32.647,2551.0000,450916,0,0.0000,10.0000,5,5,多换,B,2550.0000,0.0000,0.0000,0.0000,0.0000,2551.0000,0.0000,0.0000,0.0000,0.0000,236,0,0,0,0,16,0,0,0,0
zc,WS301,2012-06-25 09:05:33.443,2551.0000,450918,2,0.0000,102.0000,52,50,多开,B,2550.0000,0.0000,0.0000,0.0000,0.0000,2551.0000,0.0000,0.0000,0.0000,0.0000,235,0,0,0,0,56,0,0,0,0
zc,WS301,2012-06-25 09:05:33.897,2551.0000,450918,0,0.0000,36.0000,18,18,多换,B,2550.0000,0.0000,0.0000,0.0000,0.0000,2551.0000,0.0000,0.0000,0.0000,0.0000,240,0,0,0,0,39,0,0,0,0
zc,WS301,2012-06-25 09:05:34.630,2551.0000,450918,0,0.0000,2.0000,1,1,多换,B,2550.0000,0.0000,0.0000,0.0000,0.0000,2551.0000,0.0000,0.0000,0.0000,0.0000,240,0,0,0,0,49,0,0,0,0
zc,WS301,2012-06-25 09:05:35.163,2551.0000,450920,2,0.0000,12.0000,7,5,多开,B,2550.0000,0.0000,0.0000,0.0000,0.0000,2551.0000,0.0000,0.0000,0.0000,0.0000,239,0,0,0,0,45,0,0,0,0
zc,WS301,2012-06-25 09:05:35.913,2551.0000,450920,0,0.0000,6.0000,3,3,多换,B,2550.0000,0.0000,0.0000,0.0000,0.0000,2551.0000,0.0000,0.0000,0.0000,0.0000,239,0,0,0,0,42,0,0,0,0
zc,WS301,2012-06-25 09:05:36.380,2551.0000,450920,0,0.0000,22.0000,11,11,多换,B,2550.0000,0.0000,0.0000,0.0000,0.0000,2551.0000,0.0000,0.0000,0.0000,0.0000,239,0,0,0,0,43,0,0,0,0
zc,WS301,2012-06-25 09:05:37.177,2551.0000,450920,0,0.0000,22.0000,11,11,多换,B,2550.0000,0.0000,0.0000,0.0000,0.0000,2551.0000,0.0000,0.0000,0.0000,0.0000,240,0,0,0,0,125,0,0,0,0
zc,WS301,2012-06-25 09:05:37.710,2551.0000,450920,0,0.0000,6.0000,3,3,多换,B,2550.0000,0.0000,0.0000,0.0000,0.0000,2551.0000,0.0000,0.0000,0.0000,0.0000,241,0,0,0,0,128,0,0,0,0
zc,WS301,2012-06-25 09:05:38.413,2551.0000,450920,0,0.0000,212.0000,106,106,多换,B,2550.0000,0.0000,0.0000,0.0000,0.0000,2551.0000,0.0000,0.0000,0.0000,0.0000,141,0,0,0,0,168,0,0,0,0
zc,WS301,2012-06-25 09:05:38.897,2551.0000,450922,2,0.0000,70.0000,36,34,多开,B,2550.0000,0.0000,0.0000,0.0000,0.0000,2551.0000,0.0000,0.0000,0.0000,0.0000,140,0,0,0,0,228,0,0,0,0
zc,WS301,2012-06-25 09:05:39.693,2550.0000,451142,220,0.0000,328.0000,274,54,空开,S,2549.0000,0.0000,0.0000,0.0000,0.0000,2550.0000,0.0000,0.0000,0.0000,0.0000,151,0,0,0,0,61,0,0,0,0
zc,WS301,2012-06-25 09:05:40.083,2550.0000,451146,4,0.0000,4.0000,4,0,双开,S,2549.0000,0.0000,0.0000,0.0000,0.0000,2550.0000,0.0000,0.0000,0.0000,0.0000,153,0,0,0,0,89,0,0,0,0
zc,WS301,2012-06-25 09:05:40.693,2550.0000,451150,4,0.0000,4.0000,4,0,双开,S,2549.0000,0.0000,0.0000,0.0000,0.0000,2550.0000,0.0000,0.0000,0.0000,0.0000,156,0,0,0,0,87,0,0,0,0
zc,WS301,2012-06-25 09:05:41.413,2550.0000,451150,0,0.0000,0.0000,0,0,空换,S,2549.0000,0.0000,0.0000,0.0000,0.0000,2550.0000,0.0000,0.0000,0.0000,0.0000,157,0,0,0,0,87,0,0,0,0
zc,WS301,2012-06-25 09:05:41.927,2550.0000,451154,4,0.0000,4.0000,4,0,双开,S,2549.0000,0.0000,0.0000,0.0000,0.0000,2550.0000,0.0000,0.0000,0.0000,0.0000,154,0,0,0,0,85,0,0,0,0
zc,WS301,2012-06-25 09:05:42.710,2550.0000,451194,40,0.0000,40.0000,40,0,双开,S,2549.0000,0.0000,0.0000,0.0000,0.0000,2550.0000,0.0000,0.0000,0.0000,0.0000,155,0,0,0,0,116,0,0,0,0
zc,WS301,2012-06-25 09:05:43.223,2550.0000,451200,6,0.0000,6.0000,6,0,双开,S,2549.0000,0.0000,0.0000,0.0000,0.0000,2550.0000,0.0000,0.0000,0.0000,0.0000,155,0,0,0,0,114,0,0,0,0
zc,WS301,2012-06-25 09:05:43.897,2550.0000,451200,0,0.0000,0.0000,0,0,空换,S,2549.0000,0.0000,0.0000,0.0000,0.0000,2550.0000,0.0000,0.0000,0.0000,0.0000,155,0,0,0,0,159,0,0,0,0
zc,WS301,2012-06-25 09:05:44.210,2550.0000,451210,10,0.0000,10.0000,10,0,双开,S,2549.0000,0.0000,0.0000,0.0000,0.0000,2550.0000,0.0000,0.0000,0.0000,0.0000,155,0,0,0,0,159,0,0,0,0
zc,WS301,2012-06-25 09:05:44.913,2550.0000,451214,4,0.0000,4.0000,4,0,双开,S,2549.0000,0.0000,0.0000,0.0000,0.0000,2550.0000,0.0000,0.0000,0.0000,0.0000,154,0,0,0,0,167,0,0,0,0
zc,WS301,2012-06-25 09:05:45.380,2549.0000,451244,30,0.0000,82.0000,56,26,空开,S,2549.0000,0.0000,0.0000,0.0000,0.0000,2550.0000,0.0000,0.0000,0.0000,0.0000,144,0,0,0,0,136,0,0,0,0
zc,WS301,2012-06-25 09:05:46.210,2549.0000,451244,0,0.0000,0.0000,0,0,空换,S,2549.0000,0.0000,0.0000,0.0000,0.0000,2550.0000,0.0000,0.0000,0.0000,0.0000,145,0,0,0,0,136,0,0,0,0
zc,WS301,2012-06-25 09:05:46.740,2550.0000,451240,-4,0.0000,18.0000,7,11,空平,B,2549.0000,0.0000,0.0000,0.0000,0.0000,2550.0000,0.0000,0.0000,0.0000,0.0000,131,0,0,0,0,129,0,0,0,0
zc,WS301,2012-06-25 09:05:47.413,2550.0000,451240,0,0.0000,0.0000,0,0,多换,B,2549.0000,0.0000,0.0000,0.0000,0.0000,2550.0000,0.0000,0.0000,0.0000,0.0000,131,0,0,0,0,130,0,0,0,0
zc,WS301,2012-06-25 09:05:47.850,2550.0000,451240,0,0.0000,0.0000,0,0,多换,B,2549.0000,0.0000,0.0000,0.0000,0.0000,2550.0000,0.0000,0.0000,0.0000,0.0000,125,0,0,0,0,131,0,0,0,0
zc,WS301,2012-06-25 09:05:48.710,2549.0000,451220,-20,0.0000,26.0000,3,23,多平,S,2549.0000,0.0000,0.0000,0.0000,0.0000,2550.0000,0.0000,0.0000,0.0000,0.0000,108,0,0,0,0,137,0,0,0,0
zc,WS301,2012-06-25 09:05:49.067,2550.0000,451218,-2,0.0000,22.0000,10,12,空平,B,2549.0000,0.0000,0.0000,0.0000,0.0000,2550.0000,0.0000,0.0000,0.0000,0.0000,108,0,0,0,0,126,0,0,0,0
zc,WS301,2012-06-25 09:05:49.210,2549.0000,451218,0,0.0000,204.0000,102,102,空换,S,2549.0000,0.0000,0.0000,0.0000,0.0000,2550.0000,0.0000,0.0000,0.0000,0.0000,6,0,0,0,0,128,0,0,0,0
zc,WS301,2012-06-25 09:05:50.053,2550.0000,451218,0,0.0000,2.0000,1,1,多换,B,2549.0000,0.0000,0.0000,0.0000,0.0000,2550.0000,0.0000,0.0000,0.0000,0.0000,7,0,0,0,0,127,0,0,0,0
zc,WS301,2012-06-25 09:05:50.630,2549.0000,451218,0,0.0000,2.0000,1,1,空换,S,2549.0000,0.0000,0.0000,0.0000,0.0000,2550.0000,0.0000,0.0000,0.0000,0.0000,6,0,0,0,0,127,0,0,0,0
zc,WS301,2012-06-25 09:05:51.193,2549.0000,451218,0,0.0000,2.0000,1,1,空换,S,2549.0000,0.0000,0.0000,0.0000,0.0000,2550.0000,0.0000,0.0000,0.0000,0.0000,6,0,0,0,0,127,0,0,0,0
zc,WS301,2012-06-25 09:05:51.740,2549.0000,451214,-4,0.0000,28.0000,12,16,多平,S,2548.0000,0.0000,0.0000,0.0000,0.0000,2549.0000,0.0000,0.0000,0.0000,0.0000,164,0,0,0,0,14,0,0,0,0
zc,WS301,2012-06-25 09:05:52.177,2549.0000,451214,0,0.0000,2.0000,1,1,空换,S,2548.0000,0.0000,0.0000,0.0000,0.0000,2549.0000,0.0000,0.0000,0.0000,0.0000,167,0,0,0,0,13,0,0,0,0
zc,WS301,2012-06-25 09:05:52.897,2549.0000,451214,0,0.0000,8.0000,4,4,空换,S,2548.0000,0.0000,0.0000,0.0000,0.0000,2549.0000,0.0000,0.0000,0.0000,0.0000,169,0,0,0,0,12,0,0,0,0
zc,WS301,2012-06-25 09:05:53.367,2549.0000,451214,0,0.0000,0.0000,0,0,空换,S,2548.0000,0.0000,0.0000,0.0000,0.0000,2549.0000,0.0000,0.0000,0.0000,0.0000,170,0,0,0,0,12,0,0,0,0
zc,WS301,2012-06-25 09:05:53.880,2549.0000,451194,-20,0.0000,22.0000,1,21,多平,S,2548.0000,0.0000,0.0000,0.0000,0.0000,2549.0000,0.0000,0.0000,0.0000,0.0000,160,0,0,0,0,21,0,0,0,0
