市场代码,合约代码,时间,最新,持仓,增仓,成交额,成交量,开仓,平仓,成交类型,方向,买一价,买二价,买三价,买四价,买五价,卖一价,卖二价,卖三价,卖四价,卖五价,买一量,买二量,买三量,买四量,买五量,卖一量,卖二量,卖三量,卖四量,卖五量
zc,TA209,2012-06-11 08:11:01.117,0.0000,525712,0,0.0000,0.0000,0,0,空换,S,0.0000,0.0000,0.0000,0.0000,0.0000,0.0000,0.0000,0.0000,0.0000,0.0000,0,0,0,0,0,0,0,0,0,0
zc,TA209,2012-06-11 08:35:02.430,0.0000,525712,0,0.0000,0.0000,0,0,空换,S,0.0000,0.0000,0.0000,0.0000,0.0000,0.0000,0.0000,0.0000,0.0000,0.0000,0,0,0,0,0,0,0,0,0,0
zc,TA209,2012-06-11 08:55:01.210,0.0000,525712,0,0.0000,0.0000,0,0,空换,S,0.0000,0.0000,0.0000,0.0000,0.0000,0.0000,0.0000,0.0000,0.0000,0.0000,0,0,0,0,0,0,0,0,0,0
zc,TA209,2012-06-11 08:55:01.990,0.0000,525712,0,0.0000,0.0000,0,0,空换,S,0.0000,0.0000,0.0000,0.0000,0.0000,0.0000,0.0000,0.0000,0.0000,0.0000,0,0,0,0,0,0,0,0,0,0
zc,TA209,2012-06-11 08:55:02.490,0.0000,525712,0,0.0000,0.0000,0,0,空换,S,0.0000,0.0000,0.0000,0.0000,0.0000,0.0000,0.0000,0.0000,0.0000,0.0000,0,0,0,0,0,0,0,0,0,0
zc,TA209,2012-06-11 08:55:02.947,0.0000,525712,0,0.0000,0.0000,0,0,空换,S,0.0000,0.0000,0.0000,0.0000,0.0000,0.0000,0.0000,0.0000,0.0000,0.0000,0,0,0,0,0,0,0,0,0,0
zc,TA209,2012-06-11 08:55:03.697,0.0000,525712,0,0.0000,0.0000,0,0,空换,S,0.0000,0.0000,0.0000,0.0000,0.0000,0.0000,0.0000,0.0000,0.0000,0.0000,0,0,0,0,0,0,0,0,0,0
zc,TA209,2012-06-11 08:55:04.197,0.0000,525712,0,0.0000,0.0000,0,0,空换,S,0.0000,0.0000,0.0000,0.0000,0.0000,0.0000,0.0000,0.0000,0.0000,0.0000,0,0,0,0,0,0,0,0,0,0
zc,TA209,2012-06-11 08:55:06.947,0.0000,525712,0,0.0000,0.0000,0,0,空换,S,0.0000,0.0000,0.0000,0.0000,0.0000,0.0000,0.0000,0.0000,0.0000,0.0000,0,0,0,0,0,0,0,0,0,0
zc,TA209,2012-06-11 08:55:07.697,0.0000,525712,0,0.0000,0.0000,0,0,空换,S,0.0000,0.0000,0.0000,0.0000,0.0000,0.0000,0.0000,0.0000,0.0000,0.0000,0,0,0,0,0,0,0,0,0,0
zc,TA209,2012-06-11 08:55:08.697,0.0000,525712,0,0.0000,0.0000,0,0,空换,S,0.0000,0.0000,0.0000,0.0000,0.0000,0.0000,0.0000,0.0000,0.0000,0.0000,0,0,0,0,0,0,0,0,0,0
zc,TA209,2012-06-11 08:55:16.197,0.0000,525712,0,0.0000,0.0000,0,0,空换,S,0.0000,0.0000,0.0000,0.0000,0.0000,0.0000,0.0000,0.0000,0.0000,0.0000,0,0,0,0,0,0,0,0,0,0
zc,TA209,2012-06-11 08:55:16.930,0.0000,525712,0,0.0000,0.0000,0,0,空换,S,0.0000,0.0000,0.0000,0.0000,0.0000,0.0000,0.0000,0.0000,0.0000,0.0000,0,0,0,0,0,0,0,0,0,0
zc,TA209,2012-06-11 08:55:18.430,0.0000,525712,0,0.0000,0.0000,0,0,空换,S,0.0000,0.0000,0.0000,0.0000,0.0000,0.0000,0.0000,0.0000,0.0000,0.0000,0,0,0,0,0,0,0,0,0,0
zc,TA209,2012-06-11 08:55:26.430,0.0000,525712,0,0.0000,0.0000,0,0,空换,S,0.0000,0.0000,0.0000,0.0000,0.0000,0.0000,0.0000,0.0000,0.0000,0.0000,0,0,0,0,0,0,0,0,0,0
zc,TA209,2012-06-11 08:55:36.680,0.0000,525712,0,0.0000,0.0000,0,0,空换,S,0.0000,0.0000,0.0000,0.0000,0.0000,0.0000,0.0000,0.0000,0.0000,0.0000,0,0,0,0,0,0,0,0,0,0
zc,TA209,2012-06-11 08:55:37.930,0.0000,525712,0,0.0000,0.0000,0,0,空换,S,0.0000,0.0000,0.0000,0.0000,0.0000,0.0000,0.0000,0.0000,0.0000,0.0000,0,0,0,0,0,0,0,0,0,0
zc,TA209,2012-06-11 08:55:40.180,0.0000,525712,0,0.0000,0.0000,0,0,空换,S,0.0000,0.0000,0.0000,0.0000,0.0000,0.0000,0.0000,0.0000,0.0000,0.0000,0,0,0,0,0,0,0,0,0,0
zc,TA209,2012-06-11 08:55:42.680,0.0000,525712,0,0.0000,0.0000,0,0,空换,S,0.0000,0.0000,0.0000,0.0000,0.0000,0.0000,0.0000,0.0000,0.0000,0.0000,0,0,0,0,0,0,0,0,0,0
zc,TA209,2012-06-11 08:55:45.430,0.0000,525712,0,0.0000,0.0000,0,0,空换,S,0.0000,0.0000,0.0000,0.0000,0.0000,0.0000,0.0000,0.0000,0.0000,0.0000,0,0,0,0,0,0,0,0,0,0
zc,TA209,2012-06-11 08:55:45.947,0.0000,525712,0,0.0000,0.0000,0,0,空换,S,0.0000,0.0000,0.0000,0.0000,0.0000,0.0000,0.0000,0.0000,0.0000,0.0000,0,0,0,0,0,0,0,0,0,0
zc,TA209,2012-06-11 08:55:50.930,0.0000,525712,0,0.0000,0.0000,0,0,空换,S,0.0000,0.0000,0.0000,0.0000,0.0000,0.0000,0.0000,0.0000,0.0000,0.0000,0,0,0,0,0,0,0,0,0,0
zc,TA209,2012-06-11 08:55:55.680,0.0000,525712,0,0.0000,0.0000,0,0,空换,S,0.0000,0.0000,0.0000,0.0000,0.0000,0.0000,0.0000,0.0000,0.0000,0.0000,0,0,0,0,0,0,0,0,0,0
zc,TA209,2012-06-11 08:55:58.930,0.0000,525712,0,0.0000,0.0000,0,0,空换,S,0.0000,0.0000,0.0000,0.0000,0.0000,0.0000,0.0000,0.0000,0.0000,0.0000,0,0,0,0,0,0,0,0,0,0
zc,TA209,2012-06-11 08:56:10.447,0.0000,525712,0,0.0000,0.0000,0,0,空换,S,0.0000,0.0000,0.0000,0.0000,0.0000,0.0000,0.0000,0.0000,0.0000,0.0000,0,0,0,0,0,0,0,0,0,0
zc,TA209,2012-06-11 08:57:10.430,0.0000,525712,0,0.0000,0.0000,0,0,空换,S,0.0000,0.0000,0.0000,0.0000,0.0000,0.0000,0.0000,0.0000,0.0000,0.0000,0,0,0,0,0,0,0,0,0,0
zc,TA209,2012-06-11 08:57:11.430,0.0000,525712,0,0.0000,0.0000,0,0,空换,S,0.0000,0.0000,0.0000,0.0000,0.0000,0.0000,0.0000,0.0000,0.0000,0.0000,0,0,0,0,0,0,0,0,0,0
zc,TA209,2012-06-11 08:57:11.960,0.0000,525712,0,0.0000,0.0000,0,0,空换,S,0.0000,0.0000,0.0000,0.0000,0.0000,0.0000,0.0000,0.0000,0.0000,0.0000,0,0,0,0,0,0,0,0,0,0
zc,TA209,2012-06-11 08:57:17.447,0.0000,525712,0,0.0000,0.0000,0,0,空换,S,0.0000,0.0000,0.0000,0.0000,0.0000,0.0000,0.0000,0.0000,0.0000,0.0000,0,0,0,0,0,0,0,0,0,0
zc,TA209,2012-06-11 08:57:17.960,0.0000,525712,0,0.0000,0.0000,0,0,空换,S,0.0000,0.0000,0.0000,0.0000,0.0000,0.0000,0.0000,0.0000,0.0000,0.0000,0,0,0,0,0,0,0,0,0,0
zc,TA209,2012-06-11 08:57:18.697,0.0000,525712,0,0.0000,0.0000,0,0,空换,S,0.0000,0.0000,0.0000,0.0000,0.0000,0.0000,0.0000,0.0000,0.0000,0.0000,0,0,0,0,0,0,0,0,0,0
zc,TA209,2012-06-11 08:57:20.180,0.0000,525712,0,0.0000,0.0000,0,0,空换,S,0.0000,0.0000,0.0000,0.0000,0.0000,0.0000,0.0000,0.0000,0.0000,0.0000,0,0,0,0,0,0,0,0,0,0
zc,TA209,2012-06-11 08:57:20.680,0.0000,525712,0,0.0000,0.0000,0,0,空换,S,0.0000,0.0000,0.0000,0.0000,0.0000,0.0000,0.0000,0.0000,0.0000,0.0000,0,0,0,0,0,0,0,0,0,0
zc,TA209,2012-06-11 08:57:28.180,0.0000,525712,0,0.0000,0.0000,0,0,空换,S,0.0000,0.0000,0.0000,0.0000,0.0000,0.0000,0.0000,0.0000,0.0000,0.0000,0,0,0,0,0,0,0,0,0,0
zc,TA209,2012-06-11 08:57:28.697,0.0000,525712,0,0.0000,0.0000,0,0,空换,S,0.0000,0.0000,0.0000,0.0000,0.0000,0.0000,0.0000,0.0000,0.0000,0.0000,0,0,0,0,0,0,0,0,0,0
zc,TA209,2012-06-11 08:57:30.947,0.0000,525712,0,0.0000,0.0000,0,0,空换,S,0.0000,0.0000,0.0000,0.0000,0.0000,0.0000,0.0000,0.0000,0.0000,0.0000,0,0,0,0,0,0,0,0,0,0
zc,TA209,2012-06-11 08:57:31.447,0.0000,525712,0,0.0000,0.0000,0,0,空换,S,0.0000,0.0000,0.0000,0.0000,0.0000,0.0000,0.0000,0.0000,0.0000,0.0000,0,0,0,0,0,0,0,0,0,0
zc,TA209,2012-06-11 08:57:43.430,0.0000,525712,0,0.0000,0.0000,0,0,空换,S,0.0000,0.0000,0.0000,0.0000,0.0000,0.0000,0.0000,0.0000,0.0000,0.0000,0,0,0,0,0,0,0,0,0,0
zc,TA209,2012-06-11 08:57:45.430,0.0000,525712,0,0.0000,0.0000,0,0,空换,S,0.0000,0.0000,0.0000,0.0000,0.0000,0.0000,0.0000,0.0000,0.0000,0.0000,0,0,0,0,0,0,0,0,0,0
zc,TA209,2012-06-11 08:57:51.947,0.0000,525712,0,0.0000,0.0000,0,0,空换,S,0.0000,0.0000,0.0000,0.0000,0.0000,0.0000,0.0000,0.0000,0.0000,0.0000,0,0,0,0,0,0,0,0,0,0
zc,TA209,2012-06-11 08:57:55.680,0.0000,525712,0,0.0000,0.0000,0,0,空换,S,0.0000,0.0000,0.0000,0.0000,0.0000,0.0000,0.0000,0.0000,0.0000,0.0000,0,0,0,0,0,0,0,0,0,0
zc,TA209,2012-06-11 08:57:57.430,0.0000,525712,0,0.0000,0.0000,0,0,空换,S,0.0000,0.0000,0.0000,0.0000,0.0000,0.0000,0.0000,0.0000,0.0000,0.0000,0,0,0,0,0,0,0,0,0,0
zc,TA209,2012-06-11 08:57:57.930,0.0000,525712,0,0.0000,0.0000,0,0,空换,S,0.0000,0.0000,0.0000,0.0000,0.0000,0.0000,0.0000,0.0000,0.0000,0.0000,0,0,0,0,0,0,0,0,0,0
zc,TA209,2012-06-11 08:58:00.197,0.0000,525712,0,0.0000,0.0000,0,0,空换,S,0.0000,0.0000,0.0000,0.0000,0.0000,0.0000,0.0000,0.0000,0.0000,0.0000,0,0,0,0,0,0,0,0,0,0
zc,TA209,2012-06-11 08:58:02.697,0.0000,525712,0,0.0000,0.0000,0,0,空换,S,0.0000,0.0000,0.0000,0.0000,0.0000,0.0000,0.0000,0.0000,0.0000,0.0000,0,0,0,0,0,0,0,0,0,0
zc,TA209,2012-06-11 08:58:39.680,0.0000,525712,0,0.0000,0.0000,0,0,空换,S,0.0000,0.0000,0.0000,0.0000,0.0000,0.0000,0.0000,0.0000,0.0000,0.0000,0,0,0,0,0,0,0,0,0,0
zc,TA209,2012-06-11 08:59:01.163,7148.0000,523004,-2708,0.0000,7566.0000,2429,5137,空平,B,7146.0000,0.0000,0.0000,0.0000,0.0000,7148.0000,0.0000,0.0000,0.0000,0.0000,3,0,0,0,0,210,0,0,0,0
zc,TA209,2012-06-11 09:00:01.070,7146.0000,523000,-4,0.0000,32.0000,14,18,多平,S,7144.0000,0.0000,0.0000,0.0000,0.0000,7146.0000,0.0000,0.0000,0.0000,0.0000,1,0,0,0,0,44,0,0,0,0
zc,TA209,2012-06-11 09:00:02.147,7150.0000,522754,-246,0.0000,4400.0000,2077,2323,空平,B,7148.0000,0.0000,0.0000,0.0000,0.0000,7150.0000,0.0000,0.0000,0.0000,0.0000,260,0,0,0,0,1343,0,0,0,0
zc,TA209,2012-06-11 09:00:04.147,7150.0000,523174,420,0.0000,5342.0000,2881,2461,多开,B,7148.0000,0.0000,0.0000,0.0000,0.0000,7150.0000,0.0000,0.0000,0.0000,0.0000,21,0,0,0,0,981,0,0,0,0
zc,TA209,2012-06-11 09:00:05.367,7142.0000,522480,-694,0.0000,1588.0000,447,1141,多平,S,7140.0000,0.0000,0.0000,0.0000,0.0000,7142.0000,0.0000,0.0000,0.0000,0.0000,217,0,0,0,0,14,0,0,0,0
zc,TA209,2012-06-11 09:00:05.837,7146.0000,522000,-480,0.0000,740.0000,130,610,空平,B,7146.0000,0.0000,0.0000,0.0000,0.0000,7148.0000,0.0000,0.0000,0.0000,0.0000,1,0,0,0,0,1092,0,0,0,0
zc,TA209,2012-06-11 09:00:06.570,7148.0000,522046,46,0.0000,194.0000,120,74,多开,B,7144.0000,0.0000,0.0000,0.0000,0.0000,7148.0000,0.0000,0.0000,0.0000,0.0000,1,0,0,0,0,1100,0,0,0,0
zc,TA209,2012-06-11 09:00:07.053,7148.0000,522070,24,0.0000,206.0000,115,91,多开,B,7146.0000,0.0000,0.0000,0.0000,0.0000,7148.0000,0.0000,0.0000,0.0000,0.0000,67,0,0,0,0,1120,0,0,0,0
zc,TA209,2012-06-11 09:00:08.087,7144.0000,522424,354,0.0000,672.0000,513,159,空开,S,7142.0000,0.0000,0.0000,0.0000,0.0000,7144.0000,0.0000,0.0000,0.0000,0.0000,297,0,0,0,0,31,0,0,0,0
zc,TA209,2012-06-11 09:00:08.553,7144.0000,522364,-60,0.0000,364.0000,152,212,多平,S,7142.0000,0.0000,0.0000,0.0000,0.0000,7144.0000,0.0000,0.0000,0.0000,0.0000,260,0,0,0,0,19,0,0,0,0
zc,TA209,2012-06-11 09:00:09.053,7144.0000,522502,138,0.0000,364.0000,251,113,空开,S,7144.0000,0.0000,0.0000,0.0000,0.0000,7146.0000,0.0000,0.0000,0.0000,0.0000,58,0,0,0,0,323,0,0,0,0
zc,TA209,2012-06-11 09:00:09.820,7144.0000,522608,106,0.0000,538.0000,322,216,空开,S,7142.0000,0.0000,0.0000,0.0000,0.0000,7144.0000,0.0000,0.0000,0.0000,0.0000,68,0,0,0,0,42,0,0,0,0
zc,TA209,2012-06-11 09:00:10.553,7144.0000,522882,274,0.0000,546.0000,410,136,空开,S,7142.0000,0.0000,0.0000,0.0000,0.0000,7144.0000,0.0000,0.0000,0.0000,0.0000,37,0,0,0,0,142,0,0,0,0
zc,TA209,2012-06-11 09:00:11.087,7142.0000,522588,-294,0.0000,502.0000,104,398,多平,S,7140.0000,0.0000,0.0000,0.0000,0.0000,7142.0000,0.0000,0.0000,0.0000,0.0000,111,0,0,0,0,89,0,0,0,0
zc,TA209,2012-06-11 09:00:12.087,7140.0000,522890,302,0.0000,668.0000,485,183,空开,S,7138.0000,0.0000,0.0000,0.0000,0.0000,7140.0000,0.0000,0.0000,0.0000,0.0000,17,0,0,0,0,78,0,0,0,0
zc,TA209,2012-06-11 09:00:12.570,7138.0000,523040,150,0.0000,380.0000,265,115,空开,S,7136.0000,0.0000,0.0000,0.0000,0.0000,7138.0000,0.0000,0.0000,0.0000,0.0000,141,0,0,0,0,89,0,0,0,0
zc,TA209,2012-06-11 09:00:13.350,7136.0000,523050,10,0.0000,66.0000,38,28,空开,S,7136.0000,0.0000,0.0000,0.0000,0.0000,7138.0000,0.0000,0.0000,0.0000,0.0000,123,0,0,0,0,88,0,0,0,0
zc,TA209,2012-06-11 09:00:13.820,7136.0000,523114,64,0.0000,460.0000,262,198,空开,S,7134.0000,0.0000,0.0000,0.0000,0.0000,7136.0000,0.0000,0.0000,0.0000,0.0000,14,0,0,0,0,83,0,0,0,0
zc,TA209,2012-06-11 09:00:14.553,7134.0000,523008,-106,0.0000,338.0000,116,222,多平,S,7134.0000,0.0000,0.0000,0.0000,0.0000,7136.0000,0.0000,0.0000,0.0000,0.0000,38,0,0,0,0,67,0,0,0,0
zc,TA209,2012-06-11 09:00:15.037,7136.0000,522952,-56,0.0000,198.0000,71,127,空平,B,7134.0000,0.0000,0.0000,0.0000,0.0000,7136.0000,0.0000,0.0000,0.0000,0.0000,23,0,0,0,0,108,0,0,0,0
zc,TA209,2012-06-11 09:00:15.570,7136.0000,522628,-324,0.0000,496.0000,86,410,空平,B,7136.0000,0.0000,0.0000,0.0000,0.0000,7140.0000,0.0000,0.0000,0.0000,0.0000,39,0,0,0,0,326,0,0,0,0
zc,TA209,2012-06-11 09:00:16.350,7136.0000,522586,-42,0.0000,226.0000,92,134,空平,B,7138.0000,0.0000,0.0000,0.0000,0.0000,7140.0000,0.0000,0.0000,0.0000,0.0000,3,0,0,0,0,317,0,0,0,0
zc,TA209,2012-06-11 09:00:17.100,7136.0000,522424,-162,0.0000,472.0000,155,317,空平,B,7136.0000,0.0000,0.0000,0.0000,0.0000,7138.0000,0.0000,0.0000,0.0000,0.0000,200,0,0,0,0,7,0,0,0,0
zc,TA209,2012-06-11 09:00:17.820,7138.0000,522294,-130,0.0000,642.0000,256,386,空平,B,7136.0000,0.0000,0.0000,0.0000,0.0000,7138.0000,0.0000,0.0000,0.0000,0.0000,147,0,0,0,0,50,0,0,0,0
zc,TA209,2012-06-11 09:00:18.570,7140.0000,522086,-208,0.0000,370.0000,81,289,空平,B,7140.0000,0.0000,0.0000,0.0000,0.0000,7142.0000,0.0000,0.0000,0.0000,0.0000,108,0,0,0,0,53,0,0,0,0
zc,TA209,2012-06-11 09:00:19.053,7142.0000,521852,-234,0.0000,894.0000,330,564,空平,B,7142.0000,0.0000,0.0000,0.0000,0.0000,7144.0000,0.0000,0.0000,0.0000,0.0000,174,0,0,0,0,22,0,0,0,0
zc,TA209,2012-06-11 09:00:19.803,7146.0000,521718,-134,0.0000,286.0000,76,210,空平,B,7146.0000,0.0000,0.0000,0.0000,0.0000,7148.0000,0.0000,0.0000,0.0000,0.0000,25,0,0,0,0,1148,0,0,0,0
zc,TA209,2012-06-11 09:00:20.537,7148.0000,521618,-100,0.0000,880.0000,390,490,空平,B,7146.0000,0.0000,0.0000,0.0000,0.0000,7148.0000,0.0000,0.0000,0.0000,0.0000,1,0,0,0,0,1015,0,0,0,0
zc,TA209,2012-06-11 09:00:21.337,7144.0000,521542,-76,0.0000,650.0000,287,363,多平,S,7142.0000,0.0000,0.0000,0.0000,0.0000,7144.0000,0.0000,0.0000,0.0000,0.0000,323,0,0,0,0,20,0,0,0,0
zc,TA209,2012-06-11 09:00:21.773,7142.0000,521288,-254,0.0000,272.0000,9,263,多平,S,7142.0000,0.0000,0.0000,0.0000,0.0000,7144.0000,0.0000,0.0000,0.0000,0.0000,208,0,0,0,0,11,0,0,0,0
zc,TA209,2012-06-11 09:00:22.523,7144.0000,521306,18,0.0000,70.0000,44,26,多开,B,7144.0000,0.0000,0.0000,0.0000,0.0000,7146.0000,0.0000,0.0000,0.0000,0.0000,29,0,0,0,0,81,0,0,0,0
zc,TA209,2012-06-11 09:00:23.053,7144.0000,521360,54,0.0000,68.0000,61,7,多开,B,7144.0000,0.0000,0.0000,0.0000,0.0000,7146.0000,0.0000,0.0000,0.0000,0.0000,27,0,0,0,0,81,0,0,0,0
zc,TA209,2012-06-11 09:00:23.553,7146.0000,521220,-140,0.0000,246.0000,53,193,空平,B,7146.0000,0.0000,0.0000,0.0000,0.0000,7148.0000,0.0000,0.0000,0.0000,0.0000,141,0,0,0,0,884,0,0,0,0
zc,TA209,2012-06-11 09:00:24.303,7146.0000,521204,-16,0.0000,208.0000,96,112,空平,B,7146.0000,0.0000,0.0000,0.0000,0.0000,7148.0000,0.0000,0.0000,0.0000,0.0000,349,0,0,0,0,833,0,0,0,0
zc,TA209,2012-06-11 09:00:24.757,7146.0000,521130,-74,0.0000,188.0000,57,131,空平,B,7146.0000,0.0000,0.0000,0.0000,0.0000,7148.0000,0.0000,0.0000,0.0000,0.0000,461,0,0,0,0,815,0,0,0,0
zc,TA209,2012-06-11 09:00:25.287,7148.0000,521104,-26,0.0000,154.0000,64,90,空平,B,7146.0000,0.0000,0.0000,0.0000,0.0000,7148.0000,0.0000,0.0000,0.0000,0.0000,439,0,0,0,0,774,0,0,0,0
zc,TA209,2012-06-11 09:00:25.787,7148.0000,521080,-24,0.0000,252.0000,114,138,空平,B,7146.0000,0.0000,0.0000,0.0000,0.0000,7148.0000,0.0000,0.0000,0.0000,0.0000,383,0,0,0,0,765,0,0,0,0
zc,TA209,2012-06-11 09:00:26.820,7146.0000,521072,-8,0.0000,574.0000,283,291,多平,S,7146.0000,0.0000,0.0000,0.0000,0.0000,7148.0000,0.0000,0.0000,0.0000,0.0000,166,0,0,0,0,598,0,0,0,0
zc,TA209,2012-06-11 09:00:27.303,7146.0000,521786,714,0.0000,954.0000,834,120,空开,S,7144.0000,0.0000,0.0000,0.0000,0.0000,7146.0000,0.0000,0.0000,0.0000,0.0000,443,0,0,0,0,108,0,0,0,0
zc,TA209,2012-06-11 09:00:28.053,7144.0000,521888,102,0.0000,726.0000,414,312,空开,S,7146.0000,0.0000,0.0000,0.0000,0.0000,7148.0000,0.0000,0.0000,0.0000,0.0000,12,0,0,0,0,227,0,0,0,0
zc,TA209,2012-06-11 09:00:29.053,7146.0000,522018,130,0.0000,252.0000,191,61,多开,B,7146.0000,0.0000,0.0000,0.0000,0.0000,7148.0000,0.0000,0.0000,0.0000,0.0000,11,0,0,0,0,228,0,0,0,0
zc,TA209,2012-06-11 09:00:29.537,7146.0000,521970,-48,0.0000,100.0000,26,74,空平,B,7146.0000,0.0000,0.0000,0.0000,0.0000,7148.0000,0.0000,0.0000,0.0000,0.0000,78,0,0,0,0,187,0,0,0,0
zc,TA209,2012-06-11 09:00:30.023,7150.0000,522082,112,0.0000,984.0000,548,436,多开,B,7148.0000,0.0000,0.0000,0.0000,0.0000,7150.0000,0.0000,0.0000,0.0000,0.0000,69,0,0,0,0,2048,0,0,0,0
zc,TA209,2012-06-11 09:00:30.803,7146.0000,521342,-740,0.0000,996.0000,128,868,多平,S,7144.0000,0.0000,0.0000,0.0000,0.0000,7146.0000,0.0000,0.0000,0.0000,0.0000,102,0,0,0,0,4,0,0,0,0
zc,TA209,2012-06-11 09:00:31.587,7148.0000,521124,-218,0.0000,358.0000,70,288,空平,B,7148.0000,0.0000,0.0000,0.0000,0.0000,7150.0000,0.0000,0.0000,0.0000,0.0000,12,0,0,0,0,2034,0,0,0,0
zc,TA209,2012-06-11 09:00:32.023,7148.0000,521064,-60,0.0000,102.0000,21,81,空平,B,7146.0000,0.0000,0.0000,0.0000,0.0000,7148.0000,0.0000,0.0000,0.0000,0.0000,192,0,0,0,0,1,0,0,0,0
zc,TA209,2012-06-11 09:00:32.820,7150.0000,521018,-46,0.0000,238.0000,96,142,空平,B,7146.0000,0.0000,0.0000,0.0000,0.0000,7148.0000,0.0000,0.0000,0.0000,0.0000,211,0,0,0,0,11,0,0,0,0
zc,TA209,2012-06-11 09:00:33.257,7148.0000,521060,42,0.0000,302.0000,172,130,空开,S,7146.0000,0.0000,0.0000,0.0000,0.0000,7148.0000,0.0000,0.0000,0.0000,0.0000,202,0,0,0,0,23,0,0,0,0
zc,TA209,2012-06-11 09:00:34.023,7150.0000,521018,-42,0.0000,186.0000,72,114,空平,B,7148.0000,0.0000,0.0000,0.0000,0.0000,7150.0000,0.0000,0.0000,0.0000,0.0000,288,0,0,0,0,1974,0,0,0,0
zc,TA209,2012-06-11 09:00:34.757,7148.0000,520022,-996,0.0000,1144.0000,74,1070,多平,S,7148.0000,0.0000,0.0000,0.0000,0.0000,7150.0000,0.0000,0.0000,0.0000,0.0000,329,0,0,0,0,1509,0,0,0,0
zc,TA209,2012-06-11 09:00:35.287,7150.0000,519752,-270,0.0000,1920.0000,825,1095,空平,B,7148.0000,0.0000,0.0000,0.0000,0.0000,7150.0000,0.0000,0.0000,0.0000,0.0000,316,0,0,0,0,591,0,0,0,0
zc,TA209,2012-06-11 09:00:36.117,7152.0000,520810,1058,0.0000,1486.0000,1272,214,多开,B,7150.0000,0.0000,0.0000,0.0000,0.0000,7152.0000,0.0000,0.0000,0.0000,0.0000,271,0,0,0,0,49,0,0,0,0
zc,TA209,2012-06-11 09:00:36.820,7152.0000,520782,-28,0.0000,386.0000,179,207,空平,B,7152.0000,0.0000,0.0000,0.0000,0.0000,7154.0000,0.0000,0.0000,0.0000,0.0000,17,0,0,0,0,101,0,0,0,0
zc,TA209,2012-06-11 09:00:37.287,7154.0000,520708,-74,0.0000,292.0000,109,183,空平,B,7154.0000,0.0000,0.0000,0.0000,0.0000,7156.0000,0.0000,0.0000,0.0000,0.0000,206,0,0,0,0,213,0,0,0,0
zc,TA209,2012-06-11 09:00:38.240,7154.0000,520444,-264,0.0000,296.0000,16,280,空平,B,7154.0000,0.0000,0.0000,0.0000,0.0000,7156.0000,0.0000,0.0000,0.0000,0.0000,138,0,0,0,0,137,0,0,0,0
zc,TA209,2012-06-11 09:00:38.773,7156.0000,520542,98,0.0000,334.0000,216,118,多开,B,7154.0000,0.0000,0.0000,0.0000,0.0000,7156.0000,0.0000,0.0000,0.0000,0.0000,121,0,0,0,0,11,0,0,0,0
zc,TA209,2012-06-11 09:00:39.820,7156.0000,520170,-372,0.0000,824.0000,226,598,空平,B,7156.0000,0.0000,0.0000,0.0000,0.0000,7160.0000,0.0000,0.0000,0.0000,0.0000,232,0,0,0,0,48,0,0,0,0
zc,TA209,2012-06-11 09:00:40.523,7158.0000,519848,-322,0.0000,556.0000,117,439,空平,B,7158.0000,0.0000,0.0000,0.0000,0.0000,7162.0000,0.0000,0.0000,0.0000,0.0000,61,0,0,0,0,90,0,0,0,0
zc,TA209,2012-06-11 09:00:41.273,7158.0000,519728,-120,0.0000,142.0000,11,131,空平,B,7158.0000,0.0000,0.0000,0.0000,0.0000,7162.0000,0.0000,0.0000,0.0000,0.0000,70,0,0,0,0,56,0,0,0,0
zc,TA209,2012-06-11 09:00:41.820,7162.0000,519352,-376,0.0000,450.0000,37,413,空平,B,7162.0000,0.0000,0.0000,0.0000,0.0000,7164.0000,0.0000,0.0000,0.0000,0.0000,31,0,0,0,0,292,0,0,0,0
zc,TA209,2012-06-11 09:00:42.537,7162.0000,519152,-200,0.0000,412.0000,106,306,空平,B,7160.0000,0.0000,0.0000,0.0000,0.0000,7162.0000,0.0000,0.0000,0.0000,0.0000,460,0,0,0,0,147,0,0,0,0
zc,TA209,2012-06-11 09:00:43.320,7164.0000,518880,-272,0.0000,562.0000,145,417,空平,B,7162.0000,0.0000,0.0000,0.0000,0.0000,7164.0000,0.0000,0.0000,0.0000,0.0000,14,0,0,0,0,275,0,0,0,0
zc,TA209,2012-06-11 09:00:43.787,7162.0000,518780,-100,0.0000,250.0000,75,175,多平,S,7160.0000,0.0000,0.0000,0.0000,0.0000,7162.0000,0.0000,0.0000,0.0000,0.0000,467,0,0,0,0,411,0,0,0,0
zc,TA209,2012-06-11 09:00:44.257,7162.0000,518628,-152,0.0000,284.0000,66,218,多平,S,7160.0000,0.0000,0.0000,0.0000,0.0000,7162.0000,0.0000,0.0000,0.0000,0.0000,406,0,0,0,0,345,0,0,0,0
zc,TA209,2012-06-11 09:00:45.303,7162.0000,517938,-690,0.0000,958.0000,134,824,多平,S,7158.0000,0.0000,0.0000,0.0000,0.0000,7162.0000,0.0000,0.0000,0.0000,0.0000,60,0,0,0,0,298,0,0,0,0
zc,TA209,2012-06-11 09:00:45.773,7158.0000,517990,52,0.0000,200.0000,126,74,空开,S,7156.0000,0.0000,0.0000,0.0000,0.0000,7158.0000,0.0000,0.0000,0.0000,0.0000,363,0,0,0,0,57,0,0,0,0
zc,TA209,2012-06-11 09:00:46.537,7156.0000,517844,-146,0.0000,512.0000,183,329,多平,S,7156.0000,0.0000,0.0000,0.0000,0.0000,7158.0000,0.0000,0.0000,0.0000,0.0000,321,0,0,0,0,1,0,0,0,0
zc,TA209,2012-06-11 09:00:47.053,7158.0000,517706,-138,0.0000,406.0000,134,272,空平,B,7158.0000,0.0000,0.0000,0.0000,0.0000,7160.0000,0.0000,0.0000,0.0000,0.0000,10,0,0,0,0,33,0,0,0,0
zc,TA209,2012-06-11 09:00:47.803,7158.0000,517546,-160,0.0000,380.0000,110,270,空平,B,7158.0000,0.0000,0.0000,0.0000,0.0000,7162.0000,0.0000,0.0000,0.0000,0.0000,252,0,0,0,0,134,0,0,0,0
zc,TA209,2012-06-11 09:00:48.320,7162.0000,517496,-50,0.0000,156.0000,53,103,空平,B,7160.0000,0.0000,0.0000,0.0000,0.0000,7162.0000,0.0000,0.0000,0.0000,0.0000,328,0,0,0,0,105,0,0,0,0
zc,TA209,2012-06-11 09:00:49.070,7160.0000,517300,-196,0.0000,1878.0000,841,1037,多平,S,7160.0000,0.0000,0.0000,0.0000,0.0000,7162.0000,0.0000,0.0000,0.0000,0.0000,60,0,0,0,0,24,0,0,0,0
zc,TA209,2012-06-11 09:00:49.570,7160.0000,517242,-58,0.0000,342.0000,142,200,多平,S,7162.0000,0.0000,0.0000,0.0000,0.0000,7164.0000,0.0000,0.0000,0.0000,0.0000,23,0,0,0,0,346,0,0,0,0
zc,TA209,2012-06-11 09:00:50.287,7160.0000,517248,6,0.0000,146.0000,76,70,空开,S,7160.0000,0.0000,0.0000,0.0000,0.0000,7164.0000,0.0000,0.0000,0.0000,0.0000,11,0,0,0,0,341,0,0,0,0
zc,TA209,2012-06-11 09:00:50.803,7162.0000,517194,-54,0.0000,156.0000,51,105,空平,B,7162.0000,0.0000,0.0000,0.0000,0.0000,7164.0000,0.0000,0.0000,0.0000,0.0000,33,0,0,0,0,325,0,0,0,0
zc,TA209,2012-06-11 09:00:51.507,7162.0000,517276,82,0.0000,148.0000,115,33,多开,B,7162.0000,0.0000,0.0000,0.0000,0.0000,7164.0000,0.0000,0.0000,0.0000,0.0000,60,0,0,0,0,268,0,0,0,0
zc,TA209,2012-06-11 09:00:52.023,7164.0000,517468,192,0.0000,342.0000,267,75,多开,B,7160.0000,0.0000,0.0000,0.0000,0.0000,7164.0000,0.0000,0.0000,0.0000,0.0000,181,0,0,0,0,190,0,0,0,0
zc,TA209,2012-06-11 09:00:52.803,7164.0000,517490,22,0.0000,104.0000,63,41,多开,B,7162.0000,0.0000,0.0000,0.0000,0.0000,7164.0000,0.0000,0.0000,0.0000,0.0000,1,0,0,0,0,168,0,0,0,0
zc,TA209,2012-06-11 09:00:53.553,7162.0000,517366,-124,0.0000,446.0000,161,285,多平,S,7160.0000,0.0000,0.0000,0.0000,0.0000,7162.0000,0.0000,0.0000,0.0000,0.0000,177,0,0,0,0,62,0,0,0,0
zc,TA209,2012-06-11 09:00:54.320,7160.0000,517438,72,0.0000,330.0000,201,129,空开,S,7160.0000,0.0000,0.0000,0.0000,0.0000,7162.0000,0.0000,0.0000,0.0000,0.0000,110,0,0,0,0,48,0,0,0,0
zc,TA209,2012-06-11 09:00:54.837,7162.0000,517514,76,0.0000,384.0000,230,154,多开,B,7162.0000,0.0000,0.0000,0.0000,0.0000,7164.0000,0.0000,0.0000,0.0000,0.0000,6,0,0,0,0,265,0,0,0,0
zc,TA209,2012-06-11 09:00:55.320,7160.0000,517890,376,0.0000,474.0000,425,49,空开,S,7158.0000,0.0000,0.0000,0.0000,0.0000,7160.0000,0.0000,0.0000,0.0000,0.0000,195,0,0,0,0,78,0,0,0,0
zc,TA209,2012-06-11 09:00:55.837,7162.0000,517992,102,0.0000,334.0000,218,116,多开,B,7162.0000,0.0000,0.0000,0.0000,0.0000,7164.0000,0.0000,0.0000,0.0000,0.0000,6,0,0,0,0,263,0,0,0,0
zc,TA209,2012-06-11 09:00:56.537,7160.0000,517970,-22,0.0000,100.0000,39,61,多平,S,7158.0000,0.0000,0.0000,0.0000,0.0000,7160.0000,0.0000,0.0000,0.0000,0.0000,133,0,0,0,0,124,0,0,0,0
zc,TA209,2012-06-11 09:00:57.037,7160.0000,517848,-122,0.0000,478.0000,178,300,多平,S,7158.0000,0.0000,0.0000,0.0000,0.0000,7160.0000,0.0000,0.0000,0.0000,0.0000,23,0,0,0,0,8,0,0,0,0
zc,TA209,2012-06-11 09:00:58.337,7162.0000,517796,-52,0.0000,156.0000,52,104,空平,B,7160.0000,0.0000,0.0000,0.0000,0.0000,7162.0000,0.0000,0.0000,0.0000,0.0000,80,0,0,0,0,588,0,0,0,0
zc,TA209,2012-06-11 09:00:59.070,7160.0000,517802,6,0.0000,270.0000,138,132,空开,S,7158.0000,0.0000,0.0000,0.0000,0.0000,7160.0000,0.0000,0.0000,0.0000,0.0000,48,0,0,0,0,111,0,0,0,0
zc,TA209,2012-06-11 09:00:59.507,7158.0000,517798,-4,0.0000,316.0000,156,160,多平,S,7158.0000,0.0000,0.0000,0.0000,0.0000,7160.0000,0.0000,0.0000,0.0000,0.0000,39,0,0,0,0,152,0,0,0,0
zc,TA209,2012-06-11 09:01:00.240,7158.0000,517812,14,0.0000,216.0000,115,101,空开,S,7158.0000,0.0000,0.0000,0.0000,0.0000,7160.0000,0.0000,0.0000,0.0000,0.0000,16,0,0,0,0,171,0,0,0,0
zc,TA209,2012-06-11 09:01:01.053,7160.0000,518038,226,0.0000,322.0000,274,48,多开,B,7156.0000,0.0000,0.0000,0.0000,0.0000,7160.0000,0.0000,0.0000,0.0000,0.0000,266,0,0,0,0,69,0,0,0,0
zc,TA209,2012-06-11 09:01:01.553,7156.0000,518000,-38,0.0000,252.0000,107,145,多平,S,7156.0000,0.0000,0.0000,0.0000,0.0000,7158.0000,0.0000,0.0000,0.0000,0.0000,254,0,0,0,0,38,0,0,0,0
zc,TA209,2012-06-11 09:01:03.053,7158.0000,517872,-128,0.0000,934.0000,403,531,空平,B,7156.0000,0.0000,0.0000,0.0000,0.0000,7158.0000,0.0000,0.0000,0.0000,0.0000,75,0,0,0,0,151,0,0,0,0
zc,TA209,2012-06-11 09:01:03.537,7158.0000,517930,58,0.0000,318.0000,188,130,多开,B,7156.0000,0.0000,0.0000,0.0000,0.0000,7158.0000,0.0000,0.0000,0.0000,0.0000,48,0,0,0,0,23,0,0,0,0
zc,TA209,2012-06-11 09:01:04.037,7158.0000,518010,80,0.0000,240.0000,160,80,多开,B,7158.0000,0.0000,0.0000,0.0000,0.0000,7160.0000,0.0000,0.0000,0.0000,0.0000,4,0,0,0,0,150,0,0,0,0
zc,TA209,2012-06-11 09:01:04.803,7156.0000,517996,-14,0.0000,86.0000,36,50,多平,S,7154.0000,0.0000,0.0000,0.0000,0.0000,7156.0000,0.0000,0.0000,0.0000,0.0000,52,0,0,0,0,16,0,0,0,0
zc,TA209,2012-06-11 09:01:05.287,7160.0000,518070,74,0.0000,160.0000,117,43,多开,B,7154.0000,0.0000,0.0000,0.0000,0.0000,7160.0000,0.0000,0.0000,0.0000,0.0000,54,0,0,0,0,126,0,0,0,0
zc,TA209,2012-06-11 09:01:06.070,7160.0000,518008,-62,0.0000,118.0000,28,90,空平,B,7156.0000,0.0000,0.0000,0.0000,0.0000,7160.0000,0.0000,0.0000,0.0000,0.0000,35,0,0,0,0,105,0,0,0,0
zc,TA209,2012-06-11 09:01:06.523,7156.0000,517818,-190,0.0000,280.0000,45,235,多平,S,7156.0000,0.0000,0.0000,0.0000,0.0000,7158.0000,0.0000,0.0000,0.0000,0.0000,151,0,0,0,0,1,0,0,0,0
zc,TA209,2012-06-11 09:01:07.303,7156.0000,517842,24,0.0000,92.0000,58,34,空开,S,7156.0000,0.0000,0.0000,0.0000,0.0000,7160.0000,0.0000,0.0000,0.0000,0.0000,126,0,0,0,0,18,0,0,0,0
zc,TA209,2012-06-11 09:01:08.350,7156.0000,517912,70,0.0000,434.0000,252,182,空开,S,7154.0000,0.0000,0.0000,0.0000,0.0000,7156.0000,0.0000,0.0000,0.0000,0.0000,47,0,0,0,0,89,0,0,0,0
zc,TA209,2012-06-11 09:01:08.837,7154.0000,517960,48,0.0000,174.0000,111,63,空开,S,7152.0000,0.0000,0.0000,0.0000,0.0000,7154.0000,0.0000,0.0000,0.0000,0.0000,63,0,0,0,0,88,0,0,0,0
zc,TA209,2012-06-11 09:01:09.537,7154.0000,517972,12,0.0000,52.0000,32,20,空开,S,7152.0000,0.0000,0.0000,0.0000,0.0000,7154.0000,0.0000,0.0000,0.0000,0.0000,60,0,0,0,0,63,0,0,0,0
zc,TA209,2012-06-11 09:01:10.070,7154.0000,518016,44,0.0000,230.0000,137,93,空开,S,7152.0000,0.0000,0.0000,0.0000,0.0000,7154.0000,0.0000,0.0000,0.0000,0.0000,25,0,0,0,0,1,0,0,0,0
zc,TA209,2012-06-11 09:01:10.820,7154.0000,518052,36,0.0000,600.0000,318,282,空开,S,7150.0000,0.0000,0.0000,0.0000,0.0000,7152.0000,0.0000,0.0000,0.0000,0.0000,342,0,0,0,0,1,0,0,0,0
zc,TA209,2012-06-11 09:01:11.570,7158.0000,517996,-56,0.0000,90.0000,17,73,空平,B,7156.0000,0.0000,0.0000,0.0000,0.0000,7158.0000,0.0000,0.0000,0.0000,0.0000,12,0,0,0,0,252,0,0,0,0
zc,TA209,2012-06-11 09:01:12.070,7154.0000,517960,-36,0.0000,102.0000,33,69,多平,S,7154.0000,0.0000,0.0000,0.0000,0.0000,7156.0000,0.0000,0.0000,0.0000,0.0000,13,0,0,0,0,90,0,0,0,0
zc,TA209,2012-06-11 09:01:12.850,7154.0000,517958,-2,0.0000,146.0000,72,74,多平,S,7152.0000,0.0000,0.0000,0.0000,0.0000,7154.0000,0.0000,0.0000,0.0000,0.0000,32,0,0,0,0,166,0,0,0,0
zc,TA209,2012-06-11 09:01:13.273,7154.0000,518190,232,0.0000,244.0000,238,6,空开,S,7152.0000,0.0000,0.0000,0.0000,0.0000,7154.0000,0.0000,0.0000,0.0000,0.0000,29,0,0,0,0,177,0,0,0,0
zc,TA209,2012-06-11 09:01:14.053,7154.0000,518450,260,0.0000,466.0000,363,103,空开,S,7152.0000,0.0000,0.0000,0.0000,0.0000,7154.0000,0.0000,0.0000,0.0000,0.0000,2,0,0,0,0,1,0,0,0,0
zc,TA209,2012-06-11 09:01:14.570,7152.0000,518450,0,0.0000,212.0000,106,106,空换,S,7152.0000,0.0000,0.0000,0.0000,0.0000,7154.0000,0.0000,0.0000,0.0000,0.0000,117,0,0,0,0,46,0,0,0,0
zc,TA209,2012-06-11 09:01:15.257,7154.0000,518592,142,0.0000,216.0000,179,37,多开,B,7152.0000,0.0000,0.0000,0.0000,0.0000,7154.0000,0.0000,0.0000,0.0000,0.0000,42,0,0,0,0,18,0,0,0,0
zc,TA209,2012-06-11 09:01:15.803,7152.0000,518604,12,0.0000,36.0000,24,12,空开,S,7152.0000,0.0000,0.0000,0.0000,0.0000,7154.0000,0.0000,0.0000,0.0000,0.0000,102,0,0,0,0,13,0,0,0,0
zc,TA209,2012-06-11 09:01:16.570,7154.0000,518624,20,0.0000,78.0000,49,29,多开,B,7152.0000,0.0000,0.0000,0.0000,0.0000,7154.0000,0.0000,0.0000,0.0000,0.0000,135,0,0,0,0,3,0,0,0,0
zc,TA209,2012-06-11 09:01:17.070,7154.0000,518610,-14,0.0000,84.0000,35,49,空平,B,7152.0000,0.0000,0.0000,0.0000,0.0000,7154.0000,0.0000,0.0000,0.0000,0.0000,155,0,0,0,0,65,0,0,0,0
zc,TA209,2012-06-11 09:01:17.803,7154.0000,518560,-50,0.0000,152.0000,51,101,空平,B,7152.0000,0.0000,0.0000,0.0000,0.0000,7154.0000,0.0000,0.0000,0.0000,0.0000,124,0,0,0,0,33,0,0,0,0
zc,TA209,2012-06-11 09:01:18.553,7154.0000,518472,-88,0.0000,102.0000,7,95,空平,B,7154.0000,0.0000,0.0000,0.0000,0.0000,7156.0000,0.0000,0.0000,0.0000,0.0000,7,0,0,0,0,279,0,0,0,0
zc,TA209,2012-06-11 09:01:19.320,7154.0000,518440,-32,0.0000,108.0000,38,70,空平,B,7154.0000,0.0000,0.0000,0.0000,0.0000,7156.0000,0.0000,0.0000,0.0000,0.0000,80,0,0,0,0,278,0,0,0,0
zc,TA209,2012-06-11 09:01:19.803,7154.0000,518464,24,0.0000,58.0000,41,17,多开,B,7154.0000,0.0000,0.0000,0.0000,0.0000,7156.0000,0.0000,0.0000,0.0000,0.0000,247,0,0,0,0,277,0,0,0,0
zc,TA209,2012-06-11 09:01:20.303,7156.0000,518270,-194,0.0000,594.0000,200,394,空平,B,7154.0000,0.0000,0.0000,0.0000,0.0000,7156.0000,0.0000,0.0000,0.0000,0.0000,192,0,0,0,0,81,0,0,0,0
zc,TA209,2012-06-11 09:01:21.087,7156.0000,518124,-146,0.0000,218.0000,36,182,空平,B,7156.0000,0.0000,0.0000,0.0000,0.0000,7158.0000,0.0000,0.0000,0.0000,0.0000,124,0,0,0,0,790,0,0,0,0
zc,TA209,2012-06-11 09:01:21.537,7158.0000,518056,-68,0.0000,114.0000,23,91,空平,B,7156.0000,0.0000,0.0000,0.0000,0.0000,7158.0000,0.0000,0.0000,0.0000,0.0000,108,0,0,0,0,766,0,0,0,0
zc,TA209,2012-06-11 09:01:22.053,7156.0000,518032,-24,0.0000,42.0000,9,33,多平,S,7156.0000,0.0000,0.0000,0.0000,0.0000,7158.0000,0.0000,0.0000,0.0000,0.0000,91,0,0,0,0,762,0,0,0,0
zc,TA209,2012-06-11 09:01:22.787,7158.0000,517902,-130,0.0000,162.0000,16,146,空平,B,7156.0000,0.0000,0.0000,0.0000,0.0000,7158.0000,0.0000,0.0000,0.0000,0.0000,84,0,0,0,0,701,0,0,0,0
zc,TA209,2012-06-11 09:01:23.303,7156.0000,517830,-72,0.0000,268.0000,98,170,多平,S,7156.0000,0.0000,0.0000,0.0000,0.0000,7158.0000,0.0000,0.0000,0.0000,0.0000,22,0,0,0,0,700,0,0,0,0
zc,TA209,2012-06-11 09:01:23.787,7156.0000,517884,54,0.0000,64.0000,59,5,空开,S,7154.0000,0.0000,0.0000,0.0000,0.0000,7156.0000,0.0000,0.0000,0.0000,0.0000,135,0,0,0,0,38,0,0,0,0
zc,TA209,2012-06-11 09:01:24.523,7156.0000,517904,20,0.0000,170.0000,95,75,空开,S,7154.0000,0.0000,0.0000,0.0000,0.0000,7156.0000,0.0000,0.0000,0.0000,0.0000,142,0,0,0,0,25,0,0,0,0
zc,TA209,2012-06-11 09:01:24.820,7156.0000,517964,60,0.0000,86.0000,73,13,空开,S,7156.0000,0.0000,0.0000,0.0000,0.0000,7158.0000,0.0000,0.0000,0.0000,0.0000,1,0,0,0,0,700,0,0,0,0
zc,TA209,2012-06-11 09:01:25.803,7158.0000,517974,10,0.0000,84.0000,47,37,多开,B,7154.0000,0.0000,0.0000,0.0000,0.0000,7158.0000,0.0000,0.0000,0.0000,0.0000,137,0,0,0,0,704,0,0,0,0
zc,TA209,2012-06-11 09:01:26.320,7156.0000,517970,-4,0.0000,150.0000,73,77,多平,S,7156.0000,0.0000,0.0000,0.0000,0.0000,7158.0000,0.0000,0.0000,0.0000,0.0000,149,0,0,0,0,685,0,0,0,0
zc,TA209,2012-06-11 09:01:27.053,7156.0000,517972,2,0.0000,316.0000,159,157,空开,S,7156.0000,0.0000,0.0000,0.0000,0.0000,7158.0000,0.0000,0.0000,0.0000,0.0000,70,0,0,0,0,613,0,0,0,0
zc,TA209,2012-06-11 09:01:27.570,7158.0000,517966,-6,0.0000,98.0000,46,52,空平,B,7156.0000,0.0000,0.0000,0.0000,0.0000,7158.0000,0.0000,0.0000,0.0000,0.0000,73,0,0,0,0,574,0,0,0,0
zc,TA209,2012-06-11 09:01:28.537,7158.0000,517884,-82,0.0000,128.0000,23,105,空平,B,7156.0000,0.0000,0.0000,0.0000,0.0000,7158.0000,0.0000,0.0000,0.0000,0.0000,34,0,0,0,0,554,0,0,0,0
zc,TA209,2012-06-11 09:01:29.053,7158.0000,518098,214,0.0000,460.0000,337,123,多开,B,7156.0000,0.0000,0.0000,0.0000,0.0000,7158.0000,0.0000,0.0000,0.0000,0.0000,1,0,0,0,0,530,0,0,0,0
zc,TA209,2012-06-11 09:01:29.570,7158.0000,518050,-48,0.0000,58.0000,5,53,空平,B,7154.0000,0.0000,0.0000,0.0000,0.0000,7158.0000,0.0000,0.0000,0.0000,0.0000,20,0,0,0,0,518,0,0,0,0
zc,TA209,2012-06-11 09:01:30.303,7156.0000,518054,4,0.0000,38.0000,21,17,空开,S,7156.0000,0.0000,0.0000,0.0000,0.0000,7158.0000,0.0000,0.0000,0.0000,0.0000,5,0,0,0,0,523,0,0,0,0
zc,TA209,2012-06-11 09:01:30.820,7154.0000,518146,92,0.0000,124.0000,108,16,空开,S,7152.0000,0.0000,0.0000,0.0000,0.0000,7154.0000,0.0000,0.0000,0.0000,0.0000,88,0,0,0,0,63,0,0,0,0
zc,TA209,2012-06-11 09:01:31.537,7154.0000,518194,48,0.0000,76.0000,62,14,空开,S,7152.0000,0.0000,0.0000,0.0000,0.0000,7154.0000,0.0000,0.0000,0.0000,0.0000,84,0,0,0,0,25,0,0,0,0
zc,TA209,2012-06-11 09:01:32.303,7156.0000,517272,-922,0.0000,1566.0000,322,1244,空平,B,7156.0000,0.0000,0.0000,0.0000,0.0000,7158.0000,0.0000,0.0000,0.0000,0.0000,699,0,0,0,0,28,0,0,0,0
zc,TA209,2012-06-11 09:01:32.803,7158.0000,517348,76,0.0000,128.0000,102,26,多开,B,7158.0000,0.0000,0.0000,0.0000,0.0000,7160.0000,0.0000,0.0000,0.0000,0.0000,65,0,0,0,0,379,0,0,0,0
zc,TA209,2012-06-11 09:01:33.537,7160.0000,517342,-6,0.0000,62.0000,28,34,空平,B,7158.0000,0.0000,0.0000,0.0000,0.0000,7160.0000,0.0000,0.0000,0.0000,0.0000,283,0,0,0,0,372,0,0,0,0
zc,TA209,2012-06-11 09:01:34.053,7158.0000,517360,18,0.0000,128.0000,73,55,空开,S,7158.0000,0.0000,0.0000,0.0000,0.0000,7160.0000,0.0000,0.0000,0.0000,0.0000,240,0,0,0,0,257,0,0,0,0
zc,TA209,2012-06-11 09:01:34.803,7158.0000,517390,30,0.0000,152.0000,91,61,空开,S,7158.0000,0.0000,0.0000,0.0000,0.0000,7160.0000,0.0000,0.0000,0.0000,0.0000,201,0,0,0,0,252,0,0,0,0
zc,TA209,2012-06-11 09:01:35.303,7160.0000,517368,-22,0.0000,574.0000,276,298,空平,B,7158.0000,0.0000,0.0000,0.0000,0.0000,7160.0000,0.0000,0.0000,0.0000,0.0000,156,0,0,0,0,3,0,0,0,0
zc,TA209,2012-06-11 09:01:36.007,7158.0000,517308,-60,0.0000,126.0000,33,93,多平,S,7158.0000,0.0000,0.0000,0.0000,0.0000,7160.0000,0.0000,0.0000,0.0000,0.0000,145,0,0,0,0,3,0,0,0,0
zc,TA209,2012-06-11 09:01:36.553,7160.0000,517320,12,0.0000,36.0000,24,12,多开,B,7160.0000,0.0000,0.0000,0.0000,0.0000,7162.0000,0.0000,0.0000,0.0000,0.0000,14,0,0,0,0,677,0,0,0,0
zc,TA209,2012-06-11 09:01:37.320,7160.0000,517166,-154,0.0000,222.0000,34,188,空平,B,7158.0000,0.0000,0.0000,0.0000,0.0000,7160.0000,0.0000,0.0000,0.0000,0.0000,140,0,0,0,0,88,0,0,0,0
zc,TA209,2012-06-11 09:01:38.273,7160.0000,517000,-166,0.0000,244.0000,39,205,空平,B,7158.0000,0.0000,0.0000,0.0000,0.0000,7160.0000,0.0000,0.0000,0.0000,0.0000,66,0,0,0,0,218,0,0,0,0
zc,TA209,2012-06-11 09:01:39.037,7160.0000,516938,-62,0.0000,114.0000,26,88,空平,B,7158.0000,0.0000,0.0000,0.0000,0.0000,7160.0000,0.0000,0.0000,0.0000,0.0000,38,0,0,0,0,209,0,0,0,0
zc,TA209,2012-06-11 09:01:39.803,7158.0000,516922,-16,0.0000,86.0000,35,51,多平,S,7158.0000,0.0000,0.0000,0.0000,0.0000,7160.0000,0.0000,0.0000,0.0000,0.0000,45,0,0,0,0,210,0,0,0,0
zc,TA209,2012-06-11 09:01:40.320,7160.0000,517278,356,0.0000,418.0000,387,31,多开,B,7156.0000,0.0000,0.0000,0.0000,0.0000,7160.0000,0.0000,0.0000,0.0000,0.0000,760,0,0,0,0,202,0,0,0,0
zc,TA209,2012-06-11 09:01:40.820,7158.0000,517688,410,0.0000,458.0000,434,24,空开,S,7158.0000,0.0000,0.0000,0.0000,0.0000,7160.0000,0.0000,0.0000,0.0000,0.0000,6,0,0,0,0,190,0,0,0,0
zc,TA209,2012-06-11 09:01:41.523,7158.0000,517610,-78,0.0000,114.0000,18,96,多平,S,7158.0000,0.0000,0.0000,0.0000,0.0000,7160.0000,0.0000,0.0000,0.0000,0.0000,16,0,0,0,0,200,0,0,0,0
zc,TA209,2012-06-11 09:01:42.037,7160.0000,517452,-158,0.0000,454.0000,148,306,空平,B,7158.0000,0.0000,0.0000,0.0000,0.0000,7160.0000,0.0000,0.0000,0.0000,0.0000,22,0,0,0,0,14,0,0,0,0
zc,TA209,2012-06-11 09:01:42.803,7160.0000,517450,-2,0.0000,48.0000,23,25,空平,B,7160.0000,0.0000,0.0000,0.0000,0.0000,7162.0000,0.0000,0.0000,0.0000,0.0000,103,0,0,0,0,688,0,0,0,0
zc,TA209,2012-06-11 09:01:43.007,7160.0000,517382,-68,0.0000,80.0000,6,74,空平,B,7160.0000,0.0000,0.0000,0.0000,0.0000,7162.0000,0.0000,0.0000,0.0000,0.0000,19,0,0,0,0,686,0,0,0,0
zc,TA209,2012-06-11 09:01:43.820,7160.0000,517492,110,0.0000,220.0000,165,55,多开,B,7158.0000,0.0000,0.0000,0.0000,0.0000,7162.0000,0.0000,0.0000,0.0000,0.0000,19,0,0,0,0,686,0,0,0,0
zc,TA209,2012-06-11 09:01:44.320,7160.0000,517474,-18,0.0000,26.0000,4,22,空平,B,7158.0000,0.0000,0.0000,0.0000,0.0000,7160.0000,0.0000,0.0000,0.0000,0.0000,13,0,0,0,0,5,0,0,0,0
zc,TA209,2012-06-11 09:01:45.023,7160.0000,517480,6,0.0000,36.0000,21,15,多开,B,7158.0000,0.0000,0.0000,0.0000,0.0000,7160.0000,0.0000,0.0000,0.0000,0.0000,16,0,0,0,0,180,0,0,0,0
zc,TA209,2012-06-11 09:01:45.490,7160.0000,517478,-2,0.0000,8.0000,3,5,空平,B,7158.0000,0.0000,0.0000,0.0000,0.0000,7160.0000,0.0000,0.0000,0.0000,0.0000,16,0,0,0,0,349,0,0,0,0
zc,TA209,2012-06-11 09:01:46.007,7160.0000,517504,26,0.0000,102.0000,64,38,多开,B,7158.0000,0.0000,0.0000,0.0000,0.0000,7160.0000,0.0000,0.0000,0.0000,0.0000,11,0,0,0,0,239,0,0,0,0
zc,TA209,2012-06-11 09:01:46.757,7158.0000,517594,90,0.0000,174.0000,132,42,空开,S,7156.0000,0.0000,0.0000,0.0000,0.0000,7158.0000,0.0000,0.0000,0.0000,0.0000,560,0,0,0,0,13,0,0,0,0
zc,TA209,2012-06-11 09:01:47.287,7160.0000,517618,24,0.0000,56.0000,40,16,多开,B,7158.0000,0.0000,0.0000,0.0000,0.0000,7160.0000,0.0000,0.0000,0.0000,0.0000,1,0,0,0,0,363,0,0,0,0
zc,TA209,2012-06-11 09:01:48.273,7160.0000,517602,-16,0.0000,54.0000,19,35,空平,B,7158.0000,0.0000,0.0000,0.0000,0.0000,7160.0000,0.0000,0.0000,0.0000,0.0000,61,0,0,0,0,354,0,0,0,0
zc,TA209,2012-06-11 09:01:49.023,7158.0000,517598,-4,0.0000,72.0000,34,38,多平,S,7158.0000,0.0000,0.0000,0.0000,0.0000,7160.0000,0.0000,0.0000,0.0000,0.0000,234,0,0,0,0,364,0,0,0,0
zc,TA209,2012-06-11 09:01:49.507,7160.0000,517190,-408,0.0000,538.0000,65,473,空平,B,7158.0000,0.0000,0.0000,0.0000,0.0000,7160.0000,0.0000,0.0000,0.0000,0.0000,230,0,0,0,0,35,0,0,0,0
zc,TA209,2012-06-11 09:01:50.320,7160.0000,517190,0,0.0000,134.0000,67,67,多换,B,7160.0000,0.0000,0.0000,0.0000,0.0000,7162.0000,0.0000,0.0000,0.0000,0.0000,91,0,0,0,0,714,0,0,0,0
zc,TA209,2012-06-11 09:01:50.757,7160.0000,517082,-108,0.0000,216.0000,54,162,空平,B,7160.0000,0.0000,0.0000,0.0000,0.0000,7162.0000,0.0000,0.0000,0.0000,0.0000,140,0,0,0,0,660,0,0,0,0
zc,TA209,2012-06-11 09:01:51.537,7164.0000,515762,-1320,0.0000,1734.0000,207,1527,空平,B,7162.0000,0.0000,0.0000,0.0000,0.0000,7164.0000,0.0000,0.0000,0.0000,0.0000,17,0,0,0,0,251,0,0,0,0
zc,TA209,2012-06-11 09:01:51.977,7164.0000,515680,-82,0.0000,556.0000,237,319,空平,B,7162.0000,0.0000,0.0000,0.0000,0.0000,7164.0000,0.0000,0.0000,0.0000,0.0000,51,0,0,0,0,52,0,0,0,0
zc,TA209,2012-06-11 09:01:52.787,7166.0000,515958,278,0.0000,520.0000,399,121,多开,B,7164.0000,0.0000,0.0000,0.0000,0.0000,7166.0000,0.0000,0.0000,0.0000,0.0000,173,0,0,0,0,418,0,0,0,0
zc,TA209,2012-06-11 09:01:53.490,7164.0000,515598,-360,0.0000,532.0000,86,446,多平,S,7164.0000,0.0000,0.0000,0.0000,0.0000,7166.0000,0.0000,0.0000,0.0000,0.0000,251,0,0,0,0,206,0,0,0,0
zc,TA209,2012-06-11 09:01:54.023,7168.0000,515700,102,0.0000,568.0000,335,233,多开,B,7166.0000,0.0000,0.0000,0.0000,0.0000,7168.0000,0.0000,0.0000,0.0000,0.0000,64,0,0,0,0,163,0,0,0,0
zc,TA209,2012-06-11 09:01:54.803,7166.0000,515694,-6,0.0000,48.0000,21,27,多平,S,7166.0000,0.0000,0.0000,0.0000,0.0000,7168.0000,0.0000,0.0000,0.0000,0.0000,70,0,0,0,0,159,0,0,0,0
zc,TA209,2012-06-11 09:01:55.273,7166.0000,515736,42,0.0000,168.0000,105,63,空开,S,7166.0000,0.0000,0.0000,0.0000,0.0000,7168.0000,0.0000,0.0000,0.0000,0.0000,77,0,0,0,0,35,0,0,0,0
zc,TA209,2012-06-11 09:01:56.037,7166.0000,515772,36,0.0000,212.0000,124,88,空开,S,7168.0000,0.0000,0.0000,0.0000,0.0000,7170.0000,0.0000,0.0000,0.0000,0.0000,1,0,0,0,0,1134,0,0,0,0
zc,TA209,2012-06-11 09:01:56.570,7168.0000,515524,-248,0.0000,428.0000,90,338,空平,B,7166.0000,0.0000,0.0000,0.0000,0.0000,7168.0000,0.0000,0.0000,0.0000,0.0000,115,0,0,0,0,148,0,0,0,0
zc,TA209,2012-06-11 09:01:57.287,7168.0000,515336,-188,0.0000,326.0000,69,257,空平,B,7166.0000,0.0000,0.0000,0.0000,0.0000,7168.0000,0.0000,0.0000,0.0000,0.0000,96,0,0,0,0,362,0,0,0,0
zc,TA209,2012-06-11 09:01:57.757,7166.0000,515220,-116,0.0000,300.0000,92,208,多平,S,7164.0000,0.0000,0.0000,0.0000,0.0000,7166.0000,0.0000,0.0000,0.0000,0.0000,182,0,0,0,0,52,0,0,0,0
zc,TA209,2012-06-11 09:01:58.570,7168.0000,514978,-242,0.0000,314.0000,36,278,空平,B,7164.0000,0.0000,0.0000,0.0000,0.0000,7168.0000,0.0000,0.0000,0.0000,0.0000,181,0,0,0,0,244,0,0,0,0
zc,TA209,2012-06-11 09:01:59.037,7168.0000,514836,-142,0.0000,542.0000,200,342,空平,B,7166.0000,0.0000,0.0000,0.0000,0.0000,7170.0000,0.0000,0.0000,0.0000,0.0000,1,0,0,0,0,1115,0,0,0,0
zc,TA209,2012-06-11 09:01:59.757,7168.0000,514844,8,0.0000,24.0000,16,8,多开,B,7164.0000,0.0000,0.0000,0.0000,0.0000,7168.0000,0.0000,0.0000,0.0000,0.0000,173,0,0,0,0,166,0,0,0,0
zc,TA209,2012-06-11 09:02:00.273,7166.0000,514874,30,0.0000,46.0000,38,8,空开,S,7164.0000,0.0000,0.0000,0.0000,0.0000,7166.0000,0.0000,0.0000,0.0000,0.0000,189,0,0,0,0,32,0,0,0,0
zc,TA209,2012-06-11 09:02:01.053,7166.0000,514894,20,0.0000,94.0000,57,37,空开,S,7164.0000,0.0000,0.0000,0.0000,0.0000,7166.0000,0.0000,0.0000,0.0000,0.0000,182,0,0,0,0,7,0,0,0,0
zc,TA209,2012-06-11 09:02:01.523,7166.0000,514844,-50,0.0000,110.0000,30,80,多平,S,7166.0000,0.0000,0.0000,0.0000,0.0000,7168.0000,0.0000,0.0000,0.0000,0.0000,18,0,0,0,0,242,0,0,0,0
zc,TA209,2012-06-11 09:02:02.757,7168.0000,514790,-54,0.0000,96.0000,21,75,空平,B,7166.0000,0.0000,0.0000,0.0000,0.0000,7168.0000,0.0000,0.0000,0.0000,0.0000,90,0,0,0,0,277,0,0,0,0
zc,TA209,2012-06-11 09:02:03.553,7168.0000,514606,-184,0.0000,700.0000,258,442,空平,B,7166.0000,0.0000,0.0000,0.0000,0.0000,7168.0000,0.0000,0.0000,0.0000,0.0000,121,0,0,0,0,64,0,0,0,0
zc,TA209,2012-06-11 09:02:04.053,7166.0000,514904,298,0.0000,962.0000,630,332,空开,S,7164.0000,0.0000,0.0000,0.0000,0.0000,7166.0000,0.0000,0.0000,0.0000,0.0000,187,0,0,0,0,260,0,0,0,0
zc,TA209,2012-06-11 09:02:04.787,7164.0000,515296,392,0.0000,434.0000,413,21,空开,S,7164.0000,0.0000,0.0000,0.0000,0.0000,7166.0000,0.0000,0.0000,0.0000,0.0000,175,0,0,0,0,65,0,0,0,0
zc,TA209,2012-06-11 09:02:05.257,7166.0000,515410,114,0.0000,168.0000,141,27,多开,B,7164.0000,0.0000,0.0000,0.0000,0.0000,7166.0000,0.0000,0.0000,0.0000,0.0000,146,0,0,0,0,39,0,0,0,0
zc,TA209,2012-06-11 09:02:06.087,7168.0000,515628,218,0.0000,374.0000,296,78,多开,B,7168.0000,0.0000,0.0000,0.0000,0.0000,7170.0000,0.0000,0.0000,0.0000,0.0000,90,0,0,0,0,1164,0,0,0,0
zc,TA209,2012-06-11 09:02:06.537,7170.0000,515584,-44,0.0000,272.0000,114,158,空平,B,7168.0000,0.0000,0.0000,0.0000,0.0000,7170.0000,0.0000,0.0000,0.0000,0.0000,260,0,0,0,0,1154,0,0,0,0
zc,TA209,2012-06-11 09:02:07.287,7170.0000,515720,136,0.0000,670.0000,403,267,多开,B,7168.0000,0.0000,0.0000,0.0000,0.0000,7170.0000,0.0000,0.0000,0.0000,0.0000,63,0,0,0,0,1065,0,0,0,0
zc,TA209,2012-06-11 09:02:08.053,7170.0000,515106,-614,0.0000,712.0000,49,663,空平,B,7168.0000,0.0000,0.0000,0.0000,0.0000,7170.0000,0.0000,0.0000,0.0000,0.0000,111,0,0,0,0,735,0,0,0,0
zc,TA209,2012-06-11 09:02:08.740,7170.0000,514370,-736,0.0000,1008.0000,136,872,空平,B,7168.0000,0.0000,0.0000,0.0000,0.0000,7170.0000,0.0000,0.0000,0.0000,0.0000,100,0,0,0,0,286,0,0,0,0
zc,TA209,2012-06-11 09:02:09.303,7168.0000,514140,-230,0.0000,792.0000,281,511,多平,S,7166.0000,0.0000,0.0000,0.0000,0.0000,7168.0000,0.0000,0.0000,0.0000,0.0000,186,0,0,0,0,206,0,0,0,0
zc,TA209,2012-06-11 09:02:10.007,7168.0000,514042,-98,0.0000,706.0000,304,402,多平,S,7166.0000,0.0000,0.0000,0.0000,0.0000,7168.0000,0.0000,0.0000,0.0000,0.0000,185,0,0,0,0,515,0,0,0,0
zc,TA209,2012-06-11 09:02:10.553,7168.0000,513914,-128,0.0000,612.0000,242,370,多平,S,7166.0000,0.0000,0.0000,0.0000,0.0000,7168.0000,0.0000,0.0000,0.0000,0.0000,70,0,0,0,0,311,0,0,0,0
zc,TA209,2012-06-11 09:02:11.287,7166.0000,514174,260,0.0000,666.0000,463,203,空开,S,7164.0000,0.0000,0.0000,0.0000,0.0000,7166.0000,0.0000,0.0000,0.0000,0.0000,89,0,0,0,0,26,0,0,0,0
zc,TA209,2012-06-11 09:02:12.037,7166.0000,514096,-78,0.0000,190.0000,56,134,多平,S,7164.0000,0.0000,0.0000,0.0000,0.0000,7166.0000,0.0000,0.0000,0.0000,0.0000,90,0,0,0,0,135,0,0,0,0
zc,TA209,2012-06-11 09:02:12.507,7166.0000,514092,-4,0.0000,60.0000,28,32,多平,S,7164.0000,0.0000,0.0000,0.0000,0.0000,7166.0000,0.0000,0.0000,0.0000,0.0000,101,0,0,0,0,164,0,0,0,0
zc,TA209,2012-06-11 09:02:13.007,7164.0000,514496,404,0.0000,640.0000,522,118,空开,S,7162.0000,0.0000,0.0000,0.0000,0.0000,7164.0000,0.0000,0.0000,0.0000,0.0000,207,0,0,0,0,60,0,0,0,0
zc,TA209,2012-06-11 09:02:13.773,7164.0000,514572,76,0.0000,82.0000,79,3,空开,S,7162.0000,0.0000,0.0000,0.0000,0.0000,7164.0000,0.0000,0.0000,0.0000,0.0000,204,0,0,0,0,29,0,0,0,0
zc,TA209,2012-06-11 09:02:14.523,7166.0000,514602,30,0.0000,272.0000,151,121,多开,B,7164.0000,0.0000,0.0000,0.0000,0.0000,7166.0000,0.0000,0.0000,0.0000,0.0000,131,0,0,0,0,45,0,0,0,0
zc,TA209,2012-06-11 09:02:15.273,7166.0000,514588,-14,0.0000,292.0000,139,153,空平,B,7164.0000,0.0000,0.0000,0.0000,0.0000,7166.0000,0.0000,0.0000,0.0000,0.0000,141,0,0,0,0,135,0,0,0,0
zc,TA209,2012-06-11 09:02:15.773,7166.0000,514558,-30,0.0000,288.0000,129,159,空平,B,7166.0000,0.0000,0.0000,0.0000,0.0000,7168.0000,0.0000,0.0000,0.0000,0.0000,43,0,0,0,0,335,0,0,0,0
zc,TA209,2012-06-11 09:02:16.287,7168.0000,514472,-86,0.0000,188.0000,51,137,空平,B,7166.0000,0.0000,0.0000,0.0000,0.0000,7168.0000,0.0000,0.0000,0.0000,0.0000,20,0,0,0,0,311,0,0,0,0
zc,TA209,2012-06-11 09:02:16.803,7166.0000,514370,-102,0.0000,132.0000,15,117,多平,S,7164.0000,0.0000,0.0000,0.0000,0.0000,7166.0000,0.0000,0.0000,0.0000,0.0000,297,0,0,0,0,92,0,0,0,0
zc,TA209,2012-06-11 09:02:17.507,7164.0000,514340,-30,0.0000,96.0000,33,63,多平,S,7164.0000,0.0000,0.0000,0.0000,0.0000,7166.0000,0.0000,0.0000,0.0000,0.0000,207,0,0,0,0,202,0,0,0,0
zc,TA209,2012-06-11 09:02:18.273,7166.0000,514334,-6,0.0000,108.0000,51,57,空平,B,7164.0000,0.0000,0.0000,0.0000,0.0000,7166.0000,0.0000,0.0000,0.0000,0.0000,233,0,0,0,0,190,0,0,0,0
zc,TA209,2012-06-11 09:02:19.273,7166.0000,514276,-58,0.0000,144.0000,43,101,空平,B,7164.0000,0.0000,0.0000,0.0000,0.0000,7166.0000,0.0000,0.0000,0.0000,0.0000,196,0,0,0,0,155,0,0,0,0
zc,TA209,2012-06-11 09:02:22.087,7166.0000,513666,-610,0.0000,1902.0000,646,1256,空平,B,7166.0000,0.0000,0.0000,0.0000,0.0000,7168.0000,0.0000,0.0000,0.0000,0.0000,155,0,0,0,0,3,0,0,0,0
zc,TA209,2012-06-11 09:02:22.537,7166.0000,513654,-12,0.0000,38.0000,13,25,空平,B,7166.0000,0.0000,0.0000,0.0000,0.0000,7170.0000,0.0000,0.0000,0.0000,0.0000,151,0,0,0,0,987,0,0,0,0
zc,TA209,2012-06-11 09:02:23.287,7170.0000,513674,20,0.0000,70.0000,45,25,多开,B,7168.0000,0.0000,0.0000,0.0000,0.0000,7170.0000,0.0000,0.0000,0.0000,0.0000,10,0,0,0,0,968,0,0,0,0
zc,TA209,2012-06-11 09:02:23.787,7170.0000,513720,46,0.0000,314.0000,180,134,多开,B,7166.0000,0.0000,0.0000,0.0000,0.0000,7168.0000,0.0000,0.0000,0.0000,0.0000,143,0,0,0,0,3,0,0,0,0
zc,TA209,2012-06-11 09:02:24.523,7168.0000,514632,912,0.0000,1802.0000,1357,445,空开,S,7168.0000,0.0000,0.0000,0.0000,0.0000,7170.0000,0.0000,0.0000,0.0000,0.0000,1,0,0,0,0,56,0,0,0,0
zc,TA209,2012-06-11 09:02:25.023,7168.0000,514682,50,0.0000,168.0000,109,59,空开,S,7166.0000,0.0000,0.0000,0.0000,0.0000,7168.0000,0.0000,0.0000,0.0000,0.0000,649,0,0,0,0,90,0,0,0,0
zc,TA209,2012-06-11 09:02:25.787,7170.0000,514754,72,0.0000,258.0000,165,93,多开,B,7168.0000,0.0000,0.0000,0.0000,0.0000,7170.0000,0.0000,0.0000,0.0000,0.0000,113,0,0,0,0,42,0,0,0,0
zc,TA209,2012-06-11 09:02:26.287,7170.0000,514928,174,0.0000,548.0000,361,187,多开,B,7170.0000,0.0000,0.0000,0.0000,0.0000,7172.0000,0.0000,0.0000,0.0000,0.0000,119,0,0,0,0,48,0,0,0,0
zc,TA209,2012-06-11 09:02:27.037,7174.0000,514962,34,0.0000,120.0000,77,43,多开,B,7172.0000,0.0000,0.0000,0.0000,0.0000,7174.0000,0.0000,0.0000,0.0000,0.0000,10,0,0,0,0,149,0,0,0,0
zc,TA209,2012-06-11 09:02:27.537,7174.0000,514960,-2,0.0000,92.0000,45,47,空平,B,7170.0000,0.0000,0.0000,0.0000,0.0000,7174.0000,0.0000,0.0000,0.0000,0.0000,120,0,0,0,0,126,0,0,0,0
zc,TA209,2012-06-11 09:02:28.303,7176.0000,515016,56,0.0000,408.0000,232,176,多开,B,7174.0000,0.0000,0.0000,0.0000,0.0000,7176.0000,0.0000,0.0000,0.0000,0.0000,52,0,0,0,0,196,0,0,0,0
zc,TA209,2012-06-11 09:02:28.787,7176.0000,514886,-130,0.0000,232.0000,51,181,空平,B,7174.0000,0.0000,0.0000,0.0000,0.0000,7176.0000,0.0000,0.0000,0.0000,0.0000,47,0,0,0,0,99,0,0,0,0
zc,TA209,2012-06-11 09:02:29.523,7176.0000,514880,-6,0.0000,138.0000,66,72,空平,B,7174.0000,0.0000,0.0000,0.0000,0.0000,7176.0000,0.0000,0.0000,0.0000,0.0000,59,0,0,0,0,83,0,0,0,0
zc,TA209,2012-06-11 09:02:30.273,7178.0000,514742,-138,0.0000,658.0000,260,398,空平,B,7176.0000,0.0000,0.0000,0.0000,0.0000,7178.0000,0.0000,0.0000,0.0000,0.0000,104,0,0,0,0,28,0,0,0,0
zc,TA209,2012-06-11 09:02:31.023,7178.0000,514710,-32,0.0000,118.0000,43,75,空平,B,7178.0000,0.0000,0.0000,0.0000,0.0000,7180.0000,0.0000,0.0000,0.0000,0.0000,11,0,0,0,0,724,0,0,0,0
zc,TA209,2012-06-11 09:02:31.523,7180.0000,514686,-24,0.0000,1208.0000,592,616,空平,B,7176.0000,0.0000,0.0000,0.0000,0.0000,7180.0000,0.0000,0.0000,0.0000,0.0000,152,0,0,0,0,450,0,0,0,0
zc,TA209,2012-06-11 09:02:32.287,7180.0000,514686,0,0.0000,522.0000,261,261,多换,B,7178.0000,0.0000,0.0000,0.0000,0.0000,7180.0000,0.0000,0.0000,0.0000,0.0000,66,0,0,0,0,201,0,0,0,0
zc,TA209,2012-06-11 09:02:32.803,7182.0000,514818,132,0.0000,464.0000,298,166,多开,B,7180.0000,0.0000,0.0000,0.0000,0.0000,7182.0000,0.0000,0.0000,0.0000,0.0000,318,0,0,0,0,36,0,0,0,0
zc,TA209,2012-06-11 09:02:33.490,7182.0000,514812,-6,0.0000,88.0000,41,47,空平,B,7180.0000,0.0000,0.0000,0.0000,0.0000,7182.0000,0.0000,0.0000,0.0000,0.0000,405,0,0,0,0,12,0,0,0,0
zc,TA209,2012-06-11 09:02:34.023,7184.0000,514772,-40,0.0000,112.0000,36,76,空平,B,7182.0000,0.0000,0.0000,0.0000,0.0000,7184.0000,0.0000,0.0000,0.0000,0.0000,12,0,0,0,0,94,0,0,0,0
zc,TA209,2012-06-11 09:02:34.787,7182.0000,514802,30,0.0000,100.0000,65,35,空开,S,7182.0000,0.0000,0.0000,0.0000,0.0000,7184.0000,0.0000,0.0000,0.0000,0.0000,88,0,0,0,0,59,0,0,0,0
zc,TA209,2012-06-11 09:02:35.537,7186.0000,514898,96,0.0000,730.0000,413,317,多开,B,7184.0000,0.0000,0.0000,0.0000,0.0000,7186.0000,0.0000,0.0000,0.0000,0.0000,5,0,0,0,0,29,0,0,0,0
zc,TA209,2012-06-11 09:02:36.273,7186.0000,514816,-82,0.0000,238.0000,78,160,空平,B,7186.0000,0.0000,0.0000,0.0000,0.0000,7188.0000,0.0000,0.0000,0.0000,0.0000,466,0,0,0,0,77,0,0,0,0
zc,TA209,2012-06-11 09:02:36.820,7190.0000,514908,92,0.0000,264.0000,178,86,多开,B,7188.0000,0.0000,0.0000,0.0000,0.0000,7190.0000,0.0000,0.0000,0.0000,0.0000,211,0,0,0,0,132,0,0,0,0
zc,TA209,2012-06-11 09:02:37.523,7188.0000,515154,246,0.0000,866.0000,556,310,空开,S,7188.0000,0.0000,0.0000,0.0000,0.0000,7190.0000,0.0000,0.0000,0.0000,0.0000,1,0,0,0,0,6,0,0,0,0
zc,TA209,2012-06-11 09:02:38.023,7190.0000,515078,-76,0.0000,256.0000,90,166,空平,B,7190.0000,0.0000,0.0000,0.0000,0.0000,7192.0000,0.0000,0.0000,0.0000,0.0000,49,0,0,0,0,97,0,0,0,0
zc,TA209,2012-06-11 09:02:38.727,7190.0000,515124,46,0.0000,338.0000,192,146,多开,B,7190.0000,0.0000,0.0000,0.0000,0.0000,7192.0000,0.0000,0.0000,0.0000,0.0000,25,0,0,0,0,103,0,0,0,0
zc,TA209,2012-06-11 09:02:39.273,7190.0000,515004,-120,0.0000,258.0000,69,189,空平,B,7190.0000,0.0000,0.0000,0.0000,0.0000,7192.0000,0.0000,0.0000,0.0000,0.0000,9,0,0,0,0,47,0,0,0,0
zc,TA209,2012-06-11 09:02:39.787,7192.0000,515116,112,0.0000,324.0000,218,106,多开,B,7192.0000,0.0000,0.0000,0.0000,0.0000,7194.0000,0.0000,0.0000,0.0000,0.0000,3,0,0,0,0,108,0,0,0,0
zc,TA209,2012-06-11 09:02:40.523,7190.0000,515034,-82,0.0000,568.0000,243,325,多平,S,7192.0000,0.0000,0.0000,0.0000,0.0000,7194.0000,0.0000,0.0000,0.0000,0.0000,4,0,0,0,0,75,0,0,0,0
zc,TA209,2012-06-11 09:02:41.007,7192.0000,515106,72,0.0000,148.0000,110,38,多开,B,7192.0000,0.0000,0.0000,0.0000,0.0000,7194.0000,0.0000,0.0000,0.0000,0.0000,5,0,0,0,0,32,0,0,0,0
zc,TA209,2012-06-11 09:02:41.787,7194.0000,515106,0,0.0000,110.0000,55,55,多换,B,7194.0000,0.0000,0.0000,0.0000,0.0000,7196.0000,0.0000,0.0000,0.0000,0.0000,2,0,0,0,0,138,0,0,0,0
zc,TA209,2012-06-11 09:02:42.320,7192.0000,515050,-56,0.0000,292.0000,118,174,多平,S,7190.0000,0.0000,0.0000,0.0000,0.0000,7192.0000,0.0000,0.0000,0.0000,0.0000,526,0,0,0,0,1,0,0,0,0
zc,TA209,2012-06-11 09:02:43.053,7194.0000,515058,8,0.0000,140.0000,74,66,多开,B,7194.0000,0.0000,0.0000,0.0000,0.0000,7196.0000,0.0000,0.0000,0.0000,0.0000,6,0,0,0,0,491,0,0,0,0
zc,TA209,2012-06-11 09:02:43.570,7192.0000,515022,-36,0.0000,374.0000,169,205,多平,S,7194.0000,0.0000,0.0000,0.0000,0.0000,7196.0000,0.0000,0.0000,0.0000,0.0000,1,0,0,0,0,331,0,0,0,0
zc,TA209,2012-06-11 09:02:44.507,7192.0000,514640,-382,0.0000,478.0000,48,430,多平,S,7190.0000,0.0000,0.0000,0.0000,0.0000,7192.0000,0.0000,0.0000,0.0000,0.0000,668,0,0,0,0,46,0,0,0,0
zc,TA209,2012-06-11 09:02:45.070,7192.0000,514654,14,0.0000,300.0000,157,143,空开,S,7192.0000,0.0000,0.0000,0.0000,0.0000,7194.0000,0.0000,0.0000,0.0000,0.0000,111,0,0,0,0,157,0,0,0,0
zc,TA209,2012-06-11 09:02:45.773,7194.0000,514464,-190,0.0000,1182.0000,496,686,空平,B,7192.0000,0.0000,0.0000,0.0000,0.0000,7194.0000,0.0000,0.0000,0.0000,0.0000,289,0,0,0,0,89,0,0,0,0
zc,TA209,2012-06-11 09:02:46.273,7194.0000,513952,-512,0.0000,614.0000,51,563,空平,B,7192.0000,0.0000,0.0000,0.0000,0.0000,7194.0000,0.0000,0.0000,0.0000,0.0000,126,0,0,0,0,19,0,0,0,0
zc,TA209,2012-06-11 09:02:47.273,7194.0000,514400,448,0.0000,944.0000,696,248,多开,B,7192.0000,0.0000,0.0000,0.0000,0.0000,7194.0000,0.0000,0.0000,0.0000,0.0000,175,0,0,0,0,272,0,0,0,0
zc,TA209,2012-06-11 09:02:48.087,7196.0000,514232,-168,0.0000,2342.0000,1087,1255,空平,B,7192.0000,0.0000,0.0000,0.0000,0.0000,7196.0000,0.0000,0.0000,0.0000,0.0000,2,0,0,0,0,20,0,0,0,0
zc,TA209,2012-06-11 09:02:48.553,7196.0000,514432,200,0.0000,452.0000,326,126,多开,B,7190.0000,0.0000,0.0000,0.0000,0.0000,7196.0000,0.0000,0.0000,0.0000,0.0000,561,0,0,0,0,26,0,0,0,0
zc,TA209,2012-06-11 09:02:49.287,7194.0000,514792,360,0.0000,892.0000,626,266,空开,S,7192.0000,0.0000,0.0000,0.0000,0.0000,7194.0000,0.0000,0.0000,0.0000,0.0000,49,0,0,0,0,1,0,0,0,0
zc,TA209,2012-06-11 09:02:50.070,7194.0000,514752,-40,0.0000,186.0000,73,113,多平,S,7194.0000,0.0000,0.0000,0.0000,0.0000,7196.0000,0.0000,0.0000,0.0000,0.0000,11,0,0,0,0,13,0,0,0,0
zc,TA209,2012-06-11 09:02:50.803,7194.0000,513908,-844,0.0000,1380.0000,268,1112,多平,S,7196.0000,0.0000,0.0000,0.0000,0.0000,7198.0000,0.0000,0.0000,0.0000,0.0000,3,0,0,0,0,7,0,0,0,0
zc,TA209,2012-06-11 09:02:51.257,7198.0000,513820,-88,0.0000,148.0000,30,118,空平,B,7198.0000,0.0000,0.0000,0.0000,0.0000,7200.0000,0.0000,0.0000,0.0000,0.0000,12,0,0,0,0,531,0,0,0,0
zc,TA209,2012-06-11 09:02:51.773,7196.0000,513820,0,0.0000,266.0000,133,133,空换,S,7196.0000,0.0000,0.0000,0.0000,0.0000,7200.0000,0.0000,0.0000,0.0000,0.0000,124,0,0,0,0,491,0,0,0,0
zc,TA209,2012-06-11 09:02:52.537,7198.0000,513588,-232,0.0000,740.0000,254,486,空平,B,7198.0000,0.0000,0.0000,0.0000,0.0000,7200.0000,0.0000,0.0000,0.0000,0.0000,114,0,0,0,0,154,0,0,0,0
zc,TA209,2012-06-11 09:02:53.287,7200.0000,513688,100,0.0000,824.0000,462,362,多开,B,7200.0000,0.0000,0.0000,0.0000,0.0000,7206.0000,0.0000,0.0000,0.0000,0.0000,562,0,0,0,0,10,0,0,0,0
zc,TA209,2012-06-11 09:02:53.757,7202.0000,513648,-40,0.0000,62.0000,11,51,空平,B,7202.0000,0.0000,0.0000,0.0000,0.0000,7206.0000,0.0000,0.0000,0.0000,0.0000,7,0,0,0,0,5,0,0,0,0
zc,TA209,2012-06-11 09:02:54.553,7204.0000,513568,-80,0.0000,278.0000,99,179,空平,B,7204.0000,0.0000,0.0000,0.0000,0.0000,7206.0000,0.0000,0.0000,0.0000,0.0000,10,0,0,0,0,3,0,0,0,0
zc,TA209,2012-06-11 09:02:55.053,7206.0000,513034,-534,0.0000,568.0000,17,551,空平,B,7204.0000,0.0000,0.0000,0.0000,0.0000,7206.0000,0.0000,0.0000,0.0000,0.0000,10,0,0,0,0,128,0,0,0,0
zc,TA209,2012-06-11 09:02:55.507,7208.0000,512840,-194,0.0000,578.0000,192,386,空平,B,7206.0000,0.0000,0.0000,0.0000,0.0000,7208.0000,0.0000,0.0000,0.0000,0.0000,12,0,0,0,0,149,0,0,0,0
zc,TA209,2012-06-11 09:02:56.287,7208.0000,512746,-94,0.0000,330.0000,118,212,空平,B,7206.0000,0.0000,0.0000,0.0000,0.0000,7208.0000,0.0000,0.0000,0.0000,0.0000,125,0,0,0,0,78,0,0,0,0
zc,TA209,2012-06-11 09:02:57.070,7208.0000,512644,-102,0.0000,198.0000,48,150,空平,B,7208.0000,0.0000,0.0000,0.0000,0.0000,7210.0000,0.0000,0.0000,0.0000,0.0000,4,0,0,0,0,550,0,0,0,0
zc,TA209,2012-06-11 09:02:57.787,7210.0000,512680,36,0.0000,440.0000,238,202,多开,B,7208.0000,0.0000,0.0000,0.0000,0.0000,7210.0000,0.0000,0.0000,0.0000,0.0000,218,0,0,0,0,478,0,0,0,0
zc,TA209,2012-06-11 09:02:58.507,7208.0000,512746,66,0.0000,572.0000,319,253,空开,S,7208.0000,0.0000,0.0000,0.0000,0.0000,7210.0000,0.0000,0.0000,0.0000,0.0000,123,0,0,0,0,358,0,0,0,0
zc,TA209,2012-06-11 09:02:59.023,7208.0000,512952,206,0.0000,422.0000,314,108,空开,S,7208.0000,0.0000,0.0000,0.0000,0.0000,7210.0000,0.0000,0.0000,0.0000,0.0000,218,0,0,0,0,206,0,0,0,0
zc,TA209,2012-06-11 09:02:59.787,7210.0000,512812,-140,0.0000,618.0000,239,379,空平,B,7210.0000,0.0000,0.0000,0.0000,0.0000,7214.0000,0.0000,0.0000,0.0000,0.0000,319,0,0,0,0,5,0,0,0,0
zc,TA209,2012-06-11 09:03:00.287,7216.0000,512592,-220,0.0000,730.0000,255,475,空平,B,7212.0000,0.0000,0.0000,0.0000,0.0000,7214.0000,0.0000,0.0000,0.0000,0.0000,109,0,0,0,0,158,0,0,0,0
zc,TA209,2012-06-11 09:03:01.053,7210.0000,512140,-452,0.0000,996.0000,272,724,多平,S,7212.0000,0.0000,0.0000,0.0000,0.0000,7214.0000,0.0000,0.0000,0.0000,0.0000,1,0,0,0,0,76,0,0,0,0
zc,TA209,2012-06-11 09:03:01.803,7214.0000,512204,64,0.0000,312.0000,188,124,多开,B,7210.0000,0.0000,0.0000,0.0000,0.0000,7212.0000,0.0000,0.0000,0.0000,0.0000,874,0,0,0,0,18,0,0,0,0
zc,TA209,2012-06-11 09:03:02.600,7214.0000,512062,-142,0.0000,834.0000,346,488,空平,B,7214.0000,0.0000,0.0000,0.0000,0.0000,7216.0000,0.0000,0.0000,0.0000,0.0000,17,0,0,0,0,186,0,0,0,0
zc,TA209,2012-06-11 09:03:03.553,7214.0000,511976,-86,0.0000,634.0000,274,360,空平,B,7210.0000,0.0000,0.0000,0.0000,0.0000,7214.0000,0.0000,0.0000,0.0000,0.0000,553,0,0,0,0,39,0,0,0,0
zc,TA209,2012-06-11 09:03:04.273,7214.0000,511982,6,0.0000,162.0000,84,78,多开,B,7212.0000,0.0000,0.0000,0.0000,0.0000,7214.0000,0.0000,0.0000,0.0000,0.0000,8,0,0,0,0,174,0,0,0,0
zc,TA209,2012-06-11 09:03:04.787,7210.0000,512068,86,0.0000,118.0000,102,16,空开,S,7210.0000,0.0000,0.0000,0.0000,0.0000,7214.0000,0.0000,0.0000,0.0000,0.0000,544,0,0,0,0,225,0,0,0,0
zc,TA209,2012-06-11 09:03:05.507,7214.0000,512846,778,0.0000,920.0000,849,71,多开,B,7210.0000,0.0000,0.0000,0.0000,0.0000,7214.0000,0.0000,0.0000,0.0000,0.0000,161,0,0,0,0,363,0,0,0,0
zc,TA209,2012-06-11 09:03:06.023,7210.0000,512990,144,0.0000,882.0000,513,369,空开,S,7208.0000,0.0000,0.0000,0.0000,0.0000,7210.0000,0.0000,0.0000,0.0000,0.0000,291,0,0,0,0,240,0,0,0,0
zc,TA209,2012-06-11 09:03:06.787,7210.0000,513250,260,0.0000,696.0000,478,218,空开,S,7208.0000,0.0000,0.0000,0.0000,0.0000,7210.0000,0.0000,0.0000,0.0000,0.0000,157,0,0,0,0,161,0,0,0,0
zc,TA209,2012-06-11 09:03:07.287,7208.0000,513354,104,0.0000,432.0000,268,164,空开,S,7206.0000,0.0000,0.0000,0.0000,0.0000,7208.0000,0.0000,0.0000,0.0000,0.0000,48,0,0,0,0,299,0,0,0,0
zc,TA209,2012-06-11 09:03:08.037,7208.0000,513466,112,0.0000,506.0000,309,197,空开,S,7204.0000,0.0000,0.0000,0.0000,0.0000,7208.0000,0.0000,0.0000,0.0000,0.0000,5,0,0,0,0,257,0,0,0,0
zc,TA209,2012-06-11 09:03:08.523,7206.0000,513202,-264,0.0000,462.0000,99,363,多平,S,7206.0000,0.0000,0.0000,0.0000,0.0000,7208.0000,0.0000,0.0000,0.0000,0.0000,24,0,0,0,0,96,0,0,0,0
zc,TA209,2012-06-11 09:03:09.507,7208.0000,513412,210,0.0000,788.0000,499,289,多开,B,7206.0000,0.0000,0.0000,0.0000,0.0000,7208.0000,0.0000,0.0000,0.0000,0.0000,46,0,0,0,0,204,0,0,0,0
zc,TA209,2012-06-11 09:03:10.037,7206.0000,513396,-16,0.0000,130.0000,57,73,多平,S,7206.0000,0.0000,0.0000,0.0000,0.0000,7208.0000,0.0000,0.0000,0.0000,0.0000,19,0,0,0,0,202,0,0,0,0
zc,TA209,2012-06-11 09:03:10.773,7208.0000,513326,-70,0.0000,212.0000,71,141,空平,B,7202.0000,0.0000,0.0000,0.0000,0.0000,7206.0000,0.0000,0.0000,0.0000,0.0000,147,0,0,0,0,305,0,0,0,0
zc,TA209,2012-06-11 09:03:11.273,7206.0000,513256,-70,0.0000,280.0000,105,175,多平,S,7204.0000,0.0000,0.0000,0.0000,0.0000,7206.0000,0.0000,0.0000,0.0000,0.0000,217,0,0,0,0,244,0,0,0,0
zc,TA209,2012-06-11 09:03:12.007,7204.0000,513222,-34,0.0000,526.0000,246,280,多平,S,7204.0000,0.0000,0.0000,0.0000,0.0000,7206.0000,0.0000,0.0000,0.0000,0.0000,42,0,0,0,0,187,0,0,0,0
zc,TA209,2012-06-11 09:03:12.787,7204.0000,513172,-50,0.0000,752.0000,351,401,多平,S,7202.0000,0.0000,0.0000,0.0000,0.0000,7204.0000,0.0000,0.0000,0.0000,0.0000,173,0,0,0,0,26,0,0,0,0
zc,TA209,2012-06-11 09:03:13.507,7204.0000,513068,-104,0.0000,392.0000,144,248,多平,S,7202.0000,0.0000,0.0000,0.0000,0.0000,7204.0000,0.0000,0.0000,0.0000,0.0000,163,0,0,0,0,8,0,0,0,0
zc,TA209,2012-06-11 09:03:14.007,7204.0000,513028,-40,0.0000,160.0000,60,100,多平,S,7202.0000,0.0000,0.0000,0.0000,0.0000,7204.0000,0.0000,0.0000,0.0000,0.0000,147,0,0,0,0,19,0,0,0,0
zc,TA209,2012-06-11 09:03:14.837,7206.0000,512540,-488,0.0000,620.0000,66,554,空平,B,7206.0000,0.0000,0.0000,0.0000,0.0000,7208.0000,0.0000,0.0000,0.0000,0.0000,121,0,0,0,0,861,0,0,0,0
zc,TA209,2012-06-11 09:03:15.287,7202.0000,512288,-252,0.0000,620.0000,184,436,多平,S,7202.0000,0.0000,0.0000,0.0000,0.0000,7204.0000,0.0000,0.0000,0.0000,0.0000,103,0,0,0,0,2,0,0,0,0
zc,TA209,2012-06-11 09:03:16.053,7204.0000,512120,-168,0.0000,206.0000,19,187,空平,B,7202.0000,0.0000,0.0000,0.0000,0.0000,7204.0000,0.0000,0.0000,0.0000,0.0000,27,0,0,0,0,3,0,0,0,0
zc,TA209,2012-06-11 09:03:16.507,7204.0000,512358,238,0.0000,320.0000,279,41,多开,B,7200.0000,0.0000,0.0000,0.0000,0.0000,7204.0000,0.0000,0.0000,0.0000,0.0000,533,0,0,0,0,17,0,0,0,0
zc,TA209,2012-06-11 09:03:17.273,7202.0000,512386,28,0.0000,48.0000,38,10,空开,S,7200.0000,0.0000,0.0000,0.0000,0.0000,7202.0000,0.0000,0.0000,0.0000,0.0000,533,0,0,0,0,24,0,0,0,0
zc,TA209,2012-06-11 09:03:18.320,7202.0000,512354,-32,0.0000,476.0000,222,254,多平,S,7200.0000,0.0000,0.0000,0.0000,0.0000,7206.0000,0.0000,0.0000,0.0000,0.0000,465,0,0,0,0,382,0,0,0,0
zc,TA209,2012-06-11 09:03:18.803,7200.0000,511540,-814,0.0000,980.0000,83,897,多平,S,7198.0000,0.0000,0.0000,0.0000,0.0000,7200.0000,0.0000,0.0000,0.0000,0.0000,140,0,0,0,0,524,0,0,0,0
zc,TA209,2012-06-11 09:03:19.537,7198.0000,511566,26,0.0000,308.0000,167,141,空开,S,7196.0000,0.0000,0.0000,0.0000,0.0000,7198.0000,0.0000,0.0000,0.0000,0.0000,147,0,0,0,0,79,0,0,0,0
zc,TA209,2012-06-11 09:03:20.070,7198.0000,511504,-62,0.0000,430.0000,184,246,多平,S,7194.0000,0.0000,0.0000,0.0000,0.0000,7198.0000,0.0000,0.0000,0.0000,0.0000,108,0,0,0,0,80,0,0,0,0
zc,TA209,2012-06-11 09:03:20.773,7196.0000,511240,-264,0.0000,272.0000,4,268,多平,S,7194.0000,0.0000,0.0000,0.0000,0.0000,7196.0000,0.0000,0.0000,0.0000,0.0000,125,0,0,0,0,99,0,0,0,0
zc,TA209,2012-06-11 09:03:21.553,7194.0000,511124,-116,0.0000,280.0000,82,198,多平,S,7194.0000,0.0000,0.0000,0.0000,0.0000,7200.0000,0.0000,0.0000,0.0000,0.0000,107,0,0,0,0,129,0,0,0,0
zc,TA209,2012-06-11 09:03:22.273,7194.0000,511130,6,0.0000,392.0000,199,193,空开,S,7192.0000,0.0000,0.0000,0.0000,0.0000,7194.0000,0.0000,0.0000,0.0000,0.0000,208,0,0,0,0,49,0,0,0,0
zc,TA209,2012-06-11 09:03:22.803,7200.0000,511414,284,0.0000,988.0000,636,352,多开,B,7200.0000,0.0000,0.0000,0.0000,0.0000,7202.0000,0.0000,0.0000,0.0000,0.0000,5,0,0,0,0,1,0,0,0,0
zc,TA209,2012-06-11 09:03:23.523,7200.0000,511348,-66,0.0000,78.0000,6,72,空平,B,7200.0000,0.0000,0.0000,0.0000,0.0000,7202.0000,0.0000,0.0000,0.0000,0.0000,74,0,0,0,0,1,0,0,0,0
zc,TA209,2012-06-11 09:03:24.037,7200.0000,511294,-54,0.0000,170.0000,58,112,空平,B,7200.0000,0.0000,0.0000,0.0000,0.0000,7202.0000,0.0000,0.0000,0.0000,0.0000,138,0,0,0,0,116,0,0,0,0
zc,TA209,2012-06-11 09:03:24.773,7198.0000,511252,-42,0.0000,340.0000,149,191,多平,S,7198.0000,0.0000,0.0000,0.0000,0.0000,7200.0000,0.0000,0.0000,0.0000,0.0000,25,0,0,0,0,6,0,0,0,0
zc,TA209,2012-06-11 09:03:25.320,7196.0000,511396,144,0.0000,248.0000,196,52,空开,S,7196.0000,0.0000,0.0000,0.0000,0.0000,7200.0000,0.0000,0.0000,0.0000,0.0000,22,0,0,0,0,17,0,0,0,0
zc,TA209,2012-06-11 09:03:26.037,7200.0000,511278,-118,0.0000,240.0000,61,179,空平,B,7202.0000,0.0000,0.0000,0.0000,0.0000,7204.0000,0.0000,0.0000,0.0000,0.0000,6,0,0,0,0,19,0,0,0,0
zc,TA209,2012-06-11 09:03:26.537,7200.0000,511276,-2,0.0000,36.0000,17,19,空平,B,7200.0000,0.0000,0.0000,0.0000,0.0000,7202.0000,0.0000,0.0000,0.0000,0.0000,21,0,0,0,0,3,0,0,0,0
zc,TA209,2012-06-11 09:03:27.273,7200.0000,511314,38,0.0000,836.0000,437,399,多开,B,7202.0000,0.0000,0.0000,0.0000,0.0000,7204.0000,0.0000,0.0000,0.0000,0.0000,69,0,0,0,0,47,0,0,0,0
zc,TA209,2012-06-11 09:03:28.037,7200.0000,511318,4,0.0000,162.0000,83,79,多开,B,7200.0000,0.0000,0.0000,0.0000,0.0000,7202.0000,0.0000,0.0000,0.0000,0.0000,316,0,0,0,0,8,0,0,0,0
zc,TA209,2012-06-11 09:03:28.303,7200.0000,511190,-128,0.0000,194.0000,33,161,空平,B,7200.0000,0.0000,0.0000,0.0000,0.0000,7204.0000,0.0000,0.0000,0.0000,0.0000,268,0,0,0,0,35,0,0,0,0
zc,TA209,2012-06-11 09:03:29.273,7196.0000,512382,1192,0.0000,2574.0000,1883,691,空开,S,7196.0000,0.0000,0.0000,0.0000,0.0000,7200.0000,0.0000,0.0000,0.0000,0.0000,28,0,0,0,0,180,0,0,0,0
zc,TA209,2012-06-11 09:03:29.757,7200.0000,512394,12,0.0000,84.0000,48,36,多开,B,7196.0000,0.0000,0.0000,0.0000,0.0000,7200.0000,0.0000,0.0000,0.0000,0.0000,26,0,0,0,0,184,0,0,0,0
zc,TA209,2012-06-11 09:03:30.240,7200.0000,512496,102,0.0000,108.0000,105,3,多开,B,7196.0000,0.0000,0.0000,0.0000,0.0000,7200.0000,0.0000,0.0000,0.0000,0.0000,29,0,0,0,0,361,0,0,0,0
zc,TA209,2012-06-11 09:03:30.787,7196.0000,512530,34,0.0000,92.0000,63,29,空开,S,7196.0000,0.0000,0.0000,0.0000,0.0000,7198.0000,0.0000,0.0000,0.0000,0.0000,99,0,0,0,0,2,0,0,0,0
zc,TA209,2012-06-11 09:03:31.523,7198.0000,512592,62,0.0000,98.0000,80,18,多开,B,7198.0000,0.0000,0.0000,0.0000,0.0000,7200.0000,0.0000,0.0000,0.0000,0.0000,23,0,0,0,0,356,0,0,0,0
zc,TA209,2012-06-11 09:03:32.023,7198.0000,512628,36,0.0000,82.0000,59,23,多开,B,7198.0000,0.0000,0.0000,0.0000,0.0000,7200.0000,0.0000,0.0000,0.0000,0.0000,9,0,0,0,0,274,0,0,0,0
zc,TA209,2012-06-11 09:03:33.287,7198.0000,512666,38,0.0000,350.0000,194,156,多开,B,7196.0000,0.0000,0.0000,0.0000,0.0000,7198.0000,0.0000,0.0000,0.0000,0.0000,220,0,0,0,0,34,0,0,0,0
zc,TA209,2012-06-11 09:03:33.507,7198.0000,513176,510,0.0000,568.0000,539,29,多开,B,7196.0000,0.0000,0.0000,0.0000,0.0000,7198.0000,0.0000,0.0000,0.0000,0.0000,34,0,0,0,0,72,0,0,0,0
zc,TA209,2012-06-11 09:03:34.257,7198.0000,512612,-564,0.0000,1244.0000,340,904,空平,B,7196.0000,0.0000,0.0000,0.0000,0.0000,7198.0000,0.0000,0.0000,0.0000,0.0000,20,0,0,0,0,289,0,0,0,0
zc,TA209,2012-06-11 09:03:34.773,7198.0000,512542,-70,0.0000,244.0000,87,157,空平,B,7194.0000,0.0000,0.0000,0.0000,0.0000,7198.0000,0.0000,0.0000,0.0000,0.0000,349,0,0,0,0,201,0,0,0,0
zc,TA209,2012-06-11 09:03:35.570,7196.0000,512560,18,0.0000,114.0000,66,48,空开,S,7194.0000,0.0000,0.0000,0.0000,0.0000,7196.0000,0.0000,0.0000,0.0000,0.0000,316,0,0,0,0,11,0,0,0,0
zc,TA209,2012-06-11 09:03:36.007,7196.0000,512564,4,0.0000,34.0000,19,15,空开,S,7194.0000,0.0000,0.0000,0.0000,0.0000,7196.0000,0.0000,0.0000,0.0000,0.0000,313,0,0,0,0,107,0,0,0,0
zc,TA209,2012-06-11 09:03:36.757,7196.0000,512556,-8,0.0000,88.0000,40,48,多平,S,7194.0000,0.0000,0.0000,0.0000,0.0000,7196.0000,0.0000,0.0000,0.0000,0.0000,291,0,0,0,0,91,0,0,0,0
zc,TA209,2012-06-11 09:03:37.303,7196.0000,512604,48,0.0000,88.0000,68,20,空开,S,7194.0000,0.0000,0.0000,0.0000,0.0000,7196.0000,0.0000,0.0000,0.0000,0.0000,290,0,0,0,0,67,0,0,0,0
zc,TA209,2012-06-11 09:03:38.273,7196.0000,512618,14,0.0000,568.0000,291,277,空开,S,7196.0000,0.0000,0.0000,0.0000,0.0000,7198.0000,0.0000,0.0000,0.0000,0.0000,721,0,0,0,0,217,0,0,0,0
zc,TA209,2012-06-11 09:03:38.740,7198.0000,512418,-200,0.0000,536.0000,168,368,空平,B,7198.0000,0.0000,0.0000,0.0000,0.0000,7200.0000,0.0000,0.0000,0.0000,0.0000,47,0,0,0,0,82,0,0,0,0
zc,TA209,2012-06-11 09:03:39.240,7198.0000,512192,-226,0.0000,682.0000,228,454,空平,B,7198.0000,0.0000,0.0000,0.0000,0.0000,7200.0000,0.0000,0.0000,0.0000,0.0000,38,0,0,0,0,1,0,0,0,0
zc,TA209,2012-06-11 09:03:39.757,7200.0000,512196,4,0.0000,64.0000,34,30,多开,B,7200.0000,0.0000,0.0000,0.0000,0.0000,7202.0000,0.0000,0.0000,0.0000,0.0000,330,0,0,0,0,242,0,0,0,0
zc,TA209,2012-06-11 09:03:40.507,7202.0000,512790,594,0.0000,780.0000,687,93,多开,B,7198.0000,0.0000,0.0000,0.0000,0.0000,7202.0000,0.0000,0.0000,0.0000,0.0000,79,0,0,0,0,242,0,0,0,0
zc,TA209,2012-06-11 09:03:41.053,7200.0000,512820,30,0.0000,148.0000,89,59,空开,S,7198.0000,0.0000,0.0000,0.0000,0.0000,7200.0000,0.0000,0.0000,0.0000,0.0000,55,0,0,0,0,14,0,0,0,0
zc,TA209,2012-06-11 09:03:41.757,7198.0000,512798,-22,0.0000,24.0000,1,23,多平,S,7198.0000,0.0000,0.0000,0.0000,0.0000,7200.0000,0.0000,0.0000,0.0000,0.0000,48,0,0,0,0,136,0,0,0,0
zc,TA209,2012-06-11 09:03:42.273,7198.0000,512886,88,0.0000,126.0000,107,19,空开,S,7196.0000,0.0000,0.0000,0.0000,0.0000,7198.0000,0.0000,0.0000,0.0000,0.0000,811,0,0,0,0,15,0,0,0,0
zc,TA209,2012-06-11 09:03:43.007,7200.0000,512888,2,0.0000,334.0000,168,166,多开,B,7196.0000,0.0000,0.0000,0.0000,0.0000,7200.0000,0.0000,0.0000,0.0000,0.0000,699,0,0,0,0,164,0,0,0,0
zc,TA209,2012-06-11 09:03:43.537,7196.0000,512564,-324,0.0000,802.0000,239,563,多平,S,7196.0000,0.0000,0.0000,0.0000,0.0000,7198.0000,0.0000,0.0000,0.0000,0.0000,751,0,0,0,0,4,0,0,0,0
zc,TA209,2012-06-11 09:03:44.007,7198.0000,512568,4,0.0000,72.0000,38,34,多开,B,7198.0000,0.0000,0.0000,0.0000,0.0000,7200.0000,0.0000,0.0000,0.0000,0.0000,2,0,0,0,0,9,0,0,0,0
zc,TA209,2012-06-11 09:03:44.787,7198.0000,512568,0,0.0000,44.0000,22,22,多换,B,7198.0000,0.0000,0.0000,0.0000,0.0000,7200.0000,0.0000,0.0000,0.0000,0.0000,11,0,0,0,0,18,0,0,0,0
zc,TA209,2012-06-11 09:03:45.273,7198.0000,512552,-16,0.0000,70.0000,27,43,空平,B,7198.0000,0.0000,0.0000,0.0000,0.0000,7200.0000,0.0000,0.0000,0.0000,0.0000,179,0,0,0,0,10,0,0,0,0
zc,TA209,2012-06-11 09:03:46.037,7200.0000,512596,44,0.0000,112.0000,78,34,多开,B,7200.0000,0.0000,0.0000,0.0000,0.0000,7202.0000,0.0000,0.0000,0.0000,0.0000,8,0,0,0,0,2,0,0,0,0
zc,TA209,2012-06-11 09:03:46.240,7200.0000,512586,-10,0.0000,86.0000,38,48,空平,B,7202.0000,0.0000,0.0000,0.0000,0.0000,7204.0000,0.0000,0.0000,0.0000,0.0000,124,0,0,0,0,96,0,0,0,0
zc,TA209,2012-06-11 09:03:46.990,7202.0000,512758,172,0.0000,214.0000,193,21,多开,B,7202.0000,0.0000,0.0000,0.0000,0.0000,7204.0000,0.0000,0.0000,0.0000,0.0000,17,0,0,0,0,98,0,0,0,0
zc,TA209,2012-06-11 09:03:47.523,7200.0000,512772,14,0.0000,28.0000,21,7,空开,S,7200.0000,0.0000,0.0000,0.0000,0.0000,7202.0000,0.0000,0.0000,0.0000,0.0000,69,0,0,0,0,12,0,0,0,0
zc,TA209,2012-06-11 09:03:48.227,7202.0000,512788,16,0.0000,74.0000,45,29,多开,B,7200.0000,0.0000,0.0000,0.0000,0.0000,7202.0000,0.0000,0.0000,0.0000,0.0000,60,0,0,0,0,110,0,0,0,0
zc,TA209,2012-06-11 09:03:49.023,7200.0000,512960,172,0.0000,200.0000,186,14,空开,S,7198.0000,0.0000,0.0000,0.0000,0.0000,7200.0000,0.0000,0.0000,0.0000,0.0000,216,0,0,0,0,40,0,0,0,0
zc,TA209,2012-06-11 09:03:49.477,7200.0000,512966,6,0.0000,222.0000,114,108,空开,S,7198.0000,0.0000,0.0000,0.0000,0.0000,7200.0000,0.0000,0.0000,0.0000,0.0000,211,0,0,0,0,55,0,0,0,0
zc,TA209,2012-06-11 09:03:50.257,7200.0000,513032,66,0.0000,104.0000,85,19,空开,S,7198.0000,0.0000,0.0000,0.0000,0.0000,7200.0000,0.0000,0.0000,0.0000,0.0000,201,0,0,0,0,42,0,0,0,0
zc,TA209,2012-06-11 09:03:50.507,7198.0000,513604,572,0.0000,1146.0000,859,287,空开,S,7198.0000,0.0000,0.0000,0.0000,0.0000,7202.0000,0.0000,0.0000,0.0000,0.0000,147,0,0,0,0,1,0,0,0,0
zc,TA209,2012-06-11 09:03:51.303,7198.0000,513680,76,0.0000,224.0000,150,74,空开,S,7198.0000,0.0000,0.0000,0.0000,0.0000,7200.0000,0.0000,0.0000,0.0000,0.0000,70,0,0,0,0,181,0,0,0,0
zc,TA209,2012-06-11 09:03:51.990,7200.0000,513674,-6,0.0000,74.0000,34,40,空平,B,7198.0000,0.0000,0.0000,0.0000,0.0000,7200.0000,0.0000,0.0000,0.0000,0.0000,92,0,0,0,0,171,0,0,0,0
zc,TA209,2012-06-11 09:03:52.507,7198.0000,513698,24,0.0000,158.0000,91,67,空开,S,7198.0000,0.0000,0.0000,0.0000,0.0000,7200.0000,0.0000,0.0000,0.0000,0.0000,47,0,0,0,0,145,0,0,0,0
zc,TA209,2012-06-11 09:03:53.007,7198.0000,513614,-84,0.0000,188.0000,52,136,多平,S,7196.0000,0.0000,0.0000,0.0000,0.0000,7198.0000,0.0000,0.0000,0.0000,0.0000,767,0,0,0,0,95,0,0,0,0
zc,TA209,2012-06-11 09:03:53.740,7198.0000,513494,-120,0.0000,128.0000,4,124,多平,S,7196.0000,0.0000,0.0000,0.0000,0.0000,7198.0000,0.0000,0.0000,0.0000,0.0000,772,0,0,0,0,34,0,0,0,0
zc,TA209,2012-06-11 09:03:54.273,7198.0000,513590,96,0.0000,130.0000,113,17,空开,S,7196.0000,0.0000,0.0000,0.0000,0.0000,7198.0000,0.0000,0.0000,0.0000,0.0000,720,0,0,0,0,36,0,0,0,0
zc,TA209,2012-06-11 09:03:55.023,7198.0000,513590,0,0.0000,72.0000,36,36,空换,S,7196.0000,0.0000,0.0000,0.0000,0.0000,7198.0000,0.0000,0.0000,0.0000,0.0000,728,0,0,0,0,5,0,0,0,0
zc,TA209,2012-06-11 09:03:55.553,7198.0000,513580,-10,0.0000,12.0000,1,11,多平,S,7198.0000,0.0000,0.0000,0.0000,0.0000,7200.0000,0.0000,0.0000,0.0000,0.0000,49,0,0,0,0,83,0,0,0,0
zc,TA209,2012-06-11 09:03:56.287,7198.0000,513336,-244,0.0000,326.0000,41,285,多平,S,7198.0000,0.0000,0.0000,0.0000,0.0000,7200.0000,0.0000,0.0000,0.0000,0.0000,61,0,0,0,0,15,0,0,0,0
zc,TA209,2012-06-11 09:03:56.820,7198.0000,513340,4,0.0000,52.0000,28,24,空开,S,7198.0000,0.0000,0.0000,0.0000,0.0000,7200.0000,0.0000,0.0000,0.0000,0.0000,55,0,0,0,0,4,0,0,0,0
zc,TA209,2012-06-11 09:03:57.303,7200.0000,513350,10,0.0000,70.0000,40,30,多开,B,7200.0000,0.0000,0.0000,0.0000,0.0000,7202.0000,0.0000,0.0000,0.0000,0.0000,12,0,0,0,0,50,0,0,0,0
zc,TA209,2012-06-11 09:03:58.037,7200.0000,513366,16,0.0000,62.0000,39,23,多开,B,7200.0000,0.0000,0.0000,0.0000,0.0000,7202.0000,0.0000,0.0000,0.0000,0.0000,505,0,0,0,0,65,0,0,0,0
zc,TA209,2012-06-11 09:03:58.740,7200.0000,513576,210,0.0000,250.0000,230,20,多开,B,7200.0000,0.0000,0.0000,0.0000,0.0000,7202.0000,0.0000,0.0000,0.0000,0.0000,400,0,0,0,0,65,0,0,0,0
zc,TA209,2012-06-11 09:03:59.257,7202.0000,513572,-4,0.0000,196.0000,96,100,空平,B,7202.0000,0.0000,0.0000,0.0000,0.0000,7204.0000,0.0000,0.0000,0.0000,0.0000,38,0,0,0,0,59,0,0,0,0
zc,TA209,2012-06-11 09:03:59.773,7200.0000,514016,444,0.0000,512.0000,478,34,空开,S,7202.0000,0.0000,0.0000,0.0000,0.0000,7204.0000,0.0000,0.0000,0.0000,0.0000,15,0,0,0,0,60,0,0,0,0
zc,TA209,2012-06-11 09:04:00.477,7202.0000,514048,32,0.0000,80.0000,56,24,多开,B,7202.0000,0.0000,0.0000,0.0000,0.0000,7204.0000,0.0000,0.0000,0.0000,0.0000,73,0,0,0,0,60,0,0,0,0
zc,TA209,2012-06-11 09:04:01.023,7202.0000,514136,88,0.0000,148.0000,118,30,多开,B,7202.0000,0.0000,0.0000,0.0000,0.0000,7204.0000,0.0000,0.0000,0.0000,0.0000,42,0,0,0,0,23,0,0,0,0
zc,TA209,2012-06-11 09:04:01.787,7202.0000,514138,2,0.0000,150.0000,76,74,多开,B,7204.0000,0.0000,0.0000,0.0000,0.0000,7206.0000,0.0000,0.0000,0.0000,0.0000,97,0,0,0,0,29,0,0,0,0
zc,TA209,2012-06-11 09:04:02.990,7204.0000,514066,-72,0.0000,98.0000,13,85,空平,B,7204.0000,0.0000,0.0000,0.0000,0.0000,7206.0000,0.0000,0.0000,0.0000,0.0000,56,0,0,0,0,49,0,0,0,0
zc,TA209,2012-06-11 09:04:03.273,7206.0000,514136,70,0.0000,122.0000,96,26,多开,B,7206.0000,0.0000,0.0000,0.0000,0.0000,7208.0000,0.0000,0.0000,0.0000,0.0000,10,0,0,0,0,61,0,0,0,0
zc,TA209,2012-06-11 09:04:03.990,7204.0000,514114,-22,0.0000,148.0000,63,85,多平,S,7206.0000,0.0000,0.0000,0.0000,0.0000,7208.0000,0.0000,0.0000,0.0000,0.0000,40,0,0,0,0,62,0,0,0,0
zc,TA209,2012-06-11 09:04:04.757,7208.0000,514332,218,0.0000,274.0000,246,28,多开,B,7206.0000,0.0000,0.0000,0.0000,0.0000,7208.0000,0.0000,0.0000,0.0000,0.0000,2,0,0,0,0,35,0,0,0,0
zc,TA209,2012-06-11 09:04:05.303,7206.0000,514314,-18,0.0000,82.0000,32,50,多平,S,7206.0000,0.0000,0.0000,0.0000,0.0000,7208.0000,0.0000,0.0000,0.0000,0.0000,3,0,0,0,0,9,0,0,0,0
zc,TA209,2012-06-11 09:04:06.007,7208.0000,514326,12,0.0000,20.0000,16,4,多开,B,7206.0000,0.0000,0.0000,0.0000,0.0000,7208.0000,0.0000,0.0000,0.0000,0.0000,53,0,0,0,0,100,0,0,0,0
zc,TA209,2012-06-11 09:04:06.507,7208.0000,514514,188,0.0000,348.0000,268,80,多开,B,7206.0000,0.0000,0.0000,0.0000,0.0000,7208.0000,0.0000,0.0000,0.0000,0.0000,112,0,0,0,0,21,0,0,0,0
zc,TA209,2012-06-11 09:04:07.287,7208.0000,514524,10,0.0000,424.0000,217,207,多开,B,7208.0000,0.0000,0.0000,0.0000,0.0000,7210.0000,0.0000,0.0000,0.0000,0.0000,4,0,0,0,0,50,0,0,0,0
zc,TA209,2012-06-11 09:04:07.740,7206.0000,514598,74,0.0000,452.0000,263,189,空开,S,7206.0000,0.0000,0.0000,0.0000,0.0000,7208.0000,0.0000,0.0000,0.0000,0.0000,164,0,0,0,0,29,0,0,0,0
zc,TA209,2012-06-11 09:04:08.523,7208.0000,514662,64,0.0000,112.0000,88,24,多开,B,7206.0000,0.0000,0.0000,0.0000,0.0000,7208.0000,0.0000,0.0000,0.0000,0.0000,163,0,0,0,0,53,0,0,0,0
zc,TA209,2012-06-11 09:04:08.787,7210.0000,514716,54,0.0000,152.0000,103,49,多开,B,7208.0000,0.0000,0.0000,0.0000,0.0000,7210.0000,0.0000,0.0000,0.0000,0.0000,10,0,0,0,0,2,0,0,0,0
zc,TA209,2012-06-11 09:04:09.523,7210.0000,514832,116,0.0000,342.0000,229,113,多开,B,7210.0000,0.0000,0.0000,0.0000,0.0000,7212.0000,0.0000,0.0000,0.0000,0.0000,213,0,0,0,0,391,0,0,0,0
zc,TA209,2012-06-11 09:04:10.023,7210.0000,514834,2,0.0000,18.0000,10,8,多开,B,7210.0000,0.0000,0.0000,0.0000,0.0000,7212.0000,0.0000,0.0000,0.0000,0.0000,262,0,0,0,0,390,0,0,0,0
zc,TA209,2012-06-11 09:04:10.740,7210.0000,514238,-596,0.0000,898.0000,151,747,空平,B,7210.0000,0.0000,0.0000,0.0000,0.0000,7212.0000,0.0000,0.0000,0.0000,0.0000,140,0,0,0,0,82,0,0,0,0
zc,TA209,2012-06-11 09:04:11.273,7212.0000,514130,-108,0.0000,182.0000,37,145,空平,B,7212.0000,0.0000,0.0000,0.0000,0.0000,7214.0000,0.0000,0.0000,0.0000,0.0000,29,0,0,0,0,153,0,0,0,0
zc,TA209,2012-06-11 09:04:12.023,7214.0000,513926,-204,0.0000,366.0000,81,285,空平,B,7214.0000,0.0000,0.0000,0.0000,0.0000,7216.0000,0.0000,0.0000,0.0000,0.0000,129,0,0,0,0,246,0,0,0,0
zc,TA209,2012-06-11 09:04:12.523,7216.0000,514814,888,0.0000,1370.0000,1129,241,多开,B,7208.0000,0.0000,0.0000,0.0000,0.0000,7216.0000,0.0000,0.0000,0.0000,0.0000,34,0,0,0,0,62,0,0,0,0
zc,TA209,2012-06-11 09:04:13.257,7216.0000,514786,-28,0.0000,82.0000,27,55,空平,B,7212.0000,0.0000,0.0000,0.0000,0.0000,7216.0000,0.0000,0.0000,0.0000,0.0000,50,0,0,0,0,62,0,0,0,0
zc,TA209,2012-06-11 09:04:13.740,7212.0000,514782,-4,0.0000,276.0000,136,140,多平,S,7210.0000,0.0000,0.0000,0.0000,0.0000,7212.0000,0.0000,0.0000,0.0000,0.0000,56,0,0,0,0,1,0,0,0,0
zc,TA209,2012-06-11 09:04:14.320,7216.0000,514824,42,0.0000,262.0000,152,110,多开,B,7212.0000,0.0000,0.0000,0.0000,0.0000,7216.0000,0.0000,0.0000,0.0000,0.0000,215,0,0,0,0,2,0,0,0,0
zc,TA209,2012-06-11 09:04:15.023,7218.0000,514840,16,0.0000,178.0000,97,81,多开,B,7216.0000,0.0000,0.0000,0.0000,0.0000,7218.0000,0.0000,0.0000,0.0000,0.0000,2,0,0,0,0,34,0,0,0,0
zc,TA209,2012-06-11 09:04:15.507,7220.0000,514856,16,0.0000,302.0000,159,143,多开,B,7216.0000,0.0000,0.0000,0.0000,0.0000,7220.0000,0.0000,0.0000,0.0000,0.0000,2,0,0,0,0,652,0,0,0,0
zc,TA209,2012-06-11 09:04:16.287,7212.0000,514842,-14,0.0000,368.0000,177,191,多平,S,7212.0000,0.0000,0.0000,0.0000,0.0000,7220.0000,0.0000,0.0000,0.0000,0.0000,511,0,0,0,0,790,0,0,0,0
zc,TA209,2012-06-11 09:04:16.803,7220.0000,514936,94,0.0000,380.0000,237,143,多开,B,7214.0000,0.0000,0.0000,0.0000,0.0000,7220.0000,0.0000,0.0000,0.0000,0.0000,4,0,0,0,0,680,0,0,0,0
zc,TA209,2012-06-11 09:04:17.537,7220.0000,514756,-180,0.0000,832.0000,326,506,空平,B,7214.0000,0.0000,0.0000,0.0000,0.0000,7218.0000,0.0000,0.0000,0.0000,0.0000,5,0,0,0,0,1,0,0,0,0
zc,TA209,2012-06-11 09:04:18.007,7220.0000,514848,92,0.0000,254.0000,173,81,多开,B,7218.0000,0.0000,0.0000,0.0000,0.0000,7220.0000,0.0000,0.0000,0.0000,0.0000,99,0,0,0,0,938,0,0,0,0
zc,TA209,2012-06-11 09:04:18.710,7220.0000,514760,-88,0.0000,358.0000,135,223,空平,B,7218.0000,0.0000,0.0000,0.0000,0.0000,7220.0000,0.0000,0.0000,0.0000,0.0000,40,0,0,0,0,917,0,0,0,0
zc,TA209,2012-06-11 09:04:19.273,7220.0000,514720,-40,0.0000,230.0000,95,135,空平,B,7218.0000,0.0000,0.0000,0.0000,0.0000,7220.0000,0.0000,0.0000,0.0000,0.0000,99,0,0,0,0,943,0,0,0,0
zc,TA209,2012-06-11 09:04:19.977,7218.0000,514674,-46,0.0000,244.0000,99,145,多平,S,7218.0000,0.0000,0.0000,0.0000,0.0000,7220.0000,0.0000,0.0000,0.0000,0.0000,62,0,0,0,0,743,0,0,0,0
zc,TA209,2012-06-11 09:04:20.523,7218.0000,514654,-20,0.0000,202.0000,91,111,多平,S,7216.0000,0.0000,0.0000,0.0000,0.0000,7218.0000,0.0000,0.0000,0.0000,0.0000,208,0,0,0,0,173,0,0,0,0
zc,TA209,2012-06-11 09:04:21.023,7216.0000,514680,26,0.0000,236.0000,131,105,空开,S,7216.0000,0.0000,0.0000,0.0000,0.0000,7218.0000,0.0000,0.0000,0.0000,0.0000,182,0,0,0,0,189,0,0,0,0
zc,TA209,2012-06-11 09:04:21.820,7214.0000,515118,438,0.0000,736.0000,587,149,空开,S,7214.0000,0.0000,0.0000,0.0000,0.0000,7218.0000,0.0000,0.0000,0.0000,0.0000,70,0,0,0,0,42,0,0,0,0
zc,TA209,2012-06-11 09:04:22.287,7218.0000,515150,32,0.0000,56.0000,44,12,多开,B,7214.0000,0.0000,0.0000,0.0000,0.0000,7216.0000,0.0000,0.0000,0.0000,0.0000,49,0,0,0,0,21,0,0,0,0
zc,TA209,2012-06-11 09:04:23.007,7216.0000,514778,-372,0.0000,804.0000,216,588,多平,S,7214.0000,0.0000,0.0000,0.0000,0.0000,7216.0000,0.0000,0.0000,0.0000,0.0000,48,0,0,0,0,58,0,0,0,0
zc,TA209,2012-06-11 09:04:23.773,7216.0000,514858,80,0.0000,196.0000,138,58,空开,S,7216.0000,0.0000,0.0000,0.0000,0.0000,7218.0000,0.0000,0.0000,0.0000,0.0000,7,0,0,0,0,124,0,0,0,0
zc,TA209,2012-06-11 09:04:24.257,7218.0000,514888,30,0.0000,108.0000,69,39,多开,B,7216.0000,0.0000,0.0000,0.0000,0.0000,7218.0000,0.0000,0.0000,0.0000,0.0000,72,0,0,0,0,229,0,0,0,0
zc,TA209,2012-06-11 09:04:24.960,7218.0000,514906,18,0.0000,90.0000,54,36,多开,B,7216.0000,0.0000,0.0000,0.0000,0.0000,7218.0000,0.0000,0.0000,0.0000,0.0000,86,0,0,0,0,222,0,0,0,0
zc,TA209,2012-06-11 09:04:25.740,7218.0000,514820,-86,0.0000,92.0000,3,89,空平,B,7216.0000,0.0000,0.0000,0.0000,0.0000,7218.0000,0.0000,0.0000,0.0000,0.0000,86,0,0,0,0,210,0,0,0,0
zc,TA209,2012-06-11 09:04:26.273,7218.0000,514726,-94,0.0000,332.0000,119,213,空平,B,7216.0000,0.0000,0.0000,0.0000,0.0000,7218.0000,0.0000,0.0000,0.0000,0.0000,106,0,0,0,0,56,0,0,0,0
zc,TA209,2012-06-11 09:04:26.787,7218.0000,514628,-98,0.0000,162.0000,32,130,空平,B,7218.0000,0.0000,0.0000,0.0000,0.0000,7220.0000,0.0000,0.0000,0.0000,0.0000,70,0,0,0,0,909,0,0,0,0
zc,TA209,2012-06-11 09:04:27.273,7218.0000,514584,-44,0.0000,126.0000,41,85,空平,B,7218.0000,0.0000,0.0000,0.0000,0.0000,7220.0000,0.0000,0.0000,0.0000,0.0000,30,0,0,0,0,901,0,0,0,0
zc,TA209,2012-06-11 09:04:27.977,7220.0000,514556,-28,0.0000,144.0000,58,86,空平,B,7218.0000,0.0000,0.0000,0.0000,0.0000,7220.0000,0.0000,0.0000,0.0000,0.0000,12,0,0,0,0,911,0,0,0,0
zc,TA209,2012-06-11 09:04:28.537,7216.0000,515102,546,0.0000,1276.0000,911,365,空开,S,7218.0000,0.0000,0.0000,0.0000,0.0000,7220.0000,0.0000,0.0000,0.0000,0.0000,1,0,0,0,0,592,0,0,0,0
zc,TA209,2012-06-11 09:04:29.257,7218.0000,515098,-4,0.0000,260.0000,128,132,空平,B,7218.0000,0.0000,0.0000,0.0000,0.0000,7220.0000,0.0000,0.0000,0.0000,0.0000,19,0,0,0,0,479,0,0,0,0
zc,TA209,2012-06-11 09:04:29.727,7216.0000,514918,-180,0.0000,812.0000,316,496,多平,S,7216.0000,0.0000,0.0000,0.0000,0.0000,7218.0000,0.0000,0.0000,0.0000,0.0000,45,0,0,0,0,8,0,0,0,0
zc,TA209,2012-06-11 09:04:30.507,7218.0000,515088,170,0.0000,354.0000,262,92,多开,B,7218.0000,0.0000,0.0000,0.0000,0.0000,7220.0000,0.0000,0.0000,0.0000,0.0000,4,0,0,0,0,301,0,0,0,0
zc,TA209,2012-06-11 09:04:31.023,7222.0000,515206,118,0.0000,848.0000,483,365,多开,B,7222.0000,0.0000,0.0000,0.0000,0.0000,7224.0000,0.0000,0.0000,0.0000,0.0000,235,0,0,0,0,27,0,0,0,0
zc,TA209,2012-06-11 09:04:31.757,7220.0000,514742,-464,0.0000,854.0000,195,659,多平,S,7222.0000,0.0000,0.0000,0.0000,0.0000,7226.0000,0.0000,0.0000,0.0000,0.0000,1,0,0,0,0,50,0,0,0,0
zc,TA209,2012-06-11 09:04:32.257,7228.0000,514426,-316,0.0000,640.0000,162,478,空平,B,7220.0000,0.0000,0.0000,0.0000,0.0000,7228.0000,0.0000,0.0000,0.0000,0.0000,301,0,0,0,0,118,0,0,0,0
zc,TA209,2012-06-11 09:04:33.037,7228.0000,514210,-216,0.0000,498.0000,141,357,空平,B,7228.0000,0.0000,0.0000,0.0000,0.0000,7230.0000,0.0000,0.0000,0.0000,0.0000,23,0,0,0,0,646,0,0,0,0
zc,TA209,2012-06-11 09:04:33.523,7228.0000,514238,28,0.0000,96.0000,62,34,多开,B,7228.0000,0.0000,0.0000,0.0000,0.0000,7230.0000,0.0000,0.0000,0.0000,0.0000,95,0,0,0,0,616,0,0,0,0
zc,TA209,2012-06-11 09:04:34.240,7228.0000,514004,-234,0.0000,528.0000,147,381,空平,B,7226.0000,0.0000,0.0000,0.0000,0.0000,7228.0000,0.0000,0.0000,0.0000,0.0000,66,0,0,0,0,92,0,0,0,0
zc,TA209,2012-06-11 09:04:34.727,7228.0000,514122,118,0.0000,514.0000,316,198,多开,B,7226.0000,0.0000,0.0000,0.0000,0.0000,7228.0000,0.0000,0.0000,0.0000,0.0000,66,0,0,0,0,177,0,0,0,0
zc,TA209,2012-06-11 09:04:35.570,7226.0000,514026,-96,0.0000,604.0000,254,350,多平,S,7224.0000,0.0000,0.0000,0.0000,0.0000,7226.0000,0.0000,0.0000,0.0000,0.0000,66,0,0,0,0,27,0,0,0,0
zc,TA209,2012-06-11 09:04:36.257,7224.0000,514066,40,0.0000,146.0000,93,53,空开,S,7224.0000,0.0000,0.0000,0.0000,0.0000,7226.0000,0.0000,0.0000,0.0000,0.0000,46,0,0,0,0,167,0,0,0,0
zc,TA209,2012-06-11 09:04:36.740,7226.0000,514098,32,0.0000,214.0000,123,91,多开,B,7224.0000,0.0000,0.0000,0.0000,0.0000,7226.0000,0.0000,0.0000,0.0000,0.0000,11,0,0,0,0,409,0,0,0,0
zc,TA209,2012-06-11 09:04:37.273,7226.0000,514160,62,0.0000,474.0000,268,206,多开,B,7222.0000,0.0000,0.0000,0.0000,0.0000,7224.0000,0.0000,0.0000,0.0000,0.0000,25,0,0,0,0,13,0,0,0,0
zc,TA209,2012-06-11 09:04:38.257,7222.0000,514110,-50,0.0000,160.0000,55,105,多平,S,7222.0000,0.0000,0.0000,0.0000,0.0000,7224.0000,0.0000,0.0000,0.0000,0.0000,21,0,0,0,0,5,0,0,0,0
zc,TA209,2012-06-11 09:04:38.757,7222.0000,514038,-72,0.0000,220.0000,74,146,多平,S,7222.0000,0.0000,0.0000,0.0000,0.0000,7224.0000,0.0000,0.0000,0.0000,0.0000,10,0,0,0,0,10,0,0,0,0
zc,TA209,2012-06-11 09:04:39.257,7224.0000,513998,-40,0.0000,166.0000,63,103,空平,B,7224.0000,0.0000,0.0000,0.0000,0.0000,7226.0000,0.0000,0.0000,0.0000,0.0000,253,0,0,0,0,224,0,0,0,0
zc,TA209,2012-06-11 09:04:40.007,7224.0000,513892,-106,0.0000,156.0000,25,131,空平,B,7224.0000,0.0000,0.0000,0.0000,0.0000,7226.0000,0.0000,0.0000,0.0000,0.0000,616,0,0,0,0,214,0,0,0,0
zc,TA209,2012-06-11 09:04:40.523,7224.0000,513578,-314,0.0000,394.0000,40,354,空平,B,7224.0000,0.0000,0.0000,0.0000,0.0000,7226.0000,0.0000,0.0000,0.0000,0.0000,428,0,0,0,0,216,0,0,0,0
zc,TA209,2012-06-11 09:04:41.287,7224.0000,513464,-114,0.0000,662.0000,274,388,空平,B,7226.0000,0.0000,0.0000,0.0000,0.0000,7228.0000,0.0000,0.0000,0.0000,0.0000,162,0,0,0,0,242,0,0,0,0
zc,TA209,2012-06-11 09:04:41.727,7228.0000,513404,-60,0.0000,194.0000,67,127,空平,B,7226.0000,0.0000,0.0000,0.0000,0.0000,7228.0000,0.0000,0.0000,0.0000,0.0000,91,0,0,0,0,245,0,0,0,0
zc,TA209,2012-06-11 09:04:42.507,7226.0000,513018,-386,0.0000,504.0000,59,445,多平,S,7226.0000,0.0000,0.0000,0.0000,0.0000,7228.0000,0.0000,0.0000,0.0000,0.0000,159,0,0,0,0,225,0,0,0,0
zc,TA209,2012-06-11 09:04:43.257,7228.0000,513254,236,0.0000,298.0000,267,31,多开,B,7226.0000,0.0000,0.0000,0.0000,0.0000,7228.0000,0.0000,0.0000,0.0000,0.0000,132,0,0,0,0,109,0,0,0,0
zc,TA209,2012-06-11 09:04:44.023,7228.0000,513458,204,0.0000,258.0000,231,27,多开,B,7226.0000,0.0000,0.0000,0.0000,0.0000,7228.0000,0.0000,0.0000,0.0000,0.0000,77,0,0,0,0,60,0,0,0,0
zc,TA209,2012-06-11 09:04:44.537,7226.0000,514468,1010,0.0000,1166.0000,1088,78,空开,S,7226.0000,0.0000,0.0000,0.0000,0.0000,7230.0000,0.0000,0.0000,0.0000,0.0000,68,0,0,0,0,312,0,0,0,0
zc,TA209,2012-06-11 09:04:45.287,7228.0000,514438,-30,0.0000,56.0000,13,43,空平,B,7228.0000,0.0000,0.0000,0.0000,0.0000,7230.0000,0.0000,0.0000,0.0000,0.0000,25,0,0,0,0,312,0,0,0,0
zc,TA209,2012-06-11 09:04:45.710,7228.0000,514454,16,0.0000,60.0000,38,22,多开,B,7228.0000,0.0000,0.0000,0.0000,0.0000,7230.0000,0.0000,0.0000,0.0000,0.0000,49,0,0,0,0,305,0,0,0,0
zc,TA209,2012-06-11 09:04:46.490,7230.0000,514610,156,0.0000,724.0000,440,284,多开,B,7230.0000,0.0000,0.0000,0.0000,0.0000,7232.0000,0.0000,0.0000,0.0000,0.0000,11,0,0,0,0,27,0,0,0,0
zc,TA209,2012-06-11 09:04:46.773,7232.0000,514662,52,0.0000,112.0000,82,30,多开,B,7232.0000,0.0000,0.0000,0.0000,0.0000,7234.0000,0.0000,0.0000,0.0000,0.0000,76,0,0,0,0,192,0,0,0,0
zc,TA209,2012-06-11 09:04:47.490,7234.0000,514742,80,0.0000,106.0000,93,13,多开,B,7232.0000,0.0000,0.0000,0.0000,0.0000,7234.0000,0.0000,0.0000,0.0000,0.0000,92,0,0,0,0,166,0,0,0,0
zc,TA209,2012-06-11 09:04:48.023,7232.0000,514794,52,0.0000,206.0000,129,77,空开,S,7232.0000,0.0000,0.0000,0.0000,0.0000,7234.0000,0.0000,0.0000,0.0000,0.0000,88,0,0,0,0,72,0,0,0,0
zc,TA209,2012-06-11 09:04:48.773,7234.0000,514810,16,0.0000,80.0000,48,32,多开,B,7232.0000,0.0000,0.0000,0.0000,0.0000,7234.0000,0.0000,0.0000,0.0000,0.0000,218,0,0,0,0,33,0,0,0,0
zc,TA209,2012-06-11 09:04:49.257,7234.0000,514832,22,0.0000,74.0000,48,26,多开,B,7232.0000,0.0000,0.0000,0.0000,0.0000,7234.0000,0.0000,0.0000,0.0000,0.0000,229,0,0,0,0,103,0,0,0,0
zc,TA209,2012-06-11 09:04:50.023,7238.0000,514730,-102,0.0000,672.0000,285,387,空平,B,7238.0000,0.0000,0.0000,0.0000,0.0000,7240.0000,0.0000,0.0000,0.0000,0.0000,293,0,0,0,0,63,0,0,0,0
zc,TA209,2012-06-11 09:04:50.523,7238.0000,514692,-38,0.0000,120.0000,41,79,空平,B,7238.0000,0.0000,0.0000,0.0000,0.0000,7240.0000,0.0000,0.0000,0.0000,0.0000,279,0,0,0,0,42,0,0,0,0
zc,TA209,2012-06-11 09:04:51.273,7240.0000,514780,88,0.0000,262.0000,175,87,多开,B,7240.0000,0.0000,0.0000,0.0000,0.0000,7244.0000,0.0000,0.0000,0.0000,0.0000,186,0,0,0,0,19,0,0,0,0
zc,TA209,2012-06-11 09:04:52.023,7240.0000,514686,-94,0.0000,460.0000,183,277,空平,B,7240.0000,0.0000,0.0000,0.0000,0.0000,7242.0000,0.0000,0.0000,0.0000,0.0000,41,0,0,0,0,110,0,0,0,0
zc,TA209,2012-06-11 09:04:52.523,7242.0000,514404,-282,0.0000,820.0000,269,551,空平,B,7244.0000,0.0000,0.0000,0.0000,0.0000,7246.0000,0.0000,0.0000,0.0000,0.0000,3,0,0,0,0,10,0,0,0,0
zc,TA209,2012-06-11 09:04:53.273,7242.0000,514434,30,0.0000,114.0000,72,42,多开,B,7242.0000,0.0000,0.0000,0.0000,0.0000,7244.0000,0.0000,0.0000,0.0000,0.0000,35,0,0,0,0,82,0,0,0,0
zc,TA209,2012-06-11 09:04:53.490,7246.0000,514300,-134,0.0000,706.0000,286,420,空平,B,7244.0000,0.0000,0.0000,0.0000,0.0000,7246.0000,0.0000,0.0000,0.0000,0.0000,71,0,0,0,0,121,0,0,0,0
zc,TA209,2012-06-11 09:04:54.257,7244.0000,514366,66,0.0000,834.0000,450,384,空开,S,7242.0000,0.0000,0.0000,0.0000,0.0000,7244.0000,0.0000,0.0000,0.0000,0.0000,128,0,0,0,0,71,0,0,0,0
zc,TA209,2012-06-11 09:04:54.787,7246.0000,514106,-260,0.0000,646.0000,193,453,空平,B,7244.0000,0.0000,0.0000,0.0000,0.0000,7246.0000,0.0000,0.0000,0.0000,0.0000,116,0,0,0,0,43,0,0,0,0
zc,TA209,2012-06-11 09:04:55.523,7244.0000,514102,-4,0.0000,176.0000,86,90,多平,S,7244.0000,0.0000,0.0000,0.0000,0.0000,7246.0000,0.0000,0.0000,0.0000,0.0000,140,0,0,0,0,57,0,0,0,0
zc,TA209,2012-06-11 09:04:56.023,7246.0000,514184,82,0.0000,404.0000,243,161,多开,B,7244.0000,0.0000,0.0000,0.0000,0.0000,7246.0000,0.0000,0.0000,0.0000,0.0000,163,0,0,0,0,100,0,0,0,0
zc,TA209,2012-06-11 09:04:56.773,7248.0000,513944,-240,0.0000,692.0000,226,466,空平,B,7248.0000,0.0000,0.0000,0.0000,0.0000,7250.0000,0.0000,0.0000,0.0000,0.0000,178,0,0,0,0,121,0,0,0,0
zc,TA209,2012-06-11 09:04:57.273,7248.0000,514018,74,0.0000,784.0000,429,355,多开,B,7248.0000,0.0000,0.0000,0.0000,0.0000,7250.0000,0.0000,0.0000,0.0000,0.0000,280,0,0,0,0,3,0,0,0,0
zc,TA209,2012-06-11 09:04:58.273,7254.0000,514024,6,0.0000,236.0000,121,115,多开,B,7252.0000,0.0000,0.0000,0.0000,0.0000,7254.0000,0.0000,0.0000,0.0000,0.0000,110,0,0,0,0,137,0,0,0,0
zc,TA209,2012-06-11 09:04:58.787,7266.0000,513034,-990,0.0000,1374.0000,192,1182,空平,B,7266.0000,0.0000,0.0000,0.0000,0.0000,7268.0000,0.0000,0.0000,0.0000,0.0000,84,0,0,0,0,16,0,0,0,0
zc,TA209,2012-06-11 09:04:59.240,7270.0000,512946,-88,0.0000,576.0000,244,332,空平,B,7266.0000,0.0000,0.0000,0.0000,0.0000,7270.0000,0.0000,0.0000,0.0000,0.0000,37,0,0,0,0,6,0,0,0,0
zc,TA209,2012-06-11 09:05:00.037,7280.0000,512726,-220,0.0000,528.0000,154,374,空平,B,7274.0000,0.0000,0.0000,0.0000,0.0000,7280.0000,0.0000,0.0000,0.0000,0.0000,12,0,0,0,0,38,0,0,0,0
zc,TA209,2012-06-11 09:05:00.787,7278.0000,512520,-206,0.0000,394.0000,94,300,多平,S,7272.0000,0.0000,0.0000,0.0000,0.0000,7278.0000,0.0000,0.0000,0.0000,0.0000,40,0,0,0,0,160,0,0,0,0
zc,TA209,2012-06-11 09:05:01.273,7278.0000,512596,76,0.0000,688.0000,382,306,空开,S,7272.0000,0.0000,0.0000,0.0000,0.0000,7278.0000,0.0000,0.0000,0.0000,0.0000,23,0,0,0,0,103,0,0,0,0
zc,TA209,2012-06-11 09:05:02.007,7272.0000,512534,-62,0.0000,412.0000,175,237,多平,S,7272.0000,0.0000,0.0000,0.0000,0.0000,7274.0000,0.0000,0.0000,0.0000,0.0000,50,0,0,0,0,136,0,0,0,0
zc,TA209,2012-06-11 09:05:02.787,7272.0000,512534,0,0.0000,1294.0000,647,647,空换,S,7270.0000,0.0000,0.0000,0.0000,0.0000,7272.0000,0.0000,0.0000,0.0000,0.0000,310,0,0,0,0,282,0,0,0,0
zc,TA209,2012-06-11 09:05:03.507,7272.0000,512490,-44,0.0000,1018.0000,487,531,多平,S,7270.0000,0.0000,0.0000,0.0000,0.0000,7272.0000,0.0000,0.0000,0.0000,0.0000,121,0,0,0,0,22,0,0,0,0
zc,TA209,2012-06-11 09:05:04.023,7270.0000,512292,-198,0.0000,996.0000,399,597,多平,S,7268.0000,0.0000,0.0000,0.0000,0.0000,7270.0000,0.0000,0.0000,0.0000,0.0000,118,0,0,0,0,39,0,0,0,0
zc,TA209,2012-06-11 09:05:04.740,7270.0000,512264,-28,0.0000,268.0000,120,148,多平,S,7268.0000,0.0000,0.0000,0.0000,0.0000,7270.0000,0.0000,0.0000,0.0000,0.0000,76,0,0,0,0,16,0,0,0,0
zc,TA209,2012-06-11 09:05:05.257,7268.0000,512170,-94,0.0000,416.0000,161,255,多平,S,7268.0000,0.0000,0.0000,0.0000,0.0000,7270.0000,0.0000,0.0000,0.0000,0.0000,37,0,0,0,0,95,0,0,0,0
zc,TA209,2012-06-11 09:05:06.023,7268.0000,512116,-54,0.0000,296.0000,121,175,多平,S,7258.0000,0.0000,0.0000,0.0000,0.0000,7268.0000,0.0000,0.0000,0.0000,0.0000,8,0,0,0,0,10,0,0,0,0
zc,TA209,2012-06-11 09:05:06.303,7260.0000,512136,20,0.0000,320.0000,170,150,空开,S,7260.0000,0.0000,0.0000,0.0000,0.0000,7268.0000,0.0000,0.0000,0.0000,0.0000,11,0,0,0,0,101,0,0,0,0
zc,TA209,2012-06-11 09:05:07.023,7268.0000,511782,-354,0.0000,972.0000,309,663,空平,B,7268.0000,0.0000,0.0000,0.0000,0.0000,7270.0000,0.0000,0.0000,0.0000,0.0000,136,0,0,0,0,84,0,0,0,0
zc,TA209,2012-06-11 09:05:07.773,7268.0000,511620,-162,0.0000,436.0000,137,299,空平,B,7260.0000,0.0000,0.0000,0.0000,0.0000,7268.0000,0.0000,0.0000,0.0000,0.0000,4,0,0,0,0,3,0,0,0,0
zc,TA209,2012-06-11 09:05:08.303,7258.0000,511596,-24,0.0000,354.0000,165,189,多平,S,7258.0000,0.0000,0.0000,0.0000,0.0000,7260.0000,0.0000,0.0000,0.0000,0.0000,66,0,0,0,0,383,0,0,0,0
zc,TA209,2012-06-11 09:05:09.007,7260.0000,511616,20,0.0000,322.0000,171,151,多开,B,7258.0000,0.0000,0.0000,0.0000,0.0000,7260.0000,0.0000,0.0000,0.0000,0.0000,35,0,0,0,0,286,0,0,0,0
zc,TA209,2012-06-11 09:05:09.537,7260.0000,512126,510,0.0000,824.0000,667,157,多开,B,7254.0000,0.0000,0.0000,0.0000,0.0000,7260.0000,0.0000,0.0000,0.0000,0.0000,8,0,0,0,0,79,0,0,0,0
zc,TA209,2012-06-11 09:05:10.273,7258.0000,512394,268,0.0000,448.0000,358,90,空开,S,7258.0000,0.0000,0.0000,0.0000,0.0000,7262.0000,0.0000,0.0000,0.0000,0.0000,2,0,0,0,0,6,0,0,0,0
zc,TA209,2012-06-11 09:05:11.037,7258.0000,512128,-266,0.0000,386.0000,60,326,多平,S,7258.0000,0.0000,0.0000,0.0000,0.0000,7260.0000,0.0000,0.0000,0.0000,0.0000,623,0,0,0,0,2,0,0,0,0
zc,TA209,2012-06-11 09:05:11.507,7258.0000,512036,-92,0.0000,170.0000,39,131,多平,S,7258.0000,0.0000,0.0000,0.0000,0.0000,7260.0000,0.0000,0.0000,0.0000,0.0000,648,0,0,0,0,2,0,0,0,0
zc,TA209,2012-06-11 09:05:12.257,7268.0000,511812,-224,0.0000,472.0000,124,348,空平,B,7260.0000,0.0000,0.0000,0.0000,0.0000,7268.0000,0.0000,0.0000,0.0000,0.0000,234,0,0,0,0,135,0,0,0,0
zc,TA209,2012-06-11 09:05:12.990,7262.0000,511810,-2,0.0000,244.0000,121,123,多平,S,7262.0000,0.0000,0.0000,0.0000,0.0000,7266.0000,0.0000,0.0000,0.0000,0.0000,61,0,0,0,0,5,0,0,0,0
zc,TA209,2012-06-11 09:05:13.570,7266.0000,511702,-108,0.0000,338.0000,115,223,空平,B,7266.0000,0.0000,0.0000,0.0000,0.0000,7268.0000,0.0000,0.0000,0.0000,0.0000,283,0,0,0,0,158,0,0,0,0
zc,TA209,2012-06-11 09:05:14.257,7268.0000,511626,-76,0.0000,754.0000,339,415,空平,B,7268.0000,0.0000,0.0000,0.0000,0.0000,7270.0000,0.0000,0.0000,0.0000,0.0000,19,0,0,0,0,323,0,0,0,0
zc,TA209,2012-06-11 09:05:14.757,7266.0000,511614,-12,0.0000,156.0000,72,84,多平,S,7266.0000,0.0000,0.0000,0.0000,0.0000,7268.0000,0.0000,0.0000,0.0000,0.0000,92,0,0,0,0,2,0,0,0,0
zc,TA209,2012-06-11 09:05:15.523,7270.0000,511570,-44,0.0000,218.0000,87,131,空平,B,7268.0000,0.0000,0.0000,0.0000,0.0000,7270.0000,0.0000,0.0000,0.0000,0.0000,34,0,0,0,0,398,0,0,0,0
zc,TA209,2012-06-11 09:05:16.037,7268.0000,511624,54,0.0000,122.0000,88,34,空开,S,7266.0000,0.0000,0.0000,0.0000,0.0000,7268.0000,0.0000,0.0000,0.0000,0.0000,197,0,0,0,0,9,0,0,0,0
zc,TA209,2012-06-11 09:05:16.757,7266.0000,511580,-44,0.0000,136.0000,46,90,多平,S,7266.0000,0.0000,0.0000,0.0000,0.0000,7268.0000,0.0000,0.0000,0.0000,0.0000,157,0,0,0,0,189,0,0,0,0
zc,TA209,2012-06-11 09:05:17.273,7264.0000,511382,-198,0.0000,574.0000,188,386,多平,S,7262.0000,0.0000,0.0000,0.0000,0.0000,7266.0000,0.0000,0.0000,0.0000,0.0000,64,0,0,0,0,129,0,0,0,0
zc,TA209,2012-06-11 09:05:18.007,7266.0000,511340,-42,0.0000,648.0000,303,345,空平,B,7260.0000,0.0000,0.0000,0.0000,0.0000,7266.0000,0.0000,0.0000,0.0000,0.0000,30,0,0,0,0,91,0,0,0,0
zc,TA209,2012-06-11 09:05:18.287,7260.0000,511372,32,0.0000,100.0000,66,34,空开,S,7258.0000,0.0000,0.0000,0.0000,0.0000,7260.0000,0.0000,0.0000,0.0000,0.0000,51,0,0,0,0,7,0,0,0,0
zc,TA209,2012-06-11 09:05:19.023,7260.0000,511366,-6,0.0000,68.0000,31,37,多平,S,7260.0000,0.0000,0.0000,0.0000,0.0000,7262.0000,0.0000,0.0000,0.0000,0.0000,23,0,0,0,0,48,0,0,0,0
zc,TA209,2012-06-11 09:05:19.537,7260.0000,511328,-38,0.0000,158.0000,60,98,多平,S,7258.0000,0.0000,0.0000,0.0000,0.0000,7260.0000,0.0000,0.0000,0.0000,0.0000,164,0,0,0,0,46,0,0,0,0
zc,TA209,2012-06-11 09:05:20.257,7258.0000,511356,28,0.0000,246.0000,137,109,空开,S,7258.0000,0.0000,0.0000,0.0000,0.0000,7260.0000,0.0000,0.0000,0.0000,0.0000,146,0,0,0,0,96,0,0,0,0
zc,TA209,2012-06-11 09:05:21.023,7260.0000,511300,-56,0.0000,96.0000,20,76,空平,B,7258.0000,0.0000,0.0000,0.0000,0.0000,7260.0000,0.0000,0.0000,0.0000,0.0000,132,0,0,0,0,170,0,0,0,0
zc,TA209,2012-06-11 09:05:21.537,7258.0000,511040,-260,0.0000,360.0000,50,310,多平,S,7256.0000,0.0000,0.0000,0.0000,0.0000,7258.0000,0.0000,0.0000,0.0000,0.0000,236,0,0,0,0,87,0,0,0,0
zc,TA209,2012-06-11 09:05:21.990,7256.0000,511102,62,0.0000,336.0000,199,137,空开,S,7256.0000,0.0000,0.0000,0.0000,0.0000,7258.0000,0.0000,0.0000,0.0000,0.0000,100,0,0,0,0,387,0,0,0,0
zc,TA209,2012-06-11 09:05:23.023,7258.0000,510946,-156,0.0000,1190.0000,517,673,空平,B,7256.0000,0.0000,0.0000,0.0000,0.0000,7258.0000,0.0000,0.0000,0.0000,0.0000,15,0,0,0,0,56,0,0,0,0
zc,TA209,2012-06-11 09:05:23.507,7258.0000,510962,16,0.0000,112.0000,64,48,多开,B,7254.0000,0.0000,0.0000,0.0000,0.0000,7258.0000,0.0000,0.0000,0.0000,0.0000,64,0,0,0,0,50,0,0,0,0
zc,TA209,2012-06-11 09:05:24.007,7258.0000,510958,-4,0.0000,48.0000,22,26,空平,B,7254.0000,0.0000,0.0000,0.0000,0.0000,7256.0000,0.0000,0.0000,0.0000,0.0000,21,0,0,0,0,31,0,0,0,0
zc,TA209,2012-06-11 09:05:24.757,7254.0000,510882,-76,0.0000,136.0000,30,106,多平,S,7254.0000,0.0000,0.0000,0.0000,0.0000,7256.0000,0.0000,0.0000,0.0000,0.0000,28,0,0,0,0,193,0,0,0,0
zc,TA209,2012-06-11 09:05:25.023,7254.0000,510840,-42,0.0000,96.0000,27,69,多平,S,7254.0000,0.0000,0.0000,0.0000,0.0000,7256.0000,0.0000,0.0000,0.0000,0.0000,3,0,0,0,0,185,0,0,0,0
zc,TA209,2012-06-11 09:05:25.740,7254.0000,510982,142,0.0000,162.0000,152,10,空开,S,7252.0000,0.0000,0.0000,0.0000,0.0000,7254.0000,0.0000,0.0000,0.0000,0.0000,125,0,0,0,0,72,0,0,0,0
zc,TA209,2012-06-11 09:05:26.257,7254.0000,510878,-104,0.0000,348.0000,122,226,多平,S,7252.0000,0.0000,0.0000,0.0000,0.0000,7254.0000,0.0000,0.0000,0.0000,0.0000,12,0,0,0,0,70,0,0,0,0
zc,TA209,2012-06-11 09:05:27.007,7254.0000,511046,168,0.0000,328.0000,248,80,空开,S,7250.0000,0.0000,0.0000,0.0000,0.0000,7254.0000,0.0000,0.0000,0.0000,0.0000,439,0,0,0,0,93,0,0,0,0
zc,TA209,2012-06-11 09:05:27.507,7254.0000,511040,-6,0.0000,410.0000,202,208,多平,S,7254.0000,0.0000,0.0000,0.0000,0.0000,7256.0000,0.0000,0.0000,0.0000,0.0000,407,0,0,0,0,193,0,0,0,0
zc,TA209,2012-06-11 09:05:28.257,7254.0000,511272,232,0.0000,584.0000,408,176,空开,S,7254.0000,0.0000,0.0000,0.0000,0.0000,7256.0000,0.0000,0.0000,0.0000,0.0000,431,0,0,0,0,179,0,0,0,0
zc,TA209,2012-06-11 09:05:28.757,7254.0000,511146,-126,0.0000,1080.0000,477,603,多平,S,7256.0000,0.0000,0.0000,0.0000,0.0000,7258.0000,0.0000,0.0000,0.0000,0.0000,31,0,0,0,0,258,0,0,0,0
zc,TA209,2012-06-11 09:05:29.490,7258.0000,511126,-20,0.0000,48.0000,14,34,空平,B,7256.0000,0.0000,0.0000,0.0000,0.0000,7258.0000,0.0000,0.0000,0.0000,0.0000,98,0,0,0,0,267,0,0,0,0
zc,TA209,2012-06-11 09:05:30.007,7256.0000,511062,-64,0.0000,262.0000,99,163,多平,S,7256.0000,0.0000,0.0000,0.0000,0.0000,7258.0000,0.0000,0.0000,0.0000,0.0000,115,0,0,0,0,232,0,0,0,0
zc,TA209,2012-06-11 09:05:30.740,7256.0000,510916,-146,0.0000,158.0000,6,152,多平,S,7256.0000,0.0000,0.0000,0.0000,0.0000,7258.0000,0.0000,0.0000,0.0000,0.0000,77,0,0,0,0,191,0,0,0,0
zc,TA209,2012-06-11 09:05:31.257,7254.0000,510840,-76,0.0000,246.0000,85,161,多平,S,7254.0000,0.0000,0.0000,0.0000,0.0000,7258.0000,0.0000,0.0000,0.0000,0.0000,290,0,0,0,0,181,0,0,0,0
zc,TA209,2012-06-11 09:05:31.740,7256.0000,510816,-24,0.0000,94.0000,35,59,空平,B,7254.0000,0.0000,0.0000,0.0000,0.0000,7256.0000,0.0000,0.0000,0.0000,0.0000,369,0,0,0,0,32,0,0,0,0
zc,TA209,2012-06-11 09:05:32.490,7254.0000,510780,-36,0.0000,284.0000,124,160,多平,S,7254.0000,0.0000,0.0000,0.0000,0.0000,7258.0000,0.0000,0.0000,0.0000,0.0000,332,0,0,0,0,186,0,0,0,0
zc,TA209,2012-06-11 09:05:33.240,7256.0000,510774,-6,0.0000,48.0000,21,27,空平,B,7254.0000,0.0000,0.0000,0.0000,0.0000,7256.0000,0.0000,0.0000,0.0000,0.0000,326,0,0,0,0,10,0,0,0,0
