市场代码,合约代码,时间,最新,持仓,增仓,成交额,成交量,开仓,平仓,成交类型,方向,买一价,买二价,买三价,买四价,买五价,卖一价,卖二价,卖三价,卖四价,卖五价,买一量,买二量,买三量,买四量,买五量,卖一量,卖二量,卖三量,卖四量,卖五量
zc,TA303,2012-06-11 08:01:01.133,0.0000,22,0,0.0000,0.0000,0,0,空换,S,0.0000,0.0000,0.0000,0.0000,0.0000,0.0000,0.0000,0.0000,0.0000,0.0000,0,0,0,0,0,0,0,0,0,0
zc,TA303,2012-06-11 08:11:01.117,0.0000,22,0,0.0000,0.0000,0,0,空换,S,0.0000,0.0000,0.0000,0.0000,0.0000,0.0000,0.0000,0.0000,0.0000,0.0000,0,0,0,0,0,0,0,0,0,0
zc,TA303,2012-06-11 09:00:02.197,0.0000,22,0,0.0000,0.0000,0,0,空换,S,7022.0000,0.0000,0.0000,0.0000,0.0000,7284.0000,0.0000,0.0000,0.0000,0.0000,1,0,0,0,0,1,0,0,0,0
zc,TA303,2012-06-11 09:00:04.197,0.0000,22,0,0.0000,0.0000,0,0,空换,S,7146.0000,0.0000,0.0000,0.0000,0.0000,7244.0000,0.0000,0.0000,0.0000,0.0000,1,0,0,0,0,1,0,0,0,0
zc,TA303,2012-06-11 09:00:05.413,0.0000,22,0,0.0000,0.0000,0,0,空换,S,7140.0000,0.0000,0.0000,0.0000,0.0000,7238.0000,0.0000,0.0000,0.0000,0.0000,1,0,0,0,0,1,0,0,0,0
zc,TA303,2012-06-11 09:00:05.883,0.0000,22,0,0.0000,0.0000,0,0,空换,S,7136.0000,0.0000,0.0000,0.0000,0.0000,7238.0000,0.0000,0.0000,0.0000,0.0000,1,0,0,0,0,1,0,0,0,0
zc,TA303,2012-06-11 09:00:06.617,0.0000,22,0,0.0000,0.0000,0,0,空换,S,7144.0000,0.0000,0.0000,0.0000,0.0000,7238.0000,0.0000,0.0000,0.0000,0.0000,1,0,0,0,0,1,0,0,0,0
zc,TA303,2012-06-11 09:00:07.100,0.0000,22,0,0.0000,0.0000,0,0,空换,S,7136.0000,0.0000,0.0000,0.0000,0.0000,7234.0000,0.0000,0.0000,0.0000,0.0000,1,0,0,0,0,1,0,0,0,0
zc,TA303,2012-06-11 09:00:08.133,0.0000,22,0,0.0000,0.0000,0,0,空换,S,7136.0000,0.0000,0.0000,0.0000,0.0000,7230.0000,0.0000,0.0000,0.0000,0.0000,1,0,0,0,0,1,0,0,0,0
zc,TA303,2012-06-11 09:00:08.600,0.0000,22,0,0.0000,0.0000,0,0,空换,S,7138.0000,0.0000,0.0000,0.0000,0.0000,7236.0000,0.0000,0.0000,0.0000,0.0000,1,0,0,0,0,1,0,0,0,0
zc,TA303,2012-06-11 09:00:09.100,0.0000,22,0,0.0000,0.0000,0,0,空换,S,7142.0000,0.0000,0.0000,0.0000,0.0000,7236.0000,0.0000,0.0000,0.0000,0.0000,1,0,0,0,0,1,0,0,0,0
zc,TA303,2012-06-11 09:00:09.867,0.0000,22,0,0.0000,0.0000,0,0,空换,S,7142.0000,0.0000,0.0000,0.0000,0.0000,7238.0000,0.0000,0.0000,0.0000,0.0000,1,0,0,0,0,1,0,0,0,0
zc,TA303,2012-06-11 09:00:10.600,0.0000,22,0,0.0000,0.0000,0,0,空换,S,7138.0000,0.0000,0.0000,0.0000,0.0000,7232.0000,0.0000,0.0000,0.0000,0.0000,1,0,0,0,0,1,0,0,0,0
zc,TA303,2012-06-11 09:00:12.133,0.0000,22,0,0.0000,0.0000,0,0,空换,S,7138.0000,0.0000,0.0000,0.0000,0.0000,7234.0000,0.0000,0.0000,0.0000,0.0000,1,0,0,0,0,1,0,0,0,0
zc,TA303,2012-06-11 09:00:14.570,7138.0000,22,0,0.0000,2.0000,1,1,多换,B,7022.0000,0.0000,0.0000,0.0000,0.0000,7232.0000,0.0000,0.0000,0.0000,0.0000,1,0,0,0,0,1,0,0,0,0
zc,TA303,2012-06-11 09:00:15.587,7138.0000,22,0,0.0000,0.0000,0,0,多换,B,7022.0000,0.0000,0.0000,0.0000,0.0000,7232.0000,0.0000,0.0000,0.0000,0.0000,7,0,0,0,0,1,0,0,0,0
zc,TA303,2012-06-11 09:00:16.383,7138.0000,22,0,0.0000,0.0000,0,0,多换,B,7032.0000,0.0000,0.0000,0.0000,0.0000,7234.0000,0.0000,0.0000,0.0000,0.0000,6,0,0,0,0,1,0,0,0,0
zc,TA303,2012-06-11 09:00:17.147,7138.0000,22,0,0.0000,0.0000,0,0,多换,B,7032.0000,0.0000,0.0000,0.0000,0.0000,7232.0000,0.0000,0.0000,0.0000,0.0000,6,0,0,0,0,1,0,0,0,0
zc,TA303,2012-06-11 09:00:17.850,7138.0000,22,0,0.0000,0.0000,0,0,多换,B,7032.0000,0.0000,0.0000,0.0000,0.0000,7230.0000,0.0000,0.0000,0.0000,0.0000,6,0,0,0,0,1,0,0,0,0
zc,TA303,2012-06-11 09:00:19.087,7138.0000,22,0,0.0000,0.0000,0,0,多换,B,7032.0000,0.0000,0.0000,0.0000,0.0000,7234.0000,0.0000,0.0000,0.0000,0.0000,6,0,0,0,0,1,0,0,0,0
zc,TA303,2012-06-11 09:00:21.383,7138.0000,22,0,0.0000,0.0000,0,0,多换,B,7032.0000,0.0000,0.0000,0.0000,0.0000,7232.0000,0.0000,0.0000,0.0000,0.0000,6,0,0,0,0,1,0,0,0,0
zc,TA303,2012-06-11 09:00:21.820,7138.0000,22,0,0.0000,0.0000,0,0,多换,B,7032.0000,0.0000,0.0000,0.0000,0.0000,7234.0000,0.0000,0.0000,0.0000,0.0000,6,0,0,0,0,1,0,0,0,0
zc,TA303,2012-06-11 09:00:23.087,7138.0000,22,0,0.0000,0.0000,0,0,多换,B,7032.0000,0.0000,0.0000,0.0000,0.0000,7232.0000,0.0000,0.0000,0.0000,0.0000,6,0,0,0,0,1,0,0,0,0
zc,TA303,2012-06-11 09:00:23.587,7138.0000,22,0,0.0000,0.0000,0,0,多换,B,7032.0000,0.0000,0.0000,0.0000,0.0000,7232.0000,0.0000,0.0000,0.0000,0.0000,11,0,0,0,0,1,0,0,0,0
zc,TA303,2012-06-11 09:00:26.867,7138.0000,22,0,0.0000,0.0000,0,0,多换,B,7032.0000,0.0000,0.0000,0.0000,0.0000,7230.0000,0.0000,0.0000,0.0000,0.0000,11,0,0,0,0,1,0,0,0,0
zc,TA303,2012-06-11 09:00:28.100,7138.0000,22,0,0.0000,0.0000,0,0,多换,B,7032.0000,0.0000,0.0000,0.0000,0.0000,7232.0000,0.0000,0.0000,0.0000,0.0000,11,0,0,0,0,1,0,0,0,0
zc,TA303,2012-06-11 09:00:29.087,7138.0000,22,0,0.0000,0.0000,0,0,多换,B,7032.0000,0.0000,0.0000,0.0000,0.0000,7234.0000,0.0000,0.0000,0.0000,0.0000,11,0,0,0,0,1,0,0,0,0
zc,TA303,2012-06-11 09:00:29.587,7138.0000,22,0,0.0000,0.0000,0,0,多换,B,7032.0000,0.0000,0.0000,0.0000,0.0000,7230.0000,0.0000,0.0000,0.0000,0.0000,11,0,0,0,0,1,0,0,0,0
zc,TA303,2012-06-11 09:00:30.850,7138.0000,22,0,0.0000,0.0000,0,0,多换,B,7032.0000,0.0000,0.0000,0.0000,0.0000,7228.0000,0.0000,0.0000,0.0000,0.0000,11,0,0,0,0,1,0,0,0,0
zc,TA303,2012-06-11 09:00:35.320,7138.0000,22,0,0.0000,0.0000,0,0,多换,B,7032.0000,0.0000,0.0000,0.0000,0.0000,7230.0000,0.0000,0.0000,0.0000,0.0000,11,0,0,0,0,1,0,0,0,0
zc,TA303,2012-06-11 09:00:36.147,7138.0000,22,0,0.0000,0.0000,0,0,多换,B,7032.0000,0.0000,0.0000,0.0000,0.0000,7232.0000,0.0000,0.0000,0.0000,0.0000,11,0,0,0,0,1,0,0,0,0
zc,TA303,2012-06-11 09:00:37.337,7138.0000,22,0,0.0000,0.0000,0,0,多换,B,7032.0000,0.0000,0.0000,0.0000,0.0000,7234.0000,0.0000,0.0000,0.0000,0.0000,11,0,0,0,0,1,0,0,0,0
zc,TA303,2012-06-11 09:00:40.570,7138.0000,22,0,0.0000,0.0000,0,0,多换,B,7032.0000,0.0000,0.0000,0.0000,0.0000,7236.0000,0.0000,0.0000,0.0000,0.0000,11,0,0,0,0,1,0,0,0,0
zc,TA303,2012-06-11 09:00:41.867,7138.0000,22,0,0.0000,0.0000,0,0,多换,B,7032.0000,0.0000,0.0000,0.0000,0.0000,7240.0000,0.0000,0.0000,0.0000,0.0000,11,0,0,0,0,1,0,0,0,0
zc,TA303,2012-06-11 09:00:43.837,7138.0000,22,0,0.0000,0.0000,0,0,多换,B,7032.0000,0.0000,0.0000,0.0000,0.0000,7242.0000,0.0000,0.0000,0.0000,0.0000,11,0,0,0,0,1,0,0,0,0
zc,TA303,2012-06-11 09:00:45.337,7138.0000,22,0,0.0000,0.0000,0,0,多换,B,7032.0000,0.0000,0.0000,0.0000,0.0000,7246.0000,0.0000,0.0000,0.0000,0.0000,11,0,0,0,0,1,0,0,0,0
zc,TA303,2012-06-11 09:00:45.820,7138.0000,22,0,0.0000,0.0000,0,0,多换,B,7032.0000,0.0000,0.0000,0.0000,0.0000,7240.0000,0.0000,0.0000,0.0000,0.0000,11,0,0,0,0,1,0,0,0,0
zc,TA303,2012-06-11 09:00:46.570,7138.0000,22,0,0.0000,0.0000,0,0,多换,B,7032.0000,0.0000,0.0000,0.0000,0.0000,7246.0000,0.0000,0.0000,0.0000,0.0000,11,0,0,0,0,1,0,0,0,0
zc,TA303,2012-06-11 09:00:47.100,7138.0000,22,0,0.0000,0.0000,0,0,多换,B,7032.0000,0.0000,0.0000,0.0000,0.0000,7244.0000,0.0000,0.0000,0.0000,0.0000,11,0,0,0,0,1,0,0,0,0
zc,TA303,2012-06-11 09:00:48.350,7138.0000,22,0,0.0000,0.0000,0,0,多换,B,7032.0000,0.0000,0.0000,0.0000,0.0000,7246.0000,0.0000,0.0000,0.0000,0.0000,11,0,0,0,0,1,0,0,0,0
zc,TA303,2012-06-11 09:00:50.850,7138.0000,22,0,0.0000,0.0000,0,0,多换,B,7032.0000,0.0000,0.0000,0.0000,0.0000,7248.0000,0.0000,0.0000,0.0000,0.0000,11,0,0,0,0,1,0,0,0,0
zc,TA303,2012-06-11 09:00:51.537,7138.0000,22,0,0.0000,0.0000,0,0,多换,B,7032.0000,0.0000,0.0000,0.0000,0.0000,7244.0000,0.0000,0.0000,0.0000,0.0000,11,0,0,0,0,1,0,0,0,0
zc,TA303,2012-06-11 09:00:52.850,7138.0000,22,0,0.0000,0.0000,0,0,多换,B,7032.0000,0.0000,0.0000,0.0000,0.0000,7248.0000,0.0000,0.0000,0.0000,0.0000,17,0,0,0,0,1,0,0,0,0
zc,TA303,2012-06-11 09:00:54.867,7138.0000,22,0,0.0000,0.0000,0,0,多换,B,7032.0000,0.0000,0.0000,0.0000,0.0000,7252.0000,0.0000,0.0000,0.0000,0.0000,17,0,0,0,0,1,0,0,0,0
zc,TA303,2012-06-11 09:00:56.587,7138.0000,22,0,0.0000,0.0000,0,0,多换,B,7032.0000,0.0000,0.0000,0.0000,0.0000,7248.0000,0.0000,0.0000,0.0000,0.0000,17,0,0,0,0,1,0,0,0,0
zc,TA303,2012-06-11 09:00:58.383,7138.0000,22,0,0.0000,0.0000,0,0,多换,B,7032.0000,0.0000,0.0000,0.0000,0.0000,7246.0000,0.0000,0.0000,0.0000,0.0000,17,0,0,0,0,1,0,0,0,0
zc,TA303,2012-06-11 09:00:59.100,7138.0000,22,0,0.0000,0.0000,0,0,多换,B,7032.0000,0.0000,0.0000,0.0000,0.0000,7250.0000,0.0000,0.0000,0.0000,0.0000,17,0,0,0,0,1,0,0,0,0
zc,TA303,2012-06-11 09:01:01.087,7138.0000,22,0,0.0000,0.0000,0,0,多换,B,7032.0000,0.0000,0.0000,0.0000,0.0000,7246.0000,0.0000,0.0000,0.0000,0.0000,17,0,0,0,0,1,0,0,0,0
zc,TA303,2012-06-11 09:01:07.350,7138.0000,22,0,0.0000,0.0000,0,0,多换,B,7032.0000,0.0000,0.0000,0.0000,0.0000,7246.0000,0.0000,0.0000,0.0000,0.0000,17,0,0,0,0,1,0,0,0,0
zc,TA303,2012-06-11 09:01:08.397,7138.0000,22,0,0.0000,0.0000,0,0,多换,B,7032.0000,0.0000,0.0000,0.0000,0.0000,7248.0000,0.0000,0.0000,0.0000,0.0000,17,0,0,0,0,1,0,0,0,0
zc,TA303,2012-06-11 09:01:08.883,7138.0000,22,0,0.0000,0.0000,0,0,多换,B,7032.0000,0.0000,0.0000,0.0000,0.0000,7246.0000,0.0000,0.0000,0.0000,0.0000,17,0,0,0,0,1,0,0,0,0
zc,TA303,2012-06-11 09:01:12.897,7138.0000,22,0,0.0000,0.0000,0,0,多换,B,7032.0000,0.0000,0.0000,0.0000,0.0000,7240.0000,0.0000,0.0000,0.0000,0.0000,17,0,0,0,0,1,0,0,0,0
zc,TA303,2012-06-11 09:01:13.303,7138.0000,22,0,0.0000,0.0000,0,0,多换,B,7032.0000,0.0000,0.0000,0.0000,0.0000,7242.0000,0.0000,0.0000,0.0000,0.0000,17,0,0,0,0,1,0,0,0,0
zc,TA303,2012-06-11 09:01:14.087,7138.0000,22,0,0.0000,0.0000,0,0,多换,B,7032.0000,0.0000,0.0000,0.0000,0.0000,7246.0000,0.0000,0.0000,0.0000,0.0000,17,0,0,0,0,1,0,0,0,0
zc,TA303,2012-06-11 09:01:15.837,7138.0000,22,0,0.0000,0.0000,0,0,多换,B,7108.0000,0.0000,0.0000,0.0000,0.0000,7246.0000,0.0000,0.0000,0.0000,0.0000,1,0,0,0,0,1,0,0,0,0
zc,TA303,2012-06-11 09:01:17.837,7138.0000,22,0,0.0000,0.0000,0,0,多换,B,7108.0000,0.0000,0.0000,0.0000,0.0000,7244.0000,0.0000,0.0000,0.0000,0.0000,1,0,0,0,0,1,0,0,0,0
zc,TA303,2012-06-11 09:01:20.337,7138.0000,22,0,0.0000,0.0000,0,0,多换,B,7022.0000,0.0000,0.0000,0.0000,0.0000,7246.0000,0.0000,0.0000,0.0000,0.0000,1,0,0,0,0,1,0,0,0,0
zc,TA303,2012-06-11 09:01:21.553,7138.0000,22,0,0.0000,0.0000,0,0,多换,B,7022.0000,0.0000,0.0000,0.0000,0.0000,7246.0000,0.0000,0.0000,0.0000,0.0000,12,0,0,0,0,1,0,0,0,0
zc,TA303,2012-06-11 09:01:23.337,7138.0000,22,0,0.0000,0.0000,0,0,多换,B,7032.0000,0.0000,0.0000,0.0000,0.0000,7248.0000,0.0000,0.0000,0.0000,0.0000,6,0,0,0,0,1,0,0,0,0
zc,TA303,2012-06-11 09:01:23.820,7138.0000,22,0,0.0000,0.0000,0,0,多换,B,7080.0000,0.0000,0.0000,0.0000,0.0000,7248.0000,0.0000,0.0000,0.0000,0.0000,1,0,0,0,0,1,0,0,0,0
zc,TA303,2012-06-11 09:01:24.553,7138.0000,22,0,0.0000,0.0000,0,0,多换,B,7080.0000,0.0000,0.0000,0.0000,0.0000,7246.0000,0.0000,0.0000,0.0000,0.0000,1,0,0,0,0,1,0,0,0,0
zc,TA303,2012-06-11 09:01:24.850,7138.0000,22,0,0.0000,0.0000,0,0,多换,B,7080.0000,0.0000,0.0000,0.0000,0.0000,7248.0000,0.0000,0.0000,0.0000,0.0000,1,0,0,0,0,1,0,0,0,0
zc,TA303,2012-06-11 09:01:25.820,7138.0000,22,0,0.0000,0.0000,0,0,多换,B,7080.0000,0.0000,0.0000,0.0000,0.0000,7246.0000,0.0000,0.0000,0.0000,0.0000,1,0,0,0,0,6,0,0,0,0
zc,TA303,2012-06-11 09:01:26.350,7138.0000,22,0,0.0000,0.0000,0,0,多换,B,7092.0000,0.0000,0.0000,0.0000,0.0000,7246.0000,0.0000,0.0000,0.0000,0.0000,1,0,0,0,0,6,0,0,0,0
zc,TA303,2012-06-11 09:01:29.600,7138.0000,22,0,0.0000,0.0000,0,0,多换,B,7114.0000,0.0000,0.0000,0.0000,0.0000,7246.0000,0.0000,0.0000,0.0000,0.0000,1,0,0,0,0,7,0,0,0,0
zc,TA303,2012-06-11 09:01:30.350,7138.0000,22,0,0.0000,0.0000,0,0,多换,B,7114.0000,0.0000,0.0000,0.0000,0.0000,7246.0000,0.0000,0.0000,0.0000,0.0000,1,0,0,0,0,6,0,0,0,0
zc,TA303,2012-06-11 09:01:31.570,7138.0000,22,0,0.0000,0.0000,0,0,多换,B,7116.0000,0.0000,0.0000,0.0000,0.0000,7246.0000,0.0000,0.0000,0.0000,0.0000,1,0,0,0,0,7,0,0,0,0
zc,TA303,2012-06-11 09:01:32.350,7138.0000,22,0,0.0000,0.0000,0,0,多换,B,7116.0000,0.0000,0.0000,0.0000,0.0000,7246.0000,0.0000,0.0000,0.0000,0.0000,1,0,0,0,0,6,0,0,0,0
zc,TA303,2012-06-11 09:01:32.820,7138.0000,22,0,0.0000,0.0000,0,0,多换,B,7128.0000,0.0000,0.0000,0.0000,0.0000,7246.0000,0.0000,0.0000,0.0000,0.0000,1,0,0,0,0,6,0,0,0,0
zc,TA303,2012-06-11 09:01:43.007,7138.0000,22,0,0.0000,0.0000,0,0,多换,B,7130.0000,0.0000,0.0000,0.0000,0.0000,7246.0000,0.0000,0.0000,0.0000,0.0000,1,0,0,0,0,6,0,0,0,0
zc,TA303,2012-06-11 09:01:44.350,7138.0000,22,0,0.0000,0.0000,0,0,多换,B,7136.0000,0.0000,0.0000,0.0000,0.0000,7246.0000,0.0000,0.0000,0.0000,0.0000,1,0,0,0,0,6,0,0,0,0
zc,TA303,2012-06-11 09:01:56.070,7138.0000,22,0,0.0000,0.0000,0,0,多换,B,7138.0000,0.0000,0.0000,0.0000,0.0000,7246.0000,0.0000,0.0000,0.0000,0.0000,1,0,0,0,0,6,0,0,0,0
zc,TA303,2012-06-11 09:01:57.320,7138.0000,22,0,0.0000,0.0000,0,0,多换,B,7144.0000,0.0000,0.0000,0.0000,0.0000,7246.0000,0.0000,0.0000,0.0000,0.0000,1,0,0,0,0,6,0,0,0,0
zc,TA303,2012-06-11 09:02:22.133,7138.0000,22,0,0.0000,0.0000,0,0,多换,B,7146.0000,0.0000,0.0000,0.0000,0.0000,7246.0000,0.0000,0.0000,0.0000,0.0000,1,0,0,0,0,6,0,0,0,0
zc,TA303,2012-06-11 09:02:22.587,7138.0000,22,0,0.0000,0.0000,0,0,多换,B,7148.0000,0.0000,0.0000,0.0000,0.0000,7246.0000,0.0000,0.0000,0.0000,0.0000,1,0,0,0,0,6,0,0,0,0
zc,TA303,2012-06-11 09:02:33.507,7138.0000,22,0,0.0000,0.0000,0,0,多换,B,7150.0000,0.0000,0.0000,0.0000,0.0000,7246.0000,0.0000,0.0000,0.0000,0.0000,1,0,0,0,0,6,0,0,0,0
zc,TA303,2012-06-11 09:02:34.037,7138.0000,22,0,0.0000,0.0000,0,0,多换,B,7150.0000,0.0000,0.0000,0.0000,0.0000,7246.0000,0.0000,0.0000,0.0000,0.0000,2,0,0,0,0,6,0,0,0,0
zc,TA303,2012-06-11 09:02:34.803,7138.0000,22,0,0.0000,0.0000,0,0,多换,B,7158.0000,0.0000,0.0000,0.0000,0.0000,7246.0000,0.0000,0.0000,0.0000,0.0000,1,0,0,0,0,6,0,0,0,0
zc,TA303,2012-06-11 09:02:38.053,7138.0000,22,0,0.0000,0.0000,0,0,多换,B,7160.0000,0.0000,0.0000,0.0000,0.0000,7246.0000,0.0000,0.0000,0.0000,0.0000,3,0,0,0,0,6,0,0,0,0
zc,TA303,2012-06-11 09:02:39.820,7138.0000,22,0,0.0000,0.0000,0,0,多换,B,7166.0000,0.0000,0.0000,0.0000,0.0000,7246.0000,0.0000,0.0000,0.0000,0.0000,1,0,0,0,0,6,0,0,0,0
zc,TA303,2012-06-11 09:02:51.803,7138.0000,22,0,0.0000,0.0000,0,0,多换,B,7168.0000,0.0000,0.0000,0.0000,0.0000,7246.0000,0.0000,0.0000,0.0000,0.0000,1,0,0,0,0,6,0,0,0,0
zc,TA303,2012-06-11 09:02:53.787,7138.0000,22,0,0.0000,0.0000,0,0,多换,B,7176.0000,0.0000,0.0000,0.0000,0.0000,7246.0000,0.0000,0.0000,0.0000,0.0000,1,0,0,0,0,6,0,0,0,0
zc,TA303,2012-06-11 09:03:00.303,7138.0000,22,0,0.0000,0.0000,0,0,多换,B,7178.0000,0.0000,0.0000,0.0000,0.0000,7246.0000,0.0000,0.0000,0.0000,0.0000,1,0,0,0,0,6,0,0,0,0
zc,TA303,2012-06-11 09:03:01.087,7138.0000,22,0,0.0000,0.0000,0,0,多换,B,7186.0000,0.0000,0.0000,0.0000,0.0000,7246.0000,0.0000,0.0000,0.0000,0.0000,1,0,0,0,0,6,0,0,0,0
zc,TA303,2012-06-11 09:03:22.850,7138.0000,22,0,0.0000,0.0000,0,0,多换,B,7186.0000,0.0000,0.0000,0.0000,0.0000,7246.0000,0.0000,0.0000,0.0000,0.0000,11,0,0,0,0,6,0,0,0,0
zc,TA303,2012-06-11 09:03:23.537,7138.0000,22,0,0.0000,0.0000,0,0,多换,B,7188.0000,0.0000,0.0000,0.0000,0.0000,7246.0000,0.0000,0.0000,0.0000,0.0000,1,0,0,0,0,6,0,0,0,0
zc,TA303,2012-06-11 09:03:24.803,7138.0000,22,0,0.0000,0.0000,0,0,多换,B,7188.0000,0.0000,0.0000,0.0000,0.0000,7246.0000,0.0000,0.0000,0.0000,0.0000,10,0,0,0,0,6,0,0,0,0
zc,TA303,2012-06-11 09:03:25.350,7138.0000,22,0,0.0000,0.0000,0,0,多换,B,7190.0000,0.0000,0.0000,0.0000,0.0000,7246.0000,0.0000,0.0000,0.0000,0.0000,1,0,0,0,0,6,0,0,0,0
zc,TA303,2012-06-11 09:03:26.070,7138.0000,22,0,0.0000,0.0000,0,0,多换,B,7190.0000,0.0000,0.0000,0.0000,0.0000,7246.0000,0.0000,0.0000,0.0000,0.0000,11,0,0,0,0,6,0,0,0,0
zc,TA303,2012-06-11 09:03:26.570,7138.0000,22,0,0.0000,0.0000,0,0,多换,B,7190.0000,0.0000,0.0000,0.0000,0.0000,7246.0000,0.0000,0.0000,0.0000,0.0000,10,0,0,0,0,6,0,0,0,0
zc,TA303,2012-06-11 09:03:27.320,7138.0000,22,0,0.0000,0.0000,0,0,多换,B,7194.0000,0.0000,0.0000,0.0000,0.0000,7246.0000,0.0000,0.0000,0.0000,0.0000,1,0,0,0,0,6,0,0,0,0
zc,TA303,2012-06-11 09:03:32.070,7138.0000,22,0,0.0000,0.0000,0,0,多换,B,7194.0000,0.0000,0.0000,0.0000,0.0000,7246.0000,0.0000,0.0000,0.0000,0.0000,11,0,0,0,0,6,0,0,0,0
zc,TA303,2012-06-11 09:03:33.337,7138.0000,22,0,0.0000,0.0000,0,0,多换,B,7194.0000,0.0000,0.0000,0.0000,0.0000,7246.0000,0.0000,0.0000,0.0000,0.0000,1,0,0,0,0,6,0,0,0,0
zc,TA303,2012-06-11 09:03:44.053,7138.0000,22,0,0.0000,0.0000,0,0,多换,B,7194.0000,0.0000,0.0000,0.0000,0.0000,7246.0000,0.0000,0.0000,0.0000,0.0000,6,0,0,0,0,6,0,0,0,0
zc,TA303,2012-06-11 09:03:44.820,7138.0000,22,0,0.0000,0.0000,0,0,多换,B,7194.0000,0.0000,0.0000,0.0000,0.0000,7246.0000,0.0000,0.0000,0.0000,0.0000,1,0,0,0,0,6,0,0,0,0
zc,TA303,2012-06-11 09:03:58.773,7138.0000,22,0,0.0000,0.0000,0,0,多换,B,7194.0000,0.0000,0.0000,0.0000,0.0000,7246.0000,0.0000,0.0000,0.0000,0.0000,11,0,0,0,0,6,0,0,0,0
zc,TA303,2012-06-11 09:03:59.803,7138.0000,22,0,0.0000,0.0000,0,0,多换,B,7194.0000,0.0000,0.0000,0.0000,0.0000,7246.0000,0.0000,0.0000,0.0000,0.0000,10,0,0,0,0,6,0,0,0,0
zc,TA303,2012-06-11 09:04:01.053,7138.0000,22,0,0.0000,0.0000,0,0,多换,B,7196.0000,0.0000,0.0000,0.0000,0.0000,7246.0000,0.0000,0.0000,0.0000,0.0000,1,0,0,0,0,6,0,0,0,0
zc,TA303,2012-06-11 09:04:01.837,7138.0000,22,0,0.0000,0.0000,0,0,多换,B,7198.0000,0.0000,0.0000,0.0000,0.0000,7246.0000,0.0000,0.0000,0.0000,0.0000,10,0,0,0,0,6,0,0,0,0
zc,TA303,2012-06-11 09:04:03.320,7138.0000,22,0,0.0000,0.0000,0,0,多换,B,7200.0000,0.0000,0.0000,0.0000,0.0000,7246.0000,0.0000,0.0000,0.0000,0.0000,11,0,0,0,0,6,0,0,0,0
zc,TA303,2012-06-11 09:04:04.023,7138.0000,22,0,0.0000,0.0000,0,0,多换,B,7200.0000,0.0000,0.0000,0.0000,0.0000,7246.0000,0.0000,0.0000,0.0000,0.0000,1,0,0,0,0,6,0,0,0,0
zc,TA303,2012-06-11 09:04:04.803,7138.0000,22,0,0.0000,0.0000,0,0,多换,B,7202.0000,0.0000,0.0000,0.0000,0.0000,7246.0000,0.0000,0.0000,0.0000,0.0000,10,0,0,0,0,6,0,0,0,0
zc,TA303,2012-06-11 09:04:06.523,7138.0000,22,0,0.0000,0.0000,0,0,多换,B,7204.0000,0.0000,0.0000,0.0000,0.0000,7246.0000,0.0000,0.0000,0.0000,0.0000,1,0,0,0,0,6,0,0,0,0
zc,TA303,2012-06-11 09:04:07.337,7138.0000,22,0,0.0000,0.0000,0,0,多换,B,7204.0000,0.0000,0.0000,0.0000,0.0000,7246.0000,0.0000,0.0000,0.0000,0.0000,5,0,0,0,0,6,0,0,0,0
zc,TA303,2012-06-11 09:04:07.787,7138.0000,22,0,0.0000,0.0000,0,0,多换,B,7204.0000,0.0000,0.0000,0.0000,0.0000,7246.0000,0.0000,0.0000,0.0000,0.0000,1,0,0,0,0,6,0,0,0,0
zc,TA303,2012-06-11 09:04:08.837,7138.0000,22,0,0.0000,0.0000,0,0,多换,B,7204.0000,0.0000,0.0000,0.0000,0.0000,7246.0000,0.0000,0.0000,0.0000,0.0000,11,0,0,0,0,6,0,0,0,0
zc,TA303,2012-06-11 09:04:09.553,7138.0000,22,0,0.0000,0.0000,0,0,多换,B,7204.0000,0.0000,0.0000,0.0000,0.0000,7246.0000,0.0000,0.0000,0.0000,0.0000,1,0,0,0,0,6,0,0,0,0
zc,TA303,2012-06-11 09:04:10.053,7138.0000,22,0,0.0000,0.0000,0,0,多换,B,7204.0000,0.0000,0.0000,0.0000,0.0000,7246.0000,0.0000,0.0000,0.0000,0.0000,6,0,0,0,0,6,0,0,0,0
zc,TA303,2012-06-11 09:04:10.757,7138.0000,22,0,0.0000,0.0000,0,0,多换,B,7204.0000,0.0000,0.0000,0.0000,0.0000,7246.0000,0.0000,0.0000,0.0000,0.0000,1,0,0,0,0,6,0,0,0,0
zc,TA303,2012-06-11 09:04:12.053,7138.0000,22,0,0.0000,0.0000,0,0,多换,B,7206.0000,0.0000,0.0000,0.0000,0.0000,7246.0000,0.0000,0.0000,0.0000,0.0000,1,0,0,0,0,6,0,0,0,0
zc,TA303,2012-06-11 09:04:12.570,7138.0000,22,0,0.0000,0.0000,0,0,多换,B,7204.0000,0.0000,0.0000,0.0000,0.0000,7246.0000,0.0000,0.0000,0.0000,0.0000,1,0,0,0,0,6,0,0,0,0
zc,TA303,2012-06-11 09:04:13.303,7138.0000,22,0,0.0000,0.0000,0,0,多换,B,7206.0000,0.0000,0.0000,0.0000,0.0000,7246.0000,0.0000,0.0000,0.0000,0.0000,1,0,0,0,0,6,0,0,0,0
zc,TA303,2012-06-11 09:04:13.787,7138.0000,22,0,0.0000,0.0000,0,0,多换,B,7202.0000,0.0000,0.0000,0.0000,0.0000,7246.0000,0.0000,0.0000,0.0000,0.0000,2,0,0,0,0,6,0,0,0,0
zc,TA303,2012-06-11 09:04:14.350,7138.0000,22,0,0.0000,0.0000,0,0,多换,B,7208.0000,0.0000,0.0000,0.0000,0.0000,7246.0000,0.0000,0.0000,0.0000,0.0000,1,0,0,0,0,6,0,0,0,0
zc,TA303,2012-06-11 09:04:15.070,7138.0000,22,0,0.0000,0.0000,0,0,多换,B,7210.0000,0.0000,0.0000,0.0000,0.0000,7246.0000,0.0000,0.0000,0.0000,0.0000,10,0,0,0,0,6,0,0,0,0
zc,TA303,2012-06-11 09:04:16.837,7138.0000,22,0,0.0000,0.0000,0,0,多换,B,7212.0000,0.0000,0.0000,0.0000,0.0000,7246.0000,0.0000,0.0000,0.0000,0.0000,4,0,0,0,0,6,0,0,0,0
zc,TA303,2012-06-11 09:04:17.570,7138.0000,22,0,0.0000,0.0000,0,0,多换,B,7212.0000,0.0000,0.0000,0.0000,0.0000,7246.0000,0.0000,0.0000,0.0000,0.0000,6,0,0,0,0,6,0,0,0,0
zc,TA303,2012-06-11 09:04:18.037,7138.0000,22,0,0.0000,0.0000,0,0,多换,B,7214.0000,0.0000,0.0000,0.0000,0.0000,7246.0000,0.0000,0.0000,0.0000,0.0000,3,0,0,0,0,6,0,0,0,0
zc,TA303,2012-06-11 09:04:19.303,7138.0000,22,0,0.0000,0.0000,0,0,多换,B,7216.0000,0.0000,0.0000,0.0000,0.0000,7246.0000,0.0000,0.0000,0.0000,0.0000,1,0,0,0,0,6,0,0,0,0
zc,TA303,2012-06-11 09:04:20.007,7138.0000,22,0,0.0000,0.0000,0,0,多换,B,7218.0000,0.0000,0.0000,0.0000,0.0000,7246.0000,0.0000,0.0000,0.0000,0.0000,1,0,0,0,0,6,0,0,0,0
zc,TA303,2012-06-11 09:04:30.553,7138.0000,22,0,0.0000,0.0000,0,0,多换,B,7218.0000,0.0000,0.0000,0.0000,0.0000,7246.0000,0.0000,0.0000,0.0000,0.0000,11,0,0,0,0,6,0,0,0,0
zc,TA303,2012-06-11 09:04:32.303,7138.0000,22,0,0.0000,0.0000,0,0,多换,B,7220.0000,0.0000,0.0000,0.0000,0.0000,7246.0000,0.0000,0.0000,0.0000,0.0000,10,0,0,0,0,6,0,0,0,0
zc,TA303,2012-06-11 09:04:33.070,7138.0000,22,0,0.0000,0.0000,0,0,多换,B,7222.0000,0.0000,0.0000,0.0000,0.0000,7246.0000,0.0000,0.0000,0.0000,0.0000,10,0,0,0,0,6,0,0,0,0
zc,TA303,2012-06-11 09:04:34.757,7138.0000,22,0,0.0000,0.0000,0,0,多换,B,7224.0000,0.0000,0.0000,0.0000,0.0000,7246.0000,0.0000,0.0000,0.0000,0.0000,5,0,0,0,0,6,0,0,0,0
zc,TA303,2012-06-11 09:04:35.587,7138.0000,22,0,0.0000,0.0000,0,0,多换,B,7224.0000,0.0000,0.0000,0.0000,0.0000,7246.0000,0.0000,0.0000,0.0000,0.0000,3,0,0,0,0,6,0,0,0,0
zc,TA303,2012-06-11 09:04:36.273,7138.0000,22,0,0.0000,0.0000,0,0,多换,B,7224.0000,0.0000,0.0000,0.0000,0.0000,7246.0000,0.0000,0.0000,0.0000,0.0000,6,0,0,0,0,6,0,0,0,0
zc,TA303,2012-06-11 09:04:36.757,7138.0000,22,0,0.0000,0.0000,0,0,多换,B,7224.0000,0.0000,0.0000,0.0000,0.0000,7246.0000,0.0000,0.0000,0.0000,0.0000,3,0,0,0,0,6,0,0,0,0
zc,TA303,2012-06-11 09:04:37.320,7138.0000,22,0,0.0000,0.0000,0,0,多换,B,7218.0000,0.0000,0.0000,0.0000,0.0000,7246.0000,0.0000,0.0000,0.0000,0.0000,10,0,0,0,0,6,0,0,0,0
zc,TA303,2012-06-11 09:04:38.273,7138.0000,22,0,0.0000,0.0000,0,0,多换,B,7226.0000,0.0000,0.0000,0.0000,0.0000,7246.0000,0.0000,0.0000,0.0000,0.0000,1,0,0,0,0,6,0,0,0,0
zc,TA303,2012-06-11 09:04:42.553,7138.0000,22,0,0.0000,0.0000,0,0,多换,B,7228.0000,0.0000,0.0000,0.0000,0.0000,7246.0000,0.0000,0.0000,0.0000,0.0000,10,0,0,0,0,6,0,0,0,0
zc,TA303,2012-06-11 09:04:44.053,7138.0000,22,0,0.0000,0.0000,0,0,多换,B,7226.0000,0.0000,0.0000,0.0000,0.0000,7246.0000,0.0000,0.0000,0.0000,0.0000,1,0,0,0,0,6,0,0,0,0
zc,TA303,2012-06-11 09:04:45.320,7138.0000,22,0,0.0000,0.0000,0,0,多换,B,7228.0000,0.0000,0.0000,0.0000,0.0000,7326.0000,0.0000,0.0000,0.0000,0.0000,10,0,0,0,0,1,0,0,0,0
zc,TA303,2012-06-11 09:04:46.803,7138.0000,22,0,0.0000,0.0000,0,0,多换,B,7230.0000,0.0000,0.0000,0.0000,0.0000,7328.0000,0.0000,0.0000,0.0000,0.0000,10,0,0,0,0,1,0,0,0,0
zc,TA303,2012-06-11 09:04:47.523,7138.0000,22,0,0.0000,0.0000,0,0,多换,B,7230.0000,0.0000,0.0000,0.0000,0.0000,7328.0000,0.0000,0.0000,0.0000,0.0000,11,0,0,0,0,1,0,0,0,0
zc,TA303,2012-06-11 09:04:48.053,7138.0000,22,0,0.0000,0.0000,0,0,多换,B,7232.0000,0.0000,0.0000,0.0000,0.0000,7328.0000,0.0000,0.0000,0.0000,0.0000,3,0,0,0,0,1,0,0,0,0
zc,TA303,2012-06-11 09:04:48.803,7138.0000,22,0,0.0000,0.0000,0,0,多换,B,7232.0000,0.0000,0.0000,0.0000,0.0000,7332.0000,0.0000,0.0000,0.0000,0.0000,3,0,0,0,0,1,0,0,0,0
zc,TA303,2012-06-11 09:04:49.303,7138.0000,22,0,0.0000,0.0000,0,0,多换,B,7234.0000,0.0000,0.0000,0.0000,0.0000,7332.0000,0.0000,0.0000,0.0000,0.0000,1,0,0,0,0,1,0,0,0,0
zc,TA303,2012-06-11 09:04:50.553,7138.0000,22,0,0.0000,0.0000,0,0,多换,B,7234.0000,0.0000,0.0000,0.0000,0.0000,7332.0000,0.0000,0.0000,0.0000,0.0000,11,0,0,0,0,1,0,0,0,0
zc,TA303,2012-06-11 09:04:51.303,7138.0000,22,0,0.0000,0.0000,0,0,多换,B,7234.0000,0.0000,0.0000,0.0000,0.0000,7334.0000,0.0000,0.0000,0.0000,0.0000,11,0,0,0,0,1,0,0,0,0
zc,TA303,2012-06-11 09:04:52.053,7138.0000,22,0,0.0000,0.0000,0,0,多换,B,7236.0000,0.0000,0.0000,0.0000,0.0000,7336.0000,0.0000,0.0000,0.0000,0.0000,3,0,0,0,0,1,0,0,0,0
zc,TA303,2012-06-11 09:04:52.570,7138.0000,22,0,0.0000,0.0000,0,0,多换,B,7238.0000,0.0000,0.0000,0.0000,0.0000,7336.0000,0.0000,0.0000,0.0000,0.0000,8,0,0,0,0,1,0,0,0,0
zc,TA303,2012-06-11 09:04:53.303,7138.0000,22,0,0.0000,0.0000,0,0,多换,B,7238.0000,0.0000,0.0000,0.0000,0.0000,7336.0000,0.0000,0.0000,0.0000,0.0000,11,0,0,0,0,1,0,0,0,0
zc,TA303,2012-06-11 09:04:54.287,7138.0000,22,0,0.0000,0.0000,0,0,多换,B,7238.0000,0.0000,0.0000,0.0000,0.0000,7338.0000,0.0000,0.0000,0.0000,0.0000,5,0,0,0,0,1,0,0,0,0
zc,TA303,2012-06-11 09:04:54.820,7138.0000,22,0,0.0000,0.0000,0,0,多换,B,7238.0000,0.0000,0.0000,0.0000,0.0000,7342.0000,0.0000,0.0000,0.0000,0.0000,3,0,0,0,0,1,0,0,0,0
zc,TA303,2012-06-11 09:04:55.553,7138.0000,22,0,0.0000,0.0000,0,0,多换,B,7240.0000,0.0000,0.0000,0.0000,0.0000,7342.0000,0.0000,0.0000,0.0000,0.0000,11,0,0,0,0,1,0,0,0,0
zc,TA303,2012-06-11 09:04:56.037,7138.0000,22,0,0.0000,0.0000,0,0,多换,B,7240.0000,0.0000,0.0000,0.0000,0.0000,7344.0000,0.0000,0.0000,0.0000,0.0000,8,0,0,0,0,1,0,0,0,0
zc,TA303,2012-06-11 09:04:56.820,7138.0000,22,0,0.0000,0.0000,0,0,多换,B,7242.0000,0.0000,0.0000,0.0000,0.0000,7344.0000,0.0000,0.0000,0.0000,0.0000,10,0,0,0,0,1,0,0,0,0
zc,TA303,2012-06-11 09:04:57.320,7138.0000,22,0,0.0000,0.0000,0,0,多换,B,7246.0000,0.0000,0.0000,0.0000,0.0000,7344.0000,0.0000,0.0000,0.0000,0.0000,2,0,0,0,0,1,0,0,0,0
zc,TA303,2012-06-11 09:04:58.303,7138.0000,22,0,0.0000,0.0000,0,0,多换,B,7248.0000,0.0000,0.0000,0.0000,0.0000,7344.0000,0.0000,0.0000,0.0000,0.0000,1,0,0,0,0,1,0,0,0,0
zc,TA303,2012-06-11 09:04:58.837,7138.0000,22,0,0.0000,0.0000,0,0,多换,B,7250.0000,0.0000,0.0000,0.0000,0.0000,7362.0000,0.0000,0.0000,0.0000,0.0000,3,0,0,0,0,1,0,0,0,0
zc,TA303,2012-06-11 09:04:59.287,7138.0000,22,0,0.0000,0.0000,0,0,多换,B,7250.0000,0.0000,0.0000,0.0000,0.0000,7360.0000,0.0000,0.0000,0.0000,0.0000,3,0,0,0,0,1,0,0,0,0
zc,TA303,2012-06-11 09:05:00.087,7138.0000,22,0,0.0000,0.0000,0,0,多换,B,7342.0000,0.0000,0.0000,0.0000,0.0000,7370.0000,0.0000,0.0000,0.0000,0.0000,1,0,0,0,0,1,0,0,0,0
zc,TA303,2012-06-11 09:05:00.837,7138.0000,22,0,0.0000,0.0000,0,0,多换,B,7342.0000,0.0000,0.0000,0.0000,0.0000,7372.0000,0.0000,0.0000,0.0000,0.0000,1,0,0,0,0,1,0,0,0,0
zc,TA303,2012-06-11 09:05:02.037,7138.0000,22,0,0.0000,0.0000,0,0,多换,B,7342.0000,0.0000,0.0000,0.0000,0.0000,7366.0000,0.0000,0.0000,0.0000,0.0000,1,0,0,0,0,1,0,0,0,0
zc,TA303,2012-06-11 09:05:02.837,7138.0000,22,0,0.0000,0.0000,0,0,多换,B,7342.0000,0.0000,0.0000,0.0000,0.0000,7372.0000,0.0000,0.0000,0.0000,0.0000,1,0,0,0,0,1,0,0,0,0
zc,TA303,2012-06-11 09:05:03.523,7138.0000,22,0,0.0000,0.0000,0,0,多换,B,7342.0000,0.0000,0.0000,0.0000,0.0000,7364.0000,0.0000,0.0000,0.0000,0.0000,1,0,0,0,0,1,0,0,0,0
zc,TA303,2012-06-11 09:05:04.053,7138.0000,22,0,0.0000,0.0000,0,0,多换,B,7342.0000,0.0000,0.0000,0.0000,0.0000,7370.0000,0.0000,0.0000,0.0000,0.0000,1,0,0,0,0,1,0,0,0,0
zc,TA303,2012-06-11 09:05:04.773,7328.0000,20,-2,0.0000,2.0000,0,2,双平,B,7256.0000,0.0000,0.0000,0.0000,0.0000,7328.0000,0.0000,0.0000,0.0000,0.0000,1,0,0,0,0,5,0,0,0,0
zc,TA303,2012-06-11 09:05:14.303,7328.0000,20,0,0.0000,0.0000,0,0,多换,B,7260.0000,0.0000,0.0000,0.0000,0.0000,7328.0000,0.0000,0.0000,0.0000,0.0000,10,0,0,0,0,5,0,0,0,0
zc,TA303,2012-06-11 09:05:14.803,7328.0000,20,0,0.0000,0.0000,0,0,多换,B,7252.0000,0.0000,0.0000,0.0000,0.0000,7328.0000,0.0000,0.0000,0.0000,0.0000,3,0,0,0,0,5,0,0,0,0
zc,TA303,2012-06-11 09:05:15.570,7328.0000,20,0,0.0000,0.0000,0,0,多换,B,7262.0000,0.0000,0.0000,0.0000,0.0000,7328.0000,0.0000,0.0000,0.0000,0.0000,11,0,0,0,0,5,0,0,0,0
zc,TA303,2012-06-11 09:05:17.320,7328.0000,20,0,0.0000,0.0000,0,0,多换,B,7262.0000,0.0000,0.0000,0.0000,0.0000,7328.0000,0.0000,0.0000,0.0000,0.0000,1,0,0,0,0,5,0,0,0,0
zc,TA303,2012-06-11 09:05:24.037,7328.0000,20,0,0.0000,0.0000,0,0,多换,B,7250.0000,0.0000,0.0000,0.0000,0.0000,7328.0000,0.0000,0.0000,0.0000,0.0000,10,0,0,0,0,5,0,0,0,0
zc,TA303,2012-06-11 09:05:24.773,7328.0000,20,0,0.0000,0.0000,0,0,多换,B,7252.0000,0.0000,0.0000,0.0000,0.0000,7328.0000,0.0000,0.0000,0.0000,0.0000,1,0,0,0,0,5,0,0,0,0
zc,TA303,2012-06-11 09:05:47.773,7328.0000,20,0,0.0000,0.0000,0,0,多换,B,7238.0000,0.0000,0.0000,0.0000,0.0000,7328.0000,0.0000,0.0000,0.0000,0.0000,3,0,0,0,0,5,0,0,0,0
zc,TA303,2012-06-11 09:05:48.303,7328.0000,20,0,0.0000,0.0000,0,0,多换,B,7240.0000,0.0000,0.0000,0.0000,0.0000,7328.0000,0.0000,0.0000,0.0000,0.0000,1,0,0,0,0,5,0,0,0,0
zc,TA303,2012-06-11 09:06:02.617,7328.0000,20,0,0.0000,0.0000,0,0,多换,B,7228.0000,0.0000,0.0000,0.0000,0.0000,7328.0000,0.0000,0.0000,0.0000,0.0000,10,0,0,0,0,5,0,0,0,0
zc,TA303,2012-06-11 09:06:02.740,7328.0000,20,0,0.0000,0.0000,0,0,多换,B,7230.0000,0.0000,0.0000,0.0000,0.0000,7328.0000,0.0000,0.0000,0.0000,0.0000,1,0,0,0,0,5,0,0,0,0
zc,TA303,2012-06-11 09:06:03.787,7328.0000,20,0,0.0000,0.0000,0,0,多换,B,7230.0000,0.0000,0.0000,0.0000,0.0000,7324.0000,0.0000,0.0000,0.0000,0.0000,1,0,0,0,0,1,0,0,0,0
zc,TA303,2012-06-11 09:06:05.553,7328.0000,20,0,0.0000,0.0000,0,0,多换,B,7230.0000,0.0000,0.0000,0.0000,0.0000,7328.0000,0.0000,0.0000,0.0000,0.0000,1,0,0,0,0,5,0,0,0,0
zc,TA303,2012-06-11 09:06:08.287,7328.0000,20,0,0.0000,0.0000,0,0,多换,B,7230.0000,0.0000,0.0000,0.0000,0.0000,7328.0000,0.0000,0.0000,0.0000,0.0000,1,0,0,0,0,6,0,0,0,0
zc,TA303,2012-06-11 09:06:09.070,7328.0000,20,0,0.0000,0.0000,0,0,多换,B,7230.0000,0.0000,0.0000,0.0000,0.0000,7324.0000,0.0000,0.0000,0.0000,0.0000,1,0,0,0,0,1,0,0,0,0
zc,TA303,2012-06-11 09:06:09.537,7328.0000,20,0,0.0000,0.0000,0,0,多换,B,7230.0000,0.0000,0.0000,0.0000,0.0000,7328.0000,0.0000,0.0000,0.0000,0.0000,1,0,0,0,0,5,0,0,0,0
zc,TA303,2012-06-11 09:06:10.773,7328.0000,20,0,0.0000,0.0000,0,0,多换,B,7232.0000,0.0000,0.0000,0.0000,0.0000,7328.0000,0.0000,0.0000,0.0000,0.0000,10,0,0,0,0,5,0,0,0,0
zc,TA303,2012-06-11 09:06:12.087,7328.0000,20,0,0.0000,0.0000,0,0,多换,B,7234.0000,0.0000,0.0000,0.0000,0.0000,7328.0000,0.0000,0.0000,0.0000,0.0000,11,0,0,0,0,5,0,0,0,0
zc,TA303,2012-06-11 09:06:13.773,7328.0000,20,0,0.0000,0.0000,0,0,多换,B,7234.0000,0.0000,0.0000,0.0000,0.0000,7328.0000,0.0000,0.0000,0.0000,0.0000,1,0,0,0,0,5,0,0,0,0
zc,TA303,2012-06-11 09:06:15.787,7328.0000,20,0,0.0000,0.0000,0,0,多换,B,7236.0000,0.0000,0.0000,0.0000,0.0000,7328.0000,0.0000,0.0000,0.0000,0.0000,10,0,0,0,0,5,0,0,0,0
zc,TA303,2012-06-11 09:06:16.320,7328.0000,20,0,0.0000,0.0000,0,0,多换,B,7234.0000,0.0000,0.0000,0.0000,0.0000,7328.0000,0.0000,0.0000,0.0000,0.0000,1,0,0,0,0,5,0,0,0,0
zc,TA303,2012-06-11 09:06:16.757,7328.0000,20,0,0.0000,0.0000,0,0,多换,B,7238.0000,0.0000,0.0000,0.0000,0.0000,7328.0000,0.0000,0.0000,0.0000,0.0000,1,0,0,0,0,5,0,0,0,0
zc,TA303,2012-06-11 09:06:38.053,7328.0000,20,0,0.0000,0.0000,0,0,多换,B,7238.0000,0.0000,0.0000,0.0000,0.0000,7328.0000,0.0000,0.0000,0.0000,0.0000,4,0,0,0,0,5,0,0,0,0
zc,TA303,2012-06-11 09:06:39.023,7328.0000,20,0,0.0000,0.0000,0,0,多换,B,7238.0000,0.0000,0.0000,0.0000,0.0000,7328.0000,0.0000,0.0000,0.0000,0.0000,6,0,0,0,0,5,0,0,0,0
zc,TA303,2012-06-11 09:06:40.287,7328.0000,20,0,0.0000,0.0000,0,0,多换,B,7240.0000,0.0000,0.0000,0.0000,0.0000,7328.0000,0.0000,0.0000,0.0000,0.0000,10,0,0,0,0,5,0,0,0,0
zc,TA303,2012-06-11 09:06:40.820,7328.0000,20,0,0.0000,0.0000,0,0,多换,B,7238.0000,0.0000,0.0000,0.0000,0.0000,7328.0000,0.0000,0.0000,0.0000,0.0000,2,0,0,0,0,5,0,0,0,0
zc,TA303,2012-06-11 09:06:41.537,7328.0000,20,0,0.0000,0.0000,0,0,多换,B,7242.0000,0.0000,0.0000,0.0000,0.0000,7328.0000,0.0000,0.0000,0.0000,0.0000,1,0,0,0,0,5,0,0,0,0
zc,TA303,2012-06-11 09:06:44.990,7328.0000,20,0,0.0000,0.0000,0,0,多换,B,7242.0000,0.0000,0.0000,0.0000,0.0000,7328.0000,0.0000,0.0000,0.0000,0.0000,2,0,0,0,0,5,0,0,0,0
zc,TA303,2012-06-11 09:06:46.100,7328.0000,20,0,0.0000,0.0000,0,0,多换,B,7242.0000,0.0000,0.0000,0.0000,0.0000,7328.0000,0.0000,0.0000,0.0000,0.0000,1,0,0,0,0,5,0,0,0,0
zc,TA303,2012-06-11 09:07:01.773,7328.0000,20,0,0.0000,0.0000,0,0,多换,B,7244.0000,0.0000,0.0000,0.0000,0.0000,7328.0000,0.0000,0.0000,0.0000,0.0000,3,0,0,0,0,5,0,0,0,0
zc,TA303,2012-06-11 09:07:10.037,7328.0000,20,0,0.0000,0.0000,0,0,多换,B,7242.0000,0.0000,0.0000,0.0000,0.0000,7328.0000,0.0000,0.0000,0.0000,0.0000,4,0,0,0,0,5,0,0,0,0
zc,TA303,2012-06-11 09:07:13.787,7328.0000,20,0,0.0000,0.0000,0,0,多换,B,7242.0000,0.0000,0.0000,0.0000,0.0000,7328.0000,0.0000,0.0000,0.0000,0.0000,3,0,0,0,0,5,0,0,0,0
zc,TA303,2012-06-11 09:07:16.837,7328.0000,20,0,0.0000,0.0000,0,0,多换,B,7242.0000,0.0000,0.0000,0.0000,0.0000,7328.0000,0.0000,0.0000,0.0000,0.0000,3,0,0,0,0,6,0,0,0,0
zc,TA303,2012-06-11 09:07:20.507,7328.0000,20,0,0.0000,0.0000,0,0,多换,B,7242.0000,0.0000,0.0000,0.0000,0.0000,7328.0000,0.0000,0.0000,0.0000,0.0000,3,0,0,0,0,5,0,0,0,0
zc,TA303,2012-06-11 09:07:21.757,7328.0000,20,0,0.0000,0.0000,0,0,多换,B,7244.0000,0.0000,0.0000,0.0000,0.0000,7328.0000,0.0000,0.0000,0.0000,0.0000,1,0,0,0,0,5,0,0,0,0
zc,TA303,2012-06-11 09:07:31.007,7328.0000,20,0,0.0000,0.0000,0,0,多换,B,7242.0000,0.0000,0.0000,0.0000,0.0000,7328.0000,0.0000,0.0000,0.0000,0.0000,3,0,0,0,0,5,0,0,0,0
zc,TA303,2012-06-11 09:07:36.037,7328.0000,20,0,0.0000,0.0000,0,0,多换,B,7242.0000,0.0000,0.0000,0.0000,0.0000,7328.0000,0.0000,0.0000,0.0000,0.0000,3,0,0,0,0,6,0,0,0,0
zc,TA303,2012-06-11 09:07:37.320,7328.0000,20,0,0.0000,0.0000,0,0,多换,B,7242.0000,0.0000,0.0000,0.0000,0.0000,7326.0000,0.0000,0.0000,0.0000,0.0000,3,0,0,0,0,1,0,0,0,0
zc,TA303,2012-06-11 09:07:37.787,7328.0000,20,0,0.0000,0.0000,0,0,多换,B,7242.0000,0.0000,0.0000,0.0000,0.0000,7322.0000,0.0000,0.0000,0.0000,0.0000,3,0,0,0,0,1,0,0,0,0
zc,TA303,2012-06-11 09:07:38.507,7328.0000,20,0,0.0000,0.0000,0,0,多换,B,7242.0000,0.0000,0.0000,0.0000,0.0000,7326.0000,0.0000,0.0000,0.0000,0.0000,3,0,0,0,0,1,0,0,0,0
zc,TA303,2012-06-11 09:07:41.320,7328.0000,20,0,0.0000,0.0000,0,0,多换,B,7242.0000,0.0000,0.0000,0.0000,0.0000,7322.0000,0.0000,0.0000,0.0000,0.0000,3,0,0,0,0,1,0,0,0,0
zc,TA303,2012-06-11 09:07:42.037,7328.0000,20,0,0.0000,0.0000,0,0,多换,B,7242.0000,0.0000,0.0000,0.0000,0.0000,7326.0000,0.0000,0.0000,0.0000,0.0000,3,0,0,0,0,1,0,0,0,0
zc,TA303,2012-06-11 09:07:43.523,7328.0000,20,0,0.0000,0.0000,0,0,多换,B,7242.0000,0.0000,0.0000,0.0000,0.0000,7324.0000,0.0000,0.0000,0.0000,0.0000,3,0,0,0,0,1,0,0,0,0
zc,TA303,2012-06-11 09:07:44.490,7328.0000,20,0,0.0000,0.0000,0,0,多换,B,7242.0000,0.0000,0.0000,0.0000,0.0000,7320.0000,0.0000,0.0000,0.0000,0.0000,3,0,0,0,0,1,0,0,0,0
zc,TA303,2012-06-11 09:07:45.240,7328.0000,20,0,0.0000,0.0000,0,0,多换,B,7242.0000,0.0000,0.0000,0.0000,0.0000,7322.0000,0.0000,0.0000,0.0000,0.0000,3,0,0,0,0,1,0,0,0,0
zc,TA303,2012-06-11 09:07:45.787,7328.0000,20,0,0.0000,0.0000,0,0,多换,B,7242.0000,0.0000,0.0000,0.0000,0.0000,7318.0000,0.0000,0.0000,0.0000,0.0000,3,0,0,0,0,1,0,0,0,0
zc,TA303,2012-06-11 09:07:46.757,7328.0000,20,0,0.0000,0.0000,0,0,多换,B,7242.0000,0.0000,0.0000,0.0000,0.0000,7320.0000,0.0000,0.0000,0.0000,0.0000,3,0,0,0,0,1,0,0,0,0
zc,TA303,2012-06-11 09:07:47.507,7328.0000,20,0,0.0000,0.0000,0,0,多换,B,7242.0000,0.0000,0.0000,0.0000,0.0000,7318.0000,0.0000,0.0000,0.0000,0.0000,3,0,0,0,0,1,0,0,0,0
zc,TA303,2012-06-11 09:07:48.023,7328.0000,20,0,0.0000,0.0000,0,0,多换,B,7242.0000,0.0000,0.0000,0.0000,0.0000,7320.0000,0.0000,0.0000,0.0000,0.0000,3,0,0,0,0,1,0,0,0,0
zc,TA303,2012-06-11 09:07:48.837,7328.0000,20,0,0.0000,0.0000,0,0,多换,B,7242.0000,0.0000,0.0000,0.0000,0.0000,7318.0000,0.0000,0.0000,0.0000,0.0000,3,0,0,0,0,1,0,0,0,0
zc,TA303,2012-06-11 09:07:50.507,7328.0000,20,0,0.0000,0.0000,0,0,多换,B,7242.0000,0.0000,0.0000,0.0000,0.0000,7316.0000,0.0000,0.0000,0.0000,0.0000,3,0,0,0,0,1,0,0,0,0
zc,TA303,2012-06-11 09:07:51.023,7328.0000,20,0,0.0000,0.0000,0,0,多换,B,7242.0000,0.0000,0.0000,0.0000,0.0000,7318.0000,0.0000,0.0000,0.0000,0.0000,3,0,0,0,0,1,0,0,0,0
zc,TA303,2012-06-11 09:07:53.303,7328.0000,20,0,0.0000,0.0000,0,0,多换,B,7242.0000,0.0000,0.0000,0.0000,0.0000,7316.0000,0.0000,0.0000,0.0000,0.0000,3,0,0,0,0,1,0,0,0,0
zc,TA303,2012-06-11 09:07:55.320,7328.0000,20,0,0.0000,0.0000,0,0,多换,B,7242.0000,0.0000,0.0000,0.0000,0.0000,7314.0000,0.0000,0.0000,0.0000,0.0000,3,0,0,0,0,1,0,0,0,0
zc,TA303,2012-06-11 09:07:55.803,7328.0000,20,0,0.0000,0.0000,0,0,多换,B,7242.0000,0.0000,0.0000,0.0000,0.0000,7312.0000,0.0000,0.0000,0.0000,0.0000,3,0,0,0,0,1,0,0,0,0
zc,TA303,2012-06-11 09:07:59.070,7328.0000,20,0,0.0000,0.0000,0,0,多换,B,7242.0000,0.0000,0.0000,0.0000,0.0000,7308.0000,0.0000,0.0000,0.0000,0.0000,3,0,0,0,0,1,0,0,0,0
zc,TA303,2012-06-11 09:07:59.537,7328.0000,20,0,0.0000,0.0000,0,0,多换,B,7242.0000,0.0000,0.0000,0.0000,0.0000,7312.0000,0.0000,0.0000,0.0000,0.0000,3,0,0,0,0,1,0,0,0,0
zc,TA303,2012-06-11 09:08:01.287,7328.0000,20,0,0.0000,0.0000,0,0,多换,B,7242.0000,0.0000,0.0000,0.0000,0.0000,7314.0000,0.0000,0.0000,0.0000,0.0000,3,0,0,0,0,1,0,0,0,0
zc,TA303,2012-06-11 09:08:03.320,7328.0000,20,0,0.0000,0.0000,0,0,多换,B,7242.0000,0.0000,0.0000,0.0000,0.0000,7310.0000,0.0000,0.0000,0.0000,0.0000,3,0,0,0,0,1,0,0,0,0
zc,TA303,2012-06-11 09:08:03.617,7328.0000,20,0,0.0000,0.0000,0,0,多换,B,7242.0000,0.0000,0.0000,0.0000,0.0000,7318.0000,0.0000,0.0000,0.0000,0.0000,3,0,0,0,0,1,0,0,0,0
zc,TA303,2012-06-11 09:08:04.787,7328.0000,20,0,0.0000,0.0000,0,0,多换,B,7242.0000,0.0000,0.0000,0.0000,0.0000,7312.0000,0.0000,0.0000,0.0000,0.0000,3,0,0,0,0,1,0,0,0,0
zc,TA303,2012-06-11 09:08:06.087,7328.0000,20,0,0.0000,0.0000,0,0,多换,B,7242.0000,0.0000,0.0000,0.0000,0.0000,7318.0000,0.0000,0.0000,0.0000,0.0000,3,0,0,0,0,1,0,0,0,0
zc,TA303,2012-06-11 09:08:06.570,7328.0000,20,0,0.0000,0.0000,0,0,多换,B,7242.0000,0.0000,0.0000,0.0000,0.0000,7316.0000,0.0000,0.0000,0.0000,0.0000,3,0,0,0,0,1,0,0,0,0
zc,TA303,2012-06-11 09:08:07.757,7328.0000,20,0,0.0000,0.0000,0,0,多换,B,7242.0000,0.0000,0.0000,0.0000,0.0000,7318.0000,0.0000,0.0000,0.0000,0.0000,3,0,0,0,0,1,0,0,0,0
zc,TA303,2012-06-11 09:08:08.303,7328.0000,20,0,0.0000,0.0000,0,0,多换,B,7242.0000,0.0000,0.0000,0.0000,0.0000,7314.0000,0.0000,0.0000,0.0000,0.0000,3,0,0,0,0,1,0,0,0,0
zc,TA303,2012-06-11 09:08:08.820,7328.0000,20,0,0.0000,0.0000,0,0,多换,B,7242.0000,0.0000,0.0000,0.0000,0.0000,7316.0000,0.0000,0.0000,0.0000,0.0000,3,0,0,0,0,1,0,0,0,0
zc,TA303,2012-06-11 09:08:10.007,7328.0000,20,0,0.0000,0.0000,0,0,多换,B,7242.0000,0.0000,0.0000,0.0000,0.0000,7314.0000,0.0000,0.0000,0.0000,0.0000,3,0,0,0,0,1,0,0,0,0
zc,TA303,2012-06-11 09:08:12.553,7328.0000,20,0,0.0000,0.0000,0,0,多换,B,7242.0000,0.0000,0.0000,0.0000,0.0000,7312.0000,0.0000,0.0000,0.0000,0.0000,3,0,0,0,0,1,0,0,0,0
zc,TA303,2012-06-11 09:08:15.303,7328.0000,20,0,0.0000,0.0000,0,0,多换,B,7242.0000,0.0000,0.0000,0.0000,0.0000,7314.0000,0.0000,0.0000,0.0000,0.0000,3,0,0,0,0,1,0,0,0,0
zc,TA303,2012-06-11 09:08:17.053,7328.0000,20,0,0.0000,0.0000,0,0,多换,B,7242.0000,0.0000,0.0000,0.0000,0.0000,7312.0000,0.0000,0.0000,0.0000,0.0000,3,0,0,0,0,1,0,0,0,0
zc,TA303,2012-06-11 09:08:21.303,7328.0000,20,0,0.0000,0.0000,0,0,多换,B,7242.0000,0.0000,0.0000,0.0000,0.0000,7310.0000,0.0000,0.0000,0.0000,0.0000,3,0,0,0,0,1,0,0,0,0
zc,TA303,2012-06-11 09:08:22.587,7328.0000,20,0,0.0000,0.0000,0,0,多换,B,7242.0000,0.0000,0.0000,0.0000,0.0000,7306.0000,0.0000,0.0000,0.0000,0.0000,3,0,0,0,0,1,0,0,0,0
zc,TA303,2012-06-11 09:08:23.037,7328.0000,20,0,0.0000,0.0000,0,0,多换,B,7242.0000,0.0000,0.0000,0.0000,0.0000,7310.0000,0.0000,0.0000,0.0000,0.0000,3,0,0,0,0,1,0,0,0,0
zc,TA303,2012-06-11 09:08:27.570,7328.0000,20,0,0.0000,0.0000,0,0,多换,B,7242.0000,0.0000,0.0000,0.0000,0.0000,7312.0000,0.0000,0.0000,0.0000,0.0000,3,0,0,0,0,1,0,0,0,0
zc,TA303,2012-06-11 09:08:28.287,7328.0000,20,0,0.0000,0.0000,0,0,多换,B,7242.0000,0.0000,0.0000,0.0000,0.0000,7310.0000,0.0000,0.0000,0.0000,0.0000,3,0,0,0,0,1,0,0,0,0
zc,TA303,2012-06-11 09:08:30.570,7328.0000,20,0,0.0000,0.0000,0,0,多换,B,7242.0000,0.0000,0.0000,0.0000,0.0000,7306.0000,0.0000,0.0000,0.0000,0.0000,3,0,0,0,0,1,0,0,0,0
zc,TA303,2012-06-11 09:08:31.023,7328.0000,20,0,0.0000,0.0000,0,0,多换,B,7242.0000,0.0000,0.0000,0.0000,0.0000,7308.0000,0.0000,0.0000,0.0000,0.0000,3,0,0,0,0,1,0,0,0,0
zc,TA303,2012-06-11 09:08:33.287,7328.0000,20,0,0.0000,0.0000,0,0,多换,B,7242.0000,0.0000,0.0000,0.0000,0.0000,7306.0000,0.0000,0.0000,0.0000,0.0000,3,0,0,0,0,1,0,0,0,0
zc,TA303,2012-06-11 09:08:34.553,7328.0000,20,0,0.0000,0.0000,0,0,多换,B,7242.0000,0.0000,0.0000,0.0000,0.0000,7304.0000,0.0000,0.0000,0.0000,0.0000,3,0,0,0,0,1,0,0,0,0
zc,TA303,2012-06-11 09:08:35.023,7328.0000,20,0,0.0000,0.0000,0,0,多换,B,7242.0000,0.0000,0.0000,0.0000,0.0000,7306.0000,0.0000,0.0000,0.0000,0.0000,3,0,0,0,0,1,0,0,0,0
zc,TA303,2012-06-11 09:08:35.600,7328.0000,20,0,0.0000,0.0000,0,0,多换,B,7242.0000,0.0000,0.0000,0.0000,0.0000,7298.0000,0.0000,0.0000,0.0000,0.0000,3,0,0,0,0,1,0,0,0,0
zc,TA303,2012-06-11 09:08:36.303,7328.0000,20,0,0.0000,0.0000,0,0,多换,B,7242.0000,0.0000,0.0000,0.0000,0.0000,7306.0000,0.0000,0.0000,0.0000,0.0000,3,0,0,0,0,1,0,0,0,0
zc,TA303,2012-06-11 09:08:37.587,7328.0000,20,0,0.0000,0.0000,0,0,多换,B,7242.0000,0.0000,0.0000,0.0000,0.0000,7304.0000,0.0000,0.0000,0.0000,0.0000,3,0,0,0,0,1,0,0,0,0
zc,TA303,2012-06-11 09:08:39.070,7328.0000,20,0,0.0000,0.0000,0,0,多换,B,7242.0000,0.0000,0.0000,0.0000,0.0000,7302.0000,0.0000,0.0000,0.0000,0.0000,3,0,0,0,0,1,0,0,0,0
zc,TA303,2012-06-11 09:08:39.820,7328.0000,20,0,0.0000,0.0000,0,0,多换,B,7242.0000,0.0000,0.0000,0.0000,0.0000,7304.0000,0.0000,0.0000,0.0000,0.0000,3,0,0,0,0,1,0,0,0,0
zc,TA303,2012-06-11 09:08:41.537,7328.0000,20,0,0.0000,0.0000,0,0,多换,B,7242.0000,0.0000,0.0000,0.0000,0.0000,7300.0000,0.0000,0.0000,0.0000,0.0000,3,0,0,0,0,1,0,0,0,0
zc,TA303,2012-06-11 09:08:42.023,7328.0000,20,0,0.0000,0.0000,0,0,多换,B,7242.0000,0.0000,0.0000,0.0000,0.0000,7302.0000,0.0000,0.0000,0.0000,0.0000,3,0,0,0,0,1,0,0,0,0
zc,TA303,2012-06-11 09:08:42.757,7328.0000,20,0,0.0000,0.0000,0,0,多换,B,7242.0000,0.0000,0.0000,0.0000,0.0000,7304.0000,0.0000,0.0000,0.0000,0.0000,3,0,0,0,0,1,0,0,0,0
zc,TA303,2012-06-11 09:08:43.303,7328.0000,20,0,0.0000,0.0000,0,0,多换,B,7242.0000,0.0000,0.0000,0.0000,0.0000,7300.0000,0.0000,0.0000,0.0000,0.0000,3,0,0,0,0,1,0,0,0,0
zc,TA303,2012-06-11 09:08:46.273,7328.0000,20,0,0.0000,0.0000,0,0,多换,B,7242.0000,0.0000,0.0000,0.0000,0.0000,7298.0000,0.0000,0.0000,0.0000,0.0000,3,0,0,0,0,1,0,0,0,0
zc,TA303,2012-06-11 09:08:49.773,7328.0000,20,0,0.0000,0.0000,0,0,多换,B,7242.0000,0.0000,0.0000,0.0000,0.0000,7300.0000,0.0000,0.0000,0.0000,0.0000,3,0,0,0,0,1,0,0,0,0
zc,TA303,2012-06-11 09:08:52.023,7328.0000,20,0,0.0000,0.0000,0,0,多换,B,7242.0000,0.0000,0.0000,0.0000,0.0000,7298.0000,0.0000,0.0000,0.0000,0.0000,3,0,0,0,0,1,0,0,0,0
zc,TA303,2012-06-11 09:08:53.287,7328.0000,20,0,0.0000,0.0000,0,0,多换,B,7242.0000,0.0000,0.0000,0.0000,0.0000,7300.0000,0.0000,0.0000,0.0000,0.0000,3,0,0,0,0,1,0,0,0,0
zc,TA303,2012-06-11 09:08:54.007,7328.0000,20,0,0.0000,0.0000,0,0,多换,B,7242.0000,0.0000,0.0000,0.0000,0.0000,7302.0000,0.0000,0.0000,0.0000,0.0000,3,0,0,0,0,1,0,0,0,0
zc,TA303,2012-06-11 09:08:57.287,7328.0000,20,0,0.0000,0.0000,0,0,多换,B,7242.0000,0.0000,0.0000,0.0000,0.0000,7300.0000,0.0000,0.0000,0.0000,0.0000,3,0,0,0,0,1,0,0,0,0
zc,TA303,2012-06-11 09:08:58.287,7328.0000,20,0,0.0000,0.0000,0,0,多换,B,7242.0000,0.0000,0.0000,0.0000,0.0000,7302.0000,0.0000,0.0000,0.0000,0.0000,3,0,0,0,0,1,0,0,0,0
zc,TA303,2012-06-11 09:09:00.773,7328.0000,20,0,0.0000,0.0000,0,0,多换,B,7242.0000,0.0000,0.0000,0.0000,0.0000,7304.0000,0.0000,0.0000,0.0000,0.0000,3,0,0,0,0,1,0,0,0,0
zc,TA303,2012-06-11 09:09:04.787,7328.0000,20,0,0.0000,0.0000,0,0,多换,B,7242.0000,0.0000,0.0000,0.0000,0.0000,7306.0000,0.0000,0.0000,0.0000,0.0000,3,0,0,0,0,1,0,0,0,0
zc,TA303,2012-06-11 09:09:05.037,7328.0000,20,0,0.0000,0.0000,0,0,多换,B,7242.0000,0.0000,0.0000,0.0000,0.0000,7304.0000,0.0000,0.0000,0.0000,0.0000,3,0,0,0,0,1,0,0,0,0
zc,TA303,2012-06-11 09:09:07.553,7328.0000,20,0,0.0000,0.0000,0,0,多换,B,7242.0000,0.0000,0.0000,0.0000,0.0000,7306.0000,0.0000,0.0000,0.0000,0.0000,3,0,0,0,0,1,0,0,0,0
zc,TA303,2012-06-11 09:09:09.507,7328.0000,20,0,0.0000,0.0000,0,0,多换,B,7242.0000,0.0000,0.0000,0.0000,0.0000,7308.0000,0.0000,0.0000,0.0000,0.0000,3,0,0,0,0,1,0,0,0,0
zc,TA303,2012-06-11 09:09:10.007,7328.0000,20,0,0.0000,0.0000,0,0,多换,B,7208.0000,0.0000,0.0000,0.0000,0.0000,7308.0000,0.0000,0.0000,0.0000,0.0000,10,0,0,0,0,1,0,0,0,0
zc,TA303,2012-06-11 09:09:10.507,7328.0000,20,0,0.0000,0.0000,0,0,多换,B,7210.0000,0.0000,0.0000,0.0000,0.0000,7308.0000,0.0000,0.0000,0.0000,0.0000,2,0,0,0,0,1,0,0,0,0
zc,TA303,2012-06-11 09:09:11.257,7328.0000,20,0,0.0000,0.0000,0,0,多换,B,7210.0000,0.0000,0.0000,0.0000,0.0000,7308.0000,0.0000,0.0000,0.0000,0.0000,11,0,0,0,0,1,0,0,0,0
zc,TA303,2012-06-11 09:09:15.773,7328.0000,20,0,0.0000,0.0000,0,0,多换,B,7210.0000,0.0000,0.0000,0.0000,0.0000,7316.0000,0.0000,0.0000,0.0000,0.0000,11,0,0,0,0,1,0,0,0,0
zc,TA303,2012-06-11 09:09:17.023,7328.0000,20,0,0.0000,0.0000,0,0,多换,B,7210.0000,0.0000,0.0000,0.0000,0.0000,7308.0000,0.0000,0.0000,0.0000,0.0000,11,0,0,0,0,1,0,0,0,0
zc,TA303,2012-06-11 09:09:17.523,7328.0000,20,0,0.0000,0.0000,0,0,多换,B,7210.0000,0.0000,0.0000,0.0000,0.0000,7316.0000,0.0000,0.0000,0.0000,0.0000,11,0,0,0,0,1,0,0,0,0
zc,TA303,2012-06-11 09:09:18.337,7328.0000,20,0,0.0000,0.0000,0,0,多换,B,7212.0000,0.0000,0.0000,0.0000,0.0000,7316.0000,0.0000,0.0000,0.0000,0.0000,2,0,0,0,0,1,0,0,0,0
zc,TA303,2012-06-11 09:09:19.023,7328.0000,20,0,0.0000,0.0000,0,0,多换,B,7214.0000,0.0000,0.0000,0.0000,0.0000,7310.0000,0.0000,0.0000,0.0000,0.0000,1,0,0,0,0,1,0,0,0,0
zc,TA303,2012-06-11 09:09:19.553,7328.0000,20,0,0.0000,0.0000,0,0,多换,B,7216.0000,0.0000,0.0000,0.0000,0.0000,7314.0000,0.0000,0.0000,0.0000,0.0000,1,0,0,0,0,1,0,0,0,0
zc,TA303,2012-06-11 09:09:20.023,7328.0000,20,0,0.0000,0.0000,0,0,多换,B,7216.0000,0.0000,0.0000,0.0000,0.0000,7314.0000,0.0000,0.0000,0.0000,0.0000,9,0,0,0,0,1,0,0,0,0
zc,TA303,2012-06-11 09:09:20.787,7328.0000,20,0,0.0000,0.0000,0,0,多换,B,7212.0000,0.0000,0.0000,0.0000,0.0000,7314.0000,0.0000,0.0000,0.0000,0.0000,1,0,0,0,0,1,0,0,0,0
zc,TA303,2012-06-11 09:09:21.273,7328.0000,20,0,0.0000,0.0000,0,0,多换,B,7218.0000,0.0000,0.0000,0.0000,0.0000,7312.0000,0.0000,0.0000,0.0000,0.0000,1,0,0,0,0,1,0,0,0,0
zc,TA303,2012-06-11 09:09:22.053,7328.0000,20,0,0.0000,0.0000,0,0,多换,B,7218.0000,0.0000,0.0000,0.0000,0.0000,7314.0000,0.0000,0.0000,0.0000,0.0000,1,0,0,0,0,1,0,0,0,0
zc,TA303,2012-06-11 09:09:26.303,7328.0000,20,0,0.0000,0.0000,0,0,多换,B,7218.0000,0.0000,0.0000,0.0000,0.0000,7308.0000,0.0000,0.0000,0.0000,0.0000,1,0,0,0,0,1,0,0,0,0
zc,TA303,2012-06-11 09:09:27.337,7328.0000,20,0,0.0000,0.0000,0,0,多换,B,7218.0000,0.0000,0.0000,0.0000,0.0000,7312.0000,0.0000,0.0000,0.0000,0.0000,1,0,0,0,0,1,0,0,0,0
zc,TA303,2012-06-11 09:09:28.570,7328.0000,20,0,0.0000,0.0000,0,0,多换,B,7218.0000,0.0000,0.0000,0.0000,0.0000,7310.0000,0.0000,0.0000,0.0000,0.0000,1,0,0,0,0,1,0,0,0,0
zc,TA303,2012-06-11 09:09:29.570,7328.0000,20,0,0.0000,0.0000,0,0,多换,B,7218.0000,0.0000,0.0000,0.0000,0.0000,7312.0000,0.0000,0.0000,0.0000,0.0000,1,0,0,0,0,1,0,0,0,0
zc,TA303,2012-06-11 09:09:31.273,7328.0000,20,0,0.0000,0.0000,0,0,多换,B,7218.0000,0.0000,0.0000,0.0000,0.0000,7310.0000,0.0000,0.0000,0.0000,0.0000,1,0,0,0,0,1,0,0,0,0
zc,TA303,2012-06-11 09:09:35.007,7328.0000,20,0,0.0000,0.0000,0,0,多换,B,7218.0000,0.0000,0.0000,0.0000,0.0000,7312.0000,0.0000,0.0000,0.0000,0.0000,1,0,0,0,0,1,0,0,0,0
zc,TA303,2012-06-11 09:09:35.303,7328.0000,20,0,0.0000,0.0000,0,0,多换,B,7218.0000,0.0000,0.0000,0.0000,0.0000,7314.0000,0.0000,0.0000,0.0000,0.0000,1,0,0,0,0,1,0,0,0,0
zc,TA303,2012-06-11 09:09:36.037,7328.0000,20,0,0.0000,0.0000,0,0,多换,B,7218.0000,0.0000,0.0000,0.0000,0.0000,7312.0000,0.0000,0.0000,0.0000,0.0000,1,0,0,0,0,1,0,0,0,0
zc,TA303,2012-06-11 09:09:38.303,7328.0000,20,0,0.0000,0.0000,0,0,多换,B,7218.0000,0.0000,0.0000,0.0000,0.0000,7314.0000,0.0000,0.0000,0.0000,0.0000,1,0,0,0,0,1,0,0,0,0
zc,TA303,2012-06-11 09:09:40.537,7328.0000,20,0,0.0000,0.0000,0,0,多换,B,7218.0000,0.0000,0.0000,0.0000,0.0000,7312.0000,0.0000,0.0000,0.0000,0.0000,1,0,0,0,0,1,0,0,0,0
zc,TA303,2012-06-11 09:09:44.803,7328.0000,20,0,0.0000,0.0000,0,0,多换,B,7218.0000,0.0000,0.0000,0.0000,0.0000,7314.0000,0.0000,0.0000,0.0000,0.0000,1,0,0,0,0,1,0,0,0,0
zc,TA303,2012-06-11 09:09:48.257,7328.0000,20,0,0.0000,0.0000,0,0,多换,B,7218.0000,0.0000,0.0000,0.0000,0.0000,7312.0000,0.0000,0.0000,0.0000,0.0000,1,0,0,0,0,1,0,0,0,0
zc,TA303,2012-06-11 09:09:49.240,7328.0000,20,0,0.0000,0.0000,0,0,多换,B,7218.0000,0.0000,0.0000,0.0000,0.0000,7310.0000,0.0000,0.0000,0.0000,0.0000,1,0,0,0,0,1,0,0,0,0
zc,TA303,2012-06-11 09:09:54.523,7328.0000,20,0,0.0000,0.0000,0,0,多换,B,7218.0000,0.0000,0.0000,0.0000,0.0000,7312.0000,0.0000,0.0000,0.0000,0.0000,1,0,0,0,0,1,0,0,0,0
zc,TA303,2012-06-11 09:09:56.257,7328.0000,20,0,0.0000,0.0000,0,0,多换,B,7218.0000,0.0000,0.0000,0.0000,0.0000,7308.0000,0.0000,0.0000,0.0000,0.0000,1,0,0,0,0,1,0,0,0,0
zc,TA303,2012-06-11 09:09:59.990,7328.0000,20,0,0.0000,0.0000,0,0,多换,B,7218.0000,0.0000,0.0000,0.0000,0.0000,7310.0000,0.0000,0.0000,0.0000,0.0000,1,0,0,0,0,1,0,0,0,0
zc,TA303,2012-06-11 09:10:00.990,7328.0000,20,0,0.0000,0.0000,0,0,多换,B,7218.0000,0.0000,0.0000,0.0000,0.0000,7308.0000,0.0000,0.0000,0.0000,0.0000,1,0,0,0,0,1,0,0,0,0
zc,TA303,2012-06-11 09:10:03.320,7328.0000,20,0,0.0000,0.0000,0,0,多换,B,7218.0000,0.0000,0.0000,0.0000,0.0000,7306.0000,0.0000,0.0000,0.0000,0.0000,1,0,0,0,0,1,0,0,0,0
zc,TA303,2012-06-11 09:10:09.273,7328.0000,20,0,0.0000,0.0000,0,0,多换,B,7218.0000,0.0000,0.0000,0.0000,0.0000,7304.0000,0.0000,0.0000,0.0000,0.0000,1,0,0,0,0,1,0,0,0,0
zc,TA303,2012-06-11 09:10:12.553,7328.0000,20,0,0.0000,0.0000,0,0,多换,B,7218.0000,0.0000,0.0000,0.0000,0.0000,7306.0000,0.0000,0.0000,0.0000,0.0000,1,0,0,0,0,1,0,0,0,0
zc,TA303,2012-06-11 09:10:14.287,7328.0000,20,0,0.0000,0.0000,0,0,多换,B,7218.0000,0.0000,0.0000,0.0000,0.0000,7308.0000,0.0000,0.0000,0.0000,0.0000,1,0,0,0,0,1,0,0,0,0
zc,TA303,2012-06-11 09:10:21.023,7328.0000,20,0,0.0000,0.0000,0,0,多换,B,7218.0000,0.0000,0.0000,0.0000,0.0000,7306.0000,0.0000,0.0000,0.0000,0.0000,1,0,0,0,0,1,0,0,0,0
zc,TA303,2012-06-11 09:10:22.523,7328.0000,20,0,0.0000,0.0000,0,0,多换,B,7218.0000,0.0000,0.0000,0.0000,0.0000,7308.0000,0.0000,0.0000,0.0000,0.0000,1,0,0,0,0,1,0,0,0,0
zc,TA303,2012-06-11 09:10:23.553,7328.0000,20,0,0.0000,0.0000,0,0,多换,B,7218.0000,0.0000,0.0000,0.0000,0.0000,7306.0000,0.0000,0.0000,0.0000,0.0000,1,0,0,0,0,1,0,0,0,0
zc,TA303,2012-06-11 09:10:23.820,7328.0000,20,0,0.0000,0.0000,0,0,多换,B,7218.0000,0.0000,0.0000,0.0000,0.0000,7308.0000,0.0000,0.0000,0.0000,0.0000,1,0,0,0,0,1,0,0,0,0
zc,TA303,2012-06-11 09:10:27.257,7328.0000,20,0,0.0000,0.0000,0,0,多换,B,7218.0000,0.0000,0.0000,0.0000,0.0000,7306.0000,0.0000,0.0000,0.0000,0.0000,1,0,0,0,0,1,0,0,0,0
zc,TA303,2012-06-11 09:10:30.773,7328.0000,20,0,0.0000,0.0000,0,0,多换,B,7218.0000,0.0000,0.0000,0.0000,0.0000,7308.0000,0.0000,0.0000,0.0000,0.0000,1,0,0,0,0,1,0,0,0,0
zc,TA303,2012-06-11 09:10:40.820,7328.0000,20,0,0.0000,0.0000,0,0,多换,B,7218.0000,0.0000,0.0000,0.0000,0.0000,7310.0000,0.0000,0.0000,0.0000,0.0000,1,0,0,0,0,1,0,0,0,0
zc,TA303,2012-06-11 09:10:46.990,7328.0000,20,0,0.0000,0.0000,0,0,多换,B,7218.0000,0.0000,0.0000,0.0000,0.0000,7308.0000,0.0000,0.0000,0.0000,0.0000,1,0,0,0,0,5,0,0,0,0
zc,TA303,2012-06-11 09:10:58.773,7328.0000,20,0,0.0000,0.0000,0,0,多换,B,7218.0000,0.0000,0.0000,0.0000,0.0000,7308.0000,0.0000,0.0000,0.0000,0.0000,1,0,0,0,0,6,0,0,0,0
zc,TA303,2012-06-11 09:11:01.037,7328.0000,20,0,0.0000,0.0000,0,0,多换,B,7218.0000,0.0000,0.0000,0.0000,0.0000,7306.0000,0.0000,0.0000,0.0000,0.0000,1,0,0,0,0,1,0,0,0,0
zc,TA303,2012-06-11 09:11:03.303,7328.0000,20,0,0.0000,0.0000,0,0,多换,B,7206.0000,0.0000,0.0000,0.0000,0.0000,7306.0000,0.0000,0.0000,0.0000,0.0000,10,0,0,0,0,1,0,0,0,0
zc,TA303,2012-06-11 09:11:03.977,7328.0000,20,0,0.0000,0.0000,0,0,多换,B,7208.0000,0.0000,0.0000,0.0000,0.0000,7306.0000,0.0000,0.0000,0.0000,0.0000,1,0,0,0,0,1,0,0,0,0
zc,TA303,2012-06-11 09:11:04.490,7328.0000,20,0,0.0000,0.0000,0,0,多换,B,7208.0000,0.0000,0.0000,0.0000,0.0000,7304.0000,0.0000,0.0000,0.0000,0.0000,1,0,0,0,0,1,0,0,0,0
zc,TA303,2012-06-11 09:11:06.273,7328.0000,20,0,0.0000,0.0000,0,0,多换,B,7208.0000,0.0000,0.0000,0.0000,0.0000,7302.0000,0.0000,0.0000,0.0000,0.0000,1,0,0,0,0,1,0,0,0,0
zc,TA303,2012-06-11 09:11:07.023,7328.0000,20,0,0.0000,0.0000,0,0,多换,B,7208.0000,0.0000,0.0000,0.0000,0.0000,7306.0000,0.0000,0.0000,0.0000,0.0000,5,0,0,0,0,1,0,0,0,0
zc,TA303,2012-06-11 09:11:07.523,7328.0000,20,0,0.0000,0.0000,0,0,多换,B,7208.0000,0.0000,0.0000,0.0000,0.0000,7306.0000,0.0000,0.0000,0.0000,0.0000,1,0,0,0,0,1,0,0,0,0
zc,TA303,2012-06-11 09:11:08.287,7328.0000,20,0,0.0000,0.0000,0,0,多换,B,7208.0000,0.0000,0.0000,0.0000,0.0000,7304.0000,0.0000,0.0000,0.0000,0.0000,1,0,0,0,0,1,0,0,0,0
zc,TA303,2012-06-11 09:11:08.820,7328.0000,20,0,0.0000,0.0000,0,0,多换,B,7214.0000,0.0000,0.0000,0.0000,0.0000,7304.0000,0.0000,0.0000,0.0000,0.0000,1,0,0,0,0,1,0,0,0,0
zc,TA303,2012-06-11 09:11:09.787,7328.0000,20,0,0.0000,0.0000,0,0,多换,B,7214.0000,0.0000,0.0000,0.0000,0.0000,7302.0000,0.0000,0.0000,0.0000,0.0000,1,0,0,0,0,1,0,0,0,0
zc,TA303,2012-06-11 09:11:10.507,7328.0000,20,0,0.0000,0.0000,0,0,多换,B,7216.0000,0.0000,0.0000,0.0000,0.0000,7304.0000,0.0000,0.0000,0.0000,0.0000,1,0,0,0,0,1,0,0,0,0
zc,TA303,2012-06-11 09:11:11.490,7328.0000,20,0,0.0000,0.0000,0,0,多换,B,7218.0000,0.0000,0.0000,0.0000,0.0000,7306.0000,0.0000,0.0000,0.0000,0.0000,1,0,0,0,0,1,0,0,0,0
zc,TA303,2012-06-11 09:11:12.287,7328.0000,20,0,0.0000,0.0000,0,0,多换,B,7216.0000,0.0000,0.0000,0.0000,0.0000,7304.0000,0.0000,0.0000,0.0000,0.0000,1,0,0,0,0,1,0,0,0,0
zc,TA303,2012-06-11 09:11:14.037,7328.0000,20,0,0.0000,0.0000,0,0,多换,B,7218.0000,0.0000,0.0000,0.0000,0.0000,7306.0000,0.0000,0.0000,0.0000,0.0000,1,0,0,0,0,1,0,0,0,0
zc,TA303,2012-06-11 09:11:15.037,7328.0000,20,0,0.0000,0.0000,0,0,多换,B,7214.0000,0.0000,0.0000,0.0000,0.0000,7302.0000,0.0000,0.0000,0.0000,0.0000,1,0,0,0,0,1,0,0,0,0
zc,TA303,2012-06-11 09:11:15.803,7328.0000,20,0,0.0000,0.0000,0,0,多换,B,7214.0000,0.0000,0.0000,0.0000,0.0000,7306.0000,0.0000,0.0000,0.0000,0.0000,1,0,0,0,0,1,0,0,0,0
zc,TA303,2012-06-11 09:11:16.240,7328.0000,20,0,0.0000,0.0000,0,0,多换,B,7216.0000,0.0000,0.0000,0.0000,0.0000,7304.0000,0.0000,0.0000,0.0000,0.0000,1,0,0,0,0,1,0,0,0,0
zc,TA303,2012-06-11 09:11:19.740,7328.0000,20,0,0.0000,0.0000,0,0,多换,B,7216.0000,0.0000,0.0000,0.0000,0.0000,7304.0000,0.0000,0.0000,0.0000,0.0000,2,0,0,0,0,1,0,0,0,0
zc,TA303,2012-06-11 09:11:20.257,7328.0000,20,0,0.0000,0.0000,0,0,多换,B,7218.0000,0.0000,0.0000,0.0000,0.0000,7306.0000,0.0000,0.0000,0.0000,0.0000,1,0,0,0,0,1,0,0,0,0
zc,TA303,2012-06-11 09:11:23.273,7328.0000,20,0,0.0000,0.0000,0,0,多换,B,7216.0000,0.0000,0.0000,0.0000,0.0000,7304.0000,0.0000,0.0000,0.0000,0.0000,2,0,0,0,0,1,0,0,0,0
zc,TA303,2012-06-11 09:11:23.773,7328.0000,20,0,0.0000,0.0000,0,0,多换,B,7218.0000,0.0000,0.0000,0.0000,0.0000,7306.0000,0.0000,0.0000,0.0000,0.0000,1,0,0,0,0,1,0,0,0,0
zc,TA303,2012-06-11 09:11:28.287,7328.0000,20,0,0.0000,0.0000,0,0,多换,B,7220.0000,0.0000,0.0000,0.0000,0.0000,7306.0000,0.0000,0.0000,0.0000,0.0000,1,0,0,0,0,1,0,0,0,0
zc,TA303,2012-06-11 09:11:33.023,7328.0000,20,0,0.0000,0.0000,0,0,多换,B,7220.0000,0.0000,0.0000,0.0000,0.0000,7308.0000,0.0000,0.0000,0.0000,0.0000,2,0,0,0,0,6,0,0,0,0
zc,TA303,2012-06-11 09:11:40.977,7328.0000,20,0,0.0000,0.0000,0,0,多换,B,7220.0000,0.0000,0.0000,0.0000,0.0000,7308.0000,0.0000,0.0000,0.0000,0.0000,1,0,0,0,0,6,0,0,0,0
zc,TA303,2012-06-11 09:11:41.553,7328.0000,20,0,0.0000,0.0000,0,0,多换,B,7220.0000,0.0000,0.0000,0.0000,0.0000,7306.0000,0.0000,0.0000,0.0000,0.0000,1,0,0,0,0,1,0,0,0,0
zc,TA303,2012-06-11 09:11:42.227,7328.0000,20,0,0.0000,0.0000,0,0,多换,B,7216.0000,0.0000,0.0000,0.0000,0.0000,7306.0000,0.0000,0.0000,0.0000,0.0000,1,0,0,0,0,1,0,0,0,0
zc,TA303,2012-06-11 09:11:43.303,7328.0000,20,0,0.0000,0.0000,0,0,多换,B,7216.0000,0.0000,0.0000,0.0000,0.0000,7304.0000,0.0000,0.0000,0.0000,0.0000,1,0,0,0,0,1,0,0,0,0
zc,TA303,2012-06-11 09:11:44.507,7328.0000,20,0,0.0000,0.0000,0,0,多换,B,7216.0000,0.0000,0.0000,0.0000,0.0000,7306.0000,0.0000,0.0000,0.0000,0.0000,1,0,0,0,0,1,0,0,0,0
zc,TA303,2012-06-11 09:11:45.490,7328.0000,20,0,0.0000,0.0000,0,0,多换,B,7214.0000,0.0000,0.0000,0.0000,0.0000,7302.0000,0.0000,0.0000,0.0000,0.0000,1,0,0,0,0,1,0,0,0,0
zc,TA303,2012-06-11 09:11:46.240,7328.0000,20,0,0.0000,0.0000,0,0,多换,B,7218.0000,0.0000,0.0000,0.0000,0.0000,7306.0000,0.0000,0.0000,0.0000,0.0000,1,0,0,0,0,1,0,0,0,0
zc,TA303,2012-06-11 09:11:48.037,7328.0000,20,0,0.0000,0.0000,0,0,多换,B,7216.0000,0.0000,0.0000,0.0000,0.0000,7306.0000,0.0000,0.0000,0.0000,0.0000,1,0,0,0,0,1,0,0,0,0
zc,TA303,2012-06-11 09:11:50.537,7328.0000,20,0,0.0000,0.0000,0,0,多换,B,7214.0000,0.0000,0.0000,0.0000,0.0000,7302.0000,0.0000,0.0000,0.0000,0.0000,1,0,0,0,0,1,0,0,0,0
zc,TA303,2012-06-11 09:11:51.273,7328.0000,20,0,0.0000,0.0000,0,0,多换,B,7216.0000,0.0000,0.0000,0.0000,0.0000,7306.0000,0.0000,0.0000,0.0000,0.0000,1,0,0,0,0,1,0,0,0,0
zc,TA303,2012-06-11 09:11:54.757,7328.0000,20,0,0.0000,0.0000,0,0,多换,B,7216.0000,0.0000,0.0000,0.0000,0.0000,7304.0000,0.0000,0.0000,0.0000,0.0000,1,0,0,0,0,1,0,0,0,0
zc,TA303,2012-06-11 09:11:55.740,7328.0000,20,0,0.0000,0.0000,0,0,多换,B,7214.0000,0.0000,0.0000,0.0000,0.0000,7304.0000,0.0000,0.0000,0.0000,0.0000,1,0,0,0,0,1,0,0,0,0
zc,TA303,2012-06-11 09:11:58.320,7328.0000,20,0,0.0000,0.0000,0,0,多换,B,7212.0000,0.0000,0.0000,0.0000,0.0000,7304.0000,0.0000,0.0000,0.0000,0.0000,1,0,0,0,0,1,0,0,0,0
zc,TA303,2012-06-11 09:11:58.773,7328.0000,20,0,0.0000,0.0000,0,0,多换,B,7212.0000,0.0000,0.0000,0.0000,0.0000,7300.0000,0.0000,0.0000,0.0000,0.0000,1,0,0,0,0,1,0,0,0,0
zc,TA303,2012-06-11 09:12:00.523,7328.0000,20,0,0.0000,0.0000,0,0,多换,B,7210.0000,0.0000,0.0000,0.0000,0.0000,7300.0000,0.0000,0.0000,0.0000,0.0000,1,0,0,0,0,1,0,0,0,0
zc,TA303,2012-06-11 09:12:00.990,7328.0000,20,0,0.0000,0.0000,0,0,多换,B,7210.0000,0.0000,0.0000,0.0000,0.0000,7298.0000,0.0000,0.0000,0.0000,0.0000,1,0,0,0,0,1,0,0,0,0
zc,TA303,2012-06-11 09:12:01.757,7328.0000,20,0,0.0000,0.0000,0,0,多换,B,7208.0000,0.0000,0.0000,0.0000,0.0000,7298.0000,0.0000,0.0000,0.0000,0.0000,1,0,0,0,0,1,0,0,0,0
zc,TA303,2012-06-11 09:12:03.507,7328.0000,20,0,0.0000,0.0000,0,0,多换,B,7206.0000,0.0000,0.0000,0.0000,0.0000,7294.0000,0.0000,0.0000,0.0000,0.0000,1,0,0,0,0,1,0,0,0,0
zc,TA303,2012-06-11 09:12:04.303,7328.0000,20,0,0.0000,0.0000,0,0,多换,B,7204.0000,0.0000,0.0000,0.0000,0.0000,7292.0000,0.0000,0.0000,0.0000,0.0000,1,0,0,0,0,1,0,0,0,0
zc,TA303,2012-06-11 09:12:06.537,7328.0000,20,0,0.0000,0.0000,0,0,多换,B,7202.0000,0.0000,0.0000,0.0000,0.0000,7290.0000,0.0000,0.0000,0.0000,0.0000,1,0,0,0,0,1,0,0,0,0
zc,TA303,2012-06-11 09:12:08.070,7328.0000,20,0,0.0000,0.0000,0,0,多换,B,7200.0000,0.0000,0.0000,0.0000,0.0000,7288.0000,0.0000,0.0000,0.0000,0.0000,1,0,0,0,0,1,0,0,0,0
zc,TA303,2012-06-11 09:12:09.287,7328.0000,20,0,0.0000,0.0000,0,0,多换,B,7202.0000,0.0000,0.0000,0.0000,0.0000,7290.0000,0.0000,0.0000,0.0000,0.0000,1,0,0,0,0,1,0,0,0,0
zc,TA303,2012-06-11 09:12:09.740,7328.0000,20,0,0.0000,0.0000,0,0,多换,B,7202.0000,0.0000,0.0000,0.0000,0.0000,7288.0000,0.0000,0.0000,0.0000,0.0000,1,0,0,0,0,1,0,0,0,0
zc,TA303,2012-06-11 09:12:10.240,7328.0000,20,0,0.0000,0.0000,0,0,多换,B,7204.0000,0.0000,0.0000,0.0000,0.0000,7292.0000,0.0000,0.0000,0.0000,0.0000,1,0,0,0,0,1,0,0,0,0
zc,TA303,2012-06-11 09:12:11.037,7328.0000,20,0,0.0000,0.0000,0,0,多换,B,7202.0000,0.0000,0.0000,0.0000,0.0000,7292.0000,0.0000,0.0000,0.0000,0.0000,1,0,0,0,0,1,0,0,0,0
zc,TA303,2012-06-11 09:12:12.257,7328.0000,20,0,0.0000,0.0000,0,0,多换,B,7202.0000,0.0000,0.0000,0.0000,0.0000,7292.0000,0.0000,0.0000,0.0000,0.0000,2,0,0,0,0,1,0,0,0,0
zc,TA303,2012-06-11 09:12:13.240,7328.0000,20,0,0.0000,0.0000,0,0,多换,B,7202.0000,0.0000,0.0000,0.0000,0.0000,7290.0000,0.0000,0.0000,0.0000,0.0000,2,0,0,0,0,2,0,0,0,0
zc,TA303,2012-06-11 09:12:14.523,7328.0000,20,0,0.0000,0.0000,0,0,多换,B,7202.0000,0.0000,0.0000,0.0000,0.0000,7290.0000,0.0000,0.0000,0.0000,0.0000,2,0,0,0,0,3,0,0,0,0
zc,TA303,2012-06-11 09:12:15.537,7328.0000,20,0,0.0000,0.0000,0,0,多换,B,7202.0000,0.0000,0.0000,0.0000,0.0000,7290.0000,0.0000,0.0000,0.0000,0.0000,2,0,0,0,0,2,0,0,0,0
zc,TA303,2012-06-11 09:12:16.337,7328.0000,20,0,0.0000,0.0000,0,0,多换,B,7202.0000,0.0000,0.0000,0.0000,0.0000,7290.0000,0.0000,0.0000,0.0000,0.0000,2,0,0,0,0,3,0,0,0,0
zc,TA303,2012-06-11 09:12:21.850,7328.0000,20,0,0.0000,0.0000,0,0,多换,B,7206.0000,0.0000,0.0000,0.0000,0.0000,7290.0000,0.0000,0.0000,0.0000,0.0000,1,0,0,0,0,3,0,0,0,0
zc,TA303,2012-06-11 09:12:22.553,7328.0000,20,0,0.0000,0.0000,0,0,多换,B,7206.0000,0.0000,0.0000,0.0000,0.0000,7288.0000,0.0000,0.0000,0.0000,0.0000,1,0,0,0,0,1,0,0,0,0
zc,TA303,2012-06-11 09:12:23.273,7328.0000,20,0,0.0000,0.0000,0,0,多换,B,7206.0000,0.0000,0.0000,0.0000,0.0000,7290.0000,0.0000,0.0000,0.0000,0.0000,1,0,0,0,0,1,0,0,0,0
zc,TA303,2012-06-11 09:12:23.773,7328.0000,20,0,0.0000,0.0000,0,0,多换,B,7202.0000,0.0000,0.0000,0.0000,0.0000,7292.0000,0.0000,0.0000,0.0000,0.0000,1,0,0,0,0,1,0,0,0,0
zc,TA303,2012-06-11 09:12:24.820,7328.0000,20,0,0.0000,0.0000,0,0,多换,B,7204.0000,0.0000,0.0000,0.0000,0.0000,7292.0000,0.0000,0.0000,0.0000,0.0000,2,0,0,0,0,1,0,0,0,0
zc,TA303,2012-06-11 09:12:38.757,7328.0000,20,0,0.0000,0.0000,0,0,多换,B,7204.0000,0.0000,0.0000,0.0000,0.0000,7292.0000,0.0000,0.0000,0.0000,0.0000,1,0,0,0,0,1,0,0,0,0
zc,TA303,2012-06-11 09:12:39.257,7328.0000,20,0,0.0000,0.0000,0,0,多换,B,7204.0000,0.0000,0.0000,0.0000,0.0000,7292.0000,0.0000,0.0000,0.0000,0.0000,2,0,0,0,0,1,0,0,0,0
zc,TA303,2012-06-11 09:12:40.240,7328.0000,20,0,0.0000,0.0000,0,0,多换,B,7204.0000,0.0000,0.0000,0.0000,0.0000,7290.0000,0.0000,0.0000,0.0000,0.0000,1,0,0,0,0,1,0,0,0,0
zc,TA303,2012-06-11 09:12:44.227,7328.0000,20,0,0.0000,0.0000,0,0,多换,B,7204.0000,0.0000,0.0000,0.0000,0.0000,7292.0000,0.0000,0.0000,0.0000,0.0000,1,0,0,0,0,1,0,0,0,0
zc,TA303,2012-06-11 09:12:47.227,7328.0000,20,0,0.0000,0.0000,0,0,多换,B,7204.0000,0.0000,0.0000,0.0000,0.0000,7292.0000,0.0000,0.0000,0.0000,0.0000,2,0,0,0,0,1,0,0,0,0
zc,TA303,2012-06-11 09:12:48.553,7328.0000,20,0,0.0000,0.0000,0,0,多换,B,7204.0000,0.0000,0.0000,0.0000,0.0000,7292.0000,0.0000,0.0000,0.0000,0.0000,1,0,0,0,0,1,0,0,0,0
zc,TA303,2012-06-11 09:12:49.507,7328.0000,20,0,0.0000,0.0000,0,0,多换,B,7204.0000,0.0000,0.0000,0.0000,0.0000,7290.0000,0.0000,0.0000,0.0000,0.0000,1,0,0,0,0,1,0,0,0,0
zc,TA303,2012-06-11 09:12:52.023,7328.0000,20,0,0.0000,0.0000,0,0,多换,B,7204.0000,0.0000,0.0000,0.0000,0.0000,7292.0000,0.0000,0.0000,0.0000,0.0000,1,0,0,0,0,1,0,0,0,0
zc,TA303,2012-06-11 09:12:53.257,7328.0000,20,0,0.0000,0.0000,0,0,多换,B,7204.0000,0.0000,0.0000,0.0000,0.0000,7292.0000,0.0000,0.0000,0.0000,0.0000,2,0,0,0,0,1,0,0,0,0
zc,TA303,2012-06-11 09:12:54.320,7328.0000,20,0,0.0000,0.0000,0,0,多换,B,7204.0000,0.0000,0.0000,0.0000,0.0000,7292.0000,0.0000,0.0000,0.0000,0.0000,1,0,0,0,0,1,0,0,0,0
zc,TA303,2012-06-11 09:12:56.490,7328.0000,20,0,0.0000,0.0000,0,0,多换,B,7204.0000,0.0000,0.0000,0.0000,0.0000,7288.0000,0.0000,0.0000,0.0000,0.0000,1,0,0,0,0,1,0,0,0,0
zc,TA303,2012-06-11 09:13:03.007,7328.0000,20,0,0.0000,0.0000,0,0,多换,B,7204.0000,0.0000,0.0000,0.0000,0.0000,7286.0000,0.0000,0.0000,0.0000,0.0000,1,0,0,0,0,1,0,0,0,0
zc,TA303,2012-06-11 09:13:03.537,7328.0000,20,0,0.0000,0.0000,0,0,多换,B,7204.0000,0.0000,0.0000,0.0000,0.0000,7288.0000,0.0000,0.0000,0.0000,0.0000,1,0,0,0,0,1,0,0,0,0
zc,TA303,2012-06-11 09:13:07.537,7328.0000,20,0,0.0000,0.0000,0,0,多换,B,7204.0000,0.0000,0.0000,0.0000,0.0000,7286.0000,0.0000,0.0000,0.0000,0.0000,1,0,0,0,0,1,0,0,0,0
zc,TA303,2012-06-11 09:13:08.007,7328.0000,20,0,0.0000,0.0000,0,0,多换,B,7196.0000,0.0000,0.0000,0.0000,0.0000,7284.0000,0.0000,0.0000,0.0000,0.0000,1,0,0,0,0,1,0,0,0,0
zc,TA303,2012-06-11 09:13:08.740,7328.0000,20,0,0.0000,0.0000,0,0,多换,B,7198.0000,0.0000,0.0000,0.0000,0.0000,7284.0000,0.0000,0.0000,0.0000,0.0000,1,0,0,0,0,1,0,0,0,0
zc,TA303,2012-06-11 09:13:18.023,7328.0000,20,0,0.0000,0.0000,0,0,多换,B,7198.0000,0.0000,0.0000,0.0000,0.0000,7286.0000,0.0000,0.0000,0.0000,0.0000,2,0,0,0,0,1,0,0,0,0
zc,TA303,2012-06-11 09:13:21.227,7328.0000,20,0,0.0000,0.0000,0,0,多换,B,7200.0000,0.0000,0.0000,0.0000,0.0000,7286.0000,0.0000,0.0000,0.0000,0.0000,3,0,0,0,0,1,0,0,0,0
zc,TA303,2012-06-11 09:13:23.240,7328.0000,20,0,0.0000,0.0000,0,0,多换,B,7202.0000,0.0000,0.0000,0.0000,0.0000,7286.0000,0.0000,0.0000,0.0000,0.0000,1,0,0,0,0,1,0,0,0,0
zc,TA303,2012-06-11 09:13:30.100,7328.0000,20,0,0.0000,0.0000,0,0,多换,B,7202.0000,0.0000,0.0000,0.0000,0.0000,7288.0000,0.0000,0.0000,0.0000,0.0000,1,0,0,0,0,1,0,0,0,0
zc,TA303,2012-06-11 09:13:30.820,7328.0000,20,0,0.0000,0.0000,0,0,多换,B,7202.0000,0.0000,0.0000,0.0000,0.0000,7286.0000,0.0000,0.0000,0.0000,0.0000,1,0,0,0,0,1,0,0,0,0
zc,TA303,2012-06-11 09:13:31.820,7328.0000,20,0,0.0000,0.0000,0,0,多换,B,7202.0000,0.0000,0.0000,0.0000,0.0000,7288.0000,0.0000,0.0000,0.0000,0.0000,1,0,0,0,0,1,0,0,0,0
zc,TA303,2012-06-11 09:13:41.287,7328.0000,20,0,0.0000,0.0000,0,0,多换,B,7202.0000,0.0000,0.0000,0.0000,0.0000,7290.0000,0.0000,0.0000,0.0000,0.0000,2,0,0,0,0,1,0,0,0,0
zc,TA303,2012-06-11 09:13:47.553,7328.0000,20,0,0.0000,0.0000,0,0,多换,B,7202.0000,0.0000,0.0000,0.0000,0.0000,7292.0000,0.0000,0.0000,0.0000,0.0000,2,0,0,0,0,1,0,0,0,0
zc,TA303,2012-06-11 09:13:48.320,7328.0000,20,0,0.0000,0.0000,0,0,多换,B,7204.0000,0.0000,0.0000,0.0000,0.0000,7292.0000,0.0000,0.0000,0.0000,0.0000,1,0,0,0,0,1,0,0,0,0
zc,TA303,2012-06-11 09:13:48.820,7328.0000,20,0,0.0000,0.0000,0,0,多换,B,7206.0000,0.0000,0.0000,0.0000,0.0000,7294.0000,0.0000,0.0000,0.0000,0.0000,1,0,0,0,0,1,0,0,0,0
zc,TA303,2012-06-11 09:13:49.587,7328.0000,20,0,0.0000,0.0000,0,0,多换,B,7208.0000,0.0000,0.0000,0.0000,0.0000,7294.0000,0.0000,0.0000,0.0000,0.0000,1,0,0,0,0,1,0,0,0,0
zc,TA303,2012-06-11 09:13:49.837,7328.0000,20,0,0.0000,0.0000,0,0,多换,B,7208.0000,0.0000,0.0000,0.0000,0.0000,7296.0000,0.0000,0.0000,0.0000,0.0000,2,0,0,0,0,1,0,0,0,0
zc,TA303,2012-06-11 09:13:50.600,7328.0000,20,0,0.0000,0.0000,0,0,多换,B,7208.0000,0.0000,0.0000,0.0000,0.0000,7296.0000,0.0000,0.0000,0.0000,0.0000,1,0,0,0,0,1,0,0,0,0
zc,TA303,2012-06-11 09:13:51.803,7328.0000,20,0,0.0000,0.0000,0,0,多换,B,7208.0000,0.0000,0.0000,0.0000,0.0000,7294.0000,0.0000,0.0000,0.0000,0.0000,1,0,0,0,0,1,0,0,0,0
zc,TA303,2012-06-11 09:13:52.883,7328.0000,20,0,0.0000,0.0000,0,0,多换,B,7208.0000,0.0000,0.0000,0.0000,0.0000,7292.0000,0.0000,0.0000,0.0000,0.0000,1,0,0,0,0,1,0,0,0,0
zc,TA303,2012-06-11 09:13:54.053,7328.0000,20,0,0.0000,0.0000,0,0,多换,B,7208.0000,0.0000,0.0000,0.0000,0.0000,7294.0000,0.0000,0.0000,0.0000,0.0000,1,0,0,0,0,1,0,0,0,0
zc,TA303,2012-06-11 09:13:59.023,7328.0000,20,0,0.0000,0.0000,0,0,多换,B,7208.0000,0.0000,0.0000,0.0000,0.0000,7292.0000,0.0000,0.0000,0.0000,0.0000,1,0,0,0,0,1,0,0,0,0
zc,TA303,2012-06-11 09:14:03.820,7328.0000,20,0,0.0000,0.0000,0,0,多换,B,7208.0000,0.0000,0.0000,0.0000,0.0000,7294.0000,0.0000,0.0000,0.0000,0.0000,1,0,0,0,0,1,0,0,0,0
zc,TA303,2012-06-11 09:14:10.553,7328.0000,20,0,0.0000,0.0000,0,0,多换,B,7208.0000,0.0000,0.0000,0.0000,0.0000,7292.0000,0.0000,0.0000,0.0000,0.0000,1,0,0,0,0,1,0,0,0,0
zc,TA303,2012-06-11 09:14:11.337,7328.0000,20,0,0.0000,0.0000,0,0,多换,B,7208.0000,0.0000,0.0000,0.0000,0.0000,7290.0000,0.0000,0.0000,0.0000,0.0000,1,0,0,0,0,1,0,0,0,0
zc,TA303,2012-06-11 09:14:15.820,7328.0000,20,0,0.0000,0.0000,0,0,多换,B,7208.0000,0.0000,0.0000,0.0000,0.0000,7288.0000,0.0000,0.0000,0.0000,0.0000,1,0,0,0,0,1,0,0,0,0
zc,TA303,2012-06-11 09:14:16.303,7328.0000,20,0,0.0000,0.0000,0,0,多换,B,7208.0000,0.0000,0.0000,0.0000,0.0000,7290.0000,0.0000,0.0000,0.0000,0.0000,1,0,0,0,0,1,0,0,0,0
zc,TA303,2012-06-11 09:14:17.037,7328.0000,20,0,0.0000,0.0000,0,0,多换,B,7208.0000,0.0000,0.0000,0.0000,0.0000,7288.0000,0.0000,0.0000,0.0000,0.0000,1,0,0,0,0,1,0,0,0,0
zc,TA303,2012-06-11 09:14:24.303,7328.0000,20,0,0.0000,0.0000,0,0,多换,B,7208.0000,0.0000,0.0000,0.0000,0.0000,7290.0000,0.0000,0.0000,0.0000,0.0000,1,0,0,0,0,1,0,0,0,0
zc,TA303,2012-06-11 09:14:28.537,7328.0000,20,0,0.0000,0.0000,0,0,多换,B,7202.0000,0.0000,0.0000,0.0000,0.0000,7288.0000,0.0000,0.0000,0.0000,0.0000,1,0,0,0,0,1,0,0,0,0
zc,TA303,2012-06-11 09:14:40.273,7328.0000,20,0,0.0000,0.0000,0,0,多换,B,7202.0000,0.0000,0.0000,0.0000,0.0000,7290.0000,0.0000,0.0000,0.0000,0.0000,2,0,0,0,0,1,0,0,0,0
zc,TA303,2012-06-11 09:14:43.587,7328.0000,20,0,0.0000,0.0000,0,0,多换,B,7202.0000,0.0000,0.0000,0.0000,0.0000,7290.0000,0.0000,0.0000,0.0000,0.0000,1,0,0,0,0,1,0,0,0,0
zc,TA303,2012-06-11 09:14:46.273,7328.0000,20,0,0.0000,0.0000,0,0,多换,B,7202.0000,0.0000,0.0000,0.0000,0.0000,7288.0000,0.0000,0.0000,0.0000,0.0000,1,0,0,0,0,1,0,0,0,0
zc,TA303,2012-06-11 09:14:47.100,7328.0000,20,0,0.0000,0.0000,0,0,多换,B,7202.0000,0.0000,0.0000,0.0000,0.0000,7290.0000,0.0000,0.0000,0.0000,0.0000,2,0,0,0,0,1,0,0,0,0
zc,TA303,2012-06-11 09:14:48.820,7328.0000,20,0,0.0000,0.0000,0,0,多换,B,7202.0000,0.0000,0.0000,0.0000,0.0000,7290.0000,0.0000,0.0000,0.0000,0.0000,1,0,0,0,0,1,0,0,0,0
zc,TA303,2012-06-11 09:14:49.320,7328.0000,20,0,0.0000,0.0000,0,0,多换,B,7202.0000,0.0000,0.0000,0.0000,0.0000,7290.0000,0.0000,0.0000,0.0000,0.0000,2,0,0,0,0,1,0,0,0,0
zc,TA303,2012-06-11 09:14:49.820,7328.0000,20,0,0.0000,0.0000,0,0,多换,B,7202.0000,0.0000,0.0000,0.0000,0.0000,7290.0000,0.0000,0.0000,0.0000,0.0000,1,0,0,0,0,1,0,0,0,0
zc,TA303,2012-06-11 09:14:51.523,7328.0000,20,0,0.0000,0.0000,0,0,多换,B,7202.0000,0.0000,0.0000,0.0000,0.0000,7290.0000,0.0000,0.0000,0.0000,0.0000,2,0,0,0,0,1,0,0,0,0
zc,TA303,2012-06-11 09:14:52.023,7328.0000,20,0,0.0000,0.0000,0,0,多换,B,7202.0000,0.0000,0.0000,0.0000,0.0000,7290.0000,0.0000,0.0000,0.0000,0.0000,1,0,0,0,0,1,0,0,0,0
zc,TA303,2012-06-11 09:14:56.087,7328.0000,20,0,0.0000,0.0000,0,0,多换,B,7202.0000,0.0000,0.0000,0.0000,0.0000,7290.0000,0.0000,0.0000,0.0000,0.0000,2,0,0,0,0,1,0,0,0,0
zc,TA303,2012-06-11 09:14:57.037,7328.0000,20,0,0.0000,0.0000,0,0,多换,B,7202.0000,0.0000,0.0000,0.0000,0.0000,7290.0000,0.0000,0.0000,0.0000,0.0000,1,0,0,0,0,1,0,0,0,0
zc,TA303,2012-06-11 09:14:58.273,7328.0000,20,0,0.0000,0.0000,0,0,多换,B,7202.0000,0.0000,0.0000,0.0000,0.0000,7290.0000,0.0000,0.0000,0.0000,0.0000,2,0,0,0,0,1,0,0,0,0
zc,TA303,2012-06-11 09:15:00.070,7328.0000,20,0,0.0000,0.0000,0,0,多换,B,7202.0000,0.0000,0.0000,0.0000,0.0000,7290.0000,0.0000,0.0000,0.0000,0.0000,1,0,0,0,0,1,0,0,0,0
zc,TA303,2012-06-11 09:15:01.273,7328.0000,20,0,0.0000,0.0000,0,0,多换,B,7202.0000,0.0000,0.0000,0.0000,0.0000,7288.0000,0.0000,0.0000,0.0000,0.0000,1,0,0,0,0,1,0,0,0,0
zc,TA303,2012-06-11 09:15:01.850,7328.0000,20,0,0.0000,0.0000,0,0,多换,B,7202.0000,0.0000,0.0000,0.0000,0.0000,7290.0000,0.0000,0.0000,0.0000,0.0000,1,0,0,0,0,1,0,0,0,0
zc,TA303,2012-06-11 09:15:04.303,7328.0000,20,0,0.0000,0.0000,0,0,多换,B,7202.0000,0.0000,0.0000,0.0000,0.0000,7290.0000,0.0000,0.0000,0.0000,0.0000,2,0,0,0,0,1,0,0,0,0
zc,TA303,2012-06-11 09:15:10.587,7328.0000,20,0,0.0000,0.0000,0,0,多换,B,7202.0000,0.0000,0.0000,0.0000,0.0000,7288.0000,0.0000,0.0000,0.0000,0.0000,1,0,0,0,0,1,0,0,0,0
zc,TA303,2012-06-11 09:15:12.803,7328.0000,20,0,0.0000,0.0000,0,0,多换,B,7202.0000,0.0000,0.0000,0.0000,0.0000,7290.0000,0.0000,0.0000,0.0000,0.0000,1,0,0,0,0,1,0,0,0,0
zc,TA303,2012-06-11 09:15:15.100,7328.0000,20,0,0.0000,0.0000,0,0,多换,B,7202.0000,0.0000,0.0000,0.0000,0.0000,7290.0000,0.0000,0.0000,0.0000,0.0000,2,0,0,0,0,1,0,0,0,0
zc,TA303,2012-06-11 09:15:17.537,7328.0000,20,0,0.0000,0.0000,0,0,多换,B,7202.0000,0.0000,0.0000,0.0000,0.0000,7290.0000,0.0000,0.0000,0.0000,0.0000,1,0,0,0,0,1,0,0,0,0
zc,TA303,2012-06-11 09:15:19.320,7328.0000,20,0,0.0000,0.0000,0,0,多换,B,7202.0000,0.0000,0.0000,0.0000,0.0000,7290.0000,0.0000,0.0000,0.0000,0.0000,2,0,0,0,0,1,0,0,0,0
zc,TA303,2012-06-11 09:15:22.990,7328.0000,20,0,0.0000,0.0000,0,0,多换,B,7204.0000,0.0000,0.0000,0.0000,0.0000,7290.0000,0.0000,0.0000,0.0000,0.0000,3,0,0,0,0,1,0,0,0,0
zc,TA303,2012-06-11 09:15:30.537,7328.0000,20,0,0.0000,0.0000,0,0,多换,B,7206.0000,0.0000,0.0000,0.0000,0.0000,7290.0000,0.0000,0.0000,0.0000,0.0000,1,0,0,0,0,1,0,0,0,0
zc,TA303,2012-06-11 09:15:45.287,7328.0000,20,0,0.0000,0.0000,0,0,多换,B,7206.0000,0.0000,0.0000,0.0000,0.0000,7292.0000,0.0000,0.0000,0.0000,0.0000,1,0,0,0,0,1,0,0,0,0
zc,TA303,2012-06-11 09:15:49.100,7328.0000,20,0,0.0000,0.0000,0,0,多换,B,7206.0000,0.0000,0.0000,0.0000,0.0000,7290.0000,0.0000,0.0000,0.0000,0.0000,1,0,0,0,0,1,0,0,0,0
zc,TA303,2012-06-11 09:15:50.087,7328.0000,20,0,0.0000,0.0000,0,0,多换,B,7206.0000,0.0000,0.0000,0.0000,0.0000,7292.0000,0.0000,0.0000,0.0000,0.0000,1,0,0,0,0,1,0,0,0,0
zc,TA303,2012-06-11 09:15:56.087,7328.0000,20,0,0.0000,0.0000,0,0,多换,B,7206.0000,0.0000,0.0000,0.0000,0.0000,7294.0000,0.0000,0.0000,0.0000,0.0000,1,0,0,0,0,1,0,0,0,0
zc,TA303,2012-06-11 09:15:59.553,7328.0000,20,0,0.0000,0.0000,0,0,多换,B,7206.0000,0.0000,0.0000,0.0000,0.0000,7292.0000,0.0000,0.0000,0.0000,0.0000,1,0,0,0,0,1,0,0,0,0
zc,TA303,2012-06-11 09:16:01.023,7328.0000,20,0,0.0000,0.0000,0,0,多换,B,7206.0000,0.0000,0.0000,0.0000,0.0000,7294.0000,0.0000,0.0000,0.0000,0.0000,1,0,0,0,0,1,0,0,0,0
zc,TA303,2012-06-11 09:16:04.303,7328.0000,20,0,0.0000,0.0000,0,0,多换,B,7206.0000,0.0000,0.0000,0.0000,0.0000,7292.0000,0.0000,0.0000,0.0000,0.0000,1,0,0,0,0,1,0,0,0,0
zc,TA303,2012-06-11 09:16:07.320,7328.0000,20,0,0.0000,0.0000,0,0,多换,B,7206.0000,0.0000,0.0000,0.0000,0.0000,7294.0000,0.0000,0.0000,0.0000,0.0000,1,0,0,0,0,1,0,0,0,0
zc,TA303,2012-06-11 09:16:07.803,7328.0000,20,0,0.0000,0.0000,0,0,多换,B,7206.0000,0.0000,0.0000,0.0000,0.0000,7294.0000,0.0000,0.0000,0.0000,0.0000,2,0,0,0,0,1,0,0,0,0
zc,TA303,2012-06-11 09:16:08.837,7328.0000,20,0,0.0000,0.0000,0,0,多换,B,7206.0000,0.0000,0.0000,0.0000,0.0000,7294.0000,0.0000,0.0000,0.0000,0.0000,1,0,0,0,0,1,0,0,0,0
zc,TA303,2012-06-11 09:16:09.587,7328.0000,20,0,0.0000,0.0000,0,0,多换,B,7206.0000,0.0000,0.0000,0.0000,0.0000,7292.0000,0.0000,0.0000,0.0000,0.0000,1,0,0,0,0,1,0,0,0,0
zc,TA303,2012-06-11 09:16:10.837,7328.0000,20,0,0.0000,0.0000,0,0,多换,B,7206.0000,0.0000,0.0000,0.0000,0.0000,7294.0000,0.0000,0.0000,0.0000,0.0000,1,0,0,0,0,1,0,0,0,0
zc,TA303,2012-06-11 09:16:11.820,7328.0000,20,0,0.0000,0.0000,0,0,多换,B,7206.0000,0.0000,0.0000,0.0000,0.0000,7294.0000,0.0000,0.0000,0.0000,0.0000,2,0,0,0,0,1,0,0,0,0
zc,TA303,2012-06-11 09:16:13.570,7328.0000,20,0,0.0000,0.0000,0,0,多换,B,7206.0000,0.0000,0.0000,0.0000,0.0000,7294.0000,0.0000,0.0000,0.0000,0.0000,1,0,0,0,0,1,0,0,0,0
zc,TA303,2012-06-11 09:16:14.070,7328.0000,20,0,0.0000,0.0000,0,0,多换,B,7206.0000,0.0000,0.0000,0.0000,0.0000,7294.0000,0.0000,0.0000,0.0000,0.0000,2,0,0,0,0,1,0,0,0,0
zc,TA303,2012-06-11 09:16:17.053,7328.0000,20,0,0.0000,0.0000,0,0,多换,B,7206.0000,0.0000,0.0000,0.0000,0.0000,7292.0000,0.0000,0.0000,0.0000,0.0000,1,0,0,0,0,1,0,0,0,0
zc,TA303,2012-06-11 09:16:17.553,7328.0000,20,0,0.0000,0.0000,0,0,多换,B,7206.0000,0.0000,0.0000,0.0000,0.0000,7294.0000,0.0000,0.0000,0.0000,0.0000,1,0,0,0,0,1,0,0,0,0
zc,TA303,2012-06-11 09:16:18.053,7328.0000,20,0,0.0000,0.0000,0,0,多换,B,7206.0000,0.0000,0.0000,0.0000,0.0000,7292.0000,0.0000,0.0000,0.0000,0.0000,1,0,0,0,0,1,0,0,0,0
zc,TA303,2012-06-11 09:16:23.303,7328.0000,20,0,0.0000,0.0000,0,0,多换,B,7206.0000,0.0000,0.0000,0.0000,0.0000,7294.0000,0.0000,0.0000,0.0000,0.0000,1,0,0,0,0,1,0,0,0,0
zc,TA303,2012-06-11 09:16:23.787,7328.0000,20,0,0.0000,0.0000,0,0,多换,B,7206.0000,0.0000,0.0000,0.0000,0.0000,7294.0000,0.0000,0.0000,0.0000,0.0000,2,0,0,0,0,1,0,0,0,0
zc,TA303,2012-06-11 09:16:24.617,7328.0000,20,0,0.0000,0.0000,0,0,多换,B,7206.0000,0.0000,0.0000,0.0000,0.0000,7292.0000,0.0000,0.0000,0.0000,0.0000,1,0,0,0,0,1,0,0,0,0
zc,TA303,2012-06-11 09:16:27.803,7328.0000,20,0,0.0000,0.0000,0,0,多换,B,7206.0000,0.0000,0.0000,0.0000,0.0000,7294.0000,0.0000,0.0000,0.0000,0.0000,1,0,0,0,0,1,0,0,0,0
zc,TA303,2012-06-11 09:16:28.787,7328.0000,20,0,0.0000,0.0000,0,0,多换,B,7206.0000,0.0000,0.0000,0.0000,0.0000,7292.0000,0.0000,0.0000,0.0000,0.0000,1,0,0,0,0,1,0,0,0,0
zc,TA303,2012-06-11 09:16:31.850,7328.0000,20,0,0.0000,0.0000,0,0,多换,B,7206.0000,0.0000,0.0000,0.0000,0.0000,7294.0000,0.0000,0.0000,0.0000,0.0000,1,0,0,0,0,1,0,0,0,0
zc,TA303,2012-06-11 09:16:32.287,7328.0000,20,0,0.0000,0.0000,0,0,多换,B,7206.0000,0.0000,0.0000,0.0000,0.0000,7294.0000,0.0000,0.0000,0.0000,0.0000,2,0,0,0,0,1,0,0,0,0
zc,TA303,2012-06-11 09:16:33.803,7328.0000,20,0,0.0000,0.0000,0,0,多换,B,7206.0000,0.0000,0.0000,0.0000,0.0000,7292.0000,0.0000,0.0000,0.0000,0.0000,1,0,0,0,0,1,0,0,0,0
zc,TA303,2012-06-11 09:16:39.303,7328.0000,20,0,0.0000,0.0000,0,0,多换,B,7206.0000,0.0000,0.0000,0.0000,0.0000,7290.0000,0.0000,0.0000,0.0000,0.0000,1,0,0,0,0,1,0,0,0,0
zc,TA303,2012-06-11 09:16:54.117,7328.0000,20,0,0.0000,0.0000,0,0,多换,B,7206.0000,0.0000,0.0000,0.0000,0.0000,7288.0000,0.0000,0.0000,0.0000,0.0000,1,0,0,0,0,1,0,0,0,0
zc,TA303,2012-06-11 09:17:00.100,7328.0000,20,0,0.0000,0.0000,0,0,多换,B,7206.0000,0.0000,0.0000,0.0000,0.0000,7290.0000,0.0000,0.0000,0.0000,0.0000,1,0,0,0,0,1,0,0,0,0
zc,TA303,2012-06-11 09:17:00.587,7328.0000,20,0,0.0000,0.0000,0,0,多换,B,7206.0000,0.0000,0.0000,0.0000,0.0000,7288.0000,0.0000,0.0000,0.0000,0.0000,1,0,0,0,0,1,0,0,0,0
zc,TA303,2012-06-11 09:17:15.287,7328.0000,20,0,0.0000,0.0000,0,0,多换,B,7206.0000,0.0000,0.0000,0.0000,0.0000,7290.0000,0.0000,0.0000,0.0000,0.0000,1,0,0,0,0,1,0,0,0,0
zc,TA303,2012-06-11 09:17:16.303,7328.0000,20,0,0.0000,0.0000,0,0,多换,B,7206.0000,0.0000,0.0000,0.0000,0.0000,7288.0000,0.0000,0.0000,0.0000,0.0000,1,0,0,0,0,1,0,0,0,0
zc,TA303,2012-06-11 09:18:12.820,7328.0000,20,0,0.0000,0.0000,0,0,多换,B,7206.0000,0.0000,0.0000,0.0000,0.0000,7286.0000,0.0000,0.0000,0.0000,0.0000,1,0,0,0,0,1,0,0,0,0
zc,TA303,2012-06-11 09:18:19.337,7328.0000,20,0,0.0000,0.0000,0,0,多换,B,7206.0000,0.0000,0.0000,0.0000,0.0000,7288.0000,0.0000,0.0000,0.0000,0.0000,1,0,0,0,0,1,0,0,0,0
zc,TA303,2012-06-11 09:18:28.087,7328.0000,20,0,0.0000,0.0000,0,0,多换,B,7206.0000,0.0000,0.0000,0.0000,0.0000,7286.0000,0.0000,0.0000,0.0000,0.0000,1,0,0,0,0,1,0,0,0,0
zc,TA303,2012-06-11 09:18:46.570,7328.0000,20,0,0.0000,0.0000,0,0,多换,B,7206.0000,0.0000,0.0000,0.0000,0.0000,7288.0000,0.0000,0.0000,0.0000,0.0000,1,0,0,0,0,1,0,0,0,0
zc,TA303,2012-06-11 09:19:09.837,7328.0000,20,0,0.0000,0.0000,0,0,多换,B,7206.0000,0.0000,0.0000,0.0000,0.0000,7286.0000,0.0000,0.0000,0.0000,0.0000,1,0,0,0,0,1,0,0,0,0
zc,TA303,2012-06-11 09:19:45.537,7328.0000,20,0,0.0000,0.0000,0,0,多换,B,7206.0000,0.0000,0.0000,0.0000,0.0000,7288.0000,0.0000,0.0000,0.0000,0.0000,1,0,0,0,0,1,0,0,0,0
zc,TA303,2012-06-11 09:19:47.287,7328.0000,20,0,0.0000,0.0000,0,0,多换,B,7206.0000,0.0000,0.0000,0.0000,0.0000,7286.0000,0.0000,0.0000,0.0000,0.0000,1,0,0,0,0,1,0,0,0,0
zc,TA303,2012-06-11 09:20:05.820,7328.0000,20,0,0.0000,0.0000,0,0,多换,B,7206.0000,0.0000,0.0000,0.0000,0.0000,7284.0000,0.0000,0.0000,0.0000,0.0000,1,0,0,0,0,1,0,0,0,0
zc,TA303,2012-06-11 09:20:07.553,7328.0000,20,0,0.0000,0.0000,0,0,多换,B,7204.0000,0.0000,0.0000,0.0000,0.0000,7286.0000,0.0000,0.0000,0.0000,0.0000,3,0,0,0,0,1,0,0,0,0
zc,TA303,2012-06-11 09:20:08.523,7328.0000,20,0,0.0000,0.0000,0,0,多换,B,7198.0000,0.0000,0.0000,0.0000,0.0000,7286.0000,0.0000,0.0000,0.0000,0.0000,1,0,0,0,0,1,0,0,0,0
zc,TA303,2012-06-11 09:20:09.087,7328.0000,20,0,0.0000,0.0000,0,0,多换,B,7200.0000,0.0000,0.0000,0.0000,0.0000,7286.0000,0.0000,0.0000,0.0000,0.0000,1,0,0,0,0,1,0,0,0,0
zc,TA303,2012-06-11 09:20:09.837,7328.0000,20,0,0.0000,0.0000,0,0,多换,B,7200.0000,0.0000,0.0000,0.0000,0.0000,7284.0000,0.0000,0.0000,0.0000,0.0000,1,0,0,0,0,1,0,0,0,0
zc,TA303,2012-06-11 09:20:12.570,7328.0000,20,0,0.0000,0.0000,0,0,多换,B,7200.0000,0.0000,0.0000,0.0000,0.0000,7282.0000,0.0000,0.0000,0.0000,0.0000,1,0,0,0,0,1,0,0,0,0
zc,TA303,2012-06-11 09:20:14.803,7328.0000,20,0,0.0000,0.0000,0,0,多换,B,7200.0000,0.0000,0.0000,0.0000,0.0000,7280.0000,0.0000,0.0000,0.0000,0.0000,1,0,0,0,0,1,0,0,0,0
zc,TA303,2012-06-11 09:20:15.273,7328.0000,20,0,0.0000,0.0000,0,0,多换,B,7200.0000,0.0000,0.0000,0.0000,0.0000,7284.0000,0.0000,0.0000,0.0000,0.0000,1,0,0,0,0,1,0,0,0,0
zc,TA303,2012-06-11 09:20:20.100,7328.0000,20,0,0.0000,0.0000,0,0,多换,B,7200.0000,0.0000,0.0000,0.0000,0.0000,7282.0000,0.0000,0.0000,0.0000,0.0000,1,0,0,0,0,1,0,0,0,0
zc,TA303,2012-06-11 09:20:20.820,7328.0000,20,0,0.0000,0.0000,0,0,多换,B,7200.0000,0.0000,0.0000,0.0000,0.0000,7284.0000,0.0000,0.0000,0.0000,0.0000,1,0,0,0,0,1,0,0,0,0
zc,TA303,2012-06-11 09:20:22.100,7328.0000,20,0,0.0000,0.0000,0,0,多换,B,7200.0000,0.0000,0.0000,0.0000,0.0000,7282.0000,0.0000,0.0000,0.0000,0.0000,1,0,0,0,0,1,0,0,0,0
zc,TA303,2012-06-11 09:20:23.553,7328.0000,20,0,0.0000,0.0000,0,0,多换,B,7200.0000,0.0000,0.0000,0.0000,0.0000,7280.0000,0.0000,0.0000,0.0000,0.0000,1,0,0,0,0,1,0,0,0,0
zc,TA303,2012-06-11 09:20:26.570,7328.0000,20,0,0.0000,0.0000,0,0,多换,B,7200.0000,0.0000,0.0000,0.0000,0.0000,7282.0000,0.0000,0.0000,0.0000,0.0000,1,0,0,0,0,1,0,0,0,0
zc,TA303,2012-06-11 09:20:28.787,7328.0000,20,0,0.0000,0.0000,0,0,多换,B,7200.0000,0.0000,0.0000,0.0000,0.0000,7280.0000,0.0000,0.0000,0.0000,0.0000,1,0,0,0,0,1,0,0,0,0
zc,TA303,2012-06-11 09:20:30.007,7328.0000,20,0,0.0000,0.0000,0,0,多换,B,7192.0000,0.0000,0.0000,0.0000,0.0000,7280.0000,0.0000,0.0000,0.0000,0.0000,1,0,0,0,0,1,0,0,0,0
zc,TA303,2012-06-11 09:20:30.507,7328.0000,20,0,0.0000,0.0000,0,0,多换,B,7194.0000,0.0000,0.0000,0.0000,0.0000,7280.0000,0.0000,0.0000,0.0000,0.0000,1,0,0,0,0,1,0,0,0,0
zc,TA303,2012-06-11 09:20:35.537,7328.0000,20,0,0.0000,0.0000,0,0,多换,B,7194.0000,0.0000,0.0000,0.0000,0.0000,7278.0000,0.0000,0.0000,0.0000,0.0000,1,0,0,0,0,1,0,0,0,0
zc,TA303,2012-06-11 09:20:36.320,7328.0000,20,0,0.0000,0.0000,0,0,多换,B,7194.0000,0.0000,0.0000,0.0000,0.0000,7280.0000,0.0000,0.0000,0.0000,0.0000,1,0,0,0,0,1,0,0,0,0
zc,TA303,2012-06-11 09:20:36.553,7328.0000,20,0,0.0000,0.0000,0,0,多换,B,7194.0000,0.0000,0.0000,0.0000,0.0000,7278.0000,0.0000,0.0000,0.0000,0.0000,1,0,0,0,0,1,0,0,0,0
zc,TA303,2012-06-11 09:20:38.553,7328.0000,20,0,0.0000,0.0000,0,0,多换,B,7194.0000,0.0000,0.0000,0.0000,0.0000,7280.0000,0.0000,0.0000,0.0000,0.0000,1,0,0,0,0,1,0,0,0,0
zc,TA303,2012-06-11 09:21:03.837,7328.0000,20,0,0.0000,0.0000,0,0,多换,B,7194.0000,0.0000,0.0000,0.0000,0.0000,7278.0000,0.0000,0.0000,0.0000,0.0000,1,0,0,0,0,1,0,0,0,0
zc,TA303,2012-06-11 09:21:04.837,7328.0000,20,0,0.0000,0.0000,0,0,多换,B,7194.0000,0.0000,0.0000,0.0000,0.0000,7280.0000,0.0000,0.0000,0.0000,0.0000,1,0,0,0,0,1,0,0,0,0
zc,TA303,2012-06-11 09:21:11.287,7328.0000,20,0,0.0000,0.0000,0,0,多换,B,7194.0000,0.0000,0.0000,0.0000,0.0000,7278.0000,0.0000,0.0000,0.0000,0.0000,1,0,0,0,0,1,0,0,0,0
zc,TA303,2012-06-11 09:21:13.553,7328.0000,20,0,0.0000,0.0000,0,0,多换,B,7194.0000,0.0000,0.0000,0.0000,0.0000,7280.0000,0.0000,0.0000,0.0000,0.0000,1,0,0,0,0,1,0,0,0,0
zc,TA303,2012-06-11 09:21:17.053,7328.0000,20,0,0.0000,0.0000,0,0,多换,B,7194.0000,0.0000,0.0000,0.0000,0.0000,7278.0000,0.0000,0.0000,0.0000,0.0000,1,0,0,0,0,1,0,0,0,0
zc,TA303,2012-06-11 09:21:17.553,7328.0000,20,0,0.0000,0.0000,0,0,多换,B,7194.0000,0.0000,0.0000,0.0000,0.0000,7276.0000,0.0000,0.0000,0.0000,0.0000,1,0,0,0,0,2,0,0,0,0
zc,TA303,2012-06-11 09:21:25.023,7328.0000,20,0,0.0000,0.0000,0,0,多换,B,7194.0000,0.0000,0.0000,0.0000,0.0000,7276.0000,0.0000,0.0000,0.0000,0.0000,1,0,0,0,0,3,0,0,0,0
zc,TA303,2012-06-11 09:21:30.287,7328.0000,20,0,0.0000,0.0000,0,0,多换,B,7188.0000,0.0000,0.0000,0.0000,0.0000,7276.0000,0.0000,0.0000,0.0000,0.0000,1,0,0,0,0,3,0,0,0,0
zc,TA303,2012-06-11 09:21:31.053,7328.0000,20,0,0.0000,0.0000,0,0,多换,B,7190.0000,0.0000,0.0000,0.0000,0.0000,7276.0000,0.0000,0.0000,0.0000,0.0000,1,0,0,0,0,3,0,0,0,0
zc,TA303,2012-06-11 09:21:32.287,7328.0000,20,0,0.0000,0.0000,0,0,多换,B,7190.0000,0.0000,0.0000,0.0000,0.0000,7274.0000,0.0000,0.0000,0.0000,0.0000,1,0,0,0,0,1,0,0,0,0
zc,TA303,2012-06-11 09:21:36.303,7328.0000,20,0,0.0000,0.0000,0,0,多换,B,7190.0000,0.0000,0.0000,0.0000,0.0000,7270.0000,0.0000,0.0000,0.0000,0.0000,1,0,0,0,0,1,0,0,0,0
zc,TA303,2012-06-11 09:21:37.070,7328.0000,20,0,0.0000,0.0000,0,0,多换,B,7190.0000,0.0000,0.0000,0.0000,0.0000,7274.0000,0.0000,0.0000,0.0000,0.0000,1,0,0,0,0,1,0,0,0,0
zc,TA303,2012-06-11 09:21:41.553,7328.0000,20,0,0.0000,0.0000,0,0,多换,B,7190.0000,0.0000,0.0000,0.0000,0.0000,7276.0000,0.0000,0.0000,0.0000,0.0000,1,0,0,0,0,1,0,0,0,0
zc,TA303,2012-06-11 09:21:42.320,7328.0000,20,0,0.0000,0.0000,0,0,多换,B,7190.0000,0.0000,0.0000,0.0000,0.0000,7274.0000,0.0000,0.0000,0.0000,0.0000,1,0,0,0,0,1,0,0,0,0
zc,TA303,2012-06-11 09:21:44.053,7328.0000,20,0,0.0000,0.0000,0,0,多换,B,7190.0000,0.0000,0.0000,0.0000,0.0000,7276.0000,0.0000,0.0000,0.0000,0.0000,1,0,0,0,0,1,0,0,0,0
zc,TA303,2012-06-11 09:21:44.537,7328.0000,20,0,0.0000,0.0000,0,0,多换,B,7190.0000,0.0000,0.0000,0.0000,0.0000,7272.0000,0.0000,0.0000,0.0000,0.0000,1,0,0,0,0,1,0,0,0,0
zc,TA303,2012-06-11 09:21:46.053,7328.0000,20,0,0.0000,0.0000,0,0,多换,B,7190.0000,0.0000,0.0000,0.0000,0.0000,7274.0000,0.0000,0.0000,0.0000,0.0000,1,0,0,0,0,1,0,0,0,0
zc,TA303,2012-06-11 09:21:47.087,7328.0000,20,0,0.0000,0.0000,0,0,多换,B,7184.0000,0.0000,0.0000,0.0000,0.0000,7274.0000,0.0000,0.0000,0.0000,0.0000,1,0,0,0,0,1,0,0,0,0
zc,TA303,2012-06-11 09:21:47.303,7328.0000,20,0,0.0000,0.0000,0,0,多换,B,7186.0000,0.0000,0.0000,0.0000,0.0000,7274.0000,0.0000,0.0000,0.0000,0.0000,1,0,0,0,0,1,0,0,0,0
zc,TA303,2012-06-11 09:21:48.037,7328.0000,20,0,0.0000,0.0000,0,0,多换,B,7188.0000,0.0000,0.0000,0.0000,0.0000,7276.0000,0.0000,0.0000,0.0000,0.0000,1,0,0,0,0,1,0,0,0,0
zc,TA303,2012-06-11 09:21:49.303,7328.0000,20,0,0.0000,0.0000,0,0,多换,B,7190.0000,0.0000,0.0000,0.0000,0.0000,7276.0000,0.0000,0.0000,0.0000,0.0000,1,0,0,0,0,1,0,0,0,0
zc,TA303,2012-06-11 09:21:51.087,7328.0000,20,0,0.0000,0.0000,0,0,多换,B,7190.0000,0.0000,0.0000,0.0000,0.0000,7274.0000,0.0000,0.0000,0.0000,0.0000,1,0,0,0,0,1,0,0,0,0
zc,TA303,2012-06-11 09:21:54.070,7328.0000,20,0,0.0000,0.0000,0,0,多换,B,7190.0000,0.0000,0.0000,0.0000,0.0000,7272.0000,0.0000,0.0000,0.0000,0.0000,1,0,0,0,0,1,0,0,0,0
zc,TA303,2012-06-11 09:21:54.570,7328.0000,20,0,0.0000,0.0000,0,0,多换,B,7190.0000,0.0000,0.0000,0.0000,0.0000,7274.0000,0.0000,0.0000,0.0000,0.0000,1,0,0,0,0,1,0,0,0,0
zc,TA303,2012-06-11 09:21:55.007,7190.0000,20,0,0.0000,2.0000,1,1,空换,S,7186.0000,0.0000,0.0000,0.0000,0.0000,7274.0000,0.0000,0.0000,0.0000,0.0000,1,0,0,0,0,1,0,0,0,0
zc,TA303,2012-06-11 09:21:58.037,7190.0000,20,0,0.0000,0.0000,0,0,空换,S,7186.0000,0.0000,0.0000,0.0000,0.0000,7264.0000,0.0000,0.0000,0.0000,0.0000,1,0,0,0,0,1,0,0,0,0
zc,TA303,2012-06-11 09:22:13.820,7190.0000,20,0,0.0000,0.0000,0,0,空换,S,7190.0000,0.0000,0.0000,0.0000,0.0000,7264.0000,0.0000,0.0000,0.0000,0.0000,1,0,0,0,0,1,0,0,0,0
zc,TA303,2012-06-11 09:22:22.587,7190.0000,20,0,0.0000,0.0000,0,0,空换,S,7192.0000,0.0000,0.0000,0.0000,0.0000,7264.0000,0.0000,0.0000,0.0000,0.0000,1,0,0,0,0,1,0,0,0,0
zc,TA303,2012-06-11 09:22:25.553,7190.0000,20,0,0.0000,0.0000,0,0,空换,S,7194.0000,0.0000,0.0000,0.0000,0.0000,7264.0000,0.0000,0.0000,0.0000,0.0000,1,0,0,0,0,1,0,0,0,0
zc,TA303,2012-06-11 09:22:28.070,7190.0000,20,0,0.0000,0.0000,0,0,空换,S,7192.0000,0.0000,0.0000,0.0000,0.0000,7264.0000,0.0000,0.0000,0.0000,0.0000,1,0,0,0,0,1,0,0,0,0
zc,TA303,2012-06-11 09:22:28.803,7190.0000,20,0,0.0000,0.0000,0,0,空换,S,7196.0000,0.0000,0.0000,0.0000,0.0000,7264.0000,0.0000,0.0000,0.0000,0.0000,1,0,0,0,0,1,0,0,0,0
zc,TA303,2012-06-11 09:22:29.837,7190.0000,20,0,0.0000,0.0000,0,0,空换,S,7192.0000,0.0000,0.0000,0.0000,0.0000,7264.0000,0.0000,0.0000,0.0000,0.0000,1,0,0,0,0,1,0,0,0,0
zc,TA303,2012-06-11 09:22:31.087,7190.0000,20,0,0.0000,0.0000,0,0,空换,S,7194.0000,0.0000,0.0000,0.0000,0.0000,7264.0000,0.0000,0.0000,0.0000,0.0000,1,0,0,0,0,1,0,0,0,0
zc,TA303,2012-06-11 09:22:33.320,7190.0000,20,0,0.0000,0.0000,0,0,空换,S,7192.0000,0.0000,0.0000,0.0000,0.0000,7264.0000,0.0000,0.0000,0.0000,0.0000,1,0,0,0,0,1,0,0,0,0
zc,TA303,2012-06-11 09:22:34.587,7190.0000,20,0,0.0000,0.0000,0,0,空换,S,7194.0000,0.0000,0.0000,0.0000,0.0000,7264.0000,0.0000,0.0000,0.0000,0.0000,1,0,0,0,0,1,0,0,0,0
zc,TA303,2012-06-11 09:22:38.087,7190.0000,20,0,0.0000,0.0000,0,0,空换,S,7196.0000,0.0000,0.0000,0.0000,0.0000,7264.0000,0.0000,0.0000,0.0000,0.0000,1,0,0,0,0,1,0,0,0,0
zc,TA303,2012-06-11 09:22:38.570,7190.0000,20,0,0.0000,0.0000,0,0,空换,S,7194.0000,0.0000,0.0000,0.0000,0.0000,7264.0000,0.0000,0.0000,0.0000,0.0000,1,0,0,0,0,1,0,0,0,0
zc,TA303,2012-06-11 09:22:40.273,7190.0000,20,0,0.0000,0.0000,0,0,空换,S,7196.0000,0.0000,0.0000,0.0000,0.0000,7264.0000,0.0000,0.0000,0.0000,0.0000,1,0,0,0,0,1,0,0,0,0
zc,TA303,2012-06-11 09:22:40.820,7190.0000,20,0,0.0000,0.0000,0,0,空换,S,7194.0000,0.0000,0.0000,0.0000,0.0000,7264.0000,0.0000,0.0000,0.0000,0.0000,1,0,0,0,0,1,0,0,0,0
zc,TA303,2012-06-11 09:22:45.303,7190.0000,20,0,0.0000,0.0000,0,0,空换,S,7196.0000,0.0000,0.0000,0.0000,0.0000,7264.0000,0.0000,0.0000,0.0000,0.0000,1,0,0,0,0,1,0,0,0,0
zc,TA303,2012-06-11 09:22:47.570,7190.0000,20,0,0.0000,0.0000,0,0,空换,S,7194.0000,0.0000,0.0000,0.0000,0.0000,7264.0000,0.0000,0.0000,0.0000,0.0000,1,0,0,0,0,1,0,0,0,0
zc,TA303,2012-06-11 09:22:48.303,7190.0000,20,0,0.0000,0.0000,0,0,空换,S,7196.0000,0.0000,0.0000,0.0000,0.0000,7264.0000,0.0000,0.0000,0.0000,0.0000,1,0,0,0,0,1,0,0,0,0
zc,TA303,2012-06-11 09:22:55.600,7190.0000,20,0,0.0000,0.0000,0,0,空换,S,7198.0000,0.0000,0.0000,0.0000,0.0000,7264.0000,0.0000,0.0000,0.0000,0.0000,1,0,0,0,0,1,0,0,0,0
zc,TA303,2012-06-11 09:23:04.303,7190.0000,20,0,0.0000,0.0000,0,0,空换,S,7196.0000,0.0000,0.0000,0.0000,0.0000,7264.0000,0.0000,0.0000,0.0000,0.0000,1,0,0,0,0,1,0,0,0,0
zc,TA303,2012-06-11 09:23:06.100,7190.0000,20,0,0.0000,0.0000,0,0,空换,S,7194.0000,0.0000,0.0000,0.0000,0.0000,7264.0000,0.0000,0.0000,0.0000,0.0000,1,0,0,0,0,1,0,0,0,0
zc,TA303,2012-06-11 09:23:07.587,7190.0000,20,0,0.0000,0.0000,0,0,空换,S,7192.0000,0.0000,0.0000,0.0000,0.0000,7264.0000,0.0000,0.0000,0.0000,0.0000,1,0,0,0,0,1,0,0,0,0
zc,TA303,2012-06-11 09:23:10.087,7190.0000,20,0,0.0000,0.0000,0,0,空换,S,7196.0000,0.0000,0.0000,0.0000,0.0000,7264.0000,0.0000,0.0000,0.0000,0.0000,1,0,0,0,0,1,0,0,0,0
zc,TA303,2012-06-11 09:23:16.587,7190.0000,20,0,0.0000,0.0000,0,0,空换,S,7194.0000,0.0000,0.0000,0.0000,0.0000,7264.0000,0.0000,0.0000,0.0000,0.0000,1,0,0,0,0,1,0,0,0,0
zc,TA303,2012-06-11 09:23:21.820,7190.0000,20,0,0.0000,0.0000,0,0,空换,S,7196.0000,0.0000,0.0000,0.0000,0.0000,7264.0000,0.0000,0.0000,0.0000,0.0000,1,0,0,0,0,1,0,0,0,0
zc,TA303,2012-06-11 09:23:24.537,7190.0000,20,0,0.0000,0.0000,0,0,空换,S,7194.0000,0.0000,0.0000,0.0000,0.0000,7264.0000,0.0000,0.0000,0.0000,0.0000,1,0,0,0,0,1,0,0,0,0
zc,TA303,2012-06-11 09:23:36.537,7190.0000,20,0,0.0000,0.0000,0,0,空换,S,7192.0000,0.0000,0.0000,0.0000,0.0000,7264.0000,0.0000,0.0000,0.0000,0.0000,1,0,0,0,0,1,0,0,0,0
zc,TA303,2012-06-11 09:23:41.570,7190.0000,20,0,0.0000,0.0000,0,0,空换,S,7194.0000,0.0000,0.0000,0.0000,0.0000,7264.0000,0.0000,0.0000,0.0000,0.0000,1,0,0,0,0,1,0,0,0,0
zc,TA303,2012-06-11 09:23:44.117,7190.0000,20,0,0.0000,0.0000,0,0,空换,S,7192.0000,0.0000,0.0000,0.0000,0.0000,7264.0000,0.0000,0.0000,0.0000,0.0000,1,0,0,0,0,1,0,0,0,0
zc,TA303,2012-06-11 09:23:52.037,7190.0000,20,0,0.0000,0.0000,0,0,空换,S,7194.0000,0.0000,0.0000,0.0000,0.0000,7264.0000,0.0000,0.0000,0.0000,0.0000,3,0,0,0,0,1,0,0,0,0
zc,TA303,2012-06-11 09:24:00.007,7190.0000,20,0,0.0000,0.0000,0,0,空换,S,7192.0000,0.0000,0.0000,0.0000,0.0000,7264.0000,0.0000,0.0000,0.0000,0.0000,1,0,0,0,0,1,0,0,0,0
zc,TA303,2012-06-11 09:24:04.287,7190.0000,20,0,0.0000,0.0000,0,0,空换,S,7194.0000,0.0000,0.0000,0.0000,0.0000,7264.0000,0.0000,0.0000,0.0000,0.0000,1,0,0,0,0,1,0,0,0,0
zc,TA303,2012-06-11 09:24:10.350,7190.0000,20,0,0.0000,0.0000,0,0,空换,S,7192.0000,0.0000,0.0000,0.0000,0.0000,7264.0000,0.0000,0.0000,0.0000,0.0000,1,0,0,0,0,1,0,0,0,0
zc,TA303,2012-06-11 09:24:12.273,7190.0000,20,0,0.0000,0.0000,0,0,空换,S,7190.0000,0.0000,0.0000,0.0000,0.0000,7264.0000,0.0000,0.0000,0.0000,0.0000,1,0,0,0,0,1,0,0,0,0
zc,TA303,2012-06-11 09:24:15.820,7190.0000,20,0,0.0000,0.0000,0,0,空换,S,7188.0000,0.0000,0.0000,0.0000,0.0000,7264.0000,0.0000,0.0000,0.0000,0.0000,1,0,0,0,0,1,0,0,0,0
zc,TA303,2012-06-11 09:24:16.553,7190.0000,20,0,0.0000,0.0000,0,0,空换,S,7184.0000,0.0000,0.0000,0.0000,0.0000,7264.0000,0.0000,0.0000,0.0000,0.0000,1,0,0,0,0,1,0,0,0,0
zc,TA303,2012-06-11 09:24:20.820,7190.0000,20,0,0.0000,0.0000,0,0,空换,S,7186.0000,0.0000,0.0000,0.0000,0.0000,7264.0000,0.0000,0.0000,0.0000,0.0000,1,0,0,0,0,1,0,0,0,0
zc,TA303,2012-06-11 09:24:25.287,7190.0000,20,0,0.0000,0.0000,0,0,空换,S,7184.0000,0.0000,0.0000,0.0000,0.0000,7264.0000,0.0000,0.0000,0.0000,0.0000,1,0,0,0,0,1,0,0,0,0
zc,TA303,2012-06-11 09:24:27.587,7190.0000,20,0,0.0000,0.0000,0,0,空换,S,7186.0000,0.0000,0.0000,0.0000,0.0000,7264.0000,0.0000,0.0000,0.0000,0.0000,1,0,0,0,0,1,0,0,0,0
zc,TA303,2012-06-11 09:24:28.303,7190.0000,20,0,0.0000,0.0000,0,0,空换,S,7184.0000,0.0000,0.0000,0.0000,0.0000,7264.0000,0.0000,0.0000,0.0000,0.0000,1,0,0,0,0,1,0,0,0,0
zc,TA303,2012-06-11 09:24:29.287,7190.0000,20,0,0.0000,0.0000,0,0,空换,S,7182.0000,0.0000,0.0000,0.0000,0.0000,7264.0000,0.0000,0.0000,0.0000,0.0000,1,0,0,0,0,1,0,0,0,0
zc,TA303,2012-06-11 09:24:35.303,7190.0000,20,0,0.0000,0.0000,0,0,空换,S,7180.0000,0.0000,0.0000,0.0000,0.0000,7264.0000,0.0000,0.0000,0.0000,0.0000,2,0,0,0,0,1,0,0,0,0
zc,TA303,2012-06-11 09:24:37.570,7190.0000,20,0,0.0000,0.0000,0,0,空换,S,7182.0000,0.0000,0.0000,0.0000,0.0000,7264.0000,0.0000,0.0000,0.0000,0.0000,1,0,0,0,0,1,0,0,0,0
zc,TA303,2012-06-11 09:24:51.037,7190.0000,20,0,0.0000,0.0000,0,0,空换,S,7180.0000,0.0000,0.0000,0.0000,0.0000,7264.0000,0.0000,0.0000,0.0000,0.0000,2,0,0,0,0,1,0,0,0,0
zc,TA303,2012-06-11 09:25:04.773,7190.0000,20,0,0.0000,0.0000,0,0,空换,S,7182.0000,0.0000,0.0000,0.0000,0.0000,7264.0000,0.0000,0.0000,0.0000,0.0000,1,0,0,0,0,1,0,0,0,0
zc,TA303,2012-06-11 09:25:05.523,7190.0000,20,0,0.0000,0.0000,0,0,空换,S,7180.0000,0.0000,0.0000,0.0000,0.0000,7264.0000,0.0000,0.0000,0.0000,0.0000,2,0,0,0,0,1,0,0,0,0
zc,TA303,2012-06-11 09:25:09.537,7190.0000,20,0,0.0000,0.0000,0,0,空换,S,7182.0000,0.0000,0.0000,0.0000,0.0000,7264.0000,0.0000,0.0000,0.0000,0.0000,1,0,0,0,0,1,0,0,0,0
zc,TA303,2012-06-11 09:25:26.537,7190.0000,20,0,0.0000,0.0000,0,0,空换,S,7186.0000,0.0000,0.0000,0.0000,0.0000,7264.0000,0.0000,0.0000,0.0000,0.0000,1,0,0,0,0,1,0,0,0,0
zc,TA303,2012-06-11 09:25:34.570,7190.0000,20,0,0.0000,0.0000,0,0,空换,S,7184.0000,0.0000,0.0000,0.0000,0.0000,7264.0000,0.0000,0.0000,0.0000,0.0000,1,0,0,0,0,1,0,0,0,0
zc,TA303,2012-06-11 09:25:44.537,7190.0000,20,0,0.0000,0.0000,0,0,空换,S,7182.0000,0.0000,0.0000,0.0000,0.0000,7264.0000,0.0000,0.0000,0.0000,0.0000,1,0,0,0,0,1,0,0,0,0
zc,TA303,2012-06-11 09:25:58.087,7190.0000,20,0,0.0000,0.0000,0,0,空换,S,7184.0000,0.0000,0.0000,0.0000,0.0000,7264.0000,0.0000,0.0000,0.0000,0.0000,1,0,0,0,0,1,0,0,0,0
zc,TA303,2012-06-11 09:25:59.553,7190.0000,20,0,0.0000,0.0000,0,0,空换,S,7182.0000,0.0000,0.0000,0.0000,0.0000,7264.0000,0.0000,0.0000,0.0000,0.0000,1,0,0,0,0,1,0,0,0,0
zc,TA303,2012-06-11 09:26:02.523,7190.0000,20,0,0.0000,0.0000,0,0,空换,S,7184.0000,0.0000,0.0000,0.0000,0.0000,7264.0000,0.0000,0.0000,0.0000,0.0000,1,0,0,0,0,1,0,0,0,0
zc,TA303,2012-06-11 09:26:06.257,7190.0000,20,0,0.0000,0.0000,0,0,空换,S,7182.0000,0.0000,0.0000,0.0000,0.0000,7264.0000,0.0000,0.0000,0.0000,0.0000,1,0,0,0,0,1,0,0,0,0
zc,TA303,2012-06-11 09:26:07.553,7190.0000,20,0,0.0000,0.0000,0,0,空换,S,7184.0000,0.0000,0.0000,0.0000,0.0000,7264.0000,0.0000,0.0000,0.0000,0.0000,1,0,0,0,0,1,0,0,0,0
zc,TA303,2012-06-11 09:26:11.037,7190.0000,20,0,0.0000,0.0000,0,0,空换,S,7186.0000,0.0000,0.0000,0.0000,0.0000,7264.0000,0.0000,0.0000,0.0000,0.0000,1,0,0,0,0,1,0,0,0,0
zc,TA303,2012-06-11 09:26:14.257,7190.0000,20,0,0.0000,0.0000,0,0,空换,S,7184.0000,0.0000,0.0000,0.0000,0.0000,7264.0000,0.0000,0.0000,0.0000,0.0000,1,0,0,0,0,1,0,0,0,0
zc,TA303,2012-06-11 09:26:20.037,7190.0000,20,0,0.0000,0.0000,0,0,空换,S,7186.0000,0.0000,0.0000,0.0000,0.0000,7264.0000,0.0000,0.0000,0.0000,0.0000,1,0,0,0,0,1,0,0,0,0
zc,TA303,2012-06-11 09:26:27.053,7190.0000,20,0,0.0000,0.0000,0,0,空换,S,7184.0000,0.0000,0.0000,0.0000,0.0000,7264.0000,0.0000,0.0000,0.0000,0.0000,1,0,0,0,0,1,0,0,0,0
zc,TA303,2012-06-11 09:26:43.053,7190.0000,20,0,0.0000,0.0000,0,0,空换,S,7186.0000,0.0000,0.0000,0.0000,0.0000,7264.0000,0.0000,0.0000,0.0000,0.0000,1,0,0,0,0,1,0,0,0,0
zc,TA303,2012-06-11 09:26:45.287,7190.0000,20,0,0.0000,0.0000,0,0,空换,S,7184.0000,0.0000,0.0000,0.0000,0.0000,7264.0000,0.0000,0.0000,0.0000,0.0000,1,0,0,0,0,1,0,0,0,0
zc,TA303,2012-06-11 09:26:47.023,7190.0000,20,0,0.0000,0.0000,0,0,空换,S,7184.0000,0.0000,0.0000,0.0000,0.0000,7262.0000,0.0000,0.0000,0.0000,0.0000,1,0,0,0,0,2,0,0,0,0
zc,TA303,2012-06-11 09:26:49.053,7190.0000,20,0,0.0000,0.0000,0,0,空换,S,7184.0000,0.0000,0.0000,0.0000,0.0000,7254.0000,0.0000,0.0000,0.0000,0.0000,1,0,0,0,0,1,0,0,0,0
zc,TA303,2012-06-11 09:26:55.320,7190.0000,20,0,0.0000,0.0000,0,0,空换,S,7182.0000,0.0000,0.0000,0.0000,0.0000,7254.0000,0.0000,0.0000,0.0000,0.0000,1,0,0,0,0,1,0,0,0,0
zc,TA303,2012-06-11 09:27:01.570,7190.0000,20,0,0.0000,0.0000,0,0,空换,S,7184.0000,0.0000,0.0000,0.0000,0.0000,7254.0000,0.0000,0.0000,0.0000,0.0000,1,0,0,0,0,1,0,0,0,0
zc,TA303,2012-06-11 09:27:02.240,7190.0000,20,0,0.0000,0.0000,0,0,空换,S,7182.0000,0.0000,0.0000,0.0000,0.0000,7254.0000,0.0000,0.0000,0.0000,0.0000,1,0,0,0,0,1,0,0,0,0
zc,TA303,2012-06-11 09:27:02.337,7190.0000,20,0,0.0000,0.0000,0,0,空换,S,7182.0000,0.0000,0.0000,0.0000,0.0000,7254.0000,0.0000,0.0000,0.0000,0.0000,1,0,0,0,0,1,0,0,0,0
zc,TA303,2012-06-11 09:27:02.570,7190.0000,20,0,0.0000,0.0000,0,0,空换,S,7184.0000,0.0000,0.0000,0.0000,0.0000,7254.0000,0.0000,0.0000,0.0000,0.0000,1,0,0,0,0,1,0,0,0,0
zc,TA303,2012-06-11 09:27:03.320,7190.0000,20,0,0.0000,0.0000,0,0,空换,S,7182.0000,0.0000,0.0000,0.0000,0.0000,7254.0000,0.0000,0.0000,0.0000,0.0000,1,0,0,0,0,1,0,0,0,0
zc,TA303,2012-06-11 09:27:26.523,7190.0000,20,0,0.0000,0.0000,0,0,空换,S,7184.0000,0.0000,0.0000,0.0000,0.0000,7254.0000,0.0000,0.0000,0.0000,0.0000,1,0,0,0,0,1,0,0,0,0
zc,TA303,2012-06-11 09:27:33.773,7190.0000,20,0,0.0000,0.0000,0,0,空换,S,7186.0000,0.0000,0.0000,0.0000,0.0000,7254.0000,0.0000,0.0000,0.0000,0.0000,1,0,0,0,0,1,0,0,0,0
zc,TA303,2012-06-11 09:27:39.037,7190.0000,20,0,0.0000,0.0000,0,0,空换,S,7184.0000,0.0000,0.0000,0.0000,0.0000,7254.0000,0.0000,0.0000,0.0000,0.0000,1,0,0,0,0,1,0,0,0,0
zc,TA303,2012-06-11 09:27:56.070,7190.0000,20,0,0.0000,0.0000,0,0,空换,S,7182.0000,0.0000,0.0000,0.0000,0.0000,7254.0000,0.0000,0.0000,0.0000,0.0000,1,0,0,0,0,1,0,0,0,0
zc,TA303,2012-06-11 09:27:56.273,7190.0000,20,0,0.0000,0.0000,0,0,空换,S,7184.0000,0.0000,0.0000,0.0000,0.0000,7254.0000,0.0000,0.0000,0.0000,0.0000,1,0,0,0,0,1,0,0,0,0
zc,TA303,2012-06-11 09:28:02.227,7190.0000,20,0,0.0000,0.0000,0,0,空换,S,7184.0000,0.0000,0.0000,0.0000,0.0000,7254.0000,0.0000,0.0000,0.0000,0.0000,1,0,0,0,0,1,0,0,0,0
zc,TA303,2012-06-11 09:28:02.803,7190.0000,20,0,0.0000,0.0000,0,0,空换,S,7182.0000,0.0000,0.0000,0.0000,0.0000,7254.0000,0.0000,0.0000,0.0000,0.0000,1,0,0,0,0,1,0,0,0,0
zc,TA303,2012-06-11 09:28:03.787,7190.0000,20,0,0.0000,0.0000,0,0,空换,S,7184.0000,0.0000,0.0000,0.0000,0.0000,7254.0000,0.0000,0.0000,0.0000,0.0000,1,0,0,0,0,1,0,0,0,0
zc,TA303,2012-06-11 09:28:04.757,7190.0000,20,0,0.0000,0.0000,0,0,空换,S,7182.0000,0.0000,0.0000,0.0000,0.0000,7254.0000,0.0000,0.0000,0.0000,0.0000,1,0,0,0,0,1,0,0,0,0
zc,TA303,2012-06-11 09:28:06.037,7190.0000,20,0,0.0000,0.0000,0,0,空换,S,7184.0000,0.0000,0.0000,0.0000,0.0000,7254.0000,0.0000,0.0000,0.0000,0.0000,1,0,0,0,0,1,0,0,0,0
zc,TA303,2012-06-11 09:28:06.537,7190.0000,20,0,0.0000,0.0000,0,0,空换,S,7182.0000,0.0000,0.0000,0.0000,0.0000,7254.0000,0.0000,0.0000,0.0000,0.0000,1,0,0,0,0,1,0,0,0,0
zc,TA303,2012-06-11 09:28:07.087,7190.0000,20,0,0.0000,0.0000,0,0,空换,S,7184.0000,0.0000,0.0000,0.0000,0.0000,7254.0000,0.0000,0.0000,0.0000,0.0000,1,0,0,0,0,1,0,0,0,0
zc,TA303,2012-06-11 09:28:11.023,7190.0000,20,0,0.0000,0.0000,0,0,空换,S,7182.0000,0.0000,0.0000,0.0000,0.0000,7254.0000,0.0000,0.0000,0.0000,0.0000,1,0,0,0,0,1,0,0,0,0
zc,TA303,2012-06-11 09:28:11.507,7190.0000,20,0,0.0000,0.0000,0,0,空换,S,7184.0000,0.0000,0.0000,0.0000,0.0000,7254.0000,0.0000,0.0000,0.0000,0.0000,1,0,0,0,0,1,0,0,0,0
zc,TA303,2012-06-11 09:28:13.287,7190.0000,20,0,0.0000,0.0000,0,0,空换,S,7182.0000,0.0000,0.0000,0.0000,0.0000,7254.0000,0.0000,0.0000,0.0000,0.0000,1,0,0,0,0,1,0,0,0,0
zc,TA303,2012-06-11 09:28:49.287,7190.0000,20,0,0.0000,0.0000,0,0,空换,S,7180.0000,0.0000,0.0000,0.0000,0.0000,7254.0000,0.0000,0.0000,0.0000,0.0000,2,0,0,0,0,1,0,0,0,0
zc,TA303,2012-06-11 09:29:05.587,7190.0000,20,0,0.0000,0.0000,0,0,空换,S,7182.0000,0.0000,0.0000,0.0000,0.0000,7254.0000,0.0000,0.0000,0.0000,0.0000,1,0,0,0,0,1,0,0,0,0
zc,TA303,2012-06-11 09:29:11.037,7190.0000,20,0,0.0000,0.0000,0,0,空换,S,7180.0000,0.0000,0.0000,0.0000,0.0000,7254.0000,0.0000,0.0000,0.0000,0.0000,2,0,0,0,0,1,0,0,0,0
zc,TA303,2012-06-11 09:29:17.537,7190.0000,20,0,0.0000,0.0000,0,0,空换,S,7180.0000,0.0000,0.0000,0.0000,0.0000,7254.0000,0.0000,0.0000,0.0000,0.0000,1,0,0,0,0,1,0,0,0,0
zc,TA303,2012-06-11 09:29:39.523,7190.0000,20,0,0.0000,0.0000,0,0,空换,S,7180.0000,0.0000,0.0000,0.0000,0.0000,7252.0000,0.0000,0.0000,0.0000,0.0000,1,0,0,0,0,2,0,0,0,0
zc,TA303,2012-06-11 09:29:42.273,7190.0000,20,0,0.0000,0.0000,0,0,空换,S,7180.0000,0.0000,0.0000,0.0000,0.0000,7252.0000,0.0000,0.0000,0.0000,0.0000,2,0,0,0,0,2,0,0,0,0
zc,TA303,2012-06-11 09:29:43.023,7190.0000,20,0,0.0000,0.0000,0,0,空换,S,7180.0000,0.0000,0.0000,0.0000,0.0000,7252.0000,0.0000,0.0000,0.0000,0.0000,1,0,0,0,0,2,0,0,0,0
