市场代码,合约代码,时间,最新,持仓,增仓,成交额,成交量,开仓,平仓,成交类型,方向,买一价,买二价,买三价,买四价,买五价,卖一价,卖二价,卖三价,卖四价,卖五价,买一量,买二量,买三量,买四量,买五量,卖一量,卖二量,卖三量,卖四量,卖五量
zc,TA301,2012-06-11 07:47:01.133,0.0000,132262,0,0.0000,0.0000,0,0,空换,S,0.0000,0.0000,0.0000,0.0000,0.0000,0.0000,0.0000,0.0000,0.0000,0.0000,0,0,0,0,0,0,0,0,0,0
zc,TA301,2012-06-11 07:51:01.133,0.0000,132262,0,0.0000,0.0000,0,0,空换,S,0.0000,0.0000,0.0000,0.0000,0.0000,0.0000,0.0000,0.0000,0.0000,0.0000,0,0,0,0,0,0,0,0,0,0
zc,TA301,2012-06-11 07:52:01.133,0.0000,132262,0,0.0000,0.0000,0,0,空换,S,0.0000,0.0000,0.0000,0.0000,0.0000,0.0000,0.0000,0.0000,0.0000,0.0000,0,0,0,0,0,0,0,0,0,0
zc,TA301,2012-06-11 07:53:01.133,0.0000,132262,0,0.0000,0.0000,0,0,空换,S,0.0000,0.0000,0.0000,0.0000,0.0000,0.0000,0.0000,0.0000,0.0000,0.0000,0,0,0,0,0,0,0,0,0,0
zc,TA301,2012-06-11 07:54:01.133,0.0000,132262,0,0.0000,0.0000,0,0,空换,S,0.0000,0.0000,0.0000,0.0000,0.0000,0.0000,0.0000,0.0000,0.0000,0.0000,0,0,0,0,0,0,0,0,0,0
zc,TA301,2012-06-11 07:56:01.133,0.0000,132262,0,0.0000,0.0000,0,0,空换,S,0.0000,0.0000,0.0000,0.0000,0.0000,0.0000,0.0000,0.0000,0.0000,0.0000,0,0,0,0,0,0,0,0,0,0
zc,TA301,2012-06-11 08:05:01.133,0.0000,132262,0,0.0000,0.0000,0,0,空换,S,0.0000,0.0000,0.0000,0.0000,0.0000,0.0000,0.0000,0.0000,0.0000,0.0000,0,0,0,0,0,0,0,0,0,0
zc,TA301,2012-06-11 08:06:01.117,0.0000,132262,0,0.0000,0.0000,0,0,空换,S,0.0000,0.0000,0.0000,0.0000,0.0000,0.0000,0.0000,0.0000,0.0000,0.0000,0,0,0,0,0,0,0,0,0,0
zc,TA301,2012-06-11 08:09:01.117,0.0000,132262,0,0.0000,0.0000,0,0,空换,S,0.0000,0.0000,0.0000,0.0000,0.0000,0.0000,0.0000,0.0000,0.0000,0.0000,0,0,0,0,0,0,0,0,0,0
zc,TA301,2012-06-11 08:12:01.117,0.0000,132262,0,0.0000,0.0000,0,0,空换,S,0.0000,0.0000,0.0000,0.0000,0.0000,0.0000,0.0000,0.0000,0.0000,0.0000,0,0,0,0,0,0,0,0,0,0
zc,TA301,2012-06-11 08:14:01.117,0.0000,132262,0,0.0000,0.0000,0,0,空换,S,0.0000,0.0000,0.0000,0.0000,0.0000,0.0000,0.0000,0.0000,0.0000,0.0000,0,0,0,0,0,0,0,0,0,0
zc,TA301,2012-06-11 08:26:02.447,0.0000,132262,0,0.0000,0.0000,0,0,空换,S,0.0000,0.0000,0.0000,0.0000,0.0000,0.0000,0.0000,0.0000,0.0000,0.0000,0,0,0,0,0,0,0,0,0,0
zc,TA301,2012-06-11 08:27:02.447,0.0000,132262,0,0.0000,0.0000,0,0,空换,S,0.0000,0.0000,0.0000,0.0000,0.0000,0.0000,0.0000,0.0000,0.0000,0.0000,0,0,0,0,0,0,0,0,0,0
zc,TA301,2012-06-11 08:28:02.447,0.0000,132262,0,0.0000,0.0000,0,0,空换,S,0.0000,0.0000,0.0000,0.0000,0.0000,0.0000,0.0000,0.0000,0.0000,0.0000,0,0,0,0,0,0,0,0,0,0
zc,TA301,2012-06-11 08:29:02.447,0.0000,132262,0,0.0000,0.0000,0,0,空换,S,0.0000,0.0000,0.0000,0.0000,0.0000,0.0000,0.0000,0.0000,0.0000,0.0000,0,0,0,0,0,0,0,0,0,0
zc,TA301,2012-06-11 08:30:02.447,0.0000,132262,0,0.0000,0.0000,0,0,空换,S,0.0000,0.0000,0.0000,0.0000,0.0000,0.0000,0.0000,0.0000,0.0000,0.0000,0,0,0,0,0,0,0,0,0,0
zc,TA301,2012-06-11 08:32:02.447,0.0000,132262,0,0.0000,0.0000,0,0,空换,S,0.0000,0.0000,0.0000,0.0000,0.0000,0.0000,0.0000,0.0000,0.0000,0.0000,0,0,0,0,0,0,0,0,0,0
zc,TA301,2012-06-11 08:34:02.447,0.0000,132262,0,0.0000,0.0000,0,0,空换,S,0.0000,0.0000,0.0000,0.0000,0.0000,0.0000,0.0000,0.0000,0.0000,0.0000,0,0,0,0,0,0,0,0,0,0
zc,TA301,2012-06-11 08:37:02.430,0.0000,132262,0,0.0000,0.0000,0,0,空换,S,0.0000,0.0000,0.0000,0.0000,0.0000,0.0000,0.0000,0.0000,0.0000,0.0000,0,0,0,0,0,0,0,0,0,0
zc,TA301,2012-06-11 08:39:02.430,0.0000,132262,0,0.0000,0.0000,0,0,空换,S,0.0000,0.0000,0.0000,0.0000,0.0000,0.0000,0.0000,0.0000,0.0000,0.0000,0,0,0,0,0,0,0,0,0,0
zc,TA301,2012-06-11 08:41:02.447,0.0000,132262,0,0.0000,0.0000,0,0,空换,S,0.0000,0.0000,0.0000,0.0000,0.0000,0.0000,0.0000,0.0000,0.0000,0.0000,0,0,0,0,0,0,0,0,0,0
zc,TA301,2012-06-11 08:44:02.447,0.0000,132262,0,0.0000,0.0000,0,0,空换,S,0.0000,0.0000,0.0000,0.0000,0.0000,0.0000,0.0000,0.0000,0.0000,0.0000,0,0,0,0,0,0,0,0,0,0
zc,TA301,2012-06-11 08:46:02.447,0.0000,132262,0,0.0000,0.0000,0,0,空换,S,0.0000,0.0000,0.0000,0.0000,0.0000,0.0000,0.0000,0.0000,0.0000,0.0000,0,0,0,0,0,0,0,0,0,0
zc,TA301,2012-06-11 08:49:02.447,0.0000,132262,0,0.0000,0.0000,0,0,空换,S,0.0000,0.0000,0.0000,0.0000,0.0000,0.0000,0.0000,0.0000,0.0000,0.0000,0,0,0,0,0,0,0,0,0,0
zc,TA301,2012-06-11 08:52:02.447,0.0000,132262,0,0.0000,0.0000,0,0,空换,S,0.0000,0.0000,0.0000,0.0000,0.0000,0.0000,0.0000,0.0000,0.0000,0.0000,0,0,0,0,0,0,0,0,0,0
zc,TA301,2012-06-11 08:53:02.460,0.0000,132262,0,0.0000,0.0000,0,0,空换,S,0.0000,0.0000,0.0000,0.0000,0.0000,0.0000,0.0000,0.0000,0.0000,0.0000,0,0,0,0,0,0,0,0,0,0
zc,TA301,2012-06-11 08:55:01.210,0.0000,132262,0,0.0000,0.0000,0,0,空换,S,0.0000,0.0000,0.0000,0.0000,0.0000,0.0000,0.0000,0.0000,0.0000,0.0000,0,0,0,0,0,0,0,0,0,0
zc,TA301,2012-06-11 08:55:01.990,0.0000,132262,0,0.0000,0.0000,0,0,空换,S,0.0000,0.0000,0.0000,0.0000,0.0000,0.0000,0.0000,0.0000,0.0000,0.0000,0,0,0,0,0,0,0,0,0,0
zc,TA301,2012-06-11 08:55:02.490,0.0000,132262,0,0.0000,0.0000,0,0,空换,S,0.0000,0.0000,0.0000,0.0000,0.0000,0.0000,0.0000,0.0000,0.0000,0.0000,0,0,0,0,0,0,0,0,0,0
zc,TA301,2012-06-11 08:55:02.947,0.0000,132262,0,0.0000,0.0000,0,0,空换,S,0.0000,0.0000,0.0000,0.0000,0.0000,0.0000,0.0000,0.0000,0.0000,0.0000,0,0,0,0,0,0,0,0,0,0
zc,TA301,2012-06-11 08:55:03.710,0.0000,132262,0,0.0000,0.0000,0,0,空换,S,0.0000,0.0000,0.0000,0.0000,0.0000,0.0000,0.0000,0.0000,0.0000,0.0000,0,0,0,0,0,0,0,0,0,0
zc,TA301,2012-06-11 08:55:04.197,0.0000,132262,0,0.0000,0.0000,0,0,空换,S,0.0000,0.0000,0.0000,0.0000,0.0000,0.0000,0.0000,0.0000,0.0000,0.0000,0,0,0,0,0,0,0,0,0,0
zc,TA301,2012-06-11 08:55:05.180,0.0000,132262,0,0.0000,0.0000,0,0,空换,S,0.0000,0.0000,0.0000,0.0000,0.0000,0.0000,0.0000,0.0000,0.0000,0.0000,0,0,0,0,0,0,0,0,0,0
zc,TA301,2012-06-11 08:55:08.697,0.0000,132262,0,0.0000,0.0000,0,0,空换,S,0.0000,0.0000,0.0000,0.0000,0.0000,0.0000,0.0000,0.0000,0.0000,0.0000,0,0,0,0,0,0,0,0,0,0
zc,TA301,2012-06-11 08:55:09.180,0.0000,132262,0,0.0000,0.0000,0,0,空换,S,0.0000,0.0000,0.0000,0.0000,0.0000,0.0000,0.0000,0.0000,0.0000,0.0000,0,0,0,0,0,0,0,0,0,0
zc,TA301,2012-06-11 08:55:38.930,0.0000,132262,0,0.0000,0.0000,0,0,空换,S,0.0000,0.0000,0.0000,0.0000,0.0000,0.0000,0.0000,0.0000,0.0000,0.0000,0,0,0,0,0,0,0,0,0,0
zc,TA301,2012-06-11 08:56:02.447,0.0000,132262,0,0.0000,0.0000,0,0,空换,S,0.0000,0.0000,0.0000,0.0000,0.0000,0.0000,0.0000,0.0000,0.0000,0.0000,0,0,0,0,0,0,0,0,0,0
zc,TA301,2012-06-11 08:56:03.197,0.0000,132262,0,0.0000,0.0000,0,0,空换,S,0.0000,0.0000,0.0000,0.0000,0.0000,0.0000,0.0000,0.0000,0.0000,0.0000,0,0,0,0,0,0,0,0,0,0
zc,TA301,2012-06-11 08:56:05.930,0.0000,132262,0,0.0000,0.0000,0,0,空换,S,0.0000,0.0000,0.0000,0.0000,0.0000,0.0000,0.0000,0.0000,0.0000,0.0000,0,0,0,0,0,0,0,0,0,0
zc,TA301,2012-06-11 08:56:12.180,0.0000,132262,0,0.0000,0.0000,0,0,空换,S,0.0000,0.0000,0.0000,0.0000,0.0000,0.0000,0.0000,0.0000,0.0000,0.0000,0,0,0,0,0,0,0,0,0,0
zc,TA301,2012-06-11 08:56:18.430,0.0000,132262,0,0.0000,0.0000,0,0,空换,S,0.0000,0.0000,0.0000,0.0000,0.0000,0.0000,0.0000,0.0000,0.0000,0.0000,0,0,0,0,0,0,0,0,0,0
zc,TA301,2012-06-11 08:56:22.680,0.0000,132262,0,0.0000,0.0000,0,0,空换,S,0.0000,0.0000,0.0000,0.0000,0.0000,0.0000,0.0000,0.0000,0.0000,0.0000,0,0,0,0,0,0,0,0,0,0
zc,TA301,2012-06-11 08:56:31.947,0.0000,132262,0,0.0000,0.0000,0,0,空换,S,0.0000,0.0000,0.0000,0.0000,0.0000,0.0000,0.0000,0.0000,0.0000,0.0000,0,0,0,0,0,0,0,0,0,0
zc,TA301,2012-06-11 08:56:43.447,0.0000,132262,0,0.0000,0.0000,0,0,空换,S,0.0000,0.0000,0.0000,0.0000,0.0000,0.0000,0.0000,0.0000,0.0000,0.0000,0,0,0,0,0,0,0,0,0,0
zc,TA301,2012-06-11 08:56:54.197,0.0000,132262,0,0.0000,0.0000,0,0,空换,S,0.0000,0.0000,0.0000,0.0000,0.0000,0.0000,0.0000,0.0000,0.0000,0.0000,0,0,0,0,0,0,0,0,0,0
zc,TA301,2012-06-11 08:56:57.947,0.0000,132262,0,0.0000,0.0000,0,0,空换,S,0.0000,0.0000,0.0000,0.0000,0.0000,0.0000,0.0000,0.0000,0.0000,0.0000,0,0,0,0,0,0,0,0,0,0
zc,TA301,2012-06-11 08:57:02.447,0.0000,132262,0,0.0000,0.0000,0,0,空换,S,0.0000,0.0000,0.0000,0.0000,0.0000,0.0000,0.0000,0.0000,0.0000,0.0000,0,0,0,0,0,0,0,0,0,0
zc,TA301,2012-06-11 08:57:10.977,0.0000,132262,0,0.0000,0.0000,0,0,空换,S,0.0000,0.0000,0.0000,0.0000,0.0000,0.0000,0.0000,0.0000,0.0000,0.0000,0,0,0,0,0,0,0,0,0,0
zc,TA301,2012-06-11 08:57:30.947,0.0000,132262,0,0.0000,0.0000,0,0,空换,S,0.0000,0.0000,0.0000,0.0000,0.0000,0.0000,0.0000,0.0000,0.0000,0.0000,0,0,0,0,0,0,0,0,0,0
zc,TA301,2012-06-11 08:57:47.197,0.0000,132262,0,0.0000,0.0000,0,0,空换,S,0.0000,0.0000,0.0000,0.0000,0.0000,0.0000,0.0000,0.0000,0.0000,0.0000,0,0,0,0,0,0,0,0,0,0
zc,TA301,2012-06-11 08:57:51.947,0.0000,132262,0,0.0000,0.0000,0,0,空换,S,0.0000,0.0000,0.0000,0.0000,0.0000,0.0000,0.0000,0.0000,0.0000,0.0000,0,0,0,0,0,0,0,0,0,0
zc,TA301,2012-06-11 08:58:02.447,0.0000,132262,0,0.0000,0.0000,0,0,空换,S,0.0000,0.0000,0.0000,0.0000,0.0000,0.0000,0.0000,0.0000,0.0000,0.0000,0,0,0,0,0,0,0,0,0,0
zc,TA301,2012-06-11 08:59:01.180,7140.0000,131926,-336,0.0000,1168.0000,416,752,空平,B,7140.0000,0.0000,0.0000,0.0000,0.0000,7144.0000,0.0000,0.0000,0.0000,0.0000,95,0,0,0,0,51,0,0,0,0
zc,TA301,2012-06-11 09:00:01.087,7140.0000,131926,0,0.0000,0.0000,0,0,多换,B,7140.0000,0.0000,0.0000,0.0000,0.0000,7144.0000,0.0000,0.0000,0.0000,0.0000,95,0,0,0,0,53,0,0,0,0
zc,TA301,2012-06-11 09:00:02.180,7142.0000,131962,36,0.0000,666.0000,351,315,多开,B,7138.0000,0.0000,0.0000,0.0000,0.0000,7140.0000,0.0000,0.0000,0.0000,0.0000,1,0,0,0,0,3,0,0,0,0
zc,TA301,2012-06-11 09:00:04.180,7140.0000,131956,-6,0.0000,370.0000,182,188,多平,S,7140.0000,0.0000,0.0000,0.0000,0.0000,7146.0000,0.0000,0.0000,0.0000,0.0000,5,0,0,0,0,251,0,0,0,0
zc,TA301,2012-06-11 09:00:05.397,7134.0000,131950,-6,0.0000,78.0000,36,42,多平,S,7134.0000,0.0000,0.0000,0.0000,0.0000,7138.0000,0.0000,0.0000,0.0000,0.0000,1,0,0,0,0,14,0,0,0,0
zc,TA301,2012-06-11 09:00:05.867,7140.0000,131942,-8,0.0000,28.0000,10,18,空平,B,7134.0000,0.0000,0.0000,0.0000,0.0000,7140.0000,0.0000,0.0000,0.0000,0.0000,1,0,0,0,0,8,0,0,0,0
zc,TA301,2012-06-11 09:00:06.600,7136.0000,131958,16,0.0000,22.0000,19,3,空开,S,7138.0000,0.0000,0.0000,0.0000,0.0000,7140.0000,0.0000,0.0000,0.0000,0.0000,1,0,0,0,0,17,0,0,0,0
zc,TA301,2012-06-11 09:00:07.087,7134.0000,131964,6,0.0000,52.0000,29,23,空开,S,7134.0000,0.0000,0.0000,0.0000,0.0000,7136.0000,0.0000,0.0000,0.0000,0.0000,10,0,0,0,0,3,0,0,0,0
zc,TA301,2012-06-11 09:00:08.117,7138.0000,131972,8,0.0000,52.0000,30,22,多开,B,7130.0000,0.0000,0.0000,0.0000,0.0000,7132.0000,0.0000,0.0000,0.0000,0.0000,66,0,0,0,0,1,0,0,0,0
zc,TA301,2012-06-11 09:00:08.587,7138.0000,131994,22,0.0000,52.0000,37,15,多开,B,7132.0000,0.0000,0.0000,0.0000,0.0000,7138.0000,0.0000,0.0000,0.0000,0.0000,200,0,0,0,0,20,0,0,0,0
zc,TA301,2012-06-11 09:00:09.087,7136.0000,132002,8,0.0000,14.0000,11,3,空开,S,7136.0000,0.0000,0.0000,0.0000,0.0000,7138.0000,0.0000,0.0000,0.0000,0.0000,1,0,0,0,0,2,0,0,0,0
zc,TA301,2012-06-11 09:00:09.850,7140.0000,132024,22,0.0000,52.0000,37,15,多开,B,7136.0000,0.0000,0.0000,0.0000,0.0000,7138.0000,0.0000,0.0000,0.0000,0.0000,1,0,0,0,0,2,0,0,0,0
zc,TA301,2012-06-11 09:00:10.587,7134.0000,132030,6,0.0000,20.0000,13,7,空开,S,7132.0000,0.0000,0.0000,0.0000,0.0000,7134.0000,0.0000,0.0000,0.0000,0.0000,197,0,0,0,0,16,0,0,0,0
zc,TA301,2012-06-11 09:00:11.100,7134.0000,132040,10,0.0000,22.0000,16,6,空开,S,7132.0000,0.0000,0.0000,0.0000,0.0000,7134.0000,0.0000,0.0000,0.0000,0.0000,199,0,0,0,0,5,0,0,0,0
zc,TA301,2012-06-11 09:00:12.117,7132.0000,132272,232,0.0000,260.0000,246,14,空开,S,7132.0000,0.0000,0.0000,0.0000,0.0000,7136.0000,0.0000,0.0000,0.0000,0.0000,192,0,0,0,0,149,0,0,0,0
zc,TA301,2012-06-11 09:00:12.600,7134.0000,132260,-12,0.0000,26.0000,7,19,空平,B,7132.0000,0.0000,0.0000,0.0000,0.0000,7134.0000,0.0000,0.0000,0.0000,0.0000,184,0,0,0,0,89,0,0,0,0
zc,TA301,2012-06-11 09:00:13.350,7132.0000,132260,0,0.0000,32.0000,16,16,空换,S,7132.0000,0.0000,0.0000,0.0000,0.0000,7134.0000,0.0000,0.0000,0.0000,0.0000,173,0,0,0,0,88,0,0,0,0
zc,TA301,2012-06-11 09:00:13.850,7132.0000,132272,12,0.0000,284.0000,148,136,空开,S,7132.0000,0.0000,0.0000,0.0000,0.0000,7134.0000,0.0000,0.0000,0.0000,0.0000,41,0,0,0,0,1,0,0,0,0
zc,TA301,2012-06-11 09:00:14.553,7132.0000,132268,-4,0.0000,36.0000,16,20,多平,S,7132.0000,0.0000,0.0000,0.0000,0.0000,7134.0000,0.0000,0.0000,0.0000,0.0000,25,0,0,0,0,68,0,0,0,0
zc,TA301,2012-06-11 09:00:15.053,7134.0000,132292,24,0.0000,66.0000,45,21,多开,B,7132.0000,0.0000,0.0000,0.0000,0.0000,7134.0000,0.0000,0.0000,0.0000,0.0000,10,0,0,0,0,109,0,0,0,0
zc,TA301,2012-06-11 09:00:15.587,7132.0000,132294,2,0.0000,12.0000,7,5,空开,S,7132.0000,0.0000,0.0000,0.0000,0.0000,7134.0000,0.0000,0.0000,0.0000,0.0000,4,0,0,0,0,2,0,0,0,0
zc,TA301,2012-06-11 09:00:16.367,7134.0000,132302,8,0.0000,20.0000,14,6,多开,B,7130.0000,0.0000,0.0000,0.0000,0.0000,7136.0000,0.0000,0.0000,0.0000,0.0000,72,0,0,0,0,94,0,0,0,0
zc,TA301,2012-06-11 09:00:17.133,7134.0000,132304,2,0.0000,4.0000,3,1,多开,B,7130.0000,0.0000,0.0000,0.0000,0.0000,7134.0000,0.0000,0.0000,0.0000,0.0000,69,0,0,0,0,6,0,0,0,0
zc,TA301,2012-06-11 09:00:17.837,7132.0000,132306,2,0.0000,4.0000,3,1,空开,S,7130.0000,0.0000,0.0000,0.0000,0.0000,7132.0000,0.0000,0.0000,0.0000,0.0000,73,0,0,0,0,11,0,0,0,0
zc,TA301,2012-06-11 09:00:18.587,7132.0000,132310,4,0.0000,46.0000,25,21,空开,S,7130.0000,0.0000,0.0000,0.0000,0.0000,7132.0000,0.0000,0.0000,0.0000,0.0000,70,0,0,0,0,58,0,0,0,0
zc,TA301,2012-06-11 09:00:19.070,7134.0000,132200,-110,0.0000,128.0000,9,119,空平,B,7134.0000,0.0000,0.0000,0.0000,0.0000,7136.0000,0.0000,0.0000,0.0000,0.0000,8,0,0,0,0,90,0,0,0,0
zc,TA301,2012-06-11 09:00:19.837,7132.0000,132144,-56,0.0000,72.0000,8,64,多平,S,7134.0000,0.0000,0.0000,0.0000,0.0000,7136.0000,0.0000,0.0000,0.0000,0.0000,1,0,0,0,0,90,0,0,0,0
zc,TA301,2012-06-11 09:00:20.553,7136.0000,132040,-104,0.0000,112.0000,4,108,空平,B,7134.0000,0.0000,0.0000,0.0000,0.0000,7136.0000,0.0000,0.0000,0.0000,0.0000,6,0,0,0,0,88,0,0,0,0
zc,TA301,2012-06-11 09:00:21.367,7132.0000,132014,-26,0.0000,50.0000,12,38,多平,S,7132.0000,0.0000,0.0000,0.0000,0.0000,7134.0000,0.0000,0.0000,0.0000,0.0000,1,0,0,0,0,2,0,0,0,0
zc,TA301,2012-06-11 09:00:21.803,7136.0000,132014,0,0.0000,6.0000,3,3,多换,B,7132.0000,0.0000,0.0000,0.0000,0.0000,7136.0000,0.0000,0.0000,0.0000,0.0000,2,0,0,0,0,73,0,0,0,0
zc,TA301,2012-06-11 09:00:22.537,7136.0000,131984,-30,0.0000,96.0000,33,63,空平,B,7132.0000,0.0000,0.0000,0.0000,0.0000,7136.0000,0.0000,0.0000,0.0000,0.0000,4,0,0,0,0,22,0,0,0,0
zc,TA301,2012-06-11 09:00:23.070,7132.0000,131982,-2,0.0000,6.0000,2,4,多平,S,7132.0000,0.0000,0.0000,0.0000,0.0000,7134.0000,0.0000,0.0000,0.0000,0.0000,3,0,0,0,0,128,0,0,0,0
zc,TA301,2012-06-11 09:00:23.570,7134.0000,131936,-46,0.0000,52.0000,3,49,空平,B,7132.0000,0.0000,0.0000,0.0000,0.0000,7134.0000,0.0000,0.0000,0.0000,0.0000,8,0,0,0,0,104,0,0,0,0
zc,TA301,2012-06-11 09:00:24.320,7134.0000,131932,-4,0.0000,8.0000,2,6,空平,B,7132.0000,0.0000,0.0000,0.0000,0.0000,7134.0000,0.0000,0.0000,0.0000,0.0000,9,0,0,0,0,102,0,0,0,0
zc,TA301,2012-06-11 09:00:24.773,7132.0000,131906,-26,0.0000,34.0000,4,30,多平,S,7132.0000,0.0000,0.0000,0.0000,0.0000,7134.0000,0.0000,0.0000,0.0000,0.0000,7,0,0,0,0,101,0,0,0,0
zc,TA301,2012-06-11 09:00:25.287,7134.0000,131896,-10,0.0000,14.0000,2,12,空平,B,7132.0000,0.0000,0.0000,0.0000,0.0000,7134.0000,0.0000,0.0000,0.0000,0.0000,10,0,0,0,0,95,0,0,0,0
zc,TA301,2012-06-11 09:00:25.803,7130.0000,131798,-98,0.0000,286.0000,94,192,多平,S,7130.0000,0.0000,0.0000,0.0000,0.0000,7134.0000,0.0000,0.0000,0.0000,0.0000,60,0,0,0,0,3,0,0,0,0
zc,TA301,2012-06-11 09:00:26.850,7132.0000,131802,4,0.0000,8.0000,6,2,多开,B,7130.0000,0.0000,0.0000,0.0000,0.0000,7132.0000,0.0000,0.0000,0.0000,0.0000,61,0,0,0,0,12,0,0,0,0
zc,TA301,2012-06-11 09:00:27.320,7130.0000,131790,-12,0.0000,36.0000,12,24,多平,S,7130.0000,0.0000,0.0000,0.0000,0.0000,7132.0000,0.0000,0.0000,0.0000,0.0000,53,0,0,0,0,2,0,0,0,0
zc,TA301,2012-06-11 09:00:28.087,7132.0000,131826,36,0.0000,148.0000,92,56,多开,B,7130.0000,0.0000,0.0000,0.0000,0.0000,7134.0000,0.0000,0.0000,0.0000,0.0000,1,0,0,0,0,10,0,0,0,0
zc,TA301,2012-06-11 09:00:29.070,7134.0000,131804,-22,0.0000,22.0000,0,22,双平,B,7134.0000,0.0000,0.0000,0.0000,0.0000,7136.0000,0.0000,0.0000,0.0000,0.0000,12,0,0,0,0,50,0,0,0,0
zc,TA301,2012-06-11 09:00:29.570,7132.0000,131814,10,0.0000,34.0000,22,12,空开,S,7130.0000,0.0000,0.0000,0.0000,0.0000,7132.0000,0.0000,0.0000,0.0000,0.0000,2,0,0,0,0,43,0,0,0,0
zc,TA301,2012-06-11 09:00:30.037,7130.0000,131816,2,0.0000,96.0000,49,47,空开,S,7130.0000,0.0000,0.0000,0.0000,0.0000,7132.0000,0.0000,0.0000,0.0000,0.0000,11,0,0,0,0,5,0,0,0,0
zc,TA301,2012-06-11 09:00:30.837,7130.0000,131816,0,0.0000,8.0000,4,4,空换,S,7128.0000,0.0000,0.0000,0.0000,0.0000,7130.0000,0.0000,0.0000,0.0000,0.0000,110,0,0,0,0,109,0,0,0,0
zc,TA301,2012-06-11 09:00:31.600,7130.0000,131744,-72,0.0000,118.0000,23,95,多平,S,7128.0000,0.0000,0.0000,0.0000,0.0000,7130.0000,0.0000,0.0000,0.0000,0.0000,110,0,0,0,0,51,0,0,0,0
zc,TA301,2012-06-11 09:00:32.037,7128.0000,131750,6,0.0000,54.0000,30,24,空开,S,7128.0000,0.0000,0.0000,0.0000,0.0000,7130.0000,0.0000,0.0000,0.0000,0.0000,101,0,0,0,0,106,0,0,0,0
zc,TA301,2012-06-11 09:00:32.820,7130.0000,131750,0,0.0000,16.0000,8,8,多换,B,7128.0000,0.0000,0.0000,0.0000,0.0000,7130.0000,0.0000,0.0000,0.0000,0.0000,100,0,0,0,0,106,0,0,0,0
zc,TA301,2012-06-11 09:00:33.273,7130.0000,131748,-2,0.0000,10.0000,4,6,空平,B,7128.0000,0.0000,0.0000,0.0000,0.0000,7130.0000,0.0000,0.0000,0.0000,0.0000,99,0,0,0,0,103,0,0,0,0
zc,TA301,2012-06-11 09:00:34.037,7128.0000,131746,-2,0.0000,32.0000,15,17,多平,S,7128.0000,0.0000,0.0000,0.0000,0.0000,7130.0000,0.0000,0.0000,0.0000,0.0000,87,0,0,0,0,100,0,0,0,0
zc,TA301,2012-06-11 09:00:34.773,7130.0000,131638,-108,0.0000,126.0000,9,117,空平,B,7128.0000,0.0000,0.0000,0.0000,0.0000,7130.0000,0.0000,0.0000,0.0000,0.0000,95,0,0,0,0,40,0,0,0,0
zc,TA301,2012-06-11 09:00:35.303,7130.0000,131564,-74,0.0000,82.0000,4,78,空平,B,7130.0000,0.0000,0.0000,0.0000,0.0000,7132.0000,0.0000,0.0000,0.0000,0.0000,55,0,0,0,0,13,0,0,0,0
zc,TA301,2012-06-11 09:00:36.133,7132.0000,131572,8,0.0000,44.0000,26,18,多开,B,7130.0000,0.0000,0.0000,0.0000,0.0000,7134.0000,0.0000,0.0000,0.0000,0.0000,63,0,0,0,0,12,0,0,0,0
zc,TA301,2012-06-11 09:00:36.850,7132.0000,131558,-14,0.0000,14.0000,0,14,双平,B,7132.0000,0.0000,0.0000,0.0000,0.0000,7134.0000,0.0000,0.0000,0.0000,0.0000,5,0,0,0,0,12,0,0,0,0
zc,TA301,2012-06-11 09:00:37.320,7134.0000,131532,-26,0.0000,32.0000,3,29,空平,B,7134.0000,0.0000,0.0000,0.0000,0.0000,7136.0000,0.0000,0.0000,0.0000,0.0000,2,0,0,0,0,49,0,0,0,0
zc,TA301,2012-06-11 09:00:38.257,7136.0000,131480,-52,0.0000,106.0000,27,79,空平,B,7132.0000,0.0000,0.0000,0.0000,0.0000,7136.0000,0.0000,0.0000,0.0000,0.0000,7,0,0,0,0,26,0,0,0,0
zc,TA301,2012-06-11 09:00:38.773,7136.0000,131444,-36,0.0000,40.0000,2,38,空平,B,7132.0000,0.0000,0.0000,0.0000,0.0000,7136.0000,0.0000,0.0000,0.0000,0.0000,9,0,0,0,0,24,0,0,0,0
zc,TA301,2012-06-11 09:00:39.837,7136.0000,131414,-30,0.0000,38.0000,4,34,空平,B,7132.0000,0.0000,0.0000,0.0000,0.0000,7136.0000,0.0000,0.0000,0.0000,0.0000,11,0,0,0,0,7,0,0,0,0
zc,TA301,2012-06-11 09:00:40.553,7136.0000,131390,-24,0.0000,40.0000,8,32,空平,B,7136.0000,0.0000,0.0000,0.0000,0.0000,7138.0000,0.0000,0.0000,0.0000,0.0000,23,0,0,0,0,14,0,0,0,0
zc,TA301,2012-06-11 09:00:41.287,7138.0000,131376,-14,0.0000,28.0000,7,21,空平,B,7136.0000,0.0000,0.0000,0.0000,0.0000,7138.0000,0.0000,0.0000,0.0000,0.0000,21,0,0,0,0,4,0,0,0,0
zc,TA301,2012-06-11 09:00:41.850,7142.0000,131216,-160,0.0000,202.0000,21,181,空平,B,7138.0000,0.0000,0.0000,0.0000,0.0000,7142.0000,0.0000,0.0000,0.0000,0.0000,71,0,0,0,0,2,0,0,0,0
zc,TA301,2012-06-11 09:00:42.553,7138.0000,131212,-4,0.0000,14.0000,5,9,多平,S,7138.0000,0.0000,0.0000,0.0000,0.0000,7142.0000,0.0000,0.0000,0.0000,0.0000,73,0,0,0,0,4,0,0,0,0
zc,TA301,2012-06-11 09:00:43.337,7140.0000,131206,-6,0.0000,10.0000,2,8,空平,B,7140.0000,0.0000,0.0000,0.0000,0.0000,7142.0000,0.0000,0.0000,0.0000,0.0000,62,0,0,0,0,2,0,0,0,0
zc,TA301,2012-06-11 09:00:43.820,7142.0000,131202,-4,0.0000,12.0000,4,8,空平,B,7142.0000,0.0000,0.0000,0.0000,0.0000,7144.0000,0.0000,0.0000,0.0000,0.0000,2,0,0,0,0,20,0,0,0,0
zc,TA301,2012-06-11 09:00:44.273,7142.0000,131192,-10,0.0000,10.0000,0,10,双平,B,7142.0000,0.0000,0.0000,0.0000,0.0000,7144.0000,0.0000,0.0000,0.0000,0.0000,47,0,0,0,0,20,0,0,0,0
zc,TA301,2012-06-11 09:00:45.320,7142.0000,131110,-82,0.0000,208.0000,63,145,空平,B,7142.0000,0.0000,0.0000,0.0000,0.0000,7148.0000,0.0000,0.0000,0.0000,0.0000,51,0,0,0,0,6,0,0,0,0
zc,TA301,2012-06-11 09:00:45.803,7142.0000,131210,100,0.0000,138.0000,119,19,多开,B,7140.0000,0.0000,0.0000,0.0000,0.0000,7142.0000,0.0000,0.0000,0.0000,0.0000,63,0,0,0,0,2,0,0,0,0
zc,TA301,2012-06-11 09:00:46.553,7142.0000,131208,-2,0.0000,4.0000,1,3,空平,B,7142.0000,0.0000,0.0000,0.0000,0.0000,7144.0000,0.0000,0.0000,0.0000,0.0000,1,0,0,0,0,1,0,0,0,0
zc,TA301,2012-06-11 09:00:47.087,7142.0000,131206,-2,0.0000,38.0000,18,20,空平,B,7142.0000,0.0000,0.0000,0.0000,0.0000,7146.0000,0.0000,0.0000,0.0000,0.0000,7,0,0,0,0,22,0,0,0,0
zc,TA301,2012-06-11 09:00:47.820,7142.0000,131190,-16,0.0000,22.0000,3,19,空平,B,7142.0000,0.0000,0.0000,0.0000,0.0000,7146.0000,0.0000,0.0000,0.0000,0.0000,32,0,0,0,0,20,0,0,0,0
zc,TA301,2012-06-11 09:00:48.337,7148.0000,131174,-16,0.0000,32.0000,8,24,空平,B,7146.0000,0.0000,0.0000,0.0000,0.0000,7148.0000,0.0000,0.0000,0.0000,0.0000,1,0,0,0,0,4,0,0,0,0
zc,TA301,2012-06-11 09:00:49.087,7146.0000,131182,8,0.0000,20.0000,14,6,空开,S,7146.0000,0.0000,0.0000,0.0000,0.0000,7148.0000,0.0000,0.0000,0.0000,0.0000,4,0,0,0,0,28,0,0,0,0
zc,TA301,2012-06-11 09:00:49.587,7148.0000,131176,-6,0.0000,8.0000,1,7,空平,B,7146.0000,0.0000,0.0000,0.0000,0.0000,7148.0000,0.0000,0.0000,0.0000,0.0000,1,0,0,0,0,27,0,0,0,0
zc,TA301,2012-06-11 09:00:50.320,7148.0000,131150,-26,0.0000,36.0000,5,31,空平,B,7144.0000,0.0000,0.0000,0.0000,0.0000,7148.0000,0.0000,0.0000,0.0000,0.0000,21,0,0,0,0,11,0,0,0,0
zc,TA301,2012-06-11 09:00:50.837,7148.0000,131126,-24,0.0000,24.0000,0,24,双平,B,7148.0000,0.0000,0.0000,0.0000,0.0000,7150.0000,0.0000,0.0000,0.0000,0.0000,3,0,0,0,0,15,0,0,0,0
zc,TA301,2012-06-11 09:00:51.523,7148.0000,131120,-6,0.0000,20.0000,7,13,空平,B,7144.0000,0.0000,0.0000,0.0000,0.0000,7146.0000,0.0000,0.0000,0.0000,0.0000,24,0,0,0,0,4,0,0,0,0
zc,TA301,2012-06-11 09:00:52.037,7144.0000,131118,-2,0.0000,34.0000,16,18,多平,S,7144.0000,0.0000,0.0000,0.0000,0.0000,7146.0000,0.0000,0.0000,0.0000,0.0000,17,0,0,0,0,9,0,0,0,0
zc,TA301,2012-06-11 09:00:52.837,7148.0000,131112,-6,0.0000,38.0000,16,22,空平,B,7148.0000,0.0000,0.0000,0.0000,0.0000,7150.0000,0.0000,0.0000,0.0000,0.0000,5,0,0,0,0,14,0,0,0,0
zc,TA301,2012-06-11 09:00:53.587,7148.0000,131110,-2,0.0000,44.0000,21,23,空平,B,7146.0000,0.0000,0.0000,0.0000,0.0000,7148.0000,0.0000,0.0000,0.0000,0.0000,71,0,0,0,0,6,0,0,0,0
zc,TA301,2012-06-11 09:00:54.320,7150.0000,131136,26,0.0000,94.0000,60,34,多开,B,7146.0000,0.0000,0.0000,0.0000,0.0000,7150.0000,0.0000,0.0000,0.0000,0.0000,71,0,0,0,0,11,0,0,0,0
zc,TA301,2012-06-11 09:00:54.850,7154.0000,131028,-108,0.0000,264.0000,78,186,空平,B,7148.0000,0.0000,0.0000,0.0000,0.0000,7154.0000,0.0000,0.0000,0.0000,0.0000,21,0,0,0,0,131,0,0,0,0
zc,TA301,2012-06-11 09:00:55.350,7150.0000,131018,-10,0.0000,22.0000,6,16,多平,S,7148.0000,0.0000,0.0000,0.0000,0.0000,7150.0000,0.0000,0.0000,0.0000,0.0000,12,0,0,0,0,12,0,0,0,0
zc,TA301,2012-06-11 09:00:55.850,7148.0000,130974,-44,0.0000,220.0000,88,132,多平,S,7148.0000,0.0000,0.0000,0.0000,0.0000,7154.0000,0.0000,0.0000,0.0000,0.0000,24,0,0,0,0,93,0,0,0,0
zc,TA301,2012-06-11 09:00:56.570,7150.0000,130976,2,0.0000,14.0000,8,6,多开,B,7148.0000,0.0000,0.0000,0.0000,0.0000,7150.0000,0.0000,0.0000,0.0000,0.0000,28,0,0,0,0,3,0,0,0,0
zc,TA301,2012-06-11 09:00:57.037,7150.0000,130966,-10,0.0000,82.0000,36,46,空平,B,7148.0000,0.0000,0.0000,0.0000,0.0000,7150.0000,0.0000,0.0000,0.0000,0.0000,16,0,0,0,0,7,0,0,0,0
zc,TA301,2012-06-11 09:00:58.367,7148.0000,130846,-120,0.0000,280.0000,80,200,多平,S,7144.0000,0.0000,0.0000,0.0000,0.0000,7148.0000,0.0000,0.0000,0.0000,0.0000,4,0,0,0,0,5,0,0,0,0
zc,TA301,2012-06-11 09:00:59.100,7150.0000,130848,2,0.0000,42.0000,22,20,多开,B,7150.0000,0.0000,0.0000,0.0000,0.0000,7152.0000,0.0000,0.0000,0.0000,0.0000,57,0,0,0,0,24,0,0,0,0
zc,TA301,2012-06-11 09:00:59.523,7150.0000,130846,-2,0.0000,60.0000,29,31,空平,B,7150.0000,0.0000,0.0000,0.0000,0.0000,7152.0000,0.0000,0.0000,0.0000,0.0000,27,0,0,0,0,15,0,0,0,0
zc,TA301,2012-06-11 09:01:00.257,7150.0000,130838,-8,0.0000,54.0000,23,31,空平,B,7146.0000,0.0000,0.0000,0.0000,0.0000,7152.0000,0.0000,0.0000,0.0000,0.0000,3,0,0,0,0,13,0,0,0,0
zc,TA301,2012-06-11 09:01:01.087,7150.0000,130832,-6,0.0000,126.0000,60,66,空平,B,7144.0000,0.0000,0.0000,0.0000,0.0000,7148.0000,0.0000,0.0000,0.0000,0.0000,1,0,0,0,0,1,0,0,0,0
zc,TA301,2012-06-11 09:01:01.570,7146.0000,130824,-8,0.0000,8.0000,0,8,双平,S,7144.0000,0.0000,0.0000,0.0000,0.0000,7148.0000,0.0000,0.0000,0.0000,0.0000,1,0,0,0,0,2,0,0,0,0
zc,TA301,2012-06-11 09:01:02.477,7152.0000,130844,20,0.0000,28.0000,24,4,多开,B,7144.0000,0.0000,0.0000,0.0000,0.0000,7150.0000,0.0000,0.0000,0.0000,0.0000,1,0,0,0,0,3,0,0,0,0
zc,TA301,2012-06-11 09:01:03.070,7148.0000,130824,-20,0.0000,24.0000,2,22,多平,S,7148.0000,0.0000,0.0000,0.0000,0.0000,7150.0000,0.0000,0.0000,0.0000,0.0000,5,0,0,0,0,4,0,0,0,0
zc,TA301,2012-06-11 09:01:03.553,7148.0000,130822,-2,0.0000,2.0000,0,2,双平,S,7148.0000,0.0000,0.0000,0.0000,0.0000,7150.0000,0.0000,0.0000,0.0000,0.0000,4,0,0,0,0,5,0,0,0,0
zc,TA301,2012-06-11 09:01:04.053,7148.0000,130840,18,0.0000,46.0000,32,14,空开,S,7148.0000,0.0000,0.0000,0.0000,0.0000,7150.0000,0.0000,0.0000,0.0000,0.0000,66,0,0,0,0,4,0,0,0,0
zc,TA301,2012-06-11 09:01:04.837,7148.0000,130854,14,0.0000,14.0000,14,0,双开,S,7148.0000,0.0000,0.0000,0.0000,0.0000,7150.0000,0.0000,0.0000,0.0000,0.0000,55,0,0,0,0,25,0,0,0,0
zc,TA301,2012-06-11 09:01:05.320,7148.0000,130902,48,0.0000,56.0000,52,4,空开,S,7148.0000,0.0000,0.0000,0.0000,0.0000,7150.0000,0.0000,0.0000,0.0000,0.0000,30,0,0,0,0,8,0,0,0,0
zc,TA301,2012-06-11 09:01:06.100,7148.0000,130914,12,0.0000,32.0000,22,10,空开,S,7148.0000,0.0000,0.0000,0.0000,0.0000,7150.0000,0.0000,0.0000,0.0000,0.0000,21,0,0,0,0,13,0,0,0,0
zc,TA301,2012-06-11 09:01:06.553,7148.0000,130926,12,0.0000,52.0000,32,20,空开,S,7148.0000,0.0000,0.0000,0.0000,0.0000,7150.0000,0.0000,0.0000,0.0000,0.0000,2,0,0,0,0,10,0,0,0,0
zc,TA301,2012-06-11 09:01:07.337,7144.0000,130928,2,0.0000,24.0000,13,11,空开,S,7144.0000,0.0000,0.0000,0.0000,0.0000,7148.0000,0.0000,0.0000,0.0000,0.0000,22,0,0,0,0,3,0,0,0,0
zc,TA301,2012-06-11 09:01:08.383,7150.0000,130936,8,0.0000,16.0000,12,4,多开,B,7144.0000,0.0000,0.0000,0.0000,0.0000,7148.0000,0.0000,0.0000,0.0000,0.0000,2,0,0,0,0,3,0,0,0,0
zc,TA301,2012-06-11 09:01:08.867,7150.0000,130962,26,0.0000,26.0000,26,0,双开,B,7144.0000,0.0000,0.0000,0.0000,0.0000,7146.0000,0.0000,0.0000,0.0000,0.0000,2,0,0,0,0,3,0,0,0,0
zc,TA301,2012-06-11 09:01:09.537,7148.0000,130966,4,0.0000,12.0000,8,4,空开,S,7144.0000,0.0000,0.0000,0.0000,0.0000,7148.0000,0.0000,0.0000,0.0000,0.0000,1,0,0,0,0,33,0,0,0,0
zc,TA301,2012-06-11 09:01:10.087,7148.0000,130968,2,0.0000,2.0000,2,0,双开,S,7144.0000,0.0000,0.0000,0.0000,0.0000,7146.0000,0.0000,0.0000,0.0000,0.0000,1,0,0,0,0,1,0,0,0,0
zc,TA301,2012-06-11 09:01:10.850,7144.0000,130968,0,0.0000,4.0000,2,2,空换,S,7142.0000,0.0000,0.0000,0.0000,0.0000,7144.0000,0.0000,0.0000,0.0000,0.0000,6,0,0,0,0,1,0,0,0,0
zc,TA301,2012-06-11 09:01:11.587,7146.0000,130974,6,0.0000,6.0000,6,0,双开,B,7144.0000,0.0000,0.0000,0.0000,0.0000,7148.0000,0.0000,0.0000,0.0000,0.0000,15,0,0,0,0,35,0,0,0,0
zc,TA301,2012-06-11 09:01:12.087,7144.0000,130976,2,0.0000,4.0000,3,1,空开,S,7144.0000,0.0000,0.0000,0.0000,0.0000,7148.0000,0.0000,0.0000,0.0000,0.0000,5,0,0,0,0,39,0,0,0,0
zc,TA301,2012-06-11 09:01:12.883,7142.0000,130996,20,0.0000,22.0000,21,1,空开,S,7140.0000,0.0000,0.0000,0.0000,0.0000,7142.0000,0.0000,0.0000,0.0000,0.0000,29,0,0,0,0,1,0,0,0,0
zc,TA301,2012-06-11 09:01:13.287,7144.0000,130996,0,0.0000,4.0000,2,2,多换,B,7140.0000,0.0000,0.0000,0.0000,0.0000,7144.0000,0.0000,0.0000,0.0000,0.0000,28,0,0,0,0,2,0,0,0,0
zc,TA301,2012-06-11 09:01:14.070,7146.0000,131000,4,0.0000,22.0000,13,9,多开,B,7142.0000,0.0000,0.0000,0.0000,0.0000,7148.0000,0.0000,0.0000,0.0000,0.0000,1,0,0,0,0,38,0,0,0,0
zc,TA301,2012-06-11 09:01:14.587,7140.0000,131020,20,0.0000,48.0000,34,14,空开,S,7140.0000,0.0000,0.0000,0.0000,0.0000,7148.0000,0.0000,0.0000,0.0000,0.0000,16,0,0,0,0,30,0,0,0,0
zc,TA301,2012-06-11 09:01:15.273,7144.0000,131012,-8,0.0000,8.0000,0,8,双平,B,7144.0000,0.0000,0.0000,0.0000,0.0000,7148.0000,0.0000,0.0000,0.0000,0.0000,57,0,0,0,0,30,0,0,0,0
zc,TA301,2012-06-11 09:01:15.820,7144.0000,131010,-2,0.0000,2.0000,0,2,双平,B,7146.0000,0.0000,0.0000,0.0000,0.0000,7148.0000,0.0000,0.0000,0.0000,0.0000,1,0,0,0,0,33,0,0,0,0
zc,TA301,2012-06-11 09:01:16.587,7144.0000,131004,-6,0.0000,14.0000,4,10,空平,B,7144.0000,0.0000,0.0000,0.0000,0.0000,7148.0000,0.0000,0.0000,0.0000,0.0000,51,0,0,0,0,33,0,0,0,0
zc,TA301,2012-06-11 09:01:17.087,7144.0000,131004,0,0.0000,4.0000,2,2,多换,B,7144.0000,0.0000,0.0000,0.0000,0.0000,7148.0000,0.0000,0.0000,0.0000,0.0000,80,0,0,0,0,37,0,0,0,0
zc,TA301,2012-06-11 09:01:17.820,7148.0000,131004,0,0.0000,2.0000,1,1,多换,B,7144.0000,0.0000,0.0000,0.0000,0.0000,7146.0000,0.0000,0.0000,0.0000,0.0000,80,0,0,0,0,10,0,0,0,0
zc,TA301,2012-06-11 09:01:18.570,7144.0000,130968,-36,0.0000,44.0000,4,40,多平,S,7144.0000,0.0000,0.0000,0.0000,0.0000,7146.0000,0.0000,0.0000,0.0000,0.0000,62,0,0,0,0,12,0,0,0,0
zc,TA301,2012-06-11 09:01:19.320,7144.0000,130966,-2,0.0000,10.0000,4,6,多平,S,7144.0000,0.0000,0.0000,0.0000,0.0000,7146.0000,0.0000,0.0000,0.0000,0.0000,66,0,0,0,0,8,0,0,0,0
zc,TA301,2012-06-11 09:01:19.803,7146.0000,130938,-28,0.0000,36.0000,4,32,空平,B,7144.0000,0.0000,0.0000,0.0000,0.0000,7146.0000,0.0000,0.0000,0.0000,0.0000,52,0,0,0,0,5,0,0,0,0
zc,TA301,2012-06-11 09:01:20.320,7148.0000,130992,54,0.0000,106.0000,80,26,多开,B,7144.0000,0.0000,0.0000,0.0000,0.0000,7148.0000,0.0000,0.0000,0.0000,0.0000,35,0,0,0,0,8,0,0,0,0
zc,TA301,2012-06-11 09:01:21.117,7146.0000,130994,2,0.0000,8.0000,5,3,空开,S,7146.0000,0.0000,0.0000,0.0000,0.0000,7148.0000,0.0000,0.0000,0.0000,0.0000,3,0,0,0,0,8,0,0,0,0
zc,TA301,2012-06-11 09:01:21.553,7148.0000,130990,-4,0.0000,8.0000,2,6,空平,B,7146.0000,0.0000,0.0000,0.0000,0.0000,7148.0000,0.0000,0.0000,0.0000,0.0000,53,0,0,0,0,7,0,0,0,0
zc,TA301,2012-06-11 09:01:22.070,7146.0000,130986,-4,0.0000,4.0000,0,4,双平,S,7146.0000,0.0000,0.0000,0.0000,0.0000,7148.0000,0.0000,0.0000,0.0000,0.0000,51,0,0,0,0,8,0,0,0,0
zc,TA301,2012-06-11 09:01:22.787,7146.0000,130984,-2,0.0000,2.0000,0,2,双平,S,7146.0000,0.0000,0.0000,0.0000,0.0000,7148.0000,0.0000,0.0000,0.0000,0.0000,51,0,0,0,0,9,0,0,0,0
zc,TA301,2012-06-11 09:01:23.320,7148.0000,130990,6,0.0000,38.0000,22,16,多开,B,7148.0000,0.0000,0.0000,0.0000,0.0000,7150.0000,0.0000,0.0000,0.0000,0.0000,5,0,0,0,0,28,0,0,0,0
zc,TA301,2012-06-11 09:01:23.803,7146.0000,130990,0,0.0000,12.0000,6,6,空换,S,7146.0000,0.0000,0.0000,0.0000,0.0000,7150.0000,0.0000,0.0000,0.0000,0.0000,41,0,0,0,0,29,0,0,0,0
zc,TA301,2012-06-11 09:01:24.537,7148.0000,131000,10,0.0000,10.0000,10,0,双开,B,7146.0000,0.0000,0.0000,0.0000,0.0000,7148.0000,0.0000,0.0000,0.0000,0.0000,41,0,0,0,0,6,0,0,0,0
zc,TA301,2012-06-11 09:01:24.850,7148.0000,130994,-6,0.0000,68.0000,31,37,空平,B,7148.0000,0.0000,0.0000,0.0000,0.0000,7150.0000,0.0000,0.0000,0.0000,0.0000,21,0,0,0,0,29,0,0,0,0
zc,TA301,2012-06-11 09:01:25.803,7146.0000,130998,4,0.0000,54.0000,29,25,空开,S,7146.0000,0.0000,0.0000,0.0000,0.0000,7150.0000,0.0000,0.0000,0.0000,0.0000,32,0,0,0,0,35,0,0,0,0
zc,TA301,2012-06-11 09:01:26.337,7150.0000,130936,-62,0.0000,182.0000,60,122,空平,B,7150.0000,0.0000,0.0000,0.0000,0.0000,7152.0000,0.0000,0.0000,0.0000,0.0000,11,0,0,0,0,62,0,0,0,0
zc,TA301,2012-06-11 09:01:27.070,7152.0000,130976,40,0.0000,62.0000,51,11,多开,B,7146.0000,0.0000,0.0000,0.0000,0.0000,7152.0000,0.0000,0.0000,0.0000,0.0000,45,0,0,0,0,52,0,0,0,0
zc,TA301,2012-06-11 09:01:27.570,7152.0000,130976,0,0.0000,24.0000,12,12,多换,B,7146.0000,0.0000,0.0000,0.0000,0.0000,7152.0000,0.0000,0.0000,0.0000,0.0000,20,0,0,0,0,50,0,0,0,0
zc,TA301,2012-06-11 09:01:28.537,7146.0000,130976,0,0.0000,48.0000,24,24,空换,S,7146.0000,0.0000,0.0000,0.0000,0.0000,7150.0000,0.0000,0.0000,0.0000,0.0000,11,0,0,0,0,6,0,0,0,0
zc,TA301,2012-06-11 09:01:29.087,7150.0000,130982,6,0.0000,14.0000,10,4,多开,B,7150.0000,0.0000,0.0000,0.0000,0.0000,7152.0000,0.0000,0.0000,0.0000,0.0000,1,0,0,0,0,49,0,0,0,0
zc,TA301,2012-06-11 09:01:29.587,7150.0000,130984,2,0.0000,2.0000,2,0,双开,B,7146.0000,0.0000,0.0000,0.0000,0.0000,7148.0000,0.0000,0.0000,0.0000,0.0000,11,0,0,0,0,2,0,0,0,0
zc,TA301,2012-06-11 09:01:30.337,7148.0000,130980,-4,0.0000,4.0000,0,4,双平,S,7148.0000,0.0000,0.0000,0.0000,0.0000,7152.0000,0.0000,0.0000,0.0000,0.0000,4,0,0,0,0,74,0,0,0,0
zc,TA301,2012-06-11 09:01:30.837,7148.0000,130998,18,0.0000,28.0000,23,5,空开,S,7146.0000,0.0000,0.0000,0.0000,0.0000,7148.0000,0.0000,0.0000,0.0000,0.0000,12,0,0,0,0,10,0,0,0,0
zc,TA301,2012-06-11 09:01:31.553,7148.0000,131004,6,0.0000,8.0000,7,1,空开,S,7146.0000,0.0000,0.0000,0.0000,0.0000,7148.0000,0.0000,0.0000,0.0000,0.0000,12,0,0,0,0,10,0,0,0,0
zc,TA301,2012-06-11 09:01:32.337,7148.0000,130996,-8,0.0000,10.0000,1,9,多平,S,7148.0000,0.0000,0.0000,0.0000,0.0000,7152.0000,0.0000,0.0000,0.0000,0.0000,72,0,0,0,0,60,0,0,0,0
zc,TA301,2012-06-11 09:01:32.820,7148.0000,130996,0,0.0000,4.0000,2,2,空换,S,7148.0000,0.0000,0.0000,0.0000,0.0000,7150.0000,0.0000,0.0000,0.0000,0.0000,81,0,0,0,0,20,0,0,0,0
zc,TA301,2012-06-11 09:01:33.537,7150.0000,130996,0,0.0000,2.0000,1,1,多换,B,7148.0000,0.0000,0.0000,0.0000,0.0000,7150.0000,0.0000,0.0000,0.0000,0.0000,83,0,0,0,0,52,0,0,0,0
zc,TA301,2012-06-11 09:01:34.070,7150.0000,131008,12,0.0000,16.0000,14,2,多开,B,7148.0000,0.0000,0.0000,0.0000,0.0000,7150.0000,0.0000,0.0000,0.0000,0.0000,84,0,0,0,0,25,0,0,0,0
zc,TA301,2012-06-11 09:01:34.803,7150.0000,131010,2,0.0000,30.0000,16,14,多开,B,7148.0000,0.0000,0.0000,0.0000,0.0000,7150.0000,0.0000,0.0000,0.0000,0.0000,84,0,0,0,0,10,0,0,0,0
zc,TA301,2012-06-11 09:01:35.320,7150.0000,131006,-4,0.0000,26.0000,11,15,空平,B,7148.0000,0.0000,0.0000,0.0000,0.0000,7152.0000,0.0000,0.0000,0.0000,0.0000,82,0,0,0,0,68,0,0,0,0
zc,TA301,2012-06-11 09:01:36.007,7148.0000,130952,-54,0.0000,66.0000,6,60,多平,S,7148.0000,0.0000,0.0000,0.0000,0.0000,7150.0000,0.0000,0.0000,0.0000,0.0000,68,0,0,0,0,2,0,0,0,0
zc,TA301,2012-06-11 09:01:36.570,7150.0000,130950,-2,0.0000,4.0000,1,3,空平,B,7148.0000,0.0000,0.0000,0.0000,0.0000,7150.0000,0.0000,0.0000,0.0000,0.0000,79,0,0,0,0,1,0,0,0,0
zc,TA301,2012-06-11 09:01:37.337,7150.0000,130944,-6,0.0000,18.0000,6,12,空平,B,7148.0000,0.0000,0.0000,0.0000,0.0000,7150.0000,0.0000,0.0000,0.0000,0.0000,69,0,0,0,0,1,0,0,0,0
zc,TA301,2012-06-11 09:01:38.287,7150.0000,130944,0,0.0000,14.0000,7,7,多换,B,7150.0000,0.0000,0.0000,0.0000,0.0000,7152.0000,0.0000,0.0000,0.0000,0.0000,9,0,0,0,0,80,0,0,0,0
zc,TA301,2012-06-11 09:01:39.037,7150.0000,130968,24,0.0000,40.0000,32,8,多开,B,7150.0000,0.0000,0.0000,0.0000,0.0000,7152.0000,0.0000,0.0000,0.0000,0.0000,11,0,0,0,0,107,0,0,0,0
zc,TA301,2012-06-11 09:01:39.803,7150.0000,130972,4,0.0000,108.0000,56,52,多开,B,7150.0000,0.0000,0.0000,0.0000,0.0000,7152.0000,0.0000,0.0000,0.0000,0.0000,13,0,0,0,0,48,0,0,0,0
zc,TA301,2012-06-11 09:01:40.350,7152.0000,130964,-8,0.0000,58.0000,25,33,空平,B,7148.0000,0.0000,0.0000,0.0000,0.0000,7152.0000,0.0000,0.0000,0.0000,0.0000,78,0,0,0,0,28,0,0,0,0
zc,TA301,2012-06-11 09:01:40.837,7148.0000,130900,-64,0.0000,76.0000,6,70,多平,S,7148.0000,0.0000,0.0000,0.0000,0.0000,7152.0000,0.0000,0.0000,0.0000,0.0000,61,0,0,0,0,27,0,0,0,0
zc,TA301,2012-06-11 09:01:41.523,7150.0000,130908,8,0.0000,16.0000,12,4,多开,B,7150.0000,0.0000,0.0000,0.0000,0.0000,7152.0000,0.0000,0.0000,0.0000,0.0000,70,0,0,0,0,19,0,0,0,0
zc,TA301,2012-06-11 09:01:42.037,7152.0000,130920,12,0.0000,16.0000,14,2,多开,B,7150.0000,0.0000,0.0000,0.0000,0.0000,7152.0000,0.0000,0.0000,0.0000,0.0000,71,0,0,0,0,11,0,0,0,0
zc,TA301,2012-06-11 09:01:42.837,7152.0000,130926,6,0.0000,6.0000,6,0,双开,B,7150.0000,0.0000,0.0000,0.0000,0.0000,7152.0000,0.0000,0.0000,0.0000,0.0000,70,0,0,0,0,16,0,0,0,0
zc,TA301,2012-06-11 09:01:43.007,7152.0000,130926,0,0.0000,0.0000,0,0,多换,B,7150.0000,0.0000,0.0000,0.0000,0.0000,7152.0000,0.0000,0.0000,0.0000,0.0000,86,0,0,0,0,16,0,0,0,0
zc,TA301,2012-06-11 09:01:43.850,7152.0000,130928,2,0.0000,2.0000,2,0,双开,B,7150.0000,0.0000,0.0000,0.0000,0.0000,7152.0000,0.0000,0.0000,0.0000,0.0000,88,0,0,0,0,15,0,0,0,0
zc,TA301,2012-06-11 09:01:44.337,7150.0000,130926,-2,0.0000,20.0000,9,11,多平,S,7150.0000,0.0000,0.0000,0.0000,0.0000,7152.0000,0.0000,0.0000,0.0000,0.0000,90,0,0,0,0,14,0,0,0,0
zc,TA301,2012-06-11 09:01:45.023,7152.0000,130926,0,0.0000,40.0000,20,20,多换,B,7152.0000,0.0000,0.0000,0.0000,0.0000,7154.0000,0.0000,0.0000,0.0000,0.0000,3,0,0,0,0,94,0,0,0,0
zc,TA301,2012-06-11 09:01:46.023,7152.0000,130926,0,0.0000,8.0000,4,4,多换,B,7150.0000,0.0000,0.0000,0.0000,0.0000,7152.0000,0.0000,0.0000,0.0000,0.0000,92,0,0,0,0,4,0,0,0,0
zc,TA301,2012-06-11 09:01:46.773,7150.0000,130986,60,0.0000,64.0000,62,2,空开,S,7150.0000,0.0000,0.0000,0.0000,0.0000,7152.0000,0.0000,0.0000,0.0000,0.0000,60,0,0,0,0,51,0,0,0,0
zc,TA301,2012-06-11 09:01:47.303,7150.0000,130980,-6,0.0000,78.0000,36,42,多平,S,7150.0000,0.0000,0.0000,0.0000,0.0000,7152.0000,0.0000,0.0000,0.0000,0.0000,57,0,0,0,0,55,0,0,0,0
zc,TA301,2012-06-11 09:01:48.287,7152.0000,130980,0,0.0000,4.0000,2,2,多换,B,7150.0000,0.0000,0.0000,0.0000,0.0000,7152.0000,0.0000,0.0000,0.0000,0.0000,56,0,0,0,0,54,0,0,0,0
zc,TA301,2012-06-11 09:01:49.023,7150.0000,130950,-30,0.0000,80.0000,25,55,多平,S,7150.0000,0.0000,0.0000,0.0000,0.0000,7152.0000,0.0000,0.0000,0.0000,0.0000,18,0,0,0,0,53,0,0,0,0
zc,TA301,2012-06-11 09:01:49.523,7152.0000,130940,-10,0.0000,14.0000,2,12,空平,B,7150.0000,0.0000,0.0000,0.0000,0.0000,7152.0000,0.0000,0.0000,0.0000,0.0000,17,0,0,0,0,33,0,0,0,0
zc,TA301,2012-06-11 09:01:50.350,7152.0000,130938,-2,0.0000,108.0000,53,55,空平,B,7152.0000,0.0000,0.0000,0.0000,0.0000,7154.0000,0.0000,0.0000,0.0000,0.0000,55,0,0,0,0,90,0,0,0,0
zc,TA301,2012-06-11 09:01:50.773,7154.0000,130936,-2,0.0000,2.0000,0,2,双平,B,7152.0000,0.0000,0.0000,0.0000,0.0000,7154.0000,0.0000,0.0000,0.0000,0.0000,56,0,0,0,0,89,0,0,0,0
zc,TA301,2012-06-11 09:01:51.553,7152.0000,130948,12,0.0000,20.0000,16,4,空开,S,7152.0000,0.0000,0.0000,0.0000,0.0000,7154.0000,0.0000,0.0000,0.0000,0.0000,63,0,0,0,0,89,0,0,0,0
zc,TA301,2012-06-11 09:01:51.990,7152.0000,130948,0,0.0000,52.0000,26,26,空换,S,7152.0000,0.0000,0.0000,0.0000,0.0000,7154.0000,0.0000,0.0000,0.0000,0.0000,41,0,0,0,0,89,0,0,0,0
zc,TA301,2012-06-11 09:01:52.820,7152.0000,130908,-40,0.0000,48.0000,4,44,多平,S,7152.0000,0.0000,0.0000,0.0000,0.0000,7154.0000,0.0000,0.0000,0.0000,0.0000,26,0,0,0,0,70,0,0,0,0
zc,TA301,2012-06-11 09:01:53.490,7152.0000,130770,-138,0.0000,162.0000,12,150,多平,S,7152.0000,0.0000,0.0000,0.0000,0.0000,7156.0000,0.0000,0.0000,0.0000,0.0000,14,0,0,0,0,6,0,0,0,0
zc,TA301,2012-06-11 09:01:54.053,7156.0000,130758,-12,0.0000,14.0000,1,13,空平,B,7156.0000,0.0000,0.0000,0.0000,0.0000,7158.0000,0.0000,0.0000,0.0000,0.0000,9,0,0,0,0,17,0,0,0,0
zc,TA301,2012-06-11 09:01:55.287,7158.0000,130748,-10,0.0000,10.0000,0,10,双平,B,7156.0000,0.0000,0.0000,0.0000,0.0000,7158.0000,0.0000,0.0000,0.0000,0.0000,6,0,0,0,0,15,0,0,0,0
zc,TA301,2012-06-11 09:01:56.070,7158.0000,130744,-4,0.0000,12.0000,4,8,空平,B,7156.0000,0.0000,0.0000,0.0000,0.0000,7158.0000,0.0000,0.0000,0.0000,0.0000,10,0,0,0,0,11,0,0,0,0
zc,TA301,2012-06-11 09:01:56.587,7158.0000,130738,-6,0.0000,6.0000,0,6,双平,B,7156.0000,0.0000,0.0000,0.0000,0.0000,7158.0000,0.0000,0.0000,0.0000,0.0000,10,0,0,0,0,9,0,0,0,0
zc,TA301,2012-06-11 09:01:57.303,7156.0000,130706,-32,0.0000,66.0000,17,49,多平,S,7154.0000,0.0000,0.0000,0.0000,0.0000,7156.0000,0.0000,0.0000,0.0000,0.0000,22,0,0,0,0,4,0,0,0,0
zc,TA301,2012-06-11 09:01:57.773,7158.0000,130686,-20,0.0000,32.0000,6,26,空平,B,7154.0000,0.0000,0.0000,0.0000,0.0000,7158.0000,0.0000,0.0000,0.0000,0.0000,10,0,0,0,0,9,0,0,0,0
zc,TA301,2012-06-11 09:01:58.600,7156.0000,130704,18,0.0000,58.0000,38,20,空开,S,7156.0000,0.0000,0.0000,0.0000,0.0000,7160.0000,0.0000,0.0000,0.0000,0.0000,2,0,0,0,0,12,0,0,0,0
zc,TA301,2012-06-11 09:01:59.070,7158.0000,130712,8,0.0000,16.0000,12,4,多开,B,7158.0000,0.0000,0.0000,0.0000,0.0000,7160.0000,0.0000,0.0000,0.0000,0.0000,20,0,0,0,0,10,0,0,0,0
zc,TA301,2012-06-11 09:01:59.773,7158.0000,130712,0,0.0000,0.0000,0,0,多换,B,7158.0000,0.0000,0.0000,0.0000,0.0000,7160.0000,0.0000,0.0000,0.0000,0.0000,24,0,0,0,0,10,0,0,0,0
zc,TA301,2012-06-11 09:02:00.287,7158.0000,130720,8,0.0000,24.0000,16,8,多开,B,7158.0000,0.0000,0.0000,0.0000,0.0000,7160.0000,0.0000,0.0000,0.0000,0.0000,22,0,0,0,0,26,0,0,0,0
zc,TA301,2012-06-11 09:02:01.053,7158.0000,130748,28,0.0000,44.0000,36,8,多开,B,7158.0000,0.0000,0.0000,0.0000,0.0000,7160.0000,0.0000,0.0000,0.0000,0.0000,12,0,0,0,0,13,0,0,0,0
zc,TA301,2012-06-11 09:02:01.553,7158.0000,130750,2,0.0000,6.0000,4,2,多开,B,7158.0000,0.0000,0.0000,0.0000,0.0000,7160.0000,0.0000,0.0000,0.0000,0.0000,10,0,0,0,0,10,0,0,0,0
zc,TA301,2012-06-11 09:02:02.460,7160.0000,130752,2,0.0000,6.0000,4,2,多开,B,7158.0000,0.0000,0.0000,0.0000,0.0000,7160.0000,0.0000,0.0000,0.0000,0.0000,9,0,0,0,0,8,0,0,0,0
zc,TA301,2012-06-11 09:02:02.757,7158.0000,130752,0,0.0000,10.0000,5,5,空换,S,7158.0000,0.0000,0.0000,0.0000,0.0000,7160.0000,0.0000,0.0000,0.0000,0.0000,5,0,0,0,0,8,0,0,0,0
zc,TA301,2012-06-11 09:02:03.570,7160.0000,130732,-20,0.0000,34.0000,7,27,空平,B,7160.0000,0.0000,0.0000,0.0000,0.0000,7162.0000,0.0000,0.0000,0.0000,0.0000,6,0,0,0,0,18,0,0,0,0
zc,TA301,2012-06-11 09:02:04.087,7158.0000,130768,36,0.0000,40.0000,38,2,空开,S,7158.0000,0.0000,0.0000,0.0000,0.0000,7160.0000,0.0000,0.0000,0.0000,0.0000,3,0,0,0,0,7,0,0,0,0
zc,TA301,2012-06-11 09:02:04.803,7158.0000,130786,18,0.0000,18.0000,18,0,双开,S,7156.0000,0.0000,0.0000,0.0000,0.0000,7158.0000,0.0000,0.0000,0.0000,0.0000,3,0,0,0,0,1,0,0,0,0
zc,TA301,2012-06-11 09:02:05.273,7158.0000,130788,2,0.0000,6.0000,4,2,空开,S,7158.0000,0.0000,0.0000,0.0000,0.0000,7160.0000,0.0000,0.0000,0.0000,0.0000,5,0,0,0,0,32,0,0,0,0
zc,TA301,2012-06-11 09:02:06.117,7158.0000,130788,0,0.0000,56.0000,28,28,空换,S,7156.0000,0.0000,0.0000,0.0000,0.0000,7158.0000,0.0000,0.0000,0.0000,0.0000,23,0,0,0,0,24,0,0,0,0
zc,TA301,2012-06-11 09:02:06.553,7156.0000,130786,-2,0.0000,2.0000,0,2,双平,S,7156.0000,0.0000,0.0000,0.0000,0.0000,7158.0000,0.0000,0.0000,0.0000,0.0000,22,0,0,0,0,24,0,0,0,0
zc,TA301,2012-06-11 09:02:07.287,7156.0000,130784,-2,0.0000,4.0000,1,3,多平,S,7156.0000,0.0000,0.0000,0.0000,0.0000,7158.0000,0.0000,0.0000,0.0000,0.0000,21,0,0,0,0,23,0,0,0,0
zc,TA301,2012-06-11 09:02:08.070,7158.0000,130784,0,0.0000,14.0000,7,7,多换,B,7156.0000,0.0000,0.0000,0.0000,0.0000,7158.0000,0.0000,0.0000,0.0000,0.0000,21,0,0,0,0,16,0,0,0,0
zc,TA301,2012-06-11 09:02:08.757,7158.0000,130788,4,0.0000,34.0000,19,15,多开,B,7158.0000,0.0000,0.0000,0.0000,0.0000,7160.0000,0.0000,0.0000,0.0000,0.0000,30,0,0,0,0,53,0,0,0,0
zc,TA301,2012-06-11 09:02:10.023,7156.0000,130578,-210,0.0000,280.0000,35,245,多平,S,7154.0000,0.0000,0.0000,0.0000,0.0000,7158.0000,0.0000,0.0000,0.0000,0.0000,15,0,0,0,0,2,0,0,0,0
zc,TA301,2012-06-11 09:02:10.570,7156.0000,130570,-8,0.0000,32.0000,12,20,多平,S,7154.0000,0.0000,0.0000,0.0000,0.0000,7156.0000,0.0000,0.0000,0.0000,0.0000,15,0,0,0,0,9,0,0,0,0
zc,TA301,2012-06-11 09:02:11.320,7154.0000,130572,2,0.0000,2.0000,2,0,双开,S,7154.0000,0.0000,0.0000,0.0000,0.0000,7156.0000,0.0000,0.0000,0.0000,0.0000,9,0,0,0,0,9,0,0,0,0
zc,TA301,2012-06-11 09:02:12.037,7156.0000,130572,0,0.0000,6.0000,3,3,多换,B,7154.0000,0.0000,0.0000,0.0000,0.0000,7156.0000,0.0000,0.0000,0.0000,0.0000,7,0,0,0,0,22,0,0,0,0
zc,TA301,2012-06-11 09:02:12.523,7156.0000,130528,-44,0.0000,46.0000,1,45,空平,B,7156.0000,0.0000,0.0000,0.0000,0.0000,7158.0000,0.0000,0.0000,0.0000,0.0000,6,0,0,0,0,25,0,0,0,0
zc,TA301,2012-06-11 09:02:13.037,7156.0000,130538,10,0.0000,12.0000,11,1,多开,B,7154.0000,0.0000,0.0000,0.0000,0.0000,7156.0000,0.0000,0.0000,0.0000,0.0000,8,0,0,0,0,14,0,0,0,0
zc,TA301,2012-06-11 09:02:13.787,7156.0000,130596,58,0.0000,58.0000,58,0,双开,B,7154.0000,0.0000,0.0000,0.0000,0.0000,7156.0000,0.0000,0.0000,0.0000,0.0000,8,0,0,0,0,5,0,0,0,0
zc,TA301,2012-06-11 09:02:14.553,7158.0000,130580,-16,0.0000,82.0000,33,49,空平,B,7154.0000,0.0000,0.0000,0.0000,0.0000,7158.0000,0.0000,0.0000,0.0000,0.0000,25,0,0,0,0,23,0,0,0,0
zc,TA301,2012-06-11 09:02:15.287,7156.0000,130580,0,0.0000,62.0000,31,31,空换,S,7152.0000,0.0000,0.0000,0.0000,0.0000,7156.0000,0.0000,0.0000,0.0000,0.0000,32,0,0,0,0,4,0,0,0,0
zc,TA301,2012-06-11 09:02:15.787,7156.0000,130576,-4,0.0000,8.0000,2,6,多平,S,7154.0000,0.0000,0.0000,0.0000,0.0000,7156.0000,0.0000,0.0000,0.0000,0.0000,4,0,0,0,0,1,0,0,0,0
zc,TA301,2012-06-11 09:02:16.287,7154.0000,130572,-4,0.0000,4.0000,0,4,双平,S,7154.0000,0.0000,0.0000,0.0000,0.0000,7158.0000,0.0000,0.0000,0.0000,0.0000,2,0,0,0,0,30,0,0,0,0
zc,TA301,2012-06-11 09:02:16.837,7154.0000,130572,0,0.0000,0.0000,0,0,空换,S,7156.0000,0.0000,0.0000,0.0000,0.0000,7158.0000,0.0000,0.0000,0.0000,0.0000,1,0,0,0,0,46,0,0,0,0
zc,TA301,2012-06-11 09:02:17.523,7156.0000,130576,4,0.0000,26.0000,15,11,多开,B,7156.0000,0.0000,0.0000,0.0000,0.0000,7158.0000,0.0000,0.0000,0.0000,0.0000,14,0,0,0,0,54,0,0,0,0
zc,TA301,2012-06-11 09:02:18.273,7156.0000,130584,8,0.0000,70.0000,39,31,多开,B,7156.0000,0.0000,0.0000,0.0000,0.0000,7158.0000,0.0000,0.0000,0.0000,0.0000,12,0,0,0,0,26,0,0,0,0
zc,TA301,2012-06-11 09:02:19.273,7156.0000,130584,0,0.0000,30.0000,15,15,多换,B,7154.0000,0.0000,0.0000,0.0000,0.0000,7156.0000,0.0000,0.0000,0.0000,0.0000,7,0,0,0,0,12,0,0,0,0
zc,TA301,2012-06-11 09:02:22.117,7160.0000,130564,-20,0.0000,118.0000,49,69,空平,B,7156.0000,0.0000,0.0000,0.0000,0.0000,7160.0000,0.0000,0.0000,0.0000,0.0000,1,0,0,0,0,58,0,0,0,0
zc,TA301,2012-06-11 09:02:22.570,7160.0000,130560,-4,0.0000,14.0000,5,9,空平,B,7154.0000,0.0000,0.0000,0.0000,0.0000,7160.0000,0.0000,0.0000,0.0000,0.0000,26,0,0,0,0,51,0,0,0,0
zc,TA301,2012-06-11 09:02:23.320,7160.0000,130560,0,0.0000,0.0000,0,0,多换,B,7158.0000,0.0000,0.0000,0.0000,0.0000,7160.0000,0.0000,0.0000,0.0000,0.0000,1,0,0,0,0,51,0,0,0,0
zc,TA301,2012-06-11 09:02:23.820,7156.0000,130432,-128,0.0000,140.0000,6,134,多平,S,7154.0000,0.0000,0.0000,0.0000,0.0000,7160.0000,0.0000,0.0000,0.0000,0.0000,14,0,0,0,0,55,0,0,0,0
zc,TA301,2012-06-11 09:02:24.553,7158.0000,130432,0,0.0000,12.0000,6,6,多换,B,7156.0000,0.0000,0.0000,0.0000,0.0000,7158.0000,0.0000,0.0000,0.0000,0.0000,31,0,0,0,0,9,0,0,0,0
zc,TA301,2012-06-11 09:02:25.037,7158.0000,130432,0,0.0000,0.0000,0,0,多换,B,7156.0000,0.0000,0.0000,0.0000,0.0000,7160.0000,0.0000,0.0000,0.0000,0.0000,30,0,0,0,0,63,0,0,0,0
zc,TA301,2012-06-11 09:02:25.820,7160.0000,130432,0,0.0000,42.0000,21,21,多换,B,7158.0000,0.0000,0.0000,0.0000,0.0000,7160.0000,0.0000,0.0000,0.0000,0.0000,21,0,0,0,0,34,0,0,0,0
zc,TA301,2012-06-11 09:02:26.303,7160.0000,130430,-2,0.0000,16.0000,7,9,空平,B,7158.0000,0.0000,0.0000,0.0000,0.0000,7160.0000,0.0000,0.0000,0.0000,0.0000,31,0,0,0,0,27,0,0,0,0
zc,TA301,2012-06-11 09:02:27.053,7160.0000,130420,-10,0.0000,24.0000,7,17,空平,B,7158.0000,0.0000,0.0000,0.0000,0.0000,7160.0000,0.0000,0.0000,0.0000,0.0000,31,0,0,0,0,15,0,0,0,0
zc,TA301,2012-06-11 09:02:27.570,7160.0000,130404,-16,0.0000,22.0000,3,19,空平,B,7158.0000,0.0000,0.0000,0.0000,0.0000,7160.0000,0.0000,0.0000,0.0000,0.0000,26,0,0,0,0,7,0,0,0,0
zc,TA301,2012-06-11 09:02:28.337,7160.0000,130376,-28,0.0000,28.0000,0,28,双平,B,7160.0000,0.0000,0.0000,0.0000,0.0000,7162.0000,0.0000,0.0000,0.0000,0.0000,33,0,0,0,0,1,0,0,0,0
zc,TA301,2012-06-11 09:02:28.803,7162.0000,130366,-10,0.0000,14.0000,2,12,空平,B,7160.0000,0.0000,0.0000,0.0000,0.0000,7164.0000,0.0000,0.0000,0.0000,0.0000,38,0,0,0,0,54,0,0,0,0
zc,TA301,2012-06-11 09:02:29.523,7162.0000,130366,0,0.0000,0.0000,0,0,多换,B,7160.0000,0.0000,0.0000,0.0000,0.0000,7164.0000,0.0000,0.0000,0.0000,0.0000,39,0,0,0,0,54,0,0,0,0
zc,TA301,2012-06-11 09:02:30.303,7164.0000,130268,-98,0.0000,100.0000,1,99,空平,B,7162.0000,0.0000,0.0000,0.0000,0.0000,7164.0000,0.0000,0.0000,0.0000,0.0000,1,0,0,0,0,4,0,0,0,0
zc,TA301,2012-06-11 09:02:31.053,7164.0000,130260,-8,0.0000,8.0000,0,8,双平,B,7164.0000,0.0000,0.0000,0.0000,0.0000,7166.0000,0.0000,0.0000,0.0000,0.0000,1,0,0,0,0,8,0,0,0,0
zc,TA301,2012-06-11 09:02:31.537,7166.0000,130242,-18,0.0000,22.0000,2,20,空平,B,7166.0000,0.0000,0.0000,0.0000,0.0000,7168.0000,0.0000,0.0000,0.0000,0.0000,2,0,0,0,0,137,0,0,0,0
zc,TA301,2012-06-11 09:02:32.303,7166.0000,130240,-2,0.0000,2.0000,0,2,双平,B,7166.0000,0.0000,0.0000,0.0000,0.0000,7168.0000,0.0000,0.0000,0.0000,0.0000,2,0,0,0,0,137,0,0,0,0
zc,TA301,2012-06-11 09:02:32.820,7168.0000,130238,-2,0.0000,6.0000,2,4,空平,B,7166.0000,0.0000,0.0000,0.0000,0.0000,7168.0000,0.0000,0.0000,0.0000,0.0000,5,0,0,0,0,136,0,0,0,0
zc,TA301,2012-06-11 09:02:33.490,7168.0000,130230,-8,0.0000,16.0000,4,12,空平,B,7166.0000,0.0000,0.0000,0.0000,0.0000,7168.0000,0.0000,0.0000,0.0000,0.0000,10,0,0,0,0,129,0,0,0,0
zc,TA301,2012-06-11 09:02:34.037,7168.0000,130226,-4,0.0000,32.0000,14,18,空平,B,7166.0000,0.0000,0.0000,0.0000,0.0000,7168.0000,0.0000,0.0000,0.0000,0.0000,11,0,0,0,0,115,0,0,0,0
zc,TA301,2012-06-11 09:02:34.787,7168.0000,130210,-16,0.0000,56.0000,20,36,空平,B,7166.0000,0.0000,0.0000,0.0000,0.0000,7168.0000,0.0000,0.0000,0.0000,0.0000,11,0,0,0,0,93,0,0,0,0
zc,TA301,2012-06-11 09:02:35.570,7168.0000,130054,-156,0.0000,166.0000,5,161,空平,B,7166.0000,0.0000,0.0000,0.0000,0.0000,7168.0000,0.0000,0.0000,0.0000,0.0000,5,0,0,0,0,51,0,0,0,0
zc,TA301,2012-06-11 09:02:36.287,7168.0000,129960,-94,0.0000,104.0000,5,99,空平,B,7168.0000,0.0000,0.0000,0.0000,0.0000,7170.0000,0.0000,0.0000,0.0000,0.0000,113,0,0,0,0,9,0,0,0,0
zc,TA301,2012-06-11 09:02:36.850,7170.0000,129942,-18,0.0000,18.0000,0,18,双平,B,7170.0000,0.0000,0.0000,0.0000,0.0000,7172.0000,0.0000,0.0000,0.0000,0.0000,9,0,0,0,0,2,0,0,0,0
zc,TA301,2012-06-11 09:02:37.537,7174.0000,129940,-2,0.0000,8.0000,3,5,空平,B,7170.0000,0.0000,0.0000,0.0000,0.0000,7174.0000,0.0000,0.0000,0.0000,0.0000,9,0,0,0,0,6,0,0,0,0
zc,TA301,2012-06-11 09:02:38.037,7170.0000,129938,-2,0.0000,6.0000,2,4,多平,S,7172.0000,0.0000,0.0000,0.0000,0.0000,7174.0000,0.0000,0.0000,0.0000,0.0000,17,0,0,0,0,6,0,0,0,0
zc,TA301,2012-06-11 09:02:38.757,7172.0000,129926,-12,0.0000,20.0000,4,16,空平,B,7174.0000,0.0000,0.0000,0.0000,0.0000,7176.0000,0.0000,0.0000,0.0000,0.0000,5,0,0,0,0,7,0,0,0,0
zc,TA301,2012-06-11 09:02:39.287,7174.0000,129922,-4,0.0000,60.0000,28,32,空平,B,7174.0000,0.0000,0.0000,0.0000,0.0000,7180.0000,0.0000,0.0000,0.0000,0.0000,5,0,0,0,0,13,0,0,0,0
zc,TA301,2012-06-11 09:02:39.820,7174.0000,129922,0,0.0000,0.0000,0,0,多换,B,7174.0000,0.0000,0.0000,0.0000,0.0000,7180.0000,0.0000,0.0000,0.0000,0.0000,8,0,0,0,0,13,0,0,0,0
zc,TA301,2012-06-11 09:02:40.553,7180.0000,130002,80,0.0000,106.0000,93,13,多开,B,7180.0000,0.0000,0.0000,0.0000,0.0000,7182.0000,0.0000,0.0000,0.0000,0.0000,51,0,0,0,0,1,0,0,0,0
zc,TA301,2012-06-11 09:02:41.023,7182.0000,130010,8,0.0000,24.0000,16,8,多开,B,7180.0000,0.0000,0.0000,0.0000,0.0000,7184.0000,0.0000,0.0000,0.0000,0.0000,60,0,0,0,0,6,0,0,0,0
zc,TA301,2012-06-11 09:02:41.820,7180.0000,130012,2,0.0000,2.0000,2,0,双开,S,7182.0000,0.0000,0.0000,0.0000,0.0000,7184.0000,0.0000,0.0000,0.0000,0.0000,1,0,0,0,0,2,0,0,0,0
zc,TA301,2012-06-11 09:02:42.350,7180.0000,130066,54,0.0000,68.0000,61,7,空开,S,7180.0000,0.0000,0.0000,0.0000,0.0000,7182.0000,0.0000,0.0000,0.0000,0.0000,36,0,0,0,0,1,0,0,0,0
zc,TA301,2012-06-11 09:02:43.087,7180.0000,130068,2,0.0000,50.0000,26,24,空开,S,7180.0000,0.0000,0.0000,0.0000,0.0000,7182.0000,0.0000,0.0000,0.0000,0.0000,15,0,0,0,0,1,0,0,0,0
zc,TA301,2012-06-11 09:02:43.587,7184.0000,130056,-12,0.0000,32.0000,10,22,空平,B,7184.0000,0.0000,0.0000,0.0000,0.0000,7186.0000,0.0000,0.0000,0.0000,0.0000,2,0,0,0,0,10,0,0,0,0
zc,TA301,2012-06-11 09:02:44.537,7180.0000,130050,-6,0.0000,16.0000,5,11,多平,S,7180.0000,0.0000,0.0000,0.0000,0.0000,7184.0000,0.0000,0.0000,0.0000,0.0000,9,0,0,0,0,9,0,0,0,0
zc,TA301,2012-06-11 09:02:45.087,7184.0000,130058,8,0.0000,22.0000,15,7,多开,B,7180.0000,0.0000,0.0000,0.0000,0.0000,7184.0000,0.0000,0.0000,0.0000,0.0000,4,0,0,0,0,5,0,0,0,0
zc,TA301,2012-06-11 09:02:45.773,7184.0000,130064,6,0.0000,86.0000,46,40,多开,B,7184.0000,0.0000,0.0000,0.0000,0.0000,7186.0000,0.0000,0.0000,0.0000,0.0000,3,0,0,0,0,2,0,0,0,0
zc,TA301,2012-06-11 09:02:46.273,7186.0000,130076,12,0.0000,18.0000,15,3,多开,B,7184.0000,0.0000,0.0000,0.0000,0.0000,7186.0000,0.0000,0.0000,0.0000,0.0000,17,0,0,0,0,13,0,0,0,0
zc,TA301,2012-06-11 09:02:47.287,7186.0000,130112,36,0.0000,64.0000,50,14,多开,B,7184.0000,0.0000,0.0000,0.0000,0.0000,7186.0000,0.0000,0.0000,0.0000,0.0000,9,0,0,0,0,4,0,0,0,0
zc,TA301,2012-06-11 09:02:48.117,7184.0000,130126,14,0.0000,96.0000,55,41,空开,S,7180.0000,0.0000,0.0000,0.0000,0.0000,7184.0000,0.0000,0.0000,0.0000,0.0000,10,0,0,0,0,20,0,0,0,0
zc,TA301,2012-06-11 09:02:48.570,7184.0000,130096,-30,0.0000,68.0000,19,49,多平,S,7178.0000,0.0000,0.0000,0.0000,0.0000,7184.0000,0.0000,0.0000,0.0000,0.0000,18,0,0,0,0,19,0,0,0,0
zc,TA301,2012-06-11 09:02:49.320,7184.0000,130104,8,0.0000,16.0000,12,4,空开,S,7180.0000,0.0000,0.0000,0.0000,0.0000,7184.0000,0.0000,0.0000,0.0000,0.0000,1,0,0,0,0,12,0,0,0,0
zc,TA301,2012-06-11 09:02:50.087,7182.0000,130124,20,0.0000,42.0000,31,11,空开,S,7180.0000,0.0000,0.0000,0.0000,0.0000,7182.0000,0.0000,0.0000,0.0000,0.0000,11,0,0,0,0,80,0,0,0,0
zc,TA301,2012-06-11 09:02:50.837,7180.0000,130126,2,0.0000,176.0000,89,87,空开,S,7182.0000,0.0000,0.0000,0.0000,0.0000,7184.0000,0.0000,0.0000,0.0000,0.0000,3,0,0,0,0,7,0,0,0,0
zc,TA301,2012-06-11 09:02:51.287,7186.0000,130120,-6,0.0000,20.0000,7,13,空平,B,7184.0000,0.0000,0.0000,0.0000,0.0000,7186.0000,0.0000,0.0000,0.0000,0.0000,6,0,0,0,0,4,0,0,0,0
zc,TA301,2012-06-11 09:02:51.803,7184.0000,130102,-18,0.0000,22.0000,2,20,多平,S,7184.0000,0.0000,0.0000,0.0000,0.0000,7186.0000,0.0000,0.0000,0.0000,0.0000,4,0,0,0,0,3,0,0,0,0
zc,TA301,2012-06-11 09:02:52.553,7186.0000,130100,-2,0.0000,22.0000,10,12,空平,B,7184.0000,0.0000,0.0000,0.0000,0.0000,7188.0000,0.0000,0.0000,0.0000,0.0000,6,0,0,0,0,14,0,0,0,0
zc,TA301,2012-06-11 09:02:53.303,7190.0000,130062,-38,0.0000,64.0000,13,51,空平,B,7188.0000,0.0000,0.0000,0.0000,0.0000,7190.0000,0.0000,0.0000,0.0000,0.0000,20,0,0,0,0,7,0,0,0,0
zc,TA301,2012-06-11 09:02:53.787,7188.0000,130048,-14,0.0000,26.0000,6,20,多平,S,7188.0000,0.0000,0.0000,0.0000,0.0000,7192.0000,0.0000,0.0000,0.0000,0.0000,14,0,0,0,0,1,0,0,0,0
zc,TA301,2012-06-11 09:02:54.587,7192.0000,130044,-4,0.0000,18.0000,7,11,空平,B,7192.0000,0.0000,0.0000,0.0000,0.0000,7194.0000,0.0000,0.0000,0.0000,0.0000,13,0,0,0,0,4,0,0,0,0
zc,TA301,2012-06-11 09:02:55.053,7192.0000,130038,-6,0.0000,32.0000,13,19,空平,B,7192.0000,0.0000,0.0000,0.0000,0.0000,7196.0000,0.0000,0.0000,0.0000,0.0000,19,0,0,0,0,2,0,0,0,0
zc,TA301,2012-06-11 09:02:55.537,7192.0000,130038,0,0.0000,48.0000,24,24,多换,B,7194.0000,0.0000,0.0000,0.0000,0.0000,7198.0000,0.0000,0.0000,0.0000,0.0000,1,0,0,0,0,31,0,0,0,0
zc,TA301,2012-06-11 09:02:56.287,7192.0000,130010,-28,0.0000,42.0000,7,35,空平,B,7196.0000,0.0000,0.0000,0.0000,0.0000,7198.0000,0.0000,0.0000,0.0000,0.0000,1,0,0,0,0,31,0,0,0,0
zc,TA301,2012-06-11 09:02:57.100,7198.0000,130010,0,0.0000,14.0000,7,7,多换,B,7192.0000,0.0000,0.0000,0.0000,0.0000,7198.0000,0.0000,0.0000,0.0000,0.0000,8,0,0,0,0,15,0,0,0,0
zc,TA301,2012-06-11 09:02:57.803,7198.0000,130002,-8,0.0000,24.0000,8,16,空平,B,7194.0000,0.0000,0.0000,0.0000,0.0000,7198.0000,0.0000,0.0000,0.0000,0.0000,10,0,0,0,0,6,0,0,0,0
zc,TA301,2012-06-11 09:02:58.523,7194.0000,130006,4,0.0000,20.0000,12,8,空开,S,7194.0000,0.0000,0.0000,0.0000,0.0000,7198.0000,0.0000,0.0000,0.0000,0.0000,4,0,0,0,0,4,0,0,0,0
zc,TA301,2012-06-11 09:02:59.023,7198.0000,130006,0,0.0000,4.0000,2,2,多换,B,7194.0000,0.0000,0.0000,0.0000,0.0000,7198.0000,0.0000,0.0000,0.0000,0.0000,3,0,0,0,0,4,0,0,0,0
zc,TA301,2012-06-11 09:02:59.820,7200.0000,130006,0,0.0000,18.0000,9,9,多换,B,7198.0000,0.0000,0.0000,0.0000,0.0000,7200.0000,0.0000,0.0000,0.0000,0.0000,13,0,0,0,0,38,0,0,0,0
zc,TA301,2012-06-11 09:03:00.303,7198.0000,129986,-20,0.0000,62.0000,21,41,多平,S,7198.0000,0.0000,0.0000,0.0000,0.0000,7200.0000,0.0000,0.0000,0.0000,0.0000,14,0,0,0,0,12,0,0,0,0
zc,TA301,2012-06-11 09:03:01.070,7198.0000,130084,98,0.0000,158.0000,128,30,空开,S,7198.0000,0.0000,0.0000,0.0000,0.0000,7202.0000,0.0000,0.0000,0.0000,0.0000,9,0,0,0,0,4,0,0,0,0
zc,TA301,2012-06-11 09:03:01.837,7198.0000,130080,-4,0.0000,12.0000,4,8,多平,S,7198.0000,0.0000,0.0000,0.0000,0.0000,7202.0000,0.0000,0.0000,0.0000,0.0000,11,0,0,0,0,15,0,0,0,0
zc,TA301,2012-06-11 09:03:02.633,7200.0000,130058,-22,0.0000,44.0000,11,33,空平,B,7200.0000,0.0000,0.0000,0.0000,0.0000,7206.0000,0.0000,0.0000,0.0000,0.0000,10,0,0,0,0,13,0,0,0,0
zc,TA301,2012-06-11 09:03:03.587,7200.0000,130048,-10,0.0000,36.0000,13,23,空平,B,7198.0000,0.0000,0.0000,0.0000,0.0000,7200.0000,0.0000,0.0000,0.0000,0.0000,46,0,0,0,0,1,0,0,0,0
zc,TA301,2012-06-11 09:03:04.303,7200.0000,130046,-2,0.0000,2.0000,0,2,双平,B,7198.0000,0.0000,0.0000,0.0000,0.0000,7204.0000,0.0000,0.0000,0.0000,0.0000,55,0,0,0,0,8,0,0,0,0
zc,TA301,2012-06-11 09:03:04.820,7200.0000,130060,14,0.0000,22.0000,18,4,多开,B,7200.0000,0.0000,0.0000,0.0000,0.0000,7202.0000,0.0000,0.0000,0.0000,0.0000,54,0,0,0,0,11,0,0,0,0
zc,TA301,2012-06-11 09:03:05.523,7200.0000,130098,38,0.0000,136.0000,87,49,多开,B,7200.0000,0.0000,0.0000,0.0000,0.0000,7202.0000,0.0000,0.0000,0.0000,0.0000,3,0,0,0,0,10,0,0,0,0
zc,TA301,2012-06-11 09:03:06.053,7202.0000,130204,106,0.0000,230.0000,168,62,多开,B,7198.0000,0.0000,0.0000,0.0000,0.0000,7202.0000,0.0000,0.0000,0.0000,0.0000,49,0,0,0,0,9,0,0,0,0
zc,TA301,2012-06-11 09:03:06.803,7200.0000,130212,8,0.0000,66.0000,37,29,空开,S,7200.0000,0.0000,0.0000,0.0000,0.0000,7202.0000,0.0000,0.0000,0.0000,0.0000,2,0,0,0,0,29,0,0,0,0
zc,TA301,2012-06-11 09:03:07.320,7198.0000,130216,4,0.0000,22.0000,13,9,空开,S,7198.0000,0.0000,0.0000,0.0000,0.0000,7200.0000,0.0000,0.0000,0.0000,0.0000,36,0,0,0,0,6,0,0,0,0
zc,TA301,2012-06-11 09:03:08.070,7198.0000,130258,42,0.0000,106.0000,74,32,空开,S,7196.0000,0.0000,0.0000,0.0000,0.0000,7198.0000,0.0000,0.0000,0.0000,0.0000,5,0,0,0,0,23,0,0,0,0
zc,TA301,2012-06-11 09:03:08.553,7198.0000,130284,26,0.0000,56.0000,41,15,空开,S,7194.0000,0.0000,0.0000,0.0000,0.0000,7198.0000,0.0000,0.0000,0.0000,0.0000,10,0,0,0,0,51,0,0,0,0
zc,TA301,2012-06-11 09:03:09.523,7196.0000,130274,-10,0.0000,20.0000,5,15,多平,S,7194.0000,0.0000,0.0000,0.0000,0.0000,7196.0000,0.0000,0.0000,0.0000,0.0000,3,0,0,0,0,3,0,0,0,0
zc,TA301,2012-06-11 09:03:10.070,7196.0000,130274,0,0.0000,6.0000,3,3,空换,S,7192.0000,0.0000,0.0000,0.0000,0.0000,7194.0000,0.0000,0.0000,0.0000,0.0000,12,0,0,0,0,1,0,0,0,0
zc,TA301,2012-06-11 09:03:10.787,7196.0000,130276,2,0.0000,2.0000,2,0,双开,S,7190.0000,0.0000,0.0000,0.0000,0.0000,7192.0000,0.0000,0.0000,0.0000,0.0000,1,0,0,0,0,8,0,0,0,0
zc,TA301,2012-06-11 09:03:11.303,7196.0000,130276,0,0.0000,12.0000,6,6,空换,S,7190.0000,0.0000,0.0000,0.0000,0.0000,7192.0000,0.0000,0.0000,0.0000,0.0000,13,0,0,0,0,2,0,0,0,0
zc,TA301,2012-06-11 09:03:12.037,7190.0000,130256,-20,0.0000,24.0000,2,22,多平,S,7192.0000,0.0000,0.0000,0.0000,0.0000,7196.0000,0.0000,0.0000,0.0000,0.0000,20,0,0,0,0,70,0,0,0,0
zc,TA301,2012-06-11 09:03:12.820,7192.0000,130276,20,0.0000,40.0000,30,10,多开,B,7190.0000,0.0000,0.0000,0.0000,0.0000,7194.0000,0.0000,0.0000,0.0000,0.0000,10,0,0,0,0,26,0,0,0,0
zc,TA301,2012-06-11 09:03:13.523,7192.0000,130270,-6,0.0000,8.0000,1,7,空平,B,7192.0000,0.0000,0.0000,0.0000,0.0000,7194.0000,0.0000,0.0000,0.0000,0.0000,2,0,0,0,0,8,0,0,0,0
zc,TA301,2012-06-11 09:03:14.023,7192.0000,130270,0,0.0000,2.0000,1,1,多换,B,7192.0000,0.0000,0.0000,0.0000,0.0000,7194.0000,0.0000,0.0000,0.0000,0.0000,2,0,0,0,0,20,0,0,0,0
zc,TA301,2012-06-11 09:03:14.867,7194.0000,130266,-4,0.0000,8.0000,2,6,空平,B,7194.0000,0.0000,0.0000,0.0000,0.0000,7196.0000,0.0000,0.0000,0.0000,0.0000,5,0,0,0,0,33,0,0,0,0
zc,TA301,2012-06-11 09:03:15.303,7194.0000,130226,-40,0.0000,58.0000,9,49,空平,B,7190.0000,0.0000,0.0000,0.0000,0.0000,7194.0000,0.0000,0.0000,0.0000,0.0000,1,0,0,0,0,38,0,0,0,0
zc,TA301,2012-06-11 09:03:16.053,7194.0000,130226,0,0.0000,0.0000,0,0,多换,B,7190.0000,0.0000,0.0000,0.0000,0.0000,7194.0000,0.0000,0.0000,0.0000,0.0000,4,0,0,0,0,74,0,0,0,0
zc,TA301,2012-06-11 09:03:16.537,7190.0000,130264,38,0.0000,46.0000,42,4,空开,S,7188.0000,0.0000,0.0000,0.0000,0.0000,7194.0000,0.0000,0.0000,0.0000,0.0000,10,0,0,0,0,72,0,0,0,0
zc,TA301,2012-06-11 09:03:17.303,7192.0000,130268,4,0.0000,4.0000,4,0,双开,B,7188.0000,0.0000,0.0000,0.0000,0.0000,7192.0000,0.0000,0.0000,0.0000,0.0000,10,0,0,0,0,25,0,0,0,0
zc,TA301,2012-06-11 09:03:18.350,7190.0000,130182,-86,0.0000,92.0000,3,89,多平,S,7186.0000,0.0000,0.0000,0.0000,0.0000,7194.0000,0.0000,0.0000,0.0000,0.0000,8,0,0,0,0,55,0,0,0,0
zc,TA301,2012-06-11 09:03:18.837,7190.0000,130188,6,0.0000,6.0000,6,0,双开,S,7186.0000,0.0000,0.0000,0.0000,0.0000,7190.0000,0.0000,0.0000,0.0000,0.0000,5,0,0,0,0,32,0,0,0,0
zc,TA301,2012-06-11 09:03:19.570,7186.0000,130198,10,0.0000,10.0000,10,0,双开,S,7186.0000,0.0000,0.0000,0.0000,0.0000,7188.0000,0.0000,0.0000,0.0000,0.0000,1,0,0,0,0,32,0,0,0,0
zc,TA301,2012-06-11 09:03:20.100,7186.0000,130198,0,0.0000,2.0000,1,1,空换,S,7184.0000,0.0000,0.0000,0.0000,0.0000,7188.0000,0.0000,0.0000,0.0000,0.0000,37,0,0,0,0,32,0,0,0,0
zc,TA301,2012-06-11 09:03:20.803,7184.0000,130200,2,0.0000,8.0000,5,3,空开,S,7184.0000,0.0000,0.0000,0.0000,0.0000,7186.0000,0.0000,0.0000,0.0000,0.0000,36,0,0,0,0,39,0,0,0,0
zc,TA301,2012-06-11 09:03:21.570,7184.0000,130204,4,0.0000,24.0000,14,10,空开,S,7184.0000,0.0000,0.0000,0.0000,0.0000,7186.0000,0.0000,0.0000,0.0000,0.0000,33,0,0,0,0,24,0,0,0,0
zc,TA301,2012-06-11 09:03:22.303,7184.0000,130262,58,0.0000,102.0000,80,22,空开,S,7182.0000,0.0000,0.0000,0.0000,0.0000,7184.0000,0.0000,0.0000,0.0000,0.0000,101,0,0,0,0,37,0,0,0,0
zc,TA301,2012-06-11 09:03:22.837,7186.0000,129890,-372,0.0000,1204.0000,416,788,空平,B,7188.0000,0.0000,0.0000,0.0000,0.0000,7196.0000,0.0000,0.0000,0.0000,0.0000,5,0,0,0,0,1,0,0,0,0
zc,TA301,2012-06-11 09:03:23.523,7184.0000,129884,-6,0.0000,26.0000,10,16,多平,S,7188.0000,0.0000,0.0000,0.0000,0.0000,7196.0000,0.0000,0.0000,0.0000,0.0000,6,0,0,0,0,1,0,0,0,0
zc,TA301,2012-06-11 09:03:24.053,7188.0000,129888,4,0.0000,6.0000,5,1,多开,B,7188.0000,0.0000,0.0000,0.0000,0.0000,7190.0000,0.0000,0.0000,0.0000,0.0000,5,0,0,0,0,1,0,0,0,0
zc,TA301,2012-06-11 09:03:24.787,7190.0000,129886,-2,0.0000,4.0000,1,3,空平,B,7188.0000,0.0000,0.0000,0.0000,0.0000,7192.0000,0.0000,0.0000,0.0000,0.0000,21,0,0,0,0,6,0,0,0,0
zc,TA301,2012-06-11 09:03:25.337,7188.0000,129904,18,0.0000,26.0000,22,4,空开,S,7188.0000,0.0000,0.0000,0.0000,0.0000,7192.0000,0.0000,0.0000,0.0000,0.0000,8,0,0,0,0,10,0,0,0,0
zc,TA301,2012-06-11 09:03:26.070,7188.0000,129916,12,0.0000,40.0000,26,14,空开,S,7190.0000,0.0000,0.0000,0.0000,0.0000,7196.0000,0.0000,0.0000,0.0000,0.0000,16,0,0,0,0,2,0,0,0,0
zc,TA301,2012-06-11 09:03:26.570,7190.0000,129924,8,0.0000,12.0000,10,2,多开,B,7190.0000,0.0000,0.0000,0.0000,0.0000,7194.0000,0.0000,0.0000,0.0000,0.0000,17,0,0,0,0,3,0,0,0,0
zc,TA301,2012-06-11 09:03:27.303,7188.0000,129914,-10,0.0000,44.0000,17,27,多平,S,7190.0000,0.0000,0.0000,0.0000,0.0000,7194.0000,0.0000,0.0000,0.0000,0.0000,7,0,0,0,0,4,0,0,0,0
zc,TA301,2012-06-11 09:03:28.053,7190.0000,129870,-44,0.0000,44.0000,0,44,双平,B,7188.0000,0.0000,0.0000,0.0000,0.0000,7190.0000,0.0000,0.0000,0.0000,0.0000,5,0,0,0,0,1,0,0,0,0
zc,TA301,2012-06-11 09:03:28.337,7190.0000,129870,0,0.0000,32.0000,16,16,多换,B,7190.0000,0.0000,0.0000,0.0000,0.0000,7194.0000,0.0000,0.0000,0.0000,0.0000,2,0,0,0,0,4,0,0,0,0
zc,TA301,2012-06-11 09:03:29.303,7190.0000,129866,-4,0.0000,22.0000,9,13,空平,B,7186.0000,0.0000,0.0000,0.0000,0.0000,7188.0000,0.0000,0.0000,0.0000,0.0000,3,0,0,0,0,4,0,0,0,0
zc,TA301,2012-06-11 09:03:29.757,7190.0000,129860,-6,0.0000,10.0000,2,8,空平,B,7186.0000,0.0000,0.0000,0.0000,0.0000,7192.0000,0.0000,0.0000,0.0000,0.0000,19,0,0,0,0,6,0,0,0,0
zc,TA301,2012-06-11 09:03:30.257,7192.0000,129858,-2,0.0000,12.0000,5,7,空平,B,7186.0000,0.0000,0.0000,0.0000,0.0000,7192.0000,0.0000,0.0000,0.0000,0.0000,15,0,0,0,0,5,0,0,0,0
zc,TA301,2012-06-11 09:03:30.803,7190.0000,129862,4,0.0000,10.0000,7,3,空开,S,7186.0000,0.0000,0.0000,0.0000,0.0000,7190.0000,0.0000,0.0000,0.0000,0.0000,21,0,0,0,0,1,0,0,0,0
zc,TA301,2012-06-11 09:03:31.537,7192.0000,129864,2,0.0000,14.0000,8,6,多开,B,7192.0000,0.0000,0.0000,0.0000,0.0000,7194.0000,0.0000,0.0000,0.0000,0.0000,7,0,0,0,0,2,0,0,0,0
zc,TA301,2012-06-11 09:03:32.053,7194.0000,129888,24,0.0000,46.0000,35,11,多开,B,7194.0000,0.0000,0.0000,0.0000,0.0000,7196.0000,0.0000,0.0000,0.0000,0.0000,84,0,0,0,0,28,0,0,0,0
zc,TA301,2012-06-11 09:03:33.320,7194.0000,130048,160,0.0000,174.0000,167,7,多开,B,7192.0000,0.0000,0.0000,0.0000,0.0000,7194.0000,0.0000,0.0000,0.0000,0.0000,99,0,0,0,0,8,0,0,0,0
zc,TA301,2012-06-11 09:03:33.523,7194.0000,130240,192,0.0000,214.0000,203,11,多开,B,7186.0000,0.0000,0.0000,0.0000,0.0000,7194.0000,0.0000,0.0000,0.0000,0.0000,19,0,0,0,0,1,0,0,0,0
zc,TA301,2012-06-11 09:03:34.273,7192.0000,130244,4,0.0000,6.0000,5,1,空开,S,7186.0000,0.0000,0.0000,0.0000,0.0000,7192.0000,0.0000,0.0000,0.0000,0.0000,18,0,0,0,0,3,0,0,0,0
zc,TA301,2012-06-11 09:03:34.803,7186.0000,130206,-38,0.0000,40.0000,1,39,多平,S,7188.0000,0.0000,0.0000,0.0000,0.0000,7192.0000,0.0000,0.0000,0.0000,0.0000,5,0,0,0,0,3,0,0,0,0
zc,TA301,2012-06-11 09:03:35.587,7186.0000,130206,0,0.0000,2.0000,1,1,空换,S,7188.0000,0.0000,0.0000,0.0000,0.0000,7190.0000,0.0000,0.0000,0.0000,0.0000,5,0,0,0,0,3,0,0,0,0
zc,TA301,2012-06-11 09:03:36.007,7188.0000,130206,0,0.0000,6.0000,3,3,多换,B,7188.0000,0.0000,0.0000,0.0000,0.0000,7190.0000,0.0000,0.0000,0.0000,0.0000,2,0,0,0,0,3,0,0,0,0
zc,TA301,2012-06-11 09:03:36.773,7186.0000,130210,4,0.0000,12.0000,8,4,空开,S,7186.0000,0.0000,0.0000,0.0000,0.0000,7188.0000,0.0000,0.0000,0.0000,0.0000,6,0,0,0,0,2,0,0,0,0
zc,TA301,2012-06-11 09:03:37.320,7188.0000,130208,-2,0.0000,4.0000,1,3,空平,B,7188.0000,0.0000,0.0000,0.0000,0.0000,7190.0000,0.0000,0.0000,0.0000,0.0000,10,0,0,0,0,11,0,0,0,0
zc,TA301,2012-06-11 09:03:38.303,7188.0000,130208,0,0.0000,2.0000,1,1,多换,B,7188.0000,0.0000,0.0000,0.0000,0.0000,7190.0000,0.0000,0.0000,0.0000,0.0000,9,0,0,0,0,30,0,0,0,0
zc,TA301,2012-06-11 09:03:38.773,7190.0000,130208,0,0.0000,6.0000,3,3,多换,B,7188.0000,0.0000,0.0000,0.0000,0.0000,7190.0000,0.0000,0.0000,0.0000,0.0000,23,0,0,0,0,7,0,0,0,0
zc,TA301,2012-06-11 09:03:39.240,7188.0000,130176,-32,0.0000,32.0000,0,32,双平,S,7188.0000,0.0000,0.0000,0.0000,0.0000,7192.0000,0.0000,0.0000,0.0000,0.0000,7,0,0,0,0,2,0,0,0,0
zc,TA301,2012-06-11 09:03:39.773,7188.0000,130172,-4,0.0000,6.0000,1,5,多平,S,7190.0000,0.0000,0.0000,0.0000,0.0000,7192.0000,0.0000,0.0000,0.0000,0.0000,3,0,0,0,0,2,0,0,0,0
zc,TA301,2012-06-11 09:03:40.537,7192.0000,130168,-4,0.0000,12.0000,4,8,空平,B,7192.0000,0.0000,0.0000,0.0000,0.0000,7194.0000,0.0000,0.0000,0.0000,0.0000,8,0,0,0,0,5,0,0,0,0
zc,TA301,2012-06-11 09:03:41.087,7192.0000,130168,0,0.0000,16.0000,8,8,多换,B,7190.0000,0.0000,0.0000,0.0000,0.0000,7194.0000,0.0000,0.0000,0.0000,0.0000,4,0,0,0,0,8,0,0,0,0
zc,TA301,2012-06-11 09:03:41.773,7194.0000,130168,0,0.0000,4.0000,2,2,多换,B,7192.0000,0.0000,0.0000,0.0000,0.0000,7194.0000,0.0000,0.0000,0.0000,0.0000,1,0,0,0,0,25,0,0,0,0
zc,TA301,2012-06-11 09:03:42.303,7190.0000,130128,-40,0.0000,64.0000,12,52,多平,S,7188.0000,0.0000,0.0000,0.0000,0.0000,7190.0000,0.0000,0.0000,0.0000,0.0000,7,0,0,0,0,72,0,0,0,0
zc,TA301,2012-06-11 09:03:43.023,7190.0000,130034,-94,0.0000,96.0000,1,95,多平,S,7188.0000,0.0000,0.0000,0.0000,0.0000,7190.0000,0.0000,0.0000,0.0000,0.0000,7,0,0,0,0,24,0,0,0,0
zc,TA301,2012-06-11 09:03:43.570,7188.0000,129980,-54,0.0000,68.0000,7,61,多平,S,7186.0000,0.0000,0.0000,0.0000,0.0000,7188.0000,0.0000,0.0000,0.0000,0.0000,13,0,0,0,0,22,0,0,0,0
zc,TA301,2012-06-11 09:03:44.037,7194.0000,129942,-38,0.0000,54.0000,8,46,空平,B,7194.0000,0.0000,0.0000,0.0000,0.0000,7196.0000,0.0000,0.0000,0.0000,0.0000,5,0,0,0,0,36,0,0,0,0
zc,TA301,2012-06-11 09:03:44.803,7190.0000,129948,6,0.0000,14.0000,10,4,空开,S,7188.0000,0.0000,0.0000,0.0000,0.0000,7194.0000,0.0000,0.0000,0.0000,0.0000,5,0,0,0,0,4,0,0,0,0
zc,TA301,2012-06-11 09:03:45.287,7194.0000,129948,0,0.0000,2.0000,1,1,多换,B,7190.0000,0.0000,0.0000,0.0000,0.0000,7194.0000,0.0000,0.0000,0.0000,0.0000,6,0,0,0,0,3,0,0,0,0
zc,TA301,2012-06-11 09:03:46.053,7194.0000,129948,0,0.0000,0.0000,0,0,多换,B,7190.0000,0.0000,0.0000,0.0000,0.0000,7194.0000,0.0000,0.0000,0.0000,0.0000,11,0,0,0,0,3,0,0,0,0
zc,TA301,2012-06-11 09:03:46.257,7194.0000,129948,0,0.0000,0.0000,0,0,多换,B,7192.0000,0.0000,0.0000,0.0000,0.0000,7194.0000,0.0000,0.0000,0.0000,0.0000,3,0,0,0,0,4,0,0,0,0
zc,TA301,2012-06-11 09:03:47.007,7192.0000,129942,-6,0.0000,12.0000,3,9,多平,S,7192.0000,0.0000,0.0000,0.0000,0.0000,7194.0000,0.0000,0.0000,0.0000,0.0000,8,0,0,0,0,4,0,0,0,0
zc,TA301,2012-06-11 09:03:47.553,7192.0000,129940,-2,0.0000,6.0000,2,4,多平,S,7192.0000,0.0000,0.0000,0.0000,0.0000,7194.0000,0.0000,0.0000,0.0000,0.0000,20,0,0,0,0,4,0,0,0,0
zc,TA301,2012-06-11 09:03:48.227,7192.0000,129940,0,0.0000,18.0000,9,9,空换,S,7192.0000,0.0000,0.0000,0.0000,0.0000,7194.0000,0.0000,0.0000,0.0000,0.0000,11,0,0,0,0,5,0,0,0,0
zc,TA301,2012-06-11 09:03:49.053,7194.0000,129940,0,0.0000,20.0000,10,10,多换,B,7192.0000,0.0000,0.0000,0.0000,0.0000,7194.0000,0.0000,0.0000,0.0000,0.0000,10,0,0,0,0,6,0,0,0,0
zc,TA301,2012-06-11 09:03:49.490,7194.0000,129950,10,0.0000,40.0000,25,15,多开,B,7190.0000,0.0000,0.0000,0.0000,0.0000,7194.0000,0.0000,0.0000,0.0000,0.0000,29,0,0,0,0,2,0,0,0,0
zc,TA301,2012-06-11 09:03:50.257,7190.0000,129962,12,0.0000,14.0000,13,1,空开,S,7190.0000,0.0000,0.0000,0.0000,0.0000,7192.0000,0.0000,0.0000,0.0000,0.0000,26,0,0,0,0,2,0,0,0,0
zc,TA301,2012-06-11 09:03:50.523,7190.0000,129864,-98,0.0000,146.0000,24,122,多平,S,7190.0000,0.0000,0.0000,0.0000,0.0000,7194.0000,0.0000,0.0000,0.0000,0.0000,6,0,0,0,0,11,0,0,0,0
zc,TA301,2012-06-11 09:03:51.320,7192.0000,129862,-2,0.0000,4.0000,1,3,空平,B,7190.0000,0.0000,0.0000,0.0000,0.0000,7194.0000,0.0000,0.0000,0.0000,0.0000,7,0,0,0,0,12,0,0,0,0
zc,TA301,2012-06-11 09:03:52.007,7194.0000,129862,0,0.0000,2.0000,1,1,多换,B,7190.0000,0.0000,0.0000,0.0000,0.0000,7194.0000,0.0000,0.0000,0.0000,0.0000,7,0,0,0,0,25,0,0,0,0
zc,TA301,2012-06-11 09:03:52.523,7194.0000,129862,0,0.0000,6.0000,3,3,多换,B,7190.0000,0.0000,0.0000,0.0000,0.0000,7192.0000,0.0000,0.0000,0.0000,0.0000,7,0,0,0,0,1,0,0,0,0
zc,TA301,2012-06-11 09:03:53.037,7190.0000,129878,16,0.0000,26.0000,21,5,空开,S,7188.0000,0.0000,0.0000,0.0000,0.0000,7190.0000,0.0000,0.0000,0.0000,0.0000,27,0,0,0,0,27,0,0,0,0
zc,TA301,2012-06-11 09:03:53.740,7188.0000,129878,0,0.0000,2.0000,1,1,空换,S,7188.0000,0.0000,0.0000,0.0000,0.0000,7190.0000,0.0000,0.0000,0.0000,0.0000,27,0,0,0,0,27,0,0,0,0
zc,TA301,2012-06-11 09:03:55.023,7190.0000,129874,-4,0.0000,10.0000,3,7,空平,B,7188.0000,0.0000,0.0000,0.0000,0.0000,7190.0000,0.0000,0.0000,0.0000,0.0000,38,0,0,0,0,9,0,0,0,0
zc,TA301,2012-06-11 09:03:55.587,7190.0000,129874,0,0.0000,18.0000,9,9,多换,B,7190.0000,0.0000,0.0000,0.0000,0.0000,7192.0000,0.0000,0.0000,0.0000,0.0000,1,0,0,0,0,1,0,0,0,0
zc,TA301,2012-06-11 09:03:56.303,7192.0000,129884,10,0.0000,12.0000,11,1,多开,B,7188.0000,0.0000,0.0000,0.0000,0.0000,7194.0000,0.0000,0.0000,0.0000,0.0000,52,0,0,0,0,26,0,0,0,0
zc,TA301,2012-06-11 09:03:56.837,7192.0000,129884,0,0.0000,0.0000,0,0,多换,B,7190.0000,0.0000,0.0000,0.0000,0.0000,7194.0000,0.0000,0.0000,0.0000,0.0000,5,0,0,0,0,27,0,0,0,0
zc,TA301,2012-06-11 09:03:57.337,7190.0000,129884,0,0.0000,2.0000,1,1,空换,S,7190.0000,0.0000,0.0000,0.0000,0.0000,7194.0000,0.0000,0.0000,0.0000,0.0000,16,0,0,0,0,27,0,0,0,0
zc,TA301,2012-06-11 09:03:58.037,7190.0000,129884,0,0.0000,0.0000,0,0,空换,S,7190.0000,0.0000,0.0000,0.0000,0.0000,7194.0000,0.0000,0.0000,0.0000,0.0000,18,0,0,0,0,27,0,0,0,0
zc,TA301,2012-06-11 09:03:58.757,7194.0000,129838,-46,0.0000,96.0000,25,71,空平,B,7194.0000,0.0000,0.0000,0.0000,0.0000,7196.0000,0.0000,0.0000,0.0000,0.0000,373,0,0,0,0,3,0,0,0,0
zc,TA301,2012-06-11 09:03:59.273,7194.0000,129834,-4,0.0000,6.0000,1,5,空平,B,7194.0000,0.0000,0.0000,0.0000,0.0000,7196.0000,0.0000,0.0000,0.0000,0.0000,370,0,0,0,0,3,0,0,0,0
zc,TA301,2012-06-11 09:03:59.787,7194.0000,129814,-20,0.0000,38.0000,9,29,空平,B,7194.0000,0.0000,0.0000,0.0000,0.0000,7198.0000,0.0000,0.0000,0.0000,0.0000,359,0,0,0,0,4,0,0,0,0
zc,TA301,2012-06-11 09:04:00.477,7194.0000,129810,-4,0.0000,6.0000,1,5,空平,B,7194.0000,0.0000,0.0000,0.0000,0.0000,7198.0000,0.0000,0.0000,0.0000,0.0000,356,0,0,0,0,4,0,0,0,0
zc,TA301,2012-06-11 09:04:01.037,7194.0000,129874,64,0.0000,88.0000,76,12,多开,B,7194.0000,0.0000,0.0000,0.0000,0.0000,7200.0000,0.0000,0.0000,0.0000,0.0000,352,0,0,0,0,71,0,0,0,0
zc,TA301,2012-06-11 09:04:01.820,7194.0000,129874,0,0.0000,0.0000,0,0,多换,B,7198.0000,0.0000,0.0000,0.0000,0.0000,7200.0000,0.0000,0.0000,0.0000,0.0000,35,0,0,0,0,63,0,0,0,0
zc,TA301,2012-06-11 09:04:03.007,7196.0000,129876,2,0.0000,106.0000,54,52,多开,B,7198.0000,0.0000,0.0000,0.0000,0.0000,7200.0000,0.0000,0.0000,0.0000,0.0000,2,0,0,0,0,63,0,0,0,0
zc,TA301,2012-06-11 09:04:03.303,7200.0000,129952,76,0.0000,128.0000,102,26,多开,B,7200.0000,0.0000,0.0000,0.0000,0.0000,7202.0000,0.0000,0.0000,0.0000,0.0000,44,0,0,0,0,77,0,0,0,0
zc,TA301,2012-06-11 09:04:04.007,7198.0000,130016,64,0.0000,94.0000,79,15,空开,S,7196.0000,0.0000,0.0000,0.0000,0.0000,7198.0000,0.0000,0.0000,0.0000,0.0000,14,0,0,0,0,2,0,0,0,0
zc,TA301,2012-06-11 09:04:04.787,7202.0000,129868,-148,0.0000,168.0000,10,158,空平,B,7202.0000,0.0000,0.0000,0.0000,0.0000,7204.0000,0.0000,0.0000,0.0000,0.0000,118,0,0,0,0,5,0,0,0,0
zc,TA301,2012-06-11 09:04:05.320,7202.0000,129866,-2,0.0000,24.0000,11,13,空平,B,7202.0000,0.0000,0.0000,0.0000,0.0000,7204.0000,0.0000,0.0000,0.0000,0.0000,106,0,0,0,0,5,0,0,0,0
zc,TA301,2012-06-11 09:04:06.023,7202.0000,129840,-26,0.0000,26.0000,0,26,双平,B,7202.0000,0.0000,0.0000,0.0000,0.0000,7204.0000,0.0000,0.0000,0.0000,0.0000,93,0,0,0,0,5,0,0,0,0
zc,TA301,2012-06-11 09:04:06.507,7202.0000,129814,-26,0.0000,50.0000,12,38,空平,B,7202.0000,0.0000,0.0000,0.0000,0.0000,7204.0000,0.0000,0.0000,0.0000,0.0000,68,0,0,0,0,13,0,0,0,0
zc,TA301,2012-06-11 09:04:07.320,7204.0000,129770,-44,0.0000,62.0000,9,53,空平,B,7204.0000,0.0000,0.0000,0.0000,0.0000,7206.0000,0.0000,0.0000,0.0000,0.0000,4,0,0,0,0,20,0,0,0,0
zc,TA301,2012-06-11 09:04:07.773,7202.0000,129750,-20,0.0000,80.0000,30,50,多平,S,7202.0000,0.0000,0.0000,0.0000,0.0000,7204.0000,0.0000,0.0000,0.0000,0.0000,6,0,0,0,0,13,0,0,0,0
zc,TA301,2012-06-11 09:04:08.537,7200.0000,129754,4,0.0000,20.0000,12,8,空开,S,7200.0000,0.0000,0.0000,0.0000,0.0000,7204.0000,0.0000,0.0000,0.0000,0.0000,33,0,0,0,0,5,0,0,0,0
zc,TA301,2012-06-11 09:04:08.820,7204.0000,129834,80,0.0000,92.0000,86,6,多开,B,7204.0000,0.0000,0.0000,0.0000,0.0000,7206.0000,0.0000,0.0000,0.0000,0.0000,55,0,0,0,0,10,0,0,0,0
zc,TA301,2012-06-11 09:04:09.537,7202.0000,129940,106,0.0000,114.0000,110,4,空开,S,7202.0000,0.0000,0.0000,0.0000,0.0000,7206.0000,0.0000,0.0000,0.0000,0.0000,3,0,0,0,0,8,0,0,0,0
zc,TA301,2012-06-11 09:04:10.037,7206.0000,129944,4,0.0000,6.0000,5,1,多开,B,7204.0000,0.0000,0.0000,0.0000,0.0000,7206.0000,0.0000,0.0000,0.0000,0.0000,5,0,0,0,0,7,0,0,0,0
zc,TA301,2012-06-11 09:04:10.740,7202.0000,129944,0,0.0000,12.0000,6,6,空换,S,7202.0000,0.0000,0.0000,0.0000,0.0000,7204.0000,0.0000,0.0000,0.0000,0.0000,7,0,0,0,0,3,0,0,0,0
zc,TA301,2012-06-11 09:04:11.303,7204.0000,129938,-6,0.0000,8.0000,1,7,空平,B,7204.0000,0.0000,0.0000,0.0000,0.0000,7206.0000,0.0000,0.0000,0.0000,0.0000,4,0,0,0,0,7,0,0,0,0
zc,TA301,2012-06-11 09:04:12.037,7206.0000,129922,-16,0.0000,16.0000,0,16,双平,B,7206.0000,0.0000,0.0000,0.0000,0.0000,7208.0000,0.0000,0.0000,0.0000,0.0000,2,0,0,0,0,8,0,0,0,0
zc,TA301,2012-06-11 09:04:12.553,7206.0000,129974,52,0.0000,68.0000,60,8,多开,B,7202.0000,0.0000,0.0000,0.0000,0.0000,7208.0000,0.0000,0.0000,0.0000,0.0000,2,0,0,0,0,8,0,0,0,0
zc,TA301,2012-06-11 09:04:13.287,7204.0000,129970,-4,0.0000,4.0000,0,4,双平,S,7206.0000,0.0000,0.0000,0.0000,0.0000,7208.0000,0.0000,0.0000,0.0000,0.0000,1,0,0,0,0,8,0,0,0,0
zc,TA301,2012-06-11 09:04:13.773,7208.0000,129982,12,0.0000,24.0000,18,6,多开,B,7202.0000,0.0000,0.0000,0.0000,0.0000,7208.0000,0.0000,0.0000,0.0000,0.0000,5,0,0,0,0,2,0,0,0,0
zc,TA301,2012-06-11 09:04:14.337,7206.0000,129980,-2,0.0000,2.0000,0,2,双平,S,7204.0000,0.0000,0.0000,0.0000,0.0000,7208.0000,0.0000,0.0000,0.0000,0.0000,3,0,0,0,0,1,0,0,0,0
zc,TA301,2012-06-11 09:04:15.053,7210.0000,129976,-4,0.0000,34.0000,15,19,空平,B,7210.0000,0.0000,0.0000,0.0000,0.0000,7212.0000,0.0000,0.0000,0.0000,0.0000,57,0,0,0,0,3,0,0,0,0
zc,TA301,2012-06-11 09:04:15.537,7210.0000,129976,0,0.0000,2.0000,1,1,多换,B,7210.0000,0.0000,0.0000,0.0000,0.0000,7212.0000,0.0000,0.0000,0.0000,0.0000,56,0,0,0,0,3,0,0,0,0
zc,TA301,2012-06-11 09:04:16.303,7210.0000,129976,0,0.0000,44.0000,22,22,多换,B,7210.0000,0.0000,0.0000,0.0000,0.0000,7212.0000,0.0000,0.0000,0.0000,0.0000,334,0,0,0,0,3,0,0,0,0
zc,TA301,2012-06-11 09:04:16.820,7212.0000,130028,52,0.0000,52.0000,52,0,双开,B,7212.0000,0.0000,0.0000,0.0000,0.0000,7216.0000,0.0000,0.0000,0.0000,0.0000,4,0,0,0,0,14,0,0,0,0
zc,TA301,2012-06-11 09:04:17.553,7218.0000,130064,36,0.0000,276.0000,156,120,多开,B,7212.0000,0.0000,0.0000,0.0000,0.0000,7216.0000,0.0000,0.0000,0.0000,0.0000,5,0,0,0,0,1,0,0,0,0
zc,TA301,2012-06-11 09:04:18.023,7210.0000,130054,-10,0.0000,26.0000,8,18,多平,S,7212.0000,0.0000,0.0000,0.0000,0.0000,7218.0000,0.0000,0.0000,0.0000,0.0000,16,0,0,0,0,139,0,0,0,0
zc,TA301,2012-06-11 09:04:18.727,7212.0000,130082,28,0.0000,36.0000,32,4,多开,B,7212.0000,0.0000,0.0000,0.0000,0.0000,7214.0000,0.0000,0.0000,0.0000,0.0000,33,0,0,0,0,20,0,0,0,0
zc,TA301,2012-06-11 09:04:19.287,7218.0000,130086,4,0.0000,44.0000,24,20,多开,B,7216.0000,0.0000,0.0000,0.0000,0.0000,7218.0000,0.0000,0.0000,0.0000,0.0000,1,0,0,0,0,132,0,0,0,0
zc,TA301,2012-06-11 09:04:19.990,7218.0000,130086,0,0.0000,32.0000,16,16,多换,B,7212.0000,0.0000,0.0000,0.0000,0.0000,7218.0000,0.0000,0.0000,0.0000,0.0000,33,0,0,0,0,117,0,0,0,0
zc,TA301,2012-06-11 09:04:20.537,7216.0000,130142,56,0.0000,116.0000,86,30,空开,S,7212.0000,0.0000,0.0000,0.0000,0.0000,7216.0000,0.0000,0.0000,0.0000,0.0000,29,0,0,0,0,76,0,0,0,0
zc,TA301,2012-06-11 09:04:21.037,7212.0000,130144,2,0.0000,68.0000,35,33,空开,S,7210.0000,0.0000,0.0000,0.0000,0.0000,7212.0000,0.0000,0.0000,0.0000,0.0000,217,0,0,0,0,22,0,0,0,0
zc,TA301,2012-06-11 09:04:21.837,7212.0000,130102,-42,0.0000,68.0000,13,55,多平,S,7212.0000,0.0000,0.0000,0.0000,0.0000,7216.0000,0.0000,0.0000,0.0000,0.0000,69,0,0,0,0,43,0,0,0,0
zc,TA301,2012-06-11 09:04:22.303,7212.0000,130096,-6,0.0000,52.0000,23,29,多平,S,7212.0000,0.0000,0.0000,0.0000,0.0000,7214.0000,0.0000,0.0000,0.0000,0.0000,70,0,0,0,0,22,0,0,0,0
zc,TA301,2012-06-11 09:04:23.023,7212.0000,130110,14,0.0000,22.0000,18,4,空开,S,7212.0000,0.0000,0.0000,0.0000,0.0000,7214.0000,0.0000,0.0000,0.0000,0.0000,73,0,0,0,0,48,0,0,0,0
zc,TA301,2012-06-11 09:04:23.787,7214.0000,130114,4,0.0000,190.0000,97,93,多开,B,7214.0000,0.0000,0.0000,0.0000,0.0000,7216.0000,0.0000,0.0000,0.0000,0.0000,296,0,0,0,0,17,0,0,0,0
zc,TA301,2012-06-11 09:04:24.273,7214.0000,130110,-4,0.0000,76.0000,36,40,空平,B,7214.0000,0.0000,0.0000,0.0000,0.0000,7216.0000,0.0000,0.0000,0.0000,0.0000,260,0,0,0,0,12,0,0,0,0
zc,TA301,2012-06-11 09:04:24.977,7214.0000,130126,16,0.0000,80.0000,48,32,多开,B,7214.0000,0.0000,0.0000,0.0000,0.0000,7216.0000,0.0000,0.0000,0.0000,0.0000,240,0,0,0,0,26,0,0,0,0
zc,TA301,2012-06-11 09:04:25.757,7214.0000,130122,-4,0.0000,6.0000,1,5,空平,B,7214.0000,0.0000,0.0000,0.0000,0.0000,7216.0000,0.0000,0.0000,0.0000,0.0000,238,0,0,0,0,25,0,0,0,0
zc,TA301,2012-06-11 09:04:26.273,7214.0000,130212,90,0.0000,146.0000,118,28,多开,B,7214.0000,0.0000,0.0000,0.0000,0.0000,7216.0000,0.0000,0.0000,0.0000,0.0000,210,0,0,0,0,32,0,0,0,0
zc,TA301,2012-06-11 09:04:26.803,7214.0000,130204,-8,0.0000,12.0000,2,10,空平,B,7214.0000,0.0000,0.0000,0.0000,0.0000,7216.0000,0.0000,0.0000,0.0000,0.0000,205,0,0,0,0,9,0,0,0,0
zc,TA301,2012-06-11 09:04:27.287,7216.0000,130208,4,0.0000,18.0000,11,7,多开,B,7216.0000,0.0000,0.0000,0.0000,0.0000,7218.0000,0.0000,0.0000,0.0000,0.0000,3,0,0,0,0,44,0,0,0,0
zc,TA301,2012-06-11 09:04:27.990,7214.0000,130196,-12,0.0000,92.0000,40,52,多平,S,7214.0000,0.0000,0.0000,0.0000,0.0000,7216.0000,0.0000,0.0000,0.0000,0.0000,164,0,0,0,0,9,0,0,0,0
zc,TA301,2012-06-11 09:04:28.537,7218.0000,130134,-62,0.0000,800.0000,369,431,空平,B,7214.0000,0.0000,0.0000,0.0000,0.0000,7218.0000,0.0000,0.0000,0.0000,0.0000,165,0,0,0,0,14,0,0,0,0
zc,TA301,2012-06-11 09:04:29.257,7214.0000,130144,10,0.0000,80.0000,45,35,空开,S,7214.0000,0.0000,0.0000,0.0000,0.0000,7218.0000,0.0000,0.0000,0.0000,0.0000,130,0,0,0,0,34,0,0,0,0
zc,TA301,2012-06-11 09:04:29.757,7218.0000,130144,0,0.0000,2.0000,1,1,多换,B,7214.0000,0.0000,0.0000,0.0000,0.0000,7216.0000,0.0000,0.0000,0.0000,0.0000,130,0,0,0,0,12,0,0,0,0
zc,TA301,2012-06-11 09:04:30.537,7218.0000,130422,278,0.0000,332.0000,305,27,多开,B,7218.0000,0.0000,0.0000,0.0000,0.0000,7220.0000,0.0000,0.0000,0.0000,0.0000,55,0,0,0,0,16,0,0,0,0
zc,TA301,2012-06-11 09:04:31.037,7220.0000,130486,64,0.0000,66.0000,65,1,多开,B,7218.0000,0.0000,0.0000,0.0000,0.0000,7220.0000,0.0000,0.0000,0.0000,0.0000,25,0,0,0,0,14,0,0,0,0
zc,TA301,2012-06-11 09:04:31.787,7220.0000,130490,4,0.0000,16.0000,10,6,多开,B,7218.0000,0.0000,0.0000,0.0000,0.0000,7220.0000,0.0000,0.0000,0.0000,0.0000,21,0,0,0,0,10,0,0,0,0
zc,TA301,2012-06-11 09:04:32.287,7220.0000,130484,-6,0.0000,84.0000,39,45,空平,B,7220.0000,0.0000,0.0000,0.0000,0.0000,7222.0000,0.0000,0.0000,0.0000,0.0000,29,0,0,0,0,4,0,0,0,0
zc,TA301,2012-06-11 09:04:33.070,7222.0000,130474,-10,0.0000,24.0000,7,17,空平,B,7222.0000,0.0000,0.0000,0.0000,0.0000,7224.0000,0.0000,0.0000,0.0000,0.0000,20,0,0,0,0,2,0,0,0,0
zc,TA301,2012-06-11 09:04:33.537,7224.0000,130474,0,0.0000,4.0000,2,2,多换,B,7222.0000,0.0000,0.0000,0.0000,0.0000,7224.0000,0.0000,0.0000,0.0000,0.0000,19,0,0,0,0,1,0,0,0,0
zc,TA301,2012-06-11 09:04:34.273,7224.0000,130474,0,0.0000,0.0000,0,0,多换,B,7222.0000,0.0000,0.0000,0.0000,0.0000,7224.0000,0.0000,0.0000,0.0000,0.0000,9,0,0,0,0,1,0,0,0,0
zc,TA301,2012-06-11 09:04:34.740,7230.0000,130432,-42,0.0000,192.0000,75,117,空平,B,7224.0000,0.0000,0.0000,0.0000,0.0000,7230.0000,0.0000,0.0000,0.0000,0.0000,5,0,0,0,0,184,0,0,0,0
zc,TA301,2012-06-11 09:04:35.587,7224.0000,130314,-118,0.0000,144.0000,13,131,多平,S,7224.0000,0.0000,0.0000,0.0000,0.0000,7228.0000,0.0000,0.0000,0.0000,0.0000,3,0,0,0,0,27,0,0,0,0
zc,TA301,2012-06-11 09:04:36.257,7228.0000,130314,0,0.0000,8.0000,4,4,多换,B,7224.0000,0.0000,0.0000,0.0000,0.0000,7228.0000,0.0000,0.0000,0.0000,0.0000,6,0,0,0,0,168,0,0,0,0
zc,TA301,2012-06-11 09:04:36.757,7228.0000,130324,10,0.0000,10.0000,10,0,双开,B,7224.0000,0.0000,0.0000,0.0000,0.0000,7228.0000,0.0000,0.0000,0.0000,0.0000,3,0,0,0,0,243,0,0,0,0
zc,TA301,2012-06-11 09:04:37.303,7218.0000,130322,-2,0.0000,28.0000,13,15,多平,S,7218.0000,0.0000,0.0000,0.0000,0.0000,7224.0000,0.0000,0.0000,0.0000,0.0000,10,0,0,0,0,3,0,0,0,0
zc,TA301,2012-06-11 09:04:38.273,7218.0000,130322,0,0.0000,10.0000,5,5,空换,S,7218.0000,0.0000,0.0000,0.0000,0.0000,7224.0000,0.0000,0.0000,0.0000,0.0000,8,0,0,0,0,29,0,0,0,0
zc,TA301,2012-06-11 09:04:38.757,7224.0000,130346,24,0.0000,26.0000,25,1,多开,B,7218.0000,0.0000,0.0000,0.0000,0.0000,7224.0000,0.0000,0.0000,0.0000,0.0000,8,0,0,0,0,16,0,0,0,0
zc,TA301,2012-06-11 09:04:39.273,7218.0000,130354,8,0.0000,14.0000,11,3,空开,S,7218.0000,0.0000,0.0000,0.0000,0.0000,7220.0000,0.0000,0.0000,0.0000,0.0000,8,0,0,0,0,2,0,0,0,0
zc,TA301,2012-06-11 09:04:40.007,7218.0000,130358,4,0.0000,10.0000,7,3,空开,S,7218.0000,0.0000,0.0000,0.0000,0.0000,7224.0000,0.0000,0.0000,0.0000,0.0000,5,0,0,0,0,27,0,0,0,0
zc,TA301,2012-06-11 09:04:40.523,7218.0000,130350,-8,0.0000,8.0000,0,8,双平,S,7218.0000,0.0000,0.0000,0.0000,0.0000,7222.0000,0.0000,0.0000,0.0000,0.0000,21,0,0,0,0,3,0,0,0,0
zc,TA301,2012-06-11 09:04:41.303,7220.0000,130348,-2,0.0000,14.0000,6,8,空平,B,7220.0000,0.0000,0.0000,0.0000,0.0000,7224.0000,0.0000,0.0000,0.0000,0.0000,14,0,0,0,0,28,0,0,0,0
zc,TA301,2012-06-11 09:04:41.740,7222.0000,130320,-28,0.0000,52.0000,12,40,空平,B,7220.0000,0.0000,0.0000,0.0000,0.0000,7222.0000,0.0000,0.0000,0.0000,0.0000,3,0,0,0,0,54,0,0,0,0
zc,TA301,2012-06-11 09:04:42.537,7228.0000,130150,-170,0.0000,200.0000,15,185,空平,B,7228.0000,0.0000,0.0000,0.0000,0.0000,7230.0000,0.0000,0.0000,0.0000,0.0000,117,0,0,0,0,230,0,0,0,0
zc,TA301,2012-06-11 09:04:43.273,7228.0000,130140,-10,0.0000,158.0000,74,84,空平,B,7228.0000,0.0000,0.0000,0.0000,0.0000,7230.0000,0.0000,0.0000,0.0000,0.0000,38,0,0,0,0,117,0,0,0,0
zc,TA301,2012-06-11 09:04:44.037,7224.0000,130080,-60,0.0000,122.0000,31,91,多平,S,7224.0000,0.0000,0.0000,0.0000,0.0000,7228.0000,0.0000,0.0000,0.0000,0.0000,95,0,0,0,0,2,0,0,0,0
zc,TA301,2012-06-11 09:04:44.553,7228.0000,130084,4,0.0000,12.0000,8,4,多开,B,7224.0000,0.0000,0.0000,0.0000,0.0000,7228.0000,0.0000,0.0000,0.0000,0.0000,94,0,0,0,0,1,0,0,0,0
zc,TA301,2012-06-11 09:04:45.320,7230.0000,130086,2,0.0000,6.0000,4,2,多开,B,7228.0000,0.0000,0.0000,0.0000,0.0000,7230.0000,0.0000,0.0000,0.0000,0.0000,14,0,0,0,0,8,0,0,0,0
zc,TA301,2012-06-11 09:04:45.727,7228.0000,130088,2,0.0000,8.0000,5,3,空开,S,7228.0000,0.0000,0.0000,0.0000,0.0000,7230.0000,0.0000,0.0000,0.0000,0.0000,10,0,0,0,0,8,0,0,0,0
zc,TA301,2012-06-11 09:04:46.507,7228.0000,130092,4,0.0000,10.0000,7,3,空开,S,7228.0000,0.0000,0.0000,0.0000,0.0000,7230.0000,0.0000,0.0000,0.0000,0.0000,17,0,0,0,0,8,0,0,0,0
zc,TA301,2012-06-11 09:04:46.803,7230.0000,130102,10,0.0000,22.0000,16,6,多开,B,7230.0000,0.0000,0.0000,0.0000,0.0000,7232.0000,0.0000,0.0000,0.0000,0.0000,9,0,0,0,0,4,0,0,0,0
zc,TA301,2012-06-11 09:04:47.507,7232.0000,130110,8,0.0000,16.0000,12,4,多开,B,7230.0000,0.0000,0.0000,0.0000,0.0000,7232.0000,0.0000,0.0000,0.0000,0.0000,10,0,0,0,0,3,0,0,0,0
zc,TA301,2012-06-11 09:04:48.037,7230.0000,130108,-2,0.0000,6.0000,2,4,多平,S,7230.0000,0.0000,0.0000,0.0000,0.0000,7232.0000,0.0000,0.0000,0.0000,0.0000,58,0,0,0,0,3,0,0,0,0
zc,TA301,2012-06-11 09:04:48.787,7230.0000,130096,-12,0.0000,20.0000,4,16,多平,S,7230.0000,0.0000,0.0000,0.0000,0.0000,7234.0000,0.0000,0.0000,0.0000,0.0000,351,0,0,0,0,33,0,0,0,0
zc,TA301,2012-06-11 09:04:49.287,7230.0000,130098,2,0.0000,28.0000,15,13,空开,S,7232.0000,0.0000,0.0000,0.0000,0.0000,7234.0000,0.0000,0.0000,0.0000,0.0000,7,0,0,0,0,40,0,0,0,0
zc,TA301,2012-06-11 09:04:50.053,7230.0000,130080,-18,0.0000,18.0000,0,18,双平,S,7232.0000,0.0000,0.0000,0.0000,0.0000,7236.0000,0.0000,0.0000,0.0000,0.0000,3,0,0,0,0,3,0,0,0,0
zc,TA301,2012-06-11 09:04:50.537,7234.0000,130072,-8,0.0000,14.0000,3,11,空平,B,7234.0000,0.0000,0.0000,0.0000,0.0000,7236.0000,0.0000,0.0000,0.0000,0.0000,115,0,0,0,0,2,0,0,0,0
zc,TA301,2012-06-11 09:04:51.303,7234.0000,130056,-16,0.0000,26.0000,5,21,空平,B,7234.0000,0.0000,0.0000,0.0000,0.0000,7238.0000,0.0000,0.0000,0.0000,0.0000,113,0,0,0,0,6,0,0,0,0
zc,TA301,2012-06-11 09:04:52.037,7238.0000,130050,-6,0.0000,12.0000,3,9,空平,B,7236.0000,0.0000,0.0000,0.0000,0.0000,7240.0000,0.0000,0.0000,0.0000,0.0000,3,0,0,0,0,45,0,0,0,0
zc,TA301,2012-06-11 09:04:52.553,7240.0000,130048,-2,0.0000,2.0000,0,2,双平,B,7238.0000,0.0000,0.0000,0.0000,0.0000,7240.0000,0.0000,0.0000,0.0000,0.0000,9,0,0,0,0,40,0,0,0,0
zc,TA301,2012-06-11 09:04:53.303,7238.0000,130044,-4,0.0000,6.0000,1,5,多平,S,7238.0000,0.0000,0.0000,0.0000,0.0000,7240.0000,0.0000,0.0000,0.0000,0.0000,25,0,0,0,0,38,0,0,0,0
zc,TA301,2012-06-11 09:04:53.507,7240.0000,130064,20,0.0000,46.0000,33,13,多开,B,7238.0000,0.0000,0.0000,0.0000,0.0000,7240.0000,0.0000,0.0000,0.0000,0.0000,15,0,0,0,0,32,0,0,0,0
zc,TA301,2012-06-11 09:04:54.273,7238.0000,130052,-12,0.0000,76.0000,32,44,多平,S,7238.0000,0.0000,0.0000,0.0000,0.0000,7242.0000,0.0000,0.0000,0.0000,0.0000,4,0,0,0,0,3,0,0,0,0
zc,TA301,2012-06-11 09:04:54.803,7238.0000,130054,2,0.0000,22.0000,12,10,空开,S,7238.0000,0.0000,0.0000,0.0000,0.0000,7246.0000,0.0000,0.0000,0.0000,0.0000,17,0,0,0,0,42,0,0,0,0
zc,TA301,2012-06-11 09:04:55.537,7238.0000,130048,-6,0.0000,10.0000,2,8,多平,S,7240.0000,0.0000,0.0000,0.0000,0.0000,7246.0000,0.0000,0.0000,0.0000,0.0000,10,0,0,0,0,42,0,0,0,0
zc,TA301,2012-06-11 09:04:56.037,7246.0000,130044,-4,0.0000,14.0000,5,9,空平,B,7240.0000,0.0000,0.0000,0.0000,0.0000,7246.0000,0.0000,0.0000,0.0000,0.0000,7,0,0,0,0,38,0,0,0,0
zc,TA301,2012-06-11 09:04:56.803,7240.0000,130036,-8,0.0000,12.0000,2,10,多平,S,7242.0000,0.0000,0.0000,0.0000,0.0000,7248.0000,0.0000,0.0000,0.0000,0.0000,28,0,0,0,0,5,0,0,0,0
zc,TA301,2012-06-11 09:04:57.303,7248.0000,130034,-2,0.0000,4.0000,1,3,空平,B,7246.0000,0.0000,0.0000,0.0000,0.0000,7248.0000,0.0000,0.0000,0.0000,0.0000,2,0,0,0,0,5,0,0,0,0
zc,TA301,2012-06-11 09:04:58.287,7246.0000,130024,-10,0.0000,12.0000,1,11,多平,S,7246.0000,0.0000,0.0000,0.0000,0.0000,7248.0000,0.0000,0.0000,0.0000,0.0000,8,0,0,0,0,5,0,0,0,0
zc,TA301,2012-06-11 09:04:58.820,7258.0000,129858,-166,0.0000,176.0000,5,171,空平,B,7258.0000,0.0000,0.0000,0.0000,0.0000,7266.0000,0.0000,0.0000,0.0000,0.0000,15,0,0,0,0,23,0,0,0,0
zc,TA301,2012-06-11 09:04:59.273,7258.0000,129850,-8,0.0000,38.0000,15,23,空平,B,7258.0000,0.0000,0.0000,0.0000,0.0000,7264.0000,0.0000,0.0000,0.0000,0.0000,16,0,0,0,0,5,0,0,0,0
zc,TA301,2012-06-11 09:05:00.070,7270.0000,129754,-96,0.0000,104.0000,4,100,空平,B,7266.0000,0.0000,0.0000,0.0000,0.0000,7274.0000,0.0000,0.0000,0.0000,0.0000,14,0,0,0,0,2,0,0,0,0
zc,TA301,2012-06-11 09:05:00.820,7264.0000,129660,-94,0.0000,122.0000,14,108,多平,S,7264.0000,0.0000,0.0000,0.0000,0.0000,7276.0000,0.0000,0.0000,0.0000,0.0000,2,0,0,0,0,8,0,0,0,0
zc,TA301,2012-06-11 09:05:01.273,7264.0000,129620,-40,0.0000,44.0000,2,42,多平,S,7264.0000,0.0000,0.0000,0.0000,0.0000,7276.0000,0.0000,0.0000,0.0000,0.0000,16,0,0,0,0,5,0,0,0,0
zc,TA301,2012-06-11 09:05:02.037,7264.0000,129608,-12,0.0000,16.0000,2,14,多平,S,7264.0000,0.0000,0.0000,0.0000,0.0000,7270.0000,0.0000,0.0000,0.0000,0.0000,9,0,0,0,0,1,0,0,0,0
zc,TA301,2012-06-11 09:05:02.477,7264.0000,129604,-4,0.0000,4.0000,0,4,双平,S,7262.0000,0.0000,0.0000,0.0000,0.0000,7272.0000,0.0000,0.0000,0.0000,0.0000,8,0,0,0,0,5,0,0,0,0
zc,TA301,2012-06-11 09:05:02.820,7272.0000,129602,-2,0.0000,22.0000,10,12,空平,B,7262.0000,0.0000,0.0000,0.0000,0.0000,7272.0000,0.0000,0.0000,0.0000,0.0000,2,0,0,0,0,32,0,0,0,0
zc,TA301,2012-06-11 09:05:03.507,7268.0000,129602,0,0.0000,6.0000,3,3,空换,S,7262.0000,0.0000,0.0000,0.0000,0.0000,7268.0000,0.0000,0.0000,0.0000,0.0000,12,0,0,0,0,5,0,0,0,0
zc,TA301,2012-06-11 09:05:04.037,7264.0000,129614,12,0.0000,24.0000,18,6,空开,S,7262.0000,0.0000,0.0000,0.0000,0.0000,7270.0000,0.0000,0.0000,0.0000,0.0000,2,0,0,0,0,26,0,0,0,0
zc,TA301,2012-06-11 09:05:04.757,7260.0000,129610,-4,0.0000,16.0000,6,10,多平,S,7260.0000,0.0000,0.0000,0.0000,0.0000,7266.0000,0.0000,0.0000,0.0000,0.0000,3,0,0,0,0,1,0,0,0,0
zc,TA301,2012-06-11 09:05:05.273,7260.0000,129572,-38,0.0000,60.0000,11,49,多平,S,7260.0000,0.0000,0.0000,0.0000,0.0000,7270.0000,0.0000,0.0000,0.0000,0.0000,4,0,0,0,0,23,0,0,0,0
zc,TA301,2012-06-11 09:05:06.037,7260.0000,129498,-74,0.0000,106.0000,16,90,多平,S,7250.0000,0.0000,0.0000,0.0000,0.0000,7268.0000,0.0000,0.0000,0.0000,0.0000,5,0,0,0,0,10,0,0,0,0
zc,TA301,2012-06-11 09:05:06.337,7258.0000,129494,-4,0.0000,4.0000,0,4,双平,S,7252.0000,0.0000,0.0000,0.0000,0.0000,7262.0000,0.0000,0.0000,0.0000,0.0000,10,0,0,0,0,21,0,0,0,0
zc,TA301,2012-06-11 09:05:07.053,7252.0000,129454,-40,0.0000,52.0000,6,46,多平,S,7260.0000,0.0000,0.0000,0.0000,0.0000,7262.0000,0.0000,0.0000,0.0000,0.0000,37,0,0,0,0,9,0,0,0,0
zc,TA301,2012-06-11 09:05:07.803,7268.0000,129468,14,0.0000,92.0000,53,39,多开,B,7252.0000,0.0000,0.0000,0.0000,0.0000,7268.0000,0.0000,0.0000,0.0000,0.0000,4,0,0,0,0,1,0,0,0,0
zc,TA301,2012-06-11 09:05:08.320,7250.0000,129462,-6,0.0000,8.0000,1,7,多平,S,7252.0000,0.0000,0.0000,0.0000,0.0000,7260.0000,0.0000,0.0000,0.0000,0.0000,1,0,0,0,0,4,0,0,0,0
zc,TA301,2012-06-11 09:05:09.023,7258.0000,129482,20,0.0000,28.0000,24,4,多开,B,7252.0000,0.0000,0.0000,0.0000,0.0000,7258.0000,0.0000,0.0000,0.0000,0.0000,19,0,0,0,0,9,0,0,0,0
zc,TA301,2012-06-11 09:05:09.570,7250.0000,129474,-8,0.0000,442.0000,217,225,多平,S,7246.0000,0.0000,0.0000,0.0000,0.0000,7252.0000,0.0000,0.0000,0.0000,0.0000,14,0,0,0,0,2,0,0,0,0
zc,TA301,2012-06-11 09:05:10.303,7258.0000,129450,-24,0.0000,248.0000,112,136,空平,B,7252.0000,0.0000,0.0000,0.0000,0.0000,7260.0000,0.0000,0.0000,0.0000,0.0000,1,0,0,0,0,6,0,0,0,0
zc,TA301,2012-06-11 09:05:11.053,7250.0000,129426,-24,0.0000,106.0000,41,65,多平,S,7250.0000,0.0000,0.0000,0.0000,0.0000,7252.0000,0.0000,0.0000,0.0000,0.0000,115,0,0,0,0,1,0,0,0,0
zc,TA301,2012-06-11 09:05:11.523,7252.0000,129420,-6,0.0000,12.0000,3,9,空平,B,7250.0000,0.0000,0.0000,0.0000,0.0000,7252.0000,0.0000,0.0000,0.0000,0.0000,110,0,0,0,0,3,0,0,0,0
zc,TA301,2012-06-11 09:05:12.287,7252.0000,129428,8,0.0000,42.0000,25,17,多开,B,7252.0000,0.0000,0.0000,0.0000,0.0000,7260.0000,0.0000,0.0000,0.0000,0.0000,3,0,0,0,0,20,0,0,0,0
zc,TA301,2012-06-11 09:05:13.023,7260.0000,129404,-24,0.0000,34.0000,5,29,空平,B,7256.0000,0.0000,0.0000,0.0000,0.0000,7260.0000,0.0000,0.0000,0.0000,0.0000,5,0,0,0,0,19,0,0,0,0
zc,TA301,2012-06-11 09:05:13.587,7260.0000,129322,-82,0.0000,88.0000,3,85,空平,B,7260.0000,0.0000,0.0000,0.0000,0.0000,7262.0000,0.0000,0.0000,0.0000,0.0000,3,0,0,0,0,3,0,0,0,0
zc,TA301,2012-06-11 09:05:14.287,7260.0000,129290,-32,0.0000,32.0000,0,32,双平,B,7260.0000,0.0000,0.0000,0.0000,0.0000,7262.0000,0.0000,0.0000,0.0000,0.0000,40,0,0,0,0,5,0,0,0,0
zc,TA301,2012-06-11 09:05:14.787,7258.0000,129278,-12,0.0000,76.0000,32,44,多平,S,7258.0000,0.0000,0.0000,0.0000,0.0000,7262.0000,0.0000,0.0000,0.0000,0.0000,2,0,0,0,0,5,0,0,0,0
zc,TA301,2012-06-11 09:05:15.553,7262.0000,129256,-22,0.0000,62.0000,20,42,空平,B,7262.0000,0.0000,0.0000,0.0000,0.0000,7264.0000,0.0000,0.0000,0.0000,0.0000,93,0,0,0,0,16,0,0,0,0
zc,TA301,2012-06-11 09:05:16.053,7262.0000,129246,-10,0.0000,24.0000,7,17,空平,B,7262.0000,0.0000,0.0000,0.0000,0.0000,7264.0000,0.0000,0.0000,0.0000,0.0000,81,0,0,0,0,25,0,0,0,0
zc,TA301,2012-06-11 09:05:16.773,7262.0000,129224,-22,0.0000,26.0000,2,24,空平,B,7262.0000,0.0000,0.0000,0.0000,0.0000,7264.0000,0.0000,0.0000,0.0000,0.0000,78,0,0,0,0,205,0,0,0,0
zc,TA301,2012-06-11 09:05:17.303,7262.0000,129230,6,0.0000,156.0000,81,75,多开,B,7256.0000,0.0000,0.0000,0.0000,0.0000,7262.0000,0.0000,0.0000,0.0000,0.0000,1,0,0,0,0,124,0,0,0,0
zc,TA301,2012-06-11 09:05:18.037,7258.0000,129232,2,0.0000,4.0000,3,1,空开,S,7254.0000,0.0000,0.0000,0.0000,0.0000,7260.0000,0.0000,0.0000,0.0000,0.0000,1,0,0,0,0,1,0,0,0,0
zc,TA301,2012-06-11 09:05:18.320,7256.0000,129236,4,0.0000,44.0000,24,20,空开,S,7252.0000,0.0000,0.0000,0.0000,0.0000,7254.0000,0.0000,0.0000,0.0000,0.0000,303,0,0,0,0,295,0,0,0,0
zc,TA301,2012-06-11 09:05:19.037,7254.0000,129200,-36,0.0000,62.0000,13,49,多平,S,7252.0000,0.0000,0.0000,0.0000,0.0000,7254.0000,0.0000,0.0000,0.0000,0.0000,292,0,0,0,0,275,0,0,0,0
zc,TA301,2012-06-11 09:05:19.553,7254.0000,129200,0,0.0000,4.0000,2,2,空换,S,7252.0000,0.0000,0.0000,0.0000,0.0000,7254.0000,0.0000,0.0000,0.0000,0.0000,292,0,0,0,0,273,0,0,0,0
zc,TA301,2012-06-11 09:05:20.257,7252.0000,129188,-12,0.0000,32.0000,10,22,多平,S,7252.0000,0.0000,0.0000,0.0000,0.0000,7254.0000,0.0000,0.0000,0.0000,0.0000,276,0,0,0,0,260,0,0,0,0
zc,TA301,2012-06-11 09:05:21.037,7252.0000,129160,-28,0.0000,48.0000,10,38,多平,S,7252.0000,0.0000,0.0000,0.0000,0.0000,7254.0000,0.0000,0.0000,0.0000,0.0000,263,0,0,0,0,250,0,0,0,0
zc,TA301,2012-06-11 09:05:21.570,7252.0000,129128,-32,0.0000,34.0000,1,33,多平,S,7252.0000,0.0000,0.0000,0.0000,0.0000,7254.0000,0.0000,0.0000,0.0000,0.0000,247,0,0,0,0,336,0,0,0,0
zc,TA301,2012-06-11 09:05:22.007,7252.0000,129106,-22,0.0000,134.0000,56,78,多平,S,7252.0000,0.0000,0.0000,0.0000,0.0000,7254.0000,0.0000,0.0000,0.0000,0.0000,180,0,0,0,0,336,0,0,0,0
zc,TA301,2012-06-11 09:05:23.037,7252.0000,129078,-28,0.0000,222.0000,97,125,多平,S,7252.0000,0.0000,0.0000,0.0000,0.0000,7254.0000,0.0000,0.0000,0.0000,0.0000,69,0,0,0,0,249,0,0,0,0
zc,TA301,2012-06-11 09:05:23.537,7254.0000,129064,-14,0.0000,56.0000,21,35,空平,B,7252.0000,0.0000,0.0000,0.0000,0.0000,7254.0000,0.0000,0.0000,0.0000,0.0000,43,0,0,0,0,247,0,0,0,0
zc,TA301,2012-06-11 09:05:24.037,7252.0000,129030,-34,0.0000,90.0000,28,62,多平,S,7250.0000,0.0000,0.0000,0.0000,0.0000,7252.0000,0.0000,0.0000,0.0000,0.0000,172,0,0,0,0,38,0,0,0,0
zc,TA301,2012-06-11 09:05:24.757,7250.0000,129050,20,0.0000,20.0000,20,0,双开,S,7250.0000,0.0000,0.0000,0.0000,0.0000,7252.0000,0.0000,0.0000,0.0000,0.0000,162,0,0,0,0,42,0,0,0,0
zc,TA301,2012-06-11 09:05:25.037,7250.0000,129052,2,0.0000,2.0000,2,0,双开,S,7250.0000,0.0000,0.0000,0.0000,0.0000,7252.0000,0.0000,0.0000,0.0000,0.0000,161,0,0,0,0,10,0,0,0,0
zc,TA301,2012-06-11 09:05:25.757,7250.0000,129086,34,0.0000,50.0000,42,8,空开,S,7250.0000,0.0000,0.0000,0.0000,0.0000,7252.0000,0.0000,0.0000,0.0000,0.0000,136,0,0,0,0,84,0,0,0,0
zc,TA301,2012-06-11 09:05:26.273,7250.0000,129304,218,0.0000,272.0000,245,27,空开,S,7248.0000,0.0000,0.0000,0.0000,0.0000,7250.0000,0.0000,0.0000,0.0000,0.0000,2,0,0,0,0,16,0,0,0,0
zc,TA301,2012-06-11 09:05:27.037,7246.0000,129306,2,0.0000,8.0000,5,3,空开,S,7246.0000,0.0000,0.0000,0.0000,0.0000,7250.0000,0.0000,0.0000,0.0000,0.0000,5,0,0,0,0,41,0,0,0,0
zc,TA301,2012-06-11 09:05:27.537,7246.0000,129306,0,0.0000,0.0000,0,0,空换,S,7246.0000,0.0000,0.0000,0.0000,0.0000,7248.0000,0.0000,0.0000,0.0000,0.0000,34,0,0,0,0,3,0,0,0,0
zc,TA301,2012-06-11 09:05:28.257,7246.0000,129306,0,0.0000,2.0000,1,1,空换,S,7246.0000,0.0000,0.0000,0.0000,0.0000,7248.0000,0.0000,0.0000,0.0000,0.0000,33,0,0,0,0,3,0,0,0,0
zc,TA301,2012-06-11 09:05:28.787,7246.0000,129302,-4,0.0000,104.0000,50,54,多平,S,7248.0000,0.0000,0.0000,0.0000,0.0000,7250.0000,0.0000,0.0000,0.0000,0.0000,1,0,0,0,0,67,0,0,0,0
zc,TA301,2012-06-11 09:05:29.507,7246.0000,129304,2,0.0000,4.0000,3,1,空开,S,7248.0000,0.0000,0.0000,0.0000,0.0000,7250.0000,0.0000,0.0000,0.0000,0.0000,19,0,0,0,0,61,0,0,0,0
zc,TA301,2012-06-11 09:05:30.023,7248.0000,129304,0,0.0000,44.0000,22,22,多换,B,7248.0000,0.0000,0.0000,0.0000,0.0000,7250.0000,0.0000,0.0000,0.0000,0.0000,39,0,0,0,0,59,0,0,0,0
zc,TA301,2012-06-11 09:05:30.757,7248.0000,129296,-8,0.0000,8.0000,0,8,双平,B,7248.0000,0.0000,0.0000,0.0000,0.0000,7250.0000,0.0000,0.0000,0.0000,0.0000,35,0,0,0,0,59,0,0,0,0
zc,TA301,2012-06-11 09:05:31.287,7248.0000,129296,0,0.0000,2.0000,1,1,多换,B,7248.0000,0.0000,0.0000,0.0000,0.0000,7250.0000,0.0000,0.0000,0.0000,0.0000,30,0,0,0,0,58,0,0,0,0
zc,TA301,2012-06-11 09:05:31.757,7250.0000,129314,18,0.0000,22.0000,20,2,多开,B,7248.0000,0.0000,0.0000,0.0000,0.0000,7250.0000,0.0000,0.0000,0.0000,0.0000,30,0,0,0,0,59,0,0,0,0
zc,TA301,2012-06-11 09:05:32.507,7250.0000,129294,-20,0.0000,20.0000,0,20,双平,B,7248.0000,0.0000,0.0000,0.0000,0.0000,7250.0000,0.0000,0.0000,0.0000,0.0000,20,0,0,0,0,50,0,0,0,0
zc,TA301,2012-06-11 09:05:33.273,7248.0000,129316,22,0.0000,32.0000,27,5,空开,S,7248.0000,0.0000,0.0000,0.0000,0.0000,7250.0000,0.0000,0.0000,0.0000,0.0000,4,0,0,0,0,50,0,0,0,0
zc,TA301,2012-06-11 09:05:34.007,7248.0000,129284,-32,0.0000,40.0000,4,36,多平,S,7246.0000,0.0000,0.0000,0.0000,0.0000,7248.0000,0.0000,0.0000,0.0000,0.0000,67,0,0,0,0,8,0,0,0,0
zc,TA301,2012-06-11 09:05:34.240,7250.0000,129238,-46,0.0000,148.0000,51,97,空平,B,7250.0000,0.0000,0.0000,0.0000,0.0000,7252.0000,0.0000,0.0000,0.0000,0.0000,229,0,0,0,0,124,0,0,0,0
zc,TA301,2012-06-11 09:05:34.990,7250.0000,129212,-26,0.0000,34.0000,4,30,空平,B,7250.0000,0.0000,0.0000,0.0000,0.0000,7252.0000,0.0000,0.0000,0.0000,0.0000,212,0,0,0,0,139,0,0,0,0
zc,TA301,2012-06-11 09:05:35.490,7250.0000,129198,-14,0.0000,54.0000,20,34,空平,B,7250.0000,0.0000,0.0000,0.0000,0.0000,7252.0000,0.0000,0.0000,0.0000,0.0000,185,0,0,0,0,141,0,0,0,0
zc,TA301,2012-06-11 09:05:36.303,7250.0000,129156,-42,0.0000,62.0000,10,52,空平,B,7250.0000,0.0000,0.0000,0.0000,0.0000,7252.0000,0.0000,0.0000,0.0000,0.0000,154,0,0,0,0,124,0,0,0,0
zc,TA301,2012-06-11 09:05:36.773,7250.0000,129062,-94,0.0000,198.0000,52,146,空平,B,7250.0000,0.0000,0.0000,0.0000,0.0000,7252.0000,0.0000,0.0000,0.0000,0.0000,55,0,0,0,0,120,0,0,0,0
zc,TA301,2012-06-11 09:05:37.507,7250.0000,129048,-14,0.0000,14.0000,0,14,双平,B,7250.0000,0.0000,0.0000,0.0000,0.0000,7252.0000,0.0000,0.0000,0.0000,0.0000,48,0,0,0,0,117,0,0,0,0
zc,TA301,2012-06-11 09:05:37.990,7248.0000,128952,-96,0.0000,100.0000,2,98,多平,S,7246.0000,0.0000,0.0000,0.0000,0.0000,7250.0000,0.0000,0.0000,0.0000,0.0000,34,0,0,0,0,33,0,0,0,0
zc,TA301,2012-06-11 09:05:38.490,7248.0000,128952,0,0.0000,0.0000,0,0,空换,S,7246.0000,0.0000,0.0000,0.0000,0.0000,7248.0000,0.0000,0.0000,0.0000,0.0000,34,0,0,0,0,22,0,0,0,0
zc,TA301,2012-06-11 09:05:39.287,7248.0000,128912,-40,0.0000,40.0000,0,40,双平,S,7246.0000,0.0000,0.0000,0.0000,0.0000,7248.0000,0.0000,0.0000,0.0000,0.0000,34,0,0,0,0,4,0,0,0,0
zc,TA301,2012-06-11 09:05:39.757,7248.0000,128912,0,0.0000,4.0000,2,2,空换,S,7246.0000,0.0000,0.0000,0.0000,0.0000,7248.0000,0.0000,0.0000,0.0000,0.0000,33,0,0,0,0,3,0,0,0,0
