市场代码,合约代码,时间,最新,持仓,增仓,成交额,成交量,开仓,平仓,成交类型,方向,买一价,买二价,买三价,买四价,买五价,卖一价,卖二价,卖三价,卖四价,卖五价,买一量,买二量,买三量,买四量,买五量,卖一量,卖二量,卖三量,卖四量,卖五量
zc,WS207,2012-06-11 07:47:01.147,0.0000,2424,0,0.0000,0.0000,0,0,空换,S,0.0000,0.0000,0.0000,0.0000,0.0000,0.0000,0.0000,0.0000,0.0000,0.0000,0,0,0,0,0,0,0,0,0,0
zc,WS207,2012-06-11 07:49:01.133,0.0000,2424,0,0.0000,0.0000,0,0,空换,S,0.0000,0.0000,0.0000,0.0000,0.0000,0.0000,0.0000,0.0000,0.0000,0.0000,0,0,0,0,0,0,0,0,0,0
zc,WS207,2012-06-11 07:51:01.133,0.0000,2424,0,0.0000,0.0000,0,0,空换,S,0.0000,0.0000,0.0000,0.0000,0.0000,0.0000,0.0000,0.0000,0.0000,0.0000,0,0,0,0,0,0,0,0,0,0
zc,WS207,2012-06-11 07:52:01.133,0.0000,2424,0,0.0000,0.0000,0,0,空换,S,0.0000,0.0000,0.0000,0.0000,0.0000,0.0000,0.0000,0.0000,0.0000,0.0000,0,0,0,0,0,0,0,0,0,0
zc,WS207,2012-06-11 07:53:01.133,0.0000,2424,0,0.0000,0.0000,0,0,空换,S,0.0000,0.0000,0.0000,0.0000,0.0000,0.0000,0.0000,0.0000,0.0000,0.0000,0,0,0,0,0,0,0,0,0,0
zc,WS207,2012-06-11 08:06:01.133,0.0000,2424,0,0.0000,0.0000,0,0,空换,S,0.0000,0.0000,0.0000,0.0000,0.0000,0.0000,0.0000,0.0000,0.0000,0.0000,0,0,0,0,0,0,0,0,0,0
zc,WS207,2012-06-11 08:07:01.133,0.0000,2424,0,0.0000,0.0000,0,0,空换,S,0.0000,0.0000,0.0000,0.0000,0.0000,0.0000,0.0000,0.0000,0.0000,0.0000,0,0,0,0,0,0,0,0,0,0
zc,WS207,2012-06-11 08:08:01.117,0.0000,2424,0,0.0000,0.0000,0,0,空换,S,0.0000,0.0000,0.0000,0.0000,0.0000,0.0000,0.0000,0.0000,0.0000,0.0000,0,0,0,0,0,0,0,0,0,0
zc,WS207,2012-06-11 08:09:01.117,0.0000,2424,0,0.0000,0.0000,0,0,空换,S,0.0000,0.0000,0.0000,0.0000,0.0000,0.0000,0.0000,0.0000,0.0000,0.0000,0,0,0,0,0,0,0,0,0,0
zc,WS207,2012-06-11 08:12:01.133,0.0000,2424,0,0.0000,0.0000,0,0,空换,S,0.0000,0.0000,0.0000,0.0000,0.0000,0.0000,0.0000,0.0000,0.0000,0.0000,0,0,0,0,0,0,0,0,0,0
zc,WS207,2012-06-11 08:18:01.117,0.0000,2424,0,0.0000,0.0000,0,0,空换,S,0.0000,0.0000,0.0000,0.0000,0.0000,0.0000,0.0000,0.0000,0.0000,0.0000,0,0,0,0,0,0,0,0,0,0
zc,WS207,2012-06-11 08:22:02.460,0.0000,2424,0,0.0000,0.0000,0,0,空换,S,0.0000,0.0000,0.0000,0.0000,0.0000,0.0000,0.0000,0.0000,0.0000,0.0000,0,0,0,0,0,0,0,0,0,0
zc,WS207,2012-06-11 08:25:02.447,0.0000,2424,0,0.0000,0.0000,0,0,空换,S,0.0000,0.0000,0.0000,0.0000,0.0000,0.0000,0.0000,0.0000,0.0000,0.0000,0,0,0,0,0,0,0,0,0,0
zc,WS207,2012-06-11 08:27:02.447,0.0000,2424,0,0.0000,0.0000,0,0,空换,S,0.0000,0.0000,0.0000,0.0000,0.0000,0.0000,0.0000,0.0000,0.0000,0.0000,0,0,0,0,0,0,0,0,0,0
zc,WS207,2012-06-11 08:28:02.447,0.0000,2424,0,0.0000,0.0000,0,0,空换,S,0.0000,0.0000,0.0000,0.0000,0.0000,0.0000,0.0000,0.0000,0.0000,0.0000,0,0,0,0,0,0,0,0,0,0
zc,WS207,2012-06-11 08:30:02.447,0.0000,2424,0,0.0000,0.0000,0,0,空换,S,0.0000,0.0000,0.0000,0.0000,0.0000,0.0000,0.0000,0.0000,0.0000,0.0000,0,0,0,0,0,0,0,0,0,0
zc,WS207,2012-06-11 08:32:02.447,0.0000,2424,0,0.0000,0.0000,0,0,空换,S,0.0000,0.0000,0.0000,0.0000,0.0000,0.0000,0.0000,0.0000,0.0000,0.0000,0,0,0,0,0,0,0,0,0,0
zc,WS207,2012-06-11 08:37:02.447,0.0000,2424,0,0.0000,0.0000,0,0,空换,S,0.0000,0.0000,0.0000,0.0000,0.0000,0.0000,0.0000,0.0000,0.0000,0.0000,0,0,0,0,0,0,0,0,0,0
zc,WS207,2012-06-11 08:38:02.430,0.0000,2424,0,0.0000,0.0000,0,0,空换,S,0.0000,0.0000,0.0000,0.0000,0.0000,0.0000,0.0000,0.0000,0.0000,0.0000,0,0,0,0,0,0,0,0,0,0
zc,WS207,2012-06-11 08:41:02.447,0.0000,2424,0,0.0000,0.0000,0,0,空换,S,0.0000,0.0000,0.0000,0.0000,0.0000,0.0000,0.0000,0.0000,0.0000,0.0000,0,0,0,0,0,0,0,0,0,0
zc,WS207,2012-06-11 08:46:02.447,0.0000,2424,0,0.0000,0.0000,0,0,空换,S,0.0000,0.0000,0.0000,0.0000,0.0000,0.0000,0.0000,0.0000,0.0000,0.0000,0,0,0,0,0,0,0,0,0,0
zc,WS207,2012-06-11 08:53:02.460,0.0000,2424,0,0.0000,0.0000,0,0,空换,S,0.0000,0.0000,0.0000,0.0000,0.0000,0.0000,0.0000,0.0000,0.0000,0.0000,0,0,0,0,0,0,0,0,0,0
zc,WS207,2012-06-11 08:56:02.447,0.0000,2424,0,0.0000,0.0000,0,0,空换,S,0.0000,0.0000,0.0000,0.0000,0.0000,0.0000,0.0000,0.0000,0.0000,0.0000,0,0,0,0,0,0,0,0,0,0
zc,WS207,2012-06-11 08:57:02.447,0.0000,2424,0,0.0000,0.0000,0,0,空换,S,0.0000,0.0000,0.0000,0.0000,0.0000,0.0000,0.0000,0.0000,0.0000,0.0000,0,0,0,0,0,0,0,0,0,0
zc,WS207,2012-06-11 09:00:02.477,0.0000,2424,0,0.0000,0.0000,0,0,空换,S,2260.0000,0.0000,0.0000,0.0000,0.0000,2287.0000,0.0000,0.0000,0.0000,0.0000,5,0,0,0,0,1,0,0,0,0
zc,WS207,2012-06-11 09:00:04.210,0.0000,2424,0,0.0000,0.0000,0,0,空换,S,2260.0000,0.0000,0.0000,0.0000,0.0000,2284.0000,0.0000,0.0000,0.0000,0.0000,5,0,0,0,0,2,0,0,0,0
zc,WS207,2012-06-11 09:00:07.100,0.0000,2424,0,0.0000,0.0000,0,0,空换,S,2267.0000,0.0000,0.0000,0.0000,0.0000,2284.0000,0.0000,0.0000,0.0000,0.0000,1,0,0,0,0,2,0,0,0,0
zc,WS207,2012-06-11 09:00:09.117,0.0000,2424,0,0.0000,0.0000,0,0,空换,S,2266.0000,0.0000,0.0000,0.0000,0.0000,2284.0000,0.0000,0.0000,0.0000,0.0000,1,0,0,0,0,2,0,0,0,0
zc,WS207,2012-06-11 09:00:21.397,0.0000,2424,0,0.0000,0.0000,0,0,空换,S,2265.0000,0.0000,0.0000,0.0000,0.0000,2284.0000,0.0000,0.0000,0.0000,0.0000,1,0,0,0,0,2,0,0,0,0
zc,WS207,2012-06-11 09:00:21.837,0.0000,2424,0,0.0000,0.0000,0,0,空换,S,2263.0000,0.0000,0.0000,0.0000,0.0000,2284.0000,0.0000,0.0000,0.0000,0.0000,1,0,0,0,0,2,0,0,0,0
zc,WS207,2012-06-11 09:00:25.837,0.0000,2424,0,0.0000,0.0000,0,0,空换,S,2264.0000,0.0000,0.0000,0.0000,0.0000,2284.0000,0.0000,0.0000,0.0000,0.0000,1,0,0,0,0,2,0,0,0,0
zc,WS207,2012-06-11 09:00:26.883,0.0000,2424,0,0.0000,0.0000,0,0,空换,S,2263.0000,0.0000,0.0000,0.0000,0.0000,2284.0000,0.0000,0.0000,0.0000,0.0000,1,0,0,0,0,2,0,0,0,0
zc,WS207,2012-06-11 09:00:32.837,0.0000,2424,0,0.0000,0.0000,0,0,空换,S,2261.0000,0.0000,0.0000,0.0000,0.0000,2284.0000,0.0000,0.0000,0.0000,0.0000,1,0,0,0,0,2,0,0,0,0
zc,WS207,2012-06-11 09:00:33.273,0.0000,2424,0,0.0000,0.0000,0,0,空换,S,2262.0000,0.0000,0.0000,0.0000,0.0000,2284.0000,0.0000,0.0000,0.0000,0.0000,1,0,0,0,0,2,0,0,0,0
zc,WS207,2012-06-11 09:00:34.787,0.0000,2424,0,0.0000,0.0000,0,0,空换,S,2262.0000,0.0000,0.0000,0.0000,0.0000,2284.0000,0.0000,0.0000,0.0000,0.0000,1,0,0,0,0,3,0,0,0,0
zc,WS207,2012-06-11 09:00:35.337,0.0000,2424,0,0.0000,0.0000,0,0,空换,S,2263.0000,0.0000,0.0000,0.0000,0.0000,2284.0000,0.0000,0.0000,0.0000,0.0000,1,0,0,0,0,3,0,0,0,0
zc,WS207,2012-06-11 09:00:36.850,0.0000,2424,0,0.0000,0.0000,0,0,空换,S,2263.0000,0.0000,0.0000,0.0000,0.0000,2283.0000,0.0000,0.0000,0.0000,0.0000,1,0,0,0,0,1,0,0,0,0
zc,WS207,2012-06-11 09:00:40.570,0.0000,2424,0,0.0000,0.0000,0,0,空换,S,2262.0000,0.0000,0.0000,0.0000,0.0000,2283.0000,0.0000,0.0000,0.0000,0.0000,1,0,0,0,0,1,0,0,0,0
zc,WS207,2012-06-11 09:00:44.273,0.0000,2424,0,0.0000,0.0000,0,0,空换,S,2262.0000,0.0000,0.0000,0.0000,0.0000,2282.0000,0.0000,0.0000,0.0000,0.0000,1,0,0,0,0,1,0,0,0,0
zc,WS207,2012-06-11 09:00:49.600,0.0000,2424,0,0.0000,0.0000,0,0,空换,S,2261.0000,0.0000,0.0000,0.0000,0.0000,2282.0000,0.0000,0.0000,0.0000,0.0000,1,0,0,0,0,1,0,0,0,0
zc,WS207,2012-06-11 09:00:52.053,0.0000,2424,0,0.0000,0.0000,0,0,空换,S,2261.0000,0.0000,0.0000,0.0000,0.0000,2280.0000,0.0000,0.0000,0.0000,0.0000,1,0,0,0,0,1,0,0,0,0
zc,WS207,2012-06-11 09:00:52.850,0.0000,2424,0,0.0000,0.0000,0,0,空换,S,2262.0000,0.0000,0.0000,0.0000,0.0000,2280.0000,0.0000,0.0000,0.0000,0.0000,1,0,0,0,0,1,0,0,0,0
zc,WS207,2012-06-11 09:00:53.617,0.0000,2424,0,0.0000,0.0000,0,0,空换,S,2261.0000,0.0000,0.0000,0.0000,0.0000,2280.0000,0.0000,0.0000,0.0000,0.0000,1,0,0,0,0,1,0,0,0,0
zc,WS207,2012-06-11 09:00:54.883,0.0000,2424,0,0.0000,0.0000,0,0,空换,S,2262.0000,0.0000,0.0000,0.0000,0.0000,2280.0000,0.0000,0.0000,0.0000,0.0000,1,0,0,0,0,1,0,0,0,0
zc,WS207,2012-06-11 09:00:59.523,0.0000,2424,0,0.0000,0.0000,0,0,空换,S,2261.0000,0.0000,0.0000,0.0000,0.0000,2280.0000,0.0000,0.0000,0.0000,0.0000,1,0,0,0,0,1,0,0,0,0
zc,WS207,2012-06-11 09:01:00.287,0.0000,2424,0,0.0000,0.0000,0,0,空换,S,2262.0000,0.0000,0.0000,0.0000,0.0000,2280.0000,0.0000,0.0000,0.0000,0.0000,1,0,0,0,0,1,0,0,0,0
zc,WS207,2012-06-11 09:01:01.100,0.0000,2424,0,0.0000,0.0000,0,0,空换,S,2262.0000,0.0000,0.0000,0.0000,0.0000,2282.0000,0.0000,0.0000,0.0000,0.0000,1,0,0,0,0,1,0,0,0,0
zc,WS207,2012-06-11 09:01:06.100,0.0000,2424,0,0.0000,0.0000,0,0,空换,S,2263.0000,0.0000,0.0000,0.0000,0.0000,2282.0000,0.0000,0.0000,0.0000,0.0000,1,0,0,0,0,1,0,0,0,0
zc,WS207,2012-06-11 09:01:07.367,0.0000,2424,0,0.0000,0.0000,0,0,空换,S,2262.0000,0.0000,0.0000,0.0000,0.0000,2282.0000,0.0000,0.0000,0.0000,0.0000,1,0,0,0,0,1,0,0,0,0
zc,WS207,2012-06-11 09:01:10.867,0.0000,2424,0,0.0000,0.0000,0,0,空换,S,2263.0000,0.0000,0.0000,0.0000,0.0000,2274.0000,0.0000,0.0000,0.0000,0.0000,1,0,0,0,0,1,0,0,0,0
zc,WS207,2012-06-11 09:01:14.087,0.0000,2424,0,0.0000,0.0000,0,0,空换,S,2264.0000,0.0000,0.0000,0.0000,0.0000,2274.0000,0.0000,0.0000,0.0000,0.0000,1,0,0,0,0,1,0,0,0,0
zc,WS207,2012-06-11 09:01:18.587,0.0000,2424,0,0.0000,0.0000,0,0,空换,S,2265.0000,0.0000,0.0000,0.0000,0.0000,2280.0000,0.0000,0.0000,0.0000,0.0000,1,0,0,0,0,1,0,0,0,0
zc,WS207,2012-06-11 09:01:22.070,0.0000,2424,0,0.0000,0.0000,0,0,空换,S,2266.0000,0.0000,0.0000,0.0000,0.0000,2280.0000,0.0000,0.0000,0.0000,0.0000,1,0,0,0,0,1,0,0,0,0
zc,WS207,2012-06-11 09:01:27.587,0.0000,2424,0,0.0000,0.0000,0,0,空换,S,2266.0000,0.0000,0.0000,0.0000,0.0000,2279.0000,0.0000,0.0000,0.0000,0.0000,1,0,0,0,0,2,0,0,0,0
zc,WS207,2012-06-11 09:01:33.553,2264.0000,2422,-2,0.0000,2.0000,0,2,双平,B,2265.0000,0.0000,0.0000,0.0000,0.0000,2279.0000,0.0000,0.0000,0.0000,0.0000,1,0,0,0,0,2,0,0,0,0
zc,WS207,2012-06-11 09:01:34.820,2264.0000,2422,0,0.0000,0.0000,0,0,多换,B,2265.0000,0.0000,0.0000,0.0000,0.0000,2279.0000,0.0000,0.0000,0.0000,0.0000,1,0,0,0,0,1,0,0,0,0
zc,WS207,2012-06-11 09:01:36.587,2264.0000,2422,0,0.0000,0.0000,0,0,多换,B,2265.0000,0.0000,0.0000,0.0000,0.0000,2280.0000,0.0000,0.0000,0.0000,0.0000,1,0,0,0,0,1,0,0,0,0
zc,WS207,2012-06-11 09:01:39.037,2264.0000,2422,0,0.0000,0.0000,0,0,多换,B,2265.0000,0.0000,0.0000,0.0000,0.0000,2282.0000,0.0000,0.0000,0.0000,0.0000,1,0,0,0,0,2,0,0,0,0
zc,WS207,2012-06-11 09:01:42.053,2264.0000,2422,0,0.0000,0.0000,0,0,多换,B,2265.0000,0.0000,0.0000,0.0000,0.0000,2279.0000,0.0000,0.0000,0.0000,0.0000,1,0,0,0,0,1,0,0,0,0
zc,WS207,2012-06-11 09:01:45.507,2264.0000,2422,0,0.0000,0.0000,0,0,多换,B,2265.0000,0.0000,0.0000,0.0000,0.0000,2278.0000,0.0000,0.0000,0.0000,0.0000,1,0,0,0,0,1,0,0,0,0
zc,WS207,2012-06-11 09:01:49.023,2264.0000,2422,0,0.0000,0.0000,0,0,多换,B,2266.0000,0.0000,0.0000,0.0000,0.0000,2270.0000,0.0000,0.0000,0.0000,0.0000,1,0,0,0,0,1,0,0,0,0
zc,WS207,2012-06-11 09:01:51.990,2264.0000,2422,0,0.0000,0.0000,0,0,多换,B,2266.0000,0.0000,0.0000,0.0000,0.0000,2278.0000,0.0000,0.0000,0.0000,0.0000,1,0,0,0,0,2,0,0,0,0
zc,WS207,2012-06-11 09:01:55.287,2264.0000,2422,0,0.0000,0.0000,0,0,多换,B,2266.0000,0.0000,0.0000,0.0000,0.0000,2277.0000,0.0000,0.0000,0.0000,0.0000,1,0,0,0,0,1,0,0,0,0
zc,WS207,2012-06-11 09:01:59.100,2264.0000,2422,0,0.0000,0.0000,0,0,多换,B,2267.0000,0.0000,0.0000,0.0000,0.0000,2277.0000,0.0000,0.0000,0.0000,0.0000,1,0,0,0,0,1,0,0,0,0
zc,WS207,2012-06-11 09:02:00.303,2264.0000,2422,0,0.0000,0.0000,0,0,多换,B,2266.0000,0.0000,0.0000,0.0000,0.0000,2277.0000,0.0000,0.0000,0.0000,0.0000,1,0,0,0,0,1,0,0,0,0
zc,WS207,2012-06-11 09:02:01.070,2264.0000,2422,0,0.0000,0.0000,0,0,多换,B,2267.0000,0.0000,0.0000,0.0000,0.0000,2277.0000,0.0000,0.0000,0.0000,0.0000,1,0,0,0,0,1,0,0,0,0
zc,WS207,2012-06-11 09:02:13.070,2264.0000,2422,0,0.0000,0.0000,0,0,多换,B,2268.0000,0.0000,0.0000,0.0000,0.0000,2277.0000,0.0000,0.0000,0.0000,0.0000,1,0,0,0,0,1,0,0,0,0
zc,WS207,2012-06-11 09:02:16.303,2264.0000,2422,0,0.0000,0.0000,0,0,多换,B,2269.0000,0.0000,0.0000,0.0000,0.0000,2277.0000,0.0000,0.0000,0.0000,0.0000,1,0,0,0,0,1,0,0,0,0
zc,WS207,2012-06-11 09:02:19.303,2264.0000,2422,0,0.0000,0.0000,0,0,多换,B,2270.0000,0.0000,0.0000,0.0000,0.0000,2277.0000,0.0000,0.0000,0.0000,0.0000,1,0,0,0,0,1,0,0,0,0
zc,WS207,2012-06-11 09:02:23.837,2264.0000,2422,0,0.0000,0.0000,0,0,多换,B,2270.0000,0.0000,0.0000,0.0000,0.0000,2272.0000,0.0000,0.0000,0.0000,0.0000,1,0,0,0,0,1,0,0,0,0
zc,WS207,2012-06-11 09:02:24.570,2264.0000,2422,0,0.0000,0.0000,0,0,多换,B,2271.0000,0.0000,0.0000,0.0000,0.0000,2272.0000,0.0000,0.0000,0.0000,0.0000,1,0,0,0,0,1,0,0,0,0
zc,WS207,2012-06-11 09:02:25.053,2272.0000,2420,-2,0.0000,2.0000,0,2,双平,B,2271.0000,0.0000,0.0000,0.0000,0.0000,2277.0000,0.0000,0.0000,0.0000,0.0000,1,0,0,0,0,1,0,0,0,0
zc,WS207,2012-06-11 09:02:27.070,2272.0000,2420,0,0.0000,0.0000,0,0,多换,B,2269.0000,0.0000,0.0000,0.0000,0.0000,2277.0000,0.0000,0.0000,0.0000,0.0000,1,0,0,0,0,1,0,0,0,0
zc,WS207,2012-06-11 09:02:31.070,2272.0000,2420,0,0.0000,0.0000,0,0,多换,B,2268.0000,0.0000,0.0000,0.0000,0.0000,2277.0000,0.0000,0.0000,0.0000,0.0000,1,0,0,0,0,1,0,0,0,0
zc,WS207,2012-06-11 09:02:31.570,2272.0000,2420,0,0.0000,0.0000,0,0,多换,B,2269.0000,0.0000,0.0000,0.0000,0.0000,2277.0000,0.0000,0.0000,0.0000,0.0000,1,0,0,0,0,1,0,0,0,0
zc,WS207,2012-06-11 09:02:32.837,2272.0000,2420,0,0.0000,0.0000,0,0,多换,B,2268.0000,0.0000,0.0000,0.0000,0.0000,2277.0000,0.0000,0.0000,0.0000,0.0000,1,0,0,0,0,1,0,0,0,0
zc,WS207,2012-06-11 09:02:33.507,2272.0000,2420,0,0.0000,0.0000,0,0,多换,B,2269.0000,0.0000,0.0000,0.0000,0.0000,2277.0000,0.0000,0.0000,0.0000,0.0000,1,0,0,0,0,1,0,0,0,0
zc,WS207,2012-06-11 09:03:03.617,2272.0000,2420,0,0.0000,0.0000,0,0,多换,B,2270.0000,0.0000,0.0000,0.0000,0.0000,2277.0000,0.0000,0.0000,0.0000,0.0000,1,0,0,0,0,1,0,0,0,0
zc,WS207,2012-06-11 09:03:04.837,2272.0000,2420,0,0.0000,0.0000,0,0,多换,B,2269.0000,0.0000,0.0000,0.0000,0.0000,2277.0000,0.0000,0.0000,0.0000,0.0000,1,0,0,0,0,1,0,0,0,0
zc,WS207,2012-06-11 09:03:06.837,2272.0000,2420,0,0.0000,0.0000,0,0,多换,B,2270.0000,0.0000,0.0000,0.0000,0.0000,2277.0000,0.0000,0.0000,0.0000,0.0000,1,0,0,0,0,1,0,0,0,0
zc,WS207,2012-06-11 09:03:12.053,2272.0000,2420,0,0.0000,0.0000,0,0,多换,B,2269.0000,0.0000,0.0000,0.0000,0.0000,2277.0000,0.0000,0.0000,0.0000,0.0000,1,0,0,0,0,1,0,0,0,0
zc,WS207,2012-06-11 09:03:12.837,2272.0000,2420,0,0.0000,0.0000,0,0,多换,B,2271.0000,0.0000,0.0000,0.0000,0.0000,2277.0000,0.0000,0.0000,0.0000,0.0000,1,0,0,0,0,1,0,0,0,0
zc,WS207,2012-06-11 09:03:21.570,2272.0000,2420,0,0.0000,0.0000,0,0,多换,B,2271.0000,0.0000,0.0000,0.0000,0.0000,2277.0000,0.0000,0.0000,0.0000,0.0000,1,0,0,0,0,2,0,0,0,0
zc,WS207,2012-06-11 09:03:34.820,2272.0000,2420,0,0.0000,0.0000,0,0,多换,B,2270.0000,0.0000,0.0000,0.0000,0.0000,2277.0000,0.0000,0.0000,0.0000,0.0000,1,0,0,0,0,2,0,0,0,0
zc,WS207,2012-06-11 09:03:36.803,2272.0000,2420,0,0.0000,0.0000,0,0,多换,B,2269.0000,0.0000,0.0000,0.0000,0.0000,2277.0000,0.0000,0.0000,0.0000,0.0000,1,0,0,0,0,2,0,0,0,0
zc,WS207,2012-06-11 09:03:38.773,2272.0000,2420,0,0.0000,0.0000,0,0,多换,B,2271.0000,0.0000,0.0000,0.0000,0.0000,2277.0000,0.0000,0.0000,0.0000,0.0000,1,0,0,0,0,2,0,0,0,0
zc,WS207,2012-06-11 09:03:39.273,2272.0000,2420,0,0.0000,0.0000,0,0,多换,B,2269.0000,0.0000,0.0000,0.0000,0.0000,2277.0000,0.0000,0.0000,0.0000,0.0000,1,0,0,0,0,2,0,0,0,0
zc,WS207,2012-06-11 09:03:41.100,2272.0000,2420,0,0.0000,0.0000,0,0,多换,B,2271.0000,0.0000,0.0000,0.0000,0.0000,2277.0000,0.0000,0.0000,0.0000,0.0000,1,0,0,0,0,2,0,0,0,0
zc,WS207,2012-06-11 09:03:43.037,2272.0000,2420,0,0.0000,0.0000,0,0,多换,B,2269.0000,0.0000,0.0000,0.0000,0.0000,2277.0000,0.0000,0.0000,0.0000,0.0000,1,0,0,0,0,2,0,0,0,0
zc,WS207,2012-06-11 09:03:47.570,2272.0000,2420,0,0.0000,0.0000,0,0,多换,B,2270.0000,0.0000,0.0000,0.0000,0.0000,2277.0000,0.0000,0.0000,0.0000,0.0000,1,0,0,0,0,2,0,0,0,0
zc,WS207,2012-06-11 09:03:52.007,2272.0000,2420,0,0.0000,0.0000,0,0,多换,B,2269.0000,0.0000,0.0000,0.0000,0.0000,2277.0000,0.0000,0.0000,0.0000,0.0000,1,0,0,0,0,2,0,0,0,0
zc,WS207,2012-06-11 09:04:14.367,2272.0000,2420,0,0.0000,0.0000,0,0,多换,B,2269.0000,0.0000,0.0000,0.0000,0.0000,2271.0000,0.0000,0.0000,0.0000,0.0000,1,0,0,0,0,1,0,0,0,0
zc,WS207,2012-06-11 09:04:24.977,2272.0000,2420,0,0.0000,0.0000,0,0,多换,B,2270.0000,0.0000,0.0000,0.0000,0.0000,2271.0000,0.0000,0.0000,0.0000,0.0000,1,0,0,0,0,1,0,0,0,0
zc,WS207,2012-06-11 09:04:44.587,2271.0000,2420,0,0.0000,2.0000,1,1,空换,S,2271.0000,0.0000,0.0000,0.0000,0.0000,2277.0000,0.0000,0.0000,0.0000,0.0000,4,0,0,0,0,2,0,0,0,0
zc,WS207,2012-06-11 09:04:49.320,2271.0000,2420,0,0.0000,0.0000,0,0,空换,S,2271.0000,0.0000,0.0000,0.0000,0.0000,2277.0000,0.0000,0.0000,0.0000,0.0000,5,0,0,0,0,2,0,0,0,0
zc,WS207,2012-06-11 09:05:01.303,2271.0000,2420,0,0.0000,0.0000,0,0,空换,S,2271.0000,0.0000,0.0000,0.0000,0.0000,2277.0000,0.0000,0.0000,0.0000,0.0000,4,0,0,0,0,2,0,0,0,0
zc,WS207,2012-06-11 09:05:09.587,2271.0000,2420,0,0.0000,0.0000,0,0,空换,S,2271.0000,0.0000,0.0000,0.0000,0.0000,2275.0000,0.0000,0.0000,0.0000,0.0000,4,0,0,0,0,1,0,0,0,0
zc,WS207,2012-06-11 09:05:36.787,2275.0000,2420,0,0.0000,2.0000,1,1,多换,B,2275.0000,0.0000,0.0000,0.0000,0.0000,2277.0000,0.0000,0.0000,0.0000,0.0000,7,0,0,0,0,2,0,0,0,0
zc,WS207,2012-06-11 09:05:43.977,2275.0000,2420,0,0.0000,2.0000,1,1,多换,B,2275.0000,0.0000,0.0000,0.0000,0.0000,2277.0000,0.0000,0.0000,0.0000,0.0000,6,0,0,0,0,2,0,0,0,0
zc,WS207,2012-06-11 09:06:55.303,2275.0000,2420,0,0.0000,0.0000,0,0,多换,B,2268.0000,0.0000,0.0000,0.0000,0.0000,2277.0000,0.0000,0.0000,0.0000,0.0000,1,0,0,0,0,2,0,0,0,0
zc,WS207,2012-06-11 09:07:07.053,2275.0000,2420,0,0.0000,0.0000,0,0,多换,B,2269.0000,0.0000,0.0000,0.0000,0.0000,2277.0000,0.0000,0.0000,0.0000,0.0000,1,0,0,0,0,2,0,0,0,0
zc,WS207,2012-06-11 09:07:18.837,2275.0000,2420,0,0.0000,0.0000,0,0,多换,B,2268.0000,0.0000,0.0000,0.0000,0.0000,2277.0000,0.0000,0.0000,0.0000,0.0000,1,0,0,0,0,2,0,0,0,0
zc,WS207,2012-06-11 09:07:30.553,2275.0000,2420,0,0.0000,0.0000,0,0,多换,B,2268.0000,0.0000,0.0000,0.0000,0.0000,2275.0000,0.0000,0.0000,0.0000,0.0000,1,0,0,0,0,4,0,0,0,0
zc,WS207,2012-06-11 09:07:32.257,2275.0000,2420,0,0.0000,4.0000,2,2,多换,B,2269.0000,0.0000,0.0000,0.0000,0.0000,2275.0000,0.0000,0.0000,0.0000,0.0000,1,0,0,0,0,2,0,0,0,0
zc,WS207,2012-06-11 09:07:34.007,2275.0000,2420,0,0.0000,0.0000,0,0,多换,B,2268.0000,0.0000,0.0000,0.0000,0.0000,2275.0000,0.0000,0.0000,0.0000,0.0000,1,0,0,0,0,2,0,0,0,0
zc,WS207,2012-06-11 09:07:45.257,2275.0000,2420,0,0.0000,0.0000,0,0,多换,B,2269.0000,0.0000,0.0000,0.0000,0.0000,2275.0000,0.0000,0.0000,0.0000,0.0000,1,0,0,0,0,2,0,0,0,0
zc,WS207,2012-06-11 09:07:56.240,2275.0000,2420,0,0.0000,4.0000,2,2,多换,B,2275.0000,0.0000,0.0000,0.0000,0.0000,2277.0000,0.0000,0.0000,0.0000,0.0000,2,0,0,0,0,2,0,0,0,0
zc,WS207,2012-06-11 09:08:02.477,2275.0000,2420,0,0.0000,0.0000,0,0,多换,B,2275.0000,0.0000,0.0000,0.0000,0.0000,2277.0000,0.0000,0.0000,0.0000,0.0000,2,0,0,0,0,2,0,0,0,0
zc,WS207,2012-06-11 09:08:04.287,2275.0000,2420,0,0.0000,4.0000,2,2,多换,B,2270.0000,0.0000,0.0000,0.0000,0.0000,2275.0000,0.0000,0.0000,0.0000,0.0000,1,0,0,0,0,1,0,0,0,0
zc,WS207,2012-06-11 09:08:05.553,2275.0000,2420,0,0.0000,0.0000,0,0,多换,B,2269.0000,0.0000,0.0000,0.0000,0.0000,2275.0000,0.0000,0.0000,0.0000,0.0000,1,0,0,0,0,1,0,0,0,0
zc,WS207,2012-06-11 09:08:53.303,2275.0000,2420,0,0.0000,0.0000,0,0,多换,B,2268.0000,0.0000,0.0000,0.0000,0.0000,2275.0000,0.0000,0.0000,0.0000,0.0000,1,0,0,0,0,1,0,0,0,0
zc,WS207,2012-06-11 09:08:55.037,2275.0000,2420,0,0.0000,0.0000,0,0,多换,B,2269.0000,0.0000,0.0000,0.0000,0.0000,2275.0000,0.0000,0.0000,0.0000,0.0000,1,0,0,0,0,1,0,0,0,0
zc,WS207,2012-06-11 09:08:55.787,2275.0000,2420,0,0.0000,0.0000,0,0,多换,B,2268.0000,0.0000,0.0000,0.0000,0.0000,2275.0000,0.0000,0.0000,0.0000,0.0000,1,0,0,0,0,1,0,0,0,0
zc,WS207,2012-06-11 09:08:59.773,2275.0000,2420,0,0.0000,0.0000,0,0,多换,B,2269.0000,0.0000,0.0000,0.0000,0.0000,2275.0000,0.0000,0.0000,0.0000,0.0000,1,0,0,0,0,1,0,0,0,0
zc,WS207,2012-06-11 09:10:00.257,2275.0000,2420,0,0.0000,0.0000,0,0,多换,B,2268.0000,0.0000,0.0000,0.0000,0.0000,2275.0000,0.0000,0.0000,0.0000,0.0000,1,0,0,0,0,1,0,0,0,0
zc,WS207,2012-06-11 09:10:29.037,2275.0000,2420,0,0.0000,0.0000,0,0,多换,B,2267.0000,0.0000,0.0000,0.0000,0.0000,2275.0000,0.0000,0.0000,0.0000,0.0000,1,0,0,0,0,1,0,0,0,0
zc,WS207,2012-06-11 09:11:02.460,2275.0000,2420,0,0.0000,0.0000,0,0,多换,B,2267.0000,0.0000,0.0000,0.0000,0.0000,2275.0000,0.0000,0.0000,0.0000,0.0000,1,0,0,0,0,1,0,0,0,0
zc,WS207,2012-06-11 09:11:03.977,2275.0000,2420,0,0.0000,0.0000,0,0,多换,B,2267.0000,0.0000,0.0000,0.0000,0.0000,2275.0000,0.0000,0.0000,0.0000,0.0000,1,0,0,0,0,3,0,0,0,0
zc,WS207,2012-06-11 09:11:28.303,2275.0000,2420,0,0.0000,0.0000,0,0,多换,B,2267.0000,0.0000,0.0000,0.0000,0.0000,2274.0000,0.0000,0.0000,0.0000,0.0000,1,0,0,0,0,1,0,0,0,0
zc,WS207,2012-06-11 09:12:23.287,2275.0000,2420,0,0.0000,0.0000,0,0,多换,B,2268.0000,0.0000,0.0000,0.0000,0.0000,2274.0000,0.0000,0.0000,0.0000,0.0000,1,0,0,0,0,1,0,0,0,0
zc,WS207,2012-06-11 09:12:41.023,2275.0000,2420,0,0.0000,0.0000,0,0,多换,B,2268.0000,0.0000,0.0000,0.0000,0.0000,2273.0000,0.0000,0.0000,0.0000,0.0000,1,0,0,0,0,1,0,0,0,0
zc,WS207,2012-06-11 09:12:44.240,2275.0000,2420,0,0.0000,0.0000,0,0,多换,B,2267.0000,0.0000,0.0000,0.0000,0.0000,2273.0000,0.0000,0.0000,0.0000,0.0000,1,0,0,0,0,1,0,0,0,0
zc,WS207,2012-06-11 09:12:50.273,2275.0000,2420,0,0.0000,0.0000,0,0,多换,B,2268.0000,0.0000,0.0000,0.0000,0.0000,2273.0000,0.0000,0.0000,0.0000,0.0000,1,0,0,0,0,1,0,0,0,0
zc,WS207,2012-06-11 09:13:01.757,2275.0000,2420,0,0.0000,0.0000,0,0,多换,B,2269.0000,0.0000,0.0000,0.0000,0.0000,2273.0000,0.0000,0.0000,0.0000,0.0000,1,0,0,0,0,1,0,0,0,0
zc,WS207,2012-06-11 09:13:02.460,2275.0000,2420,0,0.0000,0.0000,0,0,多换,B,2269.0000,0.0000,0.0000,0.0000,0.0000,2273.0000,0.0000,0.0000,0.0000,0.0000,1,0,0,0,0,1,0,0,0,0
zc,WS207,2012-06-11 09:13:22.023,2275.0000,2420,0,0.0000,0.0000,0,0,多换,B,2270.0000,0.0000,0.0000,0.0000,0.0000,2273.0000,0.0000,0.0000,0.0000,0.0000,1,0,0,0,0,1,0,0,0,0
zc,WS207,2012-06-11 09:13:25.240,2275.0000,2420,0,0.0000,0.0000,0,0,多换,B,2271.0000,0.0000,0.0000,0.0000,0.0000,2273.0000,0.0000,0.0000,0.0000,0.0000,1,0,0,0,0,1,0,0,0,0
zc,WS207,2012-06-11 09:13:35.023,2275.0000,2420,0,0.0000,0.0000,0,0,多换,B,2272.0000,0.0000,0.0000,0.0000,0.0000,2273.0000,0.0000,0.0000,0.0000,0.0000,1,0,0,0,0,1,0,0,0,0
zc,WS207,2012-06-11 09:13:37.850,2273.0000,2418,-2,0.0000,2.0000,0,2,双平,S,2266.0000,0.0000,0.0000,0.0000,0.0000,2274.0000,0.0000,0.0000,0.0000,0.0000,1,0,0,0,0,1,0,0,0,0
zc,WS207,2012-06-11 09:14:55.037,2273.0000,2418,0,0.0000,0.0000,0,0,空换,S,2266.0000,0.0000,0.0000,0.0000,0.0000,2275.0000,0.0000,0.0000,0.0000,0.0000,1,0,0,0,0,3,0,0,0,0
zc,WS207,2012-06-11 09:15:02.240,2273.0000,2418,0,0.0000,0.0000,0,0,空换,S,2266.0000,0.0000,0.0000,0.0000,0.0000,2275.0000,0.0000,0.0000,0.0000,0.0000,1,0,0,0,0,3,0,0,0,0
zc,WS207,2012-06-11 09:15:05.837,2275.0000,2418,0,0.0000,2.0000,1,1,多换,B,2266.0000,0.0000,0.0000,0.0000,0.0000,2275.0000,0.0000,0.0000,0.0000,0.0000,1,0,0,0,0,2,0,0,0,0
zc,WS207,2012-06-11 09:15:19.337,2275.0000,2418,0,0.0000,0.0000,0,0,多换,B,2266.0000,0.0000,0.0000,0.0000,0.0000,2276.0000,0.0000,0.0000,0.0000,0.0000,1,0,0,0,0,1,0,0,0,0
zc,WS207,2012-06-11 09:15:47.867,2276.0000,2418,0,0.0000,2.0000,1,1,多换,B,2266.0000,0.0000,0.0000,0.0000,0.0000,2277.0000,0.0000,0.0000,0.0000,0.0000,1,0,0,0,0,1,0,0,0,0
zc,WS207,2012-06-11 09:15:59.570,2276.0000,2418,0,0.0000,0.0000,0,0,多换,B,2266.0000,0.0000,0.0000,0.0000,0.0000,2276.0000,0.0000,0.0000,0.0000,0.0000,1,0,0,0,0,1,0,0,0,0
zc,WS207,2012-06-11 09:16:11.837,2276.0000,2418,0,0.0000,0.0000,0,0,多换,B,2267.0000,0.0000,0.0000,0.0000,0.0000,2276.0000,0.0000,0.0000,0.0000,0.0000,3,0,0,0,0,1,0,0,0,0
zc,WS207,2012-06-11 09:16:13.070,2276.0000,2418,0,0.0000,0.0000,0,0,多换,B,2268.0000,0.0000,0.0000,0.0000,0.0000,2276.0000,0.0000,0.0000,0.0000,0.0000,1,0,0,0,0,1,0,0,0,0
zc,WS207,2012-06-11 09:16:13.587,2276.0000,2418,0,0.0000,0.0000,0,0,多换,B,2268.0000,0.0000,0.0000,0.0000,0.0000,2276.0000,0.0000,0.0000,0.0000,0.0000,2,0,0,0,0,1,0,0,0,0
zc,WS207,2012-06-11 09:16:14.087,2276.0000,2418,0,0.0000,0.0000,0,0,多换,B,2268.0000,0.0000,0.0000,0.0000,0.0000,2276.0000,0.0000,0.0000,0.0000,0.0000,3,0,0,0,0,1,0,0,0,0
zc,WS207,2012-06-11 09:16:14.787,2276.0000,2418,0,0.0000,0.0000,0,0,多换,B,2268.0000,0.0000,0.0000,0.0000,0.0000,2276.0000,0.0000,0.0000,0.0000,0.0000,2,0,0,0,0,1,0,0,0,0
zc,WS207,2012-06-11 09:16:15.803,2276.0000,2418,0,0.0000,0.0000,0,0,多换,B,2268.0000,0.0000,0.0000,0.0000,0.0000,2276.0000,0.0000,0.0000,0.0000,0.0000,1,0,0,0,0,1,0,0,0,0
zc,WS207,2012-06-11 09:16:17.570,2276.0000,2418,0,0.0000,0.0000,0,0,多换,B,2267.0000,0.0000,0.0000,0.0000,0.0000,2276.0000,0.0000,0.0000,0.0000,0.0000,3,0,0,0,0,1,0,0,0,0
zc,WS207,2012-06-11 09:16:19.287,2276.0000,2418,0,0.0000,0.0000,0,0,多换,B,2268.0000,0.0000,0.0000,0.0000,0.0000,2276.0000,0.0000,0.0000,0.0000,0.0000,3,0,0,0,0,1,0,0,0,0
zc,WS207,2012-06-11 09:16:24.633,2276.0000,2418,0,0.0000,0.0000,0,0,多换,B,2268.0000,0.0000,0.0000,0.0000,0.0000,2276.0000,0.0000,0.0000,0.0000,0.0000,3,0,0,0,0,2,0,0,0,0
zc,WS207,2012-06-11 09:16:26.523,2276.0000,2418,0,0.0000,0.0000,0,0,多换,B,2267.0000,0.0000,0.0000,0.0000,0.0000,2276.0000,0.0000,0.0000,0.0000,0.0000,3,0,0,0,0,2,0,0,0,0
zc,WS207,2012-06-11 09:16:34.303,2276.0000,2418,0,0.0000,0.0000,0,0,多换,B,2268.0000,0.0000,0.0000,0.0000,0.0000,2276.0000,0.0000,0.0000,0.0000,0.0000,1,0,0,0,0,2,0,0,0,0
zc,WS207,2012-06-11 09:16:35.023,2276.0000,2418,0,0.0000,0.0000,0,0,多换,B,2267.0000,0.0000,0.0000,0.0000,0.0000,2276.0000,0.0000,0.0000,0.0000,0.0000,3,0,0,0,0,2,0,0,0,0
zc,WS207,2012-06-11 09:16:38.850,2276.0000,2418,0,0.0000,0.0000,0,0,多换,B,2268.0000,0.0000,0.0000,0.0000,0.0000,2276.0000,0.0000,0.0000,0.0000,0.0000,3,0,0,0,0,2,0,0,0,0
zc,WS207,2012-06-11 09:16:39.320,2276.0000,2418,0,0.0000,0.0000,0,0,多换,B,2267.0000,0.0000,0.0000,0.0000,0.0000,2276.0000,0.0000,0.0000,0.0000,0.0000,3,0,0,0,0,2,0,0,0,0
zc,WS207,2012-06-11 09:17:01.303,2276.0000,2418,0,0.0000,0.0000,0,0,多换,B,2269.0000,0.0000,0.0000,0.0000,0.0000,2276.0000,0.0000,0.0000,0.0000,0.0000,3,0,0,0,0,2,0,0,0,0
zc,WS207,2012-06-11 09:17:02.257,2276.0000,2418,0,0.0000,0.0000,0,0,多换,B,2269.0000,0.0000,0.0000,0.0000,0.0000,2276.0000,0.0000,0.0000,0.0000,0.0000,3,0,0,0,0,2,0,0,0,0
zc,WS207,2012-06-11 09:17:06.553,2276.0000,2418,0,0.0000,0.0000,0,0,多换,B,2270.0000,0.0000,0.0000,0.0000,0.0000,2276.0000,0.0000,0.0000,0.0000,0.0000,1,0,0,0,0,2,0,0,0,0
zc,WS207,2012-06-11 09:17:07.523,2276.0000,2418,0,0.0000,0.0000,0,0,多换,B,2269.0000,0.0000,0.0000,0.0000,0.0000,2276.0000,0.0000,0.0000,0.0000,0.0000,3,0,0,0,0,2,0,0,0,0
zc,WS207,2012-06-11 09:17:08.787,2276.0000,2418,0,0.0000,0.0000,0,0,多换,B,2270.0000,0.0000,0.0000,0.0000,0.0000,2276.0000,0.0000,0.0000,0.0000,0.0000,2,0,0,0,0,2,0,0,0,0
zc,WS207,2012-06-11 09:17:10.053,2276.0000,2418,0,0.0000,0.0000,0,0,多换,B,2271.0000,0.0000,0.0000,0.0000,0.0000,2276.0000,0.0000,0.0000,0.0000,0.0000,1,0,0,0,0,2,0,0,0,0
zc,WS207,2012-06-11 09:17:11.820,2276.0000,2418,0,0.0000,0.0000,0,0,多换,B,2271.0000,0.0000,0.0000,0.0000,0.0000,2276.0000,0.0000,0.0000,0.0000,0.0000,3,0,0,0,0,2,0,0,0,0
zc,WS207,2012-06-11 09:17:12.303,2276.0000,2418,0,0.0000,0.0000,0,0,多换,B,2272.0000,0.0000,0.0000,0.0000,0.0000,2276.0000,0.0000,0.0000,0.0000,0.0000,3,0,0,0,0,2,0,0,0,0
zc,WS207,2012-06-11 09:17:13.273,2276.0000,2418,0,0.0000,0.0000,0,0,多换,B,2273.0000,0.0000,0.0000,0.0000,0.0000,2276.0000,0.0000,0.0000,0.0000,0.0000,1,0,0,0,0,2,0,0,0,0
zc,WS207,2012-06-11 09:17:14.570,2276.0000,2418,0,0.0000,0.0000,0,0,多换,B,2273.0000,0.0000,0.0000,0.0000,0.0000,2276.0000,0.0000,0.0000,0.0000,0.0000,3,0,0,0,0,2,0,0,0,0
zc,WS207,2012-06-11 09:17:18.337,2276.0000,2418,0,0.0000,0.0000,0,0,多换,B,2274.0000,0.0000,0.0000,0.0000,0.0000,2276.0000,0.0000,0.0000,0.0000,0.0000,3,0,0,0,0,2,0,0,0,0
zc,WS207,2012-06-11 09:17:18.787,2276.0000,2418,0,0.0000,0.0000,0,0,多换,B,2273.0000,0.0000,0.0000,0.0000,0.0000,2276.0000,0.0000,0.0000,0.0000,0.0000,3,0,0,0,0,2,0,0,0,0
zc,WS207,2012-06-11 09:17:19.537,2276.0000,2418,0,0.0000,0.0000,0,0,多换,B,2274.0000,0.0000,0.0000,0.0000,0.0000,2276.0000,0.0000,0.0000,0.0000,0.0000,3,0,0,0,0,2,0,0,0,0
zc,WS207,2012-06-11 09:17:20.537,2276.0000,2418,0,0.0000,0.0000,0,0,多换,B,2273.0000,0.0000,0.0000,0.0000,0.0000,2276.0000,0.0000,0.0000,0.0000,0.0000,3,0,0,0,0,2,0,0,0,0
zc,WS207,2012-06-11 09:17:21.037,2276.0000,2418,0,0.0000,0.0000,0,0,多换,B,2274.0000,0.0000,0.0000,0.0000,0.0000,2276.0000,0.0000,0.0000,0.0000,0.0000,3,0,0,0,0,2,0,0,0,0
zc,WS207,2012-06-11 09:17:21.803,2276.0000,2418,0,0.0000,2.0000,1,1,多换,B,2274.0000,0.0000,0.0000,0.0000,0.0000,2276.0000,0.0000,0.0000,0.0000,0.0000,3,0,0,0,0,1,0,0,0,0
zc,WS207,2012-06-11 09:17:22.273,2276.0000,2418,0,0.0000,0.0000,0,0,多换,B,2273.0000,0.0000,0.0000,0.0000,0.0000,2276.0000,0.0000,0.0000,0.0000,0.0000,3,0,0,0,0,1,0,0,0,0
zc,WS207,2012-06-11 09:17:22.837,2276.0000,2418,0,0.0000,0.0000,0,0,多换,B,2274.0000,0.0000,0.0000,0.0000,0.0000,2276.0000,0.0000,0.0000,0.0000,0.0000,3,0,0,0,0,1,0,0,0,0
zc,WS207,2012-06-11 09:17:24.037,2276.0000,2418,0,0.0000,0.0000,0,0,多换,B,2275.0000,0.0000,0.0000,0.0000,0.0000,2276.0000,0.0000,0.0000,0.0000,0.0000,3,0,0,0,0,1,0,0,0,0
zc,WS207,2012-06-11 09:17:24.803,2276.0000,2418,0,0.0000,0.0000,0,0,多换,B,2274.0000,0.0000,0.0000,0.0000,0.0000,2276.0000,0.0000,0.0000,0.0000,0.0000,3,0,0,0,0,1,0,0,0,0
zc,WS207,2012-06-11 09:17:26.337,2276.0000,2418,0,0.0000,2.0000,1,1,多换,B,2275.0000,0.0000,0.0000,0.0000,0.0000,2277.0000,0.0000,0.0000,0.0000,0.0000,2,0,0,0,0,1,0,0,0,0
zc,WS207,2012-06-11 09:17:27.037,2276.0000,2418,0,0.0000,0.0000,0,0,多换,B,2276.0000,0.0000,0.0000,0.0000,0.0000,2277.0000,0.0000,0.0000,0.0000,0.0000,1,0,0,0,0,1,0,0,0,0
zc,WS207,2012-06-11 09:17:29.287,2276.0000,2418,0,0.0000,0.0000,0,0,多换,B,2276.0000,0.0000,0.0000,0.0000,0.0000,2277.0000,0.0000,0.0000,0.0000,0.0000,3,0,0,0,0,1,0,0,0,0
zc,WS207,2012-06-11 09:17:31.053,2276.0000,2418,0,0.0000,0.0000,0,0,多换,B,2276.0000,0.0000,0.0000,0.0000,0.0000,2277.0000,0.0000,0.0000,0.0000,0.0000,2,0,0,0,0,1,0,0,0,0
zc,WS207,2012-06-11 09:17:31.570,2276.0000,2418,0,0.0000,0.0000,0,0,多换,B,2276.0000,0.0000,0.0000,0.0000,0.0000,2277.0000,0.0000,0.0000,0.0000,0.0000,1,0,0,0,0,1,0,0,0,0
zc,WS207,2012-06-11 09:17:37.507,2277.0000,2418,0,0.0000,2.0000,1,1,多换,B,2276.0000,0.0000,0.0000,0.0000,0.0000,2281.0000,0.0000,0.0000,0.0000,0.0000,1,0,0,0,0,3,0,0,0,0
zc,WS207,2012-06-11 09:17:38.787,2277.0000,2418,0,0.0000,0.0000,0,0,多换,B,2275.0000,0.0000,0.0000,0.0000,0.0000,2281.0000,0.0000,0.0000,0.0000,0.0000,2,0,0,0,0,3,0,0,0,0
zc,WS207,2012-06-11 09:17:41.773,2277.0000,2418,0,0.0000,0.0000,0,0,多换,B,2274.0000,0.0000,0.0000,0.0000,0.0000,2281.0000,0.0000,0.0000,0.0000,0.0000,2,0,0,0,0,3,0,0,0,0
zc,WS207,2012-06-11 09:17:42.037,2277.0000,2418,0,0.0000,0.0000,0,0,多换,B,2276.0000,0.0000,0.0000,0.0000,0.0000,2281.0000,0.0000,0.0000,0.0000,0.0000,1,0,0,0,0,3,0,0,0,0
zc,WS207,2012-06-11 09:17:42.787,2277.0000,2418,0,0.0000,0.0000,0,0,多换,B,2275.0000,0.0000,0.0000,0.0000,0.0000,2281.0000,0.0000,0.0000,0.0000,0.0000,2,0,0,0,0,3,0,0,0,0
zc,WS207,2012-06-11 09:17:51.037,2277.0000,2418,0,0.0000,0.0000,0,0,多换,B,2274.0000,0.0000,0.0000,0.0000,0.0000,2281.0000,0.0000,0.0000,0.0000,0.0000,2,0,0,0,0,3,0,0,0,0
zc,WS207,2012-06-11 09:17:55.553,2277.0000,2418,0,0.0000,0.0000,0,0,多换,B,2275.0000,0.0000,0.0000,0.0000,0.0000,2281.0000,0.0000,0.0000,0.0000,0.0000,1,0,0,0,0,3,0,0,0,0
zc,WS207,2012-06-11 09:17:56.867,2277.0000,2418,0,0.0000,0.0000,0,0,多换,B,2274.0000,0.0000,0.0000,0.0000,0.0000,2281.0000,0.0000,0.0000,0.0000,0.0000,2,0,0,0,0,3,0,0,0,0
zc,WS207,2012-06-11 09:17:59.070,2277.0000,2418,0,0.0000,0.0000,0,0,多换,B,2275.0000,0.0000,0.0000,0.0000,0.0000,2281.0000,0.0000,0.0000,0.0000,0.0000,2,0,0,0,0,3,0,0,0,0
zc,WS207,2012-06-11 09:18:00.303,2277.0000,2418,0,0.0000,0.0000,0,0,多换,B,2274.0000,0.0000,0.0000,0.0000,0.0000,2281.0000,0.0000,0.0000,0.0000,0.0000,2,0,0,0,0,3,0,0,0,0
zc,WS207,2012-06-11 09:18:01.037,2277.0000,2418,0,0.0000,0.0000,0,0,多换,B,2275.0000,0.0000,0.0000,0.0000,0.0000,2281.0000,0.0000,0.0000,0.0000,0.0000,2,0,0,0,0,3,0,0,0,0
zc,WS207,2012-06-11 09:18:01.820,2277.0000,2418,0,0.0000,0.0000,0,0,多换,B,2274.0000,0.0000,0.0000,0.0000,0.0000,2281.0000,0.0000,0.0000,0.0000,0.0000,2,0,0,0,0,3,0,0,0,0
zc,WS207,2012-06-11 09:18:09.537,2277.0000,2418,0,0.0000,0.0000,0,0,多换,B,2273.0000,0.0000,0.0000,0.0000,0.0000,2281.0000,0.0000,0.0000,0.0000,0.0000,2,0,0,0,0,3,0,0,0,0
zc,WS207,2012-06-11 09:18:10.023,2277.0000,2418,0,0.0000,0.0000,0,0,多换,B,2274.0000,0.0000,0.0000,0.0000,0.0000,2278.0000,0.0000,0.0000,0.0000,0.0000,2,0,0,0,0,1,0,0,0,0
zc,WS207,2012-06-11 09:18:11.820,2277.0000,2418,0,0.0000,0.0000,0,0,多换,B,2273.0000,0.0000,0.0000,0.0000,0.0000,2278.0000,0.0000,0.0000,0.0000,0.0000,2,0,0,0,0,1,0,0,0,0
zc,WS207,2012-06-11 09:18:14.803,2277.0000,2418,0,0.0000,0.0000,0,0,多换,B,2272.0000,0.0000,0.0000,0.0000,0.0000,2278.0000,0.0000,0.0000,0.0000,0.0000,2,0,0,0,0,1,0,0,0,0
zc,WS207,2012-06-11 09:18:18.320,2277.0000,2418,0,0.0000,0.0000,0,0,多换,B,2272.0000,0.0000,0.0000,0.0000,0.0000,2278.0000,0.0000,0.0000,0.0000,0.0000,1,0,0,0,0,1,0,0,0,0
zc,WS207,2012-06-11 09:18:18.820,2277.0000,2418,0,0.0000,0.0000,0,0,多换,B,2271.0000,0.0000,0.0000,0.0000,0.0000,2278.0000,0.0000,0.0000,0.0000,0.0000,2,0,0,0,0,1,0,0,0,0
zc,WS207,2012-06-11 09:18:19.350,2277.0000,2418,0,0.0000,0.0000,0,0,多换,B,2272.0000,0.0000,0.0000,0.0000,0.0000,2278.0000,0.0000,0.0000,0.0000,0.0000,2,0,0,0,0,1,0,0,0,0
zc,WS207,2012-06-11 09:18:20.553,2277.0000,2418,0,0.0000,0.0000,0,0,多换,B,2270.0000,0.0000,0.0000,0.0000,0.0000,2278.0000,0.0000,0.0000,0.0000,0.0000,1,0,0,0,0,1,0,0,0,0
zc,WS207,2012-06-11 09:18:21.287,2277.0000,2418,0,0.0000,0.0000,0,0,多换,B,2270.0000,0.0000,0.0000,0.0000,0.0000,2278.0000,0.0000,0.0000,0.0000,0.0000,2,0,0,0,0,1,0,0,0,0
zc,WS207,2012-06-11 09:18:24.037,2277.0000,2418,0,0.0000,0.0000,0,0,多换,B,2271.0000,0.0000,0.0000,0.0000,0.0000,2278.0000,0.0000,0.0000,0.0000,0.0000,1,0,0,0,0,1,0,0,0,0
zc,WS207,2012-06-11 09:18:24.553,2277.0000,2418,0,0.0000,0.0000,0,0,多换,B,2271.0000,0.0000,0.0000,0.0000,0.0000,2278.0000,0.0000,0.0000,0.0000,0.0000,2,0,0,0,0,1,0,0,0,0
zc,WS207,2012-06-11 09:18:28.100,2277.0000,2418,0,0.0000,0.0000,0,0,多换,B,2272.0000,0.0000,0.0000,0.0000,0.0000,2278.0000,0.0000,0.0000,0.0000,0.0000,2,0,0,0,0,1,0,0,0,0
zc,WS207,2012-06-11 09:18:36.023,2277.0000,2418,0,0.0000,0.0000,0,0,多换,B,2271.0000,0.0000,0.0000,0.0000,0.0000,2278.0000,0.0000,0.0000,0.0000,0.0000,2,0,0,0,0,1,0,0,0,0
zc,WS207,2012-06-11 09:18:36.803,2277.0000,2418,0,0.0000,0.0000,0,0,多换,B,2273.0000,0.0000,0.0000,0.0000,0.0000,2278.0000,0.0000,0.0000,0.0000,0.0000,2,0,0,0,0,1,0,0,0,0
zc,WS207,2012-06-11 09:18:39.773,2277.0000,2418,0,0.0000,0.0000,0,0,多换,B,2272.0000,0.0000,0.0000,0.0000,0.0000,2278.0000,0.0000,0.0000,0.0000,0.0000,2,0,0,0,0,1,0,0,0,0
zc,WS207,2012-06-11 09:18:43.053,2277.0000,2418,0,0.0000,0.0000,0,0,多换,B,2273.0000,0.0000,0.0000,0.0000,0.0000,2278.0000,0.0000,0.0000,0.0000,0.0000,2,0,0,0,0,1,0,0,0,0
zc,WS207,2012-06-11 09:18:44.273,2277.0000,2418,0,0.0000,0.0000,0,0,多换,B,2272.0000,0.0000,0.0000,0.0000,0.0000,2278.0000,0.0000,0.0000,0.0000,0.0000,2,0,0,0,0,1,0,0,0,0
zc,WS207,2012-06-11 09:18:45.303,2277.0000,2418,0,0.0000,0.0000,0,0,多换,B,2273.0000,0.0000,0.0000,0.0000,0.0000,2278.0000,0.0000,0.0000,0.0000,0.0000,1,0,0,0,0,1,0,0,0,0
zc,WS207,2012-06-11 09:18:46.070,2277.0000,2418,0,0.0000,0.0000,0,0,多换,B,2272.0000,0.0000,0.0000,0.0000,0.0000,2278.0000,0.0000,0.0000,0.0000,0.0000,2,0,0,0,0,1,0,0,0,0
zc,WS207,2012-06-11 09:18:51.787,2277.0000,2418,0,0.0000,0.0000,0,0,多换,B,2273.0000,0.0000,0.0000,0.0000,0.0000,2278.0000,0.0000,0.0000,0.0000,0.0000,2,0,0,0,0,1,0,0,0,0
zc,WS207,2012-06-11 09:18:55.523,2277.0000,2418,0,0.0000,0.0000,0,0,多换,B,2272.0000,0.0000,0.0000,0.0000,0.0000,2278.0000,0.0000,0.0000,0.0000,0.0000,2,0,0,0,0,1,0,0,0,0
zc,WS207,2012-06-11 09:19:01.023,2277.0000,2418,0,0.0000,0.0000,0,0,多换,B,2271.0000,0.0000,0.0000,0.0000,0.0000,2278.0000,0.0000,0.0000,0.0000,0.0000,2,0,0,0,0,1,0,0,0,0
zc,WS207,2012-06-11 09:19:02.240,2277.0000,2418,0,0.0000,0.0000,0,0,多换,B,2271.0000,0.0000,0.0000,0.0000,0.0000,2278.0000,0.0000,0.0000,0.0000,0.0000,2,0,0,0,0,1,0,0,0,0
zc,WS207,2012-06-11 09:19:06.287,2277.0000,2418,0,0.0000,0.0000,0,0,多换,B,2272.0000,0.0000,0.0000,0.0000,0.0000,2278.0000,0.0000,0.0000,0.0000,0.0000,2,0,0,0,0,1,0,0,0,0
zc,WS207,2012-06-11 09:19:33.773,2277.0000,2418,0,0.0000,0.0000,0,0,多换,B,2271.0000,0.0000,0.0000,0.0000,0.0000,2278.0000,0.0000,0.0000,0.0000,0.0000,2,0,0,0,0,1,0,0,0,0
zc,WS207,2012-06-11 09:19:36.053,2277.0000,2418,0,0.0000,0.0000,0,0,多换,B,2272.0000,0.0000,0.0000,0.0000,0.0000,2278.0000,0.0000,0.0000,0.0000,0.0000,1,0,0,0,0,1,0,0,0,0
zc,WS207,2012-06-11 09:19:36.537,2277.0000,2418,0,0.0000,0.0000,0,0,多换,B,2271.0000,0.0000,0.0000,0.0000,0.0000,2278.0000,0.0000,0.0000,0.0000,0.0000,2,0,0,0,0,1,0,0,0,0
zc,WS207,2012-06-11 09:19:42.787,2277.0000,2418,0,0.0000,0.0000,0,0,多换,B,2272.0000,0.0000,0.0000,0.0000,0.0000,2278.0000,0.0000,0.0000,0.0000,0.0000,2,0,0,0,0,1,0,0,0,0
zc,WS207,2012-06-11 09:19:43.303,2277.0000,2418,0,0.0000,0.0000,0,0,多换,B,2269.0000,0.0000,0.0000,0.0000,0.0000,2278.0000,0.0000,0.0000,0.0000,0.0000,2,0,0,0,0,1,0,0,0,0
zc,WS207,2012-06-11 09:19:44.023,2277.0000,2418,0,0.0000,0.0000,0,0,多换,B,2271.0000,0.0000,0.0000,0.0000,0.0000,2278.0000,0.0000,0.0000,0.0000,0.0000,2,0,0,0,0,1,0,0,0,0
zc,WS207,2012-06-11 09:19:44.507,2277.0000,2418,0,0.0000,0.0000,0,0,多换,B,2269.0000,0.0000,0.0000,0.0000,0.0000,2278.0000,0.0000,0.0000,0.0000,0.0000,2,0,0,0,0,1,0,0,0,0
zc,WS207,2012-06-11 09:19:45.553,2277.0000,2418,0,0.0000,0.0000,0,0,多换,B,2268.0000,0.0000,0.0000,0.0000,0.0000,2278.0000,0.0000,0.0000,0.0000,0.0000,2,0,0,0,0,1,0,0,0,0
zc,WS207,2012-06-11 09:19:46.757,2277.0000,2418,0,0.0000,0.0000,0,0,多换,B,2268.0000,0.0000,0.0000,0.0000,0.0000,2280.0000,0.0000,0.0000,0.0000,0.0000,2,0,0,0,0,2,0,0,0,0
zc,WS207,2012-06-11 09:19:48.287,2277.0000,2418,0,0.0000,0.0000,0,0,多换,B,2269.0000,0.0000,0.0000,0.0000,0.0000,2280.0000,0.0000,0.0000,0.0000,0.0000,2,0,0,0,0,2,0,0,0,0
zc,WS207,2012-06-11 09:19:50.537,2277.0000,2418,0,0.0000,0.0000,0,0,多换,B,2267.0000,0.0000,0.0000,0.0000,0.0000,2280.0000,0.0000,0.0000,0.0000,0.0000,2,0,0,0,0,2,0,0,0,0
zc,WS207,2012-06-11 09:19:51.320,2277.0000,2418,0,0.0000,0.0000,0,0,多换,B,2269.0000,0.0000,0.0000,0.0000,0.0000,2280.0000,0.0000,0.0000,0.0000,0.0000,2,0,0,0,0,2,0,0,0,0
zc,WS207,2012-06-11 09:19:55.240,2277.0000,2418,0,0.0000,0.0000,0,0,多换,B,2270.0000,0.0000,0.0000,0.0000,0.0000,2280.0000,0.0000,0.0000,0.0000,0.0000,1,0,0,0,0,2,0,0,0,0
zc,WS207,2012-06-11 09:19:55.787,2277.0000,2418,0,0.0000,0.0000,0,0,多换,B,2270.0000,0.0000,0.0000,0.0000,0.0000,2280.0000,0.0000,0.0000,0.0000,0.0000,2,0,0,0,0,2,0,0,0,0
zc,WS207,2012-06-11 09:19:57.037,2277.0000,2418,0,0.0000,0.0000,0,0,多换,B,2267.0000,0.0000,0.0000,0.0000,0.0000,2280.0000,0.0000,0.0000,0.0000,0.0000,2,0,0,0,0,2,0,0,0,0
zc,WS207,2012-06-11 09:19:59.273,2277.0000,2418,0,0.0000,0.0000,0,0,多换,B,2268.0000,0.0000,0.0000,0.0000,0.0000,2272.0000,0.0000,0.0000,0.0000,0.0000,2,0,0,0,0,1,0,0,0,0
zc,WS207,2012-06-11 09:20:02.303,2277.0000,2418,0,0.0000,0.0000,0,0,多换,B,2266.0000,0.0000,0.0000,0.0000,0.0000,2272.0000,0.0000,0.0000,0.0000,0.0000,3,0,0,0,0,1,0,0,0,0
zc,WS207,2012-06-11 09:20:02.773,2277.0000,2418,0,0.0000,0.0000,0,0,多换,B,2267.0000,0.0000,0.0000,0.0000,0.0000,2272.0000,0.0000,0.0000,0.0000,0.0000,1,0,0,0,0,1,0,0,0,0
zc,WS207,2012-06-11 09:20:03.523,2277.0000,2418,0,0.0000,0.0000,0,0,多换,B,2270.0000,0.0000,0.0000,0.0000,0.0000,2272.0000,0.0000,0.0000,0.0000,0.0000,2,0,0,0,0,1,0,0,0,0
zc,WS207,2012-06-11 09:20:05.037,2277.0000,2418,0,0.0000,0.0000,0,0,多换,B,2268.0000,0.0000,0.0000,0.0000,0.0000,2272.0000,0.0000,0.0000,0.0000,0.0000,2,0,0,0,0,1,0,0,0,0
zc,WS207,2012-06-11 09:20:09.100,2277.0000,2418,0,0.0000,0.0000,0,0,多换,B,2269.0000,0.0000,0.0000,0.0000,0.0000,2272.0000,0.0000,0.0000,0.0000,0.0000,2,0,0,0,0,1,0,0,0,0
zc,WS207,2012-06-11 09:20:09.850,2277.0000,2418,0,0.0000,0.0000,0,0,多换,B,2268.0000,0.0000,0.0000,0.0000,0.0000,2272.0000,0.0000,0.0000,0.0000,0.0000,2,0,0,0,0,1,0,0,0,0
zc,WS207,2012-06-11 09:20:12.587,2277.0000,2418,0,0.0000,0.0000,0,0,多换,B,2269.0000,0.0000,0.0000,0.0000,0.0000,2272.0000,0.0000,0.0000,0.0000,0.0000,2,0,0,0,0,1,0,0,0,0
zc,WS207,2012-06-11 09:20:14.240,2277.0000,2418,0,0.0000,0.0000,0,0,多换,B,2268.0000,0.0000,0.0000,0.0000,0.0000,2272.0000,0.0000,0.0000,0.0000,0.0000,2,0,0,0,0,1,0,0,0,0
zc,WS207,2012-06-11 09:20:17.553,2277.0000,2418,0,0.0000,0.0000,0,0,多换,B,2269.0000,0.0000,0.0000,0.0000,0.0000,2272.0000,0.0000,0.0000,0.0000,0.0000,1,0,0,0,0,1,0,0,0,0
zc,WS207,2012-06-11 09:20:18.287,2277.0000,2418,0,0.0000,0.0000,0,0,多换,B,2268.0000,0.0000,0.0000,0.0000,0.0000,2272.0000,0.0000,0.0000,0.0000,0.0000,2,0,0,0,0,1,0,0,0,0
zc,WS207,2012-06-11 09:20:24.773,2277.0000,2418,0,0.0000,0.0000,0,0,多换,B,2267.0000,0.0000,0.0000,0.0000,0.0000,2272.0000,0.0000,0.0000,0.0000,0.0000,2,0,0,0,0,1,0,0,0,0
zc,WS207,2012-06-11 09:20:28.287,2277.0000,2418,0,0.0000,0.0000,0,0,多换,B,2267.0000,0.0000,0.0000,0.0000,0.0000,2272.0000,0.0000,0.0000,0.0000,0.0000,1,0,0,0,0,1,0,0,0,0
zc,WS207,2012-06-11 09:20:29.320,2277.0000,2418,0,0.0000,0.0000,0,0,多换,B,2266.0000,0.0000,0.0000,0.0000,0.0000,2272.0000,0.0000,0.0000,0.0000,0.0000,3,0,0,0,0,1,0,0,0,0
zc,WS207,2012-06-11 09:20:31.320,2277.0000,2418,0,0.0000,0.0000,0,0,多换,B,2267.0000,0.0000,0.0000,0.0000,0.0000,2272.0000,0.0000,0.0000,0.0000,0.0000,2,0,0,0,0,1,0,0,0,0
zc,WS207,2012-06-11 09:20:33.053,2277.0000,2418,0,0.0000,0.0000,0,0,多换,B,2266.0000,0.0000,0.0000,0.0000,0.0000,2272.0000,0.0000,0.0000,0.0000,0.0000,3,0,0,0,0,1,0,0,0,0
zc,WS207,2012-06-11 09:20:35.553,2277.0000,2418,0,0.0000,0.0000,0,0,多换,B,2266.0000,0.0000,0.0000,0.0000,0.0000,2272.0000,0.0000,0.0000,0.0000,0.0000,1,0,0,0,0,1,0,0,0,0
zc,WS207,2012-06-11 09:20:38.087,2277.0000,2418,0,0.0000,0.0000,0,0,多换,B,2266.0000,0.0000,0.0000,0.0000,0.0000,2272.0000,0.0000,0.0000,0.0000,0.0000,2,0,0,0,0,1,0,0,0,0
zc,WS207,2012-06-11 09:20:39.087,2277.0000,2418,0,0.0000,0.0000,0,0,多换,B,2266.0000,0.0000,0.0000,0.0000,0.0000,2272.0000,0.0000,0.0000,0.0000,0.0000,1,0,0,0,0,1,0,0,0,0
zc,WS207,2012-06-11 09:20:39.803,2277.0000,2418,0,0.0000,0.0000,0,0,多换,B,2266.0000,0.0000,0.0000,0.0000,0.0000,2272.0000,0.0000,0.0000,0.0000,0.0000,2,0,0,0,0,1,0,0,0,0
zc,WS207,2012-06-11 09:20:40.570,2277.0000,2418,0,0.0000,0.0000,0,0,多换,B,2266.0000,0.0000,0.0000,0.0000,0.0000,2272.0000,0.0000,0.0000,0.0000,0.0000,3,0,0,0,0,1,0,0,0,0
zc,WS207,2012-06-11 09:20:41.803,2277.0000,2418,0,0.0000,0.0000,0,0,多换,B,2266.0000,0.0000,0.0000,0.0000,0.0000,2272.0000,0.0000,0.0000,0.0000,0.0000,1,0,0,0,0,1,0,0,0,0
zc,WS207,2012-06-11 09:20:42.820,2277.0000,2418,0,0.0000,0.0000,0,0,多换,B,2267.0000,0.0000,0.0000,0.0000,0.0000,2272.0000,0.0000,0.0000,0.0000,0.0000,2,0,0,0,0,1,0,0,0,0
zc,WS207,2012-06-11 09:20:44.257,2277.0000,2418,0,0.0000,0.0000,0,0,多换,B,2266.0000,0.0000,0.0000,0.0000,0.0000,2272.0000,0.0000,0.0000,0.0000,0.0000,3,0,0,0,0,1,0,0,0,0
zc,WS207,2012-06-11 09:20:49.587,2277.0000,2418,0,0.0000,0.0000,0,0,多换,B,2266.0000,0.0000,0.0000,0.0000,0.0000,2272.0000,0.0000,0.0000,0.0000,0.0000,1,0,0,0,0,3,0,0,0,0
zc,WS207,2012-06-11 09:21:01.587,2277.0000,2418,0,0.0000,0.0000,0,0,多换,B,2266.0000,0.0000,0.0000,0.0000,0.0000,2272.0000,0.0000,0.0000,0.0000,0.0000,3,0,0,0,0,1,0,0,0,0
zc,WS207,2012-06-11 09:21:02.240,2277.0000,2418,0,0.0000,0.0000,0,0,多换,B,2266.0000,0.0000,0.0000,0.0000,0.0000,2272.0000,0.0000,0.0000,0.0000,0.0000,3,0,0,0,0,1,0,0,0,0
zc,WS207,2012-06-11 09:21:04.273,2277.0000,2418,0,0.0000,0.0000,0,0,多换,B,2266.0000,0.0000,0.0000,0.0000,0.0000,2272.0000,0.0000,0.0000,0.0000,0.0000,1,0,0,0,0,3,0,0,0,0
zc,WS207,2012-06-11 09:21:23.507,2277.0000,2418,0,0.0000,0.0000,0,0,多换,B,2266.0000,0.0000,0.0000,0.0000,0.0000,2272.0000,0.0000,0.0000,0.0000,0.0000,3,0,0,0,0,1,0,0,0,0
zc,WS207,2012-06-11 09:21:26.553,2277.0000,2418,0,0.0000,0.0000,0,0,多换,B,2266.0000,0.0000,0.0000,0.0000,0.0000,2272.0000,0.0000,0.0000,0.0000,0.0000,1,0,0,0,0,3,0,0,0,0
zc,WS207,2012-06-11 09:21:32.820,2277.0000,2418,0,0.0000,0.0000,0,0,多换,B,2266.0000,0.0000,0.0000,0.0000,0.0000,2272.0000,0.0000,0.0000,0.0000,0.0000,1,0,0,0,0,2,0,0,0,0
zc,WS207,2012-06-11 09:21:33.320,2277.0000,2418,0,0.0000,0.0000,0,0,多换,B,2266.0000,0.0000,0.0000,0.0000,0.0000,2272.0000,0.0000,0.0000,0.0000,0.0000,2,0,0,0,0,1,0,0,0,0
zc,WS207,2012-06-11 09:21:34.023,2277.0000,2418,0,0.0000,0.0000,0,0,多换,B,2266.0000,0.0000,0.0000,0.0000,0.0000,2272.0000,0.0000,0.0000,0.0000,0.0000,3,0,0,0,0,1,0,0,0,0
zc,WS207,2012-06-11 09:21:50.070,2277.0000,2418,0,0.0000,0.0000,0,0,多换,B,2267.0000,0.0000,0.0000,0.0000,0.0000,2272.0000,0.0000,0.0000,0.0000,0.0000,1,0,0,0,0,1,0,0,0,0
zc,WS207,2012-06-11 09:21:50.303,2277.0000,2418,0,0.0000,0.0000,0,0,多换,B,2267.0000,0.0000,0.0000,0.0000,0.0000,2272.0000,0.0000,0.0000,0.0000,0.0000,2,0,0,0,0,1,0,0,0,0
zc,WS207,2012-06-11 09:21:57.587,2277.0000,2418,0,0.0000,0.0000,0,0,多换,B,2268.0000,0.0000,0.0000,0.0000,0.0000,2272.0000,0.0000,0.0000,0.0000,0.0000,2,0,0,0,0,1,0,0,0,0
zc,WS207,2012-06-11 09:21:58.053,2277.0000,2418,0,0.0000,0.0000,0,0,多换,B,2267.0000,0.0000,0.0000,0.0000,0.0000,2272.0000,0.0000,0.0000,0.0000,0.0000,2,0,0,0,0,1,0,0,0,0
zc,WS207,2012-06-11 09:22:03.273,2277.0000,2418,0,0.0000,0.0000,0,0,多换,B,2267.0000,0.0000,0.0000,0.0000,0.0000,2272.0000,0.0000,0.0000,0.0000,0.0000,1,0,0,0,0,1,0,0,0,0
zc,WS207,2012-06-11 09:22:04.523,2277.0000,2418,0,0.0000,0.0000,0,0,多换,B,2266.0000,0.0000,0.0000,0.0000,0.0000,2272.0000,0.0000,0.0000,0.0000,0.0000,3,0,0,0,0,1,0,0,0,0
zc,WS207,2012-06-11 09:22:06.257,2277.0000,2418,0,0.0000,0.0000,0,0,多换,B,2267.0000,0.0000,0.0000,0.0000,0.0000,2272.0000,0.0000,0.0000,0.0000,0.0000,2,0,0,0,0,1,0,0,0,0
zc,WS207,2012-06-11 09:22:09.320,2272.0000,2416,-2,0.0000,2.0000,0,2,双平,S,2267.0000,0.0000,0.0000,0.0000,0.0000,2274.0000,0.0000,0.0000,0.0000,0.0000,2,0,0,0,0,2,0,0,0,0
zc,WS207,2012-06-11 09:22:09.803,2272.0000,2416,0,0.0000,0.0000,0,0,空换,S,2267.0000,0.0000,0.0000,0.0000,0.0000,2274.0000,0.0000,0.0000,0.0000,0.0000,1,0,0,0,0,2,0,0,0,0
zc,WS207,2012-06-11 09:22:10.633,2272.0000,2416,0,0.0000,0.0000,0,0,空换,S,2267.0000,0.0000,0.0000,0.0000,0.0000,2274.0000,0.0000,0.0000,0.0000,0.0000,2,0,0,0,0,2,0,0,0,0
zc,WS207,2012-06-11 09:22:25.820,2272.0000,2416,0,0.0000,0.0000,0,0,空换,S,2268.0000,0.0000,0.0000,0.0000,0.0000,2275.0000,0.0000,0.0000,0.0000,0.0000,2,0,0,0,0,2,0,0,0,0
zc,WS207,2012-06-11 09:22:26.570,2272.0000,2416,0,0.0000,0.0000,0,0,空换,S,2267.0000,0.0000,0.0000,0.0000,0.0000,2275.0000,0.0000,0.0000,0.0000,0.0000,2,0,0,0,0,2,0,0,0,0
zc,WS207,2012-06-11 09:22:29.240,2272.0000,2416,0,0.0000,0.0000,0,0,空换,S,2267.0000,0.0000,0.0000,0.0000,0.0000,2274.0000,0.0000,0.0000,0.0000,0.0000,2,0,0,0,0,1,0,0,0,0
zc,WS207,2012-06-11 09:22:34.787,2272.0000,2416,0,0.0000,0.0000,0,0,空换,S,2267.0000,0.0000,0.0000,0.0000,0.0000,2274.0000,0.0000,0.0000,0.0000,0.0000,2,0,0,0,0,2,0,0,0,0
zc,WS207,2012-06-11 09:22:37.337,2272.0000,2416,0,0.0000,0.0000,0,0,空换,S,2268.0000,0.0000,0.0000,0.0000,0.0000,2275.0000,0.0000,0.0000,0.0000,0.0000,2,0,0,0,0,2,0,0,0,0
zc,WS207,2012-06-11 09:22:38.100,2272.0000,2416,0,0.0000,0.0000,0,0,空换,S,2274.0000,0.0000,0.0000,0.0000,0.0000,2275.0000,0.0000,0.0000,0.0000,0.0000,1,0,0,0,0,2,0,0,0,0
zc,WS207,2012-06-11 09:22:38.587,2274.0000,2416,0,0.0000,2.0000,1,1,多换,B,2267.0000,0.0000,0.0000,0.0000,0.0000,2275.0000,0.0000,0.0000,0.0000,0.0000,2,0,0,0,0,1,0,0,0,0
zc,WS207,2012-06-11 09:22:39.053,2274.0000,2416,0,0.0000,0.0000,0,0,多换,B,2268.0000,0.0000,0.0000,0.0000,0.0000,2275.0000,0.0000,0.0000,0.0000,0.0000,1,0,0,0,0,1,0,0,0,0
zc,WS207,2012-06-11 09:22:40.303,2274.0000,2416,0,0.0000,0.0000,0,0,多换,B,2267.0000,0.0000,0.0000,0.0000,0.0000,2275.0000,0.0000,0.0000,0.0000,0.0000,2,0,0,0,0,1,0,0,0,0
zc,WS207,2012-06-11 09:23:00.803,2274.0000,2416,0,0.0000,0.0000,0,0,多换,B,2268.0000,0.0000,0.0000,0.0000,0.0000,2275.0000,0.0000,0.0000,0.0000,0.0000,2,0,0,0,0,1,0,0,0,0
zc,WS207,2012-06-11 09:23:06.537,2274.0000,2416,0,0.0000,0.0000,0,0,多换,B,2267.0000,0.0000,0.0000,0.0000,0.0000,2275.0000,0.0000,0.0000,0.0000,0.0000,2,0,0,0,0,1,0,0,0,0
zc,WS207,2012-06-11 09:23:09.303,2274.0000,2416,0,0.0000,0.0000,0,0,多换,B,2267.0000,0.0000,0.0000,0.0000,0.0000,2274.0000,0.0000,0.0000,0.0000,0.0000,2,0,0,0,0,1,0,0,0,0
zc,WS207,2012-06-11 09:23:10.537,2274.0000,2416,0,0.0000,0.0000,0,0,多换,B,2267.0000,0.0000,0.0000,0.0000,0.0000,2275.0000,0.0000,0.0000,0.0000,0.0000,2,0,0,0,0,1,0,0,0,0
zc,WS207,2012-06-11 09:23:11.537,2274.0000,2416,0,0.0000,0.0000,0,0,多换,B,2268.0000,0.0000,0.0000,0.0000,0.0000,2275.0000,0.0000,0.0000,0.0000,0.0000,1,0,0,0,0,1,0,0,0,0
zc,WS207,2012-06-11 09:23:12.757,2274.0000,2416,0,0.0000,0.0000,0,0,多换,B,2268.0000,0.0000,0.0000,0.0000,0.0000,2275.0000,0.0000,0.0000,0.0000,0.0000,2,0,0,0,0,1,0,0,0,0
zc,WS207,2012-06-11 09:23:21.537,2274.0000,2416,0,0.0000,0.0000,0,0,多换,B,2267.0000,0.0000,0.0000,0.0000,0.0000,2274.0000,0.0000,0.0000,0.0000,0.0000,2,0,0,0,0,1,0,0,0,0
zc,WS207,2012-06-11 09:24:06.553,2274.0000,2416,0,0.0000,0.0000,0,0,多换,B,2266.0000,0.0000,0.0000,0.0000,0.0000,2274.0000,0.0000,0.0000,0.0000,0.0000,3,0,0,0,0,1,0,0,0,0
zc,WS207,2012-06-11 09:24:09.537,2274.0000,2416,0,0.0000,0.0000,0,0,多换,B,2267.0000,0.0000,0.0000,0.0000,0.0000,2274.0000,0.0000,0.0000,0.0000,0.0000,2,0,0,0,0,1,0,0,0,0
zc,WS207,2012-06-11 09:24:11.773,2274.0000,2416,0,0.0000,0.0000,0,0,多换,B,2266.0000,0.0000,0.0000,0.0000,0.0000,2274.0000,0.0000,0.0000,0.0000,0.0000,3,0,0,0,0,1,0,0,0,0
zc,WS207,2012-06-11 09:24:13.007,2274.0000,2416,0,0.0000,0.0000,0,0,多换,B,2266.0000,0.0000,0.0000,0.0000,0.0000,2273.0000,0.0000,0.0000,0.0000,0.0000,3,0,0,0,0,1,0,0,0,0
zc,WS207,2012-06-11 09:24:19.537,2274.0000,2416,0,0.0000,0.0000,0,0,多换,B,2266.0000,0.0000,0.0000,0.0000,0.0000,2272.0000,0.0000,0.0000,0.0000,0.0000,1,0,0,0,0,1,0,0,0,0
zc,WS207,2012-06-11 09:24:27.053,2274.0000,2416,0,0.0000,0.0000,0,0,多换,B,2266.0000,0.0000,0.0000,0.0000,0.0000,2273.0000,0.0000,0.0000,0.0000,0.0000,1,0,0,0,0,1,0,0,0,0
zc,WS207,2012-06-11 09:24:28.320,2274.0000,2416,0,0.0000,0.0000,0,0,多换,B,2266.0000,0.0000,0.0000,0.0000,0.0000,2272.0000,0.0000,0.0000,0.0000,0.0000,1,0,0,0,0,1,0,0,0,0
zc,WS207,2012-06-11 09:24:46.507,2274.0000,2416,0,0.0000,0.0000,0,0,多换,B,2266.0000,0.0000,0.0000,0.0000,0.0000,2273.0000,0.0000,0.0000,0.0000,0.0000,1,0,0,0,0,1,0,0,0,0
zc,WS207,2012-06-11 09:24:47.537,2274.0000,2416,0,0.0000,0.0000,0,0,多换,B,2266.0000,0.0000,0.0000,0.0000,0.0000,2272.0000,0.0000,0.0000,0.0000,0.0000,1,0,0,0,0,1,0,0,0,0
zc,WS207,2012-06-11 09:24:53.303,2274.0000,2416,0,0.0000,0.0000,0,0,多换,B,2266.0000,0.0000,0.0000,0.0000,0.0000,2273.0000,0.0000,0.0000,0.0000,0.0000,1,0,0,0,0,1,0,0,0,0
zc,WS207,2012-06-11 09:24:55.037,2274.0000,2416,0,0.0000,0.0000,0,0,多换,B,2266.0000,0.0000,0.0000,0.0000,0.0000,2273.0000,0.0000,0.0000,0.0000,0.0000,3,0,0,0,0,1,0,0,0,0
zc,WS207,2012-06-11 09:25:04.287,2274.0000,2416,0,0.0000,0.0000,0,0,多换,B,2266.0000,0.0000,0.0000,0.0000,0.0000,2272.0000,0.0000,0.0000,0.0000,0.0000,1,0,0,0,0,1,0,0,0,0
zc,WS207,2012-06-11 09:26:02.273,2274.0000,2416,0,0.0000,0.0000,0,0,多换,B,2266.0000,0.0000,0.0000,0.0000,0.0000,2272.0000,0.0000,0.0000,0.0000,0.0000,1,0,0,0,0,1,0,0,0,0
zc,WS207,2012-06-11 09:26:16.037,2274.0000,2416,0,0.0000,0.0000,0,0,多换,B,2266.0000,0.0000,0.0000,0.0000,0.0000,2273.0000,0.0000,0.0000,0.0000,0.0000,1,0,0,0,0,1,0,0,0,0
zc,WS207,2012-06-11 09:26:16.507,2274.0000,2416,0,0.0000,0.0000,0,0,多换,B,2266.0000,0.0000,0.0000,0.0000,0.0000,2273.0000,0.0000,0.0000,0.0000,0.0000,3,0,0,0,0,1,0,0,0,0
zc,WS207,2012-06-11 09:26:19.320,2274.0000,2416,0,0.0000,0.0000,0,0,多换,B,2266.0000,0.0000,0.0000,0.0000,0.0000,2273.0000,0.0000,0.0000,0.0000,0.0000,2,0,0,0,0,1,0,0,0,0
zc,WS207,2012-06-11 09:26:20.053,2274.0000,2416,0,0.0000,0.0000,0,0,多换,B,2266.0000,0.0000,0.0000,0.0000,0.0000,2273.0000,0.0000,0.0000,0.0000,0.0000,1,0,0,0,0,1,0,0,0,0
zc,WS207,2012-06-11 09:26:21.803,2274.0000,2416,0,0.0000,0.0000,0,0,多换,B,2266.0000,0.0000,0.0000,0.0000,0.0000,2272.0000,0.0000,0.0000,0.0000,0.0000,1,0,0,0,0,1,0,0,0,0
zc,WS207,2012-06-11 09:26:23.070,2274.0000,2416,0,0.0000,0.0000,0,0,多换,B,2266.0000,0.0000,0.0000,0.0000,0.0000,2273.0000,0.0000,0.0000,0.0000,0.0000,1,0,0,0,0,1,0,0,0,0
zc,WS207,2012-06-11 09:26:29.523,2274.0000,2416,0,0.0000,0.0000,0,0,多换,B,2266.0000,0.0000,0.0000,0.0000,0.0000,2273.0000,0.0000,0.0000,0.0000,0.0000,2,0,0,0,0,1,0,0,0,0
zc,WS207,2012-06-11 09:26:33.007,2274.0000,2416,0,0.0000,0.0000,0,0,多换,B,2266.0000,0.0000,0.0000,0.0000,0.0000,2273.0000,0.0000,0.0000,0.0000,0.0000,3,0,0,0,0,1,0,0,0,0
zc,WS207,2012-06-11 09:26:47.037,2274.0000,2416,0,0.0000,0.0000,0,0,多换,B,2266.0000,0.0000,0.0000,0.0000,0.0000,2273.0000,0.0000,0.0000,0.0000,0.0000,2,0,0,0,0,1,0,0,0,0
zc,WS207,2012-06-11 09:26:48.337,2274.0000,2416,0,0.0000,0.0000,0,0,多换,B,2266.0000,0.0000,0.0000,0.0000,0.0000,2273.0000,0.0000,0.0000,0.0000,0.0000,3,0,0,0,0,1,0,0,0,0
zc,WS207,2012-06-11 09:27:02.350,2274.0000,2416,0,0.0000,0.0000,0,0,多换,B,2266.0000,0.0000,0.0000,0.0000,0.0000,2273.0000,0.0000,0.0000,0.0000,0.0000,1,0,0,0,0,1,0,0,0,0
zc,WS207,2012-06-11 09:27:05.537,2274.0000,2416,0,0.0000,0.0000,0,0,多换,B,2266.0000,0.0000,0.0000,0.0000,0.0000,2273.0000,0.0000,0.0000,0.0000,0.0000,2,0,0,0,0,1,0,0,0,0
zc,WS207,2012-06-11 09:27:06.523,2274.0000,2416,0,0.0000,0.0000,0,0,多换,B,2266.0000,0.0000,0.0000,0.0000,0.0000,2272.0000,0.0000,0.0000,0.0000,0.0000,1,0,0,0,0,1,0,0,0,0
zc,WS207,2012-06-11 09:27:07.773,2274.0000,2416,0,0.0000,0.0000,0,0,多换,B,2266.0000,0.0000,0.0000,0.0000,0.0000,2273.0000,0.0000,0.0000,0.0000,0.0000,1,0,0,0,0,1,0,0,0,0
zc,WS207,2012-06-11 09:27:17.523,2274.0000,2416,0,0.0000,0.0000,0,0,多换,B,2266.0000,0.0000,0.0000,0.0000,0.0000,2272.0000,0.0000,0.0000,0.0000,0.0000,1,0,0,0,0,1,0,0,0,0
zc,WS207,2012-06-11 09:28:11.990,2274.0000,2416,0,0.0000,0.0000,0,0,多换,B,2266.0000,0.0000,0.0000,0.0000,0.0000,2273.0000,0.0000,0.0000,0.0000,0.0000,1,0,0,0,0,1,0,0,0,0
zc,WS207,2012-06-11 09:28:13.320,2274.0000,2416,0,0.0000,0.0000,0,0,多换,B,2266.0000,0.0000,0.0000,0.0000,0.0000,2272.0000,0.0000,0.0000,0.0000,0.0000,1,0,0,0,0,1,0,0,0,0
zc,WS207,2012-06-11 09:28:17.287,2274.0000,2416,0,0.0000,0.0000,0,0,多换,B,2266.0000,0.0000,0.0000,0.0000,0.0000,2273.0000,0.0000,0.0000,0.0000,0.0000,2,0,0,0,0,1,0,0,0,0
zc,WS207,2012-06-11 09:28:21.757,2274.0000,2416,0,0.0000,0.0000,0,0,多换,B,2266.0000,0.0000,0.0000,0.0000,0.0000,2273.0000,0.0000,0.0000,0.0000,0.0000,1,0,0,0,0,1,0,0,0,0
zc,WS207,2012-06-11 09:28:23.023,2274.0000,2416,0,0.0000,0.0000,0,0,多换,B,2266.0000,0.0000,0.0000,0.0000,0.0000,2273.0000,0.0000,0.0000,0.0000,0.0000,2,0,0,0,0,1,0,0,0,0
zc,WS207,2012-06-11 09:28:23.990,2274.0000,2416,0,0.0000,0.0000,0,0,多换,B,2266.0000,0.0000,0.0000,0.0000,0.0000,2273.0000,0.0000,0.0000,0.0000,0.0000,1,0,0,0,0,1,0,0,0,0
zc,WS207,2012-06-11 09:28:26.273,2274.0000,2416,0,0.0000,0.0000,0,0,多换,B,2266.0000,0.0000,0.0000,0.0000,0.0000,2272.0000,0.0000,0.0000,0.0000,0.0000,1,0,0,0,0,1,0,0,0,0
zc,WS207,2012-06-11 09:28:26.757,2274.0000,2416,0,0.0000,0.0000,0,0,多换,B,2266.0000,0.0000,0.0000,0.0000,0.0000,2273.0000,0.0000,0.0000,0.0000,0.0000,1,0,0,0,0,1,0,0,0,0
zc,WS207,2012-06-11 09:28:29.773,2274.0000,2416,0,0.0000,0.0000,0,0,多换,B,2266.0000,0.0000,0.0000,0.0000,0.0000,2273.0000,0.0000,0.0000,0.0000,0.0000,2,0,0,0,0,1,0,0,0,0
zc,WS207,2012-06-11 09:28:31.553,2274.0000,2416,0,0.0000,0.0000,0,0,多换,B,2266.0000,0.0000,0.0000,0.0000,0.0000,2273.0000,0.0000,0.0000,0.0000,0.0000,3,0,0,0,0,1,0,0,0,0
zc,WS207,2012-06-11 09:28:50.287,2274.0000,2416,0,0.0000,0.0000,0,0,多换,B,2267.0000,0.0000,0.0000,0.0000,0.0000,2274.0000,0.0000,0.0000,0.0000,0.0000,1,0,0,0,0,1,0,0,0,0
zc,WS207,2012-06-11 09:28:50.990,2274.0000,2416,0,0.0000,0.0000,0,0,多换,B,2266.0000,0.0000,0.0000,0.0000,0.0000,2274.0000,0.0000,0.0000,0.0000,0.0000,3,0,0,0,0,1,0,0,0,0
zc,WS207,2012-06-11 09:28:51.507,2274.0000,2416,0,0.0000,0.0000,0,0,多换,B,2266.0000,0.0000,0.0000,0.0000,0.0000,2273.0000,0.0000,0.0000,0.0000,0.0000,3,0,0,0,0,1,0,0,0,0
zc,WS207,2012-06-11 09:28:53.990,2274.0000,2416,0,0.0000,0.0000,0,0,多换,B,2266.0000,0.0000,0.0000,0.0000,0.0000,2274.0000,0.0000,0.0000,0.0000,0.0000,3,0,0,0,0,1,0,0,0,0
zc,WS207,2012-06-11 09:28:58.273,2274.0000,2416,0,0.0000,0.0000,0,0,多换,B,2267.0000,0.0000,0.0000,0.0000,0.0000,2274.0000,0.0000,0.0000,0.0000,0.0000,2,0,0,0,0,1,0,0,0,0
zc,WS207,2012-06-11 09:29:02.303,2274.0000,2416,0,0.0000,0.0000,0,0,多换,B,2267.0000,0.0000,0.0000,0.0000,0.0000,2274.0000,0.0000,0.0000,0.0000,0.0000,3,0,0,0,0,1,0,0,0,0
zc,WS207,2012-06-11 09:29:18.787,2274.0000,2416,0,0.0000,0.0000,0,0,多换,B,2267.0000,0.0000,0.0000,0.0000,0.0000,2274.0000,0.0000,0.0000,0.0000,0.0000,1,0,0,0,0,1,0,0,0,0
zc,WS207,2012-06-11 09:29:21.507,2274.0000,2416,0,0.0000,0.0000,0,0,多换,B,2267.0000,0.0000,0.0000,0.0000,0.0000,2274.0000,0.0000,0.0000,0.0000,0.0000,3,0,0,0,0,1,0,0,0,0
zc,WS207,2012-06-11 09:29:26.257,2274.0000,2416,0,0.0000,0.0000,0,0,多换,B,2267.0000,0.0000,0.0000,0.0000,0.0000,2274.0000,0.0000,0.0000,0.0000,0.0000,1,0,0,0,0,1,0,0,0,0
zc,WS207,2012-06-11 09:29:28.007,2274.0000,2416,0,0.0000,0.0000,0,0,多换,B,2267.0000,0.0000,0.0000,0.0000,0.0000,2274.0000,0.0000,0.0000,0.0000,0.0000,2,0,0,0,0,1,0,0,0,0
zc,WS207,2012-06-11 09:29:28.990,2274.0000,2416,0,0.0000,0.0000,0,0,多换,B,2267.0000,0.0000,0.0000,0.0000,0.0000,2274.0000,0.0000,0.0000,0.0000,0.0000,1,0,0,0,0,1,0,0,0,0
zc,WS207,2012-06-11 09:29:38.570,2274.0000,2416,0,0.0000,0.0000,0,0,多换,B,2267.0000,0.0000,0.0000,0.0000,0.0000,2274.0000,0.0000,0.0000,0.0000,0.0000,2,0,0,0,0,1,0,0,0,0
zc,WS207,2012-06-11 09:29:40.507,2274.0000,2416,0,0.0000,0.0000,0,0,多换,B,2267.0000,0.0000,0.0000,0.0000,0.0000,2274.0000,0.0000,0.0000,0.0000,0.0000,1,0,0,0,0,1,0,0,0,0
zc,WS207,2012-06-11 09:29:48.023,2274.0000,2416,0,0.0000,0.0000,0,0,多换,B,2267.0000,0.0000,0.0000,0.0000,0.0000,2274.0000,0.0000,0.0000,0.0000,0.0000,3,0,0,0,0,1,0,0,0,0
zc,WS207,2012-06-11 09:29:53.007,2274.0000,2416,0,0.0000,0.0000,0,0,多换,B,2267.0000,0.0000,0.0000,0.0000,0.0000,2273.0000,0.0000,0.0000,0.0000,0.0000,1,0,0,0,0,1,0,0,0,0
zc,WS207,2012-06-11 09:29:55.257,2274.0000,2416,0,0.0000,0.0000,0,0,多换,B,2267.0000,0.0000,0.0000,0.0000,0.0000,2274.0000,0.0000,0.0000,0.0000,0.0000,2,0,0,0,0,1,0,0,0,0
zc,WS207,2012-06-11 09:29:57.023,2274.0000,2416,0,0.0000,0.0000,0,0,多换,B,2267.0000,0.0000,0.0000,0.0000,0.0000,2273.0000,0.0000,0.0000,0.0000,0.0000,1,0,0,0,0,1,0,0,0,0
zc,WS207,2012-06-11 09:31:19.023,2274.0000,2416,0,0.0000,0.0000,0,0,多换,B,2267.0000,0.0000,0.0000,0.0000,0.0000,2274.0000,0.0000,0.0000,0.0000,0.0000,1,0,0,0,0,1,0,0,0,0
zc,WS207,2012-06-11 09:31:20.007,2274.0000,2416,0,0.0000,0.0000,0,0,多换,B,2267.0000,0.0000,0.0000,0.0000,0.0000,2274.0000,0.0000,0.0000,0.0000,0.0000,2,0,0,0,0,1,0,0,0,0
zc,WS207,2012-06-11 09:31:24.537,2274.0000,2416,0,0.0000,0.0000,0,0,多换,B,2267.0000,0.0000,0.0000,0.0000,0.0000,2273.0000,0.0000,0.0000,0.0000,0.0000,2,0,0,0,0,1,0,0,0,0
zc,WS207,2012-06-11 09:31:30.757,2274.0000,2416,0,0.0000,0.0000,0,0,多换,B,2267.0000,0.0000,0.0000,0.0000,0.0000,2273.0000,0.0000,0.0000,0.0000,0.0000,3,0,0,0,0,1,0,0,0,0
zc,WS207,2012-06-11 09:31:53.320,2274.0000,2416,0,0.0000,0.0000,0,0,多换,B,2268.0000,0.0000,0.0000,0.0000,0.0000,2273.0000,0.0000,0.0000,0.0000,0.0000,1,0,0,0,0,1,0,0,0,0
zc,WS207,2012-06-11 09:31:53.803,2274.0000,2416,0,0.0000,0.0000,0,0,多换,B,2267.0000,0.0000,0.0000,0.0000,0.0000,2273.0000,0.0000,0.0000,0.0000,0.0000,3,0,0,0,0,1,0,0,0,0
zc,WS207,2012-06-11 09:32:01.037,2274.0000,2416,0,0.0000,0.0000,0,0,多换,B,2268.0000,0.0000,0.0000,0.0000,0.0000,2273.0000,0.0000,0.0000,0.0000,0.0000,2,0,0,0,0,1,0,0,0,0
zc,WS207,2012-06-11 09:32:10.787,2274.0000,2416,0,0.0000,0.0000,0,0,多换,B,2269.0000,0.0000,0.0000,0.0000,0.0000,2273.0000,0.0000,0.0000,0.0000,0.0000,2,0,0,0,0,1,0,0,0,0
zc,WS207,2012-06-11 09:32:31.007,2273.0000,2416,0,0.0000,2.0000,1,1,空换,S,2269.0000,0.0000,0.0000,0.0000,0.0000,2274.0000,0.0000,0.0000,0.0000,0.0000,2,0,0,0,0,5,0,0,0,0
zc,WS207,2012-06-11 09:32:38.053,2273.0000,2416,0,0.0000,0.0000,0,0,空换,S,2270.0000,0.0000,0.0000,0.0000,0.0000,2274.0000,0.0000,0.0000,0.0000,0.0000,2,0,0,0,0,5,0,0,0,0
zc,WS207,2012-06-11 09:33:00.053,2273.0000,2416,0,0.0000,0.0000,0,0,空换,S,2269.0000,0.0000,0.0000,0.0000,0.0000,2274.0000,0.0000,0.0000,0.0000,0.0000,2,0,0,0,0,5,0,0,0,0
zc,WS207,2012-06-11 09:33:25.037,2273.0000,2416,0,0.0000,0.0000,0,0,空换,S,2273.0000,0.0000,0.0000,0.0000,0.0000,2274.0000,0.0000,0.0000,0.0000,0.0000,1,0,0,0,0,5,0,0,0,0
zc,WS207,2012-06-11 09:33:25.570,2274.0000,2414,-2,0.0000,2.0000,0,2,双平,B,2269.0000,0.0000,0.0000,0.0000,0.0000,2274.0000,0.0000,0.0000,0.0000,0.0000,2,0,0,0,0,4,0,0,0,0
zc,WS207,2012-06-11 09:33:27.523,2274.0000,2414,0,0.0000,0.0000,0,0,多换,B,2270.0000,0.0000,0.0000,0.0000,0.0000,2274.0000,0.0000,0.0000,0.0000,0.0000,1,0,0,0,0,4,0,0,0,0
zc,WS207,2012-06-11 09:33:32.273,2274.0000,2414,0,0.0000,0.0000,0,0,多换,B,2270.0000,0.0000,0.0000,0.0000,0.0000,2274.0000,0.0000,0.0000,0.0000,0.0000,2,0,0,0,0,4,0,0,0,0
zc,WS207,2012-06-11 09:33:49.507,2274.0000,2414,0,0.0000,0.0000,0,0,多换,B,2269.0000,0.0000,0.0000,0.0000,0.0000,2274.0000,0.0000,0.0000,0.0000,0.0000,2,0,0,0,0,4,0,0,0,0
zc,WS207,2012-06-11 09:34:17.787,2274.0000,2414,0,0.0000,0.0000,0,0,多换,B,2270.0000,0.0000,0.0000,0.0000,0.0000,2274.0000,0.0000,0.0000,0.0000,0.0000,1,0,0,0,0,4,0,0,0,0
zc,WS207,2012-06-11 09:34:19.477,2274.0000,2414,0,0.0000,0.0000,0,0,多换,B,2269.0000,0.0000,0.0000,0.0000,0.0000,2274.0000,0.0000,0.0000,0.0000,0.0000,2,0,0,0,0,4,0,0,0,0
zc,WS207,2012-06-11 09:34:20.523,2274.0000,2414,0,0.0000,0.0000,0,0,多换,B,2270.0000,0.0000,0.0000,0.0000,0.0000,2274.0000,0.0000,0.0000,0.0000,0.0000,1,0,0,0,0,4,0,0,0,0
zc,WS207,2012-06-11 09:34:21.507,2274.0000,2414,0,0.0000,0.0000,0,0,多换,B,2269.0000,0.0000,0.0000,0.0000,0.0000,2274.0000,0.0000,0.0000,0.0000,0.0000,2,0,0,0,0,4,0,0,0,0
zc,WS207,2012-06-11 09:35:02.240,2274.0000,2414,0,0.0000,0.0000,0,0,多换,B,2269.0000,0.0000,0.0000,0.0000,0.0000,2274.0000,0.0000,0.0000,0.0000,0.0000,2,0,0,0,0,4,0,0,0,0
zc,WS207,2012-06-11 09:36:02.240,2274.0000,2414,0,0.0000,0.0000,0,0,多换,B,2269.0000,0.0000,0.0000,0.0000,0.0000,2274.0000,0.0000,0.0000,0.0000,0.0000,2,0,0,0,0,4,0,0,0,0
zc,WS207,2012-06-11 09:36:15.287,2274.0000,2414,0,0.0000,0.0000,0,0,多换,B,2267.0000,0.0000,0.0000,0.0000,0.0000,2274.0000,0.0000,0.0000,0.0000,0.0000,1,0,0,0,0,4,0,0,0,0
zc,WS207,2012-06-11 09:36:20.600,2274.0000,2414,0,0.0000,0.0000,0,0,多换,B,2267.0000,0.0000,0.0000,0.0000,0.0000,2274.0000,0.0000,0.0000,0.0000,0.0000,3,0,0,0,0,4,0,0,0,0
zc,WS207,2012-06-11 09:36:51.273,2274.0000,2414,0,0.0000,0.0000,0,0,多换,B,2267.0000,0.0000,0.0000,0.0000,0.0000,2274.0000,0.0000,0.0000,0.0000,0.0000,1,0,0,0,0,4,0,0,0,0
zc,WS207,2012-06-11 09:37:32.837,2267.0000,2414,0,0.0000,2.0000,1,1,空换,S,2266.0000,0.0000,0.0000,0.0000,0.0000,2273.0000,0.0000,0.0000,0.0000,0.0000,1,0,0,0,0,1,0,0,0,0
zc,WS207,2012-06-11 09:37:35.070,2267.0000,2414,0,0.0000,0.0000,0,0,空换,S,2266.0000,0.0000,0.0000,0.0000,0.0000,2273.0000,0.0000,0.0000,0.0000,0.0000,1,0,0,0,0,2,0,0,0,0
zc,WS207,2012-06-11 09:37:36.287,2265.0000,2412,-2,0.0000,4.0000,1,3,多平,S,2265.0000,0.0000,0.0000,0.0000,0.0000,2273.0000,0.0000,0.0000,0.0000,0.0000,1,0,0,0,0,2,0,0,0,0
zc,WS207,2012-06-11 09:37:38.787,2265.0000,2412,0,0.0000,0.0000,0,0,空换,S,2265.0000,0.0000,0.0000,0.0000,0.0000,2273.0000,0.0000,0.0000,0.0000,0.0000,1,0,0,0,0,1,0,0,0,0
zc,WS207,2012-06-11 09:37:48.257,2265.0000,2412,0,0.0000,0.0000,0,0,空换,S,2260.0000,0.0000,0.0000,0.0000,0.0000,2273.0000,0.0000,0.0000,0.0000,0.0000,5,0,0,0,0,1,0,0,0,0
zc,WS207,2012-06-11 09:37:50.053,2273.0000,2412,0,0.0000,2.0000,1,1,多换,B,2260.0000,0.0000,0.0000,0.0000,0.0000,2274.0000,0.0000,0.0000,0.0000,0.0000,5,0,0,0,0,4,0,0,0,0
zc,WS207,2012-06-11 09:37:53.037,2273.0000,2412,0,0.0000,0.0000,0,0,多换,B,2261.0000,0.0000,0.0000,0.0000,0.0000,2274.0000,0.0000,0.0000,0.0000,0.0000,1,0,0,0,0,4,0,0,0,0
zc,WS207,2012-06-11 09:37:57.037,2273.0000,2412,0,0.0000,0.0000,0,0,多换,B,2262.0000,0.0000,0.0000,0.0000,0.0000,2274.0000,0.0000,0.0000,0.0000,0.0000,1,0,0,0,0,4,0,0,0,0
zc,WS207,2012-06-11 09:38:01.553,2273.0000,2412,0,0.0000,0.0000,0,0,多换,B,2263.0000,0.0000,0.0000,0.0000,0.0000,2274.0000,0.0000,0.0000,0.0000,0.0000,1,0,0,0,0,4,0,0,0,0
zc,WS207,2012-06-11 09:38:02.240,2273.0000,2412,0,0.0000,0.0000,0,0,多换,B,2263.0000,0.0000,0.0000,0.0000,0.0000,2274.0000,0.0000,0.0000,0.0000,0.0000,1,0,0,0,0,4,0,0,0,0
zc,WS207,2012-06-11 09:38:13.773,2273.0000,2412,0,0.0000,0.0000,0,0,多换,B,2263.0000,0.0000,0.0000,0.0000,0.0000,2274.0000,0.0000,0.0000,0.0000,0.0000,1,0,0,0,0,6,0,0,0,0
zc,WS207,2012-06-11 09:38:28.537,2273.0000,2412,0,0.0000,0.0000,0,0,多换,B,2263.0000,0.0000,0.0000,0.0000,0.0000,2272.0000,0.0000,0.0000,0.0000,0.0000,1,0,0,0,0,1,0,0,0,0
zc,WS207,2012-06-11 09:39:02.240,2273.0000,2412,0,0.0000,0.0000,0,0,多换,B,2263.0000,0.0000,0.0000,0.0000,0.0000,2272.0000,0.0000,0.0000,0.0000,0.0000,1,0,0,0,0,1,0,0,0,0
zc,WS207,2012-06-11 09:39:46.490,2273.0000,2412,0,0.0000,0.0000,0,0,多换,B,2263.0000,0.0000,0.0000,0.0000,0.0000,2272.0000,0.0000,0.0000,0.0000,0.0000,1,0,0,0,0,3,0,0,0,0
zc,WS207,2012-06-11 09:39:47.240,2273.0000,2412,0,0.0000,0.0000,0,0,多换,B,2263.0000,0.0000,0.0000,0.0000,0.0000,2272.0000,0.0000,0.0000,0.0000,0.0000,1,0,0,0,0,1,0,0,0,0
zc,WS207,2012-06-11 09:40:07.537,2273.0000,2412,0,0.0000,0.0000,0,0,多换,B,2263.0000,0.0000,0.0000,0.0000,0.0000,2272.0000,0.0000,0.0000,0.0000,0.0000,1,0,0,0,0,3,0,0,0,0
zc,WS207,2012-06-11 09:40:08.490,2273.0000,2412,0,0.0000,0.0000,0,0,多换,B,2263.0000,0.0000,0.0000,0.0000,0.0000,2272.0000,0.0000,0.0000,0.0000,0.0000,1,0,0,0,0,1,0,0,0,0
zc,WS207,2012-06-11 09:40:39.240,2273.0000,2412,0,0.0000,0.0000,0,0,多换,B,2261.0000,0.0000,0.0000,0.0000,0.0000,2272.0000,0.0000,0.0000,0.0000,0.0000,1,0,0,0,0,1,0,0,0,0
zc,WS207,2012-06-11 09:41:13.287,2273.0000,2412,0,0.0000,0.0000,0,0,多换,B,2262.0000,0.0000,0.0000,0.0000,0.0000,2272.0000,0.0000,0.0000,0.0000,0.0000,2,0,0,0,0,1,0,0,0,0
zc,WS207,2012-06-11 09:41:28.240,2272.0000,2412,0,0.0000,2.0000,1,1,空换,S,2262.0000,0.0000,0.0000,0.0000,0.0000,2273.0000,0.0000,0.0000,0.0000,0.0000,2,0,0,0,0,3,0,0,0,0
zc,WS207,2012-06-11 09:41:33.773,2272.0000,2412,0,0.0000,0.0000,0,0,空换,S,2262.0000,0.0000,0.0000,0.0000,0.0000,2272.0000,0.0000,0.0000,0.0000,0.0000,2,0,0,0,0,2,0,0,0,0
zc,WS207,2012-06-11 09:41:37.757,2272.0000,2412,0,0.0000,0.0000,0,0,空换,S,2263.0000,0.0000,0.0000,0.0000,0.0000,2272.0000,0.0000,0.0000,0.0000,0.0000,1,0,0,0,0,2,0,0,0,0
zc,WS207,2012-06-11 09:41:57.740,2272.0000,2412,0,0.0000,0.0000,0,0,空换,S,2263.0000,0.0000,0.0000,0.0000,0.0000,2273.0000,0.0000,0.0000,0.0000,0.0000,1,0,0,0,0,3,0,0,0,0
zc,WS207,2012-06-11 09:42:00.070,2272.0000,2412,0,0.0000,0.0000,0,0,空换,S,2263.0000,0.0000,0.0000,0.0000,0.0000,2272.0000,0.0000,0.0000,0.0000,0.0000,1,0,0,0,0,2,0,0,0,0
zc,WS207,2012-06-11 09:42:00.787,2272.0000,2412,0,0.0000,0.0000,0,0,空换,S,2263.0000,0.0000,0.0000,0.0000,0.0000,2273.0000,0.0000,0.0000,0.0000,0.0000,1,0,0,0,0,3,0,0,0,0
zc,WS207,2012-06-11 09:42:01.257,2272.0000,2412,0,0.0000,0.0000,0,0,空换,S,2263.0000,0.0000,0.0000,0.0000,0.0000,2273.0000,0.0000,0.0000,0.0000,0.0000,2,0,0,0,0,3,0,0,0,0
zc,WS207,2012-06-11 09:42:06.553,2272.0000,2412,0,0.0000,0.0000,0,0,空换,S,2263.0000,0.0000,0.0000,0.0000,0.0000,2272.0000,0.0000,0.0000,0.0000,0.0000,2,0,0,0,0,2,0,0,0,0
zc,WS207,2012-06-11 09:42:11.553,2272.0000,2412,0,0.0000,0.0000,0,0,空换,S,2263.0000,0.0000,0.0000,0.0000,0.0000,2273.0000,0.0000,0.0000,0.0000,0.0000,2,0,0,0,0,3,0,0,0,0
zc,WS207,2012-06-11 09:42:14.837,2272.0000,2412,0,0.0000,0.0000,0,0,空换,S,2263.0000,0.0000,0.0000,0.0000,0.0000,2272.0000,0.0000,0.0000,0.0000,0.0000,2,0,0,0,0,1,0,0,0,0
zc,WS207,2012-06-11 09:42:58.617,2272.0000,2412,0,0.0000,0.0000,0,0,空换,S,2263.0000,0.0000,0.0000,0.0000,0.0000,2272.0000,0.0000,0.0000,0.0000,0.0000,2,0,0,0,0,4,0,0,0,0
zc,WS207,2012-06-11 09:42:59.117,2272.0000,2412,0,0.0000,0.0000,0,0,空换,S,2263.0000,0.0000,0.0000,0.0000,0.0000,2272.0000,0.0000,0.0000,0.0000,0.0000,2,0,0,0,0,3,0,0,0,0
zc,WS207,2012-06-11 09:43:00.273,2272.0000,2412,0,0.0000,0.0000,0,0,空换,S,2263.0000,0.0000,0.0000,0.0000,0.0000,2272.0000,0.0000,0.0000,0.0000,0.0000,2,0,0,0,0,2,0,0,0,0
zc,WS207,2012-06-11 09:43:07.507,2272.0000,2412,0,0.0000,0.0000,0,0,空换,S,2263.0000,0.0000,0.0000,0.0000,0.0000,2272.0000,0.0000,0.0000,0.0000,0.0000,2,0,0,0,0,4,0,0,0,0
zc,WS207,2012-06-11 09:43:13.023,2272.0000,2412,0,0.0000,0.0000,0,0,空换,S,2263.0000,0.0000,0.0000,0.0000,0.0000,2272.0000,0.0000,0.0000,0.0000,0.0000,2,0,0,0,0,2,0,0,0,0
zc,WS207,2012-06-11 09:43:16.990,2272.0000,2412,0,0.0000,0.0000,0,0,空换,S,2263.0000,0.0000,0.0000,0.0000,0.0000,2272.0000,0.0000,0.0000,0.0000,0.0000,2,0,0,0,0,3,0,0,0,0
zc,WS207,2012-06-11 09:43:18.037,2272.0000,2412,0,0.0000,0.0000,0,0,空换,S,2263.0000,0.0000,0.0000,0.0000,0.0000,2272.0000,0.0000,0.0000,0.0000,0.0000,2,0,0,0,0,2,0,0,0,0
zc,WS207,2012-06-11 09:43:22.053,2272.0000,2412,0,0.0000,0.0000,0,0,空换,S,2263.0000,0.0000,0.0000,0.0000,0.0000,2272.0000,0.0000,0.0000,0.0000,0.0000,2,0,0,0,0,4,0,0,0,0
zc,WS207,2012-06-11 09:43:24.740,2272.0000,2412,0,0.0000,0.0000,0,0,空换,S,2263.0000,0.0000,0.0000,0.0000,0.0000,2272.0000,0.0000,0.0000,0.0000,0.0000,2,0,0,0,0,2,0,0,0,0
zc,WS207,2012-06-11 09:43:43.023,2272.0000,2412,0,0.0000,0.0000,0,0,空换,S,2263.0000,0.0000,0.0000,0.0000,0.0000,2272.0000,0.0000,0.0000,0.0000,0.0000,2,0,0,0,0,5,0,0,0,0
zc,WS207,2012-06-11 09:44:17.023,2272.0000,2412,0,0.0000,0.0000,0,0,空换,S,2263.0000,0.0000,0.0000,0.0000,0.0000,2272.0000,0.0000,0.0000,0.0000,0.0000,1,0,0,0,0,5,0,0,0,0
zc,WS207,2012-06-11 09:45:02.240,2272.0000,2412,0,0.0000,0.0000,0,0,空换,S,2263.0000,0.0000,0.0000,0.0000,0.0000,2272.0000,0.0000,0.0000,0.0000,0.0000,1,0,0,0,0,5,0,0,0,0
zc,WS207,2012-06-11 09:46:07.523,2272.0000,2412,0,0.0000,0.0000,0,0,空换,S,2263.0000,0.0000,0.0000,0.0000,0.0000,2271.0000,0.0000,0.0000,0.0000,0.0000,1,0,0,0,0,8,0,0,0,0
zc,WS207,2012-06-11 09:46:09.240,2272.0000,2412,0,0.0000,0.0000,0,0,空换,S,2263.0000,0.0000,0.0000,0.0000,0.0000,2271.0000,0.0000,0.0000,0.0000,0.0000,1,0,0,0,0,2,0,0,0,0
zc,WS207,2012-06-11 09:46:09.757,2272.0000,2412,0,0.0000,0.0000,0,0,空换,S,2263.0000,0.0000,0.0000,0.0000,0.0000,2272.0000,0.0000,0.0000,0.0000,0.0000,1,0,0,0,0,13,0,0,0,0
zc,WS207,2012-06-11 09:46:12.537,2272.0000,2412,0,0.0000,0.0000,0,0,空换,S,2263.0000,0.0000,0.0000,0.0000,0.0000,2271.0000,0.0000,0.0000,0.0000,0.0000,1,0,0,0,0,1,0,0,0,0
zc,WS207,2012-06-11 09:46:16.227,2272.0000,2412,0,0.0000,0.0000,0,0,空换,S,2263.0000,0.0000,0.0000,0.0000,0.0000,2271.0000,0.0000,0.0000,0.0000,0.0000,1,0,0,0,0,8,0,0,0,0
zc,WS207,2012-06-11 09:46:39.727,2272.0000,2412,0,0.0000,0.0000,0,0,空换,S,2264.0000,0.0000,0.0000,0.0000,0.0000,2271.0000,0.0000,0.0000,0.0000,0.0000,2,0,0,0,0,8,0,0,0,0
zc,WS207,2012-06-11 09:46:47.490,2272.0000,2412,0,0.0000,0.0000,0,0,空换,S,2264.0000,0.0000,0.0000,0.0000,0.0000,2272.0000,0.0000,0.0000,0.0000,0.0000,2,0,0,0,0,13,0,0,0,0
zc,WS207,2012-06-11 09:47:00.740,2272.0000,2412,0,0.0000,0.0000,0,0,空换,S,2264.0000,0.0000,0.0000,0.0000,0.0000,2271.0000,0.0000,0.0000,0.0000,0.0000,2,0,0,0,0,8,0,0,0,0
zc,WS207,2012-06-11 09:47:02.240,2272.0000,2412,0,0.0000,0.0000,0,0,空换,S,2264.0000,0.0000,0.0000,0.0000,0.0000,2271.0000,0.0000,0.0000,0.0000,0.0000,2,0,0,0,0,8,0,0,0,0
zc,WS207,2012-06-11 09:47:34.773,2272.0000,2412,0,0.0000,0.0000,0,0,空换,S,2264.0000,0.0000,0.0000,0.0000,0.0000,2270.0000,0.0000,0.0000,0.0000,0.0000,2,0,0,0,0,1,0,0,0,0
zc,WS207,2012-06-11 09:47:36.007,2272.0000,2412,0,0.0000,0.0000,0,0,空换,S,2264.0000,0.0000,0.0000,0.0000,0.0000,2270.0000,0.0000,0.0000,0.0000,0.0000,2,0,0,0,0,3,0,0,0,0
zc,WS207,2012-06-11 09:47:36.240,2272.0000,2412,0,0.0000,0.0000,0,0,空换,S,2264.0000,0.0000,0.0000,0.0000,0.0000,2270.0000,0.0000,0.0000,0.0000,0.0000,2,0,0,0,0,6,0,0,0,0
zc,WS207,2012-06-11 09:47:42.490,2272.0000,2412,0,0.0000,0.0000,0,0,空换,S,2264.0000,0.0000,0.0000,0.0000,0.0000,2270.0000,0.0000,0.0000,0.0000,0.0000,2,0,0,0,0,7,0,0,0,0
zc,WS207,2012-06-11 09:47:51.740,2272.0000,2412,0,0.0000,0.0000,0,0,空换,S,2264.0000,0.0000,0.0000,0.0000,0.0000,2270.0000,0.0000,0.0000,0.0000,0.0000,2,0,0,0,0,8,0,0,0,0
zc,WS207,2012-06-11 09:47:59.553,2272.0000,2412,0,0.0000,0.0000,0,0,空换,S,2264.0000,0.0000,0.0000,0.0000,0.0000,2269.0000,0.0000,0.0000,0.0000,0.0000,2,0,0,0,0,1,0,0,0,0
zc,WS207,2012-06-11 09:48:03.257,2272.0000,2412,0,0.0000,0.0000,0,0,空换,S,2264.0000,0.0000,0.0000,0.0000,0.0000,2269.0000,0.0000,0.0000,0.0000,0.0000,2,0,0,0,0,2,0,0,0,0
zc,WS207,2012-06-11 09:48:05.507,2272.0000,2412,0,0.0000,0.0000,0,0,空换,S,2264.0000,0.0000,0.0000,0.0000,0.0000,2269.0000,0.0000,0.0000,0.0000,0.0000,2,0,0,0,0,3,0,0,0,0
zc,WS207,2012-06-11 09:48:06.023,2272.0000,2412,0,0.0000,0.0000,0,0,空换,S,2264.0000,0.0000,0.0000,0.0000,0.0000,2269.0000,0.0000,0.0000,0.0000,0.0000,2,0,0,0,0,8,0,0,0,0
zc,WS207,2012-06-11 09:49:00.023,2272.0000,2412,0,0.0000,0.0000,0,0,空换,S,2264.0000,0.0000,0.0000,0.0000,0.0000,2270.0000,0.0000,0.0000,0.0000,0.0000,2,0,0,0,0,8,0,0,0,0
zc,WS207,2012-06-11 09:49:01.507,2272.0000,2412,0,0.0000,0.0000,0,0,空换,S,2264.0000,0.0000,0.0000,0.0000,0.0000,2269.0000,0.0000,0.0000,0.0000,0.0000,2,0,0,0,0,8,0,0,0,0
zc,WS207,2012-06-11 09:50:52.803,2272.0000,2412,0,0.0000,0.0000,0,0,空换,S,2264.0000,0.0000,0.0000,0.0000,0.0000,2269.0000,0.0000,0.0000,0.0000,0.0000,2,0,0,0,0,4,0,0,0,0
zc,WS207,2012-06-11 09:50:53.273,2272.0000,2412,0,0.0000,0.0000,0,0,空换,S,2264.0000,0.0000,0.0000,0.0000,0.0000,2269.0000,0.0000,0.0000,0.0000,0.0000,2,0,0,0,0,3,0,0,0,0
zc,WS207,2012-06-11 09:50:54.773,2272.0000,2412,0,0.0000,0.0000,0,0,空换,S,2264.0000,0.0000,0.0000,0.0000,0.0000,2270.0000,0.0000,0.0000,0.0000,0.0000,2,0,0,0,0,8,0,0,0,0
zc,WS207,2012-06-11 09:52:22.037,2272.0000,2412,0,0.0000,0.0000,0,0,空换,S,2264.0000,0.0000,0.0000,0.0000,0.0000,2269.0000,0.0000,0.0000,0.0000,0.0000,2,0,0,0,0,1,0,0,0,0
zc,WS207,2012-06-11 09:52:26.507,2272.0000,2412,0,0.0000,0.0000,0,0,空换,S,2264.0000,0.0000,0.0000,0.0000,0.0000,2269.0000,0.0000,0.0000,0.0000,0.0000,2,0,0,0,0,3,0,0,0,0
zc,WS207,2012-06-11 09:52:29.240,2272.0000,2412,0,0.0000,0.0000,0,0,空换,S,2264.0000,0.0000,0.0000,0.0000,0.0000,2269.0000,0.0000,0.0000,0.0000,0.0000,2,0,0,0,0,4,0,0,0,0
zc,WS207,2012-06-11 09:52:34.727,2272.0000,2412,0,0.0000,0.0000,0,0,空换,S,2264.0000,0.0000,0.0000,0.0000,0.0000,2269.0000,0.0000,0.0000,0.0000,0.0000,2,0,0,0,0,8,0,0,0,0
zc,WS207,2012-06-11 09:53:54.773,2272.0000,2412,0,0.0000,0.0000,0,0,空换,S,2264.0000,0.0000,0.0000,0.0000,0.0000,2268.0000,0.0000,0.0000,0.0000,0.0000,2,0,0,0,0,1,0,0,0,0
zc,WS207,2012-06-11 09:53:56.990,2272.0000,2412,0,0.0000,0.0000,0,0,空换,S,2264.0000,0.0000,0.0000,0.0000,0.0000,2268.0000,0.0000,0.0000,0.0000,0.0000,2,0,0,0,0,2,0,0,0,0
zc,WS207,2012-06-11 09:53:58.053,2272.0000,2412,0,0.0000,0.0000,0,0,空换,S,2264.0000,0.0000,0.0000,0.0000,0.0000,2268.0000,0.0000,0.0000,0.0000,0.0000,2,0,0,0,0,1,0,0,0,0
zc,WS207,2012-06-11 09:54:01.007,2272.0000,2412,0,0.0000,0.0000,0,0,空换,S,2264.0000,0.0000,0.0000,0.0000,0.0000,2268.0000,0.0000,0.0000,0.0000,0.0000,2,0,0,0,0,2,0,0,0,0
zc,WS207,2012-06-11 09:54:07.007,2272.0000,2412,0,0.0000,0.0000,0,0,空换,S,2264.0000,0.0000,0.0000,0.0000,0.0000,2268.0000,0.0000,0.0000,0.0000,0.0000,2,0,0,0,0,1,0,0,0,0
zc,WS207,2012-06-11 09:54:13.537,2272.0000,2412,0,0.0000,0.0000,0,0,空换,S,2264.0000,0.0000,0.0000,0.0000,0.0000,2268.0000,0.0000,0.0000,0.0000,0.0000,2,0,0,0,0,3,0,0,0,0
zc,WS207,2012-06-11 09:54:13.837,2272.0000,2412,0,0.0000,0.0000,0,0,空换,S,2264.0000,0.0000,0.0000,0.0000,0.0000,2268.0000,0.0000,0.0000,0.0000,0.0000,2,0,0,0,0,1,0,0,0,0
zc,WS207,2012-06-11 09:54:25.507,2272.0000,2412,0,0.0000,0.0000,0,0,空换,S,2264.0000,0.0000,0.0000,0.0000,0.0000,2268.0000,0.0000,0.0000,0.0000,0.0000,2,0,0,0,0,2,0,0,0,0
zc,WS207,2012-06-11 09:54:28.257,2272.0000,2412,0,0.0000,0.0000,0,0,空换,S,2264.0000,0.0000,0.0000,0.0000,0.0000,2268.0000,0.0000,0.0000,0.0000,0.0000,2,0,0,0,0,1,0,0,0,0
zc,WS207,2012-06-11 09:54:29.977,2272.0000,2412,0,0.0000,0.0000,0,0,空换,S,2264.0000,0.0000,0.0000,0.0000,0.0000,2268.0000,0.0000,0.0000,0.0000,0.0000,2,0,0,0,0,2,0,0,0,0
zc,WS207,2012-06-11 09:54:34.740,2272.0000,2412,0,0.0000,0.0000,0,0,空换,S,2264.0000,0.0000,0.0000,0.0000,0.0000,2268.0000,0.0000,0.0000,0.0000,0.0000,2,0,0,0,0,3,0,0,0,0
zc,WS207,2012-06-11 09:54:36.037,2272.0000,2412,0,0.0000,0.0000,0,0,空换,S,2264.0000,0.0000,0.0000,0.0000,0.0000,2268.0000,0.0000,0.0000,0.0000,0.0000,2,0,0,0,0,1,0,0,0,0
zc,WS207,2012-06-11 09:54:55.477,2272.0000,2412,0,0.0000,0.0000,0,0,空换,S,2264.0000,0.0000,0.0000,0.0000,0.0000,2268.0000,0.0000,0.0000,0.0000,0.0000,2,0,0,0,0,2,0,0,0,0
zc,WS207,2012-06-11 09:54:56.490,2272.0000,2412,0,0.0000,0.0000,0,0,空换,S,2264.0000,0.0000,0.0000,0.0000,0.0000,2268.0000,0.0000,0.0000,0.0000,0.0000,2,0,0,0,0,1,0,0,0,0
zc,WS207,2012-06-11 09:54:59.773,2272.0000,2412,0,0.0000,0.0000,0,0,空换,S,2264.0000,0.0000,0.0000,0.0000,0.0000,2268.0000,0.0000,0.0000,0.0000,0.0000,2,0,0,0,0,2,0,0,0,0
zc,WS207,2012-06-11 09:55:02.320,2272.0000,2412,0,0.0000,0.0000,0,0,空换,S,2264.0000,0.0000,0.0000,0.0000,0.0000,2268.0000,0.0000,0.0000,0.0000,0.0000,2,0,0,0,0,4,0,0,0,0
zc,WS207,2012-06-11 09:55:03.303,2272.0000,2412,0,0.0000,0.0000,0,0,空换,S,2264.0000,0.0000,0.0000,0.0000,0.0000,2268.0000,0.0000,0.0000,0.0000,0.0000,2,0,0,0,0,3,0,0,0,0
zc,WS207,2012-06-11 09:55:04.227,2272.0000,2412,0,0.0000,0.0000,0,0,空换,S,2264.0000,0.0000,0.0000,0.0000,0.0000,2268.0000,0.0000,0.0000,0.0000,0.0000,2,0,0,0,0,1,0,0,0,0
zc,WS207,2012-06-11 09:55:12.757,2272.0000,2412,0,0.0000,0.0000,0,0,空换,S,2264.0000,0.0000,0.0000,0.0000,0.0000,2268.0000,0.0000,0.0000,0.0000,0.0000,2,0,0,0,0,2,0,0,0,0
zc,WS207,2012-06-11 09:55:15.227,2272.0000,2412,0,0.0000,0.0000,0,0,空换,S,2264.0000,0.0000,0.0000,0.0000,0.0000,2268.0000,0.0000,0.0000,0.0000,0.0000,2,0,0,0,0,1,0,0,0,0
zc,WS207,2012-06-11 09:55:29.523,2272.0000,2412,0,0.0000,0.0000,0,0,空换,S,2264.0000,0.0000,0.0000,0.0000,0.0000,2268.0000,0.0000,0.0000,0.0000,0.0000,2,0,0,0,0,3,0,0,0,0
zc,WS207,2012-06-11 09:55:33.740,2272.0000,2412,0,0.0000,0.0000,0,0,空换,S,2264.0000,0.0000,0.0000,0.0000,0.0000,2268.0000,0.0000,0.0000,0.0000,0.0000,2,0,0,0,0,4,0,0,0,0
zc,WS207,2012-06-11 09:55:57.273,2272.0000,2412,0,0.0000,0.0000,0,0,空换,S,2264.0000,0.0000,0.0000,0.0000,0.0000,2268.0000,0.0000,0.0000,0.0000,0.0000,2,0,0,0,0,1,0,0,0,0
zc,WS207,2012-06-11 09:56:02.227,2272.0000,2412,0,0.0000,0.0000,0,0,空换,S,2264.0000,0.0000,0.0000,0.0000,0.0000,2268.0000,0.0000,0.0000,0.0000,0.0000,2,0,0,0,0,1,0,0,0,0
zc,WS207,2012-06-11 09:57:12.007,2272.0000,2412,0,0.0000,0.0000,0,0,空换,S,2264.0000,0.0000,0.0000,0.0000,0.0000,2268.0000,0.0000,0.0000,0.0000,0.0000,2,0,0,0,0,6,0,0,0,0
zc,WS207,2012-06-11 09:57:12.477,2272.0000,2412,0,0.0000,0.0000,0,0,空换,S,2264.0000,0.0000,0.0000,0.0000,0.0000,2268.0000,0.0000,0.0000,0.0000,0.0000,2,0,0,0,0,1,0,0,0,0
zc,WS207,2012-06-11 09:57:45.273,2272.0000,2412,0,0.0000,0.0000,0,0,空换,S,2263.0000,0.0000,0.0000,0.0000,0.0000,2268.0000,0.0000,0.0000,0.0000,0.0000,1,0,0,0,0,1,0,0,0,0
zc,WS207,2012-06-11 09:57:49.727,2272.0000,2412,0,0.0000,0.0000,0,0,空换,S,2263.0000,0.0000,0.0000,0.0000,0.0000,2268.0000,0.0000,0.0000,0.0000,0.0000,1,0,0,0,0,8,0,0,0,0
zc,WS207,2012-06-11 09:57:50.990,2272.0000,2412,0,0.0000,0.0000,0,0,空换,S,2263.0000,0.0000,0.0000,0.0000,0.0000,2268.0000,0.0000,0.0000,0.0000,0.0000,1,0,0,0,0,9,0,0,0,0
zc,WS207,2012-06-11 09:59:29.990,2272.0000,2412,0,0.0000,0.0000,0,0,空换,S,2263.0000,0.0000,0.0000,0.0000,0.0000,2267.0000,0.0000,0.0000,0.0000,0.0000,1,0,0,0,0,2,0,0,0,0
zc,WS207,2012-06-11 09:59:31.990,2272.0000,2412,0,0.0000,0.0000,0,0,空换,S,2263.0000,0.0000,0.0000,0.0000,0.0000,2267.0000,0.0000,0.0000,0.0000,0.0000,1,0,0,0,0,1,0,0,0,0
zc,WS207,2012-06-11 09:59:33.007,2272.0000,2412,0,0.0000,0.0000,0,0,空换,S,2263.0000,0.0000,0.0000,0.0000,0.0000,2267.0000,0.0000,0.0000,0.0000,0.0000,1,0,0,0,0,8,0,0,0,0
zc,WS207,2012-06-11 09:59:33.727,2272.0000,2412,0,0.0000,0.0000,0,0,空换,S,2263.0000,0.0000,0.0000,0.0000,0.0000,2267.0000,0.0000,0.0000,0.0000,0.0000,1,0,0,0,0,1,0,0,0,0
zc,WS207,2012-06-11 09:59:35.240,2272.0000,2412,0,0.0000,0.0000,0,0,空换,S,2263.0000,0.0000,0.0000,0.0000,0.0000,2268.0000,0.0000,0.0000,0.0000,0.0000,1,0,0,0,0,9,0,0,0,0
zc,WS207,2012-06-11 10:00:40.007,2272.0000,2412,0,0.0000,0.0000,0,0,空换,S,2263.0000,0.0000,0.0000,0.0000,0.0000,2268.0000,0.0000,0.0000,0.0000,0.0000,1,0,0,0,0,3,0,0,0,0
zc,WS207,2012-06-11 10:00:40.740,2272.0000,2412,0,0.0000,0.0000,0,0,空换,S,2263.0000,0.0000,0.0000,0.0000,0.0000,2268.0000,0.0000,0.0000,0.0000,0.0000,1,0,0,0,0,2,0,0,0,0
zc,WS207,2012-06-11 10:00:41.773,2272.0000,2412,0,0.0000,0.0000,0,0,空换,S,2263.0000,0.0000,0.0000,0.0000,0.0000,2268.0000,0.0000,0.0000,0.0000,0.0000,1,0,0,0,0,1,0,0,0,0
zc,WS207,2012-06-11 10:02:23.320,2272.0000,2412,0,0.0000,0.0000,0,0,空换,S,2263.0000,0.0000,0.0000,0.0000,0.0000,2268.0000,0.0000,0.0000,0.0000,0.0000,1,0,0,0,0,9,0,0,0,0
zc,WS207,2012-06-11 10:02:42.523,2272.0000,2412,0,0.0000,0.0000,0,0,空换,S,2263.0000,0.0000,0.0000,0.0000,0.0000,2268.0000,0.0000,0.0000,0.0000,0.0000,1,0,0,0,0,6,0,0,0,0
zc,WS207,2012-06-11 10:02:44.273,2272.0000,2412,0,0.0000,0.0000,0,0,空换,S,2263.0000,0.0000,0.0000,0.0000,0.0000,2268.0000,0.0000,0.0000,0.0000,0.0000,1,0,0,0,0,7,0,0,0,0
zc,WS207,2012-06-11 10:02:47.023,2272.0000,2412,0,0.0000,0.0000,0,0,空换,S,2263.0000,0.0000,0.0000,0.0000,0.0000,2268.0000,0.0000,0.0000,0.0000,0.0000,1,0,0,0,0,6,0,0,0,0
zc,WS207,2012-06-11 10:02:47.537,2272.0000,2412,0,0.0000,0.0000,0,0,空换,S,2263.0000,0.0000,0.0000,0.0000,0.0000,2268.0000,0.0000,0.0000,0.0000,0.0000,1,0,0,0,0,5,0,0,0,0
zc,WS207,2012-06-11 10:02:49.803,2272.0000,2412,0,0.0000,0.0000,0,0,空换,S,2263.0000,0.0000,0.0000,0.0000,0.0000,2268.0000,0.0000,0.0000,0.0000,0.0000,1,0,0,0,0,3,0,0,0,0
zc,WS207,2012-06-11 10:02:53.803,2272.0000,2412,0,0.0000,0.0000,0,0,空换,S,2263.0000,0.0000,0.0000,0.0000,0.0000,2268.0000,0.0000,0.0000,0.0000,0.0000,1,0,0,0,0,9,0,0,0,0
zc,WS207,2012-06-11 10:03:11.757,2272.0000,2412,0,0.0000,0.0000,0,0,空换,S,2263.0000,0.0000,0.0000,0.0000,0.0000,2267.0000,0.0000,0.0000,0.0000,0.0000,1,0,0,0,0,8,0,0,0,0
zc,WS207,2012-06-11 10:03:14.273,2272.0000,2412,0,0.0000,0.0000,0,0,空换,S,2263.0000,0.0000,0.0000,0.0000,0.0000,2265.0000,0.0000,0.0000,0.0000,0.0000,1,0,0,0,0,8,0,0,0,0
zc,WS207,2012-06-11 10:03:19.740,2272.0000,2412,0,0.0000,0.0000,0,0,空换,S,2263.0000,0.0000,0.0000,0.0000,0.0000,2265.0000,0.0000,0.0000,0.0000,0.0000,1,0,0,0,0,4,0,0,0,0
zc,WS207,2012-06-11 10:03:20.507,2272.0000,2412,0,0.0000,0.0000,0,0,空换,S,2263.0000,0.0000,0.0000,0.0000,0.0000,2266.0000,0.0000,0.0000,0.0000,0.0000,1,0,0,0,0,3,0,0,0,0
zc,WS207,2012-06-11 10:03:21.023,2272.0000,2412,0,0.0000,0.0000,0,0,空换,S,2263.0000,0.0000,0.0000,0.0000,0.0000,2266.0000,0.0000,0.0000,0.0000,0.0000,1,0,0,0,0,4,0,0,0,0
zc,WS207,2012-06-11 10:03:23.773,2272.0000,2412,0,0.0000,0.0000,0,0,空换,S,2263.0000,0.0000,0.0000,0.0000,0.0000,2266.0000,0.0000,0.0000,0.0000,0.0000,1,0,0,0,0,5,0,0,0,0
zc,WS207,2012-06-11 10:03:26.303,2272.0000,2412,0,0.0000,0.0000,0,0,空换,S,2263.0000,0.0000,0.0000,0.0000,0.0000,2265.0000,0.0000,0.0000,0.0000,0.0000,1,0,0,0,0,1,0,0,0,0
zc,WS207,2012-06-11 10:03:27.727,2272.0000,2412,0,0.0000,0.0000,0,0,空换,S,2263.0000,0.0000,0.0000,0.0000,0.0000,2265.0000,0.0000,0.0000,0.0000,0.0000,1,0,0,0,0,2,0,0,0,0
zc,WS207,2012-06-11 10:03:29.537,2272.0000,2412,0,0.0000,0.0000,0,0,空换,S,2263.0000,0.0000,0.0000,0.0000,0.0000,2264.0000,0.0000,0.0000,0.0000,0.0000,1,0,0,0,0,8,0,0,0,0
zc,WS207,2012-06-11 10:03:42.727,2263.0000,2412,0,0.0000,2.0000,1,1,空换,S,2260.0000,0.0000,0.0000,0.0000,0.0000,2264.0000,0.0000,0.0000,0.0000,0.0000,5,0,0,0,0,7,0,0,0,0
zc,WS207,2012-06-11 10:03:47.257,2263.0000,2412,0,0.0000,0.0000,0,0,空换,S,2260.0000,0.0000,0.0000,0.0000,0.0000,2263.0000,0.0000,0.0000,0.0000,0.0000,5,0,0,0,0,1,0,0,0,0
zc,WS207,2012-06-11 10:03:48.977,2263.0000,2412,0,0.0000,0.0000,0,0,空换,S,2260.0000,0.0000,0.0000,0.0000,0.0000,2262.0000,0.0000,0.0000,0.0000,0.0000,5,0,0,0,0,7,0,0,0,0
zc,WS207,2012-06-11 10:03:49.477,2263.0000,2412,0,0.0000,0.0000,0,0,空换,S,2260.0000,0.0000,0.0000,0.0000,0.0000,2263.0000,0.0000,0.0000,0.0000,0.0000,5,0,0,0,0,2,0,0,0,0
zc,WS207,2012-06-11 10:03:49.990,2263.0000,2412,0,0.0000,0.0000,0,0,空换,S,2260.0000,0.0000,0.0000,0.0000,0.0000,2264.0000,0.0000,0.0000,0.0000,0.0000,5,0,0,0,0,7,0,0,0,0
zc,WS207,2012-06-11 10:03:53.727,2263.0000,2412,0,0.0000,0.0000,0,0,空换,S,2260.0000,0.0000,0.0000,0.0000,0.0000,2263.0000,0.0000,0.0000,0.0000,0.0000,5,0,0,0,0,5,0,0,0,0
zc,WS207,2012-06-11 10:03:54.087,2263.0000,2412,0,0.0000,0.0000,0,0,空换,S,2260.0000,0.0000,0.0000,0.0000,0.0000,2264.0000,0.0000,0.0000,0.0000,0.0000,5,0,0,0,0,7,0,0,0,0
zc,WS207,2012-06-11 10:03:59.303,2263.0000,2412,0,0.0000,2.0000,1,1,空换,S,2260.0000,0.0000,0.0000,0.0000,0.0000,2263.0000,0.0000,0.0000,0.0000,0.0000,5,0,0,0,0,2,0,0,0,0
zc,WS207,2012-06-11 10:03:59.740,2263.0000,2412,0,0.0000,0.0000,0,0,空换,S,2260.0000,0.0000,0.0000,0.0000,0.0000,2263.0000,0.0000,0.0000,0.0000,0.0000,5,0,0,0,0,1,0,0,0,0
zc,WS207,2012-06-11 10:04:00.273,2263.0000,2412,0,0.0000,0.0000,0,0,空换,S,2260.0000,0.0000,0.0000,0.0000,0.0000,2263.0000,0.0000,0.0000,0.0000,0.0000,5,0,0,0,0,2,0,0,0,0
zc,WS207,2012-06-11 10:04:01.740,2263.0000,2412,0,0.0000,0.0000,0,0,空换,S,2260.0000,0.0000,0.0000,0.0000,0.0000,2263.0000,0.0000,0.0000,0.0000,0.0000,5,0,0,0,0,1,0,0,0,0
zc,WS207,2012-06-11 10:04:05.537,2263.0000,2412,0,0.0000,0.0000,0,0,空换,S,2260.0000,0.0000,0.0000,0.0000,0.0000,2264.0000,0.0000,0.0000,0.0000,0.0000,5,0,0,0,0,6,0,0,0,0
zc,WS207,2012-06-11 10:04:11.227,2263.0000,2412,0,0.0000,0.0000,0,0,空换,S,2260.0000,0.0000,0.0000,0.0000,0.0000,2265.0000,0.0000,0.0000,0.0000,0.0000,5,0,0,0,0,5,0,0,0,0
zc,WS207,2012-06-11 10:04:12.087,2263.0000,2412,0,0.0000,0.0000,0,0,空换,S,2260.0000,0.0000,0.0000,0.0000,0.0000,2265.0000,0.0000,0.0000,0.0000,0.0000,5,0,0,0,0,6,0,0,0,0
zc,WS207,2012-06-11 10:04:12.553,2263.0000,2412,0,0.0000,0.0000,0,0,空换,S,2260.0000,0.0000,0.0000,0.0000,0.0000,2264.0000,0.0000,0.0000,0.0000,0.0000,5,0,0,0,0,6,0,0,0,0
zc,WS207,2012-06-11 10:04:24.960,2263.0000,2412,0,0.0000,0.0000,0,0,空换,S,2260.0000,0.0000,0.0000,0.0000,0.0000,2261.0000,0.0000,0.0000,0.0000,0.0000,5,0,0,0,0,1,0,0,0,0
zc,WS207,2012-06-11 10:04:25.273,2263.0000,2412,0,0.0000,0.0000,0,0,空换,S,2260.0000,0.0000,0.0000,0.0000,0.0000,2264.0000,0.0000,0.0000,0.0000,0.0000,5,0,0,0,0,6,0,0,0,0
zc,WS207,2012-06-11 10:04:26.023,2263.0000,2412,0,0.0000,0.0000,0,0,空换,S,2260.0000,0.0000,0.0000,0.0000,0.0000,2261.0000,0.0000,0.0000,0.0000,0.0000,5,0,0,0,0,1,0,0,0,0
zc,WS207,2012-06-11 10:04:31.240,2260.0000,2402,-10,0.0000,10.0000,0,10,双平,S,2251.0000,0.0000,0.0000,0.0000,0.0000,2261.0000,0.0000,0.0000,0.0000,0.0000,1,0,0,0,0,1,0,0,0,0
zc,WS207,2012-06-11 10:04:31.727,2260.0000,2402,0,0.0000,0.0000,0,0,空换,S,2251.0000,0.0000,0.0000,0.0000,0.0000,2260.0000,0.0000,0.0000,0.0000,0.0000,1,0,0,0,0,1,0,0,0,0
zc,WS207,2012-06-11 10:04:32.977,2260.0000,2402,0,0.0000,0.0000,0,0,空换,S,2252.0000,0.0000,0.0000,0.0000,0.0000,2261.0000,0.0000,0.0000,0.0000,0.0000,1,0,0,0,0,1,0,0,0,0
zc,WS207,2012-06-11 10:04:34.257,2260.0000,2402,0,0.0000,0.0000,0,0,空换,S,2252.0000,0.0000,0.0000,0.0000,0.0000,2262.0000,0.0000,0.0000,0.0000,0.0000,1,0,0,0,0,1,0,0,0,0
zc,WS207,2012-06-11 10:04:34.757,2260.0000,2402,0,0.0000,0.0000,0,0,空换,S,2252.0000,0.0000,0.0000,0.0000,0.0000,2261.0000,0.0000,0.0000,0.0000,0.0000,1,0,0,0,0,1,0,0,0,0
zc,WS207,2012-06-11 10:04:36.570,2260.0000,2402,0,0.0000,0.0000,0,0,空换,S,2252.0000,0.0000,0.0000,0.0000,0.0000,2262.0000,0.0000,0.0000,0.0000,0.0000,1,0,0,0,0,1,0,0,0,0
zc,WS207,2012-06-11 10:04:36.960,2260.0000,2402,0,0.0000,0.0000,0,0,空换,S,2253.0000,0.0000,0.0000,0.0000,0.0000,2262.0000,0.0000,0.0000,0.0000,0.0000,1,0,0,0,0,1,0,0,0,0
zc,WS207,2012-06-11 10:04:38.273,2260.0000,2402,0,0.0000,0.0000,0,0,空换,S,2252.0000,0.0000,0.0000,0.0000,0.0000,2261.0000,0.0000,0.0000,0.0000,0.0000,1,0,0,0,0,1,0,0,0,0
zc,WS207,2012-06-11 10:04:42.227,2260.0000,2402,0,0.0000,0.0000,0,0,空换,S,2252.0000,0.0000,0.0000,0.0000,0.0000,2262.0000,0.0000,0.0000,0.0000,0.0000,1,0,0,0,0,1,0,0,0,0
zc,WS207,2012-06-11 10:04:45.023,2260.0000,2402,0,0.0000,0.0000,0,0,空换,S,2252.0000,0.0000,0.0000,0.0000,0.0000,2261.0000,0.0000,0.0000,0.0000,0.0000,1,0,0,0,0,1,0,0,0,0
zc,WS207,2012-06-11 10:04:46.227,2260.0000,2402,0,0.0000,0.0000,0,0,空换,S,2253.0000,0.0000,0.0000,0.0000,0.0000,2261.0000,0.0000,0.0000,0.0000,0.0000,2,0,0,0,0,1,0,0,0,0
zc,WS207,2012-06-11 10:04:47.240,2260.0000,2402,0,0.0000,0.0000,0,0,空换,S,2253.0000,0.0000,0.0000,0.0000,0.0000,2262.0000,0.0000,0.0000,0.0000,0.0000,2,0,0,0,0,1,0,0,0,0
zc,WS207,2012-06-11 10:04:47.740,2260.0000,2402,0,0.0000,0.0000,0,0,空换,S,2253.0000,0.0000,0.0000,0.0000,0.0000,2261.0000,0.0000,0.0000,0.0000,0.0000,2,0,0,0,0,1,0,0,0,0
zc,WS207,2012-06-11 10:04:48.477,2260.0000,2402,0,0.0000,0.0000,0,0,空换,S,2253.0000,0.0000,0.0000,0.0000,0.0000,2261.0000,0.0000,0.0000,0.0000,0.0000,4,0,0,0,0,1,0,0,0,0
zc,WS207,2012-06-11 10:04:49.037,2260.0000,2402,0,0.0000,0.0000,0,0,空换,S,2253.0000,0.0000,0.0000,0.0000,0.0000,2262.0000,0.0000,0.0000,0.0000,0.0000,5,0,0,0,0,1,0,0,0,0
zc,WS207,2012-06-11 10:04:51.757,2260.0000,2402,0,0.0000,0.0000,0,0,空换,S,2253.0000,0.0000,0.0000,0.0000,0.0000,2262.0000,0.0000,0.0000,0.0000,0.0000,4,0,0,0,0,1,0,0,0,0
zc,WS207,2012-06-11 10:04:53.007,2260.0000,2402,0,0.0000,0.0000,0,0,空换,S,2253.0000,0.0000,0.0000,0.0000,0.0000,2262.0000,0.0000,0.0000,0.0000,0.0000,5,0,0,0,0,1,0,0,0,0
zc,WS207,2012-06-11 10:04:53.710,2260.0000,2402,0,0.0000,0.0000,0,0,空换,S,2253.0000,0.0000,0.0000,0.0000,0.0000,2261.0000,0.0000,0.0000,0.0000,0.0000,4,0,0,0,0,1,0,0,0,0
zc,WS207,2012-06-11 10:05:11.257,2260.0000,2402,0,0.0000,0.0000,0,0,空换,S,2253.0000,0.0000,0.0000,0.0000,0.0000,2262.0000,0.0000,0.0000,0.0000,0.0000,4,0,0,0,0,1,0,0,0,0
zc,WS207,2012-06-11 10:05:12.007,2260.0000,2402,0,0.0000,0.0000,0,0,空换,S,2253.0000,0.0000,0.0000,0.0000,0.0000,2262.0000,0.0000,0.0000,0.0000,0.0000,5,0,0,0,0,1,0,0,0,0
zc,WS207,2012-06-11 10:05:25.507,2260.0000,2402,0,0.0000,0.0000,0,0,空换,S,2253.0000,0.0000,0.0000,0.0000,0.0000,2262.0000,0.0000,0.0000,0.0000,0.0000,4,0,0,0,0,1,0,0,0,0
zc,WS207,2012-06-11 10:05:26.023,2260.0000,2402,0,0.0000,0.0000,0,0,空换,S,2253.0000,0.0000,0.0000,0.0000,0.0000,2262.0000,0.0000,0.0000,0.0000,0.0000,5,0,0,0,0,1,0,0,0,0
zc,WS207,2012-06-11 10:05:26.990,2260.0000,2402,0,0.0000,0.0000,0,0,空换,S,2253.0000,0.0000,0.0000,0.0000,0.0000,2261.0000,0.0000,0.0000,0.0000,0.0000,4,0,0,0,0,1,0,0,0,0
zc,WS207,2012-06-11 10:05:30.757,2260.0000,2402,0,0.0000,0.0000,0,0,空换,S,2253.0000,0.0000,0.0000,0.0000,0.0000,2262.0000,0.0000,0.0000,0.0000,0.0000,4,0,0,0,0,1,0,0,0,0
zc,WS207,2012-06-11 10:05:31.523,2260.0000,2402,0,0.0000,0.0000,0,0,空换,S,2253.0000,0.0000,0.0000,0.0000,0.0000,2262.0000,0.0000,0.0000,0.0000,0.0000,5,0,0,0,0,1,0,0,0,0
zc,WS207,2012-06-11 10:05:34.757,2260.0000,2402,0,0.0000,0.0000,0,0,空换,S,2253.0000,0.0000,0.0000,0.0000,0.0000,2261.0000,0.0000,0.0000,0.0000,0.0000,4,0,0,0,0,1,0,0,0,0
zc,WS207,2012-06-11 10:06:35.210,2260.0000,2402,0,0.0000,0.0000,0,0,空换,S,2253.0000,0.0000,0.0000,0.0000,0.0000,2262.0000,0.0000,0.0000,0.0000,0.0000,5,0,0,0,0,1,0,0,0,0
zc,WS207,2012-06-11 10:06:51.740,2260.0000,2402,0,0.0000,0.0000,0,0,空换,S,2253.0000,0.0000,0.0000,0.0000,0.0000,2263.0000,0.0000,0.0000,0.0000,0.0000,5,0,0,0,0,1,0,0,0,0
zc,WS207,2012-06-11 10:06:52.740,2260.0000,2402,0,0.0000,0.0000,0,0,空换,S,2254.0000,0.0000,0.0000,0.0000,0.0000,2263.0000,0.0000,0.0000,0.0000,0.0000,1,0,0,0,0,1,0,0,0,0
zc,WS207,2012-06-11 10:07:02.210,2260.0000,2402,0,0.0000,0.0000,0,0,空换,S,2255.0000,0.0000,0.0000,0.0000,0.0000,2264.0000,0.0000,0.0000,0.0000,0.0000,1,0,0,0,0,1,0,0,0,0
zc,WS207,2012-06-11 10:07:25.210,2260.0000,2402,0,0.0000,0.0000,0,0,空换,S,2255.0000,0.0000,0.0000,0.0000,0.0000,2263.0000,0.0000,0.0000,0.0000,0.0000,2,0,0,0,0,1,0,0,0,0
zc,WS207,2012-06-11 10:07:39.507,2260.0000,2402,0,0.0000,0.0000,0,0,空换,S,2255.0000,0.0000,0.0000,0.0000,0.0000,2262.0000,0.0000,0.0000,0.0000,0.0000,2,0,0,0,0,1,0,0,0,0
zc,WS207,2012-06-11 10:07:39.740,2260.0000,2402,0,0.0000,0.0000,0,0,空换,S,2255.0000,0.0000,0.0000,0.0000,0.0000,2263.0000,0.0000,0.0000,0.0000,0.0000,2,0,0,0,0,1,0,0,0,0
zc,WS207,2012-06-11 10:07:40.507,2260.0000,2402,0,0.0000,0.0000,0,0,空换,S,2255.0000,0.0000,0.0000,0.0000,0.0000,2262.0000,0.0000,0.0000,0.0000,0.0000,2,0,0,0,0,1,0,0,0,0
zc,WS207,2012-06-11 10:07:40.977,2260.0000,2402,0,0.0000,0.0000,0,0,空换,S,2255.0000,0.0000,0.0000,0.0000,0.0000,2263.0000,0.0000,0.0000,0.0000,0.0000,2,0,0,0,0,1,0,0,0,0
zc,WS207,2012-06-11 10:08:22.227,2260.0000,2402,0,0.0000,0.0000,0,0,空换,S,2255.0000,0.0000,0.0000,0.0000,0.0000,2263.0000,0.0000,0.0000,0.0000,0.0000,2,0,0,0,0,2,0,0,0,0
zc,WS207,2012-06-11 10:08:36.727,2260.0000,2402,0,0.0000,0.0000,0,0,空换,S,2255.0000,0.0000,0.0000,0.0000,0.0000,2263.0000,0.0000,0.0000,0.0000,0.0000,2,0,0,0,0,1,0,0,0,0
zc,WS207,2012-06-11 10:08:46.240,2260.0000,2402,0,0.0000,0.0000,0,0,空换,S,2255.0000,0.0000,0.0000,0.0000,0.0000,2263.0000,0.0000,0.0000,0.0000,0.0000,3,0,0,0,0,1,0,0,0,0
zc,WS207,2012-06-11 10:09:24.460,2260.0000,2402,0,0.0000,0.0000,0,0,空换,S,2255.0000,0.0000,0.0000,0.0000,0.0000,2262.0000,0.0000,0.0000,0.0000,0.0000,2,0,0,0,0,1,0,0,0,0
zc,WS207,2012-06-11 10:09:27.240,2260.0000,2402,0,0.0000,0.0000,0,0,空换,S,2255.0000,0.0000,0.0000,0.0000,0.0000,2261.0000,0.0000,0.0000,0.0000,0.0000,2,0,0,0,0,1,0,0,0,0
zc,WS207,2012-06-11 10:09:30.727,2260.0000,2402,0,0.0000,0.0000,0,0,空换,S,2255.0000,0.0000,0.0000,0.0000,0.0000,2262.0000,0.0000,0.0000,0.0000,0.0000,2,0,0,0,0,1,0,0,0,0
zc,WS207,2012-06-11 10:09:33.803,2260.0000,2402,0,0.0000,0.0000,0,0,空换,S,2255.0000,0.0000,0.0000,0.0000,0.0000,2261.0000,0.0000,0.0000,0.0000,0.0000,2,0,0,0,0,1,0,0,0,0
zc,WS207,2012-06-11 10:09:35.803,2260.0000,2402,0,0.0000,0.0000,0,0,空换,S,2255.0000,0.0000,0.0000,0.0000,0.0000,2262.0000,0.0000,0.0000,0.0000,0.0000,2,0,0,0,0,1,0,0,0,0
zc,WS207,2012-06-11 10:09:36.977,2260.0000,2402,0,0.0000,0.0000,0,0,空换,S,2255.0000,0.0000,0.0000,0.0000,0.0000,2261.0000,0.0000,0.0000,0.0000,0.0000,2,0,0,0,0,1,0,0,0,0
zc,WS207,2012-06-11 10:09:39.740,2260.0000,2402,0,0.0000,0.0000,0,0,空换,S,2255.0000,0.0000,0.0000,0.0000,0.0000,2262.0000,0.0000,0.0000,0.0000,0.0000,2,0,0,0,0,1,0,0,0,0
zc,WS207,2012-06-11 10:09:49.757,2260.0000,2402,0,0.0000,0.0000,0,0,空换,S,2255.0000,0.0000,0.0000,0.0000,0.0000,2261.0000,0.0000,0.0000,0.0000,0.0000,2,0,0,0,0,1,0,0,0,0
zc,WS207,2012-06-11 10:09:51.977,2260.0000,2402,0,0.0000,0.0000,0,0,空换,S,2255.0000,0.0000,0.0000,0.0000,0.0000,2262.0000,0.0000,0.0000,0.0000,0.0000,2,0,0,0,0,1,0,0,0,0
zc,WS207,2012-06-11 10:09:56.990,2260.0000,2402,0,0.0000,0.0000,0,0,空换,S,2255.0000,0.0000,0.0000,0.0000,0.0000,2261.0000,0.0000,0.0000,0.0000,0.0000,2,0,0,0,0,1,0,0,0,0
zc,WS207,2012-06-11 10:09:59.773,2260.0000,2402,0,0.0000,0.0000,0,0,空换,S,2255.0000,0.0000,0.0000,0.0000,0.0000,2262.0000,0.0000,0.0000,0.0000,0.0000,2,0,0,0,0,1,0,0,0,0
zc,WS207,2012-06-11 10:10:05.227,2260.0000,2402,0,0.0000,0.0000,0,0,空换,S,2255.0000,0.0000,0.0000,0.0000,0.0000,2261.0000,0.0000,0.0000,0.0000,0.0000,2,0,0,0,0,1,0,0,0,0
zc,WS207,2012-06-11 10:10:27.490,2260.0000,2402,0,0.0000,0.0000,0,0,空换,S,2255.0000,0.0000,0.0000,0.0000,0.0000,2262.0000,0.0000,0.0000,0.0000,0.0000,2,0,0,0,0,1,0,0,0,0
zc,WS207,2012-06-11 10:11:35.460,2260.0000,2402,0,0.0000,0.0000,0,0,空换,S,2256.0000,0.0000,0.0000,0.0000,0.0000,2262.0000,0.0000,0.0000,0.0000,0.0000,1,0,0,0,0,1,0,0,0,0
zc,WS207,2012-06-11 10:11:51.490,2260.0000,2402,0,0.0000,0.0000,0,0,空换,S,2256.0000,0.0000,0.0000,0.0000,0.0000,2263.0000,0.0000,0.0000,0.0000,0.0000,1,0,0,0,0,2,0,0,0,0
zc,WS207,2012-06-11 10:11:56.490,2260.0000,2402,0,0.0000,0.0000,0,0,空换,S,2256.0000,0.0000,0.0000,0.0000,0.0000,2262.0000,0.0000,0.0000,0.0000,0.0000,1,0,0,0,0,1,0,0,0,0
zc,WS207,2012-06-11 10:12:02.240,2260.0000,2402,0,0.0000,0.0000,0,0,空换,S,2256.0000,0.0000,0.0000,0.0000,0.0000,2262.0000,0.0000,0.0000,0.0000,0.0000,1,0,0,0,0,1,0,0,0,0
zc,WS207,2012-06-11 10:12:07.273,2260.0000,2402,0,0.0000,0.0000,0,0,空换,S,2256.0000,0.0000,0.0000,0.0000,0.0000,2263.0000,0.0000,0.0000,0.0000,0.0000,1,0,0,0,0,2,0,0,0,0
zc,WS207,2012-06-11 10:12:09.740,2260.0000,2402,0,0.0000,0.0000,0,0,空换,S,2256.0000,0.0000,0.0000,0.0000,0.0000,2262.0000,0.0000,0.0000,0.0000,0.0000,1,0,0,0,0,1,0,0,0,0
zc,WS207,2012-06-11 10:12:14.757,2260.0000,2402,0,0.0000,0.0000,0,0,空换,S,2256.0000,0.0000,0.0000,0.0000,0.0000,2263.0000,0.0000,0.0000,0.0000,0.0000,1,0,0,0,0,2,0,0,0,0
zc,WS207,2012-06-11 10:12:32.273,2260.0000,2402,0,0.0000,0.0000,0,0,空换,S,2254.0000,0.0000,0.0000,0.0000,0.0000,2263.0000,0.0000,0.0000,0.0000,0.0000,1,0,0,0,0,2,0,0,0,0
zc,WS207,2012-06-11 10:12:33.227,2260.0000,2402,0,0.0000,0.0000,0,0,空换,S,2254.0000,0.0000,0.0000,0.0000,0.0000,2263.0000,0.0000,0.0000,0.0000,0.0000,1,0,0,0,0,1,0,0,0,0
zc,WS207,2012-06-11 10:12:44.490,2260.0000,2402,0,0.0000,0.0000,0,0,空换,S,2254.0000,0.0000,0.0000,0.0000,0.0000,2263.0000,0.0000,0.0000,0.0000,0.0000,1,0,0,0,0,2,0,0,0,0
zc,WS207,2012-06-11 10:12:45.773,2260.0000,2402,0,0.0000,0.0000,0,0,空换,S,2254.0000,0.0000,0.0000,0.0000,0.0000,2263.0000,0.0000,0.0000,0.0000,0.0000,1,0,0,0,0,1,0,0,0,0
zc,WS207,2012-06-11 10:12:48.740,2260.0000,2402,0,0.0000,0.0000,0,0,空换,S,2254.0000,0.0000,0.0000,0.0000,0.0000,2263.0000,0.0000,0.0000,0.0000,0.0000,1,0,0,0,0,2,0,0,0,0
zc,WS207,2012-06-11 10:12:55.240,2260.0000,2402,0,0.0000,0.0000,0,0,空换,S,2255.0000,0.0000,0.0000,0.0000,0.0000,2263.0000,0.0000,0.0000,0.0000,0.0000,2,0,0,0,0,2,0,0,0,0
zc,WS207,2012-06-11 10:12:59.727,2260.0000,2402,0,0.0000,0.0000,0,0,空换,S,2255.0000,0.0000,0.0000,0.0000,0.0000,2263.0000,0.0000,0.0000,0.0000,0.0000,4,0,0,0,0,2,0,0,0,0
zc,WS207,2012-06-11 10:13:02.210,2260.0000,2402,0,0.0000,0.0000,0,0,空换,S,2255.0000,0.0000,0.0000,0.0000,0.0000,2263.0000,0.0000,0.0000,0.0000,0.0000,4,0,0,0,0,2,0,0,0,0
zc,WS207,2012-06-11 10:13:26.507,2260.0000,2402,0,0.0000,0.0000,0,0,空换,S,2257.0000,0.0000,0.0000,0.0000,0.0000,2263.0000,0.0000,0.0000,0.0000,0.0000,1,0,0,0,0,2,0,0,0,0
zc,WS207,2012-06-11 10:13:32.740,2260.0000,2402,0,0.0000,0.0000,0,0,空换,S,2257.0000,0.0000,0.0000,0.0000,0.0000,2262.0000,0.0000,0.0000,0.0000,0.0000,1,0,0,0,0,1,0,0,0,0
zc,WS207,2012-06-11 10:14:18.553,2260.0000,2402,0,0.0000,0.0000,0,0,空换,S,2253.0000,0.0000,0.0000,0.0000,0.0000,2262.0000,0.0000,0.0000,0.0000,0.0000,3,0,0,0,0,1,0,0,0,0
zc,WS207,2012-06-11 10:14:45.990,2260.0000,2402,0,0.0000,0.0000,0,0,空换,S,2255.0000,0.0000,0.0000,0.0000,0.0000,2262.0000,0.0000,0.0000,0.0000,0.0000,1,0,0,0,0,1,0,0,0,0
zc,WS207,2012-06-11 10:31:11.977,2260.0000,2402,0,0.0000,0.0000,0,0,空换,S,2255.0000,0.0000,0.0000,0.0000,0.0000,2263.0000,0.0000,0.0000,0.0000,0.0000,1,0,0,0,0,2,0,0,0,0
zc,WS207,2012-06-11 10:32:24.977,2260.0000,2402,0,0.0000,0.0000,0,0,空换,S,2255.0000,0.0000,0.0000,0.0000,0.0000,2263.0000,0.0000,0.0000,0.0000,0.0000,2,0,0,0,0,1,0,0,0,0
zc,WS207,2012-06-11 10:32:32.320,2260.0000,2402,0,0.0000,0.0000,0,0,空换,S,2255.0000,0.0000,0.0000,0.0000,0.0000,2263.0000,0.0000,0.0000,0.0000,0.0000,1,0,0,0,0,2,0,0,0,0
zc,WS207,2012-06-11 10:32:34.007,2260.0000,2402,0,0.0000,0.0000,0,0,空换,S,2255.0000,0.0000,0.0000,0.0000,0.0000,2263.0000,0.0000,0.0000,0.0000,0.0000,1,0,0,0,0,1,0,0,0,0
zc,WS207,2012-06-11 10:32:36.727,2260.0000,2402,0,0.0000,0.0000,0,0,空换,S,2255.0000,0.0000,0.0000,0.0000,0.0000,2263.0000,0.0000,0.0000,0.0000,0.0000,2,0,0,0,0,1,0,0,0,0
zc,WS207,2012-06-11 10:32:43.490,2260.0000,2402,0,0.0000,0.0000,0,0,空换,S,2255.0000,0.0000,0.0000,0.0000,0.0000,2263.0000,0.0000,0.0000,0.0000,0.0000,1,0,0,0,0,2,0,0,0,0
zc,WS207,2012-06-11 10:32:44.007,2260.0000,2402,0,0.0000,0.0000,0,0,空换,S,2255.0000,0.0000,0.0000,0.0000,0.0000,2263.0000,0.0000,0.0000,0.0000,0.0000,1,0,0,0,0,1,0,0,0,0
zc,WS207,2012-06-11 10:32:45.960,2260.0000,2402,0,0.0000,0.0000,0,0,空换,S,2255.0000,0.0000,0.0000,0.0000,0.0000,2263.0000,0.0000,0.0000,0.0000,0.0000,2,0,0,0,0,1,0,0,0,0
zc,WS207,2012-06-11 10:32:54.477,2260.0000,2402,0,0.0000,0.0000,0,0,空换,S,2255.0000,0.0000,0.0000,0.0000,0.0000,2263.0000,0.0000,0.0000,0.0000,0.0000,1,0,0,0,0,1,0,0,0,0
zc,WS207,2012-06-11 10:33:09.537,2260.0000,2402,0,0.0000,0.0000,0,0,空换,S,2255.0000,0.0000,0.0000,0.0000,0.0000,2263.0000,0.0000,0.0000,0.0000,0.0000,2,0,0,0,0,1,0,0,0,0
zc,WS207,2012-06-11 10:33:40.240,2260.0000,2402,0,0.0000,0.0000,0,0,空换,S,2256.0000,0.0000,0.0000,0.0000,0.0000,2263.0000,0.0000,0.0000,0.0000,0.0000,5,0,0,0,0,1,0,0,0,0
zc,WS207,2012-06-11 10:33:56.273,2260.0000,2402,0,0.0000,0.0000,0,0,空换,S,2260.0000,0.0000,0.0000,0.0000,0.0000,2263.0000,0.0000,0.0000,0.0000,0.0000,4,0,0,0,0,1,0,0,0,0
zc,WS207,2012-06-11 10:34:09.303,2260.0000,2402,0,0.0000,0.0000,0,0,空换,S,2261.0000,0.0000,0.0000,0.0000,0.0000,2263.0000,0.0000,0.0000,0.0000,0.0000,1,0,0,0,0,1,0,0,0,0
zc,WS207,2012-06-11 10:34:42.977,2261.0000,2402,0,0.0000,2.0000,1,1,多换,B,2260.0000,0.0000,0.0000,0.0000,0.0000,2263.0000,0.0000,0.0000,0.0000,0.0000,4,0,0,0,0,1,0,0,0,0
zc,WS207,2012-06-11 10:35:13.023,2261.0000,2402,0,0.0000,0.0000,0,0,多换,B,2260.0000,0.0000,0.0000,0.0000,0.0000,2263.0000,0.0000,0.0000,0.0000,0.0000,4,0,0,0,0,2,0,0,0,0
zc,WS207,2012-06-11 10:35:16.757,2261.0000,2402,0,0.0000,0.0000,0,0,多换,B,2260.0000,0.0000,0.0000,0.0000,0.0000,2263.0000,0.0000,0.0000,0.0000,0.0000,4,0,0,0,0,1,0,0,0,0
zc,WS207,2012-06-11 10:35:38.007,2261.0000,2402,0,0.0000,0.0000,0,0,多换,B,2260.0000,0.0000,0.0000,0.0000,0.0000,2262.0000,0.0000,0.0000,0.0000,0.0000,4,0,0,0,0,1,0,0,0,0
zc,WS207,2012-06-11 10:36:50.757,2261.0000,2402,0,0.0000,0.0000,0,0,多换,B,2261.0000,0.0000,0.0000,0.0000,0.0000,2262.0000,0.0000,0.0000,0.0000,0.0000,3,0,0,0,0,1,0,0,0,0
zc,WS207,2012-06-11 10:37:27.287,2261.0000,2402,0,0.0000,6.0000,3,3,多换,B,2260.0000,0.0000,0.0000,0.0000,0.0000,2262.0000,0.0000,0.0000,0.0000,0.0000,4,0,0,0,0,1,0,0,0,0
